tradingTime,volume,price,side
2021-06-25T14:30:06,500.0,48.35,S
2021-06-25T14:30:02,500.0,48.35,S
2021-06-25T14:30:00,300.0,48.35,S
2021-06-25T14:29:39,3200.0,48.35,S
2021-06-25T14:29:39,400.0,48.35,S
2021-06-25T14:29:35,200.0,48.35,S
2021-06-25T14:29:34,100.0,48.35,S
2021-06-25T14:28:45,2000.0,48.35,S
2021-06-25T14:28:20,600.0,48.35,S
2021-06-25T14:27:44,1000.0,48.35,S
2021-06-25T14:27:36,100.0,48.35,S
2021-06-25T14:27:31,500.0,48.35,S
2021-06-25T14:27:01,1000.0,48.35,S
2021-06-25T14:26:38,500.0,48.35,S
2021-06-25T14:26:33,500.0,48.35,S
2021-06-25T14:26:32,100.0,48.35,S
2021-06-25T14:26:11,100.0,48.35,S
2021-06-25T14:25:57,400.0,48.35,S
2021-06-25T14:25:54,200.0,48.35,S
2021-06-25T14:25:53,25000.0,48.35,S
2021-06-25T14:25:49,100.0,48.35,S
2021-06-25T14:25:40,500.0,48.35,S
2021-06-25T14:25:35,100.0,48.35,S
2021-06-25T14:25:31,1500.0,48.35,S
2021-06-25T14:25:22,2000.0,48.35,S
2021-06-25T14:25:13,1000.0,48.35,S
2021-06-25T14:25:12,500.0,48.35,S
2021-06-25T14:25:09,600.0,48.35,S
2021-06-25T14:25:07,100.0,48.35,S
2021-06-25T14:25:06,100.0,48.35,S
2021-06-25T14:24:59,100.0,48.35,S
2021-06-25T14:24:58,400.0,48.35,S
2021-06-25T14:24:21,500.0,48.35,S
2021-06-25T14:24:20,100.0,48.35,S
2021-06-25T14:24:17,900.0,48.35,S
2021-06-25T14:24:01,1000.0,48.35,S
2021-06-25T14:23:59,500.0,48.35,S
2021-06-25T14:23:48,100.0,48.35,S
2021-06-25T14:23:46,500.0,48.35,S
2021-06-25T14:23:36,200.0,48.35,S
2021-06-25T14:23:31,200.0,48.35,S
2021-06-25T14:23:26,3000.0,48.35,S
2021-06-25T14:23:22,100.0,48.35,S
2021-06-25T14:23:18,100.0,48.35,S
2021-06-25T14:23:13,500.0,48.35,S
2021-06-25T14:22:44,100.0,48.35,S
2021-06-25T14:22:44,200.0,48.35,S
2021-06-25T14:22:43,500.0,48.35,S
2021-06-25T14:22:41,2000.0,48.35,S
2021-06-25T14:22:35,400.0,48.35,S
2021-06-25T14:22:33,2000.0,48.35,S
2021-06-25T14:22:18,1100.0,48.35,S
2021-06-25T14:22:11,100.0,48.35,S
2021-06-25T14:22:01,200.0,48.35,S
2021-06-25T14:21:51,100.0,48.35,S
2021-06-25T14:21:50,100.0,48.35,S
2021-06-25T14:21:48,200.0,48.35,S
2021-06-25T14:21:38,2000.0,48.35,S
2021-06-25T14:20:59,200.0,48.35,S
2021-06-25T14:20:37,2000.0,48.35,S
2021-06-25T14:20:28,300.0,48.35,S
2021-06-25T14:20:13,500.0,48.35,S
2021-06-25T14:20:08,100.0,48.35,S
2021-06-25T14:20:08,500.0,48.35,S
2021-06-25T14:19:59,1100.0,48.35,S
2021-06-25T14:19:42,2000.0,48.35,S
2021-06-25T14:19:38,5000.0,48.35,S
2021-06-25T14:19:26,1000.0,48.35,S
2021-06-25T14:18:36,100.0,48.35,S
2021-06-25T14:18:32,100.0,48.35,S
2021-06-25T14:18:32,200.0,48.35,S
2021-06-25T14:18:21,2000.0,48.35,S
2021-06-25T14:18:10,500.0,48.35,S
2021-06-25T14:18:04,100.0,48.35,S
2021-06-25T14:18:03,1000.0,48.35,S
2021-06-25T14:17:57,100.0,48.35,S
2021-06-25T14:17:32,1000.0,48.35,S
2021-06-25T14:17:15,500.0,48.35,S
2021-06-25T14:17:07,400.0,48.35,S
2021-06-25T14:16:59,200.0,48.35,S
2021-06-25T14:16:47,200.0,48.35,S
2021-06-25T14:16:43,1200.0,48.35,S
2021-06-25T14:16:37,10000.0,48.35,S
2021-06-25T14:16:31,2500.0,48.35,S
2021-06-25T14:16:30,200.0,48.35,S
2021-06-25T14:16:30,1000.0,48.35,S
2021-06-25T14:16:26,1000.0,48.35,S
2021-06-25T14:16:24,300.0,48.35,S
2021-06-25T14:16:23,300.0,48.35,S
2021-06-25T14:16:22,2000.0,48.35,S
2021-06-25T14:16:22,200.0,48.35,S
2021-06-25T14:16:16,300.0,48.35,S
2021-06-25T14:16:13,300.0,48.35,S
2021-06-25T14:16:09,200.0,48.35,S
2021-06-25T14:16:00,500.0,48.35,S
2021-06-25T14:15:58,1500.0,48.35,S
2021-06-25T14:15:56,200.0,48.35,S
2021-06-25T14:15:39,13000.0,48.35,S
2021-06-25T14:15:27,2000.0,48.35,S
2021-06-25T14:15:27,600.0,48.35,S
2021-06-25T14:15:21,200.0,48.35,S
2021-06-25T14:15:18,200.0,48.35,S
2021-06-25T14:15:16,900.0,48.35,S
2021-06-25T14:15:07,500.0,48.35,S
2021-06-25T14:15:05,3700.0,48.35,S
2021-06-25T14:14:58,200.0,48.35,S
2021-06-25T14:14:48,1000.0,48.35,S
2021-06-25T14:14:47,2000.0,48.35,S
2021-06-25T14:14:34,1000.0,48.35,S
2021-06-25T14:14:34,1000.0,48.35,S
2021-06-25T14:14:31,300.0,48.35,S
2021-06-25T14:14:31,3000.0,48.35,S
2021-06-25T14:14:27,300.0,48.35,S
2021-06-25T14:14:26,400.0,48.35,S
2021-06-25T14:14:23,500.0,48.35,S
2021-06-25T14:14:20,10000.0,48.35,S
2021-06-25T14:14:15,100.0,48.35,S
2021-06-25T14:14:11,100.0,48.35,S
2021-06-25T14:14:02,500.0,48.35,S
2021-06-25T14:13:47,7000.0,48.35,S
2021-06-25T14:13:35,1000.0,48.35,S
2021-06-25T14:13:34,1000.0,48.35,S
2021-06-25T14:13:31,100.0,48.35,S
2021-06-25T14:13:30,100.0,48.35,S
2021-06-25T14:13:29,600.0,48.35,S
2021-06-25T14:13:23,1000.0,48.35,S
2021-06-25T14:13:21,8800.0,48.35,S
2021-06-25T14:13:21,600.0,48.35,S
2021-06-25T14:13:19,100.0,48.35,S
2021-06-25T14:13:19,2000.0,48.35,S
2021-06-25T14:13:15,10300.0,48.35,S
2021-06-25T14:13:12,900.0,48.35,S
2021-06-25T14:13:11,400.0,48.35,S
2021-06-25T14:13:03,100.0,48.35,S
2021-06-25T14:13:03,200.0,48.35,S
2021-06-25T14:12:56,4000.0,48.35,S
2021-06-25T14:12:53,1000.0,48.35,S
2021-06-25T14:12:53,100.0,48.35,S
2021-06-25T14:12:47,10000.0,48.35,S
2021-06-25T14:12:45,2100.0,48.35,S
2021-06-25T14:12:45,200.0,48.35,S
2021-06-25T14:12:43,2000.0,48.35,S
2021-06-25T14:12:40,100.0,48.35,S
2021-06-25T14:12:36,200.0,48.35,S
2021-06-25T14:12:36,1000.0,48.35,S
2021-06-25T14:12:31,100.0,48.35,S
2021-06-25T14:12:28,10000.0,48.35,S
2021-06-25T14:12:27,200.0,48.35,S
2021-06-25T14:12:27,500.0,48.35,S
2021-06-25T14:12:21,100.0,48.35,S
2021-06-25T14:12:18,4000.0,48.35,S
2021-06-25T14:12:18,1000.0,48.35,S
2021-06-25T14:12:13,100.0,48.35,S
2021-06-25T14:12:11,1000.0,48.35,S
2021-06-25T14:12:07,500.0,48.35,S
2021-06-25T14:12:07,500.0,48.35,S
2021-06-25T14:12:02,300.0,48.35,S
2021-06-25T14:11:52,3200.0,48.35,S
2021-06-25T14:11:51,300.0,48.35,S
2021-06-25T14:11:49,2000.0,48.35,S
2021-06-25T14:11:48,500.0,48.35,S
2021-06-25T14:11:47,200.0,48.35,S
2021-06-25T14:11:38,1700.0,48.35,S
2021-06-25T14:11:30,900.0,48.35,S
2021-06-25T14:11:27,2000.0,48.35,S
2021-06-25T14:11:23,100.0,48.35,S
2021-06-25T14:11:22,100.0,48.35,S
2021-06-25T14:11:20,300.0,48.35,S
2021-06-25T14:11:16,100.0,48.35,S
2021-06-25T14:11:13,500.0,48.35,S
2021-06-25T14:11:12,100.0,48.35,S
2021-06-25T14:11:10,300.0,48.35,S
2021-06-25T14:11:06,2300.0,48.35,S
2021-06-25T14:11:06,2000.0,48.35,S
2021-06-25T14:11:05,2000.0,48.35,S
2021-06-25T14:11:05,8400.0,48.35,S
2021-06-25T14:11:05,37600.0,48.35,S
2021-06-25T14:11:00,100.0,48.35,S
2021-06-25T14:10:59,100.0,48.35,S
2021-06-25T14:10:51,800.0,48.35,S
2021-06-25T14:10:47,200.0,48.35,S
2021-06-25T14:10:47,500.0,48.35,S
2021-06-25T14:10:46,500.0,48.35,S
2021-06-25T14:10:43,100.0,48.35,S
2021-06-25T14:10:41,500.0,48.35,S
2021-06-25T14:10:37,100.0,48.35,S
2021-06-25T14:10:31,300.0,48.35,S
2021-06-25T14:10:29,100.0,48.35,S
2021-06-25T14:10:27,5700.0,48.35,S
2021-06-25T14:10:26,100.0,48.35,S
2021-06-25T14:10:24,100.0,48.35,S
2021-06-25T14:10:23,1100.0,48.35,S
2021-06-25T14:10:21,3000.0,48.35,S
2021-06-25T14:10:19,500.0,48.35,S
2021-06-25T14:10:19,300.0,48.35,S
2021-06-25T14:10:17,200.0,48.35,S
2021-06-25T14:10:14,200.0,48.35,S
2021-06-25T14:10:09,1000.0,48.35,S
2021-06-25T14:10:05,500.0,48.35,S
2021-06-25T14:09:54,300.0,48.35,S
2021-06-25T14:09:54,200.0,48.35,S
2021-06-25T14:09:53,4300.0,48.35,S
2021-06-25T14:09:53,5700.0,48.35,S
2021-06-25T14:09:46,100.0,48.35,S
2021-06-25T14:09:44,300.0,48.35,S
2021-06-25T14:09:43,100.0,48.35,S
2021-06-25T14:09:30,4400.0,48.35,S
2021-06-25T14:09:22,300.0,48.35,S
2021-06-25T14:09:22,1500.0,48.35,S
2021-06-25T14:09:22,200.0,48.35,S
2021-06-25T14:09:21,500.0,48.35,S
2021-06-25T14:09:17,100.0,48.35,S
2021-06-25T14:09:14,500.0,48.35,S
2021-06-25T14:09:14,600.0,48.35,S
2021-06-25T14:09:11,400.0,48.35,S
2021-06-25T14:09:11,1000.0,48.35,S
2021-06-25T14:09:02,300.0,48.35,S
2021-06-25T14:08:54,500.0,48.35,S
2021-06-25T14:08:51,2000.0,48.35,S
2021-06-25T14:08:48,500.0,48.35,S
2021-06-25T14:08:48,1700.0,48.35,S
2021-06-25T14:08:44,100.0,48.35,S
2021-06-25T14:08:42,500.0,48.35,S
2021-06-25T14:08:42,100.0,48.35,S
2021-06-25T14:08:41,100.0,48.35,S
2021-06-25T14:08:41,2000.0,48.35,S
2021-06-25T14:08:39,2000.0,48.35,S
2021-06-25T14:08:33,1300.0,48.35,S
2021-06-25T14:08:32,100.0,48.35,S
2021-06-25T14:08:29,100.0,48.35,S
2021-06-25T14:08:27,100.0,48.35,S
2021-06-25T14:08:16,5000.0,48.35,S
2021-06-25T14:08:16,3000.0,48.35,S
2021-06-25T14:08:11,1000.0,48.35,S
2021-06-25T14:08:08,1500.0,48.35,S
2021-06-25T14:08:07,300.0,48.35,S
2021-06-25T14:08:06,2000.0,48.35,S
2021-06-25T14:08:05,600.0,48.35,S
2021-06-25T14:08:02,1000.0,48.35,S
2021-06-25T14:07:57,600.0,48.35,S
2021-06-25T14:07:54,100.0,48.35,S
2021-06-25T14:07:53,500.0,48.35,S
2021-06-25T14:07:52,300.0,48.35,S
2021-06-25T14:07:42,200.0,48.35,S
2021-06-25T14:07:40,1000.0,48.35,S
2021-06-25T14:07:37,200.0,48.35,S
2021-06-25T14:07:35,1000.0,48.35,S
2021-06-25T14:07:33,400.0,48.35,S
2021-06-25T14:07:32,1000.0,48.35,S
2021-06-25T14:07:31,400.0,48.35,S
2021-06-25T14:07:31,1000.0,48.35,S
2021-06-25T14:07:27,100.0,48.35,S
2021-06-25T14:07:21,500.0,48.35,S
2021-06-25T14:07:20,1400.0,48.35,S
2021-06-25T14:07:20,8700.0,48.35,S
2021-06-25T14:07:19,500.0,48.35,S
2021-06-25T14:07:10,500.0,48.35,S
2021-06-25T14:07:08,100.0,48.35,S
2021-06-25T14:07:07,10000.0,48.35,S
2021-06-25T14:07:05,100.0,48.35,S
2021-06-25T14:07:04,1000.0,48.35,S
2021-06-25T14:07:04,500.0,48.35,S
2021-06-25T14:07:02,100.0,48.35,S
2021-06-25T14:07:02,1000.0,48.35,S
2021-06-25T14:07:02,2000.0,48.35,S
2021-06-25T14:06:59,100.0,48.35,S
2021-06-25T14:06:59,5000.0,48.35,S
2021-06-25T14:06:57,500.0,48.35,S
2021-06-25T14:06:56,1000.0,48.35,S
2021-06-25T14:06:53,500.0,48.35,S
2021-06-25T14:06:49,1500.0,48.35,S
2021-06-25T14:06:49,2600.0,48.35,S
2021-06-25T14:06:46,100.0,48.35,S
2021-06-25T14:06:44,3200.0,48.35,S
2021-06-25T14:06:41,1000.0,48.35,S
2021-06-25T14:06:40,200.0,48.35,S
2021-06-25T14:06:39,400.0,48.35,S
2021-06-25T14:06:38,3000.0,48.35,S
2021-06-25T14:06:36,300.0,48.35,S
2021-06-25T14:06:36,500.0,48.35,S
2021-06-25T14:06:35,1500.0,48.35,S
2021-06-25T14:06:34,400.0,48.35,S
2021-06-25T14:06:31,100.0,48.35,S
2021-06-25T14:06:31,500.0,48.35,S
2021-06-25T14:06:28,100.0,48.35,S
2021-06-25T14:06:27,500.0,48.35,S
2021-06-25T14:06:24,300.0,48.35,S
2021-06-25T14:06:24,5000.0,48.35,S
2021-06-25T14:06:17,100.0,48.35,S
2021-06-25T14:06:16,200.0,48.35,S
2021-06-25T14:06:15,200.0,48.35,S
2021-06-25T14:06:15,1000.0,48.35,S
2021-06-25T14:06:13,500.0,48.35,S
2021-06-25T14:06:12,100.0,48.35,S
2021-06-25T14:06:12,3000.0,48.35,S
2021-06-25T14:06:12,200.0,48.35,S
2021-06-25T14:06:10,100.0,48.35,S
2021-06-25T14:06:10,500.0,48.35,S
2021-06-25T14:06:09,100.0,48.35,S
2021-06-25T14:06:09,6900.0,48.35,S
2021-06-25T14:06:08,1000.0,48.35,S
2021-06-25T14:06:08,1000.0,48.35,S
2021-06-25T14:06:07,300.0,48.35,S
2021-06-25T14:06:06,100.0,48.35,S
2021-06-25T14:06:05,100.0,48.35,S
2021-06-25T14:06:05,900.0,48.35,S
2021-06-25T14:06:04,500.0,48.35,B
2021-06-25T14:06:02,200.0,48.35,B
2021-06-25T14:06:01,1000.0,48.35,B
2021-06-25T14:06:01,100.0,48.35,B
2021-06-25T14:06:00,100.0,48.35,B
2021-06-25T14:05:59,1000.0,48.35,B
2021-06-25T14:05:59,1100.0,48.35,B
2021-06-25T14:05:58,10000.0,48.35,B
2021-06-25T14:05:58,500.0,48.35,B
2021-06-25T14:05:57,2000.0,48.35,B
2021-06-25T14:05:57,100.0,48.35,B
2021-06-25T14:05:56,2000.0,48.35,B
2021-06-25T14:05:55,100.0,48.35,B
2021-06-25T14:05:55,1000.0,48.35,B
2021-06-25T14:05:54,100.0,48.35,B
2021-06-25T14:05:53,200.0,48.35,B
2021-06-25T14:05:52,800.0,48.35,B
2021-06-25T14:05:52,5000.0,48.35,B
2021-06-25T14:05:50,800.0,48.35,B
2021-06-25T14:05:49,1300.0,48.35,B
2021-06-25T14:05:47,500.0,48.35,B
2021-06-25T14:05:47,1000.0,48.35,B
2021-06-25T14:05:45,1000.0,48.35,B
2021-06-25T14:05:42,100.0,48.35,B
2021-06-25T14:05:39,500.0,48.35,B
2021-06-25T14:05:36,4300.0,48.35,B
2021-06-25T14:05:34,100.0,48.3,B
2021-06-25T14:05:26,300.0,48.35,B
2021-06-25T14:05:26,200.0,48.35,B
2021-06-25T14:05:26,700.0,48.35,B
2021-06-25T14:05:26,200.0,48.35,B
2021-06-25T14:05:26,6800.0,48.35,B
2021-06-25T14:05:26,600.0,48.35,B
2021-06-25T14:05:26,500.0,48.35,B
2021-06-25T14:05:26,700.0,48.35,B
2021-06-25T14:05:26,1200.0,48.35,B
2021-06-25T14:05:26,1500.0,48.35,B
2021-06-25T14:05:26,100.0,48.35,B
2021-06-25T14:05:26,2600.0,48.35,B
2021-06-25T14:05:26,1000.0,48.35,B
2021-06-25T14:05:25,400.0,48.35,B
2021-06-25T14:05:25,1100.0,48.35,B
2021-06-25T14:05:25,1600.0,48.35,B
2021-06-25T14:05:25,200.0,48.35,B
2021-06-25T14:05:25,300.0,48.35,B
2021-06-25T14:05:24,300.0,48.3,B
2021-06-25T14:05:22,1200.0,48.3,B
2021-06-25T14:05:22,2000.0,48.3,B
2021-06-25T14:05:19,500.0,48.35,B
2021-06-25T14:05:15,300.0,48.3,B
2021-06-25T14:05:11,6000.0,48.3,B
2021-06-25T14:05:11,1000.0,48.2,S
2021-06-25T14:05:10,1700.0,48.3,B
2021-06-25T14:05:10,200.0,48.3,B
2021-06-25T14:05:09,1600.0,48.1,S
2021-06-25T14:05:09,400.0,48.2,S
2021-06-25T14:05:08,2200.0,48.35,B
2021-06-25T14:05:08,6100.0,48.35,B
2021-06-25T14:05:08,1400.0,48.35,B
2021-06-25T14:05:08,2300.0,48.35,B
2021-06-25T14:05:08,600.0,48.35,B
2021-06-25T14:05:08,200.0,48.35,B
2021-06-25T14:05:08,500.0,48.35,B
2021-06-25T14:05:08,800.0,48.35,B
2021-06-25T14:05:08,1500.0,48.35,B
2021-06-25T14:05:08,51500.0,48.35,B
2021-06-25T14:05:08,1200.0,48.35,B
2021-06-25T14:05:08,400.0,48.35,B
2021-06-25T14:05:08,1000.0,48.35,B
2021-06-25T14:05:08,100.0,48.35,B
2021-06-25T14:05:08,4000.0,48.35,B
2021-06-25T14:05:08,5000.0,48.35,B
2021-06-25T14:05:07,1100.0,48.35,B
2021-06-25T14:05:07,3000.0,48.35,B
2021-06-25T14:05:07,13100.0,48.35,B
2021-06-25T14:05:07,6000.0,48.35,B
2021-06-25T14:05:07,1000.0,48.35,B
2021-06-25T14:05:07,1300.0,48.35,B
2021-06-25T14:05:07,500.0,48.35,B
2021-06-25T14:05:07,400.0,48.35,B
2021-06-25T14:05:07,8200.0,48.35,B
2021-06-25T14:05:07,6000.0,48.35,B
2021-06-25T14:05:07,400.0,48.35,B
2021-06-25T14:05:07,5000.0,48.35,B
2021-06-25T14:05:07,10000.0,48.35,B
2021-06-25T14:05:07,2400.0,48.35,B
2021-06-25T14:05:07,10500.0,48.35,B
2021-06-25T14:05:07,5800.0,48.35,B
2021-06-25T14:05:07,100.0,48.35,B
2021-06-25T14:05:07,1800.0,48.35,B
2021-06-25T14:05:07,2000.0,48.35,B
2021-06-25T14:05:07,3600.0,48.35,B
2021-06-25T14:05:07,2300.0,48.35,B
2021-06-25T14:05:07,1100.0,48.35,B
2021-06-25T14:05:07,4000.0,48.35,B
2021-06-25T14:05:07,3000.0,48.35,B
2021-06-25T14:05:07,2500.0,48.35,B
2021-06-25T14:05:07,1300.0,48.35,B
2021-06-25T14:05:06,1300.0,48.35,B
2021-06-25T14:05:06,4100.0,48.35,B
2021-06-25T14:05:06,4600.0,48.35,B
2021-06-25T14:05:06,100.0,48.35,B
2021-06-25T14:05:06,11100.0,48.35,B
2021-06-25T14:05:06,1000.0,48.35,B
2021-06-25T14:05:06,2200.0,48.3,B
2021-06-25T14:05:06,300.0,48.3,B
2021-06-25T14:05:06,1800.0,48.3,B
2021-06-25T14:05:05,100.0,48.3,B
2021-06-25T14:05:05,600.0,48.3,B
2021-06-25T14:05:05,900.0,48.3,B
2021-06-25T14:05:05,1000.0,48.3,B
2021-06-25T14:05:05,700.0,48.3,B
2021-06-25T14:05:01,9800.0,48.3,B
2021-06-25T14:04:51,100.0,48.2,S
2021-06-25T14:04:49,100.0,48.3,B
2021-06-25T14:04:48,14500.0,48.3,B
2021-06-25T14:04:48,100.0,48.3,B
2021-06-25T14:04:48,3200.0,48.3,B
2021-06-25T14:04:48,1300.0,48.3,B
2021-06-25T14:04:47,900.0,48.3,B
2021-06-25T14:04:42,5000.0,48.3,B
2021-06-25T14:04:37,300.0,48.3,B
2021-06-25T14:04:36,200.0,48.3,B
2021-06-25T14:04:32,1600.0,48.3,B
2021-06-25T14:04:32,500.0,48.3,B
2021-06-25T14:04:28,20000.0,48.3,B
2021-06-25T14:04:22,100.0,48.3,B
2021-06-25T14:04:22,900.0,48.2,S
2021-06-25T14:04:21,100.0,48.2,S
2021-06-25T14:04:15,3500.0,48.3,B
2021-06-25T14:04:10,1700.0,48.3,B
2021-06-25T14:04:08,20000.0,48.3,B
2021-06-25T14:04:06,24000.0,48.3,B
2021-06-25T14:04:05,1000.0,48.2,S
2021-06-25T14:04:01,400.0,48.2,S
2021-06-25T14:04:01,4800.0,48.2,S
2021-06-25T14:04:01,700.0,48.2,S
2021-06-25T14:03:59,100.0,48.3,B
2021-06-25T14:03:59,2000.0,48.3,B
2021-06-25T14:03:58,500.0,48.3,B
2021-06-25T14:03:55,1000.0,48.3,B
2021-06-25T14:03:53,400.0,48.3,B
2021-06-25T14:03:52,1000.0,48.3,B
2021-06-25T14:03:48,30000.0,48.3,B
2021-06-25T14:03:47,1500.0,48.3,B
2021-06-25T14:03:45,200.0,48.3,B
2021-06-25T14:03:45,400.0,48.3,B
2021-06-25T14:03:43,1000.0,48.3,B
2021-06-25T14:03:43,200.0,48.3,B
2021-06-25T14:03:36,1400.0,48.3,B
2021-06-25T14:03:35,1000.0,48.3,B
2021-06-25T14:03:31,30000.0,48.3,B
2021-06-25T14:03:25,400.0,48.3,B
2021-06-25T14:03:22,1000.0,48.3,B
2021-06-25T14:03:21,1000.0,48.3,B
2021-06-25T14:03:20,4000.0,48.3,B
2021-06-25T14:03:19,200.0,48.3,B
2021-06-25T14:03:15,200.0,48.3,B
2021-06-25T14:03:14,500.0,48.3,B
2021-06-25T14:03:13,5000.0,48.3,B
2021-06-25T14:03:11,100.0,48.3,B
2021-06-25T14:03:08,1000.0,48.3,B
2021-06-25T14:03:08,200.0,48.1,S
2021-06-25T14:03:07,4000.0,48.1,S
2021-06-25T14:03:03,1500.0,48.3,B
2021-06-25T14:02:53,2000.0,48.3,B
2021-06-25T14:02:49,5000.0,48.3,B
2021-06-25T14:02:41,22900.0,48.3,B
2021-06-25T14:02:41,5000.0,48.3,B
2021-06-25T14:02:37,1000.0,48.2,B
2021-06-25T14:02:36,700.0,48.25,B
2021-06-25T14:02:30,500.0,48.25,B
2021-06-25T14:02:24,2500.0,48.3,B
2021-06-25T14:02:24,200.0,48.3,B
2021-06-25T14:02:24,2100.0,48.3,B
2021-06-25T14:02:24,3400.0,48.3,B
2021-06-25T14:02:24,3800.0,48.3,B
2021-06-25T14:02:24,8000.0,48.3,B
2021-06-25T14:02:24,900.0,48.2,B
2021-06-25T14:02:24,500.0,48.2,B
2021-06-25T14:02:17,100.0,48.0,S
2021-06-25T14:02:16,1600.0,48.2,B
2021-06-25T14:02:16,2000.0,48.2,B
2021-06-25T14:02:12,1000.0,48.2,B
2021-06-25T14:02:06,10000.0,48.2,B
2021-06-25T14:02:06,2500.0,48.2,B
2021-06-25T14:02:05,1900.0,48.15,B
2021-06-25T14:02:05,600.0,48.1,B
2021-06-25T14:02:05,1900.0,48.1,B
2021-06-25T14:02:05,3000.0,48.1,B
2021-06-25T14:02:05,100.0,48.1,B
2021-06-25T14:02:03,10000.0,48.1,B
2021-06-25T14:01:54,2000.0,48.0,S
2021-06-25T14:01:52,100.0,48.05,S
2021-06-25T14:01:51,100.0,48.05,S
2021-06-25T14:01:49,500.0,48.05,S
2021-06-25T14:01:43,5000.0,48.1,B
2021-06-25T14:01:42,200.0,48.1,B
2021-06-25T14:01:42,900.0,48.05,B
2021-06-25T14:01:42,500.0,48.0,B
2021-06-25T14:01:40,500.0,48.0,B
2021-06-25T14:01:37,1000.0,48.0,B
2021-06-25T14:01:37,2500.0,48.0,B
2021-06-25T14:01:37,2300.0,48.0,B
2021-06-25T14:01:37,7700.0,48.0,B
2021-06-25T14:01:36,800.0,47.95,S
2021-06-25T14:01:36,8000.0,48.0,B
2021-06-25T14:01:36,800.0,48.0,B
2021-06-25T14:01:35,1200.0,48.0,B
2021-06-25T14:01:35,1000.0,48.0,B
2021-06-25T14:01:26,1900.0,48.0,B
2021-06-25T14:01:26,1100.0,48.0,B
2021-06-25T14:01:26,300.0,48.0,B
2021-06-25T14:01:25,1700.0,48.0,B
2021-06-25T14:01:24,1500.0,48.0,B
2021-06-25T14:01:24,4000.0,48.0,B
2021-06-25T14:01:24,9800.0,48.0,B
2021-06-25T14:01:24,3000.0,48.0,B
2021-06-25T14:01:24,6400.0,48.0,B
2021-06-25T14:01:23,1600.0,48.0,B
2021-06-25T14:01:23,1400.0,48.0,B
2021-06-25T14:01:23,5200.0,48.0,B
2021-06-25T14:01:23,4200.0,48.0,B
2021-06-25T14:01:23,300.0,48.0,B
2021-06-25T14:01:23,100.0,48.0,B
2021-06-25T14:01:23,1100.0,48.0,B
2021-06-25T14:01:23,4200.0,48.0,B
2021-06-25T14:01:23,4500.0,48.0,B
2021-06-25T14:01:23,12000.0,48.0,B
2021-06-25T14:01:23,1300.0,48.0,B
2021-06-25T14:01:23,1600.0,48.0,B
2021-06-25T14:01:22,5000.0,48.0,B
2021-06-25T14:01:22,1000.0,48.0,B
2021-06-25T14:01:21,100.0,48.0,B
2021-06-25T14:01:16,3000.0,48.0,B
2021-06-25T14:01:16,500.0,48.0,B
2021-06-25T14:01:13,500.0,48.0,B
2021-06-25T14:01:13,1000.0,48.0,B
2021-06-25T14:01:13,5000.0,48.0,B
2021-06-25T14:01:13,200.0,48.0,B
2021-06-25T14:01:13,500.0,48.0,B
2021-06-25T14:01:13,1100.0,48.0,B
2021-06-25T14:01:13,100.0,48.0,B
2021-06-25T14:01:13,600.0,48.0,B
2021-06-25T14:01:13,800.0,48.0,B
2021-06-25T14:01:13,5400.0,48.0,B
2021-06-25T14:01:13,1500.0,48.0,B
2021-06-25T14:01:13,5100.0,48.0,B
2021-06-25T14:01:13,1100.0,48.0,B
2021-06-25T14:01:13,400.0,48.0,B
2021-06-25T14:01:13,5500.0,48.0,B
2021-06-25T14:01:13,1200.0,48.0,B
2021-06-25T14:01:12,300.0,48.0,B
2021-06-25T14:01:10,400.0,48.0,B
2021-06-25T14:01:10,4000.0,48.0,B
2021-06-25T14:01:09,500.0,48.0,B
2021-06-25T14:01:07,500.0,48.0,B
2021-06-25T14:01:05,2000.0,48.0,B
2021-06-25T14:01:04,400.0,47.95,S
2021-06-25T14:01:01,10000.0,48.0,B
2021-06-25T14:00:53,1200.0,48.0,B
2021-06-25T14:00:51,2000.0,48.0,B
2021-06-25T14:00:51,500.0,48.0,B
2021-06-25T14:00:50,100.0,48.0,B
2021-06-25T14:00:50,1400.0,48.0,B
2021-06-25T14:00:49,1000.0,48.0,B
2021-06-25T14:00:48,500.0,48.0,B
2021-06-25T14:00:44,1500.0,48.0,B
2021-06-25T14:00:32,1000.0,48.0,B
2021-06-25T14:00:28,500.0,48.0,B
2021-06-25T14:00:26,1000.0,48.0,B
2021-06-25T14:00:22,100.0,48.0,B
2021-06-25T14:00:18,3200.0,48.0,B
2021-06-25T14:00:18,5000.0,48.0,B
2021-06-25T14:00:18,1200.0,48.0,B
2021-06-25T14:00:18,500.0,48.0,B
2021-06-25T14:00:18,3300.0,48.0,B
2021-06-25T14:00:18,1100.0,48.0,B
2021-06-25T14:00:18,300.0,48.0,B
2021-06-25T14:00:18,1000.0,48.0,B
2021-06-25T14:00:18,100.0,48.0,B
2021-06-25T14:00:18,1200.0,48.0,B
2021-06-25T14:00:18,5800.0,48.0,B
2021-06-25T14:00:14,100.0,48.0,B
2021-06-25T14:00:11,2000.0,48.0,B
2021-06-25T14:00:11,2000.0,48.0,B
2021-06-25T14:00:03,400.0,48.0,B
2021-06-25T13:59:58,1600.0,48.0,B
2021-06-25T13:59:47,2800.0,48.0,B
2021-06-25T13:59:47,700.0,48.0,B
2021-06-25T13:59:38,4400.0,47.95,B
2021-06-25T13:59:32,1000.0,47.95,B
2021-06-25T13:59:22,100.0,47.95,B
2021-06-25T13:59:16,1000.0,47.95,B
2021-06-25T13:59:11,2900.0,47.9,B
2021-06-25T13:59:04,1300.0,47.9,B
2021-06-25T13:59:04,8100.0,47.9,B
2021-06-25T13:59:04,1900.0,47.9,B
2021-06-25T13:58:57,200.0,47.9,B
2021-06-25T13:58:55,10000.0,47.9,B
2021-06-25T13:58:53,3500.0,47.9,B
2021-06-25T13:58:52,2000.0,47.9,B
2021-06-25T13:58:48,1000.0,47.9,B
2021-06-25T13:58:29,100.0,47.9,B
2021-06-25T13:58:19,1000.0,47.85,S
2021-06-25T13:58:16,500.0,47.85,S
2021-06-25T13:58:15,500.0,47.85,S
2021-06-25T13:58:15,100.0,47.85,S
2021-06-25T13:58:14,1000.0,47.85,S
2021-06-25T13:58:06,3400.0,47.85,B
2021-06-25T13:58:01,1000.0,47.85,B
2021-06-25T13:58:00,100.0,47.85,B
2021-06-25T13:57:57,500.0,47.85,B
2021-06-25T13:57:57,1300.0,47.85,B
2021-06-25T13:57:57,300.0,47.85,B
2021-06-25T13:57:56,11300.0,47.85,B
2021-06-25T13:57:55,800.0,47.85,B
2021-06-25T13:57:54,1000.0,47.8,S
2021-06-25T13:57:52,500.0,47.8,S
2021-06-25T13:57:50,2000.0,47.85,B
2021-06-25T13:57:42,100.0,47.8,S
2021-06-25T13:57:37,700.0,47.8,S
2021-06-25T13:57:33,1000.0,47.8,S
2021-06-25T13:57:25,1000.0,47.8,B
2021-06-25T13:57:25,2000.0,47.8,B
2021-06-25T13:57:25,4300.0,47.8,B
2021-06-25T13:57:25,200.0,47.8,B
2021-06-25T13:57:25,2800.0,47.8,B
2021-06-25T13:57:25,5600.0,47.8,B
2021-06-25T13:57:24,100.0,47.8,B
2021-06-25T13:57:21,9700.0,47.8,B
2021-06-25T13:57:20,100.0,47.75,S
2021-06-25T13:57:19,1800.0,47.8,B
2021-06-25T13:57:18,18200.0,47.8,B
2021-06-25T13:57:02,700.0,47.75,S
2021-06-25T13:57:00,1000.0,47.8,B
2021-06-25T13:56:59,2000.0,47.8,B
2021-06-25T13:56:59,1500.0,47.8,B
2021-06-25T13:56:59,500.0,47.8,B
2021-06-25T13:56:56,1000.0,47.75,S
2021-06-25T13:56:55,1600.0,47.8,B
2021-06-25T13:56:42,1100.0,47.8,B
2021-06-25T13:56:42,500.0,47.8,B
2021-06-25T13:56:42,22800.0,47.8,B
2021-06-25T13:56:41,5000.0,47.8,B
2021-06-25T13:56:37,200.0,47.75,S
2021-06-25T13:56:33,600.0,47.8,B
2021-06-25T13:56:31,100.0,47.8,B
2021-06-25T13:56:26,100.0,47.75,S
2021-06-25T13:56:15,2000.0,47.8,B
2021-06-25T13:56:14,2000.0,47.8,B
2021-06-25T13:56:11,500.0,47.8,B
2021-06-25T13:56:10,1500.0,47.8,B
2021-06-25T13:56:06,200.0,47.8,B
2021-06-25T13:56:06,400.0,47.8,B
2021-06-25T13:55:58,200.0,47.8,B
2021-06-25T13:55:58,500.0,47.8,B
2021-06-25T13:55:58,300.0,47.8,B
2021-06-25T13:55:56,200.0,47.75,S
2021-06-25T13:55:46,100.0,47.75,S
2021-06-25T13:55:38,300.0,47.75,S
2021-06-25T13:55:35,100.0,47.75,S
2021-06-25T13:55:33,500.0,47.75,S
2021-06-25T13:55:28,500.0,47.75,S
2021-06-25T13:55:24,100.0,47.75,S
2021-06-25T13:55:21,1000.0,47.75,S
2021-06-25T13:55:11,1900.0,47.75,S
2021-06-25T13:55:11,100.0,47.75,S
2021-06-25T13:55:00,1000.0,47.8,B
2021-06-25T13:54:47,500.0,47.75,B
2021-06-25T13:54:42,10000.0,47.8,B
2021-06-25T13:54:40,100.0,47.7,S
2021-06-25T13:54:39,1600.0,47.75,B
2021-06-25T13:54:36,2000.0,47.75,B
2021-06-25T13:54:21,1200.0,47.75,B
2021-06-25T13:54:21,400.0,47.75,B
2021-06-25T13:54:11,400.0,47.75,B
2021-06-25T13:53:49,4100.0,47.75,B
2021-06-25T13:53:49,1000.0,47.75,B
2021-06-25T13:53:47,100.0,47.75,B
2021-06-25T13:53:47,4800.0,47.75,B
2021-06-25T13:53:44,300.0,47.7,B
2021-06-25T13:53:37,2100.0,47.7,B
2021-06-25T13:53:37,600.0,47.7,B
2021-06-25T13:53:37,300.0,47.7,B
2021-06-25T13:53:37,600.0,47.7,B
2021-06-25T13:53:37,1500.0,47.7,B
2021-06-25T13:53:37,6300.0,47.7,B
2021-06-25T13:53:37,1000.0,47.7,B
2021-06-25T13:53:37,2200.0,47.7,B
2021-06-25T13:53:37,1200.0,47.7,B
2021-06-25T13:53:37,6500.0,47.7,B
2021-06-25T13:53:37,2900.0,47.7,B
2021-06-25T13:53:37,500.0,47.7,B
2021-06-25T13:53:36,4300.0,47.7,B
2021-06-25T13:53:34,3500.0,47.7,B
2021-06-25T13:53:33,1500.0,47.7,B
2021-06-25T13:53:33,9000.0,47.65,S
2021-06-25T13:53:18,6000.0,47.7,B
2021-06-25T13:53:07,100.0,47.7,B
2021-06-25T13:52:51,500.0,47.65,S
2021-06-25T13:52:33,200.0,47.7,B
2021-06-25T13:52:30,1000.0,47.65,S
2021-06-25T13:52:18,200.0,47.7,B
2021-06-25T13:52:09,1000.0,47.65,S
2021-06-25T13:51:58,1000.0,47.7,B
2021-06-25T13:51:57,300.0,47.7,B
2021-06-25T13:51:56,1000.0,47.7,B
2021-06-25T13:51:41,1000.0,47.7,B
2021-06-25T13:51:35,500.0,47.7,B
2021-06-25T13:51:29,1500.0,47.7,B
2021-06-25T13:51:26,1700.0,47.7,B
2021-06-25T13:51:25,200.0,47.65,B
2021-06-25T13:50:59,4500.0,47.7,B
2021-06-25T13:50:59,2200.0,47.7,B
2021-06-25T13:50:59,2000.0,47.7,B
2021-06-25T13:50:59,1500.0,47.7,B
2021-06-25T13:50:59,1300.0,47.7,B
2021-06-25T13:50:59,2200.0,47.7,B
2021-06-25T13:50:59,600.0,47.7,B
2021-06-25T13:50:59,15800.0,47.7,B
2021-06-25T13:50:59,18600.0,47.65,B
2021-06-25T13:50:59,1300.0,47.65,B
2021-06-25T13:50:47,100.0,47.6,S
2021-06-25T13:50:41,3200.0,47.6,B
2021-06-25T13:50:41,5400.0,47.6,B
2021-06-25T13:50:36,2000.0,47.55,S
2021-06-25T13:50:19,1500.0,47.6,B
2021-06-25T13:50:19,16200.0,47.6,B
2021-06-25T13:50:19,100.0,47.6,B
2021-06-25T13:50:19,500.0,47.6,B
2021-06-25T13:50:19,1000.0,47.6,B
2021-06-25T13:50:19,1800.0,47.6,B
2021-06-25T13:50:19,100.0,47.6,B
2021-06-25T13:50:19,7500.0,47.6,B
2021-06-25T13:50:19,600.0,47.6,B
2021-06-25T13:50:18,20700.0,47.6,B
2021-06-25T13:50:11,300.0,47.55,S
2021-06-25T13:50:03,100.0,47.55,S
2021-06-25T13:49:56,1000.0,47.6,B
2021-06-25T13:49:55,15400.0,47.55,B
2021-06-25T13:49:48,500.0,47.5,S
2021-06-25T13:49:38,1500.0,47.55,B
2021-06-25T13:49:34,5000.0,47.5,S
2021-06-25T13:49:33,1000.0,47.5,S
2021-06-25T13:49:33,900.0,47.55,B
2021-06-25T13:49:19,3000.0,47.5,S
2021-06-25T13:49:15,1600.0,47.55,B
2021-06-25T13:49:13,200.0,47.55,B
2021-06-25T13:49:04,300.0,47.55,B
2021-06-25T13:48:48,400.0,47.55,B
2021-06-25T13:48:44,100.0,47.55,B
2021-06-25T13:48:43,1500.0,47.55,B
2021-06-25T13:48:41,1500.0,47.55,S
2021-06-25T13:48:41,28500.0,47.55,S
2021-06-25T13:48:39,400.0,47.55,S
2021-06-25T13:48:36,12600.0,47.6,B
2021-06-25T13:48:36,400.0,47.6,B
2021-06-25T13:48:36,17000.0,47.6,B
2021-06-25T13:48:36,200.0,47.6,B
2021-06-25T13:48:27,100.0,47.6,B
2021-06-25T13:48:23,12000.0,47.55,S
2021-06-25T13:48:21,100.0,47.55,S
2021-06-25T13:48:04,300.0,47.6,B
2021-06-25T13:47:38,100.0,47.55,S
2021-06-25T13:47:37,1600.0,47.55,S
2021-06-25T13:47:24,1000.0,47.6,B
2021-06-25T13:47:22,100.0,47.5,S
2021-06-25T13:47:22,3400.0,47.6,B
2021-06-25T13:47:22,1500.0,47.55,B
2021-06-25T13:47:22,1600.0,47.55,B
2021-06-25T13:47:22,1500.0,47.55,B
2021-06-25T13:47:11,1100.0,47.55,B
2021-06-25T13:47:08,100.0,47.5,S
2021-06-25T13:47:03,700.0,47.5,S
2021-06-25T13:47:00,400.0,47.55,B
2021-06-25T13:46:56,400.0,47.55,B
2021-06-25T13:46:33,500.0,47.5,S
2021-06-25T13:46:30,11800.0,47.5,B
2021-06-25T13:46:28,100.0,47.45,S
2021-06-25T13:46:25,200.0,47.45,S
2021-06-25T13:46:23,1500.0,47.5,B
2021-06-25T13:46:23,200.0,47.5,B
2021-06-25T13:46:21,9300.0,47.5,B
2021-06-25T13:46:18,1000.0,47.4,B
2021-06-25T13:46:13,800.0,47.4,S
2021-06-25T13:46:13,5000.0,47.5,B
2021-06-25T13:46:10,200.0,47.45,B
2021-06-25T13:46:07,1500.0,47.45,B
2021-06-25T13:46:00,1000.0,47.45,B
2021-06-25T13:45:58,1000.0,47.45,B
2021-06-25T13:45:39,1500.0,47.45,S
2021-06-25T13:45:29,5100.0,47.4,S
2021-06-25T13:45:29,100.0,47.4,S
2021-06-25T13:45:29,1900.0,47.4,S
2021-06-25T13:45:29,1000.0,47.4,S
2021-06-25T13:45:29,200.0,47.4,S
2021-06-25T13:45:29,3700.0,47.4,S
2021-06-25T13:45:25,500.0,47.45,S
2021-06-25T13:45:19,900.0,47.45,S
2021-06-25T13:45:08,3300.0,47.45,S
2021-06-25T13:44:59,1200.0,47.5,B
2021-06-25T13:44:52,1600.0,47.45,S
2021-06-25T13:44:36,100.0,47.45,B
2021-06-25T13:44:35,1400.0,47.45,B
2021-06-25T13:44:24,200.0,47.45,B
2021-06-25T13:43:57,500.0,47.45,B
2021-06-25T13:43:52,600.0,47.45,B
2021-06-25T13:43:45,1000.0,47.4,S
2021-06-25T13:43:45,47300.0,47.45,S
2021-06-25T13:43:41,100.0,47.45,S
2021-06-25T13:43:37,4000.0,47.5,B
2021-06-25T13:43:33,1000.0,47.5,B
2021-06-25T13:43:32,200.0,47.5,B
2021-06-25T13:43:24,1000.0,47.5,B
2021-06-25T13:43:08,300.0,47.5,B
2021-06-25T13:43:03,1500.0,47.5,B
2021-06-25T13:43:03,200.0,47.45,S
2021-06-25T13:43:01,500.0,47.5,B
2021-06-25T13:42:55,1000.0,47.5,B
2021-06-25T13:42:51,500.0,47.5,B
2021-06-25T13:42:45,1000.0,47.5,B
2021-06-25T13:42:37,3200.0,47.5,B
2021-06-25T13:42:27,3800.0,47.5,B
2021-06-25T13:42:27,1200.0,47.5,B
2021-06-25T13:42:19,1500.0,47.5,B
2021-06-25T13:42:14,2000.0,47.5,B
2021-06-25T13:42:09,1000.0,47.5,S
2021-06-25T13:42:09,900.0,47.5,S
2021-06-25T13:42:09,1500.0,47.5,S
2021-06-25T13:42:09,3400.0,47.5,S
2021-06-25T13:42:09,4500.0,47.5,S
2021-06-25T13:42:09,2900.0,47.5,S
2021-06-25T13:42:09,55000.0,47.5,S
2021-06-25T13:42:09,5500.0,47.55,B
2021-06-25T13:42:02,10700.0,47.55,S
2021-06-25T13:42:02,48800.0,47.55,S
2021-06-25T13:42:02,1200.0,47.55,S
2021-06-25T13:41:57,1700.0,47.55,S
2021-06-25T13:41:57,8500.0,47.55,S
2021-06-25T13:41:54,12000.0,47.55,S
2021-06-25T13:41:53,200.0,47.55,S
2021-06-25T13:41:48,2000.0,47.55,S
2021-06-25T13:41:16,7300.0,47.55,S
2021-06-25T13:41:16,3700.0,47.55,S
2021-06-25T13:41:14,500.0,47.55,S
2021-06-25T13:41:14,1000.0,47.55,S
2021-06-25T13:41:10,300.0,47.6,B
2021-06-25T13:41:09,200.0,47.55,S
2021-06-25T13:41:05,500.0,47.55,S
2021-06-25T13:41:03,400.0,47.55,S
2021-06-25T13:41:03,600.0,47.55,S
2021-06-25T13:41:02,200.0,47.55,S
2021-06-25T13:40:57,1000.0,47.55,S
2021-06-25T13:40:54,300.0,47.6,B
2021-06-25T13:40:51,1000.0,47.55,S
2021-06-25T13:40:48,1500.0,47.6,B
2021-06-25T13:40:46,100.0,47.6,B
2021-06-25T13:40:43,500.0,47.55,S
2021-06-25T13:40:37,1000.0,47.55,S
2021-06-25T13:40:36,4300.0,47.55,S
2021-06-25T13:40:33,3700.0,47.55,S
2021-06-25T13:40:33,2300.0,47.55,S
2021-06-25T13:40:33,4100.0,47.55,S
2021-06-25T13:40:27,6300.0,47.55,S
2021-06-25T13:40:24,5000.0,47.55,S
2021-06-25T13:40:24,100.0,47.6,B
2021-06-25T13:40:23,300.0,47.6,B
2021-06-25T13:40:20,1200.0,47.55,S
2021-06-25T13:40:19,1000.0,47.55,S
2021-06-25T13:40:13,5300.0,47.55,S
2021-06-25T13:40:08,100.0,47.55,S
2021-06-25T13:40:06,200.0,47.6,B
2021-06-25T13:40:05,3000.0,47.55,S
2021-06-25T13:40:01,1500.0,47.6,B
2021-06-25T13:40:00,1000.0,47.6,B
2021-06-25T13:39:45,100.0,47.6,B
2021-06-25T13:39:43,2000.0,47.6,B
2021-06-25T13:39:41,800.0,47.55,S
2021-06-25T13:39:40,5000.0,47.55,S
2021-06-25T13:39:36,4000.0,47.55,S
2021-06-25T13:39:28,2000.0,47.55,S
2021-06-25T13:39:24,5000.0,47.6,B
2021-06-25T13:39:19,100.0,47.6,B
2021-06-25T13:39:05,300.0,47.55,S
2021-06-25T13:39:01,300.0,47.55,S
2021-06-25T13:38:55,2000.0,47.55,S
2021-06-25T13:38:50,10000.0,47.6,B
2021-06-25T13:38:33,2000.0,47.6,B
2021-06-25T13:38:26,300.0,47.55,S
2021-06-25T13:38:22,400.0,47.6,B
2021-06-25T13:38:20,1800.0,47.55,S
2021-06-25T13:38:19,4000.0,47.6,B
2021-06-25T13:38:16,200.0,47.6,B
2021-06-25T13:38:15,200.0,47.55,S
2021-06-25T13:38:14,100.0,47.6,B
2021-06-25T13:38:14,100.0,47.55,S
2021-06-25T13:38:11,500.0,47.55,S
2021-06-25T13:38:05,100.0,47.55,S
2021-06-25T13:38:05,400.0,47.55,S
2021-06-25T13:37:55,1000.0,47.55,S
2021-06-25T13:37:48,100.0,47.55,S
2021-06-25T13:37:37,300.0,47.55,S
2021-06-25T13:37:34,100.0,47.55,S
2021-06-25T13:37:34,200.0,47.55,S
2021-06-25T13:37:33,200.0,47.55,S
2021-06-25T13:37:30,100.0,47.55,S
2021-06-25T13:37:27,200.0,47.6,B
2021-06-25T13:37:24,100.0,47.55,S
2021-06-25T13:37:20,1000.0,47.55,S
2021-06-25T13:37:17,500.0,47.55,S
2021-06-25T13:37:10,1000.0,47.55,S
2021-06-25T13:37:10,300.0,47.55,S
2021-06-25T13:37:06,100.0,47.6,B
2021-06-25T13:37:06,100.0,47.55,S
2021-06-25T13:37:04,600.0,47.6,B
2021-06-25T13:36:57,1800.0,47.55,S
2021-06-25T13:36:57,1000.0,47.55,S
2021-06-25T13:36:51,3000.0,47.55,S
2021-06-25T13:36:50,200.0,47.55,S
2021-06-25T13:36:45,100.0,47.55,S
2021-06-25T13:36:34,1100.0,47.55,S
2021-06-25T13:36:31,100.0,47.55,S
2021-06-25T13:36:31,1000.0,47.6,B
2021-06-25T13:36:29,20000.0,47.55,S
2021-06-25T13:36:22,100.0,47.6,B
2021-06-25T13:36:18,200.0,47.55,S
2021-06-25T13:36:15,500.0,47.55,S
2021-06-25T13:36:03,200.0,47.55,S
2021-06-25T13:36:01,100.0,47.55,S
2021-06-25T13:35:59,2100.0,47.55,B
2021-06-25T13:35:59,7700.0,47.55,B
2021-06-25T13:35:48,1400.0,47.55,B
2021-06-25T13:35:48,3000.0,47.55,B
2021-06-25T13:35:40,1000.0,47.55,B
2021-06-25T13:35:40,300.0,47.55,B
2021-06-25T13:35:26,1500.0,47.55,B
2021-06-25T13:35:24,700.0,47.55,B
2021-06-25T13:35:18,1000.0,47.55,B
2021-06-25T13:35:17,1000.0,47.55,B
2021-06-25T13:35:14,200.0,47.55,B
2021-06-25T13:35:01,1000.0,47.55,B
2021-06-25T13:34:56,1700.0,47.55,S
2021-06-25T13:34:56,37100.0,47.55,S
2021-06-25T13:34:51,200.0,47.55,S
2021-06-25T13:34:47,500.0,47.55,S
2021-06-25T13:34:47,2000.0,47.55,S
2021-06-25T13:34:43,1000.0,47.6,B
2021-06-25T13:34:39,7200.0,47.55,S
2021-06-25T13:34:34,1600.0,47.5,S
2021-06-25T13:34:30,300.0,47.55,B
2021-06-25T13:34:25,5000.0,47.55,B
2021-06-25T13:34:20,100.0,47.5,S
2021-06-25T13:34:20,100.0,47.55,S
2021-06-25T13:34:18,400.0,47.55,S
2021-06-25T13:34:12,100.0,47.55,B
2021-06-25T13:34:05,500.0,47.55,S
2021-06-25T13:34:03,2000.0,47.6,B
2021-06-25T13:34:01,700.0,47.6,B
2021-06-25T13:34:00,3000.0,47.55,S
2021-06-25T13:33:48,3300.0,47.55,B
2021-06-25T13:33:47,500.0,47.55,B
2021-06-25T13:33:42,300.0,47.5,S
2021-06-25T13:33:41,5000.0,47.55,B
2021-06-25T13:33:39,1000.0,47.5,S
2021-06-25T13:33:35,1000.0,47.5,S
2021-06-25T13:33:20,10000.0,47.5,S
2021-06-25T13:33:18,1000.0,47.5,S
2021-06-25T13:33:16,100.0,47.5,S
2021-06-25T13:33:15,2000.0,47.55,B
2021-06-25T13:33:09,1500.0,47.55,B
2021-06-25T13:33:00,3000.0,47.55,B
2021-06-25T13:33:00,300.0,47.5,S
2021-06-25T13:32:51,1900.0,47.55,B
2021-06-25T13:32:51,2800.0,47.55,B
2021-06-25T13:32:45,4000.0,47.55,B
2021-06-25T13:32:37,16600.0,47.55,S
2021-06-25T13:32:35,100.0,47.6,S
2021-06-25T13:32:31,1000.0,47.6,S
2021-06-25T13:32:29,500.0,47.6,S
2021-06-25T13:32:29,1500.0,47.6,S
2021-06-25T13:32:29,500.0,47.6,S
2021-06-25T13:32:29,2000.0,47.6,S
2021-06-25T13:32:27,300.0,47.6,S
2021-06-25T13:32:25,400.0,47.6,S
2021-06-25T13:32:24,500.0,47.6,S
2021-06-25T13:32:21,300.0,47.6,S
2021-06-25T13:32:18,5000.0,47.6,S
2021-06-25T13:32:03,1000.0,47.6,S
2021-06-25T13:31:40,3000.0,47.55,S
2021-06-25T13:31:39,500.0,47.7,B
2021-06-25T13:31:39,1100.0,47.7,B
2021-06-25T13:31:23,5000.0,47.7,B
2021-06-25T13:31:22,8800.0,47.7,B
2021-06-25T13:31:22,1200.0,47.65,B
2021-06-25T13:31:21,100.0,47.55,S
2021-06-25T13:31:11,500.0,47.55,S
2021-06-25T13:31:09,2000.0,47.55,S
2021-06-25T13:31:08,5400.0,47.6,B
2021-06-25T13:30:53,40100.0,47.6,S
2021-06-25T13:30:53,3400.0,47.6,S
2021-06-25T13:30:51,300.0,47.65,S
2021-06-25T13:30:44,200.0,47.6,S
2021-06-25T13:30:40,800.0,47.7,S
2021-06-25T13:30:35,10000.0,47.7,S
2021-06-25T13:30:33,200.0,47.7,S
2021-06-25T13:30:31,1700.0,47.7,S
2021-06-25T13:30:23,100.0,47.7,S
2021-06-25T13:30:16,1000.0,47.7,B
2021-06-25T13:30:14,100.0,47.7,B
2021-06-25T13:30:14,3000.0,47.7,B
2021-06-25T13:30:13,700.0,47.6,S
2021-06-25T13:30:13,300.0,47.6,S
2021-06-25T13:30:09,1300.0,47.7,B
2021-06-25T13:30:08,100.0,47.7,B
2021-06-25T13:30:07,1000.0,47.65,S
2021-06-25T13:30:06,3000.0,47.75,B
2021-06-25T13:30:06,1000.0,47.65,S
2021-06-25T13:29:58,5500.0,47.75,B
2021-06-25T13:29:52,600.0,47.7,B
2021-06-25T13:29:52,14400.0,47.7,B
2021-06-25T13:29:51,600.0,47.6,S
2021-06-25T13:29:50,500.0,47.7,B
2021-06-25T13:29:46,2600.0,47.65,S
2021-06-25T13:29:37,100.0,47.7,S
2021-06-25T13:29:27,300.0,47.7,B
2021-06-25T13:29:22,6100.0,47.6,S
2021-06-25T13:29:20,13800.0,47.6,S
2021-06-25T13:29:20,100.0,47.7,B
2021-06-25T13:29:18,1000.0,47.7,B
2021-06-25T13:29:18,200.0,47.7,B
2021-06-25T13:29:18,2800.0,47.7,B
2021-06-25T13:29:18,4600.0,47.7,B
2021-06-25T13:29:18,800.0,47.7,B
2021-06-25T13:29:18,500.0,47.7,B
2021-06-25T13:29:18,2500.0,47.7,B
2021-06-25T13:29:17,13100.0,47.7,B
2021-06-25T13:29:15,300.0,47.7,B
2021-06-25T13:29:15,1000.0,47.7,B
2021-06-25T13:29:15,100.0,47.6,S
2021-06-25T13:29:13,100.0,47.6,S
2021-06-25T13:29:10,3200.0,47.7,B
2021-06-25T13:29:03,1500.0,47.6,S
2021-06-25T13:29:03,4700.0,47.65,B
2021-06-25T13:28:57,100.0,47.6,S
2021-06-25T13:28:53,100.0,47.6,S
2021-06-25T13:28:52,3000.0,47.6,S
2021-06-25T13:28:52,300.0,47.6,S
2021-06-25T13:28:49,7700.0,47.6,B
2021-06-25T13:28:42,2900.0,47.6,B
2021-06-25T13:28:37,5000.0,47.6,B
2021-06-25T13:28:35,4300.0,47.6,B
2021-06-25T13:28:30,800.0,47.6,B
2021-06-25T13:28:27,100.0,47.5,S
2021-06-25T13:28:25,1500.0,47.5,S
2021-06-25T13:28:25,2200.0,47.6,B
2021-06-25T13:28:23,5000.0,47.6,B
2021-06-25T13:28:21,500.0,47.5,S
2021-06-25T13:28:21,1200.0,47.5,S
2021-06-25T13:28:18,5000.0,47.5,S
2021-06-25T13:28:17,500.0,47.5,S
2021-06-25T13:28:16,800.0,47.55,B
2021-06-25T13:28:12,200.0,47.5,S
2021-06-25T13:28:09,100.0,47.5,S
2021-06-25T13:28:05,500.0,47.5,B
2021-06-25T13:28:00,20000.0,47.5,B
2021-06-25T13:27:59,600.0,47.5,B
2021-06-25T13:27:57,200.0,47.5,B
2021-06-25T13:27:56,1000.0,47.5,B
2021-06-25T13:27:52,9800.0,47.5,B
2021-06-25T13:27:52,2200.0,47.5,B
2021-06-25T13:27:50,10000.0,47.5,B
2021-06-25T13:27:49,200.0,47.45,S
2021-06-25T13:27:49,1300.0,47.5,B
2021-06-25T13:27:45,200.0,47.5,B
2021-06-25T13:27:45,1600.0,47.5,B
2021-06-25T13:27:45,18200.0,47.5,B
2021-06-25T13:27:32,6600.0,47.45,B
2021-06-25T13:27:27,700.0,47.4,B
2021-06-25T13:27:25,200.0,47.4,B
2021-06-25T13:27:14,100.0,47.4,B
2021-06-25T13:27:14,300.0,47.4,B
2021-06-25T13:27:08,3000.0,47.3,S
2021-06-25T13:27:03,1500.0,47.3,B
2021-06-25T13:27:03,49900.0,47.3,B
2021-06-25T13:27:03,3500.0,47.3,B
2021-06-25T13:27:03,500.0,47.3,B
2021-06-25T13:27:01,1000.0,47.3,B
2021-06-25T13:26:58,100.0,47.3,B
2021-06-25T13:26:57,500.0,47.3,B
2021-06-25T13:26:55,200.0,47.2,S
2021-06-25T13:26:53,1500.0,47.3,B
2021-06-25T13:26:43,500.0,47.3,B
2021-06-25T13:26:40,3000.0,47.3,B
2021-06-25T13:26:37,4000.0,47.2,B
2021-06-25T13:26:37,300.0,47.2,B
2021-06-25T13:26:37,62300.0,47.2,B
2021-06-25T13:26:36,5000.0,47.2,B
2021-06-25T13:26:31,2000.0,47.2,B
2021-06-25T13:26:29,5000.0,47.2,B
2021-06-25T13:26:28,10000.0,47.2,B
2021-06-25T13:26:27,6100.0,47.2,B
2021-06-25T13:26:27,1400.0,47.15,B
2021-06-25T13:26:27,1000.0,47.15,B
2021-06-25T13:26:26,200.0,47.15,B
2021-06-25T13:26:26,100.0,47.1,S
2021-06-25T13:26:22,100.0,47.1,S
2021-06-25T13:26:20,200.0,47.1,S
2021-06-25T13:26:19,1000.0,47.15,B
2021-06-25T13:26:12,100.0,47.1,S
2021-06-25T13:26:12,100.0,47.1,S
2021-06-25T13:26:04,4300.0,47.1,B
2021-06-25T13:26:04,100.0,47.1,B
2021-06-25T13:26:04,300.0,47.1,B
2021-06-25T13:26:04,33300.0,47.1,B
2021-06-25T13:26:03,1000.0,47.1,B
2021-06-25T13:26:03,2300.0,47.1,B
2021-06-25T13:25:54,2000.0,47.1,B
2021-06-25T13:25:49,200.0,47.0,S
2021-06-25T13:25:44,200.0,47.1,B
2021-06-25T13:25:37,20000.0,47.1,B
2021-06-25T13:25:35,100.0,47.0,B
2021-06-25T13:25:35,1000.0,47.1,B
2021-06-25T13:25:33,1500.0,47.0,B
2021-06-25T13:25:33,500.0,47.0,B
2021-06-25T13:25:33,16200.0,47.0,B
2021-06-25T13:25:33,10800.0,47.0,B
2021-06-25T13:25:33,700.0,47.0,B
2021-06-25T13:25:33,1200.0,47.0,B
2021-06-25T13:25:33,18900.0,47.0,B
2021-06-25T13:25:33,500.0,47.0,B
2021-06-25T13:25:31,7400.0,47.0,B
2021-06-25T13:25:30,500.0,47.0,B
2021-06-25T13:25:29,1000.0,47.0,B
2021-06-25T13:25:29,900.0,47.0,B
2021-06-25T13:25:22,17300.0,47.0,B
2021-06-25T13:25:22,24700.0,47.0,B
2021-06-25T13:25:17,20000.0,47.0,B
2021-06-25T13:25:11,1300.0,47.0,B
2021-06-25T13:25:10,10000.0,47.0,B
2021-06-25T13:25:10,300.0,46.95,S
2021-06-25T13:25:00,1000.0,47.0,B
2021-06-25T13:24:52,1300.0,47.0,B
2021-06-25T13:24:43,1000.0,47.0,B
2021-06-25T13:24:39,100.0,46.95,S
2021-06-25T13:24:30,200.0,47.0,B
2021-06-25T13:24:08,500.0,46.95,B
2021-06-25T13:24:04,2200.0,47.0,B
2021-06-25T13:24:04,2800.0,46.95,B
2021-06-25T13:24:02,900.0,46.9,S
2021-06-25T13:23:55,2400.0,46.9,S
2021-06-25T13:23:55,100.0,46.9,S
2021-06-25T13:23:55,4000.0,46.95,B
2021-06-25T13:23:54,1400.0,46.95,B
2021-06-25T13:23:48,100.0,46.9,S
2021-06-25T13:23:48,200.0,46.95,B
2021-06-25T13:23:46,300.0,46.9,S
2021-06-25T13:23:44,1400.0,46.9,S
2021-06-25T13:23:44,600.0,46.9,S
2021-06-25T13:23:40,300.0,46.9,S
2021-06-25T13:23:40,1000.0,46.9,S
2021-06-25T13:23:32,300.0,46.95,B
2021-06-25T13:23:25,1000.0,46.95,B
2021-06-25T13:23:19,1300.0,46.95,B
2021-06-25T13:23:13,2000.0,46.95,S
2021-06-25T13:23:10,700.0,46.95,S
2021-06-25T13:23:07,800.0,46.95,S
2021-06-25T13:23:06,2000.0,46.95,S
2021-06-25T13:23:00,300.0,46.95,S
2021-06-25T13:22:58,1700.0,47.0,B
2021-06-25T13:22:51,1000.0,46.95,S
2021-06-25T13:22:44,100.0,47.0,B
2021-06-25T13:22:40,1000.0,46.95,S
2021-06-25T13:22:38,1000.0,47.0,B
2021-06-25T13:22:37,3300.0,47.0,B
2021-06-25T13:22:36,200.0,47.0,B
2021-06-25T13:22:35,1300.0,47.0,B
2021-06-25T13:22:34,200.0,47.0,B
2021-06-25T13:22:31,1000.0,47.0,B
2021-06-25T13:22:31,200.0,47.0,B
2021-06-25T13:22:29,200.0,47.0,B
2021-06-25T13:22:27,300.0,47.0,B
2021-06-25T13:22:24,10000.0,47.0,B
2021-06-25T13:22:21,600.0,46.95,S
2021-06-25T13:22:20,5000.0,47.0,S
2021-06-25T13:22:20,1300.0,47.0,S
2021-06-25T13:22:15,11400.0,47.0,S
2021-06-25T13:22:14,3300.0,47.0,S
2021-06-25T13:22:12,100.0,47.1,B
2021-06-25T13:22:08,500.0,47.0,S
2021-06-25T13:22:03,1100.0,47.0,S
2021-06-25T13:22:03,900.0,47.0,S
2021-06-25T13:22:03,5300.0,47.0,S
2021-06-25T13:21:55,1000.0,47.0,S
2021-06-25T13:21:55,100.0,47.0,S
2021-06-25T13:21:55,1000.0,47.1,B
2021-06-25T13:21:53,300.0,47.0,S
2021-06-25T13:21:49,100.0,47.1,B
2021-06-25T13:21:46,500.0,47.0,S
2021-06-25T13:21:46,400.0,47.0,S
2021-06-25T13:21:42,5000.0,47.0,S
2021-06-25T13:21:41,500.0,47.0,S
2021-06-25T13:21:40,1700.0,47.1,B
2021-06-25T13:21:38,3600.0,47.0,S
2021-06-25T13:21:36,6700.0,47.0,S
2021-06-25T13:21:36,200.0,47.0,S
2021-06-25T13:21:36,1000.0,47.0,S
2021-06-25T13:21:36,70800.0,47.0,S
2021-06-25T13:21:33,100.0,47.0,S
2021-06-25T13:21:33,500.0,47.0,S
2021-06-25T13:21:27,300.0,47.0,S
2021-06-25T13:21:27,200.0,47.05,S
2021-06-25T13:21:06,1200.0,47.0,S
2021-06-25T13:21:06,18800.0,47.0,S
2021-06-25T13:21:06,1000.0,47.1,S
2021-06-25T13:21:05,100.0,47.2,B
2021-06-25T13:20:58,700.0,47.1,S
2021-06-25T13:20:53,400.0,47.1,S
2021-06-25T13:20:45,1000.0,47.0,S
2021-06-25T13:20:42,1000.0,47.1,S
2021-06-25T13:20:34,2000.0,47.2,B
2021-06-25T13:20:33,200.0,47.1,S
2021-06-25T13:20:31,100.0,47.1,S
2021-06-25T13:20:28,1300.0,47.2,B
2021-06-25T13:20:26,500.0,47.0,S
2021-06-25T13:20:26,4000.0,47.0,S
2021-06-25T13:20:25,1500.0,47.0,S
2021-06-25T13:20:25,3000.0,47.0,S
2021-06-25T13:20:25,3200.0,47.0,S
2021-06-25T13:20:25,600.0,47.0,S
2021-06-25T13:20:25,1000.0,47.0,S
2021-06-25T13:20:25,7000.0,47.0,S
2021-06-25T13:20:25,2000.0,47.0,S
2021-06-25T13:20:25,12000.0,47.0,S
2021-06-25T13:20:25,100.0,47.0,S
2021-06-25T13:20:25,400.0,47.0,S
2021-06-25T13:20:25,11400.0,47.05,S
2021-06-25T13:20:25,800.0,47.1,S
2021-06-25T13:20:25,2500.0,47.1,S
2021-06-25T13:20:21,10000.0,47.2,B
2021-06-25T13:20:21,100.0,47.1,S
2021-06-25T13:20:19,1300.0,47.2,B
2021-06-25T13:20:16,2000.0,47.2,B
2021-06-25T13:20:12,3800.0,47.1,S
2021-06-25T13:20:10,2000.0,47.2,B
2021-06-25T13:20:07,700.0,47.2,B
2021-06-25T13:20:06,3000.0,47.1,S
2021-06-25T13:19:59,300.0,47.1,S
2021-06-25T13:19:56,1500.0,47.1,S
2021-06-25T13:19:53,200.0,47.1,S
2021-06-25T13:19:52,100.0,47.1,S
2021-06-25T13:19:51,5000.0,47.2,B
2021-06-25T13:19:47,300.0,47.1,S
2021-06-25T13:19:47,200.0,47.15,S
2021-06-25T13:19:46,4000.0,47.2,B
2021-06-25T13:19:39,400.0,47.1,S
2021-06-25T13:19:38,3000.0,47.1,S
2021-06-25T13:19:37,1000.0,47.1,S
2021-06-25T13:19:35,500.0,47.2,B
2021-06-25T13:19:35,100.0,47.1,S
2021-06-25T13:19:35,500.0,47.1,S
2021-06-25T13:19:35,1400.0,47.1,S
2021-06-25T13:19:34,500.0,47.1,S
2021-06-25T13:19:32,100.0,47.2,B
2021-06-25T13:19:31,6100.0,47.2,B
2021-06-25T13:19:31,500.0,47.2,B
2021-06-25T13:19:26,5200.0,47.1,S
2021-06-25T13:19:26,200.0,47.15,B
2021-06-25T13:19:24,100.0,47.1,S
2021-06-25T13:19:24,500.0,47.1,S
2021-06-25T13:19:21,200.0,47.1,S
2021-06-25T13:19:17,400.0,47.1,S
2021-06-25T13:19:10,100.0,47.1,S
2021-06-25T13:19:10,2000.0,47.1,S
2021-06-25T13:19:09,1700.0,47.2,B
2021-06-25T13:19:08,1000.0,47.15,S
2021-06-25T13:19:04,3000.0,47.2,S
2021-06-25T13:18:56,1000.0,47.1,S
2021-06-25T13:18:55,200.0,47.2,S
2021-06-25T13:18:52,1400.0,47.1,S
2021-06-25T13:18:50,200.0,47.3,B
2021-06-25T13:18:48,500.0,47.3,B
2021-06-25T13:18:48,300.0,47.3,B
2021-06-25T13:18:48,4200.0,47.3,B
2021-06-25T13:18:46,1300.0,47.2,S
2021-06-25T13:18:41,500.0,47.2,S
2021-06-25T13:18:39,3000.0,47.2,S
2021-06-25T13:18:32,3200.0,47.2,S
2021-06-25T13:18:31,2500.0,47.3,S
2021-06-25T13:18:30,100.0,47.3,S
2021-06-25T13:18:29,300.0,47.3,S
2021-06-25T13:18:29,700.0,47.3,S
2021-06-25T13:18:24,3000.0,47.3,S
2021-06-25T13:18:20,5700.0,47.4,B
2021-06-25T13:18:18,100.0,47.3,S
2021-06-25T13:18:14,200.0,47.3,S
2021-06-25T13:18:11,1000.0,47.4,B
2021-06-25T13:18:09,200.0,47.3,S
2021-06-25T13:18:09,200.0,47.4,B
2021-06-25T13:18:09,3200.0,47.4,B
2021-06-25T13:18:05,12800.0,47.3,S
2021-06-25T13:18:03,200.0,47.4,S
2021-06-25T13:18:02,100.0,47.4,S
2021-06-25T13:18:00,300.0,47.45,S
2021-06-25T13:17:58,1000.0,47.45,S
2021-06-25T13:17:56,6000.0,47.4,S
2021-06-25T13:17:55,200.0,47.4,S
2021-06-25T13:17:49,200.0,47.4,S
2021-06-25T13:17:48,200.0,47.4,S
2021-06-25T13:17:46,600.0,47.5,B
2021-06-25T13:17:46,2900.0,47.45,S
2021-06-25T13:17:46,200.0,47.45,S
2021-06-25T13:17:46,900.0,47.45,S
2021-06-25T13:17:45,200.0,47.5,B
2021-06-25T13:17:45,2000.0,47.5,B
2021-06-25T13:17:42,100.0,47.5,B
2021-06-25T13:17:42,500.0,47.5,B
2021-06-25T13:17:41,100.0,47.45,S
2021-06-25T13:17:41,900.0,47.45,S
2021-06-25T13:17:34,6700.0,47.5,B
2021-06-25T13:17:34,5000.0,47.5,B
2021-06-25T13:17:33,500.0,47.5,B
2021-06-25T13:17:33,17800.0,47.5,B
2021-06-25T13:17:31,3000.0,47.5,B
2021-06-25T13:17:30,1700.0,47.5,B
2021-06-25T13:17:23,200.0,47.5,S
2021-06-25T13:17:19,200.0,47.5,S
2021-06-25T13:17:19,7400.0,47.5,S
2021-06-25T13:17:19,2200.0,47.5,S
2021-06-25T13:17:19,4800.0,47.5,S
2021-06-25T13:17:19,100.0,47.5,S
2021-06-25T13:17:18,100.0,47.5,S
2021-06-25T13:17:18,8800.0,47.5,S
2021-06-25T13:17:18,1600.0,47.5,S
2021-06-25T13:17:17,1400.0,47.55,B
2021-06-25T13:17:12,900.0,47.5,S
2021-06-25T13:17:11,9900.0,47.55,B
2021-06-25T13:17:10,400.0,47.55,B
2021-06-25T13:17:09,5000.0,47.5,S
2021-06-25T13:16:59,1500.0,47.55,S
2021-06-25T13:16:58,500.0,47.6,B
2021-06-25T13:16:56,6500.0,47.6,B
2021-06-25T13:16:54,4000.0,47.6,B
2021-06-25T13:16:54,500.0,47.6,B
2021-06-25T13:16:54,1100.0,47.6,B
2021-06-25T13:16:54,7700.0,47.6,B
2021-06-25T13:16:54,36700.0,47.6,B
2021-06-25T13:16:49,2000.0,47.55,S
2021-06-25T13:16:49,100000.0,47.55,S
2021-06-25T13:16:48,1000.0,47.6,B
2021-06-25T13:16:48,200.0,47.6,B
2021-06-25T13:16:35,100.0,47.6,S
2021-06-25T13:16:34,1000.0,47.55,S
2021-06-25T13:16:29,11400.0,47.6,S
2021-06-25T13:16:27,20000.0,47.6,S
2021-06-25T13:16:26,100.0,47.6,S
2021-06-25T13:16:23,10000.0,47.6,S
2021-06-25T13:16:23,45000.0,47.6,S
2021-06-25T13:16:20,200.0,47.6,S
2021-06-25T13:16:20,5000.0,47.65,B
2021-06-25T13:16:19,1000.0,47.65,B
2021-06-25T13:16:13,800.0,47.65,B
2021-06-25T13:16:09,1000.0,47.65,B
2021-06-25T13:16:08,1000.0,47.65,B
2021-06-25T13:16:02,100.0,47.65,B
2021-06-25T13:15:59,500.0,47.65,B
2021-06-25T13:15:59,500.0,47.6,S
2021-06-25T13:15:56,300.0,47.65,S
2021-06-25T13:15:54,10000.0,47.7,B
2021-06-25T13:15:46,2200.0,47.7,B
2021-06-25T13:15:45,100.0,47.65,S
2021-06-25T13:15:44,2300.0,47.65,S
2021-06-25T13:15:44,5800.0,47.65,S
2021-06-25T13:15:43,500.0,47.7,B
2021-06-25T13:15:40,500.0,47.65,S
2021-06-25T13:15:29,600.0,47.65,S
2021-06-25T13:15:23,1000.0,47.7,B
2021-06-25T13:15:19,100.0,47.7,B
2021-06-25T13:15:15,2300.0,47.7,B
2021-06-25T13:15:15,1000.0,47.7,B
2021-06-25T13:15:11,1000.0,47.7,B
2021-06-25T13:15:11,20000.0,47.6,S
2021-06-25T13:15:10,1000.0,47.7,B
2021-06-25T13:15:10,100.0,47.6,S
2021-06-25T13:15:01,400.0,47.7,B
2021-06-25T13:15:01,1000.0,47.7,B
2021-06-25T13:14:59,1000.0,47.7,B
2021-06-25T13:14:59,100.0,47.65,B
2021-06-25T13:14:56,1400.0,47.7,B
2021-06-25T13:14:48,1000.0,47.7,B
2021-06-25T13:14:47,2000.0,47.7,B
2021-06-25T13:14:43,1800.0,47.7,B
2021-06-25T13:14:39,700.0,47.7,B
2021-06-25T13:14:35,500.0,47.7,S
2021-06-25T13:14:30,1000.0,47.8,B
2021-06-25T13:14:27,2400.0,47.7,S
2021-06-25T13:14:17,100.0,47.8,B
2021-06-25T13:14:15,1000.0,47.7,S
2021-06-25T13:14:14,100.0,47.7,S
2021-06-25T13:14:14,700.0,47.8,B
2021-06-25T13:14:14,300.0,47.8,B
2021-06-25T13:14:14,1000.0,47.75,B
2021-06-25T13:14:13,600.0,47.7,S
2021-06-25T13:14:13,500.0,47.7,S
2021-06-25T13:14:09,200.0,47.7,S
2021-06-25T13:14:08,100.0,47.7,S
2021-06-25T13:14:05,1500.0,47.7,S
2021-06-25T13:14:03,1000.0,47.7,S
2021-06-25T13:14:00,1000.0,47.7,B
2021-06-25T13:13:56,5300.0,47.7,B
2021-06-25T13:13:52,1000.0,47.7,B
2021-06-25T13:13:43,1000.0,47.6,S
2021-06-25T13:13:42,3000.0,47.6,S
2021-06-25T13:13:42,1000.0,47.7,B
2021-06-25T13:13:40,100.0,47.7,B
2021-06-25T13:13:34,4200.0,47.7,B
2021-06-25T13:13:31,200.0,47.7,B
2021-06-25T13:13:31,400.0,47.7,B
2021-06-25T13:13:29,200.0,47.7,B
2021-06-25T13:13:29,700.0,47.7,B
2021-06-25T13:13:28,600.0,47.7,B
2021-06-25T13:13:28,3000.0,47.7,B
2021-06-25T13:13:25,1400.0,47.7,B
2021-06-25T13:13:24,2000.0,47.7,B
2021-06-25T13:13:21,3300.0,47.7,B
2021-06-25T13:13:21,6700.0,47.7,B
2021-06-25T13:13:18,200.0,47.7,B
2021-06-25T13:13:16,2400.0,47.7,B
2021-06-25T13:13:16,3000.0,47.7,B
2021-06-25T13:13:16,2400.0,47.7,B
2021-06-25T13:13:16,1500.0,47.7,B
2021-06-25T13:13:16,700.0,47.7,B
2021-06-25T13:13:15,4400.0,47.6,S
2021-06-25T13:13:06,200.0,47.7,B
2021-06-25T13:13:00,100.0,47.6,S
2021-06-25T13:12:59,2000.0,47.7,B
2021-06-25T13:12:58,200.0,47.7,B
2021-06-25T13:12:57,10000.0,47.6,S
2021-06-25T13:12:57,500.0,47.7,B
2021-06-25T13:12:54,1000.0,47.7,B
2021-06-25T13:12:53,5000.0,47.7,B
2021-06-25T13:12:50,2900.0,47.6,S
2021-06-25T13:12:50,16400.0,47.6,S
2021-06-25T13:12:50,5700.0,47.6,S
2021-06-25T13:12:46,600.0,47.7,S
2021-06-25T13:12:44,3000.0,47.8,B
2021-06-25T13:12:43,3700.0,47.6,S
2021-06-25T13:12:42,200.0,47.8,B
2021-06-25T13:12:42,1000.0,47.8,B
2021-06-25T13:12:42,1000.0,47.8,B
2021-06-25T13:12:42,5200.0,47.8,B
2021-06-25T13:12:42,500.0,47.8,B
2021-06-25T13:12:42,4100.0,47.8,B
2021-06-25T13:12:42,10000.0,47.8,B
2021-06-25T13:12:42,3000.0,47.75,B
2021-06-25T13:12:42,100.0,47.75,B
2021-06-25T13:12:42,100.0,47.75,B
2021-06-25T13:12:42,4800.0,47.75,B
2021-06-25T13:12:40,1400.0,47.7,S
2021-06-25T13:12:39,1000.0,47.6,S
2021-06-25T13:12:38,1000.0,47.6,S
2021-06-25T13:12:38,700.0,47.7,S
2021-06-25T13:12:36,100.0,47.7,S
2021-06-25T13:12:34,1000.0,47.7,S
2021-06-25T13:12:34,100.0,47.7,S
2021-06-25T13:12:33,100.0,47.7,S
2021-06-25T13:12:32,500.0,47.7,B
2021-06-25T13:12:30,400.0,47.7,B
2021-06-25T13:12:28,500.0,47.7,B
2021-06-25T13:12:28,5000.0,47.7,B
2021-06-25T13:12:24,12100.0,47.7,B
2021-06-25T13:12:21,20000.0,47.7,B
2021-06-25T13:12:18,100.0,47.6,S
2021-06-25T13:12:17,300.0,47.7,B
2021-06-25T13:12:14,100.0,47.6,S
2021-06-25T13:12:10,2000.0,47.7,B
2021-06-25T13:12:10,200.0,47.7,B
2021-06-25T13:12:10,1300.0,47.7,B
2021-06-25T13:12:03,300.0,47.6,S
2021-06-25T13:12:02,2900.0,47.7,B
2021-06-25T13:12:02,300.0,47.65,S
2021-06-25T13:11:55,300.0,47.55,S
2021-06-25T13:11:55,1300.0,47.7,B
2021-06-25T13:11:50,1200.0,47.7,B
2021-06-25T13:11:43,200.0,47.7,B
2021-06-25T13:11:43,1800.0,47.7,B
2021-06-25T13:11:35,50000.0,47.7,B
2021-06-25T13:11:35,5500.0,47.7,B
2021-06-25T13:11:35,2900.0,47.6,B
2021-06-25T13:11:35,1600.0,47.6,B
2021-06-25T13:11:34,500.0,47.6,B
2021-06-25T13:11:32,400.0,47.55,S
2021-06-25T13:11:30,5000.0,47.6,B
2021-06-25T13:11:23,2900.0,47.6,S
2021-06-25T13:11:19,7100.0,47.6,B
2021-06-25T13:11:18,500.0,47.6,B
2021-06-25T13:11:16,3000.0,47.6,B
2021-06-25T13:11:13,2000.0,47.55,S
2021-06-25T13:11:13,2400.0,47.55,S
2021-06-25T13:11:12,500.0,47.6,B
2021-06-25T13:11:08,1300.0,47.6,B
2021-06-25T13:11:07,100.0,47.6,B
2021-06-25T13:11:04,800.0,47.6,B
2021-06-25T13:11:03,200.0,47.6,B
2021-06-25T13:11:01,300.0,47.6,B
2021-06-25T13:11:01,500.0,47.6,B
2021-06-25T13:10:55,5000.0,47.6,B
2021-06-25T13:10:50,800.0,47.55,S
2021-06-25T13:10:49,2000.0,47.55,S
2021-06-25T13:10:48,200.0,47.55,S
2021-06-25T13:10:47,3000.0,47.55,S
2021-06-25T13:10:47,300.0,47.6,B
2021-06-25T13:10:42,10900.0,47.7,B
2021-06-25T13:10:40,1000.0,47.6,B
2021-06-25T13:10:29,1000.0,47.55,S
2021-06-25T13:10:28,500.0,47.55,S
2021-06-25T13:10:28,100.0,47.6,B
2021-06-25T13:10:26,300.0,47.55,S
2021-06-25T13:10:25,2000.0,47.6,B
2021-06-25T13:10:19,1100.0,47.5,S
2021-06-25T13:10:18,400.0,47.6,B
2021-06-25T13:10:18,1600.0,47.6,B
2021-06-25T13:10:12,3000.0,47.55,B
2021-06-25T13:10:12,700.0,47.5,S
2021-06-25T13:10:04,1000.0,47.55,B
2021-06-25T13:10:02,300.0,47.55,B
2021-06-25T13:10:02,200.0,47.5,S
2021-06-25T13:10:02,2800.0,47.5,S
2021-06-25T13:10:02,500.0,47.55,B
2021-06-25T13:10:01,3200.0,47.55,B
2021-06-25T13:10:00,500.0,47.55,B
2021-06-25T13:09:58,20000.0,47.55,B
2021-06-25T13:09:57,200.0,47.5,S
2021-06-25T13:09:56,300.0,47.5,S
2021-06-25T13:09:52,1000.0,47.5,S
2021-06-25T13:09:49,1000.0,47.55,B
2021-06-25T13:09:44,800.0,47.55,B
2021-06-25T13:09:42,500.0,47.55,B
2021-06-25T13:09:32,1000.0,47.5,B
2021-06-25T13:09:32,600.0,47.5,B
2021-06-25T13:09:32,100.0,47.5,B
2021-06-25T13:09:32,100.0,47.5,B
2021-06-25T13:09:31,900.0,47.5,B
2021-06-25T13:09:31,100.0,47.5,B
2021-06-25T13:09:28,2100.0,47.5,B
2021-06-25T13:09:26,200.0,47.5,B
2021-06-25T13:09:21,200.0,47.5,B
2021-06-25T13:09:16,300.0,47.5,B
2021-06-25T13:09:15,1500.0,47.5,B
2021-06-25T13:09:15,2200.0,47.5,B
2021-06-25T13:09:15,900.0,47.5,B
2021-06-25T13:09:15,100.0,47.5,B
2021-06-25T13:09:15,200.0,47.5,B
2021-06-25T13:09:14,2500.0,47.5,B
2021-06-25T13:09:14,3400.0,47.5,B
2021-06-25T13:09:14,6900.0,47.5,B
2021-06-25T13:09:14,1000.0,47.5,B
2021-06-25T13:09:14,12100.0,47.5,B
2021-06-25T13:09:14,1000.0,47.5,B
2021-06-25T13:09:14,6300.0,47.5,B
2021-06-25T13:09:14,400.0,47.5,B
2021-06-25T13:09:14,3400.0,47.5,B
2021-06-25T13:09:14,2600.0,47.5,B
2021-06-25T13:09:14,18500.0,47.5,B
2021-06-25T13:09:14,7000.0,47.5,B
2021-06-25T13:09:09,400.0,47.45,S
2021-06-25T13:09:05,100.0,47.5,B
2021-06-25T13:08:59,500.0,47.5,B
2021-06-25T13:08:53,1000.0,47.5,B
2021-06-25T13:08:52,1000.0,47.5,B
2021-06-25T13:08:47,100.0,47.5,B
2021-06-25T13:08:44,2000.0,47.5,B
2021-06-25T13:08:42,4000.0,47.45,B
2021-06-25T13:08:38,100.0,47.45,B
2021-06-25T13:08:38,1000.0,47.45,B
2021-06-25T13:08:36,300.0,47.45,B
2021-06-25T13:08:33,600.0,47.4,S
2021-06-25T13:08:33,2000.0,47.45,B
2021-06-25T13:08:30,300.0,47.4,S
2021-06-25T13:08:28,200.0,47.45,B
2021-06-25T13:08:27,100.0,47.4,S
2021-06-25T13:08:22,1000.0,47.45,B
2021-06-25T13:08:19,1000.0,47.45,B
2021-06-25T13:08:19,1400.0,47.45,B
2021-06-25T13:08:16,300.0,47.4,S
2021-06-25T13:08:13,20000.0,47.45,B
2021-06-25T13:08:09,100.0,47.4,S
2021-06-25T13:08:08,4900.0,47.45,B
2021-06-25T13:08:07,5300.0,47.4,S
2021-06-25T13:08:04,14300.0,47.4,B
2021-06-25T13:08:04,14200.0,47.4,B
2021-06-25T13:08:04,1500.0,47.4,B
2021-06-25T13:08:03,500.0,47.3,S
2021-06-25T13:08:02,1000.0,47.4,B
2021-06-25T13:08:02,100.0,47.3,S
2021-06-25T13:08:01,400.0,47.4,B
2021-06-25T13:07:59,2800.0,47.4,B
2021-06-25T13:07:59,3400.0,47.4,B
2021-06-25T13:07:59,500.0,47.3,B
2021-06-25T13:07:57,100.0,47.3,B
2021-06-25T13:07:50,20000.0,47.4,B
2021-06-25T13:07:47,3000.0,47.4,B
2021-06-25T13:07:46,100.0,47.3,B
2021-06-25T13:07:44,10000.0,47.3,B
2021-06-25T13:07:37,1100.0,47.3,B
2021-06-25T13:07:31,1000.0,47.3,B
2021-06-25T13:07:27,100.0,47.1,S
2021-06-25T13:07:24,3000.0,47.3,B
2021-06-25T13:07:22,4800.0,47.3,B
2021-06-25T13:07:22,500.0,47.2,B
2021-06-25T13:07:22,700.0,47.2,B
2021-06-25T13:07:21,1000.0,47.1,S
2021-06-25T13:07:20,500.0,47.2,B
2021-06-25T13:07:20,500.0,47.1,S
2021-06-25T13:07:16,100.0,47.1,S
2021-06-25T13:07:07,800.0,47.1,S
2021-06-25T13:07:07,6600.0,47.2,B
2021-06-25T13:07:04,500.0,47.1,B
2021-06-25T13:07:03,3200.0,47.1,B
2021-06-25T13:07:02,500.0,47.0,S
2021-06-25T13:07:00,100.0,47.0,S
2021-06-25T13:07:00,100.0,47.1,B
2021-06-25T13:06:54,500.0,47.0,S
2021-06-25T13:06:54,3000.0,47.0,S
2021-06-25T13:06:54,500.0,47.0,S
2021-06-25T13:06:52,100.0,47.0,S
2021-06-25T13:06:45,500.0,47.0,S
2021-06-25T13:06:45,500.0,47.0,S
2021-06-25T13:06:41,100.0,47.0,S
2021-06-25T13:06:38,700.0,47.0,S
2021-06-25T13:06:37,2000.0,47.0,S
2021-06-25T13:06:33,700.0,47.0,B
2021-06-25T13:06:33,300.0,47.0,B
2021-06-25T13:06:29,100.0,47.0,B
2021-06-25T13:06:27,1300.0,47.0,B
2021-06-25T13:06:27,200.0,47.0,B
2021-06-25T13:06:26,1000.0,47.0,B
2021-06-25T13:06:26,2000.0,47.0,B
2021-06-25T13:06:24,500.0,47.0,B
2021-06-25T13:06:20,900.0,47.0,B
2021-06-25T13:06:20,400.0,47.0,B
2021-06-25T13:06:19,2000.0,47.0,B
2021-06-25T13:06:17,800.0,47.0,B
2021-06-25T13:06:14,1200.0,47.0,B
2021-06-25T13:06:12,900.0,47.0,B
2021-06-25T13:06:12,2200.0,47.0,B
2021-06-25T13:06:12,600.0,47.0,B
2021-06-25T13:06:12,1600.0,47.0,B
2021-06-25T13:06:12,11200.0,47.0,B
2021-06-25T13:06:12,1500.0,47.0,B
2021-06-25T13:06:11,600.0,47.0,B
2021-06-25T13:06:11,5000.0,47.0,B
2021-06-25T13:06:10,900.0,47.0,B
2021-06-25T13:06:10,300.0,47.0,B
2021-06-25T13:06:10,1700.0,47.0,B
2021-06-25T13:06:06,700.0,47.0,B
2021-06-25T13:06:04,200.0,47.0,B
2021-06-25T13:06:04,1000.0,47.0,B
2021-06-25T13:06:04,1800.0,47.0,B
2021-06-25T13:06:03,4000.0,47.0,B
2021-06-25T13:06:00,500.0,47.0,B
2021-06-25T13:05:59,200.0,47.0,B
2021-06-25T13:05:59,4000.0,47.0,B
2021-06-25T13:05:58,1600.0,47.0,B
2021-06-25T13:05:55,2000.0,47.0,B
2021-06-25T13:05:49,500.0,47.0,B
2021-06-25T13:05:46,300.0,47.0,B
2021-06-25T13:05:45,8300.0,47.0,B
2021-06-25T13:05:45,1400.0,47.0,B
2021-06-25T13:05:45,3700.0,47.0,B
2021-06-25T13:05:45,1000.0,47.0,B
2021-06-25T13:05:45,1200.0,47.0,B
2021-06-25T13:05:45,5700.0,47.0,B
2021-06-25T13:05:45,2000.0,47.0,B
2021-06-25T13:05:45,4000.0,47.0,B
2021-06-25T13:05:44,2900.0,47.0,B
2021-06-25T13:05:43,5000.0,47.0,B
2021-06-25T13:05:42,2000.0,47.0,B
2021-06-25T13:05:42,1000.0,47.0,B
2021-06-25T13:05:41,1400.0,47.0,B
2021-06-25T13:05:41,1000.0,47.0,B
2021-06-25T13:05:39,200.0,47.0,B
2021-06-25T13:05:38,6100.0,47.0,B
2021-06-25T13:05:37,300.0,47.0,B
2021-06-25T13:05:36,600.0,47.0,B
2021-06-25T13:05:34,100.0,47.0,B
2021-06-25T13:05:34,20000.0,47.0,B
2021-06-25T13:05:33,100.0,47.0,B
2021-06-25T13:05:33,500.0,46.95,S
2021-06-25T13:05:29,9500.0,47.0,B
2021-06-25T13:05:28,1200.0,47.0,B
2021-06-25T13:05:26,100.0,47.0,B
2021-06-25T13:05:22,3000.0,47.0,B
2021-06-25T13:05:18,100.0,47.0,B
2021-06-25T13:05:15,1000.0,47.0,B
2021-06-25T13:05:15,200.0,47.0,B
2021-06-25T13:05:15,28800.0,47.0,B
2021-06-25T13:05:12,400.0,46.95,B
2021-06-25T13:05:10,2000.0,46.9,S
2021-06-25T13:05:07,1100.0,46.9,B
2021-06-25T13:05:07,1100.0,46.9,B
2021-06-25T13:05:07,900.0,46.9,B
2021-06-25T13:05:05,3000.0,46.9,B
2021-06-25T13:05:04,4300.0,46.9,B
2021-06-25T13:05:03,1600.0,46.9,B
2021-06-25T13:05:02,3400.0,46.9,B
2021-06-25T13:05:01,3100.0,46.9,B
2021-06-25T13:05:00,1900.0,46.9,B
2021-06-25T13:04:59,1000.0,46.9,B
2021-06-25T13:04:58,100.0,46.9,B
2021-06-25T13:04:56,1300.0,46.9,B
2021-06-25T13:04:55,5000.0,46.9,B
2021-06-25T13:04:54,400.0,46.9,B
2021-06-25T13:04:53,100.0,46.9,B
2021-06-25T13:04:53,1900.0,46.9,B
2021-06-25T13:04:51,1000.0,46.9,B
2021-06-25T13:04:50,100.0,46.9,B
2021-06-25T13:04:44,1000.0,46.9,B
2021-06-25T13:04:42,1000.0,46.85,B
2021-06-25T13:04:39,100.0,46.8,S
2021-06-25T13:04:37,24400.0,46.8,B
2021-06-25T13:04:36,20000.0,46.8,B
2021-06-25T13:04:35,800.0,46.8,B
2021-06-25T13:04:35,1000.0,46.8,B
2021-06-25T13:04:34,100.0,46.8,B
2021-06-25T13:04:30,900.0,46.8,B
2021-06-25T13:04:26,300.0,46.8,B
2021-06-25T13:04:25,500.0,46.8,B
2021-06-25T13:04:24,5000.0,46.8,B
2021-06-25T13:04:23,400.0,46.8,B
2021-06-25T13:04:19,4000.0,46.8,B
2021-06-25T13:04:19,5000.0,46.8,B
2021-06-25T13:04:19,1100.0,46.8,B
2021-06-25T13:04:19,4900.0,46.8,B
2021-06-25T13:04:07,300.0,46.7,S
2021-06-25T13:04:07,1000.0,46.7,B
2021-06-25T13:04:07,1200.0,46.7,B
2021-06-25T13:04:07,2000.0,46.7,B
2021-06-25T13:04:07,57000.0,46.7,B
2021-06-25T13:04:07,2400.0,46.7,B
2021-06-25T13:04:07,2200.0,46.7,B
2021-06-25T13:04:07,23000.0,46.7,B
2021-06-25T13:04:03,1000.0,46.7,B
2021-06-25T13:04:01,5000.0,46.7,B
2021-06-25T13:04:01,30000.0,46.7,B
2021-06-25T13:03:58,3000.0,46.7,B
2021-06-25T13:03:56,1000.0,46.7,B
2021-06-25T13:03:56,500.0,46.7,B
2021-06-25T13:03:55,2000.0,46.6,S
2021-06-25T13:03:50,500.0,46.6,S
2021-06-25T13:03:48,10000.0,46.7,B
2021-06-25T13:03:47,100000.0,46.7,B
2021-06-25T13:03:45,2000.0,46.6,B
2021-06-25T13:03:45,10000.0,46.6,B
2021-06-25T13:03:44,5400.0,46.6,B
2021-06-25T13:03:44,1600.0,46.6,B
2021-06-25T13:03:43,100.0,46.6,B
2021-06-25T13:03:42,2300.0,46.6,B
2021-06-25T13:03:40,20000.0,46.6,B
2021-06-25T13:03:36,9200.0,46.6,B
2021-06-25T13:03:36,800.0,46.6,B
2021-06-25T13:03:36,600.0,46.6,B
2021-06-25T13:03:31,100.0,46.6,B
2021-06-25T13:03:30,400.0,46.6,B
2021-06-25T13:03:29,200.0,46.6,B
2021-06-25T13:03:29,3700.0,46.6,B
2021-06-25T13:03:29,800.0,46.55,B
2021-06-25T13:03:24,9700.0,46.5,B
2021-06-25T13:03:24,500.0,46.5,B
2021-06-25T13:03:23,3600.0,46.5,B
2021-06-25T13:03:22,100.0,46.5,B
2021-06-25T13:03:22,200.0,46.5,B
2021-06-25T13:03:22,200.0,46.5,B
2021-06-25T13:03:22,2900.0,46.5,B
2021-06-25T13:03:22,100.0,46.5,B
2021-06-25T13:03:22,2700.0,46.5,B
2021-06-25T13:03:22,7800.0,46.5,B
2021-06-25T13:03:21,2100.0,46.5,B
2021-06-25T13:03:19,10000.0,46.5,B
2021-06-25T13:03:19,11400.0,46.5,B
2021-06-25T13:03:19,1000.0,46.5,B
2021-06-25T13:03:19,1100.0,46.5,B
2021-06-25T13:03:18,1100.0,46.5,B
2021-06-25T13:03:18,200.0,46.5,B
2021-06-25T13:03:18,400.0,46.5,B
2021-06-25T13:03:18,1500.0,46.5,B
2021-06-25T13:03:18,2600.0,46.5,B
2021-06-25T13:03:18,1800.0,46.5,B
2021-06-25T13:03:17,5700.0,46.5,B
2021-06-25T13:03:17,5300.0,46.5,B
2021-06-25T13:03:16,2800.0,46.5,B
2021-06-25T13:03:15,50400.0,46.5,B
2021-06-25T13:03:13,2000.0,46.5,B
2021-06-25T13:03:13,6000.0,46.5,B
2021-06-25T13:03:12,800.0,46.5,B
2021-06-25T13:03:12,1000.0,46.5,B
2021-06-25T13:03:12,200.0,46.5,B
2021-06-25T13:03:10,300.0,46.5,B
2021-06-25T13:03:08,2000.0,46.5,B
2021-06-25T13:03:06,600.0,46.5,B
2021-06-25T13:03:06,400.0,46.5,B
2021-06-25T13:03:06,2700.0,46.5,B
2021-06-25T13:03:06,800.0,46.5,B
2021-06-25T13:03:06,500.0,46.5,B
2021-06-25T13:03:06,2600.0,46.5,B
2021-06-25T13:03:06,3400.0,46.5,B
2021-06-25T13:03:05,100.0,46.5,B
2021-06-25T13:03:04,1000.0,46.5,B
2021-06-25T13:03:04,1700.0,46.5,B
2021-06-25T13:03:04,300.0,46.5,B
2021-06-25T13:03:04,2000.0,46.5,B
2021-06-25T13:03:02,500.0,46.5,B
2021-06-25T13:03:01,2000.0,46.5,B
2021-06-25T13:02:58,500.0,46.5,B
2021-06-25T13:02:57,3200.0,46.5,B
2021-06-25T13:02:57,100.0,46.5,B
2021-06-25T13:02:57,4700.0,46.5,B
2021-06-25T13:02:57,300.0,46.5,B
2021-06-25T13:02:57,200.0,46.5,B
2021-06-25T13:02:57,1500.0,46.5,B
2021-06-25T13:02:55,1500.0,46.5,B
2021-06-25T13:02:54,1500.0,46.5,B
2021-06-25T13:02:53,1000.0,46.5,B
2021-06-25T13:02:53,100.0,46.5,B
2021-06-25T13:02:52,6000.0,46.5,B
2021-06-25T13:02:51,1500.0,46.5,B
2021-06-25T13:02:51,2000.0,46.5,B
2021-06-25T13:02:51,300.0,46.5,B
2021-06-25T13:02:51,500.0,46.5,B
2021-06-25T13:02:50,200.0,46.5,B
2021-06-25T13:02:50,100.0,46.5,B
2021-06-25T13:02:50,200.0,46.5,B
2021-06-25T13:02:47,1000.0,46.5,B
2021-06-25T13:02:47,5000.0,46.5,B
2021-06-25T13:02:45,200.0,46.5,B
2021-06-25T13:02:44,3000.0,46.5,B
2021-06-25T13:02:44,5000.0,46.5,B
2021-06-25T13:02:42,3100.0,46.5,B
2021-06-25T13:02:41,1000.0,46.5,B
2021-06-25T13:02:39,10000.0,46.5,B
2021-06-25T13:02:38,1300.0,46.5,B
2021-06-25T13:02:36,3000.0,46.5,B
2021-06-25T13:02:36,10300.0,46.5,B
2021-06-25T13:02:34,1000.0,46.5,B
2021-06-25T13:02:33,4000.0,46.5,B
2021-06-25T13:02:30,300.0,46.5,B
2021-06-25T13:02:25,1000.0,46.5,B
2021-06-25T13:02:24,1000.0,46.5,B
2021-06-25T13:02:24,5000.0,46.5,B
2021-06-25T13:02:20,1000.0,46.5,B
2021-06-25T13:02:19,900.0,46.5,B
2021-06-25T13:02:18,5000.0,46.5,B
2021-06-25T13:02:12,3000.0,46.5,B
2021-06-25T13:02:10,2300.0,46.5,B
2021-06-25T13:02:10,900.0,46.5,B
2021-06-25T13:02:10,800.0,46.5,B
2021-06-25T13:02:10,1000.0,46.5,B
2021-06-25T13:02:09,3000.0,46.5,B
2021-06-25T13:02:09,2000.0,46.5,B
2021-06-25T13:02:04,5000.0,46.5,B
2021-06-25T13:02:04,16100.0,46.5,B
2021-06-25T13:02:03,8900.0,46.45,B
2021-06-25T13:02:02,300.0,46.45,B
2021-06-25T13:01:59,10000.0,46.45,B
2021-06-25T13:01:57,2600.0,46.45,B
2021-06-25T13:01:56,1000.0,46.45,B
2021-06-25T13:01:53,1300.0,46.45,B
2021-06-25T13:01:40,10000.0,46.45,B
2021-06-25T13:01:38,2000.0,46.4,S
2021-06-25T13:01:30,800.0,46.4,B
2021-06-25T13:01:30,400.0,46.4,B
2021-06-25T13:01:30,200.0,46.4,B
2021-06-25T13:01:30,1000.0,46.4,B
2021-06-25T13:01:29,500.0,46.4,B
2021-06-25T13:01:29,19900.0,46.4,B
2021-06-25T13:01:29,400.0,46.4,B
2021-06-25T13:01:29,50000.0,46.4,B
2021-06-25T13:01:20,20000.0,46.4,B
2021-06-25T13:01:16,10000.0,46.4,B
2021-06-25T13:01:15,200.0,46.35,S
2021-06-25T13:01:07,1400.0,46.4,B
2021-06-25T13:00:52,3000.0,46.4,B
2021-06-25T13:00:31,100.0,46.4,B
2021-06-25T13:00:31,1000.0,46.35,B
2021-06-25T13:00:29,800.0,46.4,B
2021-06-25T13:00:29,100.0,46.35,B
2021-06-25T13:00:27,5000.0,46.35,B
2021-06-25T13:00:25,100.0,46.35,B
2021-06-25T13:00:25,100.0,46.35,B
2021-06-25T13:00:25,300.0,46.35,B
2021-06-25T13:00:25,300.0,46.35,B
2021-06-25T13:00:25,100.0,46.35,B
2021-06-25T13:00:25,800.0,46.35,B
2021-06-25T13:00:25,4600.0,46.35,B
2021-06-25T13:00:25,3000.0,46.3,S
2021-06-25T13:00:25,2000.0,46.3,S
2021-06-25T13:00:25,8000.0,46.35,B
2021-06-25T13:00:21,600.0,46.3,S
2021-06-25T13:00:21,8000.0,46.35,B
2021-06-25T13:00:21,8000.0,46.35,B
2021-06-25T13:00:21,1000.0,46.3,S
2021-06-25T13:00:14,200.0,46.3,S
2021-06-25T13:00:14,200.0,46.35,B
2021-06-25T13:00:14,300.0,46.3,S
2021-06-25T13:00:14,100.0,46.3,S
2021-06-25T13:00:14,20000.0,46.35,B
2021-06-25T13:00:14,300.0,46.3,S
2021-06-25T13:00:10,100.0,46.3,S
2021-06-25T11:29:59,1000.0,46.3,S
2021-06-25T11:29:49,5000.0,46.35,B
2021-06-25T11:29:36,100.0,46.3,B
2021-06-25T11:29:36,1200.0,46.3,B
2021-06-25T11:29:34,2000.0,46.3,B
2021-06-25T11:29:32,600.0,46.25,S
2021-06-25T11:29:29,2000.0,46.3,B
2021-06-25T11:29:25,100.0,46.3,B
2021-06-25T11:29:22,1000.0,46.3,B
2021-06-25T11:29:17,5000.0,46.3,B
2021-06-25T11:29:12,400.0,46.3,B
2021-06-25T11:29:08,5000.0,46.3,B
2021-06-25T11:28:59,10000.0,46.3,B
2021-06-25T11:28:50,1400.0,46.3,B
2021-06-25T11:28:43,7900.0,46.3,B
2021-06-25T11:28:43,1200.0,46.3,B
2021-06-25T11:28:43,2600.0,46.3,B
2021-06-25T11:28:43,200.0,46.3,B
2021-06-25T11:28:43,1500.0,46.3,B
2021-06-25T11:28:43,1300.0,46.3,B
2021-06-25T11:28:43,2200.0,46.3,B
2021-06-25T11:28:43,13100.0,46.3,B
2021-06-25T11:28:24,1000.0,46.25,S
2021-06-25T11:28:14,2000.0,46.3,B
2021-06-25T11:27:31,200.0,46.25,S
2021-06-25T11:27:24,100.0,46.25,S
2021-06-25T11:26:56,1000.0,46.25,S
2021-06-25T11:26:51,2900.0,46.25,S
2021-06-25T11:26:51,6500.0,46.25,S
2021-06-25T11:26:51,600.0,46.25,S
2021-06-25T11:26:49,5000.0,46.25,S
2021-06-25T11:26:47,100.0,46.3,B
2021-06-25T11:26:42,100.0,46.25,S
2021-06-25T11:26:39,2000.0,46.3,B
2021-06-25T11:26:38,500.0,46.3,B
2021-06-25T11:26:33,1400.0,46.3,B
2021-06-25T11:26:32,2500.0,46.3,B
2021-06-25T11:26:22,500.0,46.25,S
2021-06-25T11:26:07,5000.0,46.25,S
2021-06-25T11:26:05,1000.0,46.25,S
2021-06-25T11:25:46,500.0,46.25,S
2021-06-25T11:24:33,300.0,46.25,S
2021-06-25T11:24:33,2000.0,46.3,B
2021-06-25T11:24:23,1600.0,46.25,S
2021-06-25T11:24:17,1000.0,46.25,S
2021-06-25T11:24:10,500.0,46.25,S
2021-06-25T11:24:02,300.0,46.25,S
2021-06-25T11:23:57,2000.0,46.25,B
2021-06-25T11:23:57,13300.0,46.25,B
2021-06-25T11:23:37,8000.0,46.25,B
2021-06-25T11:23:29,1300.0,46.25,B
2021-06-25T11:23:26,200.0,46.25,B
2021-06-25T11:22:42,1300.0,46.25,B
2021-06-25T11:22:03,5000.0,46.25,B
2021-06-25T11:21:59,1400.0,46.25,B
2021-06-25T11:21:57,4400.0,46.25,S
2021-06-25T11:21:57,20300.0,46.25,S
2021-06-25T11:21:57,1400.0,46.25,S
2021-06-25T11:21:57,3900.0,46.25,S
2021-06-25T11:21:40,500.0,46.25,S
2021-06-25T11:21:39,1200.0,46.3,B
2021-06-25T11:21:35,100.0,46.25,S
2021-06-25T11:21:28,200.0,46.25,S
2021-06-25T11:21:27,100.0,46.25,S
2021-06-25T11:21:09,1000.0,46.25,S
2021-06-25T11:21:04,100.0,46.25,S
2021-06-25T11:20:56,100.0,46.25,S
2021-06-25T11:20:52,100.0,46.25,S
2021-06-25T11:20:44,500.0,46.25,S
2021-06-25T11:20:26,300.0,46.25,S
2021-06-25T11:20:18,1000.0,46.25,S
2021-06-25T11:20:13,5300.0,46.3,B
2021-06-25T11:20:09,800.0,46.3,B
2021-06-25T11:20:02,5000.0,46.3,B
2021-06-25T11:20:01,600.0,46.3,B
2021-06-25T11:19:58,5800.0,46.3,B
2021-06-25T11:19:55,100.0,46.3,B
2021-06-25T11:19:49,600.0,46.3,B
2021-06-25T11:19:48,13000.0,46.3,B
2021-06-25T11:19:42,1500.0,46.25,S
2021-06-25T11:19:34,300.0,46.25,S
2021-06-25T11:19:34,700.0,46.3,B
2021-06-25T11:19:33,1000.0,46.3,B
2021-06-25T11:19:24,5000.0,46.3,B
2021-06-25T11:19:24,100.0,46.3,B
2021-06-25T11:19:24,4900.0,46.3,B
2021-06-25T11:19:24,2300.0,46.3,B
2021-06-25T11:19:22,200.0,46.3,B
2021-06-25T11:19:19,10000.0,46.3,B
2021-06-25T11:19:14,4100.0,46.3,B
2021-06-25T11:19:01,1100.0,46.3,B
2021-06-25T11:18:56,1300.0,46.3,B
2021-06-25T11:18:52,1000.0,46.3,B
2021-06-25T11:18:46,100.0,46.25,S
2021-06-25T11:18:29,2000.0,46.25,S
2021-06-25T11:18:29,400.0,46.25,S
2021-06-25T11:18:06,300.0,46.25,S
2021-06-25T11:18:06,100.0,46.3,B
2021-06-25T11:17:53,300.0,46.3,B
2021-06-25T11:17:48,200.0,46.25,S
2021-06-25T11:17:40,600.0,46.25,B
2021-06-25T11:17:39,10000.0,46.25,B
2021-06-25T11:17:39,100.0,46.25,B
2021-06-25T11:17:32,100.0,46.25,B
2021-06-25T11:17:23,1400.0,46.25,B
2021-06-25T11:17:14,25000.0,46.25,B
2021-06-25T11:17:13,2000.0,46.25,B
2021-06-25T11:17:04,25000.0,46.25,B
2021-06-25T11:16:50,100.0,46.25,B
2021-06-25T11:16:39,100.0,46.2,S
2021-06-25T11:16:29,5800.0,46.2,B
2021-06-25T11:16:25,200.0,46.2,S
2021-06-25T11:16:21,200.0,46.2,S
2021-06-25T11:16:14,500.0,46.2,S
2021-06-25T11:16:10,1100.0,46.2,S
2021-06-25T11:16:04,100.0,46.1,S
2021-06-25T11:16:03,700.0,46.1,S
2021-06-25T11:16:03,2800.0,46.1,S
2021-06-25T11:16:03,1100.0,46.15,S
2021-06-25T11:16:03,400.0,46.15,S
2021-06-25T11:15:56,1000.0,46.2,B
2021-06-25T11:15:50,1000.0,46.15,S
2021-06-25T11:15:29,900.0,46.2,B
2021-06-25T11:15:29,3000.0,46.2,B
2021-06-25T11:15:26,30000.0,46.2,B
2021-06-25T11:15:25,2500.0,46.2,B
2021-06-25T11:15:21,3900.0,46.2,B
2021-06-25T11:15:15,1400.0,46.2,B
2021-06-25T11:15:12,1400.0,46.2,B
2021-06-25T11:15:07,20000.0,46.2,B
2021-06-25T11:15:03,200.0,46.2,B
2021-06-25T11:14:54,23100.0,46.2,B
2021-06-25T11:14:53,2400.0,46.2,B
2021-06-25T11:14:46,4900.0,46.2,B
2021-06-25T11:14:42,100.0,46.2,B
2021-06-25T11:14:42,6000.0,46.2,B
2021-06-25T11:14:39,100.0,46.15,S
2021-06-25T11:14:33,100.0,46.2,B
2021-06-25T11:14:27,1300.0,46.2,B
2021-06-25T11:14:27,1300.0,46.2,B
2021-06-25T11:14:27,800.0,46.2,B
2021-06-25T11:14:25,100.0,46.2,B
2021-06-25T11:14:14,400.0,46.2,B
2021-06-25T11:14:03,2000.0,46.2,B
2021-06-25T11:13:49,200.0,46.2,B
2021-06-25T11:13:47,800.0,46.2,B
2021-06-25T11:13:47,4200.0,46.2,B
2021-06-25T11:13:47,500.0,46.15,S
2021-06-25T11:13:38,400.0,46.2,B
2021-06-25T11:13:38,900.0,46.2,B
2021-06-25T11:13:36,3000.0,46.2,B
2021-06-25T11:13:22,4000.0,46.2,B
2021-06-25T11:13:13,11300.0,46.2,B
2021-06-25T11:13:13,8700.0,46.2,B
2021-06-25T11:13:06,500.0,46.15,S
2021-06-25T11:13:05,500.0,46.15,S
2021-06-25T11:13:03,1000.0,46.2,B
2021-06-25T11:13:03,100.0,46.15,S
2021-06-25T11:13:00,100.0,46.15,S
2021-06-25T11:12:56,500.0,46.15,S
2021-06-25T11:12:45,1000.0,46.15,S
2021-06-25T11:12:43,8600.0,46.15,B
2021-06-25T11:12:21,700.0,46.1,S
2021-06-25T11:12:11,100.0,46.1,S
2021-06-25T11:11:44,1000.0,46.1,S
2021-06-25T11:11:38,6800.0,46.15,B
2021-06-25T11:11:15,200.0,46.1,S
2021-06-25T11:11:03,300.0,46.1,S
2021-06-25T11:10:57,100.0,46.1,S
2021-06-25T11:10:57,500.0,46.1,S
2021-06-25T11:10:49,4500.0,46.1,B
2021-06-25T11:10:42,5200.0,46.1,B
2021-06-25T11:10:41,500.0,46.1,B
2021-06-25T11:10:40,700.0,46.1,B
2021-06-25T11:10:40,200.0,46.1,B
2021-06-25T11:10:38,200.0,46.1,B
2021-06-25T11:09:56,4400.0,46.1,B
2021-06-25T11:09:49,800.0,46.1,B
2021-06-25T11:09:49,1000.0,46.1,B
2021-06-25T11:09:46,1100.0,46.1,B
2021-06-25T11:09:46,200.0,46.1,B
2021-06-25T11:09:29,2100.0,46.1,B
2021-06-25T11:09:16,100.0,46.1,B
2021-06-25T11:09:14,1000.0,46.0,S
2021-06-25T11:08:53,100.0,46.0,B
2021-06-25T11:08:40,1900.0,46.0,S
2021-06-25T11:08:39,100.0,46.0,S
2021-06-25T11:08:33,1000.0,46.0,B
2021-06-25T11:08:31,2000.0,46.0,B
2021-06-25T11:08:21,500.0,46.0,B
2021-06-25T11:08:14,1400.0,46.0,B
2021-06-25T11:08:07,1000.0,46.0,B
2021-06-25T11:08:07,2100.0,46.0,B
2021-06-25T11:07:59,1000.0,46.0,B
2021-06-25T11:07:48,600.0,46.0,B
2021-06-25T11:07:27,300.0,45.9,B
2021-06-25T11:07:20,500.0,45.9,B
2021-06-25T11:07:20,10200.0,45.9,S
2021-06-25T11:07:20,1300.0,45.9,S
2021-06-25T11:07:20,17700.0,45.9,S
2021-06-25T11:07:11,300.0,45.9,S
2021-06-25T11:07:07,100.0,46.0,B
2021-06-25T11:07:06,3500.0,46.0,B
2021-06-25T11:06:57,7600.0,46.0,S
2021-06-25T11:06:48,100.0,46.0,B
2021-06-25T11:06:09,3800.0,45.9,S
2021-06-25T11:06:09,6200.0,45.95,S
2021-06-25T11:06:03,400.0,46.1,B
2021-06-25T11:05:58,400.0,46.05,B
2021-06-25T11:05:46,100.0,46.05,B
2021-06-25T11:05:45,5600.0,46.0,S
2021-06-25T11:05:41,100.0,46.0,S
2021-06-25T11:05:38,700.0,46.0,S
2021-06-25T11:05:22,100.0,46.0,S
2021-06-25T11:05:15,4300.0,46.0,S
2021-06-25T11:05:11,100.0,46.0,S
2021-06-25T11:04:56,1000.0,46.0,S
2021-06-25T11:04:54,4000.0,46.0,S
2021-06-25T11:04:43,500.0,46.0,S
2021-06-25T11:04:34,2000.0,46.0,S
2021-06-25T11:04:34,100.0,46.1,B
2021-06-25T11:04:27,1000.0,46.0,S
2021-06-25T11:04:26,100.0,46.1,B
2021-06-25T11:04:26,1200.0,46.1,B
2021-06-25T11:04:17,3000.0,46.1,B
2021-06-25T11:04:13,2200.0,46.1,B
2021-06-25T11:04:13,3600.0,46.1,B
2021-06-25T11:04:13,200.0,46.1,B
2021-06-25T11:04:12,100.0,46.0,S
2021-06-25T11:04:11,200.0,46.0,S
2021-06-25T11:03:53,100.0,46.0,B
2021-06-25T11:03:34,1000.0,45.95,S
2021-06-25T11:03:30,100.0,46.05,B
2021-06-25T11:03:29,500.0,45.9,S
2021-06-25T11:03:21,1300.0,46.0,B
2021-06-25T11:03:12,200.0,46.0,B
2021-06-25T11:03:12,900.0,45.9,S
2021-06-25T11:03:00,500.0,45.9,S
2021-06-25T11:03:00,2000.0,45.9,S
2021-06-25T11:02:52,200.0,45.9,S
2021-06-25T11:02:50,1100.0,46.1,B
2021-06-25T11:02:50,18900.0,46.1,B
2021-06-25T11:02:39,200.0,45.9,S
2021-06-25T11:02:35,100.0,46.0,B
2021-06-25T11:02:23,6100.0,46.0,S
2021-06-25T11:02:23,13900.0,46.0,S
2021-06-25T11:02:13,1000.0,46.05,S
2021-06-25T11:02:11,2000.0,46.05,S
2021-06-25T11:02:03,1400.0,46.0,S
2021-06-25T11:02:03,1100.0,46.0,S
2021-06-25T11:02:03,7500.0,46.0,S
2021-06-25T11:02:01,100.0,46.1,B
2021-06-25T11:01:57,10000.0,46.1,B
2021-06-25T11:01:54,200.0,46.05,S
2021-06-25T11:01:50,300.0,46.1,B
2021-06-25T11:01:45,100.0,46.05,S
2021-06-25T11:01:45,200.0,46.05,S
2021-06-25T11:01:44,10000.0,46.05,S
2021-06-25T11:01:33,500.0,46.05,S
2021-06-25T11:01:23,1400.0,46.1,B
2021-06-25T11:01:16,100.0,46.1,B
2021-06-25T11:01:08,5600.0,46.1,S
2021-06-25T11:01:06,10000.0,46.1,S
2021-06-25T11:01:02,1000.0,46.2,B
2021-06-25T11:00:56,3100.0,46.2,S
2021-06-25T11:00:45,700.0,46.2,S
2021-06-25T11:00:44,100.0,46.2,S
2021-06-25T11:00:35,500.0,46.2,S
2021-06-25T11:00:35,2000.0,46.3,B
2021-06-25T11:00:32,300.0,46.3,B
2021-06-25T11:00:27,2300.0,46.3,S
2021-06-25T11:00:23,1000.0,46.4,B
2021-06-25T11:00:20,1000.0,46.3,S
2021-06-25T11:00:12,500.0,46.3,S
2021-06-25T11:00:11,5100.0,46.4,B
2021-06-25T11:00:11,1500.0,46.4,B
2021-06-25T11:00:11,3400.0,46.4,B
2021-06-25T10:59:56,200.0,46.3,B
2021-06-25T10:59:56,700.0,46.3,B
2021-06-25T10:59:50,500.0,46.3,B
2021-06-25T10:59:49,2000.0,46.3,B
2021-06-25T10:59:39,200.0,46.3,B
2021-06-25T10:59:36,200.0,46.3,B
2021-06-25T10:59:34,5000.0,46.2,S
2021-06-25T10:59:31,5300.0,46.3,B
2021-06-25T10:59:31,400.0,46.4,B
2021-06-25T10:59:31,100.0,46.4,B
2021-06-25T10:59:31,2200.0,46.4,B
2021-06-25T10:59:28,2000.0,46.4,B
2021-06-25T10:59:24,200.0,46.3,B
2021-06-25T10:59:18,500.0,46.4,B
2021-06-25T10:59:17,200.0,46.3,B
2021-06-25T10:59:16,300.0,46.3,S
2021-06-25T10:59:09,100.0,46.3,S
2021-06-25T10:58:59,100.0,46.4,S
2021-06-25T10:58:58,2000.0,46.5,B
2021-06-25T10:58:58,100.0,46.4,S
2021-06-25T10:58:51,200.0,46.5,B
2021-06-25T10:58:50,3100.0,46.5,B
2021-06-25T10:58:50,1900.0,46.5,B
2021-06-25T10:58:48,500.0,46.2,S
2021-06-25T10:58:46,900.0,46.5,B
2021-06-25T10:58:46,5500.0,46.5,B
2021-06-25T10:58:46,19600.0,46.5,B
2021-06-25T10:58:40,900.0,46.2,S
2021-06-25T10:58:39,100.0,46.3,S
2021-06-25T10:58:37,1000.0,46.3,S
2021-06-25T10:58:32,500.0,46.35,S
2021-06-25T10:58:29,100.0,46.3,B
2021-06-25T10:58:28,800.0,46.3,B
2021-06-25T10:58:26,200.0,46.2,S
2021-06-25T10:58:25,1000.0,46.3,B
2021-06-25T10:58:22,100.0,46.25,B
2021-06-25T10:58:19,500.0,46.2,S
2021-06-25T10:58:19,200.0,46.2,S
2021-06-25T10:58:10,100.0,46.2,S
2021-06-25T10:58:09,100.0,46.2,S
2021-06-25T10:58:06,500.0,46.3,B
2021-06-25T10:58:05,200.0,46.2,S
2021-06-25T10:58:04,500.0,46.2,S
2021-06-25T10:57:59,4300.0,46.3,B
2021-06-25T10:57:55,600.0,46.2,B
2021-06-25T10:57:54,1000.0,46.2,B
2021-06-25T10:57:54,2500.0,46.2,B
2021-06-25T10:57:54,2100.0,46.2,B
2021-06-25T10:57:54,600.0,46.2,B
2021-06-25T10:57:54,200.0,46.2,B
2021-06-25T10:57:54,1900.0,46.2,B
2021-06-25T10:57:54,200.0,46.2,B
2021-06-25T10:57:54,600.0,46.2,B
2021-06-25T10:57:54,500.0,46.2,B
2021-06-25T10:57:54,3100.0,46.2,B
2021-06-25T10:57:54,1100.0,46.2,B
2021-06-25T10:57:54,4600.0,46.2,B
2021-06-25T10:57:54,5700.0,46.2,B
2021-06-25T10:57:54,2800.0,46.1,B
2021-06-25T10:57:52,10000.0,46.1,B
2021-06-25T10:57:50,3000.0,46.1,B
2021-06-25T10:57:48,10100.0,46.1,B
2021-06-25T10:57:46,200.0,46.1,B
2021-06-25T10:57:44,10000.0,46.1,B
2021-06-25T10:57:43,1600.0,46.1,B
2021-06-25T10:57:42,2500.0,46.1,B
2021-06-25T10:57:42,100.0,46.1,B
2021-06-25T10:57:31,400.0,46.1,B
2021-06-25T10:57:29,4000.0,46.05,S
2021-06-25T10:57:27,1000.0,46.1,B
2021-06-25T10:57:26,1000.0,46.1,B
2021-06-25T10:57:19,500.0,46.05,B
2021-06-25T10:57:16,200.0,46.0,S
2021-06-25T10:57:13,100.0,46.05,B
2021-06-25T10:57:09,600.0,46.0,S
2021-06-25T10:57:09,1000.0,46.0,S
2021-06-25T10:57:03,200.0,46.05,B
2021-06-25T10:57:02,2800.0,46.0,B
2021-06-25T10:57:02,30000.0,46.0,B
2021-06-25T10:57:00,400.0,46.0,B
2021-06-25T10:57:00,600.0,46.0,B
2021-06-25T10:56:59,22100.0,46.0,B
2021-06-25T10:56:59,500.0,46.0,B
2021-06-25T10:56:59,7400.0,46.0,B
2021-06-25T10:56:57,200.0,46.0,B
2021-06-25T10:56:55,1100.0,46.0,B
2021-06-25T10:56:55,2800.0,46.0,B
2021-06-25T10:56:55,4100.0,46.0,B
2021-06-25T10:56:54,1700.0,46.0,B
2021-06-25T10:56:54,1400.0,46.0,B
2021-06-25T10:56:54,5000.0,46.0,B
2021-06-25T10:56:53,1500.0,46.0,B
2021-06-25T10:56:53,2000.0,46.0,B
2021-06-25T10:56:52,500.0,46.0,B
2021-06-25T10:56:52,3000.0,46.0,B
2021-06-25T10:56:50,1500.0,46.0,B
2021-06-25T10:56:50,6200.0,46.0,B
2021-06-25T10:56:50,1000.0,46.0,B
2021-06-25T10:56:49,20000.0,46.0,B
2021-06-25T10:56:49,200.0,46.0,B
2021-06-25T10:56:46,1300.0,46.0,B
2021-06-25T10:56:44,1000.0,46.0,B
2021-06-25T10:56:43,32600.0,46.0,B
2021-06-25T10:56:43,600.0,46.0,B
2021-06-25T10:56:43,700.0,46.0,B
2021-06-25T10:56:43,1100.0,46.0,B
2021-06-25T10:56:43,2500.0,46.0,B
2021-06-25T10:56:43,200.0,46.0,B
2021-06-25T10:56:42,600.0,46.0,B
2021-06-25T10:56:42,2700.0,46.0,B
2021-06-25T10:56:42,5000.0,46.0,B
2021-06-25T10:56:36,100.0,46.0,B
2021-06-25T10:56:35,100.0,45.95,S
2021-06-25T10:56:33,2000.0,46.0,B
2021-06-25T10:56:32,5900.0,46.0,B
2021-06-25T10:56:32,5000.0,46.0,B
2021-06-25T10:56:32,20500.0,46.0,B
2021-06-25T10:56:32,6300.0,46.0,B
2021-06-25T10:56:32,400.0,46.0,B
2021-06-25T10:56:32,1000.0,46.0,B
2021-06-25T10:56:32,900.0,46.0,B
2021-06-25T10:56:32,55300.0,46.0,B
2021-06-25T10:56:32,800.0,46.0,B
2021-06-25T10:56:32,11300.0,46.0,B
2021-06-25T10:56:31,3500.0,46.0,B
2021-06-25T10:56:20,300.0,46.0,B
2021-06-25T10:56:12,400.0,46.0,B
2021-06-25T10:56:12,500.0,46.0,B
2021-06-25T10:56:09,300.0,45.95,B
2021-06-25T10:56:07,200.0,45.95,B
2021-06-25T10:56:06,10000.0,45.95,B
2021-06-25T10:56:05,1000.0,45.95,B
2021-06-25T10:56:05,9600.0,45.95,B
2021-06-25T10:56:03,500.0,45.95,B
2021-06-25T10:56:03,5000.0,45.95,B
2021-06-25T10:56:02,30000.0,45.95,B
2021-06-25T10:56:02,2000.0,45.95,B
2021-06-25T10:55:58,5000.0,45.95,B
2021-06-25T10:55:54,5000.0,45.95,B
2021-06-25T10:55:51,8500.0,45.95,B
2021-06-25T10:55:49,100.0,45.95,B
2021-06-25T10:55:49,1000.0,45.95,B
2021-06-25T10:55:48,20700.0,45.95,B
2021-06-25T10:55:48,5000.0,45.95,B
2021-06-25T10:55:46,8900.0,45.95,B
2021-06-25T10:55:46,20000.0,45.95,B
2021-06-25T10:55:45,500.0,45.9,S
2021-06-25T10:55:44,900.0,45.9,S
2021-06-25T10:55:41,600.0,45.95,B
2021-06-25T10:55:31,2000.0,45.95,B
2021-06-25T10:55:31,500.0,45.9,S
2021-06-25T10:55:28,2000.0,45.95,B
2021-06-25T10:55:24,6900.0,45.95,B
2021-06-25T10:55:19,1000.0,45.95,B
2021-06-25T10:55:18,6800.0,45.95,B
2021-06-25T10:55:18,13200.0,45.95,B
2021-06-25T10:55:16,500.0,45.9,S
2021-06-25T10:55:10,1000.0,45.9,S
2021-06-25T10:54:57,2300.0,45.95,B
2021-06-25T10:54:52,200.0,45.95,B
2021-06-25T10:54:44,1000.0,45.9,S
2021-06-25T10:54:43,100.0,45.95,B
2021-06-25T10:54:39,200.0,45.95,B
2021-06-25T10:54:28,4000.0,45.95,B
2021-06-25T10:54:23,200.0,45.9,S
2021-06-25T10:54:15,18500.0,45.85,S
2021-06-25T10:54:15,10000.0,45.9,S
2021-06-25T10:54:14,3200.0,45.9,S
2021-06-25T10:54:12,100.0,45.9,B
2021-06-25T10:54:02,1700.0,45.9,B
2021-06-25T10:54:00,1000.0,45.9,B
2021-06-25T10:54:00,1000.0,45.9,B
2021-06-25T10:54:00,4800.0,45.9,B
2021-06-25T10:53:58,1200.0,45.9,B
2021-06-25T10:53:58,1500.0,45.9,B
2021-06-25T10:53:58,2800.0,45.9,B
2021-06-25T10:53:48,700.0,45.85,B
2021-06-25T10:53:44,3900.0,45.85,B
2021-06-25T10:53:38,100.0,45.8,S
2021-06-25T10:53:30,1100.0,45.85,B
2021-06-25T10:53:13,10000.0,45.8,S
2021-06-25T10:52:53,500.0,45.8,S
2021-06-25T10:52:48,1000.0,45.85,S
2021-06-25T10:52:33,200.0,45.9,B
2021-06-25T10:52:33,4800.0,45.9,B
2021-06-25T10:52:21,1000.0,45.8,B
2021-06-25T10:52:19,3900.0,45.8,B
2021-06-25T10:52:19,2300.0,45.8,B
2021-06-25T10:52:19,1300.0,45.8,B
2021-06-25T10:52:19,1100.0,45.8,B
2021-06-25T10:52:19,2000.0,45.8,B
2021-06-25T10:52:19,2500.0,45.8,B
2021-06-25T10:52:19,1500.0,45.8,B
2021-06-25T10:52:19,300.0,45.8,B
2021-06-25T10:52:19,1600.0,45.8,B
2021-06-25T10:52:19,2300.0,45.8,B
2021-06-25T10:52:19,200.0,45.8,B
2021-06-25T10:52:19,200.0,45.8,B
2021-06-25T10:52:19,3100.0,45.8,B
2021-06-25T10:52:19,1200.0,45.8,B
2021-06-25T10:51:49,1000.0,45.75,S
2021-06-25T10:51:39,500.0,45.8,B
2021-06-25T10:51:34,3000.0,45.7,S
2021-06-25T10:51:25,800.0,45.75,B
2021-06-25T10:51:25,1000.0,45.75,B
2021-06-25T10:51:25,2100.0,45.75,B
2021-06-25T10:51:18,3000.0,45.75,B
2021-06-25T10:51:17,5000.0,45.7,S
2021-06-25T10:51:16,300.0,45.7,S
2021-06-25T10:51:07,600.0,45.75,B
2021-06-25T10:51:07,400.0,45.75,B
2021-06-25T10:51:00,5000.0,45.7,S
2021-06-25T10:50:51,5000.0,45.7,S
2021-06-25T10:50:50,100.0,45.75,B
2021-06-25T10:50:50,200.0,45.75,B
2021-06-25T10:50:40,1000.0,45.7,S
2021-06-25T10:50:36,700.0,45.7,S
2021-06-25T10:50:34,500.0,45.7,S
2021-06-25T10:50:26,500.0,45.7,B
2021-06-25T10:50:26,11100.0,45.7,B
2021-06-25T10:50:26,1000.0,45.7,B
2021-06-25T10:50:26,500.0,45.7,B
2021-06-25T10:50:26,1500.0,45.7,B
2021-06-25T10:50:25,6400.0,45.7,B
2021-06-25T10:50:22,100.0,45.7,B
2021-06-25T10:50:12,5000.0,45.7,B
2021-06-25T10:50:02,3900.0,45.7,B
2021-06-25T10:50:00,100.0,45.7,B
2021-06-25T10:49:46,1000.0,45.6,S
2021-06-25T10:49:42,300.0,45.7,B
2021-06-25T10:49:42,300.0,45.7,B
2021-06-25T10:49:30,1300.0,45.7,B
2021-06-25T10:49:19,200.0,45.6,S
2021-06-25T10:49:19,500.0,45.6,S
2021-06-25T10:49:11,700.0,45.6,S
2021-06-25T10:48:41,4000.0,45.6,B
2021-06-25T10:48:39,5000.0,45.7,B
2021-06-25T10:48:38,4000.0,45.6,B
2021-06-25T10:48:24,2000.0,45.7,B
2021-06-25T10:48:22,4800.0,45.7,B
2021-06-25T10:48:22,5200.0,45.65,B
2021-06-25T10:48:21,3000.0,45.6,B
2021-06-25T10:48:21,1600.0,45.6,B
2021-06-25T10:48:21,400.0,45.6,B
2021-06-25T10:48:12,5000.0,45.6,B
2021-06-25T10:48:09,1000.0,45.6,B
2021-06-25T10:48:00,5000.0,45.6,B
2021-06-25T10:47:39,400.0,45.6,B
2021-06-25T10:47:39,1200.0,45.55,B
2021-06-25T10:47:34,700.0,45.55,B
2021-06-25T10:47:34,100.0,45.55,B
2021-06-25T10:47:26,300.0,45.5,B
2021-06-25T10:47:24,800.0,45.5,B
2021-06-25T10:47:23,8900.0,45.5,B
2021-06-25T10:47:17,1000.0,45.5,B
2021-06-25T10:47:13,1100.0,45.5,B
2021-06-25T10:47:13,3000.0,45.45,S
2021-06-25T10:47:13,1500.0,45.45,S
2021-06-25T10:47:13,2000.0,45.5,B
2021-06-25T10:46:53,500.0,45.45,S
2021-06-25T10:46:38,11000.0,45.45,B
2021-06-25T10:46:35,12000.0,45.3,S
2021-06-25T10:46:17,1400.0,45.45,B
2021-06-25T10:46:17,200.0,45.45,B
2021-06-25T10:46:17,2400.0,45.45,B
2021-06-25T10:46:07,100.0,45.3,S
2021-06-25T10:45:54,200.0,45.45,B
2021-06-25T10:45:47,1900.0,45.45,B
2021-06-25T10:45:47,500.0,45.4,B
2021-06-25T10:45:47,4800.0,45.4,B
2021-06-25T10:45:47,400.0,45.4,B
2021-06-25T10:45:47,1200.0,45.4,B
2021-06-25T10:45:47,2400.0,45.4,B
2021-06-25T10:45:46,16800.0,45.35,B
2021-06-25T10:45:41,3000.0,45.35,B
2021-06-25T10:45:40,1000.0,45.3,B
2021-06-25T10:45:32,500.0,45.3,B
2021-06-25T10:45:31,2500.0,45.35,B
2021-06-25T10:45:24,1000.0,45.3,B
2021-06-25T10:45:21,2000.0,45.3,B
2021-06-25T10:45:15,2000.0,45.3,B
2021-06-25T10:45:15,500.0,45.3,B
2021-06-25T10:45:14,200.0,45.35,B
2021-06-25T10:45:10,900.0,45.35,B
2021-06-25T10:45:09,1000.0,45.3,B
2021-06-25T10:45:03,5500.0,45.3,B
2021-06-25T10:45:02,1400.0,45.3,B
2021-06-25T10:44:56,700.0,45.3,B
2021-06-25T10:44:52,400.0,45.3,B
2021-06-25T10:44:41,5500.0,45.35,B
2021-06-25T10:44:36,6100.0,45.3,B
2021-06-25T10:44:27,1000.0,45.2,S
2021-06-25T10:44:19,100.0,45.2,S
2021-06-25T10:44:18,400.0,45.2,S
2021-06-25T10:44:12,100.0,45.1,S
2021-06-25T10:44:12,5000.0,45.2,S
2021-06-25T10:44:11,2000.0,45.2,S
2021-06-25T10:44:02,200.0,45.2,S
2021-06-25T10:43:57,18200.0,45.2,S
2021-06-25T10:43:50,6600.0,45.2,S
2021-06-25T10:43:50,14000.0,45.2,S
2021-06-25T10:43:50,6200.0,45.2,S
2021-06-25T10:43:49,5000.0,45.25,B
2021-06-25T10:43:46,1500.0,45.2,S
2021-06-25T10:43:44,2700.0,45.2,S
2021-06-25T10:43:44,11500.0,45.2,S
2021-06-25T10:43:44,2100.0,45.2,S
2021-06-25T10:43:44,6500.0,45.2,S
2021-06-25T10:43:38,2500.0,45.25,B
2021-06-25T10:43:32,4000.0,45.25,S
2021-06-25T10:43:27,10000.0,45.25,S
2021-06-25T10:43:27,200.0,45.25,S
2021-06-25T10:43:23,2000.0,45.25,S
2021-06-25T10:43:23,1000.0,45.25,S
2021-06-25T10:43:23,5000.0,45.25,S
2021-06-25T10:43:21,45100.0,45.25,S
2021-06-25T10:43:21,7200.0,45.25,S
2021-06-25T10:43:21,1700.0,45.3,S
2021-06-25T10:43:21,100.0,45.3,S
2021-06-25T10:43:21,22400.0,45.3,S
2021-06-25T10:43:13,1300.0,45.35,S
2021-06-25T10:43:13,1000.0,45.4,B
2021-06-25T10:43:11,5000.0,45.4,B
2021-06-25T10:43:10,1000.0,45.35,S
2021-06-25T10:43:08,1000.0,45.4,B
2021-06-25T10:43:06,3100.0,45.35,S
2021-06-25T10:42:59,20000.0,45.35,S
2021-06-25T10:42:57,100.0,45.35,S
2021-06-25T10:42:50,3100.0,45.35,S
2021-06-25T10:42:45,500.0,45.35,S
2021-06-25T10:42:38,15600.0,45.3,S
2021-06-25T10:42:38,1600.0,45.3,S
2021-06-25T10:42:38,15000.0,45.3,S
2021-06-25T10:42:38,1900.0,45.3,S
2021-06-25T10:42:38,3200.0,45.3,S
2021-06-25T10:42:38,1200.0,45.3,S
2021-06-25T10:42:38,13300.0,45.3,S
2021-06-25T10:42:34,700.0,45.35,S
2021-06-25T10:42:32,100.0,45.4,B
2021-06-25T10:42:30,400.0,45.4,B
2021-06-25T10:42:29,4000.0,45.35,S
2021-06-25T10:42:22,200.0,45.4,B
2021-06-25T10:42:20,100.0,45.35,S
2021-06-25T10:42:19,400.0,45.4,B
2021-06-25T10:42:19,3500.0,45.4,B
2021-06-25T10:42:18,300.0,45.35,S
2021-06-25T10:42:17,200.0,45.35,S
2021-06-25T10:42:13,2300.0,45.35,S
2021-06-25T10:42:12,500.0,45.4,B
2021-06-25T10:42:08,1000.0,45.35,S
2021-06-25T10:42:02,200.0,45.35,S
2021-06-25T10:42:00,500.0,45.35,S
2021-06-25T10:41:52,500.0,45.35,S
2021-06-25T10:41:48,500.0,45.35,S
2021-06-25T10:41:40,10000.0,45.35,S
2021-06-25T10:41:39,300.0,45.35,S
2021-06-25T10:41:32,100.0,45.35,S
2021-06-25T10:41:27,2800.0,45.35,S
2021-06-25T10:41:27,2200.0,45.35,S
2021-06-25T10:41:17,500.0,45.35,S
2021-06-25T10:41:17,100.0,45.35,S
2021-06-25T10:41:01,100.0,45.35,S
2021-06-25T10:41:01,1500.0,45.35,S
2021-06-25T10:40:59,2000.0,45.35,S
2021-06-25T10:40:49,500.0,45.35,S
2021-06-25T10:40:47,100.0,45.35,S
2021-06-25T10:40:43,200.0,45.35,S
2021-06-25T10:40:35,1100.0,45.35,S
2021-06-25T10:40:35,1300.0,45.35,S
2021-06-25T10:40:35,1300.0,45.35,S
2021-06-25T10:40:35,1600.0,45.35,S
2021-06-25T10:40:23,1200.0,45.35,S
2021-06-25T10:40:22,1000.0,45.4,B
2021-06-25T10:40:13,1200.0,45.35,S
2021-06-25T10:40:05,10000.0,45.35,S
2021-06-25T10:39:57,2500.0,45.35,S
2021-06-25T10:39:53,2000.0,45.4,S
2021-06-25T10:39:32,1200.0,45.35,S
2021-06-25T10:39:11,6500.0,45.35,S
2021-06-25T10:39:09,2100.0,45.4,S
2021-06-25T10:39:07,200.0,45.4,S
2021-06-25T10:39:05,500.0,45.4,S
2021-06-25T10:39:02,500.0,45.4,S
2021-06-25T10:39:02,1000.0,45.4,S
2021-06-25T10:38:55,5200.0,45.4,S
2021-06-25T10:38:50,100.0,45.4,S
2021-06-25T10:38:42,1500.0,45.4,S
2021-06-25T10:38:42,100.0,45.45,B
2021-06-25T10:38:26,300.0,45.4,S
2021-06-25T10:38:26,900.0,45.4,S
2021-06-25T10:38:13,200.0,45.4,S
2021-06-25T10:38:13,400.0,45.4,S
2021-06-25T10:38:06,1000.0,45.45,S
2021-06-25T10:38:03,900.0,45.45,S
2021-06-25T10:37:55,1000.0,45.4,S
2021-06-25T10:37:55,3200.0,45.4,S
2021-06-25T10:37:51,5000.0,45.4,S
2021-06-25T10:37:49,200.0,45.4,S
2021-06-25T10:37:47,11000.0,45.45,S
2021-06-25T10:37:47,100.0,45.4,S
2021-06-25T10:37:46,7500.0,45.45,S
2021-06-25T10:37:36,1800.0,45.4,S
2021-06-25T10:37:34,500.0,45.4,S
2021-06-25T10:37:30,700.0,45.4,S
2021-06-25T10:37:30,500.0,45.4,S
2021-06-25T10:37:30,400.0,45.4,S
2021-06-25T10:37:30,200.0,45.4,S
2021-06-25T10:37:30,300.0,45.4,S
2021-06-25T10:37:22,1400.0,45.4,S
2021-06-25T10:37:18,1000.0,45.4,S
2021-06-25T10:36:52,500.0,45.4,S
2021-06-25T10:36:46,1000.0,45.4,S
2021-06-25T10:36:38,200.0,45.45,S
2021-06-25T10:36:24,400.0,45.4,S
2021-06-25T10:36:14,800.0,45.45,S
2021-06-25T10:36:10,700.0,45.45,S
2021-06-25T10:35:48,5000.0,45.45,S
2021-06-25T10:35:46,500.0,45.45,S
2021-06-25T10:35:37,400.0,45.45,S
2021-06-25T10:35:25,300.0,45.5,B
2021-06-25T10:35:25,300.0,45.5,B
2021-06-25T10:35:24,100.0,45.5,B
2021-06-25T10:35:22,1000.0,45.5,S
2021-06-25T10:35:22,1300.0,45.5,S
2021-06-25T10:35:21,1900.0,45.5,S
2021-06-25T10:35:18,500.0,45.5,S
2021-06-25T10:35:18,100.0,45.5,S
2021-06-25T10:35:15,5000.0,45.5,S
2021-06-25T10:35:11,2000.0,45.5,S
2021-06-25T10:35:07,300.0,45.5,S
2021-06-25T10:35:06,500.0,45.5,S
2021-06-25T10:34:55,4000.0,45.5,S
2021-06-25T10:34:53,5000.0,45.5,S
2021-06-25T10:34:40,2200.0,45.5,S
2021-06-25T10:34:36,1000.0,45.5,S
2021-06-25T10:34:29,200.0,45.5,S
2021-06-25T10:34:27,500.0,45.5,S
2021-06-25T10:34:23,3400.0,45.55,B
2021-06-25T10:34:19,1000.0,45.5,S
2021-06-25T10:34:15,2000.0,45.5,S
2021-06-25T10:34:10,2500.0,45.5,S
2021-06-25T10:34:10,2400.0,45.5,S
2021-06-25T10:34:10,200.0,45.5,S
2021-06-25T10:34:10,2900.0,45.5,S
2021-06-25T10:34:03,1600.0,45.5,S
2021-06-25T10:34:00,400.0,45.5,S
2021-06-25T10:33:43,200.0,45.5,S
2021-06-25T10:33:43,300.0,45.5,S
2021-06-25T10:33:35,6500.0,45.5,S
2021-06-25T10:33:32,100.0,45.6,B
2021-06-25T10:33:21,6900.0,45.6,B
2021-06-25T10:33:21,3100.0,45.55,S
2021-06-25T10:33:15,100.0,45.55,S
2021-06-25T10:33:15,1100.0,45.55,S
2021-06-25T10:33:14,1200.0,45.55,S
2021-06-25T10:33:06,1000.0,45.55,S
2021-06-25T10:32:57,200.0,45.55,S
2021-06-25T10:32:48,1200.0,45.55,S
2021-06-25T10:32:43,3000.0,45.6,B
2021-06-25T10:32:33,2400.0,45.55,S
2021-06-25T10:32:25,300.0,45.6,B
2021-06-25T10:32:02,1000.0,45.6,S
2021-06-25T10:32:02,2000.0,45.6,S
2021-06-25T10:32:02,5300.0,45.6,S
2021-06-25T10:31:51,2900.0,45.6,S
2021-06-25T10:31:51,19700.0,45.6,S
2021-06-25T10:31:25,300.0,45.65,B
2021-06-25T10:31:21,200.0,45.65,S
2021-06-25T10:31:19,100.0,45.65,S
2021-06-25T10:31:17,800.0,45.65,S
2021-06-25T10:31:17,300.0,45.6,S
2021-06-25T10:31:07,11000.0,45.65,S
2021-06-25T10:31:01,2000.0,45.65,S
2021-06-25T10:31:01,2000.0,45.65,S
2021-06-25T10:30:52,300.0,45.65,S
2021-06-25T10:30:51,10000.0,45.7,B
2021-06-25T10:30:49,200.0,45.65,S
2021-06-25T10:30:44,5000.0,45.65,S
2021-06-25T10:30:40,2000.0,45.65,S
2021-06-25T10:30:40,1000.0,45.65,S
2021-06-25T10:30:36,2000.0,45.65,S
2021-06-25T10:30:23,1000.0,45.65,S
2021-06-25T10:30:21,500.0,45.65,S
2021-06-25T10:30:11,500.0,45.65,S
2021-06-25T10:30:09,1300.0,45.65,S
2021-06-25T10:29:44,1000.0,45.7,B
2021-06-25T10:29:40,6000.0,45.65,S
2021-06-25T10:29:40,200.0,45.65,S
2021-06-25T10:29:39,8600.0,45.7,B
2021-06-25T10:29:39,300.0,45.7,B
2021-06-25T10:29:39,10100.0,45.7,B
2021-06-25T10:29:16,1000.0,45.7,B
2021-06-25T10:28:54,300.0,45.65,S
2021-06-25T10:28:43,2000.0,45.7,B
2021-06-25T10:28:39,4000.0,45.7,B
2021-06-25T10:28:39,200.0,45.7,B
2021-06-25T10:28:25,2100.0,45.7,B
2021-06-25T10:28:09,1100.0,45.7,B
2021-06-25T10:28:01,1000.0,45.7,S
2021-06-25T10:27:57,500.0,45.7,S
2021-06-25T10:27:54,1000.0,45.7,S
2021-06-25T10:27:52,400.0,45.7,S
2021-06-25T10:27:49,200.0,45.7,S
2021-06-25T10:27:48,300.0,45.7,S
2021-06-25T10:27:36,100.0,45.7,S
2021-06-25T10:27:34,1000.0,45.7,S
2021-06-25T10:27:32,1000.0,45.7,S
2021-06-25T10:27:30,3000.0,45.7,S
2021-06-25T10:27:25,1000.0,45.7,S
2021-06-25T10:27:25,3000.0,45.7,S
2021-06-25T10:27:25,2000.0,45.7,S
2021-06-25T10:26:55,2000.0,45.7,S
2021-06-25T10:26:50,5600.0,45.7,S
2021-06-25T10:26:47,2000.0,45.7,S
2021-06-25T10:26:42,1500.0,45.7,S
2021-06-25T10:26:37,1000.0,45.7,S
2021-06-25T10:26:32,1000.0,45.7,S
2021-06-25T10:26:26,300.0,45.7,S
2021-06-25T10:26:26,2000.0,45.7,S
2021-06-25T10:26:24,5000.0,45.7,S
2021-06-25T10:26:20,4300.0,45.7,S
2021-06-25T10:26:20,700.0,45.7,S
2021-06-25T10:26:05,100.0,45.7,S
2021-06-25T10:26:05,400.0,45.7,S
2021-06-25T10:26:04,100.0,45.7,S
2021-06-25T10:25:46,300.0,45.7,S
2021-06-25T10:25:23,1000.0,45.7,S
2021-06-25T10:25:01,100.0,45.7,S
2021-06-25T10:24:27,700.0,45.7,S
2021-06-25T10:24:21,1000.0,45.7,S
2021-06-25T10:24:20,2000.0,45.75,B
2021-06-25T10:24:19,2000.0,45.7,S
2021-06-25T10:23:54,500.0,45.7,S
2021-06-25T10:23:52,700.0,45.7,S
2021-06-25T10:23:48,200.0,45.7,S
2021-06-25T10:23:19,2200.0,45.7,B
2021-06-25T10:23:07,300.0,45.7,S
2021-06-25T10:23:04,500.0,45.7,S
2021-06-25T10:22:59,1000.0,45.7,S
2021-06-25T10:22:39,200.0,45.7,B
2021-06-25T10:22:34,100.0,45.7,S
2021-06-25T10:22:31,1000.0,45.7,S
2021-06-25T10:22:30,500.0,45.7,S
2021-06-25T10:22:29,200.0,45.75,B
2021-06-25T10:22:27,4700.0,45.7,S
2021-06-25T10:22:26,3800.0,45.7,S
2021-06-25T10:22:03,1000.0,45.7,S
2021-06-25T10:21:52,7700.0,45.7,S
2021-06-25T10:21:38,400.0,45.75,B
2021-06-25T10:21:32,100.0,45.7,S
2021-06-25T10:21:23,200.0,45.7,S
2021-06-25T10:20:45,200.0,45.7,S
2021-06-25T10:20:44,3000.0,45.7,S
2021-06-25T10:20:35,12400.0,45.75,B
2021-06-25T10:20:34,400.0,45.75,B
2021-06-25T10:20:31,3000.0,45.7,S
2021-06-25T10:20:30,18000.0,45.7,S
2021-06-25T10:20:10,100.0,45.7,S
2021-06-25T10:20:07,5000.0,45.7,S
2021-06-25T10:19:49,1000.0,45.7,S
2021-06-25T10:19:42,300.0,45.7,S
2021-06-25T10:19:39,1000.0,45.7,S
2021-06-25T10:19:36,2000.0,45.7,S
2021-06-25T10:19:36,200.0,45.7,S
2021-06-25T10:19:25,100.0,45.7,S
2021-06-25T10:19:25,700.0,45.7,S
2021-06-25T10:19:23,2200.0,45.7,S
2021-06-25T10:19:21,700.0,45.75,B
2021-06-25T10:19:21,400.0,45.7,S
2021-06-25T10:19:17,200.0,45.7,S
2021-06-25T10:19:14,1800.0,45.7,S
2021-06-25T10:18:59,1400.0,45.7,B
2021-06-25T10:18:51,5000.0,45.7,B
2021-06-25T10:18:26,100.0,45.65,S
2021-06-25T10:18:26,800.0,45.65,S
2021-06-25T10:18:22,5000.0,45.7,B
2021-06-25T10:17:27,200.0,45.65,S
2021-06-25T10:17:27,10000.0,45.7,B
2021-06-25T10:17:23,100.0,45.65,S
2021-06-25T10:16:11,700.0,45.65,S
2021-06-25T10:16:04,1500.0,45.65,S
2021-06-25T10:15:53,5000.0,45.65,S
2021-06-25T10:15:51,10000.0,45.65,S
2021-06-25T10:15:49,2900.0,45.65,S
2021-06-25T10:15:35,500.0,45.65,S
2021-06-25T10:15:33,3000.0,45.65,S
2021-06-25T10:15:30,5000.0,45.7,B
2021-06-25T10:15:18,300.0,45.65,S
2021-06-25T10:15:12,2000.0,45.65,S
2021-06-25T10:15:10,500.0,45.65,S
2021-06-25T10:14:59,1100.0,45.65,S
2021-06-25T10:14:54,500.0,45.65,S
2021-06-25T10:14:25,300.0,45.65,S
2021-06-25T10:13:58,400.0,45.65,S
2021-06-25T10:13:42,200.0,45.65,S
2021-06-25T10:13:30,2000.0,45.65,S
2021-06-25T10:13:17,5000.0,45.65,S
2021-06-25T10:13:15,100.0,45.7,B
2021-06-25T10:12:51,13000.0,45.7,B
2021-06-25T10:12:45,600.0,45.65,S
2021-06-25T10:12:40,300.0,45.7,B
2021-06-25T10:12:35,8100.0,45.7,S
2021-06-25T10:12:34,2000.0,45.7,S
2021-06-25T10:12:27,1000.0,45.75,B
2021-06-25T10:12:22,1500.0,45.75,B
2021-06-25T10:12:21,500.0,45.7,S
2021-06-25T10:12:19,2000.0,45.7,S
2021-06-25T10:12:18,100.0,45.7,S
2021-06-25T10:12:15,5000.0,45.7,S
2021-06-25T10:11:56,5000.0,45.7,S
2021-06-25T10:11:54,100.0,45.7,S
2021-06-25T10:11:25,500.0,45.7,S
2021-06-25T10:11:08,500.0,45.75,B
2021-06-25T10:10:53,200.0,45.75,B
2021-06-25T10:10:53,300.0,45.7,S
2021-06-25T10:10:50,100.0,45.75,B
2021-06-25T10:10:41,1500.0,45.7,S
2021-06-25T10:10:30,400.0,45.75,B
2021-06-25T10:10:29,10000.0,45.7,S
2021-06-25T10:10:11,200.0,45.75,B
2021-06-25T10:09:48,2000.0,45.75,B
2021-06-25T10:09:45,2000.0,45.75,B
2021-06-25T10:09:40,15300.0,45.75,S
2021-06-25T10:09:31,4700.0,45.8,B
2021-06-25T10:09:21,2000.0,45.8,B
2021-06-25T10:09:18,100.0,45.8,B
2021-06-25T10:09:16,1000.0,45.8,B
2021-06-25T10:09:14,1000.0,45.8,B
2021-06-25T10:09:02,4100.0,45.8,B
2021-06-25T10:08:45,200.0,45.8,B
2021-06-25T10:08:30,2000.0,45.8,B
2021-06-25T10:08:23,1900.0,45.8,B
2021-06-25T10:08:22,3000.0,45.8,B
2021-06-25T10:08:22,8500.0,45.8,B
2021-06-25T10:08:19,5000.0,45.75,B
2021-06-25T10:08:15,100.0,45.75,B
2021-06-25T10:08:14,1600.0,45.75,B
2021-06-25T10:08:06,1000.0,45.75,B
2021-06-25T10:08:06,13500.0,45.75,B
2021-06-25T10:07:59,10000.0,45.75,B
2021-06-25T10:07:58,100.0,45.75,B
2021-06-25T10:07:54,10000.0,45.75,B
2021-06-25T10:07:44,100.0,45.75,B
2021-06-25T10:07:44,100.0,45.75,B
2021-06-25T10:07:35,2000.0,45.75,B
2021-06-25T10:07:33,6000.0,45.75,B
2021-06-25T10:07:31,6500.0,45.75,S
2021-06-25T10:07:27,3000.0,45.75,S
2021-06-25T10:07:25,11500.0,45.75,S
2021-06-25T10:07:25,300.0,45.75,S
2021-06-25T10:07:19,10000.0,45.8,B
2021-06-25T10:07:16,500.0,45.75,S
2021-06-25T10:06:58,10900.0,45.75,B
2021-06-25T10:06:57,600.0,45.7,S
2021-06-25T10:06:56,2000.0,45.75,B
2021-06-25T10:06:50,300.0,45.75,B
2021-06-25T10:06:50,400.0,45.75,B
2021-06-25T10:06:49,500.0,45.75,B
2021-06-25T10:06:49,1000.0,45.75,B
2021-06-25T10:06:40,500.0,45.7,S
2021-06-25T10:06:19,6400.0,45.7,B
2021-06-25T10:06:19,10000.0,45.7,B
2021-06-25T10:06:17,3600.0,45.7,B
2021-06-25T10:06:16,10000.0,45.7,B
2021-06-25T10:06:03,9700.0,45.7,B
2021-06-25T10:05:59,100.0,45.7,B
2021-06-25T10:05:58,1000.0,45.7,B
2021-06-25T10:05:58,2000.0,45.7,B
2021-06-25T10:05:57,100.0,45.7,B
2021-06-25T10:05:44,2000.0,45.7,B
2021-06-25T10:05:27,1000.0,45.65,B
2021-06-25T10:05:24,400.0,45.65,B
2021-06-25T10:05:19,1000.0,45.65,B
2021-06-25T10:05:14,2000.0,45.65,B
2021-06-25T10:05:11,1000.0,45.6,S
2021-06-25T10:05:09,900.0,45.65,B
2021-06-25T10:05:08,1000.0,45.65,B
2021-06-25T10:05:05,200.0,45.65,B
2021-06-25T10:05:05,1000.0,45.65,B
2021-06-25T10:05:04,100.0,45.65,B
2021-06-25T10:05:03,5500.0,45.65,B
2021-06-25T10:05:03,1000.0,45.65,B
2021-06-25T10:04:57,5000.0,45.65,B
2021-06-25T10:04:55,2000.0,45.65,B
2021-06-25T10:04:54,10000.0,45.65,B
2021-06-25T10:04:52,1000.0,45.65,B
2021-06-25T10:04:48,10000.0,45.65,B
2021-06-25T10:04:40,4000.0,45.65,B
2021-06-25T10:04:39,100.0,45.65,B
2021-06-25T10:04:34,3000.0,45.65,B
2021-06-25T10:04:32,100.0,45.65,B
2021-06-25T10:04:30,3200.0,45.65,B
2021-06-25T10:04:27,3400.0,45.65,B
2021-06-25T10:04:26,2000.0,45.65,B
2021-06-25T10:04:24,400.0,45.65,B
2021-06-25T10:04:20,5200.0,45.65,B
2021-06-25T10:04:19,400.0,45.6,S
2021-06-25T10:04:15,300.0,45.65,B
2021-06-25T10:04:15,100.0,45.65,B
2021-06-25T10:03:56,2000.0,45.65,B
2021-06-25T10:03:49,500.0,45.65,B
2021-06-25T10:03:44,3400.0,45.65,B
2021-06-25T10:03:23,500.0,45.65,B
2021-06-25T10:03:19,800.0,45.6,S
2021-06-25T10:03:01,5000.0,45.65,B
2021-06-25T10:02:57,500.0,45.65,B
2021-06-25T10:02:45,600.0,45.6,S
2021-06-25T10:02:02,500.0,45.6,S
2021-06-25T10:01:45,3000.0,45.65,B
2021-06-25T10:01:44,200.0,45.6,S
2021-06-25T10:01:11,1000.0,45.6,S
2021-06-25T10:01:01,6100.0,45.6,B
2021-06-25T10:00:50,500.0,45.55,S
2021-06-25T10:00:37,2000.0,45.6,B
2021-06-25T10:00:20,100.0,45.6,B
2021-06-25T10:00:11,500.0,45.6,B
2021-06-25T10:00:11,200.0,45.6,B
2021-06-25T10:00:05,100.0,45.6,B
2021-06-25T10:00:00,100.0,45.6,B
2021-06-25T09:59:54,1000.0,45.6,B
2021-06-25T09:59:54,1000.0,45.6,B
2021-06-25T09:59:54,100.0,45.6,B
2021-06-25T09:59:47,3000.0,45.6,B
2021-06-25T09:59:45,2000.0,45.6,B
2021-06-25T09:59:25,200.0,45.6,B
2021-06-25T09:59:25,2000.0,45.6,B
2021-06-25T09:59:02,1800.0,45.6,B
2021-06-25T09:59:02,200.0,45.55,B
2021-06-25T09:58:55,3300.0,45.5,S
2021-06-25T09:58:41,1700.0,45.5,B
2021-06-25T09:58:34,5000.0,45.5,B
2021-06-25T09:58:31,100.0,45.5,B
2021-06-25T09:58:23,5000.0,45.5,S
2021-06-25T09:58:23,200.0,45.5,S
2021-06-25T09:58:23,5800.0,45.5,S
2021-06-25T09:58:23,5600.0,45.5,S
2021-06-25T09:58:23,600.0,45.5,S
2021-06-25T09:58:23,5300.0,45.5,S
2021-06-25T09:58:05,3000.0,45.5,S
2021-06-25T09:58:03,5000.0,45.55,B
2021-06-25T09:57:43,10000.0,45.5,S
2021-06-25T09:57:13,6600.0,45.55,S
2021-06-25T09:57:01,4000.0,45.55,S
2021-06-25T09:56:47,1500.0,45.6,S
2021-06-25T09:56:41,5100.0,45.65,B
2021-06-25T09:56:18,1000.0,45.65,B
2021-06-25T09:56:03,2300.0,45.65,B
2021-06-25T09:56:03,1700.0,45.6,B
2021-06-25T09:55:52,1000.0,45.6,B
2021-06-25T09:55:31,800.0,45.6,B
