tradingTime,volume,price,side
2021-06-25T14:30:12,100.0,41.95,S
2021-06-25T14:30:12,10000.0,41.95,S
2021-06-25T14:30:02,1000.0,41.95,S
2021-06-25T14:30:02,1000.0,42.0,B
2021-06-25T14:29:59,1200.0,41.95,S
2021-06-25T14:29:57,4000.0,42.0,B
2021-06-25T14:29:55,3900.0,42.0,B
2021-06-25T14:29:55,1000.0,42.0,B
2021-06-25T14:29:52,200.0,41.95,S
2021-06-25T14:29:52,400.0,41.95,S
2021-06-25T14:29:50,1200.0,41.95,S
2021-06-25T14:29:50,1900.0,41.95,S
2021-06-25T14:29:49,1000.0,42.0,B
2021-06-25T14:29:46,200.0,42.0,B
2021-06-25T14:29:43,100.0,41.95,S
2021-06-25T14:29:42,300.0,41.95,S
2021-06-25T14:29:41,1000.0,42.0,B
2021-06-25T14:29:39,10000.0,41.95,S
2021-06-25T14:29:38,1000.0,42.0,B
2021-06-25T14:29:34,400.0,41.95,S
2021-06-25T14:29:32,7600.0,41.95,S
2021-06-25T14:29:32,7400.0,41.95,S
2021-06-25T14:29:32,3900.0,42.0,B
2021-06-25T14:29:26,1700.0,42.0,B
2021-06-25T14:29:26,2000.0,42.0,B
2021-06-25T14:29:26,2000.0,42.0,B
2021-06-25T14:29:12,100.0,41.95,S
2021-06-25T14:29:12,3900.0,42.0,B
2021-06-25T14:29:11,2500.0,42.0,B
2021-06-25T14:29:09,1000.0,42.0,B
2021-06-25T14:29:08,500.0,41.95,S
2021-06-25T14:29:07,2000.0,41.95,S
2021-06-25T14:29:04,1000.0,41.95,S
2021-06-25T14:29:02,100.0,42.0,B
2021-06-25T14:29:02,500.0,42.0,B
2021-06-25T14:29:00,5000.0,42.0,B
2021-06-25T14:28:57,1000.0,42.0,B
2021-06-25T14:28:54,100.0,41.95,S
2021-06-25T14:28:51,500.0,42.0,B
2021-06-25T14:28:51,500.0,41.95,S
2021-06-25T14:28:46,5000.0,42.0,B
2021-06-25T14:28:43,400.0,42.0,B
2021-06-25T14:28:40,1000.0,42.0,B
2021-06-25T14:28:37,1100.0,42.0,B
2021-06-25T14:28:34,300.0,41.95,S
2021-06-25T14:28:27,3900.0,41.95,S
2021-06-25T14:28:27,15500.0,41.95,S
2021-06-25T14:28:27,10600.0,41.95,S
2021-06-25T14:28:26,400.0,41.95,S
2021-06-25T14:28:24,9000.0,42.0,B
2021-06-25T14:28:24,500.0,42.0,B
2021-06-25T14:28:19,500.0,42.0,B
2021-06-25T14:28:17,100.0,42.0,B
2021-06-25T14:28:16,300.0,42.0,B
2021-06-25T14:28:12,6000.0,41.95,S
2021-06-25T14:28:11,1100.0,42.0,B
2021-06-25T14:28:09,400.0,42.0,B
2021-06-25T14:28:09,1000.0,42.0,B
2021-06-25T14:28:09,3400.0,42.0,B
2021-06-25T14:28:09,300.0,42.0,B
2021-06-25T14:28:09,2700.0,42.0,B
2021-06-25T14:28:09,1100.0,42.0,B
2021-06-25T14:28:09,6600.0,42.0,B
2021-06-25T14:28:09,1500.0,42.0,B
2021-06-25T14:28:09,5400.0,42.0,B
2021-06-25T14:28:07,1700.0,42.0,B
2021-06-25T14:28:03,2000.0,42.0,B
2021-06-25T14:28:02,100.0,41.95,S
2021-06-25T14:28:00,2000.0,42.0,B
2021-06-25T14:27:58,100.0,41.95,S
2021-06-25T14:27:53,100.0,41.95,S
2021-06-25T14:27:50,3900.0,42.0,B
2021-06-25T14:27:49,100.0,41.95,S
2021-06-25T14:27:46,2500.0,42.0,B
2021-06-25T14:27:46,700.0,42.0,B
2021-06-25T14:27:46,200.0,42.0,B
2021-06-25T14:27:46,1100.0,42.0,B
2021-06-25T14:27:46,200.0,42.0,B
2021-06-25T14:27:44,100.0,41.95,S
2021-06-25T14:27:37,500.0,42.0,B
2021-06-25T14:27:37,100.0,41.95,S
2021-06-25T14:27:36,1000.0,41.95,S
2021-06-25T14:27:24,400.0,41.95,S
2021-06-25T14:27:22,6000.0,41.9,S
2021-06-25T14:27:21,2000.0,41.95,S
2021-06-25T14:27:19,100.0,42.0,B
2021-06-25T14:27:16,500.0,41.95,S
2021-06-25T14:27:10,200.0,41.95,S
2021-06-25T14:27:10,200.0,41.95,S
2021-06-25T14:27:09,9900.0,41.95,S
2021-06-25T14:27:09,1100.0,41.95,S
2021-06-25T14:27:09,9000.0,41.95,S
2021-06-25T14:27:07,200.0,42.0,B
2021-06-25T14:27:07,1800.0,42.0,B
2021-06-25T14:27:06,2000.0,42.0,B
2021-06-25T14:27:02,5900.0,41.95,S
2021-06-25T14:27:01,500.0,41.95,B
2021-06-25T14:27:00,100.0,41.95,B
2021-06-25T14:26:57,1200.0,41.95,B
2021-06-25T14:26:56,400.0,41.95,B
2021-06-25T14:26:56,1500.0,41.95,B
2021-06-25T14:26:56,300.0,41.95,B
2021-06-25T14:26:56,14900.0,41.95,B
2021-06-25T14:26:56,100.0,41.95,B
2021-06-25T14:26:52,200.0,41.95,B
2021-06-25T14:26:51,800.0,41.95,B
2021-06-25T14:26:50,200.0,41.95,B
2021-06-25T14:26:49,500.0,41.95,B
2021-06-25T14:26:45,1000.0,41.9,S
2021-06-25T14:26:43,3500.0,41.9,S
2021-06-25T14:26:43,5100.0,41.9,S
2021-06-25T14:26:42,400.0,41.95,B
2021-06-25T14:26:42,100.0,41.9,S
2021-06-25T14:26:37,4400.0,41.95,B
2021-06-25T14:26:35,200.0,41.95,B
2021-06-25T14:26:32,3600.0,41.95,B
2021-06-25T14:26:30,300.0,41.95,B
2021-06-25T14:26:30,400.0,41.95,B
2021-06-25T14:26:30,100.0,41.95,B
2021-06-25T14:26:30,100.0,41.9,S
2021-06-25T14:26:28,200.0,41.95,B
2021-06-25T14:26:24,3700.0,41.95,B
2021-06-25T14:26:24,600.0,41.95,B
2021-06-25T14:26:22,700.0,41.95,B
2021-06-25T14:26:22,300.0,41.95,B
2021-06-25T14:26:14,100.0,41.95,B
2021-06-25T14:26:12,100.0,41.95,B
2021-06-25T14:26:11,100.0,41.95,B
2021-06-25T14:26:09,1000.0,41.95,B
2021-06-25T14:26:07,20000.0,41.95,B
2021-06-25T14:26:02,2000.0,41.9,S
2021-06-25T14:26:01,200.0,41.95,B
2021-06-25T14:25:57,200.0,41.9,S
2021-06-25T14:25:57,1100.0,41.95,B
2021-06-25T14:25:56,1000.0,41.95,B
2021-06-25T14:25:55,1600.0,41.95,B
2021-06-25T14:25:54,200.0,41.95,B
2021-06-25T14:25:51,1000.0,41.9,S
2021-06-25T14:25:47,1300.0,41.95,B
2021-06-25T14:25:47,1000.0,41.9,S
2021-06-25T14:25:45,2500.0,41.9,S
2021-06-25T14:25:42,5000.0,41.95,B
2021-06-25T14:25:41,100.0,41.95,B
2021-06-25T14:25:37,2000.0,41.9,S
2021-06-25T14:25:32,200.0,41.9,S
2021-06-25T14:25:31,100.0,41.95,B
2021-06-25T14:25:30,1000.0,41.9,S
2021-06-25T14:25:29,12600.0,41.95,B
2021-06-25T14:25:17,1000.0,41.95,B
2021-06-25T14:25:12,1600.0,41.95,B
2021-06-25T14:25:11,1000.0,41.95,B
2021-06-25T14:25:11,600.0,41.95,B
2021-06-25T14:25:09,10300.0,41.95,B
2021-06-25T14:25:09,1900.0,41.95,B
2021-06-25T14:25:09,300.0,41.95,B
2021-06-25T14:25:00,500.0,41.95,B
2021-06-25T14:25:00,2000.0,41.9,S
2021-06-25T14:24:41,600.0,41.95,B
2021-06-25T14:24:36,2000.0,41.9,S
2021-06-25T14:24:32,1000.0,41.95,B
2021-06-25T14:24:31,100.0,41.95,B
2021-06-25T14:24:29,20000.0,41.9,S
2021-06-25T14:24:20,100.0,41.9,S
2021-06-25T14:23:53,200.0,41.9,B
2021-06-25T14:23:48,300.0,41.9,B
2021-06-25T14:23:46,200.0,41.9,B
2021-06-25T14:23:44,800.0,41.95,B
2021-06-25T14:23:44,200.0,41.95,B
2021-06-25T14:23:44,600.0,41.95,B
2021-06-25T14:23:44,400.0,41.9,B
2021-06-25T14:23:44,100.0,41.9,B
2021-06-25T14:23:42,700.0,41.95,B
2021-06-25T14:23:42,300.0,41.95,B
2021-06-25T14:23:37,300.0,41.9,B
2021-06-25T14:23:37,3500.0,41.9,B
2021-06-25T14:23:37,6100.0,41.9,B
2021-06-25T14:23:37,1000.0,41.9,B
2021-06-25T14:23:34,5000.0,41.9,B
2021-06-25T14:23:31,5000.0,41.9,B
2021-06-25T14:23:27,300.0,41.9,B
2021-06-25T14:23:24,700.0,41.85,S
2021-06-25T14:23:24,100.0,41.9,B
2021-06-25T14:23:23,200.0,41.9,B
2021-06-25T14:23:21,700.0,41.9,B
2021-06-25T14:23:21,100.0,41.85,S
2021-06-25T14:23:18,5000.0,41.9,B
2021-06-25T14:23:18,100.0,41.85,S
2021-06-25T14:23:16,200.0,41.9,B
2021-06-25T14:23:16,4100.0,41.9,B
2021-06-25T14:23:15,400.0,41.9,B
2021-06-25T14:23:15,100.0,41.9,B
2021-06-25T14:23:13,9900.0,41.9,B
2021-06-25T14:23:13,6500.0,41.9,B
2021-06-25T14:23:13,300.0,41.9,B
2021-06-25T14:23:13,42000.0,41.9,B
2021-06-25T14:23:13,12400.0,41.9,B
2021-06-25T14:23:13,25000.0,41.9,B
2021-06-25T14:23:13,2100.0,41.9,B
2021-06-25T14:23:12,1100.0,41.9,B
2021-06-25T14:23:12,20700.0,41.9,B
2021-06-25T14:23:07,20000.0,41.9,B
2021-06-25T14:23:06,6000.0,41.85,S
2021-06-25T14:23:06,100.0,41.85,S
2021-06-25T14:23:05,3900.0,41.85,S
2021-06-25T14:23:05,20000.0,41.9,B
2021-06-25T14:23:04,1000.0,41.9,B
2021-06-25T14:23:04,200.0,41.85,S
2021-06-25T14:23:02,4000.0,41.9,B
2021-06-25T14:22:52,3000.0,41.9,B
2021-06-25T14:22:48,1000.0,41.9,B
2021-06-25T14:22:46,900.0,41.9,B
2021-06-25T14:22:46,100.0,41.9,B
2021-06-25T14:22:46,1300.0,41.9,B
2021-06-25T14:22:44,2500.0,41.85,S
2021-06-25T14:22:44,300.0,41.9,B
2021-06-25T14:22:34,400.0,41.85,S
2021-06-25T14:22:29,700.0,41.85,S
2021-06-25T14:22:29,5300.0,41.85,S
2021-06-25T14:22:27,200.0,41.9,B
2021-06-25T14:22:26,200.0,41.9,B
2021-06-25T14:22:25,4000.0,41.9,B
2021-06-25T14:22:22,400.0,41.9,B
2021-06-25T14:22:21,3000.0,41.9,B
2021-06-25T14:22:21,800.0,41.9,B
2021-06-25T14:22:21,1200.0,41.9,B
2021-06-25T14:22:19,600.0,41.9,B
2021-06-25T14:22:18,3000.0,41.9,B
2021-06-25T14:22:14,200.0,41.9,B
2021-06-25T14:22:14,800.0,41.9,B
2021-06-25T14:22:12,200.0,41.9,B
2021-06-25T14:22:12,300.0,41.9,B
2021-06-25T14:22:12,2500.0,41.9,B
2021-06-25T14:22:09,4000.0,41.9,B
2021-06-25T14:22:08,100.0,41.9,B
2021-06-25T14:22:07,100.0,41.9,B
2021-06-25T14:22:07,2900.0,41.9,B
2021-06-25T14:22:04,500.0,41.9,B
2021-06-25T14:22:03,300.0,41.85,S
2021-06-25T14:22:00,700.0,41.9,B
2021-06-25T14:21:56,100.0,41.9,B
2021-06-25T14:21:56,2000.0,41.9,B
2021-06-25T14:21:54,1000.0,41.9,B
2021-06-25T14:21:50,9200.0,41.85,S
2021-06-25T14:21:47,2000.0,41.9,B
2021-06-25T14:21:47,100.0,41.9,B
2021-06-25T14:21:46,500.0,41.9,B
2021-06-25T14:21:46,6600.0,41.85,S
2021-06-25T14:21:46,400.0,41.85,S
2021-06-25T14:21:46,100.0,41.85,S
2021-06-25T14:21:46,200.0,41.85,S
2021-06-25T14:21:46,100.0,41.85,S
2021-06-25T14:21:46,1800.0,41.85,S
2021-06-25T14:21:46,1100.0,41.85,S
2021-06-25T14:21:46,100.0,41.85,S
2021-06-25T14:21:46,600.0,41.85,S
2021-06-25T14:21:46,1100.0,41.85,S
2021-06-25T14:21:46,21500.0,41.85,S
2021-06-25T14:21:42,2000.0,41.9,B
2021-06-25T14:21:38,12200.0,41.85,S
2021-06-25T14:21:37,200.0,41.9,B
2021-06-25T14:21:36,1000.0,41.9,B
2021-06-25T14:21:34,100.0,41.9,B
2021-06-25T14:21:34,800.0,41.9,B
2021-06-25T14:21:31,100.0,41.9,B
2021-06-25T14:21:29,500.0,41.9,B
2021-06-25T14:21:29,1600.0,41.9,B
2021-06-25T14:21:24,2900.0,41.85,S
2021-06-25T14:21:21,500.0,41.9,B
2021-06-25T14:21:21,900.0,41.85,S
2021-06-25T14:21:19,1800.0,41.9,B
2021-06-25T14:21:17,1900.0,41.9,B
2021-06-25T14:21:13,10000.0,41.9,B
2021-06-25T14:21:13,100.0,41.9,B
2021-06-25T14:21:11,10000.0,41.85,S
2021-06-25T14:21:10,2000.0,41.9,B
2021-06-25T14:20:54,9200.0,41.85,S
2021-06-25T14:20:54,2400.0,41.85,S
2021-06-25T14:20:54,1600.0,41.85,S
2021-06-25T14:20:54,6800.0,41.85,S
2021-06-25T14:20:53,1000.0,41.9,B
2021-06-25T14:20:52,10000.0,41.9,B
2021-06-25T14:20:50,300.0,41.9,B
2021-06-25T14:20:49,500.0,41.85,S
2021-06-25T14:20:47,300.0,41.85,S
2021-06-25T14:20:47,1000.0,41.9,B
2021-06-25T14:20:43,600.0,41.9,B
2021-06-25T14:20:38,44000.0,41.9,B
2021-06-25T14:20:36,3000.0,41.9,B
2021-06-25T14:20:32,5000.0,41.85,S
2021-06-25T14:20:29,1400.0,41.9,B
2021-06-25T14:20:29,2200.0,41.9,B
2021-06-25T14:20:28,1000.0,41.9,B
2021-06-25T14:20:28,500.0,41.85,S
2021-06-25T14:20:26,300.0,41.9,B
2021-06-25T14:20:25,100.0,41.9,B
2021-06-25T14:20:24,1000.0,41.9,B
2021-06-25T14:20:23,100.0,41.9,B
2021-06-25T14:20:22,1000.0,41.9,B
2021-06-25T14:20:18,5000.0,41.9,B
2021-06-25T14:20:12,400.0,41.85,S
2021-06-25T14:20:08,400.0,41.9,B
2021-06-25T14:20:07,600.0,41.9,B
2021-06-25T14:20:07,1100.0,41.85,S
2021-06-25T14:20:06,5900.0,41.85,S
2021-06-25T14:20:06,1000.0,41.85,S
2021-06-25T14:20:06,700.0,41.85,S
2021-06-25T14:19:53,100.0,41.9,B
2021-06-25T14:19:51,1000.0,41.9,B
2021-06-25T14:19:42,1000.0,41.9,B
2021-06-25T14:19:42,3000.0,41.9,B
2021-06-25T14:19:39,2000.0,41.9,B
2021-06-25T14:19:37,100.0,41.85,S
2021-06-25T14:19:37,400.0,41.9,B
2021-06-25T14:19:34,500.0,41.9,B
2021-06-25T14:19:34,2000.0,41.9,B
2021-06-25T14:19:33,300.0,41.9,B
2021-06-25T14:19:25,2000.0,41.9,B
2021-06-25T14:19:23,13000.0,41.9,B
2021-06-25T14:19:23,17000.0,41.9,B
2021-06-25T14:19:23,300.0,41.85,S
2021-06-25T14:19:22,1000.0,41.85,S
2021-06-25T14:19:22,800.0,41.9,B
2021-06-25T14:19:22,1300.0,41.9,B
2021-06-25T14:19:21,2900.0,41.9,B
2021-06-25T14:19:20,2500.0,41.9,B
2021-06-25T14:19:20,400.0,41.9,B
2021-06-25T14:19:17,1000.0,41.9,B
2021-06-25T14:19:15,1600.0,41.9,B
2021-06-25T14:19:14,500.0,41.9,B
2021-06-25T14:19:12,3400.0,41.85,S
2021-06-25T14:19:12,5500.0,41.85,S
2021-06-25T14:19:12,600.0,41.85,S
2021-06-25T14:19:12,1600.0,41.85,S
2021-06-25T14:19:12,8900.0,41.85,S
2021-06-25T14:19:12,3200.0,41.85,S
2021-06-25T14:19:12,1600.0,41.85,S
2021-06-25T14:19:12,1000.0,41.85,S
2021-06-25T14:19:12,10000.0,41.85,S
2021-06-25T14:19:12,600.0,41.85,S
2021-06-25T14:19:12,7000.0,41.85,S
2021-06-25T14:19:12,1800.0,41.85,S
2021-06-25T14:19:12,2000.0,41.85,S
2021-06-25T14:19:12,8800.0,41.85,S
2021-06-25T14:19:12,1900.0,41.85,S
2021-06-25T14:19:12,1000.0,41.85,S
2021-06-25T14:19:11,300.0,41.85,S
2021-06-25T14:19:11,400.0,41.85,S
2021-06-25T14:19:11,1900.0,41.85,S
2021-06-25T14:19:11,1900.0,41.85,S
2021-06-25T14:19:11,100.0,41.85,S
2021-06-25T14:19:11,100.0,41.85,S
2021-06-25T14:19:11,8300.0,41.85,S
2021-06-25T14:19:11,9100.0,41.85,S
2021-06-25T14:19:10,100.0,41.9,B
2021-06-25T14:19:02,100.0,41.9,B
2021-06-25T14:19:01,500.0,41.85,S
2021-06-25T14:19:00,100.0,41.9,B
2021-06-25T14:18:55,100.0,41.9,B
2021-06-25T14:18:45,1000.0,41.9,B
2021-06-25T14:18:44,300.0,41.9,B
2021-06-25T14:18:42,200.0,41.9,B
2021-06-25T14:18:42,3000.0,41.9,B
2021-06-25T14:18:41,3000.0,41.9,B
2021-06-25T14:18:36,200.0,41.9,B
2021-06-25T14:18:36,700.0,41.9,B
2021-06-25T14:18:32,500.0,41.9,B
2021-06-25T14:18:32,1200.0,41.85,S
2021-06-25T14:18:30,1500.0,41.9,B
2021-06-25T14:18:27,2000.0,41.9,B
2021-06-25T14:18:21,700.0,41.9,B
2021-06-25T14:18:20,2000.0,41.9,B
2021-06-25T14:18:17,100.0,41.85,S
2021-06-25T14:18:17,1000.0,41.9,B
2021-06-25T14:18:15,1100.0,41.9,B
2021-06-25T14:18:09,2000.0,41.9,B
2021-06-25T14:18:08,100.0,41.9,B
2021-06-25T14:18:07,2000.0,41.9,B
2021-06-25T14:18:04,1000.0,41.9,B
2021-06-25T14:18:01,2000.0,41.85,S
2021-06-25T14:17:58,100.0,41.9,B
2021-06-25T14:17:57,100.0,41.9,B
2021-06-25T14:17:47,100.0,41.9,B
2021-06-25T14:17:46,1000.0,41.9,B
2021-06-25T14:17:44,700.0,41.85,S
2021-06-25T14:17:40,500.0,41.85,S
2021-06-25T14:17:33,400.0,41.9,B
2021-06-25T14:17:33,2500.0,41.9,B
2021-06-25T14:17:30,300.0,41.9,B
2021-06-25T14:17:27,1000.0,41.9,B
2021-06-25T14:17:27,2000.0,41.9,B
2021-06-25T14:17:19,100.0,41.9,B
2021-06-25T14:17:18,5000.0,41.9,B
2021-06-25T14:17:11,2700.0,41.85,S
2021-06-25T14:17:10,100.0,41.9,B
2021-06-25T14:17:09,100.0,41.85,S
2021-06-25T14:17:09,200.0,41.85,S
2021-06-25T14:17:02,1600.0,41.85,S
2021-06-25T14:17:01,1700.0,41.9,B
2021-06-25T14:17:00,1000.0,41.9,B
2021-06-25T14:17:00,5000.0,41.85,S
2021-06-25T14:16:59,200.0,41.9,B
2021-06-25T14:16:58,600.0,41.85,S
2021-06-25T14:16:49,2000.0,41.85,S
2021-06-25T14:16:48,800.0,41.85,S
2021-06-25T14:16:46,900.0,41.9,B
2021-06-25T14:16:43,400.0,41.9,B
2021-06-25T14:16:42,100.0,41.9,B
2021-06-25T14:16:37,100.0,41.9,B
2021-06-25T14:16:36,400.0,41.85,S
2021-06-25T14:16:36,2600.0,41.85,S
2021-06-25T14:16:33,1000.0,41.9,B
2021-06-25T14:16:30,500.0,41.9,B
2021-06-25T14:16:30,1000.0,41.85,S
2021-06-25T14:16:30,1400.0,41.85,S
2021-06-25T14:16:25,100.0,41.85,S
2021-06-25T14:16:21,3100.0,41.9,B
2021-06-25T14:16:18,1000.0,41.85,S
2021-06-25T14:16:09,200.0,41.9,B
2021-06-25T14:16:09,1500.0,41.9,B
2021-06-25T14:16:07,4000.0,41.85,S
2021-06-25T14:16:02,500.0,41.9,B
2021-06-25T14:15:55,1500.0,41.9,B
2021-06-25T14:15:45,500.0,41.85,S
2021-06-25T14:15:45,2000.0,41.85,S
2021-06-25T14:15:40,100.0,41.9,B
2021-06-25T14:15:38,100.0,41.9,B
2021-06-25T14:15:32,20000.0,41.85,S
2021-06-25T14:15:29,1500.0,41.85,S
2021-06-25T14:15:28,100.0,41.9,B
2021-06-25T14:15:28,300.0,41.85,S
2021-06-25T14:15:21,1000.0,41.9,B
2021-06-25T14:15:13,200.0,41.9,B
2021-06-25T14:15:12,1000.0,41.9,B
2021-06-25T14:15:11,100.0,41.85,S
2021-06-25T14:15:09,100.0,41.85,S
2021-06-25T14:15:01,500.0,41.9,B
2021-06-25T14:14:59,100.0,41.9,B
2021-06-25T14:14:58,100.0,41.9,B
2021-06-25T14:14:53,1000.0,41.85,S
2021-06-25T14:14:49,100.0,41.9,B
2021-06-25T14:14:47,1600.0,41.9,B
2021-06-25T14:14:43,100.0,41.9,B
2021-06-25T14:14:41,400.0,41.85,S
2021-06-25T14:14:41,1000.0,41.9,B
2021-06-25T14:14:40,100.0,41.9,B
2021-06-25T14:14:39,1100.0,41.9,B
2021-06-25T14:14:39,500.0,41.9,B
2021-06-25T14:14:38,100.0,41.9,B
2021-06-25T14:14:38,500.0,41.9,B
2021-06-25T14:14:35,6000.0,41.85,S
2021-06-25T14:14:29,100.0,41.85,S
2021-06-25T14:14:23,100.0,41.9,B
2021-06-25T14:14:21,5000.0,41.9,B
2021-06-25T14:14:12,200.0,41.85,S
2021-06-25T14:14:12,200.0,41.85,S
2021-06-25T14:14:10,2900.0,41.9,B
2021-06-25T14:14:08,100.0,41.9,B
2021-06-25T14:14:01,3200.0,41.9,B
2021-06-25T14:14:00,600.0,41.9,B
2021-06-25T14:13:58,500.0,41.9,B
2021-06-25T14:13:57,100.0,41.9,B
2021-06-25T14:13:53,5000.0,41.9,B
2021-06-25T14:13:43,2000.0,41.9,B
2021-06-25T14:13:36,2000.0,41.9,B
2021-06-25T14:13:34,900.0,41.9,B
2021-06-25T14:13:34,2000.0,41.9,B
2021-06-25T14:13:33,10000.0,41.85,S
2021-06-25T14:13:31,1000.0,41.9,B
2021-06-25T14:13:29,200.0,41.9,B
2021-06-25T14:13:23,300.0,41.9,B
2021-06-25T14:13:19,300.0,41.9,B
2021-06-25T14:13:16,200.0,41.9,B
2021-06-25T14:13:15,100.0,41.9,B
2021-06-25T14:13:13,1000.0,41.85,S
2021-06-25T14:13:11,400.0,41.85,S
2021-06-25T14:13:09,2000.0,41.9,B
2021-06-25T14:13:09,100.0,41.9,B
2021-06-25T14:13:05,1000.0,41.9,B
2021-06-25T14:12:59,100.0,41.9,B
2021-06-25T14:12:59,100.0,41.9,B
2021-06-25T14:12:52,200.0,41.9,B
2021-06-25T14:12:50,7000.0,41.9,B
2021-06-25T14:12:45,300.0,41.9,B
2021-06-25T14:12:41,200.0,41.9,B
2021-06-25T14:12:38,1000.0,41.9,B
2021-06-25T14:12:38,1600.0,41.9,B
2021-06-25T14:12:37,1000.0,41.9,B
2021-06-25T14:12:32,100.0,41.9,B
2021-06-25T14:12:31,7000.0,41.85,S
2021-06-25T14:12:27,4000.0,41.85,S
2021-06-25T14:12:26,10000.0,41.9,B
2021-06-25T14:12:23,500.0,41.9,B
2021-06-25T14:12:16,100.0,41.9,B
2021-06-25T14:12:03,2500.0,41.9,B
2021-06-25T14:12:01,600.0,41.9,B
2021-06-25T14:12:00,1000.0,41.85,S
2021-06-25T14:11:56,100.0,41.9,B
2021-06-25T14:11:56,700.0,41.85,S
2021-06-25T14:11:55,1300.0,41.85,S
2021-06-25T14:11:53,600.0,41.9,B
2021-06-25T14:11:46,1500.0,41.85,S
2021-06-25T14:11:46,900.0,41.85,S
2021-06-25T14:11:46,2600.0,41.85,S
2021-06-25T14:11:46,5000.0,41.85,S
2021-06-25T14:11:44,200.0,41.9,B
2021-06-25T14:11:39,2000.0,41.9,B
2021-06-25T14:11:37,300.0,41.9,B
2021-06-25T14:11:30,100.0,41.85,S
2021-06-25T14:11:25,100.0,41.9,B
2021-06-25T14:11:20,600.0,41.9,B
2021-06-25T14:11:17,100.0,41.9,B
2021-06-25T14:11:16,500.0,41.9,B
2021-06-25T14:11:12,1500.0,41.85,S
2021-06-25T14:11:07,300.0,41.9,B
2021-06-25T14:10:56,100.0,41.9,B
2021-06-25T14:10:56,100.0,41.9,B
2021-06-25T14:10:54,2000.0,41.9,B
2021-06-25T14:10:51,900.0,41.9,B
2021-06-25T14:10:47,900.0,41.85,S
2021-06-25T14:10:46,1900.0,41.9,B
2021-06-25T14:10:46,100.0,41.9,B
2021-06-25T14:10:39,100.0,41.9,B
2021-06-25T14:10:38,400.0,41.9,B
2021-06-25T14:10:37,500.0,41.9,B
2021-06-25T14:10:36,6000.0,41.9,B
2021-06-25T14:10:33,3000.0,41.9,B
2021-06-25T14:10:31,2000.0,41.85,S
2021-06-25T14:10:22,1700.0,41.9,B
2021-06-25T14:10:21,3200.0,41.9,B
2021-06-25T14:10:16,100.0,41.9,B
2021-06-25T14:10:15,2600.0,41.85,S
2021-06-25T14:10:14,200.0,41.9,B
2021-06-25T14:10:09,200.0,41.9,B
2021-06-25T14:10:09,200.0,41.85,S
2021-06-25T14:10:09,400.0,41.85,S
2021-06-25T14:10:09,5400.0,41.85,S
2021-06-25T14:10:07,100.0,41.9,B
2021-06-25T14:10:02,2500.0,41.9,B
2021-06-25T14:10:00,1800.0,41.85,S
2021-06-25T14:09:53,100.0,41.9,S
2021-06-25T14:09:52,10000.0,41.85,S
2021-06-25T14:09:43,1200.0,41.9,S
2021-06-25T14:09:43,1000.0,41.9,S
2021-06-25T14:09:38,5000.0,41.85,S
2021-06-25T14:09:37,1500.0,41.9,B
2021-06-25T14:09:34,1200.0,41.9,B
2021-06-25T14:09:32,200.0,41.9,B
2021-06-25T14:09:31,500.0,41.9,B
2021-06-25T14:09:27,500.0,41.9,B
2021-06-25T14:09:17,100.0,41.95,B
2021-06-25T14:09:15,1100.0,41.85,S
2021-06-25T14:09:14,100.0,41.85,S
2021-06-25T14:09:14,3200.0,41.85,S
2021-06-25T14:09:14,600.0,41.85,S
2021-06-25T14:09:14,100.0,41.95,B
2021-06-25T14:09:10,1500.0,41.9,B
2021-06-25T14:09:10,1000.0,41.9,B
2021-06-25T14:09:10,500.0,41.9,B
2021-06-25T14:09:10,2000.0,41.9,B
2021-06-25T14:09:06,3000.0,41.9,B
2021-06-25T14:09:03,100.0,41.9,B
2021-06-25T14:09:03,900.0,41.9,B
2021-06-25T14:09:02,500.0,41.85,S
2021-06-25T14:09:00,900.0,41.85,S
2021-06-25T14:09:00,300.0,41.85,S
2021-06-25T14:09:00,3800.0,41.85,S
2021-06-25T14:08:58,1000.0,41.9,B
2021-06-25T14:08:56,3800.0,41.85,S
2021-06-25T14:08:46,2000.0,41.9,B
2021-06-25T14:08:44,4000.0,41.9,B
2021-06-25T14:08:44,500.0,41.9,B
2021-06-25T14:08:39,700.0,41.9,B
2021-06-25T14:08:35,500.0,41.9,B
2021-06-25T14:08:33,1600.0,41.9,B
2021-06-25T14:08:32,500.0,41.85,S
2021-06-25T14:08:32,200.0,41.85,S
2021-06-25T14:08:32,4200.0,41.85,S
2021-06-25T14:08:32,600.0,41.85,S
2021-06-25T14:08:32,16100.0,41.85,S
2021-06-25T14:08:32,1500.0,41.85,S
2021-06-25T14:08:32,5900.0,41.85,S
2021-06-25T14:08:24,100.0,41.9,B
2021-06-25T14:08:23,200.0,41.9,B
2021-06-25T14:08:23,9800.0,41.9,B
2021-06-25T14:08:19,800.0,41.9,B
2021-06-25T14:08:19,200.0,41.9,B
2021-06-25T14:08:19,2200.0,41.9,B
2021-06-25T14:08:18,100.0,41.9,B
2021-06-25T14:08:15,500.0,41.9,B
2021-06-25T14:08:15,100.0,41.85,S
2021-06-25T14:08:11,100.0,41.9,S
2021-06-25T14:08:10,300.0,41.9,S
2021-06-25T14:08:10,2000.0,41.9,S
2021-06-25T14:08:08,1600.0,41.9,S
2021-06-25T14:08:06,1000.0,41.85,S
2021-06-25T14:08:06,400.0,41.9,S
2021-06-25T14:08:06,100.0,41.9,S
2021-06-25T14:08:02,400.0,41.9,S
2021-06-25T14:08:00,200.0,41.9,S
2021-06-25T14:07:56,300.0,41.9,S
2021-06-25T14:07:54,5300.0,41.85,S
2021-06-25T14:07:52,300.0,41.9,S
2021-06-25T14:07:52,500.0,41.9,S
2021-06-25T14:07:51,400.0,41.9,S
2021-06-25T14:07:48,1000.0,41.9,S
2021-06-25T14:07:47,100.0,41.95,B
2021-06-25T14:07:42,400.0,41.9,S
2021-06-25T14:07:42,600.0,41.9,S
2021-06-25T14:07:42,200.0,41.9,S
2021-06-25T14:07:42,500.0,41.9,S
2021-06-25T14:07:42,8300.0,41.9,S
2021-06-25T14:07:40,800.0,41.9,S
2021-06-25T14:07:39,1000.0,41.95,B
2021-06-25T14:07:38,200.0,41.95,B
2021-06-25T14:07:38,100.0,41.9,S
2021-06-25T14:07:28,300.0,41.9,S
2021-06-25T14:07:28,400.0,41.95,B
2021-06-25T14:07:27,400.0,41.95,B
2021-06-25T14:07:26,200.0,41.9,S
2021-06-25T14:07:26,200.0,41.95,B
2021-06-25T14:07:26,1100.0,41.9,S
2021-06-25T14:07:22,1000.0,41.95,B
2021-06-25T14:07:21,500.0,41.9,S
2021-06-25T14:07:18,700.0,41.9,S
2021-06-25T14:07:18,5600.0,41.9,S
2021-06-25T14:07:14,500.0,41.95,B
2021-06-25T14:07:09,200.0,41.9,S
2021-06-25T14:07:09,300.0,41.95,B
2021-06-25T14:07:08,100.0,41.95,B
2021-06-25T14:07:04,500.0,41.95,B
2021-06-25T14:07:04,3800.0,41.9,S
2021-06-25T14:07:04,400.0,41.9,S
2021-06-25T14:07:02,2000.0,41.9,S
2021-06-25T14:07:02,2700.0,41.9,S
2021-06-25T14:07:02,1100.0,41.9,S
2021-06-25T14:07:02,1300.0,41.9,S
2021-06-25T14:07:02,2200.0,41.9,S
2021-06-25T14:07:02,300.0,41.9,S
2021-06-25T14:07:02,1000.0,41.9,S
2021-06-25T14:07:02,6100.0,41.9,S
2021-06-25T14:07:02,1500.0,41.9,S
2021-06-25T14:07:02,200.0,41.9,S
2021-06-25T14:07:02,7400.0,41.9,S
2021-06-25T14:06:49,500.0,41.95,B
2021-06-25T14:06:43,500.0,41.9,S
2021-06-25T14:06:36,3000.0,41.95,B
2021-06-25T14:06:36,100.0,41.95,B
2021-06-25T14:06:35,1000.0,41.95,B
2021-06-25T14:06:33,3000.0,41.95,B
2021-06-25T14:06:33,5000.0,41.9,S
2021-06-25T14:06:32,500.0,41.95,B
2021-06-25T14:06:31,2000.0,41.9,S
2021-06-25T14:06:31,200.0,41.9,S
2021-06-25T14:06:28,500.0,41.95,B
2021-06-25T14:06:27,1300.0,41.9,S
2021-06-25T14:06:27,1700.0,41.9,S
2021-06-25T14:06:23,500.0,41.95,B
2021-06-25T14:06:23,800.0,41.9,S
2021-06-25T14:06:22,200.0,41.9,S
2021-06-25T14:06:19,6500.0,41.95,B
2021-06-25T14:06:16,200.0,41.95,B
2021-06-25T14:06:16,300.0,41.9,S
2021-06-25T14:06:13,2000.0,41.95,B
2021-06-25T14:06:08,2000.0,41.95,B
2021-06-25T14:06:06,500.0,41.95,B
2021-06-25T14:06:03,500.0,41.9,S
2021-06-25T14:06:03,1600.0,41.9,S
2021-06-25T14:06:03,4100.0,41.9,S
2021-06-25T14:06:03,1700.0,41.9,S
2021-06-25T14:06:03,12600.0,41.9,S
2021-06-25T14:05:59,1000.0,41.95,B
2021-06-25T14:05:57,3400.0,41.95,B
2021-06-25T14:05:56,1600.0,41.95,B
2021-06-25T14:05:54,600.0,41.9,S
2021-06-25T14:05:53,1100.0,41.9,S
2021-06-25T14:05:50,200.0,41.95,B
2021-06-25T14:05:49,500.0,41.9,S
2021-06-25T14:05:47,500.0,41.95,B
2021-06-25T14:05:46,1400.0,41.9,S
2021-06-25T14:05:45,400.0,41.95,B
2021-06-25T14:05:40,100.0,41.95,B
2021-06-25T14:05:40,1000.0,41.95,B
2021-06-25T14:05:39,200.0,41.95,B
2021-06-25T14:05:37,1900.0,41.95,B
2021-06-25T14:05:28,3000.0,41.95,B
2021-06-25T14:05:26,2000.0,41.95,B
2021-06-25T14:05:26,600.0,41.95,B
2021-06-25T14:05:26,200.0,41.95,B
2021-06-25T14:05:22,100.0,41.95,B
2021-06-25T14:05:19,400.0,41.95,B
2021-06-25T14:05:19,1300.0,41.95,B
2021-06-25T14:05:11,3000.0,41.95,B
2021-06-25T14:05:11,4000.0,41.95,B
2021-06-25T14:05:11,500.0,41.95,B
2021-06-25T14:05:02,1000.0,41.95,B
2021-06-25T14:04:51,3000.0,41.95,B
2021-06-25T14:04:50,1700.0,41.95,B
2021-06-25T14:04:50,500.0,41.95,B
2021-06-25T14:04:50,1100.0,41.95,B
2021-06-25T14:04:49,3600.0,41.95,B
2021-06-25T14:04:42,2000.0,41.95,B
2021-06-25T14:04:39,100.0,41.95,B
2021-06-25T14:04:34,1000.0,41.9,S
2021-06-25T14:04:33,100.0,41.9,S
2021-06-25T14:04:32,3000.0,41.95,B
2021-06-25T14:04:32,1000.0,41.95,B
2021-06-25T14:04:32,200.0,41.95,B
2021-06-25T14:04:23,3000.0,41.95,B
2021-06-25T14:04:22,1000.0,41.9,S
2021-06-25T14:04:21,100.0,41.95,B
2021-06-25T14:04:21,100.0,41.95,B
2021-06-25T14:04:21,3000.0,41.95,B
2021-06-25T14:04:21,500.0,41.95,B
2021-06-25T14:04:17,1800.0,41.95,B
2021-06-25T14:04:15,1000.0,41.95,B
2021-06-25T14:04:08,300.0,41.95,B
2021-06-25T14:04:05,500.0,41.95,S
2021-06-25T14:04:03,2100.0,41.95,S
2021-06-25T14:04:02,100.0,41.95,S
2021-06-25T14:04:02,300.0,41.95,S
2021-06-25T14:04:02,1100.0,41.95,S
2021-06-25T14:04:01,5000.0,41.95,S
2021-06-25T14:04:01,9800.0,41.95,S
2021-06-25T14:04:01,2300.0,41.95,S
2021-06-25T14:04:01,3000.0,41.95,S
2021-06-25T14:04:01,600.0,41.95,S
2021-06-25T14:04:00,8600.0,41.95,S
2021-06-25T14:03:59,6000.0,42.0,B
2021-06-25T14:03:57,100.0,42.0,B
2021-06-25T14:03:55,800.0,42.0,B
2021-06-25T14:03:52,500.0,42.0,B
2021-06-25T14:03:48,1300.0,42.0,B
2021-06-25T14:03:45,300.0,42.0,B
2021-06-25T14:03:43,400.0,42.0,B
2021-06-25T14:03:43,1600.0,42.0,B
2021-06-25T14:03:38,200.0,42.0,B
2021-06-25T14:03:36,100.0,42.0,B
2021-06-25T14:03:36,100.0,42.0,B
2021-06-25T14:03:35,100.0,42.0,B
2021-06-25T14:03:35,2100.0,42.0,B
2021-06-25T14:03:34,400.0,41.95,S
2021-06-25T14:03:33,3000.0,41.95,S
2021-06-25T14:03:33,1000.0,42.0,B
2021-06-25T14:03:33,500.0,42.0,B
2021-06-25T14:03:31,100.0,42.0,B
2021-06-25T14:03:31,800.0,42.0,B
2021-06-25T14:03:30,500.0,42.0,B
2021-06-25T14:03:29,900.0,42.0,B
2021-06-25T14:03:28,400.0,42.0,B
2021-06-25T14:03:26,100.0,42.0,B
2021-06-25T14:03:23,500.0,42.0,B
2021-06-25T14:03:23,500.0,42.0,B
2021-06-25T14:03:22,200.0,42.0,B
2021-06-25T14:03:21,5000.0,42.05,B
2021-06-25T14:03:20,300.0,42.0,B
2021-06-25T14:03:20,1200.0,42.0,B
2021-06-25T14:03:15,100.0,42.0,S
2021-06-25T14:03:15,6000.0,42.0,S
2021-06-25T14:03:11,3400.0,42.0,S
2021-06-25T14:03:11,5500.0,42.0,S
2021-06-25T14:03:11,2100.0,42.0,S
2021-06-25T14:03:11,100.0,42.0,S
2021-06-25T14:03:11,7400.0,42.0,S
2021-06-25T14:03:11,100.0,42.0,S
2021-06-25T14:03:11,12100.0,42.0,S
2021-06-25T14:03:11,2000.0,42.05,B
2021-06-25T14:03:09,2600.0,42.0,S
2021-06-25T14:03:09,200.0,42.0,S
2021-06-25T14:03:09,3800.0,42.0,S
2021-06-25T14:03:09,200.0,42.0,S
2021-06-25T14:03:09,3500.0,42.0,S
2021-06-25T14:03:09,800.0,42.0,S
2021-06-25T14:03:09,800.0,42.0,S
2021-06-25T14:03:09,3600.0,42.0,S
2021-06-25T14:03:09,2400.0,42.0,S
2021-06-25T14:03:09,400.0,42.0,S
2021-06-25T14:03:09,200.0,42.0,S
2021-06-25T14:03:09,1800.0,42.0,S
2021-06-25T14:03:09,200.0,42.0,S
2021-06-25T14:03:09,4000.0,42.0,S
2021-06-25T14:03:09,300.0,42.0,S
2021-06-25T14:03:09,2200.0,42.0,S
2021-06-25T14:03:09,6400.0,42.0,S
2021-06-25T14:03:09,4000.0,42.0,S
2021-06-25T14:03:09,6500.0,42.0,S
2021-06-25T14:03:09,1200.0,42.0,S
2021-06-25T14:03:09,1300.0,42.0,S
2021-06-25T14:03:08,2700.0,42.0,S
2021-06-25T14:03:08,900.0,42.0,S
2021-06-25T14:03:07,500.0,42.05,B
2021-06-25T14:03:05,1300.0,42.05,B
2021-06-25T14:03:04,500.0,42.05,B
2021-06-25T14:03:00,100.0,42.0,S
2021-06-25T14:03:00,200.0,42.0,S
2021-06-25T14:03:00,900.0,42.0,S
2021-06-25T14:02:54,100.0,42.05,B
2021-06-25T14:02:53,200.0,42.0,S
2021-06-25T14:02:53,500.0,42.05,B
2021-06-25T14:02:53,100.0,42.0,S
2021-06-25T14:02:52,6000.0,42.05,B
2021-06-25T14:02:50,2400.0,42.05,B
2021-06-25T14:02:50,2600.0,42.05,B
2021-06-25T14:02:47,400.0,42.05,B
2021-06-25T14:02:47,1600.0,42.05,B
2021-06-25T14:02:47,4000.0,42.05,B
2021-06-25T14:02:46,800.0,42.05,B
2021-06-25T14:02:44,4800.0,42.05,B
2021-06-25T14:02:35,100.0,42.05,B
2021-06-25T14:02:33,5000.0,42.05,B
2021-06-25T14:02:33,100.0,42.05,B
2021-06-25T14:02:31,1500.0,42.05,B
2021-06-25T14:02:31,500.0,42.05,B
2021-06-25T14:02:24,10000.0,42.0,S
2021-06-25T14:02:24,10000.0,42.05,B
2021-06-25T14:02:24,100.0,42.0,S
2021-06-25T14:02:19,1000.0,42.0,S
2021-06-25T14:02:17,1000.0,42.05,B
2021-06-25T14:02:15,500.0,42.05,B
2021-06-25T14:02:14,800.0,42.05,B
2021-06-25T14:02:09,10100.0,42.0,S
2021-06-25T14:02:03,400.0,42.05,B
2021-06-25T14:01:51,500.0,42.05,B
2021-06-25T14:01:51,1000.0,42.0,S
2021-06-25T14:01:50,2400.0,42.0,S
2021-06-25T14:01:42,200.0,42.05,B
2021-06-25T14:01:40,2000.0,42.05,B
2021-06-25T14:01:40,300.0,42.05,B
2021-06-25T14:01:40,500.0,42.05,B
2021-06-25T14:01:39,1700.0,42.05,B
2021-06-25T14:01:38,300.0,42.05,B
2021-06-25T14:01:38,200.0,42.05,B
2021-06-25T14:01:38,10000.0,42.05,B
2021-06-25T14:01:25,1000.0,42.0,S
2021-06-25T14:01:23,1000.0,42.05,B
2021-06-25T14:01:17,1000.0,42.05,B
2021-06-25T14:01:16,2000.0,42.05,B
2021-06-25T14:01:12,100.0,42.05,B
2021-06-25T14:01:10,1000.0,42.05,B
2021-06-25T14:01:05,100.0,42.05,B
2021-06-25T14:01:02,2200.0,42.05,B
2021-06-25T14:01:02,800.0,42.05,B
2021-06-25T14:01:02,900.0,42.05,B
2021-06-25T14:01:00,7500.0,42.05,B
2021-06-25T14:01:00,200.0,42.05,B
2021-06-25T14:00:58,100.0,42.05,B
2021-06-25T14:00:58,1000.0,42.05,B
2021-06-25T14:00:58,300.0,42.05,B
2021-06-25T14:00:58,3600.0,42.05,B
2021-06-25T14:00:58,1000.0,42.05,B
2021-06-25T14:00:57,100.0,42.05,B
2021-06-25T14:00:56,100.0,42.05,B
2021-06-25T14:00:54,500.0,42.05,B
2021-06-25T14:00:52,500.0,42.0,S
2021-06-25T14:00:51,800.0,42.05,B
2021-06-25T14:00:48,500.0,42.05,B
2021-06-25T14:00:48,500.0,42.05,B
2021-06-25T14:00:48,800.0,42.05,B
2021-06-25T14:00:48,500.0,42.05,B
2021-06-25T14:00:48,12700.0,42.05,B
2021-06-25T14:00:47,6400.0,42.0,S
2021-06-25T14:00:45,500.0,42.05,B
2021-06-25T14:00:37,200.0,42.0,S
2021-06-25T14:00:36,1000.0,42.05,B
2021-06-25T14:00:28,1000.0,42.05,B
2021-06-25T14:00:27,3000.0,42.05,B
2021-06-25T14:00:27,2700.0,42.05,B
2021-06-25T14:00:21,4500.0,42.0,S
2021-06-25T14:00:16,800.0,42.05,B
2021-06-25T14:00:12,100.0,42.05,B
2021-06-25T14:00:12,300.0,42.05,B
2021-06-25T14:00:11,1000.0,42.05,B
2021-06-25T14:00:07,200.0,42.0,S
2021-06-25T14:00:06,400.0,42.05,B
2021-06-25T14:00:06,200.0,42.0,S
2021-06-25T14:00:02,300.0,42.0,S
2021-06-25T13:59:53,2000.0,42.0,S
2021-06-25T13:59:46,20000.0,42.0,S
2021-06-25T13:59:46,1000.0,42.05,B
2021-06-25T13:59:37,500.0,42.0,S
2021-06-25T13:59:36,1000.0,42.0,S
2021-06-25T13:59:29,10000.0,42.0,S
2021-06-25T13:59:26,100.0,42.05,B
2021-06-25T13:59:23,100.0,42.0,S
2021-06-25T13:59:21,15200.0,42.0,S
2021-06-25T13:59:19,1000.0,42.0,S
2021-06-25T13:59:19,4800.0,42.0,S
2021-06-25T13:59:18,100.0,42.05,B
2021-06-25T13:59:16,100.0,42.0,S
2021-06-25T13:59:15,1600.0,42.05,B
2021-06-25T13:59:10,200.0,41.95,S
2021-06-25T13:59:09,1300.0,41.95,S
2021-06-25T13:59:09,2700.0,42.0,B
2021-06-25T13:59:06,2000.0,42.05,B
2021-06-25T13:59:04,2400.0,42.0,B
2021-06-25T13:59:04,300.0,42.0,B
2021-06-25T13:59:03,400.0,42.0,B
2021-06-25T13:59:03,6000.0,42.0,B
2021-06-25T13:59:03,2000.0,42.0,B
2021-06-25T13:59:03,5000.0,42.0,B
2021-06-25T13:59:03,10300.0,42.0,B
2021-06-25T13:59:03,800.0,42.0,B
2021-06-25T13:59:01,7100.0,42.0,B
2021-06-25T13:59:01,100.0,42.0,B
2021-06-25T13:59:01,5600.0,42.0,B
2021-06-25T13:59:01,2800.0,42.0,B
2021-06-25T13:59:01,2600.0,42.0,B
2021-06-25T13:59:01,3600.0,42.0,B
2021-06-25T13:59:01,2100.0,42.0,B
2021-06-25T13:59:01,4400.0,42.0,B
2021-06-25T13:59:01,600.0,42.0,B
2021-06-25T13:59:01,600.0,42.0,B
2021-06-25T13:59:01,19300.0,42.0,B
2021-06-25T13:59:01,8300.0,42.0,B
2021-06-25T13:59:01,1200.0,42.0,B
2021-06-25T13:59:00,1100.0,42.0,B
2021-06-25T13:59:00,1000.0,42.0,B
2021-06-25T13:59:00,2600.0,42.0,B
2021-06-25T13:59:00,400.0,42.0,B
2021-06-25T13:59:00,8300.0,42.0,B
2021-06-25T13:59:00,3800.0,42.0,B
2021-06-25T13:59:00,100.0,42.0,B
2021-06-25T13:59:00,900.0,42.0,B
2021-06-25T13:58:59,400.0,41.95,S
2021-06-25T13:58:59,2100.0,42.0,B
2021-06-25T13:58:59,1900.0,42.0,B
2021-06-25T13:58:58,400.0,42.0,B
2021-06-25T13:58:58,200.0,41.95,S
2021-06-25T13:58:58,5500.0,41.95,S
2021-06-25T13:58:58,15700.0,41.95,S
2021-06-25T13:58:55,300.0,42.0,B
2021-06-25T13:58:53,10000.0,41.95,S
2021-06-25T13:58:51,500.0,42.0,B
2021-06-25T13:58:48,1000.0,42.0,B
2021-06-25T13:58:48,2000.0,42.0,B
2021-06-25T13:58:48,3000.0,42.0,B
2021-06-25T13:58:48,200.0,42.0,B
2021-06-25T13:58:47,1000.0,42.0,B
2021-06-25T13:58:47,1400.0,42.0,B
2021-06-25T13:58:47,8500.0,42.0,B
2021-06-25T13:58:46,2700.0,42.0,B
2021-06-25T13:58:46,14000.0,42.0,B
2021-06-25T13:58:46,300.0,42.0,B
2021-06-25T13:58:46,2600.0,42.0,B
2021-06-25T13:58:46,1000.0,42.0,B
2021-06-25T13:58:46,700.0,42.0,B
2021-06-25T13:58:46,2200.0,42.0,B
2021-06-25T13:58:46,1500.0,42.0,B
2021-06-25T13:58:46,1600.0,42.0,B
2021-06-25T13:58:46,14000.0,42.0,B
2021-06-25T13:58:46,900.0,42.0,B
2021-06-25T13:58:44,3000.0,42.0,B
2021-06-25T13:58:42,2000.0,42.0,B
2021-06-25T13:58:41,3000.0,42.0,B
2021-06-25T13:58:36,1000.0,42.0,B
2021-06-25T13:58:36,500.0,42.0,B
2021-06-25T13:58:35,100.0,42.0,B
2021-06-25T13:58:34,500.0,42.0,B
2021-06-25T13:58:32,6300.0,42.0,B
2021-06-25T13:58:30,1000.0,42.0,B
2021-06-25T13:58:29,100.0,42.0,B
2021-06-25T13:58:29,900.0,42.0,B
2021-06-25T13:58:28,1000.0,42.0,B
2021-06-25T13:58:27,1000.0,42.0,B
2021-06-25T13:58:27,1000.0,42.0,B
2021-06-25T13:58:27,1000.0,41.95,S
2021-06-25T13:58:25,800.0,42.0,B
2021-06-25T13:58:19,500.0,42.0,B
2021-06-25T13:58:19,400.0,41.95,S
2021-06-25T13:58:18,1000.0,42.0,B
2021-06-25T13:58:17,10000.0,42.0,B
2021-06-25T13:58:16,200.0,42.0,B
2021-06-25T13:58:15,100.0,42.0,B
2021-06-25T13:58:14,1100.0,42.0,B
2021-06-25T13:58:12,500.0,41.95,S
2021-06-25T13:58:08,100.0,42.0,B
2021-06-25T13:58:08,5000.0,42.0,B
2021-06-25T13:58:03,200.0,42.0,B
2021-06-25T13:58:03,2000.0,42.0,B
2021-06-25T13:58:01,2500.0,42.0,B
2021-06-25T13:58:01,400.0,42.0,B
2021-06-25T13:58:01,17500.0,42.0,B
2021-06-25T13:58:00,1900.0,42.0,B
2021-06-25T13:58:00,500.0,42.0,B
2021-06-25T13:58:00,3600.0,42.0,B
2021-06-25T13:58:00,700.0,42.0,B
2021-06-25T13:57:59,1400.0,42.0,B
2021-06-25T13:57:59,700.0,42.0,B
2021-06-25T13:57:59,1200.0,42.0,B
2021-06-25T13:57:59,300.0,42.0,B
2021-06-25T13:57:56,1000.0,42.0,B
2021-06-25T13:57:54,200.0,42.0,B
2021-06-25T13:57:52,500.0,42.0,B
2021-06-25T13:57:50,400.0,42.0,B
2021-06-25T13:57:48,1000.0,42.0,B
2021-06-25T13:57:48,2400.0,42.0,B
2021-06-25T13:57:46,500.0,42.0,B
2021-06-25T13:57:46,100.0,42.0,B
2021-06-25T13:57:46,100.0,42.0,B
2021-06-25T13:57:42,300.0,42.0,B
2021-06-25T13:57:42,200.0,42.0,B
2021-06-25T13:57:42,8800.0,42.0,B
2021-06-25T13:57:42,2500.0,42.0,B
2021-06-25T13:57:42,2300.0,42.0,B
2021-06-25T13:57:42,800.0,42.0,B
2021-06-25T13:57:42,1600.0,42.0,B
2021-06-25T13:57:42,2200.0,42.0,B
2021-06-25T13:57:42,1000.0,42.0,B
2021-06-25T13:57:42,1300.0,42.0,B
2021-06-25T13:57:42,3200.0,42.0,B
2021-06-25T13:57:42,13600.0,42.0,B
2021-06-25T13:57:40,200.0,42.0,B
2021-06-25T13:57:35,400.0,42.0,B
2021-06-25T13:57:35,7100.0,42.0,B
2021-06-25T13:57:35,500.0,42.0,B
2021-06-25T13:57:35,2900.0,42.0,B
2021-06-25T13:57:35,1600.0,42.0,B
2021-06-25T13:57:35,500.0,42.0,B
2021-06-25T13:57:35,200.0,42.0,B
2021-06-25T13:57:35,100.0,42.0,B
2021-06-25T13:57:35,3600.0,42.0,B
2021-06-25T13:57:35,2800.0,42.0,B
2021-06-25T13:57:35,1400.0,42.0,B
2021-06-25T13:57:35,400.0,42.0,B
2021-06-25T13:57:35,3000.0,42.0,B
2021-06-25T13:57:35,1400.0,42.0,B
2021-06-25T13:57:34,7800.0,42.0,B
2021-06-25T13:57:33,300.0,42.0,B
2021-06-25T13:57:31,100.0,42.0,B
2021-06-25T13:57:30,1000.0,42.0,B
2021-06-25T13:57:30,3000.0,41.95,S
2021-06-25T13:57:30,4700.0,41.95,S
2021-06-25T13:57:30,1000.0,41.95,S
2021-06-25T13:57:30,1300.0,41.95,S
2021-06-25T13:57:28,500.0,42.0,B
2021-06-25T13:57:28,2200.0,42.0,B
2021-06-25T13:57:28,1800.0,42.0,B
2021-06-25T13:57:27,500.0,42.0,B
2021-06-25T13:57:27,1000.0,42.0,B
2021-06-25T13:57:24,2000.0,42.0,B
2021-06-25T13:57:23,200.0,42.0,B
2021-06-25T13:57:21,1800.0,42.0,B
2021-06-25T13:57:21,2000.0,42.0,B
2021-06-25T13:57:20,10000.0,42.0,B
2021-06-25T13:57:19,600.0,42.0,B
2021-06-25T13:57:19,500.0,42.0,B
2021-06-25T13:57:18,3000.0,42.0,B
2021-06-25T13:57:18,400.0,42.0,B
2021-06-25T13:57:16,26300.0,42.0,B
2021-06-25T13:57:16,600.0,42.0,B
2021-06-25T13:57:16,3100.0,42.0,B
2021-06-25T13:57:16,4000.0,42.0,B
2021-06-25T13:57:16,4400.0,42.0,B
2021-06-25T13:57:16,2600.0,42.0,B
2021-06-25T13:57:16,2200.0,42.0,B
2021-06-25T13:57:16,700.0,42.0,B
2021-06-25T13:57:15,3100.0,42.0,B
2021-06-25T13:57:15,21000.0,42.0,B
2021-06-25T13:57:15,12000.0,42.0,B
2021-06-25T13:57:15,1000.0,42.0,B
2021-06-25T13:57:14,100.0,42.0,B
2021-06-25T13:57:10,100.0,42.0,B
2021-06-25T13:57:06,500.0,42.0,B
2021-06-25T13:57:06,100.0,42.0,B
2021-06-25T13:57:06,5300.0,42.0,B
2021-06-25T13:57:02,2000.0,42.0,B
2021-06-25T13:57:01,900.0,42.0,B
2021-06-25T13:57:01,200.0,42.0,B
2021-06-25T13:57:01,500.0,42.0,B
2021-06-25T13:57:01,2000.0,42.0,B
2021-06-25T13:56:59,400.0,42.0,B
2021-06-25T13:56:56,200.0,42.0,B
2021-06-25T13:56:55,300.0,42.0,B
2021-06-25T13:56:53,200.0,42.0,B
2021-06-25T13:56:52,1000.0,42.0,B
2021-06-25T13:56:52,2000.0,42.0,B
2021-06-25T13:56:52,4500.0,42.0,B
2021-06-25T13:56:52,1500.0,42.0,B
2021-06-25T13:56:52,4600.0,42.0,B
2021-06-25T13:56:52,100.0,42.0,B
2021-06-25T13:56:52,1200.0,42.0,B
2021-06-25T13:56:48,400.0,42.0,B
2021-06-25T13:56:44,2000.0,42.0,B
2021-06-25T13:56:44,300.0,42.0,B
2021-06-25T13:56:42,1000.0,42.0,B
2021-06-25T13:56:42,5000.0,42.0,B
2021-06-25T13:56:40,100.0,42.0,B
2021-06-25T13:56:40,2000.0,41.95,S
2021-06-25T13:56:37,2000.0,42.0,B
2021-06-25T13:56:37,2500.0,42.0,B
2021-06-25T13:56:37,2800.0,42.0,B
2021-06-25T13:56:37,2900.0,42.0,B
2021-06-25T13:56:37,5000.0,42.0,B
2021-06-25T13:56:37,100.0,42.0,B
2021-06-25T13:56:37,1500.0,42.0,B
2021-06-25T13:56:37,700.0,42.0,B
2021-06-25T13:56:37,1200.0,42.0,B
2021-06-25T13:56:37,1200.0,42.0,B
2021-06-25T13:56:37,2000.0,42.0,B
2021-06-25T13:56:37,900.0,42.0,B
2021-06-25T13:56:37,1100.0,42.0,B
2021-06-25T13:56:37,1500.0,42.0,B
2021-06-25T13:56:37,300.0,42.0,B
2021-06-25T13:56:37,9600.0,42.0,B
2021-06-25T13:56:37,1300.0,42.0,B
2021-06-25T13:56:37,2500.0,42.0,B
2021-06-25T13:56:37,500.0,42.0,B
2021-06-25T13:56:37,14900.0,42.0,B
2021-06-25T13:56:36,1000.0,42.0,B
2021-06-25T13:56:33,600.0,42.0,B
2021-06-25T13:56:31,3000.0,42.0,B
2021-06-25T13:56:29,100.0,42.0,B
2021-06-25T13:56:26,400.0,42.0,B
2021-06-25T13:56:22,100.0,42.0,B
2021-06-25T13:56:20,2000.0,42.0,B
2021-06-25T13:56:18,1100.0,42.0,B
2021-06-25T13:56:17,2800.0,42.0,B
2021-06-25T13:56:17,2700.0,42.0,B
2021-06-25T13:56:17,100.0,42.0,B
2021-06-25T13:56:17,11400.0,42.0,B
2021-06-25T13:56:17,500.0,42.0,B
2021-06-25T13:56:17,100.0,42.0,B
2021-06-25T13:56:17,3700.0,42.0,B
2021-06-25T13:56:17,700.0,42.0,B
2021-06-25T13:56:17,17000.0,42.0,B
2021-06-25T13:56:17,1500.0,42.0,B
2021-06-25T13:56:17,800.0,42.0,B
2021-06-25T13:56:17,600.0,42.0,B
2021-06-25T13:56:17,2200.0,42.0,B
2021-06-25T13:56:17,5900.0,42.0,B
2021-06-25T13:56:11,500.0,42.0,B
2021-06-25T13:56:10,4100.0,42.0,B
2021-06-25T13:56:10,200.0,42.0,B
2021-06-25T13:56:10,2000.0,42.0,B
2021-06-25T13:56:10,4900.0,42.0,B
2021-06-25T13:56:10,500.0,42.0,B
2021-06-25T13:56:09,1900.0,42.0,B
2021-06-25T13:56:06,20000.0,41.95,S
2021-06-25T13:56:04,3200.0,42.0,B
2021-06-25T13:56:03,10000.0,42.0,B
2021-06-25T13:55:58,100.0,42.0,B
2021-06-25T13:55:58,5000.0,42.0,B
2021-06-25T13:55:55,1000.0,42.0,B
2021-06-25T13:55:49,300.0,42.0,B
2021-06-25T13:55:47,200.0,42.0,B
2021-06-25T13:55:44,10000.0,42.0,B
2021-06-25T13:55:40,500.0,42.0,B
2021-06-25T13:55:39,1000.0,42.0,B
2021-06-25T13:55:38,700.0,42.0,B
2021-06-25T13:55:36,1000.0,42.0,B
2021-06-25T13:55:26,500.0,42.0,B
2021-06-25T13:55:20,100.0,42.0,B
2021-06-25T13:55:18,5000.0,42.0,B
2021-06-25T13:55:18,800.0,42.0,B
2021-06-25T13:55:18,6000.0,41.95,S
2021-06-25T13:55:18,1100.0,41.95,S
2021-06-25T13:55:17,9900.0,41.95,S
2021-06-25T13:55:13,200.0,42.0,B
2021-06-25T13:55:11,100.0,42.0,B
2021-06-25T13:55:07,1000.0,42.0,B
2021-06-25T13:55:04,300.0,42.0,B
2021-06-25T13:55:04,100.0,41.95,S
2021-06-25T13:55:01,200.0,42.0,B
2021-06-25T13:55:01,6000.0,42.0,B
2021-06-25T13:55:01,500.0,42.0,B
2021-06-25T13:54:59,500.0,41.95,S
2021-06-25T13:54:54,500.0,42.0,B
2021-06-25T13:54:53,2400.0,42.0,B
2021-06-25T13:54:50,2100.0,42.0,B
2021-06-25T13:54:47,1000.0,41.95,S
2021-06-25T13:54:47,1700.0,42.0,B
2021-06-25T13:54:44,100.0,42.0,B
2021-06-25T13:54:44,500.0,42.0,B
2021-06-25T13:54:37,5000.0,42.0,B
2021-06-25T13:54:35,100.0,42.0,B
2021-06-25T13:54:32,5000.0,41.95,B
2021-06-25T13:54:21,100.0,42.0,B
2021-06-25T13:54:21,200.0,42.0,B
2021-06-25T13:54:20,200.0,42.0,B
2021-06-25T13:54:20,2000.0,42.0,B
2021-06-25T13:54:20,100.0,42.0,B
2021-06-25T13:54:20,1600.0,42.0,B
2021-06-25T13:54:20,2100.0,42.0,B
2021-06-25T13:54:20,300.0,42.0,B
2021-06-25T13:54:20,1300.0,42.0,B
2021-06-25T13:54:20,1200.0,41.95,B
2021-06-25T13:54:19,6000.0,41.95,B
2021-06-25T13:54:18,500.0,41.9,S
2021-06-25T13:54:18,100.0,41.95,B
2021-06-25T13:54:04,23900.0,41.95,B
2021-06-25T13:54:04,2100.0,41.95,B
2021-06-25T13:54:04,40900.0,41.95,B
2021-06-25T13:54:04,10000.0,41.95,B
2021-06-25T13:54:04,700.0,41.95,B
2021-06-25T13:54:04,6500.0,41.95,B
2021-06-25T13:53:59,100.0,41.9,B
2021-06-25T13:53:58,2000.0,41.9,B
2021-06-25T13:53:58,100.0,41.9,B
2021-06-25T13:53:56,100.0,41.9,B
2021-06-25T13:53:55,100.0,41.9,B
2021-06-25T13:53:55,2900.0,41.9,B
2021-06-25T13:53:55,500.0,41.9,B
2021-06-25T13:53:53,1000.0,41.9,B
2021-06-25T13:53:51,100.0,41.9,B
2021-06-25T13:53:51,1000.0,41.9,B
2021-06-25T13:53:51,1200.0,41.9,B
2021-06-25T13:53:51,100.0,41.9,B
2021-06-25T13:53:51,3400.0,41.9,B
2021-06-25T13:53:47,500.0,41.9,B
2021-06-25T13:53:47,1000.0,41.9,B
2021-06-25T13:53:47,20000.0,41.9,B
2021-06-25T13:53:46,10500.0,41.9,B
2021-06-25T13:53:45,1500.0,41.9,B
2021-06-25T13:53:45,500.0,41.9,B
2021-06-25T13:53:45,500.0,41.9,B
2021-06-25T13:53:45,2400.0,41.9,B
2021-06-25T13:53:44,300.0,41.9,B
2021-06-25T13:53:44,400.0,41.9,B
2021-06-25T13:53:44,400.0,41.9,B
2021-06-25T13:53:42,200.0,41.9,B
2021-06-25T13:53:39,100.0,41.9,B
2021-06-25T13:53:39,3000.0,41.9,B
2021-06-25T13:53:36,1000.0,41.9,B
2021-06-25T13:53:35,2500.0,41.9,B
2021-06-25T13:53:32,700.0,41.9,B
2021-06-25T13:53:32,2000.0,41.85,S
2021-06-25T13:53:28,500.0,41.9,B
2021-06-25T13:53:19,5700.0,41.9,B
2021-06-25T13:53:19,700.0,41.9,B
2021-06-25T13:53:19,5600.0,41.9,B
2021-06-25T13:53:19,2900.0,41.9,B
2021-06-25T13:53:19,900.0,41.9,B
2021-06-25T13:53:19,4200.0,41.9,B
2021-06-25T13:53:08,4000.0,41.85,B
2021-06-25T13:53:06,200.0,41.85,B
2021-06-25T13:53:06,7200.0,41.85,B
2021-06-25T13:53:05,53300.0,41.85,B
2021-06-25T13:53:05,1000.0,41.85,B
2021-06-25T13:52:57,300.0,41.8,S
2021-06-25T13:52:56,200.0,41.8,S
2021-06-25T13:52:53,500.0,41.85,B
2021-06-25T13:52:53,100.0,41.85,B
2021-06-25T13:52:52,4900.0,41.85,B
2021-06-25T13:52:48,200.0,41.85,B
2021-06-25T13:52:44,100.0,41.8,S
2021-06-25T13:52:40,300.0,41.85,B
2021-06-25T13:52:33,10000.0,41.8,S
2021-06-25T13:52:33,1600.0,41.85,B
2021-06-25T13:52:32,100.0,41.85,B
2021-06-25T13:52:28,2000.0,41.8,S
2021-06-25T13:52:27,2000.0,41.85,B
2021-06-25T13:52:24,3400.0,41.8,S
2021-06-25T13:52:22,100.0,41.8,S
2021-06-25T13:52:16,1400.0,41.85,B
2021-06-25T13:52:10,500.0,41.8,S
2021-06-25T13:52:03,500.0,41.8,S
2021-06-25T13:51:59,1100.0,41.8,S
2021-06-25T13:51:55,200.0,41.8,B
2021-06-25T13:51:55,3000.0,41.8,B
2021-06-25T13:51:55,1600.0,41.8,B
2021-06-25T13:51:55,300.0,41.8,B
2021-06-25T13:51:55,1000.0,41.8,B
2021-06-25T13:51:55,1100.0,41.8,B
2021-06-25T13:51:55,1600.0,41.8,B
2021-06-25T13:51:55,1000.0,41.8,B
2021-06-25T13:51:55,800.0,41.8,B
2021-06-25T13:51:55,3500.0,41.8,B
2021-06-25T13:51:55,500.0,41.8,B
2021-06-25T13:51:55,2500.0,41.8,B
2021-06-25T13:51:55,1900.0,41.8,B
2021-06-25T13:51:55,900.0,41.8,B
2021-06-25T13:51:55,700.0,41.8,B
2021-06-25T13:51:55,100.0,41.8,B
2021-06-25T13:51:55,4300.0,41.8,B
2021-06-25T13:51:55,100.0,41.8,B
2021-06-25T13:51:55,1900.0,41.8,B
2021-06-25T13:51:55,100.0,41.8,B
2021-06-25T13:51:55,7500.0,41.8,B
2021-06-25T13:51:55,100.0,41.8,B
2021-06-25T13:51:55,2000.0,41.8,B
2021-06-25T13:51:55,2400.0,41.8,B
2021-06-25T13:51:55,20300.0,41.8,B
2021-06-25T13:51:54,100.0,41.8,B
2021-06-25T13:51:54,9200.0,41.8,B
2021-06-25T13:51:52,100.0,41.8,B
2021-06-25T13:51:52,500.0,41.8,B
2021-06-25T13:51:46,100.0,41.8,B
2021-06-25T13:51:44,100.0,41.75,S
2021-06-25T13:51:44,1200.0,41.75,S
2021-06-25T13:51:42,4000.0,41.75,S
2021-06-25T13:51:41,400.0,41.75,S
2021-06-25T13:51:40,600.0,41.8,B
2021-06-25T13:51:38,100.0,41.8,B
2021-06-25T13:51:36,100.0,41.8,B
2021-06-25T13:51:29,300.0,41.8,B
2021-06-25T13:51:29,700.0,41.8,B
2021-06-25T13:51:29,300.0,41.8,B
2021-06-25T13:51:26,500.0,41.8,B
2021-06-25T13:51:25,400.0,41.8,B
2021-06-25T13:51:20,5000.0,41.8,B
2021-06-25T13:51:15,200.0,41.8,B
2021-06-25T13:51:14,2000.0,41.75,S
2021-06-25T13:51:13,500.0,41.75,S
2021-06-25T13:51:04,1000.0,41.75,B
2021-06-25T13:51:03,200.0,41.7,S
2021-06-25T13:51:00,200.0,41.75,B
2021-06-25T13:50:59,1900.0,41.75,B
2021-06-25T13:50:58,500.0,41.75,B
2021-06-25T13:50:58,800.0,41.75,B
2021-06-25T13:50:56,300.0,41.75,B
2021-06-25T13:50:56,7000.0,41.75,B
2021-06-25T13:50:56,8000.0,41.75,B
2021-06-25T13:50:51,100.0,41.75,B
2021-06-25T13:50:49,500.0,41.75,B
2021-06-25T13:50:48,2300.0,41.75,B
2021-06-25T13:50:48,500.0,41.75,B
2021-06-25T13:50:47,6200.0,41.75,B
2021-06-25T13:50:47,20000.0,41.75,B
2021-06-25T13:50:46,600.0,41.75,B
2021-06-25T13:50:39,200.0,41.75,B
2021-06-25T13:50:38,100.0,41.7,S
2021-06-25T13:50:38,2000.0,41.7,S
2021-06-25T13:50:31,21000.0,41.75,B
2021-06-25T13:50:22,200.0,41.75,B
2021-06-25T13:50:21,1600.0,41.75,B
2021-06-25T13:50:17,200.0,41.75,B
2021-06-25T13:50:16,100.0,41.75,B
2021-06-25T13:50:11,500.0,41.7,S
2021-06-25T13:50:09,1000.0,41.75,B
2021-06-25T13:50:07,300.0,41.75,B
2021-06-25T13:50:07,100.0,41.7,S
2021-06-25T13:50:03,200.0,41.7,S
2021-06-25T13:50:01,1000.0,41.7,B
2021-06-25T13:50:01,8200.0,41.7,B
2021-06-25T13:50:01,100.0,41.7,B
2021-06-25T13:50:01,700.0,41.7,B
2021-06-25T13:50:01,700.0,41.7,B
2021-06-25T13:50:01,1100.0,41.7,B
2021-06-25T13:50:01,400.0,41.7,B
2021-06-25T13:50:01,1600.0,41.7,B
2021-06-25T13:50:00,1500.0,41.7,B
2021-06-25T13:49:58,1000.0,41.7,B
2021-06-25T13:49:57,1000.0,41.7,B
2021-06-25T13:49:57,2000.0,41.7,B
2021-06-25T13:49:54,200.0,41.7,B
2021-06-25T13:49:48,1100.0,41.7,B
2021-06-25T13:49:47,100.0,41.7,B
2021-06-25T13:49:45,10000.0,41.65,S
2021-06-25T13:49:45,500.0,41.7,B
2021-06-25T13:49:42,100.0,41.7,B
2021-06-25T13:49:39,800.0,41.7,B
2021-06-25T13:49:39,800.0,41.7,B
2021-06-25T13:49:39,100.0,41.7,B
2021-06-25T13:49:39,6100.0,41.7,B
2021-06-25T13:49:39,1100.0,41.7,B
2021-06-25T13:49:39,100.0,41.7,B
2021-06-25T13:49:39,800.0,41.7,B
2021-06-25T13:49:39,2500.0,41.7,B
2021-06-25T13:49:39,200.0,41.7,B
2021-06-25T13:49:39,100.0,41.7,B
2021-06-25T13:49:39,500.0,41.7,B
2021-06-25T13:49:39,2600.0,41.7,B
2021-06-25T13:49:39,6400.0,41.7,B
2021-06-25T13:49:39,3200.0,41.7,B
2021-06-25T13:49:39,10300.0,41.7,B
2021-06-25T13:49:39,700.0,41.7,B
2021-06-25T13:49:38,100.0,41.7,B
2021-06-25T13:49:38,600.0,41.7,B
2021-06-25T13:49:38,13000.0,41.7,B
2021-06-25T13:49:38,300.0,41.65,S
2021-06-25T13:49:36,900.0,41.7,B
2021-06-25T13:49:36,100.0,41.65,S
2021-06-25T13:49:35,100.0,41.65,S
2021-06-25T13:49:34,200.0,41.65,S
2021-06-25T13:49:27,3900.0,41.7,B
2021-06-25T13:49:23,2700.0,41.65,S
2021-06-25T13:49:22,500.0,41.7,B
2021-06-25T13:49:16,1600.0,41.7,B
2021-06-25T13:49:16,100.0,41.7,B
2021-06-25T13:49:16,3300.0,41.7,B
2021-06-25T13:49:15,7000.0,41.65,S
2021-06-25T13:49:04,1000.0,41.65,S
2021-06-25T13:48:55,1000.0,41.7,B
2021-06-25T13:48:40,100.0,41.65,S
2021-06-25T13:48:34,500.0,41.65,S
2021-06-25T13:48:34,100.0,41.7,B
2021-06-25T13:48:34,1000.0,41.65,B
2021-06-25T13:48:32,1500.0,41.65,B
2021-06-25T13:48:31,200.0,41.65,B
2021-06-25T13:48:31,200.0,41.6,S
2021-06-25T13:48:30,1000.0,41.65,B
2021-06-25T13:48:30,2500.0,41.65,B
2021-06-25T13:48:30,100.0,41.65,B
2021-06-25T13:48:29,1000.0,41.65,B
2021-06-25T13:48:29,500.0,41.65,B
2021-06-25T13:48:29,3000.0,41.65,B
2021-06-25T13:48:28,600.0,41.65,B
2021-06-25T13:48:21,5000.0,41.65,B
2021-06-25T13:48:21,1000.0,41.65,B
2021-06-25T13:48:20,1000.0,41.65,B
2021-06-25T13:48:20,500.0,41.65,B
2021-06-25T13:48:18,500.0,41.65,B
2021-06-25T13:48:18,3900.0,41.65,B
2021-06-25T13:48:17,400.0,41.65,B
2021-06-25T13:48:14,400.0,41.65,B
2021-06-25T13:48:08,100.0,41.65,B
2021-06-25T13:48:08,1600.0,41.65,B
2021-06-25T13:48:08,3200.0,41.65,B
2021-06-25T13:48:07,2000.0,41.65,B
2021-06-25T13:48:04,100.0,41.65,B
2021-06-25T13:48:03,2800.0,41.65,B
2021-06-25T13:48:03,300.0,41.65,B
2021-06-25T13:48:03,2000.0,41.65,B
2021-06-25T13:48:02,1700.0,41.65,B
2021-06-25T13:48:02,200.0,41.65,B
2021-06-25T13:48:00,1000.0,41.65,B
2021-06-25T13:47:55,500.0,41.65,B
2021-06-25T13:47:55,700.0,41.6,S
2021-06-25T13:47:53,5000.0,41.65,B
2021-06-25T13:47:53,600.0,41.65,B
2021-06-25T13:47:52,2200.0,41.65,B
2021-06-25T13:47:47,1300.0,41.65,B
2021-06-25T13:47:46,2100.0,41.6,S
2021-06-25T13:47:46,2900.0,41.6,S
2021-06-25T13:47:44,500.0,41.65,B
2021-06-25T13:47:44,500.0,41.65,B
2021-06-25T13:47:42,100.0,41.65,B
2021-06-25T13:47:37,3900.0,41.65,B
2021-06-25T13:47:37,1500.0,41.65,B
2021-06-25T13:47:33,2000.0,41.65,B
2021-06-25T13:47:33,1000.0,41.65,B
2021-06-25T13:47:33,300.0,41.65,B
2021-06-25T13:47:28,100.0,41.65,B
2021-06-25T13:47:25,1000.0,41.65,B
2021-06-25T13:47:24,200.0,41.65,B
2021-06-25T13:47:20,1000.0,41.65,B
2021-06-25T13:47:17,400.0,41.65,B
2021-06-25T13:47:16,200.0,41.65,B
2021-06-25T13:47:12,100.0,41.65,B
2021-06-25T13:47:09,200.0,41.65,B
2021-06-25T13:47:08,3600.0,41.65,B
2021-06-25T13:47:03,2000.0,41.65,B
2021-06-25T13:47:02,3000.0,41.65,B
2021-06-25T13:47:02,6400.0,41.65,B
2021-06-25T13:46:56,3000.0,41.65,B
2021-06-25T13:46:55,300.0,41.65,B
2021-06-25T13:46:53,300.0,41.6,S
2021-06-25T13:46:41,2800.0,41.65,B
2021-06-25T13:46:38,100.0,41.65,B
2021-06-25T13:46:31,1000.0,41.65,B
2021-06-25T13:46:29,3300.0,41.65,B
2021-06-25T13:46:24,2200.0,41.65,B
2021-06-25T13:46:15,100.0,41.65,B
2021-06-25T13:46:05,3900.0,41.65,B
2021-06-25T13:46:02,500.0,41.65,B
2021-06-25T13:46:00,200.0,41.65,B
2021-06-25T13:45:58,200.0,41.65,B
2021-06-25T13:45:53,100.0,41.65,B
2021-06-25T13:45:52,3100.0,41.6,S
2021-06-25T13:45:48,1700.0,41.65,B
2021-06-25T13:45:46,100.0,41.6,S
2021-06-25T13:45:44,400.0,41.65,B
2021-06-25T13:45:39,500.0,41.65,B
2021-06-25T13:45:39,800.0,41.65,B
2021-06-25T13:45:35,200.0,41.65,B
2021-06-25T13:45:35,200.0,41.65,B
2021-06-25T13:45:35,600.0,41.65,B
2021-06-25T13:45:29,5000.0,41.6,S
2021-06-25T13:45:28,1000.0,41.65,B
2021-06-25T13:45:25,100.0,41.65,B
2021-06-25T13:45:25,500.0,41.65,B
2021-06-25T13:45:25,1900.0,41.65,B
2021-06-25T13:45:24,100.0,41.65,B
2021-06-25T13:45:23,500.0,41.65,B
2021-06-25T13:45:23,800.0,41.65,B
2021-06-25T13:45:15,500.0,41.65,B
2021-06-25T13:45:12,1000.0,41.65,B
2021-06-25T13:45:09,100.0,41.65,B
2021-06-25T13:45:04,1000.0,41.65,B
2021-06-25T13:44:53,300.0,41.65,B
2021-06-25T13:44:53,200.0,41.65,B
2021-06-25T13:44:53,5600.0,41.65,B
2021-06-25T13:44:53,2300.0,41.65,B
2021-06-25T13:44:53,300.0,41.65,B
2021-06-25T13:44:52,6400.0,41.65,B
2021-06-25T13:44:43,100.0,41.65,B
2021-06-25T13:44:34,500.0,41.65,B
2021-06-25T13:44:31,100.0,41.65,B
2021-06-25T13:44:28,300.0,41.65,B
2021-06-25T13:44:27,100.0,41.65,B
2021-06-25T13:44:24,100.0,41.65,B
2021-06-25T13:44:22,6000.0,41.65,B
2021-06-25T13:44:22,600.0,41.65,B
2021-06-25T13:44:21,2000.0,41.65,B
2021-06-25T13:44:21,100.0,41.65,B
2021-06-25T13:44:16,1000.0,41.65,B
2021-06-25T13:44:14,500.0,41.6,S
2021-06-25T13:44:08,200.0,41.6,S
2021-06-25T13:44:04,1000.0,41.65,B
2021-06-25T13:44:03,300.0,41.6,S
2021-06-25T13:44:00,100.0,41.65,B
2021-06-25T13:43:58,1000.0,41.65,B
2021-06-25T13:43:55,500.0,41.65,B
2021-06-25T13:43:52,1000.0,41.65,B
2021-06-25T13:43:52,2000.0,41.65,B
2021-06-25T13:43:45,20500.0,41.6,S
2021-06-25T13:43:37,1000.0,41.65,B
2021-06-25T13:43:37,400.0,41.65,B
2021-06-25T13:43:32,100.0,41.6,S
2021-06-25T13:43:26,200.0,41.65,B
2021-06-25T13:43:26,300.0,41.65,B
2021-06-25T13:43:17,1300.0,41.65,B
2021-06-25T13:43:13,300.0,41.65,B
2021-06-25T13:43:13,7300.0,41.65,B
2021-06-25T13:43:12,600.0,41.6,S
2021-06-25T13:43:06,300.0,41.65,B
2021-06-25T13:43:06,800.0,41.6,S
2021-06-25T13:43:03,1100.0,41.65,B
2021-06-25T13:42:57,1600.0,41.6,S
2021-06-25T13:42:52,5000.0,41.6,S
2021-06-25T13:42:51,200.0,41.6,S
2021-06-25T13:42:50,400.0,41.65,B
2021-06-25T13:42:29,100.0,41.6,S
2021-06-25T13:42:26,1000.0,41.65,B
2021-06-25T13:42:20,10000.0,41.6,S
2021-06-25T13:42:14,1100.0,41.65,B
2021-06-25T13:42:14,1900.0,41.65,B
2021-06-25T13:42:12,700.0,41.65,B
2021-06-25T13:42:09,500.0,41.65,B
2021-06-25T13:42:09,1000.0,41.65,B
2021-06-25T13:42:05,500.0,41.6,S
2021-06-25T13:42:02,1000.0,41.65,B
2021-06-25T13:41:57,5000.0,41.65,B
2021-06-25T13:41:48,1000.0,41.6,S
2021-06-25T13:41:42,200.0,41.65,B
2021-06-25T13:41:37,1700.0,41.65,B
2021-06-25T13:41:30,2000.0,41.6,S
2021-06-25T13:41:30,400.0,41.65,B
2021-06-25T13:41:26,200.0,41.65,B
2021-06-25T13:41:24,3000.0,41.65,B
2021-06-25T13:41:22,700.0,41.65,B
2021-06-25T13:41:22,600.0,41.65,B
2021-06-25T13:41:21,100.0,41.65,B
2021-06-25T13:40:54,600.0,41.65,B
2021-06-25T13:40:54,10000.0,41.6,S
2021-06-25T13:40:49,1000.0,41.6,S
2021-06-25T13:40:48,500.0,41.65,B
2021-06-25T13:40:43,200.0,41.65,B
2021-06-25T13:40:40,1000.0,41.6,S
2021-06-25T13:40:35,8000.0,41.65,B
2021-06-25T13:40:28,900.0,41.6,S
2021-06-25T13:40:27,400.0,41.65,B
2021-06-25T13:40:22,500.0,41.6,S
2021-06-25T13:40:17,500.0,41.6,S
2021-06-25T13:40:15,1000.0,41.6,S
2021-06-25T13:40:13,1000.0,41.6,S
2021-06-25T13:40:13,2000.0,41.6,S
2021-06-25T13:40:10,3500.0,41.6,S
2021-06-25T13:39:57,2000.0,41.6,B
2021-06-25T13:39:57,900.0,41.6,B
2021-06-25T13:39:53,100.0,41.6,B
2021-06-25T13:39:53,1200.0,41.6,B
2021-06-25T13:39:53,1000.0,41.6,B
2021-06-25T13:39:50,300.0,41.6,B
2021-06-25T13:39:48,1000.0,41.6,B
2021-06-25T13:39:47,100.0,41.6,B
2021-06-25T13:39:47,300.0,41.6,B
2021-06-25T13:39:46,200.0,41.6,B
2021-06-25T13:39:45,3900.0,41.6,B
2021-06-25T13:39:43,10200.0,41.6,B
2021-06-25T13:39:43,1000.0,41.6,B
2021-06-25T13:39:43,2100.0,41.6,B
2021-06-25T13:39:43,5600.0,41.6,B
2021-06-25T13:39:43,11300.0,41.6,B
2021-06-25T13:39:43,1000.0,41.6,B
2021-06-25T13:39:42,200.0,41.6,B
2021-06-25T13:39:41,3500.0,41.6,B
2021-06-25T13:39:34,200.0,41.6,B
2021-06-25T13:39:33,1000.0,41.6,B
2021-06-25T13:39:33,100.0,41.6,B
2021-06-25T13:39:32,100.0,41.6,B
2021-06-25T13:39:32,500.0,41.55,S
2021-06-25T13:39:29,200.0,41.6,B
2021-06-25T13:39:26,300.0,41.6,B
2021-06-25T13:39:24,1000.0,41.6,B
2021-06-25T13:39:23,4000.0,41.6,B
2021-06-25T13:39:22,1000.0,41.6,B
2021-06-25T13:39:21,200.0,41.6,B
2021-06-25T13:39:21,1000.0,41.6,B
2021-06-25T13:39:20,100.0,41.6,B
2021-06-25T13:39:16,200.0,41.6,B
2021-06-25T13:39:12,500.0,41.6,B
2021-06-25T13:39:09,100.0,41.6,B
2021-06-25T13:39:03,100.0,41.6,B
2021-06-25T13:38:57,3600.0,41.6,B
2021-06-25T13:38:57,2000.0,41.6,B
2021-06-25T13:38:50,1000.0,41.6,B
2021-06-25T13:38:48,400.0,41.6,B
2021-06-25T13:38:47,100.0,41.6,B
2021-06-25T13:38:46,5000.0,41.6,B
2021-06-25T13:38:41,1500.0,41.6,B
2021-06-25T13:38:40,800.0,41.6,B
2021-06-25T13:38:33,100.0,41.6,B
2021-06-25T13:38:29,1000.0,41.6,B
2021-06-25T13:38:22,200.0,41.6,B
2021-06-25T13:38:22,300.0,41.55,S
2021-06-25T13:38:21,1000.0,41.6,B
2021-06-25T13:38:18,4000.0,41.6,B
2021-06-25T13:38:11,1000.0,41.6,B
2021-06-25T13:38:07,900.0,41.55,S
2021-06-25T13:38:06,1000.0,41.6,B
2021-06-25T13:38:06,200.0,41.6,B
2021-06-25T13:38:05,100.0,41.6,B
2021-06-25T13:37:58,100.0,41.6,B
2021-06-25T13:37:54,2600.0,41.6,B
2021-06-25T13:37:48,10000.0,41.6,B
2021-06-25T13:37:48,100.0,41.55,S
2021-06-25T13:37:47,800.0,41.6,B
2021-06-25T13:37:45,2400.0,41.6,B
2021-06-25T13:37:44,400.0,41.55,S
2021-06-25T13:37:44,1000.0,41.6,B
2021-06-25T13:37:43,1000.0,41.6,B
2021-06-25T13:37:40,100.0,41.55,S
2021-06-25T13:37:34,100.0,41.6,B
2021-06-25T13:37:32,2000.0,41.6,B
2021-06-25T13:37:29,100.0,41.6,B
2021-06-25T13:37:27,500.0,41.6,B
2021-06-25T13:37:27,2400.0,41.6,B
2021-06-25T13:37:26,1900.0,41.55,S
2021-06-25T13:37:21,10000.0,41.6,B
2021-06-25T13:37:15,1600.0,41.6,B
2021-06-25T13:37:15,1200.0,41.6,B
2021-06-25T13:37:12,900.0,41.6,B
2021-06-25T13:37:08,1000.0,41.6,B
2021-06-25T13:37:08,1300.0,41.6,B
2021-06-25T13:37:04,600.0,41.6,B
2021-06-25T13:36:56,500.0,41.6,B
2021-06-25T13:36:56,2000.0,41.6,B
2021-06-25T13:36:52,200.0,41.55,S
2021-06-25T13:36:49,300.0,41.55,S
2021-06-25T13:36:46,200.0,41.6,B
2021-06-25T13:36:44,1100.0,41.6,B
2021-06-25T13:36:40,2000.0,41.6,B
2021-06-25T13:36:36,100.0,41.6,B
2021-06-25T13:36:33,1000.0,41.6,B
2021-06-25T13:36:33,1000.0,41.6,B
2021-06-25T13:36:23,200.0,41.6,B
2021-06-25T13:36:23,600.0,41.6,B
2021-06-25T13:36:22,2200.0,41.6,S
2021-06-25T13:36:22,1300.0,41.6,S
2021-06-25T13:36:22,24300.0,41.6,S
2021-06-25T13:36:20,2000.0,41.6,S
2021-06-25T13:36:12,5900.0,41.6,S
2021-06-25T13:36:07,100.0,41.6,S
2021-06-25T13:36:07,5000.0,41.6,S
2021-06-25T13:35:58,2000.0,41.6,S
2021-06-25T13:35:51,400.0,41.6,S
2021-06-25T13:35:51,1600.0,41.6,S
2021-06-25T13:35:46,600.0,41.6,S
2021-06-25T13:35:41,1200.0,41.6,S
2021-06-25T13:35:41,18800.0,41.6,S
2021-06-25T13:35:34,2000.0,41.6,S
2021-06-25T13:35:30,5000.0,41.65,B
2021-06-25T13:35:28,1000.0,41.6,S
2021-06-25T13:35:21,6400.0,41.6,S
2021-06-25T13:35:21,1400.0,41.6,S
2021-06-25T13:35:21,200.0,41.6,S
2021-06-25T13:35:20,900.0,41.6,S
2021-06-25T13:35:18,5000.0,41.6,S
2021-06-25T13:35:09,200.0,41.6,S
2021-06-25T13:35:01,2800.0,41.6,S
2021-06-25T13:35:01,2000.0,41.6,S
2021-06-25T13:34:46,200.0,41.6,S
2021-06-25T13:34:40,17700.0,41.6,S
2021-06-25T13:34:40,300.0,41.6,S
2021-06-25T13:34:39,12000.0,41.6,S
2021-06-25T13:34:31,100.0,41.6,S
2021-06-25T13:34:16,14500.0,41.6,S
2021-06-25T13:34:13,200.0,41.6,S
2021-06-25T13:34:13,500.0,41.65,B
2021-06-25T13:34:05,300.0,41.6,S
2021-06-25T13:34:05,1000.0,41.65,B
2021-06-25T13:34:01,100.0,41.6,S
2021-06-25T13:33:54,2000.0,41.6,S
2021-06-25T13:33:49,2500.0,41.6,S
2021-06-25T13:33:49,7500.0,41.6,S
2021-06-25T13:33:32,5000.0,41.6,S
2021-06-25T13:33:27,3000.0,41.6,S
2021-06-25T13:33:26,4500.0,41.6,S
2021-06-25T13:33:24,1000.0,41.6,S
2021-06-25T13:33:19,2000.0,41.6,S
2021-06-25T13:33:14,100.0,41.6,S
2021-06-25T13:33:12,100.0,41.6,S
2021-06-25T13:33:09,500.0,41.6,S
2021-06-25T13:33:09,100.0,41.6,S
2021-06-25T13:33:09,400.0,41.6,S
2021-06-25T13:33:07,3100.0,41.6,S
2021-06-25T13:33:07,1900.0,41.6,S
2021-06-25T13:33:05,500.0,41.6,S
2021-06-25T13:32:57,400.0,41.6,B
2021-06-25T13:32:57,100.0,41.6,B
2021-06-25T13:32:57,3200.0,41.6,B
2021-06-25T13:32:54,5000.0,41.6,B
2021-06-25T13:32:47,3300.0,41.55,S
2021-06-25T13:32:46,100.0,41.6,B
2021-06-25T13:32:46,100.0,41.6,B
2021-06-25T13:32:44,20000.0,41.6,B
2021-06-25T13:32:43,1000.0,41.6,B
2021-06-25T13:32:42,100.0,41.6,B
2021-06-25T13:32:36,500.0,41.6,B
2021-06-25T13:32:35,100.0,41.6,B
2021-06-25T13:32:31,5000.0,41.6,B
2021-06-25T13:32:31,100.0,41.6,B
2021-06-25T13:32:28,2000.0,41.6,B
2021-06-25T13:32:28,100.0,41.6,B
2021-06-25T13:32:26,3700.0,41.6,B
2021-06-25T13:32:23,1300.0,41.6,B
2021-06-25T13:32:23,12800.0,41.55,S
2021-06-25T13:32:22,1000.0,41.6,B
2021-06-25T13:32:19,100.0,41.6,B
2021-06-25T13:32:19,800.0,41.6,B
2021-06-25T13:32:18,100.0,41.6,B
2021-06-25T13:32:18,300.0,41.6,B
2021-06-25T13:32:17,1000.0,41.6,B
2021-06-25T13:32:15,500.0,41.55,S
2021-06-25T13:32:14,1000.0,41.6,B
2021-06-25T13:32:11,100.0,41.6,B
2021-06-25T13:32:08,200.0,41.6,B
2021-06-25T13:32:06,100.0,41.6,B
2021-06-25T13:32:06,500.0,41.6,B
2021-06-25T13:32:02,200.0,41.6,B
2021-06-25T13:32:00,500.0,41.6,B
2021-06-25T13:31:59,200.0,41.6,B
2021-06-25T13:31:55,1400.0,41.6,B
2021-06-25T13:31:52,1000.0,41.6,B
2021-06-25T13:31:49,500.0,41.6,B
2021-06-25T13:31:47,500.0,41.6,B
2021-06-25T13:31:44,1000.0,41.6,B
2021-06-25T13:31:38,400.0,41.6,B
2021-06-25T13:31:38,1000.0,41.6,B
2021-06-25T13:31:32,200.0,41.55,S
2021-06-25T13:31:30,2500.0,41.6,B
2021-06-25T13:31:24,800.0,41.6,S
2021-06-25T13:31:23,2500.0,41.6,S
2021-06-25T13:31:21,3100.0,41.6,B
2021-06-25T13:31:19,100.0,41.6,S
2021-06-25T13:31:18,100.0,41.6,S
2021-06-25T13:31:16,400.0,41.6,S
2021-06-25T13:31:15,1000.0,41.6,S
2021-06-25T13:31:15,4300.0,41.6,S
2021-06-25T13:31:15,2200.0,41.6,S
2021-06-25T13:31:15,9800.0,41.6,S
2021-06-25T13:31:11,500.0,41.65,B
2021-06-25T13:31:11,500.0,41.65,B
2021-06-25T13:31:09,2000.0,41.65,B
2021-06-25T13:31:03,23300.0,41.6,S
2021-06-25T13:31:03,2400.0,41.6,S
2021-06-25T13:31:03,100.0,41.6,S
2021-06-25T13:31:03,114800.0,41.6,S
2021-06-25T13:31:03,3000.0,41.6,S
2021-06-25T13:31:03,5000.0,41.6,S
2021-06-25T13:31:03,5800.0,41.6,S
2021-06-25T13:31:03,5000.0,41.6,S
2021-06-25T13:31:03,200.0,41.6,S
2021-06-25T13:31:03,7800.0,41.6,S
2021-06-25T13:31:03,300.0,41.6,S
2021-06-25T13:31:02,13600.0,41.6,S
2021-06-25T13:31:02,5200.0,41.6,S
2021-06-25T13:31:02,4200.0,41.6,S
2021-06-25T13:31:02,300.0,41.6,S
2021-06-25T13:31:02,2100.0,41.6,S
2021-06-25T13:31:02,1500.0,41.6,S
2021-06-25T13:31:02,200.0,41.6,S
2021-06-25T13:31:02,200.0,41.6,S
2021-06-25T13:31:02,100.0,41.6,S
2021-06-25T13:31:02,1000.0,41.6,S
2021-06-25T13:31:02,800.0,41.6,S
2021-06-25T13:31:02,3300.0,41.6,S
2021-06-25T13:31:02,200.0,41.6,S
2021-06-25T13:31:02,200.0,41.6,S
2021-06-25T13:31:02,4200.0,41.6,S
2021-06-25T13:31:02,1000.0,41.6,S
2021-06-25T13:31:02,1500.0,41.6,S
2021-06-25T13:31:02,100.0,41.6,S
2021-06-25T13:31:02,1400.0,41.6,S
2021-06-25T13:31:02,3100.0,41.6,S
2021-06-25T13:31:02,500.0,41.6,S
2021-06-25T13:31:02,100.0,41.6,S
2021-06-25T13:31:02,10900.0,41.6,S
2021-06-25T13:31:02,1300.0,41.6,S
2021-06-25T13:31:02,2000.0,41.6,S
2021-06-25T13:31:02,3600.0,41.6,S
2021-06-25T13:31:02,500.0,41.6,S
2021-06-25T13:31:02,500.0,41.6,S
2021-06-25T13:31:02,5100.0,41.6,S
2021-06-25T13:31:02,2200.0,41.6,S
2021-06-25T13:31:02,1200.0,41.6,S
2021-06-25T13:31:02,200.0,41.6,S
2021-06-25T13:31:02,100.0,41.6,S
2021-06-25T13:31:02,1300.0,41.6,S
2021-06-25T13:31:02,400.0,41.6,S
2021-06-25T13:31:02,20600.0,41.6,S
2021-06-25T13:31:02,10000.0,41.6,S
2021-06-25T13:31:02,1400.0,41.6,S
2021-06-25T13:31:02,200.0,41.6,S
2021-06-25T13:31:02,2400.0,41.6,S
2021-06-25T13:31:02,500.0,41.6,S
2021-06-25T13:31:02,2000.0,41.6,S
2021-06-25T13:31:02,1200.0,41.6,S
2021-06-25T13:31:02,3600.0,41.6,S
2021-06-25T13:31:02,100.0,41.6,S
2021-06-25T13:31:02,16200.0,41.6,S
2021-06-25T13:31:02,1500.0,41.65,B
2021-06-25T13:30:54,1000.0,41.65,B
2021-06-25T13:30:53,500.0,41.6,S
2021-06-25T13:30:50,5000.0,41.65,B
2021-06-25T13:30:48,18600.0,41.6,S
2021-06-25T13:30:48,1000.0,41.6,S
2021-06-25T13:30:48,400.0,41.6,S
2021-06-25T13:30:45,200.0,41.6,S
2021-06-25T13:30:45,5900.0,41.6,S
2021-06-25T13:30:45,600.0,41.6,S
2021-06-25T13:30:45,1100.0,41.6,S
2021-06-25T13:30:45,4700.0,41.6,S
2021-06-25T13:30:44,200.0,41.6,S
2021-06-25T13:30:43,1000.0,41.65,B
2021-06-25T13:30:43,200.0,41.65,B
2021-06-25T13:30:38,100.0,41.65,B
2021-06-25T13:30:37,2000.0,41.6,S
2021-06-25T13:30:37,400.0,41.6,S
2021-06-25T13:30:37,1000.0,41.6,S
2021-06-25T13:30:35,1000.0,41.65,B
2021-06-25T13:30:31,100.0,41.6,S
2021-06-25T13:30:28,100.0,41.65,B
2021-06-25T13:30:23,900.0,41.65,B
2021-06-25T13:30:23,2100.0,41.65,B
2021-06-25T13:30:23,200.0,41.65,B
2021-06-25T13:30:22,500.0,41.65,B
2021-06-25T13:30:20,100.0,41.65,B
2021-06-25T13:30:17,500.0,41.65,B
2021-06-25T13:30:13,1800.0,41.65,B
2021-06-25T13:30:11,1000.0,41.6,S
2021-06-25T13:30:11,100.0,41.65,B
2021-06-25T13:30:10,300.0,41.65,B
2021-06-25T13:30:06,100.0,41.65,B
2021-06-25T13:30:04,100.0,41.65,B
2021-06-25T13:29:57,1000.0,41.65,B
2021-06-25T13:29:52,2000.0,41.65,B
2021-06-25T13:29:49,800.0,41.65,B
2021-06-25T13:29:42,8100.0,41.6,S
2021-06-25T13:29:30,1000.0,41.65,B
2021-06-25T13:29:29,500.0,41.65,B
2021-06-25T13:29:24,3000.0,41.65,B
2021-06-25T13:29:17,600.0,41.6,S
2021-06-25T13:29:13,200.0,41.65,B
2021-06-25T13:29:13,200.0,41.65,B
2021-06-25T13:29:12,200.0,41.65,B
2021-06-25T13:29:11,100.0,41.65,B
2021-06-25T13:29:11,100.0,41.65,B
2021-06-25T13:29:03,900.0,41.65,B
2021-06-25T13:28:56,800.0,41.65,B
2021-06-25T13:28:52,1000.0,41.65,B
2021-06-25T13:28:48,100.0,41.65,B
2021-06-25T13:28:45,1000.0,41.65,B
2021-06-25T13:28:39,100.0,41.65,B
2021-06-25T13:28:35,1000.0,41.65,B
2021-06-25T13:28:34,300.0,41.65,B
2021-06-25T13:28:30,500.0,41.65,B
2021-06-25T13:28:26,200.0,41.65,B
2021-06-25T13:28:25,500.0,41.65,B
2021-06-25T13:28:22,1000.0,41.6,S
2021-06-25T13:28:03,900.0,41.6,S
2021-06-25T13:28:03,900.0,41.65,B
2021-06-25T13:27:57,600.0,41.65,B
2021-06-25T13:27:53,16200.0,41.6,S
2021-06-25T13:27:53,41000.0,41.6,S
2021-06-25T13:27:53,1000.0,41.6,S
2021-06-25T13:27:53,20700.0,41.6,S
2021-06-25T13:27:53,20500.0,41.6,S
2021-06-25T13:27:53,100.0,41.6,S
2021-06-25T13:27:53,500.0,41.6,S
2021-06-25T13:27:49,100.0,41.65,B
2021-06-25T13:27:48,1000.0,41.65,B
2021-06-25T13:27:43,200.0,41.65,B
2021-06-25T13:27:43,1000.0,41.65,B
2021-06-25T13:27:39,200.0,41.65,B
2021-06-25T13:27:36,8000.0,41.6,S
2021-06-25T13:27:35,500.0,41.65,B
2021-06-25T13:27:33,2000.0,41.65,B
2021-06-25T13:27:32,1000.0,41.65,B
2021-06-25T13:27:32,1500.0,41.65,B
2021-06-25T13:27:29,100.0,41.65,B
2021-06-25T13:27:29,1500.0,41.65,B
2021-06-25T13:27:27,100.0,41.65,B
2021-06-25T13:27:26,400.0,41.65,B
2021-06-25T13:27:23,800.0,41.65,B
2021-06-25T13:27:22,5000.0,41.65,B
2021-06-25T13:27:18,500.0,41.65,B
2021-06-25T13:27:16,300.0,41.65,B
2021-06-25T13:27:00,100.0,41.65,B
2021-06-25T13:26:50,1000.0,41.65,B
2021-06-25T13:26:46,200.0,41.65,B
2021-06-25T13:26:43,200.0,41.65,B
2021-06-25T13:26:37,5000.0,41.65,B
2021-06-25T13:26:37,200.0,41.65,B
2021-06-25T13:26:34,2000.0,41.65,B
2021-06-25T13:26:33,400.0,41.65,B
2021-06-25T13:26:29,500.0,41.65,B
2021-06-25T13:26:29,1000.0,41.65,B
2021-06-25T13:26:27,1000.0,41.65,B
2021-06-25T13:26:26,800.0,41.65,B
2021-06-25T13:26:23,1000.0,41.65,B
2021-06-25T13:26:16,200.0,41.65,B
2021-06-25T13:26:15,100.0,41.65,B
2021-06-25T13:26:13,100.0,41.65,B
2021-06-25T13:26:10,5000.0,41.65,B
2021-06-25T13:26:03,700.0,41.6,S
2021-06-25T13:26:00,100.0,41.65,B
2021-06-25T13:25:58,1500.0,41.65,B
2021-06-25T13:25:56,1000.0,41.65,B
2021-06-25T13:25:56,2000.0,41.65,B
2021-06-25T13:25:55,1500.0,41.65,B
2021-06-25T13:25:52,800.0,41.65,B
2021-06-25T13:25:48,100.0,41.65,B
2021-06-25T13:25:46,2000.0,41.6,S
2021-06-25T13:25:43,200.0,41.65,B
2021-06-25T13:25:37,2000.0,41.65,B
2021-06-25T13:25:36,3900.0,41.65,B
2021-06-25T13:25:35,300.0,41.65,B
2021-06-25T13:25:32,2700.0,41.65,B
2021-06-25T13:25:29,100.0,41.65,B
2021-06-25T13:25:26,900.0,41.65,B
2021-06-25T13:25:21,200.0,41.65,B
2021-06-25T13:25:19,400.0,41.65,B
2021-06-25T13:25:17,2000.0,41.65,B
2021-06-25T13:25:14,200.0,41.65,B
2021-06-25T13:25:10,500.0,41.65,B
2021-06-25T13:25:09,200.0,41.65,B
2021-06-25T13:25:05,2200.0,41.65,B
2021-06-25T13:25:05,200.0,41.65,B
2021-06-25T13:25:03,500.0,41.65,B
2021-06-25T13:25:01,1000.0,41.65,B
2021-06-25T13:24:57,5500.0,41.65,B
2021-06-25T13:24:53,400.0,41.65,B
2021-06-25T13:24:52,300.0,41.65,B
2021-06-25T13:24:47,34000.0,41.65,B
2021-06-25T13:24:46,3000.0,41.65,B
2021-06-25T13:24:42,9000.0,41.65,B
2021-06-25T13:24:36,2000.0,41.65,B
2021-06-25T13:24:30,100.0,41.65,B
2021-06-25T13:24:30,100.0,41.65,B
2021-06-25T13:24:27,6800.0,41.65,B
2021-06-25T13:24:27,15000.0,41.65,B
2021-06-25T13:24:27,4000.0,41.65,B
2021-06-25T13:24:19,1400.0,41.65,B
2021-06-25T13:24:16,100.0,41.65,B
2021-06-25T13:24:14,100.0,41.65,B
2021-06-25T13:24:13,1000.0,41.65,B
2021-06-25T13:24:12,4000.0,41.65,B
2021-06-25T13:24:04,1100.0,41.65,B
2021-06-25T13:24:02,2000.0,41.65,S
2021-06-25T13:24:01,100.0,41.65,S
2021-06-25T13:24:00,700.0,41.65,S
2021-06-25T13:24:00,5500.0,41.65,S
2021-06-25T13:23:58,700.0,41.7,B
2021-06-25T13:23:57,2000.0,41.65,S
2021-06-25T13:23:57,1000.0,41.65,S
2021-06-25T13:23:57,100.0,41.65,S
2021-06-25T13:23:54,200.0,41.7,B
2021-06-25T13:23:47,2000.0,41.65,S
2021-06-25T13:23:45,1000.0,41.65,S
2021-06-25T13:23:45,100.0,41.7,B
2021-06-25T13:23:40,1000.0,41.7,B
2021-06-25T13:23:40,5200.0,41.65,S
2021-06-25T13:23:39,800.0,41.7,B
2021-06-25T13:23:38,100.0,41.7,B
2021-06-25T13:23:38,15400.0,41.65,S
2021-06-25T13:23:38,800.0,41.65,S
2021-06-25T13:23:36,1000.0,41.65,S
2021-06-25T13:23:36,800.0,41.65,S
2021-06-25T13:23:36,2300.0,41.65,S
2021-06-25T13:23:36,300.0,41.65,S
2021-06-25T13:23:36,1900.0,41.65,S
2021-06-25T13:23:36,1100.0,41.65,S
2021-06-25T13:23:36,300.0,41.65,S
2021-06-25T13:23:36,2100.0,41.65,S
2021-06-25T13:23:36,4000.0,41.65,S
2021-06-25T13:23:33,500.0,41.7,B
2021-06-25T13:23:23,1800.0,41.7,B
2021-06-25T13:23:23,1700.0,41.7,B
2021-06-25T13:23:23,3200.0,41.7,B
2021-06-25T13:23:23,200.0,41.7,B
2021-06-25T13:23:23,26200.0,41.7,B
2021-06-25T13:23:23,12900.0,41.7,B
2021-06-25T13:23:20,1000.0,41.65,S
2021-06-25T13:23:20,1400.0,41.65,S
2021-06-25T13:23:16,2000.0,41.65,S
2021-06-25T13:23:16,1000.0,41.65,S
2021-06-25T13:23:13,500.0,41.7,B
2021-06-25T13:23:12,400.0,41.65,S
2021-06-25T13:22:59,1000.0,41.65,S
2021-06-25T13:22:56,1000.0,41.7,B
2021-06-25T13:22:48,300.0,41.7,B
2021-06-25T13:22:46,900.0,41.65,S
2021-06-25T13:22:46,1100.0,41.65,S
2021-06-25T13:22:44,3000.0,41.65,S
2021-06-25T13:22:40,2000.0,41.65,S
2021-06-25T13:22:39,300.0,41.65,S
2021-06-25T13:22:35,1000.0,41.65,S
2021-06-25T13:22:35,2000.0,41.65,S
2021-06-25T13:22:31,2000.0,41.65,S
2021-06-25T13:22:27,1000.0,41.65,S
2021-06-25T13:22:24,3400.0,41.65,S
2021-06-25T13:22:24,6600.0,41.65,S
2021-06-25T13:22:22,1000.0,41.65,S
2021-06-25T13:22:22,5400.0,41.65,S
2021-06-25T13:22:22,1000.0,41.65,S
2021-06-25T13:22:22,1500.0,41.65,S
2021-06-25T13:22:22,500.0,41.65,S
2021-06-25T13:22:22,5200.0,41.65,S
2021-06-25T13:22:19,100.0,41.65,S
2021-06-25T13:22:16,5000.0,41.7,B
2021-06-25T13:22:10,2100.0,41.65,S
2021-06-25T13:22:10,1300.0,41.65,S
2021-06-25T13:22:10,1600.0,41.65,S
2021-06-25T13:22:10,4000.0,41.65,S
2021-06-25T13:22:09,10000.0,41.65,S
2021-06-25T13:22:08,2000.0,41.65,S
2021-06-25T13:22:00,10000.0,41.65,S
2021-06-25T13:21:59,1900.0,41.65,S
2021-06-25T13:21:59,2800.0,41.65,S
2021-06-25T13:21:59,700.0,41.65,S
2021-06-25T13:21:59,5400.0,41.65,S
2021-06-25T13:21:39,4000.0,41.65,S
2021-06-25T13:21:39,1000.0,41.65,S
2021-06-25T13:21:38,1000.0,41.65,S
2021-06-25T13:21:37,100.0,41.7,B
2021-06-25T13:21:36,900.0,41.7,B
2021-06-25T13:21:35,300.0,41.7,B
2021-06-25T13:21:33,20000.0,41.65,S
2021-06-25T13:21:33,300.0,41.7,B
2021-06-25T13:21:32,100.0,41.7,B
2021-06-25T13:21:27,100.0,41.65,S
2021-06-25T13:21:26,1800.0,41.7,B
2021-06-25T13:21:24,100.0,41.7,B
2021-06-25T13:21:19,1500.0,41.7,B
2021-06-25T13:21:16,2000.0,41.65,S
2021-06-25T13:21:12,1000.0,41.7,B
2021-06-25T13:21:09,200.0,41.7,B
2021-06-25T13:21:06,700.0,41.7,B
2021-06-25T13:21:04,1600.0,41.65,S
2021-06-25T13:21:04,200.0,41.7,B
2021-06-25T13:21:03,700.0,41.7,B
2021-06-25T13:20:58,200.0,41.7,B
2021-06-25T13:20:58,1500.0,41.7,B
2021-06-25T13:20:58,500.0,41.7,B
2021-06-25T13:20:53,1000.0,41.7,B
2021-06-25T13:20:51,400.0,41.65,S
2021-06-25T13:20:49,5000.0,41.7,B
2021-06-25T13:20:49,3000.0,41.7,B
2021-06-25T13:20:47,600.0,41.65,S
2021-06-25T13:20:41,500.0,41.7,B
2021-06-25T13:20:35,1000.0,41.7,B
2021-06-25T13:20:28,800.0,41.65,S
2021-06-25T13:20:26,1900.0,41.7,B
2021-06-25T13:20:24,2000.0,41.7,B
2021-06-25T13:20:24,2000.0,41.7,B
2021-06-25T13:20:23,10000.0,41.65,S
2021-06-25T13:20:23,10000.0,41.7,B
2021-06-25T13:20:22,100.0,41.7,B
2021-06-25T13:20:11,100.0,41.65,S
2021-06-25T13:20:09,2100.0,41.65,S
2021-06-25T13:20:08,3000.0,41.7,B
2021-06-25T13:20:04,200.0,41.7,B
2021-06-25T13:20:03,10000.0,41.7,B
2021-06-25T13:20:03,1000.0,41.7,B
2021-06-25T13:19:57,7000.0,41.7,B
2021-06-25T13:19:57,1000.0,41.7,B
2021-06-25T13:19:53,2100.0,41.65,S
2021-06-25T13:19:51,100.0,41.7,B
2021-06-25T13:19:50,100.0,41.7,B
2021-06-25T13:19:50,9900.0,41.65,S
2021-06-25T13:19:50,24100.0,41.65,S
2021-06-25T13:19:45,500.0,41.7,B
2021-06-25T13:19:41,4000.0,41.7,B
2021-06-25T13:19:41,700.0,41.7,B
2021-06-25T13:19:40,700.0,41.7,B
2021-06-25T13:19:39,300.0,41.7,B
2021-06-25T13:19:38,700.0,41.7,B
2021-06-25T13:19:36,2100.0,41.7,B
2021-06-25T13:19:35,1500.0,41.7,B
2021-06-25T13:19:34,500.0,41.7,B
2021-06-25T13:19:32,500.0,41.7,B
2021-06-25T13:19:32,300.0,41.7,B
2021-06-25T13:19:24,2000.0,41.7,B
2021-06-25T13:19:24,200.0,41.7,B
2021-06-25T13:19:24,2800.0,41.7,B
2021-06-25T13:19:19,100.0,41.7,B
2021-06-25T13:19:17,1100.0,41.65,S
2021-06-25T13:19:17,1800.0,41.7,B
2021-06-25T13:19:11,100.0,41.7,B
2021-06-25T13:19:11,300.0,41.7,B
2021-06-25T13:19:09,100.0,41.7,B
2021-06-25T13:19:08,500.0,41.7,B
2021-06-25T13:19:07,1200.0,41.7,B
2021-06-25T13:19:07,600.0,41.7,B
2021-06-25T13:19:07,800.0,41.7,B
2021-06-25T13:19:07,2400.0,41.7,B
2021-06-25T13:19:06,2000.0,41.7,B
2021-06-25T13:19:03,1300.0,41.7,B
2021-06-25T13:18:50,500.0,41.7,B
2021-06-25T13:18:49,500.0,41.7,B
2021-06-25T13:18:49,6800.0,41.65,S
2021-06-25T13:18:49,8900.0,41.7,B
2021-06-25T13:18:47,1500.0,41.7,B
2021-06-25T13:18:42,5000.0,41.65,S
2021-06-25T13:18:40,1000.0,41.7,B
2021-06-25T13:18:38,3700.0,41.7,B
2021-06-25T13:18:38,1200.0,41.7,B
2021-06-25T13:18:38,3700.0,41.7,B
2021-06-25T13:18:38,600.0,41.7,B
2021-06-25T13:18:37,5800.0,41.7,B
2021-06-25T13:18:36,3300.0,41.7,B
2021-06-25T13:18:36,5000.0,41.65,S
2021-06-25T13:18:25,1000.0,41.7,B
2021-06-25T13:18:23,5000.0,41.7,B
2021-06-25T13:18:23,1000.0,41.65,S
2021-06-25T13:18:20,100.0,41.7,B
2021-06-25T13:18:20,1000.0,41.7,B
2021-06-25T13:18:20,4000.0,41.7,B
2021-06-25T13:18:19,700.0,41.7,B
2021-06-25T13:18:14,3700.0,41.65,S
2021-06-25T13:18:11,2300.0,41.7,B
2021-06-25T13:18:11,100.0,41.7,B
2021-06-25T13:18:06,1000.0,41.7,B
2021-06-25T13:18:03,100.0,41.7,B
2021-06-25T13:18:00,800.0,41.7,B
2021-06-25T13:18:00,34000.0,41.65,S
2021-06-25T13:17:58,3000.0,41.65,S
2021-06-25T13:17:57,2000.0,41.7,B
2021-06-25T13:17:55,3200.0,41.7,B
2021-06-25T13:17:52,100.0,41.7,B
2021-06-25T13:17:51,500.0,41.65,S
2021-06-25T13:17:48,2000.0,41.7,B
2021-06-25T13:17:46,5700.0,41.7,B
2021-06-25T13:17:46,3300.0,41.7,B
2021-06-25T13:17:44,500.0,41.65,S
2021-06-25T13:17:40,200.0,41.7,B
2021-06-25T13:17:38,300.0,41.7,B
2021-06-25T13:17:37,500.0,41.7,B
2021-06-25T13:17:33,500.0,41.7,B
2021-06-25T13:17:31,2000.0,41.65,S
2021-06-25T13:17:31,800.0,41.65,S
2021-06-25T13:17:30,300.0,41.65,S
2021-06-25T13:17:27,3400.0,41.65,S
2021-06-25T13:17:24,1000.0,41.7,B
2021-06-25T13:17:17,1000.0,41.65,S
2021-06-25T13:17:13,100.0,41.7,B
2021-06-25T13:16:58,300.0,41.65,B
2021-06-25T13:16:55,500.0,41.65,B
2021-06-25T13:16:55,200.0,41.65,B
2021-06-25T13:16:55,800.0,41.65,B
2021-06-25T13:16:55,200.0,41.65,B
2021-06-25T13:16:53,200.0,41.65,B
2021-06-25T13:16:50,500.0,41.65,B
2021-06-25T13:16:44,2000.0,41.65,B
2021-06-25T13:16:41,500.0,41.65,B
2021-06-25T13:16:40,4000.0,41.65,B
2021-06-25T13:16:40,1000.0,41.65,B
2021-06-25T13:16:39,2000.0,41.65,S
2021-06-25T13:16:39,100.0,41.65,S
2021-06-25T13:16:36,2000.0,41.65,S
2021-06-25T13:16:36,300.0,41.65,S
2021-06-25T13:16:36,100.0,41.65,S
2021-06-25T13:16:35,300.0,41.65,S
2021-06-25T13:16:35,500.0,41.65,S
2021-06-25T13:16:35,10500.0,41.65,S
2021-06-25T13:16:34,5000.0,41.65,S
2021-06-25T13:16:34,300.0,41.65,S
2021-06-25T13:16:31,10700.0,41.6,S
2021-06-25T13:16:31,200.0,41.6,S
2021-06-25T13:16:31,500.0,41.6,S
2021-06-25T13:16:31,22600.0,41.6,S
2021-06-25T13:16:31,3000.0,41.65,S
2021-06-25T13:16:29,3400.0,41.65,S
2021-06-25T13:16:29,200.0,41.65,S
2021-06-25T13:16:26,300.0,41.65,S
2021-06-25T13:16:25,100.0,41.65,S
2021-06-25T13:16:24,400.0,41.7,B
2021-06-25T13:16:23,500.0,41.65,S
2021-06-25T13:16:20,100.0,41.65,S
2021-06-25T13:16:19,6400.0,41.65,S
2021-06-25T13:16:17,600.0,41.65,S
2021-06-25T13:16:17,2000.0,41.65,S
2021-06-25T13:16:17,10000.0,41.65,S
2021-06-25T13:16:14,2500.0,41.65,S
2021-06-25T13:16:14,2000.0,41.65,S
2021-06-25T13:16:13,7000.0,41.65,S
2021-06-25T13:16:11,700.0,41.65,S
2021-06-25T13:16:10,10000.0,41.65,S
2021-06-25T13:16:04,1900.0,41.65,B
2021-06-25T13:16:03,7700.0,41.65,B
2021-06-25T13:16:03,100.0,41.65,B
2021-06-25T13:16:02,5000.0,41.65,B
2021-06-25T13:16:02,1300.0,41.65,B
2021-06-25T13:16:01,3000.0,41.65,B
2021-06-25T13:15:59,1800.0,41.65,B
2021-06-25T13:15:57,500.0,41.65,B
2021-06-25T13:15:56,500.0,41.65,B
2021-06-25T13:15:55,1500.0,41.65,B
2021-06-25T13:15:54,300.0,41.65,B
2021-06-25T13:15:52,100.0,41.65,B
2021-06-25T13:15:49,100.0,41.65,B
2021-06-25T13:15:48,3400.0,41.6,S
2021-06-25T13:15:45,4000.0,41.65,B
2021-06-25T13:15:45,2500.0,41.65,B
2021-06-25T13:15:39,1000.0,41.65,B
2021-06-25T13:15:35,100.0,41.65,B
2021-06-25T13:15:34,300.0,41.65,B
2021-06-25T13:15:34,500.0,41.65,B
2021-06-25T13:15:34,100.0,41.65,B
2021-06-25T13:15:27,5000.0,41.65,B
2021-06-25T13:15:26,5100.0,41.65,B
2021-06-25T13:15:26,3000.0,41.65,B
2021-06-25T13:15:26,100.0,41.65,B
2021-06-25T13:15:25,500.0,41.65,B
2021-06-25T13:15:22,5000.0,41.65,B
2021-06-25T13:15:20,6000.0,41.65,B
2021-06-25T13:15:19,1500.0,41.65,B
2021-06-25T13:15:19,20000.0,41.65,B
2021-06-25T13:15:13,7000.0,41.65,S
2021-06-25T13:15:11,1000.0,41.65,S
2021-06-25T13:15:11,1000.0,41.65,S
2021-06-25T13:15:11,700.0,41.65,S
2021-06-25T13:15:11,500.0,41.65,S
2021-06-25T13:15:11,10600.0,41.65,S
2021-06-25T13:15:11,6500.0,41.65,S
2021-06-25T13:15:10,200.0,41.65,S
2021-06-25T13:15:05,200.0,41.65,S
2021-06-25T13:15:03,1200.0,41.65,S
2021-06-25T13:14:58,16800.0,41.65,B
2021-06-25T13:14:57,10000.0,41.65,B
2021-06-25T13:14:57,3000.0,41.65,B
2021-06-25T13:14:55,5000.0,41.65,B
2021-06-25T13:14:53,13300.0,41.65,B
2021-06-25T13:14:53,600.0,41.6,S
2021-06-25T13:14:53,20000.0,41.6,S
2021-06-25T13:14:53,1200.0,41.6,S
2021-06-25T13:14:53,24000.0,41.6,S
2021-06-25T13:14:53,500.0,41.6,S
2021-06-25T13:14:53,500.0,41.6,S
2021-06-25T13:14:53,1400.0,41.6,S
2021-06-25T13:14:53,800.0,41.6,S
2021-06-25T13:14:53,300.0,41.6,S
2021-06-25T13:14:52,20100.0,41.6,S
2021-06-25T13:14:52,100.0,41.6,S
2021-06-25T13:14:52,1100.0,41.6,S
2021-06-25T13:14:52,1100.0,41.6,S
2021-06-25T13:14:52,15500.0,41.6,S
2021-06-25T13:14:51,1100.0,41.65,B
2021-06-25T13:14:51,3900.0,41.65,B
2021-06-25T13:14:48,1200.0,41.65,B
2021-06-25T13:14:48,5000.0,41.65,B
2021-06-25T13:14:45,2800.0,41.6,S
2021-06-25T13:14:43,800.0,41.65,B
2021-06-25T13:14:41,500.0,41.65,B
2021-06-25T13:14:40,3000.0,41.65,B
2021-06-25T13:14:38,1000.0,41.65,B
2021-06-25T13:14:35,5000.0,41.65,B
2021-06-25T13:14:33,1700.0,41.6,S
2021-06-25T13:14:29,100.0,41.65,B
2021-06-25T13:14:25,100.0,41.65,B
2021-06-25T13:14:25,400.0,41.65,B
2021-06-25T13:14:24,500.0,41.65,B
2021-06-25T13:14:21,500.0,41.65,B
2021-06-25T13:14:21,5000.0,41.6,S
2021-06-25T13:14:20,2000.0,41.65,B
2021-06-25T13:14:19,6000.0,41.65,B
2021-06-25T13:14:18,100.0,41.65,B
2021-06-25T13:14:16,2500.0,41.65,B
2021-06-25T13:14:16,4200.0,41.65,B
2021-06-25T13:14:16,30500.0,41.65,B
2021-06-25T13:14:16,2000.0,41.65,B
2021-06-25T13:14:16,4700.0,41.65,B
2021-06-25T13:14:15,200.0,41.65,B
2021-06-25T13:14:13,9900.0,41.65,B
2021-06-25T13:14:12,600.0,41.65,B
2021-06-25T13:14:08,1000.0,41.65,B
2021-06-25T13:14:08,800.0,41.6,S
2021-06-25T13:14:08,100.0,41.65,B
2021-06-25T13:14:07,100.0,41.6,S
2021-06-25T13:14:06,500.0,41.65,B
2021-06-25T13:14:03,1500.0,41.6,S
2021-06-25T13:14:01,100.0,41.65,B
2021-06-25T13:13:55,100.0,41.65,B
2021-06-25T13:13:54,2700.0,41.65,B
2021-06-25T13:13:53,300.0,41.65,B
2021-06-25T13:13:53,10000.0,41.65,B
2021-06-25T13:13:52,1000.0,41.65,B
2021-06-25T13:13:51,100.0,41.65,B
2021-06-25T13:13:44,1500.0,41.65,B
2021-06-25T13:13:43,3900.0,41.65,B
2021-06-25T13:13:42,500.0,41.65,B
2021-06-25T13:13:41,100.0,41.65,B
2021-06-25T13:13:39,100.0,41.65,B
2021-06-25T13:13:37,100.0,41.65,B
2021-06-25T13:13:36,1500.0,41.65,B
2021-06-25T13:13:36,500.0,41.65,B
2021-06-25T13:13:36,1500.0,41.65,B
2021-06-25T13:13:36,400.0,41.65,B
2021-06-25T13:13:31,3000.0,41.65,B
2021-06-25T13:13:29,100.0,41.65,B
2021-06-25T13:13:16,100.0,41.65,B
2021-06-25T13:13:13,500.0,41.65,B
2021-06-25T13:13:10,500.0,41.65,B
2021-06-25T13:13:09,1000.0,41.6,S
2021-06-25T13:13:07,1100.0,41.65,B
2021-06-25T13:13:07,1000.0,41.65,B
2021-06-25T13:13:07,500.0,41.6,S
2021-06-25T13:13:07,200.0,41.6,S
2021-06-25T13:13:07,1000.0,41.6,S
2021-06-25T13:13:07,1000.0,41.6,S
2021-06-25T13:13:07,1300.0,41.6,S
2021-06-25T13:13:07,1600.0,41.6,S
2021-06-25T13:13:07,2100.0,41.6,S
2021-06-25T13:13:07,100.0,41.6,S
2021-06-25T13:13:07,100.0,41.6,S
2021-06-25T13:13:07,700.0,41.6,S
2021-06-25T13:13:07,1400.0,41.6,S
2021-06-25T13:13:01,200.0,41.65,B
2021-06-25T13:13:00,100.0,41.65,B
2021-06-25T13:12:58,600.0,41.6,S
2021-06-25T13:12:58,2400.0,41.6,S
2021-06-25T13:12:55,1000.0,41.65,B
2021-06-25T13:12:51,100.0,41.65,B
2021-06-25T13:12:49,500.0,41.65,B
2021-06-25T13:12:49,300.0,41.65,B
2021-06-25T13:12:44,3000.0,41.65,B
2021-06-25T13:12:34,500.0,41.65,B
2021-06-25T13:12:34,9500.0,41.65,B
2021-06-25T13:12:33,600.0,41.6,S
2021-06-25T13:12:33,1400.0,41.6,S
2021-06-25T13:12:29,200.0,41.6,S
2021-06-25T13:12:28,200.0,41.65,B
2021-06-25T13:12:28,100.0,41.65,B
2021-06-25T13:12:28,1000.0,41.65,B
2021-06-25T13:12:28,1800.0,41.65,B
2021-06-25T13:12:27,100.0,41.65,B
2021-06-25T13:12:18,5000.0,41.6,S
2021-06-25T13:12:16,1000.0,41.65,B
2021-06-25T13:12:11,1000.0,41.65,B
2021-06-25T13:12:05,1000.0,41.65,B
2021-06-25T13:12:00,500.0,41.65,B
2021-06-25T13:12:00,1100.0,41.65,B
2021-06-25T13:11:59,500.0,41.65,B
2021-06-25T13:11:59,1000.0,41.65,B
2021-06-25T13:11:58,200.0,41.65,B
2021-06-25T13:11:54,5700.0,41.65,B
2021-06-25T13:11:47,1000.0,41.65,S
2021-06-25T13:11:44,200.0,41.65,S
2021-06-25T13:11:43,1000.0,41.65,S
2021-06-25T13:11:41,3100.0,41.65,S
2021-06-25T13:11:39,1000.0,41.7,B
2021-06-25T13:11:31,100.0,41.65,S
2021-06-25T13:11:28,4000.0,41.65,S
2021-06-25T13:11:25,2100.0,41.7,B
2021-06-25T13:11:14,6000.0,41.65,S
2021-06-25T13:11:10,100.0,41.65,S
2021-06-25T13:11:08,600.0,41.7,B
2021-06-25T13:11:08,400.0,41.7,B
2021-06-25T13:11:05,600.0,41.65,S
2021-06-25T13:11:00,400.0,41.6,S
2021-06-25T13:10:57,2000.0,41.6,S
2021-06-25T13:10:57,8000.0,41.65,S
2021-06-25T13:10:55,100.0,41.65,S
2021-06-25T13:10:52,700.0,41.65,S
2021-06-25T13:10:50,500.0,41.65,S
2021-06-25T13:10:50,200.0,41.65,S
2021-06-25T13:10:48,800.0,41.65,B
2021-06-25T13:10:48,4000.0,41.65,B
2021-06-25T13:10:45,1500.0,41.6,S
2021-06-25T13:10:42,2000.0,41.65,B
2021-06-25T13:10:40,200.0,41.65,B
2021-06-25T13:10:40,2200.0,41.65,B
2021-06-25T13:10:40,17600.0,41.65,B
2021-06-25T13:10:39,500.0,41.65,B
2021-06-25T13:10:38,100.0,41.65,B
2021-06-25T13:10:38,2000.0,41.65,B
2021-06-25T13:10:37,1000.0,41.65,B
2021-06-25T13:10:36,500.0,41.65,B
2021-06-25T13:10:35,200.0,41.65,B
2021-06-25T13:10:35,1800.0,41.65,B
2021-06-25T13:10:33,100.0,41.65,B
2021-06-25T13:10:30,7900.0,41.6,S
2021-06-25T13:10:30,1100.0,41.6,S
2021-06-25T13:10:30,400.0,41.6,S
2021-06-25T13:10:30,5600.0,41.6,S
2021-06-25T13:10:29,200.0,41.65,B
2021-06-25T13:10:27,100.0,41.65,B
2021-06-25T13:10:27,100.0,41.65,B
2021-06-25T13:10:14,2000.0,41.65,B
2021-06-25T13:10:12,2000.0,41.65,B
2021-06-25T13:10:12,1800.0,41.65,B
2021-06-25T13:10:00,1000.0,41.65,B
2021-06-25T13:10:00,500.0,41.65,B
2021-06-25T13:09:59,5000.0,41.6,S
2021-06-25T13:09:53,500.0,41.65,B
2021-06-25T13:09:52,500.0,41.65,B
2021-06-25T13:09:49,1000.0,41.65,B
2021-06-25T13:09:49,300.0,41.65,B
2021-06-25T13:09:49,11000.0,41.65,B
2021-06-25T13:09:49,3100.0,41.65,B
2021-06-25T13:09:49,13200.0,41.65,B
2021-06-25T13:09:49,1500.0,41.65,B
2021-06-25T13:09:48,2500.0,41.65,B
2021-06-25T13:09:48,2500.0,41.65,B
2021-06-25T13:09:48,6400.0,41.65,B
2021-06-25T13:09:48,3300.0,41.65,B
2021-06-25T13:09:48,4000.0,41.65,B
2021-06-25T13:09:48,1700.0,41.65,B
2021-06-25T13:09:48,500.0,41.65,B
2021-06-25T13:09:43,1000.0,41.65,B
2021-06-25T13:09:32,15100.0,41.6,S
2021-06-25T13:09:32,1300.0,41.6,S
2021-06-25T13:09:32,2500.0,41.6,S
2021-06-25T13:09:32,1100.0,41.6,S
2021-06-25T13:09:26,1900.0,41.6,S
2021-06-25T13:09:26,100.0,41.6,S
2021-06-25T13:09:13,1000.0,41.65,B
2021-06-25T13:09:10,1000.0,41.65,B
2021-06-25T13:09:03,100.0,41.6,S
2021-06-25T13:08:58,3000.0,41.65,B
2021-06-25T13:08:57,100.0,41.65,B
2021-06-25T13:08:54,1000.0,41.65,B
2021-06-25T13:08:51,500.0,41.65,B
2021-06-25T13:08:40,100.0,41.65,B
2021-06-25T13:08:36,300.0,41.65,B
2021-06-25T13:08:34,300.0,41.65,B
2021-06-25T13:08:32,1000.0,41.65,B
2021-06-25T13:08:32,500.0,41.65,B
2021-06-25T13:08:30,100.0,41.65,B
2021-06-25T13:08:29,1500.0,41.65,B
2021-06-25T13:08:29,100.0,41.6,S
2021-06-25T13:08:28,500.0,41.65,B
2021-06-25T13:08:23,800.0,41.65,B
2021-06-25T13:08:22,200.0,41.65,B
2021-06-25T13:08:03,1000.0,41.65,B
2021-06-25T13:08:01,300.0,41.65,B
2021-06-25T13:07:56,5700.0,41.6,S
2021-06-25T13:07:56,1200.0,41.6,S
2021-06-25T13:07:54,300.0,41.6,S
2021-06-25T13:07:47,500.0,41.65,B
2021-06-25T13:07:46,100.0,41.65,B
2021-06-25T13:07:35,1500.0,41.65,B
2021-06-25T13:07:22,100.0,41.6,B
2021-06-25T13:07:22,600.0,41.6,B
2021-06-25T13:07:09,500.0,41.6,B
2021-06-25T13:07:05,500.0,41.6,B
2021-06-25T13:06:58,500.0,41.55,S
2021-06-25T13:06:58,1800.0,41.55,S
2021-06-25T13:06:58,100.0,41.6,S
2021-06-25T13:06:50,400.0,41.6,B
2021-06-25T13:06:45,2000.0,41.6,B
2021-06-25T13:06:42,100.0,41.6,B
2021-06-25T13:06:37,1000.0,41.6,B
2021-06-25T13:06:29,500.0,41.6,B
2021-06-25T13:06:28,500.0,41.6,B
2021-06-25T13:06:24,500.0,41.6,B
2021-06-25T13:06:22,200.0,41.6,B
2021-06-25T13:06:22,600.0,41.6,B
2021-06-25T13:06:17,1000.0,41.6,B
2021-06-25T13:06:12,100.0,41.6,B
2021-06-25T13:06:11,1000.0,41.6,B
2021-06-25T13:06:11,200.0,41.6,B
2021-06-25T13:06:10,300.0,41.6,B
2021-06-25T13:06:08,200.0,41.6,B
2021-06-25T13:06:05,1800.0,41.6,B
2021-06-25T13:06:05,1000.0,41.6,B
2021-06-25T13:06:05,5200.0,41.6,B
2021-06-25T13:06:04,400.0,41.6,B
2021-06-25T13:06:00,1000.0,41.6,B
2021-06-25T13:05:46,200.0,41.6,B
2021-06-25T13:05:40,1000.0,41.6,B
2021-06-25T13:05:33,100.0,41.6,B
2021-06-25T13:05:29,1000.0,41.6,B
2021-06-25T13:05:26,500.0,41.6,B
2021-06-25T13:05:21,100.0,41.6,B
2021-06-25T13:05:20,400.0,41.6,B
2021-06-25T13:05:19,1000.0,41.6,B
2021-06-25T13:05:19,100.0,41.6,B
2021-06-25T13:05:15,200.0,41.6,B
2021-06-25T13:05:13,100.0,41.6,B
2021-06-25T13:05:10,1600.0,41.55,S
2021-06-25T13:05:09,100.0,41.6,B
2021-06-25T13:05:09,1200.0,41.6,B
2021-06-25T13:05:07,5000.0,41.6,B
2021-06-25T13:05:06,10000.0,41.55,S
2021-06-25T13:05:00,500.0,41.6,B
2021-06-25T13:04:59,500.0,41.6,B
2021-06-25T13:04:58,1000.0,41.6,B
2021-06-25T13:04:58,300.0,41.6,B
2021-06-25T13:04:51,100.0,41.6,B
2021-06-25T13:04:50,1000.0,41.6,B
2021-06-25T13:04:48,500.0,41.6,B
2021-06-25T13:04:46,1000.0,41.6,B
2021-06-25T13:04:44,200.0,41.6,B
2021-06-25T13:04:42,2000.0,41.6,B
2021-06-25T13:04:35,2400.0,41.6,B
2021-06-25T13:04:32,5200.0,41.6,S
2021-06-25T13:04:32,1900.0,41.6,S
2021-06-25T13:04:32,3000.0,41.6,S
2021-06-25T13:04:28,100.0,41.6,S
2021-06-25T13:04:01,600.0,41.65,B
2021-06-25T13:03:55,100.0,41.6,S
2021-06-25T13:03:52,100.0,41.65,B
2021-06-25T13:03:51,100.0,41.6,S
2021-06-25T13:03:48,100.0,41.6,B
2021-06-25T13:03:47,400.0,41.6,B
2021-06-25T13:03:45,100.0,41.65,B
2021-06-25T13:03:42,1000.0,41.6,S
2021-06-25T13:03:41,1000.0,41.65,B
2021-06-25T13:03:31,100.0,41.6,S
2021-06-25T13:03:28,400.0,41.6,B
2021-06-25T13:03:22,2000.0,41.6,S
2021-06-25T13:03:14,2000.0,41.6,S
2021-06-25T13:02:59,4000.0,41.55,S
2021-06-25T13:02:56,8300.0,41.65,B
2021-06-25T13:02:56,1900.0,41.6,B
2021-06-25T13:02:49,2100.0,41.6,B
2021-06-25T13:02:43,6500.0,41.6,S
2021-06-25T13:02:43,3500.0,41.6,S
2021-06-25T13:02:36,300.0,41.65,B
2021-06-25T13:02:34,500.0,41.6,S
2021-06-25T13:02:05,13600.0,41.65,B
2021-06-25T13:02:05,100.0,41.65,B
2021-06-25T13:01:43,100.0,41.65,B
2021-06-25T13:01:40,100.0,41.65,B
2021-06-25T13:01:22,400.0,41.65,B
2021-06-25T13:01:22,1600.0,41.65,B
2021-06-25T13:01:20,2000.0,41.6,S
2021-06-25T13:01:19,4300.0,41.6,S
2021-06-25T13:01:15,900.0,41.6,S
2021-06-25T13:01:02,500.0,41.65,B
2021-06-25T13:00:53,300.0,41.6,S
2021-06-25T13:00:53,11300.0,41.6,S
2021-06-25T13:00:53,2400.0,41.6,S
2021-06-25T13:00:53,300.0,41.6,S
2021-06-25T13:00:43,2300.0,41.6,B
2021-06-25T13:00:42,5000.0,41.6,B
2021-06-25T13:00:37,1000.0,41.6,B
2021-06-25T13:00:35,500.0,41.6,B
2021-06-25T13:00:34,1000.0,41.6,B
2021-06-25T13:00:34,100.0,41.6,B
2021-06-25T13:00:33,100.0,41.6,B
2021-06-25T13:00:30,2000.0,41.65,B
2021-06-25T13:00:29,1700.0,41.55,S
2021-06-25T13:00:29,700.0,41.55,S
2021-06-25T13:00:29,1500.0,41.55,S
2021-06-25T13:00:29,1900.0,41.6,B
2021-06-25T13:00:29,200.0,41.6,B
2021-06-25T13:00:29,6000.0,41.6,B
2021-06-25T13:00:29,1000.0,41.6,B
2021-06-25T13:00:29,600.0,41.6,B
2021-06-25T13:00:29,100.0,41.6,B
2021-06-25T13:00:29,1000.0,41.65,B
2021-06-25T13:00:29,2000.0,41.6,B
2021-06-25T13:00:29,100.0,41.6,B
2021-06-25T13:00:29,100.0,41.6,B
2021-06-25T13:00:29,100.0,41.6,B
2021-06-25T13:00:29,100.0,41.6,B
2021-06-25T13:00:29,1000.0,41.6,B
2021-06-25T13:00:27,800.0,41.6,B
2021-06-25T13:00:27,200.0,41.6,B
2021-06-25T13:00:27,300.0,41.6,B
2021-06-25T13:00:27,500.0,41.6,B
2021-06-25T13:00:25,1000.0,41.6,B
2021-06-25T13:00:25,1000.0,41.6,B
2021-06-25T13:00:25,1700.0,41.6,B
2021-06-25T13:00:25,100.0,41.6,B
2021-06-25T13:00:25,4000.0,41.55,S
2021-06-25T13:00:25,5000.0,41.6,B
2021-06-25T13:00:25,800.0,41.6,B
2021-06-25T13:00:25,600.0,41.6,B
2021-06-25T13:00:25,600.0,41.6,B
2021-06-25T13:00:25,500.0,41.6,B
2021-06-25T13:00:25,5000.0,41.6,B
2021-06-25T13:00:25,300.0,41.6,B
2021-06-25T13:00:25,16900.0,41.6,B
2021-06-25T13:00:25,1600.0,41.6,B
2021-06-25T13:00:25,100.0,41.6,B
2021-06-25T13:00:21,200.0,41.6,B
2021-06-25T13:00:21,100.0,41.6,B
2021-06-25T13:00:21,1000.0,41.6,B
2021-06-25T13:00:21,5000.0,41.65,B
2021-06-25T13:00:21,100.0,41.6,B
2021-06-25T13:00:21,700.0,41.65,B
2021-06-25T13:00:21,100.0,41.6,B
2021-06-25T13:00:21,500.0,41.6,B
2021-06-25T13:00:21,100.0,41.6,B
2021-06-25T13:00:21,11500.0,41.55,S
2021-06-25T13:00:21,8700.0,41.55,S
2021-06-25T13:00:21,2300.0,41.6,B
2021-06-25T13:00:21,1200.0,41.55,S
2021-06-25T13:00:21,4600.0,41.6,B
2021-06-25T13:00:21,900.0,41.6,B
2021-06-25T13:00:14,2000.0,41.55,S
2021-06-25T13:00:14,2000.0,41.6,B
2021-06-25T13:00:14,1000.0,41.6,B
2021-06-25T13:00:14,200.0,41.6,B
2021-06-25T13:00:14,200.0,41.6,B
2021-06-25T13:00:14,1000.0,41.6,B
2021-06-25T13:00:14,2000.0,41.6,B
2021-06-25T13:00:14,400.0,41.6,B
2021-06-25T13:00:14,100.0,41.6,B
2021-06-25T13:00:14,5900.0,41.6,B
2021-06-25T13:00:14,1300.0,41.6,B
2021-06-25T13:00:14,1600.0,41.6,B
2021-06-25T11:30:04,1700.0,41.6,B
2021-06-25T11:30:00,400.0,41.6,B
2021-06-25T11:30:00,1300.0,41.6,B
2021-06-25T11:29:58,1000.0,41.6,B
2021-06-25T11:29:52,2000.0,41.6,B
2021-06-25T11:29:52,10400.0,41.55,S
2021-06-25T11:29:52,5400.0,41.55,S
2021-06-25T11:29:51,500.0,41.55,S
2021-06-25T11:29:51,13700.0,41.55,S
2021-06-25T11:29:45,1000.0,41.6,B
2021-06-25T11:29:33,700.0,41.6,B
2021-06-25T11:29:24,1000.0,41.55,S
2021-06-25T11:29:24,100.0,41.55,S
2021-06-25T11:29:13,1500.0,41.55,S
2021-06-25T11:29:05,1000.0,41.55,S
2021-06-25T11:29:01,200.0,41.6,B
2021-06-25T11:28:59,600.0,41.6,B
2021-06-25T11:28:58,4000.0,41.55,S
2021-06-25T11:28:55,1200.0,41.6,B
2021-06-25T11:28:52,1500.0,41.55,S
2021-06-25T11:28:50,3000.0,41.55,S
2021-06-25T11:28:37,2000.0,41.55,S
2021-06-25T11:28:17,4000.0,41.55,S
2021-06-25T11:28:16,200.0,41.6,B
2021-06-25T11:28:14,4000.0,41.55,S
2021-06-25T11:28:06,200.0,41.6,B
2021-06-25T11:28:02,500.0,41.6,B
2021-06-25T11:27:59,100.0,41.6,B
2021-06-25T11:27:58,1000.0,41.55,S
2021-06-25T11:27:56,400.0,41.55,S
2021-06-25T11:27:47,400.0,41.55,S
2021-06-25T11:27:46,3400.0,41.55,S
2021-06-25T11:27:40,500.0,41.6,B
2021-06-25T11:27:37,100.0,41.6,B
2021-06-25T11:27:32,2000.0,41.6,B
2021-06-25T11:27:28,200.0,41.6,B
2021-06-25T11:27:26,100.0,41.6,B
2021-06-25T11:27:26,2000.0,41.6,B
2021-06-25T11:27:24,100.0,41.6,B
2021-06-25T11:27:20,700.0,41.6,B
2021-06-25T11:27:19,200.0,41.6,B
2021-06-25T11:27:17,300.0,41.55,S
2021-06-25T11:27:14,100.0,41.55,S
2021-06-25T11:27:03,200.0,41.6,B
2021-06-25T11:27:01,500.0,41.6,B
2021-06-25T11:26:58,1000.0,41.6,B
2021-06-25T11:26:39,900.0,41.6,B
2021-06-25T11:26:39,1000.0,41.6,B
2021-06-25T11:26:34,500.0,41.6,B
2021-06-25T11:26:31,1700.0,41.6,B
2021-06-25T11:26:24,5000.0,41.6,B
2021-06-25T11:26:24,1000.0,41.6,B
2021-06-25T11:26:06,600.0,41.6,B
2021-06-25T11:25:58,200.0,41.6,B
2021-06-25T11:25:56,100.0,41.6,B
2021-06-25T11:25:36,500.0,41.6,B
2021-06-25T11:25:23,500.0,41.6,B
2021-06-25T11:25:20,200.0,41.6,B
2021-06-25T11:25:19,500.0,41.55,S
2021-06-25T11:25:15,200.0,41.6,B
2021-06-25T11:25:10,100.0,41.6,B
2021-06-25T11:25:01,1000.0,41.6,B
2021-06-25T11:24:57,200.0,41.6,B
2021-06-25T11:24:54,100.0,41.55,S
2021-06-25T11:24:53,100.0,41.6,B
2021-06-25T11:24:46,800.0,41.6,B
2021-06-25T11:24:44,800.0,41.55,S
2021-06-25T11:24:37,27800.0,41.55,S
2021-06-25T11:24:37,8000.0,41.55,S
2021-06-25T11:24:37,7300.0,41.55,S
2021-06-25T11:24:37,5500.0,41.55,S
2021-06-25T11:24:36,1600.0,41.55,S
2021-06-25T11:24:27,100.0,41.6,B
2021-06-25T11:24:23,2000.0,41.6,B
2021-06-25T11:24:21,300.0,41.6,S
2021-06-25T11:24:18,700.0,41.6,B
2021-06-25T11:24:15,300.0,41.6,B
2021-06-25T11:24:12,1000.0,41.6,S
2021-06-25T11:24:00,700.0,41.55,S
2021-06-25T11:24:00,100.0,41.55,S
2021-06-25T11:24:00,1500.0,41.55,S
2021-06-25T11:24:00,200.0,41.55,S
2021-06-25T11:24:00,2200.0,41.55,S
2021-06-25T11:24:00,3500.0,41.55,S
2021-06-25T11:24:00,5900.0,41.55,S
2021-06-25T11:24:00,6800.0,41.55,S
2021-06-25T11:24:00,4000.0,41.55,S
2021-06-25T11:24:00,1200.0,41.55,S
2021-06-25T11:24:00,100.0,41.55,S
2021-06-25T11:24:00,123800.0,41.55,S
2021-06-25T11:23:49,1000.0,41.6,S
2021-06-25T11:23:48,200.0,41.6,S
2021-06-25T11:23:45,9000.0,41.6,B
2021-06-25T11:23:45,1000.0,41.6,B
2021-06-25T11:23:37,4400.0,41.6,B
2021-06-25T11:23:37,3300.0,41.6,B
2021-06-25T11:23:37,100.0,41.6,B
2021-06-25T11:23:37,3500.0,41.6,B
2021-06-25T11:23:37,3100.0,41.6,B
2021-06-25T11:23:37,1000.0,41.6,B
2021-06-25T11:23:37,25600.0,41.6,B
2021-06-25T11:23:37,21600.0,41.6,B
2021-06-25T11:23:37,7400.0,41.6,B
2021-06-25T11:23:24,500.0,41.6,B
2021-06-25T11:23:19,400.0,41.6,B
2021-06-25T11:22:53,300.0,41.55,S
2021-06-25T11:22:46,200.0,41.6,B
2021-06-25T11:22:39,1600.0,41.55,S
2021-06-25T11:22:38,3000.0,41.6,B
2021-06-25T11:22:37,2000.0,41.55,S
2021-06-25T11:22:37,2300.0,41.6,B
2021-06-25T11:22:34,100.0,41.55,S
2021-06-25T11:22:29,200.0,41.55,S
2021-06-25T11:22:15,400.0,41.55,S
2021-06-25T11:21:48,5000.0,41.55,S
2021-06-25T11:21:44,2500.0,41.55,S
2021-06-25T11:21:39,5000.0,41.55,S
2021-06-25T11:21:33,200.0,41.55,S
2021-06-25T11:21:25,400.0,41.6,B
2021-06-25T11:21:21,200.0,41.6,B
2021-06-25T11:21:19,1000.0,41.6,B
2021-06-25T11:21:11,1000.0,41.55,S
2021-06-25T11:21:11,2000.0,41.6,B
2021-06-25T11:21:11,4000.0,41.55,S
2021-06-25T11:21:04,300.0,41.6,B
2021-06-25T11:20:46,100.0,41.6,B
2021-06-25T11:20:43,2500.0,41.55,S
2021-06-25T11:20:30,7000.0,41.55,S
2021-06-25T11:20:27,1000.0,41.55,S
2021-06-25T11:20:24,1000.0,41.55,S
2021-06-25T11:20:02,4000.0,41.55,S
2021-06-25T11:20:01,1100.0,41.55,S
2021-06-25T11:20:01,400.0,41.55,S
2021-06-25T11:19:54,100.0,41.6,B
2021-06-25T11:19:29,5100.0,41.55,S
2021-06-25T11:19:29,3800.0,41.55,S
2021-06-25T11:19:29,13400.0,41.55,S
2021-06-25T11:19:29,200.0,41.55,S
2021-06-25T11:19:28,300.0,41.6,B
2021-06-25T11:19:24,7000.0,41.55,S
2021-06-25T11:19:15,5000.0,41.6,B
2021-06-25T11:19:11,100.0,41.55,S
2021-06-25T11:18:59,100.0,41.6,B
2021-06-25T11:18:57,1500.0,41.6,B
2021-06-25T11:18:56,200.0,41.6,B
2021-06-25T11:18:47,200.0,41.6,B
2021-06-25T11:18:46,1000.0,41.6,B
2021-06-25T11:18:46,100.0,41.55,S
2021-06-25T11:18:29,2000.0,41.55,S
2021-06-25T11:18:28,200.0,41.6,B
2021-06-25T11:18:16,1500.0,41.6,B
2021-06-25T11:18:14,1000.0,41.6,B
2021-06-25T11:18:09,5800.0,41.55,S
2021-06-25T11:18:08,2200.0,41.55,S
2021-06-25T11:18:06,300.0,41.6,B
2021-06-25T11:18:02,1100.0,41.6,B
2021-06-25T11:17:50,600.0,41.6,B
2021-06-25T11:17:04,300.0,41.55,S
2021-06-25T11:16:55,2000.0,41.55,S
2021-06-25T11:16:54,1000.0,41.6,B
2021-06-25T11:16:50,100.0,41.6,B
2021-06-25T11:16:50,200.0,41.6,B
2021-06-25T11:16:39,100.0,41.6,B
2021-06-25T11:16:28,200.0,41.6,B
2021-06-25T11:16:25,200.0,41.6,B
2021-06-25T11:16:18,400.0,41.55,S
2021-06-25T11:16:16,200.0,41.6,B
2021-06-25T11:16:16,400.0,41.6,B
2021-06-25T11:16:06,500.0,41.6,B
2021-06-25T11:15:59,8600.0,41.6,B
2021-06-25T11:15:47,500.0,41.6,B
2021-06-25T11:15:46,400.0,41.6,B
2021-06-25T11:15:44,1500.0,41.55,S
2021-06-25T11:15:44,1100.0,41.55,S
2021-06-25T11:15:44,2900.0,41.55,S
2021-06-25T11:15:43,3900.0,41.6,B
2021-06-25T11:15:35,100.0,41.6,B
2021-06-25T11:15:26,2800.0,41.6,B
2021-06-25T11:15:26,2200.0,41.6,B
2021-06-25T11:15:15,2400.0,41.55,S
2021-06-25T11:15:11,100.0,41.55,B
2021-06-25T11:15:11,100.0,41.55,B
2021-06-25T11:15:08,1400.0,41.55,B
2021-06-25T11:15:04,1000.0,41.55,S
2021-06-25T11:15:03,100.0,41.6,B
2021-06-25T11:15:02,2600.0,41.55,S
2021-06-25T11:14:46,2000.0,41.6,B
2021-06-25T11:14:44,2500.0,41.55,B
2021-06-25T11:14:35,100.0,41.55,B
2021-06-25T11:14:34,2400.0,41.55,B
2021-06-25T11:14:32,3600.0,41.55,B
2021-06-25T11:14:29,500.0,41.55,B
2021-06-25T11:14:29,5000.0,41.55,B
2021-06-25T11:14:25,200.0,41.55,B
2021-06-25T11:14:23,100.0,41.55,B
2021-06-25T11:14:22,1000.0,41.55,B
2021-06-25T11:14:20,1900.0,41.55,B
2021-06-25T11:14:19,100.0,41.55,B
2021-06-25T11:14:19,500.0,41.55,B
2021-06-25T11:14:16,100.0,41.55,B
2021-06-25T11:14:13,100.0,41.55,B
2021-06-25T11:14:11,2000.0,41.55,B
2021-06-25T11:14:07,300.0,41.55,B
2021-06-25T11:14:07,1100.0,41.6,B
2021-06-25T11:14:07,900.0,41.55,B
2021-06-25T11:13:59,600.0,41.55,B
2021-06-25T11:13:59,500.0,41.55,B
2021-06-25T11:13:58,1000.0,41.55,B
2021-06-25T11:13:58,2400.0,41.55,B
2021-06-25T11:13:39,1800.0,41.55,S
2021-06-25T11:13:38,1000.0,41.55,S
2021-06-25T11:13:32,700.0,41.55,B
2021-06-25T11:13:28,2100.0,41.55,S
2021-06-25T11:13:28,3700.0,41.55,S
2021-06-25T11:13:28,400.0,41.55,S
2021-06-25T11:13:28,13700.0,41.55,S
2021-06-25T11:13:27,5000.0,41.6,B
2021-06-25T11:13:13,1700.0,41.6,B
2021-06-25T11:13:10,1000.0,41.6,B
2021-06-25T11:12:54,2800.0,41.55,S
2021-06-25T11:12:49,100.0,41.55,S
2021-06-25T11:12:43,1000.0,41.6,B
2021-06-25T11:12:37,44800.0,41.55,S
2021-06-25T11:12:37,500.0,41.55,S
2021-06-25T11:12:37,5300.0,41.55,S
2021-06-25T11:12:37,800.0,41.55,S
2021-06-25T11:12:37,400.0,41.55,S
2021-06-25T11:12:37,1200.0,41.55,S
2021-06-25T11:12:37,1100.0,41.55,S
2021-06-25T11:12:37,1500.0,41.55,S
2021-06-25T11:12:37,7100.0,41.55,S
2021-06-25T11:12:37,4300.0,41.55,S
2021-06-25T11:12:37,1500.0,41.55,S
2021-06-25T11:12:37,14500.0,41.55,S
2021-06-25T11:12:37,17000.0,41.55,S
2021-06-25T11:12:29,3000.0,41.55,S
2021-06-25T11:12:28,200.0,41.6,B
2021-06-25T11:12:21,12200.0,41.6,B
2021-06-25T11:12:20,100.0,41.6,B
2021-06-25T11:12:20,1000.0,41.6,B
2021-06-25T11:12:10,700.0,41.6,B
2021-06-25T11:12:09,500.0,41.6,B
2021-06-25T11:12:02,200.0,41.6,B
2021-06-25T11:11:59,1700.0,41.6,B
2021-06-25T11:11:53,800.0,41.6,B
2021-06-25T11:11:47,2000.0,41.6,B
2021-06-25T11:11:45,200.0,41.6,B
2021-06-25T11:11:40,300.0,41.6,B
2021-06-25T11:11:37,200.0,41.6,B
2021-06-25T11:11:35,5100.0,41.55,S
2021-06-25T11:11:34,400.0,41.55,S
2021-06-25T11:11:32,1000.0,41.6,B
2021-06-25T11:11:32,100.0,41.55,S
2021-06-25T11:11:06,100.0,41.55,S
2021-06-25T11:10:45,1000.0,41.6,B
2021-06-25T11:10:39,3000.0,41.6,B
2021-06-25T11:10:38,200.0,41.6,B
2021-06-25T11:10:33,1000.0,41.55,S
2021-06-25T11:10:17,3000.0,41.6,B
2021-06-25T11:10:14,100.0,41.6,B
2021-06-25T11:10:01,300.0,41.6,B
2021-06-25T11:10:01,9000.0,41.6,B
2021-06-25T11:10:01,1200.0,41.55,S
2021-06-25T11:09:54,10000.0,41.6,B
2021-06-25T11:09:40,500.0,41.6,B
2021-06-25T11:09:27,100.0,41.6,B
2021-06-25T11:09:21,500.0,41.6,B
2021-06-25T11:09:14,2400.0,41.55,S
2021-06-25T11:09:13,1300.0,41.6,B
2021-06-25T11:09:05,500.0,41.6,B
2021-06-25T11:09:04,800.0,41.55,S
2021-06-25T11:08:59,1000.0,41.55,S
2021-06-25T11:08:40,500.0,41.55,S
2021-06-25T11:08:36,1000.0,41.6,B
2021-06-25T11:08:31,10000.0,41.6,B
2021-06-25T11:08:25,100.0,41.55,S
2021-06-25T11:08:24,3000.0,41.55,S
2021-06-25T11:08:19,1000.0,41.55,S
2021-06-25T11:08:12,1000.0,41.55,S
2021-06-25T11:08:12,4000.0,41.55,S
2021-06-25T11:07:52,4400.0,41.6,B
2021-06-25T11:07:52,8600.0,41.6,B
2021-06-25T11:07:52,5000.0,41.6,B
2021-06-25T11:07:52,2900.0,41.6,B
2021-06-25T11:07:38,2000.0,41.55,S
2021-06-25T11:07:30,5000.0,41.55,B
2021-06-25T11:07:30,1300.0,41.55,B
2021-06-25T11:07:30,200.0,41.55,B
2021-06-25T11:07:24,100.0,41.55,B
2021-06-25T11:07:22,300.0,41.55,B
2021-06-25T11:07:19,1000.0,41.55,B
2021-06-25T11:07:11,300.0,41.55,S
2021-06-25T11:07:11,1000.0,41.55,S
2021-06-25T11:07:11,900.0,41.55,S
2021-06-25T11:07:11,400.0,41.55,S
2021-06-25T11:07:11,100.0,41.6,B
2021-06-25T11:07:07,100.0,41.6,B
2021-06-25T11:07:03,100.0,41.55,S
2021-06-25T11:06:42,10000.0,41.6,B
2021-06-25T11:06:38,100.0,41.55,S
2021-06-25T11:06:36,500.0,41.55,S
2021-06-25T11:06:34,300.0,41.55,B
2021-06-25T11:06:31,100.0,41.55,B
2021-06-25T11:06:30,2000.0,41.5,S
2021-06-25T11:06:26,300.0,41.55,B
2021-06-25T11:06:26,200.0,41.55,B
2021-06-25T11:06:21,600.0,41.55,B
2021-06-25T11:06:21,600.0,41.55,S
2021-06-25T11:06:21,27400.0,41.55,S
2021-06-25T11:06:13,3000.0,41.55,S
2021-06-25T11:05:59,20000.0,41.55,S
2021-06-25T11:05:52,100.0,41.6,B
2021-06-25T11:05:46,400.0,41.55,S
2021-06-25T11:05:45,200.0,41.55,S
2021-06-25T11:05:41,200.0,41.55,S
2021-06-25T11:05:38,3000.0,41.55,S
2021-06-25T11:05:35,500.0,41.55,S
2021-06-25T11:05:29,1000.0,41.55,S
2021-06-25T11:05:23,7300.0,41.55,S
2021-06-25T11:05:19,1800.0,41.55,B
2021-06-25T11:05:16,4400.0,41.5,S
2021-06-25T11:05:16,600.0,41.5,S
2021-06-25T11:05:16,100.0,41.55,B
2021-06-25T11:05:13,200.0,41.55,B
