tradingTime,volume,price,side
2021-06-25T14:28:37,100.0,23.0,B
2021-06-25T14:28:33,1000.0,23.0,B
2021-06-25T14:28:00,3000.0,23.0,B
2021-06-25T14:24:42,200.0,23.0,B
2021-06-25T14:24:15,800.0,23.0,B
2021-06-25T14:23:31,500.0,23.0,B
2021-06-25T14:22:15,2100.0,23.0,B
2021-06-25T14:20:37,300.0,23.0,B
2021-06-25T14:19:55,500.0,23.0,B
2021-06-25T14:19:34,100.0,22.9,S
2021-06-25T14:18:31,100.0,23.0,B
2021-06-25T14:18:06,1000.0,23.0,B
2021-06-25T14:17:34,200.0,23.0,B
2021-06-25T14:17:27,1000.0,23.0,B
2021-06-25T14:17:18,100.0,23.0,B
2021-06-25T14:16:59,100.0,23.0,B
2021-06-25T14:16:56,1500.0,23.0,B
2021-06-25T14:16:53,500.0,23.0,B
2021-06-25T14:16:48,100.0,23.0,B
2021-06-25T14:16:46,2000.0,23.0,B
2021-06-25T14:16:37,2000.0,23.0,B
2021-06-25T14:16:30,3000.0,23.0,B
2021-06-25T14:15:57,2000.0,23.0,B
2021-06-25T14:15:30,500.0,23.0,S
2021-06-25T14:15:27,1000.0,23.0,B
2021-06-25T14:15:22,500.0,23.0,B
2021-06-25T14:15:18,1100.0,23.0,B
2021-06-25T14:15:17,1000.0,23.0,B
2021-06-25T14:15:11,2000.0,23.0,B
2021-06-25T14:15:05,2000.0,23.0,B
2021-06-25T14:15:00,1500.0,23.0,B
2021-06-25T14:14:32,500.0,23.0,B
2021-06-25T14:13:23,18200.0,23.0,B
2021-06-25T14:10:02,200.0,23.1,B
2021-06-25T14:08:45,100.0,23.1,B
2021-06-25T14:03:09,500.0,23.1,B
2021-06-25T14:02:51,500.0,23.1,B
2021-06-25T14:02:27,2000.0,23.1,B
2021-06-25T13:59:48,17400.0,23.0,B
2021-06-25T13:59:46,2000.0,23.0,B
2021-06-25T13:59:32,600.0,23.0,B
2021-06-25T13:59:23,600.0,23.0,B
2021-06-25T13:58:57,10000.0,23.0,B
2021-06-25T13:58:19,100.0,23.0,B
2021-06-25T13:57:28,23000.0,23.0,B
2021-06-25T13:53:32,600.0,23.0,B
2021-06-25T13:53:11,1000.0,22.9,S
2021-06-25T13:53:04,500.0,23.0,B
2021-06-25T13:52:24,1000.0,22.9,S
2021-06-25T13:47:22,500.0,23.0,B
2021-06-25T13:46:55,1000.0,23.0,B
2021-06-25T13:46:36,200.0,23.0,B
2021-06-25T13:45:25,100.0,23.0,B
2021-06-25T13:44:03,1000.0,22.9,S
2021-06-25T13:40:23,500.0,22.9,S
2021-06-25T13:38:59,1000.0,23.0,B
2021-06-25T13:38:20,100.0,23.0,B
2021-06-25T13:35:17,10000.0,22.9,S
2021-06-25T13:35:00,100.0,23.0,B
2021-06-25T13:34:39,3500.0,22.9,S
2021-06-25T13:34:13,3000.0,23.0,B
2021-06-25T13:32:31,200.0,23.0,B
2021-06-25T13:31:34,1000.0,23.0,B
2021-06-25T13:31:14,100.0,23.0,B
2021-06-25T13:30:43,5000.0,23.0,B
2021-06-25T13:29:31,9900.0,23.0,S
2021-06-25T13:29:26,200.0,23.0,S
2021-06-25T13:28:34,4900.0,23.0,B
2021-06-25T13:27:51,1000.0,23.0,B
2021-06-25T13:27:42,5000.0,23.0,B
2021-06-25T13:27:04,10000.0,23.0,B
2021-06-25T13:25:27,200.0,23.0,B
2021-06-25T13:24:19,500.0,23.0,B
2021-06-25T13:24:09,500.0,23.0,B
2021-06-25T13:23:44,2000.0,23.0,B
2021-06-25T13:22:50,500.0,23.0,B
2021-06-25T13:22:25,1400.0,23.0,B
2021-06-25T13:22:15,1000.0,23.0,B
2021-06-25T13:21:55,3700.0,23.0,S
2021-06-25T13:16:41,3000.0,23.1,B
2021-06-25T13:13:01,4800.0,23.0,B
2021-06-25T13:12:53,100.0,23.0,B
2021-06-25T13:12:08,100.0,23.0,B
2021-06-25T13:10:09,1000.0,23.0,B
2021-06-25T13:09:11,12800.0,23.0,B
2021-06-25T13:08:38,500.0,23.1,B
2021-06-25T13:06:17,600.0,23.1,B
2021-06-25T13:06:09,200.0,23.0,S
2021-06-25T13:05:23,700.0,23.1,B
2021-06-25T13:04:24,100.0,23.1,B
2021-06-25T13:03:45,1000.0,23.0,S
2021-06-25T13:03:23,3000.0,23.1,B
2021-06-25T13:03:06,12000.0,23.0,S
2021-06-25T13:02:43,200.0,23.1,B
2021-06-25T13:02:04,300.0,23.1,B
2021-06-25T13:01:12,2000.0,23.1,B
2021-06-25T13:00:07,1400.0,23.1,B
2021-06-25T13:00:05,5300.0,23.1,B
2021-06-25T13:00:03,100.0,23.0,S
2021-06-25T13:00:02,1000.0,23.1,B
2021-06-25T11:28:44,300.0,23.1,B
2021-06-25T11:27:46,900.0,23.1,B
2021-06-25T11:27:03,600.0,23.1,B
2021-06-25T11:26:20,1000.0,23.1,B
2021-06-25T11:26:17,200.0,23.1,B
2021-06-25T11:24:37,100.0,23.1,B
2021-06-25T11:24:12,400.0,23.1,B
2021-06-25T11:20:09,100.0,23.0,S
2021-06-25T11:17:48,200.0,23.0,S
2021-06-25T11:17:44,500.0,23.0,S
2021-06-25T11:13:25,300.0,23.0,B
2021-06-25T11:13:20,2400.0,23.0,B
2021-06-25T11:12:24,1000.0,23.0,B
2021-06-25T11:10:29,4500.0,23.0,B
2021-06-25T11:09:28,500.0,22.9,S
2021-06-25T11:09:13,500.0,22.9,S
2021-06-25T10:59:24,600.0,22.9,S
2021-06-25T10:58:54,1500.0,23.0,B
2021-06-25T10:58:40,1500.0,23.0,B
2021-06-25T10:55:54,1500.0,23.0,B
2021-06-25T10:55:32,4800.0,23.0,B
2021-06-25T10:55:06,100.0,23.0,B
2021-06-25T10:54:54,100.0,23.0,B
2021-06-25T10:54:44,200.0,23.0,B
2021-06-25T10:52:36,100.0,23.0,B
2021-06-25T10:49:35,500.0,23.0,B
2021-06-25T10:46:57,1000.0,23.0,S
2021-06-25T10:46:19,100.0,23.0,S
2021-06-25T10:45:05,3400.0,23.0,S
2021-06-25T10:44:17,3000.0,22.9,S
2021-06-25T10:42:08,1100.0,22.9,S
2021-06-25T10:40:22,500.0,22.9,S
2021-06-25T10:39:56,3400.0,22.9,S
2021-06-25T10:39:18,200.0,22.9,S
2021-06-25T10:36:00,5700.0,23.0,S
2021-06-25T10:35:59,200.0,23.0,S
2021-06-25T10:35:41,6000.0,23.0,S
2021-06-25T10:31:01,200.0,23.0,S
2021-06-25T10:23:57,1100.0,23.2,B
2021-06-25T10:18:55,500.0,23.1,S
2021-06-25T10:18:55,1000.0,23.0,S
2021-06-25T10:17:19,500.0,23.1,B
2021-06-25T10:16:49,300.0,23.1,B
2021-06-25T10:16:03,100.0,23.0,S
2021-06-25T10:14:16,500.0,23.0,B
2021-06-25T10:14:02,9500.0,23.0,S
2021-06-25T10:13:19,1000.0,23.1,B
2021-06-25T10:09:57,400.0,23.0,S
2021-06-25T10:09:48,800.0,23.0,B
2021-06-25T10:07:04,1000.0,23.0,B
2021-06-25T10:03:57,1600.0,23.0,S
2021-06-25T10:03:27,1000.0,23.0,S
2021-06-25T10:02:57,100.0,23.0,B
2021-06-25T10:02:49,2000.0,23.0,B
2021-06-25T10:02:03,2000.0,23.0,B
2021-06-25T10:00:59,500.0,23.0,B
2021-06-25T09:57:51,100.0,23.0,B
2021-06-25T09:57:19,1000.0,22.9,S
2021-06-25T09:55:42,1300.0,23.0,S
2021-06-25T09:55:14,1000.0,23.0,S
2021-06-25T09:55:01,500.0,23.0,S
2021-06-25T09:51:11,6000.0,23.0,S
2021-06-25T09:40:41,1000.0,23.0,S
2021-06-25T09:34:58,100.0,23.0,S
2021-06-25T09:32:50,9200.0,23.0,S
2021-06-25T09:32:40,100.0,23.0,B
2021-06-25T09:31:51,200.0,23.0,B
2021-06-25T09:28:59,700.0,23.0,S
2021-06-25T09:28:55,700.0,23.0,S
2021-06-25T09:28:07,300.0,23.0,S
2021-06-25T09:27:06,1000.0,23.0,S
2021-06-25T09:24:01,100.0,23.0,S
2021-06-25T09:22:48,5000.0,23.0,S
2021-06-25T09:22:04,500.0,23.0,S
2021-06-25T09:09:51,100.0,23.0,S
2021-06-25T09:08:29,400.0,23.0,B
2021-06-25T09:08:16,1500.0,23.0,B
2021-06-25T09:02:49,300.0,23.0,B
2021-06-25T09:00:20,500.0,23.0,S
