tradingTime,volume,price,side
2021-06-25T14:29:59,5000.0,30.1,B
2021-06-25T14:29:52,1000.0,30.0,S
2021-06-25T14:29:47,100.0,30.0,S
2021-06-25T14:29:39,1000.0,30.0,S
2021-06-25T14:29:34,200.0,30.0,S
2021-06-25T14:29:33,1000.0,30.0,S
2021-06-25T14:29:27,1000.0,30.0,S
2021-06-25T14:29:27,2200.0,30.0,B
2021-06-25T14:29:19,2800.0,30.0,B
2021-06-25T14:29:18,500.0,30.1,B
2021-06-25T14:29:17,10000.0,30.0,S
2021-06-25T14:29:12,600.0,30.1,B
2021-06-25T14:29:09,100.0,30.1,B
2021-06-25T14:29:07,600.0,30.0,S
2021-06-25T14:29:02,3000.0,30.0,S
2021-06-25T14:29:02,4000.0,30.0,S
2021-06-25T14:28:59,7000.0,30.0,S
2021-06-25T14:28:59,2000.0,30.0,S
2021-06-25T14:28:56,3000.0,30.0,S
2021-06-25T14:28:42,100.0,30.0,S
2021-06-25T14:28:37,2500.0,30.0,S
2021-06-25T14:28:34,3400.0,30.0,S
2021-06-25T14:28:33,10000.0,30.1,B
2021-06-25T14:28:33,800.0,30.0,S
2021-06-25T14:28:17,1000.0,30.0,S
2021-06-25T14:28:16,2000.0,30.0,S
2021-06-25T14:28:16,5000.0,30.0,S
2021-06-25T14:28:00,400.0,30.0,S
2021-06-25T14:27:57,5000.0,30.0,S
2021-06-25T14:27:55,1900.0,30.0,S
2021-06-25T14:27:28,600.0,30.0,S
2021-06-25T14:27:23,3500.0,30.0,B
2021-06-25T14:27:19,100.0,30.0,B
2021-06-25T14:27:11,2000.0,30.0,B
2021-06-25T14:27:11,5800.0,30.0,B
2021-06-25T14:27:10,100.0,30.0,S
2021-06-25T14:27:06,400.0,30.0,S
2021-06-25T14:27:02,3700.0,30.0,B
2021-06-25T14:26:56,30000.0,30.0,B
2021-06-25T14:26:54,900.0,30.0,B
2021-06-25T14:26:38,100.0,30.0,B
2021-06-25T14:26:24,100.0,30.0,B
2021-06-25T14:26:22,1000.0,30.0,B
2021-06-25T14:26:17,2100.0,30.0,S
2021-06-25T14:26:14,1000.0,30.0,S
2021-06-25T14:26:10,200.0,30.0,S
2021-06-25T14:26:05,2000.0,30.0,S
2021-06-25T14:25:51,54000.0,29.9,S
2021-06-25T14:25:45,1000.0,30.0,S
2021-06-25T14:25:36,2000.0,30.0,S
2021-06-25T14:25:32,1000.0,30.0,S
2021-06-25T14:25:30,200.0,30.1,B
2021-06-25T14:25:20,200.0,30.0,S
2021-06-25T14:25:13,300.0,30.1,B
2021-06-25T14:24:59,200.0,30.0,S
2021-06-25T14:24:46,100.0,30.0,S
2021-06-25T14:24:45,600.0,30.1,B
2021-06-25T14:24:34,10000.0,30.1,B
2021-06-25T14:24:27,3000.0,30.1,B
2021-06-25T14:24:26,500.0,30.0,S
2021-06-25T14:24:24,1000.0,30.1,B
2021-06-25T14:24:16,2100.0,30.1,B
2021-06-25T14:24:11,1200.0,30.1,B
2021-06-25T14:24:01,1300.0,30.1,B
2021-06-25T14:23:58,500.0,30.1,B
2021-06-25T14:23:52,1000.0,30.1,B
2021-06-25T14:23:50,1000.0,30.1,B
2021-06-25T14:23:41,2000.0,30.1,B
2021-06-25T14:23:38,1000.0,30.1,B
2021-06-25T14:23:27,100.0,30.1,B
2021-06-25T14:23:12,100.0,30.1,B
2021-06-25T14:23:00,3000.0,30.0,S
2021-06-25T14:22:54,100.0,30.0,S
2021-06-25T14:22:45,1000.0,30.1,B
2021-06-25T14:22:43,2000.0,30.1,B
2021-06-25T14:22:42,12000.0,30.0,S
2021-06-25T14:22:33,700.0,30.1,B
2021-06-25T14:22:32,4000.0,30.1,B
2021-06-25T14:22:26,2000.0,30.1,B
2021-06-25T14:22:17,100.0,30.1,B
2021-06-25T14:22:12,300.0,30.1,B
2021-06-25T14:21:33,5000.0,30.2,B
2021-06-25T14:21:32,1500.0,30.1,B
2021-06-25T14:21:32,2000.0,30.1,S
2021-06-25T14:21:27,10500.0,30.1,S
2021-06-25T14:21:21,1000.0,30.1,S
2021-06-25T14:21:08,2600.0,30.1,B
2021-06-25T14:21:06,4000.0,30.0,S
2021-06-25T14:20:59,100.0,30.1,B
2021-06-25T14:20:51,1000.0,30.1,B
2021-06-25T14:20:46,300.0,30.1,B
2021-06-25T14:20:40,20000.0,30.1,B
2021-06-25T14:20:38,100.0,30.1,B
2021-06-25T14:20:30,400.0,30.1,B
2021-06-25T14:20:29,100.0,30.1,B
2021-06-25T14:20:20,5000.0,30.1,B
2021-06-25T14:20:19,500.0,30.0,S
2021-06-25T14:20:14,200.0,30.1,B
2021-06-25T14:20:04,8000.0,30.0,S
2021-06-25T14:20:02,100.0,30.0,S
2021-06-25T14:20:00,200.0,30.1,B
2021-06-25T14:19:53,100.0,30.1,B
2021-06-25T14:19:34,46400.0,30.0,B
2021-06-25T14:19:29,2000.0,30.0,B
2021-06-25T14:19:26,24000.0,30.0,B
2021-06-25T14:19:12,100.0,30.0,B
2021-06-25T14:18:56,400.0,30.0,B
2021-06-25T14:18:49,200.0,30.0,B
2021-06-25T14:18:48,1000.0,30.0,B
2021-06-25T14:18:41,1000.0,30.0,B
2021-06-25T14:18:26,100.0,30.0,B
2021-06-25T14:18:21,200.0,29.9,S
2021-06-25T14:18:19,500.0,30.0,B
2021-06-25T14:18:19,143400.0,30.0,S
2021-06-25T14:18:18,1500.0,30.1,S
2021-06-25T14:17:58,5000.0,30.1,S
2021-06-25T14:17:41,500.0,30.2,B
2021-06-25T14:17:36,400.0,30.1,S
2021-06-25T14:17:16,100.0,30.2,B
2021-06-25T14:17:08,10000.0,30.3,B
2021-06-25T14:16:57,2000.0,30.2,B
2021-06-25T14:16:56,300.0,30.2,B
2021-06-25T14:16:55,2000.0,30.2,S
2021-06-25T14:16:54,300.0,30.2,S
2021-06-25T14:16:50,1000.0,30.2,S
2021-06-25T14:16:50,10000.0,30.2,S
2021-06-25T14:16:46,1500.0,30.2,S
2021-06-25T14:16:43,5500.0,30.2,S
2021-06-25T14:16:37,5000.0,30.2,S
2021-06-25T14:16:29,3000.0,30.2,S
2021-06-25T14:16:28,2000.0,30.2,S
2021-06-25T14:16:28,10000.0,30.2,S
2021-06-25T14:16:27,1000.0,30.2,S
2021-06-25T14:16:23,10000.0,30.2,S
2021-06-25T14:16:20,100.0,30.2,S
2021-06-25T14:16:13,4500.0,30.2,S
2021-06-25T14:16:11,1600.0,30.2,S
2021-06-25T14:16:07,100.0,30.2,S
2021-06-25T14:16:07,1000.0,30.2,S
2021-06-25T14:16:06,200.0,30.2,S
2021-06-25T14:16:03,400.0,30.2,S
2021-06-25T14:16:02,1500.0,30.2,S
2021-06-25T14:15:58,6400.0,30.2,S
2021-06-25T14:15:42,300.0,30.2,S
2021-06-25T14:15:38,30000.0,30.2,S
2021-06-25T14:15:38,3000.0,30.2,S
2021-06-25T14:15:08,100.0,30.2,S
2021-06-25T14:14:48,20000.0,30.2,S
2021-06-25T14:14:47,4000.0,30.2,S
2021-06-25T14:14:37,200.0,30.2,S
2021-06-25T14:14:36,2500.0,30.3,B
2021-06-25T14:14:33,1000.0,30.3,B
2021-06-25T14:14:23,50000.0,30.3,B
2021-06-25T14:14:06,1000.0,30.2,S
2021-06-25T14:14:05,1000.0,30.2,S
2021-06-25T14:14:04,900.0,30.2,S
2021-06-25T14:14:01,5000.0,30.3,B
2021-06-25T14:13:49,1000.0,30.2,S
2021-06-25T14:13:46,300.0,30.2,S
2021-06-25T14:13:24,1300.0,30.2,S
2021-06-25T14:13:21,300.0,30.2,S
2021-06-25T14:13:12,1300.0,30.3,B
2021-06-25T14:13:10,200.0,30.3,B
2021-06-25T14:13:00,2500.0,30.3,B
2021-06-25T14:12:52,10000.0,30.3,B
2021-06-25T14:12:45,100.0,30.2,S
2021-06-25T14:12:44,5000.0,30.2,S
2021-06-25T14:12:39,300.0,30.2,S
2021-06-25T14:12:38,200.0,30.2,S
2021-06-25T14:12:37,200.0,30.2,S
2021-06-25T14:12:36,1000.0,30.2,S
2021-06-25T14:12:34,1000.0,30.2,S
2021-06-25T14:12:32,500.0,30.2,S
2021-06-25T14:12:30,200.0,30.2,S
2021-06-25T14:12:22,400.0,30.2,S
2021-06-25T14:12:20,4000.0,30.2,S
2021-06-25T14:12:19,1000.0,30.2,S
2021-06-25T14:12:04,500.0,30.2,S
2021-06-25T14:12:00,5600.0,30.2,S
2021-06-25T14:11:53,2000.0,30.2,S
2021-06-25T14:11:46,200.0,30.2,S
2021-06-25T14:11:44,5000.0,30.2,S
2021-06-25T14:11:38,100.0,30.2,S
2021-06-25T14:11:26,100.0,30.2,S
2021-06-25T14:11:08,2000.0,30.2,S
2021-06-25T14:10:46,100.0,30.3,B
2021-06-25T14:10:33,100.0,30.2,S
2021-06-25T14:10:15,200.0,30.3,B
2021-06-25T14:10:05,200.0,30.2,S
2021-06-25T14:09:51,500.0,30.3,B
2021-06-25T14:09:49,1100.0,30.2,S
2021-06-25T14:09:44,100.0,30.2,S
2021-06-25T14:09:43,1500.0,30.2,S
2021-06-25T14:09:38,1000.0,30.3,B
2021-06-25T14:09:36,1300.0,30.2,S
2021-06-25T14:09:33,2800.0,30.2,S
2021-06-25T14:09:24,10100.0,30.2,S
2021-06-25T14:09:21,1000.0,30.2,S
2021-06-25T14:09:15,4500.0,30.2,S
2021-06-25T14:09:14,10000.0,30.3,B
2021-06-25T14:09:01,500.0,30.2,S
2021-06-25T14:08:59,100.0,30.3,B
2021-06-25T14:08:55,10000.0,30.2,S
2021-06-25T14:08:52,1200.0,30.3,B
2021-06-25T14:08:46,200.0,30.2,S
2021-06-25T14:08:45,10000.0,30.3,B
2021-06-25T14:08:42,5000.0,30.3,B
2021-06-25T14:08:42,1000.0,30.3,B
2021-06-25T14:08:37,12200.0,30.3,S
2021-06-25T14:08:35,1200.0,30.3,S
2021-06-25T14:08:32,1000.0,30.3,S
2021-06-25T14:08:32,4000.0,30.3,S
2021-06-25T14:08:31,5000.0,30.3,S
2021-06-25T14:08:28,25000.0,30.3,S
2021-06-25T14:08:27,500.0,30.3,S
2021-06-25T14:08:26,1000.0,30.3,S
2021-06-25T14:08:25,1500.0,30.3,S
2021-06-25T14:08:24,600.0,30.3,S
2021-06-25T14:08:24,1500.0,30.3,S
2021-06-25T14:08:22,2000.0,30.3,S
2021-06-25T14:08:20,2000.0,30.3,S
2021-06-25T14:08:19,5000.0,30.3,S
2021-06-25T14:08:18,1000.0,30.3,S
2021-06-25T14:08:16,2500.0,30.3,S
2021-06-25T14:08:15,10000.0,30.3,S
2021-06-25T14:08:11,100.0,30.3,S
2021-06-25T14:08:11,100.0,30.3,S
2021-06-25T14:08:10,5000.0,30.3,S
2021-06-25T14:08:07,5000.0,30.3,S
2021-06-25T14:08:06,1000.0,30.3,S
2021-06-25T14:08:05,42100.0,30.3,S
2021-06-25T14:08:03,200.0,30.3,S
2021-06-25T14:08:00,2000.0,30.3,S
2021-06-25T14:08:00,1000.0,30.3,S
2021-06-25T14:07:57,7000.0,30.3,S
2021-06-25T14:07:54,100.0,30.3,S
2021-06-25T14:07:52,400.0,30.3,S
2021-06-25T14:07:52,500.0,30.3,S
2021-06-25T14:07:48,3000.0,30.3,S
2021-06-25T14:07:47,100.0,30.3,S
2021-06-25T14:07:44,1300.0,30.3,S
2021-06-25T14:07:34,1700.0,30.3,S
2021-06-25T14:07:29,500.0,30.3,S
2021-06-25T14:07:24,10000.0,30.3,S
2021-06-25T14:07:22,300.0,30.3,S
2021-06-25T14:07:20,100.0,30.3,S
2021-06-25T14:07:16,50000.0,30.3,S
2021-06-25T14:07:08,300.0,30.3,S
2021-06-25T14:06:53,100.0,30.3,S
2021-06-25T14:06:50,100.0,30.4,B
2021-06-25T14:06:39,1000.0,30.3,S
2021-06-25T14:06:29,20000.0,30.4,B
2021-06-25T14:06:27,100.0,30.4,B
2021-06-25T14:06:27,500.0,30.3,S
2021-06-25T14:06:10,3000.0,30.4,B
2021-06-25T14:06:03,100.0,30.3,S
2021-06-25T14:06:01,15000.0,30.4,B
2021-06-25T14:06:00,100.0,30.3,S
2021-06-25T14:05:59,1000.0,30.3,S
2021-06-25T14:05:43,800.0,30.3,S
2021-06-25T14:05:33,600.0,30.3,S
2021-06-25T14:05:26,200.0,30.4,B
2021-06-25T14:05:26,100.0,30.3,S
2021-06-25T14:05:23,500.0,30.3,S
2021-06-25T14:05:22,3000.0,30.3,S
2021-06-25T14:05:16,200.0,30.3,S
2021-06-25T14:05:14,10000.0,30.4,B
2021-06-25T14:05:12,100.0,30.3,S
2021-06-25T14:05:12,100.0,30.3,S
2021-06-25T14:05:10,100.0,30.3,S
2021-06-25T14:05:05,8600.0,30.3,S
2021-06-25T14:04:56,3000.0,30.3,S
2021-06-25T14:04:55,300.0,30.3,S
2021-06-25T14:04:54,1000.0,30.4,B
2021-06-25T14:04:49,100.0,30.3,B
2021-06-25T14:04:44,400.0,30.3,S
2021-06-25T14:04:35,1000.0,30.3,S
2021-06-25T14:04:31,6900.0,30.3,B
2021-06-25T14:04:23,1000.0,30.3,B
2021-06-25T14:04:22,500.0,30.3,B
2021-06-25T14:04:21,300.0,30.3,B
2021-06-25T14:04:15,1300.0,30.3,B
2021-06-25T14:04:11,300.0,30.3,B
2021-06-25T14:04:08,300.0,30.3,B
2021-06-25T14:04:05,4600.0,30.3,B
2021-06-25T14:04:03,1000.0,30.3,B
2021-06-25T14:04:02,100.0,30.3,B
2021-06-25T14:04:01,500.0,30.2,S
2021-06-25T14:04:00,3900.0,30.3,B
2021-06-25T14:03:59,1000.0,30.3,B
2021-06-25T14:03:58,10000.0,30.3,B
2021-06-25T14:03:48,5000.0,30.3,B
2021-06-25T14:03:46,100.0,30.3,B
2021-06-25T14:03:44,1800.0,30.3,B
2021-06-25T14:03:44,20500.0,30.3,B
2021-06-25T14:03:43,50000.0,30.3,B
2021-06-25T14:03:28,100.0,30.3,B
2021-06-25T14:03:18,500.0,30.3,B
2021-06-25T14:03:06,50000.0,30.3,B
2021-06-25T14:03:06,100.0,30.3,B
2021-06-25T14:03:01,100.0,30.2,S
2021-06-25T14:02:58,2200.0,30.3,B
2021-06-25T14:02:58,2400.0,30.3,B
2021-06-25T14:02:51,100.0,30.2,S
2021-06-25T14:02:50,14000.0,30.3,B
2021-06-25T14:02:47,1000.0,30.3,B
2021-06-25T14:02:41,1000.0,30.3,B
2021-06-25T14:02:27,500.0,30.2,S
2021-06-25T14:02:22,100.0,30.3,B
2021-06-25T14:02:03,500.0,30.2,S
2021-06-25T14:02:01,100.0,30.2,S
2021-06-25T14:01:56,100.0,30.2,S
2021-06-25T14:01:50,3400.0,30.2,S
2021-06-25T14:01:45,500.0,30.2,S
2021-06-25T14:01:42,1000.0,30.2,S
2021-06-25T14:01:33,2000.0,30.2,S
2021-06-25T14:01:32,1000.0,30.3,B
2021-06-25T14:01:32,1000.0,30.2,S
2021-06-25T14:01:31,300.0,30.2,S
2021-06-25T14:01:20,1000.0,30.2,S
2021-06-25T14:01:20,200.0,30.2,S
2021-06-25T14:01:15,600.0,30.2,S
2021-06-25T14:01:09,100.0,30.2,S
2021-06-25T14:01:01,2000.0,30.2,S
2021-06-25T14:00:58,900.0,30.2,S
2021-06-25T14:00:40,100.0,30.2,S
2021-06-25T14:00:37,4500.0,30.2,B
2021-06-25T14:00:34,2000.0,30.2,B
2021-06-25T14:00:27,1000.0,30.2,B
2021-06-25T14:00:16,5800.0,30.2,S
2021-06-25T14:00:15,1300.0,30.2,S
2021-06-25T14:00:13,1000.0,30.2,S
2021-06-25T14:00:12,1000.0,30.2,S
2021-06-25T14:00:07,400.0,30.2,S
2021-06-25T14:00:06,500.0,30.2,S
2021-06-25T14:00:00,3900.0,30.2,S
2021-06-25T13:59:56,600.0,30.2,S
2021-06-25T13:59:55,200.0,30.2,S
2021-06-25T13:59:54,5000.0,30.2,S
2021-06-25T13:59:52,500.0,30.2,S
2021-06-25T13:59:49,500.0,30.2,S
2021-06-25T13:59:40,200.0,30.2,S
2021-06-25T13:59:39,33100.0,30.2,B
2021-06-25T13:59:22,100.0,30.2,B
2021-06-25T13:59:18,100.0,30.2,B
2021-06-25T13:59:09,500.0,30.2,B
2021-06-25T13:58:33,4400.0,30.2,S
2021-06-25T13:58:32,300.0,30.2,S
2021-06-25T13:58:31,3200.0,30.2,S
2021-06-25T13:58:25,20000.0,30.2,S
2021-06-25T13:58:17,6000.0,30.2,S
2021-06-25T13:58:17,200.0,30.3,B
2021-06-25T13:58:14,200.0,30.2,S
2021-06-25T13:58:12,3600.0,30.2,S
2021-06-25T13:58:08,13300.0,30.2,S
2021-06-25T13:58:08,11700.0,30.2,S
2021-06-25T13:58:00,500.0,30.2,S
2021-06-25T13:57:57,1500.0,30.2,S
2021-06-25T13:57:53,1000.0,30.3,B
2021-06-25T13:57:40,3000.0,30.2,S
2021-06-25T13:57:37,100.0,30.3,B
2021-06-25T13:57:35,2500.0,30.2,S
2021-06-25T13:57:31,200.0,30.3,B
2021-06-25T13:57:29,200.0,30.3,B
2021-06-25T13:57:23,100.0,30.2,S
2021-06-25T13:57:19,10000.0,30.2,S
2021-06-25T13:57:17,36100.0,30.2,B
2021-06-25T13:57:16,2000.0,30.1,B
2021-06-25T13:57:12,500.0,30.1,B
2021-06-25T13:57:11,700.0,30.1,B
2021-06-25T13:57:08,500.0,30.1,B
2021-06-25T13:56:59,400.0,30.1,B
2021-06-25T13:56:59,500.0,30.1,B
2021-06-25T13:56:39,2000.0,30.1,B
2021-06-25T13:56:33,500.0,30.1,B
2021-06-25T13:56:21,6600.0,30.1,S
2021-06-25T13:56:18,500.0,30.1,S
2021-06-25T13:56:17,300.0,30.1,S
2021-06-25T13:56:09,500.0,30.1,S
2021-06-25T13:56:03,1400.0,30.2,B
2021-06-25T13:56:01,1000.0,30.1,S
2021-06-25T13:56:00,5000.0,30.2,B
2021-06-25T13:55:40,6900.0,30.2,B
2021-06-25T13:55:39,1000.0,30.2,S
2021-06-25T13:55:37,500.0,30.2,S
2021-06-25T13:55:34,10000.0,30.2,S
2021-06-25T13:55:34,1000.0,30.2,S
2021-06-25T13:55:31,100.0,30.2,S
2021-06-25T13:55:30,1000.0,30.2,S
2021-06-25T13:55:28,200.0,30.2,S
2021-06-25T13:55:24,10000.0,30.2,S
2021-06-25T13:55:18,5000.0,30.2,S
2021-06-25T13:55:15,2400.0,30.2,S
2021-06-25T13:55:05,2000.0,30.2,S
2021-06-25T13:54:59,100.0,30.3,B
2021-06-25T13:54:57,1000.0,30.3,B
2021-06-25T13:54:53,600.0,30.3,B
2021-06-25T13:54:52,100.0,30.2,S
2021-06-25T13:54:52,2200.0,30.2,S
2021-06-25T13:54:44,5000.0,30.2,S
2021-06-25T13:54:41,1000.0,30.3,B
2021-06-25T13:54:37,1000.0,30.3,B
2021-06-25T13:54:30,100.0,30.3,B
2021-06-25T13:54:28,100.0,30.2,S
2021-06-25T13:54:22,100.0,30.3,B
2021-06-25T13:54:15,1300.0,30.2,S
2021-06-25T13:54:13,1000.0,30.3,B
2021-06-25T13:54:10,100.0,30.3,B
2021-06-25T13:54:09,100.0,30.2,S
2021-06-25T13:54:02,7000.0,30.2,S
2021-06-25T13:54:02,18100.0,30.3,B
2021-06-25T13:54:01,200.0,30.3,S
2021-06-25T13:53:59,400.0,30.3,S
2021-06-25T13:53:58,1000.0,30.3,S
2021-06-25T13:53:54,1000.0,30.3,S
2021-06-25T13:53:54,5000.0,30.3,S
2021-06-25T13:53:43,1000.0,30.3,S
2021-06-25T13:53:41,3000.0,30.3,S
2021-06-25T13:53:38,3000.0,30.3,S
2021-06-25T13:53:32,500.0,30.4,B
2021-06-25T13:53:24,5000.0,30.4,B
2021-06-25T13:53:24,1200.0,30.4,B
2021-06-25T13:53:15,5300.0,30.4,B
2021-06-25T13:53:13,10000.0,30.4,B
2021-06-25T13:52:56,4600.0,30.4,B
2021-06-25T13:52:55,3700.0,30.4,B
2021-06-25T13:52:52,500.0,30.4,B
2021-06-25T13:52:48,500.0,30.3,S
2021-06-25T13:52:46,1800.0,30.4,B
2021-06-25T13:52:40,1000.0,30.3,S
2021-06-25T13:52:40,500.0,30.3,S
2021-06-25T13:52:37,4000.0,30.4,B
2021-06-25T13:52:34,500.0,30.4,B
2021-06-25T13:52:30,500.0,30.3,S
2021-06-25T13:52:18,200.0,30.3,B
2021-06-25T13:52:18,2800.0,30.3,S
2021-06-25T13:52:15,4000.0,30.3,S
2021-06-25T13:52:14,500.0,30.3,S
2021-06-25T13:52:12,200.0,30.3,S
2021-06-25T13:52:10,1000.0,30.3,S
2021-06-25T13:52:04,2800.0,30.3,B
2021-06-25T13:52:04,100.0,30.3,B
2021-06-25T13:52:01,400.0,30.3,B
2021-06-25T13:52:00,30200.0,30.3,B
2021-06-25T13:51:55,3000.0,30.3,B
2021-06-25T13:51:55,400.0,30.3,B
2021-06-25T13:51:53,400.0,30.3,B
2021-06-25T13:51:51,500.0,30.3,B
2021-06-25T13:51:51,5000.0,30.3,B
2021-06-25T13:51:49,900.0,30.2,S
2021-06-25T13:51:48,30800.0,30.3,B
2021-06-25T13:51:44,4300.0,30.3,B
2021-06-25T13:51:44,13200.0,30.3,B
2021-06-25T13:51:39,1000.0,30.3,B
2021-06-25T13:51:38,9000.0,30.3,B
2021-06-25T13:51:36,2000.0,30.3,B
2021-06-25T13:51:29,2600.0,30.3,B
2021-06-25T13:51:28,100.0,30.3,B
2021-06-25T13:51:22,4000.0,30.3,B
2021-06-25T13:51:20,100.0,30.2,S
2021-06-25T13:51:15,200.0,30.2,S
2021-06-25T13:51:12,5000.0,30.3,B
2021-06-25T13:51:08,21800.0,30.3,B
2021-06-25T13:51:05,500.0,30.2,S
2021-06-25T13:51:04,500.0,30.3,B
2021-06-25T13:51:00,30000.0,30.2,S
2021-06-25T13:50:59,300.0,30.2,S
2021-06-25T13:50:57,99700.0,30.2,B
2021-06-25T13:50:56,2000.0,30.2,B
2021-06-25T13:50:56,70000.0,30.2,B
2021-06-25T13:50:54,1000.0,30.2,B
2021-06-25T13:50:52,100000.0,30.2,B
2021-06-25T13:50:46,200.0,30.2,B
2021-06-25T13:50:41,1000.0,30.2,B
2021-06-25T13:50:40,1000.0,30.1,S
2021-06-25T13:50:36,2000.0,30.2,B
2021-06-25T13:50:34,300.0,30.2,B
2021-06-25T13:50:27,3000.0,30.2,B
2021-06-25T13:50:24,6700.0,30.2,B
2021-06-25T13:50:23,3000.0,30.1,S
2021-06-25T13:50:21,50000.0,30.2,B
2021-06-25T13:50:12,2400.0,30.1,S
2021-06-25T13:50:11,10000.0,30.1,S
2021-06-25T13:50:09,500.0,30.1,S
2021-06-25T13:50:03,100.0,30.1,S
2021-06-25T13:50:01,140200.0,30.1,S
2021-06-25T13:49:59,4500.0,30.1,B
2021-06-25T13:49:58,500.0,30.1,B
2021-06-25T13:49:57,1000.0,30.1,B
2021-06-25T13:49:49,3000.0,30.1,B
2021-06-25T13:49:47,4200.0,30.1,B
2021-06-25T13:49:45,200.0,30.1,B
2021-06-25T13:49:35,1000.0,30.1,B
2021-06-25T13:49:24,1000.0,30.1,B
2021-06-25T13:49:23,2500.0,30.1,B
2021-06-25T13:49:19,1000.0,30.0,S
2021-06-25T13:49:12,1000.0,30.0,S
2021-06-25T13:49:10,198400.0,30.0,B
2021-06-25T13:49:04,10000.0,30.0,B
2021-06-25T13:48:57,500.0,30.0,B
2021-06-25T13:48:56,1000.0,30.0,B
2021-06-25T13:48:48,5000.0,30.0,B
2021-06-25T13:48:38,4000.0,30.0,B
2021-06-25T13:48:32,1000.0,29.9,S
2021-06-25T13:48:24,3300.0,29.9,S
2021-06-25T13:48:23,5000.0,30.0,B
2021-06-25T13:48:20,300.0,30.0,B
2021-06-25T13:48:18,500.0,30.0,B
2021-06-25T13:48:14,300.0,30.0,B
2021-06-25T13:48:03,2000.0,30.0,B
2021-06-25T13:47:57,500.0,29.9,S
2021-06-25T13:47:56,3000.0,29.9,S
2021-06-25T13:47:51,500.0,30.0,B
2021-06-25T13:47:31,500.0,29.9,S
2021-06-25T13:47:29,500.0,30.0,B
2021-06-25T13:47:12,3500.0,29.9,S
2021-06-25T13:47:08,500.0,29.9,S
2021-06-25T13:47:03,500.0,30.0,B
2021-06-25T13:47:02,100.0,29.9,S
2021-06-25T13:47:01,500.0,30.0,B
2021-06-25T13:46:56,500.0,29.9,S
2021-06-25T13:46:56,500.0,30.0,B
2021-06-25T13:46:43,100.0,29.9,S
2021-06-25T13:46:34,500.0,29.9,S
2021-06-25T13:46:31,5000.0,29.9,S
2021-06-25T13:46:14,1000.0,29.9,S
2021-06-25T13:46:13,3000.0,30.0,B
2021-06-25T13:46:05,300.0,30.0,B
2021-06-25T13:46:05,500.0,30.0,B
2021-06-25T13:46:02,500.0,29.9,S
2021-06-25T13:45:57,1500.0,29.9,S
2021-06-25T13:45:54,1000.0,29.9,S
2021-06-25T13:45:52,5000.0,30.0,B
2021-06-25T13:45:50,100.0,29.9,S
2021-06-25T13:45:49,500.0,30.0,B
2021-06-25T13:45:27,2500.0,29.9,S
2021-06-25T13:45:26,100.0,29.9,S
2021-06-25T13:45:18,1000.0,29.9,S
2021-06-25T13:45:16,1000.0,29.9,S
2021-06-25T13:45:14,1000.0,30.0,B
2021-06-25T13:45:07,300.0,29.9,S
2021-06-25T13:44:59,500.0,29.9,S
2021-06-25T13:44:51,100.0,29.9,S
2021-06-25T13:44:44,3400.0,29.9,S
2021-06-25T13:44:36,300.0,30.0,B
2021-06-25T13:44:35,500.0,30.0,B
2021-06-25T13:44:03,400.0,30.0,B
2021-06-25T13:43:41,100.0,30.0,B
2021-06-25T13:43:41,200.0,30.0,B
2021-06-25T13:43:35,100.0,30.0,B
2021-06-25T13:43:20,900.0,30.0,B
2021-06-25T13:43:06,300.0,30.0,B
2021-06-25T13:43:04,1500.0,30.0,B
2021-06-25T13:42:58,2300.0,29.9,S
2021-06-25T13:42:57,1000.0,29.9,S
2021-06-25T13:42:56,1000.0,29.9,S
2021-06-25T13:42:51,1000.0,29.9,S
2021-06-25T13:42:37,200.0,29.9,S
2021-06-25T13:42:28,2000.0,29.9,S
2021-06-25T13:42:17,2000.0,29.9,S
2021-06-25T13:42:12,3300.0,29.9,S
2021-06-25T13:42:02,100.0,30.0,B
2021-06-25T13:42:00,5000.0,29.9,S
2021-06-25T13:41:56,1000.0,30.0,B
2021-06-25T13:41:54,3900.0,30.0,B
2021-06-25T13:41:51,200.0,29.9,S
2021-06-25T13:41:50,1000.0,30.0,B
2021-06-25T13:41:47,500.0,29.9,S
2021-06-25T13:41:44,300.0,30.0,B
2021-06-25T13:41:35,1600.0,30.0,B
2021-06-25T13:41:32,1000.0,30.0,B
2021-06-25T13:41:19,1000.0,30.0,B
2021-06-25T13:41:13,100.0,30.0,B
2021-06-25T13:41:08,2000.0,30.0,B
2021-06-25T13:41:00,100.0,30.0,B
2021-06-25T13:40:48,500.0,30.0,B
2021-06-25T13:40:40,100.0,29.9,S
2021-06-25T13:40:38,500.0,30.0,B
2021-06-25T13:40:33,800.0,30.0,B
2021-06-25T13:40:31,500.0,30.0,B
2021-06-25T13:40:28,100.0,30.0,B
2021-06-25T13:40:24,300.0,30.0,B
2021-06-25T13:40:22,100.0,30.0,B
2021-06-25T13:40:18,500.0,30.0,B
2021-06-25T13:40:08,500.0,30.0,B
2021-06-25T13:40:05,1200.0,30.0,B
2021-06-25T13:40:02,500.0,30.0,B
2021-06-25T13:40:01,100.0,30.0,B
2021-06-25T13:39:55,500.0,30.0,B
2021-06-25T13:39:49,500.0,30.0,B
2021-06-25T13:39:40,300.0,30.0,B
2021-06-25T13:39:40,100.0,30.0,B
2021-06-25T13:39:36,3000.0,30.0,B
2021-06-25T13:39:34,200.0,30.0,B
2021-06-25T13:39:32,1000.0,30.0,B
2021-06-25T13:39:29,500.0,30.0,B
2021-06-25T13:39:23,40000.0,29.9,S
2021-06-25T13:39:22,1000.0,30.0,S
2021-06-25T13:39:21,1000.0,30.0,S
2021-06-25T13:39:20,300.0,30.0,S
2021-06-25T13:39:10,500.0,30.0,S
2021-06-25T13:39:06,500.0,30.0,S
2021-06-25T13:39:01,500.0,30.0,S
2021-06-25T13:38:59,1000.0,30.0,S
2021-06-25T13:38:56,500.0,30.0,S
2021-06-25T13:38:53,25000.0,30.1,B
2021-06-25T13:38:52,700.0,30.0,S
2021-06-25T13:38:50,1000.0,30.0,S
2021-06-25T13:38:49,500.0,30.1,B
2021-06-25T13:38:44,1000.0,30.0,S
2021-06-25T13:38:39,3000.0,30.1,B
2021-06-25T13:38:37,3800.0,30.0,S
2021-06-25T13:38:34,16200.0,30.0,S
2021-06-25T13:38:34,3800.0,30.1,B
2021-06-25T13:38:33,500.0,30.1,B
2021-06-25T13:38:31,700.0,30.1,B
2021-06-25T13:38:26,4000.0,30.1,B
2021-06-25T13:38:22,3000.0,30.1,B
2021-06-25T13:38:21,200.0,30.1,B
2021-06-25T13:38:14,100.0,30.1,B
2021-06-25T13:38:13,6500.0,30.1,S
2021-06-25T13:38:10,1400.0,30.1,S
2021-06-25T13:38:09,1000.0,30.1,S
2021-06-25T13:38:07,400.0,30.1,S
2021-06-25T13:38:05,100.0,30.1,S
2021-06-25T13:38:00,7600.0,30.1,S
2021-06-25T13:37:59,5000.0,30.1,B
2021-06-25T13:37:58,1000.0,30.1,B
2021-06-25T13:37:54,500.0,30.1,B
2021-06-25T13:37:54,20300.0,30.1,B
2021-06-25T13:37:52,500.0,30.1,B
2021-06-25T13:37:52,2900.0,30.1,B
2021-06-25T13:37:50,200.0,30.0,S
2021-06-25T13:37:49,1200.0,30.1,B
2021-06-25T13:37:44,500.0,30.1,B
2021-06-25T13:37:44,300.0,30.1,B
2021-06-25T13:37:44,15000.0,30.1,B
2021-06-25T13:37:44,2000.0,30.1,B
2021-06-25T13:37:43,31800.0,30.1,B
2021-06-25T13:37:42,26000.0,30.1,B
2021-06-25T13:37:40,10000.0,30.1,B
2021-06-25T13:37:34,500.0,30.1,B
2021-06-25T13:37:34,40000.0,30.1,B
2021-06-25T13:37:34,100.0,30.0,S
2021-06-25T13:37:34,500.0,30.1,B
2021-06-25T13:37:33,400.0,30.1,B
2021-06-25T13:37:32,5000.0,30.1,B
2021-06-25T13:37:29,2000.0,30.1,B
2021-06-25T13:37:27,800.0,30.1,B
2021-06-25T13:37:26,2000.0,30.1,B
2021-06-25T13:37:24,25000.0,30.1,B
2021-06-25T13:37:23,3000.0,30.1,B
2021-06-25T13:37:22,100.0,30.1,B
2021-06-25T13:37:16,4000.0,30.1,B
2021-06-25T13:37:15,50000.0,30.1,B
2021-06-25T13:37:11,5000.0,30.1,B
2021-06-25T13:37:10,1500.0,30.0,S
2021-06-25T13:37:04,200.0,30.1,B
2021-06-25T13:36:48,600.0,30.1,B
2021-06-25T13:36:41,25000.0,30.0,S
2021-06-25T13:36:40,1000.0,30.0,B
2021-06-25T13:36:39,1000.0,30.0,B
2021-06-25T13:36:37,200.0,30.0,B
2021-06-25T13:36:36,500.0,30.0,B
2021-06-25T13:36:36,200.0,30.0,B
2021-06-25T13:36:35,3000.0,30.0,B
2021-06-25T13:36:35,200.0,30.0,B
2021-06-25T13:36:34,1000.0,30.0,B
2021-06-25T13:36:32,50000.0,30.0,B
2021-06-25T13:36:31,1000.0,30.0,B
2021-06-25T13:36:29,11300.0,30.0,B
2021-06-25T13:36:28,1000.0,30.0,B
2021-06-25T13:36:28,10000.0,30.0,B
2021-06-25T13:36:27,8000.0,30.0,B
2021-06-25T13:36:26,3200.0,30.0,B
2021-06-25T13:36:26,800.0,30.0,B
2021-06-25T13:36:25,11000.0,30.0,B
2021-06-25T13:36:23,10000.0,30.0,B
2021-06-25T13:36:23,300.0,30.0,B
2021-06-25T13:36:23,20000.0,30.0,B
2021-06-25T13:36:20,10000.0,30.0,B
2021-06-25T13:36:20,1000.0,30.0,B
2021-06-25T13:36:19,300.0,30.0,B
2021-06-25T13:36:18,5000.0,30.0,B
2021-06-25T13:36:17,20100.0,30.0,B
2021-06-25T13:36:16,10000.0,30.0,B
2021-06-25T13:36:16,2200.0,30.0,B
2021-06-25T13:36:14,200.0,30.0,B
2021-06-25T13:36:14,1500.0,30.0,B
2021-06-25T13:36:12,5000.0,30.0,B
2021-06-25T13:36:12,100.0,30.0,B
2021-06-25T13:36:12,8000.0,30.0,B
2021-06-25T13:36:11,2000.0,30.0,B
2021-06-25T13:36:07,65000.0,30.0,B
2021-06-25T13:36:07,2000.0,30.0,B
2021-06-25T13:36:03,2000.0,30.0,B
2021-06-25T13:36:00,5000.0,30.0,B
2021-06-25T13:35:54,1000.0,30.0,B
2021-06-25T13:35:49,300.0,30.0,B
2021-06-25T13:35:48,2000.0,30.0,B
2021-06-25T13:35:46,10000.0,30.0,B
2021-06-25T13:35:44,19000.0,30.0,B
2021-06-25T13:35:39,5000.0,30.0,B
2021-06-25T13:35:38,100.0,29.9,S
2021-06-25T13:35:37,10000.0,30.0,B
2021-06-25T13:35:35,10000.0,30.0,B
2021-06-25T13:35:25,10000.0,30.0,B
2021-06-25T13:35:18,500.0,29.9,S
2021-06-25T13:35:18,500.0,29.9,S
2021-06-25T13:35:17,100.0,29.9,S
2021-06-25T13:35:13,1000.0,29.9,S
2021-06-25T13:35:10,1000.0,29.9,S
2021-06-25T13:35:09,300.0,29.9,S
2021-06-25T13:35:07,50000.0,30.0,B
2021-06-25T13:35:02,1200.0,29.9,S
2021-06-25T13:34:55,10100.0,29.9,S
2021-06-25T13:34:54,10000.0,30.0,B
2021-06-25T13:34:54,1000.0,29.9,S
2021-06-25T13:34:52,100.0,29.9,S
2021-06-25T13:34:51,6800.0,29.9,S
2021-06-25T13:34:42,10000.0,29.9,B
2021-06-25T13:34:38,100.0,29.8,S
2021-06-25T13:34:37,1000.0,29.9,B
2021-06-25T13:34:35,50000.0,29.9,B
2021-06-25T13:34:30,5000.0,29.9,B
2021-06-25T13:34:28,600.0,29.9,B
2021-06-25T13:34:17,2000.0,29.9,B
2021-06-25T13:34:16,100.0,29.8,S
2021-06-25T13:34:03,10000.0,29.9,B
2021-06-25T13:33:58,13500.0,29.8,S
2021-06-25T13:33:56,200.0,29.9,B
2021-06-25T13:33:55,1000.0,29.9,B
2021-06-25T13:33:50,200.0,29.9,B
2021-06-25T13:33:50,1000.0,29.9,B
2021-06-25T13:33:47,1500.0,29.9,B
2021-06-25T13:33:44,200.0,29.8,S
2021-06-25T13:33:42,400.0,29.8,S
2021-06-25T13:33:40,2500.0,29.9,B
2021-06-25T13:33:39,3000.0,29.8,S
2021-06-25T13:33:38,200.0,29.8,S
2021-06-25T13:33:36,1000.0,29.8,S
2021-06-25T13:33:35,300.0,29.8,S
2021-06-25T13:33:29,50000.0,29.9,B
2021-06-25T13:33:25,500.0,29.8,B
2021-06-25T13:33:19,100.0,29.8,B
2021-06-25T13:33:15,300.0,29.8,B
2021-06-25T13:33:12,2000.0,29.8,B
2021-06-25T13:33:10,9000.0,29.8,B
2021-06-25T13:32:58,2000.0,29.8,B
2021-06-25T13:32:57,100.0,29.7,S
2021-06-25T13:32:56,900.0,29.8,B
2021-06-25T13:32:53,300.0,29.8,B
2021-06-25T13:32:47,300.0,29.8,B
2021-06-25T13:32:31,10000.0,29.8,B
2021-06-25T13:32:27,2000.0,29.8,B
2021-06-25T13:32:26,100.0,29.8,B
2021-06-25T13:32:24,1000.0,29.8,B
2021-06-25T13:32:14,5000.0,29.8,B
2021-06-25T13:32:11,1500.0,29.7,S
2021-06-25T13:32:03,2700.0,29.7,S
2021-06-25T13:32:02,15000.0,29.8,B
2021-06-25T13:31:55,100.0,29.7,S
2021-06-25T13:31:54,400.0,29.7,B
2021-06-25T13:31:52,10000.0,29.8,B
2021-06-25T13:31:51,500.0,29.7,B
2021-06-25T13:31:50,1000.0,29.7,B
2021-06-25T13:31:47,1000.0,29.7,B
2021-06-25T13:31:46,3100.0,29.7,B
2021-06-25T13:31:43,200.0,29.7,B
2021-06-25T13:31:42,1000.0,29.7,B
2021-06-25T13:31:42,500.0,29.7,B
2021-06-25T13:31:39,200.0,29.6,S
2021-06-25T13:31:35,700.0,29.7,B
2021-06-25T13:31:34,500.0,29.7,B
2021-06-25T13:31:32,100.0,29.7,B
2021-06-25T13:31:27,1000.0,29.7,B
2021-06-25T13:31:24,24100.0,29.7,B
2021-06-25T13:31:23,300.0,29.7,B
2021-06-25T13:31:20,100.0,29.7,B
2021-06-25T13:31:11,1000.0,29.7,B
2021-06-25T13:31:09,2000.0,29.7,B
2021-06-25T13:31:06,20000.0,29.7,B
2021-06-25T13:31:02,5000.0,29.7,B
2021-06-25T13:30:58,5000.0,29.7,B
2021-06-25T13:30:55,500.0,29.6,S
2021-06-25T13:30:48,5000.0,29.7,B
2021-06-25T13:30:44,3000.0,29.6,S
2021-06-25T13:30:39,5000.0,29.7,B
2021-06-25T13:30:33,1000.0,29.6,S
2021-06-25T13:30:23,500.0,29.7,B
2021-06-25T13:30:19,500.0,29.6,S
2021-06-25T13:30:18,500.0,29.7,B
2021-06-25T13:30:11,500.0,29.7,B
2021-06-25T13:29:57,200.0,29.6,S
2021-06-25T13:29:44,700.0,29.6,S
2021-06-25T13:29:33,200.0,29.6,S
2021-06-25T13:29:17,66100.0,29.6,S
2021-06-25T13:29:11,1800.0,29.6,B
2021-06-25T13:29:09,1000.0,29.6,B
2021-06-25T13:29:05,500.0,29.6,B
2021-06-25T13:28:58,10000.0,29.6,B
2021-06-25T13:28:56,100.0,29.5,S
2021-06-25T13:28:52,100.0,29.6,B
2021-06-25T13:28:49,5000.0,29.6,B
2021-06-25T13:28:48,11000.0,29.5,S
2021-06-25T13:28:47,5200.0,29.5,S
2021-06-25T13:28:35,200.0,29.5,S
2021-06-25T13:28:35,5000.0,29.5,S
2021-06-25T13:28:30,500.0,29.5,S
2021-06-25T13:28:28,5000.0,29.5,S
2021-06-25T13:28:23,1500.0,29.5,S
2021-06-25T13:28:15,500.0,29.5,S
2021-06-25T13:28:10,100.0,29.5,S
2021-06-25T13:27:47,2500.0,29.5,S
2021-06-25T13:27:45,500.0,29.5,S
2021-06-25T13:27:39,2000.0,29.5,S
2021-06-25T13:27:36,10100.0,29.5,S
2021-06-25T13:27:25,100.0,29.5,S
2021-06-25T13:27:11,100.0,29.6,B
2021-06-25T13:27:09,1000.0,29.5,S
2021-06-25T13:26:53,1000.0,29.5,S
2021-06-25T13:26:37,1000.0,29.5,S
2021-06-25T13:26:33,300.0,29.5,S
2021-06-25T13:26:31,100.0,29.5,S
2021-06-25T13:26:30,5000.0,29.5,S
2021-06-25T13:26:23,6900.0,29.5,S
2021-06-25T13:26:17,1000.0,29.5,S
2021-06-25T13:26:01,100.0,29.5,S
2021-06-25T13:25:42,500.0,29.5,S
2021-06-25T13:25:41,10000.0,29.5,S
2021-06-25T13:25:29,300.0,29.5,S
2021-06-25T13:25:21,500.0,29.5,S
2021-06-25T13:25:01,4100.0,29.5,B
2021-06-25T13:24:57,10000.0,29.5,B
2021-06-25T13:24:44,100.0,29.5,B
2021-06-25T13:24:38,200.0,29.5,B
2021-06-25T13:24:33,4400.0,29.5,B
2021-06-25T13:24:20,1300.0,29.5,B
2021-06-25T13:24:09,100.0,29.5,B
2021-06-25T13:24:06,1000.0,29.5,B
2021-06-25T13:24:06,1000.0,29.5,B
2021-06-25T13:23:59,12400.0,29.5,S
2021-06-25T13:23:31,700.0,29.5,S
2021-06-25T13:23:28,400.0,29.5,S
2021-06-25T13:23:25,100.0,29.5,S
2021-06-25T13:23:01,2000.0,29.5,S
2021-06-25T13:22:50,200.0,29.5,S
2021-06-25T13:22:47,100.0,29.5,S
2021-06-25T13:22:47,10500.0,29.5,S
2021-06-25T13:22:35,5000.0,29.5,B
2021-06-25T13:22:35,500.0,29.5,B
2021-06-25T13:22:16,100.0,29.5,B
2021-06-25T13:22:09,200.0,29.5,B
2021-06-25T13:22:07,100.0,29.5,B
2021-06-25T13:22:02,2000.0,29.5,B
2021-06-25T13:21:54,4600.0,29.5,S
2021-06-25T13:21:53,100.0,29.5,S
2021-06-25T13:21:51,1800.0,29.5,S
2021-06-25T13:21:44,1800.0,29.5,S
2021-06-25T13:21:26,600.0,29.5,S
2021-06-25T13:21:08,5800.0,29.5,S
2021-06-25T13:21:04,100.0,29.5,B
2021-06-25T13:21:03,4000.0,29.5,B
2021-06-25T13:20:58,3700.0,29.5,B
2021-06-25T13:20:54,1000.0,29.5,B
2021-06-25T13:20:53,1000.0,29.5,B
2021-06-25T13:20:52,100.0,29.5,B
2021-06-25T13:20:45,5000.0,29.5,B
2021-06-25T13:20:40,2000.0,29.5,B
2021-06-25T13:20:32,4000.0,29.4,S
2021-06-25T13:20:16,2000.0,29.5,B
2021-06-25T13:20:10,500.0,29.5,B
2021-06-25T13:20:08,100.0,29.5,B
2021-06-25T13:20:08,200.0,29.5,S
2021-06-25T13:20:02,17000.0,29.4,S
2021-06-25T13:20:00,1800.0,29.5,B
2021-06-25T13:19:55,1900.0,29.5,B
2021-06-25T13:19:50,100.0,29.5,B
2021-06-25T13:19:40,100.0,29.5,B
2021-06-25T13:19:30,1000.0,29.5,B
2021-06-25T13:19:22,1000.0,29.5,B
2021-06-25T13:19:17,500.0,29.5,B
2021-06-25T13:19:04,500.0,29.5,B
2021-06-25T13:19:01,500.0,29.5,B
2021-06-25T13:18:55,2000.0,29.5,B
2021-06-25T13:18:43,1000.0,29.5,B
2021-06-25T13:18:42,200.0,29.5,B
2021-06-25T13:18:31,1000.0,29.5,B
2021-06-25T13:18:27,500.0,29.5,S
2021-06-25T13:18:17,8800.0,29.5,B
2021-06-25T13:18:05,600.0,29.5,B
2021-06-25T13:17:59,500.0,29.5,B
2021-06-25T13:17:48,500.0,29.5,B
2021-06-25T13:17:44,50000.0,29.5,B
2021-06-25T13:17:37,100.0,29.5,B
2021-06-25T13:17:31,6000.0,29.5,B
2021-06-25T13:17:31,3100.0,29.5,B
2021-06-25T13:17:30,2000.0,29.5,B
2021-06-25T13:17:25,100.0,29.5,B
2021-06-25T13:17:12,200.0,29.5,B
2021-06-25T13:17:11,3000.0,29.5,B
2021-06-25T13:17:07,600.0,29.5,B
2021-06-25T13:17:03,3300.0,29.5,B
2021-06-25T13:16:47,2600.0,29.5,B
2021-06-25T13:16:45,900.0,29.5,B
2021-06-25T13:16:38,2000.0,29.5,B
2021-06-25T13:16:36,500.0,29.5,B
2021-06-25T13:16:36,500.0,29.4,S
2021-06-25T13:16:35,2000.0,29.5,B
2021-06-25T13:16:25,200.0,29.5,B
2021-06-25T13:16:17,100.0,29.5,B
2021-06-25T13:16:02,500.0,29.5,B
2021-06-25T13:15:44,500.0,29.5,B
2021-06-25T13:15:38,20000.0,29.5,B
2021-06-25T13:15:34,10600.0,29.5,B
2021-06-25T13:15:14,1100.0,29.5,S
2021-06-25T13:15:10,1900.0,29.5,B
2021-06-25T13:15:07,1000.0,29.5,B
2021-06-25T13:15:07,3000.0,29.5,B
2021-06-25T13:15:05,2300.0,29.4,S
2021-06-25T13:14:54,2000.0,29.5,B
2021-06-25T13:14:53,2000.0,29.5,B
2021-06-25T13:14:41,100.0,29.5,B
2021-06-25T13:14:33,3000.0,29.5,B
2021-06-25T13:14:31,1000.0,29.5,B
2021-06-25T13:14:28,800.0,29.5,B
2021-06-25T13:14:27,3400.0,29.5,B
2021-06-25T13:14:25,7900.0,29.5,B
2021-06-25T13:14:24,100.0,29.5,S
2021-06-25T13:14:17,500.0,29.6,B
2021-06-25T13:14:16,25000.0,29.5,S
2021-06-25T13:13:56,100.0,29.5,S
2021-06-25T13:13:44,5000.0,29.5,S
2021-06-25T13:13:43,5200.0,29.5,S
2021-06-25T13:13:36,100.0,29.5,S
2021-06-25T13:13:32,500.0,29.5,S
2021-06-25T13:13:31,2000.0,29.5,S
2021-06-25T13:13:13,100.0,29.5,S
2021-06-25T13:12:48,200.0,29.5,S
2021-06-25T13:12:46,100.0,29.6,B
2021-06-25T13:12:33,200.0,29.5,S
2021-06-25T13:12:30,400.0,29.5,S
2021-06-25T13:12:24,1000.0,29.5,S
2021-06-25T13:12:22,1200.0,29.5,S
2021-06-25T13:12:17,200.0,29.5,S
2021-06-25T13:12:14,10000.0,29.5,S
2021-06-25T13:12:13,300.0,29.5,S
2021-06-25T13:12:06,4000.0,29.5,S
2021-06-25T13:12:05,200.0,29.5,S
2021-06-25T13:11:43,500.0,29.5,S
2021-06-25T13:11:10,200.0,29.5,S
2021-06-25T13:11:01,3000.0,29.5,S
2021-06-25T13:10:58,5000.0,29.5,S
2021-06-25T13:10:40,300.0,29.5,S
2021-06-25T13:10:35,200.0,29.5,S
2021-06-25T13:10:33,800.0,29.5,S
2021-06-25T13:10:22,5200.0,29.5,B
2021-06-25T13:10:21,200.0,29.5,B
2021-06-25T13:10:18,100.0,29.5,B
2021-06-25T13:10:15,1500.0,29.5,B
2021-06-25T13:10:07,5000.0,29.5,B
2021-06-25T13:10:07,5000.0,29.5,B
2021-06-25T13:10:00,500.0,29.5,B
2021-06-25T13:09:53,10000.0,29.5,B
2021-06-25T13:09:50,400.0,29.5,B
2021-06-25T13:09:49,500.0,29.5,B
2021-06-25T13:09:48,3000.0,29.5,B
2021-06-25T13:09:43,5600.0,29.5,B
2021-06-25T13:09:41,200.0,29.5,B
2021-06-25T13:09:31,500.0,29.5,B
2021-06-25T13:09:27,1600.0,29.4,S
2021-06-25T13:09:27,100.0,29.6,B
2021-06-25T13:09:23,2000.0,29.5,S
2021-06-25T13:09:17,2000.0,29.5,B
2021-06-25T13:09:17,7000.0,29.5,S
2021-06-25T13:09:13,26100.0,29.5,S
2021-06-25T13:09:08,400.0,29.6,B
2021-06-25T13:09:07,100.0,29.5,S
2021-06-25T13:09:02,1000.0,29.5,S
2021-06-25T13:08:52,600.0,29.5,S
2021-06-25T13:08:49,200.0,29.6,B
2021-06-25T13:08:41,6400.0,29.5,S
2021-06-25T13:08:27,2000.0,29.6,B
2021-06-25T13:08:06,100.0,29.6,B
2021-06-25T13:08:05,5000.0,29.6,B
2021-06-25T13:08:03,200.0,29.5,S
2021-06-25T13:08:01,3200.0,29.5,S
2021-06-25T13:07:53,700.0,29.5,S
2021-06-25T13:07:49,200.0,29.5,S
2021-06-25T13:07:45,100.0,29.6,B
2021-06-25T13:07:26,5000.0,29.6,B
2021-06-25T13:07:24,400.0,29.5,S
2021-06-25T13:07:19,2000.0,29.5,S
2021-06-25T13:06:59,100.0,29.6,B
2021-06-25T13:06:56,100.0,29.6,B
2021-06-25T13:06:30,200.0,29.6,B
2021-06-25T13:06:29,100.0,29.5,S
2021-06-25T13:06:25,1800.0,29.6,B
2021-06-25T13:06:04,500.0,29.6,B
2021-06-25T13:05:56,20000.0,29.5,S
2021-06-25T13:05:55,500.0,29.6,B
2021-06-25T13:05:55,900.0,29.6,B
2021-06-25T13:05:50,200.0,29.6,B
2021-06-25T13:05:49,8000.0,29.6,B
2021-06-25T13:05:40,200.0,29.6,B
2021-06-25T13:05:39,200.0,29.6,B
2021-06-25T13:05:24,200.0,29.6,B
2021-06-25T13:04:38,600.0,29.6,B
2021-06-25T13:04:24,2000.0,29.6,B
2021-06-25T13:04:04,500.0,29.6,B
2021-06-25T13:03:50,700.0,29.6,B
2021-06-25T13:03:33,8000.0,29.6,B
2021-06-25T13:03:26,1000.0,29.6,B
2021-06-25T13:03:18,1000.0,29.6,B
2021-06-25T13:03:14,9000.0,29.5,S
2021-06-25T13:03:13,6200.0,29.5,S
2021-06-25T13:02:51,1000.0,29.5,S
2021-06-25T13:02:40,100.0,29.6,B
2021-06-25T13:02:31,100.0,29.6,B
2021-06-25T13:02:23,1000.0,29.6,B
2021-06-25T13:02:05,100.0,29.5,S
2021-06-25T13:02:02,8000.0,29.5,S
2021-06-25T13:01:58,300.0,29.6,B
2021-06-25T13:01:51,3000.0,29.5,S
2021-06-25T13:01:34,1000.0,29.5,B
2021-06-25T13:01:20,7000.0,29.4,S
2021-06-25T13:00:09,11000.0,29.4,S
2021-06-25T13:00:08,900.0,29.4,S
2021-06-25T13:00:06,22000.0,29.4,S
2021-06-25T13:00:04,1000.0,29.5,S
2021-06-25T13:00:03,1300.0,29.5,S
2021-06-25T13:00:03,13800.0,29.5,S
2021-06-25T13:00:02,18700.0,29.5,B
2021-06-25T13:00:02,300.0,29.5,B
2021-06-25T11:30:00,1500.0,29.4,S
2021-06-25T11:29:59,100.0,29.5,B
2021-06-25T11:29:32,11100.0,29.4,S
2021-06-25T11:29:19,100.0,29.5,B
2021-06-25T11:28:44,300.0,29.5,B
2021-06-25T11:28:30,200.0,29.5,B
2021-06-25T11:28:26,3600.0,29.5,S
2021-06-25T11:27:53,1200.0,29.5,B
2021-06-25T11:27:45,1000.0,29.5,B
2021-06-25T11:27:29,1000.0,29.5,B
2021-06-25T11:27:28,3300.0,29.5,B
2021-06-25T11:27:01,1500.0,29.5,S
2021-06-25T11:26:55,200.0,29.5,S
2021-06-25T11:26:54,3300.0,29.5,S
2021-06-25T11:26:52,1000.0,29.5,S
2021-06-25T11:26:36,18700.0,29.5,S
2021-06-25T11:26:24,5000.0,29.5,S
2021-06-25T11:26:12,1200.0,29.5,S
2021-06-25T11:25:13,900.0,29.5,B
2021-06-25T11:25:04,100.0,29.5,S
2021-06-25T11:25:02,1000.0,29.5,S
2021-06-25T11:24:40,19900.0,29.5,B
2021-06-25T11:24:32,100.0,29.5,B
2021-06-25T11:24:26,100.0,29.5,B
2021-06-25T11:24:09,10000.0,29.5,B
2021-06-25T11:24:00,5000.0,29.5,B
2021-06-25T11:23:54,3400.0,29.5,B
2021-06-25T11:23:53,1000.0,29.5,B
2021-06-25T11:23:53,300.0,29.5,B
2021-06-25T11:23:23,2800.0,29.5,B
2021-06-25T11:23:22,2000.0,29.5,B
2021-06-25T11:23:21,200.0,29.5,B
2021-06-25T11:23:09,20000.0,29.5,B
2021-06-25T11:22:44,4000.0,29.5,B
2021-06-25T11:22:30,500.0,29.4,S
2021-06-25T11:22:30,600.0,29.5,B
2021-06-25T11:22:17,200.0,29.5,B
2021-06-25T11:21:41,2000.0,29.5,B
2021-06-25T11:21:33,600.0,29.4,S
2021-06-25T11:21:06,1000.0,29.4,S
2021-06-25T11:20:51,1000.0,29.4,S
2021-06-25T11:20:18,800.0,29.5,B
2021-06-25T11:20:03,600.0,29.5,B
2021-06-25T11:19:33,100.0,29.4,S
2021-06-25T11:19:21,500.0,29.4,S
2021-06-25T11:19:15,2100.0,29.4,S
2021-06-25T11:19:01,100.0,29.4,S
2021-06-25T11:18:52,300.0,29.4,S
2021-06-25T11:17:54,7000.0,29.4,S
2021-06-25T11:17:54,200.0,29.5,B
2021-06-25T11:17:02,300.0,29.5,B
2021-06-25T11:16:50,39000.0,29.4,S
2021-06-25T11:16:46,7600.0,29.5,B
2021-06-25T11:16:06,500.0,29.4,S
2021-06-25T11:16:06,300.0,29.4,S
2021-06-25T11:15:46,5000.0,29.4,S
2021-06-25T11:15:42,100.0,29.4,S
2021-06-25T11:15:38,15000.0,29.5,B
2021-06-25T11:15:38,400.0,29.5,B
2021-06-25T11:15:15,500.0,29.4,S
2021-06-25T11:15:02,1500.0,29.5,B
2021-06-25T11:14:37,1000.0,29.5,B
2021-06-25T11:14:35,500.0,29.5,B
2021-06-25T11:14:32,1000.0,29.5,B
2021-06-25T11:14:13,500.0,29.5,B
2021-06-25T11:14:03,1500.0,29.5,B
2021-06-25T11:13:45,10000.0,29.5,B
2021-06-25T11:13:44,300.0,29.5,B
2021-06-25T11:13:36,2500.0,29.5,B
2021-06-25T11:13:00,100.0,29.5,B
2021-06-25T11:12:45,300.0,29.4,S
2021-06-25T11:12:35,400.0,29.4,S
2021-06-25T11:12:32,500.0,29.5,B
2021-06-25T11:12:27,100.0,29.5,B
2021-06-25T11:12:20,500.0,29.5,B
2021-06-25T11:12:09,40500.0,29.4,S
2021-06-25T11:12:02,3600.0,29.4,S
2021-06-25T11:11:50,500.0,29.4,S
2021-06-25T11:11:46,1400.0,29.4,S
2021-06-25T11:11:27,3700.0,29.4,S
2021-06-25T11:11:03,800.0,29.4,S
2021-06-25T11:10:30,100.0,29.4,S
2021-06-25T11:09:54,4000.0,29.4,S
2021-06-25T11:09:33,200.0,29.4,S
2021-06-25T11:09:27,100.0,29.4,S
2021-06-25T11:09:16,2000.0,29.4,S
2021-06-25T11:08:48,500.0,29.5,B
2021-06-25T11:08:27,5000.0,29.4,S
2021-06-25T11:08:25,500.0,29.4,S
2021-06-25T11:08:09,100.0,29.4,S
2021-06-25T11:08:01,2000.0,29.4,S
2021-06-25T11:07:19,49500.0,29.4,S
2021-06-25T11:06:31,100.0,29.5,B
2021-06-25T11:06:14,5200.0,29.5,B
2021-06-25T11:05:58,2000.0,29.5,B
2021-06-25T11:05:57,100.0,29.4,S
2021-06-25T11:05:49,1000.0,29.5,B
2021-06-25T11:05:19,100.0,29.5,B
2021-06-25T11:05:16,1000.0,29.4,S
2021-06-25T11:04:24,200.0,29.5,B
2021-06-25T11:04:22,10000.0,29.4,S
2021-06-25T11:04:20,100.0,29.5,B
2021-06-25T11:03:49,300.0,29.5,B
2021-06-25T11:02:49,4000.0,29.5,B
2021-06-25T11:02:30,1000.0,29.5,B
2021-06-25T11:02:27,500.0,29.5,B
2021-06-25T11:02:18,500.0,29.5,B
2021-06-25T11:02:11,3900.0,29.5,S
2021-06-25T11:01:54,500.0,29.5,S
2021-06-25T11:01:40,18800.0,29.5,S
2021-06-25T11:01:15,500.0,29.4,S
2021-06-25T11:01:14,2000.0,29.4,S
2021-06-25T11:01:10,2500.0,29.4,S
2021-06-25T11:00:50,1500.0,29.4,S
2021-06-25T11:00:49,800.0,29.4,S
2021-06-25T11:00:30,1600.0,29.4,S
2021-06-25T11:00:03,1100.0,29.4,S
2021-06-25T11:00:00,1300.0,29.4,B
2021-06-25T11:00:00,600.0,29.4,B
2021-06-25T10:59:58,1000.0,29.4,B
2021-06-25T10:59:56,2000.0,29.4,B
2021-06-25T10:59:52,5000.0,29.4,B
2021-06-25T10:59:51,1200.0,29.4,B
2021-06-25T10:59:49,5000.0,29.3,S
2021-06-25T10:59:42,6500.0,29.4,B
2021-06-25T10:59:41,200.0,29.4,B
2021-06-25T10:59:35,300.0,29.4,B
2021-06-25T10:59:30,100.0,29.4,B
2021-06-25T10:59:29,7000.0,29.3,S
2021-06-25T10:59:26,8700.0,29.4,B
2021-06-25T10:59:18,4000.0,29.4,S
2021-06-25T10:59:17,77100.0,29.4,S
2021-06-25T10:59:05,1000.0,29.4,S
2021-06-25T10:58:53,1100.0,29.4,S
2021-06-25T10:58:42,100.0,29.5,B
2021-06-25T10:58:41,1000.0,29.5,B
2021-06-25T10:58:41,20700.0,29.6,B
2021-06-25T10:58:38,1000.0,29.5,B
2021-06-25T10:58:35,500.0,29.5,B
2021-06-25T10:58:25,1600.0,29.5,S
2021-06-25T10:58:23,5000.0,29.5,S
2021-06-25T10:58:21,1000.0,29.6,B
2021-06-25T10:58:17,300.0,29.5,S
2021-06-25T10:58:15,300.0,29.6,B
2021-06-25T10:58:12,103800.0,29.5,S
2021-06-25T10:57:56,500.0,29.5,S
2021-06-25T10:57:50,5000.0,29.6,B
2021-06-25T10:57:32,1000.0,29.6,B
2021-06-25T10:57:20,2000.0,29.6,B
2021-06-25T10:56:55,5000.0,29.6,B
2021-06-25T10:56:44,5000.0,29.5,S
2021-06-25T10:56:29,1000.0,29.6,B
2021-06-25T10:56:25,500.0,29.6,B
2021-06-25T10:56:06,1600.0,29.6,B
2021-06-25T10:56:05,100.0,29.5,S
2021-06-25T10:56:05,100.0,29.6,B
2021-06-25T10:55:54,3800.0,29.5,S
2021-06-25T10:55:27,200.0,29.6,B
2021-06-25T10:55:14,800.0,29.6,B
2021-06-25T10:55:13,1000.0,29.6,B
2021-06-25T10:55:02,300.0,29.5,S
2021-06-25T10:55:02,2000.0,29.6,B
2021-06-25T10:54:41,100.0,29.6,B
2021-06-25T10:54:40,100.0,29.5,S
2021-06-25T10:54:39,800.0,29.5,S
2021-06-25T10:54:22,10000.0,29.5,S
2021-06-25T10:54:15,500.0,29.6,B
2021-06-25T10:54:14,61600.0,29.6,S
2021-06-25T10:54:12,500.0,29.7,B
2021-06-25T10:53:38,200.0,29.7,B
2021-06-25T10:53:22,1000.0,29.7,B
2021-06-25T10:53:13,10000.0,29.6,S
2021-06-25T10:53:12,1000.0,29.7,B
2021-06-25T10:53:06,600.0,29.7,B
2021-06-25T10:52:59,3000.0,29.7,B
2021-06-25T10:52:25,2000.0,29.7,B
2021-06-25T10:52:11,500.0,29.6,S
2021-06-25T10:51:53,20000.0,29.6,S
2021-06-25T10:51:28,2000.0,29.6,S
2021-06-25T10:51:21,1000.0,29.7,B
2021-06-25T10:51:14,1500.0,29.7,B
2021-06-25T10:50:55,3000.0,29.7,B
2021-06-25T10:50:54,400.0,29.6,S
2021-06-25T10:50:31,200.0,29.6,S
2021-06-25T10:50:14,500.0,29.6,S
2021-06-25T10:49:47,100.0,29.6,S
2021-06-25T10:49:17,1000.0,29.8,B
2021-06-25T10:48:46,90000.0,29.8,B
2021-06-25T10:48:42,3800.0,29.6,B
2021-06-25T10:48:35,1600.0,29.6,S
2021-06-25T10:48:32,500.0,29.6,S
2021-06-25T10:48:14,50000.0,29.5,S
2021-06-25T10:48:09,10400.0,29.6,B
2021-06-25T10:48:08,2300.0,29.6,B
2021-06-25T10:48:06,10100.0,29.6,B
2021-06-25T10:48:00,1800.0,29.6,B
2021-06-25T10:47:56,12100.0,29.6,B
2021-06-25T10:47:49,1000.0,29.6,B
2021-06-25T10:47:43,1000.0,29.6,B
2021-06-25T10:47:40,10000.0,29.6,B
2021-06-25T10:47:37,1300.0,29.6,B
2021-06-25T10:47:11,1000.0,29.6,B
2021-06-25T10:47:07,1000.0,29.5,S
2021-06-25T10:47:06,300.0,29.5,S
2021-06-25T10:46:35,500.0,29.5,S
2021-06-25T10:46:28,1000.0,29.5,S
2021-06-25T10:46:13,300.0,29.5,S
2021-06-25T10:46:10,22900.0,29.5,B
2021-06-25T10:46:09,500.0,29.4,S
2021-06-25T10:46:06,10000.0,29.5,B
2021-06-25T10:46:01,30100.0,29.4,S
2021-06-25T10:46:00,10000.0,29.5,B
2021-06-25T10:46:00,2000.0,29.4,S
2021-06-25T10:45:59,2000.0,29.5,B
2021-06-25T10:45:20,100.0,29.4,S
2021-06-25T10:45:03,3900.0,29.4,B
2021-06-25T10:44:58,500.0,29.4,B
2021-06-25T10:44:57,10000.0,29.4,B
2021-06-25T10:44:57,2000.0,29.4,B
2021-06-25T10:44:52,20000.0,29.4,B
2021-06-25T10:44:45,30000.0,29.4,B
2021-06-25T10:44:41,1000.0,29.4,B
2021-06-25T10:44:37,10000.0,29.4,B
2021-06-25T10:44:31,300.0,29.4,B
2021-06-25T10:44:29,2000.0,29.3,S
2021-06-25T10:44:29,2000.0,29.3,S
2021-06-25T10:44:21,2000.0,29.3,S
2021-06-25T10:44:18,16000.0,29.3,S
2021-06-25T10:44:18,1000.0,29.4,B
2021-06-25T10:44:17,1200.0,29.4,S
2021-06-25T10:44:12,7000.0,29.4,B
2021-06-25T10:44:10,100.0,29.4,B
2021-06-25T10:44:09,4000.0,29.3,S
2021-06-25T10:44:08,100.0,29.4,B
2021-06-25T10:44:03,7900.0,29.4,S
2021-06-25T10:44:03,200.0,29.4,S
2021-06-25T10:43:58,500.0,29.4,S
2021-06-25T10:43:58,400.0,29.4,S
2021-06-25T10:43:50,200.0,29.4,S
2021-06-25T10:43:47,9500.0,29.4,S
2021-06-25T10:43:42,3000.0,29.4,S
2021-06-25T10:43:35,5000.0,29.4,B
2021-06-25T10:43:31,3700.0,29.3,S
2021-06-25T10:43:30,2300.0,29.4,S
2021-06-25T10:43:23,16000.0,29.4,S
2021-06-25T10:43:13,3000.0,29.4,S
2021-06-25T10:43:11,100.0,29.4,S
2021-06-25T10:43:11,200.0,29.4,S
2021-06-25T10:43:06,8000.0,29.4,S
2021-06-25T10:43:04,5000.0,29.4,S
2021-06-25T10:43:02,500.0,29.4,S
2021-06-25T10:43:00,500.0,29.4,S
2021-06-25T10:42:59,1000.0,29.4,S
2021-06-25T10:42:47,7000.0,29.4,S
2021-06-25T10:42:45,1000.0,29.4,S
2021-06-25T10:42:42,500.0,29.4,S
2021-06-25T10:42:33,300.0,29.4,S
2021-06-25T10:42:30,4700.0,29.4,B
2021-06-25T10:42:30,101000.0,29.3,S
2021-06-25T10:42:29,3000.0,29.4,B
2021-06-25T10:42:28,5000.0,29.4,B
2021-06-25T10:42:26,10000.0,29.4,B
2021-06-25T10:42:25,1000.0,29.4,B
2021-06-25T10:42:23,10000.0,29.4,B
2021-06-25T10:42:19,5000.0,29.4,B
2021-06-25T10:42:18,1000.0,29.3,S
2021-06-25T10:42:14,500.0,29.4,B
2021-06-25T10:42:14,5000.0,29.4,B
2021-06-25T10:42:11,100.0,29.4,B
2021-06-25T10:42:09,1000.0,29.4,B
2021-06-25T10:42:07,5200.0,29.4,B
2021-06-25T10:42:06,1000.0,29.4,B
2021-06-25T10:42:02,24000.0,29.4,S
2021-06-25T10:42:01,10000.0,29.4,S
2021-06-25T10:41:58,6400.0,29.4,S
2021-06-25T10:41:56,500.0,29.4,S
2021-06-25T10:41:48,4000.0,29.4,S
2021-06-25T10:41:38,100.0,29.4,S
2021-06-25T10:41:31,500.0,29.4,S
2021-06-25T10:41:28,1000.0,29.4,S
2021-06-25T10:41:26,200.0,29.4,S
2021-06-25T10:41:16,50000.0,29.4,S
2021-06-25T10:41:11,300.0,29.4,S
2021-06-25T10:41:10,300.0,29.4,S
2021-06-25T10:41:01,5000.0,29.5,B
2021-06-25T10:40:55,500.0,29.4,S
2021-06-25T10:40:53,100.0,29.4,S
2021-06-25T10:40:50,500.0,29.4,S
2021-06-25T10:40:47,200.0,29.4,S
2021-06-25T10:40:41,100.0,29.5,B
2021-06-25T10:40:39,5000.0,29.4,S
2021-06-25T10:40:37,300.0,29.4,S
2021-06-25T10:40:36,300.0,29.4,S
2021-06-25T10:40:34,200.0,29.4,S
2021-06-25T10:40:32,500.0,29.4,S
2021-06-25T10:40:19,100.0,29.4,S
2021-06-25T10:40:12,700.0,29.4,S
2021-06-25T10:40:10,3200.0,29.4,S
2021-06-25T10:40:08,1300.0,29.4,S
2021-06-25T10:40:03,2000.0,29.4,S
2021-06-25T10:40:01,2000.0,29.4,S
2021-06-25T10:39:53,4000.0,29.4,S
2021-06-25T10:39:52,2000.0,29.4,S
2021-06-25T10:39:38,1400.0,29.4,B
2021-06-25T10:39:36,3200.0,29.3,S
2021-06-25T10:39:32,1000.0,29.4,B
2021-06-25T10:39:25,200.0,29.4,B
2021-06-25T10:39:22,500.0,29.4,B
2021-06-25T10:39:21,1100.0,29.4,B
2021-06-25T10:39:20,5000.0,29.3,S
2021-06-25T10:39:19,900.0,29.4,B
2021-06-25T10:39:16,100.0,29.4,B
2021-06-25T10:39:15,900.0,29.4,B
2021-06-25T10:39:15,9100.0,29.4,B
2021-06-25T10:39:14,4500.0,29.3,S
2021-06-25T10:39:13,100.0,29.3,S
2021-06-25T10:39:04,1000.0,29.4,B
2021-06-25T10:39:02,12300.0,29.3,S
2021-06-25T10:38:45,5000.0,29.3,S
2021-06-25T10:38:40,9400.0,29.4,S
2021-06-25T10:38:39,10000.0,29.4,S
2021-06-25T10:38:34,1000.0,29.4,S
2021-06-25T10:38:29,1000.0,29.4,S
2021-06-25T10:38:29,10000.0,29.4,S
2021-06-25T10:38:25,1000.0,29.4,S
2021-06-25T10:38:25,2000.0,29.4,S
2021-06-25T10:38:21,200.0,29.4,S
2021-06-25T10:38:15,200.0,29.4,S
2021-06-25T10:38:10,2000.0,29.4,S
2021-06-25T10:38:04,1000.0,29.4,S
2021-06-25T10:38:01,400.0,29.4,S
2021-06-25T10:37:37,1000.0,29.4,S
2021-06-25T10:37:34,1200.0,29.4,S
2021-06-25T10:37:29,1000.0,29.4,S
2021-06-25T10:37:24,7000.0,29.4,S
2021-06-25T10:37:24,7900.0,29.4,S
2021-06-25T10:37:23,400.0,29.4,S
2021-06-25T10:37:17,2000.0,29.4,S
2021-06-25T10:37:09,900.0,29.4,B
2021-06-25T10:37:08,100.0,29.4,B
2021-06-25T10:37:08,200.0,29.4,B
2021-06-25T10:37:05,1800.0,29.4,S
2021-06-25T10:36:59,2000.0,29.3,S
2021-06-25T10:36:52,11600.0,29.3,S
2021-06-25T10:36:50,8200.0,29.4,B
2021-06-25T10:36:48,2000.0,29.3,S
2021-06-25T10:36:47,500.0,29.3,S
2021-06-25T10:36:45,35100.0,29.3,S
2021-06-25T10:36:42,100.0,29.4,B
2021-06-25T10:36:35,33000.0,29.3,S
2021-06-25T10:36:34,1000.0,29.3,S
2021-06-25T10:36:34,800.0,29.3,S
2021-06-25T10:36:29,1000.0,29.4,B
2021-06-25T10:36:27,3000.0,29.4,B
2021-06-25T10:36:27,2000.0,29.4,B
2021-06-25T10:36:25,200.0,29.4,B
2021-06-25T10:36:19,175800.0,29.4,S
2021-06-25T10:36:19,3000.0,29.4,S
2021-06-25T10:36:13,100.0,29.5,B
2021-06-25T10:36:08,600.0,29.5,B
2021-06-25T10:35:58,300.0,29.5,B
2021-06-25T10:35:49,10000.0,29.5,B
2021-06-25T10:35:40,269700.0,29.5,S
2021-06-25T10:35:16,1000.0,29.5,S
2021-06-25T10:35:08,200.0,29.6,B
2021-06-25T10:34:44,500.0,29.6,B
2021-06-25T10:34:23,2000.0,29.6,B
2021-06-25T10:34:18,1000.0,29.5,S
2021-06-25T10:34:09,500.0,29.6,B
2021-06-25T10:34:08,500.0,29.6,B
2021-06-25T10:33:56,500.0,29.6,B
2021-06-25T10:33:56,6100.0,29.6,B
2021-06-25T10:33:45,500.0,29.6,S
2021-06-25T10:33:41,100.0,29.6,B
2021-06-25T10:33:35,5000.0,29.6,S
2021-06-25T10:33:29,5000.0,29.6,S
2021-06-25T10:33:26,1000.0,29.6,B
2021-06-25T10:33:25,2000.0,29.6,B
2021-06-25T10:33:11,15000.0,29.6,B
2021-06-25T10:33:04,1000.0,29.6,B
2021-06-25T10:33:03,3500.0,29.6,B
2021-06-25T10:32:50,600.0,29.6,B
2021-06-25T10:32:46,300.0,29.6,S
2021-06-25T10:32:36,5000.0,29.6,S
2021-06-25T10:32:32,1000.0,29.6,S
2021-06-25T10:32:23,3100.0,29.6,B
2021-06-25T10:32:17,100.0,29.5,S
2021-06-25T10:32:08,50000.0,29.5,S
2021-06-25T10:32:04,4000.0,29.6,S
2021-06-25T10:31:06,200.0,29.7,B
2021-06-25T10:30:44,2000.0,29.6,S
2021-06-25T10:30:42,7000.0,29.6,S
2021-06-25T10:30:33,5000.0,29.6,S
2021-06-25T10:30:15,26900.0,29.7,B
2021-06-25T10:30:08,7800.0,29.7,B
2021-06-25T10:28:34,500.0,29.7,B
2021-06-25T10:28:32,100.0,29.6,S
2021-06-25T10:28:25,200.0,29.6,S
2021-06-25T10:28:23,500.0,29.6,S
2021-06-25T10:28:22,2000.0,29.6,S
2021-06-25T10:28:14,200.0,29.6,S
2021-06-25T10:28:13,300.0,29.6,S
2021-06-25T10:28:05,200.0,29.6,S
2021-06-25T10:27:55,1000.0,29.6,S
2021-06-25T10:27:15,1600.0,29.6,S
2021-06-25T10:27:10,15300.0,29.6,S
2021-06-25T10:27:07,2000.0,29.6,S
2021-06-25T10:26:45,1000.0,29.6,S
2021-06-25T10:26:19,500.0,29.6,S
2021-06-25T10:26:17,200.0,29.6,S
2021-06-25T10:26:07,100.0,29.6,S
2021-06-25T10:25:45,2100.0,29.6,S
2021-06-25T10:25:31,200.0,29.6,S
2021-06-25T10:25:26,3000.0,29.6,S
2021-06-25T10:25:23,200.0,29.6,S
2021-06-25T10:25:00,1200.0,29.6,S
2021-06-25T10:24:56,500.0,29.6,S
2021-06-25T10:24:52,58000.0,29.6,S
2021-06-25T10:24:42,1200.0,29.6,S
2021-06-25T10:24:07,2000.0,29.6,S
2021-06-25T10:24:01,3600.0,29.6,S
2021-06-25T10:23:36,4000.0,29.6,S
2021-06-25T10:23:31,500.0,29.6,S
2021-06-25T10:23:05,5000.0,29.6,S
2021-06-25T10:22:44,900.0,29.6,S
2021-06-25T10:22:42,500.0,29.7,B
2021-06-25T10:22:37,100.0,29.6,S
2021-06-25T10:22:17,600.0,29.6,S
2021-06-25T10:22:15,2000.0,29.6,S
2021-06-25T10:22:05,1000.0,29.6,S
2021-06-25T10:21:41,200.0,29.6,S
2021-06-25T10:21:07,5000.0,29.6,S
2021-06-25T10:20:51,1000.0,29.7,B
2021-06-25T10:20:40,40000.0,29.6,S
2021-06-25T10:20:15,800.0,29.7,B
2021-06-25T10:20:03,1000.0,29.7,B
2021-06-25T10:20:00,500.0,29.6,S
2021-06-25T10:19:58,1000.0,29.7,B
2021-06-25T10:19:07,1000.0,29.7,B
2021-06-25T10:19:05,2900.0,29.7,S
2021-06-25T10:18:59,30000.0,29.7,S
2021-06-25T10:18:58,500.0,29.7,S
2021-06-25T10:18:53,400.0,29.7,S
2021-06-25T10:18:36,200.0,29.7,S
2021-06-25T10:18:33,400.0,29.7,S
2021-06-25T10:18:31,9700.0,29.7,S
2021-06-25T10:18:28,2000.0,29.7,S
2021-06-25T10:18:26,2000.0,29.7,S
2021-06-25T10:17:56,1000.0,29.7,S
2021-06-25T10:17:56,14400.0,29.7,S
2021-06-25T10:17:49,3100.0,29.7,S
2021-06-25T10:17:45,1000.0,29.7,S
2021-06-25T10:17:41,200.0,29.7,S
2021-06-25T10:17:36,1000.0,29.7,S
2021-06-25T10:17:30,5000.0,29.7,S
2021-06-25T10:17:21,100.0,29.7,S
2021-06-25T10:17:19,100.0,29.7,S
2021-06-25T10:17:17,600.0,29.7,S
2021-06-25T10:16:59,5000.0,29.7,S
2021-06-25T10:16:51,2000.0,29.7,S
2021-06-25T10:16:51,300.0,29.7,S
2021-06-25T10:16:42,3500.0,29.7,S
2021-06-25T10:16:30,100.0,29.7,S
2021-06-25T10:16:21,600.0,29.7,B
2021-06-25T10:16:15,600.0,29.7,S
2021-06-25T10:16:08,400.0,29.7,B
2021-06-25T10:15:56,100.0,29.7,S
2021-06-25T10:15:34,400.0,29.7,B
2021-06-25T10:15:24,10400.0,29.7,S
2021-06-25T10:15:22,100.0,29.7,S
2021-06-25T10:15:17,300.0,29.7,S
2021-06-25T10:14:57,500.0,29.7,S
2021-06-25T10:14:44,200.0,29.7,S
2021-06-25T10:14:41,500.0,29.8,B
2021-06-25T10:14:39,200.0,29.7,S
2021-06-25T10:14:27,500.0,29.7,S
2021-06-25T10:13:54,4900.0,29.7,S
2021-06-25T10:13:10,800.0,29.6,S
2021-06-25T10:12:25,10000.0,29.6,S
2021-06-25T10:12:01,1000.0,29.7,S
2021-06-25T10:11:52,500.0,29.8,B
2021-06-25T10:11:45,100.0,29.7,S
2021-06-25T10:11:14,1500.0,29.7,S
2021-06-25T10:10:53,27600.0,29.7,B
2021-06-25T10:10:41,3000.0,29.7,B
2021-06-25T10:10:39,100.0,29.7,B
2021-06-25T10:10:28,100.0,29.7,B
2021-06-25T10:10:22,100.0,29.7,B
2021-06-25T10:10:20,100.0,29.7,B
2021-06-25T10:10:17,12300.0,29.7,B
2021-06-25T10:10:14,17900.0,29.7,S
2021-06-25T10:10:09,100.0,29.7,S
2021-06-25T10:09:19,4400.0,29.7,B
2021-06-25T10:09:17,100.0,29.7,B
2021-06-25T10:09:09,1200.0,29.7,B
2021-06-25T10:09:00,1000.0,29.7,B
2021-06-25T10:08:50,60000.0,29.7,B
2021-06-25T10:08:31,3500.0,29.6,S
2021-06-25T10:08:06,1000.0,29.6,S
2021-06-25T10:08:04,3200.0,29.6,S
2021-06-25T10:07:37,13000.0,29.6,S
2021-06-25T10:07:30,5000.0,29.6,S
2021-06-25T10:07:14,1000.0,29.6,S
2021-06-25T10:07:11,4100.0,29.6,S
2021-06-25T10:06:41,200.0,29.6,S
2021-06-25T10:06:20,4000.0,29.7,B
2021-06-25T10:06:15,11000.0,29.6,S
2021-06-25T10:05:57,100.0,29.7,B
2021-06-25T10:05:48,19100.0,29.7,B
2021-06-25T10:05:28,200.0,29.7,S
2021-06-25T10:05:25,1000.0,29.7,S
2021-06-25T10:05:18,500.0,29.7,S
2021-06-25T10:05:10,400.0,29.7,S
2021-06-25T10:05:03,2000.0,29.7,S
2021-06-25T10:04:51,100.0,29.7,S
2021-06-25T10:04:34,1900.0,29.6,S
2021-06-25T10:04:25,2000.0,29.7,S
2021-06-25T10:03:14,50000.0,29.7,S
2021-06-25T10:02:37,3400.0,29.7,S
2021-06-25T10:02:36,600.0,29.7,S
2021-06-25T10:02:30,200.0,29.7,S
2021-06-25T10:02:29,1000.0,29.8,B
2021-06-25T10:02:26,1000.0,29.7,S
2021-06-25T10:02:20,100.0,29.7,S
2021-06-25T10:02:14,11500.0,29.7,S
2021-06-25T10:02:12,2000.0,29.7,B
2021-06-25T10:02:03,3300.0,29.7,B
2021-06-25T10:01:59,500.0,29.7,B
2021-06-25T10:01:59,5000.0,29.7,B
2021-06-25T10:01:51,200.0,29.7,B
2021-06-25T10:01:28,28100.0,29.7,S
2021-06-25T10:00:48,100.0,29.7,S
2021-06-25T10:00:27,2000.0,29.7,S
2021-06-25T10:00:16,4000.0,29.7,B
2021-06-25T10:00:05,300.0,29.7,B
2021-06-25T09:59:52,1600.0,29.7,B
2021-06-25T09:59:44,100.0,29.7,B
2021-06-25T09:59:37,100.0,29.6,S
2021-06-25T09:59:36,30000.0,29.7,B
2021-06-25T09:59:14,4600.0,29.6,S
2021-06-25T09:58:59,10000.0,29.6,S
2021-06-25T09:58:46,2000.0,29.6,S
2021-06-25T09:58:36,1500.0,29.6,S
2021-06-25T09:58:27,600.0,29.7,B
2021-06-25T09:58:04,1300.0,29.7,B
2021-06-25T09:58:01,100.0,29.7,B
2021-06-25T09:57:57,500.0,29.7,B
2021-06-25T09:57:43,100.0,29.7,B
2021-06-25T09:57:41,300.0,29.7,B
2021-06-25T09:57:28,200.0,29.7,B
2021-06-25T09:57:25,59400.0,29.7,S
2021-06-25T09:57:09,1000.0,29.7,S
2021-06-25T09:57:02,100.0,29.8,B
2021-06-25T09:56:47,1500.0,29.8,B
2021-06-25T09:56:40,100.0,29.8,B
2021-06-25T09:56:34,3000.0,29.7,S
2021-06-25T09:56:31,300.0,29.8,B
2021-06-25T09:56:19,200.0,29.8,B
2021-06-25T09:56:15,200.0,29.8,B
2021-06-25T09:56:12,300.0,29.7,S
2021-06-25T09:56:03,500.0,29.8,B
2021-06-25T09:55:12,200.0,29.8,B
2021-06-25T09:54:46,200.0,29.8,B
2021-06-25T09:54:43,2000.0,29.7,S
2021-06-25T09:53:52,100.0,29.7,S
2021-06-25T09:53:49,100.0,29.7,S
2021-06-25T09:53:39,100.0,29.7,S
2021-06-25T09:53:16,500.0,29.7,S
2021-06-25T09:52:38,500.0,29.7,S
2021-06-25T09:52:36,100.0,29.7,S
2021-06-25T09:51:49,10000.0,29.7,S
2021-06-25T09:51:28,1000.0,29.8,B
2021-06-25T09:51:25,100.0,29.8,B
2021-06-25T09:51:22,2100.0,29.8,S
2021-06-25T09:51:08,1100.0,29.8,S
2021-06-25T09:50:59,800.0,29.8,S
2021-06-25T09:50:52,3100.0,29.8,S
2021-06-25T09:50:46,100.0,29.8,S
2021-06-25T09:50:32,100.0,29.8,S
2021-06-25T09:50:15,1100.0,29.8,B
2021-06-25T09:49:56,1900.0,29.8,S
2021-06-25T09:49:44,1600.0,29.8,S
2021-06-25T09:49:34,2000.0,29.9,B
2021-06-25T09:49:26,80000.0,29.9,B
2021-06-25T09:49:06,7100.0,29.8,B
2021-06-25T09:49:04,900.0,29.7,S
2021-06-25T09:48:56,3000.0,29.8,B
2021-06-25T09:48:44,3000.0,29.8,B
2021-06-25T09:48:38,5000.0,29.8,B
2021-06-25T09:48:36,100.0,29.8,B
2021-06-25T09:48:18,2000.0,29.8,B
2021-06-25T09:47:57,100.0,29.8,B
2021-06-25T09:47:50,6000.0,29.8,B
2021-06-25T09:47:42,1500.0,29.8,B
2021-06-25T09:47:39,1000.0,29.7,S
2021-06-25T09:47:37,100.0,29.8,B
2021-06-25T09:47:35,500.0,29.7,S
2021-06-25T09:47:29,500.0,29.8,B
2021-06-25T09:47:05,13200.0,29.7,S
2021-06-25T09:47:02,2000.0,29.7,S
2021-06-25T09:46:59,500.0,29.8,B
2021-06-25T09:46:45,5000.0,29.7,S
2021-06-25T09:46:38,200.0,29.8,S
2021-06-25T09:46:36,11900.0,29.8,B
2021-06-25T09:46:35,500.0,29.8,B
2021-06-25T09:46:30,100.0,29.8,B
2021-06-25T09:46:30,5000.0,29.8,B
2021-06-25T09:46:22,1400.0,29.8,B
2021-06-25T09:46:09,1000.0,29.8,B
2021-06-25T09:46:04,200.0,29.8,B
2021-06-25T09:46:02,500.0,29.8,B
2021-06-25T09:46:01,3000.0,29.8,B
2021-06-25T09:45:55,8500.0,29.8,S
2021-06-25T09:45:42,5300.0,29.9,B
2021-06-25T09:45:41,1000.0,29.8,B
2021-06-25T09:45:32,1000.0,29.8,B
2021-06-25T09:45:29,2100.0,29.8,S
2021-06-25T09:45:25,300.0,29.9,B
2021-06-25T09:45:22,50000.0,29.9,B
2021-06-25T09:45:17,1800.0,29.8,B
2021-06-25T09:45:13,100.0,29.8,B
2021-06-25T09:45:10,2300.0,29.8,B
2021-06-25T09:44:40,100.0,29.8,B
2021-06-25T09:44:40,500.0,29.8,B
2021-06-25T09:44:37,1000.0,29.8,B
2021-06-25T09:44:33,44300.0,29.8,B
2021-06-25T09:44:27,5000.0,29.8,S
2021-06-25T09:44:18,100.0,29.8,S
2021-06-25T09:44:14,200.0,29.8,S
2021-06-25T09:43:50,1200.0,29.8,S
2021-06-25T09:43:38,5000.0,29.9,B
2021-06-25T09:43:30,200.0,29.8,S
2021-06-25T09:43:30,300.0,29.9,B
2021-06-25T09:43:12,1000.0,29.9,B
2021-06-25T09:42:23,200.0,30.0,B
2021-06-25T09:42:12,500.0,30.0,B
2021-06-25T09:42:09,20000.0,29.6,S
2021-06-25T09:42:09,100.0,30.0,B
2021-06-25T09:42:08,2000.0,29.9,S
2021-06-25T09:42:08,22700.0,30.0,B
2021-06-25T09:42:07,26000.0,30.0,S
2021-06-25T09:42:05,12000.0,30.0,S
2021-06-25T09:41:55,3000.0,30.1,B
2021-06-25T09:41:52,1500.0,30.1,B
2021-06-25T09:41:50,2500.0,30.1,B
2021-06-25T09:41:46,1500.0,30.1,S
2021-06-25T09:41:41,10000.0,30.1,S
2021-06-25T09:41:40,3700.0,30.1,B
2021-06-25T09:41:39,2000.0,30.1,B
2021-06-25T09:41:34,200.0,30.1,B
2021-06-25T09:41:33,5000.0,30.1,B
2021-06-25T09:41:30,3000.0,30.1,B
2021-06-25T09:41:26,2000.0,30.2,B
2021-06-25T09:41:18,200.0,30.1,S
2021-06-25T09:41:13,500.0,30.1,B
2021-06-25T09:41:13,9800.0,30.1,B
2021-06-25T09:41:10,8500.0,30.1,B
2021-06-25T09:41:08,500.0,30.1,B
2021-06-25T09:41:08,100.0,30.1,B
2021-06-25T09:41:06,500.0,30.1,B
2021-06-25T09:41:06,3100.0,30.1,B
2021-06-25T09:40:52,1000.0,30.1,B
2021-06-25T09:40:52,5000.0,30.1,B
2021-06-25T09:40:46,200.0,30.1,B
2021-06-25T09:40:42,1600.0,30.1,B
2021-06-25T09:40:42,2000.0,30.1,B
2021-06-25T09:40:40,11000.0,30.1,B
2021-06-25T09:40:38,1600.0,30.1,B
2021-06-25T09:40:35,1000.0,30.1,B
2021-06-25T09:40:34,3300.0,30.1,B
2021-06-25T09:40:34,1000.0,30.1,B
2021-06-25T09:40:31,800.0,30.1,B
2021-06-25T09:40:29,300.0,30.1,B
2021-06-25T09:40:25,1300.0,30.1,B
2021-06-25T09:40:19,500.0,30.1,B
2021-06-25T09:40:16,700.0,30.1,B
2021-06-25T09:40:14,1000.0,30.0,S
2021-06-25T09:40:10,2000.0,30.1,B
2021-06-25T09:40:10,500.0,30.1,B
2021-06-25T09:40:09,1000.0,30.1,B
2021-06-25T09:40:06,500.0,30.1,B
2021-06-25T09:40:04,900.0,30.1,B
2021-06-25T09:40:03,5000.0,30.1,B
2021-06-25T09:40:02,2000.0,30.1,B
2021-06-25T09:40:00,1800.0,30.1,B
2021-06-25T09:39:59,5000.0,30.1,B
2021-06-25T09:39:51,6400.0,30.1,B
2021-06-25T09:39:44,200.0,30.0,S
2021-06-25T09:39:43,1000.0,30.0,S
2021-06-25T09:39:41,400.0,30.1,B
2021-06-25T09:39:30,4700.0,30.0,B
2021-06-25T09:39:30,100000.0,30.0,B
2021-06-25T09:39:28,400.0,30.0,B
2021-06-25T09:39:23,1000.0,30.0,B
2021-06-25T09:39:21,1300.0,30.0,B
2021-06-25T09:39:20,3000.0,30.0,B
2021-06-25T09:39:19,3000.0,30.0,B
2021-06-25T09:39:17,1000.0,30.0,B
2021-06-25T09:39:14,5000.0,30.0,B
2021-06-25T09:39:12,2000.0,30.0,B
2021-06-25T09:38:57,10000.0,30.0,B
2021-06-25T09:38:48,7000.0,30.0,B
2021-06-25T09:38:47,1000.0,30.0,B
2021-06-25T09:38:46,1000.0,30.0,B
2021-06-25T09:38:38,300.0,30.0,B
2021-06-25T09:38:36,3600.0,30.0,B
2021-06-25T09:38:33,300.0,30.0,B
2021-06-25T09:38:31,1300.0,30.0,B
2021-06-25T09:38:22,500.0,30.0,B
2021-06-25T09:38:19,25000.0,30.0,B
2021-06-25T09:38:09,87800.0,29.9,B
2021-06-25T09:38:06,800.0,29.8,S
2021-06-25T09:38:05,100.0,29.8,S
2021-06-25T09:37:45,500.0,29.8,S
2021-06-25T09:37:43,500.0,29.8,S
2021-06-25T09:37:41,1000.0,29.8,S
2021-06-25T09:37:34,100.0,29.8,S
2021-06-25T09:37:28,5600.0,29.8,B
2021-06-25T09:37:12,1000.0,29.8,B
2021-06-25T09:37:00,1000.0,29.8,B
2021-06-25T09:36:50,40000.0,29.8,B
2021-06-25T09:36:40,60000.0,29.8,B
2021-06-25T09:36:37,200.0,29.7,S
2021-06-25T09:36:30,100.0,29.7,S
2021-06-25T09:36:21,1000.0,29.7,S
2021-06-25T09:36:10,200.0,29.7,S
2021-06-25T09:35:51,2000.0,29.7,S
2021-06-25T09:35:47,500.0,29.7,S
2021-06-25T09:35:41,2000.0,29.7,S
2021-06-25T09:35:32,18900.0,29.7,B
2021-06-25T09:35:31,400.0,29.7,B
2021-06-25T09:35:27,100.0,29.7,B
2021-06-25T09:35:24,21700.0,29.7,S
2021-06-25T09:35:12,1400.0,29.7,S
2021-06-25T09:34:58,1000.0,29.7,S
2021-06-25T09:34:11,5000.0,29.7,S
2021-06-25T09:34:08,200.0,29.7,S
2021-06-25T09:33:50,1000.0,29.7,S
2021-06-25T09:33:25,500.0,29.7,S
2021-06-25T09:33:10,10000.0,29.7,S
2021-06-25T09:33:02,4300.0,29.7,S
2021-06-25T09:33:00,1000.0,29.8,B
2021-06-25T09:32:57,1100.0,29.7,S
2021-06-25T09:32:48,100.0,29.7,S
2021-06-25T09:32:39,200.0,29.7,S
2021-06-25T09:32:25,1000.0,29.7,S
2021-06-25T09:32:08,2000.0,29.7,S
2021-06-25T09:31:44,100.0,29.8,B
2021-06-25T09:31:27,100.0,29.7,S
2021-06-25T09:31:26,200.0,29.7,S
2021-06-25T09:31:21,500.0,29.7,S
2021-06-25T09:31:08,10000.0,29.7,S
2021-06-25T09:30:53,1000.0,29.7,S
2021-06-25T09:30:48,1000.0,29.7,S
2021-06-25T09:30:48,1800.0,29.7,S
2021-06-25T09:30:40,300.0,29.7,S
2021-06-25T09:30:37,1000.0,29.7,S
2021-06-25T09:30:27,300.0,29.7,S
2021-06-25T09:30:26,300.0,29.7,S
2021-06-25T09:30:23,100.0,29.7,S
2021-06-25T09:30:10,500.0,29.7,S
2021-06-25T09:30:09,1000.0,29.7,S
2021-06-25T09:29:53,1000.0,29.7,S
2021-06-25T09:29:45,100.0,29.7,S
2021-06-25T09:29:36,8900.0,29.7,S
2021-06-25T09:29:33,100.0,29.7,B
2021-06-25T09:29:31,300.0,29.7,B
2021-06-25T09:29:29,100.0,29.7,B
2021-06-25T09:29:24,20000.0,29.7,B
2021-06-25T09:29:20,2000.0,29.7,B
2021-06-25T09:28:59,200.0,29.7,B
2021-06-25T09:28:53,1000.0,29.7,B
2021-06-25T09:28:37,300.0,29.6,S
2021-06-25T09:28:37,100.0,29.7,B
2021-06-25T09:28:29,1000.0,29.7,B
2021-06-25T09:28:28,200.0,29.7,B
2021-06-25T09:28:13,100.0,29.6,S
2021-06-25T09:28:13,2000.0,29.7,B
2021-06-25T09:28:05,600.0,29.6,S
2021-06-25T09:28:02,100.0,29.6,S
2021-06-25T09:27:52,900.0,29.6,S
2021-06-25T09:27:41,2000.0,29.6,S
2021-06-25T09:27:40,100.0,29.6,S
2021-06-25T09:27:38,1600.0,29.6,S
2021-06-25T09:27:31,100.0,29.6,S
2021-06-25T09:27:31,10000.0,29.6,S
2021-06-25T09:27:27,700.0,29.6,S
2021-06-25T09:27:24,2000.0,29.6,S
2021-06-25T09:26:55,10000.0,29.6,S
2021-06-25T09:26:50,3400.0,29.6,S
2021-06-25T09:26:46,500.0,29.6,S
2021-06-25T09:26:38,4000.0,29.6,S
2021-06-25T09:26:30,100.0,29.7,B
2021-06-25T09:26:24,1500.0,29.6,S
2021-06-25T09:26:21,1000.0,29.7,B
2021-06-25T09:26:14,100.0,29.6,S
2021-06-25T09:26:10,100.0,29.6,S
2021-06-25T09:25:56,500.0,29.6,S
2021-06-25T09:25:41,1000.0,29.6,S
2021-06-25T09:25:39,400.0,29.6,S
2021-06-25T09:25:22,300.0,29.6,S
2021-06-25T09:25:15,2000.0,29.6,S
2021-06-25T09:25:01,1000.0,29.6,B
2021-06-25T09:25:01,27000.0,29.6,B
2021-06-25T09:25:00,1000.0,29.6,S
2021-06-25T09:24:56,2900.0,29.6,S
2021-06-25T09:24:54,19100.0,29.6,B
2021-06-25T09:24:51,4400.0,29.6,B
2021-06-25T09:24:37,100.0,29.6,B
2021-06-25T09:24:31,500.0,29.6,B
2021-06-25T09:24:31,1000.0,29.6,B
2021-06-25T09:24:30,300.0,29.6,B
2021-06-25T09:24:25,1000.0,29.6,B
2021-06-25T09:24:22,100.0,29.6,B
2021-06-25T09:24:21,6000.0,29.6,B
2021-06-25T09:24:16,500.0,29.5,S
2021-06-25T09:24:13,9700.0,29.6,B
2021-06-25T09:24:08,58400.0,29.6,S
2021-06-25T09:24:04,10000.0,29.6,S
2021-06-25T09:24:02,2000.0,29.6,S
2021-06-25T09:23:59,9800.0,29.6,S
2021-06-25T09:23:58,500.0,29.6,S
2021-06-25T09:23:50,10000.0,29.6,S
2021-06-25T09:23:28,2000.0,29.6,S
2021-06-25T09:23:20,400.0,29.6,S
2021-06-25T09:23:18,500.0,29.6,S
2021-06-25T09:23:17,1000.0,29.6,S
2021-06-25T09:23:05,4000.0,29.6,S
2021-06-25T09:23:03,9000.0,29.6,S
2021-06-25T09:22:45,600.0,29.6,S
2021-06-25T09:22:40,200.0,29.7,B
2021-06-25T09:22:39,500.0,29.6,S
2021-06-25T09:22:05,1000.0,29.7,B
2021-06-25T09:21:56,2000.0,29.7,B
2021-06-25T09:21:54,200.0,29.7,B
2021-06-25T09:21:42,100.0,29.7,B
2021-06-25T09:21:39,3000.0,29.6,S
2021-06-25T09:21:27,700.0,29.7,S
2021-06-25T09:21:25,9100.0,29.7,B
2021-06-25T09:21:21,3400.0,29.7,S
2021-06-25T09:21:19,3000.0,29.7,S
2021-06-25T09:21:18,500.0,29.7,S
2021-06-25T09:21:13,2000.0,29.7,S
2021-06-25T09:21:08,100.0,29.7,S
2021-06-25T09:21:07,1000.0,29.7,S
2021-06-25T09:20:44,1000.0,29.7,S
2021-06-25T09:20:35,1100.0,29.7,S
2021-06-25T09:20:30,1000.0,29.7,S
2021-06-25T09:20:29,600.0,29.7,S
2021-06-25T09:20:20,3000.0,29.7,S
2021-06-25T09:20:05,3000.0,29.7,S
2021-06-25T09:20:03,400.0,29.7,S
2021-06-25T09:20:03,2000.0,29.7,S
2021-06-25T09:19:57,300.0,29.7,S
2021-06-25T09:19:55,100.0,29.7,S
2021-06-25T09:19:54,400.0,29.7,S
2021-06-25T09:19:46,800.0,29.7,S
2021-06-25T09:19:37,9200.0,29.7,S
2021-06-25T09:19:37,100.0,29.7,S
2021-06-25T09:19:32,4000.0,29.7,S
2021-06-25T09:19:32,10000.0,29.7,S
2021-06-25T09:19:18,1000.0,29.7,S
2021-06-25T09:19:15,3000.0,29.7,S
2021-06-25T09:19:15,1000.0,29.7,S
2021-06-25T09:19:12,100.0,29.7,S
2021-06-25T09:19:11,500.0,29.7,S
2021-06-25T09:19:07,1000.0,29.7,S
2021-06-25T09:19:05,10000.0,29.7,S
2021-06-25T09:19:03,5000.0,29.7,S
2021-06-25T09:18:56,4000.0,29.7,S
2021-06-25T09:18:53,1000.0,29.7,S
2021-06-25T09:18:33,2000.0,29.7,S
2021-06-25T09:18:27,20000.0,29.7,S
2021-06-25T09:18:19,5000.0,29.8,B
2021-06-25T09:18:18,100.0,29.8,B
2021-06-25T09:18:15,300.0,29.8,B
2021-06-25T09:18:11,1000.0,29.8,B
2021-06-25T09:18:08,2000.0,29.7,S
2021-06-25T09:17:59,5400.0,29.8,S
2021-06-25T09:17:58,10300.0,29.8,S
2021-06-25T09:17:54,6300.0,29.9,B
2021-06-25T09:17:52,1000.0,29.8,S
2021-06-25T09:17:50,5500.0,29.8,S
2021-06-25T09:17:48,3200.0,29.8,S
2021-06-25T09:17:45,500.0,29.8,S
2021-06-25T09:17:45,400.0,29.8,S
2021-06-25T09:17:45,2000.0,29.8,S
2021-06-25T09:17:40,1000.0,29.8,S
2021-06-25T09:17:34,6000.0,29.8,S
2021-06-25T09:17:32,500.0,29.8,S
2021-06-25T09:17:31,11200.0,29.8,S
2021-06-25T09:17:29,1800.0,29.8,S
2021-06-25T09:17:20,20000.0,29.8,S
2021-06-25T09:17:14,1000.0,29.8,S
2021-06-25T09:17:13,1000.0,29.8,S
2021-06-25T09:17:09,100.0,29.9,B
2021-06-25T09:17:08,6000.0,29.8,S
2021-06-25T09:17:01,1000.0,29.8,S
2021-06-25T09:17:00,19000.0,29.8,S
2021-06-25T09:16:59,2400.0,29.8,S
2021-06-25T09:16:49,1000.0,29.8,S
2021-06-25T09:16:46,600.0,29.8,S
2021-06-25T09:16:42,1000.0,29.8,S
2021-06-25T09:16:40,800.0,29.8,S
2021-06-25T09:16:35,1000.0,29.8,S
2021-06-25T09:16:35,300.0,29.8,S
2021-06-25T09:16:31,3000.0,29.8,S
2021-06-25T09:16:30,1000.0,29.8,S
2021-06-25T09:16:27,6000.0,29.8,S
2021-06-25T09:16:04,200.0,29.8,S
2021-06-25T09:15:55,16300.0,29.9,B
2021-06-25T09:15:45,17900.0,29.9,B
2021-06-25T09:15:34,3000.0,29.8,S
2021-06-25T09:15:26,1000.0,29.9,B
2021-06-25T09:15:21,1000.0,29.8,S
2021-06-25T09:14:50,700.0,29.8,S
2021-06-25T09:14:50,600.0,29.8,S
2021-06-25T09:14:49,100.0,29.9,B
2021-06-25T09:14:45,5000.0,29.9,B
2021-06-25T09:14:29,1000.0,29.9,B
2021-06-25T09:14:28,900.0,29.9,B
2021-06-25T09:14:23,800.0,29.8,S
2021-06-25T09:14:22,2000.0,29.8,S
2021-06-25T09:14:16,2000.0,29.9,B
2021-06-25T09:14:15,3000.0,29.9,B
2021-06-25T09:13:56,600.0,29.9,S
2021-06-25T09:13:56,100.0,29.9,S
2021-06-25T09:13:53,6800.0,29.9,S
2021-06-25T09:13:51,1000.0,29.9,S
2021-06-25T09:13:45,1000.0,29.9,S
2021-06-25T09:13:43,2500.0,29.9,S
2021-06-25T09:13:27,20000.0,29.9,S
2021-06-25T09:13:26,10000.0,29.9,S
2021-06-25T09:13:25,100.0,29.9,S
2021-06-25T09:13:23,10000.0,29.9,S
2021-06-25T09:13:15,10800.0,29.9,B
2021-06-25T09:13:15,500.0,29.9,B
2021-06-25T09:13:14,1000.0,29.8,S
2021-06-25T09:13:13,100.0,29.8,S
2021-06-25T09:13:10,100.0,29.9,B
2021-06-25T09:13:10,2000.0,29.9,B
2021-06-25T09:13:09,5000.0,29.9,B
2021-06-25T09:13:07,18000.0,29.9,B
2021-06-25T09:13:03,500.0,29.8,S
2021-06-25T09:12:53,2000.0,29.8,S
2021-06-25T09:12:33,1000.0,29.8,S
2021-06-25T09:12:29,1000.0,29.8,S
2021-06-25T09:12:12,10000.0,29.8,S
2021-06-25T09:12:04,1000.0,29.8,S
2021-06-25T09:12:03,3000.0,29.8,S
2021-06-25T09:11:56,100.0,29.8,S
2021-06-25T09:11:51,500.0,29.8,S
2021-06-25T09:11:35,200.0,29.8,S
2021-06-25T09:11:26,5500.0,29.8,B
2021-06-25T09:11:26,4500.0,29.8,B
2021-06-25T09:11:14,4000.0,29.8,B
2021-06-25T09:11:10,3000.0,29.7,S
2021-06-25T09:11:04,20000.0,29.8,B
2021-06-25T09:10:54,2000.0,29.7,S
2021-06-25T09:10:51,58900.0,29.7,B
2021-06-25T09:10:47,3000.0,29.7,B
2021-06-25T09:10:40,5000.0,29.7,B
2021-06-25T09:10:39,1000.0,29.6,S
2021-06-25T09:10:24,200.0,29.6,S
2021-06-25T09:10:23,100.0,29.6,S
2021-06-25T09:10:12,3000.0,29.6,S
2021-06-25T09:10:08,1000.0,29.6,S
2021-06-25T09:10:05,3000.0,29.6,S
2021-06-25T09:09:48,400.0,29.6,S
2021-06-25T09:09:47,13500.0,29.6,B
2021-06-25T09:09:43,100.0,29.6,B
2021-06-25T09:09:43,200.0,29.5,S
2021-06-25T09:09:30,200.0,29.6,B
2021-06-25T09:09:29,1000.0,29.5,S
2021-06-25T09:09:28,1400.0,29.6,B
2021-06-25T09:09:22,600.0,29.6,B
2021-06-25T09:09:19,100.0,29.6,B
2021-06-25T09:09:12,28000.0,29.6,B
2021-06-25T09:09:10,500.0,29.6,B
2021-06-25T09:09:09,500.0,29.5,S
2021-06-25T09:09:08,100.0,29.6,B
2021-06-25T09:09:03,3000.0,29.6,B
2021-06-25T09:08:54,200.0,29.6,B
2021-06-25T09:08:52,500.0,29.6,B
2021-06-25T09:08:49,1000.0,29.6,B
2021-06-25T09:08:45,1300.0,29.6,B
2021-06-25T09:08:26,5000.0,29.6,B
2021-06-25T09:08:25,100.0,29.6,B
2021-06-25T09:08:23,500.0,29.6,B
2021-06-25T09:08:21,1500.0,29.6,B
2021-06-25T09:08:20,400.0,29.6,B
2021-06-25T09:08:18,100.0,29.6,B
2021-06-25T09:08:16,500.0,29.6,B
2021-06-25T09:08:14,100.0,29.6,B
2021-06-25T09:08:11,2000.0,29.6,B
2021-06-25T09:08:07,500.0,29.6,B
2021-06-25T09:08:03,1000.0,29.6,B
2021-06-25T09:08:00,500.0,29.6,B
2021-06-25T09:07:55,2000.0,29.6,B
2021-06-25T09:07:46,1000.0,29.6,B
2021-06-25T09:07:40,100.0,29.6,B
2021-06-25T09:07:34,200.0,29.6,B
2021-06-25T09:07:33,3000.0,29.6,B
2021-06-25T09:07:25,100.0,29.5,S
2021-06-25T09:07:22,2000.0,29.5,S
2021-06-25T09:07:22,2000.0,29.6,B
2021-06-25T09:07:18,100.0,29.6,B
2021-06-25T09:07:17,3000.0,29.6,B
2021-06-25T09:07:15,1600.0,29.6,B
2021-06-25T09:07:14,500.0,29.5,S
2021-06-25T09:07:00,100.0,29.6,B
2021-06-25T09:06:56,400.0,29.6,B
2021-06-25T09:06:50,2000.0,29.6,B
2021-06-25T09:06:49,400.0,29.6,B
2021-06-25T09:06:47,500.0,29.6,B
2021-06-25T09:06:35,500.0,29.6,B
2021-06-25T09:06:26,900.0,29.6,B
2021-06-25T09:06:19,1500.0,29.5,S
2021-06-25T09:06:14,500.0,29.6,B
2021-06-25T09:05:58,1700.0,29.6,S
2021-06-25T09:05:36,300.0,29.7,B
2021-06-25T09:05:20,900.0,29.7,B
2021-06-25T09:05:14,1000.0,29.7,B
2021-06-25T09:04:54,500.0,29.6,S
2021-06-25T09:04:50,2000.0,29.5,S
2021-06-25T09:04:49,5000.0,29.5,S
2021-06-25T09:04:44,1000.0,29.7,B
2021-06-25T09:04:31,200.0,29.7,B
2021-06-25T09:04:15,3000.0,29.7,B
2021-06-25T09:04:11,700.0,29.5,S
2021-06-25T09:04:06,300.0,29.7,B
2021-06-25T09:04:00,2000.0,29.7,B
2021-06-25T09:03:54,3800.0,29.6,B
2021-06-25T09:03:54,400.0,29.6,S
2021-06-25T09:03:52,40000.0,29.6,S
2021-06-25T09:03:49,23000.0,29.6,S
2021-06-25T09:03:46,5000.0,29.6,S
2021-06-25T09:03:43,4000.0,29.6,S
2021-06-25T09:03:41,200.0,29.7,B
2021-06-25T09:03:19,200.0,29.7,B
2021-06-25T09:03:05,2300.0,29.7,S
2021-06-25T09:03:03,1100.0,29.7,S
2021-06-25T09:03:00,900.0,29.7,S
2021-06-25T09:02:58,2300.0,29.7,S
2021-06-25T09:02:48,600.0,29.7,S
2021-06-25T09:02:47,500.0,29.7,S
2021-06-25T09:02:35,200.0,29.8,B
2021-06-25T09:02:35,1000.0,29.7,S
2021-06-25T09:02:30,500.0,29.7,S
2021-06-25T09:02:24,1200.0,29.7,S
2021-06-25T09:02:21,100.0,29.8,B
2021-06-25T09:02:13,3000.0,29.7,B
2021-06-25T09:02:02,1000.0,29.8,B
2021-06-25T09:01:58,100.0,29.8,B
2021-06-25T09:01:57,1000.0,29.8,B
2021-06-25T09:01:55,30000.0,29.8,B
2021-06-25T09:01:52,200.0,29.7,B
2021-06-25T09:01:48,100.0,29.6,S
2021-06-25T09:01:44,2700.0,29.7,B
2021-06-25T09:01:36,2000.0,29.8,B
2021-06-25T09:01:35,300.0,29.7,S
2021-06-25T09:01:14,1000.0,29.7,S
2021-06-25T09:01:08,500.0,29.8,B
2021-06-25T09:00:50,6500.0,29.8,S
2021-06-25T09:00:48,8500.0,29.8,B
2021-06-25T09:00:46,6300.0,29.8,S
2021-06-25T09:00:40,100.0,29.9,B
2021-06-25T09:00:40,8700.0,29.8,B
2021-06-25T09:00:38,100.0,29.6,S
2021-06-25T09:00:34,100.0,29.6,S
2021-06-25T09:00:30,100.0,29.6,S
2021-06-25T09:00:28,21700.0,29.8,B
2021-06-25T09:00:28,1100.0,29.8,S
2021-06-25T09:00:28,100.0,29.8,S
2021-06-25T09:00:24,500.0,29.8,S
2021-06-25T09:00:24,200.0,29.8,S
2021-06-25T09:00:20,200.0,29.8,S
2021-06-25T09:00:10,100.0,29.8,S
2021-06-25T09:00:10,2100.0,29.8,B
2021-06-25T09:00:10,20200.0,29.8,B
