tradingTime,volume,price,side
2021-06-25T14:29:50,1000.0,43.3,B
2021-06-25T14:29:49,200.0,43.3,B
2021-06-25T14:29:44,1000.0,43.3,B
2021-06-25T14:29:43,100.0,43.3,B
2021-06-25T14:29:42,5000.0,43.3,B
2021-06-25T14:29:39,100.0,43.3,B
2021-06-25T14:29:39,100.0,43.3,B
2021-06-25T14:29:38,3000.0,43.3,B
2021-06-25T14:29:37,5000.0,43.3,B
2021-06-25T14:29:37,100.0,43.3,B
2021-06-25T14:29:29,100.0,43.3,B
2021-06-25T14:29:27,1800.0,43.3,B
2021-06-25T14:29:25,100.0,43.2,S
2021-06-25T14:29:24,200.0,43.3,B
2021-06-25T14:29:24,14000.0,43.3,B
2021-06-25T14:29:22,500.0,43.3,B
2021-06-25T14:29:18,400.0,43.3,B
2021-06-25T14:29:17,4000.0,43.3,B
2021-06-25T14:29:15,2000.0,43.3,B
2021-06-25T14:29:14,1200.0,43.3,B
2021-06-25T14:29:12,300.0,43.3,B
2021-06-25T14:29:09,1000.0,43.2,S
2021-06-25T14:29:04,1800.0,43.2,S
2021-06-25T14:29:02,4000.0,43.3,B
2021-06-25T14:28:58,200.0,43.3,B
2021-06-25T14:28:56,10000.0,43.2,S
2021-06-25T14:28:55,30000.0,43.3,B
2021-06-25T14:28:53,100.0,43.2,S
2021-06-25T14:28:49,300.0,43.3,B
2021-06-25T14:28:45,2000.0,43.2,S
2021-06-25T14:28:43,400.0,43.2,S
2021-06-25T14:28:41,100.0,43.2,S
2021-06-25T14:28:37,11400.0,43.2,S
2021-06-25T14:28:23,300.0,43.2,S
2021-06-25T14:28:20,2000.0,43.2,S
2021-06-25T14:28:06,100.0,43.2,S
2021-06-25T14:27:59,1000.0,43.2,S
2021-06-25T14:27:57,600.0,43.3,B
2021-06-25T14:27:55,500.0,43.2,S
2021-06-25T14:27:48,500.0,43.2,S
2021-06-25T14:27:47,1000.0,43.3,B
2021-06-25T14:27:40,700.0,43.2,S
2021-06-25T14:27:38,5300.0,43.2,B
2021-06-25T14:27:37,500.0,43.2,B
2021-06-25T14:27:36,500.0,43.2,B
2021-06-25T14:27:33,200.0,43.2,B
2021-06-25T14:27:29,200.0,43.2,B
2021-06-25T14:27:29,200.0,43.2,B
2021-06-25T14:27:28,700.0,43.2,B
2021-06-25T14:27:28,200.0,43.2,B
2021-06-25T14:27:27,500.0,43.2,B
2021-06-25T14:27:26,1300.0,43.2,B
2021-06-25T14:27:25,300.0,43.2,B
2021-06-25T14:27:20,1000.0,43.2,B
2021-06-25T14:27:20,300.0,43.2,B
2021-06-25T14:27:17,300.0,43.2,B
2021-06-25T14:27:17,600.0,43.2,B
2021-06-25T14:27:17,500.0,43.2,B
2021-06-25T14:27:16,200.0,43.2,B
2021-06-25T14:27:15,2000.0,43.2,B
2021-06-25T14:27:12,2000.0,43.2,B
2021-06-25T14:27:11,500.0,43.2,B
2021-06-25T14:27:09,500.0,43.2,B
2021-06-25T14:27:07,500.0,43.2,B
2021-06-25T14:27:04,1000.0,43.2,B
2021-06-25T14:27:04,100.0,43.2,B
2021-06-25T14:27:03,300.0,43.2,B
2021-06-25T14:27:00,5000.0,43.2,B
2021-06-25T14:26:59,100.0,43.2,B
2021-06-25T14:26:57,1100.0,43.2,B
2021-06-25T14:26:55,300.0,43.2,B
2021-06-25T14:26:53,100.0,43.2,B
2021-06-25T14:26:52,800.0,43.2,B
2021-06-25T14:26:52,400.0,43.2,B
2021-06-25T14:26:51,300.0,43.2,B
2021-06-25T14:26:47,300.0,43.2,B
2021-06-25T14:26:46,500.0,43.2,B
2021-06-25T14:26:43,500.0,43.2,B
2021-06-25T14:26:42,2000.0,43.2,B
2021-06-25T14:26:40,1300.0,43.2,B
2021-06-25T14:26:32,200.0,43.2,B
2021-06-25T14:26:30,1500.0,43.2,B
2021-06-25T14:26:28,200.0,43.2,B
2021-06-25T14:26:27,1000.0,43.2,B
2021-06-25T14:26:22,1000.0,43.2,B
2021-06-25T14:26:18,100.0,43.2,B
2021-06-25T14:26:16,100.0,43.2,B
2021-06-25T14:26:10,300.0,43.2,B
2021-06-25T14:26:09,1000.0,43.2,B
2021-06-25T14:26:09,400.0,43.2,B
2021-06-25T14:26:05,700.0,43.2,B
2021-06-25T14:26:04,1000.0,43.2,B
2021-06-25T14:26:03,300.0,43.2,B
2021-06-25T14:26:00,5000.0,43.2,B
2021-06-25T14:25:59,400.0,43.2,B
2021-06-25T14:25:56,42400.0,43.2,B
2021-06-25T14:25:54,500.0,43.2,B
2021-06-25T14:25:54,100.0,43.2,B
2021-06-25T14:25:42,200.0,43.2,B
2021-06-25T14:25:36,200.0,43.2,B
2021-06-25T14:25:32,500.0,43.2,B
2021-06-25T14:25:31,100.0,43.2,B
2021-06-25T14:25:29,100.0,43.2,B
2021-06-25T14:25:22,200.0,43.2,B
2021-06-25T14:25:20,500.0,43.2,B
2021-06-25T14:25:18,100.0,43.2,B
2021-06-25T14:25:14,400.0,43.2,B
2021-06-25T14:25:12,200.0,43.1,S
2021-06-25T14:25:09,100.0,43.2,B
2021-06-25T14:24:59,400.0,43.2,B
2021-06-25T14:24:54,100.0,43.2,B
2021-06-25T14:24:53,1600.0,43.2,B
2021-06-25T14:24:52,500.0,43.2,B
2021-06-25T14:24:43,1000.0,43.2,B
2021-06-25T14:24:42,2700.0,43.2,B
2021-06-25T14:24:39,1500.0,43.1,S
2021-06-25T14:24:31,100.0,43.2,B
2021-06-25T14:24:29,1000.0,43.2,B
2021-06-25T14:24:28,1000.0,43.2,B
2021-06-25T14:24:27,100.0,43.2,B
2021-06-25T14:24:24,5900.0,43.2,B
2021-06-25T14:24:15,1000.0,43.2,B
2021-06-25T14:24:12,100.0,43.2,B
2021-06-25T14:24:11,600.0,43.2,B
2021-06-25T14:24:07,20000.0,43.2,B
2021-06-25T14:24:01,200.0,43.2,B
2021-06-25T14:24:00,100.0,43.2,B
2021-06-25T14:23:54,100.0,43.2,B
2021-06-25T14:23:51,100.0,43.2,B
2021-06-25T14:23:41,5000.0,43.2,B
2021-06-25T14:23:38,100.0,43.1,S
2021-06-25T14:23:32,100.0,43.2,B
2021-06-25T14:23:29,1000.0,43.1,S
2021-06-25T14:23:28,500.0,43.1,S
2021-06-25T14:23:27,5000.0,43.1,S
2021-06-25T14:23:21,300.0,43.1,S
2021-06-25T14:23:19,200.0,43.1,S
2021-06-25T14:23:18,200.0,43.1,S
2021-06-25T14:23:18,5000.0,43.2,B
2021-06-25T14:23:13,500.0,43.2,B
2021-06-25T14:23:09,2000.0,43.2,B
2021-06-25T14:23:06,700.0,43.2,B
2021-06-25T14:23:05,1000.0,43.2,B
2021-06-25T14:22:57,2000.0,43.2,B
2021-06-25T14:22:49,100.0,43.2,B
2021-06-25T14:22:49,100.0,43.2,B
2021-06-25T14:22:41,1000.0,43.2,B
2021-06-25T14:22:37,100.0,43.2,B
2021-06-25T14:22:37,100.0,43.2,B
2021-06-25T14:22:33,1500.0,43.1,S
2021-06-25T14:22:25,500.0,43.1,S
2021-06-25T14:22:23,100.0,43.2,B
2021-06-25T14:22:21,500.0,43.1,S
2021-06-25T14:22:18,500.0,43.2,B
2021-06-25T14:22:14,100.0,43.1,S
2021-06-25T14:22:04,2000.0,43.2,B
2021-06-25T14:22:03,100.0,43.2,B
2021-06-25T14:21:57,4700.0,43.2,S
2021-06-25T14:21:56,3300.0,43.2,S
2021-06-25T14:21:55,1700.0,43.2,B
2021-06-25T14:21:46,100.0,43.2,S
2021-06-25T14:21:40,100.0,43.2,B
2021-06-25T14:21:39,300.0,43.2,B
2021-06-25T14:21:39,1600.0,43.2,S
2021-06-25T14:21:38,1400.0,43.2,S
2021-06-25T14:21:34,5000.0,43.2,S
2021-06-25T14:21:33,400.0,43.3,B
2021-06-25T14:21:33,4000.0,43.2,S
2021-06-25T14:21:32,4700.0,43.2,S
2021-06-25T14:21:30,4000.0,43.3,B
2021-06-25T14:21:28,3000.0,43.2,S
2021-06-25T14:21:27,11000.0,43.2,S
2021-06-25T14:21:24,500.0,43.3,B
2021-06-25T14:21:19,2000.0,43.2,S
2021-06-25T14:21:13,800.0,43.2,S
2021-06-25T14:21:10,600.0,43.2,S
2021-06-25T14:21:01,5000.0,43.2,S
2021-06-25T14:20:58,500.0,43.3,B
2021-06-25T14:20:54,2400.0,43.3,B
2021-06-25T14:20:53,8000.0,43.3,B
2021-06-25T14:20:50,3000.0,43.3,B
2021-06-25T14:20:44,2000.0,43.3,S
2021-06-25T14:20:44,3000.0,43.3,S
2021-06-25T14:20:43,6900.0,43.3,S
2021-06-25T14:20:42,1000.0,43.3,S
2021-06-25T14:20:41,25000.0,43.3,S
2021-06-25T14:20:40,5000.0,43.3,S
2021-06-25T14:20:39,600.0,43.3,S
2021-06-25T14:20:38,500.0,43.3,S
2021-06-25T14:20:36,1000.0,43.3,S
2021-06-25T14:20:33,1000.0,43.3,S
2021-06-25T14:20:30,5000.0,43.3,S
2021-06-25T14:20:23,100.0,43.3,S
2021-06-25T14:20:22,1500.0,43.3,S
2021-06-25T14:20:21,200.0,43.4,B
2021-06-25T14:20:19,3900.0,43.3,S
2021-06-25T14:20:18,10000.0,43.3,S
2021-06-25T14:20:18,15400.0,43.3,S
2021-06-25T14:20:14,700.0,43.3,S
2021-06-25T14:20:12,1200.0,43.4,B
2021-06-25T14:20:11,30000.0,43.3,S
2021-06-25T14:20:10,400.0,43.3,S
2021-06-25T14:20:04,2000.0,43.3,S
2021-06-25T14:20:04,6500.0,43.3,S
2021-06-25T14:20:03,100.0,43.4,B
2021-06-25T14:20:00,1000.0,43.3,S
2021-06-25T14:19:59,2000.0,43.3,S
2021-06-25T14:19:56,200.0,43.4,B
2021-06-25T14:19:53,2600.0,43.3,S
2021-06-25T14:19:53,600.0,43.4,B
2021-06-25T14:19:51,100.0,43.4,B
2021-06-25T14:19:44,100.0,43.4,B
2021-06-25T14:19:42,200.0,43.4,B
2021-06-25T14:19:41,900.0,43.3,S
2021-06-25T14:19:38,2000.0,43.4,B
2021-06-25T14:19:29,5300.0,43.4,B
2021-06-25T14:19:24,800.0,43.4,B
2021-06-25T14:19:22,100.0,43.3,S
2021-06-25T14:19:16,500.0,43.4,B
2021-06-25T14:19:05,5000.0,43.4,B
2021-06-25T14:19:03,2000.0,43.3,S
2021-06-25T14:18:51,300.0,43.3,S
2021-06-25T14:18:42,34200.0,43.4,S
2021-06-25T14:18:38,10000.0,43.4,S
2021-06-25T14:18:36,1000.0,43.4,S
2021-06-25T14:18:34,8100.0,43.4,S
2021-06-25T14:18:32,5000.0,43.4,S
2021-06-25T14:18:31,1000.0,43.4,S
2021-06-25T14:18:30,100.0,43.4,S
2021-06-25T14:18:24,1500.0,43.5,B
2021-06-25T14:18:23,400.0,43.4,S
2021-06-25T14:18:21,1500.0,43.4,S
2021-06-25T14:18:18,200.0,43.4,S
2021-06-25T14:18:16,2000.0,43.4,S
2021-06-25T14:18:15,600.0,43.4,S
2021-06-25T14:18:14,5000.0,43.4,S
2021-06-25T14:18:06,1000.0,43.4,S
2021-06-25T14:17:58,200.0,43.4,S
2021-06-25T14:17:58,26000.0,43.4,S
2021-06-25T14:17:57,500.0,43.5,B
2021-06-25T14:17:53,100.0,43.4,S
2021-06-25T14:17:53,500.0,43.4,S
2021-06-25T14:17:45,10000.0,43.4,S
2021-06-25T14:17:41,1200.0,43.5,B
2021-06-25T14:17:39,200.0,43.5,B
2021-06-25T14:17:30,500.0,43.4,S
2021-06-25T14:17:27,200.0,43.4,S
2021-06-25T14:17:27,2000.0,43.5,B
2021-06-25T14:17:14,2000.0,43.4,S
2021-06-25T14:17:13,5000.0,43.4,S
2021-06-25T14:17:12,1400.0,43.5,B
2021-06-25T14:17:11,3000.0,43.5,B
2021-06-25T14:17:11,100.0,43.5,B
2021-06-25T14:17:06,500.0,43.5,B
2021-06-25T14:17:05,100.0,43.5,B
2021-06-25T14:17:01,7000.0,43.5,B
2021-06-25T14:16:58,300.0,43.4,S
2021-06-25T14:16:56,500.0,43.5,B
2021-06-25T14:16:55,1500.0,43.5,B
2021-06-25T14:16:54,500.0,43.4,S
2021-06-25T14:16:52,800.0,43.5,B
2021-06-25T14:16:47,100.0,43.4,S
2021-06-25T14:16:44,300.0,43.5,B
2021-06-25T14:16:42,700.0,43.5,B
2021-06-25T14:16:31,300.0,43.5,B
2021-06-25T14:16:28,3000.0,43.4,S
2021-06-25T14:16:22,900.0,43.5,B
2021-06-25T14:16:22,1200.0,43.5,B
2021-06-25T14:16:15,100.0,43.5,B
2021-06-25T14:16:07,500.0,43.5,B
2021-06-25T14:16:05,1000.0,43.5,B
2021-06-25T14:16:03,300.0,43.5,B
2021-06-25T14:15:56,5100.0,43.5,B
2021-06-25T14:15:53,5000.0,43.5,B
2021-06-25T14:15:49,2000.0,43.4,S
2021-06-25T14:15:48,1500.0,43.5,B
2021-06-25T14:15:47,5100.0,43.5,B
2021-06-25T14:15:45,300.0,43.5,B
2021-06-25T14:15:44,8500.0,43.4,S
2021-06-25T14:15:44,500.0,43.4,S
2021-06-25T14:15:43,200.0,43.5,B
2021-06-25T14:15:41,900.0,43.5,B
2021-06-25T14:15:30,3000.0,43.5,B
2021-06-25T14:15:28,3000.0,43.5,B
2021-06-25T14:15:25,1200.0,43.5,B
2021-06-25T14:15:24,800.0,43.5,B
2021-06-25T14:15:22,100.0,43.5,B
2021-06-25T14:15:17,200.0,43.4,S
2021-06-25T14:15:12,500.0,43.4,S
2021-06-25T14:15:11,2000.0,43.5,B
2021-06-25T14:15:09,200.0,43.4,S
2021-06-25T14:15:02,4000.0,43.5,B
2021-06-25T14:15:01,300.0,43.5,B
2021-06-25T14:14:57,1000.0,43.4,S
2021-06-25T14:14:52,1000.0,43.5,B
2021-06-25T14:14:49,900.0,43.5,B
2021-06-25T14:14:36,600.0,43.5,B
2021-06-25T14:14:33,500.0,43.4,S
2021-06-25T14:14:32,600.0,43.5,B
2021-06-25T14:14:31,100.0,43.5,B
2021-06-25T14:14:29,1500.0,43.4,S
2021-06-25T14:14:28,5000.0,43.5,B
2021-06-25T14:14:27,400.0,43.5,B
2021-06-25T14:14:26,500.0,43.5,B
2021-06-25T14:14:25,500.0,43.5,B
2021-06-25T14:14:23,300.0,43.4,S
2021-06-25T14:14:20,68000.0,43.5,B
2021-06-25T14:14:18,30000.0,43.4,S
2021-06-25T14:14:16,500.0,43.5,B
2021-06-25T14:14:01,2100.0,43.5,B
2021-06-25T14:14:00,1000.0,43.5,B
2021-06-25T14:13:59,300.0,43.5,B
2021-06-25T14:13:58,1000.0,43.5,B
2021-06-25T14:13:56,500.0,43.5,B
2021-06-25T14:13:53,6600.0,43.5,B
2021-06-25T14:13:51,2000.0,43.4,S
2021-06-25T14:13:51,400.0,43.5,B
2021-06-25T14:13:41,100.0,43.4,S
2021-06-25T14:13:37,600.0,43.5,B
2021-06-25T14:13:36,100.0,43.4,S
2021-06-25T14:13:35,2200.0,43.5,B
2021-06-25T14:13:33,200.0,43.5,B
2021-06-25T14:13:32,1000.0,43.5,B
2021-06-25T14:13:31,500.0,43.5,B
2021-06-25T14:13:30,600.0,43.5,B
2021-06-25T14:13:25,1000.0,43.5,B
2021-06-25T14:13:25,2000.0,43.5,B
2021-06-25T14:13:22,500.0,43.5,B
2021-06-25T14:13:19,100.0,43.5,B
2021-06-25T14:13:14,200.0,43.5,B
2021-06-25T14:13:09,1900.0,43.5,B
2021-06-25T14:13:05,3800.0,43.5,B
2021-06-25T14:13:04,1000.0,43.5,B
2021-06-25T14:13:00,800.0,43.5,B
2021-06-25T14:12:58,100.0,43.5,B
2021-06-25T14:12:54,2000.0,43.5,B
2021-06-25T14:12:51,200.0,43.5,B
2021-06-25T14:12:50,500.0,43.5,B
2021-06-25T14:12:45,1000.0,43.5,B
2021-06-25T14:12:44,1000.0,43.4,S
2021-06-25T14:12:38,200.0,43.4,S
2021-06-25T14:12:37,1700.0,43.4,S
2021-06-25T14:12:34,1000.0,43.4,S
2021-06-25T14:12:32,1200.0,43.5,B
2021-06-25T14:12:30,200.0,43.4,S
2021-06-25T14:12:27,1000.0,43.4,S
2021-06-25T14:12:24,400.0,43.5,B
2021-06-25T14:12:23,300.0,43.4,S
2021-06-25T14:12:21,200.0,43.4,S
2021-06-25T14:12:20,2000.0,43.4,S
2021-06-25T14:12:18,2100.0,43.4,S
2021-06-25T14:12:17,100.0,43.4,S
2021-06-25T14:12:08,500.0,43.4,S
2021-06-25T14:12:04,500.0,43.4,S
2021-06-25T14:11:53,1000.0,43.4,S
2021-06-25T14:11:49,2000.0,43.5,B
2021-06-25T14:11:49,200.0,43.5,B
2021-06-25T14:11:40,100.0,43.4,S
2021-06-25T14:11:32,3000.0,43.4,S
2021-06-25T14:11:29,100.0,43.5,B
2021-06-25T14:11:28,100.0,43.4,S
2021-06-25T14:11:20,3000.0,43.4,S
2021-06-25T14:11:12,200.0,43.4,S
2021-06-25T14:11:09,500.0,43.4,S
2021-06-25T14:11:07,1000.0,43.5,B
2021-06-25T14:11:01,100.0,43.5,B
2021-06-25T14:10:59,500.0,43.5,B
2021-06-25T14:10:57,17800.0,43.4,B
2021-06-25T14:10:57,2000.0,43.4,B
2021-06-25T14:10:56,3000.0,43.4,B
2021-06-25T14:10:55,1500.0,43.4,B
2021-06-25T14:10:54,300.0,43.4,B
2021-06-25T14:10:54,300.0,43.4,B
2021-06-25T14:10:53,900.0,43.4,B
2021-06-25T14:10:52,2000.0,43.4,B
2021-06-25T14:10:52,6500.0,43.4,B
2021-06-25T14:10:51,400.0,43.4,B
2021-06-25T14:10:50,600.0,43.4,B
2021-06-25T14:10:49,6000.0,43.4,B
2021-06-25T14:10:47,2100.0,43.4,B
2021-06-25T14:10:47,19700.0,43.4,B
2021-06-25T14:10:44,4000.0,43.4,B
2021-06-25T14:10:44,500.0,43.4,B
2021-06-25T14:10:43,100.0,43.3,S
2021-06-25T14:10:43,100.0,43.4,B
2021-06-25T14:10:41,3000.0,43.4,B
2021-06-25T14:10:41,1000.0,43.4,B
2021-06-25T14:10:39,5000.0,43.4,B
2021-06-25T14:10:38,5000.0,43.4,B
2021-06-25T14:10:36,500.0,43.4,B
2021-06-25T14:10:36,1100.0,43.4,B
2021-06-25T14:10:35,10000.0,43.4,B
2021-06-25T14:10:30,4600.0,43.4,B
2021-06-25T14:10:29,700.0,43.4,B
2021-06-25T14:10:24,5600.0,43.4,B
2021-06-25T14:10:23,300.0,43.4,B
2021-06-25T14:10:22,100.0,43.4,B
2021-06-25T14:10:19,1000.0,43.3,S
2021-06-25T14:10:17,2700.0,43.4,B
2021-06-25T14:10:13,600.0,43.4,B
2021-06-25T14:10:12,3000.0,43.4,B
2021-06-25T14:10:08,1000.0,43.4,B
2021-06-25T14:10:07,1000.0,43.4,B
2021-06-25T14:10:07,1200.0,43.4,B
2021-06-25T14:10:06,200.0,43.4,B
2021-06-25T14:10:05,200.0,43.3,S
2021-06-25T14:10:04,6200.0,43.4,B
2021-06-25T14:10:00,10000.0,43.4,B
2021-06-25T14:09:58,400.0,43.4,B
2021-06-25T14:09:58,2500.0,43.4,B
2021-06-25T14:09:57,200.0,43.4,B
2021-06-25T14:09:56,1600.0,43.4,B
2021-06-25T14:09:55,1000.0,43.4,B
2021-06-25T14:09:53,10000.0,43.4,B
2021-06-25T14:09:52,2000.0,43.4,B
2021-06-25T14:09:51,3700.0,43.4,B
2021-06-25T14:09:50,1300.0,43.3,S
2021-06-25T14:09:49,400.0,43.4,B
2021-06-25T14:09:47,5200.0,43.4,B
2021-06-25T14:09:41,2000.0,43.4,B
2021-06-25T14:09:39,8000.0,43.4,B
2021-06-25T14:09:37,700.0,43.4,B
2021-06-25T14:09:37,100.0,43.4,B
2021-06-25T14:09:31,300.0,43.4,B
2021-06-25T14:09:29,200.0,43.4,B
2021-06-25T14:09:22,1000.0,43.4,B
2021-06-25T14:09:21,500.0,43.3,S
2021-06-25T14:09:20,500.0,43.4,B
2021-06-25T14:09:19,700.0,43.4,B
2021-06-25T14:09:16,8000.0,43.4,B
2021-06-25T14:09:11,100.0,43.4,B
2021-06-25T14:09:10,1900.0,43.4,B
2021-06-25T14:09:09,200.0,43.4,B
2021-06-25T14:09:08,200.0,43.4,B
2021-06-25T14:09:05,400.0,43.4,B
2021-06-25T14:09:05,700.0,43.4,B
2021-06-25T14:09:02,500.0,43.4,B
2021-06-25T14:09:00,10000.0,43.4,B
2021-06-25T14:08:59,300.0,43.4,B
2021-06-25T14:08:57,700.0,43.4,B
2021-06-25T14:08:55,1600.0,43.4,B
2021-06-25T14:08:54,100.0,43.4,B
2021-06-25T14:08:49,500.0,43.4,B
2021-06-25T14:08:47,11800.0,43.4,B
2021-06-25T14:08:47,2000.0,43.4,B
2021-06-25T14:08:44,1000.0,43.4,B
2021-06-25T14:08:40,300.0,43.4,B
2021-06-25T14:08:39,3900.0,43.4,B
2021-06-25T14:08:38,100.0,43.3,S
2021-06-25T14:08:35,1000.0,43.4,B
2021-06-25T14:08:34,2000.0,43.4,B
2021-06-25T14:08:30,600.0,43.3,S
2021-06-25T14:08:27,1000.0,43.3,S
2021-06-25T14:08:15,500.0,43.4,B
2021-06-25T14:08:14,10000.0,43.3,B
2021-06-25T14:08:13,2000.0,43.3,B
2021-06-25T14:08:13,1700.0,43.3,B
2021-06-25T14:08:11,700.0,43.3,B
2021-06-25T14:08:11,2000.0,43.3,B
2021-06-25T14:08:11,100.0,43.3,B
2021-06-25T14:08:11,1800.0,43.3,B
2021-06-25T14:08:07,200.0,43.3,B
2021-06-25T14:08:06,2000.0,43.3,B
2021-06-25T14:08:05,1700.0,43.3,B
2021-06-25T14:08:05,500.0,43.3,B
2021-06-25T14:08:05,2800.0,43.2,S
2021-06-25T14:08:03,2000.0,43.3,B
2021-06-25T14:08:01,2500.0,43.3,B
2021-06-25T14:07:58,500.0,43.3,B
2021-06-25T14:07:51,3500.0,43.3,B
2021-06-25T14:07:50,8000.0,43.2,S
2021-06-25T14:07:49,500.0,43.3,B
2021-06-25T14:07:48,2000.0,43.3,B
2021-06-25T14:07:46,4000.0,43.3,B
2021-06-25T14:07:46,1500.0,43.3,B
2021-06-25T14:07:45,1500.0,43.3,B
2021-06-25T14:07:44,200.0,43.3,B
2021-06-25T14:07:38,400.0,43.3,B
2021-06-25T14:07:37,3000.0,43.3,B
2021-06-25T14:07:35,200.0,43.3,B
2021-06-25T14:07:34,1000.0,43.2,S
2021-06-25T14:07:34,5000.0,43.3,B
2021-06-25T14:07:33,100.0,43.3,B
2021-06-25T14:07:32,1000.0,43.3,B
2021-06-25T14:07:31,2000.0,43.3,B
2021-06-25T14:07:30,4000.0,43.3,B
2021-06-25T14:07:29,1600.0,43.2,S
2021-06-25T14:07:28,2800.0,43.3,B
2021-06-25T14:07:26,2000.0,43.3,B
2021-06-25T14:07:25,600.0,43.3,B
2021-06-25T14:07:23,1500.0,43.3,B
2021-06-25T14:07:23,1700.0,43.3,B
2021-06-25T14:07:21,100.0,43.3,B
2021-06-25T14:07:20,500.0,43.3,B
2021-06-25T14:07:20,6400.0,43.2,S
2021-06-25T14:07:08,500.0,43.3,B
2021-06-25T14:07:06,31900.0,43.2,B
2021-06-25T14:07:05,9000.0,43.1,S
2021-06-25T14:07:04,200.0,43.2,B
2021-06-25T14:07:04,500.0,43.2,B
2021-06-25T14:07:02,1000.0,43.2,B
2021-06-25T14:07:02,1900.0,43.2,B
2021-06-25T14:07:02,5000.0,43.2,B
2021-06-25T14:06:59,500.0,43.2,B
2021-06-25T14:06:59,300.0,43.2,B
2021-06-25T14:06:58,1000.0,43.2,B
2021-06-25T14:06:58,4100.0,43.2,B
2021-06-25T14:06:56,900.0,43.2,B
2021-06-25T14:06:55,19500.0,43.2,B
2021-06-25T14:06:54,14200.0,43.2,B
2021-06-25T14:06:50,5000.0,43.2,B
2021-06-25T14:06:49,200.0,43.2,B
2021-06-25T14:06:48,5000.0,43.2,B
2021-06-25T14:06:47,1000.0,43.2,B
2021-06-25T14:06:46,3000.0,43.2,B
2021-06-25T14:06:44,1700.0,43.2,B
2021-06-25T14:06:43,300.0,43.2,B
2021-06-25T14:06:41,600.0,43.2,B
2021-06-25T14:06:40,200.0,43.1,S
2021-06-25T14:06:38,5000.0,43.2,B
2021-06-25T14:06:34,500.0,43.1,S
2021-06-25T14:06:30,100.0,43.1,S
2021-06-25T14:06:28,10000.0,43.2,B
2021-06-25T14:06:25,15000.0,43.2,B
2021-06-25T14:06:22,3600.0,43.1,B
2021-06-25T14:06:22,1800.0,43.1,B
2021-06-25T14:06:18,8000.0,43.1,B
2021-06-25T14:06:18,3100.0,43.1,B
2021-06-25T14:06:17,3400.0,43.1,B
2021-06-25T14:06:17,2000.0,43.1,B
2021-06-25T14:06:16,200.0,43.1,B
2021-06-25T14:06:16,2300.0,43.1,B
2021-06-25T14:06:15,600.0,43.1,B
2021-06-25T14:06:15,2200.0,43.1,B
2021-06-25T14:06:13,100.0,43.1,B
2021-06-25T14:06:13,10000.0,43.1,B
2021-06-25T14:06:12,100.0,43.1,B
2021-06-25T14:06:12,5400.0,43.1,B
2021-06-25T14:06:12,5000.0,43.1,B
2021-06-25T14:06:11,1500.0,43.1,B
2021-06-25T14:06:10,400.0,43.1,B
2021-06-25T14:06:10,3900.0,43.1,B
2021-06-25T14:06:07,1000.0,43.1,B
2021-06-25T14:06:07,400.0,43.1,B
2021-06-25T14:06:05,500.0,43.1,B
2021-06-25T14:06:03,3500.0,43.1,B
2021-06-25T14:06:01,33000.0,43.1,B
2021-06-25T14:06:00,10500.0,43.1,B
2021-06-25T14:05:55,500.0,43.0,S
2021-06-25T14:05:52,1200.0,43.1,B
2021-06-25T14:05:48,500.0,43.0,S
2021-06-25T14:05:39,100.0,43.0,S
2021-06-25T14:05:37,2000.0,43.0,S
2021-06-25T14:05:34,500.0,43.0,S
2021-06-25T14:05:32,3000.0,43.0,B
2021-06-25T14:05:31,3000.0,43.0,B
2021-06-25T14:05:29,8500.0,43.0,B
2021-06-25T14:05:29,500.0,43.0,B
2021-06-25T14:05:28,600.0,43.0,B
2021-06-25T14:05:28,5900.0,43.0,B
2021-06-25T14:05:26,20000.0,43.0,B
2021-06-25T14:05:25,10000.0,43.0,B
2021-06-25T14:05:24,100.0,43.0,B
2021-06-25T14:05:23,600.0,43.0,B
2021-06-25T14:05:23,200.0,43.0,B
2021-06-25T14:05:22,10000.0,43.0,B
2021-06-25T14:05:21,2000.0,43.0,B
2021-06-25T14:05:21,5000.0,43.0,B
2021-06-25T14:05:20,2000.0,43.0,B
2021-06-25T14:05:19,10000.0,43.0,B
2021-06-25T14:05:18,500.0,43.0,B
2021-06-25T14:05:17,8000.0,43.0,B
2021-06-25T14:05:15,13000.0,43.0,B
2021-06-25T14:05:13,300.0,43.0,B
2021-06-25T14:05:12,5000.0,43.0,B
2021-06-25T14:05:08,1800.0,43.0,B
2021-06-25T14:05:07,5000.0,43.0,B
2021-06-25T14:05:07,6000.0,43.0,B
2021-06-25T14:05:03,500.0,43.0,B
2021-06-25T14:05:02,9500.0,43.0,B
2021-06-25T14:04:58,600.0,43.0,B
2021-06-25T14:04:53,500.0,43.0,B
2021-06-25T14:04:52,100.0,43.0,B
2021-06-25T14:04:51,10000.0,43.0,B
2021-06-25T14:04:48,400.0,43.0,B
2021-06-25T14:04:47,7700.0,43.0,B
2021-06-25T14:04:45,3000.0,43.0,B
2021-06-25T14:04:42,4000.0,43.0,B
2021-06-25T14:04:39,1000.0,43.0,B
2021-06-25T14:04:38,500.0,43.0,B
2021-06-25T14:04:37,2100.0,43.0,B
2021-06-25T14:04:33,800.0,43.0,B
2021-06-25T14:04:31,800.0,43.0,B
2021-06-25T14:04:27,5000.0,43.0,B
2021-06-25T14:04:27,3000.0,43.0,B
2021-06-25T14:04:23,15000.0,43.0,B
2021-06-25T14:04:21,10000.0,43.0,B
2021-06-25T14:04:18,50000.0,42.9,S
2021-06-25T14:04:17,2900.0,43.0,B
2021-06-25T14:04:17,1500.0,43.0,B
2021-06-25T14:04:16,2000.0,43.0,B
2021-06-25T14:04:14,10000.0,43.0,B
2021-06-25T14:04:12,200.0,43.0,B
2021-06-25T14:04:10,11200.0,43.0,B
2021-06-25T14:04:10,100.0,43.0,B
2021-06-25T14:04:08,2000.0,43.0,B
2021-06-25T14:03:56,19000.0,43.0,B
2021-06-25T14:03:53,1000.0,42.9,S
2021-06-25T14:03:48,2300.0,43.0,B
2021-06-25T14:03:48,10000.0,43.0,B
2021-06-25T14:03:41,500.0,43.0,B
2021-06-25T14:03:40,2000.0,43.0,B
2021-06-25T14:03:36,10000.0,43.0,B
2021-06-25T14:03:32,1000.0,42.9,S
2021-06-25T14:03:31,300.0,43.0,B
2021-06-25T14:03:28,11400.0,43.0,B
2021-06-25T14:03:26,500.0,43.0,B
2021-06-25T14:03:26,100.0,43.0,B
2021-06-25T14:03:23,8000.0,43.0,B
2021-06-25T14:03:22,200.0,43.0,B
2021-06-25T14:03:21,500.0,42.9,S
2021-06-25T14:03:11,10000.0,43.0,B
2021-06-25T14:03:07,3200.0,43.0,B
2021-06-25T14:03:06,100.0,43.0,B
2021-06-25T14:03:04,1000.0,43.0,B
2021-06-25T14:02:57,200.0,43.0,B
2021-06-25T14:02:53,500.0,43.0,B
2021-06-25T14:02:50,1000.0,43.0,B
2021-06-25T14:02:47,1000.0,43.0,B
2021-06-25T14:02:46,900.0,43.0,B
2021-06-25T14:02:44,100.0,43.0,B
2021-06-25T14:02:39,500.0,43.0,B
2021-06-25T14:02:37,1100.0,43.0,B
2021-06-25T14:02:36,100.0,43.0,B
2021-06-25T14:02:22,100.0,43.0,B
2021-06-25T14:02:20,500.0,42.9,S
2021-06-25T14:02:09,400.0,43.0,B
2021-06-25T14:02:08,5000.0,43.0,B
2021-06-25T14:02:03,100.0,43.0,B
2021-06-25T14:01:57,100.0,43.0,B
2021-06-25T14:01:49,100.0,43.0,B
2021-06-25T14:01:45,5000.0,43.0,B
2021-06-25T14:01:38,300.0,43.0,B
2021-06-25T14:01:28,2200.0,43.0,B
2021-06-25T14:01:25,1000.0,43.0,B
2021-06-25T14:01:24,2000.0,43.0,B
2021-06-25T14:01:13,3000.0,43.0,B
2021-06-25T14:01:12,100.0,43.0,B
2021-06-25T14:01:10,5000.0,42.9,S
2021-06-25T14:00:58,1000.0,42.9,S
2021-06-25T14:00:56,2000.0,43.0,B
2021-06-25T14:00:49,3000.0,43.0,B
2021-06-25T14:00:47,500.0,43.0,B
2021-06-25T14:00:09,1100.0,43.0,B
2021-06-25T14:00:01,1000.0,43.0,B
2021-06-25T13:59:50,100.0,43.0,B
2021-06-25T13:59:45,200.0,42.9,S
2021-06-25T13:59:43,1000.0,42.9,S
2021-06-25T13:59:42,3000.0,43.0,B
2021-06-25T13:59:41,500.0,42.9,S
2021-06-25T13:59:39,1100.0,43.0,B
2021-06-25T13:59:21,1400.0,42.9,S
2021-06-25T13:59:15,2100.0,43.0,B
2021-06-25T13:59:13,200.0,43.0,B
2021-06-25T13:59:09,10000.0,43.0,B
2021-06-25T13:59:06,100.0,42.9,S
2021-06-25T13:59:03,100.0,43.0,B
2021-06-25T13:58:59,1000.0,42.9,S
2021-06-25T13:58:49,2000.0,43.0,B
2021-06-25T13:58:42,500.0,43.0,B
2021-06-25T13:58:28,1000.0,43.0,B
2021-06-25T13:58:26,200.0,43.0,B
2021-06-25T13:57:53,1300.0,43.0,B
2021-06-25T13:57:45,2000.0,42.9,S
2021-06-25T13:57:45,1200.0,43.0,B
2021-06-25T13:57:44,200.0,42.9,S
2021-06-25T13:57:33,100.0,42.9,S
2021-06-25T13:57:29,500.0,42.9,S
2021-06-25T13:56:46,200.0,43.0,B
2021-06-25T13:56:42,1000.0,42.9,S
2021-06-25T13:56:32,3900.0,43.0,B
2021-06-25T13:56:20,1300.0,43.0,B
2021-06-25T13:56:17,400.0,43.0,B
2021-06-25T13:56:15,600.0,42.9,S
2021-06-25T13:55:58,500.0,43.0,B
2021-06-25T13:55:53,400.0,43.0,B
2021-06-25T13:55:44,100.0,43.0,B
2021-06-25T13:55:40,1000.0,42.9,S
2021-06-25T13:55:29,100.0,42.9,S
2021-06-25T13:55:23,1000.0,42.9,S
2021-06-25T13:55:03,200.0,42.9,S
2021-06-25T13:54:59,800.0,42.9,S
2021-06-25T13:54:55,900.0,42.9,B
2021-06-25T13:54:53,3000.0,42.9,B
2021-06-25T13:54:51,10000.0,42.9,B
2021-06-25T13:54:49,5000.0,42.9,B
2021-06-25T13:54:48,1000.0,42.9,B
2021-06-25T13:54:44,100.0,42.9,B
2021-06-25T13:54:43,1000.0,42.9,B
2021-06-25T13:54:39,3200.0,42.9,B
2021-06-25T13:54:35,3000.0,42.9,B
2021-06-25T13:54:35,5000.0,42.9,B
2021-06-25T13:54:34,300.0,42.9,B
2021-06-25T13:54:34,1900.0,42.9,B
2021-06-25T13:54:27,2000.0,42.9,B
2021-06-25T13:54:18,900.0,42.9,B
2021-06-25T13:54:18,5200.0,42.9,B
2021-06-25T13:54:15,10000.0,42.9,B
2021-06-25T13:54:15,2000.0,42.9,B
2021-06-25T13:54:11,500.0,42.9,B
2021-06-25T13:54:10,3000.0,42.9,B
2021-06-25T13:54:09,15000.0,42.9,B
2021-06-25T13:54:02,30100.0,42.9,B
2021-06-25T13:53:56,500.0,42.9,B
2021-06-25T13:53:44,4500.0,42.9,B
2021-06-25T13:53:42,4000.0,42.9,B
2021-06-25T13:53:32,200.0,42.9,B
2021-06-25T13:53:27,100.0,42.9,B
2021-06-25T13:53:26,400.0,42.9,B
2021-06-25T13:53:21,200.0,42.9,B
2021-06-25T13:53:16,200.0,42.9,B
2021-06-25T13:53:15,2200.0,42.9,B
2021-06-25T13:53:09,1000.0,42.9,B
2021-06-25T13:52:46,12900.0,42.9,B
2021-06-25T13:52:37,600.0,42.8,S
2021-06-25T13:52:34,1000.0,42.9,B
2021-06-25T13:52:33,100.0,42.9,B
2021-06-25T13:52:27,900.0,42.9,B
2021-06-25T13:52:20,3700.0,42.9,B
2021-06-25T13:52:17,4000.0,42.8,S
2021-06-25T13:51:58,100.0,42.8,S
2021-06-25T13:51:55,1000.0,42.8,S
2021-06-25T13:51:53,5000.0,42.8,S
2021-06-25T13:51:50,31000.0,42.9,B
2021-06-25T13:51:33,4300.0,42.8,S
2021-06-25T13:51:32,5000.0,42.9,B
2021-06-25T13:51:31,500.0,42.9,B
2021-06-25T13:51:29,500.0,42.8,S
2021-06-25T13:51:27,1000.0,42.9,B
2021-06-25T13:51:26,2900.0,42.9,B
2021-06-25T13:51:21,2000.0,42.9,B
2021-06-25T13:51:20,700.0,42.9,B
2021-06-25T13:51:18,500.0,42.9,B
2021-06-25T13:51:17,400.0,42.9,B
2021-06-25T13:51:16,100.0,42.9,B
2021-06-25T13:51:14,10000.0,42.9,B
2021-06-25T13:51:04,5000.0,42.9,B
2021-06-25T13:50:56,100.0,42.9,B
2021-06-25T13:50:51,600.0,42.9,B
2021-06-25T13:50:49,300.0,42.9,B
2021-06-25T13:50:46,5000.0,42.9,B
2021-06-25T13:50:41,2000.0,42.9,B
2021-06-25T13:50:39,1000.0,42.9,B
2021-06-25T13:50:37,2000.0,42.9,B
2021-06-25T13:50:30,100.0,42.9,B
2021-06-25T13:50:30,200.0,42.9,B
2021-06-25T13:50:20,100.0,42.9,B
2021-06-25T13:50:16,2000.0,42.9,B
2021-06-25T13:50:12,100.0,42.9,B
2021-06-25T13:50:11,5000.0,42.9,B
2021-06-25T13:50:06,100.0,42.9,B
2021-06-25T13:49:51,1300.0,42.9,B
2021-06-25T13:49:48,100.0,42.9,B
2021-06-25T13:49:41,2000.0,42.9,B
2021-06-25T13:49:39,200.0,42.8,S
2021-06-25T13:49:36,600.0,42.9,B
2021-06-25T13:49:35,2000.0,42.8,S
2021-06-25T13:49:33,3700.0,42.9,B
2021-06-25T13:49:25,100.0,42.8,S
2021-06-25T13:49:23,5600.0,42.9,B
2021-06-25T13:49:16,1200.0,42.9,B
2021-06-25T13:49:15,3000.0,42.8,S
2021-06-25T13:49:07,1000.0,42.8,S
2021-06-25T13:48:57,1000.0,42.9,B
2021-06-25T13:48:53,100.0,42.9,B
2021-06-25T13:48:31,600.0,42.9,B
2021-06-25T13:48:18,3100.0,42.9,B
2021-06-25T13:48:17,500.0,42.8,S
2021-06-25T13:48:15,100.0,42.9,B
2021-06-25T13:48:14,1200.0,42.9,B
2021-06-25T13:48:10,300.0,42.8,S
2021-06-25T13:48:10,1000.0,42.9,B
2021-06-25T13:48:01,3000.0,42.9,B
2021-06-25T13:47:44,600.0,42.9,B
2021-06-25T13:47:43,300.0,42.9,B
2021-06-25T13:47:37,10000.0,42.8,S
2021-06-25T13:47:29,700.0,42.8,S
2021-06-25T13:47:24,500.0,42.8,S
2021-06-25T13:47:09,100.0,42.9,B
2021-06-25T13:46:52,300.0,42.9,B
2021-06-25T13:46:51,500.0,42.8,S
2021-06-25T13:46:36,1100.0,42.8,S
2021-06-25T13:46:30,100.0,42.8,S
2021-06-25T13:46:24,100.0,42.8,S
2021-06-25T13:46:21,600.0,42.9,B
2021-06-25T13:46:19,200.0,42.9,B
2021-06-25T13:46:03,4600.0,42.8,S
2021-06-25T13:46:00,1000.0,42.9,B
2021-06-25T13:45:56,100.0,42.9,B
2021-06-25T13:45:53,300.0,42.8,S
2021-06-25T13:45:36,300.0,42.9,B
2021-06-25T13:45:32,800.0,42.9,B
2021-06-25T13:45:03,200.0,42.8,S
2021-06-25T13:44:56,100.0,42.9,B
2021-06-25T13:44:48,2700.0,42.8,S
2021-06-25T13:44:45,5000.0,42.8,S
2021-06-25T13:44:24,500.0,42.8,S
2021-06-25T13:44:22,200.0,42.8,S
2021-06-25T13:44:08,500.0,42.8,S
2021-06-25T13:44:05,1000.0,42.9,B
2021-06-25T13:44:05,400.0,42.9,B
2021-06-25T13:43:54,100.0,42.9,B
2021-06-25T13:43:46,10000.0,42.8,S
2021-06-25T13:43:41,800.0,42.9,B
2021-06-25T13:43:35,200.0,42.9,B
2021-06-25T13:43:21,200.0,42.8,S
2021-06-25T13:43:16,100.0,42.8,S
2021-06-25T13:43:13,700.0,42.8,S
2021-06-25T13:43:11,200.0,42.8,S
2021-06-25T13:43:10,100.0,42.9,B
2021-06-25T13:42:50,2000.0,42.8,S
2021-06-25T13:42:47,100.0,42.8,S
2021-06-25T13:42:31,800.0,42.8,S
2021-06-25T13:42:21,1000.0,42.9,B
2021-06-25T13:42:20,100.0,42.9,B
2021-06-25T13:42:12,2500.0,42.9,B
2021-06-25T13:42:07,5100.0,42.9,B
2021-06-25T13:41:53,200.0,42.9,B
2021-06-25T13:41:42,200.0,42.9,B
2021-06-25T13:41:40,500.0,42.8,S
2021-06-25T13:41:39,1000.0,42.8,S
2021-06-25T13:41:28,1000.0,42.8,S
2021-06-25T13:41:22,100.0,42.9,B
2021-06-25T13:41:20,1000.0,42.9,B
2021-06-25T13:41:02,1000.0,42.9,B
2021-06-25T13:41:00,2000.0,42.9,B
2021-06-25T13:40:55,500.0,42.9,B
2021-06-25T13:40:48,6500.0,42.9,B
2021-06-25T13:40:40,100.0,42.9,B
2021-06-25T13:40:38,200.0,42.9,B
2021-06-25T13:40:32,5000.0,42.9,B
2021-06-25T13:40:28,1200.0,42.9,B
2021-06-25T13:40:24,300.0,42.9,B
2021-06-25T13:40:10,500.0,42.9,B
2021-06-25T13:40:07,100.0,42.9,B
2021-06-25T13:39:52,500.0,42.9,B
2021-06-25T13:39:50,100.0,42.8,S
2021-06-25T13:39:40,300.0,42.8,S
2021-06-25T13:39:32,100.0,42.9,B
2021-06-25T13:39:29,200.0,42.9,B
2021-06-25T13:39:23,3500.0,42.9,B
2021-06-25T13:38:50,300.0,42.9,B
2021-06-25T13:38:45,300.0,42.9,B
2021-06-25T13:38:40,200.0,42.9,B
2021-06-25T13:38:34,100.0,42.9,B
2021-06-25T13:38:22,1000.0,42.9,B
2021-06-25T13:38:22,1000.0,42.8,S
2021-06-25T13:38:22,3000.0,42.9,B
2021-06-25T13:38:14,200.0,42.9,B
2021-06-25T13:38:11,3000.0,42.9,B
2021-06-25T13:37:55,3000.0,42.9,B
2021-06-25T13:37:50,4000.0,42.9,B
2021-06-25T13:37:49,2000.0,42.9,B
2021-06-25T13:37:44,100.0,42.9,B
2021-06-25T13:37:32,100.0,42.9,B
2021-06-25T13:37:09,6000.0,42.9,B
2021-06-25T13:36:59,500.0,42.9,B
2021-06-25T13:36:37,100.0,42.9,B
2021-06-25T13:36:34,100.0,42.9,B
2021-06-25T13:36:25,600.0,42.9,B
2021-06-25T13:36:17,200.0,42.8,S
2021-06-25T13:36:10,400.0,42.9,B
2021-06-25T13:36:07,100.0,42.9,B
2021-06-25T13:36:05,700.0,42.8,S
2021-06-25T13:35:59,300.0,42.8,S
2021-06-25T13:35:57,3400.0,42.9,B
2021-06-25T13:35:35,100.0,42.8,S
2021-06-25T13:35:31,5000.0,42.9,B
2021-06-25T13:35:25,2000.0,42.8,S
2021-06-25T13:35:23,1000.0,42.8,S
2021-06-25T13:35:21,1000.0,42.9,B
2021-06-25T13:35:17,100.0,42.8,S
2021-06-25T13:35:14,2000.0,42.8,S
2021-06-25T13:35:09,5000.0,42.9,B
2021-06-25T13:35:04,100.0,42.9,B
2021-06-25T13:34:59,800.0,42.9,B
2021-06-25T13:34:50,100.0,42.8,S
2021-06-25T13:34:39,100.0,42.9,B
2021-06-25T13:34:32,2500.0,42.9,B
2021-06-25T13:34:21,1200.0,42.9,B
2021-06-25T13:34:10,300.0,42.8,S
2021-06-25T13:34:04,3000.0,42.9,B
2021-06-25T13:33:46,5400.0,42.9,B
2021-06-25T13:33:28,100.0,42.9,B
2021-06-25T13:33:27,700.0,42.9,B
2021-06-25T13:33:09,300.0,42.9,B
2021-06-25T13:32:52,200.0,42.8,S
2021-06-25T13:32:36,2000.0,42.9,B
2021-06-25T13:32:34,600.0,42.8,S
2021-06-25T13:32:29,200.0,42.8,S
2021-06-25T13:32:20,500.0,42.8,S
2021-06-25T13:32:18,100.0,42.8,S
2021-06-25T13:32:17,100.0,42.8,S
2021-06-25T13:32:08,200.0,42.8,S
2021-06-25T13:32:05,5000.0,42.9,B
2021-06-25T13:32:03,6500.0,42.9,B
2021-06-25T13:32:00,100.0,42.8,S
2021-06-25T13:31:49,100.0,42.8,S
2021-06-25T13:31:40,10000.0,42.8,S
2021-06-25T13:31:37,1500.0,42.8,S
2021-06-25T13:31:36,100.0,42.8,S
2021-06-25T13:31:35,200.0,42.8,S
2021-06-25T13:31:33,100.0,42.8,S
2021-06-25T13:31:33,100.0,42.8,S
2021-06-25T13:31:12,800.0,42.8,S
2021-06-25T13:31:11,400.0,42.8,S
2021-06-25T13:30:59,500.0,42.8,S
2021-06-25T13:30:52,300.0,42.9,B
2021-06-25T13:30:51,100.0,42.8,S
2021-06-25T13:30:41,500.0,42.9,B
2021-06-25T13:30:27,500.0,42.9,B
2021-06-25T13:30:20,1000.0,42.8,S
2021-06-25T13:30:17,11300.0,42.8,S
2021-06-25T13:30:08,2000.0,42.8,S
2021-06-25T13:30:06,10000.0,42.9,B
2021-06-25T13:30:03,1000.0,42.9,B
2021-06-25T13:30:02,2000.0,42.9,B
2021-06-25T13:29:56,200.0,42.9,B
2021-06-25T13:29:54,3200.0,42.9,B
2021-06-25T13:29:53,1000.0,42.9,B
2021-06-25T13:29:51,1000.0,42.9,B
2021-06-25T13:29:49,700.0,42.9,B
2021-06-25T13:29:49,200.0,42.9,B
2021-06-25T13:29:48,200.0,42.9,B
2021-06-25T13:29:46,300.0,42.9,B
2021-06-25T13:29:41,200.0,42.9,B
2021-06-25T13:29:37,800.0,42.9,B
2021-06-25T13:29:35,5000.0,42.9,B
2021-06-25T13:29:35,5000.0,42.9,B
2021-06-25T13:29:31,10000.0,42.9,B
2021-06-25T13:29:28,100.0,42.9,B
2021-06-25T13:29:24,300.0,42.9,B
2021-06-25T13:29:23,500.0,42.9,B
2021-06-25T13:29:13,5000.0,42.9,B
2021-06-25T13:29:12,800.0,42.9,B
2021-06-25T13:29:11,300.0,42.9,B
2021-06-25T13:29:08,1200.0,42.9,B
2021-06-25T13:29:03,2000.0,42.9,B
2021-06-25T13:29:00,200.0,42.9,B
2021-06-25T13:28:55,900.0,42.9,B
2021-06-25T13:28:51,2000.0,42.9,B
2021-06-25T13:28:45,300.0,42.9,B
2021-06-25T13:28:43,1400.0,42.9,B
2021-06-25T13:28:40,500.0,42.9,B
2021-06-25T13:28:37,300.0,42.9,B
2021-06-25T13:28:29,1000.0,42.9,B
2021-06-25T13:28:27,1000.0,42.9,B
2021-06-25T13:28:23,2000.0,42.9,B
2021-06-25T13:28:23,2400.0,42.9,B
2021-06-25T13:28:22,1000.0,42.9,B
2021-06-25T13:28:11,3000.0,42.9,B
2021-06-25T13:28:10,1000.0,42.8,S
2021-06-25T13:28:03,100.0,42.8,S
2021-06-25T13:27:49,1000.0,42.8,S
2021-06-25T13:27:45,400.0,42.8,S
2021-06-25T13:27:45,300.0,42.8,S
2021-06-25T13:27:43,500.0,42.9,B
2021-06-25T13:27:41,2000.0,42.8,S
2021-06-25T13:27:32,500.0,42.8,S
2021-06-25T13:27:26,1000.0,42.8,S
2021-06-25T13:27:26,100.0,42.8,S
2021-06-25T13:27:25,300.0,42.8,S
2021-06-25T13:27:21,400.0,42.8,S
2021-06-25T13:27:12,100.0,42.8,S
2021-06-25T13:27:11,4000.0,42.8,S
2021-06-25T13:27:09,500.0,42.8,S
2021-06-25T13:27:07,200.0,42.8,S
2021-06-25T13:27:06,5000.0,42.8,S
2021-06-25T13:27:04,400.0,42.8,S
2021-06-25T13:27:00,300.0,42.8,S
2021-06-25T13:26:59,1900.0,42.8,S
2021-06-25T13:26:52,1000.0,42.8,S
2021-06-25T13:26:48,5000.0,42.8,S
2021-06-25T13:26:47,7200.0,42.8,S
2021-06-25T13:26:43,1000.0,42.8,S
2021-06-25T13:26:32,6000.0,42.8,S
2021-06-25T13:26:25,600.0,42.8,S
2021-06-25T13:26:22,100.0,42.8,S
2021-06-25T13:26:18,1000.0,42.8,S
2021-06-25T13:26:17,300.0,42.8,S
2021-06-25T13:26:15,200.0,42.8,S
2021-06-25T13:26:09,3000.0,42.8,S
2021-06-25T13:26:06,200.0,42.8,S
2021-06-25T13:26:02,200.0,42.8,S
2021-06-25T13:25:59,300.0,42.8,S
2021-06-25T13:25:49,500.0,42.8,S
2021-06-25T13:25:44,20000.0,42.8,S
2021-06-25T13:25:42,500.0,42.8,S
2021-06-25T13:25:41,4100.0,42.9,B
2021-06-25T13:25:40,500.0,42.8,S
2021-06-25T13:25:35,2000.0,42.8,S
2021-06-25T13:25:31,4000.0,42.8,S
2021-06-25T13:25:29,600.0,42.8,S
2021-06-25T13:25:25,2000.0,42.8,S
2021-06-25T13:25:21,500.0,42.8,S
2021-06-25T13:25:16,10000.0,42.8,S
2021-06-25T13:25:13,200.0,42.8,S
2021-06-25T13:25:11,4600.0,42.8,S
2021-06-25T13:25:10,2500.0,42.8,S
2021-06-25T13:25:09,200.0,42.8,S
2021-06-25T13:25:09,100.0,42.8,S
2021-06-25T13:25:07,2700.0,42.8,S
2021-06-25T13:25:01,2000.0,42.8,S
2021-06-25T13:24:57,1100.0,42.8,S
2021-06-25T13:24:57,3200.0,42.8,S
2021-06-25T13:24:54,6000.0,42.8,S
2021-06-25T13:24:54,100.0,42.8,S
2021-06-25T13:24:54,500.0,42.8,S
2021-06-25T13:24:52,10000.0,42.8,S
2021-06-25T13:24:51,6000.0,42.8,S
2021-06-25T13:24:47,3000.0,42.8,S
2021-06-25T13:24:46,200.0,42.8,S
2021-06-25T13:24:32,10000.0,42.8,S
2021-06-25T13:24:27,3600.0,42.9,B
2021-06-25T13:24:24,6000.0,42.8,S
2021-06-25T13:24:21,100.0,42.8,S
2021-06-25T13:24:19,15000.0,42.8,S
2021-06-25T13:24:17,200.0,42.8,S
2021-06-25T13:24:15,30000.0,42.8,S
2021-06-25T13:24:05,400.0,42.8,S
2021-06-25T13:23:49,1500.0,42.8,S
2021-06-25T13:23:44,6300.0,42.8,S
2021-06-25T13:23:40,1000.0,42.8,S
2021-06-25T13:23:34,5000.0,42.8,S
2021-06-25T13:23:29,5500.0,42.8,S
2021-06-25T13:23:16,200.0,42.8,S
2021-06-25T13:23:16,2500.0,42.8,S
2021-06-25T13:23:14,300.0,42.9,B
2021-06-25T13:23:13,200.0,42.8,S
2021-06-25T13:22:59,100.0,42.9,B
2021-06-25T13:22:53,5000.0,42.8,S
2021-06-25T13:22:52,100.0,42.9,B
2021-06-25T13:22:45,1000.0,42.8,S
2021-06-25T13:22:42,1000.0,42.8,S
2021-06-25T13:22:41,1200.0,42.8,S
2021-06-25T13:22:38,300.0,42.8,S
2021-06-25T13:22:29,1600.0,42.9,B
2021-06-25T13:22:13,500.0,42.9,B
2021-06-25T13:22:10,100.0,42.8,S
2021-06-25T13:21:50,100.0,42.8,S
2021-06-25T13:21:48,400.0,42.9,B
2021-06-25T13:21:42,6000.0,42.8,S
2021-06-25T13:21:34,5000.0,42.9,B
2021-06-25T13:21:30,10000.0,42.8,S
2021-06-25T13:21:29,3000.0,42.9,B
2021-06-25T13:21:20,5000.0,42.9,B
2021-06-25T13:21:15,48500.0,42.9,B
2021-06-25T13:21:12,500.0,42.8,S
2021-06-25T13:20:47,500.0,42.8,S
2021-06-25T13:20:44,2500.0,42.9,B
2021-06-25T13:20:41,300.0,42.8,S
2021-06-25T13:20:36,1500.0,42.8,S
2021-06-25T13:20:33,100.0,42.8,S
2021-06-25T13:20:25,100.0,42.9,B
2021-06-25T13:20:24,10000.0,42.8,S
2021-06-25T13:20:17,300.0,42.8,S
2021-06-25T13:20:09,1000.0,42.8,S
2021-06-25T13:20:05,500.0,42.8,S
2021-06-25T13:20:04,1800.0,42.8,S
2021-06-25T13:19:57,100.0,42.8,S
2021-06-25T13:19:53,3000.0,42.9,B
2021-06-25T13:19:47,2900.0,42.8,S
2021-06-25T13:19:45,100.0,42.9,B
2021-06-25T13:19:37,100.0,42.8,S
2021-06-25T13:19:32,800.0,42.8,B
2021-06-25T13:19:31,2400.0,42.8,B
2021-06-25T13:19:28,300.0,42.8,B
2021-06-25T13:19:25,1000.0,42.8,B
2021-06-25T13:19:20,1000.0,42.7,S
2021-06-25T13:19:19,1000.0,42.8,B
2021-06-25T13:19:14,100.0,42.8,B
2021-06-25T13:19:11,600.0,42.8,B
2021-06-25T13:19:05,400.0,42.8,B
2021-06-25T13:18:52,100.0,42.8,B
2021-06-25T13:18:50,400.0,42.8,B
2021-06-25T13:18:48,500.0,42.8,B
2021-06-25T13:18:47,100.0,42.8,B
2021-06-25T13:18:45,3000.0,42.8,B
2021-06-25T13:18:43,5000.0,42.8,B
2021-06-25T13:18:42,16000.0,42.7,S
2021-06-25T13:18:41,100.0,42.8,B
2021-06-25T13:18:40,200.0,42.8,B
2021-06-25T13:18:38,100.0,42.8,B
2021-06-25T13:18:29,500.0,42.8,B
2021-06-25T13:18:24,1000.0,42.7,S
2021-06-25T13:18:22,15000.0,42.8,B
2021-06-25T13:18:18,500.0,42.8,B
2021-06-25T13:18:17,100.0,42.8,B
2021-06-25T13:18:16,200.0,42.8,B
2021-06-25T13:18:15,2500.0,42.8,B
2021-06-25T13:18:10,100.0,42.8,B
2021-06-25T13:18:04,100.0,42.8,B
2021-06-25T13:18:03,1000.0,42.8,B
2021-06-25T13:18:02,3000.0,42.8,B
2021-06-25T13:18:01,500.0,42.8,B
2021-06-25T13:18:00,1400.0,42.8,B
2021-06-25T13:17:59,1400.0,42.8,B
2021-06-25T13:17:50,200.0,42.8,B
2021-06-25T13:17:46,500.0,42.8,B
2021-06-25T13:17:40,500.0,42.8,B
2021-06-25T13:17:39,2700.0,42.8,B
2021-06-25T13:17:37,700.0,42.8,B
2021-06-25T13:17:34,5000.0,42.8,S
2021-06-25T13:17:32,100.0,42.9,B
2021-06-25T13:17:31,1000.0,42.9,B
2021-06-25T13:17:26,10000.0,42.9,B
2021-06-25T13:17:23,1000.0,42.9,B
2021-06-25T13:17:23,200.0,42.9,B
2021-06-25T13:17:23,300.0,42.9,B
2021-06-25T13:17:22,1500.0,42.9,B
2021-06-25T13:17:22,10300.0,42.8,S
2021-06-25T13:17:21,4000.0,42.8,S
2021-06-25T13:17:17,1700.0,42.8,S
2021-06-25T13:17:13,4000.0,42.9,B
2021-06-25T13:17:12,100.0,42.9,S
2021-06-25T13:17:11,1000.0,43.0,B
2021-06-25T13:17:07,20000.0,43.0,B
2021-06-25T13:17:05,10000.0,43.0,B
2021-06-25T13:17:04,1000.0,42.9,B
2021-06-25T13:17:03,1000.0,42.9,B
2021-06-25T13:17:01,700.0,42.9,B
2021-06-25T13:16:54,20600.0,42.9,S
2021-06-25T13:16:52,4300.0,43.0,B
2021-06-25T13:16:48,100.0,43.0,B
2021-06-25T13:16:42,500.0,43.0,B
2021-06-25T13:16:40,200.0,43.0,B
2021-06-25T13:16:38,300.0,43.0,B
2021-06-25T13:16:36,200.0,43.0,B
2021-06-25T13:16:35,3300.0,43.0,B
2021-06-25T13:16:31,1000.0,43.0,B
2021-06-25T13:16:29,1000.0,43.0,B
2021-06-25T13:16:28,1000.0,43.0,B
2021-06-25T13:16:27,1000.0,43.0,B
2021-06-25T13:16:24,500.0,43.0,B
2021-06-25T13:16:21,400.0,43.0,B
2021-06-25T13:16:20,2000.0,43.0,B
2021-06-25T13:16:17,300.0,43.0,B
2021-06-25T13:16:11,600.0,43.0,B
2021-06-25T13:16:09,1000.0,43.0,B
2021-06-25T13:16:08,1000.0,43.0,B
2021-06-25T13:15:49,400.0,43.0,B
2021-06-25T13:15:48,2000.0,43.0,B
2021-06-25T13:15:45,6000.0,43.0,B
2021-06-25T13:15:44,1000.0,43.0,B
2021-06-25T13:15:43,500.0,43.0,B
2021-06-25T13:15:39,200.0,43.0,B
2021-06-25T13:15:37,200.0,43.0,B
2021-06-25T13:15:35,900.0,43.0,B
2021-06-25T13:15:35,500.0,43.0,B
2021-06-25T13:15:34,200.0,43.0,B
2021-06-25T13:15:33,200.0,43.0,B
2021-06-25T13:15:31,1000.0,43.0,B
2021-06-25T13:15:30,500.0,43.0,B
2021-06-25T13:15:24,400.0,43.0,S
2021-06-25T13:15:23,100.0,43.1,B
2021-06-25T13:15:21,1700.0,43.0,B
2021-06-25T13:15:21,300.0,43.0,B
2021-06-25T13:15:19,500.0,43.0,B
2021-06-25T13:15:18,2500.0,43.0,S
2021-06-25T13:15:16,500.0,43.0,S
2021-06-25T13:15:15,5000.0,43.0,S
2021-06-25T13:15:14,500.0,43.0,S
2021-06-25T13:15:14,200.0,43.1,B
2021-06-25T13:15:09,100.0,43.0,S
2021-06-25T13:15:08,1700.0,43.0,B
2021-06-25T13:15:07,5000.0,43.0,B
2021-06-25T13:15:06,8100.0,43.0,B
2021-06-25T13:15:05,12700.0,43.0,B
2021-06-25T13:14:59,500.0,43.0,S
2021-06-25T13:14:58,1500.0,43.0,S
2021-06-25T13:14:58,300.0,43.0,B
2021-06-25T13:14:57,100.0,43.0,B
2021-06-25T13:14:57,1500.0,43.0,B
2021-06-25T13:14:56,500.0,43.0,B
2021-06-25T13:14:54,900.0,43.0,B
2021-06-25T13:14:54,10600.0,43.0,B
2021-06-25T13:14:54,2500.0,43.0,B
2021-06-25T13:14:52,3500.0,43.0,B
2021-06-25T13:14:51,500.0,43.0,B
2021-06-25T13:14:51,10000.0,43.0,B
2021-06-25T13:14:49,1800.0,43.0,B
2021-06-25T13:14:48,500.0,43.0,B
2021-06-25T13:14:47,800.0,43.0,B
2021-06-25T13:14:45,100.0,43.0,B
2021-06-25T13:14:42,3000.0,43.0,B
2021-06-25T13:14:41,1300.0,43.0,B
2021-06-25T13:14:38,2000.0,43.0,B
2021-06-25T13:14:37,100.0,43.0,B
2021-06-25T13:14:35,1200.0,43.0,B
2021-06-25T13:14:32,5100.0,43.0,B
2021-06-25T13:14:30,100.0,43.0,B
2021-06-25T13:14:25,400.0,43.0,B
2021-06-25T13:14:17,1900.0,42.9,B
2021-06-25T13:14:12,100.0,42.8,S
2021-06-25T13:14:04,700.0,42.8,B
2021-06-25T13:14:03,1200.0,42.8,B
2021-06-25T13:14:02,400.0,42.8,B
2021-06-25T13:14:01,1500.0,42.8,B
2021-06-25T13:13:56,3000.0,42.8,B
2021-06-25T13:13:55,5000.0,42.7,S
2021-06-25T13:13:52,40600.0,42.7,B
2021-06-25T13:13:52,2000.0,42.7,B
2021-06-25T13:13:49,400.0,42.7,B
2021-06-25T13:13:47,200.0,42.7,B
2021-06-25T13:13:45,100.0,42.7,B
2021-06-25T13:13:43,400.0,42.6,S
2021-06-25T13:13:42,5000.0,42.7,B
2021-06-25T13:13:41,2500.0,42.7,B
2021-06-25T13:13:37,300.0,42.7,B
2021-06-25T13:13:31,2000.0,42.7,B
2021-06-25T13:13:29,1000.0,42.7,B
2021-06-25T13:13:27,3000.0,42.7,B
2021-06-25T13:13:25,2500.0,42.7,B
2021-06-25T13:13:25,100.0,42.6,S
2021-06-25T13:13:25,400.0,42.6,S
2021-06-25T13:13:23,2200.0,42.7,B
2021-06-25T13:13:23,100.0,42.7,B
2021-06-25T13:13:18,3000.0,42.7,B
2021-06-25T13:13:15,5000.0,42.7,B
2021-06-25T13:13:12,400.0,42.6,S
2021-06-25T13:13:12,600.0,42.7,B
2021-06-25T13:13:07,2500.0,42.7,B
2021-06-25T13:13:06,100.0,42.7,B
2021-06-25T13:12:59,400.0,42.7,B
2021-06-25T13:12:56,100.0,42.7,B
2021-06-25T13:12:53,3000.0,42.7,B
2021-06-25T13:12:51,400.0,42.7,B
2021-06-25T13:12:50,1000.0,42.7,B
2021-06-25T13:12:47,1000.0,42.6,S
2021-06-25T13:12:45,400.0,42.6,S
2021-06-25T13:12:45,200.0,42.7,B
2021-06-25T13:12:41,500.0,42.7,B
2021-06-25T13:12:37,100.0,42.7,S
2021-06-25T13:12:34,300.0,42.7,S
2021-06-25T13:12:33,500.0,42.8,B
2021-06-25T13:12:32,1600.0,42.8,B
2021-06-25T13:12:30,11300.0,42.8,S
2021-06-25T13:12:27,2000.0,42.9,B
2021-06-25T13:12:23,1000.0,43.0,B
2021-06-25T13:12:22,1000.0,42.8,S
2021-06-25T13:12:08,200.0,43.0,B
2021-06-25T13:12:07,2100.0,43.0,B
2021-06-25T13:12:07,7000.0,43.0,B
2021-06-25T13:12:04,100.0,43.0,B
2021-06-25T13:12:03,1000.0,42.8,S
2021-06-25T13:12:03,2000.0,43.0,B
2021-06-25T13:12:01,200.0,42.9,B
2021-06-25T13:12:01,4300.0,42.9,S
2021-06-25T13:11:51,4300.0,43.0,S
2021-06-25T13:11:49,1700.0,43.0,S
2021-06-25T13:11:46,200.0,43.0,S
2021-06-25T13:11:39,1500.0,43.0,S
2021-06-25T13:11:37,500.0,43.2,B
2021-06-25T13:11:36,100.0,43.1,S
2021-06-25T13:11:34,400.0,43.1,S
2021-06-25T13:11:32,12000.0,43.0,S
2021-06-25T13:11:31,1000.0,43.2,S
2021-06-25T13:11:27,700.0,43.2,S
2021-06-25T13:11:25,1000.0,43.3,B
2021-06-25T13:11:23,600.0,43.3,B
2021-06-25T13:11:18,40500.0,43.3,B
2021-06-25T13:11:17,5000.0,43.3,B
2021-06-25T13:11:13,900.0,43.3,B
2021-06-25T13:11:12,5000.0,43.3,B
2021-06-25T13:11:11,1300.0,43.3,S
2021-06-25T13:11:10,1000.0,43.4,B
2021-06-25T13:11:08,100.0,43.3,S
2021-06-25T13:11:07,400.0,43.3,B
2021-06-25T13:11:05,2000.0,43.4,B
2021-06-25T13:11:01,100.0,43.3,S
2021-06-25T13:10:59,300.0,43.3,S
2021-06-25T13:10:57,1700.0,43.4,B
2021-06-25T13:10:55,1000.0,43.4,B
2021-06-25T13:10:54,2000.0,43.4,B
2021-06-25T13:10:51,4200.0,43.4,B
2021-06-25T13:10:49,1700.0,43.4,S
2021-06-25T13:10:48,4000.0,43.5,B
2021-06-25T13:10:48,1000.0,43.5,B
2021-06-25T13:10:45,200.0,43.4,S
2021-06-25T13:10:45,1000.0,43.4,S
2021-06-25T13:10:41,100.0,43.4,S
2021-06-25T13:10:37,600.0,43.4,B
2021-06-25T13:10:35,500.0,43.4,B
2021-06-25T13:10:30,1200.0,43.5,B
2021-06-25T13:10:29,22100.0,43.5,B
2021-06-25T13:10:28,10000.0,43.3,S
2021-06-25T13:10:25,1900.0,43.4,B
2021-06-25T13:10:24,100.0,43.4,B
2021-06-25T13:10:23,700.0,43.4,B
2021-06-25T13:10:22,4000.0,43.4,B
2021-06-25T13:10:18,600.0,43.4,B
2021-06-25T13:10:17,7200.0,43.4,B
2021-06-25T13:10:17,200.0,43.4,B
2021-06-25T13:10:12,100.0,43.4,B
2021-06-25T13:10:10,10700.0,43.4,B
2021-06-25T13:10:09,600.0,43.4,B
2021-06-25T13:10:09,3300.0,43.4,B
2021-06-25T13:10:08,2200.0,43.3,S
2021-06-25T13:10:08,1300.0,43.3,S
2021-06-25T13:10:07,100.0,43.3,S
2021-06-25T13:10:06,1000.0,43.4,B
2021-06-25T13:10:01,3900.0,43.4,B
2021-06-25T13:09:58,200.0,43.3,S
2021-06-25T13:09:57,25000.0,43.4,B
2021-06-25T13:09:55,10100.0,43.3,S
2021-06-25T13:09:54,2000.0,43.4,B
2021-06-25T13:09:52,3900.0,43.4,B
2021-06-25T13:09:48,100.0,43.3,S
2021-06-25T13:09:45,200.0,43.3,B
2021-06-25T13:09:45,500.0,43.3,B
2021-06-25T13:09:44,300.0,43.3,S
2021-06-25T13:09:42,200.0,43.3,B
2021-06-25T13:09:41,1100.0,43.3,B
2021-06-25T13:09:41,100.0,43.3,B
2021-06-25T13:09:40,200.0,43.3,B
2021-06-25T13:09:36,500.0,43.3,B
2021-06-25T13:09:36,5000.0,43.3,B
2021-06-25T13:09:35,2000.0,43.2,S
2021-06-25T13:09:34,2300.0,43.3,B
2021-06-25T13:09:32,100.0,43.3,B
2021-06-25T13:09:30,200.0,43.3,B
2021-06-25T13:09:29,1200.0,43.2,S
2021-06-25T13:09:27,500.0,43.3,B
2021-06-25T13:09:24,3300.0,43.3,B
2021-06-25T13:09:23,100.0,43.2,B
2021-06-25T13:09:22,1600.0,43.2,B
2021-06-25T13:09:21,2400.0,43.2,B
2021-06-25T13:09:19,600.0,43.2,B
2021-06-25T13:09:17,2100.0,43.2,B
2021-06-25T13:09:17,6800.0,43.2,B
2021-06-25T13:09:15,5000.0,43.2,B
2021-06-25T13:09:13,300.0,43.2,B
2021-06-25T13:09:12,1000.0,43.1,S
2021-06-25T13:09:09,300.0,43.2,B
2021-06-25T13:09:08,12000.0,43.2,B
2021-06-25T13:09:07,1000.0,43.1,S
2021-06-25T13:09:06,5900.0,43.2,B
2021-06-25T13:09:06,1000.0,43.2,B
2021-06-25T13:09:05,2000.0,43.2,B
2021-06-25T13:09:00,500.0,43.1,S
2021-06-25T13:09:00,5100.0,43.2,B
2021-06-25T13:08:59,1400.0,43.2,B
2021-06-25T13:08:59,1300.0,43.2,B
2021-06-25T13:08:56,400.0,43.2,B
2021-06-25T13:08:55,1500.0,43.1,S
2021-06-25T13:08:54,1000.0,43.2,B
2021-06-25T13:08:49,2100.0,43.1,B
2021-06-25T13:08:47,1000.0,43.1,B
2021-06-25T13:08:46,1400.0,43.1,B
2021-06-25T13:08:42,900.0,43.1,B
2021-06-25T13:08:40,2000.0,43.0,S
2021-06-25T13:08:40,100.0,43.1,B
2021-06-25T13:08:39,1000.0,43.1,B
2021-06-25T13:08:37,900.0,43.1,B
2021-06-25T13:08:36,900.0,43.0,S
2021-06-25T13:08:34,63700.0,43.1,B
2021-06-25T13:08:34,200.0,43.0,B
2021-06-25T13:08:33,2500.0,43.0,B
2021-06-25T13:08:32,10100.0,42.9,S
2021-06-25T13:08:31,2200.0,43.0,B
2021-06-25T13:08:31,1200.0,43.0,B
2021-06-25T13:08:30,1700.0,43.0,B
2021-06-25T13:08:29,20500.0,43.0,B
2021-06-25T13:08:29,100.0,43.0,B
2021-06-25T13:08:28,5800.0,43.0,B
2021-06-25T13:08:27,10000.0,43.0,B
2021-06-25T13:08:26,5800.0,43.0,B
2021-06-25T13:08:25,20000.0,43.0,B
2021-06-25T13:08:25,5500.0,43.0,B
2021-06-25T13:08:24,6600.0,43.0,B
2021-06-25T13:08:24,20000.0,43.0,B
2021-06-25T13:08:23,3000.0,43.0,B
2021-06-25T13:08:22,2900.0,43.0,B
2021-06-25T13:08:21,12500.0,43.0,B
2021-06-25T13:08:20,5500.0,43.0,B
2021-06-25T13:08:19,200.0,43.0,B
2021-06-25T13:08:18,14900.0,43.0,B
2021-06-25T13:08:18,2000.0,43.0,B
2021-06-25T13:08:17,5100.0,43.0,B
2021-06-25T13:08:17,500.0,43.0,B
2021-06-25T13:08:16,2200.0,43.0,B
2021-06-25T13:08:15,500.0,43.0,B
2021-06-25T13:08:13,300.0,43.0,B
2021-06-25T13:08:12,200.0,43.0,B
2021-06-25T13:08:08,5000.0,43.0,B
2021-06-25T13:08:08,500.0,43.0,B
2021-06-25T13:08:06,100.0,43.0,B
2021-06-25T13:08:05,4000.0,43.0,B
2021-06-25T13:08:04,2000.0,43.0,B
2021-06-25T13:08:00,1800.0,43.0,B
2021-06-25T13:08:00,700.0,43.0,B
2021-06-25T13:07:58,1200.0,43.0,B
2021-06-25T13:07:55,29200.0,42.9,B
2021-06-25T13:07:53,6200.0,42.9,B
2021-06-25T13:07:49,700.0,42.9,B
2021-06-25T13:07:47,7500.0,42.9,B
2021-06-25T13:07:47,12500.0,42.9,B
2021-06-25T13:07:41,6300.0,42.8,S
2021-06-25T13:07:41,2000.0,42.8,B
2021-06-25T13:07:40,2000.0,42.8,B
2021-06-25T13:07:39,1000.0,42.8,B
2021-06-25T13:07:38,2500.0,42.8,B
2021-06-25T13:07:38,2000.0,42.8,B
2021-06-25T13:07:38,5000.0,42.8,B
2021-06-25T13:07:37,1000.0,42.8,B
2021-06-25T13:07:37,1900.0,42.8,B
2021-06-25T13:07:36,1000.0,42.8,B
2021-06-25T13:07:35,2000.0,42.8,B
2021-06-25T13:07:33,9600.0,42.8,B
2021-06-25T13:07:31,1800.0,42.8,B
2021-06-25T13:07:31,500.0,42.8,B
2021-06-25T13:07:30,5000.0,42.8,B
2021-06-25T13:07:28,500.0,42.8,B
2021-06-25T13:07:26,33000.0,42.8,B
2021-06-25T13:07:26,3500.0,42.7,B
2021-06-25T13:07:25,37700.0,42.7,B
2021-06-25T13:07:24,1000.0,42.7,B
2021-06-25T13:07:23,1100.0,42.7,B
2021-06-25T13:07:23,500.0,42.7,B
2021-06-25T13:07:22,1000.0,42.7,B
2021-06-25T13:07:22,1000.0,42.7,B
2021-06-25T13:07:21,1000.0,42.7,B
2021-06-25T13:07:20,100.0,42.7,B
2021-06-25T13:07:16,2700.0,42.7,B
2021-06-25T13:07:15,5000.0,42.7,B
2021-06-25T13:07:14,300.0,42.7,B
2021-06-25T13:07:12,8100.0,42.7,B
2021-06-25T13:07:10,300.0,42.7,B
2021-06-25T13:07:09,16500.0,42.6,B
2021-06-25T13:07:09,5400.0,42.6,B
2021-06-25T13:07:09,2400.0,42.6,B
2021-06-25T13:07:07,3000.0,42.6,B
2021-06-25T13:07:07,17000.0,42.6,B
2021-06-25T13:07:06,200.0,42.6,B
2021-06-25T13:07:05,700.0,42.6,B
2021-06-25T13:07:05,1000.0,42.6,B
2021-06-25T13:07:04,3500.0,42.6,B
2021-06-25T13:07:03,5000.0,42.6,B
2021-06-25T13:07:01,2000.0,42.6,B
2021-06-25T13:06:55,1000.0,42.5,S
2021-06-25T13:06:52,700.0,42.5,S
2021-06-25T13:06:52,51500.0,42.5,B
2021-06-25T13:06:51,24000.0,42.5,B
2021-06-25T13:06:51,12500.0,42.5,B
2021-06-25T13:06:50,600.0,42.5,B
2021-06-25T13:06:50,106700.0,42.5,B
2021-06-25T13:06:49,11000.0,42.5,B
2021-06-25T13:06:49,10000.0,42.5,B
2021-06-25T13:06:47,1200.0,42.5,B
2021-06-25T13:06:47,7000.0,42.5,B
2021-06-25T13:06:46,4500.0,42.5,B
2021-06-25T13:06:44,3500.0,42.5,B
2021-06-25T13:06:43,10000.0,42.5,B
2021-06-25T13:06:43,200000.0,42.5,B
2021-06-25T13:06:43,2000.0,42.5,B
2021-06-25T13:06:41,700.0,42.5,B
2021-06-25T13:06:41,20000.0,42.5,B
2021-06-25T13:06:39,10000.0,42.5,B
2021-06-25T13:06:37,800.0,42.5,B
2021-06-25T13:06:37,1100.0,42.5,B
2021-06-25T13:06:34,21800.0,42.5,B
2021-06-25T13:06:33,800.0,42.5,B
2021-06-25T13:06:33,1000.0,42.5,B
2021-06-25T13:06:31,30000.0,42.5,B
2021-06-25T13:06:31,100.0,42.5,B
2021-06-25T13:06:30,10000.0,42.5,B
2021-06-25T13:06:29,7000.0,42.5,B
2021-06-25T13:06:29,400.0,42.5,B
2021-06-25T13:06:28,5900.0,42.5,B
2021-06-25T13:06:27,2000.0,42.5,B
2021-06-25T13:06:27,100.0,42.5,B
2021-06-25T13:06:26,6600.0,42.5,B
2021-06-25T13:06:26,10400.0,42.5,B
2021-06-25T13:06:25,1000.0,42.5,B
2021-06-25T13:06:24,1000.0,42.5,B
2021-06-25T13:06:23,100.0,42.5,B
2021-06-25T13:06:21,10500.0,42.5,B
2021-06-25T13:06:20,30000.0,42.5,B
2021-06-25T13:06:19,10500.0,42.5,B
2021-06-25T13:06:19,8000.0,42.5,B
2021-06-25T13:06:16,4200.0,42.5,B
2021-06-25T13:06:16,700.0,42.4,S
2021-06-25T13:06:14,23600.0,42.5,B
2021-06-25T13:06:13,200.0,42.5,B
2021-06-25T13:06:10,1100.0,42.5,B
2021-06-25T13:06:05,1000.0,42.5,B
2021-06-25T13:06:03,6400.0,42.5,B
2021-06-25T13:06:02,100.0,42.5,B
2021-06-25T13:06:01,10000.0,42.5,B
2021-06-25T13:05:59,100.0,42.5,B
2021-06-25T13:05:58,200.0,42.5,B
2021-06-25T13:05:58,6500.0,42.5,B
2021-06-25T13:05:55,500.0,42.5,B
2021-06-25T13:05:54,200.0,42.5,B
2021-06-25T13:05:50,200.0,42.5,B
2021-06-25T13:05:48,100.0,42.5,B
2021-06-25T13:05:46,100.0,42.5,B
2021-06-25T13:05:44,5000.0,42.5,B
2021-06-25T13:05:43,7800.0,42.5,B
2021-06-25T13:05:43,1000.0,42.5,B
2021-06-25T13:05:42,2000.0,42.5,B
2021-06-25T13:05:34,100.0,42.5,B
2021-06-25T13:05:33,5000.0,42.4,S
2021-06-25T13:05:32,500.0,42.5,B
2021-06-25T13:05:28,300.0,42.5,B
2021-06-25T13:05:28,500.0,42.5,B
2021-06-25T13:05:21,200.0,42.5,B
2021-06-25T13:05:20,4000.0,42.5,B
2021-06-25T13:05:15,5000.0,42.5,B
2021-06-25T13:05:13,1300.0,42.5,B
2021-06-25T13:05:10,1000.0,42.5,B
2021-06-25T13:05:08,1000.0,42.5,B
2021-06-25T13:05:07,500.0,42.5,B
2021-06-25T13:05:07,1000.0,42.4,S
2021-06-25T13:05:05,2600.0,42.4,B
2021-06-25T13:05:04,1300.0,42.4,S
2021-06-25T13:05:01,500.0,42.5,B
2021-06-25T13:04:59,3000.0,42.5,B
2021-06-25T13:04:56,3000.0,42.5,B
2021-06-25T13:04:52,1000.0,42.5,B
2021-06-25T13:04:41,400.0,42.4,B
2021-06-25T13:04:39,100.0,42.4,B
2021-06-25T13:04:38,10000.0,42.4,B
2021-06-25T13:04:36,2400.0,42.4,B
2021-06-25T13:04:32,4900.0,42.4,B
2021-06-25T13:04:32,1900.0,42.4,B
2021-06-25T13:04:32,300.0,42.4,B
2021-06-25T13:04:30,500.0,42.4,B
2021-06-25T13:04:29,1400.0,42.4,B
2021-06-25T13:04:27,2000.0,42.4,B
2021-06-25T13:04:26,400.0,42.4,B
2021-06-25T13:04:25,1000.0,42.4,B
2021-06-25T13:04:24,900.0,42.4,B
2021-06-25T13:04:22,200.0,42.4,B
2021-06-25T13:04:21,5000.0,42.4,B
2021-06-25T13:04:19,4000.0,42.4,B
2021-06-25T13:04:18,100.0,42.4,B
2021-06-25T13:04:16,11000.0,42.4,B
2021-06-25T13:04:15,300.0,42.4,B
2021-06-25T13:04:14,5300.0,42.4,B
2021-06-25T13:04:12,5600.0,42.4,B
2021-06-25T13:04:09,100.0,42.4,B
2021-06-25T13:04:08,2000.0,42.4,B
2021-06-25T13:04:07,700.0,42.4,B
2021-06-25T13:04:06,200.0,42.4,B
2021-06-25T13:04:04,600.0,42.4,B
2021-06-25T13:03:54,2000.0,42.4,B
2021-06-25T13:03:53,400.0,42.4,B
2021-06-25T13:03:52,4600.0,42.4,B
2021-06-25T13:03:50,200.0,42.4,B
2021-06-25T13:03:48,100.0,42.4,B
2021-06-25T13:03:45,700.0,42.4,B
2021-06-25T13:03:45,500.0,42.4,B
2021-06-25T13:03:43,900.0,42.4,B
2021-06-25T13:03:42,100.0,42.4,B
2021-06-25T13:03:41,2000.0,42.4,B
2021-06-25T13:03:39,8000.0,42.4,B
2021-06-25T13:03:38,1000.0,42.4,B
2021-06-25T13:03:36,700.0,42.4,B
2021-06-25T13:03:36,500.0,42.4,B
2021-06-25T13:03:35,500.0,42.4,B
2021-06-25T13:03:33,200.0,42.4,B
2021-06-25T13:03:32,500.0,42.4,B
2021-06-25T13:03:31,3000.0,42.4,B
2021-06-25T13:03:30,100.0,42.4,B
2021-06-25T13:03:29,200.0,42.4,B
2021-06-25T13:03:28,100.0,42.4,B
2021-06-25T13:03:27,1000.0,42.3,S
2021-06-25T13:03:27,5400.0,42.4,B
2021-06-25T13:03:26,1400.0,42.4,B
2021-06-25T13:03:22,9900.0,42.4,B
2021-06-25T13:03:21,800.0,42.4,B
2021-06-25T13:03:18,5000.0,42.4,B
2021-06-25T13:03:16,5000.0,42.4,B
2021-06-25T13:03:12,300.0,42.4,B
2021-06-25T13:03:12,1000.0,42.4,B
2021-06-25T13:03:11,1000.0,42.4,B
2021-06-25T13:03:09,200.0,42.4,B
2021-06-25T13:03:08,200.0,42.4,B
2021-06-25T13:03:08,1000.0,42.4,B
2021-06-25T13:03:00,1000.0,42.3,S
2021-06-25T13:02:57,200.0,42.4,B
2021-06-25T13:02:53,5000.0,42.4,B
2021-06-25T13:02:52,30000.0,42.4,B
2021-06-25T13:02:47,500.0,42.4,B
2021-06-25T13:02:46,200.0,42.4,B
2021-06-25T13:02:46,200.0,42.3,S
2021-06-25T13:02:42,1000.0,42.4,B
2021-06-25T13:02:26,200.0,42.4,B
2021-06-25T13:02:26,1000.0,42.4,B
2021-06-25T13:02:22,1300.0,42.4,B
2021-06-25T13:02:22,100.0,42.4,B
2021-06-25T13:02:17,3900.0,42.4,B
2021-06-25T13:02:12,500.0,42.4,B
2021-06-25T13:02:09,3500.0,42.4,B
2021-06-25T13:02:05,5000.0,42.4,B
2021-06-25T13:02:03,200.0,42.4,B
2021-06-25T13:02:02,200.0,42.3,S
2021-06-25T13:01:59,200.0,42.4,B
2021-06-25T13:01:57,700.0,42.4,B
2021-06-25T13:01:54,6000.0,42.4,B
2021-06-25T13:01:50,7000.0,42.4,B
2021-06-25T13:01:48,3800.0,42.4,B
2021-06-25T13:01:43,10000.0,42.4,B
2021-06-25T13:01:34,5000.0,42.4,B
2021-06-25T13:01:30,100.0,42.4,B
2021-06-25T13:01:23,1000.0,42.4,B
2021-06-25T13:01:21,2000.0,42.4,B
2021-06-25T13:01:19,200.0,42.4,B
2021-06-25T13:01:16,10000.0,42.4,B
2021-06-25T13:00:52,1500.0,42.4,B
2021-06-25T13:00:35,1700.0,42.4,B
2021-06-25T13:00:34,10000.0,42.3,B
2021-06-25T13:00:29,300.0,42.3,B
2021-06-25T13:00:27,1000.0,42.3,B
2021-06-25T13:00:24,25000.0,42.3,B
2021-06-25T13:00:17,100.0,42.2,S
2021-06-25T13:00:16,600.0,42.3,B
2021-06-25T13:00:08,11000.0,42.3,B
2021-06-25T13:00:07,8300.0,42.3,B
2021-06-25T13:00:06,17100.0,42.3,B
2021-06-25T13:00:05,300.0,42.3,B
2021-06-25T13:00:05,300.0,42.3,B
2021-06-25T13:00:04,1000.0,42.3,B
2021-06-25T13:00:03,7100.0,42.2,S
2021-06-25T13:00:03,47000.0,42.3,B
2021-06-25T13:00:03,9600.0,42.3,B
2021-06-25T13:00:02,1000.0,42.3,B
2021-06-25T13:00:02,1000.0,42.3,B
2021-06-25T11:29:58,2000.0,42.3,B
2021-06-25T11:29:53,3000.0,42.3,B
2021-06-25T11:29:37,1000.0,42.3,B
2021-06-25T11:29:33,100.0,42.2,S
2021-06-25T11:29:28,5000.0,42.3,B
2021-06-25T11:29:17,100.0,42.3,B
2021-06-25T11:29:04,30000.0,42.3,B
2021-06-25T11:28:49,500.0,42.2,S
2021-06-25T11:28:43,8000.0,42.2,S
2021-06-25T11:28:32,10000.0,42.2,S
2021-06-25T11:28:24,2000.0,42.2,S
2021-06-25T11:28:21,400.0,42.2,S
2021-06-25T11:28:21,2000.0,42.3,B
2021-06-25T11:28:18,1500.0,42.2,S
2021-06-25T11:28:15,1000.0,42.2,S
2021-06-25T11:28:04,300.0,42.3,B
2021-06-25T11:27:57,500.0,42.2,S
2021-06-25T11:27:54,100.0,42.3,B
2021-06-25T11:27:52,100.0,42.3,B
2021-06-25T11:27:46,1100.0,42.3,B
2021-06-25T11:27:44,100.0,42.2,S
2021-06-25T11:27:29,1500.0,42.3,B
2021-06-25T11:27:26,300.0,42.3,B
2021-06-25T11:27:19,300.0,42.2,S
2021-06-25T11:27:18,800.0,42.2,S
2021-06-25T11:27:17,41500.0,42.2,S
2021-06-25T11:27:14,1000.0,42.2,S
2021-06-25T11:27:09,2400.0,42.2,S
2021-06-25T11:26:56,1000.0,42.2,S
2021-06-25T11:26:42,200.0,42.3,B
2021-06-25T11:26:39,100.0,42.2,S
2021-06-25T11:26:19,700.0,42.3,B
2021-06-25T11:26:15,1100.0,42.2,S
2021-06-25T11:25:46,1500.0,42.3,B
2021-06-25T11:25:27,1000.0,42.3,B
2021-06-25T11:25:24,200.0,42.3,B
2021-06-25T11:25:09,1000.0,42.3,B
2021-06-25T11:24:50,500.0,42.2,S
2021-06-25T11:24:49,200.0,42.2,S
2021-06-25T11:24:48,1100.0,42.2,S
2021-06-25T11:24:38,100.0,42.2,S
2021-06-25T11:24:21,500.0,42.2,S
2021-06-25T11:24:15,6000.0,42.3,B
2021-06-25T11:24:14,600.0,42.3,B
2021-06-25T11:24:02,500.0,42.3,B
2021-06-25T11:24:01,300.0,42.2,S
2021-06-25T11:23:54,100.0,42.2,S
2021-06-25T11:23:48,10000.0,42.3,B
2021-06-25T11:23:39,1000.0,42.3,B
2021-06-25T11:23:25,800.0,42.3,B
2021-06-25T11:23:14,2000.0,42.2,S
2021-06-25T11:23:10,200.0,42.2,S
2021-06-25T11:23:09,2000.0,42.2,S
2021-06-25T11:22:49,500.0,42.2,S
2021-06-25T11:22:39,600.0,42.3,B
2021-06-25T11:22:38,10000.0,42.3,B
2021-06-25T11:22:32,200.0,42.2,S
2021-06-25T11:22:17,100.0,42.2,S
2021-06-25T11:22:14,2900.0,42.2,S
2021-06-25T11:22:13,2000.0,42.3,B
2021-06-25T11:22:04,3600.0,42.3,B
2021-06-25T11:22:01,100.0,42.3,B
2021-06-25T11:22:00,1000.0,42.3,B
2021-06-25T11:21:58,100.0,42.2,S
2021-06-25T11:21:57,100.0,42.3,B
2021-06-25T11:21:53,600.0,42.3,B
2021-06-25T11:21:50,1000.0,42.2,S
2021-06-25T11:21:35,1000.0,42.3,B
2021-06-25T11:21:35,700.0,42.2,S
2021-06-25T11:21:32,1000.0,42.3,B
2021-06-25T11:21:21,1000.0,42.3,B
2021-06-25T11:21:21,1000.0,42.3,B
2021-06-25T11:21:19,500.0,42.2,S
2021-06-25T11:21:06,500.0,42.3,B
2021-06-25T11:20:54,1000.0,42.3,B
2021-06-25T11:20:43,100.0,42.2,S
2021-06-25T11:20:39,100.0,42.2,S
2021-06-25T11:20:38,300.0,42.3,B
2021-06-25T11:20:24,4000.0,42.3,B
2021-06-25T11:20:18,1400.0,42.2,S
2021-06-25T11:20:17,1000.0,42.3,B
2021-06-25T11:20:16,200.0,42.2,S
2021-06-25T11:20:11,3400.0,42.2,S
2021-06-25T11:20:09,1000.0,42.2,S
2021-06-25T11:19:46,1000.0,42.2,S
2021-06-25T11:19:42,300.0,42.2,S
2021-06-25T11:19:38,100.0,42.3,B
2021-06-25T11:19:35,500.0,42.2,S
2021-06-25T11:19:29,1000.0,42.3,B
2021-06-25T11:19:24,300.0,42.2,S
2021-06-25T11:19:15,100.0,42.2,S
2021-06-25T11:18:47,100.0,42.2,S
2021-06-25T11:18:40,400.0,42.3,B
2021-06-25T11:18:25,500.0,42.2,S
2021-06-25T11:18:16,1000.0,42.2,S
2021-06-25T11:18:13,1200.0,42.3,B
2021-06-25T11:18:12,5000.0,42.3,B
2021-06-25T11:18:01,1000.0,42.2,S
2021-06-25T11:17:58,17100.0,42.2,B
2021-06-25T11:17:55,100.0,42.2,B
2021-06-25T11:17:52,400.0,42.2,B
2021-06-25T11:17:49,10500.0,42.2,B
2021-06-25T11:17:46,100.0,42.1,S
2021-06-25T11:17:28,100000.0,42.2,B
2021-06-25T11:17:27,1000.0,42.2,B
2021-06-25T11:17:24,200.0,42.1,S
2021-06-25T11:17:08,1000.0,42.1,S
2021-06-25T11:17:00,2000.0,42.2,B
2021-06-25T11:16:57,300.0,42.2,B
2021-06-25T11:16:53,300.0,42.2,B
2021-06-25T11:16:40,2500.0,42.2,B
2021-06-25T11:16:12,100.0,42.2,B
2021-06-25T11:16:03,3000.0,42.1,S
2021-06-25T11:15:25,3200.0,42.2,B
2021-06-25T11:15:24,10000.0,42.2,B
2021-06-25T11:15:21,200.0,42.1,S
2021-06-25T11:15:20,4000.0,42.2,B
2021-06-25T11:15:15,500.0,42.2,B
2021-06-25T11:15:06,1000.0,42.2,B
2021-06-25T11:15:02,200.0,42.2,B
2021-06-25T11:14:51,100.0,42.2,B
2021-06-25T11:14:39,1000.0,42.2,B
2021-06-25T11:14:25,100.0,42.2,B
2021-06-25T11:14:22,600.0,42.2,B
2021-06-25T11:14:17,3000.0,42.2,B
2021-06-25T11:14:02,1000.0,42.2,B
2021-06-25T11:13:48,4000.0,42.2,B
2021-06-25T11:13:37,100.0,42.2,B
2021-06-25T11:13:30,1000.0,42.1,S
2021-06-25T11:13:29,100.0,42.2,B
2021-06-25T11:13:22,100.0,42.1,S
2021-06-25T11:12:58,100.0,42.1,S
2021-06-25T11:12:51,2000.0,42.0,S
2021-06-25T11:12:50,1000.0,42.1,S
2021-06-25T11:12:44,3500.0,42.1,B
2021-06-25T11:12:34,1200.0,42.1,B
2021-06-25T11:12:27,1000.0,42.1,B
2021-06-25T11:12:23,100.0,42.1,B
2021-06-25T11:12:16,1000.0,42.1,B
2021-06-25T11:11:59,1500.0,42.1,B
2021-06-25T11:11:46,200.0,42.1,B
2021-06-25T11:11:45,500.0,42.0,S
2021-06-25T11:11:43,200.0,42.0,S
2021-06-25T11:10:51,4300.0,42.0,S
2021-06-25T11:10:47,100.0,42.0,B
2021-06-25T11:10:45,10000.0,42.0,B
2021-06-25T11:10:30,10000.0,42.0,B
2021-06-25T11:10:25,1800.0,42.0,B
2021-06-25T11:10:22,300.0,42.0,B
2021-06-25T11:10:09,2000.0,42.0,B
2021-06-25T11:10:05,500.0,42.0,B
2021-06-25T11:10:04,500.0,42.0,B
2021-06-25T11:10:01,100.0,42.0,B
2021-06-25T11:09:53,100.0,42.0,B
2021-06-25T11:09:52,1000.0,42.0,B
2021-06-25T11:09:51,500.0,42.0,B
2021-06-25T11:09:46,7000.0,42.0,B
2021-06-25T11:09:43,4000.0,42.0,B
2021-06-25T11:09:39,4000.0,42.0,B
2021-06-25T11:09:35,1200.0,42.0,B
2021-06-25T11:09:31,20000.0,42.0,B
2021-06-25T11:09:26,34000.0,42.0,B
2021-06-25T11:09:24,500.0,42.1,B
2021-06-25T11:09:22,400.0,42.1,B
2021-06-25T11:09:19,20000.0,42.1,B
2021-06-25T11:09:16,2000.0,42.1,B
2021-06-25T11:09:05,200.0,42.1,B
2021-06-25T11:09:05,400.0,42.1,B
2021-06-25T11:09:03,100.0,42.1,B
2021-06-25T11:09:00,100.0,42.1,B
2021-06-25T11:08:53,100.0,42.1,B
2021-06-25T11:08:52,200.0,42.1,B
2021-06-25T11:08:52,1000.0,42.1,B
2021-06-25T11:08:34,800.0,42.1,B
2021-06-25T11:08:31,1000.0,42.1,B
2021-06-25T11:08:27,200.0,42.1,B
2021-06-25T11:08:05,4200.0,42.1,B
2021-06-25T11:07:47,6500.0,42.1,B
2021-06-25T11:07:34,1000.0,42.1,B
2021-06-25T11:07:30,800.0,42.1,B
2021-06-25T11:07:05,500.0,42.0,S
2021-06-25T11:06:41,5000.0,42.0,S
2021-06-25T11:06:32,1400.0,42.0,S
2021-06-25T11:06:30,1200.0,42.1,B
2021-06-25T11:06:28,100.0,42.0,S
2021-06-25T11:06:23,100.0,42.0,S
2021-06-25T11:06:11,300.0,42.0,B
2021-06-25T11:06:05,1000.0,42.0,B
2021-06-25T11:06:02,5700.0,42.0,S
2021-06-25T11:05:45,1000.0,42.0,S
2021-06-25T11:05:28,100.0,42.0,S
2021-06-25T11:05:24,300.0,42.0,S
2021-06-25T11:05:23,800.0,42.0,S
2021-06-25T11:05:16,200.0,42.0,S
2021-06-25T11:04:57,2400.0,42.0,B
2021-06-25T11:04:56,10000.0,42.0,B
2021-06-25T11:04:48,200.0,42.0,B
2021-06-25T11:04:45,2700.0,42.0,B
2021-06-25T11:04:29,1000.0,42.0,B
2021-06-25T11:04:02,1000.0,42.0,B
2021-06-25T11:03:55,100.0,42.0,B
2021-06-25T11:03:52,200.0,42.0,B
2021-06-25T11:03:50,400.0,42.0,B
2021-06-25T11:03:47,100.0,42.0,B
2021-06-25T11:03:43,500.0,42.0,B
2021-06-25T11:03:41,1000.0,42.0,B
2021-06-25T11:03:35,300.0,42.0,B
2021-06-25T11:03:30,2000.0,42.0,B
2021-06-25T11:03:21,900.0,42.0,B
2021-06-25T11:03:14,200.0,42.0,B
2021-06-25T11:03:14,300.0,42.0,B
2021-06-25T11:03:12,5800.0,42.0,S
2021-06-25T11:03:10,400.0,42.0,S
2021-06-25T11:03:08,3000.0,42.0,S
2021-06-25T11:02:49,38000.0,42.0,S
2021-06-25T11:02:47,1300.0,42.1,B
2021-06-25T11:02:45,700.0,42.1,B
2021-06-25T11:02:43,100.0,42.1,B
2021-06-25T11:02:34,300.0,42.1,B
2021-06-25T11:02:29,1500.0,42.0,S
2021-06-25T11:02:29,500.0,42.1,B
2021-06-25T11:02:27,1000.0,42.1,B
2021-06-25T11:02:23,1500.0,42.1,B
2021-06-25T11:02:18,100.0,42.1,B
2021-06-25T11:02:17,27900.0,42.1,B
2021-06-25T11:02:17,2000.0,42.2,B
2021-06-25T11:02:11,200.0,42.2,B
2021-06-25T11:02:04,400.0,42.2,B
2021-06-25T11:01:58,5500.0,42.1,S
2021-06-25T11:01:58,1000.0,42.2,B
2021-06-25T11:01:54,4000.0,42.1,S
2021-06-25T11:01:49,2000.0,42.2,B
2021-06-25T11:01:42,3000.0,42.2,B
2021-06-25T11:01:27,500.0,42.2,B
2021-06-25T11:01:18,1100.0,42.1,S
2021-06-25T11:01:06,2000.0,42.2,B
2021-06-25T11:01:05,30000.0,42.2,B
2021-06-25T11:01:05,5000.0,42.2,B
2021-06-25T11:01:02,200.0,42.2,B
2021-06-25T11:00:57,200.0,42.2,B
2021-06-25T11:00:56,8800.0,42.2,S
2021-06-25T11:00:52,500.0,42.2,S
2021-06-25T11:00:49,2500.0,42.2,S
2021-06-25T11:00:45,100.0,42.3,B
2021-06-25T11:00:44,20000.0,42.2,S
2021-06-25T11:00:43,2000.0,42.3,B
2021-06-25T11:00:42,500.0,42.2,S
2021-06-25T11:00:38,1000.0,42.2,S
2021-06-25T11:00:37,2000.0,42.2,S
2021-06-25T11:00:36,500.0,42.2,S
2021-06-25T11:00:29,5000.0,42.2,S
2021-06-25T11:00:29,4800.0,42.3,B
2021-06-25T11:00:27,2400.0,42.3,B
2021-06-25T11:00:25,200.0,42.3,B
2021-06-25T11:00:23,2000.0,42.3,B
2021-06-25T11:00:21,5000.0,42.3,B
2021-06-25T11:00:19,500.0,42.2,S
2021-06-25T11:00:18,1000.0,42.2,S
2021-06-25T11:00:15,2000.0,42.2,S
2021-06-25T11:00:08,500.0,42.3,B
2021-06-25T11:00:04,400.0,42.3,B
2021-06-25T11:00:02,4700.0,42.2,S
2021-06-25T11:00:00,100.0,42.2,S
2021-06-25T11:00:00,100.0,42.3,B
2021-06-25T11:00:00,2000.0,42.3,B
2021-06-25T10:59:57,5000.0,42.2,S
2021-06-25T10:59:55,200.0,42.3,B
2021-06-25T10:59:46,700.0,42.2,S
2021-06-25T10:59:42,700.0,42.3,B
2021-06-25T10:59:42,2000.0,42.3,B
2021-06-25T10:59:42,800.0,42.3,B
2021-06-25T10:59:42,2400.0,42.2,S
2021-06-25T10:59:39,3900.0,42.3,B
2021-06-25T10:59:33,100.0,42.3,B
2021-06-25T10:59:30,500.0,42.3,B
2021-06-25T10:59:28,500.0,42.3,B
2021-06-25T10:59:25,300.0,42.3,B
2021-06-25T10:59:20,5000.0,42.3,B
2021-06-25T10:59:19,2000.0,42.3,B
2021-06-25T10:59:14,200.0,42.3,B
2021-06-25T10:59:14,3000.0,42.3,B
2021-06-25T10:59:06,100.0,42.3,B
2021-06-25T10:59:05,100.0,42.3,B
2021-06-25T10:59:04,4000.0,42.3,B
2021-06-25T10:59:04,200.0,42.3,B
2021-06-25T10:59:03,8700.0,42.3,B
2021-06-25T10:59:01,200.0,42.3,B
2021-06-25T10:58:58,600.0,42.3,B
2021-06-25T10:58:56,1300.0,42.3,B
2021-06-25T10:58:51,300.0,42.3,B
2021-06-25T10:58:49,1000.0,42.3,B
2021-06-25T10:58:43,5500.0,42.3,B
2021-06-25T10:58:42,200.0,42.3,B
2021-06-25T10:58:37,100.0,42.3,B
2021-06-25T10:58:33,6200.0,42.3,B
2021-06-25T10:58:30,800.0,42.3,B
2021-06-25T10:58:29,300.0,42.3,B
2021-06-25T10:58:18,5000.0,42.3,B
2021-06-25T10:58:15,1000.0,42.2,S
2021-06-25T10:58:11,500.0,42.2,S
2021-06-25T10:58:09,600.0,42.3,B
2021-06-25T10:58:01,400.0,42.2,S
2021-06-25T10:58:01,4000.0,42.2,S
2021-06-25T10:58:00,40000.0,42.3,B
2021-06-25T10:57:57,900.0,42.3,B
2021-06-25T10:57:57,600.0,42.2,S
2021-06-25T10:57:56,500.0,42.2,S
2021-06-25T10:57:55,1000.0,42.2,S
2021-06-25T10:57:54,3200.0,42.3,B
2021-06-25T10:57:50,500.0,42.2,S
2021-06-25T10:57:45,1000.0,42.2,S
2021-06-25T10:57:43,500.0,42.2,S
2021-06-25T10:57:41,500.0,42.2,S
2021-06-25T10:57:41,200.0,42.2,S
2021-06-25T10:57:38,500.0,42.3,B
2021-06-25T10:57:35,500.0,42.3,B
2021-06-25T10:57:32,100.0,42.2,S
2021-06-25T10:57:27,100.0,42.2,S
2021-06-25T10:57:21,500.0,42.2,S
2021-06-25T10:57:19,2000.0,42.3,B
2021-06-25T10:57:15,200.0,42.3,B
2021-06-25T10:57:12,3100.0,42.3,B
2021-06-25T10:57:11,1000.0,42.3,B
2021-06-25T10:57:09,1100.0,42.3,B
2021-06-25T10:57:08,10000.0,42.2,S
2021-06-25T10:57:08,3400.0,42.3,B
2021-06-25T10:57:04,500.0,42.3,B
2021-06-25T10:57:04,6900.0,42.3,B
2021-06-25T10:56:58,10000.0,42.3,B
2021-06-25T10:56:58,300.0,42.2,S
2021-06-25T10:56:54,200.0,42.2,S
2021-06-25T10:56:50,400.0,42.2,S
2021-06-25T10:56:45,1700.0,42.2,S
2021-06-25T10:56:43,8000.0,42.2,B
2021-06-25T10:56:42,100.0,42.2,B
2021-06-25T10:56:41,20000.0,42.2,B
2021-06-25T10:56:39,20500.0,42.2,B
2021-06-25T10:56:39,1000.0,42.2,B
2021-06-25T10:56:37,1500.0,42.2,B
2021-06-25T10:56:36,6000.0,42.2,B
2021-06-25T10:56:31,1100.0,42.2,B
2021-06-25T10:56:31,500.0,42.2,B
2021-06-25T10:56:30,4000.0,42.2,B
2021-06-25T10:56:30,10000.0,42.2,B
2021-06-25T10:56:29,3000.0,42.2,B
2021-06-25T10:56:28,1200.0,42.2,B
2021-06-25T10:56:28,30000.0,42.2,B
2021-06-25T10:56:27,2000.0,42.2,B
2021-06-25T10:56:25,31400.0,42.2,B
2021-06-25T10:56:24,200.0,42.2,B
2021-06-25T10:56:24,500.0,42.1,S
2021-06-25T10:56:22,10000.0,42.2,B
2021-06-25T10:56:22,10000.0,42.2,B
2021-06-25T10:56:19,5000.0,42.2,B
2021-06-25T10:56:19,500.0,42.2,B
2021-06-25T10:56:18,5000.0,42.2,B
2021-06-25T10:56:15,500.0,42.2,B
2021-06-25T10:56:14,500.0,42.2,B
2021-06-25T10:56:12,500.0,42.2,B
2021-06-25T10:56:12,5000.0,42.2,B
2021-06-25T10:56:10,200.0,42.2,B
2021-06-25T10:56:09,500.0,42.1,S
2021-06-25T10:56:08,12000.0,42.2,B
2021-06-25T10:56:04,1500.0,42.2,B
2021-06-25T10:56:03,1500.0,42.1,S
2021-06-25T10:56:01,20000.0,42.2,B
2021-06-25T10:55:58,700.0,42.1,S
2021-06-25T10:55:44,1500.0,42.2,B
2021-06-25T10:55:40,500.0,42.1,S
2021-06-25T10:55:38,200.0,42.1,S
2021-06-25T10:55:27,400.0,42.1,B
2021-06-25T10:55:25,3300.0,42.1,B
2021-06-25T10:55:22,400.0,42.1,B
2021-06-25T10:55:19,1000.0,42.1,B
2021-06-25T10:55:08,1000.0,42.1,B
2021-06-25T10:55:05,1000.0,42.1,B
2021-06-25T10:54:58,1000.0,42.1,B
2021-06-25T10:54:57,4100.0,42.1,S
2021-06-25T10:54:42,600.0,42.1,S
2021-06-25T10:54:40,100.0,42.2,B
2021-06-25T10:54:31,10000.0,42.1,S
2021-06-25T10:54:30,1000.0,42.1,S
2021-06-25T10:54:30,500.0,42.1,S
2021-06-25T10:54:21,300.0,42.1,S
2021-06-25T10:54:18,100.0,42.1,S
2021-06-25T10:54:17,33000.0,42.1,B
2021-06-25T10:54:10,1000.0,42.1,B
2021-06-25T10:54:06,600.0,42.1,B
2021-06-25T10:54:04,500.0,42.1,B
2021-06-25T10:53:53,100.0,42.1,B
2021-06-25T10:53:51,2000.0,42.0,S
2021-06-25T10:53:35,500.0,42.1,B
2021-06-25T10:53:35,100.0,42.1,B
2021-06-25T10:53:33,100.0,42.1,B
2021-06-25T10:53:33,2000.0,42.1,B
2021-06-25T10:53:29,2300.0,42.1,B
2021-06-25T10:53:27,1000.0,42.1,B
2021-06-25T10:53:17,10000.0,42.1,B
2021-06-25T10:53:05,100.0,42.1,B
2021-06-25T10:53:04,3000.0,42.0,S
2021-06-25T10:52:57,500.0,42.1,B
2021-06-25T10:52:56,200.0,42.0,S
2021-06-25T10:52:49,50000.0,42.1,B
2021-06-25T10:52:45,20000.0,42.1,B
2021-06-25T10:52:43,100.0,42.0,S
2021-06-25T10:52:37,300.0,42.0,S
2021-06-25T10:52:36,1000.0,42.1,B
2021-06-25T10:52:28,200.0,42.0,S
2021-06-25T10:52:24,1100.0,42.0,S
2021-06-25T10:52:14,500.0,42.0,S
2021-06-25T10:52:12,2200.0,42.0,B
2021-06-25T10:52:11,1000.0,42.0,B
2021-06-25T10:52:10,900.0,42.0,B
2021-06-25T10:52:10,3900.0,42.0,B
2021-06-25T10:52:06,500.0,42.0,B
2021-06-25T10:52:05,4700.0,42.0,B
2021-06-25T10:52:04,2500.0,42.0,B
2021-06-25T10:52:01,1000.0,42.0,B
2021-06-25T10:51:59,50000.0,42.0,B
2021-06-25T10:51:57,1000.0,42.0,B
2021-06-25T10:51:53,5500.0,42.0,B
2021-06-25T10:51:49,500.0,42.0,B
2021-06-25T10:51:48,500.0,42.0,B
2021-06-25T10:51:41,200.0,42.0,B
2021-06-25T10:51:36,2000.0,42.0,B
2021-06-25T10:51:36,1500.0,42.0,B
2021-06-25T10:51:34,20000.0,42.0,B
2021-06-25T10:51:34,10000.0,42.0,B
2021-06-25T10:51:33,20000.0,42.0,B
2021-06-25T10:51:33,10000.0,42.0,B
2021-06-25T10:51:32,20000.0,42.0,B
2021-06-25T10:51:32,10000.0,42.0,B
2021-06-25T10:51:14,2000.0,42.0,B
2021-06-25T10:51:10,100.0,42.0,B
2021-06-25T10:51:07,4000.0,42.0,B
2021-06-25T10:50:37,600.0,42.0,B
2021-06-25T10:50:36,1000.0,41.9,S
2021-06-25T10:50:29,1000.0,42.0,B
2021-06-25T10:50:28,200.0,42.0,B
2021-06-25T10:50:21,1500.0,41.9,S
2021-06-25T10:50:16,1000.0,42.0,B
2021-06-25T10:50:00,900.0,42.0,B
2021-06-25T10:49:48,1500.0,41.9,S
2021-06-25T10:49:46,3000.0,42.0,B
2021-06-25T10:49:34,500.0,41.9,S
2021-06-25T10:49:30,2000.0,41.9,S
2021-06-25T10:49:18,500.0,41.9,S
2021-06-25T10:48:46,3000.0,41.9,S
2021-06-25T10:48:42,1500.0,41.9,S
2021-06-25T10:48:22,100.0,41.9,S
2021-06-25T10:48:12,2000.0,41.9,S
2021-06-25T10:48:10,3000.0,41.9,S
2021-06-25T10:47:43,400.0,41.9,B
2021-06-25T10:47:43,1000.0,41.9,B
2021-06-25T10:47:42,7200.0,41.9,B
2021-06-25T10:47:38,5000.0,41.9,B
2021-06-25T10:47:34,100.0,41.9,B
2021-06-25T10:47:29,5000.0,41.9,B
2021-06-25T10:47:23,2000.0,41.9,B
2021-06-25T10:47:15,600.0,41.9,B
2021-06-25T10:47:10,1800.0,41.9,B
2021-06-25T10:47:08,500.0,41.8,S
2021-06-25T10:47:08,2000.0,41.9,B
2021-06-25T10:47:07,1200.0,41.9,B
2021-06-25T10:47:01,1100.0,41.9,B
2021-06-25T10:46:58,1000.0,41.9,B
2021-06-25T10:46:55,1800.0,41.9,B
2021-06-25T10:46:52,1000.0,41.9,B
2021-06-25T10:46:47,300.0,41.9,B
2021-06-25T10:46:44,3000.0,41.9,B
2021-06-25T10:46:44,5600.0,41.9,B
2021-06-25T10:46:37,400.0,41.9,B
2021-06-25T10:46:34,400.0,41.9,B
2021-06-25T10:46:32,100.0,41.9,B
2021-06-25T10:46:29,500.0,41.9,B
2021-06-25T10:46:28,5000.0,41.9,B
2021-06-25T10:46:25,400.0,41.9,B
2021-06-25T10:46:20,6500.0,41.9,B
2021-06-25T10:46:18,300.0,41.9,B
2021-06-25T10:46:14,1500.0,41.9,B
2021-06-25T10:46:07,1000.0,41.8,S
2021-06-25T10:46:01,1000.0,41.9,B
2021-06-25T10:45:52,500.0,41.9,B
2021-06-25T10:45:50,200.0,41.9,B
2021-06-25T10:45:49,1500.0,41.9,B
2021-06-25T10:45:46,1000.0,41.9,B
2021-06-25T10:45:43,1000.0,41.9,B
2021-06-25T10:45:28,5000.0,41.9,B
2021-06-25T10:45:25,500.0,41.8,S
2021-06-25T10:44:50,800.0,41.8,B
2021-06-25T10:44:49,300.0,41.8,B
2021-06-25T10:44:49,700.0,41.8,B
2021-06-25T10:44:48,9700.0,41.8,B
2021-06-25T10:44:47,1000.0,41.8,B
2021-06-25T10:44:46,10000.0,41.8,B
2021-06-25T10:44:45,400.0,41.7,S
2021-06-25T10:44:44,100.0,41.8,B
2021-06-25T10:44:43,500.0,41.8,B
2021-06-25T10:44:33,7600.0,41.8,B
2021-06-25T10:44:32,10000.0,41.8,B
2021-06-25T10:44:31,7600.0,41.7,S
2021-06-25T10:44:25,1500.0,41.8,B
2021-06-25T10:44:04,1000.0,41.7,S
2021-06-25T10:44:00,3000.0,41.7,S
2021-06-25T10:43:59,1000.0,41.8,B
2021-06-25T10:43:47,10000.0,41.8,B
2021-06-25T10:43:37,200.0,41.7,S
2021-06-25T10:43:32,700.0,41.7,S
2021-06-25T10:43:24,2000.0,41.7,S
2021-06-25T10:43:22,1100.0,41.7,S
2021-06-25T10:43:21,2500.0,41.7,S
2021-06-25T10:43:14,500.0,41.7,S
2021-06-25T10:43:10,3100.0,41.7,S
2021-06-25T10:43:09,1000.0,41.7,S
2021-06-25T10:43:08,1100.0,41.7,S
2021-06-25T10:42:57,1000.0,41.7,S
2021-06-25T10:42:57,500.0,41.7,S
2021-06-25T10:42:54,1000.0,41.7,S
2021-06-25T10:42:49,200.0,41.7,S
2021-06-25T10:42:47,1800.0,41.7,S
2021-06-25T10:42:44,300.0,41.7,S
2021-06-25T10:42:32,1000.0,41.7,S
2021-06-25T10:42:30,2000.0,41.7,S
2021-06-25T10:42:19,3500.0,41.7,S
2021-06-25T10:42:09,500.0,41.7,S
2021-06-25T10:42:08,400.0,41.7,S
2021-06-25T10:42:04,500.0,41.7,S
2021-06-25T10:41:44,500.0,41.7,S
2021-06-25T10:41:42,500.0,41.7,S
2021-06-25T10:41:40,2000.0,41.7,S
2021-06-25T10:41:37,300.0,41.7,S
2021-06-25T10:41:32,2000.0,41.7,S
2021-06-25T10:41:23,2000.0,41.7,S
2021-06-25T10:41:22,100.0,41.7,S
2021-06-25T10:41:18,1400.0,41.7,B
2021-06-25T10:41:16,1000.0,41.7,B
2021-06-25T10:41:15,600.0,41.7,S
2021-06-25T10:41:06,3000.0,41.6,S
2021-06-25T10:41:01,200.0,41.7,B
2021-06-25T10:41:00,1000.0,41.7,B
2021-06-25T10:40:59,500.0,41.6,S
2021-06-25T10:40:56,1000.0,41.7,B
2021-06-25T10:40:55,100.0,41.7,B
2021-06-25T10:40:54,5000.0,41.7,B
2021-06-25T10:40:46,300.0,41.7,B
2021-06-25T10:40:41,500.0,41.7,B
2021-06-25T10:40:40,17100.0,41.7,B
2021-06-25T10:40:23,2100.0,41.7,S
2021-06-25T10:40:14,8200.0,41.7,B
2021-06-25T10:40:11,10000.0,41.7,B
2021-06-25T10:40:07,2000.0,41.7,B
2021-06-25T10:40:04,500.0,41.7,B
2021-06-25T10:40:01,15000.0,41.7,B
2021-06-25T10:39:53,400.0,41.7,B
2021-06-25T10:39:45,300.0,41.7,B
2021-06-25T10:39:44,20000.0,41.6,S
2021-06-25T10:39:28,100.0,41.7,B
2021-06-25T10:39:19,10000.0,41.7,B
2021-06-25T10:38:59,100.0,41.7,B
2021-06-25T10:38:53,4000.0,41.6,S
2021-06-25T10:38:52,100.0,41.7,B
2021-06-25T10:38:45,800.0,41.7,B
2021-06-25T10:38:43,500.0,41.7,B
2021-06-25T10:38:42,3100.0,41.7,B
2021-06-25T10:38:39,500.0,41.7,B
2021-06-25T10:38:36,100.0,41.7,B
2021-06-25T10:38:36,200.0,41.7,B
2021-06-25T10:38:32,1000.0,41.7,B
2021-06-25T10:38:30,1200.0,41.7,B
2021-06-25T10:38:30,100.0,41.7,B
2021-06-25T10:38:26,10000.0,41.7,B
2021-06-25T10:38:24,10000.0,41.7,B
2021-06-25T10:37:43,100.0,41.7,B
2021-06-25T10:37:13,10300.0,41.7,B
2021-06-25T10:37:10,1000.0,41.6,S
2021-06-25T10:37:03,1900.0,41.7,B
2021-06-25T10:37:02,100.0,41.7,B
2021-06-25T10:36:55,2000.0,41.6,S
2021-06-25T10:36:53,2100.0,41.7,B
2021-06-25T10:36:51,9000.0,41.6,S
2021-06-25T10:36:45,20000.0,41.7,B
2021-06-25T10:36:37,300.0,41.7,B
2021-06-25T10:36:32,3400.0,41.7,S
2021-06-25T10:36:23,200.0,41.7,S
2021-06-25T10:36:18,2500.0,41.7,S
2021-06-25T10:36:04,1000.0,41.7,S
2021-06-25T10:36:01,40000.0,41.7,S
2021-06-25T10:35:58,200.0,41.7,S
2021-06-25T10:35:37,10000.0,41.7,S
2021-06-25T10:35:30,1500.0,41.7,S
2021-06-25T10:35:21,4500.0,41.7,S
2021-06-25T10:34:51,1000.0,41.7,S
2021-06-25T10:34:46,1000.0,41.7,S
2021-06-25T10:34:31,1500.0,41.8,S
2021-06-25T10:34:29,500.0,41.8,S
2021-06-25T10:34:27,100.0,41.8,S
2021-06-25T10:34:26,5000.0,41.8,S
2021-06-25T10:34:18,200.0,41.8,S
2021-06-25T10:34:17,500.0,41.8,S
2021-06-25T10:33:58,200.0,41.8,S
2021-06-25T10:33:56,1000.0,41.8,S
2021-06-25T10:33:38,100.0,41.8,B
2021-06-25T10:33:28,400.0,41.8,S
2021-06-25T10:33:23,1000.0,41.8,S
2021-06-25T10:33:17,500.0,41.8,S
2021-06-25T10:33:10,500.0,41.8,S
2021-06-25T10:33:06,2000.0,41.8,S
2021-06-25T10:33:02,300.0,41.9,B
2021-06-25T10:32:57,500.0,41.8,S
2021-06-25T10:32:54,500.0,41.8,S
2021-06-25T10:32:51,500.0,41.8,S
2021-06-25T10:32:46,20000.0,41.8,S
2021-06-25T10:32:36,300.0,41.9,B
2021-06-25T10:32:32,10000.0,41.8,S
2021-06-25T10:32:19,200.0,41.9,B
2021-06-25T10:32:05,2100.0,41.9,B
2021-06-25T10:31:53,2000.0,41.9,S
2021-06-25T10:31:50,500.0,41.9,S
2021-06-25T10:31:00,900.0,41.9,B
2021-06-25T10:30:57,100.0,41.9,B
2021-06-25T10:30:43,900.0,41.9,B
2021-06-25T10:30:40,100.0,41.9,S
2021-06-25T10:30:19,200.0,41.9,S
2021-06-25T10:30:16,200.0,41.9,S
2021-06-25T10:29:55,200.0,41.9,S
2021-06-25T10:29:55,1000.0,41.9,S
2021-06-25T10:29:53,200.0,41.9,S
2021-06-25T10:29:24,7000.0,41.8,S
2021-06-25T10:29:16,1300.0,41.9,S
2021-06-25T10:29:05,300.0,41.9,B
2021-06-25T10:29:03,200.0,41.9,S
2021-06-25T10:29:00,100.0,41.9,S
2021-06-25T10:28:44,5000.0,41.9,S
2021-06-25T10:28:31,2600.0,42.0,B
2021-06-25T10:27:49,200.0,41.9,B
2021-06-25T10:27:34,2500.0,41.8,S
2021-06-25T10:26:49,30000.0,41.8,S
2021-06-25T10:26:41,100.0,41.9,S
2021-06-25T10:26:31,6200.0,41.9,S
2021-06-25T10:26:28,3800.0,41.9,S
2021-06-25T10:26:26,1000.0,42.0,B
2021-06-25T10:26:24,2200.0,41.9,S
2021-06-25T10:26:14,5000.0,41.9,S
2021-06-25T10:26:08,20000.0,41.9,S
2021-06-25T10:26:04,5000.0,41.9,S
2021-06-25T10:25:56,100.0,41.9,S
2021-06-25T10:25:46,200.0,41.9,S
2021-06-25T10:25:46,1600.0,41.9,S
2021-06-25T10:25:32,100.0,41.9,S
2021-06-25T10:25:16,100.0,41.9,S
2021-06-25T10:25:16,500.0,42.0,B
2021-06-25T10:24:55,1000.0,41.9,S
2021-06-25T10:24:44,4000.0,41.9,S
2021-06-25T10:24:42,3000.0,41.9,S
2021-06-25T10:24:25,100.0,41.9,S
2021-06-25T10:24:19,100.0,41.9,S
2021-06-25T10:24:16,200.0,41.9,S
2021-06-25T10:23:43,4000.0,41.9,S
2021-06-25T10:23:37,15000.0,41.9,S
2021-06-25T10:23:34,100.0,41.9,S
2021-06-25T10:23:19,500.0,41.9,S
2021-06-25T10:23:06,100.0,42.0,B
2021-06-25T10:22:50,200.0,42.0,B
2021-06-25T10:22:46,2000.0,42.0,B
2021-06-25T10:22:43,2600.0,42.0,B
2021-06-25T10:22:38,22500.0,42.0,B
2021-06-25T10:22:36,2000.0,42.0,S
2021-06-25T10:22:31,1000.0,42.0,S
2021-06-25T10:21:59,100.0,42.0,S
2021-06-25T10:21:49,200.0,42.1,B
2021-06-25T10:21:42,300.0,42.0,S
2021-06-25T10:21:31,1000.0,42.0,S
2021-06-25T10:21:24,2000.0,42.1,B
2021-06-25T10:21:09,1000.0,42.0,S
2021-06-25T10:20:51,500.0,42.0,S
2021-06-25T10:20:51,500.0,42.0,S
2021-06-25T10:20:42,100.0,42.1,B
2021-06-25T10:20:36,100.0,42.0,S
2021-06-25T10:20:29,500.0,42.1,B
2021-06-25T10:20:28,1300.0,42.0,S
2021-06-25T10:20:26,900.0,42.0,S
2021-06-25T10:20:23,2000.0,42.0,S
2021-06-25T10:20:21,100.0,42.0,S
2021-06-25T10:20:19,900.0,42.0,S
2021-06-25T10:20:08,100.0,42.0,S
2021-06-25T10:20:06,300.0,42.0,S
2021-06-25T10:20:03,3000.0,42.0,S
2021-06-25T10:19:57,400.0,42.0,S
2021-06-25T10:19:43,100.0,42.0,S
2021-06-25T10:19:40,500.0,42.1,B
2021-06-25T10:19:25,2000.0,42.0,S
2021-06-25T10:19:22,800.0,42.0,B
2021-06-25T10:19:20,2800.0,42.0,S
2021-06-25T10:19:10,200.0,42.0,S
2021-06-25T10:19:09,800.0,42.0,B
2021-06-25T10:19:08,200.0,42.0,B
2021-06-25T10:19:04,400.0,42.0,B
2021-06-25T10:19:02,200.0,42.0,B
2021-06-25T10:18:57,1000.0,42.0,B
2021-06-25T10:18:49,500.0,42.0,B
2021-06-25T10:18:48,4100.0,42.0,B
2021-06-25T10:18:47,100.0,42.0,B
2021-06-25T10:18:46,9700.0,42.0,B
2021-06-25T10:18:31,7800.0,42.0,B
2021-06-25T10:18:24,200.0,42.0,B
2021-06-25T10:18:16,500.0,42.0,B
2021-06-25T10:18:15,400.0,41.9,S
2021-06-25T10:16:27,100.0,42.0,B
2021-06-25T10:16:17,1000.0,42.0,B
2021-06-25T10:16:05,200.0,42.0,B
2021-06-25T10:16:01,200.0,42.0,B
2021-06-25T10:15:40,2400.0,42.0,S
2021-06-25T10:15:38,400.0,42.0,S
2021-06-25T10:15:29,2000.0,42.0,S
2021-06-25T10:15:24,1000.0,42.0,S
2021-06-25T10:15:19,200.0,42.0,S
2021-06-25T10:14:42,800.0,42.1,B
2021-06-25T10:14:39,900.0,42.0,S
2021-06-25T10:14:35,300.0,42.1,B
2021-06-25T10:14:35,100.0,42.0,S
2021-06-25T10:14:13,100.0,42.0,S
2021-06-25T10:13:56,1800.0,42.0,S
2021-06-25T10:13:54,200.0,42.1,B
2021-06-25T10:13:53,200.0,42.0,S
2021-06-25T10:13:50,1300.0,42.0,S
2021-06-25T10:13:49,1000.0,42.0,S
2021-06-25T10:13:45,300.0,42.0,S
2021-06-25T10:13:44,2000.0,42.0,S
2021-06-25T10:13:37,500.0,42.0,S
2021-06-25T10:13:34,1000.0,42.0,S
2021-06-25T10:13:32,300.0,42.0,S
2021-06-25T10:13:30,100.0,42.0,S
2021-06-25T10:13:25,5000.0,42.0,S
2021-06-25T10:13:20,2000.0,42.0,S
2021-06-25T10:13:18,500.0,42.1,B
2021-06-25T10:13:15,2000.0,42.1,B
2021-06-25T10:13:09,16100.0,42.0,S
2021-06-25T10:13:01,100.0,42.0,S
2021-06-25T10:12:54,5500.0,42.0,S
2021-06-25T10:12:44,200.0,42.0,S
2021-06-25T10:12:43,5300.0,42.0,S
2021-06-25T10:12:32,500.0,42.0,S
2021-06-25T10:12:25,500.0,42.0,S
2021-06-25T10:12:24,500.0,42.1,B
2021-06-25T10:12:19,500.0,42.1,B
2021-06-25T10:12:09,1200.0,42.0,S
2021-06-25T10:11:34,1000.0,42.0,S
2021-06-25T10:11:32,1000.0,42.1,B
2021-06-25T10:11:09,100.0,42.0,S
2021-06-25T10:10:47,400.0,42.0,S
2021-06-25T10:10:43,500.0,42.1,B
2021-06-25T10:10:35,500.0,42.1,B
2021-06-25T10:10:31,200.0,42.1,B
2021-06-25T10:09:43,500.0,42.0,S
2021-06-25T10:09:41,100.0,42.1,B
2021-06-25T10:09:33,100.0,42.1,B
2021-06-25T10:09:26,100.0,42.1,B
2021-06-25T10:09:16,200.0,42.1,B
2021-06-25T10:09:10,1100.0,42.1,B
2021-06-25T10:09:04,4200.0,42.1,B
2021-06-25T10:09:02,4000.0,42.1,S
2021-06-25T10:09:00,600.0,42.1,S
2021-06-25T10:08:56,1000.0,42.1,S
2021-06-25T10:08:49,500.0,42.1,S
2021-06-25T10:08:43,3000.0,42.1,S
2021-06-25T10:08:39,300.0,42.1,S
2021-06-25T10:08:34,5000.0,42.1,S
2021-06-25T10:08:21,500.0,42.2,B
2021-06-25T10:08:20,500.0,42.1,S
2021-06-25T10:08:10,3000.0,42.1,S
2021-06-25T10:08:06,100.0,42.1,S
2021-06-25T10:08:06,200.0,42.1,S
2021-06-25T10:08:03,5000.0,42.1,S
2021-06-25T10:07:57,5000.0,42.1,S
2021-06-25T10:07:55,1000.0,42.1,S
2021-06-25T10:07:54,300.0,42.1,S
2021-06-25T10:07:39,100.0,42.1,S
2021-06-25T10:07:33,200.0,42.1,S
2021-06-25T10:07:08,1700.0,42.1,S
2021-06-25T10:06:56,600.0,42.2,B
2021-06-25T10:06:53,900.0,42.1,S
2021-06-25T10:06:52,1000.0,42.2,B
2021-06-25T10:06:45,300.0,42.2,B
2021-06-25T10:06:42,2400.0,42.2,B
2021-06-25T10:06:40,8900.0,42.2,B
2021-06-25T10:06:32,2000.0,42.2,B
2021-06-25T10:06:21,100.0,42.2,B
2021-06-25T10:06:20,1500.0,42.2,B
2021-06-25T10:06:16,1000.0,42.2,B
2021-06-25T10:06:13,3000.0,42.2,B
2021-06-25T10:06:10,300.0,42.2,B
2021-06-25T10:06:08,1400.0,42.2,B
2021-06-25T10:06:05,5000.0,42.2,B
2021-06-25T10:06:05,1700.0,42.2,B
2021-06-25T10:06:04,100.0,42.2,B
2021-06-25T10:06:03,1000.0,42.2,B
2021-06-25T10:06:02,500.0,42.2,B
2021-06-25T10:05:52,10000.0,42.2,B
2021-06-25T10:05:50,1000.0,42.2,B
2021-06-25T10:05:49,5000.0,42.2,B
2021-06-25T10:05:47,2200.0,42.2,B
2021-06-25T10:05:45,10000.0,42.1,S
2021-06-25T10:05:41,5000.0,42.2,B
2021-06-25T10:05:39,2000.0,42.2,B
2021-06-25T10:05:37,1500.0,42.2,B
2021-06-25T10:05:37,400.0,42.2,B
2021-06-25T10:05:33,4000.0,42.2,B
2021-06-25T10:05:31,2000.0,42.2,B
2021-06-25T10:05:28,21200.0,42.2,B
2021-06-25T10:05:26,3000.0,42.2,B
2021-06-25T10:05:24,2500.0,42.2,B
2021-06-25T10:05:24,400.0,42.2,B
2021-06-25T10:05:20,500.0,42.2,B
2021-06-25T10:05:14,90000.0,42.2,B
2021-06-25T10:04:58,5000.0,42.2,B
2021-06-25T10:04:56,1000.0,42.2,B
2021-06-25T10:04:53,1000.0,42.1,S
2021-06-25T10:04:49,200.0,42.2,B
2021-06-25T10:04:44,1500.0,42.1,S
2021-06-25T10:04:41,2700.0,42.2,B
2021-06-25T10:04:40,400.0,42.1,S
2021-06-25T10:04:33,200.0,42.1,S
2021-06-25T10:04:32,2000.0,42.1,S
2021-06-25T10:04:28,500.0,42.1,S
2021-06-25T10:04:25,1700.0,42.1,B
2021-06-25T10:04:21,2000.0,42.1,B
2021-06-25T10:04:19,2300.0,42.1,B
2021-06-25T10:04:19,5000.0,42.1,B
2021-06-25T10:04:12,1000.0,42.1,B
2021-06-25T10:04:11,100.0,42.0,S
2021-06-25T10:04:10,1000.0,42.1,B
2021-06-25T10:04:03,50000.0,42.1,B
2021-06-25T10:03:55,12700.0,42.1,B
2021-06-25T10:03:53,200.0,42.0,S
2021-06-25T10:03:49,100.0,42.0,S
2021-06-25T10:03:25,700.0,42.0,S
2021-06-25T10:03:17,1300.0,42.0,S
2021-06-25T10:03:12,1000.0,42.0,B
2021-06-25T10:03:11,2500.0,42.0,B
2021-06-25T10:03:11,500.0,42.0,B
2021-06-25T10:03:11,11000.0,42.0,B
2021-06-25T10:03:11,1000.0,42.0,B
2021-06-25T10:03:08,5000.0,42.0,B
2021-06-25T10:03:06,10000.0,42.0,B
2021-06-25T10:03:05,3000.0,42.0,B
2021-06-25T10:03:05,500.0,42.0,B
2021-06-25T10:03:03,500.0,42.0,B
2021-06-25T10:03:01,1500.0,42.0,B
2021-06-25T10:03:00,30000.0,42.0,B
2021-06-25T10:03:00,500.0,42.0,B
2021-06-25T10:02:59,500.0,42.0,B
2021-06-25T10:02:59,300.0,42.0,B
2021-06-25T10:02:57,2200.0,42.0,B
2021-06-25T10:02:53,15000.0,42.0,B
2021-06-25T10:02:51,800.0,42.0,B
2021-06-25T10:02:44,2500.0,42.0,B
2021-06-25T10:02:44,10000.0,42.0,B
2021-06-25T10:02:34,15000.0,42.0,B
2021-06-25T10:02:34,24900.0,42.0,B
2021-06-25T10:02:29,100.0,42.0,B
2021-06-25T10:02:24,20000.0,42.0,B
2021-06-25T10:02:23,100.0,42.0,B
2021-06-25T10:02:15,500.0,42.0,B
2021-06-25T10:02:13,100.0,41.9,S
2021-06-25T10:02:02,6000.0,42.0,B
2021-06-25T10:01:55,700.0,41.9,S
2021-06-25T10:01:49,2500.0,42.0,B
2021-06-25T10:01:45,500.0,42.0,B
2021-06-25T10:01:41,2000.0,41.9,S
2021-06-25T10:01:37,200.0,42.0,B
2021-06-25T10:01:36,1000.0,41.9,S
2021-06-25T10:01:25,700.0,41.9,S
2021-06-25T10:01:15,1000.0,42.0,B
2021-06-25T10:00:53,100.0,41.9,S
2021-06-25T10:00:48,30700.0,41.9,B
2021-06-25T10:00:46,1000.0,41.8,S
2021-06-25T10:00:40,1100.0,41.9,B
2021-06-25T10:00:36,1000.0,41.9,B
2021-06-25T10:00:33,500.0,41.9,B
2021-06-25T10:00:21,1100.0,41.9,B
2021-06-25T10:00:19,2500.0,41.9,B
2021-06-25T10:00:16,200.0,41.9,B
2021-06-25T10:00:14,200.0,41.9,B
2021-06-25T09:59:47,5000.0,41.9,B
2021-06-25T09:59:43,5000.0,41.8,S
2021-06-25T09:59:39,5000.0,41.8,S
2021-06-25T09:59:33,6000.0,41.8,S
2021-06-25T09:58:46,500.0,41.8,S
2021-06-25T09:58:43,2000.0,41.9,B
2021-06-25T09:58:39,2100.0,41.9,B
2021-06-25T09:58:36,500.0,41.9,B
2021-06-25T09:58:17,600.0,41.9,B
2021-06-25T09:57:47,5500.0,41.9,B
2021-06-25T09:57:37,6000.0,41.8,S
2021-06-25T09:57:33,1500.0,41.9,B
2021-06-25T09:57:09,500.0,41.9,B
2021-06-25T09:56:44,100.0,41.9,B
2021-06-25T09:56:34,600.0,41.9,B
2021-06-25T09:56:30,100.0,41.9,B
2021-06-25T09:56:22,100.0,41.9,B
2021-06-25T09:56:10,500.0,41.9,B
2021-06-25T09:56:01,600.0,41.9,B
2021-06-25T09:55:45,2700.0,41.9,B
2021-06-25T09:55:34,100.0,41.9,B
2021-06-25T09:55:27,100.0,41.9,B
2021-06-25T09:55:02,2800.0,41.9,B
2021-06-25T09:54:50,500.0,41.9,B
2021-06-25T09:54:47,500.0,41.9,B
2021-06-25T09:54:40,500.0,41.9,B
2021-06-25T09:54:40,3000.0,41.9,B
2021-06-25T09:54:36,3000.0,41.8,S
2021-06-25T09:54:17,100.0,41.9,B
2021-06-25T09:54:14,6900.0,41.9,S
2021-06-25T09:54:11,2000.0,41.9,S
2021-06-25T09:54:10,900.0,41.9,S
2021-06-25T09:54:07,10000.0,41.9,S
2021-06-25T09:53:59,10000.0,41.9,S
2021-06-25T09:53:39,400.0,41.9,S
2021-06-25T09:53:29,2000.0,41.9,S
2021-06-25T09:53:26,500.0,41.9,S
2021-06-25T09:53:24,10000.0,41.9,S
2021-06-25T09:52:38,1000.0,41.9,S
2021-06-25T09:52:16,2000.0,42.0,B
2021-06-25T09:52:15,600.0,41.9,S
2021-06-25T09:52:06,500.0,42.0,B
2021-06-25T09:51:56,500.0,42.0,B
2021-06-25T09:51:55,1000.0,42.0,B
2021-06-25T09:51:01,5000.0,42.0,B
2021-06-25T09:51:00,10000.0,41.9,S
2021-06-25T09:50:58,100.0,42.0,B
2021-06-25T09:50:58,2000.0,42.0,B
2021-06-25T09:50:56,2000.0,41.9,S
2021-06-25T09:50:44,2000.0,42.0,B
2021-06-25T09:50:32,300.0,42.0,B
2021-06-25T09:50:22,5700.0,42.0,S
2021-06-25T09:50:15,1000.0,42.1,B
2021-06-25T09:50:14,2000.0,42.1,B
2021-06-25T09:50:11,10000.0,42.0,S
2021-06-25T09:50:09,500.0,42.0,S
2021-06-25T09:50:06,1000.0,42.0,S
2021-06-25T09:50:04,500.0,42.0,S
2021-06-25T09:50:04,200.0,42.0,S
2021-06-25T09:50:00,1000.0,42.0,S
2021-06-25T09:49:59,1000.0,42.0,S
2021-06-25T09:49:56,500.0,42.0,S
2021-06-25T09:49:55,200.0,42.0,S
2021-06-25T09:49:38,30000.0,42.0,S
2021-06-25T09:49:36,100.0,42.1,B
2021-06-25T09:49:35,500.0,42.1,B
2021-06-25T09:49:33,200.0,42.1,B
2021-06-25T09:49:24,300.0,42.0,S
2021-06-25T09:49:15,500.0,42.1,B
2021-06-25T09:49:10,400.0,42.1,B
2021-06-25T09:49:10,800.0,42.1,B
2021-06-25T09:49:07,7000.0,42.1,B
2021-06-25T09:49:06,100.0,42.1,B
2021-06-25T09:48:56,100.0,42.1,B
2021-06-25T09:48:40,100.0,42.1,B
2021-06-25T09:48:36,2300.0,42.1,S
2021-06-25T09:48:25,6300.0,42.1,S
2021-06-25T09:48:22,1000.0,42.1,S
2021-06-25T09:48:20,200.0,42.1,S
2021-06-25T09:48:18,600.0,42.2,B
2021-06-25T09:48:16,1200.0,42.2,B
2021-06-25T09:47:59,1000.0,42.2,B
2021-06-25T09:47:51,500.0,42.2,B
2021-06-25T09:47:43,8900.0,42.2,B
2021-06-25T09:47:37,1000.0,42.2,B
2021-06-25T09:47:34,100.0,42.2,B
2021-06-25T09:47:33,300.0,42.2,B
2021-06-25T09:47:21,1000.0,42.2,B
2021-06-25T09:47:17,500.0,42.1,S
2021-06-25T09:47:14,200.0,42.3,B
2021-06-25T09:47:13,100.0,42.3,B
2021-06-25T09:47:09,2000.0,42.1,S
2021-06-25T09:47:04,5000.0,42.3,B
2021-06-25T09:47:04,500.0,42.2,S
2021-06-25T09:46:58,5000.0,42.3,B
2021-06-25T09:46:56,800.0,42.2,S
2021-06-25T09:46:56,1000.0,42.2,S
2021-06-25T09:46:52,4000.0,42.2,S
2021-06-25T09:46:50,300.0,42.3,B
2021-06-25T09:46:50,100.0,42.2,S
2021-06-25T09:46:44,4000.0,42.2,S
2021-06-25T09:46:41,500.0,42.3,B
2021-06-25T09:46:40,200.0,42.3,B
2021-06-25T09:46:35,500.0,42.3,B
2021-06-25T09:46:34,300.0,42.3,B
2021-06-25T09:46:33,600.0,42.3,B
2021-06-25T09:46:30,10000.0,42.2,S
2021-06-25T09:46:30,10000.0,42.3,B
2021-06-25T09:46:29,300.0,42.3,B
2021-06-25T09:46:22,5000.0,42.3,B
2021-06-25T09:46:20,600.0,42.3,B
2021-06-25T09:46:14,400.0,42.3,B
2021-06-25T09:46:12,3400.0,42.3,B
2021-06-25T09:46:11,100.0,42.3,B
2021-06-25T09:46:10,6900.0,42.2,S
2021-06-25T09:46:08,5700.0,42.3,B
2021-06-25T09:46:06,2000.0,42.3,B
2021-06-25T09:46:05,2000.0,42.3,B
2021-06-25T09:46:05,5000.0,42.3,B
2021-06-25T09:46:02,1500.0,42.3,B
2021-06-25T09:46:00,10000.0,42.3,B
2021-06-25T09:46:00,200.0,42.3,B
2021-06-25T09:45:59,1000.0,42.2,S
2021-06-25T09:45:58,1300.0,42.2,S
2021-06-25T09:45:56,100.0,42.2,S
2021-06-25T09:45:53,4000.0,42.3,B
2021-06-25T09:45:53,1000.0,42.2,S
2021-06-25T09:45:52,200.0,42.2,S
2021-06-25T09:45:43,5000.0,42.2,S
2021-06-25T09:45:42,2000.0,42.2,S
2021-06-25T09:45:41,96800.0,42.2,B
2021-06-25T09:45:41,3000.0,42.1,B
2021-06-25T09:45:40,2000.0,42.1,B
2021-06-25T09:45:39,200.0,42.0,S
2021-06-25T09:45:39,1000.0,42.1,B
2021-06-25T09:45:35,20000.0,42.0,S
2021-06-25T09:45:33,1500.0,42.1,B
2021-06-25T09:45:32,800.0,42.1,B
2021-06-25T09:45:29,2000.0,42.1,B
2021-06-25T09:45:28,100.0,42.1,B
2021-06-25T09:45:28,500.0,42.1,B
2021-06-25T09:45:26,200.0,42.1,B
2021-06-25T09:45:24,20000.0,42.1,B
2021-06-25T09:45:23,200.0,42.1,B
2021-06-25T09:45:22,4000.0,42.1,B
2021-06-25T09:45:21,400.0,42.1,B
2021-06-25T09:45:18,200.0,42.1,B
2021-06-25T09:45:15,200.0,42.1,B
2021-06-25T09:45:13,500.0,42.1,B
2021-06-25T09:45:10,2000.0,42.1,B
2021-06-25T09:45:09,500.0,42.0,S
2021-06-25T09:45:06,1000.0,42.1,B
2021-06-25T09:45:05,200.0,42.1,B
2021-06-25T09:45:05,600.0,42.1,B
2021-06-25T09:45:04,500.0,42.1,B
2021-06-25T09:45:04,500.0,42.1,B
2021-06-25T09:45:03,2000.0,42.0,S
2021-06-25T09:45:02,200.0,42.1,B
2021-06-25T09:45:02,10000.0,42.1,B
2021-06-25T09:45:00,2300.0,42.1,B
2021-06-25T09:44:59,5000.0,42.1,B
2021-06-25T09:44:56,1000.0,42.1,B
2021-06-25T09:44:54,500.0,42.1,B
2021-06-25T09:44:54,6000.0,42.1,B
2021-06-25T09:44:52,10000.0,42.1,B
2021-06-25T09:44:51,20100.0,42.1,B
2021-06-25T09:44:46,3500.0,42.0,S
2021-06-25T09:44:45,100.0,42.0,S
2021-06-25T09:44:38,4400.0,42.0,B
2021-06-25T09:44:37,1000.0,42.0,B
2021-06-25T09:44:34,4000.0,42.0,B
2021-06-25T09:44:33,100000.0,42.0,B
2021-06-25T09:44:30,40000.0,42.0,B
2021-06-25T09:44:29,2400.0,41.9,S
2021-06-25T09:44:28,15000.0,42.0,B
2021-06-25T09:44:28,100.0,42.0,B
2021-06-25T09:44:27,30000.0,42.0,B
2021-06-25T09:44:25,1000.0,42.0,B
2021-06-25T09:44:24,200.0,41.9,S
2021-06-25T09:44:23,2200.0,41.9,B
2021-06-25T09:44:21,9800.0,41.9,S
2021-06-25T09:44:20,15000.0,42.0,B
2021-06-25T09:44:20,1000.0,42.0,B
2021-06-25T09:44:19,500.0,42.0,B
2021-06-25T09:44:18,600.0,42.0,B
2021-06-25T09:44:07,5000.0,42.0,B
2021-06-25T09:44:05,2900.0,42.0,B
2021-06-25T09:44:01,5000.0,42.0,B
2021-06-25T09:43:58,100.0,41.9,S
2021-06-25T09:43:52,2200.0,41.9,B
2021-06-25T09:43:51,7600.0,41.9,B
2021-06-25T09:43:45,7200.0,41.9,B
2021-06-25T09:43:43,200.0,41.9,B
2021-06-25T09:43:42,400.0,41.9,B
2021-06-25T09:43:33,9700.0,41.9,B
2021-06-25T09:43:32,200.0,41.9,B
2021-06-25T09:43:29,500.0,41.9,B
2021-06-25T09:43:29,5000.0,41.9,B
2021-06-25T09:43:21,700.0,41.9,B
2021-06-25T09:43:21,1000.0,41.9,B
2021-06-25T09:43:15,1000.0,41.9,B
2021-06-25T09:43:13,1500.0,41.9,B
2021-06-25T09:43:04,2000.0,41.9,B
2021-06-25T09:42:59,200.0,41.8,S
2021-06-25T09:42:54,2000.0,41.9,B
2021-06-25T09:42:52,200.0,41.9,B
2021-06-25T09:42:44,8000.0,41.9,B
2021-06-25T09:42:42,500.0,41.8,S
2021-06-25T09:42:39,5000.0,41.9,B
2021-06-25T09:42:31,5600.0,41.9,B
2021-06-25T09:42:13,200.0,41.9,B
2021-06-25T09:42:12,200.0,41.9,B
2021-06-25T09:42:09,500.0,41.9,B
2021-06-25T09:41:37,3000.0,41.9,B
2021-06-25T09:41:36,5000.0,41.8,B
2021-06-25T09:41:36,200.0,41.8,B
2021-06-25T09:41:33,200.0,41.8,B
2021-06-25T09:41:33,1000.0,41.8,B
2021-06-25T09:41:25,4000.0,41.8,B
2021-06-25T09:41:23,1000.0,41.8,B
2021-06-25T09:41:23,3000.0,41.8,B
2021-06-25T09:41:18,3000.0,41.8,B
2021-06-25T09:41:16,1500.0,41.8,B
2021-06-25T09:41:14,1000.0,41.8,B
2021-06-25T09:41:09,3000.0,41.8,B
2021-06-25T09:41:01,500.0,41.8,B
2021-06-25T09:40:56,1000.0,41.8,B
2021-06-25T09:40:55,3000.0,41.8,B
2021-06-25T09:40:52,2000.0,41.8,B
2021-06-25T09:40:50,400.0,41.8,B
2021-06-25T09:40:36,1100.0,41.8,B
2021-06-25T09:40:29,100.0,41.8,B
2021-06-25T09:40:24,22000.0,41.8,B
2021-06-25T09:40:00,1000.0,41.8,B
2021-06-25T09:39:46,100.0,41.7,S
2021-06-25T09:39:41,600.0,41.8,B
2021-06-25T09:39:09,500.0,41.7,S
2021-06-25T09:38:47,500.0,41.7,S
2021-06-25T09:37:43,1000.0,41.7,S
2021-06-25T09:37:33,4000.0,41.7,S
2021-06-25T09:37:01,1200.0,41.7,S
2021-06-25T09:35:41,100.0,41.7,S
2021-06-25T09:35:05,200.0,41.7,S
2021-06-25T09:34:40,500.0,41.7,S
2021-06-25T09:34:20,300.0,41.8,B
2021-06-25T09:33:39,1000.0,41.8,B
2021-06-25T09:33:37,100.0,41.8,B
2021-06-25T09:33:22,1000.0,41.8,B
2021-06-25T09:33:03,2000.0,41.8,B
2021-06-25T09:32:40,2000.0,41.8,B
2021-06-25T09:32:36,300.0,41.7,S
2021-06-25T09:31:52,1300.0,41.8,B
2021-06-25T09:31:35,1000.0,41.7,S
2021-06-25T09:31:34,300.0,41.8,B
2021-06-25T09:31:18,1000.0,41.7,S
2021-06-25T09:30:51,200.0,41.7,B
2021-06-25T09:30:40,100.0,41.7,B
2021-06-25T09:30:32,200.0,41.6,S
2021-06-25T09:30:28,300.0,41.7,B
2021-06-25T09:30:26,1000.0,41.7,B
2021-06-25T09:30:25,200.0,41.7,B
2021-06-25T09:30:10,1000.0,41.7,B
2021-06-25T09:30:10,2000.0,41.7,B
2021-06-25T09:30:05,100.0,41.7,B
2021-06-25T09:29:39,200.0,41.7,B
2021-06-25T09:29:26,200.0,41.7,B
2021-06-25T09:29:17,300.0,41.6,S
2021-06-25T09:28:55,300.0,41.7,B
2021-06-25T09:28:52,6700.0,41.6,S
2021-06-25T09:28:43,1000.0,41.7,B
2021-06-25T09:28:35,200.0,41.7,B
2021-06-25T09:28:25,200.0,41.7,B
2021-06-25T09:28:07,5000.0,41.7,B
2021-06-25T09:27:35,100.0,41.6,S
2021-06-25T09:27:31,3000.0,41.7,B
2021-06-25T09:27:10,200.0,41.6,S
2021-06-25T09:27:08,200.0,41.7,B
2021-06-25T09:27:02,100.0,41.7,B
2021-06-25T09:26:58,30000.0,41.7,B
2021-06-25T09:26:55,200.0,41.7,B
2021-06-25T09:26:42,100.0,41.7,B
2021-06-25T09:26:41,10000.0,41.7,B
2021-06-25T09:26:17,400.0,41.7,B
2021-06-25T09:26:08,200.0,41.6,S
2021-06-25T09:25:49,2500.0,41.6,S
2021-06-25T09:25:30,100.0,41.6,S
2021-06-25T09:25:19,3900.0,41.6,S
2021-06-25T09:24:56,1000.0,41.6,S
2021-06-25T09:24:45,500.0,41.7,B
2021-06-25T09:24:25,200.0,41.6,S
2021-06-25T09:23:43,100.0,41.6,S
2021-06-25T09:23:24,100.0,41.6,S
2021-06-25T09:23:13,300.0,41.6,S
2021-06-25T09:22:58,1000.0,41.6,S
2021-06-25T09:22:49,200.0,41.7,B
2021-06-25T09:22:47,5000.0,41.7,S
2021-06-25T09:22:20,200.0,41.8,B
2021-06-25T09:22:01,700.0,41.7,S
2021-06-25T09:21:58,41700.0,41.8,S
2021-06-25T09:21:57,3000.0,41.9,S
2021-06-25T09:21:52,400.0,42.0,B
2021-06-25T09:21:47,1000.0,41.9,S
2021-06-25T09:21:44,300.0,42.0,B
2021-06-25T09:21:15,800.0,42.0,B
2021-06-25T09:21:14,1100.0,41.9,S
2021-06-25T09:20:56,3200.0,42.0,B
2021-06-25T09:20:51,200.0,42.0,B
2021-06-25T09:20:28,2100.0,41.9,S
2021-06-25T09:20:23,3000.0,42.0,B
2021-06-25T09:20:12,100.0,42.0,B
2021-06-25T09:20:09,2000.0,42.0,B
2021-06-25T09:20:08,1000.0,42.0,B
2021-06-25T09:19:55,500.0,42.0,B
2021-06-25T09:19:52,500.0,41.9,S
2021-06-25T09:19:50,5000.0,42.0,B
2021-06-25T09:19:28,300.0,41.9,S
2021-06-25T09:19:26,1000.0,42.0,B
2021-06-25T09:19:14,500.0,42.0,B
2021-06-25T09:19:10,100000.0,42.0,B
2021-06-25T09:19:08,200.0,42.0,B
2021-06-25T09:19:05,5100.0,41.9,S
2021-06-25T09:18:53,1000.0,41.9,S
2021-06-25T09:18:47,2400.0,42.0,B
2021-06-25T09:18:21,5000.0,41.9,S
2021-06-25T09:18:01,300.0,41.9,S
2021-06-25T09:17:39,2000.0,41.9,B
2021-06-25T09:17:37,10000.0,41.9,B
2021-06-25T09:17:33,3000.0,41.9,B
2021-06-25T09:17:31,100.0,41.9,B
2021-06-25T09:16:47,100.0,41.8,B
2021-06-25T09:16:45,5000.0,41.8,B
2021-06-25T09:16:33,400.0,41.8,B
2021-06-25T09:16:33,2600.0,41.8,B
2021-06-25T09:16:31,300.0,41.7,S
2021-06-25T09:16:21,400.0,41.8,B
2021-06-25T09:16:10,3000.0,41.8,B
2021-06-25T09:15:45,200.0,41.8,B
2021-06-25T09:15:43,100.0,41.8,B
2021-06-25T09:15:40,400.0,41.8,B
2021-06-25T09:15:32,1000.0,41.7,S
2021-06-25T09:13:42,2000.0,41.8,B
2021-06-25T09:13:18,500.0,41.8,B
2021-06-25T09:13:12,1500.0,41.8,B
2021-06-25T09:13:04,500.0,41.8,B
2021-06-25T09:12:18,600.0,41.6,B
2021-06-25T09:12:03,9700.0,41.6,S
2021-06-25T09:11:28,1900.0,41.6,S
2021-06-25T09:11:13,100.0,41.6,S
2021-06-25T09:10:05,500.0,41.6,S
2021-06-25T09:09:19,5000.0,41.8,B
2021-06-25T09:09:19,200.0,41.6,S
2021-06-25T09:09:12,1000.0,41.6,B
2021-06-25T09:09:04,500.0,41.6,B
2021-06-25T09:09:00,3900.0,41.6,S
2021-06-25T09:08:48,300.0,41.7,B
2021-06-25T09:08:42,100.0,41.7,B
2021-06-25T09:08:37,700.0,41.7,S
2021-06-25T09:08:34,10000.0,41.7,S
2021-06-25T09:07:49,1200.0,41.8,B
2021-06-25T09:07:49,4800.0,41.8,B
2021-06-25T09:07:38,3500.0,41.8,S
2021-06-25T09:07:34,5800.0,41.9,B
2021-06-25T09:07:32,200.0,41.8,S
2021-06-25T09:07:15,500.0,41.8,S
2021-06-25T09:07:13,200.0,41.8,S
2021-06-25T09:07:05,1000.0,41.8,S
2021-06-25T09:07:01,1000.0,41.8,S
2021-06-25T09:06:40,1500.0,41.8,S
2021-06-25T09:06:35,1000.0,41.8,S
2021-06-25T09:06:29,1000.0,41.9,B
2021-06-25T09:06:09,200.0,41.9,B
2021-06-25T09:05:53,1000.0,41.9,B
2021-06-25T09:05:30,500.0,41.9,B
2021-06-25T09:05:18,500.0,41.9,B
2021-06-25T09:05:15,100.0,41.9,B
2021-06-25T09:05:03,1000.0,41.9,B
2021-06-25T09:04:58,100.0,41.9,B
2021-06-25T09:04:43,1000.0,41.9,B
2021-06-25T09:04:41,100.0,41.9,B
2021-06-25T09:04:26,1800.0,41.9,B
2021-06-25T09:04:11,2000.0,41.9,B
2021-06-25T09:04:03,1000.0,41.8,S
2021-06-25T09:03:44,200.0,41.9,B
2021-06-25T09:03:36,8000.0,42.0,B
2021-06-25T09:03:32,5000.0,41.9,B
2021-06-25T09:03:01,1000.0,41.9,B
2021-06-25T09:02:55,1600.0,41.8,S
2021-06-25T09:02:23,3100.0,41.9,B
2021-06-25T09:01:57,200.0,42.0,B
2021-06-25T09:01:57,1000.0,42.0,B
2021-06-25T09:01:33,3000.0,42.0,B
2021-06-25T09:01:17,300.0,42.0,B
2021-06-25T09:00:59,100.0,42.0,B
2021-06-25T09:00:48,400.0,42.0,B
2021-06-25T09:00:40,200.0,42.0,B
2021-06-25T09:00:34,200.0,41.7,S
2021-06-25T09:00:20,300.0,41.9,B
2021-06-25T09:00:12,100.0,41.5,S
