tradingTime,volume,price,side
2021-06-25T14:29:48,400.0,19.4,B
2021-06-25T14:29:45,1000.0,19.4,B
2021-06-25T14:29:09,500.0,19.4,B
2021-06-25T14:26:18,100.0,19.4,B
2021-06-25T14:25:41,100.0,19.4,B
2021-06-25T14:24:55,100.0,19.4,S
2021-06-25T14:22:44,1000.0,19.45,B
2021-06-25T14:21:11,600.0,19.5,S
2021-06-25T14:16:21,1000.0,19.6,B
2021-06-25T14:16:20,3800.0,19.6,B
2021-06-25T14:16:20,200.0,19.6,B
2021-06-25T14:14:15,100.0,19.6,B
2021-06-25T14:12:52,100.0,19.6,B
2021-06-25T14:09:39,100.0,19.35,S
2021-06-25T14:08:57,1700.0,19.35,S
2021-06-25T14:08:57,1200.0,19.35,S
2021-06-25T14:08:57,2100.0,19.35,S
2021-06-25T14:06:44,3000.0,19.35,S
2021-06-25T14:06:44,1000.0,19.35,S
2021-06-25T14:06:43,6000.0,19.4,S
2021-06-25T14:04:52,1000.0,19.4,S
2021-06-25T14:02:47,500.0,19.6,B
2021-06-25T14:02:05,500.0,19.6,B
2021-06-25T13:59:52,1000.0,19.6,B
2021-06-25T13:59:22,800.0,19.6,B
2021-06-25T13:59:22,500.0,19.6,B
2021-06-25T13:59:22,1700.0,19.6,B
2021-06-25T13:59:22,4600.0,19.55,B
2021-06-25T13:59:22,1000.0,19.5,B
2021-06-25T13:59:22,1400.0,19.5,B
2021-06-25T13:59:16,5000.0,19.5,B
2021-06-25T13:59:10,8200.0,19.4,S
2021-06-25T13:58:49,100.0,19.45,S
2021-06-25T13:58:49,7300.0,19.45,S
2021-06-25T13:58:11,500.0,19.45,S
2021-06-25T13:57:54,100.0,19.5,B
2021-06-25T13:55:58,2100.0,19.45,B
2021-06-25T13:55:47,100.0,19.45,B
2021-06-25T13:55:11,200.0,19.45,B
2021-06-25T13:54:43,5000.0,19.45,B
2021-06-25T13:54:12,200.0,19.45,B
2021-06-25T13:54:12,3200.0,19.45,B
2021-06-25T13:54:12,1600.0,19.45,B
2021-06-25T13:54:04,200.0,19.4,B
2021-06-25T13:54:01,6000.0,19.4,B
2021-06-25T13:53:30,2300.0,19.35,B
2021-06-25T13:53:24,100.0,19.35,B
2021-06-25T13:53:24,1000.0,19.3,S
2021-06-25T13:53:24,500.0,19.35,B
2021-06-25T13:53:15,100.0,19.35,B
2021-06-25T13:53:00,200.0,19.35,B
2021-06-25T13:48:31,600.0,19.35,B
2021-06-25T13:48:11,1200.0,19.35,S
2021-06-25T13:47:44,200.0,19.4,S
2021-06-25T13:47:15,100.0,19.4,S
2021-06-25T13:47:00,2000.0,19.4,S
2021-06-25T13:46:52,2700.0,19.4,B
2021-06-25T13:46:31,4800.0,19.35,B
2021-06-25T13:45:35,3800.0,19.3,S
2021-06-25T13:45:32,3700.0,19.35,B
2021-06-25T13:45:06,300.0,19.3,B
2021-06-25T13:44:40,200.0,19.3,B
2021-06-25T13:44:16,100.0,19.3,B
2021-06-25T13:42:55,300.0,19.3,B
2021-06-25T13:41:36,500.0,19.3,B
2021-06-25T13:41:24,200.0,19.3,B
2021-06-25T13:41:17,1100.0,19.3,S
2021-06-25T13:40:54,1000.0,19.3,S
2021-06-25T13:39:51,100.0,19.3,S
2021-06-25T13:39:40,900.0,19.3,B
2021-06-25T13:39:39,1000.0,19.2,S
2021-06-25T13:39:19,2300.0,19.2,S
2021-06-25T13:37:40,4000.0,19.2,S
2021-06-25T13:34:23,1000.0,19.3,S
2021-06-25T13:32:38,1000.0,19.35,B
2021-06-25T13:29:37,600.0,19.35,B
2021-06-25T13:29:09,1000.0,19.35,B
2021-06-25T13:24:50,3500.0,19.35,B
2021-06-25T13:24:39,4000.0,19.35,S
2021-06-25T13:24:00,1000.0,19.35,S
2021-06-25T13:23:11,5000.0,19.4,B
2021-06-25T13:19:00,1600.0,19.4,S
2021-06-25T13:15:59,1000.0,19.35,S
2021-06-25T13:15:43,1400.0,19.4,B
2021-06-25T13:06:17,1000.0,19.4,S
2021-06-25T13:04:41,1000.0,19.4,S
2021-06-25T13:02:09,3000.0,19.4,S
2021-06-25T13:00:27,100.0,19.45,B
2021-06-25T11:28:37,5000.0,19.45,B
2021-06-25T11:28:21,3600.0,19.35,B
2021-06-25T11:13:05,200.0,19.35,S
2021-06-25T11:12:20,2000.0,19.35,S
2021-06-25T11:03:08,200.0,19.45,B
2021-06-25T11:02:19,200.0,19.4,S
2021-06-25T10:57:56,600.0,19.4,B
2021-06-25T10:56:53,6000.0,19.4,B
2021-06-25T10:56:49,100.0,19.35,S
2021-06-25T10:56:46,100.0,19.4,B
2021-06-25T10:56:46,4900.0,19.4,B
2021-06-25T10:56:36,2700.0,19.35,B
2021-06-25T10:56:32,500.0,19.3,B
2021-06-25T10:56:12,500.0,19.3,B
2021-06-25T10:56:05,600.0,19.3,B
2021-06-25T10:55:08,400.0,19.3,S
2021-06-25T10:54:53,5000.0,19.35,B
2021-06-25T10:54:39,4600.0,19.3,B
2021-06-25T10:54:09,900.0,19.2,B
2021-06-25T10:53:18,100.0,19.2,B
2021-06-25T10:52:59,700.0,19.15,B
2021-06-25T10:52:31,1500.0,19.15,B
2021-06-25T10:52:22,700.0,19.1,S
2021-06-25T10:52:21,300.0,19.1,S
2021-06-25T10:51:44,2000.0,19.15,B
2021-06-25T10:51:18,100.0,19.15,B
2021-06-25T10:51:16,1000.0,19.15,B
2021-06-25T10:50:51,1000.0,19.1,S
2021-06-25T10:50:30,300.0,19.1,B
2021-06-25T10:50:24,100.0,19.1,B
2021-06-25T10:49:42,1000.0,19.1,S
2021-06-25T10:49:14,100.0,19.1,B
2021-06-25T10:48:59,400.0,19.1,B
2021-06-25T10:48:48,1000.0,19.1,B
2021-06-25T10:48:46,500.0,19.1,B
2021-06-25T10:48:42,1000.0,19.1,B
2021-06-25T10:47:56,3100.0,19.1,S
2021-06-25T10:47:39,2000.0,19.1,S
2021-06-25T10:46:47,100.0,19.1,S
2021-06-25T10:46:18,1000.0,19.1,S
2021-06-25T10:45:51,4000.0,19.05,S
2021-06-25T10:45:13,10000.0,19.05,S
2021-06-25T10:44:48,2500.0,19.1,S
2021-06-25T10:43:35,3000.0,19.1,S
2021-06-25T10:43:35,200.0,19.1,S
2021-06-25T10:43:35,300.0,19.15,S
2021-06-25T10:43:02,2000.0,19.1,S
2021-06-25T10:42:20,2300.0,19.1,S
2021-06-25T10:42:14,200.0,19.1,S
2021-06-25T10:41:54,7700.0,19.1,S
2021-06-25T10:41:53,100.0,19.1,S
2021-06-25T10:41:53,36000.0,19.1,S
2021-06-25T10:41:53,1000.0,19.15,S
2021-06-25T10:41:17,500.0,19.15,S
2021-06-25T10:39:52,2000.0,19.15,S
2021-06-25T10:39:32,3000.0,19.15,S
2021-06-25T10:39:32,1600.0,19.2,S
2021-06-25T10:39:32,20400.0,19.2,S
2021-06-25T10:38:02,500.0,19.25,S
2021-06-25T10:37:49,2000.0,19.25,S
2021-06-25T10:37:43,700.0,19.3,B
2021-06-25T10:37:24,1300.0,19.3,B
2021-06-25T10:34:45,200.0,19.3,S
2021-06-25T10:34:44,100.0,19.3,S
2021-06-25T10:33:41,1000.0,19.3,S
2021-06-25T10:33:24,400.0,19.3,S
2021-06-25T10:32:59,100.0,19.3,S
2021-06-25T10:32:29,1800.0,19.3,S
2021-06-25T10:32:29,3200.0,19.3,S
2021-06-25T10:31:45,2900.0,19.3,S
2021-06-25T10:31:42,100.0,19.3,S
2021-06-25T10:31:17,1000.0,19.3,S
2021-06-25T10:30:29,7000.0,19.3,S
2021-06-25T10:30:00,200.0,19.3,S
2021-06-25T10:29:59,100.0,19.3,S
2021-06-25T10:28:21,9900.0,19.35,S
2021-06-25T10:28:13,1000.0,19.35,S
2021-06-25T10:25:37,200.0,19.35,S
2021-06-25T10:25:32,1100.0,19.35,S
2021-06-25T10:22:55,2000.0,19.35,S
2021-06-25T10:22:42,300.0,19.35,S
2021-06-25T10:22:41,3000.0,19.35,S
2021-06-25T10:22:21,200.0,19.35,S
2021-06-25T10:18:16,400.0,19.35,S
2021-06-25T10:17:24,300.0,19.35,S
2021-06-25T10:16:05,400.0,19.35,S
2021-06-25T10:15:12,1000.0,19.35,S
2021-06-25T10:14:52,400.0,19.35,S
2021-06-25T10:13:45,1000.0,19.4,B
2021-06-25T10:12:38,2000.0,19.4,B
2021-06-25T10:08:16,8000.0,19.4,B
2021-06-25T10:05:37,5600.0,19.4,B
2021-06-25T10:05:36,3900.0,19.35,S
2021-06-25T10:05:23,100.0,19.35,S
2021-06-25T10:04:50,100.0,19.35,S
2021-06-25T10:02:15,500.0,19.35,S
2021-06-25T10:01:04,1000.0,19.35,S
2021-06-25T10:00:43,500.0,19.35,S
2021-06-25T09:59:48,1000.0,19.35,S
2021-06-25T09:58:27,500.0,19.4,B
2021-06-25T09:53:58,1000.0,19.4,B
2021-06-25T09:53:38,200.0,19.35,S
2021-06-25T09:53:33,500.0,19.35,S
2021-06-25T09:53:20,600.0,19.35,S
2021-06-25T09:51:39,100.0,19.35,S
2021-06-25T09:51:13,1000.0,19.35,S
2021-06-25T09:51:11,500.0,19.35,S
2021-06-25T09:48:37,3000.0,19.35,S
2021-06-25T09:45:44,200.0,19.35,B
2021-06-25T09:44:53,2300.0,19.35,B
2021-06-25T09:43:59,4600.0,19.3,S
2021-06-25T09:43:10,2100.0,19.3,S
2021-06-25T09:42:25,1000.0,19.3,S
2021-06-25T09:41:48,600.0,19.3,S
2021-06-25T09:41:41,1000.0,19.3,S
2021-06-25T09:40:02,1000.0,19.3,S
2021-06-25T09:39:24,100.0,19.3,B
2021-06-25T09:39:17,1000.0,19.3,B
2021-06-25T09:39:12,3900.0,19.3,S
2021-06-25T09:38:52,800.0,19.3,S
2021-06-25T09:38:22,800.0,19.3,S
2021-06-25T09:37:04,3300.0,19.3,B
2021-06-25T09:35:40,3200.0,19.3,S
2021-06-25T09:32:29,200.0,19.3,S
2021-06-25T09:29:42,100.0,19.3,S
2021-06-25T09:28:59,4000.0,19.3,S
2021-06-25T09:27:56,800.0,19.3,S
2021-06-25T09:27:52,500.0,19.4,S
2021-06-25T09:27:19,200.0,19.4,S
2021-06-25T09:26:48,500.0,19.4,S
2021-06-25T09:26:30,500.0,19.4,S
2021-06-25T09:26:18,300.0,19.4,S
2021-06-25T09:25:17,300.0,19.4,B
2021-06-25T09:24:59,4300.0,19.3,S
2021-06-25T09:23:39,900.0,19.3,B
2021-06-25T09:23:39,800.0,19.3,B
2021-06-25T09:23:16,300.0,19.3,B
2021-06-25T09:22:47,300.0,19.25,S
2021-06-25T09:22:19,600.0,19.25,S
2021-06-25T09:21:13,500.0,19.25,S
2021-06-25T09:21:07,1400.0,19.25,S
2021-06-25T09:20:16,2300.0,19.25,B
2021-06-25T09:20:16,300.0,19.25,B
2021-06-25T09:19:12,300.0,19.2,S
2021-06-25T09:19:11,2300.0,19.2,S
2021-06-25T09:18:34,500.0,19.2,S
2021-06-25T09:18:22,200.0,19.2,S
2021-06-25T09:18:18,300.0,19.2,S
2021-06-25T09:16:32,500.0,19.1,S
