tradingTime,volume,price,side
2021-06-25T14:29:57,2100.0,3.92,B
2021-06-25T14:28:12,200.0,3.92,B
2021-06-25T14:26:56,200.0,3.92,S
2021-06-25T14:26:46,2000.0,3.93,B
2021-06-25T14:20:09,4200.0,3.9,S
2021-06-25T14:19:23,2000.0,3.93,B
2021-06-25T14:19:21,3000.0,3.92,S
2021-06-25T14:18:12,2000.0,3.93,B
2021-06-25T14:18:01,2000.0,3.92,S
2021-06-25T14:17:00,200.0,3.92,S
2021-06-25T14:16:58,100.0,3.93,B
2021-06-25T14:15:56,100.0,3.93,B
2021-06-25T14:15:40,100.0,3.93,B
2021-06-25T14:10:49,2000.0,3.93,B
2021-06-25T14:10:35,500.0,3.92,S
2021-06-25T14:10:33,200.0,3.93,B
2021-06-25T14:09:10,100.0,3.92,B
2021-06-25T14:08:50,100.0,3.9,S
2021-06-25T14:08:50,1000.0,3.9,S
2021-06-25T14:08:50,7900.0,3.9,S
2021-06-25T14:08:50,1000.0,3.91,S
2021-06-25T14:07:40,1500.0,3.92,B
2021-06-25T14:05:45,2900.0,3.92,S
2021-06-25T14:05:39,1100.0,3.93,B
2021-06-25T14:05:20,8700.0,3.92,S
2021-06-25T14:03:40,12900.0,3.93,B
2021-06-25T14:01:51,1100.0,3.92,S
2021-06-25T14:01:50,1100.0,3.93,B
2021-06-25T13:57:09,1000.0,3.93,B
2021-06-25T13:54:59,4100.0,3.92,S
2021-06-25T13:54:24,200.0,3.93,B
2021-06-25T13:53:09,100.0,3.93,B
2021-06-25T13:51:51,200.0,3.93,B
2021-06-25T13:49:42,100.0,3.93,B
2021-06-25T13:45:58,200.0,3.92,S
2021-06-25T13:45:53,500.0,3.93,B
2021-06-25T13:45:19,1000.0,3.93,B
2021-06-25T13:45:04,300.0,3.92,S
2021-06-25T13:44:04,1000.0,3.93,S
2021-06-25T13:43:06,2000.0,3.94,B
2021-06-25T13:42:43,100.0,3.94,B
2021-06-25T13:42:25,100.0,3.94,B
2021-06-25T13:40:26,100.0,3.93,B
2021-06-25T13:37:42,200.0,3.93,S
2021-06-25T13:37:00,100.0,3.94,B
2021-06-25T13:36:06,100.0,3.94,B
2021-06-25T13:35:33,100.0,3.93,B
2021-06-25T13:31:55,1000.0,3.94,B
2021-06-25T13:25:43,18500.0,3.94,B
2021-06-25T13:25:43,1500.0,3.91,B
2021-06-25T13:24:43,100.0,3.91,S
2021-06-25T13:24:43,100.0,3.91,S
2021-06-25T13:24:43,3300.0,3.91,S
2021-06-25T13:24:10,100.0,3.93,B
2021-06-25T13:23:17,100.0,3.93,B
2021-06-25T13:23:07,2400.0,3.91,S
2021-06-25T13:23:07,1300.0,3.91,S
2021-06-25T13:22:01,100.0,3.93,B
2021-06-25T13:20:50,100.0,3.9,S
2021-06-25T13:18:41,1000.0,3.91,B
2021-06-25T13:18:08,5000.0,3.9,S
2021-06-25T13:16:49,700.0,3.9,S
2021-06-25T13:15:49,1000.0,3.91,B
2021-06-25T13:15:38,500.0,3.91,B
2021-06-25T13:15:23,100.0,3.91,B
2021-06-25T13:14:55,5200.0,3.91,S
2021-06-25T13:14:55,1100.0,3.91,S
2021-06-25T13:12:21,1000.0,3.91,S
2021-06-25T13:10:55,1100.0,3.91,S
2021-06-25T13:10:14,5000.0,3.92,B
2021-06-25T13:07:21,200.0,3.93,B
2021-06-25T13:06:49,5400.0,3.93,B
2021-06-25T13:02:34,400.0,3.93,B
2021-06-25T13:01:56,4600.0,3.93,S
2021-06-25T13:00:25,700.0,3.93,B
2021-06-25T13:00:14,100.0,3.93,B
2021-06-25T11:27:21,500.0,3.93,B
2021-06-25T11:26:23,600.0,3.93,B
2021-06-25T11:21:30,1000.0,3.93,B
2021-06-25T11:21:21,1000.0,3.93,B
2021-06-25T11:14:07,2500.0,3.9,S
2021-06-25T11:14:07,7500.0,3.9,S
2021-06-25T11:13:03,200.0,3.9,S
2021-06-25T11:12:49,100.0,3.9,S
2021-06-25T11:10:45,100.0,3.9,S
2021-06-25T11:10:12,1900.0,3.9,S
2021-06-25T11:10:01,2500.0,3.9,S
2021-06-25T11:09:26,100.0,3.91,S
2021-06-25T11:07:13,100.0,3.91,S
2021-06-25T11:03:21,100.0,3.9,S
2021-06-25T11:00:00,800.0,3.9,S
2021-06-25T10:58:25,600.0,3.9,S
2021-06-25T10:57:11,500.0,3.9,B
2021-06-25T10:57:00,200.0,3.9,B
2021-06-25T10:56:34,8600.0,3.9,S
2021-06-25T10:54:27,3600.0,3.9,S
2021-06-25T10:54:26,2300.0,3.9,S
2021-06-25T10:53:07,1000.0,3.94,B
2021-06-25T10:52:43,4700.0,3.9,S
2021-06-25T10:47:53,10000.0,3.89,S
2021-06-25T10:47:40,500.0,3.93,B
2021-06-25T10:46:09,600.0,3.93,B
2021-06-25T10:46:01,100.0,3.93,B
2021-06-25T10:45:54,300.0,3.93,B
2021-06-25T10:39:31,100.0,3.95,B
2021-06-25T10:39:29,1600.0,3.9,S
2021-06-25T10:36:09,2800.0,3.89,S
2021-06-25T10:36:08,12200.0,3.9,S
2021-06-25T10:35:19,500.0,3.92,S
2021-06-25T10:34:29,700.0,3.93,B
2021-06-25T10:33:57,200.0,3.93,B
2021-06-25T10:33:32,500.0,3.93,S
2021-06-25T10:33:30,2000.0,3.93,S
2021-06-25T10:33:29,2000.0,3.93,S
2021-06-25T10:33:02,1000.0,3.93,S
2021-06-25T10:32:33,2000.0,3.93,S
2021-06-25T10:32:19,400.0,3.93,S
2021-06-25T10:29:42,2500.0,3.94,S
2021-06-25T10:29:42,5900.0,3.94,S
2021-06-25T10:28:07,100.0,3.95,B
2021-06-25T10:26:31,700.0,3.95,S
2021-06-25T10:26:15,900.0,3.95,S
2021-06-25T10:26:14,200.0,3.95,S
2021-06-25T10:25:57,2100.0,3.95,S
2021-06-25T10:25:57,12900.0,3.95,S
2021-06-25T10:25:43,2000.0,3.95,S
2021-06-25T10:25:18,2600.0,3.95,S
2021-06-25T10:24:30,1000.0,3.95,S
2021-06-25T10:22:11,500.0,3.95,S
2021-06-25T10:20:27,2000.0,3.96,B
2021-06-25T10:17:55,100.0,3.95,S
2021-06-25T10:17:49,900.0,3.95,S
2021-06-25T10:17:35,100.0,3.95,B
2021-06-25T10:16:58,300.0,3.95,S
2021-06-25T10:16:53,1000.0,3.96,B
2021-06-25T10:15:57,200.0,3.96,B
2021-06-25T10:15:11,2000.0,3.96,B
2021-06-25T10:15:03,7800.0,3.94,S
2021-06-25T10:15:03,6400.0,3.94,S
2021-06-25T10:15:03,100.0,3.95,S
2021-06-25T10:15:03,1800.0,3.95,S
2021-06-25T10:15:03,19900.0,3.95,S
2021-06-25T10:14:54,100.0,3.96,B
2021-06-25T10:14:35,200.0,3.96,B
2021-06-25T10:14:11,1000.0,3.96,B
2021-06-25T10:12:46,1200.0,3.96,B
2021-06-25T10:12:46,1800.0,3.96,B
2021-06-25T10:12:21,100.0,3.96,B
2021-06-25T10:12:08,100.0,3.96,S
2021-06-25T10:11:25,4800.0,3.96,S
2021-06-25T10:11:10,4400.0,3.96,S
2021-06-25T10:10:54,200.0,3.96,S
2021-06-25T10:10:01,300.0,3.97,B
2021-06-25T10:09:35,700.0,3.97,S
2021-06-25T10:08:16,1000.0,3.97,B
2021-06-25T10:07:43,700.0,3.97,B
2021-06-25T10:07:35,3000.0,3.97,S
2021-06-25T10:06:17,14000.0,3.97,S
2021-06-25T10:05:40,1500.0,3.99,B
2021-06-25T10:05:40,10500.0,3.99,B
2021-06-25T10:05:37,3000.0,3.97,S
2021-06-25T10:05:07,400.0,3.98,B
2021-06-25T10:05:06,2300.0,3.98,B
2021-06-25T10:05:06,900.0,3.98,B
2021-06-25T10:05:06,3800.0,3.98,B
2021-06-25T10:05:00,5000.0,3.97,S
2021-06-25T10:04:57,1300.0,3.98,B
2021-06-25T10:04:47,1300.0,3.98,B
2021-06-25T10:03:50,4000.0,3.98,B
2021-06-25T10:03:45,4000.0,3.97,S
2021-06-25T10:03:05,10000.0,3.97,S
2021-06-25T10:02:23,600.0,3.97,B
2021-06-25T10:02:13,3000.0,3.97,B
2021-06-25T10:02:02,1500.0,3.97,S
2021-06-25T10:01:38,100.0,3.97,S
2021-06-25T10:01:28,1900.0,3.97,B
2021-06-25T10:00:50,500.0,3.97,B
2021-06-25T10:00:46,200.0,3.96,S
2021-06-25T10:00:24,1500.0,3.97,B
2021-06-25T10:00:12,300.0,3.96,S
2021-06-25T09:59:59,2700.0,3.97,S
2021-06-25T09:59:52,100.0,3.98,B
2021-06-25T09:58:50,500.0,3.97,S
2021-06-25T09:58:45,5000.0,3.97,S
2021-06-25T09:58:01,19500.0,3.97,B
2021-06-25T09:57:55,4900.0,3.96,B
2021-06-25T09:57:46,900.0,3.96,B
2021-06-25T09:57:26,5000.0,3.96,B
2021-06-25T09:57:19,1200.0,3.96,B
2021-06-25T09:57:11,300.0,3.96,B
2021-06-25T09:56:52,4600.0,3.96,B
2021-06-25T09:56:37,5000.0,3.96,B
2021-06-25T09:55:49,4100.0,3.95,B
2021-06-25T09:55:03,1000.0,3.94,S
2021-06-25T09:54:56,3600.0,3.94,B
2021-06-25T09:54:54,1500.0,3.94,B
2021-06-25T09:54:44,2000.0,3.94,B
2021-06-25T09:54:14,1000.0,3.94,B
2021-06-25T09:54:14,4000.0,3.94,B
2021-06-25T09:54:14,1000.0,3.94,B
2021-06-25T09:53:49,500.0,3.94,B
2021-06-25T09:53:43,5000.0,3.93,S
2021-06-25T09:52:39,1000.0,3.94,B
2021-06-25T09:51:29,5400.0,3.93,B
2021-06-25T09:51:29,3000.0,3.93,B
2021-06-25T09:50:40,300.0,3.93,B
2021-06-25T09:50:28,4300.0,3.93,S
2021-06-25T09:50:24,2000.0,3.93,S
2021-06-25T09:50:11,500.0,3.93,S
2021-06-25T09:49:38,1000.0,3.93,S
2021-06-25T09:49:34,3900.0,3.93,S
2021-06-25T09:49:07,8300.0,3.93,B
2021-06-25T09:48:32,5000.0,3.93,B
2021-06-25T09:48:10,2400.0,3.9,S
2021-06-25T09:47:10,3000.0,3.9,S
2021-06-25T09:47:04,3600.0,3.92,B
2021-06-25T09:46:54,1000.0,3.91,S
2021-06-25T09:46:46,4000.0,3.91,B
2021-06-25T09:46:24,1000.0,3.9,S
2021-06-25T09:45:23,8000.0,3.9,S
2021-06-25T09:44:25,2900.0,3.91,S
2021-06-25T09:43:52,100.0,3.92,B
2021-06-25T09:43:41,100.0,3.91,S
2021-06-25T09:39:50,6500.0,3.94,B
2021-06-25T09:39:35,100.0,3.94,B
2021-06-25T09:36:07,100.0,3.94,B
2021-06-25T09:35:40,100.0,3.91,S
2021-06-25T09:33:35,1000.0,3.9,B
2021-06-25T09:32:42,2300.0,3.9,B
2021-06-25T09:30:35,5000.0,3.9,B
2021-06-25T09:28:15,100.0,3.9,B
2021-06-25T09:27:28,300.0,3.88,S
2021-06-25T09:26:52,400.0,3.9,S
2021-06-25T09:25:19,100.0,3.9,S
2021-06-25T09:25:19,200.0,3.9,S
2021-06-25T09:25:13,200.0,3.9,S
2021-06-25T09:24:50,600.0,3.9,B
2021-06-25T09:23:42,500.0,3.9,B
2021-06-25T09:21:54,300.0,3.9,S
2021-06-25T09:21:39,1000.0,3.9,S
2021-06-25T09:21:20,200.0,3.9,S
2021-06-25T09:21:13,300.0,3.9,B
2021-06-25T09:21:09,13200.0,3.9,B
2021-06-25T09:21:07,300.0,3.9,B
2021-06-25T09:21:07,4300.0,3.9,B
2021-06-25T09:17:35,300.0,3.9,B
2021-06-25T09:17:04,300.0,3.9,B
2021-06-25T09:16:36,100.0,3.9,S
2021-06-25T09:15:59,1500.0,3.9,S
