tradingTime,volume,price,side
2021-06-25T14:30:07,400.0,7.72,S
2021-06-25T14:29:03,200.0,7.72,S
2021-06-25T14:28:49,100.0,7.72,S
2021-06-25T14:28:43,500.0,7.72,S
2021-06-25T14:27:54,400.0,7.72,S
2021-06-25T14:27:27,300.0,7.72,S
2021-06-25T14:27:01,1000.0,7.72,S
2021-06-25T14:26:48,700.0,7.72,S
2021-06-25T14:26:32,100.0,7.72,S
2021-06-25T14:25:44,8300.0,7.72,S
2021-06-25T14:25:11,1000.0,7.72,S
2021-06-25T14:24:42,2600.0,7.72,S
2021-06-25T14:24:27,1000.0,7.72,S
2021-06-25T14:23:53,5000.0,7.72,S
2021-06-25T14:22:50,2300.0,7.72,S
2021-06-25T14:22:23,1000.0,7.72,S
2021-06-25T14:21:21,100.0,7.72,S
2021-06-25T14:19:44,2000.0,7.72,S
2021-06-25T14:17:15,1000.0,7.72,S
2021-06-25T14:16:10,200.0,7.72,S
2021-06-25T14:16:07,500.0,7.72,S
2021-06-25T14:15:52,2000.0,7.72,S
2021-06-25T14:14:18,300.0,7.72,S
2021-06-25T14:14:08,1000.0,7.72,S
2021-06-25T14:12:22,1300.0,7.72,S
2021-06-25T14:11:32,300.0,7.72,S
2021-06-25T14:10:47,100.0,7.72,S
2021-06-25T14:09:38,2100.0,7.72,S
2021-06-25T14:09:00,500.0,7.72,S
2021-06-25T14:08:50,300.0,7.72,S
2021-06-25T14:07:02,3000.0,7.72,S
2021-06-25T14:06:50,2000.0,7.72,S
2021-06-25T14:04:50,300.0,7.72,S
2021-06-25T14:04:28,700.0,7.72,S
2021-06-25T14:00:34,2000.0,7.72,S
2021-06-25T14:00:15,4000.0,7.72,S
2021-06-25T13:57:38,2000.0,7.72,S
2021-06-25T13:57:25,1000.0,7.72,S
2021-06-25T13:56:56,8600.0,7.72,S
2021-06-25T13:56:44,1000.0,7.72,S
2021-06-25T13:56:39,10300.0,7.72,S
2021-06-25T13:56:16,1000.0,7.72,S
2021-06-25T13:54:16,200.0,7.72,S
2021-06-25T13:52:18,100.0,7.72,S
2021-06-25T13:52:08,200.0,7.72,S
2021-06-25T13:51:40,400.0,7.72,S
2021-06-25T13:50:58,600.0,7.72,S
2021-06-25T13:50:35,800.0,7.72,S
2021-06-25T13:49:55,200.0,7.72,S
2021-06-25T13:48:26,100.0,7.72,S
2021-06-25T13:47:46,800.0,7.72,S
2021-06-25T13:47:03,5000.0,7.72,S
2021-06-25T13:46:21,500.0,7.72,S
2021-06-25T13:45:55,1000.0,7.72,S
2021-06-25T13:45:32,400.0,7.72,S
2021-06-25T13:43:33,500.0,7.72,S
2021-06-25T13:41:39,100.0,7.72,S
2021-06-25T13:41:03,100.0,7.72,S
2021-06-25T13:40:52,1600.0,7.72,S
2021-06-25T13:37:37,100.0,7.72,S
2021-06-25T13:36:44,200.0,7.72,S
2021-06-25T13:36:33,100.0,7.72,S
2021-06-25T13:36:33,500.0,7.72,S
2021-06-25T13:36:27,5000.0,7.72,S
2021-06-25T13:35:07,200.0,7.72,S
2021-06-25T13:34:24,2000.0,7.72,S
2021-06-25T13:33:55,900.0,7.72,S
2021-06-25T13:32:20,2000.0,7.72,S
2021-06-25T13:32:06,1100.0,7.72,S
2021-06-25T13:32:06,100.0,7.72,S
2021-06-25T13:31:05,2000.0,7.72,S
2021-06-25T13:30:58,10000.0,7.72,S
2021-06-25T13:30:38,3900.0,7.72,S
2021-06-25T13:29:53,100.0,7.72,S
2021-06-25T13:28:58,500.0,7.72,S
2021-06-25T13:26:42,500.0,7.72,S
2021-06-25T13:26:16,100.0,7.72,S
2021-06-25T13:26:00,500.0,7.72,S
2021-06-25T13:25:54,2000.0,7.72,S
2021-06-25T13:25:13,100.0,7.72,S
2021-06-25T13:25:01,1200.0,7.72,S
2021-06-25T13:24:32,700.0,7.72,S
2021-06-25T13:24:14,10000.0,7.72,S
2021-06-25T13:23:57,200.0,7.72,S
2021-06-25T13:22:59,200.0,7.72,S
2021-06-25T13:22:51,1000.0,7.72,S
2021-06-25T13:22:10,2000.0,7.72,S
2021-06-25T13:20:57,10000.0,7.72,S
2021-06-25T13:19:17,10200.0,7.72,S
2021-06-25T13:16:55,400.0,7.72,S
2021-06-25T13:16:34,500.0,7.72,S
2021-06-25T13:16:17,300.0,7.72,S
2021-06-25T13:15:35,900.0,7.72,S
2021-06-25T13:15:15,1000.0,7.72,S
2021-06-25T13:15:05,1300.0,7.72,S
2021-06-25T13:13:53,100.0,7.72,S
2021-06-25T13:12:30,200.0,7.72,S
2021-06-25T13:11:42,7300.0,7.72,S
2021-06-25T13:11:42,4000.0,7.72,S
2021-06-25T13:11:42,3600.0,7.72,S
2021-06-25T13:11:42,7700.0,7.72,S
2021-06-25T13:11:42,6500.0,7.72,S
2021-06-25T13:11:41,10900.0,7.72,S
2021-06-25T13:09:33,500.0,7.72,S
2021-06-25T13:08:43,5000.0,7.72,S
2021-06-25T13:08:30,900.0,7.72,S
2021-06-25T13:08:16,100.0,7.72,S
2021-06-25T13:05:25,900.0,7.72,S
2021-06-25T13:04:49,500.0,7.72,S
2021-06-25T13:04:24,200.0,7.72,S
2021-06-25T13:04:17,400.0,7.72,S
2021-06-25T13:04:02,100.0,7.72,S
2021-06-25T13:03:50,16000.0,7.72,S
2021-06-25T13:03:48,500.0,7.72,S
2021-06-25T13:03:45,100.0,7.72,S
2021-06-25T13:01:47,200.0,7.72,S
2021-06-25T13:01:02,2000.0,7.72,S
2021-06-25T13:00:55,500.0,7.72,S
2021-06-25T13:00:52,1500.0,7.72,S
2021-06-25T13:00:29,200.0,7.72,S
2021-06-25T13:00:29,1000.0,7.72,S
2021-06-25T13:00:29,800.0,7.72,S
2021-06-25T13:00:29,1000.0,7.72,S
2021-06-25T13:00:27,2100.0,7.72,S
2021-06-25T13:00:27,300.0,7.72,S
2021-06-25T13:00:27,300.0,7.72,S
2021-06-25T13:00:27,100.0,7.72,S
2021-06-25T13:00:25,100.0,7.72,S
2021-06-25T13:00:25,100.0,7.72,S
2021-06-25T13:00:25,300.0,7.72,S
2021-06-25T13:00:25,4200.0,7.72,S
2021-06-25T13:00:25,200.0,7.72,S
2021-06-25T13:00:25,5900.0,7.72,S
2021-06-25T13:00:25,1000.0,7.72,S
2021-06-25T13:00:25,3000.0,7.72,S
2021-06-25T13:00:25,600.0,7.72,S
2021-06-25T13:00:25,5600.0,7.72,S
2021-06-25T13:00:25,14400.0,7.72,S
2021-06-25T13:00:25,100.0,7.72,S
2021-06-25T13:00:21,1000.0,7.72,S
2021-06-25T13:00:21,1100.0,7.72,S
2021-06-25T13:00:21,500.0,7.72,S
2021-06-25T13:00:21,1000.0,7.72,S
2021-06-25T13:00:21,2000.0,7.72,S
2021-06-25T13:00:21,100.0,7.72,S
2021-06-25T13:00:21,3000.0,7.72,S
2021-06-25T13:00:21,100.0,7.72,S
2021-06-25T13:00:21,3500.0,7.72,S
2021-06-25T13:00:21,300.0,7.72,S
2021-06-25T13:00:14,100.0,7.72,S
2021-06-25T13:00:14,400.0,7.72,S
2021-06-25T13:00:14,1700.0,7.72,S
2021-06-25T13:00:14,10000.0,7.72,S
2021-06-25T13:00:14,5000.0,7.72,S
2021-06-25T13:00:10,500.0,7.72,S
2021-06-25T11:29:32,600.0,7.72,S
2021-06-25T11:29:17,1500.0,7.72,S
2021-06-25T11:28:22,5000.0,7.72,S
2021-06-25T11:27:44,500.0,7.72,S
2021-06-25T11:27:20,3000.0,7.72,S
2021-06-25T11:26:37,300.0,7.72,S
2021-06-25T11:26:16,500.0,7.72,S
2021-06-25T11:25:37,100.0,7.72,S
2021-06-25T11:25:34,12100.0,7.72,S
2021-06-25T11:25:34,3900.0,7.72,S
2021-06-25T11:25:34,100.0,7.72,S
2021-06-25T11:24:59,400.0,7.72,S
2021-06-25T11:24:15,100.0,7.72,S
2021-06-25T11:22:29,3000.0,7.72,S
2021-06-25T11:20:14,1000.0,7.72,S
2021-06-25T11:19:53,200.0,7.72,S
2021-06-25T11:19:15,400.0,7.72,S
2021-06-25T11:16:44,400.0,7.72,S
2021-06-25T11:15:59,500.0,7.72,S
2021-06-25T11:15:59,5000.0,7.72,S
2021-06-25T11:15:54,1500.0,7.72,S
2021-06-25T11:15:09,2000.0,7.72,S
2021-06-25T11:14:54,1000.0,7.72,S
2021-06-25T11:14:49,200.0,7.72,S
2021-06-25T11:14:21,1900.0,7.72,S
2021-06-25T11:14:13,1000.0,7.72,S
2021-06-25T11:13:10,700.0,7.72,S
2021-06-25T11:13:06,100.0,7.72,S
2021-06-25T11:12:53,1900.0,7.72,S
2021-06-25T11:11:40,1700.0,7.72,S
2021-06-25T11:11:32,3000.0,7.72,S
2021-06-25T11:11:22,10000.0,7.72,S
2021-06-25T11:10:59,2000.0,7.72,S
2021-06-25T11:10:26,5000.0,7.72,S
2021-06-25T11:10:24,200.0,7.72,S
2021-06-25T11:09:54,1000.0,7.72,S
2021-06-25T11:09:39,5000.0,7.72,S
2021-06-25T11:09:31,2000.0,7.72,S
2021-06-25T11:09:18,3500.0,7.72,S
2021-06-25T11:08:45,200.0,7.72,S
2021-06-25T11:07:56,400.0,7.72,S
2021-06-25T11:07:56,2000.0,7.72,S
2021-06-25T11:07:44,200.0,7.72,S
2021-06-25T11:07:30,2000.0,7.72,S
2021-06-25T11:07:13,800.0,7.72,S
2021-06-25T11:06:56,1600.0,7.72,S
2021-06-25T11:05:52,3000.0,7.72,S
2021-06-25T11:05:18,500.0,7.72,S
2021-06-25T11:04:57,400.0,7.72,S
2021-06-25T11:03:49,4000.0,7.72,S
2021-06-25T11:02:54,5000.0,7.72,S
2021-06-25T11:02:48,100.0,7.72,S
2021-06-25T11:02:34,100.0,7.72,S
2021-06-25T11:02:21,500.0,7.72,S
2021-06-25T11:01:56,3000.0,7.72,S
2021-06-25T10:58:34,2000.0,7.72,S
2021-06-25T10:58:18,200.0,7.72,S
2021-06-25T10:58:16,20000.0,7.72,S
2021-06-25T10:57:56,200.0,7.72,S
2021-06-25T10:57:52,100.0,7.72,S
2021-06-25T10:56:30,100.0,7.72,S
2021-06-25T10:56:06,1300.0,7.72,S
2021-06-25T10:55:59,500.0,7.72,S
2021-06-25T10:55:52,400.0,7.72,S
2021-06-25T10:55:45,500.0,7.72,S
2021-06-25T10:55:36,2200.0,7.72,S
2021-06-25T10:55:36,2300.0,7.72,S
2021-06-25T10:55:29,2000.0,7.72,S
2021-06-25T10:54:06,100.0,7.72,S
2021-06-25T10:54:04,400.0,7.72,S
2021-06-25T10:54:01,1000.0,7.72,S
2021-06-25T10:53:54,3900.0,7.72,S
2021-06-25T10:53:54,100.0,7.72,S
2021-06-25T10:53:38,1000.0,7.72,S
2021-06-25T10:53:22,500.0,7.72,S
2021-06-25T10:52:52,400.0,7.72,S
2021-06-25T10:52:47,4400.0,7.72,S
2021-06-25T10:51:42,500.0,7.72,S
2021-06-25T10:51:41,1000.0,7.72,S
2021-06-25T10:51:39,3200.0,7.72,S
2021-06-25T10:50:50,400.0,7.72,S
2021-06-25T10:50:12,1000.0,7.72,S
2021-06-25T10:50:05,700.0,7.72,S
2021-06-25T10:49:48,400.0,7.72,S
2021-06-25T10:49:15,400.0,7.72,S
2021-06-25T10:49:09,2000.0,7.72,S
2021-06-25T10:49:02,10000.0,7.72,S
2021-06-25T10:48:12,100.0,7.72,S
2021-06-25T10:48:11,2000.0,7.72,S
2021-06-25T10:47:38,300.0,7.72,S
2021-06-25T10:47:34,1000.0,7.72,S
2021-06-25T10:47:30,1500.0,7.72,S
2021-06-25T10:47:18,100.0,7.72,S
2021-06-25T10:46:41,400.0,7.72,S
2021-06-25T10:46:36,17000.0,7.72,S
2021-06-25T10:45:52,500.0,7.72,S
2021-06-25T10:45:25,500.0,7.72,S
2021-06-25T10:45:10,200.0,7.72,S
2021-06-25T10:44:36,700.0,7.72,S
2021-06-25T10:44:12,500.0,7.72,S
2021-06-25T10:43:57,3000.0,7.72,S
2021-06-25T10:43:55,300.0,7.72,S
2021-06-25T10:43:52,15800.0,7.72,S
2021-06-25T10:43:42,2200.0,7.72,S
2021-06-25T10:43:09,3000.0,7.72,S
2021-06-25T10:43:04,100.0,7.72,S
2021-06-25T10:42:54,200.0,7.72,S
2021-06-25T10:42:51,500.0,7.72,S
2021-06-25T10:42:45,1000.0,7.72,S
2021-06-25T10:42:22,5000.0,7.72,S
2021-06-25T10:42:17,1600.0,7.72,S
2021-06-25T10:41:52,500.0,7.72,S
2021-06-25T10:41:23,5500.0,7.72,S
2021-06-25T10:41:15,500.0,7.72,S
2021-06-25T10:41:14,100.0,7.72,S
2021-06-25T10:41:00,3000.0,7.72,S
2021-06-25T10:40:05,10000.0,7.72,S
2021-06-25T10:39:52,1000.0,7.72,S
2021-06-25T10:39:13,3000.0,7.72,S
2021-06-25T10:39:10,1000.0,7.72,S
2021-06-25T10:39:05,100.0,7.72,S
2021-06-25T10:37:55,1000.0,7.72,S
2021-06-25T10:37:41,300.0,7.72,S
2021-06-25T10:37:40,1000.0,7.72,S
2021-06-25T10:37:30,3000.0,7.72,S
2021-06-25T10:37:16,400.0,7.72,S
2021-06-25T10:37:15,10000.0,7.72,S
2021-06-25T10:36:30,1700.0,7.72,S
2021-06-25T10:36:30,1300.0,7.72,S
2021-06-25T10:36:18,300.0,7.72,S
2021-06-25T10:35:54,500.0,7.72,S
2021-06-25T10:35:53,200.0,7.72,S
2021-06-25T10:34:56,2000.0,7.72,S
2021-06-25T10:34:44,300.0,7.72,S
2021-06-25T10:34:11,100.0,7.72,S
2021-06-25T10:33:56,400.0,7.72,S
2021-06-25T10:33:50,6000.0,7.72,S
2021-06-25T10:33:44,1000.0,7.72,S
2021-06-25T10:33:42,500.0,7.72,S
2021-06-25T10:33:36,400.0,7.72,S
2021-06-25T10:33:19,500.0,7.72,S
2021-06-25T10:32:43,1500.0,7.72,S
2021-06-25T10:32:43,1500.0,7.72,S
2021-06-25T10:32:26,300.0,7.72,S
2021-06-25T10:32:18,200.0,7.72,S
2021-06-25T10:32:02,500.0,7.72,S
2021-06-25T10:32:00,500.0,7.72,S
2021-06-25T10:31:51,200.0,7.72,S
2021-06-25T10:31:36,200.0,7.72,S
2021-06-25T10:31:35,8000.0,7.72,S
2021-06-25T10:31:22,300.0,7.72,S
2021-06-25T10:31:18,1000.0,7.72,S
2021-06-25T10:31:07,700.0,7.72,S
2021-06-25T10:30:49,5000.0,7.72,S
2021-06-25T10:30:24,500.0,7.72,S
2021-06-25T10:30:05,200.0,7.72,S
2021-06-25T10:29:50,100.0,7.72,S
2021-06-25T10:29:44,2100.0,7.72,S
2021-06-25T10:29:11,100.0,7.72,S
2021-06-25T10:29:00,100.0,7.72,S
2021-06-25T10:28:50,500.0,7.72,S
2021-06-25T10:28:28,2000.0,7.72,S
2021-06-25T10:28:23,2500.0,7.72,S
2021-06-25T10:28:01,1000.0,7.72,S
2021-06-25T10:28:01,10000.0,7.72,S
2021-06-25T10:28:01,200.0,7.72,S
2021-06-25T10:27:17,100.0,7.72,S
2021-06-25T10:27:17,5000.0,7.72,S
2021-06-25T10:27:10,1000.0,7.72,S
2021-06-25T10:26:45,200.0,7.72,S
2021-06-25T10:25:34,1000.0,7.72,S
2021-06-25T10:25:32,100.0,7.72,S
2021-06-25T10:25:29,500.0,7.72,S
2021-06-25T10:25:29,2000.0,7.72,S
2021-06-25T10:25:29,16000.0,7.72,S
2021-06-25T10:25:29,8100.0,7.72,S
2021-06-25T10:25:29,3900.0,7.72,S
2021-06-25T10:25:15,100.0,7.72,S
2021-06-25T10:24:43,1500.0,7.72,S
2021-06-25T10:24:31,1000.0,7.72,S
2021-06-25T10:24:22,2000.0,7.72,S
2021-06-25T10:24:11,100.0,7.72,S
2021-06-25T10:23:48,500.0,7.72,S
2021-06-25T10:23:25,800.0,7.72,S
2021-06-25T10:22:46,3000.0,7.72,S
2021-06-25T10:22:38,6500.0,7.72,S
2021-06-25T10:22:36,600.0,7.72,S
2021-06-25T10:22:24,400.0,7.72,S
2021-06-25T10:22:04,200.0,7.72,S
2021-06-25T10:21:30,300.0,7.72,S
2021-06-25T10:21:28,1000.0,7.72,S
2021-06-25T10:21:10,1000.0,7.72,S
2021-06-25T10:20:53,100.0,7.72,S
2021-06-25T10:20:51,200.0,7.72,S
2021-06-25T10:20:41,500.0,7.72,S
2021-06-25T10:20:41,2000.0,7.72,S
2021-06-25T10:20:21,4700.0,7.72,S
2021-06-25T10:20:21,7000.0,7.72,S
2021-06-25T10:20:21,8300.0,7.72,S
2021-06-25T10:20:17,1300.0,7.72,S
2021-06-25T10:20:17,9800.0,7.72,S
2021-06-25T10:20:17,5500.0,7.72,S
2021-06-25T10:20:17,23400.0,7.72,S
2021-06-25T10:20:12,4000.0,7.72,S
2021-06-25T10:20:10,800.0,7.72,S
2021-06-25T10:19:55,100.0,7.72,S
2021-06-25T10:18:42,100.0,7.72,S
2021-06-25T10:18:28,1000.0,7.72,S
2021-06-25T10:18:21,100.0,7.72,S
2021-06-25T10:18:03,2200.0,7.72,S
2021-06-25T10:17:56,1200.0,7.72,S
2021-06-25T10:17:39,3000.0,7.72,S
2021-06-25T10:17:29,14400.0,7.72,S
2021-06-25T10:17:29,20000.0,7.72,S
2021-06-25T10:17:29,12500.0,7.72,S
2021-06-25T10:17:29,42800.0,7.72,S
2021-06-25T10:17:29,3400.0,7.72,S
2021-06-25T10:17:29,6900.0,7.72,S
2021-06-25T10:17:18,10000.0,7.72,S
2021-06-25T10:17:18,200.0,7.72,S
2021-06-25T10:17:13,900.0,7.72,S
2021-06-25T10:16:55,400.0,7.72,S
2021-06-25T10:16:50,2000.0,7.72,S
2021-06-25T10:16:47,9600.0,7.72,S
2021-06-25T10:16:02,10000.0,7.72,S
2021-06-25T10:15:56,1000.0,7.72,S
2021-06-25T10:15:36,1000.0,7.72,S
2021-06-25T10:15:33,900.0,7.72,S
2021-06-25T10:15:33,1600.0,7.72,S
2021-06-25T10:14:38,1000.0,7.72,S
2021-06-25T10:14:28,4500.0,7.72,S
2021-06-25T10:14:28,4300.0,7.72,S
2021-06-25T10:14:24,2000.0,7.72,S
2021-06-25T10:13:48,5000.0,7.72,S
2021-06-25T10:13:45,400.0,7.72,S
2021-06-25T10:13:29,2000.0,7.72,S
2021-06-25T10:13:19,400.0,7.72,S
2021-06-25T10:13:16,5000.0,7.72,S
2021-06-25T10:13:03,5000.0,7.72,S
2021-06-25T10:13:03,500.0,7.72,S
2021-06-25T10:13:03,500.0,7.72,S
2021-06-25T10:11:54,2000.0,7.72,S
2021-06-25T10:11:52,5000.0,7.72,S
2021-06-25T10:11:46,1000.0,7.72,S
2021-06-25T10:11:43,200.0,7.72,S
2021-06-25T10:11:37,2200.0,7.72,S
2021-06-25T10:11:25,1000.0,7.72,S
2021-06-25T10:11:19,500.0,7.72,S
2021-06-25T10:11:15,100.0,7.72,S
2021-06-25T10:10:52,1000.0,7.72,S
2021-06-25T10:10:09,200.0,7.72,S
2021-06-25T10:10:05,200.0,7.72,S
2021-06-25T10:09:47,2000.0,7.72,S
2021-06-25T10:09:31,1600.0,7.72,S
2021-06-25T10:09:23,100.0,7.72,S
2021-06-25T10:09:09,100.0,7.72,S
2021-06-25T10:08:59,1000.0,7.72,S
2021-06-25T10:08:56,4800.0,7.72,S
2021-06-25T10:08:56,1000.0,7.72,S
2021-06-25T10:08:56,4200.0,7.72,S
2021-06-25T10:08:53,4000.0,7.72,S
2021-06-25T10:08:44,1000.0,7.72,S
2021-06-25T10:08:41,1000.0,7.72,S
2021-06-25T10:08:12,100.0,7.72,S
2021-06-25T10:08:08,1900.0,7.72,S
2021-06-25T10:07:55,500.0,7.72,S
2021-06-25T10:07:50,3000.0,7.72,S
2021-06-25T10:07:41,2000.0,7.72,S
2021-06-25T10:07:40,1000.0,7.72,S
2021-06-25T10:07:27,100.0,7.72,S
2021-06-25T10:07:20,500.0,7.72,S
2021-06-25T10:07:19,12600.0,7.72,S
2021-06-25T10:07:19,4200.0,7.72,S
2021-06-25T10:07:00,1000.0,7.72,S
2021-06-25T10:06:39,2000.0,7.72,S
2021-06-25T10:06:19,2000.0,7.72,S
2021-06-25T10:05:38,1000.0,7.72,S
2021-06-25T10:05:38,100.0,7.72,S
2021-06-25T10:05:31,1000.0,7.72,S
2021-06-25T10:05:28,200.0,7.72,S
2021-06-25T10:05:20,1000.0,7.72,S
2021-06-25T10:05:20,100.0,7.72,S
2021-06-25T10:05:15,1000.0,7.72,S
2021-06-25T10:05:14,100.0,7.72,S
2021-06-25T10:05:10,100.0,7.72,S
2021-06-25T10:05:05,100.0,7.72,S
2021-06-25T10:05:03,1000.0,7.72,S
2021-06-25T10:04:48,600.0,7.72,S
2021-06-25T10:04:37,3000.0,7.72,S
2021-06-25T10:04:25,1000.0,7.72,S
2021-06-25T10:04:25,300.0,7.72,S
2021-06-25T10:04:13,3000.0,7.72,S
2021-06-25T10:04:04,10000.0,7.72,S
2021-06-25T10:03:55,500.0,7.72,S
2021-06-25T10:03:46,100.0,7.72,S
2021-06-25T10:03:45,3500.0,7.72,S
2021-06-25T10:03:32,55200.0,7.72,S
2021-06-25T10:03:32,12000.0,7.72,S
2021-06-25T10:03:32,26000.0,7.72,S
2021-06-25T10:03:32,1800.0,7.72,S
2021-06-25T10:03:32,5000.0,7.72,S
2021-06-25T10:03:03,200.0,7.72,S
2021-06-25T10:02:51,1000.0,7.72,S
2021-06-25T10:02:50,500.0,7.72,S
2021-06-25T10:02:43,400.0,7.72,S
2021-06-25T10:02:43,3100.0,7.72,S
2021-06-25T10:02:39,1200.0,7.72,S
2021-06-25T10:02:36,100.0,7.72,S
2021-06-25T10:02:24,5000.0,7.72,S
2021-06-25T10:02:24,1000.0,7.72,S
2021-06-25T10:02:22,2000.0,7.72,S
2021-06-25T10:02:14,1000.0,7.72,S
2021-06-25T10:02:07,1000.0,7.72,S
2021-06-25T10:01:46,300.0,7.72,S
2021-06-25T10:01:41,1000.0,7.72,S
2021-06-25T10:01:38,600.0,7.72,S
2021-06-25T10:01:36,200.0,7.72,S
2021-06-25T10:01:34,100.0,7.72,S
2021-06-25T10:01:11,2000.0,7.72,S
2021-06-25T10:01:11,1000.0,7.72,S
2021-06-25T10:01:10,3000.0,7.72,S
2021-06-25T10:01:03,7000.0,7.72,S
2021-06-25T10:00:46,400.0,7.72,S
2021-06-25T10:00:46,300.0,7.72,S
2021-06-25T10:00:45,200.0,7.72,S
2021-06-25T10:00:45,1000.0,7.72,S
2021-06-25T09:59:48,5000.0,7.72,S
2021-06-25T09:59:22,100.0,7.72,S
2021-06-25T09:59:11,4300.0,7.72,S
2021-06-25T09:59:11,24200.0,7.72,S
2021-06-25T09:59:10,2900.0,7.72,S
2021-06-25T09:59:10,87600.0,7.72,S
2021-06-25T09:59:10,5000.0,7.72,S
2021-06-25T09:59:02,1000.0,7.72,S
2021-06-25T09:58:48,2000.0,7.72,S
2021-06-25T09:58:31,5000.0,7.72,S
2021-06-25T09:58:14,5000.0,7.72,S
2021-06-25T09:58:03,500.0,7.72,S
2021-06-25T09:57:46,2000.0,7.72,S
2021-06-25T09:57:43,400.0,7.72,S
2021-06-25T09:57:28,100.0,7.72,S
2021-06-25T09:57:28,1000.0,7.72,S
2021-06-25T09:57:25,1000.0,7.72,S
2021-06-25T09:57:20,200.0,7.72,S
2021-06-25T09:56:52,100.0,7.72,S
2021-06-25T09:56:48,400.0,7.72,S
2021-06-25T09:56:27,2000.0,7.72,S
2021-06-25T09:55:51,100.0,7.72,S
2021-06-25T09:55:47,500.0,7.72,S
2021-06-25T09:55:45,500.0,7.72,S
2021-06-25T09:55:41,200.0,7.72,S
2021-06-25T09:55:39,1000.0,7.72,S
2021-06-25T09:55:18,400.0,7.72,S
2021-06-25T09:55:15,200.0,7.72,S
2021-06-25T09:55:11,1900.0,7.72,S
2021-06-25T09:54:51,1000.0,7.72,S
2021-06-25T09:54:48,900.0,7.72,S
2021-06-25T09:54:45,11000.0,7.72,S
2021-06-25T09:54:29,500.0,7.72,S
2021-06-25T09:54:25,2000.0,7.72,S
2021-06-25T09:54:08,200.0,7.72,S
2021-06-25T09:53:42,200.0,7.72,S
2021-06-25T09:53:34,2900.0,7.72,S
2021-06-25T09:53:29,700.0,7.72,S
2021-06-25T09:53:26,100.0,7.72,S
2021-06-25T09:53:22,100.0,7.72,S
2021-06-25T09:53:16,5000.0,7.72,S
2021-06-25T09:53:16,600.0,7.72,S
2021-06-25T09:53:16,400.0,7.72,S
2021-06-25T09:53:13,13900.0,7.72,S
2021-06-25T09:52:32,400.0,7.72,S
2021-06-25T09:52:31,700.0,7.72,S
2021-06-25T09:52:31,1300.0,7.72,S
2021-06-25T09:52:28,100.0,7.72,S
2021-06-25T09:52:25,5000.0,7.72,S
2021-06-25T09:52:19,29500.0,7.72,S
2021-06-25T09:52:06,1000.0,7.72,S
2021-06-25T09:51:50,4000.0,7.72,S
2021-06-25T09:51:39,1000.0,7.72,S
2021-06-25T09:51:26,100.0,7.72,S
2021-06-25T09:50:46,1000.0,7.72,S
2021-06-25T09:50:21,1000.0,7.72,S
2021-06-25T09:50:04,1400.0,7.72,S
2021-06-25T09:49:38,100.0,7.72,S
2021-06-25T09:49:38,1500.0,7.72,S
2021-06-25T09:49:33,200.0,7.72,S
2021-06-25T09:49:29,800.0,7.72,S
2021-06-25T09:48:56,2000.0,7.72,S
2021-06-25T09:48:29,400.0,7.72,S
2021-06-25T09:47:55,2000.0,7.72,S
2021-06-25T09:47:55,100.0,7.72,S
2021-06-25T09:47:51,500.0,7.72,S
2021-06-25T09:47:45,9000.0,7.72,S
2021-06-25T09:47:26,10000.0,7.72,S
2021-06-25T09:47:24,1900.0,7.72,S
2021-06-25T09:47:21,1000.0,7.72,S
2021-06-25T09:47:19,800.0,7.72,S
2021-06-25T09:47:19,1000.0,7.72,S
2021-06-25T09:46:36,5000.0,7.72,S
2021-06-25T09:46:19,1000.0,7.72,S
2021-06-25T09:46:08,2200.0,7.72,S
2021-06-25T09:46:08,18000.0,7.72,S
2021-06-25T09:46:06,5000.0,7.72,S
2021-06-25T09:45:44,200.0,7.72,S
2021-06-25T09:45:40,3500.0,7.72,S
2021-06-25T09:45:30,1500.0,7.72,S
2021-06-25T09:45:26,10000.0,7.72,S
2021-06-25T09:45:18,10000.0,7.72,S
2021-06-25T09:45:17,100.0,7.72,S
2021-06-25T09:45:10,100.0,7.72,S
2021-06-25T09:45:09,100.0,7.72,S
2021-06-25T09:44:58,1000.0,7.72,S
2021-06-25T09:44:43,500.0,7.72,S
2021-06-25T09:44:36,200.0,7.72,S
2021-06-25T09:44:27,2300.0,7.72,S
2021-06-25T09:44:17,2500.0,7.72,S
2021-06-25T09:44:01,300.0,7.72,S
2021-06-25T09:43:58,200.0,7.72,S
2021-06-25T09:43:43,1000.0,7.72,S
2021-06-25T09:43:39,200.0,7.72,S
2021-06-25T09:43:35,100.0,7.72,S
2021-06-25T09:43:34,22800.0,7.72,S
2021-06-25T09:43:30,100.0,7.72,S
2021-06-25T09:43:21,6000.0,7.72,S
2021-06-25T09:43:14,1000.0,7.72,S
2021-06-25T09:43:09,200.0,7.72,S
2021-06-25T09:43:01,1000.0,7.72,S
2021-06-25T09:42:50,2000.0,7.72,S
2021-06-25T09:42:48,100.0,7.72,S
2021-06-25T09:42:40,1000.0,7.72,S
2021-06-25T09:42:35,300.0,7.72,S
2021-06-25T09:42:33,1000.0,7.72,S
2021-06-25T09:42:33,200.0,7.72,S
2021-06-25T09:42:33,300.0,7.72,S
2021-06-25T09:42:27,7400.0,7.72,S
2021-06-25T09:42:07,100.0,7.72,S
2021-06-25T09:42:01,1200.0,7.72,S
2021-06-25T09:41:58,10000.0,7.72,S
2021-06-25T09:41:50,1100.0,7.72,S
2021-06-25T09:41:48,500.0,7.72,S
2021-06-25T09:41:37,1300.0,7.72,S
2021-06-25T09:41:29,1000.0,7.72,S
2021-06-25T09:41:24,1000.0,7.72,S
2021-06-25T09:41:21,400.0,7.72,S
2021-06-25T09:41:20,200.0,7.72,S
2021-06-25T09:41:19,1000.0,7.72,S
2021-06-25T09:41:18,6000.0,7.72,S
2021-06-25T09:41:16,1000.0,7.72,S
2021-06-25T09:41:10,1000.0,7.72,S
2021-06-25T09:40:45,2000.0,7.72,S
2021-06-25T09:40:36,3700.0,7.72,S
2021-06-25T09:40:36,100.0,7.72,S
2021-06-25T09:40:31,20000.0,7.72,S
2021-06-25T09:40:29,200.0,7.72,S
2021-06-25T09:40:05,2200.0,7.72,S
2021-06-25T09:39:58,900.0,7.72,S
2021-06-25T09:39:58,1100.0,7.72,S
2021-06-25T09:39:45,200.0,7.72,S
2021-06-25T09:39:41,3300.0,7.72,S
2021-06-25T09:39:35,10000.0,7.72,S
2021-06-25T09:39:31,500.0,7.72,S
2021-06-25T09:39:24,400.0,7.72,S
2021-06-25T09:39:15,3500.0,7.72,S
2021-06-25T09:39:08,500.0,7.72,S
2021-06-25T09:39:05,500.0,7.72,S
2021-06-25T09:39:05,200.0,7.72,S
2021-06-25T09:39:04,3000.0,7.72,S
2021-06-25T09:38:58,300.0,7.72,S
2021-06-25T09:38:55,500.0,7.72,S
2021-06-25T09:38:47,100.0,7.72,S
2021-06-25T09:38:38,10000.0,7.72,S
2021-06-25T09:38:32,600.0,7.72,S
2021-06-25T09:38:23,500.0,7.72,S
2021-06-25T09:38:21,200.0,7.72,S
2021-06-25T09:38:16,1000.0,7.72,S
2021-06-25T09:38:01,6000.0,7.72,S
2021-06-25T09:38:01,100.0,7.72,S
2021-06-25T09:38:00,1000.0,7.72,S
2021-06-25T09:37:56,1000.0,7.72,S
2021-06-25T09:37:55,100.0,7.72,S
2021-06-25T09:37:54,1000.0,7.72,S
2021-06-25T09:37:50,400.0,7.72,S
2021-06-25T09:37:41,1100.0,7.72,S
2021-06-25T09:37:34,500.0,7.72,S
2021-06-25T09:37:34,300.0,7.72,S
2021-06-25T09:37:31,2000.0,7.72,S
2021-06-25T09:37:21,200.0,7.72,S
2021-06-25T09:37:18,200.0,7.72,S
2021-06-25T09:37:15,100.0,7.72,S
2021-06-25T09:37:04,100.0,7.72,S
2021-06-25T09:37:01,1000.0,7.72,S
2021-06-25T09:36:46,30100.0,7.72,S
2021-06-25T09:36:45,1000.0,7.72,S
2021-06-25T09:36:24,1000.0,7.72,S
2021-06-25T09:36:11,1300.0,7.72,S
2021-06-25T09:36:06,1000.0,7.72,S
2021-06-25T09:35:59,200.0,7.72,S
2021-06-25T09:35:51,2200.0,7.72,S
2021-06-25T09:35:47,500.0,7.72,S
2021-06-25T09:35:40,100.0,7.72,S
2021-06-25T09:35:36,500.0,7.72,S
2021-06-25T09:35:35,7000.0,7.72,S
2021-06-25T09:35:34,10000.0,7.72,S
2021-06-25T09:35:34,900.0,7.72,S
2021-06-25T09:35:34,1000.0,7.72,S
2021-06-25T09:35:27,500.0,7.72,S
2021-06-25T09:35:19,1300.0,7.72,S
2021-06-25T09:35:19,8700.0,7.72,S
2021-06-25T09:35:09,500.0,7.72,S
2021-06-25T09:34:55,200.0,7.72,S
2021-06-25T09:34:45,600.0,7.72,S
2021-06-25T09:34:45,900.0,7.72,S
2021-06-25T09:34:45,8500.0,7.72,S
2021-06-25T09:34:44,700.0,7.72,S
2021-06-25T09:34:42,900.0,7.72,S
2021-06-25T09:34:40,2000.0,7.72,S
2021-06-25T09:34:40,2000.0,7.72,S
2021-06-25T09:34:32,1100.0,7.72,S
2021-06-25T09:34:18,400.0,7.72,S
2021-06-25T09:34:06,200.0,7.72,S
2021-06-25T09:34:04,2000.0,7.72,S
2021-06-25T09:33:52,200.0,7.72,S
2021-06-25T09:33:50,600.0,7.72,S
2021-06-25T09:33:47,100.0,7.72,S
2021-06-25T09:33:40,4000.0,7.72,S
2021-06-25T09:33:39,1000.0,7.72,S
2021-06-25T09:33:32,100.0,7.72,S
2021-06-25T09:33:32,2000.0,7.72,S
2021-06-25T09:33:31,3000.0,7.72,S
2021-06-25T09:33:27,600.0,7.72,S
2021-06-25T09:33:22,2000.0,7.72,S
2021-06-25T09:33:20,1300.0,7.72,S
2021-06-25T09:33:19,1000.0,7.72,S
2021-06-25T09:33:17,500.0,7.72,S
2021-06-25T09:33:17,500.0,7.72,S
2021-06-25T09:33:17,25400.0,7.72,S
2021-06-25T09:33:13,2300.0,7.72,S
2021-06-25T09:33:12,1500.0,7.72,S
2021-06-25T09:33:09,2000.0,7.72,S
2021-06-25T09:32:59,4000.0,7.72,S
2021-06-25T09:32:55,1000.0,7.72,S
2021-06-25T09:32:50,300.0,7.72,S
2021-06-25T09:32:47,8200.0,7.72,S
2021-06-25T09:32:34,1000.0,7.72,S
2021-06-25T09:32:32,3200.0,7.72,S
2021-06-25T09:32:24,2100.0,7.72,S
2021-06-25T09:32:23,15000.0,7.72,S
2021-06-25T09:32:22,4800.0,7.72,S
2021-06-25T09:32:22,8200.0,7.72,S
2021-06-25T09:32:20,2000.0,7.72,S
2021-06-25T09:32:14,300.0,7.72,S
2021-06-25T09:31:57,1000.0,7.72,S
2021-06-25T09:31:49,200.0,7.72,S
2021-06-25T09:31:36,200.0,7.72,S
2021-06-25T09:31:34,5000.0,7.72,S
2021-06-25T09:31:32,300.0,7.72,S
2021-06-25T09:31:31,100.0,7.72,S
2021-06-25T09:31:24,100.0,7.72,S
2021-06-25T09:31:22,10400.0,7.72,S
2021-06-25T09:31:19,900.0,7.72,S
2021-06-25T09:31:19,500.0,7.72,S
2021-06-25T09:31:17,100.0,7.72,S
2021-06-25T09:31:15,500.0,7.72,S
2021-06-25T09:31:08,10000.0,7.72,S
2021-06-25T09:31:08,1500.0,7.72,S
2021-06-25T09:31:04,1000.0,7.72,S
2021-06-25T09:30:42,2900.0,7.72,S
2021-06-25T09:30:38,5000.0,7.72,S
2021-06-25T09:30:35,300.0,7.72,S
2021-06-25T09:30:32,200.0,7.72,S
2021-06-25T09:30:29,100.0,7.72,S
2021-06-25T09:30:29,1000.0,7.72,S
2021-06-25T09:30:27,500.0,7.72,S
2021-06-25T09:30:26,1000.0,7.72,S
2021-06-25T09:30:17,2000.0,7.72,S
2021-06-25T09:30:15,100.0,7.72,S
2021-06-25T09:30:15,3100.0,7.72,S
2021-06-25T09:30:13,600.0,7.72,S
2021-06-25T09:30:02,1000.0,7.72,S
2021-06-25T09:30:02,1000.0,7.72,S
2021-06-25T09:29:58,1000.0,7.72,S
2021-06-25T09:29:57,100.0,7.72,S
2021-06-25T09:29:56,2000.0,7.72,S
2021-06-25T09:29:48,3000.0,7.72,S
2021-06-25T09:29:36,4000.0,7.72,S
2021-06-25T09:29:20,300.0,7.72,S
2021-06-25T09:29:18,200.0,7.72,S
2021-06-25T09:29:18,100.0,7.72,S
2021-06-25T09:29:15,200.0,7.72,S
2021-06-25T09:29:13,1200.0,7.72,S
2021-06-25T09:29:08,1500.0,7.72,S
2021-06-25T09:29:04,100.0,7.72,S
2021-06-25T09:28:59,10000.0,7.72,S
2021-06-25T09:28:56,4900.0,7.72,S
2021-06-25T09:28:46,2000.0,7.72,S
2021-06-25T09:28:44,500.0,7.72,S
2021-06-25T09:28:37,4700.0,7.72,S
2021-06-25T09:28:36,8100.0,7.72,S
2021-06-25T09:28:36,100.0,7.72,S
2021-06-25T09:28:36,41800.0,7.72,S
2021-06-25T09:28:35,100.0,7.72,S
2021-06-25T09:28:34,500.0,7.72,S
2021-06-25T09:28:26,5000.0,7.72,S
2021-06-25T09:28:24,10000.0,7.72,S
2021-06-25T09:28:23,1000.0,7.72,S
2021-06-25T09:28:13,2000.0,7.72,S
2021-06-25T09:28:12,1200.0,7.72,S
2021-06-25T09:28:09,200.0,7.72,S
2021-06-25T09:28:09,1000.0,7.72,S
2021-06-25T09:28:04,1000.0,7.72,S
2021-06-25T09:28:04,200.0,7.72,S
2021-06-25T09:27:51,300.0,7.72,S
2021-06-25T09:27:43,1000.0,7.72,S
2021-06-25T09:27:39,5400.0,7.72,S
2021-06-25T09:27:35,100.0,7.72,S
2021-06-25T09:27:34,100.0,7.72,S
2021-06-25T09:27:30,100.0,7.72,S
2021-06-25T09:27:24,3800.0,7.72,S
2021-06-25T09:27:24,1000.0,7.72,S
2021-06-25T09:27:21,800.0,7.72,S
2021-06-25T09:27:19,300.0,7.72,S
2021-06-25T09:27:19,1000.0,7.72,S
2021-06-25T09:27:14,200.0,7.72,S
2021-06-25T09:27:10,1300.0,7.72,S
2021-06-25T09:27:09,2000.0,7.72,S
2021-06-25T09:27:07,1300.0,7.72,S
2021-06-25T09:27:06,300.0,7.72,S
2021-06-25T09:27:03,5000.0,7.72,S
2021-06-25T09:26:55,1000.0,7.72,S
2021-06-25T09:26:51,3000.0,7.72,S
2021-06-25T09:26:49,700.0,7.72,S
2021-06-25T09:26:48,3100.0,7.72,S
2021-06-25T09:26:47,15000.0,7.72,S
2021-06-25T09:26:42,100.0,7.72,S
2021-06-25T09:26:37,2000.0,7.72,S
2021-06-25T09:26:34,4300.0,7.72,S
2021-06-25T09:26:34,100.0,7.72,S
2021-06-25T09:26:33,6000.0,7.72,S
2021-06-25T09:26:30,1000.0,7.72,S
2021-06-25T09:26:27,2500.0,7.72,S
2021-06-25T09:26:24,10000.0,7.72,S
2021-06-25T09:26:13,1500.0,7.72,S
2021-06-25T09:26:11,200.0,7.72,S
2021-06-25T09:26:08,1000.0,7.72,S
2021-06-25T09:26:00,100.0,7.72,S
2021-06-25T09:25:59,5000.0,7.72,S
2021-06-25T09:25:55,400.0,7.72,S
2021-06-25T09:25:55,500.0,7.72,S
2021-06-25T09:25:54,5000.0,7.72,S
2021-06-25T09:25:51,500.0,7.72,S
2021-06-25T09:25:51,1400.0,7.72,S
2021-06-25T09:25:49,300.0,7.72,S
2021-06-25T09:25:45,700.0,7.72,S
2021-06-25T09:25:44,400.0,7.72,S
2021-06-25T09:25:44,2000.0,7.72,S
2021-06-25T09:25:43,200.0,7.72,S
2021-06-25T09:25:36,200.0,7.72,S
2021-06-25T09:25:33,1000.0,7.72,S
2021-06-25T09:25:29,1900.0,7.72,S
2021-06-25T09:25:22,200.0,7.72,S
2021-06-25T09:25:21,2900.0,7.72,S
2021-06-25T09:25:20,1000.0,7.72,S
2021-06-25T09:25:17,700.0,7.72,S
2021-06-25T09:25:17,200.0,7.72,S
2021-06-25T09:25:17,1100.0,7.72,S
2021-06-25T09:25:16,3000.0,7.72,S
2021-06-25T09:25:16,1000.0,7.72,S
2021-06-25T09:25:15,3000.0,7.72,S
2021-06-25T09:25:14,2000.0,7.72,S
2021-06-25T09:25:13,5000.0,7.72,S
2021-06-25T09:25:13,9000.0,7.72,S
2021-06-25T09:25:09,100.0,7.72,S
2021-06-25T09:25:07,1500.0,7.72,S
2021-06-25T09:25:04,800.0,7.72,S
2021-06-25T09:25:01,200.0,7.72,S
2021-06-25T09:25:01,2000.0,7.72,S
2021-06-25T09:25:01,12200.0,7.72,S
2021-06-25T09:25:01,7800.0,7.72,S
2021-06-25T09:24:50,700.0,7.72,S
2021-06-25T09:24:42,1000.0,7.72,S
2021-06-25T09:24:42,100.0,7.72,S
2021-06-25T09:24:40,6800.0,7.72,S
2021-06-25T09:24:39,12000.0,7.72,S
2021-06-25T09:24:35,2000.0,7.72,S
2021-06-25T09:24:34,5000.0,7.72,S
2021-06-25T09:24:34,2500.0,7.72,S
2021-06-25T09:24:33,1100.0,7.72,S
2021-06-25T09:24:28,500.0,7.72,S
2021-06-25T09:24:25,15000.0,7.72,S
2021-06-25T09:24:22,2500.0,7.72,S
2021-06-25T09:24:22,300.0,7.72,S
2021-06-25T09:24:21,20000.0,7.72,S
2021-06-25T09:24:21,4000.0,7.72,S
2021-06-25T09:24:16,100.0,7.72,S
2021-06-25T09:24:15,300.0,7.72,S
2021-06-25T09:24:12,1000.0,7.72,S
2021-06-25T09:24:08,8000.0,7.72,S
2021-06-25T09:24:07,300.0,7.72,S
2021-06-25T09:24:07,500.0,7.72,S
2021-06-25T09:24:06,4100.0,7.72,S
2021-06-25T09:24:02,200.0,7.72,S
2021-06-25T09:24:02,1000.0,7.72,S
2021-06-25T09:23:59,500.0,7.72,S
2021-06-25T09:23:56,200.0,7.72,S
2021-06-25T09:23:55,700.0,7.72,S
2021-06-25T09:23:51,3000.0,7.72,S
2021-06-25T09:23:50,200.0,7.72,S
2021-06-25T09:23:40,700.0,7.72,S
2021-06-25T09:23:38,1900.0,7.72,S
2021-06-25T09:23:31,100.0,7.72,S
2021-06-25T09:23:26,6500.0,7.72,S
2021-06-25T09:23:25,1000.0,7.72,S
2021-06-25T09:23:22,2900.0,7.72,S
2021-06-25T09:23:22,2900.0,7.72,S
2021-06-25T09:23:21,1500.0,7.72,S
2021-06-25T09:23:21,200.0,7.72,S
2021-06-25T09:23:19,2300.0,7.72,S
2021-06-25T09:23:15,300.0,7.72,S
2021-06-25T09:23:14,9000.0,7.72,S
2021-06-25T09:23:13,10000.0,7.72,S
2021-06-25T09:23:12,300.0,7.72,S
2021-06-25T09:23:11,1000.0,7.72,S
2021-06-25T09:23:10,10000.0,7.72,S
2021-06-25T09:23:02,4000.0,7.72,S
2021-06-25T09:23:00,100.0,7.72,S
2021-06-25T09:23:00,200.0,7.72,S
2021-06-25T09:22:57,100.0,7.72,S
2021-06-25T09:22:57,1000.0,7.72,S
2021-06-25T09:22:49,10000.0,7.72,S
2021-06-25T09:22:49,200.0,7.72,S
2021-06-25T09:22:48,1100.0,7.72,S
2021-06-25T09:22:48,2500.0,7.72,S
2021-06-25T09:22:48,1400.0,7.72,S
2021-06-25T09:22:43,100.0,7.72,S
2021-06-25T09:22:40,100.0,7.72,S
2021-06-25T09:22:39,3500.0,7.72,S
2021-06-25T09:22:36,1500.0,7.72,S
2021-06-25T09:22:32,5000.0,7.72,S
2021-06-25T09:22:32,3000.0,7.72,S
2021-06-25T09:22:30,1500.0,7.72,S
2021-06-25T09:22:30,300.0,7.72,S
2021-06-25T09:22:29,1000.0,7.72,S
2021-06-25T09:22:22,2800.0,7.72,S
2021-06-25T09:22:21,4000.0,7.72,S
2021-06-25T09:22:20,10300.0,7.72,S
2021-06-25T09:22:18,100.0,7.72,S
2021-06-25T09:22:12,2500.0,7.72,S
2021-06-25T09:22:07,1200.0,7.72,S
2021-06-25T09:22:06,5000.0,7.72,S
2021-06-25T09:22:06,1000.0,7.72,S
2021-06-25T09:22:06,600.0,7.72,S
2021-06-25T09:22:05,5100.0,7.72,S
2021-06-25T09:22:05,200.0,7.72,S
2021-06-25T09:22:04,3100.0,7.72,S
2021-06-25T09:22:03,600.0,7.72,S
2021-06-25T09:22:01,5100.0,7.72,S
2021-06-25T09:22:00,300.0,7.72,S
2021-06-25T09:21:57,1000.0,7.72,S
2021-06-25T09:21:57,600.0,7.72,S
2021-06-25T09:21:51,1000.0,7.72,S
2021-06-25T09:21:43,2000.0,7.72,S
2021-06-25T09:21:39,200.0,7.72,S
2021-06-25T09:21:36,900.0,7.72,S
2021-06-25T09:21:36,1500.0,7.72,S
2021-06-25T09:21:36,7600.0,7.72,S
2021-06-25T09:21:36,1000.0,7.72,S
2021-06-25T09:21:36,3000.0,7.72,S
2021-06-25T09:21:35,3000.0,7.72,S
2021-06-25T09:21:31,400.0,7.72,S
2021-06-25T09:21:25,7000.0,7.72,S
2021-06-25T09:21:24,3000.0,7.72,S
2021-06-25T09:21:24,8000.0,7.72,S
2021-06-25T09:21:20,200.0,7.72,S
2021-06-25T09:21:18,500.0,7.72,S
2021-06-25T09:21:18,500.0,7.72,S
2021-06-25T09:21:18,5500.0,7.72,S
2021-06-25T09:21:12,300.0,7.72,S
2021-06-25T09:21:09,600.0,7.72,S
2021-06-25T09:21:09,900.0,7.72,S
2021-06-25T09:21:08,500.0,7.72,S
2021-06-25T09:21:08,500.0,7.72,S
2021-06-25T09:21:07,200.0,7.72,S
2021-06-25T09:21:03,1600.0,7.72,S
2021-06-25T09:21:03,200.0,7.72,S
2021-06-25T09:20:55,4000.0,7.72,S
2021-06-25T09:20:55,1000.0,7.72,S
2021-06-25T09:20:54,200.0,7.72,S
2021-06-25T09:20:52,4000.0,7.72,S
2021-06-25T09:20:49,5000.0,7.72,S
2021-06-25T09:20:48,500.0,7.72,S
2021-06-25T09:20:47,500.0,7.72,S
2021-06-25T09:20:46,3000.0,7.72,S
2021-06-25T09:20:45,13000.0,7.72,S
2021-06-25T09:20:45,12000.0,7.72,S
2021-06-25T09:20:44,7000.0,7.72,S
2021-06-25T09:20:43,18200.0,7.72,S
2021-06-25T09:20:40,300.0,7.72,S
2021-06-25T09:20:39,3400.0,7.72,S
2021-06-25T09:20:33,500.0,7.72,S
2021-06-25T09:20:32,15000.0,7.72,S
2021-06-25T09:20:32,8800.0,7.72,S
2021-06-25T09:20:30,1000.0,7.72,S
2021-06-25T09:20:30,600.0,7.72,S
2021-06-25T09:20:28,20400.0,7.72,S
2021-06-25T09:20:27,200.0,7.72,S
2021-06-25T09:20:23,500.0,7.72,S
2021-06-25T09:20:23,500.0,7.72,S
2021-06-25T09:20:22,7000.0,7.72,S
2021-06-25T09:20:22,2000.0,7.72,S
2021-06-25T09:20:20,300.0,7.72,S
2021-06-25T09:20:16,500.0,7.72,S
2021-06-25T09:20:12,5000.0,7.72,S
2021-06-25T09:20:10,100.0,7.72,S
2021-06-25T09:20:09,100.0,7.72,S
2021-06-25T09:20:09,600.0,7.72,S
2021-06-25T09:20:08,15000.0,7.72,S
2021-06-25T09:20:05,300.0,7.72,S
2021-06-25T09:20:03,10400.0,7.72,S
2021-06-25T09:20:02,100.0,7.72,S
2021-06-25T09:20:00,4000.0,7.72,S
2021-06-25T09:19:55,1000.0,7.72,S
2021-06-25T09:19:54,500.0,7.72,S
2021-06-25T09:19:54,200.0,7.72,S
2021-06-25T09:19:51,2100.0,7.72,S
2021-06-25T09:19:51,2000.0,7.72,S
2021-06-25T09:19:50,500.0,7.72,S
2021-06-25T09:19:49,1000.0,7.72,S
2021-06-25T09:19:47,200.0,7.72,S
2021-06-25T09:19:47,700.0,7.72,S
2021-06-25T09:19:46,2000.0,7.72,S
2021-06-25T09:19:44,500.0,7.72,S
2021-06-25T09:19:44,1900.0,7.72,S
2021-06-25T09:19:44,2000.0,7.72,S
2021-06-25T09:19:42,1000.0,7.72,S
2021-06-25T09:19:40,200.0,7.72,S
2021-06-25T09:19:40,7000.0,7.72,S
2021-06-25T09:19:38,500.0,7.72,S
2021-06-25T09:19:37,700.0,7.72,S
2021-06-25T09:19:36,1700.0,7.72,S
2021-06-25T09:19:36,3800.0,7.72,S
2021-06-25T09:19:32,200.0,7.72,S
2021-06-25T09:19:30,10000.0,7.72,S
2021-06-25T09:19:29,100.0,7.72,S
2021-06-25T09:19:28,100.0,7.72,S
2021-06-25T09:19:28,3000.0,7.72,S
2021-06-25T09:19:26,2400.0,7.72,S
2021-06-25T09:19:26,2500.0,7.72,S
2021-06-25T09:19:26,15000.0,7.72,S
2021-06-25T09:19:24,200.0,7.72,S
2021-06-25T09:19:24,2400.0,7.72,S
2021-06-25T09:19:23,200.0,7.72,S
2021-06-25T09:19:21,1000.0,7.72,S
2021-06-25T09:19:19,400.0,7.72,S
2021-06-25T09:19:19,900.0,7.72,S
2021-06-25T09:19:18,1200.0,7.72,S
2021-06-25T09:19:18,200.0,7.72,S
2021-06-25T09:19:17,2700.0,7.72,S
2021-06-25T09:19:17,5300.0,7.72,S
2021-06-25T09:19:16,1500.0,7.72,S
2021-06-25T09:19:16,100.0,7.72,S
2021-06-25T09:19:14,3000.0,7.72,S
2021-06-25T09:19:14,2400.0,7.72,S
2021-06-25T09:19:13,3400.0,7.72,S
2021-06-25T09:19:13,1400.0,7.72,S
2021-06-25T09:19:09,700.0,7.72,S
2021-06-25T09:19:08,5800.0,7.72,S
2021-06-25T09:19:07,100.0,7.72,S
2021-06-25T09:19:02,1000.0,7.72,S
2021-06-25T09:19:01,2000.0,7.72,S
2021-06-25T09:19:01,200.0,7.72,S
2021-06-25T09:19:01,1000.0,7.72,S
2021-06-25T09:18:57,1300.0,7.72,S
2021-06-25T09:18:57,110000.0,7.72,S
2021-06-25T09:18:55,5000.0,7.72,S
2021-06-25T09:18:55,200.0,7.72,S
2021-06-25T09:18:54,1000.0,7.72,S
2021-06-25T09:18:53,100.0,7.72,S
2021-06-25T09:18:51,7500.0,7.72,S
2021-06-25T09:18:51,1000.0,7.72,S
2021-06-25T09:18:50,100.0,7.72,S
2021-06-25T09:18:49,100.0,7.72,S
2021-06-25T09:18:49,300.0,7.72,S
2021-06-25T09:18:46,200.0,7.72,S
2021-06-25T09:18:43,7200.0,7.72,S
2021-06-25T09:18:42,1500.0,7.72,S
2021-06-25T09:18:41,400.0,7.72,S
2021-06-25T09:18:40,9000.0,7.72,S
2021-06-25T09:18:39,200.0,7.72,S
2021-06-25T09:18:37,500.0,7.72,S
2021-06-25T09:18:36,800.0,7.72,S
2021-06-25T09:18:36,2000.0,7.72,S
2021-06-25T09:18:34,500.0,7.72,S
2021-06-25T09:18:34,300.0,7.72,S
2021-06-25T09:18:33,6000.0,7.72,S
2021-06-25T09:18:31,2900.0,7.72,S
2021-06-25T09:18:31,1000.0,7.72,S
2021-06-25T09:18:28,1000.0,7.72,S
2021-06-25T09:18:26,500.0,7.72,S
2021-06-25T09:18:26,300.0,7.72,S
2021-06-25T09:18:25,20000.0,7.72,S
2021-06-25T09:18:23,300.0,7.72,S
2021-06-25T09:18:23,2000.0,7.72,S
2021-06-25T09:18:21,2000.0,7.72,S
2021-06-25T09:18:20,2900.0,7.72,S
2021-06-25T09:18:20,2000.0,7.72,S
2021-06-25T09:18:19,2500.0,7.72,S
2021-06-25T09:18:18,200.0,7.72,S
2021-06-25T09:18:17,100.0,7.72,S
2021-06-25T09:18:15,1000.0,7.72,S
2021-06-25T09:18:15,5200.0,7.72,S
2021-06-25T09:18:13,2000.0,7.72,S
2021-06-25T09:18:11,100.0,7.72,S
2021-06-25T09:18:10,200.0,7.72,S
2021-06-25T09:18:08,1000.0,7.72,S
2021-06-25T09:18:08,200.0,7.72,S
2021-06-25T09:18:05,200.0,7.72,S
2021-06-25T09:18:05,30100.0,7.72,S
2021-06-25T09:18:03,1000.0,7.72,S
2021-06-25T09:18:03,8000.0,7.72,S
2021-06-25T09:18:03,500.0,7.72,S
2021-06-25T09:18:01,1000.0,7.72,S
2021-06-25T09:18:00,1000.0,7.72,S
2021-06-25T09:18:00,1000.0,7.72,S
2021-06-25T09:17:54,2600.0,7.72,S
2021-06-25T09:17:54,2500.0,7.72,S
2021-06-25T09:17:53,100.0,7.72,S
2021-06-25T09:17:51,500.0,7.72,S
2021-06-25T09:17:49,2000.0,7.72,S
2021-06-25T09:17:48,500.0,7.72,S
2021-06-25T09:17:47,100.0,7.72,S
2021-06-25T09:17:45,5000.0,7.72,S
2021-06-25T09:17:45,600.0,7.72,S
2021-06-25T09:17:41,500.0,7.72,S
2021-06-25T09:17:40,1000.0,7.72,S
2021-06-25T09:17:40,8100.0,7.72,S
2021-06-25T09:17:40,400.0,7.72,S
2021-06-25T09:17:40,64600.0,7.72,S
2021-06-25T09:17:40,5200.0,7.72,S
2021-06-25T09:17:40,23900.0,7.72,S
2021-06-25T09:17:40,700.0,7.72,S
2021-06-25T09:17:40,6200.0,7.72,S
2021-06-25T09:17:40,39300.0,7.72,S
2021-06-25T09:17:40,167300.0,7.72,S
2021-06-25T09:17:37,300.0,7.72,S
2021-06-25T09:17:35,10000.0,7.72,S
2021-06-25T09:17:35,200.0,7.72,S
2021-06-25T09:17:34,1000.0,7.72,S
2021-06-25T09:17:33,500.0,7.72,S
2021-06-25T09:17:32,2000.0,7.72,S
2021-06-25T09:17:31,200.0,7.72,S
2021-06-25T09:17:31,2000.0,7.72,S
2021-06-25T09:17:29,2000.0,7.72,S
2021-06-25T09:17:26,4000.0,7.72,S
2021-06-25T09:17:25,300.0,7.72,S
2021-06-25T09:17:23,1000.0,7.72,S
2021-06-25T09:17:21,5000.0,7.72,S
2021-06-25T09:17:21,10700.0,7.72,S
2021-06-25T09:17:21,3000.0,7.72,S
2021-06-25T09:17:21,10000.0,7.72,S
2021-06-25T09:17:19,500.0,7.72,S
2021-06-25T09:17:19,5000.0,7.72,S
2021-06-25T09:17:15,400.0,7.72,S
2021-06-25T09:17:13,1000.0,7.72,S
2021-06-25T09:17:13,1000.0,7.72,S
2021-06-25T09:17:13,500.0,7.72,S
2021-06-25T09:17:10,500.0,7.72,S
2021-06-25T09:17:06,1000.0,7.72,S
2021-06-25T09:17:04,2000.0,7.72,S
2021-06-25T09:17:04,32000.0,7.72,S
2021-06-25T09:17:00,5600.0,7.72,S
2021-06-25T09:17:00,4900.0,7.72,S
2021-06-25T09:16:57,500.0,7.72,S
2021-06-25T09:16:55,7000.0,7.72,S
2021-06-25T09:16:55,10000.0,7.72,S
2021-06-25T09:16:54,100.0,7.72,S
2021-06-25T09:16:51,1000.0,7.72,S
2021-06-25T09:16:50,5000.0,7.72,S
2021-06-25T09:16:50,100.0,7.72,S
2021-06-25T09:16:49,5000.0,7.72,S
2021-06-25T09:16:47,500.0,7.72,S
2021-06-25T09:16:45,100.0,7.72,S
2021-06-25T09:16:44,3600.0,7.72,S
2021-06-25T09:16:42,7500.0,7.72,S
2021-06-25T09:16:41,1000.0,7.72,S
2021-06-25T09:16:39,500.0,7.72,S
2021-06-25T09:16:39,20000.0,7.72,S
2021-06-25T09:16:36,4000.0,7.72,S
2021-06-25T09:16:35,50000.0,7.72,S
2021-06-25T09:16:35,300.0,7.72,S
2021-06-25T09:16:35,13200.0,7.72,S
2021-06-25T09:16:34,1700.0,7.72,S
2021-06-25T09:16:32,3000.0,7.72,S
2021-06-25T09:16:30,1500.0,7.72,S
2021-06-25T09:16:28,200.0,7.72,S
2021-06-25T09:16:28,6000.0,7.72,S
2021-06-25T09:16:28,200.0,7.72,S
2021-06-25T09:16:24,1000.0,7.72,S
2021-06-25T09:16:24,4600.0,7.72,S
2021-06-25T09:16:21,100.0,7.72,S
2021-06-25T09:16:21,200.0,7.72,S
2021-06-25T09:16:20,500.0,7.72,S
2021-06-25T09:16:20,100.0,7.72,S
2021-06-25T09:16:20,200.0,7.72,S
2021-06-25T09:16:20,500.0,7.72,S
2021-06-25T09:16:19,5000.0,7.72,S
2021-06-25T09:16:18,2000.0,7.72,S
2021-06-25T09:16:16,8500.0,7.72,S
2021-06-25T09:16:14,1500.0,7.72,S
2021-06-25T09:16:12,1000.0,7.72,S
2021-06-25T09:16:10,10000.0,7.72,S
2021-06-25T09:16:10,5000.0,7.72,S
2021-06-25T09:16:09,10000.0,7.72,S
2021-06-25T09:16:03,900.0,7.72,S
2021-06-25T09:16:03,1100.0,7.72,S
2021-06-25T09:16:01,100.0,7.72,S
2021-06-25T09:16:00,400.0,7.72,S
2021-06-25T09:15:59,5400.0,7.72,S
2021-06-25T09:15:56,300.0,7.72,S
2021-06-25T09:15:56,900.0,7.72,S
2021-06-25T09:15:56,700.0,7.72,S
2021-06-25T09:15:56,500.0,7.72,S
2021-06-25T09:15:53,2000.0,7.72,S
2021-06-25T09:15:51,100.0,7.72,S
2021-06-25T09:15:49,10000.0,7.72,S
2021-06-25T09:15:49,100000.0,7.72,S
2021-06-25T09:15:49,4000.0,7.72,S
2021-06-25T09:15:47,1700.0,7.72,S
2021-06-25T09:15:45,2000.0,7.72,S
2021-06-25T09:15:45,500.0,7.72,S
2021-06-25T09:15:45,1000.0,7.72,S
2021-06-25T09:15:45,1000.0,7.72,S
2021-06-25T09:15:37,1400.0,7.72,S
2021-06-25T09:15:35,5500.0,7.72,S
2021-06-25T09:15:35,100.0,7.72,S
2021-06-25T09:15:32,5000.0,7.72,S
2021-06-25T09:15:32,100.0,7.72,S
2021-06-25T09:15:30,1600.0,7.72,S
2021-06-25T09:15:26,1500.0,7.72,S
