tradingTime,volume,price,side
2021-06-25T14:29:56,100.0,112.6,B
2021-06-25T14:29:44,100.0,112.6,B
2021-06-25T14:29:39,400.0,112.6,S
2021-06-25T14:29:36,200.0,112.7,B
2021-06-25T14:29:02,300.0,112.7,B
2021-06-25T14:28:48,3000.0,112.7,B
2021-06-25T14:28:43,1000.0,112.7,B
2021-06-25T14:28:24,3500.0,112.7,B
2021-06-25T14:28:21,10000.0,112.7,B
2021-06-25T14:28:17,16500.0,112.7,B
2021-06-25T14:28:07,1000.0,112.7,B
2021-06-25T14:28:06,3000.0,112.7,B
2021-06-25T14:28:03,7000.0,112.5,S
2021-06-25T14:27:59,12000.0,112.7,B
2021-06-25T14:27:59,10000.0,112.7,B
2021-06-25T14:27:59,2000.0,112.7,B
2021-06-25T14:27:59,1000.0,112.7,B
2021-06-25T14:27:37,4000.0,112.7,B
2021-06-25T14:27:32,1500.0,112.7,B
2021-06-25T14:27:17,5700.0,112.7,B
2021-06-25T14:27:17,14300.0,112.7,B
2021-06-25T14:27:16,10000.0,112.6,S
2021-06-25T14:27:16,10000.0,112.6,S
2021-06-25T14:27:08,100.0,112.6,S
2021-06-25T14:26:54,2000.0,112.7,B
2021-06-25T14:26:52,300.0,112.7,B
2021-06-25T14:26:36,100.0,112.7,B
2021-06-25T14:26:27,500.0,112.7,B
2021-06-25T14:26:17,500.0,112.7,B
2021-06-25T14:26:12,10000.0,112.7,B
2021-06-25T14:25:55,900.0,112.7,B
2021-06-25T14:25:44,100.0,112.5,S
2021-06-25T14:25:33,700.0,112.7,B
2021-06-25T14:25:31,13900.0,112.7,B
2021-06-25T14:25:31,1100.0,112.7,B
2021-06-25T14:25:31,2000.0,112.7,B
2021-06-25T14:25:31,13000.0,112.7,B
2021-06-25T14:25:31,300.0,112.7,B
2021-06-25T14:25:19,800.0,112.6,S
2021-06-25T14:25:14,1000.0,112.6,S
2021-06-25T14:25:13,1000.0,112.7,B
2021-06-25T14:25:11,300.0,112.7,B
2021-06-25T14:25:03,200.0,112.7,B
2021-06-25T14:24:59,10000.0,112.7,B
2021-06-25T14:24:53,1300.0,112.6,S
2021-06-25T14:24:43,8600.0,112.7,B
2021-06-25T14:24:43,11400.0,112.6,B
2021-06-25T14:24:36,900.0,112.5,S
2021-06-25T14:24:29,500.0,112.6,S
2021-06-25T14:24:15,900.0,112.7,B
2021-06-25T14:24:07,10000.0,112.6,S
2021-06-25T14:23:45,900.0,112.7,B
2021-06-25T14:23:44,700.0,112.5,B
2021-06-25T14:23:43,10000.0,112.6,B
2021-06-25T14:23:31,500.0,112.5,B
2021-06-25T14:23:30,700.0,112.6,B
2021-06-25T14:23:30,200.0,112.5,B
2021-06-25T14:23:30,300.0,112.4,S
2021-06-25T14:23:29,700.0,112.4,S
2021-06-25T14:23:27,10000.0,112.6,B
2021-06-25T14:23:24,500.0,112.4,S
2021-06-25T14:23:20,500.0,112.5,B
2021-06-25T14:23:09,100.0,112.5,B
2021-06-25T14:23:07,600.0,112.4,S
2021-06-25T14:23:06,100.0,112.5,S
2021-06-25T14:23:01,300.0,112.5,S
2021-06-25T14:22:55,2000.0,112.4,S
2021-06-25T14:22:54,100.0,112.5,S
2021-06-25T14:22:48,200.0,112.5,S
2021-06-25T14:22:44,20000.0,112.7,B
2021-06-25T14:22:44,100.0,112.5,S
2021-06-25T14:22:42,400.0,112.5,S
2021-06-25T14:22:40,100.0,112.5,S
2021-06-25T14:22:36,500.0,112.5,S
2021-06-25T14:22:07,300.0,112.4,S
2021-06-25T14:21:57,20000.0,112.6,B
2021-06-25T14:21:45,100.0,112.4,S
2021-06-25T14:21:44,100.0,112.3,S
2021-06-25T14:21:29,900.0,112.5,B
2021-06-25T14:21:20,1000.0,112.4,B
2021-06-25T14:21:20,400.0,112.4,B
2021-06-25T14:21:14,3600.0,112.4,S
2021-06-25T14:21:09,1000.0,112.5,B
2021-06-25T14:21:08,700.0,112.4,S
2021-06-25T14:21:00,200.0,112.5,B
2021-06-25T14:20:59,4800.0,112.4,S
2021-06-25T14:20:56,500.0,112.7,B
2021-06-25T14:20:56,2200.0,112.7,B
2021-06-25T14:20:56,3100.0,112.7,B
2021-06-25T14:20:56,1000.0,112.6,B
2021-06-25T14:20:56,2200.0,112.6,B
2021-06-25T14:20:56,6300.0,112.6,B
2021-06-25T14:20:56,9600.0,112.6,B
2021-06-25T14:20:56,3000.0,112.5,B
2021-06-25T14:20:56,1700.0,112.5,B
2021-06-25T14:20:56,800.0,112.5,B
2021-06-25T14:20:55,600.0,112.5,B
2021-06-25T14:20:55,13200.0,112.5,B
2021-06-25T14:20:55,100.0,112.5,B
2021-06-25T14:20:55,5700.0,112.5,B
2021-06-25T14:20:52,100.0,112.4,S
2021-06-25T14:20:50,100.0,112.4,S
2021-06-25T14:20:41,6000.0,112.5,B
2021-06-25T14:20:39,500.0,112.3,S
2021-06-25T14:20:33,200.0,112.4,B
2021-06-25T14:20:30,100.0,112.4,B
2021-06-25T14:20:25,1200.0,112.5,B
2021-06-25T14:20:25,1000.0,112.5,B
2021-06-25T14:20:25,2800.0,112.4,B
2021-06-25T14:20:21,100.0,112.3,S
2021-06-25T14:20:10,100.0,112.4,B
2021-06-25T14:19:59,500.0,112.3,S
2021-06-25T14:19:53,1000.0,112.3,S
2021-06-25T14:19:40,3200.0,112.3,S
2021-06-25T14:19:40,500.0,112.3,S
2021-06-25T14:19:40,700.0,112.3,S
2021-06-25T14:19:40,1600.0,112.3,S
2021-06-25T14:19:25,300.0,112.4,B
2021-06-25T14:19:25,1500.0,112.4,B
2021-06-25T14:19:23,1200.0,112.4,B
2021-06-25T14:19:14,900.0,112.4,B
2021-06-25T14:19:13,1000.0,112.4,B
2021-06-25T14:19:11,200.0,112.3,S
2021-06-25T14:19:11,500.0,112.4,B
2021-06-25T14:18:58,300.0,112.4,B
2021-06-25T14:18:55,100.0,112.4,B
2021-06-25T14:18:55,500.0,112.3,S
2021-06-25T14:18:32,600.0,112.3,S
2021-06-25T14:18:32,700.0,112.3,S
2021-06-25T14:18:32,700.0,112.3,S
2021-06-25T14:18:28,200.0,112.3,S
2021-06-25T14:17:58,500.0,112.3,S
2021-06-25T14:17:55,2000.0,112.4,B
2021-06-25T14:17:53,1000.0,112.3,S
2021-06-25T14:17:47,3000.0,112.4,B
2021-06-25T14:17:44,100.0,112.3,S
2021-06-25T14:17:39,3000.0,112.4,B
2021-06-25T14:17:39,1200.0,112.4,B
2021-06-25T14:17:39,200.0,112.3,S
2021-06-25T14:17:36,2000.0,112.3,S
2021-06-25T14:17:11,500.0,112.3,S
2021-06-25T14:17:08,400.0,112.4,B
2021-06-25T14:17:03,300.0,112.3,S
2021-06-25T14:17:02,1000.0,112.4,B
2021-06-25T14:17:01,1000.0,112.4,B
2021-06-25T14:16:59,200.0,112.4,B
2021-06-25T14:16:57,100.0,112.4,B
2021-06-25T14:16:56,1700.0,112.4,B
2021-06-25T14:16:50,100.0,112.4,B
2021-06-25T14:16:48,300.0,112.4,B
2021-06-25T14:16:46,100.0,112.4,B
2021-06-25T14:16:40,200.0,112.4,B
2021-06-25T14:16:40,100.0,112.3,S
2021-06-25T14:16:39,4200.0,112.3,S
2021-06-25T14:16:22,300.0,112.4,B
2021-06-25T14:16:13,200.0,112.3,S
2021-06-25T14:16:09,2000.0,112.4,B
2021-06-25T14:15:26,500.0,112.4,B
2021-06-25T14:15:20,200.0,112.4,B
2021-06-25T14:15:19,400.0,112.3,S
2021-06-25T14:15:14,2000.0,112.4,B
2021-06-25T14:15:12,100.0,112.4,B
2021-06-25T14:15:01,400.0,112.4,B
2021-06-25T14:14:58,900.0,112.4,B
2021-06-25T14:14:47,900.0,112.4,S
2021-06-25T14:14:46,400.0,112.4,S
2021-06-25T14:14:46,300.0,112.4,S
2021-06-25T14:14:44,600.0,112.3,S
2021-06-25T14:14:38,200.0,112.3,S
2021-06-25T14:14:04,600.0,112.3,S
2021-06-25T14:13:55,3000.0,112.3,S
2021-06-25T14:13:49,1700.0,112.5,B
2021-06-25T14:13:49,2300.0,112.5,B
2021-06-25T14:13:43,2000.0,112.5,B
2021-06-25T14:13:34,500.0,112.3,S
2021-06-25T14:13:29,500.0,112.5,B
2021-06-25T14:13:29,1500.0,112.5,B
2021-06-25T14:13:26,200.0,112.3,S
2021-06-25T14:13:24,2000.0,112.5,B
2021-06-25T14:13:14,1000.0,112.5,B
2021-06-25T14:12:56,1000.0,112.5,B
2021-06-25T14:12:54,500.0,112.5,B
2021-06-25T14:12:49,100.0,112.5,B
2021-06-25T14:12:47,200.0,112.5,B
2021-06-25T14:12:37,900.0,112.5,B
2021-06-25T14:12:37,300.0,112.5,B
2021-06-25T14:12:28,100.0,112.3,S
2021-06-25T14:12:23,500.0,112.5,B
2021-06-25T14:12:13,3200.0,112.5,B
2021-06-25T14:12:13,1100.0,112.4,B
2021-06-25T14:12:12,700.0,112.4,B
2021-06-25T14:12:10,500.0,112.3,S
2021-06-25T14:11:52,100.0,112.3,S
2021-06-25T14:11:46,200.0,112.3,B
2021-06-25T14:11:42,300.0,112.2,S
2021-06-25T14:11:42,4200.0,112.2,S
2021-06-25T14:11:42,3000.0,112.2,S
2021-06-25T14:11:40,800.0,112.2,S
2021-06-25T14:11:40,1500.0,112.2,S
2021-06-25T14:11:40,200.0,112.3,B
2021-06-25T14:11:39,1200.0,112.3,B
2021-06-25T14:11:39,600.0,112.3,B
2021-06-25T14:11:37,800.0,112.3,B
2021-06-25T14:11:37,1000.0,112.3,B
2021-06-25T14:11:36,200.0,112.3,B
2021-06-25T14:11:31,200.0,112.3,B
2021-06-25T14:11:22,2000.0,112.3,B
2021-06-25T14:11:07,1200.0,112.3,B
2021-06-25T14:11:07,500.0,112.3,B
2021-06-25T14:11:07,300.0,112.3,B
2021-06-25T14:10:57,100.0,112.3,B
2021-06-25T14:10:54,200.0,112.2,S
2021-06-25T14:10:45,400.0,112.3,B
2021-06-25T14:10:44,1000.0,112.3,B
2021-06-25T14:10:42,200.0,112.3,B
2021-06-25T14:10:37,500.0,112.3,B
2021-06-25T14:10:36,200.0,112.3,B
2021-06-25T14:10:24,800.0,112.3,B
2021-06-25T14:10:21,1000.0,112.3,B
2021-06-25T14:10:16,200.0,112.2,S
2021-06-25T14:10:10,200.0,112.2,S
2021-06-25T14:10:06,700.0,112.2,S
2021-06-25T14:09:59,100.0,112.3,B
2021-06-25T14:09:59,100.0,112.2,S
2021-06-25T14:09:41,200.0,112.2,S
2021-06-25T14:09:41,1100.0,112.2,S
2021-06-25T14:09:33,4400.0,112.2,S
2021-06-25T14:09:30,5000.0,112.3,B
2021-06-25T14:09:22,100.0,112.2,S
2021-06-25T14:09:22,300.0,112.3,B
2021-06-25T14:09:22,300.0,112.3,B
2021-06-25T14:09:22,300.0,112.3,B
2021-06-25T14:09:03,500.0,112.2,S
2021-06-25T14:09:02,200.0,112.2,S
2021-06-25T14:09:01,3500.0,112.1,S
2021-06-25T14:09:01,4000.0,112.1,S
2021-06-25T14:09:01,200.0,112.1,S
2021-06-25T14:09:01,2300.0,112.1,S
2021-06-25T14:08:59,3100.0,112.2,S
2021-06-25T14:08:51,300.0,112.2,S
2021-06-25T14:08:45,2800.0,112.2,S
2021-06-25T14:08:45,3800.0,112.2,S
2021-06-25T14:08:42,800.0,112.2,S
2021-06-25T14:08:41,400.0,112.3,B
2021-06-25T14:08:35,100.0,112.2,S
2021-06-25T14:08:33,1000.0,112.3,B
2021-06-25T14:08:28,200.0,112.3,B
2021-06-25T14:08:24,100.0,112.3,B
2021-06-25T14:08:23,100.0,112.2,S
2021-06-25T14:08:13,200.0,112.2,S
2021-06-25T14:08:11,500.0,112.3,B
2021-06-25T14:08:10,500.0,112.3,B
2021-06-25T14:08:07,900.0,112.3,B
2021-06-25T14:07:56,300.0,112.2,S
2021-06-25T14:07:49,100.0,112.3,B
2021-06-25T14:07:48,100.0,112.3,B
2021-06-25T14:07:47,1800.0,112.2,S
2021-06-25T14:07:42,200.0,112.2,S
2021-06-25T14:07:42,3000.0,112.2,S
2021-06-25T14:07:28,200.0,112.3,B
2021-06-25T14:07:06,2000.0,112.2,B
2021-06-25T14:06:52,300.0,112.2,B
2021-06-25T14:06:46,500.0,112.2,B
2021-06-25T14:06:41,100.0,112.2,B
2021-06-25T14:06:33,500.0,112.3,B
2021-06-25T14:06:31,500.0,112.3,B
2021-06-25T14:06:28,300.0,112.1,S
2021-06-25T14:06:27,10000.0,112.3,B
2021-06-25T14:06:26,1000.0,112.3,B
2021-06-25T14:06:21,1300.0,112.2,B
2021-06-25T14:06:09,500.0,112.2,B
2021-06-25T14:06:07,1000.0,112.2,B
2021-06-25T14:06:05,100.0,112.1,S
2021-06-25T14:06:04,1000.0,112.2,B
2021-06-25T14:06:03,100.0,112.2,B
2021-06-25T14:06:00,1000.0,112.2,B
2021-06-25T14:05:57,1000.0,112.2,B
2021-06-25T14:05:56,900.0,112.2,B
2021-06-25T14:05:48,1100.0,112.2,B
2021-06-25T14:05:47,900.0,112.2,B
2021-06-25T14:05:47,2000.0,112.2,B
2021-06-25T14:05:42,100.0,112.2,B
2021-06-25T14:04:59,200.0,112.1,S
2021-06-25T14:04:55,5000.0,112.3,B
2021-06-25T14:04:53,500.0,112.3,B
2021-06-25T14:04:50,300.0,112.3,B
2021-06-25T14:04:47,500.0,112.3,B
2021-06-25T14:04:43,400.0,112.3,B
2021-06-25T14:04:41,2000.0,112.3,B
2021-06-25T14:04:39,5000.0,112.3,B
2021-06-25T14:04:35,500.0,112.3,B
2021-06-25T14:04:23,500.0,112.3,B
2021-06-25T14:04:21,1000.0,112.3,B
2021-06-25T14:04:11,900.0,112.3,B
2021-06-25T14:04:11,300.0,112.3,B
2021-06-25T14:04:02,1000.0,112.3,B
2021-06-25T14:03:57,500.0,112.3,B
2021-06-25T14:03:43,900.0,112.3,S
2021-06-25T14:03:33,800.0,112.0,S
2021-06-25T14:03:31,100.0,112.3,S
2021-06-25T14:03:21,400.0,112.3,B
2021-06-25T14:03:20,100.0,112.3,B
2021-06-25T14:03:19,200.0,112.3,B
2021-06-25T14:03:14,300.0,112.3,B
2021-06-25T14:03:13,300.0,112.2,S
2021-06-25T14:03:06,300.0,112.3,B
2021-06-25T14:03:05,200.0,112.3,B
2021-06-25T14:03:00,200.0,112.3,B
2021-06-25T14:02:52,2100.0,112.3,B
2021-06-25T14:02:49,100.0,112.3,B
2021-06-25T14:02:33,100.0,112.4,B
2021-06-25T14:02:24,500.0,112.4,B
2021-06-25T14:02:20,900.0,112.4,B
2021-06-25T14:02:17,100.0,112.4,B
2021-06-25T14:02:14,500.0,112.4,B
2021-06-25T14:02:12,400.0,112.4,B
2021-06-25T14:02:06,300.0,112.4,S
2021-06-25T14:02:02,1300.0,112.5,B
2021-06-25T14:02:02,700.0,112.4,S
2021-06-25T14:01:57,100.0,112.4,S
2021-06-25T14:01:51,1000.0,112.5,B
2021-06-25T14:01:50,800.0,112.5,B
2021-06-25T14:01:45,2800.0,112.0,S
2021-06-25T14:01:45,200.0,112.1,S
2021-06-25T14:01:45,2000.0,112.1,S
2021-06-25T14:01:44,400.0,112.5,B
2021-06-25T14:01:42,400.0,112.5,B
2021-06-25T14:01:40,3000.0,112.5,B
2021-06-25T14:01:39,1000.0,112.5,B
2021-06-25T14:01:38,500.0,112.5,B
2021-06-25T14:01:37,100.0,112.1,S
2021-06-25T14:01:37,200.0,112.2,S
2021-06-25T14:01:22,2000.0,112.5,B
2021-06-25T14:01:21,500.0,112.5,B
2021-06-25T14:01:18,100.0,112.5,B
2021-06-25T14:01:14,300.0,112.5,B
2021-06-25T14:01:08,100.0,112.5,B
2021-06-25T14:01:04,100.0,112.5,S
2021-06-25T14:00:53,500.0,112.5,S
2021-06-25T14:00:46,1000.0,112.5,S
2021-06-25T14:00:46,3600.0,112.5,S
2021-06-25T14:00:46,12000.0,112.5,S
2021-06-25T14:00:46,7000.0,112.5,S
2021-06-25T14:00:46,6400.0,112.5,S
2021-06-25T14:00:35,1000.0,112.7,B
2021-06-25T14:00:30,1000.0,112.6,S
2021-06-25T14:00:25,300.0,112.7,B
2021-06-25T14:00:24,400.0,112.6,S
2021-06-25T14:00:14,200.0,112.6,S
2021-06-25T14:00:08,1000.0,112.7,B
2021-06-25T14:00:08,600.0,112.7,B
2021-06-25T14:00:07,500.0,112.8,B
2021-06-25T14:00:06,300.0,112.7,B
2021-06-25T14:00:05,100.0,112.7,B
2021-06-25T14:00:01,500.0,112.7,S
2021-06-25T14:00:01,300.0,112.7,S
2021-06-25T13:59:57,200.0,112.5,S
2021-06-25T13:59:54,200.0,112.7,S
2021-06-25T13:59:52,800.0,112.7,S
2021-06-25T13:59:52,200.0,112.7,S
2021-06-25T13:59:49,100.0,112.6,S
2021-06-25T13:59:47,200.0,112.6,S
2021-06-25T13:59:45,100.0,112.6,S
2021-06-25T13:59:43,600.0,112.7,S
2021-06-25T13:59:30,10000.0,112.7,S
2021-06-25T13:59:26,9400.0,112.7,B
2021-06-25T13:59:19,3000.0,112.7,B
2021-06-25T13:59:19,100.0,112.5,S
2021-06-25T13:59:18,5000.0,112.5,S
2021-06-25T13:59:15,5800.0,112.7,B
2021-06-25T13:59:15,500.0,112.7,B
2021-06-25T13:59:14,900.0,112.7,B
2021-06-25T13:59:08,200.0,112.7,B
2021-06-25T13:59:07,2000.0,112.7,B
2021-06-25T13:58:56,1000.0,112.7,B
2021-06-25T13:58:55,2000.0,112.7,B
2021-06-25T13:58:54,1000.0,112.5,S
2021-06-25T13:58:54,300.0,112.7,B
2021-06-25T13:58:49,3000.0,112.5,S
2021-06-25T13:58:44,600.0,112.7,B
2021-06-25T13:58:42,5000.0,112.7,B
2021-06-25T13:58:42,100.0,112.7,B
2021-06-25T13:58:39,5000.0,112.7,B
2021-06-25T13:58:35,800.0,112.7,B
2021-06-25T13:58:32,200.0,112.7,B
2021-06-25T13:58:27,1600.0,112.7,B
2021-06-25T13:58:23,1000.0,112.7,B
2021-06-25T13:58:23,1000.0,112.5,S
2021-06-25T13:58:17,100.0,112.5,S
2021-06-25T13:58:07,1000.0,112.7,B
2021-06-25T13:58:06,1000.0,112.5,S
2021-06-25T13:58:05,300.0,112.5,S
2021-06-25T13:58:03,600.0,112.5,S
2021-06-25T13:58:03,200.0,112.5,S
2021-06-25T13:58:03,1000.0,112.7,B
2021-06-25T13:58:01,1800.0,112.7,B
2021-06-25T13:58:00,100.0,112.5,S
2021-06-25T13:57:59,1000.0,112.5,S
2021-06-25T13:57:58,400.0,112.7,B
2021-06-25T13:57:57,100.0,112.7,B
2021-06-25T13:57:57,1000.0,112.5,B
2021-06-25T13:57:57,100.0,112.5,B
2021-06-25T13:57:55,100.0,112.5,B
2021-06-25T13:57:55,200.0,112.5,B
2021-06-25T13:57:54,100.0,112.5,B
2021-06-25T13:57:51,300.0,112.5,B
2021-06-25T13:57:51,3200.0,112.5,B
2021-06-25T13:57:51,100.0,112.5,B
2021-06-25T13:57:51,6400.0,112.5,B
2021-06-25T13:57:50,3000.0,112.5,B
2021-06-25T13:57:50,1000.0,112.5,B
2021-06-25T13:57:46,1000.0,112.5,B
2021-06-25T13:57:46,1300.0,112.0,S
2021-06-25T13:57:42,700.0,112.0,S
2021-06-25T13:57:42,7200.0,112.0,S
2021-06-25T13:57:42,2800.0,112.0,S
2021-06-25T13:57:40,500.0,112.0,S
2021-06-25T13:57:39,600.0,112.5,B
2021-06-25T13:57:37,200.0,112.4,S
2021-06-25T13:57:33,500.0,112.5,B
2021-06-25T13:57:27,700.0,112.5,B
2021-06-25T13:57:25,1800.0,112.5,B
2021-06-25T13:57:22,1000.0,112.5,B
2021-06-25T13:57:21,300.0,112.5,B
2021-06-25T13:57:20,4000.0,112.5,B
2021-06-25T13:57:20,300.0,112.1,S
2021-06-25T13:57:15,500.0,112.5,B
2021-06-25T13:57:14,1500.0,112.5,B
2021-06-25T13:57:14,500.0,112.5,B
2021-06-25T13:57:11,3200.0,112.5,B
2021-06-25T13:57:11,2300.0,112.5,B
2021-06-25T13:57:09,3000.0,112.5,B
2021-06-25T13:57:06,100.0,112.3,B
2021-06-25T13:57:04,300.0,112.0,S
2021-06-25T13:57:02,100.0,111.9,S
2021-06-25T13:57:02,200.0,112.0,S
2021-06-25T13:57:01,900.0,112.3,B
2021-06-25T13:56:59,3500.0,112.2,B
2021-06-25T13:56:59,500.0,112.0,B
2021-06-25T13:56:58,900.0,112.0,B
2021-06-25T13:56:56,2800.0,111.9,B
2021-06-25T13:56:55,2200.0,111.9,B
2021-06-25T13:56:53,600.0,112.0,B
2021-06-25T13:56:53,700.0,112.0,B
2021-06-25T13:56:53,1000.0,112.0,B
2021-06-25T13:56:53,3200.0,112.0,B
2021-06-25T13:56:52,500.0,112.0,B
2021-06-25T13:56:50,100.0,112.0,B
2021-06-25T13:56:50,11000.0,112.0,B
2021-06-25T13:56:50,7200.0,112.0,B
2021-06-25T13:56:50,2100.0,112.0,B
2021-06-25T13:56:50,1100.0,112.0,B
2021-06-25T13:56:50,800.0,112.0,B
2021-06-25T13:56:50,800.0,112.0,B
2021-06-25T13:56:50,2700.0,112.0,B
2021-06-25T13:56:50,10300.0,112.0,B
2021-06-25T13:56:48,100.0,112.0,B
2021-06-25T13:56:48,200.0,112.0,B
2021-06-25T13:56:48,600.0,112.0,B
2021-06-25T13:56:48,7500.0,112.0,B
2021-06-25T13:56:48,4200.0,112.0,B
2021-06-25T13:56:48,400.0,112.0,B
2021-06-25T13:56:48,900.0,112.0,B
2021-06-25T13:56:44,1600.0,112.0,B
2021-06-25T13:56:44,400.0,111.9,B
2021-06-25T13:56:39,100.0,111.9,B
2021-06-25T13:56:36,100.0,111.9,B
2021-06-25T13:56:33,100.0,111.9,B
2021-06-25T13:56:26,100.0,111.9,B
2021-06-25T13:56:26,400.0,111.9,B
2021-06-25T13:56:19,800.0,111.9,B
2021-06-25T13:56:07,1400.0,111.8,B
2021-06-25T13:56:05,900.0,111.8,B
2021-06-25T13:56:04,200.0,111.8,B
2021-06-25T13:56:00,300.0,111.7,S
2021-06-25T13:55:53,500.0,111.8,B
2021-06-25T13:55:53,1000.0,111.8,B
2021-06-25T13:55:53,300.0,111.8,B
2021-06-25T13:55:44,1100.0,111.7,B
2021-06-25T13:55:37,200.0,111.7,B
2021-06-25T13:55:29,1000.0,111.7,B
2021-06-25T13:55:29,2300.0,111.7,B
2021-06-25T13:55:08,600.0,111.6,B
2021-06-25T13:54:47,1000.0,111.6,B
2021-06-25T13:54:46,200.0,111.5,B
2021-06-25T13:54:43,2200.0,111.5,B
2021-06-25T13:54:43,1500.0,111.5,B
2021-06-25T13:54:43,100.0,111.5,B
2021-06-25T13:54:43,5200.0,111.5,B
2021-06-25T13:54:42,2000.0,111.5,B
2021-06-25T13:54:28,4300.0,111.5,B
2021-06-25T13:54:28,700.0,111.5,B
2021-06-25T13:54:26,1600.0,111.5,B
2021-06-25T13:54:26,200.0,111.5,B
2021-06-25T13:54:26,200.0,111.5,B
2021-06-25T13:54:04,100.0,111.4,B
2021-06-25T13:54:01,1000.0,111.4,B
2021-06-25T13:53:58,1200.0,111.4,B
2021-06-25T13:53:47,1000.0,111.4,B
2021-06-25T13:53:46,1100.0,111.3,S
2021-06-25T13:53:42,500.0,111.4,B
2021-06-25T13:53:40,300.0,111.4,B
2021-06-25T13:53:32,3200.0,111.3,B
2021-06-25T13:53:08,3000.0,111.3,B
2021-06-25T13:53:07,500.0,111.2,B
2021-06-25T13:53:04,3400.0,111.2,B
2021-06-25T13:52:57,500.0,111.1,S
2021-06-25T13:52:33,800.0,111.2,B
2021-06-25T13:52:33,100.0,111.1,B
2021-06-25T13:51:49,2000.0,111.0,S
2021-06-25T13:51:48,500.0,111.2,B
2021-06-25T13:51:46,1000.0,111.2,B
2021-06-25T13:51:44,5000.0,111.2,B
2021-06-25T13:51:38,400.0,111.2,B
2021-06-25T13:51:36,1000.0,111.2,B
2021-06-25T13:51:35,300.0,111.2,B
2021-06-25T13:51:28,400.0,111.1,S
2021-06-25T13:50:44,200.0,111.2,S
2021-06-25T13:50:21,900.0,111.3,B
2021-06-25T13:50:18,1000.0,111.2,S
2021-06-25T13:50:08,1500.0,111.3,B
2021-06-25T13:49:49,1100.0,111.2,S
2021-06-25T13:49:37,900.0,111.2,B
2021-06-25T13:49:37,700.0,111.2,B
2021-06-25T13:49:37,1300.0,111.1,B
2021-06-25T13:49:37,400.0,111.1,B
2021-06-25T13:49:36,500.0,111.1,B
2021-06-25T13:49:36,300.0,111.1,B
2021-06-25T13:49:36,100.0,111.1,B
2021-06-25T13:49:34,3000.0,111.0,S
2021-06-25T13:49:31,500.0,111.1,B
2021-06-25T13:49:30,100.0,111.0,S
2021-06-25T13:49:26,1900.0,111.0,B
2021-06-25T13:49:23,5000.0,111.0,B
2021-06-25T13:48:51,3600.0,111.0,B
2021-06-25T13:48:51,1100.0,111.0,B
2021-06-25T13:48:51,100.0,111.0,B
2021-06-25T13:48:51,100.0,111.0,B
2021-06-25T13:48:51,1100.0,111.0,B
2021-06-25T13:48:51,700.0,111.0,B
2021-06-25T13:48:51,200.0,111.0,B
2021-06-25T13:48:51,1500.0,111.0,B
2021-06-25T13:48:51,2700.0,111.0,B
2021-06-25T13:48:51,4000.0,111.0,B
2021-06-25T13:48:51,1500.0,111.0,B
2021-06-25T13:48:51,100.0,111.0,B
2021-06-25T13:48:51,700.0,111.0,B
2021-06-25T13:48:51,3800.0,111.0,B
2021-06-25T13:48:51,600.0,111.0,B
2021-06-25T13:48:51,1800.0,111.0,B
2021-06-25T13:48:51,500.0,111.0,B
2021-06-25T13:48:51,2300.0,111.0,B
2021-06-25T13:48:51,100.0,111.0,B
2021-06-25T13:48:51,1100.0,111.0,B
2021-06-25T13:48:51,2100.0,111.0,B
2021-06-25T13:48:51,3400.0,111.0,B
2021-06-25T13:48:51,5800.0,111.0,B
2021-06-25T13:48:51,500.0,111.0,B
2021-06-25T13:48:51,600.0,111.0,B
2021-06-25T13:48:51,500.0,111.0,B
2021-06-25T13:48:51,1200.0,111.0,B
2021-06-25T13:48:51,1200.0,111.0,B
2021-06-25T13:48:51,300.0,111.0,B
2021-06-25T13:48:51,600.0,111.0,B
2021-06-25T13:48:51,600.0,111.0,B
2021-06-25T13:48:49,400.0,111.0,B
2021-06-25T13:48:49,100.0,111.0,B
2021-06-25T13:48:49,1500.0,111.0,B
2021-06-25T13:48:49,800.0,111.0,B
2021-06-25T13:48:49,900.0,111.0,B
2021-06-25T13:48:49,2800.0,111.0,B
2021-06-25T13:48:49,200.0,111.0,B
2021-06-25T13:48:49,100.0,111.0,B
2021-06-25T13:48:49,600.0,111.0,B
2021-06-25T13:48:49,1300.0,111.0,B
2021-06-25T13:48:49,1400.0,111.0,B
2021-06-25T13:48:49,2700.0,111.0,B
2021-06-25T13:48:49,200.0,111.0,B
2021-06-25T13:48:49,1100.0,111.0,B
2021-06-25T13:48:49,1500.0,111.0,B
2021-06-25T13:48:49,2100.0,111.0,B
2021-06-25T13:48:49,500.0,111.0,B
2021-06-25T13:48:49,1500.0,111.0,B
2021-06-25T13:48:49,2000.0,111.0,B
2021-06-25T13:48:49,400.0,111.0,B
2021-06-25T13:48:49,4100.0,111.0,B
2021-06-25T13:48:49,600.0,111.0,B
2021-06-25T13:48:49,300.0,111.0,B
2021-06-25T13:48:49,3500.0,111.0,B
2021-06-25T13:48:39,2000.0,110.9,B
2021-06-25T13:48:22,5000.0,110.8,S
2021-06-25T13:48:08,900.0,110.9,B
2021-06-25T13:48:01,1100.0,110.9,B
2021-06-25T13:48:01,500.0,110.9,B
2021-06-25T13:47:28,300.0,110.9,B
2021-06-25T13:47:24,1000.0,110.9,B
2021-06-25T13:47:20,500.0,110.9,B
2021-06-25T13:46:56,100.0,110.9,B
2021-06-25T13:46:14,200.0,110.9,B
2021-06-25T13:46:14,1800.0,110.9,B
2021-06-25T13:46:14,900.0,110.9,B
2021-06-25T13:46:14,100.0,110.9,B
2021-06-25T13:45:48,100.0,110.9,B
2021-06-25T13:45:48,500.0,110.9,B
2021-06-25T13:45:48,400.0,110.9,B
2021-06-25T13:45:15,200.0,110.9,B
2021-06-25T13:45:14,300.0,110.9,B
2021-06-25T13:45:14,1000.0,110.9,B
2021-06-25T13:45:06,300.0,110.9,B
2021-06-25T13:45:06,100.0,110.9,B
2021-06-25T13:45:06,100.0,110.9,B
2021-06-25T13:45:04,300.0,110.8,S
2021-06-25T13:44:54,900.0,110.8,B
2021-06-25T13:43:56,700.0,110.8,S
2021-06-25T13:43:49,4300.0,110.8,B
2021-06-25T13:43:24,300.0,110.7,S
2021-06-25T13:43:10,300.0,110.8,B
2021-06-25T13:43:04,1000.0,110.8,B
2021-06-25T13:43:04,1000.0,110.8,B
2021-06-25T13:42:57,500.0,110.8,B
2021-06-25T13:41:57,2800.0,110.8,S
2021-06-25T13:41:54,1100.0,110.8,S
2021-06-25T13:41:49,5000.0,110.8,S
2021-06-25T13:41:36,2500.0,110.8,S
2021-06-25T13:41:36,200.0,110.8,S
2021-06-25T13:41:34,100.0,110.9,B
2021-06-25T13:41:16,500.0,110.8,S
2021-06-25T13:41:04,300.0,110.9,B
2021-06-25T13:41:00,800.0,110.9,B
2021-06-25T13:41:00,100.0,110.9,B
2021-06-25T13:40:59,100.0,110.9,B
2021-06-25T13:40:49,200.0,110.9,B
2021-06-25T13:40:46,200.0,110.9,B
2021-06-25T13:40:46,300.0,110.9,B
2021-06-25T13:40:35,100.0,110.9,B
2021-06-25T13:40:24,1300.0,110.8,S
2021-06-25T13:40:02,100.0,110.8,S
2021-06-25T13:39:53,100.0,110.9,B
2021-06-25T13:39:43,2500.0,110.8,S
2021-06-25T13:39:37,100.0,110.9,B
2021-06-25T13:39:23,2000.0,110.8,B
2021-06-25T13:39:07,5000.0,110.8,B
2021-06-25T13:38:56,300.0,110.8,B
2021-06-25T13:38:50,1000.0,110.8,B
2021-06-25T13:38:34,500.0,110.8,B
2021-06-25T13:38:06,3000.0,110.8,B
2021-06-25T13:36:49,100.0,110.8,B
2021-06-25T13:36:49,200.0,110.8,B
2021-06-25T13:36:38,1000.0,110.8,B
2021-06-25T13:36:33,200.0,110.8,B
2021-06-25T13:36:33,300.0,110.8,B
2021-06-25T13:36:23,200.0,110.8,B
2021-06-25T13:34:48,300.0,110.8,B
2021-06-25T13:34:30,1000.0,110.8,B
2021-06-25T13:34:27,500.0,110.8,B
2021-06-25T13:33:50,100.0,110.8,B
2021-06-25T13:33:36,400.0,110.9,B
2021-06-25T13:33:36,100.0,110.9,B
2021-06-25T13:33:35,2500.0,110.9,B
2021-06-25T13:32:41,1000.0,110.8,B
2021-06-25T13:32:38,2000.0,110.6,S
2021-06-25T13:32:38,300.0,110.8,B
2021-06-25T13:32:27,400.0,110.8,B
2021-06-25T13:32:24,1000.0,110.8,B
2021-06-25T13:32:22,100.0,110.8,B
2021-06-25T13:32:06,200.0,110.8,B
2021-06-25T13:31:42,100.0,110.8,B
2021-06-25T13:31:12,200.0,110.6,S
2021-06-25T13:31:05,100.0,110.8,B
2021-06-25T13:30:35,300.0,110.8,B
2021-06-25T13:30:35,800.0,110.6,S
2021-06-25T13:30:25,200.0,110.7,S
2021-06-25T13:30:22,500.0,110.8,B
2021-06-25T13:30:11,1000.0,110.9,B
2021-06-25T13:30:09,1100.0,110.7,S
2021-06-25T13:30:09,100.0,110.8,B
2021-06-25T13:29:38,200.0,110.7,S
2021-06-25T13:28:35,1100.0,110.8,B
2021-06-25T13:28:35,600.0,110.8,B
2021-06-25T13:28:35,300.0,110.8,B
2021-06-25T13:28:30,300.0,110.8,B
2021-06-25T13:28:21,500.0,110.8,B
2021-06-25T13:28:11,1000.0,110.8,B
2021-06-25T13:28:00,200.0,110.8,B
2021-06-25T13:27:35,200.0,110.8,B
2021-06-25T13:27:23,1200.0,110.7,B
2021-06-25T13:27:13,800.0,110.7,B
2021-06-25T13:26:55,100.0,110.7,B
2021-06-25T13:26:32,300.0,110.7,B
2021-06-25T13:26:13,500.0,110.7,B
2021-06-25T13:26:12,900.0,110.7,B
2021-06-25T13:25:51,300.0,110.7,S
2021-06-25T13:25:29,100.0,110.7,B
2021-06-25T13:25:18,500.0,110.5,S
2021-06-25T13:25:10,100.0,110.6,S
2021-06-25T13:25:05,200.0,110.7,B
2021-06-25T13:24:50,900.0,110.7,B
2021-06-25T13:24:50,7100.0,110.7,B
2021-06-25T13:24:30,300.0,110.6,B
2021-06-25T13:24:12,900.0,110.6,B
2021-06-25T13:24:02,500.0,110.6,B
2021-06-25T13:23:49,5000.0,110.6,B
2021-06-25T13:23:14,200.0,110.5,B
2021-06-25T13:22:52,3000.0,110.5,B
2021-06-25T13:22:49,1600.0,110.4,S
2021-06-25T13:22:16,300.0,110.6,B
2021-06-25T13:22:09,900.0,110.6,B
2021-06-25T13:22:02,500.0,110.6,B
2021-06-25T13:20:57,100.0,110.6,B
2021-06-25T13:20:55,200.0,110.4,S
2021-06-25T13:20:42,700.0,110.4,S
2021-06-25T13:20:09,900.0,110.6,B
2021-06-25T13:20:06,300.0,110.6,B
2021-06-25T13:20:01,400.0,110.6,B
2021-06-25T13:19:47,8000.0,110.4,S
2021-06-25T13:18:50,1000.0,110.5,S
2021-06-25T13:18:50,200.0,110.6,B
2021-06-25T13:18:47,1000.0,110.5,S
2021-06-25T13:18:46,600.0,110.5,S
2021-06-25T13:18:24,500.0,110.6,B
2021-06-25T13:18:04,300.0,110.6,B
2021-06-25T13:18:03,9000.0,110.6,B
2021-06-25T13:18:02,400.0,110.6,B
2021-06-25T13:17:58,2000.0,110.6,B
2021-06-25T13:17:25,800.0,110.5,S
2021-06-25T13:16:49,100.0,110.6,B
2021-06-25T13:16:29,800.0,110.5,S
2021-06-25T13:15:54,300.0,110.7,B
2021-06-25T13:15:52,1000.0,110.7,B
2021-06-25T13:15:47,500.0,110.7,B
2021-06-25T13:15:46,800.0,110.5,S
2021-06-25T13:15:13,100.0,110.7,B
2021-06-25T13:15:08,900.0,110.8,B
2021-06-25T13:15:08,1600.0,110.8,B
2021-06-25T13:15:07,500.0,110.7,B
2021-06-25T13:14:48,100.0,110.7,B
2021-06-25T13:14:33,500.0,110.7,S
2021-06-25T13:14:25,100.0,110.7,S
2021-06-25T13:14:24,200.0,110.8,B
2021-06-25T13:14:17,1000.0,110.8,B
2021-06-25T13:13:49,700.0,110.8,B
2021-06-25T13:13:45,500.0,110.8,B
2021-06-25T13:13:45,800.0,110.8,B
2021-06-25T13:13:41,4100.0,110.8,B
2021-06-25T13:11:41,500.0,110.8,B
2021-06-25T13:11:37,300.0,110.8,B
2021-06-25T13:11:34,1000.0,110.8,B
2021-06-25T13:11:23,2400.0,110.7,B
2021-06-25T13:11:22,200.0,110.7,B
2021-06-25T13:10:27,1000.0,110.7,B
2021-06-25T13:10:03,200.0,110.7,B
2021-06-25T13:10:00,200.0,110.7,B
2021-06-25T13:09:34,500.0,110.7,B
2021-06-25T13:09:33,300.0,110.7,B
2021-06-25T13:09:21,1000.0,110.7,B
2021-06-25T13:09:11,100.0,110.7,B
2021-06-25T13:08:30,100.0,110.5,S
2021-06-25T13:08:12,100.0,110.7,B
2021-06-25T13:07:29,700.0,110.7,B
2021-06-25T13:07:18,500.0,110.7,B
2021-06-25T13:07:18,300.0,110.7,B
2021-06-25T13:07:14,900.0,110.7,B
2021-06-25T13:05:27,200.0,110.7,B
2021-06-25T13:05:12,300.0,110.7,B
2021-06-25T13:05:07,500.0,110.6,B
2021-06-25T13:05:05,1000.0,110.6,B
2021-06-25T13:04:44,1300.0,110.6,S
2021-06-25T13:04:07,200.0,110.6,S
2021-06-25T13:03:11,100.0,110.7,B
2021-06-25T13:03:03,300.0,110.7,B
2021-06-25T13:02:59,500.0,110.8,B
2021-06-25T13:02:55,2400.0,110.8,B
2021-06-25T13:02:55,1000.0,110.8,B
2021-06-25T13:02:49,1000.0,110.5,S
2021-06-25T13:02:24,500.0,110.5,S
2021-06-25T13:02:24,2100.0,110.6,S
2021-06-25T13:02:24,5900.0,110.6,S
2021-06-25T13:02:02,3200.0,110.8,B
2021-06-25T13:01:02,200.0,110.7,B
2021-06-25T13:00:55,300.0,110.7,B
2021-06-25T13:00:55,900.0,110.7,B
2021-06-25T13:00:54,500.0,110.7,B
2021-06-25T13:00:25,200.0,110.7,S
2021-06-25T13:00:25,200.0,110.7,S
2021-06-25T13:00:21,1400.0,110.7,S
2021-06-25T13:00:21,100.0,110.7,S
2021-06-25T13:00:14,100.0,110.7,S
2021-06-25T13:00:14,200.0,110.7,S
2021-06-25T11:30:04,400.0,110.8,B
2021-06-25T11:30:00,400.0,110.8,B
2021-06-25T11:28:47,100.0,110.8,B
2021-06-25T11:28:25,100.0,110.8,B
2021-06-25T11:27:54,1500.0,110.8,B
2021-06-25T11:27:47,100.0,110.8,B
2021-06-25T11:27:44,800.0,110.7,S
2021-06-25T11:27:29,700.0,110.8,B
2021-06-25T11:27:24,100.0,110.8,B
2021-06-25T11:27:14,1500.0,110.7,S
2021-06-25T11:26:52,300.0,110.8,B
2021-06-25T11:26:39,500.0,110.8,B
2021-06-25T11:26:31,1000.0,110.8,B
2021-06-25T11:26:31,400.0,110.8,B
2021-06-25T11:26:21,100.0,110.7,S
2021-06-25T11:26:20,1000.0,110.7,S
2021-06-25T11:26:00,100.0,110.7,S
2021-06-25T11:25:59,1000.0,110.8,B
2021-06-25T11:25:52,1000.0,110.8,B
2021-06-25T11:25:44,100.0,110.7,S
2021-06-25T11:25:27,500.0,110.7,S
2021-06-25T11:25:19,1000.0,110.8,B
2021-06-25T11:25:01,400.0,110.8,B
2021-06-25T11:24:46,300.0,110.8,B
2021-06-25T11:24:30,500.0,110.8,B
2021-06-25T11:24:09,1000.0,110.7,S
2021-06-25T11:23:16,900.0,110.8,B
2021-06-25T11:22:59,100.0,110.8,B
2021-06-25T11:22:50,100.0,110.8,B
2021-06-25T11:22:38,300.0,110.8,B
2021-06-25T11:22:37,500.0,110.8,B
2021-06-25T11:22:24,500.0,110.8,B
2021-06-25T11:21:24,200.0,110.8,B
2021-06-25T11:21:11,5000.0,110.8,B
2021-06-25T11:21:08,1000.0,110.8,B
2021-06-25T11:20:27,300.0,110.8,B
2021-06-25T11:20:22,100.0,110.7,S
2021-06-25T11:20:15,1500.0,110.8,B
2021-06-25T11:20:14,500.0,110.8,B
2021-06-25T11:20:02,100.0,110.7,S
2021-06-25T11:20:02,400.0,110.7,S
2021-06-25T11:20:01,1300.0,110.7,S
2021-06-25T11:19:46,200.0,110.7,S
2021-06-25T11:19:45,100.0,110.8,B
2021-06-25T11:19:33,200.0,110.7,S
2021-06-25T11:19:29,500.0,110.7,S
2021-06-25T11:19:07,900.0,110.8,B
2021-06-25T11:18:57,3000.0,110.8,B
2021-06-25T11:18:19,300.0,110.8,B
2021-06-25T11:18:14,400.0,110.8,B
2021-06-25T11:18:06,500.0,110.8,B
2021-06-25T11:17:50,100.0,110.8,B
2021-06-25T11:17:34,900.0,110.7,B
2021-06-25T11:17:07,3500.0,110.8,B
2021-06-25T11:17:02,100.0,110.8,B
2021-06-25T11:17:00,3400.0,110.8,B
2021-06-25T11:16:44,400.0,110.6,S
2021-06-25T11:16:41,500.0,110.7,S
2021-06-25T11:16:29,500.0,110.8,B
2021-06-25T11:16:10,300.0,110.8,B
2021-06-25T11:16:09,1000.0,110.7,S
2021-06-25T11:15:58,400.0,110.8,B
2021-06-25T11:15:58,100.0,110.7,B
2021-06-25T11:15:56,2000.0,110.6,S
2021-06-25T11:15:45,1300.0,110.6,S
2021-06-25T11:15:44,400.0,110.6,S
2021-06-25T11:15:03,900.0,110.8,B
2021-06-25T11:14:46,300.0,110.7,B
2021-06-25T11:14:46,200.0,110.7,B
2021-06-25T11:14:22,100.0,110.7,B
2021-06-25T11:14:17,300.0,110.7,B
2021-06-25T11:14:03,100.0,110.5,S
2021-06-25T11:13:58,500.0,110.7,B
2021-06-25T11:13:13,400.0,110.8,B
2021-06-25T11:13:00,900.0,110.8,B
2021-06-25T11:12:40,100.0,110.7,B
2021-06-25T11:12:39,1500.0,110.5,S
2021-06-25T11:12:28,1000.0,110.5,S
2021-06-25T11:12:11,100.0,110.7,B
2021-06-25T11:12:04,300.0,110.7,B
2021-06-25T11:12:01,400.0,110.7,B
2021-06-25T11:11:52,100.0,110.5,S
2021-06-25T11:11:46,500.0,110.7,B
2021-06-25T11:11:42,100.0,110.7,B
2021-06-25T11:11:36,1300.0,110.5,S
2021-06-25T11:11:35,400.0,110.5,S
2021-06-25T11:11:27,1400.0,110.5,B
2021-06-25T11:11:15,100.0,110.5,B
2021-06-25T11:11:03,100.0,110.5,S
2021-06-25T11:10:55,1000.0,110.8,B
2021-06-25T11:10:17,100.0,110.8,B
2021-06-25T11:10:11,500.0,110.4,S
2021-06-25T11:09:48,300.0,110.7,B
2021-06-25T11:09:31,500.0,110.7,B
2021-06-25T11:09:12,1100.0,110.7,S
2021-06-25T11:08:40,100.0,110.8,B
2021-06-25T11:08:38,1000.0,110.8,B
2021-06-25T11:08:31,1400.0,110.7,S
2021-06-25T11:08:25,100.0,110.7,S
2021-06-25T11:07:37,300.0,110.8,B
2021-06-25T11:07:27,500.0,110.8,B
2021-06-25T11:07:15,100.0,110.7,S
2021-06-25T11:07:12,1300.0,110.7,S
2021-06-25T11:07:11,400.0,110.7,S
2021-06-25T11:07:11,200.0,110.7,S
2021-06-25T11:06:30,1000.0,110.8,B
2021-06-25T11:06:26,100.0,110.8,B
2021-06-25T11:06:18,400.0,110.7,B
2021-06-25T11:06:05,100.0,110.7,S
2021-06-25T11:05:34,300.0,110.8,B
2021-06-25T11:05:21,500.0,110.8,B
2021-06-25T11:04:47,100.0,110.9,B
2021-06-25T11:04:39,400.0,110.8,B
2021-06-25T11:04:39,100.0,110.8,B
2021-06-25T11:04:23,700.0,110.7,B
2021-06-25T11:04:23,200.0,110.5,B
2021-06-25T11:04:21,100.0,110.5,B
2021-06-25T11:03:42,100.0,110.2,S
2021-06-25T11:03:30,300.0,110.5,B
2021-06-25T11:03:29,100.0,110.2,S
2021-06-25T11:03:19,500.0,110.5,B
2021-06-25T11:03:06,400.0,110.5,S
2021-06-25T11:03:02,4000.0,110.5,S
2021-06-25T11:03:00,100.0,110.5,S
2021-06-25T11:02:56,1300.0,110.5,S
2021-06-25T11:02:54,400.0,110.5,S
2021-06-25T11:02:23,400.0,110.9,B
2021-06-25T11:02:13,1000.0,110.9,B
2021-06-25T11:02:11,100.0,110.9,B
2021-06-25T11:02:00,1000.0,110.5,S
2021-06-25T11:01:29,300.0,110.9,B
2021-06-25T11:01:14,500.0,110.9,B
2021-06-25T11:01:06,200.0,110.9,B
2021-06-25T11:01:03,100.0,110.9,B
2021-06-25T11:00:07,1000.0,110.9,B
2021-06-25T10:59:30,300.0,110.9,B
2021-06-25T10:59:29,700.0,110.5,S
2021-06-25T10:59:29,100.0,110.6,S
2021-06-25T10:59:24,200.0,110.5,S
2021-06-25T10:59:19,2000.0,110.5,S
2021-06-25T10:59:14,500.0,110.9,B
2021-06-25T10:59:13,1300.0,110.6,S
2021-06-25T10:58:51,1000.0,110.6,S
2021-06-25T10:58:46,400.0,110.6,S
2021-06-25T10:58:45,200.0,110.6,S
2021-06-25T10:58:45,1100.0,110.6,S
2021-06-25T10:58:29,600.0,110.6,S
2021-06-25T10:58:02,1000.0,110.9,B
2021-06-25T10:57:59,400.0,110.9,B
2021-06-25T10:57:42,100.0,110.9,B
2021-06-25T10:57:23,1600.0,110.5,S
2021-06-25T10:57:15,300.0,110.9,B
2021-06-25T10:57:00,500.0,110.9,B
2021-06-25T10:56:47,2000.0,110.5,S
2021-06-25T10:56:39,100.0,110.9,B
2021-06-25T10:56:34,100.0,110.5,S
2021-06-25T10:56:18,3000.0,110.5,S
2021-06-25T10:56:06,100.0,111.0,B
2021-06-25T10:56:00,900.0,111.0,B
2021-06-25T10:55:49,1000.0,110.5,S
2021-06-25T10:55:47,800.0,111.0,B
2021-06-25T10:55:41,1600.0,110.5,S
2021-06-25T10:55:23,900.0,111.0,B
2021-06-25T10:55:22,100.0,110.5,S
2021-06-25T10:55:14,100.0,111.0,B
2021-06-25T10:55:14,900.0,111.0,B
2021-06-25T10:55:05,300.0,111.0,B
2021-06-25T10:54:59,3000.0,111.0,B
2021-06-25T10:54:55,400.0,111.0,B
2021-06-25T10:54:53,500.0,111.0,B
2021-06-25T10:54:37,500.0,111.0,B
2021-06-25T10:54:36,100.0,111.0,B
2021-06-25T10:54:30,500.0,110.5,S
2021-06-25T10:54:30,800.0,110.5,S
2021-06-25T10:54:29,400.0,110.5,S
2021-06-25T10:54:23,500.0,111.0,B
2021-06-25T10:53:58,1000.0,111.0,B
2021-06-25T10:53:50,500.0,110.8,B
2021-06-25T10:53:29,10600.0,111.0,B
2021-06-25T10:53:29,200.0,111.0,B
2021-06-25T10:53:29,1000.0,111.0,B
2021-06-25T10:53:29,3500.0,111.0,B
2021-06-25T10:53:29,400.0,111.0,B
2021-06-25T10:53:29,4400.0,111.0,B
2021-06-25T10:53:29,400.0,111.0,B
2021-06-25T10:53:29,700.0,110.9,B
2021-06-25T10:53:29,1800.0,110.8,B
2021-06-25T10:53:27,900.0,110.8,B
2021-06-25T10:53:02,1700.0,110.8,B
2021-06-25T10:52:59,1100.0,110.7,B
2021-06-25T10:52:59,300.0,110.6,B
2021-06-25T10:52:48,200.0,110.5,S
2021-06-25T10:52:47,500.0,110.7,B
2021-06-25T10:52:47,2300.0,110.7,B
2021-06-25T10:52:47,2100.0,110.7,B
2021-06-25T10:52:47,500.0,110.7,B
2021-06-25T10:52:47,3100.0,110.7,B
2021-06-25T10:52:47,2000.0,110.7,B
2021-06-25T10:52:26,100.0,110.7,B
2021-06-25T10:52:07,1200.0,110.5,S
2021-06-25T10:52:06,9000.0,110.7,B
2021-06-25T10:52:03,3800.0,110.7,B
2021-06-25T10:52:03,1800.0,110.7,B
2021-06-25T10:52:03,2200.0,110.7,B
2021-06-25T10:52:03,300.0,110.7,B
2021-06-25T10:52:03,1900.0,110.7,B
2021-06-25T10:51:46,1000.0,110.7,B
2021-06-25T10:51:00,300.0,110.7,B
2021-06-25T10:50:59,100.0,110.5,B
2021-06-25T10:50:59,300.0,110.5,B
2021-06-25T10:50:59,1300.0,110.5,B
2021-06-25T10:50:59,500.0,110.5,B
2021-06-25T10:50:59,200.0,110.5,B
2021-06-25T10:50:59,3200.0,110.5,B
2021-06-25T10:50:59,200.0,110.5,B
2021-06-25T10:50:58,6600.0,110.5,B
2021-06-25T10:50:44,100.0,110.5,B
2021-06-25T10:50:40,500.0,110.5,B
2021-06-25T10:50:37,100.0,110.0,S
2021-06-25T10:50:10,100.0,110.0,S
2021-06-25T10:50:10,1200.0,110.0,S
2021-06-25T10:50:09,400.0,110.0,S
2021-06-25T10:50:00,900.0,110.4,B
2021-06-25T10:49:35,1000.0,110.4,B
2021-06-25T10:49:22,1000.0,110.4,B
2021-06-25T10:49:11,100.0,110.4,B
2021-06-25T10:49:05,900.0,110.4,B
2021-06-25T10:48:54,300.0,110.4,S
2021-06-25T10:48:49,100.0,110.4,S
2021-06-25T10:48:38,300.0,110.0,S
2021-06-25T10:48:33,500.0,110.5,B
2021-06-25T10:48:20,2000.0,110.5,B
2021-06-25T10:48:13,800.0,110.0,S
2021-06-25T10:48:13,100.0,110.0,S
2021-06-25T10:48:07,100.0,110.4,B
2021-06-25T10:48:07,300.0,110.3,B
2021-06-25T10:47:38,100.0,110.4,S
2021-06-25T10:47:32,600.0,110.4,S
2021-06-25T10:47:26,200.0,110.4,S
2021-06-25T10:47:23,600.0,110.5,B
2021-06-25T10:47:23,400.0,110.5,B
2021-06-25T10:47:13,100.0,110.5,B
2021-06-25T10:47:12,100.0,110.2,S
2021-06-25T10:47:12,1400.0,110.4,B
2021-06-25T10:47:08,500.0,110.4,B
2021-06-25T10:47:03,100.0,110.2,S
2021-06-25T10:46:57,200.0,110.2,S
2021-06-25T10:46:49,300.0,110.4,B
2021-06-25T10:46:39,100.0,110.4,B
2021-06-25T10:46:15,100.0,110.0,B
2021-06-25T10:46:14,200.0,110.0,B
2021-06-25T10:45:57,1200.0,110.0,B
2021-06-25T10:45:54,300.0,110.0,B
2021-06-25T10:45:46,100.0,110.0,B
2021-06-25T10:45:41,700.0,110.0,B
2021-06-25T10:45:39,300.0,110.2,B
2021-06-25T10:45:32,300.0,110.2,B
2021-06-25T10:45:31,100.0,110.4,B
2021-06-25T10:45:23,1000.0,110.0,B
2021-06-25T10:45:21,1500.0,110.0,B
2021-06-25T10:45:18,100.0,110.0,B
2021-06-25T10:45:17,3400.0,110.0,B
2021-06-25T10:45:13,1300.0,109.9,S
2021-06-25T10:45:10,800.0,109.9,S
2021-06-25T10:45:03,1300.0,110.0,B
2021-06-25T10:45:02,300.0,109.9,S
2021-06-25T10:44:47,800.0,110.0,B
2021-06-25T10:44:47,800.0,110.0,B
2021-06-25T10:44:44,1300.0,110.0,B
2021-06-25T10:44:35,1300.0,110.0,B
2021-06-25T10:44:32,2000.0,110.0,B
2021-06-25T10:44:31,400.0,110.0,B
2021-06-25T10:44:27,200.0,110.0,B
2021-06-25T10:44:22,500.0,110.0,B
2021-06-25T10:44:09,400.0,110.0,B
2021-06-25T10:44:09,700.0,110.0,B
2021-06-25T10:43:57,2000.0,110.0,B
2021-06-25T10:43:53,1400.0,110.0,B
2021-06-25T10:43:51,200.0,109.6,S
2021-06-25T10:43:39,1400.0,110.0,B
2021-06-25T10:43:35,100.0,109.9,S
2021-06-25T10:43:25,1000.0,109.9,S
2021-06-25T10:43:17,1000.0,109.9,S
2021-06-25T10:43:16,1300.0,109.9,S
2021-06-25T10:43:09,1000.0,109.9,S
2021-06-25T10:42:52,1400.0,110.0,B
2021-06-25T10:42:44,2600.0,110.0,B
2021-06-25T10:42:44,3400.0,110.0,B
2021-06-25T10:42:44,2900.0,110.0,B
2021-06-25T10:42:42,1300.0,110.0,B
2021-06-25T10:42:42,2900.0,109.9,B
2021-06-25T10:42:42,500.0,109.8,B
2021-06-25T10:42:42,1000.0,109.8,B
2021-06-25T10:42:38,300.0,109.8,B
2021-06-25T10:42:36,1400.0,109.8,B
2021-06-25T10:42:10,500.0,109.7,B
2021-06-25T10:42:04,200.0,109.6,S
2021-06-25T10:41:54,1300.0,109.7,B
2021-06-25T10:41:40,1200.0,109.5,S
2021-06-25T10:41:39,300.0,109.5,S
2021-06-25T10:41:38,1200.0,109.5,S
2021-06-25T10:41:17,1000.0,109.7,B
2021-06-25T10:41:11,1600.0,109.6,B
2021-06-25T10:40:36,300.0,109.7,B
2021-06-25T10:40:10,500.0,109.7,B
2021-06-25T10:39:48,2700.0,109.6,B
2021-06-25T10:39:30,100.0,109.5,S
2021-06-25T10:39:09,1000.0,109.6,B
2021-06-25T10:38:38,1000.0,109.6,S
2021-06-25T10:38:30,500.0,109.6,S
2021-06-25T10:38:21,300.0,109.6,S
2021-06-25T10:38:13,800.0,109.6,S
2021-06-25T10:38:00,200.0,109.6,S
2021-06-25T10:37:57,500.0,109.6,S
2021-06-25T10:37:47,1000.0,109.5,S
2021-06-25T10:37:44,400.0,109.7,B
2021-06-25T10:37:35,1200.0,109.5,S
2021-06-25T10:37:33,300.0,109.6,S
2021-06-25T10:37:24,1500.0,109.6,S
2021-06-25T10:37:20,2100.0,109.6,S
2021-06-25T10:37:19,900.0,109.6,S
2021-06-25T10:37:18,600.0,109.5,S
2021-06-25T10:36:21,300.0,109.6,B
2021-06-25T10:35:46,500.0,109.6,B
2021-06-25T10:35:37,100.0,109.5,S
2021-06-25T10:35:12,800.0,109.5,S
2021-06-25T10:34:53,500.0,109.6,S
2021-06-25T10:34:53,500.0,109.6,S
2021-06-25T10:34:44,1500.0,109.6,S
2021-06-25T10:34:36,100.0,109.6,S
2021-06-25T10:34:16,400.0,109.6,S
2021-06-25T10:34:14,300.0,109.7,B
2021-06-25T10:33:54,2000.0,109.6,S
2021-06-25T10:33:39,500.0,109.7,B
2021-06-25T10:33:36,200.0,109.7,B
2021-06-25T10:33:17,1500.0,109.6,S
2021-06-25T10:32:57,900.0,109.7,B
2021-06-25T10:32:51,200.0,109.6,S
2021-06-25T10:32:27,200.0,109.6,S
2021-06-25T10:32:16,300.0,109.7,B
2021-06-25T10:31:22,500.0,109.8,B
2021-06-25T10:31:15,1500.0,109.6,S
2021-06-25T10:30:53,200.0,109.6,S
2021-06-25T10:30:51,900.0,109.8,B
2021-06-25T10:30:49,400.0,109.7,B
2021-06-25T10:30:32,100.0,109.6,S
2021-06-25T10:30:31,1000.0,109.6,S
2021-06-25T10:30:03,300.0,109.7,B
2021-06-25T10:29:59,1300.0,109.6,B
2021-06-25T10:29:52,900.0,109.6,B
2021-06-25T10:29:13,500.0,109.6,B
2021-06-25T10:28:49,300.0,109.6,S
2021-06-25T10:28:38,1000.0,109.7,B
2021-06-25T10:28:01,300.0,109.7,B
2021-06-25T10:26:58,500.0,109.7,B
2021-06-25T10:26:39,1000.0,109.7,B
2021-06-25T10:26:24,1000.0,109.7,B
2021-06-25T10:25:57,300.0,109.7,B
2021-06-25T10:24:59,400.0,109.7,B
2021-06-25T10:24:59,100.0,109.6,B
2021-06-25T10:24:30,1200.0,109.5,S
2021-06-25T10:24:29,300.0,109.5,S
2021-06-25T10:24:25,900.0,109.5,B
2021-06-25T10:24:16,1000.0,109.5,B
2021-06-25T10:23:58,400.0,109.5,B
2021-06-25T10:23:44,300.0,109.5,B
2021-06-25T10:23:25,2000.0,109.4,S
2021-06-25T10:22:59,500.0,109.5,B
2021-06-25T10:22:16,100.0,109.4,S
2021-06-25T10:22:14,1000.0,109.5,B
2021-06-25T10:21:40,3500.0,109.4,B
2021-06-25T10:21:35,300.0,109.4,B
2021-06-25T10:21:17,200.0,109.4,B
2021-06-25T10:20:53,500.0,109.5,B
2021-06-25T10:20:52,10000.0,109.3,S
2021-06-25T10:20:36,100.0,109.4,S
2021-06-25T10:20:36,500.0,109.4,S
2021-06-25T10:20:28,1300.0,109.4,B
2021-06-25T10:20:17,200.0,109.4,S
2021-06-25T10:20:07,1000.0,109.5,B
2021-06-25T10:20:03,100.0,109.4,B
2021-06-25T10:20:03,700.0,109.4,B
2021-06-25T10:19:50,1100.0,109.4,B
2021-06-25T10:19:50,2100.0,109.4,B
2021-06-25T10:19:26,300.0,109.4,B
2021-06-25T10:18:46,500.0,109.4,B
2021-06-25T10:18:34,100.0,109.4,B
2021-06-25T10:18:24,300.0,109.4,B
2021-06-25T10:18:00,1000.0,109.4,B
2021-06-25T10:17:25,300.0,109.4,B
2021-06-25T10:17:14,400.0,109.4,B
2021-06-25T10:16:45,500.0,109.5,B
2021-06-25T10:16:01,1200.0,109.4,S
2021-06-25T10:16:00,300.0,109.4,S
2021-06-25T10:15:57,900.0,109.5,B
2021-06-25T10:15:49,100.0,109.5,B
2021-06-25T10:15:22,300.0,109.5,B
2021-06-25T10:15:19,3500.0,109.4,S
2021-06-25T10:14:38,500.0,109.5,B
2021-06-25T10:14:32,1900.0,109.5,S
2021-06-25T10:13:59,100.0,109.5,S
2021-06-25T10:13:50,1000.0,109.7,B
2021-06-25T10:13:17,300.0,109.7,B
2021-06-25T10:13:13,800.0,109.7,S
2021-06-25T10:12:40,200.0,109.7,S
2021-06-25T10:12:35,500.0,109.7,B
2021-06-25T10:12:28,500.0,109.7,B
2021-06-25T10:11:42,500.0,109.7,B
2021-06-25T10:11:42,500.0,109.7,B
2021-06-25T10:11:41,1200.0,109.4,S
2021-06-25T10:11:41,300.0,109.4,S
2021-06-25T10:11:10,300.0,109.7,B
2021-06-25T10:10:20,400.0,109.7,B
2021-06-25T10:10:12,500.0,109.7,B
2021-06-25T10:09:33,1000.0,109.7,B
2021-06-25T10:09:33,500.0,109.7,B
2021-06-25T10:09:16,500.0,109.7,B
2021-06-25T10:09:00,300.0,109.7,B
2021-06-25T10:08:18,1000.0,109.7,B
2021-06-25T10:08:16,500.0,109.7,B
2021-06-25T10:08:03,400.0,109.7,B
2021-06-25T10:07:33,1000.0,109.7,S
2021-06-25T10:07:25,100.0,109.7,S
2021-06-25T10:07:03,300.0,109.8,B
2021-06-25T10:05:59,500.0,109.8,B
2021-06-25T10:05:48,300.0,109.7,B
2021-06-25T10:05:42,1000.0,109.7,B
2021-06-25T10:05:41,900.0,109.7,B
2021-06-25T10:05:39,100.0,109.6,S
2021-06-25T10:05:05,200.0,109.7,B
2021-06-25T10:04:45,300.0,109.7,B
2021-06-25T10:03:57,500.0,109.7,B
2021-06-25T10:03:38,400.0,109.7,B
2021-06-25T10:03:18,1000.0,109.7,B
2021-06-25T10:03:11,1000.0,109.4,S
2021-06-25T10:02:44,300.0,109.7,B
2021-06-25T10:01:57,500.0,109.7,B
2021-06-25T10:01:25,100.0,109.8,B
2021-06-25T10:01:25,900.0,109.8,B
2021-06-25T10:00:32,300.0,109.8,B
2021-06-25T09:59:48,100.0,109.8,B
2021-06-25T09:59:48,800.0,109.8,B
2021-06-25T09:59:48,500.0,109.8,B
2021-06-25T09:59:22,700.0,109.8,B
2021-06-25T09:59:21,300.0,109.4,S
2021-06-25T09:59:16,1500.0,109.3,S
2021-06-25T09:58:50,1500.0,109.3,S
2021-06-25T09:58:44,1000.0,109.3,S
2021-06-25T09:58:20,300.0,109.8,B
2021-06-25T09:58:02,1600.0,109.4,S
2021-06-25T09:57:33,700.0,109.8,B
2021-06-25T09:57:33,1800.0,109.7,B
2021-06-25T09:57:33,1500.0,109.5,B
2021-06-25T09:57:20,100.0,109.4,S
2021-06-25T09:57:17,800.0,109.4,B
2021-06-25T09:57:11,900.0,109.4,B
2021-06-25T09:56:45,400.0,109.4,B
2021-06-25T09:56:44,100.0,109.4,B
2021-06-25T09:56:06,300.0,109.4,B
2021-06-25T09:55:56,100.0,109.4,B
2021-06-25T09:55:55,100.0,109.3,S
2021-06-25T09:55:35,500.0,109.4,B
2021-06-25T09:55:09,900.0,109.4,B
2021-06-25T09:55:02,500.0,109.4,B
2021-06-25T09:54:30,300.0,109.4,S
2021-06-25T09:54:21,200.0,109.4,B
2021-06-25T09:54:06,300.0,109.4,B
2021-06-25T09:53:35,1000.0,109.4,B
2021-06-25T09:53:30,100.0,109.4,B
2021-06-25T09:53:30,400.0,109.4,B
2021-06-25T09:53:04,1000.0,109.4,B
2021-06-25T09:52:49,300.0,109.3,S
2021-06-25T09:52:24,800.0,109.3,S
2021-06-25T09:52:04,300.0,109.4,B
2021-06-25T09:51:35,500.0,109.4,B
2021-06-25T09:51:24,1000.0,109.3,S
2021-06-25T09:51:10,900.0,109.4,B
2021-06-25T09:51:01,100.0,109.4,B
2021-06-25T09:50:40,1500.0,109.3,S
2021-06-25T09:50:35,1300.0,109.3,S
2021-06-25T09:50:20,200.0,109.4,S
2021-06-25T09:50:19,300.0,109.4,S
2021-06-25T09:50:06,300.0,109.7,B
2021-06-25T09:49:57,100.0,109.7,B
2021-06-25T09:49:56,300.0,109.7,B
2021-06-25T09:49:24,500.0,109.7,B
2021-06-25T09:49:19,800.0,109.4,S
2021-06-25T09:49:10,1500.0,109.4,S
2021-06-25T09:49:07,100.0,109.4,S
2021-06-25T09:49:01,900.0,109.7,B
2021-06-25T09:48:56,200.0,109.7,B
2021-06-25T09:48:55,800.0,109.7,B
2021-06-25T09:48:50,500.0,109.4,S
2021-06-25T09:48:40,1000.0,109.5,B
2021-06-25T09:48:40,1400.0,109.5,S
2021-06-25T09:47:50,900.0,109.7,B
2021-06-25T09:47:45,300.0,109.7,B
2021-06-25T09:47:18,500.0,109.7,B
2021-06-25T09:46:59,1000.0,109.7,B
2021-06-25T09:46:52,500.0,109.5,S
2021-06-25T09:46:38,100.0,109.5,S
2021-06-25T09:46:22,100.0,109.4,S
2021-06-25T09:46:22,500.0,109.7,B
2021-06-25T09:46:20,1000.0,109.5,S
2021-06-25T09:46:03,1500.0,109.5,S
2021-06-25T09:45:41,300.0,109.7,B
2021-06-25T09:45:19,300.0,109.4,S
2021-06-25T09:45:15,500.0,109.7,B
2021-06-25T09:45:13,100.0,109.7,B
2021-06-25T09:44:52,1000.0,109.7,B
2021-06-25T09:44:38,300.0,109.7,B
2021-06-25T09:44:11,100.0,109.7,B
2021-06-25T09:44:05,1000.0,109.7,B
2021-06-25T09:43:28,300.0,109.7,B
2021-06-25T09:43:17,300.0,109.7,B
2021-06-25T09:43:12,500.0,109.7,B
2021-06-25T09:42:46,1000.0,109.7,B
2021-06-25T09:42:41,200.0,109.5,B
2021-06-25T09:42:38,300.0,109.5,B
2021-06-25T09:42:36,1000.0,109.5,B
2021-06-25T09:42:09,4200.0,109.5,B
2021-06-25T09:42:09,100.0,109.5,B
2021-06-25T09:42:09,1800.0,109.5,B
2021-06-25T09:42:08,3900.0,109.5,B
2021-06-25T09:42:08,600.0,109.3,B
2021-06-25T09:41:48,900.0,109.3,S
2021-06-25T09:41:26,300.0,109.5,B
2021-06-25T09:41:18,300.0,109.5,B
2021-06-25T09:41:02,500.0,109.5,B
2021-06-25T09:40:58,500.0,109.5,B
2021-06-25T09:40:49,100.0,109.3,S
2021-06-25T09:40:40,300.0,109.5,B
2021-06-25T09:40:35,1000.0,109.5,B
2021-06-25T09:39:05,2000.0,109.5,B
2021-06-25T09:38:07,300.0,109.5,B
2021-06-25T09:37:52,1000.0,109.2,S
2021-06-25T09:37:25,1200.0,109.2,S
2021-06-25T09:37:24,200.0,109.5,B
2021-06-25T09:37:24,200.0,109.2,S
2021-06-25T09:37:24,100.0,109.2,S
2021-06-25T09:37:15,100.0,109.2,S
2021-06-25T09:36:24,300.0,109.5,B
2021-06-25T09:36:04,1600.0,109.2,B
2021-06-25T09:36:04,200.0,109.2,B
2021-06-25T09:35:27,800.0,109.2,B
2021-06-25T09:35:22,2800.0,109.1,S
2021-06-25T09:35:06,400.0,109.2,B
2021-06-25T09:34:12,100.0,109.2,B
2021-06-25T09:34:06,100.0,109.2,B
2021-06-25T09:33:37,1000.0,109.2,B
2021-06-25T09:33:12,1000.0,109.2,B
2021-06-25T09:33:07,1200.0,109.1,S
2021-06-25T09:33:07,300.0,109.1,S
2021-06-25T09:32:42,800.0,109.2,B
2021-06-25T09:32:33,100.0,109.1,S
2021-06-25T09:32:25,100.0,109.2,B
2021-06-25T09:32:14,100.0,109.2,B
2021-06-25T09:31:38,100.0,109.1,B
2021-06-25T09:31:32,2400.0,108.9,S
2021-06-25T09:31:28,100.0,109.1,B
2021-06-25T09:31:19,500.0,109.1,B
2021-06-25T09:31:15,100.0,109.1,B
2021-06-25T09:30:25,1700.0,108.9,S
2021-06-25T09:30:23,1000.0,108.9,S
2021-06-25T09:30:02,100.0,108.9,S
2021-06-25T09:29:54,500.0,109.1,B
2021-06-25T09:29:42,1000.0,109.1,B
2021-06-25T09:29:38,300.0,109.0,S
2021-06-25T09:29:38,1000.0,109.0,S
2021-06-25T09:29:37,4900.0,109.0,S
2021-06-25T09:29:36,300.0,109.1,B
2021-06-25T09:29:28,500.0,109.1,B
2021-06-25T09:29:24,100.0,109.1,B
2021-06-25T09:28:56,100.0,109.1,B
2021-06-25T09:28:48,2000.0,109.1,S
2021-06-25T09:28:48,500.0,109.2,B
2021-06-25T09:28:40,100.0,109.2,B
2021-06-25T09:28:22,100.0,109.2,B
2021-06-25T09:28:02,1000.0,109.1,S
2021-06-25T09:27:58,100.0,109.1,S
2021-06-25T09:27:33,200.0,109.1,S
2021-06-25T09:27:19,100.0,109.1,S
2021-06-25T09:27:17,500.0,109.2,B
2021-06-25T09:27:17,400.0,109.2,B
2021-06-25T09:27:02,500.0,109.2,B
2021-06-25T09:26:45,100.0,109.2,B
2021-06-25T09:26:34,1200.0,109.2,B
2021-06-25T09:26:15,400.0,109.2,B
2021-06-25T09:25:53,100.0,109.2,B
2021-06-25T09:25:53,100.0,109.2,B
2021-06-25T09:25:50,700.0,109.7,B
2021-06-25T09:25:41,100.0,109.2,B
2021-06-25T09:25:41,400.0,109.2,B
2021-06-25T09:25:36,200.0,109.1,S
2021-06-25T09:25:19,800.0,109.2,B
2021-06-25T09:25:17,100.0,109.2,B
2021-06-25T09:24:40,100.0,109.2,S
2021-06-25T09:24:31,2700.0,109.2,S
2021-06-25T09:24:22,100.0,109.3,S
2021-06-25T09:24:06,200.0,109.7,S
2021-06-25T09:24:05,5900.0,109.8,B
2021-06-25T09:24:05,1300.0,109.8,B
2021-06-25T09:24:05,800.0,109.8,B
2021-06-25T09:22:52,300.0,109.8,B
2021-06-25T09:22:48,100.0,109.7,S
2021-06-25T09:21:43,400.0,109.8,S
2021-06-25T09:20:17,900.0,110.0,S
2021-06-25T09:19:46,1600.0,110.0,S
2021-06-25T09:19:15,1900.0,110.0,B
2021-06-25T09:18:41,200.0,110.0,B
2021-06-25T09:17:48,900.0,110.0,S
2021-06-25T09:16:56,100.0,110.0,S
2021-06-25T09:16:49,200.0,110.0,B
2021-06-25T09:16:30,100.0,110.0,B
2021-06-25T09:16:27,200.0,110.0,B
2021-06-25T09:16:23,300.0,110.0,B
2021-06-25T09:16:03,100.0,110.0,S
2021-06-25T09:16:03,300.0,110.6,S
2021-06-25T09:16:01,300.0,110.0,S
2021-06-25T09:15:59,500.0,110.7,B
2021-06-25T09:15:59,7500.0,110.7,B
2021-06-25T09:15:50,300.0,110.6,B
