tradingTime,volume,price,side
2021-06-25T14:29:44,3200.0,110.8,B
2021-06-25T14:29:42,500.0,110.0,S
2021-06-25T14:29:40,100.0,110.0,S
2021-06-25T14:29:27,300.0,110.0,S
2021-06-25T14:29:17,100.0,109.5,S
2021-06-25T14:29:04,100.0,109.5,B
2021-06-25T14:28:42,1000.0,109.5,S
2021-06-25T14:28:19,2000.0,110.9,B
2021-06-25T14:28:11,700.0,109.1,S
2021-06-25T14:27:57,100.0,109.8,S
2021-06-25T14:27:31,500.0,109.8,S
2021-06-25T14:26:53,1100.0,110.0,B
2021-06-25T14:26:50,1000.0,110.0,S
2021-06-25T14:26:47,3600.0,111.0,B
2021-06-25T14:26:30,1700.0,110.0,B
2021-06-25T14:26:29,1000.0,110.0,B
2021-06-25T14:26:26,1000.0,110.0,B
2021-06-25T14:26:21,1000.0,110.0,B
2021-06-25T14:26:05,500.0,110.0,B
2021-06-25T14:25:56,400.0,110.0,B
2021-06-25T14:25:46,21600.0,110.0,B
2021-06-25T14:25:45,500.0,109.9,B
2021-06-25T14:25:16,500.0,109.9,B
2021-06-25T14:25:05,100.0,109.8,S
2021-06-25T14:25:03,1300.0,109.8,B
2021-06-25T14:24:44,200.0,109.5,B
2021-06-25T14:24:02,4700.0,109.5,B
2021-06-25T14:23:57,100.0,109.0,S
2021-06-25T14:23:39,2800.0,109.0,B
2021-06-25T14:23:39,1000.0,109.0,B
2021-06-25T14:23:37,1000.0,108.9,S
2021-06-25T14:23:36,100.0,109.0,B
2021-06-25T14:23:35,700.0,109.0,B
2021-06-25T14:23:22,800.0,108.9,B
2021-06-25T14:23:16,100.0,108.9,B
2021-06-25T14:23:04,100.0,108.9,S
2021-06-25T14:22:57,100.0,108.9,B
2021-06-25T14:22:36,300.0,108.9,B
2021-06-25T14:22:31,6000.0,108.9,B
2021-06-25T14:22:25,100.0,108.9,B
2021-06-25T14:22:16,13500.0,109.0,S
2021-06-25T14:22:14,1000.0,109.0,S
2021-06-25T14:22:13,15500.0,109.0,B
2021-06-25T14:22:12,500.0,108.9,B
2021-06-25T14:22:07,300.0,108.9,B
2021-06-25T14:22:04,100.0,108.9,B
2021-06-25T14:21:58,10000.0,108.9,B
2021-06-25T14:21:55,100.0,108.6,S
2021-06-25T14:21:54,1000.0,108.6,S
2021-06-25T14:21:42,1600.0,108.6,B
2021-06-25T14:21:36,400.0,108.6,B
2021-06-25T14:21:32,100.0,108.5,S
2021-06-25T14:21:23,4500.0,108.5,B
2021-06-25T14:21:17,200.0,108.5,B
2021-06-25T14:21:03,1000.0,108.5,B
2021-06-25T14:20:52,5000.0,108.5,B
2021-06-25T14:20:38,1300.0,108.2,B
2021-06-25T14:20:37,500.0,108.0,S
2021-06-25T14:20:36,600.0,108.2,B
2021-06-25T14:20:35,200.0,108.2,B
2021-06-25T14:20:32,2000.0,108.2,B
2021-06-25T14:20:21,100.0,108.0,S
2021-06-25T14:20:20,12700.0,108.0,B
2021-06-25T14:20:11,18000.0,108.0,B
2021-06-25T14:20:03,500.0,107.8,S
2021-06-25T14:19:52,6000.0,107.9,B
2021-06-25T14:19:00,500.0,107.8,B
2021-06-25T14:18:52,100.0,107.8,B
2021-06-25T14:18:39,200.0,107.9,B
2021-06-25T14:18:16,1000.0,107.9,S
2021-06-25T14:18:08,3800.0,107.9,B
2021-06-25T14:17:47,2000.0,107.6,S
2021-06-25T14:17:29,500.0,107.8,B
2021-06-25T14:17:13,300.0,107.8,B
2021-06-25T14:17:04,500.0,107.8,B
2021-06-25T14:17:02,1000.0,107.8,B
2021-06-25T14:16:32,5000.0,107.8,B
2021-06-25T14:16:16,100.0,107.6,S
2021-06-25T14:15:49,500.0,107.6,S
2021-06-25T14:15:41,100.0,107.6,S
2021-06-25T14:15:36,700.0,107.6,B
2021-06-25T14:15:31,2000.0,107.6,B
2021-06-25T14:15:30,100.0,107.6,B
2021-06-25T14:15:25,400.0,107.6,B
2021-06-25T14:15:15,200.0,107.6,B
2021-06-25T14:15:12,1300.0,107.6,B
2021-06-25T14:14:34,2000.0,107.6,B
2021-06-25T14:14:20,2400.0,107.6,S
2021-06-25T14:14:13,700.0,107.7,B
2021-06-25T14:14:09,100.0,107.7,B
2021-06-25T14:13:37,2300.0,107.6,B
2021-06-25T14:13:25,300.0,107.5,S
2021-06-25T14:13:20,4100.0,107.5,B
2021-06-25T14:13:05,200.0,107.5,B
2021-06-25T14:12:45,5100.0,107.5,S
2021-06-25T14:12:37,100.0,107.5,S
2021-06-25T14:12:36,100.0,107.5,S
2021-06-25T14:12:34,200.0,107.5,S
2021-06-25T14:12:10,2800.0,107.5,S
2021-06-25T14:12:00,100.0,107.5,S
2021-06-25T14:11:20,4100.0,107.5,B
2021-06-25T14:11:05,200.0,107.5,B
2021-06-25T14:10:50,6100.0,107.5,S
2021-06-25T14:10:37,100.0,107.5,S
2021-06-25T14:10:34,900.0,107.6,B
2021-06-25T14:10:19,200.0,107.5,B
2021-06-25T14:09:56,500.0,107.5,S
2021-06-25T14:09:47,500.0,107.5,B
2021-06-25T14:09:35,500.0,107.5,S
2021-06-25T14:09:34,6000.0,107.6,B
2021-06-25T14:08:56,100.0,107.5,S
2021-06-25T14:08:16,6000.0,107.6,B
2021-06-25T14:08:09,700.0,107.6,B
2021-06-25T14:07:54,4000.0,107.6,S
2021-06-25T14:07:52,7900.0,107.8,B
2021-06-25T14:07:38,500.0,107.6,S
2021-06-25T14:07:31,1000.0,107.8,B
2021-06-25T14:07:24,10000.0,107.8,B
2021-06-25T14:07:18,300.0,107.6,B
2021-06-25T14:07:17,5000.0,107.6,B
2021-06-25T14:06:41,700.0,107.6,B
2021-06-25T14:06:40,1700.0,107.5,S
2021-06-25T14:06:16,1000.0,107.6,B
2021-06-25T14:06:11,2700.0,107.6,S
2021-06-25T14:06:09,300.0,107.6,S
2021-06-25T14:06:06,500.0,107.6,S
2021-06-25T14:06:04,400.0,107.5,S
2021-06-25T14:05:51,500.0,107.6,B
2021-06-25T14:05:49,2600.0,107.6,B
2021-06-25T14:05:47,10000.0,107.5,S
2021-06-25T14:05:42,100.0,107.5,S
2021-06-25T14:05:39,1000.0,107.5,S
2021-06-25T14:05:32,100.0,107.4,S
2021-06-25T14:05:29,400.0,107.4,B
2021-06-25T14:05:21,2000.0,107.4,B
2021-06-25T14:05:12,500.0,107.4,B
2021-06-25T14:05:06,7000.0,107.4,S
2021-06-25T14:05:05,7600.0,107.5,S
2021-06-25T14:05:00,1000.0,107.5,B
2021-06-25T14:04:54,200.0,107.4,S
2021-06-25T14:04:45,5300.0,107.5,B
2021-06-25T14:04:40,200.0,107.4,S
2021-06-25T14:04:27,800.0,107.4,S
2021-06-25T14:04:25,200.0,107.4,B
2021-06-25T14:04:17,100.0,107.4,B
2021-06-25T14:04:12,900.0,107.4,B
2021-06-25T14:04:08,300.0,107.4,B
2021-06-25T14:03:56,100.0,107.4,B
2021-06-25T14:03:51,200.0,107.4,B
2021-06-25T14:03:50,1000.0,107.4,B
2021-06-25T14:03:43,300.0,107.4,B
2021-06-25T14:03:28,1000.0,107.4,B
2021-06-25T14:03:27,1600.0,107.4,B
2021-06-25T14:02:47,300.0,107.3,S
2021-06-25T14:02:12,300.0,107.4,B
2021-06-25T14:01:56,500.0,107.3,B
2021-06-25T14:00:38,700.0,107.1,S
2021-06-25T14:00:30,500.0,107.4,B
2021-06-25T14:00:05,1100.0,107.4,B
2021-06-25T13:59:13,100.0,107.3,B
2021-06-25T13:59:10,300.0,107.3,S
2021-06-25T13:58:23,7000.0,107.4,S
2021-06-25T13:58:19,1800.0,107.5,B
2021-06-25T13:57:45,700.0,107.5,B
2021-06-25T13:57:39,700.0,107.5,B
2021-06-25T13:57:23,1000.0,107.5,B
2021-06-25T13:57:20,400.0,107.4,S
2021-06-25T13:57:15,200.0,107.5,B
2021-06-25T13:57:12,500.0,107.5,B
2021-06-25T13:56:59,100.0,107.5,B
2021-06-25T13:56:52,100.0,107.5,B
2021-06-25T13:56:36,200.0,107.4,S
2021-06-25T13:56:26,200.0,107.5,B
2021-06-25T13:56:01,2400.0,107.4,B
2021-06-25T13:55:54,2000.0,107.2,B
2021-06-25T13:55:43,1000.0,107.2,B
2021-06-25T13:55:29,100.0,107.1,S
2021-06-25T13:55:28,100.0,107.1,B
2021-06-25T13:54:46,200.0,107.0,B
2021-06-25T13:54:41,500.0,106.8,S
2021-06-25T13:54:37,1400.0,107.0,B
2021-06-25T13:54:36,1400.0,107.0,B
2021-06-25T13:54:34,5200.0,107.0,B
2021-06-25T13:54:30,4500.0,107.0,B
2021-06-25T13:53:47,200.0,106.8,S
2021-06-25T13:53:37,1000.0,106.8,S
2021-06-25T13:53:17,200.0,107.0,B
2021-06-25T13:53:06,200.0,107.0,B
2021-06-25T13:52:47,900.0,107.0,B
2021-06-25T13:52:16,500.0,107.0,B
2021-06-25T13:52:14,500.0,107.0,B
2021-06-25T13:51:33,100.0,107.0,B
2021-06-25T13:51:32,200.0,107.0,B
2021-06-25T13:51:20,11700.0,107.0,S
2021-06-25T13:50:46,100.0,107.2,S
2021-06-25T13:50:44,500.0,107.2,S
2021-06-25T13:50:31,1100.0,107.2,S
2021-06-25T13:50:00,1000.0,107.1,S
2021-06-25T13:49:57,1000.0,107.4,B
2021-06-25T13:49:29,800.0,107.2,B
2021-06-25T13:49:28,1100.0,107.2,S
2021-06-25T13:49:27,1900.0,107.4,B
2021-06-25T13:49:11,200.0,107.2,B
2021-06-25T13:49:00,300.0,107.2,S
2021-06-25T13:48:47,200.0,107.2,B
2021-06-25T13:48:46,300.0,107.2,B
2021-06-25T13:48:44,100.0,107.0,S
2021-06-25T13:48:41,100.0,107.0,S
2021-06-25T13:48:22,3100.0,107.0,S
2021-06-25T13:48:22,5000.0,107.5,B
2021-06-25T13:47:59,500.0,107.2,S
2021-06-25T13:47:40,1000.0,107.0,S
2021-06-25T13:47:36,2000.0,107.4,B
2021-06-25T13:47:35,900.0,107.4,B
2021-06-25T13:47:15,1500.0,107.5,B
2021-06-25T13:47:15,1000.0,107.5,B
2021-06-25T13:47:03,300.0,107.0,B
2021-06-25T13:47:02,100.0,107.0,B
2021-06-25T13:46:56,100.0,107.4,S
2021-06-25T13:46:55,1500.0,107.4,B
2021-06-25T13:46:49,500.0,107.0,B
2021-06-25T13:46:48,1000.0,107.4,B
2021-06-25T13:46:41,1000.0,107.0,S
2021-06-25T13:46:32,1000.0,107.0,S
2021-06-25T13:46:24,300.0,107.0,S
2021-06-25T13:46:00,2000.0,107.0,B
2021-06-25T13:45:50,400.0,107.0,B
2021-06-25T13:45:46,1200.0,107.0,B
2021-06-25T13:45:46,1000.0,107.0,B
2021-06-25T13:45:34,200.0,107.0,B
2021-06-25T13:45:33,1900.0,107.0,S
2021-06-25T13:45:27,5000.0,107.0,S
2021-06-25T13:45:06,700.0,107.5,B
2021-06-25T13:45:03,100.0,107.5,B
2021-06-25T13:44:53,100.0,107.0,S
2021-06-25T13:44:41,1000.0,107.5,B
2021-06-25T13:44:31,1000.0,107.5,B
2021-06-25T13:44:17,500.0,107.5,B
2021-06-25T13:44:12,300.0,107.0,S
2021-06-25T13:44:04,100.0,107.5,S
2021-06-25T13:43:51,1300.0,107.5,S
2021-06-25T13:43:48,2000.0,107.5,B
2021-06-25T13:43:23,1000.0,107.5,B
2021-06-25T13:43:19,200.0,107.5,B
2021-06-25T13:43:19,1000.0,107.5,B
2021-06-25T13:43:17,600.0,107.5,S
2021-06-25T13:43:07,300.0,107.8,B
2021-06-25T13:43:04,5000.0,107.8,B
2021-06-25T13:42:58,400.0,107.5,S
2021-06-25T13:42:51,700.0,107.5,S
2021-06-25T13:42:31,100.0,107.5,S
2021-06-25T13:42:23,100.0,107.5,S
2021-06-25T13:42:17,3100.0,107.5,S
2021-06-25T13:41:51,1000.0,107.5,B
2021-06-25T13:41:43,1200.0,107.4,B
2021-06-25T13:41:40,100.0,107.0,S
2021-06-25T13:41:34,100.0,107.0,B
2021-06-25T13:41:24,900.0,107.0,S
2021-06-25T13:41:11,2300.0,107.8,B
2021-06-25T13:41:04,400.0,107.0,S
2021-06-25T13:41:02,10000.0,107.0,B
2021-06-25T13:40:55,500.0,107.0,B
2021-06-25T13:40:54,1000.0,107.0,B
2021-06-25T13:40:51,100.0,106.5,S
2021-06-25T13:40:45,200.0,107.0,B
2021-06-25T13:40:42,2000.0,107.0,B
2021-06-25T13:40:38,400.0,106.6,B
2021-06-25T13:40:37,9800.0,106.5,B
2021-06-25T13:40:36,1000.0,106.2,S
2021-06-25T13:40:34,100.0,106.4,B
2021-06-25T13:40:31,100.0,106.2,B
2021-06-25T13:40:10,1000.0,106.2,S
2021-06-25T13:40:08,500.0,106.2,B
2021-06-25T13:39:59,4700.0,106.1,B
2021-06-25T13:39:43,7800.0,106.0,B
2021-06-25T13:39:42,9400.0,106.0,B
2021-06-25T13:39:39,800.0,106.0,B
2021-06-25T13:39:38,5000.0,106.0,B
2021-06-25T13:39:37,400.0,106.0,B
2021-06-25T13:39:36,400.0,105.9,B
2021-06-25T13:39:26,1500.0,105.9,S
2021-06-25T13:39:16,2300.0,106.0,B
2021-06-25T13:39:12,5000.0,106.0,B
2021-06-25T13:38:59,1000.0,105.9,S
2021-06-25T13:38:57,3200.0,105.9,B
2021-06-25T13:38:53,3000.0,105.9,B
2021-06-25T13:38:49,1000.0,105.9,B
2021-06-25T13:38:42,300.0,105.9,B
2021-06-25T13:38:31,500.0,105.9,B
2021-06-25T13:38:14,2000.0,105.9,B
2021-06-25T13:37:58,2400.0,105.9,B
2021-06-25T13:37:12,200.0,105.8,B
2021-06-25T13:36:59,600.0,105.8,B
2021-06-25T13:36:33,200.0,105.8,B
2021-06-25T13:36:07,200.0,105.8,B
2021-06-25T13:35:50,2000.0,105.9,B
2021-06-25T13:35:36,2000.0,105.8,B
2021-06-25T13:35:31,100.0,105.7,B
2021-06-25T13:35:29,100.0,105.7,B
2021-06-25T13:35:19,100.0,105.7,B
2021-06-25T13:34:59,200.0,105.7,B
2021-06-25T13:34:56,100.0,105.7,B
2021-06-25T13:34:53,2000.0,105.7,B
2021-06-25T13:34:27,200.0,105.7,B
2021-06-25T13:34:05,15000.0,105.9,B
2021-06-25T13:34:03,100.0,105.7,B
2021-06-25T13:33:55,100.0,105.7,B
2021-06-25T13:33:52,1000.0,105.7,S
2021-06-25T13:33:42,300.0,105.7,B
2021-06-25T13:33:19,700.0,105.7,B
2021-06-25T13:32:56,2000.0,105.9,B
2021-06-25T13:32:33,1800.0,105.7,B
2021-06-25T13:32:24,500.0,105.5,B
2021-06-25T13:32:18,300.0,105.5,B
2021-06-25T13:31:52,600.0,105.5,B
2021-06-25T13:31:52,1000.0,105.5,B
2021-06-25T13:31:48,900.0,105.5,B
2021-06-25T13:31:34,200.0,105.5,B
2021-06-25T13:31:25,2000.0,105.5,B
2021-06-25T13:31:25,200.0,105.3,S
2021-06-25T13:30:33,600.0,105.5,B
2021-06-25T13:30:13,600.0,105.5,B
2021-06-25T13:30:11,600.0,105.5,B
2021-06-25T13:30:09,2100.0,105.5,B
2021-06-25T13:30:02,100.0,105.7,B
2021-06-25T13:29:12,5000.0,105.9,B
2021-06-25T13:29:10,200.0,105.8,B
2021-06-25T13:29:00,2600.0,105.8,B
2021-06-25T13:28:56,900.0,105.7,B
2021-06-25T13:28:55,100.0,105.8,B
2021-06-25T13:28:52,900.0,105.8,B
2021-06-25T13:28:42,100.0,105.8,B
2021-06-25T13:28:31,400.0,105.8,B
2021-06-25T13:28:16,100.0,105.7,S
2021-06-25T13:28:11,500.0,105.6,S
2021-06-25T13:28:10,500.0,105.8,B
2021-06-25T13:27:55,1400.0,105.6,S
2021-06-25T13:27:41,200.0,105.6,S
2021-06-25T13:27:21,1000.0,105.6,B
2021-06-25T13:27:16,100.0,105.5,B
2021-06-25T13:26:53,1000.0,105.5,S
2021-06-25T13:26:48,4000.0,105.5,B
2021-06-25T13:26:36,100.0,105.3,B
2021-06-25T13:26:23,300.0,105.5,B
2021-06-25T13:26:23,300.0,105.5,B
2021-06-25T13:26:08,100.0,105.3,S
2021-06-25T13:26:04,200.0,105.3,S
2021-06-25T13:25:55,4600.0,105.3,S
2021-06-25T13:25:25,100.0,105.3,B
2021-06-25T13:25:14,100.0,105.3,B
2021-06-25T13:24:53,100.0,105.3,B
2021-06-25T13:24:50,100.0,105.0,S
2021-06-25T13:24:49,1000.0,105.3,B
2021-06-25T13:24:31,3000.0,105.3,B
2021-06-25T13:23:58,200.0,104.1,S
2021-06-25T13:23:32,300.0,104.0,S
2021-06-25T13:23:28,5000.0,105.0,B
2021-06-25T13:23:19,100.0,105.0,B
2021-06-25T13:23:12,200.0,104.0,S
2021-06-25T13:22:44,2000.0,104.0,S
2021-06-25T13:22:25,100.0,105.0,B
2021-06-25T13:22:03,4000.0,105.0,S
2021-06-25T13:21:54,300.0,105.0,S
2021-06-25T13:21:48,4700.0,105.5,B
2021-06-25T13:21:47,500.0,105.0,S
2021-06-25T13:21:41,100.0,105.0,B
2021-06-25T13:21:32,4800.0,105.0,B
2021-06-25T13:21:30,100.0,105.0,S
2021-06-25T13:21:13,6000.0,105.0,S
2021-06-25T13:21:05,100.0,105.2,B
2021-06-25T13:21:00,2400.0,105.1,S
2021-06-25T13:20:49,100.0,105.2,S
2021-06-25T13:20:43,300.0,105.5,B
2021-06-25T13:20:29,500.0,105.5,B
2021-06-25T13:20:29,100.0,105.4,B
2021-06-25T13:20:04,1000.0,105.5,B
2021-06-25T13:20:03,500.0,105.2,S
2021-06-25T13:19:51,700.0,105.5,B
2021-06-25T13:19:28,100.0,105.5,S
2021-06-25T13:18:59,100.0,105.5,B
2021-06-25T13:18:56,1000.0,105.5,S
2021-06-25T13:18:41,2000.0,106.0,B
2021-06-25T13:18:35,1000.0,105.1,S
2021-06-25T13:18:33,20000.0,106.0,B
2021-06-25T13:18:26,500.0,105.5,B
2021-06-25T13:17:41,100.0,105.8,B
2021-06-25T13:17:29,6000.0,105.0,S
2021-06-25T13:17:17,200.0,105.9,S
2021-06-25T13:17:11,100.0,105.9,S
2021-06-25T13:17:10,1000.0,105.9,S
2021-06-25T13:17:07,200.0,105.9,B
2021-06-25T13:17:06,500.0,105.5,S
2021-06-25T13:16:54,2000.0,106.0,B
2021-06-25T13:16:42,500.0,106.0,B
2021-06-25T13:16:34,2500.0,106.2,S
2021-06-25T13:16:26,500.0,106.0,S
2021-06-25T13:16:26,300.0,106.0,S
2021-06-25T13:16:25,200.0,106.0,S
2021-06-25T13:16:22,100.0,106.0,S
2021-06-25T13:16:21,200.0,106.0,S
2021-06-25T13:16:11,200.0,106.0,S
2021-06-25T13:15:59,500.0,106.0,S
2021-06-25T13:15:58,200.0,106.0,S
2021-06-25T13:15:44,4600.0,106.0,B
2021-06-25T13:15:34,500.0,105.8,S
2021-06-25T13:15:33,100.0,106.0,B
2021-06-25T13:15:27,900.0,106.0,B
2021-06-25T13:15:24,700.0,106.0,B
2021-06-25T13:15:18,1000.0,106.0,B
2021-06-25T13:15:17,100.0,105.9,S
2021-06-25T13:15:16,500.0,105.9,B
2021-06-25T13:15:11,400.0,105.8,S
2021-06-25T13:15:06,300.0,105.8,B
2021-06-25T13:14:57,500.0,105.5,S
2021-06-25T13:14:57,1000.0,105.5,S
2021-06-25T13:14:48,200.0,105.5,S
2021-06-25T13:14:43,1600.0,105.5,B
2021-06-25T13:14:36,300.0,105.0,S
2021-06-25T13:14:26,1500.0,105.5,B
2021-06-25T13:14:17,900.0,105.0,S
2021-06-25T13:14:13,1000.0,105.0,B
2021-06-25T13:14:09,5900.0,105.0,B
2021-06-25T13:13:56,500.0,104.9,B
2021-06-25T13:13:32,200.0,104.5,B
2021-06-25T13:13:25,1000.0,104.5,B
2021-06-25T13:12:51,200.0,104.5,B
2021-06-25T13:12:30,500.0,104.1,S
2021-06-25T13:12:27,100.0,104.1,B
2021-06-25T13:12:26,1100.0,103.9,B
2021-06-25T13:12:21,100.0,103.9,B
2021-06-25T13:12:15,300.0,104.0,B
2021-06-25T13:12:11,1700.0,104.0,S
2021-06-25T13:12:06,1000.0,103.8,B
2021-06-25T13:11:51,500.0,103.8,B
2021-06-25T13:11:28,10000.0,103.5,B
2021-06-25T13:11:16,1000.0,103.4,B
2021-06-25T13:11:06,500.0,103.3,B
2021-06-25T13:10:26,100.0,103.0,S
2021-06-25T13:10:10,3000.0,103.0,S
2021-06-25T13:10:10,1000.0,103.0,B
2021-06-25T13:10:06,2000.0,103.0,B
2021-06-25T13:10:06,300.0,103.0,B
2021-06-25T13:10:05,100.0,103.0,B
2021-06-25T13:09:54,700.0,103.0,B
2021-06-25T13:09:43,1500.0,103.0,B
2021-06-25T13:09:32,1200.0,103.0,B
2021-06-25T13:09:13,500.0,103.0,B
2021-06-25T13:09:10,500.0,103.0,B
2021-06-25T13:09:03,1400.0,102.9,B
2021-06-25T13:08:53,500.0,102.9,B
2021-06-25T13:08:47,500.0,102.8,S
2021-06-25T13:08:38,500.0,102.9,B
2021-06-25T13:08:36,100.0,102.8,B
2021-06-25T13:08:27,200.0,102.6,B
2021-06-25T13:08:25,500.0,102.6,B
2021-06-25T13:08:05,300.0,102.4,B
2021-06-25T13:07:51,100.0,102.3,B
2021-06-25T13:07:41,400.0,102.3,B
2021-06-25T13:07:34,100.0,102.3,B
2021-06-25T13:07:19,1000.0,102.2,B
2021-06-25T13:07:11,1800.0,102.0,B
2021-06-25T13:07:07,300.0,102.0,B
2021-06-25T13:06:49,1000.0,102.0,B
2021-06-25T13:04:20,1000.0,101.8,S
2021-06-25T13:03:14,1000.0,101.8,S
2021-06-25T13:02:14,1000.0,102.2,B
2021-06-25T13:01:54,1000.0,102.2,B
2021-06-25T13:01:28,900.0,102.2,B
2021-06-25T13:00:09,600.0,102.2,B
2021-06-25T13:00:08,800.0,102.2,B
2021-06-25T13:00:06,500.0,102.6,B
2021-06-25T13:00:06,1000.0,102.6,B
2021-06-25T13:00:05,3700.0,102.6,B
2021-06-25T13:00:04,500.0,102.3,B
2021-06-25T11:28:21,800.0,102.3,B
2021-06-25T11:23:41,200.0,102.3,B
2021-06-25T11:23:20,3200.0,101.7,S
2021-06-25T11:22:00,200.0,101.8,S
2021-06-25T11:20:38,1000.0,102.0,B
2021-06-25T11:19:41,4000.0,102.2,B
2021-06-25T11:18:57,2000.0,102.0,B
2021-06-25T11:17:54,200.0,102.2,B
2021-06-25T11:17:42,5000.0,101.7,S
2021-06-25T11:17:09,400.0,101.8,S
2021-06-25T11:17:05,100.0,102.0,S
2021-06-25T11:14:37,200.0,102.0,S
2021-06-25T11:13:47,200.0,102.0,S
2021-06-25T11:12:07,1000.0,102.2,B
2021-06-25T11:09:56,1700.0,102.0,B
2021-06-25T11:08:58,100.0,101.7,S
2021-06-25T11:08:36,100.0,101.7,B
2021-06-25T11:07:13,300.0,101.7,B
2021-06-25T11:06:17,200.0,101.7,S
2021-06-25T11:01:23,500.0,102.0,B
2021-06-25T10:56:34,100.0,102.6,B
2021-06-25T10:53:38,1000.0,102.6,B
2021-06-25T10:53:04,700.0,102.6,B
2021-06-25T10:52:06,1000.0,101.5,S
2021-06-25T10:50:38,500.0,101.5,S
2021-06-25T10:46:23,100.0,101.2,S
2021-06-25T10:45:37,100.0,101.2,S
2021-06-25T10:45:08,1600.0,101.0,S
2021-06-25T10:44:55,200.0,101.2,B
2021-06-25T10:42:45,32200.0,103.0,B
2021-06-25T10:42:27,1000.0,101.1,S
2021-06-25T10:41:51,500.0,101.2,S
2021-06-25T10:41:21,300.0,101.3,S
2021-06-25T10:41:10,500.0,101.3,S
2021-06-25T10:41:04,100.0,101.3,S
2021-06-25T10:40:12,200.0,101.3,S
2021-06-25T10:39:53,1300.0,101.3,S
2021-06-25T10:39:42,200.0,101.3,S
2021-06-25T10:37:55,500.0,101.3,S
2021-06-25T10:37:47,100.0,101.3,S
2021-06-25T10:37:29,200.0,101.3,S
2021-06-25T10:37:02,200.0,101.5,S
2021-06-25T10:36:26,1500.0,101.5,S
2021-06-25T10:36:14,1000.0,101.5,S
2021-06-25T10:36:12,100.0,101.5,S
2021-06-25T10:35:53,100.0,101.5,S
2021-06-25T10:35:25,200.0,101.5,S
2021-06-25T10:33:46,1200.0,101.6,B
2021-06-25T10:30:03,100.0,101.6,S
2021-06-25T10:28:57,600.0,101.6,S
2021-06-25T10:26:27,1000.0,101.6,S
2021-06-25T10:22:46,3800.0,101.6,S
2021-06-25T10:20:26,100.0,102.0,B
2021-06-25T10:19:50,400.0,102.0,B
2021-06-25T10:17:58,100.0,102.0,B
2021-06-25T10:13:17,9500.0,102.0,S
2021-06-25T10:12:59,2900.0,102.0,S
2021-06-25T10:12:09,300.0,102.0,S
2021-06-25T10:11:35,100.0,102.0,S
2021-06-25T10:11:32,1200.0,102.0,S
2021-06-25T10:09:26,1000.0,102.0,S
2021-06-25T10:09:06,2300.0,102.0,S
2021-06-25T10:08:58,800.0,102.0,S
2021-06-25T10:08:30,200.0,102.0,S
2021-06-25T10:07:13,500.0,102.0,S
2021-06-25T10:06:47,100.0,102.0,S
2021-06-25T10:06:41,100.0,102.0,S
2021-06-25T10:06:03,1100.0,102.0,B
2021-06-25T10:04:45,800.0,102.0,B
2021-06-25T10:04:03,700.0,102.0,S
2021-06-25T10:04:00,100.0,102.0,S
2021-06-25T10:02:59,500.0,102.0,S
2021-06-25T10:02:09,200.0,102.0,S
2021-06-25T10:01:24,1000.0,102.3,B
2021-06-25T10:00:52,500.0,102.0,S
2021-06-25T10:00:36,300.0,102.0,S
2021-06-25T10:00:28,500.0,102.0,S
2021-06-25T10:00:06,300.0,102.0,S
2021-06-25T10:00:02,500.0,102.0,S
2021-06-25T09:59:11,5900.0,102.0,B
2021-06-25T09:55:32,400.0,101.5,S
2021-06-25T09:52:06,500.0,101.5,S
2021-06-25T09:51:06,100.0,101.5,S
2021-06-25T09:51:01,100.0,101.5,S
2021-06-25T09:50:40,400.0,101.5,S
2021-06-25T09:50:11,100.0,101.5,S
2021-06-25T09:49:17,400.0,101.5,S
2021-06-25T09:47:11,600.0,101.5,B
2021-06-25T09:46:36,200.0,101.5,B
2021-06-25T09:46:28,500.0,101.5,B
2021-06-25T09:45:35,1000.0,101.5,S
2021-06-25T09:44:00,300.0,102.0,S
2021-06-25T09:43:24,100.0,102.0,S
2021-06-25T09:40:46,200.0,102.3,B
2021-06-25T09:40:35,6500.0,102.0,S
2021-06-25T09:39:53,500.0,102.3,B
2021-06-25T09:39:50,1000.0,102.0,S
2021-06-25T09:39:28,1200.0,102.0,S
2021-06-25T09:39:02,1200.0,102.0,S
2021-06-25T09:34:17,100.0,102.4,B
2021-06-25T09:33:47,800.0,101.0,S
2021-06-25T09:32:03,200.0,101.0,S
2021-06-25T09:29:58,300.0,101.0,S
2021-06-25T09:29:52,400.0,101.0,S
2021-06-25T09:29:01,2500.0,101.0,S
2021-06-25T09:27:38,100.0,101.0,S
2021-06-25T09:27:09,100.0,101.0,S
2021-06-25T09:26:37,1000.0,101.0,S
2021-06-25T09:26:01,200.0,101.0,S
2021-06-25T09:25:56,200.0,101.0,B
2021-06-25T09:25:50,100.0,102.0,S
2021-06-25T09:25:34,4500.0,101.0,S
2021-06-25T09:25:34,1000.0,102.0,S
2021-06-25T09:25:09,200.0,102.0,B
2021-06-25T09:24:44,1000.0,101.0,S
2021-06-25T09:23:43,1400.0,101.0,S
2021-06-25T09:21:48,300.0,101.0,S
2021-06-25T09:20:08,400.0,100.7,S
2021-06-25T09:20:03,100.0,102.0,B
2021-06-25T09:19:40,1600.0,100.5,S
2021-06-25T09:19:22,3000.0,100.5,B
2021-06-25T09:18:59,3000.0,100.5,S
2021-06-25T09:18:53,500.0,102.8,B
2021-06-25T09:18:50,500.0,101.0,S
2021-06-25T09:17:45,2000.0,101.2,S
2021-06-25T09:17:16,1000.0,101.5,S
2021-06-25T09:12:12,100.0,102.9,B
2021-06-25T09:11:59,3300.0,102.0,S
2021-06-25T09:05:58,200.0,103.0,B
2021-06-25T09:05:53,100.0,102.0,S
2021-06-25T09:05:09,100.0,103.0,S
2021-06-25T09:04:57,100.0,103.0,S
2021-06-25T09:04:32,200.0,103.0,B
2021-06-25T09:04:10,300.0,103.0,S
2021-06-25T09:03:04,500.0,103.0,S
2021-06-25T09:02:33,300.0,103.3,B
2021-06-25T09:00:34,400.0,103.5,S
2021-06-25T09:00:30,100.0,103.5,S
2021-06-25T09:00:20,500.0,103.3,B
