tradingTime,volume,price,side
2021-06-25T14:29:54,500.0,117.7,S
2021-06-25T14:29:44,200.0,117.8,B
2021-06-25T14:29:34,900.0,117.7,S
2021-06-25T14:29:31,100.0,117.7,S
2021-06-25T14:29:29,100.0,117.7,S
2021-06-25T14:28:57,100.0,117.7,B
2021-06-25T14:28:55,200.0,117.7,B
2021-06-25T14:28:33,2000.0,117.8,B
2021-06-25T14:28:32,1700.0,117.7,B
2021-06-25T14:28:31,100.0,117.7,S
2021-06-25T14:28:24,100.0,117.7,S
2021-06-25T14:27:59,100.0,117.7,S
2021-06-25T14:27:51,1000.0,117.7,B
2021-06-25T14:27:38,100.0,117.6,S
2021-06-25T14:27:04,900.0,117.7,S
2021-06-25T14:27:01,100.0,117.7,S
2021-06-25T14:26:38,1000.0,117.6,S
2021-06-25T14:26:33,1100.0,117.8,B
2021-06-25T14:26:33,8200.0,117.8,B
2021-06-25T14:26:33,300.0,117.8,B
2021-06-25T14:26:33,2100.0,117.8,B
2021-06-25T14:26:33,600.0,117.8,B
2021-06-25T14:26:33,2000.0,117.8,B
2021-06-25T14:26:33,2300.0,117.8,B
2021-06-25T14:26:33,1100.0,117.8,B
2021-06-25T14:26:33,400.0,117.7,B
2021-06-25T14:26:33,1400.0,117.7,B
2021-06-25T14:26:17,400.0,117.7,B
2021-06-25T14:26:13,1100.0,117.7,B
2021-06-25T14:26:13,800.0,117.7,B
2021-06-25T14:26:13,500.0,117.7,B
2021-06-25T14:26:12,400.0,117.6,B
2021-06-25T14:25:59,100.0,117.6,S
2021-06-25T14:25:57,200.0,117.6,S
2021-06-25T14:25:53,100.0,117.6,S
2021-06-25T14:25:53,1300.0,117.6,S
2021-06-25T14:25:46,1000.0,117.6,S
2021-06-25T14:25:32,100.0,117.7,B
2021-06-25T14:25:29,200.0,117.7,B
2021-06-25T14:25:27,1000.0,117.6,S
2021-06-25T14:25:24,100.0,117.6,S
2021-06-25T14:25:09,200.0,117.7,B
2021-06-25T14:24:52,400.0,117.6,S
2021-06-25T14:24:52,200.0,117.6,S
2021-06-25T14:24:51,500.0,117.6,S
2021-06-25T14:24:46,1000.0,117.6,S
2021-06-25T14:24:44,200.0,117.7,B
2021-06-25T14:24:27,1000.0,117.6,B
2021-06-25T14:24:26,100.0,117.6,B
2021-06-25T14:24:20,400.0,117.6,B
2021-06-25T14:24:17,1000.0,117.6,B
2021-06-25T14:24:04,100.0,117.6,B
2021-06-25T14:24:04,5700.0,117.6,B
2021-06-25T14:23:08,1000.0,117.6,B
2021-06-25T14:22:55,200.0,117.6,S
2021-06-25T14:22:40,1000.0,117.6,S
2021-06-25T14:22:17,600.0,117.6,B
2021-06-25T14:22:16,2300.0,117.6,B
2021-06-25T14:22:16,5900.0,117.6,B
2021-06-25T14:22:04,100.0,117.6,B
2021-06-25T14:22:04,2000.0,117.5,S
2021-06-25T14:21:42,2000.0,117.5,S
2021-06-25T14:21:32,3000.0,117.5,S
2021-06-25T14:21:29,2000.0,117.5,S
2021-06-25T14:21:19,1000.0,117.6,B
2021-06-25T14:21:08,100.0,117.6,B
2021-06-25T14:20:47,500.0,117.6,B
2021-06-25T14:20:44,200.0,117.6,B
2021-06-25T14:20:29,500.0,117.6,B
2021-06-25T14:19:28,600.0,117.6,B
2021-06-25T14:19:17,200.0,117.6,B
2021-06-25T14:19:15,1000.0,117.6,B
2021-06-25T14:18:56,100.0,117.6,B
2021-06-25T14:18:52,1000.0,117.6,B
2021-06-25T14:18:52,6000.0,117.5,S
2021-06-25T14:18:51,1800.0,117.5,S
2021-06-25T14:18:40,500.0,117.5,S
2021-06-25T14:18:32,300.0,117.5,S
2021-06-25T14:18:30,2000.0,117.5,S
2021-06-25T14:18:24,100.0,117.5,S
2021-06-25T14:18:17,1300.0,117.5,S
2021-06-25T14:17:38,100.0,117.5,S
2021-06-25T14:17:00,100.0,117.6,B
2021-06-25T14:16:55,3000.0,117.5,S
2021-06-25T14:16:41,500.0,117.5,S
2021-06-25T14:16:21,200.0,117.6,B
2021-06-25T14:16:20,1400.0,117.5,S
2021-06-25T14:16:20,600.0,117.5,S
2021-06-25T14:16:07,1200.0,117.5,S
2021-06-25T14:15:26,1300.0,117.5,S
2021-06-25T14:15:03,100.0,117.5,S
2021-06-25T14:14:59,500.0,117.6,B
2021-06-25T14:14:55,1000.0,117.6,B
2021-06-25T14:14:38,1100.0,117.5,S
2021-06-25T14:13:53,4000.0,117.5,S
2021-06-25T14:12:46,100.0,117.5,S
2021-06-25T14:12:32,100.0,117.6,B
2021-06-25T14:12:23,100.0,117.6,B
2021-06-25T14:12:23,1600.0,117.5,S
2021-06-25T14:12:22,3400.0,117.5,S
2021-06-25T14:11:52,200.0,117.6,B
2021-06-25T14:11:51,800.0,117.5,S
2021-06-25T14:11:48,200.0,117.6,B
2021-06-25T14:11:15,400.0,117.5,B
2021-06-25T14:11:12,5400.0,117.5,B
2021-06-25T14:11:01,600.0,117.5,B
2021-06-25T14:11:01,2500.0,117.5,B
2021-06-25T14:11:01,6900.0,117.5,B
2021-06-25T14:10:41,3100.0,117.5,S
2021-06-25T14:10:39,100.0,117.5,S
2021-06-25T14:10:38,100.0,117.6,B
2021-06-25T14:10:31,3000.0,117.5,S
2021-06-25T14:10:28,2100.0,117.5,S
2021-06-25T14:10:28,100.0,117.5,S
2021-06-25T14:10:28,1000.0,117.5,S
2021-06-25T14:10:28,26800.0,117.5,S
2021-06-25T14:09:51,1000.0,117.5,S
2021-06-25T14:09:51,800.0,117.5,S
2021-06-25T14:09:16,500.0,117.6,B
2021-06-25T14:07:52,100.0,117.5,S
2021-06-25T14:07:39,1000.0,117.6,B
2021-06-25T14:07:31,1000.0,117.5,S
2021-06-25T14:07:27,200.0,117.6,B
2021-06-25T14:07:26,500.0,117.5,S
2021-06-25T14:07:21,5000.0,117.6,B
2021-06-25T14:07:06,1000.0,117.5,S
2021-06-25T14:06:44,500.0,117.5,S
2021-06-25T14:06:22,300.0,117.6,B
2021-06-25T14:05:53,1000.0,117.6,B
2021-06-25T14:05:22,500.0,117.6,B
2021-06-25T14:05:19,100.0,117.6,B
2021-06-25T14:04:51,100.0,117.6,B
2021-06-25T14:04:32,500.0,117.5,S
2021-06-25T14:04:03,100.0,117.6,S
2021-06-25T14:03:45,300.0,117.7,B
2021-06-25T14:03:32,1100.0,117.5,S
2021-06-25T14:03:32,200.0,117.6,S
2021-06-25T14:03:04,200.0,117.7,B
2021-06-25T14:02:58,200.0,117.7,B
2021-06-25T14:02:46,200.0,117.7,B
2021-06-25T14:02:33,2500.0,117.7,B
2021-06-25T14:02:20,6300.0,117.6,S
2021-06-25T14:02:14,500.0,117.7,B
2021-06-25T14:02:08,500.0,117.7,B
2021-06-25T14:01:48,1200.0,117.7,B
2021-06-25T14:01:46,100.0,117.8,B
2021-06-25T14:01:46,900.0,117.8,B
2021-06-25T14:01:45,600.0,117.7,B
2021-06-25T14:01:44,100.0,117.7,B
2021-06-25T14:01:44,100.0,117.7,B
2021-06-25T14:01:38,4000.0,117.7,B
2021-06-25T14:01:18,1000.0,117.7,S
2021-06-25T14:00:34,1000.0,117.7,B
2021-06-25T14:00:34,500.0,117.7,B
2021-06-25T14:00:21,100.0,117.7,B
2021-06-25T14:00:18,500.0,117.7,B
2021-06-25T14:00:07,2000.0,117.7,B
2021-06-25T13:59:57,300.0,117.7,B
2021-06-25T13:59:54,1000.0,117.6,S
2021-06-25T13:59:50,600.0,117.7,B
2021-06-25T13:59:46,400.0,117.7,B
2021-06-25T13:59:46,100.0,117.7,B
2021-06-25T13:59:30,200.0,117.6,S
2021-06-25T13:59:24,100.0,117.6,S
2021-06-25T13:59:12,1400.0,117.6,B
2021-06-25T13:59:12,1700.0,117.6,B
2021-06-25T13:59:12,3500.0,117.6,B
2021-06-25T13:59:12,200.0,117.6,B
2021-06-25T13:59:12,5700.0,117.6,B
2021-06-25T13:58:52,500.0,117.6,B
2021-06-25T13:58:49,100.0,117.5,S
2021-06-25T13:58:45,400.0,117.6,B
2021-06-25T13:58:36,400.0,117.5,S
2021-06-25T13:58:34,200.0,117.6,B
2021-06-25T13:57:34,100.0,117.5,S
2021-06-25T13:57:06,1500.0,117.5,B
2021-06-25T13:57:06,500.0,117.5,B
2021-06-25T13:56:35,300.0,117.5,B
2021-06-25T13:56:34,100.0,117.5,B
2021-06-25T13:56:18,5100.0,117.5,S
2021-06-25T13:55:39,300.0,117.5,B
2021-06-25T13:55:38,2200.0,117.5,B
2021-06-25T13:54:54,1000.0,117.5,B
2021-06-25T13:54:44,2500.0,117.5,B
2021-06-25T13:54:21,200.0,117.5,B
2021-06-25T13:54:16,200.0,117.5,B
2021-06-25T13:53:36,1000.0,117.5,B
2021-06-25T13:53:18,5100.0,117.5,S
2021-06-25T13:53:12,500.0,117.5,S
2021-06-25T13:53:04,100.0,117.5,S
2021-06-25T13:52:43,900.0,117.5,S
2021-06-25T13:51:57,1000.0,117.5,S
2021-06-25T13:51:48,200.0,117.5,S
2021-06-25T13:51:38,100.0,117.5,S
2021-06-25T13:51:26,100.0,117.5,S
2021-06-25T13:50:59,500.0,117.5,S
2021-06-25T13:50:56,1000.0,117.5,S
2021-06-25T13:49:49,2000.0,117.5,S
2021-06-25T13:49:45,200.0,117.6,B
2021-06-25T13:48:18,200.0,117.5,B
2021-06-25T13:48:00,1300.0,117.6,B
2021-06-25T13:48:00,1100.0,117.5,B
2021-06-25T13:48:00,200.0,117.5,B
2021-06-25T13:47:59,6600.0,117.5,B
2021-06-25T13:47:42,3000.0,117.5,B
2021-06-25T13:47:10,200.0,117.5,B
2021-06-25T13:47:09,700.0,117.5,B
2021-06-25T13:46:53,100.0,117.5,B
2021-06-25T13:45:28,500.0,117.5,B
2021-06-25T13:45:15,200.0,117.5,B
2021-06-25T13:44:50,1000.0,117.2,S
2021-06-25T13:44:45,3000.0,117.5,S
2021-06-25T13:44:35,1900.0,117.6,B
2021-06-25T13:44:29,700.0,117.5,S
2021-06-25T13:44:28,100.0,117.6,B
2021-06-25T13:44:18,1300.0,117.5,B
2021-06-25T13:44:12,2700.0,117.5,B
2021-06-25T13:44:12,1200.0,117.5,B
2021-06-25T13:44:12,200.0,117.5,B
2021-06-25T13:44:12,4000.0,117.5,B
2021-06-25T13:44:12,1000.0,117.5,B
2021-06-25T13:44:12,200.0,117.5,B
2021-06-25T13:44:11,600.0,117.5,B
2021-06-25T13:44:11,900.0,117.5,B
2021-06-25T13:44:11,1200.0,117.5,B
2021-06-25T13:44:11,3000.0,117.5,B
2021-06-25T13:44:08,700.0,117.4,B
2021-06-25T13:43:56,300.0,117.4,B
2021-06-25T13:43:56,11300.0,117.4,B
2021-06-25T13:43:56,200.0,117.3,B
2021-06-25T13:43:56,3200.0,117.3,B
2021-06-25T13:43:06,900.0,117.3,S
2021-06-25T13:42:55,100.0,117.3,S
2021-06-25T13:42:33,1000.0,117.3,B
2021-06-25T13:42:21,200.0,117.3,B
2021-06-25T13:42:21,200.0,117.3,B
2021-06-25T13:42:21,2400.0,117.3,B
2021-06-25T13:42:21,100.0,117.3,B
2021-06-25T13:42:21,100.0,117.3,B
2021-06-25T13:42:21,5000.0,117.3,B
2021-06-25T13:41:42,300.0,117.2,B
2021-06-25T13:41:35,1700.0,117.2,S
2021-06-25T13:41:03,1300.0,117.2,B
2021-06-25T13:40:52,100.0,117.2,B
2021-06-25T13:40:48,200.0,117.2,B
2021-06-25T13:39:26,9700.0,117.2,S
2021-06-25T13:39:24,100.0,117.3,B
2021-06-25T13:39:18,900.0,117.2,S
2021-06-25T13:38:55,300.0,117.3,B
2021-06-25T13:38:33,700.0,117.3,B
2021-06-25T13:37:59,200.0,117.3,B
2021-06-25T13:37:42,800.0,117.3,B
2021-06-25T13:37:02,1800.0,117.3,B
2021-06-25T13:36:30,100.0,117.3,B
2021-06-25T13:36:23,300.0,117.3,B
2021-06-25T13:36:23,200.0,117.3,B
2021-06-25T13:36:03,100.0,117.2,S
2021-06-25T13:36:01,14600.0,117.3,B
2021-06-25T13:34:41,400.0,117.2,B
2021-06-25T13:34:41,1800.0,117.2,B
2021-06-25T13:34:41,3000.0,117.2,B
2021-06-25T13:34:40,200.0,117.2,B
2021-06-25T13:34:31,500.0,117.2,B
2021-06-25T13:34:30,100.0,117.2,B
2021-06-25T13:34:27,2000.0,117.2,B
2021-06-25T13:34:21,200.0,117.2,B
2021-06-25T13:34:14,1000.0,117.2,B
2021-06-25T13:33:41,100.0,117.2,B
2021-06-25T13:33:36,200.0,117.2,B
2021-06-25T13:33:32,100.0,117.2,B
2021-06-25T13:33:32,100.0,117.2,B
2021-06-25T13:33:21,700.0,117.2,B
2021-06-25T13:33:16,3000.0,117.2,B
2021-06-25T13:32:57,200.0,117.2,B
2021-06-25T13:32:15,100.0,117.1,S
2021-06-25T13:32:10,300.0,117.1,S
2021-06-25T13:32:06,200.0,117.2,B
2021-06-25T13:32:03,300.0,117.1,S
2021-06-25T13:31:26,4300.0,117.1,S
2021-06-25T13:31:19,1400.0,117.1,S
2021-06-25T13:31:11,600.0,117.1,B
2021-06-25T13:31:01,600.0,117.1,B
2021-06-25T13:30:52,2500.0,117.1,B
2021-06-25T13:30:51,10000.0,117.1,B
2021-06-25T13:30:35,1300.0,117.0,S
2021-06-25T13:30:11,100.0,117.0,S
2021-06-25T13:29:12,100.0,117.0,S
2021-06-25T13:29:09,100.0,117.1,B
2021-06-25T13:28:57,1000.0,117.0,S
2021-06-25T13:28:53,100.0,117.1,B
2021-06-25T13:28:43,400.0,117.1,B
2021-06-25T13:28:41,200.0,117.1,B
2021-06-25T13:28:32,1000.0,117.1,B
2021-06-25T13:27:42,100.0,117.1,B
2021-06-25T13:27:37,200.0,117.1,B
2021-06-25T13:27:35,200.0,117.1,B
2021-06-25T13:27:32,300.0,117.1,B
2021-06-25T13:27:24,1400.0,117.1,B
2021-06-25T13:27:13,1000.0,117.1,S
2021-06-25T13:27:13,400.0,117.1,S
2021-06-25T13:27:13,4500.0,117.1,S
2021-06-25T13:26:23,500.0,117.1,S
2021-06-25T13:25:30,200.0,117.1,S
2021-06-25T13:25:28,100.0,117.2,B
2021-06-25T13:25:10,700.0,117.1,S
2021-06-25T13:25:05,4100.0,117.1,B
2021-06-25T13:25:02,100.0,117.0,S
2021-06-25T13:24:49,1600.0,117.1,B
2021-06-25T13:24:49,11400.0,117.1,B
2021-06-25T13:24:25,2500.0,117.0,B
2021-06-25T13:24:25,100.0,117.0,B
2021-06-25T13:24:06,500.0,117.0,B
2021-06-25T13:23:49,300.0,116.9,S
2021-06-25T13:23:49,200.0,116.9,S
2021-06-25T13:23:13,200.0,117.0,B
2021-06-25T13:23:12,400.0,117.0,B
2021-06-25T13:23:02,100.0,116.9,S
2021-06-25T13:22:31,100.0,117.0,B
2021-06-25T13:22:20,700.0,116.9,S
2021-06-25T13:22:20,2500.0,116.9,S
2021-06-25T13:22:20,4000.0,116.9,S
2021-06-25T13:22:20,1500.0,116.9,S
2021-06-25T13:22:20,1700.0,116.9,S
2021-06-25T13:21:04,1000.0,116.9,S
2021-06-25T13:20:57,500.0,117.0,B
2021-06-25T13:20:56,100.0,117.0,B
2021-06-25T13:20:51,200.0,117.0,B
2021-06-25T13:19:51,100.0,117.0,S
2021-06-25T13:19:37,1900.0,116.9,S
2021-06-25T13:19:37,100.0,117.0,S
2021-06-25T13:19:19,100.0,117.1,B
2021-06-25T13:18:50,200.0,117.1,B
2021-06-25T13:18:46,600.0,116.9,S
2021-06-25T13:18:46,100.0,116.9,S
2021-06-25T13:18:46,1900.0,116.9,S
2021-06-25T13:18:23,4900.0,117.1,B
2021-06-25T13:18:02,1500.0,116.9,S
2021-06-25T13:18:02,1300.0,116.9,S
2021-06-25T13:18:02,600.0,117.0,S
2021-06-25T13:18:02,9600.0,117.0,S
2021-06-25T13:17:25,1300.0,117.0,S
2021-06-25T13:17:24,100.0,117.1,B
2021-06-25T13:17:22,11300.0,117.0,S
2021-06-25T13:17:21,1700.0,117.1,B
2021-06-25T13:17:04,7000.0,117.1,B
2021-06-25T13:16:50,100.0,117.1,B
2021-06-25T13:16:36,200.0,117.1,S
2021-06-25T13:16:34,200.0,117.1,S
2021-06-25T13:16:28,1300.0,117.0,S
2021-06-25T13:16:28,3000.0,117.0,S
2021-06-25T13:16:28,500.0,117.0,S
2021-06-25T13:16:28,400.0,117.0,S
2021-06-25T13:16:28,5100.0,117.0,S
2021-06-25T13:16:28,3000.0,117.1,S
2021-06-25T13:16:28,3300.0,117.2,B
2021-06-25T13:15:57,300.0,117.2,B
2021-06-25T13:15:48,100.0,117.2,B
2021-06-25T13:15:46,1300.0,117.1,S
2021-06-25T13:15:38,500.0,117.2,B
2021-06-25T13:15:17,200.0,117.2,B
2021-06-25T13:15:08,100.0,117.2,B
2021-06-25T13:15:04,1000.0,117.1,S
2021-06-25T13:14:58,100.0,117.2,B
2021-06-25T13:14:56,100.0,117.2,B
2021-06-25T13:14:53,500.0,117.1,S
2021-06-25T13:14:52,500.0,117.2,B
2021-06-25T13:14:32,100.0,117.2,B
2021-06-25T13:14:24,200.0,117.2,B
2021-06-25T13:14:07,1000.0,117.1,S
2021-06-25T13:13:23,1000.0,117.1,S
2021-06-25T13:12:51,800.0,117.1,S
2021-06-25T13:12:10,3500.0,117.1,B
2021-06-25T13:12:05,100.0,117.1,B
2021-06-25T13:12:02,500.0,117.0,S
2021-06-25T13:12:00,100.0,117.0,S
2021-06-25T13:11:59,400.0,117.1,B
2021-06-25T13:11:54,200.0,117.0,S
2021-06-25T13:11:44,1700.0,117.1,B
2021-06-25T13:11:42,200.0,117.0,S
2021-06-25T13:10:33,100.0,117.1,B
2021-06-25T13:10:29,200.0,117.1,B
2021-06-25T13:10:18,800.0,117.1,B
2021-06-25T13:10:16,100.0,117.1,S
2021-06-25T13:10:11,100.0,117.1,S
2021-06-25T13:10:10,3000.0,117.1,S
2021-06-25T13:10:10,200.0,117.2,B
2021-06-25T13:10:00,200.0,117.2,B
2021-06-25T13:09:56,800.0,117.1,S
2021-06-25T13:09:35,500.0,117.1,S
2021-06-25T13:09:20,600.0,117.1,S
2021-06-25T13:09:08,300.0,117.1,B
2021-06-25T13:09:03,100.0,117.0,S
2021-06-25T13:08:13,100.0,117.0,S
2021-06-25T13:07:45,600.0,117.0,S
2021-06-25T13:07:12,200.0,117.0,S
2021-06-25T13:07:01,800.0,117.0,S
2021-06-25T13:05:53,100.0,117.0,S
2021-06-25T13:05:50,200.0,117.0,S
2021-06-25T13:05:35,2500.0,117.0,S
2021-06-25T13:05:27,200.0,117.1,B
2021-06-25T13:04:14,1100.0,117.0,S
2021-06-25T13:04:13,3800.0,117.0,B
2021-06-25T13:04:03,15100.0,117.0,S
2021-06-25T13:04:02,100.0,117.1,B
2021-06-25T13:04:01,400.0,117.1,B
2021-06-25T13:03:32,1200.0,117.1,S
2021-06-25T13:03:29,5000.0,117.1,B
2021-06-25T13:03:24,500.0,117.0,B
2021-06-25T13:03:12,300.0,117.0,B
2021-06-25T13:03:12,400.0,117.0,B
2021-06-25T13:03:03,900.0,117.0,B
2021-06-25T13:02:53,3900.0,117.0,B
2021-06-25T13:02:33,300.0,117.0,B
2021-06-25T13:02:23,1200.0,117.0,B
2021-06-25T13:02:21,3500.0,117.0,B
2021-06-25T13:02:12,1300.0,117.1,B
2021-06-25T13:02:03,5200.0,117.1,B
2021-06-25T13:01:08,200.0,117.0,S
2021-06-25T13:01:03,100.0,117.1,B
2021-06-25T13:01:01,100.0,117.1,B
2021-06-25T13:00:53,500.0,117.1,B
2021-06-25T13:00:43,2000.0,117.1,B
2021-06-25T13:00:33,200.0,117.1,B
2021-06-25T13:00:29,1000.0,117.1,B
2021-06-25T13:00:27,100.0,117.0,S
2021-06-25T13:00:27,1500.0,117.0,S
2021-06-25T13:00:25,500.0,117.0,S
2021-06-25T13:00:25,500.0,117.0,S
2021-06-25T13:00:25,2100.0,117.0,S
2021-06-25T13:00:25,100.0,117.0,S
2021-06-25T13:00:25,100.0,117.0,S
2021-06-25T13:00:25,100.0,117.0,S
2021-06-25T13:00:25,500.0,117.0,S
2021-06-25T13:00:21,4500.0,117.0,S
2021-06-25T13:00:21,100.0,117.0,S
2021-06-25T13:00:21,800.0,117.1,B
2021-06-25T13:00:14,700.0,117.0,S
2021-06-25T13:00:14,100.0,117.0,S
2021-06-25T13:00:14,300.0,117.0,S
2021-06-25T13:00:14,1100.0,117.0,S
2021-06-25T13:00:14,6000.0,117.1,B
2021-06-25T13:00:10,200.0,117.1,B
2021-06-25T11:30:04,900.0,117.1,B
2021-06-25T11:30:00,600.0,117.1,B
2021-06-25T11:29:19,1500.0,117.0,S
2021-06-25T11:29:14,1000.0,117.0,B
2021-06-25T11:28:10,700.0,116.9,S
2021-06-25T11:28:10,300.0,116.9,S
2021-06-25T11:27:45,400.0,116.9,S
2021-06-25T11:27:44,900.0,116.9,S
2021-06-25T11:26:45,500.0,116.9,S
2021-06-25T11:26:33,100.0,116.9,B
2021-06-25T11:26:32,100.0,116.9,B
2021-06-25T11:26:31,600.0,116.9,B
2021-06-25T11:25:46,200.0,116.9,B
2021-06-25T11:25:42,100.0,116.9,B
2021-06-25T11:25:15,200.0,116.9,B
2021-06-25T11:25:02,200.0,116.9,B
2021-06-25T11:25:02,400.0,116.9,B
2021-06-25T11:24:59,400.0,116.9,B
2021-06-25T11:24:53,100.0,116.9,B
2021-06-25T11:24:50,300.0,116.9,B
2021-06-25T11:24:43,300.0,116.9,B
2021-06-25T11:24:39,1000.0,116.9,B
2021-06-25T11:24:38,400.0,116.9,B
2021-06-25T11:24:23,300.0,117.0,B
2021-06-25T11:24:12,1200.0,117.0,B
2021-06-25T11:23:55,1000.0,116.8,S
2021-06-25T11:23:55,1700.0,116.8,S
2021-06-25T11:23:55,2600.0,116.8,S
2021-06-25T11:23:55,300.0,116.8,S
2021-06-25T11:23:55,900.0,116.8,S
2021-06-25T11:23:55,1500.0,116.8,S
2021-06-25T11:23:55,400.0,116.8,S
2021-06-25T11:23:55,2400.0,116.8,S
2021-06-25T11:23:55,1000.0,116.9,S
2021-06-25T11:23:55,100.0,116.9,S
2021-06-25T11:23:55,4700.0,116.9,S
2021-06-25T11:23:23,300.0,117.0,B
2021-06-25T11:23:20,1000.0,117.0,B
2021-06-25T11:23:19,100.0,117.0,B
2021-06-25T11:23:14,100.0,116.9,S
2021-06-25T11:23:07,100.0,117.0,B
2021-06-25T11:23:04,200.0,117.0,B
2021-06-25T11:22:56,1000.0,117.0,B
2021-06-25T11:22:32,200.0,117.0,B
2021-06-25T11:22:23,1100.0,117.0,B
2021-06-25T11:22:15,2800.0,117.0,B
2021-06-25T11:22:15,1800.0,117.0,S
2021-06-25T11:21:55,100.0,117.0,S
2021-06-25T11:21:55,1900.0,117.0,S
2021-06-25T11:21:55,8100.0,117.1,S
2021-06-25T11:21:23,1900.0,117.1,S
2021-06-25T11:21:23,2500.0,117.1,B
2021-06-25T11:21:18,10000.0,117.1,B
2021-06-25T11:21:11,100.0,117.1,B
2021-06-25T11:21:11,100.0,117.1,B
2021-06-25T11:21:03,400.0,117.1,B
2021-06-25T11:20:53,1700.0,117.1,B
2021-06-25T11:20:47,6800.0,117.1,B
2021-06-25T11:19:46,800.0,117.0,S
2021-06-25T11:19:22,200.0,117.1,B
2021-06-25T11:19:20,1000.0,117.1,B
2021-06-25T11:18:42,1200.0,117.0,B
2021-06-25T11:18:23,100.0,117.0,B
2021-06-25T11:18:14,400.0,117.0,B
2021-06-25T11:17:54,100.0,117.0,B
2021-06-25T11:17:34,200.0,117.0,B
2021-06-25T11:17:23,1100.0,117.0,B
2021-06-25T11:17:20,300.0,117.0,S
2021-06-25T11:17:20,500.0,117.0,S
2021-06-25T11:17:20,3600.0,117.0,S
2021-06-25T11:16:50,200.0,117.0,S
2021-06-25T11:16:05,1400.0,117.0,S
2021-06-25T11:16:04,700.0,117.0,S
2021-06-25T11:15:27,5000.0,117.0,S
2021-06-25T11:15:00,300.0,117.1,B
2021-06-25T11:14:35,1000.0,117.0,S
2021-06-25T11:14:33,100.0,117.0,S
2021-06-25T11:14:22,2800.0,117.0,B
2021-06-25T11:14:13,14500.0,117.0,B
2021-06-25T11:13:27,300.0,117.0,B
2021-06-25T11:13:19,300.0,117.0,B
2021-06-25T11:13:16,600.0,117.0,B
2021-06-25T11:13:13,600.0,117.0,B
2021-06-25T11:13:06,2500.0,117.0,B
2021-06-25T11:13:00,5200.0,117.0,B
2021-06-25T11:13:00,4800.0,117.0,B
2021-06-25T11:12:51,100.0,117.0,B
2021-06-25T11:12:13,1000.0,116.9,S
2021-06-25T11:12:09,200.0,116.9,B
2021-06-25T11:12:06,2000.0,116.9,B
2021-06-25T11:11:59,600.0,116.9,B
2021-06-25T11:11:53,200.0,116.9,B
2021-06-25T11:11:40,200.0,116.9,B
2021-06-25T11:11:32,400.0,116.9,B
2021-06-25T11:11:29,200.0,116.9,B
2021-06-25T11:11:28,200.0,116.9,B
2021-06-25T11:11:17,800.0,116.9,B
2021-06-25T11:11:12,200.0,116.9,B
2021-06-25T11:11:09,1000.0,116.9,B
2021-06-25T11:11:04,2000.0,116.9,B
2021-06-25T11:10:59,100.0,116.9,B
2021-06-25T11:10:55,100.0,116.9,B
2021-06-25T11:10:49,500.0,116.9,B
2021-06-25T11:10:36,100.0,116.9,B
2021-06-25T11:10:33,2000.0,116.8,S
2021-06-25T11:10:01,200.0,116.9,B
2021-06-25T11:09:34,100.0,116.8,S
2021-06-25T11:09:33,100.0,116.9,B
2021-06-25T11:09:23,500.0,116.9,B
2021-06-25T11:09:13,2300.0,116.9,B
2021-06-25T11:09:04,9300.0,116.9,S
2021-06-25T11:09:04,200.0,117.0,S
2021-06-25T11:08:33,9200.0,117.0,B
2021-06-25T11:08:18,200.0,116.9,S
2021-06-25T11:08:01,700.0,116.9,S
2021-06-25T11:07:52,4800.0,116.9,B
2021-06-25T11:07:43,100.0,116.9,B
2021-06-25T11:07:33,200.0,116.9,B
2021-06-25T11:07:23,800.0,116.9,B
2021-06-25T11:07:13,3200.0,116.9,S
2021-06-25T11:07:12,100.0,116.9,S
2021-06-25T11:07:12,1000.0,116.9,S
2021-06-25T11:07:12,5000.0,116.9,S
2021-06-25T11:07:11,6800.0,116.9,S
2021-06-25T11:05:13,300.0,117.0,B
2021-06-25T11:05:10,1500.0,117.0,B
2021-06-25T11:04:43,100.0,117.0,B
2021-06-25T11:04:39,400.0,117.0,B
2021-06-25T11:04:33,100.0,117.0,B
2021-06-25T11:04:31,500.0,117.0,S
2021-06-25T11:03:50,100.0,117.0,B
2021-06-25T11:02:54,100.0,117.2,B
2021-06-25T11:02:52,100.0,117.2,B
2021-06-25T11:02:33,300.0,117.2,B
2021-06-25T11:02:23,1200.0,117.2,B
2021-06-25T11:02:23,5000.0,117.2,B
2021-06-25T11:01:26,800.0,116.9,B
2021-06-25T11:01:18,100.0,116.9,B
2021-06-25T11:01:13,100.0,116.9,B
2021-06-25T11:01:08,500.0,116.9,B
2021-06-25T11:01:03,100.0,116.9,B
2021-06-25T11:01:02,200.0,116.9,B
2021-06-25T11:00:57,200.0,116.9,B
2021-06-25T11:00:32,100.0,116.9,B
2021-06-25T11:00:25,100.0,116.9,B
2021-06-25T11:00:25,100.0,116.9,B
2021-06-25T11:00:23,400.0,116.9,B
2021-06-25T11:00:15,300.0,116.9,B
2021-06-25T11:00:15,100.0,116.9,B
2021-06-25T11:00:07,1600.0,116.9,B
2021-06-25T11:00:00,100.0,116.9,B
2021-06-25T10:59:57,500.0,116.9,B
2021-06-25T10:59:54,5000.0,116.9,B
2021-06-25T10:59:54,1000.0,116.9,B
2021-06-25T10:59:51,8000.0,116.8,S
2021-06-25T10:59:50,2300.0,116.9,B
2021-06-25T10:59:38,300.0,116.9,S
2021-06-25T10:59:34,2100.0,116.9,S
2021-06-25T10:59:34,600.0,116.9,S
2021-06-25T10:59:34,1200.0,116.9,S
2021-06-25T10:59:34,2000.0,116.9,S
2021-06-25T10:59:34,3200.0,116.9,S
2021-06-25T10:59:26,1300.0,116.9,S
2021-06-25T10:59:20,3100.0,116.9,S
2021-06-25T10:59:20,100.0,117.0,S
2021-06-25T10:59:19,100.0,117.0,S
2021-06-25T10:58:32,3700.0,116.9,S
2021-06-25T10:58:32,1300.0,117.0,S
2021-06-25T10:58:30,100.0,117.1,B
2021-06-25T10:58:09,100.0,117.1,B
2021-06-25T10:57:58,400.0,117.1,B
2021-06-25T10:57:29,1000.0,116.9,S
2021-06-25T10:57:29,200.0,116.9,S
2021-06-25T10:57:29,5300.0,117.0,S
2021-06-25T10:57:29,700.0,117.0,S
2021-06-25T10:57:21,2600.0,117.0,S
2021-06-25T10:57:19,1000.0,117.1,S
2021-06-25T10:56:56,3000.0,117.1,S
2021-06-25T10:56:47,3200.0,117.1,S
2021-06-25T10:56:29,100.0,117.2,B
2021-06-25T10:56:20,500.0,117.2,B
2021-06-25T10:56:18,200.0,117.2,B
2021-06-25T10:56:09,2200.0,117.2,B
2021-06-25T10:55:57,600.0,117.2,S
2021-06-25T10:55:57,400.0,117.2,S
2021-06-25T10:55:57,8100.0,117.2,S
2021-06-25T10:55:38,2600.0,117.2,S
2021-06-25T10:53:32,400.0,117.2,S
2021-06-25T10:53:31,100.0,117.3,B
2021-06-25T10:53:30,200.0,117.3,B
2021-06-25T10:53:26,100.0,117.3,B
2021-06-25T10:53:22,400.0,117.3,B
2021-06-25T10:52:21,300.0,117.3,B
2021-06-25T10:52:07,1500.0,117.3,B
2021-06-25T10:51:49,6000.0,117.3,B
2021-06-25T10:51:41,200.0,117.3,B
2021-06-25T10:51:32,1100.0,117.3,B
2021-06-25T10:51:21,400.0,117.3,B
2021-06-25T10:51:19,4000.0,117.3,B
2021-06-25T10:51:13,100.0,117.2,S
2021-06-25T10:51:10,1500.0,117.2,S
2021-06-25T10:51:10,400.0,117.3,B
2021-06-25T10:50:51,100.0,117.2,S
2021-06-25T10:50:50,100.0,117.2,S
2021-06-25T10:50:41,200.0,117.2,B
2021-06-25T10:50:39,1800.0,117.2,B
2021-06-25T10:50:39,1300.0,117.2,B
2021-06-25T10:50:30,4000.0,117.2,B
2021-06-25T10:50:30,6000.0,117.2,B
2021-06-25T10:50:29,2500.0,117.1,B
2021-06-25T10:50:16,10000.0,117.1,B
2021-06-25T10:50:07,200.0,117.1,B
2021-06-25T10:49:57,1200.0,117.0,S
2021-06-25T10:49:41,2000.0,117.0,B
2021-06-25T10:49:40,700.0,117.0,B
2021-06-25T10:49:37,3000.0,117.0,B
2021-06-25T10:49:29,1000.0,117.0,B
2021-06-25T10:49:19,100.0,117.0,B
2021-06-25T10:49:19,200.0,117.0,B
2021-06-25T10:49:07,1000.0,117.0,B
2021-06-25T10:48:49,200.0,117.0,B
2021-06-25T10:48:40,200.0,117.0,B
2021-06-25T10:48:28,800.0,117.0,B
2021-06-25T10:48:21,100.0,117.0,B
2021-06-25T10:48:18,3200.0,117.0,B
2021-06-25T10:48:12,400.0,117.0,B
2021-06-25T10:47:59,1600.0,117.0,B
2021-06-25T10:47:48,1500.0,117.0,B
2021-06-25T10:47:43,5100.0,117.0,S
2021-06-25T10:47:40,200.0,117.0,S
2021-06-25T10:47:39,5200.0,117.1,B
2021-06-25T10:47:39,100.0,117.1,B
2021-06-25T10:47:32,500.0,117.1,B
2021-06-25T10:47:26,500.0,117.1,B
2021-06-25T10:46:47,200.0,117.0,B
2021-06-25T10:46:43,1900.0,117.0,B
2021-06-25T10:46:43,5000.0,117.0,B
2021-06-25T10:46:42,3100.0,117.0,B
2021-06-25T10:46:10,200.0,117.0,B
2021-06-25T10:46:01,200.0,117.0,B
2021-06-25T10:45:54,100.0,116.9,B
2021-06-25T10:45:53,600.0,116.9,B
2021-06-25T10:45:50,1000.0,116.9,B
2021-06-25T10:45:41,700.0,116.9,B
2021-06-25T10:45:39,1900.0,116.9,B
2021-06-25T10:45:35,500.0,116.9,B
2021-06-25T10:45:33,1000.0,116.9,B
2021-06-25T10:45:25,1900.0,116.9,B
2021-06-25T10:45:25,1000.0,116.9,B
2021-06-25T10:45:24,200.0,116.8,S
2021-06-25T10:45:21,1900.0,116.9,B
2021-06-25T10:45:19,2300.0,116.9,B
2021-06-25T10:45:12,1900.0,116.9,B
2021-06-25T10:45:11,400.0,116.9,B
2021-06-25T10:45:10,1100.0,116.9,B
2021-06-25T10:45:05,600.0,116.9,B
2021-06-25T10:45:03,1900.0,116.9,B
2021-06-25T10:45:02,1000.0,116.7,S
2021-06-25T10:44:59,400.0,116.8,S
2021-06-25T10:44:56,100.0,116.8,S
2021-06-25T10:44:56,900.0,116.8,S
2021-06-25T10:44:56,2000.0,116.8,S
2021-06-25T10:44:56,400.0,116.9,B
2021-06-25T10:44:56,1600.0,116.8,S
2021-06-25T10:44:55,1100.0,116.9,B
2021-06-25T10:44:47,2600.0,116.9,B
2021-06-25T10:44:44,400.0,116.9,B
2021-06-25T10:44:44,1500.0,116.9,B
2021-06-25T10:44:43,100.0,116.9,B
2021-06-25T10:44:32,3300.0,116.9,B
2021-06-25T10:44:29,100.0,116.9,B
2021-06-25T10:44:25,100.0,116.9,B
2021-06-25T10:44:25,600.0,116.9,B
2021-06-25T10:44:23,300.0,116.9,B
2021-06-25T10:44:17,200.0,116.8,B
2021-06-25T10:44:17,600.0,116.8,B
2021-06-25T10:44:14,200.0,116.9,B
2021-06-25T10:44:10,300.0,116.9,B
2021-06-25T10:44:08,1700.0,116.9,B
2021-06-25T10:44:08,300.0,116.8,B
2021-06-25T10:44:07,600.0,116.9,B
2021-06-25T10:44:00,400.0,116.8,B
2021-06-25T10:44:00,900.0,116.9,B
2021-06-25T10:43:59,200.0,116.9,B
2021-06-25T10:43:57,2200.0,116.9,B
2021-06-25T10:43:56,3200.0,116.9,B
2021-06-25T10:43:53,1000.0,116.8,B
2021-06-25T10:43:50,2200.0,116.9,B
2021-06-25T10:43:47,300.0,116.9,B
2021-06-25T10:43:41,1700.0,116.7,S
2021-06-25T10:43:41,200.0,116.7,S
2021-06-25T10:43:41,13100.0,116.7,S
2021-06-25T10:43:38,2200.0,116.9,B
2021-06-25T10:43:38,300.0,116.8,B
2021-06-25T10:43:35,200.0,116.8,B
2021-06-25T10:43:31,1000.0,116.8,B
2021-06-25T10:43:29,100.0,116.9,B
2021-06-25T10:43:29,1000.0,116.9,B
2021-06-25T10:43:26,1600.0,116.9,B
2021-06-25T10:43:24,300.0,116.9,B
2021-06-25T10:43:22,200.0,116.9,B
2021-06-25T10:43:21,100.0,116.9,B
2021-06-25T10:43:20,700.0,116.9,B
2021-06-25T10:43:14,2000.0,116.9,B
2021-06-25T10:43:13,300.0,116.8,B
2021-06-25T10:43:13,800.0,116.8,B
2021-06-25T10:43:07,1500.0,116.9,B
2021-06-25T10:43:06,1000.0,116.8,B
2021-06-25T10:43:04,400.0,116.8,B
2021-06-25T10:42:52,3100.0,116.8,B
2021-06-25T10:42:46,300.0,116.8,B
2021-06-25T10:42:40,500.0,116.7,S
2021-06-25T10:42:37,2100.0,116.9,B
2021-06-25T10:42:29,100.0,116.8,B
2021-06-25T10:42:25,100.0,116.8,B
2021-06-25T10:42:19,100.0,116.8,B
2021-06-25T10:42:19,100.0,116.8,B
2021-06-25T10:42:09,400.0,116.8,B
2021-06-25T10:42:08,100.0,116.8,B
2021-06-25T10:42:02,300.0,116.8,B
2021-06-25T10:42:00,200.0,116.7,S
2021-06-25T10:42:00,700.0,116.8,B
2021-06-25T10:41:58,500.0,116.8,B
2021-06-25T10:41:54,200.0,116.9,B
2021-06-25T10:41:51,100.0,116.7,S
2021-06-25T10:41:51,2000.0,116.9,B
2021-06-25T10:41:51,400.0,116.8,B
2021-06-25T10:41:46,100.0,116.8,B
2021-06-25T10:41:42,1500.0,116.8,B
2021-06-25T10:41:39,2800.0,116.8,B
2021-06-25T10:41:39,100.0,116.7,S
2021-06-25T10:41:39,100.0,116.8,B
2021-06-25T10:41:32,100.0,116.8,S
2021-06-25T10:41:31,10000.0,116.8,S
2021-06-25T10:41:30,1100.0,116.8,S
2021-06-25T10:41:17,100.0,116.8,S
2021-06-25T10:41:16,300.0,116.8,S
2021-06-25T10:41:00,100.0,116.8,S
2021-06-25T10:40:59,100.0,116.8,S
2021-06-25T10:40:33,500.0,116.8,S
2021-06-25T10:40:24,200.0,116.8,S
2021-06-25T10:40:18,100.0,116.8,S
2021-06-25T10:40:12,600.0,116.8,S
2021-06-25T10:40:05,200.0,116.8,S
2021-06-25T10:40:01,900.0,116.8,S
2021-06-25T10:39:59,100.0,116.8,S
2021-06-25T10:39:54,400.0,116.8,S
2021-06-25T10:39:53,1200.0,116.8,S
2021-06-25T10:39:48,700.0,116.8,S
2021-06-25T10:39:43,3200.0,116.8,S
2021-06-25T10:39:36,1100.0,116.8,S
2021-06-25T10:39:36,700.0,116.8,S
2021-06-25T10:39:36,3200.0,116.8,S
2021-06-25T10:39:29,300.0,116.9,B
2021-06-25T10:39:05,300.0,116.9,B
2021-06-25T10:38:43,1500.0,116.9,B
2021-06-25T10:38:36,300.0,116.9,B
2021-06-25T10:38:19,300.0,116.9,B
2021-06-25T10:38:13,1000.0,116.8,S
2021-06-25T10:38:10,1300.0,116.9,B
2021-06-25T10:38:07,100.0,116.9,B
2021-06-25T10:37:56,3000.0,116.8,S
2021-06-25T10:37:49,1000.0,116.8,S
2021-06-25T10:37:48,200.0,116.9,B
2021-06-25T10:37:46,600.0,116.8,S
2021-06-25T10:37:46,1100.0,116.8,S
2021-06-25T10:37:46,700.0,116.8,S
2021-06-25T10:37:46,200.0,116.8,S
2021-06-25T10:37:46,1600.0,116.8,S
2021-06-25T10:37:46,100.0,116.8,S
2021-06-25T10:37:46,700.0,116.8,S
2021-06-25T10:37:44,400.0,116.9,B
2021-06-25T10:37:44,400.0,116.8,S
2021-06-25T10:37:30,1100.0,116.9,B
2021-06-25T10:37:16,100.0,116.9,B
2021-06-25T10:37:11,1700.0,116.9,S
2021-06-25T10:37:10,3000.0,116.9,S
2021-06-25T10:36:44,200.0,117.0,B
2021-06-25T10:36:42,400.0,116.9,S
2021-06-25T10:36:40,200.0,116.9,S
2021-06-25T10:36:40,400.0,116.9,S
2021-06-25T10:36:40,1000.0,116.9,S
2021-06-25T10:36:40,400.0,116.9,S
2021-06-25T10:36:40,1500.0,116.9,S
2021-06-25T10:36:40,3000.0,116.9,S
2021-06-25T10:35:59,200.0,116.9,S
2021-06-25T10:35:55,100.0,116.9,S
2021-06-25T10:35:44,200.0,116.9,S
2021-06-25T10:35:20,100.0,116.9,S
2021-06-25T10:35:11,1300.0,116.9,S
2021-06-25T10:34:55,200.0,117.0,B
2021-06-25T10:34:21,300.0,117.0,B
2021-06-25T10:34:09,200.0,117.0,B
2021-06-25T10:34:08,1000.0,117.0,B
2021-06-25T10:34:00,400.0,117.0,B
2021-06-25T10:33:58,500.0,117.0,B
2021-06-25T10:33:45,1700.0,117.0,B
2021-06-25T10:33:42,1500.0,116.9,S
2021-06-25T10:33:40,100.0,117.0,B
2021-06-25T10:33:37,300.0,117.0,B
2021-06-25T10:33:30,2200.0,116.9,S
2021-06-25T10:33:21,100.0,117.0,B
2021-06-25T10:33:19,100.0,117.0,B
2021-06-25T10:33:15,1000.0,117.0,B
2021-06-25T10:33:06,300.0,117.0,B
2021-06-25T10:32:57,100.0,117.0,B
2021-06-25T10:32:51,1400.0,117.0,B
2021-06-25T10:32:41,5800.0,117.0,B
2021-06-25T10:32:29,2800.0,117.0,S
2021-06-25T10:32:26,400.0,117.0,S
2021-06-25T10:32:26,3800.0,117.0,S
2021-06-25T10:32:26,800.0,117.0,S
2021-06-25T10:32:26,1100.0,117.0,S
2021-06-25T10:32:25,8800.0,117.0,S
2021-06-25T10:32:25,500.0,117.0,S
2021-06-25T10:32:25,600.0,117.0,S
2021-06-25T10:32:25,600.0,117.0,S
2021-06-25T10:32:25,500.0,117.0,S
2021-06-25T10:32:25,1000.0,117.0,S
2021-06-25T10:32:25,1900.0,117.0,S
2021-06-25T10:32:02,1000.0,117.0,S
2021-06-25T10:31:28,100.0,117.1,B
2021-06-25T10:31:22,100.0,117.1,B
2021-06-25T10:31:19,200.0,117.1,B
2021-06-25T10:31:09,900.0,117.1,B
2021-06-25T10:31:09,100.0,117.1,B
2021-06-25T10:30:59,600.0,117.1,B
2021-06-25T10:30:55,200.0,117.1,S
2021-06-25T10:30:55,1700.0,117.1,S
2021-06-25T10:30:55,500.0,117.1,S
2021-06-25T10:30:55,300.0,117.1,S
2021-06-25T10:30:55,400.0,117.1,S
2021-06-25T10:30:49,300.0,117.2,B
2021-06-25T10:30:49,400.0,117.2,B
2021-06-25T10:30:43,2000.0,117.1,S
2021-06-25T10:30:39,1500.0,117.2,B
2021-06-25T10:30:30,200.0,117.2,B
2021-06-25T10:30:23,6000.0,117.1,S
2021-06-25T10:30:21,800.0,117.2,B
2021-06-25T10:30:21,200.0,117.1,S
2021-06-25T10:30:14,100.0,117.1,S
2021-06-25T10:29:57,5100.0,117.1,S
2021-06-25T10:29:42,2100.0,117.1,S
2021-06-25T10:29:24,800.0,117.1,S
2021-06-25T10:29:24,1200.0,117.1,S
2021-06-25T10:29:11,100.0,117.2,B
2021-06-25T10:28:59,600.0,117.2,B
2021-06-25T10:28:52,100.0,117.2,B
2021-06-25T10:28:46,2500.0,117.1,S
2021-06-25T10:28:39,200.0,117.2,B
2021-06-25T10:28:28,1000.0,117.2,B
2021-06-25T10:28:19,100.0,117.2,B
2021-06-25T10:28:07,500.0,117.2,B
2021-06-25T10:27:58,2200.0,117.2,B
2021-06-25T10:27:52,7500.0,117.2,S
2021-06-25T10:27:48,1600.0,117.2,S
2021-06-25T10:26:51,1100.0,117.2,B
2021-06-25T10:26:24,200.0,117.2,B
2021-06-25T10:26:22,100.0,117.2,B
2021-06-25T10:26:15,900.0,117.2,B
2021-06-25T10:26:05,3700.0,117.2,B
2021-06-25T10:25:55,1300.0,117.2,S
2021-06-25T10:25:55,10000.0,117.2,S
2021-06-25T10:25:55,3800.0,117.2,S
2021-06-25T10:25:46,200.0,117.3,B
2021-06-25T10:25:40,300.0,117.3,B
2021-06-25T10:25:32,1500.0,117.3,B
2021-06-25T10:25:18,1100.0,117.3,B
2021-06-25T10:25:18,5000.0,117.3,B
2021-06-25T10:25:14,100.0,117.3,B
2021-06-25T10:24:25,300.0,117.3,B
2021-06-25T10:24:18,1300.0,117.3,B
2021-06-25T10:24:08,5000.0,117.3,B
2021-06-25T10:24:06,200.0,117.3,B
2021-06-25T10:23:58,400.0,117.3,B
2021-06-25T10:23:56,400.0,117.3,B
2021-06-25T10:23:46,300.0,117.3,B
2021-06-25T10:23:44,1500.0,117.2,S
2021-06-25T10:23:39,1500.0,117.3,B
2021-06-25T10:23:25,2600.0,117.2,B
2021-06-25T10:23:25,100.0,117.2,B
2021-06-25T10:23:25,12500.0,117.2,B
2021-06-25T10:23:19,1000.0,117.2,B
2021-06-25T10:21:57,2400.0,117.2,B
2021-06-25T10:21:51,100.0,117.2,B
2021-06-25T10:21:15,200.0,117.2,B
2021-06-25T10:20:47,200.0,117.2,B
2021-06-25T10:20:45,200.0,117.2,B
2021-06-25T10:20:45,200.0,117.2,B
2021-06-25T10:20:21,1200.0,117.2,B
2021-06-25T10:20:21,1000.0,117.2,B
2021-06-25T10:20:03,100.0,117.1,S
2021-06-25T10:19:49,1200.0,117.2,B
2021-06-25T10:19:49,4000.0,117.2,B
2021-06-25T10:19:30,500.0,117.2,B
2021-06-25T10:19:30,100.0,117.1,S
2021-06-25T10:18:58,500.0,117.1,S
2021-06-25T10:18:27,500.0,117.2,B
2021-06-25T10:18:23,300.0,117.1,S
2021-06-25T10:18:16,100.0,117.2,B
2021-06-25T10:18:16,200.0,117.2,B
2021-06-25T10:18:04,1600.0,117.2,B
2021-06-25T10:17:24,10000.0,117.2,B
2021-06-25T10:17:14,400.0,117.2,B
2021-06-25T10:16:34,1000.0,117.2,B
2021-06-25T10:16:32,100.0,117.2,B
2021-06-25T10:16:26,300.0,117.1,S
2021-06-25T10:16:08,100.0,117.1,S
2021-06-25T10:16:00,100.0,117.1,S
2021-06-25T10:15:49,100.0,117.2,B
2021-06-25T10:15:39,2500.0,117.1,S
2021-06-25T10:15:16,400.0,117.1,S
2021-06-25T10:15:02,100.0,117.1,S
2021-06-25T10:14:59,500.0,117.1,S
2021-06-25T10:14:49,2600.0,117.1,B
2021-06-25T10:14:39,900.0,117.0,S
2021-06-25T10:14:39,200.0,117.0,S
2021-06-25T10:14:39,3900.0,117.0,S
2021-06-25T10:14:36,100.0,117.1,B
2021-06-25T10:14:31,100.0,117.1,B
2021-06-25T10:14:26,1000.0,117.0,S
2021-06-25T10:14:24,100.0,117.1,B
2021-06-25T10:14:14,10000.0,117.1,B
2021-06-25T10:13:54,600.0,117.0,S
2021-06-25T10:13:54,400.0,117.0,S
2021-06-25T10:13:50,1000.0,117.0,S
2021-06-25T10:13:44,500.0,117.0,S
2021-06-25T10:13:29,200.0,117.0,S
2021-06-25T10:13:23,200.0,117.0,S
2021-06-25T10:13:15,2000.0,117.0,S
2021-06-25T10:13:01,2000.0,117.0,S
2021-06-25T10:12:53,2000.0,117.0,S
2021-06-25T10:12:51,1500.0,117.0,S
2021-06-25T10:12:51,500.0,117.0,S
2021-06-25T10:12:51,1000.0,117.0,S
2021-06-25T10:12:51,700.0,117.0,S
2021-06-25T10:12:50,3100.0,117.0,S
2021-06-25T10:12:44,100.0,117.0,S
2021-06-25T10:12:44,900.0,117.0,S
2021-06-25T10:12:40,100.0,117.0,S
2021-06-25T10:12:35,100.0,117.0,S
2021-06-25T10:11:57,3300.0,117.0,S
2021-06-25T10:11:48,1000.0,117.1,S
2021-06-25T10:11:36,100.0,117.1,S
2021-06-25T10:11:33,1000.0,117.1,S
2021-06-25T10:11:27,100.0,117.2,B
2021-06-25T10:11:09,100.0,117.1,S
2021-06-25T10:11:09,1200.0,117.1,S
2021-06-25T10:11:03,2000.0,117.1,S
2021-06-25T10:10:45,100.0,117.2,B
2021-06-25T10:10:20,300.0,117.2,B
2021-06-25T10:10:02,1000.0,117.1,S
2021-06-25T10:09:54,1000.0,117.1,S
2021-06-25T10:09:53,2500.0,117.2,B
2021-06-25T10:09:29,1000.0,117.2,B
2021-06-25T10:09:04,1000.0,117.1,S
2021-06-25T10:08:48,1300.0,117.2,S
2021-06-25T10:08:48,200.0,117.2,S
2021-06-25T10:08:47,500.0,117.2,S
2021-06-25T10:08:47,700.0,117.2,S
2021-06-25T10:08:47,700.0,117.2,S
2021-06-25T10:08:31,300.0,117.2,S
2021-06-25T10:08:31,1700.0,117.2,S
2021-06-25T10:08:23,100.0,117.3,B
2021-06-25T10:08:20,500.0,117.2,S
2021-06-25T10:08:19,5000.0,117.2,S
2021-06-25T10:08:16,1000.0,117.2,S
2021-06-25T10:08:03,5000.0,117.2,S
2021-06-25T10:07:50,100.0,117.3,B
2021-06-25T10:07:49,1300.0,117.2,S
2021-06-25T10:07:48,1000.0,117.2,S
2021-06-25T10:07:45,400.0,117.2,S
2021-06-25T10:07:35,500.0,117.2,S
2021-06-25T10:07:33,1900.0,117.2,S
2021-06-25T10:07:21,600.0,117.2,S
2021-06-25T10:07:20,100.0,117.3,B
2021-06-25T10:07:16,700.0,117.2,S
2021-06-25T10:07:14,3800.0,117.2,S
2021-06-25T10:07:14,6200.0,117.2,S
2021-06-25T10:07:03,500.0,117.3,B
2021-06-25T10:06:40,1000.0,117.2,S
2021-06-25T10:06:37,100.0,117.2,S
2021-06-25T10:06:19,3900.0,117.2,S
2021-06-25T10:06:16,2000.0,117.2,S
2021-06-25T10:05:49,4800.0,117.2,S
2021-06-25T10:05:49,1000.0,117.2,S
2021-06-25T10:05:14,100.0,117.2,S
2021-06-25T10:05:00,500.0,117.2,S
2021-06-25T10:04:57,300.0,117.3,B
2021-06-25T10:04:45,200.0,117.3,B
2021-06-25T10:04:30,300.0,117.3,B
2021-06-25T10:04:16,100.0,117.3,B
2021-06-25T10:04:15,700.0,117.3,B
2021-06-25T10:04:11,100.0,117.3,B
2021-06-25T10:03:51,200.0,117.3,B
2021-06-25T10:03:40,400.0,117.3,S
2021-06-25T10:03:40,24300.0,117.3,S
2021-06-25T10:03:40,1400.0,117.3,S
2021-06-25T10:03:39,19800.0,117.3,S
2021-06-25T10:03:38,200.0,117.4,B
2021-06-25T10:03:38,100.0,117.4,B
2021-06-25T10:03:05,500.0,117.3,S
2021-06-25T10:01:46,100.0,117.3,S
2021-06-25T10:01:45,1100.0,117.3,S
2021-06-25T10:01:43,10000.0,117.4,B
2021-06-25T10:01:22,200.0,117.3,S
2021-06-25T10:00:49,200.0,117.3,S
2021-06-25T10:00:43,1000.0,117.3,S
2021-06-25T10:00:33,700.0,117.4,B
2021-06-25T10:00:24,100.0,117.4,B
2021-06-25T10:00:24,100.0,117.4,B
2021-06-25T10:00:18,100.0,117.4,B
2021-06-25T10:00:10,100.0,117.4,B
2021-06-25T09:59:48,1300.0,117.4,B
2021-06-25T09:58:20,10000.0,117.4,S
2021-06-25T09:58:20,200.0,117.4,S
2021-06-25T09:58:20,2000.0,117.4,S
2021-06-25T09:58:20,400.0,117.4,S
2021-06-25T09:58:20,600.0,117.4,S
2021-06-25T09:58:20,26300.0,117.4,S
2021-06-25T09:57:55,2000.0,117.4,S
2021-06-25T09:57:53,600.0,117.4,S
2021-06-25T09:57:51,600.0,117.5,B
2021-06-25T09:57:49,500.0,117.4,S
2021-06-25T09:57:40,1000.0,117.4,S
2021-06-25T09:57:34,6500.0,117.5,B
2021-06-25T09:57:32,500.0,117.4,S
2021-06-25T09:57:26,400.0,117.4,S
2021-06-25T09:57:04,500.0,117.4,S
2021-06-25T09:56:45,300.0,117.5,B
2021-06-25T09:56:42,1500.0,117.4,S
2021-06-25T09:56:34,4500.0,117.4,S
2021-06-25T09:56:25,2000.0,117.4,S
2021-06-25T09:56:24,100.0,117.4,S
2021-06-25T09:56:13,1500.0,117.4,S
2021-06-25T09:55:58,1500.0,117.4,S
2021-06-25T09:55:57,1900.0,117.5,B
2021-06-25T09:55:42,1000.0,117.4,S
2021-06-25T09:55:36,300.0,117.4,S
2021-06-25T09:55:11,500.0,117.4,S
2021-06-25T09:54:48,1000.0,117.4,S
2021-06-25T09:54:25,500.0,117.4,S
2021-06-25T09:54:19,900.0,117.4,S
2021-06-25T09:54:09,500.0,117.4,S
2021-06-25T09:52:24,1300.0,117.4,S
2021-06-25T09:52:06,1000.0,117.4,S
2021-06-25T09:52:06,5000.0,117.5,B
2021-06-25T09:52:03,500.0,117.4,S
2021-06-25T09:52:00,1000.0,117.5,B
2021-06-25T09:51:46,1000.0,117.4,S
2021-06-25T09:51:23,300.0,117.4,S
2021-06-25T09:51:13,200.0,117.5,B
2021-06-25T09:51:04,5000.0,117.5,B
2021-06-25T09:50:36,100.0,117.5,B
2021-06-25T09:50:33,100.0,117.5,B
2021-06-25T09:50:06,300.0,117.5,B
2021-06-25T09:49:51,200.0,117.5,B
2021-06-25T09:49:19,1300.0,117.4,S
2021-06-25T09:49:10,100.0,117.5,B
2021-06-25T09:48:56,300.0,117.5,B
2021-06-25T09:48:45,2100.0,117.5,S
2021-06-25T09:48:45,100.0,117.6,B
2021-06-25T09:48:39,100.0,117.6,B
2021-06-25T09:48:32,400.0,117.5,S
2021-06-25T09:47:24,200.0,117.5,S
2021-06-25T09:47:22,100.0,117.6,B
2021-06-25T09:47:17,500.0,117.5,S
2021-06-25T09:46:38,100.0,117.5,B
2021-06-25T09:46:33,200.0,117.5,B
2021-06-25T09:46:26,200.0,117.5,B
2021-06-25T09:46:21,2000.0,117.5,B
2021-06-25T09:46:09,600.0,117.5,B
2021-06-25T09:46:05,1000.0,117.5,B
2021-06-25T09:45:56,1200.0,117.5,B
2021-06-25T09:45:56,100.0,117.5,B
2021-06-25T09:45:39,2000.0,117.5,B
2021-06-25T09:45:26,1700.0,117.5,B
2021-06-25T09:45:14,100.0,117.5,B
2021-06-25T09:44:58,500.0,117.5,B
2021-06-25T09:44:45,1000.0,117.5,S
2021-06-25T09:44:43,1000.0,117.5,S
2021-06-25T09:44:31,700.0,117.5,S
2021-06-25T09:44:28,800.0,117.5,S
2021-06-25T09:43:54,300.0,117.5,S
2021-06-25T09:43:53,200.0,117.5,S
2021-06-25T09:43:41,500.0,117.5,B
2021-06-25T09:43:40,300.0,117.5,B
2021-06-25T09:43:40,3800.0,117.5,B
2021-06-25T09:43:40,200.0,117.5,B
2021-06-25T09:43:30,5000.0,117.5,B
2021-06-25T09:43:17,300.0,117.5,B
2021-06-25T09:43:09,100.0,117.5,B
2021-06-25T09:43:05,300.0,117.5,B
2021-06-25T09:43:01,10000.0,117.5,B
2021-06-25T09:42:45,100.0,117.5,B
2021-06-25T09:42:35,100.0,117.5,B
2021-06-25T09:42:34,10000.0,117.5,B
2021-06-25T09:42:33,200.0,117.5,B
2021-06-25T09:42:22,500.0,117.5,B
2021-06-25T09:42:20,100.0,117.5,B
2021-06-25T09:42:01,200.0,117.5,B
2021-06-25T09:41:45,200.0,117.5,B
2021-06-25T09:41:22,1400.0,117.5,S
2021-06-25T09:41:19,100.0,117.6,B
2021-06-25T09:40:49,100.0,117.6,B
2021-06-25T09:40:38,100.0,117.5,S
2021-06-25T09:40:29,100.0,117.6,B
2021-06-25T09:40:29,100.0,117.6,B
2021-06-25T09:40:19,300.0,117.5,B
2021-06-25T09:40:18,200.0,117.5,B
2021-06-25T09:40:16,400.0,117.5,B
2021-06-25T09:40:02,500.0,117.5,B
2021-06-25T09:40:02,800.0,117.5,B
2021-06-25T09:40:02,1100.0,117.5,B
2021-06-25T09:40:02,600.0,117.5,B
2021-06-25T09:39:57,15000.0,117.5,B
2021-06-25T09:39:52,10000.0,117.5,B
2021-06-25T09:39:37,1000.0,117.5,B
2021-06-25T09:39:32,5000.0,117.5,B
2021-06-25T09:39:31,700.0,117.5,B
2021-06-25T09:39:30,900.0,117.5,B
2021-06-25T09:39:30,1400.0,117.5,B
2021-06-25T09:39:26,600.0,117.5,B
2021-06-25T09:39:26,4400.0,117.5,B
2021-06-25T09:39:23,5000.0,117.5,B
2021-06-25T09:39:16,1000.0,117.5,B
2021-06-25T09:38:23,500.0,117.5,B
2021-06-25T09:38:06,200.0,117.5,B
2021-06-25T09:37:55,200.0,117.5,B
2021-06-25T09:37:41,100.0,117.5,B
2021-06-25T09:37:13,500.0,117.4,S
2021-06-25T09:36:36,200.0,117.4,S
2021-06-25T09:36:26,900.0,117.5,B
2021-06-25T09:36:23,300.0,117.5,B
2021-06-25T09:36:04,500.0,117.5,B
2021-06-25T09:35:53,100.0,117.5,B
2021-06-25T09:35:27,1300.0,117.5,B
2021-06-25T09:35:17,100.0,117.5,B
2021-06-25T09:35:15,200.0,117.5,B
2021-06-25T09:35:13,300.0,117.4,S
2021-06-25T09:35:00,300.0,117.4,S
2021-06-25T09:34:24,500.0,117.4,S
2021-06-25T09:34:21,500.0,117.4,S
2021-06-25T09:34:17,200.0,117.4,S
2021-06-25T09:34:16,600.0,117.4,S
2021-06-25T09:34:12,300.0,117.4,S
2021-06-25T09:33:56,1700.0,117.4,S
2021-06-25T09:33:52,1300.0,117.4,S
2021-06-25T09:33:46,100.0,117.4,S
2021-06-25T09:33:35,6000.0,117.4,S
2021-06-25T09:33:34,400.0,117.4,S
2021-06-25T09:33:29,400.0,117.4,S
2021-06-25T09:33:22,1300.0,117.4,B
2021-06-25T09:33:15,2000.0,117.3,S
2021-06-25T09:33:14,200.0,117.4,B
2021-06-25T09:32:48,1900.0,117.4,S
2021-06-25T09:32:37,3300.0,117.4,S
2021-06-25T09:32:35,1000.0,117.4,S
2021-06-25T09:32:17,1000.0,117.4,S
2021-06-25T09:31:58,5000.0,117.4,S
2021-06-25T09:31:57,200.0,117.4,S
2021-06-25T09:31:29,2000.0,117.4,S
2021-06-25T09:31:29,300.0,117.4,S
2021-06-25T09:31:28,5000.0,117.5,B
2021-06-25T09:30:51,300.0,117.4,S
2021-06-25T09:30:38,800.0,117.4,S
2021-06-25T09:30:29,1200.0,117.5,B
2021-06-25T09:30:15,200.0,117.5,B
2021-06-25T09:29:42,1000.0,117.5,B
2021-06-25T09:29:36,300.0,117.5,B
2021-06-25T09:28:52,100.0,117.5,B
2021-06-25T09:27:33,100.0,117.4,S
2021-06-25T09:27:19,100.0,117.5,B
2021-06-25T09:27:17,100.0,117.5,B
2021-06-25T09:27:15,10000.0,117.5,B
2021-06-25T09:26:42,200.0,117.5,B
2021-06-25T09:26:13,2500.0,117.5,B
2021-06-25T09:26:08,1000.0,117.5,B
2021-06-25T09:25:30,800.0,117.5,B
2021-06-25T09:25:24,1000.0,117.3,S
2021-06-25T09:25:18,1300.0,117.5,B
2021-06-25T09:25:08,200.0,117.5,B
2021-06-25T09:24:45,200.0,117.4,S
2021-06-25T09:24:45,1500.0,117.4,S
2021-06-25T09:24:44,100.0,117.4,S
2021-06-25T09:24:42,200.0,117.5,B
2021-06-25T09:24:03,13000.0,117.5,B
2021-06-25T09:24:01,200.0,117.5,B
2021-06-25T09:24:00,100.0,117.5,B
2021-06-25T09:23:45,100.0,117.4,B
2021-06-25T09:23:32,1300.0,117.5,B
2021-06-25T09:23:27,100.0,117.5,B
2021-06-25T09:23:16,100.0,117.4,S
2021-06-25T09:23:16,200.0,117.4,S
2021-06-25T09:23:11,7900.0,117.4,S
2021-06-25T09:22:55,100.0,117.5,B
2021-06-25T09:22:49,300.0,117.5,B
2021-06-25T09:22:39,11500.0,117.5,S
2021-06-25T09:22:28,200.0,117.6,B
2021-06-25T09:22:04,1100.0,117.5,S
2021-06-25T09:21:58,100.0,117.6,B
2021-06-25T09:21:35,200.0,117.6,B
2021-06-25T09:21:24,100.0,117.5,S
2021-06-25T09:21:12,100.0,117.7,B
2021-06-25T09:20:39,100.0,117.8,B
2021-06-25T09:20:34,1500.0,117.5,B
2021-06-25T09:20:20,100.0,117.5,B
2021-06-25T09:19:33,3000.0,117.4,S
2021-06-25T09:18:30,2400.0,117.5,S
2021-06-25T09:18:30,7500.0,117.5,S
2021-06-25T09:18:30,600.0,117.8,S
2021-06-25T09:18:30,400.0,117.8,S
2021-06-25T09:18:00,100.0,117.8,S
2021-06-25T09:17:59,4400.0,118.0,B
2021-06-25T09:17:52,1800.0,117.8,S
2021-06-25T09:17:17,300.0,117.8,B
2021-06-25T09:17:16,1000.0,117.8,B
2021-06-25T09:16:59,500.0,117.8,B
2021-06-25T09:16:28,4400.0,117.5,B
2021-06-25T09:16:28,200.0,117.5,B
2021-06-25T09:15:56,300.0,117.4,B
2021-06-25T09:15:38,200.0,117.3,S
