tradingTime,volume,price,side
2021-07-06T13:20:09,300.0,4.92,B
2021-07-06T13:19:56,500.0,4.92,B
2021-07-06T13:19:43,100.0,4.92,B
2021-07-06T13:19:17,9000.0,4.92,B
2021-07-06T13:19:11,500.0,4.92,B
2021-07-06T13:18:34,2800.0,4.92,B
2021-07-06T13:18:05,3200.0,4.92,B
2021-07-06T13:17:39,100.0,4.91,S
2021-07-06T13:17:24,1600.0,4.92,B
2021-07-06T13:17:23,5000.0,4.92,B
2021-07-06T13:16:28,5000.0,4.92,B
2021-07-06T13:16:03,500.0,4.92,B
2021-07-06T13:15:48,100.0,4.91,S
2021-07-06T13:15:32,3100.0,4.92,B
2021-07-06T13:14:47,8200.0,4.92,B
2021-07-06T13:14:47,100.0,4.92,B
2021-07-06T13:14:47,1700.0,4.91,B
2021-07-06T13:14:41,1400.0,4.91,B
2021-07-06T13:14:34,1700.0,4.91,B
2021-07-06T13:14:28,3900.0,4.91,B
2021-07-06T13:14:28,1100.0,4.91,B
2021-07-06T13:14:06,100.0,4.91,B
2021-07-06T13:13:45,200.0,4.9,B
2021-07-06T13:13:45,2000.0,4.9,B
2021-07-06T13:13:45,25500.0,4.9,B
2021-07-06T13:12:50,600.0,4.9,B
2021-07-06T13:11:36,3800.0,4.89,S
2021-07-06T13:11:36,1000.0,4.89,S
2021-07-06T13:11:36,1200.0,4.89,S
2021-07-06T13:10:56,4400.0,4.9,S
2021-07-06T13:10:47,200.0,4.9,S
2021-07-06T13:10:28,5400.0,4.9,B
2021-07-06T13:09:57,3800.0,4.9,B
2021-07-06T13:09:54,800.0,4.9,B
2021-07-06T13:09:46,1000.0,4.9,B
2021-07-06T13:09:28,1100.0,4.9,B
2021-07-06T13:09:28,1500.0,4.9,B
2021-07-06T13:09:28,7400.0,4.9,B
2021-07-06T13:09:25,200.0,4.9,B
2021-07-06T13:09:22,500.0,4.89,S
2021-07-06T13:09:20,1100.0,4.9,B
2021-07-06T13:09:20,3900.0,4.9,B
2021-07-06T13:09:14,200.0,4.9,B
2021-07-06T13:08:37,500.0,4.9,B
2021-07-06T13:08:34,4600.0,4.9,B
2021-07-06T13:08:18,10000.0,4.89,S
2021-07-06T13:08:05,1000.0,4.9,B
2021-07-06T13:07:47,10000.0,4.9,B
2021-07-06T13:07:40,500.0,4.89,S
2021-07-06T13:07:34,19100.0,4.9,B
2021-07-06T13:07:34,1500.0,4.9,B
2021-07-06T13:07:34,1500.0,4.9,B
2021-07-06T13:07:34,6000.0,4.9,B
2021-07-06T13:07:34,800.0,4.9,B
2021-07-06T13:07:34,2400.0,4.9,B
2021-07-06T13:07:34,100.0,4.9,B
2021-07-06T13:07:34,5100.0,4.9,B
2021-07-06T13:07:34,2000.0,4.9,B
2021-07-06T13:07:34,11500.0,4.9,B
2021-07-06T13:07:24,5000.0,4.9,B
2021-07-06T13:06:24,2700.0,4.9,B
2021-07-06T13:06:20,700.0,4.89,S
2021-07-06T13:06:09,100.0,4.89,S
2021-07-06T13:05:30,12100.0,4.89,B
2021-07-06T13:05:30,14900.0,4.89,B
2021-07-06T13:05:13,20000.0,4.89,B
2021-07-06T13:04:30,100.0,4.89,B
2021-07-06T13:04:16,100.0,4.88,S
2021-07-06T13:04:09,8100.0,4.89,B
2021-07-06T13:03:17,2000.0,4.88,S
2021-07-06T13:03:09,5000.0,4.89,B
2021-07-06T13:02:47,1000.0,4.89,B
2021-07-06T13:01:56,100.0,4.89,B
2021-07-06T13:00:43,200.0,4.89,B
2021-07-06T13:00:23,300.0,4.89,B
2021-07-06T13:00:22,100.0,4.89,B
2021-07-06T13:00:16,100.0,4.89,B
2021-07-06T13:00:16,100.0,4.89,B
2021-07-06T13:00:16,400.0,4.89,B
2021-07-06T13:00:16,200.0,4.89,B
2021-07-06T13:00:12,300.0,4.89,B
2021-07-06T13:00:10,1000.0,4.89,B
2021-07-06T13:00:08,2200.0,4.89,B
2021-07-06T13:00:07,900.0,4.89,B
2021-07-06T13:00:07,1000.0,4.89,B
2021-07-06T13:00:07,800.0,4.89,B
2021-07-06T13:00:07,700.0,4.89,B
2021-07-06T13:00:07,8500.0,4.89,B
2021-07-06T13:00:03,600.0,4.89,B
2021-07-06T13:00:03,1000.0,4.89,B
2021-07-06T13:00:02,100.0,4.89,B
2021-07-06T13:00:02,400.0,4.89,B
2021-07-06T13:00:02,100.0,4.89,B
2021-07-06T11:30:01,100.0,4.89,B
2021-07-06T11:29:47,3000.0,4.89,B
2021-07-06T11:29:37,2000.0,4.89,B
2021-07-06T11:29:04,3000.0,4.89,B
2021-07-06T11:28:57,1000.0,4.89,B
2021-07-06T11:28:43,2000.0,4.89,B
2021-07-06T11:28:20,100.0,4.89,B
2021-07-06T11:27:32,1000.0,4.88,B
2021-07-06T11:27:32,16100.0,4.88,B
2021-07-06T11:27:27,600.0,4.87,B
2021-07-06T11:27:22,18000.0,4.87,B
2021-07-06T11:27:17,500.0,4.87,B
2021-07-06T11:27:05,1000.0,4.87,B
2021-07-06T11:26:51,5000.0,4.87,B
2021-07-06T11:26:39,200.0,4.87,B
2021-07-06T11:25:01,1600.0,4.86,S
2021-07-06T11:24:51,1000.0,4.86,B
2021-07-06T11:24:49,5000.0,4.86,B
2021-07-06T11:24:47,12000.0,4.86,B
2021-07-06T11:24:37,5000.0,4.86,B
2021-07-06T11:24:36,5000.0,4.86,B
2021-07-06T11:24:34,2000.0,4.86,B
2021-07-06T11:24:31,31900.0,4.86,B
2021-07-06T11:24:31,68100.0,4.86,B
2021-07-06T11:24:28,1000.0,4.86,B
2021-07-06T11:24:25,100.0,4.86,B
2021-07-06T11:24:25,500.0,4.86,B
2021-07-06T11:24:23,17000.0,4.86,B
2021-07-06T11:24:23,20000.0,4.86,B
2021-07-06T11:24:20,3000.0,4.86,B
2021-07-06T11:24:12,2500.0,4.86,B
2021-07-06T11:24:12,200000.0,4.86,B
2021-07-06T11:24:00,1000.0,4.85,S
2021-07-06T11:23:49,100.0,4.85,S
2021-07-06T11:22:55,1500.0,4.86,B
2021-07-06T11:22:47,500.0,4.86,B
2021-07-06T11:22:40,8800.0,4.86,B
2021-07-06T11:22:19,200.0,4.86,B
2021-07-06T11:21:48,500.0,4.85,S
2021-07-06T11:21:14,200.0,4.85,S
2021-07-06T11:21:10,200.0,4.86,B
2021-07-06T11:21:01,100.0,4.86,B
2021-07-06T11:20:40,500.0,4.86,B
2021-07-06T11:20:32,100.0,4.86,B
2021-07-06T11:20:22,2500.0,4.86,B
2021-07-06T11:20:06,1000.0,4.86,B
2021-07-06T11:19:49,400.0,4.86,B
2021-07-06T11:18:31,700.0,4.86,B
2021-07-06T11:18:13,400.0,4.86,B
2021-07-06T11:18:00,100.0,4.86,B
2021-07-06T11:16:29,10000.0,4.86,B
2021-07-06T11:16:26,1000.0,4.85,S
2021-07-06T11:15:30,100.0,4.85,S
2021-07-06T11:15:19,2400.0,4.85,S
2021-07-06T11:13:49,1500.0,4.85,S
2021-07-06T11:13:11,200.0,4.85,S
2021-07-06T11:13:06,10000.0,4.86,B
2021-07-06T11:12:49,9000.0,4.86,B
2021-07-06T11:12:30,3800.0,4.85,S
2021-07-06T11:12:28,100.0,4.85,S
2021-07-06T11:12:03,200.0,4.85,S
2021-07-06T11:11:59,1000.0,4.85,S
2021-07-06T11:11:52,1000.0,4.85,S
2021-07-06T11:11:27,3900.0,4.85,S
2021-07-06T11:11:27,4100.0,4.85,S
2021-07-06T11:10:49,200.0,4.85,S
2021-07-06T11:10:49,300.0,4.85,S
2021-07-06T11:10:08,100.0,4.86,B
2021-07-06T11:09:50,500.0,4.86,B
2021-07-06T11:09:24,100.0,4.86,B
2021-07-06T11:08:27,300.0,4.86,B
2021-07-06T11:08:10,100.0,4.86,B
2021-07-06T11:07:56,200.0,4.86,B
2021-07-06T11:05:17,100.0,4.86,B
2021-07-06T11:04:45,800.0,4.85,S
2021-07-06T11:04:45,20500.0,4.85,S
2021-07-06T11:04:07,200.0,4.86,B
2021-07-06T11:03:52,1000.0,4.86,B
2021-07-06T11:03:31,900.0,4.86,B
2021-07-06T11:03:17,3000.0,4.86,B
2021-07-06T11:03:13,800.0,4.86,B
2021-07-06T11:02:27,2100.0,4.86,B
2021-07-06T11:01:28,20000.0,4.86,B
2021-07-06T11:00:51,100.0,4.86,B
2021-07-06T11:00:47,1000.0,4.86,B
2021-07-06T11:00:27,3000.0,4.86,B
2021-07-06T10:59:56,200.0,4.86,B
2021-07-06T10:58:40,2400.0,4.86,B
2021-07-06T10:58:24,2000.0,4.86,B
2021-07-06T10:57:25,200.0,4.86,B
2021-07-06T10:57:22,2800.0,4.86,B
2021-07-06T10:56:21,500.0,4.85,S
2021-07-06T10:55:54,1700.0,4.85,S
2021-07-06T10:55:54,300.0,4.85,S
2021-07-06T10:55:11,1000.0,4.86,B
2021-07-06T10:54:51,500.0,4.86,B
2021-07-06T10:54:29,1200.0,4.86,S
2021-07-06T10:54:29,109000.0,4.86,S
2021-07-06T10:54:18,2000.0,4.87,S
2021-07-06T10:53:46,1000.0,4.87,S
2021-07-06T10:53:18,100.0,4.87,S
2021-07-06T10:53:15,1000.0,4.87,S
2021-07-06T10:53:10,1000.0,4.87,S
2021-07-06T10:52:59,4400.0,4.87,B
2021-07-06T10:52:57,300.0,4.87,B
2021-07-06T10:52:56,400.0,4.87,B
2021-07-06T10:52:12,600.0,4.87,B
2021-07-06T10:52:11,2000.0,4.87,B
2021-07-06T10:51:49,1000.0,4.87,B
2021-07-06T10:51:41,1000.0,4.87,B
2021-07-06T10:51:35,1000.0,4.87,B
2021-07-06T10:51:25,200.0,4.86,S
2021-07-06T10:51:24,1000.0,4.87,B
2021-07-06T10:51:22,1600.0,4.87,B
2021-07-06T10:51:22,3400.0,4.87,B
2021-07-06T10:50:51,800.0,4.87,B
2021-07-06T10:50:38,6700.0,4.87,B
2021-07-06T10:50:38,13300.0,4.87,B
2021-07-06T10:50:24,2000.0,4.86,S
2021-07-06T10:50:05,1000.0,4.86,S
2021-07-06T10:49:54,5000.0,4.86,S
2021-07-06T10:49:44,1900.0,4.86,S
2021-07-06T10:49:41,500.0,4.86,S
2021-07-06T10:48:48,3000.0,4.86,S
2021-07-06T10:48:24,300.0,4.86,S
2021-07-06T10:48:18,1000.0,4.86,B
2021-07-06T10:48:18,2000.0,4.86,B
2021-07-06T10:48:18,3200.0,4.86,B
2021-07-06T10:48:18,1600.0,4.86,B
2021-07-06T10:48:18,4500.0,4.86,B
2021-07-06T10:48:02,1200.0,4.86,B
2021-07-06T10:48:02,3800.0,4.86,B
2021-07-06T10:48:02,1000.0,4.86,B
2021-07-06T10:47:39,200.0,4.86,B
2021-07-06T10:47:30,6400.0,4.86,B
2021-07-06T10:46:08,500.0,4.86,B
2021-07-06T10:46:07,300.0,4.86,B
2021-07-06T10:46:06,500.0,4.86,B
2021-07-06T10:45:45,1100.0,4.86,B
2021-07-06T10:45:41,500.0,4.86,S
2021-07-06T10:45:08,500.0,4.86,B
2021-07-06T10:44:52,300.0,4.86,B
2021-07-06T10:44:35,500.0,4.86,B
2021-07-06T10:44:07,200.0,4.86,B
2021-07-06T10:43:13,1000.0,4.86,S
2021-07-06T10:43:05,300.0,4.87,B
2021-07-06T10:42:23,4000.0,4.86,B
2021-07-06T10:42:15,200.0,4.86,B
2021-07-06T10:42:03,300.0,4.86,B
2021-07-06T10:41:46,1200.0,4.86,B
2021-07-06T10:40:22,100.0,4.86,B
2021-07-06T10:40:20,2000.0,4.86,B
2021-07-06T10:40:20,2500.0,4.86,S
2021-07-06T10:39:38,100.0,4.86,S
2021-07-06T10:39:38,500.0,4.86,S
2021-07-06T10:39:38,1400.0,4.86,S
2021-07-06T10:38:48,5000.0,4.87,B
2021-07-06T10:37:49,200.0,4.87,B
2021-07-06T10:37:04,100.0,4.87,B
2021-07-06T10:36:56,400.0,4.87,B
2021-07-06T10:36:45,400.0,4.87,B
2021-07-06T10:36:45,100.0,4.87,B
2021-07-06T10:36:29,400.0,4.87,B
2021-07-06T10:36:11,100.0,4.87,B
2021-07-06T10:33:58,600.0,4.86,S
2021-07-06T10:33:14,100.0,4.87,B
2021-07-06T10:32:57,3100.0,4.86,S
2021-07-06T10:32:57,8500.0,4.86,S
2021-07-06T10:32:57,2100.0,4.86,S
2021-07-06T10:32:57,12000.0,4.86,S
2021-07-06T10:32:57,4300.0,4.86,S
2021-07-06T10:32:52,100.0,4.87,B
2021-07-06T10:32:12,5600.0,4.86,S
2021-07-06T10:31:52,3500.0,4.86,S
2021-07-06T10:31:31,1000.0,4.86,S
2021-07-06T10:31:27,500.0,4.86,S
2021-07-06T10:31:21,3000.0,4.86,S
2021-07-06T10:30:59,2000.0,4.86,S
2021-07-06T10:30:41,2000.0,4.86,S
2021-07-06T10:28:37,19000.0,4.86,S
2021-07-06T10:28:11,200.0,4.87,B
2021-07-06T10:28:09,500.0,4.87,B
2021-07-06T10:26:49,100.0,4.87,B
2021-07-06T10:26:14,5000.0,4.86,S
2021-07-06T10:26:13,1000.0,4.87,B
2021-07-06T10:25:46,100.0,4.87,B
2021-07-06T10:25:28,10000.0,4.87,B
2021-07-06T10:24:17,100.0,4.87,B
2021-07-06T10:24:04,200.0,4.86,S
2021-07-06T10:23:49,200.0,4.87,B
2021-07-06T10:23:28,7800.0,4.86,S
2021-07-06T10:23:28,10900.0,4.86,S
2021-07-06T10:23:21,500.0,4.87,B
2021-07-06T10:22:57,15000.0,4.86,S
2021-07-06T10:22:34,1500.0,4.87,B
2021-07-06T10:22:23,500.0,4.87,B
2021-07-06T10:21:54,100.0,4.87,B
2021-07-06T10:21:50,100.0,4.87,B
2021-07-06T10:20:32,1000.0,4.87,B
2021-07-06T10:20:30,2000.0,4.87,B
2021-07-06T10:20:20,100.0,4.87,B
2021-07-06T10:20:13,1300.0,4.87,B
2021-07-06T10:20:12,900.0,4.87,B
2021-07-06T10:19:45,3000.0,4.87,B
2021-07-06T10:19:37,60000.0,4.86,S
2021-07-06T10:19:20,37000.0,4.86,S
2021-07-06T10:19:01,1000.0,4.86,S
2021-07-06T10:18:37,1000.0,4.86,S
2021-07-06T10:18:26,5000.0,4.86,S
2021-07-06T10:17:58,300.0,4.86,S
2021-07-06T10:17:19,12000.0,4.86,S
2021-07-06T10:16:42,10000.0,4.86,S
2021-07-06T10:16:39,5000.0,4.87,B
2021-07-06T10:16:31,200.0,4.87,B
2021-07-06T10:16:09,100.0,4.87,B
2021-07-06T10:16:00,500.0,4.87,B
2021-07-06T10:15:57,200.0,4.87,S
2021-07-06T10:15:20,100.0,4.87,S
2021-07-06T10:15:20,4900.0,4.87,S
2021-07-06T10:15:19,4000.0,4.88,B
2021-07-06T10:14:30,500.0,4.88,B
2021-07-06T10:14:09,700.0,4.87,S
2021-07-06T10:14:09,2100.0,4.87,S
2021-07-06T10:14:09,17200.0,4.87,S
2021-07-06T10:13:39,100.0,4.88,B
2021-07-06T10:13:35,6400.0,4.88,S
2021-07-06T10:13:20,13600.0,4.88,S
2021-07-06T10:13:20,800.0,4.88,S
2021-07-06T10:13:20,5600.0,4.88,S
2021-07-06T10:13:19,1000.0,4.88,S
2021-07-06T10:12:44,10000.0,4.88,S
2021-07-06T10:11:02,100.0,4.88,S
2021-07-06T10:11:02,4900.0,4.88,S
2021-07-06T10:10:32,200.0,4.88,S
2021-07-06T10:09:51,700.0,4.89,B
2021-07-06T10:09:48,1000.0,4.89,B
2021-07-06T10:09:18,300.0,4.89,B
2021-07-06T10:09:05,5000.0,4.89,B
2021-07-06T10:08:21,2000.0,4.89,B
2021-07-06T10:08:07,11500.0,4.88,S
2021-07-06T10:08:07,2000.0,4.88,S
2021-07-06T10:07:56,500.0,4.88,S
2021-07-06T10:07:50,1500.0,4.88,S
2021-07-06T10:07:44,1500.0,4.88,S
2021-07-06T10:07:44,10200.0,4.88,S
2021-07-06T10:07:44,1100.0,4.88,S
2021-07-06T10:07:44,6200.0,4.88,S
2021-07-06T10:07:29,6800.0,4.88,S
2021-07-06T10:07:29,100.0,4.88,S
2021-07-06T10:07:29,4100.0,4.88,S
2021-07-06T10:05:50,1400.0,4.88,S
2021-07-06T10:05:50,100.0,4.88,S
2021-07-06T10:05:06,100.0,4.89,B
2021-07-06T10:04:43,100.0,4.88,S
2021-07-06T10:03:44,500.0,4.88,S
2021-07-06T10:03:10,2500.0,4.88,S
2021-07-06T10:02:44,2000.0,4.88,S
2021-07-06T10:01:30,1100.0,4.88,S
2021-07-06T10:01:30,1900.0,4.88,S
2021-07-06T10:01:21,200.0,4.89,B
2021-07-06T10:01:20,1000.0,4.88,S
2021-07-06T09:59:30,100.0,4.88,S
2021-07-06T09:58:50,100.0,4.88,S
2021-07-06T09:58:01,400.0,4.88,S
2021-07-06T09:57:47,18800.0,4.89,S
2021-07-06T09:57:44,200.0,4.89,S
2021-07-06T09:57:40,2000.0,4.89,S
2021-07-06T09:57:34,500.0,4.89,S
2021-07-06T09:57:23,2000.0,4.89,S
2021-07-06T09:57:05,100.0,4.89,B
2021-07-06T09:57:05,6100.0,4.89,B
2021-07-06T09:57:05,14400.0,4.89,B
2021-07-06T09:56:55,300.0,4.88,S
2021-07-06T09:56:55,100.0,4.88,S
2021-07-06T09:56:54,2600.0,4.88,S
2021-07-06T09:56:32,1000.0,4.88,S
2021-07-06T09:55:18,5000.0,4.88,S
2021-07-06T09:54:40,3000.0,4.89,B
2021-07-06T09:54:40,100.0,4.89,B
2021-07-06T09:53:51,2000.0,4.89,B
2021-07-06T09:52:48,1000.0,4.89,S
2021-07-06T09:52:39,500.0,4.9,B
2021-07-06T09:52:13,200.0,4.89,S
2021-07-06T09:52:13,300.0,4.89,S
2021-07-06T09:51:15,500.0,4.89,S
2021-07-06T09:51:05,500.0,4.89,S
2021-07-06T09:51:05,600.0,4.89,S
2021-07-06T09:51:05,4500.0,4.89,S
2021-07-06T09:51:05,4400.0,4.89,S
2021-07-06T09:50:57,300.0,4.9,B
2021-07-06T09:50:31,100.0,4.9,B
2021-07-06T09:50:31,1900.0,4.9,B
2021-07-06T09:50:10,5000.0,4.9,B
2021-07-06T09:50:02,2000.0,4.89,S
2021-07-06T09:48:44,300.0,4.9,B
2021-07-06T09:48:42,200.0,4.9,B
2021-07-06T09:48:26,100.0,4.9,B
2021-07-06T09:48:23,500.0,4.9,B
2021-07-06T09:48:07,500.0,4.9,B
2021-07-06T09:47:56,3000.0,4.9,B
2021-07-06T09:47:48,2700.0,4.9,B
2021-07-06T09:47:29,2000.0,4.9,B
2021-07-06T09:46:43,200.0,4.9,B
2021-07-06T09:46:31,1000.0,4.9,B
2021-07-06T09:46:19,800.0,4.9,B
2021-07-06T09:46:19,2300.0,4.9,B
2021-07-06T09:46:19,900.0,4.9,B
2021-07-06T09:46:09,500.0,4.89,S
2021-07-06T09:45:48,500.0,4.9,B
2021-07-06T09:45:47,100.0,4.9,B
2021-07-06T09:45:31,200.0,4.89,S
2021-07-06T09:44:49,100.0,4.89,S
2021-07-06T09:44:33,300.0,4.9,B
2021-07-06T09:44:28,3000.0,4.89,S
2021-07-06T09:43:54,2200.0,4.89,S
2021-07-06T09:43:54,300.0,4.89,S
2021-07-06T09:43:52,900.0,4.89,S
2021-07-06T09:43:52,2300.0,4.89,S
2021-07-06T09:43:47,5300.0,4.9,B
2021-07-06T09:43:44,11000.0,4.9,B
2021-07-06T09:43:37,300.0,4.89,S
2021-07-06T09:42:24,100.0,4.9,B
2021-07-06T09:42:10,100.0,4.9,B
2021-07-06T09:42:04,700.0,4.89,S
2021-07-06T09:41:49,3700.0,4.89,S
2021-07-06T09:41:42,200.0,4.89,S
2021-07-06T09:41:42,300.0,4.89,S
2021-07-06T09:41:38,1000.0,4.9,B
2021-07-06T09:41:12,500.0,4.89,S
2021-07-06T09:40:55,3400.0,4.89,B
2021-07-06T09:40:48,1600.0,4.88,S
2021-07-06T09:40:48,400.0,4.89,B
2021-07-06T09:40:43,300.0,4.89,B
2021-07-06T09:40:20,5000.0,4.89,B
2021-07-06T09:39:59,100.0,4.89,B
2021-07-06T09:39:52,300.0,4.89,B
2021-07-06T09:39:30,100.0,4.88,S
2021-07-06T09:39:03,200.0,4.88,S
2021-07-06T09:39:00,400.0,4.89,B
2021-07-06T09:38:55,9000.0,4.89,B
2021-07-06T09:38:45,25000.0,4.89,B
2021-07-06T09:38:28,300.0,4.89,B
2021-07-06T09:38:09,4000.0,4.89,B
2021-07-06T09:37:58,400.0,4.89,B
2021-07-06T09:37:57,4100.0,4.89,S
2021-07-06T09:37:57,1000.0,4.89,S
2021-07-06T09:37:57,4400.0,4.89,S
2021-07-06T09:37:52,1000.0,4.9,B
2021-07-06T09:37:32,2000.0,4.9,B
2021-07-06T09:37:16,1000.0,4.9,B
2021-07-06T09:37:06,200.0,4.9,B
2021-07-06T09:36:55,200.0,4.9,B
2021-07-06T09:36:50,8900.0,4.9,S
2021-07-06T09:36:39,200.0,4.9,S
2021-07-06T09:36:21,300.0,4.91,B
2021-07-06T09:36:11,2000.0,4.9,S
2021-07-06T09:36:09,100.0,4.9,S
2021-07-06T09:36:05,100.0,4.91,B
2021-07-06T09:35:44,1500.0,4.9,S
2021-07-06T09:35:16,7300.0,4.9,B
2021-07-06T09:35:16,1000.0,4.9,B
2021-07-06T09:35:16,2700.0,4.9,B
2021-07-06T09:34:58,1900.0,4.9,B
2021-07-06T09:34:58,6600.0,4.9,B
2021-07-06T09:34:58,500.0,4.9,B
2021-07-06T09:34:58,2000.0,4.9,B
2021-07-06T09:34:58,2100.0,4.9,B
2021-07-06T09:34:58,12300.0,4.9,B
2021-07-06T09:34:31,400.0,4.89,S
2021-07-06T09:34:08,100.0,4.9,B
2021-07-06T09:33:20,100.0,4.9,B
2021-07-06T09:33:07,3400.0,4.9,B
2021-07-06T09:32:56,1000.0,4.9,B
2021-07-06T09:32:50,1000.0,4.9,B
2021-07-06T09:32:25,200.0,4.9,B
2021-07-06T09:32:13,1000.0,4.9,B
2021-07-06T09:32:04,100.0,4.89,S
2021-07-06T09:31:59,300.0,4.9,B
2021-07-06T09:31:15,300.0,4.89,S
2021-07-06T09:30:56,200.0,4.89,S
2021-07-06T09:30:54,1000.0,4.89,B
2021-07-06T09:30:54,2600.0,4.89,B
2021-07-06T09:30:36,1000.0,4.89,B
2021-07-06T09:30:26,2000.0,4.89,B
2021-07-06T09:30:26,100.0,4.89,B
2021-07-06T09:29:54,5000.0,4.89,B
2021-07-06T09:29:43,100.0,4.89,B
2021-07-06T09:29:36,5000.0,4.88,S
2021-07-06T09:29:31,2000.0,4.88,S
2021-07-06T09:29:02,200.0,4.89,B
2021-07-06T09:28:53,200.0,4.89,S
2021-07-06T09:28:53,1400.0,4.89,S
2021-07-06T09:28:53,500.0,4.89,S
2021-07-06T09:28:53,500.0,4.89,S
2021-07-06T09:28:41,500.0,4.89,S
2021-07-06T09:28:36,300.0,4.89,S
2021-07-06T09:28:34,1200.0,4.9,B
2021-07-06T09:28:32,5000.0,4.89,S
2021-07-06T09:28:26,200.0,4.89,S
2021-07-06T09:28:22,1900.0,4.89,S
2021-07-06T09:28:22,600.0,4.89,S
2021-07-06T09:28:22,2500.0,4.89,S
2021-07-06T09:28:15,1000.0,4.89,S
2021-07-06T09:28:10,1000.0,4.89,S
2021-07-06T09:28:02,700.0,4.89,S
2021-07-06T09:27:59,100.0,4.9,B
2021-07-06T09:27:52,1100.0,4.89,S
2021-07-06T09:27:38,200.0,4.9,B
2021-07-06T09:27:20,200.0,4.9,B
2021-07-06T09:26:59,2000.0,4.9,B
2021-07-06T09:26:44,900.0,4.89,S
2021-07-06T09:26:44,9100.0,4.89,S
2021-07-06T09:26:30,5800.0,4.89,S
2021-07-06T09:26:10,500.0,4.89,S
2021-07-06T09:26:09,100.0,4.89,S
2021-07-06T09:26:08,500.0,4.89,S
2021-07-06T09:26:07,9000.0,4.89,B
2021-07-06T09:25:55,200.0,4.89,B
2021-07-06T09:25:54,5000.0,4.89,B
2021-07-06T09:25:47,100.0,4.89,B
2021-07-06T09:25:46,300.0,4.89,B
2021-07-06T09:25:37,500.0,4.89,B
2021-07-06T09:25:19,100.0,4.89,B
2021-07-06T09:25:09,5100.0,4.89,B
2021-07-06T09:25:08,1800.0,4.89,S
2021-07-06T09:25:03,3200.0,4.89,B
2021-07-06T09:25:02,1500.0,4.89,B
2021-07-06T09:24:32,900.0,4.89,B
2021-07-06T09:24:32,2100.0,4.89,B
2021-07-06T09:24:30,1000.0,4.89,B
2021-07-06T09:24:20,2500.0,4.89,B
2021-07-06T09:24:18,100.0,4.89,B
2021-07-06T09:24:13,5000.0,4.89,B
2021-07-06T09:24:11,2100.0,4.88,S
2021-07-06T09:23:47,400.0,4.89,B
2021-07-06T09:23:38,4300.0,4.88,B
2021-07-06T09:23:32,500.0,4.88,B
2021-07-06T09:23:26,200.0,4.88,B
2021-07-06T09:23:21,11800.0,4.89,B
2021-07-06T09:23:11,5000.0,4.89,B
2021-07-06T09:23:09,1000.0,4.88,B
2021-07-06T09:23:04,1700.0,4.87,S
2021-07-06T09:22:44,700.0,4.87,S
2021-07-06T09:22:36,400.0,4.88,S
2021-07-06T09:22:34,200.0,4.89,B
2021-07-06T09:22:30,5000.0,4.89,B
2021-07-06T09:22:14,300.0,4.89,B
2021-07-06T09:21:40,9800.0,4.86,S
2021-07-06T09:21:36,200.0,4.87,S
2021-07-06T09:21:24,1900.0,4.87,S
2021-07-06T09:20:58,3200.0,4.86,B
2021-07-06T09:20:56,25000.0,4.86,B
2021-07-06T09:20:39,3000.0,4.86,B
2021-07-06T09:20:36,8200.0,4.86,S
2021-07-06T09:20:36,2300.0,4.86,S
2021-07-06T09:20:36,5700.0,4.86,S
2021-07-06T09:20:36,200.0,4.86,S
2021-07-06T09:20:36,800.0,4.86,S
2021-07-06T09:20:36,1000.0,4.86,S
2021-07-06T09:20:36,600.0,4.86,S
2021-07-06T09:20:31,8000.0,4.86,S
2021-07-06T09:20:26,1000.0,4.89,B
2021-07-06T09:20:20,100.0,4.86,S
2021-07-06T09:19:48,1000.0,4.86,S
2021-07-06T09:19:42,1000.0,4.86,B
2021-07-06T09:19:41,3000.0,4.86,B
2021-07-06T09:19:36,5000.0,4.86,B
2021-07-06T09:19:33,500.0,4.86,B
2021-07-06T09:19:32,200.0,4.86,B
2021-07-06T09:19:22,4000.0,4.86,B
2021-07-06T09:19:22,5000.0,4.86,B
2021-07-06T09:19:13,10000.0,4.86,B
2021-07-06T09:19:04,100.0,4.86,B
2021-07-06T09:18:48,12000.0,4.86,B
2021-07-06T09:18:46,200.0,4.86,B
2021-07-06T09:18:46,1000.0,4.85,S
2021-07-06T09:18:45,1000.0,4.86,B
2021-07-06T09:18:42,500.0,4.86,B
2021-07-06T09:18:42,600.0,4.86,B
2021-07-06T09:18:26,600.0,4.86,B
2021-07-06T09:17:52,400.0,4.86,B
2021-07-06T09:17:37,2500.0,4.86,S
2021-07-06T09:17:10,1000.0,4.86,S
2021-07-06T09:16:50,100.0,4.86,S
2021-07-06T09:16:45,500.0,4.86,S
2021-07-06T09:16:40,1000.0,4.86,B
2021-07-06T09:16:21,100.0,4.85,S
2021-07-06T09:16:15,200.0,4.85,B
2021-07-06T09:16:15,200.0,4.85,B
2021-07-06T09:16:13,200.0,4.85,B
2021-07-06T09:16:07,300.0,4.85,B
2021-07-06T09:15:57,2000.0,4.85,B
2021-07-06T09:15:32,100.0,4.85,B
2021-07-06T09:15:05,3000.0,4.85,S
