tradingTime,volume,price,side
2021-07-06T13:20:50,5000.0,9.4,S
2021-07-06T13:20:46,1000.0,9.4,S
2021-07-06T13:20:20,100.0,9.4,S
2021-07-06T13:20:08,100.0,9.4,S
2021-07-06T13:19:52,2000.0,9.4,S
2021-07-06T13:19:38,5000.0,9.4,S
2021-07-06T13:19:30,6000.0,9.4,S
2021-07-06T13:18:46,10000.0,9.4,S
2021-07-06T13:18:23,1200.0,9.4,S
2021-07-06T13:18:02,2000.0,9.4,S
2021-07-06T13:17:46,200.0,9.4,S
2021-07-06T13:17:14,100.0,9.4,S
2021-07-06T13:16:39,2000.0,9.4,S
2021-07-06T13:15:14,2200.0,9.4,S
2021-07-06T13:15:12,2000.0,9.4,S
2021-07-06T13:15:08,300.0,9.4,S
2021-07-06T13:14:59,10000.0,9.4,S
2021-07-06T13:14:39,7400.0,9.4,B
2021-07-06T13:14:36,500.0,9.4,B
2021-07-06T13:14:32,50000.0,9.4,B
2021-07-06T13:14:25,1000.0,9.4,B
2021-07-06T13:14:06,1000.0,9.4,B
2021-07-06T13:14:02,5000.0,9.4,B
2021-07-06T13:13:51,100.0,9.4,B
2021-07-06T13:12:53,500.0,9.4,B
2021-07-06T13:12:33,100.0,9.4,B
2021-07-06T13:12:26,1000.0,9.4,B
2021-07-06T13:12:25,100.0,9.4,B
2021-07-06T13:11:58,100.0,9.4,B
2021-07-06T13:11:57,5000.0,9.3,S
2021-07-06T13:11:39,4800.0,9.4,B
2021-07-06T13:09:44,200.0,9.4,B
2021-07-06T13:09:07,800.0,9.4,B
2021-07-06T13:09:07,1000.0,9.4,B
2021-07-06T13:08:55,100.0,9.4,B
2021-07-06T13:08:44,200.0,9.4,B
2021-07-06T13:08:38,200.0,9.4,B
2021-07-06T13:07:46,5500.0,9.4,B
2021-07-06T13:07:37,800.0,9.4,B
2021-07-06T13:07:36,200.0,9.4,B
2021-07-06T13:07:30,500.0,9.4,B
2021-07-06T13:06:52,200.0,9.4,B
2021-07-06T13:06:40,300.0,9.3,S
2021-07-06T13:05:46,200.0,9.4,B
2021-07-06T13:05:26,5000.0,9.4,B
2021-07-06T13:04:56,500.0,9.4,B
2021-07-06T13:04:23,500.0,9.4,B
2021-07-06T13:04:22,1000.0,9.4,B
2021-07-06T13:03:48,1000.0,9.4,B
2021-07-06T13:03:46,5000.0,9.4,B
2021-07-06T13:03:39,10000.0,9.4,B
2021-07-06T13:03:26,200.0,9.4,B
2021-07-06T13:03:05,100.0,9.4,B
2021-07-06T13:02:31,1000.0,9.4,B
2021-07-06T13:00:49,7900.0,9.4,B
2021-07-06T13:00:05,800.0,9.4,S
2021-07-06T13:00:04,100.0,9.4,S
2021-07-06T13:00:04,2100.0,9.4,B
2021-07-06T13:00:03,700.0,9.4,B
2021-07-06T13:00:02,24400.0,9.4,B
2021-07-06T13:00:01,100.0,9.4,B
2021-07-06T11:29:44,400.0,9.4,B
2021-07-06T11:29:37,1000.0,9.4,B
2021-07-06T11:29:05,100.0,9.4,B
2021-07-06T11:29:00,5000.0,9.4,B
2021-07-06T11:28:57,100.0,9.4,B
2021-07-06T11:28:57,2000.0,9.4,B
2021-07-06T11:28:42,500.0,9.4,B
2021-07-06T11:28:40,300.0,9.4,B
2021-07-06T11:28:35,1000.0,9.4,B
2021-07-06T11:28:26,5000.0,9.4,B
2021-07-06T11:28:20,200.0,9.4,B
2021-07-06T11:28:06,500.0,9.4,B
2021-07-06T11:27:25,600.0,9.4,B
2021-07-06T11:27:19,5900.0,9.4,B
2021-07-06T11:27:11,1000.0,9.4,B
2021-07-06T11:27:06,100.0,9.4,B
2021-07-06T11:27:02,500.0,9.4,B
2021-07-06T11:26:55,400.0,9.4,B
2021-07-06T11:26:46,500.0,9.4,B
2021-07-06T11:26:34,8000.0,9.4,B
2021-07-06T11:26:29,20000.0,9.4,B
2021-07-06T11:26:26,1000.0,9.4,B
2021-07-06T11:26:01,1000.0,9.4,B
2021-07-06T11:25:50,2000.0,9.4,B
2021-07-06T11:25:35,1500.0,9.4,B
2021-07-06T11:25:28,3000.0,9.4,B
2021-07-06T11:24:51,10000.0,9.4,B
2021-07-06T11:24:28,300.0,9.3,S
2021-07-06T11:24:12,1000.0,9.4,B
2021-07-06T11:23:40,1000.0,9.4,B
2021-07-06T11:23:32,500.0,9.4,B
2021-07-06T11:23:20,500.0,9.4,B
2021-07-06T11:23:10,500.0,9.4,B
2021-07-06T11:23:02,2000.0,9.4,B
2021-07-06T11:22:59,2800.0,9.4,S
2021-07-06T11:22:47,100.0,9.4,B
2021-07-06T11:22:33,1000.0,9.4,B
2021-07-06T11:22:05,100.0,9.4,B
2021-07-06T11:21:55,1000.0,9.4,B
2021-07-06T11:21:54,4700.0,9.4,S
2021-07-06T11:21:10,100.0,9.4,S
2021-07-06T11:20:56,10000.0,9.4,S
2021-07-06T11:20:44,100.0,9.4,S
2021-07-06T11:20:44,500.0,9.5,B
2021-07-06T11:20:33,1600.0,9.4,S
2021-07-06T11:20:27,100.0,9.4,S
2021-07-06T11:19:42,6000.0,9.4,S
2021-07-06T11:18:55,2000.0,9.4,S
2021-07-06T11:18:36,6000.0,9.5,B
2021-07-06T11:17:52,400.0,9.4,B
2021-07-06T11:17:45,13000.0,9.4,B
2021-07-06T11:17:37,100.0,9.4,B
2021-07-06T11:16:52,1000.0,9.4,B
2021-07-06T11:16:51,1000.0,9.4,B
2021-07-06T11:16:48,3000.0,9.4,B
2021-07-06T11:16:32,200.0,9.4,B
2021-07-06T11:16:25,2000.0,9.4,B
2021-07-06T11:16:21,200.0,9.4,B
2021-07-06T11:16:07,288400.0,9.4,B
2021-07-06T11:14:48,100.0,9.5,B
2021-07-06T11:14:47,400.0,9.4,S
2021-07-06T11:13:35,100.0,9.4,S
2021-07-06T11:10:42,7500.0,9.4,S
2021-07-06T11:10:21,2500.0,9.4,S
2021-07-06T11:09:11,500.0,9.4,S
2021-07-06T11:08:45,500.0,9.4,S
2021-07-06T11:08:37,1000.0,9.4,S
2021-07-06T11:07:44,2600.0,9.4,S
2021-07-06T11:07:39,400.0,9.5,B
2021-07-06T11:06:52,2000.0,9.5,B
2021-07-06T11:06:02,3000.0,9.5,B
2021-07-06T11:05:08,100.0,9.5,B
2021-07-06T11:04:48,1500.0,9.5,B
2021-07-06T11:04:15,100.0,9.5,B
2021-07-06T11:03:51,200.0,9.5,B
2021-07-06T11:02:57,800.0,9.5,B
2021-07-06T11:02:43,3800.0,9.5,B
2021-07-06T11:02:10,1200.0,9.4,S
2021-07-06T11:02:08,100.0,9.4,S
2021-07-06T11:01:40,10700.0,9.4,S
2021-07-06T11:01:38,500.0,9.4,S
2021-07-06T11:01:26,500.0,9.4,S
2021-07-06T11:00:34,200.0,9.4,S
2021-07-06T11:00:11,100.0,9.4,S
2021-07-06T10:59:48,10000.0,9.4,S
2021-07-06T10:59:36,3500.0,9.4,S
2021-07-06T10:59:28,300.0,9.5,B
2021-07-06T10:59:26,12000.0,9.5,B
2021-07-06T10:58:30,100.0,9.5,B
2021-07-06T10:57:49,2500.0,9.5,B
2021-07-06T10:56:17,100.0,9.5,B
2021-07-06T10:55:56,1000.0,9.5,B
2021-07-06T10:55:28,600.0,9.5,B
2021-07-06T10:55:15,2000.0,9.5,B
2021-07-06T10:54:27,1000.0,9.5,B
2021-07-06T10:53:57,1000.0,9.4,S
2021-07-06T10:53:53,20000.0,9.4,S
2021-07-06T10:53:49,100.0,9.5,B
2021-07-06T10:53:01,400.0,9.4,S
2021-07-06T10:52:57,1200.0,9.4,S
2021-07-06T10:52:42,3500.0,9.4,S
2021-07-06T10:52:34,200.0,9.4,S
2021-07-06T10:52:22,2000.0,9.4,S
2021-07-06T10:52:00,200.0,9.4,S
2021-07-06T10:51:00,1000.0,9.4,S
2021-07-06T10:50:55,1700.0,9.4,S
2021-07-06T10:47:58,500.0,9.4,S
2021-07-06T10:47:57,300.0,9.5,B
2021-07-06T10:47:38,100.0,9.4,S
2021-07-06T10:47:10,5200.0,9.4,S
2021-07-06T10:46:34,13000.0,9.4,S
2021-07-06T10:45:59,10000.0,9.4,S
2021-07-06T10:45:54,4000.0,9.4,S
2021-07-06T10:45:50,1000.0,9.4,S
2021-07-06T10:44:47,5000.0,9.4,S
2021-07-06T10:44:00,100.0,9.4,S
2021-07-06T10:43:54,80100.0,9.4,B
2021-07-06T10:43:50,1000.0,9.4,B
2021-07-06T10:43:49,100.0,9.4,B
2021-07-06T10:43:47,1000.0,9.3,S
2021-07-06T10:43:44,600.0,9.4,B
2021-07-06T10:43:33,2000.0,9.4,B
2021-07-06T10:43:32,100.0,9.4,B
2021-07-06T10:43:27,5000.0,9.4,B
2021-07-06T10:43:09,3000.0,9.4,B
2021-07-06T10:42:50,20000.0,9.4,B
2021-07-06T10:42:06,200.0,9.4,B
2021-07-06T10:41:56,200.0,9.4,B
2021-07-06T10:41:55,100.0,9.4,B
2021-07-06T10:41:38,2000.0,9.4,B
2021-07-06T10:41:08,2000.0,9.4,B
2021-07-06T10:41:01,1000.0,9.4,B
2021-07-06T10:40:55,15000.0,9.4,B
2021-07-06T10:40:34,20000.0,9.4,B
2021-07-06T10:40:00,1000.0,9.4,B
2021-07-06T10:39:55,2700.0,9.4,B
2021-07-06T10:39:36,500.0,9.4,B
2021-07-06T10:39:18,200.0,9.4,B
2021-07-06T10:38:51,1000.0,9.4,B
2021-07-06T10:36:05,300.0,9.4,B
2021-07-06T10:36:02,1000.0,9.4,B
2021-07-06T10:35:38,5300.0,9.4,B
2021-07-06T10:34:57,1000.0,9.4,B
2021-07-06T10:34:46,500.0,9.4,B
2021-07-06T10:34:13,100.0,9.4,B
2021-07-06T10:34:06,2000.0,9.3,S
2021-07-06T10:33:24,100.0,9.4,B
2021-07-06T10:33:05,100.0,9.4,B
2021-07-06T10:32:59,100.0,9.4,B
2021-07-06T10:32:04,800.0,9.4,B
2021-07-06T10:30:24,200.0,9.4,B
2021-07-06T10:30:04,100.0,9.3,S
2021-07-06T10:30:04,200.0,9.3,S
2021-07-06T10:29:43,100.0,9.3,S
2021-07-06T10:28:47,3000.0,9.3,S
2021-07-06T10:28:36,100.0,9.3,S
2021-07-06T10:26:32,100.0,9.4,B
2021-07-06T10:26:22,1000.0,9.4,B
2021-07-06T10:25:12,2000.0,9.4,B
2021-07-06T10:24:41,10000.0,9.3,S
2021-07-06T10:23:16,2000.0,9.4,B
2021-07-06T10:23:12,200.0,9.4,B
2021-07-06T10:22:23,100.0,9.4,B
2021-07-06T10:22:12,10000.0,9.3,S
2021-07-06T10:21:52,100.0,9.3,S
2021-07-06T10:21:36,88000.0,9.3,S
2021-07-06T10:21:34,500.0,9.4,B
2021-07-06T10:21:28,500.0,9.3,S
2021-07-06T10:21:27,400.0,9.4,B
2021-07-06T10:20:36,100.0,9.4,B
2021-07-06T10:20:08,400.0,9.4,B
2021-07-06T10:19:59,20000.0,9.3,S
2021-07-06T10:19:37,100.0,9.4,B
2021-07-06T10:19:18,8000.0,9.4,B
2021-07-06T10:19:09,100.0,9.4,B
2021-07-06T10:19:00,2800.0,9.3,S
2021-07-06T10:18:42,1500.0,9.3,S
2021-07-06T10:18:40,300.0,9.3,S
2021-07-06T10:18:09,300.0,9.3,S
2021-07-06T10:17:56,100.0,9.4,B
2021-07-06T10:17:34,300.0,9.4,B
2021-07-06T10:17:32,1500.0,9.3,S
2021-07-06T10:17:29,800.0,9.4,B
2021-07-06T10:17:05,100.0,9.4,B
2021-07-06T10:17:03,100.0,9.4,B
2021-07-06T10:16:47,100.0,9.4,B
2021-07-06T10:16:42,11000.0,9.3,S
2021-07-06T10:16:40,100.0,9.4,B
2021-07-06T10:16:28,1000.0,9.4,B
2021-07-06T10:15:23,400.0,9.4,B
2021-07-06T10:15:20,1000.0,9.4,B
2021-07-06T10:15:11,2500.0,9.3,S
2021-07-06T10:14:31,100000.0,9.4,B
2021-07-06T10:13:51,1000.0,9.3,S
2021-07-06T10:13:02,45400.0,9.3,S
2021-07-06T10:12:59,200.0,9.3,S
2021-07-06T10:12:12,1400.0,9.4,B
2021-07-06T10:11:59,1000.0,9.4,B
2021-07-06T10:10:35,2000.0,9.3,S
2021-07-06T10:09:29,1100.0,9.3,S
2021-07-06T10:09:27,1100.0,9.4,B
2021-07-06T10:09:04,100.0,9.4,B
2021-07-06T10:09:01,3000.0,9.4,B
2021-07-06T10:08:32,200.0,9.4,B
2021-07-06T10:08:27,100.0,9.4,B
2021-07-06T10:08:21,100.0,9.4,B
2021-07-06T10:07:39,200.0,9.4,B
2021-07-06T10:07:24,100.0,9.4,B
2021-07-06T10:07:02,100.0,9.4,B
2021-07-06T10:06:40,100.0,9.4,B
2021-07-06T10:06:33,1000.0,9.4,B
2021-07-06T10:06:32,100000.0,9.3,S
2021-07-06T10:06:29,1000.0,9.4,B
2021-07-06T10:06:26,100.0,9.4,B
2021-07-06T10:06:22,100.0,9.4,B
2021-07-06T10:06:13,300.0,9.4,B
2021-07-06T10:05:50,600.0,9.4,B
2021-07-06T10:05:42,100.0,9.4,B
2021-07-06T10:05:39,1000.0,9.3,S
2021-07-06T10:05:32,100.0,9.4,B
2021-07-06T10:05:31,100.0,9.4,B
2021-07-06T10:05:21,100.0,9.4,B
2021-07-06T10:05:12,300.0,9.4,B
2021-07-06T10:05:09,9500.0,9.3,S
2021-07-06T10:04:56,8600.0,9.3,S
2021-07-06T10:04:55,91400.0,9.3,S
2021-07-06T10:04:45,100.0,9.4,B
2021-07-06T10:03:59,1000.0,9.3,S
2021-07-06T10:03:42,900.0,9.4,B
2021-07-06T10:03:36,4000.0,9.4,B
2021-07-06T10:03:02,200.0,9.3,S
2021-07-06T10:02:36,600.0,9.3,S
2021-07-06T10:02:28,1200.0,9.3,S
2021-07-06T10:02:27,1000.0,9.3,S
2021-07-06T10:02:18,6000.0,9.4,B
2021-07-06T10:02:17,500.0,9.3,S
2021-07-06T10:01:59,6000.0,9.4,B
2021-07-06T10:01:39,100.0,9.3,S
2021-07-06T10:01:34,100.0,9.4,B
2021-07-06T10:01:24,300.0,9.3,S
2021-07-06T09:59:59,700.0,9.3,S
2021-07-06T09:59:47,1000.0,9.3,S
2021-07-06T09:59:37,300.0,9.3,S
2021-07-06T09:59:37,2000.0,9.4,B
2021-07-06T09:59:32,5000.0,9.3,S
2021-07-06T09:59:21,800.0,9.3,S
2021-07-06T09:58:22,100.0,9.4,B
2021-07-06T09:57:59,200.0,9.4,B
2021-07-06T09:57:48,500.0,9.3,S
2021-07-06T09:56:45,3000.0,9.3,S
2021-07-06T09:56:34,1000.0,9.3,S
2021-07-06T09:56:21,2000.0,9.4,B
2021-07-06T09:56:07,100.0,9.4,B
2021-07-06T09:56:00,200.0,9.4,B
2021-07-06T09:55:45,100.0,9.4,B
2021-07-06T09:55:36,200.0,9.4,B
2021-07-06T09:55:03,100.0,9.4,B
2021-07-06T09:54:55,1500.0,9.3,S
2021-07-06T09:54:49,9200.0,9.3,S
2021-07-06T09:54:48,200.0,9.4,B
2021-07-06T09:54:42,10000.0,9.3,S
2021-07-06T09:54:41,800.0,9.4,B
2021-07-06T09:54:12,2000.0,9.3,S
2021-07-06T09:54:08,1000.0,9.4,B
2021-07-06T09:53:45,1600.0,9.3,S
2021-07-06T09:53:38,1000.0,9.4,B
2021-07-06T09:53:17,2500.0,9.3,S
2021-07-06T09:52:46,5000.0,9.3,S
2021-07-06T09:52:42,700.0,9.3,S
2021-07-06T09:52:41,100.0,9.4,B
2021-07-06T09:52:38,1000.0,9.3,S
2021-07-06T09:52:17,100.0,9.3,S
2021-07-06T09:52:13,2000.0,9.4,B
2021-07-06T09:51:52,500.0,9.4,B
2021-07-06T09:51:42,500.0,9.3,S
2021-07-06T09:51:34,600.0,9.4,B
2021-07-06T09:51:33,100.0,9.4,B
2021-07-06T09:51:18,3000.0,9.4,B
2021-07-06T09:50:46,200.0,9.4,B
2021-07-06T09:50:37,1000.0,9.4,B
2021-07-06T09:50:30,200.0,9.4,B
2021-07-06T09:49:48,100.0,9.4,B
2021-07-06T09:49:40,1000.0,9.4,B
2021-07-06T09:49:36,100.0,9.4,B
2021-07-06T09:49:36,4500.0,9.4,B
2021-07-06T09:49:24,300.0,9.4,B
2021-07-06T09:49:10,100.0,9.4,B
2021-07-06T09:49:09,400.0,9.4,B
2021-07-06T09:48:59,4000.0,9.4,B
2021-07-06T09:48:46,15600.0,9.4,S
2021-07-06T09:48:13,1000.0,9.4,S
2021-07-06T09:47:54,300.0,9.4,S
2021-07-06T09:47:16,500.0,9.4,S
2021-07-06T09:47:13,500.0,9.4,S
2021-07-06T09:46:43,4500.0,9.4,S
2021-07-06T09:46:01,15000.0,9.4,S
2021-07-06T09:45:53,1100.0,9.4,S
2021-07-06T09:45:50,1000.0,9.4,S
2021-07-06T09:45:28,1000.0,9.4,S
2021-07-06T09:45:19,4000.0,9.4,S
2021-07-06T09:44:32,100.0,9.4,S
2021-07-06T09:44:12,1500.0,9.4,S
2021-07-06T09:44:05,12000.0,9.4,S
2021-07-06T09:43:39,10000.0,9.4,S
2021-07-06T09:43:28,1200.0,9.4,S
2021-07-06T09:43:24,3000.0,9.4,S
2021-07-06T09:43:15,1000.0,9.4,S
2021-07-06T09:43:11,200.0,9.4,S
2021-07-06T09:43:05,2300.0,9.4,S
2021-07-06T09:42:58,500.0,9.4,S
2021-07-06T09:42:31,30000.0,9.4,S
2021-07-06T09:42:10,50000.0,9.4,S
2021-07-06T09:41:42,1000.0,9.5,B
2021-07-06T09:41:41,50000.0,9.4,S
2021-07-06T09:41:38,100.0,9.4,S
2021-07-06T09:40:33,400.0,9.5,B
2021-07-06T09:39:56,1000.0,9.4,S
2021-07-06T09:39:50,100.0,9.5,B
2021-07-06T09:39:29,500.0,9.4,S
2021-07-06T09:39:10,500.0,9.5,B
2021-07-06T09:38:55,400.0,9.5,B
2021-07-06T09:38:53,1000.0,9.5,B
2021-07-06T09:38:32,200.0,9.5,B
2021-07-06T09:38:09,1000.0,9.5,B
2021-07-06T09:38:03,1000.0,9.4,S
2021-07-06T09:37:44,500.0,9.5,B
2021-07-06T09:37:19,200.0,9.5,B
2021-07-06T09:36:58,600.0,9.5,B
2021-07-06T09:36:24,5000.0,9.5,B
2021-07-06T09:35:53,2000.0,9.5,B
2021-07-06T09:35:23,5000.0,9.5,B
2021-07-06T09:35:19,600.0,9.4,S
2021-07-06T09:34:59,100.0,9.5,B
2021-07-06T09:34:07,1600.0,9.5,B
2021-07-06T09:33:58,400.0,9.5,B
2021-07-06T09:33:39,2000.0,9.5,B
2021-07-06T09:33:34,2000.0,9.5,B
2021-07-06T09:33:19,30000.0,9.4,S
2021-07-06T09:33:04,1000.0,9.5,B
2021-07-06T09:33:01,100.0,9.5,B
2021-07-06T09:32:49,100.0,9.5,B
2021-07-06T09:32:05,1000.0,9.5,B
2021-07-06T09:31:54,50000.0,9.4,S
2021-07-06T09:31:06,50000.0,9.4,S
2021-07-06T09:30:51,200.0,9.5,B
2021-07-06T09:30:30,100.0,9.5,B
2021-07-06T09:30:18,1000.0,9.5,B
2021-07-06T09:30:07,400.0,9.4,S
2021-07-06T09:30:01,1500.0,9.5,B
2021-07-06T09:29:42,5000.0,9.4,S
2021-07-06T09:29:21,400.0,9.5,B
2021-07-06T09:29:12,2000.0,9.4,S
2021-07-06T09:29:10,2000.0,9.5,B
2021-07-06T09:29:09,200.0,9.5,B
2021-07-06T09:29:08,4300.0,9.4,S
2021-07-06T09:28:58,100.0,9.5,B
2021-07-06T09:28:54,500.0,9.5,B
2021-07-06T09:28:30,1300.0,9.5,B
2021-07-06T09:28:19,200.0,9.5,B
2021-07-06T09:28:16,2000.0,9.4,S
2021-07-06T09:28:15,1000.0,9.5,B
2021-07-06T09:27:39,200.0,9.5,B
2021-07-06T09:26:48,100.0,9.5,B
2021-07-06T09:26:41,500.0,9.5,B
2021-07-06T09:26:34,1000.0,9.5,B
2021-07-06T09:26:08,1000.0,9.5,B
2021-07-06T09:26:05,500.0,9.5,B
2021-07-06T09:26:03,1000.0,9.5,B
2021-07-06T09:25:57,100.0,9.5,B
2021-07-06T09:25:47,300.0,9.5,B
2021-07-06T09:25:24,1100.0,9.5,B
2021-07-06T09:25:19,300.0,9.5,B
2021-07-06T09:24:53,10000.0,9.5,B
2021-07-06T09:24:51,400.0,9.5,B
2021-07-06T09:24:49,2500.0,9.5,B
2021-07-06T09:23:43,5000.0,9.5,B
2021-07-06T09:23:34,1000.0,9.5,B
2021-07-06T09:23:24,200.0,9.5,B
2021-07-06T09:23:18,700.0,9.5,B
2021-07-06T09:23:06,100.0,9.5,B
2021-07-06T09:22:50,1000.0,9.5,B
2021-07-06T09:22:42,200.0,9.5,B
2021-07-06T09:22:31,600.0,9.5,S
2021-07-06T09:22:12,4800.0,9.5,S
2021-07-06T09:21:54,20000.0,9.5,B
2021-07-06T09:21:47,1000.0,9.5,B
2021-07-06T09:21:33,200.0,9.5,B
2021-07-06T09:21:17,2000.0,9.5,B
2021-07-06T09:21:14,14100.0,9.5,S
2021-07-06T09:20:39,21500.0,9.5,S
2021-07-06T09:20:38,5000.0,9.5,B
2021-07-06T09:20:38,500.0,9.5,B
2021-07-06T09:20:36,200.0,9.5,B
2021-07-06T09:20:25,1000.0,9.5,B
2021-07-06T09:20:22,10000.0,9.5,B
2021-07-06T09:20:16,2000.0,9.5,B
2021-07-06T09:20:11,5400.0,9.5,B
2021-07-06T09:20:08,5000.0,9.5,B
2021-07-06T09:20:04,1500.0,9.5,B
2021-07-06T09:19:54,500.0,9.5,B
2021-07-06T09:19:34,200.0,9.5,B
2021-07-06T09:19:32,5000.0,9.5,B
2021-07-06T09:19:25,5000.0,9.5,B
2021-07-06T09:18:49,500.0,9.5,B
2021-07-06T09:18:33,900.0,9.5,B
2021-07-06T09:18:21,500.0,9.5,B
2021-07-06T09:18:11,10000.0,9.5,B
2021-07-06T09:18:04,800.0,9.5,B
2021-07-06T09:18:01,16100.0,9.5,S
2021-07-06T09:17:33,1000.0,9.5,S
2021-07-06T09:17:32,100.0,9.6,B
2021-07-06T09:17:24,800.0,9.5,S
2021-07-06T09:17:16,4600.0,9.5,S
2021-07-06T09:17:16,4200.0,9.5,B
2021-07-06T09:17:06,500.0,9.5,B
2021-07-06T09:16:53,500.0,9.5,B
2021-07-06T09:16:43,800.0,9.5,B
2021-07-06T09:16:38,1100.0,9.5,B
2021-07-06T09:16:35,1000.0,9.5,B
2021-07-06T09:16:25,100.0,9.5,B
2021-07-06T09:16:14,5600.0,9.5,B
2021-07-06T09:16:14,1000.0,9.5,B
2021-07-06T09:16:09,500.0,9.5,B
2021-07-06T09:16:07,2000.0,9.5,B
2021-07-06T09:16:05,500.0,9.4,S
2021-07-06T09:16:03,3000.0,9.5,B
2021-07-06T09:15:57,2000.0,9.5,B
2021-07-06T09:15:55,3000.0,9.5,B
2021-07-06T09:15:48,200.0,9.5,B
2021-07-06T09:15:45,2000.0,9.5,B
2021-07-06T09:15:44,200.0,9.5,B
2021-07-06T09:15:43,200.0,9.5,B
2021-07-06T09:15:38,1000.0,9.5,B
2021-07-06T09:15:36,5000.0,9.5,B
2021-07-06T09:15:22,1000.0,9.5,B
2021-07-06T09:15:22,1000.0,9.5,B
2021-07-06T09:15:14,100.0,9.5,B
2021-07-06T09:15:06,4400.0,9.5,B
2021-07-06T09:15:04,1000.0,9.5,B
2021-07-06T09:14:56,1400.0,9.5,B
2021-07-06T09:14:47,10000.0,9.5,B
2021-07-06T09:14:47,100.0,9.5,B
2021-07-06T09:14:33,3000.0,9.5,B
2021-07-06T09:14:23,1100.0,9.5,B
2021-07-06T09:14:06,1000.0,9.5,B
2021-07-06T09:13:53,100.0,9.5,B
2021-07-06T09:13:37,500.0,9.5,B
2021-07-06T09:12:54,300.0,9.5,B
2021-07-06T09:12:14,100.0,9.5,B
2021-07-06T09:11:10,24000.0,9.5,B
2021-07-06T09:10:41,1000.0,9.4,S
2021-07-06T09:10:16,200.0,9.4,S
2021-07-06T09:09:36,2800.0,9.4,S
2021-07-06T09:09:30,200.0,9.4,B
2021-07-06T09:09:29,100.0,9.4,B
2021-07-06T09:09:26,400.0,9.4,S
2021-07-06T09:09:22,10000.0,9.4,B
2021-07-06T09:09:15,5000.0,9.4,B
2021-07-06T09:09:13,3000.0,9.4,B
2021-07-06T09:09:05,1000.0,9.4,B
2021-07-06T09:09:03,100.0,9.4,B
2021-07-06T09:09:00,1000.0,9.4,B
2021-07-06T09:08:56,300.0,9.4,B
2021-07-06T09:08:52,600.0,9.4,B
2021-07-06T09:08:29,1000.0,9.4,B
2021-07-06T09:08:21,1000.0,9.4,B
2021-07-06T09:08:04,1000.0,9.4,B
2021-07-06T09:07:59,22700.0,9.4,S
2021-07-06T09:07:51,1200.0,9.4,S
2021-07-06T09:07:41,11000.0,9.4,S
2021-07-06T09:07:38,100.0,9.4,S
2021-07-06T09:06:29,100.0,9.4,S
2021-07-06T09:06:20,1000.0,9.4,S
2021-07-06T09:06:14,30000.0,9.4,S
2021-07-06T09:06:13,7000.0,9.5,B
