tradingTime,volume,price,side
2021-07-06T13:20:47,600.0,19.65,B
2021-07-06T13:20:42,1400.0,19.65,B
2021-07-06T13:20:29,300.0,19.6,S
2021-07-06T13:20:06,8200.0,19.65,B
2021-07-06T13:20:06,700.0,19.65,B
2021-07-06T13:17:57,300.0,19.6,B
2021-07-06T13:17:56,100.0,19.6,B
2021-07-06T13:17:47,2700.0,19.6,B
2021-07-06T13:17:45,5000.0,19.6,B
2021-07-06T13:17:37,1000.0,19.6,B
2021-07-06T13:17:33,3000.0,19.6,B
2021-07-06T13:17:27,10000.0,19.6,B
2021-07-06T13:17:27,500.0,19.6,B
2021-07-06T13:17:13,7600.0,19.6,B
2021-07-06T13:17:13,1000.0,19.6,B
2021-07-06T13:17:13,1400.0,19.6,B
2021-07-06T13:16:23,3700.0,19.6,B
2021-07-06T13:15:51,100.0,19.6,B
2021-07-06T13:15:51,100.0,19.6,B
2021-07-06T13:15:49,100.0,19.6,B
2021-07-06T13:15:26,200.0,19.6,B
2021-07-06T13:15:25,100.0,19.6,B
2021-07-06T13:15:25,5700.0,19.55,S
2021-07-06T13:15:16,3100.0,19.55,S
2021-07-06T13:13:38,1000.0,19.6,B
2021-07-06T13:13:28,200.0,19.6,B
2021-07-06T13:13:05,200.0,19.6,B
2021-07-06T13:12:48,1000.0,19.6,B
2021-07-06T13:12:32,200.0,19.6,B
2021-07-06T13:12:24,900.0,19.6,B
2021-07-06T13:11:54,1500.0,19.55,S
2021-07-06T13:11:24,100.0,19.55,S
2021-07-06T13:11:24,400.0,19.55,S
2021-07-06T13:11:21,500.0,19.55,S
2021-07-06T13:10:51,100.0,19.55,S
2021-07-06T13:10:51,100.0,19.55,S
2021-07-06T13:10:37,2900.0,19.55,S
2021-07-06T13:10:37,300.0,19.55,B
2021-07-06T13:10:29,300.0,19.55,B
2021-07-06T13:10:26,5000.0,19.55,B
2021-07-06T13:10:24,100.0,19.55,B
2021-07-06T13:09:52,800.0,19.55,B
2021-07-06T13:09:51,700.0,19.55,S
2021-07-06T13:09:24,200.0,19.55,S
2021-07-06T13:09:08,16300.0,19.5,S
2021-07-06T13:09:08,500.0,19.55,S
2021-07-06T13:09:08,2000.0,19.55,S
2021-07-06T13:09:08,1200.0,19.55,S
2021-07-06T13:08:37,1000.0,19.6,B
2021-07-06T13:08:18,2000.0,19.55,S
2021-07-06T13:07:59,1000.0,19.6,B
2021-07-06T13:07:36,2000.0,19.6,B
2021-07-06T13:07:05,1000.0,19.6,B
2021-07-06T13:06:20,300.0,19.6,B
2021-07-06T13:06:19,200.0,19.55,S
2021-07-06T13:06:19,1000.0,19.55,S
2021-07-06T13:06:19,8800.0,19.55,S
2021-07-06T13:06:19,12900.0,19.55,S
2021-07-06T13:06:00,1000.0,19.6,B
2021-07-06T13:05:22,200.0,19.6,B
2021-07-06T13:05:22,2100.0,19.6,S
2021-07-06T13:05:22,400.0,19.6,B
2021-07-06T13:05:05,600.0,19.6,S
2021-07-06T13:04:39,700.0,19.6,B
2021-07-06T13:04:34,2000.0,19.6,B
2021-07-06T13:03:52,100.0,19.6,B
2021-07-06T13:03:47,100.0,19.6,B
2021-07-06T13:03:05,300.0,19.6,B
2021-07-06T13:02:31,200.0,19.6,B
2021-07-06T13:02:27,2000.0,19.6,B
2021-07-06T13:02:07,1800.0,19.6,B
2021-07-06T13:01:36,100.0,19.6,B
2021-07-06T13:01:15,100.0,19.6,B
2021-07-06T13:01:07,1000.0,19.6,B
2021-07-06T13:01:06,1000.0,19.55,S
2021-07-06T13:00:55,500.0,19.6,B
2021-07-06T13:00:38,300.0,19.6,B
2021-07-06T13:00:22,100.0,19.6,B
2021-07-06T13:00:22,2300.0,19.6,S
2021-07-06T13:00:15,600.0,19.6,S
2021-07-06T13:00:08,400.0,19.6,B
2021-07-06T13:00:07,400.0,19.6,B
2021-07-06T13:00:07,3200.0,19.6,S
2021-07-06T13:00:07,3000.0,19.6,B
2021-07-06T13:00:07,13800.0,19.6,B
2021-07-06T13:00:07,500.0,19.6,B
2021-07-06T13:00:03,100.0,19.6,B
2021-07-06T13:00:02,500.0,19.6,S
2021-07-06T13:00:02,500.0,19.6,S
2021-07-06T13:00:02,100.0,19.6,S
2021-07-06T13:00:00,200.0,19.6,S
2021-07-06T13:00:00,2000.0,19.6,S
2021-07-06T11:29:45,500.0,19.6,S
2021-07-06T11:29:15,2000.0,19.6,S
2021-07-06T11:29:11,3000.0,19.6,S
2021-07-06T11:28:32,300.0,19.6,S
2021-07-06T11:28:20,100.0,19.65,B
2021-07-06T11:27:50,200.0,19.65,B
2021-07-06T11:27:49,400.0,19.55,S
2021-07-06T11:27:49,100.0,19.6,S
2021-07-06T11:27:49,4500.0,19.6,S
2021-07-06T11:27:46,20000.0,19.6,S
2021-07-06T11:27:37,3800.0,19.6,S
2021-07-06T11:27:37,500.0,19.6,S
2021-07-06T11:27:37,200.0,19.6,S
2021-07-06T11:27:37,1400.0,19.6,S
2021-07-06T11:27:37,3900.0,19.6,S
2021-07-06T11:27:32,4000.0,19.6,S
2021-07-06T11:26:55,200.0,19.65,B
2021-07-06T11:26:29,9700.0,19.65,S
2021-07-06T11:26:15,4500.0,19.65,S
2021-07-06T11:26:15,100.0,19.7,B
2021-07-06T11:25:25,600.0,19.7,B
2021-07-06T11:25:12,200.0,19.7,B
2021-07-06T11:24:51,9700.0,19.65,S
2021-07-06T11:24:51,2900.0,19.65,S
2021-07-06T11:24:51,500.0,19.65,S
2021-07-06T11:24:51,6900.0,19.65,S
2021-07-06T11:24:21,2000.0,19.65,S
2021-07-06T11:24:04,2000.0,19.65,S
2021-07-06T11:23:47,200.0,19.7,B
2021-07-06T11:22:48,200.0,19.7,B
2021-07-06T11:22:19,300.0,19.7,B
2021-07-06T11:22:15,1000.0,19.7,B
2021-07-06T11:22:04,300.0,19.7,B
2021-07-06T11:20:24,200.0,19.7,B
2021-07-06T11:20:08,1000.0,19.7,B
2021-07-06T11:19:33,100.0,19.7,B
2021-07-06T11:19:13,500.0,19.7,B
2021-07-06T11:18:52,100.0,19.7,B
2021-07-06T11:18:42,2000.0,19.7,B
2021-07-06T11:18:08,1100.0,19.7,B
2021-07-06T11:17:45,600.0,19.7,B
2021-07-06T11:17:10,3000.0,19.7,B
2021-07-06T11:17:08,2000.0,19.7,B
2021-07-06T11:16:57,100.0,19.7,B
2021-07-06T11:16:52,500.0,19.7,B
2021-07-06T11:16:46,100.0,19.7,B
2021-07-06T11:16:36,5400.0,19.7,S
2021-07-06T11:16:36,3000.0,19.7,S
2021-07-06T11:16:36,1600.0,19.7,S
2021-07-06T11:16:36,15300.0,19.7,S
2021-07-06T11:16:36,100.0,19.7,S
2021-07-06T11:16:36,1100.0,19.7,S
2021-07-06T11:16:36,3000.0,19.7,S
2021-07-06T11:16:36,200.0,19.7,S
2021-07-06T11:16:36,200.0,19.7,S
2021-07-06T11:16:36,2700.0,19.7,S
2021-07-06T11:16:36,300.0,19.7,S
2021-07-06T11:16:36,700.0,19.7,S
2021-07-06T11:16:36,6300.0,19.7,S
2021-07-06T11:15:37,100.0,19.75,B
2021-07-06T11:13:34,200.0,19.75,B
2021-07-06T11:13:18,300.0,19.75,B
2021-07-06T11:13:08,800.0,19.75,B
2021-07-06T11:12:35,100.0,19.75,B
2021-07-06T11:12:23,100.0,19.75,B
2021-07-06T11:12:14,1000.0,19.75,B
2021-07-06T11:12:05,3600.0,19.75,B
2021-07-06T11:12:05,6400.0,19.75,B
2021-07-06T11:11:45,500.0,19.75,B
2021-07-06T11:11:41,3300.0,19.75,B
2021-07-06T11:11:41,6700.0,19.75,B
2021-07-06T11:11:36,100.0,19.75,B
2021-07-06T11:11:27,100.0,19.75,B
2021-07-06T11:11:24,10000.0,19.75,B
2021-07-06T11:11:22,2000.0,19.75,B
2021-07-06T11:11:21,300.0,19.75,B
2021-07-06T11:10:35,1000.0,19.75,B
2021-07-06T11:10:35,500.0,19.75,B
2021-07-06T11:10:32,700.0,19.7,S
2021-07-06T11:10:14,2300.0,19.75,B
2021-07-06T11:09:44,1000.0,19.75,B
2021-07-06T11:09:10,1900.0,19.75,B
2021-07-06T11:07:42,10000.0,19.75,B
2021-07-06T11:07:29,4000.0,19.75,B
2021-07-06T11:07:23,1000.0,19.7,S
2021-07-06T11:07:09,1000.0,19.75,B
2021-07-06T11:06:02,200.0,19.75,B
2021-07-06T11:05:30,2300.0,19.75,B
2021-07-06T11:05:25,800.0,19.75,B
2021-07-06T11:05:25,1200.0,19.75,B
2021-07-06T11:05:21,2000.0,19.75,B
2021-07-06T11:05:09,200.0,19.75,B
2021-07-06T11:04:48,3000.0,19.75,B
2021-07-06T11:04:39,500.0,19.75,B
2021-07-06T11:04:29,2000.0,19.75,B
2021-07-06T11:04:00,1300.0,19.75,S
2021-07-06T11:03:31,1000.0,19.75,S
2021-07-06T11:03:31,2500.0,19.75,S
2021-07-06T11:03:03,100.0,19.75,S
2021-07-06T11:02:35,10000.0,19.75,S
2021-07-06T11:02:14,500.0,19.75,S
2021-07-06T11:01:56,6000.0,19.75,S
2021-07-06T11:01:56,1500.0,19.75,S
2021-07-06T11:01:56,6100.0,19.75,S
2021-07-06T11:01:56,6400.0,19.75,S
2021-07-06T11:00:45,100.0,19.8,B
2021-07-06T11:00:42,800.0,19.75,S
2021-07-06T11:00:27,900.0,19.75,S
2021-07-06T10:59:59,10000.0,19.8,B
2021-07-06T10:59:38,100.0,19.8,B
2021-07-06T10:59:08,400.0,19.8,B
2021-07-06T10:58:07,3000.0,19.8,B
2021-07-06T10:58:03,400.0,19.8,B
2021-07-06T10:57:25,200.0,19.8,B
2021-07-06T10:55:34,100.0,19.8,B
2021-07-06T10:55:23,1000.0,19.8,B
2021-07-06T10:55:07,1000.0,19.8,B
2021-07-06T10:54:37,100.0,19.8,B
2021-07-06T10:54:29,1000.0,19.8,B
2021-07-06T10:54:06,3000.0,19.8,B
2021-07-06T10:54:04,2000.0,19.8,B
2021-07-06T10:53:47,5000.0,19.8,B
2021-07-06T10:52:52,100.0,19.8,S
2021-07-06T10:52:46,500.0,19.8,S
2021-07-06T10:52:45,100.0,19.8,B
2021-07-06T10:52:43,900.0,19.8,B
2021-07-06T10:52:38,500.0,19.8,B
2021-07-06T10:52:36,15000.0,19.75,S
2021-07-06T10:52:25,19300.0,19.8,B
2021-07-06T10:52:22,100.0,19.8,B
2021-07-06T10:51:52,100.0,19.8,B
2021-07-06T10:51:25,1000.0,19.8,B
2021-07-06T10:50:48,100.0,19.75,S
2021-07-06T10:50:38,5000.0,19.75,S
2021-07-06T10:50:33,100.0,19.8,B
2021-07-06T10:50:33,500.0,19.8,B
2021-07-06T10:50:19,500.0,19.8,B
2021-07-06T10:49:50,500.0,19.8,B
2021-07-06T10:49:38,1000.0,19.8,B
2021-07-06T10:49:17,1000.0,19.8,B
2021-07-06T10:49:01,100.0,19.75,S
2021-07-06T10:48:20,1000.0,19.75,S
2021-07-06T10:48:13,1000.0,19.8,B
2021-07-06T10:47:57,700.0,19.75,S
2021-07-06T10:47:57,1100.0,19.75,S
2021-07-06T10:47:57,900.0,19.75,S
2021-07-06T10:47:57,1000.0,19.75,S
2021-07-06T10:47:57,200.0,19.75,S
2021-07-06T10:47:57,1100.0,19.75,S
2021-07-06T10:47:53,4100.0,19.8,B
2021-07-06T10:47:53,5900.0,19.8,B
2021-07-06T10:47:36,100.0,19.8,B
2021-07-06T10:47:22,3000.0,19.75,S
2021-07-06T10:47:22,200.0,19.75,S
2021-07-06T10:47:12,4200.0,19.75,S
2021-07-06T10:47:12,7800.0,19.75,S
2021-07-06T10:47:10,1000.0,19.8,B
2021-07-06T10:47:05,100.0,19.8,B
2021-07-06T10:46:59,500.0,19.8,B
2021-07-06T10:46:56,1000.0,19.8,B
2021-07-06T10:46:18,400.0,19.8,B
2021-07-06T10:46:04,1000.0,19.8,B
2021-07-06T10:45:59,200.0,19.8,B
2021-07-06T10:45:56,200.0,19.8,B
2021-07-06T10:45:56,1200.0,19.8,B
2021-07-06T10:45:56,3800.0,19.8,B
2021-07-06T10:45:47,1200.0,19.8,B
2021-07-06T10:45:44,1000.0,19.8,B
2021-07-06T10:45:30,1000.0,19.8,B
2021-07-06T10:45:30,900.0,19.8,B
2021-07-06T10:45:15,1000.0,19.8,B
2021-07-06T10:45:12,100.0,19.8,B
2021-07-06T10:45:07,200.0,19.8,B
2021-07-06T10:45:04,1000.0,19.8,B
2021-07-06T10:45:02,300.0,19.8,B
2021-07-06T10:44:56,500.0,19.8,B
2021-07-06T10:44:54,300.0,19.8,B
2021-07-06T10:44:39,600.0,19.8,B
2021-07-06T10:44:15,2100.0,19.75,S
2021-07-06T10:44:04,2000.0,19.75,S
2021-07-06T10:44:00,3000.0,19.75,S
2021-07-06T10:43:55,500.0,19.8,B
2021-07-06T10:43:06,100.0,19.75,S
2021-07-06T10:42:09,500.0,19.75,S
2021-07-06T10:41:59,1500.0,19.75,S
2021-07-06T10:41:13,7900.0,19.75,S
2021-07-06T10:41:01,5000.0,19.75,S
2021-07-06T10:40:24,400.0,19.75,S
2021-07-06T10:40:22,200.0,19.75,S
2021-07-06T10:40:22,800.0,19.75,S
2021-07-06T10:40:13,2700.0,19.75,S
2021-07-06T10:39:57,3100.0,19.75,S
2021-07-06T10:38:37,200.0,19.8,S
2021-07-06T10:37:47,2000.0,19.8,S
2021-07-06T10:35:53,100.0,19.85,B
2021-07-06T10:35:50,4400.0,19.8,B
2021-07-06T10:35:38,600.0,19.8,B
2021-07-06T10:35:36,600.0,19.8,S
2021-07-06T10:35:30,3000.0,19.8,S
2021-07-06T10:35:27,100.0,19.8,S
2021-07-06T10:35:09,2000.0,19.8,S
2021-07-06T10:34:54,2000.0,19.8,S
2021-07-06T10:34:26,100.0,19.8,S
2021-07-06T10:34:10,1000.0,19.8,S
2021-07-06T10:33:52,200.0,19.85,B
2021-07-06T10:31:09,400.0,19.85,B
2021-07-06T10:30:31,1000.0,19.85,B
2021-07-06T10:30:30,100.0,19.85,B
2021-07-06T10:30:14,2400.0,19.85,B
2021-07-06T10:29:48,100.0,19.85,B
2021-07-06T10:29:45,2000.0,19.8,S
2021-07-06T10:29:28,2000.0,19.8,S
2021-07-06T10:28:49,100.0,19.85,B
2021-07-06T10:28:49,3000.0,19.8,S
2021-07-06T10:28:15,100.0,19.85,B
2021-07-06T10:27:45,1200.0,19.85,B
2021-07-06T10:27:29,200.0,19.85,B
2021-07-06T10:27:20,1000.0,19.8,S
2021-07-06T10:26:43,500.0,19.85,B
2021-07-06T10:26:37,100.0,19.8,S
2021-07-06T10:26:37,100.0,19.8,S
2021-07-06T10:26:37,1200.0,19.8,S
2021-07-06T10:26:31,200.0,19.85,B
2021-07-06T10:26:07,1000.0,19.85,B
2021-07-06T10:26:02,24400.0,19.85,B
2021-07-06T10:26:02,20600.0,19.85,B
2021-07-06T10:25:44,3000.0,19.85,B
2021-07-06T10:25:15,700.0,19.85,B
2021-07-06T10:25:07,10000.0,19.8,S
2021-07-06T10:24:57,15700.0,19.85,B
2021-07-06T10:24:57,2800.0,19.85,B
2021-07-06T10:24:36,200.0,19.85,S
2021-07-06T10:24:36,7000.0,19.85,S
2021-07-06T10:24:33,200.0,19.85,S
2021-07-06T10:24:22,100.0,19.85,S
2021-07-06T10:24:16,3000.0,19.85,S
2021-07-06T10:24:10,100.0,19.85,S
2021-07-06T10:24:08,3000.0,19.85,S
2021-07-06T10:23:57,500.0,19.85,S
2021-07-06T10:23:51,200.0,19.85,S
2021-07-06T10:23:37,300.0,19.85,S
2021-07-06T10:23:28,100.0,19.85,S
2021-07-06T10:23:27,300.0,19.85,S
2021-07-06T10:23:05,8400.0,19.85,B
2021-07-06T10:22:59,300.0,19.85,B
2021-07-06T10:22:51,1300.0,19.85,S
2021-07-06T10:22:35,2000.0,19.85,S
2021-07-06T10:22:29,1000.0,19.9,B
2021-07-06T10:22:22,10000.0,19.85,S
2021-07-06T10:21:25,300.0,19.85,S
2021-07-06T10:21:02,2000.0,19.9,B
2021-07-06T10:21:01,1000.0,19.9,B
2021-07-06T10:21:00,5000.0,19.9,B
2021-07-06T10:20:23,3000.0,19.9,B
2021-07-06T10:20:10,100.0,19.9,B
2021-07-06T10:20:00,5000.0,19.9,B
2021-07-06T10:19:59,1000.0,19.85,S
2021-07-06T10:19:43,1300.0,19.85,S
2021-07-06T10:19:15,1000.0,19.85,S
2021-07-06T10:19:08,1000.0,19.9,B
2021-07-06T10:19:04,10000.0,19.85,S
2021-07-06T10:18:58,100.0,19.9,B
2021-07-06T10:18:46,1500.0,19.9,B
2021-07-06T10:18:40,3300.0,19.9,B
2021-07-06T10:18:30,500.0,19.9,B
2021-07-06T10:17:57,100.0,19.9,B
2021-07-06T10:17:50,100.0,19.9,B
2021-07-06T10:17:31,4200.0,19.9,B
2021-07-06T10:16:30,1000.0,19.9,B
2021-07-06T10:16:13,700.0,19.85,B
2021-07-06T10:16:04,9300.0,19.85,S
2021-07-06T10:16:01,1000.0,19.85,S
2021-07-06T10:15:49,1200.0,19.9,B
2021-07-06T10:15:37,5000.0,19.85,B
2021-07-06T10:15:37,3000.0,19.85,B
2021-07-06T10:15:17,100.0,19.8,S
2021-07-06T10:14:58,100.0,19.85,B
2021-07-06T10:14:38,2900.0,19.85,B
2021-07-06T10:14:38,1600.0,19.85,B
2021-07-06T10:14:38,500.0,19.85,B
2021-07-06T10:14:38,4100.0,19.85,B
2021-07-06T10:14:38,1600.0,19.85,B
2021-07-06T10:14:38,1000.0,19.85,B
2021-07-06T10:14:38,3300.0,19.85,B
2021-07-06T10:14:22,300.0,19.85,B
2021-07-06T10:14:07,1000.0,19.8,S
2021-07-06T10:13:50,3100.0,19.8,S
2021-07-06T10:13:45,1500.0,19.85,B
2021-07-06T10:13:22,6600.0,19.8,B
2021-07-06T10:13:18,2000.0,19.8,B
2021-07-06T10:12:54,3000.0,19.8,B
2021-07-06T10:12:35,3800.0,19.8,B
2021-07-06T10:12:25,100.0,19.8,B
2021-07-06T10:12:14,4600.0,19.8,B
2021-07-06T10:12:12,100.0,19.8,B
2021-07-06T10:12:08,100.0,19.8,B
2021-07-06T10:11:38,1200.0,19.8,B
2021-07-06T10:11:38,1600.0,19.8,B
2021-07-06T10:11:31,200.0,19.8,B
2021-07-06T10:11:27,2000.0,19.8,B
2021-07-06T10:10:42,1000.0,19.8,B
2021-07-06T10:10:23,3700.0,19.75,B
2021-07-06T10:10:18,2500.0,19.75,B
2021-07-06T10:10:05,200.0,19.75,S
2021-07-06T10:10:05,1400.0,19.75,S
2021-07-06T10:10:05,2200.0,19.75,S
2021-07-06T10:09:53,100.0,19.8,B
2021-07-06T10:09:41,1000.0,19.75,S
2021-07-06T10:09:26,500.0,19.75,S
2021-07-06T10:08:46,200.0,19.75,S
2021-07-06T10:08:33,100.0,19.75,S
2021-07-06T10:07:54,100.0,19.8,B
2021-07-06T10:07:48,100.0,19.8,B
2021-07-06T10:07:44,100.0,19.8,B
2021-07-06T10:07:31,400.0,19.8,B
2021-07-06T10:07:30,600.0,19.8,B
2021-07-06T10:06:45,100.0,19.8,B
2021-07-06T10:06:39,200.0,19.75,S
2021-07-06T10:06:30,1000.0,19.75,S
2021-07-06T10:06:25,1000.0,19.8,B
2021-07-06T10:05:45,1400.0,19.8,B
2021-07-06T10:05:42,1000.0,19.85,B
2021-07-06T10:05:26,4100.0,19.8,S
2021-07-06T10:05:23,900.0,19.8,S
2021-07-06T10:05:17,200.0,19.85,B
2021-07-06T10:05:17,1800.0,19.85,B
2021-07-06T10:05:16,500.0,19.85,B
2021-07-06T10:05:06,1000.0,19.8,S
2021-07-06T10:05:04,100.0,19.8,S
2021-07-06T10:04:57,800.0,19.85,B
2021-07-06T10:04:57,1400.0,19.85,B
2021-07-06T10:04:50,300.0,19.8,S
2021-07-06T10:04:38,1000.0,19.8,S
2021-07-06T10:04:23,2000.0,19.85,B
2021-07-06T10:04:22,100.0,19.85,B
2021-07-06T10:04:05,100.0,19.85,B
2021-07-06T10:03:55,2500.0,19.85,B
2021-07-06T10:03:35,200.0,19.85,B
2021-07-06T10:03:35,1000.0,19.8,B
2021-07-06T10:03:33,200.0,19.75,S
2021-07-06T10:03:21,100.0,19.8,B
2021-07-06T10:03:18,1000.0,19.8,B
2021-07-06T10:03:17,7000.0,19.8,S
2021-07-06T10:03:17,900.0,19.85,S
2021-07-06T10:03:14,100.0,19.85,S
2021-07-06T10:03:13,200.0,19.85,B
2021-07-06T10:03:06,200.0,19.85,B
2021-07-06T10:03:04,100.0,19.85,B
2021-07-06T10:03:00,200.0,19.85,B
2021-07-06T10:02:55,300.0,19.85,B
2021-07-06T10:02:51,300.0,19.85,B
2021-07-06T10:02:40,1000.0,19.85,B
2021-07-06T10:02:32,300.0,19.8,S
2021-07-06T10:02:27,200.0,19.8,B
2021-07-06T10:02:21,200.0,19.8,B
2021-07-06T10:02:19,1000.0,19.8,B
2021-07-06T10:02:14,1000.0,19.8,B
2021-07-06T10:02:11,1000.0,19.8,B
2021-07-06T10:02:10,100.0,19.8,B
2021-07-06T10:02:03,800.0,19.8,B
2021-07-06T10:01:58,200.0,19.8,B
2021-07-06T10:01:51,1000.0,19.8,B
2021-07-06T10:01:43,1000.0,19.8,B
2021-07-06T10:01:32,100.0,19.8,B
2021-07-06T10:01:28,9000.0,19.8,B
2021-07-06T10:01:25,500.0,19.8,B
2021-07-06T10:01:20,200.0,19.8,B
2021-07-06T10:01:20,100.0,19.75,S
2021-07-06T10:01:07,300.0,19.75,S
2021-07-06T10:01:00,400.0,19.75,B
2021-07-06T10:01:00,1000.0,19.75,B
2021-07-06T10:00:52,100.0,19.75,B
2021-07-06T10:00:21,2000.0,19.7,S
2021-07-06T10:00:21,1400.0,19.7,B
2021-07-06T10:00:21,5600.0,19.7,B
2021-07-06T10:00:21,4400.0,19.7,B
2021-07-06T10:00:19,200.0,19.7,B
2021-07-06T10:00:11,900.0,19.7,B
2021-07-06T10:00:11,700.0,19.7,B
2021-07-06T09:59:54,800.0,19.7,B
2021-07-06T09:59:46,300.0,19.65,S
2021-07-06T09:59:34,100.0,19.65,S
2021-07-06T09:59:24,100.0,19.65,S
2021-07-06T09:59:18,400.0,19.65,S
2021-07-06T09:59:06,100.0,19.65,S
2021-07-06T09:58:49,100.0,19.65,S
2021-07-06T09:58:15,200.0,19.65,S
2021-07-06T09:58:08,200.0,19.65,S
2021-07-06T09:58:01,1000.0,19.65,S
2021-07-06T09:57:44,100.0,19.65,S
2021-07-06T09:56:32,300.0,19.65,S
2021-07-06T09:56:25,100.0,19.65,S
2021-07-06T09:55:44,100.0,19.6,S
2021-07-06T09:55:35,3300.0,19.6,S
2021-07-06T09:55:35,1000.0,19.6,S
2021-07-06T09:55:35,700.0,19.6,S
2021-07-06T09:55:33,100.0,19.6,S
2021-07-06T09:55:17,200.0,19.6,S
2021-07-06T09:55:17,100.0,19.65,S
2021-07-06T09:55:05,8000.0,19.6,S
2021-07-06T09:54:54,18500.0,19.6,S
2021-07-06T09:54:44,700.0,19.65,B
2021-07-06T09:54:37,5000.0,19.6,S
2021-07-06T09:54:26,1200.0,19.6,B
2021-07-06T09:54:26,900.0,19.6,B
2021-07-06T09:54:08,500.0,19.6,B
2021-07-06T09:54:00,2800.0,19.5,S
2021-07-06T09:54:00,7200.0,19.55,S
2021-07-06T09:53:54,300.0,19.6,B
2021-07-06T09:53:51,100.0,19.6,B
2021-07-06T09:53:45,2000.0,19.6,B
2021-07-06T09:53:44,1000.0,19.6,B
2021-07-06T09:53:36,1000.0,19.6,B
2021-07-06T09:53:33,200.0,19.6,B
2021-07-06T09:53:33,300.0,19.6,B
2021-07-06T09:53:30,300.0,19.6,B
2021-07-06T09:53:30,3500.0,19.6,S
2021-07-06T09:53:17,5000.0,19.65,S
2021-07-06T09:53:15,300.0,19.6,S
2021-07-06T09:53:14,100.0,19.6,S
2021-07-06T09:53:08,100.0,19.6,S
2021-07-06T09:53:07,300.0,19.6,S
2021-07-06T09:53:04,10000.0,19.55,S
2021-07-06T09:52:54,100.0,19.6,B
2021-07-06T09:52:46,1500.0,19.6,B
2021-07-06T09:52:34,6900.0,19.6,S
2021-07-06T09:52:34,1100.0,19.65,S
2021-07-06T09:52:34,400.0,19.65,S
2021-07-06T09:52:29,200.0,19.7,B
2021-07-06T09:52:09,100.0,19.65,B
2021-07-06T09:52:01,100.0,19.65,B
2021-07-06T09:51:56,1000.0,19.65,B
2021-07-06T09:51:47,100.0,19.6,S
2021-07-06T09:51:39,200.0,19.55,S
2021-07-06T09:51:37,3400.0,19.6,S
2021-07-06T09:51:37,7000.0,19.6,B
2021-07-06T09:51:37,4700.0,19.6,B
2021-07-06T09:51:34,600.0,19.6,B
2021-07-06T09:51:32,2600.0,19.6,B
2021-07-06T09:51:32,100.0,19.6,B
2021-07-06T09:51:32,2300.0,19.6,B
2021-07-06T09:51:30,100.0,19.6,B
2021-07-06T09:51:27,500.0,19.6,B
2021-07-06T09:51:27,1300.0,19.6,B
2021-07-06T09:51:21,2000.0,19.6,B
2021-07-06T09:51:16,300.0,19.6,B
2021-07-06T09:51:15,200.0,19.6,B
2021-07-06T09:51:11,1900.0,19.55,S
2021-07-06T09:51:11,400.0,19.55,S
2021-07-06T09:51:11,100.0,19.55,S
2021-07-06T09:51:11,600.0,19.55,S
2021-07-06T09:51:07,700.0,19.6,B
2021-07-06T09:50:58,2000.0,19.6,B
2021-07-06T09:50:54,900.0,19.6,B
2021-07-06T09:50:46,100.0,19.55,S
2021-07-06T09:50:40,300.0,19.55,B
2021-07-06T09:50:40,200.0,19.55,B
2021-07-06T09:50:30,900.0,19.55,B
2021-07-06T09:50:21,4600.0,19.55,B
2021-07-06T09:50:21,5400.0,19.55,B
2021-07-06T09:50:17,4000.0,19.5,S
2021-07-06T09:50:15,300.0,19.55,B
2021-07-06T09:50:02,8000.0,19.55,B
2021-07-06T09:50:02,5600.0,19.55,B
2021-07-06T09:50:02,200.0,19.55,B
2021-07-06T09:50:02,6200.0,19.55,B
2021-07-06T09:49:51,1700.0,19.5,B
2021-07-06T09:49:51,2100.0,19.5,B
2021-07-06T09:49:51,800.0,19.5,B
2021-07-06T09:49:51,700.0,19.5,B
2021-07-06T09:49:51,500.0,19.5,B
2021-07-06T09:49:51,7000.0,19.5,B
2021-07-06T09:49:46,200.0,19.5,B
2021-07-06T09:49:46,500.0,19.5,B
2021-07-06T09:49:45,1000.0,19.5,B
2021-07-06T09:49:45,1000.0,19.5,B
2021-07-06T09:49:42,100.0,19.5,B
2021-07-06T09:49:41,100.0,19.5,B
2021-07-06T09:49:39,2000.0,19.5,B
2021-07-06T09:49:33,22000.0,19.5,B
2021-07-06T09:49:30,200.0,19.5,B
2021-07-06T09:49:24,500.0,19.5,B
2021-07-06T09:49:24,6000.0,19.5,B
2021-07-06T09:49:15,200.0,19.5,B
2021-07-06T09:49:12,1400.0,19.5,B
2021-07-06T09:49:10,500.0,19.5,B
2021-07-06T09:48:55,5000.0,19.5,B
2021-07-06T09:48:55,400.0,19.45,S
2021-07-06T09:48:36,3800.0,19.5,B
2021-07-06T09:48:36,20300.0,19.5,B
2021-07-06T09:48:36,1900.0,19.5,B
2021-07-06T09:48:36,1400.0,19.5,B
2021-07-06T09:48:36,200.0,19.5,B
2021-07-06T09:48:36,2900.0,19.5,B
2021-07-06T09:48:36,500.0,19.5,B
2021-07-06T09:48:36,19000.0,19.5,B
2021-07-06T09:48:28,100.0,19.45,S
2021-07-06T09:48:17,800.0,19.45,S
2021-07-06T09:47:52,1000.0,19.45,S
2021-07-06T09:47:42,600.0,19.45,S
2021-07-06T09:47:42,100.0,19.45,S
2021-07-06T09:47:42,300.0,19.45,S
2021-07-06T09:47:16,500.0,19.45,S
2021-07-06T09:47:06,5000.0,19.45,S
2021-07-06T09:46:16,1000.0,19.5,B
2021-07-06T09:46:01,2000.0,19.5,B
2021-07-06T09:45:42,1000.0,19.45,S
2021-07-06T09:45:37,100.0,19.45,S
2021-07-06T09:45:33,100.0,19.45,S
2021-07-06T09:45:33,1000.0,19.45,S
2021-07-06T09:45:19,1000.0,19.45,S
2021-07-06T09:45:14,4000.0,19.45,S
2021-07-06T09:45:05,100.0,19.45,S
2021-07-06T09:45:03,5000.0,19.45,S
2021-07-06T09:44:56,300.0,19.45,S
2021-07-06T09:44:54,1000.0,19.5,B
2021-07-06T09:44:40,2300.0,19.45,B
2021-07-06T09:44:25,200.0,19.45,S
2021-07-06T09:43:59,100.0,19.4,S
2021-07-06T09:43:44,300.0,19.4,S
2021-07-06T09:43:43,300.0,19.5,B
2021-07-06T09:43:43,900.0,19.5,B
2021-07-06T09:43:43,700.0,19.5,B
2021-07-06T09:43:43,2900.0,19.5,B
2021-07-06T09:43:43,2300.0,19.5,B
2021-07-06T09:43:43,1100.0,19.5,B
2021-07-06T09:43:43,2500.0,19.5,B
2021-07-06T09:43:43,1000.0,19.5,B
2021-07-06T09:43:43,3100.0,19.5,B
2021-07-06T09:43:43,1000.0,19.5,B
2021-07-06T09:43:43,500.0,19.5,B
2021-07-06T09:43:43,1000.0,19.5,B
2021-07-06T09:43:43,3000.0,19.5,B
2021-07-06T09:43:43,6400.0,19.45,B
2021-07-06T09:43:43,3300.0,19.45,B
2021-07-06T09:43:39,700.0,19.4,S
2021-07-06T09:43:29,500.0,19.4,S
2021-07-06T09:43:29,1000.0,19.4,S
2021-07-06T09:43:23,2000.0,19.45,B
2021-07-06T09:43:19,500.0,19.45,B
2021-07-06T09:43:14,2000.0,19.45,B
2021-07-06T09:43:11,200.0,19.4,S
2021-07-06T09:42:51,1000.0,19.4,S
2021-07-06T09:42:42,1200.0,19.4,S
2021-07-06T09:42:39,1000.0,19.4,S
2021-07-06T09:42:38,200.0,19.4,S
2021-07-06T09:42:03,100.0,19.4,S
2021-07-06T09:41:44,5000.0,19.4,S
2021-07-06T09:41:40,100.0,19.45,B
2021-07-06T09:41:38,100.0,19.45,B
2021-07-06T09:41:38,2000.0,19.4,S
2021-07-06T09:41:21,100.0,19.4,S
2021-07-06T09:41:08,100.0,19.4,S
2021-07-06T09:41:04,500.0,19.4,S
2021-07-06T09:41:02,1100.0,19.4,S
2021-07-06T09:40:45,600.0,19.4,S
2021-07-06T09:40:30,200.0,19.45,B
2021-07-06T09:40:01,300.0,19.45,B
2021-07-06T09:39:53,2000.0,19.45,B
2021-07-06T09:39:41,700.0,19.45,B
2021-07-06T09:39:33,1000.0,19.45,B
2021-07-06T09:39:28,500.0,19.45,B
2021-07-06T09:39:12,100.0,19.45,B
2021-07-06T09:38:43,4000.0,19.45,B
2021-07-06T09:38:34,100.0,19.45,B
2021-07-06T09:38:13,2600.0,19.45,S
2021-07-06T09:38:13,1900.0,19.45,S
2021-07-06T09:38:06,15000.0,19.45,S
2021-07-06T09:37:45,1300.0,19.45,S
2021-07-06T09:37:40,100.0,19.5,B
2021-07-06T09:37:21,1000.0,19.45,S
2021-07-06T09:37:16,500.0,19.45,S
2021-07-06T09:37:06,100.0,19.45,S
2021-07-06T09:37:06,8300.0,19.45,S
2021-07-06T09:36:45,400.0,19.4,S
2021-07-06T09:36:30,1000.0,19.4,S
2021-07-06T09:36:23,100.0,19.4,S
2021-07-06T09:36:07,300.0,19.4,S
2021-07-06T09:36:00,100.0,19.5,B
2021-07-06T09:35:58,18200.0,19.4,S
2021-07-06T09:35:58,1800.0,19.4,S
2021-07-06T09:35:58,3000.0,19.45,B
2021-07-06T09:35:58,200.0,19.45,B
2021-07-06T09:35:58,900.0,19.45,B
2021-07-06T09:35:58,1300.0,19.45,B
2021-07-06T09:35:48,100.0,19.45,B
2021-07-06T09:35:47,500.0,19.45,B
2021-07-06T09:35:32,400.0,19.4,S
2021-07-06T09:35:26,1000.0,19.4,S
2021-07-06T09:35:19,100.0,19.45,B
2021-07-06T09:35:18,200.0,19.45,B
2021-07-06T09:35:11,5500.0,19.45,B
2021-07-06T09:34:58,300.0,19.45,B
2021-07-06T09:34:46,14600.0,19.45,S
2021-07-06T09:34:32,300.0,19.5,B
2021-07-06T09:34:19,100.0,19.45,S
2021-07-06T09:34:14,500.0,19.45,S
2021-07-06T09:34:11,600.0,19.45,B
2021-07-06T09:34:11,400.0,19.45,B
2021-07-06T09:34:11,3800.0,19.45,B
2021-07-06T09:34:11,11300.0,19.4,S
2021-07-06T09:34:11,100.0,19.4,S
2021-07-06T09:34:11,400.0,19.4,S
2021-07-06T09:34:06,1800.0,19.4,S
2021-07-06T09:34:03,300.0,19.4,S
2021-07-06T09:34:03,1200.0,19.4,S
2021-07-06T09:33:52,100.0,19.4,S
2021-07-06T09:33:51,300.0,19.4,S
2021-07-06T09:33:42,1000.0,19.4,S
2021-07-06T09:33:41,3000.0,19.4,S
2021-07-06T09:33:39,4000.0,19.4,S
2021-07-06T09:33:27,10000.0,19.4,S
2021-07-06T09:33:23,1900.0,19.4,B
2021-07-06T09:33:20,100.0,19.35,S
2021-07-06T09:33:12,100.0,19.4,B
2021-07-06T09:33:08,700.0,19.35,S
2021-07-06T09:32:40,9000.0,19.4,S
2021-07-06T09:32:36,400.0,19.4,S
2021-07-06T09:32:31,200.0,19.4,S
2021-07-06T09:32:29,100.0,19.4,S
2021-07-06T09:32:28,500.0,19.45,B
2021-07-06T09:32:26,500.0,19.4,S
2021-07-06T09:32:24,5800.0,19.4,B
2021-07-06T09:32:20,5400.0,19.35,S
2021-07-06T09:32:19,200.0,19.35,S
2021-07-06T09:32:11,500.0,19.35,S
2021-07-06T09:32:03,800.0,19.35,S
2021-07-06T09:31:46,700.0,19.4,B
2021-07-06T09:31:33,1500.0,19.4,S
2021-07-06T09:31:33,3300.0,19.4,S
2021-07-06T09:31:09,1600.0,19.4,S
2021-07-06T09:31:00,7700.0,19.4,S
2021-07-06T09:31:00,6500.0,19.4,S
2021-07-06T09:31:00,500.0,19.4,S
2021-07-06T09:31:00,1300.0,19.4,S
2021-07-06T09:31:00,500.0,19.4,S
2021-07-06T09:31:00,13500.0,19.4,S
2021-07-06T09:30:49,3000.0,19.45,B
2021-07-06T09:30:49,1800.0,19.45,B
2021-07-06T09:30:25,100.0,19.45,S
2021-07-06T09:30:17,200.0,19.45,B
2021-07-06T09:30:17,300.0,19.45,S
2021-07-06T09:30:16,200.0,19.45,S
2021-07-06T09:30:08,700.0,19.45,B
2021-07-06T09:29:59,1200.0,19.4,S
2021-07-06T09:29:59,400.0,19.4,S
2021-07-06T09:29:59,500.0,19.4,S
2021-07-06T09:29:59,17900.0,19.4,S
2021-07-06T09:29:33,2300.0,19.45,S
2021-07-06T09:29:22,200.0,19.45,S
2021-07-06T09:29:20,2900.0,19.45,S
2021-07-06T09:29:11,7000.0,19.45,B
2021-07-06T09:28:53,3500.0,19.45,S
2021-07-06T09:28:49,600.0,19.45,S
2021-07-06T09:28:34,2900.0,19.45,B
2021-07-06T09:28:22,300.0,19.45,B
2021-07-06T09:28:22,2700.0,19.45,B
2021-07-06T09:28:09,300.0,19.45,B
2021-07-06T09:28:09,100.0,19.45,B
2021-07-06T09:28:03,1000.0,19.4,S
2021-07-06T09:27:55,100.0,19.4,S
2021-07-06T09:27:48,500.0,19.45,B
2021-07-06T09:27:48,5500.0,19.45,B
2021-07-06T09:27:33,200.0,19.45,B
2021-07-06T09:27:33,700.0,19.45,B
2021-07-06T09:27:17,1000.0,19.45,B
2021-07-06T09:26:57,200.0,19.45,B
2021-07-06T09:26:56,100.0,19.4,S
2021-07-06T09:26:52,5900.0,19.4,S
2021-07-06T09:26:52,24000.0,19.4,S
2021-07-06T09:26:52,100.0,19.4,S
2021-07-06T09:26:52,8200.0,19.4,S
2021-07-06T09:26:44,400.0,19.4,S
2021-07-06T09:26:26,700.0,19.45,B
2021-07-06T09:26:15,1000.0,19.4,S
2021-07-06T09:26:14,1100.0,19.45,B
2021-07-06T09:26:10,4200.0,19.4,S
2021-07-06T09:26:08,1000.0,19.45,S
2021-07-06T09:26:03,500.0,19.45,S
2021-07-06T09:26:03,1500.0,19.45,B
2021-07-06T09:25:51,600.0,19.4,S
2021-07-06T09:25:51,300.0,19.4,S
2021-07-06T09:25:49,300.0,19.45,B
2021-07-06T09:25:47,300.0,19.45,S
2021-07-06T09:25:47,3700.0,19.45,S
2021-07-06T09:25:26,16300.0,19.45,B
2021-07-06T09:25:24,100.0,19.4,S
2021-07-06T09:25:22,1000.0,19.4,S
2021-07-06T09:25:21,5400.0,19.4,S
2021-07-06T09:25:11,1000.0,19.4,S
2021-07-06T09:25:10,2300.0,19.4,B
2021-07-06T09:25:09,700.0,19.4,S
2021-07-06T09:24:54,200.0,19.4,S
2021-07-06T09:24:44,100.0,19.4,B
2021-07-06T09:24:39,10000.0,19.4,B
2021-07-06T09:24:39,1000.0,19.4,B
2021-07-06T09:24:25,700.0,19.4,B
2021-07-06T09:24:23,400.0,19.4,B
2021-07-06T09:24:21,5000.0,19.35,S
2021-07-06T09:24:18,1000.0,19.35,S
2021-07-06T09:23:59,1000.0,19.35,S
2021-07-06T09:23:58,600.0,19.4,B
2021-07-06T09:23:51,200.0,19.35,S
2021-07-06T09:23:50,10000.0,19.4,B
2021-07-06T09:23:45,100.0,19.35,S
2021-07-06T09:23:44,5000.0,19.35,S
2021-07-06T09:23:42,400.0,19.35,S
2021-07-06T09:23:36,1000.0,19.4,B
2021-07-06T09:23:33,100.0,19.35,S
2021-07-06T09:23:18,5000.0,19.45,B
2021-07-06T09:23:17,1100.0,19.4,S
2021-07-06T09:23:11,200.0,19.4,S
2021-07-06T09:23:11,1000.0,19.4,S
2021-07-06T09:23:11,10000.0,19.4,S
2021-07-06T09:23:10,400.0,19.4,S
2021-07-06T09:23:10,500.0,19.4,S
2021-07-06T09:23:04,500.0,19.4,S
2021-07-06T09:23:02,1000.0,19.4,S
2021-07-06T09:22:59,200.0,19.4,S
2021-07-06T09:22:54,500.0,19.4,S
2021-07-06T09:22:50,2900.0,19.4,S
2021-07-06T09:22:49,500.0,19.4,S
2021-07-06T09:22:42,500.0,19.4,S
2021-07-06T09:22:41,2000.0,19.4,B
2021-07-06T09:22:34,200.0,19.4,B
2021-07-06T09:22:32,5000.0,19.35,S
2021-07-06T09:22:30,1400.0,19.35,S
2021-07-06T09:22:28,3300.0,19.4,S
2021-07-06T09:22:25,7200.0,19.4,B
2021-07-06T09:22:24,200.0,19.4,B
2021-07-06T09:22:23,100.0,19.4,B
2021-07-06T09:22:16,300.0,19.35,S
2021-07-06T09:22:16,2000.0,19.35,S
2021-07-06T09:22:13,5000.0,19.35,S
2021-07-06T09:22:10,7000.0,19.35,S
2021-07-06T09:22:00,400.0,19.35,S
2021-07-06T09:21:51,3000.0,19.35,S
2021-07-06T09:21:50,300.0,19.45,B
2021-07-06T09:21:34,2800.0,19.35,S
2021-07-06T09:21:34,500.0,19.35,S
2021-07-06T09:21:34,5500.0,19.35,S
2021-07-06T09:21:34,5700.0,19.35,S
2021-07-06T09:21:34,800.0,19.4,S
2021-07-06T09:21:34,4700.0,19.4,S
2021-07-06T09:21:29,800.0,19.4,S
2021-07-06T09:21:29,3100.0,19.4,S
2021-07-06T09:21:29,16100.0,19.4,S
2021-07-06T09:21:26,500.0,19.45,B
2021-07-06T09:21:23,2000.0,19.4,S
2021-07-06T09:21:20,2000.0,19.45,B
2021-07-06T09:21:12,200.0,19.45,B
2021-07-06T09:20:59,100.0,19.45,B
2021-07-06T09:20:58,200.0,19.4,S
2021-07-06T09:20:52,4200.0,19.4,S
2021-07-06T09:20:48,100.0,19.45,B
2021-07-06T09:20:47,400.0,19.4,S
2021-07-06T09:20:36,10600.0,19.5,B
2021-07-06T09:20:36,500.0,19.45,B
2021-07-06T09:20:36,8900.0,19.45,B
2021-07-06T09:20:31,200.0,19.45,B
2021-07-06T09:20:26,200.0,19.45,B
2021-07-06T09:20:20,300.0,19.4,S
2021-07-06T09:20:16,1500.0,19.4,S
2021-07-06T09:20:15,300.0,19.4,S
2021-07-06T09:20:15,500.0,19.4,S
2021-07-06T09:20:11,2000.0,19.4,S
2021-07-06T09:20:00,1000.0,19.4,S
2021-07-06T09:19:57,100.0,19.45,B
2021-07-06T09:19:57,500.0,19.4,S
2021-07-06T09:19:51,3000.0,19.4,S
2021-07-06T09:19:37,2000.0,19.4,S
2021-07-06T09:19:36,600.0,19.45,B
2021-07-06T09:19:24,5000.0,19.4,S
2021-07-06T09:19:18,100.0,19.45,B
2021-07-06T09:18:56,15000.0,19.5,B
2021-07-06T09:18:53,1000.0,19.45,B
2021-07-06T09:18:46,300.0,19.45,S
2021-07-06T09:18:42,3000.0,19.5,B
2021-07-06T09:18:35,100.0,19.45,S
2021-07-06T09:18:27,500.0,19.5,B
2021-07-06T09:18:27,100.0,19.45,S
2021-07-06T09:18:15,3400.0,19.5,S
2021-07-06T09:18:01,100.0,19.5,S
2021-07-06T09:17:55,100.0,19.5,S
2021-07-06T09:17:40,100.0,19.5,S
2021-07-06T09:17:21,400.0,19.35,S
2021-07-06T09:17:21,800.0,19.4,S
2021-07-06T09:17:21,900.0,19.4,S
2021-07-06T09:17:21,7900.0,19.4,S
2021-07-06T09:17:00,1300.0,19.5,S
2021-07-06T09:17:00,1200.0,19.5,S
2021-07-06T09:17:00,900.0,19.5,S
2021-07-06T09:16:58,4100.0,19.5,S
2021-07-06T09:16:58,3500.0,19.5,S
2021-07-06T09:16:55,2500.0,19.5,S
2021-07-06T09:16:52,14000.0,19.5,S
2021-07-06T09:16:38,400.0,19.5,S
2021-07-06T09:16:38,100.0,19.5,S
2021-07-06T09:16:26,10000.0,19.5,S
2021-07-06T09:16:11,2800.0,19.5,S
2021-07-06T09:16:07,500.0,19.6,S
2021-07-06T09:16:04,200.0,19.6,B
2021-07-06T09:16:04,300.0,19.6,B
2021-07-06T09:15:48,10000.0,19.5,S
2021-07-06T09:15:43,3400.0,19.5,S
2021-07-06T09:15:42,300.0,19.55,S
2021-07-06T09:15:31,4500.0,19.55,B
2021-07-06T09:15:29,1300.0,19.5,S
2021-07-06T09:15:18,100.0,19.5,S
2021-07-06T09:15:06,300.0,19.55,B
2021-07-06T09:15:05,200.0,19.5,S
