tradingTime,volume,price,side
2021-07-06T13:21:04,500.0,3.28,B
2021-07-06T13:21:04,7900.0,3.28,S
2021-07-06T13:19:42,100.0,3.28,S
2021-07-06T13:18:58,7100.0,3.28,B
2021-07-06T13:18:52,500.0,3.27,S
2021-07-06T13:18:44,600.0,3.28,B
2021-07-06T13:18:44,1000.0,3.28,B
2021-07-06T13:18:29,100.0,3.28,B
2021-07-06T13:17:44,600.0,3.27,S
2021-07-06T13:17:44,7400.0,3.27,S
2021-07-06T13:17:07,3000.0,3.27,S
2021-07-06T13:17:04,100.0,3.26,S
2021-07-06T13:16:53,1000.0,3.27,B
2021-07-06T13:16:37,600.0,3.27,S
2021-07-06T13:16:27,100.0,3.26,S
2021-07-06T13:16:22,100.0,3.28,B
2021-07-06T13:16:18,500.0,3.27,S
2021-07-06T13:15:52,100.0,3.27,S
2021-07-06T13:15:18,14400.0,3.27,S
2021-07-06T13:15:18,600.0,3.27,S
2021-07-06T13:15:18,13600.0,3.27,S
2021-07-06T13:15:18,1400.0,3.27,S
2021-07-06T13:15:18,6000.0,3.27,S
2021-07-06T13:15:18,3000.0,3.27,S
2021-07-06T13:15:18,3200.0,3.27,S
2021-07-06T13:15:09,5100.0,3.27,S
2021-07-06T13:15:09,12000.0,3.27,S
2021-07-06T13:15:09,1100.0,3.27,S
2021-07-06T13:15:09,3300.0,3.27,S
2021-07-06T13:15:09,13000.0,3.27,S
2021-07-06T13:15:09,100.0,3.27,S
2021-07-06T13:15:09,10400.0,3.27,S
2021-07-06T13:15:07,10000.0,3.27,S
2021-07-06T13:14:27,10000.0,3.27,S
2021-07-06T13:13:49,100.0,3.27,S
2021-07-06T13:13:08,14200.0,3.27,S
2021-07-06T13:13:08,5800.0,3.27,S
2021-07-06T13:13:01,500.0,3.28,B
2021-07-06T13:12:47,200.0,3.28,B
2021-07-06T13:12:16,1000.0,3.28,B
2021-07-06T13:12:07,100.0,3.27,S
2021-07-06T13:12:01,400.0,3.28,B
2021-07-06T13:11:58,300.0,3.27,S
2021-07-06T13:10:29,100.0,3.27,S
2021-07-06T13:10:29,300.0,3.28,B
2021-07-06T13:10:19,100.0,3.28,B
2021-07-06T13:09:32,100.0,3.27,S
2021-07-06T13:09:17,7400.0,3.28,S
2021-07-06T13:09:17,2700.0,3.28,S
2021-07-06T13:09:17,500.0,3.28,S
2021-07-06T13:09:17,3100.0,3.28,S
2021-07-06T13:09:10,6100.0,3.28,S
2021-07-06T13:09:10,100.0,3.28,S
2021-07-06T13:09:10,200.0,3.28,S
2021-07-06T13:09:10,1600.0,3.28,S
2021-07-06T13:09:05,5000.0,3.29,B
2021-07-06T13:08:47,1700.0,3.28,S
2021-07-06T13:08:41,1000.0,3.28,S
2021-07-06T13:08:34,5200.0,3.28,S
2021-07-06T13:08:34,18000.0,3.28,S
2021-07-06T13:08:34,26800.0,3.28,S
2021-07-06T13:08:24,100.0,3.28,S
2021-07-06T13:07:42,9200.0,3.29,B
2021-07-06T13:07:32,900.0,3.29,S
2021-07-06T13:07:32,1000.0,3.29,S
2021-07-06T13:07:32,8100.0,3.29,S
2021-07-06T13:07:25,3200.0,3.29,S
2021-07-06T13:07:25,800.0,3.29,S
2021-07-06T13:06:25,1000.0,3.3,B
2021-07-06T13:06:06,800.0,3.29,S
2021-07-06T13:05:52,100.0,3.3,B
2021-07-06T13:03:14,5000.0,3.3,B
2021-07-06T13:03:02,27000.0,3.3,B
2021-07-06T13:02:37,10000.0,3.3,B
2021-07-06T13:01:31,600.0,3.3,B
2021-07-06T13:01:25,1000.0,3.3,B
2021-07-06T13:00:39,900.0,3.3,B
2021-07-06T13:00:26,200.0,3.3,B
2021-07-06T13:00:24,100.0,3.3,B
2021-07-06T13:00:23,100.0,3.3,B
2021-07-06T13:00:16,300.0,3.3,B
2021-07-06T13:00:16,8000.0,3.3,B
2021-07-06T13:00:16,300.0,3.3,B
2021-07-06T13:00:12,1000.0,3.3,B
2021-07-06T13:00:10,19600.0,3.3,B
2021-07-06T13:00:10,100.0,3.3,B
2021-07-06T13:00:10,5600.0,3.3,S
2021-07-06T13:00:10,5000.0,3.31,B
2021-07-06T13:00:08,100.0,3.3,B
2021-07-06T13:00:07,200.0,3.3,S
2021-07-06T13:00:07,1700.0,3.3,S
2021-07-06T13:00:03,300.0,3.3,S
2021-07-06T13:00:02,300.0,3.3,B
2021-07-06T13:00:02,1600.0,3.3,B
2021-07-06T13:00:02,1700.0,3.3,B
2021-07-06T13:00:02,100.0,3.3,B
2021-07-06T11:29:45,400.0,3.3,B
2021-07-06T11:29:22,1000.0,3.3,B
2021-07-06T11:26:22,300.0,3.3,B
2021-07-06T11:26:07,2400.0,3.3,B
2021-07-06T11:25:42,1000.0,3.3,B
2021-07-06T11:25:25,1000.0,3.3,B
2021-07-06T11:24:45,500.0,3.3,B
2021-07-06T11:22:27,500.0,3.3,B
2021-07-06T11:22:23,600.0,3.29,S
2021-07-06T11:22:04,100.0,3.3,B
2021-07-06T11:21:28,1600.0,3.3,B
2021-07-06T11:19:29,200.0,3.3,B
2021-07-06T11:19:22,100.0,3.3,B
2021-07-06T11:18:58,1000.0,3.3,B
2021-07-06T11:18:38,200.0,3.3,B
2021-07-06T11:17:38,800.0,3.3,B
2021-07-06T11:17:08,100.0,3.3,B
2021-07-06T11:16:57,10000.0,3.3,B
2021-07-06T11:16:53,2000.0,3.3,B
2021-07-06T11:16:17,300.0,3.29,S
2021-07-06T11:15:33,200.0,3.3,B
2021-07-06T11:15:10,200.0,3.3,S
2021-07-06T11:15:07,100.0,3.3,S
2021-07-06T11:15:02,3200.0,3.3,B
2021-07-06T11:15:02,800.0,3.3,B
2021-07-06T11:14:56,7700.0,3.29,S
2021-07-06T11:14:54,4300.0,3.29,S
2021-07-06T11:14:45,1700.0,3.3,B
2021-07-06T11:13:24,100.0,3.29,S
2021-07-06T11:12:46,20000.0,3.3,B
2021-07-06T11:12:44,200.0,3.29,S
2021-07-06T11:12:41,2000.0,3.3,B
2021-07-06T11:12:28,3200.0,3.3,B
2021-07-06T11:12:28,21800.0,3.3,B
2021-07-06T11:12:28,100.0,3.3,B
2021-07-06T11:11:27,100.0,3.3,B
2021-07-06T11:11:03,3000.0,3.29,S
2021-07-06T11:10:12,300.0,3.3,B
2021-07-06T11:09:16,500.0,3.3,B
2021-07-06T11:09:04,200.0,3.3,B
2021-07-06T11:08:39,9800.0,3.3,B
2021-07-06T11:08:39,200.0,3.3,B
2021-07-06T11:08:28,500.0,3.3,B
2021-07-06T11:08:07,400.0,3.3,B
2021-07-06T11:07:38,100.0,3.3,B
2021-07-06T11:07:05,800.0,3.3,B
2021-07-06T11:06:43,200.0,3.3,B
2021-07-06T11:05:06,2000.0,3.3,B
2021-07-06T11:04:01,400.0,3.3,B
2021-07-06T11:03:27,1300.0,3.3,B
2021-07-06T11:02:45,200.0,3.29,S
2021-07-06T10:59:49,100.0,3.29,S
2021-07-06T10:59:35,1000.0,3.29,S
2021-07-06T10:55:54,1000.0,3.29,S
2021-07-06T10:55:28,1000.0,3.29,S
2021-07-06T10:55:28,2100.0,3.29,S
2021-07-06T10:55:11,3000.0,3.29,S
2021-07-06T10:54:54,60000.0,3.3,B
2021-07-06T10:54:42,14800.0,3.29,S
2021-07-06T10:54:42,5200.0,3.29,S
2021-07-06T10:53:56,100.0,3.29,S
2021-07-06T10:53:30,600.0,3.3,S
2021-07-06T10:53:08,100.0,3.3,S
2021-07-06T10:52:55,35000.0,3.31,B
2021-07-06T10:52:28,3600.0,3.29,S
2021-07-06T10:51:11,100.0,3.29,S
2021-07-06T10:50:47,2700.0,3.3,S
2021-07-06T10:49:22,100.0,3.3,S
2021-07-06T10:49:17,4600.0,3.3,B
2021-07-06T10:49:17,5900.0,3.3,B
2021-07-06T10:49:17,6000.0,3.3,B
2021-07-06T10:49:17,32900.0,3.3,B
2021-07-06T10:48:00,800.0,3.29,S
2021-07-06T10:47:48,2400.0,3.29,S
2021-07-06T10:47:14,2000.0,3.29,S
2021-07-06T10:46:08,10300.0,3.29,S
2021-07-06T10:45:52,500.0,3.28,S
2021-07-06T10:45:41,8300.0,3.29,B
2021-07-06T10:45:21,100.0,3.29,B
2021-07-06T10:45:20,200.0,3.29,B
2021-07-06T10:45:13,19900.0,3.29,S
2021-07-06T10:43:42,100.0,3.3,B
2021-07-06T10:43:14,200.0,3.29,S
2021-07-06T10:43:07,5000.0,3.3,B
2021-07-06T10:43:00,1000.0,3.29,S
2021-07-06T10:42:41,2000.0,3.29,S
2021-07-06T10:41:43,4200.0,3.29,B
2021-07-06T10:41:39,300.0,3.29,B
2021-07-06T10:41:35,500.0,3.29,B
2021-07-06T10:41:17,500.0,3.29,B
2021-07-06T10:41:13,1400.0,3.29,B
2021-07-06T10:40:31,5000.0,3.29,B
2021-07-06T10:40:16,6100.0,3.29,S
2021-07-06T10:39:57,2000.0,3.3,B
2021-07-06T10:39:51,1100.0,3.3,B
2021-07-06T10:39:38,8000.0,3.29,B
2021-07-06T10:39:29,12000.0,3.29,B
2021-07-06T10:38:41,600.0,3.28,B
2021-07-06T10:38:41,1900.0,3.28,B
2021-07-06T10:38:41,2000.0,3.28,B
2021-07-06T10:38:17,20000.0,3.28,B
2021-07-06T10:38:12,100.0,3.28,B
2021-07-06T10:38:04,8500.0,3.28,B
2021-07-06T10:37:57,500.0,3.28,B
2021-07-06T10:37:49,1200.0,3.27,S
2021-07-06T10:37:43,200.0,3.28,B
2021-07-06T10:37:38,200.0,3.28,B
2021-07-06T10:37:17,500.0,3.27,S
2021-07-06T10:36:58,1200.0,3.27,S
2021-07-06T10:35:42,100.0,3.27,S
2021-07-06T10:35:13,3000.0,3.27,S
2021-07-06T10:34:49,10000.0,3.27,S
2021-07-06T10:34:43,100.0,3.28,B
2021-07-06T10:33:38,1000.0,3.28,B
2021-07-06T10:33:18,4000.0,3.28,B
2021-07-06T10:33:13,3000.0,3.28,B
2021-07-06T10:33:09,200.0,3.28,B
2021-07-06T10:32:55,300.0,3.28,B
2021-07-06T10:32:28,200.0,3.28,B
2021-07-06T10:31:52,4600.0,3.27,S
2021-07-06T10:30:27,1000.0,3.27,S
2021-07-06T10:30:23,500.0,3.28,B
2021-07-06T10:30:16,11000.0,3.28,S
2021-07-06T10:30:16,14900.0,3.28,S
2021-07-06T10:30:16,1100.0,3.28,S
2021-07-06T10:30:16,600.0,3.28,S
2021-07-06T10:30:16,2700.0,3.28,S
2021-07-06T10:30:02,1200.0,3.29,S
2021-07-06T10:30:02,3600.0,3.29,S
2021-07-06T10:30:02,2400.0,3.29,S
2021-07-06T10:30:02,10400.0,3.29,S
2021-07-06T10:30:02,8300.0,3.29,S
2021-07-06T10:30:02,7400.0,3.29,S
2021-07-06T10:29:54,11500.0,3.29,S
2021-07-06T10:29:48,1000.0,3.29,S
2021-07-06T10:29:09,200.0,3.29,S
2021-07-06T10:28:36,2000.0,3.29,S
2021-07-06T10:27:54,200.0,3.29,S
2021-07-06T10:27:22,6900.0,3.29,S
2021-07-06T10:26:12,5000.0,3.29,S
2021-07-06T10:25:55,1000.0,3.3,B
2021-07-06T10:25:29,200.0,3.3,B
2021-07-06T10:25:07,1000.0,3.3,B
2021-07-06T10:25:05,100.0,3.3,B
2021-07-06T10:24:48,8500.0,3.3,B
2021-07-06T10:24:18,1000.0,3.3,B
2021-07-06T10:24:17,1500.0,3.29,S
2021-07-06T10:23:46,30300.0,3.3,S
2021-07-06T10:23:28,500.0,3.3,S
2021-07-06T10:22:26,2000.0,3.3,S
2021-07-06T10:22:23,100.0,3.3,S
2021-07-06T10:22:12,1000.0,3.3,S
2021-07-06T10:21:56,800.0,3.3,S
2021-07-06T10:21:44,10000.0,3.3,B
2021-07-06T10:20:52,100.0,3.29,S
2021-07-06T10:20:51,1700.0,3.29,S
2021-07-06T10:20:32,400.0,3.29,S
2021-07-06T10:20:23,700.0,3.29,S
2021-07-06T10:18:55,11400.0,3.29,B
2021-07-06T10:16:48,2100.0,3.28,S
2021-07-06T10:16:48,1000.0,3.28,S
2021-07-06T10:16:48,2000.0,3.28,S
2021-07-06T10:16:48,14900.0,3.28,S
2021-07-06T10:16:39,300.0,3.29,B
2021-07-06T10:16:18,2000.0,3.28,S
2021-07-06T10:16:10,2600.0,3.29,B
2021-07-06T10:15:19,100.0,3.29,B
2021-07-06T10:15:16,7700.0,3.29,S
2021-07-06T10:15:16,3000.0,3.29,S
2021-07-06T10:15:16,21100.0,3.29,S
2021-07-06T10:15:16,10900.0,3.29,S
2021-07-06T10:15:08,300.0,3.3,B
2021-07-06T10:13:56,6800.0,3.29,S
2021-07-06T10:13:56,200.0,3.29,S
2021-07-06T10:13:56,21100.0,3.29,S
2021-07-06T10:13:56,9400.0,3.3,S
2021-07-06T10:13:56,7400.0,3.3,S
2021-07-06T10:13:56,5100.0,3.3,S
2021-07-06T10:13:45,500.0,3.31,B
2021-07-06T10:13:39,200.0,3.31,B
2021-07-06T10:13:02,100.0,3.31,B
2021-07-06T10:13:01,100.0,3.3,S
2021-07-06T10:12:44,100.0,3.31,B
2021-07-06T10:12:28,4800.0,3.3,S
2021-07-06T10:12:28,1200.0,3.3,S
2021-07-06T10:12:11,100.0,3.31,B
2021-07-06T10:11:33,2000.0,3.31,B
2021-07-06T10:11:29,1000.0,3.31,S
2021-07-06T10:11:29,27000.0,3.31,S
2021-07-06T10:11:14,100.0,3.31,S
2021-07-06T10:11:09,4000.0,3.32,B
2021-07-06T10:10:59,200.0,3.33,B
2021-07-06T10:10:57,300.0,3.33,B
2021-07-06T10:10:30,2600.0,3.33,B
2021-07-06T10:09:48,6700.0,3.33,B
2021-07-06T10:09:47,2900.0,3.31,S
2021-07-06T10:09:35,1000.0,3.33,B
2021-07-06T10:09:10,2700.0,3.31,S
2021-07-06T10:08:55,200.0,3.32,B
2021-07-06T10:08:54,700.0,3.32,B
2021-07-06T10:08:41,200.0,3.32,B
2021-07-06T10:08:15,100.0,3.32,B
2021-07-06T10:08:06,24200.0,3.31,B
2021-07-06T10:07:50,100.0,3.31,B
2021-07-06T10:07:42,1000.0,3.31,B
2021-07-06T10:07:38,300.0,3.3,S
2021-07-06T10:07:37,300.0,3.31,B
2021-07-06T10:07:35,100.0,3.31,B
2021-07-06T10:07:04,1000.0,3.31,B
2021-07-06T10:06:58,1000.0,3.31,B
2021-07-06T10:06:46,1500.0,3.31,B
2021-07-06T10:06:38,1400.0,3.31,B
2021-07-06T10:06:11,100.0,3.31,B
2021-07-06T10:04:58,7600.0,3.29,B
2021-07-06T10:04:55,500.0,3.29,B
2021-07-06T10:04:47,2300.0,3.29,B
2021-07-06T10:04:25,500.0,3.29,B
2021-07-06T10:04:15,4000.0,3.28,S
2021-07-06T10:04:12,3600.0,3.29,B
2021-07-06T10:04:11,700.0,3.29,B
2021-07-06T10:04:06,300.0,3.29,B
2021-07-06T10:04:03,5000.0,3.29,B
2021-07-06T10:03:44,10000.0,3.29,B
2021-07-06T10:03:37,100.0,3.28,S
2021-07-06T10:03:33,2000.0,3.29,B
2021-07-06T10:03:13,100.0,3.29,B
2021-07-06T10:03:12,200.0,3.29,B
2021-07-06T10:03:05,200.0,3.29,B
2021-07-06T10:02:45,100.0,3.29,B
2021-07-06T10:02:31,10000.0,3.29,B
2021-07-06T10:02:14,100.0,3.29,B
2021-07-06T10:01:55,100.0,3.29,S
2021-07-06T10:01:55,2800.0,3.29,S
2021-07-06T10:01:55,9900.0,3.29,S
2021-07-06T10:01:55,14900.0,3.29,S
2021-07-06T10:01:55,500.0,3.3,S
2021-07-06T10:01:55,1400.0,3.3,S
2021-07-06T10:01:55,7000.0,3.3,S
2021-07-06T10:01:55,4000.0,3.3,S
2021-07-06T10:01:55,200.0,3.3,S
2021-07-06T10:01:55,900.0,3.3,S
2021-07-06T10:01:55,200.0,3.3,S
2021-07-06T10:01:55,4600.0,3.3,S
2021-07-06T10:01:32,200.0,3.32,B
2021-07-06T10:01:30,38700.0,3.32,B
2021-07-06T10:01:20,10000.0,3.34,B
2021-07-06T10:01:06,3900.0,3.32,S
2021-07-06T10:01:06,500.0,3.34,B
2021-07-06T10:00:58,5000.0,3.34,B
2021-07-06T10:00:51,87000.0,3.32,S
2021-07-06T10:00:51,1900.0,3.32,S
2021-07-06T10:00:51,11100.0,3.33,S
2021-07-06T10:00:45,500.0,3.33,S
2021-07-06T10:00:28,3000.0,3.33,S
2021-07-06T10:00:22,100.0,3.34,B
2021-07-06T10:00:19,100.0,3.34,B
2021-07-06T09:59:46,400.0,3.34,B
2021-07-06T09:59:24,900.0,3.34,B
2021-07-06T09:59:06,4000.0,3.34,B
2021-07-06T09:58:59,10000.0,3.34,B
2021-07-06T09:58:57,4000.0,3.34,B
2021-07-06T09:58:55,200.0,3.34,B
2021-07-06T09:58:55,1500.0,3.34,S
2021-07-06T09:58:47,5000.0,3.35,B
2021-07-06T09:58:40,800.0,3.34,S
2021-07-06T09:58:37,3000.0,3.35,B
2021-07-06T09:58:33,10000.0,3.34,S
2021-07-06T09:58:28,200.0,3.34,B
2021-07-06T09:58:25,1800.0,3.34,S
2021-07-06T09:58:19,500.0,3.35,B
2021-07-06T09:58:15,37600.0,3.35,S
2021-07-06T09:58:06,3300.0,3.35,S
2021-07-06T09:57:57,18300.0,3.35,B
2021-07-06T09:57:47,10000.0,3.34,S
2021-07-06T09:57:29,4500.0,3.34,B
2021-07-06T09:57:24,300.0,3.34,B
2021-07-06T09:57:21,4300.0,3.34,B
2021-07-06T09:57:14,3000.0,3.34,B
2021-07-06T09:57:13,10000.0,3.34,B
2021-07-06T09:57:13,500.0,3.34,B
2021-07-06T09:57:11,1000.0,3.34,B
2021-07-06T09:57:11,5000.0,3.34,B
2021-07-06T09:57:06,1000.0,3.34,B
2021-07-06T09:57:02,1000.0,3.34,B
2021-07-06T09:57:01,200.0,3.34,B
2021-07-06T09:56:50,100.0,3.33,S
2021-07-06T09:56:50,2000.0,3.33,S
2021-07-06T09:56:49,1000.0,3.34,B
2021-07-06T09:56:48,200.0,3.34,B
2021-07-06T09:56:44,3000.0,3.33,S
2021-07-06T09:56:43,500.0,3.34,B
2021-07-06T09:56:42,1900.0,3.33,B
2021-07-06T09:56:41,100.0,3.33,S
2021-07-06T09:56:41,1000.0,3.34,B
2021-07-06T09:56:31,2800.0,3.34,B
2021-07-06T09:56:31,2100.0,3.33,B
2021-07-06T09:56:31,5000.0,3.33,B
2021-07-06T09:56:31,100.0,3.33,B
2021-07-06T09:56:28,900.0,3.32,B
2021-07-06T09:56:26,100.0,3.32,B
2021-07-06T09:56:23,2000.0,3.31,S
2021-07-06T09:56:22,1000.0,3.32,B
2021-07-06T09:56:22,5000.0,3.32,B
2021-07-06T09:56:18,20000.0,3.32,B
2021-07-06T09:56:16,500.0,3.32,B
2021-07-06T09:56:10,2000.0,3.32,B
2021-07-06T09:56:06,50000.0,3.32,B
2021-07-06T09:56:03,100.0,3.32,B
2021-07-06T09:55:55,2000.0,3.31,S
2021-07-06T09:55:43,4700.0,3.31,S
2021-07-06T09:55:43,300.0,3.31,S
2021-07-06T09:55:41,1000.0,3.32,B
2021-07-06T09:55:19,500.0,3.3,S
2021-07-06T09:55:14,6000.0,3.32,B
2021-07-06T09:54:58,200.0,3.3,S
2021-07-06T09:54:52,5000.0,3.3,S
2021-07-06T09:54:42,11300.0,3.3,B
2021-07-06T09:54:39,1900.0,3.3,B
2021-07-06T09:54:25,400.0,3.3,B
2021-07-06T09:54:07,100.0,3.3,B
2021-07-06T09:54:04,10100.0,3.3,B
2021-07-06T09:54:04,2000.0,3.3,B
2021-07-06T09:54:04,16200.0,3.3,B
2021-07-06T09:53:57,1400.0,3.3,B
2021-07-06T09:53:57,2900.0,3.3,B
2021-07-06T09:53:57,4100.0,3.3,B
2021-07-06T09:53:57,11600.0,3.3,B
2021-07-06T09:53:56,1000.0,3.3,B
2021-07-06T09:53:54,4900.0,3.3,B
2021-07-06T09:53:54,100.0,3.3,B
2021-07-06T09:53:50,100.0,3.3,B
2021-07-06T09:53:40,400.0,3.3,B
2021-07-06T09:53:30,500.0,3.3,B
2021-07-06T09:53:13,1700.0,3.29,S
2021-07-06T09:53:11,1000.0,3.29,S
2021-07-06T09:52:47,300.0,3.29,S
2021-07-06T09:52:42,14200.0,3.29,B
2021-07-06T09:52:42,17900.0,3.29,B
2021-07-06T09:52:37,900.0,3.29,B
2021-07-06T09:52:12,500.0,3.29,B
2021-07-06T09:52:12,100.0,3.29,B
2021-07-06T09:51:41,500.0,3.28,B
2021-07-06T09:51:35,1000.0,3.28,B
2021-07-06T09:51:32,500.0,3.28,B
2021-07-06T09:51:23,8700.0,3.28,B
2021-07-06T09:51:10,4900.0,3.28,B
2021-07-06T09:50:45,500.0,3.28,B
2021-07-06T09:50:40,9600.0,3.28,B
2021-07-06T09:50:23,1000.0,3.27,S
2021-07-06T09:50:17,1100.0,3.28,B
2021-07-06T09:50:16,200.0,3.28,B
2021-07-06T09:50:14,200.0,3.28,B
2021-07-06T09:50:01,300.0,3.28,B
2021-07-06T09:49:39,1000.0,3.28,B
2021-07-06T09:49:06,4700.0,3.28,B
2021-07-06T09:49:05,4100.0,3.28,B
2021-07-06T09:48:49,5000.0,3.28,B
2021-07-06T09:48:28,3000.0,3.28,B
2021-07-06T09:48:19,4600.0,3.28,B
2021-07-06T09:47:48,36000.0,3.28,B
2021-07-06T09:47:31,100.0,3.28,B
2021-07-06T09:47:25,1000.0,3.27,S
2021-07-06T09:46:31,900.0,3.27,S
2021-07-06T09:46:27,500.0,3.28,B
2021-07-06T09:45:54,2000.0,3.27,S
2021-07-06T09:45:51,200.0,3.28,B
2021-07-06T09:45:38,100.0,3.27,S
2021-07-06T09:45:08,500.0,3.28,B
2021-07-06T09:44:42,2000.0,3.27,S
2021-07-06T09:44:40,2000.0,3.28,B
2021-07-06T09:44:32,100.0,3.28,B
2021-07-06T09:44:30,1000.0,3.27,S
2021-07-06T09:43:46,100.0,3.27,S
2021-07-06T09:43:44,400.0,3.28,B
2021-07-06T09:43:40,500.0,3.28,B
2021-07-06T09:43:18,1900.0,3.28,B
2021-07-06T09:43:18,2100.0,3.28,B
2021-07-06T09:42:33,500.0,3.28,B
2021-07-06T09:42:24,500.0,3.27,S
2021-07-06T09:42:18,1100.0,3.27,B
2021-07-06T09:41:51,900.0,3.26,S
2021-07-06T09:41:40,1500.0,3.27,B
2021-07-06T09:41:26,800.0,3.27,B
2021-07-06T09:41:26,8500.0,3.27,B
2021-07-06T09:41:26,900.0,3.27,B
2021-07-06T09:41:06,100.0,3.27,B
2021-07-06T09:40:54,1000.0,3.27,B
2021-07-06T09:40:26,1900.0,3.26,S
2021-07-06T09:40:11,100.0,3.26,S
2021-07-06T09:39:57,100.0,3.26,S
2021-07-06T09:39:55,200.0,3.26,S
2021-07-06T09:39:50,2000.0,3.26,B
2021-07-06T09:39:40,1900.0,3.25,S
2021-07-06T09:39:14,3600.0,3.24,S
2021-07-06T09:39:14,16700.0,3.24,S
2021-07-06T09:39:13,800.0,3.26,B
2021-07-06T09:39:13,1000.0,3.26,B
2021-07-06T09:39:13,5200.0,3.26,B
2021-07-06T09:39:07,100.0,3.25,S
2021-07-06T09:39:00,200.0,3.25,S
2021-07-06T09:38:53,100.0,3.25,S
2021-07-06T09:38:47,1100.0,3.25,S
2021-07-06T09:38:41,50000.0,3.26,B
2021-07-06T09:38:19,200.0,3.25,S
2021-07-06T09:38:19,300.0,3.25,S
2021-07-06T09:38:11,3300.0,3.25,B
2021-07-06T09:38:09,1200.0,3.24,S
2021-07-06T09:38:08,5300.0,3.25,B
2021-07-06T09:37:41,600.0,3.25,B
2021-07-06T09:37:37,500.0,3.25,B
2021-07-06T09:37:28,300.0,3.25,B
2021-07-06T09:37:21,100.0,3.25,B
2021-07-06T09:37:15,1000.0,3.25,B
2021-07-06T09:37:15,200.0,3.24,S
2021-07-06T09:37:12,1000.0,3.25,B
2021-07-06T09:36:58,700.0,3.25,B
2021-07-06T09:36:57,1200.0,3.25,B
2021-07-06T09:36:44,800.0,3.25,S
2021-07-06T09:36:35,1200.0,3.25,B
2021-07-06T09:36:25,100.0,3.25,B
2021-07-06T09:36:24,200.0,3.25,B
2021-07-06T09:36:12,1000.0,3.25,B
2021-07-06T09:35:57,5000.0,3.24,S
2021-07-06T09:35:55,5000.0,3.24,S
2021-07-06T09:35:49,200.0,3.25,B
2021-07-06T09:35:40,200.0,3.25,B
2021-07-06T09:35:32,1000.0,3.25,B
2021-07-06T09:35:24,3000.0,3.24,S
2021-07-06T09:35:23,10000.0,3.25,B
2021-07-06T09:35:18,1000.0,3.25,B
2021-07-06T09:35:12,2000.0,3.25,B
2021-07-06T09:35:08,500.0,3.24,S
2021-07-06T09:35:08,300.0,3.25,B
2021-07-06T09:35:00,100.0,3.25,B
2021-07-06T09:34:58,100.0,3.25,B
2021-07-06T09:34:48,1000.0,3.25,B
2021-07-06T09:34:36,1000.0,3.25,B
2021-07-06T09:34:33,700.0,3.25,B
2021-07-06T09:34:07,4600.0,3.25,B
2021-07-06T09:33:58,100.0,3.25,B
2021-07-06T09:33:52,18000.0,3.25,B
2021-07-06T09:33:33,800.0,3.25,B
2021-07-06T09:33:23,2900.0,3.25,S
2021-07-06T09:33:04,2000.0,3.25,S
2021-07-06T09:33:03,300.0,3.26,B
2021-07-06T09:32:52,3000.0,3.25,S
2021-07-06T09:32:46,10000.0,3.25,S
2021-07-06T09:32:38,200.0,3.25,S
2021-07-06T09:32:31,1000.0,3.25,S
2021-07-06T09:32:17,1000.0,3.25,S
2021-07-06T09:32:12,2000.0,3.25,S
2021-07-06T09:32:12,10000.0,3.25,S
2021-07-06T09:32:00,1300.0,3.25,S
2021-07-06T09:31:51,200.0,3.25,S
2021-07-06T09:31:47,100.0,3.25,B
2021-07-06T09:31:47,1900.0,3.25,B
2021-07-06T09:31:47,7600.0,3.25,B
2021-07-06T09:31:46,7500.0,3.25,B
2021-07-06T09:31:46,900.0,3.25,B
2021-07-06T09:31:46,1600.0,3.25,B
2021-07-06T09:31:26,200.0,3.25,B
2021-07-06T09:31:20,1000.0,3.25,B
2021-07-06T09:31:14,1000.0,3.25,B
2021-07-06T09:31:14,9000.0,3.25,B
2021-07-06T09:31:12,1000.0,3.25,B
2021-07-06T09:31:02,500.0,3.25,B
2021-07-06T09:30:44,1000.0,3.25,B
2021-07-06T09:30:38,1000.0,3.25,B
2021-07-06T09:30:31,100.0,3.24,S
2021-07-06T09:30:30,10000.0,3.24,S
2021-07-06T09:30:10,33200.0,3.25,B
2021-07-06T09:30:10,4600.0,3.25,B
2021-07-06T09:30:10,12200.0,3.25,B
2021-07-06T09:30:07,100.0,3.24,S
2021-07-06T09:29:53,15000.0,3.25,B
2021-07-06T09:29:51,7000.0,3.25,B
2021-07-06T09:29:40,1500.0,3.24,S
2021-07-06T09:29:35,100.0,3.25,B
2021-07-06T09:28:51,200.0,3.25,B
2021-07-06T09:28:43,2000.0,3.25,S
2021-07-06T09:28:43,11500.0,3.25,S
2021-07-06T09:28:11,300.0,3.26,B
2021-07-06T09:28:10,100.0,3.26,B
2021-07-06T09:28:07,10000.0,3.25,S
2021-07-06T09:27:55,700.0,3.25,S
2021-07-06T09:27:55,1500.0,3.25,S
2021-07-06T09:27:41,400.0,3.26,B
2021-07-06T09:27:26,300.0,3.26,B
2021-07-06T09:27:13,100.0,3.26,B
2021-07-06T09:27:05,100.0,3.26,B
2021-07-06T09:27:04,200.0,3.26,B
2021-07-06T09:27:00,1800.0,3.25,S
2021-07-06T09:26:11,5000.0,3.26,B
2021-07-06T09:26:09,4700.0,3.26,S
2021-07-06T09:25:47,1000.0,3.27,B
2021-07-06T09:25:43,5800.0,3.26,B
2021-07-06T09:25:41,38300.0,3.25,S
2021-07-06T09:25:41,3200.0,3.25,S
2021-07-06T09:25:41,1000.0,3.25,S
2021-07-06T09:25:41,3600.0,3.25,S
2021-07-06T09:25:40,100.0,3.26,B
2021-07-06T09:25:24,600.0,3.26,S
2021-07-06T09:24:47,2000.0,3.26,S
2021-07-06T09:24:35,200.0,3.26,B
2021-07-06T09:24:20,500.0,3.26,B
2021-07-06T09:24:15,1000.0,3.26,B
2021-07-06T09:24:09,500.0,3.25,S
2021-07-06T09:23:55,2000.0,3.25,S
2021-07-06T09:23:37,11000.0,3.25,S
2021-07-06T09:23:34,500.0,3.26,B
2021-07-06T09:23:24,2000.0,3.26,B
2021-07-06T09:22:39,16000.0,3.26,S
2021-07-06T09:22:20,1000.0,3.27,B
2021-07-06T09:22:19,200.0,3.27,B
2021-07-06T09:22:19,7600.0,3.27,S
2021-07-06T09:22:15,800.0,3.28,B
2021-07-06T09:22:08,500.0,3.28,B
2021-07-06T09:21:53,18000.0,3.27,S
2021-07-06T09:21:53,2000.0,3.27,S
2021-07-06T09:21:49,2900.0,3.28,B
2021-07-06T09:21:40,100.0,3.28,B
2021-07-06T09:21:37,2600.0,3.28,B
2021-07-06T09:21:28,100.0,3.28,B
2021-07-06T09:21:26,1000.0,3.28,B
2021-07-06T09:21:21,200.0,3.28,B
2021-07-06T09:21:07,300.0,3.28,B
2021-07-06T09:20:51,200.0,3.27,S
2021-07-06T09:20:42,100.0,3.28,B
2021-07-06T09:20:25,10000.0,3.25,S
2021-07-06T09:19:58,100.0,3.27,S
2021-07-06T09:19:46,100.0,3.28,B
2021-07-06T09:19:03,1100.0,3.28,B
2021-07-06T09:19:03,1000.0,3.28,B
2021-07-06T09:19:03,1900.0,3.28,B
2021-07-06T09:18:58,4700.0,3.25,S
2021-07-06T09:18:58,15300.0,3.25,S
2021-07-06T09:18:33,5000.0,3.27,S
2021-07-06T09:18:31,300.0,3.28,B
2021-07-06T09:18:10,300.0,3.28,B
2021-07-06T09:18:08,700.0,3.28,B
2021-07-06T09:18:01,100.0,3.28,B
2021-07-06T09:17:42,1000.0,3.28,B
2021-07-06T09:17:36,200.0,3.28,B
2021-07-06T09:17:33,20000.0,3.28,B
2021-07-06T09:17:10,5400.0,3.28,B
2021-07-06T09:17:08,1000.0,3.28,B
2021-07-06T09:17:07,5000.0,3.28,B
2021-07-06T09:16:53,700.0,3.28,B
2021-07-06T09:16:49,100.0,3.28,B
2021-07-06T09:16:31,600.0,3.28,B
2021-07-06T09:16:26,5000.0,3.28,B
2021-07-06T09:16:25,100.0,3.27,S
2021-07-06T09:16:19,100.0,3.27,S
2021-07-06T09:15:52,200.0,3.29,B
2021-07-06T09:15:51,100.0,3.27,S
2021-07-06T09:15:17,600.0,3.27,B
2021-07-06T09:15:12,300.0,3.27,B
2021-07-06T09:15:06,2100.0,3.27,S
2021-07-06T09:15:06,2000.0,3.27,S
2021-07-06T09:15:05,3000.0,3.27,S
