tradingTime,volume,price,side
2021-07-06T13:21:12,600.0,22.5,S
2021-07-06T13:21:11,1400.0,22.5,S
2021-07-06T13:21:04,300.0,22.5,S
2021-07-06T13:20:52,3000.0,22.5,S
2021-07-06T13:20:50,500.0,22.55,B
2021-07-06T13:20:47,400.0,22.5,S
2021-07-06T13:20:46,1300.0,22.5,S
2021-07-06T13:20:39,100.0,22.55,B
2021-07-06T13:20:22,1500.0,22.55,B
2021-07-06T13:20:21,300.0,22.5,S
2021-07-06T13:20:20,1500.0,22.5,S
2021-07-06T13:20:17,10000.0,22.5,S
2021-07-06T13:20:01,10900.0,22.5,S
2021-07-06T13:19:56,100.0,22.5,S
2021-07-06T13:19:56,400.0,22.5,S
2021-07-06T13:19:54,1400.0,22.5,S
2021-07-06T13:19:52,500.0,22.5,S
2021-07-06T13:19:46,1500.0,22.5,S
2021-07-06T13:19:34,500.0,22.5,S
2021-07-06T13:19:30,300.0,22.5,S
2021-07-06T13:19:30,1500.0,22.5,S
2021-07-06T13:19:28,1400.0,22.55,B
2021-07-06T13:19:24,3300.0,22.5,S
2021-07-06T13:19:03,400.0,22.5,S
2021-07-06T13:19:03,200.0,22.5,S
2021-07-06T13:19:03,1400.0,22.5,S
2021-07-06T13:18:59,500.0,22.55,B
2021-07-06T13:18:54,100.0,22.55,B
2021-07-06T13:18:52,100.0,22.5,S
2021-07-06T13:18:37,1700.0,22.5,S
2021-07-06T13:18:33,1500.0,22.55,B
2021-07-06T13:18:19,400.0,22.5,S
2021-07-06T13:18:16,3400.0,22.5,S
2021-07-06T13:18:13,400.0,22.5,S
2021-07-06T13:18:13,1400.0,22.5,S
2021-07-06T13:17:48,500.0,22.5,S
2021-07-06T13:17:48,1400.0,22.5,S
2021-07-06T13:17:39,1400.0,22.55,B
2021-07-06T13:17:34,5000.0,22.55,B
2021-07-06T13:17:28,200.0,22.55,B
2021-07-06T13:17:23,1700.0,22.5,S
2021-07-06T13:17:22,100.0,22.5,S
2021-07-06T13:17:21,1000.0,22.55,B
2021-07-06T13:17:11,1000.0,22.55,B
2021-07-06T13:17:02,700.0,22.55,B
2021-07-06T13:16:57,100.0,22.5,S
2021-07-06T13:16:57,400.0,22.5,S
2021-07-06T13:16:57,1400.0,22.5,S
2021-07-06T13:16:49,100.0,22.55,B
2021-07-06T13:16:46,100.0,22.5,S
2021-07-06T13:16:46,200.0,22.55,B
2021-07-06T13:16:44,1500.0,22.55,B
2021-07-06T13:16:34,1000.0,22.55,B
2021-07-06T13:16:32,1300.0,22.5,S
2021-07-06T13:16:31,500.0,22.5,S
2021-07-06T13:16:29,9000.0,22.55,B
2021-07-06T13:16:12,100.0,22.55,B
2021-07-06T13:16:08,100.0,22.5,S
2021-07-06T13:16:08,300.0,22.5,S
2021-07-06T13:16:05,100.0,22.55,B
2021-07-06T13:16:05,1400.0,22.5,S
2021-07-06T13:15:49,1400.0,22.6,B
2021-07-06T13:15:46,2400.0,22.5,S
2021-07-06T13:15:46,5700.0,22.5,S
2021-07-06T13:15:46,900.0,22.5,S
2021-07-06T13:15:41,200.0,22.5,S
2021-07-06T13:15:41,200.0,22.5,S
2021-07-06T13:15:41,1400.0,22.5,S
2021-07-06T13:15:41,100.0,22.5,S
2021-07-06T13:15:29,10000.0,22.5,S
2021-07-06T13:15:18,5500.0,22.6,B
2021-07-06T13:15:18,500.0,22.55,B
2021-07-06T13:15:16,300.0,22.5,S
2021-07-06T13:15:16,100.0,22.5,S
2021-07-06T13:15:15,1400.0,22.5,S
2021-07-06T13:14:54,1400.0,22.6,B
2021-07-06T13:14:51,500.0,22.5,S
2021-07-06T13:14:50,4800.0,22.5,S
2021-07-06T13:14:35,1000.0,22.5,S
2021-07-06T13:14:30,200.0,22.5,S
2021-07-06T13:14:25,500.0,22.5,S
2021-07-06T13:14:23,1300.0,22.5,S
2021-07-06T13:14:22,100.0,22.6,B
2021-07-06T13:14:12,100.0,22.6,B
2021-07-06T13:14:03,500.0,22.6,B
2021-07-06T13:14:00,1500.0,22.6,B
2021-07-06T13:14:00,300.0,22.5,S
2021-07-06T13:14:00,100.0,22.5,S
2021-07-06T13:13:59,1400.0,22.5,S
2021-07-06T13:13:36,100.0,22.6,B
2021-07-06T13:13:34,1400.0,22.5,S
2021-07-06T13:13:34,500.0,22.5,S
2021-07-06T13:13:09,300.0,22.5,S
2021-07-06T13:13:08,100.0,22.5,S
2021-07-06T13:13:07,1400.0,22.5,S
2021-07-06T13:13:07,100.0,22.6,B
2021-07-06T13:13:05,1400.0,22.6,B
2021-07-06T13:13:01,2100.0,22.6,B
2021-07-06T13:13:01,11500.0,22.6,B
2021-07-06T13:13:01,13100.0,22.6,B
2021-07-06T13:13:01,23300.0,22.6,B
2021-07-06T13:12:42,1800.0,22.45,S
2021-07-06T13:12:42,100.0,22.45,S
2021-07-06T13:12:34,3000.0,22.45,S
2021-07-06T13:12:31,3300.0,22.45,S
2021-07-06T13:12:19,2500.0,22.45,S
2021-07-06T13:12:18,500.0,22.55,B
2021-07-06T13:12:18,300.0,22.45,S
2021-07-06T13:12:18,100.0,22.45,S
2021-07-06T13:12:17,1300.0,22.45,S
2021-07-06T13:12:16,3500.0,22.55,B
2021-07-06T13:12:16,18100.0,22.55,B
2021-07-06T13:12:16,13600.0,22.55,B
2021-07-06T13:12:16,100.0,22.5,B
2021-07-06T13:12:16,4900.0,22.5,B
2021-07-06T13:12:16,5800.0,22.5,B
2021-07-06T13:12:16,4000.0,22.5,B
2021-07-06T13:12:10,1500.0,22.5,B
2021-07-06T13:12:07,2000.0,22.45,S
2021-07-06T13:11:52,1700.0,22.45,S
2021-07-06T13:11:50,200.0,22.45,S
2021-07-06T13:11:39,4500.0,22.5,B
2021-07-06T13:11:39,5500.0,22.5,B
2021-07-06T13:11:29,200.0,22.45,S
2021-07-06T13:11:26,500.0,22.45,S
2021-07-06T13:11:25,1400.0,22.45,S
2021-07-06T13:11:18,1400.0,22.5,B
2021-07-06T13:11:15,900.0,22.45,S
2021-07-06T13:11:11,500.0,22.45,S
2021-07-06T13:11:02,800.0,22.45,S
2021-07-06T13:11:01,400.0,22.45,S
2021-07-06T13:11:01,600.0,22.45,S
2021-07-06T13:11:00,1400.0,22.45,S
2021-07-06T13:10:36,1300.0,22.45,S
2021-07-06T13:10:35,500.0,22.45,S
2021-07-06T13:10:31,100.0,22.5,S
2021-07-06T13:10:31,1900.0,22.5,S
2021-07-06T13:10:30,100.0,22.5,S
2021-07-06T13:10:29,10000.0,22.5,S
2021-07-06T13:10:24,1000.0,22.5,S
2021-07-06T13:10:24,5000.0,22.5,S
2021-07-06T13:10:21,1500.0,22.55,B
2021-07-06T13:10:19,10000.0,22.5,S
2021-07-06T13:10:15,200.0,22.5,S
2021-07-06T13:10:12,3300.0,22.5,S
2021-07-06T13:10:10,300.0,22.5,S
2021-07-06T13:10:10,100.0,22.5,S
2021-07-06T13:10:10,1400.0,22.5,S
2021-07-06T13:10:08,5000.0,22.5,S
2021-07-06T13:10:07,100.0,22.5,S
2021-07-06T13:10:01,1000.0,22.5,S
2021-07-06T13:09:45,1400.0,22.5,S
2021-07-06T13:09:44,500.0,22.5,S
2021-07-06T13:09:44,16700.0,22.5,S
2021-07-06T13:09:44,500.0,22.5,S
2021-07-06T13:09:44,400.0,22.5,S
2021-07-06T13:09:44,600.0,22.5,S
2021-07-06T13:09:44,400.0,22.5,S
2021-07-06T13:09:44,1700.0,22.5,S
2021-07-06T13:09:44,100.0,22.5,S
2021-07-06T13:09:44,400.0,22.5,S
2021-07-06T13:09:44,2100.0,22.5,S
2021-07-06T13:09:44,500.0,22.5,S
2021-07-06T13:09:44,1000.0,22.5,S
2021-07-06T13:09:44,200.0,22.5,S
2021-07-06T13:09:44,200.0,22.5,S
2021-07-06T13:09:44,800.0,22.5,S
2021-07-06T13:09:44,3200.0,22.5,S
2021-07-06T13:09:44,100.0,22.5,S
2021-07-06T13:09:44,1100.0,22.5,S
2021-07-06T13:09:42,1000.0,22.5,S
2021-07-06T13:09:40,200.0,22.6,B
2021-07-06T13:09:40,16900.0,22.55,B
2021-07-06T13:09:40,1200.0,22.55,B
2021-07-06T13:09:40,1700.0,22.55,B
2021-07-06T13:09:40,2000.0,22.5,S
2021-07-06T13:09:35,1700.0,22.5,S
2021-07-06T13:09:33,3000.0,22.55,B
2021-07-06T13:09:29,100.0,22.5,S
2021-07-06T13:09:27,1400.0,22.55,B
2021-07-06T13:09:20,400.0,22.5,S
2021-07-06T13:09:20,100.0,22.5,S
2021-07-06T13:09:19,1400.0,22.5,S
2021-07-06T13:09:13,1000.0,22.5,S
2021-07-06T13:09:03,3300.0,22.5,S
2021-07-06T13:09:02,100000.0,22.5,S
2021-07-06T13:08:58,1000.0,22.55,B
2021-07-06T13:08:54,1500.0,22.5,S
2021-07-06T13:08:54,300.0,22.5,S
2021-07-06T13:08:36,2900.0,22.55,S
2021-07-06T13:08:36,1000.0,22.55,S
2021-07-06T13:08:32,19100.0,22.55,S
2021-07-06T13:08:32,900.0,22.55,S
2021-07-06T13:08:31,1400.0,22.6,B
2021-07-06T13:08:29,100.0,22.55,S
2021-07-06T13:08:28,400.0,22.55,S
2021-07-06T13:08:27,1300.0,22.55,S
2021-07-06T13:08:17,2400.0,22.55,S
2021-07-06T13:08:17,100.0,22.55,S
2021-07-06T13:08:16,7500.0,22.55,S
2021-07-06T13:08:14,200.0,22.55,S
2021-07-06T13:08:04,400.0,22.55,S
2021-07-06T13:08:02,1400.0,22.55,S
2021-07-06T13:07:57,100.0,22.6,B
2021-07-06T13:07:56,200.0,22.6,S
2021-07-06T13:07:56,1000.0,22.6,S
2021-07-06T13:07:56,500.0,22.6,S
2021-07-06T13:07:56,2000.0,22.6,S
2021-07-06T13:07:56,700.0,22.6,S
2021-07-06T13:07:56,1600.0,22.6,S
2021-07-06T13:07:56,2100.0,22.6,S
2021-07-06T13:07:56,100.0,22.6,S
2021-07-06T13:07:54,900.0,22.6,S
2021-07-06T13:07:54,2500.0,22.6,S
2021-07-06T13:07:47,9000.0,22.6,S
2021-07-06T13:07:43,1000.0,22.6,S
2021-07-06T13:07:38,1500.0,22.65,B
2021-07-06T13:07:38,1800.0,22.6,S
2021-07-06T13:07:23,1000.0,22.6,S
2021-07-06T13:07:23,2200.0,22.6,S
2021-07-06T13:07:22,1600.0,22.6,S
2021-07-06T13:07:13,400.0,22.6,S
2021-07-06T13:07:13,200.0,22.6,S
2021-07-06T13:07:12,1400.0,22.6,S
2021-07-06T13:07:02,7900.0,22.6,S
2021-07-06T13:06:55,10000.0,22.6,S
2021-07-06T13:06:54,500.0,22.6,S
2021-07-06T13:06:48,100.0,22.6,S
2021-07-06T13:06:47,1800.0,22.6,S
2021-07-06T13:06:47,700.0,22.6,S
2021-07-06T13:06:44,1400.0,22.65,B
2021-07-06T13:06:33,1000.0,22.6,S
2021-07-06T13:06:26,2000.0,22.6,S
2021-07-06T13:06:22,800.0,22.6,S
2021-07-06T13:06:22,100.0,22.6,S
2021-07-06T13:06:21,1300.0,22.6,S
2021-07-06T13:06:15,200.0,22.65,B
2021-07-06T13:06:02,200.0,22.6,S
2021-07-06T13:06:00,2000.0,22.6,S
2021-07-06T13:05:56,1500.0,22.6,S
2021-07-06T13:05:56,300.0,22.6,S
2021-07-06T13:05:54,100.0,22.6,S
2021-07-06T13:05:48,1500.0,22.65,B
2021-07-06T13:05:35,3300.0,22.6,S
2021-07-06T13:05:32,100.0,22.6,S
2021-07-06T13:05:30,300.0,22.6,S
2021-07-06T13:05:30,100.0,22.6,S
2021-07-06T13:05:30,2400.0,22.6,S
2021-07-06T13:05:04,1800.0,22.6,S
2021-07-06T13:05:04,200.0,22.65,S
2021-07-06T13:05:01,100.0,22.65,B
2021-07-06T13:05:00,100.0,22.7,B
2021-07-06T13:04:56,500.0,22.6,S
2021-07-06T13:04:54,1000.0,22.6,S
2021-07-06T13:04:54,1400.0,22.7,B
2021-07-06T13:04:51,10000.0,22.65,B
2021-07-06T13:04:39,300.0,22.6,S
2021-07-06T13:04:39,100.0,22.6,S
2021-07-06T13:04:39,1400.0,22.6,S
2021-07-06T13:04:26,3400.0,22.6,S
2021-07-06T13:04:14,500.0,22.6,S
2021-07-06T13:04:14,1300.0,22.6,S
2021-07-06T13:03:59,1400.0,22.7,B
2021-07-06T13:03:52,9000.0,22.6,S
2021-07-06T13:03:51,5500.0,22.6,B
2021-07-06T13:03:49,300.0,22.55,S
2021-07-06T13:03:48,1500.0,22.55,S
2021-07-06T13:03:47,200.0,22.6,B
2021-07-06T13:03:42,200.0,22.6,B
2021-07-06T13:03:27,400.0,22.6,S
2021-07-06T13:03:27,4700.0,22.6,S
2021-07-06T13:03:25,500.0,22.6,S
2021-07-06T13:03:23,400.0,22.7,B
2021-07-06T13:03:23,100.0,22.6,S
2021-07-06T13:03:23,300.0,22.6,S
2021-07-06T13:03:22,1400.0,22.6,S
2021-07-06T13:03:17,3300.0,22.6,S
2021-07-06T13:03:05,400.0,22.6,S
2021-07-06T13:03:03,1500.0,22.7,B
2021-07-06T13:02:57,2000.0,22.6,S
2021-07-06T13:02:42,200.0,22.65,B
2021-07-06T13:02:39,200.0,22.6,S
2021-07-06T13:02:33,400.0,22.6,S
2021-07-06T13:02:32,100.0,22.6,S
2021-07-06T13:02:32,1300.0,22.6,S
2021-07-06T13:02:17,100.0,22.6,S
2021-07-06T13:02:15,3500.0,22.6,S
2021-07-06T13:02:15,1700.0,22.6,S
2021-07-06T13:02:15,100.0,22.6,S
2021-07-06T13:02:15,2500.0,22.6,S
2021-07-06T13:02:15,2200.0,22.6,S
2021-07-06T13:02:12,300.0,22.65,B
2021-07-06T13:02:09,7000.0,22.6,S
2021-07-06T13:02:09,1400.0,22.65,B
2021-07-06T13:02:08,3300.0,22.6,S
2021-07-06T13:02:07,1000.0,22.6,S
2021-07-06T13:02:06,1800.0,22.6,S
2021-07-06T13:01:59,100.0,22.6,S
2021-07-06T13:01:42,400.0,22.6,S
2021-07-06T13:01:40,1400.0,22.6,S
2021-07-06T13:01:35,10000.0,22.6,S
2021-07-06T13:01:30,1500.0,22.6,S
2021-07-06T13:01:17,400.0,22.6,S
2021-07-06T13:01:15,1400.0,22.6,S
2021-07-06T13:01:14,1200.0,22.65,B
2021-07-06T13:01:14,300.0,22.65,B
2021-07-06T13:00:59,3400.0,22.6,S
2021-07-06T13:00:54,1000.0,22.6,S
2021-07-06T13:00:50,1400.0,22.6,S
2021-07-06T13:00:50,500.0,22.6,S
2021-07-06T13:00:50,500.0,22.65,B
2021-07-06T13:00:49,300.0,22.6,S
2021-07-06T13:00:42,500.0,22.6,S
2021-07-06T13:00:42,100.0,22.6,S
2021-07-06T13:00:26,200.0,22.65,B
2021-07-06T13:00:26,600.0,22.65,B
2021-07-06T13:00:26,300.0,22.6,S
2021-07-06T13:00:25,200.0,22.6,S
2021-07-06T13:00:25,1300.0,22.6,S
2021-07-06T13:00:24,2100.0,22.6,S
2021-07-06T13:00:24,5100.0,22.6,S
2021-07-06T13:00:24,800.0,22.6,S
2021-07-06T13:00:24,100.0,22.6,S
2021-07-06T13:00:24,2200.0,22.6,S
2021-07-06T13:00:24,300.0,22.6,S
2021-07-06T13:00:24,2000.0,22.6,S
2021-07-06T13:00:24,700.0,22.6,S
2021-07-06T13:00:24,400.0,22.6,S
2021-07-06T13:00:24,900.0,22.6,S
2021-07-06T13:00:24,400.0,22.6,S
2021-07-06T13:00:20,100.0,22.6,S
2021-07-06T13:00:20,1400.0,22.65,B
2021-07-06T13:00:18,200.0,22.6,S
2021-07-06T13:00:16,200.0,22.65,B
2021-07-06T13:00:16,500.0,22.6,S
2021-07-06T13:00:16,500.0,22.6,S
2021-07-06T13:00:15,200.0,22.6,S
2021-07-06T13:00:15,300.0,22.65,B
2021-07-06T13:00:15,200.0,22.6,S
2021-07-06T13:00:12,500.0,22.6,S
2021-07-06T13:00:12,500.0,22.6,S
2021-07-06T13:00:12,100.0,22.6,S
2021-07-06T13:00:10,1000.0,22.6,S
2021-07-06T13:00:10,100.0,22.6,S
2021-07-06T13:00:08,400.0,22.6,S
2021-07-06T13:00:08,500.0,22.65,B
2021-07-06T13:00:08,3500.0,22.6,S
2021-07-06T13:00:07,10000.0,22.6,S
2021-07-06T13:00:07,200.0,22.65,B
2021-07-06T13:00:07,900.0,22.65,B
2021-07-06T13:00:07,1000.0,22.6,S
2021-07-06T13:00:07,100.0,22.6,S
2021-07-06T13:00:07,500.0,22.6,S
2021-07-06T13:00:07,500.0,22.6,S
2021-07-06T13:00:07,100.0,22.6,S
2021-07-06T13:00:07,1000.0,22.6,S
2021-07-06T13:00:02,500.0,22.6,S
2021-07-06T13:00:02,2000.0,22.6,S
2021-07-06T13:00:02,1100.0,22.65,B
2021-07-06T13:00:00,600.0,22.6,S
2021-07-06T13:00:00,100.0,22.65,B
2021-07-06T13:00:00,600.0,22.6,S
2021-07-06T13:00:00,1100.0,22.6,S
2021-07-06T13:00:00,100.0,22.65,B
2021-07-06T13:00:00,200.0,22.6,S
2021-07-06T11:30:00,400.0,22.6,S
2021-07-06T11:30:00,1100.0,22.65,S
2021-07-06T11:30:00,400.0,22.65,S
2021-07-06T11:29:55,5200.0,22.65,S
2021-07-06T11:29:55,2000.0,22.65,S
2021-07-06T11:29:55,2800.0,22.65,S
2021-07-06T11:29:45,1000.0,22.7,B
2021-07-06T11:29:42,300.0,22.7,B
2021-07-06T11:29:41,600.0,22.7,S
2021-07-06T11:29:39,500.0,22.7,S
2021-07-06T11:29:36,1000.0,22.7,S
2021-07-06T11:29:36,300.0,22.7,S
2021-07-06T11:29:35,100.0,22.7,S
2021-07-06T11:29:35,1000.0,22.7,S
2021-07-06T11:29:35,400.0,22.7,S
2021-07-06T11:29:26,1500.0,22.75,B
2021-07-06T11:29:15,1000.0,22.7,S
2021-07-06T11:29:08,1400.0,22.7,S
2021-07-06T11:29:08,400.0,22.7,S
2021-07-06T11:28:52,600.0,22.75,B
2021-07-06T11:28:52,500.0,22.8,B
2021-07-06T11:28:44,500.0,22.7,S
2021-07-06T11:28:43,1400.0,22.7,S
2021-07-06T11:28:42,3300.0,22.75,S
2021-07-06T11:28:41,600.0,22.75,S
2021-07-06T11:28:41,100.0,22.75,B
2021-07-06T11:28:40,14900.0,22.75,B
2021-07-06T11:28:30,200.0,22.75,B
2021-07-06T11:28:30,1200.0,22.75,B
2021-07-06T11:28:28,300.0,22.75,B
2021-07-06T11:28:22,35400.0,22.65,S
2021-07-06T11:28:22,4900.0,22.65,S
2021-07-06T11:28:22,1300.0,22.7,S
2021-07-06T11:28:22,8400.0,22.7,S
2021-07-06T11:28:19,500.0,22.7,S
2021-07-06T11:28:18,1300.0,22.7,S
2021-07-06T11:28:16,3000.0,22.7,S
2021-07-06T11:28:14,7000.0,22.75,B
2021-07-06T11:28:07,500.0,22.75,B
2021-07-06T11:28:03,400.0,22.7,S
2021-07-06T11:28:03,5000.0,22.7,S
2021-07-06T11:27:57,100.0,22.75,B
2021-07-06T11:27:56,900.0,22.75,B
2021-07-06T11:27:56,800.0,22.75,B
2021-07-06T11:27:54,1400.0,22.7,S
2021-07-06T11:27:53,500.0,22.7,S
2021-07-06T11:27:49,500.0,22.7,S
2021-07-06T11:27:49,4500.0,22.7,S
2021-07-06T11:27:46,10000.0,22.75,B
2021-07-06T11:27:39,100.0,22.7,S
2021-07-06T11:27:37,2400.0,22.75,B
2021-07-06T11:27:37,100.0,22.75,B
2021-07-06T11:27:36,1000.0,22.7,S
2021-07-06T11:27:35,700.0,22.75,B
2021-07-06T11:27:35,200.0,22.75,B
2021-07-06T11:27:32,3300.0,22.7,S
2021-07-06T11:27:28,300.0,22.7,S
2021-07-06T11:27:28,100.0,22.7,S
2021-07-06T11:27:27,100.0,22.7,S
2021-07-06T11:27:27,1300.0,22.7,S
2021-07-06T11:27:27,2000.0,22.75,B
2021-07-06T11:27:10,2800.0,22.7,S
2021-07-06T11:27:10,1000.0,22.7,S
2021-07-06T11:27:10,6200.0,22.7,S
2021-07-06T11:27:04,1000.0,22.7,S
2021-07-06T11:27:02,1400.0,22.7,S
2021-07-06T11:27:02,100.0,22.7,S
2021-07-06T11:27:02,300.0,22.7,S
2021-07-06T11:27:02,100.0,22.7,S
2021-07-06T11:27:01,10000.0,22.75,B
2021-07-06T11:26:58,5000.0,22.75,B
2021-07-06T11:26:57,3000.0,22.7,S
2021-07-06T11:26:52,300.0,22.75,B
2021-07-06T11:26:45,800.0,22.75,B
2021-07-06T11:26:43,1500.0,22.75,B
2021-07-06T11:26:40,10000.0,22.75,B
2021-07-06T11:26:38,400.0,22.7,S
2021-07-06T11:26:37,100.0,22.7,S
2021-07-06T11:26:36,1400.0,22.7,S
2021-07-06T11:26:33,700.0,22.7,S
2021-07-06T11:26:33,4300.0,22.7,S
2021-07-06T11:26:33,100.0,22.7,S
2021-07-06T11:26:24,3400.0,22.7,S
2021-07-06T11:26:24,100.0,22.7,S
2021-07-06T11:26:21,100.0,22.7,S
2021-07-06T11:26:13,1000.0,22.7,B
2021-07-06T11:26:13,1300.0,22.7,B
2021-07-06T11:26:11,1600.0,22.65,S
2021-07-06T11:26:11,100.0,22.65,S
2021-07-06T11:26:11,500.0,22.7,B
2021-07-06T11:26:10,1800.0,22.7,B
2021-07-06T11:26:10,100.0,22.7,B
2021-07-06T11:26:10,1600.0,22.7,B
2021-07-06T11:26:10,100.0,22.7,B
2021-07-06T11:26:07,200.0,22.7,B
2021-07-06T11:26:07,3600.0,22.7,B
2021-07-06T11:26:07,7800.0,22.7,B
2021-07-06T11:26:07,1000.0,22.7,B
2021-07-06T11:26:07,1200.0,22.7,B
2021-07-06T11:26:04,300.0,22.7,B
2021-07-06T11:26:03,100.0,22.7,B
2021-07-06T11:26:00,2500.0,22.7,B
2021-07-06T11:25:57,100.0,22.7,B
2021-07-06T11:25:56,100.0,22.7,B
2021-07-06T11:25:52,200.0,22.7,B
2021-07-06T11:25:50,100.0,22.7,B
2021-07-06T11:25:49,1000.0,22.7,B
2021-07-06T11:25:49,1000.0,22.7,B
2021-07-06T11:25:48,2000.0,22.7,B
2021-07-06T11:25:47,1400.0,22.7,B
2021-07-06T11:25:47,600.0,22.65,S
2021-07-06T11:25:46,1400.0,22.65,S
2021-07-06T11:25:43,100.0,22.7,B
2021-07-06T11:25:43,2000.0,22.7,B
2021-07-06T11:25:40,300.0,22.7,B
2021-07-06T11:25:32,2500.0,22.7,B
2021-07-06T11:25:28,3000.0,22.7,B
2021-07-06T11:25:24,5000.0,22.7,B
2021-07-06T11:25:22,100.0,22.7,B
2021-07-06T11:25:20,1400.0,22.65,S
2021-07-06T11:25:20,400.0,22.65,S
2021-07-06T11:25:17,100.0,22.7,B
2021-07-06T11:25:15,3300.0,22.65,S
2021-07-06T11:25:13,2000.0,22.65,S
2021-07-06T11:25:13,2000.0,22.7,B
2021-07-06T11:25:09,400.0,22.65,S
2021-07-06T11:25:05,2000.0,22.65,S
2021-07-06T11:25:01,200.0,22.65,S
2021-07-06T11:24:55,400.0,22.65,S
2021-07-06T11:24:54,100.0,22.65,S
2021-07-06T11:24:54,1300.0,22.65,S
2021-07-06T11:24:52,1500.0,22.7,B
2021-07-06T11:24:51,900.0,22.7,B
2021-07-06T11:24:41,500.0,22.65,S
2021-07-06T11:24:34,400.0,22.65,B
2021-07-06T11:24:34,2000.0,22.65,B
2021-07-06T11:24:31,700.0,22.65,B
2021-07-06T11:24:29,400.0,22.6,S
2021-07-06T11:24:29,100.0,22.6,S
2021-07-06T11:24:29,1400.0,22.6,S
2021-07-06T11:24:28,100.0,22.65,B
2021-07-06T11:24:24,100.0,22.65,B
2021-07-06T11:24:20,100.0,22.65,B
2021-07-06T11:24:20,2000.0,22.65,B
2021-07-06T11:24:16,1400.0,22.6,S
2021-07-06T11:24:14,500.0,22.65,B
2021-07-06T11:24:11,1000.0,22.65,B
2021-07-06T11:24:07,200.0,22.65,B
2021-07-06T11:24:07,2000.0,22.6,S
2021-07-06T11:24:07,1100.0,22.65,B
2021-07-06T11:24:06,3300.0,22.6,S
2021-07-06T11:24:04,1700.0,22.6,S
2021-07-06T11:24:02,2000.0,22.65,B
2021-07-06T11:24:02,400.0,22.65,B
2021-07-06T11:23:59,100.0,22.6,S
2021-07-06T11:23:58,100.0,22.65,B
2021-07-06T11:23:58,1500.0,22.65,B
2021-07-06T11:23:57,100.0,22.65,B
2021-07-06T11:23:54,1000.0,22.65,B
2021-07-06T11:23:53,2000.0,22.65,B
2021-07-06T11:23:51,2000.0,22.65,B
2021-07-06T11:23:47,200.0,22.6,S
2021-07-06T11:23:46,2500.0,22.65,B
2021-07-06T11:23:44,400.0,22.6,S
2021-07-06T11:23:39,200.0,22.6,S
2021-07-06T11:23:39,400.0,22.6,S
2021-07-06T11:23:38,1400.0,22.6,S
2021-07-06T11:23:35,1500.0,22.6,B
2021-07-06T11:23:35,100.0,22.6,B
2021-07-06T11:23:35,800.0,22.6,B
2021-07-06T11:23:34,2200.0,22.6,B
2021-07-06T11:23:29,100.0,22.6,B
2021-07-06T11:23:29,100.0,22.6,B
2021-07-06T11:23:25,4800.0,22.6,B
2021-07-06T11:23:17,5000.0,22.6,B
2021-07-06T11:23:17,1300.0,22.6,B
2021-07-06T11:23:17,100.0,22.6,B
2021-07-06T11:23:17,3600.0,22.6,B
2021-07-06T11:23:15,100.0,22.55,S
2021-07-06T11:23:13,1400.0,22.55,S
2021-07-06T11:23:13,300.0,22.55,S
2021-07-06T11:23:13,100.0,22.55,S
2021-07-06T11:23:10,10700.0,22.6,B
2021-07-06T11:23:10,7200.0,22.6,B
2021-07-06T11:23:10,2000.0,22.6,B
2021-07-06T11:23:10,100.0,22.6,B
2021-07-06T11:23:04,1400.0,22.6,B
2021-07-06T11:23:03,10000.0,22.6,B
2021-07-06T11:22:57,1000.0,22.55,S
2021-07-06T11:22:57,400.0,22.55,S
2021-07-06T11:22:57,2000.0,22.55,S
2021-07-06T11:22:55,100.0,22.55,S
2021-07-06T11:22:54,1000.0,22.6,B
2021-07-06T11:22:48,400.0,22.55,S
2021-07-06T11:22:47,1300.0,22.6,B
2021-07-06T11:22:47,13200.0,22.6,B
2021-07-06T11:22:47,1400.0,22.55,S
2021-07-06T11:22:39,200.0,22.55,S
2021-07-06T11:22:37,1000.0,22.6,B
2021-07-06T11:22:22,1300.0,22.55,S
2021-07-06T11:22:22,500.0,22.55,S
2021-07-06T11:22:19,300.0,22.6,B
2021-07-06T11:22:19,600.0,22.6,B
2021-07-06T11:22:19,100.0,22.6,B
2021-07-06T11:22:12,1000.0,22.55,S
2021-07-06T11:22:09,1300.0,22.6,B
2021-07-06T11:22:03,1000.0,22.6,B
2021-07-06T11:21:59,100.0,22.55,S
2021-07-06T11:21:58,400.0,22.55,S
2021-07-06T11:21:56,1400.0,22.55,S
2021-07-06T11:21:48,11800.0,22.55,B
2021-07-06T11:21:42,4000.0,22.55,B
2021-07-06T11:21:37,1300.0,22.55,B
2021-07-06T11:21:37,2100.0,22.55,B
2021-07-06T11:21:36,7000.0,22.55,B
2021-07-06T11:21:36,9600.0,22.55,B
2021-07-06T11:21:35,500.0,22.55,B
2021-07-06T11:21:32,400.0,22.5,S
2021-07-06T11:21:32,100.0,22.5,S
2021-07-06T11:21:30,1400.0,22.5,S
2021-07-06T11:21:27,100.0,22.55,B
2021-07-06T11:21:20,1000.0,22.55,B
2021-07-06T11:21:15,1400.0,22.55,B
2021-07-06T11:21:15,200.0,22.55,B
2021-07-06T11:21:11,500.0,22.5,S
2021-07-06T11:21:05,1900.0,22.5,S
2021-07-06T11:21:04,20000.0,22.55,B
2021-07-06T11:20:57,500.0,22.5,S
2021-07-06T11:20:53,50000.0,22.55,B
2021-07-06T11:20:52,600.0,22.5,S
2021-07-06T11:20:49,500.0,22.55,B
2021-07-06T11:20:41,100.0,22.5,S
2021-07-06T11:20:41,300.0,22.5,S
2021-07-06T11:20:40,1400.0,22.5,S
2021-07-06T11:20:35,10000.0,22.55,B
2021-07-06T11:20:35,300.0,22.5,B
2021-07-06T11:20:35,5700.0,22.5,B
2021-07-06T11:20:35,200.0,22.5,B
2021-07-06T11:20:35,4300.0,22.5,B
2021-07-06T11:20:33,20000.0,22.5,B
2021-07-06T11:20:29,3100.0,22.5,B
2021-07-06T11:20:29,600.0,22.5,B
2021-07-06T11:20:29,700.0,22.5,B
2021-07-06T11:20:29,15600.0,22.5,B
2021-07-06T11:20:24,100.0,22.5,B
2021-07-06T11:20:24,1000.0,22.5,B
2021-07-06T11:20:24,200.0,22.45,S
2021-07-06T11:20:23,16300.0,22.5,B
2021-07-06T11:20:20,100.0,22.5,B
2021-07-06T11:20:20,1300.0,22.5,B
2021-07-06T11:20:19,200.0,22.5,B
2021-07-06T11:20:18,4300.0,22.5,B
2021-07-06T11:20:18,13100.0,22.5,B
2021-07-06T11:20:18,2700.0,22.5,B
2021-07-06T11:20:18,1600.0,22.5,B
2021-07-06T11:20:18,700.0,22.5,B
2021-07-06T11:20:18,200.0,22.5,B
2021-07-06T11:20:18,2000.0,22.5,B
2021-07-06T11:20:18,2500.0,22.5,B
2021-07-06T11:20:18,7900.0,22.5,B
2021-07-06T11:20:15,1300.0,22.45,S
2021-07-06T11:20:15,400.0,22.45,S
2021-07-06T11:20:15,200.0,22.45,S
2021-07-06T11:20:15,100.0,22.45,S
2021-07-06T11:20:15,1900.0,22.5,B
2021-07-06T11:20:15,300.0,22.5,B
2021-07-06T11:20:15,100.0,22.5,B
2021-07-06T11:20:15,300.0,22.5,B
2021-07-06T11:20:15,600.0,22.5,B
2021-07-06T11:20:15,800.0,22.5,B
2021-07-06T11:20:15,3200.0,22.5,B
2021-07-06T11:20:15,10000.0,22.5,B
2021-07-06T11:20:15,2800.0,22.5,B
2021-07-06T11:20:13,2000.0,22.5,B
2021-07-06T11:20:10,700.0,22.5,B
2021-07-06T11:20:10,1400.0,22.5,B
2021-07-06T11:20:10,2000.0,22.5,B
2021-07-06T11:20:10,10100.0,22.5,B
2021-07-06T11:20:10,5800.0,22.5,B
2021-07-06T11:20:08,800.0,22.5,B
2021-07-06T11:20:08,300.0,22.5,B
2021-07-06T11:20:08,3100.0,22.5,B
2021-07-06T11:20:08,1900.0,22.5,B
2021-07-06T11:20:08,800.0,22.5,B
2021-07-06T11:20:08,4900.0,22.5,B
2021-07-06T11:20:08,2300.0,22.5,B
2021-07-06T11:20:03,200.0,22.5,B
2021-07-06T11:19:53,100.0,22.5,B
2021-07-06T11:19:49,400.0,22.45,S
2021-07-06T11:19:49,1400.0,22.45,S
2021-07-06T11:19:42,1000.0,22.45,S
2021-07-06T11:19:38,1500.0,22.45,S
2021-07-06T11:19:29,100.0,22.45,S
2021-07-06T11:19:26,1000.0,22.5,B
2021-07-06T11:19:24,500.0,22.5,B
2021-07-06T11:19:24,1400.0,22.4,S
2021-07-06T11:19:24,1400.0,22.45,B
2021-07-06T11:19:24,4900.0,22.45,B
2021-07-06T11:19:24,10000.0,22.45,B
2021-07-06T11:19:24,2100.0,22.45,B
2021-07-06T11:19:24,12200.0,22.45,B
2021-07-06T11:19:24,3500.0,22.45,B
2021-07-06T11:19:24,2100.0,22.45,B
2021-07-06T11:19:24,13800.0,22.45,B
2021-07-06T11:19:24,500.0,22.4,S
2021-07-06T11:19:23,10000.0,22.4,S
2021-07-06T11:19:20,100.0,22.45,B
2021-07-06T11:19:18,1000.0,22.45,B
2021-07-06T11:19:18,1000.0,22.4,S
2021-07-06T11:19:12,200.0,22.45,B
2021-07-06T11:19:08,1000.0,22.4,S
2021-07-06T11:19:01,1000.0,22.45,B
2021-07-06T11:19:01,12200.0,22.45,B
2021-07-06T11:18:58,200.0,22.4,S
2021-07-06T11:18:58,300.0,22.4,S
2021-07-06T11:18:58,1400.0,22.4,S
2021-07-06T11:18:49,300.0,22.45,B
2021-07-06T11:18:35,400.0,22.45,B
2021-07-06T11:18:33,1700.0,22.4,S
2021-07-06T11:18:33,100.0,22.4,S
2021-07-06T11:18:33,100.0,22.4,S
2021-07-06T11:18:31,1400.0,22.45,B
2021-07-06T11:18:28,100.0,22.4,S
2021-07-06T11:18:18,1000.0,22.45,B
2021-07-06T11:18:08,1700.0,22.4,S
2021-07-06T11:18:08,100.0,22.4,S
2021-07-06T11:17:52,1300.0,22.4,S
2021-07-06T11:17:43,400.0,22.4,S
2021-07-06T11:17:42,1400.0,22.4,S
2021-07-06T11:17:35,1100.0,22.45,B
2021-07-06T11:17:35,200.0,22.45,B
2021-07-06T11:17:32,8800.0,22.4,B
2021-07-06T11:17:32,1200.0,22.4,B
2021-07-06T11:17:32,5500.0,22.4,B
2021-07-06T11:17:25,300.0,22.4,B
2021-07-06T11:17:25,700.0,22.4,B
2021-07-06T11:17:17,1800.0,22.35,S
2021-07-06T11:17:17,100.0,22.35,S
2021-07-06T11:17:12,3100.0,22.4,B
2021-07-06T11:17:12,200.0,22.4,B
2021-07-06T11:17:12,1000.0,22.4,B
2021-07-06T11:17:12,100.0,22.4,B
2021-07-06T11:17:12,1000.0,22.4,B
2021-07-06T11:17:12,1500.0,22.4,B
2021-07-06T11:17:12,600.0,22.4,B
2021-07-06T11:17:12,12500.0,22.4,B
2021-07-06T11:17:08,10000.0,22.4,B
2021-07-06T11:17:02,5000.0,22.4,B
2021-07-06T11:16:59,500.0,22.4,B
2021-07-06T11:16:52,400.0,22.35,S
2021-07-06T11:16:51,1400.0,22.35,S
2021-07-06T11:16:40,1400.0,22.4,B
2021-07-06T11:16:33,1000.0,22.4,B
2021-07-06T11:16:31,1300.0,22.35,S
2021-07-06T11:16:29,1000.0,22.4,B
2021-07-06T11:16:26,1700.0,22.35,S
2021-07-06T11:16:26,200.0,22.35,S
2021-07-06T11:16:17,1000.0,22.4,B
2021-07-06T11:16:10,10300.0,22.4,B
2021-07-06T11:16:10,9700.0,22.4,B
2021-07-06T11:16:02,3400.0,22.35,S
2021-07-06T11:16:02,1000.0,22.4,B
2021-07-06T11:16:01,500.0,22.35,S
2021-07-06T11:16:00,1300.0,22.35,S
2021-07-06T11:15:54,1000.0,22.4,B
2021-07-06T11:15:52,5100.0,22.4,B
2021-07-06T11:15:52,1000.0,22.4,B
2021-07-06T11:15:52,1900.0,22.4,B
2021-07-06T11:15:52,1100.0,22.4,B
2021-07-06T11:15:52,1400.0,22.4,B
2021-07-06T11:15:52,800.0,22.4,B
2021-07-06T11:15:52,7400.0,22.4,B
2021-07-06T11:15:52,900.0,22.4,B
2021-07-06T11:15:52,300.0,22.4,B
2021-07-06T11:15:52,3400.0,22.4,B
2021-07-06T11:15:52,600.0,22.4,B
2021-07-06T11:15:52,1200.0,22.4,B
2021-07-06T11:15:52,1000.0,22.4,B
2021-07-06T11:15:47,1300.0,22.4,B
2021-07-06T11:15:37,4200.0,22.4,B
2021-07-06T11:15:37,600.0,22.4,B
2021-07-06T11:15:37,400.0,22.4,B
2021-07-06T11:15:35,1400.0,22.35,S
2021-07-06T11:15:35,400.0,22.35,S
2021-07-06T11:15:28,500.0,22.35,S
2021-07-06T11:15:17,1000.0,22.35,S
2021-07-06T11:15:14,200.0,22.35,S
2021-07-06T11:15:12,300.0,22.35,S
2021-07-06T11:15:10,400.0,22.35,S
2021-07-06T11:15:10,100.0,22.35,S
2021-07-06T11:15:07,1400.0,22.35,S
2021-07-06T11:15:02,100.0,22.35,S
2021-07-06T11:15:02,1000.0,22.35,S
2021-07-06T11:15:00,1000.0,22.4,B
2021-07-06T11:14:53,5200.0,22.35,S
2021-07-06T11:14:53,14800.0,22.35,S
2021-07-06T11:14:52,1400.0,22.4,B
2021-07-06T11:14:48,200.0,22.35,S
2021-07-06T11:14:45,300.0,22.35,S
2021-07-06T11:14:45,100.0,22.35,S
2021-07-06T11:14:45,1400.0,22.35,S
2021-07-06T11:14:18,1600.0,22.35,S
2021-07-06T11:14:18,300.0,22.35,S
2021-07-06T11:14:09,500.0,22.35,S
2021-07-06T11:14:09,200.0,22.4,B
2021-07-06T11:14:03,1000.0,22.35,S
2021-07-06T11:13:59,1000.0,22.35,S
2021-07-06T11:13:57,1300.0,22.4,B
2021-07-06T11:13:54,400.0,22.35,S
2021-07-06T11:13:54,100.0,22.35,S
2021-07-06T11:13:53,1300.0,22.35,S
2021-07-06T11:13:47,1900.0,22.35,S
2021-07-06T11:13:44,3300.0,22.35,S
2021-07-06T11:13:41,2000.0,22.35,S
2021-07-06T11:13:27,1500.0,22.35,S
2021-07-06T11:13:27,300.0,22.35,S
2021-07-06T11:13:21,400.0,22.35,S
2021-07-06T11:13:14,10000.0,22.35,S
2021-07-06T11:13:12,1000.0,22.35,S
2021-07-06T11:13:11,6700.0,22.35,B
2021-07-06T11:13:03,1900.0,22.35,B
2021-07-06T11:13:03,1400.0,22.3,S
2021-07-06T11:12:55,2000.0,22.35,B
2021-07-06T11:12:37,1800.0,22.3,S
2021-07-06T11:12:22,100.0,22.35,B
2021-07-06T11:12:17,400.0,22.35,S
2021-07-06T11:12:14,100.0,22.35,S
2021-07-06T11:12:13,500.0,22.35,S
2021-07-06T11:12:11,1300.0,22.35,S
2021-07-06T11:12:08,8300.0,22.35,S
2021-07-06T11:12:08,400.0,22.35,S
2021-07-06T11:12:08,1300.0,22.35,S
2021-07-06T11:12:08,1300.0,22.4,B
2021-07-06T11:12:02,200.0,22.35,S
2021-07-06T11:11:46,1400.0,22.35,S
2021-07-06T11:11:46,500.0,22.35,S
2021-07-06T11:11:42,1000.0,22.35,S
2021-07-06T11:11:24,1100.0,22.35,S
2021-07-06T11:11:24,2200.0,22.35,S
2021-07-06T11:11:21,1400.0,22.35,S
2021-07-06T11:11:21,300.0,22.35,S
2021-07-06T11:11:21,100.0,22.35,S
2021-07-06T11:11:13,100.0,22.35,S
2021-07-06T11:11:13,1300.0,22.4,B
2021-07-06T11:10:55,1500.0,22.35,S
2021-07-06T11:10:54,1400.0,22.35,S
2021-07-06T11:10:53,1000.0,22.35,S
2021-07-06T11:10:30,1400.0,22.35,S
2021-07-06T11:10:30,400.0,22.35,S
2021-07-06T11:10:27,1000.0,22.35,S
2021-07-06T11:10:20,1400.0,22.4,B
2021-07-06T11:10:17,3300.0,22.35,S
2021-07-06T11:10:10,100.0,22.35,S
2021-07-06T11:10:09,10000.0,22.35,S
2021-07-06T11:10:04,400.0,22.35,S
2021-07-06T11:10:04,100.0,22.35,S
2021-07-06T11:10:04,1300.0,22.35,S
2021-07-06T11:09:39,2000.0,22.3,S
2021-07-06T11:09:39,1000.0,22.35,S
2021-07-06T11:09:39,5100.0,22.35,S
2021-07-06T11:09:38,100.0,22.35,S
2021-07-06T11:09:38,5000.0,22.35,S
2021-07-06T11:09:31,1000.0,22.35,S
2021-07-06T11:09:24,1300.0,22.4,B
2021-07-06T11:09:22,200.0,22.35,S
2021-07-06T11:09:17,200.0,22.35,S
2021-07-06T11:09:14,400.0,22.35,S
2021-07-06T11:09:14,100.0,22.35,S
2021-07-06T11:09:12,1400.0,22.35,S
2021-07-06T11:08:48,500.0,22.4,B
2021-07-06T11:08:48,1500.0,22.4,B
2021-07-06T11:08:48,1800.0,22.35,S
2021-07-06T11:08:48,100.0,22.35,S
2021-07-06T11:08:41,500.0,22.35,S
2021-07-06T11:08:41,100.0,22.35,S
2021-07-06T11:08:36,10000.0,22.35,S
2021-07-06T11:08:29,1400.0,22.4,B
2021-07-06T11:08:23,400.0,22.35,S
2021-07-06T11:08:21,1400.0,22.35,S
2021-07-06T11:08:21,1000.0,22.4,B
2021-07-06T11:08:21,13000.0,22.35,S
2021-07-06T11:08:21,600.0,22.35,S
2021-07-06T11:08:21,11200.0,22.35,S
2021-07-06T11:08:21,17200.0,22.35,S
2021-07-06T11:08:17,300.0,22.4,B
2021-07-06T11:08:05,100.0,22.35,S
2021-07-06T11:07:58,3300.0,22.35,S
2021-07-06T11:07:58,500.0,22.35,S
2021-07-06T11:07:57,1300.0,22.35,S
2021-07-06T11:07:56,300.0,22.35,S
2021-07-06T11:07:45,1100.0,22.35,S
2021-07-06T11:07:44,500.0,22.35,S
2021-07-06T11:07:38,500.0,22.4,B
2021-07-06T11:07:36,100.0,22.4,B
2021-07-06T11:07:35,1300.0,22.4,B
2021-07-06T11:07:35,200.0,22.4,B
2021-07-06T11:07:32,1400.0,22.35,S
2021-07-06T11:07:32,300.0,22.35,S
2021-07-06T11:07:32,100.0,22.35,S
2021-07-06T11:07:24,5000.0,22.4,B
2021-07-06T11:07:09,4000.0,22.4,B
2021-07-06T11:07:07,500.0,22.3,S
2021-07-06T11:07:07,100.0,22.35,B
2021-07-06T11:07:06,1400.0,22.3,S
2021-07-06T11:06:58,300.0,22.35,B
2021-07-06T11:06:56,200.0,22.35,B
2021-07-06T11:06:50,1900.0,22.35,S
2021-07-06T11:06:42,8400.0,22.35,S
2021-07-06T11:06:42,400.0,22.35,S
2021-07-06T11:06:42,900.0,22.35,S
2021-07-06T11:06:41,300.0,22.35,S
2021-07-06T11:06:41,1400.0,22.35,S
2021-07-06T11:06:41,500.0,22.35,S
2021-07-06T11:06:40,1400.0,22.4,B
2021-07-06T11:06:33,1000.0,22.35,S
2021-07-06T11:06:29,1000.0,22.4,B
2021-07-06T11:06:23,100.0,22.4,B
2021-07-06T11:06:21,10000.0,22.35,S
2021-07-06T11:06:16,300.0,22.35,S
2021-07-06T11:06:16,100.0,22.35,S
2021-07-06T11:06:15,1400.0,22.35,S
2021-07-06T11:06:14,2000.0,22.4,B
2021-07-06T11:05:55,100.0,22.4,B
2021-07-06T11:05:49,1300.0,22.3,S
2021-07-06T11:05:49,500.0,22.3,S
2021-07-06T11:05:46,1400.0,22.4,B
2021-07-06T11:05:41,3400.0,22.35,S
2021-07-06T11:05:41,100.0,22.35,S
2021-07-06T11:05:26,100.0,22.35,B
2021-07-06T11:05:26,100.0,22.35,S
2021-07-06T11:05:25,400.0,22.35,S
2021-07-06T11:05:24,1500.0,22.35,B
2021-07-06T11:05:24,1400.0,22.3,S
2021-07-06T11:05:24,500.0,22.35,B
2021-07-06T11:05:21,4000.0,22.35,B
2021-07-06T11:05:05,3000.0,22.35,B
2021-07-06T11:05:02,300.0,22.35,B
2021-07-06T11:05:01,3000.0,22.35,B
2021-07-06T11:04:58,1700.0,22.3,S
2021-07-06T11:04:58,200.0,22.3,S
2021-07-06T11:04:57,500.0,22.35,B
2021-07-06T11:04:51,1300.0,22.35,B
2021-07-06T11:04:45,6700.0,22.35,B
2021-07-06T11:04:45,3100.0,22.35,B
2021-07-06T11:04:45,200.0,22.35,B
2021-07-06T11:04:44,4500.0,22.35,B
2021-07-06T11:04:38,17500.0,22.35,B
2021-07-06T11:04:38,7500.0,22.35,B
2021-07-06T11:04:32,1900.0,22.3,S
2021-07-06T11:04:32,3300.0,22.3,S
2021-07-06T11:04:29,3500.0,22.3,S
2021-07-06T11:04:24,100.0,22.35,B
2021-07-06T11:04:24,2000.0,22.35,B
2021-07-06T11:04:20,2000.0,22.3,S
2021-07-06T11:04:17,500.0,22.3,S
2021-07-06T11:04:17,200.0,22.3,S
2021-07-06T11:04:09,100.0,22.3,S
2021-07-06T11:04:09,300.0,22.3,S
2021-07-06T11:04:09,100.0,22.3,S
2021-07-06T11:04:08,1400.0,22.3,S
2021-07-06T11:04:07,500.0,22.3,B
2021-07-06T11:04:07,10100.0,22.3,B
2021-07-06T11:04:06,10000.0,22.3,B
2021-07-06T11:04:01,100.0,22.25,S
2021-07-06T11:03:59,600.0,22.3,B
2021-07-06T11:03:59,4400.0,22.3,B
2021-07-06T11:03:59,100.0,22.3,B
2021-07-06T11:03:56,1400.0,22.3,B
2021-07-06T11:03:52,2800.0,22.3,B
2021-07-06T11:03:52,10200.0,22.3,B
2021-07-06T11:03:52,3300.0,22.3,B
2021-07-06T11:03:52,300.0,22.3,B
2021-07-06T11:03:52,6600.0,22.3,B
2021-07-06T11:03:52,300.0,22.3,B
2021-07-06T11:03:52,3100.0,22.3,B
2021-07-06T11:03:52,3200.0,22.3,B
2021-07-06T11:03:52,1400.0,22.3,B
2021-07-06T11:03:44,1300.0,22.25,S
2021-07-06T11:03:41,500.0,22.25,S
2021-07-06T11:03:27,3600.0,22.25,S
2021-07-06T11:03:27,3000.0,22.25,S
2021-07-06T11:03:27,3400.0,22.25,S
2021-07-06T11:03:26,100.0,22.3,B
2021-07-06T11:03:21,6000.0,22.3,B
2021-07-06T11:03:21,3100.0,22.3,B
2021-07-06T11:03:21,100.0,22.3,B
2021-07-06T11:03:21,800.0,22.3,B
2021-07-06T11:03:18,300.0,22.25,S
2021-07-06T11:03:18,100.0,22.25,S
2021-07-06T11:03:18,1400.0,22.25,S
2021-07-06T11:03:06,2700.0,22.3,B
2021-07-06T11:03:02,1400.0,22.3,B
2021-07-06T11:02:56,1000.0,22.3,B
2021-07-06T11:02:52,200.0,22.25,S
2021-07-06T11:02:52,1500.0,22.25,S
2021-07-06T11:02:52,100.0,22.25,S
2021-07-06T11:02:48,100.0,22.3,B
2021-07-06T11:02:43,400.0,22.25,S
2021-07-06T11:02:43,10000.0,22.25,S
2021-07-06T11:02:38,500.0,22.3,B
2021-07-06T11:02:27,600.0,22.25,S
2021-07-06T11:02:26,200.0,22.3,B
2021-07-06T11:02:26,200.0,22.3,B
2021-07-06T11:02:26,1300.0,22.3,B
2021-07-06T11:02:26,7300.0,22.3,B
2021-07-06T11:02:26,2400.0,22.3,B
2021-07-06T11:02:06,1400.0,22.3,B
2021-07-06T11:02:04,2000.0,22.3,B
2021-07-06T11:02:01,1700.0,22.25,S
2021-07-06T11:01:43,2500.0,22.3,B
2021-07-06T11:01:42,4200.0,22.3,B
2021-07-06T11:01:36,1400.0,22.25,S
2021-07-06T11:01:36,500.0,22.25,S
2021-07-06T11:01:28,1000.0,22.3,B
2021-07-06T11:01:14,100.0,22.3,B
2021-07-06T11:01:12,1400.0,22.3,B
2021-07-06T11:01:11,400.0,22.25,S
2021-07-06T11:01:10,1400.0,22.25,S
2021-07-06T11:00:59,100.0,22.3,B
2021-07-06T11:00:49,500.0,22.25,S
2021-07-06T11:00:45,1400.0,22.2,S
2021-07-06T11:00:45,400.0,22.25,S
2021-07-06T11:00:38,1000.0,22.25,S
2021-07-06T11:00:31,2000.0,22.25,S
2021-07-06T11:00:30,11700.0,22.25,B
2021-07-06T11:00:30,3500.0,22.25,B
2021-07-06T11:00:27,30000.0,22.25,B
2021-07-06T11:00:23,1100.0,22.25,B
2021-07-06T11:00:19,400.0,22.2,S
2021-07-06T11:00:19,200.0,22.2,S
2021-07-06T11:00:19,1400.0,22.2,S
2021-07-06T11:00:16,1400.0,22.25,B
2021-07-06T11:00:16,200.0,22.2,S
2021-07-06T10:59:55,3300.0,22.2,S
2021-07-06T10:59:55,100.0,22.2,S
2021-07-06T10:59:54,1600.0,22.2,S
2021-07-06T10:59:52,100.0,22.25,B
2021-07-06T10:59:33,700.0,22.25,B
2021-07-06T10:59:28,500.0,22.2,S
2021-07-06T10:59:28,1400.0,22.2,S
2021-07-06T10:59:24,200.0,22.2,S
2021-07-06T10:59:23,1500.0,22.25,B
2021-07-06T10:59:21,1000.0,22.2,S
2021-07-06T10:59:14,10000.0,22.2,S
2021-07-06T10:59:13,3700.0,22.2,S
2021-07-06T10:59:10,2000.0,22.2,S
2021-07-06T10:59:03,1800.0,22.2,S
2021-07-06T10:58:58,500.0,22.2,S
2021-07-06T10:58:57,600.0,22.25,B
2021-07-06T10:58:53,1000.0,22.2,S
2021-07-06T10:58:53,900.0,22.2,S
2021-07-06T10:58:53,1000.0,22.2,S
2021-07-06T10:58:47,10000.0,22.2,S
2021-07-06T10:58:46,3400.0,22.2,S
2021-07-06T10:58:37,400.0,22.2,S
2021-07-06T10:58:37,1400.0,22.2,S
2021-07-06T10:58:34,1000.0,22.2,S
2021-07-06T10:58:32,1700.0,22.2,S
2021-07-06T10:58:29,1400.0,22.25,B
2021-07-06T10:58:28,3000.0,22.2,S
2021-07-06T10:58:28,300.0,22.2,S
2021-07-06T10:58:15,10000.0,22.2,B
2021-07-06T10:58:15,2500.0,22.2,B
2021-07-06T10:58:15,3500.0,22.2,B
2021-07-06T10:58:12,1800.0,22.15,S
2021-07-06T10:58:12,100.0,22.15,S
2021-07-06T10:58:09,7000.0,22.2,B
2021-07-06T10:58:09,10500.0,22.2,B
2021-07-06T10:58:09,600.0,22.2,B
2021-07-06T10:58:09,1100.0,22.2,B
2021-07-06T10:58:09,800.0,22.2,B
2021-07-06T10:58:07,100.0,22.2,B
2021-07-06T10:58:04,600.0,22.2,B
2021-07-06T10:57:53,500.0,22.2,B
2021-07-06T10:57:47,1500.0,22.15,S
2021-07-06T10:57:47,300.0,22.15,S
2021-07-06T10:57:45,200.0,22.2,B
2021-07-06T10:57:45,500.0,22.2,B
2021-07-06T10:57:42,3200.0,22.2,B
2021-07-06T10:57:42,12500.0,22.2,B
2021-07-06T10:57:42,1000.0,22.2,B
2021-07-06T10:57:42,3300.0,22.2,B
2021-07-06T10:57:39,3900.0,22.15,S
2021-07-06T10:57:39,1000.0,22.2,B
2021-07-06T10:57:39,100.0,22.2,B
2021-07-06T10:57:39,8900.0,22.2,B
2021-07-06T10:57:37,1000.0,22.2,B
2021-07-06T10:57:35,800.0,22.2,B
2021-07-06T10:57:35,9200.0,22.2,B
2021-07-06T10:57:34,900.0,22.2,B
2021-07-06T10:57:34,400.0,22.2,B
2021-07-06T10:57:34,100.0,22.2,B
2021-07-06T10:57:29,10000.0,22.2,B
2021-07-06T10:57:26,1400.0,22.15,S
2021-07-06T10:57:26,10000.0,22.2,B
2021-07-06T10:57:26,400.0,22.2,B
2021-07-06T10:57:26,19600.0,22.2,B
2021-07-06T10:57:26,700.0,22.2,B
2021-07-06T10:57:26,5700.0,22.2,B
2021-07-06T10:57:26,11200.0,22.2,B
2021-07-06T10:57:26,100.0,22.2,B
2021-07-06T10:57:25,12300.0,22.2,B
2021-07-06T10:57:25,400.0,22.15,S
2021-07-06T10:57:25,100.0,22.15,S
2021-07-06T10:57:25,10000.0,22.2,B
2021-07-06T10:57:21,3400.0,22.2,B
2021-07-06T10:57:21,200.0,22.2,B
2021-07-06T10:57:21,6400.0,22.2,B
2021-07-06T10:57:20,2200.0,22.2,B
2021-07-06T10:57:20,7800.0,22.2,B
2021-07-06T10:57:20,1000.0,22.2,B
2021-07-06T10:57:06,100.0,22.2,B
2021-07-06T10:57:01,1500.0,22.15,S
2021-07-06T10:56:56,1500.0,22.15,S
2021-07-06T10:56:56,300.0,22.15,S
2021-07-06T10:56:50,1000.0,22.2,B
2021-07-06T10:56:39,1400.0,22.2,B
2021-07-06T10:56:38,500.0,22.2,B
2021-07-06T10:56:37,2400.0,22.15,S
2021-07-06T10:56:37,100.0,22.15,S
2021-07-06T10:56:37,1500.0,22.15,S
2021-07-06T10:56:35,100.0,22.15,S
2021-07-06T10:56:31,100.0,22.15,S
2021-07-06T10:56:31,300.0,22.15,S
2021-07-06T10:56:30,1400.0,22.15,S
2021-07-06T10:56:27,3300.0,22.15,S
2021-07-06T10:56:05,1400.0,22.15,S
2021-07-06T10:56:05,500.0,22.15,S
2021-07-06T10:56:01,200.0,22.15,S
2021-07-06T10:55:49,1000.0,22.15,S
2021-07-06T10:55:45,1500.0,22.2,B
2021-07-06T10:55:40,200.0,22.15,S
2021-07-06T10:55:40,300.0,22.15,S
2021-07-06T10:55:39,1300.0,22.15,S
2021-07-06T10:55:38,10000.0,22.15,S
2021-07-06T10:55:24,1000.0,22.15,S
2021-07-06T10:55:19,1500.0,22.15,S
2021-07-06T10:55:19,1900.0,22.15,S
2021-07-06T10:55:18,400.0,22.15,S
2021-07-06T10:55:15,200.0,22.2,B
2021-07-06T10:55:14,1400.0,22.15,S
2021-07-06T10:55:14,500.0,22.15,S
2021-07-06T10:55:13,100.0,22.2,B
2021-07-06T10:54:50,1400.0,22.2,B
2021-07-06T10:54:49,1500.0,22.15,S
2021-07-06T10:54:49,300.0,22.15,S
2021-07-06T10:54:34,100.0,22.15,S
2021-07-06T10:54:34,1000.0,22.15,S
2021-07-06T10:54:24,400.0,22.15,S
2021-07-06T10:54:23,4700.0,22.15,S
2021-07-06T10:54:23,1400.0,22.15,S
2021-07-06T10:54:18,700.0,22.15,S
2021-07-06T10:54:10,200.0,22.2,B
2021-07-06T10:54:09,3300.0,22.15,S
2021-07-06T10:53:58,1300.0,22.15,S
2021-07-06T10:53:58,400.0,22.15,S
2021-07-06T10:53:58,100.0,22.15,S
2021-07-06T10:53:56,500.0,22.2,B
2021-07-06T10:53:55,1400.0,22.2,B
2021-07-06T10:53:51,5000.0,22.15,S
2021-07-06T10:53:33,100.0,22.15,S
2021-07-06T10:53:33,1700.0,22.15,S
2021-07-06T10:53:30,2000.0,22.15,S
2021-07-06T10:53:27,500.0,22.2,B
2021-07-06T10:53:27,200.0,22.2,B
2021-07-06T10:53:27,1000.0,22.15,S
2021-07-06T10:53:16,500.0,22.2,B
2021-07-06T10:53:07,400.0,22.15,S
2021-07-06T10:53:07,600.0,22.15,S
2021-07-06T10:53:07,800.0,22.15,S
2021-07-06T10:53:07,200.0,22.15,S
2021-07-06T10:53:01,1400.0,22.2,B
2021-07-06T10:52:43,100.0,22.2,B
2021-07-06T10:52:42,400.0,22.15,S
2021-07-06T10:52:41,1400.0,22.15,S
2021-07-06T10:52:25,100.0,22.2,B
2021-07-06T10:52:16,500.0,22.15,S
2021-07-06T10:52:16,700.0,22.15,S
2021-07-06T10:52:16,500.0,22.15,S
2021-07-06T10:52:16,100.0,22.15,S
2021-07-06T10:52:13,400.0,22.15,S
2021-07-06T10:52:07,2000.0,22.15,S
2021-07-06T10:52:06,1500.0,22.2,B
2021-07-06T10:51:58,1000.0,22.15,S
2021-07-06T10:51:52,3400.0,22.15,S
2021-07-06T10:51:52,1800.0,22.15,S
2021-07-06T10:51:35,100.0,22.15,S
2021-07-06T10:51:35,400.0,22.2,B
2021-07-06T10:51:31,100.0,22.15,S
2021-07-06T10:51:28,900.0,22.15,S
2021-07-06T10:51:28,1200.0,22.15,S
2021-07-06T10:51:28,1400.0,22.15,S
2021-07-06T10:51:28,1800.0,22.15,S
2021-07-06T10:51:28,500.0,22.15,S
2021-07-06T10:51:28,14200.0,22.15,S
2021-07-06T10:51:26,300.0,22.15,S
2021-07-06T10:51:26,100.0,22.15,S
2021-07-06T10:51:25,1400.0,22.15,S
2021-07-06T10:51:12,1400.0,22.2,B
2021-07-06T10:51:00,1600.0,22.15,S
2021-07-06T10:51:00,400.0,22.15,S
2021-07-06T10:50:43,3300.0,22.15,S
2021-07-06T10:50:35,300.0,22.15,S
2021-07-06T10:50:35,100.0,22.15,S
2021-07-06T10:50:34,1400.0,22.15,S
2021-07-06T10:50:17,1400.0,22.2,B
2021-07-06T10:50:10,400.0,22.15,S
2021-07-06T10:50:09,1800.0,22.15,S
2021-07-06T10:50:07,200.0,22.2,B
2021-07-06T10:50:05,2000.0,22.15,S
2021-07-06T10:49:58,1000.0,22.15,S
2021-07-06T10:49:58,100.0,22.15,S
2021-07-06T10:49:57,100.0,22.15,S
2021-07-06T10:49:56,1000.0,22.15,S
2021-07-06T10:49:55,900.0,22.15,S
2021-07-06T10:49:55,100.0,22.15,S
2021-07-06T10:49:49,100.0,22.15,S
2021-07-06T10:49:44,500.0,22.15,S
2021-07-06T10:49:44,1300.0,22.15,S
2021-07-06T10:49:41,6100.0,22.15,B
2021-07-06T10:49:41,2500.0,22.15,B
2021-07-06T10:49:41,100.0,22.15,B
2021-07-06T10:49:36,100.0,22.15,B
2021-07-06T10:49:35,1000.0,22.15,B
2021-07-06T10:49:33,1300.0,22.1,S
2021-07-06T10:49:33,100.0,22.1,S
2021-07-06T10:49:33,1900.0,22.1,S
2021-07-06T10:49:31,100.0,22.1,S
2021-07-06T10:49:31,3000.0,22.15,B
2021-07-06T10:49:28,1000.0,22.15,B
2021-07-06T10:49:22,1400.0,22.15,B
2021-07-06T10:49:21,1000.0,22.15,B
2021-07-06T10:49:17,100.0,22.1,S
2021-07-06T10:49:17,1400.0,22.1,S
2021-07-06T10:49:17,500.0,22.1,S
2021-07-06T10:49:01,1000.0,22.15,S
2021-07-06T10:49:01,3700.0,22.15,S
2021-07-06T10:49:01,600.0,22.15,S
2021-07-06T10:48:53,600.0,22.15,S
2021-07-06T10:48:52,1400.0,22.15,S
2021-07-06T10:48:40,10000.0,22.2,B
2021-07-06T10:48:30,1000.0,22.15,S
2021-07-06T10:48:28,1500.0,22.2,B
2021-07-06T10:48:26,900.0,22.15,S
2021-07-06T10:48:26,200.0,22.15,S
2021-07-06T10:48:26,300.0,22.15,S
2021-07-06T10:48:26,400.0,22.15,S
2021-07-06T10:48:25,3400.0,22.15,S
2021-07-06T10:48:11,3100.0,22.15,S
2021-07-06T10:48:11,1000.0,22.15,S
2021-07-06T10:48:11,300.0,22.15,S
2021-07-06T10:48:11,15600.0,22.15,S
2021-07-06T10:48:06,2000.0,22.15,S
2021-07-06T10:48:02,1700.0,22.15,S
2021-07-06T10:48:02,100.0,22.15,S
2021-07-06T10:47:57,400.0,22.15,S
2021-07-06T10:47:51,200.0,22.2,B
2021-07-06T10:47:37,500.0,22.15,S
2021-07-06T10:47:36,1300.0,22.15,S
2021-07-06T10:47:36,2800.0,22.2,B
2021-07-06T10:47:33,1400.0,22.2,B
2021-07-06T10:47:31,1000.0,22.15,S
2021-07-06T10:47:27,300.0,22.15,S
2021-07-06T10:47:19,1500.0,22.15,S
2021-07-06T10:47:17,1000.0,22.15,S
2021-07-06T10:47:16,200.0,22.1,S
2021-07-06T10:47:16,1400.0,22.1,S
2021-07-06T10:47:16,1900.0,22.1,S
2021-07-06T10:47:11,200.0,22.1,S
2021-07-06T10:47:11,1200.0,22.1,S
2021-07-06T10:47:11,400.0,22.15,S
2021-07-06T10:47:03,600.0,22.15,S
2021-07-06T10:46:59,1000.0,22.15,S
2021-07-06T10:46:59,7900.0,22.15,B
2021-07-06T10:46:59,10500.0,22.15,B
2021-07-06T10:46:59,1800.0,22.15,B
2021-07-06T10:46:53,100.0,22.15,B
2021-07-06T10:46:49,1000.0,22.15,B
2021-07-06T10:46:46,500.0,22.1,S
2021-07-06T10:46:45,100.0,22.1,S
2021-07-06T10:46:45,1300.0,22.1,S
2021-07-06T10:46:43,200.0,22.15,B
2021-07-06T10:46:41,400.0,22.15,B
2021-07-06T10:46:40,2000.0,22.15,B
2021-07-06T10:46:38,1400.0,22.15,B
2021-07-06T10:46:36,35200.0,22.15,B
2021-07-06T10:46:36,1600.0,22.15,B
2021-07-06T10:46:34,100.0,22.15,B
2021-07-06T10:46:28,100.0,22.15,B
2021-07-06T10:46:28,100.0,22.15,B
2021-07-06T10:46:21,900.0,22.15,B
2021-07-06T10:46:21,100.0,22.15,B
2021-07-06T10:46:21,500.0,22.15,B
2021-07-06T10:46:21,2000.0,22.15,B
2021-07-06T10:46:21,16500.0,22.15,B
2021-07-06T10:46:20,500.0,22.15,B
2021-07-06T10:46:20,1700.0,22.1,S
2021-07-06T10:46:19,200.0,22.1,S
2021-07-06T10:46:10,1000.0,22.15,B
2021-07-06T10:46:08,2000.0,22.15,B
2021-07-06T10:46:06,3300.0,22.1,S
2021-07-06T10:45:56,400.0,22.1,S
2021-07-06T10:45:55,2000.0,22.15,B
2021-07-06T10:45:54,100.0,22.15,B
2021-07-06T10:45:54,1400.0,22.1,S
2021-07-06T10:45:53,900.0,22.15,B
2021-07-06T10:45:53,1000.0,22.15,B
2021-07-06T10:45:49,1000.0,22.15,B
2021-07-06T10:45:48,400.0,22.15,B
2021-07-06T10:45:44,1500.0,22.15,B
2021-07-06T10:45:43,200.0,22.15,B
2021-07-06T10:45:43,300.0,22.1,S
2021-07-06T10:45:36,10000.0,22.15,B
2021-07-06T10:45:35,200.0,22.15,B
2021-07-06T10:45:30,500.0,22.15,B
2021-07-06T10:45:29,1300.0,22.1,S
2021-07-06T10:45:29,400.0,22.1,S
2021-07-06T10:45:29,100.0,22.1,S
2021-07-06T10:45:25,300.0,22.1,S
2021-07-06T10:45:22,100.0,22.1,S
2021-07-06T10:45:04,300.0,22.1,S
2021-07-06T10:45:04,300.0,22.1,S
2021-07-06T10:45:04,200.0,22.1,S
2021-07-06T10:45:04,600.0,22.1,S
2021-07-06T10:45:04,700.0,22.1,S
2021-07-06T10:45:04,9700.0,22.15,B
2021-07-06T10:45:04,10300.0,22.15,B
2021-07-06T10:45:03,400.0,22.1,S
2021-07-06T10:45:02,1000.0,22.1,S
2021-07-06T10:44:56,3400.0,22.1,S
2021-07-06T10:44:55,1500.0,22.1,S
2021-07-06T10:44:49,1500.0,22.15,B
2021-07-06T10:44:42,200.0,22.15,B
2021-07-06T10:44:39,400.0,22.1,S
2021-07-06T10:44:39,100.0,22.1,S
2021-07-06T10:44:38,1400.0,22.1,S
2021-07-06T10:44:37,800.0,22.1,S
2021-07-06T10:44:33,1500.0,22.1,S
2021-07-06T10:44:18,500.0,22.1,S
2021-07-06T10:44:16,2000.0,22.1,S
2021-07-06T10:44:13,1700.0,22.1,S
2021-07-06T10:44:13,200.0,22.1,S
2021-07-06T10:44:11,300.0,22.15,B
2021-07-06T10:44:02,1000.0,22.1,S
2021-07-06T10:43:55,1200.0,22.15,B
2021-07-06T10:43:55,200.0,22.15,B
2021-07-06T10:43:52,100.0,22.1,S
2021-07-06T10:43:52,400.0,22.1,S
2021-07-06T10:43:52,100.0,22.1,S
2021-07-06T10:43:52,400.0,22.1,S
2021-07-06T10:43:48,400.0,22.1,S
2021-07-06T10:43:48,600.0,22.1,S
2021-07-06T10:43:48,2700.0,22.1,S
2021-07-06T10:43:47,1300.0,22.1,S
2021-07-06T10:43:42,200.0,22.1,S
2021-07-06T10:43:42,100.0,22.15,B
2021-07-06T10:43:26,100.0,22.15,B
2021-07-06T10:43:22,1900.0,22.1,S
2021-07-06T10:43:00,1400.0,22.15,B
2021-07-06T10:42:57,1000.0,22.15,B
2021-07-06T10:42:57,400.0,22.1,S
2021-07-06T10:42:57,100.0,22.15,B
2021-07-06T10:42:56,1400.0,22.1,S
2021-07-06T10:42:55,200.0,22.1,S
2021-07-06T10:42:54,500.0,22.1,S
2021-07-06T10:42:49,100.0,22.15,B
2021-07-06T10:42:48,20000.0,22.1,S
2021-07-06T10:42:43,800.0,22.1,S
2021-07-06T10:42:43,500.0,22.1,S
2021-07-06T10:42:43,3700.0,22.1,S
2021-07-06T10:42:39,3300.0,22.1,S
2021-07-06T10:42:31,700.0,22.1,S
2021-07-06T10:42:31,700.0,22.1,S
2021-07-06T10:42:31,500.0,22.1,S
2021-07-06T10:42:27,200.0,22.1,S
2021-07-06T10:42:27,1500.0,22.15,B
2021-07-06T10:42:22,700.0,22.1,S
2021-07-06T10:42:22,1300.0,22.1,S
2021-07-06T10:42:17,500.0,22.15,B
2021-07-06T10:42:07,100.0,22.1,S
2021-07-06T10:42:07,1700.0,22.1,S
2021-07-06T10:42:05,1400.0,22.15,B
2021-07-06T10:42:01,200.0,22.1,S
2021-07-06T10:41:55,8200.0,22.15,B
2021-07-06T10:41:55,11800.0,22.15,B
2021-07-06T10:41:50,400.0,22.1,S
2021-07-06T10:41:48,100.0,22.15,B
2021-07-06T10:41:47,1800.0,22.15,B
2021-07-06T10:41:39,1800.0,22.1,S
2021-07-06T10:41:35,4000.0,22.1,S
2021-07-06T10:41:30,3400.0,22.1,S
2021-07-06T10:41:30,3000.0,22.1,S
2021-07-06T10:41:23,200.0,22.1,S
2021-07-06T10:41:23,2000.0,22.1,S
2021-07-06T10:41:21,500.0,22.15,B
2021-07-06T10:41:18,1000.0,22.15,B
2021-07-06T10:41:15,1400.0,22.1,S
2021-07-06T10:41:15,500.0,22.1,S
2021-07-06T10:41:12,2000.0,22.15,B
2021-07-06T10:41:11,1500.0,22.15,B
2021-07-06T10:41:10,1000.0,22.1,S
2021-07-06T10:40:59,10000.0,22.1,S
2021-07-06T10:40:59,100.0,22.15,B
2021-07-06T10:40:58,200.0,22.1,S
2021-07-06T10:40:57,20000.0,22.15,B
2021-07-06T10:40:50,400.0,22.1,S
2021-07-06T10:40:49,1400.0,22.1,S
2021-07-06T10:40:41,100.0,22.15,B
2021-07-06T10:40:39,200.0,22.15,B
2021-07-06T10:40:31,100.0,22.15,B
2021-07-06T10:40:28,15500.0,22.15,B
2021-07-06T10:40:24,1500.0,22.1,S
2021-07-06T10:40:24,400.0,22.1,S
2021-07-06T10:40:16,1400.0,22.15,B
2021-07-06T10:39:59,400.0,22.1,S
2021-07-06T10:39:57,1400.0,22.1,S
2021-07-06T10:39:56,1000.0,22.15,B
2021-07-06T10:39:51,100.0,22.1,S
2021-07-06T10:39:47,5000.0,22.15,B
2021-07-06T10:39:42,900.0,22.1,S
2021-07-06T10:39:42,1100.0,22.1,S
2021-07-06T10:39:38,400.0,22.15,B
2021-07-06T10:39:33,800.0,22.15,B
2021-07-06T10:39:33,1800.0,22.1,S
2021-07-06T10:39:29,100.0,22.15,B
2021-07-06T10:39:26,100.0,22.15,B
2021-07-06T10:39:22,1400.0,22.15,B
2021-07-06T10:39:19,100.0,22.15,B
2021-07-06T10:39:14,1000.0,22.15,B
2021-07-06T10:39:14,500.0,22.15,B
2021-07-06T10:39:09,200.0,22.15,B
2021-07-06T10:39:08,500.0,22.1,S
2021-07-06T10:39:07,900.0,22.1,S
2021-07-06T10:39:07,200.0,22.1,S
2021-07-06T10:39:07,300.0,22.1,S
2021-07-06T10:39:00,1000.0,22.15,B
2021-07-06T10:38:59,100.0,22.15,B
2021-07-06T10:38:58,300.0,22.15,B
2021-07-06T10:38:53,100.0,22.15,B
2021-07-06T10:38:46,600.0,22.15,S
2021-07-06T10:38:46,100.0,22.15,S
2021-07-06T10:38:46,1500.0,22.15,S
2021-07-06T10:38:42,1700.0,22.15,S
2021-07-06T10:38:42,100.0,22.15,S
2021-07-06T10:38:40,600.0,22.15,S
2021-07-06T10:38:33,3000.0,22.15,S
2021-07-06T10:38:27,1500.0,22.2,B
2021-07-06T10:38:17,1400.0,22.15,S
2021-07-06T10:38:17,500.0,22.15,S
2021-07-06T10:38:12,1000.0,22.15,S
2021-07-06T10:38:06,1200.0,22.2,B
2021-07-06T10:38:03,3400.0,22.15,S
2021-07-06T10:37:56,5000.0,22.15,S
2021-07-06T10:37:52,400.0,22.15,S
2021-07-06T10:37:51,1400.0,22.15,S
2021-07-06T10:37:50,200.0,22.15,S
2021-07-06T10:37:43,1000.0,22.15,S
2021-07-06T10:37:35,100.0,22.15,S
2021-07-06T10:37:32,1400.0,22.2,B
2021-07-06T10:37:31,200.0,22.15,S
2021-07-06T10:37:31,500.0,22.15,S
2021-07-06T10:37:31,500.0,22.15,S
2021-07-06T10:37:31,3400.0,22.15,S
2021-07-06T10:37:31,1000.0,22.15,S
2021-07-06T10:37:31,500.0,22.15,S
2021-07-06T10:37:31,400.0,22.15,S
2021-07-06T10:37:31,7900.0,22.15,S
2021-07-06T10:37:31,1600.0,22.15,S
2021-07-06T10:37:31,500.0,22.15,S
2021-07-06T10:37:31,3500.0,22.15,S
2021-07-06T10:37:26,1300.0,22.15,S
2021-07-06T10:37:26,400.0,22.15,S
2021-07-06T10:37:21,20000.0,22.15,S
2021-07-06T10:37:20,2000.0,22.2,B
2021-07-06T10:37:10,700.0,22.15,S
2021-07-06T10:37:08,200.0,22.15,S
2021-07-06T10:37:02,1000.0,22.15,S
2021-07-06T10:37:01,400.0,22.15,S
2021-07-06T10:37:01,200.0,22.15,S
2021-07-06T10:37:00,1400.0,22.15,S
2021-07-06T10:36:45,100.0,22.2,B
2021-07-06T10:36:40,100.0,22.15,S
2021-07-06T10:36:40,500.0,22.15,S
2021-07-06T10:36:40,2200.0,22.15,S
2021-07-06T10:36:40,2200.0,22.15,S
2021-07-06T10:36:38,1400.0,22.2,B
2021-07-06T10:36:34,1700.0,22.15,S
2021-07-06T10:36:34,100.0,22.15,S
2021-07-06T10:36:26,200.0,22.15,S
2021-07-06T10:36:08,500.0,22.15,S
2021-07-06T10:36:08,7000.0,22.2,B
2021-07-06T10:36:08,1400.0,22.15,S
2021-07-06T10:35:53,200.0,22.15,S
2021-07-06T10:35:45,3300.0,22.15,S
2021-07-06T10:35:44,1400.0,22.15,S
2021-07-06T10:35:43,400.0,22.15,S
2021-07-06T10:35:43,700.0,22.2,B
2021-07-06T10:35:43,400.0,22.2,B
2021-07-06T10:35:43,300.0,22.2,B
2021-07-06T10:35:24,5000.0,22.15,S
2021-07-06T10:35:19,1300.0,22.15,S
2021-07-06T10:35:19,400.0,22.15,S
2021-07-06T10:35:18,100.0,22.2,B
2021-07-06T10:35:13,400.0,22.15,S
2021-07-06T10:35:13,100.0,22.2,B
2021-07-06T10:34:53,1400.0,22.15,S
2021-07-06T10:34:53,300.0,22.15,S
2021-07-06T10:34:53,100.0,22.15,S
2021-07-06T10:34:53,200.0,22.15,S
2021-07-06T10:34:47,1500.0,22.2,B
2021-07-06T10:34:42,1600.0,22.2,B
2021-07-06T10:34:39,100.0,22.2,B
2021-07-06T10:34:29,100.0,22.2,B
2021-07-06T10:34:27,1400.0,22.15,S
2021-07-06T10:34:27,400.0,22.15,S
2021-07-06T10:34:27,300.0,22.15,S
2021-07-06T10:34:26,200.0,22.2,B
2021-07-06T10:34:13,2000.0,22.2,B
2021-07-06T10:34:04,1000.0,22.2,B
2021-07-06T10:34:03,500.0,22.15,S
2021-07-06T10:34:02,1400.0,22.15,S
2021-07-06T10:33:54,400.0,22.2,B
2021-07-06T10:33:54,200.0,22.2,B
2021-07-06T10:33:54,800.0,22.2,B
2021-07-06T10:33:53,1100.0,22.15,S
2021-07-06T10:33:48,800.0,22.2,B
2021-07-06T10:33:37,1300.0,22.15,S
2021-07-06T10:33:37,300.0,22.15,S
2021-07-06T10:33:36,100.0,22.15,S
2021-07-06T10:33:30,500.0,22.2,B
2021-07-06T10:33:26,200.0,22.2,B
2021-07-06T10:33:26,1000.0,22.2,B
2021-07-06T10:33:25,100.0,22.2,B
2021-07-06T10:33:22,2000.0,22.2,B
2021-07-06T10:33:18,200.0,22.2,B
2021-07-06T10:33:15,700.0,22.2,B
2021-07-06T10:33:15,2000.0,22.2,B
2021-07-06T10:33:14,3600.0,22.2,B
2021-07-06T10:33:14,500.0,22.2,B
2021-07-06T10:33:14,1100.0,22.2,B
2021-07-06T10:33:14,1600.0,22.2,B
2021-07-06T10:33:14,4800.0,22.2,B
2021-07-06T10:33:14,1700.0,22.2,B
2021-07-06T10:33:14,200.0,22.2,B
2021-07-06T10:33:14,1600.0,22.2,B
2021-07-06T10:33:14,1200.0,22.2,B
2021-07-06T10:33:14,1000.0,22.2,B
2021-07-06T10:33:13,400.0,22.15,S
2021-07-06T10:33:11,1400.0,22.15,S
2021-07-06T10:33:11,100.0,22.2,B
2021-07-06T10:33:08,100.0,22.2,B
2021-07-06T10:32:59,600.0,22.2,B
2021-07-06T10:32:59,800.0,22.2,B
2021-07-06T10:32:48,1500.0,22.2,B
2021-07-06T10:32:46,500.0,22.2,B
2021-07-06T10:32:46,1400.0,22.15,S
2021-07-06T10:32:46,500.0,22.15,S
2021-07-06T10:32:43,4700.0,22.15,S
2021-07-06T10:32:43,10600.0,22.15,S
2021-07-06T10:32:43,3100.0,22.15,S
2021-07-06T10:32:43,1000.0,22.15,S
2021-07-06T10:32:43,1100.0,22.15,S
2021-07-06T10:32:43,9500.0,22.15,S
2021-07-06T10:32:32,2200.0,22.2,B
2021-07-06T10:32:32,100.0,22.2,B
2021-07-06T10:32:32,200.0,22.2,B
2021-07-06T10:32:32,900.0,22.2,B
2021-07-06T10:32:32,400.0,22.2,B
2021-07-06T10:32:32,200.0,22.2,B
2021-07-06T10:32:32,16000.0,22.2,B
2021-07-06T10:32:26,5000.0,22.15,S
2021-07-06T10:32:20,1400.0,22.15,S
2021-07-06T10:32:20,200.0,22.15,S
2021-07-06T10:32:20,300.0,22.15,S
2021-07-06T10:32:17,3300.0,22.15,S
2021-07-06T10:32:06,1000.0,22.15,S
2021-07-06T10:32:05,100.0,22.15,S
2021-07-06T10:32:04,100.0,22.2,B
2021-07-06T10:32:04,1400.0,22.2,B
2021-07-06T10:31:55,1900.0,22.15,S
2021-07-06T10:31:55,1000.0,22.2,B
2021-07-06T10:31:44,600.0,22.15,S
2021-07-06T10:31:41,200.0,22.2,B
2021-07-06T10:31:30,200.0,22.15,S
2021-07-06T10:31:30,1100.0,22.15,S
2021-07-06T10:31:30,400.0,22.15,S
2021-07-06T10:31:27,300.0,22.2,B
2021-07-06T10:31:27,100.0,22.2,B
2021-07-06T10:31:13,5000.0,22.2,B
2021-07-06T10:31:10,1500.0,22.2,B
2021-07-06T10:31:09,3400.0,22.15,S
2021-07-06T10:31:05,400.0,22.15,S
2021-07-06T10:31:04,1400.0,22.15,S
2021-07-06T10:30:53,500.0,22.2,B
2021-07-06T10:30:50,1300.0,22.15,S
2021-07-06T10:30:48,100.0,22.2,B
2021-07-06T10:30:45,200.0,22.2,B
2021-07-06T10:30:44,200.0,22.2,B
2021-07-06T10:30:41,300.0,22.2,B
2021-07-06T10:30:39,1800.0,22.15,S
2021-07-06T10:30:39,100.0,22.15,S
2021-07-06T10:30:37,10300.0,22.15,S
2021-07-06T10:30:37,2600.0,22.15,S
2021-07-06T10:30:37,7100.0,22.15,S
2021-07-06T10:30:33,100.0,22.2,B
2021-07-06T10:30:15,1400.0,22.2,B
2021-07-06T10:30:14,1600.0,22.15,S
2021-07-06T10:30:14,300.0,22.15,S
2021-07-06T10:30:11,200.0,22.2,B
2021-07-06T10:30:01,200.0,22.2,B
2021-07-06T10:29:56,100.0,22.2,B
2021-07-06T10:29:49,300.0,22.2,B
2021-07-06T10:29:48,1900.0,22.15,S
2021-07-06T10:29:26,200.0,22.2,B
2021-07-06T10:29:23,300.0,22.15,S
2021-07-06T10:29:23,100.0,22.15,S
2021-07-06T10:29:22,1300.0,22.15,S
2021-07-06T10:29:20,1400.0,22.2,B
2021-07-06T10:29:15,500.0,22.2,B
2021-07-06T10:29:01,2600.0,22.15,S
2021-07-06T10:28:57,300.0,22.15,S
2021-07-06T10:28:57,1400.0,22.15,S
2021-07-06T10:28:57,100.0,22.15,S
2021-07-06T10:28:53,200.0,22.15,S
2021-07-06T10:28:50,3300.0,22.15,S
2021-07-06T10:28:48,100.0,22.15,S
2021-07-06T10:28:41,5000.0,22.15,B
2021-07-06T10:28:32,1800.0,22.1,S
2021-07-06T10:28:32,100.0,22.15,S
2021-07-06T10:28:31,1200.0,22.15,B
2021-07-06T10:28:29,100.0,22.15,B
2021-07-06T10:28:27,2000.0,22.15,B
2021-07-06T10:28:27,100.0,22.15,B
2021-07-06T10:28:26,300.0,22.15,B
2021-07-06T10:28:26,100.0,22.15,B
2021-07-06T10:28:26,1000.0,22.15,B
2021-07-06T10:28:25,2000.0,22.15,B
2021-07-06T10:28:23,500.0,22.15,B
2021-07-06T10:28:15,800.0,22.15,B
2021-07-06T10:28:10,1000.0,22.1,S
2021-07-06T10:28:07,2000.0,22.1,S
2021-07-06T10:28:06,1800.0,22.1,S
2021-07-06T10:28:02,100.0,22.1,S
2021-07-06T10:27:58,22500.0,22.15,B
2021-07-06T10:27:41,1800.0,22.1,S
2021-07-06T10:27:41,200.0,22.1,S
2021-07-06T10:27:41,3400.0,22.1,S
2021-07-06T10:27:39,100.0,22.1,S
2021-07-06T10:27:37,400.0,22.1,S
2021-07-06T10:27:37,300.0,22.1,S
2021-07-06T10:27:31,1500.0,22.15,B
2021-07-06T10:27:29,200.0,22.15,B
2021-07-06T10:27:17,5000.0,22.15,B
2021-07-06T10:27:16,100.0,22.1,S
2021-07-06T10:27:15,300.0,22.1,S
2021-07-06T10:27:15,1300.0,22.1,S
2021-07-06T10:27:01,1000.0,22.15,B
2021-07-06T10:26:59,300.0,22.1,S
2021-07-06T10:26:57,20000.0,22.15,B
2021-07-06T10:26:57,1500.0,22.15,B
2021-07-06T10:26:57,1000.0,22.15,B
2021-07-06T10:26:49,1800.0,22.1,S
2021-07-06T10:26:44,2500.0,22.1,S
2021-07-06T10:26:40,8500.0,22.15,B
2021-07-06T10:26:37,1400.0,22.15,B
2021-07-06T10:26:32,20000.0,22.1,S
2021-07-06T10:26:31,3300.0,22.1,S
2021-07-06T10:26:25,500.0,22.1,S
2021-07-06T10:26:25,100.0,22.15,B
2021-07-06T10:26:24,1400.0,22.1,S
2021-07-06T10:26:11,300.0,22.15,B
2021-07-06T10:26:02,4000.0,22.1,S
2021-07-06T10:26:01,3000.0,22.1,S
2021-07-06T10:25:59,400.0,22.1,S
2021-07-06T10:25:59,400.0,22.1,S
2021-07-06T10:25:59,1000.0,22.1,S
2021-07-06T10:25:46,2500.0,22.1,S
2021-07-06T10:25:44,200.0,22.15,B
2021-07-06T10:25:42,1400.0,22.15,B
2021-07-06T10:25:34,1800.0,22.1,S
2021-07-06T10:25:34,200.0,22.1,S
2021-07-06T10:25:32,800.0,22.1,S
2021-07-06T10:25:32,3100.0,22.1,S
2021-07-06T10:25:32,6100.0,22.1,S
2021-07-06T10:25:23,3300.0,22.1,S
2021-07-06T10:25:08,1500.0,22.1,S
2021-07-06T10:25:08,100.0,22.1,S
2021-07-06T10:25:08,100.0,22.1,S
2021-07-06T10:25:08,100.0,22.1,S
2021-07-06T10:25:05,3500.0,22.1,S
2021-07-06T10:24:53,100.0,22.1,S
2021-07-06T10:24:51,1000.0,22.1,S
2021-07-06T10:24:51,25500.0,22.1,S
2021-07-06T10:24:51,100.0,22.1,S
2021-07-06T10:24:51,3100.0,22.1,S
2021-07-06T10:24:51,800.0,22.1,S
2021-07-06T10:24:51,6200.0,22.1,S
2021-07-06T10:24:51,2500.0,22.1,S
2021-07-06T10:24:51,1000.0,22.1,S
2021-07-06T10:24:51,1200.0,22.1,S
2021-07-06T10:24:51,8600.0,22.1,S
2021-07-06T10:24:45,1400.0,22.15,B
2021-07-06T10:24:43,1700.0,22.1,S
2021-07-06T10:24:42,100.0,22.1,S
2021-07-06T10:24:25,500.0,22.2,B
2021-07-06T10:24:20,200.0,22.1,S
2021-07-06T10:24:18,500.0,22.1,S
2021-07-06T10:24:17,1400.0,22.1,S
2021-07-06T10:24:13,1300.0,22.1,S
2021-07-06T10:24:13,1000.0,22.1,S
2021-07-06T10:24:13,1100.0,22.1,S
2021-07-06T10:24:10,200.0,22.1,S
2021-07-06T10:23:58,100.0,22.1,S
2021-07-06T10:23:54,200.0,22.1,S
2021-07-06T10:23:54,200.0,22.1,S
2021-07-06T10:23:53,1500.0,22.2,B
2021-07-06T10:23:52,1800.0,22.1,S
2021-07-06T10:23:46,700.0,22.1,S
2021-07-06T10:23:42,1700.0,22.1,S
2021-07-06T10:23:42,5900.0,22.1,S
2021-07-06T10:23:42,18600.0,22.1,S
2021-07-06T10:23:27,100.0,22.1,S
2021-07-06T10:23:26,400.0,22.1,S
2021-07-06T10:23:26,1300.0,22.1,S
2021-07-06T10:23:25,300.0,22.15,S
2021-07-06T10:23:18,500.0,22.15,B
2021-07-06T10:23:16,1000.0,22.15,B
2021-07-06T10:23:15,8500.0,22.15,S
2021-07-06T10:23:09,1000.0,22.15,S
2021-07-06T10:23:05,3300.0,22.15,S
2021-07-06T10:23:01,1900.0,22.15,S
2021-07-06T10:22:59,1900.0,22.2,B
2021-07-06T10:22:57,100.0,22.15,S
2021-07-06T10:22:36,3100.0,22.15,S
2021-07-06T10:22:36,1900.0,22.15,S
2021-07-06T10:22:36,1800.0,22.15,S
2021-07-06T10:22:35,3000.0,22.15,B
2021-07-06T10:22:35,8500.0,22.15,B
2021-07-06T10:22:35,4800.0,22.15,B
2021-07-06T10:22:35,500.0,22.15,B
2021-07-06T10:22:28,2000.0,22.1,S
2021-07-06T10:22:27,6600.0,22.15,B
2021-07-06T10:22:27,700.0,22.15,B
2021-07-06T10:22:27,100.0,22.1,S
2021-07-06T10:22:26,3000.0,22.15,B
2021-07-06T10:22:21,100.0,22.15,B
2021-07-06T10:22:10,1400.0,22.1,S
2021-07-06T10:22:10,400.0,22.1,S
2021-07-06T10:22:10,100.0,22.1,S
2021-07-06T10:22:03,1400.0,22.15,B
2021-07-06T10:21:56,100.0,22.15,B
2021-07-06T10:21:55,3300.0,22.1,S
2021-07-06T10:21:45,1400.0,22.1,S
2021-07-06T10:21:45,400.0,22.1,S
2021-07-06T10:21:43,300.0,22.1,S
2021-07-06T10:21:42,15400.0,22.1,S
2021-07-06T10:21:42,11100.0,22.1,S
2021-07-06T10:21:42,2400.0,22.1,S
2021-07-06T10:21:42,1100.0,22.1,S
2021-07-06T10:21:36,5000.0,22.15,B
2021-07-06T10:21:19,400.0,22.1,S
2021-07-06T10:21:19,900.0,22.1,S
2021-07-06T10:21:19,400.0,22.1,S
2021-07-06T10:21:19,100.0,22.1,S
2021-07-06T10:21:18,20000.0,22.15,B
2021-07-06T10:21:11,100.0,22.1,S
2021-07-06T10:21:10,2900.0,22.1,S
2021-07-06T10:21:09,1400.0,22.15,B
2021-07-06T10:21:01,1000.0,22.1,S
2021-07-06T10:21:00,10000.0,22.1,S
2021-07-06T10:20:55,1000.0,22.1,S
2021-07-06T10:20:54,100.0,22.15,B
2021-07-06T10:20:54,1400.0,22.1,S
2021-07-06T10:20:54,500.0,22.1,S
2021-07-06T10:20:52,600.0,22.15,B
2021-07-06T10:20:47,1900.0,22.1,S
2021-07-06T10:20:47,100.0,22.1,S
2021-07-06T10:20:46,1400.0,22.1,S
2021-07-06T10:20:43,1500.0,22.1,S
2021-07-06T10:20:40,1000.0,22.15,B
2021-07-06T10:20:38,700.0,22.1,S
2021-07-06T10:20:38,1100.0,22.1,S
2021-07-06T10:20:38,1300.0,22.1,S
2021-07-06T10:20:38,900.0,22.1,S
2021-07-06T10:20:36,1100.0,22.1,S
2021-07-06T10:20:36,500.0,22.1,S
2021-07-06T10:20:36,8400.0,22.1,S
2021-07-06T10:20:29,300.0,22.1,S
2021-07-06T10:20:29,1100.0,22.1,S
2021-07-06T10:20:28,200.0,22.1,S
2021-07-06T10:20:28,1200.0,22.1,S
2021-07-06T10:20:25,500.0,22.15,B
2021-07-06T10:20:14,2000.0,22.15,B
2021-07-06T10:20:13,1500.0,22.15,B
2021-07-06T10:20:12,2000.0,22.1,S
2021-07-06T10:20:09,2200.0,22.15,B
2021-07-06T10:20:03,1900.0,22.1,S
2021-07-06T10:20:01,4000.0,22.1,S
2021-07-06T10:20:01,18000.0,22.15,S
2021-07-06T10:19:57,2000.0,22.15,S
2021-07-06T10:19:39,15000.0,22.1,S
2021-07-06T10:19:38,400.0,22.1,S
2021-07-06T10:19:38,3300.0,22.1,S
2021-07-06T10:19:38,1400.0,22.1,S
2021-07-06T10:19:32,5000.0,22.1,S
2021-07-06T10:19:25,100.0,22.2,B
2021-07-06T10:19:19,1400.0,22.2,B
2021-07-06T10:19:15,1000.0,22.2,B
2021-07-06T10:19:12,400.0,22.15,S
2021-07-06T10:19:12,900.0,22.15,S
2021-07-06T10:19:12,500.0,22.15,S
2021-07-06T10:19:11,200.0,22.2,B
2021-07-06T10:18:58,1000.0,22.2,B
2021-07-06T10:18:50,200.0,22.2,B
2021-07-06T10:18:50,1400.0,22.2,S
2021-07-06T10:18:50,100.0,22.2,S
2021-07-06T10:18:50,100.0,22.2,S
2021-07-06T10:18:50,300.0,22.2,S
2021-07-06T10:18:50,400.0,22.2,S
2021-07-06T10:18:50,400.0,22.2,S
2021-07-06T10:18:50,1000.0,22.2,S
2021-07-06T10:18:50,400.0,22.2,S
2021-07-06T10:18:50,4900.0,22.2,S
2021-07-06T10:18:49,2000.0,22.2,S
2021-07-06T10:18:47,500.0,22.2,S
2021-07-06T10:18:47,100.0,22.2,S
2021-07-06T10:18:46,1400.0,22.2,S
2021-07-06T10:18:46,200.0,22.2,S
2021-07-06T10:18:46,200.0,22.2,S
2021-07-06T10:18:35,500.0,22.2,S
2021-07-06T10:18:34,100.0,22.25,B
2021-07-06T10:18:30,100.0,22.2,S
2021-07-06T10:18:24,1400.0,22.25,B
2021-07-06T10:18:23,500.0,22.2,S
2021-07-06T10:18:21,2000.0,22.2,S
2021-07-06T10:18:15,10000.0,22.25,B
2021-07-06T10:18:13,200.0,22.25,B
2021-07-06T10:18:10,100.0,22.25,B
2021-07-06T10:18:03,1400.0,22.25,B
2021-07-06T10:18:03,2500.0,22.25,S
2021-07-06T10:18:03,1700.0,22.25,S
2021-07-06T10:17:58,2000.0,22.25,S
2021-07-06T10:17:58,2100.0,22.25,S
2021-07-06T10:17:58,18900.0,22.25,S
2021-07-06T10:17:58,10000.0,22.3,B
2021-07-06T10:17:56,1400.0,22.25,S
2021-07-06T10:17:56,100.0,22.25,S
2021-07-06T10:17:56,300.0,22.25,S
2021-07-06T10:17:47,200.0,22.3,B
2021-07-06T10:17:47,2000.0,22.3,B
2021-07-06T10:17:40,500.0,22.3,B
2021-07-06T10:17:40,5000.0,22.3,B
2021-07-06T10:17:35,1500.0,22.3,B
2021-07-06T10:17:33,1000.0,22.3,B
2021-07-06T10:17:32,200.0,22.25,S
2021-07-06T10:17:32,600.0,22.3,B
2021-07-06T10:17:31,2400.0,22.3,B
2021-07-06T10:17:31,100.0,22.25,S
2021-07-06T10:17:31,300.0,22.25,S
2021-07-06T10:17:29,1400.0,22.3,B
2021-07-06T10:17:29,1400.0,22.25,S
2021-07-06T10:17:27,300.0,22.3,B
2021-07-06T10:17:26,200.0,22.3,B
2021-07-06T10:17:16,500.0,22.3,S
2021-07-06T10:17:16,13600.0,22.3,S
2021-07-06T10:17:16,1300.0,22.3,S
2021-07-06T10:17:16,700.0,22.3,S
2021-07-06T10:17:16,400.0,22.3,S
2021-07-06T10:17:16,800.0,22.3,S
2021-07-06T10:17:16,100.0,22.3,S
2021-07-06T10:17:16,2300.0,22.3,S
2021-07-06T10:17:16,2600.0,22.3,S
2021-07-06T10:17:16,300.0,22.3,S
2021-07-06T10:17:16,3300.0,22.3,S
2021-07-06T10:17:11,100.0,22.3,S
2021-07-06T10:17:11,700.0,22.3,S
2021-07-06T10:17:11,1200.0,22.3,S
2021-07-06T10:17:08,20000.0,22.3,S
2021-07-06T10:17:05,1300.0,22.3,S
2021-07-06T10:17:05,400.0,22.3,S
2021-07-06T10:17:05,100.0,22.3,S
2021-07-06T10:17:03,600.0,22.3,S
2021-07-06T10:17:02,1000.0,22.35,B
2021-07-06T10:16:58,1000.0,22.3,S
2021-07-06T10:16:52,400.0,22.35,B
2021-07-06T10:16:45,200.0,22.3,S
2021-07-06T10:16:43,1500.0,22.35,B
2021-07-06T10:16:42,100.0,22.35,B
2021-07-06T10:16:39,400.0,22.3,S
2021-07-06T10:16:39,1400.0,22.35,S
2021-07-06T10:16:36,800.0,22.4,B
2021-07-06T10:16:36,100.0,22.35,B
2021-07-06T10:16:36,600.0,22.35,B
2021-07-06T10:16:19,300.0,22.35,S
2021-07-06T10:16:14,2000.0,22.35,S
2021-07-06T10:16:10,3300.0,22.35,S
2021-07-06T10:16:07,4400.0,22.35,B
2021-07-06T10:16:02,1000.0,22.3,S
2021-07-06T10:15:54,400.0,22.35,S
2021-07-06T10:15:54,1000.0,22.35,B
2021-07-06T10:15:54,200.0,22.35,B
2021-07-06T10:15:49,300.0,22.3,S
2021-07-06T10:15:49,1400.0,22.3,S
2021-07-06T10:15:49,100.0,22.3,S
2021-07-06T10:15:47,50000.0,22.3,S
2021-07-06T10:15:46,1000.0,22.3,S
2021-07-06T10:15:41,300.0,22.35,B
2021-07-06T10:15:41,1100.0,22.35,B
2021-07-06T10:15:35,1300.0,22.35,B
2021-07-06T10:15:35,3700.0,22.35,B
2021-07-06T10:15:34,500.0,22.3,S
2021-07-06T10:15:33,1000.0,22.3,S
2021-07-06T10:15:24,1000.0,22.3,S
2021-07-06T10:15:23,1700.0,22.3,S
2021-07-06T10:15:12,200.0,22.3,S
2021-07-06T10:15:02,3300.0,22.3,S
2021-07-06T10:14:58,1400.0,22.3,S
2021-07-06T10:14:58,400.0,22.3,S
2021-07-06T10:14:58,100.0,22.3,S
2021-07-06T10:14:56,600.0,22.3,S
2021-07-06T10:14:56,100.0,22.35,B
2021-07-06T10:14:56,100.0,22.3,S
2021-07-06T10:14:54,200.0,22.35,B
2021-07-06T10:14:52,500.0,22.3,S
2021-07-06T10:14:47,1400.0,22.35,B
2021-07-06T10:14:34,400.0,22.35,B
2021-07-06T10:14:32,200.0,22.35,S
2021-07-06T10:14:32,1700.0,22.35,S
2021-07-06T10:14:32,100.0,22.35,S
2021-07-06T10:14:30,500.0,22.35,S
2021-07-06T10:14:24,100.0,22.35,S
2021-07-06T10:14:24,200.0,22.35,S
2021-07-06T10:14:21,5000.0,22.35,S
2021-07-06T10:14:20,3000.0,22.35,S
2021-07-06T10:14:19,100.0,22.35,S
2021-07-06T10:14:19,2200.0,22.35,B
2021-07-06T10:14:19,1000.0,22.35,B
2021-07-06T10:14:19,6000.0,22.35,B
2021-07-06T10:14:15,2000.0,22.35,B
2021-07-06T10:14:07,1800.0,22.3,S
2021-07-06T10:14:07,100.0,22.3,S
2021-07-06T10:14:06,1000.0,22.35,B
2021-07-06T10:13:57,1300.0,22.35,B
2021-07-06T10:13:52,500.0,22.35,S
2021-07-06T10:13:52,7800.0,22.35,S
2021-07-06T10:13:52,1500.0,22.4,B
2021-07-06T10:13:42,300.0,22.35,S
2021-07-06T10:13:41,200.0,22.35,S
2021-07-06T10:13:41,1400.0,22.35,S
2021-07-06T10:13:33,1000.0,22.35,B
2021-07-06T10:13:32,100.0,22.35,B
2021-07-06T10:13:32,600.0,22.35,B
2021-07-06T10:13:32,1100.0,22.35,B
2021-07-06T10:13:32,1700.0,22.35,B
2021-07-06T10:13:32,200.0,22.35,B
2021-07-06T10:13:32,5600.0,22.35,B
2021-07-06T10:13:32,500.0,22.35,B
2021-07-06T10:13:24,1000.0,22.3,S
2021-07-06T10:13:15,1700.0,22.3,S
2021-07-06T10:13:07,700.0,22.35,B
2021-07-06T10:13:07,100.0,22.35,B
2021-07-06T10:13:07,200.0,22.3,S
2021-07-06T10:13:06,1000.0,22.35,B
2021-07-06T10:13:03,1000.0,22.35,B
2021-07-06T10:13:03,100.0,22.3,S
2021-07-06T10:13:01,1000.0,22.35,B
2021-07-06T10:12:57,100.0,22.35,B
2021-07-06T10:12:57,800.0,22.35,B
2021-07-06T10:12:57,500.0,22.35,B
2021-07-06T10:12:55,1000.0,22.35,B
2021-07-06T10:12:53,2000.0,22.3,S
2021-07-06T10:12:51,1800.0,22.3,S
2021-07-06T10:12:51,100.0,22.3,S
2021-07-06T10:12:50,5500.0,22.3,S
2021-07-06T10:12:49,500.0,22.3,S
2021-07-06T10:12:47,100.0,22.35,B
2021-07-06T10:12:47,500.0,22.3,S
2021-07-06T10:12:47,100.0,22.3,S
2021-07-06T10:12:43,2200.0,22.3,S
2021-07-06T10:12:43,1100.0,22.3,S
2021-07-06T10:12:40,100.0,22.3,S
2021-07-06T10:12:25,1300.0,22.3,S
2021-07-06T10:12:25,100.0,22.3,S
2021-07-06T10:12:24,400.0,22.3,S
2021-07-06T10:12:10,100.0,22.35,B
2021-07-06T10:12:10,1000.0,22.35,B
2021-07-06T10:12:03,1400.0,22.35,B
2021-07-06T10:12:02,200.0,22.35,B
2021-07-06T10:12:01,2000.0,22.35,B
2021-07-06T10:12:00,1800.0,22.3,S
2021-07-06T10:12:00,100.0,22.3,S
2021-07-06T10:11:59,1600.0,22.3,S
2021-07-06T10:11:59,2900.0,22.3,S
2021-07-06T10:11:59,5500.0,22.3,S
2021-07-06T10:11:57,1000.0,22.3,S
2021-07-06T10:11:50,500.0,22.35,B
2021-07-06T10:11:41,1000.0,22.3,S
2021-07-06T10:11:36,6400.0,22.35,B
2021-07-06T10:11:34,1400.0,22.3,S
2021-07-06T10:11:33,3800.0,22.3,S
2021-07-06T10:11:31,500.0,22.3,S
2021-07-06T10:11:30,500.0,22.3,S
2021-07-06T10:11:24,200.0,22.3,S
2021-07-06T10:11:24,200.0,22.3,S
2021-07-06T10:11:24,600.0,22.3,S
2021-07-06T10:11:24,1000.0,22.3,S
2021-07-06T10:11:19,200.0,22.3,S
2021-07-06T10:11:14,4000.0,22.3,S
2021-07-06T10:11:13,4000.0,22.3,S
2021-07-06T10:11:09,400.0,22.3,S
2021-07-06T10:11:09,2700.0,22.3,S
2021-07-06T10:11:02,500.0,22.3,S
2021-07-06T10:11:00,7000.0,22.3,S
2021-07-06T10:10:55,500.0,22.3,B
2021-07-06T10:10:55,2700.0,22.3,B
2021-07-06T10:10:55,1100.0,22.3,B
2021-07-06T10:10:55,5300.0,22.3,B
2021-07-06T10:10:55,1400.0,22.3,B
2021-07-06T10:10:49,1000.0,22.3,B
2021-07-06T10:10:46,100.0,22.3,B
2021-07-06T10:10:45,1000.0,22.3,B
2021-07-06T10:10:44,400.0,22.25,S
2021-07-06T10:10:44,100.0,22.25,S
2021-07-06T10:10:43,1400.0,22.25,S
2021-07-06T10:10:42,1000.0,22.3,B
2021-07-06T10:10:37,1000.0,22.3,B
2021-07-06T10:10:33,4900.0,22.3,B
2021-07-06T10:10:33,1300.0,22.3,B
2021-07-06T10:10:33,1300.0,22.3,B
2021-07-06T10:10:33,300.0,22.3,B
2021-07-06T10:10:33,11300.0,22.3,B
2021-07-06T10:10:33,600.0,22.3,B
2021-07-06T10:10:33,400.0,22.3,B
2021-07-06T10:10:33,2700.0,22.3,B
2021-07-06T10:10:33,400.0,22.3,B
2021-07-06T10:10:33,3500.0,22.3,B
2021-07-06T10:10:33,3300.0,22.3,B
2021-07-06T10:10:28,6000.0,22.3,B
2021-07-06T10:10:25,1000.0,22.3,B
2021-07-06T10:10:22,200.0,22.3,B
2021-07-06T10:10:19,100.0,22.3,B
2021-07-06T10:10:18,1800.0,22.25,S
2021-07-06T10:10:17,200.0,22.3,B
2021-07-06T10:10:15,1000.0,22.3,B
2021-07-06T10:10:13,5000.0,22.3,B
2021-07-06T10:10:13,1500.0,22.3,B
2021-07-06T10:10:01,2000.0,22.3,B
2021-07-06T10:10:01,300.0,22.3,B
2021-07-06T10:10:01,8000.0,22.3,B
2021-07-06T10:10:01,100.0,22.3,B
2021-07-06T10:10:01,2500.0,22.3,B
2021-07-06T10:10:01,1500.0,22.3,B
2021-07-06T10:10:01,1400.0,22.3,B
2021-07-06T10:10:01,1000.0,22.3,B
2021-07-06T10:10:01,10200.0,22.3,B
2021-07-06T10:09:53,1000.0,22.3,B
2021-07-06T10:09:53,500.0,22.25,S
2021-07-06T10:09:52,21400.0,22.3,B
2021-07-06T10:09:52,3600.0,22.3,B
2021-07-06T10:09:52,1400.0,22.25,S
2021-07-06T10:09:41,200.0,22.3,B
2021-07-06T10:09:38,300.0,22.3,B
2021-07-06T10:09:37,500.0,22.3,B
2021-07-06T10:09:37,100.0,22.3,B
2021-07-06T10:09:28,200.0,22.3,B
2021-07-06T10:09:27,300.0,22.25,S
2021-07-06T10:09:27,1400.0,22.25,S
2021-07-06T10:09:27,200.0,22.25,S
2021-07-06T10:09:27,3000.0,22.25,S
2021-07-06T10:09:24,1000.0,22.3,B
2021-07-06T10:09:19,1000.0,22.3,B
2021-07-06T10:09:19,1400.0,22.3,B
2021-07-06T10:09:16,800.0,22.25,S
2021-07-06T10:09:16,2500.0,22.25,S
2021-07-06T10:09:11,100.0,22.25,S
2021-07-06T10:09:09,500.0,22.3,B
2021-07-06T10:09:05,2000.0,22.3,B
2021-07-06T10:09:01,1700.0,22.25,S
2021-07-06T10:08:54,12000.0,22.3,B
2021-07-06T10:08:54,800.0,22.3,B
2021-07-06T10:08:51,100.0,22.25,S
2021-07-06T10:08:36,1400.0,22.25,S
2021-07-06T10:08:36,200.0,22.25,S
2021-07-06T10:08:36,300.0,22.25,S
2021-07-06T10:08:35,1000.0,22.3,B
2021-07-06T10:08:25,100.0,22.25,S
2021-07-06T10:08:25,200.0,22.25,S
2021-07-06T10:08:24,1400.0,22.3,B
2021-07-06T10:08:17,200.0,22.3,B
2021-07-06T10:08:15,500.0,22.25,S
2021-07-06T10:08:11,1500.0,22.25,S
2021-07-06T10:08:11,300.0,22.25,S
2021-07-06T10:08:05,2200.0,22.3,B
2021-07-06T10:08:01,100.0,22.25,B
2021-07-06T10:07:58,100.0,22.2,S
2021-07-06T10:07:55,500.0,22.2,S
2021-07-06T10:07:50,200.0,22.2,S
2021-07-06T10:07:49,200.0,22.2,S
2021-07-06T10:07:46,100.0,22.2,S
2021-07-06T10:07:46,400.0,22.2,S
2021-07-06T10:07:45,100.0,22.2,S
2021-07-06T10:07:45,1400.0,22.2,S
2021-07-06T10:07:44,4900.0,22.2,B
2021-07-06T10:07:44,100.0,22.2,B
2021-07-06T10:07:44,3000.0,22.2,B
2021-07-06T10:07:44,600.0,22.2,B
2021-07-06T10:07:44,500.0,22.2,B
2021-07-06T10:07:44,300.0,22.2,B
2021-07-06T10:07:44,600.0,22.2,B
2021-07-06T10:07:43,1200.0,22.2,B
2021-07-06T10:07:43,1900.0,22.2,B
2021-07-06T10:07:43,200.0,22.2,B
2021-07-06T10:07:43,2200.0,22.2,B
2021-07-06T10:07:43,10200.0,22.2,B
2021-07-06T10:07:39,1000.0,22.2,B
2021-07-06T10:07:38,1000.0,22.2,B
2021-07-06T10:07:38,200.0,22.2,B
2021-07-06T10:07:37,1000.0,22.2,B
2021-07-06T10:07:35,500.0,22.15,S
2021-07-06T10:07:35,1000.0,22.2,B
2021-07-06T10:07:29,100.0,22.15,S
2021-07-06T10:07:29,1400.0,22.2,B
2021-07-06T10:07:22,200.0,22.2,B
2021-07-06T10:07:21,400.0,22.2,B
2021-07-06T10:07:20,300.0,22.15,S
2021-07-06T10:07:20,1500.0,22.15,S
2021-07-06T10:07:18,700.0,22.2,B
2021-07-06T10:07:12,500.0,22.15,S
2021-07-06T10:07:11,200.0,22.15,S
2021-07-06T10:07:07,300.0,22.2,B
2021-07-06T10:06:57,3400.0,22.15,S
2021-07-06T10:06:55,500.0,22.15,S
2021-07-06T10:06:54,1300.0,22.15,S
2021-07-06T10:06:53,400.0,22.15,S
2021-07-06T10:06:46,500.0,22.15,S
2021-07-06T10:06:43,100.0,22.15,B
2021-07-06T10:06:43,1900.0,22.15,B
2021-07-06T10:06:43,9000.0,22.15,B
2021-07-06T10:06:36,12100.0,22.15,B
2021-07-06T10:06:36,3100.0,22.15,B
2021-07-06T10:06:34,1500.0,22.15,B
2021-07-06T10:06:32,200.0,22.15,B
2021-07-06T10:06:29,1900.0,22.1,S
2021-07-06T10:06:25,600.0,22.1,S
2021-07-06T10:06:23,200.0,22.1,B
2021-07-06T10:06:23,100.0,22.1,B
2021-07-06T10:06:22,200.0,22.1,B
2021-07-06T10:06:22,1000.0,22.1,B
2021-07-06T10:06:20,1700.0,22.1,B
2021-07-06T10:06:20,1200.0,22.1,B
2021-07-06T10:06:20,2500.0,22.1,B
2021-07-06T10:06:20,100.0,22.1,B
2021-07-06T10:06:18,1000.0,22.1,B
2021-07-06T10:06:15,100.0,22.1,B
2021-07-06T10:06:15,2000.0,22.1,B
2021-07-06T10:06:14,2900.0,22.1,B
2021-07-06T10:06:14,1700.0,22.1,B
2021-07-06T10:06:14,400.0,22.1,B
2021-07-06T10:06:13,200.0,22.1,B
2021-07-06T10:06:12,100.0,22.1,B
2021-07-06T10:06:12,1100.0,22.1,B
2021-07-06T10:06:11,2000.0,22.1,B
2021-07-06T10:06:09,7700.0,22.1,B
2021-07-06T10:06:09,6000.0,22.1,B
2021-07-06T10:06:09,5900.0,22.1,B
2021-07-06T10:06:09,400.0,22.1,B
2021-07-06T10:06:08,100.0,22.1,B
2021-07-06T10:06:03,400.0,22.05,S
2021-07-06T10:06:03,1300.0,22.05,S
2021-07-06T10:06:03,100.0,22.05,S
2021-07-06T10:06:02,4000.0,22.1,B
2021-07-06T10:05:54,5000.0,22.1,B
2021-07-06T10:05:54,2500.0,22.1,B
2021-07-06T10:05:49,1000.0,22.1,B
2021-07-06T10:05:48,300.0,22.1,B
2021-07-06T10:05:39,1400.0,22.1,B
2021-07-06T10:05:38,6100.0,22.05,S
2021-07-06T10:05:38,1800.0,22.05,S
2021-07-06T10:05:38,100.0,22.05,S
2021-07-06T10:05:37,600.0,22.1,B
2021-07-06T10:05:37,1000.0,22.1,B
2021-07-06T10:05:37,400.0,22.1,B
2021-07-06T10:05:36,100.0,22.1,B
2021-07-06T10:05:34,100.0,22.1,B
2021-07-06T10:05:34,1000.0,22.1,B
2021-07-06T10:05:32,6000.0,22.05,S
2021-07-06T10:05:28,500.0,22.1,B
2021-07-06T10:05:26,1000.0,22.1,B
2021-07-06T10:05:25,200.0,22.05,S
2021-07-06T10:05:20,1000.0,22.05,S
2021-07-06T10:05:20,3000.0,22.05,S
2021-07-06T10:05:17,200.0,22.05,S
2021-07-06T10:05:13,500.0,22.05,S
2021-07-06T10:05:13,800.0,22.05,S
2021-07-06T10:05:12,400.0,22.05,S
2021-07-06T10:05:09,300.0,22.05,S
2021-07-06T10:05:09,2200.0,22.05,S
2021-07-06T10:05:08,100.0,22.05,S
2021-07-06T10:05:04,100.0,22.05,S
2021-07-06T10:05:03,100.0,22.1,B
2021-07-06T10:05:00,1000.0,22.05,S
2021-07-06T10:04:49,400.0,22.05,S
2021-07-06T10:04:46,200.0,22.05,S
2021-07-06T10:04:46,1700.0,22.05,S
2021-07-06T10:04:46,1400.0,22.1,B
2021-07-06T10:04:43,100.0,22.1,B
2021-07-06T10:04:39,3300.0,22.05,S
2021-07-06T10:04:30,3000.0,22.05,S
2021-07-06T10:04:29,2000.0,22.1,B
2021-07-06T10:04:23,100.0,22.1,B
2021-07-06T10:04:23,2000.0,22.1,B
2021-07-06T10:04:23,500.0,22.1,B
2021-07-06T10:04:23,3500.0,22.1,B
2021-07-06T10:04:23,300.0,22.1,B
2021-07-06T10:04:23,800.0,22.1,B
2021-07-06T10:04:23,600.0,22.1,B
2021-07-06T10:04:23,10700.0,22.1,B
2021-07-06T10:04:23,500.0,22.1,B
2021-07-06T10:04:23,6000.0,22.1,B
2021-07-06T10:04:22,400.0,22.05,S
2021-07-06T10:04:22,1500.0,22.05,S
2021-07-06T10:04:15,500.0,22.05,S
2021-07-06T10:04:12,200.0,22.1,B
2021-07-06T10:04:11,2000.0,22.05,S
2021-07-06T10:04:11,1000.0,22.05,S
2021-07-06T10:04:06,500.0,22.05,S
2021-07-06T10:04:05,3000.0,22.05,S
2021-07-06T10:03:57,300.0,22.05,B
2021-07-06T10:03:56,400.0,22.0,S
2021-07-06T10:03:56,300.0,22.1,B
2021-07-06T10:03:56,3600.0,22.1,B
2021-07-06T10:03:56,3500.0,22.1,B
2021-07-06T10:03:54,100.0,22.05,S
2021-07-06T10:03:53,400.0,22.05,S
2021-07-06T10:03:51,200.0,22.1,B
2021-07-06T10:03:51,500.0,22.0,S
2021-07-06T10:03:51,900.0,22.0,S
2021-07-06T10:03:51,1100.0,22.0,S
2021-07-06T10:03:51,1000.0,22.0,S
2021-07-06T10:03:51,600.0,22.0,S
2021-07-06T10:03:51,600.0,22.0,S
2021-07-06T10:03:51,6200.0,22.0,S
2021-07-06T10:03:51,2100.0,22.0,S
2021-07-06T10:03:51,100.0,22.0,S
2021-07-06T10:03:51,100.0,22.0,S
2021-07-06T10:03:51,500.0,22.0,S
2021-07-06T10:03:51,4000.0,22.0,S
2021-07-06T10:03:51,1100.0,22.05,S
2021-07-06T10:03:51,1100.0,22.05,S
2021-07-06T10:03:51,700.0,22.05,S
2021-07-06T10:03:51,3800.0,22.05,S
2021-07-06T10:03:51,1200.0,22.05,S
2021-07-06T10:03:51,2700.0,22.05,S
2021-07-06T10:03:51,2000.0,22.05,S
2021-07-06T10:03:51,200.0,22.05,S
2021-07-06T10:03:51,700.0,22.05,S
2021-07-06T10:03:51,200.0,22.05,S
2021-07-06T10:03:51,1100.0,22.05,S
2021-07-06T10:03:51,3100.0,22.05,S
2021-07-06T10:03:51,200.0,22.05,S
2021-07-06T10:03:51,100.0,22.05,S
2021-07-06T10:03:51,2200.0,22.05,S
2021-07-06T10:03:51,200.0,22.05,S
2021-07-06T10:03:51,2300.0,22.05,S
2021-07-06T10:03:51,1000.0,22.05,S
2021-07-06T10:03:51,6400.0,22.05,S
2021-07-06T10:03:51,1400.0,22.1,B
2021-07-06T10:03:49,4000.0,22.05,S
2021-07-06T10:03:47,1600.0,22.05,S
2021-07-06T10:03:47,100.0,22.05,S
2021-07-06T10:03:47,2000.0,22.05,S
2021-07-06T10:03:47,3800.0,22.05,S
2021-07-06T10:03:47,200.0,22.05,S
2021-07-06T10:03:47,4500.0,22.05,S
2021-07-06T10:03:47,7800.0,22.05,S
2021-07-06T10:03:44,500.0,22.05,S
2021-07-06T10:03:44,800.0,22.1,B
2021-07-06T10:03:44,100.0,22.1,B
2021-07-06T10:03:44,24100.0,22.1,B
2021-07-06T10:03:37,3000.0,22.05,S
2021-07-06T10:03:31,1800.0,22.05,S
2021-07-06T10:03:31,3500.0,22.05,S
2021-07-06T10:03:30,2300.0,22.1,B
2021-07-06T10:03:30,100.0,22.1,B
2021-07-06T10:03:30,7000.0,22.1,B
2021-07-06T10:03:30,1300.0,22.1,B
2021-07-06T10:03:30,500.0,22.1,B
2021-07-06T10:03:30,1200.0,22.1,B
2021-07-06T10:03:30,1200.0,22.1,B
2021-07-06T10:03:30,700.0,22.1,B
2021-07-06T10:03:30,200.0,22.1,B
2021-07-06T10:03:30,500.0,22.1,B
2021-07-06T10:03:29,400.0,22.05,S
2021-07-06T10:03:21,2300.0,22.05,S
2021-07-06T10:03:21,7700.0,22.05,S
2021-07-06T10:03:15,500.0,22.1,B
2021-07-06T10:03:11,500.0,22.05,S
2021-07-06T10:03:05,1300.0,22.05,S
2021-07-06T10:03:05,500.0,22.05,S
2021-07-06T10:03:04,100.0,22.1,B
2021-07-06T10:03:02,1000.0,22.05,S
2021-07-06T10:02:55,200.0,22.1,B
2021-07-06T10:02:55,900.0,22.1,B
2021-07-06T10:02:55,100.0,22.1,B
2021-07-06T10:02:55,300.0,22.1,B
2021-07-06T10:02:55,500.0,22.1,B
2021-07-06T10:02:49,100.0,22.05,S
2021-07-06T10:02:49,200.0,22.1,B
2021-07-06T10:02:49,100.0,22.1,B
2021-07-06T10:02:46,1000.0,22.1,B
2021-07-06T10:02:46,2000.0,22.05,S
2021-07-06T10:02:42,100.0,22.1,B
2021-07-06T10:02:40,1800.0,22.05,S
2021-07-06T10:02:35,900.0,22.1,B
2021-07-06T10:02:34,200.0,22.05,S
2021-07-06T10:02:32,5000.0,22.05,S
2021-07-06T10:02:31,10000.0,22.1,B
2021-07-06T10:02:29,100.0,22.1,B
2021-07-06T10:02:26,100.0,22.05,S
2021-07-06T10:02:19,200.0,22.1,B
2021-07-06T10:02:15,1400.0,22.05,S
2021-07-06T10:02:15,2000.0,22.1,B
2021-07-06T10:02:15,400.0,22.05,S
2021-07-06T10:02:15,200.0,22.05,S
2021-07-06T10:02:02,1500.0,22.1,B
2021-07-06T10:01:50,2000.0,22.05,S
2021-07-06T10:01:50,1800.0,22.05,S
2021-07-06T10:01:38,500.0,22.1,B
2021-07-06T10:01:30,1000.0,22.1,B
2021-07-06T10:01:30,2000.0,22.05,S
2021-07-06T10:01:25,500.0,22.05,S
2021-07-06T10:01:24,1400.0,22.05,S
2021-07-06T10:01:24,500.0,22.05,S
2021-07-06T10:01:21,3000.0,22.1,B
2021-07-06T10:01:15,1000.0,22.1,B
2021-07-06T10:01:10,1300.0,22.05,S
2021-07-06T10:01:07,300.0,22.1,B
2021-07-06T10:01:07,1400.0,22.1,B
2021-07-06T10:01:06,10000.0,22.05,S
2021-07-06T10:01:03,300.0,22.1,B
2021-07-06T10:00:59,400.0,22.05,S
2021-07-06T10:00:58,3300.0,22.05,S
2021-07-06T10:00:37,100.0,22.1,B
2021-07-06T10:00:34,500.0,22.1,B
2021-07-06T10:00:33,1400.0,22.05,S
2021-07-06T10:00:33,400.0,22.05,S
2021-07-06T10:00:29,500.0,22.05,S
2021-07-06T10:00:28,1200.0,22.1,B
2021-07-06T10:00:27,3000.0,22.05,S
2021-07-06T10:00:26,100.0,22.1,B
2021-07-06T10:00:26,500.0,22.1,B
2021-07-06T10:00:25,100.0,22.1,B
2021-07-06T10:00:20,300.0,22.1,B
2021-07-06T10:00:17,1100.0,22.1,B
2021-07-06T10:00:17,500.0,22.1,B
2021-07-06T10:00:13,1900.0,22.1,B
2021-07-06T10:00:12,1400.0,22.1,B
2021-07-06T10:00:08,2000.0,22.1,B
2021-07-06T10:00:08,600.0,22.05,S
2021-07-06T10:00:06,1400.0,22.05,S
2021-07-06T10:00:03,400.0,22.1,B
2021-07-06T09:59:55,300.0,22.05,S
2021-07-06T09:59:52,30000.0,22.1,B
2021-07-06T09:59:41,1500.0,22.05,S
2021-07-06T09:59:41,300.0,22.05,S
2021-07-06T09:59:40,1000.0,22.1,B
2021-07-06T09:59:33,8600.0,22.05,S
2021-07-06T09:59:33,3400.0,22.05,S
2021-07-06T09:59:30,400.0,22.05,S
2021-07-06T09:59:24,100.0,22.05,S
2021-07-06T09:59:22,500.0,22.1,B
2021-07-06T09:59:18,1400.0,22.1,B
2021-07-06T09:59:17,600.0,22.05,S
2021-07-06T09:59:17,200.0,22.05,S
2021-07-06T09:59:17,600.0,22.05,S
2021-07-06T09:59:17,500.0,22.05,S
2021-07-06T09:59:12,500.0,22.05,S
2021-07-06T09:59:11,1000.0,22.1,B
2021-07-06T09:59:09,200.0,22.1,B
2021-07-06T09:59:06,100.0,22.05,S
2021-07-06T09:59:06,100.0,22.1,B
2021-07-06T09:59:04,500.0,22.1,B
2021-07-06T09:58:59,1000.0,22.1,B
2021-07-06T09:58:50,1300.0,22.05,S
2021-07-06T09:58:50,400.0,22.05,S
2021-07-06T09:58:48,500.0,22.1,B
2021-07-06T09:58:44,3000.0,22.05,S
2021-07-06T09:58:26,1400.0,22.05,S
2021-07-06T09:58:26,100.0,22.05,S
2021-07-06T09:58:26,300.0,22.05,S
2021-07-06T09:58:25,1000.0,22.05,S
2021-07-06T09:58:22,1300.0,22.1,B
2021-07-06T09:58:21,300.0,22.05,S
2021-07-06T09:58:10,700.0,22.05,S
2021-07-06T09:58:06,1000.0,22.05,S
2021-07-06T09:58:02,500.0,22.1,B
2021-07-06T09:57:59,1400.0,22.05,S
2021-07-06T09:57:59,500.0,22.05,S
2021-07-06T09:57:59,500.0,22.05,S
2021-07-06T09:57:57,1000.0,22.1,B
2021-07-06T09:57:52,1000.0,22.05,S
2021-07-06T09:57:50,200.0,22.05,S
2021-07-06T09:57:47,5000.0,22.05,S
2021-07-06T09:57:47,100.0,22.1,B
2021-07-06T09:57:44,500.0,22.05,S
2021-07-06T09:57:43,200.0,22.05,S
2021-07-06T09:57:39,600.0,22.05,S
2021-07-06T09:57:37,1600.0,22.05,S
2021-07-06T09:57:35,1600.0,22.05,S
2021-07-06T09:57:35,300.0,22.05,S
2021-07-06T09:57:29,100.0,22.05,B
2021-07-06T09:57:29,700.0,22.05,B
2021-07-06T09:57:29,6100.0,22.05,B
2021-07-06T09:57:29,1400.0,22.05,B
2021-07-06T09:57:23,1000.0,22.05,B
2021-07-06T09:57:21,600.0,22.0,S
2021-07-06T09:57:21,2000.0,22.0,S
2021-07-06T09:57:17,1000.0,22.05,B
2021-07-06T09:57:15,200.0,22.0,S
2021-07-06T09:57:14,2000.0,22.05,B
2021-07-06T09:57:12,5000.0,22.05,B
2021-07-06T09:57:09,100.0,22.0,S
2021-07-06T09:57:09,400.0,22.0,S
2021-07-06T09:57:08,1000.0,22.0,S
2021-07-06T09:57:08,1400.0,22.0,S
2021-07-06T09:57:07,3000.0,22.05,B
2021-07-06T09:57:02,200.0,22.0,S
2021-07-06T09:56:59,1000.0,22.05,B
2021-07-06T09:56:52,300.0,22.0,S
2021-07-06T09:56:52,1200.0,22.0,S
2021-07-06T09:56:49,200.0,22.05,B
2021-07-06T09:56:46,800.0,22.0,S
2021-07-06T09:56:46,500.0,22.0,S
2021-07-06T09:56:44,1700.0,22.0,S
2021-07-06T09:56:35,500.0,22.0,S
2021-07-06T09:56:34,1400.0,22.05,B
2021-07-06T09:56:33,400.0,22.0,S
2021-07-06T09:56:31,3000.0,22.0,S
2021-07-06T09:56:30,100.0,22.0,S
2021-07-06T09:56:29,100.0,22.0,S
2021-07-06T09:56:25,400.0,22.0,S
2021-07-06T09:56:21,600.0,22.0,B
2021-07-06T09:56:21,800.0,22.0,B
2021-07-06T09:56:21,800.0,22.0,B
2021-07-06T09:56:21,3000.0,22.0,B
2021-07-06T09:56:21,1200.0,22.0,B
2021-07-06T09:56:21,2500.0,22.0,B
2021-07-06T09:56:21,2000.0,22.0,B
2021-07-06T09:56:21,1100.0,22.0,B
2021-07-06T09:56:21,1000.0,22.0,B
2021-07-06T09:56:21,200.0,22.0,B
2021-07-06T09:56:21,2000.0,22.0,B
2021-07-06T09:56:21,3400.0,22.0,B
2021-07-06T09:56:21,7100.0,22.0,B
2021-07-06T09:56:21,200.0,22.0,B
2021-07-06T09:56:21,2000.0,22.0,B
2021-07-06T09:56:21,2700.0,22.0,B
2021-07-06T09:56:21,1600.0,22.0,B
2021-07-06T09:56:21,2400.0,22.0,B
2021-07-06T09:56:21,3000.0,22.0,B
2021-07-06T09:56:21,1600.0,22.0,B
2021-07-06T09:56:19,1800.0,21.95,S
2021-07-06T09:56:17,500.0,22.0,B
2021-07-06T09:56:16,3000.0,22.0,B
2021-07-06T09:56:16,14300.0,22.0,B
2021-07-06T09:56:16,2300.0,22.0,B
2021-07-06T09:56:16,2500.0,22.0,B
2021-07-06T09:56:16,500.0,22.0,B
2021-07-06T09:56:16,1600.0,22.0,B
2021-07-06T09:56:16,1100.0,22.0,B
2021-07-06T09:56:16,3100.0,22.0,B
2021-07-06T09:56:16,5000.0,22.0,B
2021-07-06T09:56:16,2200.0,22.0,B
2021-07-06T09:56:16,2200.0,22.0,B
2021-07-06T09:56:16,400.0,22.0,B
2021-07-06T09:56:16,100.0,22.0,B
2021-07-06T09:56:16,5400.0,22.0,B
2021-07-06T09:56:16,800.0,22.0,B
2021-07-06T09:56:16,8500.0,22.0,B
2021-07-06T09:56:10,500.0,22.0,B
2021-07-06T09:56:10,1000.0,22.0,B
2021-07-06T09:56:10,2000.0,22.0,B
2021-07-06T09:56:06,100.0,22.0,B
2021-07-06T09:56:06,1000.0,21.95,S
2021-07-06T09:56:04,1000.0,22.0,B
2021-07-06T09:56:03,6000.0,21.95,S
2021-07-06T09:56:00,400.0,21.95,S
2021-07-06T09:56:00,1000.0,22.0,B
2021-07-06T09:55:53,1400.0,21.95,S
2021-07-06T09:55:53,100.0,21.95,S
2021-07-06T09:55:53,400.0,21.95,S
2021-07-06T09:55:52,100.0,22.0,B
2021-07-06T09:55:45,500.0,21.95,S
2021-07-06T09:55:45,100.0,22.0,B
2021-07-06T09:55:39,1000.0,21.95,S
2021-07-06T09:55:39,1400.0,22.0,B
2021-07-06T09:55:35,200.0,21.95,S
2021-07-06T09:55:30,200.0,21.95,S
2021-07-06T09:55:30,300.0,21.95,S
2021-07-06T09:55:27,1400.0,21.95,S
2021-07-06T09:55:27,500.0,21.95,S
2021-07-06T09:55:19,1500.0,21.95,S
2021-07-06T09:55:14,10000.0,22.0,B
2021-07-06T09:55:14,6200.0,22.0,B
2021-07-06T09:55:14,200.0,22.0,B
2021-07-06T09:55:14,3600.0,22.0,B
2021-07-06T09:55:06,1900.0,22.0,B
2021-07-06T09:55:06,100.0,22.0,B
2021-07-06T09:55:02,500.0,21.95,S
2021-07-06T09:55:02,1700.0,21.95,S
2021-07-06T09:55:01,100.0,21.95,S
2021-07-06T09:54:58,200.0,21.95,S
2021-07-06T09:54:48,20000.0,21.95,S
2021-07-06T09:54:46,100.0,22.0,B
2021-07-06T09:54:46,300.0,21.95,S
2021-07-06T09:54:45,1400.0,22.0,B
2021-07-06T09:54:43,500.0,21.95,S
2021-07-06T09:54:40,1200.0,21.95,S
2021-07-06T09:54:37,1400.0,21.95,S
2021-07-06T09:54:37,400.0,21.95,S
2021-07-06T09:54:32,500.0,22.0,B
2021-07-06T09:54:32,300.0,22.0,B
2021-07-06T09:54:32,200.0,22.0,B
2021-07-06T09:54:30,800.0,22.0,B
2021-07-06T09:54:30,1200.0,22.0,B
2021-07-06T09:54:24,200.0,21.95,S
2021-07-06T09:54:17,500.0,22.0,B
2021-07-06T09:54:13,300.0,21.95,S
2021-07-06T09:54:12,100.0,21.95,S
2021-07-06T09:54:11,1400.0,21.95,S
2021-07-06T09:54:09,100.0,22.0,B
2021-07-06T09:54:07,200.0,21.95,S
2021-07-06T09:54:06,1000.0,22.0,B
2021-07-06T09:54:04,300.0,21.95,S
2021-07-06T09:54:04,1000.0,22.0,B
2021-07-06T09:53:59,8600.0,21.95,S
2021-07-06T09:53:59,7300.0,21.95,S
2021-07-06T09:53:59,4100.0,21.95,S
2021-07-06T09:53:58,800.0,22.0,B
2021-07-06T09:53:54,1000.0,21.95,S
2021-07-06T09:53:54,2000.0,21.95,S
2021-07-06T09:53:52,100.0,22.0,B
2021-07-06T09:53:51,1500.0,22.0,B
2021-07-06T09:53:50,1500.0,22.0,B
2021-07-06T09:53:49,5000.0,21.95,S
2021-07-06T09:53:46,100.0,21.95,S
2021-07-06T09:53:46,400.0,21.95,S
2021-07-06T09:53:46,1400.0,21.95,S
2021-07-06T09:53:46,1600.0,21.95,S
2021-07-06T09:53:46,700.0,21.95,S
2021-07-06T09:53:46,5200.0,21.95,S
2021-07-06T09:53:46,500.0,21.95,S
2021-07-06T09:53:46,4000.0,21.95,S
2021-07-06T09:53:46,100.0,21.95,S
2021-07-06T09:53:36,300.0,21.95,S
2021-07-06T09:53:35,1000.0,22.0,B
2021-07-06T09:53:28,1000.0,22.0,B
2021-07-06T09:53:21,1400.0,22.0,B
2021-07-06T09:53:20,1700.0,21.95,S
2021-07-06T09:53:20,100.0,21.95,S
2021-07-06T09:53:19,2000.0,22.0,B
2021-07-06T09:53:17,500.0,21.95,S
2021-07-06T09:53:17,100.0,21.95,S
2021-07-06T09:53:12,100.0,21.95,S
2021-07-06T09:53:12,1000.0,21.95,S
2021-07-06T09:53:01,100.0,21.95,S
2021-07-06T09:52:59,100.0,21.95,S
2021-07-06T09:52:58,100.0,21.95,S
2021-07-06T09:52:56,1000.0,21.95,S
2021-07-06T09:52:55,1300.0,21.95,S
2021-07-06T09:52:55,600.0,21.95,S
2021-07-06T09:52:46,400.0,21.95,S
2021-07-06T09:52:42,1000.0,22.0,B
2021-07-06T09:52:40,100.0,22.0,B
2021-07-06T09:52:33,500.0,21.95,S
2021-07-06T09:52:33,200.0,21.95,S
2021-07-06T09:52:33,300.0,21.95,S
2021-07-06T09:52:33,500.0,21.95,S
2021-07-06T09:52:32,500.0,22.0,B
2021-07-06T09:52:30,1400.0,21.95,S
2021-07-06T09:52:29,400.0,21.95,S
2021-07-06T09:52:28,200.0,22.0,B
2021-07-06T09:52:24,1000.0,22.0,B
2021-07-06T09:52:09,2000.0,22.0,B
2021-07-06T09:52:04,100.0,21.95,S
2021-07-06T09:52:03,200.0,21.95,S
2021-07-06T09:52:03,1000.0,21.95,S
2021-07-06T09:52:03,200.0,21.95,S
2021-07-06T09:52:03,2400.0,21.95,S
2021-07-06T09:51:52,100.0,21.95,S
2021-07-06T09:51:52,400.0,21.95,S
2021-07-06T09:51:51,1000.0,22.0,B
2021-07-06T09:51:47,500.0,22.0,B
2021-07-06T09:51:47,2500.0,21.95,B
2021-07-06T09:51:44,800.0,21.95,B
2021-07-06T09:51:44,200.0,21.95,B
2021-07-06T09:51:39,1800.0,21.9,S
2021-07-06T09:51:39,100.0,21.9,S
2021-07-06T09:51:35,11200.0,21.9,S
2021-07-06T09:51:35,200.0,22.0,B
2021-07-06T09:51:35,2100.0,21.95,B
2021-07-06T09:51:31,300.0,21.95,B
2021-07-06T09:51:26,2000.0,21.95,B
2021-07-06T09:51:20,500.0,21.95,B
2021-07-06T09:51:19,1000.0,21.95,B
2021-07-06T09:51:18,500.0,21.95,B
2021-07-06T09:51:17,5900.0,21.95,S
2021-07-06T09:51:17,800.0,22.0,B
2021-07-06T09:51:16,1400.0,21.95,S
2021-07-06T09:51:15,100.0,21.95,S
2021-07-06T09:51:15,100.0,21.95,S
2021-07-06T09:51:14,10000.0,22.0,B
2021-07-06T09:51:14,2200.0,21.95,B
2021-07-06T09:51:12,400.0,21.95,B
2021-07-06T09:51:11,200.0,21.95,B
2021-07-06T09:51:09,100.0,21.95,B
2021-07-06T09:51:07,100.0,21.95,B
2021-07-06T09:51:03,2000.0,21.95,B
2021-07-06T09:51:01,41400.0,21.9,S
2021-07-06T09:51:01,5400.0,21.9,S
2021-07-06T09:51:01,6000.0,21.9,S
2021-07-06T09:51:01,50700.0,21.9,S
2021-07-06T09:51:01,8200.0,21.9,S
2021-07-06T09:51:01,13600.0,21.9,S
2021-07-06T09:51:01,700.0,21.95,S
2021-07-06T09:51:01,100.0,21.95,S
2021-07-06T09:51:01,2000.0,21.95,S
2021-07-06T09:51:01,62500.0,21.95,S
2021-07-06T09:51:01,1600.0,21.95,S
2021-07-06T09:51:01,3000.0,21.95,S
2021-07-06T09:51:01,4500.0,21.95,S
2021-07-06T09:51:01,1000.0,21.95,S
2021-07-06T09:51:01,9200.0,21.95,S
2021-07-06T09:51:01,4100.0,21.95,S
2021-07-06T09:51:01,1000.0,21.95,S
2021-07-06T09:51:01,16400.0,21.95,S
2021-07-06T09:51:01,8600.0,21.95,S
2021-07-06T09:50:53,2000.0,22.0,B
2021-07-06T09:50:52,200.0,22.0,B
2021-07-06T09:50:50,500.0,22.0,B
2021-07-06T09:50:48,1900.0,21.95,S
2021-07-06T09:50:45,7200.0,22.0,B
2021-07-06T09:50:42,4200.0,22.0,B
2021-07-06T09:50:37,2000.0,21.95,S
2021-07-06T09:50:32,500.0,22.0,B
2021-07-06T09:50:30,400.0,21.95,S
2021-07-06T09:50:25,1000.0,22.0,B
2021-07-06T09:50:23,400.0,21.95,S
2021-07-06T09:50:21,100.0,21.95,S
2021-07-06T09:50:21,1400.0,21.95,S
2021-07-06T09:50:14,2000.0,21.95,S
2021-07-06T09:50:14,600.0,22.0,B
2021-07-06T09:50:10,400.0,22.0,B
2021-07-06T09:50:09,100.0,22.0,B
2021-07-06T09:50:09,400.0,22.0,B
2021-07-06T09:50:06,1000.0,22.0,B
2021-07-06T09:50:04,200.0,22.0,B
2021-07-06T09:50:02,2000.0,22.0,B
2021-07-06T09:50:02,4500.0,22.0,B
2021-07-06T09:50:01,100.0,22.0,B
2021-07-06T09:49:58,1400.0,21.95,S
2021-07-06T09:49:58,400.0,21.95,S
2021-07-06T09:49:57,600.0,22.0,S
2021-07-06T09:49:57,20500.0,22.0,S
2021-07-06T09:49:56,3000.0,22.05,B
2021-07-06T09:49:50,3700.0,22.0,S
2021-07-06T09:49:46,21000.0,22.0,B
2021-07-06T09:49:46,500.0,22.0,B
2021-07-06T09:49:46,2400.0,22.0,B
2021-07-06T09:49:46,36100.0,22.0,B
2021-07-06T09:49:46,17900.0,22.0,B
2021-07-06T09:49:44,100.0,22.0,B
2021-07-06T09:49:43,500.0,22.0,B
2021-07-06T09:49:34,1400.0,22.0,B
2021-07-06T09:49:34,600.0,22.0,B
2021-07-06T09:49:34,100.0,22.0,B
2021-07-06T09:49:33,3500.0,22.0,B
2021-07-06T09:49:31,500.0,21.95,S
2021-07-06T09:49:31,400.0,21.95,S
2021-07-06T09:49:31,500.0,21.95,S
2021-07-06T09:49:31,500.0,21.95,S
2021-07-06T09:49:31,300.0,22.0,B
2021-07-06T09:49:31,100.0,22.0,B
2021-07-06T09:49:29,800.0,22.0,B
2021-07-06T09:49:25,500.0,22.0,B
2021-07-06T09:49:23,500.0,22.0,B
2021-07-06T09:49:23,500.0,22.0,B
2021-07-06T09:49:20,200.0,21.95,S
2021-07-06T09:49:17,200.0,22.0,B
2021-07-06T09:49:16,200.0,22.0,B
2021-07-06T09:49:15,1400.0,21.95,S
2021-07-06T09:49:15,100.0,21.95,S
2021-07-06T09:49:14,2000.0,21.95,S
2021-07-06T09:49:14,2300.0,21.95,S
2021-07-06T09:49:14,1900.0,21.95,S
2021-07-06T09:49:14,1500.0,21.95,S
2021-07-06T09:49:14,3700.0,21.95,S
2021-07-06T09:49:14,100.0,21.95,S
2021-07-06T09:49:14,2100.0,21.95,S
2021-07-06T09:49:12,100.0,21.95,S
2021-07-06T09:49:11,900.0,21.95,S
2021-07-06T09:49:10,2000.0,21.95,S
2021-07-06T09:49:10,500.0,22.0,B
2021-07-06T09:49:08,1000.0,22.0,B
2021-07-06T09:49:07,300.0,22.0,B
2021-07-06T09:49:05,1400.0,21.95,S
2021-07-06T09:49:05,400.0,21.95,S
2021-07-06T09:49:04,500.0,22.0,B
2021-07-06T09:49:03,100.0,22.0,B
2021-07-06T09:49:02,500.0,22.0,B
2021-07-06T09:49:00,2100.0,22.0,B
2021-07-06T09:48:57,500.0,22.0,B
2021-07-06T09:48:54,1000.0,22.0,B
2021-07-06T09:48:50,100.0,22.0,B
2021-07-06T09:48:50,5000.0,22.0,B
2021-07-06T09:48:46,400.0,22.0,B
2021-07-06T09:48:46,800.0,22.0,B
2021-07-06T09:48:46,200.0,22.0,B
2021-07-06T09:48:44,4800.0,22.0,B
2021-07-06T09:48:43,500.0,22.0,B
2021-07-06T09:48:42,500.0,22.0,B
2021-07-06T09:48:40,700.0,21.95,S
2021-07-06T09:48:40,300.0,21.95,S
2021-07-06T09:48:40,800.0,21.95,S
2021-07-06T09:48:40,1000.0,22.0,B
2021-07-06T09:48:39,1000.0,22.0,B
2021-07-06T09:48:39,1000.0,22.0,B
2021-07-06T09:48:36,300.0,22.0,B
2021-07-06T09:48:35,100.0,22.0,B
2021-07-06T09:48:31,300.0,22.0,B
2021-07-06T09:48:29,1000.0,22.0,B
2021-07-06T09:48:25,500.0,22.0,B
2021-07-06T09:48:21,2100.0,22.0,S
2021-07-06T09:48:21,2100.0,22.0,S
2021-07-06T09:48:21,500.0,22.0,S
2021-07-06T09:48:21,3600.0,22.0,S
2021-07-06T09:48:16,1600.0,22.0,S
2021-07-06T09:48:16,3100.0,22.0,S
2021-07-06T09:48:16,5000.0,22.0,S
2021-07-06T09:48:15,1400.0,22.0,S
2021-07-06T09:48:14,500.0,22.0,S
2021-07-06T09:48:14,300.0,22.0,S
2021-07-06T09:48:11,10200.0,22.0,S
2021-07-06T09:48:06,11000.0,22.0,S
2021-07-06T09:48:06,1500.0,22.0,S
2021-07-06T09:48:06,700.0,22.0,S
2021-07-06T09:47:59,200.0,22.0,S
2021-07-06T09:47:58,1200.0,22.0,S
2021-07-06T09:47:55,500.0,22.0,S
2021-07-06T09:47:54,2000.0,22.0,S
2021-07-06T09:47:52,24700.0,22.0,B
2021-07-06T09:47:52,2100.0,22.0,B
2021-07-06T09:47:52,100.0,22.0,B
2021-07-06T09:47:52,2900.0,22.0,B
2021-07-06T09:47:51,500.0,22.0,B
2021-07-06T09:47:50,1500.0,21.95,S
2021-07-06T09:47:49,400.0,21.95,S
2021-07-06T09:47:48,700.0,21.95,S
2021-07-06T09:47:48,100.0,22.0,B
2021-07-06T09:47:46,300.0,22.0,B
2021-07-06T09:47:46,200.0,22.0,B
2021-07-06T09:47:36,200.0,22.0,B
2021-07-06T09:47:29,100.0,22.0,B
2021-07-06T09:47:28,100.0,22.0,B
2021-07-06T09:47:26,1000.0,22.0,B
2021-07-06T09:47:25,500.0,21.95,S
2021-07-06T09:47:25,700.0,22.0,B
2021-07-06T09:47:24,1400.0,21.95,S
2021-07-06T09:47:23,1000.0,22.0,B
2021-07-06T09:47:20,800.0,22.0,B
2021-07-06T09:47:16,600.0,22.0,B
2021-07-06T09:47:14,1000.0,22.0,B
2021-07-06T09:47:11,100.0,22.0,B
2021-07-06T09:47:08,100.0,22.0,B
2021-07-06T09:47:03,100.0,21.95,S
2021-07-06T09:47:03,200.0,22.0,B
2021-07-06T09:46:59,400.0,22.0,B
2021-07-06T09:46:59,2600.0,22.0,B
2021-07-06T09:46:59,1500.0,21.95,S
2021-07-06T09:46:58,300.0,21.95,S
2021-07-06T09:46:58,100.0,22.0,B
2021-07-06T09:46:57,100.0,22.0,B
2021-07-06T09:46:56,100.0,22.0,B
2021-07-06T09:46:54,300.0,22.0,B
2021-07-06T09:46:53,500.0,22.0,B
2021-07-06T09:46:51,2000.0,22.0,B
2021-07-06T09:46:46,100.0,22.0,B
2021-07-06T09:46:43,800.0,22.0,S
2021-07-06T09:46:43,700.0,22.0,S
2021-07-06T09:46:43,1800.0,22.0,S
2021-07-06T09:46:43,5500.0,22.0,S
2021-07-06T09:46:43,800.0,22.0,S
2021-07-06T09:46:43,2000.0,22.0,S
2021-07-06T09:46:43,100.0,22.0,S
2021-07-06T09:46:43,2400.0,22.0,S
2021-07-06T09:46:43,1500.0,22.0,S
2021-07-06T09:46:43,7100.0,22.0,S
2021-07-06T09:46:43,1100.0,22.0,S
2021-07-06T09:46:43,1300.0,22.0,S
2021-07-06T09:46:43,1300.0,22.0,S
2021-07-06T09:46:43,2100.0,22.0,S
2021-07-06T09:46:43,1300.0,22.0,S
2021-07-06T09:46:43,2600.0,22.0,S
2021-07-06T09:46:43,1700.0,22.0,S
2021-07-06T09:46:43,500.0,22.0,S
2021-07-06T09:46:43,2900.0,22.0,S
2021-07-06T09:46:43,6700.0,22.0,S
2021-07-06T09:46:43,300.0,22.0,S
2021-07-06T09:46:43,800.0,22.0,S
2021-07-06T09:46:43,3700.0,22.0,S
2021-07-06T09:46:43,2500.0,22.0,S
2021-07-06T09:46:43,1100.0,22.0,S
2021-07-06T09:46:43,400.0,22.0,S
2021-07-06T09:46:43,2200.0,22.0,S
2021-07-06T09:46:43,2300.0,22.0,S
2021-07-06T09:46:43,30100.0,22.0,S
2021-07-06T09:46:43,6600.0,22.0,S
2021-07-06T09:46:41,100.0,22.05,B
2021-07-06T09:46:41,9600.0,22.05,S
2021-07-06T09:46:39,1000.0,22.1,B
2021-07-06T09:46:34,300.0,22.1,B
2021-07-06T09:46:34,1800.0,22.05,S
2021-07-06T09:46:33,100.0,22.05,S
2021-07-06T09:46:30,1000.0,22.05,S
2021-07-06T09:46:27,2000.0,22.1,B
2021-07-06T09:46:26,300.0,22.1,B
2021-07-06T09:46:25,6000.0,22.1,B
2021-07-06T09:46:23,1000.0,22.1,B
2021-07-06T09:46:21,2000.0,22.1,B
2021-07-06T09:46:18,2000.0,22.1,B
2021-07-06T09:46:17,2000.0,22.1,B
2021-07-06T09:46:16,400.0,22.1,B
2021-07-06T09:46:15,1900.0,22.1,S
2021-07-06T09:46:15,8600.0,22.1,S
2021-07-06T09:46:09,5000.0,22.15,B
2021-07-06T09:46:07,800.0,22.1,S
2021-07-06T09:46:07,600.0,22.1,S
2021-07-06T09:46:07,300.0,22.1,S
2021-07-06T09:46:07,200.0,22.1,S
2021-07-06T09:46:05,100.0,22.15,B
2021-07-06T09:46:05,100.0,22.15,B
2021-07-06T09:45:59,300.0,22.2,B
2021-07-06T09:45:58,3000.0,22.2,B
2021-07-06T09:45:51,200.0,22.2,B
2021-07-06T09:45:47,500.0,22.2,B
2021-07-06T09:45:47,500.0,22.2,B
2021-07-06T09:45:44,500.0,22.2,B
2021-07-06T09:45:44,300.0,22.2,B
2021-07-06T09:45:44,100.0,22.2,B
2021-07-06T09:45:43,300.0,22.1,S
2021-07-06T09:45:42,1500.0,22.1,S
2021-07-06T09:45:42,5400.0,22.2,B
2021-07-06T09:45:40,1500.0,22.2,B
2021-07-06T09:45:40,1000.0,22.2,B
2021-07-06T09:45:35,200.0,22.2,B
2021-07-06T09:45:32,2000.0,22.2,B
2021-07-06T09:45:31,5100.0,22.2,S
2021-07-06T09:45:31,2000.0,22.2,S
2021-07-06T09:45:31,200.0,22.2,S
2021-07-06T09:45:31,1100.0,22.2,S
2021-07-06T09:45:31,1000.0,22.2,S
2021-07-06T09:45:31,11100.0,22.2,S
2021-07-06T09:45:31,400.0,22.2,S
2021-07-06T09:45:31,17900.0,22.2,S
2021-07-06T09:45:31,200.0,22.2,S
2021-07-06T09:45:31,300.0,22.2,S
2021-07-06T09:45:31,1100.0,22.2,S
2021-07-06T09:45:31,1200.0,22.2,S
2021-07-06T09:45:31,800.0,22.25,S
2021-07-06T09:45:31,4000.0,22.25,S
2021-07-06T09:45:31,400.0,22.25,S
2021-07-06T09:45:20,200.0,22.3,B
2021-07-06T09:45:17,400.0,22.25,S
2021-07-06T09:45:17,1500.0,22.25,S
2021-07-06T09:45:16,700.0,22.3,B
2021-07-06T09:45:16,100.0,22.3,B
2021-07-06T09:45:14,100.0,22.3,B
2021-07-06T09:45:13,100.0,22.3,B
2021-07-06T09:45:11,300.0,22.3,B
2021-07-06T09:45:10,1000.0,22.3,B
2021-07-06T09:45:09,2500.0,22.3,B
2021-07-06T09:45:08,2900.0,22.3,S
2021-07-06T09:45:07,100.0,22.35,B
2021-07-06T09:45:05,100.0,22.3,S
2021-07-06T09:44:59,300.0,22.3,S
2021-07-06T09:44:57,100.0,22.3,S
2021-07-06T09:44:56,1000.0,22.35,B
2021-07-06T09:44:53,1500.0,22.3,S
2021-07-06T09:44:51,1700.0,22.3,S
2021-07-06T09:44:50,700.0,22.3,S
2021-07-06T09:44:50,3500.0,22.35,B
2021-07-06T09:44:47,300.0,22.3,S
2021-07-06T09:44:46,100.0,22.3,S
2021-07-06T09:44:45,1000.0,22.3,S
2021-07-06T09:44:45,500.0,22.3,S
2021-07-06T09:44:45,200.0,22.3,S
2021-07-06T09:44:34,9200.0,22.2,S
2021-07-06T09:44:34,3000.0,22.25,S
2021-07-06T09:44:34,5300.0,22.25,S
2021-07-06T09:44:34,1100.0,22.25,S
2021-07-06T09:44:34,800.0,22.25,S
2021-07-06T09:44:34,600.0,22.3,S
2021-07-06T09:44:32,300.0,22.35,B
2021-07-06T09:44:30,1900.0,22.3,B
2021-07-06T09:44:30,500.0,22.3,B
2021-07-06T09:44:29,1000.0,22.25,S
2021-07-06T09:44:27,400.0,22.3,B
2021-07-06T09:44:27,200.0,22.3,B
2021-07-06T09:44:27,1000.0,22.3,B
2021-07-06T09:44:26,2000.0,22.3,B
2021-07-06T09:44:26,1000.0,22.3,B
2021-07-06T09:44:26,1000.0,22.3,B
2021-07-06T09:44:26,2000.0,22.3,B
2021-07-06T09:44:25,2000.0,22.3,B
2021-07-06T09:44:25,1000.0,22.3,B
2021-07-06T09:44:24,300.0,22.25,S
2021-07-06T09:44:23,200.0,22.3,B
2021-07-06T09:44:22,200.0,22.3,B
2021-07-06T09:44:19,1000.0,22.3,B
2021-07-06T09:44:17,1000.0,22.3,B
2021-07-06T09:44:17,200.0,22.25,S
2021-07-06T09:44:16,3000.0,22.3,B
2021-07-06T09:44:15,2500.0,22.25,S
2021-07-06T09:44:14,3300.0,22.25,S
2021-07-06T09:44:14,400.0,22.25,S
2021-07-06T09:44:12,700.0,22.3,B
2021-07-06T09:44:12,200.0,22.3,B
2021-07-06T09:44:12,700.0,22.3,B
2021-07-06T09:44:12,500.0,22.3,B
2021-07-06T09:44:11,3800.0,22.25,B
2021-07-06T09:44:10,1000.0,22.25,B
2021-07-06T09:44:10,300.0,22.25,B
2021-07-06T09:44:09,1300.0,22.25,B
2021-07-06T09:44:08,400.0,22.25,B
2021-07-06T09:44:08,300.0,22.25,B
2021-07-06T09:44:07,200.0,22.25,B
2021-07-06T09:44:07,300.0,22.25,B
2021-07-06T09:44:03,1600.0,22.25,B
2021-07-06T09:44:02,100.0,22.25,B
2021-07-06T09:44:02,1000.0,22.25,B
2021-07-06T09:44:02,5000.0,22.25,B
2021-07-06T09:44:00,200.0,22.25,B
2021-07-06T09:44:00,1800.0,22.2,S
2021-07-06T09:43:55,200.0,22.2,S
2021-07-06T09:43:54,400.0,22.2,S
2021-07-06T09:43:53,1000.0,22.25,B
2021-07-06T09:43:53,11500.0,22.2,B
2021-07-06T09:43:50,1000.0,22.2,B
2021-07-06T09:43:46,1500.0,22.1,S
2021-07-06T09:43:43,600.0,22.1,B
2021-07-06T09:43:42,5000.0,22.1,B
2021-07-06T09:43:42,1000.0,22.1,B
2021-07-06T09:43:40,1000.0,22.1,B
2021-07-06T09:43:40,1000.0,22.1,B
2021-07-06T09:43:40,500.0,22.1,B
2021-07-06T09:43:40,200.0,22.1,B
2021-07-06T09:43:39,1000.0,22.1,B
2021-07-06T09:43:38,100.0,22.1,B
2021-07-06T09:43:38,1300.0,22.1,B
2021-07-06T09:43:37,100.0,22.1,B
2021-07-06T09:43:36,1600.0,22.1,B
2021-07-06T09:43:36,500.0,22.05,S
2021-07-06T09:43:34,1000.0,22.1,B
2021-07-06T09:43:29,22500.0,22.05,B
2021-07-06T09:43:29,1000.0,22.05,B
2021-07-06T09:43:28,100.0,22.05,B
2021-07-06T09:43:27,1000.0,22.05,B
2021-07-06T09:43:26,600.0,22.0,S
2021-07-06T09:43:25,100.0,22.05,B
2021-07-06T09:43:23,500.0,22.05,B
2021-07-06T09:43:23,200.0,22.0,S
2021-07-06T09:43:19,3500.0,22.0,B
2021-07-06T09:43:19,5200.0,22.0,B
2021-07-06T09:43:19,500.0,22.0,B
2021-07-06T09:43:19,700.0,22.0,B
2021-07-06T09:43:19,1200.0,22.0,B
