tradingTime,volume,price,side
2021-07-06T13:21:08,3800.0,31.7,S
2021-07-06T13:21:08,6300.0,31.7,S
2021-07-06T13:20:06,10000.0,31.75,B
2021-07-06T13:19:07,1000.0,31.75,B
2021-07-06T13:19:02,3700.0,31.7,B
2021-07-06T13:18:57,200.0,31.7,B
2021-07-06T13:18:40,3000.0,31.7,B
2021-07-06T13:13:32,3100.0,31.7,S
2021-07-06T13:10:35,5500.0,31.7,S
2021-07-06T13:10:35,4800.0,31.7,S
2021-07-06T13:10:12,1000.0,31.7,S
2021-07-06T13:09:55,26800.0,31.75,S
2021-07-06T13:09:37,900.0,31.75,S
2021-07-06T13:09:17,100.0,31.8,B
2021-07-06T13:09:17,2400.0,31.8,S
2021-07-06T13:09:16,200.0,31.8,S
2021-07-06T13:09:02,500.0,31.8,S
2021-07-06T13:09:02,300.0,31.8,S
2021-07-06T13:08:54,700.0,31.8,S
2021-07-06T13:02:55,300.0,31.85,B
2021-07-06T11:27:51,500.0,31.85,S
2021-07-06T11:26:46,700.0,31.9,B
2021-07-06T11:26:26,1000.0,31.85,S
2021-07-06T11:26:17,1100.0,31.85,S
2021-07-06T11:23:49,300.0,31.85,S
2021-07-06T11:21:58,700.0,31.85,B
2021-07-06T11:21:05,300.0,31.85,B
2021-07-06T11:19:08,1000.0,31.85,S
2021-07-06T11:18:38,500.0,31.85,S
2021-07-06T11:13:11,200.0,31.85,S
2021-07-06T11:09:20,2200.0,31.9,B
2021-07-06T11:07:12,500.0,31.9,B
2021-07-06T11:07:01,500.0,31.9,B
2021-07-06T11:06:50,500.0,31.9,B
2021-07-06T11:06:41,800.0,31.9,B
2021-07-06T11:06:39,100.0,31.9,B
2021-07-06T11:06:23,2000.0,31.9,B
2021-07-06T11:05:15,200.0,31.8,S
2021-07-06T11:03:23,200.0,31.8,B
2021-07-06T11:02:39,200.0,31.8,S
2021-07-06T11:02:33,100.0,31.9,B
2021-07-06T11:02:09,600.0,31.8,S
2021-07-06T10:59:45,100.0,31.8,B
2021-07-06T10:59:06,200.0,31.8,B
2021-07-06T10:59:04,1500.0,31.75,S
2021-07-06T10:58:56,1100.0,31.8,B
2021-07-06T10:57:02,1700.0,31.8,B
2021-07-06T10:56:46,100.0,31.8,B
2021-07-06T10:54:05,1000.0,31.8,B
2021-07-06T10:53:51,100.0,31.8,B
2021-07-06T10:53:24,145700.0,31.8,S
2021-07-06T10:53:21,300.0,31.9,B
2021-07-06T10:53:15,4800.0,31.9,S
2021-07-06T10:53:15,6900.0,31.9,S
2021-07-06T10:52:12,1000.0,31.95,B
2021-07-06T10:51:45,2000.0,31.95,B
2021-07-06T10:51:22,900.0,31.95,B
2021-07-06T10:49:15,100.0,31.95,B
2021-07-06T10:48:44,10000.0,31.9,S
2021-07-06T10:48:11,1000.0,31.95,B
2021-07-06T10:47:11,400.0,31.95,B
2021-07-06T10:46:59,600.0,31.95,S
2021-07-06T10:46:51,200.0,31.95,S
2021-07-06T10:46:49,200.0,31.95,S
2021-07-06T10:46:38,1000.0,31.95,S
2021-07-06T10:46:22,10000.0,32.0,B
2021-07-06T10:46:21,1700.0,31.95,S
2021-07-06T10:45:41,5000.0,32.0,B
2021-07-06T10:44:07,2100.0,31.95,B
2021-07-06T10:41:07,2000.0,31.95,B
2021-07-06T10:38:02,1000.0,31.9,B
2021-07-06T10:37:48,300.0,31.9,B
2021-07-06T10:37:47,100.0,31.9,B
2021-07-06T10:36:52,2000.0,31.9,B
2021-07-06T10:36:28,10000.0,31.9,S
2021-07-06T10:36:28,1000.0,31.9,S
2021-07-06T10:36:28,5600.0,31.9,S
2021-07-06T10:33:35,200.0,31.9,S
2021-07-06T10:32:19,5000.0,31.9,S
2021-07-06T10:32:05,500.0,32.0,B
2021-07-06T10:28:57,20000.0,32.0,B
2021-07-06T10:28:34,1300.0,32.0,B
2021-07-06T10:28:19,3600.0,32.0,B
2021-07-06T10:28:12,200.0,32.0,B
2021-07-06T10:27:03,20000.0,32.0,B
2021-07-06T10:26:54,100.0,32.0,B
2021-07-06T10:26:42,1000.0,32.0,B
2021-07-06T10:26:22,200.0,31.9,S
2021-07-06T10:23:01,2000.0,31.85,S
2021-07-06T10:22:54,10000.0,31.85,S
2021-07-06T10:22:41,200.0,32.0,B
2021-07-06T10:22:29,800.0,32.05,S
2021-07-06T10:22:24,1000.0,32.1,B
2021-07-06T10:22:24,21000.0,32.1,B
2021-07-06T10:19:57,1000.0,32.2,B
2021-07-06T10:19:43,8000.0,32.1,B
2021-07-06T10:18:57,20000.0,32.1,B
2021-07-06T10:18:55,29200.0,32.05,B
2021-07-06T10:18:30,1400.0,32.0,B
2021-07-06T10:18:30,2500.0,32.0,B
2021-07-06T10:18:30,8400.0,32.0,B
2021-07-06T10:18:30,2700.0,32.0,B
2021-07-06T10:18:30,7300.0,32.0,B
2021-07-06T10:18:30,200.0,32.0,B
2021-07-06T10:18:30,1800.0,32.0,B
2021-07-06T10:18:30,3600.0,32.0,B
2021-07-06T10:18:30,200.0,32.0,B
2021-07-06T10:18:30,2500.0,32.0,B
2021-07-06T10:18:30,9400.0,32.0,B
2021-07-06T10:18:30,5700.0,31.9,B
2021-07-06T10:18:30,4300.0,31.9,B
2021-07-06T10:16:29,600.0,31.85,B
2021-07-06T10:15:29,1000.0,31.75,S
2021-07-06T10:15:27,300.0,31.85,B
2021-07-06T10:15:27,700.0,31.8,S
2021-07-06T10:15:22,1000.0,31.85,B
2021-07-06T10:15:14,500.0,31.8,S
2021-07-06T10:15:10,100.0,31.8,S
2021-07-06T10:14:54,100.0,31.8,B
2021-07-06T10:14:54,300.0,31.8,B
2021-07-06T10:13:58,500.0,31.8,B
2021-07-06T10:13:58,100.0,31.8,B
2021-07-06T10:13:58,4100.0,31.8,B
2021-07-06T10:13:48,100.0,31.8,B
2021-07-06T10:12:45,500.0,31.8,B
2021-07-06T10:11:09,700.0,31.8,B
2021-07-06T10:11:01,1000.0,31.8,B
2021-07-06T10:10:38,600.0,31.7,S
2021-07-06T10:09:13,3100.0,31.7,S
2021-07-06T10:04:15,4000.0,31.7,S
2021-07-06T10:03:32,1000.0,31.7,B
2021-07-06T10:03:05,3000.0,31.7,B
2021-07-06T10:00:08,2000.0,31.6,S
2021-07-06T09:59:47,1000.0,31.6,S
2021-07-06T09:59:37,900.0,31.7,S
2021-07-06T09:58:19,1300.0,31.7,S
2021-07-06T09:57:54,3800.0,31.7,S
2021-07-06T09:57:54,6200.0,31.7,S
2021-07-06T09:57:14,1000.0,31.75,S
2021-07-06T09:54:32,500.0,31.75,S
2021-07-06T09:54:32,100.0,31.75,S
2021-07-06T09:54:32,400.0,31.75,S
2021-07-06T09:53:12,300.0,31.75,S
2021-07-06T09:53:06,100.0,31.75,S
2021-07-06T09:49:56,900.0,31.8,S
2021-07-06T09:49:50,1000.0,31.8,S
2021-07-06T09:49:31,100.0,31.8,S
2021-07-06T09:49:19,100.0,31.8,B
2021-07-06T09:49:19,200.0,31.8,B
2021-07-06T09:49:18,700.0,31.8,B
2021-07-06T09:47:08,400.0,31.8,B
2021-07-06T09:46:58,1000.0,31.8,B
2021-07-06T09:46:03,500.0,31.8,B
2021-07-06T09:45:51,1000.0,31.8,B
2021-07-06T09:45:32,8600.0,31.8,S
2021-07-06T09:45:27,200.0,31.8,S
2021-07-06T09:43:13,600.0,31.8,S
2021-07-06T09:42:22,4000.0,31.85,B
2021-07-06T09:42:05,900.0,31.85,B
2021-07-06T09:41:44,200.0,31.85,B
2021-07-06T09:41:30,2200.0,31.85,S
2021-07-06T09:41:03,500.0,31.85,S
2021-07-06T09:40:28,100.0,31.85,S
2021-07-06T09:39:26,500.0,31.9,B
2021-07-06T09:33:30,500.0,31.9,B
2021-07-06T09:32:58,4300.0,31.9,S
2021-07-06T09:32:28,100.0,32.0,B
2021-07-06T09:31:42,100.0,32.0,B
2021-07-06T09:29:25,9000.0,32.0,B
2021-07-06T09:28:14,1000.0,31.9,B
2021-07-06T09:26:52,4000.0,31.8,S
2021-07-06T09:26:42,900.0,32.0,B
2021-07-06T09:26:35,1000.0,32.0,B
2021-07-06T09:26:30,1000.0,32.0,B
2021-07-06T09:25:07,900.0,31.95,B
2021-07-06T09:24:40,500.0,31.9,S
2021-07-06T09:24:34,1000.0,31.9,S
2021-07-06T09:24:28,300.0,31.9,B
2021-07-06T09:24:28,200.0,31.9,B
2021-07-06T09:24:17,3000.0,31.8,S
2021-07-06T09:24:13,1000.0,31.9,B
2021-07-06T09:23:41,2000.0,31.9,B
2021-07-06T09:23:38,1000.0,31.9,B
2021-07-06T09:23:04,4000.0,31.9,B
2021-07-06T09:22:47,400.0,31.9,B
2021-07-06T09:22:22,2000.0,31.9,B
2021-07-06T09:22:13,2000.0,31.9,B
2021-07-06T09:21:00,400.0,31.9,B
2021-07-06T09:20:00,4500.0,31.9,S
2021-07-06T09:19:18,3000.0,32.0,B
2021-07-06T09:19:12,500.0,32.0,B
2021-07-06T09:18:59,2000.0,32.0,B
2021-07-06T09:18:27,500.0,32.0,B
2021-07-06T09:16:55,5000.0,32.0,B
2021-07-06T09:15:54,1000.0,32.0,B
