tradingTime,volume,price,side
2021-07-06T13:21:18,100.0,92.0,B
2021-07-06T13:21:12,5000.0,91.9,S
2021-07-06T13:21:08,500.0,92.0,B
2021-07-06T13:21:06,300.0,92.0,B
2021-07-06T13:20:46,5000.0,92.0,B
2021-07-06T13:20:45,100.0,92.0,B
2021-07-06T13:20:29,200.0,92.0,B
2021-07-06T13:20:29,1500.0,91.9,S
2021-07-06T13:19:57,200.0,92.0,B
2021-07-06T13:19:56,300.0,92.0,B
2021-07-06T13:19:51,1900.0,91.9,S
2021-07-06T13:19:33,200.0,92.0,B
2021-07-06T13:19:33,400.0,92.0,B
2021-07-06T13:19:32,3600.0,92.0,B
2021-07-06T13:19:32,500.0,92.0,B
2021-07-06T13:19:24,300.0,92.0,B
2021-07-06T13:19:12,200.0,92.0,B
2021-07-06T13:18:04,500.0,92.0,B
2021-07-06T13:17:19,1000.0,91.9,S
2021-07-06T13:17:07,200.0,92.0,B
2021-07-06T13:16:39,900.0,92.0,B
2021-07-06T13:16:23,300.0,92.0,B
2021-07-06T13:16:10,500.0,91.9,B
2021-07-06T13:15:55,100.0,91.9,B
2021-07-06T13:15:28,2000.0,91.8,S
2021-07-06T13:15:25,500.0,92.0,B
2021-07-06T13:15:00,1100.0,92.0,B
2021-07-06T13:14:42,3300.0,91.7,S
2021-07-06T13:14:42,1200.0,91.8,S
2021-07-06T13:14:42,3100.0,91.8,S
2021-07-06T13:14:41,2400.0,91.8,S
2021-07-06T13:14:20,100.0,91.8,S
2021-07-06T13:14:13,100.0,92.0,B
2021-07-06T13:14:01,1000.0,91.8,S
2021-07-06T13:13:51,4600.0,92.0,B
2021-07-06T13:13:33,1800.0,92.0,B
2021-07-06T13:13:33,600.0,92.0,B
2021-07-06T13:13:33,100.0,92.0,B
2021-07-06T13:13:31,100.0,92.0,B
2021-07-06T13:13:21,300.0,92.0,B
2021-07-06T13:13:21,200.0,92.0,B
2021-07-06T13:13:20,500.0,92.0,B
2021-07-06T13:13:11,500.0,92.0,B
2021-07-06T13:11:36,300.0,92.0,B
2021-07-06T13:11:25,300.0,91.8,S
2021-07-06T13:11:20,1000.0,92.0,B
2021-07-06T13:11:20,600.0,92.0,B
2021-07-06T13:11:20,200.0,92.0,B
2021-07-06T13:11:15,1400.0,91.8,B
2021-07-06T13:11:12,200.0,91.7,S
2021-07-06T13:11:12,2500.0,91.8,B
2021-07-06T13:11:11,1600.0,91.8,B
2021-07-06T13:11:07,1800.0,91.8,S
2021-07-06T13:11:06,200.0,92.0,B
2021-07-06T13:11:06,800.0,92.0,B
2021-07-06T13:11:06,800.0,92.0,B
2021-07-06T13:11:02,400.0,91.8,B
2021-07-06T13:10:58,1900.0,91.8,B
2021-07-06T13:10:57,100.0,91.8,B
2021-07-06T13:10:53,100.0,91.8,S
2021-07-06T13:10:53,2100.0,91.8,S
2021-07-06T13:10:53,400.0,91.9,S
2021-07-06T13:10:53,1800.0,91.9,B
2021-07-06T13:10:49,1900.0,91.9,B
2021-07-06T13:10:40,2200.0,91.9,B
2021-07-06T13:10:35,200.0,91.7,S
2021-07-06T13:10:35,3300.0,91.7,S
2021-07-06T13:10:27,2000.0,91.8,B
2021-07-06T13:10:24,100.0,91.8,B
2021-07-06T13:10:19,2200.0,91.8,B
2021-07-06T13:10:16,3500.0,91.7,S
2021-07-06T13:10:14,800.0,91.8,B
2021-07-06T13:10:08,100.0,91.8,B
2021-07-06T13:10:07,400.0,91.8,B
2021-07-06T13:10:05,100.0,91.8,B
2021-07-06T13:10:00,300.0,91.8,S
2021-07-06T13:09:56,2000.0,91.8,B
2021-07-06T13:09:55,2200.0,91.8,B
2021-07-06T13:09:53,200.0,91.8,B
2021-07-06T13:09:46,2200.0,91.8,B
2021-07-06T13:09:33,100.0,91.8,B
2021-07-06T13:09:24,3700.0,91.8,B
2021-07-06T13:09:12,100.0,91.8,S
2021-07-06T13:08:57,100.0,91.8,B
2021-07-06T13:08:53,900.0,91.8,B
2021-07-06T13:08:45,100.0,91.8,S
2021-07-06T13:08:44,900.0,91.8,B
2021-07-06T13:08:41,100.0,91.8,S
2021-07-06T13:08:31,100.0,91.8,S
2021-07-06T13:08:30,500.0,91.8,S
2021-07-06T13:08:28,100.0,91.8,S
2021-07-06T13:08:25,100.0,91.8,S
2021-07-06T13:08:18,300.0,91.8,S
2021-07-06T13:08:16,100.0,91.8,S
2021-07-06T13:08:08,200.0,91.8,S
2021-07-06T13:08:05,500.0,91.8,S
2021-07-06T13:07:56,100.0,91.8,S
2021-07-06T13:07:48,100.0,91.8,S
2021-07-06T13:07:44,100.0,91.7,S
2021-07-06T13:07:44,100.0,91.7,S
2021-07-06T13:07:44,800.0,91.7,S
2021-07-06T13:07:36,300.0,91.8,B
2021-07-06T13:07:23,400.0,91.8,B
2021-07-06T13:07:23,1100.0,91.8,B
2021-07-06T13:07:23,1500.0,91.8,B
2021-07-06T13:07:23,700.0,91.8,B
2021-07-06T13:07:07,100.0,91.8,B
2021-07-06T13:06:40,100.0,91.8,B
2021-07-06T13:06:19,100.0,91.8,B
2021-07-06T13:06:16,100.0,91.8,B
2021-07-06T13:06:09,500.0,91.7,S
2021-07-06T13:06:03,100.0,91.7,S
2021-07-06T13:05:54,9100.0,91.8,B
2021-07-06T13:05:53,1000.0,91.8,B
2021-07-06T13:05:50,400.0,91.7,S
2021-07-06T13:05:25,900.0,91.8,S
2021-07-06T13:05:10,200.0,91.7,S
2021-07-06T13:05:10,100.0,91.7,S
2021-07-06T13:05:10,3800.0,91.7,S
2021-07-06T13:05:10,1800.0,91.7,S
2021-07-06T13:05:10,100.0,91.8,S
2021-07-06T13:05:01,100.0,91.8,S
2021-07-06T13:05:01,200.0,91.8,S
2021-07-06T13:05:01,500.0,91.8,S
2021-07-06T13:05:01,900.0,91.8,S
2021-07-06T13:05:01,100.0,91.8,S
2021-07-06T13:05:01,1300.0,91.8,S
2021-07-06T13:05:01,2700.0,91.8,S
2021-07-06T13:04:55,2000.0,91.8,S
2021-07-06T13:04:32,100.0,91.8,S
2021-07-06T13:04:32,1300.0,91.8,S
2021-07-06T13:04:32,600.0,91.8,S
2021-07-06T13:04:32,3000.0,91.8,S
2021-07-06T13:04:17,200.0,91.8,S
2021-07-06T13:04:17,1600.0,91.8,S
2021-07-06T13:04:17,200.0,91.8,S
2021-07-06T13:04:14,100.0,91.9,B
2021-07-06T13:04:14,1300.0,91.9,S
2021-07-06T13:04:02,100.0,92.0,B
2021-07-06T13:03:56,200.0,91.9,S
2021-07-06T13:03:40,1000.0,91.9,S
2021-07-06T13:03:05,900.0,91.9,S
2021-07-06T13:03:05,100.0,91.9,S
2021-07-06T13:02:50,400.0,92.0,B
2021-07-06T13:02:28,500.0,91.9,S
2021-07-06T13:01:53,2000.0,91.9,S
2021-07-06T13:00:58,100.0,92.0,B
2021-07-06T13:00:54,100.0,91.9,S
2021-07-06T13:00:52,200.0,92.0,B
2021-07-06T13:00:29,100.0,92.0,B
2021-07-06T13:00:22,100.0,91.9,B
2021-07-06T13:00:22,200.0,91.9,B
2021-07-06T13:00:22,3400.0,91.9,B
2021-07-06T13:00:20,500.0,91.9,B
2021-07-06T13:00:15,200.0,91.9,B
2021-07-06T13:00:15,100.0,91.9,B
2021-07-06T13:00:12,100.0,91.9,B
2021-07-06T13:00:10,300.0,91.9,B
2021-07-06T13:00:08,100.0,91.9,B
2021-07-06T13:00:08,100.0,91.8,S
2021-07-06T13:00:08,100.0,91.9,B
2021-07-06T13:00:08,1300.0,91.9,S
2021-07-06T13:00:08,1700.0,91.9,S
2021-07-06T13:00:08,100.0,91.9,S
2021-07-06T13:00:07,1000.0,92.0,B
2021-07-06T13:00:02,400.0,91.9,S
2021-07-06T13:00:02,100.0,91.9,S
2021-07-06T13:00:02,100.0,91.9,S
2021-07-06T13:00:02,200.0,91.9,S
2021-07-06T13:00:02,100.0,91.9,S
2021-07-06T13:00:00,1000.0,91.9,S
2021-07-06T13:00:00,1200.0,91.9,S
2021-07-06T13:00:00,300.0,91.9,S
2021-07-06T11:29:44,3700.0,91.9,S
2021-07-06T11:29:42,100.0,91.9,S
2021-07-06T11:29:42,700.0,91.9,B
2021-07-06T11:29:30,300.0,91.9,S
2021-07-06T11:29:26,100.0,91.9,S
2021-07-06T11:29:20,500.0,91.9,B
2021-07-06T11:29:08,1500.0,91.8,S
2021-07-06T11:28:52,1700.0,91.8,S
2021-07-06T11:28:44,100.0,91.8,S
2021-07-06T11:28:36,100.0,91.9,B
2021-07-06T11:28:33,500.0,91.8,S
2021-07-06T11:28:25,1000.0,91.8,S
2021-07-06T11:28:15,100.0,91.8,S
2021-07-06T11:28:03,200.0,91.9,B
2021-07-06T11:27:55,100.0,91.8,S
2021-07-06T11:27:50,100.0,91.9,B
2021-07-06T11:27:49,100.0,91.8,S
2021-07-06T11:27:47,100.0,91.9,B
2021-07-06T11:27:38,400.0,91.9,B
2021-07-06T11:27:32,700.0,91.9,B
2021-07-06T11:27:30,100.0,91.8,S
2021-07-06T11:27:27,500.0,91.8,S
2021-07-06T11:27:27,100.0,91.9,B
2021-07-06T11:27:19,100.0,91.9,B
2021-07-06T11:26:52,100.0,91.8,B
2021-07-06T11:26:52,100.0,91.8,S
2021-07-06T11:26:50,700.0,91.8,S
2021-07-06T11:26:49,200.0,91.8,B
2021-07-06T11:26:48,100.0,91.8,B
2021-07-06T11:26:48,100.0,91.8,B
2021-07-06T11:26:43,500.0,91.8,B
2021-07-06T11:26:38,100.0,91.8,B
2021-07-06T11:26:32,1000.0,91.8,B
2021-07-06T11:26:31,200.0,91.8,B
2021-07-06T11:26:30,200.0,91.8,B
2021-07-06T11:26:29,200.0,91.8,B
2021-07-06T11:26:28,100.0,91.8,B
2021-07-06T11:26:25,1000.0,91.8,B
2021-07-06T11:26:24,500.0,91.8,B
2021-07-06T11:26:19,200.0,91.8,B
2021-07-06T11:26:11,2000.0,91.8,B
2021-07-06T11:26:07,100.0,91.8,B
2021-07-06T11:26:07,3500.0,91.8,B
2021-07-06T11:26:07,500.0,91.8,B
2021-07-06T11:25:53,1000.0,91.8,B
2021-07-06T11:25:48,200.0,91.8,B
2021-07-06T11:25:45,300.0,91.8,B
2021-07-06T11:25:36,200.0,91.8,B
2021-07-06T11:25:29,100.0,91.8,B
2021-07-06T11:25:22,8000.0,91.8,S
2021-07-06T11:25:22,6100.0,91.8,S
2021-07-06T11:25:22,1600.0,91.8,S
2021-07-06T11:25:22,200.0,91.8,S
2021-07-06T11:25:22,500.0,91.8,S
2021-07-06T11:25:22,1700.0,91.8,S
2021-07-06T11:25:22,300.0,91.8,S
2021-07-06T11:25:22,100.0,91.8,S
2021-07-06T11:25:22,900.0,91.8,S
2021-07-06T11:25:22,1200.0,91.8,S
2021-07-06T11:25:22,200.0,91.8,S
2021-07-06T11:25:22,600.0,91.8,S
2021-07-06T11:25:22,100.0,91.8,S
2021-07-06T11:25:22,600.0,91.8,S
2021-07-06T11:25:22,400.0,91.8,S
2021-07-06T11:25:22,1200.0,91.8,S
2021-07-06T11:25:22,800.0,91.8,S
2021-07-06T11:25:22,100.0,91.8,S
2021-07-06T11:25:22,300.0,91.8,S
2021-07-06T11:25:22,700.0,91.8,S
2021-07-06T11:25:22,800.0,91.8,S
2021-07-06T11:25:22,700.0,91.8,S
2021-07-06T11:25:22,500.0,91.8,S
2021-07-06T11:25:22,800.0,91.8,S
2021-07-06T11:25:22,300.0,91.8,S
2021-07-06T11:25:22,800.0,91.8,S
2021-07-06T11:25:22,500.0,91.8,S
2021-07-06T11:25:22,600.0,91.9,S
2021-07-06T11:25:22,200.0,91.9,S
2021-07-06T11:25:22,400.0,91.9,S
2021-07-06T11:25:22,100.0,91.9,S
2021-07-06T11:25:22,800.0,91.9,S
2021-07-06T11:25:21,400.0,91.9,S
2021-07-06T11:25:21,1400.0,91.9,S
2021-07-06T11:25:21,500.0,91.9,S
2021-07-06T11:25:21,5100.0,91.9,S
2021-07-06T11:25:21,700.0,91.9,S
2021-07-06T11:25:21,500.0,91.9,S
2021-07-06T11:25:21,2800.0,91.9,S
2021-07-06T11:25:21,500.0,91.9,S
2021-07-06T11:25:21,5900.0,91.9,S
2021-07-06T11:25:21,200.0,91.9,S
2021-07-06T11:25:21,2200.0,91.9,S
2021-07-06T11:25:21,500.0,91.9,S
2021-07-06T11:25:21,400.0,91.9,S
2021-07-06T11:25:21,600.0,91.9,S
2021-07-06T11:25:21,3900.0,91.9,S
2021-07-06T11:25:19,100.0,92.0,B
2021-07-06T11:25:19,200.0,92.0,B
2021-07-06T11:25:17,200.0,92.0,B
2021-07-06T11:25:04,500.0,92.0,B
2021-07-06T11:24:33,400.0,92.0,B
2021-07-06T11:24:28,1700.0,92.0,S
2021-07-06T11:24:28,600.0,92.0,S
2021-07-06T11:24:28,200.0,92.0,S
2021-07-06T11:24:28,600.0,92.0,S
2021-07-06T11:24:28,600.0,92.0,S
2021-07-06T11:24:28,600.0,92.0,S
2021-07-06T11:24:28,800.0,92.0,S
2021-07-06T11:24:28,500.0,92.0,S
2021-07-06T11:24:28,1000.0,92.0,S
2021-07-06T11:24:28,3800.0,92.0,S
2021-07-06T11:24:28,600.0,92.0,S
2021-07-06T11:24:28,4400.0,92.0,S
2021-07-06T11:24:27,100.0,92.0,S
2021-07-06T11:24:24,800.0,92.0,S
2021-07-06T11:24:24,200.0,92.0,S
2021-07-06T11:24:24,2100.0,92.0,S
2021-07-06T11:24:24,700.0,92.0,S
2021-07-06T11:24:24,300.0,92.0,S
2021-07-06T11:24:24,1200.0,92.0,S
2021-07-06T11:24:24,1700.0,92.0,S
2021-07-06T11:24:24,400.0,92.0,S
2021-07-06T11:24:24,200.0,92.0,S
2021-07-06T11:24:24,2400.0,92.0,S
2021-07-06T11:24:18,100.0,92.0,S
2021-07-06T11:24:17,100.0,92.0,S
2021-07-06T11:24:12,100.0,92.0,S
2021-07-06T11:24:06,600.0,92.0,S
2021-07-06T11:24:02,100.0,92.0,S
2021-07-06T11:24:02,2000.0,92.0,S
2021-07-06T11:24:02,900.0,92.0,S
2021-07-06T11:23:57,4800.0,92.0,S
2021-07-06T11:23:57,2100.0,92.0,S
2021-07-06T11:23:57,400.0,92.0,S
2021-07-06T11:23:57,1100.0,92.0,S
2021-07-06T11:23:57,300.0,92.0,S
2021-07-06T11:23:57,7000.0,92.0,S
2021-07-06T11:23:57,800.0,92.0,S
2021-07-06T11:23:57,800.0,92.0,S
2021-07-06T11:23:57,2700.0,92.0,S
2021-07-06T11:23:54,500.0,92.0,S
2021-07-06T11:23:54,2100.0,92.0,S
2021-07-06T11:23:54,2400.0,92.0,S
2021-07-06T11:23:53,700.0,92.0,S
2021-07-06T11:23:44,3000.0,92.0,S
2021-07-06T11:23:38,7200.0,92.0,S
2021-07-06T11:23:38,400.0,92.0,S
2021-07-06T11:23:38,1800.0,92.0,S
2021-07-06T11:23:38,600.0,92.0,S
2021-07-06T11:23:08,3000.0,92.0,S
2021-07-06T11:22:56,400.0,92.0,S
2021-07-06T11:22:50,600.0,92.0,S
2021-07-06T11:22:50,500.0,92.0,S
2021-07-06T11:22:50,600.0,92.0,S
2021-07-06T11:22:50,500.0,92.0,S
2021-07-06T11:22:50,500.0,92.0,S
2021-07-06T11:22:50,1000.0,92.0,S
2021-07-06T11:22:50,1800.0,92.0,S
2021-07-06T11:22:50,800.0,92.0,S
2021-07-06T11:22:50,700.0,92.0,S
2021-07-06T11:22:42,500.0,92.1,B
2021-07-06T11:22:29,200.0,92.0,S
2021-07-06T11:22:27,700.0,92.0,S
2021-07-06T11:22:15,500.0,92.0,S
2021-07-06T11:22:09,100.0,92.0,S
2021-07-06T11:22:09,400.0,92.0,S
2021-07-06T11:21:55,2000.0,92.0,S
2021-07-06T11:21:27,100.0,92.0,S
2021-07-06T11:21:25,1000.0,92.0,S
2021-07-06T11:21:18,100.0,92.1,B
2021-07-06T11:20:51,200.0,92.0,S
2021-07-06T11:20:50,300.0,92.0,S
2021-07-06T11:20:49,500.0,92.0,S
2021-07-06T11:20:47,400.0,92.0,S
2021-07-06T11:20:46,200.0,92.0,S
2021-07-06T11:20:44,100.0,92.1,B
2021-07-06T11:20:35,1600.0,92.0,S
2021-07-06T11:20:31,8500.0,92.0,S
2021-07-06T11:20:31,1700.0,92.0,S
2021-07-06T11:20:03,1000.0,92.0,S
2021-07-06T11:20:02,300.0,92.0,S
2021-07-06T11:19:54,1400.0,92.1,S
2021-07-06T11:19:54,3200.0,92.1,S
2021-07-06T11:19:54,900.0,92.1,S
2021-07-06T11:19:54,100.0,92.1,S
2021-07-06T11:19:54,3000.0,92.1,S
2021-07-06T11:19:48,2600.0,92.1,S
2021-07-06T11:19:35,5000.0,92.1,S
2021-07-06T11:19:15,1600.0,92.1,S
2021-07-06T11:19:15,2300.0,92.1,S
2021-07-06T11:19:15,2300.0,92.1,S
2021-07-06T11:18:49,200.0,92.2,B
2021-07-06T11:18:43,500.0,92.2,B
2021-07-06T11:18:23,100.0,92.2,B
2021-07-06T11:18:19,100.0,92.2,B
2021-07-06T11:18:08,200.0,92.2,B
2021-07-06T11:18:07,500.0,92.1,S
2021-07-06T11:17:55,200.0,92.2,B
2021-07-06T11:17:53,400.0,92.1,S
2021-07-06T11:17:52,100.0,92.2,B
2021-07-06T11:17:47,200.0,92.2,B
2021-07-06T11:17:17,500.0,92.1,S
2021-07-06T11:16:51,100.0,92.2,B
2021-07-06T11:16:37,600.0,92.2,B
2021-07-06T11:16:37,1300.0,92.2,S
2021-07-06T11:16:21,400.0,92.2,S
2021-07-06T11:16:11,100.0,92.2,S
2021-07-06T11:15:45,300.0,92.2,B
2021-07-06T11:15:42,800.0,92.1,S
2021-07-06T11:15:36,100.0,92.2,S
2021-07-06T11:15:30,900.0,92.2,B
2021-07-06T11:15:28,100.0,92.2,S
2021-07-06T11:14:24,900.0,92.2,S
2021-07-06T11:13:42,2300.0,92.3,B
2021-07-06T11:13:17,2200.0,92.2,S
2021-07-06T11:12:21,1000.0,92.2,B
2021-07-06T11:12:15,100.0,92.1,S
2021-07-06T11:12:10,200.0,92.2,B
2021-07-06T11:11:43,700.0,92.2,B
2021-07-06T11:11:43,200.0,92.2,B
2021-07-06T11:11:34,500.0,92.2,B
2021-07-06T11:10:38,1400.0,92.1,S
2021-07-06T11:10:38,1000.0,92.1,S
2021-07-06T11:10:38,900.0,92.1,S
2021-07-06T11:10:38,200.0,92.1,S
2021-07-06T11:10:38,1700.0,92.1,S
2021-07-06T11:10:38,100.0,92.1,S
2021-07-06T11:10:38,1100.0,92.1,S
2021-07-06T11:10:38,2300.0,92.1,S
2021-07-06T11:10:38,400.0,92.1,S
2021-07-06T11:10:38,900.0,92.1,S
2021-07-06T11:10:31,100.0,92.1,S
2021-07-06T11:10:12,200.0,92.1,S
2021-07-06T11:09:44,200.0,92.2,B
2021-07-06T11:09:16,300.0,92.2,B
2021-07-06T11:09:14,200.0,92.2,B
2021-07-06T11:08:57,300.0,92.2,B
2021-07-06T11:08:29,200.0,92.2,B
2021-07-06T11:08:29,100.0,92.2,B
2021-07-06T11:07:56,500.0,92.2,B
2021-07-06T11:07:39,100.0,92.1,S
2021-07-06T11:07:39,300.0,92.2,B
2021-07-06T11:07:34,200.0,92.2,B
2021-07-06T11:07:11,400.0,92.2,B
2021-07-06T11:07:01,2400.0,92.2,B
2021-07-06T11:06:15,500.0,92.2,B
2021-07-06T11:06:12,200.0,92.2,B
2021-07-06T11:05:58,5000.0,92.2,B
2021-07-06T11:05:51,200.0,92.2,B
2021-07-06T11:05:48,500.0,92.2,B
2021-07-06T11:05:18,100.0,92.2,B
2021-07-06T11:05:17,500.0,92.1,S
2021-07-06T11:05:17,500.0,92.1,S
2021-07-06T11:04:48,200.0,92.2,B
2021-07-06T11:04:46,700.0,92.2,B
2021-07-06T11:04:46,100.0,92.1,S
2021-07-06T11:04:22,900.0,92.2,B
2021-07-06T11:03:22,100.0,92.1,S
2021-07-06T11:03:21,100.0,92.1,S
2021-07-06T11:03:08,600.0,92.1,S
2021-07-06T11:03:06,200.0,92.1,S
2021-07-06T11:02:41,500.0,92.1,S
2021-07-06T11:02:27,100.0,92.2,B
2021-07-06T11:01:59,200.0,92.1,S
2021-07-06T11:01:34,500.0,92.2,B
2021-07-06T11:01:08,100.0,92.2,S
2021-07-06T11:01:08,100.0,92.3,B
2021-07-06T11:01:07,200.0,92.2,B
2021-07-06T11:01:01,200.0,92.2,B
2021-07-06T11:00:57,300.0,92.2,S
2021-07-06T11:00:57,300.0,92.2,S
2021-07-06T11:00:31,100.0,92.2,S
2021-07-06T11:00:30,600.0,92.2,B
2021-07-06T11:00:29,100.0,92.2,B
2021-07-06T11:00:12,300.0,92.2,B
2021-07-06T11:00:01,100.0,92.2,S
2021-07-06T10:59:39,1000.0,92.2,S
2021-07-06T10:58:51,200.0,92.2,S
2021-07-06T10:58:47,400.0,92.2,S
2021-07-06T10:58:40,100.0,92.2,S
2021-07-06T10:58:34,900.0,92.2,S
2021-07-06T10:57:32,200.0,92.2,S
2021-07-06T10:57:25,300.0,92.2,S
2021-07-06T10:57:22,200.0,92.2,S
2021-07-06T10:57:20,600.0,92.2,S
2021-07-06T10:57:12,200.0,92.2,S
2021-07-06T10:56:27,100.0,92.2,S
2021-07-06T10:56:16,4000.0,92.2,S
2021-07-06T10:56:15,300.0,92.3,B
2021-07-06T10:56:06,700.0,92.2,S
2021-07-06T10:56:03,200.0,92.2,S
2021-07-06T10:55:37,100.0,92.3,B
2021-07-06T10:55:32,200.0,92.2,S
2021-07-06T10:55:07,500.0,92.3,B
2021-07-06T10:54:44,400.0,92.3,B
2021-07-06T10:54:39,200.0,92.2,S
2021-07-06T10:52:40,600.0,92.3,B
2021-07-06T10:52:21,500.0,92.3,B
2021-07-06T10:52:16,1500.0,92.3,B
2021-07-06T10:51:30,100.0,92.2,S
2021-07-06T10:51:12,100.0,92.2,S
2021-07-06T10:51:12,300.0,92.2,S
2021-07-06T10:51:11,1200.0,92.2,S
2021-07-06T10:51:11,300.0,92.2,S
2021-07-06T10:50:27,2600.0,92.2,S
2021-07-06T10:50:26,600.0,92.2,S
2021-07-06T10:50:26,1600.0,92.2,S
2021-07-06T10:50:24,500.0,92.2,S
2021-07-06T10:50:10,500.0,92.2,S
2021-07-06T10:49:55,7600.0,92.3,B
2021-07-06T10:49:55,2400.0,92.3,B
2021-07-06T10:48:51,100.0,92.2,S
2021-07-06T10:48:48,500.0,92.2,S
2021-07-06T10:48:41,200.0,92.2,S
2021-07-06T10:48:39,500.0,92.3,B
2021-07-06T10:48:26,500.0,92.3,B
2021-07-06T10:48:18,300.0,92.2,S
2021-07-06T10:47:59,100.0,92.2,S
2021-07-06T10:47:45,400.0,92.2,S
2021-07-06T10:47:36,1800.0,92.2,S
2021-07-06T10:47:34,100.0,92.3,B
2021-07-06T10:47:34,200.0,92.3,B
2021-07-06T10:47:27,100.0,92.3,B
2021-07-06T10:47:10,500.0,92.3,B
2021-07-06T10:47:07,100.0,92.3,B
2021-07-06T10:46:36,100.0,92.3,B
2021-07-06T10:46:33,200.0,92.2,S
2021-07-06T10:46:33,400.0,92.2,B
2021-07-06T10:46:09,100.0,92.1,S
2021-07-06T10:45:35,2000.0,92.2,B
2021-07-06T10:45:30,100.0,92.2,B
2021-07-06T10:45:24,100.0,92.2,B
2021-07-06T10:45:24,100.0,92.2,B
2021-07-06T10:45:16,1500.0,92.2,B
2021-07-06T10:45:06,1500.0,92.2,B
2021-07-06T10:44:58,900.0,92.2,B
2021-07-06T10:44:32,100.0,92.2,S
2021-07-06T10:44:23,800.0,92.1,S
2021-07-06T10:44:23,300.0,92.2,B
2021-07-06T10:44:19,500.0,92.2,B
2021-07-06T10:44:09,200.0,92.2,B
2021-07-06T10:44:08,100.0,92.2,B
2021-07-06T10:44:06,300.0,92.2,B
2021-07-06T10:44:04,600.0,92.1,S
2021-07-06T10:43:48,100.0,92.2,B
2021-07-06T10:43:48,300.0,92.2,B
2021-07-06T10:43:44,100.0,92.2,B
2021-07-06T10:43:39,500.0,92.2,B
2021-07-06T10:43:33,500.0,92.2,B
2021-07-06T10:43:27,1200.0,92.2,B
2021-07-06T10:43:22,100.0,92.2,B
2021-07-06T10:43:18,200.0,92.2,B
2021-07-06T10:43:05,400.0,92.2,B
2021-07-06T10:43:02,1000.0,92.2,B
2021-07-06T10:43:02,3000.0,92.2,B
2021-07-06T10:42:48,600.0,92.2,B
2021-07-06T10:42:37,100.0,92.2,B
2021-07-06T10:42:35,400.0,92.1,S
2021-07-06T10:42:35,300.0,92.1,S
2021-07-06T10:42:35,300.0,92.1,S
2021-07-06T10:42:27,200.0,92.1,S
2021-07-06T10:42:01,500.0,92.1,S
2021-07-06T10:41:36,300.0,92.2,B
2021-07-06T10:41:33,1200.0,92.1,S
2021-07-06T10:41:33,200.0,92.2,B
2021-07-06T10:41:21,100.0,92.2,B
2021-07-06T10:41:02,100.0,92.2,B
2021-07-06T10:40:50,1000.0,92.2,B
2021-07-06T10:40:46,200.0,92.2,B
2021-07-06T10:40:43,500.0,92.2,B
2021-07-06T10:40:41,100.0,92.2,B
2021-07-06T10:40:27,100.0,92.2,B
2021-07-06T10:40:26,100.0,92.2,B
2021-07-06T10:40:25,100.0,92.2,B
2021-07-06T10:40:04,100.0,92.1,S
2021-07-06T10:39:41,500.0,92.2,B
2021-07-06T10:39:39,600.0,92.2,B
2021-07-06T10:39:11,100.0,92.2,B
2021-07-06T10:39:09,500.0,92.2,B
2021-07-06T10:39:05,200.0,92.2,S
2021-07-06T10:38:59,100.0,92.2,B
2021-07-06T10:38:48,600.0,92.2,B
2021-07-06T10:38:47,500.0,92.2,B
2021-07-06T10:38:38,600.0,92.2,B
2021-07-06T10:38:34,600.0,92.2,B
2021-07-06T10:38:29,800.0,92.1,S
2021-07-06T10:38:16,1000.0,92.2,B
2021-07-06T10:37:56,1000.0,92.2,B
2021-07-06T10:37:45,1100.0,92.1,S
2021-07-06T10:37:38,200.0,92.1,S
2021-07-06T10:37:35,1300.0,92.2,B
2021-07-06T10:37:20,1200.0,92.1,S
2021-07-06T10:37:19,700.0,92.2,B
2021-07-06T10:37:16,100.0,92.2,B
2021-07-06T10:37:16,1400.0,92.2,B
2021-07-06T10:37:15,1000.0,92.2,B
2021-07-06T10:37:15,2600.0,92.1,S
2021-07-06T10:37:13,900.0,92.2,B
2021-07-06T10:37:06,100.0,92.2,B
2021-07-06T10:37:05,500.0,92.2,B
2021-07-06T10:37:02,600.0,92.2,B
2021-07-06T10:36:58,100.0,92.2,B
2021-07-06T10:36:40,100.0,92.2,B
2021-07-06T10:36:27,100.0,92.2,B
2021-07-06T10:35:57,900.0,92.2,S
2021-07-06T10:35:57,100.0,92.2,S
2021-07-06T10:35:26,4000.0,92.2,S
2021-07-06T10:35:04,700.0,92.2,S
2021-07-06T10:34:54,1400.0,92.2,S
2021-07-06T10:34:54,200.0,92.2,S
2021-07-06T10:34:53,400.0,92.2,S
2021-07-06T10:34:47,400.0,92.2,S
2021-07-06T10:34:42,900.0,92.2,S
2021-07-06T10:34:30,400.0,92.2,S
2021-07-06T10:34:27,200.0,92.3,B
2021-07-06T10:34:23,1100.0,92.2,S
2021-07-06T10:34:19,200.0,92.2,S
2021-07-06T10:34:19,100.0,92.3,B
2021-07-06T10:33:56,500.0,92.3,B
2021-07-06T10:33:40,100.0,92.2,S
2021-07-06T10:33:35,400.0,92.3,B
2021-07-06T10:32:45,300.0,92.3,B
2021-07-06T10:32:37,200.0,92.2,S
2021-07-06T10:32:31,900.0,92.3,B
2021-07-06T10:32:15,1000.0,92.2,S
2021-07-06T10:32:12,500.0,92.3,B
2021-07-06T10:31:55,300.0,92.2,S
2021-07-06T10:31:52,200.0,92.3,B
2021-07-06T10:31:46,300.0,92.3,B
2021-07-06T10:31:38,500.0,92.3,B
2021-07-06T10:31:37,100.0,92.2,S
2021-07-06T10:31:35,1000.0,92.2,S
2021-07-06T10:31:25,100.0,92.2,S
2021-07-06T10:31:21,300.0,92.2,S
2021-07-06T10:31:20,100.0,92.2,S
2021-07-06T10:31:12,100.0,92.2,S
2021-07-06T10:31:08,200.0,92.2,B
2021-07-06T10:31:08,300.0,92.2,B
2021-07-06T10:31:06,3600.0,92.2,B
2021-07-06T10:30:46,1000.0,92.1,S
2021-07-06T10:30:23,200.0,92.2,B
2021-07-06T10:30:14,500.0,92.2,B
2021-07-06T10:30:11,100.0,92.2,B
2021-07-06T10:29:51,500.0,92.2,B
2021-07-06T10:28:58,100.0,92.2,B
2021-07-06T10:28:03,100.0,92.1,S
2021-07-06T10:27:38,2200.0,92.1,S
2021-07-06T10:27:26,100.0,92.3,B
2021-07-06T10:27:11,200.0,92.3,B
2021-07-06T10:26:55,200.0,92.2,S
2021-07-06T10:26:29,100.0,92.2,S
2021-07-06T10:25:57,200.0,92.2,S
2021-07-06T10:25:42,500.0,92.5,B
2021-07-06T10:25:15,100.0,92.2,S
2021-07-06T10:25:12,200.0,92.2,S
2021-07-06T10:25:12,100.0,92.3,S
2021-07-06T10:24:29,7900.0,92.0,S
2021-07-06T10:24:29,1100.0,92.1,S
2021-07-06T10:24:29,1000.0,92.1,S
2021-07-06T10:24:13,100.0,92.5,B
2021-07-06T10:24:11,4900.0,92.0,S
2021-07-06T10:24:11,100.0,92.1,S
2021-07-06T10:24:11,1000.0,92.1,S
2021-07-06T10:24:11,500.0,92.1,S
2021-07-06T10:24:11,600.0,92.1,S
2021-07-06T10:24:11,200.0,92.1,S
2021-07-06T10:24:11,100.0,92.1,S
2021-07-06T10:24:11,200.0,92.1,S
2021-07-06T10:24:11,1100.0,92.1,S
2021-07-06T10:24:11,100.0,92.1,S
2021-07-06T10:24:11,1200.0,92.1,S
2021-07-06T10:23:56,100.0,92.5,B
2021-07-06T10:23:53,200.0,92.1,S
2021-07-06T10:23:53,300.0,92.2,S
2021-07-06T10:23:52,200.0,92.2,S
2021-07-06T10:23:52,4600.0,92.2,S
2021-07-06T10:23:52,4700.0,92.2,S
2021-07-06T10:23:52,200.0,92.5,B
2021-07-06T10:23:47,100.0,92.5,B
2021-07-06T10:23:39,7400.0,92.3,S
2021-07-06T10:23:39,2600.0,92.3,S
2021-07-06T10:23:23,1500.0,92.5,B
2021-07-06T10:23:09,200.0,92.5,B
2021-07-06T10:23:00,200.0,92.5,B
2021-07-06T10:22:36,1000.0,92.5,B
2021-07-06T10:22:27,200.0,92.5,B
2021-07-06T10:22:12,100.0,92.5,B
2021-07-06T10:21:51,400.0,92.4,B
2021-07-06T10:21:46,600.0,92.4,B
2021-07-06T10:21:45,100.0,92.4,S
2021-07-06T10:21:41,1000.0,92.4,S
2021-07-06T10:21:23,400.0,92.4,B
2021-07-06T10:21:22,100.0,92.4,B
2021-07-06T10:21:19,200.0,92.3,S
2021-07-06T10:20:51,1000.0,92.3,S
2021-07-06T10:20:50,200.0,92.4,B
2021-07-06T10:20:34,500.0,92.3,S
2021-07-06T10:20:25,100.0,92.4,B
2021-07-06T10:20:07,700.0,92.3,B
2021-07-06T10:19:59,500.0,92.3,B
2021-07-06T10:19:53,100.0,92.3,B
2021-07-06T10:19:53,2000.0,92.3,B
2021-07-06T10:19:40,100.0,92.3,B
2021-07-06T10:19:33,200.0,92.3,B
2021-07-06T10:19:13,100.0,92.3,B
2021-07-06T10:19:08,2900.0,92.3,B
2021-07-06T10:18:52,300.0,92.3,B
2021-07-06T10:18:52,200.0,92.3,B
2021-07-06T10:18:35,1700.0,92.3,B
2021-07-06T10:18:34,1000.0,92.2,S
2021-07-06T10:18:21,400.0,92.3,B
2021-07-06T10:18:18,200.0,92.2,S
2021-07-06T10:18:00,500.0,92.3,B
2021-07-06T10:17:58,1000.0,92.2,S
2021-07-06T10:17:32,100.0,92.3,B
2021-07-06T10:17:00,100.0,92.2,S
2021-07-06T10:16:39,300.0,92.2,S
2021-07-06T10:16:36,200.0,92.2,B
2021-07-06T10:16:26,100.0,92.2,B
2021-07-06T10:16:21,1000.0,92.2,B
2021-07-06T10:15:58,300.0,92.2,B
2021-07-06T10:15:56,100.0,92.2,S
2021-07-06T10:15:56,200.0,92.2,S
2021-07-06T10:15:56,100.0,92.2,S
2021-07-06T10:15:56,200.0,92.2,S
2021-07-06T10:15:49,100.0,92.2,S
2021-07-06T10:15:41,1900.0,92.2,B
2021-07-06T10:15:26,300.0,92.2,B
2021-07-06T10:15:23,1000.0,92.2,B
2021-07-06T10:15:09,100.0,92.1,S
2021-07-06T10:15:05,300.0,92.1,B
2021-07-06T10:14:59,500.0,92.1,B
2021-07-06T10:14:57,100.0,92.1,S
2021-07-06T10:14:55,4100.0,92.1,B
2021-07-06T10:14:55,400.0,92.1,B
2021-07-06T10:14:52,500.0,92.1,B
2021-07-06T10:14:41,500.0,92.1,B
2021-07-06T10:14:28,100.0,92.0,S
2021-07-06T10:14:24,500.0,92.0,S
2021-07-06T10:14:21,100.0,92.1,B
2021-07-06T10:14:19,200.0,92.1,B
2021-07-06T10:14:07,100.0,92.1,B
2021-07-06T10:13:59,500.0,92.0,S
2021-07-06T10:13:58,100.0,92.0,S
2021-07-06T10:13:54,2900.0,92.0,B
2021-07-06T10:13:54,17900.0,92.0,B
2021-07-06T10:13:47,100.0,92.0,B
2021-07-06T10:13:36,100.0,92.0,B
2021-07-06T10:13:35,400.0,91.9,S
2021-07-06T10:13:29,100.0,91.9,S
2021-07-06T10:13:27,100.0,92.0,B
2021-07-06T10:13:26,200.0,92.0,B
2021-07-06T10:13:20,100.0,92.0,B
2021-07-06T10:13:17,100.0,92.0,B
2021-07-06T10:13:15,200.0,92.0,B
2021-07-06T10:13:14,500.0,92.0,B
2021-07-06T10:13:11,100.0,91.9,S
2021-07-06T10:13:11,500.0,92.0,B
2021-07-06T10:13:08,100.0,92.0,B
2021-07-06T10:13:07,20000.0,92.0,B
2021-07-06T10:12:55,2000.0,92.0,B
2021-07-06T10:12:39,200.0,92.0,B
2021-07-06T10:12:37,500.0,92.0,B
2021-07-06T10:12:33,100.0,92.0,B
2021-07-06T10:12:24,100.0,92.0,B
2021-07-06T10:12:24,3700.0,92.0,B
2021-07-06T10:12:03,1100.0,92.0,S
2021-07-06T10:12:03,1200.0,92.0,S
2021-07-06T10:12:03,2200.0,92.0,S
2021-07-06T10:12:03,100.0,92.0,S
2021-07-06T10:12:03,100.0,92.0,S
2021-07-06T10:12:03,1800.0,92.0,S
2021-07-06T10:12:01,500.0,92.0,S
2021-07-06T10:11:57,500.0,92.0,S
2021-07-06T10:11:55,3200.0,92.0,S
2021-07-06T10:11:55,6800.0,92.0,S
2021-07-06T10:11:53,300.0,92.0,S
2021-07-06T10:11:45,100.0,92.0,S
2021-07-06T10:11:42,500.0,92.0,S
2021-07-06T10:11:35,100.0,92.1,B
2021-07-06T10:11:29,100.0,92.1,B
2021-07-06T10:11:24,100.0,92.0,S
2021-07-06T10:11:15,2100.0,92.0,S
2021-07-06T10:11:15,500.0,92.0,S
2021-07-06T10:10:59,200.0,92.0,S
2021-07-06T10:10:57,300.0,92.0,S
2021-07-06T10:10:48,100.0,92.1,B
2021-07-06T10:10:46,100.0,92.0,S
2021-07-06T10:10:37,100.0,92.1,B
2021-07-06T10:10:25,500.0,92.0,S
2021-07-06T10:10:22,300.0,92.1,B
2021-07-06T10:10:19,100.0,92.1,B
2021-07-06T10:09:40,200.0,92.1,B
2021-07-06T10:09:40,100.0,92.0,S
2021-07-06T10:09:39,800.0,92.0,S
2021-07-06T10:09:38,300.0,92.0,S
2021-07-06T10:09:34,3100.0,92.0,S
2021-07-06T10:09:32,500.0,92.0,S
2021-07-06T10:09:30,2700.0,92.0,S
2021-07-06T10:09:29,3000.0,92.0,S
2021-07-06T10:09:26,200.0,92.0,S
2021-07-06T10:09:21,2000.0,92.0,S
2021-07-06T10:09:10,12600.0,92.0,B
2021-07-06T10:09:07,100.0,92.0,B
2021-07-06T10:09:06,100.0,92.0,S
2021-07-06T10:09:06,2200.0,92.0,S
2021-07-06T10:09:03,100.0,92.0,S
2021-07-06T10:08:53,100.0,92.1,B
2021-07-06T10:08:44,700.0,92.0,S
2021-07-06T10:08:38,500.0,92.0,B
2021-07-06T10:08:37,100.0,92.0,B
2021-07-06T10:08:33,500.0,92.0,B
2021-07-06T10:08:27,500.0,92.0,B
2021-07-06T10:08:27,500.0,92.0,B
2021-07-06T10:08:26,200.0,92.0,B
2021-07-06T10:08:23,400.0,91.9,S
2021-07-06T10:08:19,600.0,91.9,S
2021-07-06T10:08:19,1000.0,92.0,B
2021-07-06T10:08:17,100.0,92.0,B
2021-07-06T10:08:13,200.0,92.0,B
2021-07-06T10:08:13,200.0,92.0,B
2021-07-06T10:08:12,500.0,92.0,B
2021-07-06T10:08:12,200.0,92.0,B
2021-07-06T10:08:10,100.0,92.0,B
2021-07-06T10:08:07,1000.0,92.0,B
2021-07-06T10:07:46,1500.0,92.0,B
2021-07-06T10:07:43,200.0,92.0,B
2021-07-06T10:07:40,200.0,91.9,S
2021-07-06T10:07:35,600.0,92.0,B
2021-07-06T10:07:31,2000.0,92.0,B
2021-07-06T10:07:22,2000.0,91.9,S
2021-07-06T10:07:22,100.0,92.0,B
2021-07-06T10:07:08,100.0,92.0,B
2021-07-06T10:07:07,100.0,92.0,B
2021-07-06T10:07:03,100.0,92.0,B
2021-07-06T10:07:02,900.0,92.0,B
2021-07-06T10:06:56,100.0,92.0,B
2021-07-06T10:06:52,1000.0,92.0,B
2021-07-06T10:06:45,100.0,92.0,B
2021-07-06T10:06:43,100.0,92.0,B
2021-07-06T10:06:36,1700.0,92.0,B
2021-07-06T10:06:36,900.0,91.9,S
2021-07-06T10:06:36,1600.0,91.9,S
2021-07-06T10:06:36,1500.0,91.9,S
2021-07-06T10:06:36,1000.0,91.9,S
2021-07-06T10:06:26,200.0,92.0,B
2021-07-06T10:06:23,500.0,92.0,B
2021-07-06T10:06:20,1800.0,92.0,S
2021-07-06T10:06:20,400.0,92.0,S
2021-07-06T10:06:08,100.0,92.1,B
2021-07-06T10:06:02,400.0,92.0,S
2021-07-06T10:05:58,1200.0,92.0,S
2021-07-06T10:05:58,1000.0,92.0,S
2021-07-06T10:05:58,3700.0,92.0,S
2021-07-06T10:05:58,600.0,92.0,S
2021-07-06T10:05:58,2500.0,92.0,S
2021-07-06T10:05:58,300.0,92.0,S
2021-07-06T10:05:58,1300.0,92.0,S
2021-07-06T10:05:58,300.0,92.0,S
2021-07-06T10:05:58,2100.0,92.0,S
2021-07-06T10:05:58,700.0,92.0,S
2021-07-06T10:05:58,600.0,92.0,S
2021-07-06T10:05:58,300.0,92.0,S
2021-07-06T10:05:58,600.0,92.0,S
2021-07-06T10:05:58,500.0,92.0,S
2021-07-06T10:05:58,800.0,92.0,S
2021-07-06T10:05:58,8500.0,92.0,S
2021-07-06T10:05:56,2000.0,92.0,S
2021-07-06T10:05:54,500.0,92.1,B
2021-07-06T10:05:51,100.0,92.1,B
2021-07-06T10:05:51,100.0,92.0,S
2021-07-06T10:05:49,200.0,92.1,B
2021-07-06T10:05:46,100.0,92.1,B
2021-07-06T10:05:15,2000.0,92.1,B
2021-07-06T10:05:14,200.0,92.1,B
2021-07-06T10:05:12,100.0,92.1,B
2021-07-06T10:04:57,200.0,92.1,B
2021-07-06T10:04:56,300.0,92.0,S
2021-07-06T10:04:50,500.0,92.1,B
2021-07-06T10:04:47,500.0,92.1,B
2021-07-06T10:04:43,1300.0,92.0,S
2021-07-06T10:04:43,3500.0,92.0,S
2021-07-06T10:04:43,2200.0,92.0,S
2021-07-06T10:04:43,200.0,92.1,B
2021-07-06T10:04:37,500.0,92.0,S
2021-07-06T10:04:25,100.0,92.0,S
2021-07-06T10:04:22,500.0,92.1,B
2021-07-06T10:04:20,500.0,92.1,B
2021-07-06T10:04:15,1000.0,92.1,B
2021-07-06T10:04:12,1500.0,92.0,S
2021-07-06T10:04:06,500.0,92.1,B
2021-07-06T10:04:02,100.0,92.1,B
2021-07-06T10:04:00,100.0,92.0,S
2021-07-06T10:03:57,500.0,92.0,S
2021-07-06T10:03:49,100.0,92.1,B
2021-07-06T10:03:45,1000.0,92.0,S
2021-07-06T10:03:43,100.0,92.0,S
2021-07-06T10:03:42,900.0,92.0,S
2021-07-06T10:03:37,2000.0,92.0,S
2021-07-06T10:03:35,200.0,92.0,S
2021-07-06T10:03:35,1000.0,92.1,B
2021-07-06T10:03:30,300.0,92.1,B
2021-07-06T10:03:28,100.0,92.1,B
2021-07-06T10:03:24,200.0,92.0,S
2021-07-06T10:03:18,200.0,92.1,B
2021-07-06T10:03:10,3000.0,92.1,B
2021-07-06T10:03:10,200.0,92.1,B
2021-07-06T10:03:10,1000.0,92.0,S
2021-07-06T10:02:58,500.0,92.1,B
2021-07-06T10:02:58,100.0,92.1,B
2021-07-06T10:02:53,500.0,92.1,B
2021-07-06T10:02:49,200.0,92.1,B
2021-07-06T10:02:48,100.0,92.0,S
2021-07-06T10:02:47,500.0,92.1,B
2021-07-06T10:02:40,500.0,92.1,B
2021-07-06T10:02:34,800.0,92.1,B
2021-07-06T10:02:33,500.0,92.1,B
2021-07-06T10:02:32,100.0,92.1,S
2021-07-06T10:02:32,200.0,92.1,S
2021-07-06T10:02:32,100.0,92.1,S
2021-07-06T10:02:32,5600.0,92.1,S
2021-07-06T10:02:32,300.0,92.1,S
2021-07-06T10:02:32,500.0,92.1,S
2021-07-06T10:02:32,1500.0,92.1,S
2021-07-06T10:02:32,2500.0,92.1,S
2021-07-06T10:02:32,800.0,92.2,S
2021-07-06T10:02:29,1000.0,92.2,S
2021-07-06T10:02:21,300.0,92.2,S
2021-07-06T10:02:10,900.0,92.2,S
2021-07-06T10:02:02,300.0,92.2,S
2021-07-06T10:01:42,100.0,92.2,S
2021-07-06T10:01:40,500.0,92.2,S
2021-07-06T10:01:36,1000.0,92.3,B
2021-07-06T10:01:32,2100.0,92.2,S
2021-07-06T10:01:27,100.0,92.3,B
2021-07-06T10:01:23,100.0,92.3,B
2021-07-06T10:01:18,100.0,92.3,B
2021-07-06T10:01:03,3000.0,92.3,S
2021-07-06T10:01:01,500.0,92.4,B
2021-07-06T10:00:50,5000.0,92.3,S
2021-07-06T10:00:45,300.0,92.3,S
2021-07-06T10:00:44,100.0,92.3,S
2021-07-06T10:00:39,300.0,92.3,S
2021-07-06T10:00:39,400.0,92.3,S
2021-07-06T10:00:21,100.0,92.3,S
2021-07-06T10:00:19,1000.0,92.4,B
2021-07-06T10:00:15,500.0,92.4,S
2021-07-06T10:00:15,500.0,92.4,S
2021-07-06T10:00:15,2100.0,92.4,S
2021-07-06T10:00:13,100.0,92.4,S
2021-07-06T10:00:03,100.0,92.4,S
2021-07-06T09:59:52,1700.0,92.4,S
2021-07-06T09:59:52,1200.0,92.4,S
2021-07-06T09:59:52,2100.0,92.4,S
2021-07-06T09:59:45,1000.0,92.4,S
2021-07-06T09:59:45,100.0,92.5,B
2021-07-06T09:59:40,2700.0,92.4,S
2021-07-06T09:59:40,300.0,92.4,S
2021-07-06T09:59:14,300.0,92.4,S
2021-07-06T09:59:09,200.0,92.5,B
2021-07-06T09:58:50,1300.0,92.5,B
2021-07-06T09:58:50,400.0,92.4,S
2021-07-06T09:58:32,200.0,92.5,B
2021-07-06T09:58:21,2200.0,92.5,B
2021-07-06T09:58:21,300.0,92.5,S
2021-07-06T09:58:17,100.0,92.5,S
2021-07-06T09:58:14,1400.0,92.5,S
2021-07-06T09:57:54,2600.0,92.5,S
2021-07-06T09:57:40,1000.0,92.6,B
2021-07-06T09:57:29,100.0,92.6,B
2021-07-06T09:57:23,200.0,92.5,S
2021-07-06T09:57:19,500.0,92.5,S
2021-07-06T09:57:19,500.0,92.5,S
2021-07-06T09:56:35,100.0,92.6,B
2021-07-06T09:56:29,500.0,92.6,B
2021-07-06T09:56:27,500.0,92.5,S
2021-07-06T09:55:40,100.0,92.6,B
2021-07-06T09:55:32,500.0,92.5,S
2021-07-06T09:55:19,100.0,92.6,B
2021-07-06T09:54:53,500.0,92.5,S
2021-07-06T09:54:38,2200.0,92.6,B
2021-07-06T09:54:31,3800.0,92.6,B
2021-07-06T09:54:21,2200.0,92.5,B
2021-07-06T09:54:20,1900.0,92.5,B
2021-07-06T09:54:09,700.0,92.5,S
2021-07-06T09:54:09,1000.0,92.5,S
2021-07-06T09:54:09,300.0,92.5,S
2021-07-06T09:54:09,2700.0,92.5,S
2021-07-06T09:54:09,200.0,92.5,S
2021-07-06T09:54:09,1200.0,92.5,S
2021-07-06T09:54:07,100.0,92.5,S
2021-07-06T09:54:07,2800.0,92.5,S
2021-07-06T09:54:07,2200.0,92.6,B
2021-07-06T09:54:03,200.0,92.5,S
2021-07-06T09:54:00,600.0,92.5,S
2021-07-06T09:53:58,2200.0,92.6,B
2021-07-06T09:53:42,500.0,92.5,S
2021-07-06T09:53:37,1300.0,92.5,S
2021-07-06T09:53:37,500.0,92.6,B
2021-07-06T09:53:37,400.0,92.6,B
2021-07-06T09:53:22,2000.0,92.5,S
2021-07-06T09:53:17,500.0,92.6,B
2021-07-06T09:53:14,400.0,92.5,S
2021-07-06T09:53:13,100.0,92.5,S
2021-07-06T09:53:03,1000.0,92.5,S
2021-07-06T09:52:42,300.0,92.5,S
2021-07-06T09:52:42,1000.0,92.5,S
2021-07-06T09:52:40,100.0,92.5,S
2021-07-06T09:52:17,1000.0,92.5,S
2021-07-06T09:52:00,900.0,92.5,S
2021-07-06T09:52:00,500.0,92.5,S
2021-07-06T09:52:00,300.0,92.5,S
2021-07-06T09:52:00,1500.0,92.5,S
2021-07-06T09:51:37,200.0,92.5,S
2021-07-06T09:51:35,100.0,92.5,S
2021-07-06T09:51:22,600.0,92.5,S
2021-07-06T09:51:05,500.0,92.5,S
2021-07-06T09:50:37,500.0,92.6,B
2021-07-06T09:50:35,1000.0,92.5,S
2021-07-06T09:50:30,3000.0,92.5,S
2021-07-06T09:50:30,1000.0,92.5,S
2021-07-06T09:50:28,1000.0,92.5,S
2021-07-06T09:50:18,200.0,92.5,S
2021-07-06T09:50:09,500.0,92.5,S
2021-07-06T09:50:01,100.0,92.5,S
2021-07-06T09:50:01,800.0,92.5,S
2021-07-06T09:49:54,500.0,92.6,B
2021-07-06T09:49:53,100.0,92.6,B
2021-07-06T09:49:50,200.0,92.6,B
2021-07-06T09:49:43,100.0,92.6,B
2021-07-06T09:49:43,1000.0,92.5,S
2021-07-06T09:49:30,100.0,92.6,B
2021-07-06T09:49:15,100.0,92.6,B
2021-07-06T09:49:15,300.0,92.6,B
2021-07-06T09:49:07,100.0,92.6,B
2021-07-06T09:48:57,900.0,92.6,S
2021-07-06T09:48:57,500.0,92.6,S
2021-07-06T09:48:56,200.0,92.6,S
2021-07-06T09:48:52,200.0,92.7,B
2021-07-06T09:48:46,200.0,92.6,S
2021-07-06T09:48:37,300.0,92.7,B
2021-07-06T09:48:35,100.0,92.6,S
2021-07-06T09:48:28,1400.0,92.6,S
2021-07-06T09:48:27,1700.0,92.6,S
2021-07-06T09:47:49,100.0,92.6,S
2021-07-06T09:47:32,1000.0,92.7,B
2021-07-06T09:47:25,1200.0,92.6,S
2021-07-06T09:47:14,300.0,92.6,S
2021-07-06T09:47:11,100.0,92.7,B
2021-07-06T09:46:52,100.0,92.6,S
2021-07-06T09:46:49,300.0,92.7,B
2021-07-06T09:46:41,200.0,92.7,B
2021-07-06T09:46:39,100.0,92.7,B
2021-07-06T09:46:39,500.0,92.7,B
2021-07-06T09:46:35,300.0,92.7,B
2021-07-06T09:46:31,300.0,92.7,S
2021-07-06T09:46:31,1500.0,92.7,S
2021-07-06T09:46:27,600.0,92.7,S
2021-07-06T09:46:26,100.0,92.8,B
2021-07-06T09:46:13,100.0,92.7,S
2021-07-06T09:46:04,100.0,92.7,S
2021-07-06T09:46:04,500.0,92.7,S
2021-07-06T09:46:02,100.0,92.8,B
2021-07-06T09:45:56,1000.0,92.7,S
2021-07-06T09:45:43,200.0,92.7,S
2021-07-06T09:45:33,100.0,92.7,S
2021-07-06T09:45:33,1400.0,92.7,S
2021-07-06T09:45:28,100.0,92.7,S
2021-07-06T09:45:24,300.0,92.7,S
2021-07-06T09:44:21,100.0,92.7,S
2021-07-06T09:44:15,1000.0,92.7,S
2021-07-06T09:44:13,1000.0,92.8,B
2021-07-06T09:44:11,200.0,92.7,S
2021-07-06T09:44:06,100.0,92.8,B
2021-07-06T09:44:03,2000.0,92.7,S
2021-07-06T09:43:43,2500.0,92.7,S
2021-07-06T09:43:42,200.0,92.8,B
2021-07-06T09:43:39,100.0,92.8,B
2021-07-06T09:43:34,200.0,92.8,B
2021-07-06T09:43:25,1600.0,92.7,S
2021-07-06T09:43:21,300.0,92.8,B
2021-07-06T09:43:15,500.0,92.8,B
2021-07-06T09:43:13,3000.0,92.7,S
2021-07-06T09:43:12,700.0,92.8,B
2021-07-06T09:43:11,1200.0,92.7,S
2021-07-06T09:43:10,1000.0,92.7,S
2021-07-06T09:43:06,1500.0,92.7,S
2021-07-06T09:42:59,3000.0,92.7,S
2021-07-06T09:42:54,2400.0,92.7,S
2021-07-06T09:42:43,400.0,92.7,S
2021-07-06T09:42:39,300.0,92.8,B
2021-07-06T09:42:36,1100.0,92.7,S
2021-07-06T09:42:36,500.0,92.7,S
2021-07-06T09:42:36,500.0,92.7,S
2021-07-06T09:42:36,900.0,92.7,S
2021-07-06T09:42:19,100.0,92.7,S
2021-07-06T09:41:26,200.0,92.7,S
2021-07-06T09:41:18,100.0,92.7,S
2021-07-06T09:40:50,100.0,92.8,B
2021-07-06T09:40:45,100.0,92.8,B
2021-07-06T09:39:59,5000.0,92.7,S
2021-07-06T09:39:55,100.0,92.9,B
2021-07-06T09:39:40,1100.0,92.9,B
2021-07-06T09:39:40,100.0,92.8,B
2021-07-06T09:39:39,300.0,92.8,B
2021-07-06T09:39:33,100.0,92.8,B
2021-07-06T09:39:19,100.0,92.8,S
2021-07-06T09:39:12,100.0,92.8,S
2021-07-06T09:39:10,1000.0,92.7,S
2021-07-06T09:39:10,700.0,92.7,S
2021-07-06T09:39:10,1800.0,92.7,S
2021-07-06T09:39:10,500.0,92.8,S
2021-07-06T09:39:10,1000.0,92.8,S
2021-07-06T09:38:54,500.0,92.8,S
2021-07-06T09:38:50,300.0,92.9,B
2021-07-06T09:38:43,100.0,92.8,S
2021-07-06T09:38:29,1000.0,92.8,S
2021-07-06T09:38:13,2800.0,92.8,S
2021-07-06T09:38:09,100.0,92.9,B
2021-07-06T09:37:51,500.0,92.9,B
2021-07-06T09:37:35,1000.0,92.8,S
2021-07-06T09:37:06,1000.0,92.8,S
2021-07-06T09:37:05,7000.0,93.0,B
2021-07-06T09:37:05,300.0,92.9,B
2021-07-06T09:37:05,7700.0,92.9,B
2021-07-06T09:36:34,100.0,92.9,B
2021-07-06T09:36:32,1000.0,92.8,S
2021-07-06T09:36:27,15000.0,92.9,B
2021-07-06T09:36:16,100.0,92.8,S
2021-07-06T09:36:11,200.0,92.9,B
2021-07-06T09:36:04,100.0,92.9,B
2021-07-06T09:35:43,300.0,92.8,S
2021-07-06T09:35:39,1000.0,92.8,S
2021-07-06T09:35:09,600.0,92.8,S
2021-07-06T09:35:06,900.0,92.8,S
2021-07-06T09:34:58,100.0,92.9,B
2021-07-06T09:34:58,500.0,92.8,S
2021-07-06T09:34:49,500.0,92.8,S
2021-07-06T09:34:41,100.0,92.8,S
2021-07-06T09:34:29,1000.0,92.9,B
2021-07-06T09:34:25,1000.0,92.9,B
2021-07-06T09:34:23,100.0,92.9,B
2021-07-06T09:34:18,100.0,92.9,B
2021-07-06T09:34:17,100.0,92.9,B
2021-07-06T09:34:13,100.0,92.9,B
2021-07-06T09:34:10,1000.0,92.9,B
2021-07-06T09:34:04,100.0,92.9,B
2021-07-06T09:33:51,1100.0,92.9,B
2021-07-06T09:33:51,700.0,92.9,B
2021-07-06T09:33:47,400.0,92.9,B
2021-07-06T09:33:45,1000.0,92.9,B
2021-07-06T09:33:39,100.0,92.9,B
2021-07-06T09:33:16,400.0,92.9,B
2021-07-06T09:33:08,100.0,92.9,B
2021-07-06T09:33:06,100.0,92.9,B
2021-07-06T09:32:46,3500.0,92.9,S
2021-07-06T09:32:39,400.0,92.9,S
2021-07-06T09:32:37,8000.0,92.9,S
2021-07-06T09:32:25,500.0,92.9,S
2021-07-06T09:32:22,100.0,92.9,S
2021-07-06T09:32:19,400.0,92.9,S
2021-07-06T09:32:17,1000.0,92.9,S
2021-07-06T09:32:00,400.0,92.9,S
2021-07-06T09:31:53,300.0,92.9,S
2021-07-06T09:31:50,1000.0,92.9,B
2021-07-06T09:31:50,500.0,92.9,B
2021-07-06T09:31:42,1000.0,92.9,B
2021-07-06T09:31:40,2000.0,92.9,B
2021-07-06T09:31:40,400.0,92.9,B
2021-07-06T09:30:52,500.0,92.9,B
2021-07-06T09:30:50,700.0,92.8,S
2021-07-06T09:30:40,100.0,92.9,B
2021-07-06T09:30:39,100.0,92.8,S
2021-07-06T09:30:38,1000.0,92.9,B
2021-07-06T09:30:37,2000.0,92.9,B
2021-07-06T09:30:26,100.0,92.9,B
2021-07-06T09:30:17,800.0,92.9,B
2021-07-06T09:30:08,500.0,92.9,B
2021-07-06T09:30:01,200.0,92.9,B
2021-07-06T09:29:55,100.0,92.9,B
2021-07-06T09:29:55,3000.0,92.9,B
2021-07-06T09:29:55,100.0,92.9,B
2021-07-06T09:29:49,100.0,92.9,B
2021-07-06T09:29:32,400.0,92.9,S
2021-07-06T09:29:25,100.0,92.9,S
2021-07-06T09:29:12,100.0,93.0,B
2021-07-06T09:29:02,200.0,92.9,S
2021-07-06T09:28:54,100.0,92.9,B
2021-07-06T09:28:48,100.0,92.9,B
2021-07-06T09:28:43,1900.0,93.0,B
2021-07-06T09:28:43,300.0,92.9,B
2021-07-06T09:28:32,2200.0,93.0,B
2021-07-06T09:28:25,2000.0,92.9,B
2021-07-06T09:28:25,2200.0,92.9,B
2021-07-06T09:28:14,2200.0,92.9,B
2021-07-06T09:28:06,100.0,92.9,B
2021-07-06T09:28:01,100.0,92.9,B
2021-07-06T09:28:00,2200.0,92.9,B
2021-07-06T09:27:58,2400.0,92.9,B
2021-07-06T09:27:58,100.0,92.9,B
2021-07-06T09:27:52,100.0,92.7,S
2021-07-06T09:27:52,2200.0,92.9,B
2021-07-06T09:27:49,900.0,92.7,S
2021-07-06T09:27:32,100.0,92.7,S
2021-07-06T09:27:16,300.0,92.8,S
2021-07-06T09:27:12,500.0,92.8,B
2021-07-06T09:27:12,900.0,92.8,B
2021-07-06T09:27:09,100.0,92.8,B
2021-07-06T09:27:06,100.0,92.8,B
2021-07-06T09:27:02,100.0,92.8,B
2021-07-06T09:27:02,800.0,92.8,B
2021-07-06T09:26:39,300.0,92.8,B
2021-07-06T09:26:30,500.0,92.8,B
2021-07-06T09:26:17,500.0,92.8,B
2021-07-06T09:26:13,100.0,92.7,S
2021-07-06T09:26:11,100.0,92.7,S
2021-07-06T09:26:05,1000.0,92.7,S
2021-07-06T09:25:47,400.0,92.8,B
2021-07-06T09:25:47,3100.0,92.8,B
2021-07-06T09:25:47,200.0,92.8,B
2021-07-06T09:25:47,2000.0,92.7,S
2021-07-06T09:25:42,100.0,92.8,B
2021-07-06T09:25:10,200.0,92.8,S
2021-07-06T09:25:06,1000.0,92.8,S
2021-07-06T09:25:05,2200.0,92.9,B
2021-07-06T09:24:55,200.0,92.8,S
2021-07-06T09:24:52,400.0,92.9,B
2021-07-06T09:24:42,100.0,92.8,B
2021-07-06T09:24:38,2000.0,92.9,B
2021-07-06T09:24:37,2200.0,92.8,B
2021-07-06T09:24:14,1900.0,92.8,B
2021-07-06T09:24:13,200.0,92.8,B
2021-07-06T09:24:06,2600.0,92.8,B
2021-07-06T09:24:01,700.0,92.7,S
2021-07-06T09:23:59,500.0,92.7,B
2021-07-06T09:23:55,2300.0,92.7,B
2021-07-06T09:23:55,100.0,92.7,B
2021-07-06T09:23:53,500.0,92.7,B
2021-07-06T09:23:50,300.0,92.7,B
2021-07-06T09:23:48,2000.0,92.7,B
2021-07-06T09:23:44,600.0,92.6,S
2021-07-06T09:23:44,400.0,92.6,S
2021-07-06T09:23:43,400.0,92.7,B
2021-07-06T09:23:43,100.0,92.7,B
2021-07-06T09:23:43,1400.0,92.7,B
2021-07-06T09:23:41,200.0,92.7,B
2021-07-06T09:23:38,300.0,92.7,B
2021-07-06T09:23:33,900.0,92.7,B
2021-07-06T09:23:31,700.0,92.7,B
2021-07-06T09:23:29,500.0,92.7,B
2021-07-06T09:23:29,2100.0,92.7,B
2021-07-06T09:23:27,100.0,92.7,B
2021-07-06T09:23:23,400.0,92.7,B
2021-07-06T09:23:19,900.0,92.7,B
2021-07-06T09:23:09,500.0,92.7,B
2021-07-06T09:23:07,2000.0,92.6,S
2021-07-06T09:23:00,100.0,92.7,B
2021-07-06T09:22:59,100.0,92.7,B
2021-07-06T09:22:56,100.0,92.6,S
2021-07-06T09:22:54,300.0,92.6,S
2021-07-06T09:22:37,900.0,92.7,S
2021-07-06T09:22:27,300.0,92.7,S
2021-07-06T09:22:19,300.0,92.7,S
2021-07-06T09:22:12,200.0,92.7,S
2021-07-06T09:21:55,200.0,92.8,B
2021-07-06T09:21:55,500.0,92.8,B
2021-07-06T09:21:34,500.0,92.8,B
2021-07-06T09:21:19,200.0,92.8,B
2021-07-06T09:21:16,100.0,92.8,B
2021-07-06T09:21:15,100.0,92.8,B
2021-07-06T09:21:11,700.0,92.8,S
2021-07-06T09:21:11,500.0,92.8,S
2021-07-06T09:21:06,100.0,92.9,B
2021-07-06T09:21:05,100.0,92.9,B
2021-07-06T09:20:34,700.0,92.9,B
2021-07-06T09:19:57,2200.0,93.0,B
2021-07-06T09:19:57,200.0,93.0,B
2021-07-06T09:19:57,500.0,93.0,B
2021-07-06T09:19:57,100.0,92.9,B
2021-07-06T09:19:55,100.0,92.9,B
2021-07-06T09:19:50,500.0,93.0,B
2021-07-06T09:19:50,100.0,93.0,B
2021-07-06T09:19:50,4400.0,93.0,B
2021-07-06T09:19:47,100.0,92.9,B
2021-07-06T09:19:42,800.0,92.9,B
2021-07-06T09:19:36,800.0,92.8,S
2021-07-06T09:19:30,100.0,93.0,B
2021-07-06T09:19:25,1000.0,92.8,S
2021-07-06T09:19:18,2100.0,93.0,B
2021-07-06T09:19:08,200.0,93.0,B
2021-07-06T09:19:05,1000.0,92.9,S
2021-07-06T09:19:04,400.0,93.0,B
2021-07-06T09:18:59,800.0,92.9,S
2021-07-06T09:18:40,300.0,93.0,B
2021-07-06T09:18:38,500.0,93.0,B
2021-07-06T09:18:25,500.0,93.0,B
2021-07-06T09:18:20,300.0,93.0,B
2021-07-06T09:18:20,400.0,93.0,B
2021-07-06T09:18:16,100.0,92.9,S
2021-07-06T09:18:10,200.0,92.9,S
2021-07-06T09:18:05,200.0,92.9,S
2021-07-06T09:17:53,400.0,93.0,B
2021-07-06T09:17:53,500.0,93.0,B
2021-07-06T09:17:53,600.0,93.0,B
2021-07-06T09:17:53,3500.0,93.0,B
2021-07-06T09:17:52,100.0,93.0,B
2021-07-06T09:17:47,100.0,93.0,B
2021-07-06T09:17:36,100.0,93.0,B
2021-07-06T09:17:30,200.0,93.0,B
2021-07-06T09:17:30,1000.0,93.0,B
2021-07-06T09:17:30,1000.0,93.0,B
2021-07-06T09:17:29,2300.0,93.0,B
2021-07-06T09:17:21,2500.0,93.0,B
2021-07-06T09:17:21,100.0,92.9,B
2021-07-06T09:17:16,3100.0,92.9,S
2021-07-06T09:17:10,2100.0,93.0,B
2021-07-06T09:17:09,200.0,93.0,B
2021-07-06T09:16:57,100.0,93.0,B
2021-07-06T09:16:49,1000.0,92.9,S
2021-07-06T09:16:45,1800.0,93.0,B
2021-07-06T09:16:39,1800.0,93.0,B
2021-07-06T09:16:36,200.0,93.0,B
2021-07-06T09:16:25,600.0,92.9,B
2021-07-06T09:16:23,500.0,92.9,B
2021-07-06T09:16:22,100.0,92.9,B
2021-07-06T09:16:20,1000.0,92.9,B
2021-07-06T09:16:20,1300.0,92.9,B
2021-07-06T09:16:15,1900.0,92.9,B
2021-07-06T09:16:06,1800.0,92.9,B
2021-07-06T09:16:02,2300.0,92.8,B
2021-07-06T09:15:57,100.0,92.8,B
2021-07-06T09:15:49,2000.0,92.8,B
2021-07-06T09:15:45,200.0,92.8,B
2021-07-06T09:15:45,100.0,92.8,B
2021-07-06T09:15:40,2100.0,92.8,B
2021-07-06T09:15:34,100.0,92.7,B
2021-07-06T09:15:29,2500.0,92.7,B
2021-07-06T09:15:29,100.0,92.5,S
2021-07-06T09:15:25,400.0,92.5,S
2021-07-06T09:15:20,300.0,92.5,S
