tradingTime,volume,price,side
2021-07-06T13:21:20,500.0,37.5,B
2021-07-06T13:21:09,800.0,37.5,B
2021-07-06T13:21:01,800.0,37.5,B
2021-07-06T13:20:45,1000.0,37.5,S
2021-07-06T13:20:11,2000.0,37.5,S
2021-07-06T13:20:11,200.0,37.5,S
2021-07-06T13:20:09,1000.0,37.5,S
2021-07-06T13:19:47,500.0,37.5,S
2021-07-06T13:19:26,600.0,37.5,S
2021-07-06T13:19:22,500.0,37.5,S
2021-07-06T13:19:12,2100.0,37.5,S
2021-07-06T13:19:03,5800.0,37.5,B
2021-07-06T13:19:00,100.0,37.45,S
2021-07-06T13:19:00,6300.0,37.5,B
2021-07-06T13:19:00,2000.0,37.5,B
2021-07-06T13:19:00,200.0,37.5,B
2021-07-06T13:19:00,1500.0,37.5,B
2021-07-06T13:18:57,600.0,37.5,B
2021-07-06T13:18:48,1900.0,37.45,S
2021-07-06T13:18:48,100.0,37.45,S
2021-07-06T13:18:48,3000.0,37.45,S
2021-07-06T13:18:31,500.0,37.5,B
2021-07-06T13:18:16,2300.0,37.45,S
2021-07-06T13:18:14,100.0,37.5,B
2021-07-06T13:18:11,3000.0,37.5,B
2021-07-06T13:17:56,500.0,37.5,B
2021-07-06T13:17:56,300.0,37.5,B
2021-07-06T13:17:27,1000.0,37.5,B
2021-07-06T13:17:14,100.0,37.5,B
2021-07-06T13:16:51,500.0,37.5,B
2021-07-06T13:16:08,100.0,37.5,B
2021-07-06T13:15:44,1000.0,37.45,S
2021-07-06T13:15:05,1100.0,37.5,B
2021-07-06T13:15:05,2400.0,37.5,B
2021-07-06T13:15:05,6500.0,37.5,B
2021-07-06T13:15:01,1700.0,37.5,B
2021-07-06T13:15:01,500.0,37.5,B
2021-07-06T13:14:15,100.0,37.45,S
2021-07-06T13:14:10,200.0,37.5,B
2021-07-06T13:13:34,3600.0,37.5,B
2021-07-06T13:13:31,3600.0,37.5,B
2021-07-06T13:13:21,200.0,37.5,B
2021-07-06T13:13:09,1600.0,37.5,B
2021-07-06T13:12:52,1100.0,37.5,B
2021-07-06T13:12:45,100.0,37.5,B
2021-07-06T13:12:37,100.0,37.45,S
2021-07-06T13:12:21,10500.0,37.5,B
2021-07-06T13:11:53,200.0,37.55,B
2021-07-06T13:11:53,500.0,37.55,B
2021-07-06T13:11:47,1000.0,37.5,S
2021-07-06T13:11:30,500.0,37.55,B
2021-07-06T13:11:22,4000.0,37.5,S
2021-07-06T13:11:20,2700.0,37.55,B
2021-07-06T13:11:15,500.0,37.5,S
2021-07-06T13:11:14,7200.0,37.55,B
2021-07-06T13:11:06,2700.0,37.55,B
2021-07-06T13:11:04,100.0,37.55,B
2021-07-06T13:11:04,3400.0,37.55,B
2021-07-06T13:11:00,400.0,37.5,S
2021-07-06T13:10:56,2900.0,37.55,B
2021-07-06T13:10:51,1100.0,37.5,B
2021-07-06T13:10:50,400.0,37.5,B
2021-07-06T13:10:50,2500.0,37.5,B
2021-07-06T13:10:42,3400.0,37.5,B
2021-07-06T13:10:41,3800.0,37.5,B
2021-07-06T13:10:32,2400.0,37.5,B
2021-07-06T13:10:32,900.0,37.5,B
2021-07-06T13:10:23,3400.0,37.5,B
2021-07-06T13:10:19,900.0,37.45,S
2021-07-06T13:09:57,3400.0,37.5,B
2021-07-06T13:09:54,1400.0,37.45,S
2021-07-06T13:09:49,1000.0,37.45,S
2021-07-06T13:09:47,2700.0,37.5,B
2021-07-06T13:09:47,700.0,37.5,B
2021-07-06T13:09:33,100.0,37.5,B
2021-07-06T13:09:25,5700.0,37.5,B
2021-07-06T13:09:22,4000.0,37.45,S
2021-07-06T13:09:13,300.0,37.45,S
2021-07-06T13:09:13,2600.0,37.45,S
2021-07-06T13:09:11,600.0,37.45,S
2021-07-06T13:09:05,1600.0,37.45,S
2021-07-06T13:09:05,900.0,37.45,S
2021-07-06T13:09:05,1000.0,37.45,S
2021-07-06T13:09:05,700.0,37.45,S
2021-07-06T13:09:05,500.0,37.45,S
2021-07-06T13:09:05,400.0,37.45,S
2021-07-06T13:09:05,100.0,37.45,S
2021-07-06T13:08:50,300.0,37.45,S
2021-07-06T13:08:50,400.0,37.45,S
2021-07-06T13:08:50,200.0,37.45,S
2021-07-06T13:08:50,700.0,37.45,S
2021-07-06T13:08:50,100.0,37.45,S
2021-07-06T13:08:50,200.0,37.45,S
2021-07-06T13:08:50,300.0,37.45,S
2021-07-06T13:08:50,200.0,37.45,S
2021-07-06T13:08:50,200.0,37.45,S
2021-07-06T13:08:50,200.0,37.45,S
2021-07-06T13:08:50,100.0,37.45,S
2021-07-06T13:08:50,100.0,37.45,S
2021-07-06T13:08:50,300.0,37.45,S
2021-07-06T13:08:50,100.0,37.45,S
2021-07-06T13:08:50,200.0,37.45,S
2021-07-06T13:08:50,200.0,37.45,S
2021-07-06T13:08:50,100.0,37.45,S
2021-07-06T13:08:50,100.0,37.45,S
2021-07-06T13:08:50,400.0,37.45,S
2021-07-06T13:08:50,300.0,37.45,S
2021-07-06T13:08:50,100.0,37.45,S
2021-07-06T13:08:50,200.0,37.45,S
2021-07-06T13:08:42,2900.0,37.5,B
2021-07-06T13:08:41,100.0,37.45,S
2021-07-06T13:08:41,1500.0,37.45,S
2021-07-06T13:08:39,900.0,37.5,B
2021-07-06T13:08:39,1100.0,37.5,B
2021-07-06T13:08:38,300.0,37.45,S
2021-07-06T13:08:21,1000.0,37.5,B
2021-07-06T13:08:18,200.0,37.45,S
2021-07-06T13:08:10,3800.0,37.45,S
2021-07-06T13:08:04,1600.0,37.5,B
2021-07-06T13:08:01,500.0,37.5,B
2021-07-06T13:07:58,8900.0,37.45,S
2021-07-06T13:07:53,7600.0,37.45,S
2021-07-06T13:07:51,2400.0,37.45,S
2021-07-06T13:07:43,12800.0,37.45,S
2021-07-06T13:07:42,300.0,37.45,S
2021-07-06T13:07:33,100.0,37.45,S
2021-07-06T13:07:23,5700.0,37.5,B
2021-07-06T13:07:22,2000.0,37.45,S
2021-07-06T13:06:21,400.0,37.45,S
2021-07-06T13:06:17,1000.0,37.45,S
2021-07-06T13:06:11,300.0,37.45,S
2021-07-06T13:06:01,1000.0,37.45,S
2021-07-06T13:05:43,3000.0,37.5,B
2021-07-06T13:05:16,2500.0,37.5,S
2021-07-06T13:05:13,1000.0,37.5,S
2021-07-06T13:05:05,200.0,37.5,S
2021-07-06T13:04:55,100.0,37.5,S
2021-07-06T13:04:45,4900.0,37.5,B
2021-07-06T13:04:45,1300.0,37.5,B
2021-07-06T13:04:39,700.0,37.5,S
2021-07-06T13:04:38,8800.0,37.5,B
2021-07-06T13:04:38,500.0,37.5,B
2021-07-06T13:04:32,2000.0,37.5,B
2021-07-06T13:04:31,500.0,37.5,B
2021-07-06T13:04:24,100.0,37.45,S
2021-07-06T13:04:18,100.0,37.45,S
2021-07-06T13:04:14,4500.0,37.5,S
2021-07-06T13:04:12,100.0,37.5,S
2021-07-06T13:04:10,1000.0,37.5,S
2021-07-06T13:04:08,300.0,37.5,S
2021-07-06T13:04:06,200.0,37.5,S
2021-07-06T13:03:57,2000.0,37.5,S
2021-07-06T13:03:57,200.0,37.5,S
2021-07-06T13:03:55,100.0,37.5,S
2021-07-06T13:03:48,5000.0,37.5,S
2021-07-06T13:03:47,1000.0,37.5,S
2021-07-06T13:03:02,1000.0,37.5,S
2021-07-06T13:02:21,100.0,37.55,B
2021-07-06T13:02:09,2300.0,37.5,S
2021-07-06T13:02:09,3700.0,37.5,S
2021-07-06T13:02:02,1100.0,37.5,S
2021-07-06T13:02:02,200.0,37.5,S
2021-07-06T13:02:02,4300.0,37.5,S
2021-07-06T13:01:46,2300.0,37.5,S
2021-07-06T13:01:02,500.0,37.55,B
2021-07-06T13:00:50,500.0,37.5,S
2021-07-06T13:00:46,300.0,37.5,S
2021-07-06T13:00:42,400.0,37.55,B
2021-07-06T13:00:38,100.0,37.5,S
2021-07-06T13:00:31,1000.0,37.5,S
2021-07-06T13:00:24,12000.0,37.5,S
2021-07-06T13:00:23,4000.0,37.5,S
2021-07-06T13:00:23,500.0,37.5,S
2021-07-06T13:00:18,100.0,37.55,B
2021-07-06T13:00:16,100.0,37.55,B
2021-07-06T13:00:15,700.0,37.5,S
2021-07-06T13:00:15,1000.0,37.5,S
2021-07-06T13:00:12,19900.0,37.6,B
2021-07-06T13:00:12,100.0,37.6,B
2021-07-06T13:00:12,1100.0,37.6,B
2021-07-06T13:00:12,1800.0,37.6,B
2021-07-06T13:00:12,1000.0,37.6,B
2021-07-06T13:00:12,2100.0,37.6,B
2021-07-06T13:00:12,15200.0,37.6,B
2021-07-06T13:00:12,600.0,37.6,B
2021-07-06T13:00:12,1000.0,37.6,B
2021-07-06T13:00:12,300.0,37.6,B
2021-07-06T13:00:12,5500.0,37.6,B
2021-07-06T13:00:12,1400.0,37.55,B
2021-07-06T13:00:10,200.0,37.5,S
2021-07-06T13:00:08,600.0,37.5,S
2021-07-06T13:00:08,400.0,37.5,S
2021-07-06T13:00:08,1000.0,37.55,B
2021-07-06T13:00:08,9600.0,37.5,S
2021-07-06T13:00:08,5400.0,37.5,S
2021-07-06T13:00:08,500.0,37.55,B
2021-07-06T13:00:08,100.0,37.5,S
2021-07-06T13:00:07,200.0,37.5,S
2021-07-06T13:00:07,200.0,37.5,S
2021-07-06T13:00:07,300.0,37.55,B
2021-07-06T13:00:02,200.0,37.5,S
2021-07-06T13:00:02,1600.0,37.5,S
2021-07-06T13:00:00,600.0,37.5,S
2021-07-06T11:29:34,400.0,37.5,S
2021-07-06T11:29:32,1000.0,37.55,B
2021-07-06T11:29:04,500.0,37.5,S
2021-07-06T11:28:30,800.0,37.55,B
2021-07-06T11:28:23,100.0,37.5,S
2021-07-06T11:28:18,1100.0,37.5,S
2021-07-06T11:28:15,700.0,37.5,S
2021-07-06T11:28:09,200.0,37.5,S
2021-07-06T11:28:03,200.0,37.6,B
2021-07-06T11:28:00,2000.0,37.5,S
2021-07-06T11:27:49,1000.0,37.6,B
2021-07-06T11:27:32,100.0,37.5,S
2021-07-06T11:27:17,6600.0,37.5,S
2021-07-06T11:27:11,500.0,37.6,B
2021-07-06T11:27:01,100.0,37.6,B
2021-07-06T11:26:46,5000.0,37.6,B
2021-07-06T11:26:39,3000.0,37.5,S
2021-07-06T11:26:32,500.0,37.5,S
2021-07-06T11:26:32,100.0,37.5,S
2021-07-06T11:26:10,100.0,37.5,S
2021-07-06T11:25:22,1000.0,37.5,S
2021-07-06T11:25:13,900.0,37.5,S
2021-07-06T11:25:03,2300.0,37.5,S
2021-07-06T11:25:02,700.0,37.6,B
2021-07-06T11:24:27,1000.0,37.5,S
2021-07-06T11:23:58,3000.0,37.5,S
2021-07-06T11:23:35,3000.0,37.55,S
2021-07-06T11:23:35,7000.0,37.55,S
2021-07-06T11:23:01,1500.0,37.55,S
2021-07-06T11:22:49,200.0,37.55,S
2021-07-06T11:22:42,100.0,37.6,B
2021-07-06T11:21:27,1700.0,37.6,B
2021-07-06T11:21:09,200.0,37.6,B
2021-07-06T11:20:44,1000.0,37.6,B
2021-07-06T11:20:35,700.0,37.6,B
2021-07-06T11:20:20,2000.0,37.55,S
2021-07-06T11:20:15,700.0,37.6,B
2021-07-06T11:20:15,100.0,37.6,B
2021-07-06T11:20:15,800.0,37.6,B
2021-07-06T11:20:01,200.0,37.55,S
2021-07-06T11:19:46,1000.0,37.6,B
2021-07-06T11:19:42,2000.0,37.55,S
2021-07-06T11:19:20,200.0,37.55,S
2021-07-06T11:19:15,500.0,37.6,B
2021-07-06T11:19:03,500.0,37.55,S
2021-07-06T11:18:42,1000.0,37.55,S
2021-07-06T11:18:25,2000.0,37.55,S
2021-07-06T11:17:42,500.0,37.55,S
2021-07-06T11:17:35,800.0,37.6,B
2021-07-06T11:16:43,100.0,37.55,S
2021-07-06T11:16:37,300.0,37.55,S
2021-07-06T11:16:24,1000.0,37.55,S
2021-07-06T11:16:08,700.0,37.6,B
2021-07-06T11:16:04,1200.0,37.55,S
2021-07-06T11:15:57,100.0,37.55,S
2021-07-06T11:15:45,700.0,37.55,B
2021-07-06T11:15:45,1000.0,37.55,B
2021-07-06T11:15:37,100.0,37.55,B
2021-07-06T11:15:14,200.0,37.55,B
2021-07-06T11:14:42,8200.0,37.6,B
2021-07-06T11:14:42,2500.0,37.6,B
2021-07-06T11:14:42,100.0,37.6,B
2021-07-06T11:14:42,1300.0,37.6,B
2021-07-06T11:14:42,100.0,37.55,B
2021-07-06T11:14:42,7800.0,37.55,B
2021-07-06T11:14:38,100.0,37.55,B
2021-07-06T11:14:25,3000.0,37.55,B
2021-07-06T11:14:22,200.0,37.55,B
2021-07-06T11:13:37,16800.0,37.55,B
2021-07-06T11:13:37,2000.0,37.5,B
2021-07-06T11:13:37,1200.0,37.5,B
2021-07-06T11:13:31,100.0,37.45,S
2021-07-06T11:13:21,2000.0,37.5,B
2021-07-06T11:12:44,600.0,37.5,B
2021-07-06T11:12:41,1000.0,37.5,B
2021-07-06T11:12:38,400.0,37.5,B
2021-07-06T11:12:35,100.0,37.5,B
2021-07-06T11:12:30,200.0,37.5,B
2021-07-06T11:12:28,100.0,37.45,S
2021-07-06T11:12:23,2000.0,37.5,B
2021-07-06T11:12:20,5000.0,37.5,B
2021-07-06T11:12:20,5000.0,37.5,B
2021-07-06T11:12:18,2800.0,37.5,B
2021-07-06T11:12:18,7200.0,37.5,B
2021-07-06T11:12:03,100.0,37.45,S
2021-07-06T11:11:41,700.0,37.5,B
2021-07-06T11:11:40,1000.0,37.45,S
2021-07-06T11:11:02,500.0,37.5,B
2021-07-06T11:10:25,100.0,37.5,B
2021-07-06T11:10:14,100.0,37.5,B
2021-07-06T11:10:07,600.0,37.45,S
2021-07-06T11:10:06,20000.0,37.45,S
2021-07-06T11:09:57,1700.0,37.5,B
2021-07-06T11:09:41,300.0,37.45,S
2021-07-06T11:09:32,2700.0,37.5,B
2021-07-06T11:09:32,400.0,37.5,B
2021-07-06T11:09:32,6900.0,37.5,B
2021-07-06T11:09:20,4400.0,37.5,B
2021-07-06T11:09:20,4800.0,37.5,B
2021-07-06T11:09:20,800.0,37.5,B
2021-07-06T11:09:12,5000.0,37.45,S
2021-07-06T11:08:44,500.0,37.45,S
2021-07-06T11:08:13,800.0,37.45,S
2021-07-06T11:07:36,100.0,37.45,S
2021-07-06T11:07:29,200.0,37.5,B
2021-07-06T11:07:15,100.0,37.5,B
2021-07-06T11:07:14,700.0,37.5,B
2021-07-06T11:06:58,200.0,37.5,B
2021-07-06T11:06:44,200.0,37.45,S
2021-07-06T11:06:25,100.0,37.5,B
2021-07-06T11:06:21,2000.0,37.45,S
2021-07-06T11:06:08,2200.0,37.45,S
2021-07-06T11:06:02,2000.0,37.45,S
2021-07-06T11:05:54,300.0,37.45,S
2021-07-06T11:05:45,1400.0,37.45,S
2021-07-06T11:05:42,3000.0,37.45,S
2021-07-06T11:05:28,2000.0,37.45,S
2021-07-06T11:05:28,10000.0,37.45,S
2021-07-06T11:05:24,500.0,37.45,S
2021-07-06T11:05:11,500.0,37.45,S
2021-07-06T11:05:05,3800.0,37.45,S
2021-07-06T11:04:58,400.0,37.45,S
2021-07-06T11:04:55,200.0,37.45,S
2021-07-06T11:04:35,2800.0,37.45,S
2021-07-06T11:04:32,1100.0,37.45,S
2021-07-06T11:04:31,1100.0,37.45,S
2021-07-06T11:04:31,5900.0,37.45,S
2021-07-06T11:04:31,5100.0,37.45,S
2021-07-06T11:04:31,1000.0,37.45,S
2021-07-06T11:04:29,16900.0,37.45,S
2021-07-06T11:04:29,200.0,37.5,B
2021-07-06T11:04:29,9800.0,37.5,B
2021-07-06T11:04:22,1000.0,37.45,S
2021-07-06T11:03:37,1000.0,37.5,B
2021-07-06T11:03:27,3000.0,37.45,S
2021-07-06T11:03:18,2000.0,37.5,B
2021-07-06T11:03:01,500.0,37.45,S
2021-07-06T11:02:46,700.0,37.5,B
2021-07-06T11:02:45,800.0,37.5,B
2021-07-06T11:02:30,700.0,37.5,B
2021-07-06T11:02:17,500.0,37.45,S
2021-07-06T11:02:15,1300.0,37.45,S
2021-07-06T11:02:11,500.0,37.45,S
2021-07-06T11:02:04,1000.0,37.45,S
2021-07-06T11:01:32,200.0,37.45,S
2021-07-06T11:01:05,500.0,37.5,B
2021-07-06T11:00:48,100.0,37.5,B
2021-07-06T11:00:45,300.0,37.5,B
2021-07-06T11:00:36,1100.0,37.45,S
2021-07-06T11:00:10,1700.0,37.5,B
2021-07-06T11:00:06,400.0,37.5,B
2021-07-06T10:59:02,200.0,37.5,B
2021-07-06T10:58:47,100.0,37.5,B
2021-07-06T10:58:45,800.0,37.45,S
2021-07-06T10:58:42,100.0,37.45,B
2021-07-06T10:58:37,1000.0,37.45,B
2021-07-06T10:58:32,500.0,37.45,B
2021-07-06T10:58:30,300.0,37.45,B
2021-07-06T10:58:21,700.0,37.45,B
2021-07-06T10:58:19,2400.0,37.4,S
2021-07-06T10:58:19,200.0,37.4,S
2021-07-06T10:58:19,5000.0,37.4,S
2021-07-06T10:58:19,300.0,37.4,S
2021-07-06T10:58:19,2500.0,37.4,S
2021-07-06T10:58:19,2300.0,37.4,S
2021-07-06T10:58:19,300.0,37.4,S
2021-07-06T10:58:19,3500.0,37.4,S
2021-07-06T10:58:19,100.0,37.4,S
2021-07-06T10:58:19,2700.0,37.4,S
2021-07-06T10:58:19,100.0,37.4,S
2021-07-06T10:58:19,600.0,37.4,S
2021-07-06T10:58:10,1200.0,37.45,B
2021-07-06T10:58:09,500.0,37.45,B
2021-07-06T10:58:00,1400.0,37.4,S
2021-07-06T10:58:00,3600.0,37.4,S
2021-07-06T10:57:25,100.0,37.4,S
2021-07-06T10:57:14,5000.0,37.45,B
2021-07-06T10:57:14,1000.0,37.45,B
2021-07-06T10:56:58,1000.0,37.6,B
2021-07-06T10:56:58,800.0,37.6,B
2021-07-06T10:56:58,10100.0,37.6,B
2021-07-06T10:56:58,8700.0,37.6,B
2021-07-06T10:56:58,4000.0,37.6,B
2021-07-06T10:56:58,1900.0,37.6,B
2021-07-06T10:56:58,2000.0,37.6,B
2021-07-06T10:56:58,4500.0,37.6,B
2021-07-06T10:56:58,1700.0,37.55,B
2021-07-06T10:56:58,22200.0,37.55,B
2021-07-06T10:56:58,2000.0,37.55,B
2021-07-06T10:56:58,500.0,37.5,B
2021-07-06T10:56:58,400.0,37.5,B
2021-07-06T10:56:58,2000.0,37.5,B
2021-07-06T10:56:58,3300.0,37.5,B
2021-07-06T10:56:58,800.0,37.5,B
2021-07-06T10:56:58,200.0,37.5,B
2021-07-06T10:56:58,2800.0,37.5,B
2021-07-06T10:56:58,13700.0,37.45,B
2021-07-06T10:56:58,3000.0,37.45,B
2021-07-06T10:56:52,200.0,37.45,B
2021-07-06T10:56:41,100.0,37.45,B
2021-07-06T10:56:36,1500.0,37.45,B
2021-07-06T10:56:26,2300.0,37.45,B
2021-07-06T10:56:26,3700.0,37.45,B
2021-07-06T10:56:18,3200.0,37.45,S
2021-07-06T10:56:18,3100.0,37.45,S
2021-07-06T10:56:10,2000.0,37.45,S
2021-07-06T10:55:35,5000.0,37.45,S
2021-07-06T10:55:16,400.0,37.45,S
2021-07-06T10:55:16,500.0,37.45,S
2021-07-06T10:55:00,3300.0,37.45,S
2021-07-06T10:54:51,1000.0,37.45,S
2021-07-06T10:54:50,3200.0,37.45,S
2021-07-06T10:54:50,1800.0,37.45,S
2021-07-06T10:54:50,400.0,37.45,S
2021-07-06T10:54:48,5000.0,37.45,S
2021-07-06T10:54:45,100.0,37.45,S
2021-07-06T10:53:53,700.0,37.5,B
2021-07-06T10:53:52,500.0,37.45,S
2021-07-06T10:53:47,1300.0,37.45,S
2021-07-06T10:53:09,9200.0,37.45,S
2021-07-06T10:53:08,500.0,37.5,B
2021-07-06T10:53:02,1000.0,37.5,B
2021-07-06T10:52:52,2200.0,37.5,S
2021-07-06T10:52:52,3900.0,37.5,S
2021-07-06T10:52:50,1500.0,37.55,B
2021-07-06T10:52:43,1500.0,37.5,S
2021-07-06T10:52:25,1500.0,37.55,B
2021-07-06T10:52:25,100.0,37.55,B
2021-07-06T10:52:06,700.0,37.5,B
2021-07-06T10:52:06,2300.0,37.5,B
2021-07-06T10:52:06,1800.0,37.5,B
2021-07-06T10:52:03,400.0,37.5,B
2021-07-06T10:52:01,4000.0,37.5,B
2021-07-06T10:51:46,1600.0,37.5,S
2021-07-06T10:51:44,10000.0,37.5,S
2021-07-06T10:51:44,100.0,37.5,S
2021-07-06T10:51:38,500.0,37.5,S
2021-07-06T10:51:38,1600.0,37.5,S
2021-07-06T10:51:35,500.0,37.5,S
2021-07-06T10:51:32,2800.0,37.5,S
2021-07-06T10:51:26,2500.0,37.5,S
2021-07-06T10:51:22,2600.0,37.5,S
2021-07-06T10:51:19,3000.0,37.5,S
2021-07-06T10:51:11,2300.0,37.5,S
2021-07-06T10:51:10,3500.0,37.5,S
2021-07-06T10:51:09,700.0,37.5,S
2021-07-06T10:51:07,1000.0,37.5,S
2021-07-06T10:51:01,500.0,37.5,S
2021-07-06T10:50:54,20000.0,37.5,S
2021-07-06T10:50:52,1000.0,37.5,S
2021-07-06T10:50:51,5000.0,37.5,S
2021-07-06T10:50:46,10000.0,37.5,S
2021-07-06T10:50:46,1700.0,37.5,S
2021-07-06T10:50:46,11000.0,37.5,S
2021-07-06T10:50:46,10000.0,37.5,S
2021-07-06T10:50:46,9300.0,37.5,S
2021-07-06T10:50:46,2100.0,37.5,S
2021-07-06T10:50:46,700.0,37.5,S
2021-07-06T10:50:46,300.0,37.5,S
2021-07-06T10:50:46,34900.0,37.5,S
2021-07-06T10:50:44,400.0,37.5,S
2021-07-06T10:50:44,200.0,37.5,S
2021-07-06T10:50:36,1000.0,37.5,S
2021-07-06T10:50:28,4000.0,37.5,S
2021-07-06T10:50:27,2000.0,37.5,S
2021-07-06T10:50:23,3400.0,37.5,S
2021-07-06T10:50:22,600.0,37.5,S
2021-07-06T10:50:09,2000.0,37.5,S
2021-07-06T10:49:56,2000.0,37.5,S
2021-07-06T10:49:51,200.0,37.5,S
2021-07-06T10:49:33,3500.0,37.5,S
2021-07-06T10:49:33,2100.0,37.5,S
2021-07-06T10:49:33,1200.0,37.5,S
2021-07-06T10:49:33,2400.0,37.5,S
2021-07-06T10:49:33,2500.0,37.5,S
2021-07-06T10:49:33,1100.0,37.55,S
2021-07-06T10:49:33,2600.0,37.55,S
2021-07-06T10:49:33,100.0,37.55,S
2021-07-06T10:49:33,10000.0,37.55,S
2021-07-06T10:49:33,200.0,37.55,S
2021-07-06T10:49:33,1600.0,37.55,S
2021-07-06T10:49:33,400.0,37.55,S
2021-07-06T10:49:33,5200.0,37.55,S
2021-07-06T10:49:33,2300.0,37.55,S
2021-07-06T10:49:33,2000.0,37.55,S
2021-07-06T10:49:33,700.0,37.55,S
2021-07-06T10:49:33,1000.0,37.55,S
2021-07-06T10:49:33,22800.0,37.55,S
2021-07-06T10:49:33,8300.0,37.55,S
2021-07-06T10:49:26,700.0,37.6,B
2021-07-06T10:49:22,200.0,37.6,B
2021-07-06T10:49:15,1000.0,37.55,S
2021-07-06T10:48:09,800.0,37.6,B
2021-07-06T10:48:09,1200.0,37.6,B
2021-07-06T10:47:53,100.0,37.6,B
2021-07-06T10:47:48,800.0,37.55,S
2021-07-06T10:47:41,1000.0,37.55,S
2021-07-06T10:47:17,200.0,37.55,S
2021-07-06T10:46:59,200.0,37.6,B
2021-07-06T10:46:59,8800.0,37.55,S
2021-07-06T10:46:41,100.0,37.6,B
2021-07-06T10:46:41,700.0,37.6,B
2021-07-06T10:46:30,2000.0,37.6,B
2021-07-06T10:46:08,1600.0,37.6,B
2021-07-06T10:45:56,400.0,37.6,B
2021-07-06T10:45:13,100.0,37.6,B
2021-07-06T10:44:59,700.0,37.6,B
2021-07-06T10:44:59,100.0,37.6,B
2021-07-06T10:44:58,100.0,37.6,B
2021-07-06T10:44:45,3000.0,37.6,B
2021-07-06T10:44:40,11700.0,37.6,B
2021-07-06T10:44:16,300.0,37.6,B
2021-07-06T10:44:07,1300.0,37.6,B
2021-07-06T10:44:00,100.0,37.6,B
2021-07-06T10:43:59,700.0,37.55,S
2021-07-06T10:43:57,1400.0,37.55,S
2021-07-06T10:43:42,3000.0,37.55,S
2021-07-06T10:43:42,2000.0,37.6,B
2021-07-06T10:43:25,100.0,37.6,B
2021-07-06T10:43:14,1000.0,37.55,S
2021-07-06T10:43:13,1000.0,37.55,S
2021-07-06T10:42:56,100.0,37.55,S
2021-07-06T10:42:48,500.0,37.6,B
2021-07-06T10:42:47,2500.0,37.55,S
2021-07-06T10:42:18,100.0,37.55,S
2021-07-06T10:41:33,600.0,37.6,B
2021-07-06T10:41:33,2200.0,37.6,B
2021-07-06T10:41:17,200.0,37.6,B
2021-07-06T10:41:15,1000.0,37.6,B
2021-07-06T10:41:13,6000.0,37.6,B
2021-07-06T10:40:36,100.0,37.6,B
2021-07-06T10:40:33,700.0,37.6,B
2021-07-06T10:40:28,20000.0,37.6,B
2021-07-06T10:40:27,500.0,37.6,B
2021-07-06T10:40:20,100.0,37.6,B
2021-07-06T10:40:17,1300.0,37.6,B
2021-07-06T10:40:17,1700.0,37.6,B
2021-07-06T10:40:16,1000.0,37.55,S
2021-07-06T10:40:01,100.0,37.6,B
2021-07-06T10:39:10,100.0,37.6,B
2021-07-06T10:38:56,500.0,37.55,S
2021-07-06T10:38:47,5000.0,37.55,S
2021-07-06T10:38:30,600.0,37.55,S
2021-07-06T10:38:25,1500.0,37.55,S
2021-07-06T10:38:14,100.0,37.55,S
2021-07-06T10:38:01,1000.0,37.55,S
2021-07-06T10:37:48,300.0,37.6,B
2021-07-06T10:37:48,7000.0,37.55,S
2021-07-06T10:37:35,100.0,37.55,S
2021-07-06T10:37:26,1500.0,37.55,S
2021-07-06T10:37:16,1500.0,37.6,B
2021-07-06T10:36:51,700.0,37.55,S
2021-07-06T10:36:48,6000.0,37.6,B
2021-07-06T10:36:43,2000.0,37.6,B
2021-07-06T10:36:36,10000.0,37.6,B
2021-07-06T10:36:34,900.0,37.6,B
2021-07-06T10:36:34,1100.0,37.6,B
2021-07-06T10:36:24,2000.0,37.6,B
2021-07-06T10:36:14,2000.0,37.6,B
2021-07-06T10:36:06,700.0,37.6,B
2021-07-06T10:36:01,500.0,37.6,B
2021-07-06T10:35:53,500.0,37.6,B
2021-07-06T10:35:44,400.0,37.55,S
2021-07-06T10:35:42,200.0,37.6,B
2021-07-06T10:35:38,500.0,37.55,S
2021-07-06T10:35:36,500.0,37.55,S
2021-07-06T10:35:11,300.0,37.55,S
2021-07-06T10:35:10,500.0,37.55,S
2021-07-06T10:34:46,200.0,37.55,S
2021-07-06T10:34:39,200.0,37.55,S
2021-07-06T10:34:03,10000.0,37.55,S
2021-07-06T10:33:58,3800.0,37.6,B
2021-07-06T10:33:58,1000.0,37.6,B
2021-07-06T10:33:58,2000.0,37.6,B
2021-07-06T10:33:58,200.0,37.6,B
2021-07-06T10:33:58,3000.0,37.6,B
2021-07-06T10:33:45,800.0,37.6,B
2021-07-06T10:33:41,15000.0,37.55,S
2021-07-06T10:32:26,200.0,37.55,S
2021-07-06T10:32:08,100.0,37.55,S
2021-07-06T10:31:53,4400.0,37.6,B
2021-07-06T10:31:53,3600.0,37.6,B
2021-07-06T10:31:39,700.0,37.6,B
2021-07-06T10:31:35,400.0,37.55,S
2021-07-06T10:31:25,300.0,37.6,B
2021-07-06T10:31:11,600.0,37.6,B
2021-07-06T10:31:09,100.0,37.55,S
2021-07-06T10:31:09,100.0,37.6,B
2021-07-06T10:31:01,6000.0,37.6,B
2021-07-06T10:30:55,3100.0,37.55,S
2021-07-06T10:30:42,1000.0,37.6,B
2021-07-06T10:30:38,800.0,37.55,S
2021-07-06T10:30:37,10000.0,37.6,B
2021-07-06T10:30:25,3000.0,37.6,B
2021-07-06T10:30:19,15000.0,37.55,S
2021-07-06T10:29:44,100.0,37.55,S
2021-07-06T10:29:35,1500.0,37.6,B
2021-07-06T10:29:22,100.0,37.6,B
2021-07-06T10:29:19,200.0,37.6,B
2021-07-06T10:29:00,1500.0,37.6,B
2021-07-06T10:28:51,9000.0,37.6,B
2021-07-06T10:28:49,2000.0,37.6,B
2021-07-06T10:28:33,100.0,37.6,B
2021-07-06T10:28:17,1600.0,37.6,B
2021-07-06T10:27:54,2000.0,37.6,B
2021-07-06T10:27:40,3000.0,37.6,B
2021-07-06T10:27:13,100.0,37.55,S
2021-07-06T10:27:12,700.0,37.6,B
2021-07-06T10:27:00,2000.0,37.55,S
2021-07-06T10:26:57,500.0,37.55,S
2021-07-06T10:26:54,300.0,37.55,S
2021-07-06T10:26:38,700.0,37.55,S
2021-07-06T10:26:37,100.0,37.6,B
2021-07-06T10:26:19,3100.0,37.55,S
2021-07-06T10:26:19,200.0,37.55,S
2021-07-06T10:26:19,2500.0,37.55,S
2021-07-06T10:26:12,100.0,37.55,S
2021-07-06T10:26:01,300.0,37.55,S
2021-07-06T10:25:57,400.0,37.6,B
2021-07-06T10:25:48,2000.0,37.55,S
2021-07-06T10:25:45,200.0,37.55,S
2021-07-06T10:25:05,2300.0,37.55,S
2021-07-06T10:24:40,900.0,37.55,S
2021-07-06T10:24:20,8000.0,37.6,B
2021-07-06T10:24:20,1500.0,37.6,B
2021-07-06T10:24:20,500.0,37.6,B
2021-07-06T10:24:08,100.0,37.55,S
2021-07-06T10:24:04,100.0,37.6,B
2021-07-06T10:23:52,800.0,37.6,B
2021-07-06T10:23:52,600.0,37.6,B
2021-07-06T10:23:52,700.0,37.6,B
2021-07-06T10:23:52,5200.0,37.6,B
2021-07-06T10:23:52,600.0,37.6,B
2021-07-06T10:23:52,1700.0,37.6,B
2021-07-06T10:23:52,4100.0,37.6,B
2021-07-06T10:23:52,5500.0,37.6,B
2021-07-06T10:23:52,700.0,37.6,B
2021-07-06T10:23:52,500.0,37.6,B
2021-07-06T10:23:52,9600.0,37.6,B
2021-07-06T10:23:41,100.0,37.6,B
2021-07-06T10:23:38,4900.0,37.55,S
2021-07-06T10:23:38,1100.0,37.55,S
2021-07-06T10:23:38,500.0,37.6,B
2021-07-06T10:23:22,1000.0,37.6,B
2021-07-06T10:23:13,1000.0,37.55,S
2021-07-06T10:23:08,300.0,37.55,S
2021-07-06T10:23:07,500.0,37.6,B
2021-07-06T10:22:44,700.0,37.6,B
2021-07-06T10:22:43,100.0,37.6,B
2021-07-06T10:22:18,1000.0,37.6,B
2021-07-06T10:22:07,500.0,37.55,S
2021-07-06T10:21:36,300.0,37.55,S
2021-07-06T10:21:07,2900.0,37.55,S
2021-07-06T10:21:02,1000.0,37.6,B
2021-07-06T10:21:00,500.0,37.6,B
2021-07-06T10:19:55,200.0,37.6,B
2021-07-06T10:19:54,1000.0,37.6,B
2021-07-06T10:19:52,100.0,37.6,B
2021-07-06T10:19:49,1500.0,37.6,B
2021-07-06T10:19:43,1000.0,37.6,B
2021-07-06T10:19:40,200.0,37.55,S
2021-07-06T10:19:40,100.0,37.6,B
2021-07-06T10:19:14,10000.0,37.6,B
2021-07-06T10:19:09,500.0,37.6,B
2021-07-06T10:18:58,1600.0,37.6,B
2021-07-06T10:18:58,200.0,37.6,B
2021-07-06T10:18:45,200.0,37.55,S
2021-07-06T10:18:45,1400.0,37.6,B
2021-07-06T10:18:23,100.0,37.6,B
2021-07-06T10:18:18,700.0,37.6,B
2021-07-06T10:18:16,100.0,37.6,B
2021-07-06T10:18:05,300.0,37.55,S
2021-07-06T10:18:02,1500.0,37.6,B
2021-07-06T10:17:50,4000.0,37.6,B
2021-07-06T10:17:25,10000.0,37.6,B
2021-07-06T10:17:15,6000.0,37.55,S
2021-07-06T10:17:15,1400.0,37.55,S
2021-07-06T10:17:15,7600.0,37.55,S
2021-07-06T10:17:10,2500.0,37.6,B
2021-07-06T10:17:06,100.0,37.6,B
2021-07-06T10:17:05,700.0,37.6,B
2021-07-06T10:17:02,200.0,37.6,B
2021-07-06T10:16:58,10000.0,37.6,B
2021-07-06T10:16:43,1000.0,37.6,B
2021-07-06T10:16:34,100.0,37.6,B
2021-07-06T10:16:24,1400.0,37.6,B
2021-07-06T10:16:07,13000.0,37.6,B
2021-07-06T10:16:05,200.0,37.6,B
2021-07-06T10:15:52,100.0,37.6,B
2021-07-06T10:15:27,1000.0,37.6,B
2021-07-06T10:15:23,100.0,37.55,S
2021-07-06T10:15:21,2400.0,37.6,B
2021-07-06T10:15:17,3000.0,37.6,B
2021-07-06T10:15:04,400.0,37.55,S
2021-07-06T10:14:52,1500.0,37.55,S
2021-07-06T10:14:17,5000.0,37.6,B
2021-07-06T10:13:52,300.0,37.6,B
2021-07-06T10:13:52,700.0,37.6,B
2021-07-06T10:13:50,100.0,37.55,S
2021-07-06T10:13:48,2000.0,37.55,S
2021-07-06T10:13:22,300.0,37.55,S
2021-07-06T10:12:31,200.0,37.55,S
2021-07-06T10:12:27,3000.0,37.6,B
2021-07-06T10:12:09,100.0,37.55,S
2021-07-06T10:11:58,500.0,37.6,B
2021-07-06T10:11:47,100.0,37.6,B
2021-07-06T10:10:44,2200.0,37.6,B
2021-07-06T10:09:53,2000.0,37.55,S
2021-07-06T10:09:52,1000.0,37.55,S
2021-07-06T10:09:48,100.0,37.6,B
2021-07-06T10:09:35,400.0,37.55,S
2021-07-06T10:09:24,700.0,37.6,B
2021-07-06T10:09:20,500.0,37.55,S
2021-07-06T10:09:17,4500.0,37.6,B
2021-07-06T10:09:17,100.0,37.6,B
2021-07-06T10:09:17,10000.0,37.6,B
2021-07-06T10:09:17,3000.0,37.6,B
2021-07-06T10:09:17,2600.0,37.6,B
2021-07-06T10:09:06,300.0,37.55,S
2021-07-06T10:09:06,100.0,37.55,S
2021-07-06T10:08:48,800.0,37.6,B
2021-07-06T10:08:07,2000.0,37.55,S
2021-07-06T10:07:16,5500.0,37.55,S
2021-07-06T10:06:56,1000.0,37.6,B
2021-07-06T10:06:34,200.0,37.6,B
2021-07-06T10:06:23,9100.0,37.55,S
2021-07-06T10:06:23,200.0,37.55,S
2021-07-06T10:06:23,10500.0,37.55,S
2021-07-06T10:06:23,300.0,37.55,S
2021-07-06T10:06:23,50000.0,37.55,S
2021-07-06T10:06:23,100.0,37.55,S
2021-07-06T10:06:23,1300.0,37.55,S
2021-07-06T10:06:23,100.0,37.55,S
2021-07-06T10:06:23,400.0,37.55,S
2021-07-06T10:06:23,9200.0,37.55,S
2021-07-06T10:06:16,1000.0,37.55,S
2021-07-06T10:06:15,200.0,37.6,B
2021-07-06T10:06:14,3800.0,37.6,B
2021-07-06T10:06:02,3000.0,37.6,B
2021-07-06T10:05:56,3500.0,37.6,B
2021-07-06T10:05:55,500.0,37.6,B
2021-07-06T10:05:55,900.0,37.6,B
2021-07-06T10:05:55,5100.0,37.6,B
2021-07-06T10:05:50,200.0,37.6,B
2021-07-06T10:05:06,1000.0,37.6,B
2021-07-06T10:04:58,10000.0,37.6,B
2021-07-06T10:04:57,700.0,37.6,B
2021-07-06T10:04:37,200.0,37.55,S
2021-07-06T10:04:17,100.0,37.6,B
2021-07-06T10:04:09,400.0,37.6,B
2021-07-06T10:04:03,100.0,37.6,B
2021-07-06T10:04:03,1000.0,37.6,B
2021-07-06T10:03:58,20300.0,37.6,S
2021-07-06T10:03:58,300.0,37.6,S
2021-07-06T10:03:58,1700.0,37.6,S
2021-07-06T10:03:58,2000.0,37.6,S
2021-07-06T10:03:58,9600.0,37.6,S
2021-07-06T10:03:16,500.0,37.6,S
2021-07-06T10:03:16,1000.0,37.6,S
2021-07-06T10:02:51,500.0,37.6,S
2021-07-06T10:02:46,3000.0,37.65,B
2021-07-06T10:02:44,1000.0,37.6,S
2021-07-06T10:02:36,1000.0,37.6,S
2021-07-06T10:02:08,600.0,37.6,S
2021-07-06T10:01:46,4000.0,37.6,S
2021-07-06T10:01:40,800.0,37.65,B
2021-07-06T10:00:55,1000.0,37.6,S
2021-07-06T10:00:41,100.0,37.65,B
2021-07-06T10:00:36,200.0,37.6,S
2021-07-06T10:00:30,700.0,37.65,B
2021-07-06T10:00:19,10000.0,37.6,S
2021-07-06T09:59:50,10000.0,37.6,S
2021-07-06T09:59:40,100.0,37.65,B
2021-07-06T09:59:34,3000.0,37.65,B
2021-07-06T09:59:33,100.0,37.6,S
2021-07-06T09:59:27,500.0,37.6,S
2021-07-06T09:59:18,100.0,37.6,S
2021-07-06T09:59:12,1000.0,37.6,S
2021-07-06T09:59:08,100.0,37.65,B
2021-07-06T09:58:59,1600.0,37.65,B
2021-07-06T09:58:50,1600.0,37.65,B
2021-07-06T09:58:37,1000.0,37.6,S
2021-07-06T09:58:28,10000.0,37.6,S
2021-07-06T09:58:23,300.0,37.65,B
2021-07-06T09:58:20,1000.0,37.65,B
2021-07-06T09:58:20,1000.0,37.65,B
2021-07-06T09:58:12,300.0,37.6,S
2021-07-06T09:57:34,4000.0,37.6,S
2021-07-06T09:57:34,2000.0,37.6,S
2021-07-06T09:57:21,200.0,37.6,S
2021-07-06T09:57:21,500.0,37.65,B
2021-07-06T09:57:13,4800.0,37.6,B
2021-07-06T09:57:04,100.0,37.55,S
2021-07-06T09:56:53,300.0,37.6,B
2021-07-06T09:56:32,400.0,37.6,B
2021-07-06T09:56:23,700.0,37.6,B
2021-07-06T09:56:17,100.0,37.6,B
2021-07-06T09:56:16,100.0,37.6,B
2021-07-06T09:56:06,3200.0,37.6,S
2021-07-06T09:56:06,5600.0,37.6,S
2021-07-06T09:56:05,1000.0,37.6,S
2021-07-06T09:56:03,700.0,37.65,B
2021-07-06T09:56:02,10000.0,37.6,S
2021-07-06T09:55:54,3000.0,37.6,S
2021-07-06T09:55:47,1200.0,37.65,B
2021-07-06T09:55:38,100.0,37.6,S
2021-07-06T09:55:36,1800.0,37.6,S
2021-07-06T09:55:02,2000.0,37.65,B
2021-07-06T09:54:54,500.0,37.65,B
2021-07-06T09:54:48,300.0,37.6,S
2021-07-06T09:54:42,100.0,37.6,S
2021-07-06T09:54:32,2800.0,37.65,B
2021-07-06T09:54:32,600.0,37.65,B
2021-07-06T09:54:32,800.0,37.6,S
2021-07-06T09:54:32,1200.0,37.65,B
2021-07-06T09:54:32,4600.0,37.65,B
2021-07-06T09:54:31,1000.0,37.6,S
2021-07-06T09:54:26,3000.0,37.6,S
2021-07-06T09:54:21,1100.0,37.6,B
2021-07-06T09:54:21,2900.0,37.6,B
2021-07-06T09:54:11,1000.0,37.6,B
2021-07-06T09:54:10,2500.0,37.6,B
2021-07-06T09:54:07,3400.0,37.6,B
2021-07-06T09:54:02,100.0,37.6,B
2021-07-06T09:53:59,3400.0,37.6,B
2021-07-06T09:53:28,100.0,37.6,B
2021-07-06T09:53:24,4200.0,37.6,S
2021-07-06T09:53:17,4000.0,37.6,S
2021-07-06T09:53:13,2300.0,37.6,S
2021-07-06T09:53:13,100.0,37.6,S
2021-07-06T09:53:13,500.0,37.6,S
2021-07-06T09:53:13,1700.0,37.6,S
2021-07-06T09:53:13,100.0,37.6,S
2021-07-06T09:53:13,2600.0,37.6,S
2021-07-06T09:53:09,300.0,37.65,B
2021-07-06T09:53:06,500.0,37.6,S
2021-07-06T09:53:01,2300.0,37.6,S
2021-07-06T09:53:00,400.0,37.6,S
2021-07-06T09:53:00,300.0,37.6,S
2021-07-06T09:52:55,1000.0,37.6,S
2021-07-06T09:52:51,400.0,37.6,S
2021-07-06T09:52:48,10000.0,37.6,S
2021-07-06T09:52:33,9000.0,37.6,S
2021-07-06T09:52:13,2800.0,37.6,S
2021-07-06T09:52:10,4200.0,37.6,S
2021-07-06T09:52:09,1000.0,37.6,S
2021-07-06T09:52:03,3300.0,37.6,S
2021-07-06T09:51:57,10900.0,37.6,S
2021-07-06T09:51:49,1000.0,37.6,S
2021-07-06T09:51:37,700.0,37.65,B
2021-07-06T09:51:35,500.0,37.6,S
2021-07-06T09:51:32,500.0,37.6,S
2021-07-06T09:51:09,100.0,37.6,S
2021-07-06T09:51:09,1000.0,37.6,S
2021-07-06T09:51:00,300.0,37.65,B
2021-07-06T09:50:45,500.0,37.6,S
2021-07-06T09:50:39,2200.0,37.6,S
2021-07-06T09:50:39,2000.0,37.65,B
2021-07-06T09:50:37,300.0,37.6,S
2021-07-06T09:50:23,500.0,37.6,S
2021-07-06T09:50:17,1000.0,37.6,S
2021-07-06T09:50:17,100.0,37.65,B
2021-07-06T09:50:14,1000.0,37.6,S
2021-07-06T09:50:08,1000.0,37.6,S
2021-07-06T09:50:01,1000.0,37.6,S
2021-07-06T09:49:57,100.0,37.6,S
2021-07-06T09:49:41,2000.0,37.6,S
2021-07-06T09:49:35,2000.0,37.65,B
2021-07-06T09:49:32,200.0,37.6,S
2021-07-06T09:49:10,1000.0,37.6,S
2021-07-06T09:49:04,700.0,37.65,B
2021-07-06T09:49:01,200.0,37.6,S
2021-07-06T09:48:55,100.0,37.6,S
2021-07-06T09:48:43,1200.0,37.65,B
2021-07-06T09:48:20,2000.0,37.6,S
2021-07-06T09:48:07,4000.0,37.6,S
2021-07-06T09:48:06,100.0,37.65,B
2021-07-06T09:48:04,200.0,37.6,S
2021-07-06T09:48:03,100.0,37.6,S
2021-07-06T09:48:01,600.0,37.65,B
2021-07-06T09:47:53,600.0,37.65,B
2021-07-06T09:47:53,100.0,37.65,S
2021-07-06T09:47:53,600.0,37.65,S
2021-07-06T09:47:51,3000.0,37.65,S
2021-07-06T09:47:50,100.0,37.7,B
2021-07-06T09:47:26,5000.0,37.65,S
2021-07-06T09:47:25,1000.0,37.7,B
2021-07-06T09:47:22,600.0,37.65,S
2021-07-06T09:47:14,100.0,37.7,B
2021-07-06T09:47:09,700.0,37.7,B
2021-07-06T09:47:05,1600.0,37.65,S
2021-07-06T09:46:59,1200.0,37.7,B
2021-07-06T09:46:28,100.0,37.7,B
2021-07-06T09:46:14,2000.0,37.7,B
2021-07-06T09:45:58,4000.0,37.65,S
2021-07-06T09:45:55,3000.0,37.7,B
2021-07-06T09:45:55,5000.0,37.65,S
2021-07-06T09:45:31,1400.0,37.65,S
2021-07-06T09:45:20,2000.0,37.7,B
2021-07-06T09:45:10,3000.0,37.7,B
2021-07-06T09:44:53,200.0,37.65,S
2021-07-06T09:44:42,1000.0,37.65,S
2021-07-06T09:44:24,3000.0,37.7,B
2021-07-06T09:44:21,400.0,37.65,S
2021-07-06T09:44:05,2500.0,37.65,S
2021-07-06T09:43:43,1900.0,37.75,B
2021-07-06T09:43:40,1000.0,37.7,B
2021-07-06T09:43:37,200.0,37.7,B
2021-07-06T09:43:11,300.0,37.75,B
2021-07-06T09:42:59,3300.0,37.7,S
2021-07-06T09:42:59,800.0,37.7,S
2021-07-06T09:42:59,3200.0,37.7,S
2021-07-06T09:42:59,3500.0,37.7,S
2021-07-06T09:42:59,600.0,37.7,S
2021-07-06T09:42:59,1700.0,37.7,S
2021-07-06T09:42:59,1900.0,37.7,S
2021-07-06T09:42:45,300.0,37.75,B
2021-07-06T09:42:43,5000.0,37.7,S
2021-07-06T09:42:42,700.0,37.75,B
2021-07-06T09:42:22,900.0,37.75,B
2021-07-06T09:42:20,2400.0,37.75,S
2021-07-06T09:42:20,100.0,37.75,S
2021-07-06T09:42:20,13200.0,37.75,S
2021-07-06T09:42:20,1500.0,37.75,S
2021-07-06T09:42:16,10000.0,37.75,S
2021-07-06T09:42:15,3100.0,37.75,S
2021-07-06T09:42:14,300.0,37.75,S
2021-07-06T09:42:14,5000.0,37.75,S
2021-07-06T09:42:14,900.0,37.75,S
2021-07-06T09:42:14,10000.0,37.75,S
2021-07-06T09:42:08,600.0,37.75,S
2021-07-06T09:41:59,100.0,37.75,S
2021-07-06T09:41:45,200.0,37.75,S
2021-07-06T09:41:32,6700.0,37.75,S
2021-07-06T09:41:23,500.0,37.8,B
2021-07-06T09:41:11,1000.0,37.75,S
2021-07-06T09:41:03,100.0,37.8,B
2021-07-06T09:40:56,100.0,37.8,B
2021-07-06T09:40:53,200.0,37.8,S
2021-07-06T09:40:53,800.0,37.8,S
2021-07-06T09:40:51,300.0,37.8,S
2021-07-06T09:40:50,1500.0,37.8,S
2021-07-06T09:40:42,2000.0,37.8,S
2021-07-06T09:40:38,5400.0,37.8,S
2021-07-06T09:40:38,700.0,37.8,S
2021-07-06T09:40:38,800.0,37.8,S
2021-07-06T09:40:38,1100.0,37.8,S
2021-07-06T09:40:38,2000.0,37.8,S
2021-07-06T09:40:26,1000.0,37.8,S
2021-07-06T09:40:19,500.0,37.8,S
2021-07-06T09:40:16,900.0,37.8,S
2021-07-06T09:40:13,1000.0,37.8,S
2021-07-06T09:39:59,500.0,37.8,S
2021-07-06T09:39:55,200.0,37.85,B
2021-07-06T09:38:33,300.0,37.85,B
2021-07-06T09:38:28,500.0,37.85,B
2021-07-06T09:38:15,100.0,37.85,B
2021-07-06T09:38:15,400.0,37.85,B
2021-07-06T09:38:15,200.0,37.85,B
2021-07-06T09:37:59,500.0,37.85,B
2021-07-06T09:37:57,100.0,37.85,B
2021-07-06T09:37:54,400.0,37.8,S
2021-07-06T09:37:39,1000.0,37.8,S
2021-07-06T09:37:19,300.0,37.85,B
2021-07-06T09:37:09,100.0,37.8,S
2021-07-06T09:37:03,1100.0,37.85,B
2021-07-06T09:37:03,600.0,37.85,B
2021-07-06T09:37:02,21300.0,37.85,B
2021-07-06T09:37:02,2000.0,37.85,B
2021-07-06T09:37:01,7300.0,37.85,B
2021-07-06T09:37:01,2700.0,37.85,B
2021-07-06T09:37:00,500.0,37.8,S
2021-07-06T09:36:53,100.0,37.85,B
2021-07-06T09:36:46,100.0,37.8,S
2021-07-06T09:36:44,300.0,37.8,S
2021-07-06T09:36:32,100.0,37.8,S
2021-07-06T09:36:32,15600.0,37.8,B
2021-07-06T09:36:23,1600.0,37.8,B
2021-07-06T09:36:23,2600.0,37.8,B
2021-07-06T09:36:23,3600.0,37.8,B
2021-07-06T09:36:23,10000.0,37.8,B
2021-07-06T09:36:23,700.0,37.8,B
2021-07-06T09:36:23,1400.0,37.8,B
2021-07-06T09:36:23,200.0,37.8,B
2021-07-06T09:36:23,300.0,37.8,B
2021-07-06T09:36:23,2000.0,37.8,B
2021-07-06T09:36:23,600.0,37.8,B
2021-07-06T09:36:09,500.0,37.8,B
2021-07-06T09:36:09,200.0,37.75,S
2021-07-06T09:36:09,100.0,37.8,B
2021-07-06T09:36:08,100.0,37.8,B
2021-07-06T09:36:00,400.0,37.8,B
2021-07-06T09:35:56,1000.0,37.75,S
2021-07-06T09:35:53,1100.0,37.75,S
2021-07-06T09:35:45,1000.0,37.75,S
2021-07-06T09:35:40,500.0,37.75,S
2021-07-06T09:35:34,100.0,37.75,S
2021-07-06T09:35:21,500.0,37.75,S
2021-07-06T09:35:15,7300.0,37.8,B
2021-07-06T09:35:15,1700.0,37.8,B
2021-07-06T09:35:15,1000.0,37.8,B
2021-07-06T09:35:15,1800.0,37.8,B
2021-07-06T09:35:15,2000.0,37.8,B
2021-07-06T09:35:06,100.0,37.75,S
2021-07-06T09:35:01,500.0,37.8,B
2021-07-06T09:34:35,100.0,37.8,B
2021-07-06T09:34:35,100.0,37.75,S
2021-07-06T09:34:31,200.0,37.75,S
2021-07-06T09:34:23,4600.0,37.8,B
2021-07-06T09:34:17,100.0,37.75,S
2021-07-06T09:34:09,1200.0,37.8,B
2021-07-06T09:34:00,100.0,37.8,B
2021-07-06T09:33:53,100.0,37.75,S
2021-07-06T09:33:49,700.0,37.8,B
2021-07-06T09:33:46,5000.0,37.75,S
2021-07-06T09:33:43,3400.0,37.75,B
2021-07-06T09:33:37,900.0,37.75,B
2021-07-06T09:33:37,1100.0,37.75,B
2021-07-06T09:33:21,500.0,37.75,B
2021-07-06T09:33:12,4100.0,37.75,B
2021-07-06T09:33:04,300.0,37.7,S
2021-07-06T09:32:42,2000.0,37.75,B
2021-07-06T09:32:40,200.0,37.7,S
2021-07-06T09:32:39,5000.0,37.7,S
2021-07-06T09:32:25,5000.0,37.7,S
2021-07-06T09:32:24,500.0,37.7,S
2021-07-06T09:32:21,2000.0,37.7,S
2021-07-06T09:32:16,300.0,37.7,S
2021-07-06T09:32:12,500.0,37.75,B
2021-07-06T09:32:12,100.0,37.75,B
2021-07-06T09:32:00,2000.0,37.7,S
2021-07-06T09:31:59,100.0,37.75,B
2021-07-06T09:31:53,100.0,37.7,S
2021-07-06T09:31:49,4000.0,37.7,S
2021-07-06T09:31:46,200.0,37.7,S
2021-07-06T09:31:36,1500.0,37.7,S
2021-07-06T09:31:36,100.0,37.7,S
2021-07-06T09:31:36,400.0,37.7,S
2021-07-06T09:31:27,300.0,37.75,B
2021-07-06T09:31:24,100.0,37.75,B
2021-07-06T09:31:02,500.0,37.7,S
2021-07-06T09:31:00,5200.0,37.75,B
2021-07-06T09:30:53,800.0,37.75,B
2021-07-06T09:30:48,5500.0,37.7,S
2021-07-06T09:30:38,4000.0,37.7,S
2021-07-06T09:30:37,1600.0,37.7,S
2021-07-06T09:30:37,1000.0,37.7,S
2021-07-06T09:30:37,200.0,37.7,S
2021-07-06T09:30:37,200.0,37.7,S
2021-07-06T09:30:36,2000.0,37.7,S
2021-07-06T09:30:18,1000.0,37.7,S
2021-07-06T09:30:12,100.0,37.7,S
2021-07-06T09:30:02,500.0,37.7,S
2021-07-06T09:29:50,300.0,37.75,B
2021-07-06T09:29:44,7900.0,37.75,S
2021-07-06T09:29:40,1000.0,37.75,S
2021-07-06T09:29:34,500.0,37.75,S
2021-07-06T09:29:30,1000.0,37.75,S
2021-07-06T09:29:22,700.0,37.8,B
2021-07-06T09:29:20,700.0,37.75,B
2021-07-06T09:29:14,100.0,37.75,B
2021-07-06T09:29:10,100.0,37.75,B
2021-07-06T09:29:01,200.0,37.75,B
2021-07-06T09:28:55,100.0,37.8,B
2021-07-06T09:28:47,200.0,37.8,B
2021-07-06T09:28:41,2900.0,37.8,B
2021-07-06T09:28:34,3400.0,37.8,B
2021-07-06T09:28:25,3000.0,37.8,B
2021-07-06T09:28:25,100.0,37.8,B
2021-07-06T09:28:20,3400.0,37.8,B
2021-07-06T09:28:17,300.0,37.8,B
2021-07-06T09:28:11,3400.0,37.8,B
2021-07-06T09:27:59,3400.0,37.8,B
2021-07-06T09:27:55,3800.0,37.75,B
2021-07-06T09:27:52,600.0,37.7,S
2021-07-06T09:27:52,200.0,37.7,S
2021-07-06T09:27:52,500.0,37.7,S
2021-07-06T09:27:52,700.0,37.7,S
2021-07-06T09:27:49,3400.0,37.75,B
2021-07-06T09:27:44,2000.0,37.75,B
2021-07-06T09:27:38,1000.0,37.75,B
2021-07-06T09:27:36,6000.0,37.75,B
2021-07-06T09:27:36,200.0,37.75,B
2021-07-06T09:27:29,100.0,37.75,B
2021-07-06T09:27:26,100.0,37.7,S
2021-07-06T09:27:12,500.0,37.7,S
2021-07-06T09:27:10,100.0,37.75,B
2021-07-06T09:27:03,1000.0,37.75,B
2021-07-06T09:26:56,1400.0,37.75,S
2021-07-06T09:26:56,600.0,37.75,S
2021-07-06T09:26:54,100.0,37.75,S
2021-07-06T09:26:46,4400.0,37.8,B
2021-07-06T09:26:44,500.0,37.85,B
2021-07-06T09:26:33,500.0,37.85,B
2021-07-06T09:26:25,100.0,37.8,S
2021-07-06T09:26:24,300.0,37.85,B
2021-07-06T09:26:02,5000.0,37.8,S
2021-07-06T09:26:00,1000.0,37.85,B
2021-07-06T09:25:50,400.0,37.85,B
2021-07-06T09:25:49,500.0,37.85,B
2021-07-06T09:25:43,1000.0,37.85,B
2021-07-06T09:25:38,8000.0,37.85,B
2021-07-06T09:25:35,1500.0,37.8,S
2021-07-06T09:25:27,5000.0,37.85,B
2021-07-06T09:25:21,100.0,37.85,B
2021-07-06T09:25:14,500.0,37.85,B
2021-07-06T09:25:02,3400.0,37.85,B
2021-07-06T09:25:02,4000.0,37.7,S
2021-07-06T09:25:01,3000.0,37.8,S
2021-07-06T09:25:00,1000.0,37.8,S
2021-07-06T09:24:55,700.0,37.85,B
2021-07-06T09:24:46,7400.0,37.9,B
2021-07-06T09:24:46,200.0,37.9,B
2021-07-06T09:24:46,700.0,37.9,B
2021-07-06T09:24:46,21700.0,37.9,B
2021-07-06T09:24:46,11100.0,37.85,B
2021-07-06T09:24:46,900.0,37.8,B
2021-07-06T09:24:46,500.0,37.8,B
2021-07-06T09:24:46,5000.0,37.8,B
2021-07-06T09:24:46,2500.0,37.8,B
2021-07-06T09:24:39,3000.0,37.8,B
2021-07-06T09:24:35,3400.0,37.8,B
2021-07-06T09:24:20,1800.0,37.75,S
2021-07-06T09:24:17,9200.0,37.75,B
2021-07-06T09:24:16,3400.0,37.75,S
2021-07-06T09:24:09,1000.0,37.75,S
2021-07-06T09:24:09,2900.0,37.8,B
2021-07-06T09:24:05,900.0,37.8,B
2021-07-06T09:24:04,4000.0,37.8,B
2021-07-06T09:24:03,100.0,37.75,S
2021-07-06T09:24:01,3400.0,37.8,B
2021-07-06T09:24:00,3600.0,37.8,B
2021-07-06T09:23:57,100.0,37.75,S
2021-07-06T09:23:53,100.0,37.75,S
2021-07-06T09:23:51,3000.0,37.8,B
2021-07-06T09:23:48,200.0,37.7,S
2021-07-06T09:23:46,1000.0,37.7,B
2021-07-06T09:23:44,21000.0,37.8,B
2021-07-06T09:23:44,29000.0,37.75,B
2021-07-06T09:23:43,200.0,37.7,B
2021-07-06T09:23:39,2000.0,37.7,B
2021-07-06T09:23:39,2900.0,37.7,B
2021-07-06T09:23:36,500.0,37.7,B
2021-07-06T09:23:31,1400.0,37.7,B
2021-07-06T09:23:29,500.0,37.7,B
2021-07-06T09:23:29,3300.0,37.7,B
2021-07-06T09:23:28,200.0,37.7,B
2021-07-06T09:23:25,10000.0,37.7,B
2021-07-06T09:23:24,100.0,37.7,B
2021-07-06T09:23:23,500.0,37.7,B
2021-07-06T09:23:20,3000.0,37.7,S
2021-07-06T09:23:20,700.0,37.7,S
2021-07-06T09:23:20,1400.0,37.75,B
2021-07-06T09:23:17,200.0,37.75,B
2021-07-06T09:23:16,100.0,37.75,S
2021-07-06T09:23:13,25500.0,37.8,B
2021-07-06T09:23:06,1000.0,37.75,S
2021-07-06T09:23:04,200.0,37.8,B
2021-07-06T09:23:02,1000.0,37.8,B
2021-07-06T09:22:59,1000.0,37.8,B
2021-07-06T09:22:50,200.0,37.8,B
2021-07-06T09:22:44,3500.0,37.8,S
2021-07-06T09:22:42,2000.0,37.8,S
2021-07-06T09:22:41,1000.0,37.8,S
2021-07-06T09:22:37,500.0,37.8,S
2021-07-06T09:22:37,200.0,37.8,S
2021-07-06T09:22:30,100.0,37.8,S
2021-07-06T09:22:30,400.0,37.8,S
2021-07-06T09:22:17,3000.0,37.8,B
2021-07-06T09:22:17,2300.0,37.8,B
2021-07-06T09:22:17,5500.0,37.8,B
2021-07-06T09:22:17,7100.0,37.8,B
2021-07-06T09:22:17,1200.0,37.8,B
2021-07-06T09:22:17,2300.0,37.8,B
2021-07-06T09:22:17,1800.0,37.8,B
2021-07-06T09:22:17,1600.0,37.8,B
2021-07-06T09:22:17,24300.0,37.8,B
2021-07-06T09:22:17,24000.0,37.8,B
2021-07-06T09:22:17,2100.0,37.75,B
2021-07-06T09:22:17,100.0,37.75,B
2021-07-06T09:22:15,20000.0,37.7,S
2021-07-06T09:22:07,100.0,37.75,B
2021-07-06T09:22:05,3000.0,37.7,S
2021-07-06T09:21:57,600.0,37.7,S
2021-07-06T09:21:50,100.0,37.7,S
2021-07-06T09:21:49,100.0,37.7,B
2021-07-06T09:21:49,4800.0,37.7,B
2021-07-06T09:21:44,1500.0,37.65,S
2021-07-06T09:21:36,10000.0,37.65,S
2021-07-06T09:21:29,1000.0,37.65,S
2021-07-06T09:21:20,2000.0,37.65,S
2021-07-06T09:21:17,4300.0,37.65,B
2021-07-06T09:21:16,500.0,37.65,B
2021-07-06T09:21:13,1000.0,37.65,B
2021-07-06T09:20:58,300.0,37.65,B
2021-07-06T09:20:46,1200.0,37.65,B
2021-07-06T09:20:44,5000.0,37.65,B
2021-07-06T09:20:42,10000.0,37.6,S
2021-07-06T09:20:29,100.0,37.65,B
2021-07-06T09:20:29,700.0,37.65,B
2021-07-06T09:20:16,1500.0,37.65,B
2021-07-06T09:20:14,1300.0,37.65,S
2021-07-06T09:20:14,1800.0,37.65,S
2021-07-06T09:20:11,100.0,37.65,S
2021-07-06T09:20:06,100.0,37.65,S
2021-07-06T09:20:00,1500.0,37.65,S
2021-07-06T09:19:46,5000.0,37.65,S
2021-07-06T09:19:44,600.0,37.65,S
2021-07-06T09:19:41,9700.0,37.65,B
2021-07-06T09:19:41,1200.0,37.65,B
2021-07-06T09:19:41,10000.0,37.65,B
2021-07-06T09:19:22,200.0,37.6,S
2021-07-06T09:19:17,600.0,37.65,B
2021-07-06T09:19:01,300.0,37.65,B
2021-07-06T09:18:57,500.0,37.65,B
2021-07-06T09:18:47,3000.0,37.65,B
2021-07-06T09:18:28,700.0,37.65,B
2021-07-06T09:18:20,700.0,37.65,B
2021-07-06T09:17:52,1000.0,37.65,B
2021-07-06T09:17:49,200.0,37.65,B
2021-07-06T09:17:27,1300.0,37.7,B
2021-07-06T09:17:27,200.0,37.7,B
2021-07-06T09:17:27,2100.0,37.7,B
2021-07-06T09:17:24,500.0,37.7,B
2021-07-06T09:17:21,3800.0,37.7,B
2021-07-06T09:17:05,1500.0,37.65,B
2021-07-06T09:17:02,500.0,37.65,B
2021-07-06T09:16:56,100.0,37.65,B
2021-07-06T09:16:53,3400.0,37.65,B
2021-07-06T09:16:50,100.0,37.65,B
2021-07-06T09:16:48,2700.0,37.65,B
2021-07-06T09:16:43,700.0,37.65,B
2021-07-06T09:16:40,2700.0,37.65,B
2021-07-06T09:16:40,1200.0,37.65,B
2021-07-06T09:16:39,100.0,37.6,S
2021-07-06T09:16:25,2000.0,37.6,S
2021-07-06T09:16:24,30100.0,37.6,B
2021-07-06T09:16:17,3600.0,37.6,B
2021-07-06T09:16:12,2900.0,37.6,B
2021-07-06T09:16:09,100.0,37.6,B
2021-07-06T09:16:05,2700.0,37.6,B
2021-07-06T09:16:01,700.0,37.6,B
2021-07-06T09:16:01,3600.0,37.6,B
2021-07-06T09:15:54,10000.0,37.5,S
2021-07-06T09:15:52,3000.0,37.6,B
2021-07-06T09:15:48,100.0,37.5,S
2021-07-06T09:15:41,3300.0,37.6,B
2021-07-06T09:15:37,3300.0,37.6,B
2021-07-06T09:15:35,3800.0,37.6,B
2021-07-06T09:15:20,3200.0,37.5,S
2021-07-06T09:15:20,100.0,37.5,S
2021-07-06T09:15:20,2800.0,37.5,S
2021-07-06T09:15:17,1000.0,37.6,B
