tradingTime,volume,price,side
2021-07-06T13:21:07,200.0,10.35,B
2021-07-06T13:20:46,200.0,10.35,B
2021-07-06T13:20:20,5000.0,10.35,S
2021-07-06T13:20:20,9700.0,10.35,S
2021-07-06T13:19:36,1000.0,10.35,S
2021-07-06T13:19:00,7300.0,10.35,B
2021-07-06T13:18:42,2000.0,10.35,B
2021-07-06T13:18:18,1400.0,10.35,B
2021-07-06T13:18:03,500.0,10.35,B
2021-07-06T13:18:02,300.0,10.35,B
2021-07-06T13:17:46,500.0,10.35,B
2021-07-06T13:17:17,3800.0,10.35,B
2021-07-06T13:16:47,200.0,10.35,B
2021-07-06T13:15:55,5000.0,10.35,B
2021-07-06T13:15:41,100.0,10.35,B
2021-07-06T13:15:12,2000.0,10.35,B
2021-07-06T13:14:58,2300.0,10.35,B
2021-07-06T13:14:29,2000.0,10.35,B
2021-07-06T13:13:48,16800.0,10.35,S
2021-07-06T13:13:07,100.0,10.4,S
2021-07-06T13:12:39,1000.0,10.45,B
2021-07-06T13:11:14,1200.0,10.35,B
2021-07-06T13:11:05,600.0,10.35,B
2021-07-06T13:10:47,500.0,10.35,B
2021-07-06T13:10:43,100.0,10.35,B
2021-07-06T13:10:34,3600.0,10.35,S
2021-07-06T13:10:03,7500.0,10.35,B
2021-07-06T13:09:56,1000.0,10.35,B
2021-07-06T13:09:21,3500.0,10.35,B
2021-07-06T13:08:52,10000.0,10.35,B
2021-07-06T13:08:40,5000.0,10.35,B
2021-07-06T13:07:58,100.0,10.35,B
2021-07-06T13:07:21,100.0,10.35,B
2021-07-06T13:06:33,1700.0,10.35,B
2021-07-06T13:05:50,1000.0,10.35,B
2021-07-06T13:02:21,1000.0,10.35,B
2021-07-06T13:00:29,5700.0,10.35,B
2021-07-06T13:00:25,100.0,10.35,B
2021-07-06T13:00:23,500.0,10.35,B
2021-07-06T13:00:18,300.0,10.35,B
2021-07-06T13:00:16,100.0,10.35,B
2021-07-06T13:00:16,100.0,10.35,B
2021-07-06T13:00:12,2300.0,10.35,B
2021-07-06T13:00:12,100.0,10.35,S
2021-07-06T13:00:07,300.0,10.35,B
2021-07-06T13:00:07,100.0,10.35,B
2021-07-06T13:00:07,500.0,10.35,B
2021-07-06T13:00:07,5000.0,10.35,B
2021-07-06T13:00:03,1000.0,10.35,B
2021-07-06T13:00:02,200.0,10.35,B
2021-07-06T13:00:02,500.0,10.35,B
2021-07-06T13:00:00,100.0,10.35,B
2021-07-06T13:00:00,1000.0,10.35,B
2021-07-06T11:29:45,300.0,10.35,B
2021-07-06T11:28:19,1500.0,10.35,B
2021-07-06T11:28:11,2000.0,10.35,B
2021-07-06T11:27:07,2000.0,10.35,B
2021-07-06T11:26:52,600.0,10.35,B
2021-07-06T11:26:36,100.0,10.35,B
2021-07-06T11:26:22,100.0,10.35,B
2021-07-06T11:24:55,2000.0,10.35,B
2021-07-06T11:24:31,4400.0,10.35,B
2021-07-06T11:23:31,10700.0,10.35,B
2021-07-06T11:22:08,1000.0,10.35,B
2021-07-06T11:21:25,1000.0,10.35,B
2021-07-06T11:21:13,1400.0,10.35,B
2021-07-06T11:20:06,1000.0,10.35,B
2021-07-06T11:18:58,2000.0,10.35,B
2021-07-06T11:18:05,2000.0,10.35,B
2021-07-06T11:17:43,2000.0,10.35,B
2021-07-06T11:17:10,400.0,10.35,B
2021-07-06T11:16:21,2000.0,10.35,B
2021-07-06T11:15:21,1000.0,10.35,B
2021-07-06T11:14:52,200.0,10.35,B
2021-07-06T11:14:51,5000.0,10.35,B
2021-07-06T11:14:42,5000.0,10.35,B
2021-07-06T11:14:09,500.0,10.35,B
2021-07-06T11:13:42,500.0,10.35,B
2021-07-06T11:13:06,14800.0,10.35,S
2021-07-06T11:10:41,7900.0,10.35,S
2021-07-06T11:10:24,500.0,10.35,B
2021-07-06T11:10:12,2000.0,10.35,B
2021-07-06T11:10:02,1800.0,10.35,B
2021-07-06T11:09:58,100.0,10.35,B
2021-07-06T11:09:58,2000.0,10.35,B
2021-07-06T11:09:50,30000.0,10.35,B
2021-07-06T11:09:49,1800.0,10.35,B
2021-07-06T11:09:40,30000.0,10.35,B
2021-07-06T11:09:40,1000.0,10.35,B
2021-07-06T11:09:38,500.0,10.35,B
2021-07-06T11:09:33,1000.0,10.35,B
2021-07-06T11:09:31,600.0,10.35,B
2021-07-06T11:09:26,2000.0,10.35,B
2021-07-06T11:09:22,100.0,10.35,B
2021-07-06T11:09:06,3000.0,10.35,B
2021-07-06T11:08:17,100.0,10.35,B
2021-07-06T11:08:00,1000.0,10.35,B
2021-07-06T11:07:35,500.0,10.35,S
2021-07-06T11:07:35,5400.0,10.35,S
2021-07-06T11:07:35,8700.0,10.35,S
2021-07-06T10:58:36,200.0,10.6,B
2021-07-06T10:55:49,100.0,10.6,B
2021-07-06T10:54:20,4500.0,10.35,S
2021-07-06T10:54:01,20000.0,10.35,B
2021-07-06T10:53:49,100.0,10.35,B
2021-07-06T10:53:41,1200.0,10.35,B
2021-07-06T10:53:14,600.0,10.35,B
2021-07-06T10:53:13,500.0,10.35,B
2021-07-06T10:52:40,300.0,10.35,B
2021-07-06T10:52:27,1000.0,10.35,B
2021-07-06T10:52:00,1000.0,10.35,B
2021-07-06T10:51:35,200.0,10.35,B
2021-07-06T10:51:10,8000.0,10.35,B
2021-07-06T10:51:07,5000.0,10.35,B
2021-07-06T10:50:28,2000.0,10.35,S
2021-07-06T10:50:28,9500.0,10.35,S
2021-07-06T10:50:28,300.0,10.35,S
2021-07-06T10:50:28,15800.0,10.35,S
2021-07-06T10:48:59,200.0,10.35,S
2021-07-06T10:48:55,6000.0,10.35,B
2021-07-06T10:48:49,1000.0,10.35,B
2021-07-06T10:48:39,3000.0,10.35,B
2021-07-06T10:48:36,400.0,10.35,B
2021-07-06T10:48:33,1000.0,10.35,B
2021-07-06T10:48:26,200.0,10.35,B
2021-07-06T10:48:26,2000.0,10.35,B
2021-07-06T10:48:24,200.0,10.35,B
2021-07-06T10:48:08,200.0,10.35,S
2021-07-06T10:48:08,200.0,10.35,S
2021-07-06T10:48:08,15600.0,10.35,S
2021-07-06T10:44:19,500.0,10.75,B
2021-07-06T10:44:14,1000.0,10.5,S
2021-07-06T10:43:48,100.0,10.7,B
2021-07-06T10:43:48,2100.0,10.7,B
2021-07-06T10:43:44,500.0,10.7,B
2021-07-06T10:43:42,2000.0,10.7,B
2021-07-06T10:43:07,500.0,10.35,S
2021-07-06T10:42:23,3000.0,10.35,S
2021-07-06T10:41:50,51200.0,10.35,B
2021-07-06T10:41:45,3000.0,10.35,B
2021-07-06T10:41:36,300.0,10.35,B
2021-07-06T10:40:51,3000.0,10.35,B
2021-07-06T10:40:49,100.0,10.35,B
2021-07-06T10:39:27,500.0,10.35,B
2021-07-06T10:39:22,100.0,10.35,B
2021-07-06T10:38:41,2000.0,10.35,B
2021-07-06T10:38:22,100.0,10.35,B
2021-07-06T10:38:03,1600.0,10.35,B
2021-07-06T10:37:57,2000.0,10.35,B
2021-07-06T10:37:56,2000.0,10.35,B
2021-07-06T10:37:47,39100.0,10.35,S
2021-07-06T10:36:56,700.0,10.35,S
2021-07-06T10:36:38,2400.0,10.35,B
2021-07-06T10:36:33,1000.0,10.35,B
2021-07-06T10:36:33,300.0,10.35,B
2021-07-06T10:36:32,2000.0,10.35,B
2021-07-06T10:36:26,500.0,10.35,B
2021-07-06T10:36:19,5000.0,10.35,B
2021-07-06T10:35:50,100.0,10.35,B
2021-07-06T10:35:48,1000.0,10.35,B
2021-07-06T10:35:16,5000.0,10.35,B
2021-07-06T10:34:54,2000.0,10.35,B
2021-07-06T10:34:53,2400.0,10.35,B
2021-07-06T10:34:49,300.0,10.35,B
2021-07-06T10:34:44,200.0,10.35,B
2021-07-06T10:34:43,100.0,10.35,B
2021-07-06T10:34:43,2000.0,10.35,B
2021-07-06T10:34:39,100.0,10.35,B
2021-07-06T10:34:30,2400.0,10.35,B
2021-07-06T10:34:26,200.0,10.35,B
2021-07-06T10:34:23,1500.0,10.35,B
2021-07-06T10:34:02,2500.0,10.35,S
2021-07-06T10:34:02,3600.0,10.35,S
2021-07-06T10:34:02,300.0,10.35,S
2021-07-06T10:34:01,15100.0,10.35,S
2021-07-06T10:32:17,2900.0,10.35,B
2021-07-06T10:32:17,200.0,10.35,B
2021-07-06T10:32:05,100.0,10.35,B
2021-07-06T10:32:05,100.0,10.35,B
2021-07-06T10:32:01,200.0,10.35,B
2021-07-06T10:31:56,200.0,10.35,B
2021-07-06T10:31:41,600.0,10.35,B
2021-07-06T10:31:41,10000.0,10.35,B
2021-07-06T10:31:40,400.0,10.35,B
2021-07-06T10:31:38,10000.0,10.35,B
2021-07-06T10:31:37,3900.0,10.35,B
2021-07-06T10:31:31,5000.0,10.35,B
2021-07-06T10:31:30,1900.0,10.35,B
2021-07-06T10:31:20,200.0,10.35,B
2021-07-06T10:31:19,300.0,10.35,B
2021-07-06T10:31:11,100.0,10.35,B
2021-07-06T10:31:08,3000.0,10.35,B
2021-07-06T10:31:08,800.0,10.35,B
2021-07-06T10:31:05,14500.0,10.35,B
2021-07-06T10:31:03,1200.0,10.35,B
2021-07-06T10:30:49,1000.0,10.35,B
2021-07-06T10:30:44,1000.0,10.35,B
2021-07-06T10:30:27,500.0,10.35,B
2021-07-06T10:30:26,500.0,10.35,B
2021-07-06T10:30:12,1000.0,10.35,B
2021-07-06T10:29:55,1000.0,10.35,B
2021-07-06T10:29:49,3600.0,10.35,S
2021-07-06T10:29:49,7300.0,10.35,S
2021-07-06T10:29:49,1000.0,10.35,S
2021-07-06T10:29:49,2000.0,10.35,S
2021-07-06T10:29:49,2200.0,10.35,S
2021-07-06T10:29:49,100.0,10.35,S
2021-07-06T10:29:49,7500.0,10.35,S
2021-07-06T10:29:49,6100.0,10.35,S
2021-07-06T10:29:49,2000.0,10.35,S
2021-07-06T10:29:49,1500.0,10.4,S
2021-07-06T10:29:49,4300.0,10.45,S
2021-07-06T10:29:49,500.0,10.5,S
2021-07-06T10:29:49,1300.0,10.5,S
2021-07-06T10:29:13,1000.0,10.5,S
2021-07-06T10:27:40,100.0,10.5,S
2021-07-06T10:24:56,100.0,10.75,B
2021-07-06T10:24:51,3200.0,10.5,B
2021-07-06T10:24:45,500.0,10.5,B
2021-07-06T10:24:36,1300.0,10.5,S
2021-07-06T10:24:30,1700.0,10.5,B
2021-07-06T10:23:47,100.0,10.5,B
2021-07-06T10:23:46,3200.0,10.5,S
2021-07-06T10:23:00,800.0,10.35,B
2021-07-06T10:22:53,2000.0,10.35,B
2021-07-06T10:22:40,500.0,10.35,B
2021-07-06T10:22:30,200.0,10.35,B
2021-07-06T10:22:24,300.0,10.35,B
2021-07-06T10:22:23,1000.0,10.35,B
2021-07-06T10:22:18,1000.0,10.35,B
2021-07-06T10:22:17,3500.0,10.35,B
2021-07-06T10:22:15,500.0,10.35,B
2021-07-06T10:22:08,500.0,10.35,B
2021-07-06T10:22:07,1000.0,10.35,B
2021-07-06T10:22:04,20000.0,10.35,B
2021-07-06T10:21:54,2300.0,10.35,B
2021-07-06T10:21:52,200.0,10.35,B
2021-07-06T10:21:51,1000.0,10.35,B
2021-07-06T10:21:48,100.0,10.35,B
2021-07-06T10:21:43,4000.0,10.35,B
2021-07-06T10:21:24,10000.0,10.35,B
2021-07-06T10:21:23,200.0,10.35,B
2021-07-06T10:21:14,1000.0,10.35,B
2021-07-06T10:20:55,800.0,10.35,B
2021-07-06T10:20:51,2000.0,10.35,B
2021-07-06T10:20:32,10000.0,10.35,B
2021-07-06T10:20:25,1000.0,10.35,B
2021-07-06T10:20:15,200.0,10.35,B
2021-07-06T10:20:05,100.0,10.35,B
2021-07-06T10:19:59,300.0,10.35,B
2021-07-06T10:19:58,1000.0,10.35,B
2021-07-06T10:19:49,200.0,10.35,B
2021-07-06T10:19:48,500.0,10.35,B
2021-07-06T10:19:45,1300.0,10.35,B
2021-07-06T10:19:40,500.0,10.35,B
2021-07-06T10:19:38,400.0,10.35,B
2021-07-06T10:19:33,1400.0,10.35,B
2021-07-06T10:19:33,300.0,10.35,B
2021-07-06T10:19:22,200.0,10.35,B
2021-07-06T10:19:18,30000.0,10.35,B
2021-07-06T10:18:58,1000.0,10.35,B
2021-07-06T10:18:26,2000.0,10.35,B
2021-07-06T10:18:24,1000.0,10.35,B
2021-07-06T10:17:57,5000.0,10.35,B
2021-07-06T10:17:43,2000.0,10.35,B
2021-07-06T10:17:31,1800.0,10.35,B
2021-07-06T10:17:25,400.0,10.35,B
2021-07-06T10:16:39,200.0,10.35,B
2021-07-06T10:16:23,1200.0,10.35,B
2021-07-06T10:16:05,100.0,10.35,B
2021-07-06T10:15:52,2000.0,10.35,B
2021-07-06T10:15:48,2000.0,10.35,B
2021-07-06T10:15:41,500.0,10.35,B
2021-07-06T10:15:23,2500.0,10.35,B
2021-07-06T10:15:19,500.0,10.35,B
2021-07-06T10:15:18,100.0,10.35,B
2021-07-06T10:15:16,700.0,10.35,B
2021-07-06T10:15:14,200.0,10.35,B
2021-07-06T10:15:13,5000.0,10.35,B
2021-07-06T10:15:13,100.0,10.35,B
2021-07-06T10:15:00,1000.0,10.35,B
2021-07-06T10:14:44,500.0,10.35,B
2021-07-06T10:14:34,100.0,10.35,B
2021-07-06T10:14:25,1000.0,10.35,B
2021-07-06T10:14:20,2000.0,10.35,B
2021-07-06T10:14:13,2000.0,10.35,B
2021-07-06T10:14:10,3000.0,10.35,B
2021-07-06T10:13:55,300.0,10.35,B
2021-07-06T10:13:50,200.0,10.35,B
2021-07-06T10:13:48,2000.0,10.35,B
2021-07-06T10:13:44,2000.0,10.35,B
2021-07-06T10:13:42,700.0,10.35,B
2021-07-06T10:13:39,2500.0,10.35,B
2021-07-06T10:13:37,3000.0,10.35,B
2021-07-06T10:13:35,300.0,10.35,B
2021-07-06T10:13:35,500.0,10.35,B
2021-07-06T10:13:27,4000.0,10.35,B
2021-07-06T10:13:22,300.0,10.35,B
2021-07-06T10:13:21,4000.0,10.35,S
2021-07-06T10:13:21,7700.0,10.35,S
2021-07-06T10:13:21,15100.0,10.35,S
2021-07-06T10:13:21,3500.0,10.35,S
2021-07-06T10:13:21,1000.0,10.35,S
2021-07-06T10:13:21,2700.0,10.35,S
2021-07-06T10:12:24,9500.0,10.35,B
2021-07-06T10:12:22,2000.0,10.35,B
2021-07-06T10:12:20,1000.0,10.35,B
2021-07-06T10:12:15,10000.0,10.35,B
2021-07-06T10:12:08,11000.0,10.35,B
2021-07-06T10:12:02,7000.0,10.35,B
2021-07-06T10:12:01,1200.0,10.35,B
2021-07-06T10:11:58,500.0,10.35,B
2021-07-06T10:11:53,500.0,10.35,B
2021-07-06T10:11:36,1000.0,10.35,B
2021-07-06T10:11:34,2300.0,10.35,B
2021-07-06T10:11:32,3900.0,10.35,B
2021-07-06T10:11:21,5000.0,10.35,B
2021-07-06T10:11:18,100.0,10.35,B
2021-07-06T10:11:18,1000.0,10.35,B
2021-07-06T10:11:17,200.0,10.35,B
2021-07-06T10:11:12,200.0,10.35,B
2021-07-06T10:11:12,1000.0,10.35,B
2021-07-06T10:11:09,2000.0,10.35,B
2021-07-06T10:11:09,1000.0,10.35,B
2021-07-06T10:11:09,9000.0,10.35,B
2021-07-06T10:11:09,200.0,10.35,B
2021-07-06T10:11:08,10000.0,10.35,B
2021-07-06T10:11:07,100.0,10.35,B
2021-07-06T10:11:03,2000.0,10.35,B
2021-07-06T10:10:59,100.0,10.35,B
2021-07-06T10:10:54,900.0,10.35,B
2021-07-06T10:10:51,200.0,10.35,B
2021-07-06T10:10:50,500.0,10.35,B
2021-07-06T10:10:45,1000.0,10.35,B
2021-07-06T10:10:43,200.0,10.35,B
2021-07-06T10:10:42,900.0,10.35,B
2021-07-06T10:10:39,200.0,10.35,B
2021-07-06T10:10:33,1000.0,10.35,B
2021-07-06T10:10:32,400.0,10.35,B
2021-07-06T10:10:32,100.0,10.35,B
2021-07-06T10:10:31,1000.0,10.35,B
2021-07-06T10:10:28,500.0,10.35,S
2021-07-06T10:10:28,1400.0,10.35,S
2021-07-06T10:10:28,6300.0,10.35,S
2021-07-06T10:10:28,3200.0,10.35,S
2021-07-06T10:10:28,1000.0,10.35,S
2021-07-06T10:10:28,2500.0,10.35,S
2021-07-06T10:10:28,7500.0,10.35,S
2021-07-06T10:10:28,4300.0,10.35,S
2021-07-06T10:10:28,100.0,10.5,S
2021-07-06T10:09:23,300.0,10.35,B
2021-07-06T10:09:22,2000.0,10.35,B
2021-07-06T10:09:22,100.0,10.35,B
2021-07-06T10:09:18,1000.0,10.35,B
2021-07-06T10:09:16,1000.0,10.35,B
2021-07-06T10:09:13,10000.0,10.35,B
2021-07-06T10:09:11,100.0,10.35,B
2021-07-06T10:09:07,1000.0,10.35,B
2021-07-06T10:09:07,2000.0,10.35,B
2021-07-06T10:09:05,6000.0,10.35,B
2021-07-06T10:09:04,300.0,10.35,B
2021-07-06T10:09:03,200.0,10.35,B
2021-07-06T10:08:56,1000.0,10.35,B
2021-07-06T10:08:49,1100.0,10.35,B
2021-07-06T10:08:48,1000.0,10.35,B
2021-07-06T10:08:45,400.0,10.35,B
2021-07-06T10:08:45,100.0,10.35,B
2021-07-06T10:08:42,500.0,10.35,B
2021-07-06T10:08:42,200.0,10.35,B
2021-07-06T10:08:41,200.0,10.35,B
2021-07-06T10:08:37,1000.0,10.35,B
2021-07-06T10:08:36,1000.0,10.35,B
2021-07-06T10:08:33,1000.0,10.35,B
2021-07-06T10:08:32,200.0,10.35,B
2021-07-06T10:08:27,3000.0,10.35,B
2021-07-06T10:08:26,200.0,10.35,B
2021-07-06T10:08:23,100.0,10.35,B
2021-07-06T10:08:21,10000.0,10.35,B
2021-07-06T10:08:21,1000.0,10.35,B
2021-07-06T10:08:13,100.0,10.35,B
2021-07-06T10:08:13,1000.0,10.35,B
2021-07-06T10:08:13,2000.0,10.35,B
2021-07-06T10:08:13,1000.0,10.35,B
2021-07-06T10:08:10,2000.0,10.35,B
2021-07-06T10:08:09,4000.0,10.35,B
2021-07-06T10:08:07,5700.0,10.35,B
2021-07-06T10:08:01,2000.0,10.35,B
2021-07-06T10:08:01,100.0,10.35,B
2021-07-06T10:07:58,1600.0,10.35,B
2021-07-06T10:07:46,1000.0,10.35,B
2021-07-06T10:07:39,600.0,10.35,B
2021-07-06T10:07:37,700.0,10.35,S
2021-07-06T10:07:37,500.0,10.35,S
2021-07-06T10:07:37,2000.0,10.35,S
2021-07-06T10:07:37,2000.0,10.35,S
2021-07-06T10:07:37,2200.0,10.35,S
2021-07-06T10:07:37,1000.0,10.35,S
2021-07-06T10:07:37,3000.0,10.35,S
2021-07-06T10:07:37,1000.0,10.35,S
2021-07-06T10:07:37,600.0,10.35,S
2021-07-06T10:07:37,6100.0,10.35,S
2021-07-06T10:07:37,100.0,10.35,S
2021-07-06T10:07:37,13700.0,10.35,S
2021-07-06T10:07:30,2000.0,10.6,S
2021-07-06T10:05:45,1000.0,11.0,B
2021-07-06T10:04:43,100.0,10.35,S
2021-07-06T10:04:42,1000.0,10.35,B
2021-07-06T10:04:39,800.0,10.35,B
2021-07-06T10:04:39,1700.0,10.35,B
2021-07-06T10:04:38,300.0,10.35,B
2021-07-06T10:04:35,200.0,10.35,B
2021-07-06T10:04:30,1000.0,10.35,B
2021-07-06T10:04:29,600.0,10.35,B
2021-07-06T10:04:29,10000.0,10.35,B
2021-07-06T10:04:23,2000.0,10.35,B
2021-07-06T10:04:23,100.0,10.35,B
2021-07-06T10:04:21,100.0,10.35,B
2021-07-06T10:04:20,1000.0,10.35,B
2021-07-06T10:04:17,2000.0,10.35,B
2021-07-06T10:04:14,200.0,10.35,B
2021-07-06T10:04:12,1000.0,10.35,B
2021-07-06T10:04:11,200.0,10.35,B
2021-07-06T10:04:10,1000.0,10.35,B
2021-07-06T10:04:07,1200.0,10.35,B
2021-07-06T10:04:07,100.0,10.35,B
2021-07-06T10:04:04,400.0,10.35,B
2021-07-06T10:03:57,700.0,10.35,B
2021-07-06T10:03:54,900.0,10.35,B
2021-07-06T10:03:49,2500.0,10.35,B
2021-07-06T10:03:49,3300.0,10.35,B
2021-07-06T10:03:48,1000.0,10.35,B
2021-07-06T10:03:48,100.0,10.35,B
2021-07-06T10:03:48,100.0,10.35,B
2021-07-06T10:03:46,100.0,10.35,B
2021-07-06T10:03:44,3000.0,10.35,B
2021-07-06T10:03:42,1000.0,10.35,B
2021-07-06T10:03:40,200.0,10.35,B
2021-07-06T10:03:39,400.0,10.35,B
2021-07-06T10:03:33,1500.0,10.35,B
2021-07-06T10:03:32,1000.0,10.35,B
2021-07-06T10:03:24,10000.0,10.35,B
2021-07-06T10:03:24,10000.0,10.35,B
2021-07-06T10:03:22,2000.0,10.35,B
2021-07-06T10:03:12,200.0,10.35,B
2021-07-06T10:03:11,2000.0,10.35,B
2021-07-06T10:03:07,2000.0,10.35,B
2021-07-06T10:03:07,300.0,10.35,B
2021-07-06T10:03:00,5000.0,10.35,B
2021-07-06T10:02:53,100.0,10.35,B
2021-07-06T10:02:52,1000.0,10.35,B
2021-07-06T10:02:43,1900.0,10.35,B
2021-07-06T10:02:35,500.0,10.35,B
2021-07-06T10:02:35,100.0,10.35,B
2021-07-06T10:02:32,1000.0,10.35,B
2021-07-06T10:02:31,1400.0,10.35,B
2021-07-06T10:02:23,1000.0,10.35,B
2021-07-06T10:02:21,10000.0,10.35,B
2021-07-06T10:02:16,10000.0,10.35,B
2021-07-06T10:02:14,100.0,10.35,B
2021-07-06T10:02:14,500.0,10.35,B
2021-07-06T10:02:13,100.0,10.35,B
2021-07-06T10:02:03,2000.0,10.35,B
2021-07-06T10:02:01,100.0,10.35,B
2021-07-06T10:01:59,500.0,10.35,B
2021-07-06T10:01:58,100.0,10.35,B
2021-07-06T10:01:55,400.0,10.35,B
2021-07-06T10:01:44,200.0,10.35,B
2021-07-06T10:01:43,500.0,10.35,B
2021-07-06T10:01:42,1500.0,10.35,B
2021-07-06T10:01:41,1000.0,10.35,B
2021-07-06T10:01:35,3000.0,10.35,B
2021-07-06T10:01:34,500.0,10.35,B
2021-07-06T10:01:32,500.0,10.35,B
2021-07-06T10:01:27,1000.0,10.35,B
2021-07-06T10:01:27,500.0,10.35,B
2021-07-06T10:01:27,200.0,10.35,B
2021-07-06T10:01:24,2000.0,10.35,B
2021-07-06T10:01:17,100.0,10.35,B
2021-07-06T10:01:12,200.0,10.35,B
2021-07-06T10:01:08,500.0,10.35,B
2021-07-06T10:01:04,100.0,10.35,B
2021-07-06T10:01:00,100.0,10.35,B
2021-07-06T10:00:58,8000.0,10.35,B
2021-07-06T10:00:55,400.0,10.35,S
2021-07-06T10:00:55,8600.0,10.35,S
2021-07-06T10:00:55,2000.0,10.35,S
2021-07-06T10:00:55,800.0,10.35,S
2021-07-06T10:00:55,5100.0,10.35,S
2021-07-06T10:00:55,800.0,10.35,S
2021-07-06T10:00:55,400.0,10.35,S
2021-07-06T10:00:55,4300.0,10.35,S
2021-07-06T10:00:55,200.0,10.35,S
2021-07-06T10:00:55,2100.0,10.35,S
2021-07-06T10:00:55,300.0,10.35,S
2021-07-06T10:00:55,500.0,10.35,S
2021-07-06T10:00:55,13600.0,10.35,S
2021-07-06T09:59:21,100.0,10.35,S
2021-07-06T09:59:21,2000.0,10.35,B
2021-07-06T09:59:18,1000.0,10.35,B
2021-07-06T09:59:18,1000.0,10.35,B
2021-07-06T09:59:17,2000.0,10.35,B
2021-07-06T09:59:14,1000.0,10.35,B
2021-07-06T09:59:14,15000.0,10.35,B
2021-07-06T09:59:12,500.0,10.35,B
2021-07-06T09:59:08,10000.0,10.35,B
2021-07-06T09:59:08,300.0,10.35,B
2021-07-06T09:59:07,300.0,10.35,B
2021-07-06T09:59:06,500.0,10.35,B
2021-07-06T09:59:04,20000.0,10.35,B
2021-07-06T09:59:02,300.0,10.35,B
2021-07-06T09:59:01,2700.0,10.35,B
2021-07-06T09:58:53,500.0,10.35,B
2021-07-06T09:58:50,5000.0,10.35,B
2021-07-06T09:58:50,500.0,10.35,B
2021-07-06T09:58:49,3000.0,10.35,B
2021-07-06T09:58:48,2200.0,10.35,B
2021-07-06T09:58:47,500.0,10.35,B
2021-07-06T09:58:46,300.0,10.35,B
2021-07-06T09:58:44,1000.0,10.35,B
2021-07-06T09:58:44,1000.0,10.35,B
2021-07-06T09:58:40,300.0,10.35,B
2021-07-06T09:58:37,3000.0,10.35,B
2021-07-06T09:58:37,1000.0,10.35,B
2021-07-06T09:58:36,2000.0,10.35,B
2021-07-06T09:58:32,2000.0,10.35,B
2021-07-06T09:58:30,5000.0,10.35,B
2021-07-06T09:58:30,500.0,10.35,B
2021-07-06T09:58:30,10000.0,10.35,B
2021-07-06T09:58:30,3000.0,10.35,B
2021-07-06T09:58:28,3000.0,10.35,B
2021-07-06T09:58:26,100.0,10.35,B
2021-07-06T09:58:26,2000.0,10.35,B
2021-07-06T09:58:24,3000.0,10.35,B
2021-07-06T09:58:23,2000.0,10.35,B
2021-07-06T09:58:22,600.0,10.35,S
2021-07-06T09:58:22,11300.0,10.35,S
2021-07-06T09:58:22,6500.0,10.35,S
2021-07-06T09:58:22,1000.0,10.35,S
2021-07-06T09:58:22,73000.0,10.35,S
2021-07-06T09:58:11,7000.0,10.35,B
2021-07-06T09:58:11,100.0,10.35,B
2021-07-06T09:58:10,100.0,10.35,B
2021-07-06T09:58:09,2000.0,10.35,B
2021-07-06T09:58:08,900.0,10.35,B
2021-07-06T09:58:04,100.0,10.35,B
2021-07-06T09:58:04,4000.0,10.35,B
2021-07-06T09:58:03,200.0,10.35,B
2021-07-06T09:58:01,1000.0,10.35,B
2021-07-06T09:57:59,3900.0,10.35,B
2021-07-06T09:57:54,300.0,10.35,B
2021-07-06T09:57:54,200.0,10.35,B
2021-07-06T09:57:53,1200.0,10.35,B
2021-07-06T09:57:52,4800.0,10.35,B
2021-07-06T09:57:51,4000.0,10.35,B
2021-07-06T09:57:51,2000.0,10.35,B
2021-07-06T09:57:50,1000.0,10.35,B
2021-07-06T09:57:50,500.0,10.35,B
2021-07-06T09:57:46,20000.0,10.35,B
2021-07-06T09:57:45,500.0,10.35,B
2021-07-06T09:57:45,100.0,10.35,B
2021-07-06T09:57:44,1000.0,10.35,B
2021-07-06T09:57:43,1500.0,10.35,B
2021-07-06T09:57:41,400.0,10.35,B
2021-07-06T09:57:40,100.0,10.35,B
2021-07-06T09:57:40,5000.0,10.35,B
2021-07-06T09:57:40,1400.0,10.35,B
2021-07-06T09:57:39,1100.0,10.35,B
2021-07-06T09:57:39,1000.0,10.35,B
2021-07-06T09:57:35,1000.0,10.35,B
2021-07-06T09:57:31,10000.0,10.35,B
2021-07-06T09:57:31,2600.0,10.35,B
2021-07-06T09:57:29,2000.0,10.35,B
2021-07-06T09:57:28,200.0,10.35,B
2021-07-06T09:57:26,200.0,10.35,B
2021-07-06T09:57:24,500.0,10.35,B
2021-07-06T09:57:24,200.0,10.35,B
2021-07-06T09:57:24,100.0,10.35,B
2021-07-06T09:57:21,2000.0,10.35,B
2021-07-06T09:57:17,1000.0,10.35,B
2021-07-06T09:57:15,5000.0,10.35,B
2021-07-06T09:57:14,1500.0,10.35,B
2021-07-06T09:57:12,1200.0,10.35,B
2021-07-06T09:57:11,1000.0,10.35,B
2021-07-06T09:57:09,5000.0,10.35,B
2021-07-06T09:57:08,300.0,10.35,B
2021-07-06T09:57:07,200.0,10.35,B
2021-07-06T09:57:07,100.0,10.35,B
2021-07-06T09:57:06,6800.0,10.35,B
2021-07-06T09:57:06,200.0,10.35,B
2021-07-06T09:57:05,200.0,10.35,B
2021-07-06T09:57:04,100.0,10.35,B
2021-07-06T09:57:04,2000.0,10.35,B
2021-07-06T09:57:04,500.0,10.35,B
2021-07-06T09:57:01,10000.0,10.35,B
2021-07-06T09:57:01,8000.0,10.35,B
2021-07-06T09:57:00,1000.0,10.35,B
2021-07-06T09:56:58,2000.0,10.35,B
2021-07-06T09:56:58,500.0,10.35,B
2021-07-06T09:56:57,3000.0,10.35,B
2021-07-06T09:56:57,2000.0,10.35,B
2021-07-06T09:56:56,1000.0,10.35,B
2021-07-06T09:56:54,100.0,10.35,B
2021-07-06T09:56:54,1100.0,10.35,B
2021-07-06T09:56:51,1000.0,10.35,B
2021-07-06T09:56:50,700.0,10.35,B
2021-07-06T09:56:49,2000.0,10.35,B
2021-07-06T09:56:46,2000.0,10.35,B
2021-07-06T09:56:46,1000.0,10.35,B
2021-07-06T09:56:44,1000.0,10.35,B
2021-07-06T09:56:43,200.0,10.35,B
2021-07-06T09:56:43,10000.0,10.35,B
2021-07-06T09:56:39,100.0,10.35,B
2021-07-06T09:56:38,600.0,10.35,B
2021-07-06T09:56:38,4700.0,10.35,B
2021-07-06T09:56:35,10000.0,10.35,B
2021-07-06T09:56:35,33700.0,10.35,S
2021-07-06T09:56:18,2600.0,10.35,B
2021-07-06T09:56:18,500.0,10.35,B
2021-07-06T09:56:17,500.0,10.35,B
2021-07-06T09:56:15,5000.0,10.35,B
2021-07-06T09:56:12,1000.0,10.35,B
2021-07-06T09:56:10,900.0,10.35,B
2021-07-06T09:56:10,2000.0,10.35,B
2021-07-06T09:56:09,100.0,10.35,B
2021-07-06T09:56:07,500.0,10.35,B
2021-07-06T09:56:06,800.0,10.35,S
2021-07-06T09:56:06,3000.0,10.35,S
2021-07-06T09:56:06,200.0,10.35,S
2021-07-06T09:56:06,4200.0,10.35,S
2021-07-06T09:56:06,3000.0,10.35,S
2021-07-06T09:56:06,3000.0,10.35,S
2021-07-06T09:56:06,2000.0,10.35,S
2021-07-06T09:56:06,23000.0,10.35,S
2021-07-06T09:56:06,5000.0,10.35,S
2021-07-06T09:56:06,5900.0,10.35,S
2021-07-06T09:56:06,200.0,10.35,S
2021-07-06T09:56:06,500.0,10.35,S
2021-07-06T09:56:06,1000.0,10.35,S
2021-07-06T09:56:06,4000.0,10.35,S
2021-07-06T09:56:06,25400.0,10.35,S
2021-07-06T09:56:06,3500.0,10.4,S
2021-07-06T09:55:42,400.0,11.0,B
2021-07-06T09:55:28,3300.0,10.35,B
2021-07-06T09:55:26,5000.0,10.35,B
2021-07-06T09:55:24,15000.0,10.35,B
2021-07-06T09:55:23,2000.0,10.35,B
2021-07-06T09:55:19,1000.0,10.35,B
2021-07-06T09:55:19,1000.0,10.35,B
2021-07-06T09:55:18,400.0,10.35,B
2021-07-06T09:55:16,100.0,10.35,B
2021-07-06T09:55:15,100.0,10.35,B
2021-07-06T09:55:15,5000.0,10.35,B
2021-07-06T09:55:14,500.0,10.35,B
2021-07-06T09:55:14,500.0,10.35,B
2021-07-06T09:55:14,200.0,10.35,B
2021-07-06T09:55:12,9900.0,10.35,B
2021-07-06T09:55:11,5000.0,10.35,B
2021-07-06T09:55:10,500.0,10.35,B
2021-07-06T09:55:09,1000.0,10.35,B
2021-07-06T09:55:07,10000.0,10.35,B
2021-07-06T09:55:06,500.0,10.35,B
2021-07-06T09:55:05,1000.0,10.35,B
2021-07-06T09:55:05,100000.0,10.35,B
2021-07-06T09:55:05,100.0,10.35,B
2021-07-06T09:55:03,100.0,10.35,B
2021-07-06T09:55:03,100.0,10.35,B
2021-07-06T09:55:03,500.0,10.35,B
2021-07-06T09:55:02,800.0,10.35,B
2021-07-06T09:55:00,1000.0,10.35,B
2021-07-06T09:54:58,100.0,10.35,B
2021-07-06T09:54:52,15000.0,10.35,B
2021-07-06T09:54:47,10000.0,10.35,B
2021-07-06T09:54:46,200.0,10.35,B
2021-07-06T09:54:45,500.0,10.35,B
2021-07-06T09:54:44,2000.0,10.35,B
2021-07-06T09:54:42,200.0,10.35,B
2021-07-06T09:54:40,1000.0,10.35,B
2021-07-06T09:54:38,300.0,10.35,B
2021-07-06T09:54:38,1300.0,10.35,B
2021-07-06T09:54:38,1000.0,10.35,B
2021-07-06T09:54:35,1000.0,10.35,B
2021-07-06T09:54:35,200.0,10.35,B
2021-07-06T09:54:35,1000.0,10.35,B
2021-07-06T09:54:34,300.0,10.35,B
2021-07-06T09:54:34,1400.0,10.35,B
2021-07-06T09:54:34,99900.0,10.35,S
2021-07-06T09:54:28,7300.0,10.35,S
2021-07-06T09:54:24,5000.0,10.35,B
2021-07-06T09:54:23,5000.0,10.35,B
2021-07-06T09:54:22,100.0,10.35,B
2021-07-06T09:54:21,400.0,10.35,B
2021-07-06T09:54:20,2000.0,10.35,B
2021-07-06T09:54:19,800.0,10.35,B
2021-07-06T09:54:19,4100.0,10.35,B
2021-07-06T09:54:19,300.0,10.35,B
2021-07-06T09:54:19,1000.0,10.35,B
2021-07-06T09:54:18,1300.0,10.35,B
2021-07-06T09:54:18,300.0,10.35,B
2021-07-06T09:54:17,3000.0,10.35,B
2021-07-06T09:54:13,1100.0,10.35,B
2021-07-06T09:54:12,1000.0,10.35,B
2021-07-06T09:54:12,100.0,10.35,B
2021-07-06T09:54:11,3600.0,10.35,S
2021-07-06T09:54:11,3000.0,10.35,S
2021-07-06T09:54:11,1000.0,10.35,S
2021-07-06T09:54:11,44500.0,10.35,S
2021-07-06T09:54:11,12700.0,10.35,S
2021-07-06T09:54:11,9000.0,10.35,S
2021-07-06T09:54:11,1000.0,10.35,S
2021-07-06T09:54:11,89600.0,10.35,S
2021-07-06T09:54:11,2800.0,10.4,S
2021-07-06T09:53:26,75600.0,10.35,B
2021-07-06T09:53:26,500.0,10.35,B
2021-07-06T09:53:25,700.0,10.35,B
2021-07-06T09:53:25,2300.0,10.35,B
2021-07-06T09:53:21,1000.0,10.35,B
2021-07-06T09:53:21,100.0,10.35,B
2021-07-06T09:53:19,1000.0,10.35,B
2021-07-06T09:53:17,2500.0,10.35,B
2021-07-06T09:53:16,3500.0,10.35,B
2021-07-06T09:53:14,400.0,10.35,B
2021-07-06T09:53:14,1000.0,10.35,B
2021-07-06T09:53:13,2000.0,10.35,B
2021-07-06T09:53:13,1000.0,10.35,B
2021-07-06T09:53:13,4000.0,10.35,B
2021-07-06T09:53:09,5000.0,10.35,B
2021-07-06T09:53:09,1000.0,10.35,S
2021-07-06T09:53:09,1500.0,10.35,S
2021-07-06T09:53:09,2000.0,10.35,S
2021-07-06T09:53:09,67000.0,10.35,S
2021-07-06T09:52:58,44400.0,10.35,B
2021-07-06T09:52:56,10000.0,10.35,B
2021-07-06T09:52:56,20100.0,10.35,B
2021-07-06T09:52:52,100.0,10.35,B
2021-07-06T09:52:50,100.0,10.35,B
2021-07-06T09:52:49,1000.0,10.35,B
2021-07-06T09:52:46,2100.0,10.35,B
2021-07-06T09:52:45,2000.0,10.35,B
2021-07-06T09:52:42,5000.0,10.35,B
2021-07-06T09:52:40,200.0,10.35,B
2021-07-06T09:52:39,200.0,10.35,B
2021-07-06T09:52:39,8000.0,10.35,B
2021-07-06T09:52:39,1000.0,10.35,B
2021-07-06T09:52:35,1000.0,10.35,B
2021-07-06T09:52:33,100.0,10.35,B
2021-07-06T09:52:26,1600.0,10.35,B
2021-07-06T09:52:25,3100.0,10.35,B
2021-07-06T09:52:20,30000.0,10.35,B
2021-07-06T09:52:17,5000.0,10.35,B
2021-07-06T09:52:13,1500.0,10.35,B
2021-07-06T09:52:08,100.0,10.4,S
2021-07-06T09:52:08,100.0,10.4,S
2021-07-06T09:52:08,800.0,10.5,S
2021-07-06T09:52:08,8300.0,10.5,S
2021-07-06T09:52:08,4200.0,10.8,S
2021-07-06T09:50:53,3200.0,11.0,S
2021-07-06T09:49:31,2100.0,11.0,B
2021-07-06T09:49:29,3300.0,11.0,B
2021-07-06T09:49:15,10000.0,11.0,B
2021-07-06T09:48:59,3700.0,11.0,S
2021-07-06T09:48:59,80900.0,11.1,S
2021-07-06T09:47:47,20900.0,11.3,B
2021-07-06T09:45:42,500.0,11.3,S
2021-07-06T09:45:38,10000.0,11.35,B
2021-07-06T09:44:00,2100.0,11.3,B
2021-07-06T09:43:49,1000.0,11.3,B
2021-07-06T09:43:18,100.0,11.3,B
2021-07-06T09:42:35,3000.0,11.3,B
2021-07-06T09:42:08,900.0,11.3,B
2021-07-06T09:41:54,400.0,11.3,B
2021-07-06T09:41:31,2500.0,11.3,S
2021-07-06T09:41:15,50000.0,11.3,S
2021-07-06T09:41:15,4000.0,11.4,B
2021-07-06T09:40:51,13500.0,11.4,S
2021-07-06T09:40:50,15000.0,11.4,S
2021-07-06T09:39:54,200.0,11.45,B
2021-07-06T09:39:48,6800.0,11.45,S
2021-07-06T09:39:37,4800.0,11.45,S
2021-07-06T09:39:07,100.0,11.45,S
2021-07-06T09:38:43,500.0,11.45,S
2021-07-06T09:37:57,7000.0,11.45,S
2021-07-06T09:37:52,100.0,11.5,B
2021-07-06T09:37:39,1000.0,11.45,S
2021-07-06T09:37:31,3100.0,11.45,B
2021-07-06T09:37:31,25500.0,11.45,B
2021-07-06T09:37:31,12100.0,11.45,B
2021-07-06T09:37:24,1000.0,11.4,S
2021-07-06T09:36:56,10500.0,11.4,B
2021-07-06T09:36:41,5000.0,11.4,B
2021-07-06T09:36:26,15000.0,11.4,B
2021-07-06T09:35:32,500.0,11.4,S
2021-07-06T09:35:30,500.0,11.4,B
2021-07-06T09:34:27,4200.0,11.45,B
2021-07-06T09:34:27,600.0,11.4,B
2021-07-06T09:34:27,2000.0,11.4,B
2021-07-06T09:34:27,13200.0,11.4,B
2021-07-06T09:34:24,2600.0,11.4,B
2021-07-06T09:33:43,4200.0,11.4,S
2021-07-06T09:33:22,15800.0,11.4,B
2021-07-06T09:32:51,3700.0,11.35,B
2021-07-06T09:32:37,6300.0,11.35,B
2021-07-06T09:32:21,100.0,11.3,S
2021-07-06T09:31:34,900.0,11.3,S
2021-07-06T09:28:52,1000.0,11.3,S
2021-07-06T09:28:44,35000.0,11.3,S
2021-07-06T09:28:42,9500.0,11.35,B
2021-07-06T09:28:25,500.0,11.35,S
2021-07-06T09:28:00,15000.0,11.35,S
2021-07-06T09:27:33,1700.0,11.4,S
2021-07-06T09:27:26,1500.0,11.4,S
2021-07-06T09:27:21,500.0,11.4,S
2021-07-06T09:27:19,500.0,11.4,S
2021-07-06T09:27:06,800.0,11.4,S
2021-07-06T09:27:04,200.0,11.4,B
2021-07-06T09:26:00,1000.0,11.3,S
2021-07-06T09:25:51,16800.0,11.3,S
2021-07-06T09:25:51,3500.0,11.35,S
2021-07-06T09:25:44,800.0,11.4,S
2021-07-06T09:25:24,1000.0,11.4,B
2021-07-06T09:25:24,13800.0,11.4,B
2021-07-06T09:25:00,5000.0,11.4,B
2021-07-06T09:24:45,1300.0,11.4,S
2021-07-06T09:24:37,10000.0,11.4,S
2021-07-06T09:24:34,1000.0,11.45,B
2021-07-06T09:24:28,1000.0,11.4,S
2021-07-06T09:24:24,8000.0,11.4,B
2021-07-06T09:24:20,5000.0,11.4,B
2021-07-06T09:24:13,1900.0,11.35,S
2021-07-06T09:24:11,8000.0,11.35,S
2021-07-06T09:24:09,7400.0,11.4,B
2021-07-06T09:24:09,2600.0,11.4,B
2021-07-06T09:23:45,4000.0,11.4,B
2021-07-06T09:23:34,10000.0,11.4,B
2021-07-06T09:23:27,8000.0,11.35,B
2021-07-06T09:22:58,14500.0,11.3,B
2021-07-06T09:22:58,1000.0,11.25,S
2021-07-06T09:22:37,1800.0,11.25,S
2021-07-06T09:22:05,200.0,11.25,S
2021-07-06T09:21:30,1800.0,11.25,B
2021-07-06T09:21:08,1000.0,11.25,B
2021-07-06T09:21:08,2000.0,11.25,B
2021-07-06T09:20:44,2000.0,11.25,B
2021-07-06T09:20:30,500.0,11.25,B
2021-07-06T09:20:26,500.0,11.25,B
2021-07-06T09:20:22,3000.0,11.25,S
2021-07-06T09:20:22,4200.0,11.25,S
2021-07-06T09:20:22,10000.0,11.25,S
2021-07-06T09:19:26,1700.0,11.3,S
2021-07-06T09:19:16,2000.0,11.35,B
2021-07-06T09:19:12,10000.0,11.3,S
2021-07-06T09:19:11,500.0,11.35,B
2021-07-06T09:18:53,3000.0,11.35,B
2021-07-06T09:18:22,9200.0,11.3,B
2021-07-06T09:18:12,100.0,11.25,B
2021-07-06T09:17:55,3000.0,11.3,B
2021-07-06T09:17:44,4000.0,11.25,B
2021-07-06T09:17:30,2000.0,11.25,S
2021-07-06T09:17:30,3300.0,11.25,S
2021-07-06T09:17:25,1200.0,11.3,B
2021-07-06T09:16:57,1700.0,11.25,B
2021-07-06T09:16:42,1000.0,11.25,B
2021-07-06T09:16:16,5000.0,11.25,B
2021-07-06T09:16:09,200.0,11.25,S
2021-07-06T09:16:09,2000.0,11.25,S
2021-07-06T09:16:09,1000.0,11.25,S
2021-07-06T09:16:09,1200.0,11.25,S
2021-07-06T09:16:03,300.0,11.3,B
2021-07-06T09:15:13,1000.0,11.2,S
