tradingTime,volume,price,side
2021-07-06T13:23:14,2000.0,111.6,S
2021-07-06T13:23:02,1500.0,111.6,S
2021-07-06T13:23:00,100.0,111.7,B
2021-07-06T13:22:52,100.0,111.6,S
2021-07-06T13:22:38,100.0,111.7,B
2021-07-06T13:22:03,100.0,111.7,B
2021-07-06T13:21:52,100.0,111.7,B
2021-07-06T13:21:46,800.0,111.7,B
2021-07-06T13:21:30,100.0,111.7,B
2021-07-06T13:21:09,3500.0,111.7,B
2021-07-06T13:21:09,100.0,111.7,B
2021-07-06T13:21:09,2300.0,111.7,B
2021-07-06T13:20:57,100.0,111.7,B
2021-07-06T13:20:46,500.0,111.7,B
2021-07-06T13:20:45,800.0,111.6,S
2021-07-06T13:20:45,200.0,111.7,B
2021-07-06T13:20:25,100.0,111.7,B
2021-07-06T13:20:12,1000.0,111.7,B
2021-07-06T13:19:52,100.0,111.7,B
2021-07-06T13:19:37,100.0,111.7,B
2021-07-06T13:19:22,1000.0,111.7,B
2021-07-06T13:19:19,100.0,111.7,B
2021-07-06T13:19:15,1000.0,111.7,B
2021-07-06T13:19:12,100.0,111.7,B
2021-07-06T13:18:46,100.0,111.7,B
2021-07-06T13:18:31,100.0,111.7,B
2021-07-06T13:18:13,1500.0,111.7,B
2021-07-06T13:18:13,500.0,111.7,B
2021-07-06T13:18:13,500.0,111.7,B
2021-07-06T13:18:13,100.0,111.7,B
2021-07-06T13:17:39,100.0,111.7,B
2021-07-06T13:17:24,100.0,111.7,B
2021-07-06T13:17:23,700.0,111.6,S
2021-07-06T13:16:57,100.0,111.6,S
2021-07-06T13:16:42,300.0,111.6,S
2021-07-06T13:16:16,100.0,111.6,S
2021-07-06T13:16:14,100.0,111.6,B
2021-07-06T13:16:14,200.0,111.6,S
2021-07-06T13:16:12,1000.0,111.6,S
2021-07-06T13:16:05,400.0,111.7,B
2021-07-06T13:15:44,1000.0,111.6,S
2021-07-06T13:15:25,100.0,111.6,S
2021-07-06T13:15:21,600.0,111.6,S
2021-07-06T13:15:10,100.0,111.7,B
2021-07-06T13:15:06,5000.0,111.6,S
2021-07-06T13:15:01,600.0,111.6,S
2021-07-06T13:15:00,600.0,111.7,B
2021-07-06T13:14:38,300.0,111.6,S
2021-07-06T13:14:28,3000.0,111.6,S
2021-07-06T13:14:04,300.0,111.6,S
2021-07-06T13:14:02,100.0,111.7,B
2021-07-06T13:13:48,200.0,111.6,S
2021-07-06T13:13:23,300.0,111.6,S
2021-07-06T13:13:19,2000.0,111.6,B
2021-07-06T13:13:14,100.0,111.6,B
2021-07-06T13:12:53,100.0,111.6,B
2021-07-06T13:12:41,100.0,111.6,B
2021-07-06T13:12:35,100.0,111.6,B
2021-07-06T13:12:34,300.0,111.5,S
2021-07-06T13:12:10,200.0,111.5,S
2021-07-06T13:12:08,100.0,111.6,B
2021-07-06T13:12:04,900.0,111.6,B
2021-07-06T13:11:53,900.0,111.6,B
2021-07-06T13:11:53,100.0,111.5,S
2021-07-06T13:11:48,1000.0,111.5,S
2021-07-06T13:11:48,100.0,111.6,B
2021-07-06T13:11:46,500.0,111.6,B
2021-07-06T13:11:44,3600.0,111.6,B
2021-07-06T13:11:44,200.0,111.5,S
2021-07-06T13:11:38,100.0,111.6,B
2021-07-06T13:11:35,100.0,111.6,B
2021-07-06T13:11:34,100.0,111.6,B
2021-07-06T13:11:28,1500.0,111.6,B
2021-07-06T13:11:22,1000.0,111.6,B
2021-07-06T13:11:18,2300.0,111.6,B
2021-07-06T13:11:18,200.0,111.5,S
2021-07-06T13:11:15,1300.0,111.6,B
2021-07-06T13:11:11,1400.0,111.6,B
2021-07-06T13:11:10,500.0,111.6,B
2021-07-06T13:11:05,1300.0,111.6,B
2021-07-06T13:11:05,1300.0,111.6,B
2021-07-06T13:11:04,1000.0,111.6,B
2021-07-06T13:11:01,100.0,111.6,B
2021-07-06T13:11:00,1100.0,111.6,B
2021-07-06T13:10:59,200.0,111.5,S
2021-07-06T13:10:57,900.0,111.5,S
2021-07-06T13:10:55,500.0,111.6,B
2021-07-06T13:10:55,1700.0,111.5,S
2021-07-06T13:10:54,300.0,111.5,S
2021-07-06T13:10:54,1300.0,111.6,B
2021-07-06T13:10:53,1100.0,111.6,B
2021-07-06T13:10:41,1400.0,111.6,B
2021-07-06T13:10:41,100.0,111.6,B
2021-07-06T13:10:40,1300.0,111.6,B
2021-07-06T13:10:37,1200.0,111.6,B
2021-07-06T13:10:29,100.0,111.6,B
2021-07-06T13:10:24,1300.0,111.6,B
2021-07-06T13:10:19,1300.0,111.6,B
2021-07-06T13:10:00,1300.0,111.6,B
2021-07-06T13:09:57,300.0,111.7,B
2021-07-06T13:09:57,1000.0,111.7,B
2021-07-06T13:09:56,100.0,111.7,B
2021-07-06T13:09:46,1300.0,111.7,B
2021-07-06T13:09:33,100.0,111.7,B
2021-07-06T13:09:24,2000.0,111.7,B
2021-07-06T13:08:57,200.0,111.5,S
2021-07-06T13:08:47,700.0,111.5,S
2021-07-06T13:08:47,1100.0,111.7,B
2021-07-06T13:08:27,100.0,111.7,B
2021-07-06T13:08:16,100.0,111.7,B
2021-07-06T13:08:08,200.0,111.7,B
2021-07-06T13:08:08,600.0,111.7,B
2021-07-06T13:08:08,200.0,111.7,B
2021-07-06T13:08:02,10000.0,111.5,S
2021-07-06T13:07:43,100.0,111.7,B
2021-07-06T13:07:23,900.0,111.7,B
2021-07-06T13:07:23,400.0,111.7,B
2021-07-06T13:07:23,700.0,111.7,B
2021-07-06T13:07:21,300.0,111.6,S
2021-07-06T13:07:21,500.0,111.6,S
2021-07-06T13:07:18,100.0,111.7,B
2021-07-06T13:06:46,800.0,111.6,S
2021-07-06T13:06:40,2300.0,111.6,S
2021-07-06T13:06:35,800.0,111.6,S
2021-07-06T13:06:29,700.0,111.6,S
2021-07-06T13:06:29,100.0,111.6,S
2021-07-06T13:06:27,1200.0,111.6,S
2021-07-06T13:06:12,100.0,111.7,B
2021-07-06T13:05:28,1400.0,111.6,S
2021-07-06T13:05:28,600.0,111.6,S
2021-07-06T13:05:05,100.0,111.7,B
2021-07-06T13:04:52,200.0,111.6,S
2021-07-06T13:04:37,2000.0,111.6,S
2021-07-06T13:04:23,2400.0,111.6,S
2021-07-06T13:04:23,600.0,111.6,S
2021-07-06T13:03:57,100.0,111.7,B
2021-07-06T13:03:56,100.0,111.7,B
2021-07-06T13:03:51,100.0,111.7,B
2021-07-06T13:03:17,100.0,111.7,B
2021-07-06T13:02:51,100.0,111.7,B
2021-07-06T13:02:44,100.0,111.7,B
2021-07-06T13:02:27,100.0,111.7,B
2021-07-06T13:01:46,100.0,111.5,S
2021-07-06T13:01:45,700.0,111.6,S
2021-07-06T13:01:44,1000.0,111.7,B
2021-07-06T13:01:44,100.0,111.7,B
2021-07-06T13:01:38,100.0,111.7,B
2021-07-06T13:01:07,100.0,111.7,B
2021-07-06T13:00:52,300.0,111.7,B
2021-07-06T13:00:35,100.0,111.7,B
2021-07-06T13:00:32,100.0,111.7,B
2021-07-06T13:00:26,300.0,111.7,B
2021-07-06T13:00:26,100.0,111.7,B
2021-07-06T13:00:20,100.0,111.7,B
2021-07-06T13:00:08,100.0,111.7,B
2021-07-06T13:00:07,300.0,111.7,B
2021-07-06T13:00:03,100.0,111.7,B
2021-07-06T13:00:02,2300.0,111.6,S
2021-07-06T13:00:02,5700.0,111.6,S
2021-07-06T11:29:59,100.0,111.7,B
2021-07-06T11:29:29,100.0,111.7,B
2021-07-06T11:29:08,200.0,111.6,S
2021-07-06T11:28:55,500.0,111.6,S
2021-07-06T11:28:55,1100.0,111.6,S
2021-07-06T11:28:54,400.0,111.6,S
2021-07-06T11:28:46,200.0,111.6,S
2021-07-06T11:28:22,100.0,111.7,B
2021-07-06T11:28:20,100.0,111.7,B
2021-07-06T11:28:03,100.0,111.7,S
2021-07-06T11:27:47,100.0,111.8,B
2021-07-06T11:27:15,100.0,111.8,B
2021-07-06T11:26:57,200.0,111.7,B
2021-07-06T11:26:57,200.0,111.7,B
2021-07-06T11:26:41,100.0,111.7,B
2021-07-06T11:26:27,700.0,111.7,B
2021-07-06T11:26:22,100.0,111.6,S
2021-07-06T11:26:17,100.0,111.7,B
2021-07-06T11:26:10,100.0,111.6,S
2021-07-06T11:26:07,100.0,111.7,B
2021-07-06T11:26:07,100.0,111.7,B
2021-07-06T11:25:59,100.0,111.7,S
2021-07-06T11:25:38,200.0,111.7,S
2021-07-06T11:25:29,100.0,111.7,S
2021-07-06T11:25:25,700.0,111.7,B
2021-07-06T11:25:16,100.0,111.6,S
2021-07-06T11:25:16,500.0,111.6,S
2021-07-06T11:25:07,100.0,111.7,S
2021-07-06T11:25:01,100.0,111.8,B
2021-07-06T11:24:47,100.0,111.7,S
2021-07-06T11:23:54,100.0,111.7,B
2021-07-06T11:23:54,100.0,111.7,B
2021-07-06T11:23:20,400.0,111.6,S
2021-07-06T11:22:49,100.0,111.7,B
2021-07-06T11:22:46,100.0,111.7,B
2021-07-06T11:22:15,100.0,111.7,B
2021-07-06T11:21:42,100.0,111.7,B
2021-07-06T11:21:40,100.0,111.7,B
2021-07-06T11:21:07,1100.0,111.6,S
2021-07-06T11:21:07,200.0,111.6,S
2021-07-06T11:21:07,1200.0,111.6,S
2021-07-06T11:21:07,1500.0,111.7,S
2021-07-06T11:21:07,500.0,111.8,B
2021-07-06T11:20:55,200.0,111.7,S
2021-07-06T11:20:53,200.0,111.7,S
2021-07-06T11:20:33,1000.0,111.7,S
2021-07-06T11:20:32,100.0,111.8,B
2021-07-06T11:20:29,100.0,111.8,B
2021-07-06T11:19:46,200.0,111.7,S
2021-07-06T11:19:32,400.0,111.7,S
2021-07-06T11:19:32,100.0,111.7,S
2021-07-06T11:19:31,100.0,111.8,B
2021-07-06T11:19:24,100.0,111.8,B
2021-07-06T11:19:13,100.0,111.8,B
2021-07-06T11:18:57,100.0,111.8,B
2021-07-06T11:18:54,100.0,111.8,B
2021-07-06T11:18:38,100.0,111.8,B
2021-07-06T11:18:27,1200.0,111.8,B
2021-07-06T11:18:25,100.0,111.8,B
2021-07-06T11:18:18,100.0,111.8,B
2021-07-06T11:17:39,200.0,111.7,S
2021-07-06T11:17:35,100.0,111.7,B
2021-07-06T11:17:35,2900.0,111.7,B
2021-07-06T11:17:28,500.0,111.7,B
2021-07-06T11:17:17,100.0,111.7,B
2021-07-06T11:17:12,200.0,111.7,B
2021-07-06T11:16:44,100.0,111.7,B
2021-07-06T11:16:11,100.0,111.7,B
2021-07-06T11:16:04,200.0,111.7,B
2021-07-06T11:15:57,100.0,111.7,B
2021-07-06T11:15:56,100.0,111.7,B
2021-07-06T11:15:52,1000.0,111.7,B
2021-07-06T11:15:41,500.0,111.7,B
2021-07-06T11:15:37,100.0,111.7,B
2021-07-06T11:15:05,100.0,111.7,B
2021-07-06T11:15:03,100.0,111.7,B
2021-07-06T11:15:03,100.0,111.7,B
2021-07-06T11:14:45,400.0,111.6,S
2021-07-06T11:14:21,600.0,111.6,S
2021-07-06T11:14:13,2400.0,111.6,S
2021-07-06T11:13:42,600.0,111.6,S
2021-07-06T11:13:21,100.0,111.6,S
2021-07-06T11:13:20,200.0,111.7,B
2021-07-06T11:12:10,900.0,111.6,S
2021-07-06T11:11:45,100.0,111.5,S
2021-07-06T11:11:22,300.0,111.6,B
2021-07-06T11:11:13,500.0,111.6,B
2021-07-06T11:11:13,900.0,111.6,B
2021-07-06T11:11:13,800.0,111.6,B
2021-07-06T11:11:13,100.0,111.6,B
2021-07-06T11:11:00,100.0,111.6,B
2021-07-06T11:10:55,100.0,111.6,B
2021-07-06T11:10:40,100.0,111.6,B
2021-07-06T11:10:32,5000.0,111.6,B
2021-07-06T11:10:27,100.0,111.6,B
2021-07-06T11:10:18,2000.0,111.5,S
2021-07-06T11:10:12,600.0,111.6,B
2021-07-06T11:10:02,400.0,111.5,B
2021-07-06T11:10:02,300.0,111.5,B
2021-07-06T11:09:34,100.0,111.5,B
2021-07-06T11:09:29,600.0,111.5,S
2021-07-06T11:09:20,100.0,111.6,B
2021-07-06T11:08:25,100.0,111.5,S
2021-07-06T11:08:13,100.0,111.5,B
2021-07-06T11:08:05,3000.0,111.5,B
2021-07-06T11:07:54,500.0,111.4,S
2021-07-06T11:07:53,100.0,111.4,S
2021-07-06T11:07:45,100.0,111.5,B
2021-07-06T11:07:37,100.0,111.5,B
2021-07-06T11:07:21,100.0,111.5,B
2021-07-06T11:07:12,700.0,111.5,B
2021-07-06T11:07:06,100.0,111.5,B
2021-07-06T11:06:48,100.0,111.5,B
2021-07-06T11:06:29,1500.0,111.5,S
2021-07-06T11:06:06,500.0,111.5,B
2021-07-06T11:05:58,100.0,111.5,B
2021-07-06T11:05:51,300.0,111.5,B
2021-07-06T11:05:47,100.0,111.5,S
2021-07-06T11:05:30,3500.0,111.5,S
2021-07-06T11:05:30,1500.0,111.5,S
2021-07-06T11:05:09,100.0,111.6,B
2021-07-06T11:04:52,100.0,111.6,B
2021-07-06T11:04:48,3000.0,111.5,S
2021-07-06T11:04:28,100.0,111.5,S
2021-07-06T11:04:20,300.0,111.5,S
2021-07-06T11:04:02,700.0,111.5,B
2021-07-06T11:03:45,100.0,111.5,B
2021-07-06T11:03:37,600.0,111.5,S
2021-07-06T11:03:37,400.0,111.5,S
2021-07-06T11:03:37,2500.0,111.5,S
2021-07-06T11:03:37,2100.0,111.5,S
2021-07-06T11:03:37,100.0,111.5,S
2021-07-06T11:03:37,3500.0,111.5,S
2021-07-06T11:03:27,100.0,111.6,B
2021-07-06T11:03:22,100.0,111.6,B
2021-07-06T11:03:03,900.0,111.5,S
2021-07-06T11:02:46,1500.0,111.5,S
2021-07-06T11:02:39,200.0,111.6,B
2021-07-06T11:02:37,100.0,111.6,B
2021-07-06T11:02:23,100.0,111.6,B
2021-07-06T11:02:04,500.0,111.6,B
2021-07-06T11:01:51,100.0,111.6,B
2021-07-06T11:01:30,100.0,111.6,B
2021-07-06T11:01:16,100.0,111.6,B
2021-07-06T11:01:12,300.0,111.6,B
2021-07-06T11:00:44,700.0,111.6,B
2021-07-06T11:00:44,100.0,111.6,B
2021-07-06T11:00:23,100.0,111.6,B
2021-07-06T11:00:10,100.0,111.6,B
2021-07-06T10:59:37,100.0,111.6,B
2021-07-06T10:59:36,200.0,111.6,B
2021-07-06T10:59:31,500.0,111.6,S
2021-07-06T10:59:24,100.0,111.6,S
2021-07-06T10:59:16,100.0,111.7,B
2021-07-06T10:58:21,1400.0,111.6,B
2021-07-06T10:58:21,3200.0,111.6,B
2021-07-06T10:58:09,100.0,111.6,B
2021-07-06T10:57:58,100.0,111.6,B
2021-07-06T10:57:36,200.0,111.6,B
2021-07-06T10:57:28,100.0,111.6,B
2021-07-06T10:57:26,100.0,111.6,B
2021-07-06T10:57:02,100.0,111.6,B
2021-07-06T10:56:14,1000.0,111.5,S
2021-07-06T10:56:05,100.0,111.5,S
2021-07-06T10:55:54,100.0,111.6,B
2021-07-06T10:55:45,100.0,111.6,B
2021-07-06T10:55:43,100.0,111.6,B
2021-07-06T10:54:50,100.0,111.5,S
2021-07-06T10:54:47,100.0,111.6,B
2021-07-06T10:54:39,100.0,111.6,B
2021-07-06T10:54:06,100.0,111.6,B
2021-07-06T10:53:54,4000.0,111.6,B
2021-07-06T10:53:47,200.0,111.6,B
2021-07-06T10:53:40,100.0,111.6,B
2021-07-06T10:53:33,100.0,111.6,B
2021-07-06T10:53:15,100.0,111.6,B
2021-07-06T10:53:11,3200.0,111.5,S
2021-07-06T10:53:00,100.0,111.6,B
2021-07-06T10:52:33,100.0,111.6,B
2021-07-06T10:52:27,100.0,111.6,B
2021-07-06T10:52:01,300.0,111.6,B
2021-07-06T10:51:52,100.0,111.6,B
2021-07-06T10:51:48,100.0,111.6,B
2021-07-06T10:51:30,500.0,111.6,B
2021-07-06T10:51:26,100.0,111.6,B
2021-07-06T10:51:24,1200.0,111.6,B
2021-07-06T10:51:22,200.0,111.6,B
2021-07-06T10:51:21,100.0,111.6,B
2021-07-06T10:51:14,800.0,111.6,B
2021-07-06T10:51:11,700.0,111.5,S
2021-07-06T10:51:11,100.0,111.5,S
2021-07-06T10:50:47,100.0,111.6,B
2021-07-06T10:50:38,4400.0,111.6,S
2021-07-06T10:50:28,1500.0,111.6,S
2021-07-06T10:50:26,1300.0,111.6,S
2021-07-06T10:50:19,100.0,111.7,B
2021-07-06T10:50:14,100.0,111.7,B
2021-07-06T10:49:49,100.0,111.7,B
2021-07-06T10:49:41,100.0,111.7,B
2021-07-06T10:49:41,100.0,111.7,B
2021-07-06T10:49:22,1100.0,111.7,S
2021-07-06T10:49:22,100.0,111.7,S
2021-07-06T10:49:11,100.0,111.8,B
2021-07-06T10:48:44,100.0,111.7,S
2021-07-06T10:48:44,2900.0,111.7,S
2021-07-06T10:48:44,500.0,111.7,S
2021-07-06T10:48:44,1600.0,111.7,S
2021-07-06T10:48:44,100.0,111.7,S
2021-07-06T10:48:44,800.0,111.7,S
2021-07-06T10:48:18,300.0,111.7,S
2021-07-06T10:48:04,100.0,111.8,B
2021-07-06T10:48:04,100.0,111.8,B
2021-07-06T10:47:36,100.0,111.7,S
2021-07-06T10:47:35,100.0,111.7,S
2021-07-06T10:47:31,200.0,111.8,B
2021-07-06T10:47:28,100.0,111.8,B
2021-07-06T10:47:22,3000.0,111.8,B
2021-07-06T10:46:58,100.0,111.8,B
2021-07-06T10:46:49,500.0,111.7,S
2021-07-06T10:46:22,100.0,111.8,B
2021-07-06T10:46:01,100.0,111.8,B
2021-07-06T10:45:53,900.0,111.7,S
2021-07-06T10:45:50,100.0,111.8,B
2021-07-06T10:45:49,100.0,111.8,B
2021-07-06T10:45:22,500.0,111.8,B
2021-07-06T10:44:50,600.0,111.7,S
2021-07-06T10:44:50,500.0,111.8,B
2021-07-06T10:44:42,100.0,111.8,B
2021-07-06T10:44:39,100.0,111.7,S
2021-07-06T10:44:29,100.0,111.8,B
2021-07-06T10:44:15,900.0,111.8,B
2021-07-06T10:44:11,100.0,111.8,S
2021-07-06T10:44:10,100.0,111.9,B
2021-07-06T10:44:08,700.0,111.9,B
2021-07-06T10:43:48,4500.0,111.8,B
2021-07-06T10:43:42,700.0,111.8,B
2021-07-06T10:43:42,200.0,111.8,B
2021-07-06T10:43:42,4100.0,111.8,B
2021-07-06T10:43:39,500.0,111.7,S
2021-07-06T10:43:37,100.0,111.8,B
2021-07-06T10:43:36,100.0,111.8,B
2021-07-06T10:43:27,4900.0,111.7,S
2021-07-06T10:43:26,300.0,111.8,B
2021-07-06T10:43:10,100.0,111.7,B
2021-07-06T10:43:05,200.0,111.7,S
2021-07-06T10:43:02,100.0,111.8,B
2021-07-06T10:42:48,100.0,111.8,B
2021-07-06T10:42:44,400.0,111.8,B
2021-07-06T10:42:34,1000.0,111.8,B
2021-07-06T10:42:30,100.0,111.8,B
2021-07-06T10:42:28,100.0,111.8,B
2021-07-06T10:42:23,100.0,111.7,S
2021-07-06T10:42:06,100.0,111.8,B
2021-07-06T10:41:57,100.0,111.8,B
2021-07-06T10:41:56,1900.0,111.8,B
2021-07-06T10:41:26,100.0,111.8,B
2021-07-06T10:41:21,100.0,111.8,B
2021-07-06T10:40:51,100.0,111.8,B
2021-07-06T10:40:28,1000.0,111.8,B
2021-07-06T10:40:26,100.0,111.8,B
2021-07-06T10:40:18,100.0,111.8,B
2021-07-06T10:40:14,100.0,111.8,B
2021-07-06T10:39:57,600.0,111.8,B
2021-07-06T10:39:45,100.0,111.8,B
2021-07-06T10:39:12,100.0,111.8,B
2021-07-06T10:39:07,100.0,111.8,B
2021-07-06T10:38:38,100.0,111.8,B
2021-07-06T10:38:25,100.0,111.8,B
2021-07-06T10:38:14,600.0,111.8,S
2021-07-06T10:38:13,900.0,111.9,B
2021-07-06T10:38:05,100.0,111.9,B
2021-07-06T10:38:00,100.0,111.9,B
2021-07-06T10:37:45,2000.0,111.8,S
2021-07-06T10:37:24,1000.0,111.8,S
2021-07-06T10:37:13,100.0,111.8,S
2021-07-06T10:37:02,500.0,111.9,B
2021-07-06T10:37:02,1400.0,111.9,B
2021-07-06T10:36:59,100.0,111.9,B
2021-07-06T10:36:53,100.0,111.9,B
2021-07-06T10:36:41,300.0,111.8,S
2021-07-06T10:36:26,100.0,111.9,B
2021-07-06T10:36:01,500.0,111.9,B
2021-07-06T10:35:53,100.0,111.9,B
2021-07-06T10:35:48,1300.0,111.9,B
2021-07-06T10:35:46,100.0,111.9,B
2021-07-06T10:35:34,200.0,111.9,B
2021-07-06T10:35:19,100.0,111.9,B
2021-07-06T10:34:46,100.0,111.9,B
2021-07-06T10:34:39,100.0,111.9,B
2021-07-06T10:34:37,100.0,111.8,S
2021-07-06T10:33:50,900.0,111.8,B
2021-07-06T10:33:40,100.0,111.8,B
2021-07-06T10:33:31,100.0,111.8,B
2021-07-06T10:33:29,500.0,111.8,B
2021-07-06T10:33:08,100.0,111.8,B
2021-07-06T10:32:47,100.0,111.8,B
2021-07-06T10:32:42,600.0,111.8,B
2021-07-06T10:32:34,100.0,111.8,B
2021-07-06T10:32:24,100.0,111.8,B
2021-07-06T10:32:03,100.0,111.8,B
2021-07-06T10:31:53,1000.0,111.5,S
2021-07-06T10:31:50,100.0,111.6,B
2021-07-06T10:31:46,1000.0,111.5,S
2021-07-06T10:31:25,100.0,111.5,S
2021-07-06T10:31:17,100.0,111.6,S
2021-07-06T10:31:16,3000.0,111.5,B
2021-07-06T10:30:57,1000.0,111.5,B
2021-07-06T10:30:55,100.0,111.4,B
2021-07-06T10:30:21,100.0,111.5,B
2021-07-06T10:30:10,100.0,111.5,B
2021-07-06T10:29:48,100.0,111.5,B
2021-07-06T10:29:15,100.0,111.5,B
2021-07-06T10:29:03,100.0,111.5,B
2021-07-06T10:28:42,100.0,111.5,B
2021-07-06T10:28:36,100.0,111.5,B
2021-07-06T10:28:09,100.0,111.5,B
2021-07-06T10:27:56,100.0,111.5,B
2021-07-06T10:27:46,4600.0,111.5,B
2021-07-06T10:27:46,2000.0,111.5,B
2021-07-06T10:27:46,1600.0,111.5,B
2021-07-06T10:27:46,1400.0,111.3,B
2021-07-06T10:27:46,400.0,111.3,B
2021-07-06T10:27:36,100.0,111.3,B
2021-07-06T10:27:15,100.0,111.3,B
2021-07-06T10:27:03,100.0,111.3,B
2021-07-06T10:26:47,100.0,111.3,B
2021-07-06T10:26:31,4000.0,111.3,B
2021-07-06T10:26:30,400.0,111.1,S
2021-07-06T10:26:30,100.0,111.3,B
2021-07-06T10:26:15,500.0,111.3,B
2021-07-06T10:25:57,1000.0,111.3,B
2021-07-06T10:25:55,100.0,111.3,B
2021-07-06T10:25:40,100.0,111.3,B
2021-07-06T10:25:29,2000.0,111.3,B
2021-07-06T10:25:26,500.0,111.3,B
2021-07-06T10:25:23,100.0,111.3,B
2021-07-06T10:25:12,600.0,111.3,S
2021-07-06T10:25:08,100.0,111.5,B
2021-07-06T10:24:48,100.0,111.3,S
2021-07-06T10:24:48,100.0,111.3,S
2021-07-06T10:24:47,300.0,111.5,B
2021-07-06T10:24:34,100.0,111.5,B
2021-07-06T10:24:17,100.0,111.5,B
2021-07-06T10:24:11,800.0,111.5,S
2021-07-06T10:24:10,1000.0,111.5,S
2021-07-06T10:23:54,500.0,111.6,B
2021-07-06T10:23:45,1000.0,111.6,S
2021-07-06T10:23:44,100.0,111.9,B
2021-07-06T10:23:27,100.0,111.9,B
2021-07-06T10:23:07,100.0,111.5,S
2021-07-06T10:22:40,300.0,111.9,B
2021-07-06T10:22:36,1000.0,111.5,S
2021-07-06T10:22:36,100.0,111.9,B
2021-07-06T10:22:35,100.0,111.9,B
2021-07-06T10:22:33,800.0,111.9,S
2021-07-06T10:22:27,100.0,111.9,S
2021-07-06T10:22:19,100.0,112.0,B
2021-07-06T10:22:17,100.0,111.9,B
2021-07-06T10:22:05,100.0,111.9,B
2021-07-06T10:21:42,3000.0,112.0,B
2021-07-06T10:21:37,2000.0,111.5,S
2021-07-06T10:21:31,100.0,112.0,B
2021-07-06T10:21:24,300.0,112.0,B
2021-07-06T10:21:24,1700.0,112.0,B
2021-07-06T10:21:22,400.0,111.7,S
2021-07-06T10:21:22,1400.0,111.7,S
2021-07-06T10:21:22,200.0,111.8,S
2021-07-06T10:21:13,100.0,111.9,B
2021-07-06T10:21:06,100.0,111.8,S
2021-07-06T10:20:58,100.0,112.0,B
2021-07-06T10:20:39,500.0,112.0,B
2021-07-06T10:20:34,1400.0,112.0,B
2021-07-06T10:20:34,200.0,112.0,B
2021-07-06T10:20:34,300.0,112.0,B
2021-07-06T10:20:34,600.0,112.0,B
2021-07-06T10:20:34,1500.0,112.0,B
2021-07-06T10:20:34,200.0,112.0,B
2021-07-06T10:20:34,500.0,112.0,B
2021-07-06T10:20:34,2000.0,112.0,B
2021-07-06T10:20:24,100.0,112.0,B
2021-07-06T10:20:07,100.0,112.0,B
2021-07-06T10:20:04,100.0,112.0,B
2021-07-06T10:20:04,300.0,112.0,B
2021-07-06T10:19:40,200.0,111.7,S
2021-07-06T10:19:39,1000.0,111.8,B
2021-07-06T10:19:19,300.0,111.7,S
2021-07-06T10:19:19,400.0,111.7,S
2021-07-06T10:19:15,200.0,111.6,S
2021-07-06T10:19:01,200.0,111.6,S
2021-07-06T10:19:01,1000.0,111.6,B
2021-07-06T10:19:01,1900.0,111.6,B
2021-07-06T10:19:01,100.0,111.6,B
2021-07-06T10:19:00,1100.0,111.5,S
2021-07-06T10:18:54,900.0,111.5,S
2021-07-06T10:18:49,1800.0,111.6,B
2021-07-06T10:18:49,1000.0,111.6,B
2021-07-06T10:18:49,800.0,111.6,B
2021-07-06T10:18:49,200.0,111.6,B
2021-07-06T10:18:41,500.0,111.5,B
2021-07-06T10:18:41,400.0,111.5,B
2021-07-06T10:18:41,4800.0,111.5,B
2021-07-06T10:18:30,4000.0,111.5,B
2021-07-06T10:18:24,200.0,111.5,B
2021-07-06T10:17:51,100.0,111.3,S
2021-07-06T10:17:43,600.0,111.0,B
2021-07-06T10:17:40,1600.0,111.0,B
2021-07-06T10:17:40,800.0,111.0,B
2021-07-06T10:17:40,600.0,111.0,B
2021-07-06T10:17:40,100.0,111.0,B
2021-07-06T10:17:38,3000.0,111.0,B
2021-07-06T10:17:35,3000.0,111.0,B
2021-07-06T10:17:33,3000.0,111.0,B
2021-07-06T10:17:29,3000.0,111.0,B
2021-07-06T10:17:29,100.0,111.0,B
2021-07-06T10:17:28,500.0,111.0,B
2021-07-06T10:17:24,300.0,110.9,B
2021-07-06T10:17:13,5900.0,110.8,B
2021-07-06T10:17:13,3000.0,110.8,B
2021-07-06T10:17:13,100.0,110.8,B
2021-07-06T10:17:12,500.0,110.8,B
2021-07-06T10:17:08,3000.0,110.8,B
2021-07-06T10:17:06,100.0,110.8,B
2021-07-06T10:17:04,100.0,110.8,B
2021-07-06T10:17:03,3000.0,110.8,B
2021-07-06T10:16:59,3000.0,110.8,B
2021-07-06T10:16:55,3000.0,110.8,B
2021-07-06T10:16:52,3000.0,110.8,B
2021-07-06T10:16:47,3000.0,110.8,B
2021-07-06T10:16:43,100.0,110.8,B
2021-07-06T10:16:42,600.0,110.7,S
2021-07-06T10:16:40,3000.0,110.8,B
2021-07-06T10:16:36,500.0,110.7,S
2021-07-06T10:16:35,3000.0,110.8,B
2021-07-06T10:16:27,200.0,110.7,S
2021-07-06T10:16:22,100.0,110.7,S
2021-07-06T10:16:19,1000.0,110.7,S
2021-07-06T10:16:07,2000.0,110.7,S
2021-07-06T10:16:00,100.0,110.8,B
2021-07-06T10:15:58,600.0,110.8,B
2021-07-06T10:15:37,100.0,110.8,B
2021-07-06T10:15:24,200.0,110.7,S
2021-07-06T10:15:08,1000.0,110.7,S
2021-07-06T10:14:59,1000.0,110.7,B
2021-07-06T10:14:58,2000.0,110.6,S
2021-07-06T10:14:52,1000.0,110.6,S
2021-07-06T10:14:44,500.0,110.6,S
2021-07-06T10:14:41,200.0,110.6,B
2021-07-06T10:14:37,300.0,110.5,S
2021-07-06T10:14:33,2400.0,110.5,B
2021-07-06T10:14:32,100.0,110.3,S
2021-07-06T10:14:31,100.0,110.5,B
2021-07-06T10:14:30,100.0,110.3,B
2021-07-06T10:14:30,100.0,110.3,B
2021-07-06T10:14:25,6000.0,110.3,B
2021-07-06T10:14:21,100.0,110.3,B
2021-07-06T10:14:20,100.0,110.3,B
2021-07-06T10:13:58,5200.0,110.3,S
2021-07-06T10:13:58,4900.0,110.3,S
2021-07-06T10:13:58,200.0,110.4,S
2021-07-06T10:13:58,9500.0,110.4,S
2021-07-06T10:13:49,500.0,110.5,B
2021-07-06T10:13:48,100.0,110.5,B
2021-07-06T10:13:22,100.0,110.5,B
2021-07-06T10:13:17,400.0,110.5,B
2021-07-06T10:12:58,2900.0,110.4,S
2021-07-06T10:12:58,100.0,110.4,S
2021-07-06T10:12:41,1400.0,110.5,B
2021-07-06T10:12:35,1000.0,110.5,S
2021-07-06T10:12:27,900.0,110.5,S
2021-07-06T10:12:16,400.0,110.5,S
2021-07-06T10:12:15,100.0,110.6,B
2021-07-06T10:12:11,1600.0,110.5,S
2021-07-06T10:12:11,400.0,110.5,S
2021-07-06T10:11:36,500.0,110.5,S
2021-07-06T10:11:36,400.0,110.5,S
2021-07-06T10:11:36,1600.0,110.5,S
2021-07-06T10:11:36,800.0,110.5,S
2021-07-06T10:11:35,100.0,110.6,B
2021-07-06T10:11:08,100.0,110.6,B
2021-07-06T10:10:53,500.0,110.5,S
2021-07-06T10:10:51,200.0,110.5,S
2021-07-06T10:10:09,5000.0,110.5,S
2021-07-06T10:10:00,100.0,110.6,B
2021-07-06T10:09:53,100.0,110.6,B
2021-07-06T10:09:53,1000.0,110.6,B
2021-07-06T10:09:53,400.0,110.6,B
2021-07-06T10:09:51,100.0,110.6,B
2021-07-06T10:09:23,100.0,110.6,B
2021-07-06T10:09:11,500.0,110.6,B
2021-07-06T10:09:06,12800.0,110.6,S
2021-07-06T10:08:53,100.0,110.7,B
2021-07-06T10:08:49,100.0,110.7,B
2021-07-06T10:08:16,100.0,110.7,B
2021-07-06T10:08:13,400.0,110.7,B
2021-07-06T10:08:02,200.0,110.7,B
2021-07-06T10:08:01,2000.0,110.7,B
2021-07-06T10:07:47,100.0,110.7,B
2021-07-06T10:07:45,100.0,110.6,S
2021-07-06T10:07:43,100.0,110.7,B
2021-07-06T10:07:25,500.0,110.7,B
2021-07-06T10:07:09,100.0,110.7,B
2021-07-06T10:07:04,100.0,110.7,B
2021-07-06T10:07:03,3000.0,110.7,B
2021-07-06T10:06:40,100.0,110.7,B
2021-07-06T10:06:36,100.0,110.7,B
2021-07-06T10:06:20,100.0,110.7,B
2021-07-06T10:06:19,3000.0,110.7,B
2021-07-06T10:06:19,900.0,110.7,S
2021-07-06T10:06:19,800.0,110.7,S
2021-07-06T10:06:03,100.0,110.8,B
2021-07-06T10:05:56,200.0,110.8,B
2021-07-06T10:05:39,200.0,110.7,B
2021-07-06T10:05:34,100.0,110.7,B
2021-07-06T10:05:32,100.0,110.8,B
2021-07-06T10:05:18,100.0,110.7,S
2021-07-06T10:04:59,200.0,110.8,B
2021-07-06T10:04:35,600.0,110.7,B
2021-07-06T10:04:35,2400.0,110.7,B
2021-07-06T10:04:35,2000.0,110.7,B
2021-07-06T10:04:29,1000.0,110.6,B
2021-07-06T10:04:25,100.0,110.6,B
2021-07-06T10:04:23,100.0,110.6,B
2021-07-06T10:04:15,600.0,110.6,B
2021-07-06T10:03:51,100.0,110.6,B
2021-07-06T10:03:18,100.0,110.6,B
2021-07-06T10:03:18,100.0,110.6,B
2021-07-06T10:02:46,1000.0,110.6,B
2021-07-06T10:02:44,200.0,110.5,S
2021-07-06T10:02:44,300.0,110.5,S
2021-07-06T10:02:44,3500.0,110.5,S
2021-07-06T10:02:23,1400.0,110.6,B
2021-07-06T10:02:23,100.0,110.6,B
2021-07-06T10:02:23,500.0,110.6,B
2021-07-06T10:02:12,100.0,110.6,B
2021-07-06T10:02:12,100.0,110.6,B
2021-07-06T10:02:11,100.0,110.6,B
2021-07-06T10:02:06,200.0,110.6,B
2021-07-06T10:01:45,1000.0,110.6,B
2021-07-06T10:01:40,3000.0,110.6,B
2021-07-06T10:01:30,1600.0,110.5,S
2021-07-06T10:01:30,400.0,110.5,S
2021-07-06T10:01:24,500.0,110.6,B
2021-07-06T10:01:07,100.0,110.6,B
2021-07-06T10:01:06,100.0,110.6,B
2021-07-06T10:01:04,1500.0,110.6,B
2021-07-06T10:01:04,100.0,110.6,B
2021-07-06T10:00:50,1000.0,110.6,B
2021-07-06T10:00:33,100.0,110.6,B
2021-07-06T10:00:22,100.0,110.6,B
2021-07-06T09:59:59,100.0,110.6,B
2021-07-06T09:59:55,100.0,110.6,B
2021-07-06T09:59:45,1500.0,110.6,B
2021-07-06T09:59:24,100.0,110.6,B
2021-07-06T09:59:24,500.0,110.6,B
2021-07-06T09:59:10,100.0,110.5,S
2021-07-06T09:59:05,100.0,110.5,S
2021-07-06T09:58:55,100.0,110.5,S
2021-07-06T09:58:53,100.0,110.6,B
2021-07-06T09:58:49,100.0,110.6,B
2021-07-06T09:58:08,1000.0,110.5,S
2021-07-06T09:57:47,100.0,110.6,B
2021-07-06T09:57:41,100.0,110.6,B
2021-07-06T09:57:13,3300.0,110.5,B
2021-07-06T09:57:06,2000.0,110.5,S
2021-07-06T09:57:06,5000.0,110.5,S
2021-07-06T09:57:06,5700.0,110.5,S
2021-07-06T09:56:57,2000.0,110.5,S
2021-07-06T09:56:56,500.0,110.5,S
2021-07-06T09:56:53,200.0,110.6,B
2021-07-06T09:56:41,100.0,110.6,B
2021-07-06T09:56:35,100.0,110.6,B
2021-07-06T09:56:25,300.0,110.6,B
2021-07-06T09:56:12,5000.0,110.6,S
2021-07-06T09:56:12,6000.0,110.6,S
2021-07-06T09:56:06,100.0,110.7,B
2021-07-06T09:55:59,200.0,110.7,B
2021-07-06T09:55:56,200.0,110.7,B
2021-07-06T09:55:50,100.0,110.7,B
2021-07-06T09:55:49,3400.0,110.7,S
2021-07-06T09:55:34,100.0,110.8,B
2021-07-06T09:55:28,100.0,110.8,B
2021-07-06T09:55:23,1500.0,110.7,B
2021-07-06T09:55:19,100.0,110.7,S
2021-07-06T09:55:19,2600.0,110.7,S
2021-07-06T09:54:53,1000.0,110.7,S
2021-07-06T09:54:46,1400.0,110.7,B
2021-07-06T09:54:35,1300.0,110.7,B
2021-07-06T09:54:32,100.0,110.7,B
2021-07-06T09:54:31,2000.0,110.7,B
2021-07-06T09:54:28,100.0,110.7,B
2021-07-06T09:54:24,1100.0,110.7,B
2021-07-06T09:54:23,1300.0,110.7,B
2021-07-06T09:54:21,100.0,110.7,B
2021-07-06T09:54:07,1300.0,110.7,B
2021-07-06T09:54:02,1300.0,110.7,B
2021-07-06T09:53:54,100.0,110.7,B
2021-07-06T09:53:13,100.0,110.7,B
2021-07-06T09:53:12,200.0,110.6,S
2021-07-06T09:52:40,1600.0,110.6,B
2021-07-06T09:52:32,500.0,110.6,B
2021-07-06T09:52:17,1000.0,110.5,S
2021-07-06T09:52:07,1500.0,110.6,S
2021-07-06T09:52:05,100.0,110.7,B
2021-07-06T09:52:00,3300.0,110.6,B
2021-07-06T09:51:35,1400.0,110.6,S
2021-07-06T09:51:34,1000.0,110.6,S
2021-07-06T09:51:33,100.0,110.7,B
2021-07-06T09:51:31,900.0,110.6,S
2021-07-06T09:51:31,100.0,110.6,S
2021-07-06T09:51:30,1000.0,110.6,S
2021-07-06T09:51:30,1000.0,110.6,S
2021-07-06T09:50:58,100.0,110.7,B
2021-07-06T09:50:52,2000.0,110.6,S
2021-07-06T09:50:45,1100.0,110.6,S
2021-07-06T09:50:34,500.0,110.6,S
2021-07-06T09:50:25,500.0,110.6,S
2021-07-06T09:50:18,100.0,110.7,B
2021-07-06T09:50:17,2000.0,110.7,B
2021-07-06T09:49:59,100.0,110.7,B
2021-07-06T09:49:52,100.0,110.7,B
2021-07-06T09:49:45,100.0,110.7,B
2021-07-06T09:49:45,3200.0,110.7,S
2021-07-06T09:49:41,1000.0,110.7,S
2021-07-06T09:49:30,800.0,110.7,B
2021-07-06T09:49:27,1200.0,110.7,S
2021-07-06T09:49:16,200.0,110.7,S
2021-07-06T09:49:07,100.0,110.7,S
2021-07-06T09:48:52,300.0,110.7,S
2021-07-06T09:48:49,100.0,110.7,B
2021-07-06T09:48:45,100.0,110.7,B
2021-07-06T09:48:44,1000.0,110.5,S
2021-07-06T09:48:38,800.0,110.5,S
2021-07-06T09:48:38,100.0,110.5,S
2021-07-06T09:48:38,100.0,110.5,S
2021-07-06T09:48:23,800.0,110.5,S
2021-07-06T09:47:52,300.0,110.5,S
2021-07-06T09:47:39,500.0,110.5,S
2021-07-06T09:47:37,100.0,110.7,B
2021-07-06T09:47:24,1300.0,110.5,S
2021-07-06T09:47:24,200.0,110.5,S
2021-07-06T09:46:55,100.0,110.7,B
2021-07-06T09:46:52,500.0,110.5,S
2021-07-06T09:46:43,1000.0,110.5,S
2021-07-06T09:46:41,400.0,110.7,B
2021-07-06T09:46:39,5700.0,110.5,S
2021-07-06T09:46:39,100.0,110.7,S
2021-07-06T09:46:30,100.0,110.8,B
2021-07-06T09:46:28,300.0,110.8,B
2021-07-06T09:46:25,100.0,110.8,B
2021-07-06T09:45:53,2100.0,110.8,B
2021-07-06T09:45:43,300.0,110.8,B
2021-07-06T09:45:26,1000.0,110.8,B
2021-07-06T09:45:23,100.0,110.7,B
2021-07-06T09:44:52,1300.0,110.8,S
2021-07-06T09:44:52,200.0,110.8,S
2021-07-06T09:44:50,500.0,110.8,S
2021-07-06T09:44:41,3000.0,110.8,B
2021-07-06T09:44:40,200.0,110.5,S
2021-07-06T09:44:17,500.0,110.5,S
2021-07-06T09:44:15,100.0,111.0,B
2021-07-06T09:43:36,100.0,110.5,S
2021-07-06T09:43:08,100.0,111.0,B
2021-07-06T09:42:56,200.0,111.0,B
2021-07-06T09:42:36,600.0,110.5,S
2021-07-06T09:42:05,500.0,110.3,S
2021-07-06T09:42:04,2300.0,110.5,B
2021-07-06T09:42:02,100.0,110.5,B
2021-07-06T09:41:41,200.0,110.3,S
2021-07-06T09:41:32,100.0,110.3,B
2021-07-06T09:41:19,200.0,110.1,B
2021-07-06T09:40:55,100.0,110.3,B
2021-07-06T09:40:54,100.0,110.0,S
2021-07-06T09:40:54,100.0,110.1,S
2021-07-06T09:40:40,200.0,110.0,S
2021-07-06T09:40:40,500.0,110.3,B
2021-07-06T09:40:37,200.0,110.1,B
2021-07-06T09:40:28,200.0,110.0,S
2021-07-06T09:40:24,1900.0,110.0,B
2021-07-06T09:40:24,500.0,110.0,B
2021-07-06T09:40:21,100.0,110.0,B
2021-07-06T09:40:19,400.0,110.0,B
2021-07-06T09:40:15,1000.0,110.0,B
2021-07-06T09:40:14,3200.0,110.0,B
2021-07-06T09:40:14,200.0,110.0,B
2021-07-06T09:40:14,1600.0,110.0,B
2021-07-06T09:40:12,100.0,110.0,B
2021-07-06T09:40:03,10000.0,110.0,B
2021-07-06T09:40:01,100.0,110.0,B
2021-07-06T09:39:57,100.0,110.0,B
2021-07-06T09:39:52,100.0,110.0,B
2021-07-06T09:39:48,100.0,110.0,B
2021-07-06T09:39:43,500.0,110.0,B
2021-07-06T09:39:36,500.0,110.0,B
2021-07-06T09:39:31,4000.0,110.0,B
2021-07-06T09:39:16,100.0,110.0,B
2021-07-06T09:39:06,2000.0,109.8,S
2021-07-06T09:39:04,100.0,109.9,S
2021-07-06T09:38:59,100.0,109.9,B
2021-07-06T09:38:45,10000.0,110.0,B
2021-07-06T09:38:41,100.0,110.0,B
2021-07-06T09:38:39,1200.0,109.8,S
2021-07-06T09:38:28,4700.0,109.8,S
2021-07-06T09:38:28,5300.0,109.9,S
2021-07-06T09:38:19,200.0,110.0,B
2021-07-06T09:38:18,700.0,109.9,S
2021-07-06T09:38:18,600.0,109.9,S
2021-07-06T09:38:18,200.0,109.9,S
2021-07-06T09:37:53,500.0,109.9,S
2021-07-06T09:37:50,100.0,109.9,S
2021-07-06T09:37:40,100.0,109.9,S
2021-07-06T09:37:40,100.0,109.9,S
2021-07-06T09:37:34,200.0,110.0,B
2021-07-06T09:37:32,100.0,110.0,B
2021-07-06T09:37:29,100.0,109.9,S
2021-07-06T09:37:24,500.0,109.9,S
2021-07-06T09:37:22,2000.0,109.9,S
2021-07-06T09:37:21,300.0,110.0,B
2021-07-06T09:37:20,3700.0,110.0,B
2021-07-06T09:37:15,2000.0,110.0,B
2021-07-06T09:37:06,2000.0,110.0,B
2021-07-06T09:37:03,8000.0,110.0,B
2021-07-06T09:36:57,500.0,109.9,S
2021-07-06T09:36:36,1000.0,109.9,S
2021-07-06T09:36:26,100.0,110.0,B
2021-07-06T09:36:25,100.0,109.9,S
2021-07-06T09:36:24,2800.0,109.9,B
2021-07-06T09:36:17,4400.0,109.8,S
2021-07-06T09:36:14,700.0,109.9,B
2021-07-06T09:36:14,600.0,109.9,B
2021-07-06T09:36:11,300.0,109.9,B
2021-07-06T09:36:00,500.0,109.9,B
2021-07-06T09:35:55,200.0,109.9,B
2021-07-06T09:35:55,1000.0,109.9,B
2021-07-06T09:35:19,100.0,109.9,B
2021-07-06T09:34:44,1000.0,109.8,S
2021-07-06T09:34:36,3100.0,109.9,S
2021-07-06T09:34:19,100.0,110.0,B
2021-07-06T09:34:14,2000.0,109.9,B
2021-07-06T09:34:14,900.0,109.9,B
2021-07-06T09:34:11,100.0,109.9,B
2021-07-06T09:34:09,1000.0,109.9,B
2021-07-06T09:34:07,200.0,109.9,B
2021-07-06T09:34:06,800.0,109.9,B
2021-07-06T09:34:06,200.0,109.9,B
2021-07-06T09:33:52,300.0,109.9,B
2021-07-06T09:33:47,10000.0,109.9,B
2021-07-06T09:33:19,700.0,109.7,S
2021-07-06T09:33:04,100.0,109.9,B
2021-07-06T09:32:54,1500.0,109.7,B
2021-07-06T09:32:54,300.0,109.7,B
2021-07-06T09:32:54,900.0,109.7,B
2021-07-06T09:32:52,10000.0,109.7,B
2021-07-06T09:32:37,300.0,109.5,S
2021-07-06T09:32:21,800.0,109.7,B
2021-07-06T09:32:17,100.0,109.5,S
2021-07-06T09:32:11,100.0,109.7,B
2021-07-06T09:31:57,100.0,109.7,B
2021-07-06T09:31:37,100.0,109.7,B
2021-07-06T09:31:31,1200.0,109.5,S
2021-07-06T09:31:31,400.0,109.5,S
2021-07-06T09:31:31,600.0,109.5,S
2021-07-06T09:31:31,200.0,109.7,B
2021-07-06T09:31:28,100.0,109.5,S
2021-07-06T09:31:12,300.0,109.5,S
2021-07-06T09:31:10,300.0,109.7,B
2021-07-06T09:31:06,4100.0,109.5,B
2021-07-06T09:30:54,200.0,109.5,B
2021-07-06T09:30:53,100.0,109.2,S
2021-07-06T09:30:49,100.0,109.5,B
2021-07-06T09:30:40,10000.0,109.5,B
2021-07-06T09:30:39,10000.0,109.5,B
2021-07-06T09:30:38,10000.0,109.5,B
2021-07-06T09:30:38,500.0,109.5,B
2021-07-06T09:30:33,5100.0,109.2,S
2021-07-06T09:30:05,100.0,109.5,B
2021-07-06T09:29:57,500.0,109.1,S
2021-07-06T09:29:57,1300.0,109.2,S
2021-07-06T09:29:51,1500.0,109.5,B
2021-07-06T09:29:47,100.0,109.5,B
2021-07-06T09:29:47,1000.0,109.4,B
2021-07-06T09:29:44,1000.0,109.4,S
2021-07-06T09:29:43,100.0,109.4,S
2021-07-06T09:29:43,100.0,109.5,B
2021-07-06T09:29:40,300.0,109.5,B
2021-07-06T09:29:40,1000.0,109.4,S
2021-07-06T09:29:32,300.0,109.5,B
2021-07-06T09:29:30,200.0,109.5,B
2021-07-06T09:29:26,100.0,109.5,B
2021-07-06T09:29:24,300.0,109.5,B
2021-07-06T09:29:22,2000.0,109.5,B
2021-07-06T09:29:15,900.0,109.5,B
2021-07-06T09:29:14,200.0,109.5,B
2021-07-06T09:29:06,200.0,109.5,B
2021-07-06T09:29:02,100.0,109.5,S
2021-07-06T09:29:02,9300.0,109.5,S
2021-07-06T09:28:51,200.0,109.8,B
2021-07-06T09:28:42,1100.0,109.8,B
2021-07-06T09:28:37,1000.0,109.5,S
2021-07-06T09:28:36,1300.0,109.7,B
2021-07-06T09:28:36,100.0,109.7,B
2021-07-06T09:28:25,1300.0,109.8,B
2021-07-06T09:28:20,1100.0,109.8,B
2021-07-06T09:28:18,100.0,109.5,S
2021-07-06T09:28:18,1500.0,109.5,S
2021-07-06T09:28:18,5100.0,109.5,S
2021-07-06T09:28:18,1100.0,109.5,S
2021-07-06T09:28:18,100.0,109.5,S
2021-07-06T09:28:18,1900.0,109.5,S
2021-07-06T09:28:18,100.0,109.6,S
2021-07-06T09:28:18,100.0,109.6,S
2021-07-06T09:28:15,1300.0,109.8,B
2021-07-06T09:28:13,300.0,109.6,S
2021-07-06T09:27:58,1400.0,109.8,B
2021-07-06T09:27:57,1300.0,109.6,B
2021-07-06T09:27:55,200.0,109.6,B
2021-07-06T09:27:52,1300.0,109.6,B
2021-07-06T09:27:49,100.0,109.6,B
2021-07-06T09:27:48,100.0,109.6,B
2021-07-06T09:27:47,7200.0,109.6,S
2021-07-06T09:27:45,600.0,109.7,B
2021-07-06T09:27:44,2000.0,109.6,S
2021-07-06T09:27:36,100.0,109.7,B
2021-07-06T09:27:29,2400.0,109.7,S
2021-07-06T09:27:28,100.0,109.8,B
2021-07-06T09:27:20,200.0,109.7,S
2021-07-06T09:27:19,100.0,109.8,S
2021-07-06T09:27:04,300.0,109.7,S
2021-07-06T09:26:54,5000.0,109.9,B
2021-07-06T09:26:51,2000.0,109.7,S
2021-07-06T09:26:38,100.0,109.7,S
2021-07-06T09:26:26,300.0,109.7,S
2021-07-06T09:26:19,600.0,109.9,B
2021-07-06T09:26:15,1500.0,109.7,S
2021-07-06T09:25:55,300.0,109.7,S
2021-07-06T09:25:46,500.0,110.0,B
2021-07-06T09:25:43,200.0,109.8,B
2021-07-06T09:25:43,100.0,109.8,S
2021-07-06T09:25:34,500.0,110.0,B
2021-07-06T09:25:32,9000.0,109.8,S
2021-07-06T09:25:14,1300.0,109.8,S
2021-07-06T09:25:14,600.0,109.8,S
2021-07-06T09:25:14,3100.0,109.8,S
2021-07-06T09:25:02,1300.0,110.0,B
2021-07-06T09:25:01,100.0,110.0,B
2021-07-06T09:25:00,300.0,110.0,B
2021-07-06T09:24:57,200.0,110.0,B
2021-07-06T09:24:55,100.0,110.0,B
2021-07-06T09:24:50,3000.0,110.0,B
2021-07-06T09:24:45,500.0,110.0,B
2021-07-06T09:24:40,1100.0,110.0,B
2021-07-06T09:24:39,1300.0,110.0,B
2021-07-06T09:24:22,30000.0,110.0,B
2021-07-06T09:24:17,200.0,110.0,B
2021-07-06T09:24:14,500.0,109.8,S
2021-07-06T09:24:11,1100.0,110.0,B
2021-07-06T09:24:03,1500.0,110.0,B
2021-07-06T09:24:01,300.0,109.7,S
2021-07-06T09:24:01,1300.0,109.8,B
2021-07-06T09:23:59,2500.0,109.8,B
2021-07-06T09:23:59,100.0,109.8,B
2021-07-06T09:23:58,1300.0,109.8,B
2021-07-06T09:23:55,200.0,109.7,S
2021-07-06T09:23:53,1100.0,109.8,B
2021-07-06T09:23:47,100.0,109.8,B
2021-07-06T09:23:47,1100.0,109.8,B
2021-07-06T09:23:47,500.0,109.7,S
2021-07-06T09:23:43,800.0,109.8,B
2021-07-06T09:23:35,500.0,109.8,B
2021-07-06T09:23:33,200.0,109.7,S
2021-07-06T09:23:33,1200.0,109.8,B
2021-07-06T09:23:25,600.0,109.8,S
2021-07-06T09:23:18,20000.0,110.0,B
2021-07-06T09:23:13,1300.0,109.7,B
2021-07-06T09:23:12,1600.0,109.6,S
2021-07-06T09:23:12,100.0,109.6,S
2021-07-06T09:23:12,1500.0,109.6,S
2021-07-06T09:23:11,200.0,109.7,B
2021-07-06T09:23:03,3900.0,109.7,S
2021-07-06T09:22:56,100.0,109.7,S
2021-07-06T09:22:51,1000.0,109.8,B
2021-07-06T09:22:46,700.0,109.7,B
2021-07-06T09:22:28,500.0,109.6,S
2021-07-06T09:22:28,100.0,109.7,S
2021-07-06T09:22:28,900.0,109.7,S
2021-07-06T09:22:19,1000.0,109.7,S
2021-07-06T09:22:17,100.0,109.7,S
2021-07-06T09:22:15,100.0,109.7,S
2021-07-06T09:22:11,500.0,109.8,B
2021-07-06T09:21:54,300.0,109.6,S
2021-07-06T09:21:49,500.0,109.7,B
2021-07-06T09:21:39,1000.0,109.8,B
2021-07-06T09:21:34,1200.0,109.6,S
2021-07-06T09:21:34,1000.0,109.6,S
2021-07-06T09:21:28,100.0,109.7,S
2021-07-06T09:21:28,100.0,109.9,B
2021-07-06T09:21:26,800.0,109.7,S
2021-07-06T09:21:11,700.0,109.9,B
2021-07-06T09:21:00,500.0,109.6,S
2021-07-06T09:20:47,100.0,110.0,B
2021-07-06T09:20:35,100.0,109.6,S
2021-07-06T09:20:31,200.0,110.0,B
2021-07-06T09:20:21,1000.0,110.0,B
2021-07-06T09:20:15,300.0,110.0,B
2021-07-06T09:20:13,200.0,110.0,B
2021-07-06T09:20:06,400.0,110.0,B
2021-07-06T09:20:04,300.0,109.6,S
2021-07-06T09:19:59,100.0,110.0,B
2021-07-06T09:19:50,500.0,110.0,B
2021-07-06T09:19:49,100.0,110.0,B
2021-07-06T09:19:47,200.0,109.6,S
2021-07-06T09:19:47,300.0,109.8,S
2021-07-06T09:19:42,900.0,110.0,S
2021-07-06T09:19:42,6700.0,110.0,S
2021-07-06T09:19:42,2000.0,110.3,S
2021-07-06T09:19:33,600.0,110.5,B
2021-07-06T09:19:31,1000.0,110.9,B
2021-07-06T09:19:20,500.0,111.0,B
2021-07-06T09:19:16,2800.0,111.0,B
2021-07-06T09:19:11,100.0,111.0,B
2021-07-06T09:19:03,300.0,111.0,B
2021-07-06T09:18:56,200.0,111.0,B
2021-07-06T09:18:42,14700.0,111.0,B
2021-07-06T09:18:40,500.0,111.0,S
2021-07-06T09:18:39,500.0,111.5,B
2021-07-06T09:18:22,500.0,111.5,B
2021-07-06T09:18:15,100.0,111.5,S
2021-07-06T09:18:13,200.0,111.5,S
2021-07-06T09:17:57,200.0,111.5,B
2021-07-06T09:17:30,1300.0,111.5,B
2021-07-06T09:17:26,100.0,111.0,S
2021-07-06T09:17:22,1400.0,111.6,B
2021-07-06T09:17:21,22300.0,111.0,B
2021-07-06T09:17:15,200.0,110.5,S
2021-07-06T09:16:56,100.0,111.0,B
2021-07-06T09:16:53,1300.0,111.0,B
2021-07-06T09:16:52,100.0,110.1,S
2021-07-06T09:16:47,1500.0,111.0,B
2021-07-06T09:16:42,1000.0,111.0,B
2021-07-06T09:16:40,500.0,111.0,B
2021-07-06T09:16:21,1300.0,111.0,B
2021-07-06T09:16:20,100.0,111.0,B
2021-07-06T09:16:19,400.0,111.0,B
2021-07-06T09:16:17,200.0,111.0,B
2021-07-06T09:16:11,1100.0,111.0,B
2021-07-06T09:16:05,1000.0,111.0,B
2021-07-06T09:16:04,100.0,111.0,B
2021-07-06T09:15:59,200.0,111.0,B
2021-07-06T09:15:55,1300.0,111.0,B
2021-07-06T09:15:54,1100.0,111.0,B
2021-07-06T09:15:48,100.0,110.1,S
2021-07-06T09:15:44,100.0,111.0,B
2021-07-06T09:15:43,1200.0,111.0,B
2021-07-06T09:15:40,1200.0,111.0,B
2021-07-06T09:15:29,1400.0,111.0,B
2021-07-06T09:15:27,1800.0,110.0,B
