tradingTime,volume,price,side
2021-07-06T13:20:06,500.0,168.0,B
2021-07-06T13:18:04,100.0,168.0,B
2021-07-06T13:17:58,400.0,167.5,S
2021-07-06T13:17:57,100.0,168.0,B
2021-07-06T13:15:00,400.0,168.0,B
2021-07-06T13:13:17,100.0,167.2,S
2021-07-06T13:12:57,100.0,168.0,S
2021-07-06T13:12:28,100.0,168.0,S
2021-07-06T13:11:30,2300.0,168.1,B
2021-07-06T13:11:30,1000.0,168.1,B
2021-07-06T13:11:22,800.0,168.1,B
2021-07-06T13:11:15,700.0,168.0,B
2021-07-06T13:11:12,1100.0,168.0,B
2021-07-06T13:11:04,800.0,168.0,B
2021-07-06T13:10:59,100.0,167.9,B
2021-07-06T13:10:59,800.0,167.9,B
2021-07-06T13:10:56,800.0,167.9,B
2021-07-06T13:10:55,900.0,167.9,B
2021-07-06T13:10:49,800.0,167.9,B
2021-07-06T13:10:46,1100.0,167.9,B
2021-07-06T13:10:41,900.0,167.9,B
2021-07-06T13:10:35,900.0,167.9,B
2021-07-06T13:10:23,900.0,167.9,B
2021-07-06T13:10:06,200.0,167.8,S
2021-07-06T13:09:59,900.0,167.9,B
2021-07-06T13:09:53,500.0,167.8,S
2021-07-06T13:09:49,900.0,167.8,B
2021-07-06T13:09:25,1500.0,167.4,B
2021-07-06T13:08:46,800.0,167.4,B
2021-07-06T13:08:35,100.0,167.4,B
2021-07-06T13:07:23,1500.0,167.4,B
2021-07-06T13:07:08,100.0,167.1,S
2021-07-06T13:06:55,400.0,167.1,S
2021-07-06T13:06:54,200.0,167.1,S
2021-07-06T13:05:49,700.0,167.1,B
2021-07-06T13:05:02,100.0,167.1,B
2021-07-06T13:05:00,1000.0,167.1,B
2021-07-06T13:04:47,1800.0,167.1,B
2021-07-06T13:04:18,8000.0,167.0,S
2021-07-06T13:04:05,100.0,167.1,B
2021-07-06T13:03:27,300.0,167.1,B
2021-07-06T13:03:17,4600.0,167.1,S
2021-07-06T13:02:28,6000.0,167.1,S
2021-07-06T13:01:46,4000.0,167.2,S
2021-07-06T13:01:12,6300.0,167.1,S
2021-07-06T13:01:12,400.0,167.2,S
2021-07-06T13:01:12,300.0,167.2,S
2021-07-06T13:00:15,200.0,167.2,S
2021-07-06T13:00:08,600.0,167.2,S
2021-07-06T13:00:03,300.0,167.2,S
2021-07-06T13:00:03,100.0,167.2,S
2021-07-06T13:00:02,200.0,167.2,S
2021-07-06T11:29:42,900.0,167.2,S
2021-07-06T11:29:05,1600.0,167.1,S
2021-07-06T11:28:55,100.0,167.3,B
2021-07-06T11:28:52,2000.0,167.3,S
2021-07-06T11:28:52,700.0,167.3,S
2021-07-06T11:28:41,500.0,167.4,S
2021-07-06T11:28:20,400.0,167.4,S
2021-07-06T11:27:20,100.0,167.7,B
2021-07-06T11:27:11,300.0,167.7,B
2021-07-06T11:26:45,1000.0,167.8,B
2021-07-06T11:26:05,300.0,167.8,B
2021-07-06T11:26:05,1700.0,167.8,B
2021-07-06T11:25:27,2000.0,167.8,B
2021-07-06T11:24:07,3000.0,167.8,S
2021-07-06T11:24:07,200.0,167.8,S
2021-07-06T11:23:32,200.0,167.9,B
2021-07-06T11:22:52,1800.0,167.9,S
2021-07-06T11:22:46,200.0,168.1,B
2021-07-06T11:21:41,700.0,168.0,B
2021-07-06T11:21:40,1700.0,168.0,B
2021-07-06T11:20:55,100.0,167.9,B
2021-07-06T11:20:55,200.0,167.9,B
2021-07-06T11:20:55,100.0,167.9,B
2021-07-06T11:20:28,100.0,167.9,B
2021-07-06T11:17:06,100.0,167.9,B
2021-07-06T11:16:47,200.0,167.4,S
2021-07-06T11:16:33,1000.0,167.4,S
2021-07-06T11:15:43,200.0,167.9,B
2021-07-06T11:15:10,100.0,167.9,S
2021-07-06T11:15:06,100.0,168.0,B
2021-07-06T11:14:51,300.0,168.0,B
2021-07-06T11:14:38,100.0,167.9,S
2021-07-06T11:14:28,100.0,168.0,B
2021-07-06T11:13:40,200.0,168.0,S
2021-07-06T11:13:22,100.0,168.0,S
2021-07-06T11:12:52,600.0,168.0,B
2021-07-06T11:12:52,1400.0,168.0,B
2021-07-06T11:12:52,1200.0,168.0,B
2021-07-06T11:12:52,4600.0,168.0,B
2021-07-06T11:12:52,2200.0,168.0,B
2021-07-06T11:12:41,100.0,167.9,B
2021-07-06T11:11:58,500.0,167.9,B
2021-07-06T11:11:51,100.0,167.9,B
2021-07-06T11:11:49,300.0,167.9,B
2021-07-06T11:11:21,200.0,167.9,B
2021-07-06T11:10:39,800.0,167.8,B
2021-07-06T11:10:06,600.0,167.8,B
2021-07-06T11:09:34,1200.0,167.8,B
2021-07-06T11:09:30,500.0,167.7,S
2021-07-06T11:08:41,1000.0,167.7,B
2021-07-06T11:08:23,800.0,167.7,B
2021-07-06T11:07:50,100.0,167.7,B
2021-07-06T11:07:05,400.0,167.7,B
2021-07-06T11:06:23,200.0,167.7,B
2021-07-06T11:05:08,1000.0,167.7,B
2021-07-06T11:04:38,500.0,167.4,B
2021-07-06T11:03:37,200.0,167.3,S
2021-07-06T11:03:13,300.0,167.3,B
2021-07-06T11:02:39,200.0,167.2,S
2021-07-06T11:01:41,400.0,167.2,S
2021-07-06T11:01:04,600.0,167.5,S
2021-07-06T11:00:26,200.0,167.5,B
2021-07-06T10:59:47,100.0,167.5,B
2021-07-06T10:59:31,100.0,167.5,B
2021-07-06T10:59:20,500.0,167.5,B
2021-07-06T10:59:03,100.0,167.5,B
2021-07-06T10:59:01,1000.0,167.5,B
2021-07-06T10:58:40,500.0,167.5,B
2021-07-06T10:58:21,200.0,167.5,B
2021-07-06T10:58:19,300.0,167.5,B
2021-07-06T10:57:15,300.0,167.5,B
2021-07-06T10:56:52,100.0,167.5,B
2021-07-06T10:56:49,300.0,167.1,S
2021-07-06T10:56:09,200.0,167.1,S
2021-07-06T10:55:48,1000.0,167.1,B
2021-07-06T10:55:32,500.0,167.0,S
2021-07-06T10:55:27,1400.0,167.0,S
2021-07-06T10:55:17,100.0,167.1,B
2021-07-06T10:55:02,300.0,167.1,B
2021-07-06T10:54:27,300.0,167.1,B
2021-07-06T10:53:32,100.0,167.1,B
2021-07-06T10:53:11,200.0,167.1,S
2021-07-06T10:52:06,500.0,167.1,S
2021-07-06T10:51:11,600.0,167.1,S
2021-07-06T10:50:40,500.0,167.1,S
2021-07-06T10:50:26,1100.0,167.1,S
2021-07-06T10:50:23,900.0,167.1,S
2021-07-06T10:50:21,1000.0,167.5,B
2021-07-06T10:49:26,300.0,167.5,B
2021-07-06T10:48:31,200.0,167.5,S
2021-07-06T10:45:33,100.0,167.7,B
2021-07-06T10:45:04,400.0,167.5,S
2021-07-06T10:44:10,1000.0,167.7,B
2021-07-06T10:43:17,200.0,167.7,B
2021-07-06T10:42:52,800.0,167.7,S
2021-07-06T10:42:40,5000.0,167.7,S
2021-07-06T10:42:34,3000.0,167.7,S
2021-07-06T10:42:30,600.0,167.9,B
2021-07-06T10:41:38,100.0,167.8,B
2021-07-06T10:41:23,100.0,167.8,B
2021-07-06T10:40:31,100.0,167.6,B
2021-07-06T10:39:45,800.0,167.5,B
2021-07-06T10:39:31,500.0,167.3,B
2021-07-06T10:39:07,4200.0,167.0,B
2021-07-06T10:39:02,200.0,167.0,B
2021-07-06T10:38:34,500.0,167.0,B
2021-07-06T10:38:26,200.0,167.0,B
2021-07-06T10:38:22,200.0,167.0,B
2021-07-06T10:38:17,100.0,167.0,B
2021-07-06T10:37:46,200.0,167.0,B
2021-07-06T10:37:02,15000.0,167.0,B
2021-07-06T10:36:54,1000.0,166.6,S
2021-07-06T10:36:27,1000.0,166.6,S
2021-07-06T10:34:30,100.0,166.6,S
2021-07-06T10:33:14,500.0,166.6,S
2021-07-06T10:33:09,1000.0,166.8,S
2021-07-06T10:31:55,1000.0,166.6,S
2021-07-06T10:31:48,1000.0,166.8,S
2021-07-06T10:31:21,500.0,166.8,S
2021-07-06T10:31:01,2000.0,166.8,B
2021-07-06T10:30:33,1000.0,166.5,S
2021-07-06T10:30:33,100.0,166.5,S
2021-07-06T10:30:17,3500.0,166.5,S
2021-07-06T10:30:17,1500.0,166.5,S
2021-07-06T10:30:05,100.0,166.6,S
2021-07-06T10:30:00,300.0,166.6,S
2021-07-06T10:29:56,100.0,166.6,S
2021-07-06T10:29:56,500.0,166.6,S
2021-07-06T10:29:54,100.0,166.6,S
2021-07-06T10:29:45,100.0,166.6,S
2021-07-06T10:29:20,100.0,166.6,S
2021-07-06T10:29:19,300.0,166.6,S
2021-07-06T10:29:19,700.0,166.7,S
2021-07-06T10:29:07,300.0,166.7,B
2021-07-06T10:29:06,500.0,166.6,S
2021-07-06T10:28:55,400.0,166.6,S
2021-07-06T10:28:46,300.0,166.7,B
2021-07-06T10:28:32,3000.0,166.6,S
2021-07-06T10:28:32,100.0,166.7,B
2021-07-06T10:28:20,3300.0,166.7,S
2021-07-06T10:28:17,100.0,166.9,B
2021-07-06T10:27:48,6100.0,166.7,S
2021-07-06T10:27:17,100.0,166.7,S
2021-07-06T10:27:09,2900.0,167.0,S
2021-07-06T10:26:55,100.0,167.0,S
2021-07-06T10:26:45,1500.0,167.0,B
2021-07-06T10:26:45,500.0,167.0,B
2021-07-06T10:26:41,100.0,167.0,B
2021-07-06T10:26:36,300.0,167.0,B
2021-07-06T10:26:32,100.0,167.0,B
2021-07-06T10:26:17,100.0,166.9,S
2021-07-06T10:26:08,500.0,167.0,B
2021-07-06T10:26:07,200.0,167.0,B
2021-07-06T10:26:07,500.0,167.0,B
2021-07-06T10:26:06,300.0,167.0,B
2021-07-06T10:26:01,200.0,167.0,B
2021-07-06T10:25:55,100.0,167.0,B
2021-07-06T10:25:51,2200.0,167.0,S
2021-07-06T10:25:40,300.0,167.0,S
2021-07-06T10:25:38,100.0,167.1,B
2021-07-06T10:25:15,2000.0,167.0,S
2021-07-06T10:25:14,1100.0,167.0,S
2021-07-06T10:25:14,900.0,167.0,S
2021-07-06T10:24:48,100.0,167.1,S
2021-07-06T10:24:26,2000.0,167.1,S
2021-07-06T10:24:18,1000.0,167.1,S
2021-07-06T10:24:04,100.0,167.5,B
2021-07-06T10:23:23,1000.0,167.0,S
2021-07-06T10:22:46,1500.0,167.9,S
2021-07-06T10:22:32,1000.0,167.9,S
2021-07-06T10:22:01,500.0,168.0,B
2021-07-06T10:21:43,300.0,168.0,S
2021-07-06T10:21:43,200.0,168.0,S
2021-07-06T10:21:43,600.0,168.0,S
2021-07-06T10:21:43,2900.0,168.0,S
2021-07-06T10:21:43,1600.0,168.0,S
2021-07-06T10:21:43,700.0,168.0,S
2021-07-06T10:21:43,6400.0,168.0,S
2021-07-06T10:21:43,100.0,168.0,S
2021-07-06T10:21:43,2100.0,168.0,S
2021-07-06T10:21:43,600.0,168.0,S
2021-07-06T10:21:43,8500.0,168.0,S
2021-07-06T10:21:43,17000.0,168.0,S
2021-07-06T10:21:43,500.0,168.0,S
2021-07-06T10:21:43,13900.0,168.0,S
2021-07-06T10:21:38,200.0,168.1,B
2021-07-06T10:21:22,1000.0,168.0,S
2021-07-06T10:20:45,100.0,168.1,B
2021-07-06T10:20:27,200.0,168.1,B
2021-07-06T10:20:18,300.0,168.0,S
2021-07-06T10:19:59,100.0,168.1,S
2021-07-06T10:19:59,2700.0,168.1,S
2021-07-06T10:19:31,100.0,168.1,S
2021-07-06T10:19:11,200.0,168.1,S
2021-07-06T10:19:11,1300.0,168.1,S
2021-07-06T10:19:11,1000.0,168.2,S
2021-07-06T10:19:11,500.0,168.2,S
2021-07-06T10:18:58,300.0,168.3,B
2021-07-06T10:18:49,400.0,168.2,S
2021-07-06T10:18:46,100.0,168.3,B
2021-07-06T10:18:10,500.0,168.3,B
2021-07-06T10:17:52,1400.0,168.3,B
2021-07-06T10:17:26,200.0,168.3,S
2021-07-06T10:17:24,100.0,168.5,B
2021-07-06T10:16:49,100.0,168.3,S
2021-07-06T10:16:25,100.0,168.5,B
2021-07-06T10:16:18,100.0,168.5,B
2021-07-06T10:15:45,200.0,168.5,B
2021-07-06T10:15:37,400.0,168.5,B
2021-07-06T10:15:14,5000.0,168.5,B
2021-07-06T10:14:55,1000.0,168.5,B
2021-07-06T10:14:52,1700.0,168.4,B
2021-07-06T10:14:52,600.0,168.4,B
2021-07-06T10:14:23,100.0,168.4,B
2021-07-06T10:14:04,100.0,168.2,S
2021-07-06T10:13:17,200.0,168.2,S
2021-07-06T10:12:58,500.0,168.2,S
2021-07-06T10:12:30,200.0,168.2,B
2021-07-06T10:12:23,200.0,168.2,B
2021-07-06T10:12:15,100.0,168.2,B
2021-07-06T10:11:52,200.0,168.2,B
2021-07-06T10:11:43,100.0,168.2,B
2021-07-06T10:11:41,100.0,168.2,B
2021-07-06T10:11:33,2100.0,168.2,S
2021-07-06T10:11:07,400.0,168.2,B
2021-07-06T10:10:48,1000.0,168.2,B
2021-07-06T10:10:23,500.0,168.1,S
2021-07-06T10:09:44,100.0,168.2,B
2021-07-06T10:09:41,100.0,168.2,B
2021-07-06T10:09:24,500.0,168.2,B
2021-07-06T10:09:21,100.0,168.2,B
2021-07-06T10:09:01,400.0,168.2,S
2021-07-06T10:08:32,20000.0,168.1,S
2021-07-06T10:08:17,500.0,168.2,S
2021-07-06T10:07:12,4100.0,168.2,S
2021-07-06T10:06:54,2100.0,168.2,S
2021-07-06T10:06:36,100.0,168.2,S
2021-07-06T10:06:23,100.0,168.4,B
2021-07-06T10:06:12,100.0,168.4,B
2021-07-06T10:05:58,100.0,168.4,B
2021-07-06T10:05:56,1000.0,168.2,S
2021-07-06T10:05:46,900.0,168.2,S
2021-07-06T10:05:39,100.0,168.4,S
2021-07-06T10:05:09,500.0,168.4,B
2021-07-06T10:05:09,400.0,168.3,B
2021-07-06T10:05:09,500.0,168.3,B
2021-07-06T10:05:00,2100.0,168.2,S
2021-07-06T10:04:27,300.0,168.2,S
2021-07-06T10:04:25,500.0,168.3,B
2021-07-06T10:04:18,100.0,168.3,B
2021-07-06T10:03:44,200.0,168.3,B
2021-07-06T10:03:13,700.0,168.3,S
2021-07-06T10:02:37,200.0,168.4,B
2021-07-06T10:01:57,100.0,168.4,B
2021-07-06T10:01:40,300.0,168.4,B
2021-07-06T10:01:24,100.0,168.4,B
2021-07-06T10:01:17,1000.0,168.4,B
2021-07-06T10:01:17,1300.0,168.4,S
2021-07-06T10:01:06,100.0,168.5,B
2021-07-06T10:01:01,100.0,168.5,B
2021-07-06T10:00:58,100.0,168.5,B
2021-07-06T10:00:42,1000.0,168.5,B
2021-07-06T10:00:30,200.0,168.5,B
2021-07-06T10:00:15,100.0,168.5,B
2021-07-06T09:59:55,100.0,168.4,S
2021-07-06T09:59:54,100.0,168.4,B
2021-07-06T09:59:37,100.0,168.4,B
2021-07-06T09:59:32,100.0,168.4,B
2021-07-06T09:59:24,500.0,168.4,B
2021-07-06T09:59:06,100.0,168.4,B
2021-07-06T09:59:06,100.0,168.4,B
2021-07-06T09:58:59,100.0,168.4,B
2021-07-06T09:58:35,500.0,168.3,S
2021-07-06T09:58:08,100.0,168.4,S
2021-07-06T09:58:08,2000.0,168.4,S
2021-07-06T09:58:06,500.0,168.5,B
2021-07-06T09:57:57,200.0,168.5,B
2021-07-06T09:57:26,200.0,168.5,B
2021-07-06T09:56:55,300.0,168.4,B
2021-07-06T09:56:43,200.0,168.4,B
2021-07-06T09:56:04,100.0,168.2,S
2021-07-06T09:55:59,100.0,168.4,B
2021-07-06T09:55:11,100.0,168.4,B
2021-07-06T09:55:02,100.0,168.4,B
2021-07-06T09:55:00,100.0,168.4,B
2021-07-06T09:54:56,200.0,168.4,B
2021-07-06T09:54:32,900.0,168.4,B
2021-07-06T09:54:31,1500.0,168.4,B
2021-07-06T09:54:22,900.0,168.4,B
2021-07-06T09:54:22,800.0,168.4,B
2021-07-06T09:54:10,900.0,168.4,B
2021-07-06T09:54:01,900.0,168.4,B
2021-07-06T09:53:40,100.0,168.4,B
2021-07-06T09:53:38,500.0,168.1,S
2021-07-06T09:53:36,400.0,168.1,S
2021-07-06T09:53:07,100.0,168.4,B
2021-07-06T09:52:59,200.0,168.4,B
2021-07-06T09:52:54,300.0,168.4,B
2021-07-06T09:52:52,100.0,168.2,S
2021-07-06T09:52:11,200.0,168.5,B
2021-07-06T09:51:55,3000.0,168.1,S
2021-07-06T09:51:46,100.0,168.5,B
2021-07-06T09:51:34,1100.0,168.5,S
2021-07-06T09:51:11,600.0,168.1,S
2021-07-06T09:51:11,400.0,168.5,S
2021-07-06T09:51:06,900.0,168.6,B
2021-07-06T09:50:50,1000.0,168.5,S
2021-07-06T09:50:40,100.0,168.5,S
2021-07-06T09:50:37,100.0,168.6,B
2021-07-06T09:50:26,2100.0,168.6,B
2021-07-06T09:50:21,500.0,168.5,S
2021-07-06T09:50:09,1000.0,168.5,S
2021-07-06T09:50:01,300.0,168.6,B
2021-07-06T09:49:51,200.0,168.6,B
2021-07-06T09:49:38,100.0,168.6,B
2021-07-06T09:49:34,300.0,168.5,S
2021-07-06T09:49:34,200.0,168.5,S
2021-07-06T09:49:34,200.0,168.5,S
2021-07-06T09:49:33,1500.0,168.6,B
2021-07-06T09:49:16,400.0,168.6,S
2021-07-06T09:49:12,100.0,168.6,S
2021-07-06T09:49:09,300.0,168.6,S
2021-07-06T09:49:05,400.0,168.8,S
2021-07-06T09:49:05,500.0,168.8,S
2021-07-06T09:48:53,100.0,168.9,S
2021-07-06T09:48:14,2000.0,169.0,S
2021-07-06T09:48:14,2400.0,169.0,S
2021-07-06T09:48:14,100.0,169.0,S
2021-07-06T09:48:14,900.0,169.0,S
2021-07-06T09:48:14,300.0,169.0,S
2021-07-06T09:48:14,100.0,169.0,S
2021-07-06T09:48:14,600.0,169.0,S
2021-07-06T09:48:14,2300.0,169.0,S
2021-07-06T09:48:14,1100.0,169.0,S
2021-07-06T09:48:14,200.0,169.0,S
2021-07-06T09:48:14,1200.0,169.0,S
2021-07-06T09:48:14,1000.0,169.0,S
2021-07-06T09:48:14,13600.0,169.0,S
2021-07-06T09:48:11,2000.0,169.1,S
2021-07-06T09:48:01,1000.0,169.1,S
2021-07-06T09:47:48,200.0,169.2,S
2021-07-06T09:47:38,200.0,169.3,B
2021-07-06T09:47:34,800.0,169.3,S
2021-07-06T09:47:29,300.0,169.3,S
2021-07-06T09:47:25,100.0,169.5,B
2021-07-06T09:47:01,100.0,169.5,S
2021-07-06T09:47:01,2700.0,169.5,S
2021-07-06T09:46:52,2000.0,169.5,S
2021-07-06T09:46:49,200.0,169.6,B
2021-07-06T09:46:30,500.0,169.5,S
2021-07-06T09:46:30,1700.0,169.5,S
2021-07-06T09:46:26,5000.0,169.5,S
2021-07-06T09:46:22,300.0,169.5,S
2021-07-06T09:46:13,100.0,169.6,B
2021-07-06T09:46:10,100.0,169.5,S
2021-07-06T09:45:47,1000.0,169.6,S
2021-07-06T09:45:39,200.0,169.6,B
2021-07-06T09:45:35,100.0,169.6,B
2021-07-06T09:45:30,100.0,169.6,B
2021-07-06T09:45:20,1600.0,169.6,B
2021-07-06T09:44:45,500.0,169.6,S
2021-07-06T09:44:30,300.0,169.7,S
2021-07-06T09:44:22,1000.0,169.8,B
2021-07-06T09:44:17,1000.0,169.7,S
2021-07-06T09:43:30,300.0,169.7,S
2021-07-06T09:43:08,100.0,169.7,S
2021-07-06T09:42:38,500.0,169.7,S
2021-07-06T09:42:37,1000.0,169.8,B
2021-07-06T09:42:19,100.0,169.8,B
2021-07-06T09:41:55,100.0,169.8,B
2021-07-06T09:41:40,200.0,169.8,S
2021-07-06T09:40:58,100.0,169.8,B
2021-07-06T09:40:30,200.0,169.7,S
2021-07-06T09:40:01,100.0,169.7,B
2021-07-06T09:39:31,200.0,169.7,B
2021-07-06T09:39:25,100.0,169.8,S
2021-07-06T09:39:13,1400.0,169.9,B
2021-07-06T09:39:13,100.0,169.9,B
2021-07-06T09:39:13,3500.0,169.9,B
2021-07-06T09:38:51,300.0,169.8,S
2021-07-06T09:38:17,300.0,169.8,S
2021-07-06T09:38:12,500.0,169.8,S
2021-07-06T09:38:08,2000.0,169.8,S
2021-07-06T09:38:07,100.0,169.9,B
2021-07-06T09:38:06,200.0,169.8,S
2021-07-06T09:37:35,1000.0,169.8,S
2021-07-06T09:37:28,300.0,169.9,B
2021-07-06T09:37:11,1800.0,169.8,B
2021-07-06T09:37:08,100.0,169.5,S
2021-07-06T09:36:53,200.0,169.7,B
2021-07-06T09:36:52,300.0,169.5,S
2021-07-06T09:36:44,3300.0,169.7,S
2021-07-06T09:36:32,2700.0,169.7,B
2021-07-06T09:36:32,100.0,169.6,B
2021-07-06T09:36:25,100.0,169.6,B
2021-07-06T09:36:17,200.0,169.6,S
2021-07-06T09:36:10,300.0,169.6,B
2021-07-06T09:35:56,100.0,169.5,S
2021-07-06T09:35:11,3000.0,169.5,S
2021-07-06T09:34:48,2000.0,169.8,B
2021-07-06T09:34:45,1000.0,169.6,S
2021-07-06T09:34:44,1000.0,169.8,B
2021-07-06T09:34:27,100.0,169.7,B
2021-07-06T09:34:04,100.0,169.7,B
2021-07-06T09:33:58,600.0,169.7,B
2021-07-06T09:33:52,1000.0,169.7,B
2021-07-06T09:33:33,700.0,169.7,B
2021-07-06T09:33:18,200.0,169.6,S
2021-07-06T09:33:08,500.0,169.7,B
2021-07-06T09:33:07,2600.0,169.7,B
2021-07-06T09:32:51,200.0,169.7,B
2021-07-06T09:32:00,100.0,169.8,B
2021-07-06T09:31:33,900.0,169.5,S
2021-07-06T09:31:26,1000.0,169.5,S
2021-07-06T09:31:13,100.0,169.6,S
2021-07-06T09:31:13,3900.0,169.6,S
2021-07-06T09:30:36,600.0,169.8,S
2021-07-06T09:30:28,500.0,169.9,B
2021-07-06T09:30:24,800.0,169.8,S
2021-07-06T09:30:12,800.0,169.9,B
2021-07-06T09:30:04,400.0,169.9,B
2021-07-06T09:29:59,500.0,169.9,B
2021-07-06T09:29:39,100.0,169.9,B
2021-07-06T09:29:20,100.0,169.8,S
2021-07-06T09:29:02,1000.0,169.6,S
2021-07-06T09:28:49,100.0,170.0,B
2021-07-06T09:28:46,800.0,170.0,B
2021-07-06T09:28:44,100.0,170.0,B
2021-07-06T09:28:38,100.0,170.0,B
2021-07-06T09:28:34,900.0,170.0,B
2021-07-06T09:28:24,800.0,170.0,B
2021-07-06T09:28:22,900.0,170.0,B
2021-07-06T09:28:13,900.0,170.0,B
2021-07-06T09:28:07,100.0,170.0,B
2021-07-06T09:27:59,1100.0,170.0,B
2021-07-06T09:27:57,900.0,170.0,B
2021-07-06T09:27:55,2000.0,170.0,B
2021-07-06T09:27:50,500.0,170.0,B
2021-07-06T09:27:50,400.0,170.0,B
2021-07-06T09:27:33,2100.0,170.0,B
2021-07-06T09:27:33,100.0,170.0,B
2021-07-06T09:27:33,8300.0,170.0,B
2021-07-06T09:27:17,1000.0,169.5,S
2021-07-06T09:27:17,1000.0,169.5,S
2021-07-06T09:27:14,1000.0,169.5,S
2021-07-06T09:27:10,1100.0,170.0,B
2021-07-06T09:27:10,1200.0,169.9,B
2021-07-06T09:27:10,700.0,169.9,B
2021-07-06T09:27:06,100.0,169.5,S
2021-07-06T09:26:19,100.0,169.9,B
2021-07-06T09:26:05,1000.0,169.5,S
2021-07-06T09:25:55,100.0,169.9,S
2021-07-06T09:25:49,100.0,169.9,B
2021-07-06T09:25:47,1000.0,169.5,S
2021-07-06T09:25:42,400.0,169.9,B
2021-07-06T09:25:42,200.0,169.9,B
2021-07-06T09:25:41,200.0,169.5,S
2021-07-06T09:25:38,500.0,169.9,B
2021-07-06T09:25:24,100.0,169.9,B
2021-07-06T09:25:05,500.0,170.0,B
2021-07-06T09:25:04,900.0,170.0,B
2021-07-06T09:25:01,300.0,169.5,S
2021-07-06T09:24:56,100.0,170.0,B
2021-07-06T09:24:43,800.0,170.0,B
2021-07-06T09:24:40,900.0,170.0,B
2021-07-06T09:24:37,300.0,169.7,S
2021-07-06T09:24:33,100.0,169.7,S
2021-07-06T09:24:23,100.0,169.7,S
2021-07-06T09:24:18,100.0,169.5,S
2021-07-06T09:24:18,300.0,169.5,S
2021-07-06T09:24:12,800.0,170.0,B
2021-07-06T09:24:09,500.0,169.9,S
2021-07-06T09:24:07,1100.0,170.0,B
2021-07-06T09:24:00,300.0,169.9,B
2021-07-06T09:23:59,1000.0,169.9,B
2021-07-06T09:23:59,200.0,169.5,B
2021-07-06T09:23:58,100.0,169.5,B
2021-07-06T09:23:54,200.0,169.5,B
2021-07-06T09:23:49,100.0,169.5,S
2021-07-06T09:23:49,800.0,169.9,B
2021-07-06T09:23:48,200.0,169.5,S
2021-07-06T09:23:44,800.0,169.8,B
2021-07-06T09:23:37,100.0,169.5,B
2021-07-06T09:23:27,900.0,169.5,B
2021-07-06T09:23:21,400.0,169.9,B
2021-07-06T09:23:04,900.0,169.0,S
2021-07-06T09:23:04,700.0,169.0,S
2021-07-06T09:23:04,100.0,169.1,S
2021-07-06T09:22:57,100.0,169.8,B
2021-07-06T09:22:24,300.0,169.0,S
2021-07-06T09:22:10,100.0,170.0,B
2021-07-06T09:22:04,100.0,169.0,S
2021-07-06T09:22:00,100.0,170.0,B
2021-07-06T09:21:51,100.0,169.0,S
2021-07-06T09:21:47,200.0,169.0,B
2021-07-06T09:21:46,200.0,169.0,B
2021-07-06T09:21:38,400.0,169.0,S
2021-07-06T09:21:34,800.0,169.0,S
2021-07-06T09:21:28,100.0,170.0,B
2021-07-06T09:21:27,1000.0,170.0,S
2021-07-06T09:21:22,300.0,170.0,S
2021-07-06T09:21:18,500.0,170.0,S
2021-07-06T09:21:16,100.0,170.0,S
2021-07-06T09:21:15,1100.0,170.0,B
2021-07-06T09:21:09,200.0,170.0,B
2021-07-06T09:21:03,200.0,169.0,B
2021-07-06T09:20:52,200.0,169.0,B
2021-07-06T09:20:51,500.0,169.0,B
2021-07-06T09:20:51,1700.0,169.0,S
2021-07-06T09:20:51,1900.0,169.0,S
2021-07-06T09:20:51,200.0,169.0,S
2021-07-06T09:20:51,2100.0,169.0,S
2021-07-06T09:20:51,3200.0,170.0,S
2021-07-06T09:20:44,500.0,170.0,S
2021-07-06T09:20:26,100.0,170.0,S
2021-07-06T09:20:26,200.0,170.0,S
2021-07-06T09:20:26,200.0,170.0,S
2021-07-06T09:20:22,100.0,170.0,S
2021-07-06T09:20:20,100.0,170.2,B
2021-07-06T09:20:14,100.0,170.0,S
2021-07-06T09:20:00,200.0,170.2,B
2021-07-06T09:19:47,700.0,170.0,S
2021-07-06T09:19:47,300.0,170.0,S
2021-07-06T09:19:40,2000.0,170.0,S
2021-07-06T09:19:32,100.0,170.6,B
2021-07-06T09:19:30,100.0,170.2,S
2021-07-06T09:19:15,500.0,169.0,S
2021-07-06T09:19:15,4500.0,169.8,S
2021-07-06T09:19:13,500.0,170.5,S
2021-07-06T09:19:11,100.0,170.5,S
2021-07-06T09:19:04,100.0,169.9,S
2021-07-06T09:19:04,2600.0,170.0,S
2021-07-06T09:19:04,2300.0,170.0,S
2021-07-06T09:19:04,600.0,170.6,B
2021-07-06T09:19:00,200.0,170.5,B
2021-07-06T09:18:55,1000.0,170.5,B
2021-07-06T09:18:50,600.0,170.5,S
2021-07-06T09:18:49,100.0,170.7,B
2021-07-06T09:18:44,100.0,170.5,S
2021-07-06T09:18:41,100.0,170.5,S
2021-07-06T09:18:41,300.0,170.7,B
2021-07-06T09:18:39,500.0,170.5,S
2021-07-06T09:18:38,200.0,170.5,B
2021-07-06T09:18:37,100.0,170.4,S
2021-07-06T09:18:37,300.0,170.5,B
2021-07-06T09:18:35,200.0,170.5,B
2021-07-06T09:18:34,100.0,170.5,B
2021-07-06T09:18:34,100.0,170.5,B
2021-07-06T09:18:30,100.0,170.4,S
2021-07-06T09:18:30,500.0,170.5,B
2021-07-06T09:18:18,200.0,170.5,B
2021-07-06T09:18:07,800.0,170.0,S
2021-07-06T09:18:06,300.0,170.0,S
2021-07-06T09:18:05,100.0,170.5,B
2021-07-06T09:18:04,2000.0,170.0,S
2021-07-06T09:18:03,300.0,170.0,S
2021-07-06T09:18:02,1200.0,170.5,B
2021-07-06T09:17:53,100.0,170.0,S
2021-07-06T09:17:43,300.0,170.0,S
2021-07-06T09:17:42,100.0,170.0,S
2021-07-06T09:17:42,500.0,170.0,S
2021-07-06T09:17:41,300.0,170.0,S
2021-07-06T09:17:39,500.0,170.0,S
2021-07-06T09:17:38,100.0,170.0,B
2021-07-06T09:17:38,100.0,170.0,B
2021-07-06T09:17:38,1700.0,170.0,B
2021-07-06T09:17:38,2000.0,170.0,B
2021-07-06T09:17:38,300.0,170.0,B
2021-07-06T09:17:38,2900.0,170.0,B
2021-07-06T09:17:38,100.0,170.0,B
2021-07-06T09:17:38,2200.0,170.0,B
2021-07-06T09:17:38,100.0,170.0,B
2021-07-06T09:17:38,300.0,169.9,B
2021-07-06T09:17:38,900.0,169.9,B
2021-07-06T09:17:31,1000.0,169.9,B
2021-07-06T09:17:29,100.0,169.9,B
2021-07-06T09:17:25,300.0,169.9,B
2021-07-06T09:17:24,800.0,169.9,B
2021-07-06T09:17:19,1100.0,169.9,B
2021-07-06T09:17:15,100.0,169.8,B
2021-07-06T09:17:12,100.0,169.8,B
2021-07-06T09:17:12,1800.0,169.8,B
2021-07-06T09:17:10,100.0,169.8,B
2021-07-06T09:17:04,400.0,169.8,S
2021-07-06T09:16:58,500.0,169.8,S
2021-07-06T09:16:56,400.0,169.9,B
2021-07-06T09:16:53,1000.0,169.9,B
2021-07-06T09:16:52,100.0,169.9,B
2021-07-06T09:16:51,900.0,169.9,B
2021-07-06T09:16:49,500.0,169.9,B
2021-07-06T09:16:48,800.0,169.9,B
2021-07-06T09:16:36,800.0,169.9,B
2021-07-06T09:16:36,2000.0,169.8,S
2021-07-06T09:16:23,1200.0,169.8,B
2021-07-06T09:16:20,400.0,169.9,B
2021-07-06T09:16:20,600.0,169.8,B
2021-07-06T09:16:18,1000.0,169.8,B
2021-07-06T09:16:17,200.0,168.9,B
2021-07-06T09:16:12,800.0,169.8,B
2021-07-06T09:16:12,300.0,169.8,B
2021-07-06T09:16:11,100.0,169.8,B
2021-07-06T09:16:08,800.0,169.8,B
2021-07-06T09:16:05,400.0,169.8,B
2021-07-06T09:16:03,300.0,169.9,B
2021-07-06T09:16:02,1000.0,169.9,B
2021-07-06T09:15:55,800.0,169.9,B
2021-07-06T09:15:55,100.0,169.8,B
2021-07-06T09:15:42,900.0,169.8,B
2021-07-06T09:15:35,1100.0,168.9,B
2021-07-06T09:15:33,900.0,168.9,B
2021-07-06T09:15:33,300.0,168.5,B
2021-07-06T09:15:33,1900.0,168.5,B
2021-07-06T09:15:20,500.0,168.1,S
2021-07-06T09:15:18,100.0,168.5,B
2021-07-06T09:15:17,900.0,168.5,B
2021-07-06T09:15:09,200.0,168.5,B
