tradingTime,volume,price,side
2021-07-06T13:23:14,900.0,38.6,S
2021-07-06T13:23:08,100.0,38.65,B
2021-07-06T13:22:55,5000.0,38.6,S
2021-07-06T13:21:35,200.0,38.65,B
2021-07-06T13:21:25,1900.0,38.65,S
2021-07-06T13:21:02,200.0,38.65,S
2021-07-06T13:20:46,300.0,38.65,S
2021-07-06T13:20:46,300.0,38.65,S
2021-07-06T13:20:46,400.0,38.65,S
2021-07-06T13:20:22,2000.0,38.65,S
2021-07-06T13:20:04,100.0,38.65,S
2021-07-06T13:19:28,500.0,38.65,S
2021-07-06T13:18:59,2000.0,38.65,S
2021-07-06T13:18:59,700.0,38.65,S
2021-07-06T13:18:59,1200.0,38.65,S
2021-07-06T13:18:59,100.0,38.65,S
2021-07-06T13:18:34,300.0,38.65,S
2021-07-06T13:18:33,5000.0,38.65,S
2021-07-06T13:18:29,200.0,38.65,S
2021-07-06T13:18:23,200.0,38.65,S
2021-07-06T13:18:13,100.0,38.65,S
2021-07-06T13:17:51,100.0,38.65,S
2021-07-06T13:17:51,900.0,38.65,S
2021-07-06T13:17:37,200.0,38.65,S
2021-07-06T13:17:07,500.0,38.65,S
2021-07-06T13:16:18,400.0,38.65,S
2021-07-06T13:16:09,100.0,38.65,S
2021-07-06T13:15:58,1000.0,38.65,S
2021-07-06T13:14:56,400.0,38.65,S
2021-07-06T13:14:56,2500.0,38.65,S
2021-07-06T13:14:56,100.0,38.65,S
2021-07-06T13:14:11,1000.0,38.65,S
2021-07-06T13:13:10,400.0,38.65,S
2021-07-06T13:13:04,4800.0,38.65,B
2021-07-06T13:12:21,100.0,38.65,B
2021-07-06T13:11:42,2000.0,38.65,B
2021-07-06T13:11:39,900.0,38.65,B
2021-07-06T13:11:35,300.0,38.65,B
2021-07-06T13:11:33,2600.0,38.65,B
2021-07-06T13:11:21,100.0,38.65,B
2021-07-06T13:11:02,200.0,38.65,B
2021-07-06T13:10:54,400.0,38.6,S
2021-07-06T13:10:46,1000.0,38.6,S
2021-07-06T13:09:44,500.0,38.6,S
2021-07-06T13:09:17,800.0,38.6,S
2021-07-06T13:09:17,200.0,38.6,S
2021-07-06T13:08:55,100.0,38.65,B
2021-07-06T13:08:34,100.0,38.65,B
2021-07-06T13:08:29,100.0,38.65,B
2021-07-06T13:08:27,500.0,38.65,S
2021-07-06T13:08:27,400.0,38.65,S
2021-07-06T13:08:25,200.0,38.65,S
2021-07-06T13:08:12,300.0,38.65,S
2021-07-06T13:08:12,600.0,38.65,S
2021-07-06T13:08:07,100.0,38.65,S
2021-07-06T13:07:40,100.0,38.65,S
2021-07-06T13:06:54,200.0,38.65,S
2021-07-06T13:06:33,500.0,38.65,S
2021-07-06T13:05:49,4000.0,38.65,S
2021-07-06T13:05:42,500.0,38.65,S
2021-07-06T13:04:49,500.0,38.65,S
2021-07-06T13:04:27,200.0,38.65,S
2021-07-06T13:04:26,2500.0,38.65,S
2021-07-06T13:03:19,500.0,38.65,S
2021-07-06T13:02:36,3000.0,38.65,S
2021-07-06T13:02:30,1000.0,38.65,S
2021-07-06T13:02:27,2000.0,38.65,S
2021-07-06T13:02:20,200.0,38.65,S
2021-07-06T13:02:17,500.0,38.65,S
2021-07-06T13:02:08,100.0,38.7,B
2021-07-06T13:02:04,100.0,38.65,S
2021-07-06T13:01:55,3000.0,38.65,S
2021-07-06T13:01:31,100.0,38.7,B
2021-07-06T13:01:20,500.0,38.7,B
2021-07-06T13:00:23,200.0,38.7,B
2021-07-06T13:00:22,100.0,38.7,B
2021-07-06T13:00:22,1000.0,38.65,S
2021-07-06T13:00:16,1000.0,38.7,B
2021-07-06T13:00:16,7200.0,38.7,B
2021-07-06T13:00:16,100.0,38.7,B
2021-07-06T13:00:12,1000.0,38.7,B
2021-07-06T13:00:08,200.0,38.7,B
2021-07-06T13:00:08,300.0,38.7,B
2021-07-06T13:00:07,100.0,38.65,S
2021-07-06T13:00:02,200.0,38.7,B
2021-07-06T13:00:02,800.0,38.7,B
2021-07-06T13:00:00,100.0,38.7,B
2021-07-06T11:29:40,3800.0,38.7,B
2021-07-06T11:29:38,500.0,38.7,B
2021-07-06T11:28:32,300.0,38.7,B
2021-07-06T11:28:19,3200.0,38.65,S
2021-07-06T11:28:19,200.0,38.65,S
2021-07-06T11:28:19,600.0,38.65,S
2021-07-06T11:28:19,1200.0,38.65,S
2021-07-06T11:28:19,2000.0,38.65,S
2021-07-06T11:28:19,1500.0,38.65,S
2021-07-06T11:28:19,1300.0,38.65,S
2021-07-06T11:27:56,600.0,38.7,B
2021-07-06T11:27:40,1000.0,38.7,B
2021-07-06T11:27:35,2000.0,38.7,B
2021-07-06T11:27:34,400.0,38.65,S
2021-07-06T11:26:38,3800.0,38.65,S
2021-07-06T11:26:24,2000.0,38.65,S
2021-07-06T11:25:57,1300.0,38.65,S
2021-07-06T11:25:39,3000.0,38.65,S
2021-07-06T11:25:29,100.0,38.7,B
2021-07-06T11:25:12,1000.0,38.7,B
2021-07-06T11:24:49,100.0,38.7,B
2021-07-06T11:24:31,700.0,38.7,B
2021-07-06T11:24:11,300.0,38.7,B
2021-07-06T11:23:40,1000.0,38.7,S
2021-07-06T11:23:34,300.0,38.7,S
2021-07-06T11:23:20,2400.0,38.7,B
2021-07-06T11:23:14,100.0,38.7,B
2021-07-06T11:23:13,200.0,38.7,B
2021-07-06T11:22:56,100.0,38.7,B
2021-07-06T11:22:51,5000.0,38.7,B
2021-07-06T11:22:47,600.0,38.7,B
2021-07-06T11:22:44,400.0,38.7,B
2021-07-06T11:22:30,1000.0,38.7,B
2021-07-06T11:22:27,200.0,38.7,B
2021-07-06T11:22:09,500.0,38.65,S
2021-07-06T11:21:57,1000.0,38.65,S
2021-07-06T11:21:12,5000.0,38.7,B
2021-07-06T11:21:09,200.0,38.65,S
2021-07-06T11:21:07,5000.0,38.7,B
2021-07-06T11:21:05,700.0,38.7,B
2021-07-06T11:20:41,1000.0,38.7,B
2021-07-06T11:19:51,5800.0,38.7,S
2021-07-06T11:19:45,800.0,38.7,S
2021-07-06T11:19:45,100.0,38.7,S
2021-07-06T11:19:45,100.0,38.7,S
2021-07-06T11:19:33,100.0,38.7,S
2021-07-06T11:19:17,500.0,38.7,S
2021-07-06T11:19:12,1000.0,38.7,S
2021-07-06T11:19:12,1200.0,38.7,S
2021-07-06T11:19:12,900.0,38.7,S
2021-07-06T11:19:12,7000.0,38.7,S
2021-07-06T11:19:12,2000.0,38.7,S
2021-07-06T11:19:12,200.0,38.7,S
2021-07-06T11:19:12,1500.0,38.7,S
2021-07-06T11:19:12,600.0,38.7,S
2021-07-06T11:19:12,5300.0,38.7,S
2021-07-06T11:19:12,10300.0,38.7,S
2021-07-06T11:18:33,2000.0,38.7,S
2021-07-06T11:18:33,3000.0,38.7,S
2021-07-06T11:18:33,5200.0,38.7,S
2021-07-06T11:16:55,500.0,38.7,S
2021-07-06T11:15:57,700.0,38.75,B
2021-07-06T11:15:16,200.0,38.75,B
2021-07-06T11:14:18,600.0,38.75,B
2021-07-06T11:13:39,500.0,38.7,S
2021-07-06T11:12:37,100.0,38.75,B
2021-07-06T11:12:34,700.0,38.75,B
2021-07-06T11:11:49,100.0,38.75,B
2021-07-06T11:11:34,200.0,38.75,S
2021-07-06T11:11:27,2600.0,38.75,S
2021-07-06T11:10:21,300.0,38.75,S
2021-07-06T11:10:10,500.0,38.75,S
2021-07-06T11:09:51,3700.0,38.75,S
2021-07-06T11:09:51,300.0,38.75,S
2021-07-06T11:09:46,100.0,38.8,B
2021-07-06T11:09:38,400.0,38.75,S
2021-07-06T11:09:12,500.0,38.75,S
2021-07-06T11:09:12,1500.0,38.75,S
2021-07-06T11:09:06,100.0,38.75,S
2021-07-06T11:08:50,1700.0,38.75,S
2021-07-06T11:08:50,300.0,38.75,S
2021-07-06T11:08:39,100.0,38.75,S
2021-07-06T11:08:15,500.0,38.75,S
2021-07-06T11:06:54,200.0,38.75,S
2021-07-06T11:05:14,1000.0,38.75,S
2021-07-06T11:04:17,500.0,38.75,S
2021-07-06T11:04:11,3000.0,38.75,B
2021-07-06T11:04:08,6900.0,38.7,S
2021-07-06T11:04:01,200.0,38.75,B
2021-07-06T11:04:01,500.0,38.75,B
2021-07-06T11:03:58,700.0,38.75,B
2021-07-06T11:03:56,100.0,38.75,B
2021-07-06T11:03:02,1700.0,38.75,S
2021-07-06T11:03:01,2000.0,38.75,S
2021-07-06T11:02:52,200.0,38.75,S
2021-07-06T11:02:52,300.0,38.75,S
2021-07-06T11:02:39,1400.0,38.75,S
2021-07-06T11:02:30,100.0,38.75,S
2021-07-06T11:02:06,4000.0,38.75,S
2021-07-06T11:02:04,5000.0,38.75,S
2021-07-06T11:01:59,600.0,38.75,S
2021-07-06T11:01:51,1000.0,38.75,S
2021-07-06T11:01:47,300.0,38.8,B
2021-07-06T11:01:44,2000.0,38.75,S
2021-07-06T11:01:09,8000.0,38.75,S
2021-07-06T11:00:41,3000.0,38.75,S
2021-07-06T11:00:19,400.0,38.75,S
2021-07-06T11:00:16,100.0,38.8,B
2021-07-06T10:59:56,200.0,38.8,B
2021-07-06T10:59:11,500.0,38.8,B
2021-07-06T10:58:54,700.0,38.8,B
2021-07-06T10:57:11,700.0,38.8,B
2021-07-06T10:56:11,800.0,38.8,B
2021-07-06T10:56:08,2200.0,38.8,S
2021-07-06T10:55:39,3000.0,38.8,B
2021-07-06T10:55:34,100.0,38.8,B
2021-07-06T10:55:28,700.0,38.8,B
2021-07-06T10:55:25,500.0,38.8,B
2021-07-06T10:55:11,200.0,38.8,B
2021-07-06T10:54:43,100.0,38.8,S
2021-07-06T10:54:43,1200.0,38.8,S
2021-07-06T10:54:43,3400.0,38.8,S
2021-07-06T10:54:43,1800.0,38.8,S
2021-07-06T10:54:43,400.0,38.8,S
2021-07-06T10:54:43,6900.0,38.8,S
2021-07-06T10:54:36,300.0,38.85,B
2021-07-06T10:54:23,100.0,38.85,B
2021-07-06T10:54:10,100.0,38.85,B
2021-07-06T10:53:46,1000.0,38.85,B
2021-07-06T10:53:46,700.0,38.85,B
2021-07-06T10:53:42,300.0,38.85,B
2021-07-06T10:53:32,300.0,38.85,B
2021-07-06T10:53:09,300.0,38.85,B
2021-07-06T10:53:06,100.0,38.85,B
2021-07-06T10:53:02,1000.0,38.85,B
2021-07-06T10:52:56,1200.0,38.85,B
2021-07-06T10:52:47,300.0,38.85,B
2021-07-06T10:52:28,300.0,38.85,B
2021-07-06T10:52:03,800.0,38.85,B
2021-07-06T10:51:56,300.0,38.85,B
2021-07-06T10:51:45,100.0,38.8,S
2021-07-06T10:51:34,2300.0,38.8,S
2021-07-06T10:50:44,500.0,38.8,S
2021-07-06T10:50:31,2000.0,38.8,S
2021-07-06T10:50:06,700.0,38.8,S
2021-07-06T10:49:51,600.0,38.8,S
2021-07-06T10:49:33,2000.0,38.8,S
2021-07-06T10:49:31,1000.0,38.85,B
2021-07-06T10:49:22,1000.0,38.8,S
2021-07-06T10:47:40,100.0,38.8,S
2021-07-06T10:47:30,5000.0,38.8,S
2021-07-06T10:46:51,200.0,38.8,S
2021-07-06T10:46:49,1800.0,38.8,S
2021-07-06T10:46:28,100.0,38.85,B
2021-07-06T10:46:15,100.0,38.85,B
2021-07-06T10:46:04,100.0,38.85,B
2021-07-06T10:45:30,100.0,38.85,B
2021-07-06T10:45:13,700.0,38.85,B
2021-07-06T10:44:37,200.0,38.85,B
2021-07-06T10:43:44,100.0,38.85,B
2021-07-06T10:43:31,800.0,38.85,B
2021-07-06T10:42:50,100.0,38.85,B
2021-07-06T10:42:37,1500.0,38.8,S
2021-07-06T10:41:57,300.0,38.8,S
2021-07-06T10:41:57,1300.0,38.8,S
2021-07-06T10:41:57,8400.0,38.8,S
2021-07-06T10:41:35,300.0,38.8,S
2021-07-06T10:41:28,400.0,38.8,S
2021-07-06T10:40:59,3000.0,38.8,S
2021-07-06T10:40:27,500.0,38.8,S
2021-07-06T10:40:03,300.0,38.8,S
2021-07-06T10:39:47,1000.0,38.85,B
2021-07-06T10:39:01,100.0,38.85,B
2021-07-06T10:38:30,100.0,38.8,S
2021-07-06T10:37:13,1000.0,38.8,S
2021-07-06T10:36:48,3500.0,38.8,S
2021-07-06T10:36:48,400.0,38.8,S
2021-07-06T10:36:48,6600.0,38.8,S
2021-07-06T10:36:48,4000.0,38.8,S
2021-07-06T10:36:48,5500.0,38.8,S
2021-07-06T10:36:34,200.0,38.8,S
2021-07-06T10:36:20,100.0,38.85,B
2021-07-06T10:36:14,6100.0,38.85,S
2021-07-06T10:36:14,5400.0,38.85,S
2021-07-06T10:36:14,1500.0,38.85,S
2021-07-06T10:36:12,300.0,38.85,S
2021-07-06T10:35:53,300.0,38.85,S
2021-07-06T10:35:10,10000.0,38.85,S
2021-07-06T10:34:51,3000.0,38.85,S
2021-07-06T10:34:06,500.0,38.9,B
2021-07-06T10:34:00,100.0,38.9,B
2021-07-06T10:33:49,100.0,38.9,B
2021-07-06T10:33:34,1000.0,38.85,S
2021-07-06T10:33:25,100.0,38.9,B
2021-07-06T10:33:18,100.0,38.9,B
2021-07-06T10:33:13,100.0,38.9,B
2021-07-06T10:32:48,300.0,38.9,B
2021-07-06T10:32:26,100.0,38.9,B
2021-07-06T10:32:13,100.0,38.9,B
2021-07-06T10:32:10,100.0,38.9,B
2021-07-06T10:31:06,100.0,38.9,B
2021-07-06T10:30:26,100.0,38.9,B
2021-07-06T10:29:56,100.0,38.9,B
2021-07-06T10:29:56,100.0,38.9,B
2021-07-06T10:29:47,100.0,38.9,B
2021-07-06T10:29:43,1000.0,38.9,B
2021-07-06T10:29:35,100.0,38.9,B
2021-07-06T10:29:20,2000.0,38.9,B
2021-07-06T10:28:36,300.0,38.85,S
2021-07-06T10:27:58,1000.0,38.85,S
2021-07-06T10:27:21,1000.0,38.85,S
2021-07-06T10:26:10,3000.0,38.85,S
2021-07-06T10:25:48,3500.0,38.85,B
2021-07-06T10:25:34,1800.0,38.85,S
2021-07-06T10:25:34,1800.0,38.85,S
2021-07-06T10:25:34,3900.0,38.85,S
2021-07-06T10:25:03,500.0,38.85,S
2021-07-06T10:25:02,3500.0,38.85,S
2021-07-06T10:24:51,5000.0,38.85,S
2021-07-06T10:24:45,200.0,38.85,S
2021-07-06T10:24:33,1100.0,38.85,S
2021-07-06T10:24:33,3900.0,38.85,S
2021-07-06T10:24:14,200.0,38.85,S
2021-07-06T10:24:02,2600.0,38.9,S
2021-07-06T10:24:02,1000.0,38.9,S
2021-07-06T10:23:58,100.0,38.9,S
2021-07-06T10:23:57,100.0,38.9,S
2021-07-06T10:23:51,4000.0,38.9,S
2021-07-06T10:23:39,900.0,38.9,S
2021-07-06T10:23:38,2000.0,38.9,S
2021-07-06T10:23:36,500.0,38.9,S
2021-07-06T10:23:25,300.0,38.9,S
2021-07-06T10:23:23,1000.0,38.9,S
2021-07-06T10:23:02,100.0,38.9,S
2021-07-06T10:23:00,500.0,38.9,S
2021-07-06T10:22:28,1000.0,38.9,S
2021-07-06T10:22:27,300.0,38.9,S
2021-07-06T10:22:23,700.0,38.9,S
2021-07-06T10:22:19,100.0,38.9,S
2021-07-06T10:22:04,5000.0,38.9,S
2021-07-06T10:21:26,600.0,38.9,S
2021-07-06T10:20:27,200.0,38.9,S
2021-07-06T10:20:02,200.0,38.9,S
2021-07-06T10:19:31,100.0,38.9,S
2021-07-06T10:19:23,5000.0,38.9,S
2021-07-06T10:19:15,900.0,38.9,S
2021-07-06T10:19:04,200.0,38.95,B
2021-07-06T10:18:41,200.0,38.9,S
2021-07-06T10:18:24,100.0,38.95,B
2021-07-06T10:18:24,2800.0,38.95,S
2021-07-06T10:18:23,1200.0,38.95,B
2021-07-06T10:18:02,100.0,38.9,S
2021-07-06T10:17:12,200.0,38.9,S
2021-07-06T10:16:56,500.0,39.0,B
2021-07-06T10:16:54,100.0,38.95,B
2021-07-06T10:16:33,100.0,38.95,S
2021-07-06T10:16:19,3000.0,39.0,B
2021-07-06T10:16:13,100.0,39.0,S
2021-07-06T10:16:13,2400.0,39.0,S
2021-07-06T10:16:10,500.0,39.0,S
2021-07-06T10:16:05,100.0,39.0,S
2021-07-06T10:16:04,2000.0,39.0,S
2021-07-06T10:16:04,10000.0,39.0,S
2021-07-06T10:16:04,8000.0,39.0,S
2021-07-06T10:15:49,100.0,39.0,S
2021-07-06T10:15:49,1000.0,39.0,S
2021-07-06T10:15:46,200.0,39.0,S
2021-07-06T10:15:35,2000.0,39.0,S
2021-07-06T10:15:31,300.0,39.0,B
2021-07-06T10:15:29,100.0,39.0,B
2021-07-06T10:15:27,100.0,39.0,B
2021-07-06T10:15:27,800.0,39.0,B
2021-07-06T10:15:27,3200.0,39.0,B
2021-07-06T10:15:23,4200.0,39.0,B
2021-07-06T10:15:23,5800.0,39.0,B
2021-07-06T10:15:20,1500.0,39.0,B
2021-07-06T10:15:13,8100.0,39.0,B
2021-07-06T10:15:13,500.0,39.0,B
2021-07-06T10:15:13,400.0,39.0,B
2021-07-06T10:15:13,800.0,39.0,B
2021-07-06T10:15:13,200.0,39.0,B
2021-07-06T10:15:08,5000.0,39.0,B
2021-07-06T10:15:00,1300.0,39.0,B
2021-07-06T10:14:54,19400.0,39.0,B
2021-07-06T10:14:54,10600.0,39.0,B
2021-07-06T10:14:54,2300.0,38.95,B
2021-07-06T10:14:54,400.0,38.95,B
2021-07-06T10:14:54,300.0,38.95,B
2021-07-06T10:14:37,1700.0,38.9,S
2021-07-06T10:14:15,400.0,38.9,B
2021-07-06T10:14:15,1800.0,38.9,B
2021-07-06T10:14:15,8800.0,38.9,B
2021-07-06T10:14:09,1000.0,38.9,B
2021-07-06T10:14:08,1000.0,38.9,B
2021-07-06T10:13:45,2000.0,38.85,S
2021-07-06T10:13:42,5000.0,38.9,B
2021-07-06T10:13:30,2600.0,38.9,B
2021-07-06T10:13:15,1000.0,38.9,B
2021-07-06T10:12:37,2000.0,38.85,S
2021-07-06T10:12:31,500.0,38.85,S
2021-07-06T10:12:26,900.0,38.9,B
2021-07-06T10:12:26,1300.0,38.9,B
2021-07-06T10:12:26,700.0,38.9,B
2021-07-06T10:12:26,1600.0,38.9,B
2021-07-06T10:12:11,3000.0,38.9,B
2021-07-06T10:11:56,500.0,38.85,S
2021-07-06T10:11:51,100.0,38.85,S
2021-07-06T10:11:47,900.0,38.85,S
2021-07-06T10:11:35,18900.0,38.85,B
2021-07-06T10:11:09,800.0,38.85,B
2021-07-06T10:11:03,2000.0,38.8,S
2021-07-06T10:10:55,200.0,38.8,S
2021-07-06T10:10:47,200.0,38.8,S
2021-07-06T10:10:34,200.0,38.8,S
2021-07-06T10:10:30,700.0,38.8,S
2021-07-06T10:10:28,300.0,38.85,B
2021-07-06T10:09:31,400.0,38.8,S
2021-07-06T10:09:16,1600.0,38.8,S
2021-07-06T10:09:07,100.0,38.8,S
2021-07-06T10:08:38,2000.0,38.8,B
2021-07-06T10:08:38,3200.0,38.8,B
2021-07-06T10:08:34,1000.0,38.8,B
2021-07-06T10:07:58,2000.0,38.8,B
2021-07-06T10:07:50,1000.0,38.75,S
2021-07-06T10:07:50,2000.0,38.75,S
2021-07-06T10:07:46,300.0,38.75,S
2021-07-06T10:06:57,900.0,38.75,S
2021-07-06T10:06:44,300.0,38.75,S
2021-07-06T10:06:36,1000.0,38.75,S
2021-07-06T10:05:51,1000.0,38.75,S
2021-07-06T10:05:49,2000.0,38.8,B
2021-07-06T10:04:58,1000.0,38.8,B
2021-07-06T10:04:15,100.0,38.8,B
2021-07-06T10:04:07,1500.0,38.8,B
2021-07-06T10:03:09,2000.0,38.75,S
2021-07-06T10:02:53,600.0,38.8,S
2021-07-06T10:02:49,5000.0,38.8,S
2021-07-06T10:02:42,1000.0,38.8,S
2021-07-06T10:02:32,1600.0,38.8,S
2021-07-06T10:02:32,100.0,38.8,S
2021-07-06T10:02:32,300.0,38.8,S
2021-07-06T10:02:19,400.0,38.8,S
2021-07-06T10:02:11,2000.0,38.85,B
2021-07-06T10:01:36,300.0,38.85,B
2021-07-06T10:01:10,400.0,38.8,S
2021-07-06T10:01:10,100.0,38.8,S
2021-07-06T10:01:10,1500.0,38.8,S
2021-07-06T10:01:09,1900.0,38.8,S
2021-07-06T09:59:45,1000.0,38.85,B
2021-07-06T09:59:36,4000.0,38.85,S
2021-07-06T09:59:22,800.0,38.85,S
2021-07-06T09:59:14,200.0,38.85,S
2021-07-06T09:58:40,100.0,38.85,S
2021-07-06T09:57:21,4200.0,38.85,B
2021-07-06T09:57:21,500.0,38.85,B
2021-07-06T09:56:27,10400.0,38.85,B
2021-07-06T09:56:16,500.0,38.85,B
2021-07-06T09:56:13,1500.0,38.8,S
2021-07-06T09:56:13,100.0,38.85,B
2021-07-06T09:55:07,3000.0,38.8,S
2021-07-06T09:55:07,1000.0,38.8,B
2021-07-06T09:54:49,100.0,38.7,S
2021-07-06T09:54:45,100.0,38.7,S
2021-07-06T09:54:24,200.0,38.7,S
2021-07-06T09:54:07,1100.0,38.7,S
2021-07-06T09:54:00,300.0,38.7,S
2021-07-06T09:52:43,6900.0,38.7,S
2021-07-06T09:52:43,2000.0,38.75,S
2021-07-06T09:52:43,2000.0,38.75,S
2021-07-06T09:52:43,900.0,38.75,S
2021-07-06T09:52:43,700.0,38.75,S
2021-07-06T09:52:43,5300.0,38.75,S
2021-07-06T09:52:43,3300.0,38.75,S
2021-07-06T09:52:43,100.0,38.8,S
2021-07-06T09:52:43,1000.0,38.8,S
2021-07-06T09:52:43,100.0,38.8,S
2021-07-06T09:52:43,500.0,38.8,S
2021-07-06T09:52:43,300.0,38.8,S
2021-07-06T09:52:43,200.0,38.8,S
2021-07-06T09:52:43,6700.0,38.8,S
2021-07-06T09:52:33,500.0,38.8,S
2021-07-06T09:52:12,4000.0,38.8,S
2021-07-06T09:51:55,1000.0,38.85,S
2021-07-06T09:51:32,600.0,38.85,S
2021-07-06T09:50:47,100.0,38.85,S
2021-07-06T09:50:13,200.0,38.85,S
2021-07-06T09:49:45,100.0,38.85,S
2021-07-06T09:49:41,2000.0,38.85,S
2021-07-06T09:49:40,2000.0,38.85,S
2021-07-06T09:49:35,100.0,38.85,S
2021-07-06T09:49:23,500.0,38.85,S
2021-07-06T09:48:57,500.0,38.85,S
2021-07-06T09:48:36,1000.0,38.85,S
2021-07-06T09:48:31,100.0,38.85,S
2021-07-06T09:48:31,100.0,38.85,S
2021-07-06T09:48:31,1800.0,38.85,S
2021-07-06T09:47:48,3000.0,38.85,S
2021-07-06T09:47:14,200.0,38.85,S
2021-07-06T09:46:59,100.0,38.85,S
2021-07-06T09:46:39,3000.0,38.85,S
2021-07-06T09:46:00,200.0,38.85,S
2021-07-06T09:45:56,100.0,38.85,S
2021-07-06T09:45:10,300.0,38.85,S
2021-07-06T09:44:33,500.0,38.85,S
2021-07-06T09:44:18,2000.0,38.85,S
2021-07-06T09:44:12,200.0,38.9,B
2021-07-06T09:43:50,200.0,38.9,B
2021-07-06T09:42:26,400.0,38.9,B
2021-07-06T09:42:24,1000.0,38.85,S
2021-07-06T09:42:14,900.0,38.85,S
2021-07-06T09:42:13,300.0,38.85,S
2021-07-06T09:41:49,100.0,38.85,S
2021-07-06T09:41:34,100.0,38.9,B
2021-07-06T09:41:30,300.0,38.85,S
2021-07-06T09:41:27,2000.0,38.85,S
2021-07-06T09:41:18,100.0,38.85,S
2021-07-06T09:41:15,1000.0,38.85,S
2021-07-06T09:40:24,200.0,38.85,S
2021-07-06T09:40:22,1000.0,38.85,S
2021-07-06T09:40:08,1000.0,38.85,S
2021-07-06T09:39:44,100.0,38.85,S
2021-07-06T09:39:27,200.0,38.85,S
2021-07-06T09:38:53,1300.0,38.85,B
2021-07-06T09:38:49,700.0,38.85,B
2021-07-06T09:38:14,100.0,38.85,S
2021-07-06T09:37:52,400.0,38.85,S
2021-07-06T09:37:50,1000.0,38.85,S
2021-07-06T09:37:23,1500.0,38.85,S
2021-07-06T09:37:23,1000.0,38.85,S
2021-07-06T09:37:22,500.0,38.85,S
2021-07-06T09:36:56,100.0,38.85,S
2021-07-06T09:36:51,500.0,38.85,S
2021-07-06T09:36:38,200.0,38.85,S
2021-07-06T09:36:36,200.0,38.85,B
2021-07-06T09:36:36,1200.0,38.85,B
2021-07-06T09:36:36,4200.0,38.85,B
2021-07-06T09:36:36,5800.0,38.85,B
2021-07-06T09:36:27,300.0,38.8,S
2021-07-06T09:36:24,500.0,38.85,B
2021-07-06T09:35:56,800.0,38.85,B
2021-07-06T09:35:56,200.0,38.85,B
2021-07-06T09:35:52,100.0,38.85,B
2021-07-06T09:34:06,500.0,38.85,B
2021-07-06T09:34:06,400.0,38.8,S
2021-07-06T09:33:27,100.0,38.85,B
2021-07-06T09:33:26,1000.0,38.8,S
2021-07-06T09:33:14,1000.0,38.85,B
2021-07-06T09:33:11,200.0,38.8,S
2021-07-06T09:32:35,100.0,38.85,B
2021-07-06T09:32:29,300.0,38.85,B
2021-07-06T09:32:19,3000.0,38.85,B
2021-07-06T09:32:06,300.0,38.85,B
2021-07-06T09:31:57,2000.0,38.85,B
2021-07-06T09:31:41,2000.0,38.85,B
2021-07-06T09:31:40,500.0,38.8,S
2021-07-06T09:31:24,500.0,38.8,S
2021-07-06T09:30:43,100.0,38.85,B
2021-07-06T09:30:30,200.0,38.85,B
2021-07-06T09:30:30,1800.0,38.85,B
2021-07-06T09:30:28,200.0,38.85,B
2021-07-06T09:30:25,400.0,38.8,S
2021-07-06T09:30:20,100.0,38.8,S
2021-07-06T09:30:02,200.0,38.85,B
2021-07-06T09:29:46,200.0,38.85,B
2021-07-06T09:28:52,600.0,38.8,S
2021-07-06T09:28:51,500.0,38.8,S
2021-07-06T09:28:44,1400.0,38.8,S
2021-07-06T09:28:22,500.0,38.8,S
2021-07-06T09:27:32,4300.0,38.8,B
2021-07-06T09:27:26,200.0,38.75,B
2021-07-06T09:27:16,100.0,38.7,S
2021-07-06T09:27:02,1000.0,38.7,S
2021-07-06T09:27:00,5000.0,38.7,S
2021-07-06T09:26:52,200.0,38.7,S
2021-07-06T09:26:44,500.0,38.75,S
2021-07-06T09:26:30,1000.0,38.75,S
2021-07-06T09:26:12,300.0,38.75,S
2021-07-06T09:25:53,100.0,38.8,B
2021-07-06T09:25:45,500.0,38.75,S
2021-07-06T09:25:34,500.0,38.75,S
2021-07-06T09:25:29,200.0,38.75,S
2021-07-06T09:24:52,3000.0,38.75,S
2021-07-06T09:24:39,200.0,38.85,B
2021-07-06T09:24:18,100.0,38.85,B
2021-07-06T09:23:45,1500.0,38.85,B
2021-07-06T09:23:43,300.0,38.8,B
2021-07-06T09:23:35,300.0,38.8,S
2021-07-06T09:23:35,400.0,38.8,S
2021-07-06T09:23:35,3600.0,38.8,S
2021-07-06T09:23:35,1200.0,38.8,S
2021-07-06T09:23:35,100.0,38.85,B
2021-07-06T09:23:20,1000.0,38.85,B
2021-07-06T09:23:15,500.0,38.85,B
2021-07-06T09:23:12,5000.0,38.8,S
2021-07-06T09:23:10,100.0,38.85,B
2021-07-06T09:23:06,200.0,38.85,B
2021-07-06T09:23:06,10000.0,38.85,B
2021-07-06T09:22:31,1000.0,38.85,S
2021-07-06T09:21:46,100.0,38.8,S
2021-07-06T09:21:40,100.0,38.9,B
2021-07-06T09:21:24,100.0,38.8,S
2021-07-06T09:21:09,4000.0,38.8,S
2021-07-06T09:21:08,100.0,38.9,S
2021-07-06T09:21:08,400.0,38.9,B
2021-07-06T09:20:53,2000.0,38.8,S
2021-07-06T09:20:31,8600.0,38.8,S
2021-07-06T09:20:31,1400.0,38.85,S
2021-07-06T09:20:22,10000.0,38.85,S
2021-07-06T09:19:55,100.0,38.95,S
2021-07-06T09:19:51,200.0,39.0,B
2021-07-06T09:19:33,100.0,39.0,B
2021-07-06T09:19:30,200.0,39.0,B
2021-07-06T09:19:19,7600.0,39.0,S
2021-07-06T09:19:07,5000.0,39.0,S
2021-07-06T09:18:54,10000.0,39.0,S
2021-07-06T09:18:38,200.0,39.1,S
2021-07-06T09:18:36,100.0,39.1,S
2021-07-06T09:18:23,300.0,39.15,B
2021-07-06T09:18:20,2100.0,39.15,B
2021-07-06T09:18:00,1100.0,39.1,S
2021-07-06T09:17:34,100.0,39.05,S
2021-07-06T09:17:01,1500.0,39.0,S
2021-07-06T09:16:06,700.0,38.95,S
2021-07-06T09:15:54,400.0,39.15,B
2021-07-06T09:15:40,10000.0,39.15,B
2021-07-06T09:15:33,800.0,39.1,B
2021-07-06T09:15:05,700.0,39.1,B
2021-07-06T09:15:05,100.0,39.1,B
