tradingTime,volume,price,side
2021-07-06T13:23:30,300.0,41.8,S
2021-07-06T13:23:28,700.0,41.8,S
2021-07-06T13:23:11,300.0,41.9,S
2021-07-06T13:23:04,5000.0,41.9,S
2021-07-06T13:22:45,400.0,42.0,B
2021-07-06T13:22:38,200.0,42.0,B
2021-07-06T13:21:53,1400.0,42.0,S
2021-07-06T13:21:53,900.0,42.0,S
2021-07-06T13:21:13,500.0,42.0,S
2021-07-06T13:19:47,200.0,42.2,S
2021-07-06T13:19:14,2000.0,42.2,B
2021-07-06T13:18:37,200.0,42.25,B
2021-07-06T13:17:42,1000.0,42.0,S
2021-07-06T13:17:39,300.0,42.0,S
2021-07-06T13:17:08,200.0,42.0,S
2021-07-06T13:16:49,2100.0,42.0,S
2021-07-06T13:16:22,500.0,42.0,S
2021-07-06T13:16:05,500.0,42.0,S
2021-07-06T13:16:02,5200.0,42.0,S
2021-07-06T13:15:48,900.0,42.0,B
2021-07-06T13:15:42,200.0,41.9,S
2021-07-06T13:15:38,1100.0,42.0,B
2021-07-06T13:15:18,1500.0,41.9,B
2021-07-06T13:14:26,100.0,41.9,B
2021-07-06T13:14:23,100.0,41.8,B
2021-07-06T13:14:02,1100.0,41.8,S
2021-07-06T13:14:02,800.0,41.8,S
2021-07-06T13:12:40,500.0,41.8,S
2021-07-06T13:11:49,500.0,41.8,S
2021-07-06T13:11:21,600.0,41.8,B
2021-07-06T13:11:12,100.0,41.75,S
2021-07-06T13:10:28,500.0,41.7,S
2021-07-06T13:10:01,100.0,41.8,B
2021-07-06T13:09:55,700.0,41.8,B
2021-07-06T13:09:49,1300.0,41.7,B
2021-07-06T13:09:39,2000.0,41.7,B
2021-07-06T13:09:32,600.0,41.6,S
2021-07-06T13:09:23,1600.0,41.6,B
2021-07-06T13:09:14,100.0,41.6,B
2021-07-06T13:09:13,1500.0,41.6,B
2021-07-06T13:09:13,500.0,41.6,B
2021-07-06T13:09:09,200.0,41.6,B
2021-07-06T13:09:00,100.0,41.6,B
2021-07-06T13:08:56,100.0,41.6,B
2021-07-06T13:08:44,100.0,41.6,B
2021-07-06T13:08:37,3000.0,41.55,S
2021-07-06T13:08:30,200.0,41.65,B
2021-07-06T13:08:22,1000.0,41.6,S
2021-07-06T13:07:41,100.0,41.7,B
2021-07-06T13:07:38,900.0,41.6,S
2021-07-06T13:07:25,1000.0,41.7,B
2021-07-06T13:07:23,3700.0,41.7,S
2021-07-06T13:07:12,100.0,41.8,B
2021-07-06T13:07:08,5000.0,41.7,S
2021-07-06T13:06:33,200.0,41.8,B
2021-07-06T13:06:02,2300.0,41.8,S
2021-07-06T13:05:12,100.0,41.8,S
2021-07-06T13:04:59,2600.0,41.8,S
2021-07-06T13:04:43,300.0,41.9,B
2021-07-06T13:04:36,100.0,41.85,S
2021-07-06T13:03:39,100.0,41.8,S
2021-07-06T13:03:17,2000.0,41.8,S
2021-07-06T13:02:13,2500.0,41.8,S
2021-07-06T13:01:46,500.0,41.8,S
2021-07-06T13:00:12,100.0,41.9,B
2021-07-06T13:00:10,3000.0,41.8,S
2021-07-06T13:00:08,400.0,41.9,B
2021-07-06T13:00:08,300.0,41.85,S
2021-07-06T13:00:08,1000.0,41.85,S
2021-07-06T13:00:07,500.0,41.9,B
2021-07-06T13:00:07,1500.0,41.9,B
2021-07-06T13:00:03,100.0,41.85,S
2021-07-06T13:00:03,500.0,41.85,S
2021-07-06T13:00:02,100.0,41.9,B
2021-07-06T13:00:02,100.0,41.9,B
2021-07-06T13:00:02,7000.0,41.85,S
2021-07-06T11:30:00,100.0,41.9,B
2021-07-06T11:29:37,1100.0,41.9,B
2021-07-06T11:29:32,1100.0,42.0,B
2021-07-06T11:29:31,100.0,42.0,B
2021-07-06T11:29:27,500.0,41.9,S
2021-07-06T11:29:23,200.0,41.95,S
2021-07-06T11:28:39,200.0,41.95,S
2021-07-06T11:28:25,1500.0,42.0,S
2021-07-06T11:28:23,1000.0,42.0,S
2021-07-06T11:27:54,100.0,42.0,S
2021-07-06T11:27:46,200.0,42.0,S
2021-07-06T11:27:28,600.0,42.0,S
2021-07-06T11:27:28,5100.0,42.0,S
2021-07-06T11:27:28,3000.0,42.0,S
2021-07-06T11:27:28,12300.0,42.0,S
2021-07-06T11:27:28,2200.0,42.0,S
2021-07-06T11:26:59,5000.0,42.0,S
2021-07-06T11:26:01,2700.0,42.0,S
2021-07-06T11:26:01,400.0,42.0,S
2021-07-06T11:26:00,900.0,42.0,S
2021-07-06T11:26:00,1700.0,42.0,S
2021-07-06T11:26:00,300.0,42.0,S
2021-07-06T11:26:00,10200.0,42.05,S
2021-07-06T11:26:00,700.0,42.1,S
2021-07-06T11:26:00,300.0,42.1,S
2021-07-06T11:26:00,400.0,42.1,S
2021-07-06T11:26:00,9400.0,42.1,S
2021-07-06T11:25:56,500.0,42.15,S
2021-07-06T11:25:50,100.0,42.15,S
2021-07-06T11:25:38,900.0,42.15,S
2021-07-06T11:25:31,100.0,42.15,S
2021-07-06T11:24:58,700.0,42.2,S
2021-07-06T11:24:28,100.0,42.2,S
2021-07-06T11:24:17,700.0,42.2,S
2021-07-06T11:24:07,100.0,42.2,S
2021-07-06T11:24:00,100.0,42.2,S
2021-07-06T11:22:33,200.0,42.3,B
2021-07-06T11:19:26,1500.0,42.3,B
2021-07-06T11:19:16,500.0,42.3,B
2021-07-06T11:18:56,600.0,42.2,B
2021-07-06T11:18:37,400.0,42.2,S
2021-07-06T11:18:28,100.0,42.3,B
2021-07-06T11:16:33,200.0,42.2,S
2021-07-06T11:15:10,700.0,42.2,S
2021-07-06T11:14:59,200.0,42.2,B
2021-07-06T11:14:42,1000.0,42.2,B
2021-07-06T11:14:22,300.0,42.2,S
2021-07-06T11:14:22,7800.0,42.2,S
2021-07-06T11:14:13,700.0,42.3,B
2021-07-06T11:11:52,300.0,42.2,S
2021-07-06T11:10:07,300.0,42.2,B
2021-07-06T11:10:04,700.0,42.2,S
2021-07-06T11:09:33,500.0,42.2,B
2021-07-06T11:09:04,3100.0,42.2,S
2021-07-06T11:09:04,100.0,42.2,S
2021-07-06T11:09:04,1800.0,42.2,S
2021-07-06T11:09:04,500.0,42.2,S
2021-07-06T11:08:52,300.0,42.2,S
2021-07-06T11:08:52,5700.0,42.2,S
2021-07-06T11:08:52,3000.0,42.25,S
2021-07-06T11:08:24,5600.0,42.3,S
2021-07-06T11:08:24,700.0,42.3,S
2021-07-06T11:06:46,3000.0,42.4,B
2021-07-06T11:03:53,200.0,42.4,B
2021-07-06T11:01:08,1300.0,42.3,S
2021-07-06T10:58:11,100.0,42.25,S
2021-07-06T10:57:29,2600.0,42.25,S
2021-07-06T10:56:49,100.0,42.3,S
2021-07-06T10:55:46,2500.0,42.3,S
2021-07-06T10:55:32,100.0,42.35,S
2021-07-06T10:55:32,100.0,42.35,S
2021-07-06T10:55:26,100.0,42.35,S
2021-07-06T10:55:18,3500.0,42.4,S
2021-07-06T10:54:17,2000.0,42.4,S
2021-07-06T10:53:00,300.0,42.4,S
2021-07-06T10:52:53,200.0,42.4,S
2021-07-06T10:52:46,100.0,42.4,S
2021-07-06T10:52:18,2300.0,42.5,S
2021-07-06T10:52:01,300.0,42.5,S
2021-07-06T10:52:01,200.0,42.5,S
2021-07-06T10:49:22,100.0,42.5,S
2021-07-06T10:47:49,500.0,42.5,S
2021-07-06T10:47:12,300.0,42.5,S
2021-07-06T10:45:35,100.0,42.5,S
2021-07-06T10:43:22,100.0,42.5,B
2021-07-06T10:43:22,500.0,42.5,B
2021-07-06T10:43:22,200.0,42.5,B
2021-07-06T10:42:41,200.0,42.5,B
2021-07-06T10:42:27,600.0,42.5,S
2021-07-06T10:41:36,1000.0,42.5,S
2021-07-06T10:39:55,100.0,42.5,S
2021-07-06T10:39:52,3000.0,42.5,S
2021-07-06T10:39:19,600.0,42.5,S
2021-07-06T10:38:00,3400.0,42.5,S
2021-07-06T10:37:55,100.0,42.5,S
2021-07-06T10:36:48,1000.0,42.5,S
2021-07-06T10:36:17,1500.0,42.6,B
2021-07-06T10:36:10,1600.0,42.6,B
2021-07-06T10:34:46,900.0,42.5,B
2021-07-06T10:34:06,1800.0,42.8,B
2021-07-06T10:34:06,3200.0,42.7,B
2021-07-06T10:32:29,200.0,42.5,B
2021-07-06T10:32:11,600.0,42.5,B
2021-07-06T10:29:58,400.0,42.5,S
2021-07-06T10:29:17,1000.0,42.5,S
2021-07-06T10:28:36,100.0,42.55,B
2021-07-06T10:28:32,800.0,42.5,B
2021-07-06T10:28:27,3000.0,42.5,B
2021-07-06T10:27:48,4000.0,42.5,B
2021-07-06T10:27:39,400.0,42.5,B
2021-07-06T10:26:52,2000.0,42.5,B
2021-07-06T10:26:27,100.0,42.45,S
2021-07-06T10:25:51,300.0,42.45,B
2021-07-06T10:24:54,100.0,42.45,B
2021-07-06T10:24:01,1000.0,42.3,S
2021-07-06T10:23:49,500.0,42.3,S
2021-07-06T10:23:05,200.0,42.45,B
2021-07-06T10:21:55,5000.0,42.3,S
2021-07-06T10:19:33,1000.0,42.5,B
2021-07-06T10:19:29,2100.0,42.5,S
2021-07-06T10:19:29,100.0,42.5,S
2021-07-06T10:18:31,700.0,42.5,B
2021-07-06T10:18:28,100.0,42.5,B
2021-07-06T10:18:15,5000.0,42.5,B
2021-07-06T10:17:58,200.0,42.4,B
2021-07-06T10:17:43,1500.0,42.4,S
2021-07-06T10:16:48,1000.0,42.5,B
2021-07-06T10:16:40,1000.0,42.5,B
2021-07-06T10:16:24,5000.0,42.5,B
2021-07-06T10:15:54,3300.0,42.4,S
2021-07-06T10:15:47,6500.0,42.45,B
2021-07-06T10:14:38,100.0,42.4,B
2021-07-06T10:14:25,100.0,42.4,B
2021-07-06T10:12:46,1000.0,42.3,S
2021-07-06T10:12:30,1500.0,42.3,B
2021-07-06T10:12:29,2000.0,42.3,B
2021-07-06T10:11:54,200.0,42.25,S
2021-07-06T10:11:45,4900.0,42.3,S
2021-07-06T10:11:45,4800.0,42.4,S
2021-07-06T10:11:38,700.0,42.4,B
2021-07-06T10:11:38,400.0,42.4,B
2021-07-06T10:11:30,1000.0,42.4,B
2021-07-06T10:11:21,100.0,42.3,S
2021-07-06T10:10:18,2000.0,42.3,S
2021-07-06T10:09:52,400.0,42.2,S
2021-07-06T10:08:42,100.0,42.2,S
2021-07-06T10:07:56,3000.0,42.2,S
2021-07-06T10:07:25,200.0,42.2,S
2021-07-06T10:06:38,3000.0,42.2,S
2021-07-06T10:04:21,300.0,42.2,S
2021-07-06T10:03:07,2600.0,42.45,B
2021-07-06T10:02:32,400.0,42.25,S
2021-07-06T10:02:06,300.0,42.25,S
2021-07-06T10:01:21,5000.0,42.25,S
2021-07-06T09:59:35,500.0,42.25,S
2021-07-06T09:58:37,100.0,42.25,S
2021-07-06T09:53:41,400.0,42.5,B
2021-07-06T09:52:23,100.0,42.5,B
2021-07-06T09:52:21,100.0,42.2,S
2021-07-06T09:51:37,100.0,42.5,B
2021-07-06T09:50:48,500.0,42.5,B
2021-07-06T09:50:05,2600.0,42.2,S
2021-07-06T09:50:05,100.0,42.25,S
2021-07-06T09:50:05,1300.0,42.3,S
2021-07-06T09:49:39,1000.0,42.3,S
2021-07-06T09:49:32,600.0,42.3,S
2021-07-06T09:49:29,100.0,42.3,B
2021-07-06T09:48:14,100.0,42.3,B
2021-07-06T09:47:51,100.0,42.3,B
2021-07-06T09:47:28,800.0,42.3,S
2021-07-06T09:47:06,1300.0,42.3,S
2021-07-06T09:43:46,100.0,42.2,B
2021-07-06T09:43:15,1000.0,42.2,B
2021-07-06T09:42:59,5000.0,42.2,S
2021-07-06T09:42:59,1900.0,42.2,S
2021-07-06T09:42:44,700.0,42.5,S
2021-07-06T09:42:30,1300.0,42.5,B
2021-07-06T09:42:11,500.0,42.4,B
2021-07-06T09:40:50,200.0,42.2,S
2021-07-06T09:39:53,1400.0,42.1,S
2021-07-06T09:39:53,100.0,42.1,S
2021-07-06T09:39:53,1300.0,42.1,S
2021-07-06T09:39:53,1700.0,42.2,S
2021-07-06T09:39:53,3500.0,42.2,S
2021-07-06T09:39:40,900.0,42.4,B
2021-07-06T09:39:24,1500.0,42.4,B
2021-07-06T09:39:21,400.0,42.2,S
2021-07-06T09:39:17,7400.0,42.4,B
2021-07-06T09:39:00,5000.0,42.4,B
2021-07-06T09:37:53,400.0,42.2,B
2021-07-06T09:37:19,100.0,42.15,S
2021-07-06T09:37:05,100.0,42.2,B
2021-07-06T09:36:27,500.0,42.1,S
2021-07-06T09:36:21,5000.0,42.35,B
2021-07-06T09:36:09,300.0,42.2,B
2021-07-06T09:36:09,4700.0,42.2,B
2021-07-06T09:35:54,2000.0,42.2,B
2021-07-06T09:35:49,100.0,42.1,S
2021-07-06T09:35:29,1000.0,42.1,S
2021-07-06T09:35:28,200.0,42.2,B
2021-07-06T09:35:22,300.0,42.2,B
2021-07-06T09:35:17,1000.0,42.2,B
2021-07-06T09:35:13,500.0,42.2,B
2021-07-06T09:35:05,100.0,42.2,B
2021-07-06T09:34:57,2000.0,42.2,B
2021-07-06T09:34:50,2000.0,42.2,B
2021-07-06T09:34:41,1000.0,42.2,B
2021-07-06T09:34:36,1500.0,42.2,B
2021-07-06T09:34:27,1100.0,42.2,B
2021-07-06T09:34:22,100.0,42.15,B
2021-07-06T09:34:13,700.0,42.15,B
2021-07-06T09:34:08,100.0,42.15,B
2021-07-06T09:33:40,300.0,42.1,B
2021-07-06T09:33:33,200.0,42.1,B
2021-07-06T09:33:32,500.0,42.1,B
2021-07-06T09:33:19,200.0,42.05,S
2021-07-06T09:33:08,5000.0,42.1,B
2021-07-06T09:32:47,100.0,42.05,S
2021-07-06T09:32:21,500.0,42.05,S
2021-07-06T09:32:19,200.0,42.05,B
2021-07-06T09:32:15,1300.0,42.05,B
2021-07-06T09:32:15,700.0,42.05,B
2021-07-06T09:32:03,200.0,42.05,B
2021-07-06T09:32:01,100.0,42.05,B
2021-07-06T09:31:50,100.0,42.05,B
2021-07-06T09:31:49,1200.0,42.0,S
2021-07-06T09:31:49,200.0,42.0,S
2021-07-06T09:31:35,2000.0,42.0,S
2021-07-06T09:31:33,500.0,42.05,S
2021-07-06T09:30:50,100.0,42.0,S
2021-07-06T09:30:50,3500.0,42.0,S
2021-07-06T09:30:29,1400.0,42.0,S
2021-07-06T09:30:26,400.0,42.1,S
2021-07-06T09:30:26,500.0,42.1,S
2021-07-06T09:30:22,1000.0,42.2,B
2021-07-06T09:30:11,900.0,42.2,B
2021-07-06T09:29:53,200.0,42.1,S
2021-07-06T09:29:48,100.0,42.2,B
2021-07-06T09:29:40,500.0,42.1,S
2021-07-06T09:29:20,200.0,42.2,B
2021-07-06T09:29:13,200.0,42.2,B
2021-07-06T09:28:23,1000.0,42.2,B
2021-07-06T09:28:16,2000.0,42.0,S
2021-07-06T09:28:16,3800.0,42.0,S
2021-07-06T09:28:01,200.0,42.2,B
2021-07-06T09:27:53,600.0,42.0,S
2021-07-06T09:27:53,5600.0,42.0,S
2021-07-06T09:27:40,500.0,42.2,B
2021-07-06T09:27:35,3500.0,42.0,S
2021-07-06T09:27:35,2600.0,42.0,S
2021-07-06T09:27:35,500.0,42.05,S
2021-07-06T09:27:35,3400.0,42.05,S
2021-07-06T09:27:29,200.0,42.2,B
2021-07-06T09:27:17,500.0,42.2,S
2021-07-06T09:27:05,500.0,42.2,S
2021-07-06T09:26:24,300.0,42.2,S
2021-07-06T09:26:10,2000.0,42.2,S
2021-07-06T09:25:52,800.0,42.2,S
2021-07-06T09:25:39,6400.0,42.2,B
2021-07-06T09:25:16,300.0,42.15,B
2021-07-06T09:25:14,1000.0,42.1,S
2021-07-06T09:25:12,100.0,42.15,B
2021-07-06T09:25:08,100.0,42.15,B
2021-07-06T09:25:06,300.0,42.15,B
2021-07-06T09:25:00,500.0,42.15,B
2021-07-06T09:24:36,500.0,42.15,S
2021-07-06T09:24:15,400.0,42.2,B
2021-07-06T09:24:04,600.0,42.2,B
2021-07-06T09:23:52,1000.0,42.2,S
2021-07-06T09:23:11,3000.0,42.2,S
2021-07-06T09:23:03,500.0,42.4,B
2021-07-06T09:23:02,100.0,42.4,S
2021-07-06T09:22:11,100.0,42.4,S
2021-07-06T09:22:07,3000.0,42.4,S
2021-07-06T09:22:03,200.0,42.6,S
2021-07-06T09:21:46,200.0,42.6,S
2021-07-06T09:21:18,500.0,42.7,B
2021-07-06T09:21:16,300.0,42.6,B
2021-07-06T09:21:01,1000.0,42.6,B
2021-07-06T09:20:49,100.0,42.65,S
2021-07-06T09:20:49,500.0,42.7,B
2021-07-06T09:19:44,100.0,42.7,B
2021-07-06T09:19:42,2000.0,42.7,B
2021-07-06T09:19:20,500.0,42.7,B
2021-07-06T09:18:22,100.0,42.7,B
2021-07-06T09:16:22,200.0,42.7,S
