tradingTime,volume,price,side
2021-07-06T13:22:58,200.0,110.2,B
2021-07-06T13:22:12,200.0,110.2,B
2021-07-06T13:21:54,400.0,110.2,B
2021-07-06T13:18:13,200.0,110.2,B
2021-07-06T13:16:52,1700.0,110.2,B
2021-07-06T13:14:56,1900.0,110.1,B
2021-07-06T13:13:47,100.0,110.1,B
2021-07-06T13:10:56,3000.0,109.7,S
2021-07-06T13:10:55,100.0,109.8,S
2021-07-06T13:07:45,700.0,109.8,S
2021-07-06T13:06:43,30000.0,110.0,S
2021-07-06T13:06:21,15000.0,110.0,S
2021-07-06T13:05:41,2900.0,110.0,S
2021-07-06T13:05:26,1000.0,110.0,S
2021-07-06T13:05:06,600.0,110.0,S
2021-07-06T13:04:55,1000.0,110.3,B
2021-07-06T13:04:18,2200.0,110.0,S
2021-07-06T13:03:45,200.0,110.0,S
2021-07-06T13:03:40,10000.0,110.0,S
2021-07-06T13:03:07,1600.0,110.0,S
2021-07-06T13:00:38,2000.0,110.0,S
2021-07-06T11:29:57,500.0,110.0,S
2021-07-06T11:29:22,100.0,110.3,B
2021-07-06T11:28:55,900.0,110.1,S
2021-07-06T11:28:52,100.0,110.3,B
2021-07-06T11:26:26,400.0,110.2,B
2021-07-06T11:25:17,600.0,110.2,S
2021-07-06T11:22:22,1000.0,110.5,B
2021-07-06T11:15:48,500.0,110.5,B
2021-07-06T11:12:30,1000.0,110.5,B
2021-07-06T11:10:17,700.0,110.7,B
2021-07-06T11:08:07,300.0,110.0,S
2021-07-06T11:08:01,1000.0,110.0,S
2021-07-06T11:07:20,3000.0,110.0,S
2021-07-06T11:05:18,1000.0,110.0,S
2021-07-06T11:04:57,500.0,110.2,S
2021-07-06T11:02:35,400.0,110.2,S
2021-07-06T11:02:08,300.0,110.8,B
2021-07-06T10:59:04,27500.0,110.8,B
2021-07-06T10:59:02,800.0,110.0,S
2021-07-06T10:56:33,5000.0,110.0,B
2021-07-06T10:56:31,1000.0,110.0,S
2021-07-06T10:52:53,1000.0,110.0,S
2021-07-06T10:52:07,500.0,110.0,S
2021-07-06T10:51:54,100.0,110.1,B
2021-07-06T10:51:04,500.0,110.1,B
2021-07-06T10:50:41,500.0,110.1,B
2021-07-06T10:48:22,100.0,110.1,B
2021-07-06T10:47:54,100.0,110.1,B
2021-07-06T10:47:27,200.0,110.1,B
2021-07-06T10:44:03,500.0,110.1,B
2021-07-06T10:42:07,500.0,110.1,S
2021-07-06T10:36:08,500.0,110.0,B
2021-07-06T10:33:26,500.0,110.0,B
2021-07-06T10:33:15,100.0,110.0,B
2021-07-06T10:32:30,200.0,110.0,B
2021-07-06T10:31:24,4000.0,110.0,S
2021-07-06T10:29:26,100.0,110.5,S
2021-07-06T10:29:15,200.0,110.5,S
2021-07-06T10:28:39,400.0,110.5,B
2021-07-06T10:28:24,1000.0,110.5,B
2021-07-06T10:27:15,1000.0,110.5,B
2021-07-06T10:23:15,500.0,110.1,S
2021-07-06T10:21:27,100.0,110.3,B
2021-07-06T10:19:04,100.0,110.3,B
2021-07-06T10:18:39,3900.0,110.3,S
2021-07-06T10:18:32,7600.0,110.6,B
2021-07-06T10:17:26,100.0,110.6,B
2021-07-06T10:17:19,2400.0,110.5,B
2021-07-06T10:15:46,700.0,110.4,B
2021-07-06T10:15:39,1400.0,110.4,B
2021-07-06T10:15:39,100.0,110.4,B
2021-07-06T10:12:14,300.0,110.4,B
2021-07-06T10:11:09,200.0,110.5,B
2021-07-06T10:09:43,4000.0,110.5,B
2021-07-06T10:09:13,1000.0,110.3,S
2021-07-06T10:08:59,1000.0,110.2,S
2021-07-06T10:08:15,3000.0,110.3,B
2021-07-06T10:07:16,700.0,110.2,S
2021-07-06T10:07:07,300.0,110.2,B
2021-07-06T10:06:23,5000.0,110.2,B
2021-07-06T10:06:01,400.0,110.0,S
2021-07-06T10:05:58,100.0,109.6,S
2021-07-06T10:05:51,100.0,109.6,S
2021-07-06T10:05:28,200.0,109.7,B
2021-07-06T10:05:09,100.0,109.6,B
2021-07-06T10:05:08,500.0,109.6,B
2021-07-06T10:05:04,100.0,109.6,B
2021-07-06T10:05:02,5000.0,109.5,S
2021-07-06T10:04:59,100.0,109.6,B
2021-07-06T10:03:40,3000.0,109.5,S
2021-07-06T10:03:33,900.0,109.6,B
2021-07-06T10:03:29,100.0,109.6,B
2021-07-06T10:03:15,1300.0,109.7,B
2021-07-06T10:03:10,500.0,109.6,B
2021-07-06T10:02:46,100.0,109.6,S
2021-07-06T10:02:40,1800.0,109.5,S
2021-07-06T10:02:34,200.0,109.6,S
2021-07-06T10:02:28,100.0,109.6,S
2021-07-06T10:02:19,200.0,109.6,B
2021-07-06T10:02:14,500.0,109.6,B
2021-07-06T10:02:13,100.0,109.6,B
2021-07-06T10:02:03,500.0,109.6,B
2021-07-06T10:02:02,1000.0,109.5,S
2021-07-06T10:01:52,500.0,109.5,S
2021-07-06T10:01:46,100.0,109.5,S
2021-07-06T10:01:45,100.0,109.6,B
2021-07-06T10:01:38,1000.0,109.5,S
2021-07-06T10:01:27,100.0,109.6,B
2021-07-06T10:00:37,1300.0,109.5,S
2021-07-06T10:00:21,500.0,109.6,B
2021-07-06T10:00:08,1000.0,109.6,B
2021-07-06T09:59:50,500.0,109.6,B
2021-07-06T09:59:36,100.0,109.6,B
2021-07-06T09:59:29,100.0,109.6,B
2021-07-06T09:59:02,100.0,109.6,B
2021-07-06T09:58:59,500.0,109.5,S
2021-07-06T09:58:49,100.0,109.6,B
2021-07-06T09:58:26,100.0,109.5,S
2021-07-06T09:58:23,100.0,109.6,B
2021-07-06T09:57:53,700.0,109.2,S
2021-07-06T09:57:46,3000.0,109.5,B
2021-07-06T09:57:35,200.0,109.5,B
2021-07-06T09:56:29,500.0,109.6,B
2021-07-06T09:55:14,400.0,109.1,S
2021-07-06T09:54:43,200.0,109.1,S
2021-07-06T09:54:39,3200.0,109.1,S
2021-07-06T09:54:00,1000.0,109.2,S
2021-07-06T09:53:00,100.0,109.7,S
2021-07-06T09:52:36,700.0,109.7,S
2021-07-06T09:52:33,900.0,110.0,B
2021-07-06T09:51:30,100.0,110.0,B
2021-07-06T09:51:23,1000.0,109.0,S
2021-07-06T09:50:40,2000.0,109.0,S
2021-07-06T09:49:54,10000.0,110.0,B
2021-07-06T09:49:48,200.0,110.0,B
2021-07-06T09:49:43,100.0,110.0,B
2021-07-06T09:49:42,1900.0,110.0,B
2021-07-06T09:49:10,21800.0,110.0,S
2021-07-06T09:48:48,100.0,110.2,S
2021-07-06T09:48:28,500.0,110.0,S
2021-07-06T09:48:15,10000.0,110.0,S
2021-07-06T09:47:23,25600.0,110.3,B
2021-07-06T09:45:47,4400.0,110.3,S
2021-07-06T09:45:09,100.0,110.6,S
2021-07-06T09:45:07,100.0,110.6,S
2021-07-06T09:44:58,300.0,110.6,S
2021-07-06T09:43:14,200.0,110.6,S
2021-07-06T09:43:10,100.0,110.7,B
2021-07-06T09:42:45,300.0,110.7,S
2021-07-06T09:41:57,100.0,110.9,S
2021-07-06T09:41:25,500.0,111.0,B
2021-07-06T09:40:41,2000.0,111.0,B
2021-07-06T09:38:54,100.0,110.9,B
2021-07-06T09:38:28,100.0,110.9,B
2021-07-06T09:37:29,100.0,110.9,S
2021-07-06T09:37:14,800.0,110.9,B
2021-07-06T09:37:05,500.0,110.9,B
2021-07-06T09:36:03,100.0,110.6,S
2021-07-06T09:35:57,100.0,110.6,S
2021-07-06T09:35:36,100.0,110.3,S
2021-07-06T09:35:26,300.0,110.3,S
2021-07-06T09:35:24,800.0,110.3,B
2021-07-06T09:35:21,2000.0,110.3,B
2021-07-06T09:35:07,200.0,110.3,B
2021-07-06T09:34:55,800.0,110.3,B
2021-07-06T09:34:55,300.0,110.3,B
2021-07-06T09:34:18,15000.0,110.3,S
2021-07-06T09:34:14,700.0,110.2,S
2021-07-06T09:34:04,500.0,110.2,B
2021-07-06T09:33:58,200.0,110.2,S
2021-07-06T09:33:41,2000.0,110.3,B
2021-07-06T09:31:39,500.0,110.1,S
2021-07-06T09:31:31,1000.0,110.1,S
2021-07-06T09:30:49,1100.0,110.2,S
2021-07-06T09:30:39,3300.0,110.2,S
2021-07-06T09:30:11,200.0,110.2,S
2021-07-06T09:29:44,100.0,110.3,B
2021-07-06T09:29:32,3500.0,110.3,S
2021-07-06T09:29:11,100.0,110.6,B
2021-07-06T09:27:31,400.0,110.6,B
2021-07-06T09:26:03,800.0,110.5,S
2021-07-06T09:25:51,500.0,110.5,S
2021-07-06T09:24:54,300.0,110.5,S
2021-07-06T09:23:48,800.0,110.6,S
2021-07-06T09:23:04,2200.0,110.6,S
2021-07-06T09:19:29,300.0,110.9,B
2021-07-06T09:18:21,100.0,110.9,B
2021-07-06T09:14:50,200.0,110.5,S
2021-07-06T09:12:03,100.0,110.3,S
2021-07-06T09:11:55,100.0,110.5,B
2021-07-06T09:11:36,400.0,110.5,S
2021-07-06T09:11:09,100.0,111.0,B
2021-07-06T09:09:50,500.0,110.9,S
