tradingTime,volume,price,side
2021-07-06T13:24:39,100.0,88.9,B
2021-07-06T13:24:35,200.0,88.9,B
2021-07-06T13:24:29,1000.0,88.9,B
2021-07-06T13:24:29,100.0,88.9,B
2021-07-06T13:24:15,100.0,88.9,B
2021-07-06T13:24:15,200.0,88.9,B
2021-07-06T13:24:10,100.0,88.9,B
2021-07-06T13:24:07,100.0,88.9,B
2021-07-06T13:24:07,100.0,88.9,B
2021-07-06T13:24:05,200.0,88.9,B
2021-07-06T13:24:05,800.0,88.9,B
2021-07-06T13:24:03,500.0,88.9,B
2021-07-06T13:23:58,100.0,88.9,B
2021-07-06T13:23:52,100.0,88.9,B
2021-07-06T13:23:52,200.0,88.9,B
2021-07-06T13:23:50,100.0,88.9,B
2021-07-06T13:23:45,200.0,88.9,B
2021-07-06T13:23:43,100.0,88.9,B
2021-07-06T13:23:43,100.0,88.9,B
2021-07-06T13:23:43,1800.0,88.9,B
2021-07-06T13:23:34,100.0,88.9,B
2021-07-06T13:23:32,1000.0,88.9,B
2021-07-06T13:23:28,100.0,88.9,B
2021-07-06T13:23:18,100.0,88.9,B
2021-07-06T13:23:04,100.0,88.9,B
2021-07-06T13:22:59,100.0,88.9,B
2021-07-06T13:22:56,200.0,88.8,S
2021-07-06T13:22:53,100.0,88.9,B
2021-07-06T13:22:43,100.0,88.9,B
2021-07-06T13:22:41,100.0,88.9,B
2021-07-06T13:22:28,200.0,88.9,B
2021-07-06T13:22:17,100.0,88.9,B
2021-07-06T13:22:05,200.0,88.9,B
2021-07-06T13:22:03,100.0,88.9,B
2021-07-06T13:22:01,100.0,88.9,B
2021-07-06T13:22:00,200.0,88.9,B
2021-07-06T13:21:54,100.0,88.9,B
2021-07-06T13:21:44,1000.0,88.9,B
2021-07-06T13:21:38,200.0,88.9,B
2021-07-06T13:21:30,100.0,88.9,B
2021-07-06T13:21:27,100.0,88.9,B
2021-07-06T13:21:24,200.0,88.9,B
2021-07-06T13:21:24,100.0,88.9,B
2021-07-06T13:21:24,100.0,88.9,B
2021-07-06T13:21:24,2600.0,88.9,B
2021-07-06T13:21:12,100.0,88.9,B
2021-07-06T13:21:08,100.0,88.9,B
2021-07-06T13:21:07,100.0,88.9,B
2021-07-06T13:21:01,200.0,88.9,B
2021-07-06T13:20:52,100.0,88.9,B
2021-07-06T13:20:47,200.0,88.9,B
2021-07-06T13:20:42,100.0,88.9,B
2021-07-06T13:20:21,100.0,88.9,B
2021-07-06T13:20:20,100.0,88.9,B
2021-07-06T13:20:17,500.0,88.9,B
2021-07-06T13:20:16,300.0,88.8,S
2021-07-06T13:20:10,200.0,88.8,S
2021-07-06T13:20:00,200.0,88.9,B
2021-07-06T13:19:57,100.0,88.9,B
2021-07-06T13:19:56,100.0,88.9,B
2021-07-06T13:19:56,100.0,88.9,B
2021-07-06T13:19:33,100.0,88.9,B
2021-07-06T13:19:30,200.0,88.9,B
2021-07-06T13:19:26,100.0,88.9,B
2021-07-06T13:19:19,300.0,88.9,B
2021-07-06T13:19:08,100.0,88.9,B
2021-07-06T13:19:03,100.0,88.9,B
2021-07-06T13:19:00,100.0,88.9,B
2021-07-06T13:18:49,100.0,88.9,S
2021-07-06T13:18:46,100.0,88.9,B
2021-07-06T13:18:37,200.0,88.9,B
2021-07-06T13:18:33,100.0,88.9,B
2021-07-06T13:18:29,200.0,88.9,B
2021-07-06T13:18:23,100.0,88.9,B
2021-07-06T13:18:22,100.0,88.9,B
2021-07-06T13:18:13,100.0,88.9,B
2021-07-06T13:18:07,600.0,88.9,B
2021-07-06T13:18:04,100.0,88.9,S
2021-07-06T13:18:04,100.0,88.9,S
2021-07-06T13:18:04,1200.0,88.9,S
2021-07-06T13:17:58,300.0,88.9,S
2021-07-06T13:17:52,100.0,88.9,S
2021-07-06T13:17:51,600.0,88.9,S
2021-07-06T13:17:50,100.0,88.9,S
2021-07-06T13:17:49,200.0,89.0,B
2021-07-06T13:17:39,300.0,88.9,S
2021-07-06T13:17:37,1000.0,88.9,S
2021-07-06T13:17:37,1400.0,88.9,S
2021-07-06T13:17:37,2100.0,88.9,S
2021-07-06T13:17:37,100.0,88.9,S
2021-07-06T13:17:36,1300.0,88.9,S
2021-07-06T13:17:36,2200.0,88.9,S
2021-07-06T13:17:36,100.0,88.9,S
2021-07-06T13:17:36,4200.0,88.9,S
2021-07-06T13:17:36,4200.0,88.9,S
2021-07-06T13:17:35,100.0,89.0,B
2021-07-06T13:17:23,100.0,89.0,B
2021-07-06T13:17:19,300.0,88.9,S
2021-07-06T13:17:18,1000.0,88.9,S
2021-07-06T13:17:12,100.0,89.0,B
2021-07-06T13:17:11,1000.0,89.0,B
2021-07-06T13:17:06,1000.0,89.0,B
2021-07-06T13:17:05,100.0,89.0,B
2021-07-06T13:16:57,100.0,89.0,B
2021-07-06T13:16:47,100.0,89.0,B
2021-07-06T13:16:39,100.0,89.0,B
2021-07-06T13:16:38,100.0,88.9,S
2021-07-06T13:16:32,200.0,89.0,B
2021-07-06T13:16:27,100.0,88.9,S
2021-07-06T13:16:22,100.0,88.9,S
2021-07-06T13:16:20,400.0,88.9,S
2021-07-06T13:16:19,1600.0,88.9,S
2021-07-06T13:16:18,4400.0,88.9,S
2021-07-06T13:16:18,400.0,88.9,S
2021-07-06T13:16:18,200.0,88.9,S
2021-07-06T13:16:09,100.0,88.9,S
2021-07-06T13:16:08,100.0,89.0,B
2021-07-06T13:16:03,700.0,89.0,B
2021-07-06T13:16:00,100.0,88.9,S
2021-07-06T13:15:59,500.0,88.9,S
2021-07-06T13:15:58,400.0,89.0,B
2021-07-06T13:15:54,200.0,88.9,S
2021-07-06T13:15:52,100.0,88.9,S
2021-07-06T13:15:49,100.0,88.9,S
2021-07-06T13:15:45,100.0,89.0,B
2021-07-06T13:15:42,400.0,89.0,B
2021-07-06T13:15:42,600.0,89.0,B
2021-07-06T13:15:42,2000.0,89.0,B
2021-07-06T13:15:42,1800.0,89.0,B
2021-07-06T13:15:42,900.0,89.0,B
2021-07-06T13:15:42,1900.0,89.0,B
2021-07-06T13:15:42,800.0,89.0,B
2021-07-06T13:15:42,2700.0,89.0,B
2021-07-06T13:15:42,1700.0,89.0,B
2021-07-06T13:15:42,2400.0,89.0,B
2021-07-06T13:15:42,2000.0,89.0,B
2021-07-06T13:15:42,2800.0,89.0,B
2021-07-06T13:15:41,200.0,89.0,B
2021-07-06T13:15:32,100.0,88.9,S
2021-07-06T13:15:16,100.0,89.0,B
2021-07-06T13:15:09,100.0,88.9,S
2021-07-06T13:15:08,500.0,88.9,S
2021-07-06T13:15:07,1900.0,88.9,S
2021-07-06T13:15:04,100.0,88.9,S
2021-07-06T13:15:00,1500.0,89.0,B
2021-07-06T13:15:00,200.0,89.0,B
2021-07-06T13:14:51,200.0,89.0,B
2021-07-06T13:14:37,100.0,88.9,S
2021-07-06T13:14:34,100.0,88.9,S
2021-07-06T13:14:27,100.0,89.0,B
2021-07-06T13:14:24,100.0,89.0,B
2021-07-06T13:14:17,300.0,88.9,S
2021-07-06T13:14:15,1000.0,88.9,S
2021-07-06T13:14:03,100.0,89.0,B
2021-07-06T13:14:00,100.0,89.0,B
2021-07-06T13:13:53,100.0,88.9,S
2021-07-06T13:13:49,200.0,88.9,S
2021-07-06T13:13:45,200.0,88.9,S
2021-07-06T13:13:44,900.0,88.9,S
2021-07-06T13:13:40,100.0,89.0,B
2021-07-06T13:13:34,200.0,89.0,B
2021-07-06T13:13:24,100.0,88.9,S
2021-07-06T13:13:23,400.0,88.9,S
2021-07-06T13:13:15,100.0,88.9,S
2021-07-06T13:13:08,100.0,89.0,B
2021-07-06T13:13:04,100.0,88.9,S
2021-07-06T13:12:53,100.0,89.0,B
2021-07-06T13:12:42,200.0,89.0,B
2021-07-06T13:12:37,100.0,88.9,S
2021-07-06T13:12:37,200.0,89.0,B
2021-07-06T13:12:29,100.0,89.0,B
2021-07-06T13:12:18,100.0,89.0,B
2021-07-06T13:12:05,3600.0,89.0,B
2021-07-06T13:12:01,200.0,88.9,S
2021-07-06T13:11:56,100.0,88.9,S
2021-07-06T13:11:50,200.0,89.0,B
2021-07-06T13:11:41,100.0,89.0,B
2021-07-06T13:11:30,200.0,89.0,B
2021-07-06T13:11:26,100.0,89.0,B
2021-07-06T13:11:18,2600.0,89.0,B
2021-07-06T13:11:18,100.0,89.0,B
2021-07-06T13:11:12,3200.0,89.0,B
2021-07-06T13:11:10,3600.0,89.0,B
2021-07-06T13:11:05,2600.0,89.0,B
2021-07-06T13:11:04,3200.0,89.0,B
2021-07-06T13:11:01,100.0,89.0,B
2021-07-06T13:11:00,2700.0,89.0,B
2021-07-06T13:10:55,100.0,89.0,B
2021-07-06T13:10:51,1400.0,89.0,B
2021-07-06T13:10:51,1800.0,89.0,B
2021-07-06T13:10:50,2700.0,89.0,B
2021-07-06T13:10:42,3200.0,89.0,B
2021-07-06T13:10:38,700.0,88.9,S
2021-07-06T13:10:36,100.0,88.9,S
2021-07-06T13:10:35,200.0,89.0,B
2021-07-06T13:10:35,500.0,88.9,S
2021-07-06T13:10:34,1800.0,88.9,S
2021-07-06T13:10:32,100.0,88.9,B
2021-07-06T13:10:30,1500.0,88.9,B
2021-07-06T13:10:30,900.0,88.9,B
2021-07-06T13:10:30,1100.0,88.9,B
2021-07-06T13:10:25,100.0,88.9,B
2021-07-06T13:10:25,1800.0,88.9,B
2021-07-06T13:10:25,1000.0,88.9,B
2021-07-06T13:10:25,400.0,88.9,B
2021-07-06T13:10:24,200.0,88.8,S
2021-07-06T13:10:24,300.0,88.8,S
2021-07-06T13:10:24,100.0,88.8,S
2021-07-06T13:10:24,900.0,88.8,S
2021-07-06T13:10:24,1900.0,88.8,S
2021-07-06T13:10:24,1100.0,88.8,S
2021-07-06T13:10:24,600.0,88.8,S
2021-07-06T13:10:24,500.0,88.8,S
2021-07-06T13:10:24,900.0,88.8,S
2021-07-06T13:10:20,3200.0,88.9,B
2021-07-06T13:10:12,100.0,88.9,B
2021-07-06T13:10:10,100.0,88.9,B
2021-07-06T13:10:08,100.0,88.9,B
2021-07-06T13:10:04,100.0,88.9,B
2021-07-06T13:10:02,600.0,88.9,B
2021-07-06T13:09:59,3200.0,88.9,B
2021-07-06T13:09:56,3300.0,88.9,B
2021-07-06T13:09:52,1000.0,88.9,B
2021-07-06T13:09:47,3200.0,88.9,B
2021-07-06T13:09:45,300.0,88.9,B
2021-07-06T13:09:38,100.0,88.9,B
2021-07-06T13:09:33,100.0,88.9,B
2021-07-06T13:09:30,500.0,88.9,B
2021-07-06T13:09:24,4500.0,88.9,B
2021-07-06T13:09:24,900.0,88.9,B
2021-07-06T13:09:21,100.0,88.9,B
2021-07-06T13:09:20,100.0,88.9,B
2021-07-06T13:09:12,100.0,88.8,S
2021-07-06T13:09:11,600.0,88.8,S
2021-07-06T13:09:10,500.0,88.8,S
2021-07-06T13:09:10,1500.0,88.8,S
2021-07-06T13:09:09,100.0,88.8,S
2021-07-06T13:09:08,500.0,88.8,S
2021-07-06T13:09:07,500.0,88.9,S
2021-07-06T13:09:06,4500.0,88.9,S
2021-07-06T13:09:05,500.0,88.9,B
2021-07-06T13:09:05,700.0,88.9,B
2021-07-06T13:09:05,3100.0,88.9,B
2021-07-06T13:09:05,2300.0,88.9,B
2021-07-06T13:09:05,1900.0,88.9,B
2021-07-06T13:09:05,6500.0,88.9,B
2021-07-06T13:09:00,100.0,88.9,B
2021-07-06T13:08:58,100.0,88.9,B
2021-07-06T13:08:54,200.0,88.9,B
2021-07-06T13:08:53,300.0,88.9,B
2021-07-06T13:08:53,2100.0,88.9,B
2021-07-06T13:08:48,100.0,88.8,S
2021-07-06T13:08:47,500.0,88.8,S
2021-07-06T13:08:47,100.0,88.8,S
2021-07-06T13:08:45,2700.0,88.9,B
2021-07-06T13:08:34,100.0,88.9,B
2021-07-06T13:08:28,100.0,88.9,B
2021-07-06T13:08:15,100.0,88.8,S
2021-07-06T13:08:14,500.0,88.8,S
2021-07-06T13:08:11,100.0,88.9,B
2021-07-06T13:08:04,100.0,88.9,B
2021-07-06T13:08:03,700.0,88.9,B
2021-07-06T13:08:01,200.0,88.9,B
2021-07-06T13:07:48,100.0,88.8,S
2021-07-06T13:07:47,100.0,88.9,B
2021-07-06T13:07:38,200.0,88.9,B
2021-07-06T13:07:25,100.0,88.9,B
2021-07-06T13:07:24,100.0,88.9,B
2021-07-06T13:07:23,5200.0,88.9,B
2021-07-06T13:07:20,2000.0,88.9,B
2021-07-06T13:07:13,100.0,88.9,B
2021-07-06T13:07:11,200.0,88.8,S
2021-07-06T13:07:07,300.0,88.8,S
2021-07-06T13:07:05,1000.0,88.8,S
2021-07-06T13:06:55,100.0,88.8,S
2021-07-06T13:06:49,1000.0,88.9,B
2021-07-06T13:06:47,200.0,88.9,B
2021-07-06T13:06:35,100.0,88.8,S
2021-07-06T13:06:33,500.0,88.8,S
2021-07-06T13:06:31,200.0,88.9,B
2021-07-06T13:06:29,300.0,88.8,S
2021-07-06T13:06:27,800.0,88.8,S
2021-07-06T13:06:27,200.0,88.8,S
2021-07-06T13:06:22,100.0,88.9,B
2021-07-06T13:06:15,1000.0,88.9,B
2021-07-06T13:06:13,100.0,88.9,B
2021-07-06T13:06:11,200.0,88.9,B
2021-07-06T13:06:00,1000.0,88.9,B
2021-07-06T13:05:57,2100.0,88.9,S
2021-07-06T13:05:57,500.0,88.9,S
2021-07-06T13:05:57,1300.0,88.9,S
2021-07-06T13:05:56,200.0,88.9,S
2021-07-06T13:05:56,300.0,88.9,S
2021-07-06T13:05:56,300.0,88.9,S
2021-07-06T13:05:56,2700.0,88.9,S
2021-07-06T13:05:56,100.0,88.9,S
2021-07-06T13:05:56,400.0,88.9,S
2021-07-06T13:05:56,4500.0,88.9,S
2021-07-06T13:05:56,100.0,88.9,S
2021-07-06T13:05:56,100.0,88.9,S
2021-07-06T13:05:56,600.0,88.9,S
2021-07-06T13:05:56,400.0,88.9,S
2021-07-06T13:05:56,1100.0,88.9,S
2021-07-06T13:05:56,200.0,88.9,S
2021-07-06T13:05:56,9000.0,88.9,S
2021-07-06T13:05:56,200.0,89.0,B
2021-07-06T13:05:44,100.0,88.9,S
2021-07-06T13:05:43,600.0,88.9,S
2021-07-06T13:05:42,2000.0,88.9,S
2021-07-06T13:05:40,200.0,88.9,S
2021-07-06T13:05:37,100.0,88.9,S
2021-07-06T13:05:37,500.0,88.9,S
2021-07-06T13:05:30,100.0,89.0,B
2021-07-06T13:05:13,200.0,88.9,S
2021-07-06T13:05:11,700.0,88.9,S
2021-07-06T13:05:05,100.0,88.9,S
2021-07-06T13:05:05,100.0,89.0,B
2021-07-06T13:05:02,100.0,89.0,B
2021-07-06T13:05:02,100.0,89.0,B
2021-07-06T13:04:39,200.0,89.0,B
2021-07-06T13:04:39,100.0,89.0,B
2021-07-06T13:04:35,500.0,89.0,B
2021-07-06T13:04:31,200.0,89.0,B
2021-07-06T13:04:30,1000.0,88.9,S
2021-07-06T13:04:14,100.0,89.0,B
2021-07-06T13:03:50,300.0,88.9,S
2021-07-06T13:03:48,200.0,89.0,B
2021-07-06T13:03:30,100.0,88.9,S
2021-07-06T13:03:27,100.0,89.0,B
2021-07-06T13:03:26,100.0,89.0,B
2021-07-06T13:03:23,100.0,89.0,B
2021-07-06T13:03:23,100.0,88.9,S
2021-07-06T13:03:23,500.0,88.9,S
2021-07-06T13:03:05,100.0,89.0,B
2021-07-06T13:02:57,200.0,89.0,B
2021-07-06T13:02:40,100.0,89.0,B
2021-07-06T13:02:33,100.0,89.0,B
2021-07-06T13:02:32,100.0,89.0,B
2021-07-06T13:02:17,100.0,89.0,B
2021-07-06T13:02:06,100.0,89.0,B
2021-07-06T13:01:57,100.0,89.0,B
2021-07-06T13:01:54,100.0,89.0,B
2021-07-06T13:01:50,5000.0,89.0,B
2021-07-06T13:01:48,100.0,88.9,S
2021-07-06T13:01:47,600.0,88.9,S
2021-07-06T13:01:45,2000.0,88.9,S
2021-07-06T13:01:45,100.0,88.9,S
2021-07-06T13:01:42,200.0,89.0,B
2021-07-06T13:01:31,100.0,89.0,B
2021-07-06T13:01:20,800.0,89.0,S
2021-07-06T13:01:20,100.0,89.0,S
2021-07-06T13:01:17,100.0,89.1,B
2021-07-06T13:01:07,100.0,89.1,B
2021-07-06T13:01:00,200.0,89.1,B
2021-07-06T13:00:57,1000.0,89.1,B
2021-07-06T13:00:56,500.0,89.1,B
2021-07-06T13:00:50,200.0,89.1,B
2021-07-06T13:00:45,100.0,89.1,B
2021-07-06T13:00:43,100.0,89.1,B
2021-07-06T13:00:42,500.0,89.1,B
2021-07-06T13:00:32,100.0,89.1,B
2021-07-06T13:00:31,100.0,89.1,B
2021-07-06T13:00:29,100.0,89.1,B
2021-07-06T13:00:27,200.0,89.1,B
2021-07-06T13:00:25,100.0,89.1,B
2021-07-06T13:00:25,400.0,89.1,B
2021-07-06T13:00:18,100.0,89.1,B
2021-07-06T13:00:16,100.0,89.1,B
2021-07-06T13:00:12,500.0,89.1,B
2021-07-06T13:00:12,5000.0,88.9,S
2021-07-06T13:00:12,1900.0,88.9,S
2021-07-06T13:00:12,1400.0,88.9,S
2021-07-06T13:00:12,200.0,88.9,S
2021-07-06T13:00:12,100.0,88.9,S
2021-07-06T13:00:12,300.0,88.9,S
2021-07-06T13:00:12,400.0,88.9,S
2021-07-06T13:00:12,2400.0,88.9,S
2021-07-06T13:00:12,100.0,88.9,S
2021-07-06T13:00:12,6200.0,88.9,S
2021-07-06T13:00:12,100.0,89.1,B
2021-07-06T13:00:12,5200.0,88.9,S
2021-07-06T13:00:12,100.0,88.9,S
2021-07-06T13:00:12,1100.0,88.9,S
2021-07-06T13:00:12,600.0,88.9,S
2021-07-06T13:00:12,100.0,88.9,S
2021-07-06T13:00:12,700.0,88.9,S
2021-07-06T13:00:12,3800.0,88.9,S
2021-07-06T13:00:12,1400.0,88.9,S
2021-07-06T13:00:12,100.0,88.9,S
2021-07-06T13:00:12,1800.0,88.9,S
2021-07-06T13:00:12,100.0,89.0,S
2021-07-06T13:00:12,2100.0,89.0,S
2021-07-06T13:00:12,1100.0,89.0,S
2021-07-06T13:00:12,300.0,89.0,S
2021-07-06T13:00:12,800.0,89.0,S
2021-07-06T13:00:12,100.0,89.0,S
2021-07-06T13:00:12,1100.0,89.0,S
2021-07-06T13:00:12,100.0,89.0,S
2021-07-06T13:00:12,500.0,89.0,S
2021-07-06T13:00:12,100.0,89.0,S
2021-07-06T13:00:12,400.0,89.0,S
2021-07-06T13:00:12,1200.0,89.0,S
2021-07-06T13:00:12,1400.0,89.0,S
2021-07-06T13:00:12,500.0,89.0,S
2021-07-06T13:00:12,300.0,89.0,S
2021-07-06T13:00:12,300.0,89.0,S
2021-07-06T13:00:12,1400.0,89.0,S
2021-07-06T13:00:12,2000.0,89.0,S
2021-07-06T13:00:12,300.0,89.0,S
2021-07-06T13:00:12,11800.0,89.0,S
2021-07-06T13:00:12,100.0,89.0,S
2021-07-06T13:00:12,500.0,89.0,S
2021-07-06T13:00:12,3300.0,89.0,S
2021-07-06T13:00:12,400.0,89.0,S
2021-07-06T13:00:12,11100.0,89.0,S
2021-07-06T13:00:12,600.0,89.0,S
2021-07-06T13:00:12,200.0,89.0,S
2021-07-06T13:00:12,100.0,89.0,S
2021-07-06T13:00:12,1200.0,89.0,S
2021-07-06T13:00:12,1000.0,89.0,S
2021-07-06T13:00:12,800.0,89.0,S
2021-07-06T13:00:10,300.0,89.1,B
2021-07-06T13:00:10,100.0,89.1,B
2021-07-06T13:00:10,500.0,89.1,B
2021-07-06T13:00:08,100.0,89.1,B
2021-07-06T13:00:08,1000.0,89.1,B
2021-07-06T13:00:08,2000.0,89.0,S
2021-07-06T13:00:08,500.0,89.1,B
2021-07-06T13:00:08,100.0,89.1,B
2021-07-06T13:00:08,300.0,89.1,B
2021-07-06T13:00:08,300.0,89.0,S
2021-07-06T13:00:08,100.0,89.1,B
2021-07-06T13:00:08,3200.0,89.0,S
2021-07-06T13:00:08,100.0,89.0,S
2021-07-06T13:00:08,5000.0,89.0,S
2021-07-06T13:00:08,1300.0,89.1,B
2021-07-06T13:00:08,200.0,89.1,B
2021-07-06T13:00:07,100.0,89.1,B
2021-07-06T13:00:07,1000.0,89.0,S
2021-07-06T13:00:03,100.0,89.1,B
2021-07-06T13:00:02,100.0,89.1,B
2021-07-06T13:00:00,1200.0,89.0,S
2021-07-06T11:30:01,1000.0,89.1,B
2021-07-06T11:30:00,1000.0,89.1,B
2021-07-06T11:30:00,200.0,89.1,B
2021-07-06T11:29:58,100.0,89.0,S
2021-07-06T11:29:58,600.0,89.0,S
2021-07-06T11:29:56,2000.0,89.0,S
2021-07-06T11:29:48,10000.0,89.1,B
2021-07-06T11:29:36,100.0,89.1,B
2021-07-06T11:29:35,100.0,89.1,B
2021-07-06T11:29:17,1000.0,89.1,B
2021-07-06T11:29:11,200.0,89.0,S
2021-07-06T11:29:10,200.0,89.0,S
2021-07-06T11:29:08,700.0,89.0,S
2021-07-06T11:29:08,200.0,89.0,S
2021-07-06T11:29:08,2100.0,89.0,S
2021-07-06T11:29:07,400.0,89.0,S
2021-07-06T11:29:07,500.0,89.0,S
2021-07-06T11:29:05,1400.0,89.0,S
2021-07-06T11:28:52,500.0,89.1,B
2021-07-06T11:28:51,200.0,89.0,S
2021-07-06T11:28:48,400.0,89.1,B
2021-07-06T11:28:48,300.0,89.1,B
2021-07-06T11:28:46,200.0,89.1,B
2021-07-06T11:28:44,200.0,89.1,B
2021-07-06T11:28:36,100.0,89.1,B
2021-07-06T11:28:23,100.0,89.1,B
2021-07-06T11:28:23,100.0,89.1,B
2021-07-06T11:28:19,100.0,89.1,B
2021-07-06T11:28:07,500.0,89.1,B
2021-07-06T11:28:03,200.0,89.0,S
2021-07-06T11:28:03,100.0,89.0,S
2021-07-06T11:28:01,200.0,89.0,S
2021-07-06T11:28:01,1100.0,89.1,B
2021-07-06T11:27:59,100.0,89.1,B
2021-07-06T11:27:54,200.0,89.1,B
2021-07-06T11:27:39,300.0,89.0,S
2021-07-06T11:27:38,800.0,89.0,S
2021-07-06T11:27:38,100.0,89.0,S
2021-07-06T11:27:38,200.0,89.0,S
2021-07-06T11:27:32,100.0,89.0,S
2021-07-06T11:27:28,100.0,89.1,B
2021-07-06T11:27:26,200.0,89.0,S
2021-07-06T11:27:25,900.0,89.0,S
2021-07-06T11:27:13,100.0,89.1,B
2021-07-06T11:27:06,100.0,89.1,B
2021-07-06T11:27:05,1300.0,89.1,S
2021-07-06T11:27:05,100.0,89.1,S
2021-07-06T11:27:05,3200.0,89.1,S
2021-07-06T11:27:02,200.0,89.2,B
2021-07-06T11:26:56,100.0,89.1,S
2021-07-06T11:26:55,100.0,89.1,S
2021-07-06T11:26:55,300.0,89.1,S
2021-07-06T11:26:52,1400.0,89.1,S
2021-07-06T11:26:52,4700.0,89.1,S
2021-07-06T11:26:52,700.0,89.1,S
2021-07-06T11:26:52,200.0,89.1,S
2021-07-06T11:26:51,200.0,89.1,S
2021-07-06T11:26:50,3800.0,89.1,S
2021-07-06T11:26:48,100.0,89.2,B
2021-07-06T11:26:37,100.0,89.2,B
2021-07-06T11:26:25,100.0,89.2,B
2021-07-06T11:26:11,100.0,89.2,B
2021-07-06T11:25:49,100.0,89.1,S
2021-07-06T11:25:48,600.0,89.1,S
2021-07-06T11:25:47,600.0,89.1,S
2021-07-06T11:25:47,100.0,89.1,S
2021-07-06T11:25:47,500.0,89.1,S
2021-07-06T11:25:47,1000.0,89.1,S
2021-07-06T11:25:32,100.0,89.1,S
2021-07-06T11:25:20,100.0,89.2,B
2021-07-06T11:25:13,100.0,89.2,B
2021-07-06T11:25:01,300.0,89.2,B
2021-07-06T11:24:55,500.0,89.2,B
2021-07-06T11:24:55,200.0,89.2,B
2021-07-06T11:24:51,200.0,89.1,S
2021-07-06T11:24:51,100.0,89.2,B
2021-07-06T11:24:43,500.0,89.2,B
2021-07-06T11:24:29,100.0,89.2,B
2021-07-06T11:24:27,100.0,89.2,B
2021-07-06T11:24:14,100.0,89.2,B
2021-07-06T11:24:07,100.0,89.1,S
2021-07-06T11:24:07,400.0,89.1,S
2021-07-06T11:24:07,100.0,89.1,S
2021-07-06T11:24:04,100.0,89.2,B
2021-07-06T11:24:04,200.0,89.2,B
2021-07-06T11:24:02,100.0,89.2,B
2021-07-06T11:23:42,100.0,89.2,B
2021-07-06T11:23:40,100.0,89.2,B
2021-07-06T11:23:39,100.0,89.2,B
2021-07-06T11:23:35,100.0,89.2,B
2021-07-06T11:23:25,100.0,89.2,B
2021-07-06T11:23:17,100.0,89.2,B
2021-07-06T11:23:13,100.0,89.2,B
2021-07-06T11:23:03,400.0,89.2,B
2021-07-06T11:22:55,100.0,89.2,B
2021-07-06T11:22:54,100.0,89.2,B
2021-07-06T11:22:48,200.0,89.2,B
2021-07-06T11:22:30,100.0,89.2,B
2021-07-06T11:22:25,100.0,89.2,B
2021-07-06T11:22:22,100.0,89.2,B
2021-07-06T11:22:12,100.0,89.2,B
2021-07-06T11:22:07,100.0,89.2,B
2021-07-06T11:22:05,1000.0,89.2,B
2021-07-06T11:21:57,200.0,89.2,B
2021-07-06T11:21:43,100.0,89.2,B
2021-07-06T11:21:32,100.0,89.2,B
2021-07-06T11:21:19,300.0,89.2,S
2021-07-06T11:21:19,200.0,89.2,S
2021-07-06T11:21:19,1700.0,89.2,S
2021-07-06T11:21:19,2000.0,89.2,S
2021-07-06T11:21:17,300.0,89.2,S
2021-07-06T11:21:16,900.0,89.2,S
2021-07-06T11:21:16,100.0,89.2,S
2021-07-06T11:21:05,200.0,89.3,B
2021-07-06T11:20:56,100.0,89.3,B
2021-07-06T11:20:43,100.0,89.3,B
2021-07-06T11:20:41,100.0,89.3,B
2021-07-06T11:20:35,300.0,89.3,B
2021-07-06T11:20:32,100.0,89.3,B
2021-07-06T11:20:24,1000.0,89.3,B
2021-07-06T11:20:23,1000.0,89.3,B
2021-07-06T11:20:23,100.0,89.2,S
2021-07-06T11:20:22,300.0,89.2,S
2021-07-06T11:20:22,300.0,89.2,S
2021-07-06T11:20:20,2000.0,89.2,S
2021-07-06T11:20:15,100.0,89.3,B
2021-07-06T11:20:14,700.0,89.3,B
2021-07-06T11:20:09,100.0,89.3,B
2021-07-06T11:20:01,400.0,89.3,B
2021-07-06T11:20:01,200.0,89.2,S
2021-07-06T11:19:49,200.0,89.3,B
2021-07-06T11:19:45,100.0,89.3,B
2021-07-06T11:19:42,200.0,89.3,B
2021-07-06T11:19:24,100.0,89.3,B
2021-07-06T11:19:20,100.0,89.3,B
2021-07-06T11:18:58,200.0,89.3,B
2021-07-06T11:18:58,100.0,89.3,B
2021-07-06T11:18:33,100.0,89.3,B
2021-07-06T11:18:33,100.0,89.3,B
2021-07-06T11:18:11,100.0,89.3,B
2021-07-06T11:18:08,200.0,89.3,B
2021-07-06T11:18:03,800.0,89.3,B
2021-07-06T11:18:03,600.0,89.3,B
2021-07-06T11:17:58,100.0,89.3,B
2021-07-06T11:17:47,100.0,89.3,B
2021-07-06T11:17:43,100.0,89.3,B
2021-07-06T11:17:30,700.0,89.3,B
2021-07-06T11:17:25,100.0,89.3,B
2021-07-06T11:17:17,100.0,89.3,B
2021-07-06T11:17:11,1000.0,89.3,B
2021-07-06T11:17:00,100.0,89.3,B
2021-07-06T11:16:52,200.0,89.3,B
2021-07-06T11:16:37,200.0,89.3,B
2021-07-06T11:16:26,100.0,89.3,B
2021-07-06T11:16:13,100.0,89.3,B
2021-07-06T11:16:08,300.0,89.3,B
2021-07-06T11:16:01,200.0,89.3,B
2021-07-06T11:15:50,100.0,89.3,B
2021-07-06T11:15:35,200.0,89.3,B
2021-07-06T11:15:23,100.0,89.2,S
2021-07-06T11:15:23,200.0,89.2,S
2021-07-06T11:15:22,1900.0,89.2,S
2021-07-06T11:15:22,3200.0,89.3,B
2021-07-06T11:15:22,2800.0,89.3,B
2021-07-06T11:15:21,1000.0,89.2,S
2021-07-06T11:15:03,100.0,89.3,B
2021-07-06T11:14:38,100.0,89.3,B
2021-07-06T11:14:17,100.0,89.3,B
2021-07-06T11:14:07,100.0,89.2,S
2021-07-06T11:13:54,300.0,89.2,S
2021-07-06T11:13:53,1900.0,89.2,S
2021-07-06T11:12:54,100.0,89.2,S
2021-07-06T11:12:28,100.0,89.2,S
2021-07-06T11:12:27,100.0,89.2,S
2021-07-06T11:12:18,100.0,89.3,B
2021-07-06T11:11:59,1000.0,89.3,B
2021-07-06T11:11:56,100.0,89.3,B
2021-07-06T11:11:40,300.0,89.3,B
2021-07-06T11:11:31,100.0,89.3,B
2021-07-06T11:11:21,200.0,89.3,B
2021-07-06T11:11:08,100.0,89.3,B
2021-07-06T11:10:55,100.0,89.3,B
2021-07-06T11:10:55,100.0,89.2,B
2021-07-06T11:10:55,1300.0,89.2,B
2021-07-06T11:10:54,600.0,89.2,S
2021-07-06T11:10:50,300.0,89.2,S
2021-07-06T11:10:48,1700.0,89.2,S
2021-07-06T11:10:47,200.0,89.2,B
2021-07-06T11:10:47,1900.0,89.2,B
2021-07-06T11:10:47,2000.0,89.2,B
2021-07-06T11:10:47,2700.0,89.2,B
2021-07-06T11:10:47,1600.0,89.2,B
2021-07-06T11:10:47,100.0,89.2,B
2021-07-06T11:10:46,1300.0,89.2,B
2021-07-06T11:10:44,100.0,89.2,B
2021-07-06T11:10:32,100.0,89.2,B
2021-07-06T11:10:30,100.0,89.2,B
2021-07-06T11:10:16,100.0,89.1,S
2021-07-06T11:10:14,200.0,89.1,S
2021-07-06T11:10:14,500.0,89.2,B
2021-07-06T11:10:09,1100.0,89.2,B
2021-07-06T11:10:04,200.0,89.2,B
2021-07-06T11:09:52,400.0,89.1,S
2021-07-06T11:09:39,100.0,89.1,B
2021-07-06T11:09:33,100.0,89.1,B
2021-07-06T11:09:25,1600.0,89.1,S
2021-07-06T11:09:22,100.0,89.1,B
2021-07-06T11:09:22,300.0,89.1,B
2021-07-06T11:09:14,200.0,89.1,B
2021-07-06T11:09:12,100.0,89.1,B
2021-07-06T11:09:10,100.0,89.1,B
2021-07-06T11:09:04,1500.0,89.1,B
2021-07-06T11:08:55,300.0,89.1,B
2021-07-06T11:08:52,100.0,89.1,B
2021-07-06T11:08:48,100.0,89.1,B
2021-07-06T11:08:47,100.0,89.1,B
2021-07-06T11:08:46,100.0,89.1,B
2021-07-06T11:08:37,2600.0,89.1,B
2021-07-06T11:08:37,2300.0,89.1,B
2021-07-06T11:08:37,100.0,89.1,B
2021-07-06T11:08:33,500.0,89.1,B
2021-07-06T11:08:23,200.0,89.1,B
2021-07-06T11:08:22,100.0,89.0,S
2021-07-06T11:08:22,400.0,89.0,S
2021-07-06T11:08:16,300.0,89.1,B
2021-07-06T11:08:13,100.0,89.1,B
2021-07-06T11:08:02,300.0,89.1,B
2021-07-06T11:08:02,1700.0,89.1,B
2021-07-06T11:07:58,100.0,89.1,B
2021-07-06T11:07:58,200.0,89.1,B
2021-07-06T11:07:50,100.0,89.1,B
2021-07-06T11:07:47,1000.0,89.1,B
2021-07-06T11:07:46,100.0,89.1,B
2021-07-06T11:07:37,300.0,89.1,B
2021-07-06T11:07:36,100.0,89.1,B
2021-07-06T11:07:32,100.0,89.1,B
2021-07-06T11:07:24,300.0,89.1,B
2021-07-06T11:07:13,300.0,89.1,B
2021-07-06T11:07:12,100.0,89.1,B
2021-07-06T11:07:07,200.0,89.1,B
2021-07-06T11:07:00,2000.0,89.1,B
2021-07-06T11:06:52,200.0,89.1,B
2021-07-06T11:06:49,100.0,89.1,B
2021-07-06T11:06:41,100.0,89.1,B
2021-07-06T11:06:41,100.0,89.0,S
2021-07-06T11:06:40,900.0,89.0,S
2021-07-06T11:06:25,100.0,89.1,B
2021-07-06T11:06:16,100.0,89.1,B
2021-07-06T11:06:12,100.0,89.1,B
2021-07-06T11:06:02,100.0,89.1,B
2021-07-06T11:06:01,500.0,89.1,B
2021-07-06T11:05:49,200.0,89.1,B
2021-07-06T11:05:37,100.0,89.1,B
2021-07-06T11:05:25,100.0,89.1,B
2021-07-06T11:05:15,100.0,89.1,B
2021-07-06T11:05:01,100.0,89.1,B
2021-07-06T11:04:58,100.0,89.1,B
2021-07-06T11:04:58,300.0,89.0,S
2021-07-06T11:04:58,1900.0,89.0,S
2021-07-06T11:04:55,100.0,89.0,S
2021-07-06T11:04:38,100.0,89.0,S
2021-07-06T11:04:36,900.0,89.0,S
2021-07-06T11:04:36,4500.0,89.0,S
2021-07-06T11:04:35,500.0,89.0,S
2021-07-06T11:04:35,600.0,89.0,S
2021-07-06T11:04:35,1000.0,89.0,S
2021-07-06T11:04:35,200.0,89.0,S
2021-07-06T11:04:35,100.0,89.0,S
2021-07-06T11:04:35,3200.0,89.0,S
2021-07-06T11:04:35,700.0,89.0,S
2021-07-06T11:04:35,700.0,89.0,S
2021-07-06T11:04:35,1400.0,89.0,S
2021-07-06T11:04:35,1500.0,89.0,S
2021-07-06T11:04:35,500.0,89.0,S
2021-07-06T11:04:35,1500.0,89.0,S
2021-07-06T11:04:35,2300.0,89.0,S
2021-07-06T11:04:35,1000.0,89.0,S
2021-07-06T11:04:35,7700.0,89.0,S
2021-07-06T11:04:32,200.0,89.1,B
2021-07-06T11:04:29,100.0,89.1,B
2021-07-06T11:04:15,100.0,89.1,B
2021-07-06T11:04:09,100.0,89.1,B
2021-07-06T11:04:04,100.0,89.1,B
2021-07-06T11:04:03,100.0,89.1,B
2021-07-06T11:03:53,100.0,89.1,S
2021-07-06T11:03:52,2200.0,89.1,S
2021-07-06T11:03:52,1100.0,89.1,S
2021-07-06T11:03:52,200.0,89.1,S
2021-07-06T11:03:52,10000.0,89.1,S
2021-07-06T11:03:46,300.0,89.2,B
2021-07-06T11:03:41,200.0,89.2,B
2021-07-06T11:03:41,300.0,89.1,S
2021-07-06T11:03:40,1500.0,89.1,S
2021-07-06T11:03:18,100.0,89.2,B
2021-07-06T11:03:17,100.0,89.2,B
2021-07-06T11:02:53,100.0,89.2,B
2021-07-06T11:02:52,100.0,89.2,B
2021-07-06T11:02:46,300.0,89.2,B
2021-07-06T11:02:30,100.0,89.2,B
2021-07-06T11:02:27,200.0,89.2,B
2021-07-06T11:02:10,1000.0,89.2,B
2021-07-06T11:02:04,100.0,89.1,S
2021-07-06T11:02:01,100.0,89.2,B
2021-07-06T11:01:59,300.0,89.1,S
2021-07-06T11:01:59,1900.0,89.1,S
2021-07-06T11:01:49,100.0,89.1,S
2021-07-06T11:01:49,100.0,89.1,S
2021-07-06T11:01:49,400.0,89.1,S
2021-07-06T11:01:43,100.0,89.2,B
2021-07-06T11:01:36,100.0,89.2,B
2021-07-06T11:01:36,100.0,89.2,B
2021-07-06T11:01:12,300.0,89.1,S
2021-07-06T11:01:12,1200.0,89.1,B
2021-07-06T11:01:12,300.0,89.1,B
2021-07-06T11:01:12,100.0,89.1,B
2021-07-06T11:01:11,200.0,89.1,B
2021-07-06T11:01:09,100.0,89.1,B
2021-07-06T11:00:59,100.0,89.1,B
2021-07-06T11:00:56,100.0,89.1,B
2021-07-06T11:00:45,100.0,89.1,B
2021-07-06T11:00:42,100.0,89.1,B
2021-07-06T11:00:42,1000.0,89.1,B
2021-07-06T11:00:34,100.0,89.0,S
2021-07-06T11:00:31,100.0,89.1,B
2021-07-06T11:00:31,100.0,89.1,S
2021-07-06T11:00:31,1400.0,89.1,S
2021-07-06T11:00:31,100.0,89.1,S
2021-07-06T11:00:31,1000.0,89.1,S
2021-07-06T11:00:31,300.0,89.1,S
2021-07-06T11:00:31,200.0,89.1,S
2021-07-06T11:00:31,1000.0,89.1,S
2021-07-06T11:00:31,200.0,89.1,S
2021-07-06T11:00:31,100.0,89.1,S
2021-07-06T11:00:31,700.0,89.1,S
2021-07-06T11:00:30,1900.0,89.1,S
2021-07-06T11:00:30,400.0,89.1,S
2021-07-06T11:00:30,300.0,89.1,S
2021-07-06T11:00:29,800.0,89.1,S
2021-07-06T11:00:29,3800.0,89.1,S
2021-07-06T11:00:29,2400.0,89.1,S
2021-07-06T11:00:29,500.0,89.1,S
2021-07-06T11:00:29,6200.0,89.1,S
2021-07-06T11:00:29,100.0,89.1,S
2021-07-06T11:00:29,15500.0,89.1,S
2021-07-06T11:00:28,200.0,89.1,S
2021-07-06T11:00:27,1000.0,89.1,S
2021-07-06T11:00:19,200.0,89.2,B
2021-07-06T11:00:01,200.0,89.1,S
2021-07-06T10:59:54,100.0,89.2,B
2021-07-06T10:59:45,100.0,89.2,B
2021-07-06T10:59:38,100.0,89.2,B
2021-07-06T10:59:28,100.0,89.2,B
2021-07-06T10:59:26,100.0,89.1,S
2021-07-06T10:59:22,100.0,89.2,B
2021-07-06T10:59:11,100.0,89.2,B
2021-07-06T10:59:08,300.0,89.1,S
2021-07-06T10:59:03,200.0,89.2,B
2021-07-06T10:58:58,100.0,89.2,B
2021-07-06T10:58:51,500.0,89.2,B
2021-07-06T10:58:47,200.0,89.1,S
2021-07-06T10:58:37,100.0,89.2,B
2021-07-06T10:58:26,400.0,89.1,S
2021-07-06T10:58:21,300.0,89.2,B
2021-07-06T10:58:16,100.0,89.1,S
2021-07-06T10:58:12,100.0,89.2,B
2021-07-06T10:58:11,100.0,89.2,B
2021-07-06T10:57:48,100.0,89.2,B
2021-07-06T10:57:47,200.0,89.2,B
2021-07-06T10:57:39,200.0,89.1,S
2021-07-06T10:57:32,400.0,89.1,S
2021-07-06T10:57:31,2000.0,89.1,S
2021-07-06T10:57:26,100.0,89.1,S
2021-07-06T10:57:26,100.0,89.2,B
2021-07-06T10:57:25,100.0,89.2,B
2021-07-06T10:57:07,200.0,89.2,B
2021-07-06T10:57:04,200.0,89.1,S
2021-07-06T10:57:01,100.0,89.2,B
2021-07-06T10:56:56,200.0,89.2,B
2021-07-06T10:56:41,100.0,89.2,B
2021-07-06T10:56:37,100.0,89.2,B
2021-07-06T10:56:31,100.0,89.2,B
2021-07-06T10:56:29,100.0,89.1,S
2021-07-06T10:56:14,200.0,89.2,B
2021-07-06T10:56:14,100.0,89.2,B
2021-07-06T10:56:05,100.0,89.2,B
2021-07-06T10:56:03,300.0,89.1,S
2021-07-06T10:56:02,1900.0,89.1,S
2021-07-06T10:55:54,200.0,89.1,S
2021-07-06T10:55:49,100.0,89.2,B
2021-07-06T10:55:40,200.0,89.2,B
2021-07-06T10:55:32,100.0,89.1,S
2021-07-06T10:55:17,200.0,89.1,S
2021-07-06T10:55:14,100.0,89.2,B
2021-07-06T10:55:07,200.0,89.1,S
2021-07-06T10:55:07,1000.0,89.1,S
2021-07-06T10:55:03,100.0,89.2,B
2021-07-06T10:54:49,200.0,89.2,B
2021-07-06T10:54:46,300.0,89.2,B
2021-07-06T10:54:42,200.0,89.1,S
2021-07-06T10:54:40,100.0,89.2,B
2021-07-06T10:54:37,100.0,89.2,B
2021-07-06T10:54:24,100.0,89.2,B
2021-07-06T10:54:17,100.0,89.2,B
2021-07-06T10:54:06,2000.0,89.2,B
2021-07-06T10:54:06,100.0,89.1,S
2021-07-06T10:54:02,100.0,89.2,B
2021-07-06T10:53:58,100.0,89.2,B
2021-07-06T10:53:53,300.0,89.2,B
2021-07-06T10:53:46,300.0,89.1,S
2021-07-06T10:53:46,900.0,89.1,S
2021-07-06T10:53:44,1000.0,89.2,B
2021-07-06T10:53:33,200.0,89.2,B
2021-07-06T10:53:32,1000.0,89.2,B
2021-07-06T10:53:31,200.0,89.1,S
2021-07-06T10:53:29,100.0,89.2,B
2021-07-06T10:53:14,200.0,89.2,B
2021-07-06T10:53:10,1700.0,89.2,S
2021-07-06T10:53:10,300.0,89.2,S
2021-07-06T10:53:10,900.0,89.2,S
2021-07-06T10:53:10,100.0,89.2,S
2021-07-06T10:53:10,100.0,89.2,S
2021-07-06T10:53:10,3100.0,89.2,S
2021-07-06T10:53:10,400.0,89.2,S
2021-07-06T10:53:10,100.0,89.2,S
2021-07-06T10:53:10,500.0,89.2,S
2021-07-06T10:53:07,100.0,89.3,B
2021-07-06T10:53:05,400.0,89.2,S
2021-07-06T10:53:04,1300.0,89.2,S
2021-07-06T10:53:04,200.0,89.2,S
2021-07-06T10:53:04,100.0,89.2,S
2021-07-06T10:53:04,400.0,89.2,S
2021-07-06T10:52:56,200.0,89.2,S
2021-07-06T10:52:43,400.0,89.3,B
2021-07-06T10:52:42,100.0,89.3,B
2021-07-06T10:52:42,100.0,89.3,B
2021-07-06T10:52:36,200.0,89.3,B
2021-07-06T10:52:24,700.0,89.3,B
2021-07-06T10:52:20,100.0,89.2,S
2021-07-06T10:52:18,100.0,89.3,B
2021-07-06T10:52:16,200.0,89.3,B
2021-07-06T10:51:55,100.0,89.3,B
2021-07-06T10:51:52,100.0,89.3,B
2021-07-06T10:51:45,400.0,89.2,S
2021-07-06T10:51:32,100.0,89.3,B
2021-07-06T10:51:26,200.0,89.3,B
2021-07-06T10:51:12,2100.0,89.4,B
2021-07-06T10:51:12,100.0,89.2,S
2021-07-06T10:51:12,100.0,89.2,S
2021-07-06T10:51:12,200.0,89.2,S
2021-07-06T10:51:11,200.0,89.2,S
2021-07-06T10:51:11,1900.0,89.2,S
2021-07-06T10:51:09,200.0,89.3,S
2021-07-06T10:51:08,100.0,89.4,B
2021-07-06T10:51:00,100.0,89.4,B
2021-07-06T10:50:35,100.0,89.3,B
2021-07-06T10:50:35,200.0,89.2,S
2021-07-06T10:50:28,200.0,89.4,B
2021-07-06T10:50:28,200.0,89.2,S
2021-07-06T10:50:28,1300.0,89.2,S
2021-07-06T10:50:26,3200.0,89.2,S
2021-07-06T10:50:26,900.0,89.2,S
2021-07-06T10:50:26,2800.0,89.2,S
2021-07-06T10:50:20,300.0,89.3,B
2021-07-06T10:50:09,200.0,89.3,B
2021-07-06T10:50:06,300.0,89.2,S
2021-07-06T10:50:05,1900.0,89.2,S
2021-07-06T10:49:58,100.0,89.2,S
2021-07-06T10:49:57,100.0,89.3,B
2021-07-06T10:49:54,400.0,89.3,B
2021-07-06T10:49:51,200.0,89.2,S
2021-07-06T10:49:45,100.0,89.3,B
2021-07-06T10:49:36,100.0,89.3,B
2021-07-06T10:49:33,100.0,89.3,B
2021-07-06T10:49:26,300.0,89.3,B
2021-07-06T10:49:22,200.0,89.2,S
2021-07-06T10:49:17,100.0,89.3,B
2021-07-06T10:49:10,100.0,89.3,B
2021-07-06T10:48:53,200.0,89.3,B
2021-07-06T10:48:48,200.0,89.2,S
2021-07-06T10:48:47,100.0,89.3,B
2021-07-06T10:48:26,100.0,89.4,B
2021-07-06T10:48:12,100.0,89.2,S
2021-07-06T10:48:02,200.0,89.4,B
2021-07-06T10:47:37,200.0,89.2,S
2021-07-06T10:47:37,100.0,89.4,B
2021-07-06T10:47:29,100.0,89.2,S
2021-07-06T10:47:21,800.0,89.4,B
2021-07-06T10:47:15,100.0,89.3,B
2021-07-06T10:47:12,100.0,89.3,B
2021-07-06T10:47:11,100.0,89.3,B
2021-07-06T10:47:09,300.0,89.2,S
2021-07-06T10:47:07,1900.0,89.2,S
2021-07-06T10:47:03,100.0,89.2,S
2021-07-06T10:47:02,300.0,89.2,S
2021-07-06T10:47:02,100.0,89.2,S
2021-07-06T10:47:02,200.0,89.2,S
2021-07-06T10:47:01,200.0,89.2,S
2021-07-06T10:47:01,3000.0,89.4,B
2021-07-06T10:46:49,100.0,89.4,B
2021-07-06T10:46:46,200.0,89.4,B
2021-07-06T10:46:26,100.0,89.2,S
2021-07-06T10:46:26,100.0,89.3,S
2021-07-06T10:46:20,100.0,89.3,B
2021-07-06T10:46:02,100.0,89.3,S
2021-07-06T10:46:02,200.0,89.3,S
2021-07-06T10:46:01,1800.0,89.3,S
2021-07-06T10:45:56,100.0,89.3,B
2021-07-06T10:45:50,100.0,89.2,S
2021-07-06T10:45:39,100.0,89.3,B
2021-07-06T10:45:29,200.0,89.3,B
2021-07-06T10:45:20,800.0,89.3,S
2021-07-06T10:45:15,200.0,89.3,S
2021-07-06T10:45:15,100.0,89.4,B
2021-07-06T10:45:04,100.0,89.4,B
2021-07-06T10:44:59,300.0,89.4,B
2021-07-06T10:44:39,200.0,89.2,S
2021-07-06T10:44:39,200.0,89.4,B
2021-07-06T10:44:33,100.0,89.3,S
2021-07-06T10:44:28,100.0,89.3,B
2021-07-06T10:44:15,1000.0,89.3,S
2021-07-06T10:44:13,100.0,89.4,B
2021-07-06T10:44:10,400.0,89.3,S
2021-07-06T10:44:08,2000.0,89.3,S
2021-07-06T10:44:04,100.0,89.3,S
2021-07-06T10:43:58,300.0,89.3,S
2021-07-06T10:43:57,1600.0,89.3,S
2021-07-06T10:43:56,2200.0,89.3,S
2021-07-06T10:43:56,1000.0,89.3,S
2021-07-06T10:43:56,2600.0,89.3,S
2021-07-06T10:43:56,400.0,89.3,S
2021-07-06T10:43:56,700.0,89.3,S
2021-07-06T10:43:56,1100.0,89.3,S
2021-07-06T10:43:48,100.0,89.4,B
2021-07-06T10:43:29,200.0,89.3,S
2021-07-06T10:43:23,100.0,89.3,S
2021-07-06T10:43:22,200.0,89.4,B
2021-07-06T10:43:17,100.0,89.4,B
2021-07-06T10:43:02,100.0,89.4,B
2021-07-06T10:42:57,100.0,89.4,B
2021-07-06T10:42:53,200.0,89.3,S
2021-07-06T10:42:52,600.0,89.4,S
2021-07-06T10:42:52,700.0,89.4,S
2021-07-06T10:42:31,200.0,89.5,B
2021-07-06T10:42:19,100.0,89.4,S
2021-07-06T10:42:18,200.0,89.4,S
2021-07-06T10:42:07,100.0,89.5,B
2021-07-06T10:41:53,200.0,89.4,S
2021-07-06T10:41:45,100.0,89.4,S
2021-07-06T10:41:44,500.0,89.4,S
2021-07-06T10:41:43,200.0,89.4,S
2021-07-06T10:41:43,100.0,89.4,S
2021-07-06T10:41:42,1000.0,89.4,B
2021-07-06T10:41:39,100.0,89.4,B
2021-07-06T10:41:37,100.0,89.4,B
2021-07-06T10:41:20,100.0,89.4,B
2021-07-06T10:41:15,200.0,89.4,B
2021-07-06T10:41:11,300.0,89.3,S
2021-07-06T10:41:10,200.0,89.3,S
2021-07-06T10:41:10,100.0,89.3,S
2021-07-06T10:41:10,1600.0,89.3,S
2021-07-06T10:41:07,200.0,89.3,S
2021-07-06T10:40:56,100.0,89.4,B
2021-07-06T10:40:50,100.0,89.4,B
2021-07-06T10:40:41,100.0,89.4,B
2021-07-06T10:40:33,100.0,89.4,B
2021-07-06T10:40:32,300.0,89.4,B
2021-07-06T10:40:31,200.0,89.3,S
2021-07-06T10:40:24,100.0,89.4,B
2021-07-06T10:40:22,200.0,89.3,S
2021-07-06T10:40:21,1000.0,89.3,S
2021-07-06T10:40:13,100.0,89.3,S
2021-07-06T10:40:13,200.0,89.3,S
2021-07-06T10:40:13,300.0,89.3,S
2021-07-06T10:40:09,100.0,89.4,B
2021-07-06T10:39:59,200.0,89.4,B
2021-07-06T10:39:56,100.0,89.3,S
2021-07-06T10:39:46,100.0,89.4,B
2021-07-06T10:39:33,100.0,89.4,B
2021-07-06T10:39:29,300.0,89.4,S
2021-07-06T10:39:29,200.0,89.4,S
2021-07-06T10:39:20,200.0,89.4,S
2021-07-06T10:39:18,100.0,89.5,B
2021-07-06T10:39:08,200.0,89.5,B
2021-07-06T10:39:07,100.0,89.4,S
2021-07-06T10:39:01,100.0,89.4,S
2021-07-06T10:38:45,200.0,89.4,S
2021-07-06T10:38:42,100.0,89.5,B
2021-07-06T10:38:35,100.0,89.5,B
2021-07-06T10:38:17,100.0,89.5,B
2021-07-06T10:38:12,400.0,89.4,S
2021-07-06T10:38:11,500.0,89.4,S
2021-07-06T10:38:11,1400.0,89.4,S
2021-07-06T10:38:10,200.0,89.4,S
2021-07-06T10:37:52,200.0,89.5,B
2021-07-06T10:37:33,100.0,89.4,S
2021-07-06T10:37:26,100.0,89.5,B
2021-07-06T10:37:25,100.0,89.5,B
2021-07-06T10:37:21,1000.0,89.5,B
2021-07-06T10:37:01,100.0,89.5,B
2021-07-06T10:36:59,200.0,89.4,S
2021-07-06T10:36:51,100.0,89.4,B
2021-07-06T10:36:43,200.0,89.4,S
2021-07-06T10:36:42,1900.0,89.4,S
2021-07-06T10:36:34,200.0,89.4,S
2021-07-06T10:36:34,200.0,89.5,B
2021-07-06T10:36:23,200.0,89.3,S
2021-07-06T10:36:12,100.0,89.5,B
2021-07-06T10:36:08,100.0,89.5,B
2021-07-06T10:36:05,300.0,89.4,B
2021-07-06T10:35:49,100.0,89.3,S
2021-07-06T10:35:43,200.0,89.4,B
2021-07-06T10:35:37,300.0,89.3,S
2021-07-06T10:35:27,100.0,89.4,B
2021-07-06T10:35:19,100.0,89.4,B
2021-07-06T10:35:14,400.0,89.3,S
2021-07-06T10:35:13,2000.0,89.3,S
2021-07-06T10:35:12,200.0,89.3,S
2021-07-06T10:34:57,100.0,89.3,S
2021-07-06T10:34:53,100.0,89.4,B
2021-07-06T10:34:47,100.0,89.3,S
2021-07-06T10:34:37,200.0,89.3,S
2021-07-06T10:34:27,200.0,89.4,B
2021-07-06T10:34:16,100.0,89.5,B
2021-07-06T10:34:03,100.0,89.5,B
2021-07-06T10:34:01,200.0,89.3,S
2021-07-06T10:33:53,100.0,89.5,B
2021-07-06T10:33:38,100.0,89.5,B
2021-07-06T10:33:37,100.0,89.5,B
2021-07-06T10:33:26,100.0,89.3,S
2021-07-06T10:33:24,200.0,89.3,S
2021-07-06T10:33:13,3400.0,89.5,B
2021-07-06T10:33:13,4300.0,89.5,B
2021-07-06T10:33:13,12300.0,89.5,B
2021-07-06T10:33:13,200.0,89.5,B
2021-07-06T10:32:57,200.0,89.3,S
2021-07-06T10:32:56,500.0,89.3,S
2021-07-06T10:32:56,100.0,89.3,S
2021-07-06T10:32:56,400.0,89.3,S
2021-07-06T10:32:55,200.0,89.3,S
2021-07-06T10:32:53,4800.0,89.3,S
2021-07-06T10:32:51,200.0,89.3,S
2021-07-06T10:32:46,100.0,89.5,B
2021-07-06T10:32:26,100.0,89.3,S
2021-07-06T10:32:26,100.0,89.3,S
2021-07-06T10:32:26,900.0,89.3,S
2021-07-06T10:32:20,200.0,89.5,B
2021-07-06T10:32:15,200.0,89.3,S
2021-07-06T10:32:15,300.0,89.4,S
2021-07-06T10:32:14,900.0,89.4,S
2021-07-06T10:32:14,1000.0,89.4,S
2021-07-06T10:32:09,100.0,89.4,S
2021-07-06T10:31:55,100.0,89.5,B
2021-07-06T10:31:48,200.0,89.4,S
2021-07-06T10:31:48,100.0,89.5,B
2021-07-06T10:31:40,100.0,89.4,S
2021-07-06T10:31:38,300.0,89.5,B
2021-07-06T10:31:36,400.0,89.4,S
2021-07-06T10:31:34,100.0,89.4,S
2021-07-06T10:31:34,700.0,89.4,S
2021-07-06T10:31:34,1200.0,89.4,S
2021-07-06T10:31:34,10000.0,89.4,S
2021-07-06T10:31:31,100.0,89.5,B
2021-07-06T10:31:30,1600.0,89.5,B
2021-07-06T10:31:30,100.0,89.5,B
2021-07-06T10:31:08,100.0,89.5,B
2021-07-06T10:31:05,200.0,89.5,B
2021-07-06T10:31:05,100.0,89.5,B
2021-07-06T10:31:04,200.0,89.4,S
2021-07-06T10:30:46,100.0,89.4,S
2021-07-06T10:30:46,800.0,89.4,S
2021-07-06T10:30:45,100.0,89.5,B
2021-07-06T10:30:39,100.0,89.5,B
2021-07-06T10:30:29,200.0,89.4,S
2021-07-06T10:30:21,100.0,89.5,B
2021-07-06T10:30:14,200.0,89.5,B
2021-07-06T10:29:53,200.0,89.4,S
2021-07-06T10:29:50,200.0,89.4,S
2021-07-06T10:29:48,1000.0,89.4,S
2021-07-06T10:29:48,100.0,89.5,B
2021-07-06T10:29:34,100.0,89.5,B
2021-07-06T10:29:23,100.0,89.5,B
2021-07-06T10:29:18,100.0,89.4,S
2021-07-06T10:29:10,100.0,89.5,B
2021-07-06T10:29:04,2000.0,89.5,B
2021-07-06T10:29:04,200.0,89.5,B
2021-07-06T10:29:04,800.0,89.5,B
2021-07-06T10:29:01,100.0,89.5,B
2021-07-06T10:28:57,200.0,89.5,B
2021-07-06T10:28:49,100.0,89.5,B
2021-07-06T10:28:47,100.0,89.5,B
2021-07-06T10:28:45,100.0,89.5,B
2021-07-06T10:28:43,200.0,89.4,S
2021-07-06T10:28:32,100.0,89.5,B
2021-07-06T10:28:24,100.0,89.5,B
2021-07-06T10:28:14,700.0,89.5,B
2021-07-06T10:28:07,200.0,89.4,S
2021-07-06T10:28:06,100.0,89.5,B
2021-07-06T10:28:00,100.0,89.5,B
2021-07-06T10:27:45,200.0,89.5,B
2021-07-06T10:27:41,200.0,89.5,B
2021-07-06T10:27:40,1000.0,89.5,B
2021-07-06T10:27:32,100.0,89.4,S
2021-07-06T10:27:15,100.0,89.5,B
2021-07-06T10:27:13,100.0,89.4,S
2021-07-06T10:27:13,100.0,89.5,B
2021-07-06T10:27:11,300.0,89.5,B
2021-07-06T10:27:10,200.0,89.4,S
2021-07-06T10:27:10,300.0,89.4,S
2021-07-06T10:27:09,200.0,89.5,B
2021-07-06T10:27:05,1000.0,89.5,B
2021-07-06T10:27:05,500.0,89.5,B
2021-07-06T10:27:05,1200.0,89.5,B
2021-07-06T10:27:05,2300.0,89.5,B
2021-07-06T10:26:57,100.0,89.4,S
2021-07-06T10:26:57,300.0,89.4,S
2021-07-06T10:26:56,200.0,89.4,S
2021-07-06T10:26:56,500.0,89.4,S
2021-07-06T10:26:49,200.0,89.5,B
2021-07-06T10:26:43,200.0,89.4,S
2021-07-06T10:26:33,100.0,89.5,B
2021-07-06T10:26:26,100.0,89.5,B
2021-07-06T10:26:25,100.0,89.5,B
2021-07-06T10:26:25,800.0,89.4,S
2021-07-06T10:26:23,4300.0,89.4,S
2021-07-06T10:26:20,200.0,89.4,S
2021-07-06T10:26:02,100.0,89.5,B
2021-07-06T10:25:59,100.0,89.5,B
2021-07-06T10:25:54,2500.0,89.5,B
2021-07-06T10:25:45,200.0,89.4,S
2021-07-06T10:25:39,100.0,89.5,B
2021-07-06T10:25:34,200.0,89.5,B
2021-07-06T10:25:20,5200.0,89.5,S
2021-07-06T10:25:18,200.0,89.5,S
2021-07-06T10:25:15,1000.0,89.5,S
2021-07-06T10:25:15,5000.0,89.5,S
2021-07-06T10:25:15,100.0,89.6,B
2021-07-06T10:25:13,600.0,89.6,B
2021-07-06T10:25:10,100.0,89.5,S
2021-07-06T10:25:08,100.0,89.6,B
2021-07-06T10:25:07,100.0,89.5,S
2021-07-06T10:25:05,400.0,89.5,B
2021-07-06T10:25:05,100.0,89.5,B
2021-07-06T10:24:58,1500.0,89.5,S
2021-07-06T10:24:57,500.0,89.5,B
2021-07-06T10:24:57,8000.0,89.5,B
2021-07-06T10:24:52,1900.0,89.5,B
2021-07-06T10:24:52,100.0,89.5,B
2021-07-06T10:24:50,1000.0,89.5,B
2021-07-06T10:24:43,100.0,89.5,B
2021-07-06T10:24:43,10000.0,89.5,B
2021-07-06T10:24:41,1000.0,89.5,B
2021-07-06T10:24:39,100.0,89.5,S
2021-07-06T10:24:39,200.0,89.5,S
2021-07-06T10:24:39,2600.0,89.5,S
2021-07-06T10:24:39,600.0,89.5,S
2021-07-06T10:24:39,100.0,89.5,S
2021-07-06T10:24:39,100.0,89.5,S
2021-07-06T10:24:39,1000.0,89.5,S
2021-07-06T10:24:39,5200.0,89.5,S
2021-07-06T10:24:39,100.0,89.5,S
2021-07-06T10:24:39,4900.0,89.5,S
2021-07-06T10:24:34,200.0,89.5,S
2021-07-06T10:24:33,3200.0,89.6,B
2021-07-06T10:24:33,800.0,89.6,B
2021-07-06T10:24:19,400.0,89.5,S
2021-07-06T10:24:18,200.0,89.6,B
2021-07-06T10:24:08,100.0,89.5,S
2021-07-06T10:24:05,600.0,89.5,S
2021-07-06T10:24:00,200.0,89.5,S
2021-07-06T10:23:52,100.0,89.6,B
2021-07-06T10:23:45,100.0,89.5,S
2021-07-06T10:23:41,100.0,89.6,B
2021-07-06T10:23:27,200.0,89.6,B
2021-07-06T10:23:23,100.0,89.5,S
2021-07-06T10:23:20,300.0,89.5,S
2021-07-06T10:23:19,100.0,89.5,S
2021-07-06T10:23:19,200.0,89.5,S
2021-07-06T10:23:19,400.0,89.5,S
2021-07-06T10:23:19,700.0,89.5,S
2021-07-06T10:23:19,100.0,89.5,S
2021-07-06T10:23:19,400.0,89.5,S
2021-07-06T10:23:02,200.0,89.5,S
2021-07-06T10:23:01,100.0,89.6,B
2021-07-06T10:22:53,100.0,89.5,S
2021-07-06T10:22:51,500.0,89.5,S
2021-07-06T10:22:49,400.0,89.5,S
2021-07-06T10:22:47,200.0,89.5,S
2021-07-06T10:22:44,300.0,89.6,B
2021-07-06T10:22:36,100.0,89.5,S
2021-07-06T10:22:36,100.0,89.5,S
2021-07-06T10:22:36,700.0,89.5,S
2021-07-06T10:22:36,4000.0,89.5,S
2021-07-06T10:22:36,100.0,89.6,B
2021-07-06T10:22:31,100.0,89.6,B
2021-07-06T10:22:30,100.0,89.6,B
2021-07-06T10:22:30,3500.0,89.5,S
2021-07-06T10:22:30,400.0,89.5,S
2021-07-06T10:22:29,1400.0,89.5,S
2021-07-06T10:22:16,100.0,89.6,B
2021-07-06T10:22:16,1500.0,89.6,B
2021-07-06T10:22:16,200.0,89.6,B
2021-07-06T10:22:13,200.0,89.5,S
2021-07-06T10:22:10,200.0,89.6,B
2021-07-06T10:22:07,100.0,89.6,B
2021-07-06T10:22:05,500.0,89.6,B
2021-07-06T10:21:45,100.0,89.6,B
2021-07-06T10:21:37,200.0,89.5,S
2021-07-06T10:21:30,100.0,89.5,S
2021-07-06T10:21:20,100.0,89.6,B
2021-07-06T10:21:19,500.0,89.6,B
2021-07-06T10:21:16,2000.0,89.5,S
2021-07-06T10:21:15,100.0,89.5,S
2021-07-06T10:21:15,2000.0,89.6,B
2021-07-06T10:21:15,300.0,89.5,S
2021-07-06T10:21:14,1700.0,89.5,S
2021-07-06T10:21:13,8600.0,89.5,S
2021-07-06T10:21:02,200.0,89.5,S
2021-07-06T10:21:02,100.0,89.5,S
2021-07-06T10:21:01,100.0,89.6,B
2021-07-06T10:20:58,200.0,89.6,B
2021-07-06T10:20:57,100.0,89.6,B
2021-07-06T10:20:54,200.0,89.6,B
2021-07-06T10:20:39,100.0,89.5,S
2021-07-06T10:20:33,100.0,89.6,B
2021-07-06T10:20:29,100.0,89.6,B
2021-07-06T10:20:25,200.0,89.5,S
2021-07-06T10:20:10,100.0,89.6,B
2021-07-06T10:20:03,200.0,89.6,B
2021-07-06T10:20:01,100.0,89.5,S
2021-07-06T10:19:50,200.0,89.5,S
2021-07-06T10:19:40,200.0,89.5,S
2021-07-06T10:19:38,100.0,89.6,B
2021-07-06T10:19:22,400.0,89.6,B
2021-07-06T10:19:15,100.0,89.5,S
2021-07-06T10:19:15,100.0,89.6,B
2021-07-06T10:19:15,100.0,89.5,S
2021-07-06T10:19:12,100.0,89.6,B
2021-07-06T10:18:58,100.0,89.6,B
2021-07-06T10:18:55,700.0,89.6,B
2021-07-06T10:18:46,200.0,89.6,B
2021-07-06T10:18:40,200.0,89.5,S
2021-07-06T10:18:37,100.0,89.6,B
2021-07-06T10:18:35,100.0,89.6,B
2021-07-06T10:18:35,200.0,89.6,B
2021-07-06T10:18:21,100.0,89.6,B
2021-07-06T10:18:18,300.0,89.6,B
2021-07-06T10:18:03,200.0,89.5,S
2021-07-06T10:17:56,200.0,89.6,B
2021-07-06T10:17:48,100.0,89.6,B
2021-07-06T10:17:29,100.0,89.6,B
2021-07-06T10:17:29,200.0,89.5,S
2021-07-06T10:17:25,100.0,89.6,B
2021-07-06T10:17:05,100.0,89.7,B
2021-07-06T10:16:54,100.0,89.5,S
2021-07-06T10:16:48,100.0,89.6,S
2021-07-06T10:16:47,500.0,89.6,S
2021-07-06T10:16:44,400.0,89.6,B
2021-07-06T10:16:39,200.0,89.6,B
2021-07-06T10:16:38,100.0,89.6,B
2021-07-06T10:16:24,100.0,89.6,B
2021-07-06T10:16:22,2000.0,89.6,S
2021-07-06T10:16:22,6600.0,89.6,S
2021-07-06T10:16:22,100.0,89.6,S
2021-07-06T10:16:22,200.0,89.6,S
2021-07-06T10:16:22,1300.0,89.6,S
2021-07-06T10:16:22,200.0,89.6,S
2021-07-06T10:16:22,200.0,89.6,S
2021-07-06T10:16:22,1400.0,89.6,S
2021-07-06T10:16:19,100.0,89.6,S
2021-07-06T10:16:18,200.0,89.6,S
2021-07-06T10:16:14,100.0,89.7,B
2021-07-06T10:16:14,100.0,89.7,B
2021-07-06T10:16:07,100.0,89.7,B
2021-07-06T10:15:58,100.0,89.6,S
2021-07-06T10:15:54,600.0,89.7,B
2021-07-06T10:15:54,500.0,89.7,B
2021-07-06T10:15:52,100.0,89.6,S
2021-07-06T10:15:52,200.0,89.7,B
2021-07-06T10:15:51,100.0,89.7,B
2021-07-06T10:15:49,100.0,89.7,B
2021-07-06T10:15:43,200.0,89.6,S
2021-07-06T10:15:35,400.0,89.6,S
2021-07-06T10:15:33,100.0,89.6,S
2021-07-06T10:15:33,1900.0,89.6,S
2021-07-06T10:15:27,100.0,89.7,B
2021-07-06T10:15:23,200.0,89.7,B
2021-07-06T10:15:07,100.0,89.6,S
2021-07-06T10:15:04,100.0,89.7,B
2021-07-06T10:14:58,100.0,89.7,B
2021-07-06T10:14:33,100.0,89.6,S
2021-07-06T10:14:32,200.0,89.6,S
2021-07-06T10:14:32,200.0,89.7,B
2021-07-06T10:14:31,400.0,89.6,S
2021-07-06T10:14:29,2000.0,89.6,S
2021-07-06T10:14:24,300.0,89.6,S
2021-07-06T10:14:24,600.0,89.6,S
2021-07-06T10:14:24,1000.0,89.6,S
2021-07-06T10:14:24,300.0,89.6,S
2021-07-06T10:14:08,200.0,89.6,S
2021-07-06T10:14:07,100.0,89.7,B
2021-07-06T10:13:56,200.0,89.6,S
2021-07-06T10:13:52,100.0,89.7,B
2021-07-06T10:13:51,300.0,89.7,B
2021-07-06T10:13:42,100.0,89.7,B
2021-07-06T10:13:40,100.0,89.6,S
2021-07-06T10:13:39,800.0,89.6,S
2021-07-06T10:13:38,4000.0,89.6,S
2021-07-06T10:13:38,20000.0,89.6,S
2021-07-06T10:13:38,200.0,89.6,S
2021-07-06T10:13:37,200.0,89.6,S
2021-07-06T10:13:37,1000.0,89.6,S
2021-07-06T10:13:36,1000.0,89.6,S
2021-07-06T10:13:35,5000.0,89.6,S
2021-07-06T10:13:21,200.0,89.6,S
2021-07-06T10:13:18,100.0,89.6,S
2021-07-06T10:13:18,500.0,89.6,S
2021-07-06T10:13:15,300.0,89.7,B
2021-07-06T10:13:14,500.0,89.6,S
2021-07-06T10:13:10,400.0,89.6,S
2021-07-06T10:13:08,2400.0,89.6,S
2021-07-06T10:13:07,7600.0,89.7,B
2021-07-06T10:13:07,6300.0,89.7,B
2021-07-06T10:13:07,300.0,89.7,B
2021-07-06T10:12:55,200.0,89.6,S
2021-07-06T10:12:54,1000.0,89.6,S
2021-07-06T10:12:51,100.0,89.7,B
2021-07-06T10:12:45,100.0,89.6,S
2021-07-06T10:12:32,100.0,89.6,S
2021-07-06T10:12:25,100.0,89.7,B
2021-07-06T10:12:13,100.0,89.6,S
2021-07-06T10:12:12,500.0,89.6,S
2021-07-06T10:12:11,2800.0,89.6,S
2021-07-06T10:12:10,200.0,89.6,S
2021-07-06T10:12:09,100.0,89.6,S
2021-07-06T10:12:00,200.0,89.7,B
2021-07-06T10:11:57,2900.0,89.7,B
2021-07-06T10:11:57,300.0,89.7,B
2021-07-06T10:11:57,3800.0,89.7,B
2021-07-06T10:11:54,300.0,89.6,S
2021-07-06T10:11:49,200.0,89.6,S
2021-07-06T10:11:48,200.0,89.6,S
2021-07-06T10:11:35,200.0,89.6,S
2021-07-06T10:11:33,100.0,89.7,B
2021-07-06T10:11:32,100.0,89.7,B
2021-07-06T10:11:09,100.0,89.7,B
2021-07-06T10:11:09,200.0,89.7,B
2021-07-06T10:11:03,1000.0,89.7,B
2021-07-06T10:10:59,100.0,89.6,S
2021-07-06T10:10:56,400.0,89.7,B
2021-07-06T10:10:56,1100.0,89.7,B
2021-07-06T10:10:56,700.0,89.7,B
2021-07-06T10:10:56,800.0,89.7,B
2021-07-06T10:10:52,200.0,89.7,B
2021-07-06T10:10:45,100.0,89.7,B
2021-07-06T10:10:44,100.0,89.7,B
2021-07-06T10:10:42,400.0,89.6,S
2021-07-06T10:10:41,2100.0,89.6,S
2021-07-06T10:10:32,100.0,89.7,B
2021-07-06T10:10:24,1300.0,89.7,B
2021-07-06T10:10:24,200.0,89.6,S
2021-07-06T10:10:22,100.0,89.7,B
2021-07-06T10:10:18,1000.0,89.7,B
2021-07-06T10:10:18,100.0,89.7,B
2021-07-06T10:10:09,3300.0,89.7,B
2021-07-06T10:10:09,200.0,89.7,B
2021-07-06T10:09:58,100.0,89.7,B
2021-07-06T10:09:53,200.0,89.7,B
2021-07-06T10:09:48,200.0,89.6,S
2021-07-06T10:09:39,200.0,89.7,B
2021-07-06T10:09:35,100.0,89.6,S
2021-07-06T10:09:33,500.0,89.6,S
2021-07-06T10:09:27,100.0,89.7,B
2021-07-06T10:09:27,400.0,89.7,B
2021-07-06T10:09:24,300.0,89.7,B
2021-07-06T10:09:22,100.0,89.7,B
2021-07-06T10:09:19,2000.0,89.7,B
2021-07-06T10:09:13,200.0,89.6,S
2021-07-06T10:09:11,100.0,89.7,B
2021-07-06T10:09:01,100.0,89.7,B
2021-07-06T10:08:55,200.0,89.7,B
2021-07-06T10:08:37,100.0,89.6,S
2021-07-06T10:08:37,900.0,89.7,B
2021-07-06T10:08:37,2100.0,89.7,B
2021-07-06T10:08:37,2000.0,89.7,B
2021-07-06T10:08:36,200.0,89.7,B
2021-07-06T10:08:27,400.0,89.6,S
2021-07-06T10:08:27,2000.0,89.6,S
2021-07-06T10:08:21,200.0,89.6,S
2021-07-06T10:08:11,100.0,89.7,B
2021-07-06T10:08:02,200.0,89.6,S
2021-07-06T10:08:00,100.0,89.7,B
2021-07-06T10:07:46,200.0,89.7,B
2021-07-06T10:07:39,100.0,89.7,B
2021-07-06T10:07:25,200.0,89.6,S
2021-07-06T10:07:20,100.0,89.7,B
2021-07-06T10:07:13,100.0,89.7,B
2021-07-06T10:06:55,100.0,89.7,B
2021-07-06T10:06:50,100.0,89.6,S
2021-07-06T10:06:50,100.0,89.7,B
2021-07-06T10:06:47,100.0,89.7,B
2021-07-06T10:06:39,100.0,89.7,S
2021-07-06T10:06:38,5400.0,89.8,B
2021-07-06T10:06:38,1000.0,89.8,B
2021-07-06T10:06:38,700.0,89.8,B
2021-07-06T10:06:38,800.0,89.8,B
2021-07-06T10:06:38,2500.0,89.8,B
2021-07-06T10:06:38,100.0,89.8,B
2021-07-06T10:06:38,200.0,89.8,B
2021-07-06T10:06:38,4300.0,89.8,B
2021-07-06T10:06:29,200.0,89.8,B
2021-07-06T10:06:26,100.0,89.7,B
2021-07-06T10:06:25,400.0,89.7,S
2021-07-06T10:06:17,200.0,89.7,S
2021-07-06T10:06:16,100.0,89.7,S
2021-07-06T10:06:16,100.0,89.7,S
2021-07-06T10:06:03,100.0,89.8,B
2021-07-06T10:05:54,200.0,89.7,S
2021-07-06T10:05:53,100.0,89.8,B
2021-07-06T10:05:39,200.0,89.7,S
2021-07-06T10:05:39,100.0,89.8,B
2021-07-06T10:05:38,200.0,89.8,B
2021-07-06T10:05:36,100.0,89.7,S
2021-07-06T10:05:31,2000.0,89.8,B
2021-07-06T10:05:16,100.0,89.8,B
2021-07-06T10:05:12,100.0,89.8,B
2021-07-06T10:05:05,100.0,89.7,S
2021-07-06T10:05:05,100.0,89.7,S
2021-07-06T10:04:59,300.0,89.7,S
2021-07-06T10:04:57,300.0,89.8,B
2021-07-06T10:04:52,100.0,89.8,B
2021-07-06T10:04:46,100.0,89.8,B
2021-07-06T10:04:37,100.0,89.7,S
2021-07-06T10:04:29,200.0,89.7,B
2021-07-06T10:04:29,100.0,89.6,S
2021-07-06T10:04:29,100.0,89.7,B
2021-07-06T10:04:22,200.0,89.8,B
2021-07-06T10:04:14,1000.0,89.8,B
2021-07-06T10:04:12,100.0,89.6,S
2021-07-06T10:04:06,400.0,89.6,S
2021-07-06T10:04:06,2000.0,89.6,S
2021-07-06T10:04:05,100.0,89.8,B
2021-07-06T10:03:56,400.0,89.8,B
2021-07-06T10:03:56,1600.0,89.7,S
2021-07-06T10:03:54,8100.0,89.7,B
2021-07-06T10:03:54,200.0,89.6,S
2021-07-06T10:03:48,100.0,89.7,B
2021-07-06T10:03:46,100.0,89.7,B
2021-07-06T10:03:46,100.0,89.7,B
2021-07-06T10:03:46,500.0,89.7,B
2021-07-06T10:03:46,1100.0,89.7,B
2021-07-06T10:03:46,13200.0,89.7,B
2021-07-06T10:03:43,10000.0,89.7,B
2021-07-06T10:03:42,100.0,89.7,B
2021-07-06T10:03:32,300.0,89.7,B
2021-07-06T10:03:31,100.0,89.7,B
2021-07-06T10:03:20,10000.0,89.7,B
2021-07-06T10:03:18,300.0,89.6,S
2021-07-06T10:03:05,200.0,89.7,B
2021-07-06T10:02:43,100.0,89.6,S
2021-07-06T10:02:40,100.0,89.7,B
2021-07-06T10:02:37,100.0,89.6,S
2021-07-06T10:02:36,900.0,89.6,S
2021-07-06T10:02:35,4800.0,89.6,B
2021-07-06T10:02:31,100.0,89.6,B
2021-07-06T10:02:31,100.0,89.6,B
2021-07-06T10:02:21,8900.0,89.6,S
2021-07-06T10:02:15,200.0,89.7,B
2021-07-06T10:02:07,200.0,89.6,S
2021-07-06T10:01:58,100.0,89.6,S
2021-07-06T10:01:57,500.0,89.6,S
2021-07-06T10:01:55,500.0,89.6,S
2021-07-06T10:01:55,2000.0,89.6,S
2021-07-06T10:01:50,100.0,89.7,B
2021-07-06T10:01:32,200.0,89.6,S
2021-07-06T10:01:25,1000.0,89.7,B
2021-07-06T10:01:24,100.0,89.7,B
2021-07-06T10:01:16,100.0,89.6,S
2021-07-06T10:01:15,1800.0,89.7,B
2021-07-06T10:01:15,4600.0,89.7,B
2021-07-06T10:01:15,1900.0,89.7,B
2021-07-06T10:01:15,1700.0,89.7,B
2021-07-06T10:01:02,100.0,89.6,S
2021-07-06T10:01:01,500.0,89.6,S
2021-07-06T10:01:01,1900.0,89.6,S
2021-07-06T10:01:01,1000.0,89.6,S
2021-07-06T10:00:59,5300.0,89.6,B
2021-07-06T10:00:59,200.0,89.6,B
2021-07-06T10:00:55,100.0,89.6,B
2021-07-06T10:00:45,500.0,89.6,B
2021-07-06T10:00:45,1300.0,89.6,B
2021-07-06T10:00:45,6100.0,89.6,B
2021-07-06T10:00:45,200.0,89.6,B
2021-07-06T10:00:45,1000.0,89.6,B
2021-07-06T10:00:45,10300.0,89.6,B
2021-07-06T10:00:45,5300.0,89.6,B
2021-07-06T10:00:45,1900.0,89.6,B
2021-07-06T10:00:45,400.0,89.6,B
2021-07-06T10:00:41,100.0,89.5,S
2021-07-06T10:00:33,200.0,89.6,B
2021-07-06T10:00:30,300.0,89.6,B
2021-07-06T10:00:28,100.0,89.5,S
2021-07-06T10:00:28,700.0,89.5,S
2021-07-06T10:00:26,3600.0,89.5,B
2021-07-06T10:00:09,100.0,89.5,B
2021-07-06T10:00:08,100.0,89.5,B
2021-07-06T10:00:02,200.0,89.4,S
2021-07-06T09:59:59,200.0,89.4,S
2021-07-06T09:59:55,200.0,89.4,S
2021-07-06T09:59:55,1000.0,89.4,S
2021-07-06T09:59:53,100.0,89.4,S
2021-07-06T09:59:46,100.0,89.5,B
2021-07-06T09:59:45,3500.0,89.5,B
2021-07-06T09:59:45,100.0,89.5,B
2021-07-06T09:59:45,2900.0,89.5,B
2021-07-06T09:59:45,400.0,89.5,B
2021-07-06T09:59:45,1500.0,89.5,B
2021-07-06T09:59:45,200.0,89.5,B
2021-07-06T09:59:45,2000.0,89.5,B
2021-07-06T09:59:45,1000.0,89.5,B
2021-07-06T09:59:45,3400.0,89.5,B
2021-07-06T09:59:41,200.0,89.5,B
2021-07-06T09:59:32,400.0,89.4,S
2021-07-06T09:59:30,2000.0,89.4,S
2021-07-06T09:59:18,200.0,89.4,S
2021-07-06T09:59:17,100.0,89.5,B
2021-07-06T09:59:01,100.0,89.4,S
2021-07-06T09:58:59,100.0,89.5,B
2021-07-06T09:58:57,700.0,89.5,B
2021-07-06T09:58:50,200.0,89.5,B
2021-07-06T09:58:49,200.0,89.4,S
2021-07-06T09:58:26,100.0,89.4,B
2021-07-06T09:58:22,300.0,89.4,B
2021-07-06T09:58:14,100.0,89.4,B
2021-07-06T09:57:59,100.0,89.5,B
2021-07-06T09:57:49,100.0,89.5,B
2021-07-06T09:57:35,200.0,89.5,B
2021-07-06T09:57:24,100.0,89.5,B
2021-07-06T09:57:09,200.0,89.5,B
2021-07-06T09:57:05,100.0,89.3,S
2021-07-06T09:57:01,100.0,89.5,B
2021-07-06T09:56:50,100.0,89.5,B
2021-07-06T09:56:44,200.0,89.5,B
2021-07-06T09:56:38,100.0,89.5,B
2021-07-06T09:56:28,5000.0,89.5,B
2021-07-06T09:56:19,100.0,89.5,B
2021-07-06T09:56:15,100.0,89.4,B
2021-07-06T09:56:03,300.0,89.5,B
2021-07-06T09:56:02,100.0,89.2,S
2021-07-06T09:55:56,100.0,89.2,S
2021-07-06T09:55:55,800.0,89.2,S
2021-07-06T09:55:55,4000.0,89.2,S
2021-07-06T09:55:53,100.0,89.5,B
2021-07-06T09:55:51,100.0,89.5,B
2021-07-06T09:55:50,100.0,89.5,B
2021-07-06T09:55:50,1100.0,89.5,B
2021-07-06T09:55:36,300.0,89.5,B
2021-07-06T09:55:36,6600.0,89.5,B
2021-07-06T09:55:36,200.0,89.5,B
2021-07-06T09:55:36,5500.0,89.5,B
2021-07-06T09:55:36,9600.0,89.5,B
2021-07-06T09:55:36,2000.0,89.5,B
2021-07-06T09:55:36,2800.0,89.5,B
2021-07-06T09:55:28,300.0,89.5,B
2021-07-06T09:55:26,300.0,89.4,B
2021-07-06T09:55:26,400.0,89.4,S
2021-07-06T09:55:26,2000.0,89.4,S
2021-07-06T09:55:24,2100.0,89.4,B
2021-07-06T09:55:04,100.0,89.4,B
2021-07-06T09:55:02,100.0,89.4,B
2021-07-06T09:54:52,1300.0,89.4,S
2021-07-06T09:54:41,100.0,89.5,B
2021-07-06T09:54:38,3200.0,89.5,B
2021-07-06T09:54:37,100.0,89.5,B
2021-07-06T09:54:31,5300.0,89.5,B
2021-07-06T09:54:25,1200.0,89.4,S
2021-07-06T09:54:25,100.0,89.4,B
2021-07-06T09:54:24,300.0,89.4,B
2021-07-06T09:54:24,1100.0,89.4,B
2021-07-06T09:54:17,3300.0,89.4,B
2021-07-06T09:54:12,200.0,89.4,B
2021-07-06T09:54:10,800.0,89.4,B
2021-07-06T09:54:09,2400.0,89.4,B
2021-07-06T09:54:03,500.0,89.3,B
2021-07-06T09:54:03,700.0,89.3,B
2021-07-06T09:54:03,2000.0,89.3,B
2021-07-06T09:53:58,2000.0,89.3,B
2021-07-06T09:53:54,100.0,89.3,B
2021-07-06T09:53:46,100.0,89.3,B
2021-07-06T09:53:46,1100.0,89.2,S
2021-07-06T09:53:45,1000.0,89.2,B
2021-07-06T09:53:45,4500.0,89.2,B
2021-07-06T09:53:30,100.0,89.2,B
2021-07-06T09:53:21,100.0,89.2,B
2021-07-06T09:53:20,100.0,89.2,B
2021-07-06T09:53:16,100.0,89.1,S
2021-07-06T09:53:11,4400.0,89.2,B
2021-07-06T09:53:11,2000.0,89.2,B
2021-07-06T09:53:11,1900.0,89.2,B
2021-07-06T09:53:11,100.0,89.2,B
2021-07-06T09:53:11,100.0,89.2,B
2021-07-06T09:53:11,4500.0,89.2,B
2021-07-06T09:53:06,100.0,89.2,B
2021-07-06T09:52:55,100.0,89.2,B
2021-07-06T09:52:49,100.0,89.1,S
2021-07-06T09:52:31,100.0,89.1,S
2021-07-06T09:52:30,600.0,89.1,S
2021-07-06T09:52:30,100.0,89.2,B
2021-07-06T09:52:29,3000.0,89.1,S
2021-07-06T09:52:03,400.0,89.2,B
2021-07-06T09:52:01,1100.0,89.1,S
2021-07-06T09:52:01,5500.0,89.1,S
2021-07-06T09:51:52,100.0,89.1,S
2021-07-06T09:51:41,100.0,89.2,B
2021-07-06T09:51:39,100.0,89.2,B
2021-07-06T09:51:38,200.0,89.1,S
2021-07-06T09:51:36,300.0,89.2,B
2021-07-06T09:51:33,200.0,89.1,S
2021-07-06T09:51:32,1000.0,89.1,S
2021-07-06T09:51:15,100.0,89.2,B
2021-07-06T09:51:06,200.0,89.1,S
2021-07-06T09:51:05,1000.0,89.1,S
2021-07-06T09:51:01,300.0,89.1,S
2021-07-06T09:50:52,100.0,89.1,S
2021-07-06T09:50:51,800.0,89.1,S
2021-07-06T09:50:50,4400.0,89.1,B
2021-07-06T09:50:48,200.0,89.1,B
2021-07-06T09:50:33,100.0,89.1,B
2021-07-06T09:50:23,100.0,89.1,B
2021-07-06T09:50:02,1300.0,89.1,S
2021-07-06T09:49:58,200.0,89.2,B
2021-07-06T09:49:49,200.0,89.1,B
2021-07-06T09:49:45,100.0,89.1,B
2021-07-06T09:49:45,100.0,89.1,B
2021-07-06T09:49:45,100.0,89.0,S
2021-07-06T09:49:37,200.0,89.1,B
2021-07-06T09:49:36,100.0,89.1,B
2021-07-06T09:49:33,200.0,89.0,S
2021-07-06T09:49:31,100.0,89.1,B
2021-07-06T09:49:28,700.0,89.1,B
2021-07-06T09:49:23,100.0,89.0,S
2021-07-06T09:49:21,600.0,89.0,S
2021-07-06T09:49:16,300.0,89.0,S
2021-07-06T09:49:15,1000.0,89.1,B
2021-07-06T09:49:15,300.0,89.1,B
2021-07-06T09:49:14,1900.0,89.1,B
2021-07-06T09:49:14,900.0,89.1,B
2021-07-06T09:49:14,4200.0,89.1,B
2021-07-06T09:49:08,400.0,89.0,S
2021-07-06T09:49:05,100.0,89.1,B
2021-07-06T09:48:49,200.0,89.0,S
2021-07-06T09:48:49,1000.0,89.0,S
2021-07-06T09:48:48,100.0,89.0,S
2021-07-06T09:48:46,100.0,89.1,B
2021-07-06T09:48:45,2000.0,89.1,B
2021-07-06T09:48:40,300.0,89.1,B
2021-07-06T09:48:21,100.0,89.1,B
2021-07-06T09:48:15,100.0,89.1,B
2021-07-06T09:48:11,1000.0,89.1,B
2021-07-06T09:47:59,200.0,89.1,B
2021-07-06T09:47:51,100.0,89.1,B
2021-07-06T09:47:50,1000.0,89.1,B
2021-07-06T09:47:49,100.0,89.1,B
2021-07-06T09:47:48,100.0,89.1,B
2021-07-06T09:47:45,200.0,89.1,B
2021-07-06T09:47:41,2300.0,89.1,B
2021-07-06T09:47:38,100.0,89.1,B
2021-07-06T09:47:36,400.0,89.1,B
2021-07-06T09:47:25,200.0,89.1,B
2021-07-06T09:47:25,100.0,89.1,B
2021-07-06T09:47:11,200.0,89.1,B
2021-07-06T09:47:09,300.0,89.1,B
2021-07-06T09:47:06,700.0,89.1,B
2021-07-06T09:47:06,200.0,89.0,S
2021-07-06T09:47:06,300.0,89.1,B
2021-07-06T09:47:06,1700.0,89.1,B
2021-07-06T09:47:05,1100.0,89.0,B
2021-07-06T09:46:59,100.0,89.0,B
2021-07-06T09:46:57,1200.0,89.0,B
2021-07-06T09:46:57,100.0,89.0,S
2021-07-06T09:46:57,400.0,89.0,S
2021-07-06T09:46:57,800.0,89.0,S
2021-07-06T09:46:57,1000.0,89.0,S
2021-07-06T09:46:56,20000.0,89.0,S
2021-07-06T09:46:33,700.0,89.1,B
2021-07-06T09:46:24,100.0,89.0,S
2021-07-06T09:46:24,600.0,89.0,S
2021-07-06T09:46:23,3300.0,89.0,B
2021-07-06T09:46:18,2700.0,89.0,S
2021-07-06T09:46:18,1900.0,89.0,B
2021-07-06T09:46:17,25400.0,89.0,B
2021-07-06T09:46:10,400.0,88.9,S
2021-07-06T09:46:09,1800.0,88.9,S
2021-07-06T09:46:09,200.0,88.9,S
2021-07-06T09:46:07,100.0,89.0,B
2021-07-06T09:45:57,1100.0,89.0,S
2021-07-06T09:45:57,1100.0,89.0,S
2021-07-06T09:45:57,600.0,89.0,S
2021-07-06T09:45:57,200.0,89.0,S
2021-07-06T09:45:57,2600.0,89.0,S
2021-07-06T09:45:54,300.0,89.1,B
2021-07-06T09:45:54,2400.0,89.0,S
2021-07-06T09:45:54,100.0,89.0,S
2021-07-06T09:45:53,2000.0,89.0,S
2021-07-06T09:45:51,900.0,89.0,S
2021-07-06T09:45:51,2200.0,89.0,S
2021-07-06T09:45:51,300.0,89.0,S
2021-07-06T09:45:51,700.0,89.0,S
2021-07-06T09:45:51,3500.0,89.0,S
2021-07-06T09:45:51,500.0,89.0,S
2021-07-06T09:45:51,100.0,89.0,S
2021-07-06T09:45:51,600.0,89.0,S
2021-07-06T09:45:51,500.0,89.0,S
2021-07-06T09:45:51,2600.0,89.0,S
2021-07-06T09:45:51,1700.0,89.0,S
2021-07-06T09:45:51,1400.0,89.0,S
2021-07-06T09:45:51,2400.0,89.0,S
2021-07-06T09:45:51,500.0,89.0,S
2021-07-06T09:45:51,600.0,89.0,S
2021-07-06T09:45:51,1100.0,89.0,S
2021-07-06T09:45:51,500.0,89.0,S
2021-07-06T09:45:51,1100.0,89.0,S
2021-07-06T09:45:51,200.0,89.0,S
2021-07-06T09:45:51,200.0,89.0,S
2021-07-06T09:45:51,300.0,89.0,S
2021-07-06T09:45:51,700.0,89.0,S
2021-07-06T09:45:42,100.0,89.1,B
2021-07-06T09:45:40,1300.0,89.1,S
2021-07-06T09:45:40,100.0,89.1,S
2021-07-06T09:45:40,200.0,89.1,S
2021-07-06T09:45:40,500.0,89.1,S
2021-07-06T09:45:40,7300.0,89.1,S
2021-07-06T09:45:28,200.0,89.2,S
2021-07-06T09:45:28,1100.0,89.2,S
2021-07-06T09:45:28,100.0,89.2,S
2021-07-06T09:45:28,2800.0,89.2,S
2021-07-06T09:45:28,2000.0,89.2,S
2021-07-06T09:45:28,500.0,89.2,S
2021-07-06T09:45:28,100.0,89.2,S
2021-07-06T09:45:28,1200.0,89.2,S
2021-07-06T09:45:28,900.0,89.2,S
2021-07-06T09:45:28,1200.0,89.2,S
2021-07-06T09:45:28,1100.0,89.2,S
2021-07-06T09:45:28,800.0,89.2,S
2021-07-06T09:45:28,15400.0,89.2,S
2021-07-06T09:45:17,200.0,89.3,B
2021-07-06T09:45:14,300.0,89.3,B
2021-07-06T09:45:07,300.0,89.3,S
2021-07-06T09:45:07,700.0,89.3,S
2021-07-06T09:45:07,5500.0,89.3,S
2021-07-06T09:45:07,1300.0,89.3,S
2021-07-06T09:45:07,7200.0,89.3,S
2021-07-06T09:45:03,100.0,89.4,B
2021-07-06T09:44:54,100.0,89.4,S
2021-07-06T09:44:52,1000.0,89.4,S
2021-07-06T09:44:51,100.0,89.5,B
2021-07-06T09:44:30,100.0,89.5,B
2021-07-06T09:44:25,200.0,89.5,B
2021-07-06T09:44:25,100.0,89.5,B
2021-07-06T09:44:00,100.0,89.5,B
2021-07-06T09:43:39,100.0,89.5,S
2021-07-06T09:43:39,300.0,89.5,S
2021-07-06T09:43:39,300.0,89.5,S
2021-07-06T09:43:39,800.0,89.5,S
2021-07-06T09:43:36,100.0,89.6,B
2021-07-06T09:43:34,100.0,89.5,S
2021-07-06T09:43:25,100.0,89.5,S
2021-07-06T09:43:10,200.0,89.6,B
2021-07-06T09:42:59,200.0,89.6,B
2021-07-06T09:42:56,1000.0,89.6,B
2021-07-06T09:42:54,100.0,89.5,S
2021-07-06T09:42:53,500.0,89.5,S
2021-07-06T09:42:45,100.0,89.6,B
2021-07-06T09:42:41,300.0,89.6,B
2021-07-06T09:42:18,100.0,89.6,B
2021-07-06T09:42:16,100.0,89.5,S
2021-07-06T09:42:11,100.0,89.5,S
2021-07-06T09:42:08,100.0,89.5,S
2021-07-06T09:41:59,100.0,89.5,S
2021-07-06T09:41:53,200.0,89.6,B
2021-07-06T09:41:48,200.0,89.6,S
2021-07-06T09:41:47,100.0,89.6,S
2021-07-06T09:41:47,100.0,89.6,S
2021-07-06T09:41:46,100.0,89.6,S
2021-07-06T09:41:46,100.0,89.6,S
2021-07-06T09:41:46,100.0,89.6,S
2021-07-06T09:41:46,100.0,89.6,S
2021-07-06T09:41:45,100.0,89.6,S
2021-07-06T09:41:45,100.0,89.6,S
2021-07-06T09:41:45,100.0,89.6,S
2021-07-06T09:41:44,100.0,89.6,S
2021-07-06T09:41:44,100.0,89.6,S
2021-07-06T09:41:44,100.0,89.6,S
2021-07-06T09:41:44,100.0,89.6,S
2021-07-06T09:41:44,100.0,89.6,S
2021-07-06T09:41:43,100.0,89.6,S
2021-07-06T09:41:43,100.0,89.6,S
2021-07-06T09:41:42,200.0,89.6,S
2021-07-06T09:41:42,100.0,89.6,S
2021-07-06T09:41:42,100.0,89.6,S
2021-07-06T09:41:42,100.0,89.6,S
2021-07-06T09:41:42,100.0,89.6,S
2021-07-06T09:41:41,100.0,89.6,S
2021-07-06T09:41:41,100.0,89.6,S
2021-07-06T09:41:41,100.0,89.6,S
2021-07-06T09:41:41,100.0,89.6,S
2021-07-06T09:41:40,100.0,89.6,S
2021-07-06T09:41:40,500.0,89.6,S
2021-07-06T09:41:40,300.0,89.6,S
2021-07-06T09:41:40,1900.0,89.6,S
2021-07-06T09:41:35,100.0,89.6,S
2021-07-06T09:41:30,100.0,89.6,S
2021-07-06T09:41:30,200.0,89.6,S
2021-07-06T09:41:29,200.0,89.6,S
2021-07-06T09:41:29,1000.0,89.6,S
2021-07-06T09:41:27,100.0,89.7,B
2021-07-06T09:41:21,100.0,89.6,S
2021-07-06T09:41:14,100.0,89.6,S
2021-07-06T09:41:12,500.0,89.6,S
2021-07-06T09:41:07,100.0,89.6,S
2021-07-06T09:41:03,100.0,89.7,B
2021-07-06T09:41:03,200.0,89.7,B
2021-07-06T09:40:57,100.0,89.6,S
2021-07-06T09:40:51,300.0,89.6,S
2021-07-06T09:40:48,100.0,89.6,S
2021-07-06T09:40:42,100.0,89.6,S
2021-07-06T09:40:38,100.0,89.7,B
2021-07-06T09:40:28,200.0,89.7,B
2021-07-06T09:40:12,100.0,89.7,B
2021-07-06T09:40:05,1400.0,89.7,B
2021-07-06T09:39:55,100.0,89.7,B
2021-07-06T09:39:49,1000.0,89.7,B
2021-07-06T09:39:46,200.0,89.7,B
2021-07-06T09:39:38,1200.0,89.7,B
2021-07-06T09:39:31,200.0,89.7,B
2021-07-06T09:39:31,1600.0,89.7,B
2021-07-06T09:39:31,5200.0,89.7,B
2021-07-06T09:39:31,3000.0,89.7,B
2021-07-06T09:39:20,200.0,89.7,B
2021-07-06T09:39:19,500.0,89.6,S
2021-07-06T09:38:58,200.0,89.7,B
2021-07-06T09:38:56,100.0,89.7,B
2021-07-06T09:38:44,100.0,89.6,S
2021-07-06T09:38:39,500.0,89.7,B
2021-07-06T09:38:37,400.0,89.6,S
2021-07-06T09:38:36,2000.0,89.6,B
2021-07-06T09:38:29,200.0,89.6,B
2021-07-06T09:38:28,100.0,89.5,S
2021-07-06T09:38:26,600.0,89.5,S
2021-07-06T09:38:26,3000.0,89.5,S
2021-07-06T09:38:15,300.0,89.6,B
2021-07-06T09:38:04,100.0,89.6,B
2021-07-06T09:37:47,300.0,89.6,S
2021-07-06T09:37:47,4100.0,89.6,B
2021-07-06T09:37:47,600.0,89.6,B
2021-07-06T09:37:43,400.0,89.5,S
2021-07-06T09:37:42,300.0,89.5,S
2021-07-06T09:37:39,200.0,89.6,B
2021-07-06T09:37:28,3400.0,89.6,B
2021-07-06T09:37:28,2000.0,89.6,B
2021-07-06T09:37:28,4600.0,89.6,B
2021-07-06T09:37:19,400.0,89.5,S
2021-07-06T09:37:18,2000.0,89.5,S
2021-07-06T09:37:14,400.0,89.6,B
2021-07-06T09:37:13,200.0,89.5,S
2021-07-06T09:37:12,1900.0,89.5,S
2021-07-06T09:37:04,100.0,89.5,S
2021-07-06T09:37:03,600.0,89.5,B
2021-07-06T09:36:48,100.0,89.4,B
2021-07-06T09:36:44,400.0,89.3,S
2021-07-06T09:36:43,2100.0,89.3,S
2021-07-06T09:36:24,6300.0,89.6,B
2021-07-06T09:36:24,3200.0,89.5,B
2021-07-06T09:36:24,500.0,89.5,B
2021-07-06T09:36:24,11000.0,89.5,B
2021-07-06T09:36:22,200.0,89.5,B
2021-07-06T09:35:57,100.0,89.5,B
2021-07-06T09:35:53,900.0,89.5,B
2021-07-06T09:35:53,1100.0,89.5,B
2021-07-06T09:35:53,800.0,89.5,B
2021-07-06T09:35:53,200.0,89.5,B
2021-07-06T09:35:53,7300.0,89.5,B
2021-07-06T09:35:53,200.0,89.4,B
2021-07-06T09:35:53,500.0,89.4,B
2021-07-06T09:35:41,1000.0,89.4,B
2021-07-06T09:35:30,100.0,89.4,B
2021-07-06T09:35:17,100.0,89.4,S
2021-07-06T09:35:16,1900.0,89.4,B
2021-07-06T09:35:06,200.0,89.4,B
2021-07-06T09:35:06,200.0,89.4,B
2021-07-06T09:35:00,700.0,89.4,B
2021-07-06T09:35:00,1300.0,89.4,B
2021-07-06T09:34:47,300.0,89.3,S
2021-07-06T09:34:46,700.0,89.3,S
2021-07-06T09:34:46,1100.0,89.3,S
2021-07-06T09:34:45,9000.0,89.3,S
2021-07-06T09:34:41,100.0,89.4,B
2021-07-06T09:34:38,3000.0,89.4,B
2021-07-06T09:34:31,100.0,89.3,S
2021-07-06T09:34:23,500.0,89.4,B
2021-07-06T09:34:15,200.0,89.4,B
2021-07-06T09:33:51,100.0,89.4,B
2021-07-06T09:33:49,300.0,89.4,B
2021-07-06T09:33:42,100.0,89.4,S
2021-07-06T09:33:42,1000.0,89.4,S
2021-07-06T09:33:42,200.0,89.4,S
2021-07-06T09:33:42,100.0,89.4,S
2021-07-06T09:33:36,200.0,89.4,S
2021-07-06T09:33:36,1000.0,89.4,S
2021-07-06T09:33:34,2500.0,89.5,B
2021-07-06T09:33:33,100.0,89.4,S
2021-07-06T09:33:32,800.0,89.4,S
2021-07-06T09:33:30,100.0,89.4,S
2021-07-06T09:33:25,100.0,89.4,S
2021-07-06T09:33:24,100.0,89.5,B
2021-07-06T09:33:23,100.0,89.4,S
2021-07-06T09:33:20,200.0,89.4,S
2021-07-06T09:33:19,1000.0,89.4,S
2021-07-06T09:33:16,5000.0,89.4,S
2021-07-06T09:33:08,300.0,89.4,S
2021-07-06T09:33:00,200.0,89.5,B
2021-07-06T09:32:54,100.0,89.4,S
2021-07-06T09:32:34,100.0,89.5,B
2021-07-06T09:32:19,100.0,89.4,S
2021-07-06T09:32:18,200.0,89.4,S
2021-07-06T09:32:18,1000.0,89.4,S
2021-07-06T09:32:15,5000.0,89.4,S
2021-07-06T09:32:15,100.0,89.4,S
2021-07-06T09:32:12,200.0,89.4,S
2021-07-06T09:32:12,1000.0,89.4,S
2021-07-06T09:32:08,200.0,89.5,B
2021-07-06T09:32:08,100.0,89.4,S
2021-07-06T09:32:00,500.0,89.5,B
2021-07-06T09:31:56,100.0,89.4,S
2021-07-06T09:31:44,100.0,89.4,S
2021-07-06T09:31:43,500.0,89.4,S
2021-07-06T09:31:42,100.0,89.5,B
2021-07-06T09:31:30,10000.0,89.5,B
2021-07-06T09:31:20,200.0,89.5,B
2021-07-06T09:31:17,100.0,89.5,B
2021-07-06T09:31:16,100.0,89.5,B
2021-07-06T09:31:16,400.0,89.4,S
2021-07-06T09:31:16,2000.0,89.4,S
2021-07-06T09:31:03,100.0,89.4,S
2021-07-06T09:31:00,100.0,89.4,S
2021-07-06T09:30:52,200.0,89.5,B
2021-07-06T09:30:26,100.0,89.5,B
2021-07-06T09:30:22,5000.0,89.5,B
2021-07-06T09:30:05,1400.0,89.5,B
2021-07-06T09:30:02,100.0,89.5,B
2021-07-06T09:30:01,800.0,89.5,B
2021-07-06T09:29:46,1000.0,89.5,B
2021-07-06T09:29:36,200.0,89.5,B
2021-07-06T09:29:35,800.0,89.5,S
2021-07-06T09:29:26,200.0,89.4,B
2021-07-06T09:29:24,300.0,89.4,S
2021-07-06T09:29:24,100.0,89.4,S
2021-07-06T09:29:22,300.0,89.6,B
2021-07-06T09:29:21,1000.0,89.6,B
2021-07-06T09:29:10,100.0,89.6,B
2021-07-06T09:28:46,100.0,89.5,S
2021-07-06T09:28:45,2700.0,89.6,B
2021-07-06T09:28:44,200.0,89.6,B
2021-07-06T09:28:38,100.0,89.3,S
2021-07-06T09:28:37,500.0,89.3,S
2021-07-06T09:28:32,3200.0,89.6,B
2021-07-06T09:28:28,400.0,89.6,S
2021-07-06T09:28:25,1000.0,89.7,B
2021-07-06T09:28:25,600.0,89.7,B
2021-07-06T09:28:25,1600.0,89.7,B
2021-07-06T09:28:24,100.0,89.6,S
2021-07-06T09:28:23,100.0,89.7,B
2021-07-06T09:28:23,2800.0,89.7,B
2021-07-06T09:28:16,3200.0,89.7,B
2021-07-06T09:28:16,5000.0,89.6,S
2021-07-06T09:28:07,200.0,89.6,S
2021-07-06T09:28:07,1100.0,89.6,S
2021-07-06T09:28:07,200.0,89.5,S
2021-07-06T09:28:05,100.0,89.5,S
2021-07-06T09:28:00,100.0,89.5,S
2021-07-06T09:28:00,300.0,89.5,S
2021-07-06T09:27:59,1700.0,89.5,B
2021-07-06T09:27:55,700.0,89.5,B
2021-07-06T09:27:55,400.0,89.5,B
2021-07-06T09:27:55,500.0,89.5,B
2021-07-06T09:27:55,2000.0,89.5,B
2021-07-06T09:27:54,100.0,89.4,B
2021-07-06T09:27:48,600.0,89.4,B
2021-07-06T09:27:46,3200.0,89.4,B
2021-07-06T09:27:29,200.0,89.4,B
2021-07-06T09:27:23,100.0,89.2,S
2021-07-06T09:26:54,100.0,89.2,S
2021-07-06T09:26:48,400.0,89.4,B
2021-07-06T09:26:37,100.0,89.4,S
2021-07-06T09:25:33,300.0,89.2,S
2021-07-06T09:25:30,100.0,89.5,B
2021-07-06T09:25:19,1000.0,89.5,S
2021-07-06T09:25:18,800.0,89.5,B
2021-07-06T09:25:06,1700.0,89.5,B
2021-07-06T09:25:06,600.0,89.5,B
2021-07-06T09:25:06,900.0,89.5,B
2021-07-06T09:24:55,100.0,89.4,B
2021-07-06T09:24:42,200.0,89.5,B
2021-07-06T09:24:42,2800.0,89.5,B
2021-07-06T09:24:39,3200.0,89.5,B
2021-07-06T09:24:09,2700.0,89.5,B
2021-07-06T09:24:08,200.0,89.5,B
2021-07-06T09:24:08,1800.0,89.5,B
2021-07-06T09:24:08,800.0,89.2,B
2021-07-06T09:24:08,600.0,89.2,B
2021-07-06T09:24:04,3700.0,89.2,B
2021-07-06T09:24:01,5000.0,89.2,B
2021-07-06T09:23:58,3300.0,89.3,B
2021-07-06T09:23:56,3200.0,89.3,B
2021-07-06T09:23:54,300.0,89.2,B
2021-07-06T09:23:52,100.0,89.1,S
2021-07-06T09:23:51,100.0,89.2,B
2021-07-06T09:23:49,2100.0,89.3,B
2021-07-06T09:23:49,700.0,89.2,B
2021-07-06T09:23:48,200.0,89.2,B
2021-07-06T09:23:48,1300.0,89.2,B
2021-07-06T09:23:48,100.0,89.2,B
2021-07-06T09:23:48,1700.0,89.2,B
2021-07-06T09:23:44,200.0,89.2,B
2021-07-06T09:23:43,2700.0,89.2,B
2021-07-06T09:23:41,500.0,89.2,B
2021-07-06T09:23:38,400.0,89.2,B
2021-07-06T09:23:36,1500.0,89.2,S
2021-07-06T09:23:33,1300.0,89.3,B
2021-07-06T09:23:27,3100.0,89.3,B
2021-07-06T09:23:24,100.0,89.2,B
2021-07-06T09:23:20,300.0,89.2,B
2021-07-06T09:23:17,1300.0,89.2,B
2021-07-06T09:23:11,200.0,89.2,S
2021-07-06T09:23:11,400.0,89.2,S
2021-07-06T09:23:11,800.0,89.2,S
2021-07-06T09:23:11,1400.0,89.2,S
2021-07-06T09:23:01,100.0,89.2,S
2021-07-06T09:22:55,600.0,89.2,S
2021-07-06T09:22:50,600.0,89.2,S
2021-07-06T09:22:50,100.0,89.2,S
2021-07-06T09:22:50,1200.0,89.2,S
2021-07-06T09:22:50,800.0,89.2,S
2021-07-06T09:22:50,100.0,89.2,S
2021-07-06T09:22:50,200.0,89.2,S
2021-07-06T09:22:41,200.0,89.2,S
2021-07-06T09:22:41,1100.0,89.2,S
2021-07-06T09:22:39,100.0,89.2,S
2021-07-06T09:22:38,500.0,89.2,S
2021-07-06T09:22:37,600.0,89.2,S
2021-07-06T09:22:37,2000.0,89.2,S
2021-07-06T09:22:36,3200.0,89.2,S
2021-07-06T09:22:32,200.0,89.2,S
2021-07-06T09:22:28,1000.0,89.2,S
2021-07-06T09:22:22,100.0,89.2,S
2021-07-06T09:22:20,400.0,89.2,S
2021-07-06T09:22:20,2000.0,89.2,S
2021-07-06T09:22:07,400.0,89.2,S
2021-07-06T09:22:06,100.0,89.2,S
2021-07-06T09:21:59,500.0,89.2,S
2021-07-06T09:21:49,100.0,89.2,S
2021-07-06T09:21:48,900.0,89.2,S
2021-07-06T09:21:46,100.0,89.2,S
2021-07-06T09:21:45,800.0,89.2,S
2021-07-06T09:21:40,4000.0,89.2,S
2021-07-06T09:21:09,100.0,89.2,S
2021-07-06T09:21:08,800.0,89.2,S
2021-07-06T09:21:07,1100.0,89.2,S
2021-07-06T09:21:07,100.0,89.2,S
2021-07-06T09:21:07,100.0,89.2,S
2021-07-06T09:21:07,500.0,89.2,S
2021-07-06T09:21:07,100.0,89.2,S
2021-07-06T09:21:07,2100.0,89.2,S
2021-07-06T09:21:06,12100.0,89.2,S
2021-07-06T09:21:06,200.0,89.2,S
2021-07-06T09:21:06,400.0,89.2,S
2021-07-06T09:21:06,3700.0,89.2,S
2021-07-06T09:21:06,500.0,89.3,S
2021-07-06T09:21:06,3100.0,89.3,S
2021-07-06T09:21:06,100.0,89.4,S
2021-07-06T09:20:56,300.0,89.4,S
2021-07-06T09:20:53,200.0,89.4,S
2021-07-06T09:20:53,200.0,89.5,B
2021-07-06T09:20:51,100.0,89.5,B
2021-07-06T09:20:47,500.0,89.5,B
2021-07-06T09:20:42,100.0,89.5,B
2021-07-06T09:20:28,300.0,89.5,B
2021-07-06T09:20:24,300.0,89.4,S
2021-07-06T09:20:22,1200.0,89.5,S
2021-07-06T09:20:11,100.0,89.5,S
2021-07-06T09:20:10,600.0,89.5,B
2021-07-06T09:19:58,200.0,89.5,S
2021-07-06T09:19:57,300.0,89.5,S
2021-07-06T09:19:57,4100.0,89.5,S
2021-07-06T09:19:44,600.0,89.6,S
2021-07-06T09:19:25,200.0,89.6,S
2021-07-06T09:19:20,100.0,89.7,B
2021-07-06T09:19:20,1100.0,89.7,B
2021-07-06T09:19:20,100.0,89.7,B
2021-07-06T09:19:20,200.0,89.7,B
2021-07-06T09:19:20,100.0,89.7,B
2021-07-06T09:19:20,1500.0,89.7,B
2021-07-06T09:19:18,100.0,89.7,B
2021-07-06T09:19:07,100.0,89.7,B
2021-07-06T09:18:49,500.0,89.7,B
2021-07-06T09:18:40,200.0,89.7,B
2021-07-06T09:18:33,800.0,89.7,B
2021-07-06T09:18:18,500.0,89.7,B
2021-07-06T09:18:11,200.0,89.7,B
2021-07-06T09:17:47,100.0,89.7,S
2021-07-06T09:17:47,1000.0,89.8,B
2021-07-06T09:17:46,3000.0,89.7,B
2021-07-06T09:17:32,800.0,89.8,B
2021-07-06T09:17:32,700.0,89.8,B
2021-07-06T09:17:32,700.0,89.7,B
2021-07-06T09:17:32,1100.0,89.7,B
2021-07-06T09:17:23,3600.0,89.7,B
2021-07-06T09:17:10,100.0,89.4,S
2021-07-06T09:16:53,100.0,89.7,S
2021-07-06T09:16:52,500.0,89.7,B
2021-07-06T09:16:52,100.0,89.7,B
2021-07-06T09:16:52,2500.0,89.7,B
2021-07-06T09:16:46,600.0,89.7,B
2021-07-06T09:16:46,2000.0,89.6,B
2021-07-06T09:16:40,2000.0,89.6,B
2021-07-06T09:16:40,600.0,89.6,B
2021-07-06T09:16:23,100.0,89.6,B
2021-07-06T09:16:23,3200.0,89.6,B
2021-07-06T09:16:17,2700.0,89.5,B
2021-07-06T09:16:10,300.0,89.4,S
2021-07-06T09:16:10,2600.0,89.5,B
2021-07-06T09:16:05,100.0,89.5,B
2021-07-06T09:16:00,300.0,89.5,B
2021-07-06T09:15:59,100.0,89.4,S
2021-07-06T09:15:59,100.0,89.4,S
2021-07-06T09:15:58,800.0,89.2,S
2021-07-06T09:15:57,700.0,89.2,S
2021-07-06T09:15:57,800.0,89.5,B
2021-07-06T09:15:57,1100.0,89.5,B
2021-07-06T09:15:57,400.0,89.5,B
2021-07-06T09:15:57,1000.0,89.4,B
2021-07-06T09:15:50,100.0,89.4,B
2021-07-06T09:15:50,2800.0,89.4,B
2021-07-06T09:15:45,1800.0,89.4,B
2021-07-06T09:15:45,700.0,89.4,B
2021-07-06T09:15:45,600.0,89.4,B
2021-07-06T09:15:33,3600.0,89.4,B
2021-07-06T09:15:20,100.0,89.4,B
2021-07-06T09:15:16,100.0,89.4,B
