tradingTime,volume,price,side
2021-07-16T14:24:56,100.0,51.0,B
2021-07-16T14:22:00,2000.0,51.0,B
2021-07-16T14:16:59,2000.0,50.8,B
2021-07-16T14:16:52,2000.0,50.7,S
2021-07-16T14:16:49,600.0,50.7,S
2021-07-16T14:15:13,1000.0,50.7,B
2021-07-16T14:12:55,1200.0,50.6,B
2021-07-16T14:12:34,2600.0,50.5,B
2021-07-16T14:12:15,800.0,50.3,B
2021-07-16T14:12:05,3000.0,50.3,B
2021-07-16T14:11:51,1300.0,50.1,S
2021-07-16T14:11:08,200.0,50.2,B
2021-07-16T14:10:52,300.0,50.2,B
2021-07-16T14:10:43,1000.0,50.2,B
2021-07-16T14:09:52,3000.0,50.2,B
2021-07-16T14:09:21,2500.0,50.2,S
2021-07-16T14:09:13,500.0,50.0,S
2021-07-16T14:09:13,12500.0,50.0,S
2021-07-16T14:08:55,2000.0,50.0,S
2021-07-16T14:08:46,8000.0,50.0,S
2021-07-16T14:08:21,100.0,50.2,S
2021-07-16T14:08:21,300.0,50.2,S
2021-07-16T14:08:14,1300.0,50.3,S
2021-07-16T14:08:05,300.0,50.4,S
2021-07-16T14:07:34,800.0,50.6,S
2021-07-16T14:07:26,2700.0,50.6,S
2021-07-16T14:07:06,1400.0,50.7,S
2021-07-16T14:06:43,1200.0,50.8,S
2021-07-16T14:05:57,1600.0,51.0,S
2021-07-16T14:05:48,1100.0,51.1,S
2021-07-16T14:04:56,100.0,51.2,S
2021-07-16T14:04:48,1500.0,51.2,S
2021-07-16T14:04:36,300.0,51.2,S
2021-07-16T14:01:00,2400.0,51.3,B
2021-07-16T14:00:46,100.0,51.3,B
2021-07-16T14:00:33,100.0,51.3,B
2021-07-16T13:59:09,1000.0,51.3,B
2021-07-16T13:58:21,1300.0,51.3,S
2021-07-16T13:58:19,500.0,51.3,S
2021-07-16T13:57:43,1400.0,51.4,B
2021-07-16T13:57:39,800.0,51.4,B
2021-07-16T13:56:40,1000.0,51.4,B
2021-07-16T13:56:15,2000.0,51.4,B
2021-07-16T13:55:45,1000.0,51.4,B
2021-07-16T13:55:12,4400.0,51.4,S
2021-07-16T13:55:12,600.0,51.4,B
2021-07-16T13:54:37,2500.0,51.4,B
2021-07-16T13:54:32,1400.0,51.3,B
2021-07-16T13:52:58,2000.0,51.3,B
2021-07-16T13:52:54,500.0,51.3,S
2021-07-16T13:51:35,1300.0,51.3,B
2021-07-16T13:50:46,2500.0,51.3,B
2021-07-16T13:50:39,2100.0,51.2,B
2021-07-16T13:50:31,1500.0,51.2,S
2021-07-16T13:47:13,2000.0,51.2,S
2021-07-16T13:47:12,600.0,51.2,B
2021-07-16T13:46:28,2000.0,51.2,B
2021-07-16T13:46:22,500.0,51.1,S
2021-07-16T13:46:10,2000.0,51.1,B
2021-07-16T13:45:55,200.0,51.0,B
2021-07-16T13:45:55,1500.0,51.0,B
2021-07-16T13:45:55,1200.0,50.9,B
2021-07-16T13:43:49,2500.0,50.9,B
2021-07-16T13:41:32,2000.0,50.9,B
2021-07-16T13:41:01,2400.0,50.9,S
2021-07-16T13:38:08,600.0,51.0,B
2021-07-16T13:37:59,2000.0,50.9,S
2021-07-16T13:37:59,900.0,50.9,B
2021-07-16T13:35:09,400.0,50.9,B
2021-07-16T13:35:05,700.0,50.9,B
2021-07-16T13:34:56,1500.0,50.9,B
2021-07-16T13:34:21,1200.0,50.8,S
2021-07-16T13:34:13,1800.0,50.7,B
2021-07-16T13:33:27,1100.0,50.7,B
2021-07-16T13:33:22,3000.0,50.7,S
2021-07-16T13:33:21,900.0,50.7,S
2021-07-16T13:32:27,2400.0,50.7,B
2021-07-16T13:32:20,1900.0,50.6,S
2021-07-16T13:31:46,200.0,50.5,S
2021-07-16T13:31:29,400.0,50.5,B
2021-07-16T13:31:22,2800.0,50.5,S
2021-07-16T13:31:19,700.0,50.5,S
2021-07-16T13:31:16,2300.0,50.5,S
2021-07-16T13:30:51,3900.0,50.5,B
2021-07-16T13:30:21,300.0,50.5,S
2021-07-16T13:30:18,2000.0,50.5,S
2021-07-16T13:28:13,1000.0,50.6,B
2021-07-16T13:28:10,1400.0,50.6,S
2021-07-16T13:28:05,2500.0,50.6,S
2021-07-16T13:26:27,1700.0,50.7,S
2021-07-16T13:24:56,1400.0,50.8,B
2021-07-16T13:24:23,1400.0,50.8,S
2021-07-16T13:22:56,3200.0,50.8,S
2021-07-16T13:22:47,600.0,50.8,B
2021-07-16T13:22:34,3700.0,50.7,B
2021-07-16T13:20:40,2300.0,50.7,B
2021-07-16T13:20:11,500.0,50.8,B
2021-07-16T13:20:02,500.0,50.8,S
2021-07-16T13:19:58,1800.0,50.8,S
2021-07-16T13:19:39,1500.0,50.9,B
2021-07-16T13:19:33,3300.0,50.8,B
2021-07-16T13:17:54,1000.0,50.8,B
2021-07-16T13:16:56,100.0,50.8,B
2021-07-16T13:16:24,1500.0,50.8,B
2021-07-16T13:15:34,2300.0,50.8,S
2021-07-16T13:15:26,700.0,50.8,B
2021-07-16T13:15:23,1400.0,50.8,B
2021-07-16T13:15:09,2000.0,50.7,B
2021-07-16T13:14:52,4900.0,50.6,B
2021-07-16T13:14:36,600.0,50.6,S
2021-07-16T13:14:29,10000.0,50.6,S
2021-07-16T13:14:16,1100.0,50.7,S
2021-07-16T13:13:37,100.0,50.8,B
2021-07-16T13:13:36,1800.0,50.8,S
2021-07-16T13:12:02,2100.0,50.9,S
2021-07-16T13:07:49,900.0,51.0,S
2021-07-16T13:07:43,1100.0,51.0,S
2021-07-16T13:07:25,1600.0,51.1,S
2021-07-16T13:07:24,500.0,51.1,S
2021-07-16T13:07:17,300.0,51.1,S
2021-07-16T13:06:22,100.0,51.2,B
2021-07-16T13:06:18,1300.0,51.2,S
2021-07-16T13:05:08,1900.0,51.3,B
2021-07-16T13:04:56,2000.0,51.3,B
2021-07-16T13:04:52,10000.0,51.3,B
2021-07-16T13:04:42,2500.0,51.3,B
2021-07-16T13:04:38,1000.0,51.3,B
2021-07-16T13:04:35,6200.0,51.3,B
2021-07-16T13:04:29,1500.0,51.3,B
2021-07-16T13:04:24,7200.0,51.3,B
2021-07-16T13:04:19,1700.0,51.3,S
2021-07-16T13:04:15,5000.0,51.3,B
2021-07-16T13:03:53,4500.0,51.3,B
2021-07-16T13:03:36,2500.0,51.3,B
2021-07-16T13:03:33,3500.0,51.3,B
2021-07-16T13:03:32,200.0,51.3,S
2021-07-16T13:03:27,11100.0,51.3,B
2021-07-16T11:29:05,500.0,51.4,B
2021-07-16T11:28:57,12000.0,51.4,B
2021-07-16T11:28:44,1500.0,51.4,B
2021-07-16T11:28:40,6500.0,51.4,B
2021-07-16T11:28:33,1000.0,51.4,B
2021-07-16T11:28:33,10100.0,51.4,B
2021-07-16T11:28:32,400.0,51.4,B
2021-07-16T11:28:23,2000.0,51.4,B
2021-07-16T11:28:18,5000.0,51.4,B
2021-07-16T11:27:53,1900.0,51.4,B
2021-07-16T11:27:30,700.0,51.3,S
2021-07-16T11:27:23,2000.0,51.3,B
2021-07-16T11:27:19,3600.0,51.3,B
2021-07-16T11:27:14,1700.0,51.3,B
2021-07-16T11:27:12,5000.0,51.3,B
2021-07-16T11:27:01,3000.0,51.3,B
2021-07-16T11:26:53,100.0,51.3,S
2021-07-16T11:26:50,10000.0,51.3,B
2021-07-16T11:26:35,3500.0,51.3,B
2021-07-16T11:26:34,4300.0,51.3,B
2021-07-16T11:26:28,2300.0,51.3,B
2021-07-16T11:26:25,1600.0,51.3,B
2021-07-16T11:25:25,2800.0,51.3,B
2021-07-16T11:23:16,2000.0,51.3,B
2021-07-16T11:22:53,200.0,51.3,B
2021-07-16T11:22:49,1900.0,51.3,S
2021-07-16T11:21:34,4400.0,51.4,B
2021-07-16T11:21:15,6000.0,51.4,B
2021-07-16T11:20:49,3500.0,51.4,B
2021-07-16T11:20:40,1000.0,51.4,B
2021-07-16T11:20:36,6900.0,51.4,B
2021-07-16T11:20:31,500.0,51.4,B
2021-07-16T11:20:28,4600.0,51.4,B
2021-07-16T11:20:23,2000.0,51.4,B
2021-07-16T11:20:21,300.0,51.4,S
2021-07-16T11:20:16,8000.0,51.4,S
2021-07-16T11:20:15,1700.0,51.4,B
2021-07-16T11:19:59,300.0,51.4,S
2021-07-16T11:19:59,200.0,51.4,B
2021-07-16T11:18:50,5900.0,51.4,B
2021-07-16T11:18:24,300.0,51.4,B
2021-07-16T11:18:22,3000.0,51.4,S
2021-07-16T11:18:18,1200.0,51.4,B
2021-07-16T11:18:17,1600.0,51.4,S
2021-07-16T11:18:07,8400.0,51.4,S
2021-07-16T11:18:05,2000.0,51.4,B
2021-07-16T11:18:00,3500.0,51.4,B
2021-07-16T11:17:37,3000.0,51.4,B
2021-07-16T11:17:34,200.0,51.4,S
2021-07-16T11:17:30,9000.0,51.4,B
2021-07-16T11:17:30,800.0,51.4,B
2021-07-16T11:14:15,1100.0,51.4,B
2021-07-16T11:13:59,700.0,51.4,S
2021-07-16T11:13:55,9300.0,51.4,B
2021-07-16T11:13:48,6800.0,51.4,B
2021-07-16T11:13:14,1000.0,51.4,B
2021-07-16T11:13:12,4900.0,51.4,S
2021-07-16T11:13:11,100.0,51.4,B
2021-07-16T11:13:06,2000.0,51.4,B
2021-07-16T11:13:06,500.0,51.4,B
2021-07-16T11:13:01,9500.0,51.4,B
2021-07-16T11:12:55,3000.0,51.4,B
2021-07-16T11:12:49,1500.0,51.4,S
2021-07-16T11:12:25,500.0,51.4,S
2021-07-16T11:10:47,1200.0,51.4,B
2021-07-16T11:08:05,2800.0,51.4,S
2021-07-16T11:08:02,700.0,51.4,B
2021-07-16T11:06:07,1500.0,51.4,B
2021-07-16T11:05:23,1800.0,51.3,B
2021-07-16T11:05:17,1900.0,51.2,B
2021-07-16T11:02:56,1200.0,51.2,S
2021-07-16T11:02:55,300.0,51.2,B
2021-07-16T11:02:53,2000.0,51.2,S
2021-07-16T11:02:16,500.0,51.2,B
2021-07-16T11:02:03,7600.0,51.2,B
2021-07-16T11:01:48,1400.0,51.2,B
2021-07-16T11:01:45,6800.0,51.2,B
2021-07-16T11:01:40,2500.0,51.2,B
2021-07-16T11:01:35,3200.0,51.2,B
2021-07-16T11:01:35,400.0,51.2,B
2021-07-16T11:01:18,2800.0,51.2,B
2021-07-16T11:01:13,5000.0,51.2,B
2021-07-16T11:01:06,1300.0,51.2,B
2021-07-16T11:01:02,8000.0,51.2,B
2021-07-16T11:00:47,100.0,51.2,B
2021-07-16T11:00:17,7800.0,51.2,B
2021-07-16T11:00:06,500.0,51.2,B
2021-07-16T11:00:05,500.0,51.1,S
2021-07-16T11:00:02,9900.0,51.2,B
2021-07-16T10:59:54,2000.0,51.2,B
2021-07-16T10:59:48,5500.0,51.2,B
2021-07-16T10:59:40,900.0,51.2,B
2021-07-16T10:59:35,10000.0,51.2,B
2021-07-16T10:59:29,2500.0,51.2,B
2021-07-16T10:58:44,1900.0,51.2,S
2021-07-16T10:58:39,2000.0,51.2,S
2021-07-16T10:57:19,100.0,51.3,S
2021-07-16T10:57:10,2400.0,51.3,S
2021-07-16T10:54:51,1700.0,51.4,S
2021-07-16T10:54:38,2000.0,51.5,B
2021-07-16T10:53:49,3300.0,51.4,B
2021-07-16T10:53:03,1400.0,51.4,B
2021-07-16T10:52:47,5000.0,51.4,B
2021-07-16T10:52:42,3600.0,51.4,B
2021-07-16T10:52:34,3700.0,51.4,S
2021-07-16T10:52:20,3000.0,51.5,B
2021-07-16T10:52:15,5600.0,51.5,B
2021-07-16T10:51:54,1000.0,51.5,B
2021-07-16T10:51:49,5000.0,51.5,B
2021-07-16T10:51:45,10000.0,51.5,B
2021-07-16T10:51:29,4300.0,51.5,B
2021-07-16T10:51:07,4700.0,51.5,B
2021-07-16T10:50:54,1300.0,51.5,B
2021-07-16T10:50:49,8000.0,51.5,B
2021-07-16T10:50:37,1000.0,51.5,B
2021-07-16T10:50:31,10000.0,51.5,B
2021-07-16T10:50:21,6900.0,51.5,B
2021-07-16T10:50:12,5000.0,51.5,B
2021-07-16T10:49:04,2000.0,51.5,B
2021-07-16T10:47:38,1600.0,51.5,S
2021-07-16T10:45:14,500.0,51.6,S
2021-07-16T10:44:17,1800.0,51.6,S
2021-07-16T10:41:36,2000.0,51.7,B
2021-07-16T10:41:29,4300.0,51.6,B
2021-07-16T10:41:16,2500.0,51.6,B
2021-07-16T10:38:44,200.0,51.6,S
2021-07-16T10:35:49,1700.0,51.6,S
2021-07-16T10:34:47,2200.0,51.6,S
2021-07-16T10:34:47,400.0,51.6,S
2021-07-16T10:34:42,2000.0,51.6,B
2021-07-16T10:31:47,1600.0,51.6,B
2021-07-16T10:31:41,2700.0,51.6,B
2021-07-16T10:31:26,2600.0,51.6,B
2021-07-16T10:30:32,800.0,51.6,S
2021-07-16T10:29:05,100.0,51.6,B
2021-07-16T10:28:26,500.0,51.6,B
2021-07-16T10:28:20,3800.0,51.6,B
2021-07-16T10:26:54,2000.0,51.6,B
2021-07-16T10:25:37,600.0,51.6,S
2021-07-16T10:25:10,100.0,51.6,B
2021-07-16T10:24:04,1000.0,51.6,B
2021-07-16T10:23:59,2800.0,51.6,B
2021-07-16T10:23:42,1900.0,51.6,S
2021-07-16T10:23:35,2100.0,51.6,B
2021-07-16T10:21:55,2500.0,51.6,B
2021-07-16T10:21:50,300.0,51.6,B
2021-07-16T10:21:43,2700.0,51.6,B
2021-07-16T10:20:16,1000.0,51.6,B
2021-07-16T10:19:56,1300.0,51.6,B
2021-07-16T10:19:49,100.0,51.5,B
2021-07-16T10:19:44,5000.0,51.5,B
2021-07-16T10:19:10,2600.0,51.5,B
2021-07-16T10:18:19,1000.0,51.5,B
2021-07-16T10:18:10,3100.0,51.4,B
2021-07-16T10:17:37,100.0,51.4,B
2021-07-16T10:17:36,1500.0,51.4,S
2021-07-16T10:17:36,800.0,51.4,S
2021-07-16T10:17:14,1900.0,51.4,B
2021-07-16T10:17:11,1500.0,51.4,B
2021-07-16T10:15:39,400.0,51.4,B
2021-07-16T10:14:57,2000.0,51.4,S
2021-07-16T10:14:54,3000.0,51.4,B
2021-07-16T10:14:54,100.0,51.4,S
2021-07-16T10:14:46,2900.0,51.4,B
2021-07-16T10:14:37,2500.0,51.3,B
2021-07-16T10:10:40,800.0,51.3,B
2021-07-16T10:10:39,2700.0,51.3,B
2021-07-16T10:10:36,2300.0,51.3,B
2021-07-16T10:10:32,900.0,51.3,B
2021-07-16T10:09:46,4800.0,51.3,B
2021-07-16T10:08:42,1600.0,51.3,B
2021-07-16T10:08:40,5000.0,51.3,B
2021-07-16T10:08:30,2500.0,51.3,B
2021-07-16T10:08:21,3400.0,51.2,B
2021-07-16T10:06:27,1600.0,51.2,B
2021-07-16T10:06:22,3000.0,51.2,S
2021-07-16T10:06:21,800.0,51.2,B
2021-07-16T10:04:08,2000.0,51.2,B
2021-07-16T10:03:46,2100.0,51.1,B
2021-07-16T10:03:45,2700.0,51.0,S
2021-07-16T10:02:26,2000.0,51.1,B
2021-07-16T10:02:19,2300.0,51.0,B
2021-07-16T10:02:18,1200.0,51.0,S
2021-07-16T10:02:05,5400.0,51.0,B
2021-07-16T10:01:48,1500.0,51.0,S
2021-07-16T10:01:43,3800.0,51.0,S
2021-07-16T10:01:33,100.0,51.1,B
2021-07-16T10:01:25,2000.0,51.1,S
2021-07-16T10:00:43,100.0,51.2,B
2021-07-16T10:00:08,1100.0,51.2,S
2021-07-16T09:59:22,1800.0,51.3,B
2021-07-16T09:57:38,5500.0,51.3,B
2021-07-16T09:57:32,3100.0,51.3,S
2021-07-16T09:57:10,100.0,51.4,S
2021-07-16T09:57:06,2000.0,51.4,S
2021-07-16T09:54:48,2400.0,51.5,B
2021-07-16T09:52:57,2500.0,51.5,S
2021-07-16T09:52:50,300.0,51.5,B
2021-07-16T09:52:17,2000.0,51.5,B
2021-07-16T09:51:25,600.0,51.6,B
2021-07-16T09:51:20,1500.0,51.5,B
2021-07-16T09:51:17,3300.0,51.5,B
2021-07-16T09:51:15,100.0,51.5,B
2021-07-16T09:51:11,1500.0,51.5,S
2021-07-16T09:50:59,6600.0,51.6,S
2021-07-16T09:50:53,1100.0,51.6,S
2021-07-16T09:50:09,2000.0,51.6,B
2021-07-16T09:49:59,2400.0,51.5,S
2021-07-16T09:47:32,900.0,51.5,B
2021-07-16T09:47:29,1000.0,51.5,B
2021-07-16T09:47:23,2000.0,51.4,S
2021-07-16T09:47:23,1300.0,51.4,B
2021-07-16T09:47:15,1700.0,51.4,S
2021-07-16T09:46:43,2700.0,51.5,S
2021-07-16T09:45:51,700.0,51.6,B
2021-07-16T09:45:47,5500.0,51.6,B
2021-07-16T09:45:40,2500.0,51.6,B
2021-07-16T09:45:39,1100.0,51.6,S
2021-07-16T09:45:22,1600.0,51.7,S
2021-07-16T09:44:51,1400.0,51.7,B
2021-07-16T09:44:11,2500.0,51.7,B
2021-07-16T09:42:59,400.0,51.6,B
2021-07-16T09:42:55,5000.0,51.6,B
2021-07-16T09:42:50,1200.0,51.6,B
2021-07-16T09:40:55,300.0,51.6,B
2021-07-16T09:40:54,2000.0,51.6,B
2021-07-16T09:40:10,500.0,51.6,S
2021-07-16T09:39:59,900.0,51.6,B
2021-07-16T09:39:56,2000.0,51.6,B
2021-07-16T09:39:45,1100.0,51.6,S
2021-07-16T09:37:35,500.0,51.7,B
2021-07-16T09:37:30,1500.0,51.7,B
2021-07-16T09:37:24,1300.0,51.7,S
2021-07-16T09:35:57,3200.0,51.8,S
2021-07-16T09:35:56,300.0,51.8,B
2021-07-16T09:35:38,1000.0,51.8,B
2021-07-16T09:35:36,1700.0,51.8,B
2021-07-16T09:35:31,900.0,51.8,S
2021-07-16T09:34:53,500.0,51.8,S
2021-07-16T09:34:39,700.0,51.8,S
2021-07-16T09:34:36,5000.0,51.8,B
2021-07-16T09:31:24,2300.0,51.8,B
2021-07-16T09:31:24,700.0,51.8,B
2021-07-16T09:31:14,700.0,51.8,B
2021-07-16T09:31:06,2000.0,51.8,B
2021-07-16T09:31:06,1100.0,51.8,S
2021-07-16T09:30:54,400.0,51.8,B
2021-07-16T09:30:50,600.0,51.8,B
2021-07-16T09:29:51,2200.0,51.8,B
2021-07-16T09:28:47,2500.0,51.8,B
2021-07-16T09:28:38,900.0,51.8,B
2021-07-16T09:27:51,5000.0,51.9,B
2021-07-16T09:27:45,1500.0,51.9,B
2021-07-16T09:27:29,1000.0,52.0,B
2021-07-16T09:27:25,100.0,51.9,B
2021-07-16T09:27:25,1400.0,51.9,B
2021-07-16T09:27:14,3000.0,51.9,B
2021-07-16T09:27:09,100.0,51.8,B
2021-07-16T09:27:08,1200.0,51.8,B
2021-07-16T09:27:03,1800.0,51.8,B
2021-07-16T09:26:58,2200.0,51.8,B
2021-07-16T09:26:51,700.0,51.7,B
2021-07-16T09:26:47,2000.0,51.7,B
2021-07-16T09:26:18,900.0,51.6,B
2021-07-16T09:25:59,3300.0,51.6,B
2021-07-16T09:25:51,200.0,51.5,B
2021-07-16T09:25:45,1000.0,51.5,B
2021-07-16T09:25:41,3700.0,51.5,S
2021-07-16T09:25:36,2800.0,51.5,S
2021-07-16T09:25:30,200.0,51.5,B
2021-07-16T09:25:26,1500.0,51.5,B
2021-07-16T09:25:24,2000.0,51.5,B
2021-07-16T09:25:22,600.0,51.5,S
2021-07-16T09:25:16,700.0,51.5,S
2021-07-16T09:25:12,2500.0,51.5,B
2021-07-16T09:25:07,400.0,51.5,S
2021-07-16T09:25:01,1000.0,51.5,S
2021-07-16T09:24:29,1500.0,51.5,B
2021-07-16T09:24:19,1500.0,51.5,B
2021-07-16T09:24:16,5600.0,51.5,B
2021-07-16T09:24:10,1400.0,51.5,S
2021-07-16T09:23:41,5600.0,51.6,B
2021-07-16T09:23:34,2000.0,51.6,B
2021-07-16T09:23:30,1100.0,51.6,S
2021-07-16T09:23:25,700.0,51.6,B
2021-07-16T09:23:21,2000.0,51.6,B
2021-07-16T09:23:10,1300.0,51.6,B
2021-07-16T09:23:03,900.0,51.7,S
2021-07-16T09:22:57,400.0,51.7,B
2021-07-16T09:22:52,5000.0,51.7,B
2021-07-16T09:22:47,600.0,51.7,B
2021-07-16T09:22:34,300.0,51.7,B
2021-07-16T09:22:28,1400.0,51.7,B
2021-07-16T09:22:24,2000.0,51.7,B
2021-07-16T09:22:20,3000.0,51.6,S
2021-07-16T09:22:19,700.0,51.6,B
2021-07-16T09:22:10,2000.0,51.6,B
2021-07-16T09:21:58,4200.0,51.5,S
2021-07-16T09:21:51,1300.0,51.5,B
2021-07-16T09:21:49,2000.0,51.5,B
2021-07-16T09:21:26,300.0,51.6,B
2021-07-16T09:21:20,4000.0,51.6,S
2021-07-16T09:21:12,700.0,51.6,B
2021-07-16T09:21:11,2900.0,51.5,S
2021-07-16T09:21:06,1900.0,51.6,B
2021-07-16T09:21:03,2000.0,51.6,B
2021-07-16T09:20:53,2100.0,51.5,S
2021-07-16T09:20:24,5000.0,51.5,B
2021-07-16T09:20:19,100.0,51.4,S
2021-07-16T09:20:14,2000.0,51.4,B
2021-07-16T09:19:53,800.0,51.3,B
2021-07-16T09:19:50,3000.0,51.3,B
2021-07-16T09:19:49,700.0,51.3,B
2021-07-16T09:19:47,1000.0,51.3,S
2021-07-16T09:19:23,400.0,51.4,S
2021-07-16T09:19:02,1200.0,51.4,S
2021-07-16T09:18:57,2000.0,51.4,B
2021-07-16T09:18:34,2800.0,51.3,B
2021-07-16T09:18:28,2200.0,51.3,S
2021-07-16T09:18:23,800.0,51.4,B
2021-07-16T09:18:14,700.0,51.4,B
2021-07-16T09:18:10,2000.0,51.4,B
2021-07-16T09:18:07,200.0,51.4,S
2021-07-16T09:17:59,3800.0,51.4,B
2021-07-16T09:17:40,700.0,51.3,S
2021-07-16T09:17:36,4100.0,51.3,B
2021-07-16T09:17:35,1600.0,51.3,B
2021-07-16T09:17:24,2300.0,51.3,B
2021-07-16T09:16:20,2000.0,51.2,S
2021-07-16T09:16:15,2300.0,51.2,B
2021-07-16T09:16:10,500.0,51.2,S
2021-07-16T09:16:01,800.0,51.2,B
2021-07-16T09:15:57,1500.0,51.2,B
2021-07-16T09:15:51,3000.0,51.2,B
2021-07-16T09:15:44,1900.0,51.1,B
2021-07-16T09:15:42,900.0,51.1,S
2021-07-16T09:15:30,1400.0,51.1,B
2021-07-16T09:15:28,1500.0,51.1,B
2021-07-16T09:15:23,2000.0,51.1,B
2021-07-16T09:15:16,3000.0,51.0,B
2021-07-16T09:15:16,900.0,51.0,B
