tradingTime,volume,price,side
2021-07-16T14:29:13,100.0,51.1,S
2021-07-16T14:29:02,3000.0,51.1,S
2021-07-16T14:27:04,5900.0,51.0,S
2021-07-16T14:27:04,11600.0,51.0,S
2021-07-16T14:27:04,500.0,51.0,S
2021-07-16T14:27:04,200.0,51.0,S
2021-07-16T14:27:04,6800.0,51.0,S
2021-07-16T14:25:50,600.0,51.1,S
2021-07-16T14:25:46,300.0,51.1,S
2021-07-16T14:25:43,2600.0,51.1,S
2021-07-16T14:25:11,1000.0,51.3,B
2021-07-16T14:25:06,1000.0,51.1,S
2021-07-16T14:25:01,200.0,51.3,B
2021-07-16T14:25:00,400.0,51.1,S
2021-07-16T14:24:40,400.0,51.3,S
2021-07-16T14:24:31,200.0,51.3,B
2021-07-16T14:24:06,200.0,51.3,B
2021-07-16T14:23:40,500.0,51.3,B
2021-07-16T14:23:35,300.0,51.1,S
2021-07-16T14:23:35,200.0,51.1,S
2021-07-16T14:23:27,900.0,51.1,S
2021-07-16T14:23:27,1100.0,51.1,S
2021-07-16T14:22:59,1000.0,51.1,S
2021-07-16T14:22:52,2000.0,51.1,S
2021-07-16T14:22:50,400.0,51.1,S
2021-07-16T14:22:33,200.0,51.3,B
2021-07-16T14:21:48,5000.0,51.1,S
2021-07-16T14:21:38,500.0,51.1,S
2021-07-16T14:21:24,500.0,51.1,S
2021-07-16T14:21:15,2000.0,51.2,B
2021-07-16T14:20:52,1200.0,51.1,S
2021-07-16T14:20:46,500.0,51.1,S
2021-07-16T14:20:42,1000.0,51.1,S
2021-07-16T14:20:16,100.0,51.1,S
2021-07-16T14:20:09,1000.0,51.1,S
2021-07-16T14:20:04,200.0,51.2,B
2021-07-16T14:19:59,100.0,51.1,S
2021-07-16T14:19:18,500.0,51.1,S
2021-07-16T14:18:43,700.0,51.1,S
2021-07-16T14:18:43,100.0,51.1,S
2021-07-16T14:18:42,300.0,51.1,S
2021-07-16T14:18:11,400.0,51.2,B
2021-07-16T14:17:59,800.0,51.2,B
2021-07-16T14:17:51,800.0,51.1,S
2021-07-16T14:17:36,200.0,51.2,B
2021-07-16T14:17:14,1800.0,51.2,S
2021-07-16T14:17:09,600.0,51.2,S
2021-07-16T14:16:37,500.0,51.2,S
2021-07-16T14:16:36,1500.0,51.2,S
2021-07-16T14:16:01,400.0,51.3,B
2021-07-16T14:15:25,1000.0,51.2,S
2021-07-16T14:15:12,9500.0,51.1,S
2021-07-16T14:15:12,3700.0,51.1,S
2021-07-16T14:15:12,1000.0,51.1,S
2021-07-16T14:15:12,1100.0,51.2,S
2021-07-16T14:15:12,9700.0,51.2,S
2021-07-16T14:15:12,1000.0,51.3,S
2021-07-16T14:15:08,500.0,51.3,S
2021-07-16T14:15:07,1000.0,51.3,B
2021-07-16T14:15:07,6000.0,51.3,B
2021-07-16T14:15:06,2000.0,51.2,S
2021-07-16T14:14:59,3000.0,51.2,S
2021-07-16T14:14:57,1000.0,51.2,S
2021-07-16T14:14:36,300.0,51.2,S
2021-07-16T14:14:36,700.0,51.2,S
2021-07-16T14:14:29,1300.0,51.2,S
2021-07-16T14:14:10,1000.0,51.2,S
2021-07-16T14:13:58,200.0,51.3,B
2021-07-16T14:12:57,500.0,51.2,S
2021-07-16T14:12:56,100.0,51.3,B
2021-07-16T14:12:51,1200.0,51.3,B
2021-07-16T14:12:42,2000.0,51.2,S
2021-07-16T14:12:40,200.0,51.3,B
2021-07-16T14:12:28,300.0,51.2,S
2021-07-16T14:12:28,900.0,51.2,S
2021-07-16T14:11:52,2000.0,51.2,S
2021-07-16T14:11:14,1000.0,51.3,B
2021-07-16T14:11:09,1000.0,51.2,S
2021-07-16T14:11:08,2600.0,51.3,S
2021-07-16T14:11:08,3100.0,51.3,S
2021-07-16T14:10:54,2000.0,51.3,S
2021-07-16T14:10:46,2000.0,51.3,S
2021-07-16T14:10:45,500.0,51.3,S
2021-07-16T14:10:28,200.0,51.3,S
2021-07-16T14:10:28,400.0,51.3,B
2021-07-16T14:10:21,400.0,51.2,S
2021-07-16T14:10:21,5000.0,51.3,B
2021-07-16T14:10:18,1100.0,51.2,S
2021-07-16T14:10:12,200.0,51.3,B
2021-07-16T14:09:57,500.0,51.2,S
2021-07-16T14:09:21,500.0,51.2,S
2021-07-16T14:08:45,400.0,51.2,S
2021-07-16T14:08:44,1000.0,51.3,B
2021-07-16T14:08:40,1000.0,51.3,B
2021-07-16T14:08:34,3000.0,51.3,B
2021-07-16T14:08:22,300.0,51.2,S
2021-07-16T14:08:07,900.0,51.2,S
2021-07-16T14:07:42,4000.0,51.3,S
2021-07-16T14:07:42,200.0,51.4,B
2021-07-16T14:07:15,300.0,51.2,S
2021-07-16T14:07:15,4700.0,51.2,S
2021-07-16T14:07:14,500.0,51.3,S
2021-07-16T14:07:09,2100.0,51.3,B
2021-07-16T14:07:05,1000.0,51.3,B
2021-07-16T14:06:45,100.0,51.2,S
2021-07-16T14:06:45,300.0,51.2,S
2021-07-16T14:06:21,700.0,51.3,B
2021-07-16T14:06:21,1400.0,51.3,B
2021-07-16T14:06:21,1600.0,51.3,B
2021-07-16T14:06:17,2400.0,51.2,S
2021-07-16T14:06:11,300.0,51.2,S
2021-07-16T14:06:08,1000.0,51.2,S
2021-07-16T14:06:08,800.0,51.2,S
2021-07-16T14:06:01,800.0,51.2,S
2021-07-16T14:05:56,6100.0,51.3,S
2021-07-16T14:05:56,1200.0,51.3,S
2021-07-16T14:05:40,900.0,51.3,S
2021-07-16T14:05:40,1100.0,51.3,S
2021-07-16T14:05:34,5000.0,51.3,S
2021-07-16T14:05:15,200.0,51.5,B
2021-07-16T14:04:55,300.0,51.4,S
2021-07-16T14:04:49,1700.0,51.4,S
2021-07-16T14:04:48,1200.0,51.4,S
2021-07-16T14:04:41,1800.0,51.4,S
2021-07-16T14:04:41,300.0,51.4,S
2021-07-16T14:04:41,1800.0,51.4,S
2021-07-16T14:04:41,200.0,51.4,S
2021-07-16T14:04:39,400.0,51.4,S
2021-07-16T14:04:38,4100.0,51.4,S
2021-07-16T14:04:27,2000.0,51.4,S
2021-07-16T14:04:24,800.0,51.4,S
2021-07-16T14:04:14,3000.0,51.5,B
2021-07-16T14:04:11,600.0,51.5,S
2021-07-16T14:04:11,2000.0,51.5,S
2021-07-16T14:04:04,400.0,51.5,S
2021-07-16T14:03:58,800.0,51.5,S
2021-07-16T14:03:51,1000.0,51.5,S
2021-07-16T14:03:32,800.0,51.5,S
2021-07-16T14:03:31,400.0,51.6,B
2021-07-16T14:03:29,500.0,51.5,S
2021-07-16T14:03:22,1000.0,51.5,S
2021-07-16T14:03:17,1500.0,51.5,S
2021-07-16T14:03:11,800.0,51.5,S
2021-07-16T14:03:11,200.0,51.5,S
2021-07-16T14:03:06,800.0,51.5,S
2021-07-16T14:03:01,2000.0,51.5,S
2021-07-16T14:02:47,200.0,51.6,B
2021-07-16T14:02:35,500.0,51.4,S
2021-07-16T14:02:31,800.0,51.4,S
2021-07-16T14:02:27,1000.0,51.5,S
2021-07-16T14:02:09,800.0,51.5,B
2021-07-16T14:02:02,400.0,51.4,S
2021-07-16T14:01:50,300.0,51.5,S
2021-07-16T14:01:48,100.0,51.5,B
2021-07-16T14:01:44,1200.0,51.4,S
2021-07-16T14:01:37,800.0,51.4,S
2021-07-16T14:01:14,3000.0,51.5,B
2021-07-16T14:01:14,1000.0,51.5,B
2021-07-16T14:01:08,2000.0,51.5,B
2021-07-16T14:01:03,3000.0,51.5,B
2021-07-16T14:00:46,1200.0,51.5,S
2021-07-16T14:00:46,1500.0,51.5,S
2021-07-16T14:00:46,300.0,51.5,S
2021-07-16T14:00:31,1000.0,51.5,S
2021-07-16T14:00:26,1000.0,51.5,S
2021-07-16T14:00:25,700.0,51.5,S
2021-07-16T14:00:19,200.0,51.6,B
2021-07-16T14:00:05,100.0,51.5,S
2021-07-16T14:00:02,400.0,51.6,B
2021-07-16T14:00:02,200.0,51.6,B
2021-07-16T13:59:56,700.0,51.6,B
2021-07-16T13:59:54,1800.0,51.5,S
2021-07-16T13:59:54,500.0,51.5,S
2021-07-16T13:59:51,100.0,51.5,S
2021-07-16T13:59:32,1200.0,51.5,S
2021-07-16T13:59:12,1100.0,51.5,S
2021-07-16T13:59:01,1000.0,51.5,S
2021-07-16T13:58:55,1200.0,51.5,S
2021-07-16T13:58:54,2200.0,51.5,B
2021-07-16T13:58:54,300.0,51.5,B
2021-07-16T13:58:54,2100.0,51.5,B
2021-07-16T13:58:51,1000.0,51.5,B
2021-07-16T13:58:49,500.0,51.5,B
2021-07-16T13:58:43,100.0,51.5,B
2021-07-16T13:58:33,100.0,51.5,B
2021-07-16T13:58:15,700.0,51.4,S
2021-07-16T13:58:14,500.0,51.4,S
2021-07-16T13:58:01,1000.0,51.5,B
2021-07-16T13:57:50,200.0,51.5,B
2021-07-16T13:57:46,400.0,51.4,S
2021-07-16T13:57:43,1000.0,51.4,S
2021-07-16T13:57:38,2000.0,51.5,B
2021-07-16T13:57:20,1100.0,51.4,S
2021-07-16T13:57:16,1000.0,51.5,B
2021-07-16T13:56:08,400.0,51.4,S
2021-07-16T13:55:56,300.0,51.5,B
2021-07-16T13:55:37,300.0,51.4,S
2021-07-16T13:55:31,4200.0,51.5,B
2021-07-16T13:55:29,200.0,51.5,B
2021-07-16T13:55:22,200.0,51.5,B
2021-07-16T13:55:12,800.0,51.4,S
2021-07-16T13:54:24,100.0,51.5,B
2021-07-16T13:54:12,900.0,51.5,B
2021-07-16T13:54:07,100.0,51.5,B
2021-07-16T13:54:00,500.0,51.4,S
2021-07-16T13:53:58,900.0,51.5,S
2021-07-16T13:53:51,100.0,51.5,B
2021-07-16T13:53:39,900.0,51.5,S
2021-07-16T13:53:39,500.0,51.5,S
2021-07-16T13:53:29,400.0,51.5,S
2021-07-16T13:53:28,400.0,51.6,B
2021-07-16T13:53:28,200.0,51.5,S
2021-07-16T13:53:20,100.0,51.4,S
2021-07-16T13:53:11,1000.0,51.5,B
2021-07-16T13:53:07,100.0,51.5,S
2021-07-16T13:52:54,100.0,51.6,B
2021-07-16T13:52:54,100.0,51.6,B
2021-07-16T13:52:36,1000.0,51.5,B
2021-07-16T13:52:27,1000.0,51.5,S
2021-07-16T13:52:06,2500.0,51.5,B
2021-07-16T13:52:06,1000.0,51.5,B
2021-07-16T13:52:00,500.0,51.4,S
2021-07-16T13:51:19,400.0,51.4,S
2021-07-16T13:51:00,300.0,51.5,S
2021-07-16T13:50:58,200.0,51.6,B
2021-07-16T13:50:56,900.0,51.5,S
2021-07-16T13:50:43,500.0,51.5,S
2021-07-16T13:50:33,2800.0,51.5,B
2021-07-16T13:50:26,200.0,51.5,B
2021-07-16T13:49:53,200.0,51.4,S
2021-07-16T13:49:53,200.0,51.4,S
2021-07-16T13:49:29,2200.0,51.5,S
2021-07-16T13:49:24,500.0,51.5,S
2021-07-16T13:49:16,300.0,51.5,S
2021-07-16T13:49:12,1000.0,51.5,S
2021-07-16T13:49:11,500.0,51.5,S
2021-07-16T13:49:09,300.0,51.5,S
2021-07-16T13:48:57,100.0,51.5,S
2021-07-16T13:48:56,700.0,51.5,S
2021-07-16T13:48:06,500.0,51.6,B
2021-07-16T13:47:57,200.0,51.6,B
2021-07-16T13:47:52,200.0,51.5,S
2021-07-16T13:47:46,400.0,51.5,S
2021-07-16T13:47:33,1000.0,51.5,S
2021-07-16T13:47:31,2000.0,51.5,S
2021-07-16T13:47:21,700.0,51.5,S
2021-07-16T13:47:15,300.0,51.5,S
2021-07-16T13:47:06,300.0,51.5,S
2021-07-16T13:47:01,4200.0,51.5,B
2021-07-16T13:47:01,5000.0,51.5,B
2021-07-16T13:47:01,1000.0,51.5,B
2021-07-16T13:46:56,900.0,51.4,S
2021-07-16T13:46:54,400.0,51.5,B
2021-07-16T13:46:26,200.0,51.5,B
2021-07-16T13:46:12,3400.0,51.4,B
2021-07-16T13:46:08,300.0,51.4,B
2021-07-16T13:45:36,600.0,51.3,S
2021-07-16T13:45:29,200.0,51.4,B
2021-07-16T13:45:16,200.0,51.4,B
2021-07-16T13:45:16,4300.0,51.4,B
2021-07-16T13:45:12,2000.0,51.3,S
2021-07-16T13:45:00,200.0,51.3,S
2021-07-16T13:44:59,500.0,51.2,S
2021-07-16T13:44:46,1300.0,51.2,S
2021-07-16T13:44:44,1800.0,51.3,S
2021-07-16T13:44:43,200.0,51.3,B
2021-07-16T13:44:32,1000.0,51.3,B
2021-07-16T13:44:26,4500.0,51.3,B
2021-07-16T13:44:21,300.0,51.3,S
2021-07-16T13:44:17,2700.0,51.3,B
2021-07-16T13:44:10,2000.0,51.3,S
2021-07-16T13:44:10,300.0,51.3,S
2021-07-16T13:44:06,1000.0,51.3,S
2021-07-16T13:43:55,100.0,51.3,S
2021-07-16T13:43:31,4100.0,51.3,S
2021-07-16T13:43:24,600.0,51.2,S
2021-07-16T13:43:01,100.0,51.2,B
2021-07-16T13:42:49,300.0,51.2,B
2021-07-16T13:42:36,1000.0,51.2,S
2021-07-16T13:42:04,400.0,51.3,B
2021-07-16T13:42:04,1000.0,51.3,B
2021-07-16T13:42:04,5100.0,51.3,B
2021-07-16T13:41:55,200.0,51.3,B
2021-07-16T13:41:52,600.0,51.2,B
2021-07-16T13:41:41,2000.0,51.2,B
2021-07-16T13:41:31,400.0,51.2,B
2021-07-16T13:41:13,400.0,51.1,S
2021-07-16T13:40:39,100.0,51.2,S
2021-07-16T13:40:36,300.0,51.2,S
2021-07-16T13:40:35,800.0,51.2,S
2021-07-16T13:40:32,200.0,51.3,B
2021-07-16T13:40:29,1000.0,51.2,S
2021-07-16T13:40:21,400.0,51.3,B
2021-07-16T13:40:00,900.0,51.2,S
2021-07-16T13:39:59,1100.0,51.2,S
2021-07-16T13:39:38,500.0,51.2,S
2021-07-16T13:39:38,1000.0,51.2,S
2021-07-16T13:39:12,400.0,51.2,S
2021-07-16T13:38:47,1000.0,51.2,S
2021-07-16T13:38:28,300.0,51.2,S
2021-07-16T13:38:04,200.0,51.3,B
2021-07-16T13:37:23,200.0,51.3,B
2021-07-16T13:37:02,500.0,51.2,S
2021-07-16T13:37:02,100.0,51.2,S
2021-07-16T13:36:58,100.0,51.3,B
2021-07-16T13:36:41,500.0,51.3,S
2021-07-16T13:36:36,1600.0,51.3,B
2021-07-16T13:36:31,500.0,51.3,B
2021-07-16T13:36:27,100.0,51.3,S
2021-07-16T13:36:27,2800.0,51.3,S
2021-07-16T13:36:18,500.0,51.3,S
2021-07-16T13:35:36,200.0,51.4,B
2021-07-16T13:35:01,100.0,51.3,S
2021-07-16T13:34:51,500.0,51.3,S
2021-07-16T13:34:30,900.0,51.3,S
2021-07-16T13:34:19,300.0,51.3,S
2021-07-16T13:34:14,100.0,51.4,B
2021-07-16T13:34:10,400.0,51.4,S
2021-07-16T13:34:03,2000.0,51.4,B
2021-07-16T13:34:03,1500.0,51.4,B
2021-07-16T13:33:49,400.0,51.4,B
2021-07-16T13:33:36,100.0,51.4,B
2021-07-16T13:33:26,200.0,51.3,S
2021-07-16T13:33:26,1000.0,51.3,B
2021-07-16T13:33:13,100.0,51.3,B
2021-07-16T13:33:08,100.0,51.3,B
2021-07-16T13:32:52,200.0,51.3,B
2021-07-16T13:32:41,200.0,51.2,S
2021-07-16T13:32:41,300.0,51.2,S
2021-07-16T13:32:24,1100.0,51.2,S
2021-07-16T13:32:18,400.0,51.2,S
2021-07-16T13:31:43,1000.0,51.3,B
2021-07-16T13:31:43,1700.0,51.3,B
2021-07-16T13:31:43,1200.0,51.3,B
2021-07-16T13:31:37,100.0,51.3,B
2021-07-16T13:31:31,100.0,51.3,B
2021-07-16T13:30:37,100.0,51.3,B
2021-07-16T13:30:33,600.0,51.2,S
2021-07-16T13:30:24,100.0,51.3,B
2021-07-16T13:30:13,100.0,51.2,S
2021-07-16T13:30:13,1200.0,51.2,S
2021-07-16T13:30:11,500.0,51.2,S
2021-07-16T13:29:02,1400.0,51.3,S
2021-07-16T13:28:37,800.0,51.3,S
2021-07-16T13:28:30,400.0,51.3,S
2021-07-16T13:28:24,200.0,51.3,S
2021-07-16T13:28:22,200.0,51.3,B
2021-07-16T13:28:22,1000.0,51.3,B
2021-07-16T13:28:22,1000.0,51.3,B
2021-07-16T13:28:20,200.0,51.3,B
2021-07-16T13:28:12,100.0,51.3,B
2021-07-16T13:28:09,300.0,51.2,S
2021-07-16T13:28:04,1000.0,51.2,S
2021-07-16T13:27:14,400.0,51.3,B
2021-07-16T13:26:45,5000.0,51.3,B
2021-07-16T13:26:42,3800.0,51.3,S
2021-07-16T13:26:30,600.0,51.3,S
2021-07-16T13:26:21,2000.0,51.5,S
2021-07-16T13:26:07,500.0,51.5,S
2021-07-16T13:26:01,4100.0,51.5,S
2021-07-16T13:25:57,3600.0,51.4,S
2021-07-16T13:25:53,1500.0,51.4,S
2021-07-16T13:25:47,100.0,51.5,S
2021-07-16T13:25:43,100.0,51.6,B
2021-07-16T13:25:34,2000.0,51.5,S
2021-07-16T13:25:21,500.0,51.6,B
2021-07-16T13:25:06,100.0,51.5,S
2021-07-16T13:25:06,900.0,51.5,S
2021-07-16T13:24:58,1000.0,51.5,S
2021-07-16T13:24:49,400.0,51.6,B
2021-07-16T13:24:26,600.0,51.5,S
2021-07-16T13:24:10,500.0,51.6,S
2021-07-16T13:23:56,400.0,51.5,S
2021-07-16T13:23:49,200.0,51.7,B
2021-07-16T13:23:42,1100.0,51.5,S
2021-07-16T13:23:22,200.0,51.7,B
2021-07-16T13:23:22,1800.0,51.6,B
2021-07-16T13:23:14,100.0,51.6,B
2021-07-16T13:22:56,5000.0,51.6,B
2021-07-16T13:22:51,600.0,51.5,S
2021-07-16T13:22:17,400.0,51.5,S
2021-07-16T13:22:16,100.0,51.5,B
2021-07-16T13:21:51,300.0,51.5,S
2021-07-16T13:21:45,800.0,51.5,S
2021-07-16T13:21:44,300.0,51.6,B
2021-07-16T13:21:44,1300.0,51.6,B
2021-07-16T13:21:44,1000.0,51.6,B
2021-07-16T13:21:43,2400.0,51.6,B
2021-07-16T13:21:02,1300.0,51.5,B
2021-07-16T13:21:02,400.0,51.5,B
2021-07-16T13:21:02,2000.0,51.5,B
2021-07-16T13:21:02,1000.0,51.5,B
2021-07-16T13:21:02,5900.0,51.5,B
2021-07-16T13:21:02,1000.0,51.5,B
2021-07-16T13:21:02,700.0,51.5,B
2021-07-16T13:21:02,4600.0,51.5,B
2021-07-16T13:21:02,200.0,51.5,B
2021-07-16T13:21:02,300.0,51.5,B
2021-07-16T13:21:02,2300.0,51.5,B
2021-07-16T13:20:46,100.0,51.5,B
2021-07-16T13:20:41,400.0,51.5,B
2021-07-16T13:20:28,1000.0,51.5,B
2021-07-16T13:20:09,500.0,51.3,S
2021-07-16T13:19:49,300.0,51.3,B
2021-07-16T13:19:41,100.0,51.3,S
2021-07-16T13:19:34,1000.0,51.3,S
2021-07-16T13:19:30,100.0,51.4,B
2021-07-16T13:19:16,200.0,51.4,B
2021-07-16T13:19:16,3000.0,51.4,B
2021-07-16T13:19:15,100.0,51.4,B
2021-07-16T13:18:36,800.0,51.4,B
2021-07-16T13:18:36,100.0,51.4,B
2021-07-16T13:18:18,100.0,51.4,B
2021-07-16T13:18:02,400.0,51.2,S
2021-07-16T13:17:55,3000.0,51.4,B
2021-07-16T13:17:32,400.0,51.2,S
2021-07-16T13:17:29,900.0,51.2,S
2021-07-16T13:16:58,700.0,51.2,S
2021-07-16T13:16:58,1000.0,51.3,S
2021-07-16T13:16:58,1300.0,51.3,S
2021-07-16T13:16:24,1000.0,51.4,B
2021-07-16T13:16:23,2000.0,51.4,B
2021-07-16T13:15:59,100.0,51.4,S
2021-07-16T13:15:53,200.0,51.4,S
2021-07-16T13:15:49,600.0,51.4,S
2021-07-16T13:15:49,100.0,51.5,B
2021-07-16T13:15:46,100.0,51.4,S
2021-07-16T13:15:28,2000.0,51.4,B
2021-07-16T13:15:26,500.0,51.3,S
2021-07-16T13:15:23,1200.0,51.3,S
2021-07-16T13:15:23,1000.0,51.4,B
2021-07-16T13:15:18,100.0,51.4,S
2021-07-16T13:14:32,4100.0,51.4,B
2021-07-16T13:14:32,500.0,51.4,B
2021-07-16T13:14:32,100.0,51.4,B
2021-07-16T13:14:32,200.0,51.4,B
2021-07-16T13:14:32,100.0,51.4,B
2021-07-16T13:14:32,5000.0,51.4,B
2021-07-16T13:14:32,2100.0,51.3,B
2021-07-16T13:14:32,100.0,51.3,B
2021-07-16T13:14:32,1700.0,51.3,B
2021-07-16T13:14:13,1600.0,51.2,B
2021-07-16T13:14:12,15800.0,51.2,B
2021-07-16T13:14:12,100.0,51.2,B
2021-07-16T13:14:12,4200.0,51.2,B
2021-07-16T13:14:12,300.0,51.2,B
2021-07-16T13:14:08,300.0,51.2,B
2021-07-16T13:14:08,100.0,51.2,B
2021-07-16T13:13:40,400.0,51.1,S
2021-07-16T13:13:26,300.0,51.1,S
2021-07-16T13:13:22,900.0,51.1,S
2021-07-16T13:13:21,100.0,51.2,B
2021-07-16T13:13:18,400.0,51.1,S
2021-07-16T13:13:16,200.0,51.1,B
2021-07-16T13:13:04,200.0,51.1,B
2021-07-16T13:12:23,1000.0,51.0,S
2021-07-16T13:12:21,700.0,51.0,S
2021-07-16T13:12:20,1300.0,51.0,S
2021-07-16T13:11:59,500.0,51.0,S
2021-07-16T13:11:56,500.0,51.0,S
2021-07-16T13:11:35,400.0,51.0,S
2021-07-16T13:11:20,3500.0,51.0,S
2021-07-16T13:11:18,800.0,51.0,S
2021-07-16T13:11:14,300.0,51.0,S
2021-07-16T13:11:09,500.0,51.0,S
2021-07-16T13:10:56,2500.0,51.1,B
2021-07-16T13:10:53,100.0,51.1,B
2021-07-16T13:10:36,500.0,51.1,B
2021-07-16T13:10:36,2000.0,51.1,B
2021-07-16T13:10:36,1000.0,51.1,B
2021-07-16T13:09:25,1000.0,51.0,S
2021-07-16T13:09:23,300.0,51.0,S
2021-07-16T13:09:16,1000.0,51.0,B
2021-07-16T13:09:13,900.0,50.9,S
2021-07-16T13:08:53,500.0,51.0,S
2021-07-16T13:08:25,100.0,51.1,B
2021-07-16T13:07:43,300.0,51.0,S
2021-07-16T13:07:43,500.0,51.0,S
2021-07-16T13:07:34,400.0,51.1,B
2021-07-16T13:07:32,1600.0,51.0,S
2021-07-16T13:07:32,300.0,51.0,S
2021-07-16T13:07:32,1100.0,51.0,S
2021-07-16T13:07:29,100.0,51.0,S
2021-07-16T13:07:22,2400.0,51.0,S
2021-07-16T13:07:21,300.0,51.0,S
2021-07-16T13:07:14,2400.0,51.0,S
2021-07-16T13:07:09,600.0,51.0,S
2021-07-16T13:07:07,300.0,51.0,S
2021-07-16T13:07:07,400.0,51.0,S
2021-07-16T13:07:07,2000.0,51.0,S
2021-07-16T13:07:07,800.0,51.0,S
2021-07-16T13:07:02,200.0,51.0,S
2021-07-16T13:06:57,2000.0,51.1,B
2021-07-16T13:06:57,1000.0,51.1,B
2021-07-16T13:06:41,400.0,51.1,B
2021-07-16T13:06:03,2000.0,51.1,B
2021-07-16T13:05:56,100.0,51.1,B
2021-07-16T13:05:15,300.0,51.0,S
2021-07-16T13:04:59,600.0,51.0,S
2021-07-16T13:04:59,200.0,51.0,S
2021-07-16T13:04:57,2000.0,51.1,B
2021-07-16T13:03:40,1900.0,51.1,B
2021-07-16T13:03:31,2000.0,51.1,B
2021-07-16T13:03:28,100.0,51.1,B
2021-07-16T13:03:26,1000.0,51.1,B
2021-07-16T13:03:26,2000.0,51.0,S
2021-07-16T11:29:58,1000.0,51.2,S
2021-07-16T11:28:38,400.0,51.0,S
2021-07-16T11:28:38,1600.0,51.0,S
2021-07-16T11:28:33,100.0,51.0,S
2021-07-16T11:28:10,1800.0,51.1,S
2021-07-16T11:28:00,300.0,51.1,S
2021-07-16T11:27:15,200.0,51.1,S
2021-07-16T11:26:45,300.0,51.1,S
2021-07-16T11:25:56,2000.0,51.2,B
2021-07-16T11:25:56,100.0,51.1,S
2021-07-16T11:25:20,1400.0,51.1,B
2021-07-16T11:25:06,400.0,51.1,B
2021-07-16T11:25:06,300.0,51.1,S
2021-07-16T11:25:02,500.0,51.2,B
2021-07-16T11:25:02,600.0,51.2,B
2021-07-16T11:25:00,200.0,51.1,S
2021-07-16T11:24:42,300.0,51.1,S
2021-07-16T11:23:52,500.0,51.1,S
2021-07-16T11:23:13,1000.0,51.1,S
2021-07-16T11:23:05,200.0,51.1,S
2021-07-16T11:22:43,1000.0,51.1,S
2021-07-16T11:22:40,300.0,51.1,S
2021-07-16T11:22:31,1000.0,51.1,S
2021-07-16T11:22:08,300.0,51.1,S
2021-07-16T11:21:42,900.0,51.0,S
2021-07-16T11:21:40,100.0,51.0,S
2021-07-16T11:21:13,200.0,51.2,B
2021-07-16T11:20:59,300.0,51.0,S
2021-07-16T11:20:31,400.0,51.0,S
2021-07-16T11:20:25,500.0,51.2,B
2021-07-16T11:19:55,900.0,51.1,S
2021-07-16T11:19:55,500.0,51.1,S
2021-07-16T11:19:55,1600.0,51.1,S
2021-07-16T11:19:55,600.0,51.1,S
2021-07-16T11:19:33,100.0,51.1,S
2021-07-16T11:19:33,800.0,51.1,S
2021-07-16T11:18:51,300.0,51.1,S
2021-07-16T11:18:24,300.0,51.1,S
2021-07-16T11:17:45,1000.0,51.1,S
2021-07-16T11:17:27,600.0,51.1,S
2021-07-16T11:17:26,200.0,51.2,B
2021-07-16T11:17:07,300.0,51.2,B
2021-07-16T11:16:49,200.0,51.1,S
2021-07-16T11:16:17,300.0,51.1,S
2021-07-16T11:15:16,900.0,51.1,S
2021-07-16T11:14:40,1800.0,51.2,S
2021-07-16T11:14:40,400.0,51.1,S
2021-07-16T11:14:15,500.0,51.1,S
2021-07-16T11:13:50,1000.0,51.2,B
2021-07-16T11:13:43,100.0,51.1,S
2021-07-16T11:13:39,200.0,51.2,B
2021-07-16T11:13:16,900.0,51.1,S
2021-07-16T11:12:34,300.0,51.1,S
2021-07-16T11:12:31,500.0,51.1,S
2021-07-16T11:12:31,500.0,51.1,S
2021-07-16T11:12:27,1000.0,51.2,B
2021-07-16T11:12:26,600.0,51.2,B
2021-07-16T11:12:13,300.0,51.1,S
2021-07-16T11:11:57,1000.0,51.2,B
2021-07-16T11:11:19,200.0,51.1,S
2021-07-16T11:11:12,600.0,51.1,S
2021-07-16T11:10:47,1000.0,51.2,S
2021-07-16T11:10:24,300.0,51.1,S
2021-07-16T11:10:19,200.0,51.2,S
2021-07-16T11:10:10,200.0,51.2,B
2021-07-16T11:10:09,1000.0,51.2,S
2021-07-16T11:09:50,200.0,51.3,B
2021-07-16T11:09:28,200.0,51.2,S
2021-07-16T11:09:12,300.0,51.2,B
2021-07-16T11:09:04,100.0,51.2,B
2021-07-16T11:09:04,500.0,51.2,S
2021-07-16T11:08:52,700.0,51.3,B
2021-07-16T11:08:51,1100.0,51.3,B
2021-07-16T11:08:51,3200.0,51.3,B
2021-07-16T11:08:43,1000.0,51.2,S
2021-07-16T11:08:27,1000.0,51.2,S
2021-07-16T11:08:11,400.0,51.2,S
2021-07-16T11:08:08,400.0,51.2,S
2021-07-16T11:06:58,900.0,51.2,S
2021-07-16T11:06:18,9800.0,51.2,B
2021-07-16T11:06:15,1000.0,51.1,S
2021-07-16T11:06:10,100.0,51.2,B
2021-07-16T11:06:05,400.0,51.1,S
2021-07-16T11:06:03,200.0,51.2,B
2021-07-16T11:05:58,500.0,51.1,S
2021-07-16T11:05:55,100.0,51.2,B
2021-07-16T11:05:39,700.0,51.1,S
2021-07-16T11:04:52,700.0,51.0,S
2021-07-16T11:04:46,2600.0,51.1,B
2021-07-16T11:04:34,200.0,51.1,B
2021-07-16T11:04:01,200.0,51.0,S
2021-07-16T11:03:50,300.0,51.0,S
2021-07-16T11:03:14,100.0,51.1,B
2021-07-16T11:02:46,600.0,51.0,S
2021-07-16T11:02:29,1000.0,51.1,B
2021-07-16T11:02:21,200.0,51.1,B
2021-07-16T11:02:15,200.0,51.1,B
2021-07-16T11:02:11,100.0,51.1,B
2021-07-16T11:01:52,300.0,51.0,S
2021-07-16T11:01:50,500.0,51.0,S
2021-07-16T11:01:48,300.0,51.0,S
2021-07-16T11:01:15,300.0,51.1,B
2021-07-16T11:00:57,200.0,51.1,B
2021-07-16T11:00:57,800.0,51.1,B
2021-07-16T11:00:46,200.0,51.1,B
2021-07-16T11:00:37,600.0,51.0,S
2021-07-16T10:59:51,100.0,51.1,B
2021-07-16T10:59:50,600.0,51.1,B
2021-07-16T10:59:45,200.0,51.0,S
2021-07-16T10:59:43,200.0,51.0,S
2021-07-16T10:59:43,100.0,51.0,S
2021-07-16T10:59:35,1300.0,51.1,B
2021-07-16T10:59:10,500.0,51.0,B
2021-07-16T10:58:59,5000.0,51.0,B
2021-07-16T10:58:46,500.0,51.0,B
2021-07-16T10:58:34,600.0,51.0,B
2021-07-16T10:58:31,1000.0,51.0,B
2021-07-16T10:58:27,200.0,51.0,B
2021-07-16T10:58:24,600.0,50.9,S
2021-07-16T10:58:22,7000.0,51.0,B
2021-07-16T10:57:48,100.0,50.9,S
2021-07-16T10:57:37,300.0,50.9,S
2021-07-16T10:57:36,200.0,50.9,S
2021-07-16T10:56:52,100.0,50.9,S
2021-07-16T10:56:52,600.0,50.9,S
2021-07-16T10:56:48,4000.0,50.9,S
2021-07-16T10:56:43,300.0,50.9,S
2021-07-16T10:56:33,300.0,51.0,B
2021-07-16T10:56:32,100.0,51.0,S
2021-07-16T10:56:32,5000.0,51.0,S
2021-07-16T10:56:30,2500.0,51.0,S
2021-07-16T10:56:30,4200.0,51.0,S
2021-07-16T10:56:27,2300.0,51.0,S
2021-07-16T10:56:27,1100.0,51.0,S
2021-07-16T10:56:27,500.0,51.0,S
2021-07-16T10:56:27,2400.0,51.0,S
2021-07-16T10:56:23,14900.0,51.0,S
2021-07-16T10:56:23,500.0,51.0,S
2021-07-16T10:56:23,800.0,51.0,S
2021-07-16T10:56:23,3800.0,51.0,S
2021-07-16T10:56:21,3000.0,51.0,S
2021-07-16T10:56:15,1000.0,51.0,S
2021-07-16T10:56:12,500.0,51.0,S
2021-07-16T10:55:57,8100.0,51.0,S
2021-07-16T10:55:57,10200.0,51.1,S
2021-07-16T10:55:57,500.0,51.1,S
2021-07-16T10:55:57,4700.0,51.1,S
2021-07-16T10:55:57,1700.0,51.1,S
2021-07-16T10:55:49,2500.0,51.1,S
2021-07-16T10:55:39,200.0,51.1,S
2021-07-16T10:55:35,400.0,51.1,S
2021-07-16T10:55:35,500.0,51.1,S
2021-07-16T10:55:24,2000.0,51.1,S
2021-07-16T10:55:24,200.0,51.2,B
2021-07-16T10:55:18,700.0,51.2,B
2021-07-16T10:55:16,400.0,51.2,S
2021-07-16T10:55:16,3600.0,51.2,S
2021-07-16T10:55:10,7100.0,51.3,B
2021-07-16T10:55:10,900.0,51.3,B
2021-07-16T10:55:03,1000.0,51.2,S
2021-07-16T10:54:58,1000.0,51.2,S
2021-07-16T10:54:56,100.0,51.2,S
2021-07-16T10:54:44,1000.0,51.2,S
2021-07-16T10:54:41,200.0,51.3,B
2021-07-16T10:54:19,500.0,51.2,S
2021-07-16T10:54:10,800.0,51.2,S
2021-07-16T10:53:47,300.0,51.2,S
2021-07-16T10:53:30,500.0,51.2,S
2021-07-16T10:53:27,400.0,51.2,S
2021-07-16T10:53:22,300.0,51.3,B
2021-07-16T10:53:16,400.0,51.2,S
2021-07-16T10:53:16,500.0,51.2,S
2021-07-16T10:53:16,1100.0,51.2,S
2021-07-16T10:52:56,400.0,51.2,S
2021-07-16T10:52:56,100.0,51.2,S
2021-07-16T10:52:56,2500.0,51.2,S
2021-07-16T10:52:42,2000.0,51.2,S
2021-07-16T10:52:40,100.0,51.3,B
2021-07-16T10:52:25,500.0,51.2,S
2021-07-16T10:52:09,1300.0,51.2,S
2021-07-16T10:51:58,100.0,51.3,B
2021-07-16T10:51:43,200.0,51.2,S
2021-07-16T10:51:19,600.0,51.2,S
2021-07-16T10:51:16,400.0,51.2,S
2021-07-16T10:50:52,200.0,51.3,B
2021-07-16T10:50:52,1000.0,51.2,S
2021-07-16T10:50:07,900.0,51.2,S
2021-07-16T10:50:04,900.0,51.2,S
2021-07-16T10:50:04,100.0,51.2,S
2021-07-16T10:50:04,4000.0,51.2,S
2021-07-16T10:49:18,400.0,51.2,S
2021-07-16T10:49:07,300.0,51.2,S
2021-07-16T10:49:04,1000.0,51.3,B
2021-07-16T10:48:42,2000.0,51.2,S
2021-07-16T10:48:04,900.0,51.2,S
2021-07-16T10:47:29,100.0,51.3,B
2021-07-16T10:47:15,600.0,51.3,B
2021-07-16T10:47:09,500.0,51.2,S
2021-07-16T10:47:04,200.0,51.3,B
2021-07-16T10:47:00,400.0,51.2,S
2021-07-16T10:46:49,100.0,51.3,B
2021-07-16T10:46:24,200.0,51.3,B
2021-07-16T10:46:17,400.0,51.3,S
2021-07-16T10:46:15,300.0,51.3,S
2021-07-16T10:46:15,200.0,51.3,S
2021-07-16T10:46:05,800.0,51.3,S
2021-07-16T10:46:05,100.0,51.3,S
2021-07-16T10:46:05,2100.0,51.3,S
2021-07-16T10:46:00,6100.0,51.3,S
2021-07-16T10:46:00,600.0,51.3,S
2021-07-16T10:46:00,3300.0,51.3,S
2021-07-16T10:45:56,1000.0,51.3,S
2021-07-16T10:45:53,100.0,51.4,B
2021-07-16T10:45:27,300.0,51.4,B
2021-07-16T10:45:19,500.0,51.4,B
2021-07-16T10:45:19,1700.0,51.4,B
2021-07-16T10:45:03,2000.0,51.3,S
2021-07-16T10:45:00,400.0,51.3,S
2021-07-16T10:44:56,300.0,51.3,S
2021-07-16T10:44:41,100.0,51.4,B
2021-07-16T10:44:37,100.0,51.3,S
2021-07-16T10:44:22,200.0,51.3,S
2021-07-16T10:44:20,100.0,51.3,S
2021-07-16T10:44:09,900.0,51.3,S
2021-07-16T10:44:09,100.0,51.3,S
2021-07-16T10:43:55,400.0,51.4,B
2021-07-16T10:43:53,800.0,51.3,S
2021-07-16T10:43:45,400.0,51.4,B
2021-07-16T10:43:18,200.0,51.4,B
2021-07-16T10:43:02,300.0,51.4,B
2021-07-16T10:42:51,300.0,51.3,S
2021-07-16T10:42:49,400.0,51.3,S
2021-07-16T10:42:32,1300.0,51.4,B
2021-07-16T10:42:30,300.0,51.4,S
2021-07-16T10:42:30,300.0,51.4,S
2021-07-16T10:42:28,2000.0,51.4,S
2021-07-16T10:42:24,1000.0,51.4,S
2021-07-16T10:42:21,1000.0,51.4,S
2021-07-16T10:41:59,100.0,51.4,S
2021-07-16T10:41:55,100.0,51.5,B
2021-07-16T10:41:49,200.0,51.5,B
2021-07-16T10:41:44,900.0,51.4,S
2021-07-16T10:41:27,100.0,51.4,S
2021-07-16T10:41:11,500.0,51.5,B
2021-07-16T10:40:45,300.0,51.4,S
2021-07-16T10:40:41,200.0,51.4,S
2021-07-16T10:40:40,400.0,51.4,S
2021-07-16T10:40:16,200.0,51.4,S
2021-07-16T10:39:42,600.0,51.4,S
2021-07-16T10:39:29,200.0,51.5,B
2021-07-16T10:38:41,300.0,51.3,S
2021-07-16T10:38:30,300.0,51.3,S
2021-07-16T10:37:52,200.0,51.5,B
2021-07-16T10:37:37,700.0,51.3,S
2021-07-16T10:37:35,200.0,51.5,B
2021-07-16T10:37:33,100.0,51.5,B
2021-07-16T10:37:33,300.0,51.5,B
2021-07-16T10:36:45,100.0,51.5,B
2021-07-16T10:36:30,100.0,51.3,S
2021-07-16T10:36:30,200.0,51.3,S
2021-07-16T10:36:20,400.0,51.3,S
2021-07-16T10:35:42,200.0,51.5,B
2021-07-16T10:35:35,100.0,51.3,B
2021-07-16T10:35:33,700.0,51.3,S
2021-07-16T10:34:49,700.0,51.5,B
2021-07-16T10:34:49,100.0,51.5,B
2021-07-16T10:34:40,600.0,51.5,B
2021-07-16T10:34:37,100.0,51.3,B
2021-07-16T10:34:37,100.0,51.3,B
2021-07-16T10:34:17,100.0,51.2,S
2021-07-16T10:34:17,300.0,51.2,S
2021-07-16T10:34:15,500.0,51.2,S
2021-07-16T10:33:40,200.0,51.3,B
2021-07-16T10:33:24,700.0,51.3,S
2021-07-16T10:33:17,2400.0,51.3,B
2021-07-16T10:33:17,6900.0,51.3,B
2021-07-16T10:33:08,300.0,51.3,B
2021-07-16T10:32:45,100.0,51.3,B
2021-07-16T10:32:45,1000.0,51.2,S
2021-07-16T10:32:16,300.0,51.2,S
2021-07-16T10:32:14,2600.0,51.3,B
2021-07-16T10:32:10,400.0,51.2,S
2021-07-16T10:31:59,300.0,51.3,B
2021-07-16T10:31:54,200.0,51.3,B
2021-07-16T10:31:53,100.0,51.3,B
2021-07-16T10:31:43,500.0,51.3,B
2021-07-16T10:31:41,100.0,51.3,B
2021-07-16T10:31:20,1100.0,51.1,S
2021-07-16T10:31:13,1000.0,51.3,B
2021-07-16T10:31:13,4600.0,51.2,S
2021-07-16T10:31:09,1500.0,51.2,S
2021-07-16T10:31:07,200.0,51.3,B
2021-07-16T10:31:01,1000.0,51.3,B
2021-07-16T10:30:51,1000.0,51.2,S
2021-07-16T10:30:18,100.0,51.3,B
2021-07-16T10:30:08,500.0,51.2,S
2021-07-16T10:30:07,600.0,51.2,S
2021-07-16T10:29:51,600.0,51.3,B
2021-07-16T10:29:46,2500.0,51.3,B
2021-07-16T10:29:40,500.0,51.2,S
2021-07-16T10:29:38,300.0,51.3,S
2021-07-16T10:29:38,1500.0,51.3,S
2021-07-16T10:29:38,2100.0,51.3,S
2021-07-16T10:29:37,300.0,51.5,B
2021-07-16T10:29:25,500.0,51.4,S
2021-07-16T10:29:09,3000.0,51.5,S
2021-07-16T10:29:09,1400.0,51.5,S
2021-07-16T10:29:09,100.0,51.5,S
2021-07-16T10:28:36,900.0,51.6,B
2021-07-16T10:28:09,200.0,51.5,S
2021-07-16T10:28:05,200.0,51.7,B
2021-07-16T10:28:05,600.0,51.5,S
2021-07-16T10:28:04,300.0,51.5,S
2021-07-16T10:27:59,400.0,51.5,S
2021-07-16T10:27:59,1000.0,51.5,S
2021-07-16T10:27:51,400.0,51.5,S
2021-07-16T10:27:51,100.0,51.5,S
2021-07-16T10:27:51,500.0,51.5,S
2021-07-16T10:27:41,900.0,51.5,S
2021-07-16T10:27:36,100.0,51.5,S
2021-07-16T10:27:05,1000.0,51.5,S
2021-07-16T10:26:44,500.0,51.5,B
2021-07-16T10:26:36,100.0,51.4,S
2021-07-16T10:26:30,500.0,51.5,B
2021-07-16T10:26:30,2000.0,51.5,B
2021-07-16T10:26:24,400.0,51.5,B
2021-07-16T10:26:19,200.0,51.5,B
2021-07-16T10:26:18,400.0,51.5,B
2021-07-16T10:26:06,1000.0,51.5,S
2021-07-16T10:26:06,100.0,51.5,S
2021-07-16T10:26:06,7200.0,51.5,S
2021-07-16T10:26:06,100.0,51.6,S
2021-07-16T10:26:06,900.0,51.6,S
2021-07-16T10:26:06,3900.0,51.6,S
2021-07-16T10:26:06,2800.0,51.7,S
2021-07-16T10:26:03,600.0,51.8,B
2021-07-16T10:26:02,300.0,51.7,S
2021-07-16T10:25:56,400.0,51.7,S
2021-07-16T10:25:41,200.0,51.8,B
2021-07-16T10:25:37,100.0,51.7,S
2021-07-16T10:25:34,500.0,51.7,S
2021-07-16T10:25:27,1400.0,51.7,S
2021-07-16T10:25:21,200.0,51.7,S
2021-07-16T10:25:19,1400.0,51.7,B
2021-07-16T10:25:00,800.0,51.6,S
2021-07-16T10:24:58,100.0,51.6,S
2021-07-16T10:24:56,1900.0,51.7,B
2021-07-16T10:24:54,100.0,51.6,S
2021-07-16T10:24:38,1000.0,51.6,S
2021-07-16T10:24:29,500.0,51.6,B
2021-07-16T10:24:21,6800.0,51.6,S
2021-07-16T10:24:21,7700.0,51.6,S
2021-07-16T10:24:19,200.0,51.8,B
2021-07-16T10:24:18,500.0,51.8,B
2021-07-16T10:24:09,100.0,51.8,B
2021-07-16T10:24:05,100.0,51.8,B
2021-07-16T10:24:01,1500.0,51.8,B
2021-07-16T10:23:58,100.0,51.7,S
2021-07-16T10:23:55,400.0,51.7,S
2021-07-16T10:23:45,500.0,51.7,S
2021-07-16T10:23:34,100.0,51.7,B
2021-07-16T10:23:34,200.0,51.7,B
2021-07-16T10:23:31,100.0,51.7,B
2021-07-16T10:23:22,1700.0,51.7,B
2021-07-16T10:23:10,200.0,51.8,B
2021-07-16T10:23:09,100.0,51.8,B
2021-07-16T10:23:06,500.0,51.6,S
2021-07-16T10:23:04,2000.0,51.7,S
2021-07-16T10:22:56,1000.0,51.6,S
2021-07-16T10:22:41,500.0,51.7,S
2021-07-16T10:22:39,900.0,51.8,B
2021-07-16T10:22:35,600.0,51.8,B
2021-07-16T10:22:29,300.0,51.8,B
2021-07-16T10:22:26,200.0,51.8,B
2021-07-16T10:22:17,100.0,51.8,B
2021-07-16T10:22:10,200.0,51.6,S
2021-07-16T10:22:09,600.0,51.8,B
2021-07-16T10:22:04,600.0,51.8,B
2021-07-16T10:22:00,200.0,51.8,S
2021-07-16T10:21:54,200.0,51.8,S
2021-07-16T10:21:50,100.0,51.9,B
2021-07-16T10:21:50,200.0,51.8,S
2021-07-16T10:21:43,200.0,51.8,B
2021-07-16T10:21:39,200.0,51.7,S
2021-07-16T10:21:36,2300.0,51.9,B
2021-07-16T10:21:36,1000.0,51.8,B
2021-07-16T10:21:36,6700.0,51.8,B
2021-07-16T10:21:35,300.0,51.7,S
2021-07-16T10:21:34,2800.0,51.7,B
2021-07-16T10:21:16,200.0,51.5,S
2021-07-16T10:21:16,4800.0,51.5,S
2021-07-16T10:21:04,500.0,51.7,B
2021-07-16T10:20:59,100.0,51.7,B
2021-07-16T10:20:49,900.0,51.5,S
2021-07-16T10:20:46,100.0,51.7,B
2021-07-16T10:20:46,3900.0,51.7,B
2021-07-16T10:20:40,2000.0,51.6,B
2021-07-16T10:20:30,5400.0,51.5,B
2021-07-16T10:20:30,1700.0,51.5,B
2021-07-16T10:20:25,4000.0,51.5,B
2021-07-16T10:20:25,3100.0,51.5,B
2021-07-16T10:20:25,1000.0,51.5,B
2021-07-16T10:20:25,1900.0,51.5,B
2021-07-16T10:20:25,1000.0,51.5,B
2021-07-16T10:20:25,3900.0,51.5,B
2021-07-16T10:20:25,100.0,51.5,B
2021-07-16T10:20:21,500.0,51.5,B
2021-07-16T10:20:14,500.0,51.4,S
2021-07-16T10:20:06,100.0,51.4,S
2021-07-16T10:20:06,4700.0,51.5,B
2021-07-16T10:20:06,700.0,51.4,S
2021-07-16T10:19:43,400.0,51.4,S
2021-07-16T10:19:41,300.0,51.4,S
2021-07-16T10:19:34,400.0,51.3,S
2021-07-16T10:19:25,400.0,51.4,B
2021-07-16T10:19:12,100.0,51.4,B
2021-07-16T10:18:54,1100.0,51.4,B
2021-07-16T10:18:54,2100.0,51.4,B
2021-07-16T10:18:54,6800.0,51.3,B
2021-07-16T10:18:54,600.0,51.3,B
2021-07-16T10:18:54,3900.0,51.3,B
2021-07-16T10:18:54,10500.0,51.3,B
2021-07-16T10:18:50,1000.0,51.3,B
2021-07-16T10:18:50,600.0,51.2,S
2021-07-16T10:18:44,8600.0,51.2,B
2021-07-16T10:18:40,900.0,51.2,B
2021-07-16T10:18:40,400.0,51.2,B
2021-07-16T10:18:40,100.0,51.2,B
2021-07-16T10:18:39,2300.0,51.2,B
2021-07-16T10:18:39,300.0,51.2,B
2021-07-16T10:18:39,400.0,51.2,B
2021-07-16T10:18:39,8300.0,51.2,B
2021-07-16T10:18:39,100.0,51.2,B
2021-07-16T10:18:39,7200.0,51.2,B
2021-07-16T10:18:28,1000.0,51.1,S
2021-07-16T10:18:07,300.0,51.2,B
2021-07-16T10:17:48,3000.0,51.1,B
2021-07-16T10:17:48,2000.0,51.1,B
2021-07-16T10:17:43,7900.0,51.1,B
2021-07-16T10:17:37,200.0,51.0,S
2021-07-16T10:17:29,300.0,51.0,S
2021-07-16T10:17:17,1600.0,51.0,B
2021-07-16T10:17:15,1400.0,51.0,B
2021-07-16T10:17:12,100.0,51.0,B
2021-07-16T10:17:08,2500.0,51.0,B
2021-07-16T10:17:08,100.0,51.0,B
2021-07-16T10:17:08,1000.0,51.0,B
2021-07-16T10:17:08,100.0,51.0,B
2021-07-16T10:17:08,3100.0,51.0,B
2021-07-16T10:17:05,2900.0,51.0,B
2021-07-16T10:17:05,100.0,51.0,B
2021-07-16T10:17:05,400.0,51.0,B
2021-07-16T10:17:05,400.0,51.0,B
2021-07-16T10:17:05,100.0,51.0,B
2021-07-16T10:17:05,2900.0,51.0,B
2021-07-16T10:16:43,200.0,51.0,B
2021-07-16T10:16:41,800.0,50.9,S
2021-07-16T10:16:39,2700.0,50.9,B
2021-07-16T10:16:24,1500.0,50.9,B
2021-07-16T10:16:22,2800.0,50.9,B
2021-07-16T10:16:22,4000.0,50.9,B
2021-07-16T10:16:08,200.0,50.8,S
2021-07-16T10:15:32,300.0,50.8,S
2021-07-16T10:15:24,400.0,50.8,S
2021-07-16T10:15:17,1000.0,50.9,B
2021-07-16T10:15:11,300.0,50.8,S
2021-07-16T10:15:07,2700.0,50.8,B
2021-07-16T10:14:56,300.0,50.8,B
2021-07-16T10:14:56,700.0,50.8,B
2021-07-16T10:14:51,300.0,50.7,S
2021-07-16T10:14:51,100.0,50.7,S
2021-07-16T10:14:38,900.0,50.7,S
2021-07-16T10:14:22,100.0,50.8,B
2021-07-16T10:14:17,500.0,50.8,B
2021-07-16T10:14:08,1000.0,50.8,B
2021-07-16T10:13:58,5500.0,50.8,B
2021-07-16T10:13:56,100.0,50.8,S
2021-07-16T10:13:56,3100.0,50.8,S
2021-07-16T10:13:53,1600.0,50.8,S
2021-07-16T10:13:47,300.0,50.9,B
2021-07-16T10:13:30,400.0,50.8,S
2021-07-16T10:13:17,400.0,50.8,S
2021-07-16T10:13:11,1000.0,50.8,S
2021-07-16T10:12:57,200.0,50.9,B
2021-07-16T10:12:37,1900.0,50.9,B
2021-07-16T10:12:37,100.0,50.8,B
2021-07-16T10:12:34,100.0,50.8,B
2021-07-16T10:12:32,300.0,50.7,S
2021-07-16T10:12:31,500.0,50.7,S
2021-07-16T10:12:03,5500.0,50.8,B
2021-07-16T10:11:44,600.0,50.7,S
2021-07-16T10:11:44,600.0,50.7,S
2021-07-16T10:11:44,4200.0,50.7,S
2021-07-16T10:11:40,2000.0,50.8,B
2021-07-16T10:11:25,100.0,50.7,S
2021-07-16T10:11:25,200.0,50.7,S
2021-07-16T10:11:18,200.0,50.8,B
2021-07-16T10:11:14,300.0,50.7,S
2021-07-16T10:11:10,6600.0,50.8,B
2021-07-16T10:10:20,700.0,50.7,S
2021-07-16T10:10:14,500.0,50.8,B
2021-07-16T10:10:12,100.0,50.8,B
2021-07-16T10:09:56,9300.0,50.8,S
2021-07-16T10:09:31,1500.0,50.8,S
2021-07-16T10:09:28,100.0,50.9,B
2021-07-16T10:09:26,2000.0,50.9,B
2021-07-16T10:09:19,1000.0,50.8,S
2021-07-16T10:09:18,200.0,50.8,S
2021-07-16T10:09:16,3900.0,50.9,B
2021-07-16T10:09:12,300.0,50.8,S
2021-07-16T10:09:10,4000.0,50.9,S
2021-07-16T10:09:09,100.0,51.0,B
2021-07-16T10:09:09,100.0,51.0,B
2021-07-16T10:09:03,2000.0,50.9,B
2021-07-16T10:08:53,3900.0,50.9,B
2021-07-16T10:08:50,10000.0,50.8,S
2021-07-16T10:08:37,5500.0,50.9,B
2021-07-16T10:08:30,500.0,50.9,B
2021-07-16T10:08:29,100.0,50.9,S
2021-07-16T10:08:24,1500.0,50.8,S
2021-07-16T10:08:10,600.0,50.9,S
2021-07-16T10:07:56,100.0,51.0,B
2021-07-16T10:07:33,4000.0,50.9,B
2021-07-16T10:07:17,300.0,50.8,S
2021-07-16T10:07:08,400.0,50.8,S
2021-07-16T10:07:04,900.0,50.9,B
2021-07-16T10:06:41,1100.0,50.9,B
2021-07-16T10:06:41,900.0,50.9,B
2021-07-16T10:06:08,1000.0,50.9,B
2021-07-16T10:06:00,900.0,50.8,S
2021-07-16T10:05:51,200.0,50.9,B
2021-07-16T10:05:41,400.0,50.9,B
2021-07-16T10:05:41,1600.0,50.9,B
2021-07-16T10:05:20,100.0,50.9,B
2021-07-16T10:05:06,300.0,50.8,S
2021-07-16T10:05:03,400.0,50.8,S
2021-07-16T10:04:33,100.0,50.9,B
2021-07-16T10:04:25,100.0,50.8,B
2021-07-16T10:04:14,500.0,50.8,S
2021-07-16T10:04:14,1000.0,50.8,S
2021-07-16T10:04:14,4300.0,50.8,S
2021-07-16T10:04:14,4100.0,50.8,S
2021-07-16T10:04:04,4000.0,50.9,B
2021-07-16T10:03:59,100.0,50.8,S
2021-07-16T10:03:59,200.0,50.8,S
2021-07-16T10:03:59,700.0,50.8,S
2021-07-16T10:03:56,1000.0,50.8,S
2021-07-16T10:03:21,100.0,50.9,B
2021-07-16T10:03:05,300.0,50.8,S
2021-07-16T10:03:00,400.0,50.8,S
2021-07-16T10:02:44,100.0,50.9,B
2021-07-16T10:02:37,100.0,50.9,B
2021-07-16T10:02:02,3000.0,50.9,B
2021-07-16T10:01:46,2900.0,50.9,B
2021-07-16T10:01:46,100.0,50.9,B
2021-07-16T10:01:44,1000.0,50.8,S
2021-07-16T10:01:34,2000.0,50.8,S
2021-07-16T10:01:34,100.0,50.9,B
2021-07-16T10:01:14,100.0,50.8,S
2021-07-16T10:00:53,200.0,50.9,S
2021-07-16T10:00:53,300.0,50.9,S
2021-07-16T10:00:53,100.0,50.9,S
2021-07-16T10:00:20,100.0,50.9,S
2021-07-16T10:00:13,600.0,51.0,B
2021-07-16T10:00:01,300.0,50.9,B
2021-07-16T10:00:01,3500.0,50.9,B
2021-07-16T09:59:49,1600.0,50.9,S
2021-07-16T09:59:32,700.0,50.9,S
2021-07-16T09:59:12,100.0,50.9,S
2021-07-16T09:58:52,100.0,51.0,B
2021-07-16T09:58:50,300.0,50.9,S
2021-07-16T09:58:49,300.0,50.9,S
2021-07-16T09:58:28,1000.0,51.0,B
2021-07-16T09:58:24,200.0,50.9,S
2021-07-16T09:58:24,1000.0,50.9,B
2021-07-16T09:57:58,200.0,51.0,B
2021-07-16T09:57:50,5000.0,50.8,S
2021-07-16T09:57:45,100.0,51.0,B
2021-07-16T09:57:38,1000.0,50.9,B
2021-07-16T09:57:37,3000.0,50.9,B
2021-07-16T09:57:24,800.0,50.8,S
2021-07-16T09:56:53,300.0,50.9,B
2021-07-16T09:56:53,300.0,50.9,B
2021-07-16T09:56:43,300.0,50.8,S
2021-07-16T09:56:43,100.0,50.9,B
2021-07-16T09:56:38,400.0,50.8,S
2021-07-16T09:56:31,600.0,50.9,S
2021-07-16T09:56:27,200.0,50.9,S
2021-07-16T09:56:22,600.0,50.9,S
2021-07-16T09:56:18,300.0,50.9,S
2021-07-16T09:56:16,100.0,50.9,S
2021-07-16T09:56:07,5000.0,50.9,S
2021-07-16T09:55:56,500.0,50.9,S
2021-07-16T09:55:43,900.0,51.0,B
2021-07-16T09:55:43,2900.0,51.0,B
2021-07-16T09:55:43,1200.0,51.0,B
2021-07-16T09:55:29,100.0,50.9,S
2021-07-16T09:55:26,200.0,50.9,S
2021-07-16T09:55:13,1000.0,50.9,S
2021-07-16T09:55:01,200.0,50.9,S
2021-07-16T09:54:51,200.0,50.9,S
2021-07-16T09:54:48,1800.0,51.0,B
2021-07-16T09:54:37,300.0,50.9,S
2021-07-16T09:54:33,300.0,50.9,S
2021-07-16T09:54:33,100.0,50.9,S
2021-07-16T09:54:32,2000.0,51.0,B
2021-07-16T09:54:24,100.0,51.0,B
2021-07-16T09:54:13,100.0,51.0,B
2021-07-16T09:53:59,800.0,51.0,S
2021-07-16T09:53:58,100.0,51.1,B
2021-07-16T09:53:46,500.0,51.0,B
2021-07-16T09:53:46,400.0,51.0,B
2021-07-16T09:53:46,8300.0,51.0,B
2021-07-16T09:53:34,1500.0,51.0,B
2021-07-16T09:53:34,2300.0,51.0,B
2021-07-16T09:53:34,1000.0,51.0,B
2021-07-16T09:53:34,13400.0,51.0,B
2021-07-16T09:53:34,200.0,51.0,B
2021-07-16T09:53:34,3000.0,51.0,B
2021-07-16T09:53:34,600.0,51.0,B
2021-07-16T09:53:07,600.0,50.9,S
2021-07-16T09:52:46,2000.0,50.9,S
2021-07-16T09:52:37,200.0,50.9,S
2021-07-16T09:52:29,300.0,50.9,S
2021-07-16T09:52:24,1000.0,51.0,B
2021-07-16T09:52:00,1900.0,50.9,B
2021-07-16T09:51:59,3200.0,50.9,B
2021-07-16T09:51:59,2000.0,50.9,B
2021-07-16T09:51:59,8800.0,50.9,B
2021-07-16T09:51:16,1000.0,50.8,S
2021-07-16T09:51:08,200.0,50.9,B
2021-07-16T09:51:06,5000.0,50.9,B
2021-07-16T09:50:55,700.0,50.8,S
2021-07-16T09:50:31,200.0,50.8,B
2021-07-16T09:50:29,300.0,50.7,S
2021-07-16T09:50:27,100.0,50.8,B
2021-07-16T09:50:25,200.0,50.8,B
2021-07-16T09:50:18,300.0,50.8,S
2021-07-16T09:50:10,100.0,50.9,B
2021-07-16T09:50:04,200.0,50.9,B
2021-07-16T09:49:55,100.0,50.9,B
2021-07-16T09:49:36,2000.0,50.8,S
2021-07-16T09:49:28,600.0,50.8,S
2021-07-16T09:48:53,700.0,50.8,S
2021-07-16T09:48:51,2000.0,50.8,S
2021-07-16T09:48:22,300.0,50.8,S
2021-07-16T09:48:22,300.0,50.8,S
2021-07-16T09:48:07,300.0,50.8,S
2021-07-16T09:48:03,800.0,50.8,S
2021-07-16T09:47:30,500.0,50.8,S
2021-07-16T09:46:46,700.0,50.8,S
2021-07-16T09:46:23,100.0,50.9,B
2021-07-16T09:46:22,800.0,50.8,S
2021-07-16T09:46:21,200.0,50.8,S
2021-07-16T09:46:09,300.0,50.9,B
2021-07-16T09:46:05,300.0,50.8,S
2021-07-16T09:46:01,1000.0,50.9,B
2021-07-16T09:45:28,100.0,50.9,B
2021-07-16T09:45:25,100.0,50.9,B
2021-07-16T09:45:00,400.0,50.9,B
2021-07-16T09:44:51,100.0,50.8,S
2021-07-16T09:44:51,300.0,50.8,S
2021-07-16T09:44:34,900.0,50.8,S
2021-07-16T09:44:19,300.0,50.8,S
2021-07-16T09:44:18,600.0,50.9,B
2021-07-16T09:44:09,800.0,50.8,S
2021-07-16T09:43:55,500.0,50.8,S
2021-07-16T09:43:52,200.0,50.9,B
2021-07-16T09:43:46,200.0,50.9,B
2021-07-16T09:43:05,500.0,50.9,B
2021-07-16T09:42:48,300.0,50.9,B
2021-07-16T09:42:48,100.0,50.9,B
2021-07-16T09:42:35,100.0,50.9,B
2021-07-16T09:42:26,1200.0,50.8,S
2021-07-16T09:42:12,100.0,50.9,S
2021-07-16T09:42:08,200.0,51.0,B
2021-07-16T09:41:54,500.0,50.8,S
2021-07-16T09:41:05,100.0,51.0,B
2021-07-16T09:40:45,600.0,50.8,S
2021-07-16T09:40:45,400.0,50.9,S
2021-07-16T09:40:34,500.0,50.9,S
2021-07-16T09:40:22,900.0,50.9,S
2021-07-16T09:40:11,300.0,50.9,S
2021-07-16T09:39:49,400.0,50.9,S
2021-07-16T09:39:41,200.0,50.9,S
2021-07-16T09:39:31,200.0,50.9,S
2021-07-16T09:39:26,400.0,50.9,B
2021-07-16T09:39:25,3800.0,50.9,B
2021-07-16T09:39:15,100.0,50.9,B
2021-07-16T09:39:08,100.0,50.9,B
2021-07-16T09:39:08,100.0,50.9,B
2021-07-16T09:38:47,100.0,50.9,B
2021-07-16T09:38:13,700.0,50.8,S
2021-07-16T09:38:02,300.0,50.8,S
2021-07-16T09:37:52,200.0,50.8,S
2021-07-16T09:37:52,500.0,50.8,S
2021-07-16T09:37:48,300.0,50.8,S
2021-07-16T09:37:16,100.0,50.8,B
2021-07-16T09:37:06,200.0,50.8,B
2021-07-16T09:37:01,300.0,50.8,B
2021-07-16T09:36:42,100.0,50.8,B
2021-07-16T09:36:20,100.0,50.8,B
2021-07-16T09:36:04,400.0,50.8,B
2021-07-16T09:36:03,100.0,50.8,B
2021-07-16T09:36:03,100.0,50.8,B
2021-07-16T09:35:58,100.0,50.8,B
2021-07-16T09:35:52,300.0,50.7,S
2021-07-16T09:35:41,100.0,50.8,S
2021-07-16T09:35:25,1000.0,50.8,S
2021-07-16T09:34:59,100.0,50.9,B
2021-07-16T09:34:57,400.0,50.9,B
2021-07-16T09:34:36,2000.0,50.9,B
2021-07-16T09:34:31,200.0,50.9,B
2021-07-16T09:34:15,100.0,50.9,B
2021-07-16T09:34:13,200.0,50.9,B
2021-07-16T09:34:01,1000.0,50.9,B
2021-07-16T09:33:55,300.0,50.8,S
2021-07-16T09:33:51,300.0,50.8,S
2021-07-16T09:33:51,500.0,50.8,S
2021-07-16T09:33:33,200.0,50.9,B
2021-07-16T09:33:33,400.0,50.8,S
2021-07-16T09:33:27,500.0,50.8,S
2021-07-16T09:33:13,100.0,50.9,B
2021-07-16T09:33:11,800.0,50.8,S
2021-07-16T09:33:02,400.0,50.9,S
2021-07-16T09:33:01,2000.0,51.0,S
2021-07-16T09:32:34,1000.0,51.0,S
2021-07-16T09:32:29,2000.0,51.0,S
2021-07-16T09:32:27,1000.0,51.1,B
2021-07-16T09:32:23,100.0,51.1,B
2021-07-16T09:32:11,5400.0,51.0,B
2021-07-16T09:31:52,100.0,51.0,B
2021-07-16T09:31:52,100.0,51.0,B
2021-07-16T09:31:48,300.0,50.9,S
2021-07-16T09:31:48,100.0,50.9,S
2021-07-16T09:31:48,800.0,50.9,S
2021-07-16T09:31:46,400.0,50.9,S
2021-07-16T09:31:43,700.0,51.0,B
2021-07-16T09:31:32,200.0,51.0,S
2021-07-16T09:31:12,100.0,51.1,B
2021-07-16T09:31:09,100.0,51.1,B
2021-07-16T09:30:50,100.0,51.1,B
2021-07-16T09:30:48,1900.0,51.1,B
2021-07-16T09:30:43,10000.0,51.0,S
2021-07-16T09:30:33,5000.0,51.0,S
2021-07-16T09:29:39,1100.0,51.0,S
2021-07-16T09:29:37,400.0,51.0,S
2021-07-16T09:29:31,500.0,51.0,S
2021-07-16T09:29:30,800.0,51.0,S
2021-07-16T09:29:04,100.0,51.0,S
2021-07-16T09:28:53,1000.0,51.0,S
2021-07-16T09:28:37,500.0,51.0,S
2021-07-16T09:28:05,800.0,51.1,B
2021-07-16T09:28:05,400.0,51.1,B
2021-07-16T09:28:04,100.0,51.1,B
2021-07-16T09:28:02,2000.0,51.0,S
2021-07-16T09:27:35,900.0,51.0,S
2021-07-16T09:27:28,300.0,51.1,S
2021-07-16T09:27:28,400.0,51.1,S
2021-07-16T09:27:26,300.0,51.1,S
2021-07-16T09:27:24,100.0,51.2,B
2021-07-16T09:27:17,3000.0,51.1,S
2021-07-16T09:26:43,100.0,51.1,S
2021-07-16T09:26:39,600.0,51.1,S
2021-07-16T09:26:37,500.0,51.1,S
2021-07-16T09:26:28,100.0,51.1,S
2021-07-16T09:25:59,600.0,51.0,S
2021-07-16T09:25:56,300.0,51.1,B
2021-07-16T09:25:27,400.0,51.0,S
2021-07-16T09:25:27,2000.0,51.0,S
2021-07-16T09:25:23,1000.0,51.0,S
2021-07-16T09:25:23,400.0,51.0,S
2021-07-16T09:25:08,800.0,51.0,S
2021-07-16T09:24:51,900.0,51.1,B
2021-07-16T09:24:33,400.0,51.0,S
2021-07-16T09:24:05,16900.0,51.0,B
2021-07-16T09:24:00,1100.0,50.9,B
2021-07-16T09:23:50,100.0,50.9,B
2021-07-16T09:23:48,100.0,50.8,B
2021-07-16T09:23:36,100.0,50.8,B
2021-07-16T09:23:23,200.0,50.8,S
2021-07-16T09:23:22,800.0,50.8,S
2021-07-16T09:23:20,300.0,50.8,S
2021-07-16T09:23:11,500.0,50.8,B
2021-07-16T09:22:42,1000.0,50.8,B
2021-07-16T09:22:39,900.0,50.8,B
2021-07-16T09:22:21,500.0,50.8,B
2021-07-16T09:22:13,100.0,50.8,B
2021-07-16T09:22:09,1000.0,50.8,B
2021-07-16T09:21:46,200.0,50.8,B
2021-07-16T09:21:26,700.0,50.8,S
2021-07-16T09:21:26,200.0,50.8,S
2021-07-16T09:21:21,100.0,50.8,S
2021-07-16T09:21:20,300.0,50.8,S
2021-07-16T09:21:20,300.0,50.8,S
2021-07-16T09:21:18,100.0,50.9,B
2021-07-16T09:21:17,800.0,50.8,S
2021-07-16T09:21:16,500.0,50.9,B
2021-07-16T09:21:06,500.0,50.9,S
2021-07-16T09:20:37,100.0,51.0,B
2021-07-16T09:20:01,300.0,51.0,B
2021-07-16T09:19:54,1000.0,50.9,B
2021-07-16T09:19:49,100.0,50.9,B
2021-07-16T09:19:45,500.0,50.9,B
2021-07-16T09:19:41,600.0,51.0,B
2021-07-16T09:19:41,4200.0,51.0,B
2021-07-16T09:19:32,400.0,50.9,B
2021-07-16T09:19:17,100.0,50.9,B
2021-07-16T09:19:16,800.0,50.8,S
2021-07-16T09:19:14,100.0,50.8,S
2021-07-16T09:19:14,300.0,50.8,S
2021-07-16T09:19:13,200.0,50.9,B
2021-07-16T09:19:13,300.0,50.8,S
2021-07-16T09:19:09,100.0,50.9,B
2021-07-16T09:19:02,200.0,50.9,S
2021-07-16T09:18:48,200.0,50.9,S
2021-07-16T09:18:47,100.0,50.9,S
2021-07-16T09:18:21,500.0,50.9,S
2021-07-16T09:17:38,1000.0,51.0,B
2021-07-16T09:17:08,300.0,50.8,S
2021-07-16T09:17:06,700.0,50.9,S
2021-07-16T09:17:04,300.0,50.9,S
2021-07-16T09:16:59,500.0,51.0,B
2021-07-16T09:16:32,100.0,51.0,B
2021-07-16T09:16:29,2100.0,51.0,B
2021-07-16T09:16:29,2900.0,51.0,B
2021-07-16T09:16:28,400.0,50.9,B
2021-07-16T09:16:20,200.0,51.0,B
2021-07-16T09:16:20,1800.0,51.0,B
2021-07-16T09:16:01,100.0,51.0,B
2021-07-16T09:15:56,400.0,50.8,B
2021-07-16T09:15:49,200.0,50.8,B
2021-07-16T09:15:32,100.0,50.8,B
2021-07-16T09:15:27,900.0,50.8,B
2021-07-16T09:15:27,1100.0,50.8,B
2021-07-16T09:15:03,700.0,50.8,B
