tradingTime,volume,price,side
2021-07-16T14:30:00,500.0,36.95,B
2021-07-16T14:29:59,1800.0,36.95,B
2021-07-16T14:29:44,1000.0,36.95,B
2021-07-16T14:29:43,5000.0,36.9,B
2021-07-16T14:29:41,1000.0,36.9,B
2021-07-16T14:29:40,200.0,36.85,S
2021-07-16T14:29:38,1000.0,36.9,B
2021-07-16T14:29:32,400.0,36.9,B
2021-07-16T14:29:30,100.0,36.85,S
2021-07-16T14:29:23,900.0,36.9,B
2021-07-16T14:28:57,500.0,36.85,S
2021-07-16T14:28:51,100.0,36.9,B
2021-07-16T14:28:40,300.0,36.9,B
2021-07-16T14:28:31,1000.0,36.9,B
2021-07-16T14:28:30,1000.0,36.85,S
2021-07-16T14:28:26,1000.0,36.9,B
2021-07-16T14:28:08,2300.0,36.9,S
2021-07-16T14:27:59,300.0,36.95,B
2021-07-16T14:27:42,100.0,36.9,S
2021-07-16T14:27:40,200.0,36.9,B
2021-07-16T14:27:39,400.0,36.9,S
2021-07-16T14:27:33,900.0,36.9,S
2021-07-16T14:27:33,600.0,36.9,S
2021-07-16T14:27:32,2800.0,36.9,S
2021-07-16T14:27:04,1500.0,36.9,S
2021-07-16T14:26:06,300.0,36.9,S
2021-07-16T14:25:57,3000.0,36.9,B
2021-07-16T14:25:51,1000.0,36.9,B
2021-07-16T14:25:51,2000.0,36.9,B
2021-07-16T14:25:48,1000.0,36.9,B
2021-07-16T14:25:42,500.0,36.9,B
2021-07-16T14:25:25,1000.0,36.9,B
2021-07-16T14:25:04,3400.0,36.9,S
2021-07-16T14:24:56,700.0,36.9,S
2021-07-16T14:24:54,1500.0,36.95,B
2021-07-16T14:24:51,2000.0,36.95,B
2021-07-16T14:24:46,4400.0,36.9,S
2021-07-16T14:24:14,200.0,36.9,S
2021-07-16T14:24:05,100.0,36.9,S
2021-07-16T14:23:15,500.0,36.9,S
2021-07-16T14:22:57,100.0,36.9,S
2021-07-16T14:22:46,1000.0,36.85,S
2021-07-16T14:22:39,1000.0,36.9,S
2021-07-16T14:22:36,1000.0,36.85,S
2021-07-16T14:22:29,1500.0,36.85,S
2021-07-16T14:22:23,1000.0,36.9,S
2021-07-16T14:22:20,1000.0,36.9,S
2021-07-16T14:21:55,300.0,36.9,S
2021-07-16T14:21:49,7200.0,36.95,B
2021-07-16T14:21:49,2800.0,36.95,B
2021-07-16T14:21:46,1000.0,36.9,S
2021-07-16T14:21:35,4000.0,36.9,S
2021-07-16T14:21:02,200.0,36.95,B
2021-07-16T14:20:46,500.0,36.95,B
2021-07-16T14:20:42,100.0,36.95,B
2021-07-16T14:20:27,500.0,36.95,B
2021-07-16T14:20:24,1000.0,36.95,S
2021-07-16T14:20:18,2300.0,37.0,B
2021-07-16T14:20:17,500.0,37.0,B
2021-07-16T14:20:17,500.0,37.0,B
2021-07-16T14:20:17,1000.0,37.0,B
2021-07-16T14:20:12,1000.0,37.0,B
2021-07-16T14:20:09,100.0,37.0,B
2021-07-16T14:19:42,5000.0,36.95,S
2021-07-16T14:19:30,100.0,37.0,B
2021-07-16T14:19:27,6900.0,37.0,B
2021-07-16T14:19:26,200.0,37.0,B
2021-07-16T14:19:11,100.0,37.0,B
2021-07-16T14:18:51,2000.0,37.0,B
2021-07-16T14:18:49,300.0,37.0,B
2021-07-16T14:18:43,100.0,37.0,B
2021-07-16T14:18:35,800.0,37.0,B
2021-07-16T14:18:29,100.0,37.0,B
2021-07-16T14:18:14,200.0,37.0,B
2021-07-16T14:18:11,1000.0,37.0,B
2021-07-16T14:18:11,8300.0,37.0,S
2021-07-16T14:18:11,300.0,37.0,S
2021-07-16T14:18:11,4800.0,37.0,S
2021-07-16T14:17:33,200.0,37.0,S
2021-07-16T14:17:31,1800.0,37.0,S
2021-07-16T14:17:14,1700.0,37.0,S
2021-07-16T14:17:14,6300.0,37.0,S
2021-07-16T14:16:56,100.0,37.0,S
2021-07-16T14:16:41,500.0,37.0,S
2021-07-16T14:16:37,100.0,37.0,S
2021-07-16T14:16:26,1000.0,37.0,S
2021-07-16T14:16:24,200.0,37.0,B
2021-07-16T14:16:22,1600.0,37.0,S
2021-07-16T14:16:20,7100.0,37.0,B
2021-07-16T14:16:20,2300.0,37.0,B
2021-07-16T14:16:20,6000.0,37.0,B
2021-07-16T14:16:16,2000.0,37.0,B
2021-07-16T14:16:16,2000.0,37.0,B
2021-07-16T14:16:16,5000.0,37.0,B
2021-07-16T14:16:14,8000.0,37.0,B
2021-07-16T14:16:08,1800.0,37.0,B
2021-07-16T14:16:05,200.0,37.0,B
2021-07-16T14:16:04,1000.0,37.0,B
2021-07-16T14:16:03,100.0,37.0,B
2021-07-16T14:16:03,500.0,37.0,B
2021-07-16T14:16:01,10000.0,37.0,B
2021-07-16T14:15:59,500.0,37.0,B
2021-07-16T14:15:58,5000.0,37.0,B
2021-07-16T14:15:58,10000.0,37.0,B
2021-07-16T14:15:57,5000.0,37.0,B
2021-07-16T14:15:53,1000.0,37.0,B
2021-07-16T14:15:52,2000.0,37.0,B
2021-07-16T14:15:48,500.0,37.0,B
2021-07-16T14:15:45,2000.0,37.0,B
2021-07-16T14:15:39,100.0,37.0,B
2021-07-16T14:15:37,2000.0,37.0,B
2021-07-16T14:15:27,1400.0,37.0,B
2021-07-16T14:15:24,1000.0,37.0,B
2021-07-16T14:15:17,2000.0,37.0,B
2021-07-16T14:15:07,5000.0,37.0,B
2021-07-16T14:15:01,500.0,37.0,B
2021-07-16T14:14:59,500.0,37.0,B
2021-07-16T14:14:50,1100.0,37.0,B
2021-07-16T14:14:50,800.0,37.0,B
2021-07-16T14:14:34,1000.0,36.95,S
2021-07-16T14:14:32,400.0,37.0,B
2021-07-16T14:14:21,1000.0,37.0,B
2021-07-16T14:14:17,1000.0,37.0,B
2021-07-16T14:14:09,10000.0,37.0,B
2021-07-16T14:14:08,100.0,36.95,S
2021-07-16T14:14:08,900.0,36.95,S
2021-07-16T14:14:06,100.0,37.0,B
2021-07-16T14:14:03,2900.0,37.0,B
2021-07-16T14:14:03,17100.0,37.0,B
2021-07-16T14:14:02,1000.0,37.0,B
2021-07-16T14:13:58,200.0,37.0,B
2021-07-16T14:13:57,500.0,37.0,B
2021-07-16T14:13:51,1600.0,36.95,B
2021-07-16T14:13:43,200.0,36.95,B
2021-07-16T14:13:43,800.0,36.95,B
2021-07-16T14:13:41,500.0,36.95,B
2021-07-16T14:13:33,600.0,36.95,B
2021-07-16T14:13:33,500.0,36.95,B
2021-07-16T14:13:31,200.0,36.95,B
2021-07-16T14:13:29,5000.0,36.95,B
2021-07-16T14:13:28,1500.0,36.8,B
2021-07-16T14:13:26,3300.0,36.8,S
2021-07-16T14:13:25,200.0,36.9,B
2021-07-16T14:13:23,500.0,36.9,B
2021-07-16T14:13:14,100.0,36.9,B
2021-07-16T14:13:04,3000.0,36.9,B
2021-07-16T14:13:00,200.0,36.7,S
2021-07-16T14:12:57,200.0,36.7,B
2021-07-16T14:12:54,200.0,36.7,B
2021-07-16T14:12:44,800.0,36.7,B
2021-07-16T14:12:44,400.0,36.6,B
2021-07-16T14:12:41,500.0,36.6,B
2021-07-16T14:12:18,300.0,36.5,S
2021-07-16T14:12:08,1000.0,36.5,B
2021-07-16T14:12:05,1400.0,36.5,B
2021-07-16T14:12:02,20000.0,36.5,B
2021-07-16T14:11:56,300.0,36.5,B
2021-07-16T14:11:55,1400.0,36.5,B
2021-07-16T14:11:36,200.0,36.5,B
2021-07-16T14:11:24,100.0,36.5,B
2021-07-16T14:11:16,1000.0,36.45,S
2021-07-16T14:11:07,600.0,36.45,B
2021-07-16T14:11:06,400.0,36.45,B
2021-07-16T14:10:57,1000.0,36.4,S
2021-07-16T14:10:44,200.0,36.45,B
2021-07-16T14:10:36,400.0,36.45,S
2021-07-16T14:10:32,100.0,36.45,S
2021-07-16T14:10:08,600.0,36.4,S
2021-07-16T14:10:01,2000.0,36.5,B
2021-07-16T14:09:47,100.0,36.45,S
2021-07-16T14:09:47,100.0,36.5,B
2021-07-16T14:09:47,100.0,36.5,B
2021-07-16T14:09:46,1800.0,36.5,B
2021-07-16T14:09:46,1000.0,36.45,S
2021-07-16T14:09:07,100.0,36.45,B
2021-07-16T14:09:03,900.0,36.45,S
2021-07-16T14:08:39,300.0,36.45,B
2021-07-16T14:08:38,600.0,36.45,B
2021-07-16T14:08:34,200.0,36.45,B
2021-07-16T14:08:34,5000.0,36.45,B
2021-07-16T14:08:28,3100.0,36.45,B
2021-07-16T14:08:22,1300.0,36.45,B
2021-07-16T14:08:05,1600.0,36.4,B
2021-07-16T14:08:05,800.0,36.4,B
2021-07-16T14:07:54,300.0,36.35,B
2021-07-16T14:07:54,500.0,36.35,B
2021-07-16T14:07:37,100.0,36.35,B
2021-07-16T14:07:30,200.0,36.35,B
2021-07-16T14:06:53,100.0,36.3,S
2021-07-16T14:06:29,100.0,36.3,S
2021-07-16T14:06:12,100.0,36.3,B
2021-07-16T14:06:12,1500.0,36.3,B
2021-07-16T14:06:08,700.0,36.3,B
2021-07-16T14:06:05,500.0,36.25,S
2021-07-16T14:05:55,300.0,36.25,S
2021-07-16T14:05:49,5000.0,36.25,B
2021-07-16T14:05:36,200.0,36.25,B
2021-07-16T14:05:27,100.0,36.25,B
2021-07-16T14:05:23,200.0,36.25,B
2021-07-16T14:05:21,200.0,36.25,B
2021-07-16T14:05:11,2000.0,36.25,B
2021-07-16T14:05:09,100.0,36.2,S
2021-07-16T14:04:56,1200.0,36.25,B
2021-07-16T14:04:41,500.0,36.25,B
2021-07-16T14:03:26,1500.0,36.25,B
2021-07-16T14:03:14,300.0,36.2,S
2021-07-16T14:03:04,500.0,36.2,B
2021-07-16T14:02:58,100.0,36.2,S
2021-07-16T14:02:45,400.0,36.2,S
2021-07-16T14:02:36,1100.0,36.2,B
2021-07-16T14:02:33,200.0,36.2,B
2021-07-16T14:02:29,500.0,36.2,B
2021-07-16T14:02:25,100.0,36.2,S
2021-07-16T14:02:08,400.0,36.2,S
2021-07-16T14:02:03,1000.0,36.25,B
2021-07-16T14:01:45,1000.0,36.25,B
2021-07-16T14:01:36,1000.0,36.25,B
2021-07-16T14:01:26,2000.0,36.25,B
2021-07-16T14:00:33,900.0,36.25,S
2021-07-16T14:00:30,1500.0,36.5,B
2021-07-16T14:00:23,1000.0,36.25,B
2021-07-16T14:00:23,700.0,36.25,B
2021-07-16T14:00:18,500.0,36.25,B
2021-07-16T14:00:14,400.0,36.0,S
2021-07-16T14:00:02,200.0,36.25,B
2021-07-16T14:00:02,300.0,36.2,B
2021-07-16T14:00:02,1500.0,36.2,B
2021-07-16T13:59:54,1500.0,36.2,B
2021-07-16T13:59:53,1000.0,36.0,S
2021-07-16T13:59:53,8500.0,36.0,S
2021-07-16T13:59:45,1200.0,36.0,B
2021-07-16T13:59:45,1000.0,36.0,B
2021-07-16T13:59:45,1300.0,36.0,B
2021-07-16T13:59:43,500.0,36.0,B
2021-07-16T13:59:41,1800.0,36.0,B
2021-07-16T13:59:41,200.0,36.0,B
2021-07-16T13:59:41,100.0,36.0,B
2021-07-16T13:59:39,2500.0,36.0,B
2021-07-16T13:59:28,4000.0,36.0,B
2021-07-16T13:59:25,500.0,36.0,B
2021-07-16T13:59:20,2500.0,36.0,B
2021-07-16T13:59:19,5000.0,36.0,B
2021-07-16T13:59:12,900.0,36.0,B
2021-07-16T13:59:11,5000.0,36.0,B
2021-07-16T13:59:10,2000.0,35.95,S
2021-07-16T13:59:10,200.0,35.95,S
2021-07-16T13:59:09,10000.0,36.0,B
2021-07-16T13:58:41,2400.0,35.95,S
2021-07-16T13:58:33,2500.0,35.95,B
2021-07-16T13:58:29,100.0,35.95,B
2021-07-16T13:58:13,100.0,35.9,B
2021-07-16T13:58:09,300.0,35.9,B
2021-07-16T13:58:07,1800.0,35.9,B
2021-07-16T13:58:07,500.0,35.9,B
2021-07-16T13:58:06,3000.0,35.9,B
2021-07-16T13:57:58,2000.0,35.9,B
2021-07-16T13:57:57,1000.0,35.9,B
2021-07-16T13:57:49,1000.0,35.9,B
2021-07-16T13:57:46,3000.0,35.9,B
2021-07-16T13:57:40,1000.0,35.9,B
2021-07-16T13:57:12,100.0,35.9,B
2021-07-16T13:57:09,100.0,35.9,B
2021-07-16T13:57:03,2200.0,35.9,B
2021-07-16T13:56:59,4500.0,35.95,S
2021-07-16T13:56:50,100.0,35.95,S
2021-07-16T13:56:41,900.0,35.95,B
2021-07-16T13:56:40,1200.0,35.95,B
2021-07-16T13:56:38,500.0,35.9,B
2021-07-16T13:55:49,500.0,35.9,B
2021-07-16T13:55:37,100.0,35.85,B
2021-07-16T13:55:32,1000.0,35.8,S
2021-07-16T13:55:07,400.0,35.85,S
2021-07-16T13:54:48,100.0,35.85,S
2021-07-16T13:54:47,400.0,35.8,B
2021-07-16T13:54:30,200.0,35.8,B
2021-07-16T13:54:24,900.0,35.8,B
2021-07-16T13:53:48,400.0,35.8,B
2021-07-16T13:53:46,1000.0,35.7,S
2021-07-16T13:53:46,4000.0,35.7,S
2021-07-16T13:53:33,2000.0,35.8,B
2021-07-16T13:53:27,2000.0,35.8,B
2021-07-16T13:53:23,500.0,35.8,B
2021-07-16T13:53:23,2000.0,35.8,B
2021-07-16T13:53:10,2000.0,35.8,B
2021-07-16T13:52:53,1000.0,35.8,B
2021-07-16T13:52:48,300.0,35.7,S
2021-07-16T13:52:39,500.0,35.8,B
2021-07-16T13:52:04,300.0,35.7,B
2021-07-16T13:51:51,300.0,35.8,B
2021-07-16T13:51:41,100.0,35.8,S
2021-07-16T13:51:38,500.0,35.65,S
2021-07-16T13:51:27,5000.0,35.8,B
2021-07-16T13:51:22,100.0,35.7,S
2021-07-16T13:51:10,900.0,35.7,S
2021-07-16T13:51:05,500.0,35.8,B
2021-07-16T13:51:05,500.0,35.75,S
2021-07-16T13:51:01,100.0,35.8,S
2021-07-16T13:50:25,300.0,35.8,S
2021-07-16T13:50:23,500.0,36.0,B
2021-07-16T13:50:13,2100.0,36.0,B
2021-07-16T13:50:10,100.0,36.0,B
2021-07-16T13:50:01,600.0,36.0,B
2021-07-16T13:49:54,2000.0,36.0,B
2021-07-16T13:49:51,300.0,36.0,B
2021-07-16T13:49:51,700.0,36.0,B
2021-07-16T13:49:44,4000.0,36.0,B
2021-07-16T13:49:36,3000.0,36.0,B
2021-07-16T13:49:34,200.0,36.0,B
2021-07-16T13:49:33,4000.0,36.0,B
2021-07-16T13:49:26,5000.0,36.0,B
2021-07-16T13:49:22,1000.0,36.0,B
2021-07-16T13:49:15,1000.0,36.0,B
2021-07-16T13:49:03,1000.0,36.0,B
2021-07-16T13:48:42,2000.0,36.0,B
2021-07-16T13:48:42,300.0,35.9,B
2021-07-16T13:48:42,4700.0,35.6,B
2021-07-16T13:48:42,900.0,35.5,B
2021-07-16T13:48:36,100.0,35.5,B
2021-07-16T13:48:36,2500.0,35.5,B
2021-07-16T13:48:32,5000.0,35.5,B
2021-07-16T13:48:30,100.0,35.5,B
2021-07-16T13:48:30,800.0,35.5,B
2021-07-16T13:48:22,1900.0,35.4,B
2021-07-16T13:48:22,200.0,35.35,B
2021-07-16T13:48:20,100.0,35.35,B
2021-07-16T13:48:19,300.0,35.3,B
2021-07-16T13:48:15,500.0,35.2,S
2021-07-16T13:48:14,2000.0,35.15,S
2021-07-16T13:48:09,200.0,35.3,B
2021-07-16T13:48:09,800.0,35.2,B
2021-07-16T13:48:09,500.0,35.2,B
2021-07-16T13:48:06,600.0,35.1,B
2021-07-16T13:48:00,1000.0,35.1,B
2021-07-16T13:47:50,500.0,35.05,B
2021-07-16T13:47:49,100.0,35.05,B
2021-07-16T13:47:44,500.0,35.0,S
2021-07-16T13:47:33,4300.0,35.0,B
2021-07-16T13:47:29,1000.0,35.0,B
2021-07-16T13:47:29,500.0,35.0,B
2021-07-16T13:47:29,200.0,35.0,B
2021-07-16T13:47:29,200.0,35.0,B
2021-07-16T13:47:29,200.0,35.0,B
2021-07-16T13:47:29,700.0,35.0,B
2021-07-16T13:47:29,3000.0,35.0,B
2021-07-16T13:47:28,500.0,35.0,B
2021-07-16T13:47:26,2000.0,35.0,B
2021-07-16T13:47:23,2000.0,35.0,B
2021-07-16T13:47:22,500.0,35.0,B
2021-07-16T13:47:22,1500.0,35.0,B
2021-07-16T13:47:22,100.0,35.0,B
2021-07-16T13:47:22,900.0,35.0,B
2021-07-16T13:47:21,5000.0,35.0,B
2021-07-16T13:47:17,5000.0,35.0,B
2021-07-16T13:47:15,3000.0,35.0,B
2021-07-16T13:47:13,500.0,35.0,B
2021-07-16T13:47:13,3000.0,35.0,B
2021-07-16T13:47:05,100.0,34.95,B
2021-07-16T13:46:47,200.0,34.95,B
2021-07-16T13:46:19,300.0,34.95,S
2021-07-16T13:46:10,200.0,34.95,B
2021-07-16T13:44:59,1000.0,34.9,B
2021-07-16T13:44:55,500.0,34.8,S
2021-07-16T13:44:29,2300.0,34.9,B
2021-07-16T13:44:29,2100.0,34.9,B
2021-07-16T13:44:29,100.0,34.85,B
2021-07-16T13:44:29,1200.0,34.85,B
2021-07-16T13:44:29,100.0,34.85,B
2021-07-16T13:44:29,100.0,34.85,B
2021-07-16T13:44:29,3000.0,34.85,B
2021-07-16T13:44:29,600.0,34.85,B
2021-07-16T13:44:29,500.0,34.85,B
2021-07-16T13:44:29,500.0,34.8,S
2021-07-16T13:43:48,3300.0,34.8,S
2021-07-16T13:43:48,100.0,34.8,S
2021-07-16T13:43:00,3900.0,34.8,B
2021-07-16T13:42:53,100.0,34.8,B
2021-07-16T13:42:51,3000.0,34.8,B
2021-07-16T13:42:46,1600.0,34.8,B
2021-07-16T13:42:22,2000.0,34.8,B
2021-07-16T13:39:21,10000.0,34.8,B
2021-07-16T13:39:01,9900.0,34.7,S
2021-07-16T13:37:48,300.0,34.65,S
2021-07-16T13:36:58,600.0,34.65,B
2021-07-16T13:36:46,1000.0,34.65,B
2021-07-16T13:36:30,20000.0,34.65,B
2021-07-16T13:34:49,1600.0,34.65,B
2021-07-16T13:33:34,300.0,34.65,S
2021-07-16T13:33:34,200.0,34.65,S
2021-07-16T13:32:02,400.0,34.7,B
2021-07-16T13:18:20,200.0,34.7,S
2021-07-16T13:17:50,9100.0,34.75,B
2021-07-16T13:17:50,900.0,34.75,B
2021-07-16T13:08:53,100.0,34.75,B
2021-07-16T11:24:14,100.0,34.6,S
2021-07-16T11:19:02,200.0,34.6,S
2021-07-16T11:19:02,5000.0,34.7,B
2021-07-16T11:18:05,10000.0,34.7,B
2021-07-16T11:17:57,200.0,34.6,S
2021-07-16T11:17:57,800.0,34.6,S
2021-07-16T11:16:57,500.0,34.6,S
2021-07-16T11:13:30,1000.0,34.7,B
2021-07-16T11:05:53,500.0,34.7,B
2021-07-16T10:53:21,100.0,34.6,S
2021-07-16T10:52:13,500.0,34.7,S
2021-07-16T10:43:37,200.0,34.7,S
2021-07-16T10:43:34,100.0,34.7,S
2021-07-16T10:41:55,500.0,34.7,S
2021-07-16T10:41:54,1000.0,34.7,S
2021-07-16T10:38:50,700.0,34.8,S
2021-07-16T10:33:17,500.0,34.85,B
2021-07-16T10:33:17,500.0,34.85,B
2021-07-16T10:33:10,200.0,34.8,B
2021-07-16T10:32:09,700.0,34.8,B
2021-07-16T10:32:09,800.0,34.8,B
2021-07-16T10:31:49,2000.0,34.8,B
2021-07-16T10:30:50,500.0,34.75,S
2021-07-16T10:24:45,700.0,34.8,B
2021-07-16T10:24:45,11400.0,34.8,B
2021-07-16T10:24:45,1200.0,34.8,B
2021-07-16T10:24:45,1700.0,34.75,B
2021-07-16T10:18:36,500.0,34.7,B
2021-07-16T10:18:00,600.0,34.7,S
2021-07-16T10:16:53,200.0,34.7,S
2021-07-16T10:16:49,4000.0,34.7,B
2021-07-16T10:15:57,700.0,34.7,B
2021-07-16T10:13:55,100.0,34.7,B
2021-07-16T10:12:11,200.0,34.7,B
2021-07-16T10:10:45,100.0,34.7,B
2021-07-16T10:03:33,300.0,34.7,B
2021-07-16T10:00:09,300.0,34.75,B
2021-07-16T09:58:42,1000.0,34.75,B
2021-07-16T09:55:08,1000.0,34.6,S
2021-07-16T09:54:42,1000.0,34.6,S
2021-07-16T09:50:39,1000.0,34.8,B
2021-07-16T09:50:04,200.0,34.8,B
2021-07-16T09:48:25,4700.0,34.8,B
2021-07-16T09:48:25,500.0,34.7,B
2021-07-16T09:48:25,800.0,34.65,B
2021-07-16T09:46:48,300.0,34.6,S
2021-07-16T09:43:55,500.0,34.65,S
2021-07-16T09:41:49,700.0,34.65,B
2021-07-16T09:41:39,10000.0,34.65,B
2021-07-16T09:41:22,1000.0,34.6,B
2021-07-16T09:41:15,10000.0,34.6,B
2021-07-16T09:40:06,7800.0,34.6,S
2021-07-16T09:38:50,13000.0,34.6,B
2021-07-16T09:38:50,4000.0,34.55,B
2021-07-16T09:38:50,5200.0,34.55,B
2021-07-16T09:31:24,500.0,34.5,B
2021-07-16T09:29:56,500.0,34.3,S
2021-07-16T09:29:56,200.0,34.3,S
2021-07-16T09:29:56,1000.0,34.4,S
2021-07-16T09:29:30,100.0,34.5,B
2021-07-16T09:25:31,300.0,34.5,B
2021-07-16T09:25:30,100.0,34.5,B
2021-07-16T09:24:27,2000.0,34.5,B
2021-07-16T09:21:39,800.0,34.45,B
2021-07-16T09:20:10,1000.0,34.45,B
2021-07-16T09:19:40,100.0,34.45,B
2021-07-16T09:18:57,500.0,34.45,B
2021-07-16T09:17:30,100.0,34.45,B
2021-07-16T09:17:29,500.0,34.45,B
