tradingTime,volume,price,side
2021-07-16T14:29:59,700.0,17.45,S
2021-07-16T14:29:58,9300.0,17.45,S
2021-07-16T14:29:58,10000.0,17.5,B
2021-07-16T14:29:28,100.0,17.45,S
2021-07-16T14:29:17,100.0,17.5,B
2021-07-16T14:29:16,1000.0,17.5,B
2021-07-16T14:28:55,300.0,17.5,B
2021-07-16T14:28:32,10000.0,17.5,B
2021-07-16T14:28:17,500.0,17.5,B
2021-07-16T14:27:40,100.0,17.5,B
2021-07-16T14:27:22,20000.0,17.5,B
2021-07-16T14:27:07,5000.0,17.5,B
2021-07-16T14:27:04,600.0,17.45,S
2021-07-16T14:26:01,100.0,17.5,B
2021-07-16T14:26:01,200.0,17.5,B
2021-07-16T14:25:58,100.0,17.5,B
2021-07-16T14:25:32,3000.0,17.5,B
2021-07-16T14:25:27,12200.0,17.5,S
2021-07-16T14:25:09,600.0,17.55,B
2021-07-16T14:24:48,3000.0,17.55,B
2021-07-16T14:24:37,5000.0,17.5,S
2021-07-16T14:24:08,1000.0,17.5,S
2021-07-16T14:24:02,2000.0,17.5,S
2021-07-16T14:23:35,2000.0,17.5,S
2021-07-16T14:23:04,200.0,17.55,B
2021-07-16T14:22:54,100.0,17.5,B
2021-07-16T14:22:54,200.0,17.5,B
2021-07-16T14:21:45,1000.0,17.5,B
2021-07-16T14:21:38,300.0,17.5,B
2021-07-16T14:21:37,800.0,17.5,B
2021-07-16T14:20:48,500.0,17.5,B
2021-07-16T14:20:46,1000.0,17.5,B
2021-07-16T14:20:27,200.0,17.5,B
2021-07-16T14:20:08,30000.0,17.5,B
2021-07-16T14:19:46,1000.0,17.5,B
2021-07-16T14:19:22,100.0,17.5,B
2021-07-16T14:18:08,100.0,17.5,B
2021-07-16T14:17:58,100.0,17.5,S
2021-07-16T14:17:58,1000.0,17.5,S
2021-07-16T14:17:58,2100.0,17.5,S
2021-07-16T14:17:58,4100.0,17.5,S
2021-07-16T14:17:31,13000.0,17.5,S
2021-07-16T14:17:29,400.0,17.5,S
2021-07-16T14:15:59,100.0,17.55,B
2021-07-16T14:15:36,1000.0,17.5,S
2021-07-16T14:15:06,200.0,17.55,B
2021-07-16T14:15:01,1000.0,17.55,S
2021-07-16T14:14:49,100.0,17.6,B
2021-07-16T14:14:31,200.0,17.6,B
2021-07-16T14:14:31,100.0,17.6,B
2021-07-16T14:13:59,200.0,17.6,B
2021-07-16T14:13:51,1000.0,17.6,S
2021-07-16T14:13:50,1000.0,17.6,S
2021-07-16T14:13:37,2500.0,17.6,S
2021-07-16T14:13:28,1000.0,17.6,S
2021-07-16T14:13:14,500.0,17.6,S
2021-07-16T14:13:02,100.0,17.6,S
2021-07-16T14:12:48,1100.0,17.6,S
2021-07-16T14:12:44,100.0,17.6,S
2021-07-16T14:12:32,100.0,17.6,S
2021-07-16T14:12:20,100.0,17.6,S
2021-07-16T14:12:13,100.0,17.6,S
2021-07-16T14:12:01,500.0,17.6,S
2021-07-16T14:11:46,100.0,17.6,S
2021-07-16T14:11:43,2600.0,17.6,B
2021-07-16T14:11:06,500.0,17.6,B
2021-07-16T14:10:30,200.0,17.6,B
2021-07-16T14:10:10,15000.0,17.5,B
2021-07-16T14:09:58,27200.0,17.4,B
2021-07-16T14:09:54,5000.0,17.4,B
2021-07-16T14:09:37,600.0,17.4,B
2021-07-16T14:09:15,5000.0,17.35,S
2021-07-16T14:09:13,100.0,17.4,B
2021-07-16T14:08:47,1800.0,17.35,S
2021-07-16T14:08:47,3200.0,17.35,S
2021-07-16T14:08:45,10000.0,17.4,S
2021-07-16T14:08:12,2000.0,17.45,S
2021-07-16T14:08:01,1000.0,17.45,S
2021-07-16T14:07:45,1000.0,17.45,S
2021-07-16T14:07:45,4000.0,17.45,S
2021-07-16T14:07:42,200.0,17.5,B
2021-07-16T14:07:31,3000.0,17.45,S
2021-07-16T14:07:16,100.0,17.5,B
2021-07-16T14:07:15,100.0,17.5,B
2021-07-16T14:07:11,3000.0,17.45,S
2021-07-16T14:07:03,1500.0,17.45,S
2021-07-16T14:06:36,6000.0,17.45,S
2021-07-16T14:06:17,500.0,17.5,B
2021-07-16T14:06:11,100.0,17.5,B
2021-07-16T14:05:59,200.0,17.5,S
2021-07-16T14:05:59,21400.0,17.5,S
2021-07-16T14:05:47,1900.0,17.5,S
2021-07-16T14:05:47,1100.0,17.5,S
2021-07-16T14:05:47,200.0,17.6,B
2021-07-16T14:05:17,100.0,17.6,B
2021-07-16T14:05:12,6900.0,17.5,S
2021-07-16T14:05:12,9100.0,17.55,S
2021-07-16T14:05:08,2200.0,17.55,S
2021-07-16T14:04:59,1900.0,17.55,S
2021-07-16T14:04:43,500.0,17.6,B
2021-07-16T14:04:41,500.0,17.55,S
2021-07-16T14:03:39,3000.0,17.6,S
2021-07-16T14:03:37,200.0,17.6,S
2021-07-16T14:03:11,3000.0,17.6,S
2021-07-16T14:03:08,500.0,17.6,S
2021-07-16T14:02:39,3000.0,17.6,S
2021-07-16T14:02:21,900.0,17.6,S
2021-07-16T14:01:56,1000.0,17.7,B
2021-07-16T14:01:55,200.0,17.7,B
2021-07-16T14:01:04,300.0,17.7,S
2021-07-16T14:01:04,2400.0,17.7,S
2021-07-16T14:01:03,500.0,17.7,S
2021-07-16T14:00:59,5000.0,17.7,S
2021-07-16T14:00:53,100.0,17.7,S
2021-07-16T14:00:36,100.0,17.7,S
2021-07-16T14:00:33,10000.0,17.7,S
2021-07-16T14:00:20,500.0,17.7,S
2021-07-16T13:59:53,100.0,17.7,S
2021-07-16T13:59:41,500.0,17.7,S
2021-07-16T13:59:33,800.0,17.7,S
2021-07-16T13:59:33,200.0,17.7,S
2021-07-16T13:59:31,500.0,17.7,S
2021-07-16T13:59:03,500.0,17.7,S
2021-07-16T13:58:56,1000.0,17.7,S
2021-07-16T13:58:39,18400.0,17.7,B
2021-07-16T13:58:39,500.0,17.7,B
2021-07-16T13:57:55,1700.0,17.7,S
2021-07-16T13:57:38,100.0,17.7,S
2021-07-16T13:57:38,14200.0,17.7,B
2021-07-16T13:57:27,1000.0,17.7,B
2021-07-16T13:57:13,4500.0,17.7,B
2021-07-16T13:57:13,3500.0,17.7,B
2021-07-16T13:57:09,100.0,17.7,B
2021-07-16T13:56:03,1000.0,17.7,B
2021-07-16T13:55:34,49400.0,17.7,B
2021-07-16T13:55:34,600.0,17.65,B
2021-07-16T13:55:34,200.0,17.6,S
2021-07-16T13:55:32,300.0,17.6,B
2021-07-16T13:55:30,1000.0,17.6,B
2021-07-16T13:55:17,200.0,17.6,S
2021-07-16T13:54:56,700.0,17.6,S
2021-07-16T13:54:48,1000.0,17.6,B
2021-07-16T13:54:43,300.0,17.6,S
2021-07-16T13:54:36,11400.0,17.65,B
2021-07-16T13:54:36,1000.0,17.65,B
2021-07-16T13:54:36,7600.0,17.65,B
2021-07-16T13:54:33,100.0,17.6,B
2021-07-16T13:54:32,200.0,17.6,B
2021-07-16T13:54:26,400.0,17.6,B
2021-07-16T13:54:09,800.0,17.6,B
2021-07-16T13:54:00,200.0,17.6,B
2021-07-16T13:53:53,500.0,17.6,B
2021-07-16T13:53:43,600.0,17.6,B
2021-07-16T13:53:02,12000.0,17.55,B
2021-07-16T13:52:48,400.0,17.55,B
2021-07-16T13:52:38,100.0,17.5,S
2021-07-16T13:52:29,400.0,17.5,S
2021-07-16T13:52:10,4900.0,17.5,B
2021-07-16T13:52:06,100.0,17.5,S
2021-07-16T13:51:55,100.0,17.5,S
2021-07-16T13:51:16,4800.0,17.4,S
2021-07-16T13:51:14,500.0,17.4,B
2021-07-16T13:51:08,4800.0,17.4,S
2021-07-16T13:51:08,200.0,17.4,S
2021-07-16T13:51:08,700.0,17.4,S
2021-07-16T13:51:08,36500.0,17.4,S
2021-07-16T13:51:08,32000.0,17.45,S
2021-07-16T13:51:08,500.0,17.45,S
2021-07-16T13:50:52,200.0,17.5,S
2021-07-16T13:50:48,1000.0,17.5,B
2021-07-16T13:50:40,4700.0,17.5,S
2021-07-16T13:49:56,8300.0,17.5,S
2021-07-16T13:49:56,37500.0,17.5,S
2021-07-16T13:49:54,300.0,17.6,B
2021-07-16T13:49:50,100.0,17.6,B
2021-07-16T13:49:34,500.0,17.6,S
2021-07-16T13:49:11,2000.0,17.6,S
2021-07-16T13:48:52,700.0,17.6,S
2021-07-16T13:48:50,1000.0,17.6,S
2021-07-16T13:48:48,100.0,17.6,S
2021-07-16T13:48:41,1000.0,17.6,S
2021-07-16T13:48:40,200.0,17.6,S
2021-07-16T13:48:40,100.0,17.6,S
2021-07-16T13:48:06,200.0,17.6,S
2021-07-16T13:48:06,1000.0,17.6,S
2021-07-16T13:47:35,500.0,17.6,S
2021-07-16T13:47:21,5000.0,17.6,S
2021-07-16T13:47:06,1000.0,17.6,S
2021-07-16T13:46:54,1000.0,17.6,S
2021-07-16T13:46:47,500.0,17.6,S
2021-07-16T13:46:35,800.0,17.6,S
2021-07-16T13:46:35,40300.0,17.6,S
2021-07-16T13:46:35,200.0,17.6,S
2021-07-16T13:46:35,38700.0,17.6,S
2021-07-16T13:46:17,100.0,17.65,S
2021-07-16T13:46:11,100.0,17.7,B
2021-07-16T13:46:06,100.0,17.7,B
2021-07-16T13:45:16,1000.0,17.7,B
2021-07-16T13:45:14,4400.0,17.7,B
2021-07-16T13:45:14,600.0,17.7,B
2021-07-16T13:44:50,500.0,17.7,S
2021-07-16T13:44:38,100.0,17.7,S
2021-07-16T13:44:37,100.0,17.7,S
2021-07-16T13:44:32,1000.0,17.7,S
2021-07-16T13:44:29,500.0,17.7,S
2021-07-16T13:44:21,500.0,17.7,S
2021-07-16T13:44:16,100.0,17.7,S
2021-07-16T13:44:13,200.0,17.7,S
2021-07-16T13:44:13,3400.0,17.7,B
2021-07-16T13:44:07,1000.0,17.7,B
2021-07-16T13:43:48,1700.0,17.7,S
2021-07-16T13:43:45,1000.0,17.7,S
2021-07-16T13:43:27,1000.0,17.7,S
2021-07-16T13:43:14,200.0,17.75,B
2021-07-16T13:43:14,200.0,17.75,B
2021-07-16T13:43:03,300.0,17.75,S
2021-07-16T13:42:53,200.0,17.75,S
2021-07-16T13:42:41,800.0,17.75,B
2021-07-16T13:42:37,100.0,17.75,B
2021-07-16T13:42:36,10000.0,17.7,S
2021-07-16T13:42:35,1000.0,17.75,B
2021-07-16T13:42:28,100.0,17.75,B
2021-07-16T13:42:07,700.0,17.8,B
2021-07-16T13:42:00,400.0,17.75,S
2021-07-16T13:41:53,200.0,17.75,S
2021-07-16T13:41:52,5000.0,17.75,S
2021-07-16T13:41:52,700.0,17.75,S
2021-07-16T13:41:22,1600.0,17.75,B
2021-07-16T13:41:22,700.0,17.75,B
2021-07-16T13:41:22,1100.0,17.75,B
2021-07-16T13:41:14,400.0,17.7,S
2021-07-16T13:41:13,2000.0,17.7,B
2021-07-16T13:41:13,4100.0,17.7,B
2021-07-16T13:40:56,400.0,17.7,B
2021-07-16T13:40:56,2100.0,17.7,S
2021-07-16T13:40:56,1000.0,17.7,S
2021-07-16T13:40:56,12400.0,17.7,S
2021-07-16T13:40:44,1000.0,17.75,S
2021-07-16T13:40:36,200.0,17.75,S
2021-07-16T13:40:36,1500.0,17.75,S
2021-07-16T13:40:36,300.0,17.75,S
2021-07-16T13:40:35,1000.0,17.75,S
2021-07-16T13:40:33,1000.0,17.75,S
2021-07-16T13:40:31,2000.0,17.75,S
2021-07-16T13:40:30,500.0,17.75,S
2021-07-16T13:40:02,500.0,17.75,S
2021-07-16T13:40:02,100.0,17.75,S
2021-07-16T13:39:55,700.0,17.75,S
2021-07-16T13:39:42,400.0,17.75,S
2021-07-16T13:39:34,300.0,17.8,B
2021-07-16T13:39:22,200.0,17.75,S
2021-07-16T13:39:21,3200.0,17.75,B
2021-07-16T13:39:20,100.0,17.75,B
2021-07-16T13:39:04,21000.0,17.75,B
2021-07-16T13:38:52,100.0,17.7,S
2021-07-16T13:38:38,2000.0,17.7,S
2021-07-16T13:38:34,500.0,17.7,S
2021-07-16T13:38:28,7800.0,17.7,B
2021-07-16T13:38:26,5000.0,17.7,B
2021-07-16T13:38:21,300.0,17.7,B
2021-07-16T13:38:19,2000.0,17.65,S
2021-07-16T13:38:19,4000.0,17.65,S
2021-07-16T13:38:19,200.0,17.65,S
2021-07-16T13:38:08,500.0,17.7,B
2021-07-16T13:37:48,5800.0,17.65,B
2021-07-16T13:37:46,300.0,17.6,S
2021-07-16T13:37:44,26700.0,17.6,B
2021-07-16T13:37:36,1400.0,17.6,S
2021-07-16T13:37:34,5000.0,17.6,S
2021-07-16T13:37:23,500.0,17.65,B
2021-07-16T13:37:23,400.0,17.65,B
2021-07-16T13:37:17,10000.0,17.65,S
2021-07-16T13:37:17,34100.0,17.65,S
2021-07-16T13:37:17,4300.0,17.8,B
2021-07-16T13:37:12,100.0,17.85,B
2021-07-16T13:37:11,3000.0,17.85,B
2021-07-16T13:37:06,100.0,17.85,B
2021-07-16T13:37:02,800.0,17.85,B
2021-07-16T13:37:02,7300.0,17.85,B
2021-07-16T13:37:02,100.0,17.85,B
2021-07-16T13:37:02,600.0,17.8,B
2021-07-16T13:37:00,300.0,17.8,S
2021-07-16T13:37:00,1900.0,17.8,S
2021-07-16T13:37:00,2200.0,17.8,S
2021-07-16T13:36:46,2500.0,17.9,B
2021-07-16T13:36:46,1500.0,17.9,B
2021-07-16T13:36:46,1900.0,17.9,B
2021-07-16T13:36:46,300.0,17.85,B
2021-07-16T13:36:41,300.0,17.9,B
2021-07-16T13:36:39,1900.0,17.9,B
2021-07-16T13:36:36,2000.0,17.9,B
2021-07-16T13:36:34,4500.0,17.9,S
2021-07-16T13:36:31,400.0,17.9,S
2021-07-16T13:36:24,3000.0,17.9,B
2021-07-16T13:36:24,900.0,17.85,B
2021-07-16T13:36:18,200.0,17.9,B
2021-07-16T13:36:18,100.0,17.85,S
2021-07-16T13:36:13,25800.0,17.9,B
2021-07-16T13:36:13,100.0,17.9,B
2021-07-16T13:36:13,24100.0,17.9,B
2021-07-16T13:36:11,200.0,17.8,S
2021-07-16T13:36:07,2000.0,17.8,S
2021-07-16T13:36:06,100.0,17.8,S
2021-07-16T13:36:03,3900.0,17.8,S
2021-07-16T13:35:57,3200.0,17.8,B
2021-07-16T13:35:57,2000.0,17.75,S
2021-07-16T13:35:55,200.0,17.8,B
2021-07-16T13:35:51,3000.0,17.8,B
2021-07-16T13:35:47,6500.0,17.75,B
2021-07-16T13:35:41,5000.0,17.75,B
2021-07-16T13:35:41,100.0,17.7,S
2021-07-16T13:35:40,200.0,17.7,S
2021-07-16T13:35:38,4000.0,17.75,B
2021-07-16T13:35:36,100.0,17.75,B
2021-07-16T13:35:31,1100.0,17.7,B
2021-07-16T13:35:31,100.0,17.7,B
2021-07-16T13:35:31,5000.0,17.7,B
2021-07-16T13:35:31,4700.0,17.7,B
2021-07-16T13:35:31,17700.0,17.7,B
2021-07-16T13:35:26,100.0,17.7,B
2021-07-16T13:35:26,100.0,17.65,S
2021-07-16T13:35:13,100.0,17.65,S
2021-07-16T13:35:12,5200.0,17.65,B
2021-07-16T13:35:12,11000.0,17.65,B
2021-07-16T13:35:01,1000.0,17.6,S
2021-07-16T13:34:58,100.0,17.6,S
2021-07-16T13:34:58,1000.0,17.65,B
2021-07-16T13:34:44,2000.0,17.6,S
2021-07-16T13:34:43,4800.0,17.6,B
2021-07-16T13:34:39,1000.0,17.6,B
2021-07-16T13:34:39,9300.0,17.6,B
2021-07-16T13:34:39,700.0,17.6,B
2021-07-16T13:34:39,2300.0,17.6,B
2021-07-16T13:34:39,2100.0,17.6,B
2021-07-16T13:34:39,3100.0,17.6,B
2021-07-16T13:34:39,11000.0,17.6,B
2021-07-16T13:34:39,11500.0,17.6,B
2021-07-16T13:34:36,2000.0,17.6,B
2021-07-16T13:34:35,100.0,17.6,B
2021-07-16T13:34:35,500.0,17.6,B
2021-07-16T13:34:30,1000.0,17.6,B
2021-07-16T13:34:28,500.0,17.55,S
2021-07-16T13:34:27,10000.0,17.6,B
2021-07-16T13:34:16,300.0,17.55,S
2021-07-16T13:34:09,100.0,17.55,S
2021-07-16T13:34:03,100.0,17.55,S
2021-07-16T13:34:01,4300.0,17.55,B
2021-07-16T13:33:54,200.0,17.55,B
2021-07-16T13:33:54,800.0,17.55,B
2021-07-16T13:33:54,9500.0,17.55,B
2021-07-16T13:33:49,1000.0,17.55,B
2021-07-16T13:33:47,400.0,17.5,S
2021-07-16T13:33:47,500.0,17.5,S
2021-07-16T13:33:41,900.0,17.5,S
2021-07-16T13:33:24,1000.0,17.5,S
2021-07-16T13:33:17,300.0,17.5,B
2021-07-16T13:33:17,11600.0,17.5,B
2021-07-16T13:33:17,3600.0,17.5,B
2021-07-16T13:33:17,2400.0,17.5,B
2021-07-16T13:33:17,32400.0,17.5,B
2021-07-16T13:33:15,5000.0,17.5,B
2021-07-16T13:33:15,100.0,17.45,S
2021-07-16T13:33:13,10000.0,17.5,B
2021-07-16T13:33:11,1300.0,17.5,B
2021-07-16T13:33:11,6700.0,17.5,B
2021-07-16T13:33:11,2000.0,17.5,B
2021-07-16T13:33:06,1000.0,17.5,B
2021-07-16T13:33:01,1800.0,17.5,B
2021-07-16T13:33:01,2500.0,17.5,B
2021-07-16T13:33:01,500.0,17.5,B
2021-07-16T13:32:59,300.0,17.5,B
2021-07-16T13:32:59,1400.0,17.5,B
2021-07-16T13:32:59,3300.0,17.5,B
2021-07-16T13:32:54,1000.0,17.5,B
2021-07-16T13:32:53,5000.0,17.5,B
2021-07-16T13:32:40,1100.0,17.5,B
2021-07-16T13:32:29,12000.0,17.5,B
2021-07-16T13:32:24,4000.0,17.5,B
2021-07-16T13:32:06,11800.0,17.5,B
2021-07-16T13:32:06,1200.0,17.45,B
2021-07-16T13:32:06,100.0,17.4,B
2021-07-16T13:32:06,21300.0,17.4,B
2021-07-16T13:32:03,200.0,17.35,S
2021-07-16T13:31:59,100.0,17.35,S
2021-07-16T13:31:59,1000.0,17.35,S
2021-07-16T13:31:51,200.0,17.35,S
2021-07-16T13:31:51,2000.0,17.4,B
2021-07-16T13:31:35,1000.0,17.35,S
2021-07-16T13:31:29,9500.0,17.35,B
2021-07-16T13:31:29,700.0,17.35,B
2021-07-16T13:31:29,7100.0,17.3,B
2021-07-16T13:31:29,2800.0,17.3,B
2021-07-16T13:31:29,13900.0,17.3,B
2021-07-16T13:31:16,100.0,17.25,S
2021-07-16T13:31:00,100.0,17.25,S
2021-07-16T13:31:00,1000.0,17.3,B
2021-07-16T13:30:43,500.0,17.3,B
2021-07-16T13:30:35,500.0,17.25,B
2021-07-16T13:30:35,6500.0,17.25,B
2021-07-16T13:30:35,1400.0,17.25,B
2021-07-16T13:30:35,100.0,17.25,B
2021-07-16T13:30:35,500.0,17.25,B
2021-07-16T13:30:33,100.0,17.25,B
2021-07-16T13:30:26,4300.0,17.25,B
2021-07-16T13:30:00,2000.0,17.2,S
2021-07-16T13:29:31,400.0,17.2,S
2021-07-16T13:29:18,100.0,17.25,B
2021-07-16T13:29:02,400.0,17.2,S
2021-07-16T13:29:00,1000.0,17.2,S
2021-07-16T13:28:47,100.0,17.2,S
2021-07-16T13:28:27,500.0,17.2,B
2021-07-16T13:28:27,2100.0,17.2,B
2021-07-16T13:28:27,700.0,17.2,B
2021-07-16T13:28:27,13300.0,17.2,B
2021-07-16T13:27:09,1600.0,17.2,B
2021-07-16T13:27:06,3000.0,17.15,S
2021-07-16T13:26:51,200.0,17.15,S
2021-07-16T13:26:33,100.0,17.15,S
2021-07-16T13:26:10,500.0,17.15,S
2021-07-16T13:25:11,100.0,17.15,S
2021-07-16T13:25:05,100.0,17.15,S
2021-07-16T13:24:30,100.0,17.15,S
2021-07-16T13:23:10,5000.0,17.15,S
2021-07-16T13:22:54,100.0,17.15,S
2021-07-16T13:22:36,100.0,17.2,B
2021-07-16T13:22:34,1500.0,17.2,B
2021-07-16T13:22:29,4500.0,17.2,S
2021-07-16T13:22:19,3000.0,17.2,S
2021-07-16T13:22:14,100.0,17.2,S
2021-07-16T13:22:09,3400.0,17.25,B
2021-07-16T13:22:09,7000.0,17.25,B
2021-07-16T13:22:09,2200.0,17.25,B
2021-07-16T13:22:09,20900.0,17.25,B
2021-07-16T13:22:09,200.0,17.25,B
2021-07-16T13:22:09,300.0,17.25,B
2021-07-16T13:21:51,100.0,17.2,S
2021-07-16T13:21:29,100.0,17.2,S
2021-07-16T13:21:16,100.0,17.25,B
2021-07-16T13:20:53,300.0,17.2,S
2021-07-16T13:20:48,100.0,17.25,B
2021-07-16T13:19:48,400.0,17.2,B
2021-07-16T13:19:31,5000.0,17.2,B
2021-07-16T13:19:26,18000.0,17.2,B
2021-07-16T13:19:19,10000.0,17.2,B
2021-07-16T13:18:32,1000.0,17.2,B
2021-07-16T13:18:16,7000.0,17.2,B
2021-07-16T13:18:16,3000.0,17.15,B
2021-07-16T13:18:09,1000.0,17.15,B
2021-07-16T13:17:57,300.0,17.1,S
2021-07-16T13:17:36,5000.0,17.15,B
2021-07-16T13:17:21,1600.0,17.1,B
2021-07-16T13:17:06,3000.0,17.1,B
2021-07-16T13:16:06,1000.0,17.05,S
2021-07-16T13:15:52,200.0,17.05,S
2021-07-16T13:15:46,300.0,17.05,S
2021-07-16T13:13:09,4400.0,17.05,B
2021-07-16T13:13:06,700.0,17.05,B
2021-07-16T13:12:43,2000.0,17.05,B
2021-07-16T13:12:31,100.0,17.05,B
2021-07-16T13:11:39,100.0,17.05,B
2021-07-16T13:11:09,100.0,17.0,S
2021-07-16T13:10:58,100.0,17.0,S
2021-07-16T13:10:30,200.0,17.0,S
2021-07-16T13:10:13,3000.0,17.0,S
2021-07-16T13:10:06,100.0,17.0,S
2021-07-16T13:09:27,1000.0,17.0,S
2021-07-16T13:09:23,4700.0,17.0,S
2021-07-16T13:09:06,300.0,17.0,S
2021-07-16T13:08:58,5000.0,17.0,S
2021-07-16T13:08:41,100.0,17.0,S
2021-07-16T13:08:38,5000.0,17.05,B
2021-07-16T13:06:27,300.0,17.05,B
2021-07-16T13:06:04,100.0,17.05,B
2021-07-16T13:05:36,600.0,17.05,B
2021-07-16T13:05:27,700.0,17.0,S
2021-07-16T13:04:59,1000.0,17.0,S
2021-07-16T13:04:32,100.0,17.0,S
2021-07-16T13:04:22,200.0,17.05,S
2021-07-16T13:04:22,100.0,17.05,S
2021-07-16T13:04:12,200.0,17.05,S
2021-07-16T13:04:12,3500.0,17.05,S
2021-07-16T13:04:12,300.0,17.05,S
2021-07-16T13:03:59,1600.0,17.05,S
2021-07-16T13:03:52,5200.0,17.05,S
2021-07-16T13:03:41,6300.0,17.05,S
2021-07-16T13:03:34,1600.0,17.05,S
2021-07-16T13:03:26,1000.0,17.05,S
2021-07-16T11:29:19,100.0,17.1,B
2021-07-16T11:29:12,9500.0,17.1,S
2021-07-16T11:27:55,3900.0,17.1,S
2021-07-16T11:27:17,300.0,17.15,S
2021-07-16T11:26:50,500.0,17.15,S
2021-07-16T11:26:50,200.0,17.15,B
2021-07-16T11:26:40,1000.0,17.15,B
2021-07-16T11:26:20,4000.0,17.15,B
2021-07-16T11:26:11,100.0,17.15,B
2021-07-16T11:25:26,2000.0,17.1,S
2021-07-16T11:25:15,100.0,17.15,B
2021-07-16T11:23:13,200.0,17.15,B
2021-07-16T11:22:52,3000.0,17.1,S
2021-07-16T11:22:41,400.0,17.1,S
2021-07-16T11:20:43,10000.0,17.15,S
2021-07-16T11:20:40,1000.0,17.15,S
2021-07-16T11:20:25,5000.0,17.15,S
2021-07-16T11:20:12,1700.0,17.15,S
2021-07-16T11:17:50,4400.0,17.2,B
2021-07-16T11:17:43,200.0,17.2,B
2021-07-16T11:16:34,100.0,17.2,B
2021-07-16T11:16:22,7600.0,17.2,B
2021-07-16T11:15:35,3200.0,17.2,B
2021-07-16T11:15:32,3600.0,17.2,B
2021-07-16T11:15:32,6400.0,17.2,B
2021-07-16T11:15:04,100.0,17.15,S
2021-07-16T11:15:04,100.0,17.15,S
2021-07-16T11:14:52,400.0,17.15,S
2021-07-16T11:14:45,100.0,17.15,S
2021-07-16T11:14:43,200.0,17.15,S
2021-07-16T11:14:19,500.0,17.15,S
2021-07-16T11:14:05,100.0,17.15,S
2021-07-16T11:13:42,1000.0,17.15,S
2021-07-16T11:12:44,100.0,17.15,S
2021-07-16T11:09:58,16000.0,17.2,B
2021-07-16T11:09:55,500.0,17.2,B
2021-07-16T11:07:59,1300.0,17.2,S
2021-07-16T11:07:59,31000.0,17.2,S
2021-07-16T11:07:54,100.0,17.2,S
2021-07-16T11:07:46,5000.0,17.2,S
2021-07-16T11:07:43,100.0,17.2,S
2021-07-16T11:07:28,7400.0,17.2,B
2021-07-16T11:07:28,200.0,17.2,B
2021-07-16T11:07:28,1000.0,17.2,B
2021-07-16T11:07:28,5200.0,17.2,B
2021-07-16T11:07:18,1000.0,17.15,S
2021-07-16T11:06:18,100.0,17.15,S
2021-07-16T11:05:58,2000.0,17.15,B
2021-07-16T11:05:58,3600.0,17.15,B
2021-07-16T11:05:58,800.0,17.15,B
2021-07-16T11:05:58,2200.0,17.15,B
2021-07-16T11:05:08,2000.0,17.15,B
2021-07-16T11:05:05,100.0,17.1,B
2021-07-16T11:04:53,6000.0,17.1,B
2021-07-16T11:03:28,1000.0,17.05,S
2021-07-16T11:02:56,4300.0,17.05,B
2021-07-16T11:02:32,3800.0,17.05,B
2021-07-16T11:02:32,1200.0,17.05,B
2021-07-16T11:02:11,1000.0,17.05,B
2021-07-16T11:01:39,2000.0,17.05,B
2021-07-16T11:01:25,500.0,17.0,S
2021-07-16T11:01:02,100.0,17.0,S
2021-07-16T11:00:44,1000.0,17.0,S
2021-07-16T11:00:26,200.0,17.0,S
2021-07-16T11:00:16,500.0,17.0,S
2021-07-16T11:00:05,500.0,17.0,S
2021-07-16T11:00:03,100.0,17.0,S
2021-07-16T10:59:52,2900.0,17.0,S
2021-07-16T10:59:52,100.0,17.0,S
2021-07-16T10:59:35,4000.0,17.0,S
2021-07-16T10:59:29,2200.0,17.0,S
2021-07-16T10:59:29,2100.0,17.0,S
2021-07-16T10:59:24,10000.0,17.0,S
2021-07-16T10:58:59,6800.0,17.0,S
2021-07-16T10:58:59,3200.0,17.0,S
2021-07-16T10:58:53,4000.0,17.0,S
2021-07-16T10:58:31,4000.0,17.0,S
2021-07-16T10:58:31,10000.0,17.0,S
2021-07-16T10:58:26,200.0,17.0,S
2021-07-16T10:58:18,5000.0,17.0,S
2021-07-16T10:57:56,2000.0,17.0,S
2021-07-16T10:57:54,800.0,17.0,S
2021-07-16T10:57:54,100.0,17.0,S
2021-07-16T10:57:54,9100.0,17.0,S
2021-07-16T10:57:46,2200.0,17.0,S
2021-07-16T10:57:46,800.0,17.0,S
2021-07-16T10:57:46,400.0,17.0,S
2021-07-16T10:57:46,300.0,17.0,S
2021-07-16T10:57:46,300.0,17.0,S
2021-07-16T10:57:37,1200.0,17.0,S
2021-07-16T10:57:37,100.0,17.0,S
2021-07-16T10:57:37,1200.0,17.0,S
2021-07-16T10:57:37,7500.0,17.0,S
2021-07-16T10:57:28,3000.0,17.0,S
2021-07-16T10:57:28,1200.0,17.0,S
2021-07-16T10:57:28,2000.0,17.0,S
2021-07-16T10:57:28,200.0,17.0,S
2021-07-16T10:57:28,3600.0,17.0,S
2021-07-16T10:57:25,20000.0,17.0,S
2021-07-16T10:57:20,300.0,17.05,B
2021-07-16T10:57:16,3600.0,17.05,S
2021-07-16T10:57:16,10000.0,17.05,S
2021-07-16T10:57:10,100.0,17.05,S
2021-07-16T10:57:06,1200.0,17.05,S
2021-07-16T10:57:06,3800.0,17.05,S
2021-07-16T10:57:02,1900.0,17.05,S
2021-07-16T10:56:57,1900.0,17.05,S
2021-07-16T10:56:57,800.0,17.05,S
2021-07-16T10:56:57,300.0,17.05,S
2021-07-16T10:56:15,500.0,17.1,B
2021-07-16T10:56:07,10000.0,17.05,S
2021-07-16T10:55:59,1000.0,17.1,S
2021-07-16T10:55:48,1400.0,17.1,S
2021-07-16T10:55:48,500.0,17.1,S
2021-07-16T10:55:48,300.0,17.1,S
2021-07-16T10:55:48,200.0,17.1,S
2021-07-16T10:55:48,2200.0,17.1,S
2021-07-16T10:55:48,2100.0,17.1,S
2021-07-16T10:55:48,13300.0,17.1,S
2021-07-16T10:54:56,300.0,17.15,B
2021-07-16T10:54:24,1000.0,17.1,S
2021-07-16T10:51:06,900.0,17.15,B
2021-07-16T10:51:06,1300.0,17.15,B
2021-07-16T10:51:06,1200.0,17.15,B
2021-07-16T10:49:07,2000.0,17.1,S
2021-07-16T10:48:29,1100.0,17.1,S
2021-07-16T10:48:24,400.0,17.15,B
2021-07-16T10:46:40,500.0,17.15,B
2021-07-16T10:46:32,100.0,17.1,S
2021-07-16T10:46:17,2000.0,17.1,S
2021-07-16T10:46:07,1000.0,17.1,S
2021-07-16T10:45:49,200.0,17.1,S
2021-07-16T10:45:44,5000.0,17.1,S
2021-07-16T10:45:37,1000.0,17.1,S
2021-07-16T10:45:23,400.0,17.1,S
2021-07-16T10:45:17,5000.0,17.1,S
2021-07-16T10:44:23,300.0,17.1,S
2021-07-16T10:44:14,1000.0,17.1,S
2021-07-16T10:43:06,1000.0,17.1,S
2021-07-16T10:42:57,100.0,17.1,S
2021-07-16T10:42:32,1000.0,17.1,S
2021-07-16T10:42:10,2000.0,17.15,B
2021-07-16T10:41:25,3300.0,17.15,B
2021-07-16T10:40:32,600.0,17.1,S
2021-07-16T10:40:26,200.0,17.1,S
2021-07-16T10:40:05,100.0,17.1,S
2021-07-16T10:40:04,100.0,17.1,S
2021-07-16T10:40:01,100.0,17.1,S
2021-07-16T10:39:40,3000.0,17.1,S
2021-07-16T10:38:55,3000.0,17.1,S
2021-07-16T10:38:24,300.0,17.1,S
2021-07-16T10:38:10,1000.0,17.1,S
2021-07-16T10:37:26,100.0,17.1,S
2021-07-16T10:36:47,2900.0,17.1,S
2021-07-16T10:34:11,2000.0,17.15,B
2021-07-16T10:34:09,100.0,17.15,B
2021-07-16T10:33:41,200.0,17.15,B
2021-07-16T10:33:19,300.0,17.15,B
2021-07-16T10:32:36,3800.0,17.15,B
2021-07-16T10:32:36,6200.0,17.15,B
2021-07-16T10:32:17,1400.0,17.1,S
2021-07-16T10:32:15,4000.0,17.15,B
2021-07-16T10:30:33,100.0,17.1,S
2021-07-16T10:29:17,1300.0,17.1,S
2021-07-16T10:29:13,500.0,17.1,S
2021-07-16T10:29:12,100.0,17.1,S
2021-07-16T10:27:51,100.0,17.1,S
2021-07-16T10:26:09,100.0,17.1,S
2021-07-16T10:25:55,100.0,17.15,B
2021-07-16T10:25:52,1200.0,17.15,B
2021-07-16T10:25:52,800.0,17.15,B
2021-07-16T10:25:18,300.0,17.15,B
2021-07-16T10:25:08,1000.0,17.15,B
2021-07-16T10:24:53,500.0,17.15,B
2021-07-16T10:24:28,200.0,17.15,B
2021-07-16T10:23:35,500.0,17.15,B
2021-07-16T10:22:41,100.0,17.15,B
2021-07-16T10:21:57,1000.0,17.15,B
2021-07-16T10:21:07,300.0,17.1,S
2021-07-16T10:20:42,200.0,17.15,B
2021-07-16T10:20:40,1000.0,17.1,S
2021-07-16T10:18:37,200.0,17.1,S
2021-07-16T10:17:40,1500.0,17.15,B
2021-07-16T10:17:40,500.0,17.15,B
2021-07-16T10:17:28,1000.0,17.15,B
2021-07-16T10:16:11,500.0,17.15,B
2021-07-16T10:15:37,1800.0,17.1,S
2021-07-16T10:13:49,300.0,17.1,S
2021-07-16T10:13:40,200.0,17.1,S
2021-07-16T10:13:29,1600.0,17.1,S
2021-07-16T10:13:09,100.0,17.1,S
2021-07-16T10:12:21,1600.0,17.1,S
2021-07-16T10:11:46,500.0,17.1,S
2021-07-16T10:11:34,100.0,17.1,S
2021-07-16T10:11:13,200.0,17.1,S
2021-07-16T10:11:04,500.0,17.1,S
2021-07-16T10:10:39,400.0,17.1,S
2021-07-16T10:10:14,200.0,17.1,B
2021-07-16T10:10:02,2000.0,17.1,B
2021-07-16T10:09:45,2900.0,17.1,S
2021-07-16T10:09:39,100.0,17.1,S
2021-07-16T10:09:20,2000.0,17.15,B
2021-07-16T10:09:14,400.0,17.1,S
2021-07-16T10:08:59,5200.0,17.1,S
2021-07-16T10:07:51,1100.0,17.1,S
2021-07-16T10:07:51,1000.0,17.1,S
2021-07-16T10:07:14,200.0,17.1,S
2021-07-16T10:04:49,2000.0,17.15,B
2021-07-16T10:04:10,600.0,17.1,B
2021-07-16T10:04:10,1000.0,17.1,B
2021-07-16T10:04:10,100.0,17.1,B
2021-07-16T10:04:10,7200.0,17.1,B
2021-07-16T10:03:20,400.0,17.05,S
2021-07-16T10:02:47,300.0,17.05,S
2021-07-16T10:02:15,500.0,17.05,S
2021-07-16T10:01:42,2000.0,17.05,S
2021-07-16T10:01:33,500.0,17.05,S
2021-07-16T10:01:20,1000.0,17.05,S
2021-07-16T10:00:57,500.0,17.05,S
2021-07-16T10:00:16,200.0,17.05,S
2021-07-16T10:00:16,700.0,17.05,S
2021-07-16T10:00:16,1300.0,17.05,S
2021-07-16T10:00:16,1200.0,17.05,S
2021-07-16T10:00:16,1500.0,17.05,S
2021-07-16T10:00:16,100.0,17.05,S
2021-07-16T10:00:13,100.0,17.1,B
2021-07-16T09:59:32,2000.0,17.1,B
2021-07-16T09:59:03,18000.0,17.1,B
2021-07-16T09:58:54,100.0,17.1,B
2021-07-16T09:57:59,2300.0,17.1,S
2021-07-16T09:57:34,500.0,17.1,S
2021-07-16T09:57:32,1000.0,17.1,S
2021-07-16T09:57:21,1700.0,17.1,S
2021-07-16T09:57:19,100.0,17.1,S
2021-07-16T09:57:19,10000.0,17.1,S
2021-07-16T09:57:17,5000.0,17.1,S
2021-07-16T09:57:07,1200.0,17.05,S
2021-07-16T09:57:07,10000.0,17.05,S
2021-07-16T09:57:07,3000.0,17.05,S
2021-07-16T09:57:07,5800.0,17.05,S
2021-07-16T09:57:06,400.0,17.1,S
2021-07-16T09:56:57,10000.0,17.1,S
2021-07-16T09:56:27,16000.0,17.1,S
2021-07-16T09:55:18,7800.0,17.15,S
2021-07-16T09:55:02,200.0,17.15,S
2021-07-16T09:54:27,300.0,17.15,S
2021-07-16T09:54:14,400.0,17.15,S
2021-07-16T09:54:10,900.0,17.15,S
2021-07-16T09:54:05,1000.0,17.15,S
2021-07-16T09:54:04,100.0,17.2,B
2021-07-16T09:52:35,1200.0,17.15,S
2021-07-16T09:52:29,1000.0,17.15,S
2021-07-16T09:52:15,100.0,17.15,S
2021-07-16T09:52:10,2000.0,17.15,S
2021-07-16T09:51:25,1000.0,17.15,S
2021-07-16T09:51:25,5000.0,17.15,S
2021-07-16T09:50:18,1800.0,17.15,S
2021-07-16T09:50:15,5000.0,17.15,S
2021-07-16T09:50:09,1000.0,17.2,B
2021-07-16T09:49:21,2200.0,17.2,S
2021-07-16T09:49:06,2800.0,17.2,B
2021-07-16T09:48:45,500.0,17.2,B
2021-07-16T09:48:33,200.0,17.2,B
2021-07-16T09:48:05,300.0,17.2,B
2021-07-16T09:47:38,1000.0,17.2,B
2021-07-16T09:47:28,3000.0,17.2,B
2021-07-16T09:47:18,100.0,17.2,B
2021-07-16T09:47:01,10000.0,17.2,B
2021-07-16T09:46:51,1000.0,17.2,B
2021-07-16T09:46:22,1000.0,17.15,S
2021-07-16T09:45:47,600.0,17.15,S
2021-07-16T09:45:17,200.0,17.15,S
2021-07-16T09:45:15,500.0,17.15,S
2021-07-16T09:45:14,100.0,17.15,S
2021-07-16T09:44:58,300.0,17.15,S
2021-07-16T09:44:50,600.0,17.15,S
2021-07-16T09:43:37,1000.0,17.15,S
2021-07-16T09:42:56,5000.0,17.15,B
2021-07-16T09:42:44,500.0,17.15,B
2021-07-16T09:42:37,100.0,17.15,B
2021-07-16T09:42:23,100.0,17.15,B
2021-07-16T09:42:19,3300.0,17.15,S
2021-07-16T09:42:19,2400.0,17.15,S
2021-07-16T09:42:04,19600.0,17.15,S
2021-07-16T09:41:31,200.0,17.15,S
2021-07-16T09:40:47,2500.0,17.15,S
2021-07-16T09:40:44,19600.0,17.2,B
2021-07-16T09:40:21,6700.0,17.15,B
2021-07-16T09:40:02,8000.0,17.15,B
2021-07-16T09:40:01,100.0,17.1,S
2021-07-16T09:39:54,500.0,17.1,S
2021-07-16T09:39:24,300.0,17.1,S
2021-07-16T09:39:20,500.0,17.15,B
2021-07-16T09:39:09,300.0,17.15,B
2021-07-16T09:38:31,1500.0,17.15,B
2021-07-16T09:38:31,5000.0,17.15,S
2021-07-16T09:38:09,500.0,17.15,S
2021-07-16T09:37:34,200.0,17.15,S
2021-07-16T09:37:20,7000.0,17.15,S
2021-07-16T09:36:50,100.0,17.15,S
2021-07-16T09:36:05,100.0,17.2,B
2021-07-16T09:35:55,500.0,17.2,B
2021-07-16T09:34:31,800.0,17.2,B
2021-07-16T09:34:01,6700.0,17.2,S
2021-07-16T09:33:51,3300.0,17.2,B
2021-07-16T09:33:43,1000.0,17.2,B
2021-07-16T09:33:40,1000.0,17.2,B
2021-07-16T09:33:38,1000.0,17.2,B
2021-07-16T09:32:33,100.0,17.2,B
2021-07-16T09:32:33,300.0,17.2,B
2021-07-16T09:32:33,100.0,17.2,B
2021-07-16T09:32:23,200.0,17.2,B
2021-07-16T09:32:19,500.0,17.2,B
2021-07-16T09:32:17,5200.0,17.2,B
2021-07-16T09:32:01,100.0,17.2,B
2021-07-16T09:31:42,100.0,17.15,B
2021-07-16T09:31:37,1900.0,17.15,B
2021-07-16T09:31:05,500.0,17.1,B
2021-07-16T09:31:05,100.0,17.1,B
2021-07-16T09:30:54,27600.0,17.05,B
2021-07-16T09:30:53,100.0,17.05,B
2021-07-16T09:30:48,10000.0,17.05,B
2021-07-16T09:30:27,500.0,17.05,B
2021-07-16T09:30:13,1000.0,17.05,B
2021-07-16T09:30:12,100.0,17.05,B
2021-07-16T09:30:10,1000.0,17.05,B
2021-07-16T09:29:59,2000.0,17.05,B
2021-07-16T09:29:55,4600.0,17.05,B
2021-07-16T09:29:46,1000.0,17.05,B
2021-07-16T09:29:11,1500.0,17.05,B
2021-07-16T09:29:05,100.0,17.05,B
2021-07-16T09:28:41,400.0,17.0,S
2021-07-16T09:28:22,4000.0,17.05,B
2021-07-16T09:28:22,300.0,17.05,B
2021-07-16T09:28:21,500.0,17.05,B
2021-07-16T09:28:13,200.0,17.05,B
2021-07-16T09:28:09,200.0,17.05,B
2021-07-16T09:28:07,100.0,17.05,B
2021-07-16T09:27:57,400.0,17.05,B
2021-07-16T09:27:52,1400.0,17.05,B
2021-07-16T09:27:44,1300.0,17.05,B
2021-07-16T09:27:37,2000.0,17.05,B
2021-07-16T09:27:11,300.0,17.05,B
2021-07-16T09:26:54,7000.0,17.0,S
2021-07-16T09:26:53,1000.0,17.05,B
2021-07-16T09:26:39,400.0,17.05,B
2021-07-16T09:26:21,100.0,17.0,S
2021-07-16T09:26:12,500.0,17.05,B
2021-07-16T09:26:07,5000.0,17.05,B
2021-07-16T09:26:04,11900.0,17.05,S
2021-07-16T09:26:04,1000.0,17.05,S
2021-07-16T09:25:55,100.0,17.1,B
2021-07-16T09:25:36,1800.0,17.1,S
2021-07-16T09:25:36,18000.0,17.1,S
2021-07-16T09:25:33,2200.0,17.15,S
2021-07-16T09:25:30,100.0,17.2,B
2021-07-16T09:25:13,100.0,17.15,S
2021-07-16T09:24:01,100.0,17.15,S
2021-07-16T09:23:48,700.0,17.2,S
2021-07-16T09:23:46,100.0,17.25,B
2021-07-16T09:23:32,100.0,17.2,S
2021-07-16T09:23:27,6200.0,17.2,S
2021-07-16T09:23:25,500.0,17.2,B
2021-07-16T09:23:04,500.0,17.2,B
2021-07-16T09:22:50,500.0,17.2,B
2021-07-16T09:22:12,800.0,17.2,B
2021-07-16T09:20:45,1000.0,17.1,S
2021-07-16T09:20:31,100.0,17.1,S
2021-07-16T09:19:06,400.0,17.1,S
2021-07-16T09:18:01,1300.0,17.05,S
2021-07-16T09:18:01,1700.0,17.1,S
2021-07-16T09:17:36,1000.0,17.1,S
2021-07-16T09:17:16,3000.0,17.1,S
2021-07-16T09:17:11,2800.0,17.1,S
2021-07-16T09:16:30,100.0,17.1,S
2021-07-16T09:16:20,2000.0,17.1,S
