tradingTime,volume,price,side
2021-07-16T14:30:00,700.0,27.0,B
2021-07-16T14:25:14,6100.0,27.0,S
2021-07-16T14:25:09,100.0,27.0,S
2021-07-16T14:24:49,3800.0,27.0,B
2021-07-16T14:24:48,1900.0,26.9,B
2021-07-16T14:24:33,1000.0,26.85,S
2021-07-16T14:24:29,1100.0,26.9,S
2021-07-16T14:24:28,3000.0,26.9,S
2021-07-16T14:22:04,100.0,26.95,S
2021-07-16T14:22:00,1000.0,27.0,B
2021-07-16T14:21:57,400.0,27.0,S
2021-07-16T14:21:50,100.0,27.0,S
2021-07-16T14:21:40,500.0,27.0,S
2021-07-16T14:21:03,1000.0,27.1,B
2021-07-16T14:21:03,500.0,27.0,B
2021-07-16T14:20:02,7500.0,27.0,S
2021-07-16T14:19:57,500.0,27.0,S
2021-07-16T14:19:31,400.0,27.0,S
2021-07-16T14:19:26,1300.0,27.0,B
2021-07-16T14:19:26,300.0,27.0,B
2021-07-16T14:18:57,100.0,27.0,B
2021-07-16T14:18:01,100.0,27.0,B
2021-07-16T14:18:01,200.0,27.0,B
2021-07-16T14:17:00,6600.0,27.0,B
2021-07-16T14:16:59,100.0,27.0,S
2021-07-16T14:16:33,100.0,27.0,S
2021-07-16T14:16:08,200.0,27.0,S
2021-07-16T14:15:51,2000.0,27.0,S
2021-07-16T14:15:42,200.0,27.0,S
2021-07-16T14:15:23,800.0,27.0,B
2021-07-16T14:13:42,6400.0,27.0,S
2021-07-16T14:13:10,100.0,27.15,B
2021-07-16T14:12:44,200.0,27.15,S
2021-07-16T14:12:29,300.0,27.15,S
2021-07-16T14:12:18,200.0,27.1,S
2021-07-16T14:11:52,200.0,27.1,S
2021-07-16T14:11:28,200.0,27.1,S
2021-07-16T14:11:02,200.0,27.1,S
2021-07-16T14:10:36,200.0,27.1,S
2021-07-16T14:10:34,1000.0,27.1,S
2021-07-16T14:10:12,200.0,27.1,S
2021-07-16T14:10:08,1200.0,27.1,B
2021-07-16T14:09:46,200.0,27.0,S
2021-07-16T14:09:41,1000.0,27.0,S
2021-07-16T14:09:21,200.0,27.0,S
2021-07-16T14:08:54,200.0,27.0,S
2021-07-16T14:08:47,100.0,27.0,S
2021-07-16T14:08:30,200.0,27.0,S
2021-07-16T14:08:03,200.0,27.0,S
2021-07-16T14:07:52,1000.0,27.0,S
2021-07-16T14:07:47,100.0,27.0,S
2021-07-16T14:07:38,200.0,27.0,S
2021-07-16T14:07:13,200.0,27.0,S
2021-07-16T14:06:48,200.0,27.0,S
2021-07-16T14:06:23,200.0,27.0,S
2021-07-16T14:05:57,200.0,27.0,S
2021-07-16T14:05:32,2600.0,27.0,B
2021-07-16T14:04:41,100.0,27.0,S
2021-07-16T14:04:14,200.0,27.0,S
2021-07-16T14:03:50,200.0,27.0,S
2021-07-16T14:03:25,600.0,27.0,B
2021-07-16T14:02:36,500.0,27.0,S
2021-07-16T14:00:42,1000.0,27.2,B
2021-07-16T13:59:10,2000.0,27.2,B
2021-07-16T13:58:41,5100.0,27.2,B
2021-07-16T13:58:41,400.0,27.2,B
2021-07-16T13:58:41,900.0,27.2,B
2021-07-16T13:58:41,200.0,27.2,B
2021-07-16T13:58:41,200.0,27.2,B
2021-07-16T13:58:41,600.0,27.2,B
2021-07-16T13:58:41,800.0,27.2,B
2021-07-16T13:58:41,400.0,27.2,B
2021-07-16T13:58:41,200.0,27.2,B
2021-07-16T13:58:41,2800.0,27.2,B
2021-07-16T13:58:25,1100.0,27.2,B
2021-07-16T13:58:16,600.0,27.2,B
2021-07-16T13:54:34,1400.0,27.2,B
2021-07-16T13:45:10,100.0,27.2,B
2021-07-16T13:44:44,200.0,27.0,S
2021-07-16T13:44:20,200.0,27.0,S
2021-07-16T13:43:53,200.0,27.0,S
2021-07-16T13:43:29,300.0,27.0,S
2021-07-16T13:43:03,200.0,27.0,S
2021-07-16T13:42:37,200.0,27.0,S
2021-07-16T13:42:12,200.0,27.0,S
2021-07-16T13:41:46,200.0,27.0,S
2021-07-16T13:41:21,200.0,27.0,S
2021-07-16T13:40:56,200.0,27.0,S
2021-07-16T13:40:31,200.0,27.0,S
2021-07-16T13:40:05,300.0,27.0,S
2021-07-16T13:39:48,900.0,27.0,B
2021-07-16T13:39:48,200.0,27.0,B
2021-07-16T13:39:48,500.0,27.0,B
2021-07-16T13:36:42,200.0,27.0,S
2021-07-16T13:36:13,200.0,27.0,S
2021-07-16T13:35:51,400.0,27.0,B
2021-07-16T13:35:51,200.0,27.0,B
2021-07-16T13:35:16,200.0,27.0,B
2021-07-16T13:35:16,1100.0,27.0,B
2021-07-16T13:35:16,200.0,27.0,B
2021-07-16T13:35:16,1000.0,27.0,B
2021-07-16T13:32:52,500.0,27.0,B
2021-07-16T13:32:27,100.0,27.0,B
2021-07-16T13:31:08,500.0,27.0,B
2021-07-16T13:30:57,1000.0,27.0,B
2021-07-16T13:30:46,300.0,26.9,S
2021-07-16T13:30:20,200.0,26.9,S
2021-07-16T13:29:55,200.0,26.9,S
2021-07-16T13:29:32,400.0,26.9,B
2021-07-16T13:29:32,300.0,26.9,B
2021-07-16T13:29:32,400.0,26.9,B
2021-07-16T13:29:32,400.0,26.9,B
2021-07-16T13:29:32,400.0,26.9,B
2021-07-16T13:29:32,700.0,26.9,B
2021-07-16T13:29:32,200.0,26.9,B
2021-07-16T13:29:31,400.0,26.9,B
2021-07-16T13:29:31,1400.0,26.9,B
2021-07-16T13:29:31,200.0,26.9,B
2021-07-16T13:29:31,1200.0,26.9,B
2021-07-16T13:29:27,200.0,26.85,S
2021-07-16T13:29:02,200.0,26.85,S
2021-07-16T13:28:37,200.0,26.85,S
2021-07-16T13:28:27,500.0,26.85,S
2021-07-16T13:27:34,200.0,26.9,B
2021-07-16T13:27:34,700.0,26.9,B
2021-07-16T13:27:34,200.0,26.9,B
2021-07-16T13:27:34,400.0,26.9,B
2021-07-16T13:27:34,600.0,26.9,B
2021-07-16T13:27:34,700.0,26.9,B
2021-07-16T13:27:34,200.0,26.9,B
2021-07-16T13:27:34,1000.0,26.9,B
2021-07-16T13:24:58,100.0,26.9,B
2021-07-16T13:24:58,200.0,26.9,B
2021-07-16T13:24:58,1000.0,26.9,B
2021-07-16T13:24:58,500.0,26.9,B
2021-07-16T13:23:37,500.0,26.9,B
2021-07-16T13:23:24,500.0,26.9,B
2021-07-16T13:23:24,300.0,26.9,B
2021-07-16T13:21:54,500.0,26.9,B
2021-07-16T13:21:51,200.0,26.85,S
2021-07-16T13:21:26,200.0,26.85,S
2021-07-16T13:21:00,300.0,26.85,S
2021-07-16T13:20:58,400.0,26.85,B
2021-07-16T13:20:58,1900.0,26.85,B
2021-07-16T13:20:58,700.0,26.85,B
2021-07-16T13:20:58,200.0,26.85,B
2021-07-16T13:20:58,500.0,26.85,B
2021-07-16T13:20:52,300.0,26.85,B
2021-07-16T13:20:52,200.0,26.85,B
2021-07-16T13:19:50,600.0,26.85,B
2021-07-16T13:19:50,200.0,26.85,B
2021-07-16T13:19:50,900.0,26.85,B
2021-07-16T13:16:39,100.0,26.85,B
2021-07-16T13:16:17,300.0,26.85,B
2021-07-16T13:16:00,300.0,26.85,B
2021-07-16T13:13:17,100.0,26.85,B
2021-07-16T13:13:17,100.0,26.8,B
2021-07-16T13:13:11,100.0,26.8,B
2021-07-16T13:13:11,400.0,26.8,B
2021-07-16T13:12:51,300.0,26.8,B
2021-07-16T13:12:51,600.0,26.8,B
2021-07-16T13:12:51,400.0,26.8,B
2021-07-16T13:12:51,100.0,26.8,B
2021-07-16T13:09:59,100.0,26.8,B
2021-07-16T13:09:33,200.0,26.8,S
2021-07-16T13:09:08,200.0,26.8,S
2021-07-16T13:08:43,200.0,26.8,S
2021-07-16T13:08:25,300.0,26.8,S
2021-07-16T13:08:17,300.0,26.8,S
2021-07-16T13:07:51,300.0,26.8,S
2021-07-16T13:07:47,2000.0,26.8,S
2021-07-16T13:07:25,200.0,26.8,S
2021-07-16T13:06:59,200.0,26.8,S
2021-07-16T13:06:52,1000.0,26.8,S
2021-07-16T13:03:47,200.0,26.85,S
2021-07-16T13:03:47,400.0,26.85,S
2021-07-16T11:28:48,200.0,26.9,B
2021-07-16T11:20:46,100.0,26.9,B
2021-07-16T11:19:29,100.0,26.9,B
2021-07-16T11:15:32,100.0,26.9,B
2021-07-16T11:14:00,200.0,26.9,B
2021-07-16T11:09:29,400.0,26.9,B
2021-07-16T11:09:29,100.0,26.9,B
2021-07-16T11:08:11,100.0,26.9,S
2021-07-16T11:07:43,200.0,26.9,S
2021-07-16T11:07:20,200.0,26.85,S
2021-07-16T11:06:55,200.0,26.85,S
2021-07-16T11:06:29,200.0,26.85,S
2021-07-16T11:06:03,200.0,26.85,S
2021-07-16T11:05:38,100.0,26.85,S
2021-07-16T11:05:23,300.0,26.85,B
2021-07-16T11:04:51,300.0,26.85,B
2021-07-16T11:04:11,500.0,26.85,B
2021-07-16T11:03:37,100.0,26.85,B
2021-07-16T11:03:01,200.0,26.85,B
2021-07-16T11:03:01,200.0,26.85,B
2021-07-16T11:03:01,300.0,26.85,B
2021-07-16T11:03:01,200.0,26.85,B
2021-07-16T11:03:01,100.0,26.85,B
2021-07-16T11:01:52,100.0,26.85,B
2021-07-16T11:01:12,200.0,26.85,B
2021-07-16T11:01:12,600.0,26.85,B
2021-07-16T11:01:12,100.0,26.85,B
2021-07-16T11:01:12,100.0,26.85,B
2021-07-16T11:00:30,5000.0,26.85,B
2021-07-16T10:56:15,200.0,26.85,S
2021-07-16T10:56:15,500.0,26.85,S
2021-07-16T10:56:06,200.0,26.9,B
2021-07-16T10:55:28,200.0,26.9,S
2021-07-16T10:55:02,200.0,26.9,S
2021-07-16T10:54:36,100.0,26.9,S
2021-07-16T10:54:29,24000.0,26.9,S
2021-07-16T10:54:11,200.0,27.0,S
2021-07-16T10:53:46,200.0,27.0,S
2021-07-16T10:53:20,200.0,27.0,S
2021-07-16T10:52:54,200.0,27.0,S
2021-07-16T10:52:29,200.0,27.0,S
2021-07-16T10:52:04,200.0,27.0,S
2021-07-16T10:51:39,200.0,27.0,S
2021-07-16T10:51:14,100.0,27.0,S
2021-07-16T10:50:49,200.0,27.0,S
2021-07-16T10:50:22,200.0,27.0,S
2021-07-16T10:49:58,200.0,27.0,S
2021-07-16T10:49:31,200.0,27.0,S
2021-07-16T10:49:06,200.0,27.0,S
2021-07-16T10:48:42,200.0,27.0,S
2021-07-16T10:48:32,600.0,27.0,B
2021-07-16T10:48:15,200.0,26.9,S
2021-07-16T10:47:49,200.0,26.9,S
2021-07-16T10:47:24,100.0,26.9,S
2021-07-16T10:46:59,200.0,26.9,S
2021-07-16T10:46:33,200.0,26.9,S
2021-07-16T10:46:08,100.0,26.9,S
2021-07-16T10:46:08,100.0,26.9,S
2021-07-16T10:45:42,200.0,26.9,S
2021-07-16T10:45:17,200.0,26.9,S
2021-07-16T10:44:52,200.0,26.9,S
2021-07-16T10:44:26,200.0,26.9,S
2021-07-16T10:44:01,100.0,26.9,S
2021-07-16T10:43:34,200.0,26.9,S
2021-07-16T10:43:10,200.0,26.9,S
2021-07-16T10:42:44,200.0,26.9,S
2021-07-16T10:42:39,500.0,26.9,S
2021-07-16T10:41:54,200.0,27.0,S
2021-07-16T10:41:27,200.0,27.0,S
2021-07-16T10:41:03,200.0,27.0,S
2021-07-16T10:40:47,500.0,27.0,B
2021-07-16T10:39:51,300.0,27.0,B
2021-07-16T10:39:51,1000.0,27.0,B
2021-07-16T10:39:51,200.0,27.0,B
2021-07-16T10:39:51,1000.0,27.0,B
2021-07-16T10:39:09,500.0,27.0,B
2021-07-16T10:39:09,100.0,27.0,B
2021-07-16T10:38:55,200.0,26.9,S
2021-07-16T10:38:29,200.0,26.9,S
2021-07-16T10:38:05,200.0,26.9,S
2021-07-16T10:37:39,200.0,26.9,S
2021-07-16T10:37:13,200.0,26.9,S
2021-07-16T10:36:47,100.0,26.9,S
2021-07-16T10:36:23,200.0,26.9,S
2021-07-16T10:35:55,200.0,26.9,S
2021-07-16T10:35:32,200.0,26.9,S
2021-07-16T10:35:07,200.0,26.9,S
2021-07-16T10:34:41,200.0,26.9,S
2021-07-16T10:34:15,200.0,26.9,S
2021-07-16T10:34:15,100.0,26.95,B
2021-07-16T10:33:50,200.0,26.9,S
2021-07-16T10:33:24,100.0,26.9,S
2021-07-16T10:33:17,200.0,26.9,S
2021-07-16T10:32:59,300.0,26.95,B
2021-07-16T10:32:59,200.0,26.95,B
2021-07-16T10:32:00,1000.0,26.95,B
2021-07-16T10:32:00,300.0,26.95,B
2021-07-16T10:31:43,200.0,26.9,S
2021-07-16T10:31:17,200.0,26.9,S
2021-07-16T10:30:52,200.0,26.9,S
2021-07-16T10:30:45,1100.0,26.9,S
2021-07-16T10:30:27,200.0,26.9,S
2021-07-16T10:30:00,200.0,26.9,S
2021-07-16T10:29:35,100.0,26.9,S
2021-07-16T10:29:09,200.0,26.9,S
2021-07-16T10:29:05,300.0,26.9,S
2021-07-16T10:29:05,500.0,26.9,S
2021-07-16T10:26:44,500.0,26.95,B
2021-07-16T10:25:19,100.0,26.95,S
2021-07-16T10:25:04,400.0,26.95,B
2021-07-16T10:24:05,200.0,26.95,S
2021-07-16T10:23:40,200.0,26.95,S
2021-07-16T10:23:34,1500.0,26.95,S
2021-07-16T10:23:24,100.0,26.95,S
2021-07-16T10:20:44,200.0,27.0,B
2021-07-16T10:20:16,500.0,27.0,B
2021-07-16T10:16:27,200.0,27.0,S
2021-07-16T10:16:01,200.0,26.95,S
2021-07-16T10:15:59,300.0,26.95,B
2021-07-16T10:15:59,1800.0,26.95,B
2021-07-16T10:15:59,300.0,26.95,B
2021-07-16T10:15:59,200.0,26.95,B
2021-07-16T10:12:44,300.0,26.95,B
2021-07-16T10:11:40,800.0,26.95,B
2021-07-16T10:11:26,100.0,26.95,B
2021-07-16T10:10:43,300.0,26.95,B
2021-07-16T10:10:43,700.0,26.95,B
2021-07-16T10:10:43,200.0,26.95,B
2021-07-16T10:09:28,200.0,26.95,B
2021-07-16T10:09:28,200.0,26.95,B
2021-07-16T10:08:06,100.0,26.95,B
2021-07-16T10:07:20,100.0,26.95,B
2021-07-16T10:07:20,100.0,26.95,B
2021-07-16T10:05:26,100.0,26.95,S
2021-07-16T10:05:00,200.0,26.95,S
2021-07-16T10:04:35,100.0,26.95,S
2021-07-16T10:04:08,200.0,26.95,S
2021-07-16T10:03:57,100.0,26.95,S
2021-07-16T10:03:43,200.0,26.95,S
2021-07-16T10:03:18,200.0,26.95,S
2021-07-16T10:03:10,200.0,26.95,B
2021-07-16T10:03:10,400.0,26.95,B
2021-07-16T10:02:34,500.0,26.95,B
2021-07-16T10:02:34,100.0,26.95,B
2021-07-16T10:00:57,300.0,26.95,B
2021-07-16T09:59:53,300.0,26.95,S
2021-07-16T09:59:38,200.0,27.0,B
2021-07-16T09:59:37,500.0,27.0,B
2021-07-16T09:58:13,100.0,27.0,S
2021-07-16T09:57:48,200.0,27.0,S
2021-07-16T09:57:47,200.0,27.0,S
2021-07-16T09:57:22,100.0,27.0,S
2021-07-16T09:56:56,200.0,27.0,S
2021-07-16T09:56:30,200.0,27.0,S
2021-07-16T09:56:05,200.0,27.0,S
2021-07-16T09:55:40,200.0,27.0,S
2021-07-16T09:55:15,200.0,27.0,S
2021-07-16T09:54:50,200.0,27.0,S
2021-07-16T09:54:24,200.0,27.0,S
2021-07-16T09:54:22,2800.0,27.0,S
2021-07-16T09:54:22,500.0,27.0,S
2021-07-16T09:54:22,3100.0,27.0,S
2021-07-16T09:54:22,13600.0,27.0,S
2021-07-16T09:52:34,400.0,27.2,B
2021-07-16T09:51:25,100.0,27.2,S
2021-07-16T09:51:00,200.0,27.2,S
2021-07-16T09:50:34,200.0,27.2,S
2021-07-16T09:50:10,100.0,27.2,S
2021-07-16T09:49:43,200.0,27.2,S
2021-07-16T09:49:42,200.0,27.2,B
2021-07-16T09:49:42,600.0,27.2,B
2021-07-16T09:49:42,200.0,27.2,B
2021-07-16T09:49:42,300.0,27.2,B
2021-07-16T09:48:01,300.0,27.2,B
2021-07-16T09:47:12,100.0,27.2,B
2021-07-16T09:47:12,300.0,27.2,B
2021-07-16T09:47:12,600.0,27.2,B
2021-07-16T09:45:14,200.0,27.2,B
2021-07-16T09:45:14,500.0,27.2,B
2021-07-16T09:44:41,200.0,27.2,B
2021-07-16T09:44:41,200.0,27.2,B
2021-07-16T09:44:41,100.0,27.2,B
2021-07-16T09:44:09,800.0,27.2,B
2021-07-16T09:42:45,200.0,27.2,B
2021-07-16T09:42:45,700.0,27.2,B
2021-07-16T09:42:45,400.0,27.2,B
2021-07-16T09:42:45,600.0,27.2,B
2021-07-16T09:42:45,200.0,27.2,B
2021-07-16T09:42:45,2900.0,27.2,B
2021-07-16T09:40:32,300.0,27.2,B
2021-07-16T09:39:14,100.0,27.2,B
2021-07-16T09:39:00,100.0,27.2,B
2021-07-16T09:37:49,200.0,27.2,B
2021-07-16T09:37:04,800.0,27.2,B
2021-07-16T09:36:32,2200.0,27.2,B
2021-07-16T09:36:10,100.0,27.2,S
2021-07-16T09:35:57,400.0,27.2,S
2021-07-16T09:35:45,200.0,27.2,S
2021-07-16T09:35:18,200.0,27.2,S
2021-07-16T09:34:54,200.0,27.2,S
2021-07-16T09:34:48,6000.0,27.2,S
2021-07-16T09:34:28,200.0,27.2,S
2021-07-16T09:34:03,200.0,27.2,S
2021-07-16T09:33:59,3500.0,27.2,S
2021-07-16T09:33:56,7600.0,27.3,B
2021-07-16T09:33:45,6000.0,27.2,S
2021-07-16T09:33:40,3000.0,27.3,B
2021-07-16T09:32:00,100.0,27.3,S
2021-07-16T09:23:41,100.0,27.4,B
2021-07-16T09:20:50,500.0,27.45,S
2021-07-16T09:16:50,100.0,27.45,S
2021-07-16T09:16:26,400.0,27.45,B
