tradingTime,volume,price,side
2021-07-16T14:22:50,500.0,33.3,B
2021-07-16T14:22:20,100.0,33.3,B
2021-07-16T14:20:24,800.0,33.3,B
2021-07-16T14:18:59,1300.0,33.2,S
2021-07-16T14:18:59,400.0,33.3,B
2021-07-16T14:08:53,300.0,33.3,B
2021-07-16T14:05:44,2000.0,33.3,B
2021-07-16T14:05:23,1200.0,33.2,S
2021-07-16T14:04:18,1000.0,33.2,S
2021-07-16T14:03:48,1000.0,33.2,S
2021-07-16T14:03:26,300.0,33.2,S
2021-07-16T14:03:09,500.0,33.2,S
2021-07-16T14:02:29,1700.0,33.3,S
2021-07-16T14:00:17,1500.0,33.4,B
2021-07-16T13:59:30,1700.0,33.35,S
2021-07-16T13:59:02,1000.0,33.35,S
2021-07-16T13:58:33,1000.0,33.35,S
2021-07-16T13:55:19,1100.0,33.4,B
2021-07-16T13:52:00,500.0,33.4,B
2021-07-16T13:50:43,1000.0,33.4,B
2021-07-16T13:50:10,500.0,33.4,B
2021-07-16T13:49:33,700.0,33.4,B
2021-07-16T13:48:37,1000.0,33.35,S
2021-07-16T13:43:49,700.0,33.4,B
2021-07-16T13:40:46,500.0,33.35,S
2021-07-16T13:37:04,1100.0,33.35,S
2021-07-16T13:36:24,700.0,33.4,B
2021-07-16T13:33:27,1000.0,33.4,B
2021-07-16T13:32:38,600.0,33.4,B
2021-07-16T13:31:41,1400.0,33.4,B
2021-07-16T13:30:16,200.0,33.3,B
2021-07-16T13:28:56,5000.0,33.3,B
2021-07-16T13:27:35,500.0,33.3,B
2021-07-16T13:27:27,1100.0,33.3,B
2021-07-16T13:24:47,700.0,33.3,B
2021-07-16T13:20:08,1700.0,33.2,S
2021-07-16T13:18:30,400.0,33.3,B
2021-07-16T13:15:45,100.0,33.3,B
2021-07-16T13:13:09,500.0,33.3,B
2021-07-16T13:10:41,800.0,33.2,B
2021-07-16T13:10:01,300.0,33.2,S
2021-07-16T13:10:01,1900.0,33.2,S
2021-07-16T13:08:35,1000.0,33.3,B
2021-07-16T13:06:18,600.0,33.3,B
2021-07-16T13:04:56,1400.0,33.2,S
2021-07-16T11:28:17,1000.0,33.2,S
2021-07-16T11:24:42,500.0,33.3,B
2021-07-16T11:24:25,800.0,33.3,B
2021-07-16T11:18:27,1000.0,33.3,S
2021-07-16T11:15:53,1000.0,33.4,B
2021-07-16T11:15:53,1200.0,33.3,S
2021-07-16T11:15:20,1000.0,33.3,S
2021-07-16T11:13:48,1500.0,33.4,B
2021-07-16T11:12:59,600.0,33.4,B
2021-07-16T11:12:44,1800.0,33.35,B
2021-07-16T11:12:20,500.0,33.35,B
2021-07-16T11:10:47,1400.0,33.3,B
2021-07-16T11:10:10,600.0,33.3,B
2021-07-16T11:09:29,500.0,33.2,S
2021-07-16T11:07:28,700.0,33.2,S
2021-07-16T11:06:52,3000.0,33.25,B
2021-07-16T11:04:28,1400.0,33.25,B
2021-07-16T11:03:58,400.0,33.2,S
2021-07-16T11:01:52,400.0,33.25,B
2021-07-16T11:01:33,700.0,33.25,B
2021-07-16T10:57:08,1400.0,33.2,S
2021-07-16T10:52:33,1100.0,33.2,S
2021-07-16T10:49:26,500.0,33.25,B
2021-07-16T10:48:45,800.0,33.2,S
2021-07-16T10:48:39,700.0,33.2,S
2021-07-16T10:48:29,1100.0,33.2,S
2021-07-16T10:47:55,2700.0,33.25,S
2021-07-16T10:46:43,1400.0,33.3,S
2021-07-16T10:45:53,1000.0,33.3,S
2021-07-16T10:45:33,800.0,33.3,S
2021-07-16T10:44:14,300.0,33.3,S
2021-07-16T10:42:45,700.0,33.35,B
2021-07-16T10:41:06,700.0,33.3,S
2021-07-16T10:37:22,1100.0,33.35,B
2021-07-16T10:36:42,700.0,33.3,S
2021-07-16T10:26:37,700.0,33.35,B
2021-07-16T10:25:44,700.0,33.35,B
2021-07-16T10:25:04,400.0,33.3,S
2021-07-16T10:25:00,2000.0,33.3,S
2021-07-16T10:24:48,2500.0,33.35,B
2021-07-16T10:24:31,1100.0,33.3,S
2021-07-16T10:24:01,600.0,33.3,S
2021-07-16T10:23:59,400.0,33.35,B
2021-07-16T10:22:38,1000.0,33.3,S
2021-07-16T10:19:42,1100.0,33.3,S
2021-07-16T10:18:03,400.0,33.35,B
2021-07-16T10:17:25,2600.0,33.3,B
2021-07-16T10:16:36,700.0,33.3,B
2021-07-16T10:15:24,100.0,33.3,B
2021-07-16T10:14:38,1000.0,33.3,B
2021-07-16T10:14:07,500.0,33.3,B
2021-07-16T10:13:36,700.0,33.3,B
2021-07-16T10:11:13,700.0,33.2,S
2021-07-16T10:08:45,2000.0,33.3,B
2021-07-16T10:02:23,700.0,33.3,B
2021-07-16T09:59:50,700.0,33.3,B
2021-07-16T09:59:32,1500.0,33.25,S
2021-07-16T09:59:09,1100.0,33.25,S
2021-07-16T09:58:54,1100.0,33.25,S
2021-07-16T09:58:44,500.0,33.3,S
2021-07-16T09:54:34,1000.0,33.3,S
2021-07-16T09:51:17,1800.0,33.35,B
2021-07-16T09:50:57,700.0,33.35,B
2021-07-16T09:50:24,600.0,33.35,B
2021-07-16T09:47:10,1000.0,33.3,S
2021-07-16T09:45:11,2000.0,33.35,B
2021-07-16T09:42:26,800.0,33.3,S
2021-07-16T09:39:21,1100.0,33.35,B
2021-07-16T09:37:53,400.0,33.35,B
2021-07-16T09:36:12,400.0,33.35,B
2021-07-16T09:35:16,2300.0,33.3,B
2021-07-16T09:33:11,1000.0,33.3,B
2021-07-16T09:32:42,500.0,33.3,B
2021-07-16T09:32:20,100.0,33.3,B
2021-07-16T09:31:44,700.0,33.3,B
2021-07-16T09:29:22,1100.0,33.2,S
2021-07-16T09:27:07,500.0,33.2,S
2021-07-16T09:26:38,100.0,33.3,B
2021-07-16T09:26:38,900.0,33.3,S
2021-07-16T09:24:51,500.0,33.3,S
2021-07-16T09:23:34,500.0,33.35,B
2021-07-16T09:22:35,1000.0,33.3,S
2021-07-16T09:20:50,5400.0,33.35,B
2021-07-16T09:20:50,1700.0,33.3,B
2021-07-16T09:20:19,500.0,33.3,B
2021-07-16T09:19:58,1000.0,33.3,B
2021-07-16T09:18:29,1400.0,33.2,S
2021-07-16T09:18:12,1500.0,33.3,B
2021-07-16T09:16:55,500.0,33.3,B
2021-07-16T09:16:47,1000.0,33.3,B
2021-07-16T09:15:41,1700.0,33.2,S
2021-07-16T09:15:12,500.0,33.2,B
