tradingTime,volume,price,side
2021-07-16T14:29:28,1000.0,14.75,S
2021-07-16T14:29:27,100.0,14.8,B
2021-07-16T14:29:08,100.0,14.75,S
2021-07-16T14:28:59,1000.0,14.75,S
2021-07-16T14:28:53,100.0,14.75,S
2021-07-16T14:28:11,2000.0,14.75,S
2021-07-16T14:28:07,1300.0,14.75,S
2021-07-16T14:28:03,100.0,14.75,S
2021-07-16T14:27:39,1000.0,14.75,S
2021-07-16T14:27:30,1600.0,14.8,B
2021-07-16T14:26:49,100.0,14.8,B
2021-07-16T14:25:47,100.0,14.8,S
2021-07-16T14:25:35,1900.0,14.8,S
2021-07-16T14:24:37,1000.0,14.8,B
2021-07-16T14:24:29,100.0,14.75,B
2021-07-16T14:24:27,100.0,14.7,S
2021-07-16T14:24:27,1400.0,14.7,S
2021-07-16T14:24:27,100.0,14.7,S
2021-07-16T14:24:27,2400.0,14.7,S
2021-07-16T14:24:26,1000.0,14.75,S
2021-07-16T14:24:26,1200.0,14.75,S
2021-07-16T14:24:26,300.0,14.75,S
2021-07-16T14:23:59,2000.0,14.75,S
2021-07-16T14:22:47,2600.0,14.8,B
2021-07-16T14:22:36,100.0,14.8,S
2021-07-16T14:22:34,700.0,14.8,S
2021-07-16T14:22:19,5000.0,14.8,S
2021-07-16T14:22:13,1500.0,14.85,B
2021-07-16T14:20:46,100.0,14.85,B
2021-07-16T14:20:31,2000.0,14.8,S
2021-07-16T14:19:18,1000.0,14.85,B
2021-07-16T14:18:49,10000.0,14.85,B
2021-07-16T14:18:15,500.0,14.85,B
2021-07-16T14:15:40,100.0,14.85,B
2021-07-16T14:15:27,3400.0,14.8,B
2021-07-16T14:15:27,500.0,14.8,B
2021-07-16T14:15:25,500.0,14.8,B
2021-07-16T14:14:53,2200.0,14.8,B
2021-07-16T14:14:36,10000.0,14.8,B
2021-07-16T14:14:16,1000.0,14.8,B
2021-07-16T14:13:48,5000.0,14.8,B
2021-07-16T14:13:48,200.0,14.8,B
2021-07-16T14:13:32,100.0,14.8,B
2021-07-16T14:11:33,200.0,14.75,B
2021-07-16T14:11:29,100.0,14.75,B
2021-07-16T14:11:29,1000.0,14.75,B
2021-07-16T14:11:22,300.0,14.75,B
2021-07-16T14:11:20,100.0,14.75,B
2021-07-16T14:11:10,100.0,14.75,B
2021-07-16T14:11:03,1200.0,14.75,S
2021-07-16T14:10:47,4000.0,14.75,S
2021-07-16T14:10:44,200.0,14.8,B
2021-07-16T14:10:08,16900.0,14.8,S
2021-07-16T14:10:01,17600.0,14.8,S
2021-07-16T14:10:01,1500.0,14.8,S
2021-07-16T14:10:01,30900.0,14.8,S
2021-07-16T14:09:29,200.0,14.85,B
2021-07-16T14:08:16,6100.0,14.85,S
2021-07-16T14:07:52,1000.0,14.9,B
2021-07-16T14:06:35,45400.0,14.9,S
2021-07-16T14:06:24,1000.0,14.95,B
2021-07-16T14:05:57,2600.0,14.95,B
2021-07-16T14:04:36,200.0,14.9,S
2021-07-16T14:04:34,1400.0,14.95,S
2021-07-16T14:04:14,100.0,14.95,S
2021-07-16T14:03:57,1700.0,14.95,B
2021-07-16T14:03:39,2300.0,14.95,B
2021-07-16T14:02:41,9000.0,15.0,B
2021-07-16T14:02:36,2100.0,14.95,S
2021-07-16T14:02:28,3000.0,14.95,S
2021-07-16T14:02:15,10000.0,14.95,S
2021-07-16T14:02:13,200.0,14.95,S
2021-07-16T14:02:02,1000.0,14.95,S
2021-07-16T14:00:22,100.0,14.95,S
2021-07-16T14:00:18,2000.0,14.95,S
2021-07-16T14:00:07,100.0,14.95,S
2021-07-16T13:59:53,2000.0,14.95,S
2021-07-16T13:59:24,100.0,14.95,S
2021-07-16T13:59:20,300.0,15.0,B
2021-07-16T13:59:19,3000.0,14.95,S
2021-07-16T13:59:02,2000.0,14.95,S
2021-07-16T13:58:48,100.0,14.95,S
2021-07-16T13:58:26,5000.0,14.95,B
2021-07-16T13:57:27,2900.0,14.95,B
2021-07-16T13:57:27,600.0,14.95,B
2021-07-16T13:57:27,5500.0,14.95,B
2021-07-16T13:57:18,400.0,14.95,B
2021-07-16T13:57:02,4500.0,14.9,B
2021-07-16T13:56:48,900.0,14.9,B
2021-07-16T13:56:19,100.0,14.9,B
2021-07-16T13:56:02,5000.0,14.85,S
2021-07-16T13:56:01,1000.0,14.9,B
2021-07-16T13:55:53,300.0,14.9,B
2021-07-16T13:55:47,20000.0,14.85,S
2021-07-16T13:55:43,3200.0,14.9,S
2021-07-16T13:55:10,7000.0,14.9,B
2021-07-16T13:54:54,23000.0,14.9,S
2021-07-16T13:54:24,100.0,14.9,S
2021-07-16T13:54:00,300.0,14.9,S
2021-07-16T13:53:56,5000.0,14.9,S
2021-07-16T13:53:56,2000.0,14.9,S
2021-07-16T13:53:53,100.0,14.95,B
2021-07-16T13:53:06,200.0,14.9,B
2021-07-16T13:52:58,10000.0,14.9,B
2021-07-16T13:52:43,9200.0,14.9,B
2021-07-16T13:52:32,11400.0,14.9,B
2021-07-16T13:51:34,100.0,14.85,S
2021-07-16T13:51:14,800.0,14.85,S
2021-07-16T13:50:43,500.0,14.9,B
2021-07-16T13:46:35,100.0,14.9,B
2021-07-16T13:46:10,200.0,14.85,S
2021-07-16T13:46:06,100.0,14.9,B
2021-07-16T13:45:51,5000.0,14.85,S
2021-07-16T13:45:50,18200.0,14.85,B
2021-07-16T13:45:36,1000.0,14.85,B
2021-07-16T13:45:12,1000.0,14.85,B
2021-07-16T13:43:35,500.0,14.85,B
2021-07-16T13:43:26,10000.0,14.8,S
2021-07-16T13:39:57,100.0,14.85,B
2021-07-16T13:39:22,1600.0,14.85,B
2021-07-16T13:38:50,5000.0,14.85,B
2021-07-16T13:36:41,300.0,14.85,B
2021-07-16T13:36:39,200.0,14.8,S
2021-07-16T13:36:31,100.0,14.85,B
2021-07-16T13:32:21,100.0,14.8,S
2021-07-16T13:32:12,2100.0,14.8,B
2021-07-16T13:31:59,1000.0,14.8,B
2021-07-16T13:31:50,200.0,14.8,B
2021-07-16T13:31:22,300.0,14.8,B
2021-07-16T13:31:08,6400.0,14.8,S
2021-07-16T13:30:09,100.0,14.8,S
2021-07-16T13:29:48,2600.0,14.8,S
2021-07-16T13:29:22,100.0,14.85,S
2021-07-16T13:28:21,100.0,14.85,S
2021-07-16T13:28:09,5000.0,14.85,S
2021-07-16T13:27:06,100.0,14.9,B
2021-07-16T13:26:47,400.0,14.85,S
2021-07-16T13:25:48,300.0,14.9,B
2021-07-16T13:25:45,900.0,14.9,S
2021-07-16T13:25:27,100.0,14.95,B
2021-07-16T13:25:18,1000.0,14.9,S
2021-07-16T13:25:15,200.0,14.9,S
2021-07-16T13:25:03,100.0,14.9,S
2021-07-16T13:24:49,2800.0,14.9,B
2021-07-16T13:24:26,5500.0,14.9,B
2021-07-16T13:23:23,1300.0,14.9,B
2021-07-16T13:22:51,300.0,14.9,B
2021-07-16T13:21:16,100.0,14.9,B
2021-07-16T13:21:01,9400.0,14.85,B
2021-07-16T13:20:48,700.0,14.85,B
2021-07-16T13:17:18,100.0,14.85,B
2021-07-16T13:16:58,5000.0,14.8,S
2021-07-16T13:16:46,300.0,14.85,B
2021-07-16T13:15:29,100.0,14.85,B
2021-07-16T13:15:21,9900.0,14.8,B
2021-07-16T13:15:12,200.0,14.8,B
2021-07-16T13:14:59,900.0,14.8,B
2021-07-16T13:14:47,100.0,14.8,B
2021-07-16T13:14:30,300.0,14.7,S
2021-07-16T13:14:30,200.0,14.75,S
2021-07-16T13:14:28,100.0,14.8,B
2021-07-16T13:14:25,700.0,14.75,S
2021-07-16T13:14:10,100.0,14.8,B
2021-07-16T13:13:58,188700.0,14.8,B
2021-07-16T13:13:53,11300.0,14.8,B
2021-07-16T13:13:21,1000.0,14.8,B
2021-07-16T13:12:03,100.0,14.8,B
2021-07-16T13:11:54,4100.0,14.75,B
2021-07-16T13:11:45,100.0,14.75,B
2021-07-16T13:11:36,100.0,14.65,S
2021-07-16T13:11:22,100.0,14.8,B
2021-07-16T13:11:09,250900.0,14.65,S
2021-07-16T13:10:30,100.0,14.95,B
2021-07-16T13:09:57,200.0,14.6,S
2021-07-16T13:09:55,500.0,14.6,B
2021-07-16T13:09:55,100.0,14.6,B
2021-07-16T13:09:50,5000.0,14.6,B
2021-07-16T13:09:45,500.0,14.6,B
2021-07-16T13:09:43,200.0,14.6,B
2021-07-16T13:09:35,500.0,14.6,B
2021-07-16T13:09:34,4000.0,14.6,B
2021-07-16T13:09:33,1000.0,14.6,B
2021-07-16T13:09:25,100.0,14.6,B
2021-07-16T13:09:23,200.0,14.6,B
2021-07-16T13:09:04,1100.0,14.6,S
2021-07-16T13:09:04,31600.0,14.6,S
2021-07-16T13:08:56,100.0,14.95,B
2021-07-16T13:08:55,300.0,14.85,B
2021-07-16T13:08:51,15200.0,14.6,S
2021-07-16T13:08:51,1800.0,14.6,S
2021-07-16T13:08:51,2100.0,14.6,S
2021-07-16T13:08:51,1000.0,14.6,S
2021-07-16T13:08:51,74100.0,14.6,S
2021-07-16T13:08:51,4100.0,14.65,S
2021-07-16T13:08:51,16300.0,14.65,S
2021-07-16T13:08:51,200.0,14.7,S
2021-07-16T13:08:51,5100.0,14.7,S
2021-07-16T13:08:51,100.0,14.75,S
2021-07-16T13:08:34,100.0,14.85,B
2021-07-16T13:08:21,17600.0,14.75,S
2021-07-16T13:08:21,37400.0,14.75,S
2021-07-16T13:08:10,16600.0,14.85,S
2021-07-16T13:08:10,3000.0,14.85,S
2021-07-16T13:07:12,100.0,14.95,B
2021-07-16T13:03:56,5000.0,14.95,B
2021-07-16T11:29:12,600.0,14.95,B
2021-07-16T11:27:12,200.0,14.95,B
2021-07-16T11:26:51,100.0,14.95,B
2021-07-16T11:26:40,200.0,14.9,S
2021-07-16T11:25:31,5800.0,14.9,S
2021-07-16T11:23:57,100.0,14.95,B
2021-07-16T11:23:52,5000.0,14.9,S
2021-07-16T11:23:32,300.0,14.95,B
2021-07-16T11:23:00,300.0,14.95,B
2021-07-16T11:22:46,300.0,14.9,B
2021-07-16T11:22:38,3000.0,14.9,B
2021-07-16T11:21:57,500.0,14.9,B
2021-07-16T11:21:26,400.0,14.9,B
2021-07-16T11:21:20,10000.0,14.85,S
2021-07-16T11:21:08,1000.0,14.9,B
2021-07-16T11:20:25,800.0,14.9,B
2021-07-16T11:19:40,200.0,14.9,B
2021-07-16T11:19:08,1000.0,14.85,S
2021-07-16T11:18:38,7200.0,14.9,B
2021-07-16T11:18:38,100.0,14.95,B
2021-07-16T11:18:18,4100.0,14.9,S
2021-07-16T11:17:40,200.0,14.95,B
2021-07-16T11:16:27,100.0,14.95,B
2021-07-16T11:16:12,5000.0,14.9,B
2021-07-16T11:16:12,24000.0,14.9,B
2021-07-16T11:15:53,100.0,14.85,S
2021-07-16T11:14:19,300.0,14.9,B
2021-07-16T11:13:33,200.0,14.9,B
2021-07-16T11:13:24,500.0,14.9,B
2021-07-16T11:13:03,1000.0,14.9,B
2021-07-16T11:12:53,800.0,14.9,B
2021-07-16T11:12:33,200.0,14.9,B
2021-07-16T11:12:27,400.0,14.9,B
2021-07-16T11:11:41,500.0,14.9,B
2021-07-16T11:11:41,100.0,14.9,B
2021-07-16T11:11:33,700.0,14.9,B
2021-07-16T11:11:14,200.0,14.9,B
2021-07-16T11:11:09,1000.0,14.9,B
2021-07-16T11:10:58,300.0,14.9,B
2021-07-16T11:10:49,200.0,14.9,B
2021-07-16T11:10:24,100.0,14.9,B
2021-07-16T11:10:14,600.0,14.85,B
2021-07-16T11:10:14,4100.0,14.85,B
2021-07-16T11:10:13,200.0,14.8,S
2021-07-16T11:10:10,9800.0,14.8,S
2021-07-16T11:09:55,200.0,14.85,B
2021-07-16T11:09:44,700.0,14.8,S
2021-07-16T11:08:43,800.0,14.85,B
2021-07-16T11:08:00,100.0,14.85,B
2021-07-16T11:07:58,500.0,14.85,B
2021-07-16T11:07:40,2000.0,14.85,B
2021-07-16T11:07:38,2000.0,14.85,B
2021-07-16T11:07:30,200.0,14.85,B
2021-07-16T11:07:28,1000.0,14.85,B
2021-07-16T11:06:58,700.0,14.85,B
2021-07-16T11:06:58,1000.0,14.85,B
2021-07-16T11:06:48,500.0,14.85,B
2021-07-16T11:06:45,500.0,14.85,B
2021-07-16T11:06:40,200.0,14.85,B
2021-07-16T11:06:32,2200.0,14.8,B
2021-07-16T11:06:21,2000.0,14.8,B
2021-07-16T11:06:15,6900.0,14.8,B
2021-07-16T11:06:10,7300.0,14.8,B
2021-07-16T11:06:08,500.0,14.8,B
2021-07-16T11:06:05,1000.0,14.8,B
2021-07-16T11:06:00,100.0,14.8,B
2021-07-16T11:05:55,2000.0,14.8,B
2021-07-16T11:05:55,2000.0,14.8,B
2021-07-16T11:05:52,5000.0,14.8,B
2021-07-16T11:05:40,1900.0,14.8,B
2021-07-16T11:05:34,1000.0,14.8,B
2021-07-16T11:05:31,10000.0,14.8,B
2021-07-16T11:05:21,500.0,14.75,S
2021-07-16T11:05:14,2000.0,14.8,B
2021-07-16T11:05:08,5000.0,14.8,B
2021-07-16T11:04:48,100.0,14.8,B
2021-07-16T11:04:44,1000.0,14.8,B
2021-07-16T11:04:23,1300.0,14.8,B
2021-07-16T11:04:23,5000.0,14.8,B
2021-07-16T11:04:22,100.0,14.8,B
2021-07-16T11:04:07,3000.0,14.8,B
2021-07-16T11:04:01,1800.0,14.8,B
2021-07-16T11:03:52,5000.0,14.8,B
2021-07-16T11:03:46,1000.0,14.8,B
2021-07-16T11:03:26,100.0,14.8,B
2021-07-16T11:03:18,900.0,14.75,S
2021-07-16T11:03:10,1000.0,14.75,B
2021-07-16T11:03:01,10000.0,14.75,B
2021-07-16T11:02:51,400.0,14.75,B
2021-07-16T11:02:11,100.0,14.75,B
2021-07-16T11:01:52,2700.0,14.65,B
2021-07-16T11:01:48,100.0,14.65,B
2021-07-16T11:01:42,1000.0,14.65,B
2021-07-16T11:01:41,1200.0,14.65,S
2021-07-16T11:00:40,100.0,14.75,B
2021-07-16T11:00:37,100.0,14.5,S
2021-07-16T11:00:37,2500.0,14.5,S
2021-07-16T11:00:37,500.0,14.5,S
2021-07-16T11:00:37,5600.0,14.5,S
2021-07-16T11:00:37,5500.0,14.5,S
2021-07-16T11:00:37,6000.0,14.5,S
2021-07-16T11:00:37,25000.0,14.5,S
2021-07-16T11:00:37,10900.0,14.5,S
2021-07-16T11:00:37,100.0,14.5,S
2021-07-16T11:00:37,43800.0,14.5,S
2021-07-16T11:00:34,3900.0,14.7,S
2021-07-16T11:00:29,100.0,14.7,B
2021-07-16T11:00:26,1000.0,14.7,B
2021-07-16T11:00:25,60000.0,14.6,S
2021-07-16T11:00:21,200.0,14.65,B
2021-07-16T11:00:12,32000.0,14.65,B
2021-07-16T11:00:11,35700.0,14.65,S
2021-07-16T11:00:11,10000.0,14.65,S
2021-07-16T11:00:11,500.0,14.7,S
2021-07-16T11:00:11,200.0,14.7,S
2021-07-16T11:00:11,21400.0,14.7,S
2021-07-16T11:00:05,1000.0,14.75,B
2021-07-16T10:59:59,50000.0,14.7,S
2021-07-16T10:59:56,200.0,14.75,B
2021-07-16T10:59:54,16300.0,14.75,S
2021-07-16T10:59:48,20000.0,14.75,S
2021-07-16T10:59:47,900.0,14.8,B
2021-07-16T10:59:45,100.0,14.8,B
2021-07-16T10:59:42,100.0,14.8,B
2021-07-16T10:59:38,200.0,14.8,B
2021-07-16T10:59:26,1000.0,14.8,B
2021-07-16T10:59:09,100.0,14.8,B
2021-07-16T10:59:00,300.0,14.8,B
2021-07-16T10:58:59,20300.0,14.8,S
2021-07-16T10:58:59,1200.0,14.8,S
2021-07-16T10:58:35,200.0,14.85,B
2021-07-16T10:58:31,11000.0,14.8,S
2021-07-16T10:58:31,6000.0,14.8,S
2021-07-16T10:58:26,5000.0,14.8,S
2021-07-16T10:57:59,100.0,14.85,B
2021-07-16T10:57:52,6000.0,14.85,S
2021-07-16T10:57:25,100.0,14.9,B
2021-07-16T10:57:11,100.0,14.9,B
2021-07-16T10:57:10,500.0,14.9,S
2021-07-16T10:57:00,30000.0,14.9,S
2021-07-16T10:56:54,4100.0,14.9,S
2021-07-16T10:56:54,24700.0,14.9,S
2021-07-16T10:56:54,4000.0,14.9,S
2021-07-16T10:56:54,300.0,14.9,S
2021-07-16T10:56:54,300.0,14.9,S
2021-07-16T10:56:54,6600.0,14.9,S
2021-07-16T10:56:44,21200.0,14.95,S
2021-07-16T10:56:29,300.0,15.05,B
2021-07-16T10:56:06,50000.0,14.95,S
2021-07-16T10:55:26,500.0,15.05,B
2021-07-16T10:54:14,1300.0,15.0,S
2021-07-16T10:53:59,200.0,15.0,S
2021-07-16T10:53:47,13000.0,15.0,S
2021-07-16T10:53:15,3000.0,15.0,S
2021-07-16T10:51:35,3000.0,15.0,S
2021-07-16T10:50:36,600.0,15.0,S
2021-07-16T10:49:40,500.0,15.05,B
2021-07-16T10:49:37,500.0,15.0,S
2021-07-16T10:49:23,500.0,15.0,S
2021-07-16T10:48:27,400.0,15.0,S
2021-07-16T10:48:15,1000.0,15.0,S
2021-07-16T10:48:15,400.0,15.0,B
2021-07-16T10:47:59,100.0,15.0,B
2021-07-16T10:47:41,500.0,15.0,S
2021-07-16T10:47:32,30000.0,15.0,S
2021-07-16T10:45:40,300.0,15.05,B
2021-07-16T10:44:54,1000.0,15.05,B
2021-07-16T10:43:19,1000.0,15.05,B
2021-07-16T10:42:14,1500.0,15.05,B
2021-07-16T10:41:14,500.0,15.05,B
2021-07-16T10:40:28,3200.0,15.05,B
2021-07-16T10:40:07,400.0,15.05,B
2021-07-16T10:38:48,500.0,15.05,B
2021-07-16T10:38:31,26500.0,15.0,B
2021-07-16T10:38:19,1000.0,15.0,B
2021-07-16T10:38:15,500.0,15.0,B
2021-07-16T10:37:57,1200.0,15.0,B
2021-07-16T10:37:47,100.0,15.0,B
2021-07-16T10:37:01,21100.0,15.0,S
2021-07-16T10:36:37,1700.0,15.0,S
2021-07-16T10:35:08,200.0,15.05,B
2021-07-16T10:34:17,300.0,15.05,B
2021-07-16T10:33:17,100.0,15.0,S
2021-07-16T10:32:19,7400.0,15.0,B
2021-07-16T10:31:45,10000.0,15.0,B
2021-07-16T10:30:21,9700.0,15.0,S
2021-07-16T10:30:19,3000.0,15.0,S
2021-07-16T10:28:04,100.0,15.0,S
2021-07-16T10:27:18,5000.0,15.0,S
2021-07-16T10:27:14,700.0,15.05,B
2021-07-16T10:26:57,200.0,15.05,S
2021-07-16T10:26:32,100.0,15.05,S
2021-07-16T10:26:26,3000.0,15.05,S
2021-07-16T10:26:15,100.0,15.05,S
2021-07-16T10:26:07,6600.0,15.05,S
2021-07-16T10:25:59,2600.0,15.0,S
2021-07-16T10:25:59,2200.0,15.0,S
2021-07-16T10:25:59,9700.0,15.0,S
2021-07-16T10:25:06,5000.0,15.0,S
2021-07-16T10:24:05,5000.0,15.05,B
2021-07-16T10:24:01,1000.0,15.05,B
2021-07-16T10:22:38,3200.0,15.05,B
2021-07-16T10:22:36,1000.0,15.05,B
2021-07-16T10:21:25,1500.0,15.05,S
2021-07-16T10:21:11,5000.0,15.05,S
2021-07-16T10:20:37,100.0,15.05,S
2021-07-16T10:19:58,700.0,15.05,S
2021-07-16T10:19:58,200.0,15.05,S
2021-07-16T10:19:34,100.0,15.05,S
2021-07-16T10:19:27,2000.0,15.05,S
2021-07-16T10:18:44,1000.0,15.05,B
2021-07-16T10:18:00,300.0,15.05,S
2021-07-16T10:17:42,100.0,15.05,S
2021-07-16T10:17:04,100.0,15.1,B
2021-07-16T10:16:56,3000.0,15.05,S
2021-07-16T10:16:44,100.0,15.05,S
2021-07-16T10:16:42,500.0,15.1,B
2021-07-16T10:15:52,58900.0,15.0,S
2021-07-16T10:14:30,1000.0,15.05,B
2021-07-16T10:13:43,1000.0,15.05,B
2021-07-16T10:13:31,14100.0,15.05,S
2021-07-16T10:11:54,400.0,15.1,B
2021-07-16T10:11:49,100.0,15.1,B
2021-07-16T10:11:46,300.0,15.0,S
2021-07-16T10:11:40,19700.0,15.0,B
2021-07-16T10:11:39,3000.0,15.0,B
2021-07-16T10:11:31,300.0,15.0,B
2021-07-16T10:11:27,500.0,15.0,B
2021-07-16T10:11:18,3000.0,15.0,B
2021-07-16T10:11:16,600.0,15.0,B
2021-07-16T10:11:13,500.0,15.0,B
2021-07-16T10:11:07,500.0,15.0,B
2021-07-16T10:10:54,1900.0,15.0,B
2021-07-16T10:10:39,2000.0,15.0,B
2021-07-16T10:10:07,500.0,15.0,B
2021-07-16T10:09:23,100.0,15.0,B
2021-07-16T10:09:09,22800.0,14.95,B
2021-07-16T10:09:08,1000.0,14.95,B
2021-07-16T10:09:06,1000.0,14.95,B
2021-07-16T10:08:58,500.0,14.95,B
2021-07-16T10:08:41,3000.0,14.95,B
2021-07-16T10:08:24,400.0,14.95,B
2021-07-16T10:07:45,100.0,14.95,B
2021-07-16T10:07:18,500.0,14.9,S
2021-07-16T10:07:14,500.0,14.95,B
2021-07-16T10:06:40,100.0,14.95,B
2021-07-16T10:05:10,2000.0,14.9,S
2021-07-16T10:03:16,1000.0,14.9,S
2021-07-16T10:03:06,4200.0,14.9,S
2021-07-16T10:03:06,4800.0,14.9,S
2021-07-16T10:03:06,3000.0,14.9,S
2021-07-16T10:03:06,500.0,14.9,S
2021-07-16T10:03:06,7500.0,14.9,S
2021-07-16T10:01:40,500.0,14.95,B
2021-07-16T10:01:30,2100.0,14.95,B
2021-07-16T10:00:17,200.0,14.95,B
2021-07-16T10:00:15,22800.0,14.95,S
2021-07-16T10:00:08,27400.0,14.95,S
2021-07-16T09:59:32,4500.0,15.0,S
2021-07-16T09:59:04,200.0,15.05,B
2021-07-16T09:59:00,12200.0,15.0,B
2021-07-16T09:58:31,200.0,15.0,B
2021-07-16T09:58:11,500.0,15.0,B
2021-07-16T09:57:35,5000.0,15.0,B
2021-07-16T09:57:15,100.0,15.0,B
2021-07-16T09:56:59,100.0,15.0,B
2021-07-16T09:56:56,100.0,15.0,B
2021-07-16T09:56:56,300.0,15.0,S
2021-07-16T09:56:55,3200.0,15.0,S
2021-07-16T09:56:48,800.0,15.0,S
2021-07-16T09:56:48,9200.0,15.0,S
2021-07-16T09:56:26,1000.0,15.05,B
2021-07-16T09:55:10,300.0,15.05,B
2021-07-16T09:54:36,1000.0,15.05,B
2021-07-16T09:54:34,2800.0,15.05,S
2021-07-16T09:54:29,200.0,15.05,S
2021-07-16T09:54:10,6200.0,15.05,S
2021-07-16T09:54:04,8800.0,15.05,S
2021-07-16T09:53:43,2000.0,15.05,B
2021-07-16T09:53:28,1200.0,15.05,B
2021-07-16T09:52:41,100.0,15.0,S
2021-07-16T09:52:28,20000.0,15.0,S
2021-07-16T09:51:09,200.0,15.0,S
2021-07-16T09:50:54,1000.0,15.05,B
2021-07-16T09:50:09,100.0,15.0,S
2021-07-16T09:49:47,4000.0,15.0,B
2021-07-16T09:49:40,100.0,15.0,B
2021-07-16T09:49:32,900.0,15.0,B
2021-07-16T09:49:11,1000.0,15.0,S
2021-07-16T09:48:50,10500.0,15.0,B
2021-07-16T09:48:33,5600.0,14.95,S
2021-07-16T09:48:12,1500.0,15.0,B
2021-07-16T09:47:30,400.0,15.0,B
2021-07-16T09:47:20,2600.0,14.95,S
2021-07-16T09:47:15,1000.0,14.95,B
2021-07-16T09:47:08,100.0,14.95,B
2021-07-16T09:46:09,600.0,14.95,B
2021-07-16T09:45:47,2000.0,14.95,B
2021-07-16T09:45:28,13700.0,14.95,S
2021-07-16T09:44:37,500.0,15.0,B
2021-07-16T09:44:10,500.0,15.0,B
2021-07-16T09:43:42,8600.0,15.0,S
2021-07-16T09:42:12,1000.0,15.05,B
2021-07-16T09:42:10,20000.0,15.0,S
2021-07-16T09:41:37,100.0,15.05,B
2021-07-16T09:40:52,17500.0,15.0,S
2021-07-16T09:40:52,3000.0,15.05,B
2021-07-16T09:40:22,3000.0,15.05,B
2021-07-16T09:40:20,7200.0,15.05,S
2021-07-16T09:39:46,200.0,15.05,S
2021-07-16T09:39:46,100.0,15.05,S
2021-07-16T09:39:43,100.0,15.05,S
2021-07-16T09:39:00,3400.0,15.05,B
2021-07-16T09:37:01,1300.0,15.05,B
2021-07-16T09:36:24,300.0,15.05,B
2021-07-16T09:35:37,10000.0,15.05,B
2021-07-16T09:35:33,16000.0,15.05,S
2021-07-16T09:35:02,2000.0,15.1,B
2021-07-16T09:34:54,500.0,15.1,B
2021-07-16T09:34:53,15000.0,15.05,S
2021-07-16T09:34:29,300.0,15.1,B
2021-07-16T09:34:24,23000.0,15.1,S
2021-07-16T09:34:03,6000.0,15.15,B
2021-07-16T09:33:39,1400.0,15.15,B
2021-07-16T09:33:17,300.0,15.15,B
2021-07-16T09:32:54,6100.0,15.1,S
2021-07-16T09:32:27,1000.0,15.05,S
2021-07-16T09:31:57,1000.0,15.05,S
2021-07-16T09:31:37,4900.0,15.05,B
2021-07-16T09:31:28,1000.0,15.05,B
2021-07-16T09:31:14,900.0,15.05,B
2021-07-16T09:30:58,300.0,15.05,B
2021-07-16T09:30:42,100.0,15.05,B
2021-07-16T09:30:37,10000.0,15.05,B
2021-07-16T09:30:34,1000.0,15.05,B
2021-07-16T09:30:18,900.0,15.05,B
2021-07-16T09:30:18,12900.0,15.05,S
2021-07-16T09:30:18,10000.0,15.05,S
2021-07-16T09:29:39,13900.0,15.1,S
2021-07-16T09:28:11,9400.0,15.15,S
2021-07-16T09:27:55,600.0,15.15,S
2021-07-16T09:27:37,200.0,15.15,B
2021-07-16T09:27:04,700.0,15.15,S
2021-07-16T09:27:03,6300.0,15.15,S
2021-07-16T09:26:57,3700.0,15.15,S
2021-07-16T09:26:34,1200.0,15.15,S
2021-07-16T09:26:33,10100.0,15.15,B
2021-07-16T09:24:08,400.0,15.15,B
2021-07-16T09:23:59,11500.0,15.0,S
2021-07-16T09:23:59,5500.0,15.0,S
2021-07-16T09:23:52,10300.0,15.05,B
2021-07-16T09:23:48,100.0,15.05,B
2021-07-16T09:22:13,4600.0,15.05,S
2021-07-16T09:22:05,600.0,15.1,S
2021-07-16T09:21:26,5000.0,15.1,S
2021-07-16T09:21:21,4800.0,15.1,S
2021-07-16T09:20:47,5400.0,15.05,B
2021-07-16T09:20:40,200.0,15.0,S
2021-07-16T09:20:18,3800.0,15.0,B
2021-07-16T09:20:11,13000.0,15.0,S
2021-07-16T09:20:11,3200.0,15.0,S
2021-07-16T09:19:50,5300.0,15.0,S
2021-07-16T09:19:50,1700.0,15.0,S
2021-07-16T09:19:46,14500.0,15.0,S
2021-07-16T09:19:42,1000.0,15.05,B
2021-07-16T09:19:02,900.0,15.05,B
2021-07-16T09:18:52,1200.0,15.05,B
2021-07-16T09:18:49,5000.0,15.05,B
2021-07-16T09:18:28,1300.0,15.05,B
2021-07-16T09:18:21,1000.0,15.05,S
2021-07-16T09:18:21,9300.0,15.05,S
2021-07-16T09:17:42,6200.0,15.1,B
2021-07-16T09:17:42,8800.0,15.1,B
2021-07-16T09:17:12,6400.0,15.05,B
2021-07-16T09:16:56,2400.0,15.05,B
2021-07-16T09:16:52,500.0,15.05,B
2021-07-16T09:16:45,5000.0,15.05,B
2021-07-16T09:16:40,200.0,15.05,B
2021-07-16T09:16:20,15200.0,15.05,S
2021-07-16T09:16:20,300.0,15.05,S
2021-07-16T09:15:42,1000.0,15.1,B
2021-07-16T09:15:41,500.0,15.1,B
