tradingTime,volume,price,side
2021-07-16T14:30:00,200.0,86.9,S
2021-07-16T14:29:46,200.0,87.0,B
2021-07-16T14:29:39,1000.0,86.9,S
2021-07-16T14:29:31,300.0,86.9,S
2021-07-16T14:29:23,100.0,87.0,B
2021-07-16T14:29:23,1400.0,87.0,B
2021-07-16T14:29:14,1000.0,86.9,S
2021-07-16T14:29:11,100.0,86.9,S
2021-07-16T14:29:08,100.0,86.9,S
2021-07-16T14:29:01,2000.0,86.9,S
2021-07-16T14:28:52,2500.0,86.9,B
2021-07-16T14:28:52,300.0,86.9,B
2021-07-16T14:28:42,100.0,86.9,B
2021-07-16T14:28:41,100.0,86.9,B
2021-07-16T14:28:38,200.0,86.9,B
2021-07-16T14:28:24,1000.0,87.0,B
2021-07-16T14:28:23,100.0,86.9,B
2021-07-16T14:28:21,900.0,86.9,S
2021-07-16T14:28:19,400.0,86.9,S
2021-07-16T14:28:10,200.0,86.9,S
2021-07-16T14:27:44,100.0,86.8,S
2021-07-16T14:27:44,1400.0,86.8,S
2021-07-16T14:27:44,1000.0,86.9,S
2021-07-16T14:27:44,600.0,86.9,S
2021-07-16T14:27:44,800.0,86.9,S
2021-07-16T14:27:44,200.0,86.9,S
2021-07-16T14:27:44,1500.0,86.9,S
2021-07-16T14:27:44,600.0,86.9,S
2021-07-16T14:27:44,3800.0,86.9,S
2021-07-16T14:27:28,1000.0,86.9,S
2021-07-16T14:27:27,300.0,87.0,B
2021-07-16T14:27:22,700.0,87.0,B
2021-07-16T14:27:22,1100.0,87.0,B
2021-07-16T14:27:21,200.0,87.0,B
2021-07-16T14:27:19,2500.0,86.9,S
2021-07-16T14:27:19,900.0,86.9,S
2021-07-16T14:27:19,6600.0,86.9,S
2021-07-16T14:27:14,300.0,87.0,B
2021-07-16T14:27:13,1400.0,86.9,S
2021-07-16T14:27:11,400.0,86.9,S
2021-07-16T14:27:10,100.0,86.9,S
2021-07-16T14:27:08,100.0,87.0,B
2021-07-16T14:27:01,5300.0,87.0,B
2021-07-16T14:27:01,400.0,87.0,B
2021-07-16T14:27:01,1400.0,87.0,B
2021-07-16T14:27:01,100.0,87.0,B
2021-07-16T14:27:01,2800.0,87.0,B
2021-07-16T14:27:00,100.0,86.9,S
2021-07-16T14:26:51,100.0,86.9,S
2021-07-16T14:26:41,1000.0,86.9,S
2021-07-16T14:26:41,200.0,86.9,S
2021-07-16T14:26:27,200.0,86.9,S
2021-07-16T14:26:26,100.0,87.0,B
2021-07-16T14:26:08,700.0,86.9,S
2021-07-16T14:25:51,1000.0,87.0,B
2021-07-16T14:25:51,200.0,87.0,B
2021-07-16T14:25:51,3800.0,87.0,B
2021-07-16T14:25:48,2100.0,86.9,S
2021-07-16T14:25:46,100.0,86.9,S
2021-07-16T14:25:42,200.0,86.9,S
2021-07-16T14:25:37,400.0,86.9,S
2021-07-16T14:25:25,100.0,86.9,S
2021-07-16T14:25:13,1000.0,86.9,S
2021-07-16T14:25:11,300.0,86.9,S
2021-07-16T14:25:11,100.0,86.9,S
2021-07-16T14:24:56,300.0,86.9,S
2021-07-16T14:24:52,1500.0,86.9,S
2021-07-16T14:24:19,100.0,86.9,S
2021-07-16T14:24:11,300.0,86.9,S
2021-07-16T14:24:02,200.0,86.9,S
2021-07-16T14:23:52,100.0,86.9,B
2021-07-16T14:23:39,1400.0,86.8,S
2021-07-16T14:23:38,100.0,86.9,S
2021-07-16T14:23:27,800.0,86.8,S
2021-07-16T14:23:27,1200.0,86.8,S
2021-07-16T14:23:27,1000.0,87.0,B
2021-07-16T14:23:25,300.0,86.9,S
2021-07-16T14:23:17,100.0,86.9,B
2021-07-16T14:23:15,100.0,86.9,B
2021-07-16T14:23:10,200.0,86.9,B
2021-07-16T14:23:09,800.0,86.9,B
2021-07-16T14:23:06,100.0,86.9,S
2021-07-16T14:23:06,1000.0,86.9,S
2021-07-16T14:23:06,700.0,86.9,S
2021-07-16T14:23:05,500.0,87.0,B
2021-07-16T14:23:04,1000.0,87.0,B
2021-07-16T14:22:59,1000.0,86.9,S
2021-07-16T14:22:56,400.0,86.9,S
2021-07-16T14:22:52,800.0,87.0,B
2021-07-16T14:22:52,9200.0,87.0,B
2021-07-16T14:22:49,1000.0,86.9,S
2021-07-16T14:22:41,1000.0,86.9,S
2021-07-16T14:22:35,100.0,87.0,B
2021-07-16T14:22:17,100.0,86.9,S
2021-07-16T14:22:06,3200.0,87.0,B
2021-07-16T14:22:04,2000.0,86.9,S
2021-07-16T14:21:44,300.0,86.9,B
2021-07-16T14:21:41,1000.0,86.9,B
2021-07-16T14:21:26,2000.0,86.9,B
2021-07-16T14:21:23,300.0,86.8,S
2021-07-16T14:21:18,100.0,86.9,B
2021-07-16T14:21:15,100.0,86.9,B
2021-07-16T14:21:05,200.0,86.9,B
2021-07-16T14:20:54,500.0,86.9,B
2021-07-16T14:20:49,100.0,86.9,B
2021-07-16T14:20:49,300.0,86.9,S
2021-07-16T14:20:43,500.0,86.9,S
2021-07-16T14:20:36,100.0,86.9,S
2021-07-16T14:20:18,1600.0,86.9,S
2021-07-16T14:20:18,6900.0,86.9,S
2021-07-16T14:20:18,1500.0,86.9,S
2021-07-16T14:20:16,2000.0,87.0,B
2021-07-16T14:20:10,200.0,86.9,S
2021-07-16T14:20:08,900.0,87.0,B
2021-07-16T14:19:57,100.0,86.9,S
2021-07-16T14:19:51,100.0,87.0,S
2021-07-16T14:19:38,200.0,87.0,S
2021-07-16T14:19:36,1000.0,87.0,S
2021-07-16T14:19:30,5000.0,87.0,S
2021-07-16T14:19:15,200.0,87.0,S
2021-07-16T14:19:10,500.0,87.0,S
2021-07-16T14:19:10,100.0,87.0,S
2021-07-16T14:19:07,500.0,87.0,S
2021-07-16T14:18:55,500.0,87.0,S
2021-07-16T14:18:53,1000.0,87.0,S
2021-07-16T14:18:51,500.0,87.0,S
2021-07-16T14:18:45,2000.0,87.0,S
2021-07-16T14:18:41,500.0,87.0,B
2021-07-16T14:18:41,600.0,87.0,B
2021-07-16T14:18:41,8700.0,87.0,B
2021-07-16T14:18:19,1000.0,87.0,B
2021-07-16T14:18:16,600.0,86.9,S
2021-07-16T14:18:09,1000.0,86.9,S
2021-07-16T14:18:06,5000.0,86.9,S
2021-07-16T14:17:50,100.0,86.9,S
2021-07-16T14:17:43,200.0,87.0,B
2021-07-16T14:17:39,2000.0,87.0,S
2021-07-16T14:17:34,200.0,87.0,S
2021-07-16T14:17:14,800.0,87.0,S
2021-07-16T14:17:13,1400.0,87.0,S
2021-07-16T14:16:46,200.0,87.0,S
2021-07-16T14:16:41,100.0,87.0,S
2021-07-16T14:16:41,1100.0,87.0,S
2021-07-16T14:16:36,5000.0,87.0,S
2021-07-16T14:16:32,300.0,87.0,S
2021-07-16T14:16:24,3700.0,87.0,B
2021-07-16T14:16:20,100.0,87.0,B
2021-07-16T14:16:13,1000.0,87.0,B
2021-07-16T14:15:37,300.0,87.0,B
2021-07-16T14:15:35,6000.0,87.0,S
2021-07-16T14:15:33,200.0,87.0,S
2021-07-16T14:15:32,100.0,87.0,S
2021-07-16T14:15:22,100.0,87.1,B
2021-07-16T14:15:07,500.0,87.0,S
2021-07-16T14:15:07,1000.0,87.1,B
2021-07-16T14:15:04,100.0,87.0,S
2021-07-16T14:14:57,300.0,87.0,S
2021-07-16T14:14:57,600.0,87.0,S
2021-07-16T14:14:53,200.0,87.0,S
2021-07-16T14:14:50,9100.0,87.0,S
2021-07-16T14:14:50,200.0,87.1,B
2021-07-16T14:14:48,200.0,87.0,S
2021-07-16T14:14:47,100.0,87.0,S
2021-07-16T14:14:36,100.0,87.0,S
2021-07-16T14:14:34,400.0,87.1,B
2021-07-16T14:14:33,300.0,87.1,B
2021-07-16T14:14:29,200.0,87.1,B
2021-07-16T14:14:28,200.0,87.0,S
2021-07-16T14:14:21,3000.0,87.0,S
2021-07-16T14:14:18,100.0,87.0,S
2021-07-16T14:14:18,700.0,87.1,B
2021-07-16T14:14:09,200.0,87.0,S
2021-07-16T14:13:55,1000.0,87.0,S
2021-07-16T14:13:51,1000.0,87.0,S
2021-07-16T14:13:45,300.0,87.1,B
2021-07-16T14:13:43,300.0,87.1,B
2021-07-16T14:13:41,200.0,87.1,B
2021-07-16T14:13:36,700.0,87.1,B
2021-07-16T14:13:33,300.0,87.1,B
2021-07-16T14:13:17,3700.0,87.1,S
2021-07-16T14:13:12,2700.0,87.2,B
2021-07-16T14:13:12,200.0,87.2,B
2021-07-16T14:13:12,300.0,87.2,B
2021-07-16T14:13:12,400.0,87.2,B
2021-07-16T14:13:12,1400.0,87.2,B
2021-07-16T14:13:07,300.0,87.2,B
2021-07-16T14:12:51,500.0,87.2,B
2021-07-16T14:12:41,200.0,87.2,B
2021-07-16T14:12:41,400.0,87.2,B
2021-07-16T14:12:29,500.0,87.1,S
2021-07-16T14:12:25,100.0,87.2,B
2021-07-16T14:12:23,200.0,87.2,B
2021-07-16T14:12:22,100.0,87.1,S
2021-07-16T14:12:18,1400.0,87.1,B
2021-07-16T14:12:12,600.0,87.1,B
2021-07-16T14:12:05,300.0,87.2,B
2021-07-16T14:12:05,200.0,87.2,B
2021-07-16T14:12:05,1100.0,87.2,B
2021-07-16T14:12:05,600.0,87.2,B
2021-07-16T14:12:05,500.0,87.2,B
2021-07-16T14:12:05,4200.0,87.2,B
2021-07-16T14:12:01,2300.0,87.0,B
2021-07-16T14:11:57,700.0,87.0,B
2021-07-16T14:11:56,400.0,87.0,B
2021-07-16T14:11:55,10300.0,86.9,S
2021-07-16T14:11:55,1000.0,87.0,B
2021-07-16T14:11:55,1500.0,87.0,B
2021-07-16T14:11:52,2000.0,87.0,B
2021-07-16T14:11:52,100.0,87.0,B
2021-07-16T14:11:51,100.0,87.0,B
2021-07-16T14:11:49,200.0,87.0,B
2021-07-16T14:11:49,1000.0,87.0,B
2021-07-16T14:11:47,1100.0,87.0,B
2021-07-16T14:11:45,1600.0,87.0,B
2021-07-16T14:11:41,100.0,87.0,B
2021-07-16T14:11:39,500.0,87.0,B
2021-07-16T14:11:39,500.0,87.0,B
2021-07-16T14:11:39,1100.0,87.0,B
2021-07-16T14:11:39,3000.0,87.0,B
2021-07-16T14:11:39,900.0,87.0,B
2021-07-16T14:11:33,400.0,87.0,B
2021-07-16T14:11:32,5000.0,87.0,B
2021-07-16T14:11:25,100.0,87.0,B
2021-07-16T14:11:21,200.0,87.0,B
2021-07-16T14:11:17,500.0,86.9,S
2021-07-16T14:11:08,100.0,87.0,B
2021-07-16T14:11:07,2100.0,86.9,S
2021-07-16T14:10:56,900.0,86.9,S
2021-07-16T14:10:55,3000.0,86.9,B
2021-07-16T14:10:55,400.0,86.9,B
2021-07-16T14:10:54,700.0,86.9,B
2021-07-16T14:10:54,4300.0,86.9,B
2021-07-16T14:10:53,200.0,86.9,B
2021-07-16T14:10:52,500.0,86.9,B
2021-07-16T14:10:44,500.0,86.9,B
2021-07-16T14:10:41,5000.0,86.9,B
2021-07-16T14:10:41,300.0,86.8,S
2021-07-16T14:10:39,200.0,86.9,B
2021-07-16T14:10:24,300.0,86.8,S
2021-07-16T14:10:16,1000.0,86.8,S
2021-07-16T14:10:07,300.0,86.8,B
2021-07-16T14:10:03,100.0,86.8,B
2021-07-16T14:10:00,200.0,86.8,B
2021-07-16T14:09:58,2200.0,86.8,B
2021-07-16T14:09:57,2500.0,86.8,S
2021-07-16T14:09:57,2700.0,86.8,S
2021-07-16T14:09:54,300.0,86.8,S
2021-07-16T14:09:48,100.0,86.8,S
2021-07-16T14:09:47,200.0,86.8,S
2021-07-16T14:09:46,100.0,86.8,S
2021-07-16T14:09:45,400.0,86.8,S
2021-07-16T14:09:40,100.0,86.8,B
2021-07-16T14:09:37,100.0,86.8,B
2021-07-16T14:09:35,1000.0,86.8,B
2021-07-16T14:09:27,1600.0,86.8,B
2021-07-16T14:09:25,200.0,86.8,S
2021-07-16T14:09:23,1800.0,86.8,B
2021-07-16T14:09:20,3200.0,86.8,S
2021-07-16T14:09:17,1000.0,86.8,S
2021-07-16T14:09:13,100.0,86.8,S
2021-07-16T14:09:12,1000.0,86.8,S
2021-07-16T14:09:01,100.0,86.8,B
2021-07-16T14:08:55,2000.0,86.8,B
2021-07-16T14:08:55,200.0,86.8,B
2021-07-16T14:08:53,2000.0,86.8,B
2021-07-16T14:08:52,100.0,86.8,B
2021-07-16T14:08:48,2000.0,86.8,B
2021-07-16T14:08:46,2000.0,86.8,B
2021-07-16T14:08:46,10000.0,86.7,S
2021-07-16T14:08:41,200.0,86.7,S
2021-07-16T14:08:40,100.0,86.8,B
2021-07-16T14:08:39,300.0,86.7,S
2021-07-16T14:08:38,100.0,86.7,S
2021-07-16T14:08:38,200.0,86.7,S
2021-07-16T14:08:29,1000.0,86.6,S
2021-07-16T14:08:28,100.0,86.7,S
2021-07-16T14:08:27,200.0,86.7,B
2021-07-16T14:08:27,200.0,86.7,B
2021-07-16T14:08:23,500.0,86.6,S
2021-07-16T14:08:19,100.0,86.6,S
2021-07-16T14:08:18,100.0,86.8,B
2021-07-16T14:08:17,1000.0,86.6,S
2021-07-16T14:08:16,400.0,86.7,B
2021-07-16T14:08:12,100.0,86.6,S
2021-07-16T14:08:05,600.0,86.7,S
2021-07-16T14:08:05,1000.0,86.7,S
2021-07-16T14:08:03,500.0,86.7,S
2021-07-16T14:07:45,2000.0,86.6,S
2021-07-16T14:07:37,200.0,86.7,S
2021-07-16T14:07:34,500.0,86.7,S
2021-07-16T14:07:18,700.0,86.6,S
2021-07-16T14:07:18,4300.0,86.6,S
2021-07-16T14:07:11,600.0,86.7,B
2021-07-16T14:07:07,400.0,86.7,B
2021-07-16T14:07:04,1000.0,86.7,S
2021-07-16T14:07:04,1000.0,86.7,S
2021-07-16T14:07:01,2000.0,86.7,S
2021-07-16T14:06:08,6000.0,86.7,S
2021-07-16T14:06:04,100.0,86.9,B
2021-07-16T14:05:57,100.0,86.9,B
2021-07-16T14:05:48,100.0,86.9,B
2021-07-16T14:05:42,100.0,86.9,B
2021-07-16T14:05:36,100.0,86.8,B
2021-07-16T14:05:34,100.0,86.8,B
2021-07-16T14:05:24,5800.0,87.0,B
2021-07-16T14:05:00,4000.0,86.6,S
2021-07-16T14:04:59,200.0,86.7,B
2021-07-16T14:04:49,500.0,86.6,S
2021-07-16T14:04:40,800.0,87.0,B
2021-07-16T14:04:31,100.0,86.5,S
2021-07-16T14:04:24,2800.0,86.5,S
2021-07-16T14:04:24,300.0,86.5,S
2021-07-16T14:04:24,2900.0,86.5,S
2021-07-16T14:04:16,400.0,86.7,B
2021-07-16T14:04:13,100.0,86.5,S
2021-07-16T14:04:13,100.0,86.5,S
2021-07-16T14:04:05,1900.0,86.5,S
2021-07-16T14:04:02,1000.0,86.5,S
2021-07-16T14:04:02,1000.0,86.5,S
2021-07-16T14:03:58,6000.0,86.5,S
2021-07-16T14:03:47,1000.0,86.5,S
2021-07-16T14:03:44,200.0,86.7,S
2021-07-16T14:03:44,100.0,86.7,S
2021-07-16T14:03:34,6000.0,86.5,S
2021-07-16T14:03:20,300.0,86.7,B
2021-07-16T14:03:17,500.0,86.7,B
2021-07-16T14:03:11,2200.0,86.7,S
2021-07-16T14:03:06,300.0,86.7,S
2021-07-16T14:03:06,500.0,86.7,S
2021-07-16T14:03:06,800.0,86.7,S
2021-07-16T14:03:06,600.0,86.8,S
2021-07-16T14:03:06,600.0,86.8,S
2021-07-16T14:03:06,200.0,86.8,S
2021-07-16T14:03:05,3000.0,86.8,S
2021-07-16T14:03:01,600.0,86.9,S
2021-07-16T14:03:01,300.0,86.9,S
2021-07-16T14:02:59,500.0,87.0,B
2021-07-16T14:02:56,100.0,87.0,S
2021-07-16T14:02:56,500.0,87.0,S
2021-07-16T14:02:55,2300.0,87.0,B
2021-07-16T14:02:52,500.0,87.0,B
2021-07-16T14:02:47,200.0,87.0,B
2021-07-16T14:02:47,500.0,87.0,S
2021-07-16T14:02:47,1100.0,87.0,S
2021-07-16T14:02:46,600.0,87.0,S
2021-07-16T14:02:43,500.0,87.0,S
2021-07-16T14:02:41,200.0,87.0,S
2021-07-16T14:02:41,500.0,87.0,S
2021-07-16T14:02:41,400.0,87.0,S
2021-07-16T14:02:36,500.0,87.0,S
2021-07-16T14:02:31,1200.0,87.0,S
2021-07-16T14:02:31,4800.0,87.0,S
2021-07-16T14:02:27,1000.0,87.0,S
2021-07-16T14:02:21,200.0,87.1,B
2021-07-16T14:02:21,1000.0,87.0,S
2021-07-16T14:02:16,9000.0,87.0,S
2021-07-16T14:02:16,1000.0,87.1,B
2021-07-16T14:02:13,500.0,87.1,B
2021-07-16T14:02:12,300.0,87.1,B
2021-07-16T14:02:01,500.0,87.1,B
2021-07-16T14:01:58,100.0,87.0,S
2021-07-16T14:01:58,1000.0,87.0,S
2021-07-16T14:01:49,200.0,87.0,S
2021-07-16T14:01:46,300.0,87.1,B
2021-07-16T14:01:44,100.0,87.1,B
2021-07-16T14:01:39,3700.0,87.0,S
2021-07-16T14:01:39,700.0,87.1,S
2021-07-16T14:01:39,1400.0,87.1,S
2021-07-16T14:01:39,200.0,87.1,S
2021-07-16T14:01:37,600.0,87.2,B
2021-07-16T14:01:14,700.0,87.2,B
2021-07-16T14:01:10,300.0,87.1,S
2021-07-16T14:01:04,100.0,87.2,B
2021-07-16T14:01:00,1300.0,87.2,B
2021-07-16T14:00:42,100.0,87.2,B
2021-07-16T14:00:41,200.0,87.1,S
2021-07-16T14:00:33,500.0,87.2,S
2021-07-16T14:00:30,200.0,87.2,S
2021-07-16T14:00:30,100.0,87.2,S
2021-07-16T14:00:25,100.0,87.2,S
2021-07-16T14:00:23,700.0,87.2,S
2021-07-16T14:00:23,300.0,87.2,S
2021-07-16T14:00:21,100.0,87.2,S
2021-07-16T14:00:21,900.0,87.2,S
2021-07-16T14:00:18,900.0,87.2,S
2021-07-16T14:00:17,200.0,87.2,S
2021-07-16T14:00:14,1000.0,87.2,S
2021-07-16T14:00:09,500.0,87.2,S
2021-07-16T14:00:02,300.0,87.3,S
2021-07-16T13:59:59,500.0,87.3,S
2021-07-16T13:59:57,100.0,87.3,S
2021-07-16T13:59:57,900.0,87.3,S
2021-07-16T13:59:57,100.0,87.4,B
2021-07-16T13:59:54,100.0,87.3,S
2021-07-16T13:59:53,1000.0,87.3,S
2021-07-16T13:59:49,500.0,87.3,S
2021-07-16T13:59:49,1000.0,87.3,S
2021-07-16T13:59:45,100.0,87.3,S
2021-07-16T13:59:44,100.0,87.4,B
2021-07-16T13:59:41,10000.0,87.3,S
2021-07-16T13:59:41,700.0,87.3,S
2021-07-16T13:59:41,100.0,87.3,S
2021-07-16T13:59:38,1000.0,87.3,S
2021-07-16T13:59:26,100.0,87.3,S
2021-07-16T13:59:25,500.0,87.4,B
2021-07-16T13:59:07,100.0,87.4,B
2021-07-16T13:58:55,100.0,87.4,S
2021-07-16T13:58:55,5800.0,87.4,S
2021-07-16T13:58:55,100.0,87.4,S
2021-07-16T13:58:51,200.0,87.4,S
2021-07-16T13:58:46,5000.0,87.4,S
2021-07-16T13:58:45,200.0,87.4,S
2021-07-16T13:58:44,200.0,87.4,S
2021-07-16T13:58:41,2000.0,87.5,B
2021-07-16T13:58:41,1000.0,87.4,S
2021-07-16T13:58:39,1000.0,87.4,S
2021-07-16T13:58:36,500.0,87.4,S
2021-07-16T13:58:32,100.0,87.4,S
2021-07-16T13:58:29,1400.0,87.4,S
2021-07-16T13:58:29,1000.0,87.4,S
2021-07-16T13:58:26,100.0,87.4,S
2021-07-16T13:58:20,500.0,87.4,S
2021-07-16T13:58:14,500.0,87.4,S
2021-07-16T13:58:11,100.0,87.4,S
2021-07-16T13:58:09,1500.0,87.4,S
2021-07-16T13:58:04,2000.0,87.4,S
2021-07-16T13:58:01,500.0,87.4,S
2021-07-16T13:57:59,200.0,87.4,S
2021-07-16T13:57:57,1000.0,87.4,S
2021-07-16T13:57:56,500.0,87.4,S
2021-07-16T13:57:53,100.0,87.5,B
2021-07-16T13:57:50,100.0,87.4,S
2021-07-16T13:57:50,300.0,87.5,B
2021-07-16T13:57:50,800.0,87.5,B
2021-07-16T13:57:44,100.0,87.4,S
2021-07-16T13:57:38,1000.0,87.4,S
2021-07-16T13:57:32,100.0,87.5,B
2021-07-16T13:57:30,4500.0,87.5,S
2021-07-16T13:57:28,2000.0,87.5,S
2021-07-16T13:57:24,300.0,87.6,B
2021-07-16T13:57:23,100.0,87.5,S
2021-07-16T13:57:18,200.0,87.6,B
2021-07-16T13:57:17,1000.0,87.6,B
2021-07-16T13:57:12,900.0,87.6,S
2021-07-16T13:57:11,500.0,87.6,S
2021-07-16T13:57:09,500.0,87.6,S
2021-07-16T13:57:08,1000.0,87.6,S
2021-07-16T13:57:03,200.0,87.6,S
2021-07-16T13:57:03,100.0,87.7,B
2021-07-16T13:57:03,100.0,87.6,S
2021-07-16T13:56:41,200.0,87.8,B
2021-07-16T13:56:33,200.0,87.6,S
2021-07-16T13:56:25,200.0,87.6,S
2021-07-16T13:56:23,300.0,87.8,B
2021-07-16T13:56:22,500.0,87.6,S
2021-07-16T13:56:12,100.0,87.6,S
2021-07-16T13:56:06,200.0,87.6,S
2021-07-16T13:56:05,400.0,87.9,B
2021-07-16T13:56:05,100.0,87.7,B
2021-07-16T13:56:01,2000.0,87.6,S
2021-07-16T13:55:59,200.0,87.7,B
2021-07-16T13:55:57,300.0,87.7,B
2021-07-16T13:55:57,700.0,87.7,B
2021-07-16T13:55:55,500.0,87.7,B
2021-07-16T13:55:49,200.0,87.6,S
2021-07-16T13:55:46,1000.0,87.6,S
2021-07-16T13:55:44,1000.0,87.6,S
2021-07-16T13:55:36,100.0,87.7,S
2021-07-16T13:55:28,1000.0,87.7,S
2021-07-16T13:55:25,100.0,87.7,S
2021-07-16T13:55:23,200.0,87.7,S
2021-07-16T13:55:18,100.0,87.8,S
2021-07-16T13:55:15,200.0,87.9,B
2021-07-16T13:55:10,800.0,87.7,S
2021-07-16T13:55:10,2200.0,87.8,S
2021-07-16T13:55:08,1200.0,87.9,S
2021-07-16T13:55:08,1400.0,87.9,S
2021-07-16T13:55:03,500.0,87.9,S
2021-07-16T13:55:02,800.0,87.9,B
2021-07-16T13:55:02,200.0,87.9,B
2021-07-16T13:55:02,2100.0,87.9,B
2021-07-16T13:54:58,200.0,87.9,B
2021-07-16T13:54:58,200.0,87.9,B
2021-07-16T13:54:58,100.0,87.9,B
2021-07-16T13:54:54,100.0,87.9,S
2021-07-16T13:54:54,400.0,87.9,S
2021-07-16T13:54:53,300.0,87.9,S
2021-07-16T13:54:52,100.0,87.9,S
2021-07-16T13:54:52,400.0,87.9,S
2021-07-16T13:54:43,100.0,87.9,S
2021-07-16T13:54:37,1500.0,87.9,B
2021-07-16T13:54:37,3500.0,87.9,S
2021-07-16T13:54:37,200.0,87.9,S
2021-07-16T13:54:35,200.0,87.9,S
2021-07-16T13:54:34,100.0,88.0,B
2021-07-16T13:54:34,2100.0,88.0,B
2021-07-16T13:54:34,2700.0,88.0,B
2021-07-16T13:54:33,3000.0,87.9,S
2021-07-16T13:54:30,100.0,88.0,B
2021-07-16T13:54:29,100.0,87.9,S
2021-07-16T13:54:29,300.0,87.9,S
2021-07-16T13:54:25,1000.0,87.9,S
2021-07-16T13:54:25,100.0,87.9,S
2021-07-16T13:54:24,1100.0,88.0,B
2021-07-16T13:54:23,300.0,88.0,B
2021-07-16T13:54:22,100.0,87.9,S
2021-07-16T13:54:20,500.0,87.9,S
2021-07-16T13:54:19,300.0,87.9,S
2021-07-16T13:54:19,200.0,87.9,S
2021-07-16T13:54:17,100.0,87.9,S
2021-07-16T13:54:13,100.0,87.9,S
2021-07-16T13:54:09,200.0,87.9,S
2021-07-16T13:54:02,200.0,87.9,S
2021-07-16T13:54:02,400.0,88.0,B
2021-07-16T13:54:02,600.0,88.0,B
2021-07-16T13:54:00,100.0,87.9,S
2021-07-16T13:53:58,200.0,87.9,S
2021-07-16T13:53:57,200.0,88.0,B
2021-07-16T13:53:56,200.0,87.9,S
2021-07-16T13:53:56,600.0,87.9,S
2021-07-16T13:53:55,500.0,87.8,S
2021-07-16T13:53:53,1000.0,87.9,B
2021-07-16T13:53:51,1000.0,87.8,S
2021-07-16T13:53:49,1200.0,87.9,B
2021-07-16T13:53:48,1500.0,87.9,B
2021-07-16T13:53:48,500.0,87.9,B
2021-07-16T13:53:46,7000.0,87.8,S
2021-07-16T13:53:44,300.0,87.8,S
2021-07-16T13:53:43,1000.0,87.9,B
2021-07-16T13:53:41,2000.0,87.9,B
2021-07-16T13:53:40,2000.0,87.9,B
2021-07-16T13:53:38,500.0,87.9,B
2021-07-16T13:53:36,1000.0,87.9,B
2021-07-16T13:53:34,600.0,87.9,B
2021-07-16T13:53:32,100.0,87.9,B
2021-07-16T13:53:32,300.0,87.9,B
2021-07-16T13:53:31,2200.0,87.9,B
2021-07-16T13:53:28,200.0,87.8,S
2021-07-16T13:53:27,500.0,87.8,S
2021-07-16T13:53:26,1000.0,87.9,B
2021-07-16T13:53:23,100.0,87.8,S
2021-07-16T13:53:23,500.0,87.8,B
2021-07-16T13:53:23,400.0,87.8,B
2021-07-16T13:53:21,300.0,87.8,B
2021-07-16T13:53:21,1000.0,87.7,S
2021-07-16T13:53:17,1000.0,87.8,B
2021-07-16T13:53:13,200.0,87.8,B
2021-07-16T13:53:11,100.0,87.7,S
2021-07-16T13:53:10,300.0,87.8,B
2021-07-16T13:53:10,300.0,87.8,B
2021-07-16T13:53:08,1100.0,87.8,B
2021-07-16T13:53:08,7900.0,87.7,B
2021-07-16T13:53:08,1500.0,87.7,B
2021-07-16T13:53:05,100.0,87.6,S
2021-07-16T13:53:05,300.0,87.6,B
2021-07-16T13:53:05,300.0,87.6,B
2021-07-16T13:53:05,300.0,87.6,B
2021-07-16T13:53:05,1100.0,87.6,B
2021-07-16T13:53:04,1000.0,87.6,B
2021-07-16T13:53:04,100.0,87.6,B
2021-07-16T13:53:04,100.0,87.6,B
2021-07-16T13:53:02,100.0,87.6,B
2021-07-16T13:52:59,1600.0,87.6,B
2021-07-16T13:52:59,400.0,87.6,B
2021-07-16T13:52:59,200.0,87.6,B
2021-07-16T13:52:59,700.0,87.6,B
2021-07-16T13:52:59,100.0,87.6,B
2021-07-16T13:52:59,1000.0,87.6,B
2021-07-16T13:52:54,1000.0,87.5,S
2021-07-16T13:52:53,100.0,87.5,S
2021-07-16T13:52:52,100.0,87.5,S
2021-07-16T13:52:48,1300.0,87.5,B
2021-07-16T13:52:48,200.0,87.5,B
2021-07-16T13:52:47,1000.0,87.5,B
2021-07-16T13:52:43,300.0,87.5,B
2021-07-16T13:52:40,100.0,87.5,B
2021-07-16T13:52:40,2000.0,87.5,B
2021-07-16T13:52:40,800.0,87.5,B
2021-07-16T13:52:40,2100.0,87.5,B
2021-07-16T13:52:39,1000.0,87.5,B
2021-07-16T13:52:39,200.0,87.5,B
2021-07-16T13:52:34,500.0,87.4,S
2021-07-16T13:52:34,100.0,87.5,B
2021-07-16T13:52:34,200.0,87.5,B
2021-07-16T13:52:34,100.0,87.5,B
2021-07-16T13:52:34,300.0,87.5,B
2021-07-16T13:52:34,200.0,87.5,B
2021-07-16T13:52:34,1200.0,87.5,B
2021-07-16T13:52:34,300.0,87.5,B
2021-07-16T13:52:34,700.0,87.5,B
2021-07-16T13:52:34,600.0,87.5,B
2021-07-16T13:52:34,500.0,87.5,B
2021-07-16T13:52:34,800.0,87.5,B
2021-07-16T13:52:33,1700.0,87.4,S
2021-07-16T13:52:33,400.0,87.5,B
2021-07-16T13:52:33,1600.0,87.5,B
2021-07-16T13:52:31,100.0,87.5,B
2021-07-16T13:52:28,300.0,87.5,B
2021-07-16T13:52:26,100.0,87.4,S
2021-07-16T13:52:23,6500.0,87.5,B
2021-07-16T13:52:23,600.0,87.5,B
2021-07-16T13:52:23,2600.0,87.5,B
2021-07-16T13:52:23,300.0,87.5,B
2021-07-16T13:52:23,100.0,87.4,S
2021-07-16T13:52:17,300.0,87.4,S
2021-07-16T13:52:08,1000.0,87.4,S
2021-07-16T13:52:06,300.0,87.5,B
2021-07-16T13:52:06,1000.0,87.5,B
2021-07-16T13:52:06,400.0,87.5,B
2021-07-16T13:52:06,3300.0,87.5,B
2021-07-16T13:52:00,100.0,87.4,S
2021-07-16T13:51:59,200.0,87.4,S
2021-07-16T13:51:55,500.0,87.4,S
2021-07-16T13:51:34,100.0,87.4,B
2021-07-16T13:51:33,2200.0,87.4,B
2021-07-16T13:51:33,4800.0,87.4,B
2021-07-16T13:51:30,1900.0,87.4,B
2021-07-16T13:51:16,200.0,87.4,B
2021-07-16T13:51:12,1000.0,87.4,B
2021-07-16T13:51:00,500.0,87.4,B
2021-07-16T13:50:53,1000.0,87.4,B
2021-07-16T13:50:49,2600.0,87.4,B
2021-07-16T13:50:47,1600.0,87.4,B
2021-07-16T13:50:47,400.0,87.4,B
2021-07-16T13:50:46,200.0,87.4,B
2021-07-16T13:50:45,1500.0,87.4,B
2021-07-16T13:50:43,1200.0,87.4,B
2021-07-16T13:50:39,1500.0,87.4,B
2021-07-16T13:50:39,500.0,87.4,B
2021-07-16T13:50:37,100.0,87.3,S
2021-07-16T13:50:34,6000.0,87.4,B
2021-07-16T13:50:32,1000.0,87.4,B
2021-07-16T13:50:29,100.0,87.3,S
2021-07-16T13:50:28,500.0,87.3,S
2021-07-16T13:50:24,100.0,87.3,S
2021-07-16T13:50:23,1000.0,87.3,S
2021-07-16T13:50:14,100.0,87.3,S
2021-07-16T13:50:11,500.0,87.4,B
2021-07-16T13:50:09,300.0,87.3,S
2021-07-16T13:50:09,200.0,87.3,S
2021-07-16T13:50:07,600.0,87.3,S
2021-07-16T13:50:05,2000.0,87.3,S
2021-07-16T13:49:57,1000.0,87.3,S
2021-07-16T13:49:53,200.0,87.3,S
2021-07-16T13:49:50,500.0,87.3,S
2021-07-16T13:49:48,400.0,87.3,B
2021-07-16T13:49:47,100.0,87.3,B
2021-07-16T13:49:47,2000.0,87.3,B
2021-07-16T13:49:47,1200.0,87.3,B
2021-07-16T13:49:47,500.0,87.3,B
2021-07-16T13:49:47,1200.0,87.3,B
2021-07-16T13:49:46,5000.0,87.3,B
2021-07-16T13:49:44,300.0,87.2,S
2021-07-16T13:49:43,400.0,87.3,B
2021-07-16T13:49:37,1500.0,87.3,B
2021-07-16T13:49:37,1500.0,87.3,B
2021-07-16T13:49:35,1000.0,87.3,B
2021-07-16T13:49:31,200.0,87.3,B
2021-07-16T13:49:29,100.0,87.2,S
2021-07-16T13:49:16,200.0,87.3,B
2021-07-16T13:49:16,100.0,87.3,B
2021-07-16T13:49:15,1600.0,87.2,S
2021-07-16T13:49:07,1000.0,87.3,B
2021-07-16T13:49:03,500.0,87.2,S
2021-07-16T13:48:53,100.0,87.2,S
2021-07-16T13:48:49,100.0,87.2,S
2021-07-16T13:48:28,11200.0,87.3,S
2021-07-16T13:48:22,5500.0,87.5,B
2021-07-16T13:48:22,3000.0,87.5,B
2021-07-16T13:48:22,200.0,87.5,B
2021-07-16T13:48:22,3000.0,87.5,B
2021-07-16T13:48:22,1900.0,87.5,B
2021-07-16T13:48:22,800.0,87.5,B
2021-07-16T13:48:22,600.0,87.5,B
2021-07-16T13:48:22,1700.0,87.5,B
2021-07-16T13:48:22,400.0,87.5,B
2021-07-16T13:48:22,2800.0,87.5,B
2021-07-16T13:48:22,5500.0,87.4,B
2021-07-16T13:48:22,500.0,87.4,B
2021-07-16T13:48:22,200.0,87.4,B
2021-07-16T13:48:22,3300.0,87.4,B
2021-07-16T13:48:22,600.0,87.4,B
2021-07-16T13:48:15,200.0,87.3,S
2021-07-16T13:48:06,700.0,87.4,B
2021-07-16T13:48:06,1300.0,87.4,B
2021-07-16T13:48:02,100.0,87.4,B
2021-07-16T13:47:53,200.0,87.4,B
2021-07-16T13:47:52,100.0,87.3,S
2021-07-16T13:47:49,1000.0,87.4,B
2021-07-16T13:47:46,200.0,87.3,S
2021-07-16T13:47:37,100.0,87.3,S
2021-07-16T13:47:33,900.0,87.4,B
2021-07-16T13:47:33,200.0,87.4,B
2021-07-16T13:47:33,600.0,87.4,B
2021-07-16T13:47:33,600.0,87.4,B
2021-07-16T13:47:33,100.0,87.4,B
2021-07-16T13:47:33,500.0,87.4,B
2021-07-16T13:47:25,400.0,87.3,S
2021-07-16T13:47:25,2800.0,87.3,S
2021-07-16T13:47:23,200.0,87.4,B
2021-07-16T13:47:23,100.0,87.3,S
2021-07-16T13:47:23,100.0,87.3,S
2021-07-16T13:47:22,100.0,87.3,S
2021-07-16T13:47:21,1900.0,87.3,B
2021-07-16T13:47:16,300.0,87.3,B
2021-07-16T13:47:12,200.0,87.3,B
2021-07-16T13:47:12,400.0,87.3,B
2021-07-16T13:47:12,1400.0,87.3,B
2021-07-16T13:47:12,900.0,87.3,B
2021-07-16T13:47:12,100.0,87.3,B
2021-07-16T13:47:01,300.0,87.3,B
2021-07-16T13:47:01,100.0,87.3,B
2021-07-16T13:46:58,100.0,87.3,B
2021-07-16T13:46:58,1900.0,87.3,B
2021-07-16T13:46:58,100.0,87.1,S
2021-07-16T13:46:58,400.0,87.3,B
2021-07-16T13:46:57,100.0,87.3,B
2021-07-16T13:46:57,200.0,87.3,B
2021-07-16T13:46:57,1900.0,87.1,S
2021-07-16T13:46:54,500.0,87.2,S
2021-07-16T13:46:54,200.0,87.2,S
2021-07-16T13:46:53,500.0,87.2,S
2021-07-16T13:46:51,100.0,87.2,S
2021-07-16T13:46:47,3000.0,87.2,S
2021-07-16T13:46:47,100.0,87.3,B
2021-07-16T13:46:47,3000.0,87.3,B
2021-07-16T13:46:45,100.0,87.2,S
2021-07-16T13:46:44,200.0,87.2,S
2021-07-16T13:46:40,8700.0,87.2,S
2021-07-16T13:46:40,300.0,87.2,B
2021-07-16T13:46:35,300.0,87.2,B
2021-07-16T13:46:34,2500.0,87.2,B
2021-07-16T13:46:34,200.0,87.1,S
2021-07-16T13:46:32,1200.0,87.2,S
2021-07-16T13:46:31,100.0,87.2,S
2021-07-16T13:46:31,1000.0,87.2,S
2021-07-16T13:46:30,2000.0,87.2,S
2021-07-16T13:46:29,200.0,87.2,S
2021-07-16T13:46:28,1000.0,87.2,S
2021-07-16T13:46:26,4900.0,87.2,B
2021-07-16T13:46:25,200.0,87.2,B
2021-07-16T13:46:22,1100.0,87.2,B
2021-07-16T13:46:22,500.0,87.2,B
2021-07-16T13:46:22,1400.0,87.2,B
2021-07-16T13:46:11,200.0,87.2,B
2021-07-16T13:46:11,100.0,87.2,B
2021-07-16T13:46:09,100.0,87.2,B
2021-07-16T13:46:07,1000.0,87.2,B
2021-07-16T13:46:03,600.0,87.2,B
2021-07-16T13:45:59,100.0,87.1,S
2021-07-16T13:45:59,500.0,87.2,B
2021-07-16T13:45:59,500.0,87.2,B
2021-07-16T13:45:56,200.0,87.2,B
2021-07-16T13:45:54,500.0,87.2,B
2021-07-16T13:45:53,200.0,87.1,S
2021-07-16T13:45:51,300.0,87.2,B
2021-07-16T13:45:49,200.0,87.2,B
2021-07-16T13:45:49,2400.0,87.2,B
2021-07-16T13:45:47,1000.0,87.2,B
2021-07-16T13:45:47,300.0,87.2,B
2021-07-16T13:45:46,300.0,87.2,B
2021-07-16T13:45:46,500.0,87.1,S
2021-07-16T13:45:43,800.0,87.2,B
2021-07-16T13:45:43,200.0,87.2,B
2021-07-16T13:45:42,100.0,87.1,S
2021-07-16T13:45:37,100.0,87.1,B
2021-07-16T13:45:37,500.0,87.1,B
2021-07-16T13:45:37,5600.0,87.1,B
2021-07-16T13:45:32,100.0,87.1,B
2021-07-16T13:45:30,500.0,87.0,S
2021-07-16T13:45:29,500.0,87.0,S
2021-07-16T13:45:24,500.0,87.1,B
2021-07-16T13:45:22,100.0,87.0,S
2021-07-16T13:45:21,100.0,87.1,B
2021-07-16T13:45:13,100.0,87.0,S
2021-07-16T13:45:13,300.0,87.0,S
2021-07-16T13:45:12,200.0,87.0,S
2021-07-16T13:45:12,100.0,87.0,B
2021-07-16T13:45:10,1000.0,87.0,B
2021-07-16T13:45:10,100.0,87.0,B
2021-07-16T13:45:10,1500.0,87.0,B
2021-07-16T13:45:10,500.0,87.0,B
2021-07-16T13:45:10,500.0,87.0,B
2021-07-16T13:45:09,600.0,87.0,B
2021-07-16T13:45:09,2200.0,87.0,B
2021-07-16T13:45:09,1400.0,87.0,B
2021-07-16T13:45:09,800.0,87.0,B
2021-07-16T13:45:09,1000.0,87.0,B
2021-07-16T13:45:09,500.0,87.0,B
2021-07-16T13:45:07,400.0,87.0,B
2021-07-16T13:45:07,700.0,87.0,B
2021-07-16T13:45:07,5800.0,87.0,B
2021-07-16T13:45:07,100.0,87.0,B
2021-07-16T13:45:07,4000.0,87.0,B
2021-07-16T13:45:07,5100.0,87.0,B
2021-07-16T13:45:07,2400.0,87.0,B
2021-07-16T13:45:07,3600.0,87.0,B
2021-07-16T13:45:07,3700.0,87.0,B
2021-07-16T13:45:06,100.0,87.0,B
2021-07-16T13:45:04,3000.0,87.0,B
2021-07-16T13:45:04,1000.0,87.0,B
2021-07-16T13:45:04,100.0,87.0,B
2021-07-16T13:45:03,500.0,87.0,B
2021-07-16T13:45:01,200.0,87.0,B
2021-07-16T13:45:01,6000.0,87.0,B
2021-07-16T13:45:00,600.0,87.0,B
2021-07-16T13:44:59,500.0,87.0,B
2021-07-16T13:44:57,2700.0,87.0,B
2021-07-16T13:44:56,500.0,86.9,S
2021-07-16T13:44:53,200.0,87.0,B
2021-07-16T13:44:53,100.0,87.0,B
2021-07-16T13:44:53,300.0,87.0,B
2021-07-16T13:44:53,3200.0,87.0,B
2021-07-16T13:44:53,600.0,87.0,B
2021-07-16T13:44:53,3000.0,87.0,B
2021-07-16T13:44:53,4300.0,86.9,S
2021-07-16T13:44:53,700.0,86.9,S
2021-07-16T13:44:52,100.0,86.9,S
2021-07-16T13:44:49,200.0,87.0,B
2021-07-16T13:44:49,1000.0,87.0,B
2021-07-16T13:44:46,200.0,87.0,B
2021-07-16T13:44:44,200.0,87.0,B
2021-07-16T13:44:43,5000.0,87.0,B
2021-07-16T13:44:41,600.0,87.0,B
2021-07-16T13:44:41,400.0,87.0,B
2021-07-16T13:44:41,100.0,87.0,B
2021-07-16T13:44:40,100.0,86.9,S
2021-07-16T13:44:38,100.0,87.0,B
2021-07-16T13:44:38,2000.0,87.0,B
2021-07-16T13:44:38,100.0,86.9,S
2021-07-16T13:44:36,2000.0,87.0,B
2021-07-16T13:44:36,100.0,86.9,S
2021-07-16T13:44:32,800.0,86.9,S
2021-07-16T13:44:32,2000.0,87.0,B
2021-07-16T13:44:32,2200.0,87.0,B
2021-07-16T13:44:32,800.0,87.0,B
2021-07-16T13:44:26,900.0,87.0,B
2021-07-16T13:44:22,1800.0,87.0,B
2021-07-16T13:44:22,200.0,87.0,B
2021-07-16T13:44:21,200.0,86.9,S
2021-07-16T13:44:21,1000.0,87.0,B
2021-07-16T13:44:20,300.0,86.9,S
2021-07-16T13:44:19,5000.0,87.0,B
2021-07-16T13:44:16,200.0,86.9,S
2021-07-16T13:44:14,500.0,87.0,B
2021-07-16T13:44:10,100.0,86.9,S
2021-07-16T13:44:10,500.0,86.9,S
2021-07-16T13:44:09,300.0,86.9,S
2021-07-16T13:44:08,700.0,87.0,B
2021-07-16T13:44:07,300.0,87.0,B
2021-07-16T13:44:02,100.0,86.9,S
2021-07-16T13:44:01,200.0,86.9,S
2021-07-16T13:43:56,200.0,86.9,S
2021-07-16T13:43:55,100.0,86.9,S
2021-07-16T13:43:53,200.0,86.9,B
2021-07-16T13:43:53,100.0,86.9,B
2021-07-16T13:43:51,1700.0,86.8,S
2021-07-16T13:43:51,100.0,86.9,B
2021-07-16T13:43:46,100.0,86.8,S
2021-07-16T13:43:45,2900.0,86.9,B
2021-07-16T13:43:45,100.0,86.9,B
2021-07-16T13:43:43,100.0,86.9,B
2021-07-16T13:43:43,100.0,86.8,S
2021-07-16T13:43:41,2300.0,86.9,B
2021-07-16T13:43:41,1200.0,86.9,B
2021-07-16T13:43:41,2000.0,86.9,B
2021-07-16T13:43:39,3200.0,86.9,B
2021-07-16T13:43:39,600.0,86.9,B
2021-07-16T13:43:39,200.0,86.9,B
2021-07-16T13:43:35,100.0,86.8,S
2021-07-16T13:43:33,1000.0,86.9,B
2021-07-16T13:43:26,500.0,86.9,B
2021-07-16T13:43:21,500.0,86.8,B
2021-07-16T13:43:21,600.0,86.8,B
2021-07-16T13:43:20,2700.0,86.8,B
2021-07-16T13:43:18,100.0,86.8,B
2021-07-16T13:43:17,100.0,86.8,B
2021-07-16T13:43:17,500.0,86.8,B
2021-07-16T13:43:17,3100.0,86.8,B
2021-07-16T13:43:17,1000.0,86.8,B
2021-07-16T13:43:17,900.0,86.8,B
2021-07-16T13:43:17,500.0,86.7,S
2021-07-16T13:43:16,100.0,86.8,B
2021-07-16T13:43:08,100.0,86.8,B
2021-07-16T13:43:07,400.0,86.7,S
2021-07-16T13:43:07,200.0,86.7,S
2021-07-16T13:43:04,300.0,86.8,B
2021-07-16T13:43:03,100.0,86.8,B
2021-07-16T13:43:02,1000.0,86.8,B
2021-07-16T13:43:02,1000.0,86.7,S
2021-07-16T13:42:51,400.0,86.8,B
2021-07-16T13:42:51,600.0,86.8,B
2021-07-16T13:42:50,100.0,86.8,B
2021-07-16T13:42:49,100.0,86.7,S
2021-07-16T13:42:49,300.0,86.8,B
2021-07-16T13:42:46,100.0,86.7,S
2021-07-16T13:42:42,2000.0,86.8,B
2021-07-16T13:42:41,1000.0,86.7,S
2021-07-16T13:42:40,100.0,86.7,S
2021-07-16T13:42:31,100.0,86.7,S
2021-07-16T13:42:31,1000.0,86.7,S
2021-07-16T13:42:30,1000.0,86.7,S
2021-07-16T13:42:28,100.0,86.7,S
2021-07-16T13:42:26,2000.0,86.7,S
2021-07-16T13:42:22,3800.0,86.7,B
2021-07-16T13:42:21,800.0,86.7,B
2021-07-16T13:42:19,500.0,86.7,B
2021-07-16T13:42:13,600.0,86.7,B
2021-07-16T13:42:13,1000.0,86.7,B
2021-07-16T13:42:13,400.0,86.7,B
2021-07-16T13:42:10,200.0,86.7,B
2021-07-16T13:42:08,200.0,86.6,S
2021-07-16T13:42:08,1000.0,86.7,B
2021-07-16T13:42:06,100.0,86.6,S
2021-07-16T13:42:05,500.0,86.7,B
2021-07-16T13:42:01,1000.0,86.6,S
2021-07-16T13:41:51,800.0,86.6,S
2021-07-16T13:41:47,400.0,86.6,B
2021-07-16T13:41:47,1000.0,86.6,B
2021-07-16T13:41:47,100.0,86.6,B
2021-07-16T13:41:46,200.0,86.6,B
2021-07-16T13:41:44,1000.0,86.6,B
2021-07-16T13:41:41,900.0,86.6,B
2021-07-16T13:41:41,1100.0,86.6,B
2021-07-16T13:41:41,100.0,86.6,B
2021-07-16T13:41:41,900.0,86.6,B
2021-07-16T13:41:30,1000.0,86.6,B
2021-07-16T13:41:26,500.0,86.6,B
2021-07-16T13:41:23,300.0,86.6,B
2021-07-16T13:41:13,500.0,86.6,B
2021-07-16T13:41:11,1000.0,86.6,B
2021-07-16T13:41:05,500.0,86.6,B
2021-07-16T13:41:02,300.0,86.6,B
2021-07-16T13:41:02,200.0,86.6,B
2021-07-16T13:41:02,100.0,86.5,S
2021-07-16T13:40:56,200.0,86.6,B
2021-07-16T13:40:43,500.0,86.5,S
2021-07-16T13:40:31,2000.0,86.6,B
2021-07-16T13:40:21,500.0,86.6,B
2021-07-16T13:40:09,500.0,86.5,S
2021-07-16T13:40:05,400.0,86.6,B
2021-07-16T13:40:03,400.0,86.5,S
2021-07-16T13:40:03,400.0,86.5,S
2021-07-16T13:40:02,2000.0,86.5,S
2021-07-16T13:39:57,100.0,86.5,S
2021-07-16T13:39:57,200.0,86.6,B
2021-07-16T13:39:53,100.0,86.6,B
2021-07-16T13:39:50,2000.0,86.6,B
2021-07-16T13:39:45,100.0,86.6,B
2021-07-16T13:39:42,300.0,86.5,S
2021-07-16T13:39:39,300.0,86.5,S
2021-07-16T13:39:34,2900.0,86.6,B
2021-07-16T13:39:34,9600.0,86.6,B
2021-07-16T13:39:34,3200.0,86.5,B
2021-07-16T13:39:33,100.0,86.5,B
2021-07-16T13:39:31,100.0,86.5,B
2021-07-16T13:39:26,100.0,86.5,B
2021-07-16T13:39:22,2300.0,86.5,B
2021-07-16T13:39:22,2700.0,86.5,B
2021-07-16T13:39:22,100.0,86.5,B
2021-07-16T13:39:22,1200.0,86.5,B
2021-07-16T13:39:22,600.0,86.5,B
2021-07-16T13:39:22,500.0,86.5,B
2021-07-16T13:39:22,300.0,86.3,S
2021-07-16T13:39:21,6300.0,86.5,B
2021-07-16T13:39:20,1800.0,86.5,B
2021-07-16T13:39:17,300.0,86.5,B
2021-07-16T13:39:17,200.0,86.5,B
2021-07-16T13:39:15,500.0,86.5,B
2021-07-16T13:39:13,1300.0,86.5,B
2021-07-16T13:39:07,200.0,86.5,B
2021-07-16T13:39:03,100.0,86.5,B
2021-07-16T13:39:01,500.0,86.5,B
2021-07-16T13:39:01,800.0,86.5,B
2021-07-16T13:38:57,500.0,86.5,B
2021-07-16T13:38:54,200.0,86.5,B
2021-07-16T13:38:54,500.0,86.5,B
2021-07-16T13:38:53,1300.0,86.5,B
2021-07-16T13:38:52,2000.0,86.5,B
2021-07-16T13:38:48,700.0,86.5,B
2021-07-16T13:38:48,2700.0,86.5,B
2021-07-16T13:38:48,500.0,86.5,B
2021-07-16T13:38:48,500.0,86.5,B
2021-07-16T13:38:48,100.0,86.4,B
2021-07-16T13:38:47,1900.0,86.4,B
2021-07-16T13:38:47,900.0,86.3,B
2021-07-16T13:38:47,700.0,86.3,B
2021-07-16T13:38:46,2000.0,86.3,B
2021-07-16T13:38:46,100.0,86.3,B
2021-07-16T13:38:44,100.0,86.3,B
2021-07-16T13:38:41,100.0,86.3,B
2021-07-16T13:38:36,300.0,86.2,S
2021-07-16T13:38:36,900.0,86.2,B
2021-07-16T13:38:35,1900.0,86.2,B
2021-07-16T13:38:35,14400.0,86.2,B
2021-07-16T13:38:34,3500.0,86.2,B
2021-07-16T13:38:28,1400.0,86.1,B
2021-07-16T13:38:28,200.0,86.1,B
2021-07-16T13:38:27,100.0,86.1,B
2021-07-16T13:38:27,500.0,86.1,B
2021-07-16T13:38:26,1400.0,86.1,B
2021-07-16T13:38:26,1200.0,86.1,B
2021-07-16T13:38:23,5000.0,86.1,B
2021-07-16T13:38:23,200.0,86.1,B
2021-07-16T13:38:21,5000.0,86.1,B
2021-07-16T13:38:19,100.0,86.1,B
2021-07-16T13:38:19,1000.0,86.1,B
2021-07-16T13:38:18,500.0,86.1,B
2021-07-16T13:38:17,400.0,86.1,B
2021-07-16T13:38:16,500.0,86.1,B
2021-07-16T13:38:15,900.0,86.1,B
2021-07-16T13:38:15,1300.0,86.1,B
2021-07-16T13:38:14,100.0,86.1,B
2021-07-16T13:38:12,1000.0,86.1,B
2021-07-16T13:38:11,1000.0,86.1,B
2021-07-16T13:38:06,600.0,86.1,B
2021-07-16T13:38:06,4400.0,86.1,B
2021-07-16T13:38:05,1000.0,86.1,B
2021-07-16T13:38:04,100.0,86.1,B
2021-07-16T13:38:04,100.0,86.1,B
2021-07-16T13:37:59,100.0,86.1,B
2021-07-16T13:37:59,100.0,86.1,B
2021-07-16T13:37:56,100.0,86.1,B
2021-07-16T13:37:48,100.0,86.0,S
2021-07-16T13:37:43,100.0,86.0,S
2021-07-16T13:37:33,300.0,86.0,B
2021-07-16T13:37:33,700.0,86.0,B
2021-07-16T13:37:33,500.0,86.0,B
2021-07-16T13:37:33,700.0,86.0,B
2021-07-16T13:37:33,1700.0,86.0,B
2021-07-16T13:37:33,300.0,86.0,B
2021-07-16T13:37:33,900.0,86.0,B
2021-07-16T13:37:33,2100.0,86.0,B
2021-07-16T13:37:33,5100.0,86.0,B
2021-07-16T13:37:33,1000.0,86.0,B
2021-07-16T13:37:32,300.0,86.0,B
2021-07-16T13:37:32,1000.0,86.0,B
2021-07-16T13:37:31,1200.0,86.0,B
2021-07-16T13:37:31,2000.0,86.0,B
2021-07-16T13:37:29,500.0,86.0,B
2021-07-16T13:37:26,1500.0,86.0,B
2021-07-16T13:37:26,6100.0,86.0,B
2021-07-16T13:37:26,5700.0,86.0,B
2021-07-16T13:37:26,500.0,86.0,B
2021-07-16T13:37:26,200.0,86.0,B
2021-07-16T13:37:26,1300.0,86.0,B
2021-07-16T13:37:26,5200.0,86.0,B
2021-07-16T13:37:26,400.0,86.0,B
2021-07-16T13:37:26,4200.0,86.0,B
2021-07-16T13:37:26,2500.0,86.0,B
2021-07-16T13:37:26,3400.0,86.0,B
2021-07-16T13:37:23,500.0,85.9,S
2021-07-16T13:37:22,1000.0,86.0,B
2021-07-16T13:37:12,200.0,86.0,B
2021-07-16T13:37:12,500.0,86.0,B
2021-07-16T13:37:07,2600.0,86.0,B
2021-07-16T13:37:07,400.0,86.0,B
2021-07-16T13:37:06,1000.0,86.0,B
2021-07-16T13:36:55,200.0,86.0,B
2021-07-16T13:36:55,800.0,86.0,B
2021-07-16T13:36:55,1800.0,86.0,B
2021-07-16T13:36:55,300.0,86.0,B
2021-07-16T13:36:55,300.0,86.0,B
2021-07-16T13:36:54,100.0,86.0,B
2021-07-16T13:36:54,3300.0,86.0,B
2021-07-16T13:36:54,200.0,86.0,B
2021-07-16T13:36:54,200.0,86.0,B
2021-07-16T13:36:54,700.0,86.0,B
2021-07-16T13:36:54,1000.0,86.0,B
2021-07-16T13:36:54,1700.0,86.0,B
2021-07-16T13:36:54,7600.0,86.0,B
2021-07-16T13:36:52,100.0,86.0,B
2021-07-16T13:36:49,3000.0,86.0,B
2021-07-16T13:36:46,5000.0,86.0,B
2021-07-16T13:36:44,1000.0,86.0,B
2021-07-16T13:36:41,400.0,85.9,S
2021-07-16T13:36:22,100.0,85.9,B
2021-07-16T13:36:22,4400.0,85.9,B
2021-07-16T13:36:22,900.0,85.9,B
2021-07-16T13:36:22,1200.0,85.9,B
2021-07-16T13:36:22,800.0,85.9,B
2021-07-16T13:36:22,1500.0,85.9,B
2021-07-16T13:36:22,1500.0,85.9,B
2021-07-16T13:36:22,4000.0,85.9,B
2021-07-16T13:36:22,3100.0,85.9,B
2021-07-16T13:36:22,3900.0,85.9,B
2021-07-16T13:36:16,100.0,85.9,B
2021-07-16T13:36:10,300.0,85.9,B
2021-07-16T13:36:06,1000.0,85.9,B
2021-07-16T13:35:57,3100.0,85.9,B
2021-07-16T13:35:51,1300.0,85.9,B
2021-07-16T13:35:41,400.0,85.8,S
2021-07-16T13:35:32,100.0,85.9,B
2021-07-16T13:35:24,100.0,85.9,B
2021-07-16T13:35:15,4000.0,85.9,B
2021-07-16T13:34:48,300.0,85.8,S
2021-07-16T13:34:30,2000.0,85.8,S
2021-07-16T13:33:54,100.0,85.8,S
2021-07-16T13:33:31,100.0,85.8,S
2021-07-16T13:33:27,500.0,85.8,S
2021-07-16T13:32:54,100.0,85.8,S
2021-07-16T13:32:45,100.0,85.8,S
2021-07-16T13:32:25,2000.0,85.8,S
2021-07-16T13:32:04,1000.0,85.8,S
2021-07-16T13:32:03,200.0,85.8,B
2021-07-16T13:32:03,1900.0,85.8,B
2021-07-16T13:32:03,1900.0,85.8,B
2021-07-16T13:32:03,700.0,85.8,B
2021-07-16T13:32:03,1000.0,85.8,B
2021-07-16T13:32:03,10300.0,85.8,B
2021-07-16T13:32:01,1000.0,85.8,B
2021-07-16T13:31:59,500.0,85.8,B
2021-07-16T13:31:56,100.0,85.8,B
2021-07-16T13:31:51,100.0,85.8,B
2021-07-16T13:30:57,200.0,85.8,B
2021-07-16T13:30:43,100.0,85.8,B
2021-07-16T13:30:28,100.0,85.8,B
2021-07-16T13:28:51,1200.0,85.8,B
2021-07-16T13:28:15,100.0,85.8,B
2021-07-16T13:27:39,1000.0,85.8,B
2021-07-16T13:27:37,100.0,85.8,B
2021-07-16T13:27:35,300.0,85.8,B
2021-07-16T13:26:37,100.0,85.8,B
2021-07-16T13:26:30,3900.0,85.7,S
2021-07-16T13:26:30,1000.0,85.7,S
2021-07-16T13:26:30,100.0,85.7,S
2021-07-16T13:25:52,800.0,85.8,B
2021-07-16T13:25:51,200.0,85.8,B
2021-07-16T13:25:21,100.0,85.8,S
2021-07-16T13:25:18,300.0,85.9,B
2021-07-16T13:25:13,1000.0,85.8,S
2021-07-16T13:25:10,2000.0,85.8,S
2021-07-16T13:25:08,4000.0,85.8,S
2021-07-16T13:24:55,300.0,85.8,S
2021-07-16T13:24:49,10000.0,85.8,B
2021-07-16T13:24:49,100.0,85.8,B
2021-07-16T13:24:48,200.0,85.8,B
2021-07-16T13:23:22,3600.0,85.7,S
2021-07-16T13:23:22,400.0,85.8,S
2021-07-16T13:22:52,600.0,85.8,B
2021-07-16T13:22:41,500.0,85.8,B
2021-07-16T13:22:21,2000.0,85.8,S
2021-07-16T13:21:57,100.0,85.8,S
2021-07-16T13:21:35,2000.0,85.8,S
2021-07-16T13:21:02,1200.0,85.8,S
2021-07-16T13:20:34,800.0,85.8,B
2021-07-16T13:20:24,800.0,85.8,B
2021-07-16T13:20:24,300.0,85.8,B
2021-07-16T13:20:24,3900.0,85.8,B
2021-07-16T13:20:16,500.0,85.8,B
2021-07-16T13:20:13,6000.0,85.8,B
2021-07-16T13:19:48,500.0,85.8,B
2021-07-16T13:19:39,200.0,85.8,B
2021-07-16T13:18:59,1000.0,85.8,B
2021-07-16T13:18:58,1000.0,85.8,B
2021-07-16T13:18:22,3100.0,85.8,B
2021-07-16T13:18:22,10000.0,85.8,B
2021-07-16T13:18:22,1900.0,85.7,B
2021-07-16T13:18:14,100.0,85.7,S
2021-07-16T13:17:31,300.0,85.7,S
2021-07-16T13:17:08,500.0,85.7,S
2021-07-16T13:16:47,500.0,85.7,S
2021-07-16T13:15:53,11900.0,85.6,S
2021-07-16T13:15:53,8100.0,85.6,S
2021-07-16T13:15:41,100.0,85.8,B
2021-07-16T13:15:26,200.0,85.7,B
2021-07-16T13:15:20,200.0,85.7,B
2021-07-16T13:15:09,300.0,85.7,B
2021-07-16T13:14:59,100.0,85.7,B
2021-07-16T13:14:30,100.0,85.7,B
2021-07-16T13:14:20,100.0,85.7,B
2021-07-16T13:14:07,1500.0,85.8,B
2021-07-16T13:14:03,100.0,85.8,B
2021-07-16T13:13:58,100.0,85.8,B
2021-07-16T13:13:36,8100.0,85.7,B
2021-07-16T13:13:36,3000.0,85.7,B
2021-07-16T13:13:18,1000.0,85.7,B
2021-07-16T13:13:11,100.0,85.6,S
2021-07-16T13:12:57,500.0,85.6,S
2021-07-16T13:12:09,200.0,85.6,S
2021-07-16T13:11:50,4000.0,85.6,B
2021-07-16T13:11:50,900.0,85.6,B
2021-07-16T13:11:50,400.0,85.6,B
2021-07-16T13:11:50,2800.0,85.6,B
2021-07-16T13:11:30,100.0,85.5,S
2021-07-16T13:11:30,400.0,85.5,S
2021-07-16T13:11:12,1000.0,85.5,S
2021-07-16T13:11:11,100.0,85.6,B
2021-07-16T13:10:58,200.0,85.6,B
2021-07-16T13:10:54,500.0,85.6,B
2021-07-16T13:10:51,100.0,85.6,B
2021-07-16T13:10:03,1200.0,85.6,B
2021-07-16T13:10:00,5000.0,85.6,S
2021-07-16T13:09:49,100.0,85.6,S
2021-07-16T13:09:46,300.0,85.6,S
2021-07-16T13:09:26,1000.0,85.6,S
2021-07-16T13:09:08,100.0,85.6,S
2021-07-16T13:09:08,100.0,85.6,S
2021-07-16T13:08:39,100.0,85.6,S
2021-07-16T13:08:28,1000.0,85.6,S
2021-07-16T13:08:13,1000.0,85.6,S
2021-07-16T13:08:12,2000.0,85.6,S
2021-07-16T13:08:05,100.0,85.6,S
2021-07-16T13:07:49,1700.0,85.6,S
2021-07-16T13:07:48,7500.0,85.6,S
2021-07-16T13:07:15,1000.0,85.6,S
2021-07-16T13:06:26,100.0,85.6,S
2021-07-16T13:05:39,1000.0,85.6,S
2021-07-16T13:05:33,3000.0,85.6,S
2021-07-16T13:05:32,1000.0,85.6,S
2021-07-16T13:05:28,100.0,85.6,S
2021-07-16T13:05:27,500.0,85.6,S
2021-07-16T13:05:17,4000.0,85.6,S
2021-07-16T13:05:13,2400.0,85.6,S
2021-07-16T13:05:12,400.0,85.6,S
2021-07-16T13:05:12,800.0,85.6,S
2021-07-16T13:05:08,2400.0,85.6,S
2021-07-16T13:05:04,400.0,85.6,S
2021-07-16T13:04:55,300.0,85.6,S
2021-07-16T13:04:37,1000.0,85.6,S
2021-07-16T13:04:37,1400.0,85.6,S
2021-07-16T13:04:22,1200.0,85.6,S
2021-07-16T13:04:22,1000.0,85.6,S
2021-07-16T13:04:22,2300.0,85.6,S
2021-07-16T13:04:22,500.0,85.6,S
2021-07-16T13:04:08,1000.0,85.6,S
2021-07-16T13:03:56,300.0,85.6,S
2021-07-16T13:03:50,3000.0,85.7,B
2021-07-16T13:03:46,200.0,85.6,S
2021-07-16T13:03:31,1100.0,85.6,S
2021-07-16T11:29:58,100.0,85.7,B
2021-07-16T11:29:23,2000.0,85.6,S
2021-07-16T11:29:19,500.0,85.6,S
2021-07-16T11:29:05,1500.0,85.7,B
2021-07-16T11:28:47,1000.0,85.6,S
2021-07-16T11:28:44,200.0,85.6,S
2021-07-16T11:28:35,5400.0,85.6,S
2021-07-16T11:28:26,100.0,85.6,S
2021-07-16T11:28:06,500.0,85.6,S
2021-07-16T11:26:59,100.0,85.6,S
2021-07-16T11:26:56,100.0,85.6,S
2021-07-16T11:26:17,100.0,85.6,S
2021-07-16T11:26:11,500.0,85.7,B
2021-07-16T11:25:53,500.0,85.7,B
2021-07-16T11:25:51,100.0,85.7,B
2021-07-16T11:25:43,200.0,85.7,B
2021-07-16T11:25:34,300.0,85.7,B
2021-07-16T11:25:29,500.0,85.7,B
2021-07-16T11:25:15,100.0,85.7,B
2021-07-16T11:24:48,2000.0,85.7,B
2021-07-16T11:24:36,100.0,85.6,S
2021-07-16T11:23:47,100.0,85.7,B
2021-07-16T11:23:42,100.0,85.7,B
2021-07-16T11:23:42,700.0,85.7,B
2021-07-16T11:23:30,100.0,85.7,B
2021-07-16T11:23:18,500.0,85.7,B
2021-07-16T11:23:18,200.0,85.7,B
2021-07-16T11:23:11,2000.0,85.7,B
2021-07-16T11:23:05,500.0,85.7,B
2021-07-16T11:23:00,200.0,85.6,S
2021-07-16T11:22:43,400.0,85.7,B
2021-07-16T11:22:35,100.0,85.7,B
2021-07-16T11:22:31,3500.0,85.7,B
2021-07-16T11:22:20,500.0,85.7,B
2021-07-16T11:22:04,6000.0,85.7,B
2021-07-16T11:22:02,1000.0,85.7,B
2021-07-16T11:21:54,400.0,85.7,B
2021-07-16T11:21:15,200.0,85.6,S
2021-07-16T11:21:15,500.0,85.7,B
2021-07-16T11:21:15,100.0,85.7,B
2021-07-16T11:21:11,200.0,85.7,B
2021-07-16T11:20:16,200.0,85.7,B
2021-07-16T11:19:40,100.0,85.7,B
2021-07-16T11:19:36,500.0,85.6,S
2021-07-16T11:19:36,100.0,85.7,B
2021-07-16T11:19:08,9000.0,85.7,B
2021-07-16T11:18:30,100.0,85.7,B
2021-07-16T11:18:30,1000.0,85.7,B
2021-07-16T11:18:20,500.0,85.7,B
2021-07-16T11:17:10,1600.0,85.6,S
2021-07-16T11:17:10,100.0,85.6,S
2021-07-16T11:16:22,100.0,85.7,B
2021-07-16T11:15:59,1000.0,85.7,B
2021-07-16T11:15:45,100.0,85.6,S
2021-07-16T11:15:37,500.0,85.6,S
2021-07-16T11:15:28,3500.0,85.7,B
2021-07-16T11:15:18,1000.0,85.6,S
2021-07-16T11:15:04,100.0,85.7,B
2021-07-16T11:14:36,300.0,85.7,B
2021-07-16T11:14:24,800.0,85.7,B
2021-07-16T11:14:23,1000.0,85.7,B
2021-07-16T11:14:18,100.0,85.7,B
2021-07-16T11:14:18,100.0,85.7,B
2021-07-16T11:14:15,100.0,85.7,B
2021-07-16T11:14:05,100.0,85.7,B
2021-07-16T11:13:59,1500.0,85.7,B
2021-07-16T11:13:56,300.0,85.7,B
2021-07-16T11:13:44,300.0,85.7,B
2021-07-16T11:12:55,200.0,85.7,B
2021-07-16T11:12:48,500.0,85.7,B
2021-07-16T11:12:44,100.0,85.7,B
2021-07-16T11:12:38,400.0,85.7,B
2021-07-16T11:12:11,100.0,85.7,B
2021-07-16T11:12:10,3000.0,85.7,B
2021-07-16T11:12:07,1000.0,85.7,B
2021-07-16T11:12:05,400.0,85.7,B
2021-07-16T11:11:52,900.0,85.7,B
2021-07-16T11:11:48,200.0,85.7,B
2021-07-16T11:11:14,200.0,85.7,S
2021-07-16T11:11:14,1600.0,85.7,S
2021-07-16T11:11:14,6400.0,85.7,S
2021-07-16T11:11:13,100.0,85.8,B
2021-07-16T11:11:06,200.0,85.8,B
2021-07-16T11:10:54,700.0,85.8,B
2021-07-16T11:10:48,2400.0,85.7,S
2021-07-16T11:10:45,100.0,85.8,B
2021-07-16T11:09:35,100.0,85.8,B
2021-07-16T11:09:25,100.0,85.8,B
2021-07-16T11:09:14,200.0,85.8,B
2021-07-16T11:09:07,600.0,85.8,B
2021-07-16T11:08:52,200.0,85.8,B
2021-07-16T11:08:49,1000.0,85.8,B
2021-07-16T11:08:26,100.0,85.8,B
2021-07-16T11:08:18,100.0,85.8,B
2021-07-16T11:08:11,1500.0,85.8,B
2021-07-16T11:08:11,1000.0,85.8,B
2021-07-16T11:08:04,500.0,85.8,B
2021-07-16T11:07:48,100.0,85.8,B
2021-07-16T11:07:40,100.0,85.8,B
2021-07-16T11:07:20,400.0,85.8,B
2021-07-16T11:07:16,100.0,85.8,B
2021-07-16T11:07:07,100.0,85.8,B
2021-07-16T11:06:27,300.0,85.8,B
2021-07-16T11:06:25,300.0,85.8,B
2021-07-16T11:06:21,200.0,85.8,B
2021-07-16T11:06:16,900.0,85.7,B
2021-07-16T11:06:10,700.0,85.7,B
2021-07-16T11:06:10,100.0,85.7,B
2021-07-16T11:06:10,100.0,85.7,B
2021-07-16T11:06:10,100.0,85.7,B
2021-07-16T11:06:07,100.0,85.7,B
2021-07-16T11:06:03,100.0,85.7,B
2021-07-16T11:05:40,500.0,85.7,B
2021-07-16T11:05:39,5000.0,85.7,B
2021-07-16T11:05:37,1000.0,85.7,B
2021-07-16T11:05:37,5000.0,85.6,S
2021-07-16T11:05:34,10000.0,85.7,B
2021-07-16T11:05:25,100.0,85.7,B
2021-07-16T11:05:03,300.0,85.7,B
2021-07-16T11:04:39,400.0,85.7,B
2021-07-16T11:04:25,200.0,85.6,S
2021-07-16T11:04:19,100.0,85.6,S
2021-07-16T11:04:02,1000.0,85.6,S
2021-07-16T11:03:50,100.0,85.6,S
2021-07-16T11:03:46,500.0,85.7,B
2021-07-16T11:03:45,500.0,85.7,B
2021-07-16T11:03:15,200.0,85.7,B
2021-07-16T11:03:12,1000.0,85.7,B
2021-07-16T11:02:45,1000.0,85.6,S
2021-07-16T11:02:20,1000.0,85.7,B
2021-07-16T11:02:19,500.0,85.7,B
2021-07-16T11:02:11,3000.0,85.7,B
2021-07-16T11:02:08,1000.0,85.7,B
2021-07-16T11:01:55,300.0,85.6,B
2021-07-16T11:01:52,500.0,85.6,B
2021-07-16T11:01:45,2000.0,85.6,B
2021-07-16T11:01:35,3000.0,85.6,B
2021-07-16T11:01:33,2000.0,85.6,B
2021-07-16T11:01:28,100.0,85.6,B
2021-07-16T11:01:26,300.0,85.6,B
2021-07-16T11:01:23,500.0,85.5,S
2021-07-16T11:01:18,500.0,85.6,B
2021-07-16T11:01:00,100.0,85.6,B
2021-07-16T11:00:57,500.0,85.6,B
2021-07-16T11:00:40,100.0,85.6,B
2021-07-16T11:00:39,200.0,85.6,B
2021-07-16T11:00:37,100.0,85.6,B
2021-07-16T11:00:32,500.0,85.6,B
2021-07-16T11:00:30,500.0,85.6,B
2021-07-16T11:00:30,1500.0,85.6,B
2021-07-16T11:00:09,100.0,85.6,B
2021-07-16T10:59:51,100.0,85.6,B
2021-07-16T10:59:44,500.0,85.5,S
2021-07-16T10:59:41,100.0,85.6,B
2021-07-16T10:59:09,1000.0,85.6,B
2021-07-16T10:59:07,400.0,85.6,B
2021-07-16T10:59:01,100.0,85.6,B
2021-07-16T10:58:59,200.0,85.5,S
2021-07-16T10:58:53,200.0,85.6,B
2021-07-16T10:58:43,2000.0,85.6,B
2021-07-16T10:58:31,1000.0,85.5,S
2021-07-16T10:58:26,1000.0,85.5,S
2021-07-16T10:58:11,1000.0,85.5,S
2021-07-16T10:58:05,900.0,85.6,B
2021-07-16T10:58:05,2100.0,85.6,B
2021-07-16T10:57:48,100.0,85.6,B
2021-07-16T10:57:33,500.0,85.5,S
2021-07-16T10:57:30,500.0,85.5,S
2021-07-16T10:57:00,500.0,85.5,S
2021-07-16T10:56:57,300.0,85.7,B
2021-07-16T10:56:52,100.0,85.6,S
2021-07-16T10:56:52,100.0,85.6,S
2021-07-16T10:56:52,200.0,85.6,S
2021-07-16T10:56:46,100.0,85.6,S
2021-07-16T10:56:37,700.0,85.6,S
2021-07-16T10:56:37,300.0,85.6,S
2021-07-16T10:56:31,200.0,85.6,S
2021-07-16T10:56:20,1000.0,85.7,B
2021-07-16T10:56:18,300.0,85.6,S
2021-07-16T10:56:15,3000.0,85.6,S
2021-07-16T10:56:11,300.0,85.6,S
2021-07-16T10:56:11,400.0,85.6,S
2021-07-16T10:56:11,600.0,85.6,S
2021-07-16T10:56:11,200.0,85.6,S
2021-07-16T10:56:11,600.0,85.6,S
2021-07-16T10:56:11,300.0,85.6,S
2021-07-16T10:56:11,1000.0,85.6,S
2021-07-16T10:56:11,600.0,85.6,S
2021-07-16T10:56:09,500.0,85.6,S
2021-07-16T10:56:08,500.0,85.6,S
2021-07-16T10:56:08,5000.0,85.6,S
2021-07-16T10:55:58,600.0,85.6,S
2021-07-16T10:55:54,1000.0,85.6,S
2021-07-16T10:55:52,1000.0,85.6,S
2021-07-16T10:55:49,1200.0,85.6,S
2021-07-16T10:55:40,1500.0,85.6,S
2021-07-16T10:55:35,200.0,85.7,B
2021-07-16T10:55:35,100.0,85.6,S
2021-07-16T10:55:26,200.0,85.7,B
2021-07-16T10:55:16,100.0,85.7,B
2021-07-16T10:55:00,200.0,85.7,B
2021-07-16T10:55:00,1000.0,85.6,S
2021-07-16T10:55:00,1500.0,85.6,S
2021-07-16T10:55:00,1600.0,85.6,S
2021-07-16T10:55:00,1400.0,85.6,S
2021-07-16T10:54:45,1500.0,85.6,S
2021-07-16T10:54:30,400.0,85.7,B
2021-07-16T10:54:28,100.0,85.7,B
2021-07-16T10:54:16,200.0,85.7,B
2021-07-16T10:54:14,300.0,85.6,S
2021-07-16T10:54:05,1500.0,85.6,S
2021-07-16T10:54:00,200.0,85.7,B
2021-07-16T10:53:43,100.0,85.7,B
2021-07-16T10:53:33,600.0,85.7,B
2021-07-16T10:53:20,200.0,85.7,B
2021-07-16T10:53:17,1500.0,85.6,S
2021-07-16T10:52:52,500.0,85.7,B
2021-07-16T10:52:34,200.0,85.7,B
2021-07-16T10:52:16,1000.0,85.7,B
2021-07-16T10:52:03,1700.0,85.6,S
2021-07-16T10:51:52,2000.0,85.7,B
2021-07-16T10:51:46,200.0,85.6,S
2021-07-16T10:51:19,100.0,85.7,B
2021-07-16T10:51:18,200.0,85.6,S
2021-07-16T10:51:13,100.0,85.6,S
2021-07-16T10:50:36,200.0,85.6,S
2021-07-16T10:50:30,100.0,85.7,B
2021-07-16T10:50:03,3000.0,85.6,S
2021-07-16T10:49:54,1400.0,85.6,S
2021-07-16T10:49:54,200.0,85.6,S
2021-07-16T10:49:54,2600.0,85.6,S
2021-07-16T10:49:54,800.0,85.6,S
2021-07-16T10:49:47,3000.0,85.6,S
2021-07-16T10:49:32,1000.0,85.6,S
2021-07-16T10:49:32,1000.0,85.7,B
2021-07-16T10:49:31,200.0,85.7,B
2021-07-16T10:49:21,1200.0,85.7,B
2021-07-16T10:49:16,2300.0,85.6,S
2021-07-16T10:49:16,100.0,85.6,S
2021-07-16T10:49:16,1000.0,85.6,S
2021-07-16T10:49:09,1000.0,85.7,B
2021-07-16T10:48:50,100.0,85.7,B
2021-07-16T10:48:40,300.0,85.7,B
2021-07-16T10:48:26,100.0,85.6,S
2021-07-16T10:48:26,1100.0,85.6,S
2021-07-16T10:48:26,1800.0,85.6,S
2021-07-16T10:48:07,100.0,85.6,S
2021-07-16T10:48:07,1000.0,85.6,S
2021-07-16T10:48:07,900.0,85.6,S
2021-07-16T10:48:07,300.0,85.6,S
2021-07-16T10:48:07,700.0,85.6,S
2021-07-16T10:47:21,300.0,85.6,S
2021-07-16T10:46:19,200.0,85.6,S
2021-07-16T10:46:19,1400.0,85.6,S
2021-07-16T10:46:19,600.0,85.6,S
2021-07-16T10:46:19,2800.0,85.6,S
2021-07-16T10:46:17,300.0,85.8,B
2021-07-16T10:46:17,1400.0,85.6,S
2021-07-16T10:46:09,100.0,85.8,B
2021-07-16T10:46:07,200.0,85.7,S
2021-07-16T10:46:07,700.0,85.7,S
2021-07-16T10:46:07,500.0,85.7,S
2021-07-16T10:46:07,1600.0,85.7,S
2021-07-16T10:46:07,200.0,85.7,S
2021-07-16T10:46:07,6800.0,85.7,S
2021-07-16T10:46:05,200.0,85.7,S
2021-07-16T10:46:05,100.0,85.7,S
2021-07-16T10:45:54,1000.0,85.7,S
2021-07-16T10:45:29,600.0,85.7,S
2021-07-16T10:45:13,3000.0,85.7,S
2021-07-16T10:44:47,100.0,85.7,S
2021-07-16T10:44:33,300.0,85.7,S
2021-07-16T10:44:29,200.0,85.7,S
2021-07-16T10:44:14,800.0,85.7,S
2021-07-16T10:44:14,2200.0,85.7,S
2021-07-16T10:44:06,200.0,85.7,S
2021-07-16T10:44:02,400.0,85.7,S
2021-07-16T10:43:29,1000.0,85.7,S
2021-07-16T10:43:15,3000.0,85.7,S
2021-07-16T10:43:02,200.0,85.7,S
2021-07-16T10:42:57,300.0,85.7,S
2021-07-16T10:42:57,100.0,85.8,B
2021-07-16T10:42:55,300.0,85.7,S
2021-07-16T10:42:51,300.0,85.7,S
2021-07-16T10:42:49,1000.0,85.8,B
2021-07-16T10:42:47,300.0,85.7,S
2021-07-16T10:42:43,300.0,85.7,S
2021-07-16T10:42:39,300.0,85.7,S
2021-07-16T10:42:35,300.0,85.7,S
2021-07-16T10:42:30,300.0,85.7,S
2021-07-16T10:42:28,300.0,85.7,S
2021-07-16T10:42:24,300.0,85.7,S
2021-07-16T10:42:19,600.0,85.8,B
2021-07-16T10:41:59,300.0,85.7,S
2021-07-16T10:41:56,300.0,85.7,S
2021-07-16T10:41:56,100.0,85.8,B
2021-07-16T10:41:53,300.0,85.7,S
2021-07-16T10:41:49,300.0,85.7,S
2021-07-16T10:41:44,300.0,85.7,S
2021-07-16T10:41:42,300.0,85.7,S
2021-07-16T10:41:39,300.0,85.7,S
2021-07-16T10:41:35,300.0,85.7,S
2021-07-16T10:41:29,300.0,85.7,S
2021-07-16T10:41:27,300.0,85.7,S
2021-07-16T10:41:26,100.0,85.8,B
2021-07-16T10:41:24,300.0,85.8,B
2021-07-16T10:41:09,1000.0,85.8,B
2021-07-16T10:41:07,300.0,85.7,S
2021-07-16T10:41:05,300.0,85.7,S
2021-07-16T10:40:59,300.0,85.7,S
2021-07-16T10:40:58,300.0,85.7,S
2021-07-16T10:40:55,300.0,85.7,S
2021-07-16T10:40:50,300.0,85.7,S
2021-07-16T10:40:46,300.0,85.7,S
2021-07-16T10:40:44,100.0,85.8,B
2021-07-16T10:40:42,300.0,85.7,S
2021-07-16T10:40:41,500.0,85.8,B
2021-07-16T10:40:38,300.0,85.7,S
2021-07-16T10:40:35,100.0,85.8,B
2021-07-16T10:40:34,300.0,85.7,S
2021-07-16T10:40:32,500.0,85.8,B
2021-07-16T10:40:22,100.0,85.8,B
2021-07-16T10:40:22,200.0,85.8,B
2021-07-16T10:40:11,1000.0,85.8,B
2021-07-16T10:40:08,500.0,85.8,B
2021-07-16T10:40:04,300.0,85.7,S
2021-07-16T10:39:59,300.0,85.7,S
2021-07-16T10:39:56,100.0,85.8,B
2021-07-16T10:39:55,300.0,85.7,S
2021-07-16T10:39:51,300.0,85.7,S
2021-07-16T10:39:46,300.0,85.7,S
2021-07-16T10:39:44,300.0,85.7,S
2021-07-16T10:39:44,100.0,85.8,B
2021-07-16T10:39:40,300.0,85.7,S
2021-07-16T10:39:36,300.0,85.7,S
2021-07-16T10:39:36,1500.0,85.7,S
2021-07-16T10:39:34,300.0,85.7,S
2021-07-16T10:39:29,300.0,85.7,S
2021-07-16T10:39:20,3000.0,85.7,S
2021-07-16T10:39:08,200.0,85.7,S
2021-07-16T10:39:04,300.0,85.7,S
2021-07-16T10:39:00,300.0,85.7,S
2021-07-16T10:38:55,300.0,85.7,S
2021-07-16T10:38:50,300.0,85.7,S
2021-07-16T10:38:46,300.0,85.7,S
2021-07-16T10:38:43,300.0,85.7,S
2021-07-16T10:38:41,2600.0,85.8,S
2021-07-16T10:38:39,300.0,85.8,S
2021-07-16T10:38:34,300.0,85.8,S
2021-07-16T10:38:30,300.0,85.8,S
2021-07-16T10:38:29,3000.0,85.8,S
2021-07-16T10:38:24,300.0,85.8,S
2021-07-16T10:38:21,200.0,85.9,B
2021-07-16T10:38:17,100.0,85.8,S
2021-07-16T10:38:10,1000.0,85.8,S
2021-07-16T10:37:54,200.0,85.8,S
2021-07-16T10:37:41,100.0,85.8,S
2021-07-16T10:37:26,100.0,85.8,B
2021-07-16T10:37:26,300.0,85.8,B
2021-07-16T10:37:26,1500.0,85.8,B
2021-07-16T10:37:25,4000.0,85.7,S
2021-07-16T10:37:20,100.0,85.8,B
2021-07-16T10:37:17,8100.0,85.8,S
2021-07-16T10:37:17,3000.0,85.8,S
2021-07-16T10:37:11,100.0,85.8,S
2021-07-16T10:36:47,500.0,85.9,B
2021-07-16T10:36:12,500.0,85.8,S
2021-07-16T10:35:51,2100.0,85.8,S
2021-07-16T10:35:41,3000.0,85.9,B
2021-07-16T10:35:36,900.0,85.9,B
2021-07-16T10:35:36,800.0,85.9,B
2021-07-16T10:35:36,1300.0,85.9,B
2021-07-16T10:35:33,100.0,85.8,S
2021-07-16T10:35:26,400.0,85.9,B
2021-07-16T10:35:26,100.0,85.8,B
2021-07-16T10:35:19,5400.0,85.8,S
2021-07-16T10:35:15,1000.0,85.9,B
2021-07-16T10:35:11,300.0,85.9,B
2021-07-16T10:35:04,2000.0,85.9,B
2021-07-16T10:34:52,3000.0,85.9,B
2021-07-16T10:34:46,200.0,85.9,B
2021-07-16T10:34:29,3000.0,85.9,B
2021-07-16T10:34:21,600.0,85.9,B
2021-07-16T10:34:17,200.0,85.9,B
2021-07-16T10:34:08,900.0,85.9,B
2021-07-16T10:34:06,1000.0,85.8,B
2021-07-16T10:33:59,100.0,85.8,B
2021-07-16T10:33:57,500.0,85.7,S
2021-07-16T10:33:56,1000.0,85.8,B
2021-07-16T10:33:55,300.0,85.8,B
2021-07-16T10:33:51,2800.0,85.8,B
2021-07-16T10:33:49,100.0,85.8,B
2021-07-16T10:33:39,1500.0,85.8,B
2021-07-16T10:33:37,500.0,85.8,B
2021-07-16T10:33:35,100.0,85.8,B
2021-07-16T10:33:33,1000.0,85.8,B
2021-07-16T10:33:32,700.0,85.8,B
2021-07-16T10:33:27,100.0,85.8,B
2021-07-16T10:33:24,200.0,85.8,B
2021-07-16T10:33:24,1000.0,85.8,B
2021-07-16T10:33:21,500.0,85.8,B
2021-07-16T10:33:17,1000.0,85.9,B
2021-07-16T10:33:11,1400.0,85.9,B
2021-07-16T10:33:11,1600.0,85.8,B
2021-07-16T10:33:08,100.0,85.8,B
2021-07-16T10:33:06,1000.0,85.8,B
2021-07-16T10:33:04,100.0,85.8,B
2021-07-16T10:33:00,500.0,85.8,B
2021-07-16T10:32:59,5000.0,85.8,B
2021-07-16T10:32:54,200.0,85.8,B
2021-07-16T10:32:48,900.0,85.7,S
2021-07-16T10:32:43,5000.0,85.8,B
2021-07-16T10:32:36,1000.0,85.8,B
2021-07-16T10:32:31,200.0,85.8,B
2021-07-16T10:32:20,1000.0,85.8,B
2021-07-16T10:32:14,2000.0,85.8,B
2021-07-16T10:32:02,200.0,85.8,B
2021-07-16T10:31:57,500.0,85.8,B
2021-07-16T10:31:24,100.0,85.8,B
2021-07-16T10:31:20,300.0,85.7,S
2021-07-16T10:31:17,200.0,85.8,B
2021-07-16T10:31:17,100.0,85.8,B
2021-07-16T10:30:59,100.0,85.8,B
2021-07-16T10:30:38,100.0,85.8,B
2021-07-16T10:30:19,3900.0,85.8,S
2021-07-16T10:30:14,200.0,85.8,S
2021-07-16T10:30:04,500.0,85.8,S
2021-07-16T10:29:51,1000.0,85.8,S
2021-07-16T10:29:34,200.0,85.8,S
2021-07-16T10:29:11,3000.0,85.8,S
2021-07-16T10:29:02,500.0,85.8,S
2021-07-16T10:28:46,500.0,85.8,S
2021-07-16T10:28:43,3000.0,85.8,S
2021-07-16T10:28:33,5600.0,85.8,S
2021-07-16T10:28:29,100.0,85.9,B
2021-07-16T10:28:16,100.0,85.9,B
2021-07-16T10:28:14,3000.0,85.8,S
2021-07-16T10:28:02,3000.0,85.8,S
2021-07-16T10:28:01,100.0,85.9,B
2021-07-16T10:27:09,100.0,85.8,S
2021-07-16T10:26:44,200.0,85.9,B
2021-07-16T10:26:42,500.0,85.9,B
2021-07-16T10:26:39,3000.0,85.8,S
2021-07-16T10:26:37,100.0,85.8,S
2021-07-16T10:26:18,100.0,85.9,B
2021-07-16T10:26:03,200.0,85.9,B
2021-07-16T10:25:53,100.0,85.8,S
2021-07-16T10:25:40,100.0,85.8,S
2021-07-16T10:25:21,500.0,85.8,S
2021-07-16T10:25:02,2600.0,85.8,S
2021-07-16T10:24:58,1000.0,85.8,S
2021-07-16T10:24:33,1000.0,85.8,S
2021-07-16T10:24:32,1600.0,85.8,S
2021-07-16T10:24:31,100.0,85.8,S
2021-07-16T10:24:31,3300.0,85.8,S
2021-07-16T10:24:30,100.0,85.8,S
2021-07-16T10:24:29,200.0,85.8,S
2021-07-16T10:24:28,100.0,85.9,B
2021-07-16T10:24:24,500.0,85.8,S
2021-07-16T10:23:49,300.0,85.8,S
2021-07-16T10:23:43,800.0,85.8,B
2021-07-16T10:23:42,400.0,85.7,S
2021-07-16T10:23:34,500.0,85.7,S
2021-07-16T10:23:18,10200.0,85.7,S
2021-07-16T10:23:18,6000.0,85.7,S
2021-07-16T10:23:18,3300.0,85.8,S
2021-07-16T10:23:00,300.0,85.8,S
2021-07-16T10:22:44,500.0,85.8,S
2021-07-16T10:22:36,3000.0,85.8,S
2021-07-16T10:22:29,100.0,85.8,S
2021-07-16T10:22:17,1100.0,85.8,S
2021-07-16T10:22:08,2000.0,85.8,S
2021-07-16T10:21:57,100.0,85.8,S
2021-07-16T10:21:54,300.0,85.8,S
2021-07-16T10:21:52,2000.0,85.8,S
2021-07-16T10:21:50,300.0,85.8,S
2021-07-16T10:21:47,100.0,85.8,S
2021-07-16T10:21:45,300.0,85.8,S
2021-07-16T10:21:43,300.0,85.8,S
2021-07-16T10:21:41,3000.0,85.8,S
2021-07-16T10:21:39,300.0,85.8,S
2021-07-16T10:21:35,300.0,85.8,S
2021-07-16T10:21:31,300.0,85.8,S
2021-07-16T10:21:27,1000.0,85.8,S
2021-07-16T10:21:26,300.0,85.8,S
2021-07-16T10:21:22,300.0,85.8,S
2021-07-16T10:21:16,300.0,85.8,S
2021-07-16T10:21:13,100.0,85.8,S
2021-07-16T10:21:03,1700.0,85.8,S
2021-07-16T10:21:03,1300.0,85.8,S
2021-07-16T10:21:03,100.0,85.8,S
2021-07-16T10:21:02,200.0,85.9,B
2021-07-16T10:20:58,500.0,85.9,B
2021-07-16T10:20:40,100.0,85.8,S
2021-07-16T10:20:35,200.0,85.8,S
2021-07-16T10:20:16,500.0,85.8,S
2021-07-16T10:20:12,100.0,85.9,B
2021-07-16T10:19:40,1500.0,85.8,S
2021-07-16T10:19:27,1000.0,85.8,S
2021-07-16T10:19:23,100.0,85.9,B
2021-07-16T10:18:59,100.0,85.9,B
2021-07-16T10:18:37,700.0,85.8,B
2021-07-16T10:18:21,100.0,85.8,B
2021-07-16T10:18:17,200.0,85.8,B
2021-07-16T10:18:12,200.0,85.8,B
2021-07-16T10:18:09,500.0,85.8,B
2021-07-16T10:18:07,200.0,85.8,B
2021-07-16T10:17:57,500.0,85.8,B
2021-07-16T10:17:51,100.0,85.8,B
2021-07-16T10:17:46,100.0,85.8,B
2021-07-16T10:17:44,100.0,85.8,B
2021-07-16T10:17:29,800.0,85.8,B
2021-07-16T10:17:24,200.0,85.8,S
2021-07-16T10:17:22,800.0,85.8,S
2021-07-16T10:17:22,3000.0,85.8,S
2021-07-16T10:17:22,1900.0,85.9,B
2021-07-16T10:17:22,200.0,85.9,B
2021-07-16T10:17:22,900.0,85.9,B
2021-07-16T10:17:17,1000.0,85.8,S
2021-07-16T10:16:54,100.0,85.8,S
2021-07-16T10:16:20,1000.0,85.9,B
2021-07-16T10:16:16,100.0,85.9,B
2021-07-16T10:16:15,200.0,85.9,B
2021-07-16T10:16:14,300.0,85.9,B
2021-07-16T10:15:43,3000.0,85.9,B
2021-07-16T10:15:35,100.0,85.8,B
2021-07-16T10:15:31,300.0,85.8,B
2021-07-16T10:15:18,1200.0,85.8,B
2021-07-16T10:15:15,1400.0,85.8,B
2021-07-16T10:14:29,200.0,85.8,B
2021-07-16T10:14:17,100.0,85.8,B
2021-07-16T10:14:09,100.0,85.7,S
2021-07-16T10:14:02,100.0,85.8,B
2021-07-16T10:13:54,600.0,85.7,S
2021-07-16T10:13:31,300.0,85.8,B
2021-07-16T10:13:22,1000.0,85.7,S
2021-07-16T10:13:19,200.0,85.7,S
2021-07-16T10:13:07,1000.0,85.7,S
2021-07-16T10:13:01,100.0,85.7,S
2021-07-16T10:12:57,100.0,85.8,B
2021-07-16T10:12:42,200.0,85.8,B
2021-07-16T10:12:32,200.0,85.8,B
2021-07-16T10:12:22,300.0,85.8,B
2021-07-16T10:11:59,2600.0,85.8,S
2021-07-16T10:11:54,500.0,85.8,S
2021-07-16T10:11:54,3000.0,85.9,B
2021-07-16T10:11:49,3000.0,85.9,B
2021-07-16T10:11:46,500.0,85.9,B
2021-07-16T10:11:16,500.0,85.8,S
2021-07-16T10:11:09,100.0,85.9,B
2021-07-16T10:11:04,300.0,85.8,S
2021-07-16T10:10:16,100.0,85.9,B
2021-07-16T10:10:14,200.0,85.8,S
2021-07-16T10:10:05,100.0,85.8,S
2021-07-16T10:09:56,1000.0,85.8,S
2021-07-16T10:09:46,100.0,85.8,S
2021-07-16T10:09:12,1200.0,85.8,S
2021-07-16T10:09:12,800.0,85.8,S
2021-07-16T10:08:46,600.0,85.9,B
2021-07-16T10:08:26,3000.0,85.9,B
2021-07-16T10:08:24,1000.0,85.9,B
2021-07-16T10:08:15,1000.0,85.9,B
2021-07-16T10:08:02,100.0,85.9,B
2021-07-16T10:07:54,1000.0,85.9,B
2021-07-16T10:07:43,200.0,85.9,B
2021-07-16T10:07:30,500.0,85.9,B
2021-07-16T10:07:27,200.0,85.8,S
2021-07-16T10:07:24,800.0,85.8,S
2021-07-16T10:07:22,1000.0,85.8,S
2021-07-16T10:07:15,100.0,85.8,S
2021-07-16T10:07:13,100.0,85.9,B
2021-07-16T10:07:12,100.0,85.9,B
2021-07-16T10:07:11,1000.0,85.8,S
2021-07-16T10:07:00,1500.0,85.9,B
2021-07-16T10:06:51,300.0,85.9,B
2021-07-16T10:06:40,500.0,85.9,B
2021-07-16T10:06:40,500.0,85.8,S
2021-07-16T10:06:12,2900.0,85.8,S
2021-07-16T10:05:54,200.0,85.9,B
2021-07-16T10:05:51,4000.0,85.8,S
2021-07-16T10:05:49,800.0,85.8,S
2021-07-16T10:05:02,200.0,85.8,S
2021-07-16T10:04:50,300.0,85.8,S
2021-07-16T10:04:49,500.0,85.8,B
2021-07-16T10:04:49,1100.0,85.8,B
2021-07-16T10:04:49,15600.0,85.8,B
2021-07-16T10:04:37,300.0,85.7,S
2021-07-16T10:04:20,2000.0,85.6,S
2021-07-16T10:04:19,8100.0,85.7,B
2021-07-16T10:04:12,200.0,85.7,B
2021-07-16T10:04:01,300.0,85.6,S
2021-07-16T10:03:15,1000.0,85.6,S
2021-07-16T10:02:59,1000.0,85.7,B
2021-07-16T10:02:51,100.0,85.7,B
2021-07-16T10:02:32,500.0,85.7,B
2021-07-16T10:02:11,200.0,85.6,S
2021-07-16T10:01:57,1300.0,85.6,S
2021-07-16T10:01:51,500.0,85.6,S
2021-07-16T10:01:39,1000.0,85.6,S
2021-07-16T10:01:06,200.0,85.7,B
2021-07-16T10:00:55,1000.0,85.7,B
2021-07-16T10:00:52,100.0,85.6,B
2021-07-16T10:00:35,1600.0,85.7,B
2021-07-16T10:00:19,1000.0,85.6,B
2021-07-16T10:00:09,800.0,85.6,B
2021-07-16T09:59:47,200.0,85.6,B
2021-07-16T09:59:32,500.0,85.6,B
2021-07-16T09:59:30,400.0,85.6,B
2021-07-16T09:59:23,1000.0,85.5,S
2021-07-16T09:59:18,400.0,85.6,B
2021-07-16T09:59:18,200.0,85.6,B
2021-07-16T09:59:18,100.0,85.6,B
2021-07-16T09:59:17,500.0,85.6,B
2021-07-16T09:59:16,400.0,85.6,B
2021-07-16T09:59:16,500.0,85.6,B
2021-07-16T09:59:15,1600.0,85.5,S
2021-07-16T09:59:07,100.0,85.6,B
2021-07-16T09:58:49,2000.0,85.6,B
2021-07-16T09:58:42,200.0,85.6,B
2021-07-16T09:58:40,300.0,85.6,B
2021-07-16T09:58:38,4000.0,85.5,S
2021-07-16T09:58:28,100.0,85.6,B
2021-07-16T09:58:26,700.0,85.6,B
2021-07-16T09:58:24,100.0,85.5,S
2021-07-16T09:58:19,500.0,85.5,S
2021-07-16T09:58:18,100.0,85.6,B
2021-07-16T09:58:10,100.0,85.5,S
2021-07-16T09:57:55,100.0,85.6,B
2021-07-16T09:57:46,100.0,85.6,B
2021-07-16T09:57:35,1300.0,85.6,B
2021-07-16T09:57:27,200.0,85.6,B
2021-07-16T09:57:17,300.0,85.6,B
2021-07-16T09:57:14,2000.0,85.6,B
2021-07-16T09:57:10,100.0,85.6,B
2021-07-16T09:57:04,100.0,85.6,B
2021-07-16T09:56:42,100.0,85.6,B
2021-07-16T09:56:32,100.0,85.6,B
2021-07-16T09:56:24,100.0,85.6,B
2021-07-16T09:56:15,200.0,85.6,B
2021-07-16T09:56:08,100.0,85.6,B
2021-07-16T09:56:08,1200.0,85.5,S
2021-07-16T09:55:27,100.0,85.5,S
2021-07-16T09:55:24,500.0,85.5,S
2021-07-16T09:55:24,100.0,85.5,S
2021-07-16T09:55:23,900.0,85.5,S
2021-07-16T09:55:23,700.0,85.5,S
2021-07-16T09:55:17,200.0,85.6,B
2021-07-16T09:55:01,10000.0,85.6,B
2021-07-16T09:54:59,700.0,85.5,S
2021-07-16T09:54:59,1300.0,85.5,S
2021-07-16T09:54:49,100.0,85.5,S
2021-07-16T09:54:49,1900.0,85.5,S
2021-07-16T09:54:26,500.0,85.6,B
2021-07-16T09:54:14,300.0,85.5,S
2021-07-16T09:54:06,100.0,85.6,B
2021-07-16T09:54:05,100.0,85.5,S
2021-07-16T09:53:55,900.0,85.6,B
2021-07-16T09:53:42,300.0,85.6,B
2021-07-16T09:53:35,300.0,85.6,B
2021-07-16T09:53:35,200.0,85.6,B
2021-07-16T09:53:27,100.0,85.6,B
2021-07-16T09:53:17,200.0,85.6,B
2021-07-16T09:53:10,200.0,85.6,B
2021-07-16T09:53:04,200.0,85.6,B
2021-07-16T09:53:04,100.0,85.6,B
2021-07-16T09:52:57,100.0,85.6,B
2021-07-16T09:52:52,300.0,85.6,B
2021-07-16T09:52:47,300.0,85.6,S
2021-07-16T09:52:47,1100.0,85.6,S
2021-07-16T09:52:47,2300.0,85.6,S
2021-07-16T09:52:47,2300.0,85.6,S
2021-07-16T09:52:47,1500.0,85.6,S
2021-07-16T09:52:47,1600.0,85.6,S
2021-07-16T09:52:47,2100.0,85.6,S
2021-07-16T09:52:47,300.0,85.6,S
2021-07-16T09:52:47,700.0,85.6,S
2021-07-16T09:52:47,1000.0,85.6,S
2021-07-16T09:52:47,400.0,85.6,S
2021-07-16T09:52:46,100.0,85.7,B
2021-07-16T09:52:35,1100.0,85.7,B
2021-07-16T09:52:32,100.0,85.7,B
2021-07-16T09:52:28,200.0,85.7,B
2021-07-16T09:52:19,1100.0,85.7,S
2021-07-16T09:52:19,5300.0,85.7,S
2021-07-16T09:52:19,400.0,85.7,S
2021-07-16T09:52:19,700.0,85.7,S
2021-07-16T09:52:17,200.0,85.8,B
2021-07-16T09:52:13,3800.0,85.7,S
2021-07-16T09:52:13,700.0,85.7,S
2021-07-16T09:52:12,600.0,85.8,B
2021-07-16T09:52:00,400.0,85.8,B
2021-07-16T09:51:55,900.0,85.7,S
2021-07-16T09:51:55,900.0,85.7,S
2021-07-16T09:51:55,200.0,85.7,S
2021-07-16T09:51:52,500.0,85.8,B
2021-07-16T09:51:42,100.0,85.8,B
2021-07-16T09:51:22,200.0,85.8,B
2021-07-16T09:50:49,300.0,85.7,S
2021-07-16T09:50:49,600.0,85.8,S
2021-07-16T09:50:49,200.0,85.8,S
2021-07-16T09:50:49,1700.0,85.8,S
2021-07-16T09:50:49,4300.0,85.8,S
2021-07-16T09:50:49,200.0,85.8,S
2021-07-16T09:50:49,2700.0,85.8,S
2021-07-16T09:50:45,7800.0,85.8,S
2021-07-16T09:50:45,100.0,85.8,S
2021-07-16T09:50:45,900.0,85.8,S
2021-07-16T09:50:45,6200.0,85.8,S
2021-07-16T09:50:40,10000.0,85.8,S
2021-07-16T09:50:26,5000.0,85.8,S
2021-07-16T09:50:00,700.0,85.9,B
2021-07-16T09:49:56,900.0,85.8,S
2021-07-16T09:49:55,500.0,85.8,S
2021-07-16T09:49:50,100.0,85.8,S
2021-07-16T09:49:05,200.0,85.8,S
2021-07-16T09:48:52,11300.0,85.8,S
2021-07-16T09:48:52,600.0,85.8,S
2021-07-16T09:48:52,3100.0,85.8,S
2021-07-16T09:48:35,1000.0,85.9,B
2021-07-16T09:48:29,1000.0,85.9,B
2021-07-16T09:48:14,200.0,85.9,B
2021-07-16T09:48:03,2100.0,85.8,S
2021-07-16T09:48:03,2000.0,85.8,S
2021-07-16T09:48:03,400.0,85.8,S
2021-07-16T09:48:03,500.0,85.8,S
2021-07-16T09:48:03,1000.0,85.8,S
2021-07-16T09:48:02,100.0,85.9,B
2021-07-16T09:47:57,1000.0,85.9,B
2021-07-16T09:47:55,300.0,85.9,B
2021-07-16T09:47:42,1000.0,85.9,B
2021-07-16T09:47:39,300.0,85.9,B
2021-07-16T09:47:30,100.0,85.9,B
2021-07-16T09:47:14,100.0,85.9,B
2021-07-16T09:47:05,500.0,85.9,B
2021-07-16T09:47:01,500.0,85.9,B
2021-07-16T09:46:53,800.0,85.9,B
2021-07-16T09:46:50,5000.0,85.9,B
2021-07-16T09:46:46,2000.0,85.9,B
2021-07-16T09:46:42,200.0,85.9,B
2021-07-16T09:46:42,300.0,85.9,B
2021-07-16T09:46:41,100.0,85.9,B
2021-07-16T09:46:30,2400.0,85.9,S
2021-07-16T09:46:30,800.0,85.9,S
2021-07-16T09:46:22,100.0,85.9,S
2021-07-16T09:46:22,5100.0,85.9,S
2021-07-16T09:46:22,400.0,85.9,S
2021-07-16T09:46:22,400.0,85.9,S
2021-07-16T09:46:13,5000.0,85.9,S
2021-07-16T09:45:22,500.0,85.9,S
2021-07-16T09:45:14,500.0,85.9,S
2021-07-16T09:45:09,300.0,85.9,S
2021-07-16T09:44:35,100.0,85.9,S
2021-07-16T09:44:20,100.0,86.0,B
2021-07-16T09:44:09,1100.0,85.8,S
2021-07-16T09:44:09,500.0,85.9,S
2021-07-16T09:44:09,4400.0,85.9,S
2021-07-16T09:44:04,1000.0,86.0,B
2021-07-16T09:44:03,200.0,85.9,S
2021-07-16T09:43:42,1000.0,86.0,B
2021-07-16T09:43:17,2000.0,85.9,S
2021-07-16T09:43:09,1500.0,85.9,S
2021-07-16T09:42:55,1000.0,86.0,B
2021-07-16T09:42:52,500.0,85.9,S
2021-07-16T09:42:52,100.0,85.9,S
2021-07-16T09:42:52,400.0,85.9,S
2021-07-16T09:42:52,1000.0,85.9,S
2021-07-16T09:42:52,100.0,86.0,B
2021-07-16T09:42:43,600.0,85.9,S
2021-07-16T09:42:40,200.0,85.9,S
2021-07-16T09:42:38,400.0,85.9,S
2021-07-16T09:42:38,600.0,85.9,S
2021-07-16T09:42:35,300.0,85.9,S
2021-07-16T09:42:35,100.0,85.9,S
2021-07-16T09:42:07,1000.0,85.9,S
2021-07-16T09:41:31,2000.0,85.9,S
2021-07-16T09:41:31,1500.0,85.9,S
2021-07-16T09:41:09,800.0,86.0,B
2021-07-16T09:41:00,400.0,85.9,S
2021-07-16T09:40:54,100.0,85.9,S
2021-07-16T09:40:10,2000.0,85.9,S
2021-07-16T09:40:01,200.0,86.0,B
2021-07-16T09:39:51,100.0,86.0,B
2021-07-16T09:39:51,1000.0,85.9,S
2021-07-16T09:39:42,100.0,85.9,S
2021-07-16T09:39:31,800.0,85.8,S
2021-07-16T09:39:30,100.0,85.9,S
2021-07-16T09:39:30,300.0,85.9,S
2021-07-16T09:38:52,100.0,85.8,S
2021-07-16T09:38:47,100.0,85.9,S
2021-07-16T09:38:39,300.0,85.9,S
2021-07-16T09:38:37,100.0,85.9,B
2021-07-16T09:38:27,100.0,85.9,S
2021-07-16T09:38:20,1000.0,86.0,B
2021-07-16T09:38:01,500.0,85.9,S
2021-07-16T09:37:52,500.0,86.0,B
2021-07-16T09:37:51,100.0,86.0,B
2021-07-16T09:37:34,100.0,85.9,S
2021-07-16T09:37:17,5000.0,86.0,B
2021-07-16T09:36:59,100.0,85.8,S
2021-07-16T09:36:46,200.0,85.8,S
2021-07-16T09:36:22,100.0,85.8,S
2021-07-16T09:36:22,400.0,85.8,S
2021-07-16T09:36:18,200.0,85.8,S
2021-07-16T09:36:01,1500.0,85.8,S
2021-07-16T09:35:49,700.0,85.8,S
2021-07-16T09:35:34,200.0,85.8,S
2021-07-16T09:35:10,100.0,85.8,S
2021-07-16T09:34:47,400.0,85.8,S
2021-07-16T09:34:41,200.0,85.8,S
2021-07-16T09:34:32,2000.0,85.9,B
2021-07-16T09:34:20,200.0,85.9,B
2021-07-16T09:34:03,100.0,85.9,B
2021-07-16T09:33:56,100.0,85.9,B
2021-07-16T09:33:54,1000.0,85.8,S
2021-07-16T09:33:52,200.0,85.9,B
2021-07-16T09:33:44,300.0,85.8,B
2021-07-16T09:33:36,200.0,85.8,B
2021-07-16T09:33:34,100.0,85.8,B
2021-07-16T09:33:29,200.0,85.8,B
2021-07-16T09:33:27,400.0,85.8,S
2021-07-16T09:33:24,200.0,85.9,B
2021-07-16T09:33:20,2000.0,85.9,B
2021-07-16T09:33:15,100.0,85.9,B
2021-07-16T09:33:11,6000.0,85.7,S
2021-07-16T09:33:04,500.0,85.9,B
2021-07-16T09:33:02,2400.0,85.8,S
2021-07-16T09:33:02,1100.0,85.8,S
2021-07-16T09:33:02,4000.0,85.8,S
2021-07-16T09:32:57,500.0,85.9,B
2021-07-16T09:32:51,100.0,85.9,B
2021-07-16T09:32:39,1000.0,85.9,B
2021-07-16T09:32:35,2800.0,85.9,S
2021-07-16T09:32:35,1800.0,85.9,S
2021-07-16T09:32:34,2800.0,85.9,S
2021-07-16T09:32:34,1200.0,85.9,S
2021-07-16T09:32:34,200.0,85.9,S
2021-07-16T09:32:34,1300.0,85.9,S
2021-07-16T09:32:34,3400.0,85.9,S
2021-07-16T09:32:33,1000.0,86.0,S
2021-07-16T09:32:28,200.0,86.0,S
2021-07-16T09:32:17,300.0,86.0,B
2021-07-16T09:32:10,100.0,86.0,B
2021-07-16T09:32:10,500.0,86.0,B
2021-07-16T09:32:07,100.0,86.0,S
2021-07-16T09:31:57,100.0,86.0,S
2021-07-16T09:31:32,400.0,85.9,S
2021-07-16T09:31:32,300.0,85.9,S
2021-07-16T09:31:27,500.0,86.0,S
2021-07-16T09:31:25,100.0,85.9,S
2021-07-16T09:31:21,100.0,85.9,S
2021-07-16T09:31:17,100.0,85.9,S
2021-07-16T09:31:14,100.0,86.0,S
2021-07-16T09:31:09,100.0,86.0,S
2021-07-16T09:31:07,100.0,86.0,S
2021-07-16T09:31:06,3000.0,86.0,S
2021-07-16T09:31:04,100.0,86.0,S
2021-07-16T09:30:59,100.0,86.0,S
2021-07-16T09:30:56,100.0,86.0,S
2021-07-16T09:30:38,400.0,86.0,S
2021-07-16T09:30:23,600.0,86.0,S
2021-07-16T09:30:16,200.0,86.0,S
2021-07-16T09:30:09,2200.0,86.0,B
2021-07-16T09:30:09,200.0,86.0,B
2021-07-16T09:30:05,200.0,86.0,B
2021-07-16T09:30:00,100.0,86.0,B
2021-07-16T09:29:52,100.0,86.0,B
2021-07-16T09:29:46,300.0,86.0,B
2021-07-16T09:29:42,100.0,86.0,B
2021-07-16T09:29:30,600.0,85.9,S
2021-07-16T09:29:30,5400.0,85.9,S
2021-07-16T09:29:29,100.0,86.0,S
2021-07-16T09:29:16,200.0,86.0,B
2021-07-16T09:29:15,100.0,86.0,B
2021-07-16T09:29:15,200.0,86.0,B
2021-07-16T09:29:14,100.0,86.0,B
2021-07-16T09:29:03,100.0,86.0,B
2021-07-16T09:29:00,100.0,86.0,B
2021-07-16T09:28:48,700.0,86.0,S
2021-07-16T09:28:39,900.0,86.0,B
2021-07-16T09:28:36,500.0,86.0,B
2021-07-16T09:28:29,100.0,86.0,B
2021-07-16T09:28:27,300.0,86.0,B
2021-07-16T09:28:22,400.0,86.0,B
2021-07-16T09:28:22,400.0,86.0,B
2021-07-16T09:28:09,100.0,86.0,B
2021-07-16T09:28:09,1000.0,86.0,B
2021-07-16T09:28:03,1000.0,86.0,B
2021-07-16T09:27:58,2500.0,86.0,B
2021-07-16T09:27:54,300.0,86.0,B
2021-07-16T09:27:54,100.0,86.0,B
2021-07-16T09:27:54,300.0,85.9,S
2021-07-16T09:27:20,700.0,86.0,B
2021-07-16T09:27:20,200.0,86.0,B
2021-07-16T09:27:20,1100.0,86.0,B
2021-07-16T09:27:06,200.0,85.9,S
2021-07-16T09:26:54,500.0,85.9,B
2021-07-16T09:26:53,400.0,85.9,B
2021-07-16T09:26:45,1000.0,85.9,B
2021-07-16T09:26:44,100.0,85.8,S
2021-07-16T09:26:35,100.0,85.8,S
2021-07-16T09:26:35,1000.0,85.9,B
2021-07-16T09:26:33,200.0,85.9,B
2021-07-16T09:26:31,100.0,85.8,S
2021-07-16T09:26:27,800.0,85.9,B
2021-07-16T09:26:25,100.0,85.8,S
2021-07-16T09:26:19,100.0,85.8,S
2021-07-16T09:26:15,100.0,85.8,S
2021-07-16T09:26:09,100.0,85.8,S
2021-07-16T09:26:05,100.0,85.8,S
2021-07-16T09:25:59,100.0,85.8,S
2021-07-16T09:25:56,100.0,85.8,S
2021-07-16T09:25:51,100.0,85.8,S
2021-07-16T09:25:46,100.0,85.8,S
2021-07-16T09:25:41,100.0,85.8,S
2021-07-16T09:25:34,100.0,85.8,S
2021-07-16T09:25:33,100.0,85.8,S
2021-07-16T09:25:32,300.0,85.8,S
2021-07-16T09:25:31,100.0,85.9,B
2021-07-16T09:25:31,100.0,85.8,S
2021-07-16T09:25:27,100.0,85.8,S
2021-07-16T09:25:20,100.0,85.8,S
2021-07-16T09:25:11,100.0,85.8,S
2021-07-16T09:25:05,100.0,85.8,S
2021-07-16T09:24:58,100.0,85.8,S
2021-07-16T09:24:56,100.0,85.8,S
2021-07-16T09:24:52,100.0,85.8,S
2021-07-16T09:24:47,100.0,85.8,S
2021-07-16T09:24:41,100.0,85.8,S
2021-07-16T09:24:34,100.0,85.8,S
2021-07-16T09:24:31,400.0,85.9,S
2021-07-16T09:24:28,100.0,85.9,S
2021-07-16T09:24:26,100.0,85.9,S
2021-07-16T09:24:22,200.0,85.9,S
2021-07-16T09:24:22,800.0,85.9,S
2021-07-16T09:24:18,100.0,85.9,S
2021-07-16T09:24:14,100.0,85.9,S
2021-07-16T09:24:08,100.0,85.9,S
2021-07-16T09:24:02,100.0,85.9,S
2021-07-16T09:23:57,100.0,85.9,S
2021-07-16T09:23:50,1000.0,85.9,S
2021-07-16T09:23:44,100.0,85.9,S
2021-07-16T09:23:39,100.0,85.9,S
2021-07-16T09:23:39,400.0,85.9,S
2021-07-16T09:23:39,1000.0,85.9,S
2021-07-16T09:23:30,500.0,85.9,S
2021-07-16T09:23:16,100.0,85.9,S
2021-07-16T09:23:11,100.0,85.9,S
2021-07-16T09:23:04,100.0,85.9,S
2021-07-16T09:22:59,100.0,85.9,S
2021-07-16T09:22:55,100.0,85.9,S
2021-07-16T09:22:55,200.0,86.0,S
2021-07-16T09:22:52,300.0,86.0,B
2021-07-16T09:22:51,100.0,86.0,B
2021-07-16T09:22:48,100.0,85.9,S
2021-07-16T09:22:44,100.0,86.0,S
2021-07-16T09:22:41,100.0,86.0,S
2021-07-16T09:22:39,400.0,86.0,S
2021-07-16T09:22:34,100.0,85.9,S
2021-07-16T09:22:29,100.0,85.9,S
2021-07-16T09:22:17,100.0,85.9,S
2021-07-16T09:22:17,100.0,86.1,B
2021-07-16T09:22:11,300.0,85.9,S
2021-07-16T09:22:09,100.0,85.9,S
2021-07-16T09:22:06,100.0,86.0,B
2021-07-16T09:22:01,100.0,85.9,S
2021-07-16T09:21:54,100.0,85.9,S
2021-07-16T09:21:53,100.0,85.9,S
2021-07-16T09:21:45,100.0,85.9,S
2021-07-16T09:21:36,200.0,86.0,S
2021-07-16T09:21:35,800.0,86.0,B
2021-07-16T09:21:30,100.0,85.9,S
2021-07-16T09:21:29,5000.0,86.0,B
2021-07-16T09:21:22,200.0,86.0,B
2021-07-16T09:21:08,100.0,85.9,S
2021-07-16T09:20:52,300.0,85.9,B
2021-07-16T09:20:44,500.0,85.9,B
2021-07-16T09:20:42,200.0,85.8,S
2021-07-16T09:20:37,100.0,85.9,B
2021-07-16T09:20:26,200.0,85.9,B
2021-07-16T09:19:48,300.0,85.7,S
2021-07-16T09:19:42,1000.0,85.7,S
2021-07-16T09:19:21,300.0,85.6,S
2021-07-16T09:19:08,300.0,85.6,S
2021-07-16T09:19:05,1500.0,85.6,S
2021-07-16T09:18:59,300.0,85.5,S
2021-07-16T09:18:52,700.0,85.6,B
2021-07-16T09:18:52,300.0,85.6,B
2021-07-16T09:18:42,300.0,85.5,S
2021-07-16T09:18:30,800.0,85.5,S
2021-07-16T09:18:27,100.0,85.6,B
2021-07-16T09:18:19,200.0,85.5,S
2021-07-16T09:18:12,100.0,85.6,B
2021-07-16T09:18:10,100.0,85.6,B
2021-07-16T09:17:57,100.0,85.6,B
2021-07-16T09:17:38,600.0,85.5,S
2021-07-16T09:17:36,500.0,85.6,B
2021-07-16T09:17:32,100.0,85.6,B
2021-07-16T09:17:23,100.0,85.6,B
2021-07-16T09:17:04,300.0,85.5,S
2021-07-16T09:16:51,200.0,85.6,B
2021-07-16T09:16:46,100.0,85.6,B
2021-07-16T09:16:45,300.0,85.5,S
2021-07-16T09:16:42,1000.0,85.5,S
2021-07-16T09:16:41,1000.0,85.6,B
2021-07-16T09:16:37,200.0,85.5,S
2021-07-16T09:16:36,100.0,85.6,B
2021-07-16T09:16:28,1100.0,85.6,S
2021-07-16T09:16:28,1100.0,85.6,S
2021-07-16T09:16:28,2100.0,85.7,S
2021-07-16T09:16:26,5000.0,85.7,S
2021-07-16T09:16:20,100.0,85.7,S
2021-07-16T09:16:16,500.0,85.7,S
2021-07-16T09:16:13,500.0,85.8,B
2021-07-16T09:16:10,100.0,85.8,B
2021-07-16T09:16:04,100.0,85.8,B
2021-07-16T09:16:02,700.0,85.8,S
2021-07-16T09:15:58,300.0,85.9,S
2021-07-16T09:15:58,1000.0,86.0,B
2021-07-16T09:15:43,200.0,85.9,B
2021-07-16T09:15:42,300.0,85.9,S
2021-07-16T09:15:40,200.0,85.9,S
2021-07-16T09:15:39,100.0,85.9,B
2021-07-16T09:15:25,200.0,85.9,B
