tradingTime,volume,price,side
2021-07-16T14:29:56,5600.0,47.7,S
2021-07-16T14:29:56,400.0,47.7,S
2021-07-16T14:29:56,100.0,47.7,S
2021-07-16T14:29:56,300.0,47.7,S
2021-07-16T14:29:56,300.0,47.7,S
2021-07-16T14:29:56,300.0,47.7,S
2021-07-16T14:29:56,300.0,47.75,S
2021-07-16T14:29:56,1700.0,47.75,S
2021-07-16T14:29:56,400.0,47.75,S
2021-07-16T14:29:56,1400.0,47.75,S
2021-07-16T14:29:56,2600.0,47.75,S
2021-07-16T14:29:56,700.0,47.75,S
2021-07-16T14:29:56,400.0,47.75,S
2021-07-16T14:29:56,700.0,47.75,S
2021-07-16T14:29:56,300.0,47.75,S
2021-07-16T14:29:56,4900.0,47.75,S
2021-07-16T14:29:56,900.0,47.8,S
2021-07-16T14:29:56,300.0,47.8,S
2021-07-16T14:29:56,100.0,47.8,S
2021-07-16T14:29:56,200.0,47.8,S
2021-07-16T14:29:56,10000.0,47.8,S
2021-07-16T14:29:56,2600.0,47.8,S
2021-07-16T14:29:56,3000.0,47.8,S
2021-07-16T14:29:56,500.0,47.8,S
2021-07-16T14:29:56,1700.0,47.8,S
2021-07-16T14:29:56,1900.0,47.8,S
2021-07-16T14:29:56,1700.0,47.8,S
2021-07-16T14:29:56,5100.0,47.8,S
2021-07-16T14:29:56,39800.0,47.8,S
2021-07-16T14:29:56,200.0,47.85,S
2021-07-16T14:29:56,1600.0,47.85,S
2021-07-16T14:29:52,100.0,47.85,S
2021-07-16T14:29:47,500.0,47.85,S
2021-07-16T14:29:46,1000.0,47.85,S
2021-07-16T14:29:44,1000.0,47.85,S
2021-07-16T14:29:41,2000.0,47.9,B
2021-07-16T14:29:36,100.0,47.9,B
2021-07-16T14:29:28,500.0,47.85,S
2021-07-16T14:29:27,1000.0,47.9,B
2021-07-16T14:29:12,500.0,47.85,S
2021-07-16T14:29:03,100.0,47.85,S
2021-07-16T14:29:00,100.0,47.9,B
2021-07-16T14:28:59,4900.0,47.85,S
2021-07-16T14:28:58,5100.0,47.85,S
2021-07-16T14:28:54,2000.0,47.9,B
2021-07-16T14:28:52,100.0,47.9,B
2021-07-16T14:28:51,5600.0,47.9,B
2021-07-16T14:28:51,1400.0,47.9,B
2021-07-16T14:28:44,100.0,47.9,B
2021-07-16T14:28:38,2000.0,47.9,B
2021-07-16T14:28:37,400.0,47.9,B
2021-07-16T14:28:36,400.0,47.9,B
2021-07-16T14:28:32,200.0,47.85,S
2021-07-16T14:28:30,1000.0,47.9,B
2021-07-16T14:28:25,400.0,47.9,B
2021-07-16T14:28:22,100.0,47.9,B
2021-07-16T14:28:16,300.0,47.9,B
2021-07-16T14:28:14,2000.0,47.9,B
2021-07-16T14:28:12,500.0,47.9,B
2021-07-16T14:28:07,2600.0,47.9,B
2021-07-16T14:28:05,700.0,47.9,B
2021-07-16T14:27:49,2000.0,47.9,B
2021-07-16T14:27:47,300.0,47.9,B
2021-07-16T14:27:36,2000.0,47.9,B
2021-07-16T14:27:34,800.0,47.85,S
2021-07-16T14:27:29,300.0,47.9,B
2021-07-16T14:27:28,300.0,47.9,B
2021-07-16T14:27:12,100.0,47.9,B
2021-07-16T14:27:10,2000.0,47.9,B
2021-07-16T14:27:07,5000.0,47.9,B
2021-07-16T14:26:59,400.0,47.9,B
2021-07-16T14:26:48,200.0,47.85,B
2021-07-16T14:26:47,500.0,47.85,B
2021-07-16T14:26:44,500.0,47.85,B
2021-07-16T14:26:42,1500.0,47.85,B
2021-07-16T14:26:31,500.0,47.8,S
2021-07-16T14:26:23,10000.0,47.8,S
2021-07-16T14:26:21,2600.0,47.8,S
2021-07-16T14:26:11,2500.0,47.8,S
2021-07-16T14:26:08,700.0,47.8,B
2021-07-16T14:26:06,100.0,47.8,S
2021-07-16T14:26:04,1700.0,47.75,S
2021-07-16T14:26:04,2100.0,47.75,S
2021-07-16T14:26:04,3700.0,47.75,S
2021-07-16T14:26:04,700.0,47.8,S
2021-07-16T14:26:04,500.0,47.8,S
2021-07-16T14:26:04,1300.0,47.8,S
2021-07-16T14:25:59,700.0,47.8,S
2021-07-16T14:25:53,700.0,47.8,S
2021-07-16T14:25:53,2000.0,47.8,S
2021-07-16T14:25:53,900.0,47.8,S
2021-07-16T14:25:53,3200.0,47.8,S
2021-07-16T14:25:53,11400.0,47.8,S
2021-07-16T14:25:51,100.0,47.8,S
2021-07-16T14:25:43,300.0,47.8,S
2021-07-16T14:25:41,500.0,47.85,B
2021-07-16T14:25:35,400.0,47.8,S
2021-07-16T14:25:35,100.0,47.8,S
2021-07-16T14:25:35,6100.0,47.85,S
2021-07-16T14:25:30,500.0,47.85,S
2021-07-16T14:25:30,500.0,47.85,S
2021-07-16T14:25:29,1000.0,47.85,S
2021-07-16T14:25:29,3000.0,47.9,B
2021-07-16T14:25:28,3000.0,47.9,B
2021-07-16T14:25:23,100.0,47.9,B
2021-07-16T14:25:19,100.0,47.9,B
2021-07-16T14:25:09,600.0,47.9,B
2021-07-16T14:25:09,1500.0,47.95,B
2021-07-16T14:25:09,500.0,47.9,S
2021-07-16T14:24:58,500.0,47.9,B
2021-07-16T14:24:52,600.0,47.95,B
2021-07-16T14:24:49,300.0,47.9,S
2021-07-16T14:24:40,400.0,47.9,S
2021-07-16T14:24:39,1000.0,47.95,B
2021-07-16T14:24:39,100.0,47.95,B
2021-07-16T14:24:35,500.0,47.9,S
2021-07-16T14:24:29,700.0,47.8,S
2021-07-16T14:24:29,200.0,47.8,S
2021-07-16T14:24:29,3500.0,47.8,S
2021-07-16T14:24:29,1500.0,47.8,S
2021-07-16T14:24:29,200.0,47.8,S
2021-07-16T14:24:29,200.0,47.8,S
2021-07-16T14:24:29,300.0,47.8,S
2021-07-16T14:24:29,1100.0,47.8,S
2021-07-16T14:24:29,300.0,47.8,S
2021-07-16T14:24:29,300.0,47.8,S
2021-07-16T14:24:29,1200.0,47.8,S
2021-07-16T14:24:29,1000.0,47.8,S
2021-07-16T14:24:29,400.0,47.8,S
2021-07-16T14:24:29,400.0,47.85,S
2021-07-16T14:24:29,2200.0,47.85,S
2021-07-16T14:24:29,9800.0,47.85,S
2021-07-16T14:24:29,200.0,47.85,S
2021-07-16T14:24:29,1200.0,47.85,S
2021-07-16T14:24:29,600.0,47.9,S
2021-07-16T14:24:26,1000.0,47.9,S
2021-07-16T14:24:19,900.0,47.9,S
2021-07-16T14:24:19,200.0,47.9,S
2021-07-16T14:24:19,500.0,47.9,S
2021-07-16T14:24:19,300.0,47.9,S
2021-07-16T14:24:19,300.0,47.9,S
2021-07-16T14:24:18,2000.0,47.9,S
2021-07-16T14:24:18,6900.0,47.9,S
2021-07-16T14:24:10,1000.0,47.9,S
2021-07-16T14:24:08,1000.0,47.9,S
2021-07-16T14:24:03,200.0,47.9,S
2021-07-16T14:23:58,200.0,48.0,B
2021-07-16T14:23:38,1000.0,47.9,S
2021-07-16T14:23:33,1000.0,48.0,B
2021-07-16T14:23:32,500.0,47.95,S
2021-07-16T14:23:32,500.0,47.95,S
2021-07-16T14:23:23,600.0,48.0,B
2021-07-16T14:23:15,9500.0,47.95,S
2021-07-16T14:23:09,1900.0,48.0,B
2021-07-16T14:23:02,100.0,48.0,B
2021-07-16T14:22:56,3000.0,48.0,B
2021-07-16T14:22:53,1700.0,48.0,S
2021-07-16T14:22:51,3000.0,48.0,S
2021-07-16T14:22:34,300.0,48.0,B
2021-07-16T14:22:33,500.0,48.0,B
2021-07-16T14:22:23,100.0,48.0,B
2021-07-16T14:22:22,200.0,48.0,B
2021-07-16T14:22:20,1000.0,48.0,B
2021-07-16T14:22:11,900.0,48.1,B
2021-07-16T14:22:11,12500.0,48.0,B
2021-07-16T14:22:11,1000.0,48.0,B
2021-07-16T14:22:11,600.0,48.0,B
2021-07-16T14:22:09,200.0,48.0,B
2021-07-16T14:22:01,3000.0,48.0,B
2021-07-16T14:21:58,100.0,48.0,B
2021-07-16T14:21:41,100.0,48.0,B
2021-07-16T14:21:37,2600.0,48.0,S
2021-07-16T14:21:37,1500.0,48.0,S
2021-07-16T14:21:37,7100.0,48.0,S
2021-07-16T14:21:37,5000.0,48.0,S
2021-07-16T14:21:37,5200.0,48.0,S
2021-07-16T14:21:37,900.0,48.0,S
2021-07-16T14:21:37,1200.0,48.0,S
2021-07-16T14:21:37,400.0,48.0,S
2021-07-16T14:21:37,3900.0,48.0,S
2021-07-16T14:21:37,1600.0,48.0,S
2021-07-16T14:21:37,1900.0,48.0,S
2021-07-16T14:21:37,4700.0,48.0,S
2021-07-16T14:21:26,100.0,48.1,B
2021-07-16T14:21:23,100.0,48.1,B
2021-07-16T14:21:21,2000.0,48.0,S
2021-07-16T14:21:13,1000.0,48.1,B
2021-07-16T14:21:10,1000.0,48.1,B
2021-07-16T14:21:09,200.0,48.1,B
2021-07-16T14:21:02,100.0,48.1,B
2021-07-16T14:20:57,100.0,48.1,B
2021-07-16T14:20:49,2000.0,48.1,B
2021-07-16T14:20:46,3500.0,48.0,S
2021-07-16T14:20:46,100.0,48.0,S
2021-07-16T14:20:45,200.0,48.0,S
2021-07-16T14:20:45,400.0,48.0,S
2021-07-16T14:20:45,300.0,48.0,S
2021-07-16T14:20:45,500.0,48.0,S
2021-07-16T14:20:45,1000.0,48.0,S
2021-07-16T14:20:45,200.0,48.0,S
2021-07-16T14:20:45,1100.0,48.0,S
2021-07-16T14:20:45,6100.0,48.0,S
2021-07-16T14:20:45,300.0,48.0,S
2021-07-16T14:20:45,1300.0,48.05,S
2021-07-16T14:20:44,1000.0,48.1,B
2021-07-16T14:20:34,2000.0,48.1,S
2021-07-16T14:20:34,3600.0,48.1,S
2021-07-16T14:20:31,5500.0,48.15,B
2021-07-16T14:20:29,500.0,48.15,B
2021-07-16T14:20:24,2100.0,48.1,S
2021-07-16T14:20:24,5500.0,48.1,S
2021-07-16T14:20:24,1000.0,48.1,S
2021-07-16T14:20:24,11400.0,48.1,S
2021-07-16T14:20:22,1600.0,48.1,S
2021-07-16T14:20:18,400.0,48.1,S
2021-07-16T14:20:03,1000.0,48.15,B
2021-07-16T14:20:01,100.0,48.15,B
2021-07-16T14:19:59,5300.0,48.15,S
2021-07-16T14:19:49,400.0,48.2,B
2021-07-16T14:19:46,500.0,48.15,S
2021-07-16T14:19:44,500.0,48.2,B
2021-07-16T14:19:42,400.0,48.15,S
2021-07-16T14:19:42,3600.0,48.15,S
2021-07-16T14:19:42,100.0,48.2,B
2021-07-16T14:19:39,1500.0,48.15,S
2021-07-16T14:19:34,100.0,48.2,B
2021-07-16T14:19:31,2000.0,48.15,S
2021-07-16T14:19:22,100.0,48.2,B
2021-07-16T14:19:20,2000.0,48.15,S
2021-07-16T14:19:13,2000.0,48.2,B
2021-07-16T14:19:10,100.0,48.2,B
2021-07-16T14:19:08,2000.0,48.15,S
2021-07-16T14:19:01,100.0,48.2,B
2021-07-16T14:18:56,300.0,48.15,S
2021-07-16T14:18:55,100.0,48.2,B
2021-07-16T14:18:52,200.0,48.2,B
2021-07-16T14:18:51,100.0,48.2,B
2021-07-16T14:18:42,100.0,48.2,B
2021-07-16T14:18:39,1100.0,48.15,S
2021-07-16T14:18:39,1500.0,48.15,S
2021-07-16T14:18:39,900.0,48.15,S
2021-07-16T14:18:39,300.0,48.15,S
2021-07-16T14:18:39,16200.0,48.15,S
2021-07-16T14:18:37,1000.0,48.2,B
2021-07-16T14:18:32,100.0,48.2,B
2021-07-16T14:18:31,300.0,48.2,B
2021-07-16T14:18:26,2700.0,48.2,B
2021-07-16T14:18:21,500.0,48.15,S
2021-07-16T14:18:16,3000.0,48.2,B
2021-07-16T14:18:11,500.0,48.2,B
2021-07-16T14:18:10,100.0,48.2,B
2021-07-16T14:18:08,100.0,48.15,S
2021-07-16T14:17:57,3400.0,48.2,B
2021-07-16T14:17:50,100.0,48.2,B
2021-07-16T14:17:39,100.0,48.2,B
2021-07-16T14:17:39,300.0,48.2,B
2021-07-16T14:17:34,200.0,48.2,B
2021-07-16T14:17:29,100.0,48.2,B
2021-07-16T14:17:26,1000.0,48.15,S
2021-07-16T14:16:54,3000.0,48.3,B
2021-07-16T14:16:50,5000.0,48.2,B
2021-07-16T14:16:49,4400.0,48.15,S
2021-07-16T14:16:49,5000.0,48.15,S
2021-07-16T14:16:49,5600.0,48.15,S
2021-07-16T14:16:45,100.0,48.2,B
2021-07-16T14:16:43,100.0,48.2,B
2021-07-16T14:16:40,100.0,48.2,B
2021-07-16T14:16:36,100.0,48.2,B
2021-07-16T14:16:35,100.0,48.2,B
2021-07-16T14:16:31,2300.0,48.2,S
2021-07-16T14:16:24,100.0,48.3,B
2021-07-16T14:16:18,5000.0,48.2,S
2021-07-16T14:16:09,100.0,48.3,B
2021-07-16T14:16:09,500.0,48.2,S
2021-07-16T14:16:05,7300.0,48.2,S
2021-07-16T14:16:05,2700.0,48.2,S
2021-07-16T14:15:32,100.0,48.3,B
2021-07-16T14:15:31,1400.0,48.25,B
2021-07-16T14:15:27,5000.0,48.2,S
2021-07-16T14:15:23,100.0,48.25,B
2021-07-16T14:15:13,500.0,48.2,S
2021-07-16T14:15:11,100.0,48.25,B
2021-07-16T14:15:07,500.0,48.2,S
2021-07-16T14:14:46,100.0,48.25,B
2021-07-16T14:14:08,5000.0,48.15,S
2021-07-16T14:14:02,100.0,48.25,B
2021-07-16T14:13:54,4800.0,48.25,B
2021-07-16T14:13:47,5000.0,48.2,S
2021-07-16T14:13:45,5000.0,48.2,S
2021-07-16T14:13:43,300.0,48.25,B
2021-07-16T14:13:43,1000.0,48.25,B
2021-07-16T14:13:26,5000.0,48.2,S
2021-07-16T14:13:24,100.0,48.2,S
2021-07-16T14:13:19,100.0,48.2,S
2021-07-16T14:12:33,5500.0,48.2,S
2021-07-16T14:12:33,2500.0,48.2,S
2021-07-16T14:12:22,200.0,48.2,S
2021-07-16T14:12:17,30000.0,48.2,S
2021-07-16T14:12:10,500.0,48.2,S
2021-07-16T14:12:01,30200.0,48.2,B
2021-07-16T14:11:50,10000.0,48.15,S
2021-07-16T14:11:49,5000.0,48.2,B
2021-07-16T14:11:38,5000.0,48.2,B
2021-07-16T14:11:27,1000.0,48.2,B
2021-07-16T14:11:08,5000.0,48.15,S
2021-07-16T14:10:58,1000.0,48.1,S
2021-07-16T14:10:57,10000.0,48.1,S
2021-07-16T14:10:54,600.0,48.2,B
2021-07-16T14:10:54,1300.0,48.2,B
2021-07-16T14:10:54,13200.0,48.2,B
2021-07-16T14:10:53,2000.0,48.15,B
2021-07-16T14:10:52,200.0,48.1,S
2021-07-16T14:10:51,1000.0,48.15,B
2021-07-16T14:10:49,300.0,48.1,S
2021-07-16T14:10:49,500.0,48.15,B
2021-07-16T14:10:39,1000.0,48.15,B
2021-07-16T14:10:35,5000.0,48.15,B
2021-07-16T14:10:34,400.0,48.15,S
2021-07-16T14:10:19,7000.0,48.1,S
2021-07-16T14:10:19,7700.0,48.1,S
2021-07-16T14:10:17,500.0,48.2,B
2021-07-16T14:10:12,5100.0,48.15,S
2021-07-16T14:10:12,500.0,48.2,B
2021-07-16T14:10:11,300.0,48.2,B
2021-07-16T14:10:11,500.0,48.2,B
2021-07-16T14:10:05,400.0,48.15,S
2021-07-16T14:10:00,100.0,48.2,B
2021-07-16T14:09:56,300.0,48.2,B
2021-07-16T14:09:55,1000.0,48.2,B
2021-07-16T14:09:53,4800.0,48.15,S
2021-07-16T14:09:53,200.0,48.15,S
2021-07-16T14:09:45,200.0,48.2,B
2021-07-16T14:09:42,400.0,48.15,S
2021-07-16T14:09:29,400.0,48.15,S
2021-07-16T14:09:29,400.0,48.15,S
2021-07-16T14:09:28,6200.0,48.15,S
2021-07-16T14:09:25,1000.0,48.15,S
2021-07-16T14:09:18,100.0,48.15,S
2021-07-16T14:09:11,500.0,48.2,B
2021-07-16T14:09:08,2000.0,48.15,S
2021-07-16T14:08:58,2000.0,48.15,S
2021-07-16T14:08:57,5900.0,48.15,S
2021-07-16T14:08:54,1000.0,48.2,B
2021-07-16T14:08:51,1300.0,48.15,S
2021-07-16T14:08:33,2700.0,48.25,B
2021-07-16T14:08:30,5000.0,48.15,S
2021-07-16T14:08:19,400.0,48.2,S
2021-07-16T14:08:15,2100.0,48.2,S
2021-07-16T14:08:11,1000.0,48.2,S
2021-07-16T14:08:09,3600.0,48.2,S
2021-07-16T14:08:07,600.0,48.2,S
2021-07-16T14:08:07,3400.0,48.2,S
2021-07-16T14:08:05,5000.0,48.2,S
2021-07-16T14:08:04,3000.0,48.2,S
2021-07-16T14:08:02,32000.0,48.2,S
2021-07-16T14:07:58,600.0,48.2,S
2021-07-16T14:07:54,900.0,48.2,S
2021-07-16T14:07:54,200.0,48.2,S
2021-07-16T14:07:54,900.0,48.2,S
2021-07-16T14:07:49,100.0,48.2,S
2021-07-16T14:07:49,200.0,48.2,S
2021-07-16T14:07:49,700.0,48.2,S
2021-07-16T14:07:27,2500.0,48.2,S
2021-07-16T14:07:19,1000.0,48.25,B
2021-07-16T14:07:16,1000.0,48.2,S
2021-07-16T14:07:08,300.0,48.25,B
2021-07-16T14:06:59,100.0,48.2,S
2021-07-16T14:06:58,10000.0,48.2,S
2021-07-16T14:06:56,1000.0,48.2,S
2021-07-16T14:06:56,400.0,48.2,S
2021-07-16T14:06:48,400.0,48.2,S
2021-07-16T14:06:48,200.0,48.2,S
2021-07-16T14:06:36,1000.0,48.2,S
2021-07-16T14:06:26,8800.0,48.2,S
2021-07-16T14:06:26,800.0,48.2,S
2021-07-16T14:06:26,5000.0,48.25,B
2021-07-16T14:06:08,4500.0,48.2,S
2021-07-16T14:05:43,300.0,48.2,S
2021-07-16T14:05:29,500.0,48.2,S
2021-07-16T14:05:17,100.0,48.25,B
2021-07-16T14:05:16,300.0,48.2,S
2021-07-16T14:05:13,3400.0,48.2,S
2021-07-16T14:04:55,19800.0,48.25,S
2021-07-16T14:04:51,7000.0,48.25,S
2021-07-16T14:04:49,300.0,48.3,S
2021-07-16T14:04:48,200.0,48.3,S
2021-07-16T14:04:47,200.0,48.3,S
2021-07-16T14:04:46,300.0,48.3,S
2021-07-16T14:04:46,500.0,48.3,S
2021-07-16T14:04:41,600.0,48.3,S
2021-07-16T14:04:40,1000.0,48.3,S
2021-07-16T14:04:40,400.0,48.3,S
2021-07-16T14:04:39,5000.0,48.3,S
2021-07-16T14:04:36,2300.0,48.3,S
2021-07-16T14:04:36,10000.0,48.3,S
2021-07-16T14:04:35,400.0,48.3,S
2021-07-16T14:04:35,500.0,48.3,S
2021-07-16T14:04:33,4000.0,48.3,S
2021-07-16T14:04:26,200.0,48.3,S
2021-07-16T14:04:21,100.0,48.35,B
2021-07-16T14:03:57,100.0,48.35,B
2021-07-16T14:03:47,5200.0,48.35,S
2021-07-16T14:03:46,2000.0,48.35,S
2021-07-16T14:03:46,5000.0,48.35,S
2021-07-16T14:03:42,1000.0,48.35,S
2021-07-16T14:03:42,200.0,48.35,S
2021-07-16T14:03:39,200.0,48.35,S
2021-07-16T14:03:23,15000.0,48.35,S
2021-07-16T14:03:07,100.0,48.4,B
2021-07-16T14:02:47,500.0,48.4,B
2021-07-16T14:02:41,4000.0,48.4,B
2021-07-16T14:02:31,2200.0,48.4,S
2021-07-16T14:02:31,1600.0,48.4,S
2021-07-16T14:02:26,400.0,48.4,S
2021-07-16T14:02:26,600.0,48.4,S
2021-07-16T14:02:25,100.0,48.45,B
2021-07-16T14:02:25,200.0,48.4,S
2021-07-16T14:02:18,2300.0,48.4,S
2021-07-16T14:02:18,1300.0,48.4,S
2021-07-16T14:02:13,400.0,48.4,S
2021-07-16T14:02:09,1100.0,48.4,S
2021-07-16T14:02:09,300.0,48.45,B
2021-07-16T14:02:00,1000.0,48.5,B
2021-07-16T14:01:37,2200.0,48.5,B
2021-07-16T14:01:37,7500.0,48.5,B
2021-07-16T14:01:37,300.0,48.45,B
2021-07-16T14:01:29,6000.0,48.45,B
2021-07-16T14:01:21,500.0,48.4,S
2021-07-16T14:01:20,100.0,48.4,S
2021-07-16T14:01:02,500.0,48.4,S
2021-07-16T14:00:54,1000.0,48.4,S
2021-07-16T14:00:34,100.0,48.45,B
2021-07-16T14:00:34,400.0,48.45,B
2021-07-16T14:00:34,100.0,48.45,B
2021-07-16T14:00:20,600.0,48.45,B
2021-07-16T14:00:19,1800.0,48.45,B
2021-07-16T14:00:04,100.0,48.45,B
2021-07-16T14:00:04,900.0,48.45,B
2021-07-16T13:59:49,2000.0,48.4,S
2021-07-16T13:59:41,2300.0,48.4,S
2021-07-16T13:59:36,200.0,48.4,S
2021-07-16T13:59:34,500.0,48.4,B
2021-07-16T13:59:34,200.0,48.4,B
2021-07-16T13:59:34,11600.0,48.4,B
2021-07-16T13:59:31,200.0,48.4,B
2021-07-16T13:59:28,4000.0,48.4,B
2021-07-16T13:59:24,8800.0,48.4,B
2021-07-16T13:59:20,100.0,48.4,B
2021-07-16T13:59:12,1000.0,48.4,B
2021-07-16T13:59:03,100.0,48.4,B
2021-07-16T13:58:35,7300.0,48.35,B
2021-07-16T13:58:32,2000.0,48.35,B
2021-07-16T13:58:28,100.0,48.35,B
2021-07-16T13:58:20,600.0,48.35,S
2021-07-16T13:58:14,500.0,48.4,B
2021-07-16T13:57:58,100.0,48.4,B
2021-07-16T13:57:58,1400.0,48.35,B
2021-07-16T13:57:58,8500.0,48.35,B
2021-07-16T13:57:56,500.0,48.35,B
2021-07-16T13:57:52,500.0,48.35,B
2021-07-16T13:57:44,2100.0,48.35,B
2021-07-16T13:56:59,2000.0,48.35,B
2021-07-16T13:56:39,100.0,48.3,S
2021-07-16T13:56:39,2500.0,48.35,B
2021-07-16T13:56:38,15300.0,48.3,S
2021-07-16T13:56:37,1000.0,48.35,B
2021-07-16T13:56:37,400.0,48.35,B
2021-07-16T13:56:34,1000.0,48.35,B
2021-07-16T13:56:31,1200.0,48.35,B
2021-07-16T13:56:24,1000.0,48.35,B
2021-07-16T13:56:16,2000.0,48.35,B
2021-07-16T13:56:12,2000.0,48.35,B
2021-07-16T13:55:58,10800.0,48.3,B
2021-07-16T13:55:52,5000.0,48.3,B
2021-07-16T13:55:50,100.0,48.3,B
2021-07-16T13:55:50,500.0,48.3,B
2021-07-16T13:55:47,1000.0,48.3,B
2021-07-16T13:55:44,1000.0,48.3,B
2021-07-16T13:55:40,6300.0,48.3,B
2021-07-16T13:55:40,3700.0,48.3,B
2021-07-16T13:55:28,500.0,48.3,B
2021-07-16T13:55:22,3500.0,48.3,B
2021-07-16T13:55:18,10000.0,48.3,B
2021-07-16T13:55:14,200.0,48.3,B
2021-07-16T13:55:00,2000.0,48.3,B
2021-07-16T13:54:53,500.0,48.3,B
2021-07-16T13:54:44,200.0,48.3,B
2021-07-16T13:54:37,11100.0,48.25,S
2021-07-16T13:54:37,2600.0,48.25,S
2021-07-16T13:54:31,300.0,48.3,B
2021-07-16T13:54:22,300.0,48.25,S
2021-07-16T13:54:22,300.0,48.25,S
2021-07-16T13:54:18,600.0,48.25,S
2021-07-16T13:54:16,8600.0,48.25,S
2021-07-16T13:53:58,200.0,48.25,S
2021-07-16T13:53:41,5000.0,48.25,S
2021-07-16T13:53:23,300.0,48.25,S
2021-07-16T13:53:21,7000.0,48.25,S
2021-07-16T13:53:16,300.0,48.3,B
2021-07-16T13:53:02,4000.0,48.25,B
2021-07-16T13:52:59,300.0,48.25,B
2021-07-16T13:52:52,300.0,48.25,B
2021-07-16T13:52:45,1000.0,48.25,B
2021-07-16T13:52:42,100.0,48.25,B
2021-07-16T13:52:31,800.0,48.25,B
2021-07-16T13:52:20,1000.0,48.25,B
2021-07-16T13:52:17,3000.0,48.25,B
2021-07-16T13:52:14,1000.0,48.25,B
2021-07-16T13:52:02,500.0,48.25,B
2021-07-16T13:51:51,3000.0,48.25,B
2021-07-16T13:51:45,100.0,48.25,B
2021-07-16T13:51:36,2000.0,48.25,B
2021-07-16T13:51:35,1500.0,48.25,S
2021-07-16T13:51:23,700.0,48.25,S
2021-07-16T13:51:23,3600.0,48.25,S
2021-07-16T13:51:23,5700.0,48.25,S
2021-07-16T13:51:19,200.0,48.25,S
2021-07-16T13:51:18,200.0,48.25,S
2021-07-16T13:50:58,4000.0,48.25,S
2021-07-16T13:50:52,600.0,48.3,B
2021-07-16T13:50:07,2000.0,48.3,B
2021-07-16T13:49:38,200.0,48.25,S
2021-07-16T13:49:37,3300.0,48.25,S
2021-07-16T13:49:37,6700.0,48.25,S
2021-07-16T13:48:51,500.0,48.25,S
2021-07-16T13:48:50,900.0,48.25,S
2021-07-16T13:47:09,400.0,48.25,S
2021-07-16T13:47:01,1600.0,48.25,S
2021-07-16T13:46:43,100.0,48.25,S
2021-07-16T13:46:31,5000.0,48.25,B
2021-07-16T13:46:21,2000.0,48.25,B
2021-07-16T13:46:21,300.0,48.25,B
2021-07-16T13:46:17,200.0,48.25,B
2021-07-16T13:46:11,300.0,48.25,B
2021-07-16T13:46:10,4000.0,48.25,B
2021-07-16T13:45:59,100.0,48.2,S
2021-07-16T13:45:46,500.0,48.25,S
2021-07-16T13:45:40,1900.0,48.25,S
2021-07-16T13:45:40,200.0,48.25,S
2021-07-16T13:45:40,2000.0,48.25,S
2021-07-16T13:45:40,100.0,48.3,B
2021-07-16T13:45:32,200.0,48.3,B
2021-07-16T13:45:25,500.0,48.3,B
2021-07-16T13:45:01,300.0,48.3,B
2021-07-16T13:45:01,2300.0,48.3,B
2021-07-16T13:45:01,1600.0,48.3,B
2021-07-16T13:44:57,3900.0,48.25,S
2021-07-16T13:44:57,1100.0,48.25,S
2021-07-16T13:44:24,300.0,48.3,B
2021-07-16T13:44:19,7000.0,48.25,S
2021-07-16T13:43:53,2900.0,48.25,B
2021-07-16T13:43:45,100.0,48.25,B
2021-07-16T13:43:07,2500.0,48.25,S
2021-07-16T13:42:50,5000.0,48.25,S
2021-07-16T13:42:49,500.0,48.25,S
2021-07-16T13:42:20,2000.0,48.3,B
2021-07-16T13:42:19,5000.0,48.25,S
2021-07-16T13:42:18,100.0,48.3,B
2021-07-16T13:42:15,300.0,48.3,B
2021-07-16T13:41:53,500.0,48.3,B
2021-07-16T13:41:53,500.0,48.3,B
2021-07-16T13:41:52,500.0,48.3,B
2021-07-16T13:41:05,100.0,48.3,B
2021-07-16T13:40:12,100.0,48.3,S
2021-07-16T13:39:39,400.0,48.3,B
2021-07-16T13:39:37,4600.0,48.3,B
2021-07-16T13:39:07,1900.0,48.3,B
2021-07-16T13:38:27,900.0,48.3,B
2021-07-16T13:38:26,100.0,48.3,S
2021-07-16T13:38:14,2700.0,48.3,S
2021-07-16T13:38:05,1100.0,48.3,S
2021-07-16T13:38:03,100.0,48.3,B
2021-07-16T13:37:01,700.0,48.3,B
2021-07-16T13:36:58,600.0,48.35,B
2021-07-16T13:36:56,200.0,48.35,S
2021-07-16T13:36:54,200.0,48.35,S
2021-07-16T13:36:33,1000.0,48.35,S
2021-07-16T13:36:13,2100.0,48.4,B
2021-07-16T13:36:13,1100.0,48.4,B
2021-07-16T13:36:13,1300.0,48.4,B
2021-07-16T13:36:13,3400.0,48.4,B
2021-07-16T13:36:13,100.0,48.35,B
2021-07-16T13:35:49,7300.0,48.4,B
2021-07-16T13:35:49,5400.0,48.35,B
2021-07-16T13:35:49,2000.0,48.35,B
2021-07-16T13:35:49,2200.0,48.35,B
2021-07-16T13:35:49,10400.0,48.35,B
2021-07-16T13:35:49,1500.0,48.3,B
2021-07-16T13:35:49,300.0,48.3,B
2021-07-16T13:35:49,15000.0,48.3,B
2021-07-16T13:35:49,900.0,48.25,B
2021-07-16T13:35:18,3100.0,48.25,B
2021-07-16T13:34:58,200.0,48.25,S
2021-07-16T13:34:47,1700.0,48.25,B
2021-07-16T13:34:39,300.0,48.25,B
2021-07-16T13:34:35,100.0,48.25,B
2021-07-16T13:34:32,2900.0,48.25,S
2021-07-16T13:34:28,2000.0,48.3,B
2021-07-16T13:34:17,2000.0,48.25,S
2021-07-16T13:34:10,1500.0,48.3,B
2021-07-16T13:34:03,10000.0,48.3,B
2021-07-16T13:33:47,100.0,48.25,S
2021-07-16T13:33:36,4200.0,48.3,B
2021-07-16T13:33:22,200.0,48.25,S
2021-07-16T13:32:56,5600.0,48.25,B
2021-07-16T13:32:25,100.0,48.2,S
2021-07-16T13:32:18,400.0,48.2,S
2021-07-16T13:32:06,1700.0,48.2,S
2021-07-16T13:31:49,100.0,48.2,B
2021-07-16T13:31:45,100.0,48.15,S
2021-07-16T13:31:16,200.0,48.15,S
2021-07-16T13:31:13,200.0,48.15,B
2021-07-16T13:31:13,1200.0,48.15,B
2021-07-16T13:31:13,700.0,48.15,B
2021-07-16T13:30:37,200.0,48.15,B
2021-07-16T13:30:36,1000.0,48.15,B
2021-07-16T13:30:34,100.0,48.15,B
2021-07-16T13:30:09,5700.0,48.15,S
2021-07-16T13:30:09,200.0,48.15,S
2021-07-16T13:30:09,10500.0,48.15,S
2021-07-16T13:30:09,1600.0,48.15,S
2021-07-16T13:30:06,1000.0,48.2,B
2021-07-16T13:29:55,2200.0,48.2,S
2021-07-16T13:29:43,10400.0,48.2,S
2021-07-16T13:29:43,200.0,48.2,S
2021-07-16T13:29:43,9400.0,48.2,S
2021-07-16T13:29:42,300.0,48.25,S
2021-07-16T13:29:33,500.0,48.25,S
2021-07-16T13:29:32,1000.0,48.25,S
2021-07-16T13:29:11,10000.0,48.25,S
2021-07-16T13:28:56,4800.0,48.3,S
2021-07-16T13:28:51,1000.0,48.3,S
2021-07-16T13:28:51,100.0,48.3,S
2021-07-16T13:28:51,5000.0,48.3,S
2021-07-16T13:28:39,500.0,48.3,S
2021-07-16T13:28:04,1000.0,48.35,B
2021-07-16T13:26:58,300.0,48.35,S
2021-07-16T13:26:52,500.0,48.4,B
2021-07-16T13:26:40,1000.0,48.35,S
2021-07-16T13:26:37,100.0,48.35,B
2021-07-16T13:26:37,800.0,48.35,B
2021-07-16T13:26:35,200.0,48.3,S
2021-07-16T13:26:18,100.0,48.35,B
2021-07-16T13:25:50,100.0,48.35,B
2021-07-16T13:25:42,4600.0,48.35,B
2021-07-16T13:25:42,200.0,48.35,B
2021-07-16T13:25:42,5700.0,48.35,B
2021-07-16T13:24:50,1800.0,48.35,S
2021-07-16T13:24:37,200.0,48.35,S
2021-07-16T13:23:53,1300.0,48.4,B
2021-07-16T13:23:42,2000.0,48.35,S
2021-07-16T13:23:34,500.0,48.4,B
2021-07-16T13:23:07,300.0,48.4,B
2021-07-16T13:23:04,9000.0,48.4,B
2021-07-16T13:22:52,8800.0,48.4,S
2021-07-16T13:22:34,400.0,48.4,S
2021-07-16T13:22:33,100.0,48.4,S
2021-07-16T13:22:29,1000.0,48.4,S
2021-07-16T13:22:26,100.0,48.4,B
2021-07-16T13:22:16,200.0,48.4,B
2021-07-16T13:22:07,200.0,48.4,B
2021-07-16T13:22:07,7500.0,48.4,B
2021-07-16T13:22:07,2300.0,48.4,B
2021-07-16T13:22:02,1000.0,48.4,B
2021-07-16T13:21:03,100.0,48.4,B
2021-07-16T13:20:59,200.0,48.4,B
2021-07-16T13:20:53,1000.0,48.4,S
2021-07-16T13:20:41,9000.0,48.4,B
2021-07-16T13:20:38,4000.0,48.4,B
2021-07-16T13:20:34,1000.0,48.4,B
2021-07-16T13:20:19,700.0,48.4,B
2021-07-16T13:20:19,1300.0,48.4,B
2021-07-16T13:20:11,46000.0,48.4,B
2021-07-16T13:19:56,2000.0,48.35,B
2021-07-16T13:19:50,4300.0,48.35,B
2021-07-16T13:19:49,100.0,48.35,B
2021-07-16T13:19:49,3000.0,48.35,B
2021-07-16T13:19:49,5900.0,48.3,B
2021-07-16T13:19:49,3100.0,48.3,B
2021-07-16T13:19:49,10200.0,48.3,B
2021-07-16T13:19:49,3400.0,48.3,B
2021-07-16T13:19:40,200.0,48.3,B
2021-07-16T13:19:18,200.0,48.3,B
2021-07-16T13:19:18,10000.0,48.3,B
2021-07-16T13:19:06,100.0,48.3,B
2021-07-16T13:19:02,100.0,48.3,B
2021-07-16T13:18:50,100.0,48.3,B
2021-07-16T13:18:32,200.0,48.3,B
2021-07-16T13:18:16,100.0,48.3,B
2021-07-16T13:17:35,1400.0,48.3,B
2021-07-16T13:17:33,200.0,48.3,B
2021-07-16T13:17:28,500.0,48.3,B
2021-07-16T13:17:16,300.0,48.3,S
2021-07-16T13:17:11,500.0,48.3,S
2021-07-16T13:17:10,10000.0,48.35,B
2021-07-16T13:17:02,1300.0,48.3,S
2021-07-16T13:16:58,5000.0,48.3,S
2021-07-16T13:16:46,1000.0,48.3,S
2021-07-16T13:16:36,500.0,48.3,S
2021-07-16T13:16:34,500.0,48.35,B
2021-07-16T13:16:31,2000.0,48.3,S
2021-07-16T13:16:30,2000.0,48.35,B
2021-07-16T13:16:14,300.0,48.35,B
2021-07-16T13:16:09,8700.0,48.3,S
2021-07-16T13:16:02,1000.0,48.35,B
2021-07-16T13:16:00,1000.0,48.35,B
2021-07-16T13:15:49,400.0,48.3,S
2021-07-16T13:15:26,2000.0,48.3,S
2021-07-16T13:15:23,100.0,48.3,S
2021-07-16T13:15:12,300.0,48.3,S
2021-07-16T13:14:57,100.0,48.3,S
2021-07-16T13:14:47,500.0,48.35,B
2021-07-16T13:14:38,10000.0,48.35,B
2021-07-16T13:14:21,2700.0,48.35,B
2021-07-16T13:14:20,200.0,48.4,B
2021-07-16T13:14:03,2300.0,48.35,B
2021-07-16T13:14:02,3000.0,48.25,S
2021-07-16T13:14:00,100.0,48.3,S
2021-07-16T13:13:49,8400.0,48.3,B
2021-07-16T13:13:46,2200.0,48.3,B
2021-07-16T13:13:46,200.0,48.3,B
2021-07-16T13:13:46,5200.0,48.3,B
2021-07-16T13:13:46,100.0,48.3,B
2021-07-16T13:13:46,2300.0,48.3,B
2021-07-16T13:13:34,200.0,48.3,B
2021-07-16T13:13:34,1300.0,48.3,B
2021-07-16T13:13:24,1400.0,48.25,B
2021-07-16T13:13:24,1000.0,48.25,B
2021-07-16T13:13:05,5000.0,48.25,B
2021-07-16T13:12:48,600.0,48.2,B
2021-07-16T13:12:48,9400.0,48.2,B
2021-07-16T13:12:45,2000.0,48.2,B
2021-07-16T13:12:34,1000.0,48.2,B
2021-07-16T13:12:33,4000.0,48.2,B
2021-07-16T13:12:33,400.0,48.15,S
2021-07-16T13:12:26,1000.0,48.15,S
2021-07-16T13:12:25,1700.0,48.15,S
2021-07-16T13:12:24,2000.0,48.15,S
2021-07-16T13:12:18,100.0,48.15,S
2021-07-16T13:11:51,2500.0,48.15,B
2021-07-16T13:11:50,700.0,48.15,B
2021-07-16T13:11:13,2000.0,48.1,S
2021-07-16T13:10:52,1000.0,48.1,S
2021-07-16T13:10:34,400.0,48.1,S
2021-07-16T13:10:29,200.0,48.1,S
2021-07-16T13:10:27,300.0,48.1,S
2021-07-16T13:10:18,300.0,48.1,S
2021-07-16T13:10:11,2000.0,48.1,S
2021-07-16T13:09:39,100.0,48.1,B
2021-07-16T13:09:39,1000.0,48.1,B
2021-07-16T13:09:39,500.0,48.1,B
2021-07-16T13:09:39,2500.0,48.1,B
2021-07-16T13:09:39,400.0,48.1,B
2021-07-16T13:09:39,1900.0,48.1,B
2021-07-16T13:09:35,6300.0,48.1,B
2021-07-16T13:09:35,3700.0,48.1,B
2021-07-16T13:09:22,5700.0,48.05,B
2021-07-16T13:09:16,500.0,48.0,S
2021-07-16T13:09:06,2000.0,47.95,S
2021-07-16T13:09:06,3000.0,47.95,S
2021-07-16T13:09:03,3400.0,48.0,B
2021-07-16T13:08:57,500.0,47.95,S
2021-07-16T13:08:28,8100.0,47.95,B
2021-07-16T13:08:21,200.0,47.9,S
2021-07-16T13:08:16,8700.0,47.95,B
2021-07-16T13:08:16,300.0,47.95,B
2021-07-16T13:08:16,1000.0,47.95,B
2021-07-16T13:08:13,200.0,47.9,S
2021-07-16T13:08:01,2000.0,47.9,S
2021-07-16T13:07:47,1200.0,47.95,S
2021-07-16T13:07:29,3000.0,47.95,S
2021-07-16T13:07:23,300.0,48.0,S
2021-07-16T13:07:23,1800.0,48.0,S
2021-07-16T13:07:23,200.0,48.0,S
2021-07-16T13:07:23,4500.0,48.0,S
2021-07-16T13:07:23,100.0,48.0,S
2021-07-16T13:07:23,700.0,48.0,S
2021-07-16T13:07:23,2200.0,48.0,S
2021-07-16T13:07:23,5300.0,48.0,S
2021-07-16T13:07:23,400.0,48.0,S
2021-07-16T13:07:23,100.0,48.0,S
2021-07-16T13:07:11,200.0,48.05,S
2021-07-16T13:07:11,1300.0,48.05,S
2021-07-16T13:07:11,100.0,48.05,S
2021-07-16T13:06:56,700.0,48.05,S
2021-07-16T13:06:10,3000.0,48.05,S
2021-07-16T13:05:56,700.0,48.05,S
2021-07-16T13:05:53,200.0,48.1,B
2021-07-16T13:05:51,2000.0,48.05,S
2021-07-16T13:05:36,300.0,48.05,S
2021-07-16T13:05:32,500.0,48.05,S
2021-07-16T13:05:07,300.0,48.05,S
2021-07-16T13:05:06,1000.0,48.05,S
2021-07-16T13:05:06,400.0,48.05,S
2021-07-16T13:04:57,7000.0,48.05,S
2021-07-16T13:04:49,500.0,48.05,S
2021-07-16T13:04:47,900.0,48.05,S
2021-07-16T13:04:47,1200.0,48.05,S
2021-07-16T13:04:42,100.0,48.05,S
2021-07-16T13:04:15,2000.0,48.05,S
2021-07-16T13:04:13,400.0,48.1,B
2021-07-16T13:03:56,5700.0,48.1,S
2021-07-16T13:03:53,100.0,48.1,S
2021-07-16T13:03:50,6500.0,48.1,S
2021-07-16T13:03:36,300.0,48.15,B
2021-07-16T13:03:36,4200.0,48.15,B
2021-07-16T13:03:34,1000.0,48.1,S
2021-07-16T13:03:32,800.0,48.15,B
2021-07-16T13:03:31,500.0,48.1,S
2021-07-16T13:03:26,1000.0,48.1,S
2021-07-16T11:29:58,1000.0,48.15,B
2021-07-16T11:29:53,300.0,48.15,B
2021-07-16T11:29:36,700.0,48.15,S
2021-07-16T11:29:19,100.0,48.15,S
2021-07-16T11:29:11,200.0,48.15,B
2021-07-16T11:28:55,500.0,48.15,B
2021-07-16T11:28:44,100.0,48.15,B
2021-07-16T11:28:29,400.0,48.15,B
2021-07-16T11:28:06,100.0,48.1,S
2021-07-16T11:27:51,100.0,48.1,S
2021-07-16T11:26:45,300.0,48.05,B
2021-07-16T11:26:40,100.0,48.05,S
2021-07-16T11:26:40,1000.0,48.05,S
2021-07-16T11:26:11,100.0,48.05,B
2021-07-16T11:26:09,300.0,48.05,B
2021-07-16T11:25:51,200.0,48.05,B
2021-07-16T11:25:40,200.0,48.05,S
2021-07-16T11:25:39,500.0,48.05,S
2021-07-16T11:24:55,500.0,48.05,S
2021-07-16T11:23:49,300.0,48.0,S
2021-07-16T11:23:42,100.0,48.0,S
2021-07-16T11:23:21,1000.0,48.0,S
2021-07-16T11:23:13,300.0,48.0,B
2021-07-16T11:23:13,9100.0,48.0,B
2021-07-16T11:23:09,500.0,48.0,B
2021-07-16T11:23:05,500.0,48.0,B
2021-07-16T11:22:57,200.0,48.0,B
2021-07-16T11:22:52,100.0,48.0,B
2021-07-16T11:22:38,500.0,48.0,B
2021-07-16T11:22:29,100.0,48.0,B
2021-07-16T11:22:23,400.0,48.0,B
2021-07-16T11:22:23,300.0,48.0,B
2021-07-16T11:22:15,3200.0,48.0,S
2021-07-16T11:22:15,200.0,48.0,S
2021-07-16T11:22:15,3000.0,48.0,S
2021-07-16T11:22:15,200.0,48.0,S
2021-07-16T11:22:15,2000.0,48.0,S
2021-07-16T11:22:15,1000.0,48.0,S
2021-07-16T11:22:15,800.0,48.0,S
2021-07-16T11:22:15,1100.0,48.0,S
2021-07-16T11:22:15,2200.0,48.0,S
2021-07-16T11:22:15,2000.0,48.0,S
2021-07-16T11:22:15,7900.0,48.0,S
2021-07-16T11:22:13,200.0,48.15,B
2021-07-16T11:21:43,400.0,48.15,B
2021-07-16T11:20:56,500.0,48.1,S
2021-07-16T11:20:23,500.0,48.05,S
2021-07-16T11:20:03,200.0,48.2,B
2021-07-16T11:20:03,600.0,48.15,B
2021-07-16T11:20:03,200.0,48.15,B
2021-07-16T11:19:19,500.0,48.05,S
2021-07-16T11:18:02,3100.0,48.2,S
2021-07-16T11:17:58,6900.0,48.2,S
2021-07-16T11:17:09,1000.0,48.2,B
2021-07-16T11:16:59,1000.0,48.2,B
2021-07-16T11:16:54,1000.0,48.05,S
2021-07-16T11:16:42,100.0,48.2,B
2021-07-16T11:16:27,300.0,48.2,B
2021-07-16T11:16:22,200.0,48.2,S
2021-07-16T11:16:22,500.0,48.2,S
2021-07-16T11:16:10,1000.0,48.2,S
2021-07-16T11:16:07,400.0,48.2,S
2021-07-16T11:15:55,5000.0,48.2,S
2021-07-16T11:15:49,200.0,48.2,S
2021-07-16T11:15:43,12600.0,48.2,B
2021-07-16T11:15:18,100.0,48.2,B
2021-07-16T11:14:36,3400.0,48.2,S
2021-07-16T11:14:33,2400.0,48.2,S
2021-07-16T11:14:29,2000.0,48.2,S
2021-07-16T11:14:29,3300.0,48.2,S
2021-07-16T11:14:27,1700.0,48.2,B
2021-07-16T11:14:19,1000.0,48.2,S
2021-07-16T11:14:18,1000.0,48.2,S
2021-07-16T11:14:08,6300.0,48.2,S
2021-07-16T11:13:34,400.0,48.2,B
2021-07-16T11:13:16,4300.0,48.2,S
2021-07-16T11:13:13,2700.0,48.2,S
2021-07-16T11:13:09,100.0,48.2,S
2021-07-16T11:13:06,1000.0,48.25,B
2021-07-16T11:12:58,10400.0,48.2,B
2021-07-16T11:12:58,2500.0,48.2,B
2021-07-16T11:12:14,100.0,48.2,B
2021-07-16T11:12:14,6300.0,48.2,S
2021-07-16T11:12:04,1000.0,48.2,S
2021-07-16T11:12:02,2700.0,48.2,S
2021-07-16T11:11:59,500.0,48.2,B
2021-07-16T11:11:59,500.0,48.2,B
2021-07-16T11:11:44,300.0,48.2,B
2021-07-16T11:11:32,100.0,48.2,S
2021-07-16T11:11:32,1000.0,48.2,S
2021-07-16T11:11:32,1100.0,48.2,S
2021-07-16T11:11:19,100.0,48.2,S
2021-07-16T11:11:02,100.0,48.25,B
2021-07-16T11:10:45,300.0,48.25,B
2021-07-16T11:10:41,100.0,48.25,B
2021-07-16T11:10:28,2000.0,48.25,B
2021-07-16T11:10:10,600.0,48.2,S
2021-07-16T11:10:08,700.0,48.2,S
2021-07-16T11:09:50,200.0,48.2,S
2021-07-16T11:09:49,1000.0,48.2,B
2021-07-16T11:09:49,1100.0,48.2,B
2021-07-16T11:09:49,5700.0,48.2,B
2021-07-16T11:08:53,5400.0,48.2,S
2021-07-16T11:08:52,3000.0,48.2,S
2021-07-16T11:08:46,300.0,48.2,S
2021-07-16T11:08:39,1000.0,48.2,B
2021-07-16T11:08:39,300.0,48.2,B
2021-07-16T11:08:25,1200.0,48.2,B
2021-07-16T11:07:56,300.0,48.2,B
2021-07-16T11:07:36,600.0,48.2,S
2021-07-16T11:07:33,1000.0,48.2,S
2021-07-16T11:07:23,100.0,48.2,S
2021-07-16T11:06:53,100.0,48.2,S
2021-07-16T11:06:42,54300.0,48.25,B
2021-07-16T11:06:42,1000.0,48.25,B
2021-07-16T11:06:42,9700.0,48.25,B
2021-07-16T11:06:28,1000.0,48.2,B
2021-07-16T11:06:18,500.0,48.2,B
2021-07-16T11:06:16,1000.0,48.2,B
2021-07-16T11:06:15,1000.0,48.2,B
2021-07-16T11:06:00,300.0,48.2,B
2021-07-16T11:05:55,1000.0,48.2,B
2021-07-16T11:05:37,3800.0,48.15,B
2021-07-16T11:05:37,10900.0,48.15,B
2021-07-16T11:05:28,500.0,48.1,S
2021-07-16T11:05:23,10000.0,48.15,B
2021-07-16T11:05:21,5000.0,48.1,B
2021-07-16T11:05:21,1000.0,48.1,B
2021-07-16T11:05:11,500.0,48.1,B
2021-07-16T11:05:08,700.0,48.1,B
2021-07-16T11:05:07,1000.0,48.1,B
2021-07-16T11:04:56,900.0,48.1,B
2021-07-16T11:04:33,200.0,48.05,S
2021-07-16T11:04:03,1000.0,48.0,B
2021-07-16T11:04:02,9300.0,48.0,B
2021-07-16T11:03:56,300.0,48.0,B
2021-07-16T11:03:48,1000.0,48.0,B
2021-07-16T11:03:24,200.0,47.95,B
2021-07-16T11:03:23,1500.0,47.95,B
2021-07-16T11:03:16,200.0,47.95,B
2021-07-16T11:03:16,800.0,47.95,B
2021-07-16T11:03:14,500.0,47.95,B
2021-07-16T11:03:03,1000.0,47.95,B
2021-07-16T11:03:01,700.0,47.9,S
2021-07-16T11:02:33,1000.0,47.9,B
2021-07-16T11:02:10,1800.0,47.85,S
2021-07-16T11:02:10,4200.0,47.9,S
2021-07-16T11:01:45,100.0,47.95,B
2021-07-16T11:01:43,100.0,47.95,B
2021-07-16T11:01:43,300.0,47.9,S
2021-07-16T11:01:14,200.0,47.95,B
2021-07-16T11:01:10,100.0,47.95,B
2021-07-16T11:00:57,1000.0,47.95,B
2021-07-16T11:00:23,1000.0,48.0,B
2021-07-16T11:00:21,1000.0,47.9,S
2021-07-16T11:00:05,1300.0,47.85,S
2021-07-16T11:00:03,500.0,47.9,B
2021-07-16T10:59:54,100.0,47.9,B
2021-07-16T10:59:53,200.0,47.9,B
2021-07-16T10:59:44,100.0,47.85,B
2021-07-16T10:59:42,200.0,47.9,B
2021-07-16T10:59:40,100.0,47.9,B
2021-07-16T10:59:40,1000.0,47.9,B
2021-07-16T10:59:37,5000.0,47.8,S
2021-07-16T10:59:28,1000.0,47.85,S
2021-07-16T10:59:25,500.0,47.85,S
2021-07-16T10:59:25,100.0,47.85,B
2021-07-16T10:59:17,100.0,47.8,S
2021-07-16T10:59:15,200.0,47.85,B
2021-07-16T10:59:14,100.0,47.85,B
2021-07-16T10:59:05,600.0,47.8,B
2021-07-16T10:59:05,1000.0,47.8,B
2021-07-16T10:59:01,500.0,47.75,S
2021-07-16T10:58:59,500.0,47.8,B
2021-07-16T10:58:47,100.0,47.85,B
2021-07-16T10:58:43,700.0,47.75,S
2021-07-16T10:58:42,1300.0,47.8,S
2021-07-16T10:58:41,1500.0,47.8,S
2021-07-16T10:58:36,800.0,47.8,B
2021-07-16T10:58:31,200.0,47.8,S
2021-07-16T10:58:31,3100.0,47.8,S
2021-07-16T10:58:31,300.0,47.8,S
2021-07-16T10:58:31,5600.0,47.8,S
2021-07-16T10:58:30,1000.0,47.8,S
2021-07-16T10:58:24,3900.0,47.8,S
2021-07-16T10:58:24,1100.0,47.8,S
2021-07-16T10:58:24,600.0,47.8,S
2021-07-16T10:58:24,4800.0,47.8,S
2021-07-16T10:58:19,100.0,47.85,B
2021-07-16T10:58:11,100.0,47.85,B
2021-07-16T10:58:09,2400.0,47.8,S
2021-07-16T10:58:03,400.0,47.85,B
2021-07-16T10:58:02,200.0,47.85,S
2021-07-16T10:58:02,1200.0,47.85,S
2021-07-16T10:58:02,100.0,47.85,S
2021-07-16T10:58:00,100.0,47.9,B
2021-07-16T10:57:52,2000.0,47.9,S
2021-07-16T10:57:46,1600.0,47.9,S
2021-07-16T10:57:46,3400.0,47.9,S
2021-07-16T10:57:46,500.0,47.9,S
2021-07-16T10:57:42,800.0,47.9,S
2021-07-16T10:57:42,1000.0,47.9,S
2021-07-16T10:57:34,1000.0,47.9,S
2021-07-16T10:57:32,3000.0,47.9,S
2021-07-16T10:57:31,2000.0,47.9,S
2021-07-16T10:57:26,1000.0,47.9,S
2021-07-16T10:57:21,500.0,47.9,S
2021-07-16T10:57:20,500.0,47.95,B
2021-07-16T10:57:18,1500.0,47.9,S
2021-07-16T10:57:14,500.0,47.9,S
2021-07-16T10:57:14,200.0,47.9,S
2021-07-16T10:57:13,4700.0,47.9,S
2021-07-16T10:57:10,1200.0,47.9,S
2021-07-16T10:57:07,500.0,47.9,S
2021-07-16T10:57:00,500.0,47.9,S
2021-07-16T10:56:54,2000.0,47.9,S
2021-07-16T10:56:28,1500.0,47.9,S
2021-07-16T10:56:28,300.0,47.9,S
2021-07-16T10:56:28,1200.0,47.9,S
2021-07-16T10:56:28,1200.0,47.9,S
2021-07-16T10:56:28,100.0,47.9,S
2021-07-16T10:56:28,600.0,47.9,S
2021-07-16T10:56:28,300.0,47.95,S
2021-07-16T10:56:28,2200.0,47.95,S
2021-07-16T10:56:28,100.0,47.95,S
2021-07-16T10:56:28,800.0,47.95,S
2021-07-16T10:56:28,600.0,47.95,S
2021-07-16T10:56:28,500.0,47.95,S
2021-07-16T10:56:28,500.0,47.95,S
2021-07-16T10:56:28,700.0,48.0,S
2021-07-16T10:56:28,1900.0,48.0,S
2021-07-16T10:56:28,1100.0,48.0,S
2021-07-16T10:56:28,1300.0,48.0,S
2021-07-16T10:56:28,1100.0,48.0,S
2021-07-16T10:56:28,4100.0,48.0,S
2021-07-16T10:56:28,12000.0,48.0,S
2021-07-16T10:56:28,100.0,48.0,S
2021-07-16T10:56:28,1000.0,48.0,S
2021-07-16T10:56:28,300.0,48.0,S
2021-07-16T10:56:28,3600.0,48.0,S
2021-07-16T10:56:27,3000.0,48.0,S
2021-07-16T10:56:27,3000.0,48.0,S
2021-07-16T10:56:26,500.0,48.0,S
2021-07-16T10:56:22,100.0,48.0,S
2021-07-16T10:56:22,300.0,48.0,S
2021-07-16T10:56:21,200.0,48.0,S
2021-07-16T10:56:18,800.0,48.0,S
2021-07-16T10:56:18,800.0,48.0,S
2021-07-16T10:56:14,100.0,48.0,S
2021-07-16T10:56:09,1400.0,48.0,S
2021-07-16T10:56:09,2200.0,48.0,S
2021-07-16T10:56:09,300.0,48.0,S
2021-07-16T10:56:09,900.0,48.0,S
2021-07-16T10:56:09,5600.0,48.0,S
2021-07-16T10:56:09,1200.0,48.0,S
2021-07-16T10:56:09,200.0,48.0,S
2021-07-16T10:56:09,600.0,48.0,S
2021-07-16T10:56:06,1200.0,48.0,S
2021-07-16T10:56:06,400.0,48.0,S
2021-07-16T10:56:03,300.0,48.0,S
2021-07-16T10:56:03,200.0,48.0,S
2021-07-16T10:56:03,2600.0,48.0,S
2021-07-16T10:56:03,3900.0,48.0,S
2021-07-16T10:56:00,400.0,48.0,S
2021-07-16T10:55:58,1700.0,48.0,S
2021-07-16T10:55:58,2500.0,48.0,S
2021-07-16T10:55:58,800.0,48.0,S
2021-07-16T10:55:57,1100.0,48.0,S
2021-07-16T10:55:55,100.0,48.0,S
2021-07-16T10:55:48,3100.0,48.0,S
2021-07-16T10:55:47,3300.0,48.0,S
2021-07-16T10:55:47,5600.0,48.0,S
2021-07-16T10:55:47,1100.0,48.0,S
2021-07-16T10:54:53,200.0,48.05,B
2021-07-16T10:54:46,1000.0,48.0,S
2021-07-16T10:54:29,1000.0,48.05,B
2021-07-16T10:54:19,600.0,48.0,S
2021-07-16T10:54:19,400.0,48.0,S
2021-07-16T10:54:18,100.0,48.05,B
2021-07-16T10:54:11,500.0,48.05,B
2021-07-16T10:53:49,300.0,48.05,B
2021-07-16T10:53:40,1000.0,48.0,S
2021-07-16T10:53:38,4100.0,48.05,S
2021-07-16T10:53:31,900.0,48.05,S
2021-07-16T10:53:31,400.0,48.05,S
2021-07-16T10:53:31,600.0,48.05,S
2021-07-16T10:53:31,3400.0,48.05,S
2021-07-16T10:53:31,500.0,48.05,S
2021-07-16T10:53:31,600.0,48.05,S
2021-07-16T10:53:31,2300.0,48.05,S
2021-07-16T10:53:31,1700.0,48.05,S
2021-07-16T10:53:31,100.0,48.05,S
2021-07-16T10:53:31,700.0,48.05,S
2021-07-16T10:53:12,400.0,48.1,S
2021-07-16T10:53:12,1800.0,48.1,S
2021-07-16T10:52:58,100.0,48.1,S
2021-07-16T10:52:47,1000.0,48.1,S
2021-07-16T10:52:42,100.0,48.1,S
2021-07-16T10:52:28,3400.0,48.1,S
2021-07-16T10:52:11,8300.0,48.1,S
2021-07-16T10:52:05,3000.0,48.1,S
2021-07-16T10:52:04,200.0,48.1,S
2021-07-16T10:51:54,600.0,48.1,S
2021-07-16T10:51:52,500.0,48.1,S
2021-07-16T10:51:49,2500.0,48.1,S
2021-07-16T10:51:25,2000.0,48.1,S
2021-07-16T10:51:25,1200.0,48.1,S
2021-07-16T10:50:35,1000.0,48.1,S
2021-07-16T10:50:33,100.0,48.1,S
2021-07-16T10:50:27,100.0,48.1,S
2021-07-16T10:50:21,400.0,48.1,S
2021-07-16T10:50:15,1000.0,48.1,S
2021-07-16T10:50:09,6800.0,48.1,B
2021-07-16T10:49:45,1000.0,48.05,S
2021-07-16T10:49:44,500.0,48.1,B
2021-07-16T10:49:32,300.0,48.05,S
2021-07-16T10:49:32,1100.0,48.1,S
2021-07-16T10:49:32,2000.0,48.1,S
2021-07-16T10:49:29,4500.0,48.1,S
2021-07-16T10:49:22,1000.0,48.1,S
2021-07-16T10:49:17,200.0,48.1,S
2021-07-16T10:49:17,1800.0,48.1,S
2021-07-16T10:49:12,5000.0,48.1,S
2021-07-16T10:49:11,2000.0,48.1,S
2021-07-16T10:49:07,500.0,48.1,S
2021-07-16T10:48:59,2000.0,48.1,S
2021-07-16T10:48:36,1000.0,48.1,S
2021-07-16T10:48:23,4000.0,48.1,S
2021-07-16T10:48:13,500.0,48.1,S
2021-07-16T10:47:32,500.0,48.1,S
2021-07-16T10:47:23,300.0,48.1,S
2021-07-16T10:47:19,3000.0,48.1,S
2021-07-16T10:47:09,200.0,48.1,S
2021-07-16T10:46:08,400.0,48.1,S
2021-07-16T10:46:00,5000.0,48.1,S
2021-07-16T10:45:38,300.0,48.1,S
2021-07-16T10:45:36,2500.0,48.1,S
2021-07-16T10:45:33,500.0,48.1,S
2021-07-16T10:45:16,5000.0,48.1,S
2021-07-16T10:45:05,1800.0,48.15,S
2021-07-16T10:45:05,3200.0,48.15,S
2021-07-16T10:44:53,100.0,48.15,S
2021-07-16T10:44:53,2500.0,48.15,S
2021-07-16T10:44:49,3600.0,48.15,S
2021-07-16T10:44:49,2600.0,48.15,S
2021-07-16T10:44:49,3900.0,48.15,S
2021-07-16T10:44:44,500.0,48.15,S
2021-07-16T10:44:41,600.0,48.15,S
2021-07-16T10:44:34,5200.0,48.15,S
2021-07-16T10:44:32,21100.0,48.15,S
2021-07-16T10:44:27,5400.0,48.15,S
2021-07-16T10:44:22,2000.0,48.15,S
2021-07-16T10:44:17,700.0,48.15,S
2021-07-16T10:44:14,500.0,48.15,S
2021-07-16T10:43:54,400.0,48.15,S
2021-07-16T10:43:46,1800.0,48.15,S
2021-07-16T10:43:39,9700.0,48.15,S
2021-07-16T10:43:38,200.0,48.2,B
2021-07-16T10:43:33,5000.0,48.15,S
2021-07-16T10:43:24,6700.0,48.15,S
2021-07-16T10:43:23,10000.0,48.15,S
2021-07-16T10:43:17,1000.0,48.15,S
2021-07-16T10:42:37,1000.0,48.2,B
2021-07-16T10:42:05,1200.0,48.15,S
2021-07-16T10:42:02,1200.0,48.2,S
2021-07-16T10:41:59,300.0,48.2,B
2021-07-16T10:41:56,2000.0,48.2,B
2021-07-16T10:41:49,100.0,48.2,B
2021-07-16T10:41:25,500.0,48.2,B
2021-07-16T10:41:14,2000.0,48.2,B
2021-07-16T10:41:14,10000.0,48.2,B
2021-07-16T10:41:13,3300.0,48.2,B
2021-07-16T10:41:13,1200.0,48.2,B
2021-07-16T10:41:13,3000.0,48.2,B
2021-07-16T10:41:13,1500.0,48.2,B
2021-07-16T10:41:12,5000.0,48.2,B
2021-07-16T10:40:53,100.0,48.2,B
2021-07-16T10:40:42,10000.0,48.2,B
2021-07-16T10:40:40,1000.0,48.2,B
2021-07-16T10:40:37,1000.0,48.2,B
2021-07-16T10:40:32,500.0,48.2,B
2021-07-16T10:40:32,1000.0,48.2,B
2021-07-16T10:40:28,5000.0,48.2,B
2021-07-16T10:40:22,7800.0,48.2,B
2021-07-16T10:40:11,500.0,48.2,B
2021-07-16T10:39:51,10500.0,48.2,B
2021-07-16T10:38:54,200.0,48.15,S
2021-07-16T10:38:50,800.0,48.15,S
2021-07-16T10:38:28,1500.0,48.15,B
2021-07-16T10:38:28,2400.0,48.15,B
2021-07-16T10:38:21,200.0,48.15,B
2021-07-16T10:38:13,1900.0,48.1,S
2021-07-16T10:38:13,200.0,48.1,S
2021-07-16T10:38:13,1500.0,48.1,S
2021-07-16T10:38:13,1400.0,48.1,S
2021-07-16T10:38:03,2800.0,48.15,S
2021-07-16T10:38:03,2000.0,48.15,S
2021-07-16T10:38:02,4400.0,48.15,S
2021-07-16T10:37:53,200.0,48.2,B
2021-07-16T10:37:37,13000.0,48.15,S
2021-07-16T10:37:35,900.0,48.15,S
2021-07-16T10:37:33,1200.0,48.15,S
2021-07-16T10:37:32,4400.0,48.15,S
2021-07-16T10:37:13,100.0,48.15,S
2021-07-16T10:36:55,300.0,48.15,S
2021-07-16T10:36:45,400.0,48.15,B
2021-07-16T10:36:44,300.0,48.15,B
2021-07-16T10:36:37,200.0,48.15,B
2021-07-16T10:36:34,100.0,48.15,B
2021-07-16T10:36:33,5100.0,48.15,S
2021-07-16T10:36:33,600.0,48.15,S
2021-07-16T10:36:33,3300.0,48.15,S
2021-07-16T10:36:17,2500.0,48.2,B
2021-07-16T10:36:04,100.0,48.2,B
2021-07-16T10:36:03,3700.0,48.15,B
2021-07-16T10:35:45,500.0,48.15,B
2021-07-16T10:35:42,2800.0,48.15,S
2021-07-16T10:35:37,100.0,48.15,B
2021-07-16T10:35:26,900.0,48.15,S
2021-07-16T10:35:16,100.0,48.15,B
2021-07-16T10:35:01,300.0,48.15,S
2021-07-16T10:34:55,800.0,48.15,S
2021-07-16T10:34:47,2000.0,48.15,B
2021-07-16T10:34:40,1000.0,48.15,B
2021-07-16T10:34:37,100.0,48.15,B
2021-07-16T10:34:34,500.0,48.15,B
2021-07-16T10:34:11,600.0,48.15,S
2021-07-16T10:34:07,500.0,48.15,S
2021-07-16T10:33:57,200.0,48.2,B
2021-07-16T10:33:49,500.0,48.2,B
2021-07-16T10:33:29,500.0,48.2,B
2021-07-16T10:33:24,200.0,48.2,B
2021-07-16T10:33:17,500.0,48.2,B
2021-07-16T10:33:11,900.0,48.1,S
2021-07-16T10:33:10,100.0,48.15,B
2021-07-16T10:33:08,900.0,48.15,S
2021-07-16T10:33:08,3100.0,48.15,S
2021-07-16T10:33:08,300.0,48.15,S
2021-07-16T10:33:08,1000.0,48.15,S
2021-07-16T10:33:08,9400.0,48.15,S
2021-07-16T10:32:49,500.0,48.2,B
2021-07-16T10:32:45,500.0,48.15,S
2021-07-16T10:32:34,1000.0,48.2,B
2021-07-16T10:32:19,10000.0,48.2,B
2021-07-16T10:32:16,200.0,48.2,B
2021-07-16T10:32:13,1000.0,48.2,B
2021-07-16T10:32:01,500.0,48.2,B
2021-07-16T10:32:00,500.0,48.2,S
2021-07-16T10:31:56,1500.0,48.2,B
2021-07-16T10:31:44,7000.0,48.2,B
2021-07-16T10:31:24,200.0,48.2,B
2021-07-16T10:31:09,300.0,48.2,B
2021-07-16T10:30:53,900.0,48.15,S
2021-07-16T10:30:52,1500.0,48.2,B
2021-07-16T10:30:50,200.0,48.2,B
2021-07-16T10:30:10,100.0,48.2,B
2021-07-16T10:30:08,8300.0,48.2,B
2021-07-16T10:30:07,1800.0,48.2,S
2021-07-16T10:30:03,1500.0,48.2,S
2021-07-16T10:30:02,100.0,48.2,S
2021-07-16T10:29:51,1800.0,48.2,S
2021-07-16T10:29:51,200.0,48.2,S
2021-07-16T10:29:46,1000.0,48.2,S
2021-07-16T10:29:43,1000.0,48.2,S
2021-07-16T10:29:40,100.0,48.2,S
2021-07-16T10:29:06,500.0,48.2,S
2021-07-16T10:28:58,2000.0,48.2,S
2021-07-16T10:28:52,2000.0,48.2,S
2021-07-16T10:28:20,500.0,48.2,S
2021-07-16T10:27:49,1000.0,48.2,S
2021-07-16T10:27:38,8500.0,48.2,B
2021-07-16T10:27:34,200.0,48.15,S
2021-07-16T10:26:06,1700.0,48.15,B
2021-07-16T10:26:03,3000.0,48.1,S
2021-07-16T10:25:54,300.0,48.15,S
2021-07-16T10:25:51,600.0,48.2,B
2021-07-16T10:25:47,300.0,48.2,B
2021-07-16T10:25:27,100.0,48.2,B
2021-07-16T10:24:59,500.0,48.2,B
2021-07-16T10:24:58,800.0,48.15,S
2021-07-16T10:24:55,500.0,48.2,B
2021-07-16T10:24:55,200.0,48.2,B
2021-07-16T10:24:54,500.0,48.2,B
2021-07-16T10:24:53,100.0,48.2,B
2021-07-16T10:24:48,200.0,48.2,S
2021-07-16T10:24:47,100.0,48.2,S
2021-07-16T10:24:40,2300.0,48.2,S
2021-07-16T10:24:30,10000.0,48.2,S
2021-07-16T10:24:17,5000.0,48.2,S
2021-07-16T10:24:05,100.0,48.2,S
2021-07-16T10:23:42,1000.0,48.2,S
2021-07-16T10:23:40,600.0,48.2,S
2021-07-16T10:23:40,2000.0,48.2,S
2021-07-16T10:23:34,9700.0,48.2,S
2021-07-16T10:23:28,200.0,48.2,S
2021-07-16T10:23:26,13500.0,48.2,S
2021-07-16T10:23:26,1100.0,48.2,S
2021-07-16T10:23:08,100.0,48.25,S
2021-07-16T10:23:08,600.0,48.25,S
2021-07-16T10:23:01,1000.0,48.3,S
2021-07-16T10:23:00,200.0,48.3,S
2021-07-16T10:22:59,7600.0,48.3,S
2021-07-16T10:22:49,4000.0,48.3,S
2021-07-16T10:22:36,200.0,48.35,S
2021-07-16T10:22:36,700.0,48.35,S
2021-07-16T10:22:29,300.0,48.35,B
2021-07-16T10:22:29,9300.0,48.35,S
2021-07-16T10:22:29,100.0,48.35,S
2021-07-16T10:22:20,800.0,48.35,S
2021-07-16T10:22:03,3900.0,48.35,S
2021-07-16T10:22:03,1100.0,48.35,S
2021-07-16T10:21:39,2700.0,48.4,S
2021-07-16T10:21:20,800.0,48.4,S
2021-07-16T10:21:14,8000.0,48.45,B
2021-07-16T10:21:13,500.0,48.4,S
2021-07-16T10:21:13,1400.0,48.4,S
2021-07-16T10:21:07,1000.0,48.4,S
2021-07-16T10:20:59,100.0,48.4,S
2021-07-16T10:20:54,1000.0,48.4,S
2021-07-16T10:20:17,2000.0,48.45,B
2021-07-16T10:19:52,200.0,48.45,B
2021-07-16T10:19:25,5000.0,48.4,S
2021-07-16T10:19:14,1500.0,48.4,S
2021-07-16T10:19:03,8000.0,48.4,S
2021-07-16T10:18:56,300.0,48.4,S
2021-07-16T10:18:46,500.0,48.4,S
2021-07-16T10:18:42,1000.0,48.4,S
2021-07-16T10:17:33,500.0,48.4,S
2021-07-16T10:17:29,1000.0,48.45,B
2021-07-16T10:17:13,100.0,48.45,B
2021-07-16T10:17:13,300.0,48.45,B
2021-07-16T10:17:08,1300.0,48.4,S
2021-07-16T10:17:07,200.0,48.4,S
2021-07-16T10:17:05,1000.0,48.45,B
2021-07-16T10:17:00,10000.0,48.45,B
2021-07-16T10:16:37,100.0,48.4,S
2021-07-16T10:16:34,500.0,48.4,S
2021-07-16T10:16:32,600.0,48.45,B
2021-07-16T10:16:21,1000.0,48.4,S
2021-07-16T10:15:41,3000.0,48.4,S
2021-07-16T10:15:34,1900.0,48.4,S
2021-07-16T10:15:28,100.0,48.4,S
2021-07-16T10:15:21,1000.0,48.4,S
2021-07-16T10:15:17,100.0,48.4,S
2021-07-16T10:15:05,100.0,48.4,S
2021-07-16T10:15:03,100.0,48.4,S
2021-07-16T10:14:48,100.0,48.4,S
2021-07-16T10:14:46,5000.0,48.4,S
2021-07-16T10:14:42,300.0,48.4,S
2021-07-16T10:14:33,100.0,48.4,S
2021-07-16T10:14:13,300.0,48.4,S
2021-07-16T10:13:54,100.0,48.4,S
2021-07-16T10:13:31,2200.0,48.4,S
2021-07-16T10:13:31,100.0,48.4,B
2021-07-16T10:13:27,1000.0,48.4,B
2021-07-16T10:13:09,400.0,48.4,B
2021-07-16T10:13:04,10000.0,48.35,S
2021-07-16T10:13:02,100.0,48.4,B
2021-07-16T10:12:34,100.0,48.35,B
2021-07-16T10:12:21,100.0,48.35,B
2021-07-16T10:12:15,900.0,48.4,B
2021-07-16T10:12:15,2100.0,48.4,B
2021-07-16T10:12:14,2000.0,48.4,B
2021-07-16T10:12:14,500.0,48.3,S
2021-07-16T10:10:36,1000.0,48.3,S
2021-07-16T10:09:59,500.0,48.3,S
2021-07-16T10:09:59,800.0,48.4,B
2021-07-16T10:09:53,1100.0,48.35,B
2021-07-16T10:09:53,100.0,48.35,B
2021-07-16T10:09:53,8000.0,48.35,B
2021-07-16T10:09:40,300.0,48.3,B
2021-07-16T10:09:39,200.0,48.3,B
2021-07-16T10:09:37,6000.0,48.3,B
2021-07-16T10:09:37,500.0,48.3,B
2021-07-16T10:09:37,3500.0,48.3,B
2021-07-16T10:09:28,3000.0,48.3,B
2021-07-16T10:09:08,10000.0,48.3,B
2021-07-16T10:08:21,200.0,48.3,B
2021-07-16T10:08:17,200.0,48.3,B
2021-07-16T10:07:56,100.0,48.3,B
2021-07-16T10:07:36,100.0,48.3,B
2021-07-16T10:06:58,8100.0,48.3,S
2021-07-16T10:06:54,1000.0,48.3,S
2021-07-16T10:06:41,800.0,48.3,S
2021-07-16T10:06:31,6300.0,48.3,S
2021-07-16T10:06:30,5000.0,48.3,B
2021-07-16T10:06:15,1000.0,48.3,B
2021-07-16T10:05:57,100.0,48.3,B
2021-07-16T10:05:51,200.0,48.3,B
2021-07-16T10:05:51,300.0,48.3,B
2021-07-16T10:05:51,500.0,48.3,B
2021-07-16T10:05:41,1000.0,48.25,S
2021-07-16T10:05:39,100.0,48.3,B
2021-07-16T10:05:07,6000.0,48.25,B
2021-07-16T10:05:03,500.0,48.2,B
2021-07-16T10:05:02,200.0,48.2,B
2021-07-16T10:05:00,6600.0,48.2,S
2021-07-16T10:04:52,100.0,48.2,B
2021-07-16T10:04:47,5000.0,48.2,B
2021-07-16T10:04:40,500.0,48.2,B
2021-07-16T10:04:36,400.0,48.2,B
2021-07-16T10:04:09,400.0,48.15,B
2021-07-16T10:04:09,100.0,48.15,B
2021-07-16T10:03:51,300.0,48.1,S
2021-07-16T10:03:26,100.0,48.1,B
2021-07-16T10:03:26,100.0,48.1,B
2021-07-16T10:03:25,6000.0,48.05,S
2021-07-16T10:03:24,2000.0,48.05,S
2021-07-16T10:03:16,100.0,48.0,S
2021-07-16T10:03:15,500.0,48.0,S
2021-07-16T10:03:14,600.0,48.0,S
2021-07-16T10:03:09,10000.0,48.0,S
2021-07-16T10:03:04,100.0,48.0,S
2021-07-16T10:02:55,1800.0,48.0,S
2021-07-16T10:02:55,200.0,48.0,S
2021-07-16T10:02:49,1100.0,48.0,S
2021-07-16T10:02:47,200.0,48.0,S
2021-07-16T10:02:44,2000.0,48.0,S
2021-07-16T10:02:26,800.0,48.0,S
2021-07-16T10:02:15,1000.0,48.0,S
2021-07-16T10:02:12,1100.0,48.0,S
2021-07-16T10:01:48,300.0,48.0,S
2021-07-16T10:01:48,1000.0,48.0,S
2021-07-16T10:01:47,1200.0,48.0,S
2021-07-16T10:01:47,300.0,48.0,S
2021-07-16T10:01:47,200.0,48.0,S
2021-07-16T10:01:47,3000.0,48.0,S
2021-07-16T10:01:47,6900.0,48.0,S
2021-07-16T10:01:47,100.0,48.0,S
2021-07-16T10:01:47,4200.0,48.0,S
2021-07-16T10:01:47,800.0,48.0,S
2021-07-16T10:01:47,200.0,48.0,S
2021-07-16T10:01:47,200.0,48.0,S
2021-07-16T10:01:47,100.0,48.0,S
2021-07-16T10:01:47,1000.0,48.0,S
2021-07-16T10:01:47,700.0,48.0,S
2021-07-16T10:01:47,1400.0,48.0,S
2021-07-16T10:01:47,2900.0,48.0,S
2021-07-16T10:01:47,1300.0,48.0,S
2021-07-16T10:01:47,2900.0,48.0,S
2021-07-16T10:01:47,1300.0,48.0,S
2021-07-16T10:01:47,500.0,48.0,S
2021-07-16T10:01:47,4100.0,48.0,S
2021-07-16T10:01:47,400.0,48.0,S
2021-07-16T10:01:47,5000.0,48.0,S
2021-07-16T10:01:47,700.0,48.0,S
2021-07-16T10:01:47,300.0,48.0,S
2021-07-16T10:01:47,100.0,48.0,S
2021-07-16T10:01:47,1700.0,48.0,S
2021-07-16T10:01:47,10500.0,48.0,S
2021-07-16T10:01:47,200.0,48.0,S
2021-07-16T10:01:47,1900.0,48.0,S
2021-07-16T10:01:47,16400.0,48.05,S
2021-07-16T10:01:47,600.0,48.1,S
2021-07-16T10:01:47,800.0,48.1,S
2021-07-16T10:01:47,100.0,48.1,S
2021-07-16T10:01:47,2100.0,48.1,S
2021-07-16T10:01:47,1000.0,48.1,S
2021-07-16T10:01:47,4200.0,48.1,S
2021-07-16T10:01:47,5700.0,48.1,S
2021-07-16T10:01:47,500.0,48.1,S
2021-07-16T10:01:47,700.0,48.15,S
2021-07-16T10:01:47,1400.0,48.15,S
2021-07-16T10:01:47,500.0,48.15,S
2021-07-16T10:01:47,6200.0,48.2,S
2021-07-16T10:01:47,5700.0,48.2,S
2021-07-16T10:01:46,500.0,48.25,B
2021-07-16T10:01:07,100.0,48.25,B
2021-07-16T10:00:53,200.0,48.2,S
2021-07-16T10:00:41,1000.0,48.2,S
2021-07-16T10:00:40,500.0,48.2,S
2021-07-16T10:00:38,500.0,48.2,S
2021-07-16T10:00:35,100.0,48.2,S
2021-07-16T10:00:34,10000.0,48.2,S
2021-07-16T10:00:23,200.0,48.2,S
2021-07-16T10:00:22,600.0,48.25,B
2021-07-16T10:00:20,100.0,48.2,S
2021-07-16T10:00:09,200.0,48.2,S
2021-07-16T10:00:01,5000.0,48.2,S
2021-07-16T09:59:56,1900.0,48.2,B
2021-07-16T09:59:42,1000.0,48.2,B
2021-07-16T09:59:39,2100.0,48.2,S
2021-07-16T09:59:36,1000.0,48.2,S
2021-07-16T09:59:32,1500.0,48.2,B
2021-07-16T09:59:22,3000.0,48.2,B
2021-07-16T09:59:20,2000.0,48.15,S
2021-07-16T09:59:13,2200.0,48.2,B
2021-07-16T09:59:12,100.0,48.2,B
2021-07-16T09:59:05,2000.0,48.2,B
2021-07-16T09:59:01,10000.0,48.2,B
2021-07-16T09:58:47,500.0,48.2,S
2021-07-16T09:58:46,1000.0,48.2,S
2021-07-16T09:58:39,1000.0,48.2,S
2021-07-16T09:58:26,2500.0,48.2,B
2021-07-16T09:58:21,700.0,48.2,S
2021-07-16T09:58:15,2000.0,48.2,S
2021-07-16T09:58:03,300.0,48.2,S
2021-07-16T09:58:03,100.0,48.2,S
2021-07-16T09:58:03,300.0,48.2,S
2021-07-16T09:58:03,100.0,48.2,S
2021-07-16T09:58:03,2800.0,48.2,S
2021-07-16T09:57:56,3700.0,48.2,S
2021-07-16T09:57:51,200.0,48.2,S
2021-07-16T09:57:46,500.0,48.2,S
2021-07-16T09:57:35,3900.0,48.2,S
2021-07-16T09:57:35,2800.0,48.2,S
2021-07-16T09:57:35,2000.0,48.2,S
2021-07-16T09:57:35,300.0,48.2,S
2021-07-16T09:57:35,2100.0,48.2,S
2021-07-16T09:57:35,500.0,48.2,S
2021-07-16T09:57:35,2300.0,48.2,S
2021-07-16T09:57:35,200.0,48.2,S
2021-07-16T09:57:35,5300.0,48.2,S
2021-07-16T09:57:35,800.0,48.2,S
2021-07-16T09:57:35,600.0,48.2,S
2021-07-16T09:57:35,36500.0,48.2,S
2021-07-16T09:57:35,42700.0,48.25,S
2021-07-16T09:57:27,1000.0,48.25,S
2021-07-16T09:57:25,200.0,48.25,S
2021-07-16T09:57:17,2000.0,48.3,B
2021-07-16T09:57:15,600.0,48.25,S
2021-07-16T09:57:11,11000.0,48.25,S
2021-07-16T09:57:08,500.0,48.3,B
2021-07-16T09:56:56,1000.0,48.3,B
2021-07-16T09:56:26,2000.0,48.3,B
2021-07-16T09:56:18,200.0,48.3,B
2021-07-16T09:56:14,400.0,48.3,B
2021-07-16T09:56:14,4000.0,48.3,B
2021-07-16T09:56:05,3000.0,48.2,S
2021-07-16T09:55:53,4000.0,48.3,B
2021-07-16T09:55:53,1000.0,48.3,B
2021-07-16T09:55:52,2000.0,48.2,S
2021-07-16T09:55:40,100.0,48.2,S
2021-07-16T09:55:40,1000.0,48.2,S
2021-07-16T09:55:25,200.0,48.2,S
2021-07-16T09:55:19,100.0,48.2,S
2021-07-16T09:55:12,1000.0,48.2,S
2021-07-16T09:54:59,7600.0,48.2,S
2021-07-16T09:54:59,400.0,48.2,S
2021-07-16T09:54:59,1300.0,48.2,S
2021-07-16T09:54:59,700.0,48.2,S
2021-07-16T09:54:51,100.0,48.2,S
2021-07-16T09:54:41,2300.0,48.2,S
2021-07-16T09:54:41,4000.0,48.2,S
2021-07-16T09:54:41,500.0,48.2,S
2021-07-16T09:54:41,12900.0,48.25,S
2021-07-16T09:54:35,5000.0,48.3,S
2021-07-16T09:54:35,500.0,48.35,B
2021-07-16T09:54:28,1000.0,48.35,B
2021-07-16T09:54:14,200.0,48.35,B
2021-07-16T09:54:02,300.0,48.35,S
2021-07-16T09:53:56,2000.0,48.35,S
2021-07-16T09:53:55,1000.0,48.35,S
2021-07-16T09:53:53,500.0,48.4,B
2021-07-16T09:53:46,300.0,48.4,B
2021-07-16T09:53:43,10000.0,48.4,B
2021-07-16T09:53:25,1200.0,48.4,S
2021-07-16T09:53:24,200.0,48.4,S
2021-07-16T09:53:24,500.0,48.4,S
2021-07-16T09:53:22,200.0,48.4,S
2021-07-16T09:53:21,5000.0,48.4,S
2021-07-16T09:53:19,5000.0,48.4,S
2021-07-16T09:53:18,1000.0,48.4,S
2021-07-16T09:53:15,200.0,48.4,S
2021-07-16T09:53:01,500.0,48.45,S
2021-07-16T09:53:01,1800.0,48.45,S
2021-07-16T09:52:56,2000.0,48.45,S
2021-07-16T09:52:56,400.0,48.45,S
2021-07-16T09:52:56,600.0,48.45,S
2021-07-16T09:52:56,5000.0,48.45,S
2021-07-16T09:52:55,7000.0,48.45,S
2021-07-16T09:52:54,7000.0,48.45,S
2021-07-16T09:52:52,10100.0,48.45,S
2021-07-16T09:52:49,3000.0,48.45,S
2021-07-16T09:52:48,2000.0,48.45,S
2021-07-16T09:52:46,2900.0,48.45,S
2021-07-16T09:52:42,500.0,48.45,S
2021-07-16T09:52:41,2000.0,48.45,S
2021-07-16T09:52:36,16300.0,48.45,S
2021-07-16T09:52:35,2000.0,48.45,S
2021-07-16T09:52:35,5300.0,48.45,S
2021-07-16T09:52:34,600.0,48.5,B
2021-07-16T09:52:30,6800.0,48.45,S
2021-07-16T09:52:22,800.0,48.45,S
2021-07-16T09:52:19,2700.0,48.45,S
2021-07-16T09:51:54,9000.0,48.5,B
2021-07-16T09:51:47,1000.0,48.5,B
2021-07-16T09:51:41,200.0,48.5,B
2021-07-16T09:51:36,25700.0,48.5,S
2021-07-16T09:51:34,100.0,48.5,S
2021-07-16T09:51:31,1000.0,48.5,S
2021-07-16T09:51:28,500.0,48.5,S
2021-07-16T09:51:27,100.0,48.5,S
2021-07-16T09:51:22,500.0,48.5,S
2021-07-16T09:51:21,6500.0,48.55,B
2021-07-16T09:50:58,100.0,48.5,S
2021-07-16T09:50:42,500.0,48.5,S
2021-07-16T09:50:24,200.0,48.5,S
2021-07-16T09:50:15,300.0,48.5,S
2021-07-16T09:50:14,3900.0,48.5,B
2021-07-16T09:50:11,200.0,48.5,B
2021-07-16T09:50:05,100.0,48.5,B
2021-07-16T09:50:02,3000.0,48.5,B
2021-07-16T09:49:49,500.0,48.5,B
2021-07-16T09:49:24,5000.0,48.5,B
2021-07-16T09:49:24,1700.0,48.5,B
2021-07-16T09:49:24,3300.0,48.5,B
2021-07-16T09:49:12,400.0,48.5,B
2021-07-16T09:49:06,100.0,48.5,B
2021-07-16T09:49:01,1500.0,48.5,B
2021-07-16T09:48:52,1000.0,48.5,S
2021-07-16T09:48:51,500.0,48.5,S
2021-07-16T09:48:37,2500.0,48.5,S
2021-07-16T09:48:37,1000.0,48.5,B
2021-07-16T09:48:37,500.0,48.5,B
2021-07-16T09:48:37,1100.0,48.5,B
2021-07-16T09:48:37,500.0,48.5,B
2021-07-16T09:48:37,2500.0,48.5,B
2021-07-16T09:48:37,900.0,48.5,B
2021-07-16T09:48:37,500.0,48.5,B
2021-07-16T09:48:26,10000.0,48.5,B
2021-07-16T09:48:26,1000.0,48.5,B
2021-07-16T09:48:22,300.0,48.5,B
2021-07-16T09:48:22,500.0,48.5,B
2021-07-16T09:48:21,1000.0,48.5,B
2021-07-16T09:48:17,2000.0,48.5,B
2021-07-16T09:48:17,500.0,48.5,B
2021-07-16T09:48:15,500.0,48.5,B
2021-07-16T09:48:14,100.0,48.5,B
2021-07-16T09:48:06,18900.0,48.5,B
2021-07-16T09:48:01,12300.0,48.5,B
2021-07-16T09:48:01,2700.0,48.5,B
2021-07-16T09:48:00,200.0,48.5,B
2021-07-16T09:47:53,300.0,48.45,S
2021-07-16T09:47:49,100.0,48.5,B
2021-07-16T09:47:38,1000.0,48.45,S
2021-07-16T09:47:33,15000.0,48.45,B
2021-07-16T09:47:33,1000.0,48.4,S
2021-07-16T09:47:30,1000.0,48.4,S
2021-07-16T09:47:15,1000.0,48.35,S
2021-07-16T09:47:04,2200.0,48.35,S
2021-07-16T09:46:52,4000.0,48.4,B
2021-07-16T09:46:31,4000.0,48.35,S
2021-07-16T09:46:29,800.0,48.4,B
2021-07-16T09:46:26,400.0,48.35,S
2021-07-16T09:46:26,1100.0,48.35,S
2021-07-16T09:46:09,5000.0,48.35,S
2021-07-16T09:45:54,5000.0,48.4,S
2021-07-16T09:45:42,5000.0,48.4,S
2021-07-16T09:45:34,3000.0,48.4,S
2021-07-16T09:45:33,300.0,48.45,B
2021-07-16T09:45:28,200.0,48.45,B
2021-07-16T09:45:25,1000.0,48.45,B
2021-07-16T09:45:16,1700.0,48.45,B
2021-07-16T09:45:09,100.0,48.45,B
2021-07-16T09:45:09,2000.0,48.4,S
2021-07-16T09:45:06,600.0,48.45,B
2021-07-16T09:44:56,1000.0,48.45,B
2021-07-16T09:44:50,1400.0,48.45,B
2021-07-16T09:44:32,1000.0,48.4,S
2021-07-16T09:43:59,2000.0,48.4,S
2021-07-16T09:43:58,500.0,48.45,B
2021-07-16T09:43:53,2200.0,48.45,B
2021-07-16T09:43:44,100.0,48.45,B
2021-07-16T09:43:41,200.0,48.45,B
2021-07-16T09:43:40,500.0,48.45,B
2021-07-16T09:43:29,500.0,48.45,B
2021-07-16T09:43:26,14000.0,48.4,S
2021-07-16T09:43:21,100.0,48.4,S
2021-07-16T09:43:18,400.0,48.4,B
2021-07-16T09:43:05,900.0,48.4,B
2021-07-16T09:43:05,100.0,48.4,B
2021-07-16T09:42:50,800.0,48.4,B
2021-07-16T09:42:44,4000.0,48.35,S
2021-07-16T09:42:31,300.0,48.35,S
2021-07-16T09:42:22,100.0,48.35,S
2021-07-16T09:42:20,6000.0,48.4,B
2021-07-16T09:42:18,500.0,48.4,B
2021-07-16T09:42:14,1000.0,48.4,B
2021-07-16T09:42:12,1100.0,48.4,B
2021-07-16T09:42:06,1000.0,48.35,S
2021-07-16T09:42:05,500.0,48.4,B
2021-07-16T09:42:04,100.0,48.35,S
2021-07-16T09:41:48,5900.0,48.35,B
2021-07-16T09:41:45,100.0,48.3,S
2021-07-16T09:41:32,7000.0,48.3,S
2021-07-16T09:41:31,1800.0,48.3,B
2021-07-16T09:41:31,1000.0,48.3,B
2021-07-16T09:41:02,1000.0,48.2,S
2021-07-16T09:40:55,1000.0,48.2,S
2021-07-16T09:40:49,900.0,48.3,B
2021-07-16T09:40:49,2000.0,48.2,B
2021-07-16T09:40:49,3100.0,48.2,B
2021-07-16T09:40:49,4000.0,48.2,B
2021-07-16T09:40:47,1500.0,48.2,B
2021-07-16T09:40:47,3900.0,48.2,B
2021-07-16T09:40:37,100.0,48.2,B
2021-07-16T09:40:36,400.0,48.2,B
2021-07-16T09:40:25,4000.0,48.2,B
2021-07-16T09:40:04,3000.0,48.15,S
2021-07-16T09:40:02,300.0,48.2,B
2021-07-16T09:40:01,2000.0,48.2,B
2021-07-16T09:39:50,500.0,48.2,B
2021-07-16T09:39:45,1000.0,48.2,B
2021-07-16T09:39:11,300.0,48.2,B
2021-07-16T09:38:47,100.0,48.2,B
2021-07-16T09:38:27,2000.0,48.2,B
2021-07-16T09:38:23,100.0,48.15,S
2021-07-16T09:38:07,100.0,48.2,B
2021-07-16T09:38:06,400.0,48.2,B
2021-07-16T09:37:57,300.0,48.15,S
2021-07-16T09:37:52,100.0,48.2,B
2021-07-16T09:37:44,1000.0,48.2,B
2021-07-16T09:37:43,100.0,48.2,B
2021-07-16T09:37:40,1000.0,48.2,B
2021-07-16T09:37:28,400.0,48.2,B
2021-07-16T09:37:17,1200.0,48.2,B
2021-07-16T09:37:14,500.0,48.2,B
2021-07-16T09:37:12,300.0,48.2,B
2021-07-16T09:37:06,500.0,48.2,B
2021-07-16T09:36:50,200.0,48.2,B
2021-07-16T09:36:32,200.0,48.2,B
2021-07-16T09:36:27,1000.0,48.2,B
2021-07-16T09:36:27,2000.0,48.2,B
2021-07-16T09:36:13,500.0,48.2,B
2021-07-16T09:36:12,100.0,48.1,S
2021-07-16T09:36:12,700.0,48.1,S
2021-07-16T09:36:12,9200.0,48.1,S
2021-07-16T09:35:45,100.0,48.2,B
2021-07-16T09:35:42,100.0,48.2,B
2021-07-16T09:35:40,2000.0,48.15,S
2021-07-16T09:35:35,200.0,48.2,B
2021-07-16T09:35:27,300.0,48.2,B
2021-07-16T09:35:26,4000.0,48.2,B
2021-07-16T09:35:26,200.0,48.2,S
2021-07-16T09:35:20,500.0,48.3,B
2021-07-16T09:35:16,2000.0,48.3,B
2021-07-16T09:35:06,1900.0,48.3,S
2021-07-16T09:35:06,3600.0,48.3,S
2021-07-16T09:34:59,100.0,48.35,B
2021-07-16T09:34:57,100.0,48.35,B
2021-07-16T09:34:57,800.0,48.35,S
2021-07-16T09:34:44,1400.0,48.35,B
2021-07-16T09:34:41,500.0,48.35,B
2021-07-16T09:34:36,1500.0,48.35,S
2021-07-16T09:34:35,100.0,48.4,B
2021-07-16T09:34:21,800.0,48.4,B
2021-07-16T09:34:19,200.0,48.4,B
2021-07-16T09:34:18,100.0,48.4,S
2021-07-16T09:34:18,1300.0,48.4,S
2021-07-16T09:34:18,2200.0,48.4,S
2021-07-16T09:34:18,2300.0,48.4,S
2021-07-16T09:34:18,3200.0,48.45,S
2021-07-16T09:34:18,700.0,48.45,S
2021-07-16T09:34:18,8000.0,48.45,S
2021-07-16T09:34:18,7000.0,48.5,S
2021-07-16T09:34:18,400.0,48.5,S
2021-07-16T09:34:18,3700.0,48.5,S
2021-07-16T09:34:01,2000.0,48.5,S
2021-07-16T09:34:00,1800.0,48.5,B
2021-07-16T09:33:51,200.0,48.5,B
2021-07-16T09:33:49,100.0,48.5,B
2021-07-16T09:33:39,300.0,48.6,B
2021-07-16T09:33:34,200.0,48.5,B
2021-07-16T09:33:29,6000.0,48.5,B
2021-07-16T09:33:27,200.0,48.5,B
2021-07-16T09:33:27,2000.0,48.5,B
2021-07-16T09:33:27,300.0,48.5,B
2021-07-16T09:33:26,400.0,48.5,B
2021-07-16T09:33:24,800.0,48.5,B
2021-07-16T09:33:23,100.0,48.5,B
2021-07-16T09:33:21,1000.0,48.45,S
2021-07-16T09:33:18,1000.0,48.5,B
2021-07-16T09:33:17,2000.0,48.5,B
2021-07-16T09:33:14,2000.0,48.5,B
2021-07-16T09:33:09,500.0,48.5,S
2021-07-16T09:33:09,21900.0,48.5,S
2021-07-16T09:33:05,1100.0,48.7,B
2021-07-16T09:32:59,10000.0,48.7,B
2021-07-16T09:32:56,2500.0,48.6,B
2021-07-16T09:32:50,500.0,48.6,B
2021-07-16T09:32:40,2000.0,48.6,B
2021-07-16T09:32:10,1700.0,48.5,B
2021-07-16T09:32:10,1000.0,48.5,B
2021-07-16T09:32:07,5000.0,48.5,B
2021-07-16T09:31:48,500.0,48.5,B
2021-07-16T09:31:48,100.0,48.5,B
2021-07-16T09:31:48,200.0,48.5,B
2021-07-16T09:31:48,500.0,48.5,B
2021-07-16T09:31:48,8700.0,48.5,B
2021-07-16T09:31:43,4000.0,48.5,B
2021-07-16T09:31:42,200.0,48.45,S
2021-07-16T09:31:41,2000.0,48.5,B
2021-07-16T09:31:32,5000.0,48.45,S
2021-07-16T09:31:09,6000.0,48.45,B
2021-07-16T09:31:09,500.0,48.45,B
2021-07-16T09:30:58,200.0,48.45,B
2021-07-16T09:30:34,5000.0,48.45,B
2021-07-16T09:30:33,3900.0,48.4,B
2021-07-16T09:30:28,1000.0,48.4,B
2021-07-16T09:30:07,300.0,48.4,B
2021-07-16T09:30:05,500.0,48.4,B
2021-07-16T09:30:03,1500.0,48.4,B
2021-07-16T09:29:58,200.0,48.4,B
2021-07-16T09:29:52,200.0,48.4,B
2021-07-16T09:29:45,500.0,48.4,B
2021-07-16T09:29:43,300.0,48.4,B
2021-07-16T09:29:37,500.0,48.4,B
2021-07-16T09:29:32,500.0,48.4,B
2021-07-16T09:29:31,100.0,48.4,B
2021-07-16T09:29:31,100.0,48.4,B
2021-07-16T09:29:24,600.0,48.4,S
2021-07-16T09:29:24,200.0,48.45,S
2021-07-16T09:29:11,1000.0,48.4,S
2021-07-16T09:29:10,500.0,48.45,S
2021-07-16T09:29:10,200.0,48.45,S
2021-07-16T09:29:10,6000.0,48.45,B
2021-07-16T09:29:04,4600.0,48.4,S
2021-07-16T09:29:01,2000.0,48.45,B
2021-07-16T09:28:50,100.0,48.45,B
2021-07-16T09:28:44,100.0,48.45,B
2021-07-16T09:28:44,200.0,48.45,B
2021-07-16T09:28:42,500.0,48.45,B
2021-07-16T09:28:42,200.0,48.45,B
2021-07-16T09:28:33,200.0,48.45,B
2021-07-16T09:28:30,100.0,48.45,B
2021-07-16T09:28:24,3000.0,48.45,B
2021-07-16T09:28:14,500.0,48.45,B
2021-07-16T09:28:09,1000.0,48.4,S
2021-07-16T09:28:09,500.0,48.45,B
2021-07-16T09:28:05,100.0,48.45,B
2021-07-16T09:27:57,1000.0,48.4,S
2021-07-16T09:27:52,3600.0,48.45,B
2021-07-16T09:27:51,3200.0,48.4,B
2021-07-16T09:27:50,1000.0,48.4,B
2021-07-16T09:27:43,100.0,48.4,B
2021-07-16T09:27:43,500.0,48.4,B
2021-07-16T09:27:27,300.0,48.4,B
2021-07-16T09:27:26,300.0,48.4,B
2021-07-16T09:27:24,100.0,48.4,B
2021-07-16T09:27:24,200.0,48.3,S
2021-07-16T09:27:16,100.0,48.3,S
2021-07-16T09:27:10,4300.0,48.3,S
2021-07-16T09:27:05,300.0,48.3,B
2021-07-16T09:26:53,300.0,48.3,B
2021-07-16T09:26:53,5000.0,48.3,B
2021-07-16T09:26:45,1000.0,48.3,B
2021-07-16T09:26:43,400.0,48.3,B
2021-07-16T09:26:37,500.0,48.3,B
2021-07-16T09:26:37,1200.0,48.3,B
2021-07-16T09:26:20,13400.0,48.3,B
2021-07-16T09:26:12,4800.0,48.2,B
2021-07-16T09:26:08,200.0,48.2,B
2021-07-16T09:26:08,2000.0,48.2,B
2021-07-16T09:26:01,100.0,48.2,B
2021-07-16T09:25:59,100.0,48.2,B
2021-07-16T09:25:56,3800.0,48.2,B
2021-07-16T09:25:41,400.0,48.2,B
2021-07-16T09:25:37,1000.0,48.2,B
2021-07-16T09:25:33,1000.0,48.1,S
2021-07-16T09:25:28,700.0,48.15,S
2021-07-16T09:25:25,300.0,48.15,S
2021-07-16T09:25:21,100.0,48.2,B
2021-07-16T09:25:20,1100.0,48.15,B
2021-07-16T09:25:20,100.0,48.15,B
2021-07-16T09:24:11,1000.0,48.1,S
2021-07-16T09:24:10,10000.0,48.1,B
2021-07-16T09:24:05,20000.0,48.1,B
2021-07-16T09:24:04,600.0,48.0,S
2021-07-16T09:24:04,1000.0,48.0,S
2021-07-16T09:24:04,24400.0,48.0,S
2021-07-16T09:24:04,1000.0,48.0,S
2021-07-16T09:24:02,9500.0,48.0,S
2021-07-16T09:24:02,900.0,48.0,S
2021-07-16T09:24:02,100.0,48.0,S
2021-07-16T09:24:02,1200.0,48.0,S
2021-07-16T09:24:02,1000.0,48.0,S
2021-07-16T09:24:02,3600.0,48.0,S
2021-07-16T09:24:02,4400.0,48.0,S
2021-07-16T09:24:02,11200.0,48.0,S
2021-07-16T09:24:02,2800.0,48.05,S
2021-07-16T09:24:02,600.0,48.05,S
2021-07-16T09:24:02,1200.0,48.05,S
2021-07-16T09:23:57,300.0,48.1,B
2021-07-16T09:23:52,100.0,48.1,B
2021-07-16T09:23:49,2000.0,48.1,B
2021-07-16T09:23:44,400.0,48.1,B
2021-07-16T09:23:38,2000.0,48.1,B
2021-07-16T09:23:32,100.0,48.1,B
2021-07-16T09:23:26,400.0,48.1,B
2021-07-16T09:23:24,200.0,48.1,B
2021-07-16T09:23:23,100.0,48.1,B
2021-07-16T09:23:14,100.0,48.1,B
2021-07-16T09:23:12,1000.0,48.1,B
2021-07-16T09:23:07,100.0,48.1,B
2021-07-16T09:22:55,300.0,48.1,B
2021-07-16T09:22:45,4200.0,48.1,S
2021-07-16T09:22:45,200.0,48.1,S
2021-07-16T09:22:24,1600.0,48.1,S
2021-07-16T09:22:10,100.0,48.2,B
2021-07-16T09:22:01,200.0,48.1,S
2021-07-16T09:21:35,1000.0,48.05,S
2021-07-16T09:21:33,200.0,48.1,S
2021-07-16T09:21:30,700.0,48.1,B
2021-07-16T09:21:27,100.0,48.1,B
2021-07-16T09:21:23,1200.0,48.1,S
2021-07-16T09:21:21,1000.0,48.1,S
2021-07-16T09:21:21,2800.0,48.1,B
2021-07-16T09:21:21,300.0,48.1,B
2021-07-16T09:21:21,700.0,48.1,B
2021-07-16T09:21:21,500.0,48.1,B
2021-07-16T09:21:20,600.0,48.1,B
2021-07-16T09:21:15,2500.0,48.1,B
2021-07-16T09:21:15,100.0,48.1,B
2021-07-16T09:21:06,3900.0,48.1,B
2021-07-16T09:21:03,100.0,48.1,B
2021-07-16T09:21:00,500.0,48.1,B
2021-07-16T09:20:56,400.0,48.1,B
2021-07-16T09:20:54,2000.0,48.05,S
2021-07-16T09:20:50,1000.0,48.1,B
2021-07-16T09:20:27,4700.0,48.1,B
2021-07-16T09:20:27,5300.0,48.1,B
2021-07-16T09:20:24,200.0,48.0,S
2021-07-16T09:20:24,300.0,48.05,B
2021-07-16T09:20:15,700.0,48.0,S
2021-07-16T09:20:12,100.0,48.0,S
2021-07-16T09:20:04,100.0,48.0,S
2021-07-16T09:19:59,500.0,48.0,S
2021-07-16T09:19:55,300.0,48.0,S
2021-07-16T09:19:50,200.0,48.0,S
2021-07-16T09:19:49,6200.0,48.0,B
2021-07-16T09:19:48,300.0,48.0,B
2021-07-16T09:19:47,3000.0,48.0,B
2021-07-16T09:19:44,1000.0,48.0,B
2021-07-16T09:19:38,1000.0,48.0,B
2021-07-16T09:19:30,2500.0,48.1,B
2021-07-16T09:19:28,1000.0,48.0,B
2021-07-16T09:19:23,1000.0,47.95,S
2021-07-16T09:19:21,800.0,48.0,S
2021-07-16T09:19:16,100.0,48.0,S
2021-07-16T09:19:14,3000.0,48.0,S
2021-07-16T09:19:14,200.0,48.0,S
2021-07-16T09:19:09,3000.0,48.0,S
2021-07-16T09:19:09,700.0,48.0,S
2021-07-16T09:19:09,500.0,48.0,S
2021-07-16T09:19:09,100.0,48.0,S
2021-07-16T09:19:07,500.0,48.0,S
2021-07-16T09:19:06,200.0,48.0,S
2021-07-16T09:19:06,4800.0,48.0,S
2021-07-16T09:18:59,100.0,48.0,S
2021-07-16T09:18:57,400.0,48.0,S
2021-07-16T09:18:54,1000.0,48.0,S
2021-07-16T09:18:50,100.0,48.0,S
2021-07-16T09:18:49,1000.0,48.0,S
2021-07-16T09:18:44,600.0,48.0,S
2021-07-16T09:18:44,400.0,48.0,S
2021-07-16T09:18:42,300.0,48.0,S
2021-07-16T09:18:42,1200.0,48.0,S
2021-07-16T09:18:37,200.0,48.0,S
2021-07-16T09:18:34,300.0,48.1,B
2021-07-16T09:18:28,600.0,48.0,S
2021-07-16T09:18:28,400.0,48.0,S
2021-07-16T09:18:26,3000.0,48.0,S
2021-07-16T09:18:20,100.0,48.1,S
2021-07-16T09:18:12,5000.0,48.1,S
2021-07-16T09:18:12,5000.0,48.1,S
2021-07-16T09:18:06,100.0,48.1,S
2021-07-16T09:18:05,2000.0,48.1,S
2021-07-16T09:18:00,3900.0,48.2,B
2021-07-16T09:17:59,3000.0,48.1,S
2021-07-16T09:17:54,1500.0,48.1,S
2021-07-16T09:17:52,1000.0,48.1,S
2021-07-16T09:17:45,200.0,48.1,S
2021-07-16T09:17:43,500.0,48.1,S
2021-07-16T09:17:31,1000.0,48.1,S
2021-07-16T09:17:30,1100.0,48.2,B
2021-07-16T09:17:27,1000.0,48.1,S
2021-07-16T09:17:26,5000.0,48.1,S
2021-07-16T09:17:26,1000.0,48.1,S
2021-07-16T09:17:23,5000.0,48.1,S
2021-07-16T09:17:18,600.0,48.1,S
2021-07-16T09:17:16,200.0,48.2,B
2021-07-16T09:17:12,500.0,48.1,S
2021-07-16T09:17:11,5000.0,48.1,S
2021-07-16T09:17:09,100.0,48.1,S
2021-07-16T09:17:04,100.0,48.1,S
2021-07-16T09:17:04,200.0,48.1,S
2021-07-16T09:17:04,1800.0,48.1,S
2021-07-16T09:16:57,100.0,48.1,S
2021-07-16T09:16:51,11000.0,48.2,B
2021-07-16T09:16:49,2000.0,48.2,B
2021-07-16T09:16:45,100.0,48.1,S
2021-07-16T09:16:37,100.0,48.2,B
2021-07-16T09:16:37,1000.0,48.1,S
2021-07-16T09:16:36,100.0,48.1,S
2021-07-16T09:16:31,100.0,48.1,S
2021-07-16T09:16:24,2000.0,48.1,S
2021-07-16T09:16:20,100.0,48.1,S
2021-07-16T09:16:13,1000.0,48.1,S
2021-07-16T09:16:13,600.0,48.1,B
2021-07-16T09:16:03,400.0,48.1,B
2021-07-16T09:15:54,1000.0,48.1,S
2021-07-16T09:15:49,1000.0,48.1,S
2021-07-16T09:15:49,100.0,48.1,S
2021-07-16T09:15:42,300.0,48.1,S
2021-07-16T09:15:31,100.0,48.1,S
2021-07-16T09:15:21,200.0,48.2,B
2021-07-16T09:15:04,100.0,48.2,B
