tradingTime,volume,price,side
2021-07-16T14:29:57,2900.0,6.58,S
2021-07-16T14:27:59,6100.0,6.58,S
2021-07-16T14:27:10,1000.0,6.58,S
2021-07-16T14:27:07,5000.0,6.58,S
2021-07-16T14:26:25,1000.0,6.6,S
2021-07-16T14:26:17,300.0,6.6,S
2021-07-16T14:24:04,10200.0,6.6,S
2021-07-16T14:22:47,200.0,6.61,B
2021-07-16T14:22:19,300.0,6.61,B
2021-07-16T14:21:41,200.0,6.61,B
2021-07-16T14:21:25,500.0,6.61,B
2021-07-16T14:17:44,500.0,6.61,B
2021-07-16T14:17:21,10000.0,6.6,S
2021-07-16T14:16:32,300.0,6.6,B
2021-07-16T14:16:24,400.0,6.6,S
2021-07-16T14:15:48,2000.0,6.6,S
2021-07-16T14:12:59,1500.0,6.6,S
2021-07-16T14:12:20,100.0,6.61,B
2021-07-16T14:11:59,2400.0,6.61,B
2021-07-16T14:11:51,800.0,6.61,B
2021-07-16T14:11:39,200.0,6.61,B
2021-07-16T14:11:32,500.0,6.6,S
2021-07-16T14:11:19,3600.0,6.6,B
2021-07-16T14:10:44,100.0,6.6,B
2021-07-16T14:10:35,3000.0,6.6,B
2021-07-16T14:10:10,2000.0,6.6,B
2021-07-16T14:09:56,4100.0,6.61,B
2021-07-16T14:09:48,24900.0,6.61,B
2021-07-16T14:09:47,100.0,6.6,S
2021-07-16T14:09:46,10000.0,6.6,S
2021-07-16T14:09:37,50000.0,6.6,S
2021-07-16T14:09:02,100.0,6.6,S
2021-07-16T14:08:52,4000.0,6.6,S
2021-07-16T14:08:48,200.0,6.61,B
2021-07-16T14:07:38,1000.0,6.61,B
2021-07-16T14:07:21,3200.0,6.6,S
2021-07-16T14:07:19,200.0,6.6,S
2021-07-16T14:07:14,4500.0,6.6,S
2021-07-16T14:06:38,100.0,6.61,B
2021-07-16T14:06:29,5000.0,6.6,S
2021-07-16T14:06:28,1000.0,6.61,B
2021-07-16T14:05:07,2500.0,6.6,B
2021-07-16T14:04:43,300.0,6.6,S
2021-07-16T14:04:38,5200.0,6.6,S
2021-07-16T14:03:39,1000.0,6.6,S
2021-07-16T14:03:24,5000.0,6.6,S
2021-07-16T14:01:55,6200.0,6.6,S
2021-07-16T14:01:55,5100.0,6.6,S
2021-07-16T14:01:55,1200.0,6.61,S
2021-07-16T14:01:55,500.0,6.61,S
2021-07-16T14:00:39,500.0,6.64,S
2021-07-16T13:59:25,100.0,6.65,B
2021-07-16T13:59:12,1500.0,6.64,S
2021-07-16T13:59:08,200.0,6.65,B
2021-07-16T13:58:27,9600.0,6.63,B
2021-07-16T13:58:01,400.0,6.63,B
2021-07-16T13:57:59,5000.0,6.63,S
2021-07-16T13:57:55,4600.0,6.63,S
2021-07-16T13:57:42,1000.0,6.65,B
2021-07-16T13:56:50,400.0,6.65,S
2021-07-16T13:56:44,3100.0,6.65,S
2021-07-16T13:56:05,1000.0,6.65,S
2021-07-16T13:55:59,100.0,6.66,B
2021-07-16T13:55:50,100.0,6.66,S
2021-07-16T13:54:49,400.0,6.66,S
2021-07-16T13:54:33,100.0,6.67,B
2021-07-16T13:54:33,400.0,6.67,B
2021-07-16T13:54:32,300.0,6.66,B
2021-07-16T13:54:12,3900.0,6.65,S
2021-07-16T13:54:12,100.0,6.65,S
2021-07-16T13:54:09,100.0,6.66,B
2021-07-16T13:53:14,4100.0,6.65,S
2021-07-16T13:51:47,200.0,6.65,S
2021-07-16T13:50:39,1200.0,6.65,S
2021-07-16T13:50:39,100.0,6.65,S
2021-07-16T13:50:28,500.0,6.67,B
2021-07-16T13:48:53,800.0,6.65,S
2021-07-16T13:48:31,100.0,6.65,B
2021-07-16T13:48:26,3300.0,6.65,S
2021-07-16T13:48:22,50000.0,6.68,B
2021-07-16T13:48:15,1000.0,6.68,B
2021-07-16T13:47:08,3500.0,6.68,B
2021-07-16T13:46:47,500.0,6.67,B
2021-07-16T13:46:02,2500.0,6.65,S
2021-07-16T13:44:52,600.0,6.67,B
2021-07-16T13:44:44,3100.0,6.65,S
2021-07-16T13:43:55,1400.0,6.65,S
2021-07-16T13:43:55,1000.0,6.66,S
2021-07-16T13:43:55,600.0,6.66,S
2021-07-16T13:43:34,1400.0,6.66,S
2021-07-16T13:42:31,1000.0,6.67,B
2021-07-16T13:39:13,200.0,6.66,B
2021-07-16T13:38:48,2000.0,6.66,S
2021-07-16T13:37:44,1200.0,6.67,B
2021-07-16T13:37:44,1000.0,6.67,B
2021-07-16T13:36:58,500.0,6.67,S
2021-07-16T13:36:52,400.0,6.67,S
2021-07-16T13:36:49,3000.0,6.67,B
2021-07-16T13:35:26,100.0,6.67,B
2021-07-16T13:33:46,3000.0,6.65,S
2021-07-16T13:33:33,7900.0,6.65,S
2021-07-16T13:31:50,2000.0,6.66,S
2021-07-16T13:30:34,5000.0,6.66,S
2021-07-16T13:30:17,400.0,6.67,B
2021-07-16T13:30:05,2600.0,6.67,S
2021-07-16T13:29:53,500.0,6.68,B
2021-07-16T13:27:55,400.0,6.67,B
2021-07-16T13:27:45,100.0,6.67,B
2021-07-16T13:27:24,2500.0,6.67,S
2021-07-16T13:26:00,400.0,6.69,B
2021-07-16T13:25:53,200.0,6.69,B
2021-07-16T13:25:36,500.0,6.69,B
2021-07-16T13:25:01,600.0,6.69,B
2021-07-16T13:24:10,2000.0,6.67,B
2021-07-16T13:23:58,500.0,6.67,S
2021-07-16T13:23:54,300.0,6.69,B
2021-07-16T13:23:26,300.0,6.67,S
2021-07-16T13:23:17,900.0,6.67,B
2021-07-16T13:22:34,1200.0,6.67,B
2021-07-16T13:22:33,1000.0,6.66,B
2021-07-16T13:22:02,1500.0,6.67,B
2021-07-16T13:21:05,200.0,6.66,S
2021-07-16T13:20:35,2800.0,6.66,B
2021-07-16T13:20:33,2900.0,6.66,B
2021-07-16T13:20:26,1200.0,6.65,S
2021-07-16T13:19:53,900.0,6.65,B
2021-07-16T13:19:51,800.0,6.65,B
2021-07-16T13:19:41,200.0,6.65,B
2021-07-16T13:18:54,1200.0,6.65,B
2021-07-16T13:18:49,3000.0,6.65,B
2021-07-16T13:18:31,500.0,6.65,B
2021-07-16T13:18:24,100.0,6.65,B
2021-07-16T13:17:22,1000.0,6.65,B
2021-07-16T13:17:09,5000.0,6.65,B
2021-07-16T13:15:37,900.0,6.66,B
2021-07-16T13:13:49,1000.0,6.66,B
2021-07-16T13:12:37,2700.0,6.66,B
2021-07-16T13:12:09,200.0,6.67,B
2021-07-16T13:07:58,4900.0,6.6,S
2021-07-16T13:07:33,2000.0,6.6,B
2021-07-16T13:07:07,500.0,6.6,S
2021-07-16T13:06:46,300.0,6.68,S
2021-07-16T13:05:17,100.0,6.68,B
2021-07-16T11:29:41,1500.0,6.6,S
2021-07-16T11:29:41,200.0,6.6,S
2021-07-16T11:29:41,300.0,6.6,S
2021-07-16T11:29:41,7500.0,6.61,S
2021-07-16T11:28:48,2000.0,6.6,S
2021-07-16T11:28:03,4200.0,6.6,S
2021-07-16T11:24:09,300.0,6.69,B
2021-07-16T11:19:11,100.0,6.69,B
2021-07-16T11:18:15,100.0,6.69,B
2021-07-16T11:18:12,1600.0,6.69,S
2021-07-16T11:18:12,2600.0,6.69,S
2021-07-16T11:17:32,15000.0,6.69,S
2021-07-16T11:17:04,2400.0,6.69,B
2021-07-16T11:16:03,2000.0,6.69,B
2021-07-16T11:14:49,1000.0,6.69,B
2021-07-16T11:13:50,100.0,6.69,B
2021-07-16T11:12:54,800.0,6.69,B
2021-07-16T11:12:20,1000.0,6.69,S
2021-07-16T11:10:31,200.0,6.69,B
2021-07-16T11:07:12,100.0,6.68,S
2021-07-16T11:06:18,200.0,6.69,B
2021-07-16T11:06:02,100.0,6.69,B
2021-07-16T11:05:50,1200.0,6.69,B
2021-07-16T11:03:23,100.0,6.68,B
2021-07-16T11:01:45,400.0,6.7,B
2021-07-16T11:01:45,2400.0,6.7,B
2021-07-16T11:01:39,1600.0,6.67,B
2021-07-16T11:01:18,1000.0,6.67,B
2021-07-16T11:01:15,200.0,6.67,B
2021-07-16T11:00:35,1000.0,6.67,B
2021-07-16T10:56:10,13000.0,6.6,S
2021-07-16T10:55:21,1500.0,6.6,S
2021-07-16T10:55:21,26000.0,6.6,S
2021-07-16T10:55:21,1000.0,6.65,S
2021-07-16T10:55:21,2500.0,6.65,S
2021-07-16T10:55:21,2000.0,6.66,S
2021-07-16T10:55:21,10200.0,6.66,S
2021-07-16T10:54:45,1000.0,6.68,S
2021-07-16T10:54:45,500.0,6.68,S
2021-07-16T10:53:33,100.0,6.7,B
2021-07-16T10:52:18,100.0,6.7,B
2021-07-16T10:50:09,5000.0,6.7,S
2021-07-16T10:49:34,300.0,6.71,B
2021-07-16T10:48:46,200.0,6.71,B
2021-07-16T10:48:42,200.0,6.71,B
2021-07-16T10:48:22,300.0,6.71,B
2021-07-16T10:48:15,2000.0,6.7,S
2021-07-16T10:48:07,100.0,6.71,B
2021-07-16T10:47:59,1500.0,6.7,S
2021-07-16T10:47:49,5500.0,6.7,B
2021-07-16T10:45:57,100.0,6.7,B
2021-07-16T10:45:14,500.0,6.7,S
2021-07-16T10:45:09,10000.0,6.7,S
2021-07-16T10:45:08,1000.0,6.7,S
2021-07-16T10:45:07,2000.0,6.7,S
2021-07-16T10:44:53,1000.0,6.7,S
2021-07-16T10:44:53,100.0,6.71,B
2021-07-16T10:44:34,2100.0,6.71,S
2021-07-16T10:44:22,500.0,6.72,S
2021-07-16T10:43:57,1000.0,6.72,S
2021-07-16T10:43:44,900.0,6.72,S
2021-07-16T10:43:00,1000.0,6.73,S
2021-07-16T10:42:41,2000.0,6.75,B
2021-07-16T10:42:41,1300.0,6.75,B
2021-07-16T10:42:27,600.0,6.75,S
2021-07-16T10:41:47,100.0,6.75,S
2021-07-16T10:41:37,1000.0,6.75,S
2021-07-16T10:41:36,2000.0,6.76,B
2021-07-16T10:41:22,2000.0,6.76,B
2021-07-16T10:41:17,900.0,6.75,S
2021-07-16T10:41:17,100.0,6.75,S
2021-07-16T10:41:02,500.0,6.76,B
2021-07-16T10:39:21,20000.0,6.77,B
2021-07-16T10:38:55,1000.0,6.77,B
2021-07-16T10:36:30,100.0,6.77,B
2021-07-16T10:36:30,700.0,6.77,B
2021-07-16T10:35:51,500.0,6.77,B
2021-07-16T10:35:51,1500.0,6.77,S
2021-07-16T10:35:40,6900.0,6.77,S
2021-07-16T10:35:29,6000.0,6.77,B
2021-07-16T10:34:57,5000.0,6.77,B
2021-07-16T10:33:57,10000.0,6.77,B
2021-07-16T10:33:52,1100.0,6.7,S
2021-07-16T10:33:24,6500.0,6.7,B
2021-07-16T10:32:43,3000.0,6.7,S
2021-07-16T10:32:43,3100.0,6.7,S
2021-07-16T10:32:42,2400.0,6.7,S
2021-07-16T10:32:11,400.0,6.77,B
2021-07-16T10:31:36,1200.0,6.77,B
2021-07-16T10:31:09,200.0,6.77,B
2021-07-16T10:30:39,2000.0,6.77,B
2021-07-16T10:30:30,1700.0,6.77,B
2021-07-16T10:30:05,2700.0,6.77,B
2021-07-16T10:30:05,7300.0,6.77,B
2021-07-16T10:29:16,2800.0,6.77,B
2021-07-16T10:29:12,100.0,6.77,B
2021-07-16T10:28:09,1800.0,6.77,B
2021-07-16T10:28:09,8200.0,6.77,B
2021-07-16T10:28:04,800.0,6.76,S
2021-07-16T10:27:54,1000.0,6.76,S
2021-07-16T10:27:49,5000.0,6.76,S
2021-07-16T10:27:28,3200.0,6.76,B
2021-07-16T10:26:44,300.0,6.76,S
2021-07-16T10:26:43,500.0,6.76,S
2021-07-16T10:26:37,200.0,6.76,B
2021-07-16T10:26:29,2100.0,6.76,B
2021-07-16T10:26:14,1700.0,6.76,B
2021-07-16T10:24:43,600.0,6.7,B
2021-07-16T10:24:40,800.0,6.67,S
2021-07-16T10:24:14,100.0,6.67,S
2021-07-16T10:23:20,1300.0,6.69,S
2021-07-16T10:23:14,9700.0,6.7,S
2021-07-16T10:21:52,100.0,6.8,B
2021-07-16T10:20:54,2200.0,6.8,B
2021-07-16T10:20:44,7500.0,6.8,B
2021-07-16T10:20:42,500.0,6.79,S
2021-07-16T10:19:34,2100.0,6.8,B
2021-07-16T10:19:29,400.0,6.8,B
2021-07-16T10:19:17,700.0,6.8,B
2021-07-16T10:18:56,23800.0,6.7,B
2021-07-16T10:18:54,3000.0,6.7,B
2021-07-16T10:18:08,700.0,6.69,B
2021-07-16T10:17:54,1300.0,6.69,B
2021-07-16T10:17:40,1500.0,6.67,B
2021-07-16T10:16:21,300.0,6.65,B
2021-07-16T10:16:11,1800.0,6.6,S
2021-07-16T10:15:44,900.0,6.6,B
2021-07-16T10:15:39,100.0,6.6,B
2021-07-16T10:15:24,2000.0,6.6,B
2021-07-16T10:15:22,10000.0,6.6,B
2021-07-16T10:15:22,10000.0,6.6,B
2021-07-16T10:15:18,100.0,6.6,B
2021-07-16T10:15:16,2000.0,6.6,B
2021-07-16T10:15:06,100.0,6.6,B
2021-07-16T10:15:04,15000.0,6.6,B
2021-07-16T10:14:41,400.0,6.6,B
2021-07-16T10:14:26,1600.0,6.6,B
2021-07-16T10:14:24,100.0,6.6,B
2021-07-16T10:14:20,500.0,6.6,B
2021-07-16T10:14:13,1000.0,6.6,B
2021-07-16T10:14:05,300.0,6.6,B
2021-07-16T10:13:49,2700.0,6.6,B
2021-07-16T10:13:22,100.0,6.6,B
2021-07-16T10:13:17,10000.0,6.6,B
2021-07-16T10:13:09,1000.0,6.58,B
2021-07-16T10:13:07,3000.0,6.58,B
2021-07-16T10:13:02,2000.0,6.58,B
2021-07-16T10:12:57,1000.0,6.58,B
2021-07-16T10:12:54,2000.0,6.58,B
2021-07-16T10:12:24,100.0,6.58,B
2021-07-16T10:12:21,2000.0,6.6,B
2021-07-16T10:11:51,100.0,6.57,S
2021-07-16T10:10:42,1000.0,6.57,B
2021-07-16T10:09:20,200.0,6.56,B
2021-07-16T10:07:16,500.0,6.56,B
2021-07-16T10:04:32,200.0,6.33,S
2021-07-16T10:02:43,3700.0,6.31,S
2021-07-16T10:02:43,100.0,6.35,S
2021-07-16T10:02:26,81800.0,6.6,S
2021-07-16T10:02:05,100.0,6.6,S
2021-07-16T10:01:59,1000.0,6.6,S
2021-07-16T10:01:43,100.0,6.6,S
2021-07-16T10:01:27,7000.0,6.6,S
2021-07-16T10:01:24,20000.0,6.6,S
2021-07-16T10:00:55,10000.0,6.6,S
2021-07-16T10:00:03,300.0,6.69,B
2021-07-16T09:59:27,200.0,6.69,B
2021-07-16T09:59:10,100.0,6.7,B
2021-07-16T09:58:56,1700.0,6.6,S
2021-07-16T09:58:52,200.0,6.6,S
2021-07-16T09:58:44,10000.0,6.6,S
2021-07-16T09:58:31,1000.0,6.6,B
2021-07-16T09:58:31,5200.0,6.6,B
2021-07-16T09:58:31,1800.0,6.6,B
2021-07-16T09:58:31,10800.0,6.6,B
2021-07-16T09:58:31,5000.0,6.5,B
2021-07-16T09:58:30,9000.0,6.45,B
2021-07-16T09:58:30,6700.0,6.45,B
2021-07-16T09:58:30,15000.0,6.4,B
2021-07-16T09:58:30,1000.0,6.4,B
2021-07-16T09:58:30,2200.0,6.4,B
2021-07-16T09:58:30,100.0,6.4,B
2021-07-16T09:58:30,9800.0,6.4,B
2021-07-16T09:58:30,4000.0,6.37,B
2021-07-16T09:58:30,7700.0,6.37,B
2021-07-16T09:57:30,200.0,6.37,B
2021-07-16T09:55:51,100.0,6.37,B
2021-07-16T09:55:34,500.0,6.35,B
2021-07-16T09:55:18,400.0,6.35,B
2021-07-16T09:52:46,100.0,6.35,B
2021-07-16T09:51:57,2000.0,6.3,S
2021-07-16T09:51:42,5000.0,6.36,B
2021-07-16T09:51:33,100.0,6.36,B
2021-07-16T09:50:13,200.0,6.36,B
2021-07-16T09:49:40,5000.0,6.25,B
2021-07-16T09:49:34,2000.0,6.25,S
2021-07-16T09:49:34,2000.0,6.25,S
2021-07-16T09:49:32,12500.0,6.25,S
2021-07-16T09:49:21,2000.0,6.25,S
2021-07-16T09:49:21,100.0,6.25,S
2021-07-16T09:49:21,13400.0,6.25,S
2021-07-16T09:49:21,14500.0,6.26,S
2021-07-16T09:48:09,7500.0,6.25,S
2021-07-16T09:48:04,8700.0,6.3,B
2021-07-16T09:47:40,1300.0,6.3,S
2021-07-16T09:47:38,500.0,6.3,S
2021-07-16T09:47:34,100.0,6.3,S
2021-07-16T09:47:30,20000.0,6.3,S
2021-07-16T09:47:22,40200.0,6.3,S
2021-07-16T09:47:22,8400.0,6.31,S
2021-07-16T09:47:01,4000.0,6.31,S
2021-07-16T09:45:33,900.0,6.3,S
2021-07-16T09:45:33,3100.0,6.3,S
2021-07-16T09:45:33,1200.0,6.3,S
2021-07-16T09:45:33,400.0,6.3,S
2021-07-16T09:45:33,6300.0,6.3,S
2021-07-16T09:45:33,14200.0,6.3,S
2021-07-16T09:45:05,30700.0,6.31,S
2021-07-16T09:45:05,14600.0,6.31,S
2021-07-16T09:45:05,20000.0,6.32,S
2021-07-16T09:45:05,14700.0,6.32,S
2021-07-16T09:44:44,14600.0,6.33,S
2021-07-16T09:44:44,100.0,6.33,S
2021-07-16T09:44:44,8300.0,6.33,S
2021-07-16T09:43:03,10000.0,6.35,S
2021-07-16T09:40:51,200.0,6.39,S
2021-07-16T09:40:18,1000.0,6.4,B
2021-07-16T09:40:14,200.0,6.39,S
2021-07-16T09:39:59,800.0,6.39,S
2021-07-16T09:39:45,4500.0,6.39,B
2021-07-16T09:39:45,5500.0,6.39,B
2021-07-16T09:38:45,500.0,6.39,B
2021-07-16T09:37:25,2000.0,6.33,S
2021-07-16T09:37:25,8000.0,6.33,S
2021-07-16T09:37:21,2000.0,6.33,S
2021-07-16T09:37:20,10000.0,6.33,S
2021-07-16T09:35:58,200.0,6.33,S
2021-07-16T09:35:57,1000.0,6.33,S
2021-07-16T09:35:27,1000.0,6.33,S
2021-07-16T09:35:01,6000.0,6.33,S
2021-07-16T09:34:27,1000.0,6.39,B
2021-07-16T09:34:19,2000.0,6.39,B
2021-07-16T09:34:19,400.0,6.39,B
2021-07-16T09:34:17,1000.0,6.39,B
2021-07-16T09:33:49,1000.0,6.39,B
2021-07-16T09:33:42,300.0,6.4,B
2021-07-16T09:33:42,700.0,6.33,S
2021-07-16T09:33:29,100.0,6.33,B
2021-07-16T09:33:27,600.0,6.33,S
2021-07-16T09:33:27,600.0,6.39,S
2021-07-16T09:33:11,4000.0,6.4,B
2021-07-16T09:33:11,11000.0,6.4,B
2021-07-16T09:32:00,100.0,6.4,B
2021-07-16T09:31:29,4500.0,6.31,S
2021-07-16T09:31:29,500.0,6.31,S
2021-07-16T09:31:18,3000.0,6.31,S
2021-07-16T09:31:14,800.0,6.33,S
2021-07-16T09:30:34,1000.0,6.33,S
2021-07-16T09:30:06,6100.0,6.33,S
2021-07-16T09:30:06,900.0,6.34,S
2021-07-16T09:30:03,1000.0,6.34,S
2021-07-16T09:29:01,10000.0,6.33,S
2021-07-16T09:28:34,5600.0,6.33,S
2021-07-16T09:28:20,100.0,6.33,S
2021-07-16T09:28:20,1000.0,6.35,S
2021-07-16T09:27:34,5000.0,6.33,S
2021-07-16T09:27:07,300.0,6.45,S
2021-07-16T09:26:35,300.0,6.5,B
2021-07-16T09:26:33,1000.0,6.45,S
2021-07-16T09:26:16,2500.0,6.5,S
2021-07-16T09:26:05,2100.0,6.5,B
2021-07-16T09:25:21,5700.0,6.45,B
2021-07-16T09:25:00,4400.0,6.4,S
2021-07-16T09:24:48,11000.0,6.4,S
2021-07-16T09:24:45,4000.0,6.45,B
2021-07-16T09:24:22,1000.0,6.45,B
2021-07-16T09:24:10,4200.0,6.4,B
2021-07-16T09:23:56,2200.0,6.4,B
2021-07-16T09:23:50,4000.0,6.31,S
2021-07-16T09:23:18,200.0,6.3,S
2021-07-16T09:23:18,4100.0,6.3,S
2021-07-16T09:23:18,700.0,6.3,S
2021-07-16T09:23:18,1000.0,6.3,S
2021-07-16T09:23:01,3000.0,6.3,S
2021-07-16T09:23:00,7000.0,6.4,B
2021-07-16T09:22:42,900.0,6.4,B
2021-07-16T09:22:21,5000.0,6.3,S
2021-07-16T09:22:13,5000.0,6.39,S
2021-07-16T09:22:13,4500.0,6.3,S
2021-07-16T09:22:13,500.0,6.33,S
2021-07-16T09:21:51,5000.0,6.3,S
2021-07-16T09:21:34,1900.0,6.3,S
2021-07-16T09:21:34,1100.0,6.31,S
2021-07-16T09:21:27,5000.0,6.35,S
2021-07-16T09:21:19,1000.0,6.4,B
2021-07-16T09:21:16,500.0,6.4,B
2021-07-16T09:20:53,700.0,6.4,S
2021-07-16T09:20:34,900.0,6.5,S
2021-07-16T09:20:16,200.0,6.5,S
2021-07-16T09:19:49,500.0,6.52,B
2021-07-16T09:19:37,4300.0,6.52,S
2021-07-16T09:19:30,100.0,6.52,S
2021-07-16T09:19:30,1000.0,6.52,B
2021-07-16T09:18:42,3900.0,6.52,S
2021-07-16T09:18:36,1100.0,6.52,S
2021-07-16T09:18:30,1800.0,6.5,S
2021-07-16T09:18:24,1000.0,6.52,B
2021-07-16T09:18:21,100.0,6.5,S
2021-07-16T09:17:27,100.0,6.52,B
2021-07-16T09:17:25,300.0,6.52,B
2021-07-16T09:17:20,100.0,6.5,B
2021-07-16T09:17:14,400.0,6.5,S
2021-07-16T09:17:10,500.0,6.52,B
2021-07-16T09:16:15,2500.0,6.52,S
2021-07-16T09:15:14,3000.0,6.52,S
