tradingTime,volume,price,side
2021-07-16T14:29:49,200.0,16.9,B
2021-07-16T14:29:34,13000.0,16.8,S
2021-07-16T14:29:08,1000.0,16.9,B
2021-07-16T14:28:43,1000.0,16.8,S
2021-07-16T14:28:34,3000.0,16.8,S
2021-07-16T14:27:42,300.0,16.8,S
2021-07-16T14:27:40,300.0,16.9,B
2021-07-16T14:27:19,1800.0,16.9,B
2021-07-16T14:27:12,100.0,16.9,S
2021-07-16T14:26:59,1000.0,16.9,S
2021-07-16T14:26:48,500.0,16.9,S
2021-07-16T14:26:28,500.0,16.9,S
2021-07-16T14:26:06,300.0,16.9,S
2021-07-16T14:25:04,2000.0,16.9,S
2021-07-16T14:23:51,600.0,17.0,B
2021-07-16T14:22:53,1000.0,16.9,S
2021-07-16T14:22:03,2000.0,16.9,S
2021-07-16T14:21:29,1000.0,16.9,S
2021-07-16T14:21:20,200.0,16.9,S
2021-07-16T14:18:17,1000.0,16.9,S
2021-07-16T14:16:59,300.0,16.9,S
2021-07-16T14:13:24,1000.0,17.0,B
2021-07-16T14:13:05,1000.0,17.0,B
2021-07-16T14:12:44,1000.0,17.0,B
2021-07-16T14:11:51,500.0,17.0,B
2021-07-16T14:11:45,200.0,16.9,S
2021-07-16T14:11:05,200.0,16.9,S
2021-07-16T14:10:32,200.0,16.9,B
2021-07-16T14:08:57,100.0,16.8,S
2021-07-16T14:08:42,500.0,16.8,S
2021-07-16T14:08:25,100.0,16.8,B
2021-07-16T14:07:58,100.0,16.8,B
2021-07-16T14:07:36,1000.0,16.8,S
2021-07-16T14:07:29,100.0,16.8,S
2021-07-16T14:07:18,2000.0,16.8,S
2021-07-16T14:07:05,5000.0,16.8,S
2021-07-16T14:06:43,1400.0,16.9,S
2021-07-16T14:06:38,5000.0,16.9,S
2021-07-16T14:06:31,1000.0,16.9,S
2021-07-16T14:06:19,2800.0,16.9,S
2021-07-16T14:06:10,1000.0,17.0,B
2021-07-16T14:06:08,1500.0,16.9,S
2021-07-16T14:05:54,1000.0,16.9,S
2021-07-16T14:05:44,200.0,17.0,B
2021-07-16T14:04:04,6500.0,17.0,S
2021-07-16T14:03:23,1000.0,17.0,S
2021-07-16T14:03:07,10000.0,17.0,S
2021-07-16T14:02:57,700.0,17.1,S
2021-07-16T14:02:47,100.0,17.1,S
2021-07-16T14:01:29,200.0,17.1,B
2021-07-16T14:01:09,1900.0,17.1,B
2021-07-16T14:00:49,500.0,17.1,B
2021-07-16T14:00:09,600.0,17.1,B
2021-07-16T13:59:44,1000.0,17.0,S
2021-07-16T13:59:21,3000.0,17.1,B
2021-07-16T13:58:11,500.0,17.1,B
2021-07-16T13:58:05,200.0,17.1,B
2021-07-16T13:58:01,200.0,17.1,B
2021-07-16T13:57:57,900.0,17.1,S
2021-07-16T13:57:17,200.0,17.2,B
2021-07-16T13:57:02,100.0,17.3,B
2021-07-16T13:56:52,400.0,17.3,B
2021-07-16T13:56:48,500.0,17.3,B
2021-07-16T13:56:29,1000.0,17.3,B
2021-07-16T13:56:22,200.0,17.3,B
2021-07-16T13:56:19,200.0,17.3,B
2021-07-16T13:56:16,700.0,17.3,B
2021-07-16T13:56:09,100.0,17.3,B
2021-07-16T13:55:55,800.0,17.3,B
2021-07-16T13:55:34,500.0,17.1,B
2021-07-16T13:55:31,100.0,17.1,B
2021-07-16T13:55:12,700.0,17.1,B
2021-07-16T13:55:07,100.0,17.1,B
2021-07-16T13:55:01,900.0,17.0,B
2021-07-16T13:54:58,1000.0,17.0,B
2021-07-16T13:54:54,1500.0,17.0,B
2021-07-16T13:54:49,200.0,17.0,B
2021-07-16T13:54:48,1000.0,17.0,B
2021-07-16T13:54:45,100.0,17.0,B
2021-07-16T13:54:41,700.0,17.0,B
2021-07-16T13:54:32,700.0,17.0,B
2021-07-16T13:54:24,1000.0,16.9,S
2021-07-16T13:54:23,20000.0,17.0,B
2021-07-16T13:53:53,200.0,16.9,B
2021-07-16T13:53:53,300.0,16.9,B
2021-07-16T13:53:51,2000.0,16.9,B
2021-07-16T13:53:42,2000.0,16.9,B
2021-07-16T13:53:35,10000.0,16.9,B
2021-07-16T13:53:10,1500.0,16.9,B
2021-07-16T13:53:04,5000.0,16.9,B
2021-07-16T13:52:05,100.0,16.9,B
2021-07-16T13:51:24,300.0,16.8,B
2021-07-16T13:51:09,1700.0,16.8,S
2021-07-16T13:51:08,300.0,16.8,S
2021-07-16T13:50:57,500.0,16.8,S
2021-07-16T13:50:51,1000.0,16.8,S
2021-07-16T13:50:47,1000.0,16.8,S
2021-07-16T13:50:29,200.0,16.8,S
2021-07-16T13:49:54,7700.0,16.8,S
2021-07-16T13:49:02,100.0,16.7,S
2021-07-16T13:48:37,100.0,16.7,S
2021-07-16T13:48:02,1000.0,16.7,S
2021-07-16T13:47:35,1000.0,16.7,S
2021-07-16T13:47:25,100.0,16.7,S
2021-07-16T13:47:13,700.0,16.7,B
2021-07-16T13:47:12,1000.0,16.7,B
2021-07-16T13:46:16,5000.0,16.7,B
2021-07-16T13:45:56,500.0,16.6,S
2021-07-16T13:45:43,10500.0,16.7,B
2021-07-16T13:44:07,100.0,16.7,B
2021-07-16T13:43:52,100.0,16.7,B
2021-07-16T13:42:44,200.0,16.7,B
2021-07-16T13:42:28,1500.0,16.6,S
2021-07-16T13:41:45,100.0,16.6,B
2021-07-16T13:41:34,1000.0,16.6,B
2021-07-16T13:41:17,20000.0,16.6,B
2021-07-16T13:40:41,300.0,16.6,B
2021-07-16T13:34:43,100.0,16.5,B
2021-07-16T13:34:28,1000.0,16.5,B
2021-07-16T13:34:12,2000.0,16.5,B
2021-07-16T13:33:52,1000.0,16.5,B
2021-07-16T13:32:31,900.0,16.5,B
2021-07-16T13:31:31,5000.0,16.5,S
2021-07-16T13:30:05,2600.0,16.5,S
2021-07-16T13:26:08,4900.0,16.6,B
2021-07-16T13:20:21,500.0,16.5,S
2021-07-16T13:17:19,100.0,16.5,S
2021-07-16T13:16:21,100.0,16.5,S
2021-07-16T13:16:02,500.0,16.5,B
2021-07-16T13:15:29,900.0,16.5,B
2021-07-16T13:14:43,2600.0,16.6,B
2021-07-16T13:13:00,2400.0,16.5,B
2021-07-16T13:08:02,600.0,16.5,S
2021-07-16T13:06:59,300.0,16.5,S
2021-07-16T13:05:22,2000.0,16.5,S
2021-07-16T13:04:51,100.0,16.5,S
2021-07-16T13:04:31,5000.0,16.5,S
2021-07-16T11:29:51,200.0,16.5,S
2021-07-16T11:29:49,2000.0,16.5,S
2021-07-16T11:29:09,300.0,16.5,S
2021-07-16T11:22:13,900.0,16.5,S
2021-07-16T11:20:35,400.0,16.5,S
2021-07-16T11:15:23,500.0,16.5,S
2021-07-16T11:11:59,100.0,16.5,S
2021-07-16T11:09:41,100.0,16.5,B
2021-07-16T11:08:16,10000.0,16.5,B
2021-07-16T11:07:15,5000.0,16.5,B
2021-07-16T11:06:13,500.0,16.5,B
2021-07-16T11:04:15,600.0,16.4,S
2021-07-16T11:02:10,6000.0,16.5,B
2021-07-16T11:00:37,200.0,16.5,S
2021-07-16T10:56:49,500.0,16.5,S
2021-07-16T10:55:41,400.0,16.6,S
2021-07-16T10:55:37,1000.0,16.6,S
2021-07-16T10:55:34,1000.0,16.6,S
2021-07-16T10:55:24,200.0,16.6,S
2021-07-16T10:55:18,500.0,16.6,S
2021-07-16T10:54:12,200.0,16.6,S
2021-07-16T10:53:06,1900.0,16.6,B
2021-07-16T10:53:04,500.0,16.6,B
2021-07-16T10:52:02,1000.0,16.6,B
2021-07-16T10:51:46,1900.0,16.6,B
2021-07-16T10:51:06,30000.0,16.6,S
2021-07-16T10:50:32,1000.0,16.6,S
2021-07-16T10:49:30,10000.0,16.6,B
2021-07-16T10:46:19,10000.0,16.6,B
2021-07-16T10:45:16,10000.0,16.6,B
2021-07-16T10:44:43,100.0,16.5,S
2021-07-16T10:43:36,100.0,16.5,S
2021-07-16T10:42:26,100.0,16.6,B
2021-07-16T10:40:40,200.0,16.5,B
2021-07-16T10:36:17,1300.0,16.5,B
2021-07-16T10:34:15,5000.0,16.5,B
2021-07-16T10:33:57,5000.0,16.5,B
2021-07-16T10:33:39,1000.0,16.5,B
2021-07-16T10:31:01,500.0,16.5,B
2021-07-16T10:30:56,500.0,16.5,B
2021-07-16T10:30:30,5000.0,16.5,B
2021-07-16T10:30:00,600.0,16.5,B
2021-07-16T10:27:19,4600.0,16.5,B
2021-07-16T10:25:22,300.0,16.5,B
2021-07-16T10:18:52,10000.0,16.5,B
2021-07-16T10:17:15,500.0,16.4,S
2021-07-16T10:15:50,10000.0,16.4,S
2021-07-16T10:14:50,500.0,16.5,B
2021-07-16T10:11:07,5000.0,16.5,B
2021-07-16T10:10:58,5000.0,16.5,B
2021-07-16T10:07:09,1000.0,16.4,S
2021-07-16T10:05:04,1000.0,16.4,S
2021-07-16T10:04:51,500.0,16.4,S
2021-07-16T10:01:12,500.0,16.5,S
2021-07-16T10:00:55,100.0,16.5,S
2021-07-16T10:00:05,200.0,16.5,S
2021-07-16T09:59:46,1900.0,16.5,S
2021-07-16T09:59:21,5000.0,16.5,S
2021-07-16T09:59:17,1000.0,16.5,S
2021-07-16T09:58:14,1000.0,16.5,S
2021-07-16T09:57:56,1000.0,16.5,S
2021-07-16T09:56:00,300.0,16.5,S
2021-07-16T09:55:38,1500.0,16.5,B
2021-07-16T09:54:44,1000.0,16.5,B
2021-07-16T09:51:32,2000.0,16.5,B
2021-07-16T09:50:55,1000.0,16.5,B
2021-07-16T09:50:03,100.0,16.5,B
2021-07-16T09:48:44,4600.0,16.5,B
2021-07-16T09:47:49,2000.0,16.5,S
2021-07-16T09:47:12,500.0,16.5,S
2021-07-16T09:47:01,3000.0,16.5,S
2021-07-16T09:46:40,200.0,16.5,S
2021-07-16T09:42:46,100.0,16.6,B
2021-07-16T09:42:13,800.0,16.5,S
2021-07-16T09:40:57,1000.0,16.5,S
2021-07-16T09:40:21,300.0,16.5,S
2021-07-16T09:39:42,500.0,16.5,S
2021-07-16T09:37:04,1000.0,16.5,S
2021-07-16T09:35:57,1000.0,16.5,S
2021-07-16T09:35:42,100.0,16.5,S
2021-07-16T09:35:05,300.0,16.5,S
2021-07-16T09:34:44,300.0,16.6,B
2021-07-16T09:33:28,100.0,16.6,S
2021-07-16T09:32:29,300.0,16.6,B
2021-07-16T09:32:20,100.0,16.6,B
2021-07-16T09:30:42,500.0,16.6,B
2021-07-16T09:30:40,100.0,16.6,S
2021-07-16T09:29:10,1600.0,16.6,B
2021-07-16T09:27:48,1000.0,16.5,B
2021-07-16T09:24:29,100.0,16.4,B
2021-07-16T09:22:47,100.0,16.3,S
2021-07-16T09:19:54,2000.0,16.2,S
2021-07-16T09:19:16,700.0,16.4,S
2021-07-16T09:18:43,300.0,16.5,S
2021-07-16T09:18:09,1100.0,16.6,S
2021-07-16T09:17:31,5000.0,16.6,S
2021-07-16T09:16:13,500.0,16.7,B
2021-07-16T09:14:32,400.0,16.7,B
2021-07-16T09:14:24,1200.0,16.6,S
2021-07-16T09:12:19,100.0,16.6,S
2021-07-16T09:12:14,200.0,16.7,B
2021-07-16T09:11:54,200.0,16.7,S
2021-07-16T09:11:53,4100.0,16.5,S
2021-07-16T09:11:33,4000.0,16.5,S
2021-07-16T09:03:07,1000.0,16.5,S
2021-07-16T09:02:05,100.0,16.5,S
