tradingTime,volume,price,side
2021-07-16T14:50:00,200.0,29.3,B
2021-07-16T14:49:36,1200.0,29.2,B
2021-07-16T14:48:31,200.0,29.2,B
2021-07-16T14:47:55,800.0,29.2,S
2021-07-16T14:47:31,200.0,29.2,S
2021-07-16T14:47:21,1000.0,29.3,B
2021-07-16T14:46:01,300.0,29.2,S
2021-07-16T14:41:21,100.0,29.3,B
2021-07-16T14:37:26,1000.0,29.2,S
2021-07-16T14:36:16,1000.0,29.2,S
2021-07-16T14:30:21,400.0,29.2,S
2021-07-16T14:30:21,100.0,29.2,S
2021-07-16T14:29:23,200.0,29.2,B
2021-07-16T14:27:19,100.0,29.2,B
2021-07-16T14:24:36,700.0,29.2,S
2021-07-16T14:24:21,100.0,29.2,S
2021-07-16T14:23:03,200.0,29.2,S
2021-07-16T14:22:36,3400.0,29.2,B
2021-07-16T14:19:57,1000.0,29.2,B
2021-07-16T14:18:17,400.0,29.2,B
2021-07-16T14:15:39,400.0,29.0,S
2021-07-16T14:15:31,200.0,29.1,B
2021-07-16T14:11:42,500.0,29.0,S
2021-07-16T14:11:27,100.0,29.0,S
2021-07-16T14:11:26,100.0,29.1,B
2021-07-16T14:11:22,200.0,29.0,S
2021-07-16T14:09:32,100.0,29.1,B
2021-07-16T14:09:17,300.0,29.1,S
2021-07-16T14:08:58,400.0,29.1,S
2021-07-16T14:08:34,500.0,29.1,S
2021-07-16T14:08:24,3000.0,29.1,S
2021-07-16T14:08:21,100.0,29.1,S
2021-07-16T14:08:06,400.0,29.2,B
2021-07-16T14:07:54,4000.0,29.2,S
2021-07-16T14:07:52,700.0,29.3,B
2021-07-16T14:07:39,10000.0,29.2,S
2021-07-16T14:07:01,200.0,29.2,S
2021-07-16T14:04:47,800.0,29.2,S
2021-07-16T14:03:50,100.0,29.3,B
2021-07-16T14:03:31,100.0,29.3,B
2021-07-16T14:02:29,1000.0,29.3,S
2021-07-16T14:02:15,1000.0,29.3,S
2021-07-16T14:02:09,200.0,29.3,S
2021-07-16T14:01:41,100.0,29.3,B
2021-07-16T14:01:21,800.0,29.3,S
2021-07-16T14:01:00,200.0,29.3,S
2021-07-16T13:57:49,2000.0,29.3,B
2021-07-16T13:57:24,200.0,29.3,B
2021-07-16T13:56:58,1000.0,29.3,B
2021-07-16T13:56:55,100.0,29.3,B
2021-07-16T13:55:30,500.0,29.3,B
2021-07-16T13:54:06,200.0,29.3,B
2021-07-16T13:52:45,100.0,29.3,B
2021-07-16T13:50:23,300.0,29.3,B
2021-07-16T13:50:00,200.0,29.3,B
2021-07-16T13:49:50,100.0,29.3,B
2021-07-16T13:49:39,3000.0,29.3,B
2021-07-16T13:49:31,2000.0,29.3,B
2021-07-16T13:48:58,4500.0,29.3,B
2021-07-16T13:48:51,3000.0,29.3,B
2021-07-16T13:47:26,500.0,29.3,B
2021-07-16T13:47:23,100.0,29.3,B
2021-07-16T13:47:17,3400.0,29.3,B
2021-07-16T13:47:10,800.0,29.3,B
2021-07-16T13:46:22,200.0,29.3,B
2021-07-16T13:43:35,300.0,29.2,S
2021-07-16T13:43:17,700.0,29.2,S
2021-07-16T13:41:22,100.0,29.2,S
2021-07-16T13:40:42,500.0,29.2,S
2021-07-16T13:40:39,200.0,29.2,B
2021-07-16T13:39:21,3000.0,29.2,B
2021-07-16T13:38:33,100.0,29.1,S
2021-07-16T13:37:20,300.0,29.1,B
2021-07-16T13:36:37,100.0,29.1,B
2021-07-16T13:35:45,200.0,29.1,B
2021-07-16T13:34:29,1600.0,29.1,S
2021-07-16T13:32:06,100.0,29.1,S
2021-07-16T13:28:20,700.0,29.2,B
2021-07-16T13:27:06,200.0,29.2,S
2021-07-16T13:27:06,500.0,29.2,S
2021-07-16T13:26:52,300.0,29.2,S
2021-07-16T13:26:46,100.0,29.2,S
2021-07-16T13:26:22,100.0,29.2,S
2021-07-16T13:26:01,200.0,29.3,B
2021-07-16T13:22:56,500.0,29.3,B
2021-07-16T13:22:47,2000.0,29.2,S
2021-07-16T13:21:59,100.0,29.2,S
2021-07-16T13:21:11,200.0,29.3,B
2021-07-16T13:21:09,2000.0,29.2,S
2021-07-16T13:20:20,100.0,29.2,S
2021-07-16T13:18:46,100.0,29.3,B
2021-07-16T13:18:33,2000.0,29.3,B
2021-07-16T13:18:26,1000.0,29.3,B
2021-07-16T13:18:24,700.0,29.3,B
2021-07-16T13:17:59,100.0,29.3,B
2021-07-16T13:17:26,100.0,29.2,B
2021-07-16T13:16:12,1000.0,29.3,B
2021-07-16T13:16:09,500.0,29.3,B
2021-07-16T13:15:49,200.0,29.3,B
2021-07-16T13:15:23,200.0,29.2,B
2021-07-16T13:14:59,5600.0,29.0,B
2021-07-16T13:14:10,300.0,28.9,S
2021-07-16T13:13:59,500.0,28.9,S
2021-07-16T13:13:56,1000.0,28.9,B
2021-07-16T13:13:37,500.0,28.9,B
2021-07-16T13:12:57,1000.0,28.8,S
2021-07-16T13:12:51,800.0,28.8,B
2021-07-16T13:12:43,300.0,28.8,B
2021-07-16T13:12:33,500.0,28.8,B
2021-07-16T13:12:26,500.0,28.8,B
2021-07-16T13:12:24,500.0,28.8,B
2021-07-16T13:12:23,1000.0,28.8,B
2021-07-16T13:11:59,10200.0,28.8,B
2021-07-16T13:11:36,1000.0,29.0,B
2021-07-16T13:11:28,1000.0,29.0,B
2021-07-16T13:11:08,100.0,29.0,B
2021-07-16T13:10:46,100.0,29.0,B
2021-07-16T13:10:45,200.0,29.0,B
2021-07-16T13:10:30,1000.0,29.0,B
2021-07-16T13:09:13,200.0,29.0,B
2021-07-16T13:09:04,5100.0,29.0,B
2021-07-16T13:08:32,4200.0,29.1,B
2021-07-16T13:07:58,200.0,29.4,B
2021-07-16T13:06:32,300.0,29.4,B
2021-07-16T13:05:50,100.0,29.5,B
2021-07-16T13:05:43,10000.0,29.1,S
2021-07-16T13:05:17,100.0,29.4,S
2021-07-16T13:04:49,600.0,29.4,B
2021-07-16T13:04:16,2000.0,29.4,B
2021-07-16T13:03:28,100.0,29.4,B
2021-07-16T11:30:03,5300.0,29.0,B
2021-07-16T11:29:58,3000.0,29.0,B
2021-07-16T11:29:58,5600.0,29.0,B
2021-07-16T11:29:55,3000.0,29.0,B
2021-07-16T11:29:53,500.0,29.0,B
2021-07-16T11:29:50,1000.0,29.0,B
2021-07-16T11:29:44,1000.0,29.0,B
2021-07-16T11:29:35,2000.0,29.0,B
2021-07-16T11:28:45,400.0,29.0,B
2021-07-16T11:27:56,3000.0,29.0,B
2021-07-16T11:27:35,19800.0,28.9,B
2021-07-16T11:26:58,200.0,28.7,S
2021-07-16T11:26:45,100.0,28.7,S
2021-07-16T11:25:33,2700.0,28.7,S
2021-07-16T11:24:44,800.0,28.7,S
2021-07-16T11:24:28,200.0,28.7,B
2021-07-16T11:21:53,100.0,28.7,S
2021-07-16T11:18:35,500.0,28.7,S
2021-07-16T11:18:24,400.0,28.7,B
2021-07-16T11:18:19,3000.0,28.7,B
2021-07-16T11:16:42,5000.0,28.7,B
2021-07-16T11:14:56,100.0,28.7,B
2021-07-16T11:14:27,7500.0,28.7,S
2021-07-16T11:13:44,100.0,28.7,S
2021-07-16T11:09:37,500.0,28.8,S
2021-07-16T11:07:51,400.0,28.8,S
2021-07-16T11:07:40,2800.0,28.8,B
2021-07-16T11:07:33,1000.0,28.8,B
2021-07-16T11:07:28,1000.0,28.8,B
2021-07-16T11:07:08,100.0,28.8,B
2021-07-16T11:07:04,400.0,28.8,B
2021-07-16T11:06:33,1300.0,28.7,B
2021-07-16T11:06:10,800.0,28.6,S
2021-07-16T11:04:13,200.0,28.6,S
2021-07-16T11:03:56,300.0,28.6,S
2021-07-16T11:02:45,100.0,28.7,B
2021-07-16T11:02:29,1000.0,28.7,S
2021-07-16T11:01:13,200.0,28.8,B
2021-07-16T11:01:08,1000.0,28.8,B
2021-07-16T11:00:57,100.0,28.8,B
2021-07-16T11:00:01,700.0,28.8,B
2021-07-16T10:59:38,3000.0,28.8,B
2021-07-16T10:59:32,3000.0,28.8,B
2021-07-16T10:58:59,3000.0,28.8,B
2021-07-16T10:58:02,6300.0,28.8,B
2021-07-16T10:57:22,600.0,28.7,S
2021-07-16T10:57:22,200.0,28.7,S
2021-07-16T10:55:10,100.0,28.7,S
2021-07-16T10:54:25,2000.0,28.8,B
2021-07-16T10:53:43,300.0,28.8,S
2021-07-16T10:53:36,4700.0,28.8,S
2021-07-16T10:53:33,2000.0,28.8,B
2021-07-16T10:51:07,300.0,28.8,B
2021-07-16T10:50:16,300.0,28.7,S
2021-07-16T10:48:40,5000.0,28.7,S
2021-07-16T10:46:46,800.0,28.7,B
2021-07-16T10:46:33,300.0,28.7,B
2021-07-16T10:45:30,500.0,28.7,B
2021-07-16T10:44:27,100.0,28.7,B
2021-07-16T10:43:33,1400.0,28.7,S
2021-07-16T10:41:14,100.0,28.8,B
2021-07-16T10:41:03,1500.0,28.8,B
2021-07-16T10:36:47,6200.0,28.8,S
2021-07-16T10:36:34,16100.0,28.8,B
2021-07-16T10:33:59,100.0,28.7,S
2021-07-16T10:32:42,200.0,28.7,S
2021-07-16T10:31:43,2000.0,28.7,S
2021-07-16T10:28:02,100.0,28.8,B
2021-07-16T10:27:34,100.0,28.8,B
2021-07-16T10:27:06,100.0,28.8,B
2021-07-16T10:27:01,200.0,28.7,S
2021-07-16T10:26:16,100.0,28.7,S
2021-07-16T10:25:44,100.0,28.7,S
2021-07-16T10:25:12,200.0,28.7,S
2021-07-16T10:25:03,100.0,28.7,S
2021-07-16T10:24:43,100.0,28.7,S
2021-07-16T10:24:14,200.0,28.7,S
2021-07-16T10:23:40,100.0,28.7,S
2021-07-16T10:22:44,100.0,28.7,S
2021-07-16T10:22:18,3300.0,28.7,B
2021-07-16T10:21:48,400.0,28.7,B
2021-07-16T10:19:23,100.0,28.7,B
2021-07-16T10:14:56,400.0,28.7,B
2021-07-16T10:14:35,500.0,28.7,B
2021-07-16T10:09:00,100.0,28.6,S
2021-07-16T10:08:29,200.0,28.6,S
2021-07-16T10:08:06,100.0,28.7,B
2021-07-16T10:05:28,100.0,28.7,B
2021-07-16T10:05:10,300.0,28.6,S
2021-07-16T10:02:05,100.0,28.6,S
2021-07-16T10:00:23,600.0,28.6,B
2021-07-16T10:00:22,100.0,28.6,B
2021-07-16T09:59:44,100.0,28.6,B
2021-07-16T09:59:24,100.0,28.6,S
2021-07-16T09:59:20,100.0,28.7,B
2021-07-16T09:58:51,1000.0,28.6,S
2021-07-16T09:58:30,1000.0,28.6,S
2021-07-16T09:57:04,500.0,28.6,S
2021-07-16T09:56:34,200.0,28.7,S
2021-07-16T09:56:33,600.0,28.7,S
2021-07-16T09:54:09,400.0,28.7,B
2021-07-16T09:53:27,400.0,28.7,S
2021-07-16T09:51:39,200.0,28.7,S
2021-07-16T09:50:31,100.0,28.7,S
2021-07-16T09:49:21,300.0,28.8,B
2021-07-16T09:49:10,100.0,28.6,S
2021-07-16T09:49:09,100.0,28.7,B
2021-07-16T09:47:10,900.0,28.7,B
2021-07-16T09:45:51,1400.0,28.6,B
2021-07-16T09:45:00,1200.0,28.6,B
2021-07-16T09:42:51,1000.0,28.6,B
2021-07-16T09:39:42,1300.0,28.5,B
2021-07-16T09:36:04,2000.0,28.4,S
2021-07-16T09:35:25,100.0,28.4,S
2021-07-16T09:35:21,300.0,28.5,B
2021-07-16T09:34:42,500.0,28.5,B
2021-07-16T09:34:31,400.0,28.5,B
2021-07-16T09:34:29,500.0,28.5,B
2021-07-16T09:32:51,300.0,28.5,B
2021-07-16T09:32:08,100.0,28.5,B
2021-07-16T09:29:43,500.0,28.5,B
2021-07-16T09:28:29,600.0,28.5,B
2021-07-16T09:28:05,100.0,28.5,S
2021-07-16T09:27:13,100.0,28.5,S
2021-07-16T09:27:05,400.0,28.5,B
2021-07-16T09:25:47,500.0,28.5,B
2021-07-16T09:23:46,300.0,28.5,B
2021-07-16T09:22:37,100.0,28.5,B
2021-07-16T09:22:30,1300.0,28.5,S
2021-07-16T09:22:24,1000.0,28.5,S
2021-07-16T09:22:09,100.0,28.5,S
2021-07-16T09:21:57,100.0,28.5,S
2021-07-16T09:21:36,100.0,28.5,S
2021-07-16T09:20:56,100.0,28.6,B
2021-07-16T09:17:05,800.0,28.6,B
2021-07-16T09:16:08,100.0,28.6,B
2021-07-16T09:15:20,100.0,28.6,B
2021-07-16T09:12:50,100.0,28.6,B
2021-07-16T09:11:54,2100.0,28.5,S
2021-07-16T09:11:13,500.0,28.4,S
2021-07-16T09:07:50,700.0,28.4,S
2021-07-16T09:07:32,100.0,28.4,S
2021-07-16T09:06:48,500.0,28.4,S
2021-07-16T09:03:58,100.0,28.4,S
2021-07-16T09:03:24,1000.0,28.4,S
2021-07-16T09:03:24,300.0,28.4,S
2021-07-16T09:03:04,100.0,28.5,B
2021-07-16T09:02:56,100.0,28.5,B
2021-07-16T09:02:49,300.0,28.4,S
2021-07-16T09:02:31,2000.0,28.4,S
2021-07-16T09:01:35,100.0,28.4,S
2021-07-16T09:00:56,100.0,28.4,S
2021-07-16T09:00:26,400.0,28.4,S
