tradingTime,volume,price,side
2021-06-22T14:47:42,2000.0,13.7,S
2021-06-22T14:47:12,22000.0,13.7,S
2021-06-22T14:45:57,5000.0,13.8,B
2021-06-22T14:45:02,1400.0,13.8,B
2021-06-22T14:44:47,4000.0,13.8,B
2021-06-22T14:44:27,300.0,13.8,B
2021-06-22T14:44:22,200.0,13.7,S
2021-06-22T14:43:42,500.0,13.8,B
2021-06-22T14:42:27,400.0,13.8,B
2021-06-22T14:42:22,8000.0,13.8,B
2021-06-22T14:41:52,800.0,13.8,B
2021-06-22T14:41:52,4000.0,13.7,S
2021-06-22T14:41:47,10000.0,13.8,B
2021-06-22T14:41:07,300.0,13.8,B
2021-06-22T14:40:57,5000.0,13.8,B
2021-06-22T14:40:47,1000.0,13.7,S
2021-06-22T14:39:47,300.0,13.8,B
2021-06-22T14:39:22,300.0,13.8,B
2021-06-22T14:37:37,1000.0,13.8,B
2021-06-22T14:37:07,1000.0,13.8,B
2021-06-22T14:35:12,1000.0,13.8,B
2021-06-22T14:33:57,100.0,13.7,S
2021-06-22T14:32:32,1000.0,13.7,S
2021-06-22T14:31:32,5000.0,13.7,S
2021-06-22T14:31:06,3000.0,13.7,S
2021-06-22T14:30:52,2200.0,13.7,S
2021-06-22T14:30:12,20000.0,13.7,S
2021-06-22T14:30:07,500.0,13.7,S
2021-06-22T14:29:35,500.0,13.7,S
2021-06-22T14:29:30,1400.0,13.8,B
2021-06-22T14:29:15,500.0,13.8,B
2021-06-22T14:29:04,55000.0,13.7,S
2021-06-22T14:28:59,1000.0,13.8,B
2021-06-22T14:28:40,500.0,13.8,B
2021-06-22T14:28:34,100.0,13.8,B
2021-06-22T14:28:13,500.0,13.7,S
2021-06-22T14:28:09,2300.0,13.8,B
2021-06-22T14:28:07,300.0,13.8,B
2021-06-22T14:28:01,500.0,13.8,B
2021-06-22T14:27:50,400.0,13.8,B
2021-06-22T14:27:44,100.0,13.8,B
2021-06-22T14:27:31,800.0,13.8,B
2021-06-22T14:27:22,1100.0,13.8,B
2021-06-22T14:26:55,200.0,13.8,B
2021-06-22T14:26:53,200.0,13.8,B
2021-06-22T14:26:29,100.0,13.8,B
2021-06-22T14:25:52,2000.0,13.8,B
2021-06-22T14:25:49,100.0,13.7,S
2021-06-22T14:25:33,300.0,13.8,B
2021-06-22T14:25:27,200.0,13.7,S
2021-06-22T14:25:20,500.0,13.8,B
2021-06-22T14:25:06,1000.0,13.8,B
2021-06-22T14:25:05,10000.0,13.8,B
2021-06-22T14:25:00,7000.0,13.7,S
2021-06-22T14:24:30,5000.0,13.7,S
2021-06-22T14:24:29,18000.0,13.8,B
2021-06-22T14:24:08,600.0,13.8,B
2021-06-22T14:23:59,5000.0,13.7,S
2021-06-22T14:23:31,500.0,13.7,S
2021-06-22T14:23:10,4000.0,13.7,S
2021-06-22T14:23:08,10000.0,13.8,B
2021-06-22T14:23:07,2000.0,13.7,S
2021-06-22T14:22:50,100.0,13.7,S
2021-06-22T14:21:46,1000.0,13.7,S
2021-06-22T14:21:36,2000.0,13.7,S
2021-06-22T14:20:56,5000.0,13.7,S
2021-06-22T14:20:54,500.0,13.7,S
2021-06-22T14:20:46,9700.0,13.7,S
2021-06-22T14:20:42,10000.0,13.7,S
2021-06-22T14:20:32,5000.0,13.7,S
2021-06-22T14:20:25,500.0,13.7,S
2021-06-22T14:20:18,200.0,13.7,S
2021-06-22T14:20:00,500.0,13.7,S
2021-06-22T14:19:49,1000.0,13.7,S
2021-06-22T14:19:43,500.0,13.7,S
2021-06-22T14:19:34,10000.0,13.7,S
2021-06-22T14:19:05,400.0,13.7,S
2021-06-22T14:19:04,6000.0,13.7,S
2021-06-22T14:19:00,2800.0,13.8,B
2021-06-22T14:18:18,800.0,13.7,S
2021-06-22T14:18:07,300.0,13.7,S
2021-06-22T14:18:06,15500.0,13.7,B
2021-06-22T14:17:56,100.0,13.7,B
2021-06-22T14:17:53,5500.0,13.7,S
2021-06-22T14:17:51,5000.0,13.7,S
2021-06-22T14:17:47,5000.0,13.7,S
2021-06-22T14:17:31,10000.0,13.7,S
2021-06-22T14:17:20,700.0,13.8,B
2021-06-22T14:17:06,3000.0,13.7,S
2021-06-22T14:17:02,300.0,13.7,S
2021-06-22T14:16:43,100.0,13.7,S
2021-06-22T14:16:38,300.0,13.7,S
2021-06-22T14:16:28,500.0,13.7,S
2021-06-22T14:16:26,1000.0,13.7,S
2021-06-22T14:16:17,1000.0,13.7,S
2021-06-22T14:15:25,1000.0,13.7,S
2021-06-22T14:15:16,2000.0,13.7,S
2021-06-22T14:15:09,5000.0,13.7,S
2021-06-22T14:14:49,2000.0,13.7,S
2021-06-22T14:14:47,200.0,13.7,S
2021-06-22T14:14:14,2000.0,13.7,S
2021-06-22T14:14:10,1000.0,13.7,S
2021-06-22T14:13:39,10000.0,13.7,S
2021-06-22T14:13:07,200.0,13.7,S
2021-06-22T14:13:02,5600.0,13.7,B
2021-06-22T14:12:59,5000.0,13.7,B
2021-06-22T14:12:33,2400.0,13.7,S
2021-06-22T14:12:27,4600.0,13.7,S
2021-06-22T14:12:13,1000.0,13.7,S
2021-06-22T14:12:04,50000.0,13.8,B
2021-06-22T14:11:35,1000.0,13.7,S
2021-06-22T14:11:19,1000.0,13.7,B
2021-06-22T14:11:07,1000.0,13.7,S
2021-06-22T14:10:53,1000.0,13.7,S
2021-06-22T14:10:32,3100.0,13.7,B
2021-06-22T14:10:21,2000.0,13.7,B
2021-06-22T14:10:08,14300.0,13.7,B
2021-06-22T14:09:47,5000.0,13.7,B
2021-06-22T14:08:43,100.0,13.7,B
2021-06-22T14:08:08,2000.0,13.7,B
2021-06-22T14:07:49,600.0,13.7,B
2021-06-22T14:07:28,1400.0,13.7,S
2021-06-22T14:06:43,3600.0,13.7,B
2021-06-22T14:06:35,1000.0,13.7,B
2021-06-22T14:06:30,5000.0,13.7,B
2021-06-22T14:06:26,200.0,13.7,B
2021-06-22T14:05:55,700.0,13.7,S
2021-06-22T14:05:11,7300.0,13.7,B
2021-06-22T14:04:52,1000.0,13.7,B
2021-06-22T14:04:50,11200.0,13.7,B
2021-06-22T14:04:48,900.0,13.7,B
2021-06-22T14:04:25,8700.0,13.7,B
2021-06-22T14:04:15,200.0,13.7,B
2021-06-22T14:03:44,200.0,13.6,S
2021-06-22T14:02:31,100.0,13.6,S
2021-06-22T14:02:05,5000.0,13.6,S
2021-06-22T14:02:01,100.0,13.6,S
2021-06-22T14:00:37,1000.0,13.6,S
2021-06-22T14:00:33,2000.0,13.6,S
2021-06-22T14:00:11,500.0,13.6,S
2021-06-22T14:00:03,2000.0,13.6,S
2021-06-22T14:00:02,100.0,13.6,S
2021-06-22T13:59:38,30000.0,13.6,S
2021-06-22T13:59:11,100.0,13.6,S
2021-06-22T13:58:50,200.0,13.7,B
2021-06-22T13:58:00,100.0,13.7,B
2021-06-22T13:57:58,1700.0,13.7,B
2021-06-22T13:57:55,3900.0,13.7,S
2021-06-22T13:57:34,2700.0,13.7,S
2021-06-22T13:56:50,300.0,13.7,B
2021-06-22T13:56:42,5000.0,13.7,B
2021-06-22T13:56:30,500.0,13.7,B
2021-06-22T13:56:20,5700.0,13.7,S
2021-06-22T13:56:20,5000.0,13.7,S
2021-06-22T13:56:13,500.0,13.7,S
2021-06-22T13:56:06,5000.0,13.7,S
2021-06-22T13:56:04,300.0,13.7,S
2021-06-22T13:55:54,100.0,13.7,S
2021-06-22T13:55:24,1000.0,13.7,S
2021-06-22T13:55:24,6000.0,13.7,S
2021-06-22T13:55:22,500.0,13.7,S
2021-06-22T13:55:10,200.0,13.7,S
2021-06-22T13:54:37,19900.0,13.7,S
2021-06-22T13:54:24,700.0,13.7,S
2021-06-22T13:53:50,2400.0,13.7,S
2021-06-22T13:53:47,300.0,13.7,S
2021-06-22T13:53:47,1700.0,13.8,B
2021-06-22T13:53:18,300.0,13.7,S
2021-06-22T13:52:25,2000.0,13.7,S
2021-06-22T13:52:22,23000.0,13.8,B
2021-06-22T13:52:19,1000.0,13.7,S
2021-06-22T13:51:38,5000.0,13.7,S
2021-06-22T13:51:21,5000.0,13.7,S
2021-06-22T13:50:45,100.0,13.8,B
2021-06-22T13:49:58,100.0,13.8,B
2021-06-22T13:49:42,1700.0,13.8,B
2021-06-22T13:49:30,10200.0,13.8,B
2021-06-22T13:49:14,1000.0,13.8,B
2021-06-22T13:48:38,1000.0,13.8,B
2021-06-22T13:47:58,12000.0,13.8,B
2021-06-22T13:46:29,2000.0,13.8,B
2021-06-22T13:46:21,500.0,13.8,B
2021-06-22T13:45:55,200.0,13.8,B
2021-06-22T13:45:29,100.0,13.8,B
2021-06-22T13:44:15,200.0,13.8,B
2021-06-22T13:44:04,400.0,13.8,B
2021-06-22T13:43:46,1000.0,13.8,B
2021-06-22T13:43:40,1700.0,13.7,S
2021-06-22T13:43:35,200.0,13.8,B
2021-06-22T13:43:07,1000.0,13.8,B
2021-06-22T13:43:06,100.0,13.8,B
2021-06-22T13:42:56,500.0,13.8,B
2021-06-22T13:42:55,100.0,13.8,B
2021-06-22T13:42:49,100.0,13.8,B
2021-06-22T13:42:37,500.0,13.8,B
2021-06-22T13:41:49,3000.0,13.8,B
2021-06-22T13:41:47,200.0,13.8,B
2021-06-22T13:41:38,2000.0,13.8,B
2021-06-22T13:41:24,5000.0,13.7,S
2021-06-22T13:41:08,2000.0,13.8,B
2021-06-22T13:41:06,4000.0,13.7,S
2021-06-22T13:40:42,500.0,13.7,S
2021-06-22T13:40:29,200.0,13.8,B
2021-06-22T13:40:18,1000.0,13.7,S
2021-06-22T13:39:42,500.0,13.8,B
2021-06-22T13:39:15,200.0,13.8,B
2021-06-22T13:39:10,100.0,13.8,B
2021-06-22T13:37:44,600.0,13.8,B
2021-06-22T13:37:37,1800.0,13.8,B
2021-06-22T13:37:29,10000.0,13.8,B
2021-06-22T13:37:25,400.0,13.7,S
2021-06-22T13:37:06,2000.0,13.8,B
2021-06-22T13:36:51,300.0,13.8,B
2021-06-22T13:36:45,200.0,13.8,B
2021-06-22T13:36:42,100.0,13.8,B
2021-06-22T13:36:36,900.0,13.8,B
2021-06-22T13:36:32,10200.0,13.8,S
2021-06-22T13:36:31,6300.0,13.8,S
2021-06-22T13:36:26,100.0,13.8,S
2021-06-22T13:36:22,1200.0,13.8,S
2021-06-22T13:36:08,500.0,13.9,B
2021-06-22T13:36:05,3000.0,13.8,S
2021-06-22T13:36:03,3100.0,13.9,B
2021-06-22T13:35:58,300.0,13.9,B
2021-06-22T13:35:46,1000.0,13.8,S
2021-06-22T13:35:45,3900.0,13.9,B
2021-06-22T13:35:38,800.0,13.9,B
2021-06-22T13:35:34,100.0,13.9,B
2021-06-22T13:35:32,300.0,13.9,B
2021-06-22T13:35:30,100.0,13.9,B
2021-06-22T13:35:22,300.0,13.9,B
2021-06-22T13:35:18,500.0,13.9,B
2021-06-22T13:35:04,300.0,13.9,B
2021-06-22T13:34:55,1400.0,13.9,B
2021-06-22T13:34:54,200.0,13.9,S
2021-06-22T13:34:54,15400.0,13.9,S
2021-06-22T13:34:47,1500.0,14.0,B
2021-06-22T13:34:43,29000.0,13.9,S
2021-06-22T13:34:43,1000.0,13.9,S
2021-06-22T13:34:24,1100.0,13.9,S
2021-06-22T13:34:22,4200.0,14.0,B
2021-06-22T13:34:19,300.0,14.0,B
2021-06-22T13:34:15,500.0,13.9,S
2021-06-22T13:34:10,1000.0,14.0,S
2021-06-22T13:34:08,4200.0,14.0,B
2021-06-22T13:34:01,2000.0,14.0,B
2021-06-22T13:33:53,100.0,13.9,S
2021-06-22T13:33:53,300.0,14.0,B
2021-06-22T13:33:46,300.0,13.9,S
2021-06-22T13:33:39,1000.0,14.0,B
2021-06-22T13:33:34,1000.0,13.9,S
2021-06-22T13:33:31,20000.0,14.0,B
2021-06-22T13:33:26,1000.0,14.0,B
2021-06-22T13:33:14,400.0,14.0,B
2021-06-22T13:33:13,9700.0,14.0,B
2021-06-22T13:32:59,10000.0,14.0,B
2021-06-22T13:32:55,1000.0,13.9,S
2021-06-22T13:32:49,1000.0,14.0,B
2021-06-22T13:32:47,900.0,14.0,B
2021-06-22T13:32:43,14400.0,14.0,B
2021-06-22T13:32:41,900.0,14.0,B
2021-06-22T13:32:40,100.0,14.0,B
2021-06-22T13:32:26,8000.0,14.0,B
2021-06-22T13:32:20,2700.0,14.0,B
2021-06-22T13:32:15,1000.0,13.9,S
2021-06-22T13:32:13,400.0,14.0,B
2021-06-22T13:32:11,200.0,14.0,B
2021-06-22T13:32:06,4900.0,14.0,B
2021-06-22T13:31:57,13200.0,14.0,B
2021-06-22T13:31:52,2000.0,14.0,B
2021-06-22T13:31:50,2000.0,14.0,B
2021-06-22T13:31:46,1500.0,14.0,B
2021-06-22T13:31:37,900.0,14.0,B
2021-06-22T13:31:29,600.0,14.0,B
2021-06-22T13:31:28,400.0,14.0,B
2021-06-22T13:31:21,100.0,13.9,S
2021-06-22T13:31:17,1600.0,13.9,S
2021-06-22T13:31:13,2000.0,14.0,B
2021-06-22T13:31:03,3000.0,13.9,S
2021-06-22T13:31:02,1000.0,13.9,S
2021-06-22T13:30:43,8000.0,13.9,B
2021-06-22T13:30:38,200.0,13.9,B
2021-06-22T13:30:35,300.0,13.9,B
2021-06-22T13:30:32,1800.0,13.8,S
2021-06-22T13:30:30,200.0,13.9,B
2021-06-22T13:30:30,10200.0,13.9,B
2021-06-22T13:30:30,3000.0,13.9,B
2021-06-22T13:30:29,2000.0,13.9,B
2021-06-22T13:30:26,1000.0,13.9,B
2021-06-22T13:30:24,1000.0,13.9,B
2021-06-22T13:30:21,2000.0,13.9,B
2021-06-22T13:30:20,4300.0,13.9,B
2021-06-22T13:30:16,300.0,13.9,B
2021-06-22T13:30:07,1700.0,13.9,B
2021-06-22T13:30:06,13800.0,13.9,B
2021-06-22T13:29:58,1300.0,13.8,S
2021-06-22T13:29:44,500.0,13.8,S
2021-06-22T13:29:42,2000.0,13.9,B
2021-06-22T13:29:41,3600.0,13.9,B
2021-06-22T13:29:36,20000.0,13.9,B
2021-06-22T13:29:32,1000.0,13.8,S
2021-06-22T13:29:26,300.0,13.8,S
2021-06-22T13:29:15,1000.0,13.8,S
2021-06-22T13:29:13,10000.0,13.8,S
2021-06-22T13:29:09,3300.0,13.8,B
2021-06-22T13:29:09,3000.0,13.8,B
2021-06-22T13:29:08,1000.0,13.8,B
2021-06-22T13:29:07,100.0,13.8,B
2021-06-22T13:29:04,2900.0,13.8,B
2021-06-22T13:29:03,1000.0,13.8,B
2021-06-22T13:29:02,2000.0,13.8,B
2021-06-22T13:29:00,18200.0,13.8,B
2021-06-22T13:28:56,200.0,13.8,B
2021-06-22T13:28:54,6600.0,13.8,B
2021-06-22T13:28:49,100.0,13.8,B
2021-06-22T13:28:49,4800.0,13.8,B
2021-06-22T13:28:45,3800.0,13.8,B
2021-06-22T13:28:42,500.0,13.8,B
2021-06-22T13:28:40,100.0,13.8,B
2021-06-22T13:28:35,200.0,13.8,B
2021-06-22T13:28:33,56300.0,13.8,B
2021-06-22T13:28:25,50000.0,13.8,B
2021-06-22T13:28:12,1000.0,13.8,B
2021-06-22T13:28:09,2000.0,13.8,B
2021-06-22T13:28:00,2000.0,13.8,B
2021-06-22T13:27:50,100.0,13.8,B
2021-06-22T13:27:32,4000.0,13.8,B
2021-06-22T13:27:14,4800.0,13.8,B
2021-06-22T13:27:04,300.0,13.8,B
2021-06-22T13:26:52,400.0,13.8,B
2021-06-22T13:26:39,2000.0,13.8,B
2021-06-22T13:26:29,6000.0,13.7,S
2021-06-22T13:26:22,200.0,13.8,B
2021-06-22T13:26:15,16400.0,13.8,B
2021-06-22T13:26:14,50000.0,13.7,S
2021-06-22T13:26:13,1000.0,13.8,B
2021-06-22T13:25:57,1000.0,13.7,S
2021-06-22T13:25:51,1000.0,13.7,S
2021-06-22T13:25:38,100.0,13.7,S
2021-06-22T13:25:26,1000.0,13.7,S
2021-06-22T13:24:15,1000.0,13.7,S
2021-06-22T13:24:08,10000.0,13.8,B
2021-06-22T13:24:07,1000.0,13.7,B
2021-06-22T13:24:05,300.0,13.7,B
2021-06-22T13:24:04,500.0,13.7,B
2021-06-22T13:24:01,5000.0,13.7,B
2021-06-22T13:23:47,10000.0,13.7,B
2021-06-22T13:23:44,5000.0,13.7,B
2021-06-22T13:23:36,4600.0,13.6,S
2021-06-22T13:23:33,400.0,13.7,B
2021-06-22T13:23:33,500.0,13.7,B
2021-06-22T13:23:20,200.0,13.7,B
2021-06-22T13:23:19,5200.0,13.7,B
2021-06-22T13:23:09,500.0,13.7,B
2021-06-22T13:22:54,3000.0,13.7,B
2021-06-22T13:22:51,1000.0,13.7,B
2021-06-22T13:22:44,100.0,13.7,B
2021-06-22T13:22:40,300.0,13.7,B
2021-06-22T13:22:34,300.0,13.7,B
2021-06-22T13:22:33,3000.0,13.7,B
2021-06-22T13:22:33,3000.0,13.7,B
2021-06-22T13:22:26,90000.0,13.7,B
2021-06-22T13:22:09,4000.0,13.7,B
2021-06-22T13:21:56,1000.0,13.7,B
2021-06-22T13:21:40,500.0,13.7,B
2021-06-22T13:21:30,200.0,13.7,B
2021-06-22T13:21:26,700.0,13.7,B
2021-06-22T13:21:18,2200.0,13.7,B
2021-06-22T13:20:57,200.0,13.7,B
2021-06-22T13:20:49,100.0,13.7,B
2021-06-22T13:20:30,2000.0,13.7,B
2021-06-22T13:20:16,200.0,13.7,B
2021-06-22T13:20:06,1100.0,13.7,B
2021-06-22T13:19:36,200.0,13.7,B
2021-06-22T13:19:35,1000.0,13.7,B
2021-06-22T13:19:21,500.0,13.7,B
2021-06-22T13:18:30,500.0,13.7,B
2021-06-22T13:18:20,100.0,13.6,S
2021-06-22T13:18:13,21200.0,13.6,B
2021-06-22T13:17:56,1700.0,13.6,B
2021-06-22T13:17:49,200.0,13.6,B
2021-06-22T13:17:47,1700.0,13.6,B
2021-06-22T13:17:46,1000.0,13.6,B
2021-06-22T13:17:44,2000.0,13.6,B
2021-06-22T13:17:39,4000.0,13.6,B
2021-06-22T13:17:36,1000.0,13.6,B
2021-06-22T13:17:32,5300.0,13.6,B
2021-06-22T13:17:19,14300.0,13.6,B
2021-06-22T13:17:17,6000.0,13.6,B
2021-06-22T13:17:11,100.0,13.6,B
2021-06-22T13:17:02,10000.0,13.6,B
2021-06-22T13:16:33,2900.0,13.6,B
2021-06-22T13:16:32,3800.0,13.6,B
2021-06-22T13:16:24,109000.0,13.6,B
2021-06-22T13:16:17,1000.0,13.6,B
2021-06-22T13:16:15,500.0,13.6,B
2021-06-22T13:15:48,300.0,13.6,B
2021-06-22T13:15:37,500.0,13.5,S
2021-06-22T13:15:25,500.0,13.6,B
2021-06-22T13:15:20,1000.0,13.6,B
2021-06-22T13:14:38,100.0,13.6,B
2021-06-22T13:14:06,1000.0,13.6,B
2021-06-22T13:14:06,2000.0,13.6,B
2021-06-22T13:13:48,13300.0,13.6,B
2021-06-22T13:13:39,1000.0,13.5,S
2021-06-22T13:13:10,700.0,13.5,S
2021-06-22T13:12:55,9600.0,13.5,S
2021-06-22T13:12:54,500.0,13.5,S
2021-06-22T13:12:19,300.0,13.5,S
2021-06-22T13:12:12,100.0,13.5,S
2021-06-22T13:11:53,100.0,13.5,S
2021-06-22T13:11:15,300.0,13.5,S
2021-06-22T13:10:38,2000.0,13.5,S
2021-06-22T13:10:25,200.0,13.5,S
2021-06-22T13:10:10,1000.0,13.5,S
2021-06-22T13:10:04,300.0,13.5,S
2021-06-22T13:09:38,500.0,13.5,S
2021-06-22T13:09:15,500.0,13.5,S
2021-06-22T13:08:33,800.0,13.5,S
2021-06-22T13:08:09,100.0,13.5,S
2021-06-22T13:07:25,13500.0,13.5,B
2021-06-22T13:07:02,100.0,13.5,B
2021-06-22T13:06:52,500.0,13.5,B
2021-06-22T13:06:52,7900.0,13.5,B
2021-06-22T13:06:50,3500.0,13.5,B
2021-06-22T13:06:38,10000.0,13.5,B
2021-06-22T13:06:09,2000.0,13.5,B
2021-06-22T13:05:36,1600.0,13.5,B
2021-06-22T13:05:10,4500.0,13.5,B
2021-06-22T13:04:51,100.0,13.5,B
2021-06-22T13:04:36,100.0,13.5,B
2021-06-22T13:04:02,10000.0,13.5,B
2021-06-22T13:03:31,3000.0,13.5,B
2021-06-22T13:02:54,5000.0,13.5,B
2021-06-22T13:02:20,2000.0,13.5,B
2021-06-22T13:01:52,1000.0,13.5,B
2021-06-22T13:01:42,1000.0,13.4,S
2021-06-22T13:00:18,300.0,13.4,S
2021-06-22T13:00:18,5000.0,13.4,S
2021-06-22T13:00:16,400.0,13.5,B
2021-06-22T13:00:16,10000.0,13.4,S
2021-06-22T13:00:14,15900.0,13.5,B
2021-06-22T13:00:12,200.0,13.5,B
2021-06-22T13:00:12,500.0,13.4,S
2021-06-22T11:29:18,500.0,13.4,S
2021-06-22T11:28:53,100.0,13.5,B
2021-06-22T11:25:00,500.0,13.4,S
2021-06-22T11:24:39,800.0,13.4,S
2021-06-22T11:23:29,9200.0,13.4,B
2021-06-22T11:23:08,200.0,13.4,B
2021-06-22T11:23:00,3000.0,13.4,B
2021-06-22T11:21:34,6100.0,13.4,B
2021-06-22T11:20:02,200.0,13.4,B
2021-06-22T11:19:50,700.0,13.4,S
2021-06-22T11:19:16,1000.0,13.4,S
2021-06-22T11:18:38,900.0,13.4,B
2021-06-22T11:18:20,2500.0,13.4,B
2021-06-22T11:17:41,100.0,13.4,B
2021-06-22T11:17:31,300.0,13.4,B
2021-06-22T11:17:30,6200.0,13.4,S
2021-06-22T11:16:37,23500.0,13.4,S
2021-06-22T11:16:20,2000.0,13.4,S
2021-06-22T11:16:02,200.0,13.4,S
2021-06-22T11:16:01,1000.0,13.4,S
2021-06-22T11:15:17,2700.0,13.4,S
2021-06-22T11:14:59,1500.0,13.4,S
2021-06-22T11:13:38,10000.0,13.4,S
2021-06-22T11:12:53,6000.0,13.4,S
2021-06-22T11:11:50,2000.0,13.4,S
2021-06-22T11:11:39,200.0,13.4,S
2021-06-22T11:10:52,1700.0,13.4,S
2021-06-22T11:09:58,2500.0,13.4,S
2021-06-22T11:09:07,800.0,13.4,S
2021-06-22T11:07:43,3000.0,13.4,S
2021-06-22T11:06:23,1000.0,13.5,B
2021-06-22T11:06:03,600.0,13.4,S
2021-06-22T11:06:00,800.0,13.4,S
2021-06-22T11:05:02,100.0,13.5,B
2021-06-22T11:03:30,500.0,13.5,B
2021-06-22T11:02:09,600.0,13.5,S
2021-06-22T11:02:06,400.0,13.5,S
2021-06-22T11:00:38,1500.0,13.5,S
2021-06-22T11:00:37,3500.0,13.5,B
2021-06-22T11:00:35,2000.0,13.5,B
2021-06-22T11:00:28,2000.0,13.4,S
2021-06-22T11:00:13,300.0,13.5,B
2021-06-22T11:00:09,100.0,13.5,B
2021-06-22T11:00:06,20000.0,13.5,B
2021-06-22T11:00:04,500.0,13.5,B
2021-06-22T10:59:42,1700.0,13.5,B
2021-06-22T10:59:39,20000.0,13.5,B
2021-06-22T10:59:36,500.0,13.4,S
2021-06-22T10:59:06,3000.0,13.5,B
2021-06-22T10:57:46,10000.0,13.5,B
2021-06-22T10:57:08,200.0,13.5,B
2021-06-22T10:56:59,2000.0,13.5,B
2021-06-22T10:56:51,500.0,13.5,B
2021-06-22T10:56:06,30000.0,13.5,B
2021-06-22T10:55:59,1800.0,13.5,B
2021-06-22T10:55:16,500.0,13.5,B
2021-06-22T10:54:39,300.0,13.5,B
2021-06-22T10:54:35,200.0,13.5,B
2021-06-22T10:53:08,200.0,13.5,B
2021-06-22T10:51:46,1000.0,13.4,S
2021-06-22T10:51:27,1800.0,13.4,S
2021-06-22T10:50:46,100.0,13.4,S
2021-06-22T10:49:39,300.0,13.4,S
2021-06-22T10:49:32,100.0,13.5,B
2021-06-22T10:49:28,100.0,13.4,S
2021-06-22T10:49:18,300.0,13.4,S
2021-06-22T10:48:41,900.0,13.4,S
2021-06-22T10:48:10,500.0,13.4,S
2021-06-22T10:46:44,1000.0,13.4,S
2021-06-22T10:46:39,300.0,13.5,B
2021-06-22T10:45:37,100.0,13.4,S
2021-06-22T10:45:32,1000.0,13.4,B
2021-06-22T10:44:59,1000.0,13.4,S
2021-06-22T10:44:58,100.0,13.4,S
2021-06-22T10:44:48,1900.0,13.4,S
2021-06-22T10:44:43,7000.0,13.4,S
2021-06-22T10:44:22,200.0,13.4,S
2021-06-22T10:44:19,200.0,13.4,S
2021-06-22T10:43:47,2400.0,13.4,S
2021-06-22T10:43:31,2000.0,13.4,S
2021-06-22T10:43:27,300.0,13.4,S
2021-06-22T10:43:17,100.0,13.4,S
2021-06-22T10:41:24,400.0,13.4,S
2021-06-22T10:40:39,100.0,13.4,B
2021-06-22T10:39:51,3900.0,13.4,B
2021-06-22T10:39:25,2000.0,13.4,B
2021-06-22T10:39:21,4000.0,13.4,B
2021-06-22T10:38:44,1000.0,13.4,B
2021-06-22T10:38:14,2000.0,13.4,B
2021-06-22T10:38:10,500.0,13.4,B
2021-06-22T10:38:08,5000.0,13.4,B
2021-06-22T10:37:40,200.0,13.4,B
2021-06-22T10:37:38,100.0,13.4,B
2021-06-22T10:36:46,200.0,13.4,B
2021-06-22T10:35:57,200.0,13.4,B
2021-06-22T10:35:24,200.0,13.4,B
2021-06-22T10:35:16,1000.0,13.3,S
2021-06-22T10:35:05,2900.0,13.4,B
2021-06-22T10:35:00,1000.0,13.3,S
2021-06-22T10:34:44,100.0,13.4,B
2021-06-22T10:33:14,1200.0,13.3,S
2021-06-22T10:32:38,100.0,13.3,S
2021-06-22T10:32:10,8700.0,13.4,B
2021-06-22T10:31:07,200.0,13.4,B
2021-06-22T10:30:44,500.0,13.4,B
2021-06-22T10:30:33,500.0,13.4,B
2021-06-22T10:30:11,10000.0,13.4,B
2021-06-22T10:27:50,500.0,13.3,S
2021-06-22T10:25:41,600.0,13.3,S
2021-06-22T10:25:29,4200.0,13.4,B
2021-06-22T10:25:18,100.0,13.3,S
2021-06-22T10:25:15,1000.0,13.4,B
2021-06-22T10:25:13,100.0,13.4,B
2021-06-22T10:24:40,300.0,13.4,B
2021-06-22T10:24:34,400.0,13.4,B
2021-06-22T10:23:07,200.0,13.4,B
2021-06-22T10:22:43,1000.0,13.4,B
2021-06-22T10:22:39,300.0,13.4,B
2021-06-22T10:22:23,300.0,13.4,B
2021-06-22T10:22:17,5000.0,13.3,S
2021-06-22T10:21:10,1100.0,13.4,B
2021-06-22T10:21:02,900.0,13.4,B
2021-06-22T10:20:28,200.0,13.4,B
2021-06-22T10:20:11,1700.0,13.4,S
2021-06-22T10:20:08,2000.0,13.4,S
2021-06-22T10:18:55,2000.0,13.4,S
2021-06-22T10:18:26,300.0,13.4,S
2021-06-22T10:18:19,200.0,13.4,S
2021-06-22T10:18:02,500.0,13.4,S
2021-06-22T10:17:53,1200.0,13.4,S
2021-06-22T10:17:26,15000.0,13.4,S
2021-06-22T10:17:14,100.0,13.4,S
2021-06-22T10:17:01,2000.0,13.4,S
2021-06-22T10:16:31,900.0,13.4,S
2021-06-22T10:15:49,1200.0,13.4,S
2021-06-22T10:14:40,500.0,13.4,S
2021-06-22T10:14:11,3000.0,13.4,S
2021-06-22T10:13:54,100.0,13.5,B
2021-06-22T10:13:34,100.0,13.4,S
2021-06-22T10:13:19,1100.0,13.4,B
2021-06-22T10:13:16,800.0,13.4,B
2021-06-22T10:13:08,5000.0,13.4,B
2021-06-22T10:12:48,1000.0,13.4,B
2021-06-22T10:12:24,13400.0,13.4,S
2021-06-22T10:11:09,300.0,13.4,S
2021-06-22T10:11:05,1000.0,13.4,S
2021-06-22T10:10:36,5000.0,13.4,S
2021-06-22T10:10:33,200.0,13.4,S
2021-06-22T10:10:10,2900.0,13.4,B
2021-06-22T10:09:36,1000.0,13.3,S
2021-06-22T10:09:13,100.0,13.3,S
2021-06-22T10:07:52,200.0,13.3,S
2021-06-22T10:07:14,800.0,13.3,S
2021-06-22T10:06:04,1000.0,13.3,S
2021-06-22T10:05:44,100.0,13.3,S
2021-06-22T10:03:15,1000.0,13.4,B
2021-06-22T10:02:59,100.0,13.4,S
2021-06-22T10:02:28,1000.0,13.4,S
2021-06-22T10:02:02,1000.0,13.4,S
2021-06-22T10:01:53,600.0,13.4,S
2021-06-22T10:01:26,500.0,13.4,S
2021-06-22T10:01:16,100.0,13.4,S
2021-06-22T10:01:07,200.0,13.5,B
2021-06-22T10:00:54,200.0,13.4,S
2021-06-22T10:00:37,200.0,13.4,S
2021-06-22T10:00:28,300.0,13.4,S
2021-06-22T09:59:59,500.0,13.4,S
2021-06-22T09:59:43,2000.0,13.4,S
2021-06-22T09:58:54,3000.0,13.4,S
2021-06-22T09:58:41,5000.0,13.4,S
2021-06-22T09:57:53,1500.0,13.4,S
2021-06-22T09:57:37,3000.0,13.4,S
2021-06-22T09:57:15,4900.0,13.4,S
2021-06-22T09:56:23,3400.0,13.4,S
2021-06-22T09:56:10,1000.0,13.4,S
2021-06-22T09:56:01,200.0,13.5,B
2021-06-22T09:55:55,2000.0,13.4,S
2021-06-22T09:54:54,100.0,13.4,S
2021-06-22T09:54:02,1000.0,13.4,S
2021-06-22T09:53:52,100.0,13.4,S
2021-06-22T09:53:43,500.0,13.4,S
2021-06-22T09:53:43,300.0,13.4,S
2021-06-22T09:53:33,10000.0,13.4,S
2021-06-22T09:53:14,500.0,13.4,S
2021-06-22T09:52:11,4000.0,13.4,S
2021-06-22T09:50:39,20000.0,13.4,S
2021-06-22T09:50:16,600.0,13.4,S
2021-06-22T09:48:33,1600.0,13.4,S
2021-06-22T09:48:19,100.0,13.4,S
2021-06-22T09:47:43,1000.0,13.4,S
2021-06-22T09:47:43,10000.0,13.5,B
2021-06-22T09:47:22,10000.0,13.4,S
2021-06-22T09:46:35,100.0,13.5,B
2021-06-22T09:46:24,500.0,13.5,B
2021-06-22T09:45:46,100.0,13.5,B
2021-06-22T09:45:46,3400.0,13.5,B
2021-06-22T09:45:07,1000.0,13.5,B
2021-06-22T09:45:06,100.0,13.5,B
2021-06-22T09:45:03,5000.0,13.5,B
2021-06-22T09:44:29,5300.0,13.5,B
2021-06-22T09:44:00,100.0,13.5,B
2021-06-22T09:43:30,100.0,13.5,B
2021-06-22T09:43:03,500.0,13.5,B
2021-06-22T09:42:47,100.0,13.4,S
2021-06-22T09:42:15,3000.0,13.5,B
2021-06-22T09:42:11,2000.0,13.4,S
2021-06-22T09:42:00,2000.0,13.5,B
2021-06-22T09:41:59,200.0,13.5,B
2021-06-22T09:41:54,200.0,13.5,B
2021-06-22T09:41:40,1400.0,13.5,B
2021-06-22T09:41:37,100.0,13.5,B
2021-06-22T09:41:34,200.0,13.5,B
2021-06-22T09:41:26,1100.0,13.5,B
2021-06-22T09:41:05,35000.0,13.5,B
2021-06-22T09:40:58,400.0,13.4,S
2021-06-22T09:40:48,300.0,13.5,B
2021-06-22T09:40:45,500.0,13.5,B
2021-06-22T09:40:10,1000.0,13.5,B
2021-06-22T09:40:08,100.0,13.5,B
2021-06-22T09:40:04,5000.0,13.5,B
2021-06-22T09:39:18,500.0,13.5,B
2021-06-22T09:38:44,200.0,13.5,B
2021-06-22T09:38:32,400.0,13.5,B
2021-06-22T09:38:26,300.0,13.5,B
2021-06-22T09:38:19,100.0,13.5,B
2021-06-22T09:37:10,300.0,13.4,S
2021-06-22T09:37:06,10000.0,13.4,S
2021-06-22T09:36:53,100.0,13.4,S
2021-06-22T09:36:52,500.0,13.4,S
2021-06-22T09:36:50,2500.0,13.4,S
2021-06-22T09:36:49,1500.0,13.4,S
2021-06-22T09:36:46,400.0,13.5,B
2021-06-22T09:36:19,4200.0,13.4,S
2021-06-22T09:36:00,2000.0,13.4,S
2021-06-22T09:35:43,300.0,13.4,S
2021-06-22T09:35:26,300.0,13.4,S
2021-06-22T09:35:00,100.0,13.4,S
2021-06-22T09:34:57,2000.0,13.4,S
2021-06-22T09:34:35,1000.0,13.4,S
2021-06-22T09:34:18,2000.0,13.4,S
2021-06-22T09:33:33,1000.0,13.4,S
2021-06-22T09:33:21,100.0,13.4,S
2021-06-22T09:33:17,500.0,13.4,S
2021-06-22T09:32:50,3100.0,13.4,S
2021-06-22T09:32:16,300.0,13.4,S
2021-06-22T09:32:13,100.0,13.4,S
2021-06-22T09:32:06,2000.0,13.4,S
2021-06-22T09:32:01,100.0,13.4,S
2021-06-22T09:31:53,700.0,13.4,S
2021-06-22T09:31:47,200.0,13.5,B
2021-06-22T09:31:09,200.0,13.4,S
2021-06-22T09:29:57,500.0,13.4,S
2021-06-22T09:29:49,500.0,13.5,B
2021-06-22T09:29:25,4300.0,13.5,B
2021-06-22T09:28:37,500.0,13.5,B
2021-06-22T09:28:17,200.0,13.5,B
2021-06-22T09:27:47,1300.0,13.5,S
2021-06-22T09:27:45,2100.0,13.5,S
2021-06-22T09:27:42,6000.0,13.5,S
2021-06-22T09:27:39,5000.0,13.5,S
2021-06-22T09:27:35,2300.0,13.5,S
2021-06-22T09:27:33,300.0,13.5,S
2021-06-22T09:27:31,4000.0,13.5,S
2021-06-22T09:27:28,5000.0,13.5,S
2021-06-22T09:27:25,1200.0,13.5,S
2021-06-22T09:27:25,9000.0,13.5,S
2021-06-22T09:27:24,2500.0,13.5,S
2021-06-22T09:27:20,3400.0,13.5,S
2021-06-22T09:27:13,200.0,13.5,S
2021-06-22T09:27:00,7000.0,13.5,S
2021-06-22T09:26:59,1000.0,13.5,S
2021-06-22T09:26:44,1000.0,13.5,S
2021-06-22T09:26:18,20000.0,13.5,S
2021-06-22T09:26:07,100.0,13.5,S
2021-06-22T09:26:02,3000.0,13.5,S
2021-06-22T09:25:52,2000.0,13.5,S
2021-06-22T09:24:42,400.0,13.6,B
2021-06-22T09:24:40,200.0,13.6,B
2021-06-22T09:22:48,100.0,13.6,S
2021-06-22T09:22:45,1000.0,13.6,S
2021-06-22T09:22:13,500.0,13.6,S
2021-06-22T09:22:07,3000.0,13.6,S
2021-06-22T09:21:58,500.0,13.6,S
2021-06-22T09:21:55,1000.0,13.6,S
2021-06-22T09:21:53,200.0,13.6,S
2021-06-22T09:21:33,300.0,13.6,S
2021-06-22T09:20:54,1000.0,13.7,B
2021-06-22T09:20:53,2000.0,13.6,S
2021-06-22T09:20:08,1000.0,13.6,S
2021-06-22T09:20:00,200.0,13.6,S
2021-06-22T09:19:43,2000.0,13.6,S
2021-06-22T09:19:34,2000.0,13.6,S
2021-06-22T09:19:06,400.0,13.7,B
2021-06-22T09:19:04,1500.0,13.6,S
2021-06-22T09:18:47,1000.0,13.6,S
2021-06-22T09:18:37,1000.0,13.6,S
2021-06-22T09:18:17,1400.0,13.6,S
2021-06-22T09:18:13,200.0,13.7,B
2021-06-22T09:18:06,200.0,13.6,S
2021-06-22T09:17:55,5100.0,13.6,B
2021-06-22T09:17:48,3000.0,13.6,B
2021-06-22T09:17:43,1500.0,13.5,S
2021-06-22T09:17:42,1000.0,13.5,S
2021-06-22T09:17:40,5000.0,13.6,B
2021-06-22T09:17:30,100.0,13.5,S
2021-06-22T09:16:50,300.0,13.5,S
2021-06-22T09:16:48,100.0,13.5,S
2021-06-22T09:16:23,2100.0,13.5,S
2021-06-22T09:15:48,500.0,13.5,S
2021-06-22T09:15:40,3000.0,13.5,S
2021-06-22T09:15:38,100.0,13.5,S
2021-06-22T09:14:52,500.0,13.5,S
2021-06-22T09:14:37,100.0,13.5,S
2021-06-22T09:13:35,200.0,13.6,B
2021-06-22T09:13:32,500.0,13.6,B
2021-06-22T09:13:08,500.0,13.6,B
2021-06-22T09:12:55,1500.0,13.5,S
2021-06-22T09:12:50,10000.0,13.6,B
2021-06-22T09:10:32,500.0,13.6,B
2021-06-22T09:10:14,100.0,13.6,B
2021-06-22T09:10:06,3000.0,13.6,B
2021-06-22T09:09:54,500.0,13.6,B
2021-06-22T09:09:33,1500.0,13.6,B
2021-06-22T09:09:11,100.0,13.6,B
2021-06-22T09:09:02,2000.0,13.6,B
2021-06-22T09:08:46,300.0,13.6,B
2021-06-22T09:08:45,600.0,13.6,B
2021-06-22T09:08:44,100.0,13.5,S
2021-06-22T09:08:26,900.0,13.6,B
2021-06-22T09:08:22,1000.0,13.6,B
2021-06-22T09:08:04,5600.0,13.6,S
2021-06-22T09:07:59,7000.0,13.7,B
2021-06-22T09:07:42,500.0,13.6,S
2021-06-22T09:07:29,7300.0,13.6,S
2021-06-22T09:07:12,11200.0,13.6,B
2021-06-22T09:06:42,3500.0,13.6,S
2021-06-22T09:06:34,10000.0,13.6,S
2021-06-22T09:06:17,500.0,13.7,B
2021-06-22T09:06:14,500.0,13.7,B
2021-06-22T09:06:09,100.0,13.6,S
2021-06-22T09:05:59,2000.0,13.6,S
2021-06-22T09:04:49,1000.0,13.7,B
2021-06-22T09:04:25,2500.0,13.8,B
2021-06-22T09:04:23,5000.0,13.7,B
2021-06-22T09:04:14,4000.0,13.7,B
2021-06-22T09:04:13,1000.0,13.7,S
2021-06-22T09:03:55,1000.0,13.6,S
2021-06-22T09:03:50,400.0,13.7,S
2021-06-22T09:03:47,200.0,13.7,B
2021-06-22T09:03:45,700.0,13.7,B
2021-06-22T09:03:42,500.0,13.7,B
2021-06-22T09:03:40,5000.0,13.7,B
2021-06-22T09:03:37,1000.0,13.7,B
2021-06-22T09:03:30,1000.0,13.7,B
2021-06-22T09:03:28,5000.0,13.7,B
2021-06-22T09:03:06,4900.0,13.6,S
2021-06-22T09:02:39,100.0,13.6,B
2021-06-22T09:02:07,1000.0,13.6,B
2021-06-22T09:02:02,900.0,13.5,B
2021-06-22T09:01:04,4200.0,13.4,B
2021-06-22T09:00:28,1000.0,13.3,B
2021-06-22T09:00:26,400.0,13.3,S
2021-06-22T09:00:22,300.0,13.3,S
