tradingTime,volume,price,side
2021-06-22T14:29:46,1000.0,10.2,B
2021-06-22T14:29:44,500.0,10.2,B
2021-06-22T14:29:15,10000.0,10.2,B
2021-06-22T14:28:22,1400.0,10.2,B
2021-06-22T14:28:11,5300.0,10.2,S
2021-06-22T14:28:05,500.0,10.2,S
2021-06-22T14:28:03,2000.0,10.2,S
2021-06-22T14:27:45,3000.0,10.2,S
2021-06-22T14:27:26,3000.0,10.2,S
2021-06-22T14:27:08,3000.0,10.2,S
2021-06-22T14:24:37,100.0,10.2,S
2021-06-22T14:23:25,3000.0,10.3,B
2021-06-22T14:21:25,7300.0,10.2,S
2021-06-22T14:20:33,1000.0,10.2,S
2021-06-22T14:20:00,500.0,10.2,S
2021-06-22T14:17:02,200.0,10.2,S
2021-06-22T14:16:19,2600.0,10.2,S
2021-06-22T14:16:08,1000.0,10.2,S
2021-06-22T14:14:00,500.0,10.2,S
2021-06-22T14:12:07,100.0,10.2,S
2021-06-22T14:11:25,500.0,10.2,S
2021-06-22T14:10:44,6400.0,10.2,B
2021-06-22T14:10:32,5000.0,10.2,B
2021-06-22T14:10:01,2000.0,10.2,B
2021-06-22T14:09:58,300.0,10.2,B
2021-06-22T14:09:16,600.0,10.2,B
2021-06-22T14:09:15,500.0,10.2,B
2021-06-22T14:08:28,200.0,10.2,B
2021-06-22T14:08:20,4100.0,10.2,B
2021-06-22T14:07:27,2300.0,10.2,S
2021-06-22T14:04:39,200.0,10.2,S
2021-06-22T14:02:31,600.0,10.2,S
2021-06-22T14:01:56,100.0,10.3,B
2021-06-22T13:56:57,100.0,10.3,B
2021-06-22T13:52:23,400.0,10.3,B
2021-06-22T13:49:53,100.0,10.2,B
2021-06-22T13:49:44,900.0,10.2,B
2021-06-22T13:49:44,500.0,10.3,B
2021-06-22T13:48:58,1000.0,10.2,S
2021-06-22T13:48:46,2800.0,10.2,S
2021-06-22T13:46:41,1300.0,10.2,S
2021-06-22T13:39:15,1000.0,10.2,S
2021-06-22T13:37:28,100.0,10.2,B
2021-06-22T13:37:24,2000.0,10.2,B
2021-06-22T13:37:11,100.0,10.2,B
2021-06-22T13:36:47,14800.0,10.2,B
2021-06-22T13:36:20,3000.0,10.2,S
2021-06-22T13:36:10,2000.0,10.2,S
2021-06-22T13:34:46,100.0,10.2,S
2021-06-22T13:34:40,300.0,10.2,S
2021-06-22T13:34:38,300.0,10.2,S
2021-06-22T13:34:30,1600.0,10.2,B
2021-06-22T13:33:58,500.0,10.2,B
2021-06-22T13:33:34,1300.0,10.2,B
2021-06-22T13:33:28,1700.0,10.2,S
2021-06-22T13:33:12,100.0,10.2,S
2021-06-22T13:32:59,600.0,10.2,S
2021-06-22T13:32:57,900.0,10.2,S
2021-06-22T13:32:22,4600.0,10.2,S
2021-06-22T13:32:22,400.0,10.2,B
2021-06-22T13:31:41,2600.0,10.2,S
2021-06-22T13:31:24,19000.0,10.2,S
2021-06-22T13:31:17,1000.0,10.2,S
2021-06-22T13:30:52,4000.0,10.2,S
2021-06-22T13:30:05,6500.0,10.2,S
2021-06-22T13:29:49,1000.0,10.2,S
2021-06-22T13:29:46,1700.0,10.2,S
2021-06-22T13:29:36,800.0,10.2,S
2021-06-22T13:29:35,1000.0,10.2,S
2021-06-22T13:27:31,800.0,10.2,S
2021-06-22T13:26:50,2000.0,10.2,S
2021-06-22T13:26:03,900.0,10.2,S
2021-06-22T13:25:47,100.0,10.2,S
2021-06-22T13:25:12,200.0,10.2,S
2021-06-22T13:24:03,8000.0,10.2,S
2021-06-22T13:23:48,1000.0,10.2,S
2021-06-22T13:23:44,7000.0,10.2,S
2021-06-22T13:23:09,20000.0,10.2,S
2021-06-22T13:22:43,15000.0,10.2,S
2021-06-22T13:21:57,20000.0,10.2,S
2021-06-22T13:21:23,20000.0,10.2,S
2021-06-22T13:21:06,20000.0,10.2,S
2021-06-22T13:20:49,20000.0,10.2,S
2021-06-22T13:20:14,15000.0,10.2,S
2021-06-22T13:19:10,14000.0,10.2,S
2021-06-22T13:17:57,20000.0,10.3,B
2021-06-22T13:12:31,200.0,10.3,B
2021-06-22T13:11:32,5000.0,10.3,B
2021-06-22T13:11:00,5000.0,10.3,B
2021-06-22T13:08:37,100.0,10.3,B
2021-06-22T13:04:46,500.0,10.3,B
2021-06-22T13:04:28,1000.0,10.3,B
2021-06-22T13:00:07,100.0,10.2,S
2021-06-22T13:00:04,100.0,10.2,S
2021-06-22T11:26:07,1500.0,10.2,S
2021-06-22T11:23:10,100.0,10.3,B
2021-06-22T11:19:00,5000.0,10.3,B
2021-06-22T11:17:07,200.0,10.3,B
2021-06-22T11:16:47,100.0,10.3,B
2021-06-22T11:16:42,100.0,10.3,B
2021-06-22T11:15:39,6600.0,10.3,B
2021-06-22T11:14:51,100.0,10.3,S
2021-06-22T11:13:26,300.0,10.3,S
2021-06-22T11:13:24,200.0,10.3,B
2021-06-22T11:11:38,700.0,10.3,B
2021-06-22T11:11:36,500.0,10.3,B
2021-06-22T11:11:32,5000.0,10.3,B
2021-06-22T11:11:14,3300.0,10.3,S
2021-06-22T11:11:02,1000.0,10.3,S
2021-06-22T11:10:42,100.0,10.3,S
2021-06-22T11:10:13,3700.0,10.3,S
2021-06-22T11:09:26,1000.0,10.3,B
2021-06-22T11:09:11,5300.0,10.3,B
2021-06-22T11:08:43,5000.0,10.3,B
2021-06-22T11:07:54,5000.0,10.3,B
2021-06-22T11:05:03,2100.0,10.3,S
2021-06-22T11:04:47,3600.0,10.3,B
2021-06-22T11:03:50,27000.0,10.3,S
2021-06-22T11:02:59,500.0,10.3,S
2021-06-22T11:01:03,800.0,10.3,S
2021-06-22T11:00:54,200.0,10.4,B
2021-06-22T11:00:21,1000.0,10.4,B
2021-06-22T10:59:40,1000.0,10.4,B
2021-06-22T10:59:24,2000.0,10.3,S
2021-06-22T10:59:02,5000.0,10.3,S
2021-06-22T10:58:58,2000.0,10.3,S
2021-06-22T10:58:46,1000.0,10.3,S
2021-06-22T10:58:02,2600.0,10.3,S
2021-06-22T10:56:52,400.0,10.3,S
2021-06-22T10:56:19,100.0,10.3,S
2021-06-22T10:55:15,2000.0,10.3,S
2021-06-22T10:53:36,100.0,10.3,S
2021-06-22T10:53:33,500.0,10.3,S
2021-06-22T10:53:30,100.0,10.3,S
2021-06-22T10:50:50,1000.0,10.3,S
2021-06-22T10:50:28,1000.0,10.3,S
2021-06-22T10:49:31,3000.0,10.3,S
2021-06-22T10:49:17,1000.0,10.3,S
2021-06-22T10:48:33,2000.0,10.3,S
2021-06-22T10:48:03,300.0,10.3,S
2021-06-22T10:47:21,500.0,10.3,S
2021-06-22T10:47:07,400.0,10.3,S
2021-06-22T10:46:56,100.0,10.3,S
2021-06-22T10:46:22,800.0,10.3,S
2021-06-22T10:45:57,1000.0,10.3,S
2021-06-22T10:45:52,200.0,10.4,B
2021-06-22T10:40:53,2000.0,10.4,B
2021-06-22T10:39:53,100.0,10.3,S
2021-06-22T10:39:00,2000.0,10.3,S
2021-06-22T10:38:52,1000.0,10.3,S
2021-06-22T10:37:33,1500.0,10.3,S
2021-06-22T10:37:25,15700.0,10.3,S
2021-06-22T10:35:01,100.0,10.3,S
2021-06-22T10:34:51,1000.0,10.3,S
2021-06-22T10:34:17,200.0,10.3,S
2021-06-22T10:33:47,1500.0,10.3,S
2021-06-22T10:31:40,100.0,10.3,S
2021-06-22T10:31:17,800.0,10.3,S
2021-06-22T10:30:08,3000.0,10.3,S
2021-06-22T10:29:40,500.0,10.4,B
2021-06-22T10:29:35,6200.0,10.3,S
2021-06-22T10:27:02,600.0,10.3,S
2021-06-22T10:26:24,500.0,10.4,B
2021-06-22T10:25:01,400.0,10.3,S
2021-06-22T10:22:42,400.0,10.4,B
2021-06-22T10:21:16,500.0,10.4,B
2021-06-22T10:20:08,100.0,10.3,S
2021-06-22T10:19:58,2000.0,10.3,S
2021-06-22T10:19:19,1000.0,10.3,S
2021-06-22T10:19:04,200.0,10.3,S
2021-06-22T10:18:38,2000.0,10.3,S
2021-06-22T10:18:19,200.0,10.3,S
2021-06-22T10:18:03,500.0,10.3,S
2021-06-22T10:17:48,700.0,10.3,S
2021-06-22T10:17:47,500.0,10.3,B
2021-06-22T10:17:39,1800.0,10.3,S
2021-06-22T10:17:11,1000.0,10.3,S
2021-06-22T10:16:15,600.0,10.3,B
2021-06-22T10:16:15,1000.0,10.3,B
2021-06-22T10:15:29,600.0,10.3,B
2021-06-22T10:15:11,1000.0,10.3,B
2021-06-22T10:14:21,1000.0,10.3,B
2021-06-22T10:14:05,1000.0,10.3,B
2021-06-22T10:13:40,1500.0,10.3,B
2021-06-22T10:13:38,400.0,10.3,B
2021-06-22T10:12:30,1000.0,10.3,B
2021-06-22T10:12:16,1000.0,10.3,B
2021-06-22T10:12:02,5000.0,10.3,B
2021-06-22T10:11:36,200.0,10.3,B
2021-06-22T10:09:34,22000.0,10.3,B
2021-06-22T10:09:02,2000.0,10.2,S
2021-06-22T10:08:56,1000.0,10.3,B
2021-06-22T10:06:01,400.0,10.3,B
2021-06-22T10:04:32,21400.0,10.3,B
2021-06-22T10:04:17,1000.0,10.3,S
2021-06-22T10:04:09,100.0,10.3,S
2021-06-22T10:03:29,100.0,10.3,S
2021-06-22T10:03:12,14300.0,10.4,B
2021-06-22T10:03:08,600.0,10.3,S
2021-06-22T10:02:34,5000.0,10.3,S
2021-06-22T10:01:38,100.0,10.4,B
2021-06-22T10:01:21,600.0,10.4,B
2021-06-22T10:00:17,700.0,10.3,S
2021-06-22T09:59:40,1500.0,10.3,S
2021-06-22T09:59:34,100.0,10.3,S
2021-06-22T09:58:48,200.0,10.3,S
2021-06-22T09:58:15,500.0,10.3,S
2021-06-22T09:57:04,300.0,10.3,S
2021-06-22T09:56:02,2000.0,10.3,S
2021-06-22T09:56:00,200.0,10.3,S
2021-06-22T09:55:56,800.0,10.3,S
2021-06-22T09:55:02,3000.0,10.3,S
2021-06-22T09:54:45,500.0,10.3,S
2021-06-22T09:54:15,11100.0,10.3,B
2021-06-22T09:54:03,2200.0,10.3,B
2021-06-22T09:53:12,5000.0,10.3,S
2021-06-22T09:52:38,200.0,10.3,S
2021-06-22T09:52:28,5000.0,10.3,S
2021-06-22T09:51:58,100.0,10.3,S
2021-06-22T09:51:43,400.0,10.3,S
2021-06-22T09:51:23,2000.0,10.3,S
2021-06-22T09:50:54,2000.0,10.3,S
2021-06-22T09:49:42,1000.0,10.3,S
2021-06-22T09:49:23,1000.0,10.3,S
2021-06-22T09:48:12,300.0,10.3,S
2021-06-22T09:47:38,100.0,10.3,S
2021-06-22T09:46:07,500.0,10.3,S
2021-06-22T09:45:33,1500.0,10.3,B
2021-06-22T09:44:46,1000.0,10.3,B
2021-06-22T09:44:26,300.0,10.3,B
2021-06-22T09:44:22,200.0,10.3,B
2021-06-22T09:44:13,100.0,10.3,B
2021-06-22T09:44:12,100.0,10.3,B
2021-06-22T09:44:10,2300.0,10.3,B
2021-06-22T09:44:00,10000.0,10.3,S
2021-06-22T09:43:04,400.0,10.3,S
2021-06-22T09:42:33,300.0,10.3,S
2021-06-22T09:42:18,14000.0,10.3,S
2021-06-22T09:41:57,300.0,10.4,B
2021-06-22T09:39:14,600.0,10.4,B
2021-06-22T09:37:44,500.0,10.4,B
2021-06-22T09:37:42,2000.0,10.3,S
2021-06-22T09:37:15,400.0,10.3,S
2021-06-22T09:37:05,37000.0,10.3,S
2021-06-22T09:36:46,1000.0,10.3,S
2021-06-22T09:36:32,100.0,10.3,S
2021-06-22T09:36:27,1000.0,10.4,B
2021-06-22T09:36:19,100.0,10.4,B
2021-06-22T09:35:59,100.0,10.4,B
2021-06-22T09:33:17,1500.0,10.4,B
2021-06-22T09:32:27,2000.0,10.4,B
2021-06-22T09:32:16,1000.0,10.4,B
2021-06-22T09:32:15,500.0,10.4,B
2021-06-22T09:30:18,3000.0,10.4,B
2021-06-22T09:29:42,500.0,10.3,S
2021-06-22T09:28:43,200.0,10.3,S
2021-06-22T09:28:25,1000.0,10.3,S
2021-06-22T09:28:03,1700.0,10.3,B
2021-06-22T09:27:56,800.0,10.3,S
2021-06-22T09:27:20,200.0,10.3,S
2021-06-22T09:27:12,9700.0,10.3,S
2021-06-22T09:27:04,2000.0,10.3,S
2021-06-22T09:26:40,100.0,10.3,S
2021-06-22T09:26:08,400.0,10.3,S
2021-06-22T09:26:05,600.0,10.3,B
2021-06-22T09:26:05,100.0,10.3,B
2021-06-22T09:26:01,1000.0,10.3,B
2021-06-22T09:25:34,3300.0,10.3,S
2021-06-22T09:25:30,1000.0,10.3,S
2021-06-22T09:25:27,5000.0,10.3,S
2021-06-22T09:24:35,100.0,10.3,B
2021-06-22T09:24:29,14900.0,10.3,S
2021-06-22T09:24:20,1000.0,10.3,S
2021-06-22T09:24:16,1100.0,10.3,S
2021-06-22T09:24:12,10000.0,10.3,S
2021-06-22T09:24:02,10000.0,10.3,S
2021-06-22T09:23:30,1700.0,10.3,S
2021-06-22T09:23:12,4900.0,10.3,S
2021-06-22T09:23:10,200.0,10.3,S
2021-06-22T09:23:09,900.0,10.3,S
2021-06-22T09:23:08,800.0,10.3,S
2021-06-22T09:22:55,100.0,10.3,S
2021-06-22T09:22:41,100.0,10.3,S
2021-06-22T09:22:37,2000.0,10.3,S
2021-06-22T09:22:20,1000.0,10.3,S
2021-06-22T09:21:57,200.0,10.3,S
2021-06-22T09:21:56,10000.0,10.3,S
2021-06-22T09:21:49,18000.0,10.3,S
2021-06-22T09:21:47,1000.0,10.3,S
2021-06-22T09:21:37,1400.0,10.3,S
2021-06-22T09:20:22,4000.0,10.3,S
2021-06-22T09:19:59,50000.0,10.3,S
2021-06-22T09:19:47,2000.0,10.4,B
2021-06-22T09:19:41,2300.0,10.4,B
2021-06-22T09:19:34,6000.0,10.4,B
2021-06-22T09:18:47,200.0,10.4,B
2021-06-22T09:18:14,3000.0,10.4,B
2021-06-22T09:18:11,100.0,10.4,B
2021-06-22T09:18:00,2000.0,10.4,B
2021-06-22T09:17:57,500.0,10.4,B
2021-06-22T09:17:40,2800.0,10.4,B
2021-06-22T09:17:26,100.0,10.4,B
2021-06-22T09:17:12,25000.0,10.4,B
2021-06-22T09:16:32,100.0,10.4,B
2021-06-22T09:16:16,1000.0,10.3,S
2021-06-22T09:15:59,2000.0,10.4,B
2021-06-22T09:15:24,1000.0,10.4,B
2021-06-22T09:15:13,4900.0,10.4,B
2021-06-22T09:15:12,1000.0,10.4,B
2021-06-22T09:14:19,100.0,10.4,B
2021-06-22T09:14:12,1000.0,10.4,B
2021-06-22T09:14:01,200.0,10.4,B
2021-06-22T09:13:53,5000.0,10.4,B
2021-06-22T09:13:34,300.0,10.4,B
2021-06-22T09:13:26,200.0,10.4,B
2021-06-22T09:13:06,1000.0,10.4,B
2021-06-22T09:12:18,100.0,10.4,B
2021-06-22T09:12:16,2500.0,10.4,B
2021-06-22T09:12:10,300.0,10.4,B
2021-06-22T09:11:45,1800.0,10.4,B
2021-06-22T09:11:36,100.0,10.4,B
2021-06-22T09:11:26,100.0,10.4,B
2021-06-22T09:11:17,1500.0,10.4,B
2021-06-22T09:10:17,2300.0,10.4,B
2021-06-22T09:10:09,500.0,10.4,B
2021-06-22T09:10:08,100.0,10.4,B
2021-06-22T09:09:55,300.0,10.4,B
2021-06-22T09:09:38,5000.0,10.4,B
2021-06-22T09:09:34,500.0,10.4,B
2021-06-22T09:09:33,5000.0,10.4,B
2021-06-22T09:09:18,1600.0,10.4,B
2021-06-22T09:09:13,20000.0,10.4,B
2021-06-22T09:09:06,600.0,10.4,B
2021-06-22T09:09:01,1000.0,10.4,B
2021-06-22T09:08:42,1000.0,10.4,B
2021-06-22T09:08:26,1500.0,10.4,B
2021-06-22T09:08:22,15000.0,10.4,B
2021-06-22T09:08:14,3000.0,10.4,B
2021-06-22T09:08:10,5000.0,10.4,B
2021-06-22T09:08:06,2000.0,10.4,B
2021-06-22T09:08:06,1000.0,10.4,B
2021-06-22T09:07:04,1000.0,10.4,B
2021-06-22T09:06:30,100.0,10.4,B
2021-06-22T09:05:54,5000.0,10.4,B
2021-06-22T09:05:11,5000.0,10.4,B
2021-06-22T09:03:23,100.0,10.4,B
2021-06-22T09:03:01,100.0,10.4,B
2021-06-22T09:01:03,100.0,10.4,B
2021-06-22T09:00:42,200.0,10.4,B
2021-06-22T09:00:28,300.0,10.3,S
2021-06-22T09:00:22,100.0,10.4,B
2021-06-22T09:00:22,100.0,10.3,S
2021-06-22T09:00:18,200.0,10.3,S
2021-06-22T09:00:12,100.0,10.4,B
2021-06-22T09:00:10,1000.0,10.4,B
2021-06-22T09:00:01,1000.0,10.4,S
