tradingTime,volume,price,side
2021-06-22T14:28:12,100.0,12.2,B
2021-06-22T14:28:02,5000.0,12.1,S
2021-06-22T14:27:56,100.0,12.1,S
2021-06-22T14:24:02,1000.0,12.2,B
2021-06-22T14:21:44,1000.0,12.2,B
2021-06-22T14:21:38,100.0,12.2,B
2021-06-22T14:20:11,1000.0,12.2,B
2021-06-22T14:19:57,2000.0,12.2,B
2021-06-22T14:18:25,100.0,12.2,B
2021-06-22T14:17:27,100.0,12.2,B
2021-06-22T14:17:16,100.0,12.2,B
2021-06-22T14:17:07,400.0,12.2,B
2021-06-22T14:15:42,300.0,12.2,B
2021-06-22T14:15:34,1000.0,12.2,B
2021-06-22T14:14:48,1000.0,12.2,B
2021-06-22T14:14:37,500.0,12.2,B
2021-06-22T14:14:26,2400.0,12.2,B
2021-06-22T14:13:02,3800.0,12.2,S
2021-06-22T14:13:00,2000.0,12.2,S
2021-06-22T14:12:59,500.0,12.2,S
2021-06-22T14:09:36,3000.0,12.2,S
2021-06-22T14:09:30,1700.0,12.2,S
2021-06-22T14:09:10,200.0,12.2,B
2021-06-22T14:09:05,100.0,12.2,S
2021-06-22T14:07:38,300.0,12.2,S
2021-06-22T14:07:37,100.0,12.2,B
2021-06-22T14:07:06,100.0,12.2,B
2021-06-22T14:06:12,200.0,12.2,B
2021-06-22T14:05:58,300.0,12.2,B
2021-06-22T14:05:57,100.0,12.2,S
2021-06-22T14:05:43,1000.0,12.2,B
2021-06-22T14:05:18,9100.0,12.2,B
2021-06-22T14:04:14,2000.0,12.2,B
2021-06-22T14:03:08,2000.0,12.2,B
2021-06-22T14:02:01,100.0,12.2,B
2021-06-22T14:00:13,6800.0,12.2,B
2021-06-22T13:59:52,500.0,12.2,B
2021-06-22T13:59:44,100.0,12.2,B
2021-06-22T13:57:06,1000.0,12.2,B
2021-06-22T13:56:52,2400.0,12.2,B
2021-06-22T13:56:24,400.0,12.2,B
2021-06-22T13:55:52,400.0,12.2,B
2021-06-22T13:55:13,100.0,12.2,B
2021-06-22T13:54:30,1000.0,12.2,B
2021-06-22T13:53:38,400.0,12.2,B
2021-06-22T13:53:27,3000.0,12.2,B
2021-06-22T13:52:49,3100.0,12.2,B
2021-06-22T13:50:50,900.0,12.2,B
2021-06-22T13:50:45,100.0,12.2,B
2021-06-22T13:50:44,5000.0,12.2,B
2021-06-22T13:49:45,200.0,12.2,B
2021-06-22T13:49:27,1500.0,12.2,B
2021-06-22T13:49:21,200.0,12.2,B
2021-06-22T13:49:00,800.0,12.2,S
2021-06-22T13:48:38,3400.0,12.2,B
2021-06-22T13:47:52,100.0,12.2,B
2021-06-22T13:47:46,500.0,12.2,B
2021-06-22T13:47:42,100.0,12.2,B
2021-06-22T13:47:32,100.0,12.2,B
2021-06-22T13:47:21,100.0,12.2,B
2021-06-22T13:47:19,500.0,12.2,B
2021-06-22T13:46:51,200.0,12.2,S
2021-06-22T13:46:49,500.0,12.2,S
2021-06-22T13:46:13,1000.0,12.2,S
2021-06-22T13:45:44,500.0,12.2,S
2021-06-22T13:44:37,200.0,12.2,S
2021-06-22T13:44:26,500.0,12.2,S
2021-06-22T13:44:06,200.0,12.2,S
2021-06-22T13:41:27,100.0,12.2,S
2021-06-22T13:41:15,100.0,12.2,S
2021-06-22T13:40:18,1000.0,12.2,S
2021-06-22T13:40:05,1000.0,12.2,S
2021-06-22T13:38:55,8600.0,12.2,B
2021-06-22T13:38:52,100.0,12.1,S
2021-06-22T13:38:41,100.0,12.2,B
2021-06-22T13:38:39,100.0,12.2,B
2021-06-22T13:38:37,100.0,12.2,B
2021-06-22T13:38:25,4800.0,12.2,B
2021-06-22T13:38:19,1000.0,12.2,B
2021-06-22T13:37:32,1000.0,12.2,B
2021-06-22T13:36:09,10000.0,12.2,B
2021-06-22T13:35:45,1400.0,12.1,S
2021-06-22T13:35:26,1900.0,12.1,S
2021-06-22T13:34:58,500.0,12.1,S
2021-06-22T13:34:47,1000.0,12.1,S
2021-06-22T13:34:37,200.0,12.1,B
2021-06-22T13:34:34,500.0,12.1,B
2021-06-22T13:34:31,1000.0,12.1,B
2021-06-22T13:34:15,4000.0,12.0,S
2021-06-22T13:34:05,7300.0,12.1,S
2021-06-22T13:34:03,400.0,12.1,S
2021-06-22T13:33:53,3000.0,12.1,S
2021-06-22T13:33:34,3900.0,12.1,S
2021-06-22T13:32:43,1000.0,12.1,S
2021-06-22T13:32:32,10000.0,12.1,S
2021-06-22T13:31:54,10000.0,12.1,S
2021-06-22T13:31:37,2500.0,12.2,B
2021-06-22T13:31:33,30000.0,12.1,S
2021-06-22T13:31:21,100.0,12.2,B
2021-06-22T13:31:13,300.0,12.2,B
2021-06-22T13:31:08,100.0,12.1,S
2021-06-22T13:31:06,500.0,12.2,B
2021-06-22T13:30:37,1000.0,12.2,B
2021-06-22T13:30:36,3000.0,12.2,B
2021-06-22T13:29:52,1000.0,12.2,B
2021-06-22T13:29:50,6800.0,12.2,S
2021-06-22T13:29:43,40000.0,12.2,S
2021-06-22T13:28:12,300.0,12.2,S
2021-06-22T13:28:09,600.0,12.2,S
2021-06-22T13:26:56,500.0,12.2,S
2021-06-22T13:26:50,1200.0,12.2,S
2021-06-22T13:26:43,1000.0,12.2,S
2021-06-22T13:26:14,100.0,12.2,S
2021-06-22T13:25:59,600.0,12.2,S
2021-06-22T13:25:11,400.0,12.2,S
2021-06-22T13:25:10,2000.0,12.2,S
2021-06-22T13:24:41,1500.0,12.2,S
2021-06-22T13:24:38,50000.0,12.2,S
2021-06-22T13:24:23,200.0,12.3,B
2021-06-22T13:22:17,2000.0,12.3,B
2021-06-22T13:22:00,200.0,12.3,B
2021-06-22T13:20:08,500.0,12.3,B
2021-06-22T13:18:16,800.0,12.3,B
2021-06-22T13:17:59,500.0,12.3,B
2021-06-22T13:17:56,1000.0,12.2,S
2021-06-22T13:17:54,5000.0,12.2,S
2021-06-22T13:17:19,11100.0,12.2,S
2021-06-22T13:16:46,100.0,12.2,S
2021-06-22T13:14:57,2000.0,12.2,S
2021-06-22T13:14:23,3900.0,12.3,B
2021-06-22T13:14:12,2000.0,12.3,S
2021-06-22T13:14:03,2000.0,12.3,S
2021-06-22T13:13:50,2000.0,12.3,S
2021-06-22T13:13:40,2000.0,12.3,S
2021-06-22T13:13:27,2000.0,12.3,S
2021-06-22T13:12:56,1000.0,12.3,S
2021-06-22T13:12:37,6000.0,12.3,S
2021-06-22T13:12:35,200.0,12.3,S
2021-06-22T13:12:28,2600.0,12.3,S
2021-06-22T13:09:54,400.0,12.3,S
2021-06-22T13:09:43,500.0,12.3,S
2021-06-22T13:07:58,4500.0,12.3,S
2021-06-22T13:07:37,300.0,12.3,S
2021-06-22T13:03:24,2200.0,12.4,B
2021-06-22T13:01:38,1000.0,12.4,B
2021-06-22T13:01:17,1200.0,12.4,B
2021-06-22T13:00:04,5000.0,12.4,B
2021-06-22T11:29:47,100.0,12.4,B
2021-06-22T11:25:09,200.0,12.3,B
2021-06-22T11:24:37,500.0,12.3,B
2021-06-22T11:24:22,100.0,12.3,B
2021-06-22T11:24:11,100.0,12.2,S
2021-06-22T11:24:08,1000.0,12.3,B
2021-06-22T11:24:05,200.0,12.3,B
2021-06-22T11:24:03,10000.0,12.3,B
2021-06-22T11:23:52,4000.0,12.3,B
2021-06-22T11:23:46,100.0,12.3,B
2021-06-22T11:23:42,500.0,12.3,B
2021-06-22T11:22:37,20700.0,12.3,B
2021-06-22T11:22:33,27000.0,12.3,S
2021-06-22T11:22:26,18400.0,12.3,S
2021-06-22T11:20:57,27400.0,12.3,S
2021-06-22T11:19:31,100.0,12.4,B
2021-06-22T11:17:56,37400.0,12.3,S
2021-06-22T11:17:47,400.0,12.3,S
2021-06-22T11:15:00,100.0,12.3,S
2021-06-22T11:14:18,300.0,12.3,S
2021-06-22T11:14:10,500.0,12.3,S
2021-06-22T11:12:27,100.0,12.3,S
2021-06-22T11:11:54,6600.0,12.3,S
2021-06-22T11:11:14,3500.0,12.3,S
2021-06-22T11:10:35,3400.0,12.4,S
2021-06-22T11:10:30,100.0,12.4,S
2021-06-22T11:10:18,1500.0,12.4,S
2021-06-22T11:09:54,100.0,12.4,B
2021-06-22T11:09:31,300.0,12.4,S
2021-06-22T11:09:07,20000.0,12.4,S
2021-06-22T11:08:28,300.0,12.4,S
2021-06-22T11:07:36,1000.0,12.4,S
2021-06-22T11:06:36,29100.0,12.4,B
2021-06-22T11:06:21,1000.0,12.3,S
2021-06-22T11:06:06,100.0,12.4,B
2021-06-22T11:03:30,5500.0,12.4,S
2021-06-22T11:02:52,2000.0,12.4,S
2021-06-22T11:02:11,100.0,12.5,B
2021-06-22T11:01:08,100.0,12.4,S
2021-06-22T11:00:09,4500.0,12.4,B
2021-06-22T10:59:01,1600.0,12.4,B
2021-06-22T10:58:30,500.0,12.4,B
2021-06-22T10:58:28,1000.0,12.4,B
2021-06-22T10:58:14,100.0,12.4,B
2021-06-22T10:57:34,1000.0,12.4,B
2021-06-22T10:56:31,200.0,12.4,B
2021-06-22T10:55:41,1000.0,12.3,S
2021-06-22T10:55:19,200.0,12.3,S
2021-06-22T10:55:18,100.0,12.4,B
2021-06-22T10:54:55,100.0,12.4,B
2021-06-22T10:53:43,200.0,12.4,B
2021-06-22T10:53:40,200.0,12.4,B
2021-06-22T10:52:41,100.0,12.4,B
2021-06-22T10:52:34,100.0,12.4,B
2021-06-22T10:51:53,600.0,12.4,B
2021-06-22T10:50:54,5000.0,12.4,B
2021-06-22T10:50:40,300.0,12.3,S
2021-06-22T10:47:49,2000.0,12.4,B
2021-06-22T10:47:38,100.0,12.4,B
2021-06-22T10:47:32,100.0,12.4,S
2021-06-22T10:47:31,900.0,12.4,B
2021-06-22T10:47:01,200.0,12.4,B
2021-06-22T10:46:41,900.0,12.4,S
2021-06-22T10:46:23,200.0,12.4,S
2021-06-22T10:46:00,1000.0,12.4,S
2021-06-22T10:44:10,1000.0,12.4,S
2021-06-22T10:42:50,100.0,12.4,S
2021-06-22T10:41:31,9000.0,12.4,B
2021-06-22T10:41:31,200.0,12.4,B
2021-06-22T10:41:16,1000.0,12.4,B
2021-06-22T10:41:08,5000.0,12.4,B
2021-06-22T10:40:52,10000.0,12.4,B
2021-06-22T10:40:26,100.0,12.4,B
2021-06-22T10:39:17,2000.0,12.4,B
2021-06-22T10:38:47,500.0,12.4,B
2021-06-22T10:38:17,2400.0,12.4,B
2021-06-22T10:37:52,500.0,12.4,B
2021-06-22T10:37:36,100.0,12.4,B
2021-06-22T10:37:27,100.0,12.4,B
2021-06-22T10:35:42,1000.0,12.4,B
2021-06-22T10:35:08,100.0,12.4,B
2021-06-22T10:35:04,10000.0,12.4,B
2021-06-22T10:32:31,100.0,12.4,B
2021-06-22T10:31:16,65000.0,12.5,B
2021-06-22T10:28:28,500.0,12.4,B
2021-06-22T10:27:04,200.0,12.3,S
2021-06-22T10:26:23,10000.0,12.4,B
2021-06-22T10:26:06,500.0,12.4,B
2021-06-22T10:25:49,2000.0,12.4,B
2021-06-22T10:25:46,100.0,12.4,B
2021-06-22T10:25:45,1000.0,12.4,B
2021-06-22T10:25:19,5400.0,12.4,S
2021-06-22T10:25:08,100.0,12.4,S
2021-06-22T10:25:06,8600.0,12.4,S
2021-06-22T10:24:36,500.0,12.4,B
2021-06-22T10:24:22,1100.0,12.4,B
2021-06-22T10:23:53,100.0,12.4,B
2021-06-22T10:23:32,500.0,12.4,B
2021-06-22T10:23:27,400.0,12.4,B
2021-06-22T10:23:12,300.0,12.4,B
2021-06-22T10:23:03,200.0,12.4,B
2021-06-22T10:22:56,7800.0,12.4,B
2021-06-22T10:22:48,500.0,12.4,B
2021-06-22T10:22:38,5000.0,12.4,B
2021-06-22T10:22:21,500.0,12.4,B
2021-06-22T10:21:32,3000.0,12.4,B
2021-06-22T10:21:25,300.0,12.4,B
2021-06-22T10:21:01,100.0,12.4,B
2021-06-22T10:20:26,1800.0,12.4,B
2021-06-22T10:20:17,200.0,12.4,B
2021-06-22T10:20:09,2000.0,12.4,B
2021-06-22T10:19:20,500.0,12.4,B
2021-06-22T10:19:09,100.0,12.4,B
2021-06-22T10:19:01,200.0,12.4,B
2021-06-22T10:18:56,100.0,12.3,S
2021-06-22T10:18:52,2200.0,12.4,B
2021-06-22T10:17:58,300.0,12.4,B
2021-06-22T10:17:56,4500.0,12.4,B
2021-06-22T10:17:45,5200.0,12.4,S
2021-06-22T10:16:42,30000.0,12.4,S
2021-06-22T10:16:20,30000.0,12.4,S
2021-06-22T10:16:01,100.0,12.4,S
2021-06-22T10:15:34,100.0,12.4,S
2021-06-22T10:15:33,200.0,12.4,S
2021-06-22T10:15:11,200.0,12.5,B
2021-06-22T10:13:36,500.0,12.5,B
2021-06-22T10:10:36,1000.0,12.5,B
2021-06-22T10:10:07,1000.0,12.5,B
2021-06-22T10:07:14,300.0,12.5,B
2021-06-22T10:06:52,3000.0,12.5,B
2021-06-22T10:06:49,9900.0,12.5,B
2021-06-22T10:06:46,200.0,12.5,B
2021-06-22T10:06:18,17000.0,12.5,B
2021-06-22T10:06:12,100.0,12.4,S
2021-06-22T10:04:05,200.0,12.4,S
2021-06-22T10:02:29,5000.0,12.4,S
2021-06-22T10:02:27,100.0,12.5,B
2021-06-22T10:01:59,100.0,12.5,B
2021-06-22T10:01:13,5000.0,12.5,B
2021-06-22T10:01:05,300.0,12.5,B
2021-06-22T10:01:03,300.0,12.5,B
2021-06-22T10:01:01,5000.0,12.5,B
2021-06-22T10:00:42,100.0,12.5,B
2021-06-22T10:00:20,100.0,12.4,S
2021-06-22T10:00:14,100.0,12.5,B
2021-06-22T10:00:04,2300.0,12.5,S
2021-06-22T09:59:51,600.0,12.5,S
2021-06-22T09:59:51,1500.0,12.5,S
2021-06-22T09:59:48,500.0,12.5,S
2021-06-22T09:59:33,500.0,12.5,S
2021-06-22T09:59:24,100.0,12.5,S
2021-06-22T09:57:10,10000.0,12.5,S
2021-06-22T09:56:57,8000.0,12.5,S
2021-06-22T09:56:51,500.0,12.5,S
2021-06-22T09:56:21,500.0,12.6,B
2021-06-22T09:55:43,5000.0,12.5,S
2021-06-22T09:55:16,1200.0,12.5,S
2021-06-22T09:54:57,5000.0,12.5,S
2021-06-22T09:54:53,100.0,12.5,S
2021-06-22T09:54:34,10000.0,12.5,S
2021-06-22T09:54:05,200.0,12.5,S
2021-06-22T09:53:43,600.0,12.5,S
2021-06-22T09:53:26,200.0,12.5,S
2021-06-22T09:53:14,300.0,12.5,S
2021-06-22T09:52:28,100.0,12.5,S
2021-06-22T09:52:18,1000.0,12.5,S
2021-06-22T09:52:13,1000.0,12.5,S
2021-06-22T09:52:04,500.0,12.5,S
2021-06-22T09:51:19,2000.0,12.5,S
2021-06-22T09:51:04,2000.0,12.5,S
2021-06-22T09:51:01,200.0,12.5,S
2021-06-22T09:50:28,4000.0,12.5,S
2021-06-22T09:49:03,200.0,12.5,S
2021-06-22T09:48:09,500.0,12.5,S
2021-06-22T09:47:52,5000.0,12.5,S
2021-06-22T09:47:37,1200.0,12.5,S
2021-06-22T09:47:12,500.0,12.5,S
2021-06-22T09:47:04,500.0,12.5,S
2021-06-22T09:46:26,1000.0,12.5,S
2021-06-22T09:46:11,5000.0,12.5,S
2021-06-22T09:45:22,1000.0,12.5,S
2021-06-22T09:44:51,2600.0,12.5,S
2021-06-22T09:44:17,500.0,12.5,S
2021-06-22T09:44:17,1000.0,12.5,S
2021-06-22T09:43:48,1000.0,12.5,S
2021-06-22T09:43:13,100.0,12.6,B
2021-06-22T09:42:38,100.0,12.6,B
2021-06-22T09:42:25,200.0,12.6,B
2021-06-22T09:42:14,1000.0,12.6,B
2021-06-22T09:42:11,200.0,12.6,B
2021-06-22T09:42:10,600.0,12.5,S
2021-06-22T09:42:00,200.0,12.6,B
2021-06-22T09:41:59,100.0,12.6,B
2021-06-22T09:41:44,200.0,12.6,B
2021-06-22T09:40:54,100.0,12.6,B
2021-06-22T09:40:25,600.0,12.6,B
2021-06-22T09:40:18,100.0,12.6,B
2021-06-22T09:40:01,500.0,12.5,S
2021-06-22T09:39:53,100.0,12.6,B
2021-06-22T09:39:09,500.0,12.5,S
2021-06-22T09:38:27,3000.0,12.5,S
2021-06-22T09:38:07,2000.0,12.6,B
2021-06-22T09:37:56,100.0,12.6,B
2021-06-22T09:37:46,100.0,12.6,B
2021-06-22T09:37:21,100.0,12.6,B
2021-06-22T09:37:19,300.0,12.5,S
2021-06-22T09:36:50,24600.0,12.5,S
2021-06-22T09:36:38,100.0,12.5,B
2021-06-22T09:36:26,100.0,12.5,B
2021-06-22T09:36:12,100.0,12.5,B
2021-06-22T09:36:00,100.0,12.5,B
2021-06-22T09:35:49,100.0,12.5,B
2021-06-22T09:35:36,100.0,12.5,B
2021-06-22T09:35:26,100.0,12.5,B
2021-06-22T09:35:03,8800.0,12.5,S
2021-06-22T09:34:45,100000.0,12.5,S
2021-06-22T09:34:43,500.0,12.6,B
2021-06-22T09:33:38,500.0,12.5,S
2021-06-22T09:33:36,2000.0,12.5,S
2021-06-22T09:33:22,1100.0,12.5,S
2021-06-22T09:32:38,1800.0,12.5,S
2021-06-22T09:31:15,400.0,12.6,B
2021-06-22T09:30:42,100.0,12.6,B
2021-06-22T09:30:40,100.0,12.6,B
2021-06-22T09:30:06,1000.0,12.6,B
2021-06-22T09:28:46,300.0,12.6,B
2021-06-22T09:28:41,100.0,12.6,B
2021-06-22T09:28:28,100.0,12.6,B
2021-06-22T09:28:16,1000.0,12.5,S
2021-06-22T09:28:14,100.0,12.6,B
2021-06-22T09:28:01,100.0,12.6,B
2021-06-22T09:27:49,100.0,12.6,B
2021-06-22T09:27:35,100.0,12.6,B
2021-06-22T09:27:30,200.0,12.5,S
2021-06-22T09:27:23,100.0,12.6,B
2021-06-22T09:27:19,1000.0,12.6,B
2021-06-22T09:27:14,1000.0,12.5,S
2021-06-22T09:27:10,100.0,12.6,B
2021-06-22T09:27:02,100.0,12.6,B
2021-06-22T09:26:53,100.0,12.6,B
2021-06-22T09:26:47,1000.0,12.6,B
2021-06-22T09:26:37,200.0,12.6,B
2021-06-22T09:26:36,100.0,12.6,B
2021-06-22T09:26:22,100.0,12.6,B
2021-06-22T09:26:12,100.0,12.6,B
2021-06-22T09:26:01,100.0,12.6,B
2021-06-22T09:25:56,1000.0,12.5,S
2021-06-22T09:25:50,100.0,12.6,B
2021-06-22T09:25:27,200.0,12.5,S
2021-06-22T09:25:26,21800.0,12.6,S
2021-06-22T09:25:21,1000.0,12.6,S
2021-06-22T09:25:17,300.0,12.6,S
2021-06-22T09:25:08,500.0,12.6,S
2021-06-22T09:25:05,3000.0,12.6,S
2021-06-22T09:25:01,21700.0,12.6,B
2021-06-22T09:24:56,18300.0,12.6,S
2021-06-22T09:24:54,2000.0,12.6,S
2021-06-22T09:24:46,2600.0,12.6,S
2021-06-22T09:24:43,200.0,12.6,S
2021-06-22T09:24:33,100.0,12.6,S
2021-06-22T09:24:32,500.0,12.6,S
2021-06-22T09:24:04,2000.0,12.6,S
2021-06-22T09:24:02,1000.0,12.6,S
2021-06-22T09:23:53,1500.0,12.6,S
2021-06-22T09:23:41,1000.0,12.6,S
2021-06-22T09:23:35,2000.0,12.6,S
2021-06-22T09:23:32,5100.0,12.6,S
2021-06-22T09:23:27,5000.0,12.6,S
2021-06-22T09:23:24,1000.0,12.6,S
2021-06-22T09:23:20,500.0,12.6,S
2021-06-22T09:23:18,1000.0,12.6,S
2021-06-22T09:23:16,2000.0,12.6,S
2021-06-22T09:23:10,500.0,12.6,S
2021-06-22T09:22:52,2000.0,12.6,S
2021-06-22T09:22:04,2000.0,12.6,S
2021-06-22T09:21:57,1000.0,12.6,S
2021-06-22T09:21:49,500.0,12.6,S
2021-06-22T09:21:09,2000.0,12.6,S
2021-06-22T09:21:09,3000.0,12.7,B
2021-06-22T09:20:53,100.0,12.6,S
2021-06-22T09:20:33,2000.0,12.6,S
2021-06-22T09:20:29,500.0,12.6,S
2021-06-22T09:20:25,3000.0,12.6,S
2021-06-22T09:20:23,100.0,12.6,S
2021-06-22T09:20:23,200.0,12.6,S
2021-06-22T09:20:16,300.0,12.6,S
2021-06-22T09:20:05,2300.0,12.6,S
2021-06-22T09:19:45,1000.0,12.6,S
2021-06-22T09:19:37,5000.0,12.6,S
2021-06-22T09:19:35,20000.0,12.7,B
2021-06-22T09:19:35,1000.0,12.6,S
2021-06-22T09:19:27,4000.0,12.6,S
2021-06-22T09:19:26,100.0,12.6,S
2021-06-22T09:19:19,500.0,12.6,S
2021-06-22T09:19:18,5000.0,12.6,S
2021-06-22T09:19:00,1000.0,12.6,S
2021-06-22T09:18:49,500.0,12.7,B
2021-06-22T09:17:55,3000.0,12.7,B
2021-06-22T09:17:27,100.0,12.7,B
2021-06-22T09:16:30,600.0,12.7,B
2021-06-22T09:16:10,100.0,12.7,B
2021-06-22T09:16:00,500.0,12.7,B
2021-06-22T09:15:59,100.0,12.7,B
2021-06-22T09:15:45,100.0,12.7,B
2021-06-22T09:15:35,100.0,12.7,B
2021-06-22T09:15:29,500.0,12.6,S
2021-06-22T09:15:25,100.0,12.7,B
2021-06-22T09:14:52,300.0,12.6,S
2021-06-22T09:14:52,1100.0,12.6,S
2021-06-22T09:14:51,100.0,12.7,B
2021-06-22T09:14:37,100.0,12.7,B
2021-06-22T09:14:30,100.0,12.6,S
2021-06-22T09:13:53,1000.0,12.6,S
2021-06-22T09:13:52,1000.0,12.7,B
2021-06-22T09:13:19,100.0,12.7,B
2021-06-22T09:13:08,100.0,12.7,B
2021-06-22T09:12:56,100.0,12.7,B
2021-06-22T09:12:53,2200.0,12.7,B
2021-06-22T09:12:39,100.0,12.7,B
2021-06-22T09:12:24,100.0,12.7,B
2021-06-22T09:12:19,10000.0,12.7,B
2021-06-22T09:12:10,100.0,12.7,B
2021-06-22T09:11:53,100.0,12.7,B
2021-06-22T09:11:38,100.0,12.7,B
2021-06-22T09:11:27,3600.0,12.6,S
2021-06-22T09:11:25,100.0,12.7,B
2021-06-22T09:11:08,300.0,12.6,S
2021-06-22T09:11:05,100.0,12.6,S
2021-06-22T09:10:43,1000.0,12.6,S
2021-06-22T09:10:41,100.0,12.6,S
2021-06-22T09:10:11,4200.0,12.6,S
2021-06-22T09:10:05,400.0,12.6,B
2021-06-22T09:10:02,1000.0,12.6,B
2021-06-22T09:09:34,5000.0,12.6,B
2021-06-22T09:08:15,200.0,12.6,B
2021-06-22T09:08:06,200.0,12.6,B
2021-06-22T09:07:43,600.0,12.6,B
2021-06-22T09:07:37,6400.0,12.6,S
2021-06-22T09:07:29,1000.0,12.6,B
2021-06-22T09:07:27,1000.0,12.6,B
2021-06-22T09:07:17,2500.0,12.6,B
2021-06-22T09:07:15,4700.0,12.6,B
2021-06-22T09:07:06,200.0,12.6,S
2021-06-22T09:07:03,6100.0,12.6,S
2021-06-22T09:06:44,1000.0,12.6,B
2021-06-22T09:06:43,2000.0,12.6,B
2021-06-22T09:06:26,200.0,12.6,B
2021-06-22T09:06:22,300.0,12.6,B
2021-06-22T09:06:20,2000.0,12.6,S
2021-06-22T09:06:17,1000.0,12.6,S
2021-06-22T09:06:02,500.0,12.6,S
2021-06-22T09:05:37,3000.0,12.6,S
2021-06-22T09:05:11,400.0,12.7,B
2021-06-22T09:03:33,700.0,12.7,B
2021-06-22T09:03:13,100.0,12.7,B
2021-06-22T09:03:11,1000.0,12.6,S
2021-06-22T09:02:44,1000.0,12.6,S
2021-06-22T09:02:41,200.0,12.6,S
2021-06-22T09:02:37,3000.0,12.6,S
2021-06-22T09:02:33,8000.0,12.6,B
2021-06-22T09:02:31,2000.0,12.6,B
2021-06-22T09:02:29,200.0,12.6,B
2021-06-22T09:01:19,1200.0,12.5,S
2021-06-22T09:01:18,300.0,12.5,S
2021-06-22T09:00:30,10200.0,12.5,S
