tradingTime,volume,price,side
2021-06-22T14:26:47,30000.0,7.3,S
2021-06-22T14:26:31,800.0,7.4,B
2021-06-22T14:26:12,1000.0,7.4,B
2021-06-22T14:24:54,800.0,7.4,S
2021-06-22T14:24:01,200.0,7.4,S
2021-06-22T14:23:54,200.0,7.4,S
2021-06-22T14:23:18,2000.0,7.4,S
2021-06-22T14:23:09,1000.0,7.4,S
2021-06-22T14:23:00,1900.0,7.4,S
2021-06-22T14:22:54,5700.0,7.4,B
2021-06-22T14:22:40,4100.0,7.4,B
2021-06-22T14:22:26,500.0,7.4,B
2021-06-22T14:22:00,3800.0,7.4,B
2021-06-22T14:21:59,500.0,7.4,B
2021-06-22T14:21:29,100.0,7.4,B
2021-06-22T14:21:12,1000.0,7.4,B
2021-06-22T14:18:40,1300.0,7.4,B
2021-06-22T14:18:35,200.0,7.4,B
2021-06-22T14:18:28,300.0,7.4,B
2021-06-22T14:18:00,2400.0,7.4,B
2021-06-22T14:16:52,400.0,7.4,B
2021-06-22T14:16:45,6000.0,7.3,S
2021-06-22T14:16:15,200.0,7.4,B
2021-06-22T14:15:40,500.0,7.4,B
2021-06-22T14:15:30,100.0,7.4,B
2021-06-22T14:14:51,500.0,7.4,B
2021-06-22T14:14:29,100.0,7.4,B
2021-06-22T14:13:58,900.0,7.4,S
2021-06-22T14:13:43,400.0,7.5,B
2021-06-22T14:13:39,1600.0,7.5,B
2021-06-22T14:13:18,35000.0,7.4,S
2021-06-22T14:12:16,1000.0,7.5,B
2021-06-22T14:10:19,1000.0,7.5,B
2021-06-22T14:08:18,5000.0,7.5,B
2021-06-22T14:06:34,1400.0,7.5,B
2021-06-22T14:06:30,26000.0,7.5,B
2021-06-22T14:06:09,1000.0,7.4,S
2021-06-22T14:05:41,200.0,7.4,S
2021-06-22T14:04:15,1000.0,7.5,B
2021-06-22T14:04:09,400.0,7.4,B
2021-06-22T14:03:45,1600.0,7.4,S
2021-06-22T14:03:42,200.0,7.4,S
2021-06-22T14:03:21,14200.0,7.4,B
2021-06-22T14:03:12,2500.0,7.4,B
2021-06-22T14:01:50,300.0,7.4,B
2021-06-22T13:59:28,10000.0,7.4,B
2021-06-22T13:59:28,1000.0,7.4,B
2021-06-22T13:58:44,2000.0,7.4,B
2021-06-22T13:58:43,11000.0,7.4,B
2021-06-22T13:55:50,2000.0,7.4,B
2021-06-22T13:55:18,7100.0,7.4,B
2021-06-22T13:55:15,200.0,7.4,B
2021-06-22T13:54:23,200.0,7.4,B
2021-06-22T13:54:00,1800.0,7.4,B
2021-06-22T13:53:21,5000.0,7.4,S
2021-06-22T13:51:41,5200.0,7.4,B
2021-06-22T13:51:30,200.0,7.4,B
2021-06-22T13:51:18,100.0,7.4,B
2021-06-22T13:51:00,500.0,7.4,S
2021-06-22T13:50:58,1000.0,7.4,S
2021-06-22T13:50:42,5000.0,7.4,S
2021-06-22T13:50:31,5000.0,7.4,S
2021-06-22T13:50:19,200.0,7.4,S
2021-06-22T13:49:11,50300.0,7.4,S
2021-06-22T13:48:47,2500.0,7.4,S
2021-06-22T13:48:44,3000.0,7.4,S
2021-06-22T13:48:10,500.0,7.4,S
2021-06-22T13:47:33,100.0,7.4,S
2021-06-22T13:47:06,1000.0,7.5,B
2021-06-22T13:46:33,300.0,7.5,B
2021-06-22T13:46:32,900.0,7.4,S
2021-06-22T13:46:01,300.0,7.5,B
2021-06-22T13:43:10,100.0,7.5,B
2021-06-22T13:43:01,500.0,7.5,B
2021-06-22T13:41:05,1300.0,7.5,B
2021-06-22T13:41:02,3000.0,7.4,S
2021-06-22T13:40:41,1000.0,7.5,B
2021-06-22T13:40:24,1000.0,7.5,B
2021-06-22T13:39:31,1000.0,7.5,B
2021-06-22T13:39:05,1000.0,7.5,B
2021-06-22T13:38:53,1000.0,7.5,B
2021-06-22T13:38:39,2500.0,7.5,B
2021-06-22T13:38:23,1000.0,7.5,B
2021-06-22T13:36:57,2000.0,7.5,B
2021-06-22T13:34:50,2000.0,7.5,B
2021-06-22T13:34:42,100.0,7.5,B
2021-06-22T13:34:34,3800.0,7.5,B
2021-06-22T13:33:24,16500.0,7.5,B
2021-06-22T13:33:07,16000.0,7.5,B
2021-06-22T13:32:35,1000.0,7.5,B
2021-06-22T13:32:11,1000.0,7.5,B
2021-06-22T13:31:34,300.0,7.5,B
2021-06-22T13:31:20,2000.0,7.5,B
2021-06-22T13:30:47,1000.0,7.5,B
2021-06-22T13:29:32,1000.0,7.5,B
2021-06-22T13:28:56,600.0,7.5,B
2021-06-22T13:28:20,5000.0,7.5,B
2021-06-22T13:28:16,1000.0,7.5,B
2021-06-22T13:28:15,9200.0,7.5,B
2021-06-22T13:27:50,7000.0,7.5,B
2021-06-22T13:27:44,1200.0,7.5,B
2021-06-22T13:27:26,2400.0,7.5,B
2021-06-22T13:26:46,500.0,7.5,B
2021-06-22T13:26:38,100.0,7.5,B
2021-06-22T13:26:37,1000.0,7.5,B
2021-06-22T13:26:36,7000.0,7.5,B
2021-06-22T13:26:18,4700.0,7.5,B
2021-06-22T13:25:44,10000.0,7.5,B
2021-06-22T13:25:24,1000.0,7.5,B
2021-06-22T13:25:12,2100.0,7.5,B
2021-06-22T13:24:55,100.0,7.4,S
2021-06-22T13:24:47,100.0,7.4,S
2021-06-22T13:24:32,400.0,7.4,S
2021-06-22T13:22:50,2000.0,7.5,B
2021-06-22T13:21:54,500.0,7.5,B
2021-06-22T13:20:50,9200.0,7.5,B
2021-06-22T13:20:47,1000.0,7.5,B
2021-06-22T13:20:41,2700.0,7.5,B
2021-06-22T13:20:38,700.0,7.5,B
2021-06-22T13:19:51,10000.0,7.5,B
2021-06-22T13:19:37,3000.0,7.5,B
2021-06-22T13:19:15,8000.0,7.5,B
2021-06-22T13:19:02,1000.0,7.5,B
2021-06-22T13:18:15,5000.0,7.5,B
2021-06-22T13:17:48,5000.0,7.5,B
2021-06-22T13:17:22,10000.0,7.5,B
2021-06-22T13:17:13,1000.0,7.4,S
2021-06-22T13:17:11,500.0,7.5,B
2021-06-22T13:16:40,100.0,7.5,B
2021-06-22T13:16:03,10000.0,7.5,B
2021-06-22T13:15:52,600.0,7.5,B
2021-06-22T13:15:38,1000.0,7.5,B
2021-06-22T13:13:47,11000.0,7.5,B
2021-06-22T13:13:42,600.0,7.5,B
2021-06-22T13:13:07,300.0,7.5,B
2021-06-22T13:12:55,1000.0,7.5,B
2021-06-22T13:12:46,8200.0,7.5,S
2021-06-22T13:12:41,12700.0,7.5,B
2021-06-22T13:12:27,5000.0,7.5,B
2021-06-22T13:12:20,7000.0,7.5,B
2021-06-22T13:12:16,500.0,7.5,B
2021-06-22T13:12:15,1100.0,7.5,B
2021-06-22T13:12:13,600.0,7.5,B
2021-06-22T13:11:47,30000.0,7.5,B
2021-06-22T13:11:35,500.0,7.5,B
2021-06-22T13:11:31,5000.0,7.5,B
2021-06-22T13:11:26,200.0,7.5,B
2021-06-22T13:11:17,500.0,7.5,B
2021-06-22T13:10:34,3200.0,7.5,B
2021-06-22T13:10:13,10000.0,7.5,B
2021-06-22T13:10:03,10000.0,7.5,B
2021-06-22T13:09:54,500.0,7.5,B
2021-06-22T13:09:44,500.0,7.5,B
2021-06-22T13:09:32,1000.0,7.5,B
2021-06-22T13:09:22,10000.0,7.5,B
2021-06-22T13:09:20,200.0,7.5,B
2021-06-22T13:08:53,2000.0,7.5,B
2021-06-22T13:08:52,700.0,7.5,B
2021-06-22T13:08:40,800.0,7.5,B
2021-06-22T13:06:01,2000.0,7.4,S
2021-06-22T13:06:00,100.0,7.5,B
2021-06-22T13:05:03,1000.0,7.4,S
2021-06-22T13:05:03,25000.0,7.4,S
2021-06-22T13:03:15,5700.0,7.4,S
2021-06-22T13:03:14,500.0,7.4,B
2021-06-22T13:03:13,100.0,7.4,B
2021-06-22T13:03:11,100.0,7.4,B
2021-06-22T13:03:09,1000.0,7.4,B
2021-06-22T13:03:05,5000.0,7.4,B
2021-06-22T13:02:56,100.0,7.4,B
2021-06-22T13:02:43,10000.0,7.4,B
2021-06-22T13:02:39,1000.0,7.4,B
2021-06-22T13:02:36,23000.0,7.4,B
2021-06-22T13:02:20,11200.0,7.4,B
2021-06-22T13:02:12,500.0,7.4,B
2021-06-22T13:02:10,500.0,7.4,B
2021-06-22T13:01:59,10000.0,7.4,B
2021-06-22T13:00:37,30000.0,7.4,B
2021-06-22T13:00:12,200.0,7.3,S
2021-06-22T13:00:08,10300.0,7.4,B
2021-06-22T13:00:07,10000.0,7.4,B
2021-06-22T13:00:04,2000.0,7.3,S
2021-06-22T13:00:03,1700.0,7.3,S
2021-06-22T13:00:03,200.0,7.4,B
2021-06-22T13:00:02,10200.0,7.4,B
2021-06-22T11:29:19,600.0,7.3,S
2021-06-22T11:29:04,200.0,7.3,S
2021-06-22T11:28:50,500.0,7.3,S
2021-06-22T11:27:54,500.0,7.3,S
2021-06-22T11:26:22,100.0,7.3,S
2021-06-22T11:25:13,700.0,7.3,B
2021-06-22T11:25:03,5300.0,7.3,S
2021-06-22T11:24:34,1200.0,7.3,B
2021-06-22T11:24:30,100.0,7.3,B
2021-06-22T11:24:14,100.0,7.3,B
2021-06-22T11:24:06,1000.0,7.3,B
2021-06-22T11:23:59,3500.0,7.3,B
2021-06-22T11:23:43,25000.0,7.3,B
2021-06-22T11:22:02,4000.0,7.3,B
2021-06-22T11:21:30,200.0,7.3,B
2021-06-22T11:21:12,100.0,7.3,B
2021-06-22T11:20:24,800.0,7.3,B
2021-06-22T11:20:21,500.0,7.3,B
2021-06-22T11:19:57,10000.0,7.3,B
2021-06-22T11:19:13,200.0,7.3,B
2021-06-22T11:19:12,1000.0,7.3,B
2021-06-22T11:19:07,1000.0,7.3,B
2021-06-22T11:18:52,500.0,7.3,B
2021-06-22T11:18:45,500.0,7.3,B
2021-06-22T11:18:41,1000.0,7.3,B
2021-06-22T11:17:57,1000.0,7.3,B
2021-06-22T11:17:16,500.0,7.3,B
2021-06-22T11:17:09,500.0,7.3,B
2021-06-22T11:17:01,1000.0,7.3,B
2021-06-22T11:16:50,1000.0,7.3,B
2021-06-22T11:16:47,500.0,7.3,B
2021-06-22T11:16:46,4000.0,7.3,B
2021-06-22T11:16:43,100.0,7.3,B
2021-06-22T11:16:34,1000.0,7.3,B
2021-06-22T11:16:14,500.0,7.3,B
2021-06-22T11:15:57,500.0,7.3,B
2021-06-22T11:15:52,200.0,7.3,B
2021-06-22T11:15:48,500.0,7.3,B
2021-06-22T11:14:52,100.0,7.3,B
2021-06-22T11:14:51,100.0,7.3,B
2021-06-22T11:13:44,500.0,7.3,B
2021-06-22T11:12:56,500.0,7.3,B
2021-06-22T11:12:25,2000.0,7.3,B
2021-06-22T11:11:47,100.0,7.3,S
2021-06-22T11:11:46,23800.0,7.3,S
2021-06-22T11:09:40,3300.0,7.3,S
2021-06-22T11:09:05,5000.0,7.3,S
2021-06-22T11:08:48,3000.0,7.3,S
2021-06-22T11:08:16,1000.0,7.3,S
2021-06-22T11:08:01,300.0,7.3,S
2021-06-22T11:07:50,300.0,7.4,B
2021-06-22T11:06:32,1300.0,7.4,B
2021-06-22T11:06:17,500.0,7.4,B
2021-06-22T11:06:05,1000.0,7.4,B
2021-06-22T11:05:38,2000.0,7.4,B
2021-06-22T11:05:34,700.0,7.3,S
2021-06-22T11:05:32,400.0,7.3,S
2021-06-22T11:05:06,4000.0,7.3,S
2021-06-22T11:04:46,10000.0,7.3,S
2021-06-22T11:04:42,200.0,7.3,S
2021-06-22T11:04:34,1000.0,7.3,S
2021-06-22T11:04:27,5000.0,7.3,S
2021-06-22T11:03:50,300.0,7.3,S
2021-06-22T11:02:55,500.0,7.3,S
2021-06-22T11:01:19,100.0,7.4,B
2021-06-22T11:00:22,100.0,7.4,B
2021-06-22T10:56:44,100.0,7.4,B
2021-06-22T10:56:34,500.0,7.3,S
2021-06-22T10:56:13,1000.0,7.3,S
2021-06-22T10:54:42,1000.0,7.4,B
2021-06-22T10:54:03,100.0,7.4,B
2021-06-22T10:53:53,3100.0,7.4,S
2021-06-22T10:53:43,30000.0,7.4,S
2021-06-22T10:53:19,5000.0,7.4,S
2021-06-22T10:52:53,5000.0,7.4,S
2021-06-22T10:52:20,30000.0,7.5,B
2021-06-22T10:52:11,3000.0,7.5,B
2021-06-22T10:51:51,1000.0,7.5,B
2021-06-22T10:51:43,3000.0,7.5,B
2021-06-22T10:51:43,5000.0,7.4,S
2021-06-22T10:49:22,3000.0,7.5,B
2021-06-22T10:49:21,100.0,7.5,B
2021-06-22T10:49:14,1000.0,7.5,B
2021-06-22T10:49:13,1400.0,7.5,B
2021-06-22T10:48:54,800.0,7.5,B
2021-06-22T10:48:16,300.0,7.5,B
2021-06-22T10:48:10,400.0,7.4,S
2021-06-22T10:47:35,100.0,7.5,B
2021-06-22T10:47:26,11800.0,7.5,S
2021-06-22T10:47:23,14000.0,7.5,S
2021-06-22T10:47:22,500.0,7.5,S
2021-06-22T10:47:14,1000.0,7.5,S
2021-06-22T10:47:08,10000.0,7.5,S
2021-06-22T10:47:07,200.0,7.6,B
2021-06-22T10:47:04,500.0,7.6,B
2021-06-22T10:47:04,1100.0,7.6,B
2021-06-22T10:46:59,1000.0,7.5,S
2021-06-22T10:46:52,5000.0,7.5,S
2021-06-22T10:46:49,15000.0,7.5,S
2021-06-22T10:46:42,1000.0,7.5,S
2021-06-22T10:46:37,1800.0,7.6,B
2021-06-22T10:46:31,10000.0,7.5,S
2021-06-22T10:46:23,1000.0,7.6,B
2021-06-22T10:45:46,100.0,7.6,B
2021-06-22T10:45:44,2000.0,7.6,B
2021-06-22T10:45:39,400.0,7.5,S
2021-06-22T10:45:28,2000.0,7.5,S
2021-06-22T10:45:24,1000.0,7.6,B
2021-06-22T10:45:09,1200.0,7.5,S
2021-06-22T10:45:02,500.0,7.5,S
2021-06-22T10:44:35,1200.0,7.5,S
2021-06-22T10:44:22,200.0,7.6,B
2021-06-22T10:44:19,1000.0,7.6,B
2021-06-22T10:44:01,100.0,7.6,B
2021-06-22T10:43:58,1000.0,7.5,S
2021-06-22T10:43:45,5000.0,7.5,S
2021-06-22T10:43:17,100.0,7.5,S
2021-06-22T10:42:53,200.0,7.5,S
2021-06-22T10:42:47,500.0,7.5,S
2021-06-22T10:42:43,1500.0,7.5,S
2021-06-22T10:42:41,900.0,7.5,S
2021-06-22T10:42:31,1000.0,7.5,S
2021-06-22T10:42:27,1500.0,7.5,S
2021-06-22T10:42:20,200.0,7.5,S
2021-06-22T10:42:02,1000.0,7.5,S
2021-06-22T10:42:01,1500.0,7.5,S
2021-06-22T10:41:40,2200.0,7.5,S
2021-06-22T10:41:09,500.0,7.5,S
2021-06-22T10:41:06,1200.0,7.6,B
2021-06-22T10:40:43,300.0,7.5,S
2021-06-22T10:40:33,50000.0,7.6,B
2021-06-22T10:40:25,500.0,7.6,B
2021-06-22T10:40:14,3000.0,7.6,B
2021-06-22T10:40:09,100.0,7.6,B
2021-06-22T10:39:58,500.0,7.6,B
2021-06-22T10:39:55,100.0,7.6,B
2021-06-22T10:39:51,6000.0,7.5,S
2021-06-22T10:39:41,1100.0,7.6,B
2021-06-22T10:39:11,1000.0,7.5,S
2021-06-22T10:38:53,500.0,7.5,S
2021-06-22T10:38:35,100.0,7.6,B
2021-06-22T10:37:53,3000.0,7.6,B
2021-06-22T10:37:48,1000.0,7.6,B
2021-06-22T10:37:27,500.0,7.6,B
2021-06-22T10:36:57,1000.0,7.6,B
2021-06-22T10:35:54,700.0,7.6,B
2021-06-22T10:35:50,7400.0,7.5,S
2021-06-22T10:35:07,9300.0,7.6,B
2021-06-22T10:35:05,10000.0,7.5,S
2021-06-22T10:34:53,30000.0,7.5,S
2021-06-22T10:34:38,1000.0,7.5,S
2021-06-22T10:34:36,4500.0,7.5,S
2021-06-22T10:34:35,800.0,7.6,B
2021-06-22T10:34:24,1000.0,7.5,S
2021-06-22T10:34:23,100.0,7.5,S
2021-06-22T10:34:22,200.0,7.5,S
2021-06-22T10:34:08,3000.0,7.5,S
2021-06-22T10:34:06,500.0,7.5,S
2021-06-22T10:33:43,100.0,7.5,S
2021-06-22T10:33:40,500.0,7.5,S
2021-06-22T10:33:27,300.0,7.5,B
2021-06-22T10:33:27,6700.0,7.5,S
2021-06-22T10:33:26,2300.0,7.5,B
2021-06-22T10:33:24,10000.0,7.5,B
2021-06-22T10:33:19,100.0,7.5,B
2021-06-22T10:33:13,1000.0,7.5,B
2021-06-22T10:33:09,15000.0,7.5,B
2021-06-22T10:33:08,1500.0,7.5,B
2021-06-22T10:33:07,3000.0,7.5,B
2021-06-22T10:33:06,500.0,7.5,B
2021-06-22T10:33:06,2000.0,7.5,B
2021-06-22T10:32:57,120000.0,7.5,B
2021-06-22T10:32:52,1000.0,7.5,B
2021-06-22T10:32:34,2000.0,7.5,B
2021-06-22T10:32:16,10300.0,7.5,B
2021-06-22T10:32:05,2000.0,7.5,B
2021-06-22T10:31:46,300.0,7.5,B
2021-06-22T10:31:44,200.0,7.5,B
2021-06-22T10:31:33,6700.0,7.5,B
2021-06-22T10:31:07,1000.0,7.5,B
2021-06-22T10:31:00,10600.0,7.5,B
2021-06-22T10:30:54,20000.0,7.5,B
2021-06-22T10:30:42,1000.0,7.5,B
2021-06-22T10:30:38,2000.0,7.5,B
2021-06-22T10:30:21,500.0,7.4,S
2021-06-22T10:30:19,200.0,7.5,B
2021-06-22T10:30:03,300.0,7.5,B
2021-06-22T10:29:58,30000.0,7.5,B
2021-06-22T10:29:48,700.0,7.5,B
2021-06-22T10:29:40,500.0,7.4,S
2021-06-22T10:29:06,15000.0,7.4,S
2021-06-22T10:29:00,20000.0,7.4,S
2021-06-22T10:28:35,500.0,7.4,S
2021-06-22T10:27:51,35700.0,7.4,S
2021-06-22T10:27:47,46500.0,7.4,B
2021-06-22T10:27:28,600.0,7.4,B
2021-06-22T10:26:56,1000.0,7.4,B
2021-06-22T10:26:46,3000.0,7.4,B
2021-06-22T10:26:19,6500.0,7.4,B
2021-06-22T10:26:13,5000.0,7.4,B
2021-06-22T10:26:09,100.0,7.4,B
2021-06-22T10:26:01,8000.0,7.4,B
2021-06-22T10:25:48,2000.0,7.4,B
2021-06-22T10:25:34,22500.0,7.4,B
2021-06-22T10:25:27,1100.0,7.4,B
2021-06-22T10:25:23,1000.0,7.4,B
2021-06-22T10:25:08,100.0,7.4,B
2021-06-22T10:24:49,5000.0,7.4,B
2021-06-22T10:24:23,5000.0,7.4,B
2021-06-22T10:24:11,500.0,7.4,B
2021-06-22T10:23:35,3800.0,7.4,B
2021-06-22T10:23:00,500.0,7.3,S
2021-06-22T10:22:57,9000.0,7.3,B
2021-06-22T10:22:56,900.0,7.3,B
2021-06-22T10:22:55,5100.0,7.3,B
2021-06-22T10:22:48,20000.0,7.3,S
2021-06-22T10:22:46,5000.0,7.4,B
2021-06-22T10:22:43,6000.0,7.3,S
2021-06-22T10:22:32,500.0,7.4,B
2021-06-22T10:22:21,1000.0,7.3,S
2021-06-22T10:21:35,100.0,7.3,B
2021-06-22T10:21:32,1000.0,7.3,B
2021-06-22T10:21:29,5600.0,7.3,B
2021-06-22T10:21:25,500.0,7.3,B
2021-06-22T10:21:18,1000.0,7.3,B
2021-06-22T10:21:05,1800.0,7.3,B
2021-06-22T10:21:05,1000.0,7.3,B
2021-06-22T10:21:01,3000.0,7.3,B
2021-06-22T10:20:59,3800.0,7.3,B
2021-06-22T10:20:51,10000.0,7.3,B
2021-06-22T10:20:42,1000.0,7.3,B
2021-06-22T10:20:32,2700.0,7.3,B
2021-06-22T10:20:26,1900.0,7.3,B
2021-06-22T10:20:21,2000.0,7.3,B
2021-06-22T10:20:09,200.0,7.3,B
2021-06-22T10:20:02,1000.0,7.3,B
2021-06-22T10:20:01,500.0,7.2,S
2021-06-22T10:19:49,1100.0,7.3,B
2021-06-22T10:19:47,1800.0,7.3,B
2021-06-22T10:19:47,1000.0,7.3,B
2021-06-22T10:19:43,500.0,7.3,B
2021-06-22T10:19:36,3000.0,7.3,B
2021-06-22T10:19:35,2000.0,7.3,B
2021-06-22T10:19:29,500.0,7.3,B
2021-06-22T10:18:35,6000.0,7.3,B
2021-06-22T10:18:21,8000.0,7.3,B
2021-06-22T10:18:17,500.0,7.3,B
2021-06-22T10:17:16,1500.0,7.3,B
2021-06-22T10:16:35,8000.0,7.3,B
2021-06-22T10:16:26,1000.0,7.3,B
2021-06-22T10:16:18,100.0,7.3,B
2021-06-22T10:16:08,3500.0,7.3,B
2021-06-22T10:15:41,1000.0,7.3,B
2021-06-22T10:14:58,5000.0,7.2,S
2021-06-22T10:14:39,11000.0,7.2,S
2021-06-22T10:14:32,22000.0,7.2,S
2021-06-22T10:14:26,1000.0,7.3,B
2021-06-22T10:14:06,7900.0,7.3,B
2021-06-22T10:13:57,100.0,7.3,B
2021-06-22T10:13:21,1000.0,7.2,S
2021-06-22T10:12:57,10000.0,7.3,B
2021-06-22T10:12:47,100.0,7.2,S
2021-06-22T10:12:47,8000.0,7.3,B
2021-06-22T10:12:32,1000.0,7.3,B
2021-06-22T10:12:15,100.0,7.3,B
2021-06-22T10:12:05,1000.0,7.3,B
2021-06-22T10:11:26,3000.0,7.3,B
2021-06-22T10:10:58,3000.0,7.3,B
2021-06-22T10:10:17,11000.0,7.2,S
2021-06-22T10:10:16,400.0,7.2,S
2021-06-22T10:10:08,18000.0,7.2,S
2021-06-22T10:10:07,200.0,7.2,S
2021-06-22T10:09:19,1200.0,7.2,S
2021-06-22T10:09:18,500.0,7.2,S
2021-06-22T10:09:03,1500.0,7.2,S
2021-06-22T10:08:59,1000.0,7.2,S
2021-06-22T10:08:26,300.0,7.2,S
2021-06-22T10:08:06,19200.0,7.2,B
2021-06-22T10:08:02,8000.0,7.2,B
2021-06-22T10:07:59,2300.0,7.2,B
2021-06-22T10:07:58,300.0,7.2,B
2021-06-22T10:07:57,10000.0,7.2,B
2021-06-22T10:07:52,100.0,7.2,B
2021-06-22T10:07:41,14800.0,7.2,B
2021-06-22T10:07:40,2000.0,7.2,B
2021-06-22T10:07:33,1300.0,7.2,B
2021-06-22T10:07:19,14200.0,7.2,B
2021-06-22T10:06:57,2200.0,7.2,B
2021-06-22T10:06:51,1000.0,7.2,B
2021-06-22T10:06:17,700.0,7.2,B
2021-06-22T10:05:54,1000.0,7.2,B
2021-06-22T10:04:49,400.0,7.2,B
2021-06-22T10:04:26,3500.0,7.2,B
2021-06-22T10:04:21,1300.0,7.2,B
2021-06-22T10:04:20,10000.0,7.2,B
2021-06-22T10:04:16,3400.0,7.2,B
2021-06-22T10:04:10,500.0,7.2,B
2021-06-22T10:04:00,5600.0,7.2,B
2021-06-22T10:03:25,1000.0,7.2,B
2021-06-22T10:03:01,5500.0,7.2,B
2021-06-22T10:02:49,200.0,7.2,B
2021-06-22T10:02:39,1000.0,7.2,B
2021-06-22T10:02:31,1000.0,7.2,B
2021-06-22T10:01:01,1000.0,7.2,B
2021-06-22T10:01:01,10000.0,7.2,B
2021-06-22T10:00:35,10000.0,7.2,B
2021-06-22T10:00:04,500.0,7.2,B
2021-06-22T09:59:58,100.0,7.2,B
2021-06-22T09:59:51,2000.0,7.2,B
2021-06-22T09:59:21,10000.0,7.2,B
2021-06-22T09:59:10,500.0,7.2,B
2021-06-22T09:57:50,1000.0,7.2,B
2021-06-22T09:56:31,1000.0,7.1,S
2021-06-22T09:56:01,1200.0,7.1,S
2021-06-22T09:55:29,1200.0,7.1,S
2021-06-22T09:54:43,500.0,7.1,S
2021-06-22T09:54:40,1000.0,7.1,S
2021-06-22T09:54:37,1000.0,7.1,S
2021-06-22T09:54:33,1000.0,7.1,S
2021-06-22T09:54:23,1000.0,7.1,S
2021-06-22T09:54:00,1000.0,7.2,B
2021-06-22T09:51:24,5000.0,7.1,S
2021-06-22T09:51:14,9900.0,7.1,B
2021-06-22T09:51:08,12200.0,7.1,S
2021-06-22T09:50:39,100.0,7.2,B
2021-06-22T09:50:34,3000.0,7.1,S
2021-06-22T09:50:08,27000.0,7.1,S
2021-06-22T09:49:58,43000.0,7.1,S
2021-06-22T09:49:22,100.0,7.2,B
2021-06-22T09:49:04,13100.0,7.2,B
2021-06-22T09:49:00,1900.0,7.2,B
2021-06-22T09:47:29,100.0,7.2,B
2021-06-22T09:47:04,1000.0,7.1,S
2021-06-22T09:46:59,3000.0,7.2,B
2021-06-22T09:46:28,17000.0,7.1,S
2021-06-22T09:46:27,100.0,7.2,B
2021-06-22T09:46:23,700.0,7.2,B
2021-06-22T09:46:21,18000.0,7.1,S
2021-06-22T09:46:18,1000.0,7.2,B
2021-06-22T09:46:16,200.0,7.2,B
2021-06-22T09:46:15,2900.0,7.2,B
2021-06-22T09:46:15,35000.0,7.1,S
2021-06-22T09:46:12,1200.0,7.2,B
2021-06-22T09:46:01,1000.0,7.2,B
2021-06-22T09:46:00,3700.0,7.2,B
2021-06-22T09:45:31,1200.0,7.2,B
2021-06-22T09:45:17,47200.0,7.1,B
2021-06-22T09:45:17,2000.0,7.1,B
2021-06-22T09:45:11,2000.0,7.1,B
2021-06-22T09:45:06,1500.0,7.1,B
2021-06-22T09:44:51,2000.0,7.1,B
2021-06-22T09:43:56,1000.0,7.1,B
2021-06-22T09:42:54,1000.0,7.1,B
2021-06-22T09:42:30,1000.0,7.1,B
2021-06-22T09:42:29,200.0,7.1,B
2021-06-22T09:42:08,2500.0,7.1,B
2021-06-22T09:42:05,500.0,7.1,B
2021-06-22T09:41:57,1700.0,7.1,B
2021-06-22T09:41:52,3000.0,7.1,B
2021-06-22T09:41:22,16000.0,7.1,B
2021-06-22T09:41:05,4900.0,7.1,B
2021-06-22T09:40:10,200.0,7.1,B
2021-06-22T09:40:08,1500.0,7.1,B
2021-06-22T09:40:04,7000.0,7.1,B
2021-06-22T09:39:55,10000.0,7.1,B
2021-06-22T09:39:47,10000.0,7.1,B
2021-06-22T09:38:41,1000.0,7.0,S
2021-06-22T09:38:19,4500.0,7.0,S
2021-06-22T09:37:54,500.0,7.0,S
2021-06-22T09:37:18,200.0,7.0,S
2021-06-22T09:36:46,500.0,7.0,S
2021-06-22T09:36:28,300.0,7.0,S
2021-06-22T09:36:18,500.0,7.0,S
2021-06-22T09:36:00,10000.0,7.0,S
2021-06-22T09:35:52,4000.0,7.0,S
2021-06-22T09:35:42,100.0,7.0,S
2021-06-22T09:34:40,5000.0,7.0,S
2021-06-22T09:33:53,100.0,7.0,S
2021-06-22T09:33:32,20000.0,7.0,S
2021-06-22T09:32:45,1000.0,7.0,S
2021-06-22T09:30:19,11800.0,7.0,S
2021-06-22T09:29:10,100.0,7.0,S
2021-06-22T09:28:46,3000.0,7.0,S
2021-06-22T09:28:13,1500.0,7.0,S
2021-06-22T09:27:56,1500.0,7.0,S
2021-06-22T09:26:08,2400.0,7.0,S
2021-06-22T09:25:15,1700.0,7.0,S
2021-06-22T09:24:59,1500.0,7.0,S
2021-06-22T09:24:52,2000.0,7.0,S
2021-06-22T09:24:39,100.0,7.0,S
2021-06-22T09:23:52,1500.0,7.0,S
2021-06-22T09:22:35,6000.0,7.0,S
2021-06-22T09:22:17,1000.0,7.0,S
2021-06-22T09:21:50,2000.0,7.0,S
2021-06-22T09:20:25,200.0,7.0,S
2021-06-22T09:19:59,2000.0,7.0,S
2021-06-22T09:19:59,2700.0,7.0,S
2021-06-22T09:19:08,100.0,7.0,S
2021-06-22T09:19:03,200.0,7.0,S
2021-06-22T09:18:57,5000.0,7.0,S
2021-06-22T09:18:51,500.0,7.0,S
2021-06-22T09:18:50,100.0,7.1,B
2021-06-22T09:18:06,200.0,7.0,S
2021-06-22T09:14:27,100.0,7.0,S
2021-06-22T09:14:03,3700.0,7.0,S
2021-06-22T09:13:30,100.0,7.0,B
2021-06-22T09:13:28,100.0,7.0,B
2021-06-22T09:13:18,500.0,7.0,B
2021-06-22T09:13:01,300.0,7.0,S
2021-06-22T09:12:56,100.0,7.0,B
2021-06-22T09:12:55,1300.0,7.0,B
2021-06-22T09:12:35,15200.0,7.0,S
2021-06-22T09:11:32,1800.0,7.0,B
2021-06-22T09:11:26,5000.0,7.0,B
2021-06-22T09:11:11,3000.0,7.0,B
2021-06-22T09:11:05,1000.0,7.0,B
2021-06-22T09:10:48,20000.0,7.0,B
2021-06-22T09:09:12,10000.0,7.0,B
2021-06-22T09:06:02,700.0,7.0,B
2021-06-22T09:02:18,600.0,7.0,B
2021-06-22T09:01:52,200.0,7.0,B
2021-06-22T09:00:30,100.0,7.0,B
2021-06-22T09:00:28,200.0,7.0,B
2021-06-22T09:00:04,100.0,7.0,B
