tradingTime,volume,price,side
2021-06-22T14:48:52,1000.0,10.6,S
2021-06-22T14:48:32,1000.0,10.7,B
2021-06-22T14:48:03,16100.0,10.7,B
2021-06-22T14:45:29,100.0,10.7,B
2021-06-22T14:44:52,800.0,10.7,B
2021-06-22T14:44:32,1000.0,10.6,S
2021-06-22T14:43:07,500.0,10.7,B
2021-06-22T14:41:07,200.0,10.7,B
2021-06-22T14:40:22,500.0,10.6,S
2021-06-22T14:39:17,500.0,10.6,S
2021-06-22T14:38:32,1900.0,10.6,S
2021-06-22T14:38:17,200.0,10.6,B
2021-06-22T14:37:27,100.0,10.6,S
2021-06-22T14:35:42,900.0,10.6,B
2021-06-22T14:35:32,500.0,10.6,B
2021-06-22T14:35:22,1600.0,10.6,B
2021-06-22T14:34:32,2000.0,10.6,B
2021-06-22T14:34:01,100.0,10.6,B
2021-06-22T14:33:57,200.0,10.6,B
2021-06-22T14:33:52,5000.0,10.6,B
2021-06-22T14:33:12,10000.0,10.6,B
2021-06-22T14:32:16,300.0,10.6,B
2021-06-22T14:32:12,100.0,10.6,B
2021-06-22T14:32:07,200.0,10.6,B
2021-06-22T14:31:42,1000.0,10.6,B
2021-06-22T14:30:52,100.0,10.6,B
2021-06-22T14:30:27,100.0,10.6,B
2021-06-22T14:30:04,2000.0,10.6,B
2021-06-22T14:29:31,500.0,10.6,B
2021-06-22T14:29:20,3000.0,10.6,B
2021-06-22T14:28:52,3000.0,10.6,B
2021-06-22T14:28:44,1000.0,10.6,B
2021-06-22T14:28:33,5000.0,10.6,B
2021-06-22T14:28:30,200.0,10.6,B
2021-06-22T14:28:29,10000.0,10.6,B
2021-06-22T14:26:40,1000.0,10.6,B
2021-06-22T14:26:38,1000.0,10.6,B
2021-06-22T14:26:22,200.0,10.6,B
2021-06-22T14:24:04,100.0,10.6,B
2021-06-22T14:22:53,300.0,10.6,B
2021-06-22T14:22:10,1000.0,10.6,B
2021-06-22T14:21:49,1500.0,10.5,S
2021-06-22T14:21:20,500.0,10.6,B
2021-06-22T14:20:56,900.0,10.6,B
2021-06-22T14:20:50,3000.0,10.6,B
2021-06-22T14:20:37,1000.0,10.6,B
2021-06-22T14:20:35,1000.0,10.6,B
2021-06-22T14:19:43,500.0,10.6,B
2021-06-22T14:19:35,200.0,10.6,B
2021-06-22T14:18:14,500.0,10.6,B
2021-06-22T14:17:31,400.0,10.6,B
2021-06-22T14:16:52,100.0,10.6,B
2021-06-22T14:16:41,300.0,10.6,B
2021-06-22T14:15:57,500.0,10.6,B
2021-06-22T14:15:48,1000.0,10.6,B
2021-06-22T14:15:44,300.0,10.6,B
2021-06-22T14:15:32,100.0,10.6,B
2021-06-22T14:15:30,100.0,10.6,B
2021-06-22T14:15:05,1000.0,10.6,B
2021-06-22T14:15:04,1000.0,10.6,B
2021-06-22T14:14:47,700.0,10.6,B
2021-06-22T14:14:42,200.0,10.6,B
2021-06-22T14:14:24,200.0,10.6,B
2021-06-22T14:13:57,1000.0,10.6,B
2021-06-22T14:13:56,1000.0,10.6,B
2021-06-22T14:13:53,500.0,10.6,B
2021-06-22T14:13:32,500.0,10.6,B
2021-06-22T14:12:56,100.0,10.6,B
2021-06-22T14:12:36,300.0,10.6,B
2021-06-22T14:12:27,1200.0,10.6,B
2021-06-22T14:12:25,5800.0,10.6,S
2021-06-22T14:11:05,100.0,10.6,S
2021-06-22T14:10:47,3000.0,10.6,S
2021-06-22T14:10:32,5300.0,10.6,S
2021-06-22T14:09:21,700.0,10.6,S
2021-06-22T14:08:54,300.0,10.6,S
2021-06-22T14:08:29,500.0,10.6,S
2021-06-22T14:08:13,1000.0,10.6,S
2021-06-22T14:07:49,2000.0,10.6,S
2021-06-22T14:07:23,10000.0,10.5,S
2021-06-22T14:07:15,3800.0,10.6,S
2021-06-22T14:06:27,1000.0,10.6,S
2021-06-22T14:06:12,2000.0,10.7,B
2021-06-22T14:05:34,15900.0,10.6,S
2021-06-22T14:04:40,2000.0,10.6,S
2021-06-22T14:03:43,1000.0,10.6,S
2021-06-22T14:02:02,100.0,10.6,S
2021-06-22T14:01:22,800.0,10.6,S
2021-06-22T14:01:20,1500.0,10.6,S
2021-06-22T14:01:17,100.0,10.7,B
2021-06-22T14:00:31,2000.0,10.6,S
2021-06-22T13:59:29,200.0,10.7,B
2021-06-22T13:58:08,100.0,10.7,B
2021-06-22T13:56:07,100.0,10.7,B
2021-06-22T13:55:48,1000.0,10.6,S
2021-06-22T13:55:39,500.0,10.6,S
2021-06-22T13:54:33,200.0,10.6,S
2021-06-22T13:54:27,500.0,10.6,S
2021-06-22T13:54:04,200.0,10.6,S
2021-06-22T13:53:40,700.0,10.6,B
2021-06-22T13:53:34,4300.0,10.6,S
2021-06-22T13:53:05,20000.0,10.6,S
2021-06-22T13:51:20,2000.0,10.6,S
2021-06-22T13:50:53,3000.0,10.6,S
2021-06-22T13:50:37,10400.0,10.6,S
2021-06-22T13:50:06,2000.0,10.6,S
2021-06-22T13:50:04,4400.0,10.6,B
2021-06-22T13:50:03,200.0,10.6,B
2021-06-22T13:49:58,1000.0,10.6,B
2021-06-22T13:49:56,2000.0,10.6,B
2021-06-22T13:49:54,2000.0,10.6,B
2021-06-22T13:49:31,1000.0,10.6,B
2021-06-22T13:49:26,100.0,10.6,B
2021-06-22T13:49:12,5900.0,10.6,B
2021-06-22T13:49:05,100.0,10.6,B
2021-06-22T13:49:00,100.0,10.6,B
2021-06-22T13:48:56,300.0,10.6,B
2021-06-22T13:48:38,100.0,10.6,B
2021-06-22T13:48:32,1000.0,10.5,S
2021-06-22T13:48:24,100.0,10.6,B
2021-06-22T13:48:06,1000.0,10.6,B
2021-06-22T13:47:59,2000.0,10.6,B
2021-06-22T13:47:59,36100.0,10.6,S
2021-06-22T13:47:36,10000.0,10.6,S
2021-06-22T13:46:57,500.0,10.6,S
2021-06-22T13:46:53,500.0,10.7,B
2021-06-22T13:46:45,500.0,10.6,S
2021-06-22T13:46:36,100.0,10.7,B
2021-06-22T13:46:09,200.0,10.6,S
2021-06-22T13:45:47,2500.0,10.6,S
2021-06-22T13:45:23,3000.0,10.6,S
2021-06-22T13:45:23,300.0,10.6,S
2021-06-22T13:45:16,100000.0,10.6,S
2021-06-22T13:44:39,400.0,10.6,S
2021-06-22T13:44:28,3000.0,10.6,S
2021-06-22T13:44:05,2000.0,10.6,S
2021-06-22T13:43:24,100.0,10.6,S
2021-06-22T13:43:09,4400.0,10.6,S
2021-06-22T13:43:06,1000.0,10.6,S
2021-06-22T13:42:56,1000.0,10.6,S
2021-06-22T13:42:56,1000.0,10.6,S
2021-06-22T13:42:43,100.0,10.6,S
2021-06-22T13:42:40,100.0,10.7,B
2021-06-22T13:41:22,100.0,10.7,B
2021-06-22T13:40:57,1000.0,10.7,B
2021-06-22T13:40:52,100.0,10.7,B
2021-06-22T13:40:47,5000.0,10.7,B
2021-06-22T13:40:21,5000.0,10.7,B
2021-06-22T13:40:18,1000.0,10.7,B
2021-06-22T13:39:25,9000.0,10.7,B
2021-06-22T13:39:01,20000.0,10.7,S
2021-06-22T13:38:58,2900.0,10.7,S
2021-06-22T13:38:46,1000.0,10.7,S
2021-06-22T13:38:38,1000.0,10.7,S
2021-06-22T13:38:35,100.0,10.7,S
2021-06-22T13:37:54,5000.0,10.7,S
2021-06-22T13:37:10,6200.0,10.7,B
2021-06-22T13:36:48,49700.0,10.7,S
2021-06-22T13:36:27,2600.0,10.7,S
2021-06-22T13:35:40,3900.0,10.7,S
2021-06-22T13:35:31,500.0,10.7,S
2021-06-22T13:35:19,1000.0,10.7,S
2021-06-22T13:35:11,30000.0,10.7,S
2021-06-22T13:34:50,500.0,10.7,S
2021-06-22T13:33:57,5000.0,10.7,S
2021-06-22T13:33:01,1000.0,10.7,S
2021-06-22T13:32:41,100.0,10.7,S
2021-06-22T13:31:52,1000.0,10.7,S
2021-06-22T13:31:29,3800.0,10.7,S
2021-06-22T13:31:25,500.0,10.7,S
2021-06-22T13:31:16,20000.0,10.7,S
2021-06-22T13:31:11,200.0,10.8,B
2021-06-22T13:30:36,100.0,10.8,B
2021-06-22T13:30:13,1000.0,10.8,B
2021-06-22T13:28:07,100.0,10.8,B
2021-06-22T13:27:53,100.0,10.8,B
2021-06-22T13:27:32,1000.0,10.7,S
2021-06-22T13:26:47,100.0,10.7,S
2021-06-22T13:26:01,100.0,10.7,S
2021-06-22T13:25:48,5000.0,10.7,S
2021-06-22T13:25:34,300.0,10.7,S
2021-06-22T13:25:32,1000.0,10.7,S
2021-06-22T13:25:32,300.0,10.7,S
2021-06-22T13:25:20,500.0,10.7,S
2021-06-22T13:23:57,300.0,10.7,S
2021-06-22T13:23:12,200.0,10.7,S
2021-06-22T13:22:40,500.0,10.7,S
2021-06-22T13:22:03,200.0,10.7,S
2021-06-22T13:20:53,1000.0,10.7,S
2021-06-22T13:18:52,300.0,10.7,S
2021-06-22T13:18:30,10000.0,10.7,S
2021-06-22T13:18:29,1000.0,10.7,S
2021-06-22T13:18:28,5200.0,10.8,B
2021-06-22T13:18:11,200.0,10.7,S
2021-06-22T13:18:07,100.0,10.8,B
2021-06-22T13:17:52,100.0,10.8,B
2021-06-22T13:17:46,100.0,10.8,B
2021-06-22T13:17:34,100.0,10.8,B
2021-06-22T13:17:18,800.0,10.7,S
2021-06-22T13:15:48,300.0,10.7,S
2021-06-22T13:15:33,2000.0,10.7,S
2021-06-22T13:15:14,600.0,10.7,S
2021-06-22T13:13:30,5000.0,10.7,S
2021-06-22T13:12:10,100.0,10.8,B
2021-06-22T13:11:55,1000.0,10.7,S
2021-06-22T13:11:33,500.0,10.8,B
2021-06-22T13:11:32,1000.0,10.7,S
2021-06-22T13:10:17,100.0,10.8,B
2021-06-22T13:10:13,1000.0,10.7,S
2021-06-22T13:10:01,800.0,10.8,B
2021-06-22T13:09:25,1000.0,10.8,B
2021-06-22T13:08:58,200.0,10.8,B
2021-06-22T13:05:51,400.0,10.8,B
2021-06-22T13:03:26,300.0,10.8,B
2021-06-22T13:03:05,100.0,10.8,B
2021-06-22T13:02:14,900.0,10.8,B
2021-06-22T13:00:34,200.0,10.8,B
2021-06-22T13:00:16,1200.0,10.8,B
2021-06-22T13:00:16,100.0,10.8,B
2021-06-22T13:00:14,200.0,10.8,B
2021-06-22T13:00:09,2600.0,10.8,B
2021-06-22T11:29:15,200.0,10.8,B
2021-06-22T11:28:06,10000.0,10.8,B
2021-06-22T11:24:30,100.0,10.8,B
2021-06-22T11:21:08,100.0,10.8,B
2021-06-22T11:20:58,100.0,10.8,B
2021-06-22T11:20:41,200.0,10.7,S
2021-06-22T11:20:10,400.0,10.7,S
2021-06-22T11:18:41,2000.0,10.8,B
2021-06-22T11:16:31,600.0,10.7,S
2021-06-22T11:16:27,800.0,10.7,S
2021-06-22T11:16:22,300.0,10.7,S
2021-06-22T11:15:59,1400.0,10.7,S
2021-06-22T11:15:47,400.0,10.8,B
2021-06-22T11:15:46,200.0,10.8,B
2021-06-22T11:14:59,5000.0,10.8,B
2021-06-22T11:13:22,900.0,10.8,B
2021-06-22T11:12:29,900.0,10.8,B
2021-06-22T11:11:36,200.0,10.7,S
2021-06-22T11:10:39,2000.0,10.7,S
2021-06-22T11:09:10,100.0,10.8,B
2021-06-22T11:08:47,100.0,10.8,B
2021-06-22T11:08:33,5000.0,10.7,S
2021-06-22T11:08:27,300.0,10.7,S
2021-06-22T11:05:41,800.0,10.7,S
2021-06-22T11:05:39,3000.0,10.7,S
2021-06-22T11:05:03,10000.0,10.7,S
2021-06-22T11:03:52,500.0,10.8,B
2021-06-22T11:03:35,100.0,10.8,B
2021-06-22T11:03:16,500.0,10.8,B
2021-06-22T11:03:04,100.0,10.8,B
2021-06-22T11:02:25,2000.0,10.8,B
2021-06-22T11:01:48,1000.0,10.8,B
2021-06-22T11:01:48,200.0,10.8,B
2021-06-22T11:01:27,500.0,10.8,B
2021-06-22T11:01:21,400.0,10.8,B
2021-06-22T11:00:55,200.0,10.8,B
2021-06-22T11:00:51,300.0,10.8,B
2021-06-22T10:58:54,100.0,10.8,B
2021-06-22T10:58:41,100.0,10.8,B
2021-06-22T10:58:03,100.0,10.8,B
2021-06-22T10:57:15,500.0,10.8,B
2021-06-22T10:53:38,2000.0,10.8,B
2021-06-22T10:53:23,2200.0,10.8,B
2021-06-22T10:53:12,2000.0,10.8,B
2021-06-22T10:51:56,300.0,10.8,B
2021-06-22T10:51:49,1000.0,10.8,B
2021-06-22T10:51:38,300.0,10.8,B
2021-06-22T10:50:37,100.0,10.8,B
2021-06-22T10:50:16,19500.0,10.8,S
2021-06-22T10:50:04,100.0,10.8,S
2021-06-22T10:48:47,900.0,10.8,S
2021-06-22T10:48:30,1000.0,10.8,S
2021-06-22T10:48:09,2000.0,10.8,S
2021-06-22T10:47:50,1000.0,10.8,S
2021-06-22T10:46:37,1000.0,10.8,S
2021-06-22T10:45:53,1200.0,10.8,S
2021-06-22T10:44:41,1500.0,10.8,S
2021-06-22T10:41:11,100.0,10.9,B
2021-06-22T10:40:38,200.0,10.8,S
2021-06-22T10:40:02,1800.0,10.8,B
2021-06-22T10:39:39,600.0,10.8,S
2021-06-22T10:38:50,500.0,10.8,B
2021-06-22T10:38:31,5000.0,10.8,B
2021-06-22T10:38:23,5000.0,10.8,B
2021-06-22T10:38:14,10000.0,10.8,B
2021-06-22T10:38:10,10000.0,10.8,B
2021-06-22T10:38:07,300.0,10.8,B
2021-06-22T10:37:43,1000.0,10.8,B
2021-06-22T10:37:25,100.0,10.8,B
2021-06-22T10:36:51,500.0,10.8,B
2021-06-22T10:35:59,100.0,10.8,B
2021-06-22T10:34:41,100.0,10.8,B
2021-06-22T10:34:41,100.0,10.8,B
2021-06-22T10:34:14,500.0,10.8,B
2021-06-22T10:33:38,100.0,10.8,B
2021-06-22T10:32:55,100.0,10.8,B
2021-06-22T10:32:40,200.0,10.8,B
2021-06-22T10:31:14,5200.0,10.8,B
2021-06-22T10:30:53,9000.0,10.8,S
2021-06-22T10:29:32,300.0,10.8,S
2021-06-22T10:27:24,10000.0,10.8,S
2021-06-22T10:27:13,500.0,10.8,S
2021-06-22T10:26:06,7800.0,10.8,S
2021-06-22T10:26:05,1000.0,10.8,B
2021-06-22T10:25:50,700.0,10.8,B
2021-06-22T10:24:09,100.0,10.8,B
2021-06-22T10:24:03,1000.0,10.8,B
2021-06-22T10:23:32,100.0,10.8,B
2021-06-22T10:23:23,28600.0,10.8,B
2021-06-22T10:23:11,300.0,10.8,S
2021-06-22T10:23:06,100.0,10.8,S
2021-06-22T10:22:13,500.0,10.8,S
2021-06-22T10:21:57,4000.0,10.8,S
2021-06-22T10:21:07,1000.0,10.8,S
2021-06-22T10:20:36,1800.0,10.9,B
2021-06-22T10:19:20,100.0,10.9,B
2021-06-22T10:19:13,900.0,10.9,B
2021-06-22T10:15:51,400.0,10.9,B
2021-06-22T10:15:09,500.0,10.9,B
2021-06-22T10:15:03,10000.0,10.9,B
2021-06-22T10:13:46,500.0,10.9,B
2021-06-22T10:13:36,20000.0,10.8,S
2021-06-22T10:13:12,1700.0,10.8,S
2021-06-22T10:12:24,5500.0,10.8,B
2021-06-22T10:12:19,10000.0,10.8,B
2021-06-22T10:12:15,10000.0,10.8,B
2021-06-22T10:12:11,10000.0,10.8,B
2021-06-22T10:12:06,10000.0,10.8,B
2021-06-22T10:10:55,100.0,10.7,S
2021-06-22T10:10:02,3000.0,10.7,S
2021-06-22T10:10:01,1000.0,10.7,S
2021-06-22T10:08:43,7000.0,10.7,S
2021-06-22T10:08:03,1400.0,10.7,B
2021-06-22T10:07:56,1000.0,10.7,B
2021-06-22T10:07:50,200.0,10.7,B
2021-06-22T10:07:39,600.0,10.7,B
2021-06-22T10:07:19,1500.0,10.6,S
2021-06-22T10:07:16,1400.0,10.7,S
2021-06-22T10:07:09,500.0,10.7,S
2021-06-22T10:06:50,600.0,10.7,B
2021-06-22T10:06:43,100.0,10.7,B
2021-06-22T10:06:41,2000.0,10.7,B
2021-06-22T10:06:28,100.0,10.7,B
2021-06-22T10:06:27,5000.0,10.6,S
2021-06-22T10:06:26,1000.0,10.7,B
2021-06-22T10:06:24,400.0,10.7,B
2021-06-22T10:06:23,500.0,10.7,B
2021-06-22T10:06:12,500.0,10.7,B
2021-06-22T10:05:57,1000.0,10.7,B
2021-06-22T10:05:22,5000.0,10.7,B
2021-06-22T10:05:21,200.0,10.7,B
2021-06-22T10:05:18,500.0,10.7,B
2021-06-22T10:05:06,500.0,10.7,B
2021-06-22T10:04:57,500.0,10.7,B
2021-06-22T10:04:45,10400.0,10.7,B
2021-06-22T10:04:41,100.0,10.7,S
2021-06-22T10:04:31,1900.0,10.7,S
2021-06-22T10:04:30,500.0,10.7,S
2021-06-22T10:04:28,10000.0,10.7,S
2021-06-22T10:04:26,500.0,10.7,S
2021-06-22T10:04:00,20000.0,10.7,S
2021-06-22T10:02:59,1000.0,10.7,S
2021-06-22T10:02:46,1000.0,10.7,S
2021-06-22T10:02:15,100.0,10.7,S
2021-06-22T10:00:45,5000.0,10.7,S
2021-06-22T10:00:38,500.0,10.7,S
2021-06-22T09:59:55,500.0,10.7,S
2021-06-22T09:59:09,1000.0,10.7,S
2021-06-22T09:58:44,1700.0,10.8,B
2021-06-22T09:58:24,200.0,10.7,S
2021-06-22T09:58:24,300.0,10.7,S
2021-06-22T09:58:08,600.0,10.7,S
2021-06-22T09:58:06,100.0,10.7,S
2021-06-22T09:57:38,6000.0,10.7,S
2021-06-22T09:57:17,500.0,10.7,S
2021-06-22T09:57:11,1000.0,10.7,S
2021-06-22T09:56:39,500.0,10.7,S
2021-06-22T09:56:13,2000.0,10.7,S
2021-06-22T09:56:09,1000.0,10.7,S
2021-06-22T09:55:59,500.0,10.7,S
2021-06-22T09:55:48,300.0,10.7,S
2021-06-22T09:55:13,1000.0,10.7,S
2021-06-22T09:54:37,2300.0,10.7,S
2021-06-22T09:54:31,1000.0,10.8,B
2021-06-22T09:54:25,3000.0,10.8,B
2021-06-22T09:54:20,3000.0,10.8,B
2021-06-22T09:54:14,1700.0,10.8,B
2021-06-22T09:54:12,200.0,10.8,B
2021-06-22T09:53:51,200.0,10.8,B
2021-06-22T09:53:46,200.0,10.8,B
2021-06-22T09:53:39,1000.0,10.8,B
2021-06-22T09:53:31,100.0,10.8,B
2021-06-22T09:53:05,300.0,10.8,B
2021-06-22T09:53:00,100.0,10.7,S
2021-06-22T09:52:52,600.0,10.8,B
2021-06-22T09:52:42,1000.0,10.8,B
2021-06-22T09:51:44,100.0,10.7,S
2021-06-22T09:51:43,500.0,10.8,B
2021-06-22T09:51:26,1400.0,10.8,B
2021-06-22T09:51:19,100.0,10.8,B
2021-06-22T09:51:02,200.0,10.8,B
2021-06-22T09:50:50,200.0,10.8,B
2021-06-22T09:50:40,9700.0,10.8,S
2021-06-22T09:50:22,5000.0,10.8,S
2021-06-22T09:50:11,5000.0,10.8,S
2021-06-22T09:49:59,15000.0,10.8,S
2021-06-22T09:49:43,500.0,10.9,B
2021-06-22T09:49:23,1000.0,10.8,S
2021-06-22T09:48:51,1400.0,10.9,B
2021-06-22T09:47:43,1000.0,10.9,B
2021-06-22T09:47:04,300.0,10.9,B
2021-06-22T09:47:04,100.0,10.9,B
2021-06-22T09:46:53,200.0,10.9,B
2021-06-22T09:46:31,4000.0,10.9,B
2021-06-22T09:46:29,100.0,10.9,B
2021-06-22T09:45:35,1000.0,10.9,B
2021-06-22T09:45:16,500.0,10.8,S
2021-06-22T09:45:07,200.0,10.8,B
2021-06-22T09:44:54,100.0,10.8,B
2021-06-22T09:44:52,200.0,10.8,B
2021-06-22T09:44:51,500.0,10.8,B
2021-06-22T09:44:44,1000.0,10.8,B
2021-06-22T09:44:43,200.0,10.8,B
2021-06-22T09:44:34,500.0,10.8,B
2021-06-22T09:44:33,2000.0,10.8,B
2021-06-22T09:44:32,1100.0,10.8,B
2021-06-22T09:44:30,5000.0,10.8,B
2021-06-22T09:44:29,5000.0,10.8,B
2021-06-22T09:44:23,100.0,10.8,B
2021-06-22T09:44:19,300.0,10.8,B
2021-06-22T09:44:09,500.0,10.8,B
2021-06-22T09:44:06,5000.0,10.8,B
2021-06-22T09:43:51,4100.0,10.8,B
2021-06-22T09:43:48,500.0,10.8,B
2021-06-22T09:43:30,1000.0,10.8,B
2021-06-22T09:43:11,2000.0,10.8,B
2021-06-22T09:43:10,1000.0,10.8,B
2021-06-22T09:42:59,100.0,10.8,B
2021-06-22T09:42:57,5000.0,10.8,B
2021-06-22T09:42:55,300.0,10.8,B
2021-06-22T09:42:46,2100.0,10.8,B
2021-06-22T09:42:38,600.0,10.8,B
2021-06-22T09:42:34,3000.0,10.8,B
2021-06-22T09:42:31,10000.0,10.8,B
2021-06-22T09:42:28,2000.0,10.8,B
2021-06-22T09:42:27,200.0,10.8,B
2021-06-22T09:42:20,500.0,10.8,B
2021-06-22T09:42:11,2000.0,10.8,B
2021-06-22T09:42:08,5200.0,10.8,B
2021-06-22T09:42:07,300.0,10.8,B
2021-06-22T09:41:58,500.0,10.8,B
2021-06-22T09:41:56,1000.0,10.8,B
2021-06-22T09:41:48,1000.0,10.8,B
2021-06-22T09:41:44,9100.0,10.8,B
2021-06-22T09:41:10,200.0,10.8,S
2021-06-22T09:40:36,1000.0,10.9,B
2021-06-22T09:40:22,500.0,10.9,B
2021-06-22T09:38:25,100.0,10.9,B
2021-06-22T09:36:56,100.0,10.9,B
2021-06-22T09:36:23,100.0,10.9,B
2021-06-22T09:36:03,900.0,10.9,B
2021-06-22T09:35:39,300.0,10.9,S
2021-06-22T09:35:22,300.0,10.9,S
2021-06-22T09:35:18,1000.0,10.9,S
2021-06-22T09:34:29,100.0,10.9,S
2021-06-22T09:34:05,1000.0,10.9,S
2021-06-22T09:33:51,1000.0,10.9,S
2021-06-22T09:33:45,1900.0,10.9,S
2021-06-22T09:33:38,100.0,10.9,S
2021-06-22T09:33:33,1000.0,10.9,S
2021-06-22T09:33:33,100.0,10.9,S
2021-06-22T09:32:48,5000.0,10.9,S
2021-06-22T09:32:35,400.0,10.9,S
2021-06-22T09:32:29,500.0,10.9,S
2021-06-22T09:32:27,10000.0,10.9,S
2021-06-22T09:32:25,100.0,10.9,S
2021-06-22T09:32:21,500.0,10.9,S
2021-06-22T09:32:04,400.0,10.9,S
2021-06-22T09:32:03,500.0,10.9,S
2021-06-22T09:32:03,1000.0,10.9,S
2021-06-22T09:31:53,500.0,10.9,S
2021-06-22T09:31:52,500.0,10.9,S
2021-06-22T09:31:52,500.0,10.9,S
2021-06-22T09:31:51,500.0,10.9,S
2021-06-22T09:31:32,9800.0,10.9,S
2021-06-22T09:31:19,400.0,10.9,S
2021-06-22T09:30:10,500.0,11.0,B
2021-06-22T09:30:07,10000.0,10.9,S
2021-06-22T09:29:57,10000.0,10.9,S
2021-06-22T09:29:45,800.0,11.0,B
2021-06-22T09:28:38,100.0,11.0,B
2021-06-22T09:28:34,100.0,10.9,S
2021-06-22T09:28:34,200.0,10.9,S
2021-06-22T09:28:32,5000.0,10.9,S
2021-06-22T09:28:20,5000.0,10.9,S
2021-06-22T09:28:07,5000.0,10.9,S
2021-06-22T09:28:00,600.0,10.9,S
2021-06-22T09:27:35,300.0,10.9,S
2021-06-22T09:27:21,5000.0,10.9,S
2021-06-22T09:26:55,1600.0,10.9,S
2021-06-22T09:26:34,2000.0,10.9,S
2021-06-22T09:25:59,100.0,11.0,B
2021-06-22T09:25:38,5000.0,11.0,B
2021-06-22T09:24:34,1000.0,11.0,B
2021-06-22T09:24:32,17500.0,11.0,B
2021-06-22T09:24:25,100.0,11.0,S
2021-06-22T09:24:19,1000.0,11.0,S
2021-06-22T09:23:48,100.0,11.0,S
2021-06-22T09:22:42,200.0,11.0,S
2021-06-22T09:22:33,5000.0,11.0,S
2021-06-22T09:22:28,1000.0,11.0,S
2021-06-22T09:21:15,500.0,11.0,S
2021-06-22T09:21:15,10100.0,11.0,S
2021-06-22T09:20:39,1000.0,11.0,S
2021-06-22T09:20:23,500.0,11.0,S
2021-06-22T09:20:21,100.0,11.1,B
2021-06-22T09:20:18,200.0,11.0,S
2021-06-22T09:20:03,100.0,11.0,B
2021-06-22T09:19:56,1000.0,11.0,B
2021-06-22T09:19:47,3000.0,11.0,B
2021-06-22T09:19:36,1500.0,11.0,B
2021-06-22T09:19:32,900.0,11.0,B
2021-06-22T09:19:32,100.0,11.0,B
2021-06-22T09:18:37,1500.0,11.0,S
2021-06-22T09:17:22,100.0,11.0,S
2021-06-22T09:16:49,400.0,11.0,S
2021-06-22T09:15:11,1000.0,11.0,S
2021-06-22T09:14:54,100.0,11.1,B
2021-06-22T09:14:23,20000.0,11.0,S
2021-06-22T09:13:06,10000.0,11.0,S
2021-06-22T09:11:46,400.0,11.1,B
2021-06-22T09:11:22,200.0,11.1,B
2021-06-22T09:11:02,2500.0,11.1,B
2021-06-22T09:08:15,100.0,11.1,B
2021-06-22T09:08:06,2000.0,11.1,B
2021-06-22T09:07:13,100.0,11.1,S
2021-06-22T09:07:08,100.0,11.1,S
2021-06-22T09:07:01,2500.0,11.1,S
2021-06-22T09:06:46,1000.0,11.1,S
2021-06-22T09:06:10,1000.0,11.1,S
2021-06-22T09:06:08,100.0,11.1,S
2021-06-22T09:05:40,200.0,11.1,S
2021-06-22T09:05:27,1800.0,11.1,S
2021-06-22T09:05:21,500.0,11.1,S
2021-06-22T09:04:21,500.0,11.1,S
2021-06-22T09:03:48,3000.0,11.1,S
2021-06-22T09:03:08,2400.0,11.1,B
2021-06-22T09:01:01,300.0,11.0,S
2021-06-22T09:00:30,100.0,11.0,S
2021-06-22T09:00:28,100.0,11.0,S
2021-06-22T09:00:14,200.0,11.0,S
2021-06-22T09:00:12,100.0,11.0,S
