tradingTime,volume,price,side
2021-06-22T14:30:07,16000.0,45.8,B
2021-06-22T14:29:54,500.0,45.05,S
2021-06-22T14:27:04,100.0,45.8,B
2021-06-22T14:26:35,100.0,45.0,S
2021-06-22T14:26:35,100.0,45.8,B
2021-06-22T14:26:11,100.0,45.0,S
2021-06-22T14:26:03,100.0,45.8,B
2021-06-22T14:25:09,400.0,45.0,S
2021-06-22T14:24:54,1000.0,45.8,B
2021-06-22T14:22:37,20000.0,45.0,S
2021-06-22T14:22:09,10000.0,45.75,B
2021-06-22T14:20:19,1800.0,45.0,S
2021-06-22T14:20:12,400.0,45.0,S
2021-06-22T14:20:01,10000.0,45.65,B
2021-06-22T14:19:39,2000.0,45.0,S
2021-06-22T14:19:19,2800.0,45.0,S
2021-06-22T14:19:18,3200.0,45.0,S
2021-06-22T14:18:57,300.0,45.0,S
2021-06-22T14:18:11,500.0,45.0,S
2021-06-22T14:17:56,900.0,45.0,S
2021-06-22T14:16:17,100.0,45.0,S
2021-06-22T14:15:25,5000.0,45.0,S
2021-06-22T14:15:22,5500.0,45.0,B
2021-06-22T14:15:00,1100.0,45.0,B
2021-06-22T14:14:35,300.0,44.7,B
2021-06-22T14:14:25,300.0,44.6,S
2021-06-22T14:14:02,1000.0,44.6,S
2021-06-22T14:13:22,10000.0,44.6,S
2021-06-22T14:13:06,200.0,44.7,S
2021-06-22T14:12:37,100.0,44.8,B
2021-06-22T14:11:42,1900.0,44.8,S
2021-06-22T14:11:09,1000.0,44.8,S
2021-06-22T14:09:11,5200.0,45.0,B
2021-06-22T14:07:41,800.0,44.8,S
2021-06-22T14:06:25,100.0,45.0,S
2021-06-22T14:06:24,4800.0,45.0,S
2021-06-22T14:05:22,300.0,45.0,S
2021-06-22T14:04:50,600.0,45.0,B
2021-06-22T14:03:46,2200.0,45.0,S
2021-06-22T14:03:46,200.0,45.0,S
2021-06-22T14:03:46,7000.0,45.0,S
2021-06-22T14:03:32,9500.0,45.0,S
2021-06-22T14:03:32,2800.0,45.0,S
2021-06-22T14:03:20,2300.0,45.1,B
2021-06-22T14:01:23,4700.0,45.1,S
2021-06-22T13:59:54,4000.0,45.2,S
2021-06-22T13:55:57,2500.0,45.25,S
2021-06-22T13:47:06,700.0,45.25,S
2021-06-22T13:45:57,2000.0,45.25,S
2021-06-22T13:45:01,3300.0,45.2,S
2021-06-22T13:45:01,1000.0,45.2,S
2021-06-22T13:45:01,1700.0,45.3,S
2021-06-22T13:44:58,200.0,45.3,S
2021-06-22T13:44:06,2000.0,45.3,S
2021-06-22T13:37:34,800.0,45.7,B
2021-06-22T13:35:22,2000.0,45.7,B
2021-06-22T13:34:11,1200.0,45.7,B
2021-06-22T13:32:42,3100.0,45.7,S
2021-06-22T13:32:06,200.0,45.75,S
2021-06-22T13:31:29,500.0,45.75,S
2021-06-22T13:30:17,2200.0,45.75,B
2021-06-22T13:29:53,400.0,45.2,S
2021-06-22T13:28:07,2000.0,45.7,S
2021-06-22T13:26:38,100.0,45.75,B
2021-06-22T13:26:24,400.0,45.75,B
2021-06-22T13:25:10,300.0,45.75,S
2021-06-22T13:20:02,200.0,46.0,B
2021-06-22T13:15:19,300.0,46.05,B
2021-06-22T13:15:06,100.0,46.0,S
2021-06-22T13:14:31,1500.0,46.0,S
2021-06-22T13:13:15,600.0,46.0,B
2021-06-22T13:11:04,1000.0,46.0,B
2021-06-22T13:10:40,100.0,46.0,B
2021-06-22T13:09:56,1000.0,46.0,B
2021-06-22T13:09:13,1000.0,46.0,B
2021-06-22T13:09:07,5000.0,46.0,B
2021-06-22T13:08:39,20000.0,45.95,B
2021-06-22T13:08:34,500.0,45.9,B
2021-06-22T13:08:18,20000.0,45.9,B
2021-06-22T13:05:21,5900.0,45.8,B
2021-06-22T13:05:21,2200.0,45.75,B
2021-06-22T13:00:07,1000.0,45.75,B
2021-06-22T11:27:47,3100.0,45.75,B
2021-06-22T11:27:17,2600.0,45.3,S
2021-06-22T11:14:01,4000.0,45.2,S
2021-06-22T11:13:06,1000.0,45.35,S
2021-06-22T11:09:40,2900.0,45.2,S
2021-06-22T11:09:38,12100.0,45.2,S
2021-06-22T11:05:45,300.0,45.35,S
2021-06-22T11:01:48,600.0,45.7,B
2021-06-22T11:01:16,500.0,45.6,B
2021-06-22T11:00:59,800.0,45.45,B
2021-06-22T10:58:37,5000.0,45.25,S
2021-06-22T10:57:47,500.0,45.35,S
2021-06-22T10:53:37,100.0,45.45,B
2021-06-22T10:51:38,100.0,45.45,S
2021-06-22T10:51:30,15000.0,45.45,S
2021-06-22T10:50:16,900.0,45.7,S
2021-06-22T10:49:54,5000.0,45.7,S
2021-06-22T10:49:29,300.0,45.8,B
2021-06-22T10:49:12,300.0,45.8,B
2021-06-22T10:47:35,300.0,45.8,B
2021-06-22T10:46:57,500.0,45.8,B
2021-06-22T10:46:19,3500.0,45.8,B
2021-06-22T10:41:42,5000.0,45.75,B
2021-06-22T10:41:23,3000.0,45.7,B
2021-06-22T10:41:16,1200.0,45.7,B
2021-06-22T10:34:23,9300.0,45.0,S
2021-06-22T10:34:23,3100.0,45.2,S
2021-06-22T10:34:23,2600.0,45.3,S
2021-06-22T10:34:19,2200.0,45.8,B
2021-06-22T10:34:19,1500.0,45.8,B
2021-06-22T10:34:19,6300.0,45.75,B
2021-06-22T10:33:25,100.0,45.3,B
2021-06-22T10:33:25,1000.0,45.3,B
2021-06-22T10:33:24,1800.0,45.3,B
2021-06-22T10:32:52,2800.0,45.2,B
2021-06-22T10:30:44,600.0,45.15,B
2021-06-22T10:30:40,500.0,45.15,B
2021-06-22T10:30:37,100.0,45.15,B
2021-06-22T10:30:09,200.0,45.15,B
2021-06-22T10:29:11,5000.0,45.0,S
2021-06-22T10:27:43,500.0,45.15,B
2021-06-22T10:26:54,4900.0,45.0,B
2021-06-22T10:26:30,1000.0,44.6,S
2021-06-22T10:25:52,100.0,45.0,S
2021-06-22T10:24:22,2800.0,45.0,B
2021-06-22T10:23:20,3500.0,45.0,S
2021-06-22T10:21:57,15200.0,45.0,S
2021-06-22T10:21:57,8800.0,45.0,S
2021-06-22T10:21:46,1000.0,45.15,B
2021-06-22T10:21:35,20000.0,45.0,S
2021-06-22T10:21:28,1100.0,45.15,B
2021-06-22T10:20:38,4000.0,45.15,S
2021-06-22T10:20:32,3000.0,45.15,S
2021-06-22T10:19:56,700.0,45.2,B
2021-06-22T10:19:39,300.0,45.2,S
2021-06-22T10:19:38,3500.0,45.2,S
2021-06-22T10:19:04,5000.0,45.2,S
2021-06-22T10:18:49,3000.0,45.2,S
2021-06-22T10:16:39,500.0,45.3,B
2021-06-22T10:15:37,700.0,45.35,S
2021-06-22T10:14:47,5000.0,45.2,S
2021-06-22T10:14:01,200.0,45.3,B
2021-06-22T10:13:31,100.0,45.3,S
2021-06-22T10:13:27,1700.0,45.3,S
2021-06-22T10:13:06,5000.0,45.5,B
2021-06-22T10:13:00,1200.0,45.3,S
2021-06-22T10:11:09,200.0,45.5,B
2021-06-22T10:10:18,200.0,45.5,B
2021-06-22T10:10:04,300.0,45.5,B
2021-06-22T10:09:15,4300.0,45.5,S
2021-06-22T10:08:47,700.0,45.5,S
2021-06-22T10:07:55,9000.0,45.75,S
2021-06-22T10:07:01,2000.0,45.75,S
2021-06-22T10:06:48,6600.0,45.8,B
2021-06-22T10:05:55,500.0,45.8,B
2021-06-22T10:05:16,100.0,45.8,B
2021-06-22T10:03:23,300.0,45.8,B
2021-06-22T10:01:30,1000.0,45.75,B
2021-06-22T09:59:32,10000.0,45.8,B
2021-06-22T09:58:51,100.0,45.8,B
2021-06-22T09:58:02,4900.0,45.85,S
2021-06-22T09:58:00,1800.0,45.85,S
2021-06-22T09:57:59,100.0,45.85,S
2021-06-22T09:57:51,1000.0,45.9,B
2021-06-22T09:57:37,100.0,45.85,B
2021-06-22T09:57:32,3100.0,45.85,B
2021-06-22T09:50:10,6600.0,45.95,B
2021-06-22T09:50:10,200.0,45.5,B
2021-06-22T09:50:06,2200.0,45.1,S
2021-06-22T09:49:52,2000.0,45.1,S
2021-06-22T09:49:09,12600.0,45.1,B
2021-06-22T09:48:38,500.0,45.1,B
2021-06-22T09:48:30,300.0,45.1,B
2021-06-22T09:48:20,500.0,45.1,B
2021-06-22T09:48:09,500.0,45.0,S
2021-06-22T09:47:49,5000.0,45.0,S
2021-06-22T09:45:17,100.0,45.05,S
2021-06-22T09:44:46,2000.0,45.0,S
2021-06-22T09:44:46,200.0,45.1,B
2021-06-22T09:43:36,3500.0,45.0,B
2021-06-22T09:43:36,300.0,45.0,B
2021-06-22T09:43:36,34500.0,45.0,B
2021-06-22T09:42:13,300.0,44.3,S
2021-06-22T09:42:04,300.0,44.5,B
2021-06-22T09:42:01,2000.0,44.5,B
2021-06-22T09:41:59,100.0,44.3,S
2021-06-22T09:40:38,1700.0,44.3,B
2021-06-22T09:40:36,900.0,44.25,S
2021-06-22T09:40:30,24100.0,44.25,S
2021-06-22T09:40:14,100.0,44.25,S
2021-06-22T09:40:12,500.0,44.25,S
2021-06-22T09:40:11,10300.0,44.3,B
2021-06-22T09:39:54,500.0,44.25,S
2021-06-22T09:39:49,600.0,44.3,B
2021-06-22T09:39:45,500.0,44.3,B
2021-06-22T09:39:42,10000.0,44.3,B
2021-06-22T09:39:33,1600.0,44.3,B
2021-06-22T09:39:23,100.0,44.3,B
2021-06-22T09:39:20,1000.0,44.3,B
2021-06-22T09:39:15,400.0,44.3,B
2021-06-22T09:39:05,200.0,44.3,B
2021-06-22T09:38:52,100.0,44.3,S
2021-06-22T09:38:41,20000.0,44.3,S
2021-06-22T09:38:41,600.0,44.3,S
2021-06-22T09:38:41,100.0,44.3,S
2021-06-22T09:38:24,500.0,44.3,S
2021-06-22T09:38:22,100.0,44.3,S
2021-06-22T09:38:22,5000.0,44.3,S
2021-06-22T09:38:16,3000.0,44.3,S
2021-06-22T09:37:47,100.0,44.3,S
2021-06-22T09:37:22,3300.0,44.3,S
2021-06-22T09:36:50,2900.0,44.3,S
2021-06-22T09:35:53,500.0,44.3,S
2021-06-22T09:35:33,600.0,44.3,S
2021-06-22T09:34:59,300.0,44.25,S
2021-06-22T09:34:59,300.0,44.25,S
2021-06-22T09:34:59,2000.0,44.25,S
2021-06-22T09:32:50,200.0,44.5,S
2021-06-22T09:32:27,200.0,44.5,S
2021-06-22T09:32:06,300.0,44.5,S
2021-06-22T09:32:06,700.0,44.5,S
2021-06-22T09:32:06,100.0,44.5,S
2021-06-22T09:32:06,6900.0,44.5,S
2021-06-22T09:32:04,500.0,44.7,S
2021-06-22T09:30:34,400.0,44.7,S
2021-06-22T09:30:22,200.0,45.0,B
2021-06-22T09:29:38,2300.0,45.0,B
2021-06-22T09:29:06,100.0,44.7,B
2021-06-22T09:28:50,100.0,44.5,S
2021-06-22T09:28:07,200.0,44.5,S
2021-06-22T09:27:55,500.0,44.95,S
2021-06-22T09:27:32,600.0,44.5,S
2021-06-22T09:26:42,1400.0,44.25,S
2021-06-22T09:26:42,100.0,44.25,S
2021-06-22T09:26:18,4900.0,44.25,S
2021-06-22T09:26:09,300.0,44.3,S
2021-06-22T09:26:07,100.0,45.0,B
2021-06-22T09:25:50,1100.0,45.0,S
2021-06-22T09:24:38,3000.0,45.0,S
2021-06-22T09:24:12,600.0,45.0,S
2021-06-22T09:24:07,200.0,44.7,S
2021-06-22T09:24:00,1000.0,45.0,S
2021-06-22T09:23:58,200.0,45.0,S
2021-06-22T09:23:58,100.0,45.0,S
2021-06-22T09:23:54,3100.0,45.0,S
2021-06-22T09:23:53,20000.0,45.0,S
2021-06-22T09:23:52,2000.0,45.05,S
2021-06-22T09:23:00,100.0,45.0,S
2021-06-22T09:22:51,10000.0,45.0,S
2021-06-22T09:22:45,1100.0,45.1,S
2021-06-22T09:22:30,200.0,45.3,S
2021-06-22T09:22:07,1000.0,45.3,S
2021-06-22T09:22:05,2700.0,45.3,S
2021-06-22T09:22:05,500.0,45.5,S
2021-06-22T09:22:05,1800.0,45.5,S
2021-06-22T09:22:00,200.0,45.5,S
2021-06-22T09:21:43,200.0,45.6,B
2021-06-22T09:21:31,200.0,45.6,S
2021-06-22T09:20:53,3000.0,45.6,S
2021-06-22T09:20:40,1000.0,45.9,B
2021-06-22T09:20:14,100.0,45.9,B
2021-06-22T09:18:59,100.0,45.9,S
2021-06-22T09:18:21,100.0,45.5,S
2021-06-22T09:18:04,300.0,46.0,B
2021-06-22T09:17:38,3300.0,46.0,S
2021-06-22T09:17:28,1000.0,46.1,B
2021-06-22T09:17:13,200.0,46.1,S
2021-06-22T09:17:06,500.0,46.1,S
2021-06-22T09:17:05,1000.0,46.1,S
2021-06-22T09:16:29,700.0,46.1,S
2021-06-22T09:15:57,3000.0,46.1,S
2021-06-22T09:15:45,1000.0,46.1,S
