tradingTime,volume,price,side
2021-06-22T14:30:04,300.0,124.0,B
2021-06-22T14:30:00,200.0,124.0,B
2021-06-22T14:29:18,100.0,124.0,B
2021-06-22T14:29:15,100.0,124.0,B
2021-06-22T14:28:41,800.0,123.5,S
2021-06-22T14:28:28,1000.0,123.5,S
2021-06-22T14:28:26,300.0,123.5,S
2021-06-22T14:28:18,500.0,124.0,B
2021-06-22T14:28:05,1000.0,123.5,S
2021-06-22T14:27:37,1600.0,123.5,B
2021-06-22T14:26:12,1500.0,123.5,B
2021-06-22T14:25:11,200.0,123.3,S
2021-06-22T14:24:34,500.0,123.4,B
2021-06-22T14:23:57,500.0,123.4,B
2021-06-22T14:22:24,500.0,123.5,B
2021-06-22T14:21:56,100.0,123.0,S
2021-06-22T14:21:25,100.0,123.0,S
2021-06-22T14:21:25,500.0,123.0,S
2021-06-22T14:21:25,1200.0,123.1,S
2021-06-22T14:21:02,1500.0,123.5,B
2021-06-22T14:20:50,200.0,123.0,S
2021-06-22T14:20:50,1100.0,123.0,S
2021-06-22T14:20:26,200.0,123.0,S
2021-06-22T14:19:58,500.0,123.0,S
2021-06-22T14:19:58,400.0,123.0,S
2021-06-22T14:19:25,1000.0,123.0,S
2021-06-22T14:19:09,1000.0,123.0,S
2021-06-22T14:18:00,1000.0,123.4,B
2021-06-22T14:17:59,1200.0,123.0,S
2021-06-22T14:17:59,900.0,123.0,S
2021-06-22T14:17:41,2000.0,123.0,S
2021-06-22T14:17:18,800.0,123.0,S
2021-06-22T14:17:17,1200.0,123.0,S
2021-06-22T14:17:17,1700.0,123.0,S
2021-06-22T14:17:17,100.0,123.1,S
2021-06-22T14:17:17,3300.0,123.1,S
2021-06-22T14:17:17,1000.0,123.2,S
2021-06-22T14:16:50,1100.0,123.2,S
2021-06-22T14:16:19,200.0,123.3,S
2021-06-22T14:16:19,1000.0,123.4,S
2021-06-22T14:15:53,1000.0,123.4,S
2021-06-22T14:14:52,400.0,123.4,S
2021-06-22T14:14:52,300.0,123.4,S
2021-06-22T14:14:52,900.0,123.4,S
2021-06-22T14:14:52,400.0,123.4,S
2021-06-22T14:13:15,1000.0,123.4,S
2021-06-22T14:10:53,100.0,123.8,B
2021-06-22T14:10:40,100.0,123.6,S
2021-06-22T14:10:14,100.0,123.5,S
2021-06-22T14:10:14,100.0,123.6,S
2021-06-22T14:10:10,200.0,123.8,B
2021-06-22T14:09:31,900.0,123.6,B
2021-06-22T14:09:11,100.0,123.5,S
2021-06-22T14:09:07,300.0,123.6,B
2021-06-22T14:08:20,400.0,123.5,B
2021-06-22T14:07:56,100.0,123.5,S
2021-06-22T14:07:46,700.0,123.5,S
2021-06-22T14:07:15,200.0,123.6,B
2021-06-22T14:07:09,200.0,123.5,S
2021-06-22T14:07:00,100.0,123.5,S
2021-06-22T14:06:34,200.0,123.5,S
2021-06-22T14:05:32,100.0,123.5,S
2021-06-22T14:04:29,700.0,123.6,S
2021-06-22T14:03:22,100.0,123.6,S
2021-06-22T14:03:22,900.0,123.7,S
2021-06-22T14:03:05,100.0,123.7,B
2021-06-22T14:02:47,200.0,123.6,B
2021-06-22T14:01:47,100.0,123.6,B
2021-06-22T14:00:52,2200.0,123.5,S
2021-06-22T14:00:04,1000.0,123.5,S
2021-06-22T13:58:39,1000.0,123.5,S
2021-06-22T13:52:20,200.0,123.5,S
2021-06-22T13:51:45,200.0,123.5,S
2021-06-22T13:50:07,900.0,124.0,B
2021-06-22T13:48:11,200.0,123.5,S
2021-06-22T13:47:16,200.0,124.0,B
2021-06-22T13:44:28,200.0,124.0,B
2021-06-22T13:42:11,100.0,124.0,B
2021-06-22T13:42:03,2000.0,124.0,B
2021-06-22T13:31:52,200.0,124.0,B
2021-06-22T13:31:43,100.0,124.0,B
2021-06-22T13:31:34,1000.0,124.0,B
2021-06-22T13:30:54,200.0,124.0,B
2021-06-22T13:27:28,600.0,123.4,S
2021-06-22T13:27:21,100.0,123.5,B
2021-06-22T13:27:01,200.0,123.5,S
2021-06-22T13:26:47,600.0,123.5,S
2021-06-22T13:26:40,4100.0,123.5,S
2021-06-22T13:26:07,500.0,123.6,B
2021-06-22T13:25:07,400.0,123.6,S
2021-06-22T13:22:53,100.0,124.0,B
2021-06-22T13:22:41,1200.0,124.0,B
2021-06-22T13:20:55,100.0,124.5,B
2021-06-22T13:20:35,100.0,124.0,S
2021-06-22T13:20:26,900.0,124.5,B
2021-06-22T13:20:19,1500.0,123.4,S
2021-06-22T13:20:19,200.0,123.5,S
2021-06-22T13:20:19,4400.0,123.5,S
2021-06-22T13:20:10,600.0,123.6,S
2021-06-22T13:19:36,100.0,124.0,B
2021-06-22T13:19:26,1000.0,124.0,B
2021-06-22T13:19:24,200.0,123.5,S
2021-06-22T13:18:47,400.0,123.6,S
2021-06-22T13:18:38,3000.0,123.5,S
2021-06-22T13:15:53,200.0,124.0,B
2021-06-22T13:13:43,100.0,124.0,B
2021-06-22T13:13:34,1000.0,123.6,S
2021-06-22T13:13:23,400.0,124.0,B
2021-06-22T13:13:14,2900.0,124.0,B
2021-06-22T13:11:35,100.0,124.0,B
2021-06-22T13:11:08,500.0,124.0,B
2021-06-22T13:11:05,200.0,124.0,B
2021-06-22T13:10:55,1700.0,123.5,S
2021-06-22T13:10:55,1100.0,123.5,S
2021-06-22T13:10:55,100.0,123.5,S
2021-06-22T13:10:55,600.0,123.5,S
2021-06-22T13:10:55,1500.0,123.5,S
2021-06-22T13:09:44,100.0,124.0,B
2021-06-22T13:09:40,600.0,124.0,B
2021-06-22T13:09:40,400.0,124.0,B
2021-06-22T13:09:33,500.0,123.5,S
2021-06-22T13:09:26,100.0,124.0,B
2021-06-22T13:09:22,900.0,124.0,B
2021-06-22T13:09:22,100.0,124.0,B
2021-06-22T13:03:25,100.0,124.0,B
2021-06-22T13:03:16,1000.0,123.6,S
2021-06-22T13:00:16,200.0,124.0,B
2021-06-22T11:29:38,300.0,124.0,B
2021-06-22T11:29:26,2000.0,124.0,B
2021-06-22T11:24:11,100.0,123.9,B
2021-06-22T11:24:03,400.0,123.6,S
2021-06-22T11:24:03,600.0,123.6,S
2021-06-22T11:23:41,100.0,123.9,B
2021-06-22T11:23:26,100.0,123.9,B
2021-06-22T11:22:16,200.0,123.9,B
2021-06-22T11:21:50,300.0,123.8,S
2021-06-22T11:20:13,300.0,123.9,B
2021-06-22T11:18:50,200.0,124.0,B
2021-06-22T11:18:26,100.0,123.9,S
2021-06-22T11:18:11,300.0,123.9,S
2021-06-22T11:17:42,200.0,124.0,B
2021-06-22T11:16:54,300.0,124.0,B
2021-06-22T11:16:46,2300.0,123.9,B
2021-06-22T11:16:16,100.0,123.9,B
2021-06-22T11:13:12,100.0,123.9,B
2021-06-22T11:13:03,200.0,123.9,B
2021-06-22T11:13:03,1000.0,123.5,S
2021-06-22T11:13:00,100.0,123.9,B
2021-06-22T11:12:57,400.0,123.9,B
2021-06-22T11:12:49,3100.0,123.6,S
2021-06-22T11:11:49,200.0,123.9,S
2021-06-22T11:11:23,100.0,124.0,B
2021-06-22T11:11:08,700.0,124.0,B
2021-06-22T11:11:07,200.0,124.0,B
2021-06-22T11:10:54,1500.0,123.7,S
2021-06-22T11:08:24,100.0,124.0,B
2021-06-22T11:08:15,200.0,123.8,S
2021-06-22T11:08:14,500.0,124.0,B
2021-06-22T11:07:59,200.0,124.0,B
2021-06-22T11:07:52,200.0,124.0,B
2021-06-22T11:07:41,1400.0,124.0,B
2021-06-22T11:05:53,100.0,124.0,B
2021-06-22T11:05:20,300.0,124.0,B
2021-06-22T11:05:16,100.0,124.0,B
2021-06-22T11:05:04,1000.0,124.0,B
2021-06-22T11:03:52,100.0,124.0,B
2021-06-22T11:03:12,500.0,124.0,B
2021-06-22T11:02:01,100.0,124.0,B
2021-06-22T11:01:25,100.0,124.0,B
2021-06-22T10:56:24,100.0,124.5,B
2021-06-22T10:56:18,100.0,123.9,B
2021-06-22T10:56:13,1000.0,123.9,B
2021-06-22T10:55:40,100.0,123.9,B
2021-06-22T10:55:29,800.0,124.0,S
2021-06-22T10:55:03,200.0,124.5,B
2021-06-22T10:54:54,1400.0,124.0,B
2021-06-22T10:54:25,100.0,124.0,B
2021-06-22T10:54:16,1000.0,123.9,B
2021-06-22T10:54:06,100.0,123.9,B
2021-06-22T10:53:18,500.0,124.0,B
2021-06-22T10:53:14,100.0,123.8,S
2021-06-22T10:50:42,100.0,123.8,S
2021-06-22T10:50:17,100.0,123.8,S
2021-06-22T10:48:33,200.0,124.5,B
2021-06-22T10:48:26,1600.0,123.5,S
2021-06-22T10:46:21,400.0,124.5,S
2021-06-22T10:44:25,100.0,125.0,B
2021-06-22T10:40:27,100.0,125.0,B
2021-06-22T10:40:17,1000.0,125.0,B
2021-06-22T10:40:03,200.0,125.4,B
2021-06-22T10:39:53,1400.0,125.4,B
2021-06-22T10:39:46,2200.0,125.0,B
2021-06-22T10:39:46,6000.0,124.5,B
2021-06-22T10:39:45,800.0,124.5,B
2021-06-22T10:39:45,600.0,124.4,B
2021-06-22T10:38:09,400.0,124.5,B
2021-06-22T10:37:57,2300.0,123.8,S
2021-06-22T10:37:57,700.0,124.0,S
2021-06-22T10:37:51,100.0,124.5,B
2021-06-22T10:37:39,1000.0,124.0,S
2021-06-22T10:37:02,100.0,124.0,B
2021-06-22T10:36:59,100.0,123.8,S
2021-06-22T10:36:54,1200.0,124.0,B
2021-06-22T10:36:45,5000.0,124.0,B
2021-06-22T10:36:28,100.0,124.0,B
2021-06-22T10:33:30,200.0,124.0,B
2021-06-22T10:33:22,1400.0,124.0,B
2021-06-22T10:33:08,100.0,124.0,B
2021-06-22T10:31:45,100.0,124.0,B
2021-06-22T10:31:36,1000.0,123.9,B
2021-06-22T10:29:41,100.0,123.8,B
2021-06-22T10:29:32,300.0,123.5,S
2021-06-22T10:29:32,700.0,123.5,S
2021-06-22T10:29:28,100.0,123.8,B
2021-06-22T10:28:37,100.0,123.5,B
2021-06-22T10:28:30,400.0,123.5,S
2021-06-22T10:27:44,200.0,123.5,S
2021-06-22T10:27:32,300.0,123.5,S
2021-06-22T10:26:43,100.0,123.5,B
2021-06-22T10:25:47,100.0,123.5,B
2021-06-22T10:25:35,100.0,123.5,B
2021-06-22T10:25:24,1000.0,123.5,B
2021-06-22T10:24:52,600.0,123.5,B
2021-06-22T10:24:41,200.0,123.5,B
2021-06-22T10:24:24,200.0,123.5,S
2021-06-22T10:24:16,400.0,123.8,B
2021-06-22T10:24:06,1000.0,123.8,B
2021-06-22T10:24:05,1000.0,123.5,S
2021-06-22T10:24:05,500.0,123.5,S
2021-06-22T10:24:05,500.0,123.5,S
2021-06-22T10:23:53,100.0,123.8,B
2021-06-22T10:23:51,100.0,123.5,S
2021-06-22T10:23:51,100.0,123.5,S
2021-06-22T10:23:44,400.0,123.5,S
2021-06-22T10:23:44,500.0,123.5,S
2021-06-22T10:23:44,100.0,123.5,S
2021-06-22T10:23:26,200.0,123.5,S
2021-06-22T10:23:19,1000.0,123.5,S
2021-06-22T10:23:03,2000.0,123.5,S
2021-06-22T10:22:59,100.0,123.8,B
2021-06-22T10:22:29,100.0,123.8,B
2021-06-22T10:22:09,100.0,123.8,B
2021-06-22T10:20:58,500.0,123.5,S
2021-06-22T10:20:23,2000.0,123.5,S
2021-06-22T10:19:59,500.0,124.0,B
2021-06-22T10:19:08,100.0,124.0,B
2021-06-22T10:18:15,100.0,124.0,B
2021-06-22T10:18:10,100.0,124.0,B
2021-06-22T10:17:57,100.0,124.0,B
2021-06-22T10:17:27,800.0,124.0,S
2021-06-22T10:17:26,500.0,124.0,S
2021-06-22T10:16:50,1000.0,124.0,S
2021-06-22T10:16:49,500.0,124.0,S
2021-06-22T10:14:30,1000.0,124.0,S
2021-06-22T10:13:46,700.0,124.0,S
2021-06-22T10:13:36,500.0,124.0,S
2021-06-22T10:13:24,1000.0,124.0,S
2021-06-22T10:12:55,1000.0,124.0,S
2021-06-22T10:12:43,800.0,124.0,S
2021-06-22T10:12:33,200.0,124.0,S
2021-06-22T10:12:10,400.0,124.0,S
2021-06-22T10:11:47,900.0,124.0,S
2021-06-22T10:11:47,400.0,124.0,S
2021-06-22T10:11:47,200.0,124.0,S
2021-06-22T10:11:47,3700.0,124.0,S
2021-06-22T10:08:02,100.0,124.2,S
2021-06-22T10:06:36,100.0,124.2,S
2021-06-22T10:04:03,100.0,124.2,B
2021-06-22T10:03:23,100.0,124.2,B
2021-06-22T10:03:09,100.0,124.2,S
2021-06-22T10:03:09,700.0,124.2,S
2021-06-22T10:02:28,100.0,124.5,B
2021-06-22T10:00:53,1200.0,124.0,S
2021-06-22T09:59:18,400.0,124.0,S
2021-06-22T09:58:09,300.0,124.0,S
2021-06-22T09:57:21,600.0,124.0,B
2021-06-22T09:56:46,100.0,124.0,B
2021-06-22T09:56:42,100.0,124.0,B
2021-06-22T09:55:59,300.0,124.0,B
2021-06-22T09:55:15,300.0,124.0,S
2021-06-22T09:55:13,1000.0,123.7,S
2021-06-22T09:54:33,900.0,124.0,S
2021-06-22T09:54:05,600.0,124.0,B
2021-06-22T09:54:02,400.0,124.0,S
2021-06-22T09:54:01,300.0,124.0,S
2021-06-22T09:53:50,200.0,124.0,S
2021-06-22T09:53:44,200.0,124.0,S
2021-06-22T09:53:27,1000.0,124.0,S
2021-06-22T09:53:06,1000.0,124.0,S
2021-06-22T09:52:08,500.0,124.0,S
2021-06-22T09:52:04,100.0,124.0,S
2021-06-22T09:52:04,200.0,124.0,S
2021-06-22T09:51:40,300.0,124.0,S
2021-06-22T09:51:40,600.0,124.0,S
2021-06-22T09:51:40,100.0,124.0,S
2021-06-22T09:51:35,500.0,124.0,S
2021-06-22T09:51:09,500.0,124.0,S
2021-06-22T09:51:09,500.0,124.0,S
2021-06-22T09:50:42,100.0,125.4,B
2021-06-22T09:50:25,500.0,125.4,B
2021-06-22T09:50:19,500.0,124.0,S
2021-06-22T09:50:19,600.0,124.0,S
2021-06-22T09:50:19,2900.0,124.0,S
2021-06-22T09:48:24,1000.0,124.0,S
2021-06-22T09:47:56,200.0,125.5,B
2021-06-22T09:46:51,500.0,125.5,B
2021-06-22T09:46:44,500.0,125.5,B
2021-06-22T09:46:38,1800.0,125.0,S
2021-06-22T09:46:38,600.0,125.0,S
2021-06-22T09:46:38,200.0,125.0,S
2021-06-22T09:46:38,600.0,125.0,S
2021-06-22T09:46:37,400.0,125.3,S
2021-06-22T09:45:53,100.0,125.5,B
2021-06-22T09:45:36,100.0,125.5,B
2021-06-22T09:45:22,100.0,125.5,B
2021-06-22T09:44:58,100.0,125.4,S
2021-06-22T09:43:36,200.0,125.5,B
2021-06-22T09:43:20,100.0,125.3,S
2021-06-22T09:42:50,1000.0,125.0,S
2021-06-22T09:42:46,600.0,125.3,S
2021-06-22T09:42:33,300.0,125.4,B
2021-06-22T09:42:15,600.0,125.3,S
2021-06-22T09:41:44,100.0,125.4,S
2021-06-22T09:40:37,200.0,125.5,S
2021-06-22T09:40:14,200.0,125.7,B
2021-06-22T09:39:01,100.0,125.7,S
2021-06-22T09:38:42,500.0,125.9,B
2021-06-22T09:38:34,1500.0,125.7,S
2021-06-22T09:38:32,500.0,125.8,S
2021-06-22T09:38:22,100.0,125.8,S
2021-06-22T09:36:10,200.0,125.8,S
2021-06-22T09:35:14,200.0,125.8,S
2021-06-22T09:33:54,100.0,125.8,S
2021-06-22T09:33:25,1000.0,125.8,S
2021-06-22T09:32:17,100.0,125.8,S
2021-06-22T09:29:52,300.0,125.8,S
2021-06-22T09:27:56,800.0,126.0,B
2021-06-22T09:27:41,1000.0,125.9,S
2021-06-22T09:26:42,300.0,125.8,S
2021-06-22T09:24:46,300.0,125.8,S
2021-06-22T09:24:46,1700.0,125.8,S
2021-06-22T09:22:27,300.0,125.8,S
2021-06-22T09:22:24,100.0,125.8,S
2021-06-22T09:22:19,100.0,125.8,S
2021-06-22T09:21:50,500.0,125.8,S
2021-06-22T09:21:34,700.0,125.8,S
2021-06-22T09:20:59,100.0,126.0,S
2021-06-22T09:20:57,700.0,126.0,S
2021-06-22T09:18:51,500.0,126.9,B
2021-06-22T09:15:54,1200.0,128.0,B
2021-06-22T09:15:54,100.0,127.8,B
2021-06-22T09:15:54,300.0,127.5,B
2021-06-22T09:15:54,100.0,127.5,B
2021-06-22T09:15:54,1300.0,127.5,B
