tradingTime,volume,price,side
2021-06-22T14:30:07,200.0,3.82,S
2021-06-22T14:30:01,200.0,3.83,B
2021-06-22T14:30:00,1700.0,3.83,B
2021-06-22T14:29:58,5000.0,3.83,B
2021-06-22T14:29:56,6500.0,3.81,S
2021-06-22T14:29:56,13500.0,3.82,S
2021-06-22T14:29:55,19800.0,3.83,B
2021-06-22T14:29:55,17000.0,3.83,B
2021-06-22T14:29:55,13200.0,3.83,B
2021-06-22T14:29:53,800.0,3.83,B
2021-06-22T14:29:52,200.0,3.83,B
2021-06-22T14:29:51,39000.0,3.82,S
2021-06-22T14:29:50,1000.0,3.83,B
2021-06-22T14:29:50,100.0,3.83,B
2021-06-22T14:29:50,2300.0,3.83,B
2021-06-22T14:29:49,3700.0,3.83,B
2021-06-22T14:29:48,200.0,3.83,B
2021-06-22T14:29:47,3500.0,3.83,B
2021-06-22T14:29:46,1000.0,3.83,S
2021-06-22T14:29:44,5100.0,3.81,S
2021-06-22T14:29:44,2900.0,3.81,S
2021-06-22T14:29:44,1000.0,3.82,S
2021-06-22T14:29:44,11500.0,3.82,S
2021-06-22T14:29:41,300.0,3.83,S
2021-06-22T14:29:41,300.0,3.83,S
2021-06-22T14:29:40,500.0,3.83,S
2021-06-22T14:29:38,10000.0,3.82,S
2021-06-22T14:29:37,700.0,3.85,B
2021-06-22T14:29:37,9300.0,3.85,B
2021-06-22T14:29:32,6600.0,3.83,S
2021-06-22T14:29:27,1000.0,3.84,S
2021-06-22T14:29:25,4000.0,3.83,S
2021-06-22T14:29:22,200.0,3.85,B
2021-06-22T14:29:19,5000.0,3.83,S
2021-06-22T14:29:18,700.0,3.85,B
2021-06-22T14:29:13,10000.0,3.85,B
2021-06-22T14:29:06,300.0,3.85,B
2021-06-22T14:29:04,1000.0,3.85,B
2021-06-22T14:29:04,1000.0,3.85,B
2021-06-22T14:29:02,3300.0,3.83,S
2021-06-22T14:29:01,46700.0,3.83,S
2021-06-22T14:28:59,30000.0,3.84,S
2021-06-22T14:28:58,100.0,3.85,B
2021-06-22T14:28:54,12000.0,3.85,B
2021-06-22T14:28:54,4000.0,3.85,B
2021-06-22T14:28:54,15000.0,3.84,S
2021-06-22T14:28:54,300.0,3.85,B
2021-06-22T14:28:53,50000.0,3.84,S
2021-06-22T14:28:53,2000.0,3.85,B
2021-06-22T14:28:47,100.0,3.85,B
2021-06-22T14:28:27,300.0,3.85,S
2021-06-22T14:28:26,3000.0,3.85,S
2021-06-22T14:28:26,3900.0,3.85,S
2021-06-22T14:28:26,3000.0,3.85,S
2021-06-22T14:28:26,4700.0,3.85,S
2021-06-22T14:28:26,1500.0,3.85,S
2021-06-22T14:28:26,1100.0,3.85,S
2021-06-22T14:28:26,5100.0,3.85,S
2021-06-22T14:28:26,102100.0,3.85,S
2021-06-22T14:28:26,700.0,3.85,S
2021-06-22T14:28:26,1000.0,3.85,S
2021-06-22T14:28:26,1600.0,3.85,S
2021-06-22T14:28:26,1100.0,3.85,S
2021-06-22T14:28:26,1200.0,3.85,S
2021-06-22T14:28:26,2200.0,3.85,S
2021-06-22T14:28:26,100.0,3.85,S
2021-06-22T14:28:26,5700.0,3.85,S
2021-06-22T14:28:22,1000.0,3.86,B
2021-06-22T14:28:17,8000.0,3.86,B
2021-06-22T14:28:05,1000.0,3.86,B
2021-06-22T14:28:04,400.0,3.86,B
2021-06-22T14:28:04,22000.0,3.85,S
2021-06-22T14:27:49,1200.0,3.85,S
2021-06-22T14:27:49,1000.0,3.85,S
2021-06-22T14:27:49,800.0,3.85,S
2021-06-22T14:27:47,500.0,3.86,B
2021-06-22T14:27:47,300.0,3.86,B
2021-06-22T14:27:39,2400.0,3.86,B
2021-06-22T14:27:39,100.0,3.86,B
2021-06-22T14:27:38,600.0,3.86,B
2021-06-22T14:27:36,1000.0,3.86,B
2021-06-22T14:27:35,5000.0,3.86,B
2021-06-22T14:27:34,1000.0,3.86,B
2021-06-22T14:27:30,1000.0,3.86,B
2021-06-22T14:27:26,200.0,3.86,B
2021-06-22T14:27:21,2500.0,3.86,B
2021-06-22T14:27:19,14700.0,3.86,B
2021-06-22T14:27:10,400.0,3.87,B
2021-06-22T14:27:10,4000.0,3.86,B
2021-06-22T14:27:08,2000.0,3.86,B
2021-06-22T14:27:05,2000.0,3.86,B
2021-06-22T14:27:04,500.0,3.87,B
2021-06-22T14:27:04,800.0,3.86,B
2021-06-22T14:27:00,200.0,3.86,S
2021-06-22T14:26:59,25000.0,3.86,S
2021-06-22T14:26:53,37800.0,3.86,S
2021-06-22T14:26:52,500.0,3.87,B
2021-06-22T14:26:51,8900.0,3.86,S
2021-06-22T14:26:37,100.0,3.86,S
2021-06-22T14:26:35,1000.0,3.86,S
2021-06-22T14:26:34,5600.0,3.86,S
2021-06-22T14:26:34,5600.0,3.87,B
2021-06-22T14:26:33,5500.0,3.86,S
2021-06-22T14:26:33,2900.0,3.86,S
2021-06-22T14:26:33,11600.0,3.86,S
2021-06-22T14:26:32,5000.0,3.86,S
2021-06-22T14:26:29,10700.0,3.86,S
2021-06-22T14:26:29,4500.0,3.86,S
2021-06-22T14:26:29,4300.0,3.86,S
2021-06-22T14:26:23,10000.0,3.86,S
2021-06-22T14:26:21,1000.0,3.87,B
2021-06-22T14:26:12,900.0,3.86,S
2021-06-22T14:26:06,2000.0,3.87,B
2021-06-22T14:26:04,6800.0,3.86,S
2021-06-22T14:26:04,11500.0,3.86,S
2021-06-22T14:26:04,1200.0,3.86,S
2021-06-22T14:26:04,500.0,3.86,S
2021-06-22T14:26:04,20000.0,3.86,S
2021-06-22T14:25:49,100.0,3.87,B
2021-06-22T14:25:47,14000.0,3.86,S
2021-06-22T14:25:44,2000.0,3.87,B
2021-06-22T14:25:44,13100.0,3.86,S
2021-06-22T14:25:44,21100.0,3.86,S
2021-06-22T14:25:44,1800.0,3.86,S
2021-06-22T14:25:33,500.0,3.87,B
2021-06-22T14:25:30,1000.0,3.87,B
2021-06-22T14:25:19,500.0,3.87,B
2021-06-22T14:25:13,200.0,3.87,B
2021-06-22T14:25:08,100.0,3.87,B
2021-06-22T14:25:07,11300.0,3.86,S
2021-06-22T14:25:07,100.0,3.87,B
2021-06-22T14:25:05,10000.0,3.87,B
2021-06-22T14:25:04,1900.0,3.87,B
2021-06-22T14:25:03,500.0,3.87,B
2021-06-22T14:25:02,600.0,3.86,S
2021-06-22T14:25:01,10000.0,3.86,S
2021-06-22T14:24:56,300.0,3.86,S
2021-06-22T14:24:52,6500.0,3.87,B
2021-06-22T14:24:43,3000.0,3.86,S
2021-06-22T14:24:43,18000.0,3.86,S
2021-06-22T14:24:34,1000.0,3.87,B
2021-06-22T14:24:22,1300.0,3.87,B
2021-06-22T14:24:22,200.0,3.86,S
2021-06-22T14:24:22,200.0,3.86,S
2021-06-22T14:24:22,300.0,3.86,S
2021-06-22T14:24:22,19500.0,3.86,S
2021-06-22T14:24:15,300.0,3.86,S
2021-06-22T14:24:14,500.0,3.87,B
2021-06-22T14:24:11,800.0,3.86,S
2021-06-22T14:24:11,800.0,3.87,B
2021-06-22T14:24:11,10000.0,3.86,S
2021-06-22T14:24:08,4900.0,3.86,S
2021-06-22T14:24:07,2000.0,3.86,S
2021-06-22T14:24:02,100.0,3.87,B
2021-06-22T14:24:01,500.0,3.87,B
2021-06-22T14:23:55,3800.0,3.86,S
2021-06-22T14:23:54,1200.0,3.86,S
2021-06-22T14:23:54,200.0,3.87,B
2021-06-22T14:23:49,5000.0,3.87,B
2021-06-22T14:23:47,100.0,3.86,S
2021-06-22T14:23:47,1100.0,3.87,B
2021-06-22T14:23:36,18000.0,3.87,B
2021-06-22T14:23:33,1200.0,3.86,S
2021-06-22T14:23:33,10300.0,3.86,S
2021-06-22T14:23:33,8500.0,3.86,S
2021-06-22T14:23:31,100.0,3.87,B
2021-06-22T14:23:13,30000.0,3.87,B
2021-06-22T14:23:09,500.0,3.86,S
2021-06-22T14:23:04,22800.0,3.86,S
2021-06-22T14:23:02,3000.0,3.87,B
2021-06-22T14:23:01,10000.0,3.87,B
2021-06-22T14:22:55,200.0,3.87,B
2021-06-22T14:22:45,2000.0,3.87,S
2021-06-22T14:22:37,100.0,3.87,S
2021-06-22T14:22:33,100.0,3.87,S
2021-06-22T14:22:30,50000.0,3.86,S
2021-06-22T14:22:28,1700.0,3.87,S
2021-06-22T14:22:28,25000.0,3.87,S
2021-06-22T14:22:23,10000.0,3.87,S
2021-06-22T14:22:22,2100.0,3.87,S
2021-06-22T14:22:21,1100.0,3.88,B
2021-06-22T14:22:04,100000.0,3.87,S
2021-06-22T14:21:55,2000.0,3.87,S
2021-06-22T14:21:51,3000.0,3.87,S
2021-06-22T14:21:47,500.0,3.89,B
2021-06-22T14:21:42,3000.0,3.87,S
2021-06-22T14:21:34,10000.0,3.87,S
2021-06-22T14:21:34,7400.0,3.87,S
2021-06-22T14:21:34,2300.0,3.87,S
2021-06-22T14:21:34,10000.0,3.87,S
2021-06-22T14:21:34,10300.0,3.87,S
2021-06-22T14:21:34,6000.0,3.89,B
2021-06-22T14:21:32,20000.0,3.88,S
2021-06-22T14:21:30,10000.0,3.89,B
2021-06-22T14:21:29,900.0,3.88,S
2021-06-22T14:21:24,6300.0,3.89,S
2021-06-22T14:21:19,1100.0,3.89,S
2021-06-22T14:21:19,1000.0,3.89,S
2021-06-22T14:21:18,1400.0,3.89,S
2021-06-22T14:21:14,25400.0,3.88,S
2021-06-22T14:21:14,3000.0,3.88,S
2021-06-22T14:21:14,7500.0,3.88,S
2021-06-22T14:21:14,14000.0,3.88,S
2021-06-22T14:21:14,110000.0,3.88,S
2021-06-22T14:21:14,500.0,3.88,S
2021-06-22T14:21:14,12900.0,3.88,S
2021-06-22T14:21:11,300.0,3.89,S
2021-06-22T14:21:03,10000.0,3.89,S
2021-06-22T14:21:02,100.0,3.89,S
2021-06-22T14:20:56,50000.0,3.89,S
2021-06-22T14:20:56,5400.0,3.89,S
2021-06-22T14:20:55,1000.0,3.89,S
2021-06-22T14:20:55,19000.0,3.89,S
2021-06-22T14:20:46,200.0,3.89,S
2021-06-22T14:20:45,1900.0,3.89,S
2021-06-22T14:20:45,100.0,3.89,S
2021-06-22T14:20:45,5000.0,3.89,S
2021-06-22T14:20:45,4400.0,3.89,S
2021-06-22T14:20:45,25500.0,3.89,S
2021-06-22T14:20:45,600.0,3.89,S
2021-06-22T14:20:45,7300.0,3.89,S
2021-06-22T14:20:43,2000.0,3.89,S
2021-06-22T14:20:42,6000.0,3.89,S
2021-06-22T14:20:37,7000.0,3.89,S
2021-06-22T14:20:34,10600.0,3.89,S
2021-06-22T14:20:29,1500.0,3.89,S
2021-06-22T14:20:27,25000.0,3.89,S
2021-06-22T14:20:13,20000.0,3.89,S
2021-06-22T14:20:11,20100.0,3.9,B
2021-06-22T14:20:05,100.0,3.9,B
2021-06-22T14:20:01,23100.0,3.9,B
2021-06-22T14:19:58,600.0,3.89,S
2021-06-22T14:19:53,100.0,3.9,B
2021-06-22T14:19:53,2000.0,3.89,S
2021-06-22T14:19:39,500.0,3.9,B
2021-06-22T14:19:35,10000.0,3.9,S
2021-06-22T14:19:32,100.0,3.9,S
2021-06-22T14:19:23,500.0,3.9,S
2021-06-22T14:19:23,9200.0,3.9,S
2021-06-22T14:19:23,7000.0,3.9,S
2021-06-22T14:19:23,400.0,3.9,S
2021-06-22T14:19:23,300.0,3.9,S
2021-06-22T14:19:23,1100.0,3.9,S
2021-06-22T14:19:23,2100.0,3.9,S
2021-06-22T14:19:23,1100.0,3.9,S
2021-06-22T14:19:23,5900.0,3.9,S
2021-06-22T14:19:22,6700.0,3.9,S
2021-06-22T14:19:22,9000.0,3.9,S
2021-06-22T14:19:22,40700.0,3.9,S
2021-06-22T14:19:22,3500.0,3.9,S
2021-06-22T14:19:22,400.0,3.9,S
2021-06-22T14:19:22,26500.0,3.9,S
2021-06-22T14:19:22,30000.0,3.91,S
2021-06-22T14:19:22,3100.0,3.91,S
2021-06-22T14:19:20,1900.0,3.91,S
2021-06-22T14:19:12,1000.0,3.91,B
2021-06-22T14:19:10,2500.0,3.91,B
2021-06-22T14:18:56,14700.0,3.91,B
2021-06-22T14:18:49,100.0,3.91,B
2021-06-22T14:18:49,100.0,3.91,B
2021-06-22T14:18:41,200.0,3.91,S
2021-06-22T14:18:37,200.0,3.91,S
2021-06-22T14:18:37,100.0,3.91,S
2021-06-22T14:18:37,7700.0,3.91,S
2021-06-22T14:18:28,400.0,3.92,B
2021-06-22T14:18:15,1500.0,3.91,S
2021-06-22T14:18:12,500.0,3.92,B
2021-06-22T14:18:08,100.0,3.92,S
2021-06-22T14:17:57,500.0,3.92,S
2021-06-22T14:17:44,20000.0,3.92,S
2021-06-22T14:17:44,200.0,3.92,S
2021-06-22T14:17:44,400.0,3.92,S
2021-06-22T14:17:44,8100.0,3.92,S
2021-06-22T14:17:43,8200.0,3.92,S
2021-06-22T14:17:40,20000.0,3.92,S
2021-06-22T14:17:27,2600.0,3.92,S
2021-06-22T14:17:27,12700.0,3.92,S
2021-06-22T14:17:27,29700.0,3.92,S
2021-06-22T14:17:25,7100.0,3.92,S
2021-06-22T14:17:22,1000.0,3.92,S
2021-06-22T14:17:19,2000.0,3.92,S
2021-06-22T14:17:03,30000.0,3.92,S
2021-06-22T14:17:01,100000.0,3.92,S
2021-06-22T14:16:25,400.0,3.92,S
2021-06-22T14:16:11,200.0,3.93,B
2021-06-22T14:16:06,100.0,3.93,B
2021-06-22T14:15:58,300.0,3.93,B
2021-06-22T14:15:53,1000.0,3.93,B
2021-06-22T14:15:53,3000.0,3.93,B
2021-06-22T14:15:46,4800.0,3.93,B
2021-06-22T14:15:30,30000.0,3.93,B
2021-06-22T14:15:18,6000.0,3.92,S
2021-06-22T14:15:15,3000.0,3.93,B
2021-06-22T14:14:55,100.0,3.93,B
2021-06-22T14:14:48,100.0,3.93,B
2021-06-22T14:14:41,1200.0,3.93,B
2021-06-22T14:14:38,100.0,3.93,S
2021-06-22T14:14:10,6300.0,3.93,S
2021-06-22T14:14:02,2900.0,3.93,S
2021-06-22T14:13:58,2000.0,3.93,S
2021-06-22T14:13:52,3000.0,3.93,S
2021-06-22T14:13:49,10000.0,3.93,S
2021-06-22T14:13:44,500.0,3.93,S
2021-06-22T14:13:30,10000.0,3.93,S
2021-06-22T14:13:23,22100.0,3.93,S
2021-06-22T14:13:19,400.0,3.94,B
2021-06-22T14:13:17,2000.0,3.93,S
2021-06-22T14:13:11,1100.0,3.93,S
2021-06-22T14:12:51,23200.0,3.93,S
2021-06-22T14:12:51,2600.0,3.93,S
2021-06-22T14:12:51,500.0,3.93,S
2021-06-22T14:12:50,23700.0,3.93,S
2021-06-22T14:12:27,100.0,3.94,B
2021-06-22T14:12:27,500.0,3.94,B
2021-06-22T14:12:25,5000.0,3.93,S
2021-06-22T14:12:24,2000.0,3.93,S
2021-06-22T14:12:22,30000.0,3.93,S
2021-06-22T14:12:06,500.0,3.94,B
2021-06-22T14:11:40,700.0,3.94,B
2021-06-22T14:11:33,14000.0,3.94,B
2021-06-22T14:11:17,100.0,3.94,B
2021-06-22T14:11:13,200.0,3.94,B
2021-06-22T14:11:05,100.0,3.94,B
2021-06-22T14:10:34,1000.0,3.94,B
2021-06-22T14:10:24,300.0,3.94,B
2021-06-22T14:10:10,2000.0,3.93,S
2021-06-22T14:10:09,500.0,3.94,B
2021-06-22T14:10:07,100.0,3.94,B
2021-06-22T14:09:37,12700.0,3.94,B
2021-06-22T14:08:34,3000.0,3.94,B
2021-06-22T14:08:20,1000.0,3.94,B
2021-06-22T14:08:15,1000.0,3.94,B
2021-06-22T14:08:11,1300.0,3.94,B
2021-06-22T14:08:11,1200.0,3.94,B
2021-06-22T14:07:49,10000.0,3.94,B
2021-06-22T14:07:24,3300.0,3.94,B
2021-06-22T14:07:13,100.0,3.94,B
2021-06-22T14:06:18,8000.0,3.93,S
2021-06-22T14:06:15,5000.0,3.93,S
2021-06-22T14:06:15,500.0,3.93,S
2021-06-22T14:06:02,22500.0,3.93,B
2021-06-22T14:06:00,1000.0,3.93,B
2021-06-22T14:05:54,100000.0,3.92,S
2021-06-22T14:05:52,15000.0,3.93,B
2021-06-22T14:05:44,1500.0,3.93,S
2021-06-22T14:05:43,500.0,3.94,B
2021-06-22T14:05:36,50000.0,3.92,S
2021-06-22T14:05:15,8200.0,3.93,B
2021-06-22T14:05:14,2000.0,3.93,B
2021-06-22T14:05:00,1000.0,3.93,B
2021-06-22T14:04:55,100.0,3.93,S
2021-06-22T14:04:52,12700.0,3.93,S
2021-06-22T14:04:42,1000.0,3.93,S
2021-06-22T14:04:25,10000.0,3.93,S
2021-06-22T14:04:19,500.0,3.94,B
2021-06-22T14:04:16,10000.0,3.93,S
2021-06-22T14:04:07,1000.0,3.93,S
2021-06-22T14:04:05,700.0,3.94,B
2021-06-22T14:04:03,9800.0,3.93,S
2021-06-22T14:04:03,14100.0,3.93,S
2021-06-22T14:04:03,200.0,3.93,S
2021-06-22T14:03:50,10000.0,3.94,B
2021-06-22T14:03:35,4100.0,3.93,S
2021-06-22T14:03:32,17800.0,3.94,B
2021-06-22T14:03:28,5000.0,3.93,S
2021-06-22T14:03:27,100.0,3.94,B
2021-06-22T14:03:27,200.0,3.94,B
2021-06-22T14:03:21,500.0,3.93,S
2021-06-22T14:03:03,300.0,3.94,B
2021-06-22T14:03:02,5000.0,3.93,S
2021-06-22T14:02:59,20500.0,3.93,S
2021-06-22T14:02:43,5000.0,3.93,S
2021-06-22T14:02:19,2200.0,3.93,S
2021-06-22T14:02:15,66100.0,3.93,S
2021-06-22T14:02:15,2300.0,3.93,S
2021-06-22T14:02:15,31600.0,3.93,S
2021-06-22T14:02:02,500.0,3.93,S
2021-06-22T14:02:02,4600.0,3.94,B
2021-06-22T14:02:02,5400.0,3.94,B
2021-06-22T14:01:38,200.0,3.93,S
2021-06-22T14:01:33,100.0,3.94,B
2021-06-22T14:01:22,5400.0,3.93,S
2021-06-22T14:01:18,1000.0,3.93,S
2021-06-22T14:01:17,1500.0,3.93,S
2021-06-22T14:00:58,8500.0,3.94,B
2021-06-22T14:00:52,5000.0,3.94,B
2021-06-22T14:00:48,100.0,3.94,B
2021-06-22T14:00:27,500.0,3.94,B
2021-06-22T14:00:22,100.0,3.94,B
2021-06-22T14:00:19,200.0,3.94,B
2021-06-22T14:00:08,500.0,3.94,B
2021-06-22T14:00:00,10000.0,3.94,B
2021-06-22T13:59:32,3100.0,3.94,S
2021-06-22T13:59:31,2000.0,3.94,S
2021-06-22T13:59:21,8000.0,3.94,B
2021-06-22T13:59:05,26000.0,3.95,B
2021-06-22T13:59:02,1100.0,3.94,S
2021-06-22T13:59:02,8500.0,3.94,S
2021-06-22T13:58:46,1000.0,3.94,S
2021-06-22T13:58:46,1000.0,3.94,S
2021-06-22T13:58:46,10100.0,3.94,S
2021-06-22T13:58:46,74700.0,3.94,S
2021-06-22T13:58:35,500.0,3.94,S
2021-06-22T13:58:27,2000.0,3.95,B
2021-06-22T13:58:25,900.0,3.95,B
2021-06-22T13:58:17,500.0,3.94,S
2021-06-22T13:58:14,30100.0,3.95,B
2021-06-22T13:57:59,1100.0,3.95,B
2021-06-22T13:57:28,100.0,3.94,S
2021-06-22T13:57:27,10000.0,3.95,B
2021-06-22T13:57:09,100.0,3.95,S
2021-06-22T13:57:06,3200.0,3.95,S
2021-06-22T13:57:06,2600.0,3.95,S
2021-06-22T13:57:06,400.0,3.95,S
2021-06-22T13:57:06,500.0,3.95,S
2021-06-22T13:57:06,1400.0,3.95,S
2021-06-22T13:57:06,1300.0,3.95,S
2021-06-22T13:57:04,5400.0,3.95,S
2021-06-22T13:57:04,5600.0,3.95,S
2021-06-22T13:56:56,50000.0,3.95,S
2021-06-22T13:56:49,200.0,3.96,B
2021-06-22T13:56:40,5500.0,3.95,S
2021-06-22T13:56:27,100.0,3.96,S
2021-06-22T13:56:19,100.0,3.96,S
2021-06-22T13:54:22,10000.0,3.97,B
2021-06-22T13:53:33,100.0,3.97,B
2021-06-22T13:53:33,300.0,3.96,B
2021-06-22T13:52:46,1000.0,3.97,B
2021-06-22T13:52:41,2000.0,3.95,S
2021-06-22T13:52:33,100.0,3.95,S
2021-06-22T13:52:26,300.0,3.97,B
2021-06-22T13:52:23,10000.0,3.95,S
2021-06-22T13:52:16,1500.0,3.95,S
2021-06-22T13:52:09,20000.0,3.95,S
2021-06-22T13:51:50,1000.0,3.95,S
2021-06-22T13:51:22,500.0,3.95,S
2021-06-22T13:51:21,3000.0,3.95,S
2021-06-22T13:51:17,43600.0,3.95,S
2021-06-22T13:51:02,4600.0,3.95,B
2021-06-22T13:50:58,1000.0,3.95,B
2021-06-22T13:50:52,2000.0,3.95,B
2021-06-22T13:50:52,1000.0,3.95,B
2021-06-22T13:50:48,25200.0,3.95,B
2021-06-22T13:50:48,10000.0,3.94,S
2021-06-22T13:50:44,100.0,3.95,B
2021-06-22T13:50:38,4000.0,3.95,B
2021-06-22T13:50:36,700.0,3.95,B
2021-06-22T13:50:32,1000.0,3.95,B
2021-06-22T13:50:25,4500.0,3.95,B
2021-06-22T13:50:21,3000.0,3.95,B
2021-06-22T13:50:11,7400.0,3.95,B
2021-06-22T13:50:07,1000.0,3.95,B
2021-06-22T13:50:01,1800.0,3.95,B
2021-06-22T13:49:49,1000.0,3.95,B
2021-06-22T13:49:26,500.0,3.95,B
2021-06-22T13:49:14,1300.0,3.95,B
2021-06-22T13:49:11,100.0,3.95,B
2021-06-22T13:48:58,100.0,3.95,B
2021-06-22T13:48:51,6500.0,3.94,S
2021-06-22T13:48:46,1000.0,3.95,B
2021-06-22T13:48:36,5000.0,3.95,B
2021-06-22T13:48:25,4000.0,3.95,S
2021-06-22T13:48:25,3000.0,3.95,S
2021-06-22T13:48:21,9000.0,3.95,S
2021-06-22T13:48:11,1600.0,3.95,S
2021-06-22T13:47:59,4800.0,3.95,S
2021-06-22T13:47:55,2000.0,3.96,S
2021-06-22T13:47:46,2600.0,3.95,S
2021-06-22T13:47:38,600.0,3.95,S
2021-06-22T13:47:24,10000.0,3.95,S
2021-06-22T13:47:19,16000.0,4.0,B
2021-06-22T13:47:18,2100.0,3.95,S
2021-06-22T13:47:10,3500.0,3.95,S
2021-06-22T13:47:04,14900.0,3.95,B
2021-06-22T13:47:01,29400.0,3.95,B
2021-06-22T13:46:56,4100.0,3.95,B
2021-06-22T13:46:53,24000.0,3.95,B
2021-06-22T13:46:51,500.0,3.95,B
2021-06-22T13:46:36,1000.0,3.95,B
2021-06-22T13:46:31,20000.0,3.93,S
2021-06-22T13:46:24,21900.0,3.95,B
2021-06-22T13:46:20,5000.0,3.93,S
2021-06-22T13:46:12,600.0,3.93,S
2021-06-22T13:46:10,5000.0,3.94,B
2021-06-22T13:46:07,10000.0,3.93,S
2021-06-22T13:45:52,100.0,3.94,B
2021-06-22T13:45:45,6000.0,3.93,B
2021-06-22T13:45:44,30000.0,3.93,B
2021-06-22T13:45:44,1500.0,3.93,B
2021-06-22T13:45:41,2300.0,3.93,B
2021-06-22T13:45:41,5300.0,3.93,B
2021-06-22T13:45:41,8200.0,3.93,B
2021-06-22T13:45:28,200.0,3.93,B
2021-06-22T13:45:23,100.0,3.93,B
2021-06-22T13:45:19,2000.0,3.91,S
2021-06-22T13:45:15,10000.0,3.91,S
2021-06-22T13:45:04,500.0,3.93,B
2021-06-22T13:44:55,400.0,3.93,B
2021-06-22T13:44:45,1100.0,3.9,S
2021-06-22T13:44:44,500.0,3.93,B
2021-06-22T13:44:37,39800.0,3.9,S
2021-06-22T13:44:37,4100.0,3.9,S
2021-06-22T13:44:37,100.0,3.93,B
2021-06-22T13:44:33,100.0,3.93,B
2021-06-22T13:44:20,6800.0,3.93,B
2021-06-22T13:44:11,1000.0,3.93,B
2021-06-22T13:44:11,1000.0,3.9,S
2021-06-22T13:44:11,9000.0,3.9,S
2021-06-22T13:44:11,1000.0,3.93,B
2021-06-22T13:44:03,9100.0,3.89,S
2021-06-22T13:44:03,1100.0,3.89,S
2021-06-22T13:44:03,1200.0,3.89,S
2021-06-22T13:44:03,500.0,3.89,S
2021-06-22T13:44:03,11600.0,3.89,S
2021-06-22T13:44:03,2000.0,3.89,S
2021-06-22T13:44:03,600.0,3.9,S
2021-06-22T13:44:03,200.0,3.9,S
2021-06-22T13:44:03,900.0,3.9,S
2021-06-22T13:44:03,3800.0,3.9,S
2021-06-22T13:44:03,7600.0,3.9,S
2021-06-22T13:44:03,4100.0,3.9,S
2021-06-22T13:44:03,800.0,3.9,S
2021-06-22T13:44:02,25500.0,3.9,S
2021-06-22T13:44:01,5000.0,3.93,B
2021-06-22T13:43:56,1000.0,3.93,B
2021-06-22T13:43:44,300.0,3.93,B
2021-06-22T13:43:41,1000.0,3.93,B
2021-06-22T13:43:38,100.0,3.93,B
2021-06-22T13:43:36,2000.0,3.94,B
2021-06-22T13:43:33,8100.0,3.9,S
2021-06-22T13:43:33,1000.0,3.9,S
2021-06-22T13:43:33,13300.0,3.9,S
2021-06-22T13:43:33,1400.0,3.9,S
2021-06-22T13:43:33,1200.0,3.9,S
2021-06-22T13:43:30,18300.0,3.92,S
2021-06-22T13:43:28,6000.0,3.93,B
2021-06-22T13:43:28,1000.0,3.93,B
2021-06-22T13:43:21,8000.0,3.93,B
2021-06-22T13:43:19,400.0,3.94,B
2021-06-22T13:43:19,27800.0,3.93,B
2021-06-22T13:43:15,2000.0,3.93,B
2021-06-22T13:43:14,10000.0,3.9,S
2021-06-22T13:42:59,3000.0,3.93,B
2021-06-22T13:42:55,5000.0,3.93,S
2021-06-22T13:42:50,1000.0,3.92,S
2021-06-22T13:42:50,1800.0,3.92,S
2021-06-22T13:42:50,200.0,3.92,S
2021-06-22T13:42:44,2200.0,3.93,S
2021-06-22T13:42:40,500.0,3.94,B
2021-06-22T13:42:32,3100.0,3.93,S
2021-06-22T13:42:30,5500.0,3.94,B
2021-06-22T13:42:24,1600.0,3.94,S
2021-06-22T13:42:24,400.0,3.94,S
2021-06-22T13:42:23,500.0,3.95,B
2021-06-22T13:42:10,11100.0,3.95,S
2021-06-22T13:42:08,600.0,3.95,S
2021-06-22T13:41:47,14400.0,3.99,S
2021-06-22T13:41:36,5000.0,4.0,B
2021-06-22T13:41:35,3500.0,3.95,S
2021-06-22T13:41:29,5000.0,3.99,S
2021-06-22T13:41:22,2000.0,4.0,B
2021-06-22T13:41:22,3200.0,3.95,S
2021-06-22T13:41:22,11400.0,3.96,S
2021-06-22T13:41:22,2200.0,3.97,S
2021-06-22T13:41:22,2000.0,3.98,S
2021-06-22T13:41:22,300.0,3.98,S
2021-06-22T13:41:22,13800.0,3.98,S
2021-06-22T13:41:22,400.0,3.99,S
2021-06-22T13:41:22,1600.0,3.99,S
2021-06-22T13:41:22,100.0,3.99,S
2021-06-22T13:41:22,5000.0,3.99,S
2021-06-22T13:41:19,500.0,4.0,B
2021-06-22T13:41:19,100.0,3.99,S
2021-06-22T13:41:13,3500.0,3.99,S
2021-06-22T13:40:57,3000.0,4.0,S
2021-06-22T13:40:52,300.0,4.0,S
2021-06-22T13:40:52,1400.0,4.0,S
2021-06-22T13:40:52,100.0,4.0,S
2021-06-22T13:40:52,200.0,4.0,S
2021-06-22T13:40:52,20500.0,4.0,S
2021-06-22T13:40:52,1500.0,4.0,S
2021-06-22T13:40:52,2100.0,4.0,S
2021-06-22T13:40:52,1600.0,4.0,S
2021-06-22T13:40:52,1500.0,4.0,S
2021-06-22T13:40:52,10900.0,4.0,S
2021-06-22T13:40:42,3000.0,4.05,S
2021-06-22T13:40:42,500.0,4.05,S
2021-06-22T13:40:42,1000.0,4.02,S
2021-06-22T13:40:37,500.0,4.05,S
2021-06-22T13:40:33,100.0,4.05,S
2021-06-22T13:40:23,300.0,4.06,B
2021-06-22T13:40:17,500.0,4.06,B
2021-06-22T13:40:16,93900.0,4.01,S
2021-06-22T13:40:16,71000.0,4.01,S
2021-06-22T13:40:16,800.0,4.01,S
2021-06-22T13:40:16,200.0,4.01,S
2021-06-22T13:40:16,1100.0,4.02,S
2021-06-22T13:40:16,400.0,4.02,S
2021-06-22T13:40:16,1400.0,4.02,S
2021-06-22T13:40:16,1100.0,4.02,S
2021-06-22T13:40:15,8000.0,4.03,S
2021-06-22T13:40:15,4000.0,4.05,S
2021-06-22T13:40:15,1300.0,4.05,S
2021-06-22T13:40:15,3100.0,4.05,S
2021-06-22T13:40:15,5000.0,4.05,S
2021-06-22T13:40:15,100.0,4.05,S
2021-06-22T13:40:15,8600.0,4.05,S
2021-06-22T13:40:08,4900.0,4.05,S
2021-06-22T13:40:07,5100.0,4.05,S
2021-06-22T13:40:06,2500.0,4.05,S
2021-06-22T13:39:57,10000.0,4.06,B
2021-06-22T13:39:47,22100.0,4.06,S
2021-06-22T13:39:41,400.0,4.06,S
2021-06-22T13:39:40,2600.0,4.06,S
2021-06-22T13:39:37,7000.0,4.06,S
2021-06-22T13:39:35,3000.0,4.07,B
2021-06-22T13:39:30,1100.0,4.07,B
2021-06-22T13:39:27,10000.0,4.06,S
2021-06-22T13:39:27,5000.0,4.06,S
2021-06-22T13:39:27,5000.0,4.06,S
2021-06-22T13:39:25,100000.0,4.06,S
2021-06-22T13:39:20,1000.0,4.06,S
2021-06-22T13:39:16,9500.0,4.06,S
2021-06-22T13:39:16,27000.0,4.06,S
2021-06-22T13:39:10,2000.0,4.06,S
2021-06-22T13:39:03,5000.0,4.06,S
2021-06-22T13:39:02,100.0,4.07,B
2021-06-22T13:39:00,200.0,4.07,B
2021-06-22T13:38:52,1000.0,4.06,S
2021-06-22T13:38:50,10000.0,4.06,S
2021-06-22T13:38:48,10000.0,4.06,S
2021-06-22T13:38:46,900.0,4.07,B
2021-06-22T13:38:40,2000.0,4.06,S
2021-06-22T13:38:36,10000.0,4.06,S
2021-06-22T13:38:36,200.0,4.06,S
2021-06-22T13:38:19,700.0,4.06,S
2021-06-22T13:38:15,2500.0,4.06,S
2021-06-22T13:38:13,6000.0,4.06,S
2021-06-22T13:38:11,50000.0,4.06,S
2021-06-22T13:38:06,10000.0,4.06,S
2021-06-22T13:38:06,1000.0,4.06,S
2021-06-22T13:38:05,500.0,4.06,S
2021-06-22T13:38:04,100.0,4.07,B
2021-06-22T13:37:57,5000.0,4.06,S
2021-06-22T13:37:54,2300.0,4.06,S
2021-06-22T13:37:51,500.0,4.06,S
2021-06-22T13:37:51,50000.0,4.06,S
2021-06-22T13:37:45,2000.0,4.06,S
2021-06-22T13:37:42,300.0,4.07,B
2021-06-22T13:37:42,27900.0,4.06,S
2021-06-22T13:37:34,100.0,4.06,S
2021-06-22T13:37:34,6700.0,4.06,S
2021-06-22T13:37:34,500.0,4.06,S
2021-06-22T13:37:34,1000.0,4.06,S
2021-06-22T13:37:34,300.0,4.06,S
2021-06-22T13:37:34,18300.0,4.06,S
2021-06-22T13:37:31,900.0,4.07,B
2021-06-22T13:37:31,3000.0,4.06,S
2021-06-22T13:37:30,200.0,4.06,S
2021-06-22T13:37:27,50000.0,4.06,S
2021-06-22T13:37:23,4000.0,4.06,S
2021-06-22T13:37:17,5000.0,4.06,S
2021-06-22T13:37:15,5000.0,4.06,S
2021-06-22T13:37:13,300.0,4.07,B
2021-06-22T13:37:03,100.0,4.07,B
2021-06-22T13:36:58,1300.0,4.06,S
2021-06-22T13:36:57,500.0,4.07,B
2021-06-22T13:36:56,3200.0,4.07,B
2021-06-22T13:36:47,5000.0,4.06,S
2021-06-22T13:36:37,1000.0,4.07,B
2021-06-22T13:36:37,4500.0,4.07,B
2021-06-22T13:36:33,50000.0,4.06,S
2021-06-22T13:36:33,300.0,4.06,S
2021-06-22T13:36:29,1000.0,4.06,S
2021-06-22T13:36:24,500.0,4.07,B
2021-06-22T13:36:24,20000.0,4.07,B
2021-06-22T13:36:22,300.0,4.07,B
2021-06-22T13:36:18,9600.0,4.07,B
2021-06-22T13:36:17,1000.0,4.07,B
2021-06-22T13:36:08,15000.0,4.07,B
2021-06-22T13:36:04,100.0,4.07,B
2021-06-22T13:35:58,7300.0,4.07,B
2021-06-22T13:35:55,100.0,4.06,S
2021-06-22T13:35:54,500.0,4.06,S
2021-06-22T13:35:42,800.0,4.07,B
2021-06-22T13:35:38,500.0,4.07,B
2021-06-22T13:35:34,10000.0,4.07,B
2021-06-22T13:35:17,4500.0,4.07,B
2021-06-22T13:35:09,2000.0,4.07,B
2021-06-22T13:35:09,3000.0,4.07,B
2021-06-22T13:35:01,50000.0,4.06,S
2021-06-22T13:35:00,300.0,4.07,B
2021-06-22T13:35:00,10400.0,4.07,B
2021-06-22T13:34:56,4500.0,4.06,S
2021-06-22T13:34:56,4000.0,4.07,B
2021-06-22T13:34:53,4300.0,4.06,S
2021-06-22T13:34:51,4700.0,4.06,S
2021-06-22T13:34:50,100.0,4.06,S
2021-06-22T13:34:49,300.0,4.06,S
2021-06-22T13:34:45,5500.0,4.06,S
2021-06-22T13:34:38,2000.0,4.06,S
2021-06-22T13:34:33,200.0,4.06,S
2021-06-22T13:34:27,1700.0,4.06,S
2021-06-22T13:34:27,1400.0,4.06,S
2021-06-22T13:34:27,29900.0,4.06,S
2021-06-22T13:34:15,3400.0,4.07,B
2021-06-22T13:34:10,1900.0,4.07,B
2021-06-22T13:33:49,100.0,4.06,S
2021-06-22T13:33:44,5000.0,4.07,B
2021-06-22T13:33:39,5000.0,4.06,S
2021-06-22T13:33:34,100.0,4.06,S
2021-06-22T13:33:30,100.0,4.07,B
2021-06-22T13:33:28,3000.0,4.07,B
2021-06-22T13:33:26,5000.0,4.07,B
2021-06-22T13:33:25,20000.0,4.07,B
2021-06-22T13:33:23,100.0,4.06,S
2021-06-22T13:33:18,1000.0,4.05,S
2021-06-22T13:33:17,500.0,4.06,S
2021-06-22T13:33:09,100.0,4.07,B
2021-06-22T13:33:06,100.0,4.07,B
2021-06-22T13:33:03,100.0,4.05,S
2021-06-22T13:33:02,1700.0,4.07,B
2021-06-22T13:32:55,2000.0,4.07,B
2021-06-22T13:32:54,7000.0,4.07,B
2021-06-22T13:32:50,1000.0,4.05,S
2021-06-22T13:32:46,600.0,4.07,B
2021-06-22T13:32:34,1400.0,4.07,B
2021-06-22T13:32:15,500.0,4.05,S
2021-06-22T13:32:15,5000.0,4.05,S
2021-06-22T13:32:12,100.0,4.05,S
2021-06-22T13:32:08,1000.0,4.05,S
2021-06-22T13:32:05,10000.0,4.07,B
2021-06-22T13:32:04,700.0,4.05,S
2021-06-22T13:31:59,10000.0,4.05,S
2021-06-22T13:31:56,2600.0,4.05,S
2021-06-22T13:31:56,600.0,4.05,S
2021-06-22T13:31:56,6800.0,4.05,S
2021-06-22T13:31:48,111700.0,4.07,B
2021-06-22T13:31:47,142300.0,4.06,B
2021-06-22T13:31:37,100.0,4.05,S
2021-06-22T13:31:32,1400.0,4.05,S
2021-06-22T13:31:32,500.0,4.06,B
2021-06-22T13:31:30,2000.0,4.05,S
2021-06-22T13:31:29,1000.0,4.05,S
2021-06-22T13:31:17,10000.0,4.05,S
2021-06-22T13:31:05,300.0,4.05,S
2021-06-22T13:30:48,1000.0,4.05,S
2021-06-22T13:30:47,300.0,4.05,S
2021-06-22T13:30:45,1000.0,4.05,S
2021-06-22T13:30:44,1000.0,4.05,S
2021-06-22T13:30:43,700.0,4.05,S
2021-06-22T13:30:33,100.0,4.05,S
2021-06-22T13:30:30,5000.0,4.05,S
2021-06-22T13:30:25,100.0,4.05,B
2021-06-22T13:30:24,1000.0,4.05,B
2021-06-22T13:30:17,1000.0,4.05,B
2021-06-22T13:30:13,7200.0,4.05,B
2021-06-22T13:30:13,2000.0,4.05,B
2021-06-22T13:30:09,1500.0,4.04,B
2021-06-22T13:30:01,100.0,4.02,S
2021-06-22T13:29:59,500.0,4.04,B
2021-06-22T13:29:57,3000.0,4.04,B
2021-06-22T13:29:32,17000.0,4.05,B
2021-06-22T13:29:32,103700.0,4.05,B
2021-06-22T13:29:32,13500.0,4.05,B
2021-06-22T13:29:31,50000.0,4.05,B
2021-06-22T13:29:31,35400.0,4.05,B
2021-06-22T13:29:31,1300.0,4.05,B
2021-06-22T13:29:31,10300.0,4.05,B
2021-06-22T13:29:31,43800.0,4.05,B
2021-06-22T13:29:31,200.0,4.05,B
2021-06-22T13:29:31,100.0,4.05,B
2021-06-22T13:29:31,13300.0,4.05,B
2021-06-22T13:29:31,1000.0,4.05,B
2021-06-22T13:29:31,6000.0,4.05,B
2021-06-22T13:29:31,1800.0,4.05,B
2021-06-22T13:29:31,4100.0,4.05,B
2021-06-22T13:29:31,50100.0,4.05,B
2021-06-22T13:29:31,1400.0,4.04,B
2021-06-22T13:29:31,10700.0,4.04,B
2021-06-22T13:29:31,3800.0,4.03,B
2021-06-22T13:29:30,1000.0,4.03,B
2021-06-22T13:29:30,50500.0,4.03,B
2021-06-22T13:29:30,70000.0,4.03,B
2021-06-22T13:29:30,3300.0,4.03,B
2021-06-22T13:29:30,7700.0,4.03,B
2021-06-22T13:29:24,10000.0,4.03,B
2021-06-22T13:29:23,200.0,4.03,B
2021-06-22T13:29:15,28000.0,4.03,B
2021-06-22T13:29:13,100.0,4.03,B
2021-06-22T13:29:09,5000.0,4.02,S
2021-06-22T13:29:00,5000.0,4.02,S
2021-06-22T13:28:52,5200.0,4.02,S
2021-06-22T13:28:43,5000.0,4.02,S
2021-06-22T13:28:36,1100.0,4.02,S
2021-06-22T13:28:09,2000.0,4.02,S
2021-06-22T13:27:53,100.0,4.02,B
2021-06-22T13:27:49,5800.0,4.02,B
2021-06-22T13:27:42,1000.0,4.02,B
2021-06-22T13:27:40,5200.0,4.02,B
2021-06-22T13:27:40,20800.0,4.02,B
2021-06-22T13:27:39,1000.0,4.02,B
2021-06-22T13:27:38,20000.0,4.02,B
2021-06-22T13:27:26,100.0,4.02,B
2021-06-22T13:27:10,3000.0,4.02,B
2021-06-22T13:27:07,6600.0,4.02,B
2021-06-22T13:27:07,900.0,4.02,B
2021-06-22T13:27:07,12500.0,4.02,B
2021-06-22T13:27:04,2000.0,4.01,S
2021-06-22T13:26:56,1000.0,4.02,B
2021-06-22T13:26:50,100.0,4.02,B
2021-06-22T13:26:41,100.0,4.01,S
2021-06-22T13:26:31,3000.0,4.01,S
2021-06-22T13:26:23,5000.0,4.01,S
2021-06-22T13:26:18,3000.0,4.02,B
2021-06-22T13:26:12,1500.0,4.01,S
2021-06-22T13:26:02,1200.0,4.01,B
2021-06-22T13:25:54,3000.0,4.01,B
2021-06-22T13:25:54,1000.0,4.01,B
2021-06-22T13:25:50,3900.0,4.01,B
2021-06-22T13:25:42,5200.0,4.01,B
2021-06-22T13:25:40,600.0,4.01,B
2021-06-22T13:25:37,800.0,4.0,S
2021-06-22T13:25:34,500.0,4.0,S
2021-06-22T13:25:27,400.0,4.01,B
2021-06-22T13:25:22,12600.0,4.01,B
2021-06-22T13:25:06,20000.0,4.01,B
2021-06-22T13:25:02,200.0,4.01,B
2021-06-22T13:25:01,800.0,4.01,B
2021-06-22T13:24:53,400.0,4.0,S
2021-06-22T13:24:52,50000.0,4.0,S
2021-06-22T13:24:46,5000.0,4.01,B
2021-06-22T13:24:45,84000.0,4.0,S
2021-06-22T13:24:33,200.0,4.01,B
2021-06-22T13:24:24,500.0,4.0,S
2021-06-22T13:24:20,5000.0,4.0,S
2021-06-22T13:24:19,3500.0,4.01,B
2021-06-22T13:24:11,2000.0,4.0,S
2021-06-22T13:24:01,200.0,4.01,B
2021-06-22T13:23:58,200.0,4.01,B
2021-06-22T13:23:47,900.0,4.0,S
2021-06-22T13:23:36,50000.0,4.0,S
2021-06-22T13:23:29,4000.0,4.0,S
2021-06-22T13:23:28,2200.0,4.01,B
2021-06-22T13:23:23,45600.0,4.01,B
2021-06-22T13:23:23,10000.0,4.0,S
2021-06-22T13:23:15,2400.0,4.01,B
2021-06-22T13:23:13,5200.0,4.0,S
2021-06-22T13:23:13,60000.0,4.0,S
2021-06-22T13:23:04,1000.0,4.0,S
2021-06-22T13:22:59,800.0,4.0,S
2021-06-22T13:22:59,100.0,4.01,B
2021-06-22T13:22:52,2000.0,4.0,S
2021-06-22T13:22:50,3000.0,4.0,S
2021-06-22T13:22:41,1100.0,4.0,S
2021-06-22T13:22:37,500.0,4.0,S
2021-06-22T13:22:28,6500.0,4.01,B
2021-06-22T13:22:16,100.0,4.0,B
2021-06-22T13:22:11,5000.0,4.0,B
2021-06-22T13:22:11,15900.0,4.0,B
2021-06-22T13:22:10,5000.0,4.0,B
2021-06-22T13:22:09,10000.0,4.0,B
2021-06-22T13:22:08,200.0,4.0,B
2021-06-22T13:22:05,10000.0,4.0,B
2021-06-22T13:22:05,3700.0,4.0,B
2021-06-22T13:22:01,800.0,4.0,B
2021-06-22T13:21:58,100000.0,4.0,B
2021-06-22T13:21:58,200.0,4.0,B
2021-06-22T13:21:58,24500.0,4.0,B
2021-06-22T13:21:58,28100.0,4.0,B
2021-06-22T13:21:58,13100.0,4.0,B
2021-06-22T13:21:58,1300.0,4.0,B
2021-06-22T13:21:58,11000.0,4.0,B
2021-06-22T13:21:58,10200.0,4.0,B
2021-06-22T13:21:58,2000.0,4.0,B
2021-06-22T13:21:57,5200.0,4.0,B
2021-06-22T13:21:57,2000.0,3.99,S
2021-06-22T13:21:56,100.0,3.99,S
2021-06-22T13:21:52,4000.0,3.99,S
2021-06-22T13:21:32,94000.0,3.99,S
2021-06-22T13:21:25,1000.0,4.0,B
2021-06-22T13:21:22,100.0,4.0,B
2021-06-22T13:21:13,50000.0,3.99,S
2021-06-22T13:21:13,500.0,4.0,B
2021-06-22T13:21:13,1100.0,4.0,B
2021-06-22T13:21:12,4500.0,4.0,B
2021-06-22T13:21:12,3900.0,4.0,B
2021-06-22T13:21:12,500.0,4.0,B
2021-06-22T13:21:12,6700.0,4.0,B
2021-06-22T13:21:12,10000.0,4.0,B
2021-06-22T13:21:12,1000.0,4.0,B
2021-06-22T13:21:12,2000.0,4.0,B
2021-06-22T13:21:12,59800.0,4.0,B
2021-06-22T13:21:10,600.0,4.0,B
2021-06-22T13:21:03,30000.0,3.99,S
2021-06-22T13:20:47,1600.0,3.99,S
2021-06-22T13:20:07,200.0,4.0,B
2021-06-22T13:19:10,200.0,4.0,B
2021-06-22T13:19:03,500.0,3.99,S
2021-06-22T13:18:59,400.0,4.0,B
2021-06-22T13:18:58,1000.0,4.0,B
2021-06-22T13:18:56,2900.0,4.0,B
2021-06-22T13:18:56,22100.0,4.0,B
2021-06-22T13:18:43,1200.0,4.0,B
2021-06-22T13:18:42,27000.0,3.99,S
2021-06-22T13:18:29,200.0,4.0,B
2021-06-22T13:18:29,4000.0,4.0,B
2021-06-22T13:18:03,400.0,4.0,B
2021-06-22T13:18:02,7200.0,4.0,B
2021-06-22T13:17:57,3000.0,3.99,S
2021-06-22T13:17:23,3300.0,4.0,B
2021-06-22T13:17:13,1000.0,4.0,B
2021-06-22T13:17:07,100.0,3.99,S
2021-06-22T13:17:04,10000.0,4.0,B
2021-06-22T13:17:02,1100.0,4.0,B
2021-06-22T13:17:02,1000.0,4.0,B
2021-06-22T13:17:02,2900.0,4.0,B
2021-06-22T13:17:02,15000.0,4.0,B
2021-06-22T13:17:02,21000.0,4.0,B
2021-06-22T13:16:58,2000.0,4.0,B
2021-06-22T13:16:53,100.0,4.0,B
2021-06-22T13:16:46,20000.0,4.0,B
2021-06-22T13:16:43,800.0,4.0,B
2021-06-22T13:16:36,5400.0,4.0,B
2021-06-22T13:16:18,1200.0,4.0,B
2021-06-22T13:16:18,3000.0,4.0,B
2021-06-22T13:16:17,8000.0,4.0,B
2021-06-22T13:16:16,200.0,4.0,B
2021-06-22T13:16:16,6400.0,4.0,B
2021-06-22T13:16:16,3000.0,4.0,B
2021-06-22T13:16:16,5300.0,4.0,B
2021-06-22T13:16:12,2000.0,4.0,B
2021-06-22T13:15:46,900.0,4.0,B
2021-06-22T13:15:31,100.0,4.0,B
2021-06-22T13:15:04,300.0,3.99,B
2021-06-22T13:14:41,10300.0,3.99,B
2021-06-22T13:14:41,4000.0,3.99,B
2021-06-22T13:14:41,2100.0,3.99,B
2021-06-22T13:14:41,100.0,3.99,B
2021-06-22T13:14:40,100.0,3.98,S
2021-06-22T13:14:14,300.0,3.98,S
2021-06-22T13:14:09,10400.0,3.98,S
2021-06-22T13:14:07,600.0,3.98,B
2021-06-22T13:14:06,8500.0,3.98,B
2021-06-22T13:14:05,3000.0,3.97,S
2021-06-22T13:14:03,400.0,3.98,B
2021-06-22T13:13:22,500.0,3.98,B
2021-06-22T13:13:15,600.0,3.97,S
2021-06-22T13:13:13,3000.0,3.98,B
2021-06-22T13:13:02,200.0,3.98,B
2021-06-22T13:13:02,2000.0,3.98,B
2021-06-22T13:13:02,1800.0,3.98,B
2021-06-22T13:13:01,1000.0,3.97,S
2021-06-22T13:12:53,200.0,3.98,B
2021-06-22T13:12:51,2000.0,3.97,S
2021-06-22T13:12:18,14000.0,3.97,S
2021-06-22T13:12:13,1400.0,3.97,B
2021-06-22T13:12:08,2500.0,3.97,B
2021-06-22T13:12:02,14600.0,3.97,B
2021-06-22T13:12:01,18500.0,3.97,B
2021-06-22T13:11:46,100.0,3.96,S
2021-06-22T13:11:42,5000.0,3.96,S
2021-06-22T13:11:28,700.0,3.96,B
2021-06-22T13:11:27,2000.0,3.96,B
2021-06-22T13:11:20,3900.0,3.96,B
2021-06-22T13:11:17,3000.0,3.96,B
2021-06-22T13:11:16,1000.0,3.95,S
2021-06-22T13:11:14,4800.0,3.95,S
2021-06-22T13:10:57,200.0,3.96,S
2021-06-22T13:10:56,5000.0,3.96,S
2021-06-22T13:10:45,100.0,3.96,S
2021-06-22T13:10:38,3400.0,3.96,S
2021-06-22T13:10:26,300.0,3.96,B
2021-06-22T13:10:26,1200.0,3.96,B
2021-06-22T13:10:26,7700.0,3.96,B
2021-06-22T13:10:26,2000.0,3.96,B
2021-06-22T13:10:26,20400.0,3.96,B
2021-06-22T13:10:18,105000.0,3.95,S
2021-06-22T13:10:16,5000.0,3.96,B
2021-06-22T13:09:52,4600.0,3.95,S
2021-06-22T13:09:36,300.0,3.96,B
2021-06-22T13:08:58,34700.0,3.95,S
2021-06-22T13:08:46,1000.0,3.95,B
2021-06-22T13:08:44,3000.0,3.95,B
2021-06-22T13:08:43,13500.0,3.95,B
2021-06-22T13:08:43,24500.0,3.95,B
2021-06-22T13:08:43,10000.0,3.95,B
2021-06-22T13:08:43,5300.0,3.95,B
2021-06-22T13:08:34,10000.0,3.95,B
2021-06-22T13:08:21,100.0,3.95,B
2021-06-22T13:08:21,100.0,3.95,B
2021-06-22T13:08:13,1000.0,3.94,S
2021-06-22T13:08:07,1000.0,3.95,B
2021-06-22T13:08:05,10000.0,3.95,B
2021-06-22T13:07:54,50000.0,3.94,S
2021-06-22T13:07:31,5000.0,3.95,B
2021-06-22T13:07:08,100.0,3.95,B
2021-06-22T13:07:07,500.0,3.95,B
2021-06-22T13:07:03,500.0,3.94,S
2021-06-22T13:07:01,5000.0,3.95,B
2021-06-22T13:06:51,200.0,3.95,B
2021-06-22T13:06:38,100.0,3.95,B
2021-06-22T13:06:32,500.0,3.95,B
2021-06-22T13:06:28,500.0,3.95,B
2021-06-22T13:06:24,300.0,3.95,B
2021-06-22T13:06:15,13500.0,3.95,B
2021-06-22T13:06:15,3500.0,3.95,B
2021-06-22T13:06:06,10000.0,3.95,B
2021-06-22T13:05:57,1000.0,3.94,S
2021-06-22T13:05:54,200.0,3.95,B
2021-06-22T13:05:48,1500.0,3.95,B
2021-06-22T13:05:32,1500.0,3.95,B
2021-06-22T13:05:07,100.0,3.94,S
2021-06-22T13:04:55,58400.0,3.94,B
2021-06-22T13:04:28,1500.0,3.93,S
2021-06-22T13:04:24,15000.0,3.93,S
2021-06-22T13:04:02,400.0,3.93,S
2021-06-22T13:03:56,100.0,3.93,S
2021-06-22T13:03:49,200.0,3.94,B
2021-06-22T13:02:51,400.0,3.93,S
2021-06-22T13:02:49,300.0,3.93,S
2021-06-22T13:01:56,500.0,3.9,S
2021-06-22T13:01:56,6400.0,3.9,S
2021-06-22T13:01:56,5400.0,3.91,S
2021-06-22T13:01:56,200.0,3.92,S
2021-06-22T13:01:56,10300.0,3.92,S
2021-06-22T13:01:35,100.0,3.93,S
2021-06-22T13:01:33,10000.0,3.94,B
2021-06-22T13:01:13,200.0,3.92,S
2021-06-22T13:01:13,1000.0,3.92,S
2021-06-22T13:01:13,5100.0,3.92,S
2021-06-22T13:01:13,8500.0,3.93,S
2021-06-22T13:01:13,1300.0,3.93,S
2021-06-22T13:01:13,2900.0,3.93,S
2021-06-22T13:01:13,1000.0,3.93,S
2021-06-22T13:00:51,5000.0,3.93,S
2021-06-22T13:00:47,1300.0,3.93,S
2021-06-22T13:00:37,300.0,3.93,S
2021-06-22T13:00:29,200.0,3.93,S
2021-06-22T13:00:18,100.0,3.93,S
2021-06-22T13:00:18,1100.0,3.93,S
2021-06-22T13:00:18,1000.0,3.93,S
2021-06-22T13:00:16,500.0,3.93,S
2021-06-22T13:00:14,10000.0,3.93,S
2021-06-22T13:00:14,1900.0,3.93,S
2021-06-22T13:00:12,1000.0,3.93,S
2021-06-22T13:00:12,100.0,3.94,B
2021-06-22T13:00:09,100.0,3.93,S
2021-06-22T13:00:09,200.0,3.93,S
2021-06-22T13:00:08,24600.0,3.94,B
2021-06-22T13:00:08,3000.0,3.93,S
2021-06-22T13:00:08,100.0,3.93,S
2021-06-22T13:00:08,1900.0,3.93,S
2021-06-22T13:00:08,500.0,3.93,S
2021-06-22T13:00:08,100.0,3.94,B
2021-06-22T13:00:07,3500.0,3.93,S
2021-06-22T13:00:06,200.0,3.93,S
2021-06-22T13:00:06,2500.0,3.94,B
2021-06-22T11:29:02,2400.0,3.93,B
2021-06-22T11:28:43,5000.0,3.93,B
2021-06-22T11:28:42,300.0,3.93,B
2021-06-22T11:28:37,5000.0,3.93,B
2021-06-22T11:28:23,200.0,3.93,B
2021-06-22T11:28:10,1400.0,3.93,B
2021-06-22T11:28:02,300.0,3.93,B
2021-06-22T11:27:50,900.0,3.93,B
2021-06-22T11:27:38,2400.0,3.92,S
2021-06-22T11:27:37,25400.0,3.93,B
2021-06-22T11:27:25,1000.0,3.93,B
2021-06-22T11:27:23,1700.0,3.92,S
2021-06-22T11:27:22,100.0,3.92,B
2021-06-22T11:27:13,300.0,3.92,B
2021-06-22T11:26:58,13700.0,3.92,B
2021-06-22T11:26:30,1000.0,3.92,B
2021-06-22T11:26:25,100.0,3.92,B
2021-06-22T11:25:47,3000.0,3.9,S
2021-06-22T11:25:40,1300.0,3.92,B
2021-06-22T11:25:22,400.0,3.9,S
2021-06-22T11:25:01,2000.0,3.9,S
2021-06-22T11:24:56,2000.0,3.9,S
2021-06-22T11:24:50,50000.0,3.9,S
2021-06-22T11:24:38,1000.0,3.9,S
2021-06-22T11:24:24,2100.0,3.9,B
2021-06-22T11:24:08,700.0,3.9,B
2021-06-22T11:24:08,200.0,3.9,B
2021-06-22T11:24:03,600.0,3.89,S
2021-06-22T11:24:01,2000.0,3.89,S
2021-06-22T11:23:46,46600.0,3.9,B
2021-06-22T11:23:46,53400.0,3.9,B
2021-06-22T11:23:46,100.0,3.9,B
2021-06-22T11:23:36,60000.0,3.9,B
2021-06-22T11:23:10,100.0,3.9,B
2021-06-22T11:22:44,1600.0,3.89,B
2021-06-22T11:22:37,200.0,3.89,B
2021-06-22T11:22:34,22200.0,3.87,S
2021-06-22T11:22:34,7800.0,3.88,S
2021-06-22T11:22:32,4100.0,3.89,B
2021-06-22T11:22:30,300.0,3.89,B
2021-06-22T11:22:22,200.0,3.89,B
2021-06-22T11:22:15,2000.0,3.89,B
2021-06-22T11:22:15,300.0,3.89,B
2021-06-22T11:22:12,300.0,3.89,B
2021-06-22T11:21:55,2800.0,3.89,B
2021-06-22T11:21:53,200.0,3.89,B
2021-06-22T11:21:26,1100.0,3.88,B
2021-06-22T11:21:24,6000.0,3.88,B
2021-06-22T11:21:22,900.0,3.88,B
2021-06-22T11:21:19,300.0,3.88,B
2021-06-22T11:21:12,200.0,3.88,B
2021-06-22T11:21:11,100.0,3.88,B
2021-06-22T11:20:53,400.0,3.88,B
2021-06-22T11:20:39,300.0,3.88,B
2021-06-22T11:20:32,500.0,3.88,B
2021-06-22T11:20:23,5000.0,3.88,B
2021-06-22T11:20:10,300.0,3.87,S
2021-06-22T11:20:09,100.0,3.88,B
2021-06-22T11:20:06,14100.0,3.86,S
2021-06-22T11:20:06,20800.0,3.87,S
2021-06-22T11:19:57,1000.0,3.87,S
2021-06-22T11:19:35,100.0,3.87,S
2021-06-22T11:19:33,200.0,3.88,B
2021-06-22T11:19:22,16000.0,3.86,S
2021-06-22T11:19:21,3000.0,3.87,S
2021-06-22T11:19:13,18300.0,3.87,B
2021-06-22T11:19:13,100.0,3.87,B
2021-06-22T11:19:12,300.0,3.87,B
2021-06-22T11:19:08,2000.0,3.87,B
2021-06-22T11:19:07,3000.0,3.87,B
2021-06-22T11:19:03,37500.0,3.87,B
2021-06-22T11:18:58,1700.0,3.87,B
2021-06-22T11:18:54,1000.0,3.87,B
2021-06-22T11:18:51,10000.0,3.87,B
2021-06-22T11:18:50,12000.0,3.87,B
2021-06-22T11:18:46,3800.0,3.87,B
2021-06-22T11:18:46,2400.0,3.87,B
2021-06-22T11:18:31,7600.0,3.87,B
2021-06-22T11:18:28,200.0,3.87,B
2021-06-22T11:18:25,50000.0,3.86,S
2021-06-22T11:18:25,100.0,3.87,B
2021-06-22T11:18:22,1000.0,3.86,S
2021-06-22T11:18:14,200.0,3.86,S
2021-06-22T11:18:09,400.0,3.86,S
2021-06-22T11:17:57,200.0,3.86,S
2021-06-22T11:17:57,700.0,3.87,B
2021-06-22T11:17:45,600.0,3.86,S
2021-06-22T11:17:44,2000.0,3.86,S
2021-06-22T11:17:42,3500.0,3.87,B
2021-06-22T11:17:42,2000.0,3.86,S
2021-06-22T11:17:37,100.0,3.87,B
2021-06-22T11:17:35,100.0,3.87,B
2021-06-22T11:17:32,1000.0,3.87,S
2021-06-22T11:17:26,100.0,3.87,S
2021-06-22T11:17:19,10000.0,3.86,S
2021-06-22T11:17:09,7000.0,3.86,S
2021-06-22T11:17:07,4800.0,3.86,S
2021-06-22T11:17:01,1000.0,3.88,B
2021-06-22T11:16:53,200.0,3.86,S
2021-06-22T11:16:43,10000.0,3.86,S
2021-06-22T11:16:35,4500.0,3.86,S
2021-06-22T11:16:35,5500.0,3.86,S
2021-06-22T11:16:29,5000.0,3.87,B
2021-06-22T11:16:27,3000.0,3.87,B
2021-06-22T11:16:24,3400.0,3.86,S
2021-06-22T11:16:20,9900.0,3.86,S
2021-06-22T11:16:18,200.0,3.86,S
2021-06-22T11:16:18,1500.0,3.86,S
2021-06-22T11:16:18,2000.0,3.87,S
2021-06-22T11:16:16,3100.0,3.86,S
2021-06-22T11:16:10,3300.0,3.86,S
2021-06-22T11:16:09,5100.0,3.86,S
2021-06-22T11:16:09,15000.0,3.86,S
2021-06-22T11:16:09,500.0,3.86,S
2021-06-22T11:16:09,3100.0,3.86,S
2021-06-22T11:16:09,200.0,3.86,S
2021-06-22T11:16:09,5500.0,3.86,S
2021-06-22T11:16:09,400.0,3.86,S
2021-06-22T11:16:09,10500.0,3.86,S
2021-06-22T11:16:09,2900.0,3.86,S
2021-06-22T11:16:09,2300.0,3.86,S
2021-06-22T11:16:09,1200.0,3.86,S
2021-06-22T11:15:56,800.0,3.86,S
2021-06-22T11:15:56,800.0,3.86,S
2021-06-22T11:15:56,3400.0,3.86,S
2021-06-22T11:15:56,6000.0,3.86,S
2021-06-22T11:15:56,5100.0,3.86,S
2021-06-22T11:15:56,900.0,3.86,S
2021-06-22T11:15:56,16100.0,3.86,S
2021-06-22T11:15:56,4000.0,3.86,S
2021-06-22T11:15:56,12600.0,3.86,S
2021-06-22T11:15:56,300.0,3.86,S
2021-06-22T11:15:54,4100.0,3.88,B
2021-06-22T11:15:53,2000.0,3.86,S
2021-06-22T11:15:53,4000.0,3.86,S
2021-06-22T11:15:53,5300.0,3.86,S
2021-06-22T11:15:53,6000.0,3.86,S
2021-06-22T11:15:53,12700.0,3.86,S
2021-06-22T11:15:49,5000.0,3.86,S
2021-06-22T11:15:48,5000.0,3.86,S
2021-06-22T11:15:44,200.0,3.88,B
2021-06-22T11:15:37,500.0,3.86,S
2021-06-22T11:15:29,4200.0,3.86,S
2021-06-22T11:15:28,700.0,3.88,S
2021-06-22T11:15:27,1000.0,3.86,S
2021-06-22T11:15:25,5000.0,3.86,S
2021-06-22T11:15:22,40000.0,3.86,S
2021-06-22T11:15:21,200.0,3.88,S
2021-06-22T11:15:06,14500.0,3.86,S
2021-06-22T11:15:00,100.0,3.88,S
2021-06-22T11:14:57,5000.0,3.88,S
2021-06-22T11:14:57,50000.0,3.86,S
2021-06-22T11:14:54,400.0,3.88,S
2021-06-22T11:14:52,1000.0,3.88,S
2021-06-22T11:14:52,200.0,3.88,S
2021-06-22T11:14:49,19900.0,3.87,S
2021-06-22T11:14:49,15800.0,3.87,S
2021-06-22T11:14:49,900.0,3.87,S
2021-06-22T11:14:48,10600.0,3.87,S
2021-06-22T11:14:48,1300.0,3.87,S
2021-06-22T11:14:48,400.0,3.87,S
2021-06-22T11:14:48,1100.0,3.88,S
2021-06-22T11:14:38,10000.0,3.88,S
2021-06-22T11:14:23,27900.0,3.88,S
2021-06-22T11:14:23,2100.0,3.88,S
2021-06-22T11:14:20,3000.0,3.88,S
2021-06-22T11:14:20,2000.0,3.9,S
2021-06-22T11:14:18,2000.0,3.88,S
2021-06-22T11:14:12,300.0,3.9,S
2021-06-22T11:14:08,600.0,3.9,S
2021-06-22T11:14:08,2200.0,3.88,S
2021-06-22T11:14:08,100.0,3.88,S
2021-06-22T11:14:08,500.0,3.88,S
2021-06-22T11:14:08,300.0,3.88,S
2021-06-22T11:14:08,56800.0,3.88,S
2021-06-22T11:14:03,200.0,3.9,S
2021-06-22T11:14:01,4000.0,3.9,S
2021-06-22T11:13:59,1000.0,3.9,S
2021-06-22T11:13:44,11000.0,3.9,S
2021-06-22T11:13:44,4400.0,3.9,S
2021-06-22T11:13:44,33900.0,3.9,S
2021-06-22T11:13:38,25000.0,3.9,S
2021-06-22T11:13:35,3000.0,3.9,S
2021-06-22T11:13:35,30000.0,3.9,S
2021-06-22T11:13:31,5000.0,3.91,S
2021-06-22T11:13:24,50000.0,3.9,S
2021-06-22T11:13:19,500.0,3.9,S
2021-06-22T11:13:10,5000.0,3.9,S
2021-06-22T11:13:07,30000.0,3.9,S
2021-06-22T11:13:07,200.0,3.9,S
2021-06-22T11:13:00,2000.0,3.9,S
2021-06-22T11:12:57,2000.0,3.9,S
2021-06-22T11:12:54,63400.0,3.9,S
2021-06-22T11:12:49,300.0,3.9,S
2021-06-22T11:12:49,100.0,3.9,S
2021-06-22T11:12:48,200.0,3.9,S
2021-06-22T11:12:48,8000.0,3.9,S
2021-06-22T11:12:48,17000.0,3.9,S
2021-06-22T11:12:48,1200.0,3.9,S
2021-06-22T11:12:48,5900.0,3.9,S
2021-06-22T11:12:48,7600.0,3.9,S
2021-06-22T11:12:48,17100.0,3.9,S
2021-06-22T11:12:48,1300.0,3.9,S
2021-06-22T11:12:48,77900.0,3.9,S
2021-06-22T11:12:42,1000.0,3.91,B
2021-06-22T11:12:40,100.0,3.91,B
2021-06-22T11:12:40,3000.0,3.91,B
2021-06-22T11:12:35,11900.0,3.91,B
2021-06-22T11:12:26,1000.0,3.91,B
2021-06-22T11:12:13,54600.0,3.9,S
2021-06-22T11:12:13,7700.0,3.9,S
2021-06-22T11:12:13,3000.0,3.9,S
2021-06-22T11:12:13,100.0,3.9,S
2021-06-22T11:12:13,3100.0,3.9,S
2021-06-22T11:12:13,2100.0,3.9,S
2021-06-22T11:12:13,1100.0,3.9,S
2021-06-22T11:12:13,3100.0,3.9,S
2021-06-22T11:12:13,10100.0,3.9,S
2021-06-22T11:12:13,1500.0,3.9,S
2021-06-22T11:12:13,600.0,3.9,S
2021-06-22T11:12:13,7500.0,3.9,S
2021-06-22T11:12:13,3900.0,3.9,S
2021-06-22T11:12:13,1600.0,3.9,S
2021-06-22T11:12:09,29100.0,3.91,S
2021-06-22T11:11:57,300.0,3.91,S
2021-06-22T11:11:52,400.0,3.91,S
2021-06-22T11:11:46,300.0,3.91,S
2021-06-22T11:11:07,300.0,3.91,S
2021-06-22T11:10:49,500.0,3.92,B
2021-06-22T11:10:43,1200.0,3.92,B
2021-06-22T11:10:04,1500.0,3.92,B
2021-06-22T11:10:01,200.0,3.92,B
2021-06-22T11:09:57,1500.0,3.92,S
2021-06-22T11:09:54,100.0,3.93,B
2021-06-22T11:09:30,800.0,3.93,S
2021-06-22T11:09:27,1000.0,3.93,S
2021-06-22T11:09:15,200.0,3.94,B
2021-06-22T11:09:11,200.0,3.94,B
2021-06-22T11:09:07,2000.0,3.93,S
2021-06-22T11:08:16,500.0,3.93,S
2021-06-22T11:07:55,900.0,3.9,S
2021-06-22T11:07:55,14100.0,3.9,S
2021-06-22T11:07:49,200.0,3.94,B
2021-06-22T11:07:47,1000.0,3.91,S
2021-06-22T11:07:47,1000.0,3.93,B
2021-06-22T11:07:29,100.0,3.94,B
2021-06-22T11:07:21,37900.0,3.9,S
2021-06-22T11:06:55,2100.0,3.94,S
2021-06-22T11:06:51,300.0,3.94,S
2021-06-22T11:06:49,3000.0,3.94,S
2021-06-22T11:06:46,2000.0,3.94,S
2021-06-22T11:06:43,20000.0,3.94,B
2021-06-22T11:06:42,50100.0,3.94,B
2021-06-22T11:06:40,400.0,3.93,S
2021-06-22T11:06:37,5000.0,3.94,B
2021-06-22T11:06:37,100.0,3.93,S
2021-06-22T11:06:27,100.0,3.93,S
2021-06-22T11:06:23,3000.0,3.94,S
2021-06-22T11:06:20,22000.0,3.9,S
2021-06-22T11:06:20,1000.0,3.9,S
2021-06-22T11:06:20,500.0,3.9,S
2021-06-22T11:06:20,3200.0,3.9,S
2021-06-22T11:06:20,6000.0,3.91,S
2021-06-22T11:06:20,900.0,3.91,S
2021-06-22T11:06:20,2400.0,3.91,S
2021-06-22T11:06:20,2800.0,3.92,S
2021-06-22T11:06:20,2200.0,3.92,S
2021-06-22T11:06:17,400.0,3.92,S
2021-06-22T11:06:17,2200.0,3.92,S
2021-06-22T11:06:17,6400.0,3.93,S
2021-06-22T11:06:07,3000.0,3.94,S
2021-06-22T11:06:01,300.0,3.95,B
2021-06-22T11:06:00,2000.0,3.95,B
2021-06-22T11:05:57,200.0,3.93,S
2021-06-22T11:05:55,800.0,3.93,S
2021-06-22T11:05:55,1000.0,3.93,S
2021-06-22T11:05:55,18200.0,3.93,S
2021-06-22T11:05:51,3000.0,3.95,B
2021-06-22T11:05:49,200.0,3.94,B
2021-06-22T11:05:49,100.0,3.94,B
2021-06-22T11:05:28,15000.0,3.93,S
2021-06-22T11:05:20,200.0,3.94,B
2021-06-22T11:04:58,100.0,3.93,S
2021-06-22T11:04:43,100.0,3.94,B
2021-06-22T11:04:28,2000.0,3.94,S
2021-06-22T11:04:28,3000.0,3.94,S
2021-06-22T11:04:24,1000.0,3.95,B
2021-06-22T11:03:59,31700.0,3.94,S
2021-06-22T11:03:59,14700.0,3.94,S
2021-06-22T11:03:59,3600.0,3.94,S
2021-06-22T11:03:47,4700.0,3.94,S
2021-06-22T11:03:44,4800.0,3.95,B
2021-06-22T11:03:19,200.0,3.95,B
2021-06-22T11:02:59,1300.0,3.94,S
2021-06-22T11:02:40,3000.0,3.94,S
2021-06-22T11:02:38,3000.0,3.94,S
2021-06-22T11:02:31,2000.0,3.94,S
2021-06-22T11:02:22,6100.0,3.94,S
2021-06-22T11:02:17,3900.0,3.94,S
2021-06-22T11:01:58,800.0,3.94,S
2021-06-22T11:01:38,4000.0,3.94,S
2021-06-22T11:01:04,100.0,3.95,B
2021-06-22T11:00:51,21900.0,3.94,B
2021-06-22T11:00:38,500.0,3.94,S
2021-06-22T11:00:35,2600.0,3.94,S
2021-06-22T11:00:29,100.0,3.95,B
2021-06-22T11:00:27,3000.0,3.95,B
2021-06-22T11:00:20,600.0,3.95,B
2021-06-22T11:00:11,2000.0,3.94,S
2021-06-22T10:59:58,600.0,3.95,B
2021-06-22T10:59:56,500.0,3.94,S
2021-06-22T10:59:31,200.0,3.94,B
2021-06-22T10:59:29,22400.0,3.94,B
2021-06-22T10:59:26,4600.0,3.93,S
2021-06-22T10:59:26,400.0,3.93,S
2021-06-22T10:59:14,1000.0,3.94,S
2021-06-22T10:59:06,1000.0,3.94,S
2021-06-22T10:58:55,12600.0,3.94,S
2021-06-22T10:58:42,900.0,3.94,S
2021-06-22T10:58:41,2000.0,3.94,S
2021-06-22T10:58:41,10300.0,3.94,S
2021-06-22T10:58:41,3600.0,3.94,S
2021-06-22T10:58:41,100.0,3.94,S
2021-06-22T10:58:41,3100.0,3.95,B
2021-06-22T10:58:28,11900.0,3.95,B
2021-06-22T10:58:18,1000.0,3.95,B
2021-06-22T10:58:13,2000.0,3.95,B
2021-06-22T10:58:04,2000.0,3.95,B
2021-06-22T10:57:50,500.0,3.95,S
2021-06-22T10:57:47,5000.0,3.95,S
2021-06-22T10:57:44,200.0,3.95,S
2021-06-22T10:57:42,200.0,3.95,S
2021-06-22T10:57:42,7600.0,3.95,S
2021-06-22T10:57:42,300.0,3.95,S
2021-06-22T10:57:41,32200.0,3.95,S
2021-06-22T10:57:28,100.0,3.96,B
2021-06-22T10:57:26,2000.0,3.95,S
2021-06-22T10:57:24,3000.0,3.95,S
2021-06-22T10:57:23,800.0,3.96,B
2021-06-22T10:56:55,400.0,3.96,B
2021-06-22T10:56:35,100.0,3.96,B
2021-06-22T10:56:32,200.0,3.95,S
2021-06-22T10:56:28,500.0,3.95,S
2021-06-22T10:56:28,500.0,3.95,S
2021-06-22T10:56:13,500.0,3.95,S
2021-06-22T10:55:59,20000.0,3.95,S
2021-06-22T10:55:35,500.0,3.95,S
2021-06-22T10:55:28,1000.0,3.95,S
2021-06-22T10:55:08,5000.0,3.95,S
2021-06-22T10:54:58,2000.0,3.95,S
2021-06-22T10:54:49,5500.0,3.95,S
2021-06-22T10:54:33,6200.0,3.95,B
2021-06-22T10:54:21,200.0,3.95,B
2021-06-22T10:54:16,3000.0,3.95,B
2021-06-22T10:54:06,5000.0,3.95,B
2021-06-22T10:53:50,4600.0,3.95,B
2021-06-22T10:53:29,200.0,3.95,B
2021-06-22T10:53:08,3500.0,3.95,B
2021-06-22T10:52:56,600.0,3.95,B
2021-06-22T10:52:55,14700.0,3.95,B
2021-06-22T10:52:52,1000.0,3.95,B
2021-06-22T10:52:48,1000.0,3.95,B
2021-06-22T10:52:46,3700.0,3.95,B
2021-06-22T10:52:36,1300.0,3.95,B
2021-06-22T10:52:14,5000.0,3.95,B
2021-06-22T10:52:10,2000.0,3.95,B
2021-06-22T10:51:56,3000.0,3.95,B
2021-06-22T10:51:55,2500.0,3.95,B
2021-06-22T10:51:46,10000.0,3.95,B
2021-06-22T10:51:23,6200.0,3.95,B
2021-06-22T10:51:21,1000.0,3.95,B
2021-06-22T10:51:21,12200.0,3.95,B
2021-06-22T10:51:14,2200.0,3.95,B
2021-06-22T10:51:11,700.0,3.95,B
2021-06-22T10:51:09,5000.0,3.95,B
2021-06-22T10:50:59,20000.0,3.94,S
2021-06-22T10:50:58,100.0,3.95,B
2021-06-22T10:50:45,100.0,3.95,B
2021-06-22T10:50:44,4300.0,3.95,B
2021-06-22T10:50:44,500.0,3.95,B
2021-06-22T10:50:41,5400.0,3.95,B
2021-06-22T10:50:17,5800.0,3.95,B
2021-06-22T10:50:15,200.0,3.95,B
2021-06-22T10:50:10,13900.0,3.94,S
2021-06-22T10:49:57,300.0,3.94,S
2021-06-22T10:49:49,400.0,3.94,B
2021-06-22T10:49:43,4100.0,3.94,B
2021-06-22T10:49:42,2000.0,3.94,B
2021-06-22T10:49:39,8200.0,3.94,B
2021-06-22T10:49:38,1000.0,3.94,B
2021-06-22T10:49:36,400.0,3.94,B
2021-06-22T10:49:30,17500.0,3.94,B
2021-06-22T10:49:20,100.0,3.94,B
2021-06-22T10:49:14,3500.0,3.94,B
2021-06-22T10:49:11,400.0,3.94,B
2021-06-22T10:49:06,1000.0,3.94,B
2021-06-22T10:49:04,400.0,3.94,B
2021-06-22T10:49:01,1000.0,3.92,S
2021-06-22T10:49:01,5200.0,3.92,S
2021-06-22T10:49:01,1000.0,3.93,S
2021-06-22T10:49:01,500.0,3.93,S
2021-06-22T10:49:01,2300.0,3.93,S
2021-06-22T10:48:52,200.0,3.94,B
2021-06-22T10:48:48,200.0,3.93,S
2021-06-22T10:48:30,2000.0,3.94,B
2021-06-22T10:48:27,400.0,3.93,S
2021-06-22T10:48:21,2900.0,3.94,B
2021-06-22T10:48:09,1000.0,3.93,S
2021-06-22T10:48:04,9000.0,3.94,B
2021-06-22T10:47:55,1000.0,3.93,S
2021-06-22T10:47:44,200.0,3.94,B
2021-06-22T10:47:43,5000.0,3.93,S
2021-06-22T10:47:41,1000.0,3.93,S
2021-06-22T10:47:30,3000.0,3.93,S
2021-06-22T10:47:30,500.0,3.94,B
2021-06-22T10:46:58,1100.0,3.93,S
2021-06-22T10:46:36,1000.0,3.93,S
2021-06-22T10:46:20,1600.0,3.94,S
2021-06-22T10:46:11,8500.0,3.94,B
2021-06-22T10:46:10,100.0,3.94,B
2021-06-22T10:45:58,5000.0,3.93,S
2021-06-22T10:45:47,200.0,3.94,S
2021-06-22T10:45:42,1800.0,3.94,S
2021-06-22T10:45:38,5000.0,3.94,S
2021-06-22T10:45:30,7200.0,3.95,B
2021-06-22T10:45:25,100.0,3.95,B
2021-06-22T10:45:25,200.0,3.94,S
2021-06-22T10:45:04,800.0,3.94,S
2021-06-22T10:45:00,5000.0,3.95,B
2021-06-22T10:44:50,12000.0,3.94,S
2021-06-22T10:44:50,1000.0,3.95,B
2021-06-22T10:44:45,1600.0,3.94,S
2021-06-22T10:44:34,200.0,3.95,B
2021-06-22T10:44:32,25300.0,3.95,B
2021-06-22T10:44:26,1000.0,3.94,S
2021-06-22T10:44:19,5000.0,3.94,S
2021-06-22T10:44:18,100.0,3.95,B
2021-06-22T10:44:12,3900.0,3.95,B
2021-06-22T10:43:50,25000.0,3.95,B
2021-06-22T10:43:40,100.0,3.95,B
2021-06-22T10:43:31,5000.0,3.95,B
2021-06-22T10:43:19,1000.0,3.94,S
2021-06-22T10:43:05,12800.0,3.94,B
2021-06-22T10:43:03,200.0,3.92,S
2021-06-22T10:43:01,3500.0,3.92,S
2021-06-22T10:43:00,100.0,3.92,S
2021-06-22T10:42:57,1500.0,3.92,S
2021-06-22T10:42:57,500.0,3.92,S
2021-06-22T10:42:57,5100.0,3.92,S
2021-06-22T10:42:33,300.0,3.94,S
2021-06-22T10:42:29,400.0,3.95,B
2021-06-22T10:42:22,100.0,3.95,B
2021-06-22T10:42:09,4900.0,3.92,S
2021-06-22T10:42:07,1200.0,3.92,S
2021-06-22T10:42:07,200.0,3.92,S
2021-06-22T10:42:07,3200.0,3.92,S
2021-06-22T10:42:07,10000.0,3.93,S
2021-06-22T10:42:07,1100.0,3.93,S
2021-06-22T10:42:07,16500.0,3.94,S
2021-06-22T10:42:07,62900.0,3.94,S
2021-06-22T10:41:47,100.0,3.94,S
2021-06-22T10:41:47,2900.0,3.95,S
2021-06-22T10:41:47,1000.0,3.95,S
2021-06-22T10:41:42,200.0,3.97,B
2021-06-22T10:41:40,2000.0,3.95,S
2021-06-22T10:41:30,900.0,3.95,S
2021-06-22T10:41:30,2000.0,3.95,S
2021-06-22T10:41:30,4200.0,3.95,S
2021-06-22T10:41:19,100.0,3.97,B
2021-06-22T10:41:18,6900.0,3.95,S
2021-06-22T10:41:18,8100.0,3.95,S
2021-06-22T10:41:12,20300.0,3.95,S
2021-06-22T10:41:12,9700.0,3.95,S
2021-06-22T10:40:38,1800.0,3.97,B
2021-06-22T10:40:36,100.0,3.97,B
2021-06-22T10:40:31,100.0,3.97,B
2021-06-22T10:40:28,3500.0,3.97,B
2021-06-22T10:40:27,300.0,3.97,B
2021-06-22T10:40:14,1000.0,3.97,B
2021-06-22T10:40:06,500.0,3.97,S
2021-06-22T10:40:05,8000.0,3.97,S
2021-06-22T10:40:03,300.0,3.98,B
2021-06-22T10:39:48,500.0,3.97,S
2021-06-22T10:39:46,1000.0,3.97,S
2021-06-22T10:39:39,1000.0,3.98,B
2021-06-22T10:39:38,100.0,3.98,B
2021-06-22T10:39:36,700.0,3.97,S
2021-06-22T10:39:33,100.0,3.98,B
2021-06-22T10:39:33,1000.0,3.98,B
2021-06-22T10:39:21,5000.0,3.98,B
2021-06-22T10:39:16,1000.0,3.98,B
2021-06-22T10:39:05,30000.0,3.95,S
2021-06-22T10:39:01,100.0,3.98,B
2021-06-22T10:38:47,1000.0,3.98,B
2021-06-22T10:38:25,100.0,3.98,B
2021-06-22T10:38:23,400.0,3.98,B
2021-06-22T10:38:14,100.0,3.98,B
2021-06-22T10:38:12,10000.0,3.95,S
2021-06-22T10:38:10,6000.0,3.98,B
2021-06-22T10:37:59,400.0,3.98,B
2021-06-22T10:37:51,1000.0,3.98,B
2021-06-22T10:37:44,1300.0,3.95,S
2021-06-22T10:37:44,3100.0,3.96,S
2021-06-22T10:37:44,5100.0,3.97,S
2021-06-22T10:37:44,500.0,3.97,S
2021-06-22T10:37:39,2000.0,3.98,B
2021-06-22T10:37:29,100.0,3.98,B
2021-06-22T10:37:26,2000.0,3.98,B
2021-06-22T10:37:25,400.0,3.98,B
2021-06-22T10:37:25,100.0,3.98,B
2021-06-22T10:37:13,9900.0,3.98,S
2021-06-22T10:37:08,2000.0,3.98,S
2021-06-22T10:36:52,5000.0,3.98,S
2021-06-22T10:36:46,1500.0,3.98,S
2021-06-22T10:36:16,1500.0,3.98,S
2021-06-22T10:36:06,300.0,3.99,B
2021-06-22T10:35:45,19800.0,3.99,S
2021-06-22T10:35:36,500.0,4.0,B
2021-06-22T10:35:30,1000.0,4.0,B
2021-06-22T10:35:28,100.0,4.0,B
2021-06-22T10:35:21,10000.0,4.0,B
2021-06-22T10:35:15,400.0,4.0,B
2021-06-22T10:35:12,100.0,4.0,B
2021-06-22T10:34:57,1000.0,4.0,S
2021-06-22T10:34:56,4600.0,4.0,S
2021-06-22T10:34:56,5300.0,4.0,S
2021-06-22T10:34:56,1600.0,4.0,S
2021-06-22T10:34:56,500.0,4.0,S
2021-06-22T10:34:56,1000.0,4.0,S
2021-06-22T10:34:56,1000.0,4.0,S
2021-06-22T10:34:56,4000.0,4.0,S
2021-06-22T10:34:56,13000.0,4.0,S
2021-06-22T10:34:52,1900.0,4.01,B
2021-06-22T10:34:44,10400.0,4.0,S
2021-06-22T10:34:44,9600.0,4.0,S
2021-06-22T10:34:30,200.0,4.01,B
2021-06-22T10:34:13,1000.0,4.0,S
2021-06-22T10:34:06,500.0,4.01,B
2021-06-22T10:34:06,300.0,4.01,B
2021-06-22T10:34:06,300.0,4.01,B
2021-06-22T10:33:46,600.0,4.0,S
2021-06-22T10:33:46,3400.0,4.0,S
2021-06-22T10:33:45,100.0,4.01,B
2021-06-22T10:33:36,10000.0,4.01,B
2021-06-22T10:33:14,100.0,4.0,S
2021-06-22T10:33:14,1500.0,4.01,B
2021-06-22T10:33:09,100.0,4.01,S
2021-06-22T10:33:02,500.0,4.01,S
2021-06-22T10:32:58,5200.0,4.01,S
2021-06-22T10:32:55,5500.0,4.01,S
2021-06-22T10:32:38,1000.0,4.02,B
2021-06-22T10:32:27,1000.0,4.02,B
2021-06-22T10:32:27,3000.0,4.02,B
2021-06-22T10:32:24,10000.0,4.02,B
2021-06-22T10:32:03,900.0,4.02,B
2021-06-22T10:32:03,2000.0,4.01,S
2021-06-22T10:31:29,2000.0,4.02,B
2021-06-22T10:31:26,1500.0,4.02,S
2021-06-22T10:31:24,27200.0,4.02,S
2021-06-22T10:31:13,10000.0,4.03,B
2021-06-22T10:30:58,18900.0,4.02,S
2021-06-22T10:30:53,200.0,4.03,S
2021-06-22T10:30:51,100.0,4.03,S
2021-06-22T10:30:44,2000.0,4.03,S
2021-06-22T10:30:39,200.0,4.03,S
2021-06-22T10:30:31,200.0,4.03,S
2021-06-22T10:30:29,1000.0,4.03,S
2021-06-22T10:30:23,9600.0,4.02,S
2021-06-22T10:30:23,25400.0,4.02,S
2021-06-22T10:30:23,15000.0,4.03,S
2021-06-22T10:30:21,1700.0,4.03,S
2021-06-22T10:30:21,100.0,4.03,S
2021-06-22T10:29:59,1000.0,4.03,S
2021-06-22T10:29:58,500.0,4.03,S
2021-06-22T10:29:53,7000.0,4.03,S
2021-06-22T10:29:50,300.0,4.03,S
2021-06-22T10:29:46,300.0,4.03,S
2021-06-22T10:29:41,1400.0,4.03,S
2021-06-22T10:29:27,600.0,4.03,S
2021-06-22T10:29:23,700.0,4.03,S
2021-06-22T10:29:20,900.0,4.03,S
2021-06-22T10:29:00,100.0,4.03,S
2021-06-22T10:28:59,1500.0,4.04,B
2021-06-22T10:28:54,2200.0,4.03,S
2021-06-22T10:28:54,200.0,4.03,S
2021-06-22T10:28:53,700.0,4.03,S
2021-06-22T10:28:39,500.0,4.03,S
2021-06-22T10:28:22,500.0,4.03,S
2021-06-22T10:28:19,1500.0,4.03,S
2021-06-22T10:27:59,1100.0,4.03,B
2021-06-22T10:27:38,3900.0,4.03,S
2021-06-22T10:27:15,400.0,4.04,B
2021-06-22T10:27:13,8000.0,4.02,S
2021-06-22T10:26:32,1200.0,4.02,S
2021-06-22T10:26:29,1000.0,4.02,S
2021-06-22T10:26:09,1000.0,4.02,S
2021-06-22T10:25:50,3700.0,4.04,B
2021-06-22T10:25:49,5000.0,4.02,S
2021-06-22T10:25:40,5000.0,4.02,S
2021-06-22T10:25:24,500.0,4.02,B
2021-06-22T10:25:18,600.0,4.05,B
2021-06-22T10:25:15,5000.0,4.05,B
2021-06-22T10:25:08,900.0,4.02,S
2021-06-22T10:25:01,1000.0,4.05,B
2021-06-22T10:24:59,3300.0,4.01,S
2021-06-22T10:24:56,500.0,4.02,S
2021-06-22T10:24:34,2000.0,4.02,B
2021-06-22T10:24:31,6000.0,4.02,B
2021-06-22T10:24:28,5000.0,4.0,S
2021-06-22T10:24:18,10000.0,4.02,B
2021-06-22T10:24:06,100.0,4.01,S
2021-06-22T10:24:03,1200.0,4.01,S
2021-06-22T10:23:53,1000.0,4.01,S
2021-06-22T10:23:45,100.0,4.01,B
2021-06-22T10:23:37,5000.0,4.0,B
2021-06-22T10:23:26,900.0,4.0,B
2021-06-22T10:23:23,1000.0,3.99,S
2021-06-22T10:23:22,900.0,4.0,B
2021-06-22T10:23:21,3000.0,4.0,B
2021-06-22T10:23:20,2500.0,4.01,B
2021-06-22T10:23:06,2200.0,4.0,B
2021-06-22T10:22:57,15000.0,4.0,B
2021-06-22T10:22:45,3600.0,4.0,B
2021-06-22T10:22:42,400.0,4.0,B
2021-06-22T10:22:39,600.0,4.0,B
2021-06-22T10:22:38,1400.0,4.0,B
2021-06-22T10:22:29,200.0,4.0,B
2021-06-22T10:22:22,300.0,4.0,B
2021-06-22T10:22:17,700.0,4.0,B
2021-06-22T10:22:13,9300.0,4.0,B
2021-06-22T10:22:13,5000.0,4.0,B
2021-06-22T10:22:12,400.0,4.0,B
2021-06-22T10:22:10,2000.0,4.0,B
2021-06-22T10:22:08,300.0,4.0,B
2021-06-22T10:22:04,400.0,3.99,S
2021-06-22T10:21:57,2100.0,4.0,B
2021-06-22T10:21:53,100.0,4.0,B
2021-06-22T10:21:51,500.0,4.0,B
2021-06-22T10:21:49,1500.0,4.0,B
2021-06-22T10:21:49,100.0,4.0,B
2021-06-22T10:21:49,2000.0,4.0,B
2021-06-22T10:21:46,1000.0,4.0,B
2021-06-22T10:21:46,100.0,4.0,B
2021-06-22T10:21:41,200.0,4.0,B
2021-06-22T10:21:41,100.0,4.0,B
2021-06-22T10:21:40,500.0,4.0,B
2021-06-22T10:21:37,1000.0,4.0,B
2021-06-22T10:21:36,11000.0,4.0,S
2021-06-22T10:21:29,5800.0,4.0,S
2021-06-22T10:21:28,200.0,4.0,S
2021-06-22T10:21:21,11100.0,4.0,S
2021-06-22T10:21:21,11000.0,4.0,S
2021-06-22T10:21:21,7700.0,4.0,S
2021-06-22T10:21:20,900.0,4.0,S
2021-06-22T10:21:20,9100.0,4.0,S
2021-06-22T10:21:18,13000.0,4.0,S
2021-06-22T10:21:02,20000.0,4.0,S
2021-06-22T10:21:01,2000.0,4.0,S
2021-06-22T10:20:54,1000.0,4.05,B
2021-06-22T10:20:54,700.0,4.0,S
2021-06-22T10:20:54,200.0,4.05,B
2021-06-22T10:20:52,1000.0,4.05,B
2021-06-22T10:20:47,20000.0,4.0,S
2021-06-22T10:20:26,11600.0,4.0,S
2021-06-22T10:20:26,2000.0,4.0,S
2021-06-22T10:20:26,5200.0,4.0,S
2021-06-22T10:20:26,2100.0,4.0,S
2021-06-22T10:20:26,11500.0,4.0,S
2021-06-22T10:20:26,5000.0,4.0,S
2021-06-22T10:20:26,6400.0,4.0,S
2021-06-22T10:20:26,7600.0,4.0,S
2021-06-22T10:20:26,14000.0,4.0,S
2021-06-22T10:20:26,800.0,4.01,S
2021-06-22T10:20:26,3000.0,4.01,S
2021-06-22T10:20:26,8500.0,4.01,S
2021-06-22T10:20:25,500.0,4.02,S
2021-06-22T10:20:25,500.0,4.02,S
2021-06-22T10:20:25,100.0,4.05,B
2021-06-22T10:20:22,1100.0,4.05,B
2021-06-22T10:20:15,5800.0,4.05,B
2021-06-22T10:20:15,5000.0,4.05,B
2021-06-22T10:20:12,1700.0,4.05,B
2021-06-22T10:19:55,1200.0,4.05,B
2021-06-22T10:19:53,2000.0,4.03,S
2021-06-22T10:19:52,100.0,4.05,S
2021-06-22T10:19:50,1000.0,4.06,B
2021-06-22T10:19:50,1600.0,4.05,S
2021-06-22T10:19:49,38000.0,4.06,B
2021-06-22T10:19:43,900.0,4.05,S
2021-06-22T10:19:43,3900.0,4.05,S
2021-06-22T10:19:43,1800.0,4.05,S
2021-06-22T10:19:43,58400.0,4.05,S
2021-06-22T10:19:33,5000.0,4.06,B
2021-06-22T10:19:24,5900.0,4.06,B
2021-06-22T10:19:15,6300.0,4.06,S
2021-06-22T10:19:14,5000.0,4.06,S
2021-06-22T10:19:14,10000.0,4.05,S
2021-06-22T10:19:14,300.0,4.06,S
2021-06-22T10:19:11,1000.0,4.05,S
2021-06-22T10:19:03,10000.0,4.05,S
2021-06-22T10:19:01,1000.0,4.06,B
2021-06-22T10:19:01,100.0,4.06,B
2021-06-22T10:19:01,8300.0,4.06,B
2021-06-22T10:19:01,20000.0,4.06,B
2021-06-22T10:19:01,1000.0,4.06,B
2021-06-22T10:18:52,10000.0,4.06,B
2021-06-22T10:18:49,200.0,4.06,B
2021-06-22T10:18:45,700.0,4.06,B
2021-06-22T10:18:42,2000.0,4.05,S
2021-06-22T10:18:34,200.0,4.06,B
2021-06-22T10:18:28,3300.0,4.05,S
2021-06-22T10:18:19,1000.0,4.06,B
2021-06-22T10:18:19,2000.0,4.06,B
2021-06-22T10:18:13,10100.0,4.06,S
2021-06-22T10:18:01,300.0,4.07,S
2021-06-22T10:18:00,16400.0,4.07,S
2021-06-22T10:17:49,1300.0,4.07,S
2021-06-22T10:17:38,22000.0,4.07,S
2021-06-22T10:17:36,2700.0,4.07,S
2021-06-22T10:17:30,900.0,4.07,S
2021-06-22T10:17:30,2600.0,4.07,S
2021-06-22T10:17:24,7500.0,4.07,S
2021-06-22T10:17:24,4300.0,4.07,S
2021-06-22T10:17:23,4100.0,4.07,S
2021-06-22T10:17:19,10000.0,4.07,S
2021-06-22T10:17:04,16400.0,4.07,B
2021-06-22T10:17:04,300.0,4.07,B
2021-06-22T10:17:01,400.0,4.07,B
2021-06-22T10:16:59,400.0,4.07,B
2021-06-22T10:16:56,700.0,4.07,B
2021-06-22T10:16:51,3400.0,4.07,B
2021-06-22T10:16:51,100.0,4.07,B
2021-06-22T10:16:50,1200.0,4.07,B
2021-06-22T10:16:47,45000.0,4.07,B
2021-06-22T10:16:36,2000.0,4.07,B
2021-06-22T10:16:35,100.0,4.07,B
2021-06-22T10:16:34,4500.0,4.07,B
2021-06-22T10:16:33,500.0,4.07,B
2021-06-22T10:16:32,20000.0,4.06,S
2021-06-22T10:16:14,10000.0,4.07,B
2021-06-22T10:16:07,100.0,4.07,B
2021-06-22T10:16:07,100.0,4.07,B
2021-06-22T10:16:06,2000.0,4.07,B
2021-06-22T10:16:01,200.0,4.07,B
2021-06-22T10:15:58,400.0,4.07,B
2021-06-22T10:15:58,6000.0,4.07,B
2021-06-22T10:15:58,1000.0,4.07,B
2021-06-22T10:15:53,300.0,4.07,B
2021-06-22T10:15:45,8500.0,4.07,B
2021-06-22T10:15:33,100.0,4.07,B
2021-06-22T10:15:22,500.0,4.06,S
2021-06-22T10:15:21,2000.0,4.07,B
2021-06-22T10:15:20,5000.0,4.07,B
2021-06-22T10:15:17,10000.0,4.07,B
2021-06-22T10:15:14,100.0,4.07,B
2021-06-22T10:15:12,1000.0,4.06,S
2021-06-22T10:15:10,1100.0,4.07,B
2021-06-22T10:15:08,200.0,4.06,S
2021-06-22T10:15:06,100.0,4.07,B
2021-06-22T10:14:58,2000.0,4.06,S
2021-06-22T10:14:52,1200.0,4.06,S
2021-06-22T10:14:42,700.0,4.06,B
2021-06-22T10:14:37,3900.0,4.06,B
2021-06-22T10:14:34,2400.0,4.06,B
2021-06-22T10:14:32,100.0,4.06,B
2021-06-22T10:14:31,1500.0,4.06,B
2021-06-22T10:14:29,57000.0,4.06,B
2021-06-22T10:14:27,30000.0,4.06,B
2021-06-22T10:14:27,1100.0,4.06,B
2021-06-22T10:14:19,3000.0,4.06,B
2021-06-22T10:14:17,19200.0,4.05,S
2021-06-22T10:14:14,3400.0,4.06,B
2021-06-22T10:13:54,1000.0,4.05,B
2021-06-22T10:13:53,7100.0,4.05,B
2021-06-22T10:13:51,4300.0,4.02,S
2021-06-22T10:13:47,2500.0,4.05,B
2021-06-22T10:13:43,1600.0,4.02,S
2021-06-22T10:13:40,2000.0,4.05,B
2021-06-22T10:13:32,8500.0,4.05,S
2021-06-22T10:13:30,500.0,4.05,S
2021-06-22T10:13:30,1000.0,4.05,S
2021-06-22T10:13:28,1000.0,4.05,S
2021-06-22T10:13:24,1900.0,4.05,B
2021-06-22T10:13:24,4000.0,4.02,S
2021-06-22T10:13:18,200.0,4.02,S
2021-06-22T10:13:12,100.0,4.05,B
2021-06-22T10:13:12,2600.0,4.05,B
2021-06-22T10:13:04,600.0,4.05,B
2021-06-22T10:13:00,3800.0,4.05,B
2021-06-22T10:13:00,2000.0,4.03,S
2021-06-22T10:12:48,1500.0,4.01,S
2021-06-22T10:12:37,1000.0,4.06,B
2021-06-22T10:12:27,1100.0,4.01,S
2021-06-22T10:12:22,1200.0,4.01,S
2021-06-22T10:12:14,200.0,4.06,B
2021-06-22T10:12:05,10000.0,4.01,S
2021-06-22T10:12:03,200.0,4.05,S
2021-06-22T10:11:58,500.0,4.05,B
2021-06-22T10:11:58,500.0,4.05,B
2021-06-22T10:11:58,14000.0,4.05,B
2021-06-22T10:11:58,300.0,4.05,B
2021-06-22T10:11:57,200.0,4.05,B
2021-06-22T10:11:57,100100.0,4.05,B
2021-06-22T10:11:57,5700.0,4.05,B
2021-06-22T10:11:57,20500.0,4.05,B
2021-06-22T10:11:57,11300.0,4.05,B
2021-06-22T10:11:57,1300.0,4.05,B
2021-06-22T10:11:57,110200.0,4.05,B
2021-06-22T10:11:57,1300.0,4.04,B
2021-06-22T10:11:57,231400.0,4.03,B
2021-06-22T10:11:52,3500.0,4.01,B
2021-06-22T10:11:52,6500.0,4.01,B
2021-06-22T10:11:47,600.0,4.01,B
2021-06-22T10:11:46,2900.0,4.01,B
2021-06-22T10:11:34,100.0,4.01,B
2021-06-22T10:11:34,300.0,4.01,B
2021-06-22T10:11:31,200.0,4.01,B
2021-06-22T10:11:31,300.0,4.01,B
2021-06-22T10:11:31,4400.0,4.01,B
2021-06-22T10:11:31,1100.0,4.01,B
2021-06-22T10:11:31,4000.0,4.01,B
2021-06-22T10:11:31,10500.0,4.01,B
2021-06-22T10:11:21,10000.0,4.0,S
2021-06-22T10:11:17,200.0,4.0,S
2021-06-22T10:11:11,14000.0,4.01,B
2021-06-22T10:11:10,1000.0,4.01,B
2021-06-22T10:11:08,4000.0,4.01,B
2021-06-22T10:11:04,900.0,4.01,B
2021-06-22T10:11:01,31800.0,4.01,B
2021-06-22T10:10:55,40000.0,4.01,B
2021-06-22T10:10:51,1400.0,4.0,S
2021-06-22T10:10:42,1000.0,4.0,S
2021-06-22T10:10:34,100.0,4.01,B
2021-06-22T10:10:32,2000.0,4.0,S
2021-06-22T10:10:27,5500.0,4.0,S
2021-06-22T10:10:26,10000.0,4.0,S
2021-06-22T10:10:21,300.0,4.0,S
2021-06-22T10:10:16,400.0,4.0,S
2021-06-22T10:10:14,200.0,4.0,S
2021-06-22T10:10:14,1500.0,4.01,B
2021-06-22T10:10:14,500.0,4.01,B
2021-06-22T10:10:07,17000.0,4.0,S
2021-06-22T10:10:06,10000.0,4.0,S
2021-06-22T10:10:02,4000.0,4.0,S
2021-06-22T10:09:54,500.0,4.0,S
2021-06-22T10:09:52,1300.0,4.01,B
2021-06-22T10:09:49,500.0,4.0,B
2021-06-22T10:09:40,2900.0,4.0,B
2021-06-22T10:09:35,100.0,4.0,B
2021-06-22T10:09:35,2200.0,4.0,B
2021-06-22T10:09:35,800.0,4.0,B
2021-06-22T10:09:34,2500.0,4.0,B
2021-06-22T10:09:32,18300.0,4.0,B
2021-06-22T10:09:32,200.0,4.0,B
2021-06-22T10:09:32,2700.0,4.0,B
2021-06-22T10:09:32,2000.0,4.0,B
2021-06-22T10:09:32,11000.0,4.0,B
2021-06-22T10:09:32,25800.0,4.0,B
2021-06-22T10:09:25,1000.0,4.0,B
2021-06-22T10:09:23,2000.0,4.0,B
2021-06-22T10:09:19,300.0,4.0,B
2021-06-22T10:09:11,300.0,4.0,B
2021-06-22T10:09:02,500.0,4.0,B
2021-06-22T10:09:02,15300.0,4.0,B
2021-06-22T10:09:02,8200.0,4.0,B
2021-06-22T10:09:02,3800.0,4.0,B
2021-06-22T10:09:02,6200.0,4.0,B
2021-06-22T10:08:58,35000.0,3.98,S
2021-06-22T10:08:53,3000.0,4.0,B
2021-06-22T10:08:47,1000.0,3.99,S
2021-06-22T10:08:46,5000.0,4.0,B
2021-06-22T10:08:43,2000.0,4.0,B
2021-06-22T10:08:41,5700.0,4.0,B
2021-06-22T10:08:41,103800.0,4.0,B
2021-06-22T10:08:41,2000.0,4.0,B
2021-06-22T10:08:41,14500.0,4.0,B
2021-06-22T10:08:41,3500.0,4.0,B
2021-06-22T10:08:41,1300.0,4.0,B
2021-06-22T10:08:41,53000.0,4.0,B
2021-06-22T10:08:41,3100.0,4.0,B
2021-06-22T10:08:41,4200.0,4.0,B
2021-06-22T10:08:41,2500.0,4.0,B
2021-06-22T10:08:41,4900.0,4.0,B
2021-06-22T10:08:41,4100.0,4.0,B
2021-06-22T10:08:41,4200.0,4.0,B
2021-06-22T10:08:40,13000.0,4.0,B
2021-06-22T10:08:40,10800.0,4.0,B
2021-06-22T10:08:40,109600.0,4.0,B
2021-06-22T10:08:40,3000.0,3.99,B
2021-06-22T10:08:40,3500.0,3.99,B
2021-06-22T10:08:40,54000.0,3.99,B
2021-06-22T10:08:40,10500.0,3.99,B
2021-06-22T10:08:40,49600.0,3.99,B
2021-06-22T10:08:40,1000.0,3.98,B
2021-06-22T10:08:33,100.0,3.98,B
2021-06-22T10:08:16,1300.0,3.98,B
2021-06-22T10:08:15,10000.0,3.97,S
2021-06-22T10:08:12,300.0,3.98,B
2021-06-22T10:08:12,45500.0,3.98,B
2021-06-22T10:08:12,34200.0,3.98,B
2021-06-22T10:08:11,1000.0,3.98,B
2021-06-22T10:08:06,50000.0,3.98,B
2021-06-22T10:08:05,400.0,3.98,B
2021-06-22T10:08:02,1000.0,3.98,B
2021-06-22T10:08:01,100.0,3.98,B
2021-06-22T10:07:57,100.0,3.97,S
2021-06-22T10:07:54,3000.0,3.98,B
2021-06-22T10:07:44,500.0,3.98,B
2021-06-22T10:07:36,100.0,3.98,B
2021-06-22T10:07:30,300.0,3.98,B
2021-06-22T10:07:27,5000.0,3.98,B
2021-06-22T10:07:25,2200.0,3.98,B
2021-06-22T10:07:13,600.0,3.97,S
2021-06-22T10:07:12,6500.0,3.98,B
2021-06-22T10:07:10,100.0,3.98,B
2021-06-22T10:07:04,3000.0,3.97,B
2021-06-22T10:07:04,23000.0,3.98,B
2021-06-22T10:07:01,100.0,3.97,B
2021-06-22T10:06:57,1100.0,3.97,B
2021-06-22T10:06:43,1900.0,3.97,B
2021-06-22T10:06:41,1000.0,3.97,B
2021-06-22T10:06:41,2000.0,3.97,B
2021-06-22T10:06:39,3000.0,3.97,B
2021-06-22T10:06:37,28100.0,3.97,B
2021-06-22T10:06:37,2000.0,3.97,B
2021-06-22T10:06:28,500.0,3.96,B
2021-06-22T10:06:18,200.0,3.96,B
2021-06-22T10:06:11,100.0,3.96,B
2021-06-22T10:05:40,1000.0,3.96,B
2021-06-22T10:05:30,29000.0,3.95,B
2021-06-22T10:05:21,5000.0,3.95,B
2021-06-22T10:05:14,10000.0,3.95,B
2021-06-22T10:05:12,9000.0,3.95,B
2021-06-22T10:05:12,700.0,3.94,S
2021-06-22T10:04:53,2900.0,3.95,B
2021-06-22T10:04:42,100.0,3.94,B
2021-06-22T10:04:16,700.0,3.94,B
2021-06-22T10:04:16,4200.0,3.94,B
2021-06-22T10:04:04,100.0,3.94,B
2021-06-22T10:04:00,600.0,3.94,B
2021-06-22T10:03:59,1000.0,3.94,B
2021-06-22T10:03:57,7000.0,3.94,B
2021-06-22T10:03:56,1000.0,3.93,S
2021-06-22T10:03:54,1700.0,3.94,B
2021-06-22T10:03:43,15000.0,3.94,B
2021-06-22T10:03:33,10000.0,3.94,B
2021-06-22T10:03:23,2000.0,3.93,S
2021-06-22T10:03:21,1000.0,3.94,B
2021-06-22T10:02:58,100.0,3.94,S
2021-06-22T10:02:48,1000.0,3.95,B
2021-06-22T10:02:29,100.0,3.94,S
2021-06-22T10:02:08,100.0,3.93,S
2021-06-22T10:01:55,5000.0,3.92,S
2021-06-22T10:01:42,8300.0,3.95,B
2021-06-22T10:01:35,5000.0,3.92,S
2021-06-22T10:01:33,2000.0,3.93,B
2021-06-22T10:01:32,3000.0,3.93,B
2021-06-22T10:01:31,2500.0,3.93,B
2021-06-22T10:01:24,5000.0,3.92,S
2021-06-22T10:01:20,6800.0,3.93,B
2021-06-22T10:01:07,10000.0,3.93,B
2021-06-22T10:01:07,2000.0,3.93,B
2021-06-22T10:01:03,3000.0,3.93,B
2021-06-22T10:01:01,500.0,3.93,B
2021-06-22T10:01:00,200.0,3.93,B
2021-06-22T10:00:57,1000.0,3.93,B
2021-06-22T10:00:46,5000.0,3.93,B
2021-06-22T10:00:46,10000.0,3.93,B
2021-06-22T10:00:43,9000.0,3.93,B
2021-06-22T10:00:40,16800.0,3.93,B
2021-06-22T10:00:39,3700.0,3.92,S
2021-06-22T10:00:39,1900.0,3.92,S
2021-06-22T10:00:39,2400.0,3.92,S
2021-06-22T10:00:39,1000.0,3.93,B
2021-06-22T10:00:35,1000.0,3.93,B
2021-06-22T10:00:23,7500.0,3.93,B
2021-06-22T10:00:23,1000.0,3.93,B
2021-06-22T10:00:21,2000.0,3.93,B
2021-06-22T10:00:04,500.0,3.93,B
2021-06-22T10:00:03,1000.0,3.93,B
2021-06-22T10:00:02,3000.0,3.93,B
2021-06-22T09:59:53,1000.0,3.93,B
2021-06-22T09:59:47,2000.0,3.93,B
2021-06-22T09:59:26,3200.0,3.93,B
2021-06-22T09:59:23,5000.0,3.92,S
2021-06-22T09:59:17,1000.0,3.93,B
2021-06-22T09:58:58,2500.0,3.93,B
2021-06-22T09:58:56,6300.0,3.93,B
2021-06-22T09:58:45,200.0,3.93,B
2021-06-22T09:58:42,800.0,3.93,B
2021-06-22T09:58:38,500.0,3.93,B
2021-06-22T09:58:21,100.0,3.93,B
2021-06-22T09:58:14,600.0,3.93,B
2021-06-22T09:58:09,1200.0,3.93,B
2021-06-22T09:58:09,2800.0,3.93,B
2021-06-22T09:57:59,5000.0,3.93,B
2021-06-22T09:57:54,100.0,3.93,B
2021-06-22T09:57:15,100.0,3.91,B
2021-06-22T09:57:08,300.0,3.91,B
2021-06-22T09:56:58,500.0,3.91,B
2021-06-22T09:56:55,2200.0,3.91,B
2021-06-22T09:56:48,2000.0,3.91,B
2021-06-22T09:56:40,1000.0,3.9,S
2021-06-22T09:56:34,100.0,3.9,S
2021-06-22T09:56:34,600.0,3.9,S
2021-06-22T09:56:31,4000.0,3.91,B
2021-06-22T09:56:29,3600.0,3.9,S
2021-06-22T09:56:23,10000.0,3.9,S
2021-06-22T09:56:12,10000.0,3.9,S
2021-06-22T09:56:10,100.0,3.91,B
2021-06-22T09:56:08,3000.0,3.9,S
2021-06-22T09:56:07,5000.0,3.9,S
2021-06-22T09:56:04,5000.0,3.9,S
2021-06-22T09:56:00,1000.0,3.9,S
2021-06-22T09:55:49,6000.0,3.9,S
2021-06-22T09:55:46,7700.0,3.9,S
2021-06-22T09:55:43,1000.0,3.9,S
2021-06-22T09:55:43,5100.0,3.9,S
2021-06-22T09:55:38,1500.0,3.9,S
2021-06-22T09:55:28,12400.0,3.9,S
2021-06-22T09:55:28,10000.0,3.9,S
2021-06-22T09:55:23,10000.0,3.9,S
2021-06-22T09:55:21,800.0,3.9,S
2021-06-22T09:55:21,40000.0,3.91,B
2021-06-22T09:55:04,21700.0,3.9,S
2021-06-22T09:55:01,300.0,3.91,B
2021-06-22T09:54:53,100.0,3.9,S
2021-06-22T09:54:50,1400.0,3.91,B
2021-06-22T09:54:47,100.0,3.9,S
2021-06-22T09:54:45,3100.0,3.9,S
2021-06-22T09:54:45,1900.0,3.9,S
2021-06-22T09:54:45,7100.0,3.9,S
2021-06-22T09:54:45,1100.0,3.9,S
2021-06-22T09:54:45,500.0,3.9,S
2021-06-22T09:54:45,11300.0,3.9,S
2021-06-22T09:54:38,5000.0,3.9,S
2021-06-22T09:54:36,1000.0,3.9,S
2021-06-22T09:54:35,50000.0,3.9,S
2021-06-22T09:54:26,400.0,3.9,S
2021-06-22T09:54:07,20000.0,3.9,S
2021-06-22T09:53:49,100.0,3.93,B
2021-06-22T09:53:47,100.0,3.93,B
2021-06-22T09:53:43,5000.0,3.91,S
2021-06-22T09:53:40,100.0,3.93,B
2021-06-22T09:53:37,100.0,3.92,S
2021-06-22T09:53:31,800.0,3.92,S
2021-06-22T09:53:29,300.0,3.93,B
2021-06-22T09:53:19,2700.0,3.93,B
2021-06-22T09:53:17,100.0,3.93,B
2021-06-22T09:53:00,300.0,3.93,S
2021-06-22T09:52:53,400.0,3.93,S
2021-06-22T09:52:49,5900.0,3.9,S
2021-06-22T09:52:49,1100.0,3.91,S
2021-06-22T09:52:49,700.0,3.92,S
2021-06-22T09:52:49,10400.0,3.92,S
2021-06-22T09:52:49,11900.0,3.93,S
2021-06-22T09:52:45,8900.0,3.93,S
2021-06-22T09:52:40,1000.0,3.94,B
2021-06-22T09:52:31,1100.0,3.93,S
2021-06-22T09:52:22,10000.0,3.93,S
2021-06-22T09:52:19,200.0,3.95,B
2021-06-22T09:52:18,2000.0,3.93,S
2021-06-22T09:52:13,300.0,3.94,S
2021-06-22T09:52:06,500.0,3.95,B
2021-06-22T09:52:04,2000.0,3.95,B
2021-06-22T09:52:03,900.0,3.95,B
2021-06-22T09:52:00,2000.0,3.93,S
2021-06-22T09:51:54,200.0,3.95,B
2021-06-22T09:51:53,500.0,3.95,B
2021-06-22T09:51:43,300.0,3.95,S
2021-06-22T09:51:39,300.0,3.95,S
2021-06-22T09:51:33,500.0,3.94,S
2021-06-22T09:51:31,200.0,3.95,S
2021-06-22T09:51:19,500.0,3.95,S
2021-06-22T09:51:19,600.0,3.95,S
2021-06-22T09:51:19,4000.0,3.95,S
2021-06-22T09:51:19,11100.0,3.95,S
2021-06-22T09:51:19,700.0,3.95,S
2021-06-22T09:51:19,4300.0,3.96,S
2021-06-22T09:51:19,500.0,3.96,S
2021-06-22T09:51:19,5100.0,3.96,S
2021-06-22T09:51:11,200.0,3.97,S
2021-06-22T09:51:01,1100.0,3.97,S
2021-06-22T09:50:57,3900.0,3.97,S
2021-06-22T09:50:56,100.0,3.98,B
2021-06-22T09:50:54,600.0,3.98,B
2021-06-22T09:50:29,1700.0,3.98,S
2021-06-22T09:50:29,2300.0,3.98,S
2021-06-22T09:50:29,55000.0,3.98,S
2021-06-22T09:50:29,1700.0,3.98,S
2021-06-22T09:50:09,100.0,3.99,B
2021-06-22T09:50:00,2300.0,3.99,B
2021-06-22T09:49:50,1000.0,3.99,S
2021-06-22T09:49:45,1300.0,3.99,S
2021-06-22T09:49:44,14000.0,3.99,S
2021-06-22T09:49:44,10000.0,3.99,S
2021-06-22T09:49:39,2000.0,3.99,S
2021-06-22T09:49:31,300.0,3.99,S
2021-06-22T09:49:27,500.0,3.99,S
2021-06-22T09:49:23,20200.0,3.99,S
2021-06-22T09:49:23,4300.0,3.99,S
2021-06-22T09:49:23,7900.0,3.99,S
2021-06-22T09:49:23,100.0,3.99,S
2021-06-22T09:49:23,11100.0,3.99,S
2021-06-22T09:49:23,10000.0,3.99,S
2021-06-22T09:49:23,1300.0,3.99,S
2021-06-22T09:49:23,14800.0,3.99,S
2021-06-22T09:49:22,400.0,4.0,B
2021-06-22T09:49:22,200.0,4.0,B
2021-06-22T09:49:22,7100.0,4.0,B
2021-06-22T09:49:22,5700.0,4.0,B
2021-06-22T09:49:22,1600.0,4.0,B
2021-06-22T09:49:17,500.0,3.99,S
2021-06-22T09:49:15,800.0,3.99,S
2021-06-22T09:49:10,300.0,4.0,B
2021-06-22T09:49:03,500.0,4.0,B
2021-06-22T09:49:00,10600.0,3.99,S
2021-06-22T09:49:00,7300.0,4.0,B
2021-06-22T09:49:00,200.0,4.0,B
2021-06-22T09:48:59,17900.0,4.0,B
2021-06-22T09:48:58,700.0,4.0,B
2021-06-22T09:48:48,3500.0,4.0,B
2021-06-22T09:48:41,200.0,4.0,B
2021-06-22T09:48:31,200.0,4.0,B
2021-06-22T09:48:23,100.0,4.0,B
2021-06-22T09:48:08,1000.0,4.0,B
2021-06-22T09:48:05,1300.0,3.99,S
2021-06-22T09:47:56,2900.0,3.99,S
2021-06-22T09:47:56,10000.0,4.0,B
2021-06-22T09:47:51,2000.0,3.99,S
2021-06-22T09:47:48,71400.0,4.0,B
2021-06-22T09:47:48,1900.0,4.0,B
2021-06-22T09:47:48,8000.0,4.0,B
2021-06-22T09:47:48,2300.0,4.0,B
2021-06-22T09:47:48,2500.0,4.0,B
2021-06-22T09:47:48,9800.0,4.0,B
2021-06-22T09:47:48,6800.0,4.0,B
2021-06-22T09:47:47,35300.0,4.0,B
2021-06-22T09:47:33,1300.0,4.0,B
2021-06-22T09:47:31,1000.0,3.99,S
2021-06-22T09:47:31,100.0,4.0,B
2021-06-22T09:47:22,5000.0,4.0,B
2021-06-22T09:47:22,5000.0,4.0,B
2021-06-22T09:47:21,5000.0,4.0,B
2021-06-22T09:47:12,1300.0,4.0,B
2021-06-22T09:47:11,100.0,3.99,S
2021-06-22T09:47:11,9900.0,3.99,S
2021-06-22T09:47:04,500.0,3.99,S
2021-06-22T09:47:03,8000.0,4.0,B
2021-06-22T09:46:59,12000.0,3.99,S
2021-06-22T09:46:56,800.0,3.99,S
2021-06-22T09:46:31,2000.0,3.99,S
2021-06-22T09:46:30,1000.0,3.99,S
2021-06-22T09:46:29,200.0,4.0,B
2021-06-22T09:46:13,8600.0,3.99,S
2021-06-22T09:46:12,200.0,4.0,B
2021-06-22T09:46:06,5000.0,3.99,S
2021-06-22T09:45:41,200.0,3.99,S
2021-06-22T09:45:37,20000.0,3.99,S
2021-06-22T09:45:36,2000.0,3.99,S
2021-06-22T09:45:35,5400.0,4.0,B
2021-06-22T09:45:35,100.0,4.0,B
2021-06-22T09:45:35,1300.0,3.99,S
2021-06-22T09:45:28,1100.0,3.99,B
2021-06-22T09:45:24,30000.0,3.99,B
2021-06-22T09:45:15,2000.0,3.99,B
2021-06-22T09:45:13,4000.0,3.99,B
2021-06-22T09:45:10,200.0,3.99,B
2021-06-22T09:45:09,13000.0,3.98,S
2021-06-22T09:45:07,600.0,3.99,B
2021-06-22T09:45:02,300.0,3.99,B
2021-06-22T09:45:00,2200.0,3.99,B
2021-06-22T09:44:56,10000.0,3.99,B
2021-06-22T09:44:54,2000.0,3.99,B
2021-06-22T09:44:53,2000.0,3.99,B
2021-06-22T09:44:50,1000.0,3.99,B
2021-06-22T09:44:34,100.0,3.99,B
2021-06-22T09:44:33,6000.0,3.99,B
2021-06-22T09:44:33,300.0,3.99,B
2021-06-22T09:44:32,33700.0,3.99,B
2021-06-22T09:44:31,20000.0,3.99,B
2021-06-22T09:44:31,100.0,3.99,B
2021-06-22T09:44:29,300.0,3.99,B
2021-06-22T09:44:28,800.0,3.99,B
2021-06-22T09:44:20,300.0,3.99,B
2021-06-22T09:44:17,30000.0,3.99,B
2021-06-22T09:44:10,5000.0,3.99,B
2021-06-22T09:44:06,1000.0,3.98,S
2021-06-22T09:44:05,4000.0,3.98,S
2021-06-22T09:44:03,100.0,3.98,S
2021-06-22T09:44:02,1000.0,3.98,S
2021-06-22T09:43:59,800.0,3.98,S
2021-06-22T09:43:59,3000.0,3.98,S
2021-06-22T09:43:56,20000.0,3.98,S
2021-06-22T09:43:55,200.0,3.99,B
2021-06-22T09:43:48,3000.0,3.99,B
2021-06-22T09:43:44,6400.0,3.98,S
2021-06-22T09:43:35,10000.0,3.99,B
2021-06-22T09:43:33,1000.0,3.99,B
2021-06-22T09:43:30,100.0,3.99,B
2021-06-22T09:43:30,600.0,3.98,B
2021-06-22T09:43:26,500.0,3.98,B
2021-06-22T09:43:23,100.0,3.98,B
2021-06-22T09:43:21,1400.0,3.98,B
2021-06-22T09:43:18,10000.0,3.98,B
2021-06-22T09:43:17,400.0,3.98,B
2021-06-22T09:43:16,6600.0,3.98,B
2021-06-22T09:43:08,1000.0,3.98,B
2021-06-22T09:43:06,3000.0,3.98,B
2021-06-22T09:43:06,200.0,3.98,B
2021-06-22T09:43:00,1600.0,3.98,B
2021-06-22T09:43:00,2400.0,3.98,B
2021-06-22T09:43:00,300.0,3.98,B
2021-06-22T09:43:00,300.0,3.98,B
2021-06-22T09:42:57,3000.0,3.98,B
2021-06-22T09:42:57,1000.0,3.98,B
2021-06-22T09:42:54,300.0,3.98,B
2021-06-22T09:42:51,400.0,3.98,B
2021-06-22T09:42:49,1000.0,3.98,B
2021-06-22T09:42:39,2800.0,3.98,B
2021-06-22T09:42:36,500.0,3.98,B
2021-06-22T09:42:34,3000.0,3.98,B
2021-06-22T09:42:32,400.0,3.98,B
2021-06-22T09:42:32,100.0,3.98,B
2021-06-22T09:42:26,3000.0,3.97,B
2021-06-22T09:42:25,300.0,3.98,B
2021-06-22T09:42:25,300.0,3.98,B
2021-06-22T09:42:13,100.0,3.98,B
2021-06-22T09:42:07,50100.0,3.97,B
2021-06-22T09:42:05,500.0,3.97,B
2021-06-22T09:41:59,2700.0,3.97,B
2021-06-22T09:41:55,102000.0,3.97,B
2021-06-22T09:41:50,3000.0,3.97,B
2021-06-22T09:41:49,500.0,3.96,S
2021-06-22T09:41:48,2000.0,3.95,S
2021-06-22T09:41:39,1600.0,3.96,B
2021-06-22T09:41:37,20000.0,3.96,B
2021-06-22T09:41:36,2000.0,3.95,S
2021-06-22T09:41:32,4000.0,3.96,B
2021-06-22T09:41:32,300.0,3.96,B
2021-06-22T09:41:30,1000.0,3.95,S
2021-06-22T09:41:30,85000.0,3.96,B
2021-06-22T09:41:30,500.0,3.96,B
2021-06-22T09:41:22,35000.0,3.95,S
2021-06-22T09:40:59,1000.0,3.95,B
2021-06-22T09:40:58,2500.0,3.95,B
2021-06-22T09:40:58,8200.0,3.95,B
2021-06-22T09:40:58,10100.0,3.95,B
2021-06-22T09:40:58,20000.0,3.95,B
2021-06-22T09:40:52,1500.0,3.95,B
2021-06-22T09:40:52,100.0,3.95,B
2021-06-22T09:40:51,1900.0,3.95,B
2021-06-22T09:40:49,100.0,3.95,B
2021-06-22T09:40:46,100.0,3.95,B
2021-06-22T09:40:33,5100.0,3.95,B
2021-06-22T09:40:33,2900.0,3.95,B
2021-06-22T09:40:33,1300.0,3.95,B
2021-06-22T09:40:33,5200.0,3.95,B
2021-06-22T09:40:33,1200.0,3.95,B
2021-06-22T09:40:33,37700.0,3.95,B
2021-06-22T09:40:30,10000.0,3.95,B
2021-06-22T09:40:29,100.0,3.94,B
2021-06-22T09:40:28,600.0,3.92,S
2021-06-22T09:40:28,400.0,3.93,S
2021-06-22T09:40:17,1000.0,3.94,B
2021-06-22T09:40:13,2800.0,3.94,B
2021-06-22T09:40:13,30200.0,3.94,B
2021-06-22T09:40:13,2000.0,3.94,B
2021-06-22T09:40:09,1300.0,3.94,B
2021-06-22T09:40:09,400.0,3.94,B
2021-06-22T09:40:09,100.0,3.93,B
2021-06-22T09:40:08,9000.0,3.92,B
2021-06-22T09:40:07,200.0,3.92,B
2021-06-22T09:40:03,600.0,3.92,B
2021-06-22T09:39:59,3900.0,3.92,B
2021-06-22T09:39:57,400.0,3.92,B
2021-06-22T09:39:57,5000.0,3.92,B
2021-06-22T09:39:55,300.0,3.92,B
2021-06-22T09:39:55,500.0,3.9,S
2021-06-22T09:39:35,8400.0,3.92,B
2021-06-22T09:39:09,10000.0,3.9,B
2021-06-22T09:39:05,6200.0,3.92,B
2021-06-22T09:39:05,2500.0,3.92,B
2021-06-22T09:39:05,5200.0,3.92,B
2021-06-22T09:39:05,2100.0,3.92,B
2021-06-22T09:39:05,4000.0,3.91,B
2021-06-22T09:39:04,34500.0,3.9,B
2021-06-22T09:39:04,500.0,3.9,B
2021-06-22T09:38:40,200.0,3.89,B
2021-06-22T09:38:34,7700.0,3.9,B
2021-06-22T09:38:34,2400.0,3.9,B
2021-06-22T09:38:34,17900.0,3.9,B
2021-06-22T09:38:27,100.0,3.89,B
2021-06-22T09:38:26,800.0,3.89,B
2021-06-22T09:38:22,400.0,3.89,B
2021-06-22T09:38:05,1300.0,3.88,B
2021-06-22T09:38:02,300.0,3.89,B
2021-06-22T09:37:50,2800.0,3.88,B
2021-06-22T09:37:49,2000.0,3.88,B
2021-06-22T09:37:48,1000.0,3.88,B
2021-06-22T09:37:48,20000.0,3.88,B
2021-06-22T09:37:36,4400.0,3.88,B
2021-06-22T09:37:36,6200.0,3.88,B
2021-06-22T09:37:36,600.0,3.88,B
2021-06-22T09:37:36,29900.0,3.88,B
2021-06-22T09:37:35,200.0,3.88,B
2021-06-22T09:37:34,300.0,3.88,B
2021-06-22T09:37:29,100.0,3.88,B
2021-06-22T09:37:28,1000.0,3.87,S
2021-06-22T09:37:24,1000.0,3.87,S
2021-06-22T09:37:15,100.0,3.88,B
2021-06-22T09:37:14,59800.0,3.87,B
2021-06-22T09:37:14,100.0,3.87,B
2021-06-22T09:37:07,3000.0,3.87,B
2021-06-22T09:37:04,1000.0,3.88,B
2021-06-22T09:37:03,500.0,3.88,B
2021-06-22T09:37:03,5000.0,3.87,B
2021-06-22T09:36:46,23000.0,3.87,B
2021-06-22T09:36:46,5000.0,3.87,B
2021-06-22T09:36:37,4000.0,3.87,B
2021-06-22T09:36:34,5000.0,3.87,B
2021-06-22T09:36:33,3200.0,3.88,B
2021-06-22T09:36:32,5000.0,3.87,B
2021-06-22T09:36:30,500.0,3.87,B
2021-06-22T09:36:25,5000.0,3.87,B
2021-06-22T09:36:14,1000.0,3.87,B
2021-06-22T09:36:12,90700.0,3.87,B
2021-06-22T09:36:04,3000.0,3.87,B
2021-06-22T09:35:58,3000.0,3.87,B
2021-06-22T09:35:56,7000.0,3.87,B
2021-06-22T09:35:53,200.0,3.87,B
2021-06-22T09:35:52,5000.0,3.87,B
2021-06-22T09:35:50,10000.0,3.86,S
2021-06-22T09:35:47,500.0,3.87,S
2021-06-22T09:35:37,1000.0,3.87,S
2021-06-22T09:35:32,200.0,3.87,S
2021-06-22T09:35:26,100.0,3.87,S
2021-06-22T09:35:26,5000.0,3.87,S
2021-06-22T09:35:25,300.0,3.87,S
2021-06-22T09:35:25,4700.0,3.87,S
2021-06-22T09:35:19,300.0,3.87,S
2021-06-22T09:35:18,3000.0,3.86,S
2021-06-22T09:35:16,45000.0,3.88,B
2021-06-22T09:35:09,2000.0,3.88,B
2021-06-22T09:35:06,1400.0,3.86,S
2021-06-22T09:35:06,2100.0,3.86,S
2021-06-22T09:35:06,100.0,3.86,S
2021-06-22T09:35:05,31800.0,3.86,S
2021-06-22T09:35:04,800.0,3.87,S
2021-06-22T09:35:02,3600.0,3.87,S
2021-06-22T09:34:54,100.0,3.87,S
2021-06-22T09:34:52,600.0,3.87,S
2021-06-22T09:34:45,3600.0,3.86,S
2021-06-22T09:34:42,144200.0,3.88,B
2021-06-22T09:34:42,1400.0,3.88,B
2021-06-22T09:34:41,17100.0,3.88,B
2021-06-22T09:34:41,59300.0,3.88,B
2021-06-22T09:34:41,3000.0,3.88,B
2021-06-22T09:34:41,4000.0,3.88,B
2021-06-22T09:34:40,3600.0,3.87,S
2021-06-22T09:34:32,700.0,3.86,S
2021-06-22T09:34:31,400.0,3.86,S
2021-06-22T09:34:30,300.0,3.87,S
2021-06-22T09:34:14,2000.0,3.86,S
2021-06-22T09:34:13,100.0,3.87,S
2021-06-22T09:34:07,1300.0,3.87,S
2021-06-22T09:34:05,150000.0,3.88,B
2021-06-22T09:34:04,49000.0,3.88,B
2021-06-22T09:34:03,1000.0,3.87,S
2021-06-22T09:34:00,2700.0,3.88,B
2021-06-22T09:33:57,500.0,3.87,S
2021-06-22T09:33:57,2000.0,3.86,S
2021-06-22T09:33:57,3000.0,3.87,S
2021-06-22T09:33:55,3000.0,3.87,S
2021-06-22T09:33:54,600.0,3.87,S
2021-06-22T09:33:53,2500.0,3.87,S
2021-06-22T09:33:53,200.0,3.87,S
2021-06-22T09:33:52,500.0,3.87,S
2021-06-22T09:33:51,3100.0,3.87,S
2021-06-22T09:33:51,200.0,3.87,S
2021-06-22T09:33:51,400.0,3.87,S
2021-06-22T09:33:51,100.0,3.87,S
2021-06-22T09:33:51,1200.0,3.87,S
2021-06-22T09:33:51,5500.0,3.87,S
2021-06-22T09:33:51,7800.0,3.87,S
2021-06-22T09:33:51,400.0,3.87,S
2021-06-22T09:33:49,35000.0,3.88,B
2021-06-22T09:33:47,100.0,3.87,S
2021-06-22T09:33:45,5000.0,3.87,S
2021-06-22T09:33:44,2000.0,3.88,B
2021-06-22T09:33:39,2100.0,3.87,S
2021-06-22T09:33:37,1400.0,3.87,S
2021-06-22T09:33:37,1700.0,3.87,S
2021-06-22T09:33:35,2000.0,3.88,B
2021-06-22T09:33:35,8000.0,3.87,S
2021-06-22T09:33:31,32900.0,3.87,S
2021-06-22T09:33:31,1200.0,3.87,S
2021-06-22T09:33:31,53900.0,3.87,S
2021-06-22T09:33:27,44700.0,3.87,S
2021-06-22T09:33:24,3000.0,3.87,S
2021-06-22T09:33:24,500.0,3.87,S
2021-06-22T09:33:19,10100.0,3.87,S
2021-06-22T09:33:14,700.0,3.87,S
2021-06-22T09:33:04,100.0,3.87,S
2021-06-22T09:33:01,5400.0,3.88,B
2021-06-22T09:32:58,2000.0,3.88,B
2021-06-22T09:32:58,200.0,3.88,B
2021-06-22T09:32:50,1700.0,3.87,S
2021-06-22T09:32:48,100.0,3.87,S
2021-06-22T09:32:39,200.0,3.88,B
2021-06-22T09:32:27,4700.0,3.87,S
2021-06-22T09:32:24,5000.0,3.88,B
2021-06-22T09:32:23,500.0,3.88,B
2021-06-22T09:32:23,10500.0,3.88,B
2021-06-22T09:32:06,5000.0,3.88,B
2021-06-22T09:32:06,200.0,3.88,B
2021-06-22T09:32:05,10000.0,3.88,B
2021-06-22T09:32:03,5000.0,3.87,S
2021-06-22T09:31:58,100.0,3.88,B
2021-06-22T09:31:58,4000.0,3.87,S
2021-06-22T09:31:53,1600.0,3.88,B
2021-06-22T09:31:49,2000.0,3.87,S
2021-06-22T09:31:47,600.0,3.87,S
2021-06-22T09:31:46,300.0,3.87,S
2021-06-22T09:31:46,600.0,3.87,S
2021-06-22T09:31:45,1300.0,3.87,S
2021-06-22T09:31:42,1000.0,3.87,S
2021-06-22T09:31:35,2000.0,3.88,B
2021-06-22T09:31:32,500.0,3.87,S
2021-06-22T09:31:29,1000.0,3.87,S
2021-06-22T09:31:23,16900.0,3.88,B
2021-06-22T09:31:21,3300.0,3.88,B
2021-06-22T09:31:15,500.0,3.88,B
2021-06-22T09:31:14,5000.0,3.89,B
2021-06-22T09:31:11,1700.0,3.88,B
2021-06-22T09:31:11,3000.0,3.88,B
2021-06-22T09:31:10,300.0,3.88,B
2021-06-22T09:31:09,3300.0,3.88,B
2021-06-22T09:31:08,1100.0,3.88,B
2021-06-22T09:31:07,5000.0,3.88,B
2021-06-22T09:31:06,1200.0,3.89,B
2021-06-22T09:30:56,20000.0,3.88,B
2021-06-22T09:30:54,5000.0,3.89,B
2021-06-22T09:30:53,900.0,3.88,B
2021-06-22T09:30:53,100.0,3.88,B
2021-06-22T09:30:49,4000.0,3.88,B
2021-06-22T09:30:49,3400.0,3.88,B
2021-06-22T09:30:47,16900.0,3.87,S
2021-06-22T09:30:39,100.0,3.88,B
2021-06-22T09:30:38,3000.0,3.87,S
2021-06-22T09:30:35,5000.0,3.89,B
2021-06-22T09:30:29,50000.0,3.87,S
2021-06-22T09:30:25,300.0,3.87,S
2021-06-22T09:30:25,200.0,3.87,S
2021-06-22T09:30:25,1600.0,3.87,S
2021-06-22T09:30:25,500.0,3.87,S
2021-06-22T09:30:25,12400.0,3.87,S
2021-06-22T09:30:23,5800.0,3.89,B
2021-06-22T09:30:23,19500.0,3.89,B
2021-06-22T09:30:23,500.0,3.88,B
2021-06-22T09:30:23,4200.0,3.88,B
2021-06-22T09:30:19,10000.0,3.88,S
2021-06-22T09:30:16,5000.0,3.87,S
2021-06-22T09:30:06,1000.0,3.88,S
2021-06-22T09:30:02,2000.0,3.87,S
2021-06-22T09:29:54,5000.0,3.87,S
2021-06-22T09:29:43,47800.0,3.87,S
2021-06-22T09:29:42,2000.0,3.87,S
2021-06-22T09:29:42,200.0,3.88,S
2021-06-22T09:29:39,200.0,3.87,S
2021-06-22T09:29:38,4900.0,3.88,S
2021-06-22T09:29:37,1000.0,3.89,B
2021-06-22T09:29:20,10000.0,3.87,S
2021-06-22T09:29:19,100.0,3.88,S
2021-06-22T09:29:12,300.0,3.9,B
2021-06-22T09:29:11,7500.0,3.9,B
2021-06-22T09:29:07,100.0,3.89,S
2021-06-22T09:29:03,200.0,3.89,S
2021-06-22T09:28:59,1000.0,3.89,S
2021-06-22T09:28:59,500.0,3.89,S
2021-06-22T09:28:48,6000.0,3.9,B
2021-06-22T09:28:46,1500.0,3.9,B
2021-06-22T09:28:43,5000.0,3.9,B
2021-06-22T09:28:36,15000.0,3.9,B
2021-06-22T09:28:32,100.0,3.9,B
2021-06-22T09:28:31,5000.0,3.9,B
2021-06-22T09:28:30,300.0,3.9,B
2021-06-22T09:28:26,100.0,3.9,B
2021-06-22T09:28:23,100.0,3.9,B
2021-06-22T09:28:20,8000.0,3.9,B
2021-06-22T09:28:17,3000.0,3.9,B
2021-06-22T09:28:15,300.0,3.9,B
2021-06-22T09:28:11,500.0,3.9,S
2021-06-22T09:28:11,46000.0,3.9,S
2021-06-22T09:28:11,15500.0,3.9,S
2021-06-22T09:28:11,20700.0,3.9,S
2021-06-22T09:28:10,30500.0,3.9,S
2021-06-22T09:28:10,16700.0,3.9,S
2021-06-22T09:28:10,400.0,3.9,S
2021-06-22T09:28:09,7400.0,3.9,S
2021-06-22T09:28:08,12000.0,3.91,S
2021-06-22T09:28:08,25400.0,3.91,S
2021-06-22T09:28:01,1000.0,3.91,S
2021-06-22T09:27:56,5000.0,3.91,S
2021-06-22T09:27:56,200.0,3.91,S
2021-06-22T09:27:56,20000.0,3.9,S
2021-06-22T09:27:54,1200.0,3.91,S
2021-06-22T09:27:48,1000.0,3.91,S
2021-06-22T09:27:43,1100.0,3.91,S
2021-06-22T09:27:42,200.0,3.91,S
2021-06-22T09:27:41,1000.0,3.91,S
2021-06-22T09:27:39,100.0,3.91,S
2021-06-22T09:27:38,500.0,3.91,S
2021-06-22T09:27:29,3000.0,3.91,S
2021-06-22T09:27:27,5000.0,3.91,S
2021-06-22T09:27:27,5000.0,3.9,S
2021-06-22T09:27:20,3000.0,3.9,S
2021-06-22T09:27:20,7000.0,3.9,S
2021-06-22T09:27:18,200.0,3.91,S
2021-06-22T09:27:01,1000.0,3.91,S
2021-06-22T09:26:59,300.0,3.91,S
2021-06-22T09:26:54,100.0,3.91,S
2021-06-22T09:26:53,2000.0,3.91,S
2021-06-22T09:26:53,300.0,3.91,S
2021-06-22T09:26:51,1300.0,3.91,S
2021-06-22T09:26:49,5000.0,3.92,B
2021-06-22T09:26:48,5700.0,3.91,S
2021-06-22T09:26:48,2100.0,3.91,S
2021-06-22T09:26:47,2300.0,3.91,S
2021-06-22T09:26:45,1000.0,3.91,S
2021-06-22T09:26:44,100.0,3.91,S
2021-06-22T09:26:43,600.0,3.91,S
2021-06-22T09:26:36,900.0,3.91,S
2021-06-22T09:26:29,2000.0,3.91,S
2021-06-22T09:26:28,200.0,3.91,S
2021-06-22T09:26:22,1000.0,3.91,S
2021-06-22T09:26:18,500.0,3.92,B
2021-06-22T09:26:17,500.0,3.92,B
2021-06-22T09:26:10,1500.0,3.91,S
2021-06-22T09:26:05,500.0,3.91,S
2021-06-22T09:26:05,1000.0,3.91,S
2021-06-22T09:26:02,1000.0,3.92,B
2021-06-22T09:26:02,2000.0,3.92,B
2021-06-22T09:26:01,400.0,3.92,B
2021-06-22T09:25:58,100.0,3.92,B
2021-06-22T09:25:53,6000.0,3.92,B
2021-06-22T09:25:50,30700.0,3.92,B
2021-06-22T09:25:49,1000.0,3.92,B
2021-06-22T09:25:44,1000.0,3.93,B
2021-06-22T09:25:44,300.0,3.93,B
2021-06-22T09:25:43,900.0,3.93,B
2021-06-22T09:25:40,6300.0,3.93,B
2021-06-22T09:25:34,100.0,3.93,B
2021-06-22T09:25:29,1000.0,3.93,B
2021-06-22T09:25:23,1000.0,3.93,B
2021-06-22T09:25:21,2000.0,3.93,B
2021-06-22T09:25:21,1000.0,3.93,B
2021-06-22T09:25:21,1000.0,3.93,B
2021-06-22T09:25:19,1500.0,3.94,B
2021-06-22T09:25:14,700.0,3.94,B
2021-06-22T09:25:07,300.0,3.93,B
2021-06-22T09:25:07,3500.0,3.91,S
2021-06-22T09:25:05,1000.0,3.91,S
2021-06-22T09:25:05,800.0,3.93,B
2021-06-22T09:25:04,100.0,3.94,B
2021-06-22T09:25:03,1000.0,3.94,B
2021-06-22T09:25:03,10000.0,3.94,B
2021-06-22T09:25:02,2000.0,3.93,B
2021-06-22T09:25:01,300.0,3.94,B
2021-06-22T09:24:58,3200.0,3.94,B
2021-06-22T09:24:56,600.0,3.93,B
2021-06-22T09:24:56,1700.0,3.93,B
2021-06-22T09:24:54,2000.0,3.93,B
2021-06-22T09:24:52,600.0,3.92,B
2021-06-22T09:24:51,5100.0,3.92,S
2021-06-22T09:24:51,2000.0,3.93,S
2021-06-22T09:24:49,500.0,3.93,S
2021-06-22T09:24:46,7200.0,3.91,S
2021-06-22T09:24:46,600.0,3.91,S
2021-06-22T09:24:46,500.0,3.91,S
2021-06-22T09:24:46,41700.0,3.91,S
2021-06-22T09:24:42,400.0,3.93,S
2021-06-22T09:24:33,6000.0,3.92,S
2021-06-22T09:24:31,1000.0,3.94,B
2021-06-22T09:24:29,16000.0,3.93,S
2021-06-22T09:24:29,700.0,3.93,S
2021-06-22T09:24:29,100.0,3.93,S
2021-06-22T09:24:28,200.0,3.93,S
2021-06-22T09:24:28,3000.0,3.93,S
2021-06-22T09:24:28,500.0,3.92,S
2021-06-22T09:24:17,1300.0,3.93,S
2021-06-22T09:24:16,200.0,3.93,S
2021-06-22T09:24:16,100.0,3.93,S
2021-06-22T09:24:14,200.0,3.93,S
2021-06-22T09:24:13,6500.0,3.93,S
2021-06-22T09:24:12,3800.0,3.93,S
2021-06-22T09:24:12,700.0,3.93,S
2021-06-22T09:24:11,5500.0,3.93,S
2021-06-22T09:24:07,1000.0,3.93,S
2021-06-22T09:24:04,200.0,3.94,B
2021-06-22T09:23:59,100.0,3.93,S
2021-06-22T09:23:59,100.0,3.94,B
2021-06-22T09:23:55,6200.0,3.93,S
2021-06-22T09:23:55,3800.0,3.93,S
2021-06-22T09:23:52,30000.0,3.94,B
2021-06-22T09:23:52,700.0,3.93,S
2021-06-22T09:23:52,5100.0,3.94,B
2021-06-22T09:23:51,50000.0,3.94,B
2021-06-22T09:23:47,100.0,3.94,B
2021-06-22T09:23:46,900.0,3.94,B
2021-06-22T09:23:42,14600.0,3.93,S
2021-06-22T09:23:37,2000.0,3.94,B
2021-06-22T09:23:27,700.0,3.94,B
2021-06-22T09:23:27,400.0,3.94,B
2021-06-22T09:23:16,2000.0,3.94,B
2021-06-22T09:23:14,100.0,3.94,B
2021-06-22T09:23:09,200.0,3.93,S
2021-06-22T09:23:00,100.0,3.93,S
2021-06-22T09:22:56,600.0,3.94,S
2021-06-22T09:22:52,5000.0,3.93,S
2021-06-22T09:22:52,1000.0,3.94,S
2021-06-22T09:22:52,13000.0,3.93,S
2021-06-22T09:22:52,10000.0,3.94,S
2021-06-22T09:22:50,300.0,3.93,S
2021-06-22T09:22:50,100.0,3.94,S
2021-06-22T09:22:37,5000.0,3.93,S
2021-06-22T09:22:37,1000.0,3.94,S
2021-06-22T09:22:30,6200.0,3.94,S
2021-06-22T09:22:27,10000.0,3.94,S
2021-06-22T09:22:26,10000.0,3.93,S
2021-06-22T09:22:20,1000.0,3.94,S
2021-06-22T09:22:20,3200.0,3.93,S
2021-06-22T09:22:19,200.0,3.93,S
2021-06-22T09:22:18,100.0,3.94,S
2021-06-22T09:22:14,500.0,3.94,S
2021-06-22T09:22:11,1000.0,3.93,S
2021-06-22T09:22:09,10000.0,3.94,S
2021-06-22T09:22:08,500.0,3.93,S
2021-06-22T09:22:03,500.0,3.93,S
2021-06-22T09:22:00,5000.0,3.93,S
2021-06-22T09:21:55,100.0,3.94,S
2021-06-22T09:21:54,200.0,3.94,S
2021-06-22T09:21:45,1000.0,3.93,S
2021-06-22T09:21:45,500.0,3.93,S
2021-06-22T09:21:45,500.0,3.93,S
2021-06-22T09:21:42,1000.0,3.95,B
2021-06-22T09:21:40,200.0,3.95,B
2021-06-22T09:21:38,2000.0,3.95,B
2021-06-22T09:21:36,3700.0,3.95,B
2021-06-22T09:21:31,1000.0,3.93,S
2021-06-22T09:21:31,100.0,3.95,B
2021-06-22T09:21:27,500.0,3.93,S
2021-06-22T09:21:27,500.0,3.93,S
2021-06-22T09:21:26,4400.0,3.95,B
2021-06-22T09:21:23,1000.0,3.95,B
2021-06-22T09:21:22,500.0,3.95,B
2021-06-22T09:21:16,20900.0,3.95,B
2021-06-22T09:21:16,100.0,3.95,B
2021-06-22T09:21:16,4400.0,3.95,B
2021-06-22T09:21:13,200.0,3.93,S
2021-06-22T09:21:13,5000.0,3.93,S
2021-06-22T09:20:55,300.0,3.95,B
2021-06-22T09:20:52,1100.0,3.95,B
2021-06-22T09:20:43,2300.0,3.95,B
2021-06-22T09:20:37,500.0,3.95,B
2021-06-22T09:20:35,1500.0,3.95,B
2021-06-22T09:20:32,4500.0,3.95,B
2021-06-22T09:20:32,500.0,3.95,B
2021-06-22T09:20:31,100.0,3.95,B
2021-06-22T09:20:19,300.0,3.95,B
2021-06-22T09:20:17,400.0,3.95,B
2021-06-22T09:20:16,300.0,3.93,S
2021-06-22T09:20:13,400.0,3.95,B
2021-06-22T09:20:11,2000.0,3.95,B
2021-06-22T09:20:08,300.0,3.95,B
2021-06-22T09:20:05,1100.0,3.95,B
2021-06-22T09:20:05,400.0,3.95,B
2021-06-22T09:20:04,500.0,3.95,B
2021-06-22T09:20:01,600.0,3.95,B
2021-06-22T09:19:51,100.0,3.95,B
2021-06-22T09:19:48,2000.0,3.95,B
2021-06-22T09:19:45,2000.0,3.95,B
2021-06-22T09:19:45,500.0,3.95,B
2021-06-22T09:19:44,400.0,3.95,B
2021-06-22T09:19:41,1000.0,3.95,B
2021-06-22T09:19:40,4000.0,3.95,B
2021-06-22T09:19:39,5000.0,3.95,B
2021-06-22T09:19:38,400.0,3.95,B
2021-06-22T09:19:35,1200.0,3.95,B
2021-06-22T09:19:27,100.0,3.95,B
2021-06-22T09:19:24,1000.0,3.95,B
2021-06-22T09:19:23,1600.0,3.95,B
2021-06-22T09:19:23,100.0,3.95,B
2021-06-22T09:19:22,1000.0,3.95,B
2021-06-22T09:19:18,100.0,3.95,B
2021-06-22T09:19:16,2000.0,3.95,B
2021-06-22T09:19:14,3000.0,3.95,S
2021-06-22T09:19:11,200.0,3.95,S
2021-06-22T09:19:08,600.0,3.95,S
2021-06-22T09:19:08,100.0,3.95,S
2021-06-22T09:19:07,17500.0,3.95,S
2021-06-22T09:19:07,200.0,3.95,S
2021-06-22T09:19:06,19200.0,3.95,S
2021-06-22T09:19:06,600.0,3.96,B
2021-06-22T09:19:00,3000.0,3.95,S
2021-06-22T09:18:55,1000.0,3.95,S
2021-06-22T09:18:54,10000.0,3.95,S
2021-06-22T09:18:38,100.0,3.95,S
2021-06-22T09:18:38,1000.0,3.95,S
2021-06-22T09:18:31,200.0,3.95,B
2021-06-22T09:18:25,100.0,3.96,B
2021-06-22T09:18:25,700.0,3.95,B
2021-06-22T09:18:25,1000.0,3.95,B
2021-06-22T09:18:21,300.0,3.95,S
2021-06-22T09:18:20,700.0,3.96,B
2021-06-22T09:18:20,9000.0,3.95,S
2021-06-22T09:18:07,1000.0,3.95,B
2021-06-22T09:18:06,800.0,3.95,B
2021-06-22T09:18:02,6900.0,3.95,B
2021-06-22T09:18:02,1000.0,3.91,S
2021-06-22T09:18:01,2000.0,3.95,B
2021-06-22T09:17:59,15000.0,3.95,B
2021-06-22T09:17:57,300.0,3.91,S
2021-06-22T09:17:28,300.0,3.95,B
2021-06-22T09:17:28,500.0,3.9,S
2021-06-22T09:17:25,300.0,3.9,S
2021-06-22T09:17:22,300.0,3.9,S
2021-06-22T09:17:15,1900.0,3.9,B
2021-06-22T09:17:14,10200.0,3.9,B
2021-06-22T09:17:13,3500.0,3.9,B
2021-06-22T09:17:12,10000.0,3.9,B
2021-06-22T09:17:09,2500.0,3.9,B
2021-06-22T09:17:07,1000.0,3.86,S
2021-06-22T09:17:07,300.0,3.9,B
2021-06-22T09:17:03,500.0,3.9,B
2021-06-22T09:17:00,5600.0,3.9,B
2021-06-22T09:16:51,200.0,3.9,B
2021-06-22T09:16:46,2200.0,3.9,B
2021-06-22T09:16:43,2100.0,3.9,B
2021-06-22T09:16:41,100.0,3.9,B
2021-06-22T09:16:40,12800.0,3.9,B
2021-06-22T09:16:34,100.0,3.9,S
2021-06-22T09:16:33,1000.0,3.86,S
2021-06-22T09:16:30,151500.0,3.9,S
2021-06-22T09:16:30,500.0,3.95,S
2021-06-22T09:16:30,300.0,3.96,B
2021-06-22T09:16:25,100.0,3.95,S
2021-06-22T09:16:20,200.0,3.96,B
2021-06-22T09:16:20,4000.0,3.96,B
2021-06-22T09:16:18,17000.0,3.97,B
2021-06-22T09:16:18,5700.0,3.95,B
2021-06-22T09:16:16,5000.0,3.9,S
2021-06-22T09:16:12,200.0,3.95,B
2021-06-22T09:16:07,500.0,3.95,B
2021-06-22T09:16:05,200.0,3.9,S
2021-06-22T09:15:56,2400.0,3.86,S
2021-06-22T09:15:56,200.0,3.87,S
2021-06-22T09:15:56,2100.0,3.87,S
2021-06-22T09:15:56,1900.0,3.88,S
2021-06-22T09:15:56,1000.0,3.88,S
2021-06-22T09:15:56,300.0,3.88,S
2021-06-22T09:15:56,500.0,3.88,S
2021-06-22T09:15:56,1600.0,3.89,S
2021-06-22T09:15:53,6000.0,3.98,B
2021-06-22T09:15:51,100.0,3.95,S
2021-06-22T09:15:45,1000.0,3.9,S
2021-06-22T09:15:45,10000.0,3.98,B
2021-06-22T09:15:35,4400.0,3.9,S
2021-06-22T09:15:35,3900.0,3.9,S
2021-06-22T09:15:35,5500.0,3.9,S
2021-06-22T09:15:35,100.0,3.9,S
2021-06-22T09:15:35,6100.0,3.92,S
2021-06-22T09:15:24,3000.0,3.98,B
2021-06-22T09:15:23,2000.0,3.95,S
2021-06-22T09:15:20,100.0,3.98,B
2021-06-22T09:15:20,200.0,3.95,S
