tradingTime,volume,price,side
2021-06-22T14:47:27,100.0,12.7,B
2021-06-22T14:46:02,3000.0,12.7,B
2021-06-22T14:31:22,500.0,12.7,B
2021-06-22T14:26:03,200.0,12.7,B
2021-06-22T14:17:41,200.0,12.6,S
2021-06-22T14:17:09,600.0,12.7,B
2021-06-22T14:15:12,2000.0,12.7,S
2021-06-22T14:14:45,4000.0,12.7,S
2021-06-22T14:11:54,9400.0,12.7,S
2021-06-22T14:11:16,10000.0,12.7,B
2021-06-22T14:07:28,200.0,12.7,B
2021-06-22T14:06:03,100.0,12.7,B
2021-06-22T14:05:18,5000.0,12.7,B
2021-06-22T14:02:37,500.0,12.7,B
2021-06-22T13:58:31,2000.0,12.6,S
2021-06-22T13:57:52,500.0,12.7,S
2021-06-22T13:53:19,1100.0,12.7,B
2021-06-22T13:52:40,300.0,12.7,B
2021-06-22T13:50:29,1400.0,12.7,B
2021-06-22T13:45:11,100.0,12.7,B
2021-06-22T13:44:47,8300.0,12.7,B
2021-06-22T13:44:10,300.0,12.7,S
2021-06-22T13:43:23,300.0,12.7,S
2021-06-22T13:42:59,300.0,12.7,S
2021-06-22T13:42:33,300.0,12.7,S
2021-06-22T13:42:04,100.0,12.7,S
2021-06-22T13:40:37,1000.0,12.7,S
2021-06-22T13:39:40,2000.0,12.7,S
2021-06-22T13:36:53,2000.0,12.7,S
2021-06-22T13:34:08,1900.0,12.7,B
2021-06-22T13:33:42,7100.0,12.7,B
2021-06-22T13:33:19,500.0,12.7,S
2021-06-22T13:33:10,9000.0,12.7,S
2021-06-22T13:32:18,2000.0,12.7,S
2021-06-22T13:30:51,400.0,12.7,S
2021-06-22T13:30:37,1000.0,12.7,S
2021-06-22T13:30:19,10000.0,12.7,S
2021-06-22T13:30:09,10000.0,12.7,S
2021-06-22T13:29:46,10000.0,12.7,S
2021-06-22T13:27:42,5000.0,12.7,S
2021-06-22T13:27:05,3700.0,12.7,S
2021-06-22T13:26:35,1000.0,12.7,S
2021-06-22T13:25:07,1000.0,12.7,S
2021-06-22T13:24:17,1000.0,12.7,S
2021-06-22T13:23:47,1000.0,12.7,S
2021-06-22T13:23:04,1000.0,12.8,B
2021-06-22T13:21:39,14000.0,12.7,S
2021-06-22T13:14:24,5000.0,12.7,S
2021-06-22T13:13:37,1900.0,12.7,B
2021-06-22T13:10:02,2300.0,12.7,S
2021-06-22T13:09:26,30000.0,12.7,S
2021-06-22T13:07:37,100.0,12.7,S
2021-06-22T13:02:22,900.0,12.7,S
2021-06-22T13:01:35,1000.0,12.7,S
2021-06-22T13:00:20,400.0,12.7,S
2021-06-22T13:00:18,100.0,12.7,S
2021-06-22T13:00:14,800.0,12.7,S
2021-06-22T13:00:12,1000.0,12.7,S
2021-06-22T13:00:09,800.0,12.7,S
2021-06-22T11:24:29,1800.0,12.7,B
2021-06-22T11:24:12,200.0,12.7,S
2021-06-22T11:22:42,4000.0,12.7,S
2021-06-22T11:21:30,800.0,12.7,B
2021-06-22T11:21:28,5000.0,12.7,B
2021-06-22T11:19:54,4000.0,12.7,B
2021-06-22T11:19:30,5000.0,12.7,B
2021-06-22T11:18:28,2000.0,12.7,B
2021-06-22T11:17:44,5000.0,12.7,B
2021-06-22T11:16:30,10000.0,12.7,B
2021-06-22T11:13:15,400.0,12.7,S
2021-06-22T11:10:47,4000.0,12.7,S
2021-06-22T11:09:44,200.0,12.7,S
2021-06-22T11:07:38,600.0,12.7,S
2021-06-22T11:02:15,10000.0,12.6,S
2021-06-22T11:02:10,1700.0,12.7,S
2021-06-22T11:01:32,1000.0,12.7,B
2021-06-22T11:00:49,1400.0,12.7,S
2021-06-22T11:00:37,700.0,12.8,B
2021-06-22T10:59:58,8000.0,12.7,S
2021-06-22T10:59:04,1100.0,12.7,S
2021-06-22T10:58:36,100.0,12.7,S
2021-06-22T10:55:17,400.0,12.7,S
2021-06-22T10:52:21,8000.0,12.7,S
2021-06-22T10:47:23,2500.0,12.8,B
2021-06-22T10:42:17,1000.0,12.7,S
2021-06-22T10:36:36,300.0,12.7,S
2021-06-22T10:34:52,200.0,12.7,S
2021-06-22T10:32:39,28000.0,12.7,S
2021-06-22T10:31:12,1000.0,12.8,B
2021-06-22T10:31:07,100.0,12.8,B
2021-06-22T10:29:33,500.0,12.8,B
2021-06-22T10:29:15,1000.0,12.7,S
2021-06-22T10:25:34,1000.0,12.7,S
2021-06-22T10:24:00,300.0,12.7,S
2021-06-22T10:23:46,200.0,12.7,S
2021-06-22T10:22:42,2900.0,12.7,S
2021-06-22T10:22:18,300.0,12.7,S
2021-06-22T10:19:56,2000.0,12.7,S
2021-06-22T10:17:45,400.0,12.7,S
2021-06-22T10:16:35,600.0,12.7,S
2021-06-22T10:15:24,5300.0,12.7,S
2021-06-22T10:14:32,1600.0,12.8,B
2021-06-22T10:12:38,2000.0,12.8,B
2021-06-22T10:08:20,200.0,12.8,B
2021-06-22T10:05:35,100.0,12.8,B
2021-06-22T10:05:16,2000.0,12.8,B
2021-06-22T10:04:54,38000.0,12.7,S
2021-06-22T10:04:49,2000.0,12.8,B
2021-06-22T10:04:37,10000.0,12.7,S
2021-06-22T10:04:07,1000.0,12.8,B
2021-06-22T10:03:55,1000.0,12.8,B
2021-06-22T10:03:45,5000.0,12.8,B
2021-06-22T10:03:31,1000.0,12.8,B
2021-06-22T10:03:14,5000.0,12.8,B
2021-06-22T10:03:09,500.0,12.8,B
2021-06-22T10:03:00,1000.0,12.8,B
2021-06-22T10:02:55,3400.0,12.8,B
2021-06-22T10:02:28,600.0,12.8,B
2021-06-22T10:02:09,1600.0,12.8,B
2021-06-22T09:59:40,100.0,12.7,S
2021-06-22T09:57:30,300.0,12.7,S
2021-06-22T09:54:56,200.0,12.7,S
2021-06-22T09:54:12,200.0,12.7,S
2021-06-22T09:53:57,100.0,12.8,B
2021-06-22T09:53:39,500.0,12.8,B
2021-06-22T09:52:44,100.0,12.8,B
2021-06-22T09:52:16,300.0,12.8,B
2021-06-22T09:50:30,1000.0,12.8,B
2021-06-22T09:47:24,5000.0,12.8,B
2021-06-22T09:45:45,300.0,12.8,B
2021-06-22T09:45:24,400.0,12.8,B
2021-06-22T09:41:53,3300.0,12.7,S
2021-06-22T09:41:06,2000.0,12.7,S
2021-06-22T09:40:38,100.0,12.7,S
2021-06-22T09:39:28,100.0,12.7,S
2021-06-22T09:37:46,300.0,12.7,S
2021-06-22T09:36:19,1300.0,12.7,S
2021-06-22T09:35:55,1200.0,12.7,S
2021-06-22T09:35:41,1500.0,12.8,B
2021-06-22T09:33:33,100.0,12.7,S
2021-06-22T09:32:58,100.0,12.7,S
2021-06-22T09:32:42,100.0,12.8,B
2021-06-22T09:31:46,100.0,12.8,B
2021-06-22T09:31:13,30000.0,12.7,S
2021-06-22T09:27:46,1000.0,12.7,S
2021-06-22T09:27:10,600.0,12.7,S
2021-06-22T09:26:33,500.0,12.7,S
2021-06-22T09:24:35,3000.0,12.7,S
2021-06-22T09:23:12,200.0,12.7,S
2021-06-22T09:18:54,1000.0,12.7,S
2021-06-22T09:15:03,400.0,12.7,S
2021-06-22T09:02:17,300.0,12.7,S
2021-06-22T09:00:22,1100.0,12.7,S
2021-06-22T09:00:22,1200.0,12.7,S
2021-06-22T09:00:10,100.0,12.6,B
2021-06-22T09:00:08,100.0,12.7,S
