tradingTime,volume,price,side
2021-06-22T14:30:01,100.0,12.25,S
2021-06-22T14:29:48,500.0,12.3,B
2021-06-22T14:29:20,20000.0,12.25,S
2021-06-22T14:28:41,400.0,12.25,S
2021-06-22T14:28:39,100.0,12.25,S
2021-06-22T14:28:35,4000.0,12.3,B
2021-06-22T14:28:33,1300.0,12.3,B
2021-06-22T14:28:27,5000.0,12.25,S
2021-06-22T14:27:35,10000.0,12.25,B
2021-06-22T14:27:29,5800.0,12.25,B
2021-06-22T14:27:29,23300.0,12.25,B
2021-06-22T14:27:25,5000.0,12.25,B
2021-06-22T14:27:19,100.0,12.25,B
2021-06-22T14:27:19,100.0,12.25,B
2021-06-22T14:27:16,500.0,12.25,B
2021-06-22T14:27:07,1300.0,12.25,B
2021-06-22T14:27:07,400.0,12.2,S
2021-06-22T14:27:07,2100.0,12.2,S
2021-06-22T14:27:07,1000.0,12.2,S
2021-06-22T14:27:07,2500.0,12.2,S
2021-06-22T14:27:05,8000.0,12.2,S
2021-06-22T14:27:04,1000.0,12.25,B
2021-06-22T14:27:03,5000.0,12.25,B
2021-06-22T14:26:58,300.0,12.25,B
2021-06-22T14:26:53,100.0,12.25,B
2021-06-22T14:26:42,1000.0,12.25,B
2021-06-22T14:26:34,3000.0,12.25,B
2021-06-22T14:26:29,1400.0,12.25,B
2021-06-22T14:26:25,300.0,12.2,S
2021-06-22T14:26:23,1000.0,12.2,S
2021-06-22T14:26:21,3300.0,12.2,S
2021-06-22T14:26:15,2000.0,12.25,B
2021-06-22T14:26:05,500.0,12.25,B
2021-06-22T14:25:47,300.0,12.2,S
2021-06-22T14:25:47,2300.0,12.2,S
2021-06-22T14:25:47,2400.0,12.2,S
2021-06-22T14:25:46,500.0,12.25,B
2021-06-22T14:25:25,1000.0,12.25,B
2021-06-22T14:25:21,500.0,12.25,B
2021-06-22T14:25:17,1000.0,12.2,S
2021-06-22T14:25:05,100.0,12.25,B
2021-06-22T14:24:53,600.0,12.2,S
2021-06-22T14:24:43,1900.0,12.2,S
2021-06-22T14:24:42,2200.0,12.25,S
2021-06-22T14:24:38,200.0,12.25,S
2021-06-22T14:24:33,12800.0,12.25,S
2021-06-22T14:24:22,2200.0,12.25,S
2021-06-22T14:24:09,600.0,12.25,B
2021-06-22T14:24:07,1000.0,12.25,B
2021-06-22T14:23:55,1000.0,12.25,B
2021-06-22T14:23:49,300.0,12.25,B
2021-06-22T14:23:42,100.0,12.25,B
2021-06-22T14:23:42,100.0,12.25,B
2021-06-22T14:23:18,1000.0,12.25,S
2021-06-22T14:23:14,2900.0,12.25,S
2021-06-22T14:23:08,1000.0,12.25,S
2021-06-22T14:23:05,300.0,12.25,S
2021-06-22T14:23:02,200.0,12.25,S
2021-06-22T14:22:59,25000.0,12.25,S
2021-06-22T14:22:55,2800.0,12.25,S
2021-06-22T14:22:55,2200.0,12.25,S
2021-06-22T14:22:51,1000.0,12.3,B
2021-06-22T14:22:38,1000.0,12.25,S
2021-06-22T14:22:10,1700.0,12.3,B
2021-06-22T14:21:51,100.0,12.25,S
2021-06-22T14:21:51,900.0,12.25,S
2021-06-22T14:21:45,1800.0,12.25,S
2021-06-22T14:21:38,600.0,12.25,S
2021-06-22T14:21:28,5100.0,12.25,S
2021-06-22T14:20:59,300.0,12.25,S
2021-06-22T14:20:59,2700.0,12.25,S
2021-06-22T14:20:59,2000.0,12.25,S
2021-06-22T14:20:58,7000.0,12.25,S
2021-06-22T14:20:33,11300.0,12.25,S
2021-06-22T14:20:33,600.0,12.25,S
2021-06-22T14:20:33,18100.0,12.25,S
2021-06-22T14:20:30,5000.0,12.25,S
2021-06-22T14:20:21,500.0,12.3,B
2021-06-22T14:20:16,1000.0,12.25,S
2021-06-22T14:19:58,30000.0,12.25,S
2021-06-22T14:19:51,3900.0,12.25,S
2021-06-22T14:19:51,700.0,12.25,S
2021-06-22T14:19:51,100.0,12.25,S
2021-06-22T14:19:51,4000.0,12.25,S
2021-06-22T14:19:51,1300.0,12.25,S
2021-06-22T14:19:51,1300.0,12.25,S
2021-06-22T14:19:45,5000.0,12.25,S
2021-06-22T14:19:20,2000.0,12.3,B
2021-06-22T14:19:20,700.0,12.25,S
2021-06-22T14:19:13,10000.0,12.3,B
2021-06-22T14:19:03,500.0,12.25,S
2021-06-22T14:18:47,2000.0,12.25,S
2021-06-22T14:18:39,100.0,12.3,B
2021-06-22T14:18:31,1000.0,12.25,S
2021-06-22T14:18:16,500.0,12.3,B
2021-06-22T14:17:59,300.0,12.3,B
2021-06-22T14:17:47,4000.0,12.25,S
2021-06-22T14:17:35,5000.0,12.25,S
2021-06-22T14:17:27,1900.0,12.3,B
2021-06-22T14:17:25,200.0,12.3,B
2021-06-22T14:17:20,100.0,12.3,B
2021-06-22T14:16:51,500.0,12.3,B
2021-06-22T14:16:50,5500.0,12.3,B
2021-06-22T14:16:39,1900.0,12.25,S
2021-06-22T14:16:39,100.0,12.25,S
2021-06-22T14:16:21,2000.0,12.3,S
2021-06-22T14:16:20,1900.0,12.3,S
2021-06-22T14:16:20,100.0,12.3,S
2021-06-22T14:16:20,10600.0,12.3,S
2021-06-22T14:16:10,600.0,12.3,S
2021-06-22T14:16:10,3500.0,12.3,S
2021-06-22T14:16:10,400.0,12.3,S
2021-06-22T14:16:10,1600.0,12.3,S
2021-06-22T14:16:10,2200.0,12.3,S
2021-06-22T14:16:10,200.0,12.3,S
2021-06-22T14:16:10,1100.0,12.3,S
2021-06-22T14:16:10,500.0,12.3,S
2021-06-22T14:16:10,6000.0,12.3,S
2021-06-22T14:16:10,2300.0,12.3,S
2021-06-22T14:16:10,3100.0,12.3,S
2021-06-22T14:16:10,3100.0,12.3,S
2021-06-22T14:16:10,600.0,12.3,S
2021-06-22T14:16:10,1500.0,12.3,S
2021-06-22T14:16:10,800.0,12.3,S
2021-06-22T14:16:10,2000.0,12.3,S
2021-06-22T14:16:10,1000.0,12.3,S
2021-06-22T14:16:10,3300.0,12.3,S
2021-06-22T14:16:10,2100.0,12.3,S
2021-06-22T14:16:10,2100.0,12.3,S
2021-06-22T14:16:09,5100.0,12.3,S
2021-06-22T14:16:09,4500.0,12.3,S
2021-06-22T14:16:09,4400.0,12.3,S
2021-06-22T14:16:09,2000.0,12.3,S
2021-06-22T14:16:09,200.0,12.3,S
2021-06-22T14:16:09,1300.0,12.3,S
2021-06-22T14:16:09,5600.0,12.3,S
2021-06-22T14:16:09,1100.0,12.3,S
2021-06-22T14:16:09,200.0,12.3,S
2021-06-22T14:16:09,2000.0,12.3,S
2021-06-22T14:16:09,15600.0,12.3,S
2021-06-22T14:16:05,5000.0,12.3,S
2021-06-22T14:15:40,5000.0,12.3,S
2021-06-22T14:15:27,2000.0,12.3,S
2021-06-22T14:15:14,400.0,12.3,S
2021-06-22T14:15:13,1400.0,12.35,B
2021-06-22T14:14:42,1500.0,12.3,S
2021-06-22T14:14:21,2000.0,12.3,S
2021-06-22T14:14:15,10000.0,12.3,S
2021-06-22T14:14:07,200.0,12.35,B
2021-06-22T14:13:48,3000.0,12.3,S
2021-06-22T14:13:39,200.0,12.3,S
2021-06-22T14:13:39,100.0,12.3,S
2021-06-22T14:13:18,1000.0,12.3,S
2021-06-22T14:12:44,100.0,12.3,S
2021-06-22T14:12:41,4000.0,12.35,B
2021-06-22T14:12:34,5000.0,12.3,S
2021-06-22T14:11:42,1300.0,12.35,B
2021-06-22T14:11:40,1000.0,12.35,B
2021-06-22T14:11:26,1000.0,12.35,B
2021-06-22T14:11:01,100.0,12.3,S
2021-06-22T14:11:01,800.0,12.35,S
2021-06-22T14:10:47,1000.0,12.35,S
2021-06-22T14:10:15,200.0,12.35,S
2021-06-22T14:10:01,2700.0,12.35,S
2021-06-22T14:10:01,1100.0,12.35,S
2021-06-22T14:10:01,16200.0,12.35,S
2021-06-22T14:09:58,1000.0,12.35,S
2021-06-22T14:09:56,1000.0,12.35,S
2021-06-22T14:09:50,11600.0,12.35,S
2021-06-22T14:09:31,3000.0,12.35,S
2021-06-22T14:09:29,2000.0,12.35,S
2021-06-22T14:09:27,1000.0,12.35,S
2021-06-22T14:08:54,100.0,12.35,S
2021-06-22T14:08:19,2000.0,12.35,S
2021-06-22T14:07:34,1000.0,12.35,S
2021-06-22T14:07:04,300.0,12.35,S
2021-06-22T14:07:00,1000.0,12.35,S
2021-06-22T14:06:40,5000.0,12.35,S
2021-06-22T14:06:33,5100.0,12.35,S
2021-06-22T14:06:32,100.0,12.35,S
2021-06-22T14:06:22,7300.0,12.3,S
2021-06-22T14:06:22,600.0,12.35,S
2021-06-22T14:06:21,4100.0,12.35,S
2021-06-22T14:06:19,5000.0,12.35,S
2021-06-22T14:06:04,900.0,12.35,S
2021-06-22T14:05:57,2500.0,12.35,S
2021-06-22T14:05:53,20000.0,12.35,S
2021-06-22T14:05:36,6600.0,12.35,S
2021-06-22T14:05:29,1000.0,12.35,B
2021-06-22T14:05:29,1200.0,12.35,B
2021-06-22T14:05:29,31900.0,12.35,B
2021-06-22T14:05:15,2000.0,12.35,B
2021-06-22T14:05:06,300.0,12.35,B
2021-06-22T14:05:04,18000.0,12.35,B
2021-06-22T14:05:02,5000.0,12.35,B
2021-06-22T14:04:42,400.0,12.35,B
2021-06-22T14:04:26,100.0,12.35,B
2021-06-22T14:04:21,200.0,12.35,B
2021-06-22T14:04:11,700.0,12.35,B
2021-06-22T14:04:07,800.0,12.3,S
2021-06-22T14:04:06,200.0,12.3,S
2021-06-22T14:04:01,10000.0,12.3,S
2021-06-22T14:03:50,7000.0,12.3,S
2021-06-22T14:03:48,30000.0,12.35,B
2021-06-22T14:03:28,2000.0,12.3,S
2021-06-22T14:03:27,5000.0,12.35,B
2021-06-22T14:03:22,3500.0,12.35,B
2021-06-22T14:03:19,1000.0,12.35,B
2021-06-22T14:03:10,100.0,12.3,S
2021-06-22T14:03:06,1000.0,12.35,B
2021-06-22T14:03:01,500.0,12.3,S
2021-06-22T14:02:47,2000.0,12.3,S
2021-06-22T14:02:44,10000.0,12.3,S
2021-06-22T14:01:58,5000.0,12.3,S
2021-06-22T14:01:55,500.0,12.3,S
2021-06-22T14:01:28,500.0,12.3,S
2021-06-22T14:01:26,3000.0,12.3,S
2021-06-22T14:01:18,2000.0,12.3,S
2021-06-22T14:01:04,5000.0,12.3,S
2021-06-22T14:00:37,10000.0,12.3,S
2021-06-22T14:00:23,1000.0,12.35,B
2021-06-22T14:00:18,800.0,12.3,S
2021-06-22T14:00:17,200.0,12.3,S
2021-06-22T14:00:03,100.0,12.35,B
2021-06-22T13:59:13,100.0,12.35,S
2021-06-22T13:59:09,1200.0,12.35,S
2021-06-22T13:59:09,1100.0,12.35,S
2021-06-22T13:59:09,8900.0,12.35,S
2021-06-22T13:59:05,3000.0,12.35,S
2021-06-22T13:58:56,4200.0,12.35,S
2021-06-22T13:58:56,1500.0,12.35,S
2021-06-22T13:58:56,4400.0,12.35,S
2021-06-22T13:58:56,3700.0,12.35,S
2021-06-22T13:58:56,4800.0,12.35,S
2021-06-22T13:58:56,3000.0,12.35,S
2021-06-22T13:58:55,1200.0,12.35,S
2021-06-22T13:58:55,7200.0,12.35,S
2021-06-22T13:58:54,500.0,12.35,S
2021-06-22T13:58:53,4000.0,12.35,S
2021-06-22T13:58:47,500.0,12.35,S
2021-06-22T13:58:46,400.0,12.35,S
2021-06-22T13:58:46,4600.0,12.35,S
2021-06-22T13:58:44,1900.0,12.35,S
2021-06-22T13:58:44,6800.0,12.35,S
2021-06-22T13:58:44,500.0,12.35,S
2021-06-22T13:58:44,20800.0,12.35,S
2021-06-22T13:58:31,30000.0,12.35,S
2021-06-22T13:58:07,500.0,12.35,S
2021-06-22T13:57:50,1000.0,12.4,B
2021-06-22T13:57:21,1000.0,12.4,B
2021-06-22T13:56:52,200.0,12.4,B
2021-06-22T13:56:12,300.0,12.4,B
2021-06-22T13:56:06,500.0,12.35,S
2021-06-22T13:55:58,800.0,12.35,S
2021-06-22T13:55:43,200.0,12.35,S
2021-06-22T13:55:00,300.0,12.4,B
2021-06-22T13:54:13,200.0,12.35,S
2021-06-22T13:53:37,1000.0,12.4,B
2021-06-22T13:53:30,500.0,12.4,S
2021-06-22T13:53:28,2700.0,12.4,S
2021-06-22T13:53:21,300.0,12.4,S
2021-06-22T13:53:14,2000.0,12.4,B
2021-06-22T13:52:58,4000.0,12.4,S
2021-06-22T13:52:46,3000.0,12.4,S
2021-06-22T13:52:46,1000.0,12.4,S
2021-06-22T13:52:45,100.0,12.4,S
2021-06-22T13:52:44,200.0,12.4,S
2021-06-22T13:52:32,100.0,12.4,S
2021-06-22T13:52:14,1100.0,12.4,B
2021-06-22T13:52:14,200.0,12.4,B
2021-06-22T13:52:04,2000.0,12.4,B
2021-06-22T13:51:41,800.0,12.4,B
2021-06-22T13:51:21,2400.0,12.4,B
2021-06-22T13:50:55,400.0,12.4,S
2021-06-22T13:50:47,600.0,12.4,S
2021-06-22T13:50:47,2400.0,12.4,S
2021-06-22T13:50:11,5300.0,12.4,S
2021-06-22T13:50:11,500.0,12.4,S
2021-06-22T13:50:11,1100.0,12.4,S
2021-06-22T13:50:11,1000.0,12.4,S
2021-06-22T13:50:11,1400.0,12.4,S
2021-06-22T13:50:11,20700.0,12.4,S
2021-06-22T13:49:36,10000.0,12.4,S
2021-06-22T13:49:21,100.0,12.4,S
2021-06-22T13:48:46,500.0,12.4,S
2021-06-22T13:48:26,100.0,12.4,S
2021-06-22T13:48:25,1000.0,12.4,S
2021-06-22T13:48:21,600.0,12.4,S
2021-06-22T13:48:11,5000.0,12.4,S
2021-06-22T13:47:18,1000.0,12.4,S
2021-06-22T13:47:17,100.0,12.4,S
2021-06-22T13:47:14,20000.0,12.4,S
2021-06-22T13:46:50,800.0,12.4,S
2021-06-22T13:46:31,500.0,12.4,S
2021-06-22T13:46:21,1500.0,12.4,S
2021-06-22T13:46:02,300.0,12.4,S
2021-06-22T13:45:56,5000.0,12.4,S
2021-06-22T13:45:40,1000.0,12.4,S
2021-06-22T13:45:27,10000.0,12.4,S
2021-06-22T13:45:09,100.0,12.4,S
2021-06-22T13:44:13,15300.0,12.4,B
2021-06-22T13:43:49,2000.0,12.4,B
2021-06-22T13:43:44,200.0,12.4,B
2021-06-22T13:43:43,900.0,12.4,B
2021-06-22T13:43:41,300.0,12.4,B
2021-06-22T13:43:35,300.0,12.4,B
2021-06-22T13:43:15,500.0,12.4,B
2021-06-22T13:42:51,600.0,12.4,S
2021-06-22T13:42:36,10000.0,12.4,S
2021-06-22T13:42:30,900.0,12.4,S
2021-06-22T13:42:23,2000.0,12.4,S
2021-06-22T13:42:17,500.0,12.4,S
2021-06-22T13:42:08,2100.0,12.4,B
2021-06-22T13:42:03,100.0,12.4,B
2021-06-22T13:41:47,300.0,12.4,B
2021-06-22T13:41:47,7100.0,12.4,B
2021-06-22T13:41:45,500.0,12.4,B
2021-06-22T13:41:41,1100.0,12.4,B
2021-06-22T13:41:34,300.0,12.4,B
2021-06-22T13:41:28,3200.0,12.4,B
2021-06-22T13:41:24,400.0,12.4,B
2021-06-22T13:41:05,6000.0,12.4,B
2021-06-22T13:40:50,2000.0,12.4,S
2021-06-22T13:40:50,500.0,12.4,S
2021-06-22T13:40:40,200.0,12.4,S
2021-06-22T13:40:34,800.0,12.4,S
2021-06-22T13:40:30,1000.0,12.4,S
2021-06-22T13:40:29,500.0,12.4,S
2021-06-22T13:40:24,7700.0,12.4,S
2021-06-22T13:40:14,800.0,12.4,B
2021-06-22T13:40:06,300.0,12.4,B
2021-06-22T13:40:00,1000.0,12.4,B
2021-06-22T13:39:41,3600.0,12.4,B
2021-06-22T13:39:41,10400.0,12.4,B
2021-06-22T13:39:25,500.0,12.4,B
2021-06-22T13:39:18,200.0,12.4,B
2021-06-22T13:39:14,1000.0,12.4,B
2021-06-22T13:39:05,300.0,12.4,B
2021-06-22T13:39:01,100.0,12.4,B
2021-06-22T13:38:53,2000.0,12.4,B
2021-06-22T13:38:38,2000.0,12.4,B
2021-06-22T13:38:16,1600.0,12.4,S
2021-06-22T13:38:14,200.0,12.4,S
2021-06-22T13:38:06,1000.0,12.4,S
2021-06-22T13:37:47,1000.0,12.4,S
2021-06-22T13:37:44,2800.0,12.4,S
2021-06-22T13:37:42,3200.0,12.4,S
2021-06-22T13:37:41,400.0,12.4,S
2021-06-22T13:37:36,300.0,12.4,S
2021-06-22T13:37:36,500.0,12.4,S
2021-06-22T13:37:26,100.0,12.4,S
2021-06-22T13:37:19,1000.0,12.4,B
2021-06-22T13:37:10,1100.0,12.4,B
2021-06-22T13:37:08,2300.0,12.4,B
2021-06-22T13:37:07,200.0,12.4,B
2021-06-22T13:37:06,5000.0,12.4,B
2021-06-22T13:36:37,1400.0,12.4,B
2021-06-22T13:36:37,14000.0,12.4,B
2021-06-22T13:36:37,800.0,12.4,B
2021-06-22T13:36:37,3800.0,12.4,B
2021-06-22T13:36:15,20000.0,12.4,B
2021-06-22T13:35:58,200.0,12.4,B
2021-06-22T13:35:39,700.0,12.35,S
2021-06-22T13:35:28,13000.0,12.35,S
2021-06-22T13:35:19,1100.0,12.35,S
2021-06-22T13:35:14,100.0,12.4,B
2021-06-22T13:35:01,200.0,12.35,S
2021-06-22T13:34:42,3700.0,12.35,S
2021-06-22T13:34:42,23300.0,12.35,S
2021-06-22T13:34:42,2400.0,12.35,S
2021-06-22T13:34:37,400.0,12.35,S
2021-06-22T13:34:35,300.0,12.35,S
2021-06-22T13:34:15,1200.0,12.35,S
2021-06-22T13:33:19,400.0,12.35,S
2021-06-22T13:33:19,1200.0,12.35,S
2021-06-22T13:33:15,500.0,12.35,S
2021-06-22T13:33:03,1000.0,12.4,B
2021-06-22T13:33:03,100.0,12.35,S
2021-06-22T13:33:02,1000.0,12.35,S
2021-06-22T13:32:40,3000.0,12.4,B
2021-06-22T13:32:38,2000.0,12.35,S
2021-06-22T13:32:33,1000.0,12.4,B
2021-06-22T13:32:11,3000.0,12.35,S
2021-06-22T13:31:59,1900.0,12.35,S
2021-06-22T13:31:59,2000.0,12.35,S
2021-06-22T13:31:52,300.0,12.35,S
2021-06-22T13:31:44,300.0,12.35,S
2021-06-22T13:31:44,1000.0,12.35,S
2021-06-22T13:31:44,8800.0,12.35,S
2021-06-22T13:31:44,32000.0,12.35,S
2021-06-22T13:31:44,9100.0,12.35,S
2021-06-22T13:31:44,2400.0,12.35,S
2021-06-22T13:31:44,11600.0,12.35,S
2021-06-22T13:31:44,3300.0,12.35,S
2021-06-22T13:31:44,2100.0,12.35,S
2021-06-22T13:31:42,1000.0,12.35,S
2021-06-22T13:31:35,1400.0,12.35,S
2021-06-22T13:31:26,500.0,12.35,S
2021-06-22T13:31:21,3100.0,12.35,S
2021-06-22T13:31:21,2800.0,12.35,S
2021-06-22T13:31:21,1700.0,12.35,S
2021-06-22T13:31:17,1100.0,12.35,S
2021-06-22T13:31:17,1900.0,12.35,S
2021-06-22T13:31:10,400.0,12.35,S
2021-06-22T13:30:58,100.0,12.35,S
2021-06-22T13:30:48,100.0,12.4,B
2021-06-22T13:30:41,3000.0,12.4,B
2021-06-22T13:30:37,500.0,12.4,B
2021-06-22T13:30:26,5000.0,12.35,S
2021-06-22T13:30:13,30000.0,12.4,B
2021-06-22T13:30:13,600.0,12.4,B
2021-06-22T13:30:06,1200.0,12.4,B
2021-06-22T13:29:24,500.0,12.4,B
2021-06-22T13:28:57,500.0,12.4,S
2021-06-22T13:28:40,10300.0,12.4,S
2021-06-22T13:28:38,5000.0,12.4,S
2021-06-22T13:28:32,1300.0,12.4,S
2021-06-22T13:28:32,4600.0,12.4,S
2021-06-22T13:28:08,2000.0,12.4,S
2021-06-22T13:28:08,10000.0,12.4,S
2021-06-22T13:28:00,500.0,12.4,S
2021-06-22T13:27:51,2000.0,12.4,S
2021-06-22T13:27:32,200.0,12.4,S
2021-06-22T13:27:00,100.0,12.4,S
2021-06-22T13:26:28,1200.0,12.4,S
2021-06-22T13:26:28,1000.0,12.4,S
2021-06-22T13:26:28,5300.0,12.4,S
2021-06-22T13:26:27,14500.0,12.4,S
2021-06-22T13:26:01,5100.0,12.4,S
2021-06-22T13:25:54,3000.0,12.4,S
2021-06-22T13:25:39,20000.0,12.4,S
2021-06-22T13:25:34,500.0,12.4,S
2021-06-22T13:25:26,2000.0,12.4,S
2021-06-22T13:25:24,5000.0,12.4,S
2021-06-22T13:25:10,500.0,12.4,S
2021-06-22T13:25:09,500.0,12.4,S
2021-06-22T13:25:04,500.0,12.4,S
2021-06-22T13:25:04,2200.0,12.4,S
2021-06-22T13:25:02,10800.0,12.4,S
2021-06-22T13:24:57,15000.0,12.4,S
2021-06-22T13:24:57,6100.0,12.4,S
2021-06-22T13:24:57,1100.0,12.4,S
2021-06-22T13:24:57,1000.0,12.4,S
2021-06-22T13:24:57,6800.0,12.4,S
2021-06-22T13:24:40,4100.0,12.4,S
2021-06-22T13:24:40,4900.0,12.4,S
2021-06-22T13:24:29,1200.0,12.4,S
2021-06-22T13:24:18,4000.0,12.4,S
2021-06-22T13:24:14,2900.0,12.4,S
2021-06-22T13:24:14,3100.0,12.4,S
2021-06-22T13:24:14,200.0,12.4,S
2021-06-22T13:24:14,3700.0,12.4,S
2021-06-22T13:24:14,25100.0,12.4,S
2021-06-22T13:23:57,116600.0,12.4,S
2021-06-22T13:23:57,1200.0,12.4,S
2021-06-22T13:23:57,8300.0,12.4,S
2021-06-22T13:23:57,2200.0,12.4,S
2021-06-22T13:23:57,100.0,12.4,S
2021-06-22T13:23:56,4300.0,12.4,S
2021-06-22T13:23:56,9700.0,12.4,S
2021-06-22T13:23:56,6200.0,12.4,S
2021-06-22T13:23:56,500.0,12.4,S
2021-06-22T13:23:56,100.0,12.4,S
2021-06-22T13:23:56,2500.0,12.4,S
2021-06-22T13:23:56,12900.0,12.4,S
2021-06-22T13:23:56,3100.0,12.4,S
2021-06-22T13:23:56,5400.0,12.4,S
2021-06-22T13:23:56,500.0,12.4,S
2021-06-22T13:23:55,300.0,12.4,S
2021-06-22T13:23:53,3000.0,12.4,S
2021-06-22T13:23:02,300.0,12.4,S
2021-06-22T13:22:59,100.0,12.4,S
2021-06-22T13:22:51,600.0,12.4,S
2021-06-22T13:22:42,50000.0,12.45,B
2021-06-22T13:22:23,100.0,12.4,S
2021-06-22T13:22:22,1000.0,12.45,B
2021-06-22T13:21:45,1600.0,12.4,S
2021-06-22T13:21:45,300.0,12.4,S
2021-06-22T13:21:10,200.0,12.4,S
2021-06-22T13:21:03,200.0,12.45,B
2021-06-22T13:21:01,200.0,12.4,S
2021-06-22T13:20:43,300.0,12.4,S
2021-06-22T13:20:43,1000.0,12.4,S
2021-06-22T13:20:43,1400.0,12.4,S
2021-06-22T13:20:43,800.0,12.4,S
2021-06-22T13:20:43,9400.0,12.4,S
2021-06-22T13:20:43,2300.0,12.4,S
2021-06-22T13:20:43,1000.0,12.4,S
2021-06-22T13:20:43,3800.0,12.4,S
2021-06-22T13:20:38,1000.0,12.45,B
2021-06-22T13:20:04,500.0,12.45,B
2021-06-22T13:19:55,500.0,12.45,B
2021-06-22T13:19:46,1000.0,12.45,B
2021-06-22T13:19:03,500.0,12.45,B
2021-06-22T13:19:00,1000.0,12.45,B
2021-06-22T13:18:40,200.0,12.45,B
2021-06-22T13:18:30,500.0,12.45,B
2021-06-22T13:18:25,100.0,12.45,B
2021-06-22T13:17:56,500.0,12.45,S
2021-06-22T13:17:56,2200.0,12.45,S
2021-06-22T13:17:56,10100.0,12.45,S
2021-06-22T13:17:30,10000.0,12.45,S
2021-06-22T13:17:18,1000.0,12.5,B
2021-06-22T13:16:08,400.0,12.5,B
2021-06-22T13:15:42,16000.0,12.45,S
2021-06-22T13:15:42,44000.0,12.45,S
2021-06-22T13:15:36,1000.0,12.5,B
2021-06-22T13:14:03,1000.0,12.5,B
2021-06-22T13:13:37,100.0,12.5,B
2021-06-22T13:13:15,200.0,12.5,B
2021-06-22T13:13:10,1000.0,12.5,B
2021-06-22T13:13:03,5000.0,12.45,S
2021-06-22T13:12:54,500.0,12.5,B
2021-06-22T13:12:32,100.0,12.5,B
2021-06-22T13:12:25,2000.0,12.5,B
2021-06-22T13:12:19,100.0,12.5,B
2021-06-22T13:12:10,500.0,12.5,B
2021-06-22T13:11:51,2000.0,12.5,B
2021-06-22T13:11:51,300.0,12.5,B
2021-06-22T13:11:50,18300.0,12.45,S
2021-06-22T13:11:50,2200.0,12.45,S
2021-06-22T13:11:50,400.0,12.45,S
2021-06-22T13:11:50,4700.0,12.45,S
2021-06-22T13:11:50,58800.0,12.45,S
2021-06-22T13:11:50,3200.0,12.45,S
2021-06-22T13:11:50,12400.0,12.45,S
2021-06-22T13:11:50,1600.0,12.5,B
2021-06-22T13:11:45,100.0,12.5,B
2021-06-22T13:11:36,100.0,12.5,B
2021-06-22T13:11:24,100.0,12.5,B
2021-06-22T13:11:09,1000.0,12.5,B
2021-06-22T13:10:55,1000.0,12.5,S
2021-06-22T13:10:45,2000.0,12.5,S
2021-06-22T13:10:43,10900.0,12.5,S
2021-06-22T13:10:15,500.0,12.5,B
2021-06-22T13:10:14,4100.0,12.5,B
2021-06-22T13:10:00,1000.0,12.5,B
2021-06-22T13:09:49,7000.0,12.5,B
2021-06-22T13:09:47,1000.0,12.5,B
2021-06-22T13:08:45,200.0,12.5,B
2021-06-22T13:08:43,200.0,12.5,B
2021-06-22T13:08:26,10000.0,12.5,B
2021-06-22T13:08:23,500.0,12.5,B
2021-06-22T13:08:06,10000.0,12.5,B
2021-06-22T13:07:42,200.0,12.5,B
2021-06-22T13:07:31,100.0,12.45,S
2021-06-22T13:07:08,3000.0,12.45,S
2021-06-22T13:06:59,20000.0,12.5,B
2021-06-22T13:06:16,400.0,12.5,B
2021-06-22T13:06:12,1000.0,12.5,B
2021-06-22T13:06:06,100.0,12.45,S
2021-06-22T13:03:39,1000.0,12.5,B
2021-06-22T13:03:21,100.0,12.5,B
2021-06-22T13:02:15,100.0,12.5,B
2021-06-22T13:02:11,100.0,12.5,B
2021-06-22T13:02:02,1000.0,12.5,B
2021-06-22T13:00:54,500.0,12.45,S
2021-06-22T13:00:47,4600.0,12.45,S
2021-06-22T13:00:47,47400.0,12.45,S
2021-06-22T13:00:29,2300.0,12.5,B
2021-06-22T13:00:29,8200.0,12.5,B
2021-06-22T13:00:29,2000.0,12.5,B
2021-06-22T13:00:29,5200.0,12.5,B
2021-06-22T13:00:29,3500.0,12.5,B
2021-06-22T13:00:28,6200.0,12.5,B
2021-06-22T13:00:18,5000.0,12.45,S
2021-06-22T13:00:14,100.0,12.45,S
2021-06-22T13:00:14,1200.0,12.5,B
2021-06-22T13:00:14,800.0,12.5,B
2021-06-22T13:00:14,700.0,12.5,B
2021-06-22T13:00:14,1000.0,12.45,S
2021-06-22T13:00:14,500.0,12.45,S
2021-06-22T13:00:12,10000.0,12.5,B
2021-06-22T13:00:08,1000.0,12.45,S
2021-06-22T13:00:08,200.0,12.5,B
2021-06-22T13:00:06,1000.0,12.45,S
2021-06-22T11:29:05,500.0,12.45,S
2021-06-22T11:28:38,40800.0,12.45,S
2021-06-22T11:28:38,25500.0,12.45,S
2021-06-22T11:28:38,1500.0,12.45,S
2021-06-22T11:28:37,32200.0,12.45,S
2021-06-22T11:27:07,200.0,12.45,S
2021-06-22T11:26:20,200.0,12.45,S
2021-06-22T11:25:55,60000.0,12.45,S
2021-06-22T11:24:32,500.0,12.45,S
2021-06-22T11:23:49,5600.0,12.45,S
2021-06-22T11:23:49,13100.0,12.45,S
2021-06-22T11:23:48,8200.0,12.45,S
2021-06-22T11:23:48,3100.0,12.45,S
2021-06-22T11:23:26,1000.0,12.45,S
2021-06-22T11:23:20,200.0,12.45,S
2021-06-22T11:23:11,600.0,12.45,S
2021-06-22T11:22:54,700.0,12.45,S
2021-06-22T11:22:27,100.0,12.45,S
2021-06-22T11:20:31,100.0,12.45,S
2021-06-22T11:20:14,2000.0,12.45,S
2021-06-22T11:19:50,2200.0,12.45,S
2021-06-22T11:19:50,1800.0,12.45,S
2021-06-22T11:19:36,2000.0,12.5,B
2021-06-22T11:18:51,100.0,12.5,B
2021-06-22T11:18:19,1000.0,12.45,S
2021-06-22T11:17:28,200000.0,12.45,S
2021-06-22T11:16:35,10000.0,12.5,B
2021-06-22T11:16:23,10000.0,12.5,B
2021-06-22T11:15:44,200.0,12.45,S
2021-06-22T11:15:44,500.0,12.5,B
2021-06-22T11:15:38,7800.0,12.5,B
2021-06-22T11:15:27,1000.0,12.45,S
2021-06-22T11:15:25,5000.0,12.5,B
2021-06-22T11:15:20,500.0,12.45,S
2021-06-22T11:15:14,1000.0,12.45,S
2021-06-22T11:14:20,2000.0,12.45,S
2021-06-22T11:14:18,50000.0,12.45,S
2021-06-22T11:14:18,500.0,12.45,S
2021-06-22T11:14:14,2000.0,12.45,S
2021-06-22T11:14:07,100.0,12.45,S
2021-06-22T11:13:58,1000.0,12.45,S
2021-06-22T11:13:42,30000.0,12.45,S
2021-06-22T11:12:42,12000.0,12.45,S
2021-06-22T11:12:30,2000.0,12.45,S
2021-06-22T11:12:27,16500.0,12.45,S
2021-06-22T11:12:27,3500.0,12.45,S
2021-06-22T11:11:38,100.0,12.45,S
2021-06-22T11:11:18,500.0,12.45,S
2021-06-22T11:11:18,2500.0,12.45,S
2021-06-22T11:11:18,1000.0,12.45,S
2021-06-22T11:11:12,100.0,12.5,B
2021-06-22T11:10:10,1000.0,12.45,S
2021-06-22T11:09:59,200.0,12.45,S
2021-06-22T11:09:43,20000.0,12.45,S
2021-06-22T11:09:27,2000.0,12.45,S
2021-06-22T11:09:20,100.0,12.45,S
2021-06-22T11:08:56,100.0,12.45,S
2021-06-22T11:08:25,5000.0,12.5,B
2021-06-22T11:08:13,100.0,12.45,S
2021-06-22T11:07:38,700.0,12.5,B
2021-06-22T11:07:37,100.0,12.45,S
2021-06-22T11:07:36,800.0,12.45,S
2021-06-22T11:07:07,2000.0,12.5,B
2021-06-22T11:07:04,10000.0,12.45,S
2021-06-22T11:06:42,500.0,12.45,S
2021-06-22T11:06:32,900.0,12.5,B
2021-06-22T11:06:11,1000.0,12.5,B
2021-06-22T11:05:58,500.0,12.5,B
2021-06-22T11:05:44,200.0,12.5,B
2021-06-22T11:05:32,1400.0,12.45,S
2021-06-22T11:05:19,20000.0,12.45,S
2021-06-22T11:04:38,700.0,12.5,B
2021-06-22T11:04:20,100.0,12.5,B
2021-06-22T11:02:55,700.0,12.5,B
2021-06-22T11:02:51,100.0,12.5,B
2021-06-22T11:02:50,22500.0,12.45,S
2021-06-22T11:02:50,2000.0,12.45,S
2021-06-22T11:02:50,2500.0,12.45,S
2021-06-22T11:02:50,200.0,12.45,S
2021-06-22T11:02:49,12800.0,12.45,S
2021-06-22T11:02:01,1100.0,12.5,B
2021-06-22T11:01:48,30000.0,12.45,S
2021-06-22T11:01:23,1000.0,12.5,B
2021-06-22T11:01:08,500.0,12.5,B
2021-06-22T11:00:53,2000.0,12.45,S
2021-06-22T11:00:34,500.0,12.5,B
2021-06-22T11:00:31,1000.0,12.5,B
2021-06-22T11:00:01,300.0,12.5,B
2021-06-22T10:59:59,20300.0,12.45,S
2021-06-22T10:59:59,29700.0,12.45,S
2021-06-22T10:59:15,200.0,12.5,S
2021-06-22T10:58:53,1000.0,12.5,S
2021-06-22T10:58:51,1600.0,12.5,S
2021-06-22T10:58:42,100.0,12.5,S
2021-06-22T10:58:28,4000.0,12.5,S
2021-06-22T10:58:01,5900.0,12.45,S
2021-06-22T10:58:00,44100.0,12.45,S
2021-06-22T10:57:49,12300.0,12.5,B
2021-06-22T10:57:46,100.0,12.5,B
2021-06-22T10:56:35,100.0,12.5,B
2021-06-22T10:55:58,1000.0,12.5,B
2021-06-22T10:55:30,2300.0,12.5,S
2021-06-22T10:55:27,100.0,12.5,S
2021-06-22T10:55:24,500.0,12.5,S
2021-06-22T10:55:14,2000.0,12.5,S
2021-06-22T10:55:07,40000.0,12.5,S
2021-06-22T10:55:02,2000.0,12.5,S
2021-06-22T10:54:34,1000.0,12.5,S
2021-06-22T10:53:51,17000.0,12.5,S
2021-06-22T10:53:35,200.0,12.5,S
2021-06-22T10:52:17,10000.0,12.5,S
2021-06-22T10:52:14,200.0,12.5,S
2021-06-22T10:51:54,2000.0,12.5,S
2021-06-22T10:51:49,200.0,12.5,S
2021-06-22T10:51:46,1000.0,12.55,B
2021-06-22T10:50:50,100.0,12.5,B
2021-06-22T10:50:47,3500.0,12.5,B
2021-06-22T10:50:47,2000.0,12.5,B
2021-06-22T10:50:23,500.0,12.5,B
2021-06-22T10:50:23,1500.0,12.5,B
2021-06-22T10:50:23,4500.0,12.5,B
2021-06-22T10:50:23,1400.0,12.5,B
2021-06-22T10:50:22,1000.0,12.5,B
2021-06-22T10:50:22,9700.0,12.5,B
2021-06-22T10:50:22,3000.0,12.5,B
2021-06-22T10:50:22,9000.0,12.5,B
2021-06-22T10:50:22,5600.0,12.5,B
2021-06-22T10:50:22,3800.0,12.5,B
2021-06-22T10:50:19,400.0,12.5,B
2021-06-22T10:50:17,5000.0,12.5,B
2021-06-22T10:49:42,400.0,12.45,S
2021-06-22T10:49:31,800.0,12.5,B
2021-06-22T10:49:06,1500.0,12.5,B
2021-06-22T10:49:06,5000.0,12.5,B
2021-06-22T10:49:06,1000.0,12.5,B
2021-06-22T10:49:04,2500.0,12.5,B
2021-06-22T10:48:50,600.0,12.5,B
2021-06-22T10:48:33,1000.0,12.5,B
2021-06-22T10:48:25,100.0,12.5,B
2021-06-22T10:48:10,2300.0,12.45,S
2021-06-22T10:47:48,1000.0,12.5,B
2021-06-22T10:47:08,100.0,12.45,S
2021-06-22T10:46:32,200.0,12.45,S
2021-06-22T10:46:31,5500.0,12.45,S
2021-06-22T10:46:11,100.0,12.5,B
2021-06-22T10:45:39,1200.0,12.45,S
2021-06-22T10:44:19,1200.0,12.45,S
2021-06-22T10:43:56,400.0,12.45,S
2021-06-22T10:43:30,100.0,12.45,S
2021-06-22T10:43:12,40000.0,12.45,S
2021-06-22T10:42:58,3000.0,12.45,S
2021-06-22T10:42:40,1000.0,12.45,S
2021-06-22T10:41:58,3300.0,12.45,B
2021-06-22T10:41:57,200.0,12.4,S
2021-06-22T10:41:54,3000.0,12.45,B
2021-06-22T10:41:48,500.0,12.45,B
2021-06-22T10:41:40,200.0,12.45,B
2021-06-22T10:41:36,1000.0,12.45,B
2021-06-22T10:41:35,100.0,12.45,B
2021-06-22T10:41:34,100.0,12.45,B
2021-06-22T10:41:28,200.0,12.4,S
2021-06-22T10:41:27,1900.0,12.45,B
2021-06-22T10:41:27,10500.0,12.45,B
2021-06-22T10:41:27,2600.0,12.45,B
2021-06-22T10:41:24,2000.0,12.45,B
2021-06-22T10:41:24,1400.0,12.4,S
2021-06-22T10:41:24,1000.0,12.4,S
2021-06-22T10:41:24,600.0,12.4,S
2021-06-22T10:40:50,15000.0,12.45,B
2021-06-22T10:40:49,10000.0,12.45,B
2021-06-22T10:40:11,100.0,12.45,B
2021-06-22T10:40:06,5000.0,12.45,B
2021-06-22T10:40:03,700.0,12.45,B
2021-06-22T10:39:45,300.0,12.45,B
2021-06-22T10:39:39,500.0,12.45,B
2021-06-22T10:39:33,3000.0,12.45,B
2021-06-22T10:39:32,200.0,12.45,B
2021-06-22T10:39:17,1000.0,12.45,B
2021-06-22T10:38:54,2000.0,12.45,B
2021-06-22T10:38:47,20000.0,12.4,S
2021-06-22T10:38:23,200.0,12.45,B
2021-06-22T10:38:17,1000.0,12.45,S
2021-06-22T10:38:14,100.0,12.45,S
2021-06-22T10:38:14,100.0,12.45,S
2021-06-22T10:37:59,500.0,12.45,S
2021-06-22T10:37:50,13000.0,12.45,S
2021-06-22T10:37:45,4500.0,12.45,S
2021-06-22T10:37:45,12000.0,12.45,S
2021-06-22T10:37:39,200.0,12.45,S
2021-06-22T10:37:25,200.0,12.45,S
2021-06-22T10:37:18,500.0,12.45,S
2021-06-22T10:37:16,5500.0,12.45,S
2021-06-22T10:37:16,1900.0,12.45,S
2021-06-22T10:37:16,800.0,12.45,S
2021-06-22T10:37:16,1800.0,12.45,S
2021-06-22T10:37:16,40000.0,12.45,S
2021-06-22T10:37:10,1000.0,12.45,S
2021-06-22T10:37:09,15000.0,12.45,S
2021-06-22T10:36:16,1000.0,12.45,S
2021-06-22T10:35:35,700.0,12.45,S
2021-06-22T10:35:31,2000.0,12.5,B
2021-06-22T10:35:16,2000.0,12.5,B
2021-06-22T10:34:29,500.0,12.5,B
2021-06-22T10:34:23,100.0,12.45,S
2021-06-22T10:33:08,900.0,12.45,S
2021-06-22T10:32:21,1000.0,12.5,B
2021-06-22T10:32:20,2000.0,12.5,B
2021-06-22T10:32:15,1200.0,12.5,B
2021-06-22T10:31:35,200.0,12.5,B
2021-06-22T10:31:27,100.0,12.5,B
2021-06-22T10:30:59,19100.0,12.45,S
2021-06-22T10:30:59,2100.0,12.45,S
2021-06-22T10:30:59,100.0,12.45,S
2021-06-22T10:30:59,43000.0,12.45,S
2021-06-22T10:30:59,7700.0,12.45,S
2021-06-22T10:30:59,2300.0,12.45,S
2021-06-22T10:30:59,5100.0,12.45,S
2021-06-22T10:30:59,300.0,12.45,S
2021-06-22T10:30:59,20300.0,12.45,S
2021-06-22T10:30:44,500.0,12.5,B
2021-06-22T10:30:31,4500.0,12.45,S
2021-06-22T10:29:30,100.0,12.5,B
2021-06-22T10:28:43,100.0,12.45,S
2021-06-22T10:27:51,1000.0,12.45,S
2021-06-22T10:27:44,2800.0,12.5,B
2021-06-22T10:27:44,6700.0,12.5,B
2021-06-22T10:27:43,2000.0,12.5,B
2021-06-22T10:27:39,1400.0,12.5,B
2021-06-22T10:27:29,3000.0,12.5,B
2021-06-22T10:26:56,77000.0,12.5,S
2021-06-22T10:26:56,11100.0,12.5,S
2021-06-22T10:26:34,500.0,12.5,S
2021-06-22T10:26:29,100.0,12.5,S
2021-06-22T10:26:02,100.0,12.5,S
2021-06-22T10:25:35,500.0,12.5,S
2021-06-22T10:24:41,200.0,12.5,S
2021-06-22T10:24:29,2900.0,12.5,S
2021-06-22T10:23:33,500.0,12.5,S
2021-06-22T10:23:20,1000.0,12.5,S
2021-06-22T10:23:06,100.0,12.5,B
2021-06-22T10:23:04,1500.0,12.5,B
2021-06-22T10:23:04,4000.0,12.5,B
2021-06-22T10:22:39,800.0,12.5,B
2021-06-22T10:22:13,500.0,12.5,B
2021-06-22T10:22:02,1000.0,12.5,B
2021-06-22T10:21:54,100.0,12.5,B
2021-06-22T10:21:21,100.0,12.5,B
2021-06-22T10:21:20,100.0,12.5,B
2021-06-22T10:21:03,500.0,12.5,B
2021-06-22T10:20:40,300.0,12.5,B
2021-06-22T10:20:40,9500.0,12.5,B
2021-06-22T10:20:40,20200.0,12.5,B
2021-06-22T10:19:55,100.0,12.5,B
2021-06-22T10:19:54,1000.0,12.5,B
2021-06-22T10:19:24,100.0,12.5,B
2021-06-22T10:19:14,18500.0,12.5,B
2021-06-22T10:19:11,2900.0,12.45,S
2021-06-22T10:18:11,5000.0,12.45,S
2021-06-22T10:18:08,100.0,12.5,B
2021-06-22T10:17:56,500.0,12.45,S
2021-06-22T10:17:55,1000.0,12.5,B
2021-06-22T10:17:51,1000.0,12.5,B
2021-06-22T10:17:18,300.0,12.5,B
2021-06-22T10:17:12,79000.0,12.45,S
2021-06-22T10:17:11,500.0,12.5,B
2021-06-22T10:17:10,300.0,12.5,B
2021-06-22T10:17:10,100.0,12.5,B
2021-06-22T10:16:14,100.0,12.5,B
2021-06-22T10:15:06,500.0,12.5,B
2021-06-22T10:14:42,100.0,12.5,S
2021-06-22T10:14:26,3500.0,12.5,S
2021-06-22T10:14:17,15000.0,12.5,S
2021-06-22T10:14:07,7500.0,12.5,B
2021-06-22T10:14:01,3000.0,12.5,B
2021-06-22T10:13:56,10000.0,12.5,B
2021-06-22T10:13:52,100.0,12.45,S
2021-06-22T10:13:27,500.0,12.5,B
2021-06-22T10:13:27,4500.0,12.5,B
2021-06-22T10:11:58,3000.0,12.5,S
2021-06-22T10:11:58,2700.0,12.5,S
2021-06-22T10:11:54,1000.0,12.5,S
2021-06-22T10:11:08,1300.0,12.5,S
2021-06-22T10:10:53,4200.0,12.5,S
2021-06-22T10:10:29,3000.0,12.5,S
2021-06-22T10:09:43,3500.0,12.5,S
2021-06-22T10:09:31,300.0,12.5,S
2021-06-22T10:08:47,2000.0,12.5,S
2021-06-22T10:08:36,100.0,12.5,S
2021-06-22T10:08:32,4500.0,12.5,S
2021-06-22T10:08:26,2000.0,12.5,S
2021-06-22T10:07:23,100.0,12.5,S
2021-06-22T10:06:53,700.0,12.55,B
2021-06-22T10:06:11,20000.0,12.55,B
2021-06-22T10:06:10,100.0,12.5,B
2021-06-22T10:05:12,1000.0,12.5,S
2021-06-22T10:05:10,10900.0,12.5,S
2021-06-22T10:05:08,1000.0,12.5,S
2021-06-22T10:04:42,100.0,12.5,S
2021-06-22T10:04:24,10000.0,12.5,S
2021-06-22T10:04:23,100.0,12.5,S
2021-06-22T10:04:07,15000.0,12.5,S
2021-06-22T10:03:21,1000.0,12.5,B
2021-06-22T10:03:18,15400.0,12.5,B
2021-06-22T10:03:08,25000.0,12.45,S
2021-06-22T10:02:39,200.0,12.45,S
2021-06-22T10:02:26,200.0,12.45,S
2021-06-22T10:02:22,500.0,12.45,S
2021-06-22T10:01:47,1000.0,12.45,S
2021-06-22T10:00:35,2500.0,12.45,S
2021-06-22T10:00:35,700.0,12.45,S
2021-06-22T10:00:25,1000.0,12.45,S
2021-06-22T09:59:55,2100.0,12.45,S
2021-06-22T09:59:55,3000.0,12.45,S
2021-06-22T09:59:55,44900.0,12.45,S
2021-06-22T09:59:32,2100.0,12.45,S
2021-06-22T09:59:18,300.0,12.5,B
2021-06-22T09:59:13,300.0,12.5,B
2021-06-22T09:59:06,1000.0,12.5,B
2021-06-22T09:58:59,2000.0,12.5,S
2021-06-22T09:58:59,100.0,12.5,S
2021-06-22T09:58:59,1500.0,12.5,S
2021-06-22T09:58:56,500.0,12.5,S
2021-06-22T09:58:50,10000.0,12.5,S
2021-06-22T09:58:42,1000.0,12.5,S
2021-06-22T09:58:41,100.0,12.5,S
2021-06-22T09:58:24,900.0,12.5,S
2021-06-22T09:58:06,2000.0,12.55,B
2021-06-22T09:58:06,5000.0,12.5,S
2021-06-22T09:57:54,25100.0,12.5,S
2021-06-22T09:57:54,1100.0,12.5,S
2021-06-22T09:57:54,13800.0,12.5,S
2021-06-22T09:57:29,5400.0,12.5,S
2021-06-22T09:56:40,100.0,12.5,S
2021-06-22T09:55:35,300.0,12.5,S
2021-06-22T09:55:34,500.0,12.55,B
2021-06-22T09:55:31,400.0,12.5,S
2021-06-22T09:55:23,2000.0,12.5,S
2021-06-22T09:54:54,10000.0,12.5,S
2021-06-22T09:54:35,500.0,12.55,B
2021-06-22T09:54:09,300.0,12.55,B
2021-06-22T09:54:05,1200.0,12.5,S
2021-06-22T09:53:56,500.0,12.5,S
2021-06-22T09:53:24,100.0,12.5,S
2021-06-22T09:53:15,700.0,12.5,S
2021-06-22T09:53:00,20000.0,12.5,B
2021-06-22T09:52:43,4500.0,12.5,B
2021-06-22T09:52:30,2000.0,12.5,B
2021-06-22T09:52:21,3500.0,12.5,B
2021-06-22T09:52:21,1500.0,12.5,B
2021-06-22T09:51:58,200.0,12.5,B
2021-06-22T09:51:54,5000.0,12.5,B
2021-06-22T09:51:53,8600.0,12.5,B
2021-06-22T09:51:45,500.0,12.5,B
2021-06-22T09:51:33,5500.0,12.5,B
2021-06-22T09:51:29,1300.0,12.5,B
2021-06-22T09:51:26,300.0,12.5,B
2021-06-22T09:51:25,200.0,12.5,B
2021-06-22T09:51:21,100.0,12.5,B
2021-06-22T09:50:57,100.0,12.5,B
2021-06-22T09:50:49,2000.0,12.5,B
2021-06-22T09:50:44,200.0,12.5,B
2021-06-22T09:50:37,1000.0,12.5,S
2021-06-22T09:50:34,6200.0,12.5,S
2021-06-22T09:50:29,100.0,12.5,S
2021-06-22T09:50:02,800.0,12.5,S
2021-06-22T09:50:02,2700.0,12.5,S
2021-06-22T09:50:02,2500.0,12.5,S
2021-06-22T09:49:42,500.0,12.55,B
2021-06-22T09:49:16,200.0,12.55,B
2021-06-22T09:49:01,100.0,12.5,S
2021-06-22T09:48:33,13500.0,12.5,S
2021-06-22T09:48:32,6500.0,12.5,S
2021-06-22T09:47:34,100.0,12.55,B
2021-06-22T09:46:59,500.0,12.55,B
2021-06-22T09:46:58,16000.0,12.55,B
2021-06-22T09:46:52,500.0,12.55,B
2021-06-22T09:46:41,10000.0,12.5,S
2021-06-22T09:46:37,15000.0,12.55,B
2021-06-22T09:46:16,100.0,12.55,B
2021-06-22T09:46:01,500.0,12.55,B
2021-06-22T09:45:50,3000.0,12.55,B
2021-06-22T09:45:44,1000.0,12.55,B
2021-06-22T09:45:43,6600.0,12.5,S
2021-06-22T09:45:43,10100.0,12.5,S
2021-06-22T09:45:43,6000.0,12.5,S
2021-06-22T09:45:43,7300.0,12.5,S
2021-06-22T09:45:36,5500.0,12.55,B
2021-06-22T09:45:29,100.0,12.55,B
2021-06-22T09:45:16,900.0,12.5,S
2021-06-22T09:45:11,400.0,12.5,S
2021-06-22T09:44:56,100.0,12.5,S
2021-06-22T09:44:41,400.0,12.5,S
2021-06-22T09:44:40,600.0,12.55,B
2021-06-22T09:44:34,5000.0,12.55,B
2021-06-22T09:44:31,3000.0,12.5,S
2021-06-22T09:44:26,5000.0,12.5,S
2021-06-22T09:44:16,1000.0,12.55,B
2021-06-22T09:44:12,900.0,12.5,B
2021-06-22T09:44:06,1000.0,12.5,B
2021-06-22T09:44:03,1000.0,12.5,B
2021-06-22T09:43:45,900.0,12.5,B
2021-06-22T09:43:45,100.0,12.5,B
2021-06-22T09:43:40,9000.0,12.5,B
2021-06-22T09:43:38,700.0,12.5,B
2021-06-22T09:43:14,20000.0,12.5,B
2021-06-22T09:42:51,3700.0,12.45,S
2021-06-22T09:42:36,300.0,12.45,S
2021-06-22T09:42:16,100.0,12.4,S
2021-06-22T09:41:53,300.0,12.4,B
2021-06-22T09:41:51,5600.0,12.4,B
2021-06-22T09:41:44,200.0,12.4,B
2021-06-22T09:41:39,23200.0,12.4,B
2021-06-22T09:41:37,1000.0,12.4,B
2021-06-22T09:41:36,100.0,12.4,B
2021-06-22T09:41:29,2200.0,12.4,B
2021-06-22T09:41:28,2000.0,12.4,B
2021-06-22T09:41:25,100.0,12.4,B
2021-06-22T09:41:19,1800.0,12.4,B
2021-06-22T09:41:16,500.0,12.4,B
2021-06-22T09:41:02,500.0,12.4,B
2021-06-22T09:40:56,200.0,12.4,S
2021-06-22T09:40:34,10000.0,12.4,S
2021-06-22T09:40:34,100.0,12.4,S
2021-06-22T09:40:33,200.0,12.4,S
2021-06-22T09:40:21,2700.0,12.4,S
2021-06-22T09:40:21,1300.0,12.4,S
2021-06-22T09:40:21,3300.0,12.4,S
2021-06-22T09:40:11,2900.0,12.4,S
2021-06-22T09:40:05,1000.0,12.4,S
2021-06-22T09:40:05,5000.0,12.45,S
2021-06-22T09:40:05,1500.0,12.45,S
2021-06-22T09:39:49,700.0,12.4,S
2021-06-22T09:39:49,7400.0,12.4,S
2021-06-22T09:39:49,1900.0,12.4,S
2021-06-22T09:39:44,4200.0,12.4,S
2021-06-22T09:39:44,6300.0,12.4,S
2021-06-22T09:39:44,2900.0,12.4,S
2021-06-22T09:39:41,500.0,12.45,S
2021-06-22T09:39:39,5000.0,12.4,S
2021-06-22T09:39:38,1100.0,12.4,S
2021-06-22T09:39:28,1900.0,12.4,S
2021-06-22T09:39:28,6100.0,12.4,S
2021-06-22T09:39:28,1500.0,12.45,S
2021-06-22T09:39:27,500.0,12.45,S
2021-06-22T09:39:16,1000.0,12.45,S
2021-06-22T09:39:15,100.0,12.45,S
2021-06-22T09:39:10,100.0,12.5,B
2021-06-22T09:39:05,1300.0,12.45,S
2021-06-22T09:39:05,1000.0,12.5,B
2021-06-22T09:39:01,1200.0,12.45,S
2021-06-22T09:38:53,12000.0,12.5,B
2021-06-22T09:38:41,500.0,12.45,S
2021-06-22T09:38:40,1000.0,12.45,S
2021-06-22T09:38:35,9600.0,12.4,S
2021-06-22T09:38:35,1500.0,12.4,S
2021-06-22T09:38:35,3900.0,12.4,S
2021-06-22T09:38:10,10000.0,12.4,S
2021-06-22T09:37:51,300.0,12.5,B
2021-06-22T09:37:51,700.0,12.5,B
2021-06-22T09:37:48,500.0,12.4,S
2021-06-22T09:37:48,800.0,12.5,B
2021-06-22T09:37:45,10000.0,12.5,B
2021-06-22T09:37:42,500.0,12.4,S
2021-06-22T09:37:23,2500.0,12.5,B
2021-06-22T09:37:23,15200.0,12.5,B
2021-06-22T09:37:23,2300.0,12.5,B
2021-06-22T09:37:16,10000.0,12.5,B
2021-06-22T09:37:14,1000.0,12.5,B
2021-06-22T09:37:14,500.0,12.5,B
2021-06-22T09:37:13,100.0,12.45,S
2021-06-22T09:37:03,800.0,12.45,S
2021-06-22T09:37:01,1000.0,12.45,S
2021-06-22T09:36:46,100.0,12.5,B
2021-06-22T09:36:38,1000.0,12.45,S
2021-06-22T09:36:32,10000.0,12.45,S
2021-06-22T09:36:14,2300.0,12.45,S
2021-06-22T09:36:14,3200.0,12.45,S
2021-06-22T09:36:13,44500.0,12.45,S
2021-06-22T09:36:02,200.0,12.45,S
2021-06-22T09:35:55,5000.0,12.45,S
2021-06-22T09:35:45,200.0,12.45,S
2021-06-22T09:35:33,400.0,12.45,S
2021-06-22T09:35:27,5000.0,12.5,B
2021-06-22T09:35:12,1000.0,12.45,S
2021-06-22T09:35:10,5000.0,12.45,S
2021-06-22T09:34:45,1100.0,12.45,S
2021-06-22T09:34:40,200.0,12.45,S
2021-06-22T09:34:38,600.0,12.45,S
2021-06-22T09:34:07,5000.0,12.45,S
2021-06-22T09:34:06,1900.0,12.5,B
2021-06-22T09:34:06,1000.0,12.5,B
2021-06-22T09:34:01,4000.0,12.45,S
2021-06-22T09:34:01,12000.0,12.45,S
2021-06-22T09:34:01,5600.0,12.45,S
2021-06-22T09:34:01,900.0,12.45,S
2021-06-22T09:34:01,1000.0,12.45,S
2021-06-22T09:34:00,11500.0,12.45,S
2021-06-22T09:33:48,2800.0,12.5,B
2021-06-22T09:33:45,8000.0,12.5,B
2021-06-22T09:33:45,300.0,12.5,B
2021-06-22T09:33:45,9100.0,12.5,B
2021-06-22T09:33:42,100.0,12.5,B
2021-06-22T09:33:38,200.0,12.5,B
2021-06-22T09:33:33,1000.0,12.5,B
2021-06-22T09:33:24,100.0,12.5,B
2021-06-22T09:33:21,300.0,12.5,B
2021-06-22T09:33:09,1000.0,12.5,B
2021-06-22T09:32:54,25000.0,12.5,B
2021-06-22T09:32:32,300.0,12.5,B
2021-06-22T09:32:24,200.0,12.5,B
2021-06-22T09:32:19,2000.0,12.5,B
2021-06-22T09:32:11,200.0,12.5,B
2021-06-22T09:32:11,200.0,12.5,B
2021-06-22T09:32:06,1000.0,12.5,B
2021-06-22T09:32:02,1900.0,12.5,B
2021-06-22T09:31:57,100.0,12.5,B
2021-06-22T09:31:57,400.0,12.5,B
2021-06-22T09:31:49,500.0,12.5,B
2021-06-22T09:31:44,4000.0,12.5,B
2021-06-22T09:31:40,300.0,12.5,B
2021-06-22T09:31:40,200.0,12.5,B
2021-06-22T09:31:30,7200.0,12.45,S
2021-06-22T09:31:30,4600.0,12.45,S
2021-06-22T09:31:30,2900.0,12.5,B
2021-06-22T09:31:23,2000.0,12.5,B
2021-06-22T09:31:19,100.0,12.5,B
2021-06-22T09:31:13,400.0,12.5,B
2021-06-22T09:31:13,500.0,12.5,B
2021-06-22T09:31:11,600.0,12.5,B
2021-06-22T09:31:07,300.0,12.5,B
2021-06-22T09:30:56,10000.0,12.55,B
2021-06-22T09:30:56,600.0,12.5,B
2021-06-22T09:30:56,400.0,12.5,B
2021-06-22T09:30:53,100.0,12.5,B
2021-06-22T09:30:41,300.0,12.5,B
2021-06-22T09:30:39,2000.0,12.55,B
2021-06-22T09:30:29,200.0,12.5,B
2021-06-22T09:30:20,800.0,12.5,S
2021-06-22T09:30:09,500.0,12.55,B
2021-06-22T09:30:05,1600.0,12.5,S
2021-06-22T09:30:05,400.0,12.5,S
2021-06-22T09:30:01,500.0,12.55,B
2021-06-22T09:29:59,9600.0,12.5,S
2021-06-22T09:29:59,15000.0,12.5,S
2021-06-22T09:29:59,18200.0,12.5,S
2021-06-22T09:29:59,400.0,12.5,S
2021-06-22T09:29:59,10500.0,12.5,S
2021-06-22T09:29:59,100.0,12.5,S
2021-06-22T09:29:59,1400.0,12.5,S
2021-06-22T09:29:59,10000.0,12.5,S
2021-06-22T09:29:59,300.0,12.5,S
2021-06-22T09:29:57,21100.0,12.5,S
2021-06-22T09:29:57,1000.0,12.5,S
2021-06-22T09:29:57,700.0,12.5,S
2021-06-22T09:29:57,9100.0,12.5,S
2021-06-22T09:29:57,1500.0,12.5,S
2021-06-22T09:29:57,1100.0,12.5,S
2021-06-22T09:29:57,200.0,12.5,S
2021-06-22T09:29:57,400.0,12.5,S
2021-06-22T09:29:57,1000.0,12.5,S
2021-06-22T09:29:57,500.0,12.5,S
2021-06-22T09:29:57,700.0,12.5,S
2021-06-22T09:29:57,1500.0,12.5,S
2021-06-22T09:29:57,5700.0,12.5,S
2021-06-22T09:29:42,700.0,12.55,B
2021-06-22T09:29:18,1000.0,12.55,S
2021-06-22T09:29:05,200.0,12.55,S
2021-06-22T09:28:57,200.0,12.55,S
2021-06-22T09:28:57,100.0,12.5,S
2021-06-22T09:28:49,2800.0,12.5,S
2021-06-22T09:28:48,200.0,12.55,S
2021-06-22T09:28:39,2000.0,12.55,S
2021-06-22T09:28:29,15700.0,12.55,S
2021-06-22T09:28:29,9700.0,12.55,S
2021-06-22T09:28:04,1000.0,12.55,S
2021-06-22T09:27:46,100.0,12.55,S
2021-06-22T09:27:36,2000.0,12.55,S
2021-06-22T09:27:34,1000.0,12.55,S
2021-06-22T09:27:33,1000.0,12.55,S
2021-06-22T09:27:28,100.0,12.55,S
2021-06-22T09:27:25,3000.0,12.55,S
2021-06-22T09:27:09,100.0,12.55,S
2021-06-22T09:27:03,4500.0,12.55,S
2021-06-22T09:26:54,500.0,12.55,S
2021-06-22T09:26:43,1000.0,12.55,S
2021-06-22T09:26:35,400.0,12.55,S
2021-06-22T09:26:35,2000.0,12.55,S
2021-06-22T09:26:22,15000.0,12.55,S
2021-06-22T09:26:18,100.0,12.55,S
2021-06-22T09:26:05,100.0,12.55,S
2021-06-22T09:25:58,100.0,12.55,S
2021-06-22T09:25:57,1000.0,12.55,S
2021-06-22T09:25:57,100.0,12.55,S
2021-06-22T09:25:53,500.0,12.55,S
2021-06-22T09:25:50,700.0,12.55,S
2021-06-22T09:25:45,500.0,12.55,S
2021-06-22T09:25:44,500.0,12.55,S
2021-06-22T09:25:37,1500.0,12.55,S
2021-06-22T09:25:11,2000.0,12.55,S
2021-06-22T09:25:10,100.0,12.55,S
2021-06-22T09:25:07,300.0,12.55,S
2021-06-22T09:25:03,200.0,12.55,S
2021-06-22T09:25:03,1000.0,12.55,S
2021-06-22T09:24:58,1800.0,12.55,S
2021-06-22T09:24:47,8500.0,12.55,S
2021-06-22T09:24:40,1800.0,12.55,S
2021-06-22T09:24:36,1000.0,12.55,S
2021-06-22T09:24:27,300.0,12.55,S
2021-06-22T09:24:22,9700.0,12.55,S
2021-06-22T09:24:19,500.0,12.5,S
2021-06-22T09:24:16,400.0,12.55,S
2021-06-22T09:24:16,6400.0,12.55,S
2021-06-22T09:24:13,1000.0,12.55,S
2021-06-22T09:24:00,200.0,12.55,S
2021-06-22T09:23:58,1000.0,12.55,S
2021-06-22T09:23:46,1000.0,12.55,S
2021-06-22T09:23:42,12100.0,12.55,S
2021-06-22T09:23:41,1000.0,12.6,B
2021-06-22T09:23:40,1100.0,12.55,S
2021-06-22T09:23:22,3000.0,12.55,S
2021-06-22T09:23:00,4000.0,12.6,B
2021-06-22T09:22:58,900.0,12.6,B
2021-06-22T09:22:53,400.0,12.6,B
2021-06-22T09:22:50,200.0,12.6,B
2021-06-22T09:22:47,2400.0,12.6,B
2021-06-22T09:22:47,100.0,12.6,B
2021-06-22T09:21:49,1200.0,12.7,B
2021-06-22T09:21:49,1300.0,12.6,B
2021-06-22T09:21:46,2100.0,12.5,S
2021-06-22T09:21:20,2200.0,12.6,S
2021-06-22T09:21:16,500.0,12.6,S
2021-06-22T09:21:13,2500.0,12.55,S
2021-06-22T09:21:11,1000.0,12.6,S
2021-06-22T09:21:11,3500.0,12.6,S
2021-06-22T09:21:11,1600.0,12.6,S
2021-06-22T09:21:11,500.0,12.6,S
2021-06-22T09:21:11,29600.0,12.6,S
2021-06-22T09:21:01,2000.0,12.7,B
2021-06-22T09:20:59,3000.0,12.7,B
2021-06-22T09:20:53,3800.0,12.65,S
2021-06-22T09:20:46,800.0,12.7,B
2021-06-22T09:20:38,100.0,12.7,B
2021-06-22T09:20:37,500.0,12.7,B
2021-06-22T09:20:24,1000.0,12.7,B
2021-06-22T09:20:07,200.0,12.7,S
2021-06-22T09:19:45,4000.0,12.7,S
2021-06-22T09:19:41,10000.0,12.7,S
2021-06-22T09:19:37,200.0,12.7,S
2021-06-22T09:19:34,1000.0,12.7,S
2021-06-22T09:19:32,500.0,12.7,S
2021-06-22T09:19:32,1100.0,12.7,S
2021-06-22T09:19:16,1500.0,12.7,S
2021-06-22T09:19:05,100.0,12.7,S
2021-06-22T09:18:54,200.0,12.7,S
2021-06-22T09:18:52,5000.0,12.7,S
2021-06-22T09:18:37,800.0,12.7,S
2021-06-22T09:17:58,500.0,12.7,S
2021-06-22T09:17:53,2000.0,12.75,B
2021-06-22T09:17:45,10000.0,12.7,S
2021-06-22T09:17:33,100.0,12.75,B
2021-06-22T09:17:30,1000.0,12.7,S
2021-06-22T09:17:24,100.0,12.75,B
2021-06-22T09:17:13,1200.0,12.7,S
2021-06-22T09:16:54,100.0,12.75,S
2021-06-22T09:16:53,4000.0,12.75,S
2021-06-22T09:16:53,1000.0,12.75,S
2021-06-22T09:16:53,2900.0,12.75,S
2021-06-22T09:16:03,2000.0,12.75,S
2021-06-22T09:15:51,1000.0,12.8,B
2021-06-22T09:15:22,100.0,12.75,S
