tradingTime,volume,price,side
2021-06-22T14:30:07,200.0,34.4,S
2021-06-22T14:30:04,400.0,34.4,S
2021-06-22T14:30:02,1200.0,34.4,S
2021-06-22T14:30:02,3200.0,34.45,S
2021-06-22T14:30:02,4600.0,34.45,S
2021-06-22T14:29:49,1800.0,34.45,S
2021-06-22T14:29:39,3800.0,34.45,S
2021-06-22T14:29:38,2000.0,34.45,S
2021-06-22T14:29:24,3700.0,34.45,S
2021-06-22T14:29:20,2300.0,34.5,B
2021-06-22T14:29:20,2500.0,34.5,B
2021-06-22T14:29:20,2000.0,34.5,B
2021-06-22T14:29:19,18700.0,34.5,B
2021-06-22T14:29:01,2000.0,34.45,B
2021-06-22T14:28:54,100.0,34.45,B
2021-06-22T14:28:54,200.0,34.45,B
2021-06-22T14:28:50,6000.0,34.5,B
2021-06-22T14:28:50,4000.0,34.45,B
2021-06-22T14:28:30,500.0,34.45,B
2021-06-22T14:28:27,700.0,34.4,S
2021-06-22T14:28:24,100.0,34.4,S
2021-06-22T14:28:24,800.0,34.4,S
2021-06-22T14:28:24,300.0,34.4,S
2021-06-22T14:28:24,800.0,34.45,B
2021-06-22T14:28:24,3600.0,34.45,B
2021-06-22T14:28:22,4000.0,34.45,B
2021-06-22T14:28:22,1800.0,34.45,B
2021-06-22T14:28:22,100.0,34.4,S
2021-06-22T14:28:21,3500.0,34.4,S
2021-06-22T14:28:16,400.0,34.4,S
2021-06-22T14:28:16,100.0,34.4,S
2021-06-22T14:28:13,3000.0,34.45,B
2021-06-22T14:28:07,1000.0,34.4,S
2021-06-22T14:28:00,100.0,34.4,S
2021-06-22T14:27:59,100.0,34.4,S
2021-06-22T14:27:58,1100.0,34.4,S
2021-06-22T14:27:58,900.0,34.4,S
2021-06-22T14:27:57,100.0,34.4,S
2021-06-22T14:27:36,500.0,34.4,S
2021-06-22T14:27:34,3800.0,34.4,S
2021-06-22T14:27:33,100.0,34.45,B
2021-06-22T14:27:23,500.0,34.4,S
2021-06-22T14:27:22,100.0,34.45,B
2021-06-22T14:27:20,600.0,34.45,B
2021-06-22T14:27:17,500.0,34.45,B
2021-06-22T14:27:15,100.0,34.45,B
2021-06-22T14:27:07,2300.0,34.45,B
2021-06-22T14:26:52,100.0,34.45,B
2021-06-22T14:26:40,2000.0,34.45,B
2021-06-22T14:26:35,300.0,34.45,B
2021-06-22T14:26:33,100.0,34.45,B
2021-06-22T14:26:25,500.0,34.45,B
2021-06-22T14:26:12,100.0,34.4,S
2021-06-22T14:26:05,2000.0,34.4,S
2021-06-22T14:25:56,100.0,34.45,B
2021-06-22T14:25:53,1000.0,34.4,S
2021-06-22T14:25:48,1000.0,34.4,S
2021-06-22T14:25:34,800.0,34.4,S
2021-06-22T14:25:28,300.0,34.4,S
2021-06-22T14:25:25,300.0,34.45,B
2021-06-22T14:25:17,4000.0,34.45,B
2021-06-22T14:25:12,300.0,34.45,B
2021-06-22T14:25:07,100.0,34.45,B
2021-06-22T14:25:07,5000.0,34.45,B
2021-06-22T14:25:05,2000.0,34.45,B
2021-06-22T14:25:03,200.0,34.45,B
2021-06-22T14:25:02,100.0,34.45,B
2021-06-22T14:25:02,200.0,34.45,B
2021-06-22T14:24:56,200.0,34.45,B
2021-06-22T14:24:55,15000.0,34.4,S
2021-06-22T14:24:43,6700.0,34.45,S
2021-06-22T14:24:39,500.0,34.45,S
2021-06-22T14:24:33,100.0,34.45,S
2021-06-22T14:24:25,4100.0,34.45,S
2021-06-22T14:24:25,400.0,34.45,S
2021-06-22T14:24:11,1000.0,34.5,B
2021-06-22T14:24:10,100.0,34.45,B
2021-06-22T14:24:08,1000.0,34.45,B
2021-06-22T14:24:07,8600.0,34.4,S
2021-06-22T14:24:07,100.0,34.45,B
2021-06-22T14:24:06,100.0,34.45,B
2021-06-22T14:23:54,500.0,34.45,B
2021-06-22T14:23:49,300.0,34.45,B
2021-06-22T14:23:46,4200.0,34.45,S
2021-06-22T14:23:46,100.0,34.5,B
2021-06-22T14:23:39,500.0,34.45,S
2021-06-22T14:23:19,10000.0,34.45,S
2021-06-22T14:23:14,3400.0,34.45,S
2021-06-22T14:23:13,100.0,34.5,B
2021-06-22T14:23:04,2000.0,34.45,S
2021-06-22T14:22:53,100.0,34.5,B
2021-06-22T14:22:41,7400.0,34.45,S
2021-06-22T14:22:34,100.0,34.45,S
2021-06-22T14:22:31,300.0,34.45,S
2021-06-22T14:22:28,600.0,34.45,B
2021-06-22T14:22:26,700.0,34.4,S
2021-06-22T14:22:16,1200.0,34.45,B
2021-06-22T14:22:15,800.0,34.45,B
2021-06-22T14:22:14,100.0,34.45,B
2021-06-22T14:22:12,200.0,34.4,S
2021-06-22T14:22:02,400.0,34.45,S
2021-06-22T14:22:00,100.0,34.45,S
2021-06-22T14:21:53,2500.0,34.45,S
2021-06-22T14:21:53,100.0,34.45,S
2021-06-22T14:21:53,100.0,34.45,S
2021-06-22T14:21:51,1000.0,34.5,B
2021-06-22T14:21:51,300.0,34.5,B
2021-06-22T14:21:36,700.0,34.45,S
2021-06-22T14:21:36,4300.0,34.45,S
2021-06-22T14:21:15,1700.0,34.45,S
2021-06-22T14:21:15,300.0,34.45,S
2021-06-22T14:21:11,100.0,34.5,B
2021-06-22T14:21:09,100.0,34.5,B
2021-06-22T14:21:08,500.0,34.5,B
2021-06-22T14:21:02,100.0,34.45,S
2021-06-22T14:20:58,3000.0,34.45,S
2021-06-22T14:20:57,400.0,34.5,B
2021-06-22T14:20:55,2100.0,34.5,B
2021-06-22T14:20:54,8000.0,34.45,S
2021-06-22T14:20:52,400.0,34.45,S
2021-06-22T14:20:50,1600.0,34.45,S
2021-06-22T14:20:37,1000.0,34.45,S
2021-06-22T14:20:34,2000.0,34.5,B
2021-06-22T14:20:20,700.0,34.45,S
2021-06-22T14:20:18,1000.0,34.5,B
2021-06-22T14:20:18,4700.0,34.45,S
2021-06-22T14:20:16,100.0,34.45,S
2021-06-22T14:20:15,1200.0,34.5,B
2021-06-22T14:20:13,200.0,34.5,B
2021-06-22T14:20:13,700.0,34.5,B
2021-06-22T14:20:10,2200.0,34.5,B
2021-06-22T14:20:08,100.0,34.5,B
2021-06-22T14:19:58,500.0,34.5,B
2021-06-22T14:19:39,500.0,34.5,B
2021-06-22T14:19:35,100.0,34.5,B
2021-06-22T14:19:24,5900.0,34.5,B
2021-06-22T14:19:24,2800.0,34.5,B
2021-06-22T14:19:24,1100.0,34.5,B
2021-06-22T14:19:23,10200.0,34.5,B
2021-06-22T14:19:20,100.0,34.5,B
2021-06-22T14:19:13,7000.0,34.5,B
2021-06-22T14:19:11,200.0,34.5,B
2021-06-22T14:19:08,1400.0,34.45,S
2021-06-22T14:19:08,800.0,34.45,S
2021-06-22T14:18:51,7600.0,34.5,B
2021-06-22T14:18:50,3900.0,34.5,B
2021-06-22T14:18:50,9200.0,34.5,B
2021-06-22T14:18:48,4000.0,34.45,S
2021-06-22T14:18:41,800.0,34.5,B
2021-06-22T14:18:41,700.0,34.5,B
2021-06-22T14:18:38,2000.0,34.45,S
2021-06-22T14:18:19,200.0,34.45,S
2021-06-22T14:18:14,2000.0,34.45,B
2021-06-22T14:18:08,1600.0,34.45,B
2021-06-22T14:18:00,2000.0,34.45,B
2021-06-22T14:17:48,100.0,34.5,B
2021-06-22T14:17:44,300.0,34.45,B
2021-06-22T14:17:38,3000.0,34.45,B
2021-06-22T14:17:27,1000.0,34.45,B
2021-06-22T14:17:25,1300.0,34.45,B
2021-06-22T14:17:25,200.0,34.45,B
2021-06-22T14:17:25,300.0,34.45,B
2021-06-22T14:17:06,1000.0,34.45,B
2021-06-22T14:17:03,200.0,34.45,B
2021-06-22T14:17:00,100.0,34.45,B
2021-06-22T14:16:59,100.0,34.45,B
2021-06-22T14:16:58,300.0,34.45,B
2021-06-22T14:16:56,100.0,34.45,B
2021-06-22T14:16:51,1200.0,34.45,B
2021-06-22T14:16:50,1700.0,34.45,B
2021-06-22T14:16:43,1000.0,34.45,B
2021-06-22T14:16:42,2000.0,34.45,B
2021-06-22T14:16:32,300.0,34.45,B
2021-06-22T14:16:19,3000.0,34.4,S
2021-06-22T14:16:13,500.0,34.45,B
2021-06-22T14:16:11,1000.0,34.4,S
2021-06-22T14:16:05,1000.0,34.45,B
2021-06-22T14:15:59,400.0,34.45,B
2021-06-22T14:15:50,500.0,34.45,B
2021-06-22T14:15:48,100.0,34.4,S
2021-06-22T14:15:46,6000.0,34.4,S
2021-06-22T14:15:40,2500.0,34.45,B
2021-06-22T14:15:40,3000.0,34.45,B
2021-06-22T14:15:34,2000.0,34.4,S
2021-06-22T14:15:28,200.0,34.45,B
2021-06-22T14:15:27,1000.0,34.45,S
2021-06-22T14:15:16,500.0,34.45,S
2021-06-22T14:15:15,200.0,34.45,S
2021-06-22T14:15:15,300.0,34.45,S
2021-06-22T14:15:15,3300.0,34.45,S
2021-06-22T14:15:13,2500.0,34.45,S
2021-06-22T14:15:06,1000.0,34.5,B
2021-06-22T14:14:47,300.0,34.45,S
2021-06-22T14:14:30,100.0,34.45,S
2021-06-22T14:14:26,900.0,34.5,B
2021-06-22T14:14:26,500.0,34.5,B
2021-06-22T14:14:26,17300.0,34.5,B
2021-06-22T14:14:26,200.0,34.5,B
2021-06-22T14:14:26,11900.0,34.5,B
2021-06-22T14:14:24,100.0,34.5,B
2021-06-22T14:14:24,2000.0,34.5,B
2021-06-22T14:14:18,300.0,34.45,S
2021-06-22T14:14:15,300.0,34.45,S
2021-06-22T14:14:14,1000.0,34.45,S
2021-06-22T14:14:13,100.0,34.5,B
2021-06-22T14:14:12,2200.0,34.45,S
2021-06-22T14:14:12,2400.0,34.45,S
2021-06-22T14:14:11,1600.0,34.45,S
2021-06-22T14:14:09,100.0,34.5,B
2021-06-22T14:13:46,500.0,34.45,S
2021-06-22T14:13:44,100.0,34.45,S
2021-06-22T14:13:30,100.0,34.5,B
2021-06-22T14:13:30,1000.0,34.45,S
2021-06-22T14:13:30,300.0,34.45,S
2021-06-22T14:13:29,100.0,34.5,B
2021-06-22T14:13:11,100.0,34.45,B
2021-06-22T14:13:10,3000.0,34.45,B
2021-06-22T14:12:58,1000.0,34.4,S
2021-06-22T14:12:51,8000.0,34.4,S
2021-06-22T14:12:50,300.0,34.4,S
2021-06-22T14:12:48,200.0,34.4,S
2021-06-22T14:12:45,100.0,34.4,S
2021-06-22T14:12:43,500.0,34.4,S
2021-06-22T14:12:39,1500.0,34.4,S
2021-06-22T14:12:33,18300.0,34.4,B
2021-06-22T14:12:29,100.0,34.35,S
2021-06-22T14:12:27,200.0,34.35,S
2021-06-22T14:12:24,100.0,34.35,S
2021-06-22T14:12:11,100.0,34.35,S
2021-06-22T14:12:04,100.0,34.35,S
2021-06-22T14:11:55,300.0,34.35,S
2021-06-22T14:11:49,2000.0,34.35,S
2021-06-22T14:11:42,200.0,34.35,S
2021-06-22T14:11:41,500.0,34.4,B
2021-06-22T14:11:40,400.0,34.4,B
2021-06-22T14:11:31,2000.0,34.35,S
2021-06-22T14:11:28,200.0,34.35,S
2021-06-22T14:11:28,3300.0,34.35,S
2021-06-22T14:11:28,12700.0,34.4,B
2021-06-22T14:11:22,600.0,34.4,B
2021-06-22T14:11:15,100.0,34.35,S
2021-06-22T14:11:14,4800.0,34.35,S
2021-06-22T14:11:13,1100.0,34.35,S
2021-06-22T14:11:03,10000.0,34.35,S
2021-06-22T14:10:44,500.0,34.4,B
2021-06-22T14:10:42,500.0,34.35,S
2021-06-22T14:10:32,900.0,34.35,S
2021-06-22T14:10:24,3100.0,34.35,S
2021-06-22T14:10:23,600.0,34.35,S
2021-06-22T14:10:22,1000.0,34.35,S
2021-06-22T14:10:22,300.0,34.35,S
2021-06-22T14:10:19,200.0,34.3,S
2021-06-22T14:10:18,400.0,34.3,S
2021-06-22T14:10:17,200.0,34.3,S
2021-06-22T14:10:17,1000.0,34.3,S
2021-06-22T14:10:03,1400.0,34.3,S
2021-06-22T14:10:03,200.0,34.35,S
2021-06-22T14:10:01,300.0,34.35,S
2021-06-22T14:10:01,200.0,34.35,S
2021-06-22T14:09:58,200.0,34.35,S
2021-06-22T14:09:47,2000.0,34.3,S
2021-06-22T14:09:28,1000.0,34.3,S
2021-06-22T14:09:28,200.0,34.3,S
2021-06-22T14:09:27,4700.0,34.3,S
2021-06-22T14:09:27,100.0,34.35,B
2021-06-22T14:09:24,100.0,34.4,B
2021-06-22T14:09:23,200.0,34.35,B
2021-06-22T14:09:23,900.0,34.35,B
2021-06-22T14:09:20,1000.0,34.3,S
2021-06-22T14:09:16,500.0,34.3,S
2021-06-22T14:09:14,100.0,34.3,S
2021-06-22T14:09:13,100.0,34.35,B
2021-06-22T14:09:12,1300.0,34.35,B
2021-06-22T14:09:10,400.0,34.3,S
2021-06-22T14:09:09,200.0,34.35,B
2021-06-22T14:09:04,200.0,34.35,B
2021-06-22T14:08:59,300.0,34.3,S
2021-06-22T14:08:57,5000.0,34.3,S
2021-06-22T14:08:56,3800.0,34.35,S
2021-06-22T14:08:55,300.0,34.35,S
2021-06-22T14:08:55,5800.0,34.35,S
2021-06-22T14:08:51,2000.0,34.35,S
2021-06-22T14:08:49,8700.0,34.35,B
2021-06-22T14:08:49,4100.0,34.35,B
2021-06-22T14:08:44,6100.0,34.35,B
2021-06-22T14:08:43,1000.0,34.35,B
2021-06-22T14:08:40,1500.0,34.35,B
2021-06-22T14:08:37,500.0,34.3,S
2021-06-22T14:08:35,200.0,34.35,S
2021-06-22T14:08:34,500.0,34.35,S
2021-06-22T14:08:29,1000.0,34.35,S
2021-06-22T14:08:27,5200.0,34.35,B
2021-06-22T14:08:22,4800.0,34.35,B
2021-06-22T14:08:21,1200.0,34.35,B
2021-06-22T14:08:20,100.0,34.35,B
2021-06-22T14:08:18,1600.0,34.35,B
2021-06-22T14:08:15,3000.0,34.3,S
2021-06-22T14:08:15,1000.0,34.35,B
2021-06-22T14:08:14,4000.0,34.35,B
2021-06-22T14:08:08,400.0,34.35,B
2021-06-22T14:08:08,1600.0,34.35,B
2021-06-22T14:08:06,1000.0,34.35,B
2021-06-22T14:08:02,100.0,34.35,B
2021-06-22T14:07:56,300.0,34.35,B
2021-06-22T14:07:54,200.0,34.35,B
2021-06-22T14:07:44,500.0,34.35,S
2021-06-22T14:07:44,10000.0,34.3,S
2021-06-22T14:07:35,500.0,34.3,S
2021-06-22T14:07:33,4300.0,34.35,S
2021-06-22T14:07:19,2000.0,34.3,S
2021-06-22T14:07:16,10000.0,34.35,S
2021-06-22T14:07:16,4300.0,34.35,S
2021-06-22T14:07:16,700.0,34.35,S
2021-06-22T14:07:13,7000.0,34.35,S
2021-06-22T14:07:09,500.0,34.35,S
2021-06-22T14:07:06,1800.0,34.35,S
2021-06-22T14:07:06,500.0,34.4,B
2021-06-22T14:07:04,200.0,34.4,B
2021-06-22T14:07:00,3000.0,34.4,B
2021-06-22T14:06:59,2000.0,34.35,S
2021-06-22T14:06:55,1000.0,34.35,S
2021-06-22T14:06:48,200.0,34.4,B
2021-06-22T14:06:41,3000.0,34.35,S
2021-06-22T14:06:40,500.0,34.4,B
2021-06-22T14:06:37,5900.0,34.35,S
2021-06-22T14:06:37,500.0,34.35,S
2021-06-22T14:06:37,200.0,34.35,S
2021-06-22T14:06:37,600.0,34.35,S
2021-06-22T14:06:36,3200.0,34.4,B
2021-06-22T14:06:33,1000.0,34.4,B
2021-06-22T14:06:30,1000.0,34.35,S
2021-06-22T14:06:25,700.0,34.4,B
2021-06-22T14:06:22,200.0,34.4,B
2021-06-22T14:06:20,200.0,34.4,B
2021-06-22T14:06:19,1500.0,34.35,S
2021-06-22T14:06:13,3400.0,34.35,S
2021-06-22T14:06:13,100.0,34.35,S
2021-06-22T14:06:12,1000.0,34.35,S
2021-06-22T14:06:12,2000.0,34.35,S
2021-06-22T14:06:12,100.0,34.35,S
2021-06-22T14:06:12,3400.0,34.35,S
2021-06-22T14:06:06,2000.0,34.4,B
2021-06-22T14:06:06,5000.0,34.4,B
2021-06-22T14:06:04,4000.0,34.4,B
2021-06-22T14:06:01,500.0,34.4,B
2021-06-22T14:06:00,500.0,34.35,S
2021-06-22T14:05:50,1000.0,34.4,S
2021-06-22T14:05:46,300.0,34.4,S
2021-06-22T14:05:45,5300.0,34.4,S
2021-06-22T14:05:44,2600.0,34.4,S
2021-06-22T14:05:30,300.0,34.4,B
2021-06-22T14:05:22,6400.0,34.4,B
2021-06-22T14:05:14,100.0,34.35,S
2021-06-22T14:05:11,700.0,34.4,B
2021-06-22T14:05:08,500.0,34.35,S
2021-06-22T14:04:50,2000.0,34.4,B
2021-06-22T14:04:45,100.0,34.4,B
2021-06-22T14:04:44,500.0,34.4,B
2021-06-22T14:04:40,500.0,34.4,B
2021-06-22T14:04:39,1000.0,34.4,B
2021-06-22T14:04:39,2900.0,34.4,B
2021-06-22T14:04:29,1200.0,34.4,S
2021-06-22T14:04:23,4100.0,34.35,S
2021-06-22T14:04:23,4100.0,34.35,S
2021-06-22T14:04:23,11800.0,34.35,S
2021-06-22T14:04:21,100.0,34.4,S
2021-06-22T14:04:18,600.0,34.45,B
2021-06-22T14:04:08,10500.0,34.4,S
2021-06-22T14:04:07,1200.0,34.45,B
2021-06-22T14:04:07,500.0,34.4,S
2021-06-22T14:04:00,1500.0,34.4,S
2021-06-22T14:03:57,100.0,34.4,S
2021-06-22T14:03:57,100.0,34.4,S
2021-06-22T14:03:57,100.0,34.4,S
2021-06-22T14:03:57,200.0,34.4,S
2021-06-22T14:03:57,800.0,34.4,S
2021-06-22T14:03:57,8700.0,34.4,S
2021-06-22T14:03:57,100.0,34.4,S
2021-06-22T14:03:55,700.0,34.4,S
2021-06-22T14:03:49,500.0,34.4,S
2021-06-22T14:03:45,600.0,34.4,S
2021-06-22T14:03:45,2000.0,34.4,S
2021-06-22T14:03:45,100.0,34.4,S
2021-06-22T14:03:45,300.0,34.4,S
2021-06-22T14:03:40,1000.0,34.4,S
2021-06-22T14:03:38,3200.0,34.4,S
2021-06-22T14:03:34,500.0,34.4,S
2021-06-22T14:03:30,3000.0,34.4,S
2021-06-22T14:03:24,10000.0,34.4,S
2021-06-22T14:03:21,300.0,34.45,S
2021-06-22T14:03:12,1200.0,34.4,S
2021-06-22T14:03:12,5800.0,34.4,S
2021-06-22T14:03:12,500.0,34.4,S
2021-06-22T14:03:12,100.0,34.4,S
2021-06-22T14:03:12,2000.0,34.4,S
2021-06-22T14:03:12,21100.0,34.4,S
2021-06-22T14:03:12,200.0,34.4,S
2021-06-22T14:03:12,300.0,34.4,S
2021-06-22T14:03:12,1400.0,34.4,S
2021-06-22T14:03:12,5100.0,34.4,S
2021-06-22T14:03:12,2500.0,34.4,S
2021-06-22T14:03:12,9800.0,34.4,S
2021-06-22T14:03:11,400.0,34.4,S
2021-06-22T14:03:11,500.0,34.45,S
2021-06-22T14:03:09,400.0,34.4,S
2021-06-22T14:03:09,500.0,34.4,S
2021-06-22T14:03:09,600.0,34.4,S
2021-06-22T14:03:06,3500.0,34.4,S
2021-06-22T14:03:06,400.0,34.4,S
2021-06-22T14:03:06,2100.0,34.4,S
2021-06-22T14:03:06,500.0,34.4,S
2021-06-22T14:03:06,2200.0,34.4,S
2021-06-22T14:03:06,9500.0,34.4,S
2021-06-22T14:03:06,1800.0,34.45,S
2021-06-22T14:03:01,100.0,34.45,S
2021-06-22T14:02:59,100.0,34.45,S
2021-06-22T14:02:59,600.0,34.4,S
2021-06-22T14:02:59,100.0,34.4,S
2021-06-22T14:02:59,800.0,34.4,S
2021-06-22T14:02:59,1500.0,34.4,S
2021-06-22T14:02:59,600.0,34.4,S
2021-06-22T14:02:59,1600.0,34.4,S
2021-06-22T14:02:58,1800.0,34.4,S
2021-06-22T14:02:57,4400.0,34.45,S
2021-06-22T14:02:55,5000.0,34.45,S
2021-06-22T14:02:52,400.0,34.45,S
2021-06-22T14:02:49,4300.0,34.45,B
2021-06-22T14:02:48,300.0,34.4,S
2021-06-22T14:02:48,700.0,34.4,S
2021-06-22T14:02:48,500.0,34.4,S
2021-06-22T14:02:48,500.0,34.4,S
2021-06-22T14:02:47,1000.0,34.4,S
2021-06-22T14:02:44,1600.0,34.45,B
2021-06-22T14:02:44,500.0,34.45,B
2021-06-22T14:02:43,500.0,34.4,S
2021-06-22T14:02:37,1600.0,34.4,S
2021-06-22T14:02:30,2000.0,34.45,B
2021-06-22T14:02:20,6000.0,34.4,S
2021-06-22T14:02:13,5000.0,34.4,S
2021-06-22T14:02:12,400.0,34.45,S
2021-06-22T14:02:11,4700.0,34.45,S
2021-06-22T14:01:54,1000.0,34.45,B
2021-06-22T14:01:51,100.0,34.45,B
2021-06-22T14:01:50,5600.0,34.45,B
2021-06-22T14:01:48,1000.0,34.45,B
2021-06-22T14:01:46,200.0,34.4,S
2021-06-22T14:01:46,100.0,34.4,S
2021-06-22T14:01:44,2000.0,34.45,B
2021-06-22T14:01:44,200.0,34.4,S
2021-06-22T14:01:39,1000.0,34.4,S
2021-06-22T14:01:30,2000.0,34.4,S
2021-06-22T14:01:25,3000.0,34.4,S
2021-06-22T14:01:19,100.0,34.4,S
2021-06-22T14:01:17,100.0,34.45,B
2021-06-22T14:01:15,100.0,34.45,B
2021-06-22T14:01:14,1300.0,34.45,B
2021-06-22T14:01:14,1800.0,34.45,B
2021-06-22T14:01:14,5000.0,34.4,S
2021-06-22T14:01:05,300.0,34.45,B
2021-06-22T14:00:58,100.0,34.45,B
2021-06-22T14:00:56,1000.0,34.45,B
2021-06-22T14:00:53,1400.0,34.4,S
2021-06-22T14:00:53,1100.0,34.4,S
2021-06-22T14:00:53,2800.0,34.4,S
2021-06-22T14:00:50,300.0,34.45,B
2021-06-22T14:00:48,11500.0,34.45,S
2021-06-22T14:00:46,1000.0,34.45,S
2021-06-22T14:00:44,9200.0,34.45,S
2021-06-22T14:00:44,4000.0,34.45,S
2021-06-22T14:00:44,1400.0,34.45,S
2021-06-22T14:00:44,2100.0,34.45,S
2021-06-22T14:00:44,400.0,34.45,S
2021-06-22T14:00:44,2000.0,34.45,S
2021-06-22T14:00:44,2800.0,34.45,S
2021-06-22T14:00:44,1400.0,34.45,S
2021-06-22T14:00:44,300.0,34.45,S
2021-06-22T14:00:44,1400.0,34.45,S
2021-06-22T14:00:25,1000.0,34.5,B
2021-06-22T14:00:24,300.0,34.5,B
2021-06-22T14:00:23,500.0,34.5,B
2021-06-22T14:00:15,1600.0,34.45,S
2021-06-22T14:00:02,100.0,34.5,B
2021-06-22T13:59:56,100.0,34.45,S
2021-06-22T13:59:55,7300.0,34.45,S
2021-06-22T13:59:55,2200.0,34.45,S
2021-06-22T13:59:55,2700.0,34.45,S
2021-06-22T13:59:55,2700.0,34.45,S
2021-06-22T13:59:54,10100.0,34.45,S
2021-06-22T13:59:54,500.0,34.5,B
2021-06-22T13:59:45,100.0,34.5,B
2021-06-22T13:59:41,1000.0,34.45,S
2021-06-22T13:59:40,100.0,34.5,B
2021-06-22T13:59:35,500.0,34.5,B
2021-06-22T13:59:25,1000.0,34.45,S
2021-06-22T13:59:24,700.0,34.5,B
2021-06-22T13:59:17,2000.0,34.5,B
2021-06-22T13:59:14,1000.0,34.45,S
2021-06-22T13:59:13,1000.0,34.5,B
2021-06-22T13:59:07,1000.0,34.5,B
2021-06-22T13:59:05,100.0,34.5,B
2021-06-22T13:59:03,300.0,34.5,B
2021-06-22T13:58:50,1800.0,34.5,B
2021-06-22T13:58:48,500.0,34.5,B
2021-06-22T13:58:47,100.0,34.5,B
2021-06-22T13:58:46,100.0,34.5,B
2021-06-22T13:58:36,500.0,34.45,S
2021-06-22T13:58:30,2000.0,34.5,B
2021-06-22T13:58:07,3000.0,34.45,S
2021-06-22T13:57:54,700.0,34.45,S
2021-06-22T13:57:45,1000.0,34.45,S
2021-06-22T13:57:29,1000.0,34.5,B
2021-06-22T13:57:24,1100.0,34.45,S
2021-06-22T13:57:24,2500.0,34.45,S
2021-06-22T13:57:22,100.0,34.45,S
2021-06-22T13:57:17,300.0,34.45,S
2021-06-22T13:57:16,3000.0,34.45,S
2021-06-22T13:57:13,200.0,34.45,S
2021-06-22T13:57:12,300.0,34.45,S
2021-06-22T13:57:04,5000.0,34.45,S
2021-06-22T13:56:57,1000.0,34.45,S
2021-06-22T13:56:49,5000.0,34.45,S
2021-06-22T13:56:48,1000.0,34.45,S
2021-06-22T13:56:42,800.0,34.45,S
2021-06-22T13:56:40,1900.0,34.45,S
2021-06-22T13:56:40,500.0,34.45,S
2021-06-22T13:56:40,200.0,34.45,S
2021-06-22T13:56:38,300.0,34.45,S
2021-06-22T13:56:38,1300.0,34.45,S
2021-06-22T13:56:38,3400.0,34.45,S
2021-06-22T13:56:37,100.0,34.45,S
2021-06-22T13:56:30,1000.0,34.45,S
2021-06-22T13:56:27,500.0,34.45,S
2021-06-22T13:56:26,1000.0,34.45,S
2021-06-22T13:56:25,100.0,34.45,S
2021-06-22T13:56:25,200.0,34.45,S
2021-06-22T13:56:23,100.0,34.45,S
2021-06-22T13:56:19,1000.0,34.5,B
2021-06-22T13:56:17,100.0,34.45,S
2021-06-22T13:55:59,300.0,34.45,S
2021-06-22T13:55:57,100.0,34.45,S
2021-06-22T13:55:49,500.0,34.45,S
2021-06-22T13:55:46,500.0,34.5,B
2021-06-22T13:55:41,1000.0,34.45,S
2021-06-22T13:55:34,1000.0,34.45,S
2021-06-22T13:55:29,3000.0,34.45,S
2021-06-22T13:55:29,600.0,34.5,B
2021-06-22T13:55:13,500.0,34.5,B
2021-06-22T13:55:10,600.0,34.45,S
2021-06-22T13:55:10,800.0,34.45,S
2021-06-22T13:55:10,900.0,34.45,S
2021-06-22T13:55:10,500.0,34.45,S
2021-06-22T13:55:10,2200.0,34.45,S
2021-06-22T13:55:05,300.0,34.5,B
2021-06-22T13:55:02,200.0,34.45,S
2021-06-22T13:55:01,500.0,34.5,B
2021-06-22T13:54:55,100.0,34.45,S
2021-06-22T13:54:45,2000.0,34.5,B
2021-06-22T13:54:36,1100.0,34.5,B
2021-06-22T13:54:36,300.0,34.5,B
2021-06-22T13:54:34,100.0,34.45,S
2021-06-22T13:54:30,500.0,34.5,B
2021-06-22T13:54:27,600.0,34.5,B
2021-06-22T13:54:21,100.0,34.5,B
2021-06-22T13:54:05,100.0,34.5,B
2021-06-22T13:53:52,100.0,34.5,S
2021-06-22T13:53:48,200.0,34.5,S
2021-06-22T13:53:44,10000.0,34.5,S
2021-06-22T13:53:39,700.0,34.5,S
2021-06-22T13:53:39,300.0,34.5,S
2021-06-22T13:53:38,500.0,34.5,S
2021-06-22T13:53:38,500.0,34.5,S
2021-06-22T13:53:37,500.0,34.5,S
2021-06-22T13:53:34,1000.0,34.5,S
2021-06-22T13:53:33,5000.0,34.5,S
2021-06-22T13:53:28,5000.0,34.5,S
2021-06-22T13:53:27,400.0,34.5,S
2021-06-22T13:53:27,100.0,34.5,S
2021-06-22T13:53:27,4200.0,34.5,S
2021-06-22T13:53:26,700.0,34.5,S
2021-06-22T13:53:23,2000.0,34.5,S
2021-06-22T13:53:21,500.0,34.5,S
2021-06-22T13:53:19,4600.0,34.5,S
2021-06-22T13:53:19,8200.0,34.5,S
2021-06-22T13:53:19,300.0,34.5,S
2021-06-22T13:53:17,500.0,34.5,S
2021-06-22T13:53:17,5000.0,34.5,S
2021-06-22T13:53:11,6000.0,34.5,S
2021-06-22T13:53:11,500.0,34.5,S
2021-06-22T13:53:10,200.0,34.5,S
2021-06-22T13:53:07,400.0,34.5,S
2021-06-22T13:53:05,500.0,34.5,S
2021-06-22T13:53:03,100.0,34.5,S
2021-06-22T13:53:01,10000.0,34.5,S
2021-06-22T13:52:58,400.0,34.5,S
2021-06-22T13:52:44,2800.0,34.5,S
2021-06-22T13:52:40,400.0,34.55,B
2021-06-22T13:52:30,200.0,34.5,S
2021-06-22T13:52:30,100.0,34.5,S
2021-06-22T13:52:30,1600.0,34.5,S
2021-06-22T13:52:30,700.0,34.5,S
2021-06-22T13:52:30,100.0,34.5,S
2021-06-22T13:52:30,200.0,34.5,S
2021-06-22T13:52:30,1600.0,34.5,S
2021-06-22T13:52:30,600.0,34.5,S
2021-06-22T13:52:30,600.0,34.5,S
2021-06-22T13:52:30,1500.0,34.5,S
2021-06-22T13:52:30,800.0,34.5,S
2021-06-22T13:52:28,5000.0,34.5,S
2021-06-22T13:52:17,2000.0,34.5,S
2021-06-22T13:52:06,1000.0,34.5,S
2021-06-22T13:52:04,20000.0,34.5,S
2021-06-22T13:51:55,500.0,34.5,S
2021-06-22T13:51:48,7500.0,34.5,S
2021-06-22T13:51:44,4100.0,34.5,S
2021-06-22T13:51:38,200.0,34.5,S
2021-06-22T13:51:31,1000.0,34.5,S
2021-06-22T13:51:31,300.0,34.5,S
2021-06-22T13:51:28,500.0,34.5,S
2021-06-22T13:51:19,200.0,34.55,B
2021-06-22T13:51:16,1000.0,34.55,B
2021-06-22T13:51:03,8000.0,34.5,S
2021-06-22T13:50:59,1000.0,34.5,S
2021-06-22T13:50:55,300.0,34.55,B
2021-06-22T13:50:51,100.0,34.55,B
2021-06-22T13:50:47,300.0,34.55,B
2021-06-22T13:50:43,300.0,34.55,B
2021-06-22T13:50:42,900.0,34.55,B
2021-06-22T13:50:38,500.0,34.55,S
2021-06-22T13:50:37,1000.0,34.55,S
2021-06-22T13:50:30,500.0,34.55,S
2021-06-22T13:50:30,7000.0,34.55,S
2021-06-22T13:50:30,100.0,34.55,S
2021-06-22T13:50:29,2200.0,34.55,S
2021-06-22T13:50:29,300.0,34.55,S
2021-06-22T13:50:29,1800.0,34.55,S
2021-06-22T13:50:27,4000.0,34.55,S
2021-06-22T13:50:10,100.0,34.55,S
2021-06-22T13:50:10,4000.0,34.6,B
2021-06-22T13:50:02,100.0,34.6,B
2021-06-22T13:49:55,6000.0,34.6,B
2021-06-22T13:49:46,1000.0,34.6,B
2021-06-22T13:49:35,12100.0,34.55,S
2021-06-22T13:49:31,2300.0,34.6,B
2021-06-22T13:49:31,1000.0,34.6,B
2021-06-22T13:49:19,200.0,34.6,B
2021-06-22T13:48:51,100.0,34.6,S
2021-06-22T13:48:38,100.0,34.6,S
2021-06-22T13:48:36,500.0,34.6,S
2021-06-22T13:48:34,6900.0,34.55,S
2021-06-22T13:48:25,100.0,34.6,B
2021-06-22T13:48:21,300.0,34.6,B
2021-06-22T13:48:08,500.0,34.6,B
2021-06-22T13:48:08,20000.0,34.6,B
2021-06-22T13:48:08,10200.0,34.6,B
2021-06-22T13:48:08,500.0,34.6,B
2021-06-22T13:48:08,4000.0,34.6,B
2021-06-22T13:47:49,4000.0,34.55,S
2021-06-22T13:47:34,700.0,34.6,B
2021-06-22T13:47:17,2500.0,34.6,B
2021-06-22T13:47:15,300.0,34.6,B
2021-06-22T13:47:10,300.0,34.6,B
2021-06-22T13:47:06,1000.0,34.6,B
2021-06-22T13:46:26,500.0,34.6,S
2021-06-22T13:46:21,700.0,34.6,S
2021-06-22T13:46:20,2000.0,34.6,S
2021-06-22T13:46:18,100.0,34.6,S
2021-06-22T13:46:18,1100.0,34.6,S
2021-06-22T13:46:18,600.0,34.6,S
2021-06-22T13:46:15,5000.0,34.6,S
2021-06-22T13:46:05,200.0,34.6,S
2021-06-22T13:45:57,200.0,34.6,S
2021-06-22T13:45:56,1000.0,34.6,S
2021-06-22T13:45:51,5000.0,34.6,S
2021-06-22T13:45:37,300.0,34.6,S
2021-06-22T13:45:34,3000.0,34.6,S
2021-06-22T13:45:33,4600.0,34.6,S
2021-06-22T13:45:28,300.0,34.6,S
2021-06-22T13:45:28,1700.0,34.6,S
2021-06-22T13:45:08,1000.0,34.6,S
2021-06-22T13:44:58,5000.0,34.65,B
2021-06-22T13:44:49,800.0,34.6,S
2021-06-22T13:44:39,3400.0,34.6,S
2021-06-22T13:44:39,100.0,34.6,S
2021-06-22T13:44:39,1500.0,34.6,S
2021-06-22T13:44:17,700.0,34.6,S
2021-06-22T13:44:13,200.0,34.6,S
2021-06-22T13:44:11,200.0,34.6,S
2021-06-22T13:43:43,1100.0,34.6,S
2021-06-22T13:43:37,800.0,34.6,S
2021-06-22T13:43:28,1000.0,34.6,S
2021-06-22T13:43:27,900.0,34.6,S
2021-06-22T13:43:22,1000.0,34.6,S
2021-06-22T13:43:21,7000.0,34.6,S
2021-06-22T13:43:15,600.0,34.6,S
2021-06-22T13:43:14,800.0,34.6,S
2021-06-22T13:43:09,1700.0,34.6,S
2021-06-22T13:43:01,1300.0,34.6,S
2021-06-22T13:42:55,1000.0,34.6,S
2021-06-22T13:42:44,500.0,34.6,S
2021-06-22T13:42:37,1000.0,34.6,S
2021-06-22T13:42:36,100.0,34.6,S
2021-06-22T13:42:35,200.0,34.6,S
2021-06-22T13:42:18,100.0,34.65,B
2021-06-22T13:42:01,200.0,34.6,S
2021-06-22T13:41:37,600.0,34.6,S
2021-06-22T13:41:28,2000.0,34.6,S
2021-06-22T13:41:24,7400.0,34.6,S
2021-06-22T13:41:19,2600.0,34.6,S
2021-06-22T13:41:16,24700.0,34.6,B
2021-06-22T13:41:10,100.0,34.6,B
2021-06-22T13:41:08,3000.0,34.6,B
2021-06-22T13:40:47,2000.0,34.6,B
2021-06-22T13:40:32,700.0,34.55,S
2021-06-22T13:40:17,200.0,34.6,B
2021-06-22T13:40:09,200.0,34.6,B
2021-06-22T13:40:02,10000.0,34.6,B
2021-06-22T13:39:40,2000.0,34.6,B
2021-06-22T13:39:25,2500.0,34.55,S
2021-06-22T13:39:24,10100.0,34.6,B
2021-06-22T13:39:24,2000.0,34.6,B
2021-06-22T13:39:24,1900.0,34.6,B
2021-06-22T13:38:53,200.0,34.5,S
2021-06-22T13:38:48,500.0,34.6,B
2021-06-22T13:38:48,500.0,34.5,S
2021-06-22T13:38:42,500.0,34.6,B
2021-06-22T13:38:40,7900.0,34.5,S
2021-06-22T13:38:40,2200.0,34.5,S
2021-06-22T13:38:40,300.0,34.5,S
2021-06-22T13:38:40,9600.0,34.55,S
2021-06-22T13:38:18,500.0,34.55,B
2021-06-22T13:38:02,1000.0,34.6,B
2021-06-22T13:37:17,5000.0,34.5,S
2021-06-22T13:37:13,400.0,34.6,B
2021-06-22T13:36:57,500.0,34.6,B
2021-06-22T13:36:45,17700.0,34.6,B
2021-06-22T13:36:22,100.0,34.6,B
2021-06-22T13:36:04,9900.0,34.5,S
2021-06-22T13:36:01,500.0,34.5,S
2021-06-22T13:35:58,1000.0,34.5,S
2021-06-22T13:35:33,300.0,34.5,S
2021-06-22T13:35:27,800.0,34.5,S
2021-06-22T13:35:26,100.0,34.6,B
2021-06-22T13:35:17,500.0,34.5,S
2021-06-22T13:35:09,100.0,34.6,B
2021-06-22T13:35:06,200.0,34.5,S
2021-06-22T13:34:45,1300.0,34.5,B
2021-06-22T13:34:39,100.0,34.5,B
2021-06-22T13:34:36,1000.0,34.6,B
2021-06-22T13:34:35,200.0,34.5,B
2021-06-22T13:34:35,400.0,34.5,B
2021-06-22T13:34:34,4900.0,34.55,B
2021-06-22T13:34:34,8500.0,34.55,B
2021-06-22T13:34:34,1100.0,34.5,B
2021-06-22T13:34:33,35500.0,34.5,B
2021-06-22T13:34:26,1000.0,34.5,B
2021-06-22T13:34:25,100.0,34.5,B
2021-06-22T13:34:21,100.0,34.5,B
2021-06-22T13:34:12,1000.0,34.5,B
2021-06-22T13:34:03,100.0,34.5,B
2021-06-22T13:33:54,2000.0,34.45,S
2021-06-22T13:33:48,500.0,34.5,B
2021-06-22T13:33:47,3000.0,34.45,S
2021-06-22T13:33:47,300.0,34.5,B
2021-06-22T13:33:42,200.0,34.45,S
2021-06-22T13:33:40,200.0,34.5,B
2021-06-22T13:33:31,200.0,34.5,S
2021-06-22T13:33:06,500.0,34.45,S
2021-06-22T13:33:02,100.0,34.5,S
2021-06-22T13:33:01,2100.0,34.5,S
2021-06-22T13:33:01,300.0,34.5,S
2021-06-22T13:33:01,1100.0,34.5,S
2021-06-22T13:33:01,3700.0,34.5,S
2021-06-22T13:33:01,300.0,34.5,S
2021-06-22T13:33:01,3700.0,34.5,S
2021-06-22T13:32:45,1200.0,34.6,B
2021-06-22T13:32:45,1800.0,34.55,S
2021-06-22T13:32:43,12100.0,34.5,S
2021-06-22T13:32:43,200.0,34.5,S
2021-06-22T13:32:43,1700.0,34.5,S
2021-06-22T13:32:43,4500.0,34.5,S
2021-06-22T13:32:43,2000.0,34.5,S
2021-06-22T13:32:43,500.0,34.5,S
2021-06-22T13:32:43,8000.0,34.5,S
2021-06-22T13:32:42,400.0,34.5,S
2021-06-22T13:32:42,5200.0,34.5,S
2021-06-22T13:32:42,4100.0,34.5,S
2021-06-22T13:32:42,400.0,34.5,S
2021-06-22T13:32:42,900.0,34.5,S
2021-06-22T13:32:40,500.0,34.55,S
2021-06-22T13:32:33,600.0,34.55,S
2021-06-22T13:32:28,100.0,34.55,S
2021-06-22T13:32:22,1000.0,34.6,B
2021-06-22T13:32:10,1000.0,34.6,B
2021-06-22T13:32:03,700.0,34.5,S
2021-06-22T13:32:03,3700.0,34.5,S
2021-06-22T13:32:03,5000.0,34.5,S
2021-06-22T13:32:02,1000.0,34.5,S
2021-06-22T13:32:02,700.0,34.5,S
2021-06-22T13:32:02,1400.0,34.5,S
2021-06-22T13:32:02,4300.0,34.5,S
2021-06-22T13:32:02,500.0,34.5,S
2021-06-22T13:32:02,400.0,34.5,S
2021-06-22T13:32:02,10100.0,34.5,S
2021-06-22T13:32:02,6400.0,34.5,S
2021-06-22T13:32:02,1800.0,34.5,S
2021-06-22T13:32:02,1700.0,34.5,S
2021-06-22T13:32:02,5400.0,34.5,S
2021-06-22T13:32:02,3600.0,34.5,S
2021-06-22T13:32:02,1300.0,34.5,S
2021-06-22T13:32:02,5100.0,34.5,S
2021-06-22T13:32:02,1100.0,34.5,S
2021-06-22T13:32:02,900.0,34.5,S
2021-06-22T13:32:02,5700.0,34.5,S
2021-06-22T13:32:02,1400.0,34.5,S
2021-06-22T13:32:02,1000.0,34.5,S
2021-06-22T13:32:02,800.0,34.5,S
2021-06-22T13:32:02,400.0,34.5,S
2021-06-22T13:32:02,500.0,34.5,S
2021-06-22T13:32:02,2100.0,34.5,S
2021-06-22T13:32:02,4000.0,34.5,S
2021-06-22T13:32:02,1900.0,34.5,S
2021-06-22T13:32:02,500.0,34.5,S
2021-06-22T13:32:02,600.0,34.5,S
2021-06-22T13:32:02,1200.0,34.5,S
2021-06-22T13:32:02,2200.0,34.5,S
2021-06-22T13:32:01,2500.0,34.5,S
2021-06-22T13:32:01,1100.0,34.5,S
2021-06-22T13:32:01,1500.0,34.5,S
2021-06-22T13:32:01,1500.0,34.5,S
2021-06-22T13:32:01,900.0,34.5,S
2021-06-22T13:32:01,5100.0,34.55,S
2021-06-22T13:32:01,4100.0,34.55,S
2021-06-22T13:32:01,3200.0,34.55,S
2021-06-22T13:32:00,2700.0,34.55,S
2021-06-22T13:31:55,200.0,34.55,S
2021-06-22T13:31:54,200.0,34.6,B
2021-06-22T13:31:44,3000.0,34.6,B
2021-06-22T13:31:35,700.0,34.6,B
2021-06-22T13:31:30,1000.0,34.55,S
2021-06-22T13:31:28,2000.0,34.55,S
2021-06-22T13:31:26,700.0,34.6,B
2021-06-22T13:31:06,500.0,34.55,S
2021-06-22T13:30:58,400.0,34.55,S
2021-06-22T13:30:55,1000.0,34.55,S
2021-06-22T13:30:21,3500.0,34.55,S
2021-06-22T13:30:21,1800.0,34.55,S
2021-06-22T13:30:21,8900.0,34.55,S
2021-06-22T13:30:21,25800.0,34.55,S
2021-06-22T13:30:18,400.0,34.6,B
2021-06-22T13:30:13,300.0,34.6,B
2021-06-22T13:29:59,9200.0,34.6,B
2021-06-22T13:29:30,800.0,34.55,S
2021-06-22T13:29:23,11500.0,34.6,S
2021-06-22T13:29:23,4300.0,34.6,S
2021-06-22T13:29:23,1200.0,34.6,S
2021-06-22T13:29:07,500.0,34.6,S
2021-06-22T13:29:03,800.0,34.6,S
2021-06-22T13:29:03,100.0,34.6,S
2021-06-22T13:29:03,500.0,34.6,S
2021-06-22T13:29:03,400.0,34.6,S
2021-06-22T13:29:03,200.0,34.6,S
2021-06-22T13:29:03,900.0,34.6,S
2021-06-22T13:29:03,200.0,34.6,S
2021-06-22T13:29:03,1300.0,34.6,S
2021-06-22T13:29:03,12600.0,34.6,S
2021-06-22T13:29:03,300.0,34.6,S
2021-06-22T13:29:02,3300.0,34.6,S
2021-06-22T13:29:02,1600.0,34.6,S
2021-06-22T13:29:02,3000.0,34.6,S
2021-06-22T13:29:02,200.0,34.6,S
2021-06-22T13:29:02,1000.0,34.6,S
2021-06-22T13:29:02,3600.0,34.6,S
2021-06-22T13:29:00,100.0,34.6,S
2021-06-22T13:28:43,600.0,34.6,S
2021-06-22T13:28:43,4400.0,34.6,S
2021-06-22T13:28:43,300.0,34.6,S
2021-06-22T13:28:31,6000.0,34.6,S
2021-06-22T13:28:14,100.0,34.65,B
2021-06-22T13:27:49,5300.0,34.6,S
2021-06-22T13:27:49,1100.0,34.6,S
2021-06-22T13:27:49,3600.0,34.6,S
2021-06-22T13:27:42,1000.0,34.6,S
2021-06-22T13:27:38,2000.0,34.6,S
2021-06-22T13:27:31,100.0,34.65,B
2021-06-22T13:27:30,4000.0,34.65,B
2021-06-22T13:27:07,1000.0,34.65,S
2021-06-22T13:26:58,2000.0,34.6,S
2021-06-22T13:26:56,100.0,34.65,S
2021-06-22T13:26:49,2000.0,34.65,S
2021-06-22T13:26:44,1100.0,34.65,S
2021-06-22T13:26:44,200.0,34.65,S
2021-06-22T13:26:44,1200.0,34.65,S
2021-06-22T13:26:44,8400.0,34.65,S
2021-06-22T13:26:31,200.0,34.65,S
2021-06-22T13:26:20,6500.0,34.65,S
2021-06-22T13:26:09,400.0,34.65,S
2021-06-22T13:25:57,8100.0,34.65,S
2021-06-22T13:25:57,1200.0,34.65,S
2021-06-22T13:25:57,2700.0,34.65,S
2021-06-22T13:25:52,200.0,34.65,S
2021-06-22T13:25:45,200.0,34.65,S
2021-06-22T13:25:45,500.0,34.65,S
2021-06-22T13:25:45,2600.0,34.65,S
2021-06-22T13:25:45,2700.0,34.65,S
2021-06-22T13:25:45,2000.0,34.65,S
2021-06-22T13:25:26,100.0,34.7,B
2021-06-22T13:25:20,400.0,34.65,S
2021-06-22T13:24:54,800.0,34.7,B
2021-06-22T13:24:40,500.0,34.65,S
2021-06-22T13:24:29,3000.0,34.7,B
2021-06-22T13:24:24,100.0,34.7,B
2021-06-22T13:24:23,3000.0,34.7,B
2021-06-22T13:24:14,100.0,34.7,B
2021-06-22T13:24:14,400.0,34.7,B
2021-06-22T13:24:08,100.0,34.7,B
2021-06-22T13:24:07,2000.0,34.7,B
2021-06-22T13:24:06,1000.0,34.7,B
2021-06-22T13:23:39,5900.0,34.7,B
2021-06-22T13:23:29,100.0,34.7,B
2021-06-22T13:23:18,5000.0,34.7,B
2021-06-22T13:23:07,300.0,34.7,B
2021-06-22T13:22:56,5300.0,34.7,B
2021-06-22T13:22:49,100.0,34.7,B
2021-06-22T13:22:39,600.0,34.7,B
2021-06-22T13:22:39,500.0,34.65,S
2021-06-22T13:22:34,200.0,34.65,S
2021-06-22T13:22:23,200.0,34.7,B
2021-06-22T13:22:23,1000.0,34.7,B
2021-06-22T13:22:23,500.0,34.7,B
2021-06-22T13:22:23,2300.0,34.7,B
2021-06-22T13:22:00,1000.0,34.65,S
2021-06-22T13:21:59,500.0,34.65,S
2021-06-22T13:21:56,1000.0,34.7,B
2021-06-22T13:21:55,300.0,34.65,S
2021-06-22T13:21:51,1000.0,34.7,B
2021-06-22T13:21:17,400.0,34.65,S
2021-06-22T13:21:16,100.0,34.7,B
2021-06-22T13:21:10,500.0,34.65,S
2021-06-22T13:20:46,100.0,34.65,S
2021-06-22T13:20:37,2200.0,34.7,B
2021-06-22T13:20:13,200.0,34.65,S
2021-06-22T13:19:42,1500.0,34.65,S
2021-06-22T13:19:42,1000.0,34.65,S
2021-06-22T13:19:42,200.0,34.65,S
2021-06-22T13:19:42,500.0,34.65,S
2021-06-22T13:19:42,3400.0,34.65,S
2021-06-22T13:19:26,400.0,34.7,B
2021-06-22T13:19:10,300.0,34.65,S
2021-06-22T13:18:59,1500.0,34.7,B
2021-06-22T13:18:46,100.0,34.7,B
2021-06-22T13:18:33,6600.0,34.7,B
2021-06-22T13:18:28,100.0,34.7,B
2021-06-22T13:17:57,1000.0,34.7,B
2021-06-22T13:17:50,1000.0,34.65,S
2021-06-22T13:17:30,1200.0,34.65,S
2021-06-22T13:17:16,400.0,34.65,S
2021-06-22T13:17:09,8000.0,34.7,B
2021-06-22T13:17:05,200.0,34.65,S
2021-06-22T13:17:04,900.0,34.65,S
2021-06-22T13:16:28,4200.0,34.65,B
2021-06-22T13:16:25,500.0,34.65,B
2021-06-22T13:16:18,500.0,34.65,B
2021-06-22T13:16:15,100.0,34.65,B
2021-06-22T13:16:15,2600.0,34.6,S
2021-06-22T13:16:15,300.0,34.6,S
2021-06-22T13:16:15,1500.0,34.6,S
2021-06-22T13:16:15,200.0,34.6,S
2021-06-22T13:16:14,2300.0,34.6,S
2021-06-22T13:16:07,900.0,34.6,S
2021-06-22T13:16:06,100.0,34.65,B
2021-06-22T13:15:56,2800.0,34.65,B
2021-06-22T13:15:55,100.0,34.65,B
2021-06-22T13:15:52,200.0,34.65,B
2021-06-22T13:15:50,100.0,34.65,B
2021-06-22T13:15:41,1500.0,34.65,B
2021-06-22T13:15:34,2000.0,34.65,B
2021-06-22T13:15:28,400.0,34.65,B
2021-06-22T13:15:10,2000.0,34.65,S
2021-06-22T13:15:08,1000.0,34.65,S
2021-06-22T13:15:02,500.0,34.65,S
2021-06-22T13:15:01,100.0,34.65,S
2021-06-22T13:14:59,200.0,34.65,S
2021-06-22T13:14:52,500.0,34.7,B
2021-06-22T13:14:52,400.0,34.6,S
2021-06-22T13:14:52,1300.0,34.65,S
2021-06-22T13:14:52,100.0,34.65,S
2021-06-22T13:14:51,1200.0,34.65,S
2021-06-22T13:14:31,200.0,34.65,S
2021-06-22T13:14:31,800.0,34.65,S
2021-06-22T13:14:30,300.0,34.7,B
2021-06-22T13:14:28,100.0,34.7,B
2021-06-22T13:14:25,1000.0,34.7,B
2021-06-22T13:13:56,100.0,34.7,B
2021-06-22T13:13:43,100.0,34.65,S
2021-06-22T13:13:43,2300.0,34.7,B
2021-06-22T13:13:28,100.0,34.65,S
2021-06-22T13:13:16,1000.0,34.7,B
2021-06-22T13:13:16,100.0,34.7,B
2021-06-22T13:13:14,1000.0,34.65,S
2021-06-22T13:12:55,300.0,34.7,B
2021-06-22T13:12:35,5000.0,34.7,B
2021-06-22T13:12:30,100.0,34.7,B
2021-06-22T13:12:16,400.0,34.7,B
2021-06-22T13:12:08,400.0,34.7,B
2021-06-22T13:12:04,900.0,34.7,B
2021-06-22T13:11:55,100.0,34.7,S
2021-06-22T13:11:51,6800.0,34.8,B
2021-06-22T13:11:36,1000.0,34.8,B
2021-06-22T13:11:26,5000.0,34.6,S
2021-06-22T13:11:26,100.0,34.7,S
2021-06-22T13:11:26,1900.0,34.7,S
2021-06-22T13:11:18,1000.0,34.8,S
2021-06-22T13:11:17,900.0,34.8,S
2021-06-22T13:11:11,500.0,34.7,S
2021-06-22T13:11:11,15000.0,34.7,S
2021-06-22T13:11:11,4300.0,34.7,S
2021-06-22T13:11:11,2200.0,34.7,S
2021-06-22T13:11:11,4200.0,34.7,S
2021-06-22T13:11:11,1200.0,34.7,S
2021-06-22T13:11:11,1100.0,34.8,S
2021-06-22T13:11:11,800.0,34.8,S
2021-06-22T13:11:10,4100.0,34.8,S
2021-06-22T13:11:04,1000.0,34.8,S
2021-06-22T13:10:55,100.0,34.9,B
2021-06-22T13:10:38,100.0,34.8,S
2021-06-22T13:10:22,1300.0,34.9,B
2021-06-22T13:10:07,500.0,34.9,B
2021-06-22T13:09:14,2000.0,34.9,B
2021-06-22T13:07:47,100.0,34.9,B
2021-06-22T13:07:46,300.0,34.9,B
2021-06-22T13:07:13,200.0,34.9,B
2021-06-22T13:07:03,700.0,34.8,S
2021-06-22T13:07:00,1000.0,34.9,B
2021-06-22T13:06:48,18100.0,34.7,S
2021-06-22T13:06:48,2000.0,34.7,S
2021-06-22T13:06:48,1600.0,34.7,S
2021-06-22T13:06:48,7500.0,34.7,S
2021-06-22T13:06:48,800.0,34.7,S
2021-06-22T13:06:40,4400.0,34.9,B
2021-06-22T13:06:40,2400.0,34.9,B
2021-06-22T13:06:40,200.0,34.9,B
2021-06-22T13:06:40,2200.0,34.9,B
2021-06-22T13:06:40,8000.0,34.9,B
2021-06-22T13:06:40,900.0,34.9,B
2021-06-22T13:06:40,700.0,34.9,B
2021-06-22T13:06:40,9800.0,34.9,B
2021-06-22T13:06:35,1100.0,34.9,B
2021-06-22T13:06:35,400.0,34.9,B
2021-06-22T13:06:24,3400.0,34.7,S
2021-06-22T13:06:21,300.0,34.7,S
2021-06-22T13:06:15,1000.0,34.9,B
2021-06-22T13:06:05,300.0,34.7,S
2021-06-22T13:05:59,5000.0,34.9,B
2021-06-22T13:05:21,2000.0,34.7,S
2021-06-22T13:05:11,200.0,34.9,B
2021-06-22T13:05:07,300.0,34.9,B
2021-06-22T13:05:06,2000.0,34.9,B
2021-06-22T13:04:39,1000.0,34.9,B
2021-06-22T13:04:31,200.0,34.9,B
2021-06-22T13:04:20,2000.0,34.7,S
2021-06-22T13:04:14,3000.0,34.9,B
2021-06-22T13:04:05,500.0,34.7,S
2021-06-22T13:03:48,200.0,34.7,B
2021-06-22T13:03:47,700.0,34.6,S
2021-06-22T13:03:47,100.0,34.6,S
2021-06-22T13:03:47,3800.0,34.6,S
2021-06-22T13:03:47,1000.0,34.6,S
2021-06-22T13:03:46,4400.0,34.6,S
2021-06-22T13:03:42,200.0,34.7,S
2021-06-22T13:03:39,1100.0,34.7,S
2021-06-22T13:03:38,500.0,34.7,S
2021-06-22T13:03:27,4700.0,34.6,S
2021-06-22T13:03:27,2600.0,34.6,S
2021-06-22T13:03:27,300.0,34.7,S
2021-06-22T13:03:26,2400.0,34.7,S
2021-06-22T13:02:41,4200.0,34.7,S
2021-06-22T13:02:41,800.0,34.8,S
2021-06-22T13:02:04,4500.0,34.8,S
2021-06-22T13:02:04,500.0,34.8,S
2021-06-22T13:01:45,5000.0,34.9,B
2021-06-22T13:01:34,10000.0,34.9,B
2021-06-22T13:01:20,3900.0,34.9,B
2021-06-22T13:01:20,1100.0,34.85,B
2021-06-22T13:01:09,500.0,34.8,B
2021-06-22T13:00:54,1000.0,34.85,B
2021-06-22T13:00:54,2000.0,34.85,B
2021-06-22T13:00:52,100.0,34.8,B
2021-06-22T13:00:37,200.0,34.8,B
2021-06-22T13:00:28,1000.0,34.8,B
2021-06-22T13:00:18,200.0,34.8,B
2021-06-22T13:00:18,800.0,34.8,S
2021-06-22T13:00:18,100.0,34.8,S
2021-06-22T13:00:18,400.0,34.8,S
2021-06-22T13:00:16,100.0,34.8,S
2021-06-22T13:00:16,800.0,34.8,S
2021-06-22T13:00:16,2300.0,34.8,S
2021-06-22T13:00:14,1000.0,34.8,S
2021-06-22T13:00:12,200.0,34.8,S
2021-06-22T13:00:12,1000.0,34.8,S
2021-06-22T13:00:08,10000.0,34.6,S
2021-06-22T13:00:08,100.0,34.8,S
2021-06-22T13:00:08,3000.0,34.8,S
2021-06-22T13:00:08,13600.0,34.8,S
2021-06-22T13:00:07,800.0,34.9,B
2021-06-22T13:00:07,1000.0,34.9,B
2021-06-22T13:00:06,1000.0,34.85,S
2021-06-22T11:30:05,100.0,34.9,B
2021-06-22T11:29:45,500.0,34.85,S
2021-06-22T11:29:38,200.0,34.85,S
2021-06-22T11:29:37,100.0,34.85,B
2021-06-22T11:29:28,200.0,34.8,S
2021-06-22T11:29:10,800.0,34.8,B
2021-06-22T11:29:08,1100.0,34.8,B
2021-06-22T11:28:55,900.0,34.8,S
2021-06-22T11:28:50,100.0,34.8,S
2021-06-22T11:28:42,7500.0,34.7,S
2021-06-22T11:28:32,100.0,34.8,B
2021-06-22T11:28:27,600.0,34.8,B
2021-06-22T11:28:27,500.0,34.8,B
2021-06-22T11:28:27,1300.0,34.8,B
2021-06-22T11:28:27,1400.0,34.8,B
2021-06-22T11:27:53,100.0,34.7,S
2021-06-22T11:26:56,300.0,34.6,S
2021-06-22T11:26:56,600.0,34.6,S
2021-06-22T11:26:55,900.0,34.6,S
2021-06-22T11:26:45,1100.0,34.6,S
2021-06-22T11:26:45,2000.0,34.6,S
2021-06-22T11:26:45,100.0,34.6,S
2021-06-22T11:26:45,700.0,34.6,S
2021-06-22T11:26:45,7100.0,34.6,S
2021-06-22T11:26:45,100.0,34.65,S
2021-06-22T11:26:45,2500.0,34.65,S
2021-06-22T11:26:45,2800.0,34.65,S
2021-06-22T11:26:45,1300.0,34.7,S
2021-06-22T11:26:45,1300.0,34.7,S
2021-06-22T11:26:45,1000.0,34.7,S
2021-06-22T11:26:37,3000.0,34.7,S
2021-06-22T11:25:28,19000.0,34.7,S
2021-06-22T11:25:02,1000.0,34.8,B
2021-06-22T11:24:47,1000.0,34.8,B
2021-06-22T11:24:37,4000.0,34.8,B
2021-06-22T11:24:36,300.0,34.7,S
2021-06-22T11:24:36,4700.0,34.6,S
2021-06-22T11:24:36,1100.0,34.6,S
2021-06-22T11:24:36,500.0,34.6,S
2021-06-22T11:24:34,13700.0,34.6,S
2021-06-22T11:24:20,300.0,34.8,B
2021-06-22T11:23:49,2200.0,34.8,B
2021-06-22T11:23:49,2800.0,34.8,B
2021-06-22T11:23:44,1000.0,34.8,B
2021-06-22T11:23:44,17400.0,34.8,B
2021-06-22T11:23:39,600.0,34.8,B
2021-06-22T11:23:39,1000.0,34.7,S
2021-06-22T11:23:12,200.0,34.8,B
2021-06-22T11:23:08,6200.0,34.6,S
2021-06-22T11:23:05,16000.0,34.8,B
2021-06-22T11:22:40,8900.0,34.6,S
2021-06-22T11:22:40,1600.0,34.6,S
2021-06-22T11:22:40,1400.0,34.6,S
2021-06-22T11:22:40,2000.0,34.6,S
2021-06-22T11:22:40,4500.0,34.6,S
2021-06-22T11:22:40,2600.0,34.65,S
2021-06-22T11:22:13,4000.0,34.65,S
2021-06-22T11:21:56,1900.0,34.65,S
2021-06-22T11:21:56,1800.0,34.65,S
2021-06-22T11:21:56,500.0,34.65,S
2021-06-22T11:21:56,31400.0,34.65,S
2021-06-22T11:21:56,200.0,34.65,S
2021-06-22T11:21:47,1200.0,34.8,B
2021-06-22T11:21:47,300.0,34.7,B
2021-06-22T11:21:41,8700.0,34.7,S
2021-06-22T11:21:20,5000.0,34.7,S
2021-06-22T11:20:52,1300.0,34.7,S
2021-06-22T11:20:50,2300.0,34.7,B
2021-06-22T11:20:50,600.0,34.7,B
2021-06-22T11:20:49,400.0,34.7,B
2021-06-22T11:20:44,2000.0,34.7,B
2021-06-22T11:20:27,300.0,34.65,S
2021-06-22T11:20:21,100.0,34.7,B
2021-06-22T11:20:16,400.0,34.65,S
2021-06-22T11:19:54,800.0,34.7,B
2021-06-22T11:19:48,300.0,34.7,B
2021-06-22T11:19:39,100.0,34.7,B
2021-06-22T11:19:14,300.0,34.65,S
2021-06-22T11:19:12,100.0,34.65,S
2021-06-22T11:18:27,4000.0,34.65,S
2021-06-22T11:18:23,2000.0,34.8,B
2021-06-22T11:18:22,900.0,34.7,B
2021-06-22T11:18:17,800.0,34.7,S
2021-06-22T11:18:05,200.0,34.7,B
2021-06-22T11:18:02,100.0,34.7,B
2021-06-22T11:17:54,100.0,34.7,B
2021-06-22T11:17:39,500.0,34.7,S
2021-06-22T11:17:25,200.0,34.8,B
2021-06-22T11:17:08,100.0,34.6,S
2021-06-22T11:17:08,16700.0,34.6,S
2021-06-22T11:17:08,2900.0,34.65,S
2021-06-22T11:17:08,300.0,34.7,S
2021-06-22T11:16:41,900.0,34.8,B
2021-06-22T11:16:41,700.0,34.8,B
2021-06-22T11:16:41,1400.0,34.8,B
2021-06-22T11:16:35,200.0,34.8,B
2021-06-22T11:16:24,100.0,34.8,B
2021-06-22T11:16:24,2300.0,34.65,S
2021-06-22T11:16:24,1900.0,34.65,S
2021-06-22T11:16:24,13000.0,34.7,S
2021-06-22T11:16:24,700.0,34.7,S
2021-06-22T11:16:24,200.0,34.7,S
2021-06-22T11:16:24,100.0,34.7,S
2021-06-22T11:16:24,200.0,34.7,S
2021-06-22T11:16:24,600.0,34.7,S
2021-06-22T11:16:24,1000.0,34.7,S
2021-06-22T11:16:16,100.0,34.7,S
2021-06-22T11:16:07,500.0,34.7,S
2021-06-22T11:15:44,1000.0,34.7,S
2021-06-22T11:15:24,400.0,34.7,S
2021-06-22T11:15:21,2200.0,34.8,B
2021-06-22T11:15:14,500.0,34.7,S
2021-06-22T11:15:11,7000.0,34.7,S
2021-06-22T11:15:04,100.0,34.7,S
2021-06-22T11:14:37,300.0,34.7,S
2021-06-22T11:14:33,400.0,34.7,S
2021-06-22T11:14:33,300.0,34.7,S
2021-06-22T11:14:32,1300.0,34.7,S
2021-06-22T11:14:30,400.0,34.8,B
2021-06-22T11:14:20,100.0,34.8,B
2021-06-22T11:14:18,300.0,34.8,B
2021-06-22T11:13:42,500.0,34.8,B
2021-06-22T11:13:38,100.0,34.7,S
2021-06-22T11:13:07,1000.0,34.8,B
2021-06-22T11:12:40,3000.0,34.8,B
2021-06-22T11:11:50,2000.0,34.8,S
2021-06-22T11:11:39,1500.0,34.7,S
2021-06-22T11:11:39,800.0,34.8,S
2021-06-22T11:11:32,2000.0,34.8,S
2021-06-22T11:11:32,2000.0,34.85,S
2021-06-22T11:11:13,2300.0,34.65,S
2021-06-22T11:11:13,100.0,34.7,S
2021-06-22T11:11:13,2100.0,34.7,S
2021-06-22T11:11:13,16200.0,34.7,S
2021-06-22T11:11:13,100.0,34.75,S
2021-06-22T11:11:12,1100.0,34.8,S
2021-06-22T11:11:08,3000.0,34.8,S
2021-06-22T11:11:05,500.0,34.8,S
2021-06-22T11:10:44,500.0,34.8,S
2021-06-22T11:10:38,500.0,34.8,S
2021-06-22T11:10:27,100.0,34.8,S
2021-06-22T11:10:18,1000.0,34.8,S
2021-06-22T11:09:56,1000.0,34.8,S
2021-06-22T11:09:40,3700.0,34.8,S
2021-06-22T11:09:40,1000.0,34.8,S
2021-06-22T11:09:40,300.0,34.8,S
2021-06-22T11:09:15,2000.0,34.8,S
2021-06-22T11:09:12,2200.0,34.8,S
2021-06-22T11:09:12,1600.0,34.85,S
2021-06-22T11:08:57,200.0,34.9,S
2021-06-22T11:08:54,1000.0,34.9,S
2021-06-22T11:08:54,2500.0,34.9,S
2021-06-22T11:08:54,3100.0,34.9,S
2021-06-22T11:08:54,5200.0,34.9,S
2021-06-22T11:08:54,500.0,34.9,S
2021-06-22T11:08:54,2700.0,34.9,S
2021-06-22T11:08:54,700.0,34.9,S
2021-06-22T11:08:45,600.0,34.9,S
2021-06-22T11:08:40,500.0,34.9,S
2021-06-22T11:08:29,1000.0,34.9,S
2021-06-22T11:08:27,1000.0,34.9,S
2021-06-22T11:08:01,200.0,34.95,S
2021-06-22T11:07:54,300.0,34.95,S
2021-06-22T11:07:54,1500.0,34.95,S
2021-06-22T11:07:36,1000.0,35.0,B
2021-06-22T11:07:28,5000.0,34.95,S
2021-06-22T11:07:19,200.0,35.0,B
2021-06-22T11:07:09,100.0,35.0,B
2021-06-22T11:07:09,100.0,35.0,B
2021-06-22T11:07:06,100.0,35.0,B
2021-06-22T11:07:04,500.0,34.95,S
2021-06-22T11:06:54,500.0,35.0,B
2021-06-22T11:06:50,2000.0,35.0,B
2021-06-22T11:06:35,4300.0,35.0,B
2021-06-22T11:06:17,1500.0,35.0,B
2021-06-22T11:06:14,200.0,34.95,S
2021-06-22T11:06:11,1200.0,35.0,B
2021-06-22T11:06:06,1000.0,35.0,B
2021-06-22T11:06:03,500.0,35.0,B
2021-06-22T11:05:55,5000.0,35.0,B
2021-06-22T11:05:02,5700.0,35.0,B
2021-06-22T11:05:02,700.0,35.05,B
2021-06-22T11:04:58,500.0,35.0,B
2021-06-22T11:04:52,100.0,35.0,B
2021-06-22T11:04:42,6700.0,35.0,B
2021-06-22T11:04:34,4000.0,35.0,S
2021-06-22T11:04:34,200.0,35.0,S
2021-06-22T11:04:24,2800.0,35.0,S
2021-06-22T11:04:21,200.0,35.05,B
2021-06-22T11:04:17,2100.0,35.0,S
2021-06-22T11:04:17,2900.0,35.0,S
2021-06-22T11:04:14,700.0,35.0,S
2021-06-22T11:04:10,2800.0,35.0,S
2021-06-22T11:04:10,300.0,35.0,S
2021-06-22T11:04:10,1900.0,35.0,S
2021-06-22T11:04:06,2000.0,35.0,S
2021-06-22T11:03:54,1000.0,35.0,S
2021-06-22T11:03:41,2000.0,35.05,B
2021-06-22T11:03:31,300.0,35.0,S
2021-06-22T11:03:24,2000.0,35.0,S
2021-06-22T11:03:16,5400.0,35.05,B
2021-06-22T11:02:45,100.0,35.0,S
2021-06-22T11:02:45,300.0,35.0,S
2021-06-22T11:02:34,1400.0,35.0,S
2021-06-22T11:02:34,1000.0,35.0,S
2021-06-22T11:02:31,600.0,35.0,S
2021-06-22T11:02:14,800.0,35.0,S
2021-06-22T11:02:14,6000.0,35.0,S
2021-06-22T11:02:14,500.0,35.0,S
2021-06-22T11:02:13,14900.0,35.0,S
2021-06-22T11:02:08,1600.0,35.05,B
2021-06-22T11:02:05,1000.0,35.05,B
2021-06-22T11:02:04,1000.0,35.0,S
2021-06-22T11:02:03,900.0,35.05,B
2021-06-22T11:01:47,500.0,35.0,S
2021-06-22T11:01:40,5000.0,35.0,S
2021-06-22T11:01:38,1700.0,35.05,B
2021-06-22T11:01:25,2000.0,35.0,S
2021-06-22T11:01:24,800.0,35.05,B
2021-06-22T11:01:16,3800.0,35.05,S
2021-06-22T11:01:08,2800.0,35.05,S
2021-06-22T11:01:07,200.0,35.05,S
2021-06-22T11:01:03,7000.0,35.0,S
2021-06-22T11:01:00,5000.0,35.05,S
2021-06-22T11:00:59,2100.0,35.05,S
2021-06-22T11:00:57,500.0,35.05,S
2021-06-22T11:00:56,5000.0,35.05,S
2021-06-22T11:00:51,300.0,35.05,S
2021-06-22T11:00:41,1900.0,35.0,S
2021-06-22T11:00:39,100.0,35.0,S
2021-06-22T11:00:30,900.0,35.0,S
2021-06-22T11:00:30,2000.0,35.0,S
2021-06-22T11:00:30,800.0,35.0,S
2021-06-22T11:00:30,6300.0,35.0,S
2021-06-22T11:00:26,100.0,35.1,B
2021-06-22T11:00:02,1000.0,35.0,S
2021-06-22T10:59:52,100.0,35.0,S
2021-06-22T10:59:52,3800.0,35.1,B
2021-06-22T10:59:32,900.0,35.0,S
2021-06-22T10:59:31,500.0,35.05,S
2021-06-22T10:59:06,100.0,35.0,S
2021-06-22T10:59:02,7100.0,35.1,B
2021-06-22T10:59:02,1000.0,35.0,S
2021-06-22T10:58:49,400.0,35.1,B
2021-06-22T10:58:45,400.0,35.0,S
2021-06-22T10:58:44,3000.0,35.1,B
2021-06-22T10:58:08,4000.0,35.1,B
2021-06-22T10:57:56,2000.0,35.1,B
2021-06-22T10:57:49,500.0,35.0,S
2021-06-22T10:57:48,4500.0,35.0,S
2021-06-22T10:57:47,400.0,35.1,B
2021-06-22T10:57:44,2000.0,35.1,B
2021-06-22T10:57:42,2400.0,35.1,B
2021-06-22T10:57:33,7000.0,35.0,S
2021-06-22T10:57:33,18200.0,35.0,S
2021-06-22T10:57:07,100.0,35.1,B
2021-06-22T10:57:01,100.0,35.0,S
2021-06-22T10:56:55,100.0,35.0,S
2021-06-22T10:56:47,300.0,35.1,B
2021-06-22T10:56:47,500.0,35.1,B
2021-06-22T10:56:47,200.0,35.1,B
2021-06-22T10:56:41,300.0,35.1,B
2021-06-22T10:56:18,100.0,35.1,B
2021-06-22T10:56:17,1600.0,35.1,B
2021-06-22T10:55:59,600.0,35.1,B
2021-06-22T10:55:58,1800.0,35.1,B
2021-06-22T10:55:53,6000.0,35.0,S
2021-06-22T10:55:48,1000.0,35.1,B
2021-06-22T10:55:47,100.0,35.1,B
2021-06-22T10:55:46,300.0,35.0,S
2021-06-22T10:55:36,1000.0,35.0,S
2021-06-22T10:55:14,1700.0,35.1,B
2021-06-22T10:54:54,500.0,35.1,S
2021-06-22T10:54:50,500.0,35.1,S
2021-06-22T10:54:38,1000.0,35.1,S
2021-06-22T10:54:27,500.0,35.0,S
2021-06-22T10:54:27,1300.0,35.2,B
2021-06-22T10:54:26,1600.0,35.2,B
2021-06-22T10:54:26,4100.0,35.2,B
2021-06-22T10:54:19,100.0,35.1,S
2021-06-22T10:54:18,200.0,35.1,S
2021-06-22T10:54:16,1000.0,35.0,S
2021-06-22T10:54:13,1000.0,35.0,S
2021-06-22T10:54:10,6000.0,35.2,B
2021-06-22T10:54:07,1000.0,35.1,S
2021-06-22T10:54:04,1000.0,35.1,S
2021-06-22T10:54:02,100.0,35.1,S
2021-06-22T10:54:02,700.0,35.1,S
2021-06-22T10:54:02,200.0,35.1,S
2021-06-22T10:53:57,300.0,35.1,S
2021-06-22T10:53:56,700.0,35.1,S
2021-06-22T10:53:54,800.0,35.1,S
2021-06-22T10:53:54,200.0,35.1,S
2021-06-22T10:53:46,1000.0,35.2,S
2021-06-22T10:53:46,1000.0,35.1,S
2021-06-22T10:53:28,500.0,35.2,S
2021-06-22T10:53:25,1000.0,35.1,S
2021-06-22T10:53:24,300.0,35.2,S
2021-06-22T10:53:24,1000.0,35.1,S
2021-06-22T10:53:22,1000.0,35.1,S
2021-06-22T10:53:21,2800.0,35.2,S
2021-06-22T10:53:21,200.0,35.2,S
2021-06-22T10:53:19,1000.0,35.1,S
2021-06-22T10:53:17,1000.0,35.1,S
2021-06-22T10:53:12,3900.0,35.2,S
2021-06-22T10:53:08,1000.0,35.15,S
2021-06-22T10:53:01,100.0,35.15,S
2021-06-22T10:52:56,200.0,35.2,S
2021-06-22T10:52:53,2100.0,35.2,S
2021-06-22T10:52:38,1300.0,35.2,S
2021-06-22T10:52:37,2400.0,35.2,S
2021-06-22T10:52:34,500.0,35.2,S
2021-06-22T10:52:33,600.0,35.2,S
2021-06-22T10:52:33,1200.0,35.2,S
2021-06-22T10:52:33,600.0,35.2,S
2021-06-22T10:52:28,300.0,35.2,S
2021-06-22T10:52:10,1200.0,35.2,B
2021-06-22T10:52:09,1300.0,35.2,B
2021-06-22T10:51:56,500.0,35.2,B
2021-06-22T10:51:55,200.0,35.25,B
2021-06-22T10:51:51,700.0,35.2,B
2021-06-22T10:51:49,200.0,35.15,S
2021-06-22T10:51:46,900.0,35.2,B
2021-06-22T10:51:46,200.0,35.2,B
2021-06-22T10:51:46,1000.0,35.2,B
2021-06-22T10:51:37,100.0,35.2,B
2021-06-22T10:51:32,200.0,35.2,B
2021-06-22T10:51:27,1000.0,35.2,B
2021-06-22T10:51:11,500.0,35.2,B
2021-06-22T10:51:03,500.0,35.2,B
2021-06-22T10:50:56,100.0,35.2,B
2021-06-22T10:50:54,7900.0,35.2,B
2021-06-22T10:50:47,800.0,35.2,B
2021-06-22T10:50:44,100.0,35.2,B
2021-06-22T10:50:44,6000.0,35.2,B
2021-06-22T10:50:42,100.0,35.2,B
2021-06-22T10:50:40,200.0,35.2,B
2021-06-22T10:50:38,2000.0,35.2,B
2021-06-22T10:50:15,1300.0,35.2,B
2021-06-22T10:50:15,600.0,35.2,B
2021-06-22T10:50:15,2700.0,35.2,B
2021-06-22T10:50:15,500.0,35.2,B
2021-06-22T10:50:15,1800.0,35.2,B
2021-06-22T10:50:15,1000.0,35.2,B
2021-06-22T10:50:15,4300.0,35.2,B
2021-06-22T10:50:15,300.0,35.2,B
2021-06-22T10:50:15,1300.0,35.2,B
2021-06-22T10:50:15,5600.0,35.2,B
2021-06-22T10:50:15,5800.0,35.2,B
2021-06-22T10:50:15,1800.0,35.2,B
2021-06-22T10:50:15,13000.0,35.2,B
2021-06-22T10:50:11,400.0,35.15,B
2021-06-22T10:50:06,100.0,35.15,B
2021-06-22T10:50:03,100.0,35.1,S
2021-06-22T10:49:49,200.0,35.1,B
2021-06-22T10:49:44,3600.0,35.1,B
2021-06-22T10:49:41,400.0,35.1,B
2021-06-22T10:49:41,700.0,35.1,B
2021-06-22T10:49:41,400.0,35.1,B
2021-06-22T10:49:39,200.0,35.1,B
2021-06-22T10:49:36,1000.0,35.05,S
2021-06-22T10:49:34,1000.0,35.05,S
2021-06-22T10:49:32,1000.0,35.05,S
2021-06-22T10:49:31,1000.0,35.05,S
2021-06-22T10:49:30,400.0,35.1,B
2021-06-22T10:49:30,100.0,35.1,B
2021-06-22T10:49:26,500.0,35.1,B
2021-06-22T10:49:24,4600.0,35.1,B
2021-06-22T10:49:15,300.0,35.05,S
2021-06-22T10:49:15,600.0,35.1,B
2021-06-22T10:49:11,1500.0,35.1,B
2021-06-22T10:49:07,500.0,35.1,B
2021-06-22T10:49:07,200.0,35.1,B
2021-06-22T10:49:06,1000.0,35.1,B
2021-06-22T10:48:52,200.0,35.1,B
2021-06-22T10:48:51,100.0,35.05,S
2021-06-22T10:48:51,100.0,35.1,B
2021-06-22T10:48:47,200.0,35.1,B
2021-06-22T10:48:47,800.0,35.1,B
2021-06-22T10:48:44,200.0,35.1,B
2021-06-22T10:48:41,300.0,35.1,B
2021-06-22T10:48:37,1000.0,35.1,B
2021-06-22T10:48:37,300.0,35.1,B
2021-06-22T10:48:37,200.0,35.1,B
2021-06-22T10:48:37,100.0,35.1,B
2021-06-22T10:48:37,1200.0,35.1,B
2021-06-22T10:48:34,1000.0,35.05,S
2021-06-22T10:48:30,5500.0,35.1,B
2021-06-22T10:48:27,400.0,35.1,B
2021-06-22T10:48:27,200.0,35.05,S
2021-06-22T10:48:22,1000.0,35.1,B
2021-06-22T10:48:05,100.0,35.1,B
2021-06-22T10:47:59,500.0,35.1,B
2021-06-22T10:47:57,2000.0,35.1,B
2021-06-22T10:47:53,5000.0,35.1,B
2021-06-22T10:47:53,2000.0,35.1,B
2021-06-22T10:47:48,500.0,35.1,B
2021-06-22T10:47:46,100.0,35.05,S
2021-06-22T10:47:41,2000.0,35.1,B
2021-06-22T10:47:35,500.0,35.1,B
2021-06-22T10:47:34,100.0,35.05,S
2021-06-22T10:47:34,200.0,35.05,S
2021-06-22T10:47:32,500.0,35.1,B
2021-06-22T10:47:22,300.0,35.05,S
2021-06-22T10:47:21,400.0,35.1,B
2021-06-22T10:47:20,700.0,35.1,B
2021-06-22T10:47:16,600.0,35.05,S
2021-06-22T10:47:13,10200.0,35.1,B
2021-06-22T10:47:12,900.0,35.05,S
2021-06-22T10:47:12,100.0,35.05,S
2021-06-22T10:47:06,800.0,35.1,B
2021-06-22T10:47:06,100.0,35.1,B
2021-06-22T10:47:06,5000.0,35.1,B
2021-06-22T10:47:06,100.0,35.05,S
2021-06-22T10:47:03,200.0,35.05,S
2021-06-22T10:46:59,200.0,35.1,B
2021-06-22T10:46:55,400.0,35.05,S
2021-06-22T10:46:52,300.0,35.05,S
2021-06-22T10:46:49,900.0,35.05,S
2021-06-22T10:46:49,100.0,35.05,S
2021-06-22T10:46:43,3700.0,35.0,S
2021-06-22T10:46:42,500.0,35.05,B
2021-06-22T10:46:42,500.0,35.1,B
2021-06-22T10:46:42,1500.0,35.1,B
2021-06-22T10:46:42,200.0,35.1,B
2021-06-22T10:46:42,200.0,35.05,B
2021-06-22T10:46:42,600.0,35.05,B
2021-06-22T10:46:42,1200.0,35.05,B
2021-06-22T10:46:37,2000.0,35.05,B
2021-06-22T10:46:34,300.0,35.0,S
2021-06-22T10:46:32,200.0,35.0,S
2021-06-22T10:46:27,200.0,35.05,B
2021-06-22T10:46:26,500.0,35.0,S
2021-06-22T10:46:24,500.0,35.0,S
2021-06-22T10:46:23,500.0,35.0,S
2021-06-22T10:46:16,500.0,35.0,B
2021-06-22T10:46:11,9000.0,35.0,B
2021-06-22T10:46:07,100.0,35.0,B
2021-06-22T10:46:07,200.0,35.0,B
2021-06-22T10:46:06,2000.0,35.0,B
2021-06-22T10:46:06,900.0,35.0,B
2021-06-22T10:46:06,1000.0,35.0,B
2021-06-22T10:46:05,200.0,35.0,B
2021-06-22T10:46:05,3900.0,35.0,B
2021-06-22T10:46:05,100.0,35.0,B
2021-06-22T10:46:04,1000.0,35.0,B
2021-06-22T10:46:02,1200.0,35.0,B
2021-06-22T10:46:02,4700.0,35.0,B
2021-06-22T10:46:02,300.0,35.0,B
2021-06-22T10:46:01,1000.0,35.0,B
2021-06-22T10:46:00,1000.0,35.0,B
2021-06-22T10:45:57,1000.0,35.0,B
2021-06-22T10:45:56,800.0,35.0,B
2021-06-22T10:45:56,5200.0,35.0,B
2021-06-22T10:45:55,700.0,35.0,B
2021-06-22T10:45:55,1000.0,35.0,B
2021-06-22T10:45:55,1200.0,35.0,B
2021-06-22T10:45:55,500.0,35.0,B
2021-06-22T10:45:55,1600.0,35.0,B
2021-06-22T10:45:52,1100.0,35.0,B
2021-06-22T10:45:52,4500.0,35.0,B
2021-06-22T10:45:52,1700.0,35.0,B
2021-06-22T10:45:52,1800.0,35.0,B
2021-06-22T10:45:52,900.0,35.0,B
2021-06-22T10:45:51,5000.0,35.0,B
2021-06-22T10:45:48,400.0,35.0,B
2021-06-22T10:45:48,1000.0,35.0,B
2021-06-22T10:45:46,2000.0,35.0,B
2021-06-22T10:45:45,300.0,34.95,S
2021-06-22T10:45:44,700.0,35.0,B
2021-06-22T10:45:44,1300.0,35.0,B
2021-06-22T10:45:44,2300.0,35.0,B
2021-06-22T10:45:44,900.0,35.0,B
2021-06-22T10:45:44,500.0,35.0,B
2021-06-22T10:45:44,1200.0,35.0,B
2021-06-22T10:45:44,1800.0,35.0,B
2021-06-22T10:45:44,300.0,35.0,B
2021-06-22T10:45:44,2100.0,35.0,B
2021-06-22T10:45:44,400.0,35.0,B
2021-06-22T10:45:44,400.0,35.0,B
2021-06-22T10:45:44,3500.0,35.0,B
2021-06-22T10:45:44,700.0,35.0,B
2021-06-22T10:45:42,4600.0,35.0,B
2021-06-22T10:45:42,1300.0,35.0,B
2021-06-22T10:45:42,3100.0,35.0,B
2021-06-22T10:45:42,4900.0,35.0,B
2021-06-22T10:45:42,1100.0,35.0,B
2021-06-22T10:45:42,2400.0,35.0,B
2021-06-22T10:45:42,2100.0,35.0,B
2021-06-22T10:45:42,600.0,35.0,B
2021-06-22T10:45:42,4500.0,35.0,B
2021-06-22T10:45:42,600.0,35.0,B
2021-06-22T10:45:42,500.0,35.0,B
2021-06-22T10:45:42,1000.0,35.0,B
2021-06-22T10:45:42,1100.0,35.0,B
2021-06-22T10:45:42,2700.0,35.0,B
2021-06-22T10:45:42,4100.0,35.0,B
2021-06-22T10:45:41,1500.0,35.0,B
2021-06-22T10:45:41,500.0,35.0,B
2021-06-22T10:45:41,1000.0,35.0,B
2021-06-22T10:45:39,6900.0,35.0,B
2021-06-22T10:45:39,8100.0,35.0,B
2021-06-22T10:45:39,400.0,35.0,B
2021-06-22T10:45:39,3000.0,35.0,B
2021-06-22T10:45:37,100.0,35.0,B
2021-06-22T10:45:37,500.0,35.0,B
2021-06-22T10:45:37,4500.0,35.0,B
2021-06-22T10:45:36,2000.0,35.0,B
2021-06-22T10:45:34,200.0,35.0,B
2021-06-22T10:45:34,1300.0,35.0,B
2021-06-22T10:45:34,500.0,35.0,B
2021-06-22T10:45:33,1000.0,35.0,B
2021-06-22T10:45:33,1000.0,34.95,S
2021-06-22T10:45:29,9700.0,35.0,B
2021-06-22T10:45:25,1000.0,35.0,B
2021-06-22T10:45:19,500.0,35.0,B
2021-06-22T10:45:17,200.0,34.95,S
2021-06-22T10:45:16,3000.0,35.0,B
2021-06-22T10:45:16,3700.0,35.0,B
2021-06-22T10:45:16,1100.0,35.0,B
2021-06-22T10:45:15,4800.0,35.0,B
2021-06-22T10:45:15,2700.0,35.0,B
2021-06-22T10:45:14,1000.0,35.0,B
2021-06-22T10:45:14,5000.0,35.0,B
2021-06-22T10:45:13,3000.0,35.0,B
2021-06-22T10:45:09,100.0,35.0,B
2021-06-22T10:45:00,20000.0,35.0,B
2021-06-22T10:45:00,5000.0,35.0,B
2021-06-22T10:44:59,500.0,34.95,S
2021-06-22T10:44:54,200.0,34.95,S
2021-06-22T10:44:50,10000.0,35.0,B
2021-06-22T10:44:48,600.0,35.0,B
2021-06-22T10:44:47,500.0,35.0,B
2021-06-22T10:44:47,200.0,34.95,S
2021-06-22T10:44:45,100.0,35.0,B
2021-06-22T10:44:43,2000.0,35.0,B
2021-06-22T10:44:43,3400.0,35.0,B
2021-06-22T10:44:43,300.0,35.0,B
2021-06-22T10:44:42,1000.0,35.0,B
2021-06-22T10:44:30,1000.0,34.95,S
2021-06-22T10:44:28,10000.0,35.0,B
2021-06-22T10:44:25,1400.0,35.0,B
2021-06-22T10:44:25,1100.0,35.0,B
2021-06-22T10:44:24,200.0,34.95,S
2021-06-22T10:44:19,3000.0,35.0,B
2021-06-22T10:44:19,6800.0,34.95,S
2021-06-22T10:44:19,500.0,34.95,S
2021-06-22T10:44:19,700.0,34.95,S
2021-06-22T10:44:19,5500.0,35.0,B
2021-06-22T10:44:19,5600.0,35.0,B
2021-06-22T10:44:18,500.0,35.0,B
2021-06-22T10:44:18,200.0,35.0,B
2021-06-22T10:44:18,1600.0,35.0,B
2021-06-22T10:44:18,9600.0,35.0,B
2021-06-22T10:44:18,1000.0,35.0,B
2021-06-22T10:44:18,1900.0,35.0,B
2021-06-22T10:44:18,100.0,35.0,B
2021-06-22T10:44:18,2500.0,35.0,B
2021-06-22T10:44:18,400.0,35.0,B
2021-06-22T10:44:18,100.0,35.0,B
2021-06-22T10:44:18,1200.0,35.0,B
2021-06-22T10:44:18,1000.0,35.0,B
2021-06-22T10:44:18,4100.0,35.0,B
2021-06-22T10:44:18,1000.0,35.0,B
2021-06-22T10:44:18,10700.0,35.0,B
2021-06-22T10:44:17,2000.0,35.0,B
2021-06-22T10:44:14,6000.0,35.0,B
2021-06-22T10:44:14,7000.0,35.0,B
2021-06-22T10:44:14,500.0,35.0,B
2021-06-22T10:44:14,16500.0,35.0,B
2021-06-22T10:44:11,1300.0,35.0,B
2021-06-22T10:44:08,100.0,35.0,B
2021-06-22T10:44:08,1500.0,35.0,B
2021-06-22T10:44:08,900.0,35.0,B
2021-06-22T10:44:08,100.0,35.0,B
2021-06-22T10:44:08,700.0,35.0,B
2021-06-22T10:44:08,3700.0,35.0,B
2021-06-22T10:44:08,1300.0,35.0,B
2021-06-22T10:44:08,1000.0,35.0,B
2021-06-22T10:44:08,400.0,35.0,B
2021-06-22T10:44:07,1300.0,35.0,B
2021-06-22T10:44:07,300.0,35.0,B
2021-06-22T10:44:07,1500.0,35.0,B
2021-06-22T10:44:07,3000.0,35.0,B
2021-06-22T10:44:07,10400.0,35.0,B
2021-06-22T10:44:07,500.0,35.0,B
2021-06-22T10:44:07,500.0,35.0,B
2021-06-22T10:44:07,1000.0,35.0,B
2021-06-22T10:44:07,1000.0,35.0,B
2021-06-22T10:44:07,1100.0,35.0,B
2021-06-22T10:44:07,1200.0,35.0,B
2021-06-22T10:44:07,2000.0,35.0,B
2021-06-22T10:44:07,1400.0,35.0,B
2021-06-22T10:44:07,1400.0,35.0,B
2021-06-22T10:44:07,4200.0,35.0,B
2021-06-22T10:44:07,1000.0,35.0,B
2021-06-22T10:44:07,600.0,35.0,B
2021-06-22T10:44:07,7900.0,35.0,B
2021-06-22T10:44:06,10000.0,35.0,B
2021-06-22T10:44:02,100.0,34.95,S
2021-06-22T10:44:01,300.0,35.0,B
2021-06-22T10:43:58,1000.0,34.95,S
2021-06-22T10:43:44,500.0,34.95,S
2021-06-22T10:43:43,400.0,35.0,B
2021-06-22T10:43:41,100.0,34.95,S
2021-06-22T10:43:39,1000.0,35.0,B
2021-06-22T10:43:37,500.0,34.95,S
2021-06-22T10:43:31,400.0,35.0,B
2021-06-22T10:43:31,100.0,34.95,S
2021-06-22T10:43:20,200.0,34.95,S
2021-06-22T10:43:17,500.0,35.0,B
2021-06-22T10:43:13,2000.0,35.0,B
2021-06-22T10:42:58,2500.0,35.0,B
2021-06-22T10:42:57,4000.0,35.0,B
2021-06-22T10:42:55,500.0,34.95,S
2021-06-22T10:42:50,1000.0,34.95,S
2021-06-22T10:42:43,1200.0,35.0,B
2021-06-22T10:42:41,300.0,34.95,S
2021-06-22T10:42:40,1500.0,35.0,B
2021-06-22T10:42:39,300.0,35.0,B
2021-06-22T10:42:39,1200.0,35.0,B
2021-06-22T10:42:39,4500.0,35.0,B
2021-06-22T10:42:36,10000.0,34.9,S
2021-06-22T10:42:32,500.0,34.95,S
2021-06-22T10:42:28,3600.0,35.0,B
2021-06-22T10:42:28,1000.0,35.0,B
2021-06-22T10:42:28,1000.0,35.0,B
2021-06-22T10:42:28,2900.0,35.0,B
2021-06-22T10:42:28,1500.0,35.0,B
2021-06-22T10:42:22,300.0,34.9,S
2021-06-22T10:42:18,15000.0,35.0,B
2021-06-22T10:42:14,200.0,35.0,B
2021-06-22T10:42:12,300.0,35.0,B
2021-06-22T10:42:12,500.0,35.0,B
2021-06-22T10:42:11,4200.0,35.0,B
2021-06-22T10:42:03,300.0,34.9,S
2021-06-22T10:42:00,100.0,35.0,B
2021-06-22T10:41:58,1800.0,35.0,B
2021-06-22T10:41:58,1300.0,35.0,B
2021-06-22T10:41:58,600.0,35.0,B
2021-06-22T10:41:58,7800.0,35.0,B
2021-06-22T10:41:58,1900.0,35.0,B
2021-06-22T10:41:57,2300.0,35.0,B
2021-06-22T10:41:55,100.0,35.0,B
2021-06-22T10:41:49,3000.0,34.9,S
2021-06-22T10:41:40,800.0,35.0,B
2021-06-22T10:41:40,400.0,35.0,B
2021-06-22T10:41:40,8800.0,35.0,B
2021-06-22T10:41:39,100.0,34.95,S
2021-06-22T10:41:36,500.0,35.0,B
2021-06-22T10:41:31,500.0,34.9,S
2021-06-22T10:41:23,10000.0,35.0,B
2021-06-22T10:41:17,1100.0,34.9,B
2021-06-22T10:41:17,900.0,34.9,B
2021-06-22T10:41:16,1000.0,34.9,B
2021-06-22T10:41:06,3700.0,35.0,B
2021-06-22T10:41:06,2000.0,35.0,B
2021-06-22T10:41:04,1400.0,35.0,B
2021-06-22T10:41:04,5900.0,35.0,B
2021-06-22T10:40:59,4900.0,34.9,B
2021-06-22T10:40:57,3000.0,34.9,B
2021-06-22T10:40:56,300.0,34.9,B
2021-06-22T10:40:55,1000.0,34.9,B
2021-06-22T10:40:55,200.0,34.9,B
2021-06-22T10:40:49,500.0,34.9,S
2021-06-22T10:40:46,2000.0,34.9,S
2021-06-22T10:40:46,2300.0,35.0,B
2021-06-22T10:40:36,100.0,35.0,B
2021-06-22T10:40:35,4900.0,35.0,B
2021-06-22T10:40:31,300.0,35.0,B
2021-06-22T10:40:31,2100.0,35.0,B
2021-06-22T10:40:31,4200.0,35.0,B
2021-06-22T10:40:31,9400.0,35.0,B
2021-06-22T10:40:31,4000.0,35.0,B
2021-06-22T10:40:31,2000.0,34.9,S
2021-06-22T10:40:28,5000.0,35.0,B
2021-06-22T10:40:26,15100.0,35.0,B
2021-06-22T10:40:26,1600.0,35.0,B
2021-06-22T10:40:26,200.0,35.0,B
2021-06-22T10:40:26,1100.0,35.0,B
2021-06-22T10:40:26,4000.0,35.0,B
2021-06-22T10:40:26,500.0,35.0,B
2021-06-22T10:40:26,7500.0,35.0,B
2021-06-22T10:40:25,5000.0,35.0,B
2021-06-22T10:40:24,400.0,34.9,S
2021-06-22T10:40:23,3200.0,35.0,B
2021-06-22T10:40:16,800.0,35.0,B
2021-06-22T10:40:15,5000.0,35.0,B
2021-06-22T10:40:09,20000.0,35.0,B
2021-06-22T10:40:04,2000.0,35.0,B
2021-06-22T10:40:03,20000.0,35.0,B
2021-06-22T10:39:58,20000.0,35.0,B
2021-06-22T10:39:48,100.0,34.9,B
2021-06-22T10:39:48,4300.0,34.95,B
2021-06-22T10:39:48,300.0,34.95,B
2021-06-22T10:39:48,5600.0,34.95,B
2021-06-22T10:39:47,1100.0,34.95,B
2021-06-22T10:39:47,300.0,34.95,B
2021-06-22T10:39:47,100.0,34.95,B
2021-06-22T10:39:47,300.0,34.95,B
2021-06-22T10:39:47,5900.0,34.95,B
2021-06-22T10:39:47,10100.0,34.95,B
2021-06-22T10:39:47,400.0,34.9,B
2021-06-22T10:39:35,100.0,34.9,B
2021-06-22T10:39:29,9100.0,34.95,B
2021-06-22T10:39:29,12100.0,34.9,B
2021-06-22T10:39:29,200.0,34.9,B
2021-06-22T10:39:29,200.0,34.9,B
2021-06-22T10:39:29,2800.0,34.9,B
2021-06-22T10:39:29,5600.0,34.9,B
2021-06-22T10:39:24,2200.0,34.9,B
2021-06-22T10:39:24,4900.0,34.9,B
2021-06-22T10:39:21,600.0,34.9,B
2021-06-22T10:39:21,1500.0,34.9,B
2021-06-22T10:39:21,7900.0,34.9,B
2021-06-22T10:39:19,300.0,34.9,B
2021-06-22T10:39:06,200.0,34.9,B
2021-06-22T10:38:59,100.0,34.9,B
2021-06-22T10:38:45,7600.0,34.9,B
2021-06-22T10:38:45,100.0,34.9,B
2021-06-22T10:38:45,1000.0,34.9,B
2021-06-22T10:38:45,11300.0,34.9,B
2021-06-22T10:38:42,400.0,34.85,B
2021-06-22T10:38:37,100.0,34.85,B
2021-06-22T10:38:33,500.0,34.85,B
2021-06-22T10:38:28,1500.0,34.85,B
2021-06-22T10:38:23,200.0,34.8,S
2021-06-22T10:38:19,300.0,34.85,B
2021-06-22T10:38:17,400.0,34.85,B
2021-06-22T10:38:14,200.0,34.85,B
2021-06-22T10:38:14,100.0,34.85,B
2021-06-22T10:38:13,900.0,34.85,B
2021-06-22T10:38:13,100.0,34.85,B
2021-06-22T10:38:13,500.0,34.85,B
2021-06-22T10:38:12,500.0,34.85,B
2021-06-22T10:37:59,10200.0,34.9,B
2021-06-22T10:37:59,4000.0,34.9,B
2021-06-22T10:37:59,2400.0,34.85,B
2021-06-22T10:37:59,400.0,34.85,B
2021-06-22T10:37:59,5000.0,34.85,B
2021-06-22T10:37:59,200.0,34.85,B
2021-06-22T10:37:59,1700.0,34.85,B
2021-06-22T10:37:56,100.0,34.85,B
2021-06-22T10:37:56,1900.0,34.85,B
2021-06-22T10:37:27,600.0,34.85,B
2021-06-22T10:37:25,1000.0,34.85,B
2021-06-22T10:37:07,1000.0,34.85,B
2021-06-22T10:36:43,500.0,34.85,B
2021-06-22T10:36:40,700.0,34.85,B
2021-06-22T10:36:24,100.0,34.85,B
2021-06-22T10:36:19,10000.0,34.85,B
2021-06-22T10:36:16,100.0,34.8,S
2021-06-22T10:36:10,1000.0,34.85,B
2021-06-22T10:35:52,300.0,34.8,S
2021-06-22T10:35:45,1000.0,34.85,B
2021-06-22T10:35:45,1000.0,34.85,B
2021-06-22T10:35:28,5000.0,34.85,B
2021-06-22T10:35:25,500.0,34.8,S
2021-06-22T10:35:24,200.0,34.8,S
2021-06-22T10:35:24,5300.0,34.8,S
2021-06-22T10:35:16,300.0,34.8,S
2021-06-22T10:34:55,2000.0,34.8,B
2021-06-22T10:34:40,1500.0,34.7,S
2021-06-22T10:34:35,24600.0,34.7,S
2021-06-22T10:34:35,2000.0,34.7,S
2021-06-22T10:34:35,3400.0,34.7,S
2021-06-22T10:34:12,200.0,34.8,S
2021-06-22T10:34:06,500.0,34.75,S
2021-06-22T10:33:59,13800.0,34.85,B
2021-06-22T10:33:55,6100.0,34.8,S
2021-06-22T10:33:55,3900.0,34.8,S
2021-06-22T10:33:46,700.0,34.85,B
2021-06-22T10:33:46,300.0,34.85,B
2021-06-22T10:33:37,400.0,34.85,B
2021-06-22T10:33:36,5000.0,34.8,S
2021-06-22T10:33:28,300.0,34.85,B
2021-06-22T10:33:25,1500.0,34.8,S
2021-06-22T10:33:25,2000.0,34.8,S
2021-06-22T10:33:12,400.0,34.85,B
2021-06-22T10:32:38,100.0,34.85,S
2021-06-22T10:32:24,4100.0,34.85,S
2021-06-22T10:32:17,2000.0,34.85,S
2021-06-22T10:32:03,3900.0,34.85,B
2021-06-22T10:32:02,300.0,34.85,B
2021-06-22T10:31:44,5000.0,34.9,B
2021-06-22T10:31:38,300.0,34.85,B
2021-06-22T10:31:34,9800.0,34.85,S
2021-06-22T10:31:20,200.0,34.85,S
2021-06-22T10:30:45,2000.0,34.9,S
2021-06-22T10:30:42,100.0,34.9,S
2021-06-22T10:30:33,100.0,34.9,S
2021-06-22T10:30:19,8000.0,34.9,S
2021-06-22T10:30:17,100.0,34.9,S
2021-06-22T10:30:16,400.0,34.9,S
2021-06-22T10:30:15,300.0,34.9,S
2021-06-22T10:30:06,1200.0,34.9,B
2021-06-22T10:30:06,300.0,34.9,B
2021-06-22T10:29:47,5000.0,34.9,B
2021-06-22T10:29:44,1700.0,34.9,B
2021-06-22T10:29:41,500.0,34.9,B
2021-06-22T10:29:35,200.0,34.9,B
2021-06-22T10:29:23,8000.0,34.8,S
2021-06-22T10:29:22,2000.0,34.9,B
2021-06-22T10:29:15,100.0,34.9,B
2021-06-22T10:29:04,2000.0,34.9,S
2021-06-22T10:29:00,500.0,34.9,S
2021-06-22T10:28:57,2000.0,34.95,B
2021-06-22T10:28:53,5000.0,34.95,B
2021-06-22T10:28:53,4700.0,34.9,S
2021-06-22T10:28:48,8800.0,34.9,S
2021-06-22T10:28:44,5000.0,34.9,S
2021-06-22T10:28:41,2000.0,34.95,B
2021-06-22T10:28:32,100.0,34.95,B
2021-06-22T10:28:31,5100.0,34.95,B
2021-06-22T10:28:19,23400.0,34.9,S
2021-06-22T10:28:10,3100.0,34.9,S
2021-06-22T10:28:01,4000.0,34.95,B
2021-06-22T10:27:50,1500.0,34.95,B
2021-06-22T10:27:50,2100.0,34.95,B
2021-06-22T10:27:50,3300.0,34.95,B
2021-06-22T10:27:50,3100.0,34.95,B
2021-06-22T10:27:47,3000.0,34.9,B
2021-06-22T10:27:40,5400.0,34.95,B
2021-06-22T10:27:39,100.0,34.95,B
2021-06-22T10:27:38,2000.0,34.9,B
2021-06-22T10:27:28,200.0,34.9,B
2021-06-22T10:27:24,2700.0,34.9,B
2021-06-22T10:27:20,5000.0,34.9,B
2021-06-22T10:27:11,1000.0,34.9,B
2021-06-22T10:27:06,5000.0,34.85,S
2021-06-22T10:27:02,4500.0,34.9,B
2021-06-22T10:27:00,2000.0,34.9,B
2021-06-22T10:26:54,11000.0,34.9,B
2021-06-22T10:26:51,500.0,34.9,B
2021-06-22T10:26:51,1000.0,34.9,B
2021-06-22T10:26:50,2500.0,34.9,B
2021-06-22T10:26:46,2000.0,34.85,S
2021-06-22T10:26:40,2000.0,34.9,B
2021-06-22T10:26:35,1000.0,34.85,S
2021-06-22T10:26:30,400.0,34.85,S
2021-06-22T10:26:29,600.0,34.85,S
2021-06-22T10:26:21,1000.0,34.85,S
2021-06-22T10:26:18,500.0,34.9,B
2021-06-22T10:26:18,5400.0,34.9,B
2021-06-22T10:26:18,2000.0,34.9,B
2021-06-22T10:26:18,500.0,34.9,B
2021-06-22T10:26:18,1100.0,34.9,B
2021-06-22T10:26:18,2700.0,34.9,B
2021-06-22T10:26:17,300.0,34.9,B
2021-06-22T10:26:17,600.0,34.9,B
2021-06-22T10:26:17,36900.0,34.9,B
2021-06-22T10:26:04,5000.0,34.9,B
2021-06-22T10:26:01,6000.0,34.9,B
2021-06-22T10:25:56,3700.0,34.9,B
2021-06-22T10:25:55,1300.0,34.9,B
2021-06-22T10:25:47,5000.0,34.85,S
2021-06-22T10:25:41,500.0,34.9,B
2021-06-22T10:25:37,5000.0,34.85,S
2021-06-22T10:25:29,200.0,34.85,S
2021-06-22T10:25:24,4500.0,34.9,B
2021-06-22T10:25:19,100.0,34.85,S
2021-06-22T10:25:18,6000.0,34.85,S
2021-06-22T10:25:13,500.0,34.85,B
2021-06-22T10:25:10,1000.0,34.85,B
2021-06-22T10:25:04,500.0,34.85,B
2021-06-22T10:25:01,1100.0,34.8,S
2021-06-22T10:25:00,1400.0,34.85,B
2021-06-22T10:25:00,100.0,34.85,B
2021-06-22T10:24:59,18500.0,34.85,B
2021-06-22T10:24:50,2000.0,34.8,S
2021-06-22T10:24:40,300.0,34.8,S
2021-06-22T10:24:29,500.0,34.8,B
2021-06-22T10:24:21,600.0,34.85,B
2021-06-22T10:24:21,200.0,34.8,B
2021-06-22T10:24:21,3200.0,34.8,B
2021-06-22T10:24:20,1000.0,34.8,B
2021-06-22T10:24:20,10000.0,34.8,B
2021-06-22T10:24:16,600.0,34.8,B
2021-06-22T10:24:14,2000.0,34.8,B
2021-06-22T10:24:09,3300.0,34.8,B
2021-06-22T10:24:06,400.0,34.8,B
2021-06-22T10:24:04,300.0,34.8,B
2021-06-22T10:24:02,1000.0,34.8,B
2021-06-22T10:23:59,200.0,34.8,B
2021-06-22T10:23:44,1000.0,34.8,B
2021-06-22T10:23:44,10000.0,34.8,B
2021-06-22T10:23:33,1000.0,34.75,S
2021-06-22T10:23:18,100.0,34.8,S
2021-06-22T10:23:06,500.0,34.75,S
2021-06-22T10:22:58,10000.0,34.85,B
2021-06-22T10:22:42,700.0,34.8,S
2021-06-22T10:22:29,10000.0,34.85,B
2021-06-22T10:22:28,10300.0,34.7,S
2021-06-22T10:22:23,1000.0,34.8,B
2021-06-22T10:22:21,700.0,34.8,B
2021-06-22T10:22:18,1000.0,34.8,B
2021-06-22T10:22:16,10800.0,34.8,B
2021-06-22T10:22:16,900.0,34.8,B
2021-06-22T10:22:16,4100.0,34.8,B
2021-06-22T10:22:16,2000.0,34.8,B
2021-06-22T10:22:16,4500.0,34.8,B
2021-06-22T10:22:16,500.0,34.8,B
2021-06-22T10:22:15,4500.0,34.8,B
2021-06-22T10:22:14,100.0,34.75,B
2021-06-22T10:22:13,3000.0,34.7,S
2021-06-22T10:22:07,100.0,34.7,S
2021-06-22T10:22:04,300.0,34.7,S
2021-06-22T10:22:04,800.0,34.75,S
2021-06-22T10:21:57,100.0,34.75,S
2021-06-22T10:21:53,2000.0,34.75,B
2021-06-22T10:21:53,300.0,34.7,B
2021-06-22T10:21:52,700.0,34.7,B
2021-06-22T10:21:49,500.0,34.7,B
2021-06-22T10:21:45,500.0,34.7,B
2021-06-22T10:21:44,100.0,34.7,B
2021-06-22T10:21:36,1000.0,34.7,S
2021-06-22T10:21:29,200.0,34.7,S
2021-06-22T10:21:25,6900.0,34.7,S
2021-06-22T10:21:11,100.0,34.7,S
2021-06-22T10:20:23,2200.0,34.7,S
2021-06-22T10:20:21,200.0,34.7,S
2021-06-22T10:20:21,2000.0,34.75,B
2021-06-22T10:20:04,200.0,34.7,B
2021-06-22T10:20:04,4100.0,34.7,B
2021-06-22T10:20:04,5700.0,34.7,B
2021-06-22T10:20:04,2500.0,34.7,B
2021-06-22T10:20:04,3000.0,34.7,B
2021-06-22T10:20:03,3200.0,34.7,B
2021-06-22T10:20:03,5400.0,34.7,B
2021-06-22T10:19:54,1000.0,34.6,S
2021-06-22T10:19:29,100.0,34.6,S
2021-06-22T10:19:23,1000.0,34.6,S
2021-06-22T10:19:22,200.0,34.6,S
2021-06-22T10:19:21,1000.0,34.6,S
2021-06-22T10:19:13,1000.0,34.65,B
2021-06-22T10:19:11,1000.0,34.6,S
2021-06-22T10:18:45,1000.0,34.6,B
2021-06-22T10:18:45,5500.0,34.6,B
2021-06-22T10:18:44,300.0,34.55,S
2021-06-22T10:18:28,100.0,34.6,B
2021-06-22T10:18:05,500.0,34.55,S
2021-06-22T10:17:49,400.0,34.55,S
2021-06-22T10:17:43,200.0,34.55,B
2021-06-22T10:17:35,100.0,34.55,B
2021-06-22T10:17:31,12000.0,34.6,B
2021-06-22T10:17:30,2600.0,34.55,B
2021-06-22T10:17:25,600.0,34.55,B
2021-06-22T10:17:24,600.0,34.55,B
2021-06-22T10:17:22,300.0,34.55,B
2021-06-22T10:17:19,600.0,34.55,B
2021-06-22T10:16:59,500.0,34.55,B
2021-06-22T10:16:48,18000.0,34.5,S
2021-06-22T10:16:42,1000.0,34.5,S
2021-06-22T10:16:41,500.0,34.55,B
2021-06-22T10:16:36,400.0,34.5,S
2021-06-22T10:16:23,10000.0,34.55,B
2021-06-22T10:16:21,200.0,34.5,S
2021-06-22T10:16:07,1000.0,34.5,S
2021-06-22T10:16:01,1000.0,34.55,B
2021-06-22T10:15:56,600.0,34.55,S
2021-06-22T10:15:47,1400.0,34.55,S
2021-06-22T10:15:45,3200.0,34.55,S
2021-06-22T10:15:45,1100.0,34.55,S
2021-06-22T10:15:45,1000.0,34.55,S
2021-06-22T10:15:32,4500.0,34.55,S
2021-06-22T10:15:32,500.0,34.55,S
2021-06-22T10:15:19,11000.0,34.6,B
2021-06-22T10:15:04,2000.0,34.6,B
2021-06-22T10:15:02,7500.0,34.6,B
2021-06-22T10:14:53,100.0,34.6,B
2021-06-22T10:14:52,300.0,34.6,B
2021-06-22T10:14:41,1000.0,34.6,B
2021-06-22T10:14:39,500.0,34.55,S
2021-06-22T10:14:39,4500.0,34.55,S
2021-06-22T10:14:33,500.0,34.55,S
2021-06-22T10:14:23,12500.0,34.55,S
2021-06-22T10:14:16,1000.0,34.55,S
2021-06-22T10:14:04,2500.0,34.55,S
2021-06-22T10:14:03,500.0,34.55,S
2021-06-22T10:13:56,800.0,34.55,S
2021-06-22T10:13:47,2000.0,34.5,S
2021-06-22T10:13:47,200.0,34.55,B
2021-06-22T10:13:43,2000.0,34.55,B
2021-06-22T10:13:31,500.0,34.5,S
2021-06-22T10:13:28,900.0,34.5,S
2021-06-22T10:13:27,2000.0,34.6,B
2021-06-22T10:13:18,2000.0,34.5,S
2021-06-22T10:13:00,2000.0,34.55,B
2021-06-22T10:12:56,600.0,34.55,B
2021-06-22T10:12:56,3900.0,34.55,B
2021-06-22T10:12:47,200.0,34.5,S
2021-06-22T10:12:40,100.0,34.55,B
2021-06-22T10:12:08,100.0,34.5,S
2021-06-22T10:12:06,1100.0,34.5,S
2021-06-22T10:11:34,1000.0,34.55,B
2021-06-22T10:11:28,3500.0,34.5,S
2021-06-22T10:11:04,100.0,34.5,B
2021-06-22T10:11:02,200.0,34.5,B
2021-06-22T10:10:47,3700.0,34.5,B
2021-06-22T10:10:40,1000.0,34.5,B
2021-06-22T10:10:38,1000.0,34.5,B
2021-06-22T10:10:29,100.0,34.5,B
2021-06-22T10:10:26,600.0,34.5,B
2021-06-22T10:10:21,1000.0,34.45,S
2021-06-22T10:10:10,300.0,34.5,B
2021-06-22T10:10:08,100.0,34.5,B
2021-06-22T10:10:02,400.0,34.5,B
2021-06-22T10:10:01,100.0,34.5,B
2021-06-22T10:10:01,2000.0,34.5,B
2021-06-22T10:09:52,3500.0,34.5,B
2021-06-22T10:09:32,400.0,34.5,B
2021-06-22T10:09:32,700.0,34.5,B
2021-06-22T10:09:25,1500.0,34.45,S
2021-06-22T10:09:23,300.0,34.5,B
2021-06-22T10:09:08,500.0,34.5,B
2021-06-22T10:08:55,400.0,34.5,B
2021-06-22T10:08:40,1000.0,34.45,B
2021-06-22T10:08:31,2500.0,34.45,B
2021-06-22T10:08:29,900.0,34.45,B
2021-06-22T10:08:26,3500.0,34.45,B
2021-06-22T10:08:18,200.0,34.45,B
2021-06-22T10:08:16,800.0,34.4,S
2021-06-22T10:08:14,300.0,34.4,S
2021-06-22T10:08:13,4000.0,34.4,S
2021-06-22T10:08:13,6300.0,34.4,S
2021-06-22T10:08:13,2000.0,34.45,B
2021-06-22T10:08:12,1500.0,34.45,B
2021-06-22T10:08:11,100.0,34.45,B
2021-06-22T10:08:08,100.0,34.45,B
2021-06-22T10:08:01,500.0,34.45,S
2021-06-22T10:07:57,100.0,34.45,S
2021-06-22T10:07:51,2400.0,34.45,S
2021-06-22T10:07:39,200.0,34.45,S
2021-06-22T10:07:37,2100.0,34.45,S
2021-06-22T10:07:37,2000.0,34.45,S
2021-06-22T10:07:37,3900.0,34.45,S
2021-06-22T10:07:32,500.0,34.45,S
2021-06-22T10:07:31,2000.0,34.5,B
2021-06-22T10:07:23,300.0,34.45,S
2021-06-22T10:07:08,100.0,34.5,B
2021-06-22T10:07:03,200.0,34.5,B
2021-06-22T10:06:55,1000.0,34.45,S
2021-06-22T10:06:54,100.0,34.45,S
2021-06-22T10:06:50,300.0,34.5,B
2021-06-22T10:06:48,500.0,34.45,S
2021-06-22T10:06:47,6300.0,34.45,S
2021-06-22T10:06:20,1000.0,34.45,S
2021-06-22T10:06:12,800.0,34.45,S
2021-06-22T10:06:12,4600.0,34.45,S
2021-06-22T10:06:12,100.0,34.45,S
2021-06-22T10:06:12,300.0,34.45,S
2021-06-22T10:06:12,1600.0,34.45,S
2021-06-22T10:06:12,8000.0,34.45,S
2021-06-22T10:06:11,100.0,34.45,S
2021-06-22T10:05:52,10000.0,34.45,S
2021-06-22T10:05:46,8700.0,34.5,B
2021-06-22T10:05:46,1000.0,34.5,B
2021-06-22T10:05:46,5200.0,34.5,B
2021-06-22T10:05:38,500.0,34.45,S
2021-06-22T10:05:31,100.0,34.5,B
2021-06-22T10:05:28,1000.0,34.5,B
2021-06-22T10:05:21,100.0,34.5,B
2021-06-22T10:05:12,100.0,34.5,B
2021-06-22T10:05:12,2900.0,34.5,B
2021-06-22T10:05:08,600.0,34.5,B
2021-06-22T10:05:08,700.0,34.5,B
2021-06-22T10:04:39,700.0,34.5,B
2021-06-22T10:04:10,200.0,34.5,B
2021-06-22T10:04:09,500.0,34.45,S
2021-06-22T10:04:06,300.0,34.5,B
2021-06-22T10:04:04,100.0,34.45,S
2021-06-22T10:03:44,300.0,34.5,B
2021-06-22T10:03:43,1400.0,34.5,B
2021-06-22T10:03:38,600.0,34.5,B
2021-06-22T10:03:26,700.0,34.5,B
2021-06-22T10:03:26,200.0,34.5,B
2021-06-22T10:03:21,1000.0,34.45,S
2021-06-22T10:03:21,11200.0,34.45,S
2021-06-22T10:03:21,4800.0,34.5,B
2021-06-22T10:03:14,400.0,34.5,B
2021-06-22T10:03:01,400.0,34.5,S
2021-06-22T10:03:01,200.0,34.5,S
2021-06-22T10:03:01,1000.0,34.5,S
2021-06-22T10:02:56,500.0,34.5,S
2021-06-22T10:02:52,5100.0,34.5,B
2021-06-22T10:02:45,500.0,34.5,B
2021-06-22T10:02:45,2700.0,34.5,B
2021-06-22T10:02:24,500.0,34.5,B
2021-06-22T10:02:21,3500.0,34.5,B
2021-06-22T10:02:19,500.0,34.5,B
2021-06-22T10:02:02,2000.0,34.5,B
2021-06-22T10:01:55,300.0,34.5,B
2021-06-22T10:01:55,700.0,34.5,B
2021-06-22T10:01:52,100.0,34.5,B
2021-06-22T10:01:47,500.0,34.5,B
2021-06-22T10:01:37,5000.0,34.45,S
2021-06-22T10:01:35,1500.0,34.5,B
2021-06-22T10:01:19,600.0,34.5,B
2021-06-22T10:01:16,1700.0,34.45,S
2021-06-22T10:01:16,2600.0,34.45,S
2021-06-22T10:01:16,1000.0,34.45,S
2021-06-22T10:01:16,4700.0,34.45,S
2021-06-22T10:01:11,3000.0,34.5,B
2021-06-22T10:01:08,1000.0,34.5,B
2021-06-22T10:01:08,200.0,34.45,S
2021-06-22T10:01:00,300.0,34.5,B
2021-06-22T10:00:57,1000.0,34.5,B
2021-06-22T10:00:54,100.0,34.5,S
2021-06-22T10:00:54,1000.0,34.5,S
2021-06-22T10:00:52,400.0,34.5,S
2021-06-22T10:00:51,400.0,34.5,S
2021-06-22T10:00:46,200.0,34.45,S
2021-06-22T10:00:46,2300.0,34.45,S
2021-06-22T10:00:46,1200.0,34.45,S
2021-06-22T10:00:46,1700.0,34.45,S
2021-06-22T10:00:46,100.0,34.45,S
2021-06-22T10:00:46,200.0,34.45,S
2021-06-22T10:00:46,1200.0,34.5,S
2021-06-22T10:00:46,3100.0,34.5,S
2021-06-22T10:00:43,700.0,34.5,S
2021-06-22T10:00:42,3900.0,34.5,S
2021-06-22T10:00:36,100.0,34.55,B
2021-06-22T10:00:32,1000.0,34.5,S
2021-06-22T10:00:25,500.0,34.5,S
2021-06-22T10:00:19,200.0,34.5,S
2021-06-22T10:00:17,400.0,34.5,S
2021-06-22T10:00:09,100.0,34.5,S
2021-06-22T10:00:08,100.0,34.5,B
2021-06-22T10:00:04,800.0,34.5,B
2021-06-22T09:59:58,2000.0,34.5,B
2021-06-22T09:59:58,100.0,34.45,S
2021-06-22T09:59:49,1000.0,34.5,B
2021-06-22T09:59:39,500.0,34.5,B
2021-06-22T09:59:11,200.0,34.5,B
2021-06-22T09:59:08,2800.0,34.45,S
2021-06-22T09:59:02,500.0,34.5,B
2021-06-22T09:59:01,1000.0,34.5,B
2021-06-22T09:58:59,1000.0,34.45,S
2021-06-22T09:58:58,200.0,34.5,B
2021-06-22T09:58:58,200.0,34.5,B
2021-06-22T09:58:56,300.0,34.5,B
2021-06-22T09:58:55,500.0,34.5,B
2021-06-22T09:58:55,1000.0,34.5,B
2021-06-22T09:58:54,200.0,34.5,B
2021-06-22T09:58:52,500.0,34.5,B
2021-06-22T09:58:50,13200.0,34.5,S
2021-06-22T09:58:50,2200.0,34.5,S
2021-06-22T09:58:50,500.0,34.5,S
2021-06-22T09:58:50,100.0,34.5,S
2021-06-22T09:58:50,700.0,34.5,S
2021-06-22T09:58:48,500.0,34.5,S
2021-06-22T09:58:48,5900.0,34.5,S
2021-06-22T09:58:45,1000.0,34.55,B
2021-06-22T09:58:36,1000.0,34.55,B
2021-06-22T09:58:12,300.0,34.55,S
2021-06-22T09:58:12,100.0,34.6,B
2021-06-22T09:57:53,100.0,34.6,B
2021-06-22T09:57:53,500.0,34.6,B
2021-06-22T09:57:50,1700.0,34.5,S
2021-06-22T09:57:50,6500.0,34.5,S
2021-06-22T09:57:50,1600.0,34.5,S
2021-06-22T09:57:50,6000.0,34.5,S
2021-06-22T09:57:50,3100.0,34.5,S
2021-06-22T09:57:50,800.0,34.5,S
2021-06-22T09:57:50,600.0,34.5,S
2021-06-22T09:57:49,5900.0,34.5,S
2021-06-22T09:57:49,1000.0,34.5,S
2021-06-22T09:57:49,2400.0,34.5,S
2021-06-22T09:57:49,600.0,34.5,S
2021-06-22T09:57:49,1300.0,34.5,S
2021-06-22T09:57:49,5100.0,34.5,S
2021-06-22T09:57:49,6000.0,34.55,S
2021-06-22T09:57:49,2300.0,34.55,S
2021-06-22T09:57:49,100.0,34.55,S
2021-06-22T09:57:49,3200.0,34.55,S
2021-06-22T09:57:49,14100.0,34.55,S
2021-06-22T09:57:41,100.0,34.6,B
2021-06-22T09:57:33,2700.0,34.6,B
2021-06-22T09:57:15,3000.0,34.6,B
2021-06-22T09:57:13,400.0,34.6,B
2021-06-22T09:57:11,2000.0,34.6,B
2021-06-22T09:57:00,2000.0,34.6,B
2021-06-22T09:56:49,3000.0,34.55,S
2021-06-22T09:56:48,800.0,34.6,B
2021-06-22T09:56:34,100.0,34.6,B
2021-06-22T09:56:32,6000.0,34.6,B
2021-06-22T09:56:29,2000.0,34.6,B
2021-06-22T09:56:26,200.0,34.6,B
2021-06-22T09:56:23,1000.0,34.6,B
2021-06-22T09:56:15,100.0,34.6,B
2021-06-22T09:56:14,100.0,34.6,B
2021-06-22T09:56:12,900.0,34.6,B
2021-06-22T09:55:41,100.0,34.6,B
2021-06-22T09:55:41,300.0,34.6,B
2021-06-22T09:55:39,300.0,34.6,B
2021-06-22T09:55:38,1000.0,34.6,B
2021-06-22T09:55:32,1400.0,34.6,B
2021-06-22T09:55:31,700.0,34.6,B
2021-06-22T09:55:29,1100.0,34.6,B
2021-06-22T09:55:29,1800.0,34.6,B
2021-06-22T09:55:23,100.0,34.6,B
2021-06-22T09:55:23,100.0,34.6,B
2021-06-22T09:55:18,1100.0,34.6,B
2021-06-22T09:55:11,200.0,34.6,B
2021-06-22T09:54:56,600.0,34.6,B
2021-06-22T09:54:54,1500.0,34.6,B
2021-06-22T09:54:52,500.0,34.6,B
2021-06-22T09:54:37,1900.0,34.6,B
2021-06-22T09:54:36,100.0,34.6,B
2021-06-22T09:54:11,1200.0,34.7,B
2021-06-22T09:54:07,500.0,34.55,S
2021-06-22T09:54:07,1400.0,34.55,S
2021-06-22T09:54:07,600.0,34.65,S
2021-06-22T09:54:06,200.0,34.65,S
2021-06-22T09:54:00,200.0,34.65,S
2021-06-22T09:53:52,5000.0,34.55,S
2021-06-22T09:53:45,900.0,34.6,S
2021-06-22T09:53:45,3000.0,34.6,S
2021-06-22T09:53:45,100.0,34.6,S
2021-06-22T09:53:45,1400.0,34.6,S
2021-06-22T09:53:45,1100.0,34.6,S
2021-06-22T09:53:45,3500.0,34.6,S
2021-06-22T09:53:43,1900.0,34.7,B
2021-06-22T09:53:41,500.0,34.65,S
2021-06-22T09:53:35,1500.0,34.65,S
2021-06-22T09:53:27,300.0,34.6,S
2021-06-22T09:53:25,1500.0,34.7,B
2021-06-22T09:53:15,1100.0,34.7,B
2021-06-22T09:53:15,400.0,34.65,S
2021-06-22T09:53:14,900.0,34.65,S
2021-06-22T09:53:14,800.0,34.7,B
2021-06-22T09:53:14,1700.0,34.7,B
2021-06-22T09:53:11,2000.0,34.65,S
2021-06-22T09:53:06,500.0,34.65,S
2021-06-22T09:52:59,700.0,34.7,B
2021-06-22T09:52:48,500.0,34.7,B
2021-06-22T09:52:44,300.0,34.7,B
2021-06-22T09:52:34,900.0,34.7,B
2021-06-22T09:52:34,100.0,34.7,B
2021-06-22T09:52:33,700.0,34.7,B
2021-06-22T09:52:33,300.0,34.7,B
2021-06-22T09:52:33,2000.0,34.7,B
2021-06-22T09:52:33,1500.0,34.65,S
2021-06-22T09:52:28,1100.0,34.65,S
2021-06-22T09:51:55,300.0,34.7,B
2021-06-22T09:51:46,2000.0,34.7,B
2021-06-22T09:51:39,5000.0,34.65,S
2021-06-22T09:51:16,500.0,34.7,B
2021-06-22T09:50:50,500.0,34.7,B
2021-06-22T09:50:50,8400.0,34.6,S
2021-06-22T09:50:50,600.0,34.6,S
2021-06-22T09:50:50,3000.0,34.6,S
2021-06-22T09:50:50,100.0,34.6,S
2021-06-22T09:50:50,3200.0,34.6,S
2021-06-22T09:50:50,6700.0,34.6,S
2021-06-22T09:50:49,800.0,34.6,S
2021-06-22T09:50:49,7700.0,34.6,S
2021-06-22T09:50:44,100.0,34.65,S
2021-06-22T09:50:39,500.0,34.65,S
2021-06-22T09:50:27,100.0,34.65,S
2021-06-22T09:50:10,500.0,34.7,B
2021-06-22T09:50:05,800.0,34.65,S
2021-06-22T09:50:01,500.0,34.7,B
2021-06-22T09:49:45,3000.0,34.7,B
2021-06-22T09:49:42,300.0,34.7,B
2021-06-22T09:49:37,300.0,34.7,B
2021-06-22T09:49:28,500.0,34.65,S
2021-06-22T09:49:27,300.0,34.7,B
2021-06-22T09:49:22,2000.0,34.7,B
2021-06-22T09:48:59,2000.0,34.65,S
2021-06-22T09:48:56,400.0,34.65,S
2021-06-22T09:48:55,600.0,34.7,S
2021-06-22T09:48:28,4500.0,34.65,S
2021-06-22T09:48:27,100.0,34.75,B
2021-06-22T09:48:27,400.0,34.7,S
2021-06-22T09:48:18,100.0,34.7,B
2021-06-22T09:48:14,1800.0,34.7,B
2021-06-22T09:48:08,1000.0,34.7,B
2021-06-22T09:48:07,300.0,34.7,B
2021-06-22T09:48:00,5000.0,34.7,B
2021-06-22T09:47:50,1000.0,34.7,B
2021-06-22T09:47:48,500.0,34.7,B
2021-06-22T09:47:38,100.0,34.7,B
2021-06-22T09:47:34,500.0,34.7,B
2021-06-22T09:47:31,900.0,34.7,B
2021-06-22T09:47:26,1000.0,34.7,B
2021-06-22T09:47:14,200.0,34.7,S
2021-06-22T09:47:07,1000.0,34.7,S
2021-06-22T09:47:06,1900.0,34.7,S
2021-06-22T09:47:04,600.0,34.75,B
2021-06-22T09:47:03,100.0,34.7,S
2021-06-22T09:46:56,900.0,34.7,S
2021-06-22T09:46:45,4000.0,34.75,B
2021-06-22T09:46:30,800.0,34.7,S
2021-06-22T09:46:30,100.0,34.7,S
2021-06-22T09:46:30,100.0,34.7,S
2021-06-22T09:46:27,4500.0,34.75,S
2021-06-22T09:46:23,1000.0,34.75,S
2021-06-22T09:46:23,100.0,34.8,B
2021-06-22T09:46:17,3000.0,34.75,S
2021-06-22T09:46:13,41000.0,34.75,S
2021-06-22T09:46:13,200.0,34.75,S
2021-06-22T09:46:03,1000.0,34.75,S
2021-06-22T09:46:01,3000.0,34.75,S
2021-06-22T09:46:00,1000.0,34.75,S
2021-06-22T09:45:58,100.0,34.8,B
2021-06-22T09:45:38,1000.0,34.75,S
2021-06-22T09:45:34,1000.0,34.75,S
2021-06-22T09:45:31,100.0,34.8,S
2021-06-22T09:45:31,400.0,34.8,S
2021-06-22T09:45:28,5000.0,34.8,S
2021-06-22T09:45:24,300.0,34.8,S
2021-06-22T09:45:17,2200.0,34.75,S
2021-06-22T09:45:17,100.0,34.8,S
2021-06-22T09:45:07,32500.0,34.8,S
2021-06-22T09:44:48,1000.0,34.85,S
2021-06-22T09:44:46,5000.0,34.85,S
2021-06-22T09:44:23,1000.0,34.9,B
2021-06-22T09:44:20,200.0,34.9,B
2021-06-22T09:44:17,200.0,34.9,B
2021-06-22T09:44:11,1600.0,34.9,B
2021-06-22T09:44:07,200.0,34.9,B
2021-06-22T09:44:07,1600.0,34.9,B
2021-06-22T09:44:03,100.0,34.9,B
2021-06-22T09:44:03,5600.0,34.9,B
2021-06-22T09:44:03,4400.0,34.9,B
2021-06-22T09:43:58,300.0,34.9,B
2021-06-22T09:43:54,1000.0,34.9,B
2021-06-22T09:43:51,2000.0,34.9,B
2021-06-22T09:43:51,1000.0,34.9,B
2021-06-22T09:43:21,1000.0,34.9,B
2021-06-22T09:43:18,100.0,34.9,B
2021-06-22T09:43:06,500.0,34.8,S
2021-06-22T09:43:04,400.0,34.9,B
2021-06-22T09:43:02,11000.0,34.9,B
2021-06-22T09:42:50,100.0,34.9,B
2021-06-22T09:42:49,1000.0,34.9,B
2021-06-22T09:42:47,2900.0,34.9,B
2021-06-22T09:42:43,100.0,34.9,B
2021-06-22T09:42:42,5000.0,34.9,B
2021-06-22T09:42:41,700.0,34.9,B
2021-06-22T09:42:40,800.0,34.9,B
2021-06-22T09:42:18,200.0,34.9,B
2021-06-22T09:42:18,800.0,34.9,B
2021-06-22T09:42:16,200.0,34.9,B
2021-06-22T09:41:56,2000.0,34.9,B
2021-06-22T09:41:48,1500.0,34.9,B
2021-06-22T09:41:21,500.0,34.9,B
2021-06-22T09:40:36,200.0,34.8,B
2021-06-22T09:40:35,500.0,34.8,B
2021-06-22T09:40:35,600.0,34.8,B
2021-06-22T09:40:35,14900.0,34.8,B
2021-06-22T09:40:20,500.0,34.75,S
2021-06-22T09:40:15,500.0,34.75,B
2021-06-22T09:39:55,900.0,34.7,S
2021-06-22T09:39:54,1000.0,34.7,S
2021-06-22T09:39:53,5100.0,34.8,B
2021-06-22T09:39:45,2100.0,34.7,S
2021-06-22T09:39:41,100.0,34.7,B
2021-06-22T09:39:36,500.0,34.7,B
2021-06-22T09:39:25,5000.0,34.7,B
2021-06-22T09:39:17,500.0,34.7,B
2021-06-22T09:39:16,200.0,34.7,B
2021-06-22T09:39:16,1000.0,34.65,S
2021-06-22T09:39:15,5000.0,34.7,B
2021-06-22T09:39:14,2000.0,34.7,B
2021-06-22T09:39:12,2500.0,34.7,B
2021-06-22T09:39:10,100.0,34.75,B
2021-06-22T09:39:04,500.0,34.7,B
2021-06-22T09:38:43,1200.0,34.7,B
2021-06-22T09:38:43,3300.0,34.7,B
2021-06-22T09:38:43,5500.0,34.7,B
2021-06-22T09:38:41,2000.0,34.7,B
2021-06-22T09:38:41,100.0,34.65,S
2021-06-22T09:38:40,1100.0,34.7,B
2021-06-22T09:38:34,400.0,34.7,B
2021-06-22T09:38:32,200.0,34.65,S
2021-06-22T09:38:16,4600.0,34.7,B
2021-06-22T09:38:16,700.0,34.7,B
2021-06-22T09:38:16,600.0,34.7,B
2021-06-22T09:38:16,300.0,34.7,B
2021-06-22T09:38:16,3000.0,34.7,B
2021-06-22T09:38:16,1500.0,34.7,B
2021-06-22T09:38:16,1100.0,34.7,B
2021-06-22T09:38:16,8200.0,34.7,B
2021-06-22T09:38:13,100.0,34.65,S
2021-06-22T09:38:11,4200.0,34.65,S
2021-06-22T09:37:55,500.0,34.65,S
2021-06-22T09:37:34,1000.0,34.65,S
2021-06-22T09:37:24,1000.0,34.65,B
2021-06-22T09:37:19,500.0,34.65,B
2021-06-22T09:37:15,1000.0,34.65,B
2021-06-22T09:37:05,1900.0,34.65,B
2021-06-22T09:37:05,500.0,34.65,B
2021-06-22T09:37:05,2000.0,34.65,B
2021-06-22T09:37:03,1000.0,34.6,S
2021-06-22T09:37:01,1900.0,34.6,S
2021-06-22T09:36:58,1000.0,34.6,S
2021-06-22T09:36:52,1400.0,34.6,S
2021-06-22T09:36:49,15700.0,34.6,S
2021-06-22T09:36:44,1000.0,34.65,B
2021-06-22T09:36:42,500.0,34.6,S
2021-06-22T09:36:32,500.0,34.6,S
2021-06-22T09:36:28,200.0,34.6,S
2021-06-22T09:36:14,500.0,34.6,S
2021-06-22T09:36:08,500.0,34.6,S
2021-06-22T09:36:03,4200.0,34.6,S
2021-06-22T09:35:47,600.0,34.6,B
2021-06-22T09:35:38,700.0,34.6,B
2021-06-22T09:35:37,200.0,34.6,B
2021-06-22T09:35:37,16500.0,34.6,B
2021-06-22T09:35:37,300.0,34.6,B
2021-06-22T09:35:37,3000.0,34.6,B
2021-06-22T09:35:29,800.0,34.6,B
2021-06-22T09:35:23,5100.0,34.6,B
2021-06-22T09:35:21,200.0,34.6,B
2021-06-22T09:35:18,7500.0,34.6,B
2021-06-22T09:35:15,100.0,34.6,B
2021-06-22T09:35:13,100.0,34.6,B
2021-06-22T09:35:03,500.0,34.6,B
2021-06-22T09:34:46,11500.0,34.6,B
2021-06-22T09:34:46,1000.0,34.6,B
2021-06-22T09:34:44,1500.0,34.6,B
2021-06-22T09:34:39,100.0,34.65,B
2021-06-22T09:34:29,500.0,34.6,B
2021-06-22T09:34:23,200.0,34.6,B
2021-06-22T09:34:05,200.0,34.6,B
2021-06-22T09:34:01,100.0,34.6,B
2021-06-22T09:33:55,2000.0,34.6,B
2021-06-22T09:33:52,1400.0,34.65,B
2021-06-22T09:33:47,300.0,34.6,B
2021-06-22T09:33:47,600.0,34.6,B
2021-06-22T09:33:43,1500.0,34.6,B
2021-06-22T09:33:43,13700.0,34.6,B
2021-06-22T09:33:42,100.0,34.6,B
2021-06-22T09:33:38,100.0,34.55,S
2021-06-22T09:33:20,500.0,34.6,B
2021-06-22T09:33:17,2000.0,34.6,B
2021-06-22T09:33:09,1000.0,34.6,B
2021-06-22T09:33:09,200.0,34.55,S
2021-06-22T09:33:07,200.0,34.55,S
2021-06-22T09:33:02,1000.0,34.6,B
2021-06-22T09:33:01,300.0,34.6,B
2021-06-22T09:33:00,300.0,34.6,B
2021-06-22T09:32:48,14600.0,34.6,B
2021-06-22T09:32:48,1600.0,34.6,B
2021-06-22T09:32:48,1000.0,34.6,B
2021-06-22T09:32:45,100.0,34.6,B
2021-06-22T09:32:37,100.0,34.6,B
2021-06-22T09:32:34,1000.0,34.55,S
2021-06-22T09:32:34,700.0,34.6,B
2021-06-22T09:32:26,1000.0,34.6,B
2021-06-22T09:32:23,100.0,34.6,B
2021-06-22T09:32:13,200.0,34.6,B
2021-06-22T09:32:00,1000.0,34.6,B
2021-06-22T09:31:59,100.0,34.6,B
2021-06-22T09:31:55,400.0,34.6,B
2021-06-22T09:31:45,400.0,34.6,B
2021-06-22T09:31:45,600.0,34.55,S
2021-06-22T09:31:45,400.0,34.55,S
2021-06-22T09:31:32,5200.0,34.6,B
2021-06-22T09:31:32,1500.0,34.6,B
2021-06-22T09:31:32,1000.0,34.6,B
2021-06-22T09:31:32,1500.0,34.6,B
2021-06-22T09:31:32,800.0,34.6,B
2021-06-22T09:31:28,500.0,34.55,S
2021-06-22T09:31:25,100.0,34.55,S
2021-06-22T09:31:13,500.0,34.6,B
2021-06-22T09:31:11,700.0,34.6,B
2021-06-22T09:31:10,1300.0,34.65,B
2021-06-22T09:31:09,1900.0,34.6,B
2021-06-22T09:31:05,1000.0,34.6,B
2021-06-22T09:30:56,1200.0,34.6,S
2021-06-22T09:30:56,800.0,34.6,S
2021-06-22T09:30:52,400.0,34.6,S
2021-06-22T09:30:52,2100.0,34.6,S
2021-06-22T09:30:52,1200.0,34.6,S
2021-06-22T09:30:52,1300.0,34.6,S
2021-06-22T09:30:49,1000.0,34.6,S
2021-06-22T09:30:46,200.0,34.7,B
2021-06-22T09:30:37,400.0,34.6,S
2021-06-22T09:30:37,400.0,34.6,S
2021-06-22T09:30:37,200.0,34.6,S
2021-06-22T09:30:37,300.0,34.65,S
2021-06-22T09:30:35,500.0,34.7,B
2021-06-22T09:30:21,100.0,34.6,S
2021-06-22T09:30:21,200.0,34.6,S
2021-06-22T09:30:21,400.0,34.6,S
2021-06-22T09:30:18,2000.0,34.7,B
2021-06-22T09:30:18,500.0,34.6,S
2021-06-22T09:30:05,700.0,34.65,S
2021-06-22T09:30:00,500.0,34.6,S
2021-06-22T09:29:54,100.0,34.65,S
2021-06-22T09:29:52,200.0,34.65,S
2021-06-22T09:29:44,2000.0,34.6,S
2021-06-22T09:29:43,100.0,34.6,S
2021-06-22T09:29:42,500.0,34.6,S
2021-06-22T09:29:42,1000.0,34.6,S
2021-06-22T09:29:41,100.0,34.6,S
2021-06-22T09:29:38,200.0,34.6,S
2021-06-22T09:29:27,3000.0,34.7,B
2021-06-22T09:29:25,500.0,34.6,S
2021-06-22T09:29:23,200.0,34.6,B
2021-06-22T09:29:20,500.0,34.6,B
2021-06-22T09:29:19,500.0,34.6,B
2021-06-22T09:29:12,500.0,34.6,B
2021-06-22T09:28:58,200.0,34.6,B
2021-06-22T09:28:48,700.0,34.7,B
2021-06-22T09:28:42,2000.0,34.6,B
2021-06-22T09:28:39,500.0,34.6,B
2021-06-22T09:28:31,1000.0,34.6,B
2021-06-22T09:28:24,2000.0,34.55,S
2021-06-22T09:28:23,500.0,34.6,B
2021-06-22T09:28:16,500.0,34.6,B
2021-06-22T09:28:12,1000.0,34.6,B
2021-06-22T09:28:08,5000.0,34.6,B
2021-06-22T09:28:04,100.0,34.6,B
2021-06-22T09:27:54,400.0,34.6,B
2021-06-22T09:27:47,900.0,34.6,B
2021-06-22T09:27:44,100.0,34.6,B
2021-06-22T09:27:41,6000.0,34.55,S
2021-06-22T09:27:39,400.0,34.6,B
2021-06-22T09:27:32,600.0,34.55,S
2021-06-22T09:27:31,1100.0,34.6,B
2021-06-22T09:27:29,10000.0,34.6,B
2021-06-22T09:27:29,600.0,34.6,B
2021-06-22T09:27:27,5000.0,34.7,B
2021-06-22T09:27:27,100.0,34.6,B
2021-06-22T09:27:15,200.0,34.6,B
2021-06-22T09:27:06,1000.0,34.6,B
2021-06-22T09:27:04,100.0,34.6,B
2021-06-22T09:27:04,100.0,34.6,B
2021-06-22T09:27:01,100.0,34.6,B
2021-06-22T09:26:42,400.0,34.6,B
2021-06-22T09:26:40,1100.0,34.6,B
2021-06-22T09:26:40,700.0,34.6,B
2021-06-22T09:26:39,5600.0,34.6,B
2021-06-22T09:26:38,300.0,34.55,S
2021-06-22T09:26:35,2000.0,34.55,S
2021-06-22T09:26:28,1000.0,34.55,S
2021-06-22T09:26:20,200.0,34.55,S
2021-06-22T09:26:19,100.0,34.6,B
2021-06-22T09:26:17,100.0,34.6,B
2021-06-22T09:26:07,8000.0,34.55,S
2021-06-22T09:25:55,200.0,34.55,B
2021-06-22T09:25:47,400.0,34.55,B
2021-06-22T09:25:46,300.0,34.55,B
2021-06-22T09:25:40,5000.0,34.6,B
2021-06-22T09:25:26,2000.0,34.55,B
2021-06-22T09:25:25,3900.0,34.55,B
2021-06-22T09:25:24,100.0,34.55,B
2021-06-22T09:25:17,4400.0,34.5,S
2021-06-22T09:25:17,2500.0,34.5,S
2021-06-22T09:25:17,100.0,34.5,S
2021-06-22T09:25:12,400.0,34.5,S
2021-06-22T09:25:04,100.0,34.55,B
2021-06-22T09:24:59,800.0,34.5,S
2021-06-22T09:24:59,700.0,34.5,S
2021-06-22T09:24:56,200.0,34.5,S
2021-06-22T09:24:54,100.0,34.5,S
2021-06-22T09:24:52,1200.0,34.5,S
2021-06-22T09:24:50,100.0,34.5,S
2021-06-22T09:24:49,500.0,34.5,S
2021-06-22T09:24:30,1500.0,34.5,S
2021-06-22T09:24:30,500.0,34.5,S
2021-06-22T09:24:26,500.0,34.55,B
2021-06-22T09:24:14,200.0,34.6,B
2021-06-22T09:24:04,1000.0,34.55,B
2021-06-22T09:24:02,900.0,34.55,B
2021-06-22T09:23:55,500.0,34.5,S
2021-06-22T09:23:53,400.0,34.55,B
2021-06-22T09:23:49,1000.0,34.55,B
2021-06-22T09:23:47,100.0,34.55,B
2021-06-22T09:23:46,500.0,34.55,B
2021-06-22T09:23:45,900.0,34.55,B
2021-06-22T09:23:36,700.0,34.55,B
2021-06-22T09:23:36,500.0,34.55,B
2021-06-22T09:23:36,800.0,34.55,B
2021-06-22T09:23:34,1000.0,34.5,S
2021-06-22T09:23:34,200.0,34.5,S
2021-06-22T09:23:33,1000.0,34.5,S
2021-06-22T09:23:25,200.0,34.55,B
2021-06-22T09:23:16,100.0,34.55,B
2021-06-22T09:23:05,1000.0,34.5,S
2021-06-22T09:23:00,2000.0,34.55,B
2021-06-22T09:22:56,100.0,34.5,S
2021-06-22T09:22:51,100.0,34.5,S
2021-06-22T09:22:44,100.0,34.5,S
2021-06-22T09:22:43,2500.0,34.5,S
2021-06-22T09:22:40,600.0,34.5,S
2021-06-22T09:22:40,1100.0,34.5,S
2021-06-22T09:22:40,1500.0,34.5,S
2021-06-22T09:22:40,1300.0,34.5,S
2021-06-22T09:22:37,1500.0,34.55,B
2021-06-22T09:22:37,4200.0,34.55,B
2021-06-22T09:22:36,100.0,34.5,S
2021-06-22T09:22:23,100.0,34.55,B
2021-06-22T09:22:17,200.0,34.55,B
2021-06-22T09:22:05,100.0,34.55,B
2021-06-22T09:22:05,3000.0,34.5,S
2021-06-22T09:22:02,4200.0,34.5,S
2021-06-22T09:21:59,200.0,34.5,S
2021-06-22T09:21:55,100.0,34.5,S
2021-06-22T09:21:51,700.0,34.5,S
2021-06-22T09:21:37,100.0,34.5,B
2021-06-22T09:21:30,2000.0,34.5,B
2021-06-22T09:21:28,500.0,34.5,B
2021-06-22T09:21:26,700.0,34.5,B
2021-06-22T09:21:26,200.0,34.5,B
2021-06-22T09:21:19,1700.0,34.45,S
2021-06-22T09:21:16,800.0,34.4,S
2021-06-22T09:21:15,2000.0,34.55,B
2021-06-22T09:21:14,1700.0,34.45,S
2021-06-22T09:21:13,1800.0,34.5,B
2021-06-22T09:21:09,100.0,34.5,B
2021-06-22T09:20:55,200.0,34.5,S
2021-06-22T09:20:51,300.0,34.5,S
2021-06-22T09:20:50,500.0,34.5,S
2021-06-22T09:20:48,5300.0,34.5,S
2021-06-22T09:20:48,800.0,34.5,S
2021-06-22T09:20:37,2000.0,34.5,S
2021-06-22T09:20:35,100.0,34.5,S
2021-06-22T09:20:35,800.0,34.5,S
2021-06-22T09:20:35,4700.0,34.5,S
2021-06-22T09:20:22,5000.0,34.5,S
2021-06-22T09:20:12,100.0,34.55,S
2021-06-22T09:20:05,8300.0,34.55,S
2021-06-22T09:20:02,500.0,34.55,S
2021-06-22T09:20:01,400.0,34.6,S
2021-06-22T09:20:01,1000.0,34.6,S
2021-06-22T09:19:56,2000.0,34.7,B
2021-06-22T09:19:53,500.0,34.5,S
2021-06-22T09:19:53,1400.0,34.5,S
2021-06-22T09:19:53,3600.0,34.5,S
2021-06-22T09:19:53,2000.0,34.5,S
2021-06-22T09:19:53,2100.0,34.5,S
2021-06-22T09:19:53,200.0,34.5,S
2021-06-22T09:19:53,1000.0,34.5,S
2021-06-22T09:19:53,200.0,34.5,S
2021-06-22T09:19:53,2000.0,34.5,S
2021-06-22T09:19:53,1100.0,34.5,S
2021-06-22T09:19:53,1000.0,34.5,S
2021-06-22T09:19:52,200.0,34.5,S
2021-06-22T09:19:52,900.0,34.5,S
2021-06-22T09:19:52,3600.0,34.5,S
2021-06-22T09:19:52,3600.0,34.5,S
2021-06-22T09:19:52,1400.0,34.5,S
2021-06-22T09:19:52,4600.0,34.5,S
2021-06-22T09:19:52,400.0,34.5,S
2021-06-22T09:19:52,12800.0,34.5,S
2021-06-22T09:19:52,800.0,34.5,S
2021-06-22T09:19:52,600.0,34.5,S
2021-06-22T09:19:52,1100.0,34.5,S
2021-06-22T09:19:52,200.0,34.5,S
2021-06-22T09:19:52,5500.0,34.5,S
2021-06-22T09:19:52,500.0,34.55,S
2021-06-22T09:19:52,22000.0,34.55,S
2021-06-22T09:19:52,2000.0,34.55,S
2021-06-22T09:19:52,12600.0,34.55,S
2021-06-22T09:19:51,4200.0,34.6,S
2021-06-22T09:19:38,1500.0,34.6,S
2021-06-22T09:19:34,200.0,34.6,S
2021-06-22T09:19:23,4900.0,34.6,S
2021-06-22T09:19:23,100.0,34.6,S
2021-06-22T09:19:06,2000.0,34.6,S
2021-06-22T09:18:59,2000.0,34.6,S
2021-06-22T09:18:52,400.0,34.7,B
2021-06-22T09:18:52,2900.0,34.7,B
2021-06-22T09:18:52,100.0,34.7,B
2021-06-22T09:18:47,1000.0,34.6,S
2021-06-22T09:18:42,2000.0,34.6,S
2021-06-22T09:18:37,9300.0,34.6,S
2021-06-22T09:18:34,2000.0,34.6,S
2021-06-22T09:18:32,100.0,34.7,B
2021-06-22T09:18:28,100.0,34.7,B
2021-06-22T09:18:23,400.0,34.6,S
2021-06-22T09:18:23,100.0,34.7,S
2021-06-22T09:18:21,800.0,34.7,S
2021-06-22T09:18:19,3000.0,34.7,S
2021-06-22T09:18:16,1000.0,34.7,S
2021-06-22T09:18:11,2000.0,34.7,S
2021-06-22T09:18:03,2000.0,34.7,S
2021-06-22T09:17:43,700.0,34.8,B
2021-06-22T09:17:43,2300.0,34.8,B
2021-06-22T09:17:40,14000.0,34.6,S
2021-06-22T09:17:37,200.0,34.8,B
2021-06-22T09:17:33,100.0,34.8,S
2021-06-22T09:17:23,1000.0,34.8,S
2021-06-22T09:17:20,100.0,34.8,S
2021-06-22T09:17:20,2000.0,34.8,S
2021-06-22T09:17:18,500.0,34.8,S
2021-06-22T09:17:12,500.0,34.8,S
2021-06-22T09:17:02,500.0,34.8,S
2021-06-22T09:16:59,1000.0,34.9,B
2021-06-22T09:16:50,100.0,34.8,S
2021-06-22T09:16:41,3100.0,34.8,S
2021-06-22T09:16:34,1000.0,34.8,S
2021-06-22T09:16:34,100.0,34.9,B
2021-06-22T09:16:30,5000.0,35.0,B
2021-06-22T09:16:19,200.0,34.9,S
2021-06-22T09:16:16,300.0,34.9,S
2021-06-22T09:16:16,100.0,35.0,B
2021-06-22T09:16:10,500.0,34.9,B
2021-06-22T09:16:10,500.0,34.9,B
2021-06-22T09:16:05,10000.0,34.8,S
2021-06-22T09:16:01,500.0,34.9,B
2021-06-22T09:16:00,100.0,34.9,B
2021-06-22T09:15:56,1800.0,34.8,S
2021-06-22T09:15:56,1000.0,34.8,S
2021-06-22T09:15:51,900.0,34.9,S
2021-06-22T09:15:37,200.0,34.9,B
2021-06-22T09:15:35,18000.0,35.0,B
2021-06-22T09:15:34,1000.0,34.9,B
