tradingTime,volume,price,side
2021-06-22T14:29:39,1000.0,6.18,B
2021-06-22T14:28:50,2000.0,6.17,S
2021-06-22T14:28:30,1000.0,6.17,S
2021-06-22T14:28:22,200.0,6.18,B
2021-06-22T14:28:01,1000.0,6.17,S
2021-06-22T14:27:37,3800.0,6.17,B
2021-06-22T14:27:33,63900.0,6.16,S
2021-06-22T14:27:22,1100.0,6.17,B
2021-06-22T14:27:22,1900.0,6.17,B
2021-06-22T14:27:10,10000.0,6.16,S
2021-06-22T14:27:04,100.0,6.16,S
2021-06-22T14:26:50,1000.0,6.16,S
2021-06-22T14:26:50,100.0,6.17,B
2021-06-22T14:26:48,700.0,6.16,S
2021-06-22T14:26:37,4900.0,6.16,S
2021-06-22T14:26:14,400.0,6.17,B
2021-06-22T14:26:14,200.0,6.17,B
2021-06-22T14:25:50,43300.0,6.16,B
2021-06-22T14:25:24,300.0,6.15,S
2021-06-22T14:25:20,200.0,6.15,S
2021-06-22T14:24:45,5000.0,6.15,S
2021-06-22T14:24:44,5400.0,6.15,S
2021-06-22T14:24:34,5000.0,6.15,S
2021-06-22T14:24:20,5000.0,6.16,B
2021-06-22T14:24:15,55500.0,6.15,S
2021-06-22T14:24:15,200.0,6.15,S
2021-06-22T14:24:15,1500.0,6.15,S
2021-06-22T14:24:15,2800.0,6.15,S
2021-06-22T14:24:13,9000.0,6.15,S
2021-06-22T14:24:07,4000.0,6.16,B
2021-06-22T14:23:27,1000.0,6.15,S
2021-06-22T14:22:57,22000.0,6.16,S
2021-06-22T14:22:57,700.0,6.16,S
2021-06-22T14:22:57,10000.0,6.16,S
2021-06-22T14:22:57,10100.0,6.16,S
2021-06-22T14:22:57,700.0,6.16,S
2021-06-22T14:22:55,46100.0,6.16,S
2021-06-22T14:22:27,300.0,6.16,S
2021-06-22T14:22:15,2000.0,6.16,S
2021-06-22T14:22:15,18000.0,6.17,S
2021-06-22T14:22:03,2000.0,6.17,S
2021-06-22T14:21:59,20000.0,6.16,S
2021-06-22T14:21:48,1000.0,6.16,S
2021-06-22T14:21:42,11700.0,6.16,S
2021-06-22T14:21:40,4000.0,6.16,S
2021-06-22T14:21:33,2600.0,6.2,B
2021-06-22T14:21:33,100.0,6.2,B
2021-06-22T14:21:33,7000.0,6.2,B
2021-06-22T14:21:33,42000.0,6.2,B
2021-06-22T14:21:33,10900.0,6.2,B
2021-06-22T14:21:33,7700.0,6.19,B
2021-06-22T14:21:33,2200.0,6.19,B
2021-06-22T14:21:33,1500.0,6.18,B
2021-06-22T14:21:33,6500.0,6.18,B
2021-06-22T14:21:33,7900.0,6.18,B
2021-06-22T14:21:32,20200.0,6.17,B
2021-06-22T14:21:27,100.0,6.16,S
2021-06-22T14:21:13,1000.0,6.16,S
2021-06-22T14:20:56,3000.0,6.16,S
2021-06-22T14:20:48,2000.0,6.16,S
2021-06-22T14:20:40,5000.0,6.16,S
2021-06-22T14:19:53,3000.0,6.16,S
2021-06-22T14:19:37,200.0,6.16,S
2021-06-22T14:18:49,1000.0,6.16,S
2021-06-22T14:18:45,100.0,6.17,B
2021-06-22T14:17:41,1000.0,6.17,B
2021-06-22T14:16:58,100.0,6.17,B
2021-06-22T14:16:55,20000.0,6.16,S
2021-06-22T14:16:32,200.0,6.16,S
2021-06-22T14:16:27,100.0,6.17,B
2021-06-22T14:15:49,5000.0,6.16,S
2021-06-22T14:15:34,20000.0,6.16,S
2021-06-22T14:15:30,57000.0,6.16,S
2021-06-22T14:15:28,43000.0,6.16,S
2021-06-22T14:15:22,1000.0,6.17,S
2021-06-22T14:14:58,1900.0,6.16,S
2021-06-22T14:14:58,4600.0,6.17,S
2021-06-22T14:14:56,2500.0,6.17,S
2021-06-22T14:14:39,200.0,6.17,B
2021-06-22T14:14:37,12700.0,6.17,B
2021-06-22T14:14:30,2000.0,6.16,S
2021-06-22T14:14:22,900.0,6.16,S
2021-06-22T14:14:07,2500.0,6.16,S
2021-06-22T14:13:48,6700.0,6.16,S
2021-06-22T14:12:57,3000.0,6.16,S
2021-06-22T14:12:42,200.0,6.16,S
2021-06-22T14:12:35,1000.0,6.17,B
2021-06-22T14:12:33,10000.0,6.16,S
2021-06-22T14:12:29,5000.0,6.16,S
2021-06-22T14:12:27,100.0,6.16,S
2021-06-22T14:12:24,200.0,6.16,S
2021-06-22T14:12:18,300.0,6.16,S
2021-06-22T14:11:56,300.0,6.16,S
2021-06-22T14:11:42,2000.0,6.16,S
2021-06-22T14:11:32,700.0,6.16,S
2021-06-22T14:11:11,13300.0,6.16,S
2021-06-22T14:11:07,10000.0,6.16,S
2021-06-22T14:10:45,9500.0,6.16,S
2021-06-22T14:10:45,500.0,6.16,S
2021-06-22T14:10:45,1100.0,6.16,S
2021-06-22T14:10:45,8900.0,6.16,S
2021-06-22T14:10:39,10000.0,6.16,S
2021-06-22T14:10:31,1000.0,6.16,S
2021-06-22T14:10:24,1100.0,6.16,S
2021-06-22T14:10:22,300.0,6.17,B
2021-06-22T14:10:22,1000.0,6.17,B
2021-06-22T14:10:22,200.0,6.17,B
2021-06-22T14:09:50,2000.0,6.16,S
2021-06-22T14:09:27,500.0,6.17,B
2021-06-22T14:09:14,10000.0,6.16,S
2021-06-22T14:09:00,1000.0,6.17,B
2021-06-22T14:08:51,10000.0,6.16,S
2021-06-22T14:08:34,400.0,6.16,S
2021-06-22T14:08:29,300.0,6.16,S
2021-06-22T14:08:24,500.0,6.17,B
2021-06-22T14:08:21,500.0,6.16,S
2021-06-22T14:08:08,20000.0,6.16,S
2021-06-22T14:07:56,30000.0,6.16,S
2021-06-22T14:07:49,7500.0,6.17,B
2021-06-22T14:07:49,19100.0,6.17,B
2021-06-22T14:07:33,900.0,6.17,B
2021-06-22T14:07:33,2100.0,6.17,B
2021-06-22T14:07:06,100.0,6.16,S
2021-06-22T14:07:02,10000.0,6.16,S
2021-06-22T14:07:02,200.0,6.16,S
2021-06-22T14:06:06,600.0,6.16,S
2021-06-22T14:05:39,1000.0,6.16,S
2021-06-22T14:05:29,4000.0,6.16,S
2021-06-22T14:05:20,400.0,6.16,S
2021-06-22T14:04:38,100.0,6.16,S
2021-06-22T14:04:35,1000.0,6.16,S
2021-06-22T14:04:29,10000.0,6.16,S
2021-06-22T14:04:27,200.0,6.17,B
2021-06-22T14:04:11,154000.0,6.16,S
2021-06-22T14:04:07,2000.0,6.17,S
2021-06-22T14:04:05,1000.0,6.17,S
2021-06-22T14:03:59,300.0,6.17,S
2021-06-22T14:03:53,12300.0,6.17,B
2021-06-22T14:03:30,23500.0,6.17,B
2021-06-22T14:03:15,1000.0,6.17,B
2021-06-22T14:03:09,2000.0,6.17,B
2021-06-22T14:03:00,1500.0,6.17,B
2021-06-22T14:03:00,100.0,6.17,B
2021-06-22T14:02:58,1900.0,6.17,B
2021-06-22T14:02:15,100.0,6.17,S
2021-06-22T14:02:13,4000.0,6.16,S
2021-06-22T14:02:01,700.0,6.17,B
2021-06-22T14:01:50,5600.0,6.16,S
2021-06-22T14:01:46,1000.0,6.16,S
2021-06-22T14:01:36,8600.0,6.17,B
2021-06-22T14:01:36,400.0,6.17,B
2021-06-22T14:01:33,5900.0,6.16,S
2021-06-22T14:01:30,3000.0,6.16,S
2021-06-22T14:01:26,20000.0,6.16,S
2021-06-22T14:01:03,2100.0,6.16,B
2021-06-22T14:00:47,1000.0,6.16,B
2021-06-22T14:00:30,4800.0,6.16,S
2021-06-22T14:00:30,2100.0,6.16,S
2021-06-22T14:00:14,1000.0,6.16,S
2021-06-22T14:00:04,600.0,6.16,S
2021-06-22T14:00:04,300.0,6.16,S
2021-06-22T14:00:04,3800.0,6.16,S
2021-06-22T13:58:45,2000.0,6.16,S
2021-06-22T13:58:45,100.0,6.17,B
2021-06-22T13:58:07,500.0,6.17,S
2021-06-22T13:57:30,1000.0,6.17,S
2021-06-22T13:57:10,15000.0,6.17,B
2021-06-22T13:56:43,2000.0,6.16,S
2021-06-22T13:56:35,300.0,6.17,B
2021-06-22T13:56:34,100.0,6.16,B
2021-06-22T13:56:20,100.0,6.16,B
2021-06-22T13:56:13,3000.0,6.16,B
2021-06-22T13:55:52,19000.0,6.15,S
2021-06-22T13:55:48,2000.0,6.15,S
2021-06-22T13:55:37,9600.0,6.15,S
2021-06-22T13:55:18,2100.0,6.16,B
2021-06-22T13:55:14,2000.0,6.15,S
2021-06-22T13:55:05,1200.0,6.16,B
2021-06-22T13:55:01,100.0,6.16,B
2021-06-22T13:54:59,2000.0,6.16,B
2021-06-22T13:54:59,11900.0,6.16,B
2021-06-22T13:54:40,1000.0,6.16,B
2021-06-22T13:54:39,4000.0,6.15,S
2021-06-22T13:54:34,1100.0,6.16,B
2021-06-22T13:54:34,400.0,6.16,B
2021-06-22T13:53:47,400.0,6.16,B
2021-06-22T13:53:42,300.0,6.16,B
2021-06-22T13:52:50,100.0,6.16,S
2021-06-22T13:52:45,1000.0,6.15,S
2021-06-22T13:52:44,10000.0,6.15,S
2021-06-22T13:52:37,500.0,6.16,S
2021-06-22T13:52:30,1000.0,6.16,S
2021-06-22T13:52:16,302000.0,6.15,S
2021-06-22T13:52:16,1000.0,6.15,S
2021-06-22T13:52:16,500.0,6.15,S
2021-06-22T13:52:15,500.0,6.15,S
2021-06-22T13:52:15,1000.0,6.15,S
2021-06-22T13:52:15,1200.0,6.15,S
2021-06-22T13:52:15,31700.0,6.15,S
2021-06-22T13:52:15,23000.0,6.16,S
2021-06-22T13:52:15,100.0,6.16,S
2021-06-22T13:52:15,1200.0,6.16,S
2021-06-22T13:52:15,300.0,6.16,S
2021-06-22T13:52:15,1000.0,6.16,S
2021-06-22T13:52:15,136500.0,6.16,S
2021-06-22T13:52:01,3500.0,6.16,S
2021-06-22T13:51:54,50000.0,6.16,S
2021-06-22T13:51:22,50000.0,6.16,S
2021-06-22T13:51:18,5300.0,6.17,B
2021-06-22T13:51:18,3300.0,6.17,B
2021-06-22T13:51:05,1100.0,6.17,B
2021-06-22T13:50:53,100.0,6.16,S
2021-06-22T13:50:45,700.0,6.17,B
2021-06-22T13:50:31,1400.0,6.16,S
2021-06-22T13:50:05,300.0,6.16,S
2021-06-22T13:50:03,100.0,6.17,S
2021-06-22T13:50:03,200.0,6.17,S
2021-06-22T13:50:02,4600.0,6.17,S
2021-06-22T13:49:51,500.0,6.17,S
2021-06-22T13:49:40,200.0,6.17,S
2021-06-22T13:49:30,200.0,6.17,S
2021-06-22T13:49:00,18500.0,6.17,S
2021-06-22T13:49:00,10200.0,6.17,S
2021-06-22T13:49:00,1300.0,6.17,S
2021-06-22T13:48:51,100.0,6.18,B
2021-06-22T13:47:40,100.0,6.18,S
2021-06-22T13:47:31,100.0,6.18,S
2021-06-22T13:47:31,7100.0,6.18,S
2021-06-22T13:47:29,200.0,6.18,S
2021-06-22T13:46:10,500.0,6.18,S
2021-06-22T13:45:49,500.0,6.18,S
2021-06-22T13:45:23,7000.0,6.18,S
2021-06-22T13:45:05,3000.0,6.18,S
2021-06-22T13:45:04,5000.0,6.18,S
2021-06-22T13:43:41,1000.0,6.19,S
2021-06-22T13:41:32,1000.0,6.2,B
2021-06-22T13:41:10,2000.0,6.2,B
2021-06-22T13:39:59,100.0,6.19,S
2021-06-22T13:39:42,17500.0,6.2,S
2021-06-22T13:39:33,2500.0,6.2,S
2021-06-22T13:39:24,15000.0,6.2,S
2021-06-22T13:39:03,20000.0,6.2,S
2021-06-22T13:39:00,35000.0,6.2,S
2021-06-22T13:38:58,800.0,6.21,B
2021-06-22T13:38:52,10000.0,6.2,S
2021-06-22T13:38:50,300.0,6.2,S
2021-06-22T13:38:39,1000.0,6.2,S
2021-06-22T13:38:37,8000.0,6.2,S
2021-06-22T13:38:26,10000.0,6.2,S
2021-06-22T13:38:19,40000.0,6.2,S
2021-06-22T13:38:16,100.0,6.2,S
2021-06-22T13:38:15,100.0,6.21,B
2021-06-22T13:38:04,40000.0,6.2,S
2021-06-22T13:38:03,10000.0,6.2,S
2021-06-22T13:37:59,3000.0,6.2,S
2021-06-22T13:37:51,51800.0,6.2,S
2021-06-22T13:37:47,30000.0,6.2,S
2021-06-22T13:37:43,6000.0,6.2,S
2021-06-22T13:37:39,5000.0,6.2,S
2021-06-22T13:37:34,900.0,6.2,S
2021-06-22T13:37:29,30000.0,6.2,S
2021-06-22T13:36:45,2000.0,6.2,S
2021-06-22T13:36:37,10000.0,6.2,S
2021-06-22T13:36:29,10000.0,6.2,S
2021-06-22T13:36:27,500.0,6.2,S
2021-06-22T13:36:27,100.0,6.2,S
2021-06-22T13:36:17,1000.0,6.2,S
2021-06-22T13:36:16,300.0,6.2,S
2021-06-22T13:35:57,5000.0,6.2,S
2021-06-22T13:35:54,10000.0,6.2,S
2021-06-22T13:34:27,500.0,6.21,B
2021-06-22T13:34:19,200.0,6.21,B
2021-06-22T13:34:11,100.0,6.2,S
2021-06-22T13:34:08,10000.0,6.2,S
2021-06-22T13:32:58,10000.0,6.2,S
2021-06-22T13:32:55,10000.0,6.22,B
2021-06-22T13:32:20,100.0,6.2,S
2021-06-22T13:31:51,5000.0,6.22,B
2021-06-22T13:31:50,500.0,6.22,B
2021-06-22T13:31:20,1000.0,6.22,B
2021-06-22T13:31:08,100.0,6.2,S
2021-06-22T13:30:51,1000.0,6.2,S
2021-06-22T13:30:30,1000.0,6.2,S
2021-06-22T13:30:25,1000.0,6.2,S
2021-06-22T13:30:22,500.0,6.2,S
2021-06-22T13:30:17,100.0,6.2,S
2021-06-22T13:30:14,500.0,6.2,S
2021-06-22T13:29:53,2000.0,6.2,S
2021-06-22T13:29:43,3000.0,6.2,S
2021-06-22T13:29:07,13000.0,6.2,B
2021-06-22T13:29:00,100.0,6.2,B
2021-06-22T13:28:45,800.0,6.2,B
2021-06-22T13:28:09,4000.0,6.17,S
2021-06-22T13:28:00,11000.0,6.17,S
2021-06-22T13:27:56,100.0,6.2,S
2021-06-22T13:27:45,100.0,6.2,S
2021-06-22T13:27:42,200.0,6.17,S
2021-06-22T13:27:36,800.0,6.17,S
2021-06-22T13:26:49,100.0,6.17,B
2021-06-22T13:26:38,6600.0,6.24,B
2021-06-22T13:26:38,6600.0,6.24,B
2021-06-22T13:26:38,22200.0,6.23,B
2021-06-22T13:26:38,14000.0,6.23,B
2021-06-22T13:26:38,3200.0,6.22,B
2021-06-22T13:26:38,5000.0,6.22,B
2021-06-22T13:26:38,600.0,6.22,B
2021-06-22T13:26:38,300.0,6.22,B
2021-06-22T13:26:38,22000.0,6.22,B
2021-06-22T13:26:38,600.0,6.22,B
2021-06-22T13:26:37,1000.0,6.22,B
2021-06-22T13:26:37,6300.0,6.22,B
2021-06-22T13:26:37,5000.0,6.22,B
2021-06-22T13:26:37,1000.0,6.22,B
2021-06-22T13:26:37,7100.0,6.21,B
2021-06-22T13:26:37,400.0,6.21,B
2021-06-22T13:26:37,3100.0,6.2,B
2021-06-22T13:26:37,4800.0,6.2,B
2021-06-22T13:26:37,3100.0,6.2,B
2021-06-22T13:26:37,900.0,6.2,B
2021-06-22T13:26:37,6700.0,6.2,B
2021-06-22T13:26:37,1500.0,6.2,B
2021-06-22T13:26:37,10300.0,6.2,B
2021-06-22T13:26:37,8200.0,6.2,B
2021-06-22T13:26:37,1100.0,6.2,B
2021-06-22T13:26:37,2100.0,6.2,B
2021-06-22T13:26:37,2600.0,6.2,B
2021-06-22T13:26:37,2000.0,6.2,B
2021-06-22T13:26:37,12500.0,6.2,B
2021-06-22T13:26:37,3000.0,6.19,B
2021-06-22T13:26:37,2500.0,6.19,B
2021-06-22T13:26:36,7500.0,6.19,B
2021-06-22T13:26:36,26200.0,6.18,B
2021-06-22T13:26:04,200.0,6.17,B
2021-06-22T13:25:57,19700.0,6.15,S
2021-06-22T13:25:54,1400.0,6.16,B
2021-06-22T13:25:46,500.0,6.16,B
2021-06-22T13:25:36,2000.0,6.16,B
2021-06-22T13:25:07,500.0,6.15,S
2021-06-22T13:24:59,19000.0,6.16,B
2021-06-22T13:24:50,500.0,6.16,B
2021-06-22T13:24:50,2000.0,6.16,B
2021-06-22T13:24:38,100.0,6.16,B
2021-06-22T13:24:26,2000.0,6.15,S
2021-06-22T13:24:24,20000.0,6.15,S
2021-06-22T13:24:19,200.0,6.15,S
2021-06-22T13:23:58,1000.0,6.15,S
2021-06-22T13:23:45,500.0,6.15,S
2021-06-22T13:23:30,300.0,6.16,B
2021-06-22T13:23:15,200.0,6.16,B
2021-06-22T13:22:49,500.0,6.16,B
2021-06-22T13:22:39,1000.0,6.16,B
2021-06-22T13:22:23,5000.0,6.16,S
2021-06-22T13:22:23,2100.0,6.15,S
2021-06-22T13:22:11,5000.0,6.16,S
2021-06-22T13:22:01,1000.0,6.17,S
2021-06-22T13:21:46,30000.0,6.15,S
2021-06-22T13:21:45,100.0,6.16,S
2021-06-22T13:21:17,5300.0,6.15,S
2021-06-22T13:21:17,14700.0,6.15,S
2021-06-22T13:21:01,10000.0,6.18,B
2021-06-22T13:21:01,2500.0,6.18,B
2021-06-22T13:21:01,1000.0,6.17,B
2021-06-22T13:21:01,1500.0,6.17,B
2021-06-22T13:20:36,10000.0,6.15,S
2021-06-22T13:20:22,1000.0,6.17,B
2021-06-22T13:20:10,500.0,6.17,B
2021-06-22T13:20:07,200.0,6.17,B
2021-06-22T13:20:05,200.0,6.17,B
2021-06-22T13:19:59,3000.0,6.17,B
2021-06-22T13:19:58,3000.0,6.17,B
2021-06-22T13:19:58,3000.0,6.17,B
2021-06-22T13:19:58,3000.0,6.17,B
2021-06-22T13:19:57,3000.0,6.17,B
2021-06-22T13:19:52,1400.0,6.17,B
2021-06-22T13:19:43,100.0,6.17,B
2021-06-22T13:19:23,11000.0,6.17,B
2021-06-22T13:17:49,100.0,6.17,B
2021-06-22T13:17:25,3000.0,6.17,B
2021-06-22T13:16:51,11000.0,6.18,B
2021-06-22T13:16:18,5000.0,6.18,B
2021-06-22T13:16:18,2000.0,6.15,S
2021-06-22T13:16:12,100.0,6.17,B
2021-06-22T13:16:09,300.0,6.15,S
2021-06-22T13:16:02,11000.0,6.18,B
2021-06-22T13:15:42,1000.0,6.15,S
2021-06-22T13:15:37,22000.0,6.18,B
2021-06-22T13:15:22,1200.0,6.15,S
2021-06-22T13:15:03,4000.0,6.14,S
2021-06-22T13:15:01,1000.0,6.15,S
2021-06-22T13:14:51,500.0,6.14,S
2021-06-22T13:14:39,5000.0,6.14,S
2021-06-22T13:14:36,6000.0,6.18,B
2021-06-22T13:14:36,3000.0,6.16,B
2021-06-22T13:14:34,100.0,6.16,B
2021-06-22T13:14:25,8000.0,6.14,S
2021-06-22T13:14:25,3600.0,6.14,S
2021-06-22T13:14:25,7900.0,6.14,S
2021-06-22T13:14:25,4800.0,6.15,S
2021-06-22T13:14:25,1000.0,6.15,S
2021-06-22T13:14:25,4700.0,6.15,S
2021-06-22T13:14:09,6700.0,6.18,B
2021-06-22T13:14:09,6300.0,6.17,B
2021-06-22T13:13:43,45700.0,6.15,S
2021-06-22T13:13:43,1500.0,6.15,S
2021-06-22T13:13:43,2200.0,6.15,S
2021-06-22T13:13:43,4300.0,6.15,S
2021-06-22T13:13:42,700.0,6.15,S
2021-06-22T13:13:42,800.0,6.15,S
2021-06-22T13:13:42,7000.0,6.15,S
2021-06-22T13:13:42,23700.0,6.15,S
2021-06-22T13:13:42,4100.0,6.16,B
2021-06-22T13:13:39,3300.0,6.16,B
2021-06-22T13:13:26,6000.0,6.15,S
2021-06-22T13:13:15,20000.0,6.16,S
2021-06-22T13:12:49,3100.0,6.16,S
2021-06-22T13:12:48,2000.0,6.16,S
2021-06-22T13:12:42,5000.0,6.16,S
2021-06-22T13:12:04,70000.0,6.16,S
2021-06-22T13:11:48,9600.0,6.17,B
2021-06-22T13:11:48,400.0,6.17,B
2021-06-22T13:11:44,700.0,6.16,S
2021-06-22T13:11:28,200.0,6.17,S
2021-06-22T13:11:17,100.0,6.17,S
2021-06-22T13:11:05,36500.0,6.17,S
2021-06-22T13:10:22,5000.0,6.17,S
2021-06-22T13:10:18,10000.0,6.17,S
2021-06-22T13:10:17,200.0,6.18,B
2021-06-22T13:09:53,200.0,6.18,B
2021-06-22T13:09:42,1000.0,6.17,S
2021-06-22T13:09:02,10000.0,6.18,B
2021-06-22T13:08:53,1000.0,6.17,S
2021-06-22T13:08:43,1700.0,6.17,S
2021-06-22T13:08:37,100.0,6.18,B
2021-06-22T13:08:02,4000.0,6.18,B
2021-06-22T13:07:25,15000.0,6.18,S
2021-06-22T13:07:22,200.0,6.18,S
2021-06-22T13:07:11,7200.0,6.18,S
2021-06-22T13:07:03,100.0,6.19,B
2021-06-22T13:07:02,200.0,6.18,S
2021-06-22T13:06:27,100.0,6.18,S
2021-06-22T13:06:25,300.0,6.19,B
2021-06-22T13:05:29,100.0,6.19,B
2021-06-22T13:05:26,800.0,6.18,S
2021-06-22T13:04:40,300.0,6.19,B
2021-06-22T13:03:31,200.0,6.19,B
2021-06-22T13:03:23,1000.0,6.18,S
2021-06-22T13:02:20,200.0,6.18,S
2021-06-22T13:01:41,2000.0,6.18,B
2021-06-22T13:01:13,5000.0,6.18,S
2021-06-22T13:00:59,10000.0,6.17,S
2021-06-22T13:00:50,1000.0,6.18,S
2021-06-22T13:00:18,100.0,6.18,B
2021-06-22T13:00:18,400.0,6.18,B
2021-06-22T13:00:18,1200.0,6.18,B
2021-06-22T13:00:18,500.0,6.18,B
2021-06-22T13:00:16,10000.0,6.18,B
2021-06-22T13:00:14,100.0,6.18,B
2021-06-22T13:00:14,300.0,6.18,B
2021-06-22T13:00:14,4000.0,6.18,B
2021-06-22T13:00:14,13400.0,6.18,B
2021-06-22T13:00:12,100.0,6.18,B
2021-06-22T13:00:12,200.0,6.2,B
2021-06-22T13:00:09,63000.0,6.2,B
2021-06-22T13:00:08,50000.0,6.16,S
2021-06-22T13:00:08,1200.0,6.17,B
2021-06-22T13:00:07,2600.0,6.17,B
2021-06-22T13:00:06,100.0,6.17,B
2021-06-22T13:00:06,4200.0,6.17,B
2021-06-22T11:30:12,3000.0,6.17,B
2021-06-22T11:30:12,100.0,6.17,B
2021-06-22T11:30:05,100.0,6.17,B
2021-06-22T11:30:01,2600.0,6.17,S
2021-06-22T11:29:28,9000.0,6.17,S
2021-06-22T11:29:28,1000.0,6.17,S
2021-06-22T11:29:28,100.0,6.18,B
2021-06-22T11:28:32,1000.0,6.18,B
2021-06-22T11:28:21,1400.0,6.18,S
2021-06-22T11:28:21,500.0,6.18,S
2021-06-22T11:28:21,1200.0,6.18,S
2021-06-22T11:28:21,2500.0,6.18,S
2021-06-22T11:28:20,2500.0,6.18,S
2021-06-22T11:28:20,1000.0,6.18,S
2021-06-22T11:27:57,200.0,6.19,B
2021-06-22T11:27:25,1000.0,6.18,S
2021-06-22T11:26:56,700.0,6.19,B
2021-06-22T11:26:47,600.0,6.19,B
2021-06-22T11:25:36,1000.0,6.19,B
2021-06-22T11:25:02,100.0,6.19,B
2021-06-22T11:24:47,100.0,6.19,B
2021-06-22T11:24:31,200.0,6.19,B
2021-06-22T11:24:20,2200.0,6.19,B
2021-06-22T11:23:53,900.0,6.19,B
2021-06-22T11:23:46,10000.0,6.18,S
2021-06-22T11:23:31,1200.0,6.19,S
2021-06-22T11:22:37,10000.0,6.19,S
2021-06-22T11:22:15,500.0,6.19,B
2021-06-22T11:22:04,2000.0,6.19,B
2021-06-22T11:21:37,1000.0,6.18,S
2021-06-22T11:21:14,5000.0,6.18,S
2021-06-22T11:20:59,10000.0,6.18,S
2021-06-22T11:20:38,10000.0,6.18,S
2021-06-22T11:18:11,9400.0,6.2,B
2021-06-22T11:18:07,89900.0,6.19,S
2021-06-22T11:17:37,100.0,6.19,S
2021-06-22T11:17:15,9000.0,6.19,S
2021-06-22T11:16:50,20000.0,6.19,S
2021-06-22T11:16:40,200.0,6.22,B
2021-06-22T11:16:26,300.0,6.2,S
2021-06-22T11:16:24,300.0,6.2,S
2021-06-22T11:16:24,200.0,6.2,S
2021-06-22T11:16:06,1000.0,6.2,S
2021-06-22T11:15:25,1000.0,6.2,S
2021-06-22T11:15:18,9500.0,6.2,S
2021-06-22T11:15:18,5300.0,6.2,S
2021-06-22T11:15:18,400.0,6.2,S
2021-06-22T11:15:18,500.0,6.2,S
2021-06-22T11:15:18,200.0,6.2,S
2021-06-22T11:15:18,100.0,6.2,S
2021-06-22T11:15:18,11700.0,6.2,S
2021-06-22T11:15:18,13300.0,6.2,S
2021-06-22T11:15:18,2200.0,6.2,S
2021-06-22T11:15:18,5200.0,6.2,S
2021-06-22T11:15:18,8100.0,6.2,S
2021-06-22T11:15:18,13300.0,6.2,S
2021-06-22T11:15:18,429900.0,6.2,S
2021-06-22T11:15:17,300.0,6.21,S
2021-06-22T11:14:59,200.0,6.21,S
2021-06-22T11:14:54,500.0,6.21,S
2021-06-22T11:14:12,20000.0,6.2,S
2021-06-22T11:14:01,1000.0,6.2,S
2021-06-22T11:13:15,38500.0,6.2,S
2021-06-22T11:13:15,1500.0,6.21,S
2021-06-22T11:12:42,400.0,6.21,S
2021-06-22T11:12:42,100.0,6.21,S
2021-06-22T11:12:24,300.0,6.22,B
2021-06-22T11:12:17,1900.0,6.21,B
2021-06-22T11:12:02,1700.0,6.21,B
2021-06-22T11:12:02,6300.0,6.21,B
2021-06-22T11:11:34,5000.0,6.2,S
2021-06-22T11:11:28,100.0,6.2,S
2021-06-22T11:11:27,5500.0,6.2,S
2021-06-22T11:11:26,4500.0,6.2,S
2021-06-22T11:11:04,100.0,6.2,S
2021-06-22T11:10:45,700.0,6.2,S
2021-06-22T11:10:39,50000.0,6.2,S
2021-06-22T11:09:32,4000.0,6.2,S
2021-06-22T11:08:22,5000.0,6.2,S
2021-06-22T11:07:50,1000.0,6.21,B
2021-06-22T11:07:43,5000.0,6.2,S
2021-06-22T11:07:41,300.0,6.2,S
2021-06-22T11:07:28,300.0,6.21,B
2021-06-22T11:07:13,3000.0,6.21,B
2021-06-22T11:06:32,500.0,6.2,S
2021-06-22T11:06:30,1100.0,6.2,S
2021-06-22T11:04:24,1000.0,6.2,S
2021-06-22T11:04:14,50000.0,6.2,S
2021-06-22T11:03:39,1500.0,6.22,B
2021-06-22T11:03:39,8500.0,6.22,B
2021-06-22T11:03:37,100.0,6.22,B
2021-06-22T11:03:19,10000.0,6.21,S
2021-06-22T11:03:14,200.0,6.21,S
2021-06-22T11:03:06,15900.0,6.21,S
2021-06-22T11:02:17,100.0,6.22,B
2021-06-22T11:02:12,10000.0,6.22,B
2021-06-22T11:00:50,100.0,6.22,B
2021-06-22T11:00:48,7000.0,6.21,S
2021-06-22T11:00:03,2000.0,6.21,S
2021-06-22T10:59:37,200.0,6.22,B
2021-06-22T10:59:05,1000.0,6.22,B
2021-06-22T10:58:45,100.0,6.22,B
2021-06-22T10:58:33,1000.0,6.22,B
2021-06-22T10:57:51,100.0,6.22,B
2021-06-22T10:56:33,400.0,6.22,B
2021-06-22T10:55:19,500.0,6.21,S
2021-06-22T10:55:14,500.0,6.22,B
2021-06-22T10:54:42,300.0,6.22,B
2021-06-22T10:54:04,100.0,6.22,B
2021-06-22T10:53:19,300.0,6.22,S
2021-06-22T10:53:18,300.0,6.21,S
2021-06-22T10:53:06,100.0,6.22,S
2021-06-22T10:52:58,900.0,6.22,S
2021-06-22T10:51:30,200.0,6.22,B
2021-06-22T10:51:01,300.0,6.22,S
2021-06-22T10:50:59,200.0,6.24,B
2021-06-22T10:50:42,1000.0,6.22,S
2021-06-22T10:49:43,100.0,6.21,S
2021-06-22T10:49:43,100.0,6.22,B
2021-06-22T10:49:39,900.0,6.22,B
2021-06-22T10:49:36,500.0,6.21,S
2021-06-22T10:49:14,4200.0,6.21,S
2021-06-22T10:49:13,5800.0,6.23,B
2021-06-22T10:49:00,100.0,6.23,B
2021-06-22T10:49:00,67000.0,6.23,B
2021-06-22T10:49:00,5200.0,6.23,B
2021-06-22T10:49:00,6500.0,6.22,B
2021-06-22T10:49:00,200.0,6.22,B
2021-06-22T10:49:00,14000.0,6.22,B
2021-06-22T10:48:04,200.0,6.22,B
2021-06-22T10:47:53,1100.0,6.22,B
2021-06-22T10:47:24,800.0,6.22,B
2021-06-22T10:46:52,2000.0,6.22,B
2021-06-22T10:46:41,10000.0,6.22,B
2021-06-22T10:45:45,5000.0,6.22,B
2021-06-22T10:45:05,500.0,6.22,B
2021-06-22T10:44:49,1800.0,6.21,S
2021-06-22T10:44:48,1200.0,6.21,S
2021-06-22T10:44:30,200.0,6.21,S
2021-06-22T10:44:00,100.0,6.21,S
2021-06-22T10:43:56,1000.0,6.21,S
2021-06-22T10:43:50,8000.0,6.22,B
2021-06-22T10:42:14,500.0,6.22,B
2021-06-22T10:42:14,1000.0,6.22,B
2021-06-22T10:42:01,900.0,6.22,B
2021-06-22T10:41:59,300.0,6.22,B
2021-06-22T10:41:36,300.0,6.22,B
2021-06-22T10:41:18,300.0,6.21,S
2021-06-22T10:41:04,400.0,6.22,B
2021-06-22T10:40:53,400.0,6.22,B
2021-06-22T10:40:43,500.0,6.22,S
2021-06-22T10:40:37,5500.0,6.22,S
2021-06-22T10:40:26,9500.0,6.22,S
2021-06-22T10:39:06,3000.0,6.22,S
2021-06-22T10:38:37,2200.0,6.23,B
2021-06-22T10:38:31,600.0,6.23,B
2021-06-22T10:38:18,200.0,6.23,B
2021-06-22T10:36:21,300.0,6.23,B
2021-06-22T10:35:51,300.0,6.24,B
2021-06-22T10:35:28,100.0,6.24,B
2021-06-22T10:35:26,200.0,6.22,S
2021-06-22T10:34:39,400.0,6.21,S
2021-06-22T10:34:34,100.0,6.22,B
2021-06-22T10:33:51,7600.0,6.21,S
2021-06-22T10:33:30,700.0,6.21,B
2021-06-22T10:33:10,300.0,6.21,S
2021-06-22T10:32:56,700.0,6.21,S
2021-06-22T10:32:41,19400.0,6.2,S
2021-06-22T10:32:40,15100.0,6.25,B
2021-06-22T10:32:40,9000.0,6.25,B
2021-06-22T10:32:40,11000.0,6.25,B
2021-06-22T10:32:40,17200.0,6.25,B
2021-06-22T10:32:40,1100.0,6.25,B
2021-06-22T10:32:40,10100.0,6.25,B
2021-06-22T10:32:40,5400.0,6.25,B
2021-06-22T10:32:39,11700.0,6.25,B
2021-06-22T10:32:39,219400.0,6.25,B
2021-06-22T10:31:59,10000.0,6.2,S
2021-06-22T10:31:44,2000.0,6.2,S
2021-06-22T10:31:35,13000.0,6.2,S
2021-06-22T10:30:46,1000.0,6.2,S
2021-06-22T10:30:44,92600.0,6.25,B
2021-06-22T10:30:44,3200.0,6.25,B
2021-06-22T10:30:44,300.0,6.25,B
2021-06-22T10:30:44,1500.0,6.24,B
2021-06-22T10:30:44,3200.0,6.24,B
2021-06-22T10:30:44,11000.0,6.24,B
2021-06-22T10:30:44,11500.0,6.24,B
2021-06-22T10:30:44,16000.0,6.23,B
2021-06-22T10:30:44,8000.0,6.23,B
2021-06-22T10:30:44,25700.0,6.22,B
2021-06-22T10:30:43,27000.0,6.21,B
2021-06-22T10:30:31,500.0,6.2,S
2021-06-22T10:30:23,2000.0,6.21,B
2021-06-22T10:30:20,100.0,6.2,S
2021-06-22T10:30:18,100.0,6.2,S
2021-06-22T10:30:15,600.0,6.2,S
2021-06-22T10:29:52,1000.0,6.2,S
2021-06-22T10:29:44,3000.0,6.2,S
2021-06-22T10:29:36,400.0,6.2,S
2021-06-22T10:29:30,500.0,6.2,S
2021-06-22T10:29:28,10000.0,6.2,S
2021-06-22T10:29:08,25700.0,6.2,S
2021-06-22T10:29:01,200.0,6.2,S
2021-06-22T10:29:00,2000.0,6.2,S
2021-06-22T10:28:29,1000.0,6.2,S
2021-06-22T10:28:26,1800.0,6.2,S
2021-06-22T10:27:44,100.0,6.2,S
2021-06-22T10:27:21,300.0,6.21,B
2021-06-22T10:27:20,500.0,6.2,S
2021-06-22T10:27:15,200.0,6.2,S
2021-06-22T10:26:50,600.0,6.21,B
2021-06-22T10:25:34,300.0,6.21,B
2021-06-22T10:25:32,100.0,6.2,S
2021-06-22T10:25:32,20000.0,6.2,S
2021-06-22T10:25:29,5000.0,6.21,B
2021-06-22T10:25:08,200.0,6.2,S
2021-06-22T10:25:06,400.0,6.2,S
2021-06-22T10:25:01,1000.0,6.2,S
2021-06-22T10:24:50,1500.0,6.2,S
2021-06-22T10:24:36,93600.0,6.2,B
2021-06-22T10:24:34,1000.0,6.19,S
2021-06-22T10:23:31,1000.0,6.19,S
2021-06-22T10:23:21,1400.0,6.2,B
2021-06-22T10:23:20,5000.0,6.19,S
2021-06-22T10:23:17,12900.0,6.16,S
2021-06-22T10:23:17,13300.0,6.16,S
2021-06-22T10:22:59,100.0,6.19,S
2021-06-22T10:22:50,3400.0,6.19,S
2021-06-22T10:22:50,200.0,6.19,S
2021-06-22T10:22:50,1100.0,6.19,S
2021-06-22T10:22:31,1000.0,6.2,S
2021-06-22T10:22:29,1200.0,6.2,S
2021-06-22T10:22:23,2000.0,6.2,S
2021-06-22T10:22:22,1200.0,6.2,S
2021-06-22T10:22:22,5600.0,6.2,S
2021-06-22T10:22:22,1000.0,6.2,S
2021-06-22T10:22:22,389600.0,6.2,S
2021-06-22T10:22:13,1000.0,6.2,S
2021-06-22T10:22:12,15400.0,6.2,S
2021-06-22T10:22:12,6100.0,6.2,S
2021-06-22T10:22:08,23400.0,6.2,S
2021-06-22T10:22:01,6900.0,6.2,S
2021-06-22T10:22:00,1100.0,6.2,S
2021-06-22T10:22:00,5400.0,6.2,S
2021-06-22T10:22:00,800.0,6.2,S
2021-06-22T10:22:00,1600.0,6.2,S
2021-06-22T10:22:00,200.0,6.2,S
2021-06-22T10:22:00,1000.0,6.2,S
2021-06-22T10:22:00,23000.0,6.2,S
2021-06-22T10:21:44,20000.0,6.2,S
2021-06-22T10:20:58,5000.0,6.2,S
2021-06-22T10:20:37,2000.0,6.21,B
2021-06-22T10:20:12,15000.0,6.2,S
2021-06-22T10:19:50,10000.0,6.2,S
2021-06-22T10:19:37,100.0,6.21,B
2021-06-22T10:19:14,14400.0,6.21,B
2021-06-22T10:18:55,300.0,6.21,B
2021-06-22T10:18:54,4000.0,6.2,S
2021-06-22T10:18:39,500.0,6.21,B
2021-06-22T10:18:35,100.0,6.21,B
2021-06-22T10:18:28,100.0,6.21,B
2021-06-22T10:18:15,100.0,6.21,B
2021-06-22T10:17:58,400.0,6.21,B
2021-06-22T10:17:34,3000.0,6.2,S
2021-06-22T10:17:21,2000.0,6.21,B
2021-06-22T10:16:50,100.0,6.21,B
2021-06-22T10:16:21,700.0,6.21,B
2021-06-22T10:16:01,1100.0,6.21,B
2021-06-22T10:15:57,2000.0,6.2,S
2021-06-22T10:15:48,100.0,6.21,B
2021-06-22T10:15:36,10000.0,6.2,S
2021-06-22T10:15:25,40000.0,6.2,S
2021-06-22T10:15:01,100.0,6.2,S
2021-06-22T10:14:52,300.0,6.21,B
2021-06-22T10:14:51,4900.0,6.2,S
2021-06-22T10:14:50,200.0,6.2,S
2021-06-22T10:14:35,200.0,6.2,S
2021-06-22T10:14:32,500.0,6.2,S
2021-06-22T10:14:28,1000.0,6.2,S
2021-06-22T10:14:25,300.0,6.21,B
2021-06-22T10:14:14,30000.0,6.2,S
2021-06-22T10:13:51,20000.0,6.2,S
2021-06-22T10:13:50,20000.0,6.2,S
2021-06-22T10:13:48,4500.0,6.2,S
2021-06-22T10:12:52,100.0,6.2,S
2021-06-22T10:12:32,100.0,6.21,B
2021-06-22T10:12:27,6100.0,6.2,S
2021-06-22T10:12:06,1000.0,6.21,B
2021-06-22T10:11:41,500.0,6.2,S
2021-06-22T10:10:39,500.0,6.2,S
2021-06-22T10:10:29,1000.0,6.2,S
2021-06-22T10:10:15,1000.0,6.2,S
2021-06-22T10:10:14,2000.0,6.2,S
2021-06-22T10:09:37,4100.0,6.2,S
2021-06-22T10:09:36,32000.0,6.2,S
2021-06-22T10:09:32,100.0,6.2,S
2021-06-22T10:08:55,80000.0,6.2,S
2021-06-22T10:08:47,200.0,6.2,S
2021-06-22T10:08:37,53900.0,6.2,S
2021-06-22T10:08:16,6000.0,6.2,S
2021-06-22T10:08:15,1000.0,6.2,S
2021-06-22T10:07:54,100.0,6.2,S
2021-06-22T10:07:50,1000.0,6.21,B
2021-06-22T10:07:21,100.0,6.21,B
2021-06-22T10:07:05,500.0,6.21,B
2021-06-22T10:06:36,15600.0,6.21,S
2021-06-22T10:05:36,100.0,6.21,S
2021-06-22T10:05:28,800.0,6.21,S
2021-06-22T10:04:32,6000.0,6.21,S
2021-06-22T10:04:16,1700.0,6.21,S
2021-06-22T10:04:16,300.0,6.21,S
2021-06-22T10:04:16,8000.0,6.21,S
2021-06-22T10:04:06,500.0,6.22,S
2021-06-22T10:03:44,300.0,6.21,S
2021-06-22T10:03:38,1000.0,6.23,B
2021-06-22T10:03:35,400.0,6.21,S
2021-06-22T10:02:23,4000.0,6.21,S
2021-06-22T10:01:53,1000.0,6.21,S
2021-06-22T10:00:55,2000.0,6.21,B
2021-06-22T10:00:46,4300.0,6.21,B
2021-06-22T10:00:38,3000.0,6.21,B
2021-06-22T10:00:37,500.0,6.2,S
2021-06-22T10:00:34,100.0,6.21,B
2021-06-22T10:00:25,300.0,6.21,B
2021-06-22T10:00:23,700.0,6.21,B
2021-06-22T10:00:21,200.0,6.2,S
2021-06-22T09:59:33,200.0,6.21,B
2021-06-22T09:59:32,1000.0,6.2,S
2021-06-22T09:59:24,100.0,6.21,B
2021-06-22T09:59:04,1000.0,6.21,B
2021-06-22T09:58:47,20000.0,6.2,S
2021-06-22T09:58:39,100.0,6.21,B
2021-06-22T09:58:33,100.0,6.21,B
2021-06-22T09:58:32,7700.0,6.21,B
2021-06-22T09:58:15,1000.0,6.21,B
2021-06-22T09:58:01,100.0,6.21,B
2021-06-22T09:57:58,1700.0,6.21,B
2021-06-22T09:57:54,400.0,6.21,B
2021-06-22T09:57:15,200.0,6.21,B
2021-06-22T09:57:12,400.0,6.2,S
2021-06-22T09:57:08,5000.0,6.21,B
2021-06-22T09:57:00,1000.0,6.2,S
2021-06-22T09:56:51,200.0,6.21,B
2021-06-22T09:56:39,2000.0,6.21,B
2021-06-22T09:56:38,1000.0,6.2,S
2021-06-22T09:56:22,500.0,6.21,B
2021-06-22T09:55:38,5100.0,6.2,S
2021-06-22T09:55:35,200.0,6.2,S
2021-06-22T09:55:23,10000.0,6.21,B
2021-06-22T09:55:08,1000.0,6.21,B
2021-06-22T09:54:58,900.0,6.21,B
2021-06-22T09:54:45,5000.0,6.2,S
2021-06-22T09:54:26,20000.0,6.2,S
2021-06-22T09:54:19,10000.0,6.2,S
2021-06-22T09:54:06,800.0,6.2,S
2021-06-22T09:53:44,1000.0,6.2,S
2021-06-22T09:53:30,1000.0,6.2,S
2021-06-22T09:53:07,1000.0,6.2,S
2021-06-22T09:53:02,1000.0,6.2,S
2021-06-22T09:52:46,100.0,6.2,S
2021-06-22T09:52:30,100.0,6.21,B
2021-06-22T09:52:20,100.0,6.2,S
2021-06-22T09:52:16,1600.0,6.21,B
2021-06-22T09:52:02,100.0,6.21,B
2021-06-22T09:51:56,100.0,6.21,B
2021-06-22T09:51:55,4800.0,6.2,S
2021-06-22T09:51:40,300.0,6.21,S
2021-06-22T09:51:37,15400.0,6.21,S
2021-06-22T09:51:26,5000.0,6.23,B
2021-06-22T09:51:06,100.0,6.22,S
2021-06-22T09:50:46,600.0,6.21,S
2021-06-22T09:50:37,1000.0,6.21,S
2021-06-22T09:50:30,2000.0,6.21,S
2021-06-22T09:50:24,900.0,6.21,S
2021-06-22T09:49:51,60000.0,6.21,S
2021-06-22T09:49:49,18000.0,6.24,B
2021-06-22T09:49:45,100.0,6.24,B
2021-06-22T09:49:18,3000.0,6.24,B
2021-06-22T09:48:59,100.0,6.24,B
2021-06-22T09:48:35,22000.0,6.24,B
2021-06-22T09:48:29,100.0,6.24,B
2021-06-22T09:48:21,200.0,6.24,B
2021-06-22T09:48:07,100.0,6.24,B
2021-06-22T09:47:48,100.0,6.24,B
2021-06-22T09:47:39,100.0,6.24,B
2021-06-22T09:47:22,300.0,6.24,S
2021-06-22T09:47:22,500.0,6.24,S
2021-06-22T09:47:22,1200.0,6.24,S
2021-06-22T09:47:12,300.0,6.24,S
2021-06-22T09:47:03,5000.0,6.25,B
2021-06-22T09:46:46,1000.0,6.24,S
2021-06-22T09:46:45,6000.0,6.24,S
2021-06-22T09:46:26,800.0,6.25,B
2021-06-22T09:46:16,500.0,6.25,B
2021-06-22T09:46:06,2500.0,6.25,B
2021-06-22T09:45:27,8000.0,6.25,B
2021-06-22T09:45:22,100.0,6.25,B
2021-06-22T09:45:22,200.0,6.25,B
2021-06-22T09:45:17,1000.0,6.25,B
2021-06-22T09:45:15,500.0,6.24,S
2021-06-22T09:45:10,1600.0,6.25,B
2021-06-22T09:44:48,3000.0,6.25,B
2021-06-22T09:44:25,200.0,6.24,S
2021-06-22T09:44:16,9100.0,6.25,B
2021-06-22T09:44:16,12900.0,6.25,B
2021-06-22T09:44:05,7700.0,6.25,B
2021-06-22T09:44:05,1200.0,6.25,B
2021-06-22T09:44:05,3200.0,6.25,B
2021-06-22T09:44:05,7900.0,6.25,B
2021-06-22T09:44:01,10000.0,6.25,B
2021-06-22T09:43:59,500.0,6.24,S
2021-06-22T09:43:50,100.0,6.25,B
2021-06-22T09:43:30,400.0,6.25,B
2021-06-22T09:43:15,2000.0,6.24,S
2021-06-22T09:43:14,22000.0,6.25,B
2021-06-22T09:43:09,200.0,6.24,S
2021-06-22T09:43:00,5000.0,6.25,B
2021-06-22T09:42:38,100.0,6.24,S
2021-06-22T09:42:27,300.0,6.24,B
2021-06-22T09:42:24,1000.0,6.24,B
2021-06-22T09:42:03,100.0,6.25,B
2021-06-22T09:41:57,1000.0,6.25,B
2021-06-22T09:41:55,200.0,6.24,B
2021-06-22T09:41:51,700.0,6.24,B
2021-06-22T09:41:34,1000.0,6.25,B
2021-06-22T09:41:08,2800.0,6.25,B
2021-06-22T09:41:08,1100.0,6.24,B
2021-06-22T09:41:07,34900.0,6.24,B
2021-06-22T09:40:39,100.0,6.24,S
2021-06-22T09:40:32,2000.0,6.2,S
2021-06-22T09:40:22,3000.0,6.25,B
2021-06-22T09:40:20,243800.0,6.24,S
2021-06-22T09:39:52,200.0,6.24,S
2021-06-22T09:39:51,1000.0,6.24,S
2021-06-22T09:39:41,1000.0,6.25,B
2021-06-22T09:39:35,300.0,6.24,S
2021-06-22T09:39:25,14400.0,6.25,B
2021-06-22T09:39:16,300.0,6.24,S
2021-06-22T09:38:41,500.0,6.25,B
2021-06-22T09:38:29,2000.0,6.25,B
2021-06-22T09:38:21,500.0,6.24,S
2021-06-22T09:37:48,100.0,6.24,S
2021-06-22T09:37:47,200.0,6.24,S
2021-06-22T09:37:44,10000.0,6.24,S
2021-06-22T09:37:22,1000.0,6.24,B
2021-06-22T09:37:19,1300.0,6.24,B
2021-06-22T09:37:19,11000.0,6.24,B
2021-06-22T09:37:19,2000.0,6.24,B
2021-06-22T09:37:19,52600.0,6.24,B
2021-06-22T09:37:19,33400.0,6.24,B
2021-06-22T09:37:19,3300.0,6.23,B
2021-06-22T09:37:19,51100.0,6.23,B
2021-06-22T09:37:19,20500.0,6.23,B
2021-06-22T09:37:19,35000.0,6.23,B
2021-06-22T09:37:19,4500.0,6.21,B
2021-06-22T09:37:19,12500.0,6.2,B
2021-06-22T09:37:19,15400.0,6.2,B
2021-06-22T09:37:15,1000.0,6.2,B
2021-06-22T09:37:13,100.0,6.2,B
2021-06-22T09:37:09,3000.0,6.2,B
2021-06-22T09:36:58,6000.0,6.15,S
2021-06-22T09:36:44,1400.0,6.2,B
2021-06-22T09:36:14,500.0,6.2,B
2021-06-22T09:36:04,300.0,6.2,B
2021-06-22T09:36:00,3000.0,6.2,S
2021-06-22T09:36:00,2000.0,6.16,S
2021-06-22T09:35:55,600.0,6.16,S
2021-06-22T09:35:33,1000.0,6.2,S
2021-06-22T09:35:31,5000.0,6.16,S
2021-06-22T09:35:22,1000.0,6.2,S
2021-06-22T09:35:11,5000.0,6.2,S
2021-06-22T09:35:01,1000.0,6.2,S
2021-06-22T09:34:55,500.0,6.2,S
2021-06-22T09:34:51,5000.0,6.2,S
2021-06-22T09:34:46,300.0,6.2,S
2021-06-22T09:34:21,1000.0,6.2,S
2021-06-22T09:34:10,16000.0,6.2,S
2021-06-22T09:34:10,1000.0,6.2,S
2021-06-22T09:34:10,200.0,6.2,S
2021-06-22T09:34:10,3000.0,6.2,S
2021-06-22T09:34:10,300.0,6.2,S
2021-06-22T09:34:10,2500.0,6.2,S
2021-06-22T09:34:10,12000.0,6.2,S
2021-06-22T09:34:09,2100.0,6.2,S
2021-06-22T09:34:09,600.0,6.2,S
2021-06-22T09:34:09,1900.0,6.2,S
2021-06-22T09:34:09,500.0,6.2,S
2021-06-22T09:34:09,700.0,6.2,S
2021-06-22T09:34:09,1300.0,6.2,S
2021-06-22T09:34:09,16300.0,6.2,S
2021-06-22T09:34:09,5000.0,6.2,S
2021-06-22T09:34:09,500.0,6.2,S
2021-06-22T09:34:09,1500.0,6.22,S
2021-06-22T09:34:09,3000.0,6.22,S
2021-06-22T09:34:09,6200.0,6.22,S
2021-06-22T09:34:09,2100.0,6.22,S
2021-06-22T09:34:09,2000.0,6.22,S
2021-06-22T09:34:09,13800.0,6.22,S
2021-06-22T09:34:01,1400.0,6.23,S
2021-06-22T09:33:42,3600.0,6.23,S
2021-06-22T09:33:33,200.0,6.24,B
2021-06-22T09:33:21,400.0,6.24,S
2021-06-22T09:33:17,100.0,6.24,S
2021-06-22T09:33:09,500.0,6.24,S
2021-06-22T09:32:46,200.0,6.24,S
2021-06-22T09:32:45,1400.0,6.24,S
2021-06-22T09:32:43,6400.0,6.23,S
2021-06-22T09:32:43,13600.0,6.23,S
2021-06-22T09:32:18,100.0,6.24,S
2021-06-22T09:32:09,200.0,6.24,S
2021-06-22T09:32:06,1000.0,6.24,S
2021-06-22T09:32:00,1400.0,6.23,S
2021-06-22T09:31:43,100.0,6.24,S
2021-06-22T09:31:42,1000.0,6.24,S
2021-06-22T09:31:39,2000.0,6.24,S
2021-06-22T09:31:36,400.0,6.24,S
2021-06-22T09:31:35,12000.0,6.24,S
2021-06-22T09:31:32,1000.0,6.25,B
2021-06-22T09:31:02,700.0,6.25,S
2021-06-22T09:30:56,1500.0,6.25,S
2021-06-22T09:30:56,3500.0,6.25,S
2021-06-22T09:30:20,1000.0,6.25,S
2021-06-22T09:30:17,100.0,6.25,S
2021-06-22T09:30:13,1400.0,6.25,S
2021-06-22T09:30:07,200.0,6.26,S
2021-06-22T09:29:57,4300.0,6.25,S
2021-06-22T09:29:55,10000.0,6.25,S
2021-06-22T09:29:55,5700.0,6.25,S
2021-06-22T09:29:54,100.0,6.25,S
2021-06-22T09:29:37,2000.0,6.25,S
2021-06-22T09:29:33,2000.0,6.25,S
2021-06-22T09:29:12,800.0,6.25,S
2021-06-22T09:29:05,10000.0,6.3,B
2021-06-22T09:29:05,1400.0,6.25,S
2021-06-22T09:29:03,500.0,6.25,S
2021-06-22T09:29:01,100.0,6.25,S
2021-06-22T09:28:58,500.0,6.25,S
2021-06-22T09:28:44,5000.0,6.24,S
2021-06-22T09:28:39,100.0,6.25,S
2021-06-22T09:28:37,500.0,6.25,S
2021-06-22T09:28:34,1000.0,6.25,B
2021-06-22T09:28:31,3000.0,6.25,B
2021-06-22T09:28:22,50200.0,6.3,B
2021-06-22T09:28:13,200.0,6.25,B
2021-06-22T09:28:07,200.0,6.25,B
2021-06-22T09:27:52,13300.0,6.24,S
2021-06-22T09:27:47,200.0,6.25,B
2021-06-22T09:27:37,300.0,6.25,B
2021-06-22T09:27:34,100.0,6.25,B
2021-06-22T09:27:33,500.0,6.25,B
2021-06-22T09:27:12,29600.0,6.3,B
2021-06-22T09:27:12,3000.0,6.3,B
2021-06-22T09:27:12,2900.0,6.3,B
2021-06-22T09:27:12,13000.0,6.3,B
2021-06-22T09:27:12,65400.0,6.3,B
2021-06-22T09:27:12,1700.0,6.3,B
2021-06-22T09:27:12,5100.0,6.3,B
2021-06-22T09:27:12,1100.0,6.3,B
2021-06-22T09:27:12,100000.0,6.3,B
2021-06-22T09:27:12,45100.0,6.3,B
2021-06-22T09:27:12,7000.0,6.29,B
2021-06-22T09:27:12,3500.0,6.28,B
2021-06-22T09:27:12,2500.0,6.27,B
2021-06-22T09:27:12,12500.0,6.27,B
2021-06-22T09:27:12,5900.0,6.27,B
2021-06-22T09:27:10,5900.0,6.27,B
2021-06-22T09:27:10,7600.0,6.27,B
2021-06-22T09:27:10,6500.0,6.27,B
2021-06-22T09:27:10,2500.0,6.27,B
2021-06-22T09:27:10,1400.0,6.25,B
2021-06-22T09:27:10,7500.0,6.25,B
2021-06-22T09:27:10,55100.0,6.25,B
2021-06-22T09:27:10,2700.0,6.25,B
2021-06-22T09:27:10,12800.0,6.25,B
2021-06-22T09:27:06,300.0,6.24,S
2021-06-22T09:26:49,200.0,6.24,S
2021-06-22T09:26:46,1000.0,6.24,S
2021-06-22T09:26:30,1600.0,6.24,S
2021-06-22T09:26:30,5000.0,6.25,B
2021-06-22T09:26:29,2000.0,6.24,S
2021-06-22T09:26:00,300.0,6.25,B
2021-06-22T09:25:58,100.0,6.25,B
2021-06-22T09:25:50,1000.0,6.24,S
2021-06-22T09:25:30,9900.0,6.25,B
2021-06-22T09:25:30,10000.0,6.25,B
2021-06-22T09:25:25,25000.0,6.23,S
2021-06-22T09:25:24,1000.0,6.25,B
2021-06-22T09:25:20,800.0,6.25,B
2021-06-22T09:25:07,300.0,6.25,B
2021-06-22T09:24:53,100.0,6.25,S
2021-06-22T09:24:40,1000.0,6.25,S
2021-06-22T09:24:18,10000.0,6.25,S
2021-06-22T09:24:16,100.0,6.24,S
2021-06-22T09:24:14,200.0,6.25,S
2021-06-22T09:24:00,2000.0,6.25,S
2021-06-22T09:23:24,1200.0,6.27,B
2021-06-22T09:23:24,300.0,6.25,S
2021-06-22T09:23:24,200.0,6.25,S
2021-06-22T09:23:16,2000.0,6.25,S
2021-06-22T09:23:11,200.0,6.25,S
2021-06-22T09:23:02,2000.0,6.25,S
2021-06-22T09:22:56,300.0,6.25,S
2021-06-22T09:22:54,5000.0,6.25,S
2021-06-22T09:22:23,300.0,6.25,S
2021-06-22T09:22:15,2000.0,6.27,B
2021-06-22T09:22:01,1000.0,6.27,B
2021-06-22T09:21:53,10000.0,6.25,S
2021-06-22T09:21:43,100.0,6.27,B
2021-06-22T09:21:42,500.0,6.27,B
2021-06-22T09:21:16,6400.0,6.3,B
2021-06-22T09:21:16,2000.0,6.3,B
2021-06-22T09:21:16,14000.0,6.3,B
2021-06-22T09:21:16,5100.0,6.3,B
2021-06-22T09:21:16,1200.0,6.3,B
2021-06-22T09:21:16,5000.0,6.29,B
2021-06-22T09:21:16,1200.0,6.29,B
2021-06-22T09:21:16,45000.0,6.28,B
2021-06-22T09:21:16,100.0,6.27,B
2021-06-22T09:21:16,4400.0,6.27,B
2021-06-22T09:21:16,15600.0,6.27,B
2021-06-22T09:21:06,10000.0,6.25,S
2021-06-22T09:21:01,3000.0,6.27,B
2021-06-22T09:20:55,200.0,6.25,S
2021-06-22T09:20:45,5000.0,6.25,S
2021-06-22T09:20:14,500.0,6.27,B
2021-06-22T09:20:10,1000.0,6.25,S
2021-06-22T09:20:08,500.0,6.25,S
2021-06-22T09:20:05,100.0,6.25,S
2021-06-22T09:20:05,1000.0,6.25,S
2021-06-22T09:20:01,4000.0,6.25,S
2021-06-22T09:19:47,5000.0,6.25,S
2021-06-22T09:19:40,5000.0,6.25,S
2021-06-22T09:19:22,100.0,6.25,S
2021-06-22T09:19:20,200.0,6.25,S
2021-06-22T09:19:16,5900.0,6.27,B
2021-06-22T09:19:10,500.0,6.27,B
2021-06-22T09:19:07,300.0,6.25,B
2021-06-22T09:19:06,1000.0,6.25,B
2021-06-22T09:19:05,1000.0,6.25,B
2021-06-22T09:18:59,300.0,6.25,B
2021-06-22T09:18:57,600.0,6.23,S
2021-06-22T09:18:57,9400.0,6.23,S
2021-06-22T09:18:56,1000.0,6.25,B
2021-06-22T09:18:53,300.0,6.25,B
2021-06-22T09:18:41,1000.0,6.25,B
2021-06-22T09:18:05,500.0,6.25,B
2021-06-22T09:18:02,8000.0,6.25,B
2021-06-22T09:18:02,2000.0,6.23,S
2021-06-22T09:17:59,100.0,6.25,B
2021-06-22T09:17:57,1000.0,6.25,B
2021-06-22T09:17:31,2000.0,6.23,S
2021-06-22T09:17:25,1000.0,6.23,S
2021-06-22T09:17:24,2500.0,6.27,B
2021-06-22T09:17:23,5500.0,6.25,B
2021-06-22T09:17:21,1000.0,6.25,B
2021-06-22T09:17:19,200.0,6.23,B
2021-06-22T09:17:18,1500.0,6.23,B
2021-06-22T09:17:17,5300.0,6.23,B
2021-06-22T09:17:10,500.0,6.23,B
2021-06-22T09:17:09,2000.0,6.22,S
2021-06-22T09:16:58,100.0,6.22,S
2021-06-22T09:16:49,2000.0,6.22,S
2021-06-22T09:16:41,700.0,6.23,B
2021-06-22T09:16:26,500.0,6.23,B
2021-06-22T09:16:22,700.0,6.22,B
2021-06-22T09:16:10,500.0,6.22,B
2021-06-22T09:16:07,100.0,6.2,S
2021-06-22T09:15:48,100.0,6.2,S
2021-06-22T09:15:47,300.0,6.22,B
2021-06-22T09:15:26,400.0,6.2,S
2021-06-22T09:15:26,600.0,6.2,S
