tradingTime,volume,price,side
2021-06-22T14:29:13,1000.0,64.3,B
2021-06-22T14:29:10,400.0,64.2,S
2021-06-22T14:28:41,200.0,64.3,B
2021-06-22T14:27:45,7800.0,64.3,B
2021-06-22T14:27:36,2200.0,64.3,B
2021-06-22T14:27:07,300.0,64.3,B
2021-06-22T14:25:40,100.0,64.3,B
2021-06-22T14:24:37,500.0,64.1,S
2021-06-22T14:24:29,1000.0,64.1,S
2021-06-22T14:24:14,2000.0,64.1,S
2021-06-22T14:24:08,100.0,64.3,B
2021-06-22T14:23:40,800.0,64.3,S
2021-06-22T14:23:20,1000.0,64.3,B
2021-06-22T14:23:20,4200.0,64.3,B
2021-06-22T14:22:55,3200.0,64.1,S
2021-06-22T14:22:49,100.0,64.2,B
2021-06-22T14:22:22,200.0,64.2,B
2021-06-22T14:22:10,200.0,64.1,S
2021-06-22T14:21:48,400.0,64.0,S
2021-06-22T14:21:41,2000.0,64.2,B
2021-06-22T14:21:17,1000.0,64.0,S
2021-06-22T14:20:41,500.0,64.0,S
2021-06-22T14:20:37,10000.0,64.2,B
2021-06-22T14:20:26,100.0,64.0,S
2021-06-22T14:19:10,1500.0,64.2,B
2021-06-22T14:18:57,200.0,64.2,B
2021-06-22T14:16:04,1000.0,64.3,B
2021-06-22T14:15:03,1500.0,64.3,B
2021-06-22T14:14:38,800.0,64.0,S
2021-06-22T14:14:38,29200.0,64.0,S
2021-06-22T14:14:23,400.0,64.3,B
2021-06-22T14:13:44,300.0,64.3,B
2021-06-22T14:12:58,2000.0,64.2,S
2021-06-22T14:12:34,200.0,64.2,S
2021-06-22T14:12:18,500.0,64.3,B
2021-06-22T14:11:48,400.0,64.3,B
2021-06-22T14:11:10,100.0,64.3,B
2021-06-22T14:11:03,1000.0,64.2,S
2021-06-22T14:10:54,8200.0,64.3,S
2021-06-22T14:10:08,3200.0,64.3,S
2021-06-22T14:09:21,500.0,64.3,S
2021-06-22T14:09:12,300.0,64.3,S
2021-06-22T14:08:57,500.0,64.3,S
2021-06-22T14:08:49,600.0,64.3,B
2021-06-22T14:08:40,2000.0,64.3,B
2021-06-22T14:07:37,3100.0,64.3,S
2021-06-22T14:07:13,1200.0,64.4,B
2021-06-22T14:06:42,5000.0,64.4,B
2021-06-22T14:04:50,1000.0,64.4,B
2021-06-22T14:04:35,2000.0,64.4,B
2021-06-22T14:04:09,400.0,64.4,B
2021-06-22T14:03:50,1000.0,64.5,B
2021-06-22T14:03:31,400.0,64.5,B
2021-06-22T14:03:30,100.0,64.3,S
2021-06-22T14:03:22,1400.0,64.3,S
2021-06-22T14:03:08,800.0,64.2,S
2021-06-22T14:02:29,300.0,64.3,B
2021-06-22T14:02:15,100.0,64.3,S
2021-06-22T14:01:56,1400.0,64.3,S
2021-06-22T14:01:38,1000.0,64.5,B
2021-06-22T14:01:38,1000.0,64.3,B
2021-06-22T14:01:30,10000.0,64.3,B
2021-06-22T14:00:44,900.0,64.3,B
2021-06-22T14:00:27,2000.0,64.3,B
2021-06-22T13:59:56,100.0,64.3,S
2021-06-22T13:59:30,300.0,64.3,B
2021-06-22T13:59:09,4700.0,64.3,S
2021-06-22T13:58:30,600.0,64.3,B
2021-06-22T13:58:18,1000.0,64.3,B
2021-06-22T13:57:40,100.0,64.2,B
2021-06-22T13:57:38,500.0,64.2,B
2021-06-22T13:57:35,500.0,64.2,B
2021-06-22T13:57:24,8900.0,64.2,B
2021-06-22T13:57:24,1100.0,64.2,B
2021-06-22T13:56:50,1000.0,64.2,B
2021-06-22T13:55:43,100.0,64.2,B
2021-06-22T13:55:37,3200.0,64.2,S
2021-06-22T13:55:05,200.0,64.2,S
2021-06-22T13:55:00,200.0,64.3,B
2021-06-22T13:54:54,1600.0,64.2,B
2021-06-22T13:54:26,1200.0,64.2,B
2021-06-22T13:54:06,400.0,64.2,B
2021-06-22T13:54:00,200.0,64.2,B
2021-06-22T13:53:21,200.0,64.2,B
2021-06-22T13:53:00,100.0,64.1,B
2021-06-22T13:52:09,10000.0,64.0,S
2021-06-22T13:52:04,100.0,64.1,B
2021-06-22T13:51:54,100.0,64.1,B
2021-06-22T13:50:42,1500.0,64.0,S
2021-06-22T13:50:35,100.0,64.1,B
2021-06-22T13:50:27,100.0,64.0,S
2021-06-22T13:50:12,2000.0,64.0,B
2021-06-22T13:50:06,1000.0,63.9,S
2021-06-22T13:49:55,1000.0,63.8,S
2021-06-22T13:49:49,10000.0,64.0,B
2021-06-22T13:49:48,500.0,63.8,S
2021-06-22T13:49:34,300.0,63.8,S
2021-06-22T13:49:21,500.0,63.8,S
2021-06-22T13:49:19,200.0,63.9,S
2021-06-22T13:48:49,100.0,64.0,B
2021-06-22T13:48:34,100.0,64.0,B
2021-06-22T13:48:31,300.0,64.0,B
2021-06-22T13:48:26,1200.0,64.0,B
2021-06-22T13:48:21,100.0,63.9,S
2021-06-22T13:48:10,100.0,64.0,B
2021-06-22T13:48:08,300.0,63.9,S
2021-06-22T13:48:01,700.0,63.9,S
2021-06-22T13:47:46,500.0,64.0,B
2021-06-22T13:47:34,100.0,64.0,B
2021-06-22T13:47:14,200.0,64.0,B
2021-06-22T13:46:55,100.0,64.0,S
2021-06-22T13:46:51,1200.0,64.0,S
2021-06-22T13:46:51,600.0,64.0,S
2021-06-22T13:46:51,1600.0,64.0,S
2021-06-22T13:46:51,3000.0,64.0,S
2021-06-22T13:46:50,2700.0,64.0,S
2021-06-22T13:46:50,600.0,64.0,S
2021-06-22T13:46:12,100.0,64.1,B
2021-06-22T13:46:05,200.0,64.0,S
2021-06-22T13:46:05,600.0,64.0,S
2021-06-22T13:46:05,2200.0,64.0,S
2021-06-22T13:46:04,3000.0,64.1,B
2021-06-22T13:46:00,4000.0,64.0,S
2021-06-22T13:45:49,100.0,64.1,B
2021-06-22T13:45:42,100.0,64.1,B
2021-06-22T13:45:29,500.0,64.0,S
2021-06-22T13:45:24,300.0,64.0,S
2021-06-22T13:44:44,400.0,64.1,S
2021-06-22T13:44:21,400.0,64.1,S
2021-06-22T13:44:21,1100.0,64.1,S
2021-06-22T13:44:02,1100.0,64.1,S
2021-06-22T13:42:18,200.0,64.2,B
2021-06-22T13:42:09,2000.0,64.2,B
2021-06-22T13:41:45,600.0,64.2,S
2021-06-22T13:41:45,800.0,64.2,S
2021-06-22T13:41:45,4700.0,64.2,S
2021-06-22T13:41:35,100.0,64.2,S
2021-06-22T13:41:03,1000.0,64.2,S
2021-06-22T13:40:40,1000.0,64.3,B
2021-06-22T13:40:17,100.0,64.3,B
2021-06-22T13:39:07,300.0,64.3,B
2021-06-22T13:38:45,1000.0,64.3,B
2021-06-22T13:38:29,400.0,64.3,S
2021-06-22T13:38:11,1000.0,64.3,S
2021-06-22T13:37:46,500.0,64.3,S
2021-06-22T13:37:46,100.0,64.3,S
2021-06-22T13:37:45,3400.0,64.3,S
2021-06-22T13:37:35,1000.0,64.3,S
2021-06-22T13:37:12,1000.0,64.3,S
2021-06-22T13:36:53,2500.0,64.3,S
2021-06-22T13:35:46,10000.0,64.3,S
2021-06-22T13:35:42,100.0,64.4,B
2021-06-22T13:34:36,200.0,64.4,B
2021-06-22T13:34:31,400.0,64.4,B
2021-06-22T13:33:48,1000.0,64.4,B
2021-06-22T13:32:30,500.0,64.4,B
2021-06-22T13:32:15,200.0,64.4,B
2021-06-22T13:31:30,500.0,64.4,B
2021-06-22T13:31:06,200.0,64.3,S
2021-06-22T13:31:00,300.0,64.4,B
2021-06-22T13:30:22,700.0,64.4,B
2021-06-22T13:29:35,200.0,64.4,B
2021-06-22T13:28:58,500.0,64.4,B
2021-06-22T13:28:31,200.0,64.5,B
2021-06-22T13:28:06,1300.0,64.4,B
2021-06-22T13:27:26,3000.0,64.3,S
2021-06-22T13:27:09,600.0,64.4,B
2021-06-22T13:27:08,1000.0,64.4,B
2021-06-22T13:26:46,1000.0,64.4,B
2021-06-22T13:25:28,100.0,64.4,B
2021-06-22T13:23:23,300.0,64.3,S
2021-06-22T13:23:15,200.0,64.4,B
2021-06-22T13:20:42,100.0,64.4,B
2021-06-22T13:19:23,100.0,64.4,B
2021-06-22T13:17:18,2000.0,64.4,B
2021-06-22T13:17:08,400.0,64.4,B
2021-06-22T13:14:48,2300.0,64.4,B
2021-06-22T13:14:38,400.0,64.4,B
2021-06-22T13:13:45,400.0,64.4,B
2021-06-22T13:12:35,100.0,64.4,B
2021-06-22T13:12:28,1000.0,64.4,B
2021-06-22T13:11:47,100.0,64.4,B
2021-06-22T13:11:43,100.0,64.4,B
2021-06-22T13:11:25,3600.0,64.4,S
2021-06-22T13:11:20,600.0,64.5,B
2021-06-22T13:11:12,500.0,64.4,S
2021-06-22T13:10:37,400.0,64.4,S
2021-06-22T13:10:37,400.0,64.4,S
2021-06-22T13:10:37,1900.0,64.4,S
2021-06-22T13:10:13,400.0,64.4,S
2021-06-22T13:10:04,100.0,64.5,B
2021-06-22T13:10:02,500.0,64.4,S
2021-06-22T13:10:02,1500.0,64.4,S
2021-06-22T13:09:44,200.0,64.5,B
2021-06-22T13:09:05,400.0,64.4,S
2021-06-22T13:08:06,100.0,64.4,S
2021-06-22T13:07:47,400.0,64.4,S
2021-06-22T13:07:17,100.0,64.4,S
2021-06-22T13:07:15,500.0,64.5,B
2021-06-22T13:06:56,100.0,64.5,B
2021-06-22T13:03:59,300.0,64.5,B
2021-06-22T13:01:47,100.0,64.4,S
2021-06-22T13:00:12,500.0,64.4,S
2021-06-22T13:00:08,100.0,64.5,B
2021-06-22T13:00:07,800.0,64.4,S
2021-06-22T13:00:06,300.0,64.4,S
2021-06-22T11:29:52,1000.0,64.4,S
2021-06-22T11:29:34,1000.0,64.4,S
2021-06-22T11:27:38,400.0,64.4,S
2021-06-22T11:27:26,200.0,64.5,B
2021-06-22T11:27:17,300.0,64.4,S
2021-06-22T11:26:48,600.0,64.4,B
2021-06-22T11:25:01,100.0,64.4,B
2021-06-22T11:25:00,100.0,64.4,B
2021-06-22T11:23:12,3500.0,64.4,B
2021-06-22T11:22:31,200.0,64.4,B
2021-06-22T11:21:34,800.0,64.4,B
2021-06-22T11:18:20,200.0,64.4,B
2021-06-22T11:17:17,2000.0,64.4,B
2021-06-22T11:17:10,100.0,64.4,B
2021-06-22T11:16:38,300.0,64.4,B
2021-06-22T11:16:15,2000.0,64.4,B
2021-06-22T11:12:25,2000.0,64.5,B
2021-06-22T11:11:50,100.0,64.5,B
2021-06-22T11:11:46,100.0,64.4,S
2021-06-22T11:11:38,400.0,64.4,S
2021-06-22T11:11:32,1900.0,64.4,S
2021-06-22T11:11:32,400.0,64.4,S
2021-06-22T11:11:31,2700.0,64.4,S
2021-06-22T11:11:28,800.0,64.4,S
2021-06-22T11:11:14,900.0,64.4,S
2021-06-22T11:11:12,100.0,64.4,S
2021-06-22T11:10:38,100.0,64.4,S
2021-06-22T11:10:04,700.0,64.4,S
2021-06-22T11:09:56,400.0,64.4,S
2021-06-22T11:09:46,400.0,64.4,S
2021-06-22T11:09:38,300.0,64.4,S
2021-06-22T11:09:30,700.0,64.4,S
2021-06-22T11:09:22,1300.0,64.4,S
2021-06-22T11:09:20,200.0,64.5,B
2021-06-22T11:08:57,1200.0,64.4,B
2021-06-22T11:08:08,1000.0,64.4,S
2021-06-22T11:06:35,300.0,64.5,B
2021-06-22T11:04:26,500.0,64.5,B
2021-06-22T11:03:46,300.0,64.5,B
2021-06-22T11:02:17,3000.0,64.3,S
2021-06-22T11:02:14,5000.0,64.5,B
2021-06-22T11:00:52,300.0,64.4,B
2021-06-22T10:59:52,1100.0,64.4,B
2021-06-22T10:59:06,3400.0,64.4,S
2021-06-22T10:59:06,4000.0,64.4,S
2021-06-22T10:59:01,200.0,64.5,B
2021-06-22T10:58:18,300.0,64.5,B
2021-06-22T10:58:14,100.0,64.5,B
2021-06-22T10:57:55,200.0,64.5,B
2021-06-22T10:57:51,600.0,64.5,B
2021-06-22T10:57:33,2000.0,64.4,S
2021-06-22T10:57:21,1000.0,64.5,B
2021-06-22T10:57:04,300.0,64.5,B
2021-06-22T10:56:24,200.0,64.5,B
2021-06-22T10:55:36,1000.0,64.5,B
2021-06-22T10:55:36,200.0,64.5,B
2021-06-22T10:55:00,400.0,64.5,B
2021-06-22T10:54:49,2000.0,64.5,B
2021-06-22T10:54:20,1000.0,64.5,B
2021-06-22T10:52:26,2000.0,64.5,B
2021-06-22T10:51:46,700.0,64.5,S
2021-06-22T10:51:37,100.0,64.5,S
2021-06-22T10:51:37,100.0,64.5,S
2021-06-22T10:51:37,100.0,64.5,S
2021-06-22T10:51:36,6700.0,64.5,S
2021-06-22T10:50:13,2800.0,64.5,S
2021-06-22T10:50:13,3700.0,64.5,S
2021-06-22T10:50:13,3700.0,64.5,S
2021-06-22T10:50:13,800.0,64.5,S
2021-06-22T10:49:51,200.0,64.6,B
2021-06-22T10:48:33,400.0,64.6,B
2021-06-22T10:48:04,100.0,64.6,B
2021-06-22T10:48:03,500.0,64.6,B
2021-06-22T10:47:16,200.0,64.6,B
2021-06-22T10:46:47,1000.0,64.5,S
2021-06-22T10:46:35,200.0,64.6,B
2021-06-22T10:46:24,200.0,64.6,B
2021-06-22T10:46:20,1400.0,64.6,B
2021-06-22T10:46:15,2000.0,64.6,B
2021-06-22T10:45:31,200.0,64.6,B
2021-06-22T10:45:31,200.0,64.6,B
2021-06-22T10:44:53,2000.0,64.6,B
2021-06-22T10:44:30,100.0,64.6,B
2021-06-22T10:44:21,500.0,64.5,S
2021-06-22T10:43:44,300.0,64.5,S
2021-06-22T10:42:40,1000.0,64.5,S
2021-06-22T10:41:48,100.0,64.6,B
2021-06-22T10:41:20,200.0,64.6,S
2021-06-22T10:41:16,900.0,64.6,S
2021-06-22T10:40:43,200.0,64.6,B
2021-06-22T10:40:34,200.0,64.6,B
2021-06-22T10:40:19,700.0,64.6,B
2021-06-22T10:40:19,300.0,64.6,B
2021-06-22T10:39:57,1200.0,64.6,B
2021-06-22T10:39:43,100.0,64.6,B
2021-06-22T10:39:15,300.0,64.6,B
2021-06-22T10:38:59,500.0,64.6,B
2021-06-22T10:38:48,300.0,64.6,B
2021-06-22T10:38:36,1100.0,64.6,B
2021-06-22T10:37:59,100.0,64.6,B
2021-06-22T10:37:28,200.0,64.7,B
2021-06-22T10:37:11,3300.0,64.7,B
2021-06-22T10:36:26,500.0,64.6,B
2021-06-22T10:35:10,2900.0,64.6,S
2021-06-22T10:34:13,100.0,64.6,B
2021-06-22T10:34:07,400.0,64.6,B
2021-06-22T10:33:21,1000.0,64.6,S
2021-06-22T10:33:16,1000.0,64.7,B
2021-06-22T10:32:54,800.0,64.6,S
2021-06-22T10:32:25,400.0,64.6,B
2021-06-22T10:32:17,500.0,64.6,B
2021-06-22T10:31:50,4100.0,64.6,S
2021-06-22T10:31:34,1000.0,64.7,B
2021-06-22T10:30:12,100.0,64.7,B
2021-06-22T10:29:54,1100.0,64.7,B
2021-06-22T10:29:50,1200.0,64.7,B
2021-06-22T10:29:29,1900.0,64.7,S
2021-06-22T10:28:30,400.0,64.7,S
2021-06-22T10:27:02,100.0,64.8,B
2021-06-22T10:25:51,1000.0,64.8,B
2021-06-22T10:25:32,100.0,64.8,B
2021-06-22T10:24:41,1100.0,64.8,B
2021-06-22T10:24:41,2900.0,64.8,B
2021-06-22T10:24:14,400.0,64.8,B
2021-06-22T10:23:32,100.0,64.8,B
2021-06-22T10:23:15,1000.0,64.8,B
2021-06-22T10:21:52,500.0,64.8,B
2021-06-22T10:20:57,700.0,64.8,B
2021-06-22T10:20:57,300.0,64.7,B
2021-06-22T10:19:59,200.0,64.7,B
2021-06-22T10:18:27,1000.0,64.5,S
2021-06-22T10:18:09,100.0,64.5,S
2021-06-22T10:17:10,500.0,64.5,S
2021-06-22T10:16:11,100.0,64.7,B
2021-06-22T10:15:36,2000.0,64.7,B
2021-06-22T10:15:03,100.0,64.7,B
2021-06-22T10:14:55,200.0,64.7,B
2021-06-22T10:13:23,1000.0,64.7,B
2021-06-22T10:13:16,400.0,64.7,B
2021-06-22T10:10:11,700.0,64.7,B
2021-06-22T10:09:16,1600.0,64.5,S
2021-06-22T10:06:50,100.0,64.7,S
2021-06-22T10:06:09,200.0,64.8,B
2021-06-22T10:05:47,100.0,64.7,B
2021-06-22T10:05:15,2300.0,64.7,B
2021-06-22T10:04:30,200.0,64.5,S
2021-06-22T10:04:29,100.0,64.7,B
2021-06-22T10:03:45,200.0,64.5,B
2021-06-22T10:03:30,800.0,64.5,S
2021-06-22T10:00:26,500.0,64.5,S
2021-06-22T10:00:26,1800.0,64.5,S
2021-06-22T10:00:26,200.0,64.5,S
2021-06-22T10:00:26,5500.0,64.5,S
2021-06-22T10:00:26,500.0,64.5,S
2021-06-22T10:00:26,500.0,64.5,S
2021-06-22T10:00:26,800.0,64.6,S
2021-06-22T10:00:07,100.0,64.7,B
2021-06-22T09:59:18,2900.0,64.7,S
2021-06-22T09:59:06,300.0,64.8,B
2021-06-22T09:58:50,100.0,64.8,S
2021-06-22T09:58:50,200.0,64.8,S
2021-06-22T09:57:04,200.0,64.9,B
2021-06-22T09:56:38,100.0,64.8,S
2021-06-22T09:55:38,100.0,64.8,B
2021-06-22T09:55:22,1500.0,64.8,S
2021-06-22T09:55:22,200.0,64.8,S
2021-06-22T09:55:22,200.0,64.8,S
2021-06-22T09:54:32,100.0,64.9,B
2021-06-22T09:54:26,2000.0,64.8,S
2021-06-22T09:52:45,100.0,64.9,B
2021-06-22T09:51:44,100.0,64.9,B
2021-06-22T09:49:57,1800.0,64.9,S
2021-06-22T09:49:49,900.0,64.9,S
2021-06-22T09:49:45,400.0,64.9,S
2021-06-22T09:48:23,4900.0,64.9,B
2021-06-22T09:47:31,100.0,64.9,S
2021-06-22T09:46:30,100.0,65.0,B
2021-06-22T09:45:55,200.0,65.0,B
2021-06-22T09:45:08,100.0,65.0,S
2021-06-22T09:44:59,2000.0,65.0,S
2021-06-22T09:43:48,20000.0,65.1,B
2021-06-22T09:43:41,100.0,64.8,B
2021-06-22T09:43:32,1400.0,64.8,S
2021-06-22T09:43:25,1200.0,64.8,S
2021-06-22T09:43:23,100.0,64.9,B
2021-06-22T09:43:12,200.0,64.9,B
2021-06-22T09:42:46,100.0,64.9,B
2021-06-22T09:42:23,200.0,64.9,B
2021-06-22T09:42:10,200.0,64.9,B
2021-06-22T09:42:01,200.0,64.9,B
2021-06-22T09:41:53,200.0,64.9,B
2021-06-22T09:41:02,1100.0,64.9,S
2021-06-22T09:40:59,100.0,65.0,B
2021-06-22T09:40:20,1000.0,65.0,B
2021-06-22T09:40:14,1000.0,65.0,B
2021-06-22T09:39:43,200.0,65.0,B
2021-06-22T09:39:39,2000.0,65.0,S
2021-06-22T09:39:35,100.0,65.0,S
2021-06-22T09:39:34,500.0,65.0,S
2021-06-22T09:39:29,4500.0,65.0,S
2021-06-22T09:39:17,5000.0,65.0,S
2021-06-22T09:39:16,800.0,65.0,S
2021-06-22T09:38:55,5000.0,65.0,B
2021-06-22T09:38:26,5000.0,65.0,B
2021-06-22T09:37:51,700.0,65.0,B
2021-06-22T09:37:50,3000.0,65.4,B
2021-06-22T09:37:48,10000.0,65.0,B
2021-06-22T09:37:41,7800.0,65.0,B
2021-06-22T09:37:34,1700.0,64.9,S
2021-06-22T09:37:30,600.0,65.0,B
2021-06-22T09:37:17,300.0,65.0,B
2021-06-22T09:36:52,400.0,65.0,B
2021-06-22T09:36:44,800.0,65.0,B
2021-06-22T09:36:17,5000.0,65.0,B
2021-06-22T09:35:45,900.0,64.9,B
2021-06-22T09:35:45,200.0,64.8,S
2021-06-22T09:35:45,2200.0,64.8,S
2021-06-22T09:35:39,100.0,64.8,S
2021-06-22T09:35:34,500.0,64.8,S
2021-06-22T09:35:31,500.0,64.8,S
2021-06-22T09:35:27,1000.0,64.8,S
2021-06-22T09:35:13,100.0,64.8,S
2021-06-22T09:34:56,900.0,64.8,S
2021-06-22T09:34:52,1900.0,64.9,B
2021-06-22T09:34:29,100.0,64.9,B
2021-06-22T09:33:42,100.0,64.8,S
2021-06-22T09:32:34,7500.0,64.9,B
2021-06-22T09:32:32,3400.0,64.8,S
2021-06-22T09:31:58,200.0,64.8,S
2021-06-22T09:31:36,400.0,64.8,S
2021-06-22T09:31:32,500.0,64.8,S
2021-06-22T09:30:05,1000.0,64.8,S
2021-06-22T09:27:52,100.0,64.9,B
2021-06-22T09:27:06,100.0,64.9,B
2021-06-22T09:27:02,1500.0,64.9,B
2021-06-22T09:25:38,100.0,64.8,B
2021-06-22T09:25:21,200.0,64.8,B
2021-06-22T09:23:50,800.0,64.8,B
2021-06-22T09:23:47,100.0,64.8,B
2021-06-22T09:23:24,100.0,64.8,B
2021-06-22T09:23:24,500.0,64.8,B
2021-06-22T09:23:19,5000.0,64.8,B
2021-06-22T09:22:56,100.0,64.8,S
2021-06-22T09:22:33,300.0,64.8,S
2021-06-22T09:22:30,7800.0,64.8,S
2021-06-22T09:21:46,800.0,65.0,B
2021-06-22T09:20:40,5000.0,65.0,B
2021-06-22T09:20:39,3000.0,64.9,S
2021-06-22T09:20:21,100.0,64.9,S
2021-06-22T09:20:16,200.0,64.9,S
2021-06-22T09:19:50,1000.0,64.9,S
2021-06-22T09:18:55,100.0,65.0,B
2021-06-22T09:18:49,1000.0,65.0,B
2021-06-22T09:18:35,100.0,65.0,B
2021-06-22T09:17:57,1500.0,65.0,B
2021-06-22T09:17:23,500.0,64.9,B
2021-06-22T09:17:22,300.0,64.9,B
2021-06-22T09:17:19,200.0,64.9,B
2021-06-22T09:17:14,200.0,64.9,B
2021-06-22T09:16:35,1000.0,64.9,S
2021-06-22T09:16:15,800.0,64.8,S
