tradingTime,volume,price,side
2021-06-22T14:29:21,500.0,41.5,S
2021-06-22T14:29:05,100.0,41.5,S
2021-06-22T14:26:43,500.0,41.5,S
2021-06-22T14:24:10,1000.0,41.5,S
2021-06-22T14:23:51,100.0,41.5,S
2021-06-22T14:23:20,200.0,41.5,S
2021-06-22T14:23:20,300.0,41.5,S
2021-06-22T14:22:28,2200.0,41.5,S
2021-06-22T14:22:21,500.0,41.5,S
2021-06-22T14:22:18,200.0,41.6,B
2021-06-22T14:21:33,700.0,41.5,S
2021-06-22T14:21:03,200.0,41.55,S
2021-06-22T14:20:18,700.0,41.5,S
2021-06-22T14:20:15,5000.0,41.5,S
2021-06-22T14:20:01,200.0,41.6,B
2021-06-22T14:19:21,600.0,41.6,S
2021-06-22T14:19:10,100.0,41.6,S
2021-06-22T14:18:28,100.0,41.6,S
2021-06-22T14:18:14,400.0,41.6,S
2021-06-22T14:17:22,600.0,41.6,S
2021-06-22T14:17:06,400.0,41.6,S
2021-06-22T14:16:37,5000.0,41.6,S
2021-06-22T14:16:17,1000.0,41.6,S
2021-06-22T14:16:11,100.0,41.6,S
2021-06-22T14:16:11,900.0,41.6,S
2021-06-22T14:15:54,1000.0,41.6,S
2021-06-22T14:13:53,700.0,41.65,S
2021-06-22T14:12:14,400.0,41.7,B
2021-06-22T14:11:22,100.0,41.7,B
2021-06-22T14:11:13,500.0,41.7,B
2021-06-22T14:10:17,100.0,41.7,B
2021-06-22T14:10:06,1000.0,41.65,S
2021-06-22T14:09:46,200.0,41.65,S
2021-06-22T14:08:37,100.0,41.6,S
2021-06-22T14:07:51,400.0,41.6,S
2021-06-22T14:07:21,200.0,41.6,S
2021-06-22T14:07:19,3100.0,41.6,S
2021-06-22T14:06:15,400.0,41.6,S
2021-06-22T14:06:15,300.0,41.6,S
2021-06-22T14:06:15,500.0,41.6,S
2021-06-22T14:05:22,300.0,41.7,S
2021-06-22T14:05:22,500.0,41.7,S
2021-06-22T14:04:50,15000.0,41.7,S
2021-06-22T14:04:17,1200.0,41.75,S
2021-06-22T13:57:44,1000.0,41.8,B
2021-06-22T13:50:00,200.0,41.8,B
2021-06-22T13:49:44,300.0,41.8,B
2021-06-22T13:49:31,300.0,41.8,B
2021-06-22T13:45:22,900.0,41.85,B
2021-06-22T13:45:22,1900.0,41.85,B
2021-06-22T13:45:22,200.0,41.8,B
2021-06-22T13:45:08,1000.0,41.75,S
2021-06-22T13:44:28,100.0,41.75,S
2021-06-22T13:39:30,1000.0,41.8,S
2021-06-22T13:37:55,400.0,41.85,B
2021-06-22T13:37:55,700.0,41.85,B
2021-06-22T13:37:55,800.0,41.85,B
2021-06-22T13:37:55,100.0,41.8,B
2021-06-22T13:34:35,10000.0,41.85,B
2021-06-22T13:34:35,600.0,41.8,S
2021-06-22T13:34:35,2300.0,41.8,S
2021-06-22T13:33:38,5000.0,41.8,S
2021-06-22T13:33:28,500.0,41.8,S
2021-06-22T13:33:04,2500.0,41.8,S
2021-06-22T13:33:03,200.0,41.8,S
2021-06-22T13:32:56,100.0,41.8,S
2021-06-22T13:32:40,200.0,41.8,S
2021-06-22T13:32:40,500.0,41.8,S
2021-06-22T13:32:20,500.0,41.8,S
2021-06-22T13:32:13,100.0,41.8,S
2021-06-22T13:30:30,1300.0,41.85,S
2021-06-22T13:28:38,200.0,41.85,S
2021-06-22T13:27:56,100.0,41.85,S
2021-06-22T13:27:30,7700.0,41.85,S
2021-06-22T13:26:53,1000.0,41.9,B
2021-06-22T13:26:29,100.0,41.9,B
2021-06-22T13:25:39,1400.0,41.9,B
2021-06-22T13:24:53,700.0,41.9,S
2021-06-22T13:23:17,200.0,41.9,S
2021-06-22T13:18:12,100.0,41.95,B
2021-06-22T13:17:51,300.0,41.95,B
2021-06-22T13:16:00,1000.0,41.95,B
2021-06-22T13:15:21,2000.0,41.95,B
2021-06-22T13:15:21,100.0,41.95,B
2021-06-22T13:15:21,1500.0,41.95,B
2021-06-22T13:08:35,100.0,41.85,S
2021-06-22T13:08:33,1000.0,41.95,B
2021-06-22T13:05:14,300.0,41.85,S
2021-06-22T13:04:52,400.0,41.9,B
2021-06-22T13:04:52,1100.0,41.9,B
2021-06-22T13:04:46,1000.0,41.85,B
2021-06-22T13:04:21,500.0,41.85,B
2021-06-22T13:01:22,300.0,41.85,B
2021-06-22T13:00:14,100.0,41.8,S
2021-06-22T13:00:08,700.0,41.8,S
2021-06-22T11:29:53,500.0,41.8,S
2021-06-22T11:27:07,200.0,41.85,S
2021-06-22T11:25:45,600.0,41.9,B
2021-06-22T11:23:10,100.0,41.9,B
2021-06-22T11:16:03,6000.0,41.95,B
2021-06-22T11:15:25,300.0,41.9,S
2021-06-22T11:14:54,3000.0,41.95,B
2021-06-22T11:14:10,1700.0,41.9,B
2021-06-22T11:13:41,1000.0,41.9,B
2021-06-22T11:11:46,100.0,41.9,B
2021-06-22T11:11:39,100.0,41.85,S
2021-06-22T11:08:40,4800.0,41.9,S
2021-06-22T11:08:33,4300.0,41.9,S
2021-06-22T11:08:31,500.0,41.9,S
2021-06-22T11:08:13,200.0,41.9,S
2021-06-22T11:07:11,200.0,41.9,S
2021-06-22T11:06:32,300.0,41.9,B
2021-06-22T11:06:26,900.0,41.9,S
2021-06-22T11:05:58,500.0,41.9,S
2021-06-22T11:05:46,1000.0,41.9,S
2021-06-22T11:05:27,500.0,41.9,S
2021-06-22T11:04:53,100.0,41.9,S
2021-06-22T11:03:53,3600.0,41.9,S
2021-06-22T11:03:49,300.0,41.9,S
2021-06-22T11:03:18,100.0,41.9,S
2021-06-22T11:03:09,500.0,41.9,S
2021-06-22T11:02:50,3000.0,41.9,S
2021-06-22T11:02:24,1000.0,41.9,S
2021-06-22T11:00:17,200.0,41.9,S
2021-06-22T11:00:01,100.0,41.9,S
2021-06-22T10:59:15,2800.0,41.95,B
2021-06-22T10:57:53,100.0,41.95,B
2021-06-22T10:57:44,100.0,41.95,B
2021-06-22T10:54:34,4600.0,41.95,B
2021-06-22T10:54:03,3000.0,41.95,B
2021-06-22T10:53:22,2800.0,41.9,B
2021-06-22T10:53:22,4000.0,41.9,B
2021-06-22T10:52:13,200.0,41.85,B
2021-06-22T10:51:54,200.0,41.85,B
2021-06-22T10:51:11,800.0,41.8,S
2021-06-22T10:49:37,1000.0,41.8,S
2021-06-22T10:49:24,1000.0,41.8,S
2021-06-22T10:47:15,600.0,41.8,B
2021-06-22T10:47:12,200.0,41.8,B
2021-06-22T10:47:04,100.0,41.8,B
2021-06-22T10:46:49,100.0,41.8,B
2021-06-22T10:46:47,500.0,41.8,B
2021-06-22T10:46:31,100.0,41.8,B
2021-06-22T10:45:39,1000.0,41.8,B
2021-06-22T10:45:17,500.0,41.8,B
2021-06-22T10:45:16,400.0,41.8,B
2021-06-22T10:44:03,2000.0,41.8,B
2021-06-22T10:43:37,300.0,41.8,B
2021-06-22T10:42:28,2500.0,41.8,B
2021-06-22T10:42:01,300.0,41.75,S
2021-06-22T10:37:53,300.0,41.8,B
2021-06-22T10:36:14,100.0,41.75,S
2021-06-22T10:34:51,300.0,41.75,S
2021-06-22T10:33:20,1800.0,41.7,S
2021-06-22T10:33:04,200.0,41.75,S
2021-06-22T10:32:56,500.0,41.75,S
2021-06-22T10:31:24,100.0,41.75,B
2021-06-22T10:31:24,300.0,41.75,B
2021-06-22T10:30:37,200.0,41.7,S
2021-06-22T10:30:32,300.0,41.7,S
2021-06-22T10:30:32,1200.0,41.7,S
2021-06-22T10:30:32,200.0,41.7,S
2021-06-22T10:30:32,400.0,41.7,S
2021-06-22T10:30:32,900.0,41.7,S
2021-06-22T10:30:03,200.0,41.75,B
2021-06-22T10:29:50,100.0,41.75,B
2021-06-22T10:26:48,300.0,41.75,B
2021-06-22T10:24:36,100.0,41.75,S
2021-06-22T10:24:24,100.0,41.8,B
2021-06-22T10:24:09,400.0,41.8,B
2021-06-22T10:24:01,2600.0,41.7,S
2021-06-22T10:24:01,900.0,41.75,S
2021-06-22T10:23:37,1000.0,41.8,B
2021-06-22T10:21:37,500.0,41.75,B
2021-06-22T10:20:16,1000.0,41.7,S
2021-06-22T10:19:24,600.0,41.7,B
2021-06-22T10:19:24,400.0,41.65,B
2021-06-22T10:19:23,200.0,41.6,B
2021-06-22T10:18:58,200.0,41.6,B
2021-06-22T10:18:22,100.0,41.6,B
2021-06-22T10:17:39,100.0,41.65,B
2021-06-22T10:17:36,100.0,41.6,B
2021-06-22T10:17:27,300.0,41.5,S
2021-06-22T10:16:59,100.0,41.6,S
2021-06-22T10:16:53,100.0,41.6,B
2021-06-22T10:16:11,100.0,41.6,S
2021-06-22T10:15:29,200.0,41.6,S
2021-06-22T10:15:12,100.0,41.6,S
2021-06-22T10:14:58,200.0,41.6,S
2021-06-22T10:14:39,1000.0,41.6,S
2021-06-22T10:13:40,1000.0,41.6,S
2021-06-22T10:12:53,100.0,41.7,S
2021-06-22T10:12:35,200.0,41.7,S
2021-06-22T10:12:13,1300.0,41.7,B
2021-06-22T10:12:06,100.0,41.7,B
2021-06-22T10:12:06,200.0,41.7,B
2021-06-22T10:11:43,100.0,41.7,B
2021-06-22T10:11:03,100.0,41.7,B
2021-06-22T10:10:18,100.0,41.7,S
2021-06-22T10:09:56,1000.0,41.7,S
2021-06-22T10:09:30,200.0,41.75,S
2021-06-22T10:06:16,1000.0,41.8,B
2021-06-22T10:04:28,600.0,41.8,S
2021-06-22T10:04:08,500.0,41.8,S
2021-06-22T09:59:11,400.0,41.9,B
2021-06-22T09:58:39,100.0,42.0,B
2021-06-22T09:58:14,900.0,42.0,B
2021-06-22T09:58:14,100.0,42.0,B
2021-06-22T09:57:53,500.0,42.0,B
2021-06-22T09:57:17,1000.0,41.9,S
2021-06-22T09:56:55,1000.0,41.9,S
2021-06-22T09:56:44,200.0,42.0,B
2021-06-22T09:55:52,1000.0,41.9,S
2021-06-22T09:55:43,400.0,42.0,B
2021-06-22T09:55:41,300.0,41.95,S
2021-06-22T09:55:37,400.0,42.0,B
2021-06-22T09:55:26,100.0,41.95,S
2021-06-22T09:54:41,800.0,41.95,B
2021-06-22T09:54:13,2500.0,41.95,B
2021-06-22T09:53:10,100.0,41.9,S
2021-06-22T09:52:48,100.0,41.95,B
2021-06-22T09:52:45,500.0,41.95,B
2021-06-22T09:52:31,2000.0,41.9,S
2021-06-22T09:51:42,900.0,41.9,B
2021-06-22T09:51:34,500.0,41.9,B
2021-06-22T09:51:25,200.0,41.8,S
2021-06-22T09:50:54,100.0,41.8,S
2021-06-22T09:50:53,100.0,41.8,S
2021-06-22T09:50:51,600.0,41.9,B
2021-06-22T09:50:51,1600.0,41.9,B
2021-06-22T09:50:09,600.0,41.8,S
2021-06-22T09:49:27,900.0,41.8,B
2021-06-22T09:49:15,500.0,41.8,B
2021-06-22T09:48:50,100.0,41.8,B
2021-06-22T09:47:21,2000.0,41.8,B
2021-06-22T09:46:16,100.0,41.5,S
2021-06-22T09:45:43,800.0,41.5,B
2021-06-22T09:45:22,600.0,41.5,B
2021-06-22T09:45:22,600.0,41.5,B
2021-06-22T09:44:13,200.0,41.2,S
2021-06-22T09:43:34,200.0,41.2,B
2021-06-22T09:42:51,100.0,41.2,B
2021-06-22T09:42:46,200.0,41.1,S
2021-06-22T09:42:31,100.0,41.1,B
2021-06-22T09:42:31,100.0,41.1,B
2021-06-22T09:41:59,200.0,41.1,B
2021-06-22T09:41:23,1100.0,41.1,B
2021-06-22T09:40:39,3100.0,41.1,S
2021-06-22T09:39:25,1400.0,41.1,S
2021-06-22T09:38:51,400.0,41.1,B
2021-06-22T09:38:49,300.0,41.1,B
2021-06-22T09:38:42,1000.0,41.05,S
2021-06-22T09:38:30,1800.0,41.05,S
2021-06-22T09:38:23,200.0,41.1,B
2021-06-22T09:38:21,500.0,41.1,B
2021-06-22T09:36:31,1000.0,41.05,S
2021-06-22T09:35:50,400.0,41.05,B
2021-06-22T09:35:36,100.0,41.05,B
2021-06-22T09:35:15,200.0,41.05,B
2021-06-22T09:35:06,300.0,41.05,B
2021-06-22T09:35:06,400.0,41.05,B
2021-06-22T09:33:45,100.0,41.5,B
2021-06-22T09:33:27,100.0,41.05,B
2021-06-22T09:33:21,400.0,41.0,S
2021-06-22T09:33:21,2200.0,41.0,S
2021-06-22T09:33:20,400.0,41.05,S
2021-06-22T09:33:17,2700.0,41.05,S
2021-06-22T09:32:55,700.0,41.05,S
2021-06-22T09:32:55,500.0,41.05,S
2021-06-22T09:32:55,4000.0,41.05,S
2021-06-22T09:32:46,500.0,41.1,S
2021-06-22T09:31:36,900.0,41.05,S
2021-06-22T09:31:13,500.0,41.05,S
2021-06-22T09:29:57,400.0,41.05,S
2021-06-22T09:29:57,100.0,41.5,S
2021-06-22T09:27:39,500.0,41.0,S
2021-06-22T09:27:39,200.0,41.05,S
2021-06-22T09:27:39,300.0,41.05,S
2021-06-22T09:27:19,10000.0,41.95,B
2021-06-22T09:26:14,1100.0,41.95,B
2021-06-22T09:26:05,100.0,41.95,B
2021-06-22T09:25:35,100.0,41.1,S
2021-06-22T09:25:03,200.0,41.1,S
2021-06-22T09:23:51,900.0,41.1,S
2021-06-22T09:23:51,500.0,41.5,S
2021-06-22T09:23:51,300.0,41.5,S
2021-06-22T09:23:51,300.0,41.55,S
2021-06-22T09:23:22,1000.0,42.0,B
2021-06-22T09:22:24,5000.0,42.0,B
2021-06-22T09:22:23,1000.0,41.95,B
2021-06-22T09:22:20,400.0,41.95,B
2021-06-22T09:22:12,800.0,41.95,B
2021-06-22T09:22:04,2000.0,41.5,S
2021-06-22T09:21:43,100.0,41.95,S
2021-06-22T09:21:36,100.0,41.95,S
2021-06-22T09:21:24,500.0,42.0,B
2021-06-22T09:21:14,200.0,41.95,S
2021-06-22T09:20:35,800.0,42.0,B
2021-06-22T09:20:12,300.0,42.0,S
2021-06-22T09:19:51,200.0,42.0,S
2021-06-22T09:19:26,100.0,42.0,S
2021-06-22T09:19:24,1200.0,42.0,S
2021-06-22T09:19:09,800.0,42.0,B
2021-06-22T09:18:58,200.0,42.0,S
2021-06-22T09:18:50,100.0,42.1,B
2021-06-22T09:18:49,200.0,42.1,B
2021-06-22T09:18:49,300.0,42.1,B
2021-06-22T09:18:37,100.0,42.1,B
2021-06-22T09:18:23,100.0,42.1,B
2021-06-22T09:18:18,200.0,42.0,B
2021-06-22T09:18:15,1000.0,42.0,B
2021-06-22T09:18:05,1800.0,42.0,S
2021-06-22T09:17:55,100.0,42.0,B
2021-06-22T09:17:55,100.0,42.0,B
2021-06-22T09:17:54,100.0,42.0,B
2021-06-22T09:17:52,300.0,42.2,B
2021-06-22T09:17:35,400.0,42.0,S
2021-06-22T09:17:30,1000.0,42.15,S
2021-06-22T09:17:20,700.0,42.2,B
2021-06-22T09:17:20,500.0,42.15,B
2021-06-22T09:17:13,400.0,42.15,B
2021-06-22T09:16:53,100.0,42.0,S
2021-06-22T09:16:26,500.0,42.2,B
2021-06-22T09:16:19,400.0,42.2,B
2021-06-22T09:16:19,100.0,42.2,B
2021-06-22T09:16:16,900.0,42.2,B
2021-06-22T09:16:16,200.0,42.2,B
2021-06-22T09:16:11,100.0,42.2,B
2021-06-22T09:15:59,100.0,42.2,B
2021-06-22T09:15:52,1000.0,42.2,B
