tradingTime,volume,price,side
2021-06-22T14:27:23,3000.0,11.55,B
2021-06-22T14:26:37,700.0,11.5,S
2021-06-22T14:26:15,800.0,11.55,B
2021-06-22T14:26:03,1000.0,11.5,S
2021-06-22T14:25:58,100.0,11.5,S
2021-06-22T14:25:32,1000.0,11.5,S
2021-06-22T14:25:14,100.0,11.5,S
2021-06-22T14:23:14,2000.0,11.5,S
2021-06-22T14:22:59,800.0,11.5,S
2021-06-22T14:21:33,100.0,11.5,S
2021-06-22T14:21:31,6400.0,11.5,S
2021-06-22T14:21:15,1000.0,11.5,S
2021-06-22T14:20:46,2000.0,11.5,S
2021-06-22T14:20:43,3000.0,11.5,S
2021-06-22T14:20:41,1000.0,11.5,S
2021-06-22T14:19:24,5000.0,11.5,S
2021-06-22T14:18:59,100.0,11.55,B
2021-06-22T14:18:57,500.0,11.55,B
2021-06-22T14:17:56,500.0,11.55,B
2021-06-22T14:16:39,3000.0,11.55,B
2021-06-22T14:16:00,200.0,11.55,B
2021-06-22T14:15:17,200.0,11.55,B
2021-06-22T14:14:56,2700.0,11.5,S
2021-06-22T14:14:39,1000.0,11.55,B
2021-06-22T14:14:11,1500.0,11.5,S
2021-06-22T14:13:52,1000.0,11.55,B
2021-06-22T14:13:25,10000.0,11.55,B
2021-06-22T14:11:45,100.0,11.5,S
2021-06-22T14:10:52,1000.0,11.5,S
2021-06-22T14:10:09,3500.0,11.55,S
2021-06-22T14:10:04,1000.0,11.55,S
2021-06-22T14:10:02,6900.0,11.6,B
2021-06-22T14:09:41,200.0,11.55,S
2021-06-22T14:09:27,20300.0,11.55,B
2021-06-22T14:08:52,7300.0,11.55,B
2021-06-22T14:07:49,100.0,11.5,S
2021-06-22T14:07:39,2000.0,11.5,S
2021-06-22T14:07:38,400.0,11.5,S
2021-06-22T14:06:42,500.0,11.5,S
2021-06-22T14:06:14,2000.0,11.5,S
2021-06-22T14:05:55,1000.0,11.5,S
2021-06-22T14:05:05,100.0,11.5,S
2021-06-22T14:04:55,200.0,11.5,S
2021-06-22T14:04:52,100.0,11.5,B
2021-06-22T14:04:48,11200.0,11.5,B
2021-06-22T14:04:48,2600.0,11.5,B
2021-06-22T14:03:52,3500.0,11.5,B
2021-06-22T14:02:49,3300.0,11.5,B
2021-06-22T14:02:49,19000.0,11.45,B
2021-06-22T14:02:49,7700.0,11.45,B
2021-06-22T14:02:08,100.0,11.4,S
2021-06-22T14:01:03,3000.0,11.45,B
2021-06-22T14:00:10,500.0,11.4,B
2021-06-22T14:00:10,500.0,11.4,B
2021-06-22T14:00:10,6100.0,11.4,B
2021-06-22T13:59:55,5000.0,11.4,B
2021-06-22T13:59:16,300.0,11.35,S
2021-06-22T13:58:38,1000.0,11.4,B
2021-06-22T13:58:38,9000.0,11.4,B
2021-06-22T13:56:04,17200.0,11.35,B
2021-06-22T13:53:33,2900.0,11.35,S
2021-06-22T13:52:55,14800.0,11.35,S
2021-06-22T13:52:36,3000.0,11.35,S
2021-06-22T13:52:23,14300.0,11.35,B
2021-06-22T13:52:03,1000.0,11.3,S
2021-06-22T13:52:00,100.0,11.35,B
2021-06-22T13:50:11,1000.0,11.35,B
2021-06-22T13:50:03,1000.0,11.35,B
2021-06-22T13:48:38,29600.0,11.35,S
2021-06-22T13:48:34,1000.0,11.4,B
2021-06-22T13:47:42,2500.0,11.35,S
2021-06-22T13:46:40,1500.0,11.35,B
2021-06-22T13:46:40,16400.0,11.35,B
2021-06-22T13:44:20,18600.0,11.35,S
2021-06-22T13:44:02,4200.0,11.4,B
2021-06-22T13:43:56,1500.0,11.35,S
2021-06-22T13:43:56,13500.0,11.35,S
2021-06-22T13:41:41,3000.0,11.35,S
2021-06-22T13:41:19,1000.0,11.35,S
2021-06-22T13:39:03,2000.0,11.35,S
2021-06-22T13:36:18,2500.0,11.35,S
2021-06-22T13:36:12,10000.0,11.35,S
2021-06-22T13:36:00,20000.0,11.35,S
2021-06-22T13:34:22,3000.0,11.35,S
2021-06-22T13:33:38,3000.0,11.35,B
2021-06-22T13:33:28,7600.0,11.35,B
2021-06-22T13:32:45,100.0,11.35,B
2021-06-22T13:31:52,5000.0,11.35,S
2021-06-22T13:31:52,20000.0,11.35,S
2021-06-22T13:31:52,27300.0,11.35,S
2021-06-22T13:29:52,200.0,11.35,S
2021-06-22T13:29:41,200.0,11.4,B
2021-06-22T13:29:00,200.0,11.35,S
2021-06-22T13:22:03,1100.0,11.4,S
2021-06-22T13:22:03,2500.0,11.4,S
2021-06-22T13:22:03,2900.0,11.4,S
2021-06-22T13:20:32,1000.0,11.4,S
2021-06-22T13:20:26,100.0,11.4,S
2021-06-22T13:18:32,200.0,11.4,S
2021-06-22T13:16:24,100.0,11.4,S
2021-06-22T13:16:20,4600.0,11.4,S
2021-06-22T13:15:00,1000.0,11.4,S
2021-06-22T13:12:54,3200.0,11.4,S
2021-06-22T13:11:51,5000.0,11.4,S
2021-06-22T13:11:36,1000.0,11.4,S
2021-06-22T13:10:18,600.0,11.4,S
2021-06-22T13:08:23,1000.0,11.4,S
2021-06-22T13:05:49,1000.0,11.4,S
2021-06-22T13:05:41,1800.0,11.45,B
2021-06-22T13:05:21,100.0,11.45,B
2021-06-22T13:03:00,100.0,11.45,B
2021-06-22T13:00:31,300.0,11.45,B
2021-06-22T13:00:12,1200.0,11.45,B
2021-06-22T11:29:21,1000.0,11.45,B
2021-06-22T11:29:10,1300.0,11.45,B
2021-06-22T11:27:54,1000.0,11.45,B
2021-06-22T11:24:20,100.0,11.4,S
2021-06-22T11:17:57,6000.0,11.4,S
2021-06-22T11:12:09,400.0,11.45,B
2021-06-22T11:11:51,3000.0,11.4,S
2021-06-22T11:11:37,10000.0,11.4,S
2021-06-22T11:10:39,10000.0,11.4,S
2021-06-22T11:07:38,1000.0,11.45,B
2021-06-22T11:05:45,100.0,11.45,S
2021-06-22T11:03:01,100.0,11.45,S
2021-06-22T11:02:14,1000.0,11.45,S
2021-06-22T11:01:24,5000.0,11.45,S
2021-06-22T11:01:21,2000.0,11.45,S
2021-06-22T10:59:23,10000.0,11.45,S
2021-06-22T10:59:02,1000.0,11.5,B
2021-06-22T10:58:19,400.0,11.5,B
2021-06-22T10:55:17,4800.0,11.5,B
2021-06-22T10:55:00,1000.0,11.5,B
2021-06-22T10:54:50,300.0,11.5,B
2021-06-22T10:54:20,100.0,11.45,S
2021-06-22T10:53:50,18000.0,11.5,B
2021-06-22T10:52:41,4000.0,11.45,S
2021-06-22T10:49:57,500.0,11.5,B
2021-06-22T10:48:33,600.0,11.5,B
2021-06-22T10:48:22,1000.0,11.5,B
2021-06-22T10:48:13,2000.0,11.5,B
2021-06-22T10:46:24,1000.0,11.5,B
2021-06-22T10:46:14,2500.0,11.45,S
2021-06-22T10:44:36,1800.0,11.45,S
2021-06-22T10:44:29,2000.0,11.45,S
2021-06-22T10:43:01,100.0,11.45,S
2021-06-22T10:41:27,12900.0,11.45,B
2021-06-22T10:40:16,1000.0,11.4,S
2021-06-22T10:38:03,200.0,11.4,S
2021-06-22T10:37:48,4000.0,11.4,S
2021-06-22T10:35:37,300.0,11.4,S
2021-06-22T10:31:55,1000.0,11.45,B
2021-06-22T10:30:24,900.0,11.45,B
2021-06-22T10:29:50,200.0,11.45,B
2021-06-22T10:29:49,100.0,11.45,B
2021-06-22T10:27:35,1500.0,11.45,B
2021-06-22T10:27:02,2000.0,11.45,B
2021-06-22T10:26:10,500.0,11.45,S
2021-06-22T10:26:09,100.0,11.45,S
2021-06-22T10:23:45,2000.0,11.45,S
2021-06-22T10:23:31,2000.0,11.45,S
2021-06-22T10:23:03,100.0,11.45,S
2021-06-22T10:21:04,400.0,11.45,S
2021-06-22T10:18:09,200.0,11.5,B
2021-06-22T10:17:24,100.0,11.45,S
2021-06-22T10:17:10,1800.0,11.45,S
2021-06-22T10:17:01,2500.0,11.45,S
2021-06-22T10:16:31,9900.0,11.45,S
2021-06-22T10:14:17,1600.0,11.5,S
2021-06-22T10:14:17,7700.0,11.5,S
2021-06-22T10:14:17,21500.0,11.5,S
2021-06-22T10:14:17,600.0,11.5,S
2021-06-22T10:14:10,1000.0,11.5,S
2021-06-22T10:13:59,10000.0,11.5,S
2021-06-22T10:13:55,10000.0,11.5,S
2021-06-22T10:13:41,6000.0,11.5,S
2021-06-22T10:13:36,1500.0,11.5,S
2021-06-22T10:11:43,300.0,11.5,S
2021-06-22T10:11:10,200.0,11.55,S
2021-06-22T10:11:04,11800.0,11.55,S
2021-06-22T10:10:59,5000.0,11.55,S
2021-06-22T10:10:43,200.0,11.6,B
2021-06-22T10:10:34,18000.0,11.55,S
2021-06-22T10:10:01,16700.0,11.6,S
2021-06-22T10:09:47,20000.0,11.6,S
2021-06-22T10:09:31,100.0,11.6,S
2021-06-22T10:08:27,100.0,11.6,S
2021-06-22T10:07:32,1300.0,11.65,B
2021-06-22T10:07:23,9200.0,11.65,B
2021-06-22T10:06:45,100.0,11.6,S
2021-06-22T10:06:29,1000.0,11.6,S
2021-06-22T10:06:04,1000.0,11.6,B
2021-06-22T10:05:53,2000.0,11.6,B
2021-06-22T10:05:49,2300.0,11.6,B
2021-06-22T10:05:39,2500.0,11.55,S
2021-06-22T10:05:37,100.0,11.55,S
2021-06-22T10:05:19,300.0,11.6,B
2021-06-22T10:05:10,1000.0,11.6,B
2021-06-22T10:04:57,9000.0,11.6,B
2021-06-22T10:04:47,3000.0,11.6,S
2021-06-22T10:04:42,3000.0,11.6,S
2021-06-22T10:04:37,3000.0,11.6,S
2021-06-22T10:04:28,300.0,11.6,S
2021-06-22T10:04:24,3200.0,11.6,S
2021-06-22T10:04:23,2500.0,11.6,S
2021-06-22T10:04:23,25400.0,11.6,S
2021-06-22T10:04:03,1300.0,11.6,S
2021-06-22T10:03:33,3700.0,11.65,B
2021-06-22T10:03:33,500.0,11.65,B
2021-06-22T10:03:27,1000.0,11.65,B
2021-06-22T10:03:10,1000.0,11.65,B
2021-06-22T10:02:43,300.0,11.6,S
2021-06-22T10:02:30,3000.0,11.6,S
2021-06-22T10:02:29,10000.0,11.65,B
2021-06-22T10:02:08,20000.0,11.65,B
2021-06-22T10:01:42,500.0,11.6,S
2021-06-22T10:01:17,21500.0,11.6,B
2021-06-22T10:00:59,13600.0,11.55,B
2021-06-22T10:00:57,500.0,11.55,B
2021-06-22T10:00:21,1000.0,11.5,S
2021-06-22T09:59:05,3000.0,11.55,B
2021-06-22T09:59:02,1000.0,11.55,B
2021-06-22T09:58:42,12100.0,11.55,S
2021-06-22T09:57:58,7900.0,11.55,B
2021-06-22T09:57:53,500.0,11.5,S
2021-06-22T09:57:38,1800.0,11.55,B
2021-06-22T09:57:38,2000.0,11.55,B
2021-06-22T09:57:36,3000.0,11.55,B
2021-06-22T09:57:11,400.0,11.55,S
2021-06-22T09:56:21,1000.0,11.55,B
2021-06-22T09:56:13,2000.0,11.55,B
2021-06-22T09:55:55,2000.0,11.55,B
2021-06-22T09:55:38,300.0,11.55,B
2021-06-22T09:55:37,7000.0,11.55,B
2021-06-22T09:55:06,100.0,11.55,B
2021-06-22T09:54:57,100.0,11.55,B
2021-06-22T09:54:49,3000.0,11.55,B
2021-06-22T09:54:42,500.0,11.55,B
2021-06-22T09:54:39,200.0,11.5,S
2021-06-22T09:54:02,2600.0,11.6,B
2021-06-22T09:54:02,10000.0,11.6,B
2021-06-22T09:53:33,100.0,11.5,S
2021-06-22T09:53:01,100.0,11.5,B
2021-06-22T09:52:59,12800.0,11.65,B
2021-06-22T09:52:59,4100.0,11.65,B
2021-06-22T09:52:59,1200.0,11.65,B
2021-06-22T09:52:59,31900.0,11.6,B
2021-06-22T09:52:43,12700.0,11.6,B
2021-06-22T09:52:43,200.0,11.6,B
2021-06-22T09:52:42,1500.0,11.6,B
2021-06-22T09:52:42,1200.0,11.6,B
2021-06-22T09:52:42,39100.0,11.55,B
2021-06-22T09:52:42,45300.0,11.5,B
2021-06-22T09:52:28,100.0,11.4,S
2021-06-22T09:52:03,100.0,11.5,B
2021-06-22T09:51:45,3500.0,11.5,B
2021-06-22T09:51:44,11500.0,11.5,B
2021-06-22T09:51:28,1000.0,11.4,S
2021-06-22T09:51:25,20000.0,11.45,B
2021-06-22T09:51:08,23700.0,11.4,B
2021-06-22T09:50:54,1000.0,11.35,S
2021-06-22T09:50:10,3600.0,11.35,B
2021-06-22T09:49:27,1000.0,11.35,B
2021-06-22T09:49:21,500.0,11.35,B
2021-06-22T09:48:38,10000.0,11.35,B
2021-06-22T09:48:18,8400.0,11.35,S
2021-06-22T09:47:58,1000.0,11.4,B
2021-06-22T09:47:52,2500.0,11.4,S
2021-06-22T09:47:52,1000.0,11.4,S
2021-06-22T09:47:52,5000.0,11.4,S
2021-06-22T09:47:51,1000.0,11.4,S
2021-06-22T09:47:46,7100.0,11.4,S
2021-06-22T09:47:26,4900.0,11.4,S
2021-06-22T09:47:26,9500.0,11.4,S
2021-06-22T09:47:26,5600.0,11.4,S
2021-06-22T09:47:04,500.0,11.4,S
2021-06-22T09:47:02,1000.0,11.4,B
2021-06-22T09:46:42,500.0,11.4,B
2021-06-22T09:46:42,500.0,11.4,B
2021-06-22T09:46:38,3000.0,11.4,B
2021-06-22T09:46:38,6500.0,11.4,B
2021-06-22T09:46:07,5000.0,11.4,B
2021-06-22T09:46:06,3500.0,11.35,B
2021-06-22T09:46:01,9000.0,11.35,B
2021-06-22T09:45:54,100.0,11.35,B
2021-06-22T09:45:46,500.0,11.35,B
2021-06-22T09:45:45,1000.0,11.35,B
2021-06-22T09:45:29,900.0,11.35,B
2021-06-22T09:44:58,50000.0,11.4,B
2021-06-22T09:44:54,5000.0,11.35,B
2021-06-22T09:44:53,9600.0,11.3,B
2021-06-22T09:44:38,2000.0,11.3,B
2021-06-22T09:44:21,50000.0,11.3,B
2021-06-22T09:44:10,500.0,11.25,B
2021-06-22T09:44:09,2000.0,11.25,B
2021-06-22T09:44:07,500.0,11.25,B
2021-06-22T09:43:38,1000.0,11.25,B
2021-06-22T09:43:23,2000.0,11.25,B
2021-06-22T09:43:09,600.0,11.2,B
2021-06-22T09:42:36,3000.0,11.2,B
2021-06-22T09:41:59,1000.0,11.2,B
2021-06-22T09:41:55,700.0,11.2,B
2021-06-22T09:41:35,1700.0,11.2,B
2021-06-22T09:41:06,2900.0,11.2,S
2021-06-22T09:40:40,500.0,11.2,S
2021-06-22T09:39:55,2000.0,11.2,B
2021-06-22T09:39:53,8000.0,11.2,B
2021-06-22T09:39:37,400.0,11.2,S
2021-06-22T09:39:05,4600.0,11.2,S
2021-06-22T09:37:59,5000.0,11.25,B
2021-06-22T09:37:53,400.0,11.2,B
2021-06-22T09:37:53,3000.0,11.2,B
2021-06-22T09:37:53,200.0,11.2,B
2021-06-22T09:37:51,31800.0,11.2,B
2021-06-22T09:37:47,12900.0,11.15,B
2021-06-22T09:37:46,300.0,11.1,S
2021-06-22T09:37:04,1200.0,11.15,B
2021-06-22T09:36:49,5000.0,11.15,B
2021-06-22T09:36:11,3000.0,11.1,S
2021-06-22T09:35:35,5000.0,11.1,B
2021-06-22T09:35:02,5000.0,11.1,B
2021-06-22T09:34:54,500.0,11.1,B
2021-06-22T09:33:52,6100.0,11.1,B
2021-06-22T09:33:48,1000.0,11.1,B
2021-06-22T09:33:22,10000.0,11.1,S
2021-06-22T09:32:17,15400.0,11.1,S
2021-06-22T09:31:37,2500.0,11.1,S
2021-06-22T09:30:13,4100.0,11.1,S
2021-06-22T09:30:05,2100.0,11.1,S
2021-06-22T09:29:57,16800.0,11.1,S
2021-06-22T09:29:57,100.0,11.15,B
2021-06-22T09:29:15,5900.0,11.1,B
2021-06-22T09:28:52,3000.0,11.1,B
2021-06-22T09:28:50,5000.0,11.1,B
2021-06-22T09:28:14,10400.0,11.1,S
2021-06-22T09:28:14,1200.0,11.1,S
2021-06-22T09:28:12,400.0,11.1,S
2021-06-22T09:27:59,20000.0,11.1,S
2021-06-22T09:27:53,5000.0,11.15,B
2021-06-22T09:27:43,2900.0,11.1,S
2021-06-22T09:25:48,2000.0,11.15,S
2021-06-22T09:25:21,1000.0,11.15,S
2021-06-22T09:25:13,5200.0,11.15,S
2021-06-22T09:24:51,2700.0,11.15,B
2021-06-22T09:24:32,2000.0,11.15,B
2021-06-22T09:24:27,100.0,11.15,B
2021-06-22T09:24:13,1000.0,11.15,B
2021-06-22T09:23:52,5000.0,11.15,B
2021-06-22T09:23:02,400.0,11.15,B
2021-06-22T09:22:33,900.0,11.15,B
2021-06-22T09:22:20,10100.0,11.15,B
2021-06-22T09:22:12,2000.0,11.15,B
2021-06-22T09:21:56,3500.0,11.15,S
2021-06-22T09:21:49,10000.0,11.15,S
2021-06-22T09:21:43,6000.0,11.15,S
2021-06-22T09:21:36,100.0,11.15,S
2021-06-22T09:21:31,2000.0,11.2,B
2021-06-22T09:21:28,2500.0,11.2,B
2021-06-22T09:21:05,6700.0,11.15,B
2021-06-22T09:20:59,1300.0,11.15,B
2021-06-22T09:20:51,10000.0,11.15,B
2021-06-22T09:20:46,100.0,11.15,B
2021-06-22T09:20:18,5000.0,11.15,B
2021-06-22T09:19:41,3000.0,11.15,B
2021-06-22T09:19:21,5500.0,11.1,B
2021-06-22T09:19:13,10000.0,11.1,B
2021-06-22T09:18:53,5000.0,11.1,B
2021-06-22T09:18:50,500.0,11.1,B
2021-06-22T09:18:44,20000.0,11.1,B
2021-06-22T09:18:38,300.0,11.1,B
2021-06-22T09:18:03,500.0,11.1,B
2021-06-22T09:17:16,6200.0,11.05,B
2021-06-22T09:17:00,7000.0,11.05,B
2021-06-22T09:16:57,5000.0,11.05,B
2021-06-22T09:16:22,14600.0,11.0,B
2021-06-22T09:16:06,10000.0,11.0,B
2021-06-22T09:15:38,1100.0,10.95,S
