tradingTime,volume,price,side
2021-06-22T14:29:10,5000.0,14.0,B
2021-06-22T14:28:50,10000.0,14.0,B
2021-06-22T14:28:50,3400.0,14.0,B
2021-06-22T14:26:09,6500.0,13.9,S
2021-06-22T14:24:10,3000.0,13.9,S
2021-06-22T14:24:02,300.0,13.9,S
2021-06-22T14:23:16,700.0,13.9,S
2021-06-22T14:23:15,2000.0,13.9,S
2021-06-22T14:23:09,3000.0,13.9,S
2021-06-22T14:22:04,200.0,13.9,S
2021-06-22T14:21:59,10000.0,14.0,B
2021-06-22T14:21:55,25000.0,13.9,S
2021-06-22T14:21:44,3400.0,13.9,S
2021-06-22T14:20:52,3000.0,13.9,S
2021-06-22T14:20:11,100.0,14.0,B
2021-06-22T14:20:08,1600.0,14.0,B
2021-06-22T14:19:49,24900.0,14.0,S
2021-06-22T14:19:11,16000.0,14.1,B
2021-06-22T14:19:07,1000.0,14.0,S
2021-06-22T14:19:02,30000.0,14.0,S
2021-06-22T14:18:48,1800.0,14.1,B
2021-06-22T14:18:14,1900.0,14.1,B
2021-06-22T14:18:06,600.0,14.1,B
2021-06-22T14:17:31,300.0,14.1,B
2021-06-22T14:17:05,300.0,14.1,B
2021-06-22T14:13:29,600.0,14.1,B
2021-06-22T14:12:27,1100.0,14.1,B
2021-06-22T14:11:03,4300.0,14.1,B
2021-06-22T14:10:46,100.0,14.1,S
2021-06-22T14:10:43,2000.0,14.1,S
2021-06-22T14:09:41,1000.0,14.1,S
2021-06-22T14:08:15,1500.0,14.1,S
2021-06-22T14:06:59,1000.0,14.1,S
2021-06-22T14:06:14,100.0,14.1,S
2021-06-22T14:06:04,1000.0,14.1,S
2021-06-22T14:04:35,600.0,14.1,S
2021-06-22T14:04:12,100.0,14.2,B
2021-06-22T14:02:35,3000.0,14.1,S
2021-06-22T14:01:23,1000.0,14.1,S
2021-06-22T14:01:19,1300.0,14.1,S
2021-06-22T14:01:18,200.0,14.1,S
2021-06-22T13:59:03,100.0,14.1,S
2021-06-22T13:57:14,200.0,14.1,S
2021-06-22T13:56:40,1000.0,14.1,S
2021-06-22T13:55:49,5000.0,14.1,S
2021-06-22T13:53:52,300.0,14.1,S
2021-06-22T13:53:40,1000.0,14.1,S
2021-06-22T13:53:39,4000.0,14.1,B
2021-06-22T13:51:58,200.0,14.1,S
2021-06-22T13:50:41,300.0,14.1,B
2021-06-22T13:50:04,3700.0,14.1,B
2021-06-22T13:49:39,1000.0,14.1,S
2021-06-22T13:48:56,200.0,14.1,S
2021-06-22T13:45:38,100.0,14.1,S
2021-06-22T13:45:30,12000.0,14.1,B
2021-06-22T13:45:17,15000.0,14.1,B
2021-06-22T13:42:43,15000.0,14.1,B
2021-06-22T13:40:33,1500.0,14.0,S
2021-06-22T13:37:18,1000.0,14.1,B
2021-06-22T13:36:02,100.0,14.1,B
2021-06-22T13:35:07,100.0,14.1,B
2021-06-22T13:34:19,900.0,14.0,S
2021-06-22T13:32:36,2000.0,14.1,B
2021-06-22T13:31:43,100.0,14.1,B
2021-06-22T13:30:57,5000.0,14.1,B
2021-06-22T13:30:07,1000.0,14.1,B
2021-06-22T13:29:25,2000.0,14.0,S
2021-06-22T13:27:24,500.0,14.0,S
2021-06-22T13:26:58,5000.0,14.1,B
2021-06-22T13:26:56,200.0,14.1,B
2021-06-22T13:26:43,35400.0,14.0,S
2021-06-22T13:26:19,800.0,14.1,B
2021-06-22T13:25:41,1000.0,14.0,S
2021-06-22T13:25:20,200.0,14.0,S
2021-06-22T13:24:18,500.0,14.1,S
2021-06-22T13:24:03,300.0,14.1,S
2021-06-22T13:23:59,500.0,14.1,S
2021-06-22T13:23:58,300.0,14.1,B
2021-06-22T13:23:55,9300.0,14.1,B
2021-06-22T13:23:44,15000.0,14.1,S
2021-06-22T13:23:39,3000.0,14.1,S
2021-06-22T13:23:39,10000.0,14.2,B
2021-06-22T13:23:17,4100.0,14.1,S
2021-06-22T13:23:06,100.0,14.1,S
2021-06-22T13:23:02,9000.0,14.1,S
2021-06-22T13:21:47,100.0,14.1,S
2021-06-22T13:21:45,400.0,14.1,S
2021-06-22T13:19:18,200.0,14.1,S
2021-06-22T13:18:08,1000.0,14.1,S
2021-06-22T13:16:26,500.0,14.1,S
2021-06-22T13:14:11,300.0,14.1,S
2021-06-22T13:11:10,100.0,14.1,S
2021-06-22T13:09:36,1200.0,14.1,S
2021-06-22T13:08:37,200.0,14.1,S
2021-06-22T13:07:14,200.0,14.1,S
2021-06-22T13:04:36,100.0,14.1,S
2021-06-22T13:03:41,100.0,14.1,S
2021-06-22T13:00:12,400.0,14.1,S
2021-06-22T13:00:07,1000.0,14.1,S
2021-06-22T13:00:03,700.0,14.1,S
2021-06-22T13:00:03,2000.0,14.2,B
2021-06-22T13:00:02,10000.0,14.1,S
2021-06-22T11:21:22,100.0,14.1,S
2021-06-22T11:20:10,1000.0,14.1,S
2021-06-22T11:19:54,1000.0,14.1,S
2021-06-22T11:19:54,5000.0,14.1,S
2021-06-22T11:19:26,5000.0,14.1,S
2021-06-22T11:19:21,5000.0,14.1,S
2021-06-22T11:19:00,100.0,14.1,S
2021-06-22T11:18:38,100.0,14.1,S
2021-06-22T11:18:15,6000.0,14.1,S
2021-06-22T11:17:29,500.0,14.2,B
2021-06-22T11:14:12,200.0,14.1,B
2021-06-22T11:13:47,500.0,14.1,B
2021-06-22T11:12:38,100.0,14.1,B
2021-06-22T11:12:17,38000.0,14.1,B
2021-06-22T11:12:00,500.0,14.1,B
2021-06-22T11:11:36,1000.0,14.1,B
2021-06-22T11:10:44,2000.0,14.0,S
2021-06-22T11:09:49,100.0,14.0,S
2021-06-22T11:09:15,100.0,14.0,S
2021-06-22T11:08:25,200.0,14.0,S
2021-06-22T11:08:02,400.0,14.0,S
2021-06-22T11:06:57,200.0,14.0,S
2021-06-22T11:05:20,2600.0,14.0,S
2021-06-22T11:04:59,1000.0,14.1,B
2021-06-22T11:04:56,100.0,14.0,S
2021-06-22T11:04:25,1000.0,14.1,B
2021-06-22T11:04:17,2000.0,14.1,B
2021-06-22T11:04:12,3000.0,14.1,B
2021-06-22T11:03:47,100.0,14.1,B
2021-06-22T11:03:15,1000.0,14.0,S
2021-06-22T11:02:51,500.0,14.0,S
2021-06-22T11:02:05,400.0,14.0,S
2021-06-22T11:00:06,10000.0,14.0,S
2021-06-22T10:58:54,1000.0,14.0,S
2021-06-22T10:58:36,4000.0,14.0,S
2021-06-22T10:58:35,300.0,14.0,S
2021-06-22T10:58:34,100.0,14.0,S
2021-06-22T10:57:34,40000.0,14.0,S
2021-06-22T10:57:10,8100.0,14.1,B
2021-06-22T10:56:38,2000.0,14.1,S
2021-06-22T10:56:37,10000.0,14.1,S
2021-06-22T10:55:30,800.0,14.1,S
2021-06-22T10:55:13,15000.0,14.1,S
2021-06-22T10:54:55,100.0,14.1,S
2021-06-22T10:54:29,500.0,14.1,S
2021-06-22T10:53:32,100.0,14.1,S
2021-06-22T10:52:50,400.0,14.1,S
2021-06-22T10:52:46,3000.0,14.1,S
2021-06-22T10:52:40,35000.0,14.1,S
2021-06-22T10:51:56,16700.0,14.1,S
2021-06-22T10:51:40,200.0,14.1,S
2021-06-22T10:50:41,100.0,14.1,S
2021-06-22T10:50:29,1000.0,14.1,S
2021-06-22T10:48:21,1500.0,14.1,S
2021-06-22T10:48:00,10000.0,14.1,S
2021-06-22T10:47:41,5000.0,14.1,S
2021-06-22T10:47:13,1900.0,14.2,S
2021-06-22T10:46:27,1000.0,14.2,S
2021-06-22T10:46:20,200.0,14.2,S
2021-06-22T10:46:02,2000.0,14.2,S
2021-06-22T10:45:11,1000.0,14.2,S
2021-06-22T10:44:57,400.0,14.2,S
2021-06-22T10:44:13,300.0,14.2,S
2021-06-22T10:43:11,3000.0,14.2,S
2021-06-22T10:42:55,2000.0,14.2,S
2021-06-22T10:42:07,1000.0,14.2,S
2021-06-22T10:41:36,100.0,14.3,B
2021-06-22T10:40:57,10000.0,14.2,S
2021-06-22T10:39:17,2000.0,14.3,B
2021-06-22T10:38:44,100.0,14.3,B
2021-06-22T10:38:27,100.0,14.3,B
2021-06-22T10:36:36,100.0,14.3,B
2021-06-22T10:36:32,2000.0,14.2,S
2021-06-22T10:35:24,300.0,14.2,S
2021-06-22T10:35:16,1000.0,14.3,B
2021-06-22T10:34:36,400.0,14.2,S
2021-06-22T10:34:17,200.0,14.2,S
2021-06-22T10:33:51,200.0,14.2,S
2021-06-22T10:33:14,200.0,14.2,S
2021-06-22T10:32:49,200.0,14.2,S
2021-06-22T10:31:50,400.0,14.2,S
2021-06-22T10:31:32,300.0,14.2,S
2021-06-22T10:31:17,100.0,14.2,S
2021-06-22T10:29:27,1100.0,14.2,S
2021-06-22T10:29:13,300.0,14.2,S
2021-06-22T10:27:13,100.0,14.2,S
2021-06-22T10:26:52,200.0,14.2,S
2021-06-22T10:26:47,1100.0,14.2,S
2021-06-22T10:26:40,4000.0,14.2,S
2021-06-22T10:26:34,10000.0,14.2,S
2021-06-22T10:24:57,200.0,14.2,S
2021-06-22T10:24:30,1000.0,14.2,S
2021-06-22T10:24:24,1000.0,14.3,B
2021-06-22T10:23:50,2000.0,14.3,B
2021-06-22T10:23:14,2000.0,14.2,S
2021-06-22T10:22:35,1000.0,14.2,S
2021-06-22T10:22:34,700.0,14.2,S
2021-06-22T10:19:50,1000.0,14.2,S
2021-06-22T10:18:51,800.0,14.3,B
2021-06-22T10:18:24,100.0,14.3,B
2021-06-22T10:17:49,3000.0,14.3,B
2021-06-22T10:17:26,20000.0,14.2,S
2021-06-22T10:14:23,1000.0,14.3,B
2021-06-22T10:13:25,500.0,14.3,B
2021-06-22T10:11:55,300.0,14.3,B
2021-06-22T10:11:02,2000.0,14.3,B
2021-06-22T10:10:55,12000.0,14.2,S
2021-06-22T10:10:39,300.0,14.2,S
2021-06-22T10:10:38,2000.0,14.2,S
2021-06-22T10:10:00,1000.0,14.2,S
2021-06-22T10:08:53,9500.0,14.2,S
2021-06-22T10:08:09,500.0,14.3,B
2021-06-22T10:07:37,500.0,14.3,B
2021-06-22T10:07:11,200.0,14.2,S
2021-06-22T10:05:57,100.0,14.3,B
2021-06-22T10:05:54,7700.0,14.2,S
2021-06-22T10:05:33,100.0,14.3,B
2021-06-22T10:05:14,300.0,14.3,B
2021-06-22T10:04:35,300.0,14.3,B
2021-06-22T10:03:08,300.0,14.3,B
2021-06-22T10:03:04,2700.0,14.2,S
2021-06-22T10:02:46,1000.0,14.3,S
2021-06-22T10:02:29,100.0,14.2,S
2021-06-22T10:01:49,500.0,14.2,S
2021-06-22T10:01:46,3800.0,14.3,B
2021-06-22T10:01:15,1000.0,14.2,S
2021-06-22T10:00:44,2600.0,14.2,S
2021-06-22T09:59:57,7000.0,14.2,S
2021-06-22T09:57:43,300.0,14.3,B
2021-06-22T09:55:40,100.0,14.3,S
2021-06-22T09:54:20,5000.0,14.4,B
2021-06-22T09:53:01,10000.0,14.4,B
2021-06-22T09:52:59,1000.0,14.3,S
2021-06-22T09:52:28,200.0,14.4,B
2021-06-22T09:51:58,300.0,14.3,S
2021-06-22T09:51:13,4800.0,14.3,S
2021-06-22T09:50:53,500.0,14.3,B
2021-06-22T09:50:49,4700.0,14.3,B
2021-06-22T09:50:48,2000.0,14.3,B
2021-06-22T09:50:46,500.0,14.2,S
2021-06-22T09:47:16,100.0,14.3,B
2021-06-22T09:47:04,6900.0,14.3,B
2021-06-22T09:46:26,100.0,14.3,S
2021-06-22T09:45:48,4400.0,14.3,S
2021-06-22T09:45:40,600.0,14.3,B
2021-06-22T09:45:33,500.0,14.3,S
2021-06-22T09:45:29,2000.0,14.3,S
2021-06-22T09:44:03,300.0,14.3,S
2021-06-22T09:43:07,100.0,14.3,B
2021-06-22T09:42:11,1400.0,14.4,B
2021-06-22T09:42:10,5000.0,14.3,B
2021-06-22T09:41:52,200.0,14.3,B
2021-06-22T09:41:48,3000.0,14.2,S
2021-06-22T09:41:37,100.0,14.3,B
2021-06-22T09:40:45,300.0,14.3,B
2021-06-22T09:40:23,1000.0,14.3,S
2021-06-22T09:39:11,1000.0,14.3,S
2021-06-22T09:39:09,200.0,14.3,S
2021-06-22T09:39:05,100.0,14.3,S
2021-06-22T09:38:57,200.0,14.3,S
2021-06-22T09:38:32,1700.0,14.3,S
2021-06-22T09:36:48,2000.0,14.4,B
2021-06-22T09:35:12,2200.0,14.4,B
2021-06-22T09:33:37,1700.0,14.4,B
2021-06-22T09:32:20,4400.0,14.2,S
2021-06-22T09:31:54,1600.0,14.4,B
2021-06-22T09:31:54,300.0,14.2,S
2021-06-22T09:31:43,2700.0,14.3,B
2021-06-22T09:30:56,2000.0,14.2,S
2021-06-22T09:30:41,200.0,14.2,S
2021-06-22T09:30:40,300.0,14.3,B
2021-06-22T09:30:17,8700.0,14.2,B
2021-06-22T09:30:10,100.0,14.2,B
2021-06-22T09:29:50,400.0,14.2,B
2021-06-22T09:29:42,200.0,14.1,S
2021-06-22T09:29:28,300.0,14.1,S
2021-06-22T09:29:25,500.0,14.1,B
2021-06-22T09:29:21,500.0,14.0,S
2021-06-22T09:29:11,1800.0,14.0,B
2021-06-22T09:29:06,10000.0,14.0,B
2021-06-22T09:29:02,2000.0,14.0,B
2021-06-22T09:28:59,200.0,13.9,S
2021-06-22T09:28:09,500.0,13.9,S
2021-06-22T09:27:30,1000.0,13.9,S
2021-06-22T09:27:10,900.0,13.9,S
2021-06-22T09:27:01,300.0,13.9,B
2021-06-22T09:26:50,5800.0,13.9,B
2021-06-22T09:26:48,3000.0,13.9,B
2021-06-22T09:26:43,300.0,13.9,B
2021-06-22T09:26:34,700.0,13.9,B
2021-06-22T09:26:26,800.0,13.9,B
2021-06-22T09:26:25,3000.0,13.9,B
2021-06-22T09:26:22,100.0,13.8,S
2021-06-22T09:26:21,600.0,13.9,B
2021-06-22T09:26:05,300.0,13.8,S
2021-06-22T09:25:40,5200.0,13.8,B
2021-06-22T09:25:37,500.0,13.7,S
2021-06-22T09:25:15,500.0,13.7,S
2021-06-22T09:25:07,500.0,13.7,S
2021-06-22T09:25:03,3000.0,13.8,B
2021-06-22T09:24:54,100.0,13.8,B
2021-06-22T09:24:49,1000.0,13.8,B
2021-06-22T09:24:43,7500.0,13.7,S
2021-06-22T09:24:37,700.0,13.7,S
2021-06-22T09:24:34,1500.0,13.8,B
2021-06-22T09:24:07,3700.0,13.8,S
2021-06-22T09:24:06,600.0,13.8,S
2021-06-22T09:23:43,2000.0,13.8,S
2021-06-22T09:23:37,1000.0,13.8,S
2021-06-22T09:23:35,3000.0,13.8,S
2021-06-22T09:23:31,100.0,13.8,S
2021-06-22T09:23:30,500.0,13.9,B
2021-06-22T09:23:27,100.0,13.8,S
2021-06-22T09:23:25,1000.0,13.9,B
2021-06-22T09:23:20,100.0,13.8,S
2021-06-22T09:23:17,1000.0,13.8,S
2021-06-22T09:23:15,7000.0,13.9,B
2021-06-22T09:23:14,500.0,13.9,B
2021-06-22T09:23:11,400.0,13.9,B
2021-06-22T09:23:06,1700.0,13.8,S
2021-06-22T09:23:05,20000.0,13.8,S
2021-06-22T09:22:46,100.0,13.9,B
2021-06-22T09:22:42,2000.0,13.9,B
2021-06-22T09:22:33,100.0,13.9,B
2021-06-22T09:22:28,300.0,13.9,S
2021-06-22T09:22:14,100.0,13.9,B
2021-06-22T09:22:14,2600.0,13.9,B
2021-06-22T09:22:03,200.0,13.9,B
2021-06-22T09:22:01,1000.0,13.9,B
2021-06-22T09:21:53,100.0,13.9,B
2021-06-22T09:21:51,16100.0,13.9,S
2021-06-22T09:21:30,1000.0,14.0,B
2021-06-22T09:21:12,1000.0,13.9,S
2021-06-22T09:20:54,1000.0,13.9,S
2021-06-22T09:20:46,2000.0,14.0,B
2021-06-22T09:20:31,1300.0,13.9,S
2021-06-22T09:20:11,1000.0,13.9,S
2021-06-22T09:19:58,100.0,14.0,B
2021-06-22T09:19:40,300.0,13.9,S
2021-06-22T09:19:38,100.0,14.0,B
2021-06-22T09:19:20,300.0,14.0,B
2021-06-22T09:19:14,200.0,14.0,B
2021-06-22T09:19:11,3000.0,14.0,B
2021-06-22T09:19:09,200.0,13.9,S
2021-06-22T09:19:05,1000.0,14.0,B
2021-06-22T09:19:02,200.0,14.0,B
2021-06-22T09:19:00,300.0,14.0,B
2021-06-22T09:18:53,300.0,14.0,B
2021-06-22T09:18:52,100.0,14.0,B
2021-06-22T09:18:41,5500.0,14.0,B
2021-06-22T09:18:33,2000.0,14.0,B
2021-06-22T09:18:31,200.0,14.0,B
2021-06-22T09:18:23,2000.0,14.0,B
2021-06-22T09:17:52,5600.0,14.0,S
2021-06-22T09:17:50,2000.0,14.0,S
2021-06-22T09:17:48,200.0,14.0,S
2021-06-22T09:17:31,3000.0,14.0,S
2021-06-22T09:17:20,200.0,14.0,S
2021-06-22T09:17:07,100.0,14.0,S
2021-06-22T09:16:52,1000.0,14.1,B
2021-06-22T09:16:45,1000.0,14.1,B
2021-06-22T09:16:35,2000.0,14.1,B
2021-06-22T09:16:19,200.0,14.0,S
2021-06-22T09:16:15,400.0,14.0,B
2021-06-22T09:16:12,1000.0,14.0,B
2021-06-22T09:16:10,2000.0,14.0,B
2021-06-22T09:16:09,100.0,14.0,B
2021-06-22T09:16:06,100.0,14.0,B
2021-06-22T09:16:05,1000.0,13.9,S
2021-06-22T09:16:01,1000.0,14.0,B
2021-06-22T09:15:45,3000.0,14.0,B
2021-06-22T09:15:31,100.0,14.0,B
2021-06-22T09:15:26,1000.0,14.0,B
2021-06-22T09:15:23,1000.0,14.0,B
2021-06-22T09:15:21,3000.0,13.9,S
2021-06-22T09:15:16,200.0,14.0,B
2021-06-22T09:15:00,5000.0,14.0,B
2021-06-22T09:14:57,1000.0,13.9,B
2021-06-22T09:14:55,200.0,13.9,B
2021-06-22T09:14:54,100.0,13.9,B
2021-06-22T09:14:51,3700.0,13.9,S
2021-06-22T09:14:46,100.0,14.0,B
2021-06-22T09:14:40,500.0,13.9,S
2021-06-22T09:14:37,500.0,14.0,B
2021-06-22T09:14:31,1500.0,13.9,S
2021-06-22T09:14:27,100.0,13.9,S
2021-06-22T09:14:23,100.0,14.0,B
2021-06-22T09:14:20,1000.0,14.0,B
2021-06-22T09:14:20,1000.0,13.9,S
2021-06-22T09:14:02,5000.0,14.0,B
2021-06-22T09:14:00,100.0,14.0,S
2021-06-22T09:13:58,5000.0,14.0,S
2021-06-22T09:13:57,800.0,14.0,S
2021-06-22T09:13:53,30000.0,14.0,S
2021-06-22T09:13:49,2500.0,14.0,S
2021-06-22T09:13:46,500.0,14.0,S
2021-06-22T09:13:45,2000.0,14.0,S
2021-06-22T09:13:41,500.0,14.0,S
2021-06-22T09:13:32,1900.0,14.0,S
2021-06-22T09:13:32,100.0,14.0,S
2021-06-22T09:13:31,100.0,14.0,S
2021-06-22T09:13:20,5000.0,14.0,S
2021-06-22T09:13:15,5000.0,14.0,S
2021-06-22T09:13:01,3000.0,14.0,S
2021-06-22T09:12:56,100.0,14.1,S
2021-06-22T09:12:43,500.0,14.1,S
2021-06-22T09:12:31,1000.0,14.1,S
2021-06-22T09:12:21,100.0,14.2,B
2021-06-22T09:12:17,200.0,14.2,B
2021-06-22T09:12:04,2500.0,14.2,B
2021-06-22T09:11:57,2000.0,14.2,S
2021-06-22T09:11:46,200.0,14.2,S
2021-06-22T09:11:41,100.0,14.2,S
2021-06-22T09:11:37,100.0,14.2,S
2021-06-22T09:11:21,200.0,14.2,S
2021-06-22T09:11:02,1000.0,14.2,S
2021-06-22T09:11:01,100.0,14.3,S
2021-06-22T09:10:52,3000.0,14.3,S
2021-06-22T09:10:33,500.0,14.3,S
2021-06-22T09:10:12,1200.0,14.4,B
2021-06-22T09:10:10,100.0,14.4,S
2021-06-22T09:10:04,3000.0,14.4,S
2021-06-22T09:10:01,3100.0,14.4,S
2021-06-22T09:09:29,3000.0,14.4,S
2021-06-22T09:09:16,900.0,14.4,S
2021-06-22T09:09:10,5000.0,14.5,B
2021-06-22T09:08:35,600.0,14.5,B
2021-06-22T09:08:03,500.0,14.5,B
2021-06-22T09:08:02,1000.0,14.5,B
2021-06-22T09:08:01,100.0,14.5,B
2021-06-22T09:07:59,2900.0,14.5,B
2021-06-22T09:07:42,3000.0,14.5,S
2021-06-22T09:07:37,300.0,14.5,S
2021-06-22T09:07:31,1000.0,14.6,B
2021-06-22T09:07:06,1700.0,14.5,B
2021-06-22T09:06:59,100.0,14.5,B
2021-06-22T09:06:58,1000.0,14.5,B
2021-06-22T09:06:43,3200.0,14.5,S
2021-06-22T09:06:27,1800.0,14.5,B
2021-06-22T09:06:22,500.0,14.4,S
2021-06-22T09:06:19,200.0,14.5,B
2021-06-22T09:06:08,2700.0,14.5,S
2021-06-22T09:05:22,1000.0,14.5,S
2021-06-22T09:04:55,2900.0,14.5,S
2021-06-22T09:04:54,200.0,14.5,S
2021-06-22T09:03:33,200.0,14.5,B
2021-06-22T09:03:32,1000.0,14.5,B
2021-06-22T09:03:20,1000.0,14.5,B
2021-06-22T09:03:12,100.0,14.5,B
2021-06-22T09:03:10,200.0,14.4,S
2021-06-22T09:03:07,200.0,14.5,B
2021-06-22T09:02:30,100.0,14.5,B
2021-06-22T09:01:01,1300.0,14.4,S
2021-06-22T09:00:48,500.0,14.4,S
2021-06-22T09:00:42,300.0,14.4,B
2021-06-22T09:00:34,200.0,14.4,B
2021-06-22T09:00:30,300.0,14.2,S
2021-06-22T09:00:30,600.0,14.4,B
2021-06-22T09:00:28,300.0,14.4,B
2021-06-22T09:00:22,200.0,14.4,B
2021-06-22T09:00:20,400.0,14.4,B
2021-06-22T09:00:14,3500.0,14.4,B
2021-06-22T09:00:10,1100.0,14.4,B
2021-06-22T09:00:06,100.0,14.4,B
2021-06-22T09:00:06,1300.0,14.4,B
2021-06-22T09:00:06,300.0,14.3,S
