tradingTime,volume,price,side
2021-06-22T14:28:53,200.0,16.6,S
2021-06-22T14:28:53,2100.0,16.6,S
2021-06-22T14:28:53,1300.0,16.6,S
2021-06-22T14:28:53,1300.0,16.6,S
2021-06-22T14:28:53,2300.0,16.6,S
2021-06-22T14:28:53,200.0,16.6,S
2021-06-22T14:28:52,5200.0,16.6,S
2021-06-22T14:26:35,900.0,16.65,S
2021-06-22T14:26:34,500.0,16.7,B
2021-06-22T14:23:49,300.0,16.7,B
2021-06-22T14:19:18,1000.0,16.7,B
2021-06-22T14:18:06,200.0,16.7,B
2021-06-22T14:16:01,900.0,16.7,B
2021-06-22T14:15:09,500.0,16.7,B
2021-06-22T14:14:12,1000.0,16.7,B
2021-06-22T14:12:41,100.0,16.65,S
2021-06-22T14:11:48,1500.0,16.6,S
2021-06-22T14:11:42,300.0,16.65,B
2021-06-22T14:11:03,2000.0,16.6,S
2021-06-22T14:06:00,1000.0,16.6,S
2021-06-22T14:04:30,2000.0,16.7,B
2021-06-22T14:04:05,500.0,16.6,S
2021-06-22T14:02:59,2000.0,16.6,S
2021-06-22T14:02:56,1000.0,16.6,S
2021-06-22T14:01:48,200.0,16.65,B
2021-06-22T14:00:00,1000.0,16.65,B
2021-06-22T13:56:38,200.0,16.6,S
2021-06-22T13:56:04,100.0,16.6,S
2021-06-22T13:54:45,200.0,16.6,S
2021-06-22T13:52:38,200.0,16.65,B
2021-06-22T13:51:24,800.0,16.65,B
2021-06-22T13:48:51,200.0,16.6,S
2021-06-22T13:48:26,700.0,16.6,S
2021-06-22T13:48:26,300.0,16.6,S
2021-06-22T13:48:19,300.0,16.6,S
2021-06-22T13:42:32,700.0,16.65,B
2021-06-22T13:41:30,2400.0,16.65,B
2021-06-22T13:40:41,100.0,16.65,B
2021-06-22T13:39:46,200.0,16.65,B
2021-06-22T13:39:40,100.0,16.6,S
2021-06-22T13:37:13,1000.0,16.65,S
2021-06-22T13:36:40,6100.0,16.65,S
2021-06-22T13:35:07,500.0,16.65,S
2021-06-22T13:34:15,500.0,16.7,B
2021-06-22T13:33:28,500.0,16.7,B
2021-06-22T13:33:08,200.0,16.65,S
2021-06-22T13:32:59,1000.0,16.7,B
2021-06-22T13:30:45,10000.0,16.7,B
2021-06-22T13:28:14,200.0,16.7,B
2021-06-22T13:26:24,1000.0,16.7,B
2021-06-22T13:24:26,4300.0,16.7,B
2021-06-22T13:24:26,400.0,16.7,B
2021-06-22T13:24:26,300.0,16.7,B
2021-06-22T13:22:06,1700.0,16.65,S
2021-06-22T13:21:07,100.0,16.7,B
2021-06-22T13:20:12,500.0,16.65,S
2021-06-22T13:19:38,1000.0,16.65,S
2021-06-22T13:09:40,100.0,16.7,B
2021-06-22T13:09:22,10000.0,16.65,S
2021-06-22T13:04:17,800.0,16.7,B
2021-06-22T13:00:57,200.0,16.7,B
2021-06-22T11:26:10,600.0,16.65,S
2021-06-22T11:25:54,1000.0,16.65,S
2021-06-22T11:25:45,2100.0,16.65,B
2021-06-22T11:25:38,100.0,16.6,S
2021-06-22T11:22:32,1000.0,16.6,S
2021-06-22T11:20:58,400.0,16.65,S
2021-06-22T11:20:38,100.0,16.65,S
2021-06-22T11:19:32,100.0,16.65,B
2021-06-22T11:18:54,700.0,16.65,B
2021-06-22T11:18:27,100.0,16.65,B
2021-06-22T11:18:25,100.0,16.65,B
2021-06-22T11:17:17,1000.0,16.65,B
2021-06-22T11:17:12,200.0,16.65,B
2021-06-22T11:16:30,400.0,16.65,B
2021-06-22T11:16:29,100.0,16.65,B
2021-06-22T11:14:23,100.0,16.65,S
2021-06-22T11:14:10,100.0,16.65,S
2021-06-22T11:11:47,100.0,16.65,S
2021-06-22T11:08:52,1000.0,16.6,S
2021-06-22T11:08:52,200.0,16.65,S
2021-06-22T11:08:52,1900.0,16.65,S
2021-06-22T11:07:59,1100.0,16.65,S
2021-06-22T11:00:58,200.0,16.65,S
2021-06-22T10:57:53,300.0,16.65,S
2021-06-22T10:56:44,200.0,16.65,S
2021-06-22T10:55:56,3900.0,16.65,S
2021-06-22T10:55:24,100.0,16.7,B
2021-06-22T10:54:04,5000.0,16.65,S
2021-06-22T10:53:19,300.0,16.7,B
2021-06-22T10:52:14,100.0,16.65,S
2021-06-22T10:51:27,100.0,16.65,S
2021-06-22T10:49:37,700.0,16.65,S
2021-06-22T10:49:37,100.0,16.65,S
2021-06-22T10:49:37,8200.0,16.65,S
2021-06-22T10:47:25,100.0,16.7,B
2021-06-22T10:46:12,200.0,16.7,S
2021-06-22T10:46:12,5400.0,16.7,S
2021-06-22T10:44:39,2000.0,16.7,S
2021-06-22T10:44:24,200.0,16.75,B
2021-06-22T10:41:16,200.0,16.75,B
2021-06-22T10:40:06,100.0,16.75,B
2021-06-22T10:39:41,200.0,16.7,S
2021-06-22T10:38:17,1600.0,16.7,S
2021-06-22T10:35:38,100.0,16.75,B
2021-06-22T10:34:09,500.0,16.7,S
2021-06-22T10:32:20,100.0,16.7,S
2021-06-22T10:27:26,300.0,16.75,B
2021-06-22T10:23:20,100.0,16.75,B
2021-06-22T10:20:43,100.0,16.7,S
2021-06-22T10:20:26,300.0,16.7,S
2021-06-22T10:20:17,200.0,16.7,S
2021-06-22T10:20:16,100.0,16.7,S
2021-06-22T10:19:56,500.0,16.7,S
2021-06-22T10:15:36,500.0,16.7,S
2021-06-22T10:14:22,500.0,16.7,S
2021-06-22T10:13:58,1000.0,16.75,B
2021-06-22T10:11:47,200.0,16.7,S
2021-06-22T10:11:43,100.0,16.7,S
2021-06-22T10:11:34,100.0,16.7,S
2021-06-22T10:10:14,200.0,16.7,S
2021-06-22T10:09:07,100.0,16.7,S
2021-06-22T10:04:28,1700.0,16.75,S
2021-06-22T10:03:54,200.0,16.75,S
2021-06-22T10:01:54,1200.0,16.75,S
2021-06-22T09:59:51,200.0,16.75,S
2021-06-22T09:59:51,100.0,16.75,S
2021-06-22T09:55:56,100.0,16.8,B
2021-06-22T09:53:55,100.0,16.75,S
2021-06-22T09:53:55,200.0,16.75,S
2021-06-22T09:52:45,300.0,16.75,S
2021-06-22T09:52:18,500.0,16.75,B
2021-06-22T09:51:53,100.0,16.75,B
2021-06-22T09:51:18,100.0,16.75,B
2021-06-22T09:50:40,500.0,16.7,S
2021-06-22T09:50:17,1000.0,16.7,B
2021-06-22T09:48:28,2000.0,16.7,B
2021-06-22T09:48:04,2000.0,16.7,S
2021-06-22T09:47:24,8000.0,16.7,B
2021-06-22T09:46:45,1000.0,16.65,S
2021-06-22T09:41:44,200.0,16.6,S
2021-06-22T09:41:35,2000.0,16.65,S
2021-06-22T09:40:56,1000.0,16.65,B
2021-06-22T09:40:31,100.0,16.65,B
2021-06-22T09:40:21,1000.0,16.6,S
2021-06-22T09:40:04,200.0,16.65,B
2021-06-22T09:39:39,300.0,16.65,B
2021-06-22T09:39:19,400.0,16.65,B
2021-06-22T09:38:20,100.0,16.6,S
2021-06-22T09:37:04,3000.0,16.6,S
2021-06-22T09:35:42,200.0,16.6,S
2021-06-22T09:35:38,600.0,16.6,S
2021-06-22T09:35:19,300.0,16.6,S
2021-06-22T09:34:19,100.0,16.6,S
2021-06-22T09:34:07,100.0,16.65,B
2021-06-22T09:33:54,2000.0,16.6,S
2021-06-22T09:33:27,100.0,16.65,B
2021-06-22T09:31:56,100.0,16.65,B
2021-06-22T09:31:48,100.0,16.65,S
2021-06-22T09:31:48,200.0,16.65,S
2021-06-22T09:31:23,100.0,16.7,B
2021-06-22T09:31:10,100.0,16.7,B
2021-06-22T09:29:21,1000.0,16.75,S
2021-06-22T09:29:18,100.0,16.75,S
2021-06-22T09:29:05,100.0,16.75,S
2021-06-22T09:27:56,1000.0,16.75,S
2021-06-22T09:27:46,1100.0,16.8,B
2021-06-22T09:27:29,100.0,16.75,S
2021-06-22T09:27:27,2000.0,16.8,B
2021-06-22T09:26:09,1000.0,16.8,B
2021-06-22T09:23:17,100.0,16.8,B
2021-06-22T09:22:11,400.0,16.8,S
2021-06-22T09:21:47,1000.0,16.8,S
2021-06-22T09:21:38,500.0,16.8,S
2021-06-22T09:21:36,1000.0,16.8,S
2021-06-22T09:21:26,300.0,16.8,S
2021-06-22T09:19:55,200.0,16.8,S
2021-06-22T09:18:25,100.0,16.8,S
2021-06-22T09:17:23,2300.0,16.8,B
2021-06-22T09:17:13,100.0,16.8,B
2021-06-22T09:16:36,100.0,16.8,B
