tradingTime,volume,price,side
2021-06-22T14:30:02,100.0,23.95,B
2021-06-22T14:30:00,2000.0,23.9,S
2021-06-22T14:30:00,100.0,23.95,B
2021-06-22T14:29:51,3000.0,23.95,B
2021-06-22T14:29:49,12000.0,23.95,B
2021-06-22T14:29:49,11000.0,23.9,S
2021-06-22T14:29:45,100.0,23.9,S
2021-06-22T14:29:44,5000.0,23.9,S
2021-06-22T14:29:39,500.0,23.9,S
2021-06-22T14:29:33,2000.0,23.9,S
2021-06-22T14:29:32,2800.0,23.9,S
2021-06-22T14:29:13,200.0,23.9,B
2021-06-22T14:29:12,1000.0,23.9,B
2021-06-22T14:29:11,5000.0,23.9,B
2021-06-22T14:29:02,5000.0,23.9,B
2021-06-22T14:29:00,5000.0,23.9,B
2021-06-22T14:28:57,1000.0,23.9,B
2021-06-22T14:28:57,800.0,23.9,B
2021-06-22T14:28:57,2000.0,23.9,B
2021-06-22T14:28:57,7800.0,23.9,B
2021-06-22T14:28:57,4400.0,23.85,S
2021-06-22T14:28:53,13700.0,23.9,B
2021-06-22T14:28:53,2300.0,23.9,B
2021-06-22T14:28:53,44000.0,23.9,B
2021-06-22T14:28:50,3000.0,23.85,S
2021-06-22T14:28:50,30000.0,23.85,S
2021-06-22T14:28:26,2500.0,23.85,B
2021-06-22T14:28:19,75400.0,23.85,B
2021-06-22T14:27:43,3000.0,23.8,S
2021-06-22T14:27:33,3000.0,23.8,S
2021-06-22T14:27:31,400.0,23.8,S
2021-06-22T14:27:18,3000.0,23.8,S
2021-06-22T14:27:14,300.0,23.8,S
2021-06-22T14:27:04,1000.0,23.8,B
2021-06-22T14:26:54,100.0,23.8,B
2021-06-22T14:26:53,100.0,23.8,B
2021-06-22T14:26:53,3100.0,23.8,B
2021-06-22T14:26:46,10000.0,23.8,B
2021-06-22T14:26:39,800.0,23.8,B
2021-06-22T14:26:32,2000.0,23.8,B
2021-06-22T14:26:29,5500.0,23.8,B
2021-06-22T14:26:25,8100.0,23.8,B
2021-06-22T14:26:22,10000.0,23.8,B
2021-06-22T14:26:18,200.0,23.8,B
2021-06-22T14:26:15,1000.0,23.8,B
2021-06-22T14:26:10,500.0,23.8,B
2021-06-22T14:26:00,400.0,23.75,S
2021-06-22T14:26:00,1000.0,23.8,B
2021-06-22T14:25:53,20000.0,23.8,B
2021-06-22T14:25:32,500.0,23.8,B
2021-06-22T14:25:29,100.0,23.8,B
2021-06-22T14:25:29,1000.0,23.8,B
2021-06-22T14:25:27,400.0,23.8,B
2021-06-22T14:25:26,200.0,23.8,B
2021-06-22T14:25:17,10000.0,23.8,B
2021-06-22T14:25:16,5000.0,23.8,B
2021-06-22T14:25:10,500.0,23.8,S
2021-06-22T14:25:06,16400.0,23.8,S
2021-06-22T14:25:05,100.0,23.8,S
2021-06-22T14:25:02,21000.0,23.8,S
2021-06-22T14:24:53,5900.0,23.8,S
2021-06-22T14:24:49,1000.0,23.8,S
2021-06-22T14:24:41,16400.0,23.8,S
2021-06-22T14:24:39,10500.0,23.8,S
2021-06-22T14:24:39,1600.0,23.8,S
2021-06-22T14:24:39,4700.0,23.8,S
2021-06-22T14:24:25,500.0,23.8,S
2021-06-22T14:24:14,5700.0,23.8,S
2021-06-22T14:24:04,1000.0,23.8,S
2021-06-22T14:23:55,1900.0,23.8,S
2021-06-22T14:23:46,200.0,23.85,B
2021-06-22T14:23:37,3000.0,23.8,S
2021-06-22T14:23:27,1000.0,23.85,B
2021-06-22T14:23:25,24000.0,23.8,S
2021-06-22T14:23:25,5000.0,23.85,B
2021-06-22T14:22:59,1000.0,23.85,S
2021-06-22T14:22:59,2800.0,23.85,S
2021-06-22T14:22:42,5000.0,23.85,S
2021-06-22T14:22:32,1000.0,23.85,S
2021-06-22T14:22:30,1000.0,23.85,S
2021-06-22T14:22:27,5000.0,23.85,S
2021-06-22T14:22:10,3500.0,23.85,S
2021-06-22T14:22:05,4000.0,23.85,S
2021-06-22T14:22:04,2000.0,23.85,S
2021-06-22T14:21:51,2500.0,23.85,S
2021-06-22T14:21:08,800.0,23.8,S
2021-06-22T14:20:52,5000.0,23.8,S
2021-06-22T14:20:21,2500.0,23.8,B
2021-06-22T14:20:21,6200.0,23.8,B
2021-06-22T14:20:01,100.0,23.8,B
2021-06-22T14:20:00,400.0,23.8,B
2021-06-22T14:19:58,5000.0,23.8,B
2021-06-22T14:19:55,10000.0,23.75,S
2021-06-22T14:19:50,300.0,23.8,B
2021-06-22T14:19:46,2200.0,23.8,B
2021-06-22T14:19:45,100.0,23.8,B
2021-06-22T14:19:42,4000.0,23.8,B
2021-06-22T14:19:36,1000.0,23.8,B
2021-06-22T14:19:35,100.0,23.8,B
2021-06-22T14:19:35,1300.0,23.8,B
2021-06-22T14:19:35,4000.0,23.75,S
2021-06-22T14:19:34,200.0,23.8,B
2021-06-22T14:19:33,2000.0,23.8,B
2021-06-22T14:19:24,100.0,23.8,B
2021-06-22T14:19:19,200.0,23.8,B
2021-06-22T14:19:16,2000.0,23.8,B
2021-06-22T14:19:15,100.0,23.8,B
2021-06-22T14:19:15,300.0,23.8,B
2021-06-22T14:19:15,100.0,23.8,B
2021-06-22T14:19:05,2000.0,23.8,B
2021-06-22T14:19:05,100.0,23.8,B
2021-06-22T14:18:59,4000.0,23.8,B
2021-06-22T14:18:57,2000.0,23.8,B
2021-06-22T14:18:42,500.0,23.8,B
2021-06-22T14:18:33,1000.0,23.75,S
2021-06-22T14:18:33,100.0,23.8,B
2021-06-22T14:18:30,8000.0,23.8,B
2021-06-22T14:18:26,1000.0,23.8,B
2021-06-22T14:18:23,500.0,23.8,B
2021-06-22T14:18:00,1000.0,23.8,S
2021-06-22T14:17:50,1800.0,23.8,S
2021-06-22T14:17:50,1000.0,23.75,S
2021-06-22T14:17:46,100.0,23.8,S
2021-06-22T14:17:25,800.0,23.8,S
2021-06-22T14:17:21,200.0,23.8,S
2021-06-22T14:17:17,200.0,23.8,S
2021-06-22T14:17:17,600.0,23.8,S
2021-06-22T14:17:17,10800.0,23.8,S
2021-06-22T14:17:17,600.0,23.8,S
2021-06-22T14:17:16,16600.0,23.8,S
2021-06-22T14:17:02,9000.0,23.8,S
2021-06-22T14:16:52,1000.0,23.9,B
2021-06-22T14:16:41,15100.0,23.8,S
2021-06-22T14:16:40,21000.0,23.8,S
2021-06-22T14:16:40,31900.0,23.8,S
2021-06-22T14:16:40,14000.0,23.8,S
2021-06-22T14:16:40,2000.0,23.8,S
2021-06-22T14:16:40,7700.0,23.8,S
2021-06-22T14:16:39,200.0,23.85,S
2021-06-22T14:16:39,9000.0,23.85,S
2021-06-22T14:16:39,700.0,23.85,S
2021-06-22T14:16:39,50000.0,23.85,S
2021-06-22T14:16:39,10100.0,23.85,S
2021-06-22T14:16:39,3000.0,23.85,S
2021-06-22T14:16:39,20000.0,23.85,S
2021-06-22T14:16:39,100.0,23.85,S
2021-06-22T14:16:39,15200.0,23.85,S
2021-06-22T14:16:32,300.0,23.9,B
2021-06-22T14:16:28,1200.0,23.9,B
2021-06-22T14:16:22,100.0,23.9,S
2021-06-22T14:16:17,2000.0,23.9,S
2021-06-22T14:15:59,17800.0,23.9,S
2021-06-22T14:15:52,1000.0,23.9,S
2021-06-22T14:15:51,8500.0,23.9,S
2021-06-22T14:15:51,1500.0,23.9,S
2021-06-22T14:15:48,13600.0,23.9,S
2021-06-22T14:15:48,5400.0,23.9,S
2021-06-22T14:15:38,100.0,23.95,B
2021-06-22T14:15:34,2100.0,23.95,B
2021-06-22T14:15:33,5000.0,23.9,S
2021-06-22T14:15:32,1600.0,23.9,S
2021-06-22T14:15:13,3000.0,23.9,S
2021-06-22T14:14:59,200.0,23.9,S
2021-06-22T14:14:47,1400.0,23.95,B
2021-06-22T14:14:47,1400.0,23.95,B
2021-06-22T14:14:45,2200.0,23.95,B
2021-06-22T14:14:36,5000.0,23.95,B
2021-06-22T14:14:16,2000.0,23.95,B
2021-06-22T14:14:13,1200.0,23.95,B
2021-06-22T14:14:07,300.0,23.95,B
2021-06-22T14:14:02,1000.0,23.95,B
2021-06-22T14:13:58,3000.0,23.95,B
2021-06-22T14:13:53,500.0,23.9,S
2021-06-22T14:13:42,1000.0,23.95,B
2021-06-22T14:13:37,100.0,23.95,B
2021-06-22T14:13:18,1000.0,23.95,B
2021-06-22T14:12:57,2000.0,23.95,B
2021-06-22T14:12:56,700.0,23.9,S
2021-06-22T14:12:51,200.0,23.95,B
2021-06-22T14:12:45,1000.0,23.95,B
2021-06-22T14:12:37,2200.0,23.95,B
2021-06-22T14:12:37,500.0,23.95,B
2021-06-22T14:12:25,300.0,23.9,S
2021-06-22T14:12:18,700.0,23.95,B
2021-06-22T14:12:17,1000.0,23.95,B
2021-06-22T14:12:10,1000.0,23.95,B
2021-06-22T14:12:04,1000.0,23.9,S
2021-06-22T14:12:00,2200.0,23.9,S
2021-06-22T14:11:48,2900.0,23.95,B
2021-06-22T14:11:47,5300.0,23.95,B
2021-06-22T14:11:47,4000.0,23.95,B
2021-06-22T14:11:44,2000.0,23.95,B
2021-06-22T14:11:33,3000.0,23.95,B
2021-06-22T14:11:25,100.0,23.95,B
2021-06-22T14:11:25,2000.0,23.9,S
2021-06-22T14:11:15,300.0,23.95,B
2021-06-22T14:11:08,3000.0,23.95,B
2021-06-22T14:11:00,2000.0,23.95,B
2021-06-22T14:10:52,200.0,23.95,B
2021-06-22T14:10:48,100.0,23.95,B
2021-06-22T14:10:37,1000.0,23.95,B
2021-06-22T14:10:36,500.0,23.95,B
2021-06-22T14:10:32,5000.0,23.95,B
2021-06-22T14:10:06,5000.0,23.95,B
2021-06-22T14:10:01,1000.0,23.9,S
2021-06-22T14:09:53,15000.0,23.95,B
2021-06-22T14:09:51,1000.0,23.9,S
2021-06-22T14:09:44,9100.0,23.9,S
2021-06-22T14:09:33,200.0,23.9,S
2021-06-22T14:09:30,800.0,23.9,S
2021-06-22T14:09:29,1500.0,23.9,S
2021-06-22T14:09:08,700.0,23.9,B
2021-06-22T14:09:08,5200.0,23.9,B
2021-06-22T14:09:08,11900.0,23.9,B
2021-06-22T14:09:00,500.0,23.9,B
2021-06-22T14:08:52,300.0,23.9,B
2021-06-22T14:08:45,1000.0,23.9,B
2021-06-22T14:08:21,15000.0,23.9,B
2021-06-22T14:08:19,3000.0,23.9,B
2021-06-22T14:08:12,100.0,23.9,B
2021-06-22T14:07:52,500.0,23.9,B
2021-06-22T14:07:44,100.0,23.9,B
2021-06-22T14:07:34,100.0,23.9,B
2021-06-22T14:07:34,500.0,23.9,B
2021-06-22T14:07:32,600.0,23.9,B
2021-06-22T14:07:30,100.0,23.9,B
2021-06-22T14:07:29,1000.0,23.9,B
2021-06-22T14:07:09,1000.0,23.9,B
2021-06-22T14:07:04,100.0,23.9,B
2021-06-22T14:07:00,300.0,23.9,S
2021-06-22T14:07:00,1200.0,23.9,S
2021-06-22T14:07:00,1100.0,23.9,S
2021-06-22T14:07:00,2600.0,23.9,S
2021-06-22T14:07:00,600.0,23.9,S
2021-06-22T14:07:00,11100.0,23.9,S
2021-06-22T14:06:48,100.0,23.95,B
2021-06-22T14:06:46,1200.0,23.95,B
2021-06-22T14:06:46,3800.0,23.95,B
2021-06-22T14:06:36,100.0,23.9,S
2021-06-22T14:06:32,1900.0,23.9,S
2021-06-22T14:06:32,400.0,23.9,S
2021-06-22T14:06:32,300.0,23.9,S
2021-06-22T14:06:32,200.0,23.9,S
2021-06-22T14:06:25,500.0,23.9,S
2021-06-22T14:06:22,6000.0,23.9,S
2021-06-22T14:06:16,1000.0,23.95,B
2021-06-22T14:06:09,1100.0,23.9,S
2021-06-22T14:06:08,9000.0,23.9,S
2021-06-22T14:06:08,800.0,23.9,S
2021-06-22T14:06:08,20200.0,23.9,S
2021-06-22T14:06:02,200.0,23.95,B
2021-06-22T14:05:50,3900.0,23.95,B
2021-06-22T14:05:49,1100.0,23.95,B
2021-06-22T14:05:45,20000.0,23.9,S
2021-06-22T14:05:37,1000.0,23.95,B
2021-06-22T14:05:29,100.0,23.95,B
2021-06-22T14:05:22,400.0,23.95,S
2021-06-22T14:05:22,6600.0,23.95,S
2021-06-22T14:05:18,300.0,23.95,S
2021-06-22T14:05:18,100.0,23.95,S
2021-06-22T14:05:17,1000.0,23.95,S
2021-06-22T14:05:15,2000.0,23.95,S
2021-06-22T14:04:48,500.0,23.95,S
2021-06-22T14:04:47,2600.0,23.95,S
2021-06-22T14:04:47,10000.0,23.95,S
2021-06-22T14:04:47,400.0,23.95,S
2021-06-22T14:04:28,600.0,23.95,S
2021-06-22T14:04:05,700.0,23.95,S
2021-06-22T14:03:50,1000.0,24.0,B
2021-06-22T14:03:49,11700.0,23.95,S
2021-06-22T14:03:46,20000.0,23.95,S
2021-06-22T14:03:46,2500.0,23.95,S
2021-06-22T14:03:37,200.0,24.0,B
2021-06-22T14:03:25,1200.0,23.95,S
2021-06-22T14:03:22,1000.0,23.95,S
2021-06-22T14:03:20,200.0,23.95,S
2021-06-22T14:03:19,1200.0,23.95,S
2021-06-22T14:03:19,1900.0,23.95,S
2021-06-22T14:03:14,600.0,24.0,B
2021-06-22T14:02:59,500.0,23.95,S
2021-06-22T14:02:59,500.0,23.95,S
2021-06-22T14:02:56,300.0,24.0,B
2021-06-22T14:02:56,3600.0,24.0,B
2021-06-22T14:02:50,500.0,23.95,S
2021-06-22T14:02:39,200.0,24.0,B
2021-06-22T14:02:29,100.0,24.0,S
2021-06-22T14:02:28,700.0,24.0,S
2021-06-22T14:02:23,3800.0,24.0,S
2021-06-22T14:02:23,1900.0,24.0,S
2021-06-22T14:02:23,600.0,24.0,S
2021-06-22T14:02:23,3800.0,24.0,S
2021-06-22T14:02:23,6200.0,24.0,S
2021-06-22T14:02:23,2000.0,24.0,S
2021-06-22T14:02:23,1100.0,24.0,S
2021-06-22T14:02:22,13500.0,24.0,S
2021-06-22T14:02:22,3800.0,24.0,S
2021-06-22T14:02:22,400.0,24.0,S
2021-06-22T14:02:22,5100.0,24.0,S
2021-06-22T14:02:22,3500.0,24.0,S
2021-06-22T14:02:22,3600.0,24.0,S
2021-06-22T14:02:19,5000.0,24.0,S
2021-06-22T14:02:05,3900.0,24.0,S
2021-06-22T14:02:05,1900.0,24.0,S
2021-06-22T14:02:05,1600.0,24.0,S
2021-06-22T14:02:05,50000.0,24.0,S
2021-06-22T14:02:05,1100.0,24.0,S
2021-06-22T14:02:05,9600.0,24.0,S
2021-06-22T14:02:05,7800.0,24.0,S
2021-06-22T14:02:05,10200.0,24.0,S
2021-06-22T14:02:04,1400.0,24.0,S
2021-06-22T14:02:04,1700.0,24.0,S
2021-06-22T14:02:04,100.0,24.0,S
2021-06-22T14:02:04,2000.0,24.0,S
2021-06-22T14:02:04,1400.0,24.0,S
2021-06-22T14:02:04,7300.0,24.0,S
2021-06-22T14:02:02,2000.0,24.0,S
2021-06-22T14:02:01,100.0,24.0,S
2021-06-22T14:02:01,4600.0,24.0,S
2021-06-22T14:02:01,1200.0,24.0,S
2021-06-22T14:02:01,12600.0,24.0,S
2021-06-22T14:02:01,1500.0,24.0,S
2021-06-22T14:02:01,300.0,24.0,S
2021-06-22T14:02:01,9700.0,24.0,S
2021-06-22T14:01:58,1000.0,24.0,S
2021-06-22T14:01:57,3600.0,24.0,S
2021-06-22T14:01:44,3100.0,24.0,S
2021-06-22T14:01:44,3300.0,24.0,S
2021-06-22T14:01:43,10600.0,24.0,S
2021-06-22T14:01:29,100.0,24.05,B
2021-06-22T14:01:29,300.0,24.05,B
2021-06-22T14:01:22,200.0,24.05,B
2021-06-22T14:00:19,1500.0,24.05,B
2021-06-22T14:00:15,100.0,24.0,S
2021-06-22T14:00:03,700.0,24.05,S
2021-06-22T13:59:58,300.0,24.05,S
2021-06-22T13:59:58,1700.0,24.05,S
2021-06-22T13:59:49,500.0,24.05,S
2021-06-22T13:59:38,1000.0,24.05,S
2021-06-22T13:59:32,800.0,24.05,S
2021-06-22T13:59:21,100.0,24.05,S
2021-06-22T13:59:13,100.0,24.05,S
2021-06-22T13:59:06,400.0,24.05,S
2021-06-22T13:59:01,6000.0,24.1,B
2021-06-22T13:58:50,500.0,24.05,S
2021-06-22T13:58:39,5900.0,24.05,B
2021-06-22T13:58:30,16000.0,24.05,B
2021-06-22T13:58:22,2300.0,24.0,S
2021-06-22T13:58:22,20500.0,24.0,S
2021-06-22T13:58:22,100.0,24.0,S
2021-06-22T13:58:21,100.0,24.0,S
2021-06-22T13:58:21,2000.0,24.0,S
2021-06-22T13:58:20,20000.0,24.0,S
2021-06-22T13:58:20,100.0,24.05,B
2021-06-22T13:58:18,300.0,24.05,B
2021-06-22T13:58:11,300.0,24.05,B
2021-06-22T13:58:07,200.0,24.05,B
2021-06-22T13:58:06,3000.0,24.0,S
2021-06-22T13:58:05,500.0,24.0,S
2021-06-22T13:58:05,5700.0,24.0,S
2021-06-22T13:58:05,5100.0,24.0,S
2021-06-22T13:58:05,1200.0,24.0,S
2021-06-22T13:58:05,1000.0,24.0,S
2021-06-22T13:58:05,3300.0,24.0,S
2021-06-22T13:58:05,5200.0,24.0,S
2021-06-22T13:58:04,100.0,24.05,B
2021-06-22T13:57:58,5300.0,24.0,S
2021-06-22T13:57:58,12600.0,24.0,S
2021-06-22T13:57:58,100.0,24.0,S
2021-06-22T13:57:58,5300.0,24.0,S
2021-06-22T13:57:58,1700.0,24.0,S
2021-06-22T13:57:43,5000.0,24.05,B
2021-06-22T13:57:35,7900.0,24.1,B
2021-06-22T13:57:34,42100.0,24.05,B
2021-06-22T13:57:16,3200.0,24.05,S
2021-06-22T13:57:13,2000.0,24.05,S
2021-06-22T13:57:04,4300.0,24.0,S
2021-06-22T13:57:04,3400.0,24.0,S
2021-06-22T13:57:04,2000.0,24.0,S
2021-06-22T13:57:04,5300.0,24.0,S
2021-06-22T13:57:03,9300.0,24.0,S
2021-06-22T13:57:03,700.0,24.0,S
2021-06-22T13:57:03,100.0,24.0,S
2021-06-22T13:57:03,1000.0,24.0,S
2021-06-22T13:57:03,800.0,24.0,S
2021-06-22T13:57:03,600.0,24.0,S
2021-06-22T13:57:03,3100.0,24.0,S
2021-06-22T13:57:03,15600.0,24.0,S
2021-06-22T13:57:03,3800.0,24.0,S
2021-06-22T13:57:02,1500.0,24.05,S
2021-06-22T13:56:52,2000.0,24.05,S
2021-06-22T13:56:40,300.0,24.05,S
2021-06-22T13:56:35,6200.0,24.0,S
2021-06-22T13:56:35,3300.0,24.0,S
2021-06-22T13:56:35,2100.0,24.0,S
2021-06-22T13:56:35,200.0,24.0,S
2021-06-22T13:56:35,4300.0,24.0,S
2021-06-22T13:56:35,5100.0,24.05,S
2021-06-22T13:56:35,100.0,24.05,S
2021-06-22T13:56:34,4100.0,24.05,S
2021-06-22T13:56:34,500.0,24.05,S
2021-06-22T13:56:34,10500.0,24.05,S
2021-06-22T13:56:34,10000.0,24.05,S
2021-06-22T13:56:34,3600.0,24.05,S
2021-06-22T13:55:52,9000.0,24.1,B
2021-06-22T13:55:15,1000.0,24.05,S
2021-06-22T13:55:15,1000.0,24.05,S
2021-06-22T13:55:14,10000.0,24.1,B
2021-06-22T13:55:05,4000.0,24.05,S
2021-06-22T13:54:59,5000.0,24.1,B
2021-06-22T13:54:54,2000.0,24.1,B
2021-06-22T13:54:39,500.0,24.05,S
2021-06-22T13:53:55,3500.0,24.1,B
2021-06-22T13:53:40,3000.0,24.05,S
2021-06-22T13:53:39,1000.0,24.05,S
2021-06-22T13:53:33,500.0,24.05,S
2021-06-22T13:53:21,2000.0,24.05,S
2021-06-22T13:53:05,2000.0,24.05,S
2021-06-22T13:52:49,5000.0,24.1,B
2021-06-22T13:52:47,3600.0,24.05,B
2021-06-22T13:52:45,2000.0,24.05,B
2021-06-22T13:52:39,2000.0,24.05,B
2021-06-22T13:52:26,4000.0,24.05,S
2021-06-22T13:52:26,100.0,24.05,S
2021-06-22T13:52:10,400.0,24.05,S
2021-06-22T13:51:57,1800.0,24.05,S
2021-06-22T13:51:52,1000.0,24.05,S
2021-06-22T13:51:27,1000.0,24.05,S
2021-06-22T13:51:27,1000.0,24.05,S
2021-06-22T13:50:59,1000.0,24.0,S
2021-06-22T13:50:45,100.0,24.05,S
2021-06-22T13:50:29,4800.0,24.05,B
2021-06-22T13:50:18,100.0,24.05,B
2021-06-22T13:50:09,5300.0,24.05,S
2021-06-22T13:50:04,1600.0,24.1,B
2021-06-22T13:50:04,1600.0,24.1,B
2021-06-22T13:50:04,1800.0,24.1,B
2021-06-22T13:50:02,1400.0,24.05,S
2021-06-22T13:50:02,16200.0,24.05,S
2021-06-22T13:49:57,200.0,24.1,B
2021-06-22T13:49:57,3800.0,24.1,B
2021-06-22T13:49:27,1700.0,24.1,B
2021-06-22T13:49:27,2000.0,24.1,B
2021-06-22T13:49:27,3300.0,24.1,B
2021-06-22T13:49:24,1000.0,24.05,S
2021-06-22T13:49:10,13000.0,24.05,S
2021-06-22T13:49:10,3000.0,24.05,S
2021-06-22T13:49:08,4000.0,24.05,S
2021-06-22T13:48:44,500.0,24.1,B
2021-06-22T13:48:41,100.0,24.05,S
2021-06-22T13:48:17,200.0,24.1,B
2021-06-22T13:48:08,1400.0,24.1,B
2021-06-22T13:48:08,2000.0,24.1,B
2021-06-22T13:47:59,1700.0,24.1,B
2021-06-22T13:47:59,1900.0,24.05,S
2021-06-22T13:47:59,2000.0,24.05,S
2021-06-22T13:47:59,2400.0,24.05,S
2021-06-22T13:47:59,500.0,24.05,S
2021-06-22T13:47:59,3800.0,24.05,S
2021-06-22T13:47:59,7200.0,24.05,S
2021-06-22T13:47:59,6600.0,24.05,S
2021-06-22T13:47:59,3200.0,24.05,S
2021-06-22T13:47:59,400.0,24.05,S
2021-06-22T13:47:59,8000.0,24.05,S
2021-06-22T13:47:44,20000.0,24.1,B
2021-06-22T13:47:29,10000.0,24.1,B
2021-06-22T13:47:14,2000.0,24.1,B
2021-06-22T13:47:06,1200.0,24.1,B
2021-06-22T13:46:36,1000.0,24.1,B
2021-06-22T13:46:33,2000.0,24.1,B
2021-06-22T13:46:32,1500.0,24.1,B
2021-06-22T13:46:27,1500.0,24.1,B
2021-06-22T13:46:16,100.0,24.1,B
2021-06-22T13:46:16,100.0,24.1,B
2021-06-22T13:46:14,400.0,24.1,B
2021-06-22T13:46:12,5000.0,24.1,B
2021-06-22T13:45:55,3000.0,24.1,B
2021-06-22T13:45:52,5000.0,24.1,B
2021-06-22T13:45:42,1000.0,24.1,B
2021-06-22T13:45:29,100.0,24.1,S
2021-06-22T13:45:27,2100.0,24.1,S
2021-06-22T13:45:23,500.0,24.05,S
2021-06-22T13:45:21,200.0,24.1,S
2021-06-22T13:45:11,100.0,24.1,S
2021-06-22T13:44:58,700.0,24.1,S
2021-06-22T13:44:51,800.0,24.1,S
2021-06-22T13:44:51,500.0,24.1,S
2021-06-22T13:44:45,1400.0,24.1,S
2021-06-22T13:44:40,6000.0,24.1,S
2021-06-22T13:44:26,1000.0,24.1,S
2021-06-22T13:44:20,3200.0,24.1,S
2021-06-22T13:44:20,100.0,24.1,S
2021-06-22T13:44:20,500.0,24.1,S
2021-06-22T13:44:20,100.0,24.1,S
2021-06-22T13:44:02,1000.0,24.1,S
2021-06-22T13:43:59,300.0,24.1,S
2021-06-22T13:43:56,10000.0,24.15,B
2021-06-22T13:43:43,100.0,24.1,S
2021-06-22T13:43:38,8000.0,24.1,S
2021-06-22T13:43:28,2000.0,24.15,B
2021-06-22T13:43:28,2800.0,24.1,S
2021-06-22T13:43:24,2000.0,24.1,S
2021-06-22T13:43:20,500.0,24.1,S
2021-06-22T13:43:07,2000.0,24.1,S
2021-06-22T13:43:05,1000.0,24.1,S
2021-06-22T13:42:56,1200.0,24.1,S
2021-06-22T13:42:37,900.0,24.1,S
2021-06-22T13:42:31,100.0,24.1,S
2021-06-22T13:42:17,1000.0,24.15,B
2021-06-22T13:42:12,400.0,24.1,S
2021-06-22T13:41:51,500.0,24.1,B
2021-06-22T13:41:49,1400.0,24.1,B
2021-06-22T13:41:49,2700.0,24.1,B
2021-06-22T13:41:46,1000.0,24.1,B
2021-06-22T13:41:41,1000.0,24.1,B
2021-06-22T13:41:38,1400.0,24.1,B
2021-06-22T13:41:36,200.0,24.05,S
2021-06-22T13:41:30,5000.0,24.1,B
2021-06-22T13:41:15,400.0,24.1,B
2021-06-22T13:41:13,900.0,24.1,B
2021-06-22T13:41:13,500.0,24.1,B
2021-06-22T13:41:05,2000.0,24.05,S
2021-06-22T13:40:50,200.0,24.1,B
2021-06-22T13:40:46,7200.0,24.1,B
2021-06-22T13:40:42,200.0,24.1,B
2021-06-22T13:40:32,300.0,24.15,B
2021-06-22T13:40:29,100.0,24.1,B
2021-06-22T13:40:29,100.0,24.1,B
2021-06-22T13:40:20,3200.0,24.1,B
2021-06-22T13:40:18,1700.0,24.1,B
2021-06-22T13:40:18,10300.0,24.1,B
2021-06-22T13:40:18,10500.0,24.1,B
2021-06-22T13:40:18,4500.0,24.1,B
2021-06-22T13:40:18,3200.0,24.1,B
2021-06-22T13:40:18,800.0,24.1,B
2021-06-22T13:40:18,6000.0,24.1,B
2021-06-22T13:40:18,800.0,24.1,B
2021-06-22T13:40:18,1600.0,24.1,B
2021-06-22T13:40:18,100.0,24.1,B
2021-06-22T13:40:18,5500.0,24.1,B
2021-06-22T13:39:41,1000.0,24.1,B
2021-06-22T13:39:40,500.0,24.05,S
2021-06-22T13:39:34,4000.0,24.05,S
2021-06-22T13:39:24,100.0,24.05,S
2021-06-22T13:39:02,100.0,24.05,S
2021-06-22T13:38:42,1000.0,24.05,S
2021-06-22T13:38:41,1000.0,24.1,B
2021-06-22T13:38:38,2500.0,24.1,B
2021-06-22T13:38:32,1000.0,24.1,B
2021-06-22T13:38:32,1000.0,24.05,S
2021-06-22T13:38:20,500.0,24.05,S
2021-06-22T13:38:19,2000.0,24.05,S
2021-06-22T13:38:15,10000.0,24.1,B
2021-06-22T13:38:02,600.0,24.05,S
2021-06-22T13:37:59,2100.0,24.05,S
2021-06-22T13:37:52,200.0,24.05,S
2021-06-22T13:37:52,1600.0,24.05,S
2021-06-22T13:37:51,500.0,24.1,B
2021-06-22T13:37:43,200.0,24.05,S
2021-06-22T13:37:42,100.0,24.05,S
2021-06-22T13:37:41,200.0,24.05,S
2021-06-22T13:37:23,6400.0,24.05,S
2021-06-22T13:37:23,600.0,24.05,S
2021-06-22T13:37:14,2000.0,24.1,B
2021-06-22T13:37:07,2000.0,24.05,S
2021-06-22T13:37:03,500.0,24.05,S
2021-06-22T13:37:01,200.0,24.1,B
2021-06-22T13:36:45,100.0,24.05,S
2021-06-22T13:36:37,100.0,24.05,S
2021-06-22T13:36:37,100.0,24.05,S
2021-06-22T13:36:23,100.0,24.05,S
2021-06-22T13:36:23,200.0,24.05,S
2021-06-22T13:36:22,2400.0,24.1,B
2021-06-22T13:36:15,100.0,24.05,S
2021-06-22T13:36:12,100.0,24.05,S
2021-06-22T13:36:07,15000.0,24.1,B
2021-06-22T13:36:04,200.0,24.05,S
2021-06-22T13:35:27,100.0,24.05,S
2021-06-22T13:35:25,200.0,24.05,S
2021-06-22T13:35:20,500.0,24.05,S
2021-06-22T13:35:19,200.0,24.05,S
2021-06-22T13:35:02,1500.0,24.05,B
2021-06-22T13:34:55,100.0,24.05,B
2021-06-22T13:34:49,3200.0,24.05,B
2021-06-22T13:34:42,200.0,24.05,B
2021-06-22T13:34:41,1000.0,24.05,B
2021-06-22T13:34:39,200.0,24.05,B
2021-06-22T13:34:37,1200.0,24.05,B
2021-06-22T13:34:36,100.0,24.05,B
2021-06-22T13:34:24,1000.0,24.05,S
2021-06-22T13:34:22,800.0,24.05,S
2021-06-22T13:34:19,500.0,24.05,S
2021-06-22T13:34:05,2000.0,24.05,S
2021-06-22T13:34:05,800.0,24.05,S
2021-06-22T13:34:05,3600.0,24.05,S
2021-06-22T13:34:05,1100.0,24.05,S
2021-06-22T13:34:05,4300.0,24.05,S
2021-06-22T13:34:05,500.0,24.05,S
2021-06-22T13:34:05,11400.0,24.05,S
2021-06-22T13:34:02,300.0,24.05,S
2021-06-22T13:33:57,1000.0,24.05,S
2021-06-22T13:33:55,1000.0,24.05,S
2021-06-22T13:33:55,500.0,24.05,S
2021-06-22T13:33:55,10000.0,24.05,S
2021-06-22T13:33:49,7000.0,24.05,S
2021-06-22T13:33:48,1000.0,24.05,S
2021-06-22T13:33:35,3000.0,24.05,S
2021-06-22T13:33:33,1200.0,24.05,S
2021-06-22T13:33:31,1000.0,24.05,S
2021-06-22T13:33:30,2000.0,24.05,S
2021-06-22T13:33:28,1000.0,24.05,S
2021-06-22T13:33:21,2000.0,24.05,S
2021-06-22T13:33:18,400.0,24.05,S
2021-06-22T13:33:18,12900.0,24.05,S
2021-06-22T13:33:07,2200.0,24.05,S
2021-06-22T13:32:58,100.0,24.05,S
2021-06-22T13:32:10,6000.0,24.05,S
2021-06-22T13:32:10,1000.0,24.1,B
2021-06-22T13:31:59,3000.0,24.05,S
2021-06-22T13:31:48,100.0,24.05,S
2021-06-22T13:31:46,100.0,24.05,S
2021-06-22T13:31:44,800.0,24.1,B
2021-06-22T13:31:29,5000.0,24.05,S
2021-06-22T13:31:28,500.0,24.1,S
2021-06-22T13:31:27,2100.0,24.1,S
2021-06-22T13:31:27,3800.0,24.1,S
2021-06-22T13:31:22,300.0,24.1,S
2021-06-22T13:31:22,2400.0,24.1,S
2021-06-22T13:31:22,3500.0,24.1,S
2021-06-22T13:31:22,2800.0,24.1,S
2021-06-22T13:31:22,100.0,24.1,S
2021-06-22T13:31:21,900.0,24.1,S
2021-06-22T13:31:10,200.0,24.1,S
2021-06-22T13:31:10,700.0,24.1,S
2021-06-22T13:31:01,500.0,24.1,S
2021-06-22T13:30:58,500.0,24.1,S
2021-06-22T13:30:58,1100.0,24.1,S
2021-06-22T13:30:57,400.0,24.1,S
2021-06-22T13:30:51,2400.0,24.15,B
2021-06-22T13:30:42,700.0,24.1,S
2021-06-22T13:30:33,500.0,24.1,S
2021-06-22T13:30:27,10000.0,24.1,S
2021-06-22T13:30:25,100.0,24.1,S
2021-06-22T13:30:22,1800.0,24.1,S
2021-06-22T13:30:22,400.0,24.1,S
2021-06-22T13:30:21,800.0,24.1,S
2021-06-22T13:30:14,5000.0,24.1,S
2021-06-22T13:30:12,500.0,24.15,B
2021-06-22T13:30:07,1000.0,24.1,S
2021-06-22T13:30:06,1000.0,24.15,B
2021-06-22T13:29:50,2000.0,24.1,S
2021-06-22T13:29:37,1200.0,24.15,B
2021-06-22T13:29:28,1000.0,24.15,B
2021-06-22T13:29:17,300.0,24.15,B
2021-06-22T13:29:14,500.0,24.15,B
2021-06-22T13:29:12,2000.0,24.15,B
2021-06-22T13:29:11,10000.0,24.1,S
2021-06-22T13:28:56,1200.0,24.15,B
2021-06-22T13:28:40,4000.0,24.15,B
2021-06-22T13:28:38,5000.0,24.15,B
2021-06-22T13:28:37,300.0,24.15,B
2021-06-22T13:28:32,100.0,24.15,B
2021-06-22T13:28:16,1000.0,24.15,B
2021-06-22T13:28:16,300.0,24.15,B
2021-06-22T13:28:11,4000.0,24.1,S
2021-06-22T13:28:11,2600.0,24.1,S
2021-06-22T13:28:11,500.0,24.1,S
2021-06-22T13:28:09,4400.0,24.1,S
2021-06-22T13:28:09,6700.0,24.1,S
2021-06-22T13:28:09,1500.0,24.1,S
2021-06-22T13:28:09,5300.0,24.1,S
2021-06-22T13:28:09,500.0,24.15,B
2021-06-22T13:28:09,2000.0,24.1,S
2021-06-22T13:27:54,900.0,24.15,S
2021-06-22T13:27:53,100.0,24.1,S
2021-06-22T13:27:47,1500.0,24.15,S
2021-06-22T13:27:45,700.0,24.15,S
2021-06-22T13:27:44,5700.0,24.15,S
2021-06-22T13:27:44,1000.0,24.15,S
2021-06-22T13:27:42,100.0,24.15,S
2021-06-22T13:27:40,700.0,24.2,B
2021-06-22T13:27:34,2000.0,24.15,S
2021-06-22T13:27:30,200.0,24.15,S
2021-06-22T13:27:28,100.0,24.15,S
2021-06-22T13:27:07,2000.0,24.15,B
2021-06-22T13:27:03,7000.0,24.15,B
2021-06-22T13:26:54,10000.0,24.2,B
2021-06-22T13:26:50,3600.0,24.15,B
2021-06-22T13:26:49,500.0,24.15,B
2021-06-22T13:26:29,1900.0,24.15,B
2021-06-22T13:26:24,10000.0,24.15,B
2021-06-22T13:26:24,1000.0,24.15,B
2021-06-22T13:26:18,1500.0,24.15,B
2021-06-22T13:26:12,200.0,24.15,S
2021-06-22T13:26:05,500.0,24.15,S
2021-06-22T13:26:04,800.0,24.15,S
2021-06-22T13:26:04,9200.0,24.15,S
2021-06-22T13:26:01,1300.0,24.15,S
2021-06-22T13:26:01,100.0,24.15,S
2021-06-22T13:26:01,4400.0,24.15,S
2021-06-22T13:25:40,200.0,24.15,S
2021-06-22T13:25:40,1000.0,24.2,B
2021-06-22T13:25:39,10000.0,24.2,B
2021-06-22T13:25:35,100.0,24.2,B
2021-06-22T13:25:32,4100.0,24.15,S
2021-06-22T13:25:32,4200.0,24.15,S
2021-06-22T13:25:32,1600.0,24.15,S
2021-06-22T13:25:32,700.0,24.15,S
2021-06-22T13:25:32,2000.0,24.15,S
2021-06-22T13:25:32,2600.0,24.15,S
2021-06-22T13:25:32,4800.0,24.15,S
2021-06-22T13:25:21,100.0,24.2,B
2021-06-22T13:25:05,400.0,24.15,S
2021-06-22T13:25:05,11900.0,24.15,S
2021-06-22T13:25:05,2700.0,24.15,S
2021-06-22T13:24:50,1600.0,24.2,B
2021-06-22T13:24:50,300.0,24.15,S
2021-06-22T13:24:47,1000.0,24.15,S
2021-06-22T13:24:07,100.0,24.2,B
2021-06-22T13:24:06,1300.0,24.2,B
2021-06-22T13:23:50,200.0,24.2,B
2021-06-22T13:23:48,100.0,24.15,S
2021-06-22T13:23:39,5000.0,24.15,S
2021-06-22T13:23:38,1000.0,24.15,S
2021-06-22T13:23:36,7600.0,24.2,B
2021-06-22T13:23:36,2400.0,24.2,B
2021-06-22T13:23:30,100.0,24.2,B
2021-06-22T13:23:19,300.0,24.2,B
2021-06-22T13:23:17,1000.0,24.2,B
2021-06-22T13:23:13,100.0,24.2,B
2021-06-22T13:22:26,500.0,24.2,B
2021-06-22T13:22:20,900.0,24.2,B
2021-06-22T13:21:51,300.0,24.2,B
2021-06-22T13:21:48,200.0,24.15,S
2021-06-22T13:21:32,400.0,24.15,S
2021-06-22T13:21:30,10000.0,24.2,B
2021-06-22T13:21:23,4700.0,24.15,S
2021-06-22T13:21:11,19600.0,24.2,B
2021-06-22T13:21:11,400.0,24.2,B
2021-06-22T13:21:03,200.0,24.15,S
2021-06-22T13:21:03,1000.0,24.15,S
2021-06-22T13:20:50,100.0,24.2,B
2021-06-22T13:20:42,300.0,24.15,S
2021-06-22T13:20:41,700.0,24.2,B
2021-06-22T13:20:22,300.0,24.2,B
2021-06-22T13:20:02,300.0,24.2,B
2021-06-22T13:19:59,100.0,24.2,B
2021-06-22T13:19:54,1300.0,24.2,B
2021-06-22T13:19:47,2000.0,24.2,B
2021-06-22T13:19:43,2000.0,24.2,B
2021-06-22T13:19:16,2000.0,24.2,B
2021-06-22T13:19:08,1000.0,24.2,B
2021-06-22T13:19:02,100.0,24.2,B
2021-06-22T13:19:00,1000.0,24.2,B
2021-06-22T13:18:41,200.0,24.2,B
2021-06-22T13:18:40,1500.0,24.2,B
2021-06-22T13:18:39,100.0,24.15,S
2021-06-22T13:18:29,1100.0,24.2,B
2021-06-22T13:18:29,100.0,24.2,B
2021-06-22T13:18:16,100.0,24.2,B
2021-06-22T13:18:08,200.0,24.2,B
2021-06-22T13:17:40,100.0,24.2,B
2021-06-22T13:17:20,100.0,24.2,B
2021-06-22T13:17:19,700.0,24.2,B
2021-06-22T13:17:12,300.0,24.2,B
2021-06-22T13:17:02,2000.0,24.2,B
2021-06-22T13:16:48,400.0,24.2,B
2021-06-22T13:16:46,100.0,24.2,B
2021-06-22T13:16:43,5100.0,24.2,B
2021-06-22T13:16:43,2000.0,24.2,B
2021-06-22T13:16:42,400.0,24.2,B
2021-06-22T13:16:26,6000.0,24.2,B
2021-06-22T13:16:25,800.0,24.2,B
2021-06-22T13:16:07,100.0,24.2,B
2021-06-22T13:16:02,200.0,24.2,B
2021-06-22T13:15:52,1000.0,24.2,B
2021-06-22T13:15:48,200.0,24.2,B
2021-06-22T13:15:44,2500.0,24.2,B
2021-06-22T13:15:44,200.0,24.2,B
2021-06-22T13:15:32,400.0,24.25,B
2021-06-22T13:15:32,3000.0,24.2,B
2021-06-22T13:15:31,1000.0,24.2,B
2021-06-22T13:15:31,5600.0,24.2,B
2021-06-22T13:15:00,9900.0,24.2,B
2021-06-22T13:14:54,1000.0,24.2,B
2021-06-22T13:14:54,4000.0,24.15,S
2021-06-22T13:14:53,8000.0,24.15,S
2021-06-22T13:14:51,400.0,24.2,B
2021-06-22T13:14:32,400.0,24.2,B
2021-06-22T13:14:28,300.0,24.2,S
2021-06-22T13:14:17,800.0,24.2,S
2021-06-22T13:14:15,200.0,24.2,S
2021-06-22T13:14:14,3600.0,24.2,S
2021-06-22T13:14:14,3500.0,24.2,S
2021-06-22T13:14:14,400.0,24.2,S
2021-06-22T13:14:13,2700.0,24.2,S
2021-06-22T13:14:13,1500.0,24.2,S
2021-06-22T13:14:13,1100.0,24.2,S
2021-06-22T13:14:13,24200.0,24.2,S
2021-06-22T13:14:13,1600.0,24.2,S
2021-06-22T13:14:13,2000.0,24.2,S
2021-06-22T13:14:13,9400.0,24.2,S
2021-06-22T13:14:04,2000.0,24.2,S
2021-06-22T13:14:04,1600.0,24.25,B
2021-06-22T13:13:46,2100.0,24.2,S
2021-06-22T13:13:46,600.0,24.2,S
2021-06-22T13:13:46,1200.0,24.2,S
2021-06-22T13:13:46,2900.0,24.2,S
2021-06-22T13:13:46,2000.0,24.2,S
2021-06-22T13:13:46,2600.0,24.2,S
2021-06-22T13:13:43,500.0,24.2,S
2021-06-22T13:13:27,800.0,24.2,S
2021-06-22T13:13:15,500.0,24.25,B
2021-06-22T13:13:11,400.0,24.2,S
2021-06-22T13:12:56,1000.0,24.25,B
2021-06-22T13:12:49,3000.0,24.25,B
2021-06-22T13:12:38,1100.0,24.25,B
2021-06-22T13:12:31,500.0,24.25,B
2021-06-22T13:12:13,3000.0,24.25,B
2021-06-22T13:12:12,1000.0,24.25,B
2021-06-22T13:12:12,16000.0,24.25,B
2021-06-22T13:12:05,1000.0,24.2,S
2021-06-22T13:11:31,5000.0,24.25,S
2021-06-22T13:11:24,100.0,24.25,S
2021-06-22T13:11:12,2000.0,24.25,S
2021-06-22T13:11:11,100.0,24.25,S
2021-06-22T13:11:11,7800.0,24.25,S
2021-06-22T13:11:05,6200.0,24.25,S
2021-06-22T13:11:01,8400.0,24.25,S
2021-06-22T13:10:50,1500.0,24.25,S
2021-06-22T13:10:21,500.0,24.25,S
2021-06-22T13:10:02,5000.0,24.25,S
2021-06-22T13:09:58,2000.0,24.25,S
2021-06-22T13:09:27,18200.0,24.2,S
2021-06-22T13:09:27,600.0,24.2,S
2021-06-22T13:09:27,8200.0,24.2,S
2021-06-22T13:09:27,1000.0,24.25,S
2021-06-22T13:09:27,18000.0,24.25,S
2021-06-22T13:09:06,500.0,24.25,S
2021-06-22T13:08:45,200.0,24.3,B
2021-06-22T13:08:43,1000.0,24.25,S
2021-06-22T13:08:34,2000.0,24.25,S
2021-06-22T13:08:26,3000.0,24.25,S
2021-06-22T13:08:18,500.0,24.25,S
2021-06-22T13:07:51,4000.0,24.25,B
2021-06-22T13:07:47,6800.0,24.25,B
2021-06-22T13:07:31,1200.0,24.25,B
2021-06-22T13:07:31,700.0,24.25,B
2021-06-22T13:07:11,1200.0,24.2,S
2021-06-22T13:07:11,10000.0,24.2,S
2021-06-22T13:07:05,3000.0,24.25,B
2021-06-22T13:07:03,700.0,24.25,B
2021-06-22T13:07:03,300.0,24.25,B
2021-06-22T13:07:03,200.0,24.25,B
2021-06-22T13:07:00,500.0,24.25,B
2021-06-22T13:06:58,1000.0,24.25,B
2021-06-22T13:06:57,3800.0,24.25,B
2021-06-22T13:06:56,2000.0,24.25,B
2021-06-22T13:06:43,3000.0,24.25,B
2021-06-22T13:06:35,5000.0,24.25,B
2021-06-22T13:06:25,100.0,24.25,B
2021-06-22T13:06:03,200.0,24.2,S
2021-06-22T13:06:00,2500.0,24.25,B
2021-06-22T13:05:59,100.0,24.25,B
2021-06-22T13:05:55,5000.0,24.25,B
2021-06-22T13:05:47,5000.0,24.25,B
2021-06-22T13:05:32,500.0,24.2,S
2021-06-22T13:04:49,700.0,24.2,S
2021-06-22T13:04:49,9300.0,24.2,S
2021-06-22T13:04:46,3100.0,24.25,B
2021-06-22T13:04:46,3800.0,24.25,B
2021-06-22T13:04:46,2100.0,24.25,B
2021-06-22T13:04:34,2500.0,24.25,B
2021-06-22T13:04:20,10000.0,24.25,B
2021-06-22T13:04:18,500.0,24.2,S
2021-06-22T13:04:03,100.0,24.2,S
2021-06-22T13:03:54,3900.0,24.25,B
2021-06-22T13:03:27,2000.0,24.25,B
2021-06-22T13:03:23,2700.0,24.25,B
2021-06-22T13:03:22,4000.0,24.25,B
2021-06-22T13:03:04,300.0,24.2,S
2021-06-22T13:01:58,500.0,24.2,S
2021-06-22T13:01:49,500.0,24.25,B
2021-06-22T13:01:16,500.0,24.2,S
2021-06-22T13:00:55,300.0,24.2,S
2021-06-22T13:00:51,100.0,24.25,B
2021-06-22T13:00:47,100.0,24.2,S
2021-06-22T13:00:37,500.0,24.2,S
2021-06-22T13:00:32,3800.0,24.2,S
2021-06-22T13:00:31,200.0,24.2,S
2021-06-22T13:00:29,100.0,24.2,S
2021-06-22T13:00:27,3000.0,24.2,S
2021-06-22T13:00:24,4600.0,24.2,S
2021-06-22T13:00:24,100.0,24.2,S
2021-06-22T13:00:24,800.0,24.2,S
2021-06-22T13:00:18,1200.0,24.2,S
2021-06-22T13:00:18,3000.0,24.2,S
2021-06-22T13:00:18,200.0,24.2,S
2021-06-22T13:00:18,100.0,24.2,S
2021-06-22T13:00:18,500.0,24.2,S
2021-06-22T13:00:18,1000.0,24.2,S
2021-06-22T13:00:16,2000.0,24.2,S
2021-06-22T13:00:16,1000.0,24.2,S
2021-06-22T13:00:16,400.0,24.2,S
2021-06-22T13:00:14,1000.0,24.2,S
2021-06-22T13:00:14,300.0,24.2,S
2021-06-22T13:00:14,8700.0,24.2,S
2021-06-22T13:00:14,900.0,24.2,S
2021-06-22T13:00:12,10400.0,24.15,S
2021-06-22T13:00:12,400.0,24.2,S
2021-06-22T13:00:10,300.0,24.2,S
2021-06-22T13:00:09,200.0,24.2,S
2021-06-22T13:00:09,800.0,24.2,S
2021-06-22T13:00:09,100.0,24.2,S
2021-06-22T13:00:08,100.0,24.2,S
2021-06-22T13:00:08,1200.0,24.2,S
2021-06-22T13:00:08,1000.0,24.2,S
2021-06-22T13:00:08,1200.0,24.2,S
2021-06-22T13:00:08,100.0,24.2,S
2021-06-22T13:00:08,2000.0,24.2,S
2021-06-22T13:00:07,1500.0,24.2,S
2021-06-22T13:00:07,100.0,24.2,S
2021-06-22T13:00:06,1000.0,24.2,S
2021-06-22T13:00:06,1300.0,24.2,S
2021-06-22T13:00:06,3800.0,24.2,S
2021-06-22T11:30:07,21400.0,24.2,S
2021-06-22T11:29:49,300.0,24.25,B
2021-06-22T11:29:39,1000.0,24.2,S
2021-06-22T11:29:38,5000.0,24.2,S
2021-06-22T11:29:32,2000.0,24.2,S
2021-06-22T11:28:57,2000.0,24.2,S
2021-06-22T11:28:41,200.0,24.2,S
2021-06-22T11:28:40,1000.0,24.25,B
2021-06-22T11:28:23,200.0,24.2,S
2021-06-22T11:27:52,500.0,24.25,B
2021-06-22T11:27:32,8000.0,24.2,S
2021-06-22T11:27:29,2000.0,24.2,S
2021-06-22T11:27:01,200.0,24.2,B
2021-06-22T11:27:01,17900.0,24.2,B
2021-06-22T11:26:47,400.0,24.2,B
2021-06-22T11:26:45,200.0,24.2,B
2021-06-22T11:26:37,400.0,24.2,B
2021-06-22T11:25:58,400.0,24.2,B
2021-06-22T11:25:58,1000.0,24.2,B
2021-06-22T11:25:21,100.0,24.15,S
2021-06-22T11:24:47,2000.0,24.15,S
2021-06-22T11:24:46,6200.0,24.15,B
2021-06-22T11:24:42,200.0,24.15,B
2021-06-22T11:24:39,500.0,24.15,B
2021-06-22T11:24:30,5000.0,24.15,B
2021-06-22T11:24:12,300.0,24.15,B
2021-06-22T11:24:10,1000.0,24.15,B
2021-06-22T11:24:06,100.0,24.15,B
2021-06-22T11:23:53,800.0,24.1,S
2021-06-22T11:23:52,100.0,24.15,B
2021-06-22T11:23:49,200.0,24.1,S
2021-06-22T11:23:26,100.0,24.15,B
2021-06-22T11:23:25,500.0,24.15,B
2021-06-22T11:23:05,5000.0,24.15,B
2021-06-22T11:22:51,5000.0,24.1,S
2021-06-22T11:22:33,600.0,24.15,B
2021-06-22T11:22:16,3800.0,24.1,B
2021-06-22T11:22:14,1000.0,24.1,S
2021-06-22T11:22:13,200.0,24.1,S
2021-06-22T11:21:54,500.0,24.15,B
2021-06-22T11:21:54,2000.0,24.15,B
2021-06-22T11:21:50,600.0,24.05,S
2021-06-22T11:21:50,5000.0,24.05,S
2021-06-22T11:21:50,6400.0,24.05,S
2021-06-22T11:21:50,600.0,24.05,S
2021-06-22T11:21:50,5700.0,24.1,S
2021-06-22T11:21:50,100.0,24.1,S
2021-06-22T11:21:50,2100.0,24.1,S
2021-06-22T11:21:50,7500.0,24.1,S
2021-06-22T11:21:50,1500.0,24.1,S
2021-06-22T11:21:50,1100.0,24.1,S
2021-06-22T11:21:50,4200.0,24.1,S
2021-06-22T11:21:50,3300.0,24.1,S
2021-06-22T11:21:50,2400.0,24.1,S
2021-06-22T11:21:50,3100.0,24.1,S
2021-06-22T11:21:50,300.0,24.1,S
2021-06-22T11:21:49,3000.0,24.1,S
2021-06-22T11:21:49,1100.0,24.1,S
2021-06-22T11:21:49,1700.0,24.1,S
2021-06-22T11:21:49,11800.0,24.1,S
2021-06-22T11:21:14,4800.0,24.15,B
2021-06-22T11:21:11,500.0,24.15,B
2021-06-22T11:21:04,200.0,24.15,B
2021-06-22T11:20:59,1000.0,24.1,S
2021-06-22T11:20:42,4500.0,24.15,S
2021-06-22T11:20:39,500.0,24.15,S
2021-06-22T11:19:58,1000.0,24.1,S
2021-06-22T11:19:47,500.0,24.1,S
2021-06-22T11:19:43,10000.0,24.1,S
2021-06-22T11:19:26,200.0,24.15,S
2021-06-22T11:19:23,100.0,24.15,S
2021-06-22T11:19:19,100.0,24.15,S
2021-06-22T11:19:14,5000.0,24.2,B
2021-06-22T11:19:12,400.0,24.2,B
2021-06-22T11:18:54,200.0,24.15,S
2021-06-22T11:18:35,100.0,24.2,B
2021-06-22T11:18:31,2200.0,24.1,S
2021-06-22T11:18:20,2000.0,24.1,S
2021-06-22T11:18:17,1000.0,24.1,S
2021-06-22T11:17:57,10000.0,24.1,S
2021-06-22T11:17:50,500.0,24.2,B
2021-06-22T11:17:50,1500.0,24.2,B
2021-06-22T11:17:50,3000.0,24.15,B
2021-06-22T11:17:49,2000.0,24.2,B
2021-06-22T11:17:44,200.0,24.1,S
2021-06-22T11:17:41,3600.0,24.1,S
2021-06-22T11:17:37,4000.0,24.15,B
2021-06-22T11:17:36,2000.0,24.1,S
2021-06-22T11:17:35,5000.0,24.1,S
2021-06-22T11:17:19,10000.0,24.1,S
2021-06-22T11:17:17,2500.0,24.15,B
2021-06-22T11:17:17,1000.0,24.15,B
2021-06-22T11:16:50,100.0,24.15,B
2021-06-22T11:16:46,1100.0,24.15,S
2021-06-22T11:16:10,3000.0,24.2,B
2021-06-22T11:16:10,30600.0,24.1,S
2021-06-22T11:16:07,100.0,24.15,S
2021-06-22T11:15:57,200.0,24.2,B
2021-06-22T11:15:53,100.0,24.2,B
2021-06-22T11:15:47,27100.0,24.15,S
2021-06-22T11:15:47,500.0,24.15,S
2021-06-22T11:15:47,300.0,24.15,S
2021-06-22T11:15:47,100.0,24.15,S
2021-06-22T11:15:45,4000.0,24.2,S
2021-06-22T11:15:26,1000.0,24.2,S
2021-06-22T11:15:26,100.0,24.2,S
2021-06-22T11:15:26,1400.0,24.2,S
2021-06-22T11:15:26,16700.0,24.2,S
2021-06-22T11:15:01,10000.0,24.2,S
2021-06-22T11:15:00,100.0,24.25,B
2021-06-22T11:14:51,6900.0,24.2,S
2021-06-22T11:14:51,700.0,24.2,S
2021-06-22T11:14:51,3100.0,24.2,S
2021-06-22T11:14:51,1200.0,24.2,S
2021-06-22T11:14:51,5500.0,24.2,S
2021-06-22T11:14:51,2600.0,24.2,S
2021-06-22T11:14:30,200.0,24.25,B
2021-06-22T11:14:18,100.0,24.25,B
2021-06-22T11:14:10,5200.0,24.2,S
2021-06-22T11:14:10,1000.0,24.2,S
2021-06-22T11:14:10,200.0,24.2,S
2021-06-22T11:14:10,3600.0,24.2,S
2021-06-22T11:13:59,1800.0,24.25,B
2021-06-22T11:13:35,5900.0,24.25,B
2021-06-22T11:13:06,300.0,24.25,S
2021-06-22T11:13:02,1000.0,24.3,B
2021-06-22T11:12:46,2900.0,24.2,S
2021-06-22T11:12:46,5500.0,24.2,S
2021-06-22T11:12:46,200.0,24.2,S
2021-06-22T11:12:44,1900.0,24.2,S
2021-06-22T11:12:44,10000.0,24.2,S
2021-06-22T11:12:44,5500.0,24.2,S
2021-06-22T11:12:44,900.0,24.2,S
2021-06-22T11:12:44,500.0,24.2,S
2021-06-22T11:12:44,17200.0,24.2,S
2021-06-22T11:12:44,1700.0,24.2,S
2021-06-22T11:12:44,800.0,24.2,S
2021-06-22T11:12:44,5700.0,24.2,S
2021-06-22T11:12:44,3100.0,24.2,S
2021-06-22T11:12:44,1200.0,24.2,S
2021-06-22T11:12:44,2400.0,24.2,S
2021-06-22T11:12:44,5100.0,24.2,S
2021-06-22T11:12:44,8100.0,24.2,S
2021-06-22T11:12:44,1500.0,24.2,S
2021-06-22T11:12:44,1700.0,24.2,S
2021-06-22T11:12:44,2500.0,24.2,S
2021-06-22T11:12:44,1000.0,24.2,S
2021-06-22T11:12:44,15000.0,24.2,S
2021-06-22T11:12:44,2300.0,24.2,S
2021-06-22T11:12:44,300.0,24.2,S
2021-06-22T11:12:44,500.0,24.2,S
2021-06-22T11:12:44,5600.0,24.2,S
2021-06-22T11:12:44,3500.0,24.2,S
2021-06-22T11:12:44,10300.0,24.2,S
2021-06-22T11:12:44,900.0,24.2,S
2021-06-22T11:12:44,28100.0,24.2,S
2021-06-22T11:12:44,4900.0,24.2,S
2021-06-22T11:12:43,3300.0,24.2,S
2021-06-22T11:12:43,10500.0,24.2,S
2021-06-22T11:12:43,500.0,24.2,S
2021-06-22T11:12:43,3900.0,24.2,S
2021-06-22T11:12:43,300.0,24.25,S
2021-06-22T11:12:43,4400.0,24.25,S
2021-06-22T11:12:43,15000.0,24.25,S
2021-06-22T11:12:43,200.0,24.25,S
2021-06-22T11:12:43,100.0,24.25,S
2021-06-22T11:12:43,2600.0,24.25,S
2021-06-22T11:12:43,15300.0,24.25,S
2021-06-22T11:12:43,5000.0,24.25,S
2021-06-22T11:12:42,3100.0,24.25,S
2021-06-22T11:12:40,5000.0,24.25,S
2021-06-22T11:12:39,100.0,24.3,B
2021-06-22T11:12:27,300.0,24.3,B
2021-06-22T11:12:22,100.0,24.3,B
2021-06-22T11:12:06,500.0,24.3,B
2021-06-22T11:12:04,200.0,24.3,B
2021-06-22T11:12:02,600.0,24.3,B
2021-06-22T11:12:00,300.0,24.3,B
2021-06-22T11:12:00,200.0,24.3,B
2021-06-22T11:12:00,400.0,24.25,S
2021-06-22T11:12:00,2600.0,24.25,S
2021-06-22T11:11:52,1100.0,24.3,B
2021-06-22T11:11:30,100.0,24.3,B
2021-06-22T11:11:29,300.0,24.3,B
2021-06-22T11:11:24,4000.0,24.25,S
2021-06-22T11:11:24,3000.0,24.3,B
2021-06-22T11:11:24,2500.0,24.3,B
2021-06-22T11:11:23,2200.0,24.3,B
2021-06-22T11:11:14,3000.0,24.3,B
2021-06-22T11:11:12,1000.0,24.3,B
2021-06-22T11:10:39,200.0,24.3,B
2021-06-22T11:10:25,200.0,24.3,S
2021-06-22T11:09:56,100.0,24.3,S
2021-06-22T11:09:37,1000.0,24.35,B
2021-06-22T11:09:33,500.0,24.25,S
2021-06-22T11:08:57,100.0,24.35,B
2021-06-22T11:08:56,900.0,24.35,B
2021-06-22T11:08:56,100.0,24.3,S
2021-06-22T11:08:50,3200.0,24.3,S
2021-06-22T11:08:50,5500.0,24.3,S
2021-06-22T11:08:50,17800.0,24.3,S
2021-06-22T11:08:40,100.0,24.35,B
2021-06-22T11:08:37,900.0,24.35,B
2021-06-22T11:08:33,100.0,24.3,S
2021-06-22T11:08:23,100.0,24.3,S
2021-06-22T11:08:23,200.0,24.3,S
2021-06-22T11:08:19,200.0,24.35,B
2021-06-22T11:08:18,500.0,24.3,S
2021-06-22T11:08:13,1000.0,24.35,B
2021-06-22T11:08:12,700.0,24.35,B
2021-06-22T11:08:11,900.0,24.35,B
2021-06-22T11:08:10,200.0,24.35,B
2021-06-22T11:08:08,100.0,24.35,B
2021-06-22T11:07:59,1500.0,24.35,B
2021-06-22T11:07:59,6500.0,24.35,B
2021-06-22T11:07:58,4300.0,24.35,B
2021-06-22T11:07:58,600.0,24.35,B
2021-06-22T11:07:57,100.0,24.35,B
2021-06-22T11:07:42,700.0,24.35,B
2021-06-22T11:07:42,20000.0,24.3,S
2021-06-22T11:07:32,100.0,24.3,S
2021-06-22T11:07:23,300.0,24.35,B
2021-06-22T11:07:21,200.0,24.3,S
2021-06-22T11:07:09,3000.0,24.3,S
2021-06-22T11:07:01,500.0,24.3,S
2021-06-22T11:06:55,400.0,24.3,S
2021-06-22T11:06:50,800.0,24.3,S
2021-06-22T11:06:49,100.0,24.3,S
2021-06-22T11:06:47,800.0,24.3,S
2021-06-22T11:06:42,9000.0,24.3,S
2021-06-22T11:06:28,5000.0,24.3,S
2021-06-22T11:06:07,2000.0,24.3,S
2021-06-22T11:06:07,600.0,24.3,S
2021-06-22T11:05:58,700.0,24.3,B
2021-06-22T11:05:51,600.0,24.3,B
2021-06-22T11:05:48,700.0,24.3,B
2021-06-22T11:05:48,200.0,24.3,B
2021-06-22T11:05:48,11900.0,24.3,B
2021-06-22T11:05:32,100.0,24.25,S
2021-06-22T11:05:23,2000.0,24.3,B
2021-06-22T11:05:23,1200.0,24.3,B
2021-06-22T11:05:23,2000.0,24.3,B
2021-06-22T11:05:23,6800.0,24.3,B
2021-06-22T11:05:23,3000.0,24.3,B
2021-06-22T11:05:23,5000.0,24.25,S
2021-06-22T11:05:22,2900.0,24.3,B
2021-06-22T11:05:22,1000.0,24.3,B
2021-06-22T11:05:20,26100.0,24.3,B
2021-06-22T11:05:17,5800.0,24.25,S
2021-06-22T11:05:16,8500.0,24.25,S
2021-06-22T11:05:00,500.0,24.3,B
2021-06-22T11:04:49,2000.0,24.25,S
2021-06-22T11:04:44,2000.0,24.25,S
2021-06-22T11:04:43,100.0,24.3,B
2021-06-22T11:04:33,3000.0,24.25,S
2021-06-22T11:04:32,100.0,24.25,S
2021-06-22T11:04:16,800.0,24.25,S
2021-06-22T11:04:08,30000.0,24.25,S
2021-06-22T11:04:04,5000.0,24.3,B
2021-06-22T11:03:36,500.0,24.3,B
2021-06-22T11:03:26,500.0,24.25,S
2021-06-22T11:03:18,300.0,24.3,B
2021-06-22T11:03:12,11500.0,24.25,S
2021-06-22T11:03:04,100.0,24.3,B
2021-06-22T11:02:59,500.0,24.3,B
2021-06-22T11:02:56,2000.0,24.25,S
2021-06-22T11:02:51,1000.0,24.25,S
2021-06-22T11:02:49,900.0,24.3,B
2021-06-22T11:02:17,5600.0,24.3,S
2021-06-22T11:02:15,1100.0,24.25,S
2021-06-22T11:02:06,4900.0,24.3,S
2021-06-22T11:02:05,1000.0,24.3,S
2021-06-22T11:01:56,2000.0,24.3,S
2021-06-22T11:01:50,200.0,24.3,S
2021-06-22T11:01:48,1800.0,24.3,S
2021-06-22T11:01:46,1000.0,24.3,S
2021-06-22T11:01:45,2000.0,24.3,S
2021-06-22T11:01:34,10200.0,24.3,S
2021-06-22T11:01:34,200.0,24.3,S
2021-06-22T11:01:34,500.0,24.3,S
2021-06-22T11:01:34,22500.0,24.3,S
2021-06-22T11:01:13,1000.0,24.3,S
2021-06-22T11:01:01,1000.0,24.3,S
2021-06-22T11:00:40,900.0,24.3,S
2021-06-22T11:00:17,500.0,24.3,S
2021-06-22T11:00:09,400.0,24.3,S
2021-06-22T11:00:09,400.0,24.3,S
2021-06-22T11:00:07,100.0,24.35,B
2021-06-22T11:00:05,100.0,24.3,S
2021-06-22T10:59:51,1500.0,24.35,B
2021-06-22T10:59:50,4500.0,24.35,B
2021-06-22T10:59:31,100.0,24.3,S
2021-06-22T10:59:29,100.0,24.3,S
2021-06-22T10:59:23,3000.0,24.3,S
2021-06-22T10:59:01,4000.0,24.3,S
2021-06-22T10:58:46,1000.0,24.35,B
2021-06-22T10:58:28,2000.0,24.35,B
2021-06-22T10:58:23,1000.0,24.3,S
2021-06-22T10:58:16,3000.0,24.35,B
2021-06-22T10:58:16,700.0,24.3,S
2021-06-22T10:58:16,2200.0,24.3,S
2021-06-22T10:58:16,500.0,24.3,S
2021-06-22T10:58:14,6200.0,24.3,S
2021-06-22T10:58:11,1000.0,24.3,S
2021-06-22T10:58:09,10000.0,24.35,B
2021-06-22T10:58:05,2000.0,24.35,B
2021-06-22T10:57:40,200.0,24.3,S
2021-06-22T10:57:29,900.0,24.35,B
2021-06-22T10:57:29,4000.0,24.3,S
2021-06-22T10:57:29,2100.0,24.3,S
2021-06-22T10:57:29,7000.0,24.3,S
2021-06-22T10:57:29,1200.0,24.3,S
2021-06-22T10:57:29,1100.0,24.3,S
2021-06-22T10:57:29,6000.0,24.3,S
2021-06-22T10:57:29,3300.0,24.3,S
2021-06-22T10:57:29,2000.0,24.3,S
2021-06-22T10:57:29,33300.0,24.3,S
2021-06-22T10:57:26,400.0,24.35,B
2021-06-22T10:57:21,1900.0,24.3,S
2021-06-22T10:57:03,100.0,24.35,B
2021-06-22T10:57:00,1000.0,24.3,S
2021-06-22T10:57:00,1000.0,24.3,S
2021-06-22T10:57:00,100.0,24.3,S
2021-06-22T10:57:00,14000.0,24.3,S
2021-06-22T10:56:56,300.0,24.35,B
2021-06-22T10:56:41,100.0,24.35,B
2021-06-22T10:56:39,500.0,24.3,S
2021-06-22T10:56:34,200.0,24.35,B
2021-06-22T10:56:05,100.0,24.35,B
2021-06-22T10:55:58,1000.0,24.35,B
2021-06-22T10:55:46,3900.0,24.35,B
2021-06-22T10:55:42,1000.0,24.35,B
2021-06-22T10:55:39,200.0,24.35,B
2021-06-22T10:55:35,200.0,24.3,S
2021-06-22T10:55:31,1000.0,24.35,B
2021-06-22T10:55:25,300.0,24.35,B
2021-06-22T10:55:14,100.0,24.35,B
2021-06-22T10:55:01,300.0,24.35,B
2021-06-22T10:54:27,100.0,24.35,B
2021-06-22T10:54:27,1000.0,24.35,B
2021-06-22T10:53:56,300.0,24.35,B
2021-06-22T10:53:46,1000.0,24.35,B
2021-06-22T10:53:44,100.0,24.35,B
2021-06-22T10:53:36,3000.0,24.35,B
2021-06-22T10:53:35,200.0,24.35,B
2021-06-22T10:53:35,3800.0,24.35,B
2021-06-22T10:53:33,1000.0,24.35,B
2021-06-22T10:53:24,300.0,24.35,B
2021-06-22T10:53:23,200.0,24.35,B
2021-06-22T10:53:17,100.0,24.3,S
2021-06-22T10:53:12,500.0,24.35,B
2021-06-22T10:53:08,200.0,24.35,B
2021-06-22T10:52:53,300.0,24.35,B
2021-06-22T10:52:40,100.0,24.35,B
2021-06-22T10:52:38,600.0,24.35,B
2021-06-22T10:52:38,100.0,24.35,B
2021-06-22T10:52:35,300.0,24.35,B
2021-06-22T10:52:32,1000.0,24.35,B
2021-06-22T10:52:28,500.0,24.35,S
2021-06-22T10:52:27,2000.0,24.35,S
2021-06-22T10:52:21,4500.0,24.35,S
2021-06-22T10:52:21,3900.0,24.35,S
2021-06-22T10:52:21,1200.0,24.35,S
2021-06-22T10:52:21,400.0,24.35,S
2021-06-22T10:51:53,200.0,24.35,S
2021-06-22T10:51:46,3000.0,24.35,S
2021-06-22T10:51:46,1000.0,24.35,S
2021-06-22T10:51:42,1500.0,24.4,B
2021-06-22T10:51:40,200.0,24.35,S
2021-06-22T10:51:37,200.0,24.4,B
2021-06-22T10:51:34,5000.0,24.4,B
2021-06-22T10:51:33,3000.0,24.35,S
2021-06-22T10:51:33,400.0,24.4,B
2021-06-22T10:51:32,900.0,24.4,B
2021-06-22T10:51:30,2200.0,24.35,S
2021-06-22T10:51:30,11100.0,24.35,S
2021-06-22T10:51:30,10000.0,24.35,S
2021-06-22T10:51:30,6700.0,24.35,S
2021-06-22T10:51:27,500.0,24.35,S
2021-06-22T10:51:14,4100.0,24.35,S
2021-06-22T10:51:14,1200.0,24.35,S
2021-06-22T10:51:14,4700.0,24.35,S
2021-06-22T10:51:13,100.0,24.35,S
2021-06-22T10:50:56,700.0,24.35,S
2021-06-22T10:50:56,1200.0,24.35,S
2021-06-22T10:50:56,6900.0,24.35,S
2021-06-22T10:50:56,200.0,24.35,S
2021-06-22T10:50:56,1300.0,24.35,S
2021-06-22T10:50:56,39700.0,24.35,S
2021-06-22T10:50:50,500.0,24.4,B
2021-06-22T10:50:38,200.0,24.4,B
2021-06-22T10:50:36,100.0,24.4,B
2021-06-22T10:50:30,500.0,24.4,B
2021-06-22T10:50:19,12000.0,24.35,S
2021-06-22T10:50:11,400.0,24.4,B
2021-06-22T10:50:10,5000.0,24.35,S
2021-06-22T10:50:02,300.0,24.35,S
2021-06-22T10:49:53,5000.0,24.4,B
2021-06-22T10:49:51,800.0,24.4,B
2021-06-22T10:49:50,700.0,24.4,B
2021-06-22T10:49:43,3000.0,24.35,S
2021-06-22T10:49:43,500.0,24.4,B
2021-06-22T10:49:39,100.0,24.4,B
2021-06-22T10:49:38,10000.0,24.35,S
2021-06-22T10:49:17,1000.0,24.4,B
2021-06-22T10:49:15,500.0,24.4,B
2021-06-22T10:49:12,600.0,24.4,B
2021-06-22T10:48:34,600.0,24.35,S
2021-06-22T10:48:26,200.0,24.4,B
2021-06-22T10:48:15,900.0,24.4,B
2021-06-22T10:48:10,100.0,24.4,B
2021-06-22T10:48:07,500.0,24.4,B
2021-06-22T10:48:05,100.0,24.35,S
2021-06-22T10:48:02,100.0,24.35,S
2021-06-22T10:48:01,300.0,24.35,S
2021-06-22T10:47:53,100.0,24.4,B
2021-06-22T10:47:48,100.0,24.4,B
2021-06-22T10:47:43,200.0,24.4,B
2021-06-22T10:47:35,100.0,24.4,B
2021-06-22T10:47:25,800.0,24.4,B
2021-06-22T10:47:23,600.0,24.35,S
2021-06-22T10:47:12,200.0,24.35,S
2021-06-22T10:47:11,100.0,24.4,B
2021-06-22T10:47:08,1000.0,24.4,B
2021-06-22T10:47:08,200.0,24.4,B
2021-06-22T10:46:59,100.0,24.4,B
2021-06-22T10:46:53,1000.0,24.4,B
2021-06-22T10:46:51,200.0,24.4,B
2021-06-22T10:46:43,5000.0,24.4,B
2021-06-22T10:46:34,6600.0,24.4,B
2021-06-22T10:46:21,100.0,24.4,B
2021-06-22T10:46:06,5000.0,24.4,B
2021-06-22T10:46:05,200.0,24.4,B
2021-06-22T10:46:03,500.0,24.4,B
2021-06-22T10:46:00,500.0,24.4,B
2021-06-22T10:45:48,5000.0,24.4,B
2021-06-22T10:45:42,500.0,24.4,B
2021-06-22T10:45:41,200.0,24.4,B
2021-06-22T10:45:36,100.0,24.4,B
2021-06-22T10:45:27,400.0,24.4,B
2021-06-22T10:45:26,12800.0,24.35,S
2021-06-22T10:45:26,4200.0,24.35,S
2021-06-22T10:45:26,1000.0,24.35,S
2021-06-22T10:45:00,500.0,24.4,S
2021-06-22T10:44:56,400.0,24.4,S
2021-06-22T10:44:56,500.0,24.4,S
2021-06-22T10:44:54,300.0,24.4,S
2021-06-22T10:44:43,200.0,24.4,S
2021-06-22T10:44:43,500.0,24.4,S
2021-06-22T10:44:42,1000.0,24.4,S
2021-06-22T10:44:38,500.0,24.4,S
2021-06-22T10:44:35,1000.0,24.4,S
2021-06-22T10:44:35,2500.0,24.4,S
2021-06-22T10:44:32,200.0,24.4,S
2021-06-22T10:44:30,1000.0,24.4,S
2021-06-22T10:44:29,5000.0,24.4,S
2021-06-22T10:44:28,200.0,24.4,S
2021-06-22T10:44:24,9200.0,24.45,B
2021-06-22T10:44:19,700.0,24.4,S
2021-06-22T10:44:07,6600.0,24.4,S
2021-06-22T10:44:02,42600.0,24.45,B
2021-06-22T10:44:01,300.0,24.4,S
2021-06-22T10:44:01,700.0,24.4,S
2021-06-22T10:43:58,300.0,24.4,S
2021-06-22T10:43:55,1200.0,24.4,S
2021-06-22T10:43:55,100.0,24.4,S
2021-06-22T10:43:55,400.0,24.4,S
2021-06-22T10:43:54,5200.0,24.4,S
2021-06-22T10:43:54,43200.0,24.4,S
2021-06-22T10:43:49,5700.0,24.4,S
2021-06-22T10:43:40,4000.0,24.4,S
2021-06-22T10:43:25,2700.0,24.4,S
2021-06-22T10:43:25,3300.0,24.4,S
2021-06-22T10:43:21,3300.0,24.4,S
2021-06-22T10:43:21,700.0,24.4,S
2021-06-22T10:43:20,12900.0,24.4,S
2021-06-22T10:43:19,100.0,24.45,B
2021-06-22T10:43:00,15000.0,24.4,S
2021-06-22T10:42:57,200.0,24.45,B
2021-06-22T10:42:55,700.0,24.45,B
2021-06-22T10:42:53,500.0,24.45,B
2021-06-22T10:42:53,3000.0,24.45,B
2021-06-22T10:42:53,1000.0,24.45,B
2021-06-22T10:42:48,2000.0,24.45,B
2021-06-22T10:42:35,600.0,24.45,S
2021-06-22T10:42:32,500.0,24.45,S
2021-06-22T10:42:29,3200.0,24.4,S
2021-06-22T10:42:24,200.0,24.45,S
2021-06-22T10:42:21,1200.0,24.45,S
2021-06-22T10:42:14,1800.0,24.45,S
2021-06-22T10:42:13,100.0,24.45,S
2021-06-22T10:42:11,1800.0,24.45,S
2021-06-22T10:42:11,2300.0,24.45,S
2021-06-22T10:42:11,900.0,24.45,S
2021-06-22T10:42:05,500.0,24.45,S
2021-06-22T10:41:58,5800.0,24.5,B
2021-06-22T10:41:52,100.0,24.45,S
2021-06-22T10:41:42,3000.0,24.5,B
2021-06-22T10:41:42,1000.0,24.5,B
2021-06-22T10:41:40,300.0,24.45,S
2021-06-22T10:41:40,100.0,24.45,S
2021-06-22T10:41:37,200.0,24.45,S
2021-06-22T10:41:35,200.0,24.45,S
2021-06-22T10:41:32,500.0,24.45,S
2021-06-22T10:41:29,500.0,24.45,S
2021-06-22T10:41:09,2000.0,24.45,S
2021-06-22T10:41:03,800.0,24.45,S
2021-06-22T10:40:59,100.0,24.45,S
2021-06-22T10:40:54,500.0,24.45,S
2021-06-22T10:40:50,2000.0,24.45,S
2021-06-22T10:40:38,2000.0,24.45,S
2021-06-22T10:40:36,5000.0,24.45,S
2021-06-22T10:40:19,1700.0,24.45,B
2021-06-22T10:39:55,2800.0,24.45,B
2021-06-22T10:39:53,5000.0,24.5,B
2021-06-22T10:39:52,5400.0,24.5,B
2021-06-22T10:39:47,600.0,24.45,B
2021-06-22T10:39:35,1100.0,24.45,S
2021-06-22T10:39:27,1100.0,24.45,S
2021-06-22T10:39:15,1500.0,24.45,S
2021-06-22T10:39:12,300.0,24.5,B
2021-06-22T10:39:04,100.0,24.45,S
2021-06-22T10:39:03,2000.0,24.45,S
2021-06-22T10:38:48,1000.0,24.45,S
2021-06-22T10:38:47,800.0,24.45,S
2021-06-22T10:38:36,3000.0,24.45,S
2021-06-22T10:38:13,100.0,24.45,S
2021-06-22T10:38:12,2600.0,24.45,S
2021-06-22T10:38:10,500.0,24.5,B
2021-06-22T10:38:05,1000.0,24.5,B
2021-06-22T10:37:59,3000.0,24.45,S
2021-06-22T10:37:57,1200.0,24.45,S
2021-06-22T10:37:48,500.0,24.45,S
2021-06-22T10:37:43,5300.0,24.45,S
2021-06-22T10:37:43,1200.0,24.45,S
2021-06-22T10:37:43,2200.0,24.45,S
2021-06-22T10:37:43,400.0,24.45,S
2021-06-22T10:37:43,11100.0,24.45,S
2021-06-22T10:37:43,40400.0,24.45,S
2021-06-22T10:37:42,17100.0,24.45,S
2021-06-22T10:37:42,6000.0,24.45,S
2021-06-22T10:37:42,2500.0,24.45,S
2021-06-22T10:37:42,11800.0,24.45,S
2021-06-22T10:37:42,300.0,24.45,S
2021-06-22T10:37:26,7000.0,24.5,B
2021-06-22T10:37:13,500.0,24.45,S
2021-06-22T10:37:04,100.0,24.5,B
2021-06-22T10:37:04,100.0,24.45,S
2021-06-22T10:36:52,200.0,24.45,S
2021-06-22T10:36:51,5000.0,24.5,B
2021-06-22T10:36:42,2000.0,24.5,B
2021-06-22T10:36:39,200.0,24.5,B
2021-06-22T10:36:34,2000.0,24.5,B
2021-06-22T10:36:34,100.0,24.5,B
2021-06-22T10:36:29,200.0,24.5,B
2021-06-22T10:36:28,100.0,24.5,B
2021-06-22T10:36:22,300.0,24.5,B
2021-06-22T10:36:22,700.0,24.5,B
2021-06-22T10:35:58,200.0,24.5,B
2021-06-22T10:35:57,300.0,24.5,B
2021-06-22T10:35:49,100.0,24.5,B
2021-06-22T10:35:49,500.0,24.45,S
2021-06-22T10:35:49,200.0,24.5,B
2021-06-22T10:35:48,1200.0,24.5,B
2021-06-22T10:35:47,400.0,24.5,B
2021-06-22T10:35:45,2500.0,24.5,B
2021-06-22T10:35:15,3500.0,24.5,B
2021-06-22T10:35:13,1000.0,24.45,S
2021-06-22T10:35:09,1000.0,24.45,S
2021-06-22T10:34:47,100.0,24.45,S
2021-06-22T10:34:46,100.0,24.5,B
2021-06-22T10:34:45,400.0,24.5,B
2021-06-22T10:34:45,500.0,24.5,B
2021-06-22T10:34:38,700.0,24.5,B
2021-06-22T10:34:17,100.0,24.5,B
2021-06-22T10:34:07,1000.0,24.5,B
2021-06-22T10:33:58,600.0,24.5,B
2021-06-22T10:33:58,1100.0,24.5,B
2021-06-22T10:33:58,3300.0,24.5,B
2021-06-22T10:33:57,200.0,24.5,B
2021-06-22T10:33:53,200.0,24.45,S
2021-06-22T10:33:47,1000.0,24.45,S
2021-06-22T10:33:41,900.0,24.5,B
2021-06-22T10:33:40,1200.0,24.5,B
2021-06-22T10:33:21,200.0,24.5,B
2021-06-22T10:33:14,800.0,24.45,S
2021-06-22T10:33:04,200.0,24.5,B
2021-06-22T10:32:56,2000.0,24.5,B
2021-06-22T10:32:54,6200.0,24.5,B
2021-06-22T10:32:54,10600.0,24.5,B
2021-06-22T10:32:54,1200.0,24.5,B
2021-06-22T10:32:20,7100.0,24.5,B
2021-06-22T10:32:07,100.0,24.5,B
2021-06-22T10:32:00,400.0,24.45,S
2021-06-22T10:31:47,200.0,24.5,B
2021-06-22T10:31:38,2600.0,24.45,S
2021-06-22T10:30:56,300.0,24.45,S
2021-06-22T10:30:56,200.0,24.5,B
2021-06-22T10:30:52,800.0,24.5,B
2021-06-22T10:30:52,700.0,24.5,B
2021-06-22T10:30:52,2000.0,24.5,B
2021-06-22T10:30:52,3400.0,24.5,B
2021-06-22T10:30:52,9000.0,24.5,B
2021-06-22T10:30:51,100.0,24.5,B
2021-06-22T10:30:51,20600.0,24.5,B
2021-06-22T10:30:49,1100.0,24.5,B
2021-06-22T10:30:47,2500.0,24.45,S
2021-06-22T10:30:43,600.0,24.5,B
2021-06-22T10:30:33,1500.0,24.5,B
2021-06-22T10:30:24,200.0,24.45,S
2021-06-22T10:30:22,2000.0,24.5,B
2021-06-22T10:30:15,8000.0,24.5,B
2021-06-22T10:30:05,3000.0,24.45,S
2021-06-22T10:30:05,14900.0,24.45,S
2021-06-22T10:30:05,15600.0,24.45,S
2021-06-22T10:30:05,700.0,24.45,S
2021-06-22T10:30:04,5800.0,24.45,S
2021-06-22T10:29:59,1300.0,24.5,B
2021-06-22T10:29:59,1200.0,24.5,B
2021-06-22T10:29:59,1300.0,24.5,B
2021-06-22T10:29:47,1000.0,24.5,B
2021-06-22T10:29:43,2200.0,24.5,B
2021-06-22T10:29:43,1000.0,24.5,B
2021-06-22T10:29:43,200.0,24.5,B
2021-06-22T10:29:43,1100.0,24.5,B
2021-06-22T10:29:43,400.0,24.5,B
2021-06-22T10:29:43,600.0,24.5,B
2021-06-22T10:29:42,4900.0,24.5,B
2021-06-22T10:29:28,3000.0,24.5,B
2021-06-22T10:29:27,800.0,24.45,S
2021-06-22T10:29:25,1200.0,24.5,B
2021-06-22T10:29:23,200.0,24.5,B
2021-06-22T10:29:12,500.0,24.5,B
2021-06-22T10:29:06,100.0,24.45,S
2021-06-22T10:29:03,100.0,24.5,B
2021-06-22T10:28:53,800.0,24.45,S
2021-06-22T10:28:49,600.0,24.5,B
2021-06-22T10:28:44,1000.0,24.5,B
2021-06-22T10:28:43,1100.0,24.5,B
2021-06-22T10:28:43,8000.0,24.5,B
2021-06-22T10:28:43,5000.0,24.5,B
2021-06-22T10:28:43,1200.0,24.5,B
2021-06-22T10:28:43,600.0,24.5,B
2021-06-22T10:28:43,5200.0,24.5,B
2021-06-22T10:28:42,500.0,24.5,B
2021-06-22T10:28:40,1200.0,24.5,B
2021-06-22T10:28:40,2000.0,24.45,S
2021-06-22T10:28:39,200.0,24.5,B
2021-06-22T10:28:24,3000.0,24.5,B
2021-06-22T10:28:19,1500.0,24.5,B
2021-06-22T10:28:16,200.0,24.5,B
2021-06-22T10:28:07,1900.0,24.5,B
2021-06-22T10:28:07,200.0,24.5,B
2021-06-22T10:27:59,14700.0,24.5,B
2021-06-22T10:27:58,7100.0,24.5,B
2021-06-22T10:27:50,1000.0,24.5,B
2021-06-22T10:27:49,100.0,24.5,B
2021-06-22T10:27:44,6000.0,24.5,B
2021-06-22T10:27:42,5700.0,24.5,B
2021-06-22T10:27:42,100.0,24.5,B
2021-06-22T10:27:42,9000.0,24.5,B
2021-06-22T10:27:42,6100.0,24.5,B
2021-06-22T10:27:42,9100.0,24.5,B
2021-06-22T10:27:34,1000.0,24.5,B
2021-06-22T10:27:34,1000.0,24.5,B
2021-06-22T10:27:26,100.0,24.45,S
2021-06-22T10:27:16,2000.0,24.5,B
2021-06-22T10:27:16,100.0,24.45,S
2021-06-22T10:27:09,1000.0,24.5,B
2021-06-22T10:27:02,1000.0,24.5,B
2021-06-22T10:26:56,200.0,24.5,B
2021-06-22T10:26:56,1000.0,24.5,B
2021-06-22T10:26:49,1000.0,24.5,B
2021-06-22T10:26:46,11000.0,24.5,B
2021-06-22T10:26:46,1100.0,24.5,B
2021-06-22T10:26:46,10100.0,24.5,B
2021-06-22T10:26:45,2800.0,24.5,B
2021-06-22T10:26:40,1400.0,24.5,B
2021-06-22T10:26:38,1000.0,24.5,B
2021-06-22T10:26:38,1000.0,24.5,B
2021-06-22T10:26:32,1000.0,24.5,B
2021-06-22T10:26:27,1000.0,24.5,B
2021-06-22T10:26:26,500.0,24.45,S
2021-06-22T10:26:14,1000.0,24.5,B
2021-06-22T10:26:08,1000.0,24.5,B
2021-06-22T10:26:03,100.0,24.5,B
2021-06-22T10:26:00,1000.0,24.5,B
2021-06-22T10:25:57,5000.0,24.5,B
2021-06-22T10:25:53,100.0,24.5,B
2021-06-22T10:25:52,1000.0,24.5,B
2021-06-22T10:25:40,300.0,24.5,B
2021-06-22T10:25:35,3000.0,24.45,S
2021-06-22T10:25:24,100.0,24.5,B
2021-06-22T10:25:12,200.0,24.45,S
2021-06-22T10:25:07,6500.0,24.45,S
2021-06-22T10:25:04,100.0,24.5,B
2021-06-22T10:24:56,500.0,24.45,S
2021-06-22T10:24:46,10000.0,24.45,S
2021-06-22T10:24:39,900.0,24.5,B
2021-06-22T10:24:39,800.0,24.5,B
2021-06-22T10:24:39,500.0,24.5,B
2021-06-22T10:24:39,2800.0,24.5,B
2021-06-22T10:24:34,200.0,24.45,S
2021-06-22T10:24:33,4000.0,24.5,B
2021-06-22T10:24:18,700.0,24.5,B
2021-06-22T10:24:16,600.0,24.5,B
2021-06-22T10:24:16,1000.0,24.5,B
2021-06-22T10:24:09,1000.0,24.45,S
2021-06-22T10:24:07,800.0,24.45,S
2021-06-22T10:24:05,200.0,24.5,B
2021-06-22T10:24:05,600.0,24.5,B
2021-06-22T10:24:05,10500.0,24.5,B
2021-06-22T10:24:05,2000.0,24.5,B
2021-06-22T10:24:05,13000.0,24.5,B
2021-06-22T10:24:05,2700.0,24.5,B
2021-06-22T10:24:05,500.0,24.5,B
2021-06-22T10:24:05,500.0,24.5,B
2021-06-22T10:24:00,1800.0,24.5,B
2021-06-22T10:24:00,500.0,24.5,B
2021-06-22T10:24:00,1400.0,24.5,B
2021-06-22T10:24:00,2100.0,24.5,B
2021-06-22T10:24:00,300.0,24.5,B
2021-06-22T10:24:00,2000.0,24.5,B
2021-06-22T10:24:00,2900.0,24.5,B
2021-06-22T10:24:00,1700.0,24.5,B
2021-06-22T10:23:59,7300.0,24.5,B
2021-06-22T10:23:55,500.0,24.5,B
2021-06-22T10:23:42,100.0,24.45,S
2021-06-22T10:23:37,4000.0,24.5,B
2021-06-22T10:23:37,3200.0,24.5,B
2021-06-22T10:23:37,800.0,24.5,B
2021-06-22T10:23:37,1200.0,24.5,B
2021-06-22T10:23:37,4100.0,24.5,B
2021-06-22T10:23:37,600.0,24.5,B
2021-06-22T10:23:37,1000.0,24.5,B
2021-06-22T10:23:37,2100.0,24.5,B
2021-06-22T10:23:37,600.0,24.5,B
2021-06-22T10:23:37,35600.0,24.5,B
2021-06-22T10:23:33,500.0,24.5,B
2021-06-22T10:23:28,100.0,24.45,S
2021-06-22T10:23:23,3200.0,24.45,S
2021-06-22T10:23:22,10000.0,24.45,S
2021-06-22T10:23:22,500.0,24.45,S
2021-06-22T10:23:21,2000.0,24.5,B
2021-06-22T10:23:20,100.0,24.45,S
2021-06-22T10:23:15,5400.0,24.5,B
2021-06-22T10:23:10,200.0,24.45,S
2021-06-22T10:23:07,20800.0,24.5,B
2021-06-22T10:23:07,6500.0,24.5,B
2021-06-22T10:23:07,1400.0,24.5,B
2021-06-22T10:23:07,7100.0,24.5,B
2021-06-22T10:23:07,500.0,24.5,B
2021-06-22T10:23:07,1500.0,24.5,B
2021-06-22T10:23:07,3500.0,24.5,B
2021-06-22T10:23:07,800.0,24.5,B
2021-06-22T10:23:07,24700.0,24.5,B
2021-06-22T10:23:07,8100.0,24.5,B
2021-06-22T10:23:07,5100.0,24.5,B
2021-06-22T10:23:07,2300.0,24.5,B
2021-06-22T10:23:06,1500.0,24.5,B
2021-06-22T10:23:06,1300.0,24.5,B
2021-06-22T10:23:06,500.0,24.5,B
2021-06-22T10:23:06,6400.0,24.5,B
2021-06-22T10:23:06,8000.0,24.5,B
2021-06-22T10:23:04,100.0,24.45,S
2021-06-22T10:23:00,4000.0,24.5,B
2021-06-22T10:22:43,6500.0,24.5,B
2021-06-22T10:22:43,4300.0,24.5,B
2021-06-22T10:22:33,1000.0,24.45,S
2021-06-22T10:22:33,500.0,24.45,S
2021-06-22T10:22:31,1000.0,24.5,B
2021-06-22T10:22:29,1000.0,24.45,S
2021-06-22T10:22:25,10000.0,24.45,S
2021-06-22T10:22:21,1000.0,24.45,S
2021-06-22T10:22:17,3600.0,24.5,B
2021-06-22T10:22:17,6200.0,24.5,B
2021-06-22T10:22:17,500.0,24.5,B
2021-06-22T10:22:17,5400.0,24.5,B
2021-06-22T10:22:17,300.0,24.5,B
2021-06-22T10:22:17,400.0,24.5,B
2021-06-22T10:22:17,700.0,24.5,B
2021-06-22T10:22:17,3600.0,24.5,B
2021-06-22T10:22:17,4100.0,24.5,B
2021-06-22T10:22:17,5200.0,24.5,B
2021-06-22T10:22:04,2000.0,24.45,S
2021-06-22T10:22:04,1000.0,24.5,B
2021-06-22T10:22:02,100.0,24.45,S
2021-06-22T10:21:46,100.0,24.45,S
2021-06-22T10:21:38,100.0,24.45,S
2021-06-22T10:21:32,100.0,24.45,S
2021-06-22T10:21:29,100.0,24.45,S
2021-06-22T10:21:07,400.0,24.45,S
2021-06-22T10:21:05,100.0,24.5,B
2021-06-22T10:21:02,1900.0,24.45,S
2021-06-22T10:21:02,100.0,24.45,S
2021-06-22T10:20:54,1500.0,24.45,S
2021-06-22T10:20:34,1600.0,24.45,S
2021-06-22T10:20:32,2000.0,24.45,S
2021-06-22T10:20:31,1700.0,24.5,B
2021-06-22T10:20:31,1400.0,24.5,B
2021-06-22T10:20:31,1100.0,24.5,B
2021-06-22T10:20:31,600.0,24.5,B
2021-06-22T10:20:31,2600.0,24.5,B
2021-06-22T10:20:31,5600.0,24.5,B
2021-06-22T10:20:31,5400.0,24.5,B
2021-06-22T10:20:31,1200.0,24.5,B
2021-06-22T10:20:31,1100.0,24.5,B
2021-06-22T10:20:31,17600.0,24.5,B
2021-06-22T10:20:31,6100.0,24.5,B
2021-06-22T10:20:31,1100.0,24.5,B
2021-06-22T10:20:31,10600.0,24.5,B
2021-06-22T10:20:31,1000.0,24.5,B
2021-06-22T10:20:31,4200.0,24.5,B
2021-06-22T10:20:31,5800.0,24.5,B
2021-06-22T10:20:31,10100.0,24.5,B
2021-06-22T10:20:31,2000.0,24.5,B
2021-06-22T10:20:30,1900.0,24.5,B
2021-06-22T10:20:30,15000.0,24.5,B
2021-06-22T10:20:30,1100.0,24.5,B
2021-06-22T10:20:30,2100.0,24.5,B
2021-06-22T10:20:30,1000.0,24.5,B
2021-06-22T10:20:30,4000.0,24.5,B
2021-06-22T10:20:30,200.0,24.5,B
2021-06-22T10:20:30,400.0,24.5,B
2021-06-22T10:20:30,51800.0,24.5,B
2021-06-22T10:20:30,7300.0,24.5,B
2021-06-22T10:20:30,100.0,24.5,B
2021-06-22T10:20:30,800.0,24.5,B
2021-06-22T10:20:30,1600.0,24.5,B
2021-06-22T10:20:30,8100.0,24.5,B
2021-06-22T10:20:30,3200.0,24.5,B
2021-06-22T10:20:30,7200.0,24.5,B
2021-06-22T10:20:30,4000.0,24.5,B
2021-06-22T10:20:30,1500.0,24.5,B
2021-06-22T10:20:30,9500.0,24.5,B
2021-06-22T10:20:17,200.0,24.5,B
2021-06-22T10:20:17,900.0,24.5,B
2021-06-22T10:20:17,3900.0,24.5,B
2021-06-22T10:20:02,200.0,24.45,S
2021-06-22T10:20:00,1000.0,24.5,B
2021-06-22T10:19:38,100.0,24.5,B
2021-06-22T10:19:38,500.0,24.5,B
2021-06-22T10:19:38,6600.0,24.5,B
2021-06-22T10:19:38,5200.0,24.5,B
2021-06-22T10:19:38,400.0,24.5,B
2021-06-22T10:19:38,4500.0,24.5,B
2021-06-22T10:19:38,10500.0,24.5,B
2021-06-22T10:19:38,3200.0,24.5,B
2021-06-22T10:19:28,5000.0,24.45,S
2021-06-22T10:19:26,100.0,24.4,S
2021-06-22T10:19:24,8000.0,24.4,S
2021-06-22T10:19:20,2000.0,24.45,S
2021-06-22T10:19:19,100.0,24.45,S
2021-06-22T10:19:11,1000.0,24.45,S
2021-06-22T10:19:06,1000.0,24.45,S
2021-06-22T10:19:02,300.0,24.5,B
2021-06-22T10:18:55,1000.0,24.45,B
2021-06-22T10:18:54,1000.0,24.45,B
2021-06-22T10:18:53,300.0,24.45,B
2021-06-22T10:18:50,1000.0,24.45,B
2021-06-22T10:18:49,1300.0,24.45,B
2021-06-22T10:18:49,900.0,24.45,B
2021-06-22T10:18:49,19900.0,24.45,B
2021-06-22T10:18:49,2300.0,24.45,B
2021-06-22T10:18:49,8400.0,24.45,B
2021-06-22T10:18:49,400.0,24.45,B
2021-06-22T10:18:49,30900.0,24.45,B
2021-06-22T10:18:42,3000.0,24.45,B
2021-06-22T10:18:35,3100.0,24.45,B
2021-06-22T10:18:35,100.0,24.45,B
2021-06-22T10:18:33,5000.0,24.45,B
2021-06-22T10:18:28,1700.0,24.45,B
2021-06-22T10:18:28,7300.0,24.45,B
2021-06-22T10:18:28,3500.0,24.45,B
2021-06-22T10:18:28,7500.0,24.45,B
2021-06-22T10:18:23,300.0,24.4,S
2021-06-22T10:18:10,1500.0,24.45,B
2021-06-22T10:18:06,200.0,24.4,S
2021-06-22T10:17:54,100.0,24.4,S
2021-06-22T10:17:51,100.0,24.45,B
2021-06-22T10:17:49,12000.0,24.4,S
2021-06-22T10:17:48,1000.0,24.4,S
2021-06-22T10:17:43,100.0,24.4,S
2021-06-22T10:17:37,6300.0,24.45,B
2021-06-22T10:17:37,100.0,24.45,B
2021-06-22T10:17:37,9300.0,24.45,B
2021-06-22T10:17:37,2900.0,24.45,B
2021-06-22T10:17:37,500.0,24.45,B
2021-06-22T10:17:37,7100.0,24.45,B
2021-06-22T10:17:37,13800.0,24.45,B
2021-06-22T10:17:31,300.0,24.4,S
2021-06-22T10:17:14,4600.0,24.4,S
2021-06-22T10:17:14,2400.0,24.4,S
2021-06-22T10:17:12,100.0,24.4,S
2021-06-22T10:17:10,100.0,24.4,S
2021-06-22T10:17:10,300.0,24.45,B
2021-06-22T10:17:03,2000.0,24.4,S
2021-06-22T10:16:54,5000.0,24.45,B
2021-06-22T10:16:52,1000.0,24.4,S
2021-06-22T10:16:45,2000.0,24.4,S
2021-06-22T10:16:34,2400.0,24.4,S
2021-06-22T10:16:33,600.0,24.4,S
2021-06-22T10:16:29,36100.0,24.4,S
2021-06-22T10:16:26,200.0,24.4,S
2021-06-22T10:16:26,5000.0,24.4,S
2021-06-22T10:16:26,6000.0,24.4,S
2021-06-22T10:16:18,10000.0,24.4,S
2021-06-22T10:16:16,1000.0,24.4,S
2021-06-22T10:16:07,500.0,24.4,B
2021-06-22T10:16:07,100.0,24.4,B
2021-06-22T10:16:06,100.0,24.4,B
2021-06-22T10:16:05,300.0,24.4,B
2021-06-22T10:16:05,3100.0,24.4,B
2021-06-22T10:16:03,100.0,24.35,S
2021-06-22T10:16:01,18000.0,24.4,B
2021-06-22T10:15:58,2000.0,24.4,B
2021-06-22T10:15:55,10000.0,24.4,B
2021-06-22T10:15:53,2000.0,24.4,B
2021-06-22T10:15:51,2000.0,24.4,B
2021-06-22T10:15:50,100.0,24.4,B
2021-06-22T10:15:49,200.0,24.4,B
2021-06-22T10:15:49,1200.0,24.4,B
2021-06-22T10:15:43,1300.0,24.4,B
2021-06-22T10:15:38,10000.0,24.4,B
2021-06-22T10:15:34,300.0,24.4,B
2021-06-22T10:15:22,100.0,24.4,B
2021-06-22T10:15:22,1000.0,24.4,B
2021-06-22T10:15:19,100.0,24.4,B
2021-06-22T10:15:16,1000.0,24.4,B
2021-06-22T10:15:16,2000.0,24.4,B
2021-06-22T10:15:14,200.0,24.4,B
2021-06-22T10:15:12,1700.0,24.4,B
2021-06-22T10:15:11,1000.0,24.4,B
2021-06-22T10:15:08,3300.0,24.4,B
2021-06-22T10:15:06,300.0,24.35,S
2021-06-22T10:14:57,10000.0,24.4,B
2021-06-22T10:14:56,10000.0,24.4,B
2021-06-22T10:14:55,1000.0,24.4,B
2021-06-22T10:14:54,500.0,24.4,B
2021-06-22T10:14:51,20500.0,24.4,B
2021-06-22T10:14:51,5100.0,24.4,B
2021-06-22T10:14:51,1800.0,24.4,B
2021-06-22T10:14:51,1600.0,24.4,B
2021-06-22T10:14:51,2500.0,24.4,B
2021-06-22T10:14:51,100.0,24.4,B
2021-06-22T10:14:51,18400.0,24.4,B
2021-06-22T10:14:51,1000.0,24.4,B
2021-06-22T10:14:50,200.0,24.4,B
2021-06-22T10:14:50,800.0,24.4,B
2021-06-22T10:14:47,1000.0,24.4,B
2021-06-22T10:14:46,1000.0,24.4,B
2021-06-22T10:14:46,400.0,24.4,B
2021-06-22T10:14:46,600.0,24.4,B
2021-06-22T10:14:42,1800.0,24.4,B
2021-06-22T10:14:42,200.0,24.4,B
2021-06-22T10:14:42,5500.0,24.4,B
2021-06-22T10:14:42,7000.0,24.4,B
2021-06-22T10:14:42,1000.0,24.4,B
2021-06-22T10:14:42,4500.0,24.4,B
2021-06-22T10:14:39,27800.0,24.35,S
2021-06-22T10:14:38,10000.0,24.4,B
2021-06-22T10:14:31,12400.0,24.4,B
2021-06-22T10:14:31,200.0,24.4,B
2021-06-22T10:14:31,2100.0,24.4,B
2021-06-22T10:14:31,300.0,24.4,B
2021-06-22T10:14:31,15000.0,24.4,B
2021-06-22T10:14:28,8000.0,24.35,S
2021-06-22T10:14:23,100.0,24.35,S
2021-06-22T10:14:17,600.0,24.4,B
2021-06-22T10:14:17,2100.0,24.4,B
2021-06-22T10:14:17,7300.0,24.4,B
2021-06-22T10:14:15,12000.0,24.35,S
2021-06-22T10:14:11,8900.0,24.35,S
2021-06-22T10:14:04,600.0,24.35,S
2021-06-22T10:14:03,700.0,24.4,B
2021-06-22T10:14:03,300.0,24.4,B
2021-06-22T10:14:01,1000.0,24.35,S
2021-06-22T10:14:01,4300.0,24.35,S
2021-06-22T10:13:55,1000.0,24.35,S
2021-06-22T10:13:52,200.0,24.35,S
2021-06-22T10:13:48,100.0,24.4,B
2021-06-22T10:13:47,500.0,24.35,S
2021-06-22T10:13:45,2600.0,24.4,B
2021-06-22T10:13:45,2000.0,24.4,B
2021-06-22T10:13:44,1000.0,24.4,B
2021-06-22T10:13:44,900.0,24.4,B
2021-06-22T10:13:44,16000.0,24.4,B
2021-06-22T10:13:44,2200.0,24.4,B
2021-06-22T10:13:44,35300.0,24.4,B
2021-06-22T10:13:42,1500.0,24.35,S
2021-06-22T10:13:41,2000.0,24.4,B
2021-06-22T10:13:39,1000.0,24.35,B
2021-06-22T10:13:38,700.0,24.35,B
2021-06-22T10:13:38,7000.0,24.35,B
2021-06-22T10:13:38,1800.0,24.35,B
2021-06-22T10:13:38,2000.0,24.35,B
2021-06-22T10:13:36,600.0,24.35,B
2021-06-22T10:13:36,3000.0,24.35,B
2021-06-22T10:13:36,1400.0,24.35,B
2021-06-22T10:13:31,4300.0,24.35,B
2021-06-22T10:13:31,500.0,24.35,B
2021-06-22T10:13:31,1500.0,24.35,B
2021-06-22T10:13:31,3100.0,24.35,B
2021-06-22T10:13:31,5600.0,24.35,B
2021-06-22T10:13:28,1000.0,24.35,B
2021-06-22T10:13:13,4800.0,24.3,S
2021-06-22T10:13:13,500.0,24.3,S
2021-06-22T10:13:12,7700.0,24.3,S
2021-06-22T10:13:08,1000.0,24.3,S
2021-06-22T10:13:04,1000.0,24.3,S
2021-06-22T10:13:00,1900.0,24.3,S
2021-06-22T10:13:00,100.0,24.35,B
2021-06-22T10:12:56,1000.0,24.35,B
2021-06-22T10:12:51,100.0,24.3,S
2021-06-22T10:12:37,2000.0,24.35,B
2021-06-22T10:12:36,1000.0,24.3,S
2021-06-22T10:12:33,9300.0,24.35,B
2021-06-22T10:12:33,2700.0,24.35,B
2021-06-22T10:12:33,9800.0,24.35,B
2021-06-22T10:12:33,1300.0,24.35,B
2021-06-22T10:12:33,6400.0,24.35,B
2021-06-22T10:12:33,4000.0,24.35,B
2021-06-22T10:12:33,5100.0,24.35,B
2021-06-22T10:12:33,1000.0,24.35,B
2021-06-22T10:12:33,400.0,24.35,B
2021-06-22T10:12:26,100.0,24.3,S
2021-06-22T10:12:18,200.0,24.3,S
2021-06-22T10:11:48,400.0,24.3,S
2021-06-22T10:11:47,900.0,24.3,S
2021-06-22T10:11:46,1600.0,24.3,S
2021-06-22T10:11:46,500.0,24.3,S
2021-06-22T10:11:46,1900.0,24.3,S
2021-06-22T10:11:43,1000.0,24.3,S
2021-06-22T10:11:37,500.0,24.3,S
2021-06-22T10:11:28,1000.0,24.3,S
2021-06-22T10:11:28,100.0,24.3,S
2021-06-22T10:11:13,3000.0,24.3,B
2021-06-22T10:11:09,100.0,24.3,B
2021-06-22T10:11:09,2000.0,24.3,B
2021-06-22T10:11:06,800.0,24.3,B
2021-06-22T10:11:01,10000.0,24.3,B
2021-06-22T10:10:59,11900.0,24.3,B
2021-06-22T10:10:51,500.0,24.3,B
2021-06-22T10:10:49,900.0,24.3,B
2021-06-22T10:10:48,100.0,24.3,B
2021-06-22T10:10:47,300.0,24.3,B
2021-06-22T10:10:40,2200.0,24.3,B
2021-06-22T10:10:39,100.0,24.25,S
2021-06-22T10:10:17,9000.0,24.3,B
2021-06-22T10:10:13,1000.0,24.25,S
2021-06-22T10:10:11,100.0,24.3,B
2021-06-22T10:10:04,3000.0,24.25,S
2021-06-22T10:10:01,100.0,24.3,B
2021-06-22T10:09:55,500.0,24.3,B
2021-06-22T10:09:55,400.0,24.3,B
2021-06-22T10:09:52,1500.0,24.3,B
2021-06-22T10:09:51,300.0,24.3,B
2021-06-22T10:09:49,500.0,24.3,B
2021-06-22T10:09:46,300.0,24.25,S
2021-06-22T10:09:46,2700.0,24.25,S
2021-06-22T10:09:45,500.0,24.35,B
2021-06-22T10:09:45,100.0,24.3,B
2021-06-22T10:09:39,1700.0,24.35,B
2021-06-22T10:09:39,300.0,24.3,B
2021-06-22T10:09:31,1900.0,24.3,S
2021-06-22T10:09:27,800.0,24.35,B
2021-06-22T10:09:26,5000.0,24.3,S
2021-06-22T10:09:25,12600.0,24.3,S
2021-06-22T10:09:25,1100.0,24.3,S
2021-06-22T10:09:24,5100.0,24.3,S
2021-06-22T10:09:24,1200.0,24.3,S
2021-06-22T10:09:23,5000.0,24.3,S
2021-06-22T10:09:22,500.0,24.3,S
2021-06-22T10:09:21,5000.0,24.3,S
2021-06-22T10:09:17,4000.0,24.35,B
2021-06-22T10:09:13,10000.0,24.35,B
2021-06-22T10:09:13,4300.0,24.3,S
2021-06-22T10:09:13,500.0,24.3,S
2021-06-22T10:09:12,200.0,24.3,S
2021-06-22T10:09:12,4000.0,24.3,S
2021-06-22T10:09:12,3000.0,24.3,S
2021-06-22T10:09:09,1000.0,24.3,S
2021-06-22T10:09:03,2300.0,24.3,S
2021-06-22T10:09:03,1500.0,24.3,S
2021-06-22T10:09:03,8200.0,24.3,S
2021-06-22T10:08:59,500.0,24.35,B
2021-06-22T10:08:59,900.0,24.35,B
2021-06-22T10:08:56,400.0,24.3,S
2021-06-22T10:08:56,2500.0,24.3,S
2021-06-22T10:08:56,2300.0,24.3,S
2021-06-22T10:08:56,600.0,24.3,S
2021-06-22T10:08:56,24200.0,24.3,S
2021-06-22T10:08:53,200.0,24.35,B
2021-06-22T10:08:52,3000.0,24.3,S
2021-06-22T10:08:47,1100.0,24.3,S
2021-06-22T10:08:47,400.0,24.3,S
2021-06-22T10:08:47,600.0,24.3,S
2021-06-22T10:08:47,2100.0,24.3,S
2021-06-22T10:08:47,1800.0,24.3,S
2021-06-22T10:08:45,1000.0,24.3,S
2021-06-22T10:08:39,10000.0,24.3,S
2021-06-22T10:08:36,600.0,24.3,S
2021-06-22T10:08:36,3500.0,24.3,S
2021-06-22T10:08:36,19500.0,24.3,S
2021-06-22T10:08:36,300.0,24.3,S
2021-06-22T10:08:36,500.0,24.3,S
2021-06-22T10:08:36,700.0,24.3,S
2021-06-22T10:08:36,9500.0,24.3,S
2021-06-22T10:08:36,5300.0,24.3,S
2021-06-22T10:08:36,10100.0,24.3,S
2021-06-22T10:08:36,200.0,24.35,B
2021-06-22T10:08:34,100.0,24.35,B
2021-06-22T10:08:34,200.0,24.3,S
2021-06-22T10:08:34,1000.0,24.3,S
2021-06-22T10:08:30,3400.0,24.3,S
2021-06-22T10:08:30,1600.0,24.3,S
2021-06-22T10:08:26,700.0,24.35,B
2021-06-22T10:08:18,1000.0,24.3,S
2021-06-22T10:08:12,2000.0,24.3,S
2021-06-22T10:08:09,4000.0,24.35,B
2021-06-22T10:08:02,300.0,24.3,S
2021-06-22T10:07:57,5000.0,24.3,S
2021-06-22T10:07:56,200.0,24.35,B
2021-06-22T10:07:55,3000.0,24.3,S
2021-06-22T10:07:40,1000.0,24.3,S
2021-06-22T10:07:37,8300.0,24.3,S
2021-06-22T10:07:36,500.0,24.3,S
2021-06-22T10:07:27,2000.0,24.3,S
2021-06-22T10:07:20,2000.0,24.3,S
2021-06-22T10:07:15,800.0,24.35,B
2021-06-22T10:07:12,8500.0,24.3,S
2021-06-22T10:07:12,300.0,24.3,S
2021-06-22T10:07:12,10400.0,24.3,S
2021-06-22T10:07:12,10800.0,24.3,S
2021-06-22T10:07:08,1300.0,24.35,B
2021-06-22T10:07:03,8000.0,24.35,B
2021-06-22T10:07:03,2000.0,24.35,B
2021-06-22T10:07:01,1000.0,24.3,S
2021-06-22T10:06:50,4200.0,24.3,S
2021-06-22T10:06:48,100.0,24.3,S
2021-06-22T10:06:45,100.0,24.35,B
2021-06-22T10:06:43,1500.0,24.35,B
2021-06-22T10:06:41,10000.0,24.3,S
2021-06-22T10:06:40,5500.0,24.35,B
2021-06-22T10:06:35,4500.0,24.3,S
2021-06-22T10:06:29,3900.0,24.35,B
2021-06-22T10:06:24,5000.0,24.3,S
2021-06-22T10:06:24,200.0,24.35,B
2021-06-22T10:06:24,10000.0,24.3,S
2021-06-22T10:06:23,1000.0,24.35,B
2021-06-22T10:06:18,300.0,24.35,B
2021-06-22T10:06:17,100.0,24.3,S
2021-06-22T10:06:15,6000.0,24.35,B
2021-06-22T10:06:14,3400.0,24.3,S
2021-06-22T10:06:11,100.0,24.3,S
2021-06-22T10:06:07,1000.0,24.35,B
2021-06-22T10:06:06,7000.0,24.35,B
2021-06-22T10:06:04,2000.0,24.35,B
2021-06-22T10:06:01,5000.0,24.3,S
2021-06-22T10:05:59,500.0,24.3,S
2021-06-22T10:05:55,400.0,24.35,B
2021-06-22T10:05:53,3100.0,24.35,B
2021-06-22T10:05:53,4000.0,24.35,B
2021-06-22T10:05:52,2900.0,24.35,B
2021-06-22T10:05:46,200.0,24.35,B
2021-06-22T10:05:41,10000.0,24.35,B
2021-06-22T10:05:39,2400.0,24.35,B
2021-06-22T10:05:26,500.0,24.35,B
2021-06-22T10:05:16,900.0,24.3,S
2021-06-22T10:05:15,200.0,24.35,B
2021-06-22T10:05:12,800.0,24.3,S
2021-06-22T10:05:08,4000.0,24.35,B
2021-06-22T10:05:06,1500.0,24.3,S
2021-06-22T10:04:58,500.0,24.35,B
2021-06-22T10:04:55,12900.0,24.3,S
2021-06-22T10:04:54,500.0,24.35,B
2021-06-22T10:04:47,1000.0,24.35,B
2021-06-22T10:04:41,100.0,24.3,S
2021-06-22T10:04:39,10000.0,24.35,B
2021-06-22T10:04:38,100.0,24.35,B
2021-06-22T10:04:29,1000.0,24.35,B
2021-06-22T10:04:27,1000.0,24.35,B
2021-06-22T10:04:24,100.0,24.35,B
2021-06-22T10:04:19,1000.0,24.3,S
2021-06-22T10:04:19,1000.0,24.35,S
2021-06-22T10:04:08,500.0,24.35,S
2021-06-22T10:04:08,300.0,24.35,S
2021-06-22T10:04:07,700.0,24.35,S
2021-06-22T10:04:07,2200.0,24.35,S
2021-06-22T10:04:07,200.0,24.35,S
2021-06-22T10:04:07,100.0,24.35,S
2021-06-22T10:04:07,2000.0,24.35,S
2021-06-22T10:04:07,2400.0,24.35,S
2021-06-22T10:04:07,400.0,24.35,S
2021-06-22T10:04:07,1700.0,24.35,S
2021-06-22T10:04:07,2000.0,24.35,S
2021-06-22T10:04:07,16600.0,24.35,S
2021-06-22T10:04:06,100.0,24.35,S
2021-06-22T10:04:03,2000.0,24.35,S
2021-06-22T10:04:01,3000.0,24.35,S
2021-06-22T10:04:00,7000.0,24.35,S
2021-06-22T10:04:00,500.0,24.4,B
2021-06-22T10:04:00,5200.0,24.4,B
2021-06-22T10:04:00,900.0,24.35,S
2021-06-22T10:04:00,2100.0,24.35,S
2021-06-22T10:03:56,2000.0,24.35,S
2021-06-22T10:03:55,900.0,24.4,B
2021-06-22T10:03:55,200.0,24.4,B
2021-06-22T10:03:55,1000.0,24.4,B
2021-06-22T10:03:54,100.0,24.35,S
2021-06-22T10:03:47,800.0,24.35,S
2021-06-22T10:03:44,500.0,24.35,S
2021-06-22T10:03:34,1200.0,24.35,S
2021-06-22T10:03:34,5500.0,24.35,S
2021-06-22T10:03:34,2900.0,24.35,S
2021-06-22T10:03:34,100.0,24.35,S
2021-06-22T10:03:33,5900.0,24.35,S
2021-06-22T10:03:33,4400.0,24.35,S
2021-06-22T10:03:27,1100.0,24.4,B
2021-06-22T10:03:27,2000.0,24.35,S
2021-06-22T10:03:20,1000.0,24.4,B
2021-06-22T10:03:18,300.0,24.4,B
2021-06-22T10:03:15,31000.0,24.35,S
2021-06-22T10:03:15,1000.0,24.4,B
2021-06-22T10:03:11,1000.0,24.35,S
2021-06-22T10:03:04,100.0,24.4,B
2021-06-22T10:02:59,700.0,24.35,S
2021-06-22T10:02:54,100.0,24.4,B
2021-06-22T10:02:51,800.0,24.4,B
2021-06-22T10:02:51,400.0,24.4,B
2021-06-22T10:02:50,700.0,24.35,S
2021-06-22T10:02:48,500.0,24.35,S
2021-06-22T10:02:46,1000.0,24.4,B
2021-06-22T10:02:45,100.0,24.35,S
2021-06-22T10:02:44,3300.0,24.4,B
2021-06-22T10:02:32,100.0,24.35,S
2021-06-22T10:02:31,5100.0,24.35,S
2021-06-22T10:02:27,7400.0,24.35,S
2021-06-22T10:02:24,2000.0,24.35,S
2021-06-22T10:02:21,1300.0,24.35,S
2021-06-22T10:02:11,5000.0,24.35,S
2021-06-22T10:02:11,500.0,24.4,B
2021-06-22T10:02:02,2700.0,24.35,S
2021-06-22T10:01:53,100.0,24.4,B
2021-06-22T10:01:47,8300.0,24.4,B
2021-06-22T10:01:47,100.0,24.4,B
2021-06-22T10:01:47,10600.0,24.4,B
2021-06-22T10:01:41,100.0,24.4,B
2021-06-22T10:01:33,3000.0,24.35,S
2021-06-22T10:01:26,5000.0,24.4,B
2021-06-22T10:01:20,100.0,24.4,B
2021-06-22T10:01:05,1300.0,24.35,S
2021-06-22T10:00:59,1500.0,24.4,B
2021-06-22T10:00:59,6200.0,24.4,B
2021-06-22T10:00:59,100.0,24.4,B
2021-06-22T10:00:59,3800.0,24.4,B
2021-06-22T10:00:59,2000.0,24.4,B
2021-06-22T10:00:58,1400.0,24.4,B
2021-06-22T10:00:44,500.0,24.4,B
2021-06-22T10:00:35,1000.0,24.35,S
2021-06-22T10:00:26,1000.0,24.4,B
2021-06-22T10:00:15,100.0,24.35,S
2021-06-22T10:00:11,3000.0,24.35,S
2021-06-22T10:00:09,500.0,24.35,S
2021-06-22T10:00:02,100.0,24.35,S
2021-06-22T09:59:47,100.0,24.4,B
2021-06-22T09:59:45,1500.0,24.35,S
2021-06-22T09:59:45,3100.0,24.4,B
2021-06-22T09:59:42,700.0,24.4,B
2021-06-22T09:59:42,600.0,24.4,B
2021-06-22T09:59:42,700.0,24.4,B
2021-06-22T09:59:38,300.0,24.4,B
2021-06-22T09:59:38,2700.0,24.4,B
2021-06-22T09:59:27,300.0,24.4,S
2021-06-22T09:59:27,400.0,24.4,S
2021-06-22T09:59:26,2000.0,24.4,S
2021-06-22T09:59:21,2000.0,24.4,S
2021-06-22T09:59:20,600.0,24.4,S
2021-06-22T09:59:17,7200.0,24.4,S
2021-06-22T09:59:16,1000.0,24.4,S
2021-06-22T09:59:12,100.0,24.4,B
2021-06-22T09:59:10,38500.0,24.4,B
2021-06-22T09:59:10,2000.0,24.35,S
2021-06-22T09:59:10,300.0,24.35,S
2021-06-22T09:59:07,12100.0,24.4,B
2021-06-22T09:59:07,300.0,24.4,B
2021-06-22T09:59:04,700.0,24.4,B
2021-06-22T09:59:02,1000.0,24.35,S
2021-06-22T09:58:58,1400.0,24.4,B
2021-06-22T09:58:57,500.0,24.4,B
2021-06-22T09:58:57,300.0,24.4,B
2021-06-22T09:58:56,100.0,24.4,B
2021-06-22T09:58:52,1000.0,24.4,B
2021-06-22T09:58:42,800.0,24.4,B
2021-06-22T09:58:39,1700.0,24.4,B
2021-06-22T09:58:34,8000.0,24.35,S
2021-06-22T09:58:23,100.0,24.4,B
2021-06-22T09:58:21,1900.0,24.4,B
2021-06-22T09:58:15,2000.0,24.4,S
2021-06-22T09:58:15,2000.0,24.4,S
2021-06-22T09:58:15,5300.0,24.4,S
2021-06-22T09:58:15,5800.0,24.4,S
2021-06-22T09:58:15,100.0,24.4,S
2021-06-22T09:58:15,9100.0,24.4,S
2021-06-22T09:58:08,1500.0,24.4,S
2021-06-22T09:58:06,600.0,24.4,S
2021-06-22T09:58:06,2800.0,24.4,S
2021-06-22T09:58:06,5600.0,24.4,S
2021-06-22T09:58:04,300.0,24.4,S
2021-06-22T09:58:04,800.0,24.4,S
2021-06-22T09:58:04,3700.0,24.4,S
2021-06-22T09:58:04,3800.0,24.4,S
2021-06-22T09:58:04,500.0,24.4,S
2021-06-22T09:58:04,2800.0,24.4,S
2021-06-22T09:58:04,1400.0,24.4,S
2021-06-22T09:58:04,400.0,24.4,S
2021-06-22T09:58:03,16300.0,24.4,S
2021-06-22T09:57:58,3000.0,24.45,B
2021-06-22T09:57:55,100.0,24.4,S
2021-06-22T09:57:54,1000.0,24.4,S
2021-06-22T09:57:48,200.0,24.4,S
2021-06-22T09:57:47,6500.0,24.4,S
2021-06-22T09:57:40,100.0,24.4,S
2021-06-22T09:57:40,19900.0,24.4,S
2021-06-22T09:57:40,500.0,24.45,B
2021-06-22T09:57:38,100.0,24.45,B
2021-06-22T09:57:37,2000.0,24.4,S
2021-06-22T09:57:30,5000.0,24.4,S
2021-06-22T09:57:29,300.0,24.4,S
2021-06-22T09:57:27,1600.0,24.45,B
2021-06-22T09:57:27,2000.0,24.4,S
2021-06-22T09:57:24,100.0,24.45,B
2021-06-22T09:57:16,10000.0,24.4,S
2021-06-22T09:57:15,800.0,24.45,B
2021-06-22T09:57:14,1500.0,24.45,B
2021-06-22T09:57:04,200.0,24.45,B
2021-06-22T09:57:04,600.0,24.4,S
2021-06-22T09:56:58,200.0,24.45,B
2021-06-22T09:56:55,1000.0,24.4,S
2021-06-22T09:56:46,3000.0,24.45,B
2021-06-22T09:56:40,4000.0,24.4,S
2021-06-22T09:56:39,400.0,24.45,B
2021-06-22T09:56:38,500.0,24.45,B
2021-06-22T09:56:30,500.0,24.45,B
2021-06-22T09:56:30,1800.0,24.45,B
2021-06-22T09:56:30,1500.0,24.45,B
2021-06-22T09:56:28,3000.0,24.45,B
2021-06-22T09:56:28,1000.0,24.45,B
2021-06-22T09:56:27,2800.0,24.45,B
2021-06-22T09:56:27,10100.0,24.45,B
2021-06-22T09:56:27,5200.0,24.45,B
2021-06-22T09:56:27,1900.0,24.45,B
2021-06-22T09:56:25,200.0,24.4,S
2021-06-22T09:56:22,1300.0,24.4,S
2021-06-22T09:56:21,1000.0,24.4,S
2021-06-22T09:56:20,500.0,24.4,S
2021-06-22T09:56:19,1000.0,24.45,B
2021-06-22T09:56:15,100.0,24.4,S
2021-06-22T09:56:14,1000.0,24.45,B
2021-06-22T09:56:12,400.0,24.4,S
2021-06-22T09:56:11,1000.0,24.45,B
2021-06-22T09:56:05,200.0,24.45,B
2021-06-22T09:55:56,500.0,24.45,B
2021-06-22T09:55:48,14400.0,24.45,B
2021-06-22T09:55:46,500.0,24.45,B
2021-06-22T09:55:45,1000.0,24.45,B
2021-06-22T09:55:43,200.0,24.45,B
2021-06-22T09:55:39,700.0,24.4,S
2021-06-22T09:55:35,1800.0,24.45,S
2021-06-22T09:55:34,200.0,24.45,S
2021-06-22T09:55:34,1800.0,24.45,S
2021-06-22T09:55:32,500.0,24.45,S
2021-06-22T09:55:29,600.0,24.45,S
2021-06-22T09:55:26,300.0,24.45,S
2021-06-22T09:55:19,300.0,24.45,S
2021-06-22T09:55:19,200.0,24.45,S
2021-06-22T09:55:17,100.0,24.45,S
2021-06-22T09:55:08,100.0,24.45,S
2021-06-22T09:54:52,1000.0,24.45,S
2021-06-22T09:54:52,300.0,24.45,S
2021-06-22T09:54:48,300.0,24.45,B
2021-06-22T09:54:48,2000.0,24.45,B
2021-06-22T09:54:42,100.0,24.45,B
2021-06-22T09:54:40,500.0,24.45,B
2021-06-22T09:54:38,20000.0,24.5,B
2021-06-22T09:54:38,11100.0,24.5,B
2021-06-22T09:54:38,300.0,24.5,B
2021-06-22T09:54:37,18600.0,24.45,B
2021-06-22T09:54:33,2100.0,24.4,S
2021-06-22T09:54:32,900.0,24.45,B
2021-06-22T09:54:29,1000.0,24.45,B
2021-06-22T09:54:28,400.0,24.45,B
2021-06-22T09:54:25,1500.0,24.5,B
2021-06-22T09:54:25,4000.0,24.5,B
2021-06-22T09:54:25,1200.0,24.5,B
2021-06-22T09:54:25,900.0,24.5,B
2021-06-22T09:54:24,600.0,24.5,B
2021-06-22T09:54:24,700.0,24.5,B
2021-06-22T09:54:24,1100.0,24.5,B
2021-06-22T09:54:24,1700.0,24.5,B
2021-06-22T09:54:24,1600.0,24.5,B
2021-06-22T09:54:24,700.0,24.5,B
2021-06-22T09:54:24,3900.0,24.5,B
2021-06-22T09:54:24,2000.0,24.5,B
2021-06-22T09:54:24,30100.0,24.5,B
2021-06-22T09:54:22,3000.0,24.4,S
2021-06-22T09:54:20,8200.0,24.45,B
2021-06-22T09:54:18,1000.0,24.45,B
2021-06-22T09:54:16,100.0,24.4,S
2021-06-22T09:54:10,1000.0,24.45,B
2021-06-22T09:54:09,600.0,24.45,B
2021-06-22T09:54:06,100.0,24.4,S
2021-06-22T09:54:03,200.0,24.45,B
2021-06-22T09:54:02,2000.0,24.45,B
2021-06-22T09:54:00,2600.0,24.4,S
2021-06-22T09:53:58,1000.0,24.45,B
2021-06-22T09:53:57,5000.0,24.45,S
2021-06-22T09:53:56,300.0,24.45,S
2021-06-22T09:53:56,200.0,24.4,S
2021-06-22T09:53:55,400.0,24.45,S
2021-06-22T09:53:48,4200.0,24.45,S
2021-06-22T09:53:47,1000.0,24.5,B
2021-06-22T09:53:45,1000.0,24.45,S
2021-06-22T09:53:42,100.0,24.5,B
2021-06-22T09:53:37,200.0,24.45,S
2021-06-22T09:53:36,700.0,24.45,S
2021-06-22T09:53:36,1700.0,24.45,S
2021-06-22T09:53:35,700.0,24.5,B
2021-06-22T09:53:31,20000.0,24.45,S
2021-06-22T09:53:29,500.0,24.45,S
2021-06-22T09:53:29,12900.0,24.5,B
2021-06-22T09:53:23,700.0,24.5,B
2021-06-22T09:53:21,200.0,24.45,S
2021-06-22T09:53:16,500.0,24.5,B
2021-06-22T09:53:15,8800.0,24.5,B
2021-06-22T09:53:14,1000.0,24.45,S
2021-06-22T09:53:11,600.0,24.5,B
2021-06-22T09:53:10,1000.0,24.45,S
2021-06-22T09:53:08,100.0,24.45,S
2021-06-22T09:53:08,2500.0,24.5,B
2021-06-22T09:53:02,2000.0,24.5,B
2021-06-22T09:53:01,200.0,24.45,S
2021-06-22T09:53:00,5000.0,24.45,S
2021-06-22T09:52:59,100.0,24.5,B
2021-06-22T09:52:49,200.0,24.5,B
2021-06-22T09:52:43,500.0,24.5,B
2021-06-22T09:52:42,600.0,24.45,S
2021-06-22T09:52:36,2300.0,24.5,B
2021-06-22T09:52:35,2300.0,24.5,B
2021-06-22T09:52:31,200.0,24.5,B
2021-06-22T09:52:16,300.0,24.5,B
2021-06-22T09:52:14,1100.0,24.5,B
2021-06-22T09:52:13,1500.0,24.5,B
2021-06-22T09:52:08,2000.0,24.5,B
2021-06-22T09:52:04,100.0,24.45,S
2021-06-22T09:52:01,1000.0,24.45,S
2021-06-22T09:51:59,2300.0,24.45,S
2021-06-22T09:51:58,2000.0,24.5,B
2021-06-22T09:51:58,1000.0,24.45,S
2021-06-22T09:51:57,1000.0,24.45,S
2021-06-22T09:51:55,200.0,24.45,S
2021-06-22T09:51:55,1400.0,24.45,S
2021-06-22T09:51:54,500.0,24.45,S
2021-06-22T09:51:48,100.0,24.5,B
2021-06-22T09:51:41,1000.0,24.45,S
2021-06-22T09:51:40,100.0,24.5,B
2021-06-22T09:51:40,1800.0,24.45,S
2021-06-22T09:51:38,700.0,24.5,B
2021-06-22T09:51:37,3000.0,24.5,B
2021-06-22T09:51:31,500.0,24.5,B
2021-06-22T09:51:28,300.0,24.5,B
2021-06-22T09:51:27,100.0,24.5,B
2021-06-22T09:51:26,100.0,24.5,B
2021-06-22T09:51:24,1000.0,24.5,B
2021-06-22T09:51:24,600.0,24.5,B
2021-06-22T09:51:24,400.0,24.45,S
2021-06-22T09:51:22,3000.0,24.45,S
2021-06-22T09:51:22,100.0,24.45,S
2021-06-22T09:51:21,200.0,24.45,S
2021-06-22T09:51:20,2000.0,24.45,S
2021-06-22T09:51:15,500.0,24.45,S
2021-06-22T09:51:15,4300.0,24.45,S
2021-06-22T09:51:15,1000.0,24.45,S
2021-06-22T09:51:15,500.0,24.45,S
2021-06-22T09:51:14,500.0,24.45,S
2021-06-22T09:51:14,3000.0,24.5,B
2021-06-22T09:51:10,100.0,24.5,B
2021-06-22T09:51:10,400.0,24.5,B
2021-06-22T09:51:08,500.0,24.45,S
2021-06-22T09:51:06,1000.0,24.5,B
2021-06-22T09:51:05,2000.0,24.5,B
2021-06-22T09:50:51,1000.0,24.5,B
2021-06-22T09:50:50,100.0,24.45,S
2021-06-22T09:50:50,2500.0,24.45,S
2021-06-22T09:50:47,19000.0,24.45,S
2021-06-22T09:50:42,5000.0,24.5,B
2021-06-22T09:50:42,2400.0,24.45,S
2021-06-22T09:50:41,2500.0,24.45,S
2021-06-22T09:50:40,15800.0,24.5,B
2021-06-22T09:50:39,4200.0,24.45,S
2021-06-22T09:50:37,600.0,24.45,S
2021-06-22T09:50:37,15000.0,24.45,S
2021-06-22T09:50:30,1900.0,24.45,S
2021-06-22T09:50:29,4200.0,24.45,S
2021-06-22T09:50:29,500.0,24.45,S
2021-06-22T09:50:29,2000.0,24.5,B
2021-06-22T09:50:27,1300.0,24.45,S
2021-06-22T09:50:19,5500.0,24.5,B
2021-06-22T09:50:16,400.0,24.45,B
2021-06-22T09:50:16,100.0,24.45,B
2021-06-22T09:50:13,200.0,24.4,S
2021-06-22T09:50:11,1000.0,24.45,B
2021-06-22T09:50:11,1800.0,24.45,B
2021-06-22T09:50:11,2200.0,24.45,B
2021-06-22T09:50:09,1000.0,24.45,B
2021-06-22T09:50:08,1000.0,24.45,B
2021-06-22T09:50:08,3000.0,24.45,B
2021-06-22T09:50:07,11000.0,24.4,S
2021-06-22T09:50:05,1100.0,24.45,B
2021-06-22T09:50:05,100.0,24.4,S
2021-06-22T09:50:00,2500.0,24.4,S
2021-06-22T09:49:51,20000.0,24.45,B
2021-06-22T09:49:49,400.0,24.4,S
2021-06-22T09:49:49,2400.0,24.4,S
2021-06-22T09:49:48,2000.0,24.4,S
2021-06-22T09:49:48,300.0,24.45,B
2021-06-22T09:49:48,4900.0,24.45,B
2021-06-22T09:49:47,1000.0,24.45,B
2021-06-22T09:49:45,900.0,24.4,S
2021-06-22T09:49:45,1000.0,24.45,B
2021-06-22T09:49:44,1500.0,24.4,S
2021-06-22T09:49:33,200.0,24.4,S
2021-06-22T09:49:30,3000.0,24.45,B
2021-06-22T09:49:28,50000.0,24.4,S
2021-06-22T09:49:28,1000.0,24.4,S
2021-06-22T09:49:26,100.0,24.4,S
2021-06-22T09:49:26,100.0,24.4,S
2021-06-22T09:49:22,10500.0,24.4,B
2021-06-22T09:49:17,100.0,24.4,B
2021-06-22T09:49:15,30000.0,24.4,B
2021-06-22T09:49:12,2500.0,24.4,B
2021-06-22T09:49:11,500.0,24.4,B
2021-06-22T09:49:10,100.0,24.4,B
2021-06-22T09:49:05,100.0,24.4,B
2021-06-22T09:49:05,600.0,24.4,B
2021-06-22T09:49:05,5100.0,24.4,B
2021-06-22T09:49:05,1500.0,24.4,B
2021-06-22T09:49:05,3100.0,24.4,B
2021-06-22T09:49:05,300.0,24.4,B
2021-06-22T09:49:05,1000.0,24.4,B
2021-06-22T09:49:05,1900.0,24.4,B
2021-06-22T09:49:05,2100.0,24.4,B
2021-06-22T09:49:05,400.0,24.4,B
2021-06-22T09:49:05,1300.0,24.4,B
2021-06-22T09:49:05,4600.0,24.4,B
2021-06-22T09:49:05,5000.0,24.4,B
2021-06-22T09:49:05,3000.0,24.4,B
2021-06-22T09:49:04,1000.0,24.4,B
2021-06-22T09:49:04,17600.0,24.4,B
2021-06-22T09:49:03,1800.0,24.4,B
2021-06-22T09:49:03,400.0,24.4,B
2021-06-22T09:49:03,900.0,24.4,B
2021-06-22T09:49:03,1900.0,24.4,B
2021-06-22T09:49:03,100.0,24.35,S
2021-06-22T09:49:02,1200.0,24.4,B
2021-06-22T09:49:02,1000.0,24.4,B
2021-06-22T09:49:01,500.0,24.35,S
2021-06-22T09:48:59,1000.0,24.4,B
2021-06-22T09:48:58,200.0,24.35,S
2021-06-22T09:48:58,200.0,24.35,S
2021-06-22T09:48:56,100.0,24.4,B
2021-06-22T09:48:54,500.0,24.4,B
2021-06-22T09:48:53,1000.0,24.4,B
2021-06-22T09:48:53,1700.0,24.4,B
2021-06-22T09:48:52,2000.0,24.35,S
2021-06-22T09:48:48,500.0,24.35,S
2021-06-22T09:48:47,9000.0,24.35,S
2021-06-22T09:48:44,500.0,24.35,S
2021-06-22T09:48:43,9300.0,24.4,B
2021-06-22T09:48:43,3100.0,24.4,B
2021-06-22T09:48:43,5600.0,24.4,B
2021-06-22T09:48:43,32000.0,24.4,B
2021-06-22T09:48:42,3500.0,24.4,B
2021-06-22T09:48:35,400.0,24.4,B
2021-06-22T09:48:32,3600.0,24.4,B
2021-06-22T09:48:31,1000.0,24.4,B
2021-06-22T09:48:29,1000.0,24.35,S
2021-06-22T09:48:28,2000.0,24.4,B
2021-06-22T09:48:27,400.0,24.4,B
2021-06-22T09:48:26,2900.0,24.35,S
2021-06-22T09:48:26,3100.0,24.35,S
2021-06-22T09:48:23,100.0,24.4,B
2021-06-22T09:48:22,200.0,24.35,S
2021-06-22T09:48:19,1000.0,24.4,B
2021-06-22T09:48:19,2200.0,24.35,S
2021-06-22T09:48:18,4300.0,24.35,S
2021-06-22T09:48:16,100.0,24.35,S
2021-06-22T09:48:14,200.0,24.35,S
2021-06-22T09:48:12,5000.0,24.35,S
2021-06-22T09:48:11,3000.0,24.4,B
2021-06-22T09:48:10,5000.0,24.4,B
2021-06-22T09:48:07,1900.0,24.35,S
2021-06-22T09:48:07,2200.0,24.4,B
2021-06-22T09:48:07,16400.0,24.4,B
2021-06-22T09:48:07,3500.0,24.35,S
2021-06-22T09:48:07,300.0,24.35,S
2021-06-22T09:48:04,3200.0,24.4,B
2021-06-22T09:47:58,100.0,24.35,B
2021-06-22T09:47:56,3600.0,24.35,B
2021-06-22T09:47:51,1000.0,24.35,B
2021-06-22T09:47:49,400.0,24.35,B
2021-06-22T09:47:48,2000.0,24.35,B
2021-06-22T09:47:48,500.0,24.3,S
2021-06-22T09:47:39,700.0,24.3,S
2021-06-22T09:47:37,1100.0,24.35,S
2021-06-22T09:47:36,500.0,24.35,S
2021-06-22T09:47:35,2000.0,24.4,B
2021-06-22T09:47:34,100.0,24.4,B
2021-06-22T09:47:33,1400.0,24.4,B
2021-06-22T09:47:33,100.0,24.4,B
2021-06-22T09:47:32,10000.0,24.3,S
2021-06-22T09:47:32,100.0,24.4,B
2021-06-22T09:47:30,2000.0,24.3,S
2021-06-22T09:47:28,200.0,24.4,B
2021-06-22T09:47:26,500.0,24.4,B
2021-06-22T09:47:17,200.0,24.4,B
2021-06-22T09:47:12,100.0,24.4,B
2021-06-22T09:47:12,1000.0,24.3,S
2021-06-22T09:47:10,4700.0,24.3,S
2021-06-22T09:47:08,100.0,24.35,S
2021-06-22T09:47:06,100.0,24.4,S
2021-06-22T09:47:04,3000.0,24.4,S
2021-06-22T09:47:04,100.0,24.4,S
2021-06-22T09:47:04,500.0,24.4,S
2021-06-22T09:47:03,300.0,24.4,S
2021-06-22T09:47:02,1800.0,24.3,S
2021-06-22T09:47:02,500.0,24.3,S
2021-06-22T09:47:02,4900.0,24.3,S
2021-06-22T09:47:01,54200.0,24.3,S
2021-06-22T09:46:59,900.0,24.4,S
2021-06-22T09:46:59,500.0,24.4,S
2021-06-22T09:46:59,200.0,24.4,S
2021-06-22T09:46:55,1000.0,24.4,S
2021-06-22T09:46:53,500.0,24.4,S
2021-06-22T09:46:49,100.0,24.4,S
2021-06-22T09:46:48,5000.0,24.4,S
2021-06-22T09:46:47,300.0,24.4,S
2021-06-22T09:46:45,500.0,24.4,S
2021-06-22T09:46:44,500.0,24.3,S
2021-06-22T09:46:40,6900.0,24.4,S
2021-06-22T09:46:37,1800.0,24.4,S
2021-06-22T09:46:36,100.0,24.4,S
2021-06-22T09:46:35,500.0,24.45,B
2021-06-22T09:46:34,1700.0,24.4,S
2021-06-22T09:46:32,1000.0,24.45,B
2021-06-22T09:46:30,500.0,24.4,S
2021-06-22T09:46:28,4200.0,24.45,B
2021-06-22T09:46:28,7600.0,24.45,B
2021-06-22T09:46:27,900.0,24.4,S
2021-06-22T09:46:26,300.0,24.4,S
2021-06-22T09:46:25,1000.0,24.4,S
2021-06-22T09:46:25,9800.0,24.4,S
2021-06-22T09:46:25,5500.0,24.4,S
2021-06-22T09:46:17,100.0,24.45,B
2021-06-22T09:46:16,2200.0,24.4,S
2021-06-22T09:46:15,500.0,24.45,B
2021-06-22T09:46:11,4000.0,24.45,B
2021-06-22T09:46:10,3800.0,24.4,S
2021-06-22T09:46:10,6200.0,24.4,S
2021-06-22T09:46:09,500.0,24.45,B
2021-06-22T09:46:08,500.0,24.45,S
2021-06-22T09:46:06,100.0,24.5,S
2021-06-22T09:46:05,300.0,24.5,S
2021-06-22T09:46:03,700.0,24.5,S
2021-06-22T09:46:01,1000.0,24.5,S
2021-06-22T09:46:00,600.0,24.5,S
2021-06-22T09:46:00,200.0,24.5,S
2021-06-22T09:45:57,200.0,24.5,S
2021-06-22T09:45:55,100.0,24.4,S
2021-06-22T09:45:55,200.0,24.4,S
2021-06-22T09:45:55,1300.0,24.4,S
2021-06-22T09:45:55,20200.0,24.4,S
2021-06-22T09:45:55,6000.0,24.4,S
2021-06-22T09:45:54,1500.0,24.4,S
2021-06-22T09:45:51,5000.0,24.5,S
2021-06-22T09:45:50,100.0,24.5,S
2021-06-22T09:45:50,100.0,24.5,S
2021-06-22T09:45:48,1000.0,24.5,S
2021-06-22T09:45:48,2000.0,24.5,S
2021-06-22T09:45:48,500.0,24.5,S
2021-06-22T09:45:45,200.0,24.5,S
2021-06-22T09:45:41,200.0,24.5,S
2021-06-22T09:45:39,100.0,24.5,S
2021-06-22T09:45:38,600.0,24.45,S
2021-06-22T09:45:38,1000.0,24.5,S
2021-06-22T09:45:37,2300.0,24.5,S
2021-06-22T09:45:35,200.0,24.5,S
2021-06-22T09:45:33,500.0,24.5,S
2021-06-22T09:45:31,5000.0,24.5,S
2021-06-22T09:45:29,300.0,24.5,S
2021-06-22T09:45:29,1600.0,24.5,S
2021-06-22T09:45:24,1700.0,24.5,S
2021-06-22T09:45:24,2100.0,24.5,S
2021-06-22T09:45:24,6100.0,24.5,S
2021-06-22T09:45:24,2200.0,24.5,S
2021-06-22T09:45:24,9500.0,24.5,S
2021-06-22T09:45:24,1000.0,24.5,S
2021-06-22T09:45:24,1800.0,24.5,S
2021-06-22T09:45:24,3700.0,24.5,S
2021-06-22T09:45:24,3200.0,24.5,S
2021-06-22T09:45:24,3700.0,24.5,S
2021-06-22T09:45:24,39600.0,24.5,S
2021-06-22T09:45:21,4000.0,24.5,S
2021-06-22T09:45:20,1000.0,24.55,B
2021-06-22T09:45:20,1000.0,24.5,S
2021-06-22T09:45:17,10500.0,24.55,B
2021-06-22T09:45:17,7000.0,24.55,B
2021-06-22T09:45:16,3000.0,24.55,B
2021-06-22T09:45:15,1000.0,24.5,S
2021-06-22T09:45:14,1500.0,24.5,S
2021-06-22T09:45:10,8800.0,24.55,B
2021-06-22T09:45:10,100.0,24.5,S
2021-06-22T09:45:09,2000.0,24.5,S
2021-06-22T09:45:07,4500.0,24.5,S
2021-06-22T09:45:07,15500.0,24.5,S
2021-06-22T09:45:06,9000.0,24.5,S
2021-06-22T09:45:02,1000.0,24.55,B
2021-06-22T09:45:00,300.0,24.55,B
2021-06-22T09:45:00,200.0,24.55,B
2021-06-22T09:44:56,10000.0,24.55,B
2021-06-22T09:44:54,200.0,24.5,S
2021-06-22T09:44:54,200.0,24.55,S
2021-06-22T09:44:52,200.0,24.6,B
2021-06-22T09:44:51,2000.0,24.6,B
2021-06-22T09:44:46,100.0,24.55,S
2021-06-22T09:44:46,2900.0,24.6,B
2021-06-22T09:44:44,1500.0,24.6,B
2021-06-22T09:44:44,3900.0,24.5,S
2021-06-22T09:44:44,21100.0,24.55,S
2021-06-22T09:44:39,1000.0,24.6,B
2021-06-22T09:44:39,6300.0,24.6,B
2021-06-22T09:44:38,1000.0,24.6,B
2021-06-22T09:44:36,1000.0,24.6,B
2021-06-22T09:44:36,1000.0,24.6,B
2021-06-22T09:44:36,600.0,24.6,B
2021-06-22T09:44:33,1900.0,24.6,B
2021-06-22T09:44:32,1000.0,24.6,B
2021-06-22T09:44:31,20000.0,24.6,B
2021-06-22T09:44:29,400.0,24.6,B
2021-06-22T09:44:26,2400.0,24.6,B
2021-06-22T09:44:26,1000.0,24.6,B
2021-06-22T09:44:24,100.0,24.6,S
2021-06-22T09:44:23,2000.0,24.6,S
2021-06-22T09:44:22,2000.0,24.6,S
2021-06-22T09:44:22,2000.0,24.6,S
2021-06-22T09:44:22,100.0,24.6,S
2021-06-22T09:44:21,1500.0,24.6,S
2021-06-22T09:44:21,10000.0,24.6,S
2021-06-22T09:44:20,2000.0,24.6,S
2021-06-22T09:44:20,5000.0,24.6,S
2021-06-22T09:44:17,10900.0,24.6,S
2021-06-22T09:44:16,1500.0,24.6,S
2021-06-22T09:44:16,1300.0,24.65,B
2021-06-22T09:44:16,3500.0,24.65,B
2021-06-22T09:44:16,2000.0,24.65,B
2021-06-22T09:44:16,5500.0,24.65,B
2021-06-22T09:44:16,1000.0,24.65,B
2021-06-22T09:44:16,3700.0,24.65,B
2021-06-22T09:44:15,300.0,24.65,B
2021-06-22T09:44:12,4500.0,24.6,S
2021-06-22T09:44:07,2000.0,24.65,B
2021-06-22T09:44:06,100.0,24.6,S
2021-06-22T09:44:05,1000.0,24.65,B
2021-06-22T09:44:03,1000.0,24.65,B
2021-06-22T09:44:00,200.0,24.6,S
2021-06-22T09:43:58,200.0,24.65,B
2021-06-22T09:43:55,500.0,24.65,B
2021-06-22T09:43:54,1500.0,24.6,S
2021-06-22T09:43:53,18500.0,24.6,S
2021-06-22T09:43:50,500.0,24.65,B
2021-06-22T09:43:47,1300.0,24.65,B
2021-06-22T09:43:47,3300.0,24.65,B
2021-06-22T09:43:44,5000.0,24.65,B
2021-06-22T09:43:43,2000.0,24.65,B
2021-06-22T09:43:43,100.0,24.6,S
2021-06-22T09:43:41,1000.0,24.65,B
2021-06-22T09:43:35,1000.0,24.65,B
2021-06-22T09:43:34,500.0,24.65,B
2021-06-22T09:43:34,400.0,24.6,S
2021-06-22T09:43:33,400.0,24.65,B
2021-06-22T09:43:32,200.0,24.6,S
2021-06-22T09:43:32,400.0,24.65,B
2021-06-22T09:43:30,2000.0,24.65,B
2021-06-22T09:43:30,500.0,24.6,S
2021-06-22T09:43:28,2600.0,24.65,B
2021-06-22T09:43:26,1000.0,24.65,B
2021-06-22T09:43:26,4100.0,24.6,S
2021-06-22T09:43:22,5000.0,24.65,B
2021-06-22T09:43:21,1000.0,24.65,B
2021-06-22T09:43:21,100.0,24.6,S
2021-06-22T09:43:20,1000.0,24.65,B
2021-06-22T09:43:17,5000.0,24.65,B
2021-06-22T09:43:15,1100.0,24.6,S
2021-06-22T09:43:14,200.0,24.65,B
2021-06-22T09:43:13,100.0,24.6,S
2021-06-22T09:43:13,2600.0,24.65,B
2021-06-22T09:43:13,200.0,24.65,B
2021-06-22T09:43:12,1200.0,24.65,B
2021-06-22T09:43:10,3500.0,24.65,B
2021-06-22T09:43:09,200.0,24.65,B
2021-06-22T09:43:07,4000.0,24.65,B
2021-06-22T09:43:06,1000.0,24.6,S
2021-06-22T09:43:05,2500.0,24.65,B
2021-06-22T09:43:04,200.0,24.6,S
2021-06-22T09:43:00,100.0,24.65,B
2021-06-22T09:42:59,400.0,24.65,B
2021-06-22T09:42:57,100.0,24.65,B
2021-06-22T09:42:55,100.0,24.65,B
2021-06-22T09:42:50,12500.0,24.65,B
2021-06-22T09:42:47,500.0,24.65,B
2021-06-22T09:42:45,1500.0,24.65,B
2021-06-22T09:42:43,3800.0,24.65,B
2021-06-22T09:42:43,700.0,24.65,B
2021-06-22T09:42:43,4000.0,24.65,B
2021-06-22T09:42:42,16600.0,24.6,S
2021-06-22T09:42:42,11400.0,24.6,S
2021-06-22T09:42:42,1000.0,24.6,S
2021-06-22T09:42:36,6000.0,24.65,B
2021-06-22T09:42:33,1500.0,24.65,B
2021-06-22T09:42:32,3900.0,24.6,S
2021-06-22T09:42:31,6100.0,24.6,S
2021-06-22T09:42:29,1000.0,24.6,S
2021-06-22T09:42:28,100.0,24.6,S
2021-06-22T09:42:28,100.0,24.65,B
2021-06-22T09:42:27,13000.0,24.65,B
2021-06-22T09:42:27,7000.0,24.6,S
2021-06-22T09:42:26,5000.0,24.65,B
2021-06-22T09:42:25,6100.0,24.6,S
2021-06-22T09:42:25,3000.0,24.6,S
2021-06-22T09:42:25,900.0,24.6,S
2021-06-22T09:42:23,400.0,24.6,S
2021-06-22T09:42:23,1600.0,24.6,S
2021-06-22T09:42:22,100.0,24.65,B
2021-06-22T09:42:20,300.0,24.6,S
2021-06-22T09:42:20,3000.0,24.65,B
2021-06-22T09:42:18,7400.0,24.65,B
2021-06-22T09:42:17,2700.0,24.65,B
2021-06-22T09:42:17,400.0,24.65,B
2021-06-22T09:42:17,1100.0,24.65,B
2021-06-22T09:42:16,400.0,24.6,S
2021-06-22T09:42:15,200.0,24.65,B
2021-06-22T09:42:14,200.0,24.6,S
2021-06-22T09:42:14,300.0,24.6,S
2021-06-22T09:42:14,9500.0,24.6,S
2021-06-22T09:42:14,500.0,24.65,B
2021-06-22T09:42:13,300.0,24.6,S
2021-06-22T09:42:11,5000.0,24.7,B
2021-06-22T09:42:11,300.0,24.65,B
2021-06-22T09:42:09,200.0,24.6,S
2021-06-22T09:42:08,200.0,24.55,S
2021-06-22T09:42:05,900.0,24.7,B
2021-06-22T09:42:05,3100.0,24.7,B
2021-06-22T09:42:05,1000.0,24.7,B
2021-06-22T09:42:05,6800.0,24.55,S
2021-06-22T09:42:04,100.0,24.6,S
2021-06-22T09:42:04,100.0,24.6,S
2021-06-22T09:42:04,100.0,24.6,S
2021-06-22T09:42:03,600.0,24.6,S
2021-06-22T09:42:03,1700.0,24.7,B
2021-06-22T09:42:03,1000.0,24.6,S
2021-06-22T09:42:02,500.0,24.65,B
2021-06-22T09:42:02,600.0,24.65,B
2021-06-22T09:42:02,200.0,24.65,B
2021-06-22T09:42:02,1800.0,24.65,B
2021-06-22T09:42:02,1500.0,24.65,B
2021-06-22T09:42:02,900.0,24.65,B
2021-06-22T09:42:01,100.0,24.6,S
2021-06-22T09:41:59,6300.0,24.65,B
2021-06-22T09:41:59,3700.0,24.6,S
2021-06-22T09:41:59,500.0,24.6,S
2021-06-22T09:41:59,800.0,24.6,S
2021-06-22T09:41:58,1000.0,24.6,S
2021-06-22T09:41:57,5000.0,24.65,B
2021-06-22T09:41:56,2600.0,24.6,S
2021-06-22T09:41:55,200.0,24.65,B
2021-06-22T09:41:53,1000.0,24.65,B
2021-06-22T09:41:51,100.0,24.6,S
2021-06-22T09:41:50,500.0,24.65,B
2021-06-22T09:41:49,1000.0,24.6,S
2021-06-22T09:41:48,100.0,24.6,S
2021-06-22T09:41:44,400.0,24.6,S
2021-06-22T09:41:42,500.0,24.65,B
2021-06-22T09:41:37,200.0,24.55,S
2021-06-22T09:41:37,500.0,24.65,B
2021-06-22T09:41:37,18000.0,24.55,S
2021-06-22T09:41:37,7500.0,24.6,S
2021-06-22T09:41:37,1300.0,24.6,S
2021-06-22T09:41:36,7700.0,24.6,S
2021-06-22T09:41:36,100.0,24.6,S
2021-06-22T09:41:30,500.0,24.65,B
2021-06-22T09:41:30,600.0,24.6,S
2021-06-22T09:41:29,1000.0,24.65,B
2021-06-22T09:41:29,200.0,24.55,S
2021-06-22T09:41:27,500.0,24.65,B
2021-06-22T09:41:27,20000.0,24.65,B
2021-06-22T09:41:26,10000.0,24.55,S
2021-06-22T09:41:26,100.0,24.65,B
2021-06-22T09:41:25,500.0,24.6,S
2021-06-22T09:41:25,200.0,24.6,S
2021-06-22T09:41:25,4400.0,24.6,S
2021-06-22T09:41:24,900.0,24.6,S
2021-06-22T09:41:24,100.0,24.6,S
2021-06-22T09:41:23,3800.0,24.65,B
2021-06-22T09:41:22,1000.0,24.65,B
2021-06-22T09:41:22,35700.0,24.65,B
2021-06-22T09:41:20,800.0,24.6,S
2021-06-22T09:41:19,200.0,24.6,S
2021-06-22T09:41:19,16900.0,24.6,S
2021-06-22T09:41:17,100.0,24.6,S
2021-06-22T09:41:15,300.0,24.6,B
2021-06-22T09:41:14,4800.0,24.6,B
2021-06-22T09:41:11,1200.0,24.6,B
2021-06-22T09:41:11,3000.0,24.5,S
2021-06-22T09:41:11,500.0,24.6,B
2021-06-22T09:41:10,100.0,24.5,S
2021-06-22T09:41:10,4400.0,24.55,S
2021-06-22T09:41:10,400.0,24.6,B
2021-06-22T09:41:07,1100.0,24.55,S
2021-06-22T09:41:06,100.0,24.6,B
2021-06-22T09:41:05,4000.0,24.6,B
2021-06-22T09:41:05,4300.0,24.6,B
2021-06-22T09:41:04,1100.0,24.6,B
2021-06-22T09:41:04,100.0,24.6,B
2021-06-22T09:41:04,11300.0,24.6,B
2021-06-22T09:41:04,1600.0,24.6,B
2021-06-22T09:41:04,2100.0,24.6,B
2021-06-22T09:41:04,700.0,24.6,B
2021-06-22T09:41:04,200.0,24.6,B
2021-06-22T09:41:04,1600.0,24.6,B
2021-06-22T09:41:04,1000.0,24.6,B
2021-06-22T09:41:04,31500.0,24.6,B
2021-06-22T09:41:03,3000.0,24.6,B
2021-06-22T09:41:02,100.0,24.6,B
2021-06-22T09:41:00,100.0,24.55,S
2021-06-22T09:40:56,1000.0,24.6,B
2021-06-22T09:40:56,1900.0,24.55,S
2021-06-22T09:40:56,3700.0,24.55,S
2021-06-22T09:40:55,300.0,24.6,B
2021-06-22T09:40:54,6100.0,24.6,B
2021-06-22T09:40:52,700.0,24.6,B
2021-06-22T09:40:51,2000.0,24.6,B
2021-06-22T09:40:51,100.0,24.6,B
2021-06-22T09:40:51,3000.0,24.6,B
2021-06-22T09:40:49,10000.0,24.6,B
2021-06-22T09:40:46,4300.0,24.55,S
2021-06-22T09:40:46,500.0,24.5,S
2021-06-22T09:40:45,2800.0,24.55,S
2021-06-22T09:40:45,100.0,24.5,S
2021-06-22T09:40:43,1000.0,24.55,S
2021-06-22T09:40:43,1200.0,24.5,S
2021-06-22T09:40:43,9200.0,24.5,S
2021-06-22T09:40:41,200.0,24.6,B
2021-06-22T09:40:40,11300.0,24.6,B
2021-06-22T09:40:38,5000.0,24.55,B
2021-06-22T09:40:37,800.0,24.55,B
2021-06-22T09:40:36,100.0,24.55,B
2021-06-22T09:40:36,2000.0,24.55,B
2021-06-22T09:40:35,2000.0,24.55,B
2021-06-22T09:40:34,2000.0,24.6,B
2021-06-22T09:40:34,1200.0,24.6,B
2021-06-22T09:40:33,2000.0,24.55,B
2021-06-22T09:40:33,1000.0,24.6,B
2021-06-22T09:40:33,600.0,24.6,B
2021-06-22T09:40:32,100.0,24.55,B
2021-06-22T09:40:32,500.0,24.55,B
2021-06-22T09:40:30,500.0,24.5,B
2021-06-22T09:40:29,32000.0,24.5,B
2021-06-22T09:40:29,1000.0,24.6,B
2021-06-22T09:40:28,1000.0,24.6,B
2021-06-22T09:40:28,2000.0,24.5,B
2021-06-22T09:40:28,800.0,24.5,B
2021-06-22T09:40:21,400.0,24.5,B
2021-06-22T09:40:21,5000.0,24.5,B
2021-06-22T09:40:21,500.0,24.55,B
2021-06-22T09:40:20,100.0,24.55,B
2021-06-22T09:40:18,100.0,24.5,B
2021-06-22T09:40:16,10000.0,24.5,B
2021-06-22T09:40:15,400.0,24.5,B
2021-06-22T09:40:14,100.0,24.5,B
2021-06-22T09:40:14,500.0,24.55,B
2021-06-22T09:40:13,300.0,24.5,B
2021-06-22T09:40:13,1000.0,24.5,B
2021-06-22T09:40:12,200.0,24.5,B
2021-06-22T09:40:11,200.0,24.5,B
2021-06-22T09:40:09,2700.0,24.6,B
2021-06-22T09:40:09,500.0,24.5,B
2021-06-22T09:40:07,100.0,24.5,B
2021-06-22T09:40:05,20000.0,24.5,B
2021-06-22T09:40:05,100.0,24.5,B
2021-06-22T09:40:05,1000.0,24.5,B
2021-06-22T09:40:05,700.0,24.5,B
2021-06-22T09:40:05,10700.0,24.5,B
2021-06-22T09:40:03,500.0,24.5,B
2021-06-22T09:40:03,200.0,24.5,B
2021-06-22T09:40:02,8700.0,24.5,B
2021-06-22T09:39:58,500.0,24.5,B
2021-06-22T09:39:57,5000.0,24.5,B
2021-06-22T09:39:55,1100.0,24.5,B
2021-06-22T09:39:55,1900.0,24.5,B
2021-06-22T09:39:55,5100.0,24.5,B
2021-06-22T09:39:55,300.0,24.5,B
