tradingTime,volume,price,side
2021-06-22T14:50:27,100.0,17.3,S
2021-06-22T14:47:07,100.0,17.3,S
2021-06-22T14:46:32,2000.0,17.3,S
2021-06-22T14:44:22,100.0,17.3,B
2021-06-22T14:44:17,500.0,17.3,B
2021-06-22T14:44:12,100.0,17.3,B
2021-06-22T14:44:02,500.0,17.3,B
2021-06-22T14:43:57,800.0,17.3,B
2021-06-22T14:42:27,8000.0,17.3,S
2021-06-22T14:42:17,2000.0,17.4,B
2021-06-22T14:41:52,500.0,17.4,B
2021-06-22T14:35:07,600.0,17.4,B
2021-06-22T14:30:47,200.0,17.4,B
2021-06-22T14:29:56,900.0,17.4,B
2021-06-22T14:27:46,100.0,17.3,S
2021-06-22T14:27:33,2000.0,17.3,S
2021-06-22T14:27:30,300.0,17.3,S
2021-06-22T14:25:47,1000.0,17.3,S
2021-06-22T14:25:42,1000.0,17.3,S
2021-06-22T14:25:37,500.0,17.4,B
2021-06-22T14:24:28,100.0,17.3,S
2021-06-22T14:23:25,100.0,17.4,B
2021-06-22T14:22:50,200.0,17.4,B
2021-06-22T14:20:47,100.0,17.4,B
2021-06-22T14:17:04,1000.0,17.4,B
2021-06-22T14:17:02,12000.0,17.3,S
2021-06-22T14:13:29,1500.0,17.3,S
2021-06-22T14:13:25,19000.0,17.3,S
2021-06-22T14:12:17,20000.0,17.3,S
2021-06-22T14:11:00,100.0,17.3,S
2021-06-22T14:10:32,700.0,17.3,S
2021-06-22T14:10:21,900.0,17.3,S
2021-06-22T14:09:43,1000.0,17.3,S
2021-06-22T14:09:27,200.0,17.3,S
2021-06-22T14:09:02,200.0,17.4,B
2021-06-22T14:08:18,77500.0,17.4,B
2021-06-22T14:04:05,100.0,17.4,S
2021-06-22T14:02:19,2000.0,17.4,S
2021-06-22T13:58:49,3000.0,17.4,S
2021-06-22T13:57:35,1000.0,17.4,S
2021-06-22T13:55:24,3900.0,17.4,S
2021-06-22T13:53:59,200.0,17.4,S
2021-06-22T13:52:37,100.0,17.5,B
2021-06-22T13:52:26,2000.0,17.4,S
2021-06-22T13:50:10,5000.0,17.5,B
2021-06-22T13:46:16,500.0,17.5,B
2021-06-22T13:44:38,500.0,17.5,B
2021-06-22T13:43:10,600.0,17.5,B
2021-06-22T13:42:35,200.0,17.5,B
2021-06-22T13:41:47,100.0,17.5,B
2021-06-22T13:41:08,300.0,17.4,S
2021-06-22T13:40:12,1600.0,17.4,S
2021-06-22T13:40:02,100.0,17.5,B
2021-06-22T13:39:44,300.0,17.5,B
2021-06-22T13:39:27,200.0,17.5,B
2021-06-22T13:34:53,100.0,17.5,B
2021-06-22T13:32:23,1000.0,17.4,S
2021-06-22T13:31:39,1000.0,17.5,B
2021-06-22T13:27:00,100.0,17.5,B
2021-06-22T13:26:08,3000.0,17.5,B
2021-06-22T13:25:51,100.0,17.4,S
2021-06-22T13:24:45,200.0,17.4,S
2021-06-22T13:24:09,100.0,17.4,S
2021-06-22T13:21:57,3600.0,17.4,S
2021-06-22T13:18:19,1000.0,17.5,B
2021-06-22T13:17:49,200.0,17.5,B
2021-06-22T13:17:43,200.0,17.5,B
2021-06-22T13:16:00,8200.0,17.5,S
2021-06-22T13:15:14,2000.0,17.5,S
2021-06-22T13:15:12,100.0,17.5,S
2021-06-22T13:13:09,200.0,17.5,S
2021-06-22T13:12:10,4800.0,17.5,S
2021-06-22T13:09:59,10000.0,17.5,S
2021-06-22T13:05:51,100.0,17.5,S
2021-06-22T13:04:02,100.0,17.5,S
2021-06-22T13:01:31,900.0,17.5,S
2021-06-22T13:00:19,1000.0,17.4,S
2021-06-22T13:00:10,2000.0,17.4,S
2021-06-22T13:00:09,1500.0,17.5,S
2021-06-22T11:28:30,1500.0,17.4,S
2021-06-22T11:27:29,500.0,17.5,S
2021-06-22T11:26:27,500.0,17.4,S
2021-06-22T11:24:12,900.0,17.4,S
2021-06-22T11:21:18,5000.0,17.4,S
2021-06-22T11:20:50,55800.0,17.4,S
2021-06-22T11:20:39,800.0,17.4,S
2021-06-22T11:18:37,15000.0,17.4,S
2021-06-22T11:17:46,200.0,17.5,S
2021-06-22T11:17:07,100.0,17.5,S
2021-06-22T11:15:17,500.0,17.5,S
2021-06-22T11:13:51,2000.0,17.5,S
2021-06-22T11:13:35,7000.0,17.5,S
2021-06-22T11:13:13,4000.0,17.5,S
2021-06-22T11:13:02,3000.0,17.5,S
2021-06-22T11:09:29,500.0,17.5,S
2021-06-22T11:09:01,5000.0,17.5,S
2021-06-22T11:08:23,1100.0,17.5,S
2021-06-22T11:07:32,200.0,17.5,S
2021-06-22T11:07:22,1000.0,17.5,S
2021-06-22T11:02:34,100.0,17.5,S
2021-06-22T11:02:11,1000.0,17.5,S
2021-06-22T11:00:18,100.0,17.5,S
2021-06-22T10:59:37,5000.0,17.5,S
2021-06-22T10:57:51,100.0,17.5,S
2021-06-22T10:52:57,700.0,17.5,S
2021-06-22T10:50:46,500.0,17.5,S
2021-06-22T10:50:40,6000.0,17.6,S
2021-06-22T10:45:50,200.0,17.6,S
2021-06-22T10:43:08,500.0,17.6,S
2021-06-22T10:43:07,400.0,17.6,S
2021-06-22T10:42:22,1600.0,17.6,S
2021-06-22T10:42:14,3400.0,17.7,B
2021-06-22T10:41:47,700.0,17.6,S
2021-06-22T10:41:31,1300.0,17.7,S
2021-06-22T10:41:29,10000.0,17.7,S
2021-06-22T10:41:12,1000.0,17.7,S
2021-06-22T10:40:43,1000.0,17.7,S
2021-06-22T10:40:41,2000.0,17.7,S
2021-06-22T10:40:25,700.0,17.7,S
2021-06-22T10:40:19,10000.0,17.7,S
2021-06-22T10:40:05,700.0,17.7,S
2021-06-22T10:40:02,1000.0,17.7,S
2021-06-22T10:39:51,5000.0,17.7,S
2021-06-22T10:39:15,5000.0,17.7,S
2021-06-22T10:38:58,300.0,17.7,S
2021-06-22T10:37:35,4700.0,17.7,S
2021-06-22T10:36:14,300.0,17.7,S
2021-06-22T10:34:17,3000.0,17.7,S
2021-06-22T10:33:25,2200.0,17.7,S
2021-06-22T10:32:03,2000.0,17.7,S
2021-06-22T10:31:49,100.0,17.7,S
2021-06-22T10:30:15,300.0,17.7,S
2021-06-22T10:30:08,100.0,17.8,B
2021-06-22T10:30:05,300.0,17.7,S
2021-06-22T10:30:02,1000.0,17.8,B
2021-06-22T10:28:46,300.0,17.8,B
2021-06-22T10:28:38,100.0,17.8,B
2021-06-22T10:27:44,100.0,17.8,B
2021-06-22T10:26:49,500.0,17.7,S
2021-06-22T10:26:21,2000.0,17.7,S
2021-06-22T10:26:20,5000.0,17.7,S
2021-06-22T10:26:15,700.0,17.7,S
2021-06-22T10:22:56,100.0,17.7,B
2021-06-22T10:22:42,500.0,17.7,B
2021-06-22T10:22:10,1000.0,17.7,B
2021-06-22T10:21:44,10000.0,17.7,B
2021-06-22T10:21:08,500.0,17.7,B
2021-06-22T10:20:06,900.0,17.7,B
2021-06-22T10:19:50,500.0,17.7,B
2021-06-22T10:16:38,600.0,17.7,B
2021-06-22T10:16:29,8000.0,17.7,B
2021-06-22T10:16:24,1000.0,17.7,B
2021-06-22T10:16:01,100.0,17.7,B
2021-06-22T10:14:49,1600.0,17.7,B
2021-06-22T10:13:51,200.0,17.6,S
2021-06-22T10:12:59,300.0,17.6,S
2021-06-22T10:12:38,2000.0,17.6,S
2021-06-22T10:12:32,600.0,17.7,B
2021-06-22T10:11:09,100.0,17.6,B
2021-06-22T10:10:59,4300.0,17.6,B
2021-06-22T10:10:26,1000.0,17.6,B
2021-06-22T10:10:01,500.0,17.5,S
2021-06-22T10:09:52,500.0,17.6,B
2021-06-22T10:09:49,500.0,17.6,B
2021-06-22T10:08:03,500.0,17.6,B
2021-06-22T10:08:00,500.0,17.6,B
2021-06-22T10:07:10,500.0,17.6,B
2021-06-22T10:06:26,100.0,17.6,B
2021-06-22T10:06:22,100.0,17.6,B
2021-06-22T10:05:30,1000.0,17.6,B
2021-06-22T10:04:51,1000.0,17.5,S
2021-06-22T10:04:34,4600.0,17.5,B
2021-06-22T10:04:29,10000.0,17.5,B
2021-06-22T10:04:19,100.0,17.5,B
2021-06-22T10:03:44,500.0,17.5,B
2021-06-22T10:02:57,1200.0,17.4,S
2021-06-22T10:02:47,500.0,17.5,B
2021-06-22T10:02:40,1400.0,17.5,B
2021-06-22T10:02:13,100.0,17.5,B
2021-06-22T10:02:02,1000.0,17.5,B
2021-06-22T10:00:25,3400.0,17.4,S
2021-06-22T09:59:42,600.0,17.5,B
2021-06-22T09:59:09,200.0,17.5,B
2021-06-22T09:58:42,1500.0,17.5,B
2021-06-22T09:58:15,200.0,17.5,B
2021-06-22T09:57:50,100.0,17.4,S
2021-06-22T09:57:30,100.0,17.5,B
2021-06-22T09:57:19,900.0,17.5,B
2021-06-22T09:55:14,300.0,17.4,S
2021-06-22T09:54:43,9000.0,17.4,B
2021-06-22T09:54:11,60400.0,17.4,S
2021-06-22T09:52:58,500.0,17.5,B
2021-06-22T09:51:39,100.0,17.5,B
2021-06-22T09:51:23,400.0,17.5,S
2021-06-22T09:50:21,1600.0,17.5,B
2021-06-22T09:49:54,13800.0,17.4,B
2021-06-22T09:49:53,300.0,17.4,B
2021-06-22T09:49:46,5000.0,17.4,B
2021-06-22T09:49:43,400.0,17.4,B
2021-06-22T09:49:43,10000.0,17.4,B
2021-06-22T09:49:42,2000.0,17.4,B
2021-06-22T09:49:26,5000.0,17.4,B
2021-06-22T09:48:50,14500.0,17.4,S
2021-06-22T09:46:58,1000.0,17.4,S
2021-06-22T09:46:48,18600.0,17.4,B
2021-06-22T09:46:44,500.0,17.4,B
2021-06-22T09:46:27,100.0,17.4,B
2021-06-22T09:46:23,2000.0,17.4,B
2021-06-22T09:46:18,500.0,17.4,B
2021-06-22T09:46:01,10000.0,17.4,B
2021-06-22T09:45:46,1000.0,17.4,B
2021-06-22T09:45:46,500.0,17.4,B
2021-06-22T09:45:44,10000.0,17.4,B
2021-06-22T09:45:35,16800.0,17.4,S
2021-06-22T09:44:26,100.0,17.4,B
2021-06-22T09:44:21,900.0,17.4,B
2021-06-22T09:44:06,10200.0,17.4,B
2021-06-22T09:44:05,1000.0,17.4,B
2021-06-22T09:43:48,10000.0,17.4,B
2021-06-22T09:43:45,5000.0,17.4,B
2021-06-22T09:43:30,33800.0,17.4,S
2021-06-22T09:42:56,600.0,17.5,S
2021-06-22T09:42:32,1700.0,17.5,S
2021-06-22T09:41:44,500.0,17.4,S
2021-06-22T09:41:39,1700.0,17.4,B
2021-06-22T09:41:36,3000.0,17.4,B
2021-06-22T09:41:32,300.0,17.4,B
2021-06-22T09:41:11,200.0,17.4,B
2021-06-22T09:41:10,1000.0,17.4,B
2021-06-22T09:40:55,400.0,17.4,B
2021-06-22T09:40:54,2000.0,17.4,B
2021-06-22T09:40:46,5000.0,17.4,B
2021-06-22T09:40:40,1000.0,17.4,B
2021-06-22T09:40:37,3000.0,17.4,B
2021-06-22T09:40:19,5000.0,17.4,B
2021-06-22T09:40:18,2000.0,17.4,B
2021-06-22T09:40:11,4400.0,17.4,B
2021-06-22T09:40:05,1000.0,17.4,B
2021-06-22T09:39:40,20100.0,17.4,S
2021-06-22T09:39:34,5000.0,17.5,B
2021-06-22T09:38:39,2000.0,17.4,B
2021-06-22T09:38:39,600.0,17.4,B
2021-06-22T09:38:37,2000.0,17.4,B
2021-06-22T09:38:03,7000.0,17.4,B
2021-06-22T09:37:48,200.0,17.3,S
2021-06-22T09:37:47,1000.0,17.3,S
2021-06-22T09:37:31,100.0,17.4,B
2021-06-22T09:37:23,1000.0,17.4,B
2021-06-22T09:37:16,3000.0,17.4,B
2021-06-22T09:37:09,2500.0,17.4,B
2021-06-22T09:36:41,33800.0,17.4,S
2021-06-22T09:36:37,1000.0,17.5,B
2021-06-22T09:33:48,6000.0,17.5,S
2021-06-22T09:32:00,1800.0,17.5,S
2021-06-22T09:30:58,1500.0,17.5,S
2021-06-22T09:30:45,5900.0,17.5,S
2021-06-22T09:30:14,2000.0,17.5,B
2021-06-22T09:29:41,100.0,17.5,B
2021-06-22T09:29:12,1000.0,17.5,B
2021-06-22T09:29:04,18900.0,17.5,B
2021-06-22T09:28:36,1500.0,17.5,S
2021-06-22T09:28:18,2000.0,17.5,S
2021-06-22T09:28:17,100.0,17.5,S
2021-06-22T09:26:05,1100.0,17.5,S
2021-06-22T09:25:31,1000.0,17.6,B
2021-06-22T09:24:53,300.0,17.5,S
2021-06-22T09:24:35,100.0,17.6,B
2021-06-22T09:23:36,1000.0,17.6,B
2021-06-22T09:23:27,2500.0,17.6,S
2021-06-22T09:23:25,5000.0,17.6,S
2021-06-22T09:21:49,5000.0,17.6,S
2021-06-22T09:21:37,500.0,17.7,B
2021-06-22T09:21:02,1000.0,17.7,B
2021-06-22T09:19:55,4700.0,17.7,S
2021-06-22T09:19:37,1000.0,17.7,S
2021-06-22T09:19:35,1000.0,17.7,S
2021-06-22T09:19:27,200.0,17.7,S
2021-06-22T09:18:34,200.0,17.7,S
2021-06-22T09:18:32,500.0,17.8,B
2021-06-22T09:17:32,1100.0,17.7,S
2021-06-22T09:17:22,5000.0,17.7,S
2021-06-22T09:16:52,100.0,17.7,S
2021-06-22T09:15:59,700.0,17.7,B
2021-06-22T09:15:35,200.0,17.7,B
2021-06-22T09:15:22,1100.0,17.7,B
2021-06-22T09:15:07,500.0,17.7,B
2021-06-22T09:14:45,500.0,17.7,B
2021-06-22T09:14:45,200.0,17.7,B
2021-06-22T09:14:33,200.0,17.7,B
2021-06-22T09:13:59,100.0,17.7,B
2021-06-22T09:13:41,100.0,17.8,B
2021-06-22T09:13:34,2000.0,17.8,B
2021-06-22T09:12:39,200.0,17.7,B
2021-06-22T09:12:30,100.0,17.7,B
2021-06-22T09:12:13,500.0,17.7,B
2021-06-22T09:07:40,500.0,17.7,S
2021-06-22T09:06:36,200.0,17.8,B
2021-06-22T09:04:00,100.0,17.8,B
2021-06-22T09:03:41,200.0,17.8,S
2021-06-22T09:03:18,500.0,17.8,S
2021-06-22T09:03:15,1000.0,17.9,B
2021-06-22T09:03:11,200.0,17.9,B
2021-06-22T09:03:05,1000.0,17.8,S
2021-06-22T09:02:57,100.0,17.9,B
2021-06-22T09:02:52,600.0,17.8,S
2021-06-22T09:02:40,3000.0,17.8,S
2021-06-22T09:02:33,5000.0,17.9,B
2021-06-22T09:01:48,1200.0,17.8,B
2021-06-22T09:01:09,700.0,17.8,B
2021-06-22T09:00:22,200.0,17.7,S
2021-06-22T09:00:22,100.0,17.8,B
2021-06-22T09:00:22,100.0,17.8,B
2021-06-22T09:00:20,6100.0,17.5,S
2021-06-22T09:00:18,100.0,17.7,S
