tradingTime,volume,price,side
2021-06-22T14:30:12,1000.0,50.8,B
2021-06-22T14:30:04,1100.0,50.8,B
2021-06-22T14:30:02,500.0,50.8,B
2021-06-22T14:29:57,200.0,50.8,B
2021-06-22T14:29:56,800.0,50.7,S
2021-06-22T14:29:56,1800.0,50.7,S
2021-06-22T14:29:56,1600.0,50.7,S
2021-06-22T14:29:56,800.0,50.7,S
2021-06-22T14:29:53,100.0,50.8,B
2021-06-22T14:29:50,100.0,50.8,B
2021-06-22T14:29:49,1000.0,50.8,B
2021-06-22T14:29:48,300.0,50.8,B
2021-06-22T14:29:48,400.0,50.8,B
2021-06-22T14:29:46,2000.0,50.8,B
2021-06-22T14:29:46,2000.0,50.8,B
2021-06-22T14:29:39,600.0,50.8,S
2021-06-22T14:29:38,100.0,50.8,S
2021-06-22T14:29:37,400.0,50.8,S
2021-06-22T14:29:37,1100.0,50.8,S
2021-06-22T14:29:37,700.0,50.8,S
2021-06-22T14:29:37,11200.0,50.8,S
2021-06-22T14:29:37,1700.0,50.8,S
2021-06-22T14:29:37,200.0,50.8,S
2021-06-22T14:29:36,22300.0,50.8,S
2021-06-22T14:29:36,800.0,50.8,S
2021-06-22T14:29:36,2500.0,50.8,S
2021-06-22T14:29:36,6500.0,50.8,S
2021-06-22T14:29:36,1000.0,50.8,S
2021-06-22T14:29:35,5800.0,50.8,S
2021-06-22T14:29:35,7400.0,50.8,S
2021-06-22T14:29:34,2000.0,50.8,S
2021-06-22T14:29:34,6000.0,50.9,B
2021-06-22T14:29:33,300.0,50.9,B
2021-06-22T14:29:26,4000.0,50.8,S
2021-06-22T14:29:21,2400.0,50.9,B
2021-06-22T14:29:21,100.0,50.8,S
2021-06-22T14:29:14,100.0,50.8,S
2021-06-22T14:29:13,300.0,50.8,S
2021-06-22T14:29:12,100.0,50.9,B
2021-06-22T14:29:04,10000.0,50.8,S
2021-06-22T14:28:59,5000.0,50.9,B
2021-06-22T14:28:57,200.0,50.9,B
2021-06-22T14:28:57,100.0,50.9,B
2021-06-22T14:28:47,100.0,50.9,B
2021-06-22T14:28:47,400.0,50.9,B
2021-06-22T14:28:46,100.0,50.9,B
2021-06-22T14:28:06,200.0,50.9,B
2021-06-22T14:28:00,200.0,50.9,B
2021-06-22T14:27:53,2100.0,50.8,S
2021-06-22T14:27:49,600.0,50.9,B
2021-06-22T14:27:42,5000.0,50.9,B
2021-06-22T14:27:39,5000.0,50.8,S
2021-06-22T14:27:35,200.0,50.9,B
2021-06-22T14:27:33,13500.0,50.8,S
2021-06-22T14:27:33,1500.0,50.8,S
2021-06-22T14:27:33,1600.0,50.8,S
2021-06-22T14:27:33,1400.0,50.8,S
2021-06-22T14:27:24,1500.0,50.8,S
2021-06-22T14:27:17,2000.0,50.9,B
2021-06-22T14:27:10,500.0,50.9,B
2021-06-22T14:27:08,100.0,50.9,B
2021-06-22T14:27:07,100.0,50.9,B
2021-06-22T14:27:03,1100.0,50.8,S
2021-06-22T14:27:03,2800.0,50.8,S
2021-06-22T14:27:03,200.0,50.8,S
2021-06-22T14:27:03,600.0,50.8,S
2021-06-22T14:27:03,500.0,50.8,S
2021-06-22T14:26:55,100.0,50.9,B
2021-06-22T14:26:52,200.0,50.8,S
2021-06-22T14:26:43,600.0,50.8,S
2021-06-22T14:26:41,1000.0,50.8,S
2021-06-22T14:26:41,1600.0,50.9,B
2021-06-22T14:26:34,100.0,50.8,S
2021-06-22T14:26:33,1000.0,50.9,B
2021-06-22T14:26:20,1500.0,50.8,S
2021-06-22T14:26:20,800.0,50.8,S
2021-06-22T14:26:20,3400.0,50.8,S
2021-06-22T14:26:20,1000.0,50.8,S
2021-06-22T14:26:20,3600.0,50.8,S
2021-06-22T14:26:20,500.0,50.8,S
2021-06-22T14:26:20,1600.0,50.8,S
2021-06-22T14:26:20,500.0,50.8,S
2021-06-22T14:26:20,600.0,50.8,S
2021-06-22T14:26:20,17700.0,50.8,S
2021-06-22T14:26:20,500.0,50.8,S
2021-06-22T14:26:20,2200.0,50.8,S
2021-06-22T14:26:20,1000.0,50.8,S
2021-06-22T14:26:20,2500.0,50.8,S
2021-06-22T14:26:20,500.0,50.8,S
2021-06-22T14:26:20,700.0,50.8,S
2021-06-22T14:26:20,200.0,50.8,S
2021-06-22T14:26:20,3800.0,50.8,S
2021-06-22T14:26:20,1100.0,50.8,S
2021-06-22T14:26:20,5000.0,50.8,S
2021-06-22T14:26:20,2400.0,50.8,S
2021-06-22T14:26:20,400.0,50.8,S
2021-06-22T14:26:20,500.0,50.8,S
2021-06-22T14:26:20,500.0,50.8,S
2021-06-22T14:26:19,100.0,50.8,S
2021-06-22T14:26:19,4600.0,50.8,S
2021-06-22T14:26:19,300.0,50.8,S
2021-06-22T14:26:19,3500.0,50.8,S
2021-06-22T14:26:19,5700.0,50.8,S
2021-06-22T14:26:19,700.0,50.8,S
2021-06-22T14:26:19,1300.0,50.8,S
2021-06-22T14:26:19,1300.0,50.8,S
2021-06-22T14:26:19,4200.0,50.8,S
2021-06-22T14:26:19,1000.0,50.8,S
2021-06-22T14:26:19,200.0,50.8,S
2021-06-22T14:26:19,3100.0,50.8,S
2021-06-22T14:26:19,200.0,50.8,S
2021-06-22T14:26:19,3300.0,50.8,S
2021-06-22T14:26:18,30000.0,50.8,S
2021-06-22T14:26:11,7000.0,50.9,B
2021-06-22T14:26:10,500.0,50.8,S
2021-06-22T14:26:10,600.0,50.8,S
2021-06-22T14:26:10,600.0,50.8,S
2021-06-22T14:26:10,800.0,50.8,S
2021-06-22T14:26:10,6400.0,50.8,S
2021-06-22T14:26:10,200.0,50.8,S
2021-06-22T14:26:09,1400.0,50.8,S
2021-06-22T14:26:08,200.0,50.9,B
2021-06-22T14:26:07,400.0,50.8,S
2021-06-22T14:26:07,100.0,50.9,B
2021-06-22T14:25:58,200.0,50.9,B
2021-06-22T14:25:56,500.0,50.9,B
2021-06-22T14:25:44,800.0,50.8,S
2021-06-22T14:25:43,3000.0,50.9,B
2021-06-22T14:25:39,3000.0,50.9,B
2021-06-22T14:25:37,100.0,50.8,S
2021-06-22T14:25:32,500.0,50.9,B
2021-06-22T14:25:27,200.0,50.9,B
2021-06-22T14:25:15,100.0,50.9,B
2021-06-22T14:25:12,100.0,50.9,S
2021-06-22T14:25:11,200.0,50.9,S
2021-06-22T14:25:10,200.0,50.9,S
2021-06-22T14:25:09,200.0,50.9,S
2021-06-22T14:25:09,1000.0,50.9,S
2021-06-22T14:25:06,400.0,50.8,S
2021-06-22T14:25:06,3100.0,50.8,S
2021-06-22T14:25:06,1500.0,50.8,S
2021-06-22T14:25:02,5000.0,50.9,S
2021-06-22T14:24:56,200.0,50.9,S
2021-06-22T14:24:55,5000.0,50.9,S
2021-06-22T14:24:47,1000.0,50.9,S
2021-06-22T14:24:47,12200.0,50.9,S
2021-06-22T14:24:47,400.0,50.9,S
2021-06-22T14:24:47,1300.0,50.9,S
2021-06-22T14:24:47,200.0,50.9,S
2021-06-22T14:24:46,100.0,50.9,S
2021-06-22T14:24:46,2700.0,50.9,S
2021-06-22T14:24:40,7000.0,51.0,B
2021-06-22T14:24:38,1000.0,50.9,S
2021-06-22T14:24:27,1900.0,50.9,S
2021-06-22T14:24:26,1000.0,50.9,S
2021-06-22T14:24:26,5500.0,50.9,S
2021-06-22T14:24:22,100.0,50.9,S
2021-06-22T14:24:11,6000.0,51.0,B
2021-06-22T14:24:09,1000.0,50.9,S
2021-06-22T14:24:07,900.0,50.9,S
2021-06-22T14:24:07,400.0,50.9,S
2021-06-22T14:24:07,700.0,50.9,S
2021-06-22T14:24:07,9500.0,50.9,S
2021-06-22T14:24:07,1400.0,50.9,S
2021-06-22T14:24:07,400.0,50.9,S
2021-06-22T14:24:07,1400.0,50.9,S
2021-06-22T14:24:07,5400.0,50.9,S
2021-06-22T14:24:07,300.0,50.9,S
2021-06-22T14:24:07,1100.0,50.9,S
2021-06-22T14:24:07,1400.0,50.9,S
2021-06-22T14:24:07,1100.0,50.9,S
2021-06-22T14:24:04,1700.0,51.0,B
2021-06-22T14:24:00,1600.0,50.9,S
2021-06-22T14:24:00,500.0,50.9,S
2021-06-22T14:24:00,300.0,50.9,S
2021-06-22T14:24:00,2100.0,50.9,S
2021-06-22T14:24:00,7100.0,50.9,S
2021-06-22T14:24:00,2400.0,50.9,S
2021-06-22T14:24:00,700.0,50.9,S
2021-06-22T14:24:00,100.0,50.9,S
2021-06-22T14:24:00,200.0,50.9,S
2021-06-22T14:24:00,1500.0,50.9,S
2021-06-22T14:24:00,200.0,50.9,S
2021-06-22T14:23:59,700.0,50.9,S
2021-06-22T14:23:59,1000.0,50.9,S
2021-06-22T14:23:59,2100.0,50.9,S
2021-06-22T14:23:59,4200.0,50.9,S
2021-06-22T14:23:59,1000.0,50.9,S
2021-06-22T14:23:59,3200.0,50.9,S
2021-06-22T14:23:59,1600.0,50.9,S
2021-06-22T14:23:59,8600.0,50.9,S
2021-06-22T14:23:59,800.0,50.9,S
2021-06-22T14:23:59,1600.0,50.9,S
2021-06-22T14:23:59,600.0,50.9,S
2021-06-22T14:23:59,7900.0,50.9,S
2021-06-22T14:23:55,2000.0,50.9,S
2021-06-22T14:23:52,1000.0,50.9,S
2021-06-22T14:23:49,400.0,50.9,S
2021-06-22T14:23:49,600.0,50.9,S
2021-06-22T14:23:49,1000.0,50.9,S
2021-06-22T14:23:46,200.0,51.0,B
2021-06-22T14:23:31,4000.0,51.0,B
2021-06-22T14:23:31,1000.0,51.0,B
2021-06-22T14:23:30,100.0,51.0,B
2021-06-22T14:23:25,100.0,51.0,B
2021-06-22T14:23:23,300.0,51.0,B
2021-06-22T14:23:20,200.0,50.9,S
2021-06-22T14:23:13,100.0,51.0,B
2021-06-22T14:23:02,7000.0,51.0,B
2021-06-22T14:23:00,100.0,51.0,B
2021-06-22T14:22:50,900.0,51.0,B
2021-06-22T14:22:49,200.0,50.9,S
2021-06-22T14:22:44,100.0,50.9,S
2021-06-22T14:22:40,100.0,51.0,B
2021-06-22T14:22:38,100.0,50.9,S
2021-06-22T14:22:33,200.0,51.0,B
2021-06-22T14:22:33,4700.0,51.0,B
2021-06-22T14:22:33,100.0,51.0,B
2021-06-22T14:22:33,1200.0,50.9,S
2021-06-22T14:22:33,300.0,50.9,S
2021-06-22T14:22:33,400.0,50.9,S
2021-06-22T14:22:32,2100.0,50.9,S
2021-06-22T14:22:29,500.0,50.9,S
2021-06-22T14:22:28,500.0,50.9,S
2021-06-22T14:22:27,100.0,51.0,B
2021-06-22T14:22:21,4000.0,50.9,S
2021-06-22T14:22:12,8000.0,50.9,S
2021-06-22T14:22:08,100.0,50.9,S
2021-06-22T14:22:08,800.0,51.0,B
2021-06-22T14:22:08,3200.0,51.0,B
2021-06-22T14:22:05,100.0,51.0,B
2021-06-22T14:21:32,200.0,51.0,B
2021-06-22T14:21:30,8000.0,51.0,B
2021-06-22T14:21:26,5300.0,51.0,B
2021-06-22T14:21:18,3400.0,51.0,B
2021-06-22T14:21:14,800.0,50.9,S
2021-06-22T14:21:14,200.0,50.9,S
2021-06-22T14:21:09,1200.0,51.0,B
2021-06-22T14:20:58,5000.0,51.0,B
2021-06-22T14:20:55,2600.0,51.0,B
2021-06-22T14:20:54,300.0,50.9,S
2021-06-22T14:20:49,1000.0,50.9,S
2021-06-22T14:20:48,500.0,50.9,S
2021-06-22T14:20:36,200.0,50.9,S
2021-06-22T14:20:29,100.0,51.0,B
2021-06-22T14:20:29,1500.0,50.9,S
2021-06-22T14:20:20,100.0,50.9,S
2021-06-22T14:20:18,500.0,50.9,S
2021-06-22T14:20:17,500.0,50.9,S
2021-06-22T14:20:17,1800.0,50.9,S
2021-06-22T14:20:17,1200.0,50.9,S
2021-06-22T14:20:17,2500.0,50.9,S
2021-06-22T14:20:16,4000.0,50.9,S
2021-06-22T14:20:10,100.0,50.9,S
2021-06-22T14:20:09,3500.0,51.0,B
2021-06-22T14:20:09,5100.0,51.0,B
2021-06-22T14:20:07,100.0,50.9,S
2021-06-22T14:20:05,400.0,51.0,B
2021-06-22T14:19:53,700.0,50.9,S
2021-06-22T14:19:53,100.0,50.9,S
2021-06-22T14:19:53,2500.0,50.9,S
2021-06-22T14:19:53,1100.0,50.9,S
2021-06-22T14:19:53,600.0,50.9,S
2021-06-22T14:19:53,200.0,50.9,S
2021-06-22T14:19:51,2500.0,50.9,S
2021-06-22T14:19:43,500.0,50.9,S
2021-06-22T14:19:23,1000.0,50.9,S
2021-06-22T14:19:18,3000.0,51.0,B
2021-06-22T14:19:13,500.0,51.0,B
2021-06-22T14:19:12,300.0,50.9,S
2021-06-22T14:19:10,600.0,51.0,B
2021-06-22T14:19:00,100.0,50.9,S
2021-06-22T14:18:55,200.0,51.0,B
2021-06-22T14:18:53,400.0,51.0,B
2021-06-22T14:18:48,3000.0,51.0,B
2021-06-22T14:18:44,100.0,51.0,B
2021-06-22T14:18:37,500.0,51.0,B
2021-06-22T14:18:36,500.0,51.0,B
2021-06-22T14:18:18,1000.0,51.0,B
2021-06-22T14:18:14,1000.0,51.0,B
2021-06-22T14:18:10,5000.0,51.0,B
2021-06-22T14:18:05,300.0,51.0,B
2021-06-22T14:18:04,12300.0,51.0,B
2021-06-22T14:18:00,500.0,51.0,B
2021-06-22T14:18:00,300.0,50.9,S
2021-06-22T14:17:58,100.0,51.0,B
2021-06-22T14:17:51,600.0,51.0,B
2021-06-22T14:17:48,100.0,51.0,B
2021-06-22T14:17:46,200.0,50.9,S
2021-06-22T14:17:44,800.0,51.0,B
2021-06-22T14:17:25,800.0,51.0,B
2021-06-22T14:17:23,500.0,51.0,B
2021-06-22T14:17:21,100.0,51.0,B
2021-06-22T14:17:20,100.0,51.0,B
2021-06-22T14:17:16,700.0,51.0,B
2021-06-22T14:17:16,100.0,50.9,S
2021-06-22T14:17:16,700.0,50.9,S
2021-06-22T14:17:16,4700.0,50.9,S
2021-06-22T14:17:13,4500.0,50.9,S
2021-06-22T14:17:11,100.0,51.0,B
2021-06-22T14:17:05,200.0,51.0,B
2021-06-22T14:17:02,500.0,51.0,B
2021-06-22T14:16:56,500.0,51.0,B
2021-06-22T14:16:52,400.0,51.0,B
2021-06-22T14:16:48,100.0,51.0,B
2021-06-22T14:16:42,100.0,51.0,B
2021-06-22T14:16:42,200.0,51.0,B
2021-06-22T14:16:34,500.0,51.0,B
2021-06-22T14:16:32,300.0,51.0,B
2021-06-22T14:16:32,1800.0,51.0,B
2021-06-22T14:16:30,100.0,51.0,S
2021-06-22T14:16:29,500.0,51.0,S
2021-06-22T14:16:27,700.0,51.0,S
2021-06-22T14:16:26,500.0,51.0,S
2021-06-22T14:16:26,800.0,51.0,S
2021-06-22T14:16:26,3100.0,51.0,S
2021-06-22T14:16:26,700.0,51.0,S
2021-06-22T14:16:26,1100.0,51.0,S
2021-06-22T14:16:26,5900.0,51.0,S
2021-06-22T14:16:26,21200.0,51.0,S
2021-06-22T14:16:26,3600.0,51.0,S
2021-06-22T14:16:26,1400.0,51.0,S
2021-06-22T14:16:26,300.0,51.0,S
2021-06-22T14:16:22,1600.0,51.0,S
2021-06-22T14:16:19,15000.0,51.1,B
2021-06-22T14:16:19,100.0,51.0,S
2021-06-22T14:16:16,500.0,51.0,S
2021-06-22T14:16:16,6100.0,51.1,B
2021-06-22T14:16:15,200.0,51.0,S
2021-06-22T14:16:03,100.0,51.0,S
2021-06-22T14:15:59,100.0,51.0,S
2021-06-22T14:15:55,2000.0,51.0,S
2021-06-22T14:15:53,1400.0,51.0,S
2021-06-22T14:15:44,10000.0,51.1,B
2021-06-22T14:15:39,1000.0,51.0,S
2021-06-22T14:15:34,300.0,51.1,B
2021-06-22T14:15:34,3000.0,51.0,S
2021-06-22T14:15:32,5100.0,51.0,S
2021-06-22T14:15:31,500.0,51.0,S
2021-06-22T14:15:28,12000.0,51.0,S
2021-06-22T14:15:22,100.0,51.1,B
2021-06-22T14:15:21,1000.0,51.0,S
2021-06-22T14:15:11,2000.0,51.0,S
2021-06-22T14:14:59,1500.0,51.0,S
2021-06-22T14:14:55,300.0,51.0,S
2021-06-22T14:14:53,500.0,51.0,S
2021-06-22T14:14:53,200.0,51.0,S
2021-06-22T14:14:50,400.0,51.0,S
2021-06-22T14:14:45,900.0,51.1,B
2021-06-22T14:14:45,500.0,51.0,S
2021-06-22T14:14:45,10000.0,51.1,B
2021-06-22T14:14:45,1000.0,51.0,S
2021-06-22T14:14:37,1000.0,51.0,S
2021-06-22T14:14:29,1000.0,51.0,S
2021-06-22T14:14:26,10000.0,51.0,S
2021-06-22T14:14:20,600.0,51.0,B
2021-06-22T14:14:17,100.0,51.0,B
2021-06-22T14:14:14,400.0,51.0,B
2021-06-22T14:14:11,500.0,51.0,B
2021-06-22T14:14:10,7200.0,51.0,B
2021-06-22T14:14:10,400.0,51.0,B
2021-06-22T14:14:09,14000.0,51.0,B
2021-06-22T14:14:08,100.0,51.0,B
2021-06-22T14:14:08,600.0,51.0,B
2021-06-22T14:14:04,2000.0,51.0,B
2021-06-22T14:14:00,1200.0,51.0,B
2021-06-22T14:13:47,100.0,51.0,B
2021-06-22T14:13:42,1800.0,50.9,S
2021-06-22T14:13:37,400.0,51.0,B
2021-06-22T14:13:37,1100.0,51.0,B
2021-06-22T14:13:30,300.0,51.0,B
2021-06-22T14:13:24,2500.0,51.1,B
2021-06-22T14:13:24,5000.0,51.0,B
2021-06-22T14:13:24,4100.0,51.0,B
2021-06-22T14:13:24,8400.0,51.0,B
2021-06-22T14:13:22,100.0,51.0,B
2021-06-22T14:13:12,5000.0,51.0,B
2021-06-22T14:13:11,36800.0,51.0,B
2021-06-22T14:13:10,500.0,51.0,B
2021-06-22T14:12:55,500.0,51.0,B
2021-06-22T14:12:48,100.0,51.0,B
2021-06-22T14:12:47,200.0,51.0,B
2021-06-22T14:12:45,300.0,51.0,B
2021-06-22T14:12:43,500.0,51.0,S
2021-06-22T14:12:42,500.0,51.0,S
2021-06-22T14:12:41,100.0,51.0,S
2021-06-22T14:12:41,19700.0,51.0,S
2021-06-22T14:12:36,2000.0,51.0,S
2021-06-22T14:12:33,1000.0,51.0,S
2021-06-22T14:12:31,100.0,51.0,S
2021-06-22T14:12:30,1000.0,51.0,S
2021-06-22T14:12:29,500.0,51.0,S
2021-06-22T14:12:23,600.0,51.0,S
2021-06-22T14:12:18,10000.0,51.1,B
2021-06-22T14:12:17,700.0,51.1,B
2021-06-22T14:12:07,100.0,51.0,B
2021-06-22T14:12:06,300.0,51.0,B
2021-06-22T14:12:04,2000.0,51.0,B
2021-06-22T14:12:01,2100.0,51.0,B
2021-06-22T14:12:01,3000.0,51.0,B
2021-06-22T14:12:00,300.0,51.0,B
2021-06-22T14:11:57,300.0,51.0,B
2021-06-22T14:11:52,300.0,51.0,B
2021-06-22T14:11:51,300.0,51.0,B
2021-06-22T14:11:50,3000.0,51.0,B
2021-06-22T14:11:44,15500.0,51.1,B
2021-06-22T14:11:44,600.0,51.0,B
2021-06-22T14:11:44,600.0,51.0,B
2021-06-22T14:11:42,3300.0,51.0,B
2021-06-22T14:11:42,1000.0,51.0,B
2021-06-22T14:11:39,1000.0,51.0,B
2021-06-22T14:11:32,4000.0,50.9,S
2021-06-22T14:11:28,200.0,51.0,B
2021-06-22T14:11:27,1000.0,50.9,S
2021-06-22T14:11:24,300.0,51.0,B
2021-06-22T14:11:23,100.0,51.0,B
2021-06-22T14:11:19,300.0,51.0,B
2021-06-22T14:11:19,100.0,51.0,B
2021-06-22T14:11:17,1000.0,51.0,B
2021-06-22T14:11:12,1100.0,51.0,B
2021-06-22T14:11:10,300.0,51.0,B
2021-06-22T14:11:08,100.0,51.0,B
2021-06-22T14:11:07,1000.0,51.0,B
2021-06-22T14:11:06,7300.0,51.0,B
2021-06-22T14:11:06,12700.0,51.0,B
2021-06-22T14:11:01,500.0,51.0,B
2021-06-22T14:11:00,3000.0,50.9,S
2021-06-22T14:10:59,3000.0,51.0,B
2021-06-22T14:10:53,2000.0,51.0,B
2021-06-22T14:10:37,20000.0,51.0,B
2021-06-22T14:10:29,100.0,51.0,B
2021-06-22T14:10:29,1000.0,51.0,B
2021-06-22T14:10:28,100.0,51.0,B
2021-06-22T14:10:28,300.0,51.0,B
2021-06-22T14:10:24,400.0,51.0,B
2021-06-22T14:10:22,500.0,51.0,B
2021-06-22T14:10:22,300.0,51.0,B
2021-06-22T14:10:21,100.0,51.0,B
2021-06-22T14:10:15,100.0,51.0,B
2021-06-22T14:10:13,300.0,51.0,B
2021-06-22T14:10:13,3000.0,51.0,B
2021-06-22T14:10:09,1000.0,51.0,B
2021-06-22T14:10:04,1000.0,51.0,B
2021-06-22T14:10:03,10000.0,51.0,B
2021-06-22T14:10:00,400.0,51.0,B
2021-06-22T14:09:49,30000.0,51.0,B
2021-06-22T14:09:48,2000.0,50.9,S
2021-06-22T14:09:46,100.0,51.0,B
2021-06-22T14:09:43,1100.0,51.0,B
2021-06-22T14:09:37,200.0,51.0,B
2021-06-22T14:09:29,16000.0,51.0,B
2021-06-22T14:09:29,1400.0,51.0,B
2021-06-22T14:09:29,100.0,51.0,B
2021-06-22T14:09:29,600.0,51.0,B
2021-06-22T14:09:28,1800.0,51.0,B
2021-06-22T14:09:28,200.0,51.0,B
2021-06-22T14:09:28,4000.0,51.0,B
2021-06-22T14:09:28,1900.0,51.0,B
2021-06-22T14:09:28,11800.0,51.0,B
2021-06-22T14:09:28,2900.0,51.0,B
2021-06-22T14:09:28,1000.0,51.0,B
2021-06-22T14:09:28,3600.0,51.0,B
2021-06-22T14:09:28,2100.0,51.0,B
2021-06-22T14:09:27,1400.0,50.9,S
2021-06-22T14:09:17,200.0,51.0,B
2021-06-22T14:09:15,500.0,51.0,B
2021-06-22T14:09:15,700.0,50.9,S
2021-06-22T14:09:15,1500.0,51.0,B
2021-06-22T14:09:12,1000.0,50.9,S
2021-06-22T14:09:04,300.0,51.0,B
2021-06-22T14:09:04,4700.0,51.0,B
2021-06-22T14:08:56,300.0,51.0,B
2021-06-22T14:08:52,1000.0,51.0,B
2021-06-22T14:08:46,1000.0,51.0,B
2021-06-22T14:08:45,500.0,51.0,B
2021-06-22T14:08:40,500.0,51.0,B
2021-06-22T14:08:39,500.0,51.0,B
2021-06-22T14:08:35,5000.0,51.0,B
2021-06-22T14:08:07,500.0,51.0,B
2021-06-22T14:08:05,100.0,51.0,B
2021-06-22T14:07:58,500.0,51.0,B
2021-06-22T14:07:35,3000.0,51.0,B
2021-06-22T14:07:35,14100.0,51.0,B
2021-06-22T14:07:35,1900.0,51.0,B
2021-06-22T14:07:33,2600.0,51.0,B
2021-06-22T14:07:26,400.0,51.0,B
2021-06-22T14:07:26,1000.0,51.0,B
2021-06-22T14:07:22,500.0,50.9,S
2021-06-22T14:07:19,400.0,50.9,S
2021-06-22T14:07:19,400.0,50.9,S
2021-06-22T14:07:19,200.0,50.9,S
2021-06-22T14:07:11,500.0,51.0,B
2021-06-22T14:07:08,100.0,51.0,B
2021-06-22T14:06:57,100.0,51.0,B
2021-06-22T14:06:44,2000.0,50.9,S
2021-06-22T14:06:43,500.0,50.9,S
2021-06-22T14:06:41,2000.0,51.0,B
2021-06-22T14:06:40,200.0,51.0,B
2021-06-22T14:06:24,4800.0,50.9,S
2021-06-22T14:06:22,1100.0,51.0,B
2021-06-22T14:06:10,100.0,51.0,B
2021-06-22T14:06:02,1000.0,51.0,B
2021-06-22T14:05:54,500.0,51.0,B
2021-06-22T14:05:50,1400.0,51.0,B
2021-06-22T14:05:44,1000.0,50.9,S
2021-06-22T14:05:36,100.0,51.0,B
2021-06-22T14:05:36,2700.0,50.9,S
2021-06-22T14:05:36,100.0,50.9,S
2021-06-22T14:05:36,200.0,50.9,S
2021-06-22T14:05:36,2200.0,50.9,S
2021-06-22T14:05:36,500.0,50.9,S
2021-06-22T14:05:36,1300.0,50.9,S
2021-06-22T14:05:36,1200.0,50.9,S
2021-06-22T14:05:35,3500.0,50.9,S
2021-06-22T14:05:30,300.0,51.0,B
2021-06-22T14:05:23,800.0,51.0,S
2021-06-22T14:05:20,100.0,51.0,S
2021-06-22T14:05:17,600.0,51.0,S
2021-06-22T14:05:15,1000.0,51.0,S
2021-06-22T14:05:07,400.0,51.0,B
2021-06-22T14:05:06,500.0,51.0,B
2021-06-22T14:05:05,200.0,51.0,B
2021-06-22T14:05:04,900.0,51.0,B
2021-06-22T14:05:02,400.0,51.0,B
2021-06-22T14:05:02,600.0,51.0,B
2021-06-22T14:05:02,1000.0,51.0,B
2021-06-22T14:05:02,100.0,51.0,B
2021-06-22T14:05:02,5300.0,51.0,B
2021-06-22T14:05:01,1200.0,51.0,B
2021-06-22T14:04:56,1100.0,51.0,B
2021-06-22T14:04:54,1000.0,51.0,B
2021-06-22T14:04:52,1000.0,51.0,B
2021-06-22T14:04:50,2500.0,51.0,B
2021-06-22T14:04:49,900.0,51.0,B
2021-06-22T14:04:48,100.0,51.0,B
2021-06-22T14:04:45,1000.0,50.9,S
2021-06-22T14:04:27,100.0,51.0,B
2021-06-22T14:04:21,100.0,51.0,B
2021-06-22T14:04:20,1900.0,51.0,B
2021-06-22T14:04:19,100.0,51.0,B
2021-06-22T14:04:18,1000.0,51.0,S
2021-06-22T14:04:13,1000.0,51.0,S
2021-06-22T14:04:07,800.0,50.9,S
2021-06-22T14:04:07,3600.0,51.0,S
2021-06-22T14:03:52,1000.0,51.0,S
2021-06-22T14:03:50,2500.0,51.0,S
2021-06-22T14:03:38,800.0,51.0,B
2021-06-22T14:03:37,1000.0,51.0,B
2021-06-22T14:03:33,200.0,51.0,B
2021-06-22T14:03:20,4000.0,51.0,S
2021-06-22T14:03:19,100.0,51.0,S
2021-06-22T14:03:11,2000.0,51.0,S
2021-06-22T14:03:11,100.0,51.0,S
2021-06-22T14:03:08,300.0,51.0,S
2021-06-22T14:03:03,2000.0,51.0,S
2021-06-22T14:03:01,200.0,51.0,B
2021-06-22T14:03:00,100.0,51.0,B
2021-06-22T14:02:59,100.0,51.0,B
2021-06-22T14:02:54,10000.0,51.0,B
2021-06-22T14:02:50,500.0,51.0,B
2021-06-22T14:02:47,200.0,51.0,B
2021-06-22T14:02:45,1000.0,51.0,B
2021-06-22T14:02:45,2100.0,51.0,B
2021-06-22T14:02:45,2000.0,51.0,B
2021-06-22T14:02:45,9500.0,51.0,B
2021-06-22T14:02:45,1000.0,51.0,B
2021-06-22T14:02:45,600.0,51.0,B
2021-06-22T14:02:45,2100.0,51.0,B
2021-06-22T14:02:43,10100.0,51.0,B
2021-06-22T14:02:41,2000.0,51.0,B
2021-06-22T14:02:35,100.0,51.0,B
2021-06-22T14:02:35,500.0,51.0,B
2021-06-22T14:02:31,1000.0,51.0,B
2021-06-22T14:02:19,500.0,51.0,B
2021-06-22T14:02:10,200.0,51.0,B
2021-06-22T14:02:07,30000.0,51.0,B
2021-06-22T14:02:07,500.0,51.0,B
2021-06-22T14:01:54,2000.0,51.0,B
2021-06-22T14:01:49,400.0,51.0,B
2021-06-22T14:01:47,5000.0,51.0,B
2021-06-22T14:01:46,2000.0,51.0,B
2021-06-22T14:01:44,500.0,51.0,B
2021-06-22T14:01:43,10000.0,51.0,B
2021-06-22T14:01:43,800.0,51.0,B
2021-06-22T14:01:43,2000.0,51.0,B
2021-06-22T14:01:43,400.0,51.0,B
2021-06-22T14:01:43,600.0,51.0,B
2021-06-22T14:01:43,1200.0,51.0,B
2021-06-22T14:01:35,500.0,51.0,B
2021-06-22T14:01:31,600.0,51.0,B
2021-06-22T14:01:30,1000.0,51.0,B
2021-06-22T14:01:29,100.0,51.0,B
2021-06-22T14:01:27,1000.0,51.0,B
2021-06-22T14:01:25,700.0,51.0,B
2021-06-22T14:01:18,500.0,51.0,S
2021-06-22T14:01:17,1000.0,50.9,S
2021-06-22T14:01:15,400.0,51.0,S
2021-06-22T14:01:08,600.0,51.0,S
2021-06-22T14:01:08,1000.0,51.0,S
2021-06-22T14:01:08,8700.0,51.0,S
2021-06-22T14:01:04,1000.0,51.0,S
2021-06-22T14:01:04,2000.0,51.0,S
2021-06-22T14:01:03,5000.0,51.0,S
2021-06-22T14:00:49,5000.0,51.0,S
2021-06-22T14:00:46,10400.0,51.0,B
2021-06-22T14:00:46,200.0,51.0,B
2021-06-22T14:00:46,17700.0,51.0,B
2021-06-22T14:00:41,300.0,50.9,S
2021-06-22T14:00:40,800.0,50.9,S
2021-06-22T14:00:36,100.0,51.0,B
2021-06-22T14:00:32,3000.0,51.0,B
2021-06-22T14:00:31,1000.0,50.9,S
2021-06-22T14:00:15,4000.0,50.9,S
2021-06-22T14:00:15,200.0,51.0,B
2021-06-22T14:00:14,1000.0,51.0,B
2021-06-22T14:00:14,1000.0,51.0,B
2021-06-22T14:00:14,400.0,51.0,B
2021-06-22T14:00:14,600.0,51.0,B
2021-06-22T14:00:14,3500.0,51.0,B
2021-06-22T14:00:14,500.0,51.0,B
2021-06-22T14:00:14,1100.0,51.0,B
2021-06-22T14:00:14,1400.0,51.0,B
2021-06-22T14:00:14,300.0,51.0,B
2021-06-22T14:00:14,2700.0,51.0,B
2021-06-22T14:00:14,6200.0,51.0,B
2021-06-22T14:00:14,2100.0,51.0,B
2021-06-22T14:00:14,400.0,51.0,B
2021-06-22T14:00:14,2600.0,51.0,B
2021-06-22T14:00:14,2700.0,51.0,B
2021-06-22T14:00:14,3400.0,51.0,B
2021-06-22T14:00:14,1400.0,51.0,B
2021-06-22T14:00:14,68700.0,51.0,B
2021-06-22T14:00:11,2000.0,51.0,B
2021-06-22T14:00:07,4000.0,50.9,S
2021-06-22T14:00:07,300.0,50.9,S
2021-06-22T14:00:07,11900.0,50.9,S
2021-06-22T14:00:07,200.0,50.9,S
2021-06-22T14:00:01,1000.0,51.0,B
2021-06-22T13:59:47,200.0,51.0,B
2021-06-22T13:59:40,1200.0,50.9,S
2021-06-22T13:59:40,2800.0,50.9,S
2021-06-22T13:59:30,2000.0,51.0,B
2021-06-22T13:59:28,1500.0,51.0,B
2021-06-22T13:59:14,1100.0,50.9,S
2021-06-22T13:58:47,500.0,50.9,S
2021-06-22T13:58:44,500.0,51.0,B
2021-06-22T13:58:40,800.0,51.0,B
2021-06-22T13:58:39,1800.0,51.0,B
2021-06-22T13:58:33,1900.0,50.9,S
2021-06-22T13:58:33,100.0,50.9,S
2021-06-22T13:58:33,500.0,51.0,B
2021-06-22T13:58:31,600.0,51.0,B
2021-06-22T13:58:26,100.0,50.9,S
2021-06-22T13:58:26,10100.0,50.9,S
2021-06-22T13:58:26,1100.0,50.9,S
2021-06-22T13:58:26,400.0,50.9,S
2021-06-22T13:58:26,8300.0,50.9,S
2021-06-22T13:58:20,500.0,51.0,B
2021-06-22T13:58:12,500.0,51.0,B
2021-06-22T13:58:02,600.0,51.0,B
2021-06-22T13:57:44,3000.0,50.9,S
2021-06-22T13:57:42,1000.0,50.9,S
2021-06-22T13:57:38,3500.0,51.0,B
2021-06-22T13:57:33,1000.0,51.0,B
2021-06-22T13:57:24,1000.0,50.9,S
2021-06-22T13:57:16,100.0,50.9,S
2021-06-22T13:57:16,1200.0,51.0,B
2021-06-22T13:57:12,900.0,51.0,B
2021-06-22T13:56:58,1800.0,50.9,S
2021-06-22T13:56:38,1500.0,50.9,S
2021-06-22T13:56:30,3000.0,51.0,B
2021-06-22T13:56:13,500.0,50.9,S
2021-06-22T13:56:00,400.0,50.9,S
2021-06-22T13:56:00,2300.0,50.9,S
2021-06-22T13:56:00,46300.0,50.9,S
2021-06-22T13:55:52,1000.0,50.9,S
2021-06-22T13:55:52,100.0,50.9,S
2021-06-22T13:55:47,500.0,50.9,S
2021-06-22T13:55:38,200.0,50.9,S
2021-06-22T13:55:27,6000.0,50.9,S
2021-06-22T13:55:15,10000.0,51.0,B
2021-06-22T13:55:12,300.0,50.9,S
2021-06-22T13:55:02,100.0,50.9,S
2021-06-22T13:55:01,800.0,50.9,S
2021-06-22T13:54:55,4500.0,50.9,S
2021-06-22T13:54:52,300.0,51.0,B
2021-06-22T13:54:37,1000.0,50.9,S
2021-06-22T13:54:29,100.0,50.9,S
2021-06-22T13:54:26,400.0,50.9,S
2021-06-22T13:54:20,1000.0,50.8,S
2021-06-22T13:54:19,100.0,51.0,B
2021-06-22T13:54:19,2000.0,50.9,B
2021-06-22T13:54:18,7700.0,50.9,B
2021-06-22T13:54:15,1800.0,50.9,B
2021-06-22T13:54:13,400.0,50.9,B
2021-06-22T13:54:10,600.0,50.9,B
2021-06-22T13:53:58,5400.0,50.9,B
2021-06-22T13:53:53,1000.0,50.8,S
2021-06-22T13:53:40,10000.0,50.9,B
2021-06-22T13:53:38,1000.0,50.9,B
2021-06-22T13:53:30,100.0,50.8,S
2021-06-22T13:53:23,5000.0,50.9,B
2021-06-22T13:53:22,300.0,50.9,B
2021-06-22T13:53:21,400.0,50.8,S
2021-06-22T13:53:19,200.0,50.9,B
2021-06-22T13:53:19,1000.0,50.9,B
2021-06-22T13:53:19,2000.0,50.9,B
2021-06-22T13:53:17,1000.0,50.9,B
2021-06-22T13:53:13,200.0,50.9,B
2021-06-22T13:53:11,100.0,50.9,B
2021-06-22T13:53:07,100.0,50.9,B
2021-06-22T13:53:04,1000.0,50.9,B
2021-06-22T13:52:58,6000.0,50.9,B
2021-06-22T13:52:49,500.0,50.9,B
2021-06-22T13:52:48,200.0,50.8,S
2021-06-22T13:52:47,300.0,50.9,B
2021-06-22T13:52:47,2100.0,50.9,B
2021-06-22T13:52:45,300.0,50.9,B
2021-06-22T13:52:44,1000.0,50.9,B
2021-06-22T13:52:44,500.0,50.9,B
2021-06-22T13:52:40,500.0,50.9,B
2021-06-22T13:52:38,1000.0,50.9,B
2021-06-22T13:52:37,500.0,50.9,B
2021-06-22T13:52:34,100.0,50.9,B
2021-06-22T13:52:25,100.0,50.9,B
2021-06-22T13:52:23,500.0,50.9,B
2021-06-22T13:52:17,200.0,50.9,B
2021-06-22T13:52:16,2000.0,50.9,B
2021-06-22T13:52:12,1000.0,50.9,B
2021-06-22T13:52:06,100.0,50.9,B
2021-06-22T13:52:00,3000.0,50.9,B
2021-06-22T13:51:53,300.0,50.9,B
2021-06-22T13:51:52,1000.0,50.9,B
2021-06-22T13:51:51,1000.0,50.9,B
2021-06-22T13:51:48,1100.0,50.9,B
2021-06-22T13:51:45,1500.0,50.9,B
2021-06-22T13:51:45,2000.0,50.8,S
2021-06-22T13:51:41,1000.0,50.8,S
2021-06-22T13:51:38,200.0,50.9,B
2021-06-22T13:51:37,500.0,50.9,B
2021-06-22T13:51:35,500.0,50.9,B
2021-06-22T13:51:33,500.0,50.9,B
2021-06-22T13:51:24,200.0,50.9,B
2021-06-22T13:51:20,2000.0,50.9,B
2021-06-22T13:51:20,200.0,50.8,S
2021-06-22T13:51:18,500.0,50.8,S
2021-06-22T13:51:18,600.0,50.8,S
2021-06-22T13:51:18,900.0,50.8,S
2021-06-22T13:51:05,700.0,50.9,B
2021-06-22T13:51:03,500.0,50.9,B
2021-06-22T13:51:03,400.0,50.8,S
2021-06-22T13:51:02,100.0,50.8,S
2021-06-22T13:50:58,1000.0,50.9,B
2021-06-22T13:50:56,200.0,50.8,S
2021-06-22T13:50:55,300.0,50.9,S
2021-06-22T13:50:54,100.0,50.9,S
2021-06-22T13:50:53,5000.0,50.9,S
2021-06-22T13:50:52,300.0,50.9,S
2021-06-22T13:50:51,2100.0,50.9,S
2021-06-22T13:50:48,100.0,50.9,S
2021-06-22T13:50:45,200.0,50.9,S
2021-06-22T13:50:45,4800.0,50.8,S
2021-06-22T13:50:45,2200.0,50.8,S
2021-06-22T13:50:45,500.0,50.8,S
2021-06-22T13:50:45,700.0,50.8,S
2021-06-22T13:50:45,1200.0,50.8,S
2021-06-22T13:50:45,1100.0,50.8,S
2021-06-22T13:50:45,1700.0,50.8,S
2021-06-22T13:50:45,3100.0,50.8,S
2021-06-22T13:50:45,4700.0,50.8,S
2021-06-22T13:50:45,3900.0,50.8,S
2021-06-22T13:50:45,9000.0,50.8,S
2021-06-22T13:50:45,2000.0,50.8,S
2021-06-22T13:50:44,1700.0,50.8,S
2021-06-22T13:50:44,500.0,50.8,S
2021-06-22T13:50:44,700.0,50.8,S
2021-06-22T13:50:44,2700.0,50.8,S
2021-06-22T13:50:44,1200.0,50.8,S
2021-06-22T13:50:44,500.0,50.8,S
2021-06-22T13:50:44,7800.0,50.8,S
2021-06-22T13:50:38,500.0,50.9,S
2021-06-22T13:50:37,4900.0,50.9,S
2021-06-22T13:50:37,400.0,50.9,S
2021-06-22T13:50:37,400.0,50.9,S
2021-06-22T13:50:37,1100.0,50.9,S
2021-06-22T13:50:37,300.0,50.9,S
2021-06-22T13:50:37,400.0,50.9,S
2021-06-22T13:50:37,200.0,50.9,S
2021-06-22T13:50:37,6600.0,50.9,S
2021-06-22T13:50:36,1100.0,50.9,S
2021-06-22T13:50:36,200.0,50.9,S
2021-06-22T13:50:30,500.0,50.9,S
2021-06-22T13:50:29,200.0,51.0,B
2021-06-22T13:50:21,2000.0,51.0,B
2021-06-22T13:50:21,300.0,50.9,S
2021-06-22T13:50:21,1100.0,50.9,S
2021-06-22T13:50:21,1100.0,50.9,S
2021-06-22T13:50:21,200.0,50.9,S
2021-06-22T13:50:21,1600.0,50.9,S
2021-06-22T13:50:21,3600.0,50.9,S
2021-06-22T13:50:21,1100.0,50.9,S
2021-06-22T13:50:21,1000.0,50.9,S
2021-06-22T13:50:21,1200.0,50.9,S
2021-06-22T13:50:21,600.0,50.9,S
2021-06-22T13:50:21,800.0,50.9,S
2021-06-22T13:50:21,800.0,50.9,S
2021-06-22T13:50:21,800.0,50.9,S
2021-06-22T13:50:21,1000.0,50.9,S
2021-06-22T13:50:21,2300.0,50.9,S
2021-06-22T13:50:21,1500.0,50.9,S
2021-06-22T13:50:21,4600.0,50.9,S
2021-06-22T13:50:21,20600.0,50.9,S
2021-06-22T13:50:21,3600.0,50.9,S
2021-06-22T13:50:21,400.0,50.9,S
2021-06-22T13:50:21,1800.0,50.9,S
2021-06-22T13:50:21,25800.0,51.0,B
2021-06-22T13:50:21,4200.0,51.0,B
2021-06-22T13:50:19,600.0,50.9,S
2021-06-22T13:50:19,6500.0,50.9,S
2021-06-22T13:50:19,1000.0,50.9,S
2021-06-22T13:50:19,41900.0,50.9,S
2021-06-22T13:50:16,300.0,51.0,B
2021-06-22T13:50:16,3000.0,50.9,S
2021-06-22T13:50:16,2300.0,51.0,B
2021-06-22T13:50:15,1000.0,51.0,B
2021-06-22T13:50:13,20000.0,51.0,B
2021-06-22T13:50:10,3000.0,50.9,S
2021-06-22T13:50:09,400.0,51.0,B
2021-06-22T13:50:09,2000.0,51.0,B
2021-06-22T13:50:03,200.0,51.0,B
2021-06-22T13:50:01,500.0,51.0,B
2021-06-22T13:49:59,200.0,51.0,B
2021-06-22T13:49:55,100.0,51.0,B
2021-06-22T13:49:55,7300.0,51.0,B
2021-06-22T13:49:51,5400.0,51.0,B
2021-06-22T13:49:49,1200.0,51.0,B
2021-06-22T13:49:46,1000.0,51.0,B
2021-06-22T13:49:41,500.0,51.0,B
2021-06-22T13:49:40,100.0,51.0,B
2021-06-22T13:49:37,100.0,51.0,B
2021-06-22T13:49:31,500.0,51.0,S
2021-06-22T13:49:31,200.0,51.0,S
2021-06-22T13:49:27,2000.0,51.0,S
2021-06-22T13:49:27,400.0,51.0,S
2021-06-22T13:49:27,600.0,51.0,S
2021-06-22T13:49:27,200.0,51.0,S
2021-06-22T13:49:27,7000.0,51.0,S
2021-06-22T13:49:26,2900.0,51.0,S
2021-06-22T13:49:26,1000.0,51.0,S
2021-06-22T13:49:21,500.0,51.0,S
2021-06-22T13:49:19,1000.0,51.0,S
2021-06-22T13:49:19,9300.0,51.0,S
2021-06-22T13:49:17,400.0,51.0,S
2021-06-22T13:49:17,1000.0,51.0,S
2021-06-22T13:49:17,400.0,51.0,S
2021-06-22T13:49:17,1800.0,51.0,S
2021-06-22T13:49:17,6800.0,51.0,S
2021-06-22T13:49:16,1300.0,51.0,S
2021-06-22T13:49:16,2200.0,51.0,S
2021-06-22T13:49:14,500.0,51.0,S
2021-06-22T13:49:12,1000.0,51.0,S
2021-06-22T13:49:10,400.0,51.0,S
2021-06-22T13:49:08,1000.0,51.0,S
2021-06-22T13:49:04,1200.0,51.1,B
2021-06-22T13:49:01,200.0,51.0,S
2021-06-22T13:49:01,800.0,51.0,S
2021-06-22T13:49:00,1000.0,51.0,S
2021-06-22T13:49:00,6000.0,51.0,S
2021-06-22T13:49:00,1000.0,51.0,S
2021-06-22T13:49:00,24500.0,51.0,S
2021-06-22T13:49:00,11600.0,51.0,S
2021-06-22T13:49:00,800.0,51.0,S
2021-06-22T13:48:58,13100.0,51.0,S
2021-06-22T13:48:56,200.0,51.0,S
2021-06-22T13:48:54,1200.0,51.0,S
2021-06-22T13:48:54,300.0,51.0,S
2021-06-22T13:48:54,400.0,51.0,S
2021-06-22T13:48:54,700.0,51.0,S
2021-06-22T13:48:54,800.0,51.0,S
2021-06-22T13:48:54,1300.0,51.0,S
2021-06-22T13:48:54,700.0,51.0,S
2021-06-22T13:48:53,600.0,51.0,S
2021-06-22T13:48:51,100.0,51.0,S
2021-06-22T13:48:50,200.0,51.0,S
2021-06-22T13:48:50,1200.0,51.0,S
2021-06-22T13:48:50,2200.0,51.0,S
2021-06-22T13:48:49,5600.0,51.0,S
2021-06-22T13:48:45,500.0,51.0,S
2021-06-22T13:48:41,5000.0,51.0,S
2021-06-22T13:48:41,20000.0,51.0,S
2021-06-22T13:48:40,3000.0,51.1,B
2021-06-22T13:48:38,200.0,51.0,S
2021-06-22T13:48:36,400.0,51.0,S
2021-06-22T13:48:32,5000.0,51.0,S
2021-06-22T13:48:32,400.0,51.1,B
2021-06-22T13:48:31,1100.0,51.1,B
2021-06-22T13:48:29,5000.0,51.0,S
2021-06-22T13:48:29,200.0,51.0,S
2021-06-22T13:48:29,2300.0,51.0,S
2021-06-22T13:48:29,10700.0,51.0,S
2021-06-22T13:48:29,200.0,51.0,S
2021-06-22T13:48:29,1400.0,51.0,S
2021-06-22T13:48:29,3000.0,51.0,S
2021-06-22T13:48:29,10200.0,51.0,S
2021-06-22T13:48:29,15000.0,51.0,S
2021-06-22T13:48:29,1700.0,51.0,S
2021-06-22T13:48:29,100.0,51.0,S
2021-06-22T13:48:29,200.0,51.0,S
2021-06-22T13:48:25,1000.0,51.0,S
2021-06-22T13:48:24,400.0,51.0,S
2021-06-22T13:48:21,1000.0,51.1,B
2021-06-22T13:48:21,100.0,51.0,S
2021-06-22T13:48:21,500.0,51.1,B
2021-06-22T13:48:17,300.0,51.0,S
2021-06-22T13:48:15,500.0,51.1,B
2021-06-22T13:48:13,500.0,51.1,B
2021-06-22T13:48:11,1000.0,51.0,S
2021-06-22T13:48:08,200.0,51.0,S
2021-06-22T13:48:08,1300.0,51.1,B
2021-06-22T13:48:04,100.0,51.1,B
2021-06-22T13:48:01,1000.0,51.0,S
2021-06-22T13:48:01,100.0,51.0,S
2021-06-22T13:47:59,1000.0,51.1,B
2021-06-22T13:47:58,100.0,51.1,B
2021-06-22T13:47:55,2000.0,51.0,S
2021-06-22T13:47:44,16200.0,51.0,S
2021-06-22T13:47:44,1000.0,51.0,S
2021-06-22T13:47:44,300.0,51.0,S
2021-06-22T13:47:44,6000.0,51.0,S
2021-06-22T13:47:44,6500.0,51.0,S
2021-06-22T13:47:42,1400.0,51.1,B
2021-06-22T13:47:40,1000.0,51.0,S
2021-06-22T13:47:36,100.0,51.1,B
2021-06-22T13:47:30,12900.0,51.0,S
2021-06-22T13:47:30,1200.0,51.0,S
2021-06-22T13:47:30,3700.0,51.0,S
2021-06-22T13:47:30,4300.0,51.0,S
2021-06-22T13:47:30,900.0,51.0,S
2021-06-22T13:47:23,1700.0,51.1,B
2021-06-22T13:47:23,300.0,51.1,B
2021-06-22T13:47:17,2100.0,51.0,S
2021-06-22T13:47:17,100.0,51.0,S
2021-06-22T13:47:17,200.0,51.0,S
2021-06-22T13:47:17,2500.0,51.0,S
2021-06-22T13:47:17,5200.0,51.0,S
2021-06-22T13:47:16,2200.0,51.0,S
2021-06-22T13:47:16,700.0,51.0,S
2021-06-22T13:47:16,500.0,51.0,S
2021-06-22T13:47:16,1700.0,51.0,S
2021-06-22T13:47:16,4900.0,51.0,S
2021-06-22T13:47:16,500.0,51.1,B
2021-06-22T13:47:14,1200.0,51.1,B
2021-06-22T13:47:13,400.0,51.0,S
2021-06-22T13:47:13,200.0,51.0,S
2021-06-22T13:47:08,5900.0,51.0,S
2021-06-22T13:47:08,12600.0,51.0,S
2021-06-22T13:47:08,1800.0,51.0,S
2021-06-22T13:47:08,2000.0,51.0,S
2021-06-22T13:47:08,1200.0,51.0,S
2021-06-22T13:47:08,3300.0,51.0,S
2021-06-22T13:47:08,5700.0,51.0,S
2021-06-22T13:47:04,100.0,51.1,B
2021-06-22T13:46:55,600.0,51.0,S
2021-06-22T13:46:54,500.0,51.0,S
2021-06-22T13:46:52,100.0,51.0,S
2021-06-22T13:46:52,3900.0,51.0,S
2021-06-22T13:46:50,100.0,51.1,B
2021-06-22T13:46:48,1000.0,51.0,S
2021-06-22T13:46:48,4800.0,51.0,S
2021-06-22T13:46:47,1000.0,51.0,S
2021-06-22T13:46:41,2500.0,51.0,S
2021-06-22T13:46:27,400.0,51.0,S
2021-06-22T13:46:27,2000.0,51.1,B
2021-06-22T13:46:20,900.0,51.0,S
2021-06-22T13:46:18,500.0,51.0,S
2021-06-22T13:46:16,100.0,51.1,B
2021-06-22T13:46:16,100.0,51.0,S
2021-06-22T13:46:13,1000.0,51.1,B
2021-06-22T13:46:12,300.0,51.1,B
2021-06-22T13:46:10,3000.0,51.0,S
2021-06-22T13:46:04,10000.0,51.0,S
2021-06-22T13:45:54,600.0,51.1,B
2021-06-22T13:45:52,100.0,51.0,S
2021-06-22T13:45:44,400.0,51.0,S
2021-06-22T13:45:44,4600.0,51.0,S
2021-06-22T13:45:44,500.0,51.0,S
2021-06-22T13:45:44,500.0,51.0,S
2021-06-22T13:45:43,1000.0,51.0,S
2021-06-22T13:45:42,600.0,51.0,S
2021-06-22T13:45:41,400.0,51.1,B
2021-06-22T13:45:35,1000.0,51.1,B
2021-06-22T13:45:32,1000.0,51.0,S
2021-06-22T13:45:24,100.0,51.0,S
2021-06-22T13:45:14,300.0,51.0,S
2021-06-22T13:45:11,5000.0,51.1,B
2021-06-22T13:45:09,100.0,51.0,S
2021-06-22T13:45:05,100.0,51.1,B
2021-06-22T13:45:01,100.0,51.0,S
2021-06-22T13:44:59,2000.0,51.0,S
2021-06-22T13:44:58,300.0,51.1,B
2021-06-22T13:44:55,300.0,51.0,S
2021-06-22T13:44:51,1000.0,51.0,S
2021-06-22T13:44:51,100.0,51.0,S
2021-06-22T13:44:51,900.0,51.0,S
2021-06-22T13:44:40,100.0,51.1,B
2021-06-22T13:44:40,500.0,51.1,B
2021-06-22T13:44:33,200.0,51.1,B
2021-06-22T13:44:30,100.0,51.0,S
2021-06-22T13:44:26,1000.0,51.1,B
2021-06-22T13:44:25,1900.0,51.0,S
2021-06-22T13:44:25,3000.0,51.0,S
2021-06-22T13:44:25,700.0,51.0,S
2021-06-22T13:44:25,800.0,51.1,B
2021-06-22T13:44:24,400.0,51.1,B
2021-06-22T13:44:20,1000.0,51.0,S
2021-06-22T13:44:15,600.0,51.0,S
2021-06-22T13:44:15,400.0,51.0,S
2021-06-22T13:44:11,200.0,51.0,S
2021-06-22T13:44:10,300.0,51.1,B
2021-06-22T13:43:56,200.0,51.0,S
2021-06-22T13:43:56,300.0,51.0,S
2021-06-22T13:43:56,500.0,51.0,S
2021-06-22T13:43:49,100.0,51.1,B
2021-06-22T13:43:49,1000.0,51.1,B
2021-06-22T13:43:47,200.0,51.0,S
2021-06-22T13:43:44,500.0,51.1,B
2021-06-22T13:43:44,200.0,51.1,B
2021-06-22T13:43:44,400.0,51.1,B
2021-06-22T13:43:43,500.0,51.0,S
2021-06-22T13:43:41,1800.0,51.1,B
2021-06-22T13:43:40,1800.0,51.0,S
2021-06-22T13:43:40,1200.0,51.0,S
2021-06-22T13:43:40,3800.0,51.0,S
2021-06-22T13:43:40,400.0,51.0,S
2021-06-22T13:43:40,4400.0,51.0,S
2021-06-22T13:43:40,3700.0,51.0,S
2021-06-22T13:43:40,500.0,51.0,S
2021-06-22T13:43:40,1200.0,51.0,S
2021-06-22T13:43:40,11500.0,51.0,S
2021-06-22T13:43:40,1800.0,51.0,S
2021-06-22T13:43:39,1800.0,51.0,S
2021-06-22T13:43:39,1400.0,51.0,S
2021-06-22T13:43:39,300.0,51.0,S
2021-06-22T13:43:39,1100.0,51.0,S
2021-06-22T13:43:39,3900.0,51.0,S
2021-06-22T13:43:39,2500.0,51.0,S
2021-06-22T13:43:39,1400.0,51.0,S
2021-06-22T13:43:39,600.0,51.0,S
2021-06-22T13:43:39,100.0,51.0,S
2021-06-22T13:43:39,800.0,51.0,S
2021-06-22T13:43:39,600.0,51.0,S
2021-06-22T13:43:39,1000.0,51.0,S
2021-06-22T13:43:39,200.0,51.0,S
2021-06-22T13:43:39,700.0,51.0,S
2021-06-22T13:43:39,3300.0,51.0,S
2021-06-22T13:43:35,5500.0,51.0,S
2021-06-22T13:43:31,100.0,51.1,B
2021-06-22T13:43:20,600.0,51.0,S
2021-06-22T13:43:15,200.0,51.0,S
2021-06-22T13:43:13,100.0,51.1,B
2021-06-22T13:43:09,600.0,51.1,B
2021-06-22T13:43:07,400.0,51.0,S
2021-06-22T13:43:07,100.0,51.1,B
2021-06-22T13:43:05,200.0,51.1,B
2021-06-22T13:43:04,2000.0,51.0,S
2021-06-22T13:43:03,300.0,51.1,B
2021-06-22T13:43:01,300.0,51.1,B
2021-06-22T13:43:01,300.0,51.1,B
2021-06-22T13:43:01,1000.0,51.1,B
2021-06-22T13:42:49,300.0,51.1,B
2021-06-22T13:42:46,1000.0,51.1,B
2021-06-22T13:42:40,500.0,51.0,S
2021-06-22T13:42:40,500.0,51.1,B
2021-06-22T13:42:33,100.0,51.1,B
2021-06-22T13:42:24,200.0,51.1,B
2021-06-22T13:42:21,500.0,51.0,S
2021-06-22T13:42:19,1000.0,51.0,S
2021-06-22T13:42:17,200.0,51.1,B
2021-06-22T13:42:15,4500.0,51.1,B
2021-06-22T13:42:12,1100.0,51.0,S
2021-06-22T13:42:12,2100.0,51.0,S
2021-06-22T13:42:12,500.0,51.0,S
2021-06-22T13:42:12,300.0,51.0,S
2021-06-22T13:42:12,1600.0,51.0,S
2021-06-22T13:42:12,14400.0,51.0,S
2021-06-22T13:42:07,500.0,51.1,B
2021-06-22T13:42:06,200.0,51.1,B
2021-06-22T13:42:03,2000.0,51.1,B
2021-06-22T13:42:03,2700.0,51.1,B
2021-06-22T13:42:02,500.0,51.1,B
2021-06-22T13:41:58,400.0,51.1,B
2021-06-22T13:41:46,300.0,51.1,B
2021-06-22T13:41:44,200.0,51.1,B
2021-06-22T13:41:44,600.0,51.1,B
2021-06-22T13:41:42,1000.0,51.1,B
2021-06-22T13:41:41,200.0,51.0,S
2021-06-22T13:41:36,3000.0,51.1,B
2021-06-22T13:41:28,100.0,51.1,B
2021-06-22T13:41:08,600.0,51.1,B
2021-06-22T13:40:59,500.0,51.1,B
2021-06-22T13:40:50,200.0,51.0,S
2021-06-22T13:40:49,2000.0,51.1,B
2021-06-22T13:40:46,600.0,51.1,B
2021-06-22T13:40:45,5000.0,51.0,S
2021-06-22T13:40:42,100.0,51.1,B
2021-06-22T13:40:42,100.0,51.1,B
2021-06-22T13:40:41,1000.0,51.1,B
2021-06-22T13:40:39,200.0,51.1,B
2021-06-22T13:40:33,1000.0,51.0,S
2021-06-22T13:40:33,500.0,51.0,S
2021-06-22T13:40:32,1000.0,51.1,B
2021-06-22T13:40:31,900.0,51.0,S
2021-06-22T13:40:30,1100.0,51.0,S
2021-06-22T13:40:30,500.0,51.1,B
2021-06-22T13:40:29,1000.0,51.1,B
2021-06-22T13:40:28,4600.0,51.1,B
2021-06-22T13:40:26,100.0,51.1,B
2021-06-22T13:40:24,1000.0,51.1,B
2021-06-22T13:40:23,2000.0,51.1,B
2021-06-22T13:40:21,100.0,51.1,B
2021-06-22T13:40:20,2700.0,51.1,B
2021-06-22T13:40:20,7300.0,51.1,B
2021-06-22T13:40:18,4000.0,51.1,B
2021-06-22T13:40:14,100.0,51.1,B
2021-06-22T13:40:14,100.0,51.1,B
2021-06-22T13:40:12,3000.0,51.0,S
2021-06-22T13:40:09,1000.0,51.1,B
2021-06-22T13:40:06,700.0,51.1,B
2021-06-22T13:40:06,500.0,51.1,B
2021-06-22T13:40:00,100.0,51.1,S
2021-06-22T13:39:55,3700.0,51.1,S
2021-06-22T13:39:50,200.0,51.1,S
2021-06-22T13:39:47,1500.0,51.1,S
2021-06-22T13:39:43,700.0,51.1,B
2021-06-22T13:39:41,1000.0,51.2,B
2021-06-22T13:39:41,1000.0,51.1,B
2021-06-22T13:39:41,400.0,51.1,B
2021-06-22T13:39:40,2000.0,51.1,B
2021-06-22T13:39:37,6200.0,51.1,B
2021-06-22T13:39:37,3800.0,51.1,B
2021-06-22T13:39:34,5000.0,51.1,B
2021-06-22T13:39:33,300.0,51.1,B
2021-06-22T13:39:23,6700.0,51.1,B
2021-06-22T13:39:23,300.0,51.1,B
2021-06-22T13:39:23,23600.0,51.1,B
2021-06-22T13:39:23,4500.0,51.1,B
2021-06-22T13:39:23,6200.0,51.1,B
2021-06-22T13:39:23,2000.0,51.1,B
2021-06-22T13:39:23,1700.0,51.1,B
2021-06-22T13:39:23,21100.0,51.1,B
2021-06-22T13:39:23,100.0,51.1,B
2021-06-22T13:39:23,1600.0,51.1,B
2021-06-22T13:39:23,23300.0,51.1,B
2021-06-22T13:39:18,500.0,51.1,B
2021-06-22T13:39:16,100.0,51.1,B
2021-06-22T13:39:14,100.0,51.1,B
2021-06-22T13:39:03,500.0,51.1,B
2021-06-22T13:39:02,500.0,51.1,B
2021-06-22T13:39:01,500.0,51.1,B
2021-06-22T13:38:58,5000.0,51.0,S
2021-06-22T13:38:54,4000.0,51.0,S
2021-06-22T13:38:50,200.0,51.1,B
2021-06-22T13:38:49,1000.0,51.1,B
2021-06-22T13:38:49,1100.0,51.1,B
2021-06-22T13:38:46,1100.0,51.1,B
2021-06-22T13:38:42,800.0,51.1,B
2021-06-22T13:38:38,1000.0,51.1,B
2021-06-22T13:38:37,1000.0,51.1,B
2021-06-22T13:38:36,800.0,51.1,B
2021-06-22T13:38:33,1000.0,51.0,S
2021-06-22T13:38:31,1700.0,51.1,B
2021-06-22T13:38:29,100.0,51.1,B
2021-06-22T13:38:29,9900.0,51.1,B
2021-06-22T13:38:19,3000.0,51.1,B
2021-06-22T13:38:18,200.0,51.0,S
2021-06-22T13:38:18,200.0,51.0,S
2021-06-22T13:38:18,200.0,51.0,S
2021-06-22T13:38:18,200.0,51.0,S
2021-06-22T13:38:18,1500.0,51.0,S
2021-06-22T13:38:18,7700.0,51.0,S
2021-06-22T13:38:17,400.0,51.0,S
2021-06-22T13:38:16,800.0,51.0,S
2021-06-22T13:38:16,3800.0,51.0,S
2021-06-22T13:38:15,3500.0,51.1,B
2021-06-22T13:38:11,8900.0,51.1,B
2021-06-22T13:38:07,400.0,51.0,S
2021-06-22T13:38:05,100.0,51.0,S
2021-06-22T13:38:04,200.0,51.1,B
2021-06-22T13:38:02,5000.0,51.1,B
2021-06-22T13:38:02,1600.0,51.0,S
2021-06-22T13:38:02,100.0,51.0,S
2021-06-22T13:38:01,2300.0,51.0,S
2021-06-22T13:37:55,2000.0,51.1,B
2021-06-22T13:37:52,500.0,51.1,B
2021-06-22T13:37:52,600.0,51.1,B
2021-06-22T13:37:52,100.0,51.1,B
2021-06-22T13:37:51,1000.0,51.1,B
2021-06-22T13:37:49,2000.0,51.1,B
2021-06-22T13:37:47,200.0,51.1,B
2021-06-22T13:37:44,100.0,51.0,S
2021-06-22T13:37:43,500.0,51.1,B
2021-06-22T13:37:42,100.0,51.0,S
2021-06-22T13:37:39,500.0,51.1,B
2021-06-22T13:37:38,200.0,51.1,B
2021-06-22T13:37:35,1000.0,51.1,B
2021-06-22T13:37:34,100.0,51.1,B
2021-06-22T13:37:30,10000.0,51.0,S
2021-06-22T13:37:25,500.0,51.1,B
2021-06-22T13:37:23,300.0,51.1,B
2021-06-22T13:37:21,500.0,51.1,B
2021-06-22T13:37:18,200.0,51.1,B
2021-06-22T13:37:12,300.0,51.1,B
2021-06-22T13:37:11,100.0,51.1,B
2021-06-22T13:37:08,1400.0,51.1,B
2021-06-22T13:37:07,100.0,51.1,B
2021-06-22T13:37:07,4000.0,51.1,B
2021-06-22T13:37:03,5000.0,51.1,B
2021-06-22T13:36:58,200.0,51.1,B
2021-06-22T13:36:58,500.0,51.1,B
2021-06-22T13:36:58,1000.0,51.1,B
2021-06-22T13:36:57,100.0,51.1,B
2021-06-22T13:36:56,300.0,51.1,B
2021-06-22T13:36:56,2600.0,51.1,B
2021-06-22T13:36:51,200.0,51.1,B
2021-06-22T13:36:50,3200.0,51.1,B
2021-06-22T13:36:50,1900.0,51.1,B
2021-06-22T13:36:49,900.0,51.1,B
2021-06-22T13:36:49,100.0,51.1,B
2021-06-22T13:36:49,1000.0,51.1,B
2021-06-22T13:36:49,200.0,51.0,S
2021-06-22T13:36:48,1000.0,51.0,S
2021-06-22T13:36:45,300.0,51.1,B
2021-06-22T13:36:42,500.0,51.1,B
2021-06-22T13:36:42,1000.0,51.1,B
2021-06-22T13:36:42,5000.0,51.1,B
2021-06-22T13:36:42,1000.0,51.1,B
2021-06-22T13:36:42,600.0,51.1,B
2021-06-22T13:36:42,200.0,51.1,B
2021-06-22T13:36:42,2000.0,51.1,B
2021-06-22T13:36:42,2000.0,51.1,B
2021-06-22T13:36:42,1200.0,51.1,B
2021-06-22T13:36:42,200.0,51.1,B
2021-06-22T13:36:41,2500.0,51.1,B
2021-06-22T13:36:41,1200.0,51.1,B
2021-06-22T13:36:41,900.0,51.1,B
2021-06-22T13:36:41,100.0,51.1,B
2021-06-22T13:36:41,1100.0,51.1,B
2021-06-22T13:36:41,3700.0,51.1,B
2021-06-22T13:36:41,900.0,51.1,B
2021-06-22T13:36:41,200.0,51.1,B
2021-06-22T13:36:41,2200.0,51.1,B
2021-06-22T13:36:41,1100.0,51.1,B
2021-06-22T13:36:41,1700.0,51.1,B
2021-06-22T13:36:41,1900.0,51.1,B
2021-06-22T13:36:41,1000.0,51.1,B
2021-06-22T13:36:41,6500.0,51.1,B
2021-06-22T13:36:41,2200.0,51.1,B
2021-06-22T13:36:41,900.0,51.1,B
2021-06-22T13:36:41,100.0,51.1,B
2021-06-22T13:36:40,5200.0,51.1,B
2021-06-22T13:36:40,26000.0,51.1,B
2021-06-22T13:36:40,100.0,51.1,B
2021-06-22T13:36:40,6800.0,51.1,B
2021-06-22T13:36:39,5000.0,51.0,S
2021-06-22T13:36:37,1000.0,51.1,B
2021-06-22T13:36:36,200.0,51.1,B
2021-06-22T13:36:35,100.0,51.1,B
2021-06-22T13:36:33,2000.0,51.1,B
2021-06-22T13:36:31,200.0,51.1,B
2021-06-22T13:36:30,9300.0,51.1,B
2021-06-22T13:36:30,700.0,51.1,B
2021-06-22T13:36:27,100.0,51.1,B
2021-06-22T13:36:27,300.0,51.1,B
2021-06-22T13:36:24,2500.0,51.1,B
2021-06-22T13:36:19,3700.0,51.1,B
2021-06-22T13:36:17,200.0,51.1,B
2021-06-22T13:36:13,200.0,51.1,B
2021-06-22T13:36:10,600.0,51.1,B
2021-06-22T13:36:09,300.0,51.1,B
2021-06-22T13:36:07,100.0,51.1,B
2021-06-22T13:36:03,100.0,51.1,B
2021-06-22T13:35:59,900.0,51.1,B
2021-06-22T13:35:57,100.0,51.1,B
2021-06-22T13:35:55,400.0,51.1,B
2021-06-22T13:35:55,10000.0,51.1,B
2021-06-22T13:35:49,2000.0,51.1,B
2021-06-22T13:35:46,400.0,51.1,B
2021-06-22T13:35:42,100.0,51.1,B
2021-06-22T13:35:39,600.0,51.1,B
2021-06-22T13:35:38,100.0,51.1,B
2021-06-22T13:35:38,1000.0,51.1,B
2021-06-22T13:35:37,100.0,51.1,B
2021-06-22T13:35:34,400.0,51.1,B
2021-06-22T13:35:27,1000.0,51.1,B
2021-06-22T13:35:18,300.0,51.1,B
2021-06-22T13:35:17,1000.0,51.1,B
2021-06-22T13:35:16,100.0,51.0,S
2021-06-22T13:35:14,700.0,51.1,B
2021-06-22T13:35:12,700.0,51.1,B
2021-06-22T13:35:09,300.0,51.1,B
2021-06-22T13:35:07,700.0,51.1,B
2021-06-22T13:35:04,200.0,51.1,B
2021-06-22T13:35:02,800.0,51.1,B
2021-06-22T13:34:58,200.0,51.1,B
2021-06-22T13:34:56,200.0,51.1,B
2021-06-22T13:34:56,200.0,51.0,S
2021-06-22T13:34:45,100.0,51.1,B
2021-06-22T13:34:40,800.0,51.1,B
2021-06-22T13:34:39,200.0,51.0,S
2021-06-22T13:34:37,3500.0,51.1,B
2021-06-22T13:34:34,400.0,51.0,S
2021-06-22T13:34:31,10000.0,51.1,B
2021-06-22T13:34:30,600.0,51.1,B
2021-06-22T13:34:25,100.0,51.1,B
2021-06-22T13:34:22,500.0,51.1,B
2021-06-22T13:34:21,1000.0,51.0,S
2021-06-22T13:34:21,100.0,51.0,S
2021-06-22T13:34:19,100.0,51.1,B
2021-06-22T13:34:16,1500.0,51.0,S
2021-06-22T13:34:14,200.0,51.1,B
2021-06-22T13:34:13,100.0,51.1,B
2021-06-22T13:34:12,800.0,51.1,B
2021-06-22T13:33:51,1200.0,51.1,B
2021-06-22T13:33:48,1000.0,51.0,S
2021-06-22T13:33:44,100.0,51.0,S
2021-06-22T13:33:30,2000.0,51.1,B
2021-06-22T13:33:28,200.0,51.0,S
2021-06-22T13:33:27,100.0,51.0,S
2021-06-22T13:33:23,300.0,51.1,B
2021-06-22T13:33:19,5000.0,51.0,S
2021-06-22T13:33:11,100.0,51.1,B
2021-06-22T13:33:07,1300.0,51.1,B
2021-06-22T13:33:04,600.0,51.0,S
2021-06-22T13:33:03,200.0,51.1,B
2021-06-22T13:33:03,100.0,51.1,B
2021-06-22T13:33:03,100.0,51.1,B
2021-06-22T13:32:54,200.0,51.1,B
2021-06-22T13:32:46,100.0,51.0,S
2021-06-22T13:32:38,100.0,51.1,B
2021-06-22T13:32:33,100.0,51.0,S
2021-06-22T13:32:26,300.0,51.1,B
2021-06-22T13:32:22,300.0,51.1,B
2021-06-22T13:32:21,2000.0,51.1,B
2021-06-22T13:32:21,100.0,51.1,B
2021-06-22T13:32:10,400.0,51.1,B
2021-06-22T13:32:07,300.0,51.1,B
2021-06-22T13:32:05,11500.0,51.1,B
2021-06-22T13:31:48,500.0,51.1,B
2021-06-22T13:31:44,1900.0,51.0,S
2021-06-22T13:31:33,5000.0,51.1,B
2021-06-22T13:31:28,300.0,51.1,B
2021-06-22T13:31:17,100.0,51.0,S
2021-06-22T13:31:10,500.0,51.1,B
2021-06-22T13:31:05,600.0,51.1,B
2021-06-22T13:30:59,4000.0,51.0,S
2021-06-22T13:30:37,200.0,51.1,B
2021-06-22T13:30:33,200.0,51.1,B
2021-06-22T13:30:22,200.0,51.0,S
2021-06-22T13:29:53,1000.0,51.1,B
2021-06-22T13:29:48,2000.0,51.0,S
2021-06-22T13:29:47,1000.0,51.1,B
2021-06-22T13:29:37,100.0,51.0,S
2021-06-22T13:29:33,100.0,51.1,B
2021-06-22T13:29:30,10000.0,51.1,B
2021-06-22T13:29:29,20800.0,51.1,B
2021-06-22T13:29:29,5000.0,51.1,B
2021-06-22T13:29:28,4200.0,51.1,B
2021-06-22T13:29:12,100.0,51.1,B
2021-06-22T13:29:09,1400.0,51.0,S
2021-06-22T13:29:07,200.0,51.0,S
2021-06-22T13:29:00,700.0,51.1,B
2021-06-22T13:28:56,1000.0,51.1,B
2021-06-22T13:28:49,200.0,51.1,B
2021-06-22T13:28:45,5000.0,51.0,S
2021-06-22T13:28:43,300.0,51.1,S
2021-06-22T13:28:37,1000.0,51.1,S
2021-06-22T13:28:35,500.0,51.1,S
2021-06-22T13:28:32,2600.0,51.1,S
2021-06-22T13:28:31,100.0,51.1,S
2021-06-22T13:28:29,300.0,51.1,S
2021-06-22T13:28:29,200.0,51.1,S
2021-06-22T13:28:23,300.0,51.2,B
2021-06-22T13:28:16,400.0,51.1,S
2021-06-22T13:28:16,500.0,51.1,S
2021-06-22T13:28:16,2000.0,51.1,S
2021-06-22T13:28:16,4000.0,51.1,S
2021-06-22T13:28:16,2200.0,51.1,S
2021-06-22T13:28:16,2700.0,51.1,S
2021-06-22T13:28:14,2900.0,51.1,S
2021-06-22T13:28:13,300.0,51.2,B
2021-06-22T13:28:12,100.0,51.1,S
2021-06-22T13:28:11,2600.0,51.1,S
2021-06-22T13:28:08,700.0,51.2,B
2021-06-22T13:28:08,100.0,51.1,S
2021-06-22T13:28:07,300.0,51.1,S
2021-06-22T13:28:06,1700.0,51.1,S
2021-06-22T13:28:00,100.0,51.1,S
2021-06-22T13:28:00,7200.0,51.1,S
2021-06-22T13:28:00,600.0,51.1,S
2021-06-22T13:28:00,2100.0,51.1,S
2021-06-22T13:28:00,200.0,51.1,S
2021-06-22T13:28:00,8900.0,51.1,S
2021-06-22T13:27:58,10000.0,51.1,S
2021-06-22T13:27:58,1000.0,51.1,S
2021-06-22T13:27:50,3000.0,51.1,S
2021-06-22T13:27:50,1000.0,51.1,S
2021-06-22T13:27:48,500.0,51.1,S
2021-06-22T13:27:44,100.0,51.2,B
2021-06-22T13:27:44,300.0,51.2,B
2021-06-22T13:27:41,500.0,51.2,B
2021-06-22T13:27:40,100.0,51.1,S
2021-06-22T13:27:40,500.0,51.1,S
2021-06-22T13:27:40,3400.0,51.1,S
2021-06-22T13:27:39,2000.0,51.1,S
2021-06-22T13:27:36,500.0,51.2,B
2021-06-22T13:27:32,500.0,51.1,S
2021-06-22T13:27:25,20300.0,51.1,S
2021-06-22T13:27:25,1700.0,51.1,S
2021-06-22T13:27:24,3100.0,51.1,S
2021-06-22T13:27:24,300.0,51.1,S
2021-06-22T13:27:22,6600.0,51.1,S
2021-06-22T13:27:17,2100.0,51.2,B
2021-06-22T13:27:11,1000.0,51.1,S
2021-06-22T13:27:09,5000.0,51.1,S
2021-06-22T13:27:05,100.0,51.2,B
2021-06-22T13:26:59,100.0,51.1,S
2021-06-22T13:26:56,400.0,51.1,S
2021-06-22T13:26:52,500.0,51.1,S
2021-06-22T13:26:49,100.0,51.1,S
2021-06-22T13:26:29,10000.0,51.1,S
2021-06-22T13:26:28,100.0,51.1,S
2021-06-22T13:26:24,10000.0,51.2,B
2021-06-22T13:26:24,900.0,51.2,B
2021-06-22T13:26:23,1200.0,51.1,S
2021-06-22T13:26:23,100.0,51.1,S
2021-06-22T13:26:21,200.0,51.1,S
2021-06-22T13:26:15,1000.0,51.1,S
2021-06-22T13:26:12,1000.0,51.1,S
2021-06-22T13:26:03,1000.0,51.1,S
2021-06-22T13:26:00,400.0,51.1,S
2021-06-22T13:25:59,500.0,51.1,S
2021-06-22T13:25:57,1500.0,51.1,S
2021-06-22T13:25:54,2000.0,51.1,S
2021-06-22T13:25:54,1000.0,51.1,S
2021-06-22T13:25:54,100.0,51.1,S
2021-06-22T13:25:52,10000.0,51.1,S
2021-06-22T13:25:50,200.0,51.1,S
2021-06-22T13:25:47,200.0,51.1,S
2021-06-22T13:25:47,100.0,51.1,S
2021-06-22T13:25:37,100.0,51.1,S
2021-06-22T13:25:36,100.0,51.1,S
2021-06-22T13:25:23,400.0,51.1,S
2021-06-22T13:25:17,6000.0,51.1,S
2021-06-22T13:25:16,1000.0,51.1,S
2021-06-22T13:25:11,200.0,51.1,S
2021-06-22T13:25:10,400.0,51.1,S
2021-06-22T13:25:09,200.0,51.2,B
2021-06-22T13:25:02,200.0,51.1,S
2021-06-22T13:25:02,400.0,51.1,S
2021-06-22T13:25:02,10000.0,51.1,S
2021-06-22T13:24:59,10000.0,51.1,S
2021-06-22T13:24:59,300.0,51.1,S
2021-06-22T13:24:54,1000.0,51.1,S
2021-06-22T13:24:52,200.0,51.1,S
2021-06-22T13:24:48,1000.0,51.1,S
2021-06-22T13:24:44,5000.0,51.1,B
2021-06-22T13:24:41,10000.0,51.1,B
2021-06-22T13:24:40,200.0,51.1,B
2021-06-22T13:24:40,1200.0,51.1,B
2021-06-22T13:24:40,1300.0,51.1,B
2021-06-22T13:24:40,2000.0,51.1,B
2021-06-22T13:24:40,1400.0,51.1,B
2021-06-22T13:24:40,200.0,51.1,B
2021-06-22T13:24:39,3400.0,51.1,B
2021-06-22T13:24:37,200.0,51.1,B
2021-06-22T13:24:34,900.0,51.1,B
2021-06-22T13:24:32,29000.0,51.0,S
2021-06-22T13:24:26,100.0,51.1,B
2021-06-22T13:24:25,200.0,51.1,B
2021-06-22T13:24:24,5000.0,51.0,S
2021-06-22T13:24:24,800.0,51.1,B
2021-06-22T13:24:20,1300.0,51.1,B
2021-06-22T13:24:19,100.0,51.0,S
2021-06-22T13:24:19,900.0,51.1,B
2021-06-22T13:24:19,500.0,51.1,B
2021-06-22T13:24:19,1600.0,51.1,B
2021-06-22T13:24:18,100.0,51.1,B
2021-06-22T13:24:12,400.0,51.1,B
2021-06-22T13:24:10,2500.0,51.1,B
2021-06-22T13:23:59,1000.0,51.0,S
2021-06-22T13:23:57,200.0,51.1,B
2021-06-22T13:23:55,200.0,51.1,B
2021-06-22T13:23:47,100.0,51.1,B
2021-06-22T13:23:46,300.0,51.1,B
2021-06-22T13:23:45,9000.0,51.1,B
2021-06-22T13:23:43,600.0,51.1,B
2021-06-22T13:23:40,1500.0,51.1,B
2021-06-22T13:23:36,300.0,51.1,B
2021-06-22T13:23:36,1000.0,51.1,B
2021-06-22T13:23:36,200.0,51.1,B
2021-06-22T13:23:36,4500.0,51.1,B
2021-06-22T13:23:35,100.0,51.1,B
2021-06-22T13:23:34,100.0,51.1,B
2021-06-22T13:23:34,2000.0,51.1,B
2021-06-22T13:23:31,5000.0,51.1,B
2021-06-22T13:23:30,400.0,51.1,B
2021-06-22T13:23:26,3000.0,51.1,B
2021-06-22T13:23:23,1800.0,51.1,B
2021-06-22T13:23:19,100.0,51.1,B
2021-06-22T13:23:16,100.0,51.1,B
2021-06-22T13:23:13,200.0,51.1,B
2021-06-22T13:23:13,1500.0,51.1,B
2021-06-22T13:23:13,2400.0,51.1,B
2021-06-22T13:23:13,1300.0,51.1,B
2021-06-22T13:23:13,12100.0,51.1,B
2021-06-22T13:23:13,1600.0,51.1,B
2021-06-22T13:23:13,1800.0,51.1,B
2021-06-22T13:23:12,2100.0,51.1,B
2021-06-22T13:23:12,200.0,51.1,B
2021-06-22T13:23:12,1000.0,51.1,B
2021-06-22T13:23:12,6000.0,51.1,B
2021-06-22T13:23:05,10000.0,51.1,B
2021-06-22T13:23:02,1700.0,51.1,B
2021-06-22T13:23:02,700.0,51.1,B
2021-06-22T13:23:01,800.0,51.1,B
2021-06-22T13:22:59,200.0,51.1,B
2021-06-22T13:22:57,500.0,51.1,B
2021-06-22T13:22:48,1000.0,51.1,B
2021-06-22T13:22:46,100.0,51.1,B
2021-06-22T13:22:45,1000.0,51.1,B
2021-06-22T13:22:44,700.0,51.0,S
2021-06-22T13:22:43,600.0,51.0,S
2021-06-22T13:22:42,500.0,51.1,B
2021-06-22T13:22:41,3000.0,51.1,B
2021-06-22T13:22:40,200.0,51.1,B
2021-06-22T13:22:39,1000.0,51.1,B
2021-06-22T13:22:31,100.0,51.1,B
2021-06-22T13:22:30,3000.0,51.1,B
2021-06-22T13:22:28,100.0,51.1,B
2021-06-22T13:22:28,400.0,51.1,B
2021-06-22T13:22:26,1000.0,51.1,B
2021-06-22T13:22:23,600.0,51.1,B
2021-06-22T13:22:23,300.0,51.1,B
2021-06-22T13:22:23,200.0,51.1,B
2021-06-22T13:22:20,100.0,51.1,B
2021-06-22T13:22:15,1500.0,51.1,B
2021-06-22T13:22:14,10200.0,51.1,B
2021-06-22T13:22:14,2300.0,51.1,B
2021-06-22T13:22:14,600.0,51.1,B
2021-06-22T13:22:14,6500.0,51.1,B
2021-06-22T13:22:14,1000.0,51.1,B
2021-06-22T13:22:14,600.0,51.1,B
2021-06-22T13:22:14,12300.0,51.1,B
2021-06-22T13:22:12,1000.0,51.1,B
2021-06-22T13:22:12,4500.0,51.1,B
2021-06-22T13:22:12,22200.0,51.1,B
2021-06-22T13:22:12,4000.0,51.1,B
2021-06-22T13:22:03,600.0,51.1,B
2021-06-22T13:22:02,100.0,51.1,B
2021-06-22T13:22:02,800.0,51.1,B
2021-06-22T13:22:01,500.0,51.1,B
2021-06-22T13:21:58,3000.0,51.1,B
2021-06-22T13:21:52,100.0,51.1,B
2021-06-22T13:21:51,100.0,51.1,B
2021-06-22T13:21:50,1000.0,51.1,B
2021-06-22T13:21:42,1000.0,51.1,B
2021-06-22T13:21:25,600.0,51.1,B
2021-06-22T13:21:20,2000.0,51.1,B
2021-06-22T13:21:19,200.0,51.1,B
2021-06-22T13:21:18,800.0,51.1,B
2021-06-22T13:21:18,100.0,51.1,B
2021-06-22T13:21:17,100.0,51.1,B
2021-06-22T13:21:14,300.0,51.1,B
2021-06-22T13:21:11,1000.0,51.1,B
2021-06-22T13:21:08,500.0,51.1,B
2021-06-22T13:21:07,1300.0,51.1,B
2021-06-22T13:21:05,3000.0,51.1,B
2021-06-22T13:21:03,800.0,51.1,B
2021-06-22T13:20:57,300.0,51.1,B
2021-06-22T13:20:56,1000.0,51.1,B
2021-06-22T13:20:55,500.0,51.1,B
2021-06-22T13:20:53,2000.0,51.1,B
2021-06-22T13:20:46,400.0,51.1,B
2021-06-22T13:20:46,500.0,51.1,B
2021-06-22T13:20:44,300.0,51.1,B
2021-06-22T13:20:42,700.0,51.1,B
2021-06-22T13:20:42,100.0,51.1,B
2021-06-22T13:20:36,500.0,51.1,B
2021-06-22T13:20:26,1000.0,51.1,B
2021-06-22T13:20:26,1000.0,51.1,B
2021-06-22T13:20:23,100.0,51.1,B
2021-06-22T13:20:21,9500.0,51.1,B
2021-06-22T13:20:21,1300.0,51.1,B
2021-06-22T13:20:13,14100.0,51.1,B
2021-06-22T13:20:13,3300.0,51.1,B
2021-06-22T13:20:13,900.0,51.1,B
2021-06-22T13:20:13,2100.0,51.1,B
2021-06-22T13:20:13,1500.0,51.1,B
2021-06-22T13:20:13,3200.0,51.1,B
2021-06-22T13:20:13,4900.0,51.1,B
2021-06-22T13:20:05,1000.0,51.1,B
2021-06-22T13:20:04,100.0,51.0,S
2021-06-22T13:19:59,2000.0,51.0,S
2021-06-22T13:19:57,3200.0,51.1,B
2021-06-22T13:19:57,500.0,51.0,S
2021-06-22T13:19:54,900.0,51.1,B
2021-06-22T13:19:54,5100.0,51.1,B
2021-06-22T13:19:49,5000.0,51.0,S
2021-06-22T13:19:42,1000.0,51.1,B
2021-06-22T13:19:36,31900.0,51.1,B
2021-06-22T13:19:35,1000.0,51.0,S
2021-06-22T13:19:32,4000.0,51.0,S
2021-06-22T13:19:27,200.0,51.1,B
2021-06-22T13:19:18,200.0,51.1,B
2021-06-22T13:19:18,100.0,51.0,S
2021-06-22T13:19:17,200.0,51.0,S
2021-06-22T13:19:14,100.0,51.1,B
2021-06-22T13:19:11,300.0,51.1,B
2021-06-22T13:19:02,200.0,51.1,B
2021-06-22T13:18:56,1000.0,51.1,B
2021-06-22T13:18:51,1000.0,51.0,S
2021-06-22T13:18:46,200.0,51.1,B
2021-06-22T13:18:43,100.0,51.0,S
2021-06-22T13:18:42,1000.0,51.0,S
2021-06-22T13:18:41,1400.0,51.1,B
2021-06-22T13:18:40,400.0,51.1,B
2021-06-22T13:18:35,500.0,51.0,S
2021-06-22T13:18:33,4700.0,51.0,S
2021-06-22T13:18:33,300.0,51.0,S
2021-06-22T13:18:28,600.0,51.1,B
2021-06-22T13:18:18,7500.0,51.1,B
2021-06-22T13:18:18,400.0,51.1,B
2021-06-22T13:18:18,2100.0,51.1,B
2021-06-22T13:18:14,200.0,51.0,S
2021-06-22T13:18:10,300.0,51.0,S
2021-06-22T13:18:05,100.0,51.1,B
2021-06-22T13:17:57,500.0,51.0,S
2021-06-22T13:17:54,1700.0,51.0,S
2021-06-22T13:17:54,1000.0,51.0,S
2021-06-22T13:17:52,5000.0,51.0,S
2021-06-22T13:17:44,1000.0,51.0,S
2021-06-22T13:17:44,400.0,51.1,B
2021-06-22T13:17:41,3000.0,51.1,B
2021-06-22T13:17:38,7000.0,51.0,S
2021-06-22T13:17:37,100.0,51.1,B
2021-06-22T13:17:31,1000.0,51.0,S
2021-06-22T13:17:30,4600.0,51.1,B
2021-06-22T13:17:27,500.0,51.1,B
2021-06-22T13:17:22,500.0,51.1,B
2021-06-22T13:17:22,1000.0,51.1,B
2021-06-22T13:17:20,900.0,51.0,S
2021-06-22T13:17:19,200.0,51.1,B
2021-06-22T13:17:17,1000.0,51.1,B
2021-06-22T13:17:14,2000.0,51.1,B
2021-06-22T13:17:14,3000.0,51.0,S
2021-06-22T13:17:12,3000.0,51.0,S
2021-06-22T13:17:11,1100.0,51.0,S
2021-06-22T13:17:11,2000.0,51.0,S
2021-06-22T13:17:11,2600.0,51.0,S
2021-06-22T13:17:11,800.0,51.0,S
2021-06-22T13:17:11,5500.0,51.0,S
2021-06-22T13:17:11,1600.0,51.0,S
2021-06-22T13:17:11,600.0,51.0,S
2021-06-22T13:17:11,3800.0,51.0,S
2021-06-22T13:17:11,13500.0,51.0,S
2021-06-22T13:17:10,12500.0,51.0,S
2021-06-22T13:17:09,500.0,51.1,B
2021-06-22T13:17:07,100.0,51.1,B
2021-06-22T13:17:05,300.0,51.1,B
2021-06-22T13:16:58,3500.0,51.1,B
2021-06-22T13:16:54,300.0,51.1,B
2021-06-22T13:16:54,800.0,51.1,B
2021-06-22T13:16:53,100.0,51.1,B
2021-06-22T13:16:50,300.0,51.1,B
2021-06-22T13:16:48,400.0,51.1,B
2021-06-22T13:16:48,900.0,51.1,B
2021-06-22T13:16:47,4500.0,51.1,B
2021-06-22T13:16:47,200.0,51.1,B
2021-06-22T13:16:47,100.0,51.1,B
2021-06-22T13:16:40,100.0,51.1,B
2021-06-22T13:16:36,200.0,51.1,B
2021-06-22T13:16:34,600.0,51.1,B
2021-06-22T13:16:33,100.0,51.1,B
2021-06-22T13:16:28,900.0,51.1,B
2021-06-22T13:16:28,1800.0,51.1,B
2021-06-22T13:16:25,500.0,51.1,B
2021-06-22T13:16:21,1500.0,51.1,B
2021-06-22T13:16:21,200.0,51.1,B
2021-06-22T13:16:18,200.0,51.1,B
2021-06-22T13:16:16,500.0,51.0,S
2021-06-22T13:16:09,2000.0,51.1,B
2021-06-22T13:16:09,1000.0,51.1,B
2021-06-22T13:16:08,200.0,51.0,S
2021-06-22T13:16:07,1000.0,51.1,B
2021-06-22T13:16:04,100.0,51.1,B
2021-06-22T13:16:02,300.0,51.1,B
2021-06-22T13:16:02,200.0,51.1,B
2021-06-22T13:16:01,100.0,51.1,B
2021-06-22T13:15:53,100.0,51.0,S
2021-06-22T13:15:53,4300.0,51.1,B
2021-06-22T13:15:53,300.0,51.1,B
2021-06-22T13:15:52,3200.0,51.1,B
2021-06-22T13:15:52,100.0,51.1,B
2021-06-22T13:15:50,100.0,51.1,B
2021-06-22T13:15:48,200.0,51.1,B
2021-06-22T13:15:47,1000.0,51.1,B
2021-06-22T13:15:45,100.0,51.1,B
2021-06-22T13:15:43,5900.0,51.1,B
2021-06-22T13:15:43,100.0,51.1,B
2021-06-22T13:15:41,500.0,51.1,B
2021-06-22T13:15:41,500.0,51.1,B
2021-06-22T13:15:40,1000.0,51.1,B
2021-06-22T13:15:35,200.0,51.1,B
2021-06-22T13:15:34,500.0,51.1,B
2021-06-22T13:15:32,100.0,51.1,S
2021-06-22T13:15:29,100.0,51.1,S
2021-06-22T13:15:23,2700.0,51.1,S
2021-06-22T13:15:23,1000.0,51.1,S
2021-06-22T13:15:22,500.0,51.1,S
2021-06-22T13:15:20,100.0,51.1,S
2021-06-22T13:15:20,200.0,51.1,S
2021-06-22T13:15:19,400.0,51.1,S
2021-06-22T13:15:19,1000.0,51.1,S
2021-06-22T13:15:13,1000.0,51.1,S
2021-06-22T13:15:04,500.0,51.1,S
2021-06-22T13:15:03,2000.0,51.1,S
2021-06-22T13:15:03,4100.0,51.1,S
2021-06-22T13:15:02,1300.0,51.1,S
2021-06-22T13:15:02,1000.0,51.1,S
2021-06-22T13:15:02,21500.0,51.1,S
2021-06-22T13:15:02,500.0,51.1,S
2021-06-22T13:15:02,2100.0,51.1,S
2021-06-22T13:15:02,10200.0,51.1,S
2021-06-22T13:15:02,300.0,51.1,S
2021-06-22T13:15:02,6500.0,51.1,S
2021-06-22T13:15:02,1000.0,51.1,S
2021-06-22T13:15:02,4000.0,51.1,S
2021-06-22T13:15:02,10300.0,51.1,S
2021-06-22T13:15:02,31700.0,51.1,S
2021-06-22T13:15:02,5800.0,51.1,S
2021-06-22T13:15:02,5000.0,51.1,S
2021-06-22T13:15:02,300.0,51.1,S
2021-06-22T13:15:02,3000.0,51.1,S
2021-06-22T13:15:02,5100.0,51.1,S
2021-06-22T13:15:02,100.0,51.1,S
2021-06-22T13:15:02,11100.0,51.1,S
2021-06-22T13:15:02,1700.0,51.1,S
2021-06-22T13:15:02,300.0,51.1,S
2021-06-22T13:15:02,5500.0,51.1,S
2021-06-22T13:15:01,500.0,51.2,B
2021-06-22T13:14:59,600.0,51.1,S
2021-06-22T13:14:58,300.0,51.2,B
2021-06-22T13:14:58,500.0,51.1,S
2021-06-22T13:14:58,1000.0,51.2,B
2021-06-22T13:14:57,100.0,51.2,B
2021-06-22T13:14:57,10000.0,51.1,S
2021-06-22T13:14:52,1000.0,51.2,B
2021-06-22T13:14:52,600.0,51.2,B
2021-06-22T13:14:51,300.0,51.2,B
2021-06-22T13:14:51,300.0,51.2,B
2021-06-22T13:14:51,1000.0,51.1,S
2021-06-22T13:14:48,2800.0,51.1,S
2021-06-22T13:14:48,900.0,51.1,S
2021-06-22T13:14:48,3200.0,51.1,S
2021-06-22T13:14:48,400.0,51.1,S
2021-06-22T13:14:48,2700.0,51.1,S
2021-06-22T13:14:43,10000.0,51.2,B
2021-06-22T13:14:42,2000.0,51.2,B
2021-06-22T13:14:41,500.0,51.2,B
2021-06-22T13:14:39,5500.0,51.1,S
2021-06-22T13:14:36,100.0,51.2,B
2021-06-22T13:14:34,500.0,51.2,B
2021-06-22T13:14:28,100.0,51.2,B
2021-06-22T13:14:27,9000.0,51.2,B
2021-06-22T13:14:24,1200.0,51.2,B
2021-06-22T13:14:20,1000.0,51.2,B
2021-06-22T13:14:16,200.0,51.2,B
2021-06-22T13:14:10,1000.0,51.1,S
2021-06-22T13:14:09,200.0,51.1,S
2021-06-22T13:14:09,100.0,51.2,B
2021-06-22T13:14:05,500.0,51.2,B
2021-06-22T13:14:05,800.0,51.2,B
2021-06-22T13:14:01,100.0,51.2,B
2021-06-22T13:13:57,100.0,51.2,B
2021-06-22T13:13:56,2000.0,51.1,S
2021-06-22T13:13:56,1100.0,51.1,S
2021-06-22T13:13:56,100.0,51.1,S
2021-06-22T13:13:55,1300.0,51.1,S
2021-06-22T13:13:53,1000.0,51.2,B
2021-06-22T13:13:51,500.0,51.2,B
2021-06-22T13:13:48,200.0,51.2,B
2021-06-22T13:13:47,100.0,51.2,B
2021-06-22T13:13:47,500.0,51.1,S
2021-06-22T13:13:46,1000.0,51.2,B
2021-06-22T13:13:44,1100.0,51.2,B
2021-06-22T13:13:44,2900.0,51.2,B
2021-06-22T13:13:44,500.0,51.2,B
2021-06-22T13:13:41,200.0,51.2,B
2021-06-22T13:13:37,300.0,51.2,B
2021-06-22T13:13:27,100.0,51.2,B
2021-06-22T13:13:26,1100.0,51.2,B
2021-06-22T13:13:25,8400.0,51.2,B
2021-06-22T13:13:23,500.0,51.2,B
2021-06-22T13:13:19,200.0,51.2,B
2021-06-22T13:13:10,200.0,51.2,B
2021-06-22T13:13:09,300.0,51.2,B
2021-06-22T13:13:07,1000.0,51.2,B
2021-06-22T13:13:05,500.0,51.2,B
2021-06-22T13:13:05,300.0,51.2,B
2021-06-22T13:13:03,500.0,51.2,B
2021-06-22T13:13:02,1000.0,51.1,S
2021-06-22T13:13:01,7300.0,51.1,S
2021-06-22T13:13:01,500.0,51.1,S
2021-06-22T13:12:59,42200.0,51.1,S
2021-06-22T13:12:51,100.0,51.2,B
2021-06-22T13:12:51,1000.0,51.1,S
2021-06-22T13:12:48,1000.0,51.2,B
2021-06-22T13:12:48,100.0,51.2,B
2021-06-22T13:12:45,500.0,51.2,B
2021-06-22T13:12:42,20000.0,51.1,S
2021-06-22T13:12:40,500.0,51.1,S
2021-06-22T13:12:29,500.0,51.2,B
2021-06-22T13:12:29,1000.0,51.2,B
2021-06-22T13:12:19,1000.0,51.2,B
2021-06-22T13:12:16,5500.0,51.2,B
2021-06-22T13:12:12,200.0,51.2,B
2021-06-22T13:12:11,6000.0,51.2,B
2021-06-22T13:12:08,100.0,51.2,B
2021-06-22T13:12:08,1000.0,51.1,S
2021-06-22T13:12:08,500.0,51.2,B
2021-06-22T13:12:06,10000.0,51.2,B
2021-06-22T13:12:05,100.0,51.2,B
2021-06-22T13:12:03,1000.0,51.2,B
2021-06-22T13:12:00,800.0,51.2,B
2021-06-22T13:11:54,7000.0,51.2,B
2021-06-22T13:11:53,1000.0,51.2,B
2021-06-22T13:11:51,3000.0,51.2,B
2021-06-22T13:11:50,4200.0,51.1,S
2021-06-22T13:11:48,100.0,51.1,S
2021-06-22T13:11:47,1000.0,51.2,B
2021-06-22T13:11:44,600.0,51.2,B
2021-06-22T13:11:43,1300.0,51.1,S
2021-06-22T13:11:38,500.0,51.2,B
2021-06-22T13:11:38,1500.0,51.2,B
2021-06-22T13:11:31,1000.0,51.1,S
2021-06-22T13:11:30,5000.0,51.2,B
2021-06-22T13:11:28,100.0,51.2,B
2021-06-22T13:11:26,100.0,51.2,B
2021-06-22T13:11:24,100.0,51.2,B
2021-06-22T13:11:24,1000.0,51.2,B
2021-06-22T13:11:23,2000.0,51.2,B
2021-06-22T13:11:18,1000.0,51.1,S
2021-06-22T13:11:17,10000.0,51.2,B
2021-06-22T13:11:17,400.0,51.2,B
2021-06-22T13:11:17,600.0,51.2,B
2021-06-22T13:11:16,3000.0,51.2,B
2021-06-22T13:11:16,500.0,51.2,B
2021-06-22T13:11:16,100.0,51.2,B
2021-06-22T13:11:16,500.0,51.2,B
2021-06-22T13:11:14,400.0,51.2,B
2021-06-22T13:11:14,100.0,51.2,B
2021-06-22T13:11:14,300.0,51.2,B
2021-06-22T13:11:08,600.0,51.2,B
2021-06-22T13:11:05,2000.0,51.2,B
2021-06-22T13:11:02,1600.0,51.2,B
2021-06-22T13:11:00,1000.0,51.2,B
2021-06-22T13:10:57,100.0,51.2,B
2021-06-22T13:10:57,10000.0,51.2,B
2021-06-22T13:10:57,100.0,51.2,B
2021-06-22T13:10:56,200.0,51.2,B
2021-06-22T13:10:54,300.0,51.2,B
2021-06-22T13:10:53,200.0,51.2,B
2021-06-22T13:10:52,300.0,51.2,B
2021-06-22T13:10:52,1900.0,51.2,B
2021-06-22T13:10:50,300.0,51.2,B
2021-06-22T13:10:50,100.0,51.2,B
2021-06-22T13:10:50,200.0,51.2,B
2021-06-22T13:10:50,200.0,51.2,B
2021-06-22T13:10:50,1100.0,51.2,B
2021-06-22T13:10:50,5500.0,51.2,B
2021-06-22T13:10:49,2000.0,51.2,B
2021-06-22T13:10:47,500.0,51.2,B
2021-06-22T13:10:46,12000.0,51.2,B
2021-06-22T13:10:45,600.0,51.2,B
2021-06-22T13:10:45,2000.0,51.2,B
2021-06-22T13:10:43,1000.0,51.2,B
2021-06-22T13:10:41,200.0,51.2,B
2021-06-22T13:10:38,3000.0,51.2,B
2021-06-22T13:10:31,500.0,51.2,B
2021-06-22T13:10:30,30700.0,51.2,B
2021-06-22T13:10:27,500.0,51.2,B
2021-06-22T13:10:27,2500.0,51.2,B
2021-06-22T13:10:23,1000.0,51.2,S
2021-06-22T13:10:22,2000.0,51.2,S
2021-06-22T13:10:22,800.0,51.2,S
2021-06-22T13:10:20,800.0,51.2,S
2021-06-22T13:10:18,1000.0,51.3,B
2021-06-22T13:10:15,5300.0,51.1,S
2021-06-22T13:10:15,23500.0,51.1,S
2021-06-22T13:10:15,21200.0,51.2,S
2021-06-22T13:10:08,200.0,51.2,S
2021-06-22T13:10:07,200.0,51.2,S
2021-06-22T13:10:04,100.0,51.2,B
2021-06-22T13:10:02,300.0,51.2,B
2021-06-22T13:10:00,400.0,51.2,B
2021-06-22T13:10:00,1000.0,51.2,B
2021-06-22T13:09:56,200.0,51.2,B
2021-06-22T13:09:55,100.0,51.2,B
2021-06-22T13:09:53,2500.0,51.2,B
2021-06-22T13:09:53,500.0,51.1,S
2021-06-22T13:09:51,300.0,51.2,B
2021-06-22T13:09:47,1500.0,51.2,B
2021-06-22T13:09:46,2000.0,51.2,B
2021-06-22T13:09:45,2400.0,51.2,B
2021-06-22T13:09:45,100.0,51.2,B
2021-06-22T13:09:44,6000.0,51.2,B
2021-06-22T13:09:43,9000.0,51.2,B
2021-06-22T13:09:40,200.0,51.2,B
2021-06-22T13:09:40,800.0,51.2,B
2021-06-22T13:09:39,1100.0,51.2,B
2021-06-22T13:09:35,500.0,51.1,S
2021-06-22T13:09:33,1200.0,51.2,B
2021-06-22T13:09:33,2000.0,51.2,B
2021-06-22T13:09:32,500.0,51.2,B
2021-06-22T13:09:32,100.0,51.2,B
2021-06-22T13:09:31,100.0,51.2,B
2021-06-22T13:09:31,700.0,51.2,B
2021-06-22T13:09:31,1200.0,51.2,B
2021-06-22T13:09:31,2800.0,51.2,B
2021-06-22T13:09:28,1100.0,51.2,B
2021-06-22T13:09:28,1600.0,51.2,B
2021-06-22T13:09:27,1900.0,51.2,B
2021-06-22T13:09:23,300.0,51.2,B
2021-06-22T13:09:23,1000.0,51.2,B
2021-06-22T13:09:23,100.0,51.2,B
2021-06-22T13:09:23,300.0,51.2,B
2021-06-22T13:09:23,100.0,51.1,S
2021-06-22T13:09:22,1600.0,51.2,B
2021-06-22T13:09:22,300.0,51.2,B
2021-06-22T13:09:22,4000.0,51.2,B
2021-06-22T13:09:22,4500.0,51.2,B
2021-06-22T13:09:22,7600.0,51.2,B
2021-06-22T13:09:20,100.0,51.2,B
2021-06-22T13:09:20,3500.0,51.1,S
2021-06-22T13:09:19,2000.0,51.1,S
2021-06-22T13:09:15,300.0,51.2,B
2021-06-22T13:09:15,100.0,51.2,B
2021-06-22T13:09:14,600.0,51.2,B
2021-06-22T13:09:12,200.0,51.2,B
2021-06-22T13:09:11,500.0,51.2,B
2021-06-22T13:09:11,1500.0,51.2,B
2021-06-22T13:09:11,1000.0,51.2,B
2021-06-22T13:09:10,1100.0,51.2,B
2021-06-22T13:09:10,9000.0,51.2,B
2021-06-22T13:09:09,200.0,51.2,B
2021-06-22T13:09:07,100.0,51.2,B
2021-06-22T13:09:07,2000.0,51.2,B
2021-06-22T13:09:07,4500.0,51.2,B
2021-06-22T13:09:07,200.0,51.2,B
2021-06-22T13:09:06,2200.0,51.2,B
2021-06-22T13:09:06,300.0,51.2,B
2021-06-22T13:09:03,100.0,51.2,B
2021-06-22T13:09:03,500.0,51.2,B
2021-06-22T13:09:00,2000.0,51.2,B
2021-06-22T13:08:59,300.0,51.2,B
2021-06-22T13:08:59,1900.0,51.2,B
2021-06-22T13:08:59,200.0,51.2,B
2021-06-22T13:08:59,200.0,51.2,B
2021-06-22T13:08:57,100.0,51.2,B
2021-06-22T13:08:57,400.0,51.2,B
2021-06-22T13:08:55,2700.0,51.2,B
2021-06-22T13:08:53,2000.0,51.2,B
2021-06-22T13:08:50,2000.0,51.2,B
2021-06-22T13:08:49,1000.0,51.2,B
2021-06-22T13:08:47,1100.0,51.2,B
2021-06-22T13:08:44,4000.0,51.2,B
2021-06-22T13:08:43,200.0,51.2,B
2021-06-22T13:08:43,3000.0,51.2,B
2021-06-22T13:08:42,3000.0,51.2,B
2021-06-22T13:08:37,40200.0,51.2,B
2021-06-22T13:08:37,5400.0,51.2,B
2021-06-22T13:08:37,400.0,51.2,B
2021-06-22T13:08:36,15100.0,51.2,B
2021-06-22T13:08:34,1000.0,51.2,B
2021-06-22T13:08:34,2300.0,51.2,B
2021-06-22T13:08:33,2500.0,51.2,B
2021-06-22T13:08:25,400.0,51.2,B
2021-06-22T13:08:24,11000.0,51.2,B
2021-06-22T13:08:23,11000.0,51.2,B
2021-06-22T13:08:22,1300.0,51.2,B
2021-06-22T13:08:21,2800.0,51.2,B
2021-06-22T13:08:21,2000.0,51.2,B
2021-06-22T13:08:20,1100.0,51.2,B
2021-06-22T13:08:18,1000.0,51.2,B
2021-06-22T13:08:18,2000.0,51.2,B
2021-06-22T13:08:18,2100.0,51.2,B
2021-06-22T13:08:17,5400.0,51.2,B
2021-06-22T13:08:16,4000.0,51.2,B
2021-06-22T13:08:16,500.0,51.2,B
2021-06-22T13:08:15,100.0,51.2,B
2021-06-22T13:08:13,100.0,51.2,B
2021-06-22T13:08:12,200.0,51.2,B
2021-06-22T13:08:11,300.0,51.1,S
2021-06-22T13:08:11,100.0,51.2,B
2021-06-22T13:08:10,1500.0,51.2,B
2021-06-22T13:08:09,2400.0,51.2,B
2021-06-22T13:08:07,100.0,51.2,B
2021-06-22T13:08:05,200.0,51.2,B
2021-06-22T13:08:03,1500.0,51.2,B
2021-06-22T13:08:03,500.0,51.2,B
2021-06-22T13:08:00,100.0,51.2,B
2021-06-22T13:07:58,800.0,51.2,B
2021-06-22T13:07:55,900.0,51.2,B
2021-06-22T13:07:55,500.0,51.2,B
2021-06-22T13:07:48,2100.0,51.2,B
2021-06-22T13:07:48,100.0,51.2,B
2021-06-22T13:07:47,2500.0,51.2,B
2021-06-22T13:07:47,300.0,51.2,B
2021-06-22T13:07:46,2000.0,51.2,B
2021-06-22T13:07:42,200.0,51.2,B
2021-06-22T13:07:41,200.0,51.2,B
2021-06-22T13:07:41,2000.0,51.2,B
2021-06-22T13:07:40,200.0,51.2,B
2021-06-22T13:07:37,2500.0,51.2,B
2021-06-22T13:07:37,600.0,51.2,B
2021-06-22T13:07:36,4000.0,51.2,B
2021-06-22T13:07:32,2000.0,51.2,B
2021-06-22T13:07:31,700.0,51.2,B
2021-06-22T13:07:25,6000.0,51.2,B
2021-06-22T13:07:25,11000.0,51.2,B
2021-06-22T13:07:24,1000.0,51.2,B
2021-06-22T13:07:24,800.0,51.2,B
2021-06-22T13:07:20,200.0,51.2,B
2021-06-22T13:07:18,600.0,51.2,B
2021-06-22T13:07:18,1000.0,51.2,B
2021-06-22T13:07:18,100.0,51.2,B
2021-06-22T13:07:14,200.0,51.2,B
2021-06-22T13:07:14,1000.0,51.2,B
2021-06-22T13:07:11,200.0,51.2,B
2021-06-22T13:07:11,1500.0,51.2,B
2021-06-22T13:07:11,500.0,51.2,B
2021-06-22T13:07:05,100.0,51.2,B
2021-06-22T13:07:05,500.0,51.2,B
2021-06-22T13:07:03,400.0,51.2,B
2021-06-22T13:07:03,600.0,51.2,B
2021-06-22T13:07:02,200.0,51.2,B
2021-06-22T13:06:59,1000.0,51.2,B
2021-06-22T13:06:58,28100.0,51.2,B
2021-06-22T13:06:58,1000.0,51.2,B
2021-06-22T13:06:57,3700.0,51.2,B
2021-06-22T13:06:57,200.0,51.2,B
2021-06-22T13:06:57,1100.0,51.2,B
2021-06-22T13:06:57,2000.0,51.2,B
2021-06-22T13:06:57,2100.0,51.2,B
2021-06-22T13:06:57,51800.0,51.2,B
2021-06-22T13:06:56,100.0,51.2,B
2021-06-22T13:06:54,500.0,51.2,B
2021-06-22T13:06:51,200.0,51.2,B
2021-06-22T13:06:47,24100.0,51.2,B
2021-06-22T13:06:47,100.0,51.2,B
2021-06-22T13:06:47,1100.0,51.2,B
2021-06-22T13:06:47,3700.0,51.2,B
2021-06-22T13:06:47,1000.0,51.2,B
2021-06-22T13:06:46,1000.0,51.2,B
2021-06-22T13:06:46,1000.0,51.2,B
2021-06-22T13:06:42,2000.0,51.2,B
2021-06-22T13:06:42,10000.0,51.2,B
2021-06-22T13:06:40,2800.0,51.2,B
2021-06-22T13:06:38,1000.0,51.2,B
2021-06-22T13:06:36,2600.0,51.2,B
2021-06-22T13:06:34,5000.0,51.2,B
2021-06-22T13:06:34,5000.0,51.2,B
2021-06-22T13:06:33,500.0,51.2,B
2021-06-22T13:06:24,5000.0,51.2,B
2021-06-22T13:06:20,2300.0,51.2,B
2021-06-22T13:06:20,400.0,51.2,B
2021-06-22T13:06:17,100.0,51.2,B
2021-06-22T13:06:17,500.0,51.1,S
2021-06-22T13:06:15,1400.0,51.2,B
2021-06-22T13:06:14,11500.0,51.2,B
2021-06-22T13:06:12,5600.0,51.2,B
2021-06-22T13:06:12,11900.0,51.0,S
2021-06-22T13:06:12,3100.0,51.0,S
2021-06-22T13:06:12,800.0,51.0,S
2021-06-22T13:06:12,22400.0,51.0,S
2021-06-22T13:06:12,2400.0,51.1,S
2021-06-22T13:06:12,2700.0,51.1,S
2021-06-22T13:06:12,6700.0,51.1,S
2021-06-22T13:06:10,500.0,51.2,B
2021-06-22T13:06:10,1000.0,51.2,B
2021-06-22T13:06:07,200.0,51.2,B
2021-06-22T13:06:07,4700.0,51.2,B
2021-06-22T13:06:07,600.0,51.1,S
2021-06-22T13:06:07,1800.0,51.1,S
2021-06-22T13:06:07,3000.0,51.1,S
2021-06-22T13:06:07,18000.0,51.1,S
2021-06-22T13:06:07,2000.0,51.1,S
2021-06-22T13:06:07,7700.0,51.1,S
2021-06-22T13:06:07,5000.0,51.1,S
2021-06-22T13:06:07,9400.0,51.1,S
2021-06-22T13:06:04,100.0,51.2,B
2021-06-22T13:06:03,2000.0,51.2,B
2021-06-22T13:06:01,1600.0,51.2,B
2021-06-22T13:06:00,100.0,51.2,B
2021-06-22T13:05:59,10900.0,51.2,B
2021-06-22T13:05:54,100.0,51.2,B
2021-06-22T13:05:53,300.0,51.1,S
2021-06-22T13:05:51,4800.0,51.2,B
2021-06-22T13:05:45,5000.0,51.2,B
2021-06-22T13:05:45,5000.0,51.2,B
2021-06-22T13:05:38,1000.0,51.2,B
2021-06-22T13:05:36,100.0,51.2,B
2021-06-22T13:05:35,600.0,51.1,S
2021-06-22T13:05:34,1000.0,51.2,B
2021-06-22T13:05:33,10000.0,51.2,B
2021-06-22T13:05:29,1700.0,51.2,B
2021-06-22T13:05:25,1000.0,51.1,S
2021-06-22T13:05:24,600.0,51.2,B
2021-06-22T13:05:24,100.0,51.1,S
2021-06-22T13:05:22,3000.0,51.2,B
2021-06-22T13:05:14,200.0,51.2,B
2021-06-22T13:05:14,100.0,51.1,B
2021-06-22T13:05:14,2100.0,51.1,B
2021-06-22T13:05:14,1500.0,51.1,B
2021-06-22T13:05:13,200.0,51.1,B
2021-06-22T13:05:13,4200.0,51.1,B
2021-06-22T13:05:13,1100.0,51.1,B
2021-06-22T13:05:13,3000.0,51.1,B
2021-06-22T13:05:13,200.0,51.1,B
2021-06-22T13:05:13,500.0,51.1,B
2021-06-22T13:05:13,2200.0,51.1,B
2021-06-22T13:05:13,1000.0,51.1,B
2021-06-22T13:05:13,8700.0,51.1,B
2021-06-22T13:05:11,5000.0,51.1,B
2021-06-22T13:05:07,5000.0,51.1,B
2021-06-22T13:05:04,1100.0,51.1,B
2021-06-22T13:05:03,4800.0,51.1,B
2021-06-22T13:04:57,100.0,51.0,S
2021-06-22T13:04:57,100.0,51.1,B
2021-06-22T13:04:54,78100.0,51.1,B
2021-06-22T13:04:54,51000.0,51.1,B
2021-06-22T13:04:54,400.0,51.1,B
2021-06-22T13:04:54,400.0,51.1,B
2021-06-22T13:04:54,25000.0,51.1,B
2021-06-22T13:04:54,8300.0,51.1,B
2021-06-22T13:04:54,1400.0,51.1,B
2021-06-22T13:04:53,50200.0,51.1,B
2021-06-22T13:04:53,9800.0,51.1,B
2021-06-22T13:04:53,3600.0,51.1,B
2021-06-22T13:04:53,57400.0,51.1,B
2021-06-22T13:04:53,14400.0,51.1,B
2021-06-22T13:04:52,10000.0,51.1,B
2021-06-22T13:04:51,100.0,51.0,S
2021-06-22T13:04:49,2100.0,51.1,B
2021-06-22T13:04:44,100.0,51.0,S
2021-06-22T13:04:41,1000.0,51.0,S
2021-06-22T13:04:24,6700.0,51.1,B
2021-06-22T13:04:22,10000.0,51.0,S
2021-06-22T13:04:21,200.0,51.0,S
2021-06-22T13:04:20,1000.0,51.0,S
2021-06-22T13:04:17,500.0,51.0,B
2021-06-22T13:04:17,1100.0,51.0,B
2021-06-22T13:04:17,2300.0,51.0,B
2021-06-22T13:04:17,900.0,51.0,B
2021-06-22T13:04:17,4400.0,51.0,B
2021-06-22T13:04:17,600.0,51.0,B
2021-06-22T13:04:17,3700.0,51.0,B
2021-06-22T13:04:17,100.0,51.0,B
2021-06-22T13:04:16,700.0,51.0,B
2021-06-22T13:04:16,500.0,51.0,B
2021-06-22T13:04:16,2000.0,51.0,B
2021-06-22T13:04:16,2500.0,51.0,B
2021-06-22T13:04:16,700.0,51.0,B
2021-06-22T13:04:16,100.0,51.0,B
2021-06-22T13:04:16,100.0,51.0,B
2021-06-22T13:04:16,3100.0,51.0,B
2021-06-22T13:04:16,4100.0,51.0,B
2021-06-22T13:04:16,800.0,51.0,B
2021-06-22T13:04:16,43900.0,51.0,B
2021-06-22T13:04:14,10500.0,51.0,B
2021-06-22T13:04:14,100.0,51.0,B
2021-06-22T13:04:13,1200.0,51.0,B
2021-06-22T13:04:13,200.0,51.0,B
2021-06-22T13:04:11,3000.0,51.0,B
2021-06-22T13:04:10,100.0,51.0,B
2021-06-22T13:04:09,700.0,51.0,B
2021-06-22T13:04:08,1000.0,51.0,B
2021-06-22T13:04:07,9500.0,51.0,B
2021-06-22T13:04:06,10000.0,51.0,B
2021-06-22T13:04:04,1500.0,51.0,B
2021-06-22T13:04:03,10000.0,51.0,B
2021-06-22T13:04:01,100.0,51.0,B
2021-06-22T13:04:01,500.0,51.0,B
2021-06-22T13:04:01,300.0,51.0,B
2021-06-22T13:03:57,500.0,51.0,B
2021-06-22T13:03:57,200.0,51.0,B
2021-06-22T13:03:56,6000.0,51.0,B
2021-06-22T13:03:56,10000.0,51.0,B
2021-06-22T13:03:53,1000.0,50.9,S
2021-06-22T13:03:51,3800.0,51.0,B
2021-06-22T13:03:49,2000.0,51.0,B
2021-06-22T13:03:49,1600.0,51.0,B
2021-06-22T13:03:48,100.0,51.0,B
2021-06-22T13:03:47,300.0,51.0,B
2021-06-22T13:03:47,1000.0,51.0,B
2021-06-22T13:03:46,500.0,50.9,S
2021-06-22T13:03:46,600.0,51.0,B
2021-06-22T13:03:45,1300.0,51.0,B
2021-06-22T13:03:45,2300.0,51.0,B
2021-06-22T13:03:45,9500.0,51.0,B
2021-06-22T13:03:44,400.0,51.0,B
2021-06-22T13:03:42,400.0,51.0,B
2021-06-22T13:03:42,100.0,51.0,B
2021-06-22T13:03:42,13000.0,51.0,B
2021-06-22T13:03:40,1000.0,51.0,B
2021-06-22T13:03:38,2000.0,51.0,B
2021-06-22T13:03:37,3000.0,51.0,B
2021-06-22T13:03:37,8400.0,50.9,S
2021-06-22T13:03:36,1600.0,50.9,S
2021-06-22T13:03:35,300.0,51.0,B
2021-06-22T13:03:35,2300.0,51.0,B
2021-06-22T13:03:35,100.0,51.0,B
2021-06-22T13:03:35,400.0,51.0,B
2021-06-22T13:03:35,100.0,51.0,B
2021-06-22T13:03:35,12500.0,51.0,B
2021-06-22T13:03:35,700.0,51.0,B
2021-06-22T13:03:35,1600.0,51.0,B
2021-06-22T13:03:35,2300.0,51.0,B
2021-06-22T13:03:34,1000.0,51.0,B
2021-06-22T13:03:34,200.0,51.0,B
2021-06-22T13:03:34,1000.0,51.0,B
2021-06-22T13:03:34,2000.0,51.0,B
2021-06-22T13:03:33,300.0,51.0,B
2021-06-22T13:03:32,500.0,51.0,B
2021-06-22T13:03:29,2300.0,51.0,B
2021-06-22T13:03:29,7500.0,51.0,B
2021-06-22T13:03:27,5000.0,51.0,B
2021-06-22T13:03:27,2700.0,51.0,B
2021-06-22T13:03:27,3400.0,51.0,B
2021-06-22T13:03:25,100.0,51.0,B
2021-06-22T13:03:23,100.0,51.0,B
2021-06-22T13:03:23,100.0,51.0,B
2021-06-22T13:03:22,3000.0,51.0,B
2021-06-22T13:03:21,1200.0,51.0,B
2021-06-22T13:03:20,2200.0,51.0,B
2021-06-22T13:03:20,500.0,51.0,B
2021-06-22T13:03:20,16100.0,51.0,B
2021-06-22T13:03:20,1700.0,51.0,B
2021-06-22T13:03:20,1000.0,51.0,B
2021-06-22T13:03:20,1000.0,51.0,B
2021-06-22T13:03:20,300.0,51.0,B
2021-06-22T13:03:20,1800.0,51.0,B
2021-06-22T13:03:20,1000.0,51.0,B
2021-06-22T13:03:20,2300.0,51.0,B
2021-06-22T13:03:20,1000.0,51.0,B
2021-06-22T13:03:17,300.0,51.0,B
2021-06-22T13:03:16,9800.0,51.0,B
2021-06-22T13:03:12,3000.0,51.0,B
2021-06-22T13:03:11,100.0,51.0,B
2021-06-22T13:03:09,10000.0,51.0,B
2021-06-22T13:03:06,500.0,50.9,S
2021-06-22T13:03:05,500.0,51.0,B
2021-06-22T13:03:01,2000.0,51.0,B
2021-06-22T13:03:00,500.0,51.0,B
2021-06-22T13:02:59,100.0,51.0,B
2021-06-22T13:02:58,4000.0,51.0,B
2021-06-22T13:02:57,10000.0,51.0,B
2021-06-22T13:02:55,2500.0,51.0,B
2021-06-22T13:02:50,500.0,51.0,B
2021-06-22T13:02:49,200.0,51.0,B
2021-06-22T13:02:49,3700.0,51.0,B
2021-06-22T13:02:49,1000.0,51.0,B
2021-06-22T13:02:49,1800.0,51.0,B
2021-06-22T13:02:48,100.0,51.0,B
2021-06-22T13:02:46,1000.0,51.0,B
2021-06-22T13:02:46,2200.0,51.0,B
2021-06-22T13:02:43,1800.0,51.0,B
2021-06-22T13:02:43,4200.0,51.0,B
2021-06-22T13:02:43,24000.0,51.0,B
2021-06-22T13:02:43,1900.0,51.0,B
2021-06-22T13:02:39,1000.0,51.0,B
2021-06-22T13:02:38,200.0,51.0,B
2021-06-22T13:02:37,3000.0,51.0,B
2021-06-22T13:02:37,1000.0,51.0,B
2021-06-22T13:02:35,200.0,51.0,B
2021-06-22T13:02:34,100.0,51.0,B
2021-06-22T13:02:30,100.0,51.0,B
2021-06-22T13:02:30,3300.0,51.0,B
2021-06-22T13:02:29,1800.0,51.0,B
2021-06-22T13:02:29,1000.0,51.0,B
2021-06-22T13:02:29,4900.0,51.0,B
2021-06-22T13:02:24,5000.0,51.0,B
2021-06-22T13:02:22,2000.0,51.0,B
2021-06-22T13:02:20,100.0,51.0,B
2021-06-22T13:02:20,500.0,51.0,B
2021-06-22T13:02:16,1000.0,51.0,B
2021-06-22T13:02:16,100.0,51.0,B
2021-06-22T13:02:08,500.0,51.0,B
2021-06-22T13:02:05,1000.0,51.0,B
2021-06-22T13:02:05,100.0,50.9,S
2021-06-22T13:02:02,100.0,51.0,B
2021-06-22T13:02:02,100.0,51.0,B
2021-06-22T13:01:59,2400.0,51.0,B
2021-06-22T13:01:56,1000.0,50.9,S
2021-06-22T13:01:55,500.0,51.0,B
2021-06-22T13:01:52,100.0,51.0,B
2021-06-22T13:01:49,100.0,51.0,B
2021-06-22T13:01:46,2800.0,51.0,B
2021-06-22T13:01:46,600.0,51.0,B
2021-06-22T13:01:45,3000.0,51.0,B
2021-06-22T13:01:43,2000.0,51.0,B
2021-06-22T13:01:41,30000.0,51.0,B
2021-06-22T13:01:34,500.0,51.0,B
2021-06-22T13:01:31,1000.0,51.0,B
2021-06-22T13:01:26,2000.0,50.9,S
2021-06-22T13:01:16,6000.0,51.0,B
2021-06-22T13:01:16,1000.0,50.9,B
2021-06-22T13:01:15,10000.0,50.9,B
2021-06-22T13:01:02,2000.0,50.9,B
2021-06-22T13:00:57,100.0,50.9,B
2021-06-22T13:00:56,700.0,50.9,B
2021-06-22T13:00:54,2000.0,51.0,B
2021-06-22T13:00:52,600.0,50.9,B
2021-06-22T13:00:52,500.0,50.9,B
2021-06-22T13:00:51,500.0,50.9,B
2021-06-22T13:00:51,200.0,50.9,B
2021-06-22T13:00:51,500.0,50.9,B
2021-06-22T13:00:50,100.0,50.9,B
2021-06-22T13:00:50,2000.0,50.9,B
2021-06-22T13:00:49,400.0,50.9,B
2021-06-22T13:00:49,100.0,50.9,B
2021-06-22T13:00:49,100.0,50.9,B
2021-06-22T13:00:47,100.0,50.9,B
2021-06-22T13:00:46,2000.0,50.9,B
2021-06-22T13:00:44,300.0,50.9,B
2021-06-22T13:00:44,200.0,50.9,B
2021-06-22T13:00:44,1800.0,50.9,B
2021-06-22T13:00:44,100.0,50.9,B
2021-06-22T13:00:37,700.0,50.9,B
2021-06-22T13:00:37,1100.0,50.9,B
2021-06-22T13:00:37,1000.0,50.9,B
2021-06-22T13:00:37,600.0,50.9,B
2021-06-22T13:00:37,100.0,50.9,B
2021-06-22T13:00:36,500.0,50.9,B
2021-06-22T13:00:33,1300.0,50.9,B
2021-06-22T13:00:32,2000.0,50.9,B
2021-06-22T13:00:32,200.0,50.9,B
2021-06-22T13:00:32,100.0,50.9,B
2021-06-22T13:00:31,200.0,50.9,B
2021-06-22T13:00:29,200.0,50.9,B
2021-06-22T13:00:29,100.0,50.9,B
2021-06-22T13:00:29,200.0,50.9,B
2021-06-22T13:00:29,900.0,50.9,B
2021-06-22T13:00:29,100.0,50.9,B
2021-06-22T13:00:29,1200.0,50.9,B
2021-06-22T13:00:27,100.0,50.9,B
2021-06-22T13:00:26,1500.0,50.9,B
2021-06-22T13:00:26,1000.0,50.9,B
2021-06-22T13:00:24,5000.0,50.9,B
2021-06-22T13:00:21,2000.0,50.9,B
2021-06-22T13:00:19,100.0,50.9,B
2021-06-22T13:00:19,200.0,50.9,B
2021-06-22T13:00:18,500.0,50.8,S
2021-06-22T13:00:18,1200.0,50.9,B
2021-06-22T13:00:18,100.0,50.9,B
2021-06-22T13:00:18,300.0,50.9,B
2021-06-22T13:00:18,100.0,50.9,B
2021-06-22T13:00:18,100.0,50.8,S
2021-06-22T13:00:18,100.0,50.9,B
2021-06-22T13:00:18,100.0,50.9,B
2021-06-22T13:00:18,2500.0,50.9,B
2021-06-22T13:00:18,700.0,50.9,B
2021-06-22T13:00:18,100.0,50.9,B
2021-06-22T13:00:18,1600.0,50.9,B
2021-06-22T13:00:18,200.0,50.9,B
2021-06-22T13:00:18,400.0,50.9,B
2021-06-22T13:00:18,200.0,50.9,B
2021-06-22T13:00:18,2000.0,50.9,B
2021-06-22T13:00:16,500.0,50.9,B
2021-06-22T13:00:16,700.0,50.9,B
2021-06-22T13:00:16,600.0,50.9,B
2021-06-22T13:00:16,100.0,50.9,B
2021-06-22T13:00:16,300.0,50.9,B
2021-06-22T13:00:16,200.0,50.9,B
2021-06-22T13:00:16,2000.0,50.9,B
2021-06-22T13:00:16,100.0,50.9,B
2021-06-22T13:00:16,400.0,50.9,B
2021-06-22T13:00:16,1200.0,50.9,B
2021-06-22T13:00:14,200.0,50.9,B
2021-06-22T13:00:14,200.0,50.9,B
2021-06-22T13:00:14,500.0,50.9,B
2021-06-22T13:00:14,800.0,50.9,B
2021-06-22T13:00:14,500.0,50.9,B
2021-06-22T13:00:14,21000.0,50.9,B
2021-06-22T13:00:14,100.0,50.9,B
2021-06-22T13:00:14,100.0,50.9,B
2021-06-22T13:00:14,1900.0,50.9,B
2021-06-22T13:00:14,5000.0,50.9,B
2021-06-22T13:00:14,9100.0,50.9,B
2021-06-22T13:00:14,100.0,50.8,S
2021-06-22T13:00:12,600.0,50.9,B
2021-06-22T13:00:12,100.0,50.9,B
2021-06-22T13:00:12,600.0,50.9,B
2021-06-22T13:00:12,500.0,50.9,B
2021-06-22T13:00:12,1000.0,50.9,B
2021-06-22T13:00:09,200.0,50.9,B
2021-06-22T13:00:09,1000.0,50.9,B
2021-06-22T13:00:08,1000.0,50.9,B
2021-06-22T13:00:08,500.0,50.9,B
2021-06-22T13:00:08,200.0,50.9,B
2021-06-22T13:00:08,1200.0,50.9,B
2021-06-22T13:00:08,3000.0,50.9,B
2021-06-22T13:00:08,2000.0,50.9,B
2021-06-22T13:00:08,1000.0,50.9,B
2021-06-22T13:00:08,100.0,50.8,S
2021-06-22T13:00:08,2000.0,50.9,B
2021-06-22T13:00:08,2000.0,50.9,B
2021-06-22T13:00:08,100.0,50.9,B
2021-06-22T13:00:08,4200.0,50.9,B
2021-06-22T13:00:08,50000.0,50.9,B
2021-06-22T13:00:08,100.0,50.9,B
2021-06-22T13:00:07,200.0,50.9,B
2021-06-22T13:00:06,100.0,50.9,B
2021-06-22T13:00:06,3000.0,50.8,S
2021-06-22T13:00:06,2500.0,50.8,S
2021-06-22T11:30:12,2000.0,50.9,B
2021-06-22T11:30:05,200.0,50.9,B
2021-06-22T11:29:57,1000.0,50.9,B
2021-06-22T11:29:55,100.0,50.9,B
2021-06-22T11:29:52,200.0,50.8,S
2021-06-22T11:29:50,300.0,50.9,B
2021-06-22T11:29:44,5000.0,50.9,B
2021-06-22T11:29:44,2000.0,50.9,B
2021-06-22T11:29:39,2000.0,50.8,S
2021-06-22T11:29:26,5000.0,50.9,B
2021-06-22T11:29:26,1500.0,50.9,B
2021-06-22T11:29:23,2000.0,50.9,B
2021-06-22T11:29:19,4000.0,50.9,B
2021-06-22T11:29:13,2000.0,50.9,B
2021-06-22T11:29:08,7100.0,50.9,B
2021-06-22T11:29:07,2000.0,50.9,B
2021-06-22T11:29:06,1100.0,50.9,B
2021-06-22T11:29:06,4200.0,50.9,B
2021-06-22T11:29:06,4000.0,50.9,B
2021-06-22T11:29:06,40700.0,50.9,B
2021-06-22T11:29:06,500.0,50.9,B
2021-06-22T11:28:57,1100.0,50.9,B
2021-06-22T11:28:52,300.0,50.9,B
2021-06-22T11:28:46,1300.0,50.9,B
2021-06-22T11:28:45,1500.0,50.8,S
2021-06-22T11:28:41,30000.0,50.9,B
2021-06-22T11:28:39,100.0,50.8,S
2021-06-22T11:28:38,400.0,50.9,B
2021-06-22T11:28:38,700.0,50.9,B
2021-06-22T11:28:37,1000.0,50.9,B
2021-06-22T11:28:36,200.0,50.9,B
2021-06-22T11:28:35,1000.0,50.9,B
2021-06-22T11:28:32,1000.0,50.9,B
2021-06-22T11:28:30,3000.0,50.9,B
2021-06-22T11:28:30,500.0,50.8,S
2021-06-22T11:28:19,4500.0,50.9,B
2021-06-22T11:28:19,1000.0,50.9,B
2021-06-22T11:28:09,1000.0,50.9,B
2021-06-22T11:28:05,9600.0,50.9,B
2021-06-22T11:28:02,200.0,50.9,B
2021-06-22T11:28:01,1000.0,50.9,B
2021-06-22T11:27:51,1800.0,50.9,B
2021-06-22T11:27:48,2000.0,50.9,B
2021-06-22T11:27:43,200.0,50.9,B
2021-06-22T11:27:37,1000.0,50.9,B
2021-06-22T11:27:33,500.0,50.9,B
2021-06-22T11:27:32,100.0,50.9,B
2021-06-22T11:27:20,200.0,50.9,B
2021-06-22T11:27:20,100.0,50.9,B
2021-06-22T11:27:14,100.0,50.9,B
2021-06-22T11:27:13,3000.0,50.8,S
2021-06-22T11:27:11,1000.0,50.9,B
2021-06-22T11:27:07,200.0,50.9,B
2021-06-22T11:27:01,2000.0,50.9,B
2021-06-22T11:26:59,500.0,50.9,B
2021-06-22T11:26:56,2000.0,50.9,B
2021-06-22T11:26:56,300.0,50.9,B
2021-06-22T11:26:53,200.0,50.9,B
2021-06-22T11:26:49,3000.0,50.8,S
2021-06-22T11:26:48,1300.0,50.9,B
2021-06-22T11:26:47,100.0,50.9,B
2021-06-22T11:26:46,100.0,50.9,B
2021-06-22T11:26:38,2000.0,50.9,B
2021-06-22T11:26:34,3000.0,50.9,B
2021-06-22T11:26:32,5000.0,50.9,B
2021-06-22T11:26:28,1500.0,50.9,B
2021-06-22T11:26:12,600.0,50.9,B
2021-06-22T11:25:59,100.0,50.9,B
2021-06-22T11:25:41,2000.0,50.9,B
2021-06-22T11:25:22,200.0,50.8,S
2021-06-22T11:25:21,1000.0,50.9,B
2021-06-22T11:25:08,100.0,50.9,B
2021-06-22T11:24:59,50000.0,50.8,S
2021-06-22T11:24:45,400.0,50.9,B
2021-06-22T11:24:34,5000.0,50.8,S
2021-06-22T11:24:31,2800.0,50.8,B
2021-06-22T11:24:30,2000.0,50.8,B
2021-06-22T11:24:30,100.0,50.8,B
2021-06-22T11:24:29,2000.0,50.8,B
2021-06-22T11:24:27,500.0,50.8,B
2021-06-22T11:24:27,500.0,50.8,B
2021-06-22T11:24:25,10000.0,50.8,B
2021-06-22T11:24:25,3000.0,50.8,B
2021-06-22T11:24:23,200.0,50.8,B
2021-06-22T11:24:22,1000.0,50.8,B
2021-06-22T11:24:20,700.0,50.8,B
2021-06-22T11:24:19,1000.0,50.8,B
2021-06-22T11:24:18,500.0,50.8,B
2021-06-22T11:24:13,300.0,50.8,S
2021-06-22T11:24:13,6400.0,50.8,S
2021-06-22T11:24:11,700.0,50.8,B
2021-06-22T11:24:11,2300.0,50.8,B
2021-06-22T11:24:09,1000.0,50.8,B
2021-06-22T11:24:09,800.0,50.8,B
2021-06-22T11:24:09,2800.0,50.8,B
2021-06-22T11:24:09,200.0,50.8,B
2021-06-22T11:24:08,1100.0,50.8,B
2021-06-22T11:24:08,200.0,50.8,B
2021-06-22T11:24:07,100.0,50.8,B
2021-06-22T11:24:04,100.0,50.8,B
2021-06-22T11:23:59,1900.0,50.8,B
2021-06-22T11:23:59,300.0,50.8,B
2021-06-22T11:23:59,500.0,50.8,B
2021-06-22T11:23:57,2000.0,50.8,B
2021-06-22T11:23:56,100.0,50.8,B
2021-06-22T11:23:56,600.0,50.8,B
2021-06-22T11:23:55,100.0,50.8,B
2021-06-22T11:23:55,2700.0,50.8,B
2021-06-22T11:23:53,100.0,50.8,B
2021-06-22T11:23:52,700.0,50.8,B
2021-06-22T11:23:52,10000.0,50.8,B
2021-06-22T11:23:52,200.0,50.8,B
2021-06-22T11:23:51,300.0,50.8,B
2021-06-22T11:23:50,400.0,50.8,B
2021-06-22T11:23:49,5000.0,50.8,B
2021-06-22T11:23:47,300.0,50.8,B
2021-06-22T11:23:45,11000.0,50.8,B
2021-06-22T11:23:44,500.0,50.8,B
2021-06-22T11:23:42,2200.0,50.8,B
2021-06-22T11:23:38,500.0,50.8,B
2021-06-22T11:23:38,2000.0,50.8,B
2021-06-22T11:23:36,1000.0,50.8,B
2021-06-22T11:23:34,200.0,50.8,B
2021-06-22T11:23:34,500.0,50.8,B
2021-06-22T11:23:33,500.0,50.8,B
2021-06-22T11:23:33,1000.0,50.8,B
2021-06-22T11:23:31,2000.0,50.8,B
2021-06-22T11:23:25,700.0,50.8,B
2021-06-22T11:23:24,2000.0,50.8,B
2021-06-22T11:23:22,2000.0,50.8,B
2021-06-22T11:23:17,3000.0,50.8,B
2021-06-22T11:23:16,5000.0,50.8,B
2021-06-22T11:23:15,100.0,50.8,B
2021-06-22T11:23:15,200.0,50.8,B
2021-06-22T11:23:04,1000.0,50.8,B
2021-06-22T11:23:01,500.0,50.8,B
2021-06-22T11:22:57,100.0,50.8,B
2021-06-22T11:22:57,200.0,50.8,B
2021-06-22T11:22:57,500.0,50.8,B
2021-06-22T11:22:56,100.0,50.8,B
2021-06-22T11:22:56,2000.0,50.8,B
2021-06-22T11:22:52,100.0,50.8,B
2021-06-22T11:22:51,5000.0,50.8,B
2021-06-22T11:22:47,400.0,50.8,B
2021-06-22T11:22:46,1000.0,50.8,B
2021-06-22T11:22:44,2000.0,50.8,B
2021-06-22T11:22:44,2000.0,50.8,B
2021-06-22T11:22:39,300.0,50.8,B
2021-06-22T11:22:38,100.0,50.8,B
2021-06-22T11:22:25,38700.0,50.8,B
2021-06-22T11:22:25,11300.0,50.8,B
2021-06-22T11:22:20,300.0,50.8,B
2021-06-22T11:22:18,300.0,50.8,B
2021-06-22T11:22:16,200.0,50.8,B
2021-06-22T11:22:12,1000.0,50.7,S
2021-06-22T11:22:06,100.0,50.8,B
2021-06-22T11:21:58,100.0,50.8,B
2021-06-22T11:21:56,300.0,50.7,S
2021-06-22T11:21:56,500.0,50.8,B
2021-06-22T11:21:54,200.0,50.8,B
2021-06-22T11:21:53,5000.0,50.8,B
2021-06-22T11:21:49,5000.0,50.8,B
2021-06-22T11:21:28,100.0,50.8,B
2021-06-22T11:21:27,400.0,50.7,S
2021-06-22T11:21:24,2000.0,50.8,B
2021-06-22T11:21:22,1000.0,50.8,B
2021-06-22T11:21:22,400.0,50.8,B
2021-06-22T11:21:17,1300.0,50.8,B
2021-06-22T11:21:17,4300.0,50.7,S
2021-06-22T11:21:17,2500.0,50.7,S
2021-06-22T11:21:17,500.0,50.7,S
2021-06-22T11:21:17,300.0,50.7,S
2021-06-22T11:21:17,2400.0,50.7,S
2021-06-22T11:21:08,1500.0,50.8,B
2021-06-22T11:21:05,300.0,50.8,B
2021-06-22T11:21:04,1000.0,50.8,B
2021-06-22T11:21:03,300.0,50.8,B
2021-06-22T11:21:03,500.0,50.8,B
2021-06-22T11:21:00,500.0,50.7,S
2021-06-22T11:20:58,2300.0,50.8,B
2021-06-22T11:20:52,100.0,50.8,B
2021-06-22T11:20:50,100.0,50.8,B
2021-06-22T11:20:46,400.0,50.8,B
2021-06-22T11:20:38,200.0,50.8,B
2021-06-22T11:20:37,100.0,50.8,B
2021-06-22T11:20:29,1000.0,50.8,B
2021-06-22T11:20:24,500.0,50.7,S
2021-06-22T11:20:23,1000.0,50.8,B
2021-06-22T11:20:16,200.0,50.8,B
2021-06-22T11:20:13,2100.0,50.8,B
2021-06-22T11:20:10,100.0,50.8,B
2021-06-22T11:20:08,500.0,50.7,S
2021-06-22T11:20:06,200.0,50.7,S
2021-06-22T11:20:05,100.0,50.7,S
2021-06-22T11:19:58,200.0,50.8,B
2021-06-22T11:19:54,100.0,50.8,B
2021-06-22T11:19:54,500.0,50.8,B
2021-06-22T11:19:53,2000.0,50.8,B
2021-06-22T11:19:48,1900.0,50.8,B
2021-06-22T11:19:45,500.0,50.8,B
2021-06-22T11:19:44,1300.0,50.8,B
2021-06-22T11:19:39,300.0,50.8,B
2021-06-22T11:19:38,200.0,50.7,S
2021-06-22T11:19:38,2500.0,50.8,B
2021-06-22T11:19:35,8800.0,50.8,B
2021-06-22T11:19:33,5000.0,50.8,B
2021-06-22T11:19:33,300.0,50.8,B
2021-06-22T11:19:31,1100.0,50.8,B
2021-06-22T11:19:29,100.0,50.8,B
2021-06-22T11:19:29,500.0,50.7,S
2021-06-22T11:19:24,500.0,50.8,B
2021-06-22T11:19:22,100.0,50.8,B
2021-06-22T11:19:19,100.0,50.8,B
2021-06-22T11:19:16,200.0,50.8,B
2021-06-22T11:19:16,500.0,50.8,B
2021-06-22T11:19:14,2000.0,50.8,B
2021-06-22T11:19:12,100.0,50.8,B
2021-06-22T11:19:08,1000.0,50.8,B
2021-06-22T11:19:07,200.0,50.8,B
2021-06-22T11:19:05,3000.0,50.8,B
2021-06-22T11:19:03,6000.0,50.8,B
2021-06-22T11:19:03,500.0,50.7,S
2021-06-22T11:19:00,1000.0,50.8,B
2021-06-22T11:18:58,500.0,50.8,B
2021-06-22T11:18:58,200.0,50.8,B
2021-06-22T11:18:54,400.0,50.8,B
2021-06-22T11:18:54,3000.0,50.8,B
2021-06-22T11:18:54,100.0,50.8,B
2021-06-22T11:18:54,700.0,50.8,B
2021-06-22T11:18:44,500.0,50.8,B
2021-06-22T11:18:42,100.0,50.8,B
2021-06-22T11:18:40,200.0,50.8,B
2021-06-22T11:18:38,100.0,50.8,B
2021-06-22T11:18:38,100.0,50.8,B
2021-06-22T11:18:34,100.0,50.7,S
2021-06-22T11:18:23,100.0,50.8,B
2021-06-22T11:18:22,100.0,50.8,B
2021-06-22T11:18:20,100.0,50.8,B
2021-06-22T11:18:08,1000.0,50.8,S
2021-06-22T11:18:06,100.0,50.8,S
2021-06-22T11:18:05,9300.0,50.7,S
2021-06-22T11:18:05,700.0,50.8,S
2021-06-22T11:18:05,1900.0,50.8,S
2021-06-22T11:18:05,3100.0,50.8,S
2021-06-22T11:18:02,400.0,50.9,B
2021-06-22T11:18:00,3600.0,50.8,S
2021-06-22T11:17:52,1500.0,50.8,S
2021-06-22T11:17:49,1000.0,50.8,S
2021-06-22T11:17:47,200.0,50.9,B
2021-06-22T11:17:42,500.0,50.8,S
2021-06-22T11:17:40,1200.0,50.8,S
2021-06-22T11:17:40,5200.0,50.8,S
2021-06-22T11:17:40,1500.0,50.8,S
2021-06-22T11:17:40,10500.0,50.8,S
2021-06-22T11:17:40,100.0,50.8,S
2021-06-22T11:17:40,1100.0,50.8,S
2021-06-22T11:17:40,2100.0,50.8,S
2021-06-22T11:17:40,5200.0,50.8,S
2021-06-22T11:17:40,600.0,50.8,S
2021-06-22T11:17:40,3300.0,50.8,S
2021-06-22T11:17:40,3000.0,50.8,S
2021-06-22T11:17:40,600.0,50.8,S
2021-06-22T11:17:40,700.0,50.8,S
2021-06-22T11:17:40,1400.0,50.8,S
2021-06-22T11:17:40,1500.0,50.8,S
2021-06-22T11:17:37,1000.0,50.9,B
2021-06-22T11:17:35,2000.0,50.8,S
2021-06-22T11:17:35,100.0,50.8,S
2021-06-22T11:17:35,100.0,50.8,S
2021-06-22T11:17:35,1300.0,50.8,S
2021-06-22T11:17:35,1200.0,50.8,S
2021-06-22T11:17:35,13000.0,50.8,S
2021-06-22T11:17:35,200.0,50.8,S
2021-06-22T11:17:34,200.0,50.8,S
2021-06-22T11:17:34,100.0,50.8,S
2021-06-22T11:17:34,200.0,50.8,S
2021-06-22T11:17:34,1000.0,50.8,S
2021-06-22T11:17:34,100.0,50.8,S
2021-06-22T11:17:34,3100.0,50.8,S
2021-06-22T11:17:34,700.0,50.8,S
2021-06-22T11:17:34,400.0,50.8,S
2021-06-22T11:17:34,1900.0,50.8,S
2021-06-22T11:17:34,300.0,50.8,S
2021-06-22T11:17:34,100.0,50.8,S
2021-06-22T11:17:34,400.0,50.8,S
2021-06-22T11:17:34,1700.0,50.8,S
2021-06-22T11:17:34,1500.0,50.8,S
2021-06-22T11:17:34,20400.0,50.8,S
2021-06-22T11:17:32,900.0,50.8,S
2021-06-22T11:17:32,100.0,50.8,S
2021-06-22T11:17:30,800.0,50.8,S
2021-06-22T11:17:30,7000.0,50.8,S
2021-06-22T11:17:30,100.0,50.8,S
2021-06-22T11:17:30,1100.0,50.8,S
2021-06-22T11:17:30,5100.0,50.8,S
2021-06-22T11:17:30,300.0,50.8,S
2021-06-22T11:17:30,6900.0,50.8,S
2021-06-22T11:17:30,28700.0,50.8,S
2021-06-22T11:17:25,500.0,50.9,B
2021-06-22T11:17:25,100.0,50.8,S
2021-06-22T11:17:25,300.0,50.9,B
2021-06-22T11:17:24,1000.0,50.9,B
2021-06-22T11:17:19,1000.0,50.8,S
2021-06-22T11:17:10,100.0,50.9,B
2021-06-22T11:17:09,500.0,50.9,B
2021-06-22T11:17:04,100.0,50.9,B
2021-06-22T11:17:02,1000.0,50.8,S
2021-06-22T11:16:56,1900.0,50.9,B
2021-06-22T11:16:56,200.0,50.9,B
2021-06-22T11:16:52,1000.0,50.9,B
2021-06-22T11:16:51,100.0,50.8,S
2021-06-22T11:16:43,100.0,50.8,S
2021-06-22T11:16:41,100.0,50.9,B
2021-06-22T11:16:39,800.0,50.9,B
2021-06-22T11:16:38,100.0,50.8,S
2021-06-22T11:16:38,100.0,50.9,B
2021-06-22T11:16:37,5000.0,50.9,B
2021-06-22T11:16:36,200.0,50.9,B
2021-06-22T11:16:35,2000.0,50.9,B
2021-06-22T11:16:32,100.0,50.9,B
2021-06-22T11:16:27,2300.0,50.9,B
2021-06-22T11:16:18,100.0,50.9,B
2021-06-22T11:16:18,2000.0,50.9,B
2021-06-22T11:16:18,2000.0,50.8,S
2021-06-22T11:16:18,700.0,50.9,B
2021-06-22T11:16:16,400.0,50.8,S
2021-06-22T11:16:15,300.0,50.9,B
2021-06-22T11:16:13,1300.0,50.9,B
2021-06-22T11:16:13,28000.0,50.8,S
2021-06-22T11:16:12,500.0,50.9,B
2021-06-22T11:16:07,3000.0,50.9,B
2021-06-22T11:16:06,2500.0,50.9,B
2021-06-22T11:16:05,100.0,50.9,B
2021-06-22T11:15:58,100.0,50.9,B
2021-06-22T11:15:54,1000.0,50.9,B
2021-06-22T11:15:45,100.0,50.9,B
2021-06-22T11:15:45,500.0,50.9,B
2021-06-22T11:15:44,200.0,50.9,B
2021-06-22T11:15:43,2000.0,50.9,B
2021-06-22T11:15:38,100.0,50.9,B
2021-06-22T11:15:37,100.0,50.9,B
2021-06-22T11:15:37,100.0,50.9,B
2021-06-22T11:15:36,200.0,50.9,B
2021-06-22T11:15:36,1000.0,50.9,B
2021-06-22T11:15:36,100.0,50.9,B
2021-06-22T11:15:33,1000.0,50.9,B
2021-06-22T11:15:33,400.0,50.8,S
2021-06-22T11:15:33,500.0,50.8,S
2021-06-22T11:15:33,300.0,50.8,S
2021-06-22T11:15:30,200.0,50.9,B
2021-06-22T11:15:29,1000.0,50.8,S
2021-06-22T11:15:28,1000.0,50.8,S
2021-06-22T11:15:19,3200.0,50.9,B
2021-06-22T11:15:14,200.0,50.9,B
2021-06-22T11:15:13,800.0,50.9,B
2021-06-22T11:15:13,200.0,50.9,B
2021-06-22T11:15:10,700.0,50.9,B
2021-06-22T11:15:09,500.0,50.9,B
2021-06-22T11:15:08,200.0,50.9,B
2021-06-22T11:15:05,700.0,50.9,B
2021-06-22T11:15:04,100.0,50.9,B
2021-06-22T11:15:03,300.0,50.9,B
2021-06-22T11:14:57,300.0,50.9,S
2021-06-22T11:14:57,1000.0,50.9,S
2021-06-22T11:14:57,2000.0,50.9,S
2021-06-22T11:14:52,400.0,50.9,S
2021-06-22T11:14:52,100.0,50.9,S
2021-06-22T11:14:49,500.0,50.9,S
2021-06-22T11:14:48,2000.0,50.9,S
2021-06-22T11:14:47,300.0,50.9,S
2021-06-22T11:14:46,300.0,50.8,S
2021-06-22T11:14:46,200.0,50.8,S
2021-06-22T11:14:43,100.0,50.9,S
2021-06-22T11:14:43,500.0,50.9,S
2021-06-22T11:14:41,1000.0,50.9,S
2021-06-22T11:14:40,800.0,50.9,S
2021-06-22T11:14:37,200.0,50.9,S
2021-06-22T11:14:37,800.0,50.9,S
2021-06-22T11:14:37,100.0,50.9,S
2021-06-22T11:14:37,13900.0,50.9,S
2021-06-22T11:14:37,1700.0,50.9,S
2021-06-22T11:14:37,1500.0,50.9,S
2021-06-22T11:14:37,1000.0,50.9,S
2021-06-22T11:14:37,500.0,50.9,S
2021-06-22T11:14:37,4300.0,50.9,S
2021-06-22T11:14:37,1000.0,50.9,S
2021-06-22T11:14:37,3000.0,50.9,S
2021-06-22T11:14:35,10300.0,50.9,S
2021-06-22T11:14:29,1000.0,51.0,B
2021-06-22T11:14:27,200.0,50.9,S
2021-06-22T11:14:25,500.0,50.9,S
2021-06-22T11:14:25,1000.0,50.9,S
2021-06-22T11:14:22,2100.0,51.0,B
2021-06-22T11:14:20,500.0,51.0,B
2021-06-22T11:14:18,100.0,50.9,S
2021-06-22T11:14:18,200.0,50.9,S
2021-06-22T11:14:18,400.0,51.0,B
2021-06-22T11:14:14,500.0,51.0,B
2021-06-22T11:14:12,400.0,51.0,B
2021-06-22T11:14:10,100.0,51.0,B
2021-06-22T11:14:08,2700.0,51.0,B
2021-06-22T11:14:08,3000.0,51.0,B
2021-06-22T11:14:07,1000.0,51.0,B
2021-06-22T11:14:07,4600.0,50.9,S
2021-06-22T11:14:07,5400.0,50.9,S
2021-06-22T11:14:06,2000.0,50.9,S
2021-06-22T11:14:03,500.0,51.0,B
2021-06-22T11:14:01,200.0,51.0,B
2021-06-22T11:13:58,1200.0,51.0,B
2021-06-22T11:13:58,1600.0,50.9,S
2021-06-22T11:13:58,1400.0,50.9,S
2021-06-22T11:13:54,100.0,50.9,S
2021-06-22T11:13:42,1600.0,50.9,S
2021-06-22T11:13:42,2000.0,50.9,S
2021-06-22T11:13:42,700.0,50.9,S
2021-06-22T11:13:42,25700.0,50.9,S
2021-06-22T11:13:41,100.0,51.0,B
2021-06-22T11:13:38,500.0,51.0,B
2021-06-22T11:13:38,9500.0,50.9,S
2021-06-22T11:13:38,200.0,50.9,S
2021-06-22T11:13:38,3100.0,50.9,S
2021-06-22T11:13:38,1800.0,50.9,S
2021-06-22T11:13:38,6500.0,50.9,S
2021-06-22T11:13:38,2000.0,50.9,S
2021-06-22T11:13:38,16200.0,50.9,S
2021-06-22T11:13:38,10700.0,50.9,S
2021-06-22T11:13:37,1000.0,50.9,S
2021-06-22T11:13:37,2000.0,51.0,B
2021-06-22T11:13:37,100.0,51.0,B
2021-06-22T11:13:30,1000.0,51.0,B
2021-06-22T11:13:27,1100.0,51.0,B
2021-06-22T11:13:26,500.0,51.0,B
2021-06-22T11:13:17,500.0,51.0,B
2021-06-22T11:13:14,2200.0,50.9,S
2021-06-22T11:13:14,3000.0,50.9,S
2021-06-22T11:13:13,3800.0,50.9,S
2021-06-22T11:13:12,100.0,51.0,B
2021-06-22T11:13:09,400.0,50.9,S
2021-06-22T11:13:06,1000.0,51.0,B
2021-06-22T11:12:58,600.0,51.0,B
2021-06-22T11:12:54,7000.0,51.0,B
2021-06-22T11:12:52,500.0,50.9,S
2021-06-22T11:12:52,3500.0,51.0,B
2021-06-22T11:12:50,100.0,51.0,B
2021-06-22T11:12:50,1000.0,50.9,S
2021-06-22T11:12:50,400.0,51.0,B
2021-06-22T11:12:42,700.0,51.0,B
2021-06-22T11:12:42,3000.0,51.0,B
2021-06-22T11:12:42,2000.0,51.0,B
2021-06-22T11:12:40,15000.0,51.0,B
2021-06-22T11:12:37,500.0,51.0,B
2021-06-22T11:12:30,5000.0,51.0,B
2021-06-22T11:12:29,100.0,51.0,B
2021-06-22T11:12:26,300.0,51.0,B
2021-06-22T11:12:19,100.0,50.9,S
2021-06-22T11:12:19,100.0,51.0,B
2021-06-22T11:12:19,15000.0,51.0,B
2021-06-22T11:12:17,500.0,51.0,B
2021-06-22T11:12:16,500.0,51.0,B
2021-06-22T11:12:15,3300.0,51.0,B
2021-06-22T11:12:15,100.0,51.0,B
2021-06-22T11:12:13,100.0,51.0,B
2021-06-22T11:12:13,2000.0,51.0,B
2021-06-22T11:12:12,100.0,51.0,B
2021-06-22T11:12:06,5000.0,51.0,B
2021-06-22T11:12:04,200.0,51.0,B
2021-06-22T11:12:02,5000.0,51.0,B
2021-06-22T11:12:02,1000.0,51.0,B
2021-06-22T11:12:02,5000.0,51.0,B
2021-06-22T11:11:59,1200.0,51.0,B
2021-06-22T11:11:56,200.0,51.0,B
2021-06-22T11:11:54,1400.0,50.9,S
2021-06-22T11:11:52,500.0,51.0,B
2021-06-22T11:11:51,1000.0,51.0,B
2021-06-22T11:11:50,1400.0,50.9,S
2021-06-22T11:11:46,2000.0,51.0,B
2021-06-22T11:11:46,500.0,51.0,B
2021-06-22T11:11:45,500.0,51.0,B
2021-06-22T11:11:45,1000.0,50.9,S
2021-06-22T11:11:45,5000.0,51.0,B
2021-06-22T11:11:44,3000.0,51.0,B
2021-06-22T11:11:43,100.0,51.0,B
2021-06-22T11:11:39,300.0,51.0,B
2021-06-22T11:11:38,100.0,51.0,B
2021-06-22T11:11:36,600.0,51.0,B
2021-06-22T11:11:30,800.0,50.9,S
2021-06-22T11:11:29,700.0,51.0,B
2021-06-22T11:11:29,800.0,51.0,B
2021-06-22T11:11:28,500.0,51.0,B
2021-06-22T11:11:27,100.0,51.0,B
2021-06-22T11:11:27,1500.0,51.0,B
2021-06-22T11:11:26,100.0,51.0,B
2021-06-22T11:11:25,1000.0,51.0,B
2021-06-22T11:11:25,10000.0,51.0,B
2021-06-22T11:11:18,10000.0,51.0,B
2021-06-22T11:11:16,700.0,51.0,B
2021-06-22T11:11:14,300.0,51.0,B
2021-06-22T11:11:14,1000.0,51.0,B
2021-06-22T11:11:14,900.0,51.0,B
2021-06-22T11:11:10,100.0,51.0,B
2021-06-22T11:11:08,200.0,51.0,B
2021-06-22T11:11:08,400.0,51.0,B
2021-06-22T11:11:08,300.0,51.0,B
2021-06-22T11:11:08,500.0,51.0,B
2021-06-22T11:11:05,1000.0,50.9,S
2021-06-22T11:11:04,1200.0,51.0,S
2021-06-22T11:11:04,1000.0,51.0,S
2021-06-22T11:11:04,6200.0,51.0,S
2021-06-22T11:11:04,2300.0,51.0,S
2021-06-22T11:11:02,300.0,51.0,S
2021-06-22T11:11:01,26000.0,51.1,B
2021-06-22T11:10:59,700.0,51.0,S
2021-06-22T11:10:59,300.0,51.0,S
2021-06-22T11:10:57,100.0,51.1,B
2021-06-22T11:10:52,1000.0,51.0,S
2021-06-22T11:10:52,100.0,51.0,S
2021-06-22T11:10:49,400.0,51.0,S
2021-06-22T11:10:49,200.0,51.0,S
2021-06-22T11:10:49,11200.0,51.0,S
2021-06-22T11:10:49,2000.0,51.0,S
2021-06-22T11:10:47,800.0,51.0,S
2021-06-22T11:10:45,300.0,51.0,S
2021-06-22T11:10:45,2000.0,51.0,S
2021-06-22T11:10:44,3000.0,51.1,B
2021-06-22T11:10:43,500.0,51.0,S
2021-06-22T11:10:38,200.0,51.0,S
2021-06-22T11:10:38,500.0,51.1,B
2021-06-22T11:10:37,400.0,51.0,S
2021-06-22T11:10:36,900.0,51.0,S
2021-06-22T11:10:36,5000.0,51.0,S
2021-06-22T11:10:32,12700.0,51.0,B
2021-06-22T11:10:32,100.0,51.0,B
2021-06-22T11:10:30,100.0,51.0,B
2021-06-22T11:10:29,400.0,51.0,B
2021-06-22T11:10:26,5300.0,51.0,B
2021-06-22T11:10:26,1000.0,51.0,B
2021-06-22T11:10:25,100.0,51.0,B
2021-06-22T11:10:24,500.0,51.0,B
2021-06-22T11:10:24,100.0,51.0,B
2021-06-22T11:10:22,5000.0,51.0,B
2021-06-22T11:10:22,1000.0,51.0,B
2021-06-22T11:10:22,500.0,51.0,B
2021-06-22T11:10:21,100.0,51.0,B
2021-06-22T11:10:21,2000.0,51.0,B
2021-06-22T11:10:20,500.0,51.0,B
2021-06-22T11:10:18,100.0,51.0,B
2021-06-22T11:10:15,700.0,51.0,B
2021-06-22T11:10:15,300.0,51.0,B
2021-06-22T11:10:14,200.0,51.0,S
2021-06-22T11:10:13,100.0,51.0,S
2021-06-22T11:10:13,300.0,51.0,S
2021-06-22T11:10:12,5100.0,51.0,S
2021-06-22T11:10:12,12200.0,51.0,S
2021-06-22T11:10:12,5600.0,51.0,S
2021-06-22T11:10:12,5900.0,51.0,S
