tradingTime,volume,price,side
2021-06-22T14:29:11,5000.0,20.2,S
2021-06-22T14:27:57,900.0,20.2,S
2021-06-22T14:27:33,100.0,20.3,B
2021-06-22T14:25:50,500.0,20.3,B
2021-06-22T14:25:50,4500.0,20.3,B
2021-06-22T14:25:30,800.0,20.2,S
2021-06-22T14:25:25,100.0,20.25,S
2021-06-22T14:25:05,300.0,20.25,S
2021-06-22T14:24:11,4000.0,20.25,B
2021-06-22T14:23:37,100.0,20.25,B
2021-06-22T14:22:05,5000.0,20.2,S
2021-06-22T14:21:53,100.0,20.2,S
2021-06-22T14:20:52,100.0,20.2,S
2021-06-22T14:19:40,1100.0,20.2,S
2021-06-22T14:19:40,600.0,20.2,S
2021-06-22T14:19:39,800.0,20.2,S
2021-06-22T14:18:55,100.0,20.2,S
2021-06-22T14:18:51,500.0,20.2,S
2021-06-22T14:18:17,500.0,20.2,S
2021-06-22T14:17:07,1300.0,20.25,B
2021-06-22T14:16:27,1300.0,20.2,S
2021-06-22T14:16:27,3100.0,20.2,S
2021-06-22T14:16:27,400.0,20.2,S
2021-06-22T14:16:12,5000.0,20.2,S
2021-06-22T14:15:22,1000.0,20.25,B
2021-06-22T14:15:19,3000.0,20.2,S
2021-06-22T14:14:52,500.0,20.2,S
2021-06-22T14:13:37,900.0,20.25,S
2021-06-22T14:13:37,1200.0,20.25,S
2021-06-22T14:13:37,500.0,20.25,S
2021-06-22T14:13:37,6100.0,20.25,S
2021-06-22T14:10:00,800.0,20.25,S
2021-06-22T14:09:58,300.0,20.25,S
2021-06-22T14:08:51,6000.0,20.25,S
2021-06-22T14:07:35,100.0,20.3,B
2021-06-22T14:06:34,100.0,20.3,B
2021-06-22T14:05:58,1000.0,20.3,S
2021-06-22T14:02:34,300.0,20.3,S
2021-06-22T14:02:09,200.0,20.35,B
2021-06-22T14:02:09,600.0,20.35,B
2021-06-22T14:01:10,800.0,20.3,B
2021-06-22T14:00:50,600.0,20.3,B
2021-06-22T14:00:41,500.0,20.3,B
2021-06-22T14:00:11,1000.0,20.3,B
2021-06-22T13:59:49,100.0,20.3,B
2021-06-22T13:59:23,100.0,20.3,B
2021-06-22T13:56:09,400.0,20.25,S
2021-06-22T13:55:15,700.0,20.25,S
2021-06-22T13:55:03,100.0,20.25,S
2021-06-22T13:53:58,500.0,20.25,S
2021-06-22T13:52:04,1500.0,20.25,S
2021-06-22T13:43:38,300.0,20.25,S
2021-06-22T13:43:38,3000.0,20.25,S
2021-06-22T13:43:35,15000.0,20.35,B
2021-06-22T13:43:22,13400.0,20.3,B
2021-06-22T13:43:06,2200.0,20.25,S
2021-06-22T13:42:52,800.0,20.25,S
2021-06-22T13:42:10,4200.0,20.25,B
2021-06-22T13:41:35,1000.0,20.25,B
2021-06-22T13:40:31,100.0,20.25,B
2021-06-22T13:38:15,700.0,20.25,B
2021-06-22T13:37:21,1000.0,20.25,S
2021-06-22T13:37:20,9400.0,20.25,S
2021-06-22T13:36:22,2000.0,20.25,S
2021-06-22T13:36:19,100.0,20.25,S
2021-06-22T13:35:48,1200.0,20.25,B
2021-06-22T13:35:01,2000.0,20.25,B
2021-06-22T13:34:38,5000.0,20.25,B
2021-06-22T13:33:54,5000.0,20.2,S
2021-06-22T13:33:49,1000.0,20.25,B
2021-06-22T13:33:46,800.0,20.2,S
2021-06-22T13:33:43,600.0,20.2,S
2021-06-22T13:33:34,200.0,20.25,B
2021-06-22T13:33:18,1000.0,20.25,B
2021-06-22T13:31:46,5600.0,20.25,S
2021-06-22T13:31:25,7000.0,20.25,S
2021-06-22T13:28:57,300.0,20.25,S
2021-06-22T13:27:47,6000.0,20.25,S
2021-06-22T13:26:22,3000.0,20.25,S
2021-06-22T13:26:14,300.0,20.25,S
2021-06-22T13:25:34,1500.0,20.25,S
2021-06-22T13:24:18,100.0,20.25,S
2021-06-22T13:23:29,1000.0,20.25,S
2021-06-22T13:22:05,100.0,20.25,S
2021-06-22T13:21:57,900.0,20.25,S
2021-06-22T13:20:18,1900.0,20.25,B
2021-06-22T13:20:09,500.0,20.25,B
2021-06-22T13:19:43,600.0,20.25,S
2021-06-22T13:19:11,100.0,20.25,S
2021-06-22T13:19:03,100.0,20.25,S
2021-06-22T13:18:17,300.0,20.25,B
2021-06-22T13:18:06,1000.0,20.25,B
2021-06-22T13:17:49,100.0,20.2,S
2021-06-22T13:17:31,2600.0,20.25,S
2021-06-22T13:17:16,1000.0,20.25,S
2021-06-22T13:16:32,1500.0,20.25,S
2021-06-22T13:16:08,100.0,20.25,S
2021-06-22T13:16:02,2000.0,20.25,S
2021-06-22T13:15:20,1000.0,20.25,S
2021-06-22T13:15:13,200.0,20.3,B
2021-06-22T13:15:11,400.0,20.25,S
2021-06-22T13:15:08,100.0,20.25,S
2021-06-22T13:13:56,100.0,20.25,S
2021-06-22T13:13:33,900.0,20.25,S
2021-06-22T13:13:24,100.0,20.25,S
2021-06-22T13:13:09,900.0,20.25,S
2021-06-22T13:11:26,100.0,20.3,B
2021-06-22T13:10:56,300.0,20.3,B
2021-06-22T13:09:25,100.0,20.25,S
2021-06-22T13:08:37,500.0,20.25,S
2021-06-22T13:08:35,1000.0,20.25,S
2021-06-22T13:06:45,200.0,20.25,B
2021-06-22T13:06:44,100.0,20.25,B
2021-06-22T13:06:19,100.0,20.25,B
2021-06-22T13:06:16,400.0,20.25,B
2021-06-22T13:06:16,100.0,20.25,B
2021-06-22T13:06:05,200.0,20.25,B
2021-06-22T13:05:57,200.0,20.25,B
2021-06-22T13:05:41,300.0,20.25,B
2021-06-22T13:04:27,500.0,20.25,B
2021-06-22T13:03:46,400.0,20.25,B
2021-06-22T13:03:23,500.0,20.25,B
2021-06-22T13:03:14,100.0,20.25,B
2021-06-22T13:01:44,1000.0,20.25,B
2021-06-22T13:01:41,900.0,20.2,S
2021-06-22T13:01:41,700.0,20.2,S
2021-06-22T13:01:41,9500.0,20.2,S
2021-06-22T13:00:56,200.0,20.25,B
2021-06-22T13:00:56,2800.0,20.25,B
2021-06-22T13:00:54,200.0,20.25,B
2021-06-22T13:00:37,100.0,20.2,S
2021-06-22T13:00:14,100.0,20.25,B
2021-06-22T13:00:12,200.0,20.25,B
2021-06-22T11:29:54,500.0,20.2,S
2021-06-22T11:29:37,300.0,20.25,B
2021-06-22T11:29:01,100.0,20.25,B
2021-06-22T11:28:01,100.0,20.25,B
2021-06-22T11:27:44,200.0,20.25,B
2021-06-22T11:27:33,100.0,20.25,B
2021-06-22T11:27:15,100.0,20.25,B
2021-06-22T11:26:30,800.0,20.25,B
2021-06-22T11:26:25,500.0,20.25,B
2021-06-22T11:25:30,900.0,20.2,S
2021-06-22T11:25:30,100.0,20.25,S
2021-06-22T11:24:04,400.0,20.2,S
2021-06-22T11:24:04,500.0,20.25,S
2021-06-22T11:24:03,2100.0,20.25,S
2021-06-22T11:23:36,600.0,20.3,B
2021-06-22T11:19:54,100.0,20.3,B
2021-06-22T11:19:00,1100.0,20.25,S
2021-06-22T11:19:00,400.0,20.25,S
2021-06-22T11:18:52,100.0,20.3,B
2021-06-22T11:18:45,100.0,20.25,S
2021-06-22T11:18:18,100.0,20.25,S
2021-06-22T11:17:30,100.0,20.25,B
2021-06-22T11:17:26,300.0,20.25,B
2021-06-22T11:17:15,200.0,20.25,B
2021-06-22T11:16:38,100.0,20.25,S
2021-06-22T11:16:32,2200.0,20.2,S
2021-06-22T11:16:32,1000.0,20.2,S
2021-06-22T11:16:32,4200.0,20.2,S
2021-06-22T11:16:32,2600.0,20.25,S
2021-06-22T11:15:48,3000.0,20.25,S
2021-06-22T11:13:07,300.0,20.35,S
2021-06-22T11:12:59,200.0,20.4,S
2021-06-22T11:12:42,300.0,20.4,S
2021-06-22T11:11:32,500.0,20.45,S
2021-06-22T11:10:59,500.0,20.45,S
2021-06-22T11:10:01,4700.0,20.5,S
2021-06-22T11:10:00,1000.0,20.5,S
2021-06-22T11:09:31,300.0,20.5,S
2021-06-22T11:05:17,1400.0,20.5,S
2021-06-22T11:04:18,900.0,20.6,B
2021-06-22T11:04:18,100.0,20.6,B
2021-06-22T11:04:14,300.0,20.6,B
2021-06-22T11:03:54,1000.0,20.6,B
2021-06-22T11:02:45,500.0,20.6,B
2021-06-22T11:02:40,1000.0,20.6,B
2021-06-22T11:02:31,1500.0,20.6,B
2021-06-22T11:02:03,1700.0,20.6,B
2021-06-22T11:01:58,1400.0,20.55,B
2021-06-22T11:01:48,300.0,20.5,S
2021-06-22T11:01:14,400.0,20.5,S
2021-06-22T11:01:08,1600.0,20.55,B
2021-06-22T11:00:47,2000.0,20.5,S
2021-06-22T11:00:16,1000.0,20.5,S
2021-06-22T10:58:51,13400.0,20.5,B
2021-06-22T10:57:52,1000.0,20.3,B
2021-06-22T10:56:26,9000.0,20.3,B
2021-06-22T10:56:26,3000.0,20.3,B
2021-06-22T10:56:20,1300.0,20.25,B
2021-06-22T10:56:05,100.0,20.25,B
2021-06-22T10:56:01,2200.0,20.3,B
2021-06-22T10:55:47,1000.0,20.25,B
2021-06-22T10:55:43,100.0,20.25,B
2021-06-22T10:55:36,100.0,20.25,B
2021-06-22T10:55:04,1100.0,20.25,B
2021-06-22T10:55:00,1000.0,20.25,B
2021-06-22T10:55:00,100.0,20.2,S
2021-06-22T10:55:00,100.0,20.25,B
2021-06-22T10:54:49,1000.0,20.25,B
2021-06-22T10:54:45,1700.0,20.25,B
2021-06-22T10:54:39,400.0,20.25,B
2021-06-22T10:54:37,100.0,20.25,B
2021-06-22T10:54:10,1000.0,20.25,B
2021-06-22T10:53:50,1500.0,20.25,B
2021-06-22T10:53:34,1300.0,20.25,B
2021-06-22T10:53:34,700.0,20.25,B
2021-06-22T10:52:35,500.0,20.25,B
2021-06-22T10:51:37,100.0,20.25,B
2021-06-22T10:51:26,500.0,20.25,B
2021-06-22T10:51:25,1000.0,20.25,B
2021-06-22T10:51:23,100.0,20.25,B
2021-06-22T10:51:23,400.0,20.25,B
2021-06-22T10:51:13,1000.0,20.25,B
2021-06-22T10:50:24,1000.0,20.25,B
2021-06-22T10:49:23,2500.0,20.2,S
2021-06-22T10:48:29,100.0,20.25,B
2021-06-22T10:48:16,1000.0,20.2,S
2021-06-22T10:48:13,1000.0,20.25,B
2021-06-22T10:48:11,500.0,20.25,B
2021-06-22T10:48:09,500.0,20.25,B
2021-06-22T10:47:20,100.0,20.25,B
2021-06-22T10:47:13,5600.0,20.2,S
2021-06-22T10:47:13,4000.0,20.2,S
2021-06-22T10:46:11,500.0,20.25,B
2021-06-22T10:45:01,200.0,20.2,S
2021-06-22T10:44:36,2200.0,20.25,S
2021-06-22T10:43:22,800.0,20.3,S
2021-06-22T10:43:08,200.0,20.25,S
2021-06-22T10:42:54,600.0,20.25,S
2021-06-22T10:42:53,400.0,20.25,S
2021-06-22T10:42:49,600.0,20.25,S
2021-06-22T10:42:20,2000.0,20.25,S
2021-06-22T10:40:33,1000.0,20.25,S
2021-06-22T10:39:21,1000.0,20.35,B
2021-06-22T10:38:23,100.0,20.3,S
2021-06-22T10:38:18,100.0,20.3,S
2021-06-22T10:37:31,900.0,20.25,B
2021-06-22T10:37:13,100.0,20.3,S
2021-06-22T10:37:10,400.0,20.3,B
2021-06-22T10:37:09,600.0,20.3,B
2021-06-22T10:36:49,3000.0,20.3,B
2021-06-22T10:36:00,10000.0,20.3,B
2021-06-22T10:35:31,400.0,20.3,B
2021-06-22T10:35:23,100.0,20.2,S
2021-06-22T10:34:40,1000.0,20.2,B
2021-06-22T10:34:40,100.0,20.2,B
2021-06-22T10:34:20,500.0,20.2,B
2021-06-22T10:33:47,500.0,20.2,B
2021-06-22T10:33:23,100.0,20.2,B
2021-06-22T10:33:02,600.0,20.2,B
2021-06-22T10:32:34,2000.0,20.15,S
2021-06-22T10:32:20,200.0,20.2,B
2021-06-22T10:32:14,200.0,20.15,S
2021-06-22T10:31:34,100.0,20.2,B
2021-06-22T10:31:09,2000.0,20.15,S
2021-06-22T10:31:07,300.0,20.15,S
2021-06-22T10:30:51,1400.0,20.1,S
2021-06-22T10:30:51,600.0,20.15,S
2021-06-22T10:30:49,400.0,20.2,B
2021-06-22T10:30:40,800.0,20.15,B
2021-06-22T10:30:37,1000.0,20.15,B
2021-06-22T10:30:33,1900.0,20.15,B
2021-06-22T10:30:24,2000.0,20.15,B
2021-06-22T10:30:21,3000.0,20.15,B
2021-06-22T10:30:17,500.0,20.15,B
2021-06-22T10:30:15,300.0,20.15,B
2021-06-22T10:29:59,200.0,20.15,B
2021-06-22T10:29:16,300.0,20.15,B
2021-06-22T10:29:13,5700.0,20.1,S
2021-06-22T10:28:33,5700.0,20.15,S
2021-06-22T10:28:28,500.0,20.15,S
2021-06-22T10:28:10,1000.0,20.2,B
2021-06-22T10:28:05,500.0,20.2,B
2021-06-22T10:27:17,100.0,20.2,S
2021-06-22T10:27:15,500.0,20.2,S
2021-06-22T10:27:15,100.0,20.2,S
2021-06-22T10:27:15,900.0,20.2,S
2021-06-22T10:27:15,1400.0,20.2,S
2021-06-22T10:27:15,1700.0,20.2,S
2021-06-22T10:27:15,16600.0,20.2,S
2021-06-22T10:27:15,600.0,20.25,B
2021-06-22T10:27:06,4100.0,20.2,S
2021-06-22T10:27:01,1000.0,20.25,B
2021-06-22T10:26:55,1400.0,20.25,B
2021-06-22T10:26:43,500.0,20.2,S
2021-06-22T10:26:28,1000.0,20.25,B
2021-06-22T10:26:20,1500.0,20.25,S
2021-06-22T10:26:20,9000.0,20.25,S
2021-06-22T10:26:13,200.0,20.25,S
2021-06-22T10:25:30,300.0,20.25,S
2021-06-22T10:25:22,1300.0,20.3,S
2021-06-22T10:24:57,100.0,20.3,S
2021-06-22T10:24:42,1600.0,20.3,B
2021-06-22T10:24:34,200.0,20.3,B
2021-06-22T10:24:23,500.0,20.25,S
2021-06-22T10:24:04,5100.0,20.3,S
2021-06-22T10:23:54,400.0,20.35,B
2021-06-22T10:23:19,400.0,20.3,S
2021-06-22T10:22:48,300.0,20.3,S
2021-06-22T10:21:40,300.0,20.3,B
2021-06-22T10:21:39,1000.0,20.3,B
2021-06-22T10:21:13,1200.0,20.3,S
2021-06-22T10:21:13,1500.0,20.3,S
2021-06-22T10:21:10,100.0,20.35,B
2021-06-22T10:20:14,100.0,20.3,S
2021-06-22T10:20:14,3900.0,20.3,S
2021-06-22T10:19:14,300.0,20.3,S
2021-06-22T10:19:10,200.0,20.4,B
2021-06-22T10:18:36,400.0,20.35,B
2021-06-22T10:17:59,100.0,20.35,B
2021-06-22T10:17:53,300.0,20.35,B
2021-06-22T10:17:31,100.0,20.3,S
2021-06-22T10:17:12,2000.0,20.35,B
2021-06-22T10:16:42,2000.0,20.3,S
2021-06-22T10:16:32,200.0,20.3,S
2021-06-22T10:16:19,300.0,20.3,S
2021-06-22T10:16:17,200.0,20.3,B
2021-06-22T10:16:15,2300.0,20.3,B
2021-06-22T10:16:14,300.0,20.2,S
2021-06-22T10:15:42,400.0,20.2,S
2021-06-22T10:15:03,100.0,20.3,B
2021-06-22T10:14:56,100.0,20.3,B
2021-06-22T10:14:47,200.0,20.2,S
2021-06-22T10:14:44,300.0,20.35,B
2021-06-22T10:14:24,200.0,20.2,S
2021-06-22T10:13:58,700.0,20.2,S
2021-06-22T10:13:58,300.0,20.2,S
2021-06-22T10:13:53,100.0,20.3,S
2021-06-22T10:13:49,11300.0,20.3,S
2021-06-22T10:13:45,5000.0,20.35,B
2021-06-22T10:13:24,1000.0,20.3,S
2021-06-22T10:13:23,1000.0,20.3,S
2021-06-22T10:12:40,3000.0,20.3,S
2021-06-22T10:12:36,1000.0,20.35,B
2021-06-22T10:12:29,1600.0,20.3,S
2021-06-22T10:12:08,800.0,20.3,S
2021-06-22T10:11:43,1200.0,20.35,S
2021-06-22T10:11:43,900.0,20.35,S
2021-06-22T10:11:18,1000.0,20.35,S
2021-06-22T10:11:14,100.0,20.4,B
2021-06-22T10:10:57,700.0,20.35,S
2021-06-22T10:10:09,200.0,20.4,B
2021-06-22T10:10:09,300.0,20.4,B
2021-06-22T10:09:39,2000.0,20.4,B
2021-06-22T10:09:30,100.0,20.4,B
2021-06-22T10:09:13,500.0,20.4,B
2021-06-22T10:07:16,100.0,20.4,B
2021-06-22T10:06:24,500.0,20.35,B
2021-06-22T10:06:10,700.0,20.35,S
2021-06-22T10:06:07,300.0,20.35,S
2021-06-22T10:05:36,5000.0,20.4,B
2021-06-22T10:05:25,900.0,20.35,S
2021-06-22T10:05:12,1800.0,20.35,S
2021-06-22T10:04:58,3000.0,20.4,B
2021-06-22T10:04:36,2000.0,20.35,B
2021-06-22T10:04:01,400.0,20.35,B
2021-06-22T10:03:54,400.0,20.35,B
2021-06-22T10:03:53,600.0,20.35,B
2021-06-22T10:03:40,500.0,20.3,S
2021-06-22T10:03:33,200.0,20.35,B
2021-06-22T10:03:12,2000.0,20.35,B
2021-06-22T10:03:01,1100.0,20.35,S
2021-06-22T10:02:06,200.0,20.35,S
2021-06-22T10:01:56,2000.0,20.35,S
2021-06-22T10:01:55,2800.0,20.35,S
2021-06-22T10:01:37,1400.0,20.35,S
2021-06-22T10:01:01,5000.0,20.35,S
2021-06-22T10:00:46,500.0,20.35,S
2021-06-22T09:59:45,800.0,20.35,B
2021-06-22T09:59:45,100.0,20.35,S
2021-06-22T09:59:45,100.0,20.35,S
2021-06-22T09:59:39,500.0,20.35,S
2021-06-22T09:59:39,2000.0,20.35,S
2021-06-22T09:59:38,500.0,20.35,S
2021-06-22T09:59:31,1000.0,20.35,S
2021-06-22T09:59:27,100.0,20.4,B
2021-06-22T09:59:04,100.0,20.35,S
2021-06-22T09:57:52,200.0,20.35,S
2021-06-22T09:57:45,200.0,20.35,S
2021-06-22T09:57:37,500.0,20.4,B
2021-06-22T09:57:24,100.0,20.35,S
2021-06-22T09:57:17,500.0,20.35,S
2021-06-22T09:57:11,100.0,20.4,B
2021-06-22T09:56:57,1000.0,20.4,B
2021-06-22T09:56:55,200.0,20.35,S
2021-06-22T09:56:52,500.0,20.4,B
2021-06-22T09:56:32,7000.0,20.35,S
2021-06-22T09:56:15,500.0,20.4,B
2021-06-22T09:55:49,500.0,20.35,S
2021-06-22T09:55:47,3000.0,20.35,S
2021-06-22T09:55:18,100.0,20.4,B
2021-06-22T09:55:17,200.0,20.4,B
2021-06-22T09:55:11,200.0,20.35,S
2021-06-22T09:54:43,2100.0,20.4,S
2021-06-22T09:54:43,800.0,20.4,S
2021-06-22T09:54:43,400.0,20.4,S
2021-06-22T09:54:43,2600.0,20.4,S
2021-06-22T09:54:43,9700.0,20.4,S
2021-06-22T09:54:43,14000.0,20.4,S
2021-06-22T09:54:43,200.0,20.4,S
2021-06-22T09:54:29,100.0,20.45,S
2021-06-22T09:54:10,100.0,20.45,S
2021-06-22T09:54:07,3800.0,20.45,S
2021-06-22T09:53:59,1000.0,20.5,B
2021-06-22T09:53:48,2000.0,20.45,S
2021-06-22T09:52:57,100.0,20.5,S
2021-06-22T09:52:57,20100.0,20.5,S
2021-06-22T09:52:21,800.0,20.5,S
2021-06-22T09:51:55,100.0,20.55,S
2021-06-22T09:51:50,400.0,20.55,S
2021-06-22T09:51:48,600.0,20.55,S
2021-06-22T09:51:30,2000.0,20.55,S
2021-06-22T09:50:53,3000.0,20.55,S
2021-06-22T09:50:13,100.0,20.6,S
2021-06-22T09:50:12,1100.0,20.6,S
2021-06-22T09:49:55,500.0,20.6,S
2021-06-22T09:48:11,1000.0,20.6,S
2021-06-22T09:47:55,200.0,20.6,S
2021-06-22T09:47:06,600.0,20.6,B
2021-06-22T09:46:54,7000.0,20.6,B
2021-06-22T09:46:07,200.0,20.6,B
2021-06-22T09:44:20,300.0,20.6,B
2021-06-22T09:43:23,600.0,20.6,S
2021-06-22T09:42:57,100.0,20.6,S
2021-06-22T09:42:43,300.0,20.55,S
2021-06-22T09:42:25,11000.0,20.5,S
2021-06-22T09:41:48,1200.0,20.6,B
2021-06-22T09:41:42,500.0,20.6,B
2021-06-22T09:41:32,1900.0,20.6,B
2021-06-22T09:41:32,100.0,20.6,B
2021-06-22T09:41:32,600.0,20.6,B
2021-06-22T09:41:30,400.0,20.6,B
2021-06-22T09:41:16,1000.0,20.6,B
2021-06-22T09:41:12,1000.0,20.6,B
2021-06-22T09:41:02,500.0,20.6,B
2021-06-22T09:40:51,500.0,20.6,B
2021-06-22T09:40:39,500.0,20.6,B
2021-06-22T09:39:47,6800.0,20.5,B
2021-06-22T09:39:37,200.0,20.4,S
2021-06-22T09:38:58,100.0,20.4,S
2021-06-22T09:38:30,1000.0,20.5,B
2021-06-22T09:38:17,1000.0,20.45,B
2021-06-22T09:38:04,500.0,20.4,S
2021-06-22T09:37:42,800.0,20.45,B
2021-06-22T09:37:41,1200.0,20.45,B
2021-06-22T09:37:40,2900.0,20.4,S
2021-06-22T09:37:28,200.0,20.45,B
2021-06-22T09:37:26,2000.0,20.45,B
2021-06-22T09:37:11,2000.0,20.45,B
2021-06-22T09:36:48,300.0,20.45,B
2021-06-22T09:36:25,1000.0,20.4,S
2021-06-22T09:36:16,1100.0,20.45,S
2021-06-22T09:36:13,500.0,20.5,B
2021-06-22T09:36:09,2000.0,20.45,S
2021-06-22T09:36:08,5000.0,20.45,S
2021-06-22T09:35:37,1000.0,20.45,S
2021-06-22T09:35:33,1000.0,20.45,S
2021-06-22T09:35:27,300.0,20.4,S
2021-06-22T09:35:18,300.0,20.45,S
2021-06-22T09:35:07,200.0,20.45,S
2021-06-22T09:35:05,100.0,20.45,S
2021-06-22T09:34:59,500.0,20.45,S
2021-06-22T09:34:45,3000.0,20.45,S
2021-06-22T09:34:29,500.0,20.5,B
2021-06-22T09:34:13,2000.0,20.45,S
2021-06-22T09:33:55,200.0,20.5,S
2021-06-22T09:33:48,1000.0,20.5,S
2021-06-22T09:33:44,2300.0,20.5,S
2021-06-22T09:33:44,100.0,20.5,S
2021-06-22T09:33:22,300.0,20.5,S
2021-06-22T09:33:05,5000.0,20.5,S
2021-06-22T09:33:04,200.0,20.5,S
2021-06-22T09:32:32,2300.0,20.5,S
2021-06-22T09:32:32,5600.0,20.5,S
2021-06-22T09:32:32,100.0,20.5,S
2021-06-22T09:32:30,2000.0,20.5,S
2021-06-22T09:30:25,2000.0,20.6,B
2021-06-22T09:30:22,500.0,20.55,S
2021-06-22T09:28:51,26400.0,20.6,S
2021-06-22T09:28:35,300.0,20.7,B
2021-06-22T09:28:24,3500.0,20.65,S
2021-06-22T09:28:09,400.0,20.65,S
2021-06-22T09:28:04,1800.0,20.65,S
2021-06-22T09:27:51,100.0,20.65,S
2021-06-22T09:27:50,1000.0,20.65,S
2021-06-22T09:27:33,200.0,20.65,S
2021-06-22T09:27:09,500.0,20.65,S
2021-06-22T09:27:06,1000.0,20.7,B
2021-06-22T09:26:55,2000.0,20.7,B
2021-06-22T09:26:01,11500.0,20.7,S
2021-06-22T09:25:39,200.0,20.7,S
2021-06-22T09:25:38,100.0,20.75,S
2021-06-22T09:22:41,100.0,20.7,S
2021-06-22T09:22:28,100.0,21.0,B
2021-06-22T09:22:10,2800.0,20.7,S
2021-06-22T09:21:57,700.0,20.7,S
2021-06-22T09:21:56,1800.0,20.7,S
2021-06-22T09:21:48,100.0,20.7,S
2021-06-22T09:21:00,3100.0,20.7,B
2021-06-22T09:20:59,200.0,20.7,B
2021-06-22T09:20:57,1000.0,20.7,B
2021-06-22T09:20:40,500.0,20.7,B
2021-06-22T09:20:23,200.0,20.7,S
2021-06-22T09:18:09,300.0,20.65,S
2021-06-22T09:17:33,100.0,20.65,S
2021-06-22T09:17:26,200.0,20.6,S
2021-06-22T09:16:27,1600.0,20.6,S
2021-06-22T09:16:16,2100.0,20.6,S
2021-06-22T09:16:16,3700.0,20.65,S
