tradingTime,volume,price,side
2021-06-22T14:30:04,5000.0,6.38,B
2021-06-22T14:29:38,10000.0,6.38,B
2021-06-22T14:29:05,100.0,6.38,B
2021-06-22T14:28:26,4500.0,6.38,S
2021-06-22T14:27:19,300.0,6.39,B
2021-06-22T14:26:16,400.0,6.38,B
2021-06-22T14:26:12,300.0,6.38,B
2021-06-22T14:26:12,5000.0,6.35,S
2021-06-22T14:23:53,3000.0,6.36,S
2021-06-22T14:23:25,500.0,6.36,S
2021-06-22T14:22:55,3000.0,6.36,S
2021-06-22T14:22:42,1000.0,6.36,S
2021-06-22T14:21:21,1000.0,6.36,S
2021-06-22T14:21:00,5000.0,6.38,B
2021-06-22T14:19:00,700.0,6.36,S
2021-06-22T14:19:00,2300.0,6.36,S
2021-06-22T14:18:47,1000.0,6.38,S
2021-06-22T14:18:47,400.0,6.38,S
2021-06-22T14:18:26,100.0,6.38,S
2021-06-22T14:18:16,100.0,6.38,S
2021-06-22T14:18:02,500.0,6.38,S
2021-06-22T14:18:02,100.0,6.38,S
2021-06-22T14:18:01,100.0,6.38,S
2021-06-22T14:17:01,1000.0,6.39,B
2021-06-22T14:16:00,100.0,6.39,B
2021-06-22T14:13:48,300.0,6.39,B
2021-06-22T14:12:26,3400.0,6.39,S
2021-06-22T14:12:26,100.0,6.39,S
2021-06-22T14:12:25,100.0,6.39,S
2021-06-22T14:11:31,2000.0,6.39,S
2021-06-22T14:11:03,100.0,6.4,B
2021-06-22T14:09:40,900.0,6.39,S
2021-06-22T14:09:21,100.0,6.39,S
2021-06-22T14:08:57,400.0,6.39,S
2021-06-22T14:08:46,200.0,6.39,S
2021-06-22T14:06:10,200.0,6.4,B
2021-06-22T14:05:28,1100.0,6.4,B
2021-06-22T14:03:12,2000.0,6.39,S
2021-06-22T14:03:05,1000.0,6.4,B
2021-06-22T14:02:40,1000.0,6.39,S
2021-06-22T13:57:33,200.0,6.4,B
2021-06-22T13:55:59,1000.0,6.4,B
2021-06-22T13:55:37,1200.0,6.39,B
2021-06-22T13:55:15,200.0,6.39,S
2021-06-22T13:55:15,600.0,6.39,S
2021-06-22T13:52:36,100.0,6.4,B
2021-06-22T13:52:18,100.0,6.4,B
2021-06-22T13:51:27,100.0,6.4,S
2021-06-22T13:50:02,1300.0,6.39,S
2021-06-22T13:49:29,2700.0,6.4,S
2021-06-22T13:48:29,1000.0,6.4,S
2021-06-22T13:45:23,500.0,6.4,S
2021-06-22T13:45:09,1900.0,6.4,S
2021-06-22T13:45:05,1000.0,6.4,B
2021-06-22T13:44:33,500.0,6.4,B
2021-06-22T13:43:48,100.0,6.4,S
2021-06-22T13:43:28,1700.0,6.4,S
2021-06-22T13:42:23,1400.0,6.4,B
2021-06-22T13:40:59,500.0,6.4,B
2021-06-22T13:40:42,300.0,6.4,B
2021-06-22T13:40:09,300.0,6.4,B
2021-06-22T13:39:17,500.0,6.4,B
2021-06-22T13:36:57,2000.0,6.4,S
2021-06-22T13:36:05,200.0,6.4,S
2021-06-22T13:34:50,200.0,6.4,B
2021-06-22T13:32:49,900.0,6.4,B
2021-06-22T13:31:07,8900.0,6.4,S
2021-06-22T13:27:49,5700.0,6.4,S
2021-06-22T13:26:56,600.0,6.4,S
2021-06-22T13:26:56,2100.0,6.4,S
2021-06-22T13:26:56,2100.0,6.4,S
2021-06-22T13:26:56,1000.0,6.4,S
2021-06-22T13:26:56,200.0,6.41,S
2021-06-22T13:25:02,300.0,6.41,B
2021-06-22T13:24:39,500.0,6.41,B
2021-06-22T13:24:36,600.0,6.4,S
2021-06-22T13:24:08,3000.0,6.41,S
2021-06-22T13:22:20,2000.0,6.41,B
2021-06-22T13:20:19,1000.0,6.4,S
2021-06-22T13:19:59,300.0,6.4,S
2021-06-22T13:19:41,200.0,6.41,S
2021-06-22T13:16:44,2000.0,6.4,S
2021-06-22T13:16:18,300.0,6.43,B
2021-06-22T13:12:44,400.0,6.4,B
2021-06-22T13:12:21,1000.0,6.4,B
2021-06-22T13:12:16,4600.0,6.4,B
2021-06-22T13:11:36,2500.0,6.4,B
2021-06-22T13:11:12,1600.0,6.4,B
2021-06-22T13:10:11,1100.0,6.4,B
2021-06-22T13:10:05,2000.0,6.39,S
2021-06-22T13:07:25,200.0,6.39,S
2021-06-22T13:01:13,500.0,6.39,S
2021-06-22T13:00:07,100.0,6.4,B
2021-06-22T11:29:45,400.0,6.39,S
2021-06-22T11:25:33,200.0,6.4,B
2021-06-22T11:15:15,600.0,6.39,B
2021-06-22T11:15:10,200.0,6.39,B
2021-06-22T11:14:52,500.0,6.39,S
2021-06-22T11:14:52,500.0,6.39,S
2021-06-22T11:13:59,1300.0,6.4,B
2021-06-22T11:13:43,1100.0,6.4,S
2021-06-22T11:10:22,300.0,6.4,S
2021-06-22T11:08:43,3900.0,6.4,S
2021-06-22T11:08:01,5000.0,6.41,S
2021-06-22T10:59:17,100.0,6.43,B
2021-06-22T10:59:08,2200.0,6.4,S
2021-06-22T10:56:28,12300.0,6.4,B
2021-06-22T10:55:48,1500.0,6.4,B
2021-06-22T10:54:55,1000.0,6.4,B
2021-06-22T10:53:22,700.0,6.39,B
2021-06-22T10:51:39,3900.0,6.4,B
2021-06-22T10:50:40,100.0,6.38,B
2021-06-22T10:50:01,500.0,6.35,S
2021-06-22T10:49:57,3100.0,6.35,S
2021-06-22T10:48:26,3200.0,6.35,S
2021-06-22T10:48:26,13200.0,6.35,S
2021-06-22T10:48:26,2800.0,6.38,S
2021-06-22T10:48:21,200.0,6.38,S
2021-06-22T10:48:11,1000.0,6.38,S
2021-06-22T10:47:50,1000.0,6.38,S
2021-06-22T10:45:41,4700.0,6.36,S
2021-06-22T10:45:39,3600.0,6.37,S
2021-06-22T10:45:14,6100.0,6.39,S
2021-06-22T10:45:05,500.0,6.4,B
2021-06-22T10:42:09,300.0,6.39,S
2021-06-22T10:41:58,300.0,6.4,B
2021-06-22T10:41:42,500.0,6.39,S
2021-06-22T10:40:33,1500.0,6.39,S
2021-06-22T10:40:30,500.0,6.4,B
2021-06-22T10:40:02,100.0,6.4,B
2021-06-22T10:39:45,800.0,6.4,S
2021-06-22T10:39:45,7200.0,6.4,S
2021-06-22T10:39:45,300.0,6.4,S
2021-06-22T10:39:45,500.0,6.4,S
2021-06-22T10:39:43,2300.0,6.4,S
2021-06-22T10:39:43,1500.0,6.4,S
2021-06-22T10:39:43,6100.0,6.4,S
2021-06-22T10:39:43,1800.0,6.4,S
2021-06-22T10:39:43,2000.0,6.41,S
2021-06-22T10:39:43,500.0,6.41,S
2021-06-22T10:39:43,2400.0,6.42,S
2021-06-22T10:34:34,100.0,6.42,S
2021-06-22T10:34:31,1000.0,6.42,S
2021-06-22T10:34:31,2000.0,6.43,B
2021-06-22T10:33:28,3800.0,6.43,B
2021-06-22T10:33:10,5000.0,6.43,B
2021-06-22T10:30:22,800.0,6.43,B
2021-06-22T10:30:04,300.0,6.43,B
2021-06-22T10:29:00,1100.0,6.42,S
2021-06-22T10:26:59,2000.0,6.42,S
2021-06-22T10:25:31,1000.0,6.43,B
2021-06-22T10:24:42,200.0,6.43,B
2021-06-22T10:24:15,100.0,6.43,B
2021-06-22T10:23:17,200.0,6.43,S
2021-06-22T10:23:13,200.0,6.43,S
2021-06-22T10:23:13,1100.0,6.43,S
2021-06-22T10:23:12,2600.0,6.43,S
2021-06-22T10:21:22,1000.0,6.43,S
2021-06-22T10:19:35,100.0,6.44,B
2021-06-22T10:19:31,2000.0,6.43,S
2021-06-22T10:19:01,200.0,6.44,B
2021-06-22T10:16:58,600.0,6.44,B
2021-06-22T10:15:55,500.0,6.44,B
2021-06-22T10:15:55,400.0,6.44,B
2021-06-22T10:15:17,100.0,6.44,B
2021-06-22T10:15:01,100.0,6.44,B
2021-06-22T10:15:00,200.0,6.44,B
2021-06-22T10:14:38,3500.0,6.44,B
2021-06-22T10:14:37,100.0,6.44,B
2021-06-22T10:14:33,200.0,6.44,B
2021-06-22T10:13:49,3000.0,6.43,S
2021-06-22T10:13:27,500.0,6.43,S
2021-06-22T10:13:14,1700.0,6.43,S
2021-06-22T10:11:50,1700.0,6.43,S
2021-06-22T10:09:18,1000.0,6.43,S
2021-06-22T10:09:17,100.0,6.43,S
2021-06-22T10:08:13,500.0,6.44,B
2021-06-22T10:06:37,100.0,6.43,S
2021-06-22T10:05:57,200.0,6.44,B
2021-06-22T10:05:53,500.0,6.44,B
2021-06-22T10:04:58,4400.0,6.44,S
2021-06-22T10:03:35,900.0,6.44,S
2021-06-22T10:03:18,100.0,6.45,B
2021-06-22T10:03:04,300.0,6.44,S
2021-06-22T10:02:18,500.0,6.44,S
2021-06-22T10:01:35,600.0,6.44,S
2021-06-22T10:01:19,3000.0,6.44,S
2021-06-22T10:01:07,3000.0,6.44,S
2021-06-22T10:00:49,200.0,6.45,B
2021-06-22T09:59:55,100.0,6.44,S
2021-06-22T09:59:12,3000.0,6.44,S
2021-06-22T09:59:03,10000.0,6.45,B
2021-06-22T09:57:43,10000.0,6.45,B
2021-06-22T09:57:35,1000.0,6.45,B
2021-06-22T09:53:44,700.0,6.45,B
2021-06-22T09:53:06,700.0,6.45,B
2021-06-22T09:52:26,300.0,6.45,B
2021-06-22T09:52:20,1000.0,6.44,S
2021-06-22T09:49:07,400.0,6.45,B
2021-06-22T09:48:39,100.0,6.45,B
2021-06-22T09:47:43,200.0,6.45,B
2021-06-22T09:47:25,100.0,6.45,S
2021-06-22T09:47:12,200.0,6.45,S
2021-06-22T09:46:54,300.0,6.45,B
2021-06-22T09:46:51,2000.0,6.45,B
2021-06-22T09:46:47,2000.0,6.45,B
2021-06-22T09:46:44,1200.0,6.44,S
2021-06-22T09:46:35,5000.0,6.45,B
2021-06-22T09:45:57,300.0,6.45,B
2021-06-22T09:45:15,100.0,6.45,B
2021-06-22T09:45:08,700.0,6.45,B
2021-06-22T09:44:39,100.0,6.45,B
2021-06-22T09:44:25,400.0,6.45,B
2021-06-22T09:44:12,3500.0,6.45,B
2021-06-22T09:43:32,500.0,6.45,B
2021-06-22T09:43:15,200.0,6.45,B
2021-06-22T09:43:13,500.0,6.45,B
2021-06-22T09:42:51,500.0,6.45,B
2021-06-22T09:41:49,500.0,6.45,B
2021-06-22T09:41:49,500.0,6.45,B
2021-06-22T09:39:52,900.0,6.45,S
2021-06-22T09:39:39,1000.0,6.45,S
2021-06-22T09:39:39,4000.0,6.45,S
2021-06-22T09:39:19,200.0,6.45,S
2021-06-22T09:38:54,9500.0,6.45,S
2021-06-22T09:37:54,2000.0,6.45,S
2021-06-22T09:35:50,100.0,6.46,B
2021-06-22T09:35:23,10700.0,6.46,B
2021-06-22T09:33:28,1200.0,6.46,S
2021-06-22T09:32:30,1100.0,6.46,S
2021-06-22T09:32:13,500.0,6.46,S
2021-06-22T09:32:06,5000.0,6.46,S
2021-06-22T09:32:00,200.0,6.46,S
2021-06-22T09:31:59,300.0,6.46,S
2021-06-22T09:31:53,400.0,6.46,S
2021-06-22T09:30:49,900.0,6.46,S
2021-06-22T09:29:24,1600.0,6.46,S
2021-06-22T09:28:48,700.0,6.46,S
2021-06-22T09:28:43,500.0,6.46,S
2021-06-22T09:27:34,100.0,6.47,S
2021-06-22T09:27:29,500.0,6.47,S
2021-06-22T09:26:53,100.0,6.47,S
2021-06-22T09:26:53,4700.0,6.47,S
2021-06-22T09:26:04,1000.0,6.47,S
2021-06-22T09:25:37,4000.0,6.47,S
2021-06-22T09:25:02,8000.0,6.47,S
2021-06-22T09:25:00,9800.0,6.47,S
2021-06-22T09:24:36,20000.0,6.47,S
2021-06-22T09:24:11,1000.0,6.49,S
2021-06-22T09:23:32,100.0,6.49,S
2021-06-22T09:21:49,700.0,6.5,S
2021-06-22T09:21:30,100.0,6.5,S
2021-06-22T09:21:30,4400.0,6.5,S
2021-06-22T09:21:04,500.0,6.5,S
2021-06-22T09:18:53,200.0,6.58,B
2021-06-22T09:18:07,100.0,6.5,S
2021-06-22T09:17:37,300.0,6.58,B
2021-06-22T09:17:22,100.0,6.55,B
2021-06-22T09:17:04,2000.0,6.58,B
2021-06-22T09:16:38,600.0,6.5,B
2021-06-22T09:15:59,100.0,6.47,S
