tradingTime,volume,price,side
2021-06-22T14:29:55,300.0,7.22,S
2021-06-22T14:29:17,900.0,7.22,S
2021-06-22T14:29:15,300.0,7.22,S
2021-06-22T14:28:56,2000.0,7.23,B
2021-06-22T14:28:50,1000.0,7.23,B
2021-06-22T14:28:50,300.0,7.22,S
2021-06-22T14:28:22,500.0,7.23,B
2021-06-22T14:28:21,300.0,7.22,S
2021-06-22T14:28:21,500.0,7.22,S
2021-06-22T14:28:18,6000.0,7.22,S
2021-06-22T14:28:15,600.0,7.22,S
2021-06-22T14:28:13,4000.0,7.22,S
2021-06-22T14:28:09,1000.0,7.23,B
2021-06-22T14:28:02,300.0,7.22,S
2021-06-22T14:27:56,8800.0,7.22,S
2021-06-22T14:27:55,1200.0,7.22,S
2021-06-22T14:27:51,500.0,7.23,B
2021-06-22T14:27:24,2000.0,7.23,B
2021-06-22T14:27:07,700.0,7.22,S
2021-06-22T14:27:06,300.0,7.22,S
2021-06-22T14:27:04,800.0,7.22,S
2021-06-22T14:27:03,800.0,7.22,S
2021-06-22T14:27:02,1100.0,7.22,S
2021-06-22T14:26:35,600.0,7.22,B
2021-06-22T14:26:21,19700.0,7.22,B
2021-06-22T14:25:58,1900.0,7.21,B
2021-06-22T14:25:58,9500.0,7.21,B
2021-06-22T14:25:50,2200.0,7.2,S
2021-06-22T14:25:49,300.0,7.2,S
2021-06-22T14:25:26,500.0,7.21,B
2021-06-22T14:25:21,9400.0,7.2,B
2021-06-22T14:25:17,500.0,7.2,B
2021-06-22T14:25:15,4300.0,7.2,B
2021-06-22T14:25:15,14400.0,7.2,B
2021-06-22T14:25:14,300.0,7.2,B
2021-06-22T14:25:07,300.0,7.19,S
2021-06-22T14:25:06,4300.0,7.2,B
2021-06-22T14:24:54,100.0,7.2,B
2021-06-22T14:24:51,100.0,7.2,B
2021-06-22T14:24:38,500.0,7.2,B
2021-06-22T14:24:38,1500.0,7.2,B
2021-06-22T14:24:29,10500.0,7.2,B
2021-06-22T14:24:29,3500.0,7.2,B
2021-06-22T14:24:29,6000.0,7.2,B
2021-06-22T14:24:08,200.0,7.2,B
2021-06-22T14:23:52,200.0,7.19,S
2021-06-22T14:23:46,500.0,7.2,B
2021-06-22T14:23:35,5000.0,7.19,S
2021-06-22T14:23:25,100.0,7.19,B
2021-06-22T14:23:18,8200.0,7.19,B
2021-06-22T14:22:49,100.0,7.19,B
2021-06-22T14:22:42,500.0,7.19,B
2021-06-22T14:22:14,1000.0,7.19,B
2021-06-22T14:21:57,10200.0,7.18,S
2021-06-22T14:21:48,2000.0,7.19,B
2021-06-22T14:21:33,400.0,7.18,B
2021-06-22T14:21:30,11800.0,7.18,B
2021-06-22T14:21:25,3000.0,7.19,B
2021-06-22T14:21:17,1000.0,7.18,B
2021-06-22T14:21:17,1000.0,7.18,B
2021-06-22T14:21:15,1000.0,7.18,B
2021-06-22T14:21:09,100.0,7.18,B
2021-06-22T14:21:03,1000.0,7.18,B
2021-06-22T14:21:02,3000.0,7.18,B
2021-06-22T14:21:01,1000.0,7.18,B
2021-06-22T14:20:56,15000.0,7.18,B
2021-06-22T14:20:28,100.0,7.18,B
2021-06-22T14:20:28,100.0,7.18,B
2021-06-22T14:20:02,2000.0,7.17,B
2021-06-22T14:20:02,3200.0,7.17,B
2021-06-22T14:20:01,2000.0,7.17,B
2021-06-22T14:19:47,100.0,7.15,B
2021-06-22T14:19:46,10000.0,7.15,B
2021-06-22T14:19:34,5000.0,7.15,B
2021-06-22T14:19:26,1200.0,7.15,B
2021-06-22T14:18:50,34400.0,7.15,B
2021-06-22T14:18:50,4700.0,7.15,B
2021-06-22T14:18:49,10900.0,7.15,B
2021-06-22T14:18:19,3800.0,7.13,S
2021-06-22T14:18:19,200.0,7.14,S
2021-06-22T14:18:14,1200.0,7.15,B
2021-06-22T14:18:14,9000.0,7.15,B
2021-06-22T14:18:00,500.0,7.14,S
2021-06-22T14:17:44,200.0,7.14,S
2021-06-22T14:16:39,4000.0,7.13,S
2021-06-22T14:16:30,600.0,7.13,S
2021-06-22T14:16:17,13000.0,7.13,S
2021-06-22T14:16:13,20000.0,7.13,S
2021-06-22T14:16:13,1000.0,7.14,B
2021-06-22T14:16:12,2700.0,7.14,B
2021-06-22T14:15:55,8000.0,7.13,S
2021-06-22T14:15:53,100.0,7.14,B
2021-06-22T14:15:52,100.0,7.13,S
2021-06-22T14:15:39,100.0,7.14,S
2021-06-22T14:15:25,500.0,7.13,S
2021-06-22T14:15:21,900.0,7.14,S
2021-06-22T14:15:15,300.0,7.14,S
2021-06-22T14:14:47,1000.0,7.14,B
2021-06-22T14:14:41,4000.0,7.13,S
2021-06-22T14:14:37,1000.0,7.13,S
2021-06-22T14:14:34,200.0,7.13,S
2021-06-22T14:14:32,5000.0,7.15,B
2021-06-22T14:14:23,500.0,7.14,B
2021-06-22T14:14:08,200.0,7.13,S
2021-06-22T14:14:00,1800.0,7.12,S
2021-06-22T14:14:00,100.0,7.12,S
2021-06-22T14:14:00,1600.0,7.12,S
2021-06-22T14:14:00,1500.0,7.13,S
2021-06-22T14:13:53,1800.0,7.15,B
2021-06-22T14:13:53,13600.0,7.15,B
2021-06-22T14:13:39,300.0,7.14,S
2021-06-22T14:13:37,100.0,7.15,B
2021-06-22T14:13:30,1000.0,7.13,S
2021-06-22T14:13:30,800.0,7.13,S
2021-06-22T14:13:30,200.0,7.14,S
2021-06-22T14:13:30,5000.0,7.15,B
2021-06-22T14:13:28,1000.0,7.15,B
2021-06-22T14:13:20,5000.0,7.15,B
2021-06-22T14:13:12,1000.0,7.15,B
2021-06-22T14:13:07,28600.0,7.15,S
2021-06-22T14:13:06,4400.0,7.15,S
2021-06-22T14:13:06,3200.0,7.15,S
2021-06-22T14:13:06,900.0,7.15,S
2021-06-22T14:13:06,7700.0,7.15,S
2021-06-22T14:13:06,200.0,7.15,S
2021-06-22T14:13:06,21100.0,7.15,S
2021-06-22T14:13:06,7500.0,7.15,S
2021-06-22T14:13:06,3400.0,7.15,S
2021-06-22T14:13:06,5000.0,7.15,S
2021-06-22T14:13:06,1900.0,7.15,S
2021-06-22T14:12:44,1000.0,7.15,S
2021-06-22T14:12:43,200.0,7.15,S
2021-06-22T14:12:40,10000.0,7.15,S
2021-06-22T14:12:18,10000.0,7.15,S
2021-06-22T14:12:16,300.0,7.15,S
2021-06-22T14:12:16,8100.0,7.15,S
2021-06-22T14:12:14,8000.0,7.15,S
2021-06-22T14:12:10,13500.0,7.15,S
2021-06-22T14:12:04,100.0,7.17,B
2021-06-22T14:12:04,1500.0,7.15,S
2021-06-22T14:11:45,1500.0,7.15,S
2021-06-22T14:11:17,10000.0,7.15,S
2021-06-22T14:11:03,5600.0,7.16,S
2021-06-22T14:10:13,100.0,7.15,S
2021-06-22T14:09:49,1800.0,7.15,S
2021-06-22T14:09:40,900.0,7.18,B
2021-06-22T14:09:40,5000.0,7.15,S
2021-06-22T14:09:24,4000.0,7.15,S
2021-06-22T14:09:12,10500.0,7.18,S
2021-06-22T14:08:49,6100.0,7.16,B
2021-06-22T14:08:49,600.0,7.16,B
2021-06-22T14:08:40,100.0,7.16,S
2021-06-22T14:08:40,700.0,7.16,S
2021-06-22T14:08:40,19100.0,7.16,S
2021-06-22T14:08:40,600.0,7.16,S
2021-06-22T14:08:40,5000.0,7.16,S
2021-06-22T14:08:40,2000.0,7.17,S
2021-06-22T14:08:40,10200.0,7.17,S
2021-06-22T14:08:40,1100.0,7.17,S
2021-06-22T14:08:40,51200.0,7.17,S
2021-06-22T14:08:40,12000.0,7.17,S
2021-06-22T14:08:40,12400.0,7.17,S
2021-06-22T14:08:40,4200.0,7.17,S
2021-06-22T14:08:40,1200.0,7.17,S
2021-06-22T14:08:40,2000.0,7.17,S
2021-06-22T14:08:40,1800.0,7.17,S
2021-06-22T14:08:39,1500.0,7.17,S
2021-06-22T14:08:39,18200.0,7.17,S
2021-06-22T14:08:37,4400.0,7.19,B
2021-06-22T14:08:37,100.0,7.19,B
2021-06-22T14:08:36,500.0,7.19,B
2021-06-22T14:08:27,400.0,7.18,S
2021-06-22T14:08:25,4500.0,7.18,S
2021-06-22T14:08:25,500.0,7.18,S
2021-06-22T14:07:23,1400.0,7.18,S
2021-06-22T14:07:11,1000.0,7.19,B
2021-06-22T14:06:52,1700.0,7.18,S
2021-06-22T14:06:52,3300.0,7.18,S
2021-06-22T14:06:48,1100.0,7.18,S
2021-06-22T14:06:33,200.0,7.18,S
2021-06-22T14:06:30,100.0,7.18,S
2021-06-22T14:06:30,400.0,7.18,S
2021-06-22T14:05:37,10000.0,7.18,S
2021-06-22T14:05:28,1000.0,7.18,S
2021-06-22T14:04:50,500.0,7.19,B
2021-06-22T14:04:48,1100.0,7.18,S
2021-06-22T14:04:25,300.0,7.18,S
2021-06-22T14:04:07,13000.0,7.17,S
2021-06-22T14:03:49,100.0,7.18,S
2021-06-22T14:03:42,1700.0,7.19,B
2021-06-22T14:03:33,1600.0,7.18,B
2021-06-22T14:03:27,200.0,7.18,B
2021-06-22T14:03:24,500.0,7.18,B
2021-06-22T14:03:22,100.0,7.18,B
2021-06-22T14:03:11,200.0,7.18,B
2021-06-22T14:03:09,2500.0,7.18,B
2021-06-22T14:03:08,500.0,7.18,B
2021-06-22T14:03:08,2000.0,7.17,S
2021-06-22T14:03:05,100.0,7.18,B
2021-06-22T14:03:03,2000.0,7.18,B
2021-06-22T14:03:00,1200.0,7.18,B
2021-06-22T14:02:59,200.0,7.18,B
2021-06-22T14:02:55,1000.0,7.18,B
2021-06-22T14:02:44,2000.0,7.18,B
2021-06-22T14:02:36,1000.0,7.18,B
2021-06-22T14:02:11,3000.0,7.18,S
2021-06-22T14:01:40,100.0,7.17,S
2021-06-22T14:01:37,50000.0,7.17,S
2021-06-22T14:01:20,100.0,7.18,B
2021-06-22T14:01:18,13400.0,7.18,B
2021-06-22T14:01:14,1500.0,7.17,S
2021-06-22T14:01:07,1000.0,7.18,B
2021-06-22T14:01:05,500.0,7.17,S
2021-06-22T14:00:47,1000.0,7.17,S
2021-06-22T14:00:44,500.0,7.18,B
2021-06-22T14:00:39,4000.0,7.18,B
2021-06-22T14:00:32,400.0,7.18,B
2021-06-22T14:00:24,600.0,7.18,B
2021-06-22T14:00:12,200.0,7.18,B
2021-06-22T13:59:50,100.0,7.18,B
2021-06-22T13:59:49,200.0,7.18,B
2021-06-22T13:59:44,5000.0,7.18,B
2021-06-22T13:59:31,4000.0,7.18,B
2021-06-22T13:59:15,1000.0,7.18,B
2021-06-22T13:59:07,5000.0,7.18,B
2021-06-22T13:59:04,500.0,7.18,B
2021-06-22T13:58:50,2000.0,7.18,S
2021-06-22T13:58:48,1000.0,7.18,S
2021-06-22T13:58:47,5000.0,7.18,S
2021-06-22T13:58:46,100.0,7.18,S
2021-06-22T13:58:45,1500.0,7.18,S
2021-06-22T13:58:45,5800.0,7.18,S
2021-06-22T13:58:45,5000.0,7.18,S
2021-06-22T13:58:45,10600.0,7.18,S
2021-06-22T13:58:42,100.0,7.19,B
2021-06-22T13:58:32,2100.0,7.19,B
2021-06-22T13:58:22,200.0,7.19,B
2021-06-22T13:58:08,200.0,7.19,B
2021-06-22T13:57:58,1000.0,7.18,S
2021-06-22T13:57:56,500.0,7.19,B
2021-06-22T13:57:50,500.0,7.19,B
2021-06-22T13:57:50,5000.0,7.18,S
2021-06-22T13:57:29,500.0,7.19,B
2021-06-22T13:57:24,1000.0,7.18,S
2021-06-22T13:57:21,10000.0,7.18,S
2021-06-22T13:57:18,2100.0,7.18,S
2021-06-22T13:57:10,1000.0,7.18,S
2021-06-22T13:56:39,5000.0,7.18,S
2021-06-22T13:56:27,100.0,7.18,S
2021-06-22T13:56:26,100.0,7.18,S
2021-06-22T13:56:06,3100.0,7.18,S
2021-06-22T13:56:02,1500.0,7.18,S
2021-06-22T13:55:59,500.0,7.18,S
2021-06-22T13:55:52,2000.0,7.19,B
2021-06-22T13:55:46,100.0,7.18,S
2021-06-22T13:55:45,10000.0,7.18,S
2021-06-22T13:55:39,200.0,7.19,B
2021-06-22T13:55:15,5000.0,7.18,S
2021-06-22T13:55:12,10000.0,7.18,S
2021-06-22T13:55:06,1000.0,7.18,S
2021-06-22T13:55:02,100.0,7.18,S
2021-06-22T13:55:01,900.0,7.18,S
2021-06-22T13:54:51,100.0,7.18,S
2021-06-22T13:54:30,3000.0,7.18,S
2021-06-22T13:54:15,5000.0,7.19,S
2021-06-22T13:54:02,100.0,7.18,S
2021-06-22T13:54:00,5000.0,7.18,S
2021-06-22T13:53:57,2800.0,7.19,S
2021-06-22T13:53:40,1000.0,7.19,S
2021-06-22T13:53:38,1000.0,7.19,S
2021-06-22T13:53:28,2000.0,7.19,S
2021-06-22T13:53:19,5000.0,7.19,S
2021-06-22T13:53:07,500.0,7.19,S
2021-06-22T13:52:50,5000.0,7.19,S
2021-06-22T13:52:36,5000.0,7.19,S
2021-06-22T13:52:20,200.0,7.19,S
2021-06-22T13:52:19,10000.0,7.19,S
2021-06-22T13:51:53,10000.0,7.19,S
2021-06-22T13:51:51,300.0,7.2,B
2021-06-22T13:51:27,200.0,7.2,B
2021-06-22T13:51:16,100.0,7.2,B
2021-06-22T13:51:11,100.0,7.2,B
2021-06-22T13:51:09,100.0,7.2,B
2021-06-22T13:51:08,900.0,7.2,B
2021-06-22T13:50:55,3400.0,7.2,B
2021-06-22T13:50:55,700.0,7.2,B
2021-06-22T13:50:34,500.0,7.2,B
2021-06-22T13:50:11,2000.0,7.2,B
2021-06-22T13:49:49,1800.0,7.2,S
2021-06-22T13:49:31,2000.0,7.2,S
2021-06-22T13:49:00,1400.0,7.2,S
2021-06-22T13:48:45,1100.0,7.2,S
2021-06-22T13:48:31,1000.0,7.2,S
2021-06-22T13:48:26,100.0,7.2,S
2021-06-22T13:48:24,1000.0,7.2,S
2021-06-22T13:48:17,200.0,7.2,S
2021-06-22T13:47:59,3000.0,7.2,B
2021-06-22T13:47:59,8100.0,7.2,B
2021-06-22T13:47:59,5500.0,7.2,B
2021-06-22T13:47:52,17200.0,7.17,S
2021-06-22T13:47:52,8000.0,7.17,S
2021-06-22T13:47:52,4800.0,7.18,S
2021-06-22T13:47:49,200.0,7.2,B
2021-06-22T13:47:40,5000.0,7.2,B
2021-06-22T13:46:53,700.0,7.2,S
2021-06-22T13:46:48,2000.0,7.2,S
2021-06-22T13:46:44,2600.0,7.2,S
2021-06-22T13:46:44,5500.0,7.2,S
2021-06-22T13:46:44,20300.0,7.2,S
2021-06-22T13:46:44,1200.0,7.2,S
2021-06-22T13:46:44,500.0,7.2,S
2021-06-22T13:46:44,4000.0,7.2,S
2021-06-22T13:46:44,500.0,7.2,S
2021-06-22T13:46:44,1700.0,7.2,S
2021-06-22T13:46:43,2000.0,7.2,S
2021-06-22T13:46:43,300.0,7.2,S
2021-06-22T13:46:43,1000.0,7.2,S
2021-06-22T13:46:43,100.0,7.2,S
2021-06-22T13:46:43,1700.0,7.2,S
2021-06-22T13:46:43,2200.0,7.2,S
2021-06-22T13:46:43,1500.0,7.2,S
2021-06-22T13:46:43,500.0,7.2,S
2021-06-22T13:46:43,13200.0,7.2,S
2021-06-22T13:46:43,2000.0,7.2,S
2021-06-22T13:46:43,1200.0,7.2,S
2021-06-22T13:46:43,5000.0,7.2,S
2021-06-22T13:46:43,500.0,7.2,S
2021-06-22T13:46:43,200.0,7.2,S
2021-06-22T13:46:43,1400.0,7.2,S
2021-06-22T13:46:43,5400.0,7.2,S
2021-06-22T13:46:43,5700.0,7.2,S
2021-06-22T13:46:43,3800.0,7.2,S
2021-06-22T13:46:43,2000.0,7.2,S
2021-06-22T13:46:43,2800.0,7.2,S
2021-06-22T13:46:43,2000.0,7.2,S
2021-06-22T13:46:43,3000.0,7.2,S
2021-06-22T13:46:42,1000.0,7.2,S
2021-06-22T13:46:42,600.0,7.2,S
2021-06-22T13:46:42,100.0,7.2,S
2021-06-22T13:46:42,6400.0,7.2,S
2021-06-22T13:46:42,26200.0,7.2,S
2021-06-22T13:46:42,5100.0,7.2,S
2021-06-22T13:46:42,13100.0,7.2,S
2021-06-22T13:46:42,100.0,7.21,S
2021-06-22T13:46:42,32600.0,7.21,S
2021-06-22T13:46:27,200.0,7.21,S
2021-06-22T13:46:18,100.0,7.22,B
2021-06-22T13:46:07,7800.0,7.21,S
2021-06-22T13:46:07,2200.0,7.22,B
2021-06-22T13:45:54,500.0,7.22,B
2021-06-22T13:45:44,100.0,7.22,B
2021-06-22T13:45:28,4900.0,7.21,S
2021-06-22T13:45:28,100.0,7.22,S
2021-06-22T13:45:08,2000.0,7.21,S
2021-06-22T13:45:06,5000.0,7.21,S
2021-06-22T13:45:04,1900.0,7.22,B
2021-06-22T13:44:58,900.0,7.21,S
2021-06-22T13:44:47,20000.0,7.21,S
2021-06-22T13:44:45,500.0,7.22,B
2021-06-22T13:44:30,1400.0,7.21,S
2021-06-22T13:44:30,500.0,7.21,S
2021-06-22T13:44:30,1500.0,7.21,S
2021-06-22T13:44:30,4600.0,7.21,S
2021-06-22T13:44:28,1300.0,7.21,S
2021-06-22T13:44:20,100.0,7.22,B
2021-06-22T13:43:53,400.0,7.21,S
2021-06-22T13:43:44,5000.0,7.21,S
2021-06-22T13:43:38,1500.0,7.21,S
2021-06-22T13:43:23,2000.0,7.21,S
2021-06-22T13:43:01,2400.0,7.21,S
2021-06-22T13:43:01,600.0,7.21,S
2021-06-22T13:42:48,800.0,7.21,S
2021-06-22T13:42:46,1000.0,7.22,B
2021-06-22T13:42:45,17200.0,7.22,B
2021-06-22T13:42:35,2800.0,7.22,B
2021-06-22T13:42:32,2000.0,7.22,B
2021-06-22T13:42:24,28200.0,7.22,B
2021-06-22T13:41:49,100.0,7.22,B
2021-06-22T13:41:45,300.0,7.22,B
2021-06-22T13:41:20,15000.0,7.22,S
2021-06-22T13:41:20,7800.0,7.22,S
2021-06-22T13:40:42,100.0,7.23,B
2021-06-22T13:40:42,400.0,7.22,S
2021-06-22T13:40:24,200.0,7.23,B
2021-06-22T13:40:06,2000.0,7.22,S
2021-06-22T13:39:47,10000.0,7.23,B
2021-06-22T13:39:47,200.0,7.22,B
2021-06-22T13:39:43,800.0,7.22,S
2021-06-22T13:39:43,4600.0,7.22,S
2021-06-22T13:39:43,1700.0,7.22,S
2021-06-22T13:39:42,300.0,7.22,S
2021-06-22T13:39:41,8600.0,7.22,S
2021-06-22T13:39:25,100.0,7.23,B
2021-06-22T13:39:25,700.0,7.23,B
2021-06-22T13:39:13,100.0,7.23,B
2021-06-22T13:38:36,1000.0,7.23,S
2021-06-22T13:38:36,200.0,7.23,S
2021-06-22T13:38:26,1000.0,7.22,S
2021-06-22T13:38:26,600.0,7.22,S
2021-06-22T13:38:26,2800.0,7.22,S
2021-06-22T13:38:26,13000.0,7.23,S
2021-06-22T13:38:26,2600.0,7.23,S
2021-06-22T13:38:21,1000.0,7.23,S
2021-06-22T13:38:00,500.0,7.23,S
2021-06-22T13:37:59,8000.0,7.23,S
2021-06-22T13:37:38,700.0,7.23,S
2021-06-22T13:37:28,1000.0,7.23,S
2021-06-22T13:37:18,900.0,7.23,S
2021-06-22T13:37:18,300.0,7.23,S
2021-06-22T13:37:18,100.0,7.23,S
2021-06-22T13:37:18,200.0,7.23,S
2021-06-22T13:37:18,9000.0,7.23,S
2021-06-22T13:37:18,600.0,7.23,S
2021-06-22T13:37:18,18900.0,7.23,S
2021-06-22T13:37:10,1000.0,7.24,B
2021-06-22T13:37:06,20000.0,7.23,S
2021-06-22T13:37:06,300.0,7.23,S
2021-06-22T13:37:02,1000.0,7.24,B
2021-06-22T13:36:57,100.0,7.23,S
2021-06-22T13:36:56,200.0,7.24,B
2021-06-22T13:36:50,900.0,7.24,B
2021-06-22T13:36:39,900.0,7.23,S
2021-06-22T13:36:39,1700.0,7.23,S
2021-06-22T13:36:39,2400.0,7.23,S
2021-06-22T13:36:27,14100.0,7.24,S
2021-06-22T13:36:22,20000.0,7.26,B
2021-06-22T13:35:45,2000.0,7.25,B
2021-06-22T13:35:39,8900.0,7.24,S
2021-06-22T13:35:02,500.0,7.24,S
2021-06-22T13:34:23,3000.0,7.24,S
2021-06-22T13:33:54,100.0,7.24,B
2021-06-22T13:33:44,300.0,7.24,B
2021-06-22T13:33:37,100.0,7.24,B
2021-06-22T13:33:37,1000.0,7.24,B
2021-06-22T13:33:13,100.0,7.23,S
2021-06-22T13:33:02,5000.0,7.24,B
2021-06-22T13:31:49,500.0,7.23,S
2021-06-22T13:31:49,8900.0,7.23,S
2021-06-22T13:31:49,10600.0,7.23,S
2021-06-22T13:31:39,3800.0,7.24,S
2021-06-22T13:31:39,100.0,7.24,S
2021-06-22T13:31:39,1100.0,7.24,S
2021-06-22T13:31:37,1000.0,7.24,S
2021-06-22T13:31:28,5000.0,7.24,S
2021-06-22T13:31:00,2000.0,7.24,S
2021-06-22T13:30:41,1000.0,7.24,S
2021-06-22T13:30:38,2000.0,7.24,S
2021-06-22T13:30:30,1000.0,7.24,S
2021-06-22T13:30:24,1500.0,7.24,S
2021-06-22T13:30:18,100.0,7.24,S
2021-06-22T13:30:07,1000.0,7.24,S
2021-06-22T13:29:32,2500.0,7.24,S
2021-06-22T13:28:52,100.0,7.24,S
2021-06-22T13:28:49,2000.0,7.24,S
2021-06-22T13:28:35,300.0,7.25,B
2021-06-22T13:28:32,1100.0,7.24,S
2021-06-22T13:28:32,200.0,7.24,S
2021-06-22T13:28:32,3700.0,7.24,S
2021-06-22T13:28:14,100.0,7.25,B
2021-06-22T13:28:13,10000.0,7.25,B
2021-06-22T13:27:59,2000.0,7.25,B
2021-06-22T13:27:55,100.0,7.25,B
2021-06-22T13:27:36,100.0,7.25,B
2021-06-22T13:26:33,7600.0,7.25,B
2021-06-22T13:26:02,1800.0,7.23,S
2021-06-22T13:26:00,2000.0,7.24,S
2021-06-22T13:25:37,3100.0,7.24,B
2021-06-22T13:25:31,4100.0,7.24,B
2021-06-22T13:25:31,1000.0,7.24,B
2021-06-22T13:25:30,1400.0,7.24,B
2021-06-22T13:25:04,400.0,7.24,B
2021-06-22T13:24:58,2000.0,7.24,B
2021-06-22T13:24:49,100.0,7.24,B
2021-06-22T13:24:37,100.0,7.24,B
2021-06-22T13:24:37,1900.0,7.24,B
2021-06-22T13:24:31,100.0,7.24,B
2021-06-22T13:24:15,3000.0,7.24,B
2021-06-22T13:23:58,4300.0,7.23,S
2021-06-22T13:23:58,700.0,7.24,B
2021-06-22T13:23:47,500.0,7.24,B
2021-06-22T13:23:41,12500.0,7.24,B
2021-06-22T13:23:33,100.0,7.24,B
2021-06-22T13:23:24,2000.0,7.24,B
2021-06-22T13:23:15,400.0,7.24,B
2021-06-22T13:22:59,100.0,7.23,S
2021-06-22T13:22:45,6100.0,7.23,S
2021-06-22T13:22:11,2000.0,7.24,S
2021-06-22T13:22:09,100.0,7.24,S
2021-06-22T13:22:00,900.0,7.24,S
2021-06-22T13:21:59,100.0,7.24,S
2021-06-22T13:20:32,100.0,7.24,S
2021-06-22T13:19:43,2000.0,7.23,S
2021-06-22T13:19:32,800.0,7.24,B
2021-06-22T13:19:09,200.0,7.24,S
2021-06-22T13:19:05,200.0,7.24,S
2021-06-22T13:18:54,800.0,7.24,S
2021-06-22T13:18:42,5000.0,7.24,S
2021-06-22T13:18:35,1600.0,7.24,S
2021-06-22T13:18:09,9400.0,7.24,S
2021-06-22T13:18:08,1000.0,7.25,S
2021-06-22T13:17:51,100.0,7.26,B
2021-06-22T13:17:46,100.0,7.25,S
2021-06-22T13:17:26,400.0,7.26,S
2021-06-22T13:17:23,5000.0,7.26,S
2021-06-22T13:17:23,6100.0,7.26,S
2021-06-22T13:17:15,1500.0,7.26,S
2021-06-22T13:17:05,2000.0,7.26,S
2021-06-22T13:16:56,10100.0,7.26,S
2021-06-22T13:16:33,1000.0,7.26,S
2021-06-22T13:16:09,100.0,7.26,S
2021-06-22T13:16:08,1000.0,7.26,S
2021-06-22T13:16:03,3000.0,7.26,S
2021-06-22T13:15:40,1100.0,7.26,S
2021-06-22T13:15:35,3200.0,7.26,S
2021-06-22T13:15:29,1000.0,7.26,B
2021-06-22T13:15:11,16000.0,7.26,B
2021-06-22T13:14:54,200.0,7.26,B
2021-06-22T13:14:52,2000.0,7.26,B
2021-06-22T13:14:52,19400.0,7.26,B
2021-06-22T13:14:47,8100.0,7.24,S
2021-06-22T13:14:47,400.0,7.24,S
2021-06-22T13:14:47,3300.0,7.24,S
2021-06-22T13:14:06,700.0,7.24,S
2021-06-22T13:14:05,25000.0,7.26,B
2021-06-22T13:13:34,100.0,7.26,B
2021-06-22T13:13:28,2700.0,7.26,B
2021-06-22T13:13:20,9600.0,7.26,B
2021-06-22T13:12:42,100.0,7.26,B
2021-06-22T13:11:24,100.0,7.26,B
2021-06-22T13:11:18,7200.0,7.26,B
2021-06-22T13:11:08,5800.0,7.26,B
2021-06-22T13:11:05,100.0,7.26,B
2021-06-22T13:10:38,5000.0,7.26,B
2021-06-22T13:10:35,2400.0,7.23,S
2021-06-22T13:10:35,200.0,7.23,S
2021-06-22T13:10:34,1000.0,7.23,S
2021-06-22T13:10:34,6800.0,7.23,S
2021-06-22T13:10:34,11500.0,7.23,S
2021-06-22T13:10:34,1000.0,7.24,S
2021-06-22T13:10:34,9700.0,7.24,S
2021-06-22T13:10:34,11800.0,7.25,S
2021-06-22T13:10:34,2100.0,7.25,S
2021-06-22T13:10:34,500.0,7.25,S
2021-06-22T13:10:18,9100.0,7.26,S
2021-06-22T13:10:09,100.0,7.27,B
2021-06-22T13:10:00,4000.0,7.26,S
2021-06-22T13:09:51,5000.0,7.27,B
2021-06-22T13:09:26,600.0,7.27,B
2021-06-22T13:09:18,500.0,7.27,B
2021-06-22T13:08:48,2000.0,7.27,B
2021-06-22T13:08:19,100.0,7.27,B
2021-06-22T13:08:16,500.0,7.27,B
2021-06-22T13:06:59,500.0,7.27,B
2021-06-22T13:05:49,2600.0,7.27,B
2021-06-22T13:05:37,3100.0,7.27,B
2021-06-22T13:05:36,100.0,7.27,B
2021-06-22T13:05:27,1000.0,7.27,B
2021-06-22T13:04:52,2000.0,7.27,B
2021-06-22T13:04:45,300.0,7.27,B
2021-06-22T13:01:38,2000.0,7.27,B
2021-06-22T13:01:04,100.0,7.27,B
2021-06-22T13:01:01,500.0,7.27,B
2021-06-22T13:00:54,1000.0,7.27,B
2021-06-22T13:00:16,100.0,7.27,B
2021-06-22T13:00:14,200.0,7.27,B
2021-06-22T13:00:14,100.0,7.27,B
2021-06-22T13:00:12,100.0,7.27,B
2021-06-22T13:00:08,4300.0,7.27,B
2021-06-22T13:00:08,300.0,7.27,B
2021-06-22T13:00:06,800.0,7.27,B
2021-06-22T11:29:51,2000.0,7.27,B
2021-06-22T11:29:23,500.0,7.24,S
2021-06-22T11:28:55,1900.0,7.24,S
2021-06-22T11:28:50,1000.0,7.25,B
2021-06-22T11:28:50,7500.0,7.25,B
2021-06-22T11:26:58,5000.0,7.25,S
2021-06-22T11:26:27,100.0,7.26,S
2021-06-22T11:25:22,6600.0,7.25,S
2021-06-22T11:25:22,400.0,7.26,S
2021-06-22T11:24:34,4000.0,7.25,S
2021-06-22T11:24:15,200.0,7.26,B
2021-06-22T11:23:20,5000.0,7.25,S
2021-06-22T11:22:50,5000.0,7.25,S
2021-06-22T11:21:29,3000.0,7.25,S
2021-06-22T11:20:37,5400.0,7.23,S
2021-06-22T11:20:37,14900.0,7.23,S
2021-06-22T11:20:37,900.0,7.23,S
2021-06-22T11:20:37,11500.0,7.23,S
2021-06-22T11:20:37,2300.0,7.23,S
2021-06-22T11:20:37,15000.0,7.23,S
2021-06-22T11:20:04,5000.0,7.23,S
2021-06-22T11:19:37,400.0,7.24,S
2021-06-22T11:19:35,1300.0,7.24,S
2021-06-22T11:19:30,300.0,7.24,B
2021-06-22T11:19:25,1000.0,7.24,S
2021-06-22T11:19:23,100.0,7.24,S
2021-06-22T11:19:22,2000.0,7.24,S
2021-06-22T11:19:22,600.0,7.24,S
2021-06-22T11:19:22,800.0,7.24,S
2021-06-22T11:19:14,500.0,7.25,B
2021-06-22T11:19:00,500.0,7.24,S
2021-06-22T11:18:19,1000.0,7.24,B
2021-06-22T11:18:16,1000.0,7.24,B
2021-06-22T11:17:57,5500.0,7.24,S
2021-06-22T11:17:14,6000.0,7.24,S
2021-06-22T11:17:05,1000.0,7.25,S
2021-06-22T11:17:05,1000.0,7.25,S
2021-06-22T11:17:01,500.0,7.25,B
2021-06-22T11:17:01,2300.0,7.25,B
2021-06-22T11:17:01,1600.0,7.25,B
2021-06-22T11:17:01,100.0,7.25,B
2021-06-22T11:17:01,500.0,7.25,B
2021-06-22T11:17:01,3000.0,7.25,B
2021-06-22T11:17:01,8200.0,7.25,B
2021-06-22T11:16:56,14600.0,7.24,S
2021-06-22T11:16:47,1000.0,7.24,S
2021-06-22T11:16:02,1000.0,7.24,S
2021-06-22T11:15:56,1500.0,7.24,S
2021-06-22T11:15:56,4400.0,7.24,S
2021-06-22T11:15:56,1100.0,7.24,S
2021-06-22T11:15:53,2000.0,7.25,B
2021-06-22T11:15:42,10000.0,7.24,S
2021-06-22T11:15:14,100.0,7.25,B
2021-06-22T11:14:51,1500.0,7.25,B
2021-06-22T11:14:47,200.0,7.25,B
2021-06-22T11:14:43,1000.0,7.25,B
2021-06-22T11:14:32,6000.0,7.25,B
2021-06-22T11:14:25,300.0,7.25,B
2021-06-22T11:14:10,500.0,7.25,B
2021-06-22T11:13:43,500.0,7.25,B
2021-06-22T11:13:33,500.0,7.25,B
2021-06-22T11:13:20,400.0,7.25,B
2021-06-22T11:13:14,1000.0,7.25,B
2021-06-22T11:12:57,1000.0,7.25,B
2021-06-22T11:12:55,500.0,7.25,B
2021-06-22T11:12:49,500.0,7.25,B
2021-06-22T11:11:39,2000.0,7.25,B
2021-06-22T11:11:29,5000.0,7.25,B
2021-06-22T11:11:28,1000.0,7.25,B
2021-06-22T11:11:21,100.0,7.25,B
2021-06-22T11:11:02,100.0,7.25,B
2021-06-22T11:10:44,6000.0,7.25,B
2021-06-22T11:10:39,500.0,7.25,B
2021-06-22T11:10:24,2000.0,7.25,B
2021-06-22T11:10:08,2000.0,7.25,B
2021-06-22T11:09:30,1000.0,7.25,B
2021-06-22T11:09:27,400.0,7.25,B
2021-06-22T11:09:17,1000.0,7.25,B
2021-06-22T11:09:13,1000.0,7.25,B
2021-06-22T11:09:10,200.0,7.25,B
2021-06-22T11:08:40,3000.0,7.25,B
2021-06-22T11:08:38,300.0,7.25,B
2021-06-22T11:08:24,1600.0,7.25,B
2021-06-22T11:08:23,3800.0,7.25,B
2021-06-22T11:08:01,1000.0,7.25,B
2021-06-22T11:07:56,2000.0,7.25,B
2021-06-22T11:07:47,100.0,7.25,B
2021-06-22T11:07:38,500.0,7.25,B
2021-06-22T11:07:09,500.0,7.25,B
2021-06-22T11:06:58,1000.0,7.25,B
2021-06-22T11:06:57,1000.0,7.25,B
2021-06-22T11:06:48,1000.0,7.25,B
2021-06-22T11:06:38,14000.0,7.24,S
2021-06-22T11:06:30,200.0,7.25,S
2021-06-22T11:06:28,500.0,7.25,S
2021-06-22T11:06:17,300.0,7.25,S
2021-06-22T11:06:14,5000.0,7.25,S
2021-06-22T11:06:14,500.0,7.25,S
2021-06-22T11:06:14,12100.0,7.25,S
2021-06-22T11:06:14,11000.0,7.25,S
2021-06-22T11:06:14,12100.0,7.25,S
2021-06-22T11:06:01,400.0,7.25,S
2021-06-22T11:06:01,7100.0,7.25,S
2021-06-22T11:06:01,1000.0,7.25,S
2021-06-22T11:06:01,26900.0,7.25,S
2021-06-22T11:05:57,6400.0,7.25,S
2021-06-22T11:05:42,400.0,7.27,B
2021-06-22T11:05:36,3000.0,7.25,S
2021-06-22T11:05:20,500.0,7.27,B
2021-06-22T11:05:16,2000.0,7.27,B
2021-06-22T11:04:19,1500.0,7.25,S
2021-06-22T11:04:19,300.0,7.26,S
2021-06-22T11:04:19,900.0,7.26,S
2021-06-22T11:03:44,1200.0,7.26,S
2021-06-22T11:03:44,800.0,7.26,S
2021-06-22T11:03:31,1000.0,7.26,S
2021-06-22T11:03:21,100.0,7.26,S
2021-06-22T11:02:44,100.0,7.27,B
2021-06-22T11:02:31,2600.0,7.27,B
2021-06-22T11:01:53,100.0,7.27,S
2021-06-22T11:01:12,1000.0,7.27,S
2021-06-22T11:01:11,2000.0,7.28,S
2021-06-22T11:00:18,1000.0,7.28,B
2021-06-22T10:59:56,1100.0,7.28,B
2021-06-22T10:59:41,100.0,7.28,B
2021-06-22T10:59:26,3000.0,7.28,B
2021-06-22T10:58:48,1000.0,7.28,B
2021-06-22T10:58:45,500.0,7.28,B
2021-06-22T10:58:42,700.0,7.26,S
2021-06-22T10:57:46,100.0,7.28,B
2021-06-22T10:57:38,500.0,7.28,B
2021-06-22T10:57:28,100.0,7.26,S
2021-06-22T10:57:21,1000.0,7.28,B
2021-06-22T10:56:53,2700.0,7.28,B
2021-06-22T10:56:43,2000.0,7.28,B
2021-06-22T10:56:23,100.0,7.28,B
2021-06-22T10:55:47,1000.0,7.29,B
2021-06-22T10:55:46,3000.0,7.25,S
2021-06-22T10:55:07,5000.0,7.25,S
2021-06-22T10:54:55,1600.0,7.29,B
2021-06-22T10:54:52,100.0,7.25,S
2021-06-22T10:54:49,30000.0,7.25,S
2021-06-22T10:54:36,2700.0,7.25,S
2021-06-22T10:54:36,3000.0,7.25,S
2021-06-22T10:54:36,2800.0,7.25,S
2021-06-22T10:54:36,4000.0,7.25,S
2021-06-22T10:54:36,2000.0,7.25,S
2021-06-22T10:54:36,5300.0,7.25,S
2021-06-22T10:54:36,200.0,7.26,S
2021-06-22T10:54:35,1000.0,7.29,B
2021-06-22T10:54:34,7900.0,7.25,S
2021-06-22T10:54:34,6100.0,7.25,S
2021-06-22T10:54:33,6000.0,7.25,S
2021-06-22T10:54:31,20000.0,7.26,S
2021-06-22T10:54:16,2700.0,7.26,S
2021-06-22T10:54:16,6900.0,7.26,S
2021-06-22T10:54:16,700.0,7.26,S
2021-06-22T10:54:16,9000.0,7.27,S
2021-06-22T10:54:16,700.0,7.27,S
2021-06-22T10:54:16,1000.0,7.29,B
2021-06-22T10:54:10,4400.0,7.27,S
2021-06-22T10:54:10,1400.0,7.27,S
2021-06-22T10:54:10,14200.0,7.27,S
2021-06-22T10:54:00,2000.0,7.29,S
2021-06-22T10:53:51,1000.0,7.29,S
2021-06-22T10:53:49,600.0,7.29,S
2021-06-22T10:53:49,2900.0,7.3,S
2021-06-22T10:53:49,2100.0,7.3,S
2021-06-22T10:53:49,400.0,7.31,S
2021-06-22T10:53:38,2600.0,7.32,B
2021-06-22T10:53:38,100.0,7.31,S
2021-06-22T10:53:37,300.0,7.31,S
2021-06-22T10:53:36,3200.0,7.31,S
2021-06-22T10:53:36,1000.0,7.31,S
2021-06-22T10:53:06,100.0,7.31,S
2021-06-22T10:52:06,1000.0,7.31,S
2021-06-22T10:51:36,100.0,7.31,S
2021-06-22T10:51:34,200.0,7.32,B
2021-06-22T10:51:21,600.0,7.32,B
2021-06-22T10:50:21,1000.0,7.32,S
2021-06-22T10:49:10,3800.0,7.32,S
2021-06-22T10:48:52,2000.0,7.34,B
2021-06-22T10:47:47,3300.0,7.32,B
2021-06-22T10:47:34,2800.0,7.31,B
2021-06-22T10:47:23,1000.0,7.3,S
2021-06-22T10:47:04,4000.0,7.31,B
2021-06-22T10:46:46,10000.0,7.3,S
2021-06-22T10:46:24,200.0,7.3,S
2021-06-22T10:46:23,200.0,7.3,S
2021-06-22T10:46:19,10100.0,7.3,S
2021-06-22T10:45:50,2000.0,7.3,S
2021-06-22T10:45:44,500.0,7.31,B
2021-06-22T10:44:51,100.0,7.31,B
2021-06-22T10:44:40,1000.0,7.31,B
2021-06-22T10:43:35,100.0,7.31,B
2021-06-22T10:43:14,500.0,7.3,S
2021-06-22T10:42:38,400.0,7.3,B
2021-06-22T10:42:38,7400.0,7.3,B
2021-06-22T10:42:33,1000.0,7.3,B
2021-06-22T10:42:19,5000.0,7.3,B
2021-06-22T10:42:19,13000.0,7.3,B
2021-06-22T10:42:15,1100.0,7.3,B
2021-06-22T10:42:11,100.0,7.28,S
2021-06-22T10:42:09,3500.0,7.3,B
2021-06-22T10:41:56,1000.0,7.3,B
2021-06-22T10:41:47,83200.0,7.3,B
2021-06-22T10:41:47,5600.0,7.3,B
2021-06-22T10:41:40,5000.0,7.3,B
2021-06-22T10:41:39,1000.0,7.3,B
2021-06-22T10:41:19,1000.0,7.3,B
2021-06-22T10:41:15,500.0,7.3,B
2021-06-22T10:40:35,37000.0,7.3,B
2021-06-22T10:40:35,2500.0,7.3,B
2021-06-22T10:40:35,1000.0,7.3,B
2021-06-22T10:40:35,7400.0,7.3,B
2021-06-22T10:40:35,58800.0,7.3,B
2021-06-22T10:40:35,200.0,7.3,B
2021-06-22T10:40:15,400.0,7.3,B
2021-06-22T10:40:15,600.0,7.3,B
2021-06-22T10:40:07,600.0,7.28,S
2021-06-22T10:40:04,1000.0,7.28,S
2021-06-22T10:39:38,500.0,7.28,S
2021-06-22T10:39:31,2000.0,7.28,S
2021-06-22T10:39:26,10000.0,7.28,S
2021-06-22T10:39:16,4800.0,7.28,S
2021-06-22T10:39:16,200.0,7.28,S
2021-06-22T10:39:09,5000.0,7.28,S
2021-06-22T10:39:05,11400.0,7.3,B
2021-06-22T10:39:05,300.0,7.3,B
2021-06-22T10:39:05,800.0,7.3,B
2021-06-22T10:39:05,1800.0,7.29,B
2021-06-22T10:39:05,5700.0,7.29,B
2021-06-22T10:38:54,100.0,7.28,S
2021-06-22T10:38:22,1500.0,7.28,S
2021-06-22T10:37:51,200.0,7.28,S
2021-06-22T10:37:42,200.0,7.28,S
2021-06-22T10:37:14,3900.0,7.28,B
2021-06-22T10:36:30,26500.0,7.28,S
2021-06-22T10:36:14,3500.0,7.28,B
2021-06-22T10:35:31,200.0,7.28,B
2021-06-22T10:35:23,700.0,7.28,B
2021-06-22T10:34:23,100.0,7.27,S
2021-06-22T10:33:59,500.0,7.27,S
2021-06-22T10:33:53,1000.0,7.28,B
2021-06-22T10:33:27,15000.0,7.27,S
2021-06-22T10:32:34,5000.0,7.28,B
2021-06-22T10:32:27,400.0,7.27,S
2021-06-22T10:32:11,500.0,7.28,B
2021-06-22T10:31:00,3000.0,7.28,B
2021-06-22T10:30:29,2500.0,7.28,S
2021-06-22T10:29:52,1900.0,7.28,B
2021-06-22T10:29:38,400.0,7.28,B
2021-06-22T10:29:14,500.0,7.28,B
2021-06-22T10:29:13,500.0,7.28,B
2021-06-22T10:28:26,1500.0,7.26,S
2021-06-22T10:28:26,500.0,7.27,S
2021-06-22T10:27:49,1700.0,7.28,B
2021-06-22T10:27:49,100.0,7.28,B
2021-06-22T10:27:29,1500.0,7.27,B
2021-06-22T10:27:14,500.0,7.27,B
2021-06-22T10:26:26,200.0,7.27,B
2021-06-22T10:26:19,1000.0,7.27,B
2021-06-22T10:26:13,500.0,7.27,B
2021-06-22T10:26:13,100.0,7.27,B
2021-06-22T10:26:12,100.0,7.27,B
2021-06-22T10:26:00,200.0,7.27,S
2021-06-22T10:25:58,7400.0,7.27,S
2021-06-22T10:25:23,700.0,7.28,B
2021-06-22T10:25:04,2800.0,7.27,B
2021-06-22T10:25:00,1000.0,7.27,B
2021-06-22T10:24:56,100.0,7.27,B
2021-06-22T10:24:42,300.0,7.27,B
2021-06-22T10:24:15,300.0,7.27,B
2021-06-22T10:24:04,1000.0,7.26,S
2021-06-22T10:23:46,100.0,7.27,B
2021-06-22T10:23:32,1600.0,7.27,S
2021-06-22T10:23:01,400.0,7.27,S
2021-06-22T10:23:01,600.0,7.27,S
2021-06-22T10:22:59,1000.0,7.28,S
2021-06-22T10:22:31,200.0,7.28,S
2021-06-22T10:22:22,1300.0,7.28,S
2021-06-22T10:22:20,5000.0,7.29,B
2021-06-22T10:22:18,100.0,7.29,B
2021-06-22T10:21:58,100.0,7.29,B
2021-06-22T10:21:57,200.0,7.28,S
2021-06-22T10:21:40,1200.0,7.29,B
2021-06-22T10:21:34,100.0,7.29,B
2021-06-22T10:20:37,5600.0,7.28,S
2021-06-22T10:20:28,2000.0,7.28,S
2021-06-22T10:19:39,100.0,7.28,B
2021-06-22T10:19:16,30000.0,7.29,B
2021-06-22T10:19:14,400.0,7.28,B
2021-06-22T10:19:10,100.0,7.28,B
2021-06-22T10:19:07,100.0,7.28,B
2021-06-22T10:19:04,500.0,7.28,B
2021-06-22T10:18:55,3500.0,7.28,B
2021-06-22T10:18:55,1000.0,7.28,B
2021-06-22T10:18:36,200.0,7.28,B
2021-06-22T10:18:23,6000.0,7.28,B
2021-06-22T10:18:11,100.0,7.28,B
2021-06-22T10:18:05,200.0,7.28,B
2021-06-22T10:17:56,100.0,7.28,S
2021-06-22T10:17:56,10400.0,7.28,S
2021-06-22T10:17:47,500.0,7.28,S
2021-06-22T10:17:43,9100.0,7.28,B
2021-06-22T10:17:43,2000.0,7.28,B
2021-06-22T10:17:40,200.0,7.28,B
2021-06-22T10:17:37,500.0,7.28,B
2021-06-22T10:17:26,43200.0,7.28,B
2021-06-22T10:17:21,200.0,7.28,B
2021-06-22T10:16:57,500.0,7.26,S
2021-06-22T10:16:55,1000.0,7.28,B
2021-06-22T10:16:34,2100.0,7.28,B
2021-06-22T10:16:33,1000.0,7.26,S
2021-06-22T10:16:06,3000.0,7.26,S
2021-06-22T10:15:50,2600.0,7.26,S
2021-06-22T10:15:48,100.0,7.26,S
2021-06-22T10:15:42,2000.0,7.26,S
2021-06-22T10:15:11,300.0,7.26,S
2021-06-22T10:14:14,18100.0,7.25,S
2021-06-22T10:13:26,3100.0,7.28,B
2021-06-22T10:13:23,3000.0,7.25,S
2021-06-22T10:13:16,2000.0,7.25,S
2021-06-22T10:12:59,1000.0,7.25,S
2021-06-22T10:12:55,1000.0,7.28,B
2021-06-22T10:12:51,1700.0,7.25,S
2021-06-22T10:12:41,5000.0,7.25,S
2021-06-22T10:12:27,1000.0,7.25,S
2021-06-22T10:12:24,300.0,7.28,B
2021-06-22T10:12:22,1000.0,7.25,S
2021-06-22T10:12:06,2800.0,7.25,S
2021-06-22T10:11:43,3000.0,7.25,S
2021-06-22T10:11:28,1000.0,7.25,S
2021-06-22T10:11:14,1000.0,7.25,S
2021-06-22T10:10:58,100.0,7.25,B
2021-06-22T10:10:48,1000.0,7.25,B
2021-06-22T10:10:48,1700.0,7.25,B
2021-06-22T10:10:48,17100.0,7.25,B
2021-06-22T10:10:47,2000.0,7.25,B
2021-06-22T10:10:34,5000.0,7.25,B
2021-06-22T10:10:11,400.0,7.24,S
2021-06-22T10:10:07,100.0,7.24,S
2021-06-22T10:09:32,700.0,7.24,S
2021-06-22T10:09:02,1000.0,7.24,B
2021-06-22T10:08:52,200.0,7.24,B
2021-06-22T10:08:51,2000.0,7.24,B
2021-06-22T10:08:47,200.0,7.24,B
2021-06-22T10:08:46,100.0,7.24,B
2021-06-22T10:08:46,2700.0,7.24,B
2021-06-22T10:08:43,8700.0,7.24,B
2021-06-22T10:08:26,1000.0,7.23,S
2021-06-22T10:07:55,20000.0,7.24,B
2021-06-22T10:07:50,100.0,7.24,B
2021-06-22T10:07:34,200.0,7.24,B
2021-06-22T10:07:33,2000.0,7.24,B
2021-06-22T10:07:32,2000.0,7.23,S
2021-06-22T10:07:20,100.0,7.24,B
2021-06-22T10:07:16,8000.0,7.24,B
2021-06-22T10:07:15,100.0,7.24,B
2021-06-22T10:07:08,100.0,7.24,B
2021-06-22T10:06:48,5000.0,7.24,B
2021-06-22T10:06:46,200.0,7.24,B
2021-06-22T10:06:12,800.0,7.24,B
2021-06-22T10:06:12,200.0,7.24,B
2021-06-22T10:06:10,800.0,7.23,S
2021-06-22T10:06:10,2200.0,7.23,S
2021-06-22T10:06:07,1000.0,7.24,B
2021-06-22T10:05:55,1000.0,7.24,B
2021-06-22T10:05:41,1000.0,7.24,B
2021-06-22T10:05:37,2800.0,7.23,S
2021-06-22T10:05:25,1000.0,7.24,B
2021-06-22T10:05:22,7200.0,7.24,B
2021-06-22T10:05:19,1000.0,7.24,B
2021-06-22T10:05:18,1000.0,7.23,S
2021-06-22T10:05:18,200.0,7.24,B
2021-06-22T10:05:16,3600.0,7.23,S
2021-06-22T10:05:12,300.0,7.24,B
2021-06-22T10:05:08,100.0,7.24,B
2021-06-22T10:05:08,100.0,7.24,B
2021-06-22T10:05:06,900.0,7.24,B
2021-06-22T10:04:58,1100.0,7.24,B
2021-06-22T10:04:39,100.0,7.24,B
2021-06-22T10:04:39,1200.0,7.24,B
2021-06-22T10:04:38,100.0,7.24,B
2021-06-22T10:04:38,200.0,7.23,S
2021-06-22T10:04:37,70000.0,7.23,S
2021-06-22T10:04:32,10000.0,7.23,S
2021-06-22T10:04:19,1000.0,7.25,B
2021-06-22T10:04:19,1000.0,7.24,S
2021-06-22T10:04:10,11800.0,7.23,S
2021-06-22T10:04:07,1000.0,7.25,B
2021-06-22T10:04:05,6000.0,7.23,S
2021-06-22T10:03:57,100.0,7.25,B
2021-06-22T10:03:57,5000.0,7.25,B
2021-06-22T10:03:56,1000.0,7.25,B
2021-06-22T10:03:44,26900.0,7.23,S
2021-06-22T10:03:44,500.0,7.24,S
2021-06-22T10:03:44,2100.0,7.24,S
2021-06-22T10:03:44,5400.0,7.24,S
2021-06-22T10:03:43,100.0,7.25,B
2021-06-22T10:03:39,20000.0,7.25,B
2021-06-22T10:03:37,9100.0,7.25,B
2021-06-22T10:03:36,2000.0,7.25,B
2021-06-22T10:03:36,500.0,7.24,S
2021-06-22T10:03:35,9800.0,7.25,B
2021-06-22T10:03:31,1000.0,7.28,B
2021-06-22T10:03:30,200.0,7.25,B
2021-06-22T10:03:03,1000.0,7.25,S
2021-06-22T10:03:00,7000.0,7.25,S
2021-06-22T10:03:00,2500.0,7.25,S
2021-06-22T10:03:00,7900.0,7.25,S
2021-06-22T10:03:00,200.0,7.25,S
2021-06-22T10:02:59,14600.0,7.25,S
2021-06-22T10:02:39,20000.0,7.26,S
2021-06-22T10:02:34,100.0,7.28,B
2021-06-22T10:01:53,1000.0,7.28,B
2021-06-22T10:01:49,8000.0,7.25,S
2021-06-22T10:01:49,5200.0,7.25,S
2021-06-22T10:01:49,2500.0,7.25,S
2021-06-22T10:01:49,9400.0,7.25,S
2021-06-22T10:01:49,1000.0,7.25,S
2021-06-22T10:01:49,2000.0,7.25,S
2021-06-22T10:01:49,21900.0,7.25,S
2021-06-22T10:01:47,1500.0,7.28,B
2021-06-22T10:01:16,200.0,7.28,B
2021-06-22T10:01:15,2100.0,7.28,B
2021-06-22T10:01:08,1000.0,7.27,S
2021-06-22T10:01:01,300.0,7.28,B
2021-06-22T10:00:25,5000.0,7.28,B
2021-06-22T10:00:04,1000.0,7.28,B
2021-06-22T09:59:49,11300.0,7.26,S
2021-06-22T09:59:49,6600.0,7.26,S
2021-06-22T09:59:49,2100.0,7.27,S
2021-06-22T09:59:49,4600.0,7.28,B
2021-06-22T09:59:49,800.0,7.28,B
2021-06-22T09:59:49,500.0,7.27,S
2021-06-22T09:59:47,100.0,7.28,B
2021-06-22T09:59:46,100.0,7.28,B
2021-06-22T09:59:44,15000.0,7.27,S
2021-06-22T09:59:40,800.0,7.28,B
2021-06-22T09:59:31,1600.0,7.27,S
2021-06-22T09:59:25,200.0,7.28,S
2021-06-22T09:59:20,200.0,7.29,B
2021-06-22T09:59:19,2700.0,7.27,S
2021-06-22T09:59:19,100.0,7.27,S
2021-06-22T09:59:19,3200.0,7.28,S
2021-06-22T09:59:19,4000.0,7.28,S
2021-06-22T09:59:11,2000.0,7.28,S
2021-06-22T09:59:09,2000.0,7.29,B
2021-06-22T09:59:08,100.0,7.29,B
2021-06-22T09:58:35,500.0,7.29,B
2021-06-22T09:58:09,8600.0,7.29,S
2021-06-22T09:57:43,11600.0,7.29,B
2021-06-22T09:57:38,1900.0,7.29,B
2021-06-22T09:57:26,10000.0,7.29,B
2021-06-22T09:57:26,100.0,7.28,S
2021-06-22T09:57:11,900.0,7.27,S
2021-06-22T09:57:11,100.0,7.27,S
2021-06-22T09:57:10,9000.0,7.27,S
2021-06-22T09:56:59,3000.0,7.28,B
2021-06-22T09:56:57,200.0,7.28,B
2021-06-22T09:56:55,400.0,7.28,B
2021-06-22T09:56:55,1200.0,7.28,B
2021-06-22T09:56:47,2000.0,7.28,B
2021-06-22T09:56:08,100.0,7.28,B
2021-06-22T09:56:01,6900.0,7.28,B
2021-06-22T09:55:48,3000.0,7.27,S
2021-06-22T09:55:43,500.0,7.28,B
2021-06-22T09:55:37,1000.0,7.28,B
2021-06-22T09:55:28,2000.0,7.28,B
2021-06-22T09:55:23,2000.0,7.28,B
2021-06-22T09:55:17,1000.0,7.28,B
2021-06-22T09:55:15,2000.0,7.28,B
2021-06-22T09:55:15,4000.0,7.28,B
2021-06-22T09:55:14,400.0,7.28,B
2021-06-22T09:55:11,100.0,7.27,S
2021-06-22T09:55:04,500.0,7.28,B
2021-06-22T09:54:52,200.0,7.28,S
2021-06-22T09:54:49,100.0,7.28,S
2021-06-22T09:54:49,100.0,7.28,S
2021-06-22T09:54:48,7700.0,7.28,S
2021-06-22T09:54:47,5000.0,7.28,S
2021-06-22T09:54:31,1500.0,7.28,B
2021-06-22T09:54:31,100.0,7.28,B
2021-06-22T09:54:31,2200.0,7.28,B
2021-06-22T09:54:29,2200.0,7.27,S
2021-06-22T09:54:28,1000.0,7.27,S
2021-06-22T09:54:18,5000.0,7.27,S
2021-06-22T09:53:48,500.0,7.27,S
2021-06-22T09:53:46,300.0,7.28,B
2021-06-22T09:53:39,200.0,7.27,S
2021-06-22T09:53:35,800.0,7.27,S
2021-06-22T09:53:34,2000.0,7.28,B
2021-06-22T09:53:28,800.0,7.28,B
2021-06-22T09:53:28,200.0,7.28,B
2021-06-22T09:53:11,300.0,7.28,B
2021-06-22T09:53:10,900.0,7.27,S
2021-06-22T09:53:09,1100.0,7.27,S
2021-06-22T09:52:59,500.0,7.28,B
2021-06-22T09:52:58,500.0,7.28,B
2021-06-22T09:52:56,1000.0,7.29,B
2021-06-22T09:52:55,5000.0,7.29,B
2021-06-22T09:52:38,100.0,7.28,S
2021-06-22T09:52:31,500.0,7.28,S
2021-06-22T09:52:31,5100.0,7.28,S
2021-06-22T09:52:31,7100.0,7.28,S
2021-06-22T09:52:24,2200.0,7.29,B
2021-06-22T09:51:48,200.0,7.29,B
2021-06-22T09:51:47,1600.0,7.29,B
2021-06-22T09:51:43,200.0,7.29,B
2021-06-22T09:51:39,2000.0,7.29,B
2021-06-22T09:51:35,2500.0,7.29,B
2021-06-22T09:51:26,2200.0,7.29,B
2021-06-22T09:51:19,100.0,7.29,B
2021-06-22T09:51:15,200.0,7.29,B
2021-06-22T09:51:13,1000.0,7.28,S
2021-06-22T09:51:01,2000.0,7.29,B
2021-06-22T09:50:56,1700.0,7.28,S
2021-06-22T09:50:54,5300.0,7.29,B
2021-06-22T09:50:32,600.0,7.29,B
2021-06-22T09:50:28,5000.0,7.29,S
2021-06-22T09:50:24,100.0,7.28,S
2021-06-22T09:50:22,500.0,7.29,S
2021-06-22T09:50:19,1000.0,7.29,S
2021-06-22T09:50:12,100.0,7.29,S
2021-06-22T09:50:11,100.0,7.29,S
2021-06-22T09:50:09,5900.0,7.29,S
2021-06-22T09:50:06,1000.0,7.3,B
2021-06-22T09:50:04,500.0,7.29,S
2021-06-22T09:49:51,1000.0,7.29,S
2021-06-22T09:49:29,1000.0,7.29,S
2021-06-22T09:49:28,400.0,7.3,B
2021-06-22T09:49:16,10000.0,7.3,B
2021-06-22T09:49:10,200.0,7.28,S
2021-06-22T09:49:09,100.0,7.28,S
2021-06-22T09:49:08,1100.0,7.28,S
2021-06-22T09:49:07,10000.0,7.28,S
2021-06-22T09:49:07,7000.0,7.3,B
2021-06-22T09:49:03,1100.0,7.28,S
2021-06-22T09:49:00,2300.0,7.28,S
2021-06-22T09:48:59,700.0,7.28,S
2021-06-22T09:48:43,11000.0,7.28,S
2021-06-22T09:48:21,300.0,7.28,S
2021-06-22T09:48:19,1000.0,7.28,S
2021-06-22T09:48:10,7000.0,7.28,B
2021-06-22T09:47:56,100.0,7.28,B
2021-06-22T09:47:52,5000.0,7.27,B
2021-06-22T09:47:22,200.0,7.28,B
2021-06-22T09:47:14,3000.0,7.28,B
2021-06-22T09:47:12,13100.0,7.25,S
2021-06-22T09:47:06,7000.0,7.25,B
2021-06-22T09:47:04,3900.0,7.25,B
2021-06-22T09:47:04,46100.0,7.25,B
2021-06-22T09:46:59,2000.0,7.23,S
2021-06-22T09:46:56,200.0,7.25,B
2021-06-22T09:46:48,100.0,7.25,B
2021-06-22T09:46:46,1500.0,7.25,B
2021-06-22T09:46:44,500.0,7.25,B
2021-06-22T09:46:30,500.0,7.25,B
2021-06-22T09:46:29,10000.0,7.25,B
2021-06-22T09:46:19,2400.0,7.25,B
2021-06-22T09:46:15,500.0,7.25,B
2021-06-22T09:46:06,4000.0,7.25,S
2021-06-22T09:46:06,1000.0,7.25,S
2021-06-22T09:46:05,1000.0,7.25,S
2021-06-22T09:46:01,3200.0,7.25,S
2021-06-22T09:45:59,900.0,7.23,S
2021-06-22T09:45:59,100.0,7.24,S
2021-06-22T09:45:58,1000.0,7.24,S
2021-06-22T09:45:54,2000.0,7.25,S
2021-06-22T09:45:53,300.0,7.25,S
2021-06-22T09:45:37,500.0,7.25,S
2021-06-22T09:45:36,300.0,7.25,S
2021-06-22T09:45:26,19000.0,7.25,S
2021-06-22T09:45:26,3100.0,7.25,S
2021-06-22T09:45:26,9200.0,7.25,S
2021-06-22T09:45:22,200.0,7.27,S
2021-06-22T09:45:17,20000.0,7.25,S
2021-06-22T09:45:02,3000.0,7.27,S
2021-06-22T09:45:02,26000.0,7.27,S
2021-06-22T09:45:02,1200.0,7.27,S
2021-06-22T09:45:02,1200.0,7.28,S
2021-06-22T09:45:01,23600.0,7.28,S
2021-06-22T09:44:59,1200.0,7.3,B
2021-06-22T09:44:42,300.0,7.3,B
2021-06-22T09:44:41,50000.0,7.3,B
2021-06-22T09:44:31,1000.0,7.28,S
2021-06-22T09:44:23,200.0,7.3,B
2021-06-22T09:44:14,4000.0,7.28,S
2021-06-22T09:44:07,500.0,7.3,B
2021-06-22T09:44:01,10000.0,7.3,B
2021-06-22T09:43:58,200.0,7.3,B
2021-06-22T09:43:52,3000.0,7.3,B
2021-06-22T09:43:39,5000.0,7.3,B
2021-06-22T09:43:26,5000.0,7.3,B
2021-06-22T09:43:21,500.0,7.3,B
2021-06-22T09:43:20,100.0,7.29,S
2021-06-22T09:43:19,5000.0,7.3,B
2021-06-22T09:43:16,500.0,7.3,B
2021-06-22T09:43:15,500.0,7.3,B
2021-06-22T09:43:10,200.0,7.3,B
2021-06-22T09:42:51,1000.0,7.3,S
2021-06-22T09:42:51,600.0,7.3,S
2021-06-22T09:42:49,200.0,7.3,S
2021-06-22T09:42:41,2600.0,7.3,S
2021-06-22T09:42:39,3000.0,7.31,B
2021-06-22T09:42:37,500.0,7.3,S
2021-06-22T09:42:37,1700.0,7.31,B
2021-06-22T09:42:35,400.0,7.3,S
2021-06-22T09:42:28,1000.0,7.3,S
2021-06-22T09:42:28,800.0,7.3,S
2021-06-22T09:42:28,5200.0,7.3,S
2021-06-22T09:42:25,3100.0,7.3,S
2021-06-22T09:42:21,1200.0,7.31,B
2021-06-22T09:42:16,1000.0,7.3,S
2021-06-22T09:42:09,700.0,7.3,S
2021-06-22T09:42:09,500.0,7.3,S
2021-06-22T09:41:56,1300.0,7.3,S
2021-06-22T09:41:48,1300.0,7.31,B
2021-06-22T09:41:39,100.0,7.31,B
2021-06-22T09:41:37,1000.0,7.3,S
2021-06-22T09:41:26,2000.0,7.31,B
2021-06-22T09:41:24,100.0,7.31,B
2021-06-22T09:41:10,3500.0,7.31,B
2021-06-22T09:41:06,1000.0,7.3,S
2021-06-22T09:40:58,300.0,7.3,S
2021-06-22T09:40:58,200.0,7.3,S
2021-06-22T09:40:58,6500.0,7.3,S
2021-06-22T09:40:58,37900.0,7.3,S
2021-06-22T09:40:58,9300.0,7.3,S
2021-06-22T09:40:58,1000.0,7.3,S
2021-06-22T09:40:58,3500.0,7.3,S
2021-06-22T09:40:58,10100.0,7.3,S
2021-06-22T09:40:58,18500.0,7.3,S
2021-06-22T09:40:56,1700.0,7.3,S
2021-06-22T09:40:54,2000.0,7.3,S
2021-06-22T09:40:51,10000.0,7.31,B
2021-06-22T09:40:46,100.0,7.3,S
2021-06-22T09:40:34,6800.0,7.3,S
2021-06-22T09:40:34,1500.0,7.3,S
2021-06-22T09:40:16,5000.0,7.3,S
2021-06-22T09:40:11,400.0,7.31,B
2021-06-22T09:40:03,1000.0,7.31,B
2021-06-22T09:40:01,200.0,7.31,B
2021-06-22T09:39:45,12500.0,7.31,S
2021-06-22T09:39:45,2600.0,7.31,S
2021-06-22T09:39:43,20000.0,7.32,B
2021-06-22T09:39:43,100.0,7.32,B
2021-06-22T09:39:43,500.0,7.32,B
2021-06-22T09:39:39,7400.0,7.31,S
2021-06-22T09:39:39,3200.0,7.31,S
2021-06-22T09:39:39,1400.0,7.31,S
2021-06-22T09:39:30,900.0,7.32,B
2021-06-22T09:39:16,2000.0,7.32,S
2021-06-22T09:39:14,300.0,7.32,S
2021-06-22T09:39:01,200.0,7.32,S
2021-06-22T09:38:54,100.0,7.33,B
2021-06-22T09:38:43,300.0,7.33,B
2021-06-22T09:38:40,2700.0,7.33,B
2021-06-22T09:38:38,200.0,7.32,S
2021-06-22T09:38:35,100.0,7.33,B
2021-06-22T09:38:34,1000.0,7.32,S
2021-06-22T09:38:22,600.0,7.33,B
2021-06-22T09:38:21,15000.0,7.32,S
2021-06-22T09:38:19,1000.0,7.33,B
2021-06-22T09:38:16,100.0,7.33,B
2021-06-22T09:38:11,100.0,7.33,B
2021-06-22T09:38:10,3000.0,7.33,B
2021-06-22T09:37:54,300.0,7.33,S
2021-06-22T09:37:48,1000.0,7.33,S
2021-06-22T09:37:42,900.0,7.33,S
2021-06-22T09:37:26,2400.0,7.33,S
2021-06-22T09:37:24,20000.0,7.33,S
2021-06-22T09:37:09,100.0,7.35,B
2021-06-22T09:37:09,500.0,7.35,B
2021-06-22T09:36:53,400.0,7.33,S
2021-06-22T09:36:42,3400.0,7.35,B
2021-06-22T09:36:38,100.0,7.35,B
2021-06-22T09:36:21,1000.0,7.35,S
2021-06-22T09:36:20,200.0,7.35,S
2021-06-22T09:36:16,500.0,7.35,S
2021-06-22T09:36:14,100.0,7.35,S
2021-06-22T09:36:12,500.0,7.35,S
2021-06-22T09:36:10,3600.0,7.33,S
2021-06-22T09:36:08,100.0,7.33,S
2021-06-22T09:35:47,100.0,7.35,S
2021-06-22T09:35:43,1800.0,7.32,S
2021-06-22T09:35:42,400.0,7.35,S
2021-06-22T09:35:35,100.0,7.35,S
2021-06-22T09:35:26,3900.0,7.35,S
2021-06-22T09:35:25,400.0,7.35,S
2021-06-22T09:35:25,1200.0,7.35,S
2021-06-22T09:35:10,2800.0,7.36,B
2021-06-22T09:35:10,700.0,7.32,S
2021-06-22T09:35:10,300.0,7.32,S
2021-06-22T09:35:02,100.0,7.33,S
2021-06-22T09:35:02,600.0,7.35,S
2021-06-22T09:35:01,400.0,7.35,S
2021-06-22T09:34:52,600.0,7.35,S
2021-06-22T09:34:51,900.0,7.33,S
2021-06-22T09:34:51,100.0,7.34,S
2021-06-22T09:34:49,1000.0,7.35,S
2021-06-22T09:34:39,3000.0,7.35,S
2021-06-22T09:34:24,4100.0,7.33,S
2021-06-22T09:34:24,1100.0,7.35,S
2021-06-22T09:34:24,8100.0,7.35,S
2021-06-22T09:34:24,6700.0,7.35,S
2021-06-22T09:34:23,12700.0,7.35,S
2021-06-22T09:34:07,6000.0,7.35,S
2021-06-22T09:33:51,300.0,7.36,S
2021-06-22T09:33:45,9500.0,7.35,S
2021-06-22T09:33:38,5000.0,7.36,S
2021-06-22T09:33:11,5000.0,7.36,S
2021-06-22T09:33:10,2800.0,7.36,S
2021-06-22T09:32:51,2000.0,7.37,B
2021-06-22T09:32:51,5000.0,7.36,S
2021-06-22T09:32:50,200.0,7.37,B
2021-06-22T09:32:43,3000.0,7.36,S
2021-06-22T09:32:43,1000.0,7.36,S
2021-06-22T09:32:36,1000.0,7.37,B
2021-06-22T09:32:32,1000.0,7.36,S
2021-06-22T09:32:09,100.0,7.37,B
2021-06-22T09:32:09,2500.0,7.37,B
2021-06-22T09:32:02,500.0,7.37,S
2021-06-22T09:31:51,200.0,7.37,S
2021-06-22T09:31:49,100.0,7.37,S
2021-06-22T09:31:44,200.0,7.37,S
2021-06-22T09:31:44,1700.0,7.37,S
2021-06-22T09:31:44,3600.0,7.37,S
2021-06-22T09:31:44,1700.0,7.37,S
2021-06-22T09:31:44,7300.0,7.37,S
2021-06-22T09:31:44,22200.0,7.37,S
2021-06-22T09:31:44,3000.0,7.37,S
2021-06-22T09:31:44,10400.0,7.37,S
2021-06-22T09:31:44,1900.0,7.37,S
2021-06-22T09:31:44,6000.0,7.37,S
2021-06-22T09:31:44,42300.0,7.37,S
2021-06-22T09:31:31,3000.0,7.39,B
2021-06-22T09:31:29,5000.0,7.38,S
2021-06-22T09:31:27,5100.0,7.38,S
2021-06-22T09:31:23,3300.0,7.38,S
2021-06-22T09:31:22,500.0,7.38,S
2021-06-22T09:31:22,100.0,7.38,S
2021-06-22T09:31:20,2800.0,7.38,S
2021-06-22T09:30:49,2000.0,7.38,S
2021-06-22T09:30:39,800.0,7.39,B
2021-06-22T09:30:31,5000.0,7.38,S
2021-06-22T09:30:30,1000.0,7.38,S
2021-06-22T09:30:29,1000.0,7.38,S
2021-06-22T09:30:20,4700.0,7.38,S
2021-06-22T09:30:19,500.0,7.39,B
2021-06-22T09:30:06,200.0,7.38,S
2021-06-22T09:30:05,500.0,7.38,S
2021-06-22T09:30:04,500.0,7.39,B
2021-06-22T09:29:50,600.0,7.39,B
2021-06-22T09:29:45,400.0,7.39,S
2021-06-22T09:29:26,13300.0,7.39,S
2021-06-22T09:29:23,4000.0,7.39,S
2021-06-22T09:29:03,100.0,7.4,B
2021-06-22T09:28:50,2000.0,7.4,S
2021-06-22T09:28:38,1000.0,7.4,S
2021-06-22T09:28:29,1000.0,7.4,S
2021-06-22T09:28:25,1000.0,7.4,S
2021-06-22T09:28:14,3100.0,7.4,S
2021-06-22T09:27:52,1000.0,7.4,S
2021-06-22T09:27:52,6200.0,7.4,S
2021-06-22T09:27:44,9000.0,7.4,S
2021-06-22T09:27:43,200.0,7.4,S
2021-06-22T09:27:36,2200.0,7.41,B
2021-06-22T09:27:35,800.0,7.41,B
2021-06-22T09:27:08,3500.0,7.4,S
2021-06-22T09:27:01,10000.0,7.4,S
2021-06-22T09:27:00,1000.0,7.4,S
2021-06-22T09:26:40,2000.0,7.4,S
2021-06-22T09:26:25,2500.0,7.4,S
2021-06-22T09:26:25,7800.0,7.4,S
2021-06-22T09:26:25,2000.0,7.4,S
2021-06-22T09:26:24,4700.0,7.4,S
2021-06-22T09:26:22,100.0,7.41,S
2021-06-22T09:26:22,100.0,7.41,S
2021-06-22T09:26:21,2000.0,7.42,B
2021-06-22T09:26:20,5000.0,7.41,S
2021-06-22T09:26:20,1000.0,7.42,B
2021-06-22T09:25:57,100.0,7.42,B
2021-06-22T09:25:46,20000.0,7.42,B
2021-06-22T09:25:23,100.0,7.42,B
2021-06-22T09:25:05,400.0,7.41,S
2021-06-22T09:25:05,100.0,7.41,S
2021-06-22T09:25:05,500.0,7.41,S
2021-06-22T09:24:38,2000.0,7.41,S
2021-06-22T09:24:00,100.0,7.42,S
2021-06-22T09:23:59,1300.0,7.42,S
2021-06-22T09:23:55,300.0,7.42,S
2021-06-22T09:23:47,900.0,7.41,S
2021-06-22T09:23:34,100.0,7.42,S
2021-06-22T09:23:34,1000.0,7.42,S
2021-06-22T09:23:27,10000.0,7.41,S
2021-06-22T09:23:22,1000.0,7.42,S
2021-06-22T09:23:20,100.0,7.41,S
2021-06-22T09:23:14,100.0,7.42,S
2021-06-22T09:23:00,300.0,7.42,S
2021-06-22T09:22:58,10000.0,7.42,S
2021-06-22T09:22:55,1000.0,7.42,S
2021-06-22T09:22:55,8400.0,7.42,S
2021-06-22T09:22:52,1000.0,7.43,S
2021-06-22T09:22:47,500.0,7.44,B
2021-06-22T09:22:37,3000.0,7.43,S
2021-06-22T09:22:23,5000.0,7.43,S
2021-06-22T09:21:56,900.0,7.43,S
2021-06-22T09:21:29,10000.0,7.42,S
2021-06-22T09:21:14,600.0,7.5,B
2021-06-22T09:21:14,4800.0,7.5,B
2021-06-22T09:21:14,400.0,7.5,B
2021-06-22T09:21:14,1100.0,7.5,B
2021-06-22T09:21:14,10000.0,7.49,B
2021-06-22T09:21:14,2300.0,7.49,B
2021-06-22T09:21:14,100.0,7.46,B
2021-06-22T09:21:14,10700.0,7.45,B
2021-06-22T09:21:14,300.0,7.43,S
2021-06-22T09:21:10,1000.0,7.45,B
2021-06-22T09:21:01,200.0,7.44,B
2021-06-22T09:20:53,200.0,7.41,S
2021-06-22T09:20:48,3000.0,7.44,B
2021-06-22T09:20:45,100.0,7.44,B
2021-06-22T09:20:38,300.0,7.41,S
2021-06-22T09:20:24,7300.0,7.44,B
2021-06-22T09:20:22,100.0,7.41,S
2021-06-22T09:20:07,23000.0,7.41,S
2021-06-22T09:20:01,100.0,7.44,B
2021-06-22T09:19:59,500.0,7.44,B
2021-06-22T09:19:49,500.0,7.44,B
2021-06-22T09:19:34,600.0,7.44,B
2021-06-22T09:19:29,1800.0,7.44,B
2021-06-22T09:19:22,500.0,7.41,B
2021-06-22T09:19:18,3000.0,7.41,B
2021-06-22T09:19:18,200.0,7.41,B
2021-06-22T09:19:14,300.0,7.41,B
2021-06-22T09:19:04,1000.0,7.4,S
2021-06-22T09:18:56,500.0,7.4,S
2021-06-22T09:18:35,1000.0,7.4,S
2021-06-22T09:18:11,7900.0,7.38,S
2021-06-22T09:17:52,300.0,7.41,B
2021-06-22T09:17:44,5000.0,7.4,S
2021-06-22T09:17:42,300.0,7.4,S
2021-06-22T09:17:17,2000.0,7.4,S
2021-06-22T09:16:35,4400.0,7.4,B
2021-06-22T09:16:29,1100.0,7.38,S
2021-06-22T09:16:24,900.0,7.4,B
2021-06-22T09:16:05,10000.0,7.38,S
2021-06-22T09:15:57,200.0,7.39,B
