tradingTime,volume,price,side
2021-06-22T14:29:01,500.0,57.7,B
2021-06-22T14:26:38,100.0,57.6,S
2021-06-22T14:25:54,100.0,57.6,S
2021-06-22T14:25:13,1100.0,57.5,S
2021-06-22T14:25:13,900.0,57.6,S
2021-06-22T14:24:54,100.0,57.7,B
2021-06-22T14:24:22,200.0,57.6,S
2021-06-22T14:22:55,2000.0,57.6,S
2021-06-22T14:20:20,100.0,57.6,S
2021-06-22T14:16:46,100.0,57.7,B
2021-06-22T14:14:36,4700.0,57.6,S
2021-06-22T14:14:30,1700.0,57.7,B
2021-06-22T14:13:12,100.0,57.7,B
2021-06-22T14:12:34,200.0,57.6,B
2021-06-22T14:11:51,700.0,57.6,B
2021-06-22T14:10:32,500.0,57.6,B
2021-06-22T14:07:00,1000.0,57.6,B
2021-06-22T14:05:18,100.0,57.6,B
2021-06-22T14:03:52,100.0,57.6,B
2021-06-22T14:02:59,400.0,57.3,S
2021-06-22T14:00:14,400.0,57.6,B
2021-06-22T13:55:10,1000.0,57.7,B
2021-06-22T13:55:04,1400.0,57.5,S
2021-06-22T13:51:38,200.0,57.7,B
2021-06-22T13:50:19,200.0,57.6,B
2021-06-22T13:49:56,100.0,57.5,B
2021-06-22T13:49:53,300.0,57.5,B
2021-06-22T13:48:08,300.0,57.5,B
2021-06-22T13:48:01,300.0,57.5,B
2021-06-22T13:46:40,100.0,57.5,B
2021-06-22T13:46:32,1000.0,57.5,B
2021-06-22T13:44:47,100.0,57.5,B
2021-06-22T13:44:45,2000.0,57.5,B
2021-06-22T13:43:27,500.0,57.3,S
2021-06-22T13:41:50,200.0,57.4,S
2021-06-22T13:40:55,100.0,57.5,B
2021-06-22T13:40:46,1000.0,57.5,S
2021-06-22T13:40:40,100.0,57.5,S
2021-06-22T13:40:21,800.0,57.5,S
2021-06-22T13:40:21,1100.0,57.5,S
2021-06-22T13:40:21,900.0,57.5,S
2021-06-22T13:38:23,800.0,57.6,S
2021-06-22T13:38:03,400.0,57.6,S
2021-06-22T13:36:48,1000.0,57.6,S
2021-06-22T13:33:47,6000.0,57.6,S
2021-06-22T13:31:46,1000.0,57.7,B
2021-06-22T13:30:54,100.0,57.7,B
2021-06-22T13:29:36,100.0,57.7,B
2021-06-22T13:28:47,500.0,57.7,B
2021-06-22T13:24:37,100.0,57.7,B
2021-06-22T13:20:55,500.0,57.7,B
2021-06-22T13:19:46,100.0,57.7,B
2021-06-22T13:19:19,800.0,57.7,S
2021-06-22T13:17:19,700.0,57.7,S
2021-06-22T13:17:19,200.0,57.7,S
2021-06-22T13:17:19,1400.0,57.7,S
2021-06-22T13:17:19,200.0,57.7,S
2021-06-22T13:17:19,1500.0,57.7,S
2021-06-22T13:16:12,200.0,57.8,B
2021-06-22T13:16:08,100.0,57.8,B
2021-06-22T13:14:06,100.0,57.8,B
2021-06-22T13:13:22,300.0,57.8,B
2021-06-22T13:12:41,100.0,57.8,B
2021-06-22T13:11:30,300.0,57.8,B
2021-06-22T13:10:50,800.0,57.7,S
2021-06-22T13:10:03,500.0,57.7,S
2021-06-22T13:08:11,200.0,57.7,S
2021-06-22T13:06:05,500.0,57.7,S
2021-06-22T13:05:58,100.0,57.8,B
2021-06-22T13:01:35,100.0,57.8,B
2021-06-22T13:00:56,500.0,57.9,B
2021-06-22T13:00:46,100.0,57.8,S
2021-06-22T13:00:28,2900.0,57.8,S
2021-06-22T13:00:16,300.0,57.9,B
2021-06-22T13:00:14,100.0,57.8,S
2021-06-22T13:00:08,200.0,57.9,B
2021-06-22T13:00:07,100.0,57.9,B
2021-06-22T11:29:58,200.0,57.9,B
2021-06-22T11:28:01,200.0,57.9,B
2021-06-22T11:26:46,500.0,57.9,B
2021-06-22T11:23:48,300.0,57.9,S
2021-06-22T11:19:32,1800.0,57.9,S
2021-06-22T11:19:32,200.0,57.9,S
2021-06-22T11:17:52,100.0,57.9,S
2021-06-22T11:17:42,100.0,57.9,S
2021-06-22T11:17:41,100.0,57.9,S
2021-06-22T11:17:22,600.0,57.9,S
2021-06-22T11:16:03,300.0,57.9,S
2021-06-22T11:15:07,100.0,57.9,S
2021-06-22T11:14:55,5000.0,58.0,B
2021-06-22T11:14:43,300.0,57.9,S
2021-06-22T11:12:40,4300.0,58.0,S
2021-06-22T11:12:29,3000.0,58.0,S
2021-06-22T11:12:17,3000.0,58.0,S
2021-06-22T11:12:08,4000.0,58.0,S
2021-06-22T11:11:56,200.0,58.2,B
2021-06-22T11:11:39,100.0,58.2,B
2021-06-22T11:11:12,700.0,58.2,B
2021-06-22T11:10:14,300.0,58.2,B
2021-06-22T11:09:40,1800.0,58.1,B
2021-06-22T11:09:27,900.0,58.1,B
2021-06-22T11:07:49,200.0,58.1,B
2021-06-22T11:07:37,100.0,58.1,S
2021-06-22T11:05:23,100.0,58.1,B
2021-06-22T11:04:03,1400.0,58.1,S
2021-06-22T11:03:03,100.0,58.1,S
2021-06-22T11:02:19,2000.0,58.1,S
2021-06-22T10:58:49,100.0,58.1,B
2021-06-22T10:58:44,3000.0,58.1,B
2021-06-22T10:58:21,100.0,58.1,B
2021-06-22T10:57:29,100.0,58.0,S
2021-06-22T10:53:19,300.0,58.0,S
2021-06-22T10:49:56,1700.0,57.9,S
2021-06-22T10:46:44,1400.0,58.0,B
2021-06-22T10:45:09,200.0,58.0,B
2021-06-22T10:45:09,100.0,58.0,B
2021-06-22T10:43:56,6000.0,58.0,B
2021-06-22T10:43:16,1000.0,58.0,B
2021-06-22T10:40:57,100.0,58.0,B
2021-06-22T10:39:23,4300.0,58.0,B
2021-06-22T10:38:17,500.0,58.0,B
2021-06-22T10:38:03,500.0,58.0,B
2021-06-22T10:37:16,200.0,58.0,B
2021-06-22T10:35:34,100.0,58.0,B
2021-06-22T10:35:27,100.0,58.0,B
2021-06-22T10:35:05,400.0,58.0,B
2021-06-22T10:34:49,200.0,58.0,B
2021-06-22T10:34:39,200.0,57.9,B
2021-06-22T10:34:24,200.0,57.9,B
2021-06-22T10:34:01,3600.0,57.8,S
2021-06-22T10:33:51,1500.0,57.9,B
2021-06-22T10:31:34,400.0,57.8,B
2021-06-22T10:30:33,100.0,57.8,B
2021-06-22T10:27:41,100.0,57.7,B
2021-06-22T10:27:34,100.0,57.7,S
2021-06-22T10:27:20,3400.0,57.7,S
2021-06-22T10:27:09,100.0,57.8,B
2021-06-22T10:24:50,100.0,57.8,S
2021-06-22T10:24:50,100.0,57.8,S
2021-06-22T10:24:34,100.0,57.8,S
2021-06-22T10:24:32,100.0,57.9,B
2021-06-22T10:24:18,1400.0,57.8,S
2021-06-22T10:23:24,200.0,57.8,S
2021-06-22T10:22:45,200.0,57.8,S
2021-06-22T10:20:57,100.0,57.9,S
2021-06-22T10:20:17,100.0,57.9,S
2021-06-22T10:20:03,200.0,57.9,S
2021-06-22T10:16:26,100.0,58.0,B
2021-06-22T10:15:56,100.0,58.0,S
2021-06-22T10:15:53,1200.0,58.0,S
2021-06-22T10:15:53,100.0,58.1,B
2021-06-22T10:13:31,100.0,58.0,B
2021-06-22T10:12:26,300.0,58.0,B
2021-06-22T10:12:21,800.0,58.0,B
2021-06-22T10:11:45,100.0,58.0,B
2021-06-22T10:10:09,1700.0,58.0,S
2021-06-22T10:07:49,4100.0,58.0,S
2021-06-22T10:07:49,500.0,58.0,S
2021-06-22T10:07:49,100.0,58.0,S
2021-06-22T10:07:48,1200.0,58.0,S
2021-06-22T10:07:48,1500.0,58.1,S
2021-06-22T10:03:31,900.0,58.1,S
2021-06-22T10:03:00,100.0,58.2,S
2021-06-22T10:03:00,700.0,58.2,S
2021-06-22T10:02:54,500.0,58.4,B
2021-06-22T10:01:56,200.0,58.3,B
2021-06-22T10:01:56,100.0,58.3,B
2021-06-22T09:59:18,1400.0,58.3,S
2021-06-22T09:57:18,300.0,58.3,S
2021-06-22T09:54:16,800.0,58.3,S
2021-06-22T09:54:16,600.0,58.3,S
2021-06-22T09:53:30,1200.0,58.4,S
2021-06-22T09:52:02,500.0,58.5,B
2021-06-22T09:49:20,100.0,58.5,B
2021-06-22T09:49:15,100.0,58.5,B
2021-06-22T09:49:04,1500.0,58.5,B
2021-06-22T09:48:50,3000.0,58.5,B
2021-06-22T09:47:39,900.0,58.4,B
2021-06-22T09:46:58,200.0,58.4,B
2021-06-22T09:46:44,200.0,58.4,B
2021-06-22T09:46:09,100.0,58.4,B
2021-06-22T09:45:34,500.0,58.4,B
2021-06-22T09:44:48,2000.0,58.4,B
2021-06-22T09:44:17,100.0,58.4,B
2021-06-22T09:43:10,2000.0,58.4,B
2021-06-22T09:42:28,300.0,58.3,S
2021-06-22T09:41:30,100.0,58.3,S
2021-06-22T09:41:27,100.0,58.4,B
2021-06-22T09:41:11,200.0,58.4,B
2021-06-22T09:39:35,500.0,58.3,S
2021-06-22T09:36:09,300.0,58.3,B
2021-06-22T09:36:03,100.0,58.1,S
2021-06-22T09:35:46,300.0,58.1,S
2021-06-22T09:35:37,500.0,58.1,S
2021-06-22T09:34:50,100.0,58.1,S
2021-06-22T09:34:22,100.0,58.1,S
2021-06-22T09:33:28,300.0,58.1,S
2021-06-22T09:33:19,600.0,58.1,S
2021-06-22T09:33:16,400.0,58.1,S
2021-06-22T09:32:55,500.0,58.3,B
2021-06-22T09:31:11,100.0,58.3,S
2021-06-22T09:30:26,200.0,58.3,S
2021-06-22T09:30:10,500.0,58.3,S
2021-06-22T09:30:08,100.0,58.3,S
2021-06-22T09:30:08,100.0,58.4,S
2021-06-22T09:30:02,200.0,58.5,B
2021-06-22T09:29:54,300.0,58.5,B
2021-06-22T09:29:13,100.0,58.5,S
2021-06-22T09:29:13,700.0,58.5,S
2021-06-22T09:29:13,600.0,58.5,S
2021-06-22T09:28:09,100.0,58.6,S
2021-06-22T09:28:07,100.0,58.6,S
2021-06-22T09:27:33,100.0,58.7,B
2021-06-22T09:27:32,1000.0,58.6,S
2021-06-22T09:26:56,300.0,58.7,B
2021-06-22T09:26:43,3300.0,58.6,S
2021-06-22T09:26:31,300.0,58.7,S
2021-06-22T09:26:16,3600.0,58.7,S
2021-06-22T09:25:31,100.0,58.8,B
2021-06-22T09:24:53,1500.0,58.8,B
2021-06-22T09:24:32,500.0,58.8,B
2021-06-22T09:24:28,100.0,58.8,B
2021-06-22T09:23:55,300.0,58.8,S
2021-06-22T09:23:45,100.0,58.7,S
2021-06-22T09:22:44,8900.0,58.8,S
2021-06-22T09:22:30,500.0,58.8,S
2021-06-22T09:22:15,100.0,58.8,S
2021-06-22T09:22:07,100.0,58.8,S
2021-06-22T09:21:30,500.0,58.8,S
2021-06-22T09:21:26,1700.0,58.8,S
2021-06-22T09:21:20,500.0,58.8,S
2021-06-22T09:21:16,100.0,58.8,S
2021-06-22T09:20:55,200.0,58.8,S
2021-06-22T09:20:39,800.0,58.8,S
2021-06-22T09:20:15,1000.0,58.8,B
2021-06-22T09:20:13,1000.0,58.8,B
2021-06-22T09:20:09,100.0,58.8,B
2021-06-22T09:19:41,900.0,58.9,B
2021-06-22T09:19:41,100.0,58.9,B
2021-06-22T09:19:41,500.0,58.9,B
2021-06-22T09:19:41,1500.0,58.9,B
2021-06-22T09:19:13,100.0,58.8,S
2021-06-22T09:19:09,400.0,58.8,B
2021-06-22T09:19:00,400.0,58.8,B
2021-06-22T09:18:26,1600.0,58.8,B
2021-06-22T09:18:21,100.0,58.7,B
2021-06-22T09:17:59,600.0,58.7,S
2021-06-22T09:17:56,500.0,58.7,S
2021-06-22T09:17:17,1000.0,58.7,S
2021-06-22T09:17:14,100.0,58.9,S
2021-06-22T09:16:56,100.0,58.9,S
2021-06-22T09:16:55,500.0,58.9,S
2021-06-22T09:16:54,200.0,59.0,B
2021-06-22T09:16:52,1000.0,58.9,S
2021-06-22T09:16:43,200.0,58.9,S
2021-06-22T09:16:41,100.0,58.9,S
2021-06-22T09:16:28,1500.0,58.9,S
2021-06-22T09:16:27,300.0,58.9,S
2021-06-22T09:16:16,100.0,59.0,B
2021-06-22T09:16:15,100.0,58.9,S
2021-06-22T09:16:09,1200.0,58.9,B
2021-06-22T09:16:02,2000.0,58.9,B
2021-06-22T09:16:00,200.0,58.9,B
