tradingTime,volume,price,side
2021-06-22T14:51:57,300.0,3.1,B
2021-06-22T14:51:32,2000.0,3.1,B
2021-06-22T14:50:52,24700.0,3.1,B
2021-06-22T14:47:57,100.0,3.1,B
2021-06-22T14:44:27,200.0,3.1,B
2021-06-22T14:43:02,12300.0,3.1,S
2021-06-22T14:42:07,500.0,3.1,S
2021-06-22T14:41:37,17100.0,3.1,B
2021-06-22T14:39:37,1000.0,3.1,B
2021-06-22T14:39:07,200.0,3.1,B
2021-06-22T14:38:27,2600.0,3.1,B
2021-06-22T14:37:12,300.0,3.1,B
2021-06-22T14:35:12,500.0,3.1,B
2021-06-22T14:34:52,2000.0,3.1,B
2021-06-22T14:32:56,9900.0,3.1,S
2021-06-22T14:32:52,2000.0,3.1,S
2021-06-22T14:30:32,3500.0,3.1,S
2021-06-22T14:26:52,1000.0,3.1,B
2021-06-22T14:26:42,1000.0,3.1,B
2021-06-22T14:26:40,900.0,3.1,B
2021-06-22T14:26:29,100.0,3.1,B
2021-06-22T14:26:22,400.0,3.1,B
2021-06-22T14:26:12,100.0,3.1,B
2021-06-22T14:25:24,1000.0,3.1,B
2021-06-22T14:24:55,5500.0,3.1,S
2021-06-22T14:23:10,4900.0,3.1,S
2021-06-22T14:21:53,500.0,3.1,S
2021-06-22T14:21:28,500.0,3.1,S
2021-06-22T14:20:28,100.0,3.1,S
2021-06-22T14:19:58,50100.0,3.2,B
2021-06-22T14:19:07,800.0,3.0,S
2021-06-22T14:18:24,100.0,3.1,B
2021-06-22T14:18:14,800.0,3.1,B
2021-06-22T14:17:57,300.0,3.1,B
2021-06-22T14:16:59,300.0,3.1,B
2021-06-22T14:16:11,100.0,3.1,B
2021-06-22T14:15:25,3000.0,3.1,B
2021-06-22T14:14:14,400.0,3.1,B
2021-06-22T14:13:50,5000.0,3.1,B
2021-06-22T14:13:39,700.0,3.1,B
2021-06-22T14:13:32,5400.0,3.1,B
2021-06-22T14:11:14,2400.0,3.1,B
2021-06-22T14:08:37,100.0,3.1,B
2021-06-22T14:07:19,1000.0,3.1,B
2021-06-22T14:06:42,6000.0,3.1,B
2021-06-22T14:04:08,400.0,3.1,B
2021-06-22T14:00:15,600.0,3.1,B
2021-06-22T14:00:09,8000.0,3.0,S
2021-06-22T13:59:42,1600.0,3.1,B
2021-06-22T13:59:02,1000.0,3.1,B
2021-06-22T13:59:02,200.0,3.1,B
2021-06-22T13:58:28,100.0,3.1,B
2021-06-22T13:57:50,3200.0,3.0,S
2021-06-22T13:57:04,10000.0,3.1,B
2021-06-22T13:54:09,1000.0,3.1,B
2021-06-22T13:53:32,100.0,3.1,B
2021-06-22T13:52:55,200.0,3.1,B
2021-06-22T13:52:02,400.0,3.1,B
2021-06-22T13:51:53,1000.0,3.1,B
2021-06-22T13:51:38,1000.0,3.1,B
2021-06-22T13:51:31,3600.0,3.1,B
2021-06-22T13:49:51,100.0,3.1,B
2021-06-22T13:49:07,1000.0,3.1,B
2021-06-22T13:48:41,10000.0,3.1,B
2021-06-22T13:48:24,2000.0,3.1,B
2021-06-22T13:48:21,100.0,3.1,B
2021-06-22T13:47:58,12800.0,3.1,B
2021-06-22T13:45:28,8900.0,3.1,S
2021-06-22T13:44:29,5000.0,3.1,S
2021-06-22T13:42:03,1000.0,3.1,S
2021-06-22T13:41:41,1000.0,3.1,S
2021-06-22T13:41:38,1000.0,3.1,S
2021-06-22T13:41:23,2600.0,3.1,S
2021-06-22T13:40:55,1100.0,3.1,S
2021-06-22T13:40:23,500.0,3.1,S
2021-06-22T13:40:06,700.0,3.1,S
2021-06-22T13:38:23,2000.0,3.1,S
2021-06-22T13:37:48,5000.0,3.1,S
2021-06-22T13:37:36,1000.0,3.1,S
2021-06-22T13:37:08,3000.0,3.1,S
2021-06-22T13:36:17,9500.0,3.1,B
2021-06-22T13:36:16,10500.0,3.1,S
2021-06-22T13:35:55,2000.0,3.1,S
2021-06-22T13:35:22,5000.0,3.1,S
2021-06-22T13:35:13,4300.0,3.1,S
2021-06-22T13:35:13,3000.0,3.1,S
2021-06-22T13:34:23,3200.0,3.1,S
2021-06-22T13:34:11,7000.0,3.1,S
2021-06-22T13:33:52,1000.0,3.1,S
2021-06-22T13:33:42,36500.0,3.1,S
2021-06-22T13:32:45,400.0,3.1,S
2021-06-22T13:30:39,6000.0,3.1,S
2021-06-22T13:28:35,50000.0,3.1,S
2021-06-22T13:28:17,500.0,3.1,S
2021-06-22T13:27:43,2800.0,3.1,S
2021-06-22T13:27:22,20000.0,3.1,S
2021-06-22T13:26:45,19000.0,3.1,S
2021-06-22T13:26:17,18800.0,3.1,S
2021-06-22T13:24:52,1300.0,3.1,S
2021-06-22T13:24:37,27800.0,3.1,S
2021-06-22T13:24:15,500.0,3.1,S
2021-06-22T13:22:58,1700.0,3.1,S
2021-06-22T13:22:43,12000.0,3.1,S
2021-06-22T13:20:01,100000.0,3.1,S
2021-06-22T13:19:52,2000.0,3.1,S
2021-06-22T13:18:53,100.0,3.2,B
2021-06-22T13:18:08,47000.0,3.1,S
2021-06-22T13:16:43,43000.0,3.1,S
2021-06-22T13:14:50,3000.0,3.1,S
2021-06-22T13:14:46,1000.0,3.1,S
2021-06-22T13:13:32,1500.0,3.2,B
2021-06-22T13:12:18,100.0,3.2,B
2021-06-22T13:12:01,2600.0,3.1,S
2021-06-22T13:11:43,10000.0,3.1,S
2021-06-22T13:10:32,13700.0,3.1,S
2021-06-22T13:10:02,200.0,3.2,B
2021-06-22T13:09:15,1500.0,3.2,B
2021-06-22T13:08:59,100.0,3.2,B
2021-06-22T13:07:46,600.0,3.1,S
2021-06-22T13:07:29,100.0,3.2,B
2021-06-22T13:03:07,28200.0,3.1,S
2021-06-22T13:02:46,500.0,3.1,S
2021-06-22T13:02:40,1000.0,3.1,S
2021-06-22T13:00:23,900.0,3.1,S
2021-06-22T13:00:20,8200.0,3.1,S
2021-06-22T13:00:18,200.0,3.1,S
2021-06-22T13:00:16,400.0,3.1,S
2021-06-22T13:00:14,5000.0,3.1,S
2021-06-22T13:00:09,5000.0,3.1,S
2021-06-22T11:30:05,20000.0,3.1,S
2021-06-22T11:26:34,2100.0,3.1,S
2021-06-22T11:25:13,12900.0,3.1,S
2021-06-22T11:24:39,4100.0,3.1,S
2021-06-22T11:24:27,200.0,3.1,S
2021-06-22T11:23:23,10300.0,3.1,S
2021-06-22T11:22:20,10000.0,3.1,S
2021-06-22T11:21:50,400.0,3.1,S
2021-06-22T11:20:48,10000.0,3.1,S
2021-06-22T11:20:27,4700.0,3.1,S
2021-06-22T11:16:52,18100.0,3.1,S
2021-06-22T11:13:53,2200.0,3.1,S
2021-06-22T11:10:54,30000.0,3.1,S
2021-06-22T11:10:47,1000.0,3.1,S
2021-06-22T11:08:36,1700.0,3.1,S
2021-06-22T11:07:57,500.0,3.1,S
2021-06-22T11:07:43,100.0,3.2,B
2021-06-22T11:07:35,300.0,3.1,S
2021-06-22T11:04:16,400.0,3.1,S
2021-06-22T11:04:09,100.0,3.2,B
2021-06-22T11:03:54,50000.0,3.1,S
2021-06-22T11:03:50,1700.0,3.1,S
2021-06-22T11:03:50,1900.0,3.2,B
2021-06-22T11:03:45,1000.0,3.1,S
2021-06-22T11:02:02,200.0,3.1,S
2021-06-22T11:01:51,5000.0,3.1,S
2021-06-22T11:01:32,2000.0,3.1,S
2021-06-22T10:57:36,300.0,3.1,S
2021-06-22T10:57:35,5000.0,3.2,B
2021-06-22T10:56:09,100.0,3.2,B
2021-06-22T10:54:51,2300.0,3.1,S
2021-06-22T10:54:39,3000.0,3.1,S
2021-06-22T10:53:07,1500.0,3.1,S
2021-06-22T10:52:51,100.0,3.2,B
2021-06-22T10:52:20,6000.0,3.1,S
2021-06-22T10:51:56,6000.0,3.1,S
2021-06-22T10:51:06,3000.0,3.1,S
2021-06-22T10:50:17,5000.0,3.1,S
2021-06-22T10:49:54,100.0,3.2,B
2021-06-22T10:48:50,100.0,3.1,B
2021-06-22T10:48:33,200.0,3.1,B
2021-06-22T10:48:11,4700.0,3.1,S
2021-06-22T10:47:43,100.0,3.2,B
2021-06-22T10:46:29,4200.0,3.1,B
2021-06-22T10:46:29,100.0,3.1,B
2021-06-22T10:46:16,1000.0,3.1,B
2021-06-22T10:45:44,3200.0,3.1,B
2021-06-22T10:45:38,100.0,3.1,B
2021-06-22T10:45:30,100.0,3.1,B
2021-06-22T10:45:16,500.0,3.1,B
2021-06-22T10:45:06,100.0,3.1,B
2021-06-22T10:44:59,4000.0,3.1,B
2021-06-22T10:44:52,100.0,3.0,S
2021-06-22T10:44:41,5000.0,3.1,B
2021-06-22T10:44:40,100.0,3.1,B
2021-06-22T10:44:29,3100.0,3.1,B
2021-06-22T10:44:22,5500.0,3.1,B
2021-06-22T10:44:18,400.0,3.1,B
2021-06-22T10:44:17,5000.0,3.1,B
2021-06-22T10:44:15,10000.0,3.1,B
2021-06-22T10:44:13,5000.0,3.1,B
2021-06-22T10:44:04,800.0,3.1,B
2021-06-22T10:44:00,6000.0,3.1,B
2021-06-22T10:43:26,2200.0,3.1,B
2021-06-22T10:43:19,400.0,3.1,B
2021-06-22T10:43:17,100.0,3.1,B
2021-06-22T10:43:13,900.0,3.1,B
2021-06-22T10:43:07,100.0,3.1,B
2021-06-22T10:43:03,2000.0,3.1,B
2021-06-22T10:42:55,500.0,3.1,B
2021-06-22T10:42:46,7200.0,3.1,B
2021-06-22T10:42:38,100.0,3.1,B
2021-06-22T10:42:15,100.0,3.1,B
2021-06-22T10:41:26,100.0,3.1,B
2021-06-22T10:40:44,5000.0,3.1,B
2021-06-22T10:40:34,100.0,3.1,B
2021-06-22T10:40:28,6300.0,3.1,B
2021-06-22T10:40:03,2000.0,3.1,B
2021-06-22T10:39:38,100.0,3.1,B
2021-06-22T10:37:15,100.0,3.1,B
2021-06-22T10:36:56,5000.0,3.1,B
2021-06-22T10:36:40,5000.0,3.1,B
2021-06-22T10:36:34,5000.0,3.1,B
2021-06-22T10:36:14,100.0,3.1,B
2021-06-22T10:36:09,400.0,3.1,B
2021-06-22T10:35:32,5000.0,3.1,B
2021-06-22T10:35:26,6600.0,3.1,B
2021-06-22T10:35:23,200.0,3.1,B
2021-06-22T10:35:16,5000.0,3.1,B
2021-06-22T10:35:14,1000.0,3.1,B
2021-06-22T10:34:59,300.0,3.1,B
2021-06-22T10:34:29,1000.0,3.1,B
2021-06-22T10:34:15,500.0,3.1,B
2021-06-22T10:34:06,300.0,3.1,B
2021-06-22T10:33:54,500.0,3.1,B
2021-06-22T10:33:51,3000.0,3.1,B
2021-06-22T10:33:14,800.0,3.1,B
2021-06-22T10:33:06,1000.0,3.1,B
2021-06-22T10:32:56,3000.0,3.1,B
2021-06-22T10:32:50,5000.0,3.1,B
2021-06-22T10:32:47,100.0,3.1,B
2021-06-22T10:32:41,1000.0,3.1,B
2021-06-22T10:32:20,1000.0,3.1,B
2021-06-22T10:31:33,5000.0,3.1,B
2021-06-22T10:31:11,1000.0,3.1,B
2021-06-22T10:30:46,1000.0,3.1,B
2021-06-22T10:30:30,200.0,3.1,B
2021-06-22T10:30:21,1000.0,3.1,B
2021-06-22T10:30:14,6000.0,3.1,B
2021-06-22T10:29:56,1000.0,3.1,B
2021-06-22T10:29:37,1000.0,3.1,B
2021-06-22T10:29:16,1000.0,3.1,B
2021-06-22T10:29:07,200.0,3.1,B
2021-06-22T10:28:51,1000.0,3.1,B
2021-06-22T10:28:41,2000.0,3.1,B
2021-06-22T10:28:30,1000.0,3.1,B
2021-06-22T10:28:19,1900.0,3.1,B
2021-06-22T10:28:10,1000.0,3.1,B
2021-06-22T10:27:47,1000.0,3.1,B
2021-06-22T10:27:24,500.0,3.1,B
2021-06-22T10:27:04,100.0,3.1,B
2021-06-22T10:26:35,1000.0,3.1,B
2021-06-22T10:26:23,100.0,3.1,B
2021-06-22T10:26:01,5600.0,3.1,B
2021-06-22T10:25:58,1000.0,3.1,B
2021-06-22T10:25:55,500.0,3.1,B
2021-06-22T10:25:52,1400.0,3.0,S
2021-06-22T10:25:32,300.0,3.1,B
2021-06-22T10:25:10,300.0,3.1,B
2021-06-22T10:24:46,300.0,3.1,B
2021-06-22T10:24:23,300.0,3.1,B
2021-06-22T10:24:18,300.0,3.1,B
2021-06-22T10:24:02,300.0,3.1,B
2021-06-22T10:23:30,300.0,3.1,B
2021-06-22T10:22:59,300.0,3.1,B
2021-06-22T10:22:23,100.0,3.1,B
2021-06-22T10:21:28,10000.0,3.1,B
2021-06-22T10:21:13,3000.0,3.1,B
2021-06-22T10:21:03,1000.0,3.1,B
2021-06-22T10:20:59,400.0,3.1,B
2021-06-22T10:20:53,10000.0,3.1,B
2021-06-22T10:20:13,10000.0,3.1,B
2021-06-22T10:19:50,15000.0,3.1,B
2021-06-22T10:19:32,1000.0,3.1,B
2021-06-22T10:19:29,400.0,3.1,B
2021-06-22T10:19:24,2100.0,3.1,B
2021-06-22T10:19:22,5000.0,3.1,B
2021-06-22T10:19:09,10000.0,3.1,B
2021-06-22T10:19:02,200.0,3.1,B
2021-06-22T10:18:35,5000.0,3.1,B
2021-06-22T10:18:35,5000.0,3.1,B
2021-06-22T10:18:06,1500.0,3.1,B
2021-06-22T10:17:51,1000.0,3.1,B
2021-06-22T10:17:31,500.0,3.1,B
2021-06-22T10:17:15,4000.0,3.1,B
2021-06-22T10:16:59,9600.0,3.1,B
2021-06-22T10:16:35,1000.0,3.1,B
2021-06-22T10:16:32,5000.0,3.1,B
2021-06-22T10:16:21,5000.0,3.1,B
2021-06-22T10:16:11,1000.0,3.1,B
2021-06-22T10:15:58,5000.0,3.1,B
2021-06-22T10:15:53,1000.0,3.1,B
2021-06-22T10:15:46,900.0,3.1,B
2021-06-22T10:15:42,5000.0,3.1,B
2021-06-22T10:15:37,700.0,3.1,B
2021-06-22T10:12:03,400.0,3.1,B
2021-06-22T10:11:28,5000.0,3.1,B
2021-06-22T10:11:28,9000.0,3.1,B
2021-06-22T10:11:01,300.0,3.1,B
2021-06-22T10:10:15,5700.0,3.1,B
2021-06-22T10:09:43,1000.0,3.1,B
2021-06-22T10:08:55,300.0,3.1,B
2021-06-22T10:08:55,4400.0,3.1,B
2021-06-22T10:08:51,1000.0,3.1,B
2021-06-22T10:08:34,5000.0,3.1,B
2021-06-22T10:08:30,1500.0,3.1,B
2021-06-22T10:08:09,1000.0,3.1,B
2021-06-22T10:07:53,200.0,3.1,B
2021-06-22T10:07:41,900.0,3.1,B
2021-06-22T10:07:35,4000.0,3.1,B
2021-06-22T10:06:32,5100.0,3.1,S
2021-06-22T10:05:27,200.0,3.1,S
2021-06-22T10:04:24,2000.0,3.1,S
2021-06-22T10:04:18,200.0,3.1,S
2021-06-22T10:04:12,1000.0,3.1,S
2021-06-22T10:03:27,10000.0,3.1,S
2021-06-22T10:03:15,1000.0,3.1,S
2021-06-22T10:02:33,1500.0,3.1,S
2021-06-22T10:01:50,11800.0,3.1,S
2021-06-22T10:01:24,10000.0,3.1,S
2021-06-22T10:01:21,800.0,3.1,S
2021-06-22T10:00:56,1000.0,3.1,S
2021-06-22T10:00:31,29000.0,3.1,S
2021-06-22T09:59:53,1000.0,3.1,S
2021-06-22T09:58:21,10000.0,3.1,S
2021-06-22T09:57:54,1600.0,3.1,B
2021-06-22T09:57:48,3700.0,3.1,B
2021-06-22T09:57:32,200.0,3.1,B
2021-06-22T09:57:29,10000.0,3.1,B
2021-06-22T09:57:07,4300.0,3.1,B
2021-06-22T09:56:40,200.0,3.1,S
2021-06-22T09:56:19,3500.0,3.1,S
2021-06-22T09:56:02,1000.0,3.1,S
2021-06-22T09:55:50,500.0,3.1,S
2021-06-22T09:55:04,20000.0,3.1,S
2021-06-22T09:55:01,1000.0,3.1,S
2021-06-22T09:53:37,100000.0,3.1,S
2021-06-22T09:52:36,100.0,3.2,B
2021-06-22T09:50:31,100.0,3.2,B
2021-06-22T09:49:55,40000.0,3.1,S
2021-06-22T09:49:53,3000.0,3.1,S
2021-06-22T09:47:30,200.0,3.2,B
2021-06-22T09:46:08,100.0,3.2,B
2021-06-22T09:45:51,110000.0,3.1,B
2021-06-22T09:45:44,4000.0,3.1,B
2021-06-22T09:45:27,1000.0,3.1,B
2021-06-22T09:44:50,800.0,3.1,B
2021-06-22T09:44:11,4000.0,3.1,B
2021-06-22T09:43:55,5000.0,3.1,B
2021-06-22T09:43:42,700.0,3.1,B
2021-06-22T09:41:38,300.0,3.0,S
2021-06-22T09:41:37,2900.0,3.0,S
2021-06-22T09:41:17,300.0,3.0,S
2021-06-22T09:40:09,500.0,3.1,B
2021-06-22T09:40:04,200.0,3.1,B
2021-06-22T09:40:00,300.0,3.1,B
2021-06-22T09:39:14,1000.0,3.1,B
2021-06-22T09:38:57,1000.0,3.1,B
2021-06-22T09:37:32,3000.0,3.1,B
2021-06-22T09:37:21,10000.0,3.1,B
2021-06-22T09:36:04,1400.0,3.1,B
2021-06-22T09:35:44,2100.0,3.1,B
2021-06-22T09:34:05,200.0,3.1,B
2021-06-22T09:33:36,10000.0,3.1,B
2021-06-22T09:32:50,100.0,3.0,S
2021-06-22T09:32:21,1000.0,3.1,B
2021-06-22T09:31:45,1000.0,3.1,B
2021-06-22T09:31:03,2000.0,3.1,B
2021-06-22T09:30:52,1000.0,3.1,B
2021-06-22T09:29:43,100.0,3.1,B
2021-06-22T09:29:34,3200.0,3.1,B
2021-06-22T09:29:28,500.0,3.1,B
2021-06-22T09:29:23,200.0,3.1,B
2021-06-22T09:28:54,500.0,3.1,B
2021-06-22T09:28:28,300.0,3.1,B
2021-06-22T09:28:17,5000.0,3.1,B
2021-06-22T09:28:16,700.0,3.1,B
2021-06-22T09:27:48,200.0,3.1,B
2021-06-22T09:27:44,1000.0,3.1,B
2021-06-22T09:27:32,1500.0,3.1,S
2021-06-22T09:27:29,2000.0,3.1,S
2021-06-22T09:27:06,92000.0,3.1,S
2021-06-22T09:27:06,100.0,3.1,S
2021-06-22T09:27:00,400.0,3.1,S
2021-06-22T09:26:27,5000.0,3.1,S
2021-06-22T09:26:04,50000.0,3.1,S
2021-06-22T09:25:35,10000.0,3.1,S
2021-06-22T09:25:33,4700.0,3.1,S
2021-06-22T09:23:39,2000.0,3.1,S
2021-06-22T09:23:06,400.0,3.2,B
2021-06-22T09:21:43,3800.0,3.2,B
2021-06-22T09:20:33,100.0,3.2,B
2021-06-22T09:19:13,5000.0,3.1,S
2021-06-22T09:19:02,10900.0,3.1,S
2021-06-22T09:17:47,11000.0,3.1,S
2021-06-22T09:17:24,1000.0,3.1,S
2021-06-22T09:16:54,10000.0,3.1,S
2021-06-22T09:16:22,200.0,3.1,S
2021-06-22T09:16:18,200.0,3.1,S
2021-06-22T09:15:21,10000.0,3.1,S
2021-06-22T09:12:49,500.0,3.1,S
2021-06-22T09:10:45,10000.0,3.1,S
2021-06-22T09:10:09,5000.0,3.1,S
2021-06-22T09:09:19,1000.0,3.1,S
2021-06-22T09:07:44,100.0,3.2,B
2021-06-22T09:07:18,1200.0,3.1,S
2021-06-22T09:07:06,10000.0,3.1,S
2021-06-22T09:06:55,100.0,3.1,S
2021-06-22T09:06:43,10000.0,3.1,S
2021-06-22T09:06:06,33000.0,3.1,S
2021-06-22T09:04:03,300.0,3.1,S
2021-06-22T09:03:14,100.0,3.1,S
2021-06-22T09:01:41,10000.0,3.1,S
2021-06-22T09:01:10,1000.0,3.1,S
2021-06-22T09:01:09,200.0,3.1,S
2021-06-22T09:00:22,1500.0,3.1,B
2021-06-22T09:00:22,300.0,3.1,B
2021-06-22T09:00:16,2000.0,3.1,B
2021-06-22T09:00:14,6400.0,3.1,B
2021-06-22T09:00:08,4700.0,3.2,B
