tradingTime,volume,price,side
2021-06-22T14:30:07,5000.0,111.8,B
2021-06-22T14:30:01,500.0,111.8,B
2021-06-22T14:29:46,500.0,111.8,B
2021-06-22T14:29:43,2800.0,111.7,B
2021-06-22T14:29:33,2000.0,111.6,S
2021-06-22T14:29:31,100.0,111.6,S
2021-06-22T14:29:22,400.0,111.6,S
2021-06-22T14:29:18,500.0,111.7,B
2021-06-22T14:29:07,500.0,111.7,B
2021-06-22T14:28:53,500.0,111.7,B
2021-06-22T14:28:52,200.0,111.7,B
2021-06-22T14:28:47,300.0,111.7,B
2021-06-22T14:28:27,200.0,111.6,S
2021-06-22T14:28:11,500.0,111.6,S
2021-06-22T14:28:00,2000.0,111.7,B
2021-06-22T14:27:34,200.0,111.7,B
2021-06-22T14:27:15,300.0,111.6,S
2021-06-22T14:27:09,1000.0,111.6,S
2021-06-22T14:27:03,100.0,111.6,S
2021-06-22T14:27:00,300.0,111.6,S
2021-06-22T14:26:56,10000.0,111.7,B
2021-06-22T14:26:37,5900.0,111.6,S
2021-06-22T14:26:32,400.0,111.6,S
2021-06-22T14:26:31,400.0,111.6,S
2021-06-22T14:26:29,1500.0,111.6,S
2021-06-22T14:26:26,3900.0,111.6,S
2021-06-22T14:26:22,500.0,111.6,S
2021-06-22T14:26:21,100.0,111.6,S
2021-06-22T14:26:07,6200.0,111.7,B
2021-06-22T14:26:07,3800.0,111.7,B
2021-06-22T14:26:02,2300.0,111.6,S
2021-06-22T14:26:00,300.0,111.6,S
2021-06-22T14:25:48,1000.0,111.6,S
2021-06-22T14:25:34,1400.0,111.6,S
2021-06-22T14:25:32,300.0,111.6,S
2021-06-22T14:25:24,200.0,111.6,S
2021-06-22T14:25:17,5000.0,111.6,S
2021-06-22T14:25:07,200.0,111.6,S
2021-06-22T14:25:06,600.0,111.6,S
2021-06-22T14:25:04,100.0,111.6,S
2021-06-22T14:25:02,600.0,111.7,B
2021-06-22T14:24:52,200.0,111.6,S
2021-06-22T14:24:52,100.0,111.6,S
2021-06-22T14:24:51,3000.0,111.6,S
2021-06-22T14:24:40,300.0,111.6,B
2021-06-22T14:24:40,200.0,111.6,B
2021-06-22T14:24:34,100.0,111.6,B
2021-06-22T14:24:34,1000.0,111.6,B
2021-06-22T14:24:34,100.0,111.6,B
2021-06-22T14:24:26,100.0,111.6,B
2021-06-22T14:24:22,3000.0,111.6,B
2021-06-22T14:24:19,200.0,111.5,S
2021-06-22T14:24:17,2000.0,111.5,S
2021-06-22T14:24:09,7300.0,111.5,S
2021-06-22T14:24:09,300.0,111.5,S
2021-06-22T14:24:09,1100.0,111.5,S
2021-06-22T14:24:09,2500.0,111.5,S
2021-06-22T14:24:09,300.0,111.5,S
2021-06-22T14:24:09,28500.0,111.5,S
2021-06-22T14:24:01,1000.0,111.6,S
2021-06-22T14:23:45,300.0,111.6,S
2021-06-22T14:23:36,200.0,111.6,S
2021-06-22T14:23:18,300.0,111.6,S
2021-06-22T14:22:52,300.0,111.6,S
2021-06-22T14:22:28,200.0,111.6,S
2021-06-22T14:22:25,200.0,111.6,S
2021-06-22T14:22:24,1000.0,111.6,S
2021-06-22T14:22:21,100.0,111.6,B
2021-06-22T14:22:17,500.0,111.6,B
2021-06-22T14:22:17,500.0,111.6,B
2021-06-22T14:22:17,700.0,111.6,B
2021-06-22T14:22:06,1400.0,111.5,S
2021-06-22T14:22:02,500.0,111.5,S
2021-06-22T14:21:57,300.0,111.5,S
2021-06-22T14:21:53,10000.0,111.6,B
2021-06-22T14:21:32,300.0,111.5,S
2021-06-22T14:21:27,500.0,111.5,S
2021-06-22T14:21:06,900.0,111.5,S
2021-06-22T14:20:56,1400.0,111.5,S
2021-06-22T14:20:54,500.0,111.6,S
2021-06-22T14:20:54,1300.0,111.6,S
2021-06-22T14:20:54,10000.0,111.6,S
2021-06-22T14:20:54,3000.0,111.6,S
2021-06-22T14:20:54,1200.0,111.6,S
2021-06-22T14:20:54,100.0,111.6,S
2021-06-22T14:20:54,3400.0,111.6,S
2021-06-22T14:20:48,200.0,111.6,S
2021-06-22T14:20:38,5000.0,111.6,S
2021-06-22T14:20:35,300.0,111.6,S
2021-06-22T14:20:10,300.0,111.6,S
2021-06-22T14:20:05,1000.0,111.6,S
2021-06-22T14:20:02,200.0,111.6,S
2021-06-22T14:20:01,400.0,111.6,S
2021-06-22T14:19:53,200.0,111.6,S
2021-06-22T14:19:49,500.0,111.6,S
2021-06-22T14:19:41,200.0,111.6,S
2021-06-22T14:19:36,100.0,111.6,S
2021-06-22T14:19:16,300.0,111.6,S
2021-06-22T14:19:11,100.0,111.6,S
2021-06-22T14:18:52,300.0,111.6,S
2021-06-22T14:18:49,100.0,111.7,B
2021-06-22T14:18:35,200.0,111.6,S
2021-06-22T14:18:23,200.0,111.6,S
2021-06-22T14:18:04,300.0,111.6,S
2021-06-22T14:17:57,100.0,111.6,S
2021-06-22T14:17:54,7100.0,111.7,S
2021-06-22T14:17:43,3200.0,111.7,S
2021-06-22T14:17:42,300.0,111.7,S
2021-06-22T14:17:05,1500.0,111.7,B
2021-06-22T14:17:03,200.0,111.7,B
2021-06-22T14:17:02,300.0,111.7,B
2021-06-22T14:16:57,900.0,111.6,S
2021-06-22T14:16:57,400.0,111.6,S
2021-06-22T14:16:57,10800.0,111.6,S
2021-06-22T14:16:57,10400.0,111.6,S
2021-06-22T14:16:57,800.0,111.6,S
2021-06-22T14:16:57,4100.0,111.6,S
2021-06-22T14:16:56,2600.0,111.7,B
2021-06-22T14:16:47,400.0,111.7,B
2021-06-22T14:16:47,100.0,111.6,S
2021-06-22T14:16:34,1300.0,111.7,B
2021-06-22T14:16:34,400.0,111.7,B
2021-06-22T14:16:34,1300.0,111.7,B
2021-06-22T14:16:34,200.0,111.6,S
2021-06-22T14:16:22,500.0,111.6,S
2021-06-22T14:16:16,1000.0,111.7,B
2021-06-22T14:16:15,400.0,111.7,B
2021-06-22T14:16:13,10000.0,111.7,B
2021-06-22T14:16:08,300.0,111.6,S
2021-06-22T14:15:55,200.0,111.6,S
2021-06-22T14:15:44,300.0,111.6,S
2021-06-22T14:15:41,1900.0,111.6,S
2021-06-22T14:15:14,200.0,111.6,S
2021-06-22T14:15:13,100.0,111.6,S
2021-06-22T14:15:06,500.0,111.7,B
2021-06-22T14:14:55,200.0,111.6,S
2021-06-22T14:14:45,300.0,111.6,S
2021-06-22T14:14:20,300.0,111.6,S
2021-06-22T14:14:06,200.0,111.6,S
2021-06-22T14:13:58,200.0,111.6,S
2021-06-22T14:13:57,200.0,111.6,S
2021-06-22T14:13:53,100.0,111.6,S
2021-06-22T14:13:52,1000.0,111.6,S
2021-06-22T14:13:25,300.0,111.6,S
2021-06-22T14:13:15,200.0,111.6,S
2021-06-22T14:13:07,300.0,111.6,S
2021-06-22T14:12:57,300.0,111.6,S
2021-06-22T14:12:49,200.0,111.6,S
2021-06-22T14:12:31,200.0,111.6,S
2021-06-22T14:12:24,1100.0,111.6,S
2021-06-22T14:12:04,200.0,111.6,S
2021-06-22T14:12:03,100.0,111.6,S
2021-06-22T14:11:49,200.0,111.6,S
2021-06-22T14:11:46,100.0,111.7,B
2021-06-22T14:11:28,200.0,111.7,B
2021-06-22T14:11:00,300.0,111.7,B
2021-06-22T14:11:00,200.0,111.7,B
2021-06-22T14:10:52,100.0,111.6,S
2021-06-22T14:10:47,200.0,111.6,S
2021-06-22T14:10:44,300.0,111.6,S
2021-06-22T14:10:43,2500.0,111.6,S
2021-06-22T14:10:35,3600.0,111.6,S
2021-06-22T14:10:35,3100.0,111.6,S
2021-06-22T14:10:35,1100.0,111.6,S
2021-06-22T14:10:35,42200.0,111.6,S
2021-06-22T14:10:14,100.0,111.7,B
2021-06-22T14:09:59,300.0,111.7,B
2021-06-22T14:09:58,200.0,111.6,S
2021-06-22T14:09:46,1500.0,111.6,S
2021-06-22T14:09:45,200.0,111.6,S
2021-06-22T14:09:33,200.0,111.7,S
2021-06-22T14:09:18,100.0,111.8,B
2021-06-22T14:09:10,100.0,111.8,B
2021-06-22T14:08:57,100.0,111.8,B
2021-06-22T14:08:54,300.0,111.7,S
2021-06-22T14:08:42,200.0,111.7,S
2021-06-22T14:08:27,200.0,111.6,S
2021-06-22T14:08:15,500.0,111.6,S
2021-06-22T14:08:08,400.0,111.7,B
2021-06-22T14:08:08,400.0,111.7,B
2021-06-22T14:08:08,9200.0,111.7,B
2021-06-22T14:07:56,100.0,111.6,S
2021-06-22T14:07:49,2200.0,111.7,B
2021-06-22T14:07:44,200.0,111.6,S
2021-06-22T14:07:44,100.0,111.6,S
2021-06-22T14:07:35,300.0,111.6,S
2021-06-22T14:07:31,700.0,111.6,S
2021-06-22T14:07:30,700.0,111.6,S
2021-06-22T14:07:26,1000.0,111.6,S
2021-06-22T14:07:19,500.0,111.6,S
2021-06-22T14:07:09,300.0,111.6,S
2021-06-22T14:06:53,400.0,111.6,S
2021-06-22T14:06:48,100.0,111.6,S
2021-06-22T14:06:42,200.0,111.6,S
2021-06-22T14:06:41,200.0,111.6,S
2021-06-22T14:06:40,2000.0,111.6,S
2021-06-22T14:06:40,1100.0,111.6,S
2021-06-22T14:06:36,100.0,111.7,B
2021-06-22T14:06:24,1100.0,111.6,S
2021-06-22T14:06:22,200.0,111.6,S
2021-06-22T14:06:19,1000.0,111.6,S
2021-06-22T14:06:16,300.0,111.6,S
2021-06-22T14:06:10,5000.0,111.6,S
2021-06-22T14:05:47,1300.0,111.6,S
2021-06-22T14:05:47,200.0,111.6,S
2021-06-22T14:05:46,300.0,111.6,S
2021-06-22T14:05:44,100.0,111.6,S
2021-06-22T14:05:40,200.0,111.6,S
2021-06-22T14:05:36,900.0,111.7,B
2021-06-22T14:05:35,2500.0,111.6,S
2021-06-22T14:05:23,300.0,111.6,S
2021-06-22T14:05:20,200.0,111.6,S
2021-06-22T14:04:52,300.0,111.6,S
2021-06-22T14:04:47,7900.0,111.7,S
2021-06-22T14:04:37,200.0,111.7,B
2021-06-22T14:04:35,1900.0,111.7,B
2021-06-22T14:04:31,300.0,111.6,S
2021-06-22T14:04:29,400.0,111.6,S
2021-06-22T14:04:25,7000.0,111.6,S
2021-06-22T14:04:22,8400.0,111.7,S
2021-06-22T14:04:00,1200.0,111.7,S
2021-06-22T14:03:46,100.0,111.7,S
2021-06-22T14:03:37,200.0,111.7,S
2021-06-22T14:03:34,300.0,111.7,S
2021-06-22T14:03:15,100.0,111.7,S
2021-06-22T14:03:06,300.0,111.7,S
2021-06-22T14:02:48,200.0,111.7,S
2021-06-22T14:02:41,200.0,111.7,S
2021-06-22T14:02:35,1200.0,111.7,S
2021-06-22T14:02:28,700.0,111.6,S
2021-06-22T14:02:28,4800.0,111.6,S
2021-06-22T14:02:28,10000.0,111.7,S
2021-06-22T14:02:28,2300.0,111.7,S
2021-06-22T14:02:28,2200.0,111.7,S
2021-06-22T14:02:20,500.0,111.7,S
2021-06-22T14:02:14,10000.0,111.8,B
2021-06-22T14:02:09,300.0,111.7,S
2021-06-22T14:02:08,100.0,111.8,B
2021-06-22T14:02:04,100.0,111.7,S
2021-06-22T14:01:58,100.0,111.7,S
2021-06-22T14:01:45,1400.0,111.7,S
2021-06-22T14:01:43,300.0,111.7,S
2021-06-22T14:01:39,500.0,111.7,S
2021-06-22T14:01:38,200.0,111.7,S
2021-06-22T14:01:33,15000.0,111.7,S
2021-06-22T14:01:32,200.0,111.7,S
2021-06-22T14:01:31,100.0,111.7,S
2021-06-22T14:01:30,100.0,111.7,S
2021-06-22T14:01:20,100.0,111.7,S
2021-06-22T14:01:17,300.0,111.7,S
2021-06-22T14:01:11,2100.0,111.8,B
2021-06-22T14:01:11,800.0,111.8,B
2021-06-22T14:01:11,100.0,111.8,B
2021-06-22T14:00:52,100.0,111.7,S
2021-06-22T14:00:48,1000.0,111.7,S
2021-06-22T14:00:48,300.0,111.7,S
2021-06-22T14:00:47,1400.0,111.7,S
2021-06-22T14:00:47,700.0,111.8,B
2021-06-22T14:00:47,100.0,111.7,S
2021-06-22T14:00:31,100.0,111.7,S
2021-06-22T14:00:31,200.0,111.7,S
2021-06-22T14:00:24,300.0,111.7,S
2021-06-22T14:00:13,500.0,111.7,S
2021-06-22T13:59:59,600.0,111.7,S
2021-06-22T13:59:57,200.0,111.7,S
2021-06-22T13:59:30,100.0,111.7,S
2021-06-22T13:59:30,100.0,111.7,S
2021-06-22T13:59:30,300.0,111.7,S
2021-06-22T13:59:25,100.0,111.7,S
2021-06-22T13:59:25,1300.0,111.7,S
2021-06-22T13:59:20,400.0,111.7,S
2021-06-22T13:59:17,1400.0,111.7,S
2021-06-22T13:59:07,300.0,111.7,S
2021-06-22T13:58:57,200.0,111.7,S
2021-06-22T13:58:53,100.0,111.7,S
2021-06-22T13:58:51,1100.0,111.7,S
2021-06-22T13:58:47,4400.0,111.7,S
2021-06-22T13:58:37,200.0,111.7,S
2021-06-22T13:58:28,200.0,111.7,S
2021-06-22T13:58:25,100.0,111.8,B
2021-06-22T13:58:25,700.0,111.7,S
2021-06-22T13:58:20,100.0,111.7,S
2021-06-22T13:58:13,100.0,111.8,B
2021-06-22T13:58:12,3000.0,111.8,B
2021-06-22T13:58:11,300.0,111.7,S
2021-06-22T13:58:08,1000.0,111.8,B
2021-06-22T13:58:02,1400.0,111.7,S
2021-06-22T13:58:02,100.0,111.7,S
2021-06-22T13:57:43,1200.0,111.7,S
2021-06-22T13:57:42,300.0,111.7,S
2021-06-22T13:57:38,700.0,111.8,B
2021-06-22T13:57:28,300.0,111.7,S
2021-06-22T13:57:27,300.0,111.7,S
2021-06-22T13:57:16,200.0,111.7,S
2021-06-22T13:56:49,300.0,111.7,S
2021-06-22T13:56:44,200.0,111.8,B
2021-06-22T13:56:44,800.0,111.8,B
2021-06-22T13:56:41,300.0,111.7,S
2021-06-22T13:56:34,2000.0,111.7,S
2021-06-22T13:56:28,200.0,111.7,S
2021-06-22T13:56:08,100.0,111.8,B
2021-06-22T13:55:54,300.0,111.7,S
2021-06-22T13:55:51,500.0,111.7,S
2021-06-22T13:55:37,500.0,111.7,S
2021-06-22T13:55:31,200.0,111.7,S
2021-06-22T13:55:30,200.0,111.7,S
2021-06-22T13:55:02,300.0,111.7,S
2021-06-22T13:54:53,100.0,111.7,S
2021-06-22T13:54:35,300.0,111.7,S
2021-06-22T13:54:27,500.0,111.7,S
2021-06-22T13:54:24,200.0,111.7,S
2021-06-22T13:54:06,200.0,111.7,S
2021-06-22T13:53:40,300.0,111.7,B
2021-06-22T13:53:40,500.0,111.7,B
2021-06-22T13:53:31,100.0,111.6,S
2021-06-22T13:53:27,200.0,111.7,S
2021-06-22T13:53:25,2000.0,111.6,S
2021-06-22T13:53:22,200.0,111.6,S
2021-06-22T13:53:21,200.0,111.6,S
2021-06-22T13:53:18,100.0,111.7,S
2021-06-22T13:53:15,1000.0,111.6,S
2021-06-22T13:53:15,4200.0,111.7,S
2021-06-22T13:53:13,300.0,111.7,B
2021-06-22T13:53:04,500.0,111.7,B
2021-06-22T13:52:47,200.0,111.6,S
2021-06-22T13:52:23,100.0,111.6,S
2021-06-22T13:52:21,200.0,111.6,S
2021-06-22T13:52:14,2000.0,111.6,S
2021-06-22T13:52:06,900.0,111.7,B
2021-06-22T13:52:05,200.0,111.6,S
2021-06-22T13:51:56,4000.0,111.7,B
2021-06-22T13:51:22,100.0,111.8,S
2021-06-22T13:51:20,200.0,111.8,S
2021-06-22T13:51:16,500.0,111.9,B
2021-06-22T13:51:03,400.0,111.8,S
2021-06-22T13:50:58,300.0,111.8,B
2021-06-22T13:50:55,9200.0,111.8,B
2021-06-22T13:50:50,500.0,111.8,B
2021-06-22T13:50:30,300.0,111.6,S
2021-06-22T13:50:16,300.0,111.6,S
2021-06-22T13:50:10,3000.0,111.8,B
2021-06-22T13:49:52,1600.0,111.8,B
2021-06-22T13:49:44,200.0,111.6,S
2021-06-22T13:49:31,500.0,111.7,S
2021-06-22T13:49:26,10000.0,111.8,B
2021-06-22T13:49:16,200.0,111.6,S
2021-06-22T13:48:56,1000.0,111.8,B
2021-06-22T13:48:44,200.0,111.7,S
2021-06-22T13:48:17,300.0,111.6,S
2021-06-22T13:48:15,100.0,111.6,S
2021-06-22T13:48:08,300.0,111.6,S
2021-06-22T13:48:08,2000.0,111.8,S
2021-06-22T13:47:58,7900.0,111.8,S
2021-06-22T13:47:55,300.0,111.8,S
2021-06-22T13:47:30,300.0,111.8,S
2021-06-22T13:47:27,200.0,111.9,B
2021-06-22T13:47:22,200.0,111.8,S
2021-06-22T13:47:14,200.0,111.8,S
2021-06-22T13:46:58,500.0,111.8,S
2021-06-22T13:46:55,300.0,111.8,S
2021-06-22T13:46:46,600.0,111.8,S
2021-06-22T13:46:32,200.0,111.8,S
2021-06-22T13:46:29,300.0,111.8,S
2021-06-22T13:46:27,500.0,111.8,S
2021-06-22T13:46:18,200.0,111.8,B
2021-06-22T13:46:17,100.0,111.8,B
2021-06-22T13:46:13,200.0,111.8,B
2021-06-22T13:46:12,500.0,111.9,B
2021-06-22T13:46:10,1600.0,111.8,B
2021-06-22T13:46:09,2400.0,111.8,B
2021-06-22T13:46:04,900.0,111.8,B
2021-06-22T13:46:03,300.0,111.8,B
2021-06-22T13:46:01,1800.0,111.8,B
2021-06-22T13:46:01,200.0,111.8,B
2021-06-22T13:46:01,2400.0,111.8,B
2021-06-22T13:46:01,10000.0,111.8,B
2021-06-22T13:46:00,2300.0,111.8,B
2021-06-22T13:46:00,11500.0,111.8,B
2021-06-22T13:46:00,4600.0,111.7,B
2021-06-22T13:46:00,1000.0,111.7,B
2021-06-22T13:46:00,1200.0,111.7,B
2021-06-22T13:46:00,5000.0,111.7,B
2021-06-22T13:46:00,4900.0,111.7,B
2021-06-22T13:46:00,14300.0,111.7,B
2021-06-22T13:46:00,5300.0,111.6,B
2021-06-22T13:46:00,18900.0,111.6,B
2021-06-22T13:45:47,1000.0,111.5,S
2021-06-22T13:45:41,11200.0,111.6,B
2021-06-22T13:45:41,8800.0,111.6,B
2021-06-22T13:45:41,100.0,111.5,S
2021-06-22T13:45:32,1500.0,111.5,S
2021-06-22T13:45:32,500.0,111.5,S
2021-06-22T13:45:31,600.0,111.5,S
2021-06-22T13:45:31,400.0,111.5,S
2021-06-22T13:45:23,100.0,111.6,B
2021-06-22T13:45:09,200.0,111.5,S
2021-06-22T13:45:08,300.0,111.5,S
2021-06-22T13:45:04,100.0,111.6,B
2021-06-22T13:44:49,900.0,111.5,S
2021-06-22T13:44:49,1100.0,111.5,S
2021-06-22T13:44:40,100.0,111.5,S
2021-06-22T13:44:40,200.0,111.5,S
2021-06-22T13:44:11,100.0,111.5,S
2021-06-22T13:44:11,100.0,111.5,S
2021-06-22T13:44:00,1000.0,111.6,B
2021-06-22T13:43:59,100.0,111.5,S
2021-06-22T13:43:44,100.0,111.6,B
2021-06-22T13:43:44,200.0,111.6,B
2021-06-22T13:43:28,100.0,111.6,B
2021-06-22T13:43:28,100.0,111.5,S
2021-06-22T13:43:21,300.0,111.5,S
2021-06-22T13:43:09,1000.0,111.5,S
2021-06-22T13:43:07,200.0,111.5,S
2021-06-22T13:42:54,200.0,111.5,S
2021-06-22T13:42:50,500.0,111.5,S
2021-06-22T13:42:48,200.0,111.5,S
2021-06-22T13:42:41,1200.0,111.5,S
2021-06-22T13:42:37,10000.0,111.6,B
2021-06-22T13:42:36,900.0,111.5,S
2021-06-22T13:42:33,100.0,111.6,B
2021-06-22T13:42:27,300.0,111.5,S
2021-06-22T13:42:11,1400.0,111.5,S
2021-06-22T13:42:04,100.0,111.6,S
2021-06-22T13:42:04,300.0,111.6,S
2021-06-22T13:42:04,2000.0,111.6,S
2021-06-22T13:42:04,100.0,111.6,S
2021-06-22T13:42:04,14100.0,111.6,S
2021-06-22T13:42:04,1500.0,111.6,S
2021-06-22T13:42:04,400.0,111.6,S
2021-06-22T13:42:04,11100.0,111.6,S
2021-06-22T13:42:01,300.0,111.6,S
2021-06-22T13:42:01,100.0,111.6,S
2021-06-22T13:41:47,200.0,111.6,S
2021-06-22T13:41:41,5000.0,111.6,S
2021-06-22T13:41:34,200.0,111.6,S
2021-06-22T13:41:30,900.0,111.6,S
2021-06-22T13:41:30,200.0,111.7,B
2021-06-22T13:41:29,1500.0,111.6,S
2021-06-22T13:41:19,2300.0,111.6,S
2021-06-22T13:41:19,13500.0,111.6,S
2021-06-22T13:41:19,3000.0,111.6,S
2021-06-22T13:41:19,300.0,111.6,S
2021-06-22T13:41:19,10900.0,111.6,S
2021-06-22T13:41:08,200.0,111.6,S
2021-06-22T13:41:06,300.0,111.6,S
2021-06-22T13:41:03,200.0,111.6,S
2021-06-22T13:40:46,1000.0,111.6,S
2021-06-22T13:40:41,300.0,111.6,S
2021-06-22T13:40:25,200.0,111.6,S
2021-06-22T13:40:12,200.0,111.6,S
2021-06-22T13:40:12,1000.0,111.6,S
2021-06-22T13:40:10,400.0,111.6,S
2021-06-22T13:40:03,20000.0,111.6,S
2021-06-22T13:40:02,200.0,111.6,S
2021-06-22T13:40:02,8600.0,111.6,S
2021-06-22T13:39:55,500.0,111.7,B
2021-06-22T13:39:45,300.0,111.6,S
2021-06-22T13:39:35,500.0,111.6,S
2021-06-22T13:39:18,300.0,111.6,S
2021-06-22T13:39:13,200.0,111.7,B
2021-06-22T13:39:05,1000.0,111.6,S
2021-06-22T13:39:01,200.0,111.6,S
2021-06-22T13:38:50,200.0,111.6,S
2021-06-22T13:38:28,300.0,111.6,S
2021-06-22T13:38:27,100.0,111.6,S
2021-06-22T13:38:15,700.0,111.7,B
2021-06-22T13:38:04,100.0,111.6,S
2021-06-22T13:38:03,200.0,111.6,S
2021-06-22T13:38:02,300.0,111.6,S
2021-06-22T13:37:49,100.0,111.6,S
2021-06-22T13:37:41,700.0,111.6,S
2021-06-22T13:37:41,200.0,111.6,S
2021-06-22T13:37:41,1100.0,111.6,S
2021-06-22T13:37:35,100.0,111.7,B
2021-06-22T13:37:34,500.0,111.6,S
2021-06-22T13:37:29,200.0,111.7,B
2021-06-22T13:37:19,300.0,111.7,B
2021-06-22T13:37:17,100.0,111.6,S
2021-06-22T13:37:08,700.0,111.7,B
2021-06-22T13:37:07,300.0,111.6,S
2021-06-22T13:37:02,200.0,111.6,S
2021-06-22T13:36:48,100.0,111.6,S
2021-06-22T13:36:45,100.0,111.6,S
2021-06-22T13:36:42,100.0,111.6,S
2021-06-22T13:36:31,2100.0,111.6,S
2021-06-22T13:36:21,300.0,111.7,B
2021-06-22T13:36:09,400.0,111.6,S
2021-06-22T13:36:01,8900.0,111.7,S
2021-06-22T13:35:57,200.0,111.7,S
2021-06-22T13:35:55,500.0,111.7,S
2021-06-22T13:35:43,300.0,111.7,S
2021-06-22T13:35:28,600.0,111.7,S
2021-06-22T13:35:23,500.0,111.7,S
2021-06-22T13:35:17,1500.0,111.7,S
2021-06-22T13:35:15,300.0,111.7,S
2021-06-22T13:34:55,200.0,111.7,S
2021-06-22T13:34:48,300.0,111.7,S
2021-06-22T13:34:20,1000.0,111.7,S
2021-06-22T13:34:06,300.0,111.8,B
2021-06-22T13:33:55,300.0,111.7,S
2021-06-22T13:33:54,100.0,111.7,S
2021-06-22T13:33:54,200.0,111.7,S
2021-06-22T13:33:46,2500.0,111.7,S
2021-06-22T13:33:38,200.0,111.7,S
2021-06-22T13:33:28,5000.0,111.7,S
2021-06-22T13:33:28,300.0,111.7,S
2021-06-22T13:33:28,100.0,111.7,S
2021-06-22T13:33:15,300.0,111.7,S
2021-06-22T13:33:15,700.0,111.7,S
2021-06-22T13:33:13,200.0,111.7,S
2021-06-22T13:33:07,1000.0,111.7,S
2021-06-22T13:33:05,8400.0,111.7,S
2021-06-22T13:33:05,300.0,111.7,S
2021-06-22T13:33:05,6300.0,111.7,S
2021-06-22T13:33:04,200.0,111.7,S
2021-06-22T13:32:58,200.0,111.7,S
2021-06-22T13:32:40,700.0,111.7,S
2021-06-22T13:32:35,300.0,111.7,S
2021-06-22T13:32:10,200.0,111.7,S
2021-06-22T13:32:07,300.0,111.7,S
2021-06-22T13:32:06,100.0,111.7,S
2021-06-22T13:31:51,900.0,111.7,S
2021-06-22T13:31:50,500.0,111.7,S
2021-06-22T13:31:43,8500.0,111.7,S
2021-06-22T13:31:43,2000.0,111.7,S
2021-06-22T13:31:43,2000.0,111.7,S
2021-06-22T13:31:43,2500.0,111.7,S
2021-06-22T13:31:41,300.0,111.7,S
2021-06-22T13:31:32,2000.0,111.7,S
2021-06-22T13:31:19,300.0,111.7,S
2021-06-22T13:31:06,700.0,111.7,S
2021-06-22T13:30:57,1000.0,111.7,S
2021-06-22T13:30:49,200.0,111.7,S
2021-06-22T13:30:48,300.0,111.7,S
2021-06-22T13:30:33,300.0,111.7,S
2021-06-22T13:30:21,200.0,111.7,S
2021-06-22T13:30:14,500.0,111.7,S
2021-06-22T13:30:07,200.0,111.7,S
2021-06-22T13:29:59,5000.0,111.7,S
2021-06-22T13:29:52,200.0,111.7,S
2021-06-22T13:29:38,1000.0,111.8,B
2021-06-22T13:29:13,200.0,111.8,B
2021-06-22T13:29:09,800.0,111.7,S
2021-06-22T13:29:04,1000.0,111.7,S
2021-06-22T13:28:59,200.0,111.7,S
2021-06-22T13:28:57,1500.0,111.7,S
2021-06-22T13:28:52,100.0,111.8,B
2021-06-22T13:28:46,200.0,111.7,S
2021-06-22T13:28:33,300.0,111.7,S
2021-06-22T13:28:22,100.0,111.7,S
2021-06-22T13:28:14,2000.0,111.7,S
2021-06-22T13:28:06,300.0,111.7,S
2021-06-22T13:27:46,200.0,111.7,S
2021-06-22T13:27:45,200.0,111.7,S
2021-06-22T13:27:40,200.0,111.7,S
2021-06-22T13:27:38,200.0,111.7,S
2021-06-22T13:27:25,700.0,111.7,S
2021-06-22T13:27:17,6600.0,111.7,S
2021-06-22T13:27:17,1600.0,111.7,S
2021-06-22T13:27:17,1200.0,111.7,S
2021-06-22T13:27:17,100.0,111.7,S
2021-06-22T13:27:17,5500.0,111.7,S
2021-06-22T13:27:10,300.0,111.7,S
2021-06-22T13:27:03,700.0,111.7,S
2021-06-22T13:26:55,1000.0,111.7,S
2021-06-22T13:26:53,12500.0,111.7,S
2021-06-22T13:26:53,2700.0,111.7,S
2021-06-22T13:26:47,9500.0,111.7,S
2021-06-22T13:26:47,10500.0,111.7,S
2021-06-22T13:26:45,300.0,111.7,S
2021-06-22T13:26:44,200.0,111.7,S
2021-06-22T13:26:17,200.0,111.7,S
2021-06-22T13:26:15,700.0,111.7,S
2021-06-22T13:26:15,300.0,111.7,S
2021-06-22T13:26:07,900.0,111.7,S
2021-06-22T13:26:01,1400.0,111.8,S
2021-06-22T13:26:01,2100.0,111.8,S
2021-06-22T13:26:01,3000.0,111.8,S
2021-06-22T13:26:01,100.0,111.8,S
2021-06-22T13:26:01,2200.0,111.8,S
2021-06-22T13:26:01,11000.0,111.8,S
2021-06-22T13:25:53,300.0,111.8,S
2021-06-22T13:25:44,200.0,111.8,S
2021-06-22T13:25:24,100.0,111.8,S
2021-06-22T13:25:23,300.0,111.8,S
2021-06-22T13:25:16,2000.0,111.9,B
2021-06-22T13:24:57,300.0,111.8,S
2021-06-22T13:24:40,300.0,111.8,S
2021-06-22T13:24:29,200.0,111.8,S
2021-06-22T13:24:18,500.0,111.8,S
2021-06-22T13:24:02,300.0,111.8,S
2021-06-22T13:24:01,900.0,111.9,B
2021-06-22T13:23:51,500.0,111.8,S
2021-06-22T13:23:41,800.0,111.8,S
2021-06-22T13:23:38,200.0,111.8,S
2021-06-22T13:23:36,300.0,111.8,S
2021-06-22T13:23:15,100.0,111.8,S
2021-06-22T13:23:12,200.0,111.8,S
2021-06-22T13:23:05,3100.0,111.8,S
2021-06-22T13:22:57,1000.0,111.8,S
2021-06-22T13:22:48,100.0,111.8,B
2021-06-22T13:22:45,400.0,111.8,B
2021-06-22T13:22:42,300.0,111.8,B
2021-06-22T13:22:39,200.0,111.8,B
2021-06-22T13:22:34,100.0,111.8,B
2021-06-22T13:22:27,500.0,111.8,B
2021-06-22T13:22:26,200.0,111.9,B
2021-06-22T13:22:20,1400.0,111.8,B
2021-06-22T13:22:16,1000.0,111.8,B
2021-06-22T13:22:12,100.0,111.8,B
2021-06-22T13:22:11,100.0,111.8,B
2021-06-22T13:21:27,1100.0,111.8,S
2021-06-22T13:21:20,300.0,111.8,S
2021-06-22T13:21:10,200.0,111.8,S
2021-06-22T13:20:56,100.0,111.8,S
2021-06-22T13:20:55,200.0,111.8,S
2021-06-22T13:20:35,200.0,111.8,B
2021-06-22T13:20:30,400.0,111.8,B
2021-06-22T13:20:28,200.0,111.8,B
2021-06-22T13:20:27,200.0,111.8,B
2021-06-22T13:20:23,6600.0,111.8,B
2021-06-22T13:20:23,2300.0,111.8,B
2021-06-22T13:20:19,200.0,111.8,B
2021-06-22T13:20:00,300.0,111.7,S
2021-06-22T13:19:47,200.0,111.7,S
2021-06-22T13:19:35,600.0,111.8,B
2021-06-22T13:19:32,1200.0,111.8,B
2021-06-22T13:19:17,100.0,111.8,B
2021-06-22T13:19:08,100.0,111.8,B
2021-06-22T13:18:37,1200.0,111.8,S
2021-06-22T13:18:35,200.0,111.8,S
2021-06-22T13:18:26,500.0,111.8,S
2021-06-22T13:18:16,300.0,111.8,S
2021-06-22T13:18:12,1300.0,111.9,B
2021-06-22T13:18:12,300.0,111.9,B
2021-06-22T13:18:12,1900.0,111.9,B
2021-06-22T13:18:11,6500.0,111.9,B
2021-06-22T13:18:06,500.0,111.8,S
2021-06-22T13:17:54,10000.0,111.8,S
2021-06-22T13:17:54,100.0,111.8,S
2021-06-22T13:17:46,200.0,111.8,S
2021-06-22T13:17:45,400.0,111.8,S
2021-06-22T13:17:35,200.0,111.8,S
2021-06-22T13:17:28,200.0,111.8,S
2021-06-22T13:17:27,5000.0,111.8,S
2021-06-22T13:17:18,300.0,111.8,S
2021-06-22T13:17:02,200.0,111.8,S
2021-06-22T13:16:50,300.0,111.8,S
2021-06-22T13:16:48,400.0,111.8,S
2021-06-22T13:16:42,8400.0,111.8,S
2021-06-22T13:16:32,1000.0,111.8,S
2021-06-22T13:16:27,200.0,111.8,S
2021-06-22T13:16:12,1000.0,111.9,B
2021-06-22T13:16:07,200.0,111.8,S
2021-06-22T13:15:58,300.0,111.8,S
2021-06-22T13:15:30,300.0,111.8,S
2021-06-22T13:15:27,200.0,111.8,S
2021-06-22T13:15:23,700.0,111.8,S
2021-06-22T13:15:22,100.0,111.7,S
2021-06-22T13:15:18,900.0,111.8,S
2021-06-22T13:15:14,3400.0,111.8,S
2021-06-22T13:15:11,200.0,111.9,B
2021-06-22T13:15:04,200.0,111.8,S
2021-06-22T13:15:02,100.0,111.8,S
2021-06-22T13:14:51,300.0,111.8,S
2021-06-22T13:14:34,900.0,111.7,S
2021-06-22T13:14:29,100.0,111.8,S
2021-06-22T13:14:27,500.0,111.7,S
2021-06-22T13:14:27,200.0,111.7,S
2021-06-22T13:14:25,6500.0,111.7,S
2021-06-22T13:14:25,100.0,111.7,S
2021-06-22T13:14:24,11400.0,111.7,S
2021-06-22T13:14:22,1000.0,111.7,S
2021-06-22T13:14:18,1500.0,111.7,S
2021-06-22T13:14:10,300.0,111.7,S
2021-06-22T13:13:53,400.0,111.7,S
2021-06-22T13:13:48,500.0,111.8,S
2021-06-22T13:13:46,100.0,111.8,S
2021-06-22T13:13:45,9100.0,111.8,S
2021-06-22T13:13:44,300.0,111.7,S
2021-06-22T13:13:42,10900.0,111.8,S
2021-06-22T13:13:40,100.0,111.8,S
2021-06-22T13:13:37,500.0,111.8,S
2021-06-22T13:13:23,200.0,111.7,S
2021-06-22T13:13:15,200.0,111.8,B
2021-06-22T13:13:07,200.0,111.8,B
2021-06-22T13:12:48,300.0,111.7,S
2021-06-22T13:12:45,300.0,111.7,S
2021-06-22T13:12:20,1000.0,111.7,S
2021-06-22T13:12:19,300.0,111.8,S
2021-06-22T13:12:15,10800.0,111.8,S
2021-06-22T13:12:15,9200.0,111.8,S
2021-06-22T13:11:54,200.0,111.8,S
2021-06-22T13:11:33,100.0,111.8,S
2021-06-22T13:11:32,1000.0,111.8,S
2021-06-22T13:11:28,400.0,111.9,B
2021-06-22T13:11:28,100.0,111.8,S
2021-06-22T13:11:28,2000.0,111.8,S
2021-06-22T13:11:26,300.0,111.8,S
2021-06-22T13:11:22,2000.0,111.8,S
2021-06-22T13:11:20,200.0,111.8,S
2021-06-22T13:11:17,500.0,111.8,S
2021-06-22T13:11:12,1000.0,111.8,S
2021-06-22T13:11:10,9300.0,111.9,B
2021-06-22T13:11:10,400.0,111.9,B
2021-06-22T13:11:10,300.0,111.9,B
2021-06-22T13:11:05,300.0,111.8,S
2021-06-22T13:10:52,200.0,111.8,S
2021-06-22T13:10:50,200.0,111.9,B
2021-06-22T13:10:50,900.0,111.9,B
2021-06-22T13:10:38,100.0,111.8,S
2021-06-22T13:10:38,200.0,111.8,S
2021-06-22T13:10:35,1000.0,111.8,S
2021-06-22T13:10:30,2000.0,111.8,S
2021-06-22T13:10:18,200.0,111.8,S
2021-06-22T13:10:08,100.0,111.8,S
2021-06-22T13:10:06,500.0,111.8,S
2021-06-22T13:10:03,2000.0,111.8,S
2021-06-22T13:09:54,100.0,111.9,B
2021-06-22T13:09:36,300.0,111.8,S
2021-06-22T13:09:19,700.0,111.8,S
2021-06-22T13:09:15,200.0,111.8,S
2021-06-22T13:09:12,200.0,111.8,S
2021-06-22T13:08:46,300.0,111.8,S
2021-06-22T13:08:26,500.0,111.8,S
2021-06-22T13:08:19,300.0,111.8,S
2021-06-22T13:08:16,200.0,111.8,S
2021-06-22T13:07:54,1400.0,111.8,S
2021-06-22T13:07:52,200.0,111.8,S
2021-06-22T13:07:40,100.0,111.8,S
2021-06-22T13:07:32,3000.0,111.8,S
2021-06-22T13:07:25,300.0,111.8,S
2021-06-22T13:07:25,100.0,111.8,S
2021-06-22T13:07:16,200.0,111.8,S
2021-06-22T13:06:59,300.0,111.8,S
2021-06-22T13:06:56,1000.0,111.8,S
2021-06-22T13:06:54,100.0,111.8,S
2021-06-22T13:06:46,200.0,111.8,S
2021-06-22T13:06:43,3000.0,111.8,S
2021-06-22T13:06:42,100.0,111.8,S
2021-06-22T13:06:30,200.0,111.8,S
2021-06-22T13:06:14,200.0,111.8,S
2021-06-22T13:06:06,300.0,111.8,S
2021-06-22T13:06:05,100.0,111.8,S
2021-06-22T13:05:50,300.0,111.8,S
2021-06-22T13:05:44,500.0,111.8,S
2021-06-22T13:05:35,300.0,111.8,S
2021-06-22T13:05:16,1500.0,111.8,S
2021-06-22T13:05:11,200.0,111.8,S
2021-06-22T13:05:11,200.0,111.8,S
2021-06-22T13:05:07,800.0,111.9,B
2021-06-22T13:04:43,300.0,111.8,S
2021-06-22T13:04:28,200.0,111.8,S
2021-06-22T13:04:22,3700.0,111.8,B
2021-06-22T13:04:22,700.0,111.8,B
2021-06-22T13:04:14,300.0,111.7,S
2021-06-22T13:04:08,200.0,111.7,S
2021-06-22T13:03:49,200.0,111.7,S
2021-06-22T13:03:37,100.0,111.7,S
2021-06-22T13:03:26,1000.0,111.8,B
2021-06-22T13:03:26,1000.0,111.8,B
2021-06-22T13:03:25,300.0,111.7,S
2021-06-22T13:03:10,200.0,111.7,S
2021-06-22T13:03:09,200.0,111.7,S
2021-06-22T13:02:52,100.0,111.7,S
2021-06-22T13:02:44,2000.0,111.8,B
2021-06-22T13:02:15,500.0,111.8,B
2021-06-22T13:02:06,200.0,111.7,S
2021-06-22T13:01:40,100.0,111.8,B
2021-06-22T13:01:37,300.0,111.7,S
2021-06-22T13:01:29,100.0,111.7,S
2021-06-22T13:01:28,100.0,111.8,B
2021-06-22T13:01:08,300.0,111.7,S
2021-06-22T13:01:02,200.0,111.7,S
2021-06-22T13:00:57,200.0,111.7,S
2021-06-22T13:00:20,200.0,111.7,S
2021-06-22T13:00:18,500.0,111.8,S
2021-06-22T13:00:18,700.0,111.7,S
2021-06-22T13:00:18,100.0,111.7,S
2021-06-22T13:00:08,500.0,111.7,S
2021-06-22T13:00:08,200.0,111.8,S
2021-06-22T13:00:07,300.0,111.9,B
2021-06-22T13:00:06,600.0,111.9,B
2021-06-22T11:29:53,300.0,111.7,S
2021-06-22T11:29:41,500.0,111.7,S
2021-06-22T11:29:15,600.0,111.6,S
2021-06-22T11:29:08,4600.0,111.9,B
2021-06-22T11:29:08,1700.0,111.9,B
2021-06-22T11:29:08,600.0,111.9,B
2021-06-22T11:29:07,300.0,111.8,B
2021-06-22T11:29:07,1000.0,111.8,B
2021-06-22T11:29:07,1500.0,111.8,B
2021-06-22T11:29:07,3300.0,111.8,B
2021-06-22T11:28:53,300.0,111.7,S
2021-06-22T11:28:46,500.0,111.7,B
2021-06-22T11:28:40,300.0,111.7,B
2021-06-22T11:28:23,100.0,111.7,S
2021-06-22T11:28:18,1100.0,111.8,B
2021-06-22T11:28:07,300.0,111.7,S
2021-06-22T11:28:06,200.0,111.7,S
2021-06-22T11:27:56,100.0,111.7,S
2021-06-22T11:27:48,2000.0,111.8,B
2021-06-22T11:27:33,300.0,111.7,S
2021-06-22T11:27:27,900.0,111.6,S
2021-06-22T11:27:17,1000.0,111.6,S
2021-06-22T11:27:07,1000.0,111.6,S
2021-06-22T11:27:07,200.0,111.6,S
2021-06-22T11:26:56,600.0,111.8,B
2021-06-22T11:26:40,200.0,111.6,S
2021-06-22T11:26:32,900.0,111.6,S
2021-06-22T11:26:28,100.0,111.6,S
2021-06-22T11:26:18,2100.0,111.6,S
2021-06-22T11:26:12,200.0,111.6,S
2021-06-22T11:26:12,100.0,111.7,S
2021-06-22T11:26:02,500.0,111.8,B
2021-06-22T11:26:02,100.0,111.6,S
2021-06-22T11:25:40,1000.0,111.6,S
2021-06-22T11:25:33,200.0,111.8,B
2021-06-22T11:25:17,200.0,111.6,S
2021-06-22T11:25:06,300.0,111.6,S
2021-06-22T11:25:00,500.0,111.8,B
2021-06-22T11:24:49,300.0,111.6,S
2021-06-22T11:24:47,200.0,111.7,S
2021-06-22T11:24:24,300.0,111.6,S
2021-06-22T11:24:08,300.0,111.6,S
2021-06-22T11:23:50,500.0,111.8,B
2021-06-22T11:23:47,500.0,111.6,S
2021-06-22T11:23:42,10000.0,111.6,S
2021-06-22T11:23:29,300.0,111.7,S
2021-06-22T11:23:27,1000.0,111.8,B
2021-06-22T11:23:09,300.0,111.6,B
2021-06-22T11:23:09,500.0,111.8,B
2021-06-22T11:23:06,300.0,111.6,B
2021-06-22T11:22:57,1700.0,111.5,S
2021-06-22T11:22:51,100.0,111.6,S
2021-06-22T11:22:51,100.0,111.6,S
2021-06-22T11:22:51,35300.0,111.6,S
2021-06-22T11:22:50,900.0,111.7,S
2021-06-22T11:22:39,300.0,111.7,S
2021-06-22T11:22:37,200.0,111.7,S
2021-06-22T11:22:14,300.0,111.7,S
2021-06-22T11:22:13,200.0,111.7,S
2021-06-22T11:21:54,600.0,111.7,B
2021-06-22T11:21:45,100.0,111.7,B
2021-06-22T11:21:20,500.0,111.7,B
2021-06-22T11:21:10,300.0,111.6,S
2021-06-22T11:20:58,500.0,111.8,B
2021-06-22T11:20:49,200.0,111.6,S
2021-06-22T11:20:23,300.0,111.6,S
2021-06-22T11:20:10,300.0,111.6,S
2021-06-22T11:20:07,100.0,111.7,B
2021-06-22T11:19:42,200.0,111.7,S
2021-06-22T11:19:31,100.0,111.7,B
2021-06-22T11:19:29,200.0,111.6,S
2021-06-22T11:19:13,300.0,111.6,S
2021-06-22T11:19:04,300.0,111.6,S
2021-06-22T11:19:02,200.0,111.6,S
2021-06-22T11:19:02,100.0,111.6,S
2021-06-22T11:19:02,600.0,111.6,S
2021-06-22T11:18:58,100.0,111.6,S
2021-06-22T11:18:38,300.0,111.6,S
2021-06-22T11:18:25,500.0,111.6,S
2021-06-22T11:18:16,2500.0,111.8,B
2021-06-22T11:18:16,1200.0,111.8,B
2021-06-22T11:18:16,3600.0,111.7,B
2021-06-22T11:18:16,2700.0,111.7,B
2021-06-22T11:18:13,300.0,111.6,S
2021-06-22T11:18:08,200.0,111.6,S
2021-06-22T11:17:42,300.0,111.6,S
2021-06-22T11:17:42,100.0,111.6,S
2021-06-22T11:17:32,700.0,111.6,S
2021-06-22T11:17:32,1300.0,111.6,S
2021-06-22T11:17:15,300.0,111.6,S
2021-06-22T11:17:14,300.0,111.6,S
2021-06-22T11:16:47,200.0,111.6,S
2021-06-22T11:16:30,200.0,111.6,S
2021-06-22T11:16:24,100.0,111.7,B
2021-06-22T11:16:20,300.0,111.6,S
2021-06-22T11:16:20,100.0,111.6,S
2021-06-22T11:16:14,300.0,111.6,B
2021-06-22T11:16:12,2700.0,111.6,B
2021-06-22T11:15:57,1000.0,111.5,S
2021-06-22T11:15:53,300.0,111.5,S
2021-06-22T11:15:29,200.0,111.5,S
2021-06-22T11:15:22,400.0,111.5,S
2021-06-22T11:15:12,500.0,111.5,S
2021-06-22T11:15:09,7700.0,111.6,S
2021-06-22T11:15:09,500.0,111.6,S
2021-06-22T11:15:03,300.0,111.6,S
2021-06-22T11:15:00,9700.0,111.7,B
2021-06-22T11:15:00,300.0,111.7,B
2021-06-22T11:14:32,500.0,111.6,S
2021-06-22T11:14:32,600.0,111.6,S
2021-06-22T11:14:25,200.0,111.6,S
2021-06-22T11:14:18,1100.0,111.6,S
2021-06-22T11:14:18,600.0,111.6,S
2021-06-22T11:14:18,1300.0,111.6,S
2021-06-22T11:14:18,400.0,111.6,S
2021-06-22T11:14:18,1100.0,111.6,S
2021-06-22T11:14:18,200.0,111.6,S
2021-06-22T11:14:10,100.0,111.6,S
2021-06-22T11:14:07,200.0,111.6,S
2021-06-22T11:14:03,300.0,111.6,S
2021-06-22T11:13:56,200.0,111.6,S
2021-06-22T11:13:38,300.0,111.6,S
2021-06-22T11:13:38,1000.0,111.6,S
2021-06-22T11:13:35,100.0,111.6,S
2021-06-22T11:13:27,2200.0,111.6,S
2021-06-22T11:13:15,1000.0,111.6,S
2021-06-22T11:13:15,900.0,111.6,S
2021-06-22T11:13:15,200.0,111.6,S
2021-06-22T11:13:13,300.0,111.6,S
2021-06-22T11:12:58,500.0,111.6,S
2021-06-22T11:12:54,100.0,111.6,S
2021-06-22T11:12:47,200.0,111.6,S
2021-06-22T11:12:46,3000.0,111.6,S
2021-06-22T11:12:42,200.0,111.6,S
2021-06-22T11:12:33,4000.0,111.6,S
2021-06-22T11:12:17,300.0,111.6,S
2021-06-22T11:12:15,200.0,111.6,S
2021-06-22T11:12:11,1700.0,111.6,S
2021-06-22T11:12:02,1000.0,111.6,S
2021-06-22T11:11:51,300.0,111.6,S
2021-06-22T11:11:42,1000.0,111.6,S
2021-06-22T11:11:37,100.0,111.6,S
2021-06-22T11:11:28,100.0,111.6,S
2021-06-22T11:11:28,1000.0,111.8,B
2021-06-22T11:11:27,1000.0,111.6,S
2021-06-22T11:11:26,500.0,111.6,S
2021-06-22T11:11:26,1500.0,111.6,S
2021-06-22T11:11:18,200.0,111.6,S
2021-06-22T11:11:14,1500.0,111.7,B
2021-06-22T11:11:08,1000.0,111.7,B
2021-06-22T11:11:01,200.0,111.7,B
2021-06-22T11:10:59,200.0,111.7,B
2021-06-22T11:10:54,100.0,111.7,B
2021-06-22T11:10:54,800.0,111.7,B
2021-06-22T11:10:39,200.0,111.7,B
2021-06-22T11:10:30,300.0,111.6,S
2021-06-22T11:10:27,1000.0,111.7,B
2021-06-22T11:10:15,200.0,111.6,S
2021-06-22T11:10:12,100.0,111.6,S
2021-06-22T11:10:10,200.0,111.7,B
2021-06-22T11:10:04,2000.0,111.6,S
2021-06-22T11:10:01,500.0,111.7,B
2021-06-22T11:10:01,200.0,111.7,B
2021-06-22T11:09:56,100.0,111.7,B
2021-06-22T11:09:44,100.0,111.7,S
2021-06-22T11:09:37,200.0,111.7,S
2021-06-22T11:09:35,200.0,111.7,S
2021-06-22T11:09:33,1500.0,111.7,S
2021-06-22T11:09:26,9100.0,111.7,S
2021-06-22T11:09:26,1000.0,111.7,S
2021-06-22T11:09:26,2600.0,111.7,S
2021-06-22T11:09:26,2000.0,111.7,S
2021-06-22T11:09:26,13000.0,111.7,S
2021-06-22T11:09:26,2300.0,111.7,S
2021-06-22T11:09:11,700.0,111.8,S
2021-06-22T11:09:03,100.0,111.8,S
2021-06-22T11:08:43,1100.0,111.8,B
2021-06-22T11:08:43,200.0,111.7,S
2021-06-22T11:08:42,300.0,111.7,S
2021-06-22T11:08:40,100.0,111.7,S
2021-06-22T11:08:38,100.0,111.8,B
2021-06-22T11:08:38,100.0,111.8,B
2021-06-22T11:08:36,200.0,111.8,B
2021-06-22T11:08:36,100.0,111.8,B
2021-06-22T11:08:35,4700.0,111.8,B
2021-06-22T11:08:17,200.0,111.7,S
2021-06-22T11:08:14,200.0,111.7,S
2021-06-22T11:07:56,100.0,111.7,S
2021-06-22T11:07:47,300.0,111.8,S
2021-06-22T11:07:47,1200.0,111.8,S
2021-06-22T11:07:47,300.0,111.8,S
2021-06-22T11:07:46,3200.0,111.8,S
2021-06-22T11:07:37,100.0,111.8,S
2021-06-22T11:07:23,200.0,111.7,S
2021-06-22T11:07:13,1100.0,111.8,S
2021-06-22T11:07:13,100.0,111.8,S
2021-06-22T11:07:13,5900.0,111.8,S
2021-06-22T11:07:04,1000.0,111.8,S
2021-06-22T11:07:00,400.0,111.8,S
2021-06-22T11:06:57,500.0,111.9,B
2021-06-22T11:06:55,200.0,111.8,S
2021-06-22T11:06:54,1200.0,111.8,S
2021-06-22T11:06:54,1500.0,111.8,S
2021-06-22T11:06:54,200.0,111.8,S
2021-06-22T11:06:54,400.0,111.8,S
2021-06-22T11:06:54,600.0,111.8,S
2021-06-22T11:06:54,4100.0,111.8,S
2021-06-22T11:06:35,1400.0,111.8,S
2021-06-22T11:06:30,1000.0,111.8,S
2021-06-22T11:06:30,29000.0,111.8,S
2021-06-22T11:06:27,300.0,111.8,S
2021-06-22T11:06:17,200.0,111.8,S
2021-06-22T11:06:17,100.0,111.8,S
2021-06-22T11:06:11,3000.0,111.9,B
2021-06-22T11:05:46,200.0,111.9,B
2021-06-22T11:05:45,100.0,111.8,S
2021-06-22T11:05:37,2000.0,111.9,B
2021-06-22T11:05:32,200.0,111.8,S
2021-06-22T11:05:20,200.0,111.8,S
2021-06-22T11:05:20,200.0,111.9,B
2021-06-22T11:05:20,700.0,111.8,S
2021-06-22T11:05:02,100.0,111.9,B
2021-06-22T11:04:50,1000.0,111.9,B
2021-06-22T11:04:47,100.0,111.8,S
2021-06-22T11:04:46,100.0,111.9,B
2021-06-22T11:04:38,2000.0,111.9,B
2021-06-22T11:04:26,100.0,111.9,S
2021-06-22T11:04:26,500.0,111.9,S
2021-06-22T11:04:19,100.0,111.8,S
2021-06-22T11:04:13,100.0,111.8,S
2021-06-22T11:04:12,2000.0,111.9,S
2021-06-22T11:04:09,1000.0,111.9,S
2021-06-22T11:04:07,700.0,111.8,S
2021-06-22T11:04:04,1000.0,111.9,S
2021-06-22T11:04:04,2100.0,111.9,S
2021-06-22T11:04:04,600.0,111.9,S
2021-06-22T11:03:26,1000.0,112.0,B
2021-06-22T11:03:20,400.0,111.9,S
2021-06-22T11:03:20,200.0,111.9,S
2021-06-22T11:03:19,300.0,111.9,S
2021-06-22T11:03:19,300.0,111.9,S
2021-06-22T11:03:16,100.0,112.0,B
2021-06-22T11:03:15,100.0,111.9,S
2021-06-22T11:03:12,100.0,111.9,S
2021-06-22T11:03:11,300.0,111.9,S
2021-06-22T11:03:11,5200.0,111.9,S
2021-06-22T11:03:11,3200.0,111.9,S
2021-06-22T11:03:11,100.0,111.9,S
2021-06-22T11:03:11,6200.0,111.9,S
2021-06-22T11:03:08,2000.0,112.0,B
2021-06-22T11:02:54,1500.0,111.9,S
2021-06-22T11:02:53,200.0,111.9,S
2021-06-22T11:02:25,300.0,111.9,S
2021-06-22T11:02:21,200.0,111.9,S
2021-06-22T11:02:17,100.0,111.9,S
2021-06-22T11:02:08,3500.0,111.9,S
2021-06-22T11:02:02,100.0,112.0,B
2021-06-22T11:02:02,200.0,111.9,S
2021-06-22T11:01:58,300.0,111.9,S
2021-06-22T11:01:46,100.0,111.9,S
2021-06-22T11:01:37,3200.0,112.0,B
2021-06-22T11:01:23,100.0,112.0,B
2021-06-22T11:01:21,200.0,111.9,S
2021-06-22T11:01:16,1000.0,111.9,S
2021-06-22T11:01:08,100.0,112.0,B
2021-06-22T11:00:35,1000.0,112.0,S
2021-06-22T11:00:33,1200.0,112.0,S
2021-06-22T11:00:31,100.0,112.0,S
2021-06-22T11:00:11,1000.0,112.0,S
2021-06-22T11:00:11,100.0,111.9,S
2021-06-22T10:59:59,3100.0,112.0,S
2021-06-22T10:59:52,500.0,112.0,S
2021-06-22T10:59:49,200.0,112.0,S
2021-06-22T10:59:32,100.0,112.0,S
2021-06-22T10:59:31,200.0,112.0,S
2021-06-22T10:59:28,3000.0,112.1,B
2021-06-22T10:59:27,200.0,112.0,S
2021-06-22T10:59:25,4500.0,112.0,S
2021-06-22T10:59:21,200.0,112.0,S
2021-06-22T10:59:16,300.0,112.0,S
2021-06-22T10:59:04,100.0,112.0,B
2021-06-22T10:59:00,100.0,112.0,B
2021-06-22T10:58:55,400.0,112.0,B
2021-06-22T10:58:51,300.0,112.0,B
2021-06-22T10:58:48,400.0,112.0,B
2021-06-22T10:58:45,900.0,112.0,B
2021-06-22T10:58:44,900.0,112.0,B
2021-06-22T10:58:42,100.0,112.0,B
2021-06-22T10:58:31,200.0,111.9,S
2021-06-22T10:58:27,1000.0,112.0,B
2021-06-22T10:58:26,100.0,111.9,S
2021-06-22T10:58:23,200.0,111.9,S
2021-06-22T10:58:23,200.0,111.9,S
2021-06-22T10:58:19,100.0,112.0,B
2021-06-22T10:58:18,2000.0,112.0,B
2021-06-22T10:58:13,400.0,111.9,S
2021-06-22T10:58:11,300.0,111.9,S
2021-06-22T10:58:03,8900.0,111.9,S
2021-06-22T10:58:03,500.0,111.9,S
2021-06-22T10:58:03,6400.0,111.9,S
2021-06-22T10:57:57,200.0,111.9,S
2021-06-22T10:57:56,300.0,111.9,S
2021-06-22T10:57:53,100.0,111.9,S
2021-06-22T10:57:50,400.0,112.0,B
2021-06-22T10:57:49,5000.0,112.0,B
2021-06-22T10:57:48,2000.0,111.9,S
2021-06-22T10:57:44,1500.0,112.0,B
2021-06-22T10:57:28,200.0,111.9,S
2021-06-22T10:57:21,1000.0,112.0,B
2021-06-22T10:57:21,400.0,111.9,S
2021-06-22T10:57:07,200.0,112.0,B
2021-06-22T10:57:06,9300.0,112.0,B
2021-06-22T10:56:44,600.0,112.0,B
2021-06-22T10:56:39,500.0,111.9,S
2021-06-22T10:56:39,300.0,111.9,S
2021-06-22T10:56:26,200.0,111.9,S
2021-06-22T10:56:22,200.0,112.0,B
2021-06-22T10:56:21,200.0,111.9,S
2021-06-22T10:56:11,5000.0,112.0,B
2021-06-22T10:56:02,1300.0,111.9,S
2021-06-22T10:55:54,26600.0,112.0,S
2021-06-22T10:55:49,1000.0,112.0,S
2021-06-22T10:55:48,500.0,112.0,S
2021-06-22T10:55:46,100.0,112.1,B
2021-06-22T10:55:43,200.0,112.0,S
2021-06-22T10:55:42,500.0,112.1,B
2021-06-22T10:55:25,200.0,112.0,S
2021-06-22T10:54:34,1400.0,112.1,B
2021-06-22T10:54:30,200.0,112.0,S
2021-06-22T10:54:25,200.0,112.0,S
2021-06-22T10:54:21,5000.0,112.0,S
2021-06-22T10:54:08,800.0,112.1,B
2021-06-22T10:54:04,1000.0,112.1,B
2021-06-22T10:53:54,300.0,112.0,S
2021-06-22T10:53:53,200.0,112.0,S
2021-06-22T10:53:38,200.0,112.0,S
2021-06-22T10:53:38,500.0,112.1,B
2021-06-22T10:53:19,200.0,112.0,S
2021-06-22T10:53:12,100.0,112.1,S
2021-06-22T10:53:11,100.0,112.1,S
2021-06-22T10:53:07,5000.0,112.0,S
2021-06-22T10:52:33,1800.0,112.1,S
2021-06-22T10:52:31,100.0,112.1,S
2021-06-22T10:52:31,200.0,112.1,S
2021-06-22T10:52:30,200.0,112.1,S
2021-06-22T10:52:23,100.0,112.1,S
2021-06-22T10:52:21,200.0,112.1,S
2021-06-22T10:52:18,5000.0,112.1,S
2021-06-22T10:52:14,200.0,112.1,S
2021-06-22T10:52:08,300.0,112.1,S
2021-06-22T10:52:04,5000.0,112.1,S
2021-06-22T10:51:53,1500.0,112.1,B
2021-06-22T10:51:46,100.0,112.1,B
2021-06-22T10:51:40,200.0,112.1,B
2021-06-22T10:51:34,500.0,112.1,B
2021-06-22T10:51:27,200.0,112.1,B
2021-06-22T10:51:12,300.0,112.1,B
2021-06-22T10:51:01,100.0,112.1,B
2021-06-22T10:51:00,200.0,112.1,B
2021-06-22T10:50:58,100.0,112.1,B
2021-06-22T10:50:54,2000.0,112.1,B
2021-06-22T10:50:54,1200.0,112.1,B
2021-06-22T10:50:50,2000.0,112.0,S
2021-06-22T10:50:47,400.0,112.0,S
2021-06-22T10:50:46,300.0,112.0,S
2021-06-22T10:50:40,500.0,112.1,B
2021-06-22T10:50:40,900.0,112.1,B
2021-06-22T10:50:38,1300.0,112.1,B
2021-06-22T10:50:38,500.0,112.1,B
2021-06-22T10:50:38,6800.0,112.1,B
2021-06-22T10:50:28,200.0,112.0,S
2021-06-22T10:50:19,300.0,112.0,S
2021-06-22T10:49:54,200.0,112.0,S
2021-06-22T10:49:47,100.0,112.0,S
2021-06-22T10:49:45,5000.0,112.1,B
2021-06-22T10:49:44,100.0,112.0,S
2021-06-22T10:49:39,3000.0,112.1,B
2021-06-22T10:49:35,200.0,112.0,S
2021-06-22T10:49:34,1000.0,112.0,S
2021-06-22T10:49:22,1000.0,112.0,S
2021-06-22T10:49:22,200.0,112.0,S
2021-06-22T10:49:21,300.0,112.0,S
2021-06-22T10:49:21,400.0,112.0,S
2021-06-22T10:49:15,200.0,112.1,B
2021-06-22T10:49:01,4600.0,112.0,S
2021-06-22T10:49:01,200.0,112.0,S
2021-06-22T10:49:00,100.0,112.0,S
2021-06-22T10:49:00,4900.0,112.0,S
2021-06-22T10:49:00,3700.0,112.0,S
2021-06-22T10:49:00,3000.0,112.0,S
2021-06-22T10:49:00,3500.0,112.0,S
2021-06-22T10:48:47,1500.0,112.1,B
2021-06-22T10:48:34,1000.0,112.0,S
2021-06-22T10:48:29,200.0,112.0,S
2021-06-22T10:48:28,100.0,112.0,S
2021-06-22T10:48:27,200.0,112.0,S
2021-06-22T10:48:21,2000.0,112.0,S
2021-06-22T10:48:04,300.0,112.0,S
2021-06-22T10:47:47,400.0,112.0,S
2021-06-22T10:47:37,300.0,112.0,S
2021-06-22T10:47:28,200.0,112.0,S
2021-06-22T10:47:20,100.0,112.1,B
2021-06-22T10:47:12,300.0,112.1,B
2021-06-22T10:47:10,100.0,112.1,B
2021-06-22T10:47:09,200.0,112.0,S
2021-06-22T10:46:55,100.0,112.0,S
2021-06-22T10:46:55,100.0,112.0,S
2021-06-22T10:46:47,3600.0,112.1,S
2021-06-22T10:46:47,2000.0,112.1,S
2021-06-22T10:46:44,300.0,112.1,S
2021-06-22T10:46:34,100.0,112.1,S
2021-06-22T10:46:29,200.0,112.1,S
2021-06-22T10:46:29,200.0,112.1,S
2021-06-22T10:46:28,400.0,112.1,S
2021-06-22T10:46:24,3100.0,112.1,S
2021-06-22T10:46:16,300.0,112.1,S
2021-06-22T10:45:48,200.0,112.1,S
2021-06-22T10:45:46,500.0,112.1,B
2021-06-22T10:45:35,200.0,112.1,B
2021-06-22T10:45:29,300.0,112.1,B
2021-06-22T10:45:19,500.0,112.1,B
2021-06-22T10:45:05,1000.0,112.1,B
2021-06-22T10:44:54,300.0,112.1,B
2021-06-22T10:44:47,100.0,112.1,B
2021-06-22T10:44:29,200.0,112.0,S
2021-06-22T10:44:29,200.0,112.0,S
2021-06-22T10:44:19,1100.0,112.0,S
2021-06-22T10:44:02,300.0,112.0,S
2021-06-22T10:43:35,300.0,112.0,S
2021-06-22T10:43:30,200.0,112.0,S
2021-06-22T10:43:29,1500.0,112.2,B
2021-06-22T10:43:12,500.0,112.0,S
2021-06-22T10:43:08,100.0,112.0,S
2021-06-22T10:43:07,700.0,112.1,S
2021-06-22T10:43:03,200.0,112.1,S
2021-06-22T10:43:02,2000.0,112.1,S
2021-06-22T10:42:49,600.0,112.2,B
2021-06-22T10:42:47,100.0,112.1,S
2021-06-22T10:42:46,100.0,112.1,S
2021-06-22T10:42:40,300.0,112.1,S
2021-06-22T10:42:38,2800.0,112.1,S
2021-06-22T10:42:37,2000.0,112.2,B
2021-06-22T10:42:35,400.0,112.1,S
2021-06-22T10:42:29,200.0,112.1,S
2021-06-22T10:42:00,200.0,112.2,B
2021-06-22T10:41:55,200.0,112.2,B
2021-06-22T10:41:48,200.0,112.1,S
2021-06-22T10:41:48,300.0,112.1,S
2021-06-22T10:41:48,700.0,112.1,S
2021-06-22T10:41:42,500.0,112.1,S
2021-06-22T10:41:29,200.0,112.0,S
2021-06-22T10:41:26,500.0,112.1,S
2021-06-22T10:41:19,4700.0,112.2,B
2021-06-22T10:41:19,300.0,112.2,B
2021-06-22T10:41:18,1000.0,112.1,S
2021-06-22T10:41:16,100.0,112.0,S
2021-06-22T10:41:16,500.0,112.1,S
2021-06-22T10:41:06,100.0,112.1,S
2021-06-22T10:41:06,3300.0,112.1,S
2021-06-22T10:40:53,300.0,112.1,B
2021-06-22T10:40:51,600.0,112.1,B
2021-06-22T10:40:51,300.0,112.1,B
2021-06-22T10:40:51,900.0,112.1,B
2021-06-22T10:40:51,100.0,112.1,B
2021-06-22T10:40:48,300.0,112.1,B
2021-06-22T10:40:42,100.0,112.0,S
2021-06-22T10:40:30,200.0,112.0,S
2021-06-22T10:40:25,300.0,112.0,S
2021-06-22T10:40:15,1500.0,112.0,S
2021-06-22T10:40:08,200.0,112.1,B
2021-06-22T10:40:04,500.0,112.1,B
2021-06-22T10:39:59,200.0,112.0,S
2021-06-22T10:39:31,200.0,112.0,S
2021-06-22T10:39:19,500.0,112.1,B
2021-06-22T10:39:06,300.0,112.0,S
2021-06-22T10:38:44,100.0,112.0,S
2021-06-22T10:38:37,200.0,112.0,B
2021-06-22T10:38:32,200.0,112.0,B
2021-06-22T10:38:31,1400.0,112.0,B
2021-06-22T10:38:28,300.0,112.0,B
2021-06-22T10:38:26,100.0,112.0,B
2021-06-22T10:38:24,200.0,112.0,B
2021-06-22T10:38:18,300.0,112.0,B
2021-06-22T10:38:17,5000.0,112.0,B
2021-06-22T10:38:14,500.0,111.9,S
2021-06-22T10:38:04,4000.0,112.0,B
2021-06-22T10:38:04,1000.0,112.0,B
2021-06-22T10:38:04,1900.0,112.0,B
2021-06-22T10:38:04,3000.0,112.0,B
2021-06-22T10:38:04,100.0,112.0,B
2021-06-22T10:38:03,200.0,111.9,S
2021-06-22T10:37:56,200.0,111.9,S
2021-06-22T10:37:53,100.0,111.9,S
2021-06-22T10:37:52,4300.0,112.0,B
2021-06-22T10:37:52,600.0,112.0,B
2021-06-22T10:37:52,100.0,112.0,B
2021-06-22T10:37:47,300.0,111.9,S
2021-06-22T10:37:43,800.0,112.0,B
2021-06-22T10:37:43,1400.0,112.0,B
2021-06-22T10:37:43,2800.0,112.0,B
2021-06-22T10:37:42,1800.0,112.0,B
2021-06-22T10:37:42,1200.0,112.0,B
2021-06-22T10:37:37,100.0,111.9,S
2021-06-22T10:37:34,200.0,111.9,S
2021-06-22T10:37:26,2000.0,112.0,B
2021-06-22T10:37:21,200.0,111.9,S
2021-06-22T10:37:16,200.0,111.9,S
2021-06-22T10:37:14,5000.0,112.0,B
2021-06-22T10:37:04,100.0,111.9,S
2021-06-22T10:36:50,300.0,111.9,S
2021-06-22T10:36:39,200.0,111.9,S
2021-06-22T10:36:32,200.0,111.9,S
2021-06-22T10:36:32,5000.0,112.0,B
2021-06-22T10:36:23,300.0,111.9,S
2021-06-22T10:35:56,200.0,111.9,S
2021-06-22T10:35:32,200.0,111.9,S
2021-06-22T10:35:12,1000.0,112.0,B
2021-06-22T10:35:02,300.0,111.9,S
2021-06-22T10:34:52,100.0,111.9,S
2021-06-22T10:34:44,2000.0,112.0,B
2021-06-22T10:34:38,100.0,111.9,B
2021-06-22T10:34:33,200.0,111.9,B
2021-06-22T10:34:30,300.0,111.9,B
2021-06-22T10:34:28,3500.0,112.0,B
2021-06-22T10:34:12,100.0,112.0,B
2021-06-22T10:34:12,400.0,112.0,B
2021-06-22T10:34:10,300.0,111.9,B
2021-06-22T10:34:10,100.0,111.9,B
2021-06-22T10:34:08,100.0,112.0,B
2021-06-22T10:34:00,700.0,111.9,B
2021-06-22T10:34:00,300.0,111.9,B
2021-06-22T10:34:00,2000.0,111.9,B
2021-06-22T10:33:59,1000.0,111.9,B
2021-06-22T10:33:58,200.0,111.8,S
2021-06-22T10:33:57,100.0,111.9,B
2021-06-22T10:33:57,600.0,111.9,B
2021-06-22T10:33:46,4400.0,111.9,B
2021-06-22T10:33:46,600.0,111.9,B
2021-06-22T10:33:46,100.0,111.9,B
2021-06-22T10:33:41,500.0,111.9,B
2021-06-22T10:33:39,400.0,111.9,B
2021-06-22T10:33:39,100.0,111.8,S
2021-06-22T10:33:36,600.0,111.9,B
2021-06-22T10:33:36,400.0,111.8,S
2021-06-22T10:33:31,2800.0,111.9,B
2021-06-22T10:33:27,4000.0,111.9,B
2021-06-22T10:33:14,200.0,111.8,S
2021-06-22T10:32:48,300.0,111.8,S
2021-06-22T10:32:36,200.0,111.8,S
2021-06-22T10:32:21,300.0,111.8,S
2021-06-22T10:31:53,200.0,111.8,S
2021-06-22T10:31:36,200.0,111.8,S
2021-06-22T10:31:21,100.0,111.9,B
2021-06-22T10:31:18,100.0,111.9,B
2021-06-22T10:30:53,300.0,111.9,B
2021-06-22T10:30:46,1600.0,111.9,B
2021-06-22T10:30:44,1000.0,111.9,B
2021-06-22T10:30:36,200.0,111.8,B
2021-06-22T10:30:32,100.0,111.9,B
2021-06-22T10:30:31,100.0,111.8,B
2021-06-22T10:30:21,600.0,111.9,B
2021-06-22T10:30:20,300.0,111.8,B
2021-06-22T10:30:15,100.0,111.8,B
2021-06-22T10:30:09,300.0,111.8,B
2021-06-22T10:30:08,100.0,111.9,B
2021-06-22T10:30:08,1300.0,111.8,B
2021-06-22T10:30:08,2600.0,111.8,B
2021-06-22T10:29:58,1000.0,111.8,B
2021-06-22T10:29:52,300.0,111.8,B
2021-06-22T10:29:38,300.0,111.7,S
2021-06-22T10:29:36,200.0,111.7,S
2021-06-22T10:29:28,100.0,111.7,S
2021-06-22T10:29:28,300.0,111.8,B
2021-06-22T10:29:19,1000.0,111.8,B
2021-06-22T10:29:19,1000.0,111.8,B
2021-06-22T10:29:13,100.0,111.8,B
2021-06-22T10:29:04,1000.0,111.8,B
2021-06-22T10:29:03,200.0,111.8,B
2021-06-22T10:29:00,300.0,111.8,B
2021-06-22T10:28:58,100.0,111.7,B
2021-06-22T10:28:54,600.0,111.8,B
2021-06-22T10:28:54,900.0,111.8,B
2021-06-22T10:28:53,500.0,111.7,B
2021-06-22T10:28:52,2000.0,111.8,B
2021-06-22T10:28:49,200.0,111.7,B
2021-06-22T10:28:48,200.0,111.7,B
2021-06-22T10:28:44,100.0,111.7,B
2021-06-22T10:28:44,10000.0,111.7,B
2021-06-22T10:28:41,100.0,111.7,B
2021-06-22T10:28:41,600.0,111.7,B
2021-06-22T10:28:38,900.0,111.7,B
2021-06-22T10:28:38,300.0,111.7,B
2021-06-22T10:28:38,100.0,111.7,B
2021-06-22T10:28:37,700.0,111.7,B
2021-06-22T10:28:35,200.0,111.6,S
2021-06-22T10:28:35,100.0,111.7,B
2021-06-22T10:28:34,900.0,111.6,S
2021-06-22T10:28:27,100.0,111.7,B
2021-06-22T10:28:27,400.0,111.7,B
2021-06-22T10:28:26,600.0,111.7,B
2021-06-22T10:28:25,2900.0,111.7,B
2021-06-22T10:28:25,300.0,111.7,B
2021-06-22T10:28:25,1800.0,111.7,B
2021-06-22T10:28:18,1000.0,111.7,B
2021-06-22T10:28:11,500.0,111.7,B
2021-06-22T10:27:51,300.0,111.6,S
2021-06-22T10:27:37,200.0,111.6,S
2021-06-22T10:27:27,100.0,111.7,B
2021-06-22T10:27:23,200.0,111.6,S
2021-06-22T10:27:22,600.0,111.7,B
2021-06-22T10:27:17,1000.0,111.7,B
2021-06-22T10:26:58,300.0,111.6,S
2021-06-22T10:26:38,200.0,111.6,S
2021-06-22T10:26:32,300.0,111.6,S
2021-06-22T10:26:03,200.0,111.6,S
2021-06-22T10:25:37,200.0,111.6,S
2021-06-22T10:25:12,100.0,111.7,B
2021-06-22T10:25:05,600.0,111.7,B
2021-06-22T10:25:04,200.0,111.6,S
2021-06-22T10:24:58,4400.0,111.7,B
2021-06-22T10:24:49,400.0,111.7,B
2021-06-22T10:24:47,100.0,111.6,S
2021-06-22T10:24:41,3000.0,111.6,S
2021-06-22T10:24:37,200.0,111.6,S
2021-06-22T10:24:27,100.0,111.7,B
2021-06-22T10:24:23,100.0,111.6,S
2021-06-22T10:24:18,1000.0,111.6,S
2021-06-22T10:24:17,300.0,111.6,S
2021-06-22T10:24:09,100.0,111.7,B
2021-06-22T10:24:01,900.0,111.6,S
2021-06-22T10:23:48,300.0,111.6,S
2021-06-22T10:23:39,200.0,111.6,S
2021-06-22T10:23:35,300.0,111.7,B
2021-06-22T10:23:34,100.0,111.6,S
2021-06-22T10:23:26,2000.0,111.6,S
2021-06-22T10:23:21,200.0,111.6,S
2021-06-22T10:23:19,1200.0,111.6,S
2021-06-22T10:22:59,300.0,111.6,S
2021-06-22T10:22:51,100.0,111.6,S
2021-06-22T10:22:50,500.0,111.6,S
2021-06-22T10:22:50,500.0,111.7,B
2021-06-22T10:22:42,200.0,111.6,S
2021-06-22T10:22:40,1000.0,111.6,S
2021-06-22T10:22:40,1000.0,111.6,S
2021-06-22T10:22:38,200.0,111.6,S
2021-06-22T10:22:29,300.0,111.6,S
2021-06-22T10:22:01,200.0,111.6,S
2021-06-22T10:21:48,200.0,111.6,B
2021-06-22T10:21:40,200.0,111.6,B
2021-06-22T10:21:40,1000.0,111.6,B
2021-06-22T10:21:39,3100.0,111.6,B
2021-06-22T10:21:33,300.0,111.5,S
2021-06-22T10:21:23,100.0,111.5,S
2021-06-22T10:21:16,2400.0,111.6,S
2021-06-22T10:21:06,200.0,111.6,S
2021-06-22T10:21:06,100.0,111.6,S
2021-06-22T10:20:37,200.0,111.6,S
2021-06-22T10:20:37,200.0,111.6,S
2021-06-22T10:20:22,100.0,111.6,S
2021-06-22T10:20:19,3000.0,111.6,S
2021-06-22T10:20:16,700.0,111.6,S
2021-06-22T10:20:13,5800.0,111.6,S
2021-06-22T10:20:13,9200.0,111.6,S
2021-06-22T10:20:08,300.0,111.6,S
2021-06-22T10:20:06,1000.0,111.6,S
2021-06-22T10:19:56,500.0,111.6,S
2021-06-22T10:19:45,1300.0,111.6,S
2021-06-22T10:19:43,300.0,111.6,S
2021-06-22T10:19:38,200.0,111.6,S
2021-06-22T10:19:33,100.0,111.6,S
2021-06-22T10:19:28,500.0,111.7,B
2021-06-22T10:19:27,2000.0,111.6,S
2021-06-22T10:18:52,200.0,111.7,B
2021-06-22T10:18:46,300.0,111.6,S
2021-06-22T10:18:42,100.0,111.6,S
2021-06-22T10:18:35,700.0,111.6,S
2021-06-22T10:18:35,200.0,111.6,S
2021-06-22T10:18:26,200.0,111.6,S
2021-06-22T10:18:19,300.0,111.6,S
2021-06-22T10:18:16,200.0,111.6,S
2021-06-22T10:18:16,100.0,111.6,S
2021-06-22T10:18:14,4700.0,111.6,S
2021-06-22T10:17:52,300.0,111.6,S
2021-06-22T10:17:36,100.0,111.6,S
2021-06-22T10:17:36,100.0,111.6,S
2021-06-22T10:17:25,200.0,111.6,S
2021-06-22T10:17:19,500.0,111.6,S
2021-06-22T10:17:10,1000.0,111.7,B
2021-06-22T10:17:08,500.0,111.6,S
2021-06-22T10:17:05,300.0,111.6,S
2021-06-22T10:16:55,1100.0,111.7,S
2021-06-22T10:16:37,200.0,111.7,S
2021-06-22T10:16:34,300.0,111.7,S
2021-06-22T10:16:32,500.0,111.7,S
2021-06-22T10:16:30,200.0,111.7,S
2021-06-22T10:16:09,200.0,111.7,S
2021-06-22T10:15:45,300.0,111.7,S
2021-06-22T10:15:43,200.0,111.7,S
2021-06-22T10:15:10,300.0,111.7,S
2021-06-22T10:14:44,200.0,111.7,S
2021-06-22T10:14:39,200.0,111.7,S
2021-06-22T10:14:31,200.0,111.7,S
2021-06-22T10:14:28,5000.0,111.7,S
2021-06-22T10:14:20,300.0,111.7,S
2021-06-22T10:14:16,500.0,111.8,B
2021-06-22T10:13:54,300.0,111.7,S
2021-06-22T10:13:42,200.0,111.7,S
2021-06-22T10:13:39,1000.0,111.7,S
2021-06-22T10:13:19,100.0,111.8,S
2021-06-22T10:13:01,300.0,111.7,S
2021-06-22T10:12:53,1000.0,111.7,S
2021-06-22T10:12:44,200.0,111.7,S
2021-06-22T10:12:35,300.0,111.8,B
2021-06-22T10:12:24,1700.0,111.8,B
2021-06-22T10:12:08,200.0,111.7,S
2021-06-22T10:11:58,100.0,111.7,S
2021-06-22T10:11:47,200.0,111.7,S
2021-06-22T10:11:47,2000.0,111.7,S
2021-06-22T10:11:43,300.0,111.7,S
2021-06-22T10:11:40,400.0,111.8,B
2021-06-22T10:11:40,200.0,111.8,B
2021-06-22T10:11:39,300.0,111.8,B
2021-06-22T10:11:39,200.0,111.8,B
2021-06-22T10:11:39,200.0,111.8,B
2021-06-22T10:11:39,200.0,111.8,B
2021-06-22T10:11:16,200.0,111.7,S
2021-06-22T10:11:12,100.0,111.7,S
2021-06-22T10:11:10,1500.0,111.8,B
2021-06-22T10:11:05,2000.0,111.8,B
2021-06-22T10:11:03,500.0,111.6,S
2021-06-22T10:10:57,1500.0,111.8,B
2021-06-22T10:10:56,10000.0,111.6,S
2021-06-22T10:10:51,100.0,111.7,S
2021-06-22T10:10:48,400.0,111.7,S
2021-06-22T10:10:46,1500.0,111.8,B
2021-06-22T10:10:46,200.0,111.7,S
2021-06-22T10:10:38,800.0,111.8,B
2021-06-22T10:10:37,700.0,111.8,B
2021-06-22T10:10:33,500.0,111.7,S
2021-06-22T10:10:21,100.0,111.7,S
2021-06-22T10:10:14,3000.0,111.7,S
2021-06-22T10:10:13,100.0,111.8,B
2021-06-22T10:10:13,1000.0,111.8,B
2021-06-22T10:10:13,300.0,111.8,B
2021-06-22T10:10:13,100.0,111.8,B
2021-06-22T10:09:52,300.0,111.7,S
2021-06-22T10:09:51,100.0,111.8,B
2021-06-22T10:09:47,200.0,111.7,S
2021-06-22T10:09:43,1500.0,111.8,B
2021-06-22T10:09:30,1500.0,111.8,B
2021-06-22T10:09:25,1500.0,111.8,B
2021-06-22T10:09:09,1500.0,111.8,B
2021-06-22T10:09:08,100.0,111.7,B
2021-06-22T10:09:01,2500.0,111.7,B
2021-06-22T10:08:59,100.0,111.7,B
2021-06-22T10:08:59,300.0,111.7,B
2021-06-22T10:08:57,500.0,111.7,B
2021-06-22T10:08:55,100.0,111.6,S
2021-06-22T10:08:53,400.0,111.8,B
2021-06-22T10:08:53,1100.0,111.7,B
2021-06-22T10:08:45,200.0,111.6,S
2021-06-22T10:08:44,100.0,111.6,S
2021-06-22T10:08:34,100.0,111.6,S
2021-06-22T10:08:27,200.0,111.6,S
2021-06-22T10:08:16,700.0,111.7,B
2021-06-22T10:08:09,500.0,111.7,B
2021-06-22T10:08:08,300.0,111.6,S
2021-06-22T10:08:03,7800.0,111.6,S
2021-06-22T10:08:03,3300.0,111.6,S
2021-06-22T10:07:51,200.0,111.6,S
2021-06-22T10:07:49,500.0,111.7,B
2021-06-22T10:07:47,400.0,111.7,B
2021-06-22T10:07:37,1000.0,111.6,S
2021-06-22T10:07:15,8000.0,111.7,B
2021-06-22T10:07:15,500.0,111.7,B
2021-06-22T10:07:14,1500.0,111.7,B
2021-06-22T10:06:56,1500.0,111.7,B
2021-06-22T10:06:48,100.0,111.7,B
2021-06-22T10:06:47,200.0,111.6,S
2021-06-22T10:06:45,300.0,111.6,S
2021-06-22T10:06:43,1500.0,111.7,B
2021-06-22T10:06:28,100.0,111.6,S
2021-06-22T10:06:27,100.0,111.7,B
2021-06-22T10:05:41,200.0,111.7,S
2021-06-22T10:05:28,5600.0,111.7,S
2021-06-22T10:05:20,100.0,111.7,S
2021-06-22T10:05:12,100.0,111.7,S
2021-06-22T10:04:58,200.0,111.7,S
2021-06-22T10:04:47,200.0,111.7,S
2021-06-22T10:04:46,400.0,111.7,S
2021-06-22T10:04:16,3800.0,111.8,B
2021-06-22T10:04:16,1200.0,111.7,S
2021-06-22T10:04:05,100.0,111.7,S
2021-06-22T10:04:01,2200.0,111.7,S
2021-06-22T10:03:54,100.0,111.7,S
2021-06-22T10:03:53,200.0,111.7,S
2021-06-22T10:03:36,200.0,111.7,B
2021-06-22T10:03:27,700.0,111.7,B
2021-06-22T10:03:22,100.0,111.6,S
2021-06-22T10:03:22,400.0,111.6,S
2021-06-22T10:03:10,300.0,111.6,S
2021-06-22T10:02:48,200.0,111.6,S
2021-06-22T10:02:44,200.0,111.6,S
2021-06-22T10:01:51,200.0,111.7,S
2021-06-22T10:01:50,300.0,111.7,S
2021-06-22T10:01:50,500.0,111.7,S
2021-06-22T10:01:41,11900.0,111.6,S
2021-06-22T10:01:21,300.0,111.7,S
2021-06-22T10:01:16,500.0,111.7,S
2021-06-22T10:01:14,400.0,111.7,S
2021-06-22T10:00:56,200.0,111.7,S
2021-06-22T10:00:49,200.0,111.7,S
2021-06-22T10:00:34,300.0,111.7,S
2021-06-22T10:00:22,5000.0,111.6,S
2021-06-22T10:00:14,800.0,111.7,B
2021-06-22T10:00:14,1500.0,111.7,B
2021-06-22T10:00:13,400.0,111.7,B
2021-06-22T10:00:09,400.0,111.6,S
2021-06-22T09:59:58,300.0,111.6,S
2021-06-22T09:59:30,200.0,111.6,S
2021-06-22T09:59:14,900.0,111.6,S
2021-06-22T09:59:05,200.0,111.6,S
2021-06-22T09:58:57,100.0,111.7,B
2021-06-22T09:58:39,100.0,111.7,B
2021-06-22T09:58:29,1000.0,111.7,B
2021-06-22T09:58:21,100.0,111.7,B
2021-06-22T09:58:16,100.0,111.6,S
2021-06-22T09:58:11,200.0,111.6,S
2021-06-22T09:58:02,100.0,111.6,S
2021-06-22T09:57:59,100.0,111.7,B
2021-06-22T09:57:56,400.0,111.7,B
2021-06-22T09:57:52,200.0,111.7,B
2021-06-22T09:57:45,300.0,111.6,S
2021-06-22T09:57:43,100.0,111.7,B
2021-06-22T09:57:43,900.0,111.6,S
2021-06-22T09:57:38,2000.0,111.6,S
2021-06-22T09:57:38,200.0,111.7,B
2021-06-22T09:57:37,100.0,111.7,B
2021-06-22T09:57:25,1000.0,111.6,S
2021-06-22T09:57:21,400.0,111.6,S
2021-06-22T09:57:12,10000.0,111.6,S
2021-06-22T09:57:07,100.0,111.7,B
2021-06-22T09:56:52,100.0,111.7,B
2021-06-22T09:56:43,400.0,111.7,B
2021-06-22T09:56:07,100.0,111.7,S
2021-06-22T09:56:07,400.0,111.7,S
2021-06-22T09:55:59,300.0,111.7,B
2021-06-22T09:55:58,300.0,111.7,B
2021-06-22T09:55:36,100.0,111.7,B
2021-06-22T09:55:32,100.0,111.7,S
2021-06-22T09:55:21,500.0,111.8,B
2021-06-22T09:55:17,1000.0,111.7,B
2021-06-22T09:54:57,2000.0,111.8,B
2021-06-22T09:54:44,500.0,111.7,S
2021-06-22T09:54:44,300.0,111.7,S
2021-06-22T09:54:35,300.0,111.7,S
2021-06-22T09:54:29,900.0,111.7,S
2021-06-22T09:54:20,500.0,111.7,S
2021-06-22T09:54:09,300.0,111.7,S
2021-06-22T09:54:00,300.0,111.7,S
2021-06-22T09:53:42,200.0,111.7,S
2021-06-22T09:53:38,100.0,111.7,S
2021-06-22T09:53:26,300.0,111.7,B
2021-06-22T09:53:26,2000.0,111.7,B
2021-06-22T09:53:16,300.0,111.6,S
2021-06-22T09:53:08,400.0,111.6,S
2021-06-22T09:53:04,100.0,111.7,B
2021-06-22T09:52:57,800.0,111.6,S
2021-06-22T09:52:56,100.0,111.6,S
2021-06-22T09:52:49,300.0,111.6,S
2021-06-22T09:52:42,3000.0,111.6,S
2021-06-22T09:52:38,1000.0,111.6,S
2021-06-22T09:52:24,200.0,111.6,S
2021-06-22T09:52:20,1100.0,111.6,S
2021-06-22T09:52:00,500.0,111.6,S
2021-06-22T09:51:59,300.0,111.7,S
2021-06-22T09:51:56,1100.0,111.7,S
2021-06-22T09:51:40,600.0,111.7,S
2021-06-22T09:51:36,100.0,111.8,B
2021-06-22T09:51:29,300.0,111.7,S
2021-06-22T09:51:19,1000.0,111.7,S
2021-06-22T09:51:04,300.0,111.7,S
2021-06-22T09:51:02,200.0,111.7,S
2021-06-22T09:51:01,1000.0,111.7,S
2021-06-22T09:50:51,100.0,111.7,S
2021-06-22T09:50:36,300.0,111.7,S
2021-06-22T09:50:25,500.0,111.7,S
2021-06-22T09:50:07,300.0,111.7,S
2021-06-22T09:49:54,100.0,111.7,S
2021-06-22T09:49:27,1800.0,111.8,B
2021-06-22T09:49:15,300.0,111.7,S
2021-06-22T09:49:02,500.0,111.7,B
2021-06-22T09:49:00,300.0,111.7,B
2021-06-22T09:48:51,400.0,111.7,B
2021-06-22T09:48:21,300.0,111.7,S
2021-06-22T09:48:19,200.0,111.7,S
2021-06-22T09:48:10,800.0,111.7,S
2021-06-22T09:48:06,100.0,111.7,S
2021-06-22T09:48:01,500.0,111.7,S
2021-06-22T09:47:52,300.0,111.7,S
2021-06-22T09:47:41,100.0,111.7,S
2021-06-22T09:47:34,200.0,111.7,S
2021-06-22T09:47:26,1000.0,111.7,B
2021-06-22T09:47:26,300.0,111.7,B
2021-06-22T09:47:25,300.0,111.6,S
2021-06-22T09:47:06,100.0,111.6,S
2021-06-22T09:47:03,1000.0,111.7,B
2021-06-22T09:47:03,1400.0,111.7,B
2021-06-22T09:46:33,100.0,111.7,B
2021-06-22T09:46:33,200.0,111.7,B
2021-06-22T09:46:13,100.0,111.7,S
2021-06-22T09:46:08,100.0,111.7,S
2021-06-22T09:46:08,200.0,111.7,S
2021-06-22T09:45:26,300.0,111.7,S
2021-06-22T09:45:26,500.0,111.7,S
2021-06-22T09:44:40,3000.0,111.8,B
2021-06-22T09:44:29,500.0,111.8,B
2021-06-22T09:43:45,3600.0,111.8,B
2021-06-22T09:43:32,1200.0,111.8,B
2021-06-22T09:43:19,900.0,111.6,S
2021-06-22T09:43:13,1000.0,111.8,B
2021-06-22T09:42:59,300.0,111.6,S
2021-06-22T09:42:54,500.0,111.6,S
2021-06-22T09:42:51,100.0,111.6,S
2021-06-22T09:42:49,2000.0,111.6,S
2021-06-22T09:42:49,4000.0,111.6,S
2021-06-22T09:42:28,400.0,111.6,S
2021-06-22T09:42:22,100.0,111.7,B
2021-06-22T09:42:11,2000.0,111.8,B
2021-06-22T09:42:05,100.0,111.6,S
2021-06-22T09:41:59,200.0,111.6,S
2021-06-22T09:41:53,100.0,111.7,B
2021-06-22T09:41:44,1000.0,111.6,S
2021-06-22T09:41:35,300.0,111.6,S
2021-06-22T09:41:10,200.0,111.6,S
2021-06-22T09:41:07,1400.0,111.8,B
2021-06-22T09:40:46,4000.0,111.6,S
2021-06-22T09:40:41,300.0,111.7,S
2021-06-22T09:40:34,300.0,111.7,S
2021-06-22T09:40:15,100.0,111.7,S
2021-06-22T09:40:07,900.0,111.7,S
2021-06-22T09:39:47,200.0,111.7,S
2021-06-22T09:39:25,100.0,111.7,S
2021-06-22T09:39:20,300.0,111.7,S
2021-06-22T09:39:10,500.0,111.7,S
2021-06-22T09:39:01,1000.0,111.8,B
2021-06-22T09:38:55,100.0,111.7,S
2021-06-22T09:38:52,700.0,111.8,B
2021-06-22T09:38:50,1700.0,111.8,B
2021-06-22T09:38:50,500.0,111.7,S
2021-06-22T09:38:43,2000.0,111.8,B
2021-06-22T09:38:41,1000.0,111.6,S
2021-06-22T09:38:41,300.0,111.7,S
2021-06-22T09:38:34,900.0,111.7,S
2021-06-22T09:38:30,200.0,111.7,S
2021-06-22T09:38:29,1200.0,111.8,B
2021-06-22T09:38:26,1700.0,111.7,S
2021-06-22T09:38:16,100.0,111.7,S
2021-06-22T09:38:11,4400.0,111.7,S
2021-06-22T09:38:11,3000.0,111.7,S
2021-06-22T09:38:02,400.0,111.7,S
2021-06-22T09:38:02,400.0,111.7,S
2021-06-22T09:37:38,2000.0,111.8,B
2021-06-22T09:37:26,100.0,111.8,B
2021-06-22T09:37:09,1500.0,111.8,B
2021-06-22T09:37:02,400.0,111.8,B
2021-06-22T09:36:57,1500.0,111.8,B
2021-06-22T09:36:56,2000.0,111.8,B
2021-06-22T09:36:49,1500.0,111.8,S
2021-06-22T09:36:41,1000.0,111.8,S
2021-06-22T09:36:36,1500.0,111.8,S
2021-06-22T09:36:33,1500.0,111.8,S
2021-06-22T09:36:28,1000.0,111.8,S
2021-06-22T09:36:16,1500.0,111.8,S
2021-06-22T09:36:12,1500.0,111.8,S
2021-06-22T09:36:11,300.0,111.8,S
2021-06-22T09:36:11,5000.0,111.8,S
2021-06-22T09:36:10,400.0,111.8,S
2021-06-22T09:35:56,1500.0,111.9,S
2021-06-22T09:35:53,500.0,111.9,S
2021-06-22T09:35:53,5100.0,111.9,S
2021-06-22T09:35:48,100.0,111.9,S
2021-06-22T09:35:46,1500.0,112.0,B
2021-06-22T09:35:41,2000.0,112.0,B
2021-06-22T09:35:32,500.0,112.0,B
2021-06-22T09:35:29,900.0,112.0,B
2021-06-22T09:35:29,200.0,112.0,B
2021-06-22T09:35:21,1300.0,111.9,S
2021-06-22T09:35:21,3500.0,111.9,S
2021-06-22T09:35:21,200.0,112.0,B
2021-06-22T09:35:18,1800.0,112.0,B
2021-06-22T09:35:08,200.0,112.0,B
2021-06-22T09:35:06,100.0,112.0,B
2021-06-22T09:35:06,8200.0,112.0,B
2021-06-22T09:35:05,1500.0,112.0,B
2021-06-22T09:34:58,800.0,111.9,S
2021-06-22T09:34:54,1500.0,112.0,B
2021-06-22T09:34:50,1500.0,112.0,B
2021-06-22T09:34:39,1500.0,112.0,B
2021-06-22T09:34:39,1000.0,111.9,S
2021-06-22T09:34:30,300.0,111.9,S
2021-06-22T09:34:00,200.0,111.9,B
2021-06-22T09:33:52,200.0,111.9,B
2021-06-22T09:33:51,500.0,111.9,B
2021-06-22T09:33:44,900.0,111.9,B
2021-06-22T09:33:32,300.0,111.9,B
2021-06-22T09:33:19,1700.0,111.9,B
2021-06-22T09:33:17,100.0,111.9,B
2021-06-22T09:33:13,400.0,111.9,B
2021-06-22T09:33:07,300.0,111.9,B
2021-06-22T09:32:57,300.0,111.9,B
2021-06-22T09:32:51,10000.0,111.5,S
2021-06-22T09:32:46,400.0,111.5,S
2021-06-22T09:32:41,1400.0,112.0,B
2021-06-22T09:32:41,500.0,112.0,B
2021-06-22T09:32:41,3100.0,112.0,B
2021-06-22T09:32:37,200.0,111.5,S
2021-06-22T09:32:34,1500.0,111.9,B
2021-06-22T09:32:30,12000.0,111.5,S
2021-06-22T09:32:30,2600.0,111.5,S
2021-06-22T09:32:30,300.0,111.6,S
2021-06-22T09:32:30,15100.0,111.7,S
2021-06-22T09:32:22,100.0,111.9,B
2021-06-22T09:32:22,1400.0,111.9,B
2021-06-22T09:32:11,300.0,111.7,S
2021-06-22T09:32:08,1000.0,111.7,S
2021-06-22T09:31:58,300.0,111.7,S
2021-06-22T09:31:38,500.0,111.9,B
2021-06-22T09:31:38,1000.0,111.8,S
2021-06-22T09:31:27,2000.0,111.8,S
2021-06-22T09:31:25,300.0,111.9,B
2021-06-22T09:31:25,100.0,111.9,B
2021-06-22T09:31:23,200.0,111.8,S
2021-06-22T09:31:02,300.0,111.8,S
2021-06-22T09:30:58,100.0,111.8,S
2021-06-22T09:30:56,100.0,111.9,B
2021-06-22T09:30:56,900.0,111.8,S
2021-06-22T09:30:46,400.0,111.8,S
2021-06-22T09:30:46,2100.0,111.8,S
2021-06-22T09:30:23,300.0,111.8,S
2021-06-22T09:30:22,100.0,111.8,S
2021-06-22T09:30:17,100.0,111.9,B
2021-06-22T09:30:07,700.0,111.8,S
2021-06-22T09:30:07,400.0,111.8,S
2021-06-22T09:30:07,1300.0,111.8,S
2021-06-22T09:29:57,200.0,111.8,S
2021-06-22T09:29:55,200.0,111.8,S
2021-06-22T09:29:53,100.0,111.8,S
2021-06-22T09:29:49,2500.0,111.8,S
2021-06-22T09:29:49,1000.0,111.9,B
2021-06-22T09:29:43,200.0,111.8,S
2021-06-22T09:29:38,2000.0,111.9,B
2021-06-22T09:29:37,500.0,111.9,B
2021-06-22T09:29:33,300.0,111.8,S
2021-06-22T09:29:24,100.0,111.9,B
2021-06-22T09:29:18,300.0,111.8,S
2021-06-22T09:29:03,1600.0,111.9,S
2021-06-22T09:28:39,2000.0,112.0,B
2021-06-22T09:28:38,100.0,112.0,B
2021-06-22T09:28:22,100.0,112.0,B
2021-06-22T09:28:15,300.0,111.9,S
2021-06-22T09:28:13,200.0,112.0,B
2021-06-22T09:28:09,300.0,111.9,S
2021-06-22T09:28:06,900.0,111.9,S
2021-06-22T09:27:51,300.0,111.9,S
2021-06-22T09:27:49,500.0,111.9,S
2021-06-22T09:27:35,300.0,111.9,S
2021-06-22T09:27:31,1000.0,112.0,B
2021-06-22T09:26:57,100.0,112.0,S
2021-06-22T09:26:57,4700.0,112.0,S
2021-06-22T09:26:49,300.0,112.0,S
2021-06-22T09:26:44,500.0,112.0,S
2021-06-22T09:26:41,500.0,112.0,S
2021-06-22T09:26:39,5000.0,112.0,S
2021-06-22T09:26:31,500.0,112.0,S
2021-06-22T09:26:18,9200.0,112.0,S
2021-06-22T09:26:03,300.0,112.1,S
2021-06-22T09:25:59,200.0,112.1,S
2021-06-22T09:25:57,600.0,112.1,S
2021-06-22T09:25:37,8100.0,112.1,S
2021-06-22T09:25:24,200.0,112.1,S
2021-06-22T09:25:24,100.0,112.1,S
2021-06-22T09:25:23,100.0,112.2,B
2021-06-22T09:25:01,300.0,112.1,S
2021-06-22T09:24:51,600.0,112.1,S
2021-06-22T09:24:33,300.0,112.1,S
2021-06-22T09:24:29,1000.0,112.1,S
2021-06-22T09:24:26,1900.0,112.2,B
2021-06-22T09:24:16,1000.0,112.1,S
2021-06-22T09:24:05,2000.0,112.2,S
2021-06-22T09:23:51,100.0,112.2,S
2021-06-22T09:23:33,100.0,112.2,S
2021-06-22T09:23:22,1200.0,112.3,B
2021-06-22T09:23:22,1000.0,112.2,S
2021-06-22T09:23:22,2800.0,112.2,S
2021-06-22T09:23:08,300.0,112.2,S
2021-06-22T09:23:08,2200.0,112.2,S
2021-06-22T09:22:58,100.0,112.2,S
2021-06-22T09:22:51,2000.0,112.2,S
2021-06-22T09:22:45,200.0,112.2,S
2021-06-22T09:22:36,100.0,112.2,S
2021-06-22T09:22:27,100.0,112.2,S
2021-06-22T09:22:16,1000.0,112.3,B
2021-06-22T09:22:14,1000.0,112.2,S
2021-06-22T09:22:13,500.0,112.2,S
2021-06-22T09:22:07,2000.0,112.3,B
2021-06-22T09:22:05,100.0,112.2,S
2021-06-22T09:22:02,100.0,112.2,S
2021-06-22T09:21:58,900.0,112.2,S
2021-06-22T09:21:57,2000.0,112.2,S
2021-06-22T09:21:56,200.0,112.2,S
2021-06-22T09:21:52,300.0,112.2,S
2021-06-22T09:21:35,1000.0,112.2,S
2021-06-22T09:21:34,400.0,112.2,S
2021-06-22T09:21:23,200.0,112.2,S
2021-06-22T09:21:19,100.0,112.2,S
2021-06-22T09:21:08,1000.0,112.2,S
2021-06-22T09:21:01,500.0,112.2,S
2021-06-22T09:21:00,300.0,112.2,S
2021-06-22T09:21:00,400.0,112.2,S
2021-06-22T09:20:57,2100.0,112.2,S
2021-06-22T09:20:57,500.0,112.2,S
2021-06-22T09:20:29,300.0,112.2,B
2021-06-22T09:20:20,100.0,112.2,B
2021-06-22T09:20:17,100.0,112.3,B
2021-06-22T09:20:08,200.0,112.2,B
2021-06-22T09:20:04,500.0,112.2,B
2021-06-22T09:20:03,100.0,112.2,B
2021-06-22T09:19:58,900.0,112.1,S
2021-06-22T09:19:56,100.0,112.1,S
2021-06-22T09:19:40,300.0,112.1,S
2021-06-22T09:19:39,100.0,112.1,S
2021-06-22T09:19:27,1000.0,112.1,S
2021-06-22T09:19:16,2000.0,112.1,S
2021-06-22T09:19:16,300.0,112.3,B
2021-06-22T09:19:16,1300.0,112.3,B
2021-06-22T09:18:51,500.0,112.3,B
2021-06-22T09:18:41,5000.0,112.3,B
2021-06-22T09:18:26,100.0,112.1,S
2021-06-22T09:18:25,400.0,112.1,S
2021-06-22T09:18:10,300.0,112.1,S
2021-06-22T09:17:46,500.0,112.0,S
2021-06-22T09:17:44,1000.0,112.0,S
2021-06-22T09:17:42,100.0,112.2,B
2021-06-22T09:17:40,900.0,112.0,S
2021-06-22T09:17:35,200.0,112.0,S
2021-06-22T09:17:21,300.0,112.2,B
2021-06-22T09:17:08,100.0,112.2,B
2021-06-22T09:16:52,100.0,112.2,B
2021-06-22T09:16:49,300.0,112.0,S
2021-06-22T09:16:44,1000.0,112.0,S
2021-06-22T09:16:36,100.0,112.0,S
2021-06-22T09:16:26,2600.0,112.0,B
2021-06-22T09:15:37,100.0,112.0,B
2021-06-22T09:15:28,300.0,111.9,S
