tradingTime,volume,price,side
2021-06-22T14:25:28,3000.0,8.7,S
2021-06-22T14:23:37,1000.0,8.75,B
2021-06-22T14:20:41,200.0,8.75,B
2021-06-22T14:18:27,200.0,8.7,S
2021-06-22T14:16:11,100.0,8.7,S
2021-06-22T14:15:25,1000.0,8.7,S
2021-06-22T14:14:25,100.0,8.75,B
2021-06-22T14:10:35,500.0,8.75,B
2021-06-22T14:10:10,4100.0,8.75,S
2021-06-22T14:09:10,100.0,8.75,S
2021-06-22T14:08:34,500.0,8.75,S
2021-06-22T14:06:46,100.0,8.75,S
2021-06-22T14:06:18,100.0,8.75,S
2021-06-22T14:05:24,100.0,8.75,B
2021-06-22T14:05:23,100.0,8.75,B
2021-06-22T14:03:43,500.0,8.69,S
2021-06-22T14:03:29,600.0,8.75,S
2021-06-22T14:03:15,400.0,8.75,B
2021-06-22T14:02:23,100.0,8.75,B
2021-06-22T13:57:56,20000.0,8.69,S
2021-06-22T13:57:40,10000.0,8.69,S
2021-06-22T13:55:39,300.0,8.7,B
2021-06-22T13:55:36,100.0,8.7,B
2021-06-22T13:55:00,200.0,8.7,B
2021-06-22T13:54:43,4400.0,8.7,S
2021-06-22T13:52:16,1500.0,8.72,B
2021-06-22T13:51:54,500.0,8.72,S
2021-06-22T13:50:38,700.0,8.72,S
2021-06-22T13:49:02,100.0,8.72,S
2021-06-22T13:46:51,300.0,8.8,B
2021-06-22T13:46:51,800.0,8.8,B
2021-06-22T13:46:51,200.0,8.75,B
2021-06-22T13:44:59,800.0,8.75,B
2021-06-22T13:44:20,2000.0,8.75,B
2021-06-22T13:42:51,2400.0,8.69,B
2021-06-22T13:41:45,900.0,8.69,B
2021-06-22T13:41:15,500.0,8.69,B
2021-06-22T13:39:20,1000.0,8.65,S
2021-06-22T13:39:16,100.0,8.65,S
2021-06-22T13:38:44,2500.0,8.65,S
2021-06-22T13:38:44,1600.0,8.65,S
2021-06-22T13:38:44,500.0,8.65,S
2021-06-22T13:38:44,500.0,8.65,S
2021-06-22T13:38:44,1000.0,8.65,S
2021-06-22T13:38:44,1500.0,8.65,S
2021-06-22T13:38:44,1900.0,8.66,S
2021-06-22T13:38:44,500.0,8.68,S
2021-06-22T13:38:40,100.0,8.69,B
2021-06-22T13:38:15,2000.0,8.69,B
2021-06-22T13:37:18,100.0,8.69,B
2021-06-22T13:36:23,5000.0,8.69,B
2021-06-22T13:32:42,200.0,8.72,B
2021-06-22T13:31:08,4000.0,8.65,S
2021-06-22T13:26:18,200.0,8.73,B
2021-06-22T13:26:13,2000.0,8.65,S
2021-06-22T13:26:13,8300.0,8.65,S
2021-06-22T13:26:13,1100.0,8.65,S
2021-06-22T13:26:13,5000.0,8.66,S
2021-06-22T13:26:13,4500.0,8.68,S
2021-06-22T13:26:13,2100.0,8.7,S
2021-06-22T13:24:57,1000.0,8.73,B
2021-06-22T13:22:25,200.0,8.73,B
2021-06-22T13:21:56,1000.0,8.73,B
2021-06-22T13:20:05,2800.0,8.73,S
2021-06-22T13:19:11,300.0,8.73,S
2021-06-22T13:18:58,1000.0,8.73,S
2021-06-22T13:18:49,500.0,8.73,S
2021-06-22T13:17:56,1500.0,8.73,S
2021-06-22T13:16:51,100.0,8.75,B
2021-06-22T13:16:18,3000.0,8.75,S
2021-06-22T13:16:12,2000.0,8.75,S
2021-06-22T13:15:23,500.0,8.75,S
2021-06-22T13:14:11,300.0,8.75,S
2021-06-22T13:14:11,1700.0,8.75,S
2021-06-22T13:11:38,2000.0,8.75,S
2021-06-22T13:06:19,200.0,8.76,S
2021-06-22T13:05:41,200.0,8.76,S
2021-06-22T13:05:32,500.0,8.76,S
2021-06-22T13:05:14,100.0,8.76,S
2021-06-22T13:05:09,400.0,8.76,B
2021-06-22T13:04:35,600.0,8.76,S
2021-06-22T13:04:14,800.0,8.76,S
2021-06-22T13:04:14,2200.0,8.76,S
2021-06-22T13:02:20,600.0,8.76,S
2021-06-22T13:00:16,2600.0,8.76,S
2021-06-22T13:00:14,2000.0,8.79,B
2021-06-22T13:00:08,1000.0,8.76,S
2021-06-22T11:27:41,500.0,8.76,S
2021-06-22T11:22:19,2200.0,8.79,S
2021-06-22T11:21:47,500.0,8.79,S
2021-06-22T11:19:13,3200.0,8.79,S
2021-06-22T11:17:29,200.0,8.8,S
2021-06-22T11:15:19,300.0,8.8,S
2021-06-22T11:15:18,700.0,8.8,S
2021-06-22T11:14:56,200.0,8.8,S
2021-06-22T11:12:17,200.0,8.8,S
2021-06-22T11:11:12,4000.0,8.8,S
2021-06-22T11:07:43,300.0,8.8,S
2021-06-22T11:04:54,100.0,8.8,S
2021-06-22T11:02:56,1800.0,8.79,S
2021-06-22T10:57:47,200.0,8.83,B
2021-06-22T10:57:28,6900.0,8.83,B
2021-06-22T10:55:29,100.0,8.83,B
2021-06-22T10:54:21,14900.0,8.83,S
2021-06-22T10:54:01,2300.0,8.83,B
2021-06-22T10:53:27,6800.0,8.83,B
2021-06-22T10:53:22,100.0,8.83,S
2021-06-22T10:52:48,500.0,8.83,S
2021-06-22T10:52:04,900.0,8.83,S
2021-06-22T10:51:29,200.0,8.84,B
2021-06-22T10:44:50,4000.0,8.84,B
2021-06-22T10:44:41,200.0,8.84,S
2021-06-22T10:43:59,200.0,8.84,S
2021-06-22T10:42:40,4000.0,8.84,S
2021-06-22T10:42:29,100.0,8.85,B
2021-06-22T10:41:22,2200.0,8.85,S
2021-06-22T10:39:47,2000.0,8.85,S
2021-06-22T10:34:33,1300.0,8.85,B
2021-06-22T10:34:07,3300.0,8.85,B
2021-06-22T10:32:33,200.0,8.84,S
2021-06-22T10:31:55,400.0,8.84,B
2021-06-22T10:31:34,100.0,8.84,B
2021-06-22T10:31:10,5000.0,8.84,B
2021-06-22T10:30:44,1900.0,8.83,S
2021-06-22T10:27:40,1000.0,8.84,B
2021-06-22T10:27:06,4000.0,8.84,B
2021-06-22T10:26:59,100.0,8.84,B
2021-06-22T10:23:32,200.0,8.81,S
2021-06-22T10:18:36,300.0,8.8,B
2021-06-22T10:17:26,2000.0,8.8,B
2021-06-22T10:15:46,100.0,8.8,B
2021-06-22T10:14:30,100.0,8.79,B
2021-06-22T10:13:10,600.0,8.76,B
2021-06-22T10:13:07,300.0,8.76,B
2021-06-22T10:12:45,1200.0,8.76,B
2021-06-22T10:12:38,900.0,8.76,B
2021-06-22T10:11:12,1700.0,8.75,B
2021-06-22T10:09:40,1100.0,8.73,B
2021-06-22T10:08:37,1000.0,8.72,B
2021-06-22T10:08:36,3100.0,8.72,B
2021-06-22T10:08:29,100.0,8.72,B
2021-06-22T10:08:12,1000.0,8.72,B
2021-06-22T10:05:55,100.0,8.72,B
2021-06-22T10:05:24,500.0,8.69,S
2021-06-22T10:05:22,600.0,8.72,B
2021-06-22T10:05:18,500.0,8.72,B
2021-06-22T10:04:39,200.0,8.72,B
2021-06-22T10:03:14,300.0,8.72,B
2021-06-22T10:02:58,500.0,8.68,B
2021-06-22T10:01:11,5100.0,8.65,S
2021-06-22T10:01:11,1900.0,8.67,S
2021-06-22T09:59:26,200.0,8.68,B
2021-06-22T09:59:11,300.0,8.67,B
2021-06-22T09:58:52,200.0,8.67,S
2021-06-22T09:58:41,3300.0,8.65,S
2021-06-22T09:58:13,100.0,8.65,S
2021-06-22T09:58:00,1000.0,8.65,S
2021-06-22T09:57:37,2000.0,8.65,S
2021-06-22T09:57:00,1300.0,8.65,S
2021-06-22T09:56:44,1000.0,8.68,S
2021-06-22T09:55:55,2700.0,8.68,S
2021-06-22T09:55:55,1100.0,8.69,S
2021-06-22T09:55:55,1000.0,8.7,S
2021-06-22T09:55:55,4700.0,8.7,S
2021-06-22T09:55:18,2000.0,8.7,S
2021-06-22T09:53:06,100.0,8.71,S
2021-06-22T09:52:43,1000.0,8.7,S
2021-06-22T09:52:25,300.0,8.7,S
2021-06-22T09:52:16,500.0,8.7,S
2021-06-22T09:51:56,2200.0,8.7,S
2021-06-22T09:51:56,200.0,8.7,S
2021-06-22T09:51:56,1700.0,8.7,S
2021-06-22T09:51:56,200.0,8.7,S
2021-06-22T09:51:56,600.0,8.7,S
2021-06-22T09:51:35,200.0,8.73,B
2021-06-22T09:51:26,100.0,8.75,B
2021-06-22T09:51:14,100.0,8.73,B
2021-06-22T09:50:53,700.0,8.73,S
2021-06-22T09:50:17,300.0,8.73,S
2021-06-22T09:49:52,900.0,8.75,B
2021-06-22T09:49:02,200.0,8.75,B
2021-06-22T09:48:17,1000.0,8.75,B
2021-06-22T09:47:54,3500.0,8.75,S
2021-06-22T09:47:48,500.0,8.77,B
2021-06-22T09:47:19,1500.0,8.77,B
2021-06-22T09:46:54,200.0,8.76,S
2021-06-22T09:46:31,300.0,8.76,S
2021-06-22T09:46:08,5000.0,8.76,S
2021-06-22T09:46:00,500.0,8.79,B
2021-06-22T09:45:09,100.0,8.79,S
2021-06-22T09:44:31,500.0,8.8,B
2021-06-22T09:43:48,3000.0,8.8,B
2021-06-22T09:39:08,6700.0,8.8,S
2021-06-22T09:38:40,900.0,8.8,S
2021-06-22T09:38:34,400.0,8.84,B
2021-06-22T09:38:22,500.0,8.84,B
2021-06-22T09:38:22,500.0,8.83,S
2021-06-22T09:36:14,100.0,8.84,S
2021-06-22T09:35:39,1000.0,8.8,S
2021-06-22T09:35:26,100.0,8.84,S
2021-06-22T09:34:59,100.0,8.84,S
2021-06-22T09:34:46,300.0,8.84,S
2021-06-22T09:33:15,300.0,8.85,B
2021-06-22T09:31:11,200.0,8.85,S
2021-06-22T09:29:24,3000.0,8.9,B
2021-06-22T09:28:54,1000.0,8.88,S
2021-06-22T09:25:44,1000.0,8.9,B
2021-06-22T09:25:27,500.0,8.9,S
2021-06-22T09:25:27,2000.0,8.9,S
2021-06-22T09:24:54,1000.0,8.9,S
2021-06-22T09:23:55,2000.0,8.9,S
2021-06-22T09:23:25,200.0,8.9,S
2021-06-22T09:23:25,700.0,8.9,S
2021-06-22T09:23:25,600.0,8.9,S
2021-06-22T09:23:25,1500.0,8.9,S
2021-06-22T09:22:42,900.0,8.95,B
2021-06-22T09:22:42,100.0,8.94,B
2021-06-22T09:21:22,2800.0,8.95,S
2021-06-22T09:20:56,800.0,8.95,S
2021-06-22T09:19:16,300.0,8.95,S
2021-06-22T09:18:38,900.0,8.95,B
2021-06-22T09:18:14,2000.0,8.95,S
2021-06-22T09:18:14,3700.0,8.95,S
2021-06-22T09:17:42,600.0,8.95,S
