tradingTime,volume,price,side
2021-06-10T14:30:26,200.0,34.2,B
2021-06-10T14:30:16,200.0,34.2,B
2021-06-10T14:30:16,100.0,34.2,B
2021-06-10T14:30:16,100.0,34.2,B
2021-06-10T14:30:01,500.0,34.2,B
2021-06-10T14:29:59,200.0,34.2,B
2021-06-10T14:29:51,500.0,34.2,B
2021-06-10T14:29:49,1000.0,34.15,S
2021-06-10T14:29:43,5000.0,34.2,B
2021-06-10T14:29:33,10000.0,34.2,B
2021-06-10T14:29:30,500.0,34.2,B
2021-06-10T14:29:29,500.0,34.15,S
2021-06-10T14:29:27,200.0,34.2,B
2021-06-10T14:29:25,200.0,34.2,B
2021-06-10T14:29:23,5000.0,34.15,S
2021-06-10T14:29:19,200.0,34.15,S
2021-06-10T14:29:19,2000.0,34.2,B
2021-06-10T14:29:16,100.0,34.2,B
2021-06-10T14:29:13,100.0,34.2,B
2021-06-10T14:29:05,100.0,34.2,B
2021-06-10T14:29:03,900.0,34.2,B
2021-06-10T14:28:59,500.0,34.2,B
2021-06-10T14:28:58,2000.0,34.2,B
2021-06-10T14:28:54,500.0,34.2,B
2021-06-10T14:28:47,1000.0,34.2,B
2021-06-10T14:28:41,7000.0,34.2,B
2021-06-10T14:28:39,500.0,34.2,B
2021-06-10T14:28:38,100.0,34.2,B
2021-06-10T14:28:36,1000.0,34.2,B
2021-06-10T14:28:30,100.0,34.2,B
2021-06-10T14:28:29,2500.0,34.2,B
2021-06-10T14:28:27,100.0,34.2,S
2021-06-10T14:28:13,100.0,34.2,S
2021-06-10T14:28:07,200.0,34.15,S
2021-06-10T14:28:07,500.0,34.2,S
2021-06-10T14:28:06,900.0,34.2,S
2021-06-10T14:28:05,200.0,34.2,S
2021-06-10T14:27:59,1100.0,34.25,B
2021-06-10T14:27:58,200.0,34.2,S
2021-06-10T14:27:56,200.0,34.2,S
2021-06-10T14:27:55,100.0,34.2,S
2021-06-10T14:27:49,100.0,34.2,S
2021-06-10T14:27:37,1000.0,34.25,B
2021-06-10T14:27:35,1000.0,34.15,S
2021-06-10T14:27:35,5000.0,34.15,S
2021-06-10T14:27:34,1000.0,34.15,S
2021-06-10T14:27:34,100.0,34.15,S
2021-06-10T14:27:34,1300.0,34.15,S
2021-06-10T14:27:34,11900.0,34.15,S
2021-06-10T14:27:34,7000.0,34.2,S
2021-06-10T14:27:34,2600.0,34.2,S
2021-06-10T14:27:34,400.0,34.2,S
2021-06-10T14:27:34,1500.0,34.2,S
2021-06-10T14:27:34,100.0,34.2,S
2021-06-10T14:27:34,5000.0,34.2,S
2021-06-10T14:27:34,1000.0,34.2,S
2021-06-10T14:27:34,200.0,34.2,S
2021-06-10T14:27:34,2100.0,34.2,S
2021-06-10T14:27:34,2700.0,34.2,S
2021-06-10T14:27:34,4600.0,34.2,S
2021-06-10T14:27:34,100.0,34.2,S
2021-06-10T14:27:34,2400.0,34.2,S
2021-06-10T14:27:33,1200.0,34.2,S
2021-06-10T14:27:28,1000.0,34.25,B
2021-06-10T14:27:25,200.0,34.2,S
2021-06-10T14:27:09,100.0,34.25,B
2021-06-10T14:27:07,100.0,34.25,B
2021-06-10T14:27:06,100.0,34.25,B
2021-06-10T14:27:05,2000.0,34.2,S
2021-06-10T14:26:58,8000.0,34.2,S
2021-06-10T14:26:49,3000.0,34.25,B
2021-06-10T14:26:47,100.0,34.25,B
2021-06-10T14:26:39,800.0,34.25,B
2021-06-10T14:26:38,200.0,34.2,S
2021-06-10T14:26:38,300.0,34.2,S
2021-06-10T14:26:36,500.0,34.25,B
2021-06-10T14:26:31,200.0,34.2,S
2021-06-10T14:26:31,100.0,34.2,S
2021-06-10T14:26:31,1100.0,34.2,S
2021-06-10T14:26:31,900.0,34.2,S
2021-06-10T14:26:31,200.0,34.2,S
2021-06-10T14:26:31,500.0,34.2,S
2021-06-10T14:26:29,200.0,34.2,S
2021-06-10T14:26:29,600.0,34.2,S
2021-06-10T14:26:29,600.0,34.2,S
2021-06-10T14:26:29,1400.0,34.2,S
2021-06-10T14:26:29,300.0,34.2,S
2021-06-10T14:26:29,1500.0,34.2,S
2021-06-10T14:26:29,400.0,34.2,S
2021-06-10T14:26:29,2400.0,34.2,S
2021-06-10T14:26:09,4700.0,34.2,S
2021-06-10T14:26:09,1100.0,34.2,S
2021-06-10T14:26:09,1200.0,34.2,S
2021-06-10T14:26:09,1600.0,34.2,S
2021-06-10T14:26:09,300.0,34.2,S
2021-06-10T14:26:09,11100.0,34.2,S
2021-06-10T14:26:07,200.0,34.25,B
2021-06-10T14:26:07,300.0,34.25,B
2021-06-10T14:26:04,500.0,34.25,B
2021-06-10T14:26:01,1000.0,34.25,B
2021-06-10T14:26:01,400.0,34.25,B
2021-06-10T14:26:01,800.0,34.2,S
2021-06-10T14:26:01,200.0,34.2,S
2021-06-10T14:26:01,3000.0,34.2,S
2021-06-10T14:26:00,8000.0,34.2,S
2021-06-10T14:26:00,2500.0,34.2,S
2021-06-10T14:26:00,2100.0,34.2,S
2021-06-10T14:26:00,1100.0,34.2,S
2021-06-10T14:26:00,8100.0,34.2,S
2021-06-10T14:25:56,800.0,34.25,B
2021-06-10T14:25:48,400.0,34.2,S
2021-06-10T14:25:42,500.0,34.25,B
2021-06-10T14:25:40,100.0,34.25,B
2021-06-10T14:25:38,1500.0,34.25,B
2021-06-10T14:25:37,100.0,34.25,B
2021-06-10T14:25:30,600.0,34.25,B
2021-06-10T14:25:19,1000.0,34.25,B
2021-06-10T14:25:15,1000.0,34.25,B
2021-06-10T14:25:14,2000.0,34.25,B
2021-06-10T14:25:12,200.0,34.25,B
2021-06-10T14:25:02,1200.0,34.25,B
2021-06-10T14:24:58,100.0,34.25,B
2021-06-10T14:24:50,200.0,34.25,B
2021-06-10T14:24:47,1000.0,34.25,B
2021-06-10T14:24:44,10000.0,34.25,B
2021-06-10T14:24:41,200.0,34.25,B
2021-06-10T14:24:41,1000.0,34.25,B
2021-06-10T14:24:36,1000.0,34.25,B
2021-06-10T14:24:28,2000.0,34.25,B
2021-06-10T14:24:27,2000.0,34.2,S
2021-06-10T14:24:22,100.0,34.25,B
2021-06-10T14:24:17,300.0,34.25,B
2021-06-10T14:24:17,300.0,34.25,B
2021-06-10T14:24:12,200.0,34.25,B
2021-06-10T14:24:09,100.0,34.25,B
2021-06-10T14:24:09,100.0,34.25,B
2021-06-10T14:24:03,300.0,34.25,S
2021-06-10T14:24:02,15600.0,34.25,S
2021-06-10T14:23:50,1000.0,34.3,B
2021-06-10T14:23:47,1000.0,34.3,B
2021-06-10T14:23:44,8400.0,34.25,S
2021-06-10T14:23:44,1600.0,34.25,S
2021-06-10T14:23:40,100.0,34.3,B
2021-06-10T14:23:31,700.0,34.25,S
2021-06-10T14:23:31,300.0,34.25,S
2021-06-10T14:23:22,2400.0,34.25,S
2021-06-10T14:23:22,200.0,34.25,S
2021-06-10T14:23:22,6000.0,34.25,S
2021-06-10T14:23:22,1300.0,34.25,S
2021-06-10T14:23:22,2000.0,34.25,S
2021-06-10T14:23:22,5100.0,34.25,S
2021-06-10T14:23:15,6300.0,34.25,S
2021-06-10T14:23:15,300.0,34.25,S
2021-06-10T14:23:15,4600.0,34.25,S
2021-06-10T14:23:15,1600.0,34.25,S
2021-06-10T14:23:15,500.0,34.25,S
2021-06-10T14:23:15,4500.0,34.25,S
2021-06-10T14:23:15,800.0,34.25,S
2021-06-10T14:23:15,1300.0,34.25,S
2021-06-10T14:23:12,10100.0,34.25,S
2021-06-10T14:23:04,1000.0,34.3,B
2021-06-10T14:22:39,17300.0,34.25,S
2021-06-10T14:22:39,2600.0,34.25,S
2021-06-10T14:22:39,4700.0,34.25,S
2021-06-10T14:22:39,300.0,34.25,S
2021-06-10T14:22:39,13000.0,34.25,S
2021-06-10T14:22:39,3600.0,34.25,S
2021-06-10T14:22:39,32800.0,34.25,S
2021-06-10T14:22:35,11000.0,34.3,B
2021-06-10T14:22:30,300.0,34.3,B
2021-06-10T14:22:27,2200.0,34.3,B
2021-06-10T14:22:18,300.0,34.3,B
2021-06-10T14:22:08,1000.0,34.3,B
2021-06-10T14:22:07,100.0,34.3,B
2021-06-10T14:22:07,3300.0,34.3,B
2021-06-10T14:22:02,1000.0,34.3,B
2021-06-10T14:21:55,100.0,34.3,S
2021-06-10T14:21:54,400.0,34.3,S
2021-06-10T14:21:51,2000.0,34.3,S
2021-06-10T14:21:51,1100.0,34.3,S
2021-06-10T14:21:44,2000.0,34.3,S
2021-06-10T14:21:44,21900.0,34.3,B
2021-06-10T14:21:39,200.0,34.3,B
2021-06-10T14:21:36,8100.0,34.3,B
2021-06-10T14:21:36,1900.0,34.3,B
2021-06-10T14:21:33,4200.0,34.3,B
2021-06-10T14:21:29,2000.0,34.3,B
2021-06-10T14:21:22,100.0,34.3,B
2021-06-10T14:21:19,300.0,34.3,B
2021-06-10T14:21:08,100.0,34.3,B
2021-06-10T14:20:50,2200.0,34.3,B
2021-06-10T14:20:49,100.0,34.3,B
2021-06-10T14:20:48,1000.0,34.25,S
2021-06-10T14:20:40,100.0,34.3,B
2021-06-10T14:20:38,100.0,34.3,B
2021-06-10T14:20:37,200.0,34.3,B
2021-06-10T14:20:32,1000.0,34.3,B
2021-06-10T14:20:28,5000.0,34.3,B
2021-06-10T14:20:24,100.0,34.3,B
2021-06-10T14:20:24,2000.0,34.3,B
2021-06-10T14:20:22,800.0,34.3,B
2021-06-10T14:20:19,700.0,34.3,B
2021-06-10T14:20:15,500.0,34.3,B
2021-06-10T14:20:13,3200.0,34.25,S
2021-06-10T14:20:00,3600.0,34.25,S
2021-06-10T14:20:00,6400.0,34.25,S
2021-06-10T14:19:57,2000.0,34.3,B
2021-06-10T14:19:55,2000.0,34.25,S
2021-06-10T14:19:47,100.0,34.3,B
2021-06-10T14:19:41,200.0,34.3,B
2021-06-10T14:19:33,500.0,34.3,B
2021-06-10T14:19:31,10000.0,34.3,B
2021-06-10T14:19:29,1800.0,34.3,B
2021-06-10T14:19:14,1000.0,34.3,B
2021-06-10T14:19:09,100.0,34.3,B
2021-06-10T14:19:04,100.0,34.3,B
2021-06-10T14:19:00,1000.0,34.25,S
2021-06-10T14:18:47,3000.0,34.3,B
2021-06-10T14:18:46,100.0,34.3,B
2021-06-10T14:18:46,4800.0,34.3,B
2021-06-10T14:18:42,100.0,34.3,B
2021-06-10T14:18:32,5000.0,34.3,B
2021-06-10T14:18:25,200.0,34.3,B
2021-06-10T14:18:25,100.0,34.3,B
2021-06-10T14:18:25,100.0,34.3,B
2021-06-10T14:18:22,10000.0,34.3,B
2021-06-10T14:18:16,300.0,34.3,B
2021-06-10T14:18:15,3000.0,34.3,B
2021-06-10T14:18:10,200.0,34.3,B
2021-06-10T14:18:03,100.0,34.3,B
2021-06-10T14:17:51,1000.0,34.3,B
2021-06-10T14:17:50,100.0,34.3,B
2021-06-10T14:17:42,100.0,34.3,B
2021-06-10T14:17:39,100.0,34.3,B
2021-06-10T14:17:30,200.0,34.3,B
2021-06-10T14:17:27,500.0,34.3,B
2021-06-10T14:17:27,1000.0,34.3,B
2021-06-10T14:17:23,300.0,34.3,B
2021-06-10T14:17:19,10000.0,34.3,B
2021-06-10T14:17:14,8700.0,34.3,B
2021-06-10T14:17:14,100.0,34.3,B
2021-06-10T14:17:14,1200.0,34.3,B
2021-06-10T14:16:59,100.0,34.3,B
2021-06-10T14:16:57,200.0,34.3,B
2021-06-10T14:16:57,500.0,34.3,B
2021-06-10T14:16:57,5500.0,34.3,B
2021-06-10T14:16:54,3000.0,34.3,B
2021-06-10T14:16:47,2000.0,34.25,S
2021-06-10T14:16:47,1500.0,34.25,S
2021-06-10T14:16:42,400.0,34.3,B
2021-06-10T14:16:38,1000.0,34.3,B
2021-06-10T14:16:37,100.0,34.3,B
2021-06-10T14:16:33,200.0,34.25,S
2021-06-10T14:16:23,3000.0,34.3,B
2021-06-10T14:16:21,400.0,34.3,B
2021-06-10T14:16:11,100.0,34.3,B
2021-06-10T14:16:11,3000.0,34.3,B
2021-06-10T14:16:04,20000.0,34.3,B
2021-06-10T14:15:56,200.0,34.3,B
2021-06-10T14:15:51,30900.0,34.3,S
2021-06-10T14:15:42,9200.0,34.3,B
2021-06-10T14:15:39,800.0,34.3,B
2021-06-10T14:15:37,2000.0,34.35,B
2021-06-10T14:15:37,1500.0,34.3,B
2021-06-10T14:15:27,400.0,34.3,B
2021-06-10T14:15:22,17400.0,34.3,B
2021-06-10T14:15:06,1000.0,34.3,B
2021-06-10T14:15:05,300.0,34.3,B
2021-06-10T14:15:05,100.0,34.3,B
2021-06-10T14:14:48,400.0,34.3,B
2021-06-10T14:14:42,5000.0,34.3,B
2021-06-10T14:14:22,1700.0,34.25,S
2021-06-10T14:14:17,700.0,34.3,S
2021-06-10T14:14:16,100.0,34.35,B
2021-06-10T14:14:15,1000.0,34.3,S
2021-06-10T14:14:14,3400.0,34.3,S
2021-06-10T14:14:14,400.0,34.3,S
2021-06-10T14:14:14,200.0,34.3,S
2021-06-10T14:14:07,600.0,34.3,S
2021-06-10T14:14:07,400.0,34.3,S
2021-06-10T14:14:01,300.0,34.3,S
2021-06-10T14:13:32,400.0,34.35,B
2021-06-10T14:13:15,100.0,34.3,B
2021-06-10T14:13:15,1900.0,34.35,B
2021-06-10T14:13:14,400.0,34.3,B
2021-06-10T14:12:55,100.0,34.3,S
2021-06-10T14:12:55,12000.0,34.3,S
2021-06-10T14:12:55,400.0,34.3,S
2021-06-10T14:12:55,700.0,34.3,S
2021-06-10T14:12:55,2600.0,34.3,S
2021-06-10T14:12:55,33800.0,34.3,S
2021-06-10T14:12:26,200.0,34.35,B
2021-06-10T14:12:20,5200.0,34.3,S
2021-06-10T14:12:09,4000.0,34.3,S
2021-06-10T14:12:07,10000.0,34.3,S
2021-06-10T14:11:51,300.0,34.3,S
2021-06-10T14:11:45,1000.0,34.3,S
2021-06-10T14:11:44,1000.0,34.3,S
2021-06-10T14:11:37,1200.0,34.3,S
2021-06-10T14:11:30,2000.0,34.3,S
2021-06-10T14:11:29,300.0,34.3,S
2021-06-10T14:11:20,500.0,34.3,B
2021-06-10T14:11:20,500.0,34.3,B
2021-06-10T14:11:19,8400.0,34.3,B
2021-06-10T14:11:14,1000.0,34.3,B
2021-06-10T14:11:12,1000.0,34.3,B
2021-06-10T14:11:07,300.0,34.25,S
2021-06-10T14:11:05,100.0,34.3,B
2021-06-10T14:11:04,19600.0,34.3,B
2021-06-10T14:11:02,1000.0,34.3,B
2021-06-10T14:10:54,100.0,34.3,B
2021-06-10T14:10:45,300.0,34.3,B
2021-06-10T14:10:45,400.0,34.3,B
2021-06-10T14:10:45,100.0,34.3,B
2021-06-10T14:10:44,30000.0,34.3,B
2021-06-10T14:10:39,100.0,34.3,B
2021-06-10T14:10:33,1000.0,34.3,B
2021-06-10T14:10:32,3000.0,34.3,B
2021-06-10T14:10:30,100.0,34.3,B
2021-06-10T14:10:27,600.0,34.3,B
2021-06-10T14:10:23,200.0,34.3,B
2021-06-10T14:10:20,400.0,34.3,B
2021-06-10T14:10:20,2000.0,34.3,B
2021-06-10T14:10:17,4000.0,34.3,B
2021-06-10T14:10:08,200.0,34.3,B
2021-06-10T14:10:06,100.0,34.3,B
2021-06-10T14:09:51,200.0,34.3,B
2021-06-10T14:09:48,100.0,34.3,B
2021-06-10T14:09:45,1000.0,34.3,B
2021-06-10T14:09:36,500.0,34.25,S
2021-06-10T14:09:30,800.0,34.3,B
2021-06-10T14:09:30,200.0,34.3,B
2021-06-10T14:09:28,200.0,34.3,B
2021-06-10T14:09:25,500.0,34.25,S
2021-06-10T14:09:21,500.0,34.25,S
2021-06-10T14:09:19,1000.0,34.3,B
2021-06-10T14:09:15,500.0,34.3,B
2021-06-10T14:09:14,500.0,34.25,S
2021-06-10T14:09:10,100.0,34.3,B
2021-06-10T14:09:09,1000.0,34.3,B
2021-06-10T14:09:08,500.0,34.25,S
2021-06-10T14:09:06,200.0,34.3,B
2021-06-10T14:09:05,1000.0,34.25,S
2021-06-10T14:09:02,500.0,34.25,S
2021-06-10T14:08:47,100.0,34.3,B
2021-06-10T14:08:44,100.0,34.3,B
2021-06-10T14:08:43,2000.0,34.3,B
2021-06-10T14:08:38,4000.0,34.3,S
2021-06-10T14:08:35,2000.0,34.3,S
2021-06-10T14:08:31,400.0,34.3,S
2021-06-10T14:08:31,3200.0,34.3,S
2021-06-10T14:08:31,1200.0,34.3,S
2021-06-10T14:08:31,400.0,34.3,S
2021-06-10T14:08:31,500.0,34.3,S
2021-06-10T14:08:31,6300.0,34.3,S
2021-06-10T14:08:31,2200.0,34.3,S
2021-06-10T14:08:31,1200.0,34.3,S
2021-06-10T14:08:31,1100.0,34.3,S
2021-06-10T14:08:31,19500.0,34.3,S
2021-06-10T14:08:31,5100.0,34.3,S
2021-06-10T14:08:31,200.0,34.35,S
2021-06-10T14:08:29,500.0,34.35,S
2021-06-10T14:08:25,1100.0,34.35,S
2021-06-10T14:08:24,1000.0,34.35,S
2021-06-10T14:08:17,500.0,34.35,S
2021-06-10T14:08:13,1000.0,34.35,S
2021-06-10T14:08:13,2100.0,34.35,B
2021-06-10T14:08:10,400.0,34.35,B
2021-06-10T14:08:10,100.0,34.35,B
2021-06-10T14:08:10,500.0,34.3,S
2021-06-10T14:08:10,500.0,34.35,B
2021-06-10T14:08:10,200.0,34.35,B
2021-06-10T14:08:06,200.0,34.35,S
2021-06-10T14:08:06,200.0,34.35,B
2021-06-10T14:08:02,1000.0,34.35,B
2021-06-10T14:08:02,2000.0,34.35,B
2021-06-10T14:08:02,500.0,34.3,S
2021-06-10T14:07:23,1000.0,34.35,B
2021-06-10T14:07:21,5000.0,34.35,B
2021-06-10T14:07:21,1000.0,34.35,B
2021-06-10T14:07:20,200.0,34.35,B
2021-06-10T14:07:13,8000.0,34.35,B
2021-06-10T14:07:09,1000.0,34.35,B
2021-06-10T14:07:08,200.0,34.35,B
2021-06-10T14:06:25,2000.0,34.35,B
2021-06-10T14:06:24,3200.0,34.35,B
2021-06-10T14:05:57,1000.0,34.35,B
2021-06-10T14:05:48,400.0,34.3,S
2021-06-10T14:05:23,18500.0,34.3,B
2021-06-10T14:05:22,3400.0,34.25,S
2021-06-10T14:05:22,200.0,34.25,S
2021-06-10T14:05:21,1400.0,34.25,S
2021-06-10T14:05:21,100.0,34.3,B
2021-06-10T14:05:14,200.0,34.3,B
2021-06-10T14:05:12,400.0,34.3,B
2021-06-10T14:05:12,6000.0,34.3,B
2021-06-10T14:05:07,500.0,34.3,B
2021-06-10T14:05:06,1000.0,34.3,B
2021-06-10T14:05:05,2000.0,34.3,B
2021-06-10T14:05:03,100.0,34.25,S
2021-06-10T14:05:01,1000.0,34.3,B
2021-06-10T14:04:55,200.0,34.3,B
2021-06-10T14:04:54,100.0,34.3,B
2021-06-10T14:04:49,100.0,34.3,B
2021-06-10T14:04:47,700.0,34.3,B
2021-06-10T14:04:47,300.0,34.3,B
2021-06-10T14:04:40,300.0,34.3,B
2021-06-10T14:04:38,4300.0,34.3,B
2021-06-10T14:04:35,100.0,34.3,B
2021-06-10T14:04:34,100.0,34.3,B
2021-06-10T14:04:30,500.0,34.3,B
2021-06-10T14:04:28,10000.0,34.3,B
2021-06-10T14:04:19,200.0,34.3,S
2021-06-10T14:04:13,1000.0,34.3,S
2021-06-10T14:04:12,500.0,34.3,S
2021-06-10T14:04:05,200.0,34.3,S
2021-06-10T14:04:04,12400.0,34.3,S
2021-06-10T14:04:04,200.0,34.35,B
2021-06-10T14:04:02,500.0,34.35,B
2021-06-10T14:03:58,500.0,34.35,B
2021-06-10T14:03:51,1000.0,34.3,S
2021-06-10T14:03:41,300.0,34.35,B
2021-06-10T14:03:40,100.0,34.35,B
2021-06-10T14:03:04,200.0,34.3,B
2021-06-10T14:02:59,100.0,34.3,B
2021-06-10T14:02:58,300.0,34.3,B
2021-06-10T14:02:52,200.0,34.3,B
2021-06-10T14:02:46,100.0,34.3,B
2021-06-10T14:02:44,5000.0,34.3,B
2021-06-10T14:02:39,3000.0,34.3,B
2021-06-10T14:02:29,100.0,34.3,S
2021-06-10T14:02:26,300.0,34.3,S
2021-06-10T14:02:24,500.0,34.3,S
2021-06-10T14:02:24,3000.0,34.3,S
2021-06-10T14:02:24,5100.0,34.3,S
2021-06-10T14:02:23,300.0,34.3,S
2021-06-10T14:02:23,3600.0,34.3,S
2021-06-10T14:02:23,1700.0,34.3,S
2021-06-10T14:02:23,4200.0,34.3,S
2021-06-10T14:02:23,200.0,34.3,S
2021-06-10T14:02:23,2000.0,34.3,S
2021-06-10T14:02:23,1300.0,34.3,S
2021-06-10T14:02:23,500.0,34.3,S
2021-06-10T14:02:23,300.0,34.3,S
2021-06-10T14:02:23,2300.0,34.3,S
2021-06-10T14:02:23,300.0,34.3,S
2021-06-10T14:02:23,1900.0,34.3,S
2021-06-10T14:02:23,100.0,34.3,S
2021-06-10T14:02:23,30800.0,34.3,S
2021-06-10T14:02:23,900.0,34.3,S
2021-06-10T14:02:23,1100.0,34.3,S
2021-06-10T14:02:23,500.0,34.3,S
2021-06-10T14:02:23,4200.0,34.3,S
2021-06-10T14:02:23,1600.0,34.3,S
2021-06-10T14:02:21,200.0,34.3,S
2021-06-10T14:02:21,500.0,34.3,S
2021-06-10T14:02:21,4900.0,34.3,S
2021-06-10T14:02:21,3500.0,34.3,S
2021-06-10T14:02:21,100.0,34.3,S
2021-06-10T14:02:21,2300.0,34.3,S
2021-06-10T14:02:21,4000.0,34.3,S
2021-06-10T14:02:21,4200.0,34.3,S
2021-06-10T14:02:21,200.0,34.3,S
2021-06-10T14:02:21,1600.0,34.3,S
2021-06-10T14:02:21,3000.0,34.3,S
2021-06-10T14:02:21,100.0,34.3,S
2021-06-10T14:02:21,200.0,34.3,S
2021-06-10T14:02:21,1200.0,34.3,S
2021-06-10T14:02:21,1000.0,34.3,S
2021-06-10T14:02:21,700.0,34.3,S
2021-06-10T14:02:21,10300.0,34.3,S
2021-06-10T14:02:21,900.0,34.3,S
2021-06-10T14:02:21,300.0,34.3,S
2021-06-10T14:02:21,2400.0,34.3,S
2021-06-10T14:02:21,1500.0,34.3,S
2021-06-10T14:02:21,300.0,34.3,S
2021-06-10T14:02:21,1700.0,34.3,S
2021-06-10T14:02:21,12500.0,34.3,S
2021-06-10T14:02:21,900.0,34.3,S
2021-06-10T14:02:21,5000.0,34.3,S
2021-06-10T14:02:21,1800.0,34.3,S
2021-06-10T14:02:21,1600.0,34.3,S
2021-06-10T14:02:21,5200.0,34.3,S
2021-06-10T14:02:21,2500.0,34.3,S
2021-06-10T14:02:19,100.0,34.35,B
2021-06-10T14:02:09,500.0,34.35,B
2021-06-10T14:02:06,1000.0,34.35,S
2021-06-10T14:02:04,300.0,34.35,S
2021-06-10T14:02:04,100.0,34.35,S
2021-06-10T14:01:57,10000.0,34.3,S
2021-06-10T14:01:47,100.0,34.35,S
2021-06-10T14:01:47,500.0,34.35,S
2021-06-10T14:01:46,100.0,34.35,S
2021-06-10T14:01:43,3500.0,34.35,S
2021-06-10T14:01:40,1000.0,34.35,S
2021-06-10T14:01:29,100.0,34.4,B
2021-06-10T14:01:16,9400.0,34.4,B
2021-06-10T14:01:15,600.0,34.4,B
2021-06-10T14:01:15,1000.0,34.35,B
2021-06-10T14:01:08,500.0,34.35,B
2021-06-10T14:01:02,100.0,34.35,B
2021-06-10T14:00:57,200.0,34.35,B
2021-06-10T14:00:56,400.0,34.35,B
2021-06-10T14:00:44,1000.0,34.35,B
2021-06-10T14:00:40,100.0,34.35,B
2021-06-10T14:00:34,800.0,34.35,B
2021-06-10T14:00:31,200.0,34.3,S
2021-06-10T14:00:31,1800.0,34.3,S
2021-06-10T14:00:22,100.0,34.4,B
2021-06-10T14:00:01,1000.0,34.4,B
2021-06-10T13:59:55,2300.0,34.35,B
2021-06-10T13:59:48,100.0,34.35,B
2021-06-10T13:59:44,2000.0,34.35,B
2021-06-10T13:59:34,9800.0,34.35,S
2021-06-10T13:59:34,1000.0,34.35,S
2021-06-10T13:59:34,2000.0,34.35,S
2021-06-10T13:59:34,1500.0,34.35,S
2021-06-10T13:59:34,5600.0,34.35,S
2021-06-10T13:59:34,19700.0,34.35,S
2021-06-10T13:59:25,1000.0,34.4,B
2021-06-10T13:59:15,1000.0,34.4,B
2021-06-10T13:59:14,100.0,34.4,B
2021-06-10T13:59:04,4000.0,34.35,S
2021-06-10T13:59:03,500.0,34.4,B
2021-06-10T13:59:03,500.0,34.4,B
2021-06-10T13:59:02,500.0,34.35,S
2021-06-10T13:58:52,100.0,34.4,B
2021-06-10T13:58:33,500.0,34.4,B
2021-06-10T13:58:31,1000.0,34.35,S
2021-06-10T13:58:30,800.0,34.4,B
2021-06-10T13:58:30,300.0,34.4,B
2021-06-10T13:58:23,200.0,34.4,B
2021-06-10T13:58:21,200.0,34.4,B
2021-06-10T13:58:12,500.0,34.4,B
2021-06-10T13:57:45,300.0,34.4,B
2021-06-10T13:57:26,100.0,34.4,B
2021-06-10T13:57:17,1000.0,34.35,S
2021-06-10T13:57:13,900.0,34.4,B
2021-06-10T13:56:56,200.0,34.4,B
2021-06-10T13:56:54,500.0,34.35,S
2021-06-10T13:56:53,200.0,34.4,B
2021-06-10T13:56:50,2000.0,34.35,S
2021-06-10T13:56:45,500.0,34.35,S
2021-06-10T13:56:38,1000.0,34.4,B
2021-06-10T13:56:38,2500.0,34.35,S
2021-06-10T13:56:18,500.0,34.35,S
2021-06-10T13:56:17,1000.0,34.35,S
2021-06-10T13:56:08,100.0,34.4,B
2021-06-10T13:56:07,500.0,34.35,S
2021-06-10T13:55:59,900.0,34.35,S
2021-06-10T13:55:58,1300.0,34.35,S
2021-06-10T13:55:56,2000.0,34.35,S
2021-06-10T13:55:40,700.0,34.35,B
2021-06-10T13:55:32,300.0,34.35,B
2021-06-10T13:55:31,100.0,34.35,B
2021-06-10T13:55:28,900.0,34.35,B
2021-06-10T13:55:27,300.0,34.35,B
2021-06-10T13:55:21,500.0,34.35,B
2021-06-10T13:55:16,100.0,34.35,B
2021-06-10T13:55:13,600.0,34.35,B
2021-06-10T13:55:09,10000.0,34.35,B
2021-06-10T13:55:06,100.0,34.35,B
2021-06-10T13:54:58,100.0,34.35,B
2021-06-10T13:54:48,600.0,34.35,S
2021-06-10T13:54:48,100.0,34.35,S
2021-06-10T13:54:38,1000.0,34.35,B
2021-06-10T13:54:34,200.0,34.35,B
2021-06-10T13:54:34,2000.0,34.35,B
2021-06-10T13:54:31,100.0,34.35,B
2021-06-10T13:54:28,1000.0,34.35,B
2021-06-10T13:54:15,5000.0,34.35,B
2021-06-10T13:54:10,100.0,34.35,B
2021-06-10T13:54:07,500.0,34.35,B
2021-06-10T13:54:05,1000.0,34.35,B
2021-06-10T13:54:03,3800.0,34.35,B
2021-06-10T13:53:56,600.0,34.35,B
2021-06-10T13:53:48,100.0,34.35,B
2021-06-10T13:53:48,100.0,34.35,B
2021-06-10T13:53:34,1000.0,34.35,B
2021-06-10T13:53:29,1000.0,34.35,B
2021-06-10T13:53:27,100.0,34.35,B
2021-06-10T13:53:17,200.0,34.35,B
2021-06-10T13:53:07,300.0,34.35,B
2021-06-10T13:53:06,1000.0,34.35,B
2021-06-10T13:53:04,1000.0,34.35,B
2021-06-10T13:53:00,1000.0,34.35,B
2021-06-10T13:52:59,500.0,34.35,B
2021-06-10T13:52:59,100.0,34.35,B
2021-06-10T13:52:58,200.0,34.35,B
2021-06-10T13:52:57,500.0,34.35,B
2021-06-10T13:52:55,100.0,34.35,B
2021-06-10T13:52:55,700.0,34.35,B
2021-06-10T13:52:54,300.0,34.35,B
2021-06-10T13:52:20,200.0,34.35,B
2021-06-10T13:52:20,500.0,34.35,B
2021-06-10T13:52:20,500.0,34.35,B
2021-06-10T13:52:08,500.0,34.35,B
2021-06-10T13:52:08,1000.0,34.35,B
2021-06-10T13:52:02,300.0,34.35,B
2021-06-10T13:52:00,300.0,34.35,B
2021-06-10T13:51:59,1000.0,34.35,B
2021-06-10T13:51:52,1000.0,34.35,B
2021-06-10T13:51:40,100.0,34.35,B
2021-06-10T13:51:40,100.0,34.35,B
2021-06-10T13:51:36,200.0,34.35,B
2021-06-10T13:51:33,100.0,34.35,B
2021-06-10T13:51:28,100.0,34.35,S
2021-06-10T13:51:26,10800.0,34.35,S
2021-06-10T13:51:11,500.0,34.35,S
2021-06-10T13:51:03,200.0,34.35,S
2021-06-10T13:51:00,500.0,34.4,B
2021-06-10T13:50:57,900.0,34.4,B
2021-06-10T13:50:46,2000.0,34.4,B
2021-06-10T13:50:46,200.0,34.4,B
2021-06-10T13:50:46,3000.0,34.35,S
2021-06-10T13:50:44,3000.0,34.35,S
2021-06-10T13:50:43,1200.0,34.35,S
2021-06-10T13:50:43,100.0,34.35,S
2021-06-10T13:50:43,200.0,34.35,S
2021-06-10T13:50:43,3500.0,34.35,S
2021-06-10T13:50:37,5000.0,34.4,B
2021-06-10T13:50:32,3000.0,34.4,B
2021-06-10T13:50:26,2000.0,34.35,S
2021-06-10T13:50:21,300.0,34.4,B
2021-06-10T13:50:20,5000.0,34.35,S
2021-06-10T13:50:17,100.0,34.4,B
2021-06-10T13:50:13,300.0,34.35,S
2021-06-10T13:50:00,1000.0,34.4,B
2021-06-10T13:49:42,1000.0,34.4,B
2021-06-10T13:49:31,200.0,34.4,B
2021-06-10T13:49:21,1000.0,34.4,B
2021-06-10T13:49:20,100.0,34.4,B
2021-06-10T13:49:17,400.0,34.4,B
2021-06-10T13:49:15,1000.0,34.4,B
2021-06-10T13:49:14,600.0,34.4,B
2021-06-10T13:49:04,400.0,34.4,B
2021-06-10T13:49:01,600.0,34.4,B
2021-06-10T13:48:52,500.0,34.4,B
2021-06-10T13:48:40,600.0,34.35,S
2021-06-10T13:48:33,100.0,34.4,B
2021-06-10T13:48:14,2300.0,34.35,S
2021-06-10T13:48:14,2700.0,34.35,S
2021-06-10T13:48:11,500.0,34.35,S
2021-06-10T13:48:11,100.0,34.4,B
2021-06-10T13:47:50,500.0,34.35,S
2021-06-10T13:47:50,100.0,34.35,S
2021-06-10T13:47:50,400.0,34.35,S
2021-06-10T13:47:41,2000.0,34.4,B
2021-06-10T13:47:26,500.0,34.4,B
2021-06-10T13:47:15,300.0,34.4,B
2021-06-10T13:47:13,200.0,34.4,B
2021-06-10T13:47:12,100.0,34.4,B
2021-06-10T13:47:07,100.0,34.4,B
2021-06-10T13:47:03,800.0,34.4,B
2021-06-10T13:47:00,100.0,34.4,B
2021-06-10T13:46:47,200.0,34.4,B
2021-06-10T13:46:46,1000.0,34.4,B
2021-06-10T13:46:40,200.0,34.4,B
2021-06-10T13:46:40,800.0,34.4,B
2021-06-10T13:46:40,3000.0,34.4,B
2021-06-10T13:46:36,200.0,34.35,S
2021-06-10T13:46:24,300.0,34.4,B
2021-06-10T13:46:14,1500.0,34.4,B
2021-06-10T13:46:11,200.0,34.4,B
2021-06-10T13:45:41,500.0,34.4,B
2021-06-10T13:45:35,500.0,34.4,B
2021-06-10T13:45:25,7300.0,34.4,S
2021-06-10T13:45:17,1000.0,34.4,S
2021-06-10T13:45:09,100.0,34.45,B
2021-06-10T13:44:52,500.0,34.4,S
2021-06-10T13:44:40,500.0,34.4,S
2021-06-10T13:44:39,500.0,34.4,S
2021-06-10T13:44:32,2000.0,34.45,B
2021-06-10T13:44:29,400.0,34.4,S
2021-06-10T13:44:06,3000.0,34.4,S
2021-06-10T13:44:03,200.0,34.4,S
2021-06-10T13:44:00,300.0,34.4,S
2021-06-10T13:43:28,900.0,34.4,B
2021-06-10T13:43:24,3800.0,34.4,S
2021-06-10T13:43:11,500.0,34.4,S
2021-06-10T13:43:04,1500.0,34.4,S
2021-06-10T13:43:03,500.0,34.4,S
2021-06-10T13:42:59,2000.0,34.4,S
2021-06-10T13:42:37,300.0,34.45,B
2021-06-10T13:42:37,400.0,34.4,S
2021-06-10T13:42:32,3000.0,34.4,S
2021-06-10T13:42:19,3000.0,34.4,S
2021-06-10T13:42:09,3000.0,34.4,S
2021-06-10T13:41:58,500.0,34.4,S
2021-06-10T13:41:16,500.0,34.45,B
2021-06-10T13:41:04,200.0,34.4,B
2021-06-10T13:40:59,500.0,34.4,S
2021-06-10T13:40:48,200.0,34.45,B
2021-06-10T13:40:44,700.0,34.35,S
2021-06-10T13:40:41,500.0,34.35,S
2021-06-10T13:40:41,9400.0,34.35,S
2021-06-10T13:40:40,4100.0,34.4,B
2021-06-10T13:40:40,3500.0,34.4,B
2021-06-10T13:40:40,4000.0,34.4,B
2021-06-10T13:40:38,100.0,34.4,B
2021-06-10T13:40:12,900.0,34.35,S
2021-06-10T13:40:10,1500.0,34.4,B
2021-06-10T13:40:06,200.0,34.4,B
2021-06-10T13:40:05,3000.0,34.35,S
2021-06-10T13:40:00,900.0,34.4,B
2021-06-10T13:40:00,800.0,34.35,S
2021-06-10T13:40:00,400.0,34.35,S
2021-06-10T13:39:58,200.0,34.4,B
2021-06-10T13:39:52,5000.0,34.35,S
2021-06-10T13:39:47,200.0,34.35,S
2021-06-10T13:39:43,2000.0,34.4,B
2021-06-10T13:39:36,500.0,34.35,S
2021-06-10T13:39:36,500.0,34.35,S
2021-06-10T13:39:36,100.0,34.4,B
2021-06-10T13:39:34,3600.0,34.35,S
2021-06-10T13:39:34,1400.0,34.35,S
2021-06-10T13:39:19,100.0,34.4,B
2021-06-10T13:39:15,100.0,34.4,S
2021-06-10T13:39:13,700.0,34.4,S
2021-06-10T13:39:07,100.0,34.4,S
2021-06-10T13:39:05,500.0,34.4,S
2021-06-10T13:39:04,100.0,34.45,B
2021-06-10T13:39:03,400.0,34.4,S
2021-06-10T13:39:03,1600.0,34.4,S
2021-06-10T13:39:03,100.0,34.45,B
2021-06-10T13:38:58,900.0,34.45,B
2021-06-10T13:38:57,400.0,34.4,S
2021-06-10T13:38:53,1000.0,34.4,S
2021-06-10T13:38:50,800.0,34.4,S
2021-06-10T13:38:50,500.0,34.45,B
2021-06-10T13:38:47,300.0,34.4,S
2021-06-10T13:38:46,9400.0,34.4,S
2021-06-10T13:38:43,2000.0,34.4,S
2021-06-10T13:38:43,1100.0,34.4,S
2021-06-10T13:38:43,900.0,34.4,S
2021-06-10T13:38:41,500.0,34.4,S
2021-06-10T13:38:41,500.0,34.4,S
2021-06-10T13:38:36,3900.0,34.4,S
2021-06-10T13:38:36,6100.0,34.4,S
2021-06-10T13:38:35,1700.0,34.4,S
2021-06-10T13:38:35,300.0,34.4,S
2021-06-10T13:38:26,2000.0,34.4,S
2021-06-10T13:38:26,2000.0,34.4,S
2021-06-10T13:38:25,1500.0,34.45,B
2021-06-10T13:38:24,300.0,34.4,S
2021-06-10T13:38:15,200.0,34.4,S
2021-06-10T13:38:05,500.0,34.4,S
2021-06-10T13:38:04,2000.0,34.4,S
2021-06-10T13:38:02,100.0,34.45,B
2021-06-10T13:37:55,3000.0,34.4,S
2021-06-10T13:37:55,1400.0,34.4,S
2021-06-10T13:37:54,3600.0,34.4,S
2021-06-10T13:37:38,100.0,34.45,B
2021-06-10T13:37:38,400.0,34.4,S
2021-06-10T13:37:32,8500.0,34.4,S
2021-06-10T13:37:24,500.0,34.45,B
2021-06-10T13:37:05,500.0,34.45,B
2021-06-10T13:36:59,100.0,34.45,B
2021-06-10T13:36:53,500.0,34.45,B
2021-06-10T13:36:49,4500.0,34.4,S
2021-06-10T13:36:45,500.0,34.45,B
2021-06-10T13:36:39,100.0,34.45,B
2021-06-10T13:36:38,100.0,34.45,B
2021-06-10T13:36:33,100.0,34.45,B
2021-06-10T13:36:17,100.0,34.45,B
2021-06-10T13:36:15,2000.0,34.4,S
2021-06-10T13:36:13,200.0,34.4,S
2021-06-10T13:36:05,100.0,34.45,B
2021-06-10T13:36:04,2000.0,34.4,S
2021-06-10T13:35:56,2000.0,34.4,S
2021-06-10T13:35:40,3000.0,34.4,S
2021-06-10T13:35:34,100.0,34.45,B
2021-06-10T13:35:31,100.0,34.45,B
2021-06-10T13:35:27,1000.0,34.4,S
2021-06-10T13:35:23,1600.0,34.4,S
2021-06-10T13:35:21,200.0,34.4,S
2021-06-10T13:35:07,4600.0,34.45,B
2021-06-10T13:35:06,500.0,34.5,B
2021-06-10T13:35:04,400.0,34.45,B
2021-06-10T13:35:00,100.0,34.45,B
2021-06-10T13:34:47,200.0,34.5,B
2021-06-10T13:34:45,1000.0,34.4,S
2021-06-10T13:34:33,200.0,34.5,B
2021-06-10T13:34:32,100.0,34.45,S
2021-06-10T13:34:31,1200.0,34.5,B
2021-06-10T13:34:31,800.0,34.5,B
2021-06-10T13:34:21,2200.0,34.4,S
2021-06-10T13:34:21,500.0,34.4,S
2021-06-10T13:34:21,100.0,34.4,S
2021-06-10T13:34:21,100.0,34.4,S
2021-06-10T13:34:21,10400.0,34.4,S
2021-06-10T13:34:21,2700.0,34.4,S
2021-06-10T13:34:21,500.0,34.4,S
2021-06-10T13:34:21,900.0,34.4,S
2021-06-10T13:34:21,300.0,34.4,S
2021-06-10T13:34:20,300.0,34.4,S
2021-06-10T13:34:20,11000.0,34.4,S
2021-06-10T13:34:20,20200.0,34.4,S
2021-06-10T13:34:20,100.0,34.4,S
2021-06-10T13:34:20,100.0,34.4,S
2021-06-10T13:34:20,5300.0,34.4,S
2021-06-10T13:34:20,1400.0,34.45,S
2021-06-10T13:34:20,200.0,34.45,S
2021-06-10T13:34:20,20100.0,34.45,S
2021-06-10T13:34:20,1600.0,34.45,S
2021-06-10T13:34:14,3000.0,34.45,S
2021-06-10T13:34:14,100.0,34.5,B
2021-06-10T13:34:14,200.0,34.5,B
2021-06-10T13:34:07,1000.0,34.5,B
2021-06-10T13:33:55,100.0,34.5,B
2021-06-10T13:33:33,4000.0,34.45,S
2021-06-10T13:33:25,300.0,34.45,S
2021-06-10T13:33:17,1000.0,34.45,S
2021-06-10T13:33:16,1000.0,34.5,B
2021-06-10T13:33:15,300.0,34.5,B
2021-06-10T13:33:12,1000.0,34.45,S
2021-06-10T13:33:08,1000.0,34.45,S
2021-06-10T13:33:05,1100.0,34.5,S
2021-06-10T13:33:03,200.0,34.5,S
2021-06-10T13:33:02,400.0,34.5,S
2021-06-10T13:32:59,4000.0,34.45,S
2021-06-10T13:32:57,4800.0,34.5,S
2021-06-10T13:32:51,200.0,34.5,S
2021-06-10T13:32:49,100.0,34.55,B
2021-06-10T13:32:48,1000.0,34.5,S
2021-06-10T13:32:36,100.0,34.55,B
2021-06-10T13:32:34,2000.0,34.45,S
2021-06-10T13:32:16,400.0,34.55,B
2021-06-10T13:32:13,1000.0,34.45,S
2021-06-10T13:32:06,1200.0,34.45,S
2021-06-10T13:32:06,2700.0,34.45,S
2021-06-10T13:32:06,100.0,34.5,S
2021-06-10T13:31:58,1000.0,34.55,B
2021-06-10T13:31:40,3000.0,34.45,S
2021-06-10T13:31:36,1000.0,34.5,S
2021-06-10T13:31:32,2300.0,34.55,B
2021-06-10T13:31:12,2600.0,34.55,B
2021-06-10T13:31:10,3000.0,34.45,S
2021-06-10T13:31:00,200.0,34.5,S
2021-06-10T13:30:54,30000.0,34.55,B
2021-06-10T13:30:53,1700.0,34.5,S
2021-06-10T13:30:42,4000.0,34.45,S
2021-06-10T13:30:33,3500.0,34.5,S
2021-06-10T13:30:24,700.0,34.5,S
2021-06-10T13:30:21,1000.0,34.5,S
2021-06-10T13:30:17,1000.0,34.5,S
2021-06-10T13:30:17,2000.0,34.45,S
2021-06-10T13:30:17,2400.0,34.55,B
2021-06-10T13:30:17,4000.0,34.55,B
2021-06-10T13:30:17,9000.0,34.55,B
2021-06-10T13:30:16,10500.0,34.55,B
2021-06-10T13:30:16,4100.0,34.5,B
2021-06-10T13:30:16,200.0,34.5,B
2021-06-10T13:30:05,100.0,34.5,B
2021-06-10T13:29:59,500.0,34.5,B
2021-06-10T13:29:54,100.0,34.5,S
2021-06-10T13:29:44,800.0,34.45,S
2021-06-10T13:29:44,1200.0,34.45,S
2021-06-10T13:29:44,10300.0,34.55,B
2021-06-10T13:29:41,4500.0,34.5,B
2021-06-10T13:29:39,3000.0,34.5,B
2021-06-10T13:29:32,1000.0,34.5,B
2021-06-10T13:29:32,500.0,34.5,B
2021-06-10T13:29:20,3000.0,34.5,S
2021-06-10T13:29:17,2000.0,34.45,S
2021-06-10T13:29:16,1200.0,34.55,B
2021-06-10T13:29:04,500.0,34.5,B
2021-06-10T13:29:04,2000.0,34.5,B
2021-06-10T13:29:04,7500.0,34.5,B
2021-06-10T13:28:54,200.0,34.45,B
2021-06-10T13:28:52,4000.0,34.4,S
2021-06-10T13:28:46,500.0,34.45,B
2021-06-10T13:28:34,3000.0,34.45,B
2021-06-10T13:28:29,500.0,34.45,B
2021-06-10T13:28:26,2000.0,34.4,S
2021-06-10T13:28:26,400.0,34.45,S
2021-06-10T13:28:21,3400.0,34.45,S
2021-06-10T13:28:20,500.0,34.55,B
2021-06-10T13:28:16,500.0,34.5,B
2021-06-10T13:28:15,200.0,34.5,B
2021-06-10T13:28:15,1000.0,34.5,B
2021-06-10T13:28:15,7900.0,34.5,B
2021-06-10T13:28:14,2000.0,34.5,B
2021-06-10T13:28:13,1000.0,34.5,B
2021-06-10T13:28:13,100.0,34.5,B
2021-06-10T13:28:10,200.0,34.5,B
2021-06-10T13:28:03,1000.0,34.4,S
2021-06-10T13:28:03,1000.0,34.45,S
2021-06-10T13:27:54,300.0,34.5,B
2021-06-10T13:27:54,1700.0,34.5,B
2021-06-10T13:27:54,700.0,34.5,B
2021-06-10T13:27:53,2600.0,34.5,B
2021-06-10T13:27:51,500.0,34.5,B
2021-06-10T13:27:50,500.0,34.5,B
2021-06-10T13:27:50,5100.0,34.5,B
2021-06-10T13:27:50,14900.0,34.5,B
2021-06-10T13:27:45,100.0,34.5,B
2021-06-10T13:27:42,1600.0,34.5,B
2021-06-10T13:27:41,100.0,34.5,B
2021-06-10T13:27:35,3000.0,34.4,S
2021-06-10T13:27:30,100.0,34.5,B
2021-06-10T13:27:26,900.0,34.5,B
2021-06-10T13:27:23,1000.0,34.4,S
2021-06-10T13:27:20,5000.0,34.5,B
2021-06-10T13:27:11,100.0,34.5,B
2021-06-10T13:27:11,500.0,34.5,B
2021-06-10T13:27:08,3500.0,34.4,S
2021-06-10T13:27:03,2000.0,34.5,B
2021-06-10T13:26:59,1300.0,34.5,B
2021-06-10T13:26:48,100.0,34.5,B
2021-06-10T13:26:32,500.0,34.5,B
2021-06-10T13:26:31,200.0,34.4,S
2021-06-10T13:26:31,3800.0,34.4,S
2021-06-10T13:26:30,2000.0,34.5,B
2021-06-10T13:26:10,100.0,34.5,B
2021-06-10T13:26:10,100.0,34.5,B
2021-06-10T13:26:09,2000.0,34.5,B
2021-06-10T13:26:07,1300.0,34.35,B
2021-06-10T13:26:07,1700.0,34.35,B
2021-06-10T13:26:04,4100.0,34.45,B
2021-06-10T13:26:02,500.0,34.4,B
2021-06-10T13:26:02,1000.0,34.4,B
2021-06-10T13:26:00,1200.0,34.45,B
2021-06-10T13:26:00,11000.0,34.45,B
2021-06-10T13:26:00,100.0,34.45,B
2021-06-10T13:25:59,7700.0,34.45,B
2021-06-10T13:25:59,1000.0,34.35,B
2021-06-10T13:25:45,100.0,34.35,S
2021-06-10T13:25:44,100.0,34.35,S
2021-06-10T13:25:44,200.0,34.35,S
2021-06-10T13:25:44,3500.0,34.35,S
2021-06-10T13:25:33,2500.0,34.35,S
2021-06-10T13:25:32,2300.0,34.35,S
2021-06-10T13:25:32,700.0,34.35,S
2021-06-10T13:25:29,3200.0,34.35,S
2021-06-10T13:25:28,9700.0,34.4,B
2021-06-10T13:25:27,300.0,34.4,B
2021-06-10T13:25:25,500.0,34.4,B
2021-06-10T13:25:11,200.0,34.35,S
2021-06-10T13:25:05,3000.0,34.35,S
2021-06-10T13:25:05,2000.0,34.35,S
2021-06-10T13:24:58,5000.0,34.3,S
2021-06-10T13:24:51,4400.0,34.4,B
2021-06-10T13:24:51,3000.0,34.4,B
2021-06-10T13:24:51,2600.0,34.4,B
2021-06-10T13:24:50,2000.0,34.35,B
2021-06-10T13:24:50,5200.0,34.35,B
2021-06-10T13:24:50,5500.0,34.35,B
2021-06-10T13:24:44,400.0,34.35,B
2021-06-10T13:24:44,300.0,34.35,B
2021-06-10T13:24:41,100.0,34.35,B
2021-06-10T13:24:40,11500.0,34.35,B
2021-06-10T13:24:37,4500.0,34.35,B
2021-06-10T13:24:37,500.0,34.35,B
2021-06-10T13:24:37,800.0,34.35,B
2021-06-10T13:24:36,1000.0,34.35,B
2021-06-10T13:24:34,100.0,34.35,B
2021-06-10T13:24:30,500.0,34.35,B
2021-06-10T13:24:30,2000.0,34.3,S
2021-06-10T13:24:28,2400.0,34.3,S
2021-06-10T13:24:28,3000.0,34.35,B
2021-06-10T13:24:26,100.0,34.35,B
2021-06-10T13:24:22,2500.0,34.35,B
2021-06-10T13:24:12,100.0,34.35,B
2021-06-10T13:24:05,5000.0,34.3,S
2021-06-10T13:23:57,200.0,34.35,B
2021-06-10T13:23:45,200.0,34.3,B
2021-06-10T13:23:43,100.0,34.35,B
2021-06-10T13:23:38,17700.0,34.3,B
2021-06-10T13:23:36,400.0,34.3,B
2021-06-10T13:23:35,1500.0,34.3,B
2021-06-10T13:23:35,1000.0,34.3,B
2021-06-10T13:23:34,2000.0,34.25,S
2021-06-10T13:23:31,500.0,34.3,B
2021-06-10T13:23:31,8500.0,34.3,B
2021-06-10T13:23:29,50000.0,34.3,B
2021-06-10T13:23:27,100.0,34.3,B
2021-06-10T13:23:21,400.0,34.3,B
2021-06-10T13:23:20,1500.0,34.3,B
2021-06-10T13:23:18,500.0,34.3,B
2021-06-10T13:23:12,2000.0,34.3,B
2021-06-10T13:23:08,1000.0,34.25,S
2021-06-10T13:23:06,4000.0,34.25,S
2021-06-10T13:22:58,200.0,34.3,B
2021-06-10T13:22:54,100.0,34.3,B
2021-06-10T13:22:54,100.0,34.3,B
2021-06-10T13:22:53,100.0,34.3,B
2021-06-10T13:22:52,500.0,34.3,B
2021-06-10T13:22:48,200.0,34.3,B
2021-06-10T13:22:47,100.0,34.3,B
2021-06-10T13:22:46,100.0,34.3,B
2021-06-10T13:22:40,2000.0,34.25,S
2021-06-10T13:22:36,100.0,34.3,B
2021-06-10T13:22:36,500.0,34.25,S
2021-06-10T13:22:32,100.0,34.3,B
2021-06-10T13:22:23,700.0,34.3,B
2021-06-10T13:22:20,20000.0,34.3,B
2021-06-10T13:22:17,400.0,34.3,B
2021-06-10T13:22:09,4000.0,34.25,B
2021-06-10T13:22:01,100.0,34.3,B
2021-06-10T13:21:58,100.0,34.3,B
2021-06-10T13:21:53,500.0,34.3,B
2021-06-10T13:21:49,2000.0,34.25,B
2021-06-10T13:21:45,200.0,34.3,B
2021-06-10T13:21:44,300.0,34.3,B
2021-06-10T13:21:39,3000.0,34.25,B
2021-06-10T13:21:37,1000.0,34.3,B
2021-06-10T13:21:30,3000.0,34.25,B
2021-06-10T13:21:28,2000.0,34.3,B
2021-06-10T13:21:23,100.0,34.25,B
2021-06-10T13:21:22,3000.0,34.25,B
2021-06-10T13:21:09,100.0,34.3,B
2021-06-10T13:21:08,9600.0,34.3,B
2021-06-10T13:21:07,500.0,34.2,B
2021-06-10T13:21:03,200.0,34.2,B
2021-06-10T13:21:00,100.0,34.2,B
2021-06-10T13:20:56,600.0,34.2,B
2021-06-10T13:20:56,2000.0,34.15,S
2021-06-10T13:20:56,600.0,34.15,S
2021-06-10T13:20:56,1400.0,34.15,S
2021-06-10T13:20:55,200.0,34.2,B
2021-06-10T13:20:55,200.0,34.2,B
2021-06-10T13:20:54,3200.0,34.2,B
2021-06-10T13:20:46,200.0,34.3,B
2021-06-10T13:20:46,2700.0,34.2,B
2021-06-10T13:20:46,300.0,34.2,B
2021-06-10T13:20:43,500.0,34.25,B
2021-06-10T13:20:39,800.0,34.25,B
2021-06-10T13:20:37,200.0,34.25,B
2021-06-10T13:20:27,600.0,34.15,S
2021-06-10T13:20:27,2400.0,34.2,B
2021-06-10T13:20:24,600.0,34.2,B
2021-06-10T13:20:22,500.0,34.2,B
2021-06-10T13:20:20,100.0,34.2,B
2021-06-10T13:20:20,100.0,34.2,B
2021-06-10T13:20:02,1700.0,34.2,B
2021-06-10T13:20:02,300.0,34.2,B
2021-06-10T13:19:52,800.0,34.2,B
2021-06-10T13:19:48,100.0,34.2,B
2021-06-10T13:19:48,200.0,34.2,B
2021-06-10T13:19:42,3300.0,34.2,B
2021-06-10T13:19:42,2200.0,34.1,S
2021-06-10T13:19:42,900.0,34.1,S
2021-06-10T13:19:42,700.0,34.1,S
2021-06-10T13:19:42,2000.0,34.1,S
2021-06-10T13:19:41,700.0,34.1,S
2021-06-10T13:19:41,500.0,34.1,S
2021-06-10T13:19:41,300.0,34.1,S
2021-06-10T13:19:41,1400.0,34.1,S
2021-06-10T13:19:41,100.0,34.1,S
2021-06-10T13:19:41,300.0,34.1,S
2021-06-10T13:19:41,200.0,34.1,S
2021-06-10T13:19:41,10500.0,34.1,S
2021-06-10T13:19:41,700.0,34.1,S
2021-06-10T13:19:41,2000.0,34.1,S
2021-06-10T13:19:41,500.0,34.1,S
2021-06-10T13:19:41,900.0,34.1,S
2021-06-10T13:19:41,200.0,34.1,S
2021-06-10T13:19:41,3500.0,34.1,S
2021-06-10T13:19:40,500.0,34.2,B
2021-06-10T13:19:39,100.0,34.2,B
2021-06-10T13:19:39,100.0,34.2,B
2021-06-10T13:19:37,300.0,34.2,B
2021-06-10T13:19:36,2400.0,34.15,S
2021-06-10T13:19:36,200.0,34.15,S
2021-06-10T13:19:36,3500.0,34.15,S
2021-06-10T13:19:36,300.0,34.15,S
2021-06-10T13:19:35,200.0,34.2,B
2021-06-10T13:19:33,500.0,34.2,B
2021-06-10T13:19:29,200.0,34.2,B
2021-06-10T13:19:28,100.0,34.2,B
2021-06-10T13:19:16,1000.0,34.2,B
2021-06-10T13:19:15,600.0,34.2,B
2021-06-10T13:19:10,1000.0,34.2,B
2021-06-10T13:19:07,1100.0,34.2,B
2021-06-10T13:19:06,100.0,34.2,B
2021-06-10T13:19:03,1000.0,34.2,B
2021-06-10T13:19:02,3000.0,34.1,S
2021-06-10T13:18:55,200.0,34.2,B
2021-06-10T13:18:54,1000.0,34.2,B
2021-06-10T13:18:53,500.0,34.2,B
2021-06-10T13:18:43,100.0,34.2,B
2021-06-10T13:18:40,100.0,34.2,B
2021-06-10T13:18:37,100.0,34.2,B
2021-06-10T13:18:34,600.0,34.1,S
2021-06-10T13:18:34,1000.0,34.2,B
2021-06-10T13:18:32,200.0,34.1,S
2021-06-10T13:18:32,800.0,34.1,S
2021-06-10T13:18:32,200.0,34.1,S
2021-06-10T13:18:32,3800.0,34.1,S
2021-06-10T13:18:28,1000.0,34.2,B
2021-06-10T13:18:24,200.0,34.2,B
2021-06-10T13:17:57,100.0,34.2,B
2021-06-10T13:17:49,5000.0,34.2,B
2021-06-10T13:17:48,100.0,34.15,B
2021-06-10T13:17:47,100.0,34.1,S
2021-06-10T13:17:47,4900.0,34.1,S
2021-06-10T13:17:45,2000.0,34.15,B
2021-06-10T13:17:35,300.0,34.15,B
2021-06-10T13:17:26,1000.0,34.1,S
2021-06-10T13:17:26,400.0,34.1,S
2021-06-10T13:17:20,100.0,34.15,S
2021-06-10T13:17:14,4000.0,34.1,S
2021-06-10T13:17:13,1000.0,34.1,S
2021-06-10T13:17:09,1000.0,34.15,S
2021-06-10T13:17:07,500.0,34.15,S
2021-06-10T13:17:07,400.0,34.15,S
2021-06-10T13:17:05,400.0,34.1,S
2021-06-10T13:16:58,10300.0,34.1,S
2021-06-10T13:16:55,1000.0,34.1,S
2021-06-10T13:16:53,2000.0,34.15,S
2021-06-10T13:16:53,4000.0,34.1,S
2021-06-10T13:16:49,5000.0,34.1,S
2021-06-10T13:16:47,300.0,34.15,S
2021-06-10T13:16:45,74700.0,34.1,S
2021-06-10T13:16:45,100.0,34.1,S
2021-06-10T13:16:45,11000.0,34.1,S
2021-06-10T13:16:45,1900.0,34.1,S
2021-06-10T13:16:41,5400.0,34.2,S
2021-06-10T13:16:39,6000.0,34.1,S
2021-06-10T13:16:39,200.0,34.2,S
2021-06-10T13:16:26,1000.0,34.1,S
2021-06-10T13:16:24,2400.0,34.1,S
2021-06-10T13:16:24,700.0,34.1,S
2021-06-10T13:16:24,1100.0,34.15,S
2021-06-10T13:16:24,600.0,34.15,S
2021-06-10T13:16:24,200.0,34.15,S
2021-06-10T13:16:17,3000.0,34.2,S
2021-06-10T13:16:13,3700.0,34.2,S
2021-06-10T13:16:09,1600.0,34.25,S
2021-06-10T13:16:02,14900.0,34.2,S
2021-06-10T13:16:02,1600.0,34.2,S
2021-06-10T13:16:01,1100.0,34.2,S
2021-06-10T13:16:01,800.0,34.2,S
2021-06-10T13:16:01,700.0,34.2,S
2021-06-10T13:16:01,1000.0,34.2,S
2021-06-10T13:16:01,1600.0,34.2,S
2021-06-10T13:16:01,300.0,34.2,S
2021-06-10T13:16:01,900.0,34.2,S
2021-06-10T13:16:01,200.0,34.2,S
2021-06-10T13:16:01,1100.0,34.2,S
2021-06-10T13:16:01,1200.0,34.2,S
2021-06-10T13:16:01,500.0,34.2,S
2021-06-10T13:16:01,700.0,34.2,S
2021-06-10T13:16:01,700.0,34.2,S
2021-06-10T13:16:01,1200.0,34.2,S
2021-06-10T13:16:01,2800.0,34.2,S
2021-06-10T13:16:01,6200.0,34.2,S
2021-06-10T13:16:01,6000.0,34.2,S
2021-06-10T13:16:01,200.0,34.2,S
2021-06-10T13:16:01,11600.0,34.2,S
2021-06-10T13:16:00,300.0,34.2,S
2021-06-10T13:16:00,500.0,34.2,S
2021-06-10T13:16:00,100.0,34.2,S
2021-06-10T13:16:00,48800.0,34.2,S
2021-06-10T13:16:00,800.0,34.3,B
2021-06-10T13:15:54,500.0,34.3,B
2021-06-10T13:15:54,3000.0,34.25,S
2021-06-10T13:15:53,4500.0,34.3,B
2021-06-10T13:15:49,1300.0,34.3,B
2021-06-10T13:15:49,1800.0,34.3,B
2021-06-10T13:15:46,100.0,34.3,B
2021-06-10T13:15:41,1000.0,34.3,S
2021-06-10T13:15:38,5000.0,34.3,S
2021-06-10T13:15:35,200.0,34.3,S
2021-06-10T13:15:34,100.0,34.25,S
2021-06-10T13:15:30,5200.0,34.3,S
2021-06-10T13:15:29,200.0,34.3,S
2021-06-10T13:15:17,500.0,34.3,S
2021-06-10T13:15:13,2000.0,34.25,S
2021-06-10T13:15:10,700.0,34.3,S
2021-06-10T13:14:58,100.0,34.3,S
2021-06-10T13:14:55,4000.0,34.2,S
2021-06-10T13:14:55,2500.0,34.2,S
2021-06-10T13:14:53,5000.0,34.3,S
2021-06-10T13:14:52,4000.0,34.2,S
2021-06-10T13:14:50,100.0,34.25,S
2021-06-10T13:14:47,200.0,34.3,S
2021-06-10T13:14:46,2000.0,34.3,S
2021-06-10T13:14:42,300.0,34.3,S
2021-06-10T13:14:30,2000.0,34.25,S
2021-06-10T13:14:27,500.0,34.25,S
2021-06-10T13:14:25,6000.0,34.25,S
2021-06-10T13:14:22,1500.0,34.25,S
2021-06-10T13:14:14,100.0,34.3,S
2021-06-10T13:14:11,1000.0,34.3,S
2021-06-10T13:14:06,1000.0,34.2,S
2021-06-10T13:14:02,2000.0,34.3,S
2021-06-10T13:14:00,300.0,34.3,S
2021-06-10T13:13:56,4000.0,34.2,S
2021-06-10T13:13:55,500.0,34.2,S
2021-06-10T13:13:55,1000.0,34.2,S
2021-06-10T13:13:54,300.0,34.2,S
2021-06-10T13:13:53,400.0,34.3,S
2021-06-10T13:13:51,100.0,34.3,S
2021-06-10T13:13:46,5000.0,34.3,S
2021-06-10T13:13:37,2900.0,34.2,S
2021-06-10T13:13:37,200.0,34.3,S
2021-06-10T13:13:36,100.0,34.3,S
2021-06-10T13:13:34,500.0,34.2,S
2021-06-10T13:13:31,3000.0,34.2,S
2021-06-10T13:13:28,1600.0,34.2,S
2021-06-10T13:13:24,3000.0,34.2,S
2021-06-10T13:13:10,20000.0,34.3,S
2021-06-10T13:13:09,2100.0,34.2,S
2021-06-10T13:13:09,1900.0,34.2,S
2021-06-10T13:13:07,1000.0,34.3,S
2021-06-10T13:13:06,1000.0,34.25,S
2021-06-10T13:12:53,200.0,34.3,S
2021-06-10T13:12:50,1000.0,34.3,S
2021-06-10T13:12:47,200.0,34.3,S
2021-06-10T13:12:19,200.0,34.3,S
2021-06-10T13:12:19,200.0,34.3,S
2021-06-10T13:12:14,2000.0,34.25,S
2021-06-10T13:12:10,5500.0,34.25,S
2021-06-10T13:12:08,1000.0,34.3,S
2021-06-10T13:12:06,200.0,34.3,S
2021-06-10T13:12:05,500.0,34.3,S
2021-06-10T13:12:05,500.0,34.3,S
2021-06-10T13:11:58,7200.0,34.25,S
2021-06-10T13:11:58,600.0,34.25,S
2021-06-10T13:11:58,1100.0,34.25,S
2021-06-10T13:11:58,700.0,34.3,S
2021-06-10T13:11:58,1200.0,34.3,S
2021-06-10T13:11:58,1000.0,34.3,S
2021-06-10T13:11:58,5100.0,34.3,S
2021-06-10T13:11:58,9400.0,34.3,S
2021-06-10T13:11:58,1100.0,34.3,S
2021-06-10T13:11:57,2600.0,34.3,S
2021-06-10T13:11:46,5000.0,34.3,S
2021-06-10T13:11:41,300.0,34.35,B
2021-06-10T13:11:40,5000.0,34.3,S
2021-06-10T13:11:26,3000.0,34.3,S
2021-06-10T13:11:26,7100.0,34.3,S
2021-06-10T13:11:26,1500.0,34.3,S
2021-06-10T13:11:26,1400.0,34.3,S
2021-06-10T13:11:25,13400.0,34.3,S
2021-06-10T13:11:25,900.0,34.3,S
2021-06-10T13:11:25,400.0,34.3,S
2021-06-10T13:11:25,300.0,34.3,S
2021-06-10T13:11:25,500.0,34.3,S
2021-06-10T13:11:25,800.0,34.3,S
2021-06-10T13:11:25,1200.0,34.3,S
2021-06-10T13:11:25,22500.0,34.3,S
2021-06-10T13:11:18,700.0,34.3,S
2021-06-10T13:11:15,2500.0,34.3,S
2021-06-10T13:11:12,3000.0,34.3,S
2021-06-10T13:11:10,1000.0,34.3,S
2021-06-10T13:11:10,200.0,34.3,S
2021-06-10T13:10:52,200.0,34.3,S
2021-06-10T13:10:51,4000.0,34.35,S
2021-06-10T13:10:36,500.0,34.35,S
2021-06-10T13:10:35,200.0,34.3,S
2021-06-10T13:10:35,800.0,34.3,S
2021-06-10T13:10:35,700.0,34.3,S
2021-06-10T13:10:35,1100.0,34.3,S
2021-06-10T13:10:35,100.0,34.3,S
2021-06-10T13:10:35,700.0,34.3,S
2021-06-10T13:10:35,600.0,34.3,S
2021-06-10T13:10:34,8600.0,34.3,S
2021-06-10T13:10:34,900.0,34.3,S
2021-06-10T13:10:32,2000.0,34.3,S
2021-06-10T13:10:30,400.0,34.3,S
2021-06-10T13:10:15,2000.0,34.35,S
2021-06-10T13:10:00,400.0,34.3,S
2021-06-10T13:10:00,500.0,34.3,S
2021-06-10T13:10:00,2000.0,34.3,S
2021-06-10T13:10:00,3600.0,34.3,S
2021-06-10T13:10:00,2800.0,34.3,S
2021-06-10T13:09:59,2100.0,34.3,S
2021-06-10T13:09:59,3100.0,34.3,S
2021-06-10T13:09:59,2800.0,34.3,S
2021-06-10T13:09:59,500.0,34.3,S
2021-06-10T13:09:59,2800.0,34.3,S
2021-06-10T13:09:59,1000.0,34.3,S
2021-06-10T13:09:59,2200.0,34.3,S
2021-06-10T13:09:59,100.0,34.3,S
2021-06-10T13:09:59,2300.0,34.3,S
2021-06-10T13:09:59,1000.0,34.3,S
2021-06-10T13:09:59,700.0,34.3,S
2021-06-10T13:09:59,1500.0,34.3,S
2021-06-10T13:09:59,2700.0,34.3,S
2021-06-10T13:09:59,10200.0,34.3,S
2021-06-10T13:09:59,2100.0,34.3,S
2021-06-10T13:09:58,300.0,34.3,S
2021-06-10T13:09:58,20300.0,34.3,S
2021-06-10T13:09:54,1800.0,34.3,S
2021-06-10T13:09:54,3200.0,34.3,S
2021-06-10T13:09:46,1400.0,34.3,S
2021-06-10T13:09:46,300.0,34.3,S
2021-06-10T13:09:46,2400.0,34.3,S
2021-06-10T13:09:46,900.0,34.3,S
2021-06-10T13:09:37,1000.0,34.3,S
2021-06-10T13:09:34,200.0,34.35,S
2021-06-10T13:09:29,1000.0,34.35,S
2021-06-10T13:09:29,5000.0,34.3,S
2021-06-10T13:09:28,300.0,34.35,S
2021-06-10T13:09:26,3000.0,34.3,S
2021-06-10T13:09:16,3000.0,34.35,S
2021-06-10T13:09:15,1300.0,34.35,S
2021-06-10T13:09:10,500.0,34.35,S
2021-06-10T13:09:10,100.0,34.35,S
2021-06-10T13:09:10,4000.0,34.35,S
2021-06-10T13:08:53,1100.0,34.35,S
2021-06-10T13:08:53,100.0,34.35,S
2021-06-10T13:08:53,1700.0,34.35,S
2021-06-10T13:08:53,100.0,34.35,S
2021-06-10T13:08:51,500.0,34.35,S
2021-06-10T13:08:45,700.0,34.35,S
2021-06-10T13:08:45,1200.0,34.35,S
2021-06-10T13:08:45,2100.0,34.35,S
2021-06-10T13:08:44,900.0,34.35,S
2021-06-10T13:08:38,4500.0,34.35,S
2021-06-10T13:08:37,1400.0,34.35,S
2021-06-10T13:08:32,100.0,34.35,S
2021-06-10T13:08:18,4000.0,34.35,S
2021-06-10T13:08:16,1000.0,34.35,S
2021-06-10T13:08:08,900.0,34.35,S
2021-06-10T13:08:08,100.0,34.35,S
2021-06-10T13:07:49,5300.0,34.35,S
2021-06-10T13:07:49,1000.0,34.35,S
2021-06-10T13:07:46,700.0,34.35,S
2021-06-10T13:07:44,5000.0,34.4,B
2021-06-10T13:07:40,500.0,34.4,S
2021-06-10T13:07:39,100.0,34.4,S
2021-06-10T13:07:34,3000.0,34.35,S
2021-06-10T13:07:29,300.0,34.35,S
2021-06-10T13:07:29,100.0,34.4,S
2021-06-10T13:07:26,100.0,34.4,S
2021-06-10T13:07:26,100.0,34.4,S
2021-06-10T13:07:05,1000.0,34.4,S
2021-06-10T13:07:05,2000.0,34.35,S
2021-06-10T13:07:04,2000.0,34.4,S
2021-06-10T13:06:59,500.0,34.35,S
2021-06-10T13:06:57,300.0,34.4,S
2021-06-10T13:06:56,600.0,34.35,S
2021-06-10T13:06:55,5000.0,34.35,S
2021-06-10T13:06:47,300.0,34.4,S
2021-06-10T13:06:44,100.0,34.35,S
2021-06-10T13:06:38,6000.0,34.35,S
2021-06-10T13:06:33,200.0,34.4,S
2021-06-10T13:06:30,2500.0,34.4,S
2021-06-10T13:06:26,1500.0,34.4,S
2021-06-10T13:06:15,5000.0,34.35,S
2021-06-10T13:06:15,300.0,34.4,S
2021-06-10T13:06:15,700.0,34.4,S
2021-06-10T13:06:13,4000.0,34.4,S
2021-06-10T13:06:04,200.0,34.5,B
2021-06-10T13:05:58,1000.0,34.4,S
2021-06-10T13:05:58,4000.0,34.4,S
2021-06-10T13:05:54,2000.0,34.4,S
2021-06-10T13:05:41,200.0,34.5,B
2021-06-10T13:05:38,500.0,34.4,S
2021-06-10T13:05:15,2100.0,34.4,S
2021-06-10T13:05:15,2900.0,34.4,S
2021-06-10T13:05:12,1000.0,34.4,S
2021-06-10T13:05:08,2100.0,34.4,S
2021-06-10T13:05:08,900.0,34.4,S
2021-06-10T13:04:59,600.0,34.4,S
2021-06-10T13:04:57,200.0,34.4,S
2021-06-10T13:04:57,1700.0,34.4,S
2021-06-10T13:04:57,700.0,34.4,S
2021-06-10T13:04:57,400.0,34.4,S
2021-06-10T13:04:57,1000.0,34.4,S
2021-06-10T13:04:56,1900.0,34.4,S
2021-06-10T13:04:56,3100.0,34.4,S
2021-06-10T13:04:51,200.0,34.4,S
2021-06-10T13:04:45,3000.0,34.4,S
2021-06-10T13:04:28,3000.0,34.4,S
2021-06-10T13:04:28,2000.0,34.4,S
2021-06-10T13:04:12,5000.0,34.4,S
2021-06-10T13:04:12,5000.0,34.4,S
2021-06-10T13:03:42,2000.0,34.4,S
2021-06-10T13:03:32,5000.0,34.4,S
2021-06-10T13:03:21,5800.0,34.5,S
2021-06-10T13:03:14,1000.0,34.4,S
2021-06-10T13:03:14,1500.0,34.4,S
2021-06-10T13:03:14,1500.0,34.4,S
2021-06-10T13:03:11,200.0,34.5,S
2021-06-10T13:03:04,800.0,34.5,S
2021-06-10T13:03:04,200.0,34.4,S
2021-06-10T13:03:03,800.0,34.4,S
2021-06-10T13:02:58,100.0,34.5,S
2021-06-10T13:02:49,2000.0,34.4,S
2021-06-10T13:02:46,3500.0,34.4,S
2021-06-10T13:02:46,500.0,34.4,S
2021-06-10T13:02:44,500.0,34.5,S
2021-06-10T13:02:36,3000.0,34.4,S
2021-06-10T13:02:32,200.0,34.5,S
2021-06-10T13:02:30,100.0,34.5,S
2021-06-10T13:02:25,200.0,34.5,S
2021-06-10T13:02:21,100.0,34.5,S
2021-06-10T13:02:17,1000.0,34.4,S
2021-06-10T13:02:16,500.0,34.5,S
2021-06-10T13:02:16,200.0,34.5,S
2021-06-10T13:02:16,900.0,34.5,S
2021-06-10T13:02:14,200.0,34.5,S
2021-06-10T13:02:14,500.0,34.4,S
2021-06-10T13:02:12,1500.0,34.4,S
2021-06-10T13:02:12,1900.0,34.45,S
2021-06-10T13:02:12,500.0,34.45,S
2021-06-10T13:02:12,1100.0,34.45,S
2021-06-10T13:02:11,200.0,34.5,S
2021-06-10T13:02:06,300.0,34.5,S
2021-06-10T13:01:55,300.0,34.5,S
2021-06-10T13:01:29,100.0,34.5,S
2021-06-10T13:01:29,200.0,34.5,S
2021-06-10T13:01:29,100.0,34.5,S
2021-06-10T13:01:27,2000.0,34.5,S
2021-06-10T13:01:23,100.0,34.5,S
2021-06-10T13:01:23,700.0,34.5,S
2021-06-10T13:01:20,100.0,34.5,S
2021-06-10T13:01:20,100.0,34.5,S
2021-06-10T13:01:20,1000.0,34.5,S
2021-06-10T13:01:17,1100.0,34.45,S
2021-06-10T13:01:17,3800.0,34.45,S
2021-06-10T13:01:17,800.0,34.5,S
2021-06-10T13:01:14,100.0,34.5,S
2021-06-10T13:01:14,100.0,34.5,S
2021-06-10T13:01:14,1400.0,34.5,S
2021-06-10T13:01:14,1000.0,34.5,S
2021-06-10T13:01:14,300.0,34.5,S
2021-06-10T13:01:14,500.0,34.5,S
2021-06-10T13:01:14,1100.0,34.5,S
2021-06-10T13:01:14,3600.0,34.5,S
2021-06-10T13:01:14,6200.0,34.5,S
2021-06-10T13:01:14,200.0,34.5,S
2021-06-10T13:01:14,100.0,34.55,B
2021-06-10T13:01:11,200.0,34.5,S
2021-06-10T13:01:06,2000.0,34.5,S
2021-06-10T13:01:04,100.0,34.5,S
2021-06-10T13:00:59,100.0,34.55,B
2021-06-10T13:00:59,1000.0,34.5,S
2021-06-10T13:00:48,2000.0,34.5,S
2021-06-10T13:00:44,100.0,34.5,S
2021-06-10T13:00:44,1000.0,34.5,S
2021-06-10T13:00:44,1200.0,34.5,S
2021-06-10T13:00:44,200.0,34.5,S
2021-06-10T13:00:44,800.0,34.5,S
2021-06-10T13:00:44,600.0,34.5,S
2021-06-10T13:00:44,3500.0,34.5,S
2021-06-10T13:00:44,100.0,34.5,S
2021-06-10T13:00:44,6600.0,34.5,S
2021-06-10T13:00:44,300.0,34.5,S
2021-06-10T13:00:44,2200.0,34.5,S
2021-06-10T13:00:44,3500.0,34.5,S
2021-06-10T13:00:43,500.0,34.5,S
2021-06-10T13:00:35,2600.0,34.5,S
2021-06-10T13:00:35,10000.0,34.55,B
2021-06-10T13:00:34,400.0,34.5,S
2021-06-10T13:00:33,1000.0,34.5,S
2021-06-10T13:00:33,1500.0,34.5,S
2021-06-10T13:00:33,34500.0,34.5,S
2021-06-10T13:00:33,20600.0,34.5,S
2021-06-10T13:00:33,44900.0,34.5,S
2021-06-10T13:00:31,500.0,34.55,B
2021-06-10T13:00:31,5200.0,34.55,B
2021-06-10T13:00:31,1000.0,34.5,S
2021-06-10T13:00:31,2100.0,34.5,S
2021-06-10T13:00:30,500.0,34.5,S
2021-06-10T13:00:30,1000.0,34.5,S
2021-06-10T13:00:30,1300.0,34.55,B
2021-06-10T13:00:29,200.0,34.5,S
2021-06-10T13:00:29,200.0,34.55,B
2021-06-10T13:00:28,500.0,34.5,S
2021-06-10T13:00:27,700.0,34.5,S
2021-06-10T13:00:27,20000.0,34.5,S
2021-06-10T13:00:26,1000.0,34.5,S
2021-06-10T13:00:24,200.0,34.55,B
2021-06-10T13:00:24,100.0,34.55,B
2021-06-10T13:00:24,400.0,34.5,S
2021-06-10T13:00:24,1000.0,34.55,B
2021-06-10T13:00:24,300.0,34.55,B
2021-06-10T13:00:24,300.0,34.55,B
2021-06-10T13:00:24,500.0,34.55,B
2021-06-10T13:00:24,10700.0,34.55,B
2021-06-10T13:00:24,1000.0,34.5,S
2021-06-10T13:00:24,1000.0,34.5,S
2021-06-10T13:00:22,700.0,34.5,S
2021-06-10T13:00:22,100.0,34.5,S
2021-06-10T13:00:22,800.0,34.4,S
2021-06-10T13:00:22,800.0,34.4,S
2021-06-10T13:00:22,1400.0,34.4,S
2021-06-10T13:00:22,100.0,34.5,S
2021-06-10T13:00:22,100.0,34.5,S
2021-06-10T13:00:22,1200.0,34.55,B
2021-06-10T13:00:22,1000.0,34.55,B
2021-06-10T13:00:22,500.0,34.5,S
2021-06-10T13:00:21,10300.0,34.4,S
2021-06-10T13:00:21,300.0,34.4,S
2021-06-10T13:00:21,3000.0,34.4,S
2021-06-10T13:00:21,1000.0,34.4,S
2021-06-10T13:00:21,10600.0,34.4,S
2021-06-10T13:00:21,600.0,34.4,S
2021-06-10T13:00:21,900.0,34.4,S
2021-06-10T13:00:21,1700.0,34.4,S
2021-06-10T13:00:21,50200.0,34.4,S
2021-06-10T13:00:21,1800.0,34.4,S
2021-06-10T13:00:21,500.0,34.4,S
2021-06-10T13:00:21,500.0,34.4,S
2021-06-10T13:00:21,200.0,34.4,S
2021-06-10T13:00:21,12300.0,34.4,S
2021-06-10T13:00:21,500.0,34.4,S
2021-06-10T13:00:21,900.0,34.4,S
2021-06-10T13:00:21,8500.0,34.4,S
2021-06-10T13:00:21,200.0,34.4,S
2021-06-10T13:00:21,4100.0,34.4,S
2021-06-10T13:00:21,1800.0,34.4,S
2021-06-10T13:00:21,2400.0,34.4,S
2021-06-10T13:00:21,3400.0,34.4,S
2021-06-10T13:00:21,200.0,34.4,S
2021-06-10T13:00:21,1000.0,34.4,S
2021-06-10T13:00:21,1200.0,34.4,S
2021-06-10T13:00:21,10500.0,34.4,S
2021-06-10T13:00:21,500.0,34.4,S
2021-06-10T13:00:21,700.0,34.4,S
2021-06-10T13:00:21,3500.0,34.4,S
2021-06-10T13:00:21,1000.0,34.45,S
2021-06-10T13:00:21,3600.0,34.45,S
2021-06-10T13:00:21,800.0,34.45,S
2021-06-10T13:00:21,100.0,34.45,S
2021-06-10T13:00:21,13000.0,34.45,S
2021-06-10T13:00:21,500.0,34.45,S
2021-06-10T13:00:21,600.0,34.45,S
2021-06-10T13:00:21,1500.0,34.45,S
2021-06-10T13:00:21,100.0,34.45,S
2021-06-10T13:00:21,9500.0,34.45,S
2021-06-10T13:00:21,1200.0,34.45,S
2021-06-10T13:00:21,6800.0,34.45,S
2021-06-10T13:00:21,700.0,34.45,S
2021-06-10T13:00:21,1000.0,34.45,S
2021-06-10T13:00:21,3000.0,34.45,S
2021-06-10T13:00:21,100.0,34.45,S
2021-06-10T13:00:21,1100.0,34.45,S
2021-06-10T13:00:21,4000.0,34.45,S
2021-06-10T13:00:21,11500.0,34.45,S
2021-06-10T13:00:21,1000.0,34.45,S
2021-06-10T13:00:21,55500.0,34.45,S
2021-06-10T13:00:21,100.0,34.5,S
2021-06-10T13:00:21,1700.0,34.5,S
2021-06-10T13:00:21,500.0,34.5,S
2021-06-10T13:00:21,5600.0,34.5,S
2021-06-10T13:00:21,1600.0,34.5,S
2021-06-10T13:00:21,600.0,34.5,S
2021-06-10T13:00:19,1700.0,34.55,B
2021-06-10T11:30:11,100.0,34.5,S
2021-06-10T11:30:11,3900.0,34.5,S
2021-06-10T11:30:05,200.0,34.5,S
2021-06-10T11:30:03,1000.0,34.55,B
2021-06-10T11:29:57,10000.0,34.5,S
2021-06-10T11:29:53,3000.0,34.5,S
2021-06-10T11:29:27,500.0,34.5,S
2021-06-10T11:29:26,5000.0,34.5,S
2021-06-10T11:29:21,1200.0,34.5,S
2021-06-10T11:29:21,13800.0,34.5,S
2021-06-10T11:29:13,2000.0,34.5,S
2021-06-10T11:28:58,200.0,34.5,S
2021-06-10T11:28:58,1000.0,34.5,S
2021-06-10T11:28:57,800.0,34.5,S
2021-06-10T11:28:56,5000.0,34.5,S
2021-06-10T11:28:56,100.0,34.5,S
2021-06-10T11:28:44,500.0,34.5,S
2021-06-10T11:28:31,5000.0,34.5,S
2021-06-10T11:28:28,5000.0,34.5,S
2021-06-10T11:28:22,5000.0,34.5,S
2021-06-10T11:28:21,200.0,34.55,B
2021-06-10T11:28:12,400.0,34.5,S
2021-06-10T11:28:11,10000.0,34.55,B
2021-06-10T11:28:05,300.0,34.5,S
2021-06-10T11:28:05,1100.0,34.5,S
2021-06-10T11:28:05,700.0,34.5,S
2021-06-10T11:28:04,900.0,34.5,S
2021-06-10T11:27:57,100.0,34.55,B
2021-06-10T11:27:38,5000.0,34.5,S
2021-06-10T11:27:38,200.0,34.5,S
2021-06-10T11:27:38,2200.0,34.5,S
2021-06-10T11:27:38,500.0,34.5,S
2021-06-10T11:27:38,2100.0,34.5,S
2021-06-10T11:27:36,5000.0,34.5,S
2021-06-10T11:27:33,2000.0,34.5,S
2021-06-10T11:27:18,3200.0,34.5,S
2021-06-10T11:27:18,1800.0,34.5,S
2021-06-10T11:27:14,300.0,34.5,S
2021-06-10T11:27:10,5000.0,34.5,S
2021-06-10T11:27:03,5000.0,34.5,S
2021-06-10T11:26:37,2000.0,34.5,S
2021-06-10T11:26:35,1200.0,34.5,S
2021-06-10T11:26:35,3000.0,34.5,S
2021-06-10T11:26:35,800.0,34.5,S
2021-06-10T11:26:28,2000.0,34.5,S
2021-06-10T11:26:11,2300.0,34.5,S
2021-06-10T11:26:11,1100.0,34.5,S
2021-06-10T11:26:09,1600.0,34.5,S
2021-06-10T11:25:43,200.0,34.5,S
2021-06-10T11:25:43,400.0,34.5,S
2021-06-10T11:25:43,3600.0,34.5,S
2021-06-10T11:25:43,800.0,34.5,S
2021-06-10T11:25:18,400.0,34.55,B
2021-06-10T11:25:14,4000.0,34.5,S
2021-06-10T11:25:03,100.0,34.55,B
2021-06-10T11:24:47,5000.0,34.5,S
2021-06-10T11:24:41,300.0,34.55,B
2021-06-10T11:24:40,2000.0,34.5,S
2021-06-10T11:24:40,200.0,34.5,S
2021-06-10T11:24:40,2000.0,34.5,S
2021-06-10T11:24:40,1800.0,34.5,S
2021-06-10T11:24:38,500.0,34.55,B
2021-06-10T11:24:29,100.0,34.55,B
2021-06-10T11:24:25,400.0,34.5,S
2021-06-10T11:24:21,3000.0,34.5,S
2021-06-10T11:24:21,100.0,34.5,S
2021-06-10T11:24:21,6900.0,34.5,S
2021-06-10T11:24:19,700.0,34.5,S
2021-06-10T11:24:19,4300.0,34.5,S
2021-06-10T11:24:16,300.0,34.55,B
2021-06-10T11:24:06,100.0,34.55,B
2021-06-10T11:23:59,100.0,34.55,B
2021-06-10T11:23:50,200.0,34.55,B
2021-06-10T11:23:47,2000.0,34.5,S
2021-06-10T11:23:38,2000.0,34.55,B
2021-06-10T11:23:31,20000.0,34.55,B
2021-06-10T11:23:28,100.0,34.55,B
2021-06-10T11:23:19,4000.0,34.5,S
2021-06-10T11:23:11,6600.0,34.5,S
2021-06-10T11:23:11,400.0,34.5,S
2021-06-10T11:23:01,200.0,34.55,B
2021-06-10T11:22:52,1500.0,34.5,S
2021-06-10T11:22:52,500.0,34.5,S
2021-06-10T11:22:52,2800.0,34.5,S
2021-06-10T11:22:52,200.0,34.5,S
2021-06-10T11:22:40,300.0,34.5,S
2021-06-10T11:22:38,500.0,34.55,B
2021-06-10T11:22:29,200.0,34.5,S
2021-06-10T11:22:26,300.0,34.55,B
2021-06-10T11:22:25,2000.0,34.5,S
2021-06-10T11:22:10,2000.0,34.55,B
2021-06-10T11:22:05,200.0,34.5,S
2021-06-10T11:21:58,7000.0,34.5,S
2021-06-10T11:21:44,3000.0,34.55,B
2021-06-10T11:21:43,500.0,34.55,B
2021-06-10T11:21:36,200.0,34.5,S
2021-06-10T11:21:33,3000.0,34.55,B
2021-06-10T11:21:30,2000.0,34.5,S
2021-06-10T11:21:30,3000.0,34.5,S
2021-06-10T11:21:11,100.0,34.5,S
2021-06-10T11:21:09,400.0,34.5,S
2021-06-10T11:21:01,3000.0,34.5,S
2021-06-10T11:20:53,100.0,34.55,B
2021-06-10T11:20:51,400.0,34.55,B
2021-06-10T11:20:41,400.0,34.5,S
2021-06-10T11:20:41,100.0,34.5,S
2021-06-10T11:20:40,1500.0,34.55,S
2021-06-10T11:20:37,100.0,34.55,S
2021-06-10T11:20:31,500.0,34.5,S
2021-06-10T11:20:31,1100.0,34.5,S
2021-06-10T11:20:31,400.0,34.55,S
2021-06-10T11:20:00,2000.0,34.55,B
2021-06-10T11:19:58,2000.0,34.5,S
2021-06-10T11:19:55,1400.0,34.55,S
2021-06-10T11:19:55,2200.0,34.55,S
2021-06-10T11:19:55,4400.0,34.55,S
2021-06-10T11:19:30,4000.0,34.55,S
2021-06-10T11:19:25,500.0,34.6,B
2021-06-10T11:19:23,100.0,34.55,S
2021-06-10T11:19:23,2400.0,34.55,S
2021-06-10T11:19:23,1200.0,34.55,S
2021-06-10T11:19:23,2300.0,34.55,S
2021-06-10T11:19:23,200.0,34.55,S
2021-06-10T11:19:23,200.0,34.55,S
2021-06-10T11:19:23,5300.0,34.55,S
2021-06-10T11:19:23,100.0,34.55,S
2021-06-10T11:19:23,500.0,34.55,S
2021-06-10T11:19:23,12700.0,34.55,S
2021-06-10T11:19:03,800.0,34.6,B
2021-06-10T11:19:02,3000.0,34.55,S
2021-06-10T11:18:56,300.0,34.55,S
2021-06-10T11:18:56,1000.0,34.55,S
2021-06-10T11:18:54,2000.0,34.6,B
2021-06-10T11:18:46,1000.0,34.6,B
2021-06-10T11:18:45,5000.0,34.6,B
2021-06-10T11:18:36,3000.0,34.55,S
2021-06-10T11:18:28,100.0,34.6,B
2021-06-10T11:18:10,4000.0,34.55,S
2021-06-10T11:17:59,2000.0,34.6,B
2021-06-10T11:17:59,15200.0,34.6,B
2021-06-10T11:17:45,5000.0,34.55,S
2021-06-10T11:17:43,4000.0,34.55,S
2021-06-10T11:17:42,1000.0,34.6,B
2021-06-10T11:17:42,100.0,34.6,B
2021-06-10T11:17:18,2000.0,34.55,S
2021-06-10T11:16:53,4000.0,34.55,S
2021-06-10T11:16:50,5000.0,34.55,S
2021-06-10T11:16:43,700.0,34.6,B
2021-06-10T11:16:39,3000.0,34.55,S
2021-06-10T11:16:24,2800.0,34.55,S
2021-06-10T11:16:24,100.0,34.55,S
2021-06-10T11:16:24,2100.0,34.55,S
2021-06-10T11:16:21,900.0,34.6,B
2021-06-10T11:16:19,2300.0,34.6,B
2021-06-10T11:16:08,200.0,34.6,B
2021-06-10T11:15:58,3000.0,34.55,S
2021-06-10T11:15:52,1000.0,34.55,S
2021-06-10T11:15:47,100.0,34.6,B
2021-06-10T11:15:37,1000.0,34.6,B
2021-06-10T11:15:37,2000.0,34.55,S
2021-06-10T11:15:30,4000.0,34.55,S
2021-06-10T11:15:23,3100.0,34.55,S
2021-06-10T11:15:14,100.0,34.6,B
2021-06-10T11:15:13,100.0,34.6,B
2021-06-10T11:15:09,100.0,34.6,B
2021-06-10T11:15:06,100.0,34.55,S
2021-06-10T11:15:04,400.0,34.6,B
2021-06-10T11:15:02,300.0,34.6,B
2021-06-10T11:15:02,200.0,34.6,B
2021-06-10T11:15:01,2000.0,34.55,S
2021-06-10T11:14:59,3000.0,34.6,B
2021-06-10T11:14:55,1500.0,34.6,B
2021-06-10T11:14:44,600.0,34.6,B
2021-06-10T11:14:42,2000.0,34.6,B
2021-06-10T11:14:39,200.0,34.6,B
2021-06-10T11:14:34,2000.0,34.55,S
2021-06-10T11:14:30,3000.0,34.55,S
2021-06-10T11:14:24,100.0,34.6,B
2021-06-10T11:14:24,900.0,34.6,B
2021-06-10T11:14:24,100.0,34.6,B
2021-06-10T11:14:22,2800.0,34.6,S
2021-06-10T11:14:10,200.0,34.65,B
2021-06-10T11:14:08,100.0,34.65,B
2021-06-10T11:13:59,2000.0,34.6,S
2021-06-10T11:13:57,1400.0,34.6,S
2021-06-10T11:13:57,1000.0,34.6,S
2021-06-10T11:13:57,600.0,34.6,S
2021-06-10T11:13:56,1000.0,34.6,S
2021-06-10T11:13:52,5800.0,34.6,S
2021-06-10T11:13:45,5000.0,34.6,S
2021-06-10T11:13:43,2000.0,34.6,S
2021-06-10T11:13:35,2000.0,34.6,S
2021-06-10T11:13:25,100.0,34.6,S
2021-06-10T11:13:04,800.0,34.55,S
2021-06-10T11:13:04,100.0,34.6,S
2021-06-10T11:13:04,1100.0,34.6,S
2021-06-10T11:12:51,900.0,34.6,B
2021-06-10T11:12:51,100.0,34.6,B
2021-06-10T11:12:51,100.0,34.6,B
2021-06-10T11:12:46,400.0,34.6,S
2021-06-10T11:12:46,100.0,34.6,S
2021-06-10T11:12:44,3400.0,34.6,S
2021-06-10T11:12:34,2000.0,34.6,S
2021-06-10T11:12:32,5000.0,34.6,S
2021-06-10T11:12:26,200.0,34.6,S
2021-06-10T11:12:11,500.0,34.65,B
2021-06-10T11:12:02,4000.0,34.6,S
2021-06-10T11:11:37,500.0,34.55,S
2021-06-10T11:11:36,3300.0,34.6,B
2021-06-10T11:11:31,3000.0,34.55,S
2021-06-10T11:11:31,500.0,34.55,S
2021-06-10T11:11:21,200.0,34.6,B
2021-06-10T11:11:21,500.0,34.6,B
2021-06-10T11:11:19,2000.0,34.6,B
2021-06-10T11:11:05,4000.0,34.55,S
2021-06-10T11:10:40,5000.0,34.55,S
2021-06-10T11:10:36,2000.0,34.65,B
2021-06-10T11:10:30,1400.0,34.65,B
2021-06-10T11:10:30,3800.0,34.65,B
2021-06-10T11:10:30,10000.0,34.65,B
2021-06-10T11:10:30,4400.0,34.65,B
2021-06-10T11:10:30,400.0,34.6,B
2021-06-10T11:10:21,400.0,34.6,B
2021-06-10T11:10:17,2000.0,34.55,S
2021-06-10T11:10:09,2000.0,34.6,S
2021-06-10T11:10:08,1000.0,34.6,S
2021-06-10T11:10:08,1200.0,34.6,S
2021-06-10T11:10:05,2000.0,34.65,B
2021-06-10T11:09:53,3000.0,34.55,S
2021-06-10T11:09:45,100.0,34.65,B
2021-06-10T11:09:45,3800.0,34.55,S
2021-06-10T11:09:45,200.0,34.6,B
2021-06-10T11:09:43,300.0,34.6,B
2021-06-10T11:09:38,2000.0,34.6,B
2021-06-10T11:09:32,100.0,34.6,B
2021-06-10T11:09:29,200.0,34.6,B
2021-06-10T11:09:22,2000.0,34.55,S
2021-06-10T11:09:20,500.0,34.6,B
2021-06-10T11:09:19,700.0,34.6,B
2021-06-10T11:09:18,1000.0,34.6,B
2021-06-10T11:09:15,1000.0,34.6,B
2021-06-10T11:09:10,1000.0,34.6,B
2021-06-10T11:09:03,100.0,34.6,B
2021-06-10T11:09:02,100.0,34.6,B
2021-06-10T11:09:00,2000.0,34.6,B
2021-06-10T11:08:59,2000.0,34.6,B
2021-06-10T11:08:59,1600.0,34.6,B
2021-06-10T11:08:57,2900.0,34.6,B
2021-06-10T11:08:57,2100.0,34.6,B
2021-06-10T11:08:54,5000.0,34.55,S
2021-06-10T11:08:47,500.0,34.6,B
2021-06-10T11:08:43,1200.0,34.6,B
2021-06-10T11:08:42,2000.0,34.6,B
2021-06-10T11:08:37,1000.0,34.6,B
2021-06-10T11:08:35,100.0,34.6,B
2021-06-10T11:08:30,100.0,34.6,B
2021-06-10T11:08:26,4000.0,34.55,S
2021-06-10T11:08:19,2000.0,34.6,B
2021-06-10T11:08:17,500.0,34.6,B
2021-06-10T11:08:13,1000.0,34.6,B
2021-06-10T11:08:11,4000.0,34.6,B
2021-06-10T11:08:11,3200.0,34.6,B
2021-06-10T11:08:10,800.0,34.55,S
2021-06-10T11:08:03,5000.0,34.55,S
2021-06-10T11:07:55,200.0,34.6,B
2021-06-10T11:07:40,2000.0,34.6,B
2021-06-10T11:07:34,500.0,34.55,B
2021-06-10T11:07:34,1100.0,34.55,B
2021-06-10T11:07:34,1800.0,34.55,B
2021-06-10T11:07:33,4900.0,34.55,B
2021-06-10T11:07:32,2000.0,34.5,S
2021-06-10T11:07:31,20000.0,34.55,B
2021-06-10T11:07:30,1000.0,34.55,B
2021-06-10T11:07:29,2800.0,34.55,B
2021-06-10T11:07:29,5000.0,34.55,B
2021-06-10T11:07:29,2200.0,34.55,B
2021-06-10T11:07:28,1300.0,34.5,S
2021-06-10T11:07:28,100.0,34.55,B
2021-06-10T11:07:22,1000.0,34.55,B
2021-06-10T11:07:18,4000.0,34.55,B
2021-06-10T11:07:15,100.0,34.55,B
2021-06-10T11:07:10,1600.0,34.55,B
2021-06-10T11:07:10,400.0,34.55,B
2021-06-10T11:07:09,5000.0,34.55,B
2021-06-10T11:07:09,1000.0,34.55,B
2021-06-10T11:07:07,3000.0,34.5,S
2021-06-10T11:06:49,200.0,34.5,S
2021-06-10T11:06:46,400.0,34.55,B
2021-06-10T11:06:44,500.0,34.55,B
2021-06-10T11:06:36,2000.0,34.5,S
2021-06-10T11:06:34,2000.0,34.5,S
2021-06-10T11:06:30,1000.0,34.5,S
2021-06-10T11:06:14,14900.0,34.5,B
2021-06-10T11:06:12,1000.0,34.45,S
2021-06-10T11:06:12,3000.0,34.45,S
2021-06-10T11:06:12,2500.0,34.5,B
2021-06-10T11:06:10,19000.0,34.5,B
2021-06-10T11:06:06,300.0,34.5,B
2021-06-10T11:06:04,1000.0,34.5,B
2021-06-10T11:06:03,2000.0,34.5,B
2021-06-10T11:06:01,5000.0,34.5,B
2021-06-10T11:05:59,1000.0,34.5,B
2021-06-10T11:05:57,15000.0,34.5,B
2021-06-10T11:05:57,24000.0,34.5,B
2021-06-10T11:05:56,10000.0,34.5,B
2021-06-10T11:05:48,4000.0,34.45,S
2021-06-10T11:05:46,1000.0,34.5,B
2021-06-10T11:05:46,20000.0,34.5,B
2021-06-10T11:05:43,400.0,34.5,B
2021-06-10T11:05:28,500.0,34.5,B
2021-06-10T11:05:22,500.0,34.45,S
2021-06-10T11:05:20,1500.0,34.5,B
2021-06-10T11:05:19,1800.0,34.5,B
2021-06-10T11:05:19,1200.0,34.5,B
2021-06-10T11:05:17,4000.0,34.45,S
2021-06-10T11:05:17,100.0,34.5,B
2021-06-10T11:05:15,800.0,34.5,B
2021-06-10T11:05:15,3100.0,34.5,B
2021-06-10T11:05:15,500.0,34.5,B
2021-06-10T11:05:15,2000.0,34.5,B
2021-06-10T11:05:15,2100.0,34.5,B
2021-06-10T11:05:15,100.0,34.5,B
2021-06-10T11:05:13,200.0,34.5,B
2021-06-10T11:05:10,200.0,34.5,B
2021-06-10T11:05:09,1000.0,34.45,S
2021-06-10T11:04:56,100.0,34.5,B
2021-06-10T11:04:51,2000.0,34.45,S
2021-06-10T11:04:44,500.0,34.45,S
2021-06-10T11:04:42,5000.0,34.45,S
2021-06-10T11:04:38,3000.0,34.5,B
2021-06-10T11:04:37,20000.0,34.45,S
2021-06-10T11:04:35,500.0,34.45,S
2021-06-10T11:04:29,700.0,34.45,B
2021-06-10T11:04:28,6500.0,34.45,B
2021-06-10T11:04:27,100.0,34.45,B
2021-06-10T11:04:27,700.0,34.4,S
2021-06-10T11:04:27,200.0,34.45,B
2021-06-10T11:04:27,800.0,34.45,B
2021-06-10T11:04:26,3300.0,34.45,B
2021-06-10T11:04:24,200.0,34.45,B
2021-06-10T11:04:24,2000.0,34.4,S
2021-06-10T11:04:19,500.0,34.45,B
2021-06-10T11:04:18,5000.0,34.45,B
2021-06-10T11:04:02,1000.0,34.45,B
2021-06-10T11:03:51,5000.0,34.4,S
2021-06-10T11:03:51,1000.0,34.45,B
2021-06-10T11:03:46,500.0,34.45,B
2021-06-10T11:03:46,300.0,34.45,B
2021-06-10T11:03:45,38000.0,34.45,S
2021-06-10T11:03:37,100.0,34.45,S
2021-06-10T11:03:30,2000.0,34.45,S
2021-06-10T11:03:26,4000.0,34.45,S
2021-06-10T11:03:19,1900.0,34.45,S
2021-06-10T11:03:19,2100.0,34.45,S
2021-06-10T11:03:11,800.0,34.5,B
2021-06-10T11:03:07,400.0,34.45,S
2021-06-10T11:03:07,19600.0,34.45,S
2021-06-10T11:03:07,700.0,34.5,B
2021-06-10T11:03:06,5000.0,34.45,S
2021-06-10T11:03:02,4900.0,34.5,B
2021-06-10T11:03:02,100.0,34.5,B
2021-06-10T11:03:02,25000.0,34.5,B
2021-06-10T11:02:59,500.0,34.45,S
2021-06-10T11:02:57,4000.0,34.45,S
2021-06-10T11:02:54,200.0,34.45,S
2021-06-10T11:02:52,500.0,34.5,B
2021-06-10T11:02:46,1400.0,34.45,S
2021-06-10T11:02:39,5000.0,34.45,S
2021-06-10T11:02:39,1400.0,34.45,S
2021-06-10T11:02:35,100.0,34.5,B
2021-06-10T11:02:35,2000.0,34.45,S
2021-06-10T11:02:30,1000.0,34.45,S
2021-06-10T11:02:24,2000.0,34.45,S
2021-06-10T11:02:22,100.0,34.5,B
2021-06-10T11:02:21,700.0,34.5,B
2021-06-10T11:02:19,3000.0,34.45,S
2021-06-10T11:02:11,3000.0,34.45,S
2021-06-10T11:02:07,1000.0,34.45,S
2021-06-10T11:02:07,2000.0,34.45,S
2021-06-10T11:01:58,5000.0,34.5,B
2021-06-10T11:01:57,1400.0,34.45,S
2021-06-10T11:01:57,100.0,34.45,S
2021-06-10T11:01:57,500.0,34.45,S
2021-06-10T11:01:56,2000.0,34.45,S
2021-06-10T11:01:43,1000.0,34.5,B
2021-06-10T11:01:40,3800.0,34.45,S
2021-06-10T11:01:40,2200.0,34.45,S
2021-06-10T11:01:40,500.0,34.45,S
2021-06-10T11:01:40,3500.0,34.45,S
2021-06-10T11:01:38,100.0,34.45,S
2021-06-10T11:01:34,4000.0,34.45,S
2021-06-10T11:01:29,100.0,34.5,B
2021-06-10T11:01:17,100.0,34.45,S
2021-06-10T11:01:13,100.0,34.5,B
2021-06-10T11:01:12,100.0,34.5,B
2021-06-10T11:01:05,300.0,34.5,B
2021-06-10T11:01:03,2000.0,34.45,S
2021-06-10T11:00:59,400.0,34.5,B
2021-06-10T11:00:55,100.0,34.5,B
2021-06-10T11:00:43,200.0,34.5,B
2021-06-10T11:00:41,800.0,34.5,B
2021-06-10T11:00:39,500.0,34.5,B
2021-06-10T11:00:36,2000.0,34.45,S
2021-06-10T11:00:35,200.0,34.45,S
2021-06-10T11:00:35,1700.0,34.5,B
2021-06-10T11:00:34,2000.0,34.45,S
2021-06-10T11:00:33,100.0,34.45,S
2021-06-10T11:00:24,300.0,34.5,B
2021-06-10T11:00:17,1000.0,34.5,B
2021-06-10T11:00:16,2800.0,34.5,B
2021-06-10T11:00:15,100.0,34.5,B
2021-06-10T11:00:14,200.0,34.5,B
2021-06-10T11:00:12,1500.0,34.45,S
2021-06-10T11:00:12,200.0,34.5,B
2021-06-10T11:00:09,5000.0,34.45,S
2021-06-10T11:00:06,500.0,34.5,B
2021-06-10T11:00:04,200.0,34.5,B
2021-06-10T10:59:58,100.0,34.45,S
2021-06-10T10:59:57,100.0,34.5,B
2021-06-10T10:59:38,800.0,34.5,B
2021-06-10T10:59:35,1100.0,34.5,B
2021-06-10T10:59:34,100.0,34.5,B
2021-06-10T10:59:25,200.0,34.5,S
2021-06-10T10:59:24,50000.0,34.5,S
2021-06-10T10:59:23,3000.0,34.45,S
2021-06-10T10:59:17,1000.0,34.5,S
2021-06-10T10:59:15,1000.0,34.5,S
2021-06-10T10:59:07,100.0,34.5,S
2021-06-10T10:59:06,800.0,34.5,S
2021-06-10T10:59:03,100.0,34.5,S
2021-06-10T10:59:02,4100.0,34.5,S
2021-06-10T10:59:00,500.0,34.5,S
2021-06-10T10:58:58,5000.0,34.5,S
2021-06-10T10:58:55,300.0,34.5,S
2021-06-10T10:58:48,500.0,34.55,B
2021-06-10T10:58:48,900.0,34.5,S
2021-06-10T10:58:48,100.0,34.5,S
2021-06-10T10:58:48,300.0,34.5,S
2021-06-10T10:58:48,3700.0,34.5,S
2021-06-10T10:58:47,6000.0,34.5,S
2021-06-10T10:58:47,1000.0,34.5,S
2021-06-10T10:58:47,1300.0,34.5,S
2021-06-10T10:58:46,100.0,34.5,S
2021-06-10T10:58:46,900.0,34.5,S
2021-06-10T10:58:46,700.0,34.5,S
2021-06-10T10:58:43,4200.0,34.5,S
2021-06-10T10:58:33,100.0,34.55,B
2021-06-10T10:58:32,2000.0,34.5,S
2021-06-10T10:58:29,1900.0,34.5,S
2021-06-10T10:58:28,300.0,34.5,S
2021-06-10T10:58:28,2800.0,34.5,S
2021-06-10T10:58:22,12000.0,34.5,S
2021-06-10T10:58:18,3400.0,34.55,B
2021-06-10T10:58:09,1000.0,34.5,S
2021-06-10T10:58:09,1500.0,34.5,S
2021-06-10T10:57:53,5300.0,34.55,B
2021-06-10T10:57:48,5000.0,34.5,S
2021-06-10T10:57:48,500.0,34.5,S
2021-06-10T10:57:45,1000.0,34.5,S
2021-06-10T10:57:45,700.0,34.55,B
2021-06-10T10:57:45,200.0,34.55,B
2021-06-10T10:57:44,4100.0,34.55,B
2021-06-10T10:57:34,500.0,34.55,B
2021-06-10T10:57:16,2000.0,34.5,S
2021-06-10T10:57:08,100.0,34.5,S
2021-06-10T10:57:07,200.0,34.5,S
2021-06-10T10:57:05,900.0,34.5,S
2021-06-10T10:57:04,9100.0,34.5,S
2021-06-10T10:57:01,300.0,34.5,S
2021-06-10T10:56:49,1000.0,34.5,S
2021-06-10T10:56:47,3500.0,34.5,S
2021-06-10T10:56:42,100.0,34.5,S
2021-06-10T10:56:42,100.0,34.5,S
2021-06-10T10:56:41,100.0,34.5,S
2021-06-10T10:56:40,100.0,34.5,S
2021-06-10T10:56:40,200.0,34.55,B
2021-06-10T10:56:20,100.0,34.5,S
2021-06-10T10:56:20,800.0,34.5,S
2021-06-10T10:56:20,100.0,34.5,S
2021-06-10T10:56:19,400.0,34.5,S
2021-06-10T10:56:19,3700.0,34.5,S
2021-06-10T10:56:16,6600.0,34.5,S
2021-06-10T10:56:16,2500.0,34.5,S
2021-06-10T10:56:16,400.0,34.5,S
2021-06-10T10:56:16,700.0,34.5,S
2021-06-10T10:56:16,1100.0,34.5,S
2021-06-10T10:56:16,1100.0,34.5,S
2021-06-10T10:56:16,1200.0,34.5,S
2021-06-10T10:56:16,3000.0,34.5,S
2021-06-10T10:56:16,1600.0,34.5,S
2021-06-10T10:56:16,1500.0,34.5,S
2021-06-10T10:56:16,2000.0,34.5,S
2021-06-10T10:56:16,1100.0,34.5,S
2021-06-10T10:56:16,2000.0,34.5,S
2021-06-10T10:56:16,3400.0,34.5,S
2021-06-10T10:56:16,1700.0,34.5,S
2021-06-10T10:56:16,10100.0,34.5,S
2021-06-10T10:56:11,1900.0,34.5,S
2021-06-10T10:56:11,100.0,34.5,S
2021-06-10T10:56:11,100.0,34.5,S
2021-06-10T10:56:11,200.0,34.5,S
2021-06-10T10:56:11,3000.0,34.5,S
2021-06-10T10:56:11,100.0,34.5,S
2021-06-10T10:56:11,600.0,34.5,S
2021-06-10T10:56:11,2800.0,34.5,S
2021-06-10T10:56:09,200.0,34.55,B
2021-06-10T10:56:05,200.0,34.5,S
2021-06-10T10:55:58,100.0,34.55,B
2021-06-10T10:55:58,1700.0,34.5,S
2021-06-10T10:55:58,100.0,34.5,S
2021-06-10T10:55:58,2800.0,34.5,S
2021-06-10T10:55:57,200.0,34.5,S
2021-06-10T10:55:49,5000.0,34.5,S
2021-06-10T10:55:49,5900.0,34.5,S
2021-06-10T10:55:49,10000.0,34.5,S
2021-06-10T10:55:49,6800.0,34.5,S
2021-06-10T10:55:49,300.0,34.5,S
2021-06-10T10:55:49,800.0,34.5,S
2021-06-10T10:55:49,8200.0,34.5,S
2021-06-10T10:55:49,1000.0,34.5,S
2021-06-10T10:55:49,1100.0,34.5,S
2021-06-10T10:55:49,6000.0,34.5,S
2021-06-10T10:55:49,100.0,34.5,S
2021-06-10T10:55:49,1200.0,34.5,S
2021-06-10T10:55:49,400.0,34.5,S
2021-06-10T10:55:48,300.0,34.5,S
2021-06-10T10:55:48,600.0,34.5,S
2021-06-10T10:55:48,700.0,34.5,S
2021-06-10T10:55:48,200.0,34.5,S
2021-06-10T10:55:48,1500.0,34.5,S
2021-06-10T10:55:48,200.0,34.5,S
2021-06-10T10:55:48,1500.0,34.5,S
2021-06-10T10:55:48,800.0,34.5,S
2021-06-10T10:55:48,1200.0,34.5,S
2021-06-10T10:55:48,1500.0,34.5,S
2021-06-10T10:55:48,49700.0,34.5,S
2021-06-10T10:55:39,100.0,34.55,B
2021-06-10T10:55:17,100.0,34.55,B
2021-06-10T10:55:12,5000.0,34.5,S
2021-06-10T10:55:10,3300.0,34.55,B
2021-06-10T10:55:09,300.0,34.55,B
2021-06-10T10:55:08,600.0,34.55,B
2021-06-10T10:55:06,900.0,34.55,B
2021-06-10T10:55:06,1100.0,34.55,B
2021-06-10T10:54:58,2000.0,34.5,S
2021-06-10T10:54:34,400.0,34.55,B
2021-06-10T10:54:32,5000.0,34.5,S
2021-06-10T10:54:21,200.0,34.55,B
2021-06-10T10:54:07,100.0,34.55,B
2021-06-10T10:54:06,3000.0,34.5,S
2021-06-10T10:54:04,4000.0,34.5,S
2021-06-10T10:54:00,2200.0,34.55,B
2021-06-10T10:53:52,4000.0,34.5,S
2021-06-10T10:53:49,1000.0,34.5,S
2021-06-10T10:53:43,200.0,34.55,S
2021-06-10T10:53:37,100.0,34.55,S
2021-06-10T10:53:23,2000.0,34.5,S
2021-06-10T10:53:23,1200.0,34.5,S
2021-06-10T10:53:23,2000.0,34.6,B
2021-06-10T10:53:21,1000.0,34.55,S
2021-06-10T10:53:19,700.0,34.55,S
2021-06-10T10:53:15,17900.0,34.55,S
2021-06-10T10:53:15,1600.0,34.55,S
2021-06-10T10:53:14,1300.0,34.55,S
2021-06-10T10:53:08,100.0,34.55,S
2021-06-10T10:52:57,100.0,34.55,S
2021-06-10T10:52:57,5000.0,34.5,S
2021-06-10T10:52:56,1500.0,34.5,S
2021-06-10T10:52:53,10000.0,34.55,S
2021-06-10T10:52:50,5000.0,34.5,S
2021-06-10T10:52:45,100.0,34.55,S
2021-06-10T10:52:44,100.0,34.55,S
2021-06-10T10:52:43,1600.0,34.55,S
2021-06-10T10:52:43,100.0,34.55,S
2021-06-10T10:52:38,100.0,34.55,S
2021-06-10T10:52:38,9900.0,34.55,S
2021-06-10T10:52:30,2000.0,34.55,S
2021-06-10T10:52:27,6800.0,34.55,S
2021-06-10T10:52:27,300.0,34.55,S
2021-06-10T10:52:27,2900.0,34.55,S
2021-06-10T10:52:27,1000.0,34.6,B
2021-06-10T10:52:21,1000.0,34.55,S
2021-06-10T10:52:11,2800.0,34.55,S
2021-06-10T10:51:58,100.0,34.55,S
2021-06-10T10:51:57,800.0,34.55,S
2021-06-10T10:51:44,1300.0,34.55,S
2021-06-10T10:51:44,700.0,34.55,S
2021-06-10T10:51:43,300.0,34.6,S
2021-06-10T10:51:30,10000.0,34.55,S
2021-06-10T10:51:09,500.0,34.6,S
2021-06-10T10:50:59,900.0,34.65,B
2021-06-10T10:50:52,1000.0,34.6,B
2021-06-10T10:50:40,1000.0,34.55,S
2021-06-10T10:50:11,12000.0,34.55,S
2021-06-10T10:50:09,8700.0,34.6,S
2021-06-10T10:50:09,8400.0,34.6,S
2021-06-10T10:50:09,300.0,34.6,S
2021-06-10T10:50:09,1100.0,34.6,S
2021-06-10T10:50:09,100.0,34.6,S
2021-06-10T10:50:09,1400.0,34.6,S
2021-06-10T10:49:59,2000.0,34.6,S
2021-06-10T10:49:50,100.0,34.6,S
2021-06-10T10:49:47,200.0,34.6,S
2021-06-10T10:49:38,300.0,34.65,B
2021-06-10T10:49:36,300.0,34.65,B
2021-06-10T10:49:25,600.0,34.65,B
2021-06-10T10:49:22,400.0,34.6,S
2021-06-10T10:49:21,500.0,34.6,S
2021-06-10T10:49:12,2100.0,34.6,S
2021-06-10T10:49:09,200.0,34.6,S
2021-06-10T10:49:08,100.0,34.65,B
2021-06-10T10:48:55,100.0,34.6,S
2021-06-10T10:48:48,100.0,34.6,S
2021-06-10T10:48:43,4300.0,34.6,S
2021-06-10T10:48:43,700.0,34.6,S
2021-06-10T10:48:43,3200.0,34.6,S
2021-06-10T10:48:43,700.0,34.6,S
2021-06-10T10:48:43,3000.0,34.6,S
2021-06-10T10:48:43,800.0,34.6,S
2021-06-10T10:48:43,1100.0,34.6,S
2021-06-10T10:48:43,1000.0,34.6,S
2021-06-10T10:48:43,4000.0,34.6,S
2021-06-10T10:48:43,6600.0,34.6,S
2021-06-10T10:48:43,4600.0,34.6,S
2021-06-10T10:48:43,600.0,34.6,S
2021-06-10T10:48:43,500.0,34.6,S
2021-06-10T10:48:43,400.0,34.6,S
2021-06-10T10:48:43,8500.0,34.6,S
2021-06-10T10:48:37,100.0,34.65,B
2021-06-10T10:48:36,3000.0,34.65,B
2021-06-10T10:48:33,2000.0,34.6,S
2021-06-10T10:48:29,5000.0,34.6,S
2021-06-10T10:48:24,5600.0,34.6,S
2021-06-10T10:48:21,200.0,34.6,S
2021-06-10T10:48:10,800.0,34.6,S
2021-06-10T10:48:07,2000.0,34.6,S
2021-06-10T10:47:50,100.0,34.6,S
2021-06-10T10:47:50,100.0,34.65,B
2021-06-10T10:47:50,1000.0,34.6,S
2021-06-10T10:47:49,500.0,34.65,B
2021-06-10T10:47:44,100.0,34.65,B
2021-06-10T10:47:42,200.0,34.65,B
2021-06-10T10:47:33,2100.0,34.6,S
2021-06-10T10:47:33,100.0,34.6,S
2021-06-10T10:47:33,1400.0,34.6,S
2021-06-10T10:47:33,700.0,34.6,S
2021-06-10T10:47:32,700.0,34.6,S
2021-06-10T10:47:32,300.0,34.6,S
2021-06-10T10:47:32,200.0,34.6,S
2021-06-10T10:47:32,1000.0,34.6,S
2021-06-10T10:47:24,200.0,34.6,S
2021-06-10T10:47:20,2000.0,34.65,B
2021-06-10T10:47:11,700.0,34.65,B
2021-06-10T10:47:11,300.0,34.65,B
2021-06-10T10:47:03,3100.0,34.65,B
2021-06-10T10:46:36,100.0,34.65,B
2021-06-10T10:46:34,200.0,34.65,B
2021-06-10T10:46:34,200.0,34.6,S
2021-06-10T10:46:34,100.0,34.65,B
2021-06-10T10:46:30,100.0,34.6,S
2021-06-10T10:46:29,500.0,34.6,S
2021-06-10T10:46:21,100.0,34.6,S
2021-06-10T10:46:14,100.0,34.65,B
2021-06-10T10:46:02,1400.0,34.65,B
2021-06-10T10:46:02,100.0,34.65,B
2021-06-10T10:46:00,300.0,34.6,S
2021-06-10T10:46:00,2700.0,34.6,S
2021-06-10T10:46:00,1000.0,34.6,S
2021-06-10T10:46:00,200.0,34.6,S
2021-06-10T10:46:00,2100.0,34.6,S
2021-06-10T10:46:00,3500.0,34.6,S
2021-06-10T10:45:44,300.0,34.6,S
2021-06-10T10:45:39,100.0,34.65,B
2021-06-10T10:45:35,1000.0,34.65,B
2021-06-10T10:45:26,100.0,34.6,S
2021-06-10T10:45:26,1600.0,34.65,B
2021-06-10T10:45:26,500.0,34.65,B
2021-06-10T10:45:25,800.0,34.65,B
2021-06-10T10:45:24,900.0,34.6,S
2021-06-10T10:45:24,100.0,34.6,S
2021-06-10T10:45:24,2000.0,34.6,S
2021-06-10T10:45:23,100.0,34.6,S
2021-06-10T10:45:23,200.0,34.6,S
2021-06-10T10:45:22,100.0,34.65,B
2021-06-10T10:45:21,1200.0,34.6,S
2021-06-10T10:45:17,500.0,34.65,B
2021-06-10T10:45:02,900.0,34.6,S
2021-06-10T10:45:02,100.0,34.6,S
2021-06-10T10:45:02,9000.0,34.6,S
2021-06-10T10:44:56,700.0,34.6,S
2021-06-10T10:44:56,1300.0,34.6,S
2021-06-10T10:44:51,300.0,34.65,B
2021-06-10T10:44:50,300.0,34.65,B
2021-06-10T10:44:48,100.0,34.65,B
2021-06-10T10:44:47,500.0,34.65,B
2021-06-10T10:44:41,200.0,34.65,B
2021-06-10T10:44:39,200.0,34.6,S
2021-06-10T10:44:39,400.0,34.6,S
2021-06-10T10:44:39,2900.0,34.6,S
2021-06-10T10:44:39,2200.0,34.6,S
2021-06-10T10:44:39,1600.0,34.6,S
2021-06-10T10:44:39,200.0,34.6,S
2021-06-10T10:44:39,1000.0,34.6,S
2021-06-10T10:44:39,700.0,34.6,S
2021-06-10T10:44:39,1600.0,34.6,S
2021-06-10T10:44:39,4200.0,34.6,S
2021-06-10T10:44:38,500.0,34.6,S
2021-06-10T10:44:36,500.0,34.65,B
2021-06-10T10:44:35,21800.0,34.6,S
2021-06-10T10:44:35,2200.0,34.6,S
2021-06-10T10:44:35,1200.0,34.6,S
2021-06-10T10:44:35,500.0,34.6,S
2021-06-10T10:44:35,4300.0,34.6,S
2021-06-10T10:44:34,200.0,34.6,S
2021-06-10T10:44:34,300.0,34.65,B
2021-06-10T10:44:32,2000.0,34.65,B
2021-06-10T10:44:29,8900.0,34.6,S
2021-06-10T10:44:12,1000.0,34.65,B
2021-06-10T10:44:04,2000.0,34.65,B
2021-06-10T10:44:04,2000.0,34.65,B
2021-06-10T10:43:40,2000.0,34.65,B
2021-06-10T10:43:38,100.0,34.65,B
2021-06-10T10:43:37,200.0,34.65,B
2021-06-10T10:43:37,700.0,34.65,B
2021-06-10T10:43:28,1700.0,34.65,B
2021-06-10T10:43:16,100.0,34.6,S
2021-06-10T10:43:16,100.0,34.65,B
2021-06-10T10:43:16,100.0,34.65,B
2021-06-10T10:43:11,2200.0,34.65,B
2021-06-10T10:43:09,100.0,34.65,B
2021-06-10T10:42:53,200.0,34.65,B
2021-06-10T10:42:48,2100.0,34.65,B
2021-06-10T10:42:47,300.0,34.65,B
2021-06-10T10:42:22,100.0,34.65,B
2021-06-10T10:42:05,100.0,34.65,B
2021-06-10T10:42:02,200.0,34.65,B
2021-06-10T10:41:58,1000.0,34.65,B
2021-06-10T10:41:55,100.0,34.65,B
2021-06-10T10:41:50,800.0,34.65,B
2021-06-10T10:41:48,1600.0,34.6,S
2021-06-10T10:41:44,100.0,34.65,B
2021-06-10T10:41:25,1000.0,34.65,B
2021-06-10T10:41:20,500.0,34.65,B
2021-06-10T10:41:10,1000.0,34.65,B
2021-06-10T10:41:10,200.0,34.65,B
2021-06-10T10:41:06,100.0,34.65,B
2021-06-10T10:41:06,1000.0,34.65,B
2021-06-10T10:41:02,100.0,34.65,B
2021-06-10T10:41:02,100.0,34.65,B
2021-06-10T10:41:01,100.0,34.65,B
2021-06-10T10:40:48,100.0,34.6,S
2021-06-10T10:40:47,500.0,34.65,B
2021-06-10T10:40:42,100.0,34.65,B
2021-06-10T10:40:37,100.0,34.65,B
2021-06-10T10:40:26,3000.0,34.65,B
2021-06-10T10:40:23,100.0,34.65,B
2021-06-10T10:40:08,5000.0,34.65,B
2021-06-10T10:39:59,500.0,34.65,B
2021-06-10T10:39:54,1200.0,34.65,B
2021-06-10T10:39:41,30000.0,34.6,S
2021-06-10T10:39:38,7000.0,34.6,S
2021-06-10T10:39:33,600.0,34.65,B
2021-06-10T10:39:27,5000.0,34.6,S
2021-06-10T10:39:21,600.0,34.65,B
2021-06-10T10:39:20,100.0,34.65,B
2021-06-10T10:39:20,200.0,34.65,B
2021-06-10T10:39:09,800.0,34.65,B
2021-06-10T10:39:06,1500.0,34.65,B
2021-06-10T10:38:57,300.0,34.65,B
2021-06-10T10:38:54,100.0,34.65,B
2021-06-10T10:38:51,1000.0,34.65,B
2021-06-10T10:38:34,1000.0,34.65,B
2021-06-10T10:38:31,100.0,34.65,B
2021-06-10T10:38:30,400.0,34.6,S
2021-06-10T10:38:26,200.0,34.65,B
2021-06-10T10:38:22,100.0,34.65,B
2021-06-10T10:38:17,1000.0,34.65,B
2021-06-10T10:38:16,100.0,34.65,B
2021-06-10T10:38:15,10000.0,34.6,S
2021-06-10T10:38:15,500.0,34.65,B
2021-06-10T10:38:09,300.0,34.65,B
2021-06-10T10:38:05,100.0,34.65,B
2021-06-10T10:38:05,100.0,34.65,B
2021-06-10T10:38:03,100.0,34.65,B
2021-06-10T10:38:02,3000.0,34.65,B
2021-06-10T10:38:00,200.0,34.65,B
2021-06-10T10:37:51,700.0,34.65,B
2021-06-10T10:37:50,3300.0,34.65,B
2021-06-10T10:37:47,200.0,34.65,B
2021-06-10T10:37:37,5000.0,34.65,B
2021-06-10T10:37:32,600.0,34.65,B
2021-06-10T10:37:32,5400.0,34.65,B
2021-06-10T10:37:31,2700.0,34.65,B
2021-06-10T10:37:31,100.0,34.65,B
2021-06-10T10:37:30,500.0,34.65,B
2021-06-10T10:37:29,100.0,34.65,B
2021-06-10T10:37:18,200.0,34.65,B
2021-06-10T10:37:12,400.0,34.6,S
2021-06-10T10:37:10,1900.0,34.65,B
2021-06-10T10:37:06,500.0,34.65,B
2021-06-10T10:37:01,100.0,34.65,B
2021-06-10T10:36:56,2000.0,34.65,B
2021-06-10T10:36:55,1000.0,34.65,B
2021-06-10T10:36:53,2000.0,34.65,B
2021-06-10T10:36:51,300.0,34.6,S
2021-06-10T10:36:50,200.0,34.65,B
2021-06-10T10:36:44,200.0,34.65,B
2021-06-10T10:36:39,1500.0,34.65,B
2021-06-10T10:36:37,2000.0,34.6,S
2021-06-10T10:36:37,100.0,34.6,S
2021-06-10T10:36:33,200.0,34.65,B
2021-06-10T10:36:28,1500.0,34.65,B
2021-06-10T10:36:21,900.0,34.65,B
2021-06-10T10:36:21,100.0,34.65,B
2021-06-10T10:36:15,300.0,34.65,B
2021-06-10T10:36:09,100.0,34.65,B
2021-06-10T10:36:07,700.0,34.65,B
2021-06-10T10:36:07,200.0,34.65,B
2021-06-10T10:36:06,400.0,34.65,B
2021-06-10T10:36:06,1800.0,34.65,B
2021-06-10T10:36:06,200.0,34.65,B
2021-06-10T10:36:05,200.0,34.65,B
2021-06-10T10:36:05,200.0,34.65,B
2021-06-10T10:36:01,1000.0,34.6,S
2021-06-10T10:35:58,1000.0,34.65,B
2021-06-10T10:35:56,400.0,34.65,B
2021-06-10T10:35:53,100.0,34.65,B
2021-06-10T10:35:51,200.0,34.65,B
2021-06-10T10:35:45,400.0,34.65,B
2021-06-10T10:35:43,2000.0,34.6,S
2021-06-10T10:35:41,1000.0,34.65,B
2021-06-10T10:35:39,5000.0,34.6,S
2021-06-10T10:35:33,800.0,34.65,B
2021-06-10T10:35:32,700.0,34.65,B
2021-06-10T10:35:29,3000.0,34.6,S
2021-06-10T10:35:27,200.0,34.65,B
2021-06-10T10:35:23,1000.0,34.65,B
2021-06-10T10:35:20,3000.0,34.6,S
2021-06-10T10:35:14,8000.0,34.65,B
2021-06-10T10:35:08,100.0,34.65,B
2021-06-10T10:35:06,200.0,34.65,B
2021-06-10T10:35:02,200.0,34.65,B
2021-06-10T10:34:59,200.0,34.65,B
2021-06-10T10:34:51,100.0,34.6,S
2021-06-10T10:34:51,200.0,34.65,B
2021-06-10T10:34:51,1000.0,34.6,S
2021-06-10T10:34:47,12800.0,34.65,B
2021-06-10T10:34:43,200.0,34.65,B
2021-06-10T10:34:42,100.0,34.65,B
2021-06-10T10:34:30,200.0,34.65,B
2021-06-10T10:34:24,2000.0,34.6,S
2021-06-10T10:34:23,2000.0,34.65,B
2021-06-10T10:34:20,8000.0,34.65,B
2021-06-10T10:34:20,1000.0,34.65,B
2021-06-10T10:34:18,500.0,34.65,B
2021-06-10T10:34:13,200.0,34.65,B
2021-06-10T10:34:06,200.0,34.65,B
2021-06-10T10:34:02,200.0,34.65,B
2021-06-10T10:34:00,200.0,34.65,B
2021-06-10T10:33:58,5000.0,34.6,S
2021-06-10T10:33:49,1400.0,34.65,B
2021-06-10T10:33:45,200.0,34.65,B
2021-06-10T10:33:45,200.0,34.65,B
2021-06-10T10:33:44,100.0,34.65,B
2021-06-10T10:33:33,10600.0,34.65,B
2021-06-10T10:33:30,100.0,34.6,S
2021-06-10T10:33:24,1000.0,34.65,B
2021-06-10T10:33:24,300.0,34.65,B
2021-06-10T10:33:20,1000.0,34.65,B
2021-06-10T10:33:19,1000.0,34.65,B
2021-06-10T10:33:15,300.0,34.65,B
2021-06-10T10:33:11,200.0,34.65,B
2021-06-10T10:33:10,100.0,34.6,S
2021-06-10T10:32:56,2000.0,34.65,B
2021-06-10T10:32:49,100.0,34.65,B
2021-06-10T10:32:44,100.0,34.65,B
2021-06-10T10:32:40,800.0,34.6,S
2021-06-10T10:32:30,100.0,34.65,B
2021-06-10T10:32:01,1000.0,34.65,B
2021-06-10T10:32:00,600.0,34.6,S
2021-06-10T10:31:54,600.0,34.65,B
2021-06-10T10:31:51,100.0,34.65,B
2021-06-10T10:31:50,1000.0,34.6,S
2021-06-10T10:31:43,300.0,34.65,B
2021-06-10T10:31:36,1200.0,34.6,S
2021-06-10T10:31:29,500.0,34.65,B
2021-06-10T10:31:23,1000.0,34.65,B
2021-06-10T10:31:14,500.0,34.65,B
2021-06-10T10:31:12,100.0,34.65,B
2021-06-10T10:31:09,300.0,34.65,B
2021-06-10T10:30:57,100.0,34.6,S
2021-06-10T10:30:57,100.0,34.6,S
2021-06-10T10:30:55,200.0,34.65,B
2021-06-10T10:30:50,100.0,34.65,B
2021-06-10T10:30:48,1000.0,34.65,B
2021-06-10T10:30:47,500.0,34.6,S
2021-06-10T10:30:43,5000.0,34.65,B
2021-06-10T10:30:35,200.0,34.65,B
2021-06-10T10:30:32,100.0,34.6,S
2021-06-10T10:30:28,500.0,34.65,B
2021-06-10T10:30:22,300.0,34.65,B
2021-06-10T10:30:17,800.0,34.65,B
2021-06-10T10:30:14,100.0,34.65,B
2021-06-10T10:30:09,1400.0,34.65,B
2021-06-10T10:29:59,100.0,34.65,B
2021-06-10T10:29:57,1400.0,34.65,B
2021-06-10T10:29:54,3500.0,34.6,S
2021-06-10T10:29:54,500.0,34.6,S
2021-06-10T10:29:54,600.0,34.6,S
2021-06-10T10:29:52,100.0,34.6,S
2021-06-10T10:29:52,700.0,34.6,S
2021-06-10T10:29:52,3000.0,34.6,S
2021-06-10T10:29:52,1600.0,34.6,S
2021-06-10T10:29:49,10000.0,34.65,B
2021-06-10T10:29:41,6800.0,34.65,B
2021-06-10T10:29:37,500.0,34.65,B
2021-06-10T10:29:33,100.0,34.65,B
2021-06-10T10:29:27,11400.0,34.6,S
2021-06-10T10:29:27,7900.0,34.6,S
2021-06-10T10:29:27,500.0,34.6,S
2021-06-10T10:29:27,10200.0,34.6,S
2021-06-10T10:29:14,500.0,34.65,B
2021-06-10T10:29:09,100.0,34.65,B
2021-06-10T10:29:07,100.0,34.65,B
2021-06-10T10:29:07,500.0,34.65,B
2021-06-10T10:29:07,1000.0,34.65,B
2021-06-10T10:29:01,300.0,34.65,B
2021-06-10T10:28:52,1000.0,34.6,S
2021-06-10T10:28:51,300.0,34.65,B
2021-06-10T10:28:49,300.0,34.65,B
2021-06-10T10:28:41,100.0,34.65,B
2021-06-10T10:28:39,20000.0,34.65,B
2021-06-10T10:28:35,200.0,34.65,B
2021-06-10T10:28:35,100.0,34.65,B
2021-06-10T10:28:19,100.0,34.65,B
2021-06-10T10:28:15,700.0,34.65,B
2021-06-10T10:28:14,500.0,34.6,S
2021-06-10T10:28:13,3000.0,34.6,S
2021-06-10T10:28:13,1500.0,34.65,B
2021-06-10T10:28:09,200.0,34.65,B
2021-06-10T10:28:06,2000.0,34.6,S
2021-06-10T10:28:04,500.0,34.65,B
2021-06-10T10:27:56,100.0,34.65,B
2021-06-10T10:27:51,1000.0,34.6,S
2021-06-10T10:27:50,1000.0,34.65,B
2021-06-10T10:27:47,1000.0,34.65,B
2021-06-10T10:27:47,500.0,34.6,S
2021-06-10T10:27:47,500.0,34.6,S
2021-06-10T10:27:36,100.0,34.65,B
2021-06-10T10:27:25,200.0,34.65,B
2021-06-10T10:27:16,800.0,34.65,B
2021-06-10T10:27:11,100.0,34.65,S
2021-06-10T10:27:00,500.0,34.65,S
2021-06-10T10:27:00,1800.0,34.65,S
2021-06-10T10:26:59,300.0,34.65,S
2021-06-10T10:26:59,4100.0,34.65,S
2021-06-10T10:26:59,1100.0,34.65,S
2021-06-10T10:26:59,34400.0,34.65,S
2021-06-10T10:26:52,1000.0,34.7,S
2021-06-10T10:26:48,100.0,34.7,S
2021-06-10T10:26:39,400.0,34.65,S
2021-06-10T10:26:39,600.0,34.65,S
2021-06-10T10:26:38,9000.0,34.65,S
2021-06-10T10:26:35,200.0,34.7,S
2021-06-10T10:26:33,800.0,34.75,B
2021-06-10T10:26:30,6300.0,34.7,S
2021-06-10T10:26:21,900.0,34.75,B
2021-06-10T10:26:21,200.0,34.7,S
2021-06-10T10:26:18,200.0,34.75,B
2021-06-10T10:26:06,4000.0,34.7,S
2021-06-10T10:26:04,200.0,34.75,B
2021-06-10T10:26:01,12000.0,34.7,S
2021-06-10T10:25:54,500.0,34.7,S
2021-06-10T10:25:52,3100.0,34.7,S
2021-06-10T10:25:52,500.0,34.7,S
2021-06-10T10:25:52,600.0,34.7,S
2021-06-10T10:25:52,300.0,34.7,S
2021-06-10T10:25:52,400.0,34.7,S
2021-06-10T10:25:52,5100.0,34.7,S
2021-06-10T10:25:52,1000.0,34.75,B
2021-06-10T10:25:48,100.0,34.75,B
2021-06-10T10:25:44,1600.0,34.7,S
2021-06-10T10:25:44,1000.0,34.7,S
2021-06-10T10:25:44,1100.0,34.7,S
2021-06-10T10:25:44,6300.0,34.7,S
2021-06-10T10:25:35,300.0,34.75,B
2021-06-10T10:25:32,100.0,34.75,B
2021-06-10T10:25:31,100.0,34.75,B
2021-06-10T10:25:25,300.0,34.75,B
2021-06-10T10:25:24,700.0,34.7,S
2021-06-10T10:25:24,1400.0,34.7,S
2021-06-10T10:25:24,4500.0,34.7,S
2021-06-10T10:25:24,14000.0,34.7,S
2021-06-10T10:25:21,1400.0,34.75,B
2021-06-10T10:25:19,500.0,34.75,B
2021-06-10T10:25:13,1800.0,34.75,B
2021-06-10T10:25:13,200.0,34.75,B
2021-06-10T10:25:11,2200.0,34.75,B
2021-06-10T10:25:10,100.0,34.75,B
2021-06-10T10:25:02,800.0,34.75,B
2021-06-10T10:25:02,1200.0,34.75,B
2021-06-10T10:25:00,500.0,34.7,S
2021-06-10T10:24:51,200.0,34.75,B
2021-06-10T10:24:47,400.0,34.75,B
2021-06-10T10:24:44,500.0,34.75,B
2021-06-10T10:24:39,400.0,34.7,S
2021-06-10T10:24:39,2200.0,34.75,B
2021-06-10T10:24:37,100.0,34.75,B
2021-06-10T10:24:34,300.0,34.75,B
2021-06-10T10:24:30,100.0,34.7,S
2021-06-10T10:24:27,3000.0,34.7,S
2021-06-10T10:24:25,100.0,34.75,B
2021-06-10T10:24:24,50000.0,34.7,S
2021-06-10T10:24:22,5000.0,34.7,S
2021-06-10T10:24:22,2000.0,34.7,S
2021-06-10T10:24:21,100.0,34.75,B
2021-06-10T10:24:19,400.0,34.75,B
2021-06-10T10:24:13,100.0,34.75,B
2021-06-10T10:24:11,1500.0,34.75,B
2021-06-10T10:24:02,100.0,34.75,B
2021-06-10T10:23:58,500.0,34.75,B
2021-06-10T10:23:47,500.0,34.75,B
2021-06-10T10:23:46,300.0,34.75,B
2021-06-10T10:23:36,2000.0,34.75,S
2021-06-10T10:23:29,1800.0,34.75,S
2021-06-10T10:23:29,3500.0,34.75,S
2021-06-10T10:23:24,1000.0,34.75,S
2021-06-10T10:23:23,1000.0,34.75,S
2021-06-10T10:23:21,1500.0,34.75,S
2021-06-10T10:23:16,1000.0,34.75,S
2021-06-10T10:23:15,2000.0,34.75,S
2021-06-10T10:23:13,100.0,34.75,S
2021-06-10T10:23:13,10000.0,34.7,S
2021-06-10T10:23:06,400.0,34.75,S
2021-06-10T10:23:05,1900.0,34.75,S
2021-06-10T10:22:46,1000.0,34.75,S
2021-06-10T10:22:44,500.0,34.75,S
2021-06-10T10:22:44,2600.0,34.75,S
2021-06-10T10:22:44,2100.0,34.75,S
2021-06-10T10:22:41,900.0,34.75,S
2021-06-10T10:22:27,7000.0,34.75,S
2021-06-10T10:22:27,3000.0,34.75,S
2021-06-10T10:22:26,100.0,34.8,B
2021-06-10T10:22:23,100.0,34.8,B
2021-06-10T10:22:21,2500.0,34.75,S
2021-06-10T10:22:19,50000.0,34.8,B
2021-06-10T10:22:14,2000.0,34.75,S
2021-06-10T10:22:12,100.0,34.8,B
2021-06-10T10:22:04,200.0,34.75,S
2021-06-10T10:22:04,1800.0,34.75,S
2021-06-10T10:21:59,1000.0,34.75,S
2021-06-10T10:21:54,100.0,34.8,B
2021-06-10T10:21:52,1600.0,34.8,B
2021-06-10T10:21:50,1000.0,34.8,B
2021-06-10T10:21:49,1000.0,34.75,S
2021-06-10T10:21:49,600.0,34.75,S
2021-06-10T10:21:49,100.0,34.8,B
2021-06-10T10:21:47,1000.0,34.75,S
2021-06-10T10:21:41,100.0,34.8,B
2021-06-10T10:21:39,100.0,34.8,B
2021-06-10T10:21:34,1000.0,34.75,S
2021-06-10T10:21:14,100.0,34.8,B
2021-06-10T10:21:12,100.0,34.8,B
2021-06-10T10:21:07,200.0,34.8,B
2021-06-10T10:21:05,200.0,34.8,B
2021-06-10T10:21:04,900.0,34.8,B
2021-06-10T10:21:03,1300.0,34.8,B
2021-06-10T10:21:03,100.0,34.8,B
2021-06-10T10:20:57,200.0,34.8,B
2021-06-10T10:20:55,2000.0,34.8,B
2021-06-10T10:20:52,200.0,34.8,B
2021-06-10T10:20:50,500.0,34.75,S
2021-06-10T10:20:49,800.0,34.8,B
2021-06-10T10:20:47,100.0,34.8,B
2021-06-10T10:20:32,1000.0,34.8,B
2021-06-10T10:20:26,2600.0,34.8,B
2021-06-10T10:20:25,2700.0,34.8,B
2021-06-10T10:20:22,200.0,34.8,B
2021-06-10T10:20:21,18200.0,34.8,B
2021-06-10T10:20:21,17900.0,34.8,B
2021-06-10T10:20:19,100.0,34.8,B
2021-06-10T10:20:12,500.0,34.8,B
2021-06-10T10:20:07,100.0,34.8,B
2021-06-10T10:19:59,200.0,34.8,B
2021-06-10T10:19:56,1000.0,34.75,S
2021-06-10T10:19:54,500.0,34.8,B
2021-06-10T10:19:52,100.0,34.8,B
2021-06-10T10:19:47,1000.0,34.8,B
2021-06-10T10:19:46,200.0,34.8,B
2021-06-10T10:19:40,300.0,34.8,B
2021-06-10T10:19:38,200.0,34.75,S
2021-06-10T10:19:25,400.0,34.8,B
2021-06-10T10:19:18,1600.0,34.8,B
2021-06-10T10:19:17,10000.0,34.8,B
2021-06-10T10:19:11,600.0,34.75,S
2021-06-10T10:19:06,900.0,34.8,B
2021-06-10T10:19:05,1000.0,34.8,B
2021-06-10T10:19:04,2400.0,34.75,S
2021-06-10T10:19:04,2600.0,34.75,S
2021-06-10T10:18:59,500.0,34.8,B
2021-06-10T10:18:57,100.0,34.8,B
2021-06-10T10:18:57,2800.0,34.8,B
2021-06-10T10:18:53,200.0,34.8,B
2021-06-10T10:18:51,2000.0,34.8,B
2021-06-10T10:18:45,1000.0,34.8,B
2021-06-10T10:18:32,500.0,34.8,B
2021-06-10T10:18:30,700.0,34.8,B
2021-06-10T10:18:30,2300.0,34.8,B
2021-06-10T10:18:19,100.0,34.8,B
2021-06-10T10:18:18,1000.0,34.75,S
2021-06-10T10:18:16,3100.0,34.8,B
2021-06-10T10:18:14,800.0,34.8,B
2021-06-10T10:18:13,2000.0,34.8,S
2021-06-10T10:18:06,1800.0,34.8,S
2021-06-10T10:18:05,1000.0,34.75,S
2021-06-10T10:18:04,1000.0,34.8,S
2021-06-10T10:18:03,1600.0,34.8,S
2021-06-10T10:18:02,100.0,34.8,S
2021-06-10T10:18:01,1100.0,34.8,S
2021-06-10T10:18:00,100.0,34.8,S
2021-06-10T10:17:57,1100.0,34.8,S
2021-06-10T10:17:57,2100.0,34.8,S
2021-06-10T10:17:57,1500.0,34.8,S
2021-06-10T10:17:57,2900.0,34.8,S
2021-06-10T10:17:57,2400.0,34.8,S
2021-06-10T10:17:56,500.0,34.85,B
2021-06-10T10:17:40,600.0,34.8,S
2021-06-10T10:17:40,200.0,34.8,S
2021-06-10T10:17:40,900.0,34.8,S
2021-06-10T10:17:40,700.0,34.8,S
2021-06-10T10:17:40,1100.0,34.8,S
2021-06-10T10:17:40,4700.0,34.8,S
2021-06-10T10:17:40,300.0,34.8,S
2021-06-10T10:17:40,2100.0,34.8,S
2021-06-10T10:17:38,100.0,34.85,B
2021-06-10T10:17:38,8000.0,34.8,S
2021-06-10T10:17:38,2500.0,34.8,S
2021-06-10T10:17:35,200.0,34.8,S
2021-06-10T10:17:33,700.0,34.8,S
2021-06-10T10:17:29,500.0,34.8,S
2021-06-10T10:17:27,2100.0,34.8,S
2021-06-10T10:17:27,900.0,34.8,S
2021-06-10T10:17:24,900.0,34.85,B
2021-06-10T10:17:21,100.0,34.8,S
2021-06-10T10:17:21,1100.0,34.8,S
2021-06-10T10:17:21,7900.0,34.8,S
2021-06-10T10:17:21,400.0,34.8,S
2021-06-10T10:17:21,800.0,34.8,S
2021-06-10T10:17:21,1000.0,34.8,S
2021-06-10T10:17:21,1200.0,34.8,S
2021-06-10T10:17:15,1000.0,34.8,S
2021-06-10T10:17:13,2900.0,34.8,S
2021-06-10T10:17:13,2500.0,34.8,S
2021-06-10T10:17:13,200.0,34.8,S
2021-06-10T10:17:13,1000.0,34.8,S
2021-06-10T10:17:13,400.0,34.8,S
2021-06-10T10:17:02,2600.0,34.8,S
2021-06-10T10:16:59,10000.0,34.85,B
2021-06-10T10:16:57,500.0,34.85,B
2021-06-10T10:16:51,200.0,34.8,S
2021-06-10T10:16:49,100.0,34.85,B
2021-06-10T10:16:47,100.0,34.85,B
2021-06-10T10:16:43,2200.0,34.8,S
2021-06-10T10:16:41,300.0,34.85,B
2021-06-10T10:16:39,500.0,34.85,B
2021-06-10T10:16:32,200.0,34.85,B
2021-06-10T10:16:30,300.0,34.85,B
2021-06-10T10:16:28,400.0,34.85,B
2021-06-10T10:16:24,100.0,34.85,B
2021-06-10T10:16:19,100.0,34.85,B
2021-06-10T10:16:15,200.0,34.85,B
2021-06-10T10:16:14,100.0,34.85,B
2021-06-10T10:16:11,100.0,34.85,B
2021-06-10T10:16:09,800.0,34.85,B
2021-06-10T10:16:07,500.0,34.85,B
2021-06-10T10:16:01,100.0,34.85,B
2021-06-10T10:15:59,300.0,34.85,B
2021-06-10T10:15:58,200.0,34.8,S
2021-06-10T10:15:58,2100.0,34.85,B
2021-06-10T10:15:56,2900.0,34.85,B
2021-06-10T10:15:54,200.0,34.85,B
2021-06-10T10:15:41,500.0,34.8,S
2021-06-10T10:15:39,600.0,34.85,B
2021-06-10T10:15:39,100.0,34.85,B
2021-06-10T10:15:36,9000.0,34.85,B
2021-06-10T10:15:34,1000.0,34.8,S
2021-06-10T10:15:30,1000.0,34.85,B
2021-06-10T10:15:30,500.0,34.8,S
2021-06-10T10:15:16,2000.0,34.8,S
2021-06-10T10:15:15,400.0,34.85,B
2021-06-10T10:15:15,200.0,34.85,B
2021-06-10T10:15:14,200.0,34.85,B
2021-06-10T10:15:03,1100.0,34.8,S
2021-06-10T10:15:01,100.0,34.85,B
2021-06-10T10:15:01,100.0,34.85,B
2021-06-10T10:15:00,100.0,34.85,B
2021-06-10T10:14:59,2000.0,34.85,B
2021-06-10T10:14:53,300.0,34.85,B
2021-06-10T10:14:49,400.0,34.85,B
2021-06-10T10:14:49,300.0,34.85,B
2021-06-10T10:14:42,1000.0,34.85,B
2021-06-10T10:14:41,500.0,34.8,S
2021-06-10T10:14:38,2000.0,34.8,S
2021-06-10T10:14:35,100.0,34.85,B
2021-06-10T10:14:32,100.0,34.85,B
2021-06-10T10:14:32,100.0,34.85,B
2021-06-10T10:14:32,100.0,34.85,B
2021-06-10T10:14:24,1300.0,34.85,B
2021-06-10T10:14:24,300.0,34.85,B
2021-06-10T10:14:24,100.0,34.85,B
2021-06-10T10:14:20,100.0,34.85,B
2021-06-10T10:14:20,1000.0,34.85,B
2021-06-10T10:14:20,100.0,34.85,B
2021-06-10T10:14:20,100.0,34.85,B
2021-06-10T10:14:20,3000.0,34.85,B
2021-06-10T10:14:20,100.0,34.85,B
2021-06-10T10:13:58,400.0,34.85,B
2021-06-10T10:13:58,100.0,34.85,B
2021-06-10T10:13:58,1000.0,34.85,B
2021-06-10T10:13:58,200.0,34.85,B
2021-06-10T10:13:58,100.0,34.85,B
2021-06-10T10:13:58,200.0,34.85,B
2021-06-10T10:13:58,100.0,34.85,B
2021-06-10T10:13:58,100.0,34.85,B
2021-06-10T10:13:56,500.0,34.85,B
2021-06-10T10:13:56,100.0,34.85,B
2021-06-10T10:13:56,400.0,34.85,B
2021-06-10T10:13:56,200.0,34.85,B
2021-06-10T10:13:56,100.0,34.85,B
2021-06-10T10:13:56,400.0,34.85,B
2021-06-10T10:13:42,100.0,34.8,S
2021-06-10T10:13:42,100.0,34.85,B
2021-06-10T10:13:28,200.0,34.85,B
2021-06-10T10:13:17,1000.0,34.85,S
2021-06-10T10:13:15,100.0,34.85,S
2021-06-10T10:13:09,800.0,34.9,B
2021-06-10T10:13:02,300.0,34.85,S
2021-06-10T10:13:02,500.0,34.85,S
2021-06-10T10:13:01,200.0,34.9,B
2021-06-10T10:12:55,40000.0,34.9,B
2021-06-10T10:12:52,8800.0,34.9,B
2021-06-10T10:12:52,700.0,34.9,B
2021-06-10T10:12:52,1300.0,34.9,B
2021-06-10T10:12:52,2400.0,34.9,B
2021-06-10T10:12:52,300.0,34.9,B
2021-06-10T10:12:52,3400.0,34.9,B
2021-06-10T10:12:52,26000.0,34.9,B
2021-06-10T10:12:52,12200.0,34.9,B
2021-06-10T10:12:52,5100.0,34.9,B
2021-06-10T10:12:52,100.0,34.9,B
2021-06-10T10:12:52,700.0,34.9,B
2021-06-10T10:12:52,200.0,34.9,B
2021-06-10T10:12:52,1900.0,34.9,B
2021-06-10T10:12:52,3100.0,34.9,B
2021-06-10T10:12:51,33800.0,34.9,B
2021-06-10T10:12:44,71400.0,34.8,S
2021-06-10T10:12:44,400.0,34.8,S
2021-06-10T10:12:44,4100.0,34.8,S
2021-06-10T10:12:44,5000.0,34.8,S
2021-06-10T10:12:44,200.0,34.8,S
2021-06-10T10:12:44,2200.0,34.8,S
2021-06-10T10:12:43,200.0,34.8,S
2021-06-10T10:12:43,16500.0,34.8,S
2021-06-10T10:12:37,1000.0,34.9,B
2021-06-10T10:12:31,5500.0,34.8,S
2021-06-10T10:12:31,3700.0,34.8,S
2021-06-10T10:12:31,800.0,34.85,S
2021-06-10T10:12:31,400.0,34.85,S
2021-06-10T10:12:31,100.0,34.85,S
2021-06-10T10:12:29,300.0,34.9,B
2021-06-10T10:12:25,100.0,34.9,B
2021-06-10T10:12:14,200.0,34.9,B
2021-06-10T10:12:12,900.0,34.8,S
2021-06-10T10:12:12,1400.0,34.85,S
2021-06-10T10:12:12,7700.0,34.85,S
2021-06-10T10:12:10,2000.0,34.85,S
2021-06-10T10:12:09,200.0,34.9,B
2021-06-10T10:12:04,200.0,34.9,B
2021-06-10T10:12:03,10000.0,34.85,S
2021-06-10T10:11:55,300.0,34.9,B
2021-06-10T10:11:52,500.0,34.9,B
2021-06-10T10:11:43,1000.0,34.85,S
2021-06-10T10:11:43,200.0,34.85,S
2021-06-10T10:11:41,3000.0,34.9,B
2021-06-10T10:11:35,600.0,34.8,S
2021-06-10T10:11:35,900.0,34.8,S
2021-06-10T10:11:35,3500.0,34.8,S
2021-06-10T10:11:35,600.0,34.9,B
2021-06-10T10:11:34,1000.0,34.9,B
2021-06-10T10:11:30,200.0,34.85,S
2021-06-10T10:11:28,600.0,34.85,S
2021-06-10T10:11:27,100.0,34.9,B
2021-06-10T10:11:24,500.0,34.85,S
2021-06-10T10:11:14,100.0,34.85,S
2021-06-10T10:11:11,200.0,34.85,S
2021-06-10T10:11:07,300.0,34.8,S
2021-06-10T10:11:05,2000.0,34.8,S
2021-06-10T10:10:57,2000.0,34.9,B
2021-06-10T10:10:54,100.0,34.85,S
2021-06-10T10:10:54,100.0,34.85,S
2021-06-10T10:10:51,100.0,34.85,S
2021-06-10T10:10:50,100.0,34.85,S
2021-06-10T10:10:49,700.0,34.85,S
2021-06-10T10:10:45,600.0,34.9,B
2021-06-10T10:10:45,100.0,34.85,S
2021-06-10T10:10:44,300.0,34.85,S
2021-06-10T10:10:44,4700.0,34.85,S
2021-06-10T10:10:43,100.0,34.85,S
2021-06-10T10:10:42,1300.0,34.8,S
2021-06-10T10:10:42,3700.0,34.8,S
2021-06-10T10:10:39,200.0,34.85,S
2021-06-10T10:10:38,100.0,34.85,S
2021-06-10T10:10:35,6300.0,34.8,S
2021-06-10T10:10:35,11700.0,34.8,S
2021-06-10T10:10:31,1000.0,34.85,S
2021-06-10T10:10:31,200.0,34.85,S
2021-06-10T10:10:26,100.0,34.85,S
2021-06-10T10:10:26,600.0,34.85,S
2021-06-10T10:10:24,1400.0,34.9,B
2021-06-10T10:10:23,900.0,34.8,S
2021-06-10T10:10:23,800.0,34.8,S
2021-06-10T10:10:23,1000.0,34.8,S
2021-06-10T10:10:23,600.0,34.8,S
2021-06-10T10:10:23,200.0,34.8,S
2021-06-10T10:10:23,900.0,34.8,S
2021-06-10T10:10:23,300.0,34.85,S
2021-06-10T10:10:23,2100.0,34.85,S
2021-06-10T10:10:22,3200.0,34.85,S
2021-06-10T10:10:21,1000.0,34.9,B
2021-06-10T10:10:16,1000.0,34.9,B
2021-06-10T10:10:16,100.0,34.9,B
2021-06-10T10:10:14,2000.0,34.85,S
2021-06-10T10:10:12,1000.0,34.85,B
2021-06-10T10:10:07,300.0,34.9,B
2021-06-10T10:10:03,200.0,34.9,B
2021-06-10T10:09:58,4300.0,34.85,B
2021-06-10T10:09:52,5700.0,34.85,S
2021-06-10T10:09:52,100.0,34.9,B
2021-06-10T10:09:49,800.0,34.85,S
2021-06-10T10:09:49,1200.0,34.85,S
2021-06-10T10:09:46,1000.0,34.9,B
2021-06-10T10:09:42,4000.0,34.85,S
2021-06-10T10:09:38,1000.0,34.9,B
2021-06-10T10:09:36,400.0,34.9,B
2021-06-10T10:09:36,8500.0,34.9,B
2021-06-10T10:09:36,6000.0,34.9,B
2021-06-10T10:09:36,5700.0,34.9,B
2021-06-10T10:09:36,23900.0,34.9,B
2021-06-10T10:09:36,3300.0,34.9,B
2021-06-10T10:09:36,1200.0,34.9,B
2021-06-10T10:09:35,1000.0,34.9,B
2021-06-10T10:09:31,100.0,34.9,B
2021-06-10T10:09:17,7000.0,34.9,B
2021-06-10T10:09:14,10000.0,34.85,S
2021-06-10T10:09:11,2000.0,34.85,B
2021-06-10T10:09:09,1000.0,34.9,B
2021-06-10T10:09:02,4600.0,34.85,B
2021-06-10T10:09:01,500.0,34.85,B
2021-06-10T10:08:57,500.0,34.8,S
2021-06-10T10:08:54,200.0,34.85,S
2021-06-10T10:08:49,500.0,34.9,B
2021-06-10T10:08:49,700.0,34.9,B
2021-06-10T10:08:49,1500.0,34.8,S
2021-06-10T10:08:49,2500.0,34.8,S
2021-06-10T10:08:48,100.0,34.85,S
2021-06-10T10:08:41,200.0,34.85,B
2021-06-10T10:08:39,3000.0,34.85,B
2021-06-10T10:08:38,1000.0,34.8,S
2021-06-10T10:08:34,500.0,34.85,B
2021-06-10T10:08:30,3500.0,34.85,B
2021-06-10T10:08:26,100.0,34.85,B
2021-06-10T10:08:26,1400.0,34.85,B
2021-06-10T10:08:26,1000.0,34.85,B
2021-06-10T10:08:22,300.0,34.9,B
2021-06-10T10:08:22,4000.0,34.85,B
2021-06-10T10:08:22,3600.0,34.85,B
2021-06-10T10:08:18,900.0,34.85,B
2021-06-10T10:08:15,200.0,34.85,B
2021-06-10T10:08:11,1000.0,34.85,B
2021-06-10T10:08:11,1000.0,34.8,S
2021-06-10T10:08:11,2000.0,34.85,B
2021-06-10T10:08:10,100.0,34.85,B
2021-06-10T10:08:06,1000.0,34.85,B
2021-06-10T10:07:54,4000.0,34.8,S
2021-06-10T10:07:52,3000.0,34.85,B
2021-06-10T10:07:48,300.0,34.8,S
2021-06-10T10:07:47,100.0,34.85,B
2021-06-10T10:07:44,18000.0,34.8,S
2021-06-10T10:07:44,100.0,34.85,B
2021-06-10T10:07:43,1000.0,34.8,S
2021-06-10T10:07:43,1000.0,34.8,S
2021-06-10T10:07:41,400.0,34.85,B
2021-06-10T10:07:40,100.0,34.85,B
2021-06-10T10:07:39,4300.0,34.85,B
2021-06-10T10:07:34,1000.0,34.8,S
2021-06-10T10:07:33,100.0,34.85,B
2021-06-10T10:07:27,500.0,34.85,B
2021-06-10T10:07:27,1200.0,34.85,B
2021-06-10T10:07:26,3000.0,34.8,S
2021-06-10T10:07:26,1000.0,34.85,B
2021-06-10T10:07:21,2000.0,34.85,B
2021-06-10T10:07:21,7100.0,34.85,B
