tradingTime,volume,price,side
2021-06-10T14:29:43,100.0,14.4,B
2021-06-10T14:29:03,1700.0,14.3,S
2021-06-10T14:28:55,1000.0,14.3,B
2021-06-10T14:28:22,100.0,14.3,B
2021-06-10T14:28:16,9200.0,14.3,B
2021-06-10T14:27:19,4600.0,14.3,S
2021-06-10T14:26:59,1500.0,14.3,S
2021-06-10T14:26:39,1000.0,14.4,B
2021-06-10T14:22:56,500.0,14.4,B
2021-06-10T14:20:55,100.0,14.4,B
2021-06-10T14:20:50,200.0,14.4,S
2021-06-10T14:20:49,7400.0,14.4,B
2021-06-10T14:20:12,1000.0,14.4,S
2021-06-10T14:19:02,700.0,14.4,S
2021-06-10T14:19:00,1000.0,14.5,B
2021-06-10T14:18:50,1000.0,14.4,S
2021-06-10T14:13:26,1000.0,14.5,B
2021-06-10T14:13:18,1900.0,14.4,S
2021-06-10T14:12:39,200.0,14.4,B
2021-06-10T14:12:00,49800.0,14.4,S
2021-06-10T14:11:33,200.0,14.5,B
2021-06-10T14:10:50,500.0,14.5,S
2021-06-10T14:10:45,1000.0,14.5,S
2021-06-10T14:09:29,2000.0,14.5,S
2021-06-10T14:09:22,200.0,14.6,B
2021-06-10T14:08:17,200.0,14.6,B
2021-06-10T14:08:10,3000.0,14.5,S
2021-06-10T14:08:06,1000.0,14.5,S
2021-06-10T14:08:02,100.0,14.5,S
2021-06-10T14:08:02,100.0,14.5,S
2021-06-10T14:06:37,7100.0,14.5,B
2021-06-10T14:06:23,2500.0,14.5,B
2021-06-10T14:06:11,100.0,14.5,B
2021-06-10T14:06:06,100.0,14.5,B
2021-06-10T14:05:56,200.0,14.5,B
2021-06-10T14:05:33,500.0,14.5,B
2021-06-10T14:05:11,400.0,14.5,B
2021-06-10T14:05:04,5000.0,14.5,B
2021-06-10T14:04:41,1000.0,14.4,S
2021-06-10T14:04:26,2000.0,14.5,B
2021-06-10T14:02:40,500.0,14.4,S
2021-06-10T14:01:11,2900.0,14.4,S
2021-06-10T14:01:01,700.0,14.4,B
2021-06-10T14:00:44,1100.0,14.3,S
2021-06-10T13:58:19,11700.0,14.3,S
2021-06-10T13:57:52,100.0,14.3,B
2021-06-10T13:57:49,100.0,14.3,B
2021-06-10T13:57:01,5900.0,14.3,S
2021-06-10T13:56:59,1000.0,14.3,S
2021-06-10T13:55:55,400.0,14.4,S
2021-06-10T13:55:17,100.0,14.4,S
2021-06-10T13:54:37,5000.0,14.4,S
2021-06-10T13:53:43,100.0,14.4,S
2021-06-10T13:53:34,100.0,14.5,B
2021-06-10T13:51:42,300.0,14.5,B
2021-06-10T13:50:20,200.0,14.5,B
2021-06-10T13:49:21,1000.0,14.5,B
2021-06-10T13:49:07,500.0,14.5,B
2021-06-10T13:46:32,200.0,14.5,B
2021-06-10T13:46:19,1100.0,14.5,B
2021-06-10T13:45:15,1000.0,14.5,B
2021-06-10T13:42:40,1000.0,14.3,S
2021-06-10T13:39:41,1000.0,14.3,S
2021-06-10T13:39:26,3000.0,14.3,B
2021-06-10T13:39:00,100.0,14.3,B
2021-06-10T13:38:56,100.0,14.3,B
2021-06-10T13:38:26,12600.0,14.3,S
2021-06-10T13:37:21,2800.0,14.4,B
2021-06-10T13:37:10,6200.0,14.4,S
2021-06-10T13:35:44,47600.0,14.5,B
2021-06-10T13:35:00,1000.0,14.5,S
2021-06-10T13:34:08,1100.0,14.6,B
2021-06-10T13:33:57,6500.0,14.6,S
2021-06-10T13:33:49,5500.0,14.6,B
2021-06-10T13:33:40,1000.0,14.6,B
2021-06-10T13:32:54,1000.0,14.6,B
2021-06-10T13:32:34,18400.0,14.6,B
2021-06-10T13:32:27,1000.0,14.5,S
2021-06-10T13:32:25,500.0,14.6,B
2021-06-10T13:32:07,10000.0,14.6,B
2021-06-10T13:31:41,2000.0,14.5,S
2021-06-10T13:30:34,1500.0,14.5,S
2021-06-10T13:30:25,9500.0,14.5,S
2021-06-10T13:30:11,1000.0,14.5,S
2021-06-10T13:27:14,1000.0,14.5,S
2021-06-10T13:26:38,100.0,14.6,B
2021-06-10T13:26:04,100.0,14.6,B
2021-06-10T13:25:57,9400.0,14.6,B
2021-06-10T13:25:50,1000.0,14.6,B
2021-06-10T13:25:00,1000.0,14.6,B
2021-06-10T13:24:52,500.0,14.6,B
2021-06-10T13:24:27,4000.0,14.5,B
2021-06-10T13:24:20,2000.0,14.5,B
2021-06-10T13:24:12,2000.0,14.5,B
2021-06-10T13:24:08,6500.0,14.5,B
2021-06-10T13:24:03,300.0,14.5,B
2021-06-10T13:23:47,500.0,14.5,B
2021-06-10T13:23:06,800.0,14.5,B
2021-06-10T13:23:02,100.0,14.4,S
2021-06-10T13:23:01,10000.0,14.5,B
2021-06-10T13:21:25,1000.0,14.4,S
2021-06-10T13:21:20,500.0,14.4,S
2021-06-10T13:21:12,5000.0,14.4,S
2021-06-10T13:21:04,200.0,14.4,S
2021-06-10T13:20:16,300.0,14.4,S
2021-06-10T13:19:52,4800.0,14.4,B
2021-06-10T13:19:47,2000.0,14.4,B
2021-06-10T13:19:16,200.0,14.3,B
2021-06-10T13:19:08,2300.0,14.3,S
2021-06-10T13:19:04,600.0,14.4,B
2021-06-10T13:17:20,3000.0,14.3,B
2021-06-10T13:17:18,1100.0,14.4,B
2021-06-10T13:16:55,100.0,14.3,B
2021-06-10T13:16:47,600.0,14.3,B
2021-06-10T13:16:45,1400.0,14.3,B
2021-06-10T13:16:26,200.0,14.3,B
2021-06-10T13:15:07,2000.0,14.2,S
2021-06-10T13:14:57,2000.0,14.2,S
2021-06-10T13:14:54,1800.0,14.2,S
2021-06-10T13:13:39,100.0,14.2,S
2021-06-10T13:13:11,3000.0,14.2,S
2021-06-10T13:12:30,2000.0,14.2,S
2021-06-10T13:12:28,2500.0,14.3,B
2021-06-10T13:12:24,200.0,14.3,B
2021-06-10T13:12:07,200.0,14.3,B
2021-06-10T13:11:21,300.0,14.3,B
2021-06-10T13:11:17,1000.0,14.2,S
2021-06-10T13:10:07,7200.0,14.2,S
2021-06-10T13:09:54,600.0,14.1,S
2021-06-10T13:09:08,100.0,14.2,B
2021-06-10T13:08:50,1000.0,14.1,S
2021-06-10T13:08:36,900.0,14.1,S
2021-06-10T13:08:21,28500.0,14.1,S
2021-06-10T13:07:58,1000.0,14.1,S
2021-06-10T13:07:21,47300.0,14.2,B
2021-06-10T13:06:58,9100.0,14.3,B
2021-06-10T13:05:40,1000.0,14.4,B
2021-06-10T13:05:35,400.0,14.4,B
2021-06-10T13:05:17,200.0,14.4,B
2021-06-10T13:04:12,800.0,14.4,B
2021-06-10T13:02:36,21100.0,14.4,S
2021-06-10T13:00:04,1900.0,14.4,B
2021-06-10T13:00:02,700.0,14.4,B
2021-06-10T13:00:02,1000.0,14.4,B
2021-06-10T13:00:01,100.0,14.4,B
2021-06-10T11:29:18,500.0,14.4,B
2021-06-10T11:28:01,100.0,14.4,B
2021-06-10T11:27:46,100.0,14.4,B
2021-06-10T11:27:41,100.0,14.4,B
2021-06-10T11:27:40,500.0,14.3,S
2021-06-10T11:27:35,2200.0,14.3,S
2021-06-10T11:25:52,900.0,14.4,S
2021-06-10T11:25:48,100.0,14.4,S
2021-06-10T11:19:50,15000.0,14.5,S
2021-06-10T11:18:50,100.0,14.5,S
2021-06-10T11:18:22,4400.0,14.5,B
2021-06-10T11:18:03,100.0,14.5,B
2021-06-10T11:17:25,1000.0,14.5,B
2021-06-10T11:17:04,10000.0,14.4,S
2021-06-10T11:16:46,300.0,14.4,S
2021-06-10T11:16:45,500.0,14.5,B
2021-06-10T11:16:02,7200.0,14.5,S
2021-06-10T11:15:16,10800.0,14.5,B
2021-06-10T11:14:49,1000.0,14.5,B
2021-06-10T11:14:00,1900.0,14.5,B
2021-06-10T11:13:17,1000.0,14.5,B
2021-06-10T11:12:39,1000.0,14.5,B
2021-06-10T11:11:21,1000.0,14.5,B
2021-06-10T11:11:18,100.0,14.5,B
2021-06-10T11:11:14,2000.0,14.5,B
2021-06-10T11:10:51,6200.0,14.5,S
2021-06-10T11:09:30,1000.0,14.5,S
2021-06-10T11:08:11,1900.0,14.5,B
2021-06-10T11:07:53,5000.0,14.5,B
2021-06-10T11:07:47,5000.0,14.5,B
2021-06-10T11:05:40,100.0,14.4,S
2021-06-10T11:05:20,200.0,14.4,S
2021-06-10T11:05:15,2800.0,14.4,B
2021-06-10T11:04:55,2400.0,14.3,S
2021-06-10T11:04:34,2300.0,14.4,B
2021-06-10T11:04:08,4900.0,14.2,S
2021-06-10T11:03:26,5000.0,14.2,S
2021-06-10T11:02:07,1000.0,14.3,B
2021-06-10T10:58:43,1400.0,14.2,S
2021-06-10T10:58:19,3000.0,14.2,S
2021-06-10T10:58:10,600.0,14.2,S
2021-06-10T10:58:06,39700.0,14.2,S
2021-06-10T10:57:49,100.0,14.3,S
2021-06-10T10:57:34,500.0,14.3,S
2021-06-10T10:56:54,10000.0,14.3,S
2021-06-10T10:56:45,1100.0,14.3,S
2021-06-10T10:56:39,100.0,14.3,S
2021-06-10T10:56:38,100.0,14.3,S
2021-06-10T10:56:30,18500.0,14.3,S
2021-06-10T10:52:43,2700.0,14.4,S
2021-06-10T10:52:32,2000.0,14.5,B
2021-06-10T10:51:21,2000.0,14.5,B
2021-06-10T10:50:59,2000.0,14.4,S
2021-06-10T10:50:35,200.0,14.4,S
2021-06-10T10:50:26,400.0,14.4,S
2021-06-10T10:50:05,700.0,14.4,S
2021-06-10T10:49:38,300.0,14.4,S
2021-06-10T10:49:09,30000.0,14.4,S
2021-06-10T10:47:43,600.0,14.5,B
2021-06-10T10:47:17,5500.0,14.5,B
2021-06-10T10:46:52,5000.0,14.5,B
2021-06-10T10:46:05,1000.0,14.5,S
2021-06-10T10:43:30,4000.0,14.5,B
2021-06-10T10:42:24,2000.0,14.4,S
2021-06-10T10:42:23,1000.0,14.5,B
2021-06-10T10:39:12,100.0,14.4,S
2021-06-10T10:38:57,100.0,14.4,B
2021-06-10T10:37:54,5000.0,14.4,B
2021-06-10T10:37:49,600.0,14.4,B
2021-06-10T10:37:24,4200.0,14.4,S
2021-06-10T10:36:41,100.0,14.5,B
2021-06-10T10:36:11,1000.0,14.5,B
2021-06-10T10:35:36,2000.0,14.5,B
2021-06-10T10:35:14,100.0,14.5,B
2021-06-10T10:34:50,300.0,14.5,B
2021-06-10T10:33:37,200.0,14.5,B
2021-06-10T10:32:45,2900.0,14.5,B
2021-06-10T10:32:18,3000.0,14.5,B
2021-06-10T10:29:31,500.0,14.5,S
2021-06-10T10:29:28,2800.0,14.5,B
2021-06-10T10:29:22,100.0,14.4,S
2021-06-10T10:29:22,100.0,14.5,B
2021-06-10T10:27:24,1000.0,14.5,B
2021-06-10T10:26:38,500.0,14.5,B
2021-06-10T10:26:34,200.0,14.4,S
2021-06-10T10:25:06,6900.0,14.5,B
2021-06-10T10:24:37,300.0,14.5,S
2021-06-10T10:24:33,20000.0,14.3,S
2021-06-10T10:23:46,500.0,14.5,S
2021-06-10T10:23:31,200.0,14.5,B
2021-06-10T10:23:16,4800.0,14.5,S
2021-06-10T10:23:13,200.0,14.5,S
2021-06-10T10:23:04,10000.0,14.5,S
2021-06-10T10:23:00,1200.0,14.5,S
2021-06-10T10:22:56,400.0,14.5,S
2021-06-10T10:22:02,1000.0,14.5,S
2021-06-10T10:21:05,1000.0,14.5,S
2021-06-10T10:20:34,1000.0,14.5,S
2021-06-10T10:19:29,1500.0,14.5,S
2021-06-10T10:19:13,21100.0,14.5,S
2021-06-10T10:18:36,6800.0,14.6,S
2021-06-10T10:18:34,20000.0,14.6,S
2021-06-10T10:18:17,500.0,14.7,B
2021-06-10T10:17:38,1000.0,14.7,B
2021-06-10T10:16:43,700.0,14.7,S
2021-06-10T10:16:21,19500.0,14.7,S
2021-06-10T10:16:03,500.0,14.7,B
2021-06-10T10:15:30,1000.0,14.7,B
2021-06-10T10:14:58,1000.0,14.7,B
2021-06-10T10:14:29,18000.0,14.7,S
2021-06-10T10:13:58,10000.0,14.8,B
2021-06-10T10:12:43,500.0,14.8,B
2021-06-10T10:09:40,700.0,14.8,B
2021-06-10T10:09:38,1000.0,14.7,S
2021-06-10T10:09:20,200.0,14.8,B
2021-06-10T10:08:34,1400.0,14.8,B
2021-06-10T10:07:21,500.0,14.8,B
2021-06-10T10:06:35,30000.0,14.9,B
2021-06-10T10:06:21,800.0,14.8,B
2021-06-10T10:06:08,300.0,14.8,B
2021-06-10T10:05:53,400.0,14.8,B
2021-06-10T10:05:53,300.0,14.8,B
2021-06-10T10:05:38,1000.0,14.8,B
2021-06-10T10:05:35,1000.0,14.8,B
2021-06-10T10:05:20,40000.0,14.8,B
2021-06-10T10:05:09,50000.0,14.8,B
2021-06-10T10:04:26,300.0,14.8,B
2021-06-10T10:04:09,3000.0,14.8,B
2021-06-10T10:04:04,100.0,14.7,S
2021-06-10T10:03:53,100.0,14.8,B
2021-06-10T10:03:49,300.0,14.8,B
2021-06-10T10:03:45,3500.0,14.8,B
2021-06-10T10:03:33,500.0,14.8,B
2021-06-10T10:02:59,3000.0,14.8,B
2021-06-10T10:02:47,200.0,14.7,S
2021-06-10T10:02:31,100.0,14.7,S
2021-06-10T10:02:30,12900.0,14.7,S
2021-06-10T10:02:09,7000.0,14.7,B
2021-06-10T10:02:04,200.0,14.7,B
2021-06-10T10:01:37,10000.0,14.7,B
2021-06-10T10:01:10,6000.0,14.6,S
2021-06-10T10:01:08,1000.0,14.6,S
2021-06-10T10:00:46,100.0,14.7,B
2021-06-10T10:00:42,3000.0,14.6,S
2021-06-10T10:00:38,300.0,14.6,S
2021-06-10T10:00:34,100.0,14.6,S
2021-06-10T10:00:13,2000.0,14.6,S
2021-06-10T09:59:18,6000.0,14.6,S
2021-06-10T09:59:10,4000.0,14.7,B
2021-06-10T09:58:54,1500.0,14.7,B
2021-06-10T09:58:46,3000.0,14.7,B
2021-06-10T09:58:46,6000.0,14.7,B
2021-06-10T09:57:43,5000.0,14.7,B
2021-06-10T09:57:33,3000.0,14.7,B
2021-06-10T09:57:18,1000.0,14.7,B
2021-06-10T09:57:08,600.0,14.7,B
2021-06-10T09:56:59,400.0,14.6,S
2021-06-10T09:56:53,4000.0,14.6,B
2021-06-10T09:56:42,1500.0,14.6,B
2021-06-10T09:55:56,100.0,14.6,B
2021-06-10T09:55:23,2300.0,14.5,S
2021-06-10T09:55:07,7800.0,14.5,B
2021-06-10T09:55:03,500.0,14.4,S
2021-06-10T09:54:46,600.0,14.5,B
2021-06-10T09:54:43,5000.0,14.5,B
2021-06-10T09:54:42,600.0,14.5,B
2021-06-10T09:54:41,100.0,14.5,B
2021-06-10T09:54:37,700.0,14.5,B
2021-06-10T09:54:30,100.0,14.5,B
2021-06-10T09:54:18,2000.0,14.5,B
2021-06-10T09:53:47,100.0,14.5,B
2021-06-10T09:53:43,1000.0,14.5,B
2021-06-10T09:53:35,1000.0,14.5,B
2021-06-10T09:53:13,6000.0,14.5,B
2021-06-10T09:52:00,700.0,14.3,B
2021-06-10T09:51:58,100.0,14.3,B
2021-06-10T09:51:56,2500.0,14.3,B
2021-06-10T09:51:42,500.0,14.3,B
2021-06-10T09:51:23,100.0,14.3,B
2021-06-10T09:51:02,200.0,14.3,B
2021-06-10T09:50:05,2500.0,14.2,B
2021-06-10T09:50:05,3100.0,14.2,B
2021-06-10T09:49:18,300.0,14.1,S
2021-06-10T09:48:54,100.0,14.1,S
2021-06-10T09:48:26,4500.0,14.1,S
2021-06-10T09:48:19,800.0,14.2,B
2021-06-10T09:48:12,500.0,14.1,S
2021-06-10T09:48:09,100.0,14.1,S
2021-06-10T09:47:45,1000.0,14.1,S
2021-06-10T09:46:32,100.0,14.2,S
2021-06-10T09:46:31,100.0,14.1,S
2021-06-10T09:46:07,1000.0,14.1,S
2021-06-10T09:45:56,3000.0,14.1,S
2021-06-10T09:45:50,100.0,14.1,S
2021-06-10T09:45:21,1500.0,14.2,S
2021-06-10T09:44:29,1000.0,14.2,S
2021-06-10T09:44:28,300.0,14.2,S
2021-06-10T09:44:07,1000.0,14.2,S
2021-06-10T09:44:03,500.0,14.3,B
2021-06-10T09:44:02,1300.0,14.2,S
2021-06-10T09:43:59,100.0,14.3,B
2021-06-10T09:43:38,5000.0,14.3,B
2021-06-10T09:43:36,200.0,14.3,S
2021-06-10T09:43:30,400.0,14.3,S
2021-06-10T09:43:25,2000.0,14.3,S
2021-06-10T09:43:18,3500.0,14.3,S
2021-06-10T09:43:14,1000.0,14.3,S
2021-06-10T09:43:03,3000.0,14.3,S
2021-06-10T09:43:01,700.0,14.3,S
2021-06-10T09:43:00,200.0,14.3,S
2021-06-10T09:42:56,3000.0,14.3,S
2021-06-10T09:42:48,5200.0,14.3,S
2021-06-10T09:42:32,11300.0,14.4,S
2021-06-10T09:42:19,3400.0,14.4,S
2021-06-10T09:42:17,15000.0,14.4,S
2021-06-10T09:42:13,3000.0,14.4,S
2021-06-10T09:42:10,700.0,14.4,S
2021-06-10T09:41:51,400.0,14.4,S
2021-06-10T09:41:22,200.0,14.5,B
2021-06-10T09:41:17,200.0,14.5,B
2021-06-10T09:41:00,100.0,14.5,B
2021-06-10T09:40:24,3200.0,14.5,S
2021-06-10T09:40:23,10200.0,14.5,S
2021-06-10T09:40:20,5000.0,14.5,S
2021-06-10T09:40:01,1100.0,14.5,S
2021-06-10T09:39:52,1500.0,14.5,S
2021-06-10T09:39:49,3800.0,14.5,S
2021-06-10T09:39:42,700.0,14.5,S
2021-06-10T09:39:15,200.0,14.5,S
2021-06-10T09:39:15,3000.0,14.5,S
2021-06-10T09:39:11,1000.0,14.5,S
2021-06-10T09:38:28,800.0,14.5,S
2021-06-10T09:38:16,300.0,14.6,S
2021-06-10T09:38:00,200.0,14.6,S
2021-06-10T09:37:48,100.0,14.6,S
2021-06-10T09:37:40,5000.0,14.6,S
2021-06-10T09:37:38,1000.0,14.6,S
2021-06-10T09:37:14,3400.0,14.6,S
2021-06-10T09:37:12,100.0,14.6,B
2021-06-10T09:37:06,500.0,14.5,S
2021-06-10T09:37:05,1500.0,14.6,S
2021-06-10T09:37:02,200.0,14.6,S
2021-06-10T09:36:47,200.0,14.6,S
2021-06-10T09:36:14,600.0,14.6,S
2021-06-10T09:36:09,200.0,14.6,B
2021-06-10T09:36:04,100.0,14.6,B
2021-06-10T09:35:39,100.0,14.6,B
2021-06-10T09:35:33,25300.0,14.6,S
2021-06-10T09:35:08,10000.0,14.6,S
2021-06-10T09:34:58,2000.0,14.7,B
2021-06-10T09:34:49,1700.0,14.7,B
2021-06-10T09:33:59,100.0,14.7,B
2021-06-10T09:33:42,400.0,14.7,B
2021-06-10T09:33:34,1500.0,14.7,B
2021-06-10T09:33:22,600.0,14.7,B
2021-06-10T09:33:12,100.0,14.7,S
2021-06-10T09:33:10,1000.0,14.7,S
2021-06-10T09:33:08,4000.0,14.7,S
2021-06-10T09:32:57,2000.0,14.7,S
2021-06-10T09:32:52,1000.0,14.7,S
2021-06-10T09:32:50,1000.0,14.7,S
2021-06-10T09:32:44,10500.0,14.7,S
2021-06-10T09:32:37,500.0,14.7,S
2021-06-10T09:32:01,7400.0,14.7,S
2021-06-10T09:31:57,200.0,14.7,S
2021-06-10T09:31:39,300.0,14.7,S
2021-06-10T09:31:35,300.0,14.7,S
2021-06-10T09:31:02,400.0,14.7,S
2021-06-10T09:30:53,200.0,14.7,S
2021-06-10T09:30:31,1000.0,14.8,B
2021-06-10T09:29:56,2200.0,14.8,B
2021-06-10T09:29:55,500.0,14.7,S
2021-06-10T09:29:31,100.0,14.8,B
2021-06-10T09:28:29,8700.0,14.8,S
2021-06-10T09:28:14,3000.0,14.8,S
2021-06-10T09:27:52,2000.0,14.8,S
2021-06-10T09:27:49,500.0,14.9,B
2021-06-10T09:27:24,20000.0,14.9,B
2021-06-10T09:27:13,500.0,14.8,S
2021-06-10T09:27:10,500.0,14.8,S
2021-06-10T09:27:09,2000.0,14.8,S
2021-06-10T09:26:31,22300.0,14.8,B
2021-06-10T09:26:23,1000.0,14.8,B
2021-06-10T09:26:01,600.0,14.8,B
2021-06-10T09:25:04,2000.0,14.7,B
2021-06-10T09:24:59,3000.0,14.7,B
2021-06-10T09:24:53,100.0,14.7,B
2021-06-10T09:24:50,2000.0,14.7,B
2021-06-10T09:24:34,3000.0,14.7,B
2021-06-10T09:24:15,200.0,14.7,B
2021-06-10T09:24:12,2000.0,14.7,B
2021-06-10T09:23:45,13000.0,14.7,B
2021-06-10T09:23:40,1000.0,14.7,B
2021-06-10T09:23:33,100.0,14.7,B
2021-06-10T09:23:26,1000.0,14.7,B
2021-06-10T09:23:02,5000.0,14.7,B
2021-06-10T09:21:49,100.0,14.7,B
2021-06-10T09:21:40,1000.0,14.7,B
2021-06-10T09:21:31,300.0,14.7,B
2021-06-10T09:20:34,6000.0,14.7,B
2021-06-10T09:20:01,1000.0,14.7,B
2021-06-10T09:19:53,200.0,14.7,B
2021-06-10T09:19:47,200.0,14.7,B
2021-06-10T09:19:35,100.0,14.7,B
2021-06-10T09:18:18,300.0,14.6,S
2021-06-10T09:17:34,500.0,14.6,S
2021-06-10T09:17:21,1000.0,14.6,S
2021-06-10T09:17:18,300.0,14.6,S
2021-06-10T09:17:06,100.0,14.7,B
2021-06-10T09:16:58,2000.0,14.6,S
2021-06-10T09:16:56,2000.0,14.7,B
2021-06-10T09:16:43,100.0,14.6,S
2021-06-10T09:16:12,2700.0,14.6,S
2021-06-10T09:15:57,1000.0,14.6,B
2021-06-10T09:15:53,1300.0,14.6,S
2021-06-10T09:15:41,100.0,14.7,B
2021-06-10T09:15:39,1500.0,14.7,B
2021-06-10T09:15:22,500.0,14.7,B
2021-06-10T09:15:10,5000.0,14.7,B
2021-06-10T09:15:06,100.0,14.6,S
2021-06-10T09:14:49,1000.0,14.6,S
2021-06-10T09:14:23,1500.0,14.6,S
2021-06-10T09:14:18,100.0,14.6,S
2021-06-10T09:13:44,100.0,14.6,S
2021-06-10T09:13:33,2000.0,14.6,S
2021-06-10T09:13:05,500.0,14.7,B
2021-06-10T09:13:02,200.0,14.6,S
2021-06-10T09:12:57,1000.0,14.6,S
2021-06-10T09:12:51,100.0,14.6,S
2021-06-10T09:11:17,6100.0,14.6,S
2021-06-10T09:11:04,10000.0,14.6,B
2021-06-10T09:11:00,1000.0,14.6,B
2021-06-10T09:10:33,200.0,14.6,B
2021-06-10T09:10:31,10000.0,14.6,B
2021-06-10T09:09:44,500.0,14.6,B
2021-06-10T09:08:56,2000.0,14.5,S
2021-06-10T09:08:45,3400.0,14.6,B
2021-06-10T09:08:41,200.0,14.5,S
2021-06-10T09:07:30,100.0,14.5,S
2021-06-10T09:07:17,5100.0,14.6,B
2021-06-10T09:07:03,300.0,14.6,S
2021-06-10T09:06:55,200.0,14.7,B
2021-06-10T09:06:50,1000.0,14.6,S
2021-06-10T09:06:20,500.0,14.6,S
2021-06-10T09:05:33,9100.0,14.6,B
2021-06-10T09:05:10,200.0,14.5,B
2021-06-10T09:05:08,600.0,14.5,B
2021-06-10T09:04:53,100.0,14.5,B
2021-06-10T09:04:51,200.0,14.5,B
2021-06-10T09:04:51,1600.0,14.5,B
2021-06-10T09:04:30,200.0,14.5,S
2021-06-10T09:04:29,300.0,14.5,S
2021-06-10T09:04:27,400.0,14.5,S
2021-06-10T09:04:22,500.0,14.5,S
2021-06-10T09:04:12,300.0,14.5,S
2021-06-10T09:04:11,100.0,14.5,S
2021-06-10T09:03:56,500.0,14.5,S
2021-06-10T09:03:50,3600.0,14.6,B
2021-06-10T09:03:28,7000.0,14.6,S
2021-06-10T09:03:20,500.0,14.7,B
2021-06-10T09:03:04,1800.0,14.7,S
2021-06-10T09:03:00,2600.0,14.8,B
2021-06-10T09:02:30,1000.0,14.9,B
2021-06-10T09:02:29,6000.0,14.9,B
2021-06-10T09:02:18,6600.0,14.9,B
2021-06-10T09:02:07,7000.0,14.9,B
2021-06-10T09:02:05,4000.0,14.8,S
2021-06-10T09:01:59,100.0,14.8,S
2021-06-10T09:01:53,100.0,14.8,S
2021-06-10T09:01:52,2000.0,14.8,S
2021-06-10T09:01:33,2000.0,14.8,S
2021-06-10T09:01:33,3600.0,14.9,B
2021-06-10T09:01:31,1000.0,14.8,S
2021-06-10T09:01:30,100.0,14.8,S
2021-06-10T09:01:15,2000.0,14.8,B
2021-06-10T09:01:10,1500.0,14.8,B
2021-06-10T09:01:04,400.0,14.8,B
2021-06-10T09:01:03,100.0,14.8,B
2021-06-10T09:00:57,3400.0,14.7,B
2021-06-10T09:00:48,100.0,14.6,S
2021-06-10T09:00:36,200.0,14.7,S
2021-06-10T09:00:20,600.0,14.8,B
