tradingTime,volume,price,side
2021-06-10T14:29:59,500.0,15.75,S
2021-06-10T14:29:58,1000.0,15.8,B
2021-06-10T14:29:53,1400.0,15.8,B
2021-06-10T14:29:53,4600.0,15.8,B
2021-06-10T14:29:03,500.0,15.8,B
2021-06-10T14:28:16,300.0,15.8,B
2021-06-10T14:28:03,300.0,15.75,S
2021-06-10T14:27:35,300.0,15.75,S
2021-06-10T14:27:25,2500.0,15.75,S
2021-06-10T14:27:06,500.0,15.75,S
2021-06-10T14:26:44,300.0,15.75,S
2021-06-10T14:25:35,600.0,15.75,S
2021-06-10T14:25:27,200.0,15.75,S
2021-06-10T14:25:21,1000.0,15.8,B
2021-06-10T14:24:56,6300.0,15.8,B
2021-06-10T14:24:54,500.0,15.75,S
2021-06-10T14:24:47,500.0,15.75,S
2021-06-10T14:24:39,1500.0,15.75,S
2021-06-10T14:24:23,1500.0,15.75,S
2021-06-10T14:24:12,500.0,15.75,S
2021-06-10T14:24:03,200.0,15.75,S
2021-06-10T14:23:22,100.0,15.75,S
2021-06-10T14:22:38,3000.0,15.75,S
2021-06-10T14:22:32,1900.0,15.8,B
2021-06-10T14:22:32,100.0,15.8,B
2021-06-10T14:20:46,2000.0,15.75,S
2021-06-10T14:20:01,1000.0,15.75,S
2021-06-10T14:19:49,1000.0,15.75,S
2021-06-10T14:19:41,6600.0,15.75,S
2021-06-10T14:19:32,2000.0,15.8,B
2021-06-10T14:19:32,200.0,15.75,S
2021-06-10T14:18:41,1000.0,15.75,S
2021-06-10T14:16:23,100.0,15.8,B
2021-06-10T14:16:13,1500.0,15.75,S
2021-06-10T14:16:00,300.0,15.8,B
2021-06-10T14:15:54,2500.0,15.75,S
2021-06-10T14:15:33,500.0,15.8,B
2021-06-10T14:15:18,3000.0,15.75,S
2021-06-10T14:15:11,500.0,15.8,B
2021-06-10T14:15:10,4700.0,15.75,S
2021-06-10T14:15:10,1300.0,15.75,S
2021-06-10T14:14:55,30000.0,15.8,B
2021-06-10T14:13:22,2700.0,15.75,S
2021-06-10T14:13:15,500.0,15.8,B
2021-06-10T14:13:05,1000.0,15.75,S
2021-06-10T14:12:58,2000.0,15.8,B
2021-06-10T14:12:57,100.0,15.75,S
2021-06-10T14:12:50,100.0,15.75,S
2021-06-10T14:12:07,2000.0,15.75,S
2021-06-10T14:11:45,500.0,15.75,S
2021-06-10T14:11:03,2800.0,15.75,S
2021-06-10T14:10:49,500.0,15.75,S
2021-06-10T14:10:38,100.0,15.75,S
2021-06-10T14:09:56,2000.0,15.75,S
2021-06-10T14:08:38,800.0,15.75,S
2021-06-10T14:08:10,1000.0,15.75,S
2021-06-10T14:08:06,300.0,15.8,B
2021-06-10T14:06:37,500.0,15.8,B
2021-06-10T14:06:10,500.0,15.75,B
2021-06-10T14:06:09,1000.0,15.75,B
2021-06-10T14:05:48,200.0,15.75,B
2021-06-10T14:05:35,500.0,15.75,B
2021-06-10T14:05:12,100.0,15.75,B
2021-06-10T14:04:58,300.0,15.7,S
2021-06-10T14:04:32,100.0,15.75,B
2021-06-10T14:04:22,800.0,15.7,S
2021-06-10T14:04:22,800.0,15.7,S
2021-06-10T14:04:22,8400.0,15.7,S
2021-06-10T14:04:02,1000.0,15.75,S
2021-06-10T14:03:54,800.0,15.75,S
2021-06-10T14:01:57,100.0,15.75,S
2021-06-10T13:59:48,500.0,15.7,S
2021-06-10T13:59:05,1000.0,15.75,S
2021-06-10T13:58:47,2000.0,15.7,S
2021-06-10T13:58:47,2100.0,15.7,S
2021-06-10T13:58:47,9500.0,15.7,S
2021-06-10T13:57:47,100.0,15.75,B
2021-06-10T13:57:26,200.0,15.75,B
2021-06-10T13:56:40,200.0,15.7,S
2021-06-10T13:56:27,700.0,15.75,B
2021-06-10T13:54:25,200.0,15.75,B
2021-06-10T13:54:03,1000.0,15.7,S
2021-06-10T13:53:20,200.0,15.7,S
2021-06-10T13:53:03,200.0,15.75,B
2021-06-10T13:53:03,500.0,15.7,S
2021-06-10T13:52:11,1400.0,15.7,S
2021-06-10T13:52:11,1100.0,15.7,S
2021-06-10T13:52:11,2000.0,15.7,S
2021-06-10T13:52:11,1300.0,15.7,S
2021-06-10T13:52:11,9200.0,15.7,S
2021-06-10T13:51:35,200.0,15.75,B
2021-06-10T13:51:31,100.0,15.75,B
2021-06-10T13:51:13,200.0,15.75,B
2021-06-10T13:51:09,3300.0,15.75,S
2021-06-10T13:51:03,700.0,15.75,S
2021-06-10T13:51:03,4300.0,15.75,S
2021-06-10T13:50:21,4000.0,15.75,S
2021-06-10T13:49:10,4200.0,15.75,S
2021-06-10T13:49:10,1000.0,15.75,S
2021-06-10T13:49:10,6200.0,15.75,S
2021-06-10T13:48:38,800.0,15.8,B
2021-06-10T13:48:20,1300.0,15.8,B
2021-06-10T13:48:04,2000.0,15.8,B
2021-06-10T13:47:32,100.0,15.8,B
2021-06-10T13:46:30,1000.0,15.8,B
2021-06-10T13:45:41,800.0,15.75,S
2021-06-10T13:45:03,1000.0,15.75,S
2021-06-10T13:44:35,3200.0,15.75,S
2021-06-10T13:44:35,100.0,15.75,S
2021-06-10T13:43:15,200.0,15.75,S
2021-06-10T13:42:26,600.0,15.75,S
2021-06-10T13:42:23,2000.0,15.75,S
2021-06-10T13:41:52,4700.0,15.75,S
2021-06-10T13:41:52,5300.0,15.75,S
2021-06-10T13:41:45,200.0,15.8,B
2021-06-10T13:41:12,700.0,15.8,B
2021-06-10T13:41:12,3300.0,15.8,B
2021-06-10T13:41:08,100.0,15.8,B
2021-06-10T13:40:26,1000.0,15.8,B
2021-06-10T13:39:48,2200.0,15.8,B
2021-06-10T13:39:47,200.0,15.75,S
2021-06-10T13:39:11,1000.0,15.8,B
2021-06-10T13:39:01,3500.0,15.8,B
2021-06-10T13:38:58,100.0,15.75,S
2021-06-10T13:38:00,500.0,15.8,S
2021-06-10T13:37:49,500.0,15.8,S
2021-06-10T13:37:44,1000.0,15.8,S
2021-06-10T13:37:21,2000.0,15.8,S
2021-06-10T13:37:17,100.0,15.8,S
2021-06-10T13:36:42,4500.0,15.8,S
2021-06-10T13:36:36,1000.0,15.8,S
2021-06-10T13:36:11,700.0,15.8,B
2021-06-10T13:36:11,100.0,15.8,B
2021-06-10T13:36:11,1200.0,15.8,B
2021-06-10T13:36:11,4000.0,15.8,B
2021-06-10T13:36:11,10600.0,15.8,B
2021-06-10T13:36:11,4600.0,15.8,B
2021-06-10T13:35:34,300.0,15.8,B
2021-06-10T13:34:33,200.0,15.8,B
2021-06-10T13:34:11,100.0,15.8,B
2021-06-10T13:32:45,800.0,15.8,B
2021-06-10T13:32:34,2000.0,15.8,B
2021-06-10T13:32:33,500.0,15.75,S
2021-06-10T13:32:21,800.0,15.8,B
2021-06-10T13:32:13,100.0,15.8,B
2021-06-10T13:32:02,7500.0,15.8,B
2021-06-10T13:32:02,12500.0,15.8,B
2021-06-10T13:31:10,100.0,15.8,B
2021-06-10T13:30:46,500.0,15.8,B
2021-06-10T13:30:29,600.0,15.8,B
2021-06-10T13:30:19,1000.0,15.75,S
2021-06-10T13:29:57,100.0,15.8,B
2021-06-10T13:29:14,1000.0,15.8,B
2021-06-10T13:28:51,800.0,15.75,S
2021-06-10T13:28:20,200.0,15.75,S
2021-06-10T13:27:42,100.0,15.75,S
2021-06-10T13:27:41,1100.0,15.75,S
2021-06-10T13:27:38,500.0,15.75,S
2021-06-10T13:27:32,200.0,15.75,S
2021-06-10T13:27:32,500.0,15.75,S
2021-06-10T13:27:14,500.0,15.75,S
2021-06-10T13:26:50,100.0,15.75,S
2021-06-10T13:26:19,2900.0,15.75,B
2021-06-10T13:26:19,1100.0,15.75,B
2021-06-10T13:26:13,200.0,15.75,B
2021-06-10T13:26:04,9400.0,15.7,S
2021-06-10T13:25:45,400.0,15.7,S
2021-06-10T13:25:18,200.0,15.7,S
2021-06-10T13:23:21,200.0,15.7,S
2021-06-10T13:23:17,500.0,15.75,B
2021-06-10T13:22:52,3200.0,15.7,B
2021-06-10T13:22:49,500.0,15.7,B
2021-06-10T13:22:33,500.0,15.7,B
2021-06-10T13:21:53,1000.0,15.7,B
2021-06-10T13:21:32,3000.0,15.7,B
2021-06-10T13:20:46,1300.0,15.7,B
2021-06-10T13:20:42,800.0,15.65,B
2021-06-10T13:20:42,5000.0,15.65,B
2021-06-10T13:20:40,500.0,15.65,B
2021-06-10T13:20:26,1100.0,15.6,S
2021-06-10T13:20:25,2000.0,15.65,B
2021-06-10T13:20:00,100.0,15.6,S
2021-06-10T13:20:00,200.0,15.65,B
2021-06-10T13:19:52,300.0,15.6,S
2021-06-10T13:19:46,1000.0,15.65,B
2021-06-10T13:19:28,100.0,15.65,B
2021-06-10T13:19:26,100.0,15.65,B
2021-06-10T13:19:19,2400.0,15.6,S
2021-06-10T13:19:19,500.0,15.6,S
2021-06-10T13:19:19,2100.0,15.6,S
2021-06-10T13:19:16,5000.0,15.65,B
2021-06-10T13:19:16,100.0,15.65,B
2021-06-10T13:19:10,5500.0,15.65,B
2021-06-10T13:19:08,600.0,15.6,S
2021-06-10T13:18:55,600.0,15.65,B
2021-06-10T13:18:30,5000.0,15.65,B
2021-06-10T13:18:06,10000.0,15.6,S
2021-06-10T13:18:01,300.0,15.6,S
2021-06-10T13:18:00,2000.0,15.6,S
2021-06-10T13:17:11,2900.0,15.6,S
2021-06-10T13:17:11,100.0,15.6,S
2021-06-10T13:16:56,3000.0,15.65,S
2021-06-10T13:16:56,200.0,15.6,S
2021-06-10T13:16:54,100.0,15.65,S
2021-06-10T13:16:54,1800.0,15.65,S
2021-06-10T13:16:54,4500.0,15.65,S
2021-06-10T13:16:15,4400.0,15.65,S
2021-06-10T13:16:15,500.0,15.65,S
2021-06-10T13:16:15,600.0,15.65,S
2021-06-10T13:16:15,3100.0,15.65,S
2021-06-10T13:16:15,1700.0,15.65,S
2021-06-10T13:15:44,100.0,15.65,S
2021-06-10T13:15:38,100.0,15.65,S
2021-06-10T13:15:36,2000.0,15.65,S
2021-06-10T13:14:36,3400.0,15.65,S
2021-06-10T13:13:41,300.0,15.65,S
2021-06-10T13:13:40,500.0,15.7,B
2021-06-10T13:12:06,100.0,15.65,S
2021-06-10T13:11:56,1500.0,15.65,S
2021-06-10T13:11:01,400.0,15.65,S
2021-06-10T13:11:01,10100.0,15.65,S
2021-06-10T13:10:18,100.0,15.65,S
2021-06-10T13:10:17,5000.0,15.7,S
2021-06-10T13:09:50,800.0,15.65,S
2021-06-10T13:09:50,3500.0,15.65,S
2021-06-10T13:09:50,700.0,15.65,S
2021-06-10T13:09:50,1400.0,15.65,S
2021-06-10T13:09:50,1200.0,15.65,S
2021-06-10T13:09:50,500.0,15.65,S
2021-06-10T13:09:50,5600.0,15.65,S
2021-06-10T13:09:50,3700.0,15.65,S
2021-06-10T13:09:50,1300.0,15.65,S
2021-06-10T13:09:50,3500.0,15.65,S
2021-06-10T13:09:49,2000.0,15.65,S
2021-06-10T13:09:49,1100.0,15.65,S
2021-06-10T13:09:49,300.0,15.7,S
2021-06-10T13:09:49,900.0,15.7,S
2021-06-10T13:09:49,10200.0,15.7,S
2021-06-10T13:09:49,3700.0,15.7,S
2021-06-10T13:09:49,2500.0,15.7,S
2021-06-10T13:09:49,6200.0,15.7,S
2021-06-10T13:09:49,600.0,15.7,S
2021-06-10T13:09:49,300.0,15.7,S
2021-06-10T13:08:42,100.0,15.7,S
2021-06-10T13:08:25,100.0,15.7,S
2021-06-10T13:07:36,500.0,15.7,S
2021-06-10T13:07:36,500.0,15.7,S
2021-06-10T13:07:20,1000.0,15.7,S
2021-06-10T13:07:02,100.0,15.75,S
2021-06-10T13:06:55,1100.0,15.75,S
2021-06-10T13:06:33,800.0,15.75,S
2021-06-10T13:06:19,4000.0,15.75,S
2021-06-10T13:05:32,300.0,15.8,B
2021-06-10T13:04:28,100.0,15.8,B
2021-06-10T13:03:25,500.0,15.8,B
2021-06-10T13:02:03,2700.0,15.75,B
2021-06-10T13:01:23,1000.0,15.75,B
2021-06-10T13:01:14,900.0,15.7,S
2021-06-10T13:01:12,1300.0,15.7,S
2021-06-10T13:01:11,300.0,15.7,S
2021-06-10T13:00:39,600.0,15.75,B
2021-06-10T13:00:33,1200.0,15.75,B
2021-06-10T13:00:30,4600.0,15.7,S
2021-06-10T13:00:30,200.0,15.75,B
2021-06-10T13:00:28,2000.0,15.7,S
2021-06-10T13:00:26,600.0,15.7,S
2021-06-10T13:00:24,600.0,15.75,B
2021-06-10T13:00:21,200.0,15.7,S
2021-06-10T13:00:21,100.0,15.75,B
2021-06-10T11:30:11,600.0,15.7,S
2021-06-10T11:29:23,1700.0,15.7,S
2021-06-10T11:29:23,400.0,15.7,S
2021-06-10T11:29:23,9300.0,15.7,S
2021-06-10T11:29:04,100.0,15.7,S
2021-06-10T11:28:58,2000.0,15.75,B
2021-06-10T11:28:14,5000.0,15.75,B
2021-06-10T11:27:18,200.0,15.7,S
2021-06-10T11:25:59,400.0,15.7,S
2021-06-10T11:25:46,3000.0,15.7,S
2021-06-10T11:24:13,5600.0,15.7,S
2021-06-10T11:24:03,1000.0,15.7,S
2021-06-10T11:23:55,1400.0,15.7,S
2021-06-10T11:23:40,300.0,15.7,B
2021-06-10T11:23:28,100.0,15.7,B
2021-06-10T11:22:39,3000.0,15.7,B
2021-06-10T11:22:39,2400.0,15.7,S
2021-06-10T11:22:38,5600.0,15.7,S
2021-06-10T11:22:15,14400.0,15.7,B
2021-06-10T11:21:53,600.0,15.7,S
2021-06-10T11:21:08,400.0,15.7,S
2021-06-10T11:21:08,2000.0,15.7,S
2021-06-10T11:21:08,2500.0,15.7,S
2021-06-10T11:21:08,100.0,15.7,S
2021-06-10T11:21:07,1700.0,15.7,S
2021-06-10T11:20:51,4400.0,15.7,S
2021-06-10T11:20:41,600.0,15.7,S
2021-06-10T11:20:23,2000.0,15.7,S
2021-06-10T11:19:05,2400.0,15.7,S
2021-06-10T11:18:16,1500.0,15.7,S
2021-06-10T11:17:49,400.0,15.75,B
2021-06-10T11:17:12,5000.0,15.7,S
2021-06-10T11:15:35,2200.0,15.7,B
2021-06-10T11:15:35,500.0,15.7,B
2021-06-10T11:15:29,1000.0,15.7,B
2021-06-10T11:15:23,1000.0,15.7,B
2021-06-10T11:15:11,500.0,15.7,B
2021-06-10T11:14:59,1100.0,15.7,B
2021-06-10T11:14:47,1000.0,15.7,B
2021-06-10T11:14:00,5000.0,15.7,B
2021-06-10T11:13:52,100.0,15.7,B
2021-06-10T11:13:41,15800.0,15.7,S
2021-06-10T11:13:41,2200.0,15.7,S
2021-06-10T11:13:35,500.0,15.75,B
2021-06-10T11:12:33,100.0,15.75,S
2021-06-10T11:12:28,900.0,15.75,B
2021-06-10T11:11:37,1000.0,15.75,B
2021-06-10T11:11:29,100.0,15.7,B
2021-06-10T11:11:19,100.0,15.7,B
2021-06-10T11:11:09,1000.0,15.7,B
2021-06-10T11:10:53,500.0,15.7,B
2021-06-10T11:10:36,300.0,15.7,S
2021-06-10T11:10:34,6200.0,15.7,S
2021-06-10T11:10:02,1800.0,15.75,B
2021-06-10T11:09:03,5000.0,15.75,B
2021-06-10T11:08:37,500.0,15.7,S
2021-06-10T11:07:51,700.0,15.7,S
2021-06-10T11:07:03,100.0,15.7,S
2021-06-10T11:06:52,1400.0,15.7,B
2021-06-10T11:06:50,1000.0,15.7,B
2021-06-10T11:06:46,1000.0,15.7,B
2021-06-10T11:06:34,5000.0,15.7,B
2021-06-10T11:06:22,2000.0,15.7,B
2021-06-10T11:05:39,1500.0,15.65,S
2021-06-10T11:05:39,500.0,15.65,S
2021-06-10T11:05:35,100.0,15.7,B
2021-06-10T11:05:22,500.0,15.65,S
2021-06-10T11:04:47,100.0,15.7,B
2021-06-10T11:04:21,100.0,15.65,S
2021-06-10T11:04:19,2100.0,15.7,B
2021-06-10T11:03:30,4000.0,15.65,S
2021-06-10T11:03:26,500.0,15.7,B
2021-06-10T11:03:16,100.0,15.7,B
2021-06-10T11:03:14,100.0,15.7,B
2021-06-10T11:02:57,100.0,15.7,B
2021-06-10T11:02:55,500.0,15.7,B
2021-06-10T11:02:52,500.0,15.7,B
2021-06-10T11:02:52,100.0,15.7,B
2021-06-10T11:02:35,500.0,15.7,B
2021-06-10T11:02:10,2500.0,15.65,S
2021-06-10T11:02:10,700.0,15.65,S
2021-06-10T11:02:10,100.0,15.65,S
2021-06-10T11:02:10,1700.0,15.65,S
2021-06-10T11:01:42,2500.0,15.65,S
2021-06-10T11:01:36,2500.0,15.65,S
2021-06-10T11:00:39,4000.0,15.65,S
2021-06-10T11:00:16,2000.0,15.7,B
2021-06-10T11:00:15,1000.0,15.7,B
2021-06-10T11:00:09,600.0,15.7,B
2021-06-10T11:00:06,2000.0,15.7,B
2021-06-10T10:59:57,2400.0,15.7,B
2021-06-10T10:59:57,5000.0,15.7,B
2021-06-10T10:59:37,6400.0,15.7,B
2021-06-10T10:59:22,100.0,15.7,B
2021-06-10T10:59:07,200.0,15.7,B
2021-06-10T10:59:05,100.0,15.7,B
2021-06-10T10:58:32,300.0,15.7,B
2021-06-10T10:58:22,600.0,15.7,B
2021-06-10T10:57:58,200.0,15.7,B
2021-06-10T10:57:30,29900.0,15.7,B
2021-06-10T10:57:24,300.0,15.65,S
2021-06-10T10:57:11,1000.0,15.7,B
2021-06-10T10:57:09,500.0,15.7,B
2021-06-10T10:57:00,2500.0,15.7,B
2021-06-10T10:56:45,200.0,15.65,S
2021-06-10T10:56:36,200.0,15.7,S
2021-06-10T10:56:32,5500.0,15.7,S
2021-06-10T10:56:32,1400.0,15.7,S
2021-06-10T10:56:32,3000.0,15.7,S
2021-06-10T10:56:32,1600.0,15.7,S
2021-06-10T10:56:32,15900.0,15.7,S
2021-06-10T10:56:30,1000.0,15.75,B
2021-06-10T10:56:13,400.0,15.7,S
2021-06-10T10:55:48,2000.0,15.7,S
2021-06-10T10:55:48,2500.0,15.7,S
2021-06-10T10:55:47,1500.0,15.7,S
2021-06-10T10:55:39,400.0,15.7,S
2021-06-10T10:55:35,500.0,15.7,S
2021-06-10T10:55:23,100.0,15.7,S
2021-06-10T10:55:23,1000.0,15.7,S
2021-06-10T10:55:23,500.0,15.7,S
2021-06-10T10:55:23,300.0,15.7,S
2021-06-10T10:55:23,1100.0,15.7,S
2021-06-10T10:55:22,900.0,15.7,S
2021-06-10T10:55:22,2500.0,15.7,S
2021-06-10T10:55:22,1600.0,15.7,S
2021-06-10T10:55:22,5000.0,15.7,S
2021-06-10T10:55:11,2000.0,15.7,S
2021-06-10T10:54:24,7600.0,15.7,S
2021-06-10T10:54:24,800.0,15.7,S
2021-06-10T10:54:24,300.0,15.7,S
2021-06-10T10:54:24,500.0,15.7,S
2021-06-10T10:54:24,5600.0,15.7,S
2021-06-10T10:54:24,600.0,15.7,S
2021-06-10T10:54:24,800.0,15.7,S
2021-06-10T10:54:24,3800.0,15.7,S
2021-06-10T10:54:09,15000.0,15.7,S
2021-06-10T10:53:45,4000.0,15.7,S
2021-06-10T10:53:07,1000.0,15.7,S
2021-06-10T10:52:59,1000.0,15.75,S
2021-06-10T10:52:49,600.0,15.75,S
2021-06-10T10:52:36,1000.0,15.75,S
2021-06-10T10:52:36,4400.0,15.75,S
2021-06-10T10:52:36,4000.0,15.75,S
2021-06-10T10:52:36,13700.0,15.75,S
2021-06-10T10:52:36,8000.0,15.75,S
2021-06-10T10:52:28,2000.0,15.75,S
2021-06-10T10:52:23,3800.0,15.75,S
2021-06-10T10:52:21,400.0,15.75,S
2021-06-10T10:52:09,4000.0,15.75,S
2021-06-10T10:52:07,2100.0,15.75,S
2021-06-10T10:52:07,3600.0,15.75,S
2021-06-10T10:51:55,300.0,15.75,S
2021-06-10T10:51:53,1500.0,15.75,S
2021-06-10T10:51:23,200.0,15.75,S
2021-06-10T10:51:06,500.0,15.75,S
2021-06-10T10:51:03,500.0,15.75,S
2021-06-10T10:50:59,500.0,15.75,S
2021-06-10T10:50:30,500.0,15.75,S
2021-06-10T10:50:29,1200.0,15.75,S
2021-06-10T10:50:29,5800.0,15.75,S
2021-06-10T10:50:03,500.0,15.75,S
2021-06-10T10:49:57,2800.0,15.75,S
2021-06-10T10:48:50,200.0,15.75,S
2021-06-10T10:48:24,1000.0,15.75,S
2021-06-10T10:48:06,1000.0,15.75,S
2021-06-10T10:48:04,5000.0,15.8,B
2021-06-10T10:47:27,1000.0,15.75,S
2021-06-10T10:47:24,100.0,15.8,B
2021-06-10T10:47:23,900.0,15.8,B
2021-06-10T10:46:47,400.0,15.8,S
2021-06-10T10:46:47,500.0,15.8,S
2021-06-10T10:46:36,500.0,15.8,S
2021-06-10T10:46:36,1000.0,15.8,S
2021-06-10T10:46:36,3500.0,15.8,S
2021-06-10T10:45:45,200.0,15.8,S
2021-06-10T10:45:24,100.0,15.8,S
2021-06-10T10:44:44,300.0,15.85,B
2021-06-10T10:44:17,4500.0,15.8,S
2021-06-10T10:43:31,1000.0,15.8,S
2021-06-10T10:42:47,300.0,15.85,S
2021-06-10T10:42:30,2000.0,15.85,S
2021-06-10T10:41:39,3600.0,15.8,S
2021-06-10T10:41:39,9900.0,15.8,S
2021-06-10T10:41:28,1100.0,15.8,S
2021-06-10T10:40:42,500.0,15.85,B
2021-06-10T10:40:32,10900.0,15.9,B
2021-06-10T10:40:32,400.0,15.9,B
2021-06-10T10:40:31,900.0,15.85,B
2021-06-10T10:40:25,800.0,15.8,S
2021-06-10T10:40:19,200.0,15.85,S
2021-06-10T10:40:19,100.0,15.85,S
2021-06-10T10:40:19,1500.0,15.85,S
2021-06-10T10:39:12,1000.0,15.9,B
2021-06-10T10:38:00,1000.0,15.9,B
2021-06-10T10:37:30,1200.0,15.9,B
2021-06-10T10:37:30,3500.0,15.9,B
2021-06-10T10:37:03,3000.0,15.9,B
2021-06-10T10:37:01,1000.0,15.8,S
2021-06-10T10:36:38,300.0,15.85,B
2021-06-10T10:35:42,1200.0,15.85,S
2021-06-10T10:35:13,500.0,15.85,S
2021-06-10T10:34:24,900.0,15.85,S
2021-06-10T10:34:10,7400.0,15.85,B
2021-06-10T10:33:55,800.0,15.8,S
2021-06-10T10:33:55,500.0,15.8,S
2021-06-10T10:33:55,5000.0,15.8,S
2021-06-10T10:33:48,100.0,15.85,B
2021-06-10T10:33:08,200.0,15.85,B
2021-06-10T10:32:15,1100.0,15.85,S
2021-06-10T10:32:14,3000.0,15.85,S
2021-06-10T10:31:53,1000.0,15.85,B
2021-06-10T10:31:33,300.0,15.8,S
2021-06-10T10:31:28,400.0,15.8,B
2021-06-10T10:30:56,600.0,15.8,B
2021-06-10T10:30:55,1000.0,15.8,B
2021-06-10T10:30:37,200.0,15.8,B
2021-06-10T10:30:29,500.0,15.8,B
2021-06-10T10:30:23,200.0,15.8,B
2021-06-10T10:30:19,500.0,15.8,B
2021-06-10T10:30:05,200.0,15.8,B
2021-06-10T10:30:05,1000.0,15.75,S
2021-06-10T10:29:57,500.0,15.8,B
2021-06-10T10:29:49,1000.0,15.8,B
2021-06-10T10:29:45,200.0,15.75,S
2021-06-10T10:29:31,1000.0,15.8,B
2021-06-10T10:29:30,300.0,15.8,B
2021-06-10T10:28:51,4100.0,15.8,S
2021-06-10T10:28:43,900.0,15.85,B
2021-06-10T10:28:05,2200.0,15.8,B
2021-06-10T10:27:53,1000.0,15.8,B
2021-06-10T10:27:43,1800.0,15.8,B
2021-06-10T10:27:43,4400.0,15.8,B
2021-06-10T10:27:39,100.0,15.75,S
2021-06-10T10:27:21,500.0,15.75,S
2021-06-10T10:26:37,7900.0,15.75,S
2021-06-10T10:26:22,2000.0,15.8,B
2021-06-10T10:24:32,100.0,15.8,S
2021-06-10T10:24:30,2000.0,15.8,S
2021-06-10T10:24:29,1500.0,15.8,S
2021-06-10T10:24:29,12500.0,15.8,S
2021-06-10T10:24:29,600.0,15.8,S
2021-06-10T10:22:38,2000.0,15.8,S
2021-06-10T10:22:19,400.0,15.8,S
2021-06-10T10:22:01,6000.0,15.8,S
2021-06-10T10:21:58,500.0,15.8,S
2021-06-10T10:21:41,1400.0,15.8,S
2021-06-10T10:21:39,2700.0,15.8,S
2021-06-10T10:21:39,3500.0,15.8,S
2021-06-10T10:21:39,2100.0,15.8,S
2021-06-10T10:21:39,1100.0,15.8,S
2021-06-10T10:21:39,2600.0,15.8,S
2021-06-10T10:21:39,300.0,15.8,S
2021-06-10T10:21:39,6000.0,15.8,S
2021-06-10T10:21:39,200.0,15.8,S
2021-06-10T10:21:38,1700.0,15.8,S
2021-06-10T10:21:38,2000.0,15.8,S
2021-06-10T10:21:38,4000.0,15.8,S
2021-06-10T10:21:38,400.0,15.8,S
2021-06-10T10:21:38,200.0,15.8,S
2021-06-10T10:21:38,21800.0,15.8,S
2021-06-10T10:21:12,1200.0,15.8,S
2021-06-10T10:21:12,2800.0,15.8,S
2021-06-10T10:20:37,1000.0,15.8,S
2021-06-10T10:20:22,1800.0,15.85,S
2021-06-10T10:19:50,100.0,15.85,S
2021-06-10T10:19:48,100.0,15.9,B
2021-06-10T10:19:28,1300.0,15.9,B
2021-06-10T10:19:28,900.0,15.9,B
2021-06-10T10:19:23,1000.0,15.9,B
2021-06-10T10:18:56,100.0,15.9,B
2021-06-10T10:18:56,200.0,15.9,B
2021-06-10T10:18:40,17400.0,15.85,S
2021-06-10T10:18:40,2600.0,15.85,S
2021-06-10T10:18:36,5000.0,15.9,B
2021-06-10T10:17:21,100.0,15.85,S
2021-06-10T10:17:11,6000.0,15.85,S
2021-06-10T10:16:14,100.0,15.9,B
2021-06-10T10:15:58,300.0,15.9,B
2021-06-10T10:15:53,3100.0,15.85,B
2021-06-10T10:15:41,100.0,15.85,B
2021-06-10T10:15:40,800.0,15.85,B
2021-06-10T10:15:40,700.0,15.85,B
2021-06-10T10:15:40,1500.0,15.85,B
2021-06-10T10:15:12,200.0,15.85,S
2021-06-10T10:15:00,500.0,15.85,S
2021-06-10T10:14:57,200.0,15.85,S
2021-06-10T10:14:56,4900.0,15.85,S
2021-06-10T10:14:42,2000.0,15.85,S
2021-06-10T10:14:42,500.0,15.85,S
2021-06-10T10:14:24,1000.0,15.9,B
2021-06-10T10:14:20,2000.0,15.9,B
2021-06-10T10:13:42,200.0,15.9,B
2021-06-10T10:13:42,600.0,15.9,B
2021-06-10T10:12:58,500.0,15.9,B
2021-06-10T10:12:15,200.0,15.9,B
2021-06-10T10:12:07,200.0,15.9,B
2021-06-10T10:11:37,100.0,15.9,B
2021-06-10T10:11:33,1100.0,15.9,B
2021-06-10T10:11:27,500.0,15.9,B
2021-06-10T10:11:22,200.0,15.85,S
2021-06-10T10:11:07,200.0,15.85,S
2021-06-10T10:11:00,100.0,15.9,B
2021-06-10T10:10:59,100.0,15.9,B
2021-06-10T10:10:58,13000.0,15.85,S
2021-06-10T10:10:54,100.0,15.85,S
2021-06-10T10:09:49,8000.0,15.9,B
2021-06-10T10:08:40,100.0,15.85,B
2021-06-10T10:08:36,500.0,15.85,B
2021-06-10T10:08:35,100.0,15.85,B
2021-06-10T10:08:30,100.0,15.85,B
2021-06-10T10:08:02,100.0,15.85,B
2021-06-10T10:07:55,200.0,15.8,S
2021-06-10T10:07:54,100.0,15.85,B
2021-06-10T10:07:51,3000.0,15.85,B
2021-06-10T10:07:50,1000.0,15.8,S
2021-06-10T10:07:14,300.0,15.8,S
2021-06-10T10:07:14,9700.0,15.8,S
2021-06-10T10:07:13,600.0,15.85,B
2021-06-10T10:06:40,100.0,15.8,S
2021-06-10T10:06:08,200.0,15.8,B
2021-06-10T10:06:08,3500.0,15.8,B
2021-06-10T10:06:06,300.0,15.8,B
2021-06-10T10:06:05,1800.0,15.75,S
2021-06-10T10:06:00,3300.0,15.8,B
2021-06-10T10:06:00,500.0,15.8,B
2021-06-10T10:06:00,1200.0,15.8,B
2021-06-10T10:06:00,100.0,15.8,B
2021-06-10T10:06:00,1100.0,15.8,B
2021-06-10T10:06:00,3600.0,15.8,B
2021-06-10T10:05:57,1100.0,15.8,B
2021-06-10T10:05:44,100.0,15.8,B
2021-06-10T10:05:39,200.0,15.8,B
2021-06-10T10:05:38,200.0,15.8,B
2021-06-10T10:05:19,1000.0,15.8,B
2021-06-10T10:05:14,11100.0,15.8,B
2021-06-10T10:05:14,3200.0,15.8,B
2021-06-10T10:05:14,3000.0,15.8,B
2021-06-10T10:04:48,200.0,15.8,B
2021-06-10T10:04:40,2000.0,15.8,B
2021-06-10T10:04:39,2900.0,15.75,S
2021-06-10T10:04:33,1000.0,15.8,B
2021-06-10T10:04:26,1500.0,15.8,B
2021-06-10T10:04:17,500.0,15.8,B
2021-06-10T10:04:14,600.0,15.8,B
2021-06-10T10:04:12,2000.0,15.8,B
2021-06-10T10:03:53,100.0,15.8,B
2021-06-10T10:03:50,1700.0,15.8,B
2021-06-10T10:03:45,100.0,15.8,B
2021-06-10T10:03:44,100.0,15.8,B
2021-06-10T10:03:44,1000.0,15.8,B
2021-06-10T10:03:42,400.0,15.8,B
2021-06-10T10:03:36,2000.0,15.8,B
2021-06-10T10:03:32,300.0,15.8,B
2021-06-10T10:03:30,300.0,15.8,B
2021-06-10T10:03:22,400.0,15.8,B
2021-06-10T10:03:14,300.0,15.8,B
2021-06-10T10:03:14,2000.0,15.8,B
2021-06-10T10:03:11,1000.0,15.8,B
2021-06-10T10:03:03,100.0,15.8,B
2021-06-10T10:02:58,300.0,15.8,B
2021-06-10T10:02:47,100.0,15.8,B
2021-06-10T10:02:35,500.0,15.8,B
2021-06-10T10:02:30,1000.0,15.8,B
2021-06-10T10:02:30,100.0,15.8,B
2021-06-10T10:02:29,900.0,15.8,B
2021-06-10T10:02:29,3000.0,15.8,B
2021-06-10T10:02:11,1100.0,15.8,B
2021-06-10T10:02:02,400.0,15.8,B
2021-06-10T10:02:00,1300.0,15.75,S
2021-06-10T10:01:55,100.0,15.8,B
2021-06-10T10:01:45,10000.0,15.75,S
2021-06-10T10:01:27,1000.0,15.8,B
2021-06-10T10:01:25,400.0,15.75,S
2021-06-10T10:01:06,500.0,15.8,B
2021-06-10T10:01:05,200.0,15.75,S
2021-06-10T10:00:58,100.0,15.75,B
2021-06-10T10:00:58,400.0,15.75,B
2021-06-10T10:00:55,5000.0,15.75,B
2021-06-10T10:00:54,200.0,15.7,S
2021-06-10T10:00:49,1000.0,15.75,B
2021-06-10T10:00:41,100.0,15.75,B
2021-06-10T10:00:37,500.0,15.75,B
2021-06-10T10:00:26,1000.0,15.75,B
2021-06-10T10:00:23,1800.0,15.75,B
2021-06-10T10:00:19,500.0,15.7,S
2021-06-10T10:00:12,500.0,15.75,B
2021-06-10T10:00:12,2000.0,15.75,B
2021-06-10T10:00:09,1500.0,15.75,B
2021-06-10T10:00:02,400.0,15.75,B
2021-06-10T10:00:02,3600.0,15.75,B
2021-06-10T09:59:58,500.0,15.7,S
2021-06-10T09:59:56,100.0,15.75,B
2021-06-10T09:59:47,2000.0,15.75,B
2021-06-10T09:59:46,300.0,15.75,B
2021-06-10T09:59:42,500.0,15.75,B
2021-06-10T09:59:42,200.0,15.7,S
2021-06-10T09:59:41,4300.0,15.75,B
2021-06-10T09:59:39,200.0,15.75,B
2021-06-10T09:59:35,600.0,15.75,B
2021-06-10T09:59:30,5000.0,15.75,B
2021-06-10T09:59:22,1000.0,15.75,B
2021-06-10T09:59:21,1000.0,15.7,S
2021-06-10T09:59:08,500.0,15.75,B
2021-06-10T09:59:07,100.0,15.75,B
2021-06-10T09:58:58,200.0,15.7,S
2021-06-10T09:58:54,5000.0,15.75,B
2021-06-10T09:58:54,1700.0,15.75,B
2021-06-10T09:58:54,500.0,15.75,B
2021-06-10T09:58:50,800.0,15.75,B
2021-06-10T09:58:50,200.0,15.75,B
2021-06-10T09:58:46,1000.0,15.75,B
2021-06-10T09:58:46,10000.0,15.75,B
2021-06-10T09:58:11,400.0,15.75,B
2021-06-10T09:57:37,1800.0,15.7,S
2021-06-10T09:57:37,2300.0,15.7,S
2021-06-10T09:57:37,100.0,15.7,S
2021-06-10T09:57:37,2300.0,15.7,S
2021-06-10T09:57:37,200.0,15.7,S
2021-06-10T09:57:37,3300.0,15.7,S
2021-06-10T09:57:20,200.0,15.7,S
2021-06-10T09:56:53,500.0,15.7,S
2021-06-10T09:56:25,4200.0,15.7,S
2021-06-10T09:56:09,2000.0,15.7,S
2021-06-10T09:55:59,1000.0,15.7,S
2021-06-10T09:54:30,4600.0,15.7,B
2021-06-10T09:54:19,5000.0,15.7,B
2021-06-10T09:54:18,300.0,15.7,B
2021-06-10T09:54:16,1300.0,15.65,S
2021-06-10T09:54:16,800.0,15.65,S
2021-06-10T09:54:02,1000.0,15.7,B
2021-06-10T09:53:57,200.0,15.7,B
2021-06-10T09:53:32,500.0,15.7,S
2021-06-10T09:53:23,2500.0,15.65,S
2021-06-10T09:53:19,500.0,15.7,S
2021-06-10T09:53:00,100.0,15.7,S
2021-06-10T09:52:54,300.0,15.65,S
2021-06-10T09:52:54,500.0,15.65,S
2021-06-10T09:52:37,4000.0,15.7,S
2021-06-10T09:52:28,100.0,15.7,S
2021-06-10T09:52:24,2500.0,15.65,S
2021-06-10T09:52:15,200.0,15.7,S
2021-06-10T09:52:11,2000.0,15.7,S
2021-06-10T09:52:00,300.0,15.7,S
2021-06-10T09:51:37,500.0,15.7,S
2021-06-10T09:51:19,400.0,15.7,S
2021-06-10T09:51:03,100.0,15.7,S
2021-06-10T09:51:02,3800.0,15.7,S
2021-06-10T09:50:58,500.0,15.7,S
2021-06-10T09:50:50,200.0,15.7,S
2021-06-10T09:50:49,2500.0,15.7,S
2021-06-10T09:50:49,1300.0,15.7,S
2021-06-10T09:50:43,5700.0,15.7,S
2021-06-10T09:50:43,11600.0,15.7,S
2021-06-10T09:50:43,5200.0,15.7,S
2021-06-10T09:50:42,300.0,15.7,S
2021-06-10T09:50:41,500.0,15.7,S
2021-06-10T09:50:41,1500.0,15.7,S
2021-06-10T09:50:41,1000.0,15.7,S
2021-06-10T09:50:41,7900.0,15.7,S
2021-06-10T09:50:38,900.0,15.7,S
2021-06-10T09:50:37,100.0,15.7,S
2021-06-10T09:50:03,100.0,15.7,S
2021-06-10T09:49:53,500.0,15.75,S
2021-06-10T09:49:28,2000.0,15.75,S
2021-06-10T09:49:03,600.0,15.7,S
2021-06-10T09:48:57,2000.0,15.7,S
2021-06-10T09:48:08,1700.0,15.7,S
2021-06-10T09:47:58,1000.0,15.75,S
2021-06-10T09:47:44,900.0,15.7,S
2021-06-10T09:47:44,500.0,15.7,S
2021-06-10T09:47:33,2000.0,15.8,B
2021-06-10T09:47:33,100.0,15.7,S
2021-06-10T09:47:18,1000.0,15.7,S
2021-06-10T09:47:15,2000.0,15.8,B
2021-06-10T09:47:05,1000.0,15.75,S
2021-06-10T09:46:33,2900.0,15.7,S
2021-06-10T09:46:33,1800.0,15.7,S
2021-06-10T09:46:33,6000.0,15.7,S
2021-06-10T09:46:33,1100.0,15.7,S
2021-06-10T09:46:33,300.0,15.7,S
2021-06-10T09:46:33,700.0,15.7,S
2021-06-10T09:46:33,100.0,15.7,S
2021-06-10T09:46:33,700.0,15.7,S
2021-06-10T09:46:33,1000.0,15.75,S
2021-06-10T09:46:33,500.0,15.75,S
2021-06-10T09:46:33,100.0,15.75,S
2021-06-10T09:46:33,800.0,15.75,S
2021-06-10T09:46:33,1100.0,15.75,S
2021-06-10T09:46:33,3700.0,15.75,S
2021-06-10T09:46:33,800.0,15.75,S
2021-06-10T09:46:33,900.0,15.75,S
2021-06-10T09:46:33,500.0,15.75,S
2021-06-10T09:46:33,2000.0,15.75,S
2021-06-10T09:46:08,3400.0,15.8,B
2021-06-10T09:46:07,7900.0,15.75,S
2021-06-10T09:45:14,300.0,15.8,B
2021-06-10T09:45:12,500.0,15.8,B
2021-06-10T09:44:58,3000.0,15.8,B
2021-06-10T09:44:58,1000.0,15.75,S
2021-06-10T09:44:54,100.0,15.8,B
2021-06-10T09:44:35,100.0,15.8,B
2021-06-10T09:44:32,100.0,15.8,B
2021-06-10T09:44:25,1000.0,15.8,B
2021-06-10T09:44:08,200.0,15.8,S
2021-06-10T09:44:04,5900.0,15.8,S
2021-06-10T09:44:04,1200.0,15.8,S
2021-06-10T09:44:02,2100.0,15.8,S
2021-06-10T09:43:48,500.0,15.8,S
2021-06-10T09:43:40,500.0,15.8,S
2021-06-10T09:43:34,4600.0,15.8,S
2021-06-10T09:43:34,400.0,15.8,S
2021-06-10T09:43:19,5000.0,15.8,S
2021-06-10T09:43:15,1000.0,15.8,S
2021-06-10T09:43:11,3600.0,15.8,S
2021-06-10T09:43:08,1000.0,15.8,S
2021-06-10T09:43:05,500.0,15.75,S
2021-06-10T09:42:53,300.0,15.8,S
2021-06-10T09:42:43,1000.0,15.8,S
2021-06-10T09:42:40,1000.0,15.8,S
2021-06-10T09:42:37,1000.0,15.8,S
2021-06-10T09:42:10,5700.0,15.8,S
2021-06-10T09:42:09,400.0,15.8,S
2021-06-10T09:42:05,500.0,15.8,S
2021-06-10T09:42:03,6000.0,15.8,S
2021-06-10T09:42:03,200.0,15.8,S
2021-06-10T09:42:03,3800.0,15.8,S
2021-06-10T09:42:00,1500.0,15.85,B
2021-06-10T09:41:57,500.0,15.85,B
2021-06-10T09:41:56,10000.0,15.8,S
2021-06-10T09:41:51,10000.0,15.8,S
2021-06-10T09:41:47,1900.0,15.8,S
2021-06-10T09:41:47,800.0,15.8,S
2021-06-10T09:41:47,7400.0,15.8,S
2021-06-10T09:41:47,100.0,15.8,S
2021-06-10T09:41:47,2000.0,15.8,S
2021-06-10T09:41:47,7200.0,15.8,S
2021-06-10T09:41:47,600.0,15.8,S
2021-06-10T09:41:44,2200.0,15.8,S
2021-06-10T09:41:06,300.0,15.8,S
2021-06-10T09:41:01,2400.0,15.8,S
2021-06-10T09:41:01,600.0,15.8,S
2021-06-10T09:41:00,6500.0,15.8,S
2021-06-10T09:40:08,1500.0,15.85,B
2021-06-10T09:40:00,1700.0,15.85,B
2021-06-10T09:39:47,200.0,15.85,B
2021-06-10T09:39:47,100.0,15.85,B
2021-06-10T09:39:40,200.0,15.85,B
2021-06-10T09:39:34,3000.0,15.9,B
2021-06-10T09:39:32,900.0,15.8,S
2021-06-10T09:39:32,1500.0,15.8,S
2021-06-10T09:39:32,1000.0,15.8,S
2021-06-10T09:39:32,2500.0,15.8,S
2021-06-10T09:39:32,2500.0,15.8,S
2021-06-10T09:39:32,400.0,15.8,S
2021-06-10T09:39:30,1100.0,15.8,S
2021-06-10T09:39:30,18100.0,15.8,S
2021-06-10T09:39:30,6800.0,15.8,S
2021-06-10T09:39:30,45200.0,15.8,S
2021-06-10T09:39:30,300.0,15.85,B
2021-06-10T09:39:07,300.0,15.85,B
2021-06-10T09:38:57,4000.0,15.85,B
2021-06-10T09:38:47,500.0,15.85,B
2021-06-10T09:38:45,700.0,15.85,B
2021-06-10T09:38:27,200.0,15.85,B
2021-06-10T09:38:10,1200.0,15.85,B
2021-06-10T09:37:52,1000.0,15.8,S
2021-06-10T09:37:49,800.0,15.8,S
2021-06-10T09:37:48,500.0,15.85,B
2021-06-10T09:37:21,100.0,15.8,S
2021-06-10T09:37:21,100.0,15.85,B
2021-06-10T09:37:20,900.0,15.85,B
2021-06-10T09:37:19,200.0,15.85,B
2021-06-10T09:36:45,200.0,15.8,S
2021-06-10T09:36:38,200.0,15.8,S
2021-06-10T09:36:37,2000.0,15.85,S
2021-06-10T09:36:28,400.0,15.85,S
2021-06-10T09:36:20,200.0,15.85,S
2021-06-10T09:36:16,6000.0,15.8,S
2021-06-10T09:36:16,100.0,15.85,S
2021-06-10T09:36:14,4500.0,15.85,S
2021-06-10T09:35:58,1000.0,15.85,S
2021-06-10T09:35:17,5000.0,15.85,S
2021-06-10T09:35:14,500.0,15.85,S
2021-06-10T09:35:09,500.0,15.85,S
2021-06-10T09:35:04,200.0,15.85,S
2021-06-10T09:35:00,6000.0,15.9,B
2021-06-10T09:34:58,200.0,15.85,S
2021-06-10T09:34:57,100.0,15.85,S
2021-06-10T09:34:56,1000.0,15.85,S
2021-06-10T09:34:25,2500.0,15.85,S
2021-06-10T09:34:21,200.0,15.9,B
2021-06-10T09:34:10,100.0,15.85,S
2021-06-10T09:34:03,1000.0,15.85,S
2021-06-10T09:33:59,200.0,15.9,B
2021-06-10T09:33:54,600.0,15.9,B
2021-06-10T09:33:48,100.0,15.9,B
2021-06-10T09:33:01,200.0,15.85,S
2021-06-10T09:33:00,300.0,15.85,S
2021-06-10T09:32:48,200.0,15.9,B
2021-06-10T09:32:43,3500.0,15.8,S
2021-06-10T09:32:43,900.0,15.8,S
2021-06-10T09:32:41,1300.0,15.8,S
2021-06-10T09:31:59,5000.0,15.85,S
2021-06-10T09:31:49,300.0,15.9,B
2021-06-10T09:31:48,1000.0,15.85,S
2021-06-10T09:31:06,1000.0,15.8,S
2021-06-10T09:31:05,1200.0,15.85,S
2021-06-10T09:31:05,3800.0,15.85,S
2021-06-10T09:30:58,500.0,15.85,S
2021-06-10T09:30:47,200.0,15.9,B
2021-06-10T09:30:42,1100.0,15.85,S
2021-06-10T09:30:37,1100.0,15.85,S
2021-06-10T09:30:35,400.0,15.85,S
2021-06-10T09:30:34,1000.0,15.85,S
2021-06-10T09:30:19,300.0,15.85,S
2021-06-10T09:30:16,300.0,15.9,B
2021-06-10T09:29:58,200.0,15.85,S
2021-06-10T09:29:40,100.0,15.9,B
2021-06-10T09:29:13,400.0,15.9,S
2021-06-10T09:29:10,500.0,15.85,S
2021-06-10T09:29:07,500.0,15.85,S
2021-06-10T09:28:58,700.0,15.9,S
2021-06-10T09:28:55,400.0,15.85,S
2021-06-10T09:28:55,200.0,15.85,S
2021-06-10T09:28:54,500.0,15.85,S
2021-06-10T09:28:31,500.0,15.85,S
2021-06-10T09:28:08,100.0,15.85,S
2021-06-10T09:28:03,2400.0,15.8,S
2021-06-10T09:28:03,1400.0,15.85,S
2021-06-10T09:28:03,1200.0,15.85,S
2021-06-10T09:28:03,500.0,15.9,S
2021-06-10T09:27:49,500.0,15.9,B
2021-06-10T09:27:35,1000.0,15.9,B
2021-06-10T09:27:25,100.0,15.9,B
2021-06-10T09:27:25,500.0,15.85,S
2021-06-10T09:27:18,2000.0,15.9,B
2021-06-10T09:27:15,3000.0,15.85,S
2021-06-10T09:27:10,2000.0,15.9,B
2021-06-10T09:27:02,600.0,15.9,B
2021-06-10T09:26:35,600.0,15.9,B
2021-06-10T09:26:32,2000.0,15.9,B
2021-06-10T09:25:59,100.0,15.9,B
2021-06-10T09:25:53,100.0,15.9,B
2021-06-10T09:25:53,500.0,15.85,S
2021-06-10T09:25:30,500.0,15.85,S
2021-06-10T09:25:27,1500.0,15.9,B
2021-06-10T09:25:21,100.0,15.9,B
2021-06-10T09:25:13,100.0,15.9,B
2021-06-10T09:25:00,300.0,15.9,B
2021-06-10T09:24:59,100.0,15.9,B
2021-06-10T09:24:52,1200.0,15.9,B
2021-06-10T09:24:28,100.0,15.9,B
2021-06-10T09:24:08,5000.0,15.9,B
2021-06-10T09:24:00,1500.0,15.85,S
2021-06-10T09:23:45,3400.0,15.9,B
2021-06-10T09:23:43,300.0,15.9,B
2021-06-10T09:23:42,500.0,15.9,B
2021-06-10T09:23:30,500.0,15.9,B
2021-06-10T09:23:20,5000.0,15.9,B
2021-06-10T09:23:12,100.0,15.9,B
2021-06-10T09:22:59,5000.0,15.9,B
2021-06-10T09:22:52,500.0,15.8,S
2021-06-10T09:22:44,500.0,15.8,S
2021-06-10T09:22:39,500.0,15.8,S
2021-06-10T09:22:38,100.0,15.8,S
2021-06-10T09:22:25,1200.0,15.9,B
2021-06-10T09:21:21,1100.0,15.8,S
2021-06-10T09:21:15,1700.0,15.8,S
2021-06-10T09:21:15,1000.0,15.9,B
2021-06-10T09:21:04,200.0,15.8,S
2021-06-10T09:21:01,500.0,15.8,S
2021-06-10T09:20:59,100.0,15.8,S
2021-06-10T09:20:49,100.0,15.8,S
2021-06-10T09:20:34,1700.0,15.8,S
2021-06-10T09:20:31,500.0,15.8,S
2021-06-10T09:20:26,1000.0,15.8,S
2021-06-10T09:20:26,200.0,15.8,S
2021-06-10T09:19:07,2500.0,15.8,S
2021-06-10T09:19:04,500.0,15.9,B
2021-06-10T09:18:53,700.0,15.9,B
2021-06-10T09:18:50,100.0,15.8,S
2021-06-10T09:18:49,1000.0,15.9,B
2021-06-10T09:18:42,100.0,15.9,B
2021-06-10T09:18:38,1200.0,15.9,B
2021-06-10T09:17:55,400.0,15.9,B
2021-06-10T09:17:49,900.0,15.85,S
2021-06-10T09:17:02,2000.0,15.9,B
2021-06-10T09:16:45,100.0,15.9,B
2021-06-10T09:16:44,3000.0,15.9,B
2021-06-10T09:16:43,100.0,15.9,B
2021-06-10T09:16:30,1200.0,15.9,S
2021-06-10T09:16:28,400.0,15.9,S
2021-06-10T09:16:21,10000.0,15.9,S
2021-06-10T09:15:58,100.0,16.0,B
2021-06-10T09:15:34,200.0,16.0,B
