tradingTime,volume,price,side
2021-06-10T14:28:45,300.0,44.0,B
2021-06-10T14:28:22,600.0,44.0,B
2021-06-10T14:27:39,20500.0,44.0,B
2021-06-10T14:26:56,100.0,44.05,B
2021-06-10T14:25:38,3000.0,44.05,S
2021-06-10T14:22:10,200.0,44.1,B
2021-06-10T14:21:54,2000.0,44.1,B
2021-06-10T14:20:31,3700.0,44.05,B
2021-06-10T14:19:41,700.0,44.0,B
2021-06-10T14:19:40,28800.0,44.0,B
2021-06-10T14:18:41,300.0,44.0,B
2021-06-10T14:18:31,2000.0,43.95,S
2021-06-10T14:16:20,12000.0,44.0,B
2021-06-10T14:14:19,500.0,44.0,B
2021-06-10T14:14:13,500.0,44.0,B
2021-06-10T14:14:07,1000.0,44.0,B
2021-06-10T14:12:23,1000.0,44.0,B
2021-06-10T14:08:40,2000.0,44.0,B
2021-06-10T14:07:13,600.0,44.0,B
2021-06-10T14:05:10,3200.0,43.95,B
2021-06-10T14:03:39,3000.0,43.95,B
2021-06-10T14:01:17,600.0,43.95,B
2021-06-10T14:01:01,500.0,43.95,B
2021-06-10T14:01:00,300.0,43.9,S
2021-06-10T14:00:44,2600.0,43.95,B
2021-06-10T14:00:39,100.0,43.9,S
2021-06-10T13:55:23,700.0,43.9,S
2021-06-10T13:55:11,5000.0,43.95,B
2021-06-10T13:54:59,1100.0,43.9,S
2021-06-10T13:51:54,7600.0,43.95,B
2021-06-10T13:50:31,100.0,43.9,S
2021-06-10T13:50:13,1000.0,43.95,B
2021-06-10T13:47:42,200.0,43.95,B
2021-06-10T13:47:24,100.0,43.95,B
2021-06-10T13:45:41,100.0,43.95,B
2021-06-10T13:45:01,5000.0,43.95,B
2021-06-10T13:45:00,300.0,43.95,B
2021-06-10T13:39:41,2300.0,43.95,B
2021-06-10T13:39:34,18800.0,43.95,S
2021-06-10T13:39:01,3600.0,44.0,S
2021-06-10T13:37:41,1200.0,43.95,S
2021-06-10T13:36:58,12000.0,44.05,B
2021-06-10T13:36:58,38000.0,44.0,B
2021-06-10T13:34:52,500.0,44.0,B
2021-06-10T13:33:55,15000.0,44.0,B
2021-06-10T13:33:52,200.0,44.0,B
2021-06-10T13:30:44,500.0,44.0,B
2021-06-10T13:30:32,3000.0,44.0,B
2021-06-10T13:29:54,2400.0,44.0,B
2021-06-10T13:29:11,200.0,43.95,S
2021-06-10T13:29:02,300.0,44.0,B
2021-06-10T13:28:34,5600.0,43.95,B
2021-06-10T13:28:24,100.0,43.9,S
2021-06-10T13:27:51,2100.0,43.9,B
2021-06-10T13:27:25,400.0,43.85,B
2021-06-10T13:27:20,400.0,43.8,S
2021-06-10T13:26:57,600.0,43.8,B
2021-06-10T13:26:57,100.0,43.8,B
2021-06-10T13:26:57,169500.0,43.8,B
2021-06-10T13:26:46,1500.0,43.8,B
2021-06-10T13:26:06,1000.0,43.8,B
2021-06-10T13:26:05,300.0,43.8,B
2021-06-10T13:24:37,30000.0,43.8,B
2021-06-10T13:24:23,100.0,43.8,B
2021-06-10T13:23:45,100.0,43.8,B
2021-06-10T13:22:57,1000.0,43.8,B
2021-06-10T13:22:44,2300.0,43.8,B
2021-06-10T13:22:04,5600.0,43.8,B
2021-06-10T13:19:37,2000.0,43.8,B
2021-06-10T13:19:12,500.0,43.8,B
2021-06-10T13:16:09,15000.0,43.8,S
2021-06-10T13:16:09,1100.0,43.8,S
2021-06-10T13:15:50,4600.0,43.85,S
2021-06-10T13:11:40,1000.0,43.9,S
2021-06-10T13:11:26,21900.0,43.9,S
2021-06-10T13:09:09,10000.0,44.0,B
2021-06-10T13:08:42,200.0,43.95,S
2021-06-10T13:08:12,1000.0,43.95,S
2021-06-10T13:07:33,200.0,43.95,S
2021-06-10T13:06:44,800.0,43.95,S
2021-06-10T13:05:35,16300.0,44.0,S
2021-06-10T13:04:54,4000.0,44.0,S
2021-06-10T13:04:30,200.0,44.05,B
2021-06-10T13:04:12,100.0,44.05,B
2021-06-10T13:03:39,200.0,44.05,B
2021-06-10T13:03:19,2200.0,44.05,S
2021-06-10T13:02:54,7000.0,44.1,S
2021-06-10T13:02:54,300.0,44.1,S
2021-06-10T13:02:51,9200.0,44.1,S
2021-06-10T13:01:41,4000.0,44.2,B
2021-06-10T13:01:14,700.0,44.2,B
2021-06-10T13:01:01,2000.0,44.2,B
2021-06-10T13:00:35,4800.0,44.1,S
2021-06-10T13:00:30,100.0,44.1,S
2021-06-10T13:00:30,1600.0,44.2,B
2021-06-10T11:28:28,2000.0,44.2,B
2021-06-10T11:24:19,600.0,44.1,B
2021-06-10T11:23:01,300.0,44.1,B
2021-06-10T11:22:00,1000.0,44.1,B
2021-06-10T11:19:09,3100.0,44.1,B
2021-06-10T11:18:50,100.0,44.05,S
2021-06-10T11:18:46,200.0,44.05,B
2021-06-10T11:17:43,4000.0,44.0,B
2021-06-10T11:16:56,20000.0,44.0,B
2021-06-10T11:15:47,5000.0,44.0,B
2021-06-10T11:12:09,100.0,43.85,S
2021-06-10T11:12:02,20000.0,44.0,B
2021-06-10T11:10:48,2200.0,43.85,S
2021-06-10T11:10:48,1200.0,43.85,S
2021-06-10T11:10:14,5000.0,43.9,B
2021-06-10T11:08:45,2400.0,43.9,S
2021-06-10T11:07:52,1500.0,43.9,B
2021-06-10T11:07:49,500.0,43.9,B
2021-06-10T11:07:32,1000.0,43.9,B
2021-06-10T11:07:03,2300.0,43.9,B
2021-06-10T11:06:55,500.0,43.9,B
2021-06-10T11:06:28,100.0,43.9,B
2021-06-10T11:06:04,500.0,43.9,B
2021-06-10T11:05:27,100.0,43.9,B
2021-06-10T11:04:32,1300.0,43.85,S
2021-06-10T11:04:15,1000.0,43.9,B
2021-06-10T11:02:52,1100.0,43.95,S
2021-06-10T11:01:50,100.0,43.95,S
2021-06-10T10:59:59,7600.0,43.95,B
2021-06-10T10:59:35,300.0,43.9,B
2021-06-10T10:58:20,2000.0,43.9,B
2021-06-10T10:57:55,200.0,43.9,B
2021-06-10T10:56:05,1900.0,43.9,S
2021-06-10T10:56:02,100.0,43.95,S
2021-06-10T10:52:15,10000.0,44.0,S
2021-06-10T10:51:50,100.0,44.1,S
2021-06-10T10:51:08,3400.0,44.2,S
2021-06-10T10:51:08,200.0,44.3,S
2021-06-10T10:50:24,4800.0,44.3,B
2021-06-10T10:50:01,1300.0,44.2,S
2021-06-10T10:49:17,200.0,44.3,S
2021-06-10T10:49:17,15000.0,44.3,S
2021-06-10T10:48:56,3300.0,44.35,S
2021-06-10T10:48:45,10100.0,44.4,S
2021-06-10T10:48:24,20000.0,44.4,S
2021-06-10T10:47:50,100.0,44.45,B
2021-06-10T10:47:00,11900.0,44.45,S
2021-06-10T10:45:26,1100.0,44.45,B
2021-06-10T10:44:09,700.0,44.45,B
2021-06-10T10:43:19,2000.0,44.45,B
2021-06-10T10:42:38,500.0,44.45,B
2021-06-10T10:41:31,500.0,44.45,B
2021-06-10T10:40:59,100.0,44.5,B
2021-06-10T10:39:39,100.0,44.5,S
2021-06-10T10:39:38,1900.0,44.5,S
2021-06-10T10:39:19,100.0,44.5,S
2021-06-10T10:38:44,200.0,44.4,B
2021-06-10T10:38:37,300.0,44.4,B
2021-06-10T10:38:27,5000.0,44.4,S
2021-06-10T10:38:07,9900.0,45.0,B
2021-06-10T10:38:07,500.0,45.0,B
2021-06-10T10:38:07,14200.0,45.0,B
2021-06-10T10:38:07,25400.0,44.8,B
2021-06-10T10:38:03,1000.0,44.5,B
2021-06-10T10:37:55,500.0,44.5,B
2021-06-10T10:37:28,200.0,44.5,B
2021-06-10T10:37:18,20000.0,44.5,B
2021-06-10T10:36:11,2000.0,44.35,S
2021-06-10T10:36:10,200.0,44.5,B
2021-06-10T10:35:56,700.0,44.45,B
2021-06-10T10:35:19,2000.0,44.4,B
2021-06-10T10:35:17,2000.0,44.35,S
2021-06-10T10:35:14,100.0,44.4,B
2021-06-10T10:34:47,10000.0,44.4,B
2021-06-10T10:34:28,300.0,44.2,S
2021-06-10T10:34:00,100.0,44.2,S
2021-06-10T10:33:58,5000.0,44.3,B
2021-06-10T10:33:58,20000.0,44.3,B
2021-06-10T10:32:06,3000.0,44.3,B
2021-06-10T10:31:15,20000.0,44.3,B
2021-06-10T10:30:39,1400.0,44.0,B
2021-06-10T10:30:39,1000.0,44.0,B
2021-06-10T10:30:39,200.0,44.0,B
2021-06-10T10:30:39,500.0,44.0,B
2021-06-10T10:30:12,2000.0,44.0,B
2021-06-10T10:29:59,30000.0,44.0,B
2021-06-10T10:28:58,5000.0,44.0,B
2021-06-10T10:28:17,2000.0,44.0,B
2021-06-10T10:27:32,1000.0,44.0,B
2021-06-10T10:27:11,400.0,44.0,B
2021-06-10T10:25:55,10000.0,44.0,B
2021-06-10T10:25:26,200.0,43.9,S
2021-06-10T10:24:34,2000.0,44.0,B
2021-06-10T10:24:14,80000.0,44.0,B
2021-06-10T10:23:04,100000.0,44.0,B
2021-06-10T10:22:56,10800.0,43.8,S
2021-06-10T10:22:04,300.0,43.85,S
2021-06-10T10:20:44,400.0,43.85,S
2021-06-10T10:16:45,1000.0,43.9,B
2021-06-10T10:15:07,2000.0,43.9,B
2021-06-10T10:14:35,10000.0,43.9,S
2021-06-10T10:14:35,9100.0,43.9,S
2021-06-10T10:14:20,200.0,43.9,S
2021-06-10T10:13:58,300.0,43.9,S
2021-06-10T10:13:42,20400.0,43.9,B
2021-06-10T10:12:52,600.0,43.85,S
2021-06-10T10:12:41,1000.0,43.9,B
2021-06-10T10:12:25,5000.0,43.9,B
2021-06-10T10:11:35,4400.0,43.85,B
2021-06-10T10:11:25,100.0,43.8,S
2021-06-10T10:11:15,500.0,43.8,S
2021-06-10T10:10:51,2800.0,43.8,B
2021-06-10T10:10:49,1500.0,43.8,B
2021-06-10T10:09:55,100.0,43.8,B
2021-06-10T10:09:25,1000.0,43.8,B
2021-06-10T10:08:54,500.0,43.8,B
2021-06-10T10:08:38,1000.0,43.8,B
2021-06-10T10:08:01,1700.0,43.75,B
2021-06-10T10:07:27,7800.0,43.7,B
2021-06-10T10:06:29,100.0,43.7,B
2021-06-10T10:06:01,6000.0,43.7,S
2021-06-10T10:05:59,6400.0,43.7,S
2021-06-10T10:05:19,200.0,43.7,S
2021-06-10T10:04:22,35400.0,43.7,B
2021-06-10T10:04:17,700.0,43.65,B
2021-06-10T10:04:03,100.0,43.6,S
2021-06-10T10:03:42,1800.0,43.6,B
2021-06-10T10:03:09,600.0,43.6,B
2021-06-10T10:03:04,9000.0,43.6,B
2021-06-10T10:02:48,8600.0,43.6,B
2021-06-10T10:02:03,1000.0,43.5,B
2021-06-10T10:01:13,100000.0,43.5,B
2021-06-10T10:00:48,12400.0,43.2,B
2021-06-10T10:00:10,100.0,43.1,B
2021-06-10T10:00:05,5300.0,43.1,B
2021-06-10T09:59:19,300.0,43.0,B
2021-06-10T09:57:34,19200.0,43.0,B
2021-06-10T09:57:34,100.0,43.0,B
2021-06-10T09:57:33,200.0,43.0,B
2021-06-10T09:57:13,300.0,42.95,S
2021-06-10T09:54:55,100.0,42.95,S
2021-06-10T09:53:53,200.0,42.95,S
2021-06-10T09:53:21,100.0,43.0,S
2021-06-10T09:53:01,30900.0,43.0,S
2021-06-10T09:51:30,4700.0,43.1,S
2021-06-10T09:50:23,500.0,43.1,S
2021-06-10T09:50:10,14500.0,43.1,S
2021-06-10T09:49:36,100.0,43.1,S
2021-06-10T09:49:31,1000.0,43.1,S
2021-06-10T09:46:06,5000.0,43.1,S
2021-06-10T09:45:45,17800.0,43.2,S
2021-06-10T09:45:10,500.0,43.2,S
2021-06-10T09:44:58,300.0,43.2,S
2021-06-10T09:43:16,3500.0,43.2,S
2021-06-10T09:43:02,4800.0,43.3,S
2021-06-10T09:42:08,3000.0,43.3,S
2021-06-10T09:41:08,13400.0,43.3,S
2021-06-10T09:40:17,1200.0,43.3,S
2021-06-10T09:38:48,9900.0,43.4,S
2021-06-10T09:38:19,500.0,43.4,S
2021-06-10T09:37:47,200.0,43.45,B
2021-06-10T09:37:38,2000.0,43.4,S
2021-06-10T09:35:43,100.0,43.45,S
2021-06-10T09:35:43,200.0,43.45,S
2021-06-10T09:35:27,3000.0,43.45,S
2021-06-10T09:35:26,600.0,43.5,B
2021-06-10T09:32:25,14000.0,43.5,S
2021-06-10T09:31:53,400.0,43.5,S
2021-06-10T09:29:36,1000.0,43.5,S
2021-06-10T09:28:59,5000.0,43.5,B
2021-06-10T09:28:44,600.0,43.45,S
2021-06-10T09:28:31,10000.0,43.65,B
2021-06-10T09:27:11,700.0,43.5,B
2021-06-10T09:26:49,1000.0,43.5,B
2021-06-10T09:26:05,5000.0,43.5,B
2021-06-10T09:26:02,2200.0,43.45,S
2021-06-10T09:26:00,15000.0,43.5,B
2021-06-10T09:25:43,6000.0,43.5,B
2021-06-10T09:23:48,1600.0,43.5,B
2021-06-10T09:22:07,6000.0,43.45,B
2021-06-10T09:21:29,18600.0,43.4,B
2021-06-10T09:20:02,2000.0,43.45,B
2021-06-10T09:19:04,5600.0,43.3,B
2021-06-10T09:18:46,1000.0,43.2,S
2021-06-10T09:17:11,2000.0,43.45,B
2021-06-10T09:16:56,200.0,43.2,S
