tradingTime,volume,price,side
2021-06-10T14:30:02,100.0,19.15,S
2021-06-10T14:29:58,200.0,19.15,S
2021-06-10T14:29:52,100.0,19.15,S
2021-06-10T14:29:34,400.0,19.15,S
2021-06-10T14:29:27,100.0,19.15,S
2021-06-10T14:29:21,300.0,19.15,S
2021-06-10T14:29:02,100.0,19.15,S
2021-06-10T14:28:48,300.0,19.15,S
2021-06-10T14:28:31,100.0,19.15,S
2021-06-10T14:28:26,400.0,19.15,S
2021-06-10T14:27:45,300.0,19.15,S
2021-06-10T14:27:37,100.0,19.15,S
2021-06-10T14:26:31,3600.0,19.15,S
2021-06-10T14:26:03,1100.0,19.15,S
2021-06-10T14:25:55,100.0,19.15,S
2021-06-10T14:25:35,10000.0,19.15,S
2021-06-10T14:25:18,1000.0,19.15,S
2021-06-10T14:25:06,100.0,19.15,S
2021-06-10T14:25:02,300.0,19.15,S
2021-06-10T14:24:39,900.0,19.15,S
2021-06-10T14:23:50,500.0,19.15,S
2021-06-10T14:23:40,100.0,19.15,S
2021-06-10T14:23:12,100.0,19.15,S
2021-06-10T14:22:56,400.0,19.15,S
2021-06-10T14:22:50,100.0,19.15,S
2021-06-10T14:21:36,500.0,19.15,S
2021-06-10T14:21:18,2000.0,19.15,S
2021-06-10T14:21:13,1000.0,19.15,S
2021-06-10T14:20:50,1000.0,19.15,S
2021-06-10T14:20:40,1000.0,19.15,S
2021-06-10T14:20:15,200.0,19.15,S
2021-06-10T14:20:08,3500.0,19.15,S
2021-06-10T14:19:57,500.0,19.15,S
2021-06-10T14:19:54,300.0,19.15,S
2021-06-10T14:19:26,200.0,19.15,S
2021-06-10T14:18:58,1000.0,19.15,S
2021-06-10T14:18:49,500.0,19.15,S
2021-06-10T14:17:58,500.0,19.15,S
2021-06-10T14:17:53,200.0,19.15,S
2021-06-10T14:17:50,3000.0,19.15,S
2021-06-10T14:17:31,300.0,19.15,S
2021-06-10T14:17:11,400.0,19.15,S
2021-06-10T14:16:56,200.0,19.15,S
2021-06-10T14:16:54,1700.0,19.15,S
2021-06-10T14:16:54,3300.0,19.15,S
2021-06-10T14:16:23,1000.0,19.15,S
2021-06-10T14:15:51,1900.0,19.15,S
2021-06-10T14:15:24,1000.0,19.15,S
2021-06-10T14:15:15,200.0,19.15,S
2021-06-10T14:15:00,100.0,19.15,S
2021-06-10T14:14:43,300.0,19.15,S
2021-06-10T14:13:23,1000.0,19.15,S
2021-06-10T14:13:13,1500.0,19.15,S
2021-06-10T14:12:31,1000.0,19.15,S
2021-06-10T14:12:21,500.0,19.15,S
2021-06-10T14:11:34,2500.0,19.15,S
2021-06-10T14:10:53,400.0,19.15,S
2021-06-10T14:10:53,600.0,19.15,S
2021-06-10T14:10:14,200.0,19.15,S
2021-06-10T14:10:08,100.0,19.15,S
2021-06-10T14:09:32,100.0,19.15,S
2021-06-10T14:09:08,100.0,19.15,S
2021-06-10T14:08:58,1000.0,19.15,S
2021-06-10T14:08:54,100.0,19.15,S
2021-06-10T14:08:29,2000.0,19.15,S
2021-06-10T14:08:10,200.0,19.15,S
2021-06-10T14:08:10,1000.0,19.15,S
2021-06-10T14:08:06,100.0,19.15,S
2021-06-10T14:08:06,20000.0,19.15,S
2021-06-10T14:08:02,1800.0,19.15,S
2021-06-10T14:08:02,600.0,19.15,S
2021-06-10T14:07:19,200.0,19.15,S
2021-06-10T14:07:12,100.0,19.15,S
2021-06-10T14:07:05,600.0,19.15,S
2021-06-10T14:06:26,100.0,19.15,S
2021-06-10T14:06:16,1800.0,19.15,S
2021-06-10T14:05:58,100.0,19.15,S
2021-06-10T14:05:21,1000.0,19.15,S
2021-06-10T14:05:21,100.0,19.15,S
2021-06-10T14:05:14,200.0,19.15,S
2021-06-10T14:05:11,1100.0,19.15,S
2021-06-10T14:05:02,100.0,19.15,S
2021-06-10T14:04:59,200.0,19.15,S
2021-06-10T14:04:57,100.0,19.15,S
2021-06-10T14:04:54,100.0,19.15,S
2021-06-10T14:04:53,500.0,19.15,S
2021-06-10T14:04:41,100.0,19.15,S
2021-06-10T14:04:19,200.0,19.15,S
2021-06-10T14:04:15,100.0,19.15,S
2021-06-10T14:03:52,200.0,19.15,S
2021-06-10T14:03:51,100.0,19.15,S
2021-06-10T14:03:47,500.0,19.15,S
2021-06-10T14:03:41,100.0,19.15,S
2021-06-10T14:03:32,500.0,19.15,S
2021-06-10T14:03:22,1000.0,19.15,S
2021-06-10T14:03:20,500.0,19.15,S
2021-06-10T14:03:01,500.0,19.15,S
2021-06-10T14:02:59,100.0,19.15,S
2021-06-10T14:02:39,10000.0,19.15,S
2021-06-10T14:02:31,3000.0,19.15,S
2021-06-10T14:02:04,1600.0,19.15,S
2021-06-10T14:01:59,300.0,19.15,S
2021-06-10T14:01:31,100.0,19.15,S
2021-06-10T14:01:28,2000.0,19.15,S
2021-06-10T14:01:19,200.0,19.15,S
2021-06-10T14:01:04,100.0,19.15,S
2021-06-10T14:01:04,500.0,19.15,S
2021-06-10T14:01:02,1100.0,19.15,S
2021-06-10T14:00:58,5000.0,19.15,S
2021-06-10T14:00:56,100.0,19.15,S
2021-06-10T14:00:52,9900.0,19.15,S
2021-06-10T14:00:52,6200.0,19.15,S
2021-06-10T14:00:52,5000.0,19.15,S
2021-06-10T14:00:52,5700.0,19.15,S
2021-06-10T14:00:52,800.0,19.15,S
2021-06-10T14:00:52,2400.0,19.15,S
2021-06-10T14:00:52,500.0,19.15,S
2021-06-10T14:00:43,100.0,19.15,S
2021-06-10T14:00:41,200.0,19.15,S
2021-06-10T14:00:21,4000.0,19.15,S
2021-06-10T14:00:21,3000.0,19.15,S
2021-06-10T14:00:19,600.0,19.15,S
2021-06-10T14:00:04,200.0,19.15,S
2021-06-10T14:00:04,300.0,19.15,S
2021-06-10T13:59:59,400.0,19.15,S
2021-06-10T13:59:57,2500.0,19.15,S
2021-06-10T13:59:48,600.0,19.15,S
2021-06-10T13:59:37,100.0,19.15,S
2021-06-10T13:59:36,100.0,19.15,S
2021-06-10T13:59:34,100.0,19.15,S
2021-06-10T13:59:20,20000.0,19.15,S
2021-06-10T13:59:19,3800.0,19.15,S
2021-06-10T13:59:14,2000.0,19.15,S
2021-06-10T13:58:54,9400.0,19.15,S
2021-06-10T13:58:54,10600.0,19.15,S
2021-06-10T13:58:45,800.0,19.15,S
2021-06-10T13:58:38,100.0,19.15,S
2021-06-10T13:58:19,100.0,19.15,S
2021-06-10T13:57:55,100.0,19.15,S
2021-06-10T13:57:51,400.0,19.15,S
2021-06-10T13:57:47,100.0,19.15,S
2021-06-10T13:57:46,300.0,19.15,S
2021-06-10T13:57:43,200.0,19.15,S
2021-06-10T13:57:42,500.0,19.15,S
2021-06-10T13:57:42,10000.0,19.15,S
2021-06-10T13:57:39,100.0,19.15,S
2021-06-10T13:57:32,500.0,19.15,S
2021-06-10T13:57:07,2000.0,19.15,S
2021-06-10T13:57:04,400.0,19.15,S
2021-06-10T13:56:56,500.0,19.15,S
2021-06-10T13:56:54,100.0,19.15,S
2021-06-10T13:56:52,5000.0,19.15,S
2021-06-10T13:56:50,15500.0,19.15,S
2021-06-10T13:56:38,500.0,19.15,S
2021-06-10T13:56:29,100.0,19.15,S
2021-06-10T13:56:29,100.0,19.15,S
2021-06-10T13:56:27,500.0,19.15,S
2021-06-10T13:56:12,100.0,19.15,S
2021-06-10T13:56:08,1200.0,19.15,S
2021-06-10T13:55:41,2000.0,19.15,S
2021-06-10T13:55:36,500.0,19.15,B
2021-06-10T13:55:31,2600.0,19.15,B
2021-06-10T13:55:31,1500.0,19.15,B
2021-06-10T13:55:29,500.0,19.15,B
2021-06-10T13:55:28,10500.0,19.15,B
2021-06-10T13:55:28,3000.0,19.15,B
2021-06-10T13:55:27,1000.0,19.15,B
2021-06-10T13:55:26,1800.0,19.15,B
2021-06-10T13:55:26,1100.0,19.15,B
2021-06-10T13:55:26,47100.0,19.15,B
2021-06-10T13:55:24,1000.0,19.15,B
2021-06-10T13:55:22,2000.0,19.15,B
2021-06-10T13:55:20,3000.0,19.15,B
2021-06-10T13:55:19,500.0,19.15,B
2021-06-10T13:55:19,2300.0,19.15,B
2021-06-10T13:55:18,500.0,19.15,B
2021-06-10T13:55:18,8000.0,19.15,B
2021-06-10T13:55:17,2000.0,19.15,B
2021-06-10T13:55:17,1500.0,19.15,B
2021-06-10T13:55:17,1000.0,19.15,B
2021-06-10T13:55:16,1100.0,19.15,B
2021-06-10T13:55:16,100.0,19.15,B
2021-06-10T13:55:16,7200.0,19.15,B
2021-06-10T13:55:16,3100.0,19.15,B
2021-06-10T13:55:16,1500.0,19.15,B
2021-06-10T13:55:16,1300.0,19.15,B
2021-06-10T13:55:16,3100.0,19.15,B
2021-06-10T13:55:16,2600.0,19.15,B
2021-06-10T13:55:15,200.0,19.15,B
2021-06-10T13:55:14,4200.0,19.15,B
2021-06-10T13:55:14,1400.0,19.15,B
2021-06-10T13:55:14,2000.0,19.15,B
2021-06-10T13:55:14,100.0,19.15,B
2021-06-10T13:55:13,500.0,19.15,B
2021-06-10T13:55:13,1000.0,19.15,B
2021-06-10T13:55:12,5000.0,19.15,B
2021-06-10T13:55:11,2200.0,19.15,B
2021-06-10T13:55:11,1000.0,19.15,B
2021-06-10T13:55:10,100.0,19.15,B
2021-06-10T13:55:09,1000.0,19.15,B
2021-06-10T13:55:09,2000.0,19.15,B
2021-06-10T13:55:09,500.0,19.15,B
2021-06-10T13:55:09,500.0,19.15,B
2021-06-10T13:55:09,1100.0,19.15,B
2021-06-10T13:55:09,500.0,19.15,B
2021-06-10T13:55:09,500.0,19.15,B
2021-06-10T13:55:09,1500.0,19.15,B
2021-06-10T13:55:09,35400.0,19.15,B
2021-06-10T13:55:05,5000.0,19.15,B
2021-06-10T13:55:04,100.0,19.15,B
2021-06-10T13:55:04,10200.0,19.15,B
2021-06-10T13:55:03,200.0,19.15,B
2021-06-10T13:55:02,3000.0,19.15,B
2021-06-10T13:55:02,500.0,19.15,B
2021-06-10T13:54:59,5000.0,19.15,B
2021-06-10T13:54:58,4500.0,19.15,B
2021-06-10T13:54:58,1100.0,19.15,B
2021-06-10T13:54:58,500.0,19.15,B
2021-06-10T13:54:58,1300.0,19.15,B
2021-06-10T13:54:58,2100.0,19.15,B
2021-06-10T13:54:55,4300.0,19.15,B
2021-06-10T13:54:55,700.0,19.15,B
2021-06-10T13:54:55,20400.0,19.15,B
2021-06-10T13:54:55,1300.0,19.15,B
2021-06-10T13:54:55,13200.0,19.15,B
2021-06-10T13:54:55,1600.0,19.15,B
2021-06-10T13:54:55,10600.0,19.15,B
2021-06-10T13:54:55,700.0,19.15,B
2021-06-10T13:54:55,4200.0,19.15,B
2021-06-10T13:54:54,100.0,19.15,B
2021-06-10T13:54:54,1000.0,19.15,B
2021-06-10T13:54:54,200.0,19.15,B
2021-06-10T13:54:52,4400.0,19.15,B
2021-06-10T13:54:52,2500.0,19.15,B
2021-06-10T13:54:52,9300.0,19.15,B
2021-06-10T13:54:52,400.0,19.15,B
2021-06-10T13:54:52,1000.0,19.15,B
2021-06-10T13:54:52,2400.0,19.15,B
2021-06-10T13:54:48,5500.0,19.15,B
2021-06-10T13:54:48,4500.0,19.15,B
2021-06-10T13:54:46,3000.0,19.15,B
2021-06-10T13:54:46,1400.0,19.15,B
2021-06-10T13:54:45,5000.0,19.15,B
2021-06-10T13:54:44,1500.0,19.15,B
2021-06-10T13:54:43,4200.0,19.15,B
2021-06-10T13:54:43,100.0,19.15,B
2021-06-10T13:54:43,1900.0,19.15,B
2021-06-10T13:54:43,2300.0,19.15,B
2021-06-10T13:54:43,100.0,19.15,B
2021-06-10T13:54:43,2500.0,19.15,B
2021-06-10T13:54:43,1500.0,19.15,B
2021-06-10T13:54:43,4100.0,19.15,B
2021-06-10T13:54:43,600.0,19.15,B
2021-06-10T13:54:43,2700.0,19.15,B
2021-06-10T13:54:32,100.0,19.15,B
2021-06-10T13:54:32,9900.0,19.15,B
2021-06-10T13:54:30,1500.0,19.15,B
2021-06-10T13:54:30,2300.0,19.15,B
2021-06-10T13:54:30,600.0,19.15,B
2021-06-10T13:54:30,600.0,19.15,B
2021-06-10T13:54:30,5000.0,19.15,B
2021-06-10T13:54:30,200.0,19.15,B
2021-06-10T13:54:30,4800.0,19.15,B
2021-06-10T13:54:29,1400.0,19.15,B
2021-06-10T13:54:29,1900.0,19.15,B
2021-06-10T13:54:29,1900.0,19.15,B
2021-06-10T13:54:29,4900.0,19.15,B
2021-06-10T13:54:28,5000.0,19.15,B
2021-06-10T13:54:28,800.0,19.15,B
2021-06-10T13:54:27,100.0,19.15,B
2021-06-10T13:54:25,300.0,19.15,B
2021-06-10T13:54:24,10000.0,19.15,B
2021-06-10T13:54:23,200.0,19.15,B
2021-06-10T13:54:23,1900.0,19.15,B
2021-06-10T13:54:21,9000.0,19.15,B
2021-06-10T13:54:21,3000.0,19.15,B
2021-06-10T13:54:21,15300.0,19.15,B
2021-06-10T13:54:21,10000.0,19.15,B
2021-06-10T13:54:21,6100.0,19.15,B
2021-06-10T13:54:21,500.0,19.15,B
2021-06-10T13:54:21,1400.0,19.15,B
2021-06-10T13:54:20,1900.0,19.15,B
2021-06-10T13:54:20,5700.0,19.15,B
2021-06-10T13:54:20,9300.0,19.15,B
2021-06-10T13:54:20,13000.0,19.15,B
2021-06-10T13:54:20,1300.0,19.15,B
2021-06-10T13:54:20,20800.0,19.15,B
2021-06-10T13:54:19,11000.0,19.15,B
2021-06-10T13:54:18,500.0,19.15,B
2021-06-10T13:54:15,2000.0,19.15,B
2021-06-10T13:54:15,600.0,19.15,B
2021-06-10T13:54:15,300.0,19.15,B
2021-06-10T13:54:15,8100.0,19.15,B
2021-06-10T13:54:15,11300.0,19.15,B
2021-06-10T13:54:15,100.0,19.15,B
2021-06-10T13:54:15,6800.0,19.15,B
2021-06-10T13:54:15,300.0,19.15,B
2021-06-10T13:54:15,1200.0,19.15,B
2021-06-10T13:54:14,300.0,19.15,B
2021-06-10T13:54:13,300.0,19.15,B
2021-06-10T13:54:11,10400.0,19.15,B
2021-06-10T13:54:10,1000.0,19.15,B
2021-06-10T13:54:09,600.0,19.15,B
2021-06-10T13:54:08,14000.0,19.15,B
2021-06-10T13:54:08,1400.0,19.15,B
2021-06-10T13:54:08,600.0,19.15,B
2021-06-10T13:54:08,300.0,19.15,B
2021-06-10T13:54:08,1100.0,19.15,B
2021-06-10T13:54:07,1000.0,19.15,B
2021-06-10T13:54:07,1100.0,19.15,B
2021-06-10T13:54:07,500.0,19.15,B
2021-06-10T13:54:05,2100.0,19.15,B
2021-06-10T13:54:05,7200.0,19.15,B
2021-06-10T13:54:05,5000.0,19.15,B
2021-06-10T13:54:05,700.0,19.15,B
2021-06-10T13:54:02,300.0,19.15,B
2021-06-10T13:54:01,1700.0,19.15,B
2021-06-10T13:54:00,3000.0,19.15,B
2021-06-10T13:53:57,2000.0,19.15,B
2021-06-10T13:53:55,3000.0,19.15,B
2021-06-10T13:53:55,1200.0,19.15,B
2021-06-10T13:53:55,800.0,19.15,B
2021-06-10T13:53:55,100.0,19.15,B
2021-06-10T13:53:55,5000.0,19.15,B
2021-06-10T13:53:55,300.0,19.15,B
2021-06-10T13:53:55,900.0,19.15,B
2021-06-10T13:53:55,11700.0,19.15,B
2021-06-10T13:53:52,4500.0,19.15,B
2021-06-10T13:53:52,500.0,19.15,B
2021-06-10T13:53:52,7000.0,19.15,B
2021-06-10T13:53:52,200.0,19.15,B
2021-06-10T13:53:52,500.0,19.15,B
2021-06-10T13:53:52,3500.0,19.15,B
2021-06-10T13:53:52,1000.0,19.15,B
2021-06-10T13:53:52,1800.0,19.15,B
2021-06-10T13:53:52,1500.0,19.15,B
2021-06-10T13:53:52,11500.0,19.15,B
2021-06-10T13:53:52,3800.0,19.15,B
2021-06-10T13:53:52,3500.0,19.15,B
2021-06-10T13:53:52,300.0,19.15,B
2021-06-10T13:53:52,5500.0,19.15,B
2021-06-10T13:53:52,5800.0,19.15,B
2021-06-10T13:53:51,12200.0,19.15,B
2021-06-10T13:53:51,100.0,19.15,B
2021-06-10T13:53:51,9500.0,19.15,B
2021-06-10T13:53:51,10600.0,19.15,B
2021-06-10T13:53:51,6500.0,19.15,B
2021-06-10T13:53:51,1400.0,19.15,B
2021-06-10T13:53:51,1000.0,19.15,B
2021-06-10T13:53:51,6500.0,19.15,B
2021-06-10T13:53:51,7200.0,19.15,B
2021-06-10T13:53:51,200.0,19.15,B
2021-06-10T13:53:51,5500.0,19.15,B
2021-06-10T13:53:51,3200.0,19.15,B
2021-06-10T13:53:51,1700.0,19.15,B
2021-06-10T13:53:51,5500.0,19.15,B
2021-06-10T13:53:50,2000.0,19.15,B
2021-06-10T13:53:46,2000.0,19.15,B
2021-06-10T13:53:45,12100.0,19.15,B
2021-06-10T13:53:45,27900.0,19.15,B
2021-06-10T13:53:45,40300.0,19.15,B
2021-06-10T13:53:45,1100.0,19.15,B
2021-06-10T13:53:45,1600.0,19.15,B
2021-06-10T13:53:45,400.0,19.15,B
2021-06-10T13:53:44,6600.0,19.15,B
2021-06-10T13:53:40,600.0,19.15,B
2021-06-10T13:53:37,600.0,19.15,B
2021-06-10T13:53:36,900.0,19.15,B
2021-06-10T13:53:36,100.0,19.15,B
2021-06-10T13:53:35,3000.0,19.15,B
2021-06-10T13:53:33,400.0,19.15,B
2021-06-10T13:53:31,1000.0,19.15,B
2021-06-10T13:53:31,1000.0,19.15,B
2021-06-10T13:53:25,100.0,19.15,B
2021-06-10T13:53:20,400.0,19.15,B
2021-06-10T13:53:20,6000.0,19.15,B
2021-06-10T13:53:20,3000.0,19.15,B
2021-06-10T13:53:20,5000.0,19.15,B
2021-06-10T13:53:20,6000.0,19.15,B
2021-06-10T13:53:20,9800.0,19.15,B
2021-06-10T13:53:19,1000.0,19.15,B
2021-06-10T13:53:18,200.0,19.15,B
2021-06-10T13:53:15,2000.0,19.15,B
2021-06-10T13:53:14,3000.0,19.15,B
2021-06-10T13:53:13,2500.0,19.15,B
2021-06-10T13:53:10,10000.0,19.15,B
2021-06-10T13:53:10,200.0,19.15,B
2021-06-10T13:53:09,1500.0,19.15,B
2021-06-10T13:53:09,6500.0,19.15,B
2021-06-10T13:53:09,50000.0,19.15,B
2021-06-10T13:53:07,1000.0,19.15,B
2021-06-10T13:53:06,4000.0,19.15,B
2021-06-10T13:53:06,1500.0,19.15,B
2021-06-10T13:53:05,10000.0,19.15,B
2021-06-10T13:53:04,200.0,19.15,B
2021-06-10T13:53:03,100.0,19.15,B
2021-06-10T13:53:03,3000.0,19.15,B
2021-06-10T13:53:03,13000.0,19.15,B
2021-06-10T13:53:03,100.0,19.15,B
2021-06-10T13:53:02,21500.0,19.15,B
2021-06-10T13:53:02,500.0,19.15,B
2021-06-10T13:53:01,10000.0,19.15,B
2021-06-10T13:53:00,3000.0,19.15,B
2021-06-10T13:53:00,1000.0,19.15,B
2021-06-10T13:52:59,30100.0,19.15,B
2021-06-10T13:52:56,100.0,19.15,B
2021-06-10T13:52:55,1000.0,19.15,B
2021-06-10T13:52:55,100.0,19.15,B
2021-06-10T13:52:20,200.0,19.15,B
2021-06-10T13:52:18,3000.0,19.15,B
2021-06-10T13:52:16,1600.0,19.15,B
2021-06-10T13:52:16,5000.0,19.15,B
2021-06-10T13:52:15,1000.0,19.15,B
2021-06-10T13:52:14,2000.0,19.15,B
2021-06-10T13:52:12,10000.0,19.15,B
2021-06-10T13:52:01,500.0,19.15,B
2021-06-10T13:52:00,100.0,19.15,B
2021-06-10T13:51:59,38600.0,19.15,B
2021-06-10T13:51:59,9000.0,19.15,B
2021-06-10T13:51:59,6100.0,19.15,B
2021-06-10T13:51:59,4200.0,19.15,B
2021-06-10T13:51:59,8100.0,19.15,B
2021-06-10T13:51:57,19000.0,19.15,B
2021-06-10T13:51:57,100.0,19.15,B
2021-06-10T13:51:56,100.0,19.15,B
2021-06-10T13:51:54,100.0,19.15,B
2021-06-10T13:51:49,300.0,19.15,B
2021-06-10T13:51:46,20000.0,19.15,B
2021-06-10T13:51:42,30000.0,19.15,B
2021-06-10T13:51:38,5000.0,19.15,B
2021-06-10T13:51:36,5000.0,19.15,B
2021-06-10T13:51:34,2000.0,19.15,B
2021-06-10T13:51:29,1000.0,19.15,B
2021-06-10T13:51:28,200.0,19.15,B
2021-06-10T13:51:26,2000.0,19.15,B
2021-06-10T13:51:05,100.0,19.15,B
2021-06-10T13:51:02,800.0,19.15,B
2021-06-10T13:51:00,5200.0,19.15,B
2021-06-10T13:51:00,100.0,19.15,B
2021-06-10T13:50:49,100.0,19.15,B
2021-06-10T13:50:37,1000.0,19.1,S
2021-06-10T13:50:36,400.0,19.1,S
2021-06-10T13:50:30,100.0,19.15,B
2021-06-10T13:50:29,8000.0,19.15,B
2021-06-10T13:50:27,200.0,19.15,B
2021-06-10T13:50:22,5000.0,19.1,S
2021-06-10T13:50:22,4000.0,19.15,B
2021-06-10T13:50:15,7000.0,19.15,B
2021-06-10T13:50:13,1200.0,19.15,B
2021-06-10T13:50:13,1500.0,19.15,B
2021-06-10T13:50:12,400.0,19.1,S
2021-06-10T13:50:07,10000.0,19.15,B
2021-06-10T13:50:05,100.0,19.15,B
2021-06-10T13:49:58,500.0,19.15,B
2021-06-10T13:49:58,5500.0,19.15,B
2021-06-10T13:49:58,1300.0,19.15,B
2021-06-10T13:49:56,3200.0,19.15,B
2021-06-10T13:49:56,4500.0,19.15,B
2021-06-10T13:49:45,3000.0,19.15,B
2021-06-10T13:49:41,7000.0,19.15,B
2021-06-10T13:49:41,33000.0,19.15,B
2021-06-10T13:49:35,3000.0,19.15,B
2021-06-10T13:49:34,200.0,19.15,B
2021-06-10T13:49:30,1000.0,19.15,B
2021-06-10T13:49:19,2000.0,19.15,B
2021-06-10T13:49:15,2600.0,19.15,B
2021-06-10T13:49:06,400.0,19.15,B
2021-06-10T13:48:56,5000.0,19.15,B
2021-06-10T13:48:40,1300.0,19.15,B
2021-06-10T13:48:38,2000.0,19.15,B
2021-06-10T13:48:35,10000.0,19.1,S
2021-06-10T13:48:33,3500.0,19.1,S
2021-06-10T13:48:32,200.0,19.1,S
2021-06-10T13:48:21,4500.0,19.15,B
2021-06-10T13:48:20,500.0,19.1,S
2021-06-10T13:48:17,1000.0,19.1,S
2021-06-10T13:48:14,10000.0,19.15,B
2021-06-10T13:48:04,3000.0,19.15,B
2021-06-10T13:47:57,300.0,19.15,B
2021-06-10T13:47:56,1000.0,19.15,B
2021-06-10T13:47:48,10000.0,19.1,S
2021-06-10T13:47:47,500.0,19.15,B
2021-06-10T13:47:39,3000.0,19.15,B
2021-06-10T13:47:26,5000.0,19.15,B
2021-06-10T13:47:26,200.0,19.1,S
2021-06-10T13:47:22,100.0,19.15,B
2021-06-10T13:47:18,1200.0,19.15,B
2021-06-10T13:47:17,2000.0,19.1,B
2021-06-10T13:47:17,6700.0,19.1,B
2021-06-10T13:47:17,8500.0,19.1,B
2021-06-10T13:47:13,400.0,19.1,B
2021-06-10T13:47:09,26000.0,19.1,B
2021-06-10T13:47:07,2500.0,19.1,B
2021-06-10T13:47:06,400.0,19.1,B
2021-06-10T13:47:03,2000.0,19.1,B
2021-06-10T13:47:03,500.0,19.1,B
2021-06-10T13:47:03,4200.0,19.1,B
2021-06-10T13:47:03,5300.0,19.1,B
2021-06-10T13:46:48,30000.0,19.1,B
2021-06-10T13:46:36,1000.0,19.1,B
2021-06-10T13:46:31,200.0,19.1,B
2021-06-10T13:46:25,3000.0,19.1,B
2021-06-10T13:46:20,300.0,19.1,B
2021-06-10T13:46:18,3000.0,19.1,B
2021-06-10T13:46:14,2700.0,19.1,B
2021-06-10T13:46:14,3000.0,19.1,B
2021-06-10T13:46:14,400.0,19.1,B
2021-06-10T13:46:14,1700.0,19.1,B
2021-06-10T13:46:14,2200.0,19.1,B
2021-06-10T13:46:13,400.0,19.1,B
2021-06-10T13:46:11,9600.0,19.1,B
2021-06-10T13:46:11,1000.0,19.1,B
2021-06-10T13:46:11,200.0,19.1,B
2021-06-10T13:46:10,1000.0,19.1,B
2021-06-10T13:46:09,1000.0,19.1,B
2021-06-10T13:46:08,1000.0,19.1,B
2021-06-10T13:46:05,1000.0,19.1,B
2021-06-10T13:46:00,400.0,19.05,S
2021-06-10T13:46:00,100.0,19.05,S
2021-06-10T13:45:56,100.0,19.1,B
2021-06-10T13:45:52,300.0,19.1,B
2021-06-10T13:45:48,2000.0,19.1,B
2021-06-10T13:45:47,3000.0,19.1,B
2021-06-10T13:45:45,200.0,19.1,B
2021-06-10T13:45:43,1000.0,19.1,B
2021-06-10T13:45:42,10000.0,19.1,B
2021-06-10T13:45:28,2400.0,19.1,B
2021-06-10T13:45:27,6000.0,19.1,B
2021-06-10T13:45:19,900.0,19.1,B
2021-06-10T13:45:19,1800.0,19.1,B
2021-06-10T13:45:12,1000.0,19.1,B
2021-06-10T13:45:11,1000.0,19.1,B
2021-06-10T13:45:09,100.0,19.1,B
2021-06-10T13:45:01,1000.0,19.1,B
2021-06-10T13:44:49,1000.0,19.1,B
2021-06-10T13:44:42,10000.0,19.1,B
2021-06-10T13:44:38,2000.0,19.1,B
2021-06-10T13:44:30,1500.0,19.05,S
2021-06-10T13:44:24,500.0,19.1,B
2021-06-10T13:44:24,600.0,19.1,B
2021-06-10T13:44:24,4400.0,19.1,B
2021-06-10T13:44:24,3000.0,19.1,B
2021-06-10T13:44:13,200.0,19.1,B
2021-06-10T13:44:00,300.0,19.1,B
2021-06-10T13:43:57,10000.0,19.1,B
2021-06-10T13:43:54,300.0,19.1,B
2021-06-10T13:43:52,2500.0,19.1,B
2021-06-10T13:43:52,3200.0,19.1,B
2021-06-10T13:43:47,1400.0,19.1,B
2021-06-10T13:43:42,1500.0,19.1,B
2021-06-10T13:43:42,1800.0,19.1,B
2021-06-10T13:43:42,200.0,19.1,B
2021-06-10T13:43:42,1100.0,19.1,B
2021-06-10T13:43:42,15400.0,19.1,B
2021-06-10T13:43:35,600.0,19.1,B
2021-06-10T13:43:22,100.0,19.1,B
2021-06-10T13:43:15,3500.0,19.1,B
2021-06-10T13:43:14,1000.0,19.1,B
2021-06-10T13:43:12,100.0,19.1,B
2021-06-10T13:43:10,1000.0,19.1,B
2021-06-10T13:43:09,10000.0,19.1,B
2021-06-10T13:43:02,2500.0,19.1,B
2021-06-10T13:42:56,1000.0,19.1,B
2021-06-10T13:42:54,300.0,19.1,B
2021-06-10T13:42:54,1200.0,19.1,B
2021-06-10T13:42:38,1000.0,19.1,B
2021-06-10T13:42:37,5000.0,19.1,B
2021-06-10T13:42:08,7800.0,19.1,B
2021-06-10T13:42:08,2900.0,19.1,B
2021-06-10T13:42:08,9300.0,19.1,B
2021-06-10T13:41:59,1000.0,19.1,B
2021-06-10T13:41:59,2600.0,19.1,B
2021-06-10T13:41:54,200.0,19.1,B
2021-06-10T13:41:38,300.0,19.05,S
2021-06-10T13:41:33,1800.0,19.1,B
2021-06-10T13:41:13,100.0,19.05,S
2021-06-10T13:41:11,100.0,19.1,B
2021-06-10T13:41:06,10000.0,19.1,B
2021-06-10T13:41:06,500.0,19.05,S
2021-06-10T13:41:06,2500.0,19.05,S
2021-06-10T13:40:59,2000.0,19.1,B
2021-06-10T13:40:59,200.0,19.1,B
2021-06-10T13:40:55,1000.0,19.1,B
2021-06-10T13:40:49,4800.0,19.1,B
2021-06-10T13:40:36,1000.0,19.1,B
2021-06-10T13:40:34,300.0,19.05,S
2021-06-10T13:40:10,10000.0,19.1,B
2021-06-10T13:40:09,200.0,19.1,B
2021-06-10T13:39:47,200.0,19.1,B
2021-06-10T13:39:47,29800.0,19.1,B
2021-06-10T13:39:23,500.0,19.1,B
2021-06-10T13:39:13,3000.0,19.1,B
2021-06-10T13:39:09,2300.0,19.1,B
2021-06-10T13:39:09,46700.0,19.1,B
2021-06-10T13:39:09,1000.0,19.05,S
2021-06-10T13:39:07,1000.0,19.1,B
2021-06-10T13:39:05,2000.0,19.0,S
2021-06-10T13:39:04,3000.0,19.05,S
2021-06-10T13:39:02,200.0,19.1,B
2021-06-10T13:38:58,700.0,19.1,B
2021-06-10T13:38:48,100.0,19.1,B
2021-06-10T13:38:47,1000.0,19.1,B
2021-06-10T13:38:45,1000.0,19.1,B
2021-06-10T13:38:39,1000.0,19.1,B
2021-06-10T13:38:27,500.0,19.1,B
2021-06-10T13:38:26,1700.0,19.05,S
2021-06-10T13:38:26,1000.0,19.05,S
2021-06-10T13:38:25,2300.0,19.05,S
2021-06-10T13:38:20,1000.0,19.1,B
2021-06-10T13:38:09,1000.0,19.05,S
2021-06-10T13:38:07,500.0,19.05,S
2021-06-10T13:37:56,300.0,19.1,B
2021-06-10T13:37:51,4000.0,19.05,S
2021-06-10T13:37:50,12900.0,19.1,B
2021-06-10T13:37:50,7100.0,19.1,B
2021-06-10T13:37:49,900.0,19.1,B
2021-06-10T13:37:49,700.0,19.1,B
2021-06-10T13:37:49,200.0,19.1,B
2021-06-10T13:37:49,8200.0,19.1,B
2021-06-10T13:37:46,500.0,19.1,B
2021-06-10T13:37:45,2000.0,19.1,B
2021-06-10T13:37:27,5200.0,19.1,B
2021-06-10T13:37:27,4700.0,19.1,B
2021-06-10T13:37:27,11600.0,19.1,B
2021-06-10T13:37:27,8500.0,19.1,B
2021-06-10T13:37:24,3000.0,19.1,B
2021-06-10T13:37:19,6000.0,19.1,B
2021-06-10T13:37:12,500.0,19.1,B
2021-06-10T13:36:48,100.0,19.05,S
2021-06-10T13:36:36,9000.0,19.1,B
2021-06-10T13:36:36,900.0,19.1,B
2021-06-10T13:36:36,3000.0,19.1,B
2021-06-10T13:36:36,7100.0,19.1,B
2021-06-10T13:36:32,200.0,19.05,S
2021-06-10T13:36:26,1200.0,19.05,S
2021-06-10T13:36:26,900.0,19.05,S
2021-06-10T13:36:16,100.0,19.05,B
2021-06-10T13:36:16,500.0,19.05,B
2021-06-10T13:36:13,2800.0,19.1,B
2021-06-10T13:36:06,500.0,19.05,B
2021-06-10T13:36:05,100.0,19.05,B
2021-06-10T13:36:01,4600.0,19.05,B
2021-06-10T13:36:00,1000.0,19.05,B
2021-06-10T13:35:49,100.0,19.05,S
2021-06-10T13:35:44,500.0,19.05,S
2021-06-10T13:35:37,100.0,19.05,S
2021-06-10T13:35:34,1000.0,19.05,S
2021-06-10T13:35:31,100.0,19.05,B
2021-06-10T13:35:29,1200.0,19.0,S
2021-06-10T13:35:29,3800.0,19.0,S
2021-06-10T13:35:24,100.0,19.05,B
2021-06-10T13:35:20,100.0,19.05,B
2021-06-10T13:35:11,200.0,19.05,B
2021-06-10T13:35:09,200.0,19.1,B
2021-06-10T13:35:06,2900.0,19.1,B
2021-06-10T13:35:06,900.0,19.1,B
2021-06-10T13:35:06,2100.0,19.1,B
2021-06-10T13:35:06,12100.0,19.1,B
2021-06-10T13:35:06,4700.0,19.1,B
2021-06-10T13:35:06,600.0,19.1,B
2021-06-10T13:35:05,100.0,19.1,B
2021-06-10T13:35:05,5800.0,19.1,B
2021-06-10T13:35:05,20800.0,19.1,B
2021-06-10T13:34:44,500.0,19.05,B
2021-06-10T13:34:44,500.0,19.05,B
2021-06-10T13:34:33,300.0,19.05,B
2021-06-10T13:34:30,400.0,19.05,B
2021-06-10T13:34:17,200.0,19.05,B
2021-06-10T13:34:17,1000.0,19.05,B
2021-06-10T13:34:09,100.0,19.05,B
2021-06-10T13:33:55,1900.0,19.05,B
2021-06-10T13:33:49,2000.0,19.05,B
2021-06-10T13:33:38,1000.0,19.05,B
2021-06-10T13:33:24,500.0,19.05,S
2021-06-10T13:33:24,1100.0,19.05,S
2021-06-10T13:33:20,5000.0,19.05,S
2021-06-10T13:33:14,1000.0,19.05,B
2021-06-10T13:33:14,2900.0,19.05,B
2021-06-10T13:33:06,100.0,19.05,B
2021-06-10T13:33:06,1000.0,19.05,B
2021-06-10T13:33:06,1000.0,19.05,B
2021-06-10T13:33:06,11400.0,19.05,B
2021-06-10T13:33:06,6500.0,19.05,B
2021-06-10T13:32:59,2000.0,19.05,B
2021-06-10T13:32:52,2000.0,19.05,B
2021-06-10T13:32:48,1000.0,19.05,B
2021-06-10T13:32:46,1000.0,19.05,B
2021-06-10T13:32:46,400.0,19.05,B
2021-06-10T13:32:38,200.0,19.05,B
2021-06-10T13:32:38,1800.0,19.05,B
2021-06-10T13:32:37,700.0,19.0,S
2021-06-10T13:32:37,9300.0,19.0,S
2021-06-10T13:32:33,100.0,19.05,B
2021-06-10T13:32:29,15600.0,19.05,B
2021-06-10T13:32:08,100.0,19.05,B
2021-06-10T13:32:08,4300.0,19.05,B
2021-06-10T13:32:08,3000.0,19.05,B
2021-06-10T13:32:08,1000.0,19.0,B
2021-06-10T13:32:08,1700.0,19.0,B
2021-06-10T13:32:05,300.0,19.0,B
2021-06-10T13:32:05,4700.0,19.0,B
2021-06-10T13:32:04,1000.0,19.0,B
2021-06-10T13:32:04,200.0,19.0,B
2021-06-10T13:31:54,1000.0,19.0,B
2021-06-10T13:31:54,2000.0,19.0,B
2021-06-10T13:31:48,1000.0,19.0,B
2021-06-10T13:31:48,1800.0,19.0,B
2021-06-10T13:31:47,600.0,19.0,B
2021-06-10T13:31:45,3000.0,19.0,B
2021-06-10T13:31:43,2000.0,19.0,B
2021-06-10T13:31:39,100.0,19.0,S
2021-06-10T13:31:36,100.0,19.0,S
2021-06-10T13:31:36,3700.0,19.0,S
2021-06-10T13:31:36,6000.0,19.0,S
2021-06-10T13:31:36,8300.0,19.0,S
2021-06-10T13:31:36,200.0,19.0,S
2021-06-10T13:31:35,14600.0,19.0,S
2021-06-10T13:31:22,5000.0,19.05,B
2021-06-10T13:31:20,100.0,19.0,S
2021-06-10T13:31:15,300.0,19.0,S
2021-06-10T13:31:15,19700.0,19.0,S
2021-06-10T13:31:14,900.0,19.05,B
2021-06-10T13:30:52,300.0,19.0,S
2021-06-10T13:30:49,25900.0,19.05,B
2021-06-10T13:30:46,10000.0,19.05,B
2021-06-10T13:30:28,200.0,19.0,S
2021-06-10T13:30:26,1000.0,19.0,S
2021-06-10T13:30:26,1000.0,19.05,B
2021-06-10T13:30:26,200.0,19.05,B
2021-06-10T13:30:21,100.0,19.0,B
2021-06-10T13:30:21,1400.0,19.0,B
2021-06-10T13:30:21,1000.0,19.0,B
2021-06-10T13:30:19,400.0,19.0,B
2021-06-10T13:30:18,100.0,19.0,B
2021-06-10T13:30:09,3000.0,19.0,B
2021-06-10T13:30:06,200.0,19.0,B
2021-06-10T13:30:00,100.0,19.0,B
2021-06-10T13:29:56,1000.0,19.0,B
2021-06-10T13:29:56,500.0,19.0,B
2021-06-10T13:29:51,700.0,19.0,B
2021-06-10T13:29:51,1000.0,19.0,B
2021-06-10T13:29:49,100.0,19.0,B
2021-06-10T13:29:48,1600.0,19.0,B
2021-06-10T13:29:40,5000.0,19.0,B
2021-06-10T13:29:37,1000.0,19.0,B
2021-06-10T13:29:37,100.0,19.0,B
2021-06-10T13:29:36,2000.0,19.0,B
2021-06-10T13:29:26,400.0,19.0,B
2021-06-10T13:29:26,2500.0,19.0,B
2021-06-10T13:29:26,1000.0,19.0,B
2021-06-10T13:29:26,1600.0,19.0,B
2021-06-10T13:29:26,1000.0,19.0,B
2021-06-10T13:29:26,1100.0,19.0,B
2021-06-10T13:29:24,2600.0,19.0,B
2021-06-10T13:29:24,15800.0,19.0,B
2021-06-10T13:29:24,100.0,19.0,B
2021-06-10T13:29:24,600.0,19.0,B
2021-06-10T13:29:24,1000.0,19.0,B
2021-06-10T13:29:22,2000.0,19.0,B
2021-06-10T13:29:22,200.0,19.0,B
2021-06-10T13:29:14,100.0,19.0,B
2021-06-10T13:29:11,5000.0,19.0,B
2021-06-10T13:29:05,9600.0,19.0,B
2021-06-10T13:29:05,300.0,19.0,B
2021-06-10T13:29:04,200.0,19.0,B
2021-06-10T13:28:59,500.0,19.0,B
2021-06-10T13:28:59,1000.0,19.0,B
2021-06-10T13:28:58,1000.0,19.0,B
2021-06-10T13:28:57,5000.0,19.0,B
2021-06-10T13:28:52,10000.0,19.0,B
2021-06-10T13:28:51,200.0,19.0,B
2021-06-10T13:28:48,1000.0,19.0,B
2021-06-10T13:28:44,100.0,19.0,B
2021-06-10T13:28:44,3000.0,19.0,B
2021-06-10T13:28:40,1000.0,19.0,B
2021-06-10T13:28:39,500.0,19.0,B
2021-06-10T13:28:38,1000.0,19.0,B
2021-06-10T13:28:36,2000.0,19.0,B
2021-06-10T13:28:26,1000.0,19.0,B
2021-06-10T13:28:25,200.0,19.0,B
2021-06-10T13:28:21,1000.0,19.0,B
2021-06-10T13:28:20,300.0,19.0,B
2021-06-10T13:28:10,10000.0,19.0,B
2021-06-10T13:28:08,1000.0,19.0,B
2021-06-10T13:28:08,500.0,19.0,B
2021-06-10T13:28:07,2000.0,18.95,S
2021-06-10T13:28:06,1000.0,18.95,S
2021-06-10T13:28:04,500.0,19.0,B
2021-06-10T13:28:02,1000.0,19.0,B
2021-06-10T13:27:59,200.0,19.0,B
2021-06-10T13:27:57,5000.0,19.0,B
2021-06-10T13:27:57,3400.0,19.0,B
2021-06-10T13:27:57,3100.0,19.0,B
2021-06-10T13:27:57,12500.0,19.0,B
2021-06-10T13:27:55,700.0,19.0,B
2021-06-10T13:27:48,100.0,19.0,B
2021-06-10T13:27:44,10000.0,19.0,B
2021-06-10T13:27:44,1000.0,18.95,S
2021-06-10T13:27:43,2600.0,19.0,B
2021-06-10T13:27:42,7400.0,19.0,B
2021-06-10T13:27:30,1000.0,19.0,B
2021-06-10T13:27:19,500.0,19.0,B
2021-06-10T13:27:18,1000.0,19.0,B
2021-06-10T13:27:15,1000.0,19.0,B
2021-06-10T13:27:09,300.0,19.0,B
2021-06-10T13:27:06,200.0,19.0,B
2021-06-10T13:27:00,400.0,19.0,B
2021-06-10T13:26:42,500.0,19.0,B
2021-06-10T13:26:36,4700.0,18.95,B
2021-06-10T13:26:36,700.0,18.95,B
2021-06-10T13:26:36,3500.0,18.95,B
2021-06-10T13:26:36,14500.0,18.95,B
2021-06-10T13:26:33,3000.0,18.95,B
2021-06-10T13:26:30,300.0,18.95,B
2021-06-10T13:26:29,100.0,18.95,B
2021-06-10T13:26:22,4900.0,18.95,B
2021-06-10T13:26:21,100.0,18.95,B
2021-06-10T13:26:00,100.0,18.95,B
2021-06-10T13:25:34,1000.0,18.9,S
2021-06-10T13:25:26,1000.0,18.9,S
2021-06-10T13:25:18,2000.0,18.9,S
2021-06-10T13:25:16,1000.0,18.95,B
2021-06-10T13:25:13,800.0,18.95,B
2021-06-10T13:25:13,2800.0,18.95,B
2021-06-10T13:25:13,1100.0,18.95,B
2021-06-10T13:25:13,1000.0,18.95,B
2021-06-10T13:25:13,4300.0,18.95,B
2021-06-10T13:25:05,4000.0,18.9,B
2021-06-10T13:25:05,900.0,18.9,B
2021-06-10T13:25:03,13000.0,18.85,S
2021-06-10T13:25:02,100.0,18.9,B
2021-06-10T13:25:00,700.0,18.9,B
2021-06-10T13:24:59,10000.0,18.9,B
2021-06-10T13:24:55,10000.0,18.9,B
2021-06-10T13:24:54,700.0,18.9,B
2021-06-10T13:24:37,2000.0,18.9,B
2021-06-10T13:24:32,1000.0,18.9,B
2021-06-10T13:24:32,5000.0,18.9,B
2021-06-10T13:24:32,7400.0,18.9,B
2021-06-10T13:24:32,12000.0,18.9,B
2021-06-10T13:24:25,5000.0,18.9,B
2021-06-10T13:24:19,5000.0,18.9,B
2021-06-10T13:24:19,9000.0,18.9,B
2021-06-10T13:24:19,6000.0,18.9,B
2021-06-10T13:24:12,4000.0,18.85,S
2021-06-10T13:24:02,100.0,18.9,B
2021-06-10T13:24:02,200.0,18.9,B
2021-06-10T13:23:57,100.0,18.9,B
2021-06-10T13:23:52,100.0,18.9,B
2021-06-10T13:23:49,1000.0,18.85,S
2021-06-10T13:23:49,500.0,18.9,B
2021-06-10T13:23:48,100.0,18.9,B
2021-06-10T13:23:36,900.0,18.9,B
2021-06-10T13:23:36,1400.0,18.9,B
2021-06-10T13:23:34,500.0,18.9,B
2021-06-10T13:23:14,1000.0,18.9,B
2021-06-10T13:23:12,10000.0,18.85,S
2021-06-10T13:23:08,3000.0,18.9,B
2021-06-10T13:23:02,2000.0,18.85,S
2021-06-10T13:23:01,1000.0,18.85,S
2021-06-10T13:22:58,1000.0,18.85,S
2021-06-10T13:22:57,3000.0,18.9,B
2021-06-10T13:22:42,100.0,18.85,S
2021-06-10T13:22:39,2000.0,18.9,B
2021-06-10T13:22:36,900.0,18.85,B
2021-06-10T13:22:35,1000.0,18.85,B
2021-06-10T13:22:31,300.0,18.85,B
2021-06-10T13:22:30,5400.0,18.85,B
2021-06-10T13:22:29,5000.0,18.85,B
2021-06-10T13:22:26,200.0,18.8,S
2021-06-10T13:22:24,100.0,18.85,B
2021-06-10T13:22:21,3000.0,18.85,B
2021-06-10T13:22:17,100.0,18.85,B
2021-06-10T13:22:17,1400.0,18.85,B
2021-06-10T13:22:17,2800.0,18.85,B
2021-06-10T13:22:17,700.0,18.85,B
2021-06-10T13:22:17,6900.0,18.85,B
2021-06-10T13:21:57,4000.0,18.85,B
2021-06-10T13:21:55,100.0,18.85,B
2021-06-10T13:21:50,100.0,18.85,B
2021-06-10T13:21:37,3000.0,18.85,B
2021-06-10T13:21:31,1600.0,18.85,B
2021-06-10T13:21:31,400.0,18.85,B
2021-06-10T13:21:31,1000.0,18.85,B
2021-06-10T13:21:31,4000.0,18.85,B
2021-06-10T13:21:31,3000.0,18.85,B
2021-06-10T13:21:28,1500.0,18.85,B
2021-06-10T13:21:28,3000.0,18.85,B
2021-06-10T13:21:27,300.0,18.8,S
2021-06-10T13:21:25,2500.0,18.85,B
2021-06-10T13:21:24,2700.0,18.85,B
2021-06-10T13:21:24,1300.0,18.85,B
2021-06-10T13:21:21,3000.0,18.85,B
2021-06-10T13:21:08,200.0,18.8,S
2021-06-10T13:21:07,100.0,18.85,B
2021-06-10T13:21:06,300.0,18.85,B
2021-06-10T13:21:03,200.0,18.85,B
2021-06-10T13:21:01,2000.0,18.8,S
2021-06-10T13:20:55,2200.0,18.8,S
2021-06-10T13:20:54,100.0,18.85,B
2021-06-10T13:20:51,100.0,18.85,B
2021-06-10T13:20:50,5000.0,18.85,B
2021-06-10T13:20:49,1000.0,18.8,S
2021-06-10T13:20:46,5000.0,18.85,B
2021-06-10T13:20:40,200.0,18.8,S
2021-06-10T13:20:37,500.0,18.85,B
2021-06-10T13:20:26,20000.0,18.85,B
2021-06-10T13:20:23,5000.0,18.85,B
2021-06-10T13:20:19,100.0,18.8,S
2021-06-10T13:20:02,500.0,18.8,S
2021-06-10T13:19:52,2000.0,18.85,B
2021-06-10T13:19:49,3500.0,18.8,S
2021-06-10T13:19:49,500.0,18.8,S
2021-06-10T13:19:48,3000.0,18.8,S
2021-06-10T13:19:10,5000.0,18.8,S
2021-06-10T13:19:09,1000.0,18.85,B
2021-06-10T13:19:01,200.0,18.8,S
2021-06-10T13:18:59,10000.0,18.85,B
2021-06-10T13:18:46,200.0,18.85,B
2021-06-10T13:18:39,5000.0,18.8,S
2021-06-10T13:18:23,5000.0,18.85,B
2021-06-10T13:18:17,3000.0,18.85,B
2021-06-10T13:18:15,300.0,18.8,S
2021-06-10T13:18:14,4300.0,18.8,S
2021-06-10T13:18:14,400.0,18.8,S
2021-06-10T13:18:13,5300.0,18.8,S
2021-06-10T13:18:11,500.0,18.8,S
2021-06-10T13:18:09,1000.0,18.85,B
2021-06-10T13:18:07,300.0,18.8,S
2021-06-10T13:18:07,2000.0,18.8,S
2021-06-10T13:18:07,300.0,18.8,S
2021-06-10T13:18:06,300.0,18.8,S
2021-06-10T13:17:58,400.0,18.8,S
2021-06-10T13:17:58,3600.0,18.8,S
2021-06-10T13:17:57,5000.0,18.8,S
2021-06-10T13:17:48,3000.0,18.85,B
2021-06-10T13:17:42,300.0,18.8,S
2021-06-10T13:17:34,100.0,18.8,S
2021-06-10T13:17:33,20000.0,18.85,B
2021-06-10T13:17:32,3600.0,18.85,B
2021-06-10T13:17:29,5000.0,18.8,S
2021-06-10T13:17:24,2000.0,18.8,S
2021-06-10T13:17:23,1000.0,18.8,S
2021-06-10T13:17:08,5000.0,18.8,S
2021-06-10T13:17:07,1600.0,18.85,B
2021-06-10T13:16:58,500.0,18.8,S
2021-06-10T13:16:46,700.0,18.85,B
2021-06-10T13:16:42,5000.0,18.8,S
2021-06-10T13:16:32,200.0,18.85,B
2021-06-10T13:16:23,100.0,18.8,S
2021-06-10T13:16:22,400.0,18.85,B
2021-06-10T13:16:18,100.0,18.85,B
2021-06-10T13:16:05,100.0,18.85,B
2021-06-10T13:15:59,1000.0,18.85,S
2021-06-10T13:15:59,2000.0,18.85,S
2021-06-10T13:15:59,5900.0,18.85,S
2021-06-10T13:15:59,400.0,18.85,S
2021-06-10T13:15:59,3700.0,18.85,S
2021-06-10T13:15:59,500.0,18.85,S
2021-06-10T13:15:59,5100.0,18.85,S
2021-06-10T13:15:41,500.0,18.9,S
2021-06-10T13:15:41,5200.0,18.9,S
2021-06-10T13:15:41,700.0,18.9,S
2021-06-10T13:15:38,1000.0,18.9,S
2021-06-10T13:15:32,2200.0,18.9,S
2021-06-10T13:15:32,300.0,18.9,S
2021-06-10T13:15:30,200.0,18.9,S
2021-06-10T13:15:23,1000.0,18.9,S
2021-06-10T13:15:09,300.0,18.9,S
2021-06-10T13:15:05,300.0,18.9,S
2021-06-10T13:14:58,100.0,18.9,S
2021-06-10T13:14:55,1900.0,18.85,S
2021-06-10T13:14:55,1500.0,18.85,S
2021-06-10T13:14:55,32000.0,18.85,S
2021-06-10T13:14:55,5100.0,18.9,S
2021-06-10T13:14:53,5000.0,18.9,S
2021-06-10T13:14:52,500.0,18.9,S
2021-06-10T13:14:50,1000.0,18.9,S
2021-06-10T13:14:50,1500.0,18.9,S
2021-06-10T13:14:49,1200.0,18.9,S
2021-06-10T13:14:49,5000.0,18.9,S
2021-06-10T13:14:49,10700.0,18.9,S
2021-06-10T13:14:45,1000.0,18.85,S
2021-06-10T13:14:32,400.0,18.9,S
2021-06-10T13:14:31,1000.0,18.9,S
2021-06-10T13:14:30,500.0,18.9,S
2021-06-10T13:14:27,500.0,18.9,S
2021-06-10T13:14:25,1500.0,18.9,S
2021-06-10T13:14:25,4700.0,18.9,S
2021-06-10T13:14:25,5900.0,18.9,S
2021-06-10T13:14:19,400.0,18.9,S
2021-06-10T13:14:19,100.0,18.9,S
2021-06-10T13:14:17,2000.0,18.9,S
2021-06-10T13:14:08,300.0,18.9,S
2021-06-10T13:14:07,1000.0,18.9,S
2021-06-10T13:13:52,3000.0,18.85,S
2021-06-10T13:13:40,1000.0,18.9,S
2021-06-10T13:13:33,500.0,18.9,S
2021-06-10T13:13:32,500.0,18.9,S
2021-06-10T13:13:32,13000.0,18.9,S
2021-06-10T13:13:32,1200.0,18.9,S
2021-06-10T13:13:32,10100.0,18.9,S
2021-06-10T13:13:29,100.0,18.95,B
2021-06-10T13:12:53,2900.0,18.9,S
2021-06-10T13:12:53,100.0,18.9,S
2021-06-10T13:12:48,200.0,18.95,B
2021-06-10T13:12:35,200.0,18.9,S
2021-06-10T13:12:33,600.0,18.9,S
2021-06-10T13:12:33,3500.0,18.9,S
2021-06-10T13:12:33,200.0,18.9,S
2021-06-10T13:12:33,2200.0,18.9,S
2021-06-10T13:12:26,500.0,18.95,B
2021-06-10T13:12:13,2000.0,18.9,S
2021-06-10T13:12:12,3500.0,18.9,S
2021-06-10T13:12:06,5000.0,18.95,B
2021-06-10T13:11:47,100.0,18.95,B
2021-06-10T13:10:51,1000.0,18.95,B
2021-06-10T13:10:36,4200.0,18.9,S
2021-06-10T13:10:36,200.0,18.9,S
2021-06-10T13:10:36,5600.0,18.9,S
2021-06-10T13:10:35,3000.0,18.9,S
2021-06-10T13:10:34,5000.0,18.9,S
2021-06-10T13:10:32,1000.0,18.9,S
2021-06-10T13:10:21,100.0,18.95,B
2021-06-10T13:10:15,1000.0,18.95,B
2021-06-10T13:10:01,200.0,18.9,S
2021-06-10T13:09:47,300.0,18.95,B
2021-06-10T13:09:44,50000.0,18.95,B
2021-06-10T13:09:43,200.0,18.95,B
2021-06-10T13:09:26,1000.0,18.9,S
2021-06-10T13:09:16,2000.0,18.95,B
2021-06-10T13:09:10,1000.0,18.95,B
2021-06-10T13:09:09,500.0,18.95,B
2021-06-10T13:09:06,1000.0,18.95,B
2021-06-10T13:08:45,100.0,18.9,S
2021-06-10T13:08:44,3000.0,18.95,B
2021-06-10T13:08:36,100.0,18.95,B
2021-06-10T13:08:32,500.0,18.95,B
2021-06-10T13:08:20,800.0,18.95,B
2021-06-10T13:08:17,10000.0,18.9,S
2021-06-10T13:08:14,300.0,18.9,S
2021-06-10T13:08:08,100.0,18.95,B
2021-06-10T13:07:49,10000.0,18.9,S
2021-06-10T13:07:40,100.0,18.9,S
2021-06-10T13:07:39,1400.0,18.95,B
2021-06-10T13:07:30,2200.0,18.9,S
2021-06-10T13:07:27,3000.0,18.9,S
2021-06-10T13:07:18,500.0,18.9,S
2021-06-10T13:07:09,100.0,18.9,S
2021-06-10T13:06:56,2000.0,18.9,S
2021-06-10T13:06:46,1700.0,18.9,S
2021-06-10T13:06:38,500.0,18.9,S
2021-06-10T13:06:36,4000.0,18.95,B
2021-06-10T13:06:35,9400.0,18.9,S
2021-06-10T13:06:30,500.0,18.9,S
2021-06-10T13:06:29,100.0,18.9,S
2021-06-10T13:06:23,21000.0,18.9,S
2021-06-10T13:06:14,2000.0,18.95,B
2021-06-10T13:06:14,1000.0,18.95,B
2021-06-10T13:06:13,500.0,18.95,B
2021-06-10T13:06:10,500.0,18.9,S
2021-06-10T13:06:10,29000.0,18.9,S
2021-06-10T13:06:10,1000.0,18.9,S
2021-06-10T13:06:10,3000.0,18.9,S
2021-06-10T13:06:10,2000.0,18.9,S
2021-06-10T13:06:10,100.0,18.9,S
2021-06-10T13:06:10,300.0,18.9,S
2021-06-10T13:06:10,300.0,18.9,S
2021-06-10T13:06:10,100.0,18.9,S
2021-06-10T13:06:10,200.0,18.9,S
2021-06-10T13:06:10,1100.0,18.9,S
2021-06-10T13:06:10,3000.0,18.9,S
2021-06-10T13:06:10,1500.0,18.9,S
2021-06-10T13:06:10,8700.0,18.9,S
2021-06-10T13:06:10,1300.0,18.9,S
2021-06-10T13:06:10,500.0,18.9,S
2021-06-10T13:06:10,2800.0,18.9,S
2021-06-10T13:06:10,6700.0,18.9,S
2021-06-10T13:06:10,100.0,18.9,S
2021-06-10T13:06:10,800.0,18.9,S
2021-06-10T13:06:10,5000.0,18.9,S
2021-06-10T13:06:10,1500.0,18.9,S
2021-06-10T13:06:10,1500.0,18.9,S
2021-06-10T13:06:10,3300.0,18.9,S
2021-06-10T13:06:10,1000.0,18.9,S
2021-06-10T13:06:10,4000.0,18.9,S
2021-06-10T13:06:10,2100.0,18.9,S
2021-06-10T13:06:09,100.0,18.9,S
2021-06-10T13:06:09,6600.0,18.9,S
2021-06-10T13:06:09,2000.0,18.9,S
2021-06-10T13:06:09,9000.0,18.9,S
2021-06-10T13:06:09,800.0,18.9,S
2021-06-10T13:06:08,600.0,18.9,S
2021-06-10T13:06:04,1000.0,18.95,B
2021-06-10T13:06:02,4300.0,18.9,S
2021-06-10T13:05:56,800.0,18.95,B
2021-06-10T13:05:36,1600.0,18.95,B
2021-06-10T13:05:34,1000.0,18.95,B
2021-06-10T13:05:18,100.0,18.95,S
2021-06-10T13:05:18,5100.0,18.95,S
2021-06-10T13:05:17,5000.0,18.95,S
2021-06-10T13:05:17,700.0,18.95,S
2021-06-10T13:05:17,14700.0,18.95,S
2021-06-10T13:05:16,900.0,19.0,B
2021-06-10T13:05:14,3000.0,19.0,B
2021-06-10T13:05:01,1500.0,19.0,B
2021-06-10T13:05:00,5000.0,19.0,B
2021-06-10T13:04:58,1000.0,19.0,B
2021-06-10T13:04:56,500.0,19.0,B
2021-06-10T13:04:51,100.0,19.0,B
2021-06-10T13:04:45,20000.0,19.0,B
2021-06-10T13:04:45,700.0,19.0,B
2021-06-10T13:04:45,5000.0,19.0,B
2021-06-10T13:04:45,10000.0,18.95,S
2021-06-10T13:04:45,5000.0,19.0,S
2021-06-10T13:04:45,50000.0,19.0,S
2021-06-10T13:04:45,9800.0,19.0,S
2021-06-10T13:04:28,5000.0,19.0,S
2021-06-10T13:04:28,500.0,19.0,S
2021-06-10T13:04:28,500.0,19.05,B
2021-06-10T13:04:28,500.0,19.0,S
2021-06-10T13:04:28,1000.0,19.05,B
2021-06-10T13:04:28,500.0,19.0,B
2021-06-10T13:04:28,7600.0,19.0,B
2021-06-10T13:04:28,1200.0,19.0,B
2021-06-10T13:04:28,2700.0,19.0,B
2021-06-10T13:04:28,1800.0,19.0,B
2021-06-10T13:04:28,142300.0,19.0,B
2021-06-10T13:04:28,500.0,19.0,B
2021-06-10T13:04:28,11000.0,19.0,B
2021-06-10T13:04:28,1800.0,19.0,B
2021-06-10T13:04:28,1000.0,19.0,B
2021-06-10T13:04:28,3000.0,19.0,B
2021-06-10T13:04:28,1300.0,19.0,B
2021-06-10T13:04:28,9500.0,19.0,B
2021-06-10T13:04:28,5500.0,19.0,B
2021-06-10T13:04:12,1000.0,19.0,B
2021-06-10T13:04:12,100.0,18.95,S
2021-06-10T13:04:12,500.0,19.0,B
2021-06-10T13:04:12,1000.0,19.0,B
2021-06-10T13:04:12,200.0,19.0,B
2021-06-10T13:04:12,10000.0,18.95,S
2021-06-10T13:03:58,200.0,18.95,S
2021-06-10T13:03:58,800.0,18.95,S
2021-06-10T13:03:58,6700.0,18.95,S
2021-06-10T13:03:58,10000.0,18.95,S
2021-06-10T13:03:57,83300.0,18.95,S
2021-06-10T13:03:48,1000.0,19.0,B
2021-06-10T13:03:45,200.0,19.0,B
2021-06-10T13:03:42,500.0,19.0,B
2021-06-10T13:03:31,200.0,19.0,B
2021-06-10T13:03:26,700.0,19.0,B
2021-06-10T13:03:23,900.0,19.0,B
2021-06-10T13:03:23,100.0,19.0,B
2021-06-10T13:03:23,1000.0,19.0,B
2021-06-10T13:03:22,1800.0,19.0,B
2021-06-10T13:03:22,400.0,19.0,B
2021-06-10T13:03:20,100.0,19.0,B
2021-06-10T13:03:20,4100.0,19.0,B
2021-06-10T13:03:20,800.0,19.0,B
2021-06-10T13:03:12,1900.0,19.0,B
2021-06-10T13:03:12,1600.0,19.0,B
2021-06-10T13:03:12,1500.0,19.0,B
2021-06-10T13:03:09,1500.0,18.95,S
2021-06-10T13:03:04,1000.0,19.0,B
2021-06-10T13:03:00,10000.0,19.0,B
2021-06-10T13:02:58,500.0,19.0,B
2021-06-10T13:02:56,200.0,19.0,B
2021-06-10T13:02:54,500.0,19.0,B
2021-06-10T13:02:53,1000.0,19.0,B
2021-06-10T13:02:49,2000.0,18.95,S
2021-06-10T13:02:49,30000.0,19.0,B
2021-06-10T13:02:46,300.0,19.0,B
2021-06-10T13:02:46,700.0,18.95,S
2021-06-10T13:02:39,1200.0,18.95,S
2021-06-10T13:02:36,1000.0,19.0,B
2021-06-10T13:02:36,10000.0,19.0,B
2021-06-10T13:02:36,2000.0,18.95,S
2021-06-10T13:02:33,1000.0,19.0,B
2021-06-10T13:02:31,500.0,19.0,B
2021-06-10T13:02:25,100.0,18.95,B
2021-06-10T13:02:24,1000.0,18.95,B
2021-06-10T13:02:24,1000.0,19.0,B
2021-06-10T13:02:22,2200.0,19.0,B
2021-06-10T13:02:22,3800.0,19.0,B
2021-06-10T13:02:18,300.0,19.0,B
2021-06-10T13:02:17,12000.0,19.0,B
2021-06-10T13:01:58,4600.0,19.0,B
2021-06-10T13:01:58,700.0,19.0,B
2021-06-10T13:01:57,18400.0,19.0,B
2021-06-10T13:01:55,1000.0,19.0,B
2021-06-10T13:01:41,100.0,18.95,B
2021-06-10T13:01:36,500.0,18.95,B
2021-06-10T13:01:29,100.0,18.95,B
2021-06-10T13:01:28,500.0,18.95,B
2021-06-10T13:01:24,12000.0,19.0,B
2021-06-10T13:01:20,2200.0,18.95,B
2021-06-10T13:01:19,2000.0,18.95,B
2021-06-10T13:01:19,100.0,18.95,B
2021-06-10T13:01:19,100.0,18.95,B
2021-06-10T13:01:14,200.0,18.95,B
2021-06-10T13:01:12,100.0,18.95,B
2021-06-10T13:01:12,800.0,18.95,B
2021-06-10T13:01:12,1000.0,18.95,B
2021-06-10T13:01:12,2800.0,18.95,B
2021-06-10T13:01:10,1000.0,18.9,B
2021-06-10T13:01:09,500.0,18.9,B
2021-06-10T13:01:01,3600.0,18.9,B
2021-06-10T13:01:01,500.0,18.9,B
2021-06-10T13:00:59,200.0,18.9,B
2021-06-10T13:00:57,1000.0,18.9,B
2021-06-10T13:00:56,2500.0,18.9,B
2021-06-10T13:00:49,500.0,18.9,B
2021-06-10T13:00:48,500.0,18.9,B
2021-06-10T13:00:48,500.0,18.9,B
2021-06-10T13:00:44,1000.0,18.95,B
2021-06-10T13:00:44,500.0,18.95,B
2021-06-10T13:00:43,500.0,18.9,B
2021-06-10T13:00:42,500.0,18.9,B
2021-06-10T13:00:42,300.0,18.9,B
2021-06-10T13:00:39,500.0,18.9,B
2021-06-10T13:00:37,500.0,18.9,B
2021-06-10T13:00:33,2200.0,18.9,B
2021-06-10T13:00:31,200.0,18.95,B
2021-06-10T13:00:30,5000.0,18.9,B
2021-06-10T13:00:30,1500.0,18.9,B
2021-06-10T13:00:27,2000.0,18.9,B
2021-06-10T13:00:27,1100.0,18.9,B
2021-06-10T13:00:27,1000.0,18.9,B
2021-06-10T13:00:27,5400.0,18.9,B
2021-06-10T13:00:26,2000.0,18.85,S
2021-06-10T13:00:26,1000.0,18.9,B
2021-06-10T13:00:24,2000.0,18.9,B
2021-06-10T13:00:24,3100.0,18.85,S
2021-06-10T13:00:24,200.0,18.9,B
2021-06-10T13:00:24,7500.0,18.9,B
2021-06-10T13:00:24,100.0,18.9,B
2021-06-10T13:00:24,200.0,18.9,B
2021-06-10T13:00:24,1000.0,18.9,B
2021-06-10T13:00:24,500.0,18.9,B
2021-06-10T13:00:22,100.0,18.9,B
2021-06-10T13:00:22,1000.0,18.85,S
2021-06-10T13:00:22,1100.0,18.9,B
2021-06-10T13:00:22,800.0,18.9,B
2021-06-10T13:00:21,1400.0,18.9,B
2021-06-10T13:00:21,100.0,18.9,B
2021-06-10T13:00:21,300.0,18.85,S
2021-06-10T13:00:19,100.0,18.9,B
2021-06-10T13:00:19,100.0,18.9,B
2021-06-10T13:00:19,100.0,18.85,S
2021-06-10T11:30:11,600.0,18.9,B
2021-06-10T11:30:11,500.0,18.9,B
2021-06-10T11:30:11,400.0,18.9,B
2021-06-10T11:30:11,6000.0,18.9,B
2021-06-10T11:30:11,500.0,18.9,B
2021-06-10T11:30:11,500.0,18.9,B
2021-06-10T11:30:07,500.0,18.9,B
2021-06-10T11:30:05,3000.0,18.9,B
2021-06-10T11:30:03,1000.0,18.9,S
2021-06-10T11:30:03,8300.0,18.9,S
2021-06-10T11:30:01,600.0,18.9,S
2021-06-10T11:29:59,600.0,18.9,S
2021-06-10T11:29:57,3000.0,19.0,B
2021-06-10T11:29:55,20000.0,18.9,S
2021-06-10T11:29:48,4000.0,18.9,S
2021-06-10T11:29:48,200.0,18.95,S
2021-06-10T11:29:48,1000.0,19.0,B
2021-06-10T11:29:47,100.0,19.0,B
2021-06-10T11:29:47,3900.0,19.0,B
2021-06-10T11:29:43,12000.0,18.95,S
2021-06-10T11:29:40,200.0,18.95,S
2021-06-10T11:29:37,2300.0,19.0,B
2021-06-10T11:29:37,17700.0,19.0,B
2021-06-10T11:29:32,9600.0,19.0,B
2021-06-10T11:29:31,500.0,19.0,S
2021-06-10T11:29:31,1500.0,19.0,S
2021-06-10T11:29:31,200.0,19.0,S
2021-06-10T11:29:30,7800.0,19.0,S
2021-06-10T11:29:25,1000.0,19.0,S
2021-06-10T11:29:22,1000.0,19.0,S
2021-06-10T11:29:19,1300.0,19.0,S
2021-06-10T11:29:19,700.0,19.0,S
2021-06-10T11:29:18,2300.0,19.0,S
2021-06-10T11:29:17,100.0,19.0,S
2021-06-10T11:29:13,500.0,19.0,S
2021-06-10T11:29:13,14500.0,19.0,S
2021-06-10T11:29:10,200.0,19.0,S
2021-06-10T11:28:57,1000.0,19.0,S
2021-06-10T11:28:57,1000.0,19.05,B
2021-06-10T11:28:40,200.0,19.05,B
2021-06-10T11:28:36,100.0,19.05,B
2021-06-10T11:28:32,1100.0,19.0,S
2021-06-10T11:28:32,1100.0,19.0,S
2021-06-10T11:28:32,1000.0,19.05,B
2021-06-10T11:28:30,700.0,19.05,B
2021-06-10T11:28:21,5000.0,19.05,B
2021-06-10T11:28:20,100.0,19.05,B
2021-06-10T11:28:20,300.0,19.05,B
2021-06-10T11:28:11,100.0,19.05,B
2021-06-10T11:28:10,3000.0,19.05,B
2021-06-10T11:28:09,1000.0,19.05,S
2021-06-10T11:28:09,600.0,19.05,S
2021-06-10T11:28:09,1000.0,19.05,S
2021-06-10T11:28:08,500.0,19.05,S
2021-06-10T11:28:08,93800.0,19.05,S
2021-06-10T11:28:05,1000.0,19.1,B
2021-06-10T11:27:56,1000.0,19.05,S
2021-06-10T11:27:56,8000.0,19.05,S
2021-06-10T11:27:53,500.0,19.05,S
2021-06-10T11:27:51,1000.0,19.1,B
2021-06-10T11:27:46,10000.0,19.05,S
2021-06-10T11:27:38,1000.0,19.05,S
2021-06-10T11:27:38,900.0,19.05,S
2021-06-10T11:27:36,1000.0,19.1,B
2021-06-10T11:27:33,100.0,19.1,B
2021-06-10T11:27:29,5800.0,19.05,S
2021-06-10T11:27:26,5000.0,19.05,S
2021-06-10T11:27:18,1700.0,19.05,S
2021-06-10T11:27:18,200.0,19.05,S
2021-06-10T11:27:14,1000.0,19.05,S
2021-06-10T11:27:11,1000.0,19.05,S
2021-06-10T11:27:06,1000.0,19.05,S
2021-06-10T11:27:05,300.0,19.05,S
2021-06-10T11:27:04,1200.0,19.05,S
2021-06-10T11:27:00,1000.0,19.05,S
2021-06-10T11:26:49,1000.0,19.05,S
2021-06-10T11:26:49,1000.0,19.1,B
2021-06-10T11:26:43,1000.0,19.05,S
2021-06-10T11:26:42,100.0,19.05,S
2021-06-10T11:26:21,200.0,19.05,S
2021-06-10T11:26:18,13600.0,19.05,S
2021-06-10T11:26:09,100.0,19.05,S
2021-06-10T11:26:03,100.0,19.1,B
2021-06-10T11:26:03,20000.0,19.1,B
2021-06-10T11:25:59,200.0,19.05,S
2021-06-10T11:25:59,1800.0,19.05,S
2021-06-10T11:25:55,1000.0,19.05,S
2021-06-10T11:25:55,2000.0,19.05,S
2021-06-10T11:25:53,21000.0,19.1,B
2021-06-10T11:25:53,500.0,19.05,S
2021-06-10T11:25:52,1000.0,19.1,B
2021-06-10T11:25:52,4700.0,19.05,S
2021-06-10T11:25:52,3100.0,19.05,S
2021-06-10T11:25:52,9700.0,19.05,S
2021-06-10T11:25:48,1500.0,19.1,B
2021-06-10T11:25:43,200.0,19.1,B
2021-06-10T11:25:39,1000.0,19.05,S
2021-06-10T11:25:35,400.0,19.1,B
2021-06-10T11:25:33,100.0,19.1,B
2021-06-10T11:25:27,500.0,19.05,S
2021-06-10T11:25:27,2700.0,19.1,B
2021-06-10T11:25:22,200.0,19.1,B
2021-06-10T11:25:21,1000.0,19.05,S
2021-06-10T11:25:19,3500.0,19.05,S
2021-06-10T11:25:19,200.0,19.1,B
2021-06-10T11:25:16,1100.0,19.1,B
2021-06-10T11:25:15,300.0,19.1,B
2021-06-10T11:25:14,1000.0,19.05,S
2021-06-10T11:25:10,300.0,19.1,B
2021-06-10T11:25:07,100.0,19.1,B
2021-06-10T11:25:03,1500.0,19.1,B
2021-06-10T11:25:03,4000.0,19.1,B
2021-06-10T11:25:01,11000.0,19.1,B
2021-06-10T11:25:01,4000.0,19.1,B
2021-06-10T11:25:00,500.0,19.1,B
2021-06-10T11:24:59,3000.0,19.05,S
2021-06-10T11:24:58,500.0,19.1,B
2021-06-10T11:24:56,300.0,19.05,S
2021-06-10T11:24:56,700.0,19.05,S
2021-06-10T11:24:47,200.0,19.1,B
2021-06-10T11:24:47,8000.0,19.1,B
2021-06-10T11:24:47,100.0,19.1,B
2021-06-10T11:24:45,1000.0,19.1,B
2021-06-10T11:24:40,9000.0,19.1,B
2021-06-10T11:24:39,200.0,19.1,B
2021-06-10T11:24:38,100.0,19.05,S
2021-06-10T11:24:38,1200.0,19.05,S
2021-06-10T11:24:38,3700.0,19.05,S
2021-06-10T11:24:37,1000.0,19.05,S
2021-06-10T11:24:21,300.0,19.1,B
2021-06-10T11:24:21,800.0,19.1,B
2021-06-10T11:24:10,500.0,19.05,S
2021-06-10T11:24:10,2500.0,19.05,S
2021-06-10T11:24:08,200.0,19.1,B
2021-06-10T11:24:06,300.0,19.05,S
2021-06-10T11:24:06,500.0,19.1,B
2021-06-10T11:24:03,3400.0,19.1,B
2021-06-10T11:24:02,5000.0,19.1,B
2021-06-10T11:23:53,200.0,19.1,B
2021-06-10T11:23:45,5000.0,19.1,B
2021-06-10T11:23:37,100.0,19.1,B
2021-06-10T11:23:37,1000.0,19.1,B
2021-06-10T11:23:33,1000.0,19.1,B
2021-06-10T11:23:31,500.0,19.1,B
2021-06-10T11:23:31,1000.0,19.1,B
2021-06-10T11:23:31,100.0,19.1,B
2021-06-10T11:23:31,3000.0,19.1,B
2021-06-10T11:23:26,3000.0,19.1,B
2021-06-10T11:23:26,400.0,19.05,S
2021-06-10T11:23:19,2000.0,19.1,B
2021-06-10T11:23:16,500.0,19.1,B
2021-06-10T11:23:13,500.0,19.1,B
2021-06-10T11:23:11,53900.0,19.1,S
2021-06-10T11:23:10,1000.0,19.1,S
2021-06-10T11:23:09,500.0,19.15,B
2021-06-10T11:23:07,100.0,19.1,S
2021-06-10T11:23:06,1000.0,19.1,S
2021-06-10T11:23:03,500.0,19.15,B
2021-06-10T11:22:59,100.0,19.1,S
2021-06-10T11:22:54,10000.0,19.1,S
2021-06-10T11:22:54,500.0,19.15,B
2021-06-10T11:22:53,200.0,19.1,S
2021-06-10T11:22:50,900.0,19.1,S
2021-06-10T11:22:48,2000.0,19.1,S
2021-06-10T11:22:39,500.0,19.1,S
2021-06-10T11:22:36,3000.0,19.1,S
2021-06-10T11:22:35,700.0,19.1,B
2021-06-10T11:22:34,1000.0,19.1,B
2021-06-10T11:22:32,5000.0,19.1,B
2021-06-10T11:22:32,100.0,19.1,B
2021-06-10T11:22:32,5000.0,19.1,B
2021-06-10T11:22:30,9000.0,19.1,B
2021-06-10T11:22:28,4200.0,19.1,B
2021-06-10T11:22:28,1300.0,19.1,B
2021-06-10T11:22:28,700.0,19.1,B
2021-06-10T11:22:28,2800.0,19.1,B
2021-06-10T11:22:26,100.0,19.1,B
2021-06-10T11:22:26,500.0,19.1,B
2021-06-10T11:22:23,1200.0,19.1,B
2021-06-10T11:22:23,9000.0,19.1,B
2021-06-10T11:22:20,500.0,19.05,S
2021-06-10T11:22:20,11700.0,19.1,B
2021-06-10T11:22:20,1200.0,19.1,B
2021-06-10T11:22:20,28800.0,19.1,B
2021-06-10T11:22:20,2700.0,19.1,B
2021-06-10T11:22:20,5600.0,19.1,B
2021-06-10T11:22:20,3100.0,19.1,B
2021-06-10T11:22:20,1000.0,19.1,B
2021-06-10T11:22:20,1500.0,19.1,B
2021-06-10T11:22:20,3400.0,19.1,B
2021-06-10T11:22:17,100.0,19.1,B
2021-06-10T11:22:16,200.0,19.05,S
2021-06-10T11:22:16,9000.0,19.1,B
2021-06-10T11:22:15,5000.0,19.05,S
2021-06-10T11:22:15,600.0,19.1,B
2021-06-10T11:22:15,4400.0,19.1,B
2021-06-10T11:22:13,9000.0,19.1,B
2021-06-10T11:22:10,9000.0,19.1,B
2021-06-10T11:22:08,5100.0,19.1,B
2021-06-10T11:22:08,2800.0,19.1,B
2021-06-10T11:22:08,2500.0,19.1,B
2021-06-10T11:22:07,19600.0,19.1,B
2021-06-10T11:22:07,7000.0,19.1,B
2021-06-10T11:22:07,2000.0,19.1,B
2021-06-10T11:22:06,500.0,19.1,B
2021-06-10T11:22:06,10000.0,19.1,B
2021-06-10T11:22:04,3000.0,19.1,B
2021-06-10T11:22:00,7000.0,19.1,B
2021-06-10T11:22:00,9000.0,19.1,B
2021-06-10T11:21:58,2000.0,19.1,B
2021-06-10T11:21:58,11000.0,19.1,B
2021-06-10T11:21:55,1000.0,19.1,B
2021-06-10T11:21:53,200.0,19.1,B
2021-06-10T11:21:53,700.0,19.1,B
2021-06-10T11:21:52,5000.0,19.1,B
2021-06-10T11:21:45,2000.0,19.1,B
2021-06-10T11:21:42,2000.0,19.1,B
2021-06-10T11:21:39,1000.0,19.1,B
2021-06-10T11:21:34,15000.0,19.1,B
2021-06-10T11:21:33,300.0,19.05,S
2021-06-10T11:21:29,1000.0,19.1,B
2021-06-10T11:21:28,6000.0,19.1,B
2021-06-10T11:21:25,500.0,19.1,B
2021-06-10T11:21:24,4400.0,19.05,S
2021-06-10T11:21:23,2300.0,19.1,B
2021-06-10T11:21:19,500.0,19.05,S
2021-06-10T11:21:13,2000.0,19.1,B
2021-06-10T11:21:13,500.0,19.1,B
2021-06-10T11:21:13,3500.0,19.1,B
2021-06-10T11:21:11,1200.0,19.1,B
2021-06-10T11:21:11,1000.0,19.1,B
2021-06-10T11:21:11,10000.0,19.1,B
2021-06-10T11:21:09,3900.0,19.1,B
2021-06-10T11:21:07,100.0,19.05,S
2021-06-10T11:21:05,10000.0,19.1,B
2021-06-10T11:21:02,1000.0,19.1,B
2021-06-10T11:21:00,500.0,19.1,B
2021-06-10T11:20:56,1000.0,19.1,B
2021-06-10T11:20:47,500.0,19.05,S
2021-06-10T11:20:41,500.0,19.1,B
2021-06-10T11:20:38,1000.0,19.1,B
2021-06-10T11:20:38,7000.0,19.1,B
2021-06-10T11:20:38,700.0,19.1,B
2021-06-10T11:20:37,100.0,19.1,B
2021-06-10T11:20:29,1000.0,19.1,B
2021-06-10T11:20:25,3000.0,19.1,B
2021-06-10T11:20:21,5000.0,19.1,B
2021-06-10T11:20:18,500.0,19.1,B
2021-06-10T11:20:10,200.0,19.1,B
2021-06-10T11:20:03,100.0,19.05,S
2021-06-10T11:19:58,5000.0,19.1,B
2021-06-10T11:19:51,5000.0,19.05,S
2021-06-10T11:19:47,5000.0,19.1,B
2021-06-10T11:19:32,2000.0,19.05,S
2021-06-10T11:19:25,3400.0,19.05,B
2021-06-10T11:19:24,200.0,19.05,B
2021-06-10T11:19:23,1000.0,19.05,B
2021-06-10T11:19:20,10000.0,19.05,B
2021-06-10T11:19:19,600.0,19.05,B
2021-06-10T11:19:19,2400.0,19.05,B
2021-06-10T11:19:17,300.0,19.05,B
2021-06-10T11:19:13,200.0,19.05,B
2021-06-10T11:19:10,1500.0,19.05,B
2021-06-10T11:19:10,1700.0,19.05,B
2021-06-10T11:19:10,2300.0,19.05,B
2021-06-10T11:19:09,100.0,19.05,B
2021-06-10T11:19:09,400.0,19.05,B
2021-06-10T11:19:08,500.0,19.05,B
2021-06-10T11:19:07,1000.0,19.05,B
2021-06-10T11:19:04,100.0,19.05,B
2021-06-10T11:19:03,5000.0,19.05,B
2021-06-10T11:18:59,5000.0,19.05,B
2021-06-10T11:18:58,800.0,19.0,S
2021-06-10T11:18:48,4000.0,19.05,B
2021-06-10T11:18:48,10000.0,19.05,B
2021-06-10T11:18:46,100.0,19.05,B
2021-06-10T11:18:44,6000.0,19.05,B
2021-06-10T11:18:44,2000.0,19.05,B
2021-06-10T11:18:35,300.0,19.05,B
2021-06-10T11:18:33,100.0,19.05,B
2021-06-10T11:18:33,500.0,19.05,B
2021-06-10T11:18:32,3000.0,19.05,B
2021-06-10T11:18:30,5000.0,19.05,B
2021-06-10T11:18:10,5000.0,19.05,B
2021-06-10T11:18:10,5000.0,19.05,B
2021-06-10T11:18:09,1500.0,19.0,S
2021-06-10T11:18:03,200.0,19.0,S
2021-06-10T11:17:59,500.0,19.0,S
2021-06-10T11:17:54,500.0,19.05,B
2021-06-10T11:17:53,1000.0,19.0,S
2021-06-10T11:17:52,3600.0,19.05,B
2021-06-10T11:17:39,1000.0,19.05,B
2021-06-10T11:17:35,1800.0,19.05,B
2021-06-10T11:17:35,300.0,19.0,S
2021-06-10T11:17:35,200.0,19.0,S
2021-06-10T11:17:28,100.0,19.0,S
2021-06-10T11:17:26,100.0,19.0,S
2021-06-10T11:17:24,200.0,19.05,B
2021-06-10T11:17:21,2500.0,19.0,S
2021-06-10T11:17:15,1000.0,19.05,B
2021-06-10T11:17:14,1600.0,19.05,B
2021-06-10T11:17:10,9300.0,19.0,S
2021-06-10T11:17:09,300.0,19.0,S
2021-06-10T11:17:09,300.0,19.0,S
2021-06-10T11:17:09,100.0,19.0,S
2021-06-10T11:17:07,200.0,19.0,S
2021-06-10T11:17:06,200.0,19.0,S
2021-06-10T11:17:06,2300.0,19.05,B
2021-06-10T11:16:57,800.0,19.0,S
2021-06-10T11:16:52,10000.0,19.05,B
2021-06-10T11:16:40,500.0,19.0,S
2021-06-10T11:16:37,10000.0,19.05,B
2021-06-10T11:16:35,1000.0,19.05,B
2021-06-10T11:16:31,300.0,19.0,S
2021-06-10T11:16:28,500.0,19.0,S
2021-06-10T11:16:19,8700.0,19.0,B
2021-06-10T11:16:15,200.0,19.0,B
2021-06-10T11:16:15,1400.0,19.0,B
2021-06-10T11:16:14,1600.0,19.0,B
2021-06-10T11:16:13,500.0,19.0,B
2021-06-10T11:16:08,2000.0,19.0,B
2021-06-10T11:16:08,8100.0,19.0,B
2021-06-10T11:16:08,500.0,19.0,B
2021-06-10T11:16:04,2000.0,19.0,B
2021-06-10T11:15:58,2000.0,19.0,B
2021-06-10T11:15:58,1000.0,19.0,B
2021-06-10T11:15:55,1300.0,19.0,B
2021-06-10T11:15:55,1000.0,19.0,B
2021-06-10T11:15:53,100.0,19.0,B
2021-06-10T11:15:45,400.0,19.0,B
2021-06-10T11:15:45,3100.0,19.0,B
2021-06-10T11:15:45,1700.0,19.0,B
2021-06-10T11:15:45,300.0,19.0,B
2021-06-10T11:15:45,3400.0,19.0,B
2021-06-10T11:15:45,1300.0,19.0,B
2021-06-10T11:15:44,2100.0,19.0,B
2021-06-10T11:15:44,5000.0,19.0,B
2021-06-10T11:15:44,1200.0,19.0,B
2021-06-10T11:15:44,1800.0,19.0,B
2021-06-10T11:15:44,10100.0,19.0,B
2021-06-10T11:15:42,100.0,18.95,S
2021-06-10T11:15:42,400.0,19.0,B
2021-06-10T11:15:42,3600.0,19.0,B
2021-06-10T11:15:41,200.0,19.0,B
2021-06-10T11:15:39,1000.0,19.0,B
2021-06-10T11:15:37,1000.0,19.0,B
2021-06-10T11:15:35,100.0,19.0,B
2021-06-10T11:15:35,6300.0,19.0,B
2021-06-10T11:15:35,5000.0,19.0,B
2021-06-10T11:15:34,200.0,19.0,B
2021-06-10T11:15:32,3600.0,19.0,B
2021-06-10T11:15:25,2000.0,19.0,B
2021-06-10T11:15:25,1000.0,19.0,B
2021-06-10T11:15:24,3700.0,19.0,B
2021-06-10T11:15:24,1100.0,19.0,B
2021-06-10T11:15:24,700.0,19.0,B
2021-06-10T11:15:24,2200.0,19.0,B
2021-06-10T11:15:18,700.0,19.0,B
2021-06-10T11:15:18,4300.0,19.0,B
2021-06-10T11:15:16,2000.0,19.0,B
2021-06-10T11:15:14,400.0,19.0,B
2021-06-10T11:15:11,3300.0,19.0,B
2021-06-10T11:15:11,300.0,19.0,B
2021-06-10T11:15:11,200.0,19.0,B
2021-06-10T11:15:11,4100.0,19.0,B
2021-06-10T11:15:11,1700.0,19.0,B
2021-06-10T11:15:09,2200.0,19.0,B
2021-06-10T11:15:09,6000.0,19.0,B
2021-06-10T11:15:09,1200.0,19.0,B
2021-06-10T11:15:08,600.0,19.0,B
2021-06-10T11:15:08,19400.0,19.0,B
2021-06-10T11:15:04,200.0,19.0,B
2021-06-10T11:15:04,200.0,19.0,B
2021-06-10T11:15:04,500.0,19.0,B
2021-06-10T11:15:03,500.0,19.0,B
2021-06-10T11:15:03,200.0,19.0,B
2021-06-10T11:15:01,1000.0,19.0,B
2021-06-10T11:14:59,1000.0,19.0,B
2021-06-10T11:14:59,600.0,19.0,B
2021-06-10T11:14:59,4600.0,19.0,B
2021-06-10T11:14:59,3500.0,19.0,B
2021-06-10T11:14:59,2200.0,19.0,B
2021-06-10T11:14:59,800.0,19.0,B
2021-06-10T11:14:59,8900.0,19.0,B
2021-06-10T11:14:52,400.0,19.0,B
2021-06-10T11:14:52,500.0,19.0,B
2021-06-10T11:14:52,10600.0,19.0,B
2021-06-10T11:14:52,1300.0,19.0,B
2021-06-10T11:14:52,600.0,19.0,B
2021-06-10T11:14:52,16600.0,19.0,B
2021-06-10T11:14:49,5000.0,19.0,B
2021-06-10T11:14:49,4200.0,19.0,B
2021-06-10T11:14:49,1000.0,19.0,B
2021-06-10T11:14:49,1000.0,19.0,B
2021-06-10T11:14:49,200.0,19.0,B
2021-06-10T11:14:47,3500.0,19.0,B
2021-06-10T11:14:46,10000.0,19.0,B
2021-06-10T11:14:42,400.0,19.0,B
2021-06-10T11:14:42,200.0,19.0,B
2021-06-10T11:14:42,700.0,19.0,B
2021-06-10T11:14:42,2100.0,19.0,B
2021-06-10T11:14:42,100.0,19.0,B
2021-06-10T11:14:42,1300.0,19.0,B
2021-06-10T11:14:42,11200.0,19.0,B
2021-06-10T11:14:42,1000.0,19.0,B
2021-06-10T11:14:37,10000.0,19.0,B
2021-06-10T11:14:32,2800.0,19.0,B
2021-06-10T11:14:32,500.0,19.0,B
2021-06-10T11:14:27,1000.0,19.0,B
2021-06-10T11:14:20,6400.0,19.0,B
2021-06-10T11:14:19,4000.0,19.0,B
2021-06-10T11:14:19,4800.0,19.0,B
2021-06-10T11:14:19,1100.0,19.0,B
2021-06-10T11:14:19,1000.0,19.0,B
2021-06-10T11:14:19,3700.0,19.0,B
2021-06-10T11:14:17,2200.0,19.0,B
2021-06-10T11:14:17,500.0,19.0,B
2021-06-10T11:14:17,800.0,19.0,B
2021-06-10T11:14:17,300.0,19.0,B
2021-06-10T11:14:17,6200.0,19.0,B
2021-06-10T11:14:12,2000.0,19.0,B
2021-06-10T11:14:12,1000.0,19.0,B
2021-06-10T11:14:10,200.0,19.0,B
2021-06-10T11:14:05,100.0,19.0,B
2021-06-10T11:14:00,3500.0,19.0,B
2021-06-10T11:13:52,100.0,19.0,B
2021-06-10T11:13:49,1100.0,19.0,B
2021-06-10T11:13:47,500.0,19.0,B
2021-06-10T11:13:45,200.0,19.0,B
2021-06-10T11:13:45,1200.0,19.0,B
2021-06-10T11:13:42,10000.0,19.0,B
2021-06-10T11:13:42,800.0,19.0,B
2021-06-10T11:13:42,1200.0,19.0,B
2021-06-10T11:13:41,100.0,19.0,B
2021-06-10T11:13:39,5000.0,19.0,B
2021-06-10T11:13:37,300.0,19.0,B
2021-06-10T11:13:37,2000.0,19.0,B
2021-06-10T11:13:36,1000.0,19.0,B
2021-06-10T11:13:31,200.0,19.0,B
2021-06-10T11:13:25,11000.0,19.0,B
2021-06-10T11:13:24,14200.0,19.0,B
2021-06-10T11:13:22,4700.0,19.0,B
2021-06-10T11:13:20,200.0,19.0,B
2021-06-10T11:13:14,500.0,19.0,B
2021-06-10T11:13:12,2000.0,19.0,B
2021-06-10T11:13:11,12000.0,19.0,B
2021-06-10T11:13:11,4000.0,19.0,B
2021-06-10T11:13:09,10000.0,19.0,B
2021-06-10T11:12:48,100.0,19.0,B
2021-06-10T11:12:47,1000.0,18.95,S
2021-06-10T11:12:44,2000.0,18.9,S
2021-06-10T11:12:44,100.0,18.95,B
2021-06-10T11:12:40,300.0,18.95,B
2021-06-10T11:12:36,800.0,18.95,B
2021-06-10T11:12:31,100.0,18.95,B
2021-06-10T11:12:30,100.0,18.95,B
2021-06-10T11:12:29,900.0,18.95,B
2021-06-10T11:12:29,3100.0,18.95,B
2021-06-10T11:12:27,100.0,18.95,B
2021-06-10T11:12:24,100.0,18.9,S
2021-06-10T11:12:19,9000.0,18.95,B
2021-06-10T11:12:15,2000.0,18.9,S
2021-06-10T11:12:15,100.0,18.95,B
2021-06-10T11:12:03,1000.0,18.95,B
2021-06-10T11:11:52,500.0,18.9,S
2021-06-10T11:11:50,3100.0,18.9,B
2021-06-10T11:11:50,4200.0,18.9,B
2021-06-10T11:11:50,3700.0,18.9,B
2021-06-10T11:11:50,700.0,18.9,B
2021-06-10T11:11:50,1500.0,18.9,B
2021-06-10T11:11:50,2900.0,18.9,B
2021-06-10T11:11:50,11200.0,18.9,B
2021-06-10T11:11:50,5000.0,18.9,B
2021-06-10T11:11:49,6100.0,18.9,B
2021-06-10T11:11:49,4300.0,18.9,B
2021-06-10T11:11:49,1000.0,18.9,B
2021-06-10T11:11:48,8600.0,18.9,B
2021-06-10T11:11:47,1600.0,18.9,B
2021-06-10T11:11:45,4900.0,18.9,B
2021-06-10T11:11:45,1600.0,18.9,B
2021-06-10T11:11:45,3500.0,18.9,B
2021-06-10T11:11:45,200.0,18.9,B
2021-06-10T11:11:41,1000.0,18.85,S
2021-06-10T11:11:37,800.0,18.9,B
2021-06-10T11:11:37,400.0,18.9,B
2021-06-10T11:11:34,200.0,18.9,B
2021-06-10T11:11:30,2000.0,18.9,B
2021-06-10T11:11:29,1200.0,18.85,S
2021-06-10T11:11:29,100.0,18.9,B
2021-06-10T11:11:21,100.0,18.85,S
2021-06-10T11:11:16,7200.0,18.9,B
2021-06-10T11:11:16,100.0,18.9,B
2021-06-10T11:11:16,12700.0,18.9,B
2021-06-10T11:11:14,1500.0,18.9,B
2021-06-10T11:11:12,100.0,18.85,S
2021-06-10T11:11:02,300.0,18.85,S
2021-06-10T11:11:01,1500.0,18.9,B
2021-06-10T11:10:58,35000.0,18.9,B
2021-06-10T11:10:58,2000.0,18.9,B
2021-06-10T11:10:58,400.0,18.9,B
2021-06-10T11:10:50,9400.0,18.9,B
2021-06-10T11:10:49,10000.0,18.9,B
2021-06-10T11:10:44,100.0,18.85,S
2021-06-10T11:10:31,200.0,18.9,B
2021-06-10T11:10:25,100.0,18.85,S
2021-06-10T11:10:21,1600.0,18.85,B
2021-06-10T11:10:19,3100.0,18.85,B
2021-06-10T11:10:19,3000.0,18.85,B
2021-06-10T11:10:19,500.0,18.85,B
2021-06-10T11:10:18,300.0,18.85,B
2021-06-10T11:10:17,700.0,18.85,B
2021-06-10T11:10:15,400.0,18.85,B
2021-06-10T11:10:15,14600.0,18.85,B
2021-06-10T11:10:12,10000.0,18.85,B
2021-06-10T11:10:10,2000.0,18.85,B
2021-06-10T11:10:08,100.0,18.85,B
2021-06-10T11:10:05,300.0,18.85,B
2021-06-10T11:10:05,2400.0,18.85,B
2021-06-10T11:10:05,800.0,18.85,B
2021-06-10T11:10:05,600.0,18.85,B
2021-06-10T11:10:05,200.0,18.85,B
2021-06-10T11:10:05,6000.0,18.85,B
2021-06-10T11:10:02,1000.0,18.8,S
2021-06-10T11:10:02,17400.0,18.85,B
2021-06-10T11:10:02,12600.0,18.85,B
2021-06-10T11:10:01,3000.0,18.85,B
2021-06-10T11:09:57,100.0,18.85,B
2021-06-10T11:09:54,6500.0,18.85,B
2021-06-10T11:09:54,500.0,18.85,B
2021-06-10T11:09:47,2200.0,18.85,B
2021-06-10T11:09:37,100.0,18.85,B
2021-06-10T11:09:34,3000.0,18.85,B
2021-06-10T11:09:32,7000.0,18.85,B
2021-06-10T11:09:26,100.0,18.8,S
2021-06-10T11:09:20,20000.0,18.85,B
2021-06-10T11:09:19,700.0,18.8,S
2021-06-10T11:09:19,500.0,18.8,S
2021-06-10T11:09:16,1000.0,18.85,B
2021-06-10T11:09:16,6800.0,18.85,B
2021-06-10T11:09:16,1000.0,18.8,B
2021-06-10T11:09:13,500.0,18.8,B
2021-06-10T11:09:11,300.0,18.8,B
2021-06-10T11:09:11,1600.0,18.8,B
2021-06-10T11:09:11,600.0,18.8,B
2021-06-10T11:09:11,1400.0,18.8,B
2021-06-10T11:09:11,2100.0,18.8,B
2021-06-10T11:09:11,1800.0,18.8,B
2021-06-10T11:09:11,300.0,18.8,B
2021-06-10T11:09:11,8300.0,18.8,B
2021-06-10T11:09:11,6500.0,18.8,B
2021-06-10T11:09:11,600.0,18.8,B
2021-06-10T11:09:11,11200.0,18.8,B
2021-06-10T11:09:11,8500.0,18.8,B
2021-06-10T11:09:11,2500.0,18.8,B
2021-06-10T11:09:05,7000.0,18.8,B
2021-06-10T11:09:05,200.0,18.8,B
2021-06-10T11:09:00,600.0,18.75,S
2021-06-10T11:08:59,8000.0,18.8,B
2021-06-10T11:08:57,5000.0,18.8,B
2021-06-10T11:08:39,5000.0,18.8,B
2021-06-10T11:08:37,10000.0,18.8,B
2021-06-10T11:08:32,500.0,18.8,B
2021-06-10T11:08:30,2000.0,18.8,B
2021-06-10T11:08:15,2400.0,18.8,B
2021-06-10T11:08:15,11300.0,18.8,B
2021-06-10T11:08:15,10000.0,18.8,B
2021-06-10T11:08:15,100.0,18.8,B
2021-06-10T11:08:15,500.0,18.8,B
2021-06-10T11:08:15,2000.0,18.8,B
2021-06-10T11:08:15,19500.0,18.8,B
2021-06-10T11:08:15,16500.0,18.8,B
2021-06-10T11:08:15,1000.0,18.8,B
2021-06-10T11:08:15,1900.0,18.8,B
2021-06-10T11:08:15,4900.0,18.8,B
2021-06-10T11:08:15,7000.0,18.8,B
2021-06-10T11:08:15,7000.0,18.8,B
2021-06-10T11:08:15,8300.0,18.8,B
2021-06-10T11:08:15,2000.0,18.8,B
2021-06-10T11:08:15,11200.0,18.8,B
2021-06-10T11:08:15,5900.0,18.8,B
2021-06-10T11:08:15,9000.0,18.8,B
2021-06-10T11:08:14,1400.0,18.8,B
2021-06-10T11:08:14,2500.0,18.8,B
2021-06-10T11:08:14,200.0,18.8,B
2021-06-10T11:08:14,3100.0,18.8,B
2021-06-10T11:08:14,3500.0,18.8,B
2021-06-10T11:08:14,900.0,18.8,B
2021-06-10T11:08:14,400.0,18.8,B
2021-06-10T11:08:14,2100.0,18.8,B
2021-06-10T11:08:14,2300.0,18.8,B
2021-06-10T11:08:14,3500.0,18.8,B
2021-06-10T11:08:14,300.0,18.8,B
2021-06-10T11:08:14,300.0,18.8,B
2021-06-10T11:08:14,5000.0,18.8,B
2021-06-10T11:08:14,3000.0,18.8,B
2021-06-10T11:08:14,11700.0,18.8,B
2021-06-10T11:08:14,5000.0,18.8,B
2021-06-10T11:08:14,22300.0,18.8,B
2021-06-10T11:08:14,10300.0,18.8,B
2021-06-10T11:08:14,11500.0,18.8,B
2021-06-10T11:08:14,21500.0,18.8,B
2021-06-10T11:08:14,30800.0,18.75,B
2021-06-10T11:08:14,2500.0,18.75,B
2021-06-10T11:08:14,2000.0,18.75,B
2021-06-10T11:08:14,8000.0,18.75,B
2021-06-10T11:08:14,4700.0,18.75,B
2021-06-10T11:08:13,11000.0,18.75,B
2021-06-10T11:08:13,1600.0,18.75,B
2021-06-10T11:08:13,8100.0,18.75,B
2021-06-10T11:08:10,2500.0,18.75,B
2021-06-10T11:08:10,600.0,18.75,B
2021-06-10T11:08:10,100.0,18.75,B
2021-06-10T11:08:10,1800.0,18.75,B
2021-06-10T11:08:02,1000.0,18.75,B
2021-06-10T11:08:01,5000.0,18.75,B
2021-06-10T11:07:59,10000.0,18.75,B
2021-06-10T11:07:58,200.0,18.7,S
2021-06-10T11:07:54,3100.0,18.75,B
2021-06-10T11:07:54,1100.0,18.75,B
2021-06-10T11:07:54,12500.0,18.75,B
2021-06-10T11:07:54,1000.0,18.75,B
2021-06-10T11:07:54,1300.0,18.75,B
2021-06-10T11:07:54,200.0,18.75,B
2021-06-10T11:07:54,6500.0,18.75,B
2021-06-10T11:07:54,24600.0,18.75,B
2021-06-10T11:07:32,4000.0,18.75,B
2021-06-10T11:07:31,6000.0,18.75,B
2021-06-10T11:07:07,200.0,18.75,B
2021-06-10T11:07:00,100.0,18.7,S
2021-06-10T11:06:56,500.0,18.7,S
2021-06-10T11:06:36,100.0,18.7,S
2021-06-10T11:06:30,200.0,18.7,S
2021-06-10T11:06:28,1000.0,18.75,B
2021-06-10T11:06:27,2000.0,18.75,B
2021-06-10T11:06:21,1000.0,18.7,S
2021-06-10T11:06:19,5000.0,18.7,S
2021-06-10T11:06:12,600.0,18.75,B
2021-06-10T11:06:10,7000.0,18.7,S
2021-06-10T11:06:01,200.0,18.7,S
2021-06-10T11:05:56,1000.0,18.7,S
2021-06-10T11:05:56,900.0,18.75,B
2021-06-10T11:05:55,600.0,18.75,B
2021-06-10T11:05:50,200.0,18.7,S
2021-06-10T11:05:45,100.0,18.7,B
2021-06-10T11:05:40,200.0,18.7,B
2021-06-10T11:05:37,700.0,18.7,B
2021-06-10T11:05:37,6800.0,18.7,B
2021-06-10T11:05:37,700.0,18.7,B
2021-06-10T11:05:37,200.0,18.7,B
2021-06-10T11:05:37,6600.0,18.7,B
2021-06-10T11:05:37,2000.0,18.7,B
2021-06-10T11:05:36,700.0,18.7,B
2021-06-10T11:05:36,300.0,18.7,B
2021-06-10T11:05:36,6300.0,18.7,B
2021-06-10T11:05:36,1000.0,18.7,B
2021-06-10T11:05:36,24700.0,18.7,B
2021-06-10T11:05:32,20000.0,18.7,B
2021-06-10T11:05:32,1000.0,18.7,B
2021-06-10T11:05:20,16900.0,18.7,B
2021-06-10T11:05:20,1000.0,18.7,B
2021-06-10T11:05:20,900.0,18.7,B
2021-06-10T11:05:19,13400.0,18.7,B
2021-06-10T11:05:18,1000.0,18.65,S
2021-06-10T11:05:14,20000.0,18.7,B
2021-06-10T11:05:10,3500.0,18.7,B
2021-06-10T11:05:09,5000.0,18.7,B
2021-06-10T11:04:52,300.0,18.65,S
2021-06-10T11:04:39,600.0,18.7,B
2021-06-10T11:04:36,100.0,18.65,S
2021-06-10T11:04:27,5300.0,18.7,B
2021-06-10T11:04:26,200.0,18.6,S
2021-06-10T11:04:14,1100.0,18.65,B
2021-06-10T11:04:13,200.0,18.65,B
2021-06-10T11:04:13,28600.0,18.65,B
2021-06-10T11:04:13,6300.0,18.65,B
2021-06-10T11:04:13,8700.0,18.65,B
2021-06-10T11:04:13,5100.0,18.65,B
2021-06-10T11:04:10,200.0,18.6,S
2021-06-10T11:04:09,100.0,18.65,B
2021-06-10T11:04:06,6200.0,18.65,B
2021-06-10T11:04:04,5000.0,18.6,S
2021-06-10T11:04:01,30000.0,18.65,B
2021-06-10T11:03:58,200.0,18.6,S
2021-06-10T11:03:58,8000.0,18.6,S
2021-06-10T11:03:56,500.0,18.6,S
2021-06-10T11:03:50,500.0,18.6,S
2021-06-10T11:03:42,8300.0,18.6,S
2021-06-10T11:03:42,11700.0,18.6,S
2021-06-10T11:03:37,4000.0,18.6,S
2021-06-10T11:03:26,1000.0,18.6,S
2021-06-10T11:03:02,700.0,18.6,S
2021-06-10T11:03:02,600.0,18.6,S
2021-06-10T11:02:57,2000.0,18.65,B
2021-06-10T11:02:51,400.0,18.6,S
2021-06-10T11:02:51,5500.0,18.6,S
2021-06-10T11:02:51,500.0,18.6,S
2021-06-10T11:02:51,1200.0,18.6,S
2021-06-10T11:02:51,1600.0,18.6,S
2021-06-10T11:02:51,800.0,18.6,S
2021-06-10T11:02:34,2200.0,18.6,S
2021-06-10T11:02:32,300.0,18.6,S
2021-06-10T11:02:31,100.0,18.6,S
2021-06-10T11:02:26,200.0,18.6,S
2021-06-10T11:02:24,3000.0,18.65,B
2021-06-10T11:02:06,100.0,18.6,S
2021-06-10T11:01:58,1200.0,18.6,S
2021-06-10T11:01:50,300.0,18.65,B
2021-06-10T11:01:47,5000.0,18.6,S
2021-06-10T11:01:44,100.0,18.6,S
2021-06-10T11:01:42,2500.0,18.65,B
2021-06-10T11:01:20,1500.0,18.6,S
2021-06-10T11:01:11,500.0,18.6,S
2021-06-10T11:01:03,1000.0,18.6,S
2021-06-10T11:00:44,300.0,18.6,B
2021-06-10T11:00:44,20600.0,18.6,B
2021-06-10T11:00:40,1000.0,18.6,B
2021-06-10T11:00:24,500.0,18.6,B
2021-06-10T11:00:24,4500.0,18.6,B
2021-06-10T11:00:12,7900.0,18.6,B
2021-06-10T11:00:09,1000.0,18.6,B
2021-06-10T11:00:04,1500.0,18.6,B
2021-06-10T10:59:36,2000.0,18.6,B
2021-06-10T10:59:27,500.0,18.6,B
2021-06-10T10:59:23,10000.0,18.55,S
2021-06-10T10:59:15,500.0,18.55,S
2021-06-10T10:59:07,300.0,18.6,B
2021-06-10T10:59:00,3900.0,18.55,S
2021-06-10T10:58:44,1000.0,18.55,S
2021-06-10T10:58:44,9000.0,18.55,S
2021-06-10T10:58:39,800.0,18.55,S
2021-06-10T10:58:34,100.0,18.55,S
2021-06-10T10:58:26,2600.0,18.6,B
2021-06-10T10:58:26,2600.0,18.6,B
2021-06-10T10:58:26,200.0,18.6,B
2021-06-10T10:58:26,1300.0,18.6,B
2021-06-10T10:58:26,1100.0,18.6,B
2021-06-10T10:58:26,3200.0,18.6,B
2021-06-10T10:58:26,22000.0,18.6,B
2021-06-10T10:58:26,2000.0,18.6,B
2021-06-10T10:58:26,15000.0,18.6,B
2021-06-10T10:58:06,1600.0,18.55,S
2021-06-10T10:57:52,100.0,18.6,B
2021-06-10T10:57:47,1000.0,18.55,S
2021-06-10T10:57:32,400.0,18.6,B
2021-06-10T10:57:14,400.0,18.55,B
2021-06-10T10:57:14,2700.0,18.55,B
2021-06-10T10:57:14,300.0,18.55,B
2021-06-10T10:57:14,11100.0,18.55,B
2021-06-10T10:57:14,7100.0,18.5,S
2021-06-10T10:57:14,7500.0,18.5,S
2021-06-10T10:57:14,4000.0,18.5,S
2021-06-10T10:57:14,1200.0,18.5,S
2021-06-10T10:57:14,800.0,18.5,S
2021-06-10T10:57:14,8500.0,18.5,S
2021-06-10T10:57:14,20900.0,18.5,S
2021-06-10T10:57:06,300.0,18.55,B
2021-06-10T10:57:05,10000.0,18.5,S
2021-06-10T10:57:03,10000.0,18.55,B
2021-06-10T10:56:42,500.0,18.5,S
2021-06-10T10:56:41,200.0,18.5,S
2021-06-10T10:56:21,100.0,18.55,B
2021-06-10T10:56:16,1600.0,18.55,B
2021-06-10T10:56:16,2000.0,18.55,B
2021-06-10T10:56:16,400.0,18.55,B
2021-06-10T10:56:16,500.0,18.55,B
2021-06-10T10:56:12,500.0,18.55,B
2021-06-10T10:56:09,500.0,18.55,B
2021-06-10T10:56:07,500.0,18.55,B
2021-06-10T10:56:06,500.0,18.55,B
2021-06-10T10:56:03,1000.0,18.5,S
2021-06-10T10:56:02,100.0,18.5,S
2021-06-10T10:55:49,500.0,18.55,B
2021-06-10T10:55:25,200.0,18.5,S
2021-06-10T10:55:15,100.0,18.5,S
2021-06-10T10:54:29,500.0,18.55,B
2021-06-10T10:54:19,200.0,18.55,B
2021-06-10T10:54:18,1000.0,18.55,B
2021-06-10T10:54:17,1000.0,18.5,S
2021-06-10T10:54:02,10000.0,18.5,S
2021-06-10T10:53:52,1600.0,18.55,B
2021-06-10T10:53:51,1000.0,18.55,B
2021-06-10T10:53:47,1200.0,18.55,B
2021-06-10T10:53:46,5000.0,18.5,S
2021-06-10T10:53:45,2000.0,18.55,B
2021-06-10T10:53:25,3000.0,18.55,B
2021-06-10T10:53:21,5200.0,18.55,B
2021-06-10T10:53:20,1000.0,18.5,S
2021-06-10T10:53:08,1000.0,18.55,B
2021-06-10T10:53:01,1000.0,18.55,B
2021-06-10T10:52:43,700.0,18.5,S
2021-06-10T10:52:39,10000.0,18.55,S
2021-06-10T10:52:39,500.0,18.55,S
2021-06-10T10:52:38,2600.0,18.55,S
2021-06-10T10:52:34,1000.0,18.55,S
2021-06-10T10:51:58,14600.0,18.55,S
2021-06-10T10:51:35,1000.0,18.6,S
2021-06-10T10:51:35,4500.0,18.6,S
2021-06-10T10:51:27,100.0,18.6,S
2021-06-10T10:51:23,1000.0,18.6,S
2021-06-10T10:51:22,1000.0,18.6,S
2021-06-10T10:51:21,100.0,18.6,S
2021-06-10T10:51:20,1000.0,18.6,S
2021-06-10T10:51:10,400.0,18.6,S
2021-06-10T10:50:50,500.0,18.6,S
2021-06-10T10:50:48,1000.0,18.6,S
2021-06-10T10:50:48,2200.0,18.6,S
2021-06-10T10:50:41,17800.0,18.6,S
2021-06-10T10:50:40,9000.0,18.6,S
2021-06-10T10:50:40,100.0,18.6,S
2021-06-10T10:50:40,100.0,18.6,S
2021-06-10T10:50:32,1500.0,18.6,B
2021-06-10T10:50:29,1500.0,18.6,B
2021-06-10T10:50:19,100.0,18.6,B
2021-06-10T10:50:19,3200.0,18.6,B
2021-06-10T10:50:18,6700.0,18.6,B
2021-06-10T10:50:06,100.0,18.55,S
2021-06-10T10:50:05,800.0,18.6,B
2021-06-10T10:49:50,500.0,18.55,S
2021-06-10T10:49:50,500.0,18.55,S
2021-06-10T10:49:42,100.0,18.55,S
2021-06-10T10:49:42,1000.0,18.6,B
2021-06-10T10:49:42,10000.0,18.6,B
2021-06-10T10:49:41,1000.0,18.6,B
2021-06-10T10:49:37,200.0,18.6,B
2021-06-10T10:49:34,200.0,18.6,B
2021-06-10T10:49:31,500.0,18.6,B
2021-06-10T10:49:28,100.0,18.6,B
2021-06-10T10:48:58,300.0,18.6,S
2021-06-10T10:48:57,500.0,18.6,S
2021-06-10T10:48:52,200.0,18.6,S
2021-06-10T10:48:50,200.0,18.6,S
2021-06-10T10:48:47,400.0,18.6,S
2021-06-10T10:48:47,1200.0,18.5,S
2021-06-10T10:48:46,100.0,18.5,S
2021-06-10T10:48:46,2000.0,18.5,S
2021-06-10T10:48:46,300.0,18.5,S
2021-06-10T10:48:46,1500.0,18.5,S
2021-06-10T10:48:46,5800.0,18.5,S
2021-06-10T10:48:46,14700.0,18.55,S
2021-06-10T10:48:46,5300.0,18.55,S
2021-06-10T10:48:46,100.0,18.55,S
2021-06-10T10:48:46,6600.0,18.55,S
2021-06-10T10:48:46,2100.0,18.55,S
2021-06-10T10:48:45,29900.0,18.55,S
2021-06-10T10:48:39,5000.0,18.6,S
2021-06-10T10:48:34,2400.0,18.6,S
2021-06-10T10:48:24,1000.0,18.6,S
2021-06-10T10:48:23,1000.0,18.6,S
2021-06-10T10:48:21,200.0,18.65,B
2021-06-10T10:48:15,900.0,18.6,S
2021-06-10T10:47:49,200.0,18.65,B
2021-06-10T10:47:24,500.0,18.65,B
2021-06-10T10:47:20,4400.0,18.65,S
2021-06-10T10:47:18,1000.0,18.65,S
2021-06-10T10:47:15,100.0,18.65,S
2021-06-10T10:47:09,200.0,18.65,S
2021-06-10T10:46:57,500.0,18.65,S
2021-06-10T10:46:48,600.0,18.6,S
2021-06-10T10:46:48,2500.0,18.6,S
2021-06-10T10:46:48,100.0,18.6,S
2021-06-10T10:46:47,46800.0,18.6,S
2021-06-10T10:46:45,3000.0,18.65,B
2021-06-10T10:46:42,200.0,18.65,B
2021-06-10T10:46:42,400.0,18.65,B
2021-06-10T10:46:42,2000.0,18.6,S
2021-06-10T10:46:22,10000.0,18.6,S
2021-06-10T10:46:21,10400.0,18.65,B
2021-06-10T10:46:18,3000.0,18.6,S
2021-06-10T10:46:08,2700.0,18.65,B
2021-06-10T10:46:06,24400.0,18.65,B
2021-06-10T10:46:06,5600.0,18.65,B
2021-06-10T10:45:39,30000.0,18.65,B
2021-06-10T10:45:35,5000.0,18.6,S
2021-06-10T10:45:31,500.0,18.65,B
2021-06-10T10:45:24,2000.0,18.6,S
2021-06-10T10:45:20,1000.0,18.6,S
2021-06-10T10:45:04,600.0,18.6,S
2021-06-10T10:45:04,400.0,18.6,S
2021-06-10T10:44:46,100.0,18.65,B
2021-06-10T10:44:43,2300.0,18.65,B
2021-06-10T10:44:43,7600.0,18.65,B
2021-06-10T10:44:43,100.0,18.65,B
2021-06-10T10:44:39,3000.0,18.6,S
2021-06-10T10:44:31,2000.0,18.6,S
2021-06-10T10:44:26,2000.0,18.65,B
2021-06-10T10:44:21,100.0,18.65,S
2021-06-10T10:44:18,100.0,18.65,S
2021-06-10T10:44:15,10000.0,18.65,S
2021-06-10T10:44:07,27700.0,18.65,S
2021-06-10T10:44:04,800.0,18.65,S
2021-06-10T10:44:03,1000.0,18.7,B
2021-06-10T10:43:59,1000.0,18.65,S
2021-06-10T10:43:58,100.0,18.7,B
2021-06-10T10:43:49,500.0,18.65,S
2021-06-10T10:43:42,1500.0,18.65,S
2021-06-10T10:43:39,200.0,18.7,B
2021-06-10T10:43:39,1500.0,18.7,B
2021-06-10T10:43:39,1500.0,18.7,B
2021-06-10T10:43:39,7000.0,18.7,B
2021-06-10T10:43:38,10100.0,18.65,S
2021-06-10T10:43:38,900.0,18.65,S
2021-06-10T10:43:38,7900.0,18.65,S
2021-06-10T10:43:34,1000.0,18.65,S
2021-06-10T10:43:34,200.0,18.65,S
2021-06-10T10:43:27,30000.0,18.7,B
2021-06-10T10:43:26,100.0,18.65,S
2021-06-10T10:43:19,2000.0,18.65,S
2021-06-10T10:43:08,100.0,18.65,S
2021-06-10T10:43:04,500.0,18.65,S
2021-06-10T10:42:59,100.0,18.65,B
2021-06-10T10:42:57,20000.0,18.7,B
2021-06-10T10:42:52,9100.0,18.65,B
2021-06-10T10:42:34,1000.0,18.65,B
2021-06-10T10:42:34,600.0,18.65,B
2021-06-10T10:42:31,500.0,18.65,B
2021-06-10T10:42:29,100.0,18.65,B
2021-06-10T10:42:23,1000.0,18.65,B
2021-06-10T10:42:13,1000.0,18.65,B
2021-06-10T10:42:04,3000.0,18.65,B
2021-06-10T10:42:00,1000.0,18.65,B
2021-06-10T10:41:58,5000.0,18.6,S
2021-06-10T10:41:54,5000.0,18.6,S
2021-06-10T10:41:40,600.0,18.65,S
2021-06-10T10:41:39,3900.0,18.65,S
2021-06-10T10:41:32,300.0,18.7,B
2021-06-10T10:41:15,2200.0,18.65,S
2021-06-10T10:41:15,600.0,18.65,S
2021-06-10T10:41:15,17200.0,18.65,S
2021-06-10T10:41:06,1000.0,18.7,B
2021-06-10T10:41:05,100.0,18.7,B
2021-06-10T10:41:01,3000.0,18.7,B
2021-06-10T10:40:37,100.0,18.7,B
2021-06-10T10:40:26,500.0,18.7,S
2021-06-10T10:40:16,2000.0,18.7,S
2021-06-10T10:40:15,1400.0,18.7,S
2021-06-10T10:40:14,4600.0,18.7,S
2021-06-10T10:40:12,3400.0,18.7,S
2021-06-10T10:40:12,100.0,18.7,S
2021-06-10T10:40:06,200.0,18.7,S
2021-06-10T10:40:02,4000.0,18.7,B
2021-06-10T10:39:56,1000.0,18.7,B
2021-06-10T10:39:56,300.0,18.7,B
2021-06-10T10:39:56,3000.0,18.7,B
2021-06-10T10:39:50,100.0,18.7,B
2021-06-10T10:39:43,20000.0,18.7,B
2021-06-10T10:39:42,200.0,18.65,S
2021-06-10T10:39:37,1000.0,18.7,B
2021-06-10T10:39:28,100.0,18.7,B
2021-06-10T10:39:25,100.0,18.65,S
2021-06-10T10:39:24,13100.0,18.7,B
2021-06-10T10:39:23,1900.0,18.7,B
2021-06-10T10:39:18,1000.0,18.7,B
2021-06-10T10:39:17,3000.0,18.7,B
2021-06-10T10:39:14,100.0,18.7,B
2021-06-10T10:39:14,5000.0,18.7,S
2021-06-10T10:39:14,100.0,18.7,S
2021-06-10T10:39:06,400.0,18.7,B
2021-06-10T10:39:03,1000.0,18.65,S
2021-06-10T10:39:01,1100.0,18.7,B
2021-06-10T10:39:01,4900.0,18.7,B
2021-06-10T10:39:01,500.0,18.7,B
2021-06-10T10:39:01,100.0,18.7,B
2021-06-10T10:38:59,200.0,18.7,B
2021-06-10T10:38:59,1200.0,18.7,B
2021-06-10T10:38:59,200.0,18.7,B
2021-06-10T10:38:57,2700.0,18.7,B
2021-06-10T10:38:57,2100.0,18.7,B
2021-06-10T10:38:57,10500.0,18.7,B
2021-06-10T10:38:56,1000.0,18.65,S
2021-06-10T10:38:56,3000.0,18.7,B
2021-06-10T10:38:55,2000.0,18.7,B
2021-06-10T10:38:51,5000.0,18.7,B
2021-06-10T10:38:49,2500.0,18.7,B
2021-06-10T10:38:47,1000.0,18.7,B
2021-06-10T10:38:44,1000.0,18.7,B
2021-06-10T10:38:43,8000.0,18.7,B
2021-06-10T10:38:25,100.0,18.65,S
2021-06-10T10:38:24,500.0,18.7,B
2021-06-10T10:38:22,200.0,18.7,B
2021-06-10T10:38:13,200.0,18.7,B
2021-06-10T10:38:11,1500.0,18.7,B
2021-06-10T10:38:11,1000.0,18.7,B
2021-06-10T10:38:02,3000.0,18.7,B
2021-06-10T10:37:56,200.0,18.7,B
2021-06-10T10:37:56,500.0,18.7,B
2021-06-10T10:37:53,1000.0,18.7,B
2021-06-10T10:37:53,5000.0,18.7,B
2021-06-10T10:37:51,200.0,18.7,B
2021-06-10T10:37:51,500.0,18.7,B
2021-06-10T10:37:48,1500.0,18.7,B
2021-06-10T10:37:47,1300.0,18.7,B
2021-06-10T10:37:35,300.0,18.7,B
2021-06-10T10:37:31,1400.0,18.7,B
2021-06-10T10:37:30,2000.0,18.7,B
2021-06-10T10:37:29,400.0,18.7,B
2021-06-10T10:37:28,1000.0,18.65,S
2021-06-10T10:37:25,1000.0,18.7,B
2021-06-10T10:37:25,2000.0,18.7,B
2021-06-10T10:37:24,1200.0,18.7,B
2021-06-10T10:37:23,3000.0,18.7,B
2021-06-10T10:37:16,2600.0,18.7,B
2021-06-10T10:37:06,2500.0,18.7,B
2021-06-10T10:37:06,1500.0,18.7,B
2021-06-10T10:37:06,1600.0,18.7,B
2021-06-10T10:37:06,600.0,18.7,B
2021-06-10T10:37:06,5500.0,18.7,B
2021-06-10T10:36:50,1000.0,18.7,B
2021-06-10T10:36:46,2400.0,18.7,B
2021-06-10T10:36:44,7600.0,18.7,B
2021-06-10T10:36:26,100.0,18.65,S
2021-06-10T10:36:15,300.0,18.7,B
2021-06-10T10:36:15,4700.0,18.7,B
2021-06-10T10:36:13,1000.0,18.7,B
2021-06-10T10:36:10,600.0,18.65,B
2021-06-10T10:36:10,1900.0,18.65,B
2021-06-10T10:36:10,100.0,18.65,B
2021-06-10T10:36:10,16300.0,18.65,B
2021-06-10T10:36:09,5000.0,18.65,B
2021-06-10T10:36:06,5000.0,18.65,B
2021-06-10T10:36:05,3000.0,18.65,B
2021-06-10T10:36:01,1000.0,18.65,B
2021-06-10T10:35:57,2000.0,18.65,B
2021-06-10T10:35:56,1400.0,18.65,B
2021-06-10T10:35:54,10000.0,18.65,B
2021-06-10T10:35:48,5000.0,18.65,B
2021-06-10T10:35:45,200.0,18.65,B
2021-06-10T10:35:35,1000.0,18.65,B
2021-06-10T10:35:29,2000.0,18.6,S
2021-06-10T10:35:29,3000.0,18.65,B
2021-06-10T10:35:24,100.0,18.65,B
2021-06-10T10:35:07,3000.0,18.65,B
2021-06-10T10:35:04,200.0,18.6,S
2021-06-10T10:34:58,1000.0,18.6,S
2021-06-10T10:34:50,300.0,18.6,S
2021-06-10T10:34:40,10000.0,18.6,S
2021-06-10T10:34:37,200.0,18.6,B
2021-06-10T10:34:37,1100.0,18.6,B
2021-06-10T10:34:35,2900.0,18.6,B
2021-06-10T10:34:35,3000.0,18.6,B
2021-06-10T10:34:35,700.0,18.6,B
2021-06-10T10:34:35,2300.0,18.6,B
2021-06-10T10:34:35,1000.0,18.6,B
2021-06-10T10:34:35,1300.0,18.6,B
2021-06-10T10:34:35,7500.0,18.6,B
2021-06-10T10:34:32,1000.0,18.6,B
2021-06-10T10:34:24,5000.0,18.6,B
2021-06-10T10:34:22,1000.0,18.6,B
2021-06-10T10:34:20,200.0,18.6,B
2021-06-10T10:34:20,400.0,18.6,B
2021-06-10T10:34:20,2600.0,18.6,B
2021-06-10T10:34:20,800.0,18.6,B
2021-06-10T10:34:20,7300.0,18.6,B
2021-06-10T10:34:20,4700.0,18.6,B
2021-06-10T10:34:20,1000.0,18.6,B
2021-06-10T10:34:20,2000.0,18.6,B
2021-06-10T10:34:19,14200.0,18.6,B
2021-06-10T10:34:18,3000.0,18.55,S
2021-06-10T10:34:18,100.0,18.6,B
2021-06-10T10:34:16,2000.0,18.6,B
2021-06-10T10:34:13,2000.0,18.6,B
2021-06-10T10:34:12,1000.0,18.6,B
2021-06-10T10:34:09,3000.0,18.6,B
2021-06-10T10:34:06,500.0,18.6,B
2021-06-10T10:34:02,1000.0,18.6,B
2021-06-10T10:33:58,300.0,18.6,B
2021-06-10T10:33:58,5000.0,18.6,B
2021-06-10T10:33:45,2000.0,18.6,B
2021-06-10T10:33:39,500.0,18.6,B
2021-06-10T10:33:34,200.0,18.6,B
2021-06-10T10:33:34,100.0,18.6,B
2021-06-10T10:33:12,3200.0,18.55,S
2021-06-10T10:33:12,1800.0,18.55,S
2021-06-10T10:33:11,500.0,18.55,S
2021-06-10T10:33:10,3800.0,18.55,S
2021-06-10T10:33:05,200.0,18.55,B
2021-06-10T10:33:02,15000.0,18.6,B
2021-06-10T10:33:02,4200.0,18.55,B
2021-06-10T10:33:02,12500.0,18.55,B
2021-06-10T10:33:02,3300.0,18.55,B
2021-06-10T10:33:02,200.0,18.6,B
2021-06-10T10:32:59,200.0,18.55,B
2021-06-10T10:32:47,2000.0,18.55,B
2021-06-10T10:32:41,5800.0,18.55,B
2021-06-10T10:32:41,1000.0,18.55,B
2021-06-10T10:32:40,300.0,18.55,B
2021-06-10T10:32:40,500.0,18.55,B
2021-06-10T10:32:40,1000.0,18.55,B
2021-06-10T10:32:40,1400.0,18.55,B
2021-06-10T10:32:39,500.0,18.55,B
2021-06-10T10:32:37,2000.0,18.55,B
2021-06-10T10:32:35,400.0,18.5,S
2021-06-10T10:32:35,1000.0,18.55,B
2021-06-10T10:32:34,100.0,18.55,B
2021-06-10T10:32:34,900.0,18.55,B
2021-06-10T10:32:26,400.0,18.55,B
2021-06-10T10:32:23,1400.0,18.55,B
2021-06-10T10:32:23,100.0,18.55,B
2021-06-10T10:32:23,1000.0,18.55,B
2021-06-10T10:32:23,7500.0,18.55,B
2021-06-10T10:32:18,4000.0,18.55,B
2021-06-10T10:32:18,400.0,18.55,B
2021-06-10T10:32:16,1000.0,18.55,B
2021-06-10T10:32:15,100.0,18.55,B
2021-06-10T10:32:05,1000.0,18.55,B
2021-06-10T10:31:59,200.0,18.5,S
2021-06-10T10:31:53,5000.0,18.55,B
2021-06-10T10:31:43,5000.0,18.55,B
2021-06-10T10:31:43,3000.0,18.55,B
2021-06-10T10:31:39,2000.0,18.55,B
2021-06-10T10:31:35,1000.0,18.55,B
2021-06-10T10:31:32,1000.0,18.55,B
2021-06-10T10:31:24,1000.0,18.55,B
2021-06-10T10:31:15,200.0,18.55,B
2021-06-10T10:31:07,10000.0,18.55,B
2021-06-10T10:30:57,500.0,18.5,S
2021-06-10T10:30:51,2000.0,18.5,S
2021-06-10T10:30:47,300.0,18.5,S
2021-06-10T10:30:47,300.0,18.55,B
2021-06-10T10:30:43,2000.0,18.5,S
2021-06-10T10:30:39,1300.0,18.55,B
2021-06-10T10:30:38,1000.0,18.55,B
2021-06-10T10:30:30,1000.0,18.5,S
2021-06-10T10:30:28,2000.0,18.55,B
2021-06-10T10:30:17,1800.0,18.5,S
2021-06-10T10:30:13,1000.0,18.5,S
2021-06-10T10:30:09,700.0,18.5,S
2021-06-10T10:29:59,600.0,18.55,B
2021-06-10T10:29:57,100.0,18.5,S
2021-06-10T10:29:49,1000.0,18.5,S
2021-06-10T10:29:47,3000.0,18.55,B
2021-06-10T10:29:44,200.0,18.5,S
2021-06-10T10:29:37,8000.0,18.55,B
2021-06-10T10:29:34,700.0,18.55,B
2021-06-10T10:29:30,500.0,18.5,S
2021-06-10T10:29:18,100.0,18.55,B
2021-06-10T10:29:15,1800.0,18.5,B
2021-06-10T10:29:12,100.0,18.5,B
2021-06-10T10:29:09,200.0,18.5,B
2021-06-10T10:29:05,500.0,18.5,B
2021-06-10T10:29:02,400.0,18.45,S
2021-06-10T10:28:59,100.0,18.5,B
2021-06-10T10:28:55,20000.0,18.5,B
2021-06-10T10:28:54,2000.0,18.45,S
2021-06-10T10:28:52,700.0,18.5,B
2021-06-10T10:28:52,100.0,18.5,B
2021-06-10T10:28:52,3600.0,18.5,B
2021-06-10T10:28:52,100.0,18.5,B
2021-06-10T10:28:52,13900.0,18.5,B
2021-06-10T10:28:52,1200.0,18.5,B
2021-06-10T10:28:51,2900.0,18.45,S
2021-06-10T10:28:49,1000.0,18.5,B
2021-06-10T10:28:43,100.0,18.45,S
2021-06-10T10:28:41,300.0,18.45,S
2021-06-10T10:28:36,2000.0,18.5,B
2021-06-10T10:28:35,100.0,18.5,B
2021-06-10T10:28:32,1000.0,18.5,B
2021-06-10T10:28:26,200.0,18.45,S
2021-06-10T10:28:23,2100.0,18.5,B
2021-06-10T10:28:09,500.0,18.45,B
2021-06-10T10:28:06,100.0,18.45,B
2021-06-10T10:27:57,5000.0,18.4,S
2021-06-10T10:27:57,1000.0,18.5,B
2021-06-10T10:27:55,100.0,18.45,B
2021-06-10T10:27:54,6300.0,18.45,B
2021-06-10T10:27:54,300.0,18.45,S
2021-06-10T10:27:50,2000.0,18.45,S
2021-06-10T10:27:48,800.0,18.45,S
2021-06-10T10:27:47,1000.0,18.45,S
2021-06-10T10:27:46,7300.0,18.45,S
2021-06-10T10:27:46,1500.0,18.45,S
2021-06-10T10:27:45,5000.0,18.45,S
2021-06-10T10:27:45,2100.0,18.45,S
2021-06-10T10:27:44,10000.0,18.5,S
2021-06-10T10:27:44,4000.0,18.5,S
2021-06-10T10:27:44,1100.0,18.5,S
2021-06-10T10:27:44,1400.0,18.5,S
2021-06-10T10:27:44,1000.0,18.5,S
2021-06-10T10:27:44,1000.0,18.5,S
2021-06-10T10:27:44,1800.0,18.5,S
2021-06-10T10:27:44,5000.0,18.5,S
2021-06-10T10:27:44,1600.0,18.5,S
2021-06-10T10:27:40,3000.0,18.5,S
2021-06-10T10:27:39,1000.0,18.55,B
2021-06-10T10:27:36,2000.0,18.55,B
2021-06-10T10:27:35,20000.0,18.55,B
2021-06-10T10:27:30,2000.0,18.5,S
2021-06-10T10:27:27,500.0,18.5,S
2021-06-10T10:27:25,3000.0,18.5,S
2021-06-10T10:27:24,100.0,18.5,S
2021-06-10T10:27:20,2900.0,18.5,S
2021-06-10T10:27:20,700.0,18.5,S
2021-06-10T10:27:20,1600.0,18.5,S
2021-06-10T10:27:20,10000.0,18.5,S
2021-06-10T10:27:20,2300.0,18.5,S
2021-06-10T10:27:20,1100.0,18.5,S
2021-06-10T10:27:20,1200.0,18.5,S
2021-06-10T10:27:19,200.0,18.5,S
2021-06-10T10:27:14,500.0,18.5,S
2021-06-10T10:27:13,1100.0,18.55,B
2021-06-10T10:27:10,1000.0,18.55,B
2021-06-10T10:27:01,2000.0,18.5,S
2021-06-10T10:27:00,1000.0,18.5,S
2021-06-10T10:27:00,100.0,18.55,B
2021-06-10T10:26:59,1000.0,18.5,S
2021-06-10T10:26:48,5000.0,18.55,B
2021-06-10T10:26:44,100.0,18.5,S
2021-06-10T10:26:44,3500.0,18.55,B
2021-06-10T10:26:44,500.0,18.55,B
2021-06-10T10:26:41,1000.0,18.55,B
2021-06-10T10:26:40,4000.0,18.55,B
2021-06-10T10:26:30,11200.0,18.5,S
2021-06-10T10:26:30,5800.0,18.5,S
2021-06-10T10:26:30,3000.0,18.5,S
2021-06-10T10:26:15,15000.0,18.55,B
2021-06-10T10:26:13,9900.0,18.55,B
2021-06-10T10:26:12,100.0,18.5,S
2021-06-10T10:26:04,700.0,18.55,B
2021-06-10T10:25:59,35000.0,18.55,B
2021-06-10T10:25:47,500.0,18.5,S
2021-06-10T10:25:42,3000.0,18.55,S
2021-06-10T10:25:42,1000.0,18.55,S
2021-06-10T10:25:41,300.0,18.55,S
2021-06-10T10:25:39,1000.0,18.55,S
2021-06-10T10:25:39,500.0,18.55,S
2021-06-10T10:25:35,1200.0,18.55,S
2021-06-10T10:25:35,26500.0,18.55,S
2021-06-10T10:25:32,1000.0,18.55,S
2021-06-10T10:25:18,2000.0,18.55,S
2021-06-10T10:25:15,500.0,18.6,B
2021-06-10T10:25:13,900.0,18.55,S
2021-06-10T10:25:10,8100.0,18.55,S
2021-06-10T10:25:10,300.0,18.55,S
2021-06-10T10:25:07,1000.0,18.55,S
2021-06-10T10:25:05,800.0,18.55,S
2021-06-10T10:24:53,1000.0,18.55,S
2021-06-10T10:24:51,13300.0,18.55,S
2021-06-10T10:24:49,100.0,18.55,S
2021-06-10T10:24:48,13000.0,18.55,S
2021-06-10T10:24:48,500.0,18.55,S
2021-06-10T10:24:46,600.0,18.55,S
2021-06-10T10:24:45,5000.0,18.55,S
2021-06-10T10:24:41,1100.0,18.55,S
2021-06-10T10:24:37,5000.0,18.55,S
2021-06-10T10:24:31,200.0,18.6,B
2021-06-10T10:24:25,200.0,18.6,B
2021-06-10T10:24:17,1000.0,18.55,S
2021-06-10T10:24:16,500.0,18.55,S
2021-06-10T10:24:14,50100.0,18.55,S
2021-06-10T10:23:57,100.0,18.6,B
2021-06-10T10:23:55,200.0,18.55,S
2021-06-10T10:23:53,200.0,18.6,B
2021-06-10T10:23:51,300.0,18.6,B
2021-06-10T10:23:45,1000.0,18.6,S
2021-06-10T10:23:34,2800.0,18.55,S
2021-06-10T10:23:31,5000.0,18.55,S
2021-06-10T10:23:31,3000.0,18.55,S
2021-06-10T10:23:29,300.0,18.6,S
2021-06-10T10:23:29,5500.0,18.6,S
2021-06-10T10:23:29,1100.0,18.6,S
2021-06-10T10:23:29,1500.0,18.6,S
2021-06-10T10:23:29,39400.0,18.6,S
2021-06-10T10:23:29,3000.0,18.6,S
2021-06-10T10:23:28,100.0,18.6,S
2021-06-10T10:23:24,1400.0,18.65,B
2021-06-10T10:23:23,200.0,18.65,B
2021-06-10T10:23:22,2000.0,18.6,S
2021-06-10T10:23:22,3000.0,18.6,S
2021-06-10T10:23:21,15000.0,18.6,S
2021-06-10T10:23:16,400.0,18.6,S
2021-06-10T10:23:13,3200.0,18.6,S
2021-06-10T10:22:56,1500.0,18.65,B
2021-06-10T10:22:44,300.0,18.65,S
2021-06-10T10:22:41,500.0,18.65,S
2021-06-10T10:22:29,1200.0,18.65,S
2021-06-10T10:22:29,300.0,18.65,S
2021-06-10T10:22:29,12500.0,18.65,S
2021-06-10T10:22:28,300.0,18.65,S
2021-06-10T10:22:27,1000.0,18.7,S
2021-06-10T10:22:26,200.0,18.65,S
2021-06-10T10:22:24,300.0,18.7,S
2021-06-10T10:22:19,300.0,18.7,S
2021-06-10T10:22:12,100.0,18.7,S
2021-06-10T10:22:10,4200.0,18.7,S
2021-06-10T10:22:06,400.0,18.7,S
2021-06-10T10:22:03,200.0,18.7,S
2021-06-10T10:22:01,2300.0,18.7,S
2021-06-10T10:22:01,1900.0,18.7,S
2021-06-10T10:21:54,1100.0,18.75,B
2021-06-10T10:21:51,200.0,18.7,S
2021-06-10T10:21:50,2100.0,18.7,S
2021-06-10T10:21:50,3000.0,18.7,S
2021-06-10T10:21:48,5000.0,18.75,B
2021-06-10T10:21:47,900.0,18.75,B
2021-06-10T10:21:46,200.0,18.75,B
2021-06-10T10:21:44,500.0,18.75,B
2021-06-10T10:21:41,1000.0,18.7,S
2021-06-10T10:21:41,3500.0,18.7,S
2021-06-10T10:21:36,1000.0,18.75,B
2021-06-10T10:21:29,3000.0,18.7,S
2021-06-10T10:21:22,200.0,18.75,B
2021-06-10T10:21:21,3000.0,18.75,B
2021-06-10T10:21:19,3200.0,18.8,B
2021-06-10T10:21:19,4800.0,18.75,B
2021-06-10T10:21:17,100.0,18.75,B
2021-06-10T10:21:09,500.0,18.75,B
2021-06-10T10:21:07,200.0,18.75,B
2021-06-10T10:21:07,400.0,18.75,B
2021-06-10T10:20:58,200.0,18.8,B
2021-06-10T10:20:57,700.0,18.75,B
2021-06-10T10:20:55,1200.0,18.75,B
2021-06-10T10:20:54,2900.0,18.7,B
2021-06-10T10:20:40,3000.0,18.7,S
2021-06-10T10:20:40,5800.0,18.7,S
2021-06-10T10:20:40,1400.0,18.7,S
2021-06-10T10:20:40,6200.0,18.75,S
2021-06-10T10:20:37,1000.0,18.8,B
2021-06-10T10:20:34,200.0,18.75,S
2021-06-10T10:20:32,100.0,18.75,S
2021-06-10T10:20:28,1100.0,18.8,S
2021-06-10T10:20:24,600.0,18.8,S
2021-06-10T10:20:19,1000.0,18.8,S
2021-06-10T10:20:19,1500.0,18.8,S
2021-06-10T10:20:15,3400.0,18.8,S
2021-06-10T10:20:14,1700.0,18.8,S
2021-06-10T10:20:13,200.0,18.8,S
2021-06-10T10:20:07,500.0,18.8,S
2021-06-10T10:20:05,3500.0,18.8,S
2021-06-10T10:20:05,6500.0,18.8,S
2021-06-10T10:20:01,100.0,18.8,B
2021-06-10T10:19:59,500.0,18.8,B
2021-06-10T10:19:59,10000.0,18.8,B
2021-06-10T10:19:59,1000.0,18.8,B
2021-06-10T10:19:56,400.0,18.8,B
2021-06-10T10:19:56,11500.0,18.8,B
2021-06-10T10:19:52,7000.0,18.85,B
2021-06-10T10:19:52,3000.0,18.8,B
2021-06-10T10:19:51,100.0,18.8,B
2021-06-10T10:19:51,200.0,18.8,B
2021-06-10T10:19:46,600.0,18.8,B
2021-06-10T10:19:40,200.0,18.8,B
2021-06-10T10:19:38,500.0,18.75,S
2021-06-10T10:19:37,100.0,18.8,B
2021-06-10T10:19:34,200.0,18.8,B
2021-06-10T10:19:31,4900.0,18.8,B
2021-06-10T10:19:30,3000.0,18.8,B
2021-06-10T10:19:25,400.0,18.8,B
2021-06-10T10:19:21,800.0,18.8,B
2021-06-10T10:19:21,200.0,18.8,B
2021-06-10T10:19:19,200.0,18.7,S
2021-06-10T10:19:19,2000.0,18.7,S
2021-06-10T10:19:19,8000.0,18.7,S
2021-06-10T10:19:19,300.0,18.7,S
2021-06-10T10:19:19,5100.0,18.7,S
2021-06-10T10:19:19,4900.0,18.75,S
2021-06-10T10:19:19,2700.0,18.75,S
2021-06-10T10:19:19,3300.0,18.75,S
2021-06-10T10:19:19,3500.0,18.8,B
2021-06-10T10:19:18,100.0,18.8,B
2021-06-10T10:19:16,300.0,18.8,B
2021-06-10T10:19:15,700.0,18.8,B
2021-06-10T10:19:14,100.0,18.8,B
2021-06-10T10:19:13,100.0,18.8,B
2021-06-10T10:19:12,18200.0,18.85,B
2021-06-10T10:19:11,1000.0,18.75,S
2021-06-10T10:19:10,3000.0,18.8,B
2021-06-10T10:19:07,600.0,18.8,B
2021-06-10T10:19:07,300.0,18.75,S
2021-06-10T10:19:06,5000.0,18.8,B
2021-06-10T10:19:05,300.0,18.75,S
2021-06-10T10:19:04,10300.0,18.8,B
2021-06-10T10:19:04,11400.0,18.8,B
2021-06-10T10:19:04,6100.0,18.8,B
2021-06-10T10:19:03,12200.0,18.8,B
2021-06-10T10:18:59,1400.0,18.75,S
2021-06-10T10:18:56,1000.0,18.8,B
2021-06-10T10:18:54,1000.0,18.8,B
2021-06-10T10:18:53,500.0,18.75,S
2021-06-10T10:18:52,2000.0,18.8,B
2021-06-10T10:18:52,1000.0,18.8,B
2021-06-10T10:18:49,5500.0,18.8,B
2021-06-10T10:18:47,3000.0,18.8,B
2021-06-10T10:18:40,100.0,18.75,S
2021-06-10T10:18:39,600.0,18.8,B
2021-06-10T10:18:39,3000.0,18.8,B
2021-06-10T10:18:37,400.0,18.8,B
2021-06-10T10:18:37,2500.0,18.8,B
2021-06-10T10:18:37,100.0,18.8,B
2021-06-10T10:18:37,2300.0,18.8,B
2021-06-10T10:18:35,2000.0,18.8,B
2021-06-10T10:18:33,300.0,18.75,S
2021-06-10T10:18:32,3900.0,18.8,B
2021-06-10T10:18:32,100.0,18.75,S
2021-06-10T10:18:30,500.0,18.8,B
2021-06-10T10:18:29,5000.0,18.8,B
2021-06-10T10:18:23,4700.0,18.8,B
2021-06-10T10:18:22,3800.0,18.8,B
2021-06-10T10:18:22,10000.0,18.8,B
2021-06-10T10:18:21,10000.0,18.8,B
2021-06-10T10:18:21,2000.0,18.8,B
2021-06-10T10:18:21,10000.0,18.75,S
2021-06-10T10:18:21,10000.0,18.75,S
2021-06-10T10:18:19,200.0,18.8,B
2021-06-10T10:18:19,200.0,18.75,B
2021-06-10T10:18:18,3000.0,18.8,B
2021-06-10T10:18:17,3000.0,18.8,B
2021-06-10T10:18:14,200.0,18.8,B
2021-06-10T10:18:13,900.0,18.8,B
2021-06-10T10:18:13,1500.0,18.8,B
2021-06-10T10:18:11,5000.0,18.75,B
2021-06-10T10:18:07,200.0,18.8,B
2021-06-10T10:18:06,1000.0,18.75,B
2021-06-10T10:18:05,8000.0,18.8,B
2021-06-10T10:18:05,3700.0,18.8,B
2021-06-10T10:18:04,500.0,18.75,B
2021-06-10T10:18:04,1000.0,18.8,B
2021-06-10T10:18:02,1000.0,18.75,B
2021-06-10T10:18:01,3500.0,18.75,B
2021-06-10T10:17:58,1500.0,18.75,B
2021-06-10T10:17:58,3100.0,18.75,B
2021-06-10T10:17:52,3000.0,18.8,B
2021-06-10T10:17:52,1300.0,18.75,B
2021-06-10T10:17:52,700.0,18.75,B
2021-06-10T10:17:41,200.0,18.75,B
2021-06-10T10:17:41,1600.0,18.75,B
2021-06-10T10:17:39,900.0,18.75,B
2021-06-10T10:17:39,19100.0,18.75,B
2021-06-10T10:17:39,200.0,18.75,B
2021-06-10T10:17:38,1000.0,18.75,B
2021-06-10T10:17:37,2000.0,18.7,S
2021-06-10T10:17:36,500.0,18.7,S
2021-06-10T10:17:31,200.0,18.7,S
2021-06-10T10:17:29,1000.0,18.7,S
2021-06-10T10:17:29,100.0,18.7,S
2021-06-10T10:17:26,300.0,18.75,B
2021-06-10T10:17:24,4500.0,18.75,B
2021-06-10T10:17:23,1000.0,18.75,B
2021-06-10T10:17:23,100.0,18.75,B
2021-06-10T10:17:21,1000.0,18.7,B
2021-06-10T10:17:21,100.0,18.7,B
2021-06-10T10:17:21,7000.0,18.7,B
2021-06-10T10:17:21,1400.0,18.7,B
2021-06-10T10:17:21,8400.0,18.7,B
2021-06-10T10:17:20,3400.0,18.7,B
2021-06-10T10:17:20,16600.0,18.7,B
2021-06-10T10:17:17,100.0,18.7,B
2021-06-10T10:17:16,3000.0,18.7,B
2021-06-10T10:17:15,2000.0,18.65,S
2021-06-10T10:17:14,1000.0,18.65,S
2021-06-10T10:17:13,3000.0,18.7,B
2021-06-10T10:17:11,1000.0,18.65,S
2021-06-10T10:17:11,500.0,18.7,B
2021-06-10T10:17:11,100.0,18.65,B
2021-06-10T10:17:11,100.0,18.65,B
2021-06-10T10:17:10,10000.0,18.7,B
2021-06-10T10:17:08,1000.0,18.7,B
2021-06-10T10:17:08,5600.0,18.65,B
2021-06-10T10:17:06,500.0,18.65,B
2021-06-10T10:17:05,2000.0,18.65,B
2021-06-10T10:17:03,100.0,18.65,B
2021-06-10T10:17:02,500.0,18.65,B
2021-06-10T10:17:02,400.0,18.65,B
2021-06-10T10:17:02,300.0,18.7,B
2021-06-10T10:17:01,1200.0,18.65,B
2021-06-10T10:16:59,200.0,18.65,B
2021-06-10T10:16:51,200.0,18.6,S
2021-06-10T10:16:49,8300.0,18.65,B
2021-06-10T10:16:49,1000.0,18.65,B
2021-06-10T10:16:48,15000.0,18.6,S
2021-06-10T10:16:46,100.0,18.65,B
2021-06-10T10:16:46,500.0,18.6,S
2021-06-10T10:16:45,500.0,18.6,S
2021-06-10T10:16:45,200.0,18.6,S
2021-06-10T10:16:43,100.0,18.6,B
2021-06-10T10:16:39,4000.0,18.6,B
2021-06-10T10:16:38,1000.0,18.6,B
2021-06-10T10:16:36,100.0,18.6,B
2021-06-10T10:16:36,100.0,18.6,B
2021-06-10T10:16:35,4000.0,18.6,B
2021-06-10T10:16:32,500.0,18.6,B
2021-06-10T10:16:32,1300.0,18.6,B
2021-06-10T10:16:32,100.0,18.6,B
2021-06-10T10:16:32,5600.0,18.6,B
2021-06-10T10:16:32,500.0,18.6,B
2021-06-10T10:16:30,200.0,18.6,B
2021-06-10T10:16:30,10000.0,18.6,B
2021-06-10T10:16:29,20000.0,18.6,B
2021-06-10T10:16:29,100.0,18.6,B
2021-06-10T10:16:28,1000.0,18.55,S
2021-06-10T10:16:27,200.0,18.6,B
2021-06-10T10:16:26,2000.0,18.6,B
2021-06-10T10:16:21,500.0,18.6,B
2021-06-10T10:16:16,1400.0,18.55,B
2021-06-10T10:16:14,1400.0,18.55,B
2021-06-10T10:16:14,2000.0,18.55,B
2021-06-10T10:16:13,1000.0,18.5,S
2021-06-10T10:16:11,4500.0,18.55,B
2021-06-10T10:16:10,1600.0,18.55,B
2021-06-10T10:16:10,400.0,18.5,S
2021-06-10T10:16:07,700.0,18.55,B
2021-06-10T10:16:07,200.0,18.5,S
2021-06-10T10:16:05,4000.0,18.5,S
2021-06-10T10:16:03,100.0,18.55,B
2021-06-10T10:16:00,900.0,18.5,B
2021-06-10T10:16:00,10000.0,18.5,B
2021-06-10T10:15:59,200.0,18.5,B
2021-06-10T10:15:58,3000.0,18.5,B
2021-06-10T10:15:58,5000.0,18.5,B
2021-06-10T10:15:56,1900.0,18.5,B
2021-06-10T10:15:56,3200.0,18.5,B
2021-06-10T10:15:56,400.0,18.5,B
2021-06-10T10:15:55,900.0,18.5,B
2021-06-10T10:15:55,200.0,18.5,B
2021-06-10T10:15:55,300.0,18.5,B
2021-06-10T10:15:55,1500.0,18.5,B
2021-06-10T10:15:54,8200.0,18.5,B
2021-06-10T10:15:53,17500.0,18.5,B
2021-06-10T10:15:53,2500.0,18.5,B
2021-06-10T10:15:51,100.0,18.5,B
2021-06-10T10:15:50,600.0,18.5,B
2021-06-10T10:15:50,100.0,18.45,S
2021-06-10T10:15:49,2000.0,18.5,B
2021-06-10T10:15:49,3000.0,18.5,B
2021-06-10T10:15:49,100.0,18.5,B
2021-06-10T10:15:49,400.0,18.5,B
2021-06-10T10:15:48,300.0,18.5,B
2021-06-10T10:15:48,800.0,18.5,B
2021-06-10T10:15:48,3200.0,18.5,B
2021-06-10T10:15:48,500.0,18.5,B
2021-06-10T10:15:48,2000.0,18.5,B
2021-06-10T10:15:48,8200.0,18.5,B
2021-06-10T10:15:47,50000.0,18.5,B
2021-06-10T10:15:46,1000.0,18.5,B
2021-06-10T10:15:40,10000.0,18.5,B
2021-06-10T10:15:40,5000.0,18.45,S
2021-06-10T10:15:40,500.0,18.5,B
2021-06-10T10:15:39,1000.0,18.5,B
2021-06-10T10:15:36,8100.0,18.5,B
2021-06-10T10:15:36,800.0,18.5,B
2021-06-10T10:15:36,1000.0,18.5,B
2021-06-10T10:15:36,100.0,18.5,B
2021-06-10T10:15:34,1000.0,18.5,B
2021-06-10T10:15:32,2000.0,18.5,B
2021-06-10T10:15:32,100.0,18.45,S
2021-06-10T10:15:32,4500.0,18.5,B
2021-06-10T10:15:32,400.0,18.5,B
2021-06-10T10:15:31,5100.0,18.5,B
2021-06-10T10:15:30,300.0,18.5,B
2021-06-10T10:15:27,5000.0,18.45,S
2021-06-10T10:15:23,7500.0,18.5,B
2021-06-10T10:15:23,6200.0,18.5,B
2021-06-10T10:15:23,4000.0,18.5,B
2021-06-10T10:15:23,1600.0,18.5,B
2021-06-10T10:15:23,6000.0,18.5,B
2021-06-10T10:15:23,6000.0,18.5,B
2021-06-10T10:15:23,18700.0,18.5,B
2021-06-10T10:15:19,800.0,18.5,B
2021-06-10T10:15:19,1900.0,18.5,B
2021-06-10T10:15:19,18100.0,18.5,B
2021-06-10T10:15:18,11200.0,18.5,B
2021-06-10T10:15:18,8800.0,18.5,B
2021-06-10T10:15:17,500.0,18.45,B
2021-06-10T10:15:17,100.0,18.45,B
2021-06-10T10:15:14,3000.0,18.45,B
2021-06-10T10:15:13,1000.0,18.45,B
2021-06-10T10:15:12,500.0,18.5,B
2021-06-10T10:15:12,1100.0,18.5,B
2021-06-10T10:15:11,1000.0,18.45,B
2021-06-10T10:15:11,100.0,18.45,B
2021-06-10T10:15:10,4900.0,18.45,B
2021-06-10T10:15:10,1300.0,18.45,B
2021-06-10T10:15:05,3000.0,18.45,B
2021-06-10T10:15:05,200.0,18.4,S
2021-06-10T10:15:04,100.0,18.45,B
2021-06-10T10:15:04,100.0,18.45,B
2021-06-10T10:15:04,200.0,18.45,B
2021-06-10T10:14:58,10000.0,18.45,B
2021-06-10T10:14:58,2500.0,18.4,S
2021-06-10T10:14:50,500.0,18.45,B
2021-06-10T10:14:50,2000.0,18.45,B
2021-06-10T10:14:50,5000.0,18.45,B
2021-06-10T10:14:49,1000.0,18.4,S
2021-06-10T10:14:48,2000.0,18.45,B
2021-06-10T10:14:47,1000.0,18.45,B
2021-06-10T10:14:47,3000.0,18.45,B
2021-06-10T10:14:40,500.0,18.4,S
2021-06-10T10:14:35,7000.0,18.45,B
2021-06-10T10:14:32,600.0,18.4,S
2021-06-10T10:14:32,1000.0,18.4,S
2021-06-10T10:14:31,200.0,18.4,S
2021-06-10T10:14:29,100.0,18.4,S
2021-06-10T10:14:29,100.0,18.4,S
2021-06-10T10:14:29,1000.0,18.4,B
2021-06-10T10:14:28,900.0,18.45,B
2021-06-10T10:14:24,3000.0,18.45,B
2021-06-10T10:14:24,1000.0,18.45,B
2021-06-10T10:14:20,300.0,18.4,B
2021-06-10T10:14:20,2800.0,18.4,B
2021-06-10T10:14:20,1000.0,18.4,B
2021-06-10T10:14:20,2000.0,18.4,B
2021-06-10T10:14:20,5000.0,18.4,B
2021-06-10T10:14:20,5000.0,18.4,B
2021-06-10T10:14:20,4000.0,18.4,B
2021-06-10T10:14:20,100.0,18.35,S
2021-06-10T10:14:20,300.0,18.4,B
2021-06-10T10:14:20,5100.0,18.4,B
2021-06-10T10:14:20,4600.0,18.4,B
2021-06-10T10:13:58,9200.0,18.4,B
2021-06-10T10:13:58,2200.0,18.4,B
2021-06-10T10:13:58,800.0,18.4,B
2021-06-10T10:13:58,17800.0,18.4,B
2021-06-10T10:13:58,3000.0,18.35,S
2021-06-10T10:13:58,2000.0,18.4,B
2021-06-10T10:13:58,900.0,18.4,B
2021-06-10T10:13:58,1100.0,18.4,B
2021-06-10T10:13:58,16000.0,18.4,B
2021-06-10T10:13:58,200.0,18.4,B
2021-06-10T10:13:58,2000.0,18.35,B
2021-06-10T10:13:56,10000.0,18.4,B
2021-06-10T10:13:56,3000.0,18.35,B
2021-06-10T10:13:42,100.0,18.3,S
2021-06-10T10:13:42,200.0,18.35,B
2021-06-10T10:13:42,4000.0,18.35,B
2021-06-10T10:13:28,2000.0,18.35,B
2021-06-10T10:13:26,5900.0,18.3,S
2021-06-10T10:13:26,100.0,18.3,S
2021-06-10T10:13:25,100.0,18.3,S
2021-06-10T10:13:24,700.0,18.3,S
2021-06-10T10:13:24,100.0,18.3,S
2021-06-10T10:13:18,100.0,18.3,B
2021-06-10T10:13:18,300.0,18.3,B
2021-06-10T10:13:18,3700.0,18.3,B
2021-06-10T10:13:09,9000.0,18.3,B
2021-06-10T10:13:08,8000.0,18.3,B
2021-06-10T10:13:06,1200.0,18.3,B
2021-06-10T10:13:06,300.0,18.3,B
2021-06-10T10:13:06,11500.0,18.3,B
2021-06-10T10:13:01,2000.0,18.25,S
2021-06-10T10:13:00,300.0,18.3,B
2021-06-10T10:13:00,14700.0,18.3,B
2021-06-10T10:12:58,3700.0,18.3,B
2021-06-10T10:12:58,6300.0,18.3,B
2021-06-10T10:12:56,10000.0,18.3,B
2021-06-10T10:12:49,500.0,18.25,B
2021-06-10T10:12:46,4800.0,18.25,B
2021-06-10T10:12:46,200.0,18.25,B
2021-06-10T10:12:41,5000.0,18.3,B
2021-06-10T10:12:37,200.0,18.2,S
2021-06-10T10:12:37,3500.0,18.2,S
2021-06-10T10:12:37,1000.0,18.2,S
2021-06-10T10:12:37,200.0,18.25,B
2021-06-10T10:12:30,500.0,18.25,B
2021-06-10T10:12:29,2500.0,18.25,B
2021-06-10T10:12:27,3000.0,18.25,B
2021-06-10T10:12:22,1000.0,18.25,B
2021-06-10T10:12:20,1000.0,18.2,S
2021-06-10T10:12:14,10000.0,18.25,B
2021-06-10T10:12:10,1000.0,18.2,S
2021-06-10T10:12:10,100.0,18.2,S
2021-06-10T10:12:07,600.0,18.2,S
2021-06-10T10:12:04,3100.0,18.25,B
2021-06-10T10:12:04,300.0,18.25,B
2021-06-10T10:12:04,1600.0,18.2,B
2021-06-10T10:12:04,5100.0,18.2,B
2021-06-10T10:12:04,300.0,18.2,B
2021-06-10T10:12:04,19600.0,18.2,B
2021-06-10T10:12:03,500.0,18.2,B
2021-06-10T10:12:03,400.0,18.2,B
2021-06-10T10:12:03,100.0,18.2,B
2021-06-10T10:12:03,100.0,18.2,B
2021-06-10T10:12:02,3400.0,18.2,B
2021-06-10T10:11:51,2000.0,18.2,B
2021-06-10T10:11:49,200.0,18.15,S
2021-06-10T10:11:44,1500.0,18.2,B
2021-06-10T10:11:44,3000.0,18.2,B
2021-06-10T10:11:42,1400.0,18.2,B
2021-06-10T10:11:42,600.0,18.2,B
2021-06-10T10:11:41,200.0,18.2,B
2021-06-10T10:11:37,1000.0,18.2,B
