tradingTime,volume,price,side
2021-06-10T14:30:21,2500.0,72.8,B
2021-06-10T14:30:11,1000.0,72.7,S
2021-06-10T14:29:53,500.0,72.7,S
2021-06-10T14:29:38,2500.0,72.7,B
2021-06-10T14:29:33,1300.0,72.7,B
2021-06-10T14:29:33,1500.0,72.5,S
2021-06-10T14:27:56,200.0,72.6,S
2021-06-10T14:27:45,300.0,72.5,S
2021-06-10T14:27:25,100.0,72.5,S
2021-06-10T14:26:52,100.0,72.5,S
2021-06-10T14:26:52,1900.0,72.5,S
2021-06-10T14:26:44,100.0,72.6,S
2021-06-10T14:26:01,300.0,72.5,S
2021-06-10T14:25:45,200.0,72.7,S
2021-06-10T14:25:35,300.0,72.5,S
2021-06-10T14:25:25,2000.0,72.5,S
2021-06-10T14:24:53,300.0,72.5,S
2021-06-10T14:24:38,2000.0,72.5,S
2021-06-10T14:23:20,200.0,72.8,B
2021-06-10T14:23:11,100.0,72.5,S
2021-06-10T14:23:02,100.0,72.8,S
2021-06-10T14:22:55,2200.0,72.8,S
2021-06-10T14:22:34,1000.0,72.9,S
2021-06-10T14:22:29,1000.0,73.0,B
2021-06-10T14:21:54,2000.0,73.0,B
2021-06-10T14:21:44,500.0,73.0,B
2021-06-10T14:21:39,300.0,73.0,B
2021-06-10T14:21:35,5000.0,72.9,S
2021-06-10T14:21:21,100.0,73.0,B
2021-06-10T14:21:20,100.0,73.0,B
2021-06-10T14:21:12,100.0,73.0,B
2021-06-10T14:21:08,2900.0,73.0,B
2021-06-10T14:21:02,2000.0,73.0,B
2021-06-10T14:21:00,300.0,73.0,B
2021-06-10T14:20:55,500.0,73.0,B
2021-06-10T14:20:25,2000.0,73.0,B
2021-06-10T14:20:12,200.0,73.0,B
2021-06-10T14:20:04,100.0,73.0,B
2021-06-10T14:20:03,1000.0,73.0,B
2021-06-10T14:19:59,2200.0,73.0,S
2021-06-10T14:19:55,100.0,73.1,B
2021-06-10T14:19:37,5000.0,73.0,S
2021-06-10T14:19:33,500.0,73.1,B
2021-06-10T14:19:19,100.0,73.1,B
2021-06-10T14:19:19,200.0,73.0,S
2021-06-10T14:19:17,2000.0,73.0,S
2021-06-10T14:19:04,500.0,73.0,S
2021-06-10T14:19:02,1000.0,73.0,S
2021-06-10T14:18:58,2000.0,73.1,B
2021-06-10T14:18:48,100.0,73.0,S
2021-06-10T14:18:28,200.0,73.1,B
2021-06-10T14:18:23,200.0,73.1,B
2021-06-10T14:18:22,500.0,73.0,S
2021-06-10T14:18:18,700.0,73.1,B
2021-06-10T14:18:15,300.0,73.1,B
2021-06-10T14:18:13,600.0,73.1,B
2021-06-10T14:18:06,10000.0,73.0,S
2021-06-10T14:18:04,400.0,73.1,B
2021-06-10T14:18:01,300.0,73.0,S
2021-06-10T14:17:56,400.0,73.1,B
2021-06-10T14:17:56,600.0,73.1,B
2021-06-10T14:17:51,500.0,73.1,B
2021-06-10T14:17:37,100.0,73.0,S
2021-06-10T14:17:33,100.0,73.1,B
2021-06-10T14:17:18,5100.0,73.0,S
2021-06-10T14:17:18,800.0,73.0,S
2021-06-10T14:17:17,100.0,73.1,B
2021-06-10T14:17:11,200.0,73.0,S
2021-06-10T14:16:57,1600.0,73.0,S
2021-06-10T14:16:57,2700.0,73.0,S
2021-06-10T14:16:57,400.0,73.0,S
2021-06-10T14:16:57,300.0,73.1,S
2021-06-10T14:16:47,1000.0,73.1,B
2021-06-10T14:16:44,200.0,73.1,B
2021-06-10T14:16:42,500.0,73.1,B
2021-06-10T14:16:38,100.0,73.0,S
2021-06-10T14:16:33,200.0,73.0,S
2021-06-10T14:16:23,500.0,73.0,S
2021-06-10T14:16:11,9900.0,73.0,S
2021-06-10T14:16:11,100.0,73.1,S
2021-06-10T14:15:40,6000.0,73.1,S
2021-06-10T14:15:39,1000.0,73.2,S
2021-06-10T14:15:30,500.0,73.2,B
2021-06-10T14:15:24,1100.0,73.2,B
2021-06-10T14:15:24,1400.0,73.2,B
2021-06-10T14:15:24,1600.0,73.2,B
2021-06-10T14:15:03,2000.0,73.2,S
2021-06-10T14:15:03,1200.0,73.2,S
2021-06-10T14:15:03,200.0,73.2,S
2021-06-10T14:14:54,1100.0,73.3,B
2021-06-10T14:14:43,100.0,73.2,S
2021-06-10T14:14:39,300.0,73.2,S
2021-06-10T14:14:37,100.0,73.2,S
2021-06-10T14:14:36,100.0,73.2,S
2021-06-10T14:14:21,500.0,73.2,S
2021-06-10T14:14:20,5000.0,73.3,B
2021-06-10T14:14:19,400.0,73.3,B
2021-06-10T14:14:16,100.0,73.2,S
2021-06-10T14:14:07,900.0,73.3,B
2021-06-10T14:14:00,200.0,73.2,S
2021-06-10T14:13:55,100.0,73.3,B
2021-06-10T14:13:32,3000.0,73.3,B
2021-06-10T14:13:28,1000.0,73.2,S
2021-06-10T14:13:26,500.0,73.3,B
2021-06-10T14:13:20,500.0,73.3,B
2021-06-10T14:13:12,500.0,73.3,B
2021-06-10T14:13:09,500.0,73.3,B
2021-06-10T14:13:00,100.0,73.3,B
2021-06-10T14:13:00,100.0,73.3,B
2021-06-10T14:12:57,2000.0,73.3,B
2021-06-10T14:12:43,1000.0,73.3,B
2021-06-10T14:12:36,1800.0,73.3,B
2021-06-10T14:12:36,1200.0,73.3,B
2021-06-10T14:12:35,800.0,73.3,B
2021-06-10T14:12:35,3200.0,73.3,B
2021-06-10T14:12:34,1000.0,73.1,S
2021-06-10T14:12:28,1000.0,73.3,B
2021-06-10T14:12:26,500.0,73.1,S
2021-06-10T14:12:23,600.0,73.1,S
2021-06-10T14:12:23,400.0,73.3,B
2021-06-10T14:12:23,600.0,73.3,B
2021-06-10T14:12:18,1000.0,73.3,B
2021-06-10T14:12:17,2000.0,73.1,S
2021-06-10T14:12:15,500.0,73.2,S
2021-06-10T14:12:11,200.0,73.3,B
2021-06-10T14:12:10,900.0,73.3,B
2021-06-10T14:12:10,300.0,73.3,B
2021-06-10T14:12:09,600.0,73.2,B
2021-06-10T14:12:07,100.0,73.1,B
2021-06-10T14:12:07,1500.0,73.1,B
2021-06-10T14:12:03,1000.0,73.0,S
2021-06-10T14:12:01,1100.0,73.1,B
2021-06-10T14:11:57,3000.0,73.0,S
2021-06-10T14:11:53,500.0,73.0,S
2021-06-10T14:11:53,100.0,73.0,S
2021-06-10T14:11:50,1000.0,73.0,S
2021-06-10T14:11:43,1000.0,73.2,B
2021-06-10T14:11:43,500.0,73.1,S
2021-06-10T14:11:35,5000.0,73.0,S
2021-06-10T14:11:33,100.0,73.1,S
2021-06-10T14:11:27,1000.0,73.1,S
2021-06-10T14:11:25,1500.0,73.1,S
2021-06-10T14:11:15,500.0,73.1,S
2021-06-10T14:11:05,200.0,73.1,S
2021-06-10T14:11:02,200.0,73.1,S
2021-06-10T14:11:01,1000.0,73.1,S
2021-06-10T14:11:01,4000.0,73.1,S
2021-06-10T14:10:54,200.0,73.2,B
2021-06-10T14:10:53,2000.0,73.1,S
2021-06-10T14:10:50,200.0,73.1,S
2021-06-10T14:10:45,300.0,73.1,S
2021-06-10T14:10:45,500.0,73.1,S
2021-06-10T14:10:44,1000.0,73.1,S
2021-06-10T14:10:39,100.0,73.1,S
2021-06-10T14:10:38,100.0,73.1,S
2021-06-10T14:10:32,200.0,73.1,S
2021-06-10T14:10:20,600.0,73.1,S
2021-06-10T14:10:20,100.0,73.2,S
2021-06-10T14:10:19,5000.0,73.3,B
2021-06-10T14:10:19,1000.0,73.3,B
2021-06-10T14:10:16,2000.0,73.3,B
2021-06-10T14:10:04,1100.0,73.3,B
2021-06-10T14:10:04,300.0,73.3,B
2021-06-10T14:10:00,1000.0,73.3,B
2021-06-10T14:09:50,100.0,73.3,S
2021-06-10T14:09:50,600.0,73.3,S
2021-06-10T14:09:50,200.0,73.2,S
2021-06-10T14:09:48,1200.0,73.3,S
2021-06-10T14:09:41,500.0,73.4,B
2021-06-10T14:09:36,100.0,73.3,S
2021-06-10T14:09:36,200.0,73.4,B
2021-06-10T14:09:35,600.0,73.3,S
2021-06-10T14:09:30,500.0,73.3,S
2021-06-10T14:09:28,100.0,73.3,S
2021-06-10T14:09:28,100.0,73.3,S
2021-06-10T14:09:28,500.0,73.3,S
2021-06-10T14:09:25,400.0,73.3,S
2021-06-10T14:09:25,200.0,73.3,S
2021-06-10T14:09:25,1400.0,73.3,S
2021-06-10T14:09:24,400.0,73.3,S
2021-06-10T14:09:16,500.0,73.4,B
2021-06-10T14:09:06,200.0,73.3,S
2021-06-10T14:09:06,1800.0,73.3,S
2021-06-10T14:08:58,500.0,73.4,S
2021-06-10T14:08:54,100.0,73.4,S
2021-06-10T14:08:54,100.0,73.4,S
2021-06-10T14:08:52,1500.0,73.3,S
2021-06-10T14:08:49,200.0,73.4,S
2021-06-10T14:08:47,200.0,73.4,S
2021-06-10T14:08:47,2000.0,73.3,S
2021-06-10T14:08:39,100.0,73.4,S
2021-06-10T14:08:30,1100.0,73.4,S
2021-06-10T14:08:25,100.0,73.4,B
2021-06-10T14:08:23,500.0,73.4,B
2021-06-10T14:08:20,500.0,73.3,S
2021-06-10T14:08:18,2000.0,73.5,B
2021-06-10T14:08:14,100.0,73.4,B
2021-06-10T14:08:13,1000.0,73.4,B
2021-06-10T14:08:13,100.0,73.4,B
2021-06-10T14:08:13,1000.0,73.4,B
2021-06-10T14:08:13,1000.0,73.4,B
2021-06-10T14:08:10,900.0,73.4,S
2021-06-10T14:08:10,1200.0,73.5,B
2021-06-10T14:08:10,1700.0,73.5,B
2021-06-10T14:08:10,10000.0,73.5,B
2021-06-10T14:08:10,1000.0,73.4,S
2021-06-10T14:08:10,100.0,73.4,S
2021-06-10T14:08:10,500.0,73.5,B
2021-06-10T14:08:06,300.0,73.5,B
2021-06-10T14:08:06,900.0,73.5,B
2021-06-10T14:08:06,100.0,73.5,B
2021-06-10T14:08:02,1000.0,73.5,B
2021-06-10T14:08:02,2000.0,73.5,B
2021-06-10T14:08:02,1000.0,73.4,S
2021-06-10T14:08:02,600.0,73.5,B
2021-06-10T14:08:02,1000.0,73.4,S
2021-06-10T14:07:24,900.0,73.5,B
2021-06-10T14:07:20,4000.0,73.5,B
2021-06-10T14:07:11,100.0,73.5,B
2021-06-10T14:07:11,100.0,73.5,B
2021-06-10T14:06:56,500.0,73.5,B
2021-06-10T14:06:54,500.0,73.4,B
2021-06-10T14:06:52,3000.0,73.4,B
2021-06-10T14:06:50,100.0,73.4,B
2021-06-10T14:06:47,100.0,73.3,S
2021-06-10T14:06:44,1000.0,73.4,S
2021-06-10T14:06:43,100.0,73.5,S
2021-06-10T14:06:40,1900.0,73.6,B
2021-06-10T14:06:38,2200.0,73.6,B
2021-06-10T14:06:37,300.0,73.5,B
2021-06-10T14:06:37,200.0,73.5,B
2021-06-10T14:06:32,1300.0,73.5,B
2021-06-10T14:06:29,500.0,73.5,B
2021-06-10T14:06:29,1000.0,73.1,S
2021-06-10T14:06:23,10000.0,73.5,B
2021-06-10T14:06:23,500.0,73.3,S
2021-06-10T14:06:21,700.0,73.3,S
2021-06-10T14:06:20,300.0,73.5,B
2021-06-10T14:06:17,1800.0,73.5,B
2021-06-10T14:06:15,300.0,73.3,B
2021-06-10T14:06:13,2000.0,73.0,S
2021-06-10T14:06:08,100.0,73.3,B
2021-06-10T14:06:00,300.0,73.3,B
2021-06-10T14:05:53,200.0,73.3,B
2021-06-10T14:05:33,500.0,73.5,B
2021-06-10T14:05:27,100.0,73.5,B
2021-06-10T14:05:27,6800.0,73.5,B
2021-06-10T14:05:24,100.0,73.0,S
2021-06-10T14:05:24,2000.0,73.0,S
2021-06-10T14:05:24,900.0,73.0,S
2021-06-10T14:05:19,300.0,73.0,S
2021-06-10T14:05:19,100.0,73.0,S
2021-06-10T14:05:17,2000.0,73.0,S
2021-06-10T14:05:16,500.0,73.0,S
2021-06-10T14:05:14,1000.0,73.0,S
2021-06-10T14:05:13,1000.0,73.0,S
2021-06-10T14:05:05,1100.0,72.9,B
2021-06-10T14:05:05,400.0,73.0,B
2021-06-10T14:05:05,1200.0,73.0,B
2021-06-10T14:05:05,1400.0,73.0,B
2021-06-10T14:05:04,2000.0,73.0,B
2021-06-10T14:05:02,2100.0,72.9,B
2021-06-10T14:05:01,200.0,72.9,B
2021-06-10T14:04:59,500.0,72.9,B
2021-06-10T14:04:58,2200.0,72.9,B
2021-06-10T14:04:53,5700.0,73.0,B
2021-06-10T14:04:53,2800.0,73.0,B
2021-06-10T14:04:53,1500.0,73.0,B
2021-06-10T14:04:53,4800.0,73.0,B
2021-06-10T14:04:53,5000.0,73.0,B
2021-06-10T14:04:49,2000.0,73.0,B
2021-06-10T14:04:47,1000.0,72.9,B
2021-06-10T14:04:44,1000.0,72.9,B
2021-06-10T14:04:40,2000.0,72.9,B
2021-06-10T14:04:31,500.0,72.8,B
2021-06-10T14:04:28,500.0,72.5,S
2021-06-10T14:04:15,500.0,72.5,S
2021-06-10T14:04:12,2000.0,72.5,S
2021-06-10T14:04:09,100.0,72.5,S
2021-06-10T14:04:08,200.0,72.8,B
2021-06-10T14:04:06,2000.0,72.8,B
2021-06-10T14:04:04,100.0,72.2,S
2021-06-10T14:03:53,800.0,72.5,B
2021-06-10T14:03:53,2200.0,72.5,B
2021-06-10T14:03:53,1200.0,72.5,B
2021-06-10T14:03:53,800.0,72.5,B
2021-06-10T14:03:52,500.0,72.5,B
2021-06-10T14:03:51,100.0,72.4,B
2021-06-10T14:03:50,500.0,72.4,B
2021-06-10T14:03:50,1300.0,72.0,S
2021-06-10T14:03:45,500.0,72.2,B
2021-06-10T14:03:42,500.0,72.0,S
2021-06-10T14:03:41,1000.0,72.2,B
2021-06-10T14:03:36,500.0,72.0,S
2021-06-10T14:03:36,500.0,72.2,B
2021-06-10T14:03:28,700.0,72.2,B
2021-06-10T14:03:20,300.0,72.2,B
2021-06-10T14:03:15,2000.0,72.2,B
2021-06-10T14:03:09,1000.0,72.0,B
2021-06-10T14:03:09,1400.0,72.0,B
2021-06-10T14:03:09,3600.0,72.0,B
2021-06-10T14:03:08,1100.0,72.0,B
2021-06-10T14:03:04,100.0,72.0,B
2021-06-10T14:03:03,100.0,72.0,B
2021-06-10T14:03:03,2500.0,72.0,B
2021-06-10T14:03:02,1000.0,72.0,B
2021-06-10T14:03:01,1300.0,72.0,B
2021-06-10T14:03:01,2000.0,72.0,B
2021-06-10T14:02:59,3200.0,72.0,B
2021-06-10T14:02:50,100.0,72.0,B
2021-06-10T14:02:42,10000.0,72.0,B
2021-06-10T14:02:37,1100.0,71.9,B
2021-06-10T14:02:32,5000.0,71.7,S
2021-06-10T14:02:30,500.0,71.9,B
2021-06-10T14:02:28,500.0,71.9,B
2021-06-10T14:02:27,10100.0,71.8,B
2021-06-10T14:02:25,1000.0,71.8,B
2021-06-10T14:02:21,1000.0,71.8,B
2021-06-10T14:02:14,500.0,71.7,S
2021-06-10T14:02:11,900.0,71.8,B
2021-06-10T14:01:54,100.0,71.7,B
2021-06-10T14:01:54,400.0,71.7,B
2021-06-10T14:01:54,2100.0,71.7,B
2021-06-10T14:01:52,300.0,71.6,B
2021-06-10T14:01:47,1000.0,71.6,B
2021-06-10T14:01:46,800.0,71.6,B
2021-06-10T14:01:18,300.0,71.6,B
2021-06-10T14:01:18,100.0,71.6,B
2021-06-10T14:01:18,100.0,71.6,B
2021-06-10T14:01:09,500.0,71.5,B
2021-06-10T14:01:09,1100.0,71.5,B
2021-06-10T14:01:09,900.0,71.5,B
2021-06-10T14:01:09,800.0,71.5,B
2021-06-10T14:01:09,700.0,71.5,B
2021-06-10T14:01:09,900.0,71.5,B
2021-06-10T14:01:08,300.0,71.5,B
2021-06-10T14:00:50,8700.0,71.5,B
2021-06-10T14:00:50,500.0,71.5,B
2021-06-10T14:00:50,400.0,71.5,B
2021-06-10T14:00:50,1200.0,71.5,B
2021-06-10T14:00:50,1000.0,71.4,B
2021-06-10T14:00:50,2600.0,71.4,B
2021-06-10T14:00:50,600.0,71.4,B
2021-06-10T14:00:19,500.0,71.3,B
2021-06-10T14:00:17,600.0,71.3,B
2021-06-10T14:00:17,700.0,71.3,B
2021-06-10T14:00:17,1700.0,71.3,B
2021-06-10T13:59:28,1000.0,71.3,B
2021-06-10T13:59:25,5000.0,71.2,B
2021-06-10T13:59:22,1000.0,71.2,B
2021-06-10T13:59:13,2000.0,71.2,B
2021-06-10T13:58:17,500.0,71.1,S
2021-06-10T13:57:50,200.0,71.1,B
2021-06-10T13:57:30,1000.0,71.1,B
2021-06-10T13:57:26,500.0,71.1,B
2021-06-10T13:56:34,100.0,71.1,B
2021-06-10T13:56:31,500.0,71.1,B
2021-06-10T13:56:13,5000.0,71.1,B
2021-06-10T13:56:02,400.0,71.1,B
2021-06-10T13:55:57,1500.0,71.0,S
2021-06-10T13:54:28,1300.0,71.1,B
2021-06-10T13:54:10,600.0,71.0,B
2021-06-10T13:54:09,1000.0,71.0,B
2021-06-10T13:53:53,400.0,71.0,B
2021-06-10T13:53:53,100.0,71.0,B
2021-06-10T13:53:53,500.0,71.0,B
2021-06-10T13:53:50,100.0,71.0,B
2021-06-10T13:52:56,500.0,71.0,B
2021-06-10T13:52:56,500.0,71.0,B
2021-06-10T13:52:09,100.0,71.0,S
2021-06-10T13:52:01,200.0,71.1,B
2021-06-10T13:51:31,100.0,71.1,B
2021-06-10T13:51:31,200.0,71.1,B
2021-06-10T13:50:24,500.0,71.1,B
2021-06-10T13:49:43,6000.0,71.0,S
2021-06-10T13:49:10,1600.0,71.0,B
2021-06-10T13:48:48,2400.0,71.0,B
2021-06-10T13:48:48,7600.0,71.0,B
2021-06-10T13:47:02,300.0,71.0,B
2021-06-10T13:45:45,200.0,70.9,B
2021-06-10T13:45:40,300.0,70.9,S
2021-06-10T13:45:15,200.0,70.9,B
2021-06-10T13:44:46,1000.0,70.9,B
2021-06-10T13:43:06,1100.0,70.8,B
2021-06-10T13:42:36,1000.0,70.8,B
2021-06-10T13:40:59,3000.0,70.8,S
2021-06-10T13:39:55,300.0,70.9,S
2021-06-10T13:39:14,2000.0,70.9,S
2021-06-10T13:38:39,900.0,70.9,S
2021-06-10T13:38:25,900.0,70.9,S
2021-06-10T13:38:25,100.0,70.9,S
2021-06-10T13:38:09,100.0,71.0,B
2021-06-10T13:37:47,100.0,70.9,S
2021-06-10T13:37:10,500.0,71.0,B
2021-06-10T13:37:10,800.0,71.0,B
2021-06-10T13:37:10,200.0,71.0,B
2021-06-10T13:36:59,200.0,71.0,B
2021-06-10T13:36:44,300.0,71.0,B
2021-06-10T13:36:39,100.0,71.0,B
2021-06-10T13:36:11,400.0,71.0,S
2021-06-10T13:36:11,1000.0,71.0,S
2021-06-10T13:36:01,1500.0,71.0,S
2021-06-10T13:35:36,7100.0,71.0,B
2021-06-10T13:35:02,200.0,71.0,B
2021-06-10T13:33:55,100.0,71.0,B
2021-06-10T13:33:55,300.0,71.0,B
2021-06-10T13:33:36,500.0,71.0,B
2021-06-10T13:33:13,1000.0,71.0,B
2021-06-10T13:32:31,200.0,71.0,B
2021-06-10T13:31:56,1000.0,71.0,B
2021-06-10T13:30:44,2000.0,71.0,B
2021-06-10T13:30:28,400.0,71.0,B
2021-06-10T13:30:14,3000.0,71.0,B
2021-06-10T13:29:56,800.0,70.9,B
2021-06-10T13:29:24,400.0,70.9,B
2021-06-10T13:29:22,200.0,70.9,B
2021-06-10T13:28:57,500.0,70.9,B
2021-06-10T13:28:54,1000.0,70.9,B
2021-06-10T13:28:13,100.0,70.9,B
2021-06-10T13:21:27,400.0,70.7,B
2021-06-10T13:21:01,700.0,70.6,S
2021-06-10T13:21:01,4300.0,70.6,S
2021-06-10T13:19:48,2300.0,70.7,B
2021-06-10T13:19:10,1000.0,70.7,B
2021-06-10T13:18:47,100.0,70.6,S
2021-06-10T13:18:17,1900.0,70.6,S
2021-06-10T13:18:17,2100.0,70.6,S
2021-06-10T13:18:16,600.0,70.6,S
2021-06-10T13:17:39,100.0,70.7,B
2021-06-10T13:17:07,1600.0,70.6,B
2021-06-10T13:16:30,2000.0,70.6,B
2021-06-10T13:16:30,700.0,70.6,B
2021-06-10T13:16:30,100.0,70.6,B
2021-06-10T13:16:30,2000.0,70.5,S
2021-06-10T13:16:18,1000.0,70.5,S
2021-06-10T13:15:46,1000.0,70.6,B
2021-06-10T13:15:12,300.0,70.5,S
2021-06-10T13:15:11,200.0,70.5,S
2021-06-10T13:14:55,2000.0,70.5,S
2021-06-10T13:14:50,500.0,70.5,S
2021-06-10T13:14:40,100.0,70.5,S
2021-06-10T13:14:28,400.0,70.5,S
2021-06-10T13:14:28,2200.0,70.5,S
2021-06-10T13:14:28,2400.0,70.5,S
2021-06-10T13:14:22,200.0,70.5,S
2021-06-10T13:14:22,500.0,70.5,S
2021-06-10T13:14:19,100.0,70.5,S
2021-06-10T13:14:19,1200.0,70.5,S
2021-06-10T13:14:19,300.0,70.5,S
2021-06-10T13:14:19,200.0,70.5,S
2021-06-10T13:14:08,4300.0,70.5,S
2021-06-10T13:14:02,3000.0,70.6,B
2021-06-10T13:13:39,2700.0,70.5,S
2021-06-10T13:13:38,1000.0,70.6,B
2021-06-10T13:13:10,400.0,70.5,S
2021-06-10T13:12:17,100.0,70.6,B
2021-06-10T13:11:38,900.0,70.5,S
2021-06-10T13:11:38,500.0,70.5,S
2021-06-10T13:11:38,600.0,70.5,S
2021-06-10T13:10:38,100.0,70.5,S
2021-06-10T13:10:35,100.0,70.6,S
2021-06-10T13:10:25,100.0,70.6,S
2021-06-10T13:10:13,300.0,70.6,S
2021-06-10T13:09:51,100.0,70.7,B
2021-06-10T13:09:28,200.0,70.7,B
2021-06-10T13:09:28,100.0,70.7,B
2021-06-10T13:09:15,200.0,70.6,S
2021-06-10T13:09:15,200.0,70.6,S
2021-06-10T13:09:15,2600.0,70.6,S
2021-06-10T13:09:15,100.0,70.6,S
2021-06-10T13:09:15,1900.0,70.6,S
2021-06-10T13:08:56,1000.0,70.6,S
2021-06-10T13:08:42,100.0,70.7,S
2021-06-10T13:08:42,300.0,70.7,S
2021-06-10T13:08:20,2000.0,70.7,S
2021-06-10T13:07:57,1500.0,70.7,S
2021-06-10T13:07:34,100.0,70.7,S
2021-06-10T13:07:08,200.0,70.7,S
2021-06-10T13:07:08,800.0,70.7,S
2021-06-10T13:07:00,200.0,70.7,S
2021-06-10T13:06:35,1000.0,70.7,S
2021-06-10T13:06:07,800.0,70.7,S
2021-06-10T13:05:27,2100.0,70.7,S
2021-06-10T13:05:27,500.0,70.8,S
2021-06-10T13:05:27,1300.0,70.8,S
2021-06-10T13:05:27,200.0,70.8,S
2021-06-10T13:05:27,800.0,70.8,S
2021-06-10T13:05:05,200.0,70.9,S
2021-06-10T13:05:05,2900.0,70.9,S
2021-06-10T13:05:05,1900.0,70.9,S
2021-06-10T13:03:08,1500.0,70.9,S
2021-06-10T13:02:56,1000.0,70.9,S
2021-06-10T13:02:30,1000.0,71.0,B
2021-06-10T13:02:26,1000.0,70.9,S
2021-06-10T13:01:36,200.0,71.0,B
2021-06-10T13:01:20,400.0,70.9,S
2021-06-10T13:01:01,100.0,71.0,B
2021-06-10T13:00:54,2500.0,71.0,B
2021-06-10T13:00:44,300.0,71.0,B
2021-06-10T13:00:44,700.0,71.0,B
2021-06-10T13:00:29,1000.0,71.0,B
2021-06-10T13:00:29,100.0,71.0,B
2021-06-10T13:00:26,100.0,70.9,S
2021-06-10T13:00:26,200.0,70.9,S
2021-06-10T13:00:22,100.0,71.0,B
2021-06-10T11:30:07,2000.0,71.0,B
2021-06-10T11:28:44,1000.0,71.0,B
2021-06-10T11:27:16,500.0,71.0,B
2021-06-10T11:26:51,1300.0,71.0,S
2021-06-10T11:26:18,100.0,71.0,S
2021-06-10T11:26:14,3000.0,71.0,S
2021-06-10T11:24:28,400.0,71.0,S
2021-06-10T11:23:59,3000.0,71.0,B
2021-06-10T11:22:55,100.0,71.0,B
2021-06-10T11:22:55,500.0,71.0,B
2021-06-10T11:22:00,2000.0,70.9,S
2021-06-10T11:22:00,100.0,71.0,B
2021-06-10T11:21:53,2000.0,71.0,B
2021-06-10T11:21:32,300.0,71.0,S
2021-06-10T11:20:58,300.0,71.0,B
2021-06-10T11:19:46,800.0,70.9,S
2021-06-10T11:19:18,800.0,71.0,B
2021-06-10T11:18:44,5000.0,71.0,B
2021-06-10T11:18:06,1000.0,71.0,B
2021-06-10T11:17:41,5000.0,71.0,B
2021-06-10T11:17:24,400.0,71.0,B
2021-06-10T11:17:22,1000.0,71.0,B
2021-06-10T11:14:17,200.0,71.0,S
2021-06-10T11:13:40,300.0,71.0,S
2021-06-10T11:13:35,100.0,71.0,S
2021-06-10T11:10:58,100.0,71.0,S
2021-06-10T11:06:21,400.0,70.8,S
2021-06-10T11:06:21,300.0,70.8,S
2021-06-10T11:06:21,9300.0,70.8,S
2021-06-10T11:05:55,1000.0,70.9,B
2021-06-10T11:05:50,100.0,70.9,B
2021-06-10T11:05:32,200.0,71.0,S
2021-06-10T11:05:19,1800.0,71.0,B
2021-06-10T11:04:12,500.0,71.0,B
2021-06-10T11:03:47,700.0,71.0,S
2021-06-10T11:03:35,300.0,71.0,S
2021-06-10T11:03:16,1000.0,71.0,S
2021-06-10T11:03:07,400.0,71.0,B
2021-06-10T11:03:07,4000.0,71.0,B
2021-06-10T11:03:07,3700.0,71.0,B
2021-06-10T11:03:07,3400.0,71.0,B
2021-06-10T11:03:07,900.0,70.9,B
2021-06-10T11:03:07,600.0,70.9,B
2021-06-10T11:02:37,2000.0,70.9,B
2021-06-10T11:02:37,100.0,70.9,B
2021-06-10T11:02:26,500.0,70.8,S
2021-06-10T11:01:58,400.0,70.8,S
2021-06-10T11:01:16,1400.0,70.9,B
2021-06-10T11:00:49,1000.0,70.8,S
2021-06-10T11:00:17,1300.0,70.8,S
2021-06-10T10:59:23,1000.0,70.9,B
2021-06-10T10:59:05,400.0,70.9,S
2021-06-10T10:59:05,1600.0,70.9,S
2021-06-10T10:59:05,300.0,70.9,S
2021-06-10T10:59:05,3900.0,70.9,S
2021-06-10T10:58:55,1000.0,70.9,S
2021-06-10T10:58:46,100.0,70.9,S
2021-06-10T10:58:38,1500.0,70.9,S
2021-06-10T10:58:12,100.0,70.9,S
2021-06-10T10:58:12,200.0,70.9,S
2021-06-10T10:58:02,4600.0,70.9,S
2021-06-10T10:58:01,1500.0,70.9,S
2021-06-10T10:57:38,500.0,70.9,S
2021-06-10T10:57:14,300.0,70.9,S
2021-06-10T10:57:04,100.0,71.0,B
2021-06-10T10:57:01,5000.0,70.9,S
2021-06-10T10:56:45,100.0,70.9,S
2021-06-10T10:56:45,900.0,70.9,S
2021-06-10T10:55:39,800.0,70.9,S
2021-06-10T10:55:37,2000.0,70.9,S
2021-06-10T10:55:09,300.0,70.9,S
2021-06-10T10:54:49,1000.0,70.9,S
2021-06-10T10:54:41,500.0,71.0,B
2021-06-10T10:52:30,100.0,71.0,B
2021-06-10T10:51:57,1000.0,71.0,B
2021-06-10T10:51:51,1000.0,71.0,B
2021-06-10T10:51:06,1500.0,71.0,B
2021-06-10T10:50:54,100.0,71.0,B
2021-06-10T10:50:44,800.0,71.0,S
2021-06-10T10:50:00,2000.0,71.0,S
2021-06-10T10:48:47,400.0,71.0,B
2021-06-10T10:48:25,500.0,71.0,B
2021-06-10T10:47:44,300.0,71.0,B
2021-06-10T10:47:39,300.0,71.0,B
2021-06-10T10:46:53,500.0,71.0,B
2021-06-10T10:46:32,1000.0,71.0,B
2021-06-10T10:45:45,300.0,71.0,B
2021-06-10T10:45:34,800.0,71.0,B
2021-06-10T10:45:15,1000.0,71.0,B
2021-06-10T10:45:12,900.0,70.9,S
2021-06-10T10:44:32,100.0,70.9,S
2021-06-10T10:44:04,300.0,70.9,S
2021-06-10T10:42:02,100.0,70.9,B
2021-06-10T10:42:02,4300.0,70.9,B
2021-06-10T10:41:55,200.0,70.9,B
2021-06-10T10:41:40,100.0,70.9,B
2021-06-10T10:41:20,1400.0,70.7,S
2021-06-10T10:41:20,1600.0,70.7,S
2021-06-10T10:41:20,1100.0,70.7,S
2021-06-10T10:41:20,100.0,70.7,S
2021-06-10T10:41:20,1500.0,70.7,S
2021-06-10T10:41:20,500.0,70.7,S
2021-06-10T10:41:20,100.0,70.7,S
2021-06-10T10:41:20,100.0,70.7,S
2021-06-10T10:41:20,1900.0,70.8,S
2021-06-10T10:41:20,1000.0,70.8,S
2021-06-10T10:41:20,200.0,70.8,S
2021-06-10T10:41:20,500.0,70.8,S
2021-06-10T10:41:10,2000.0,70.9,B
2021-06-10T10:40:38,300.0,70.9,B
2021-06-10T10:40:32,200.0,70.8,S
2021-06-10T10:39:55,1000.0,70.9,B
2021-06-10T10:39:35,400.0,70.8,S
2021-06-10T10:39:35,3000.0,70.8,S
2021-06-10T10:39:35,700.0,70.8,S
2021-06-10T10:39:35,3500.0,70.8,S
2021-06-10T10:39:35,100.0,70.8,S
2021-06-10T10:39:35,1100.0,70.8,S
2021-06-10T10:39:35,100.0,70.8,S
2021-06-10T10:39:35,11100.0,70.8,S
2021-06-10T10:39:25,400.0,70.9,B
2021-06-10T10:38:24,100.0,70.9,B
2021-06-10T10:37:31,2000.0,70.9,B
2021-06-10T10:37:08,1000.0,70.9,B
2021-06-10T10:36:54,1900.0,70.9,S
2021-06-10T10:36:54,1100.0,70.9,S
2021-06-10T10:36:53,600.0,70.9,S
2021-06-10T10:36:49,200.0,71.0,B
2021-06-10T10:34:11,900.0,70.9,S
2021-06-10T10:33:04,700.0,71.0,S
2021-06-10T10:32:26,1000.0,71.0,B
2021-06-10T10:31:19,100.0,71.0,S
2021-06-10T10:30:46,3200.0,71.0,S
2021-06-10T10:30:22,400.0,71.0,S
2021-06-10T10:29:18,200.0,71.0,S
2021-06-10T10:28:17,200.0,71.0,S
2021-06-10T10:28:08,1100.0,71.0,S
2021-06-10T10:27:57,500.0,71.1,B
2021-06-10T10:26:44,9000.0,71.0,S
2021-06-10T10:23:33,200.0,71.3,B
2021-06-10T10:23:33,1800.0,71.3,B
2021-06-10T10:23:29,2200.0,70.9,S
2021-06-10T10:23:16,1000.0,71.2,S
2021-06-10T10:22:02,500.0,71.3,B
2021-06-10T10:22:02,100.0,71.2,B
2021-06-10T10:22:02,400.0,71.2,B
2021-06-10T10:20:41,100.0,70.9,S
2021-06-10T10:20:14,2000.0,71.0,S
2021-06-10T10:19:25,1500.0,71.0,S
2021-06-10T10:19:12,500.0,71.0,S
2021-06-10T10:18:56,200.0,71.0,S
2021-06-10T10:18:33,500.0,70.8,S
2021-06-10T10:18:33,3500.0,70.8,S
2021-06-10T10:18:27,900.0,71.3,B
2021-06-10T10:18:26,600.0,70.9,S
2021-06-10T10:18:26,1400.0,70.9,S
2021-06-10T10:18:12,2000.0,70.9,S
2021-06-10T10:17:45,2700.0,71.0,B
2021-06-10T10:17:19,200.0,71.0,B
2021-06-10T10:17:16,200.0,71.0,B
2021-06-10T10:17:14,100.0,71.0,B
2021-06-10T10:16:49,100.0,71.0,B
2021-06-10T10:16:38,2000.0,71.0,B
2021-06-10T10:16:30,100.0,71.0,B
2021-06-10T10:16:26,500.0,71.0,B
2021-06-10T10:16:23,5200.0,71.0,S
2021-06-10T10:15:45,5800.0,71.0,S
2021-06-10T10:15:45,200.0,71.4,B
2021-06-10T10:14:32,100.0,71.4,B
2021-06-10T10:12:58,1700.0,71.5,B
2021-06-10T10:12:44,1200.0,71.0,S
2021-06-10T10:12:33,1400.0,71.5,B
2021-06-10T10:12:31,300.0,71.5,B
2021-06-10T10:12:22,1000.0,71.5,B
2021-06-10T10:11:50,300.0,71.5,B
2021-06-10T10:11:48,300.0,71.5,B
2021-06-10T10:11:25,1500.0,71.5,B
2021-06-10T10:11:25,2000.0,71.5,B
2021-06-10T10:10:47,2000.0,71.5,B
2021-06-10T10:10:45,1000.0,71.5,B
2021-06-10T10:10:45,1000.0,71.4,B
2021-06-10T10:10:43,1400.0,71.0,S
2021-06-10T10:10:43,2700.0,71.1,S
2021-06-10T10:09:52,600.0,71.4,B
2021-06-10T10:09:52,1400.0,71.4,B
2021-06-10T10:09:49,3000.0,71.4,B
2021-06-10T10:09:08,1000.0,71.1,S
2021-06-10T10:09:07,300.0,71.0,S
2021-06-10T10:09:02,100.0,71.0,S
2021-06-10T10:09:02,600.0,71.0,S
2021-06-10T10:08:39,1000.0,71.0,S
2021-06-10T10:08:11,500.0,71.0,S
2021-06-10T10:07:41,200.0,71.0,S
2021-06-10T10:07:40,5700.0,71.0,S
2021-06-10T10:07:29,1000.0,71.0,S
2021-06-10T10:07:25,200.0,71.0,S
2021-06-10T10:07:12,500.0,71.0,S
2021-06-10T10:07:00,1100.0,71.0,B
2021-06-10T10:06:51,300.0,71.0,B
2021-06-10T10:06:39,100.0,71.0,B
2021-06-10T10:06:37,1000.0,71.0,B
2021-06-10T10:06:36,1000.0,71.0,B
2021-06-10T10:06:36,500.0,71.0,B
2021-06-10T10:06:35,100.0,71.0,B
2021-06-10T10:06:30,2000.0,71.0,B
2021-06-10T10:06:26,200.0,71.0,B
2021-06-10T10:06:09,3000.0,71.0,B
2021-06-10T10:05:29,200.0,70.9,B
2021-06-10T10:05:28,100.0,70.9,B
2021-06-10T10:05:00,700.0,70.8,B
2021-06-10T10:04:48,800.0,70.7,B
2021-06-10T10:04:45,200.0,70.7,B
2021-06-10T10:04:40,200.0,70.7,B
2021-06-10T10:04:36,1000.0,70.7,B
2021-06-10T10:04:26,300.0,70.7,B
2021-06-10T10:04:11,1000.0,70.7,B
2021-06-10T10:02:47,100.0,70.7,B
2021-06-10T10:02:01,100.0,70.7,B
2021-06-10T10:00:57,2000.0,70.8,B
2021-06-10T10:00:13,300.0,70.5,S
2021-06-10T09:58:54,500.0,70.5,B
2021-06-10T09:58:13,1000.0,70.5,B
2021-06-10T09:58:13,3300.0,70.5,B
2021-06-10T09:57:34,500.0,70.3,B
2021-06-10T09:56:59,1000.0,70.3,B
2021-06-10T09:56:10,900.0,70.1,S
2021-06-10T09:54:48,1000.0,70.3,S
2021-06-10T09:54:45,1000.0,70.2,S
2021-06-10T09:54:20,200.0,70.1,S
2021-06-10T09:53:45,1000.0,70.0,S
2021-06-10T09:53:25,1100.0,70.0,S
2021-06-10T09:53:25,4900.0,70.0,S
2021-06-10T09:53:25,1000.0,70.1,S
2021-06-10T09:53:11,1000.0,70.1,S
2021-06-10T09:53:05,300.0,70.1,S
2021-06-10T09:53:02,3000.0,70.1,S
2021-06-10T09:52:43,1000.0,70.3,S
2021-06-10T09:52:38,2000.0,70.3,S
2021-06-10T09:50:49,7000.0,70.0,S
2021-06-10T09:50:40,2000.0,70.0,S
2021-06-10T09:50:28,500.0,70.0,S
2021-06-10T09:49:51,500.0,70.0,S
2021-06-10T09:48:52,1000.0,70.0,S
2021-06-10T09:48:50,700.0,70.0,S
2021-06-10T09:48:16,2900.0,70.0,S
2021-06-10T09:48:15,2200.0,70.0,S
2021-06-10T09:48:15,1500.0,70.0,S
2021-06-10T09:48:15,800.0,70.0,S
2021-06-10T09:47:42,200.0,70.0,S
2021-06-10T09:47:42,900.0,70.0,S
2021-06-10T09:47:42,1400.0,70.0,S
2021-06-10T09:47:42,500.0,70.1,S
2021-06-10T09:47:41,2000.0,70.1,S
2021-06-10T09:47:25,500.0,70.1,S
2021-06-10T09:47:04,3000.0,70.1,S
2021-06-10T09:46:31,200.0,70.1,S
2021-06-10T09:46:31,500.0,70.2,S
2021-06-10T09:46:31,500.0,70.2,S
2021-06-10T09:46:31,3800.0,70.2,S
2021-06-10T09:45:45,100.0,70.5,S
2021-06-10T09:45:44,100.0,70.5,S
2021-06-10T09:45:35,900.0,70.5,S
2021-06-10T09:45:35,2000.0,70.5,S
2021-06-10T09:45:35,4100.0,70.5,S
2021-06-10T09:45:28,1500.0,70.5,S
2021-06-10T09:44:55,3000.0,70.5,S
2021-06-10T09:44:20,100.0,70.5,S
2021-06-10T09:44:20,200.0,70.5,S
2021-06-10T09:44:20,200.0,70.6,S
2021-06-10T09:44:20,1500.0,70.6,S
2021-06-10T09:43:46,800.0,70.6,S
2021-06-10T09:43:18,1100.0,70.6,S
2021-06-10T09:43:18,5100.0,70.6,S
2021-06-10T09:43:18,1000.0,70.6,S
2021-06-10T09:43:18,200.0,70.6,S
2021-06-10T09:43:18,1100.0,70.6,S
2021-06-10T09:43:18,800.0,70.6,S
2021-06-10T09:43:18,700.0,70.6,S
2021-06-10T09:43:08,1000.0,70.7,S
2021-06-10T09:42:23,300.0,70.8,S
2021-06-10T09:42:15,100.0,70.7,S
2021-06-10T09:41:44,500.0,70.7,S
2021-06-10T09:41:22,1200.0,70.8,S
2021-06-10T09:41:21,700.0,70.8,S
2021-06-10T09:41:10,200.0,71.0,B
2021-06-10T09:41:05,2000.0,70.8,S
2021-06-10T09:39:54,100.0,70.8,S
2021-06-10T09:38:47,200.0,70.6,S
2021-06-10T09:38:28,200.0,70.6,S
2021-06-10T09:38:28,200.0,70.6,S
2021-06-10T09:37:19,500.0,70.6,S
2021-06-10T09:36:20,500.0,70.8,B
2021-06-10T09:35:06,6000.0,70.6,S
2021-06-10T09:34:41,1800.0,70.6,S
2021-06-10T09:34:41,400.0,70.6,S
2021-06-10T09:34:41,2800.0,70.6,S
2021-06-10T09:34:04,500.0,70.8,S
2021-06-10T09:34:01,500.0,71.0,B
2021-06-10T09:32:44,5000.0,70.6,S
2021-06-10T09:31:39,100.0,71.0,B
2021-06-10T09:31:31,3500.0,70.8,S
2021-06-10T09:31:04,100.0,71.0,B
2021-06-10T09:30:26,100.0,71.0,B
2021-06-10T09:30:07,100.0,71.0,S
2021-06-10T09:28:55,100.0,71.0,S
2021-06-10T09:28:55,3100.0,71.0,S
2021-06-10T09:27:10,200.0,71.5,B
2021-06-10T09:27:03,1000.0,71.5,B
2021-06-10T09:26:49,100.0,71.5,B
2021-06-10T09:26:39,1500.0,71.5,B
2021-06-10T09:26:28,100.0,71.0,S
2021-06-10T09:26:09,100.0,71.0,S
2021-06-10T09:26:03,4000.0,71.0,S
2021-06-10T09:25:56,1000.0,71.0,S
2021-06-10T09:24:29,600.0,71.0,S
2021-06-10T09:23:57,2400.0,71.0,B
2021-06-10T09:23:45,100.0,71.0,B
2021-06-10T09:23:36,400.0,70.9,S
2021-06-10T09:22:16,100.0,70.9,B
2021-06-10T09:21:55,100.0,70.9,B
2021-06-10T09:21:33,500.0,70.9,B
2021-06-10T09:18:56,5000.0,70.6,S
2021-06-10T09:16:08,200.0,71.0,B
