tradingTime,volume,price,side
2021-06-10T14:30:16,11100.0,13.85,B
2021-06-10T14:30:11,300.0,13.8,B
2021-06-10T14:29:56,1500.0,13.75,S
2021-06-10T14:29:45,48800.0,13.8,S
2021-06-10T14:29:42,14600.0,13.8,S
2021-06-10T14:29:42,9700.0,13.8,S
2021-06-10T14:29:42,3000.0,13.8,S
2021-06-10T14:29:42,200.0,13.8,S
2021-06-10T14:29:42,8800.0,13.8,S
2021-06-10T14:29:42,16700.0,13.8,S
2021-06-10T14:29:42,6900.0,13.8,S
2021-06-10T14:29:42,40100.0,13.8,S
2021-06-10T14:29:39,8000.0,13.85,B
2021-06-10T14:29:39,5000.0,13.85,B
2021-06-10T14:29:28,1000.0,13.85,B
2021-06-10T14:29:27,200.0,13.85,B
2021-06-10T14:29:27,1000.0,13.85,B
2021-06-10T14:29:16,2000.0,13.8,S
2021-06-10T14:29:09,1000.0,13.85,B
2021-06-10T14:29:08,2000.0,13.8,S
2021-06-10T14:28:58,10000.0,13.8,S
2021-06-10T14:28:52,5000.0,13.85,S
2021-06-10T14:28:48,50000.0,13.9,B
2021-06-10T14:28:38,700.0,13.9,B
2021-06-10T14:28:38,49300.0,13.9,B
2021-06-10T14:28:32,4800.0,13.85,B
2021-06-10T14:28:13,6500.0,13.85,B
2021-06-10T14:28:13,3500.0,13.85,B
2021-06-10T14:28:06,5500.0,13.85,B
2021-06-10T14:27:56,4600.0,13.85,B
2021-06-10T14:27:49,1500.0,13.85,B
2021-06-10T14:27:36,1000.0,13.8,S
2021-06-10T14:27:33,200.0,13.85,B
2021-06-10T14:27:32,200.0,13.8,S
2021-06-10T14:27:07,10000.0,13.85,B
2021-06-10T14:27:01,5000.0,13.8,S
2021-06-10T14:26:33,1000.0,13.85,B
2021-06-10T14:26:09,500.0,13.8,B
2021-06-10T14:26:06,5000.0,13.8,B
2021-06-10T14:25:47,200.0,13.8,B
2021-06-10T14:25:44,2300.0,13.8,B
2021-06-10T14:25:40,8000.0,13.85,B
2021-06-10T14:25:38,800.0,13.85,B
2021-06-10T14:25:38,200.0,13.85,B
2021-06-10T14:25:37,3700.0,13.8,B
2021-06-10T14:25:37,200.0,13.75,S
2021-06-10T14:25:37,1400.0,13.8,B
2021-06-10T14:25:31,100.0,13.8,B
2021-06-10T14:25:22,800.0,13.8,B
2021-06-10T14:25:19,1000.0,13.8,B
2021-06-10T14:25:18,2000.0,13.8,B
2021-06-10T14:25:18,1500.0,13.75,S
2021-06-10T14:25:13,1500.0,13.8,B
2021-06-10T14:25:06,3200.0,13.8,B
2021-06-10T14:25:06,1000.0,13.8,B
2021-06-10T14:25:06,100.0,13.8,B
2021-06-10T14:24:56,2000.0,13.8,B
2021-06-10T14:24:54,1000.0,13.8,B
2021-06-10T14:24:52,5000.0,13.8,B
2021-06-10T14:24:52,1000.0,13.8,B
2021-06-10T14:24:47,700.0,13.8,B
2021-06-10T14:24:41,10000.0,13.8,B
2021-06-10T14:24:36,800.0,13.8,B
2021-06-10T14:24:31,1000.0,13.8,B
2021-06-10T14:24:29,1500.0,13.8,B
2021-06-10T14:24:28,1000.0,13.8,B
2021-06-10T14:24:22,100.0,13.8,B
2021-06-10T14:24:22,1000.0,13.8,B
2021-06-10T14:24:14,1000.0,13.8,B
2021-06-10T14:24:09,7000.0,13.8,B
2021-06-10T14:24:03,2000.0,13.8,B
2021-06-10T14:24:02,2000.0,13.8,B
2021-06-10T14:24:00,1000.0,13.75,S
2021-06-10T14:23:58,2000.0,13.8,B
2021-06-10T14:23:51,26000.0,13.8,B
2021-06-10T14:23:44,10000.0,13.8,B
2021-06-10T14:23:35,1500.0,13.8,B
2021-06-10T14:23:31,10000.0,13.8,B
2021-06-10T14:23:28,4000.0,13.8,B
2021-06-10T14:23:27,10000.0,13.8,B
2021-06-10T14:22:58,20000.0,13.8,B
2021-06-10T14:22:58,1700.0,13.7,S
2021-06-10T14:22:48,10800.0,13.7,S
2021-06-10T14:22:47,3600.0,13.75,B
2021-06-10T14:22:46,26200.0,13.75,B
2021-06-10T14:22:38,200.0,13.7,S
2021-06-10T14:22:32,100.0,13.75,B
2021-06-10T14:22:22,1600.0,13.7,S
2021-06-10T14:22:10,2000.0,13.8,B
2021-06-10T14:22:09,4000.0,13.7,S
2021-06-10T14:22:06,2000.0,13.8,B
2021-06-10T14:22:05,5000.0,13.8,B
2021-06-10T14:22:03,3000.0,13.7,S
2021-06-10T14:22:03,1000.0,13.75,B
2021-06-10T14:21:57,5700.0,13.7,S
2021-06-10T14:21:54,100.0,13.7,S
2021-06-10T14:21:54,5000.0,13.75,B
2021-06-10T14:21:53,4000.0,13.7,S
2021-06-10T14:21:47,500.0,13.7,S
2021-06-10T14:21:43,300.0,13.7,S
2021-06-10T14:21:41,5000.0,13.7,S
2021-06-10T14:21:34,1000.0,13.75,S
2021-06-10T14:21:29,5000.0,13.7,S
2021-06-10T14:21:29,2000.0,13.8,B
2021-06-10T14:21:27,200.0,13.8,B
2021-06-10T14:21:26,400.0,13.8,B
2021-06-10T14:21:21,20000.0,13.7,S
2021-06-10T14:21:11,1100.0,13.8,S
2021-06-10T14:21:11,4500.0,13.8,S
2021-06-10T14:21:11,6200.0,13.8,S
2021-06-10T14:21:11,45100.0,13.8,S
2021-06-10T14:21:08,5000.0,13.9,B
2021-06-10T14:21:05,5000.0,13.85,S
2021-06-10T14:21:03,2500.0,13.85,S
2021-06-10T14:20:58,89400.0,13.8,S
2021-06-10T14:20:58,1100.0,13.8,S
2021-06-10T14:20:57,9500.0,13.85,S
2021-06-10T14:20:53,100.0,13.9,B
2021-06-10T14:20:49,74000.0,13.9,B
2021-06-10T14:20:45,500.0,13.85,S
2021-06-10T14:20:44,20000.0,13.85,S
2021-06-10T14:20:36,500.0,13.9,B
2021-06-10T14:20:28,5000.0,13.9,B
2021-06-10T14:20:23,700.0,13.9,B
2021-06-10T14:20:20,10000.0,13.9,S
2021-06-10T14:20:19,1000.0,13.9,S
2021-06-10T14:20:18,1000.0,13.9,S
2021-06-10T14:20:09,20000.0,13.9,S
2021-06-10T14:20:07,200.0,13.9,S
2021-06-10T14:20:06,2800.0,13.9,S
2021-06-10T14:20:06,1100.0,13.9,S
2021-06-10T14:20:05,200.0,13.9,S
2021-06-10T14:20:05,500.0,13.9,S
2021-06-10T14:20:05,5100.0,13.9,S
2021-06-10T14:20:05,2800.0,13.9,S
2021-06-10T14:20:05,1100.0,13.9,S
2021-06-10T14:20:05,2100.0,13.9,S
2021-06-10T14:20:05,43700.0,13.9,S
2021-06-10T14:20:05,10000.0,13.9,S
2021-06-10T14:19:56,5300.0,13.95,B
2021-06-10T14:19:52,20000.0,13.9,S
2021-06-10T14:19:51,500.0,13.95,B
2021-06-10T14:19:50,1000.0,13.95,B
2021-06-10T14:19:49,100.0,13.9,S
2021-06-10T14:19:49,10000.0,13.9,S
2021-06-10T14:19:42,10000.0,13.9,S
2021-06-10T14:19:39,2000.0,13.95,B
2021-06-10T14:19:37,11000.0,13.95,B
2021-06-10T14:19:33,2600.0,13.9,S
2021-06-10T14:19:33,1500.0,13.95,B
2021-06-10T14:19:31,1000.0,13.9,S
2021-06-10T14:19:26,5000.0,13.95,B
2021-06-10T14:19:25,1000.0,13.9,S
2021-06-10T14:19:20,11000.0,13.9,S
2021-06-10T14:19:12,1000.0,13.95,B
2021-06-10T14:19:12,10000.0,13.9,S
2021-06-10T14:19:09,4300.0,13.95,S
2021-06-10T14:19:02,700.0,13.95,B
2021-06-10T14:18:48,10000.0,13.95,B
2021-06-10T14:18:45,2000.0,13.95,B
2021-06-10T14:18:41,1000.0,13.95,B
2021-06-10T14:18:39,800.0,13.9,S
2021-06-10T14:18:35,1400.0,13.95,B
2021-06-10T14:18:25,300.0,13.95,S
2021-06-10T14:18:25,200.0,13.95,S
2021-06-10T14:18:20,21700.0,13.95,S
2021-06-10T14:18:16,5000.0,14.0,B
2021-06-10T14:18:07,100.0,14.0,S
2021-06-10T14:18:07,2000.0,14.0,S
2021-06-10T14:18:07,3900.0,14.0,S
2021-06-10T14:18:07,10800.0,14.0,S
2021-06-10T14:18:06,41300.0,14.0,S
2021-06-10T14:18:01,3000.0,14.05,B
2021-06-10T14:18:01,20000.0,14.0,S
2021-06-10T14:17:58,5000.0,14.0,S
2021-06-10T14:17:50,17000.0,14.0,S
2021-06-10T14:17:39,3000.0,14.0,S
2021-06-10T14:17:36,100000.0,14.0,S
2021-06-10T14:17:21,600.0,14.0,S
2021-06-10T14:17:08,300.0,14.05,B
2021-06-10T14:17:07,8000.0,14.0,S
2021-06-10T14:17:07,2000.0,14.0,S
2021-06-10T14:17:06,1000.0,14.05,B
2021-06-10T14:17:04,5000.0,14.05,B
2021-06-10T14:16:54,5000.0,14.1,B
2021-06-10T14:16:54,2800.0,14.0,S
2021-06-10T14:16:54,2100.0,14.0,S
2021-06-10T14:16:53,21200.0,14.0,S
2021-06-10T14:16:53,1000.0,14.0,S
2021-06-10T14:16:53,3700.0,14.0,S
2021-06-10T14:16:53,3000.0,14.0,S
2021-06-10T14:16:53,2600.0,14.0,S
2021-06-10T14:16:53,16500.0,14.0,S
2021-06-10T14:16:53,29100.0,14.05,S
2021-06-10T14:16:38,21000.0,14.05,S
2021-06-10T14:16:33,200.0,14.1,B
2021-06-10T14:16:28,600.0,14.05,S
2021-06-10T14:16:28,10000.0,14.1,B
2021-06-10T14:16:16,2000.0,14.1,B
2021-06-10T14:15:51,2000.0,14.1,B
2021-06-10T14:15:30,500.0,14.1,S
2021-06-10T14:15:15,17600.0,14.05,S
2021-06-10T14:15:15,10000.0,14.05,S
2021-06-10T14:15:15,5500.0,14.1,S
2021-06-10T14:15:15,2900.0,14.1,S
2021-06-10T14:15:15,84000.0,14.1,S
2021-06-10T14:15:08,1100.0,14.15,S
2021-06-10T14:15:08,2100.0,14.15,S
2021-06-10T14:14:49,1000.0,14.15,S
2021-06-10T14:14:47,5000.0,14.15,S
2021-06-10T14:14:41,1100.0,14.15,S
2021-06-10T14:14:39,6500.0,14.15,S
2021-06-10T14:14:11,5000.0,14.15,S
2021-06-10T14:13:51,10000.0,14.15,S
2021-06-10T14:13:45,3000.0,14.15,S
2021-06-10T14:13:40,3800.0,14.15,S
2021-06-10T14:13:37,6700.0,14.15,S
2021-06-10T14:13:32,5000.0,14.15,S
2021-06-10T14:13:21,2000.0,14.15,S
2021-06-10T14:13:19,50000.0,14.15,S
2021-06-10T14:13:15,300.0,14.2,B
2021-06-10T14:12:53,10000.0,14.15,S
2021-06-10T14:12:43,20000.0,14.15,S
2021-06-10T14:12:37,100.0,14.2,B
2021-06-10T14:12:16,2000.0,14.15,S
2021-06-10T14:11:35,1000.0,14.2,B
2021-06-10T14:11:04,10200.0,14.2,S
2021-06-10T14:11:00,1000.0,14.2,S
2021-06-10T14:09:56,4100.0,14.2,S
2021-06-10T14:09:56,2400.0,14.2,S
2021-06-10T14:09:56,500.0,14.2,S
2021-06-10T14:09:04,5000.0,14.2,S
2021-06-10T14:09:02,5000.0,14.2,S
2021-06-10T14:09:01,10000.0,14.2,S
2021-06-10T14:08:52,10000.0,14.2,S
2021-06-10T14:08:47,1000.0,14.2,S
2021-06-10T14:08:17,3500.0,14.2,S
2021-06-10T14:08:02,5000.0,14.2,S
2021-06-10T14:08:02,700.0,14.25,S
2021-06-10T14:06:26,7800.0,14.25,B
2021-06-10T14:06:18,20000.0,14.2,S
2021-06-10T14:05:56,400.0,14.25,S
2021-06-10T14:05:45,11400.0,14.25,S
2021-06-10T14:05:45,200.0,14.25,S
2021-06-10T14:05:45,8400.0,14.25,S
2021-06-10T14:05:29,1000.0,14.25,S
2021-06-10T14:05:11,1000.0,14.25,S
2021-06-10T14:04:31,100.0,14.25,S
2021-06-10T14:04:31,1100.0,14.25,S
2021-06-10T14:04:31,3800.0,14.25,S
2021-06-10T14:02:26,9000.0,14.3,B
2021-06-10T14:01:55,1100.0,14.3,B
2021-06-10T14:01:50,1300.0,14.25,S
2021-06-10T14:01:42,15000.0,14.3,B
2021-06-10T14:01:28,6000.0,14.3,B
2021-06-10T14:01:09,5000.0,14.25,S
2021-06-10T14:01:07,10000.0,14.3,B
2021-06-10T14:01:00,100.0,14.3,B
2021-06-10T14:00:37,8000.0,14.3,B
2021-06-10T14:00:31,3000.0,14.3,B
2021-06-10T14:00:20,4500.0,14.3,B
2021-06-10T14:00:07,8700.0,14.3,B
2021-06-10T13:59:46,5000.0,14.3,B
2021-06-10T13:59:35,10000.0,14.3,B
2021-06-10T13:59:27,1600.0,14.25,S
2021-06-10T13:59:27,300.0,14.25,S
2021-06-10T13:59:25,1100.0,14.25,S
2021-06-10T13:59:12,400.0,14.25,S
2021-06-10T13:59:09,4100.0,14.3,B
2021-06-10T13:58:53,100.0,14.25,S
2021-06-10T13:58:38,5000.0,14.3,S
2021-06-10T13:58:27,1300.0,14.3,S
2021-06-10T13:58:25,200.0,14.3,S
2021-06-10T13:58:23,3000.0,14.3,S
2021-06-10T13:58:23,400.0,14.3,S
2021-06-10T13:58:18,100.0,14.3,S
2021-06-10T13:57:46,300.0,14.25,S
2021-06-10T13:57:40,37100.0,14.35,B
2021-06-10T13:57:40,1000.0,14.35,B
2021-06-10T13:57:40,63500.0,14.35,B
2021-06-10T13:57:13,5000.0,14.3,B
2021-06-10T13:56:43,5000.0,14.25,S
2021-06-10T13:56:42,1800.0,14.3,B
2021-06-10T13:56:42,10000.0,14.3,B
2021-06-10T13:56:42,28100.0,14.3,B
2021-06-10T13:56:42,9100.0,14.3,B
2021-06-10T13:56:31,2000.0,14.25,S
2021-06-10T13:56:14,4200.0,14.25,S
2021-06-10T13:56:07,5000.0,14.3,B
2021-06-10T13:56:04,10000.0,14.25,S
2021-06-10T13:55:58,2400.0,14.25,S
2021-06-10T13:55:32,1000.0,14.25,S
2021-06-10T13:55:01,600.0,14.3,B
2021-06-10T13:54:10,3800.0,14.3,B
2021-06-10T13:54:08,1000.0,14.3,B
2021-06-10T13:53:02,3200.0,14.3,B
2021-06-10T13:52:54,300.0,14.3,B
2021-06-10T13:51:57,500.0,14.3,B
2021-06-10T13:51:56,7500.0,14.3,S
2021-06-10T13:51:53,5000.0,14.3,S
2021-06-10T13:51:50,18600.0,14.3,S
2021-06-10T13:51:49,10000.0,14.35,B
2021-06-10T13:51:47,9000.0,14.3,S
2021-06-10T13:51:26,7000.0,14.35,B
2021-06-10T13:51:20,30000.0,14.3,S
2021-06-10T13:51:16,5000.0,14.35,B
2021-06-10T13:50:37,100.0,14.3,S
2021-06-10T13:50:33,200.0,14.35,B
2021-06-10T13:50:30,100.0,14.3,S
2021-06-10T13:50:26,1800.0,14.3,S
2021-06-10T13:50:25,7000.0,14.35,B
2021-06-10T13:50:13,5000.0,14.35,B
2021-06-10T13:50:04,100.0,14.3,S
2021-06-10T13:49:52,10400.0,14.35,S
2021-06-10T13:49:52,5000.0,14.35,S
2021-06-10T13:49:29,100.0,14.35,S
2021-06-10T13:49:26,600.0,14.35,S
2021-06-10T13:49:19,1000.0,14.35,S
2021-06-10T13:49:10,100.0,14.35,S
2021-06-10T13:49:08,1000.0,14.35,S
2021-06-10T13:49:07,1100.0,14.35,S
2021-06-10T13:48:59,1000.0,14.4,B
2021-06-10T13:48:53,100.0,14.35,S
2021-06-10T13:48:44,100.0,14.35,S
2021-06-10T13:48:44,1400.0,14.4,B
2021-06-10T13:48:24,100.0,14.35,B
2021-06-10T13:48:23,10800.0,14.35,B
2021-06-10T13:48:22,2000.0,14.35,B
2021-06-10T13:48:10,5000.0,14.35,B
2021-06-10T13:47:56,5000.0,14.35,B
2021-06-10T13:47:46,8000.0,14.35,B
2021-06-10T13:47:31,5000.0,14.35,B
2021-06-10T13:47:23,2600.0,14.35,B
2021-06-10T13:47:07,100.0,14.3,S
2021-06-10T13:46:46,20000.0,14.35,B
2021-06-10T13:46:43,3000.0,14.35,B
2021-06-10T13:46:14,8400.0,14.35,B
2021-06-10T13:46:10,8000.0,14.35,B
2021-06-10T13:46:00,5000.0,14.35,B
2021-06-10T13:45:23,10000.0,14.35,B
2021-06-10T13:45:10,5000.0,14.35,B
2021-06-10T13:44:28,2000.0,14.35,S
2021-06-10T13:44:23,5000.0,14.35,S
2021-06-10T13:44:19,1000.0,14.4,B
2021-06-10T13:44:14,3000.0,14.35,B
2021-06-10T13:44:09,2000.0,14.35,B
2021-06-10T13:43:54,10000.0,14.35,B
2021-06-10T13:43:52,7400.0,14.35,B
2021-06-10T13:43:44,1500.0,14.35,B
2021-06-10T13:43:42,10000.0,14.35,B
2021-06-10T13:43:24,5000.0,14.35,B
2021-06-10T13:43:11,7000.0,14.35,B
2021-06-10T13:43:00,15000.0,14.35,B
2021-06-10T13:42:52,5000.0,14.35,B
2021-06-10T13:42:42,1500.0,14.3,S
2021-06-10T13:42:31,10000.0,14.35,B
2021-06-10T13:42:19,8000.0,14.35,B
2021-06-10T13:42:05,5000.0,14.35,B
2021-06-10T13:41:52,100.0,14.35,B
2021-06-10T13:41:47,3600.0,14.3,B
2021-06-10T13:41:42,1100.0,14.3,B
2021-06-10T13:41:39,2000.0,14.3,B
2021-06-10T13:40:36,5000.0,14.3,B
2021-06-10T13:40:20,10000.0,14.3,B
2021-06-10T13:40:11,20000.0,14.3,B
2021-06-10T13:39:48,10000.0,14.3,B
2021-06-10T13:39:00,6500.0,14.3,B
2021-06-10T13:38:32,20000.0,14.3,B
2021-06-10T13:38:18,5000.0,14.3,B
2021-06-10T13:38:11,300.0,14.3,B
2021-06-10T13:37:30,400.0,14.3,S
2021-06-10T13:37:29,100.0,14.3,S
2021-06-10T13:37:29,5300.0,14.3,S
2021-06-10T13:37:12,4700.0,14.3,B
2021-06-10T13:36:59,1000.0,14.3,B
2021-06-10T13:36:19,10000.0,14.3,S
2021-06-10T13:36:08,34300.0,14.3,S
2021-06-10T13:36:01,10000.0,14.3,S
2021-06-10T13:35:49,100.0,14.35,B
2021-06-10T13:35:41,2000.0,14.3,S
2021-06-10T13:35:23,53700.0,14.3,S
2021-06-10T13:35:06,6600.0,14.3,S
2021-06-10T13:35:06,69700.0,14.3,S
2021-06-10T13:34:16,100.0,14.35,S
2021-06-10T13:34:15,200.0,14.35,S
2021-06-10T13:34:08,100.0,14.4,B
2021-06-10T13:33:52,200.0,14.3,S
2021-06-10T13:33:43,2000.0,14.35,B
2021-06-10T13:33:35,4600.0,14.35,B
2021-06-10T13:33:35,400.0,14.35,B
2021-06-10T13:33:16,1500.0,14.35,B
2021-06-10T13:33:04,1100.0,14.35,S
2021-06-10T13:33:04,100.0,14.4,B
2021-06-10T13:33:03,1000.0,14.4,B
2021-06-10T13:32:59,13000.0,14.35,S
2021-06-10T13:32:56,5900.0,14.35,S
2021-06-10T13:32:48,700.0,14.35,S
2021-06-10T13:32:46,5400.0,14.35,S
2021-06-10T13:32:45,300.0,14.35,B
2021-06-10T13:32:45,3600.0,14.35,B
2021-06-10T13:32:26,4000.0,14.35,S
2021-06-10T13:32:15,1800.0,14.35,S
2021-06-10T13:32:15,300.0,14.35,S
2021-06-10T13:32:13,100.0,14.4,B
2021-06-10T13:32:03,900.0,14.35,B
2021-06-10T13:31:56,2000.0,14.35,B
2021-06-10T13:31:50,11000.0,14.35,B
2021-06-10T13:31:43,5000.0,14.35,B
2021-06-10T13:31:38,200.0,14.35,B
2021-06-10T13:31:36,2000.0,14.35,B
2021-06-10T13:31:35,20000.0,14.35,B
2021-06-10T13:31:12,2000.0,14.35,B
2021-06-10T13:31:11,10000.0,14.35,B
2021-06-10T13:30:55,19700.0,14.35,B
2021-06-10T13:30:54,300.0,14.35,B
2021-06-10T13:30:40,5000.0,14.35,B
2021-06-10T13:30:26,1000.0,14.35,B
2021-06-10T13:30:23,5000.0,14.35,B
2021-06-10T13:30:04,100.0,14.35,B
2021-06-10T13:30:00,1000.0,14.35,B
2021-06-10T13:29:50,100.0,14.35,B
2021-06-10T13:29:42,11100.0,14.3,B
2021-06-10T13:29:38,5000.0,14.3,B
2021-06-10T13:29:37,400.0,14.25,S
2021-06-10T13:29:31,9000.0,14.3,B
2021-06-10T13:29:28,5000.0,14.3,B
2021-06-10T13:29:23,3400.0,14.3,B
2021-06-10T13:29:23,3600.0,14.3,B
2021-06-10T13:29:19,5000.0,14.3,B
2021-06-10T13:29:19,8000.0,14.3,B
2021-06-10T13:29:10,2000.0,14.3,B
2021-06-10T13:28:59,8000.0,14.3,B
2021-06-10T13:28:55,3000.0,14.3,B
2021-06-10T13:28:49,10000.0,14.3,B
2021-06-10T13:28:33,15000.0,14.3,B
2021-06-10T13:28:32,3000.0,14.3,B
2021-06-10T13:28:28,5000.0,14.3,B
2021-06-10T13:28:19,7000.0,14.3,B
2021-06-10T13:28:13,800.0,14.3,B
2021-06-10T13:28:03,10000.0,14.3,B
2021-06-10T13:28:00,5000.0,14.3,B
2021-06-10T13:27:44,2000.0,14.3,B
2021-06-10T13:27:43,1300.0,14.25,S
2021-06-10T13:27:42,1000.0,14.3,B
2021-06-10T13:27:37,5000.0,14.3,B
2021-06-10T13:27:26,10000.0,14.3,B
2021-06-10T13:27:13,2500.0,14.3,B
2021-06-10T13:27:06,1000.0,14.3,B
2021-06-10T13:27:04,5000.0,14.3,B
2021-06-10T13:26:53,7400.0,14.3,B
2021-06-10T13:26:48,2000.0,14.3,B
2021-06-10T13:26:39,5000.0,14.3,B
2021-06-10T13:26:39,500.0,14.25,S
2021-06-10T13:26:26,20000.0,14.3,B
2021-06-10T13:26:24,13200.0,14.3,B
2021-06-10T13:26:19,5000.0,14.3,B
2021-06-10T13:26:00,200.0,14.3,B
2021-06-10T13:26:00,1500.0,14.3,B
2021-06-10T13:26:00,8300.0,14.3,B
2021-06-10T13:25:16,6000.0,14.3,B
2021-06-10T13:25:02,10900.0,14.3,B
2021-06-10T13:25:01,9100.0,14.3,B
2021-06-10T13:24:51,100.0,14.3,B
2021-06-10T13:24:37,4900.0,14.25,B
2021-06-10T13:24:28,5000.0,14.25,B
2021-06-10T13:24:26,100.0,14.25,B
2021-06-10T13:23:27,100.0,14.3,B
2021-06-10T13:23:25,50000.0,14.2,S
2021-06-10T13:23:10,4900.0,14.25,B
2021-06-10T13:22:39,1400.0,14.2,B
2021-06-10T13:22:27,1000.0,14.2,B
2021-06-10T13:22:20,14300.0,14.2,B
2021-06-10T13:21:55,3000.0,14.0,S
2021-06-10T13:21:53,5000.0,14.1,B
2021-06-10T13:21:44,4500.0,14.0,S
2021-06-10T13:21:39,5000.0,14.1,B
2021-06-10T13:21:33,1000.0,14.1,S
2021-06-10T13:21:32,1000.0,14.1,S
2021-06-10T13:21:19,1000.0,14.1,S
2021-06-10T13:21:19,1000.0,14.1,S
2021-06-10T13:21:17,10000.0,14.1,S
2021-06-10T13:21:06,2200.0,14.1,S
2021-06-10T13:21:06,10300.0,14.1,S
2021-06-10T13:21:06,1500.0,14.1,S
2021-06-10T13:21:06,1200.0,14.1,S
2021-06-10T13:21:05,5500.0,14.1,S
2021-06-10T13:21:04,6800.0,14.15,S
2021-06-10T13:20:46,100.0,14.25,B
2021-06-10T13:20:43,300.0,14.15,S
2021-06-10T13:20:31,5000.0,14.15,S
2021-06-10T13:20:31,100.0,14.15,S
2021-06-10T13:20:31,31000.0,14.15,S
2021-06-10T13:20:31,13900.0,14.15,S
2021-06-10T13:20:29,20000.0,14.2,B
2021-06-10T13:19:30,300.0,14.2,S
2021-06-10T13:19:24,400.0,14.2,S
2021-06-10T13:19:20,200.0,14.25,S
2021-06-10T13:19:15,50000.0,14.15,S
2021-06-10T13:18:58,18300.0,14.2,S
2021-06-10T13:18:58,11200.0,14.2,S
2021-06-10T13:18:58,3000.0,14.2,S
2021-06-10T13:18:58,8300.0,14.2,S
2021-06-10T13:18:58,100.0,14.2,S
2021-06-10T13:18:58,6100.0,14.2,S
2021-06-10T13:18:58,4700.0,14.2,S
2021-06-10T13:18:58,18700.0,14.25,S
2021-06-10T13:18:57,29600.0,14.25,S
2021-06-10T13:18:55,10000.0,14.25,S
2021-06-10T13:18:38,2200.0,14.25,S
2021-06-10T13:18:24,7700.0,14.25,S
2021-06-10T13:18:11,4000.0,14.25,S
2021-06-10T13:18:09,600.0,14.25,S
2021-06-10T13:18:02,15000.0,14.25,S
2021-06-10T13:17:37,500.0,14.25,S
2021-06-10T13:17:35,3900.0,14.25,S
2021-06-10T13:17:35,1000.0,14.25,S
2021-06-10T13:17:35,5100.0,14.25,S
2021-06-10T13:17:05,500.0,14.25,S
2021-06-10T13:16:44,600.0,14.3,B
2021-06-10T13:16:18,300.0,14.3,B
2021-06-10T13:15:10,400.0,14.3,S
2021-06-10T13:14:59,400.0,14.3,S
2021-06-10T13:14:55,30600.0,14.3,S
2021-06-10T13:14:53,700.0,14.25,S
2021-06-10T13:14:28,200.0,14.3,S
2021-06-10T13:13:56,1000.0,14.3,S
2021-06-10T13:12:48,100.0,14.3,S
2021-06-10T13:12:25,15600.0,14.3,S
2021-06-10T13:12:03,2500.0,14.3,S
2021-06-10T13:12:03,3500.0,14.3,S
2021-06-10T13:11:52,9300.0,14.3,S
2021-06-10T13:11:52,10200.0,14.3,S
2021-06-10T13:11:42,2000.0,14.3,S
2021-06-10T13:11:22,2500.0,14.3,S
2021-06-10T13:11:10,5000.0,14.3,S
2021-06-10T13:11:01,20000.0,14.3,S
2021-06-10T13:10:20,2500.0,14.3,S
2021-06-10T13:10:13,1000.0,14.3,S
2021-06-10T13:10:00,1900.0,14.3,S
2021-06-10T13:09:54,5800.0,14.3,S
2021-06-10T13:09:54,14200.0,14.3,S
2021-06-10T13:09:42,15000.0,14.3,S
2021-06-10T13:09:12,1300.0,14.3,S
2021-06-10T13:09:02,15000.0,14.3,S
2021-06-10T13:08:33,2900.0,14.35,B
2021-06-10T13:08:33,10000.0,14.35,B
2021-06-10T13:08:32,7100.0,14.35,B
2021-06-10T13:08:26,1500.0,14.3,S
2021-06-10T13:05:29,9900.0,14.3,S
2021-06-10T13:05:29,100.0,14.35,S
2021-06-10T13:05:28,800.0,14.35,S
2021-06-10T13:05:12,1200.0,14.35,S
2021-06-10T13:04:12,1100.0,14.35,S
2021-06-10T13:02:44,10000.0,14.4,B
2021-06-10T13:02:41,2000.0,14.4,B
2021-06-10T13:02:30,2000.0,14.35,S
2021-06-10T13:01:24,400.0,14.4,B
2021-06-10T13:01:14,9000.0,14.4,B
2021-06-10T13:00:42,600.0,14.4,B
2021-06-10T13:00:41,2400.0,14.4,B
2021-06-10T13:00:26,2600.0,14.4,B
2021-06-10T13:00:24,100.0,14.4,B
2021-06-10T13:00:21,12400.0,14.4,B
2021-06-10T13:00:21,2600.0,14.4,B
2021-06-10T13:00:19,500.0,14.35,S
2021-06-10T11:30:11,100.0,14.4,B
2021-06-10T11:29:19,300.0,14.35,S
2021-06-10T11:28:58,8300.0,14.4,B
2021-06-10T11:28:58,6200.0,14.4,B
2021-06-10T11:28:58,5500.0,14.4,B
2021-06-10T11:28:25,1000.0,14.35,S
2021-06-10T11:28:14,23200.0,14.35,S
2021-06-10T11:28:09,4600.0,14.35,B
2021-06-10T11:27:31,15400.0,14.35,S
2021-06-10T11:26:09,12000.0,14.4,B
2021-06-10T11:25:36,10000.0,14.4,B
2021-06-10T11:25:30,11000.0,14.4,B
2021-06-10T11:25:20,5000.0,14.35,S
2021-06-10T11:25:14,9600.0,14.35,S
2021-06-10T11:25:14,400.0,14.35,S
2021-06-10T11:24:51,2000.0,14.4,B
2021-06-10T11:24:35,5000.0,14.4,B
2021-06-10T11:24:34,1000.0,14.35,S
2021-06-10T11:24:03,5000.0,14.4,B
2021-06-10T11:23:45,100.0,14.4,B
2021-06-10T11:23:43,2000.0,14.35,S
2021-06-10T11:23:21,6600.0,14.35,S
2021-06-10T11:23:18,1000.0,14.35,S
2021-06-10T11:23:14,20000.0,14.4,B
2021-06-10T11:22:48,100.0,14.35,S
2021-06-10T11:20:55,100.0,14.4,B
2021-06-10T11:20:53,4500.0,14.35,S
2021-06-10T11:20:51,200.0,14.35,S
2021-06-10T11:20:14,14000.0,14.35,S
2021-06-10T11:20:00,5000.0,14.35,S
2021-06-10T11:19:01,100.0,14.4,B
2021-06-10T11:18:38,3200.0,14.35,S
2021-06-10T11:17:50,2200.0,14.35,S
2021-06-10T11:17:30,100.0,14.45,B
2021-06-10T11:16:32,2000.0,14.35,S
2021-06-10T11:16:25,1000.0,14.4,B
2021-06-10T11:16:22,5000.0,14.4,B
2021-06-10T11:16:08,400.0,14.4,B
2021-06-10T11:15:41,500.0,14.4,B
2021-06-10T11:14:28,1000.0,14.4,B
2021-06-10T11:14:21,3900.0,14.4,B
2021-06-10T11:14:10,100.0,14.35,S
2021-06-10T11:13:53,600.0,14.4,B
2021-06-10T11:13:28,1000.0,14.4,S
2021-06-10T11:13:07,100.0,14.45,B
2021-06-10T11:12:37,2100.0,14.4,B
2021-06-10T11:12:25,5000.0,14.4,B
2021-06-10T11:12:25,8500.0,14.4,B
2021-06-10T11:12:25,6500.0,14.4,B
2021-06-10T11:11:48,4900.0,14.4,B
2021-06-10T11:11:24,500.0,14.4,B
2021-06-10T11:11:04,100.0,14.4,B
2021-06-10T11:10:48,7900.0,14.35,B
2021-06-10T11:10:44,1000.0,14.35,B
2021-06-10T11:10:19,3000.0,14.35,B
2021-06-10T11:10:08,3000.0,14.35,B
2021-06-10T11:09:54,3000.0,14.35,B
2021-06-10T11:09:28,3000.0,14.35,B
2021-06-10T11:09:19,5000.0,14.35,B
2021-06-10T11:09:02,1000.0,14.35,B
2021-06-10T11:08:40,100.0,14.35,B
2021-06-10T11:07:53,100.0,14.35,B
2021-06-10T11:07:17,100.0,14.35,B
2021-06-10T11:07:16,4500.0,14.3,S
2021-06-10T11:07:05,1300.0,14.3,S
2021-06-10T11:07:03,100.0,14.35,B
2021-06-10T11:06:51,3900.0,14.3,S
2021-06-10T11:05:55,44800.0,14.3,B
2021-06-10T11:05:23,500.0,14.3,B
2021-06-10T11:05:11,500.0,14.3,B
2021-06-10T11:05:10,1000.0,14.25,S
2021-06-10T11:05:04,2700.0,14.3,B
2021-06-10T11:05:04,2300.0,14.3,B
2021-06-10T11:04:30,5000.0,14.3,B
2021-06-10T11:04:29,1000.0,14.3,B
2021-06-10T11:04:08,100.0,14.25,S
2021-06-10T11:03:38,200.0,14.3,B
2021-06-10T11:03:26,200.0,14.3,B
2021-06-10T11:03:12,100.0,14.25,S
2021-06-10T11:03:11,1000.0,14.3,B
2021-06-10T11:02:57,2000.0,14.25,S
2021-06-10T11:02:37,400.0,14.25,S
2021-06-10T11:02:33,1000.0,14.3,B
2021-06-10T11:00:36,100.0,14.3,B
2021-06-10T11:00:24,100.0,14.25,S
2021-06-10T10:58:38,1100.0,14.3,B
2021-06-10T10:57:34,1200.0,14.2,S
2021-06-10T10:57:19,600.0,14.2,S
2021-06-10T10:57:19,18000.0,14.2,S
2021-06-10T10:57:19,400.0,14.2,S
2021-06-10T10:56:43,100.0,14.25,B
2021-06-10T10:56:42,7900.0,14.25,B
2021-06-10T10:56:41,7100.0,14.25,B
2021-06-10T10:56:16,4000.0,14.2,S
2021-06-10T10:56:13,100.0,14.25,B
2021-06-10T10:56:05,100.0,14.25,B
2021-06-10T10:56:01,1000.0,14.25,B
2021-06-10T10:55:53,5600.0,14.2,S
2021-06-10T10:55:53,4400.0,14.2,S
2021-06-10T10:55:39,7100.0,14.25,B
2021-06-10T10:55:36,100.0,14.25,B
2021-06-10T10:55:23,100.0,14.25,B
2021-06-10T10:55:23,8000.0,14.25,B
2021-06-10T10:55:21,5000.0,14.25,B
2021-06-10T10:55:07,3000.0,14.25,B
2021-06-10T10:55:05,100.0,14.2,S
2021-06-10T10:54:48,100.0,14.25,B
2021-06-10T10:54:36,900.0,14.2,S
2021-06-10T10:54:36,19100.0,14.2,S
2021-06-10T10:54:32,2000.0,14.25,B
2021-06-10T10:54:29,6700.0,14.25,B
2021-06-10T10:53:35,200.0,14.25,S
2021-06-10T10:53:32,3800.0,14.25,S
2021-06-10T10:53:23,20000.0,14.25,S
2021-06-10T10:52:57,1400.0,14.25,S
2021-06-10T10:52:29,100.0,14.3,B
2021-06-10T10:52:13,9800.0,14.25,S
2021-06-10T10:52:13,100.0,14.25,S
2021-06-10T10:52:07,10100.0,14.25,S
2021-06-10T10:51:57,200.0,14.25,S
2021-06-10T10:51:54,4800.0,14.3,B
2021-06-10T10:51:53,2100.0,14.25,S
2021-06-10T10:51:39,20000.0,14.25,S
2021-06-10T10:51:38,500.0,14.3,B
2021-06-10T10:51:36,5000.0,14.3,B
2021-06-10T10:51:26,10000.0,14.25,S
2021-06-10T10:50:40,2000.0,14.25,S
2021-06-10T10:50:34,7000.0,14.25,S
2021-06-10T10:50:28,8900.0,14.3,B
2021-06-10T10:50:11,100.0,14.3,S
2021-06-10T10:50:08,6000.0,14.3,S
2021-06-10T10:50:07,10000.0,14.3,S
2021-06-10T10:49:17,17000.0,14.25,S
2021-06-10T10:49:17,21000.0,14.25,S
2021-06-10T10:49:14,15600.0,14.3,B
2021-06-10T10:48:41,100.0,14.3,B
2021-06-10T10:48:17,3900.0,14.3,S
2021-06-10T10:48:17,7800.0,14.3,S
2021-06-10T10:48:17,2400.0,14.3,S
2021-06-10T10:48:17,4600.0,14.3,S
2021-06-10T10:48:16,6000.0,14.3,S
2021-06-10T10:48:16,4600.0,14.3,S
2021-06-10T10:47:52,20000.0,14.3,S
2021-06-10T10:47:49,5000.0,14.35,B
2021-06-10T10:47:44,200.0,14.3,S
2021-06-10T10:47:11,100.0,14.35,B
2021-06-10T10:47:01,300.0,14.35,B
2021-06-10T10:46:55,3300.0,14.35,B
2021-06-10T10:46:55,200.0,14.35,B
2021-06-10T10:46:18,9800.0,14.35,S
2021-06-10T10:46:05,100.0,14.35,S
2021-06-10T10:45:38,100.0,14.35,B
2021-06-10T10:44:49,21000.0,14.4,B
2021-06-10T10:43:06,20000.0,14.35,B
2021-06-10T10:43:01,200.0,14.35,B
2021-06-10T10:42:59,300.0,14.35,B
2021-06-10T10:42:52,2400.0,14.3,S
2021-06-10T10:42:38,1000.0,14.35,B
2021-06-10T10:42:31,5000.0,14.35,S
2021-06-10T10:42:18,6200.0,14.35,S
2021-06-10T10:41:59,1000.0,14.35,S
2021-06-10T10:41:38,1500.0,14.35,S
2021-06-10T10:41:33,400.0,14.35,S
2021-06-10T10:41:05,300.0,14.35,S
2021-06-10T10:40:51,200.0,14.35,S
2021-06-10T10:40:42,1500.0,14.35,B
2021-06-10T10:40:03,3000.0,14.3,S
2021-06-10T10:39:59,1000.0,14.3,S
2021-06-10T10:39:58,500.0,14.35,B
2021-06-10T10:39:32,6300.0,14.3,S
2021-06-10T10:39:32,12900.0,14.3,S
2021-06-10T10:39:14,19200.0,14.35,B
2021-06-10T10:38:50,500.0,14.3,S
2021-06-10T10:38:40,500.0,14.35,S
2021-06-10T10:38:20,500.0,14.35,B
2021-06-10T10:38:15,500.0,14.35,S
2021-06-10T10:37:13,5000.0,14.35,S
2021-06-10T10:36:51,4500.0,14.35,S
2021-06-10T10:36:47,4700.0,14.3,S
2021-06-10T10:36:44,3800.0,14.4,B
2021-06-10T10:36:20,700.0,14.35,B
2021-06-10T10:35:21,4000.0,14.3,S
2021-06-10T10:35:10,3000.0,14.3,S
2021-06-10T10:35:05,1500.0,14.3,S
2021-06-10T10:35:01,8100.0,14.3,S
2021-06-10T10:35:01,1000.0,14.3,S
2021-06-10T10:35:01,900.0,14.3,S
2021-06-10T10:35:00,500.0,14.3,S
2021-06-10T10:34:56,100.0,14.3,S
2021-06-10T10:34:54,1500.0,14.3,S
2021-06-10T10:34:39,5000.0,14.3,S
2021-06-10T10:34:39,500.0,14.35,S
2021-06-10T10:34:32,10000.0,14.35,S
2021-06-10T10:34:04,5000.0,14.35,S
2021-06-10T10:34:00,2000.0,14.35,S
2021-06-10T10:33:00,5000.0,14.4,B
2021-06-10T10:32:47,600.0,14.35,S
2021-06-10T10:29:55,1000.0,14.4,B
2021-06-10T10:29:07,7000.0,14.3,S
2021-06-10T10:28:37,10000.0,14.45,B
2021-06-10T10:28:14,1000.0,14.45,B
2021-06-10T10:27:22,1000.0,14.45,B
2021-06-10T10:27:13,10000.0,14.45,S
2021-06-10T10:26:41,14400.0,14.5,B
2021-06-10T10:26:41,11100.0,14.5,B
2021-06-10T10:26:41,4200.0,14.5,B
2021-06-10T10:26:28,15000.0,14.3,S
2021-06-10T10:26:12,4500.0,14.35,S
2021-06-10T10:25:49,800.0,14.5,B
2021-06-10T10:25:03,1500.0,14.5,S
2021-06-10T10:24:48,9500.0,14.5,S
2021-06-10T10:24:16,2400.0,14.6,B
2021-06-10T10:24:06,2000.0,14.5,S
2021-06-10T10:23:34,2000.0,14.5,B
2021-06-10T10:23:20,15200.0,14.5,B
2021-06-10T10:23:18,200.0,14.5,B
2021-06-10T10:23:14,1300.0,14.25,S
2021-06-10T10:23:14,15400.0,14.25,S
2021-06-10T10:23:14,9500.0,14.25,S
2021-06-10T10:23:14,4600.0,14.25,S
2021-06-10T10:23:14,10000.0,14.25,S
2021-06-10T10:23:14,5700.0,14.3,S
2021-06-10T10:23:14,10000.0,14.3,S
2021-06-10T10:23:14,10000.0,14.3,S
2021-06-10T10:23:14,26700.0,14.3,S
2021-06-10T10:23:14,11400.0,14.3,S
2021-06-10T10:23:13,5400.0,14.35,S
2021-06-10T10:22:05,10000.0,14.6,B
2021-06-10T10:21:30,6400.0,14.3,S
2021-06-10T10:21:30,8600.0,14.35,S
2021-06-10T10:21:29,1100.0,14.55,B
2021-06-10T10:21:28,5300.0,14.55,B
2021-06-10T10:21:02,100.0,14.5,S
2021-06-10T10:21:02,3200.0,14.55,B
2021-06-10T10:21:01,1800.0,14.55,B
2021-06-10T10:20:57,2000.0,14.5,S
2021-06-10T10:20:53,5000.0,14.5,S
2021-06-10T10:20:45,700.0,14.5,S
2021-06-10T10:20:44,1000.0,14.5,S
2021-06-10T10:20:36,4000.0,14.5,S
2021-06-10T10:20:28,200.0,14.5,S
2021-06-10T10:20:25,3200.0,14.5,S
2021-06-10T10:20:22,100.0,14.5,S
2021-06-10T10:20:12,1000.0,14.5,S
2021-06-10T10:20:12,100.0,14.5,S
2021-06-10T10:20:10,3300.0,14.5,S
2021-06-10T10:20:07,1600.0,14.55,B
2021-06-10T10:20:04,100.0,14.5,S
2021-06-10T10:19:47,500.0,14.5,S
2021-06-10T10:19:28,100.0,14.5,S
2021-06-10T10:19:25,500.0,14.5,S
2021-06-10T10:19:11,5000.0,14.5,S
2021-06-10T10:19:06,800.0,14.5,S
2021-06-10T10:18:26,10000.0,14.5,S
2021-06-10T10:18:12,13300.0,14.5,S
2021-06-10T10:17:02,40900.0,14.3,S
2021-06-10T10:17:02,400.0,14.4,S
2021-06-10T10:17:02,11700.0,14.45,S
2021-06-10T10:17:02,13600.0,14.5,S
2021-06-10T10:17:02,33400.0,14.5,S
2021-06-10T10:16:34,10000.0,14.55,S
2021-06-10T10:16:32,200.0,14.6,S
2021-06-10T10:16:30,300.0,14.6,S
2021-06-10T10:16:21,500.0,14.6,S
2021-06-10T10:16:16,100.0,14.6,S
2021-06-10T10:15:55,100.0,14.6,S
2021-06-10T10:15:55,500.0,14.6,S
2021-06-10T10:15:32,1000.0,14.6,S
2021-06-10T10:15:31,1000.0,14.6,S
2021-06-10T10:15:27,3900.0,14.6,S
2021-06-10T10:15:17,2000.0,14.6,S
2021-06-10T10:15:10,1000.0,14.6,S
2021-06-10T10:15:09,100.0,14.6,S
2021-06-10T10:14:56,2900.0,14.55,S
2021-06-10T10:14:50,500.0,14.6,B
2021-06-10T10:14:50,2500.0,14.6,B
2021-06-10T10:14:50,4200.0,14.6,B
2021-06-10T10:14:50,100.0,14.6,B
2021-06-10T10:14:50,6400.0,14.6,B
2021-06-10T10:14:50,200.0,14.6,B
2021-06-10T10:14:50,600.0,14.6,B
2021-06-10T10:14:50,3000.0,14.6,B
2021-06-10T10:14:50,500.0,14.6,B
2021-06-10T10:14:50,600.0,14.6,B
2021-06-10T10:14:50,1300.0,14.6,B
2021-06-10T10:14:50,5500.0,14.6,B
2021-06-10T10:14:49,300.0,14.55,S
2021-06-10T10:14:31,300.0,14.55,S
2021-06-10T10:14:20,800.0,14.55,S
2021-06-10T10:13:58,5000.0,14.55,S
2021-06-10T10:13:58,100.0,14.55,S
2021-06-10T10:13:18,900.0,14.55,S
2021-06-10T10:13:06,1000.0,14.55,B
2021-06-10T10:13:03,2500.0,14.55,B
2021-06-10T10:13:00,2200.0,14.5,S
2021-06-10T10:12:52,2000.0,14.5,S
2021-06-10T10:12:51,1000.0,14.5,S
2021-06-10T10:12:41,500.0,14.5,S
2021-06-10T10:12:41,9900.0,14.55,B
2021-06-10T10:12:30,500.0,14.5,S
2021-06-10T10:12:27,9000.0,14.55,B
2021-06-10T10:12:24,2000.0,14.5,S
2021-06-10T10:12:20,2000.0,14.5,S
2021-06-10T10:12:14,900.0,14.5,S
2021-06-10T10:12:03,100.0,14.55,B
2021-06-10T10:11:58,900.0,14.5,S
2021-06-10T10:11:57,10000.0,14.55,B
2021-06-10T10:11:39,900.0,14.55,B
2021-06-10T10:11:31,4000.0,14.5,S
2021-06-10T10:11:18,3000.0,14.5,S
2021-06-10T10:11:11,200.0,14.55,B
2021-06-10T10:10:31,7700.0,14.55,S
2021-06-10T10:10:20,200.0,14.55,S
2021-06-10T10:10:16,1300.0,14.55,S
2021-06-10T10:10:16,500.0,14.55,S
2021-06-10T10:09:52,4000.0,14.55,S
2021-06-10T10:09:50,100.0,14.55,S
2021-06-10T10:09:50,200.0,14.55,S
2021-06-10T10:09:34,8300.0,14.5,S
2021-06-10T10:09:34,3000.0,14.5,S
2021-06-10T10:09:34,29800.0,14.5,S
2021-06-10T10:09:34,6500.0,14.55,S
2021-06-10T10:09:34,400.0,14.55,S
2021-06-10T10:09:34,2000.0,14.55,S
2021-06-10T10:09:20,2000.0,14.55,S
2021-06-10T10:09:05,100.0,14.55,S
2021-06-10T10:08:48,4000.0,14.55,S
2021-06-10T10:08:35,600.0,14.55,S
2021-06-10T10:08:07,200.0,14.55,S
2021-06-10T10:07:41,200.0,14.6,B
2021-06-10T10:07:38,5000.0,14.55,S
2021-06-10T10:07:26,1100.0,14.55,S
2021-06-10T10:07:03,2000.0,14.55,S
2021-06-10T10:06:51,3700.0,14.6,B
2021-06-10T10:06:50,3300.0,14.55,S
2021-06-10T10:06:48,900.0,14.6,B
2021-06-10T10:06:48,100.0,14.6,B
2021-06-10T10:06:43,1000.0,14.6,B
2021-06-10T10:06:35,2000.0,14.55,S
2021-06-10T10:06:19,8700.0,14.55,B
2021-06-10T10:05:55,1000.0,14.55,B
2021-06-10T10:05:50,1000.0,14.55,B
2021-06-10T10:05:30,500.0,14.55,B
2021-06-10T10:05:20,2000.0,14.55,B
2021-06-10T10:04:54,200.0,14.5,S
2021-06-10T10:04:40,2200.0,14.55,B
2021-06-10T10:04:40,2100.0,14.5,B
2021-06-10T10:04:40,1000.0,14.45,S
2021-06-10T10:03:35,1000.0,14.45,S
2021-06-10T10:03:24,2200.0,14.55,B
2021-06-10T10:03:24,4000.0,14.55,B
2021-06-10T10:03:24,3100.0,14.55,B
2021-06-10T10:02:50,21100.0,14.5,B
2021-06-10T10:02:50,1000.0,14.5,B
2021-06-10T10:02:50,12900.0,14.5,B
2021-06-10T10:02:25,200.0,14.45,S
2021-06-10T10:02:22,3000.0,14.5,B
2021-06-10T10:02:11,100.0,14.45,S
2021-06-10T10:02:05,1100.0,14.45,S
2021-06-10T10:01:48,200.0,14.45,B
2021-06-10T10:01:34,700.0,14.45,B
2021-06-10T10:01:22,2300.0,14.45,B
2021-06-10T10:01:05,1700.0,14.45,S
2021-06-10T10:01:01,10000.0,14.5,B
2021-06-10T10:00:54,1000.0,14.45,S
2021-06-10T10:00:43,5000.0,14.45,S
2021-06-10T10:00:39,3000.0,14.5,B
2021-06-10T10:00:35,2000.0,14.45,S
2021-06-10T09:59:40,1000.0,14.45,B
2021-06-10T09:59:38,600.0,14.5,B
2021-06-10T09:59:35,1300.0,14.5,B
2021-06-10T09:59:35,100.0,14.5,B
2021-06-10T09:59:35,5000.0,14.5,B
2021-06-10T09:59:35,200.0,14.5,B
2021-06-10T09:59:35,13400.0,14.5,B
2021-06-10T09:59:34,1100.0,14.5,B
2021-06-10T09:59:08,13800.0,14.5,B
2021-06-10T09:59:08,2000.0,14.5,B
2021-06-10T09:59:08,25100.0,14.5,B
2021-06-10T09:59:08,21300.0,14.5,B
2021-06-10T09:58:54,1000.0,14.5,B
2021-06-10T09:58:54,100.0,14.5,B
2021-06-10T09:58:50,100.0,14.45,B
2021-06-10T09:58:46,1000.0,14.45,B
2021-06-10T09:58:46,5000.0,14.5,B
2021-06-10T09:58:10,100.0,14.45,B
2021-06-10T09:58:10,5000.0,14.45,B
2021-06-10T09:57:43,100.0,14.4,S
2021-06-10T09:57:38,5000.0,14.45,B
2021-06-10T09:57:28,5000.0,14.45,B
2021-06-10T09:57:25,5000.0,14.4,S
2021-06-10T09:57:17,100.0,14.45,B
2021-06-10T09:57:14,800.0,14.4,S
2021-06-10T09:57:14,200.0,14.4,S
2021-06-10T09:57:11,100.0,14.4,S
2021-06-10T09:56:32,500.0,14.4,B
2021-06-10T09:55:59,1000.0,14.4,B
2021-06-10T09:55:59,8200.0,14.4,B
2021-06-10T09:55:09,10000.0,14.4,B
2021-06-10T09:55:08,100.0,14.3,S
2021-06-10T09:55:05,600.0,14.4,B
2021-06-10T09:54:39,2000.0,14.3,S
2021-06-10T09:54:12,300.0,14.4,B
2021-06-10T09:53:50,2600.0,14.3,S
2021-06-10T09:53:21,200.0,14.3,S
2021-06-10T09:52:25,2000.0,14.3,S
2021-06-10T09:51:34,400.0,14.3,S
2021-06-10T09:51:09,3000.0,14.2,S
2021-06-10T09:50:50,2000.0,14.4,B
2021-06-10T09:50:38,5000.0,14.2,S
2021-06-10T09:50:17,2200.0,14.25,S
2021-06-10T09:50:03,100.0,14.3,B
2021-06-10T09:49:32,1000.0,14.3,B
2021-06-10T09:49:27,500.0,14.3,B
2021-06-10T09:49:17,200.0,14.3,B
2021-06-10T09:49:17,8200.0,14.3,B
2021-06-10T09:49:04,1000.0,14.2,S
2021-06-10T09:49:03,700.0,14.2,S
2021-06-10T09:48:52,1000.0,14.3,B
2021-06-10T09:48:47,3500.0,14.3,B
2021-06-10T09:48:33,10000.0,14.3,B
2021-06-10T09:47:48,7000.0,14.2,S
2021-06-10T09:47:39,700.0,14.2,S
2021-06-10T09:47:33,20000.0,14.2,S
2021-06-10T09:47:32,5000.0,14.3,B
2021-06-10T09:47:20,2000.0,14.2,S
2021-06-10T09:47:04,1000.0,14.2,S
2021-06-10T09:47:04,19000.0,14.2,S
2021-06-10T09:46:12,2500.0,14.2,S
2021-06-10T09:46:05,100.0,14.25,S
2021-06-10T09:45:47,1000.0,14.3,B
2021-06-10T09:45:13,2500.0,14.2,S
2021-06-10T09:45:13,2000.0,14.2,S
2021-06-10T09:45:12,3600.0,14.2,S
2021-06-10T09:45:03,3000.0,14.2,S
2021-06-10T09:45:03,1000.0,14.25,S
2021-06-10T09:45:01,200.0,14.3,B
2021-06-10T09:44:15,6600.0,14.2,S
2021-06-10T09:44:15,3400.0,14.2,S
2021-06-10T09:43:10,100.0,14.3,B
2021-06-10T09:43:06,147600.0,14.2,S
2021-06-10T09:43:06,6600.0,14.2,S
2021-06-10T09:43:06,7800.0,14.2,S
2021-06-10T09:43:06,9000.0,14.2,S
2021-06-10T09:43:06,7000.0,14.2,S
2021-06-10T09:43:06,22000.0,14.25,S
2021-06-10T09:42:51,300.0,14.3,B
2021-06-10T09:42:44,100.0,14.3,B
2021-06-10T09:42:41,3000.0,14.3,B
2021-06-10T09:42:16,1000.0,14.3,B
2021-06-10T09:41:47,1600.0,14.3,B
2021-06-10T09:41:47,200.0,14.3,B
2021-06-10T09:41:46,200.0,14.3,B
2021-06-10T09:41:30,500.0,14.4,B
2021-06-10T09:41:19,4800.0,14.3,B
2021-06-10T09:41:06,1000.0,14.3,B
2021-06-10T09:41:05,4200.0,14.3,B
2021-06-10T09:40:48,1200.0,14.4,B
2021-06-10T09:40:41,100.0,14.3,B
2021-06-10T09:40:41,700.0,14.3,B
2021-06-10T09:40:33,2000.0,14.3,B
2021-06-10T09:40:16,300.0,14.3,S
2021-06-10T09:40:16,4700.0,14.3,S
2021-06-10T09:40:13,10000.0,14.3,S
2021-06-10T09:40:10,3400.0,14.3,S
2021-06-10T09:40:09,5000.0,14.3,S
2021-06-10T09:40:07,100.0,14.3,S
2021-06-10T09:40:06,2000.0,14.3,S
2021-06-10T09:40:00,1000.0,14.3,S
2021-06-10T09:40:00,2300.0,14.3,S
2021-06-10T09:40:00,100.0,14.3,S
2021-06-10T09:40:00,21400.0,14.3,S
2021-06-10T09:39:50,30000.0,14.3,S
2021-06-10T09:39:48,3000.0,14.3,S
2021-06-10T09:39:46,1000.0,14.3,S
2021-06-10T09:39:26,15500.0,14.3,S
2021-06-10T09:39:26,8000.0,14.3,S
2021-06-10T09:39:26,3000.0,14.3,S
2021-06-10T09:39:26,2300.0,14.4,S
2021-06-10T09:39:26,1200.0,14.4,S
2021-06-10T09:39:07,3600.0,14.45,S
2021-06-10T09:38:59,1000.0,14.5,S
2021-06-10T09:38:51,30000.0,14.4,S
2021-06-10T09:38:49,2200.0,14.5,S
2021-06-10T09:38:47,500.0,14.5,S
2021-06-10T09:38:42,300.0,14.5,S
2021-06-10T09:38:37,50000.0,14.4,S
2021-06-10T09:38:34,100.0,14.5,S
2021-06-10T09:38:31,6400.0,14.5,S
2021-06-10T09:38:31,500.0,14.5,S
2021-06-10T09:37:55,2900.0,14.5,S
2021-06-10T09:37:55,2100.0,14.5,S
2021-06-10T09:37:41,3000.0,14.5,S
2021-06-10T09:37:38,100.0,14.6,S
2021-06-10T09:37:35,400.0,14.6,S
2021-06-10T09:37:35,2500.0,14.6,S
2021-06-10T09:37:30,300.0,14.6,S
2021-06-10T09:37:30,2000.0,14.6,S
2021-06-10T09:37:30,2300.0,14.6,S
2021-06-10T09:37:09,500.0,14.5,S
2021-06-10T09:37:06,1000.0,14.5,S
2021-06-10T09:37:03,2200.0,14.55,S
2021-06-10T09:37:02,300.0,14.55,S
2021-06-10T09:36:50,200.0,14.55,S
2021-06-10T09:36:46,1500.0,14.55,S
2021-06-10T09:36:41,800.0,14.6,S
2021-06-10T09:36:32,1000.0,14.5,S
2021-06-10T09:36:28,100.0,14.55,S
2021-06-10T09:36:23,1000.0,14.5,S
2021-06-10T09:36:21,1000.0,14.6,S
2021-06-10T09:36:07,6700.0,14.5,S
2021-06-10T09:36:07,1000.0,14.5,S
2021-06-10T09:36:06,42300.0,14.5,S
2021-06-10T09:36:06,1100.0,14.55,S
2021-06-10T09:35:58,900.0,14.55,S
2021-06-10T09:35:56,2500.0,14.55,S
2021-06-10T09:35:41,6000.0,14.55,S
2021-06-10T09:35:21,39800.0,14.55,S
2021-06-10T09:35:21,2200.0,14.55,S
2021-06-10T09:35:20,8000.0,14.6,S
2021-06-10T09:35:12,500.0,14.65,S
2021-06-10T09:34:30,600.0,14.7,B
2021-06-10T09:34:22,300.0,14.7,B
2021-06-10T09:33:46,100.0,14.7,B
2021-06-10T09:33:38,500.0,14.55,S
2021-06-10T09:33:30,2200.0,14.75,B
2021-06-10T09:33:30,4000.0,14.75,B
2021-06-10T09:33:30,3100.0,14.7,B
2021-06-10T09:33:04,1100.0,14.7,S
2021-06-10T09:32:45,100.0,14.7,S
2021-06-10T09:32:28,6900.0,14.55,S
2021-06-10T09:32:27,50000.0,14.55,S
2021-06-10T09:31:52,20000.0,14.7,S
2021-06-10T09:31:32,1200.0,14.8,B
2021-06-10T09:31:32,1500.0,14.8,B
2021-06-10T09:31:32,500.0,14.8,B
2021-06-10T09:31:32,7200.0,14.8,B
2021-06-10T09:31:32,1000.0,14.8,B
2021-06-10T09:31:32,18600.0,14.8,B
2021-06-10T09:31:29,2500.0,14.75,S
2021-06-10T09:31:13,9600.0,14.75,S
2021-06-10T09:31:12,20000.0,14.75,S
2021-06-10T09:31:09,300.0,14.75,S
2021-06-10T09:31:06,1200.0,14.8,B
2021-06-10T09:31:06,1800.0,14.75,S
2021-06-10T09:30:52,200.0,14.75,S
2021-06-10T09:30:51,200.0,14.8,B
2021-06-10T09:30:45,20000.0,14.75,S
2021-06-10T09:30:40,100.0,14.75,S
2021-06-10T09:30:39,100.0,14.8,B
2021-06-10T09:30:37,1000.0,14.75,S
2021-06-10T09:30:34,14000.0,14.8,B
2021-06-10T09:30:34,100.0,14.8,B
2021-06-10T09:30:34,300.0,14.8,B
2021-06-10T09:30:33,22500.0,14.8,B
2021-06-10T09:30:28,200.0,14.75,S
2021-06-10T09:30:28,1800.0,14.75,S
2021-06-10T09:30:26,2500.0,14.75,S
2021-06-10T09:30:24,12000.0,14.75,S
2021-06-10T09:30:23,100.0,14.75,S
2021-06-10T09:30:15,500.0,14.75,B
2021-06-10T09:30:14,100.0,14.75,B
2021-06-10T09:30:09,5400.0,14.75,B
2021-06-10T09:30:04,2000.0,14.7,S
2021-06-10T09:30:02,30000.0,14.55,S
2021-06-10T09:30:02,800.0,14.7,S
2021-06-10T09:29:48,200.0,14.7,S
2021-06-10T09:29:36,100.0,14.75,B
2021-06-10T09:29:30,200.0,14.75,B
2021-06-10T09:29:30,500.0,14.75,B
2021-06-10T09:29:30,3300.0,14.75,B
2021-06-10T09:29:28,16800.0,14.7,S
2021-06-10T09:29:22,3000.0,14.75,B
2021-06-10T09:29:12,13200.0,14.7,S
2021-06-10T09:29:12,400.0,14.7,S
2021-06-10T09:29:11,16400.0,14.7,S
2021-06-10T09:29:03,200.0,14.7,S
2021-06-10T09:29:02,100.0,14.7,S
2021-06-10T09:28:54,2500.0,14.7,S
2021-06-10T09:28:53,1300.0,14.7,S
2021-06-10T09:28:53,1700.0,14.7,S
2021-06-10T09:28:47,2000.0,14.7,S
2021-06-10T09:28:41,200.0,14.7,S
2021-06-10T09:28:41,1500.0,14.7,S
2021-06-10T09:28:39,200.0,14.7,S
2021-06-10T09:28:37,100.0,14.7,S
2021-06-10T09:28:34,3000.0,14.7,S
2021-06-10T09:28:34,1500.0,14.7,S
2021-06-10T09:28:22,10000.0,14.7,S
2021-06-10T09:28:12,5000.0,14.7,B
2021-06-10T09:28:12,1000.0,14.7,B
2021-06-10T09:28:03,1000.0,14.7,B
2021-06-10T09:27:46,200.0,14.7,B
2021-06-10T09:27:42,8800.0,14.8,B
2021-06-10T09:27:41,200.0,14.7,B
2021-06-10T09:27:29,4400.0,14.7,B
2021-06-10T09:27:29,3600.0,14.7,B
2021-06-10T09:27:27,100.0,14.7,B
2021-06-10T09:27:26,5000.0,14.7,B
2021-06-10T09:27:13,300.0,14.7,B
2021-06-10T09:27:13,900.0,14.8,B
2021-06-10T09:27:13,9900.0,14.8,B
2021-06-10T09:27:13,10000.0,14.8,B
2021-06-10T09:27:13,9200.0,14.8,B
2021-06-10T09:27:10,9000.0,14.7,B
2021-06-10T09:27:09,2000.0,14.7,B
2021-06-10T09:27:01,50000.0,14.8,B
2021-06-10T09:26:48,4500.0,14.7,B
2021-06-10T09:26:36,8000.0,14.7,B
2021-06-10T09:26:35,5000.0,14.7,B
2021-06-10T09:26:34,10000.0,14.6,S
2021-06-10T09:26:18,10000.0,14.7,B
2021-06-10T09:26:11,5000.0,14.6,B
2021-06-10T09:26:11,100.0,14.7,B
2021-06-10T09:25:57,4800.0,14.7,B
2021-06-10T09:25:57,500.0,14.7,B
2021-06-10T09:25:56,1800.0,14.8,B
2021-06-10T09:25:45,200.0,14.7,B
2021-06-10T09:25:35,100.0,14.7,B
2021-06-10T09:25:29,200.0,14.7,B
2021-06-10T09:25:21,100.0,14.7,B
2021-06-10T09:25:19,700.0,14.7,B
2021-06-10T09:25:17,100.0,14.7,B
2021-06-10T09:25:12,8300.0,14.7,B
2021-06-10T09:25:05,100.0,14.55,S
2021-06-10T09:25:04,1000.0,14.6,B
2021-06-10T09:25:00,900.0,14.6,B
2021-06-10T09:24:56,4500.0,14.8,B
2021-06-10T09:24:56,2800.0,14.8,B
2021-06-10T09:24:56,12700.0,14.7,B
2021-06-10T09:24:55,100.0,14.6,B
2021-06-10T09:24:50,2100.0,14.7,B
2021-06-10T09:24:50,2500.0,14.7,B
2021-06-10T09:24:50,3000.0,14.7,B
2021-06-10T09:24:49,4400.0,14.7,B
2021-06-10T09:24:47,4000.0,14.6,B
2021-06-10T09:24:47,11000.0,14.6,B
2021-06-10T09:24:44,1000.0,14.55,S
2021-06-10T09:24:28,100.0,14.6,B
2021-06-10T09:24:06,3000.0,14.6,B
2021-06-10T09:23:36,1000.0,14.6,B
2021-06-10T09:23:35,2000.0,14.55,B
2021-06-10T09:23:30,1500.0,14.6,B
2021-06-10T09:23:28,100.0,14.55,B
2021-06-10T09:23:27,3000.0,14.55,B
2021-06-10T09:23:26,1000.0,14.55,B
2021-06-10T09:23:18,1000.0,14.6,B
2021-06-10T09:22:59,8900.0,14.55,B
2021-06-10T09:22:57,2000.0,14.5,S
2021-06-10T09:22:54,300.0,14.5,S
2021-06-10T09:22:53,500.0,14.55,B
2021-06-10T09:22:51,4000.0,14.5,S
2021-06-10T09:22:44,3300.0,14.5,B
2021-06-10T09:22:42,2000.0,14.45,S
2021-06-10T09:22:41,3700.0,14.5,B
2021-06-10T09:22:40,2000.0,14.55,B
2021-06-10T09:22:34,1300.0,14.5,B
2021-06-10T09:22:34,700.0,14.5,B
2021-06-10T09:22:34,700.0,14.5,B
2021-06-10T09:22:34,500.0,14.5,B
2021-06-10T09:22:34,100.0,14.5,B
2021-06-10T09:22:21,1800.0,14.5,B
2021-06-10T09:21:55,1000.0,14.5,B
2021-06-10T09:21:50,200.0,14.45,S
2021-06-10T09:21:15,2000.0,14.5,B
2021-06-10T09:21:12,7200.0,14.5,B
2021-06-10T09:21:12,5000.0,14.5,B
2021-06-10T09:21:12,1100.0,14.5,B
2021-06-10T09:21:12,500.0,14.5,B
2021-06-10T09:21:12,1100.0,14.5,B
2021-06-10T09:21:12,500.0,14.5,B
2021-06-10T09:21:12,700.0,14.5,B
2021-06-10T09:21:12,3900.0,14.45,B
2021-06-10T09:20:50,200.0,14.4,S
2021-06-10T09:20:37,100.0,14.4,S
2021-06-10T09:20:15,200.0,14.4,B
2021-06-10T09:20:15,100.0,14.4,B
2021-06-10T09:20:13,3000.0,14.4,B
2021-06-10T09:20:09,200.0,14.4,B
2021-06-10T09:20:09,100.0,14.3,S
2021-06-10T09:20:06,5000.0,14.4,B
2021-06-10T09:20:04,20000.0,14.4,B
2021-06-10T09:20:02,1900.0,14.3,S
2021-06-10T09:19:52,20000.0,14.4,B
2021-06-10T09:19:44,5000.0,14.3,S
2021-06-10T09:19:36,5000.0,14.4,B
2021-06-10T09:19:10,200.0,14.3,B
2021-06-10T09:19:10,5000.0,14.4,B
2021-06-10T09:19:04,50000.0,14.4,B
2021-06-10T09:19:04,5000.0,14.3,B
2021-06-10T09:18:54,3000.0,14.3,B
2021-06-10T09:18:51,1400.0,14.3,B
2021-06-10T09:18:42,2000.0,14.3,B
2021-06-10T09:18:40,3800.0,14.3,B
2021-06-10T09:18:40,1200.0,14.3,B
2021-06-10T09:18:35,2500.0,14.2,S
2021-06-10T09:18:12,21000.0,14.3,B
2021-06-10T09:18:04,200.0,14.3,B
2021-06-10T09:17:48,200.0,14.2,S
2021-06-10T09:17:44,100.0,14.2,S
2021-06-10T09:17:19,3000.0,14.3,B
2021-06-10T09:17:13,5000.0,14.2,S
2021-06-10T09:16:53,3600.0,14.3,B
2021-06-10T09:16:31,4000.0,14.3,B
2021-06-10T09:16:10,1000.0,14.3,B
2021-06-10T09:15:38,3000.0,14.3,S
