tradingTime,volume,price,side
2021-06-10T14:27:10,1600.0,14.7,B
2021-06-10T14:25:54,100.0,14.7,B
2021-06-10T14:25:41,1000.0,14.6,S
2021-06-10T14:24:33,300.0,14.7,B
2021-06-10T14:24:22,1600.0,14.6,S
2021-06-10T14:17:45,300.0,14.7,B
2021-06-10T14:17:33,1600.0,14.6,B
2021-06-10T14:17:23,100.0,14.5,B
2021-06-10T14:17:22,8200.0,14.5,S
2021-06-10T14:17:01,400.0,14.6,S
2021-06-10T14:15:56,1100.0,14.6,S
2021-06-10T14:15:10,700.0,14.6,B
2021-06-10T14:14:48,40000.0,14.6,B
2021-06-10T14:13:02,30000.0,14.6,B
2021-06-10T14:12:19,1200.0,14.6,S
2021-06-10T14:07:04,1300.0,14.6,B
2021-06-10T14:06:51,1900.0,14.6,B
2021-06-10T14:06:41,3000.0,14.6,B
2021-06-10T14:06:35,2800.0,14.6,B
2021-06-10T14:04:54,300.0,14.6,S
2021-06-10T14:04:49,300.0,14.6,S
2021-06-10T14:02:20,300.0,14.7,B
2021-06-10T14:00:56,100.0,14.6,B
2021-06-10T14:00:46,3400.0,14.6,B
2021-06-10T14:00:33,2800.0,14.6,B
2021-06-10T14:00:21,3500.0,14.6,B
2021-06-10T14:00:12,5000.0,14.6,B
2021-06-10T14:00:03,4000.0,14.6,B
2021-06-10T13:57:35,2000.0,14.6,B
2021-06-10T13:57:34,1900.0,14.6,B
2021-06-10T13:57:22,3300.0,14.6,B
2021-06-10T13:57:04,3000.0,14.6,B
2021-06-10T13:56:56,6400.0,14.6,B
2021-06-10T13:56:46,2200.0,14.6,B
2021-06-10T13:56:34,900.0,14.6,S
2021-06-10T13:56:20,12100.0,14.6,B
2021-06-10T13:53:50,1200.0,14.6,B
2021-06-10T13:52:42,800.0,14.6,B
2021-06-10T13:51:56,15200.0,14.5,S
2021-06-10T13:51:44,300.0,14.6,B
2021-06-10T13:42:41,100.0,14.6,B
2021-06-10T13:41:53,34000.0,14.5,S
2021-06-10T13:40:08,500.0,14.6,B
2021-06-10T13:38:50,500.0,14.6,B
2021-06-10T13:38:26,2700.0,14.6,S
2021-06-10T13:36:52,300.0,14.7,B
2021-06-10T13:32:38,300.0,14.7,B
2021-06-10T13:24:24,300.0,14.7,B
2021-06-10T13:22:47,200.0,14.6,S
2021-06-10T13:22:33,100.0,14.6,S
2021-06-10T13:20:25,1900.0,14.7,B
2021-06-10T13:18:19,900.0,14.7,B
2021-06-10T13:17:57,2000.0,14.7,B
2021-06-10T13:17:37,1500.0,14.7,B
2021-06-10T13:07:28,800.0,14.7,B
2021-06-10T13:07:18,1300.0,14.7,B
2021-06-10T13:05:22,500.0,14.7,B
2021-06-10T13:05:00,5000.0,14.6,S
2021-06-10T13:04:54,1500.0,14.7,B
2021-06-10T13:03:52,2000.0,14.7,B
2021-06-10T13:03:08,2800.0,14.7,B
2021-06-10T13:02:59,3000.0,14.7,B
2021-06-10T13:02:42,1400.0,14.7,B
2021-06-10T13:00:54,1000.0,14.7,B
2021-06-10T13:00:02,100.0,14.7,B
2021-06-10T11:22:47,600.0,14.7,B
2021-06-10T11:22:29,600.0,14.6,B
2021-06-10T11:22:28,11400.0,14.6,S
2021-06-10T11:19:19,500.0,14.7,B
2021-06-10T11:10:15,100.0,14.7,S
2021-06-10T11:07:40,500.0,14.7,S
2021-06-10T11:07:04,500.0,14.7,S
2021-06-10T11:06:53,300.0,14.8,B
2021-06-10T11:06:37,4900.0,14.7,B
2021-06-10T11:00:22,1400.0,14.6,B
2021-06-10T11:00:05,500.0,14.6,B
2021-06-10T10:59:45,3100.0,14.6,S
2021-06-10T10:58:57,600.0,14.7,B
2021-06-10T10:54:49,300.0,14.7,B
2021-06-10T10:52:28,1000.0,14.7,B
2021-06-10T10:50:16,500.0,14.7,B
2021-06-10T10:47:43,400.0,14.7,B
2021-06-10T10:42:31,300.0,14.7,B
2021-06-10T10:41:53,200.0,14.7,B
2021-06-10T10:38:47,300.0,14.7,B
2021-06-10T10:38:03,1400.0,14.7,B
2021-06-10T10:36:51,1100.0,14.7,B
2021-06-10T10:36:41,900.0,14.7,B
2021-06-10T10:36:32,2800.0,14.6,B
2021-06-10T10:36:24,2200.0,14.6,S
2021-06-10T10:35:32,200.0,14.7,B
2021-06-10T10:34:38,1300.0,14.7,B
2021-06-10T10:34:27,1500.0,14.6,S
2021-06-10T10:32:41,1100.0,14.7,B
2021-06-10T10:32:24,600.0,14.6,S
2021-06-10T10:31:29,3000.0,14.6,S
2021-06-10T10:30:34,3000.0,14.6,S
2021-06-10T10:27:30,500.0,14.7,B
2021-06-10T10:27:20,2200.0,14.6,S
2021-06-10T10:26:46,800.0,14.7,B
2021-06-10T10:26:28,18000.0,14.6,S
2021-06-10T10:23:40,200.0,14.7,B
2021-06-10T10:19:25,2000.0,14.7,B
2021-06-10T10:18:27,1100.0,14.7,B
2021-06-10T10:17:09,3000.0,14.7,B
2021-06-10T10:17:04,200.0,14.7,B
2021-06-10T10:16:34,400.0,14.6,S
2021-06-10T10:15:55,800.0,14.7,B
2021-06-10T10:14:20,1100.0,14.7,B
2021-06-10T10:13:56,500.0,14.7,B
2021-06-10T10:12:23,3000.0,14.7,B
2021-06-10T10:12:00,3000.0,14.7,B
2021-06-10T10:09:30,2100.0,14.7,B
2021-06-10T10:07:03,6000.0,14.7,B
2021-06-10T10:05:41,400.0,14.7,B
2021-06-10T10:04:22,1900.0,14.8,B
2021-06-10T10:04:06,2000.0,14.8,B
2021-06-10T10:04:00,600.0,14.7,S
2021-06-10T10:03:55,300.0,14.8,B
2021-06-10T10:03:04,600.0,14.7,S
2021-06-10T10:02:57,1500.0,14.8,B
2021-06-10T10:02:41,400.0,14.7,S
2021-06-10T10:00:07,400.0,14.7,S
2021-06-10T09:59:41,400.0,14.8,B
2021-06-10T09:59:24,600.0,14.7,B
2021-06-10T09:58:14,5600.0,14.8,B
2021-06-10T09:56:50,3000.0,14.7,B
2021-06-10T09:56:25,1900.0,14.7,B
2021-06-10T09:56:01,2000.0,14.7,B
2021-06-10T09:54:49,800.0,14.7,B
2021-06-10T09:54:31,1600.0,14.7,B
2021-06-10T09:54:07,2000.0,14.7,B
2021-06-10T09:53:57,100.0,14.7,B
2021-06-10T09:53:48,600.0,14.7,B
2021-06-10T09:53:21,1300.0,14.7,B
2021-06-10T09:53:03,5000.0,14.7,B
2021-06-10T09:52:45,1500.0,14.7,B
2021-06-10T09:52:24,1900.0,14.7,B
2021-06-10T09:52:18,800.0,14.6,S
2021-06-10T09:51:54,2000.0,14.7,B
2021-06-10T09:51:16,2200.0,14.7,B
2021-06-10T09:50:15,400.0,14.7,B
2021-06-10T09:48:51,2200.0,14.7,B
2021-06-10T09:48:01,900.0,14.7,B
2021-06-10T09:47:47,100.0,14.7,B
2021-06-10T09:47:47,1500.0,14.7,B
2021-06-10T09:47:36,100.0,14.7,B
2021-06-10T09:47:15,700.0,14.7,B
2021-06-10T09:46:42,300.0,14.7,B
2021-06-10T09:46:36,500.0,14.7,B
2021-06-10T09:45:58,3000.0,14.7,B
2021-06-10T09:45:45,1900.0,14.7,B
2021-06-10T09:45:11,500.0,14.7,B
2021-06-10T09:44:35,300.0,14.7,B
2021-06-10T09:44:21,2300.0,14.6,B
2021-06-10T09:43:38,5300.0,14.6,B
2021-06-10T09:42:39,900.0,14.7,B
2021-06-10T09:40:29,1100.0,14.7,B
2021-06-10T09:40:15,2000.0,14.7,B
2021-06-10T09:39:43,900.0,14.7,B
2021-06-10T09:39:29,8700.0,14.6,S
2021-06-10T09:36:55,1900.0,14.7,B
2021-06-10T09:36:23,1000.0,14.7,B
2021-06-10T09:35:58,500.0,14.7,B
2021-06-10T09:35:14,1000.0,14.7,B
2021-06-10T09:34:12,2000.0,14.7,B
2021-06-10T09:34:02,1900.0,14.7,B
2021-06-10T09:33:25,700.0,14.7,B
2021-06-10T09:33:17,4500.0,14.6,S
2021-06-10T09:33:08,98000.0,14.5,S
2021-06-10T09:31:09,900.0,14.6,B
2021-06-10T09:30:34,2000.0,14.6,B
2021-06-10T09:28:50,1000.0,14.6,B
2021-06-10T09:28:11,4000.0,14.6,B
2021-06-10T09:27:51,1800.0,14.6,B
2021-06-10T09:27:43,3600.0,14.5,S
2021-06-10T09:26:28,4800.0,14.6,B
2021-06-10T09:24:36,2000.0,14.6,B
2021-06-10T09:24:31,11000.0,14.5,S
2021-06-10T09:22:59,500.0,14.6,B
2021-06-10T09:22:44,1300.0,14.6,B
2021-06-10T09:21:38,43000.0,14.5,S
2021-06-10T09:21:37,1600.0,14.6,B
2021-06-10T09:20:25,900.0,14.6,B
2021-06-10T09:20:05,1500.0,14.6,B
2021-06-10T09:19:02,1000.0,14.6,B
2021-06-10T09:17:26,1700.0,14.5,S
2021-06-10T09:17:12,30000.0,14.5,B
2021-06-10T09:14:36,1000.0,14.5,B
2021-06-10T09:14:31,100.0,14.5,B
2021-06-10T09:14:12,30000.0,14.5,B
2021-06-10T09:11:58,100.0,14.5,B
2021-06-10T09:11:55,1200.0,14.5,B
2021-06-10T09:11:38,900.0,14.5,B
2021-06-10T09:10:28,3000.0,14.5,B
2021-06-10T09:10:19,100.0,14.5,B
2021-06-10T09:10:09,1000.0,14.6,B
2021-06-10T09:09:22,3000.0,14.6,B
2021-06-10T09:09:07,1100.0,14.6,B
2021-06-10T09:08:44,1900.0,14.5,B
2021-06-10T09:07:53,1300.0,14.5,B
2021-06-10T09:07:36,900.0,14.5,B
2021-06-10T09:07:22,1900.0,14.5,B
2021-06-10T09:07:16,3000.0,14.5,B
2021-06-10T09:06:51,1500.0,14.5,B
2021-06-10T09:02:09,1100.0,14.5,B
2021-06-10T09:01:32,900.0,14.5,B
2021-06-10T09:01:18,2900.0,14.6,B
2021-06-10T09:00:58,1000.0,14.6,B
2021-06-10T09:00:36,300.0,14.4,S
