tradingTime,volume,price,side
2021-06-10T14:30:11,100.0,5.52,B
2021-06-10T14:28:51,600.0,5.51,S
2021-06-10T14:28:51,2400.0,5.51,S
2021-06-10T14:28:49,9300.0,5.51,S
2021-06-10T14:28:07,600.0,5.51,S
2021-06-10T14:27:59,300.0,5.52,B
2021-06-10T14:27:06,1500.0,5.52,B
2021-06-10T14:26:03,3000.0,5.52,B
2021-06-10T14:25:43,1000.0,5.52,B
2021-06-10T14:25:40,800.0,5.52,B
2021-06-10T14:24:36,500.0,5.52,B
2021-06-10T14:24:34,1000.0,5.52,B
2021-06-10T14:23:30,300.0,5.52,S
2021-06-10T14:23:04,1900.0,5.51,S
2021-06-10T14:23:04,100.0,5.51,S
2021-06-10T14:23:03,3000.0,5.52,S
2021-06-10T14:22:35,500.0,5.52,S
2021-06-10T14:22:27,100.0,5.53,B
2021-06-10T14:22:00,4000.0,5.52,S
2021-06-10T14:19:50,100.0,5.53,B
2021-06-10T14:19:49,5300.0,5.53,B
2021-06-10T14:19:17,200.0,5.53,B
2021-06-10T14:18:40,50000.0,5.52,S
2021-06-10T14:18:27,200.0,5.53,B
2021-06-10T14:18:27,36000.0,5.52,S
2021-06-10T14:18:25,1000.0,5.53,B
2021-06-10T14:17:38,2000.0,5.52,S
2021-06-10T14:16:52,30000.0,5.52,S
2021-06-10T14:16:09,300.0,5.52,S
2021-06-10T14:15:36,100.0,5.52,S
2021-06-10T14:15:30,6800.0,5.52,B
2021-06-10T14:14:07,3700.0,5.52,S
2021-06-10T14:13:56,300.0,5.53,B
2021-06-10T14:13:30,100.0,5.52,S
2021-06-10T14:12:47,200.0,5.52,S
2021-06-10T14:12:44,20000.0,5.52,S
2021-06-10T14:12:20,100.0,5.52,S
2021-06-10T14:11:32,2500.0,5.53,B
2021-06-10T14:11:17,100.0,5.54,B
2021-06-10T14:11:16,400.0,5.54,B
2021-06-10T14:09:54,100.0,5.53,S
2021-06-10T14:09:11,100.0,5.53,S
2021-06-10T14:08:52,2200.0,5.53,B
2021-06-10T14:08:52,7200.0,5.53,B
2021-06-10T14:08:52,500.0,5.53,B
2021-06-10T14:08:13,2000.0,5.53,B
2021-06-10T14:06:27,200.0,5.53,B
2021-06-10T14:05:56,500.0,5.53,B
2021-06-10T14:05:13,2000.0,5.53,B
2021-06-10T14:04:55,500.0,5.52,S
2021-06-10T14:03:31,500.0,5.53,B
2021-06-10T14:03:20,100.0,5.52,S
2021-06-10T14:03:04,600.0,5.53,B
2021-06-10T14:02:34,1000.0,5.52,S
2021-06-10T14:02:11,100.0,5.52,S
2021-06-10T14:02:03,900.0,5.53,B
2021-06-10T14:00:37,100.0,5.53,B
2021-06-10T13:59:31,2700.0,5.53,S
2021-06-10T13:59:23,2300.0,5.53,S
2021-06-10T13:59:22,3700.0,5.53,S
2021-06-10T13:59:07,100.0,5.53,S
2021-06-10T13:58:40,10000.0,5.53,S
2021-06-10T13:58:21,1000.0,5.53,S
2021-06-10T13:58:04,3300.0,5.53,S
2021-06-10T13:56:32,100.0,5.53,S
2021-06-10T13:56:10,200.0,5.53,S
2021-06-10T13:56:02,300.0,5.55,B
2021-06-10T13:55:14,300.0,5.55,B
2021-06-10T13:55:03,10000.0,5.53,S
2021-06-10T13:54:55,600.0,5.55,B
2021-06-10T13:54:18,900.0,5.55,B
2021-06-10T13:54:18,400.0,5.55,B
2021-06-10T13:54:17,700.0,5.55,B
2021-06-10T13:53:09,3000.0,5.55,B
2021-06-10T13:49:59,100.0,5.55,S
2021-06-10T13:49:56,300.0,5.53,S
2021-06-10T13:49:54,200.0,5.55,S
2021-06-10T13:48:37,3000.0,5.56,B
2021-06-10T13:48:24,100.0,5.55,S
2021-06-10T13:47:42,200.0,5.56,B
2021-06-10T13:47:32,3300.0,5.56,B
2021-06-10T13:47:21,10000.0,5.56,B
2021-06-10T13:46:50,300.0,5.55,B
2021-06-10T13:46:37,500.0,5.55,B
2021-06-10T13:46:36,3200.0,5.55,B
2021-06-10T13:46:36,3000.0,5.55,B
2021-06-10T13:46:36,800.0,5.55,B
2021-06-10T13:46:00,200.0,5.53,B
2021-06-10T13:45:56,200.0,5.53,S
2021-06-10T13:45:24,900.0,5.53,B
2021-06-10T13:44:34,5500.0,5.55,B
2021-06-10T13:44:34,600.0,5.55,B
2021-06-10T13:44:34,10100.0,5.55,B
2021-06-10T13:44:33,3700.0,5.55,B
2021-06-10T13:44:33,20300.0,5.55,B
2021-06-10T13:44:33,1400.0,5.55,B
2021-06-10T13:44:33,200.0,5.55,B
2021-06-10T13:44:33,1200.0,5.55,B
2021-06-10T13:44:33,32000.0,5.55,B
2021-06-10T13:44:09,100.0,5.53,B
2021-06-10T13:44:04,500.0,5.53,B
2021-06-10T13:43:44,4400.0,5.53,B
2021-06-10T13:43:44,600.0,5.53,B
2021-06-10T13:42:57,100.0,5.53,B
2021-06-10T13:42:17,100.0,5.52,S
2021-06-10T13:42:01,200.0,5.53,B
2021-06-10T13:41:52,5600.0,5.53,B
2021-06-10T13:41:27,400.0,5.53,S
2021-06-10T13:37:13,1000.0,5.55,B
2021-06-10T13:36:50,1000.0,5.52,S
2021-06-10T13:36:06,1000.0,5.55,B
2021-06-10T13:35:41,1000.0,5.55,S
2021-06-10T13:35:31,11000.0,5.55,B
2021-06-10T13:35:23,11000.0,5.55,B
2021-06-10T13:35:13,1000.0,5.55,B
2021-06-10T13:35:08,2000.0,5.55,B
2021-06-10T13:35:08,200.0,5.55,B
2021-06-10T13:35:08,5100.0,5.55,B
2021-06-10T13:34:11,2400.0,5.55,B
2021-06-10T13:34:06,14000.0,5.55,B
2021-06-10T13:34:06,3600.0,5.55,B
2021-06-10T13:33:42,2000.0,5.55,B
2021-06-10T13:33:36,400.0,5.5,S
2021-06-10T13:33:36,5300.0,5.5,S
2021-06-10T13:33:36,600.0,5.51,S
2021-06-10T13:33:36,1500.0,5.51,S
2021-06-10T13:33:18,3000.0,5.51,S
2021-06-10T13:33:04,20000.0,5.55,B
2021-06-10T13:32:43,200.0,5.55,B
2021-06-10T13:32:42,4000.0,5.55,B
2021-06-10T13:31:54,20000.0,5.55,B
2021-06-10T13:31:43,200.0,5.54,B
2021-06-10T13:31:38,2900.0,5.56,B
2021-06-10T13:31:17,9700.0,5.56,B
2021-06-10T13:31:17,1000.0,5.56,B
2021-06-10T13:31:16,4700.0,5.56,B
2021-06-10T13:31:16,4600.0,5.56,B
2021-06-10T13:30:25,3000.0,5.55,B
2021-06-10T13:30:21,5000.0,5.56,B
2021-06-10T13:30:11,5400.0,5.55,S
2021-06-10T13:30:02,4600.0,5.55,B
2021-06-10T13:29:32,3000.0,5.55,B
2021-06-10T13:29:32,1000.0,5.55,B
2021-06-10T13:29:32,14700.0,5.55,B
2021-06-10T13:29:32,1300.0,5.55,B
2021-06-10T13:29:24,200.0,5.53,S
2021-06-10T13:29:14,9900.0,5.55,B
2021-06-10T13:28:51,5000.0,5.55,B
2021-06-10T13:28:14,2800.0,5.53,S
2021-06-10T13:28:00,8500.0,5.55,B
2021-06-10T13:28:00,10000.0,5.55,B
2021-06-10T13:28:00,2500.0,5.55,B
2021-06-10T13:28:00,1000.0,5.54,B
2021-06-10T13:27:57,4500.0,5.54,B
2021-06-10T13:27:57,5500.0,5.54,B
2021-06-10T13:27:48,4500.0,5.54,B
2021-06-10T13:27:48,3000.0,5.54,B
2021-06-10T13:27:48,200.0,5.54,B
2021-06-10T13:27:48,1900.0,5.54,B
2021-06-10T13:27:37,100.0,5.53,S
2021-06-10T13:27:35,100.0,5.53,S
2021-06-10T13:27:19,200.0,5.53,B
2021-06-10T13:26:45,100.0,5.52,B
2021-06-10T13:24:51,1000.0,5.51,S
2021-06-10T13:24:40,100.0,5.51,S
2021-06-10T13:24:31,8300.0,5.51,B
2021-06-10T13:24:29,100.0,5.51,B
2021-06-10T13:24:25,3000.0,5.51,B
2021-06-10T13:24:02,500.0,5.51,B
2021-06-10T13:23:16,5000.0,5.51,B
2021-06-10T13:23:13,5000.0,5.51,B
2021-06-10T13:23:12,14000.0,5.5,S
2021-06-10T13:23:02,200.0,5.51,B
2021-06-10T13:22:53,100.0,5.51,B
2021-06-10T13:22:23,6000.0,5.51,S
2021-06-10T13:22:21,100.0,5.5,S
2021-06-10T13:22:16,14400.0,5.51,S
2021-06-10T13:21:28,700.0,5.51,B
2021-06-10T13:21:28,300.0,5.51,B
2021-06-10T13:21:03,200.0,5.51,B
2021-06-10T13:20:50,2000.0,5.51,B
2021-06-10T13:19:47,6500.0,5.51,B
2021-06-10T13:19:36,3600.0,5.5,S
2021-06-10T13:19:36,7400.0,5.5,S
2021-06-10T13:19:16,5000.0,5.51,B
2021-06-10T13:19:10,100.0,5.51,B
2021-06-10T13:18:57,1000.0,5.5,S
2021-06-10T13:18:26,100.0,5.51,B
2021-06-10T13:18:02,300.0,5.51,B
2021-06-10T13:17:48,1100.0,5.51,S
2021-06-10T13:17:22,500.0,5.51,S
2021-06-10T13:17:20,4000.0,5.51,S
2021-06-10T13:17:17,10000.0,5.54,B
2021-06-10T13:17:09,5400.0,5.51,S
2021-06-10T13:17:09,1600.0,5.52,S
2021-06-10T13:16:56,900.0,5.52,S
2021-06-10T13:16:22,1600.0,5.52,S
2021-06-10T13:16:12,100.0,5.52,S
2021-06-10T13:15:40,4800.0,5.52,S
2021-06-10T13:15:28,200.0,5.52,S
2021-06-10T13:15:24,3000.0,5.52,S
2021-06-10T13:15:19,500.0,5.52,S
2021-06-10T13:14:55,2000.0,5.52,S
2021-06-10T13:14:40,1000.0,5.54,B
2021-06-10T13:13:59,2300.0,5.52,S
2021-06-10T13:13:20,500.0,5.54,B
2021-06-10T13:12:35,1500.0,5.54,S
2021-06-10T13:11:19,500.0,5.54,S
2021-06-10T13:10:36,100.0,5.54,S
2021-06-10T13:09:25,1300.0,5.54,S
2021-06-10T13:09:13,5000.0,5.54,S
2021-06-10T13:08:56,3700.0,5.54,S
2021-06-10T13:08:51,1500.0,5.54,S
2021-06-10T13:08:12,5900.0,5.54,S
2021-06-10T13:07:36,200.0,5.55,B
2021-06-10T13:07:34,3600.0,5.55,B
2021-06-10T13:07:02,100.0,5.55,B
2021-06-10T13:07:01,2000.0,5.54,S
2021-06-10T13:06:46,100.0,5.55,B
2021-06-10T13:06:35,7900.0,5.55,B
2021-06-10T13:06:20,1000.0,5.55,B
2021-06-10T13:06:00,200.0,5.55,B
2021-06-10T13:05:05,13400.0,5.55,S
2021-06-10T13:04:45,3000.0,5.55,B
2021-06-10T13:04:45,5900.0,5.55,B
2021-06-10T13:04:45,500.0,5.55,B
2021-06-10T13:04:45,17200.0,5.55,B
2021-06-10T13:04:28,10000.0,5.55,B
2021-06-10T13:04:01,500.0,5.54,S
2021-06-10T13:03:56,3000.0,5.54,S
2021-06-10T13:03:44,900.0,5.54,S
2021-06-10T13:03:28,1000.0,5.54,S
2021-06-10T13:03:20,500.0,5.54,S
2021-06-10T13:02:54,10000.0,5.54,B
2021-06-10T13:02:54,500.0,5.54,B
2021-06-10T13:02:06,400.0,5.54,B
2021-06-10T13:02:06,100.0,5.54,B
2021-06-10T13:01:07,5000.0,5.55,B
2021-06-10T13:00:56,4600.0,5.49,S
2021-06-10T13:00:56,2000.0,5.5,S
2021-06-10T13:00:56,19100.0,5.5,S
2021-06-10T13:00:56,300.0,5.5,S
2021-06-10T13:00:56,7700.0,5.5,S
2021-06-10T13:00:56,5800.0,5.5,S
2021-06-10T13:00:56,9900.0,5.5,S
2021-06-10T13:00:56,3000.0,5.51,S
2021-06-10T13:00:56,27600.0,5.51,S
2021-06-10T13:00:35,100.0,5.54,B
2021-06-10T13:00:33,200.0,5.54,B
2021-06-10T13:00:31,100.0,5.54,B
2021-06-10T13:00:30,1400.0,5.55,B
2021-06-10T13:00:30,200.0,5.54,B
2021-06-10T13:00:30,23400.0,5.54,B
2021-06-10T13:00:26,100.0,5.54,B
2021-06-10T13:00:26,500.0,5.54,B
2021-06-10T13:00:24,200.0,5.52,S
2021-06-10T13:00:24,200.0,5.52,S
2021-06-10T13:00:24,100.0,5.54,B
2021-06-10T13:00:22,200.0,5.54,B
2021-06-10T13:00:22,6800.0,5.55,B
2021-06-10T13:00:21,100.0,5.54,B
2021-06-10T11:28:21,100.0,5.54,B
2021-06-10T11:27:06,2000.0,5.55,B
2021-06-10T11:24:47,1000.0,5.51,B
2021-06-10T11:24:45,8000.0,5.51,B
2021-06-10T11:24:02,2000.0,5.51,B
2021-06-10T11:23:35,200.0,5.51,B
2021-06-10T11:23:27,100.0,5.51,B
2021-06-10T11:22:53,4300.0,5.51,S
2021-06-10T11:21:56,3000.0,5.51,S
2021-06-10T11:21:05,10300.0,5.5,S
2021-06-10T11:21:05,5000.0,5.5,S
2021-06-10T11:21:05,8800.0,5.5,S
2021-06-10T11:20:53,5000.0,5.5,S
2021-06-10T11:19:40,100.0,5.56,B
2021-06-10T11:19:24,20500.0,5.5,S
2021-06-10T11:19:24,1800.0,5.5,S
2021-06-10T11:19:23,2300.0,5.51,S
2021-06-10T11:19:23,400.0,5.51,S
2021-06-10T11:19:23,5000.0,5.54,S
2021-06-10T11:18:35,2000.0,5.55,S
2021-06-10T11:17:39,100.0,5.56,B
2021-06-10T11:17:25,500.0,5.55,S
2021-06-10T11:17:18,300.0,5.55,S
2021-06-10T11:17:00,300.0,5.55,S
2021-06-10T11:16:31,300.0,5.55,S
2021-06-10T11:16:29,3700.0,5.55,S
2021-06-10T11:16:22,2000.0,5.55,S
2021-06-10T11:15:35,200.0,5.55,B
2021-06-10T11:15:17,2200.0,5.55,B
2021-06-10T11:15:11,200.0,5.55,B
2021-06-10T11:13:58,2000.0,5.55,B
2021-06-10T11:13:58,500.0,5.55,B
2021-06-10T11:13:58,7500.0,5.55,B
2021-06-10T11:13:37,10400.0,5.55,B
2021-06-10T11:13:37,9600.0,5.55,B
2021-06-10T11:13:23,4300.0,5.55,B
2021-06-10T11:13:14,20000.0,5.55,B
2021-06-10T11:12:49,3000.0,5.55,B
2021-06-10T11:12:16,400.0,5.55,B
2021-06-10T11:11:22,100.0,5.55,B
2021-06-10T11:11:20,2100.0,5.55,B
2021-06-10T11:10:24,200.0,5.55,B
2021-06-10T11:10:24,3000.0,5.55,B
2021-06-10T11:10:24,400.0,5.55,B
2021-06-10T11:09:11,1000.0,5.54,S
2021-06-10T11:09:07,100.0,5.54,S
2021-06-10T11:08:27,200.0,5.54,S
2021-06-10T11:08:20,2000.0,5.54,B
2021-06-10T11:08:20,46100.0,5.54,B
2021-06-10T11:07:47,1000.0,5.5,S
2021-06-10T11:07:21,500.0,5.5,S
2021-06-10T11:07:09,2700.0,5.5,S
2021-06-10T11:07:09,300.0,5.5,S
2021-06-10T11:07:01,100.0,5.51,B
2021-06-10T11:06:56,400.0,5.51,B
2021-06-10T11:06:29,3000.0,5.5,S
2021-06-10T11:04:56,9700.0,5.5,B
2021-06-10T11:04:51,12900.0,5.49,S
2021-06-10T11:04:51,3000.0,5.49,S
2021-06-10T11:04:51,4100.0,5.49,S
2021-06-10T11:04:24,40300.0,5.5,S
2021-06-10T11:04:15,2000.0,5.5,S
2021-06-10T11:04:10,10000.0,5.51,B
2021-06-10T11:04:08,400.0,5.5,S
2021-06-10T11:03:16,600.0,5.5,S
2021-06-10T11:02:50,5000.0,5.5,B
2021-06-10T11:02:49,1000.0,5.5,B
2021-06-10T11:02:48,1300.0,5.5,B
2021-06-10T11:02:39,700.0,5.5,B
2021-06-10T11:02:39,1500.0,5.5,B
2021-06-10T11:02:39,3200.0,5.5,B
2021-06-10T11:02:39,3500.0,5.5,B
2021-06-10T11:02:38,21100.0,5.5,B
2021-06-10T11:01:49,10000.0,5.5,B
2021-06-10T11:01:42,10000.0,5.5,B
2021-06-10T11:01:35,8300.0,5.5,B
2021-06-10T11:01:20,6000.0,5.5,B
2021-06-10T11:01:19,300.0,5.5,B
2021-06-10T11:01:05,100.0,5.5,B
2021-06-10T11:00:36,20000.0,5.5,B
2021-06-10T11:00:15,37400.0,5.5,B
2021-06-10T10:55:20,200.0,5.49,S
2021-06-10T10:55:16,300.0,5.49,S
2021-06-10T10:55:12,5500.0,5.49,S
2021-06-10T10:54:23,1000.0,5.49,B
2021-06-10T10:54:17,18600.0,5.49,B
2021-06-10T10:53:19,200.0,5.49,B
2021-06-10T10:53:16,800.0,5.49,B
2021-06-10T10:52:36,300.0,5.48,S
2021-06-10T10:52:24,200.0,5.48,S
2021-06-10T10:52:01,8300.0,5.49,B
2021-06-10T10:51:21,2200.0,5.49,B
2021-06-10T10:50:35,2800.0,5.49,S
2021-06-10T10:49:59,2900.0,5.49,S
2021-06-10T10:49:30,500.0,5.49,S
2021-06-10T10:49:30,2200.0,5.49,S
2021-06-10T10:49:30,2300.0,5.49,S
2021-06-10T10:49:21,4200.0,5.5,B
2021-06-10T10:49:09,2000.0,5.5,B
2021-06-10T10:47:58,400.0,5.5,S
2021-06-10T10:47:58,200.0,5.5,S
2021-06-10T10:47:57,5000.0,5.5,S
2021-06-10T10:47:52,700.0,5.5,S
2021-06-10T10:47:52,19300.0,5.5,S
2021-06-10T10:47:37,700.0,5.5,S
2021-06-10T10:47:37,500.0,5.5,S
2021-06-10T10:47:30,2600.0,5.5,S
2021-06-10T10:47:30,100.0,5.5,S
2021-06-10T10:47:30,9100.0,5.5,S
2021-06-10T10:47:18,14800.0,5.5,S
2021-06-10T10:47:18,35200.0,5.5,S
2021-06-10T10:47:16,20000.0,5.5,S
2021-06-10T10:47:15,10300.0,5.5,S
2021-06-10T10:47:12,2000.0,5.5,S
2021-06-10T10:47:04,1000.0,5.5,S
2021-06-10T10:46:51,100.0,5.5,S
2021-06-10T10:46:38,9700.0,5.5,S
2021-06-10T10:46:31,40900.0,5.5,S
2021-06-10T10:46:07,1000.0,5.51,B
2021-06-10T10:46:02,5000.0,5.5,S
2021-06-10T10:45:58,27900.0,5.5,S
2021-06-10T10:45:54,16000.0,5.51,B
2021-06-10T10:45:44,500.0,5.5,S
2021-06-10T10:45:41,2100.0,5.5,S
2021-06-10T10:45:41,120800.0,5.5,S
2021-06-10T10:45:41,106400.0,5.5,S
2021-06-10T10:44:50,20000.0,5.5,S
2021-06-10T10:44:34,14200.0,5.5,S
2021-06-10T10:44:14,2200.0,5.5,S
2021-06-10T10:43:43,100.0,5.5,S
2021-06-10T10:43:42,5200.0,5.5,S
2021-06-10T10:43:27,10000.0,5.5,S
2021-06-10T10:43:08,100.0,5.51,B
2021-06-10T10:42:55,12000.0,5.5,S
2021-06-10T10:42:41,10000.0,5.5,S
2021-06-10T10:42:30,3000.0,5.5,S
2021-06-10T10:42:28,30000.0,5.5,S
2021-06-10T10:42:11,50000.0,5.5,S
2021-06-10T10:41:59,100000.0,5.5,S
2021-06-10T10:41:55,3000.0,5.5,S
2021-06-10T10:41:48,10000.0,5.5,S
2021-06-10T10:41:40,5000.0,5.5,S
2021-06-10T10:41:39,2300.0,5.51,B
2021-06-10T10:41:22,10000.0,5.5,S
2021-06-10T10:41:15,6500.0,5.5,S
2021-06-10T10:40:50,1000.0,5.5,S
2021-06-10T10:40:47,1000.0,5.51,B
2021-06-10T10:40:41,1000.0,5.5,S
2021-06-10T10:40:09,1000.0,5.51,B
2021-06-10T10:40:09,5000.0,5.5,S
2021-06-10T10:39:51,100.0,5.51,S
2021-06-10T10:39:44,50000.0,5.5,S
2021-06-10T10:39:15,50000.0,5.5,S
2021-06-10T10:38:35,5200.0,5.5,S
2021-06-10T10:38:35,13300.0,5.51,S
2021-06-10T10:38:35,11300.0,5.51,S
2021-06-10T10:38:35,1200.0,5.52,S
2021-06-10T10:38:26,100.0,5.53,B
2021-06-10T10:38:15,100.0,5.52,S
2021-06-10T10:37:46,2700.0,5.53,B
2021-06-10T10:37:28,2000.0,5.52,S
2021-06-10T10:37:22,400.0,5.53,B
2021-06-10T10:36:47,10000.0,5.53,B
2021-06-10T10:36:34,1700.0,5.52,S
2021-06-10T10:34:55,16600.0,5.53,S
2021-06-10T10:34:52,5000.0,5.53,S
2021-06-10T10:34:45,1000.0,5.53,S
2021-06-10T10:34:30,100.0,5.53,S
2021-06-10T10:34:28,100.0,5.53,S
2021-06-10T10:33:44,1000.0,5.53,S
2021-06-10T10:33:41,5000.0,5.53,S
2021-06-10T10:32:52,5000.0,5.53,S
2021-06-10T10:32:49,10000.0,5.54,B
2021-06-10T10:32:26,100.0,5.54,B
2021-06-10T10:31:46,1000.0,5.54,B
2021-06-10T10:31:11,200.0,5.54,B
2021-06-10T10:29:22,1800.0,5.54,S
2021-06-10T10:29:21,200.0,5.54,S
2021-06-10T10:29:19,40100.0,5.54,S
2021-06-10T10:29:08,3000.0,5.54,S
2021-06-10T10:29:04,6000.0,5.54,S
2021-06-10T10:28:43,100.0,5.54,S
2021-06-10T10:28:34,4000.0,5.54,S
2021-06-10T10:27:51,200.0,5.55,B
2021-06-10T10:27:47,10000.0,5.54,S
2021-06-10T10:27:22,1000.0,5.54,S
2021-06-10T10:27:01,28000.0,5.54,S
2021-06-10T10:26:51,100.0,5.54,S
2021-06-10T10:26:26,300.0,5.55,B
2021-06-10T10:26:04,2000.0,5.55,B
2021-06-10T10:25:52,10400.0,5.54,S
2021-06-10T10:25:42,9600.0,5.54,S
2021-06-10T10:24:33,2000.0,5.55,B
2021-06-10T10:24:16,200.0,5.55,B
2021-06-10T10:24:15,1100.0,5.54,S
2021-06-10T10:23:55,200.0,5.54,S
2021-06-10T10:23:45,5000.0,5.54,S
2021-06-10T10:23:31,1000.0,5.54,S
2021-06-10T10:23:31,200.0,5.54,S
2021-06-10T10:23:31,1300.0,5.54,S
2021-06-10T10:22:40,7000.0,5.55,B
2021-06-10T10:22:26,500.0,5.55,B
2021-06-10T10:22:12,200.0,5.54,S
2021-06-10T10:21:49,300.0,5.55,B
2021-06-10T10:21:37,100.0,5.55,S
2021-06-10T10:21:17,10300.0,5.55,S
2021-06-10T10:20:07,12400.0,5.55,S
2021-06-10T10:20:01,2700.0,5.55,S
2021-06-10T10:19:22,10000.0,5.55,S
2021-06-10T10:19:11,1000.0,5.55,S
2021-06-10T10:19:05,300.0,5.55,S
2021-06-10T10:18:30,4600.0,5.55,S
2021-06-10T10:18:30,200.0,5.55,S
2021-06-10T10:18:30,600.0,5.55,S
2021-06-10T10:18:30,600.0,5.55,S
2021-06-10T10:18:23,200.0,5.55,S
2021-06-10T10:17:55,100.0,5.55,S
2021-06-10T10:17:26,100.0,5.57,B
2021-06-10T10:16:49,1100.0,5.55,S
2021-06-10T10:16:49,5600.0,5.55,S
2021-06-10T10:16:49,500.0,5.55,S
2021-06-10T10:16:49,12800.0,5.55,S
2021-06-10T10:16:32,100.0,5.56,S
2021-06-10T10:16:23,100.0,5.56,S
2021-06-10T10:15:14,1000.0,5.57,B
2021-06-10T10:14:50,1000.0,5.57,B
2021-06-10T10:14:26,200.0,5.57,S
2021-06-10T10:13:56,5000.0,5.58,B
2021-06-10T10:13:42,100.0,5.57,B
2021-06-10T10:12:58,4700.0,5.57,S
2021-06-10T10:12:48,5000.0,5.58,B
2021-06-10T10:12:17,500.0,5.58,B
2021-06-10T10:12:00,1800.0,5.58,S
2021-06-10T10:11:50,27000.0,5.58,S
2021-06-10T10:11:37,3000.0,5.58,S
2021-06-10T10:11:28,400.0,5.59,B
2021-06-10T10:11:16,500.0,5.59,B
2021-06-10T10:11:00,2000.0,5.59,B
2021-06-10T10:10:51,300.0,5.58,S
2021-06-10T10:10:31,1000.0,5.58,S
2021-06-10T10:10:31,100.0,5.59,B
2021-06-10T10:10:10,300.0,5.59,B
2021-06-10T10:10:00,5000.0,5.59,B
2021-06-10T10:09:55,1100.0,5.58,S
2021-06-10T10:09:27,10000.0,5.58,S
2021-06-10T10:09:23,15500.0,5.59,B
2021-06-10T10:09:22,14500.0,5.59,B
2021-06-10T10:08:44,700.0,5.58,S
2021-06-10T10:08:38,300.0,5.59,B
2021-06-10T10:08:35,10000.0,5.58,S
2021-06-10T10:08:25,100.0,5.59,B
2021-06-10T10:07:43,1000.0,5.58,B
2021-06-10T10:07:39,1500.0,5.58,B
2021-06-10T10:07:32,1000.0,5.58,B
2021-06-10T10:07:32,2000.0,5.58,B
2021-06-10T10:07:29,100.0,5.58,B
2021-06-10T10:07:17,2000.0,5.58,B
2021-06-10T10:07:06,5200.0,5.58,B
2021-06-10T10:07:02,3700.0,5.57,S
2021-06-10T10:07:00,1200.0,5.57,S
2021-06-10T10:06:43,400.0,5.58,B
2021-06-10T10:06:13,500.0,5.58,B
2021-06-10T10:06:11,500.0,5.58,B
2021-06-10T10:06:06,100.0,5.58,B
2021-06-10T10:06:02,100.0,5.58,B
2021-06-10T10:05:57,1000.0,5.58,B
2021-06-10T10:05:46,3000.0,5.58,B
2021-06-10T10:05:26,5200.0,5.58,B
2021-06-10T10:05:26,4800.0,5.58,B
2021-06-10T10:04:48,1000.0,5.58,B
2021-06-10T10:04:37,100.0,5.58,B
2021-06-10T10:04:36,2700.0,5.58,B
2021-06-10T10:04:30,100.0,5.58,B
2021-06-10T10:04:14,700.0,5.58,B
2021-06-10T10:03:47,100.0,5.57,S
2021-06-10T10:03:41,200.0,5.57,S
2021-06-10T10:03:41,22500.0,5.58,B
2021-06-10T10:03:41,9000.0,5.58,B
2021-06-10T10:03:41,7000.0,5.58,B
2021-06-10T10:03:21,1000.0,5.57,S
2021-06-10T10:03:21,200.0,5.57,S
2021-06-10T10:03:20,500.0,5.57,S
2021-06-10T10:03:17,100.0,5.57,S
2021-06-10T10:03:04,600.0,5.57,B
2021-06-10T10:02:48,10000.0,5.57,B
2021-06-10T10:02:33,9700.0,5.56,S
2021-06-10T10:01:58,1000.0,5.56,S
2021-06-10T10:01:58,400.0,5.56,S
2021-06-10T10:01:58,1600.0,5.56,S
2021-06-10T10:01:34,21600.0,5.56,S
2021-06-10T10:01:30,200.0,5.57,B
2021-06-10T10:01:06,200.0,5.57,B
2021-06-10T10:00:51,100.0,5.57,B
2021-06-10T10:00:26,1100.0,5.57,B
2021-06-10T10:00:26,1900.0,5.57,B
2021-06-10T10:00:04,1600.0,5.57,B
2021-06-10T09:59:38,300.0,5.57,S
2021-06-10T09:59:25,300.0,5.57,S
2021-06-10T09:59:18,9600.0,5.57,S
2021-06-10T09:58:54,12200.0,5.57,S
2021-06-10T09:58:54,4000.0,5.57,S
2021-06-10T09:58:54,500.0,5.57,S
2021-06-10T09:58:50,200.0,5.57,S
2021-06-10T09:58:46,1800.0,5.57,S
2021-06-10T09:57:13,500.0,5.58,B
2021-06-10T09:57:11,100.0,5.58,B
2021-06-10T09:57:08,100.0,5.58,B
2021-06-10T09:57:03,200.0,5.58,B
2021-06-10T09:56:32,200.0,5.59,B
2021-06-10T09:56:31,1600.0,5.58,S
2021-06-10T09:56:29,7000.0,5.58,S
2021-06-10T09:56:29,200.0,5.59,B
2021-06-10T09:56:18,300.0,5.58,S
2021-06-10T09:56:10,100.0,5.59,B
2021-06-10T09:56:02,300.0,5.58,S
2021-06-10T09:55:27,1000.0,5.59,B
2021-06-10T09:55:22,5000.0,5.58,S
2021-06-10T09:55:10,100.0,5.58,S
2021-06-10T09:55:09,100.0,5.58,S
2021-06-10T09:55:04,800.0,5.58,S
2021-06-10T09:55:02,3000.0,5.59,B
2021-06-10T09:54:59,300.0,5.58,S
2021-06-10T09:54:59,300.0,5.58,S
2021-06-10T09:54:58,6000.0,5.58,S
2021-06-10T09:54:45,300.0,5.58,S
2021-06-10T09:53:53,200.0,5.58,S
2021-06-10T09:53:45,100.0,5.58,S
2021-06-10T09:53:11,100.0,5.59,S
2021-06-10T09:53:04,3700.0,5.57,S
2021-06-10T09:53:04,10100.0,5.57,S
2021-06-10T09:53:04,6200.0,5.57,S
2021-06-10T09:52:40,5500.0,5.58,S
2021-06-10T09:52:29,6000.0,5.6,B
2021-06-10T09:52:29,5000.0,5.58,S
2021-06-10T09:52:03,200.0,5.6,B
2021-06-10T09:52:00,26900.0,5.6,B
2021-06-10T09:52:00,100.0,5.6,B
2021-06-10T09:51:58,3000.0,5.6,B
2021-06-10T09:51:58,1100.0,5.6,B
2021-06-10T09:51:58,21800.0,5.6,B
2021-06-10T09:51:58,31000.0,5.6,B
2021-06-10T09:51:58,9100.0,5.59,S
2021-06-10T09:51:49,16400.0,5.59,S
2021-06-10T09:51:30,100.0,5.6,B
2021-06-10T09:51:02,100.0,5.6,S
2021-06-10T09:50:53,3300.0,5.6,S
2021-06-10T09:50:50,200.0,5.6,S
2021-06-10T09:50:48,800.0,5.6,S
2021-06-10T09:50:46,500.0,5.6,S
2021-06-10T09:50:39,700.0,5.6,S
2021-06-10T09:50:35,5000.0,5.6,S
2021-06-10T09:50:35,700.0,5.6,S
2021-06-10T09:50:17,400.0,5.6,S
2021-06-10T09:50:14,200.0,5.6,S
2021-06-10T09:50:08,20000.0,5.61,B
2021-06-10T09:50:05,1100.0,5.6,S
2021-06-10T09:50:03,500.0,5.6,S
2021-06-10T09:50:01,500.0,5.6,S
2021-06-10T09:49:50,7300.0,5.6,S
2021-06-10T09:49:44,6000.0,5.6,S
2021-06-10T09:49:34,10000.0,5.6,S
2021-06-10T09:49:32,100.0,5.6,S
2021-06-10T09:49:32,200.0,5.6,S
2021-06-10T09:49:31,2900.0,5.59,S
2021-06-10T09:49:29,500.0,5.6,S
2021-06-10T09:49:29,200.0,5.6,S
2021-06-10T09:49:29,4100.0,5.6,S
2021-06-10T09:49:29,42600.0,5.6,S
2021-06-10T09:49:29,10000.0,5.6,S
2021-06-10T09:49:28,20000.0,5.6,S
2021-06-10T09:49:27,1500.0,5.61,B
2021-06-10T09:49:25,500.0,5.61,B
2021-06-10T09:49:17,30000.0,5.62,B
2021-06-10T09:49:12,1100.0,5.61,B
2021-06-10T09:49:12,1200.0,5.61,B
2021-06-10T09:49:09,400.0,5.61,B
2021-06-10T09:48:51,2000.0,5.61,B
2021-06-10T09:48:48,50000.0,5.6,S
2021-06-10T09:48:38,2000.0,5.61,B
2021-06-10T09:48:36,1000.0,5.61,B
2021-06-10T09:48:33,4600.0,5.61,B
2021-06-10T09:48:19,5000.0,5.61,B
2021-06-10T09:48:16,10000.0,5.61,B
2021-06-10T09:48:08,300.0,5.62,B
2021-06-10T09:47:59,1000.0,5.61,B
2021-06-10T09:47:48,20000.0,5.61,B
2021-06-10T09:47:43,4000.0,5.61,B
2021-06-10T09:47:41,3500.0,5.61,B
2021-06-10T09:47:38,400.0,5.61,B
2021-06-10T09:47:37,3400.0,5.61,B
2021-06-10T09:47:32,200.0,5.61,B
2021-06-10T09:47:25,9000.0,5.61,B
2021-06-10T09:47:16,500.0,5.61,B
2021-06-10T09:47:16,100.0,5.61,B
2021-06-10T09:47:11,300.0,5.61,B
2021-06-10T09:47:08,2000.0,5.61,B
2021-06-10T09:47:05,200.0,5.61,B
2021-06-10T09:47:04,2100.0,5.61,B
2021-06-10T09:47:04,1000.0,5.6,S
2021-06-10T09:47:03,500.0,5.6,S
2021-06-10T09:47:01,4000.0,5.6,S
2021-06-10T09:46:57,2000.0,5.6,S
2021-06-10T09:46:49,300.0,5.6,S
2021-06-10T09:46:45,9000.0,5.62,B
2021-06-10T09:46:45,1000.0,5.61,B
2021-06-10T09:46:40,10000.0,5.6,S
2021-06-10T09:46:37,5000.0,5.6,S
2021-06-10T09:46:32,10000.0,5.6,S
2021-06-10T09:46:20,300.0,5.6,S
2021-06-10T09:46:13,15000.0,5.6,S
2021-06-10T09:46:09,3000.0,5.6,B
2021-06-10T09:46:05,1000.0,5.6,B
2021-06-10T09:46:04,500.0,5.6,B
2021-06-10T09:46:03,10000.0,5.6,B
2021-06-10T09:45:59,200.0,5.6,B
2021-06-10T09:45:59,300.0,5.6,B
2021-06-10T09:45:58,100000.0,5.6,B
2021-06-10T09:45:55,500.0,5.6,B
2021-06-10T09:45:54,100.0,5.6,B
2021-06-10T09:45:48,10000.0,5.6,B
2021-06-10T09:45:48,100.0,5.6,B
2021-06-10T09:45:43,2000.0,5.6,B
2021-06-10T09:45:38,20000.0,5.6,B
2021-06-10T09:45:37,1300.0,5.6,B
2021-06-10T09:45:28,200.0,5.6,B
2021-06-10T09:45:25,30000.0,5.6,B
2021-06-10T09:45:08,5100.0,5.6,B
2021-06-10T09:45:06,1000.0,5.6,B
2021-06-10T09:44:56,50000.0,5.6,B
2021-06-10T09:44:54,1100.0,5.6,B
2021-06-10T09:44:51,1000.0,5.6,B
2021-06-10T09:44:50,1000.0,5.6,B
2021-06-10T09:44:42,200.0,5.6,B
2021-06-10T09:44:40,400.0,5.6,B
2021-06-10T09:44:39,1100.0,5.6,B
2021-06-10T09:44:38,400.0,5.6,B
2021-06-10T09:44:36,9300.0,5.6,B
2021-06-10T09:44:24,100.0,5.6,B
2021-06-10T09:44:22,14900.0,5.6,B
2021-06-10T09:44:22,35100.0,5.6,B
2021-06-10T09:44:20,5000.0,5.6,B
2021-06-10T09:44:17,5000.0,5.6,B
2021-06-10T09:44:17,5000.0,5.6,B
2021-06-10T09:44:05,10000.0,5.6,B
2021-06-10T09:44:05,300.0,5.6,B
2021-06-10T09:44:03,400.0,5.6,B
2021-06-10T09:44:03,1000.0,5.6,B
2021-06-10T09:44:02,1000.0,5.6,B
2021-06-10T09:43:58,1100.0,5.6,B
2021-06-10T09:43:58,2000.0,5.6,B
2021-06-10T09:43:56,34200.0,5.6,B
2021-06-10T09:43:55,400.0,5.59,S
2021-06-10T09:43:53,2000.0,5.59,S
2021-06-10T09:43:46,2000.0,5.58,S
2021-06-10T09:43:44,5000.0,5.59,S
2021-06-10T09:43:41,1000.0,5.59,S
2021-06-10T09:43:34,1700.0,5.59,S
2021-06-10T09:43:28,5000.0,5.6,B
2021-06-10T09:43:27,10600.0,5.59,S
2021-06-10T09:43:26,32000.0,5.6,B
2021-06-10T09:43:24,600.0,5.6,B
2021-06-10T09:43:19,500.0,5.6,B
2021-06-10T09:43:19,200.0,5.6,B
2021-06-10T09:43:18,500.0,5.59,S
2021-06-10T09:43:17,32300.0,5.6,B
2021-06-10T09:43:17,22000.0,5.6,B
2021-06-10T09:43:17,2500.0,5.6,B
2021-06-10T09:43:17,400.0,5.6,B
2021-06-10T09:43:17,22800.0,5.6,B
2021-06-10T09:43:10,500.0,5.6,B
2021-06-10T09:43:08,2000.0,5.59,S
2021-06-10T09:43:07,500.0,5.59,S
2021-06-10T09:43:05,5000.0,5.59,S
2021-06-10T09:43:04,2000.0,5.6,B
2021-06-10T09:43:03,1000.0,5.59,S
2021-06-10T09:42:59,700.0,5.59,S
2021-06-10T09:42:41,2000.0,5.6,B
2021-06-10T09:42:26,200.0,5.6,B
2021-06-10T09:42:20,11600.0,5.6,B
2021-06-10T09:42:20,16200.0,5.6,B
2021-06-10T09:42:20,46200.0,5.6,B
2021-06-10T09:42:20,5200.0,5.6,B
2021-06-10T09:42:19,20800.0,5.6,B
2021-06-10T09:42:16,200.0,5.6,B
2021-06-10T09:41:55,800.0,5.6,B
2021-06-10T09:41:45,5500.0,5.6,B
2021-06-10T09:41:44,600.0,5.6,B
2021-06-10T09:41:36,5000.0,5.6,B
2021-06-10T09:41:25,18000.0,5.6,B
2021-06-10T09:41:23,200.0,5.6,B
2021-06-10T09:41:10,5000.0,5.6,B
2021-06-10T09:41:07,10000.0,5.6,B
2021-06-10T09:40:52,800.0,5.6,S
2021-06-10T09:40:35,3300.0,5.6,S
2021-06-10T09:40:32,10000.0,5.6,S
2021-06-10T09:40:13,1000.0,5.6,S
2021-06-10T09:40:09,10000.0,5.6,S
2021-06-10T09:40:08,1000.0,5.58,S
2021-06-10T09:40:05,5000.0,5.6,S
2021-06-10T09:40:05,1000.0,5.6,S
2021-06-10T09:40:05,8300.0,5.6,S
2021-06-10T09:40:05,4500.0,5.6,S
2021-06-10T09:39:50,100.0,5.62,B
2021-06-10T09:39:44,4000.0,5.6,S
2021-06-10T09:39:37,200.0,5.62,B
2021-06-10T09:39:34,3100.0,5.6,S
2021-06-10T09:39:34,46900.0,5.6,S
2021-06-10T09:39:00,10000.0,5.6,S
2021-06-10T09:38:50,200.0,5.6,S
2021-06-10T09:38:40,20000.0,5.6,S
2021-06-10T09:38:37,100.0,5.62,B
2021-06-10T09:38:35,100.0,5.6,S
2021-06-10T09:38:32,2000.0,5.6,S
2021-06-10T09:38:31,10000.0,5.6,S
2021-06-10T09:38:15,3000.0,5.6,S
2021-06-10T09:38:10,300.0,5.6,B
2021-06-10T09:38:10,100.0,5.6,B
2021-06-10T09:38:08,900.0,5.62,B
2021-06-10T09:38:08,6700.0,5.62,B
2021-06-10T09:38:08,10700.0,5.61,B
2021-06-10T09:38:08,1000.0,5.6,B
2021-06-10T09:38:08,20700.0,5.6,B
2021-06-10T09:38:08,200.0,5.6,B
2021-06-10T09:38:04,1300.0,5.6,B
2021-06-10T09:37:57,10000.0,5.6,B
2021-06-10T09:37:56,10000.0,5.6,B
2021-06-10T09:37:38,20000.0,5.6,B
2021-06-10T09:37:36,9000.0,5.6,B
2021-06-10T09:37:35,3300.0,5.6,B
2021-06-10T09:37:35,16700.0,5.6,B
2021-06-10T09:37:34,1400.0,5.58,S
2021-06-10T09:37:25,200.0,5.6,B
2021-06-10T09:37:24,400.0,5.6,B
2021-06-10T09:37:10,7100.0,5.6,B
2021-06-10T09:37:10,7000.0,5.6,B
2021-06-10T09:37:10,9500.0,5.6,B
2021-06-10T09:37:10,2000.0,5.6,B
2021-06-10T09:37:10,27400.0,5.6,B
2021-06-10T09:37:06,10000.0,5.6,B
2021-06-10T09:37:05,2000.0,5.58,S
2021-06-10T09:37:05,8200.0,5.58,S
2021-06-10T09:37:05,100.0,5.58,S
2021-06-10T09:37:04,6000.0,5.58,S
2021-06-10T09:37:04,5300.0,5.58,S
2021-06-10T09:37:04,1300.0,5.58,S
2021-06-10T09:37:04,1500.0,5.58,S
2021-06-10T09:37:04,25600.0,5.58,S
2021-06-10T09:37:01,35000.0,5.6,B
2021-06-10T09:36:57,9100.0,5.6,B
2021-06-10T09:36:57,900.0,5.59,S
2021-06-10T09:36:56,5000.0,5.58,S
2021-06-10T09:36:53,5000.0,5.58,S
2021-06-10T09:36:41,100.0,5.59,S
2021-06-10T09:36:41,30100.0,5.6,B
2021-06-10T09:36:41,9900.0,5.59,S
2021-06-10T09:36:38,500.0,5.59,S
2021-06-10T09:36:21,300.0,5.59,S
2021-06-10T09:36:10,300.0,5.59,S
2021-06-10T09:35:49,5000.0,5.6,B
2021-06-10T09:35:39,200.0,5.58,S
2021-06-10T09:35:24,300.0,5.6,B
2021-06-10T09:35:20,10000.0,5.6,B
2021-06-10T09:35:09,2000.0,5.6,B
2021-06-10T09:35:02,100.0,5.58,S
2021-06-10T09:34:58,200.0,5.6,B
2021-06-10T09:34:58,5000.0,5.6,B
2021-06-10T09:34:57,500.0,5.6,B
2021-06-10T09:34:55,2000.0,5.6,B
2021-06-10T09:34:38,1000.0,5.6,B
2021-06-10T09:34:37,100.0,5.58,S
2021-06-10T09:34:36,100.0,5.6,B
2021-06-10T09:34:36,200.0,5.6,B
2021-06-10T09:34:21,4300.0,5.6,B
2021-06-10T09:34:21,700.0,5.6,B
2021-06-10T09:34:21,5600.0,5.6,B
2021-06-10T09:34:21,400.0,5.6,B
2021-06-10T09:34:18,200.0,5.6,B
2021-06-10T09:34:16,2000.0,5.6,B
2021-06-10T09:34:00,2500.0,5.6,B
2021-06-10T09:33:56,300.0,5.6,B
2021-06-10T09:33:54,500.0,5.6,B
2021-06-10T09:33:53,15000.0,5.6,B
2021-06-10T09:33:52,200.0,5.58,S
2021-06-10T09:33:49,2000.0,5.6,B
2021-06-10T09:33:49,500.0,5.6,B
2021-06-10T09:33:44,3000.0,5.6,B
2021-06-10T09:33:41,300.0,5.6,B
2021-06-10T09:33:28,200.0,5.6,B
2021-06-10T09:33:17,2400.0,5.58,B
2021-06-10T09:33:17,6500.0,5.58,B
2021-06-10T09:33:14,200.0,5.58,B
2021-06-10T09:33:03,3300.0,5.6,B
2021-06-10T09:33:01,2000.0,5.58,B
2021-06-10T09:32:59,200.0,5.58,B
2021-06-10T09:32:56,500.0,5.6,B
2021-06-10T09:32:49,20000.0,5.58,B
2021-06-10T09:32:26,1100.0,5.58,B
2021-06-10T09:32:25,8000.0,5.58,B
2021-06-10T09:32:21,10000.0,5.58,B
2021-06-10T09:32:20,1000.0,5.58,B
2021-06-10T09:32:18,500.0,5.58,B
2021-06-10T09:32:15,11400.0,5.58,B
2021-06-10T09:32:01,10000.0,5.6,B
2021-06-10T09:31:59,500.0,5.6,B
2021-06-10T09:31:55,10000.0,5.6,B
2021-06-10T09:31:47,1000.0,5.6,B
2021-06-10T09:31:43,12300.0,5.6,B
2021-06-10T09:31:42,1200.0,5.6,B
2021-06-10T09:31:42,22000.0,5.65,B
2021-06-10T09:31:42,2200.0,5.65,B
2021-06-10T09:31:42,1100.0,5.65,B
2021-06-10T09:31:42,74500.0,5.65,B
2021-06-10T09:31:37,500.0,5.6,B
2021-06-10T09:31:33,300.0,5.63,B
2021-06-10T09:31:23,100.0,5.6,B
2021-06-10T09:31:18,1200.0,5.6,B
2021-06-10T09:31:15,10300.0,5.6,B
2021-06-10T09:31:13,700.0,5.6,B
2021-06-10T09:31:04,9900.0,5.6,B
2021-06-10T09:30:52,300.0,5.6,B
2021-06-10T09:30:49,1000.0,5.65,B
2021-06-10T09:30:49,100.0,5.65,B
2021-06-10T09:30:49,2000.0,5.65,B
2021-06-10T09:30:49,1000.0,5.65,B
2021-06-10T09:30:49,200.0,5.64,B
2021-06-10T09:30:49,2100.0,5.64,B
2021-06-10T09:30:49,10000.0,5.62,B
2021-06-10T09:30:49,5400.0,5.62,B
2021-06-10T09:30:49,6700.0,5.62,B
2021-06-10T09:30:49,100.0,5.61,B
2021-06-10T09:30:49,21400.0,5.61,B
2021-06-10T09:30:48,200.0,5.58,S
2021-06-10T09:30:45,1000.0,5.58,S
2021-06-10T09:30:40,1000.0,5.56,S
2021-06-10T09:30:39,500.0,5.58,S
2021-06-10T09:30:37,22200.0,5.58,S
2021-06-10T09:30:35,200.0,5.6,B
2021-06-10T09:30:34,10000.0,5.6,B
2021-06-10T09:30:29,5000.0,5.6,B
2021-06-10T09:30:29,400.0,5.6,B
2021-06-10T09:30:28,14600.0,5.6,B
2021-06-10T09:30:28,200.0,5.58,S
2021-06-10T09:30:19,200.0,5.6,B
2021-06-10T09:30:12,2000.0,5.6,B
2021-06-10T09:30:09,5200.0,5.6,B
2021-06-10T09:30:08,300.0,5.6,B
2021-06-10T09:30:07,2000.0,5.58,B
2021-06-10T09:29:58,3600.0,5.6,B
2021-06-10T09:29:55,500.0,5.6,B
2021-06-10T09:29:53,2900.0,5.6,B
2021-06-10T09:29:53,3000.0,5.6,B
2021-06-10T09:29:50,5000.0,5.6,B
2021-06-10T09:29:43,7600.0,5.6,B
2021-06-10T09:29:43,10000.0,5.6,B
2021-06-10T09:29:43,2100.0,5.6,B
2021-06-10T09:29:43,300.0,5.6,B
2021-06-10T09:29:42,500.0,5.6,B
2021-06-10T09:29:42,200.0,5.6,B
2021-06-10T09:29:41,500.0,5.6,B
2021-06-10T09:29:41,6000.0,5.6,B
2021-06-10T09:29:41,2200.0,5.6,B
2021-06-10T09:29:41,7500.0,5.6,B
2021-06-10T09:29:41,9000.0,5.6,B
2021-06-10T09:29:41,1300.0,5.6,B
2021-06-10T09:29:41,100.0,5.6,B
2021-06-10T09:29:41,2000.0,5.58,B
2021-06-10T09:29:38,30000.0,5.6,B
2021-06-10T09:29:36,10000.0,5.6,B
2021-06-10T09:29:26,10000.0,5.6,B
2021-06-10T09:29:22,200.0,5.58,B
2021-06-10T09:29:22,3300.0,5.58,B
2021-06-10T09:29:21,100.0,5.6,B
2021-06-10T09:29:20,3000.0,5.6,B
2021-06-10T09:29:19,2000.0,5.6,B
2021-06-10T09:29:17,1000.0,5.6,B
2021-06-10T09:29:13,400.0,5.58,B
2021-06-10T09:29:09,1200.0,5.6,B
2021-06-10T09:29:09,3700.0,5.6,B
2021-06-10T09:29:09,10200.0,5.6,B
2021-06-10T09:29:09,32000.0,5.6,B
2021-06-10T09:29:09,17000.0,5.6,B
2021-06-10T09:29:09,100.0,5.6,B
2021-06-10T09:29:09,35800.0,5.6,B
2021-06-10T09:28:58,10000.0,5.59,B
2021-06-10T09:28:55,500.0,5.58,B
2021-06-10T09:28:55,9500.0,5.58,B
2021-06-10T09:28:54,300.0,5.58,B
2021-06-10T09:28:54,500.0,5.55,S
2021-06-10T09:28:52,500.0,5.58,B
2021-06-10T09:28:52,700.0,5.58,B
2021-06-10T09:28:48,200.0,5.58,B
2021-06-10T09:28:47,200.0,5.58,B
2021-06-10T09:28:41,5000.0,5.58,B
2021-06-10T09:28:36,3000.0,5.58,B
2021-06-10T09:28:24,2000.0,5.58,B
2021-06-10T09:28:14,800.0,5.58,B
2021-06-10T09:28:14,100.0,5.56,B
2021-06-10T09:28:14,7500.0,5.55,B
2021-06-10T09:28:05,100.0,5.55,B
2021-06-10T09:28:05,5000.0,5.55,B
2021-06-10T09:28:05,4900.0,5.55,B
2021-06-10T09:28:05,2000.0,5.55,B
2021-06-10T09:27:56,2000.0,5.55,B
2021-06-10T09:27:49,200.0,5.55,B
2021-06-10T09:27:48,600.0,5.55,B
2021-06-10T09:27:48,1100.0,5.55,B
2021-06-10T09:27:47,10000.0,5.55,B
2021-06-10T09:27:35,10000.0,5.55,B
2021-06-10T09:27:26,10000.0,5.55,B
2021-06-10T09:27:16,12700.0,5.54,B
2021-06-10T09:27:15,600.0,5.54,B
2021-06-10T09:27:15,300.0,5.55,B
2021-06-10T09:27:15,9700.0,5.55,B
2021-06-10T09:27:11,1000.0,5.54,B
2021-06-10T09:27:11,500.0,5.54,B
2021-06-10T09:26:58,100.0,5.54,B
2021-06-10T09:26:53,2000.0,5.54,B
2021-06-10T09:26:51,26100.0,5.54,B
2021-06-10T09:26:49,2000.0,5.54,B
2021-06-10T09:26:45,10000.0,5.54,B
2021-06-10T09:26:44,10000.0,5.54,B
2021-06-10T09:26:40,1000.0,5.53,S
2021-06-10T09:26:33,5400.0,5.54,B
2021-06-10T09:26:28,2000.0,5.54,B
2021-06-10T09:26:22,3500.0,5.54,B
2021-06-10T09:26:22,100.0,5.54,B
2021-06-10T09:26:16,1000.0,5.54,B
2021-06-10T09:26:06,1000.0,5.54,B
2021-06-10T09:26:04,1000.0,5.53,B
2021-06-10T09:25:59,2000.0,5.52,S
2021-06-10T09:25:52,3500.0,5.52,S
2021-06-10T09:25:41,18000.0,5.54,B
2021-06-10T09:25:41,200.0,5.54,B
2021-06-10T09:25:41,2700.0,5.54,B
2021-06-10T09:25:41,100.0,5.53,B
2021-06-10T09:25:41,3600.0,5.53,B
2021-06-10T09:25:41,10700.0,5.53,B
2021-06-10T09:25:36,200.0,5.53,B
2021-06-10T09:25:22,2000.0,5.52,S
2021-06-10T09:25:18,5000.0,5.53,B
2021-06-10T09:25:09,300.0,5.53,B
2021-06-10T09:25:04,5000.0,5.53,B
2021-06-10T09:25:04,10000.0,5.53,B
2021-06-10T09:24:58,1000.0,5.52,S
2021-06-10T09:24:50,17100.0,5.53,B
2021-06-10T09:24:47,2200.0,5.53,B
2021-06-10T09:24:47,700.0,5.53,B
2021-06-10T09:24:47,17100.0,5.53,B
2021-06-10T09:24:39,3000.0,5.52,S
2021-06-10T09:24:31,200.0,5.52,S
2021-06-10T09:24:28,900.0,5.52,S
2021-06-10T09:24:23,1000.0,5.52,S
2021-06-10T09:24:15,8900.0,5.53,B
2021-06-10T09:24:15,1100.0,5.53,B
2021-06-10T09:24:12,500.0,5.52,B
2021-06-10T09:24:11,20000.0,5.53,B
2021-06-10T09:24:05,3400.0,5.52,B
2021-06-10T09:23:58,1000.0,5.52,B
2021-06-10T09:23:49,2000.0,5.52,B
2021-06-10T09:23:40,1500.0,5.52,B
2021-06-10T09:23:35,700.0,5.52,B
2021-06-10T09:23:23,4700.0,5.51,B
2021-06-10T09:23:20,1600.0,5.5,S
2021-06-10T09:23:02,1700.0,5.5,S
2021-06-10T09:23:02,1000.0,5.5,S
2021-06-10T09:22:54,500.0,5.5,B
2021-06-10T09:22:54,1500.0,5.5,B
2021-06-10T09:22:54,1500.0,5.5,B
2021-06-10T09:22:54,1000.0,5.5,B
2021-06-10T09:22:54,11000.0,5.5,B
2021-06-10T09:22:54,11800.0,5.5,B
2021-06-10T09:22:54,600.0,5.5,B
2021-06-10T09:22:54,100.0,5.5,B
2021-06-10T09:22:54,1600.0,5.5,B
2021-06-10T09:22:54,15000.0,5.5,B
2021-06-10T09:22:53,15800.0,5.5,B
2021-06-10T09:22:41,100.0,5.48,S
2021-06-10T09:22:34,300.0,5.49,B
2021-06-10T09:22:34,500.0,5.49,B
2021-06-10T09:22:20,5000.0,5.49,B
2021-06-10T09:21:36,100.0,5.48,S
2021-06-10T09:21:20,100.0,5.48,S
2021-06-10T09:21:10,5000.0,5.45,S
2021-06-10T09:20:59,100.0,5.48,S
2021-06-10T09:20:53,6000.0,5.48,S
2021-06-10T09:20:47,100000.0,5.49,B
2021-06-10T09:20:43,500.0,5.48,S
2021-06-10T09:20:38,1000.0,5.48,S
2021-06-10T09:19:27,100.0,5.48,S
2021-06-10T09:18:35,100.0,5.48,S
2021-06-10T09:17:51,5000.0,5.49,B
2021-06-10T09:17:44,5000.0,5.49,B
2021-06-10T09:17:34,100.0,5.43,S
2021-06-10T09:17:22,2000.0,5.49,B
2021-06-10T09:17:11,100.0,5.47,S
2021-06-10T09:17:05,100.0,5.49,B
