tradingTime,volume,price,side
2021-06-10T14:30:11,500.0,13.8,B
2021-06-10T14:29:45,500.0,13.8,B
2021-06-10T14:29:29,400.0,13.75,S
2021-06-10T14:29:21,1000.0,13.8,B
2021-06-10T14:28:41,500.0,13.75,S
2021-06-10T14:27:57,300.0,13.8,B
2021-06-10T14:27:51,500.0,13.8,B
2021-06-10T14:26:31,100.0,13.75,S
2021-06-10T14:26:03,100.0,13.75,S
2021-06-10T14:24:18,100.0,13.7,B
2021-06-10T14:23:33,4000.0,13.8,B
2021-06-10T14:23:06,500.0,13.7,S
2021-06-10T14:21:15,500.0,13.8,B
2021-06-10T14:20:03,2000.0,13.8,B
2021-06-10T14:18:01,2000.0,13.75,B
2021-06-10T14:17:06,5000.0,13.75,B
2021-06-10T14:16:23,1000.0,13.75,B
2021-06-10T14:15:56,1000.0,13.75,B
2021-06-10T14:15:19,1500.0,13.75,B
2021-06-10T14:14:58,1000.0,13.75,B
2021-06-10T14:14:21,3000.0,13.75,B
2021-06-10T14:14:00,2000.0,13.75,B
2021-06-10T14:13:10,200.0,13.7,S
2021-06-10T14:10:23,1000.0,13.75,B
2021-06-10T14:09:45,2200.0,13.65,S
2021-06-10T14:07:20,1000.0,13.75,B
2021-06-10T14:07:09,10500.0,13.65,S
2021-06-10T14:07:09,5200.0,13.65,S
2021-06-10T14:07:09,200.0,13.65,S
2021-06-10T14:07:09,3600.0,13.65,S
2021-06-10T14:07:02,300.0,13.7,B
2021-06-10T14:06:24,600.0,13.7,B
2021-06-10T14:05:29,100.0,13.7,S
2021-06-10T14:04:55,500.0,13.75,B
2021-06-10T14:04:37,200.0,13.7,S
2021-06-10T14:04:26,2000.0,13.75,B
2021-06-10T14:04:19,1000.0,13.75,B
2021-06-10T14:04:09,700.0,13.7,S
2021-06-10T14:04:09,7000.0,13.7,S
2021-06-10T14:04:09,6000.0,13.7,S
2021-06-10T14:04:09,1000.0,13.7,S
2021-06-10T14:04:09,10300.0,13.7,S
2021-06-10T14:04:09,1000.0,13.7,S
2021-06-10T14:02:27,200.0,13.75,B
2021-06-10T13:57:47,100.0,13.8,B
2021-06-10T13:55:02,500.0,13.8,B
2021-06-10T13:54:47,1000.0,13.8,B
2021-06-10T13:54:43,500.0,13.8,B
2021-06-10T13:54:33,500.0,13.8,B
2021-06-10T13:54:25,1000.0,13.8,B
2021-06-10T13:54:16,4800.0,13.7,S
2021-06-10T13:54:16,500.0,13.7,S
2021-06-10T13:54:16,11700.0,13.7,S
2021-06-10T13:53:33,500.0,13.75,S
2021-06-10T13:51:15,500.0,13.8,B
2021-06-10T13:50:35,800.0,13.75,S
2021-06-10T13:49:48,100.0,13.75,B
2021-06-10T13:49:46,1000.0,13.75,B
2021-06-10T13:49:20,500.0,13.75,B
2021-06-10T13:49:14,500.0,13.75,B
2021-06-10T13:48:53,800.0,13.75,B
2021-06-10T13:48:53,500.0,13.75,B
2021-06-10T13:48:33,500.0,13.75,B
2021-06-10T13:48:01,1000.0,13.75,B
2021-06-10T13:47:39,500.0,13.75,B
2021-06-10T13:47:18,1000.0,13.75,B
2021-06-10T13:47:15,500.0,13.75,B
2021-06-10T13:46:40,500.0,13.75,B
2021-06-10T13:46:28,500.0,13.75,B
2021-06-10T13:46:25,1000.0,13.75,B
2021-06-10T13:46:11,500.0,13.75,B
2021-06-10T13:44:30,1000.0,13.75,B
2021-06-10T13:44:29,100.0,13.75,B
2021-06-10T13:44:29,900.0,13.75,B
2021-06-10T13:44:03,200.0,13.7,B
2021-06-10T13:43:22,5000.0,13.75,B
2021-06-10T13:43:13,2000.0,13.75,B
2021-06-10T13:43:05,11100.0,13.7,S
2021-06-10T13:42:30,3000.0,13.75,B
2021-06-10T13:42:19,100.0,13.7,S
2021-06-10T13:37:29,1000.0,13.8,B
2021-06-10T13:37:07,3000.0,13.7,S
2021-06-10T13:36:42,1000.0,13.7,S
2021-06-10T13:34:03,3000.0,13.7,S
2021-06-10T13:32:55,2000.0,13.75,B
2021-06-10T13:32:11,100.0,13.75,B
2021-06-10T13:28:14,500.0,13.8,B
2021-06-10T13:25:33,500.0,13.65,S
2021-06-10T13:25:21,2000.0,13.8,B
2021-06-10T13:25:11,1000.0,13.7,B
2021-06-10T13:24:36,400.0,13.65,S
2021-06-10T13:22:04,400.0,13.65,S
2021-06-10T13:21:39,200.0,13.65,S
2021-06-10T13:21:20,400.0,13.65,S
2021-06-10T13:21:18,1000.0,13.7,B
2021-06-10T13:20:50,1000.0,13.7,B
2021-06-10T13:20:02,300.0,13.7,B
2021-06-10T13:19:28,2100.0,13.7,S
2021-06-10T13:17:11,4400.0,13.8,B
2021-06-10T13:17:09,2900.0,13.7,S
2021-06-10T13:15:36,1000.0,13.7,B
2021-06-10T13:15:02,4200.0,13.7,B
2021-06-10T13:11:52,800.0,13.7,B
2021-06-10T13:11:10,600.0,13.7,B
2021-06-10T13:09:57,600.0,13.7,B
2021-06-10T13:09:42,400.0,13.7,B
2021-06-10T13:09:20,100.0,13.7,B
2021-06-10T13:07:49,100.0,13.7,S
2021-06-10T13:05:45,1400.0,13.7,S
2021-06-10T13:04:45,900.0,13.75,S
2021-06-10T13:03:57,100.0,13.75,S
2021-06-10T13:00:30,300.0,13.8,B
2021-06-10T13:00:22,2000.0,13.8,B
2021-06-10T11:30:11,1000.0,13.8,B
2021-06-10T11:30:07,1000.0,13.8,B
2021-06-10T11:30:02,1000.0,13.8,B
2021-06-10T11:29:40,500.0,13.8,B
2021-06-10T11:29:39,1000.0,13.8,B
2021-06-10T11:29:33,8500.0,13.8,B
2021-06-10T11:26:27,2000.0,13.8,B
2021-06-10T11:26:01,100.0,13.8,B
2021-06-10T11:26:01,1900.0,13.7,B
2021-06-10T11:25:54,13100.0,13.7,S
2021-06-10T11:25:18,500.0,13.8,B
2021-06-10T11:25:08,500.0,13.8,B
2021-06-10T11:25:01,1000.0,13.8,B
2021-06-10T11:24:51,300.0,13.8,B
2021-06-10T11:24:41,1000.0,13.8,B
2021-06-10T11:24:31,500.0,13.8,B
2021-06-10T11:24:24,3000.0,13.8,B
2021-06-10T11:24:10,2500.0,13.7,S
2021-06-10T11:24:10,5000.0,13.7,S
2021-06-10T11:24:10,1000.0,13.7,S
2021-06-10T11:24:10,500.0,13.7,S
2021-06-10T11:21:39,500.0,13.8,B
2021-06-10T11:21:23,500.0,13.8,B
2021-06-10T11:18:06,1000.0,13.8,B
2021-06-10T11:17:41,1000.0,13.8,B
2021-06-10T11:17:35,2500.0,13.8,B
2021-06-10T11:17:17,4500.0,13.7,S
2021-06-10T11:17:17,3000.0,13.7,S
2021-06-10T11:17:17,7500.0,13.7,S
2021-06-10T11:17:05,500.0,13.8,B
2021-06-10T11:16:59,10000.0,13.8,B
2021-06-10T11:16:54,5000.0,13.8,B
2021-06-10T11:16:32,10000.0,13.8,B
2021-06-10T11:16:29,500.0,13.8,B
2021-06-10T11:16:13,500.0,13.8,B
2021-06-10T11:16:13,1000.0,13.8,B
2021-06-10T11:16:04,1000.0,13.8,B
2021-06-10T11:15:57,1000.0,13.8,B
2021-06-10T11:12:44,500.0,13.8,B
2021-06-10T11:12:37,1000.0,13.8,B
2021-06-10T11:12:33,700.0,13.8,B
2021-06-10T11:12:32,300.0,13.8,B
2021-06-10T11:12:25,2000.0,13.8,B
2021-06-10T11:12:16,500.0,13.7,B
2021-06-10T11:12:14,9000.0,13.7,S
2021-06-10T11:12:00,1000.0,13.8,B
2021-06-10T11:11:53,1000.0,13.8,B
2021-06-10T11:11:45,1000.0,13.8,B
2021-06-10T11:11:37,1000.0,13.8,B
2021-06-10T11:11:00,500.0,13.8,B
2021-06-10T11:10:53,1000.0,13.8,B
2021-06-10T11:10:44,500.0,13.8,B
2021-06-10T11:10:36,5000.0,13.7,S
2021-06-10T11:06:37,3000.0,13.8,B
2021-06-10T11:06:36,1000.0,13.75,B
2021-06-10T11:06:16,1000.0,13.75,B
2021-06-10T11:06:10,1000.0,13.75,B
2021-06-10T11:06:03,1500.0,13.75,B
2021-06-10T11:05:54,4000.0,13.7,S
2021-06-10T11:04:42,1000.0,13.75,B
2021-06-10T11:04:01,500.0,13.75,B
2021-06-10T11:03:51,500.0,13.75,B
2021-06-10T11:03:45,1000.0,13.75,B
2021-06-10T11:03:36,4000.0,13.7,S
2021-06-10T11:02:06,1000.0,13.75,B
2021-06-10T11:01:58,2000.0,13.7,S
2021-06-10T11:00:56,200.0,13.75,B
2021-06-10T11:00:34,500.0,13.75,S
2021-06-10T10:57:18,500.0,13.8,B
2021-06-10T10:57:17,2000.0,13.8,B
2021-06-10T10:57:05,500.0,13.8,B
2021-06-10T10:57:01,500.0,13.8,B
2021-06-10T10:56:48,1000.0,13.7,S
2021-06-10T10:56:33,100.0,13.8,B
2021-06-10T10:56:19,100.0,13.8,B
2021-06-10T10:55:35,1900.0,13.8,S
2021-06-10T10:55:19,1000.0,13.8,S
2021-06-10T10:55:17,500.0,13.85,B
2021-06-10T10:55:10,1500.0,13.8,S
2021-06-10T10:55:08,500.0,13.8,S
2021-06-10T10:54:54,500.0,13.8,S
2021-06-10T10:54:48,500.0,13.8,S
2021-06-10T10:54:35,2300.0,13.8,B
2021-06-10T10:54:12,1500.0,13.8,B
2021-06-10T10:53:52,1000.0,13.8,B
2021-06-10T10:53:52,2700.0,13.8,B
2021-06-10T10:53:29,3300.0,13.8,B
2021-06-10T10:53:16,100.0,13.8,B
2021-06-10T10:53:04,1000.0,13.8,B
2021-06-10T10:53:03,500.0,13.8,B
2021-06-10T10:52:50,1000.0,13.8,B
2021-06-10T10:52:43,1000.0,13.8,B
2021-06-10T10:52:32,1000.0,13.8,B
2021-06-10T10:52:26,1000.0,13.8,B
2021-06-10T10:52:16,1000.0,13.8,B
2021-06-10T10:51:35,1000.0,13.8,B
2021-06-10T10:51:21,1000.0,13.8,B
2021-06-10T10:50:50,1000.0,13.8,B
2021-06-10T10:50:40,1000.0,13.8,B
2021-06-10T10:50:25,1000.0,13.8,B
2021-06-10T10:50:07,1000.0,13.75,S
2021-06-10T10:49:31,900.0,13.8,B
2021-06-10T10:49:31,600.0,13.8,B
2021-06-10T10:49:06,100.0,13.8,B
2021-06-10T10:48:20,100.0,13.8,B
2021-06-10T10:48:07,500.0,13.8,B
2021-06-10T10:47:59,1000.0,13.8,B
2021-06-10T10:47:57,5000.0,13.8,B
2021-06-10T10:47:52,2500.0,13.8,B
2021-06-10T10:47:50,500.0,13.8,B
2021-06-10T10:47:47,5000.0,13.8,B
2021-06-10T10:47:44,500.0,13.8,B
2021-06-10T10:47:34,1900.0,13.8,B
2021-06-10T10:47:31,2500.0,13.8,B
2021-06-10T10:47:21,1000.0,13.8,B
2021-06-10T10:47:20,1000.0,13.8,B
2021-06-10T10:47:18,4500.0,13.8,B
2021-06-10T10:47:12,1500.0,13.75,S
2021-06-10T10:47:12,2500.0,13.75,S
2021-06-10T10:46:57,1000.0,13.8,B
2021-06-10T10:46:54,1000.0,13.8,B
2021-06-10T10:46:52,2000.0,13.8,B
2021-06-10T10:46:52,100.0,13.8,B
2021-06-10T10:46:51,900.0,13.8,B
2021-06-10T10:46:24,1000.0,13.8,B
2021-06-10T10:46:17,5000.0,13.8,B
2021-06-10T10:46:09,5000.0,13.8,B
2021-06-10T10:46:06,1000.0,13.8,B
2021-06-10T10:45:54,2000.0,13.8,B
2021-06-10T10:45:31,2000.0,13.8,B
2021-06-10T10:45:16,2000.0,13.8,B
2021-06-10T10:44:21,1000.0,13.8,B
2021-06-10T10:44:08,1000.0,13.8,B
2021-06-10T10:42:11,500.0,13.8,B
2021-06-10T10:41:52,7000.0,13.8,B
2021-06-10T10:40:44,1000.0,13.75,B
2021-06-10T10:40:14,1000.0,13.75,B
2021-06-10T10:40:05,3200.0,13.7,S
2021-06-10T10:39:28,4000.0,13.75,B
2021-06-10T10:39:16,3000.0,13.7,B
2021-06-10T10:37:39,2000.0,13.75,B
2021-06-10T10:36:42,1000.0,13.75,B
2021-06-10T10:35:12,500.0,13.75,B
2021-06-10T10:34:37,1000.0,13.75,B
2021-06-10T10:33:23,200.0,13.75,B
2021-06-10T10:33:08,1500.0,13.75,B
2021-06-10T10:33:02,1000.0,13.75,B
2021-06-10T10:32:23,5000.0,13.75,B
2021-06-10T10:31:01,3000.0,13.75,B
2021-06-10T10:29:55,2000.0,13.75,B
2021-06-10T10:29:31,1000.0,13.75,B
2021-06-10T10:29:03,600.0,13.4,S
2021-06-10T10:29:03,300.0,13.4,S
2021-06-10T10:27:16,2000.0,13.8,B
2021-06-10T10:27:00,1500.0,13.8,B
2021-06-10T10:26:48,1000.0,13.8,B
2021-06-10T10:26:09,1000.0,13.75,S
2021-06-10T10:25:41,6000.0,13.8,B
2021-06-10T10:21:29,3500.0,13.8,B
2021-06-10T10:21:29,6500.0,13.75,B
2021-06-10T10:21:17,300.0,13.6,B
2021-06-10T10:21:08,2500.0,13.6,B
2021-06-10T10:20:12,700.0,13.6,B
2021-06-10T10:20:09,10000.0,13.75,B
2021-06-10T10:19:00,2000.0,13.6,S
2021-06-10T10:18:40,500.0,13.75,S
2021-06-10T10:17:14,300.0,13.6,S
2021-06-10T10:15:41,3000.0,13.8,B
2021-06-10T10:14:20,10000.0,13.8,B
2021-06-10T10:12:18,1000.0,13.8,B
2021-06-10T10:11:30,500.0,13.8,B
2021-06-10T10:07:40,10000.0,13.8,B
2021-06-10T10:07:03,500.0,13.8,B
2021-06-10T10:06:34,100.0,13.8,B
2021-06-10T10:05:50,1000.0,13.8,B
2021-06-10T10:05:49,5000.0,13.8,B
2021-06-10T10:04:53,500.0,13.75,B
2021-06-10T10:04:24,3500.0,13.75,B
2021-06-10T10:03:36,300.0,13.75,B
2021-06-10T10:02:53,3000.0,13.75,B
2021-06-10T10:01:56,10000.0,13.75,B
2021-06-10T09:59:40,10000.0,13.7,B
2021-06-10T09:58:59,5000.0,13.7,B
2021-06-10T09:58:50,100.0,13.6,B
2021-06-10T09:58:46,600.0,13.6,B
2021-06-10T09:56:48,600.0,13.65,B
2021-06-10T09:56:48,2800.0,13.65,B
2021-06-10T09:56:47,1000.0,13.6,B
2021-06-10T09:55:40,1400.0,13.7,B
2021-06-10T09:55:40,8600.0,13.7,B
2021-06-10T09:54:55,5500.0,13.7,B
2021-06-10T09:54:55,4500.0,13.7,B
2021-06-10T09:54:31,2600.0,13.7,B
2021-06-10T09:54:31,2400.0,13.7,B
2021-06-10T09:54:16,3000.0,13.7,B
2021-06-10T09:53:59,2000.0,13.7,B
2021-06-10T09:53:44,1100.0,13.0,S
2021-06-10T09:53:44,5000.0,13.0,S
2021-06-10T09:53:44,5000.0,13.0,S
2021-06-10T09:53:44,2300.0,13.0,S
2021-06-10T09:53:44,16600.0,13.0,S
2021-06-10T09:53:43,400.0,13.6,S
2021-06-10T09:53:43,2600.0,13.6,S
2021-06-10T09:53:22,10000.0,13.7,B
2021-06-10T09:53:13,4000.0,13.7,B
2021-06-10T09:53:03,1400.0,13.6,S
2021-06-10T09:53:01,5000.0,13.7,B
2021-06-10T09:52:53,1500.0,13.7,B
2021-06-10T09:52:49,1800.0,13.6,S
2021-06-10T09:52:45,2500.0,13.7,B
2021-06-10T09:52:31,1000.0,13.6,S
2021-06-10T09:51:47,200.0,13.6,S
2021-06-10T09:51:14,5000.0,13.7,B
2021-06-10T09:50:42,3000.0,13.7,S
2021-06-10T09:50:14,2000.0,13.7,S
2021-06-10T09:48:36,2000.0,13.6,S
2021-06-10T09:47:59,5000.0,13.7,S
2021-06-10T09:47:43,500.0,13.7,S
2021-06-10T09:47:31,2000.0,13.7,S
2021-06-10T09:47:28,10000.0,13.7,S
2021-06-10T09:46:49,4500.0,13.7,S
2021-06-10T09:46:45,1000.0,13.7,S
2021-06-10T09:46:28,1100.0,13.8,B
2021-06-10T09:46:27,900.0,13.8,B
2021-06-10T09:45:39,300.0,13.8,S
2021-06-10T09:45:19,500.0,13.8,S
2021-06-10T09:45:18,300.0,13.8,S
2021-06-10T09:45:18,200.0,13.8,S
2021-06-10T09:44:53,500.0,13.7,S
2021-06-10T09:41:58,3000.0,13.85,B
2021-06-10T09:41:05,10000.0,13.7,S
2021-06-10T09:40:26,300.0,13.8,S
2021-06-10T09:39:36,200.0,13.8,S
2021-06-10T09:38:49,3000.0,13.8,S
2021-06-10T09:37:59,3000.0,13.85,B
2021-06-10T09:37:46,500.0,13.8,S
2021-06-10T09:37:18,500.0,13.85,B
2021-06-10T09:37:18,1400.0,13.85,B
2021-06-10T09:37:18,100.0,13.8,S
2021-06-10T09:36:48,300.0,13.8,S
2021-06-10T09:36:20,600.0,13.8,S
2021-06-10T09:35:55,2000.0,13.85,B
2021-06-10T09:35:17,200.0,13.8,S
2021-06-10T09:35:04,1000.0,13.85,B
2021-06-10T09:34:01,5000.0,13.85,B
2021-06-10T09:32:48,5000.0,13.85,B
2021-06-10T09:32:37,100.0,13.8,S
2021-06-10T09:31:46,600.0,13.85,B
2021-06-10T09:31:46,1400.0,13.85,B
2021-06-10T09:31:03,100.0,13.8,B
2021-06-10T09:30:47,500.0,13.8,B
2021-06-10T09:30:35,100.0,13.85,B
2021-06-10T09:30:28,1400.0,13.8,B
2021-06-10T09:30:12,2500.0,13.8,S
2021-06-10T09:30:12,100.0,13.8,S
2021-06-10T09:30:12,4500.0,13.8,S
2021-06-10T09:30:02,200.0,13.85,B
2021-06-10T09:30:01,200.0,13.85,B
2021-06-10T09:29:55,300.0,13.8,S
2021-06-10T09:29:26,100.0,13.8,S
2021-06-10T09:29:19,2000.0,13.85,B
2021-06-10T09:29:19,1000.0,13.85,B
2021-06-10T09:29:19,2000.0,13.85,B
2021-06-10T09:28:08,2000.0,13.85,B
2021-06-10T09:27:26,1000.0,13.8,S
2021-06-10T09:26:01,1900.0,13.85,B
2021-06-10T09:26:01,100.0,13.85,B
2021-06-10T09:24:29,300.0,13.85,B
2021-06-10T09:24:15,1000.0,13.85,B
2021-06-10T09:23:21,3000.0,13.85,B
2021-06-10T09:22:37,100.0,13.85,B
2021-06-10T09:22:16,3000.0,13.85,B
2021-06-10T09:21:15,1000.0,13.85,B
2021-06-10T09:21:13,2000.0,13.8,S
2021-06-10T09:21:10,2000.0,13.8,S
2021-06-10T09:21:08,1700.0,13.85,B
2021-06-10T09:20:30,5000.0,13.8,S
2021-06-10T09:20:13,4100.0,13.85,B
2021-06-10T09:18:53,700.0,13.85,S
2021-06-10T09:18:49,700.0,13.95,B
2021-06-10T09:18:48,1000.0,13.95,B
2021-06-10T09:18:34,2000.0,13.85,S
2021-06-10T09:18:00,300.0,13.85,S
2021-06-10T09:17:51,5000.0,13.8,S
2021-06-10T09:17:49,14500.0,13.8,S
2021-06-10T09:17:30,100.0,13.85,B
2021-06-10T09:17:17,1100.0,13.85,S
2021-06-10T09:17:02,100.0,13.85,S
2021-06-10T09:16:59,100.0,13.9,B
2021-06-10T09:16:31,100.0,13.85,S
2021-06-10T09:16:17,400.0,13.85,S
2021-06-10T09:16:09,4000.0,13.85,S
2021-06-10T09:15:37,1000.0,13.85,B
2021-06-10T09:15:33,100.0,13.8,S
