tradingTime,volume,price,side
2021-06-10T14:30:21,500.0,3.87,B
2021-06-10T14:30:16,2900.0,3.87,B
2021-06-10T14:30:06,20000.0,3.86,S
2021-06-10T14:30:00,34000.0,3.88,B
2021-06-10T14:29:46,100.0,3.87,B
2021-06-10T14:29:41,800.0,3.87,B
2021-06-10T14:29:39,100.0,3.86,S
2021-06-10T14:29:38,900.0,3.87,B
2021-06-10T14:29:37,300.0,3.87,B
2021-06-10T14:29:36,30600.0,3.87,B
2021-06-10T14:29:25,500.0,3.87,B
2021-06-10T14:29:22,6000.0,3.87,B
2021-06-10T14:29:16,4900.0,3.87,B
2021-06-10T14:29:16,4200.0,3.87,B
2021-06-10T14:29:16,5900.0,3.87,B
2021-06-10T14:29:07,100.0,3.87,B
2021-06-10T14:28:55,400.0,3.87,B
2021-06-10T14:28:52,500.0,3.86,S
2021-06-10T14:28:48,5000.0,3.87,B
2021-06-10T14:28:34,100.0,3.86,S
2021-06-10T14:28:29,200.0,3.87,B
2021-06-10T14:28:22,1000.0,3.87,B
2021-06-10T14:28:11,100.0,3.87,B
2021-06-10T14:28:10,200.0,3.87,B
2021-06-10T14:28:09,4000.0,3.86,S
2021-06-10T14:28:07,400.0,3.87,B
2021-06-10T14:28:06,1000.0,3.87,B
2021-06-10T14:27:55,4000.0,3.87,S
2021-06-10T14:27:48,8100.0,3.86,S
2021-06-10T14:27:48,10000.0,3.87,S
2021-06-10T14:27:45,3000.0,3.87,S
2021-06-10T14:27:06,100.0,3.87,S
2021-06-10T14:27:05,100.0,3.87,S
2021-06-10T14:27:05,10000.0,3.87,S
2021-06-10T14:26:58,1500.0,3.86,S
2021-06-10T14:26:58,100.0,3.86,S
2021-06-10T14:26:57,100.0,3.87,S
2021-06-10T14:26:47,2000.0,3.86,S
2021-06-10T14:26:47,3000.0,3.87,S
2021-06-10T14:26:33,1500.0,3.88,B
2021-06-10T14:26:29,15000.0,3.88,B
2021-06-10T14:26:27,20000.0,3.88,B
2021-06-10T14:26:12,500.0,3.87,B
2021-06-10T14:26:05,1300.0,3.88,B
2021-06-10T14:26:05,10100.0,3.88,B
2021-06-10T14:26:04,28600.0,3.88,B
2021-06-10T14:26:03,1900.0,3.87,B
2021-06-10T14:26:01,1600.0,3.87,B
2021-06-10T14:25:38,2600.0,3.87,B
2021-06-10T14:25:36,1100.0,3.87,B
2021-06-10T14:25:36,4600.0,3.87,B
2021-06-10T14:25:36,10000.0,3.87,B
2021-06-10T14:25:36,181700.0,3.87,B
2021-06-10T14:25:35,9800.0,3.85,S
2021-06-10T14:25:22,3000.0,3.86,S
2021-06-10T14:25:22,1000.0,3.86,S
2021-06-10T14:25:04,30000.0,3.86,S
2021-06-10T14:25:04,1000.0,3.87,B
2021-06-10T14:25:02,4500.0,3.86,S
2021-06-10T14:24:56,5000.0,3.86,S
2021-06-10T14:24:55,5100.0,3.86,S
2021-06-10T14:24:52,1000.0,3.87,B
2021-06-10T14:24:31,200.0,3.87,B
2021-06-10T14:24:20,200.0,3.87,B
2021-06-10T14:24:17,10000.0,3.87,B
2021-06-10T14:24:12,9000.0,3.87,B
2021-06-10T14:24:12,1100.0,3.87,B
2021-06-10T14:24:09,5000.0,3.87,B
2021-06-10T14:24:05,700.0,3.87,B
2021-06-10T14:24:03,2100.0,3.87,B
2021-06-10T14:24:03,2000.0,3.87,B
2021-06-10T14:23:47,7600.0,3.87,B
2021-06-10T14:23:44,7400.0,3.87,B
2021-06-10T14:23:39,1000.0,3.87,B
2021-06-10T14:23:31,1400.0,3.86,S
2021-06-10T14:23:23,3000.0,3.87,S
2021-06-10T14:23:23,1900.0,3.87,S
2021-06-10T14:23:17,5000.0,3.88,B
2021-06-10T14:23:16,10000.0,3.87,S
2021-06-10T14:23:14,100.0,3.87,S
2021-06-10T14:23:00,5000.0,3.87,S
2021-06-10T14:22:39,1000.0,3.88,B
2021-06-10T14:22:37,4500.0,3.87,S
2021-06-10T14:22:36,1000.0,3.87,S
2021-06-10T14:22:34,3200.0,3.88,B
2021-06-10T14:22:25,2000.0,3.88,B
2021-06-10T14:22:18,5100.0,3.87,S
2021-06-10T14:21:52,4000.0,3.88,B
2021-06-10T14:21:47,13000.0,3.87,S
2021-06-10T14:21:43,400.0,3.87,S
2021-06-10T14:21:41,1000.0,3.88,B
2021-06-10T14:21:39,1000.0,3.88,B
2021-06-10T14:21:27,500.0,3.87,S
2021-06-10T14:21:18,100.0,3.88,B
2021-06-10T14:21:15,1000.0,3.87,S
2021-06-10T14:21:13,3000.0,3.87,S
2021-06-10T14:21:03,1000.0,3.87,B
2021-06-10T14:21:02,500.0,3.87,B
2021-06-10T14:21:02,14500.0,3.87,B
2021-06-10T14:20:34,300.0,3.87,S
2021-06-10T14:20:34,100.0,3.87,S
2021-06-10T14:20:31,500.0,3.87,S
2021-06-10T14:20:22,600.0,3.88,B
2021-06-10T14:20:22,1000.0,3.88,B
2021-06-10T14:20:22,5000.0,3.87,S
2021-06-10T14:20:22,700.0,3.87,S
2021-06-10T14:20:09,200.0,3.87,S
2021-06-10T14:19:51,4600.0,3.87,S
2021-06-10T14:19:50,5500.0,3.86,S
2021-06-10T14:19:50,13800.0,3.86,S
2021-06-10T14:19:50,11100.0,3.86,S
2021-06-10T14:19:50,16100.0,3.86,S
2021-06-10T14:19:50,6500.0,3.86,S
2021-06-10T14:19:46,5400.0,3.87,S
2021-06-10T14:19:39,1000.0,3.87,S
2021-06-10T14:19:38,2000.0,3.87,S
2021-06-10T14:19:28,13900.0,3.88,B
2021-06-10T14:19:28,14000.0,3.88,B
2021-06-10T14:19:28,5000.0,3.88,B
2021-06-10T14:19:28,5100.0,3.88,B
2021-06-10T14:19:23,1000.0,3.87,S
2021-06-10T14:19:05,1000.0,3.87,B
2021-06-10T14:19:05,8000.0,3.87,B
2021-06-10T14:19:05,38800.0,3.87,B
2021-06-10T14:18:40,10000.0,3.87,B
2021-06-10T14:18:36,10900.0,3.87,S
2021-06-10T14:18:28,5000.0,3.87,S
2021-06-10T14:18:23,28100.0,3.87,S
2021-06-10T14:18:15,500.0,3.87,S
2021-06-10T14:18:15,500.0,3.88,B
2021-06-10T14:18:11,400.0,3.88,B
2021-06-10T14:18:11,28500.0,3.88,B
2021-06-10T14:18:11,52000.0,3.88,B
2021-06-10T14:18:11,100000.0,3.88,B
2021-06-10T14:18:11,12400.0,3.88,B
2021-06-10T14:18:11,6700.0,3.88,B
2021-06-10T14:18:07,200.0,3.87,S
2021-06-10T14:18:04,1000.0,3.87,S
2021-06-10T14:17:55,3000.0,3.88,B
2021-06-10T14:17:46,2000.0,3.87,S
2021-06-10T14:17:46,100.0,3.87,S
2021-06-10T14:17:35,5100.0,3.87,S
2021-06-10T14:17:22,31200.0,3.87,B
2021-06-10T14:17:02,100.0,3.87,B
2021-06-10T14:16:42,100.0,3.86,S
2021-06-10T14:16:33,900.0,3.87,S
2021-06-10T14:16:30,10000.0,3.87,S
2021-06-10T14:16:23,1000.0,3.87,S
2021-06-10T14:16:12,400.0,3.87,S
2021-06-10T14:16:09,3000.0,3.87,S
2021-06-10T14:15:57,100.0,3.87,S
2021-06-10T14:15:55,1000.0,3.87,S
2021-06-10T14:15:42,10500.0,3.87,B
2021-06-10T14:15:41,3400.0,3.87,B
2021-06-10T14:15:30,2000.0,3.86,S
2021-06-10T14:15:24,9000.0,3.88,B
2021-06-10T14:15:24,2300.0,3.87,B
2021-06-10T14:14:45,100.0,3.87,B
2021-06-10T14:14:42,101500.0,3.86,S
2021-06-10T14:14:40,100.0,3.86,S
2021-06-10T14:14:36,4400.0,3.87,S
2021-06-10T14:14:35,100.0,3.87,S
2021-06-10T14:14:33,100.0,3.88,B
2021-06-10T14:14:30,500.0,3.88,B
2021-06-10T14:14:16,100.0,3.87,S
2021-06-10T14:14:16,400.0,3.87,S
2021-06-10T14:14:16,500.0,3.87,S
2021-06-10T14:14:01,500.0,3.87,S
2021-06-10T14:13:54,2500.0,3.88,B
2021-06-10T14:13:54,2500.0,3.88,B
2021-06-10T14:13:47,100.0,3.86,S
2021-06-10T14:13:43,3000.0,3.88,B
2021-06-10T14:13:38,2000.0,3.87,B
2021-06-10T14:13:37,7500.0,3.87,S
2021-06-10T14:13:34,5000.0,3.88,B
2021-06-10T14:13:28,10000.0,3.87,S
2021-06-10T14:13:21,300.0,3.87,S
2021-06-10T14:13:17,500.0,3.87,S
2021-06-10T14:13:09,100.0,3.88,B
2021-06-10T14:12:45,100.0,3.87,S
2021-06-10T14:12:44,900.0,3.88,S
2021-06-10T14:12:41,500.0,3.88,S
2021-06-10T14:12:39,3000.0,3.89,B
2021-06-10T14:12:28,2000.0,3.89,B
2021-06-10T14:12:21,1000.0,3.89,B
2021-06-10T14:12:19,1000.0,3.89,B
2021-06-10T14:12:17,1000.0,3.88,S
2021-06-10T14:12:11,1300.0,3.88,S
2021-06-10T14:12:07,500.0,3.89,B
2021-06-10T14:12:06,7300.0,3.88,B
2021-06-10T14:11:57,4000.0,3.88,B
2021-06-10T14:11:54,500.0,3.87,S
2021-06-10T14:11:54,500.0,3.86,S
2021-06-10T14:11:51,100.0,3.86,S
2021-06-10T14:11:45,8500.0,3.86,S
2021-06-10T14:11:44,2000.0,3.87,B
2021-06-10T14:11:42,11000.0,3.87,B
2021-06-10T14:11:40,7600.0,3.88,B
2021-06-10T14:11:40,12300.0,3.88,B
2021-06-10T14:11:40,2800.0,3.88,B
2021-06-10T14:11:40,6100.0,3.88,B
2021-06-10T14:11:40,11000.0,3.88,B
2021-06-10T14:11:40,1900.0,3.88,B
2021-06-10T14:11:40,15700.0,3.88,B
2021-06-10T14:11:40,1000.0,3.88,B
2021-06-10T14:11:40,5500.0,3.88,B
2021-06-10T14:11:40,10600.0,3.88,B
2021-06-10T14:11:40,1600.0,3.88,B
2021-06-10T14:11:40,2000.0,3.88,B
2021-06-10T14:11:40,60000.0,3.88,B
2021-06-10T14:11:40,11500.0,3.88,B
2021-06-10T14:11:40,12000.0,3.88,B
2021-06-10T14:11:40,4900.0,3.88,B
2021-06-10T14:11:39,33500.0,3.88,B
2021-06-10T14:11:32,8000.0,3.86,S
2021-06-10T14:11:29,1100.0,3.86,S
2021-06-10T14:11:24,100.0,3.86,S
2021-06-10T14:11:17,200.0,3.87,B
2021-06-10T14:11:14,3300.0,3.86,S
2021-06-10T14:11:11,1000.0,3.86,S
2021-06-10T14:11:04,5000.0,3.86,S
2021-06-10T14:11:01,5200.0,3.86,S
2021-06-10T14:11:00,900.0,3.87,B
2021-06-10T14:11:00,19100.0,3.87,B
2021-06-10T14:10:56,5000.0,3.86,S
2021-06-10T14:10:52,1400.0,3.86,S
2021-06-10T14:10:51,200.0,3.86,S
2021-06-10T14:10:45,80000.0,3.86,S
2021-06-10T14:10:45,1000.0,3.86,S
2021-06-10T14:10:32,3000.0,3.86,S
2021-06-10T14:10:31,12000.0,3.86,S
2021-06-10T14:10:08,6300.0,3.86,B
2021-06-10T14:10:06,30400.0,3.86,B
2021-06-10T14:10:06,800.0,3.86,B
2021-06-10T14:10:06,18800.0,3.86,B
2021-06-10T14:09:34,200.0,3.85,S
2021-06-10T14:09:13,1000.0,3.85,S
2021-06-10T14:09:11,3200.0,3.86,B
2021-06-10T14:08:54,1500.0,3.86,B
2021-06-10T14:08:51,200.0,3.86,S
2021-06-10T14:08:47,1000.0,3.85,S
2021-06-10T14:08:42,900.0,3.86,S
2021-06-10T14:08:42,1000.0,3.85,S
2021-06-10T14:08:35,26100.0,3.86,S
2021-06-10T14:08:23,1000.0,3.86,S
2021-06-10T14:08:22,500.0,3.87,B
2021-06-10T14:08:13,1000.0,3.87,B
2021-06-10T14:08:13,800.0,3.87,B
2021-06-10T14:08:10,4300.0,3.86,S
2021-06-10T14:08:10,1000.0,3.86,S
2021-06-10T14:08:10,600.0,3.87,B
2021-06-10T14:08:02,14000.0,3.88,B
2021-06-10T14:08:02,1800.0,3.86,S
2021-06-10T14:08:02,20000.0,3.88,B
2021-06-10T14:07:23,2000.0,3.88,B
2021-06-10T14:07:19,500.0,3.86,S
2021-06-10T14:07:17,2000.0,3.88,B
2021-06-10T14:07:13,1000.0,3.86,S
2021-06-10T14:06:49,15200.0,3.88,B
2021-06-10T14:06:49,28800.0,3.88,B
2021-06-10T14:06:49,16900.0,3.87,B
2021-06-10T14:06:49,100.0,3.87,B
2021-06-10T14:06:49,39000.0,3.87,B
2021-06-10T14:06:45,2800.0,3.87,B
2021-06-10T14:06:45,2000.0,3.87,B
2021-06-10T14:06:45,20500.0,3.87,B
2021-06-10T14:06:45,2000.0,3.87,B
2021-06-10T14:06:45,2700.0,3.87,B
2021-06-10T14:06:26,1000.0,3.86,S
2021-06-10T14:06:15,4100.0,3.86,B
2021-06-10T14:06:15,62000.0,3.86,B
2021-06-10T14:06:15,42200.0,3.86,B
2021-06-10T14:06:14,2600.0,3.86,B
2021-06-10T14:06:14,3300.0,3.86,B
2021-06-10T14:06:14,30300.0,3.86,B
2021-06-10T14:06:14,22000.0,3.86,B
2021-06-10T14:06:14,3000.0,3.86,B
2021-06-10T14:06:14,16600.0,3.86,B
2021-06-10T14:06:14,11100.0,3.86,B
2021-06-10T14:06:14,22100.0,3.86,B
2021-06-10T14:06:14,19200.0,3.85,B
2021-06-10T14:06:14,15800.0,3.85,B
2021-06-10T14:06:14,22700.0,3.85,B
2021-06-10T14:06:13,20000.0,3.85,B
2021-06-10T14:06:11,7000.0,3.85,B
2021-06-10T14:06:07,5000.0,3.85,B
2021-06-10T14:05:50,83200.0,3.85,B
2021-06-10T14:05:50,3700.0,3.85,B
2021-06-10T14:05:49,11800.0,3.85,B
2021-06-10T14:05:49,11300.0,3.85,B
2021-06-10T14:05:49,40000.0,3.85,B
2021-06-10T14:05:48,1000.0,3.84,S
2021-06-10T14:05:33,30600.0,3.84,S
2021-06-10T14:05:31,10000.0,3.85,B
2021-06-10T14:05:21,800.0,3.84,S
2021-06-10T14:05:03,19500.0,3.85,B
2021-06-10T14:05:03,22000.0,3.85,B
2021-06-10T14:05:03,8900.0,3.85,B
2021-06-10T14:05:03,30000.0,3.85,B
2021-06-10T14:05:02,9600.0,3.85,B
2021-06-10T14:04:41,200.0,3.84,B
2021-06-10T14:04:38,5800.0,3.84,B
2021-06-10T14:04:38,1300.0,3.84,B
2021-06-10T14:04:31,12900.0,3.84,B
2021-06-10T14:04:27,20000.0,3.84,B
2021-06-10T14:04:19,20000.0,3.84,B
2021-06-10T14:03:43,47000.0,3.84,B
2021-06-10T14:03:43,7000.0,3.84,B
2021-06-10T14:03:43,5800.0,3.84,B
2021-06-10T14:03:43,8200.0,3.84,B
2021-06-10T14:03:32,4000.0,3.83,S
2021-06-10T14:03:01,5000.0,3.84,B
2021-06-10T14:02:44,200.0,3.83,S
2021-06-10T14:02:27,3000.0,3.83,S
2021-06-10T14:02:08,7600.0,3.83,B
2021-06-10T14:02:06,300.0,3.82,S
2021-06-10T14:02:02,500.0,3.83,B
2021-06-10T14:02:02,16600.0,3.83,B
2021-06-10T14:02:02,1300.0,3.83,B
2021-06-10T14:02:02,1600.0,3.83,B
2021-06-10T14:01:58,500.0,3.83,B
2021-06-10T14:01:52,2000.0,3.83,B
2021-06-10T14:01:02,1000.0,3.83,B
2021-06-10T14:01:02,700.0,3.83,B
2021-06-10T14:00:04,100.0,3.83,B
2021-06-10T14:00:02,300.0,3.83,B
2021-06-10T13:57:57,1000.0,3.83,S
2021-06-10T13:57:45,100.0,3.83,S
2021-06-10T13:57:40,1000.0,3.83,S
2021-06-10T13:57:40,200.0,3.83,S
2021-06-10T13:57:24,7800.0,3.83,B
2021-06-10T13:56:24,5000.0,3.83,S
2021-06-10T13:55:56,5000.0,3.84,B
2021-06-10T13:55:36,2000.0,3.84,B
2021-06-10T13:55:31,27800.0,3.8,S
2021-06-10T13:55:31,6000.0,3.81,S
2021-06-10T13:55:31,5000.0,3.81,S
2021-06-10T13:55:31,32200.0,3.81,S
2021-06-10T13:55:31,21400.0,3.82,S
2021-06-10T13:55:31,7600.0,3.83,S
2021-06-10T13:55:15,10000.0,3.83,S
2021-06-10T13:55:06,10000.0,3.83,S
2021-06-10T13:55:00,300.0,3.84,B
2021-06-10T13:54:52,400.0,3.83,S
2021-06-10T13:54:16,2000.0,3.84,B
2021-06-10T13:53:55,500.0,3.84,S
2021-06-10T13:53:45,600.0,3.84,S
2021-06-10T13:53:45,31100.0,3.84,S
2021-06-10T13:53:27,200.0,3.85,B
2021-06-10T13:53:14,700.0,3.84,S
2021-06-10T13:53:14,1000.0,3.85,B
2021-06-10T13:53:10,10200.0,3.84,S
2021-06-10T13:53:05,2000.0,3.85,B
2021-06-10T13:53:05,10000.0,3.84,S
2021-06-10T13:53:04,300.0,3.85,B
2021-06-10T13:53:02,1000.0,3.85,B
2021-06-10T13:53:01,1000.0,3.85,B
2021-06-10T13:52:58,2000.0,3.85,B
2021-06-10T13:52:56,1000.0,3.85,B
2021-06-10T13:52:56,2000.0,3.85,B
2021-06-10T13:52:04,1000.0,3.85,B
2021-06-10T13:51:44,200.0,3.85,S
2021-06-10T13:51:41,300.0,3.85,S
2021-06-10T13:51:38,49700.0,3.85,B
2021-06-10T13:51:26,600.0,3.85,S
2021-06-10T13:51:23,500.0,3.85,S
2021-06-10T13:51:23,2800.0,3.85,S
2021-06-10T13:51:22,6700.0,3.85,S
2021-06-10T13:51:20,1000.0,3.85,S
2021-06-10T13:51:11,500.0,3.85,S
2021-06-10T13:51:11,100.0,3.86,B
2021-06-10T13:51:09,1000.0,3.85,S
2021-06-10T13:51:02,10000.0,3.85,S
2021-06-10T13:50:57,8000.0,3.86,B
2021-06-10T13:50:50,3300.0,3.85,S
2021-06-10T13:50:44,1000.0,3.85,S
2021-06-10T13:50:30,2000.0,3.85,S
2021-06-10T13:50:19,100.0,3.86,B
2021-06-10T13:49:49,100.0,3.85,S
2021-06-10T13:49:45,2000.0,3.85,S
2021-06-10T13:49:41,100.0,3.86,B
2021-06-10T13:49:39,5000.0,3.85,S
2021-06-10T13:49:15,30000.0,3.86,B
2021-06-10T13:49:08,2000.0,3.86,B
2021-06-10T13:49:01,500.0,3.85,S
2021-06-10T13:48:45,19900.0,3.85,B
2021-06-10T13:48:38,100.0,3.85,B
2021-06-10T13:47:56,200.0,3.86,B
2021-06-10T13:47:50,100.0,3.86,B
2021-06-10T13:47:42,14500.0,3.86,S
2021-06-10T13:47:40,1500.0,3.86,S
2021-06-10T13:47:35,5000.0,3.86,S
2021-06-10T13:47:35,1000.0,3.86,S
2021-06-10T13:47:26,1500.0,3.86,S
2021-06-10T13:47:24,1000.0,3.86,S
2021-06-10T13:47:23,1000.0,3.86,S
2021-06-10T13:47:22,8600.0,3.86,S
2021-06-10T13:47:21,1000.0,3.86,S
2021-06-10T13:47:15,50000.0,3.86,S
2021-06-10T13:47:10,1000.0,3.86,S
2021-06-10T13:47:07,14800.0,3.86,S
2021-06-10T13:47:06,3000.0,3.86,S
2021-06-10T13:46:56,1000.0,3.86,S
2021-06-10T13:46:49,200.0,3.86,S
2021-06-10T13:46:47,1000.0,3.86,S
2021-06-10T13:46:25,1000.0,3.86,S
2021-06-10T13:46:14,20000.0,3.86,S
2021-06-10T13:46:11,3500.0,3.87,B
2021-06-10T13:46:04,1000.0,3.86,S
2021-06-10T13:45:54,1800.0,3.86,S
2021-06-10T13:45:44,32000.0,3.87,B
2021-06-10T13:45:44,5000.0,3.86,S
2021-06-10T13:45:42,15000.0,3.86,S
2021-06-10T13:45:39,1000.0,3.86,S
2021-06-10T13:45:28,200.0,3.86,S
2021-06-10T13:45:23,3800.0,3.86,S
2021-06-10T13:45:04,119000.0,3.86,B
2021-06-10T13:45:04,90000.0,3.86,B
2021-06-10T13:45:04,68300.0,3.86,B
2021-06-10T13:45:04,12900.0,3.85,B
2021-06-10T13:45:03,35200.0,3.85,B
2021-06-10T13:45:03,15700.0,3.85,B
2021-06-10T13:45:03,7700.0,3.84,B
2021-06-10T13:44:57,50000.0,3.84,B
2021-06-10T13:44:36,500.0,3.84,B
2021-06-10T13:44:20,200.0,3.83,S
2021-06-10T13:44:14,5000.0,3.84,B
2021-06-10T13:44:10,1000.0,3.83,S
2021-06-10T13:44:04,5000.0,3.83,S
2021-06-10T13:44:03,20000.0,3.84,B
2021-06-10T13:43:35,1500.0,3.83,B
2021-06-10T13:43:27,100.0,3.83,B
2021-06-10T13:43:16,2400.0,3.83,S
2021-06-10T13:42:54,3600.0,3.83,B
2021-06-10T13:42:10,400.0,3.83,B
2021-06-10T13:41:20,3000.0,3.83,B
2021-06-10T13:41:10,500.0,3.83,S
2021-06-10T13:41:02,5000.0,3.84,B
2021-06-10T13:40:40,100.0,3.83,S
2021-06-10T13:40:04,200.0,3.84,B
2021-06-10T13:39:56,800.0,3.84,B
2021-06-10T13:39:47,36100.0,3.84,B
2021-06-10T13:39:35,15300.0,3.84,B
2021-06-10T13:39:33,4300.0,3.82,S
2021-06-10T13:39:24,2000.0,3.84,B
2021-06-10T13:39:23,10000.0,3.84,B
2021-06-10T13:39:21,200.0,3.84,B
2021-06-10T13:39:13,7300.0,3.84,S
2021-06-10T13:39:07,200.0,3.84,S
2021-06-10T13:38:55,700.0,3.85,B
2021-06-10T13:38:48,4100.0,3.85,B
2021-06-10T13:38:45,1300.0,3.85,B
2021-06-10T13:38:45,23900.0,3.85,B
2021-06-10T13:38:32,1000.0,3.84,S
2021-06-10T13:38:32,100.0,3.85,B
2021-06-10T13:38:26,10000.0,3.85,B
2021-06-10T13:38:06,7000.0,3.85,B
2021-06-10T13:38:05,1500.0,3.84,B
2021-06-10T13:38:00,500.0,3.84,S
2021-06-10T13:37:58,2000.0,3.84,S
2021-06-10T13:37:57,200.0,3.84,S
2021-06-10T13:37:49,400.0,3.84,S
2021-06-10T13:37:46,37800.0,3.85,B
2021-06-10T13:37:43,4500.0,3.85,B
2021-06-10T13:37:43,2000.0,3.85,B
2021-06-10T13:37:34,100.0,3.84,B
2021-06-10T13:37:32,2000.0,3.84,B
2021-06-10T13:37:30,500.0,3.84,B
2021-06-10T13:37:30,14300.0,3.84,B
2021-06-10T13:37:04,200.0,3.84,B
2021-06-10T13:36:50,800.0,3.84,S
2021-06-10T13:36:48,200.0,3.84,S
2021-06-10T13:36:20,18500.0,3.82,S
2021-06-10T13:36:17,5700.0,3.84,B
2021-06-10T13:36:15,500.0,3.84,B
2021-06-10T13:36:07,100.0,3.84,B
2021-06-10T13:35:56,500.0,3.84,B
2021-06-10T13:35:28,2000.0,3.84,S
2021-06-10T13:35:24,10000.0,3.82,S
2021-06-10T13:35:16,1000.0,3.84,S
2021-06-10T13:35:04,100.0,3.84,S
2021-06-10T13:35:02,2200.0,3.84,S
2021-06-10T13:35:00,40000.0,3.84,S
2021-06-10T13:34:49,64600.0,3.87,B
2021-06-10T13:34:49,61000.0,3.87,B
2021-06-10T13:34:49,40500.0,3.87,B
2021-06-10T13:34:49,41600.0,3.87,B
2021-06-10T13:34:49,5000.0,3.86,B
2021-06-10T13:34:49,52000.0,3.86,B
2021-06-10T13:34:49,235300.0,3.86,B
2021-06-10T13:34:49,100.0,3.85,B
2021-06-10T13:34:42,1000.0,3.84,S
2021-06-10T13:34:29,13000.0,3.84,S
2021-06-10T13:34:17,1900.0,3.86,S
2021-06-10T13:34:17,10000.0,3.86,S
2021-06-10T13:34:13,200.0,3.86,S
2021-06-10T13:34:09,1500.0,3.86,S
2021-06-10T13:34:09,900.0,3.87,B
2021-06-10T13:34:08,1700.0,3.86,S
2021-06-10T13:34:07,10000.0,3.86,S
2021-06-10T13:34:07,1900.0,3.86,S
2021-06-10T13:34:04,4100.0,3.86,S
2021-06-10T13:34:03,4000.0,3.86,S
2021-06-10T13:33:54,100.0,3.86,S
2021-06-10T13:33:53,3200.0,3.87,B
2021-06-10T13:33:53,1800.0,3.87,B
2021-06-10T13:33:36,30000.0,3.86,S
2021-06-10T13:33:35,2000.0,3.87,B
2021-06-10T13:33:34,5000.0,3.86,S
2021-06-10T13:33:19,300.0,3.87,B
2021-06-10T13:33:14,2000.0,3.87,B
2021-06-10T13:33:09,1000.0,3.87,B
2021-06-10T13:33:04,2500.0,3.86,S
2021-06-10T13:32:58,5000.0,3.87,B
2021-06-10T13:32:55,1000.0,3.86,S
2021-06-10T13:32:46,300.0,3.87,S
2021-06-10T13:32:40,1100.0,3.87,S
2021-06-10T13:32:35,100.0,3.87,S
2021-06-10T13:32:26,2000.0,3.88,B
2021-06-10T13:32:25,500.0,3.87,S
2021-06-10T13:32:11,5000.0,3.88,B
2021-06-10T13:32:06,2300.0,3.87,S
2021-06-10T13:32:05,1000.0,3.87,S
2021-06-10T13:31:58,26400.0,3.88,B
2021-06-10T13:31:56,10000.0,3.88,B
2021-06-10T13:31:56,25600.0,3.88,B
2021-06-10T13:31:54,15000.0,3.87,B
2021-06-10T13:31:53,1000.0,3.86,S
2021-06-10T13:31:52,4000.0,3.87,B
2021-06-10T13:31:49,5000.0,3.87,B
2021-06-10T13:31:42,700.0,3.87,S
2021-06-10T13:31:42,4000.0,3.87,S
2021-06-10T13:31:38,2100.0,3.88,B
2021-06-10T13:31:38,900.0,3.88,B
2021-06-10T13:31:37,2000.0,3.88,B
2021-06-10T13:31:32,1000.0,3.87,S
2021-06-10T13:31:21,100.0,3.87,S
2021-06-10T13:31:20,100.0,3.89,B
2021-06-10T13:31:20,3500.0,3.89,B
2021-06-10T13:31:20,1200.0,3.88,B
2021-06-10T13:31:20,3500.0,3.88,B
2021-06-10T13:31:20,6700.0,3.88,B
2021-06-10T13:31:20,35000.0,3.88,B
2021-06-10T13:31:15,100.0,3.88,B
2021-06-10T13:31:14,500.0,3.88,B
2021-06-10T13:31:12,2200.0,3.87,S
2021-06-10T13:31:10,500.0,3.87,S
2021-06-10T13:31:10,100.0,3.87,S
2021-06-10T13:31:10,7200.0,3.87,S
2021-06-10T13:31:08,500.0,3.87,S
2021-06-10T13:30:54,5000.0,3.87,S
2021-06-10T13:30:53,100000.0,3.88,B
2021-06-10T13:30:52,500.0,3.88,B
2021-06-10T13:30:48,1000.0,3.87,S
2021-06-10T13:30:46,5000.0,3.88,B
2021-06-10T13:30:46,2500.0,3.88,B
2021-06-10T13:30:43,1900.0,3.88,B
2021-06-10T13:30:41,4000.0,3.88,B
2021-06-10T13:30:40,29000.0,3.88,B
2021-06-10T13:30:40,10800.0,3.88,B
2021-06-10T13:30:40,5000.0,3.88,B
2021-06-10T13:30:40,100.0,3.88,B
2021-06-10T13:30:39,1000.0,3.88,B
2021-06-10T13:30:35,300.0,3.88,S
2021-06-10T13:30:35,5300.0,3.88,S
2021-06-10T13:30:31,700.0,3.88,S
2021-06-10T13:30:28,4300.0,3.88,S
2021-06-10T13:30:26,900.0,3.88,S
2021-06-10T13:30:25,2000.0,3.88,S
2021-06-10T13:30:25,2000.0,3.88,S
2021-06-10T13:30:25,1000.0,3.88,S
2021-06-10T13:30:24,3800.0,3.88,S
2021-06-10T13:30:22,200.0,3.88,S
2021-06-10T13:30:19,1000.0,3.88,S
2021-06-10T13:30:18,2000.0,3.88,B
2021-06-10T13:30:18,600.0,3.88,B
2021-06-10T13:30:18,2100.0,3.88,B
2021-06-10T13:30:18,8400.0,3.88,B
2021-06-10T13:30:18,8000.0,3.88,B
2021-06-10T13:30:18,500.0,3.88,B
2021-06-10T13:30:18,24000.0,3.88,B
2021-06-10T13:30:18,2400.0,3.88,B
2021-06-10T13:30:18,700.0,3.88,B
2021-06-10T13:30:17,3000.0,3.88,B
2021-06-10T13:30:17,33100.0,3.88,B
2021-06-10T13:30:17,100.0,3.88,B
2021-06-10T13:30:16,100.0,3.87,S
2021-06-10T13:30:16,3000.0,3.88,B
2021-06-10T13:29:56,1000.0,3.88,B
2021-06-10T13:29:54,700.0,3.87,S
2021-06-10T13:29:42,2000.0,3.87,S
2021-06-10T13:29:38,100.0,3.87,S
2021-06-10T13:29:36,1000.0,3.87,S
2021-06-10T13:29:34,1000.0,3.87,S
2021-06-10T13:29:22,1000.0,3.88,B
2021-06-10T13:29:22,1500.0,3.86,S
2021-06-10T13:29:21,15000.0,3.88,B
2021-06-10T13:29:20,9000.0,3.86,S
2021-06-10T13:29:11,2000.0,3.87,S
2021-06-10T13:29:07,1000.0,3.86,S
2021-06-10T13:29:07,300.0,3.87,S
2021-06-10T13:29:02,3000.0,3.87,S
2021-06-10T13:29:01,3000.0,3.87,S
2021-06-10T13:28:56,100.0,3.87,S
2021-06-10T13:28:53,1000.0,3.87,B
2021-06-10T13:28:49,100.0,3.87,B
2021-06-10T13:28:49,6000.0,3.88,B
2021-06-10T13:28:49,5300.0,3.88,B
2021-06-10T13:28:49,10200.0,3.88,B
2021-06-10T13:28:49,8000.0,3.87,B
2021-06-10T13:28:49,4600.0,3.87,B
2021-06-10T13:28:48,65900.0,3.87,B
2021-06-10T13:28:36,1000.0,3.86,S
2021-06-10T13:28:35,8900.0,3.87,B
2021-06-10T13:28:35,2500.0,3.87,B
2021-06-10T13:28:35,1100.0,3.87,B
2021-06-10T13:28:35,900.0,3.87,B
2021-06-10T13:28:35,18400.0,3.87,B
2021-06-10T13:28:35,2000.0,3.87,B
2021-06-10T13:28:35,16200.0,3.87,B
2021-06-10T13:28:33,10000.0,3.86,S
2021-06-10T13:28:21,1100.0,3.86,S
2021-06-10T13:28:21,500.0,3.86,B
2021-06-10T13:28:18,100.0,3.86,B
2021-06-10T13:28:14,33600.0,3.86,B
2021-06-10T13:28:07,7800.0,3.86,B
2021-06-10T13:28:07,2200.0,3.86,B
2021-06-10T13:28:06,900.0,3.85,S
2021-06-10T13:28:03,500.0,3.85,S
2021-06-10T13:27:58,100.0,3.85,S
2021-06-10T13:27:57,4000.0,3.86,B
2021-06-10T13:27:48,500.0,3.86,B
2021-06-10T13:27:42,5300.0,3.85,S
2021-06-10T13:27:24,16000.0,3.85,S
2021-06-10T13:27:24,4000.0,3.85,S
2021-06-10T13:27:23,400.0,3.85,S
2021-06-10T13:27:23,100.0,3.85,S
2021-06-10T13:27:22,3000.0,3.85,S
2021-06-10T13:27:19,1000.0,3.85,S
2021-06-10T13:26:44,400.0,3.85,S
2021-06-10T13:26:38,46100.0,3.85,B
2021-06-10T13:26:26,29700.0,3.85,B
2021-06-10T13:26:26,2000.0,3.85,B
2021-06-10T13:26:16,5000.0,3.85,S
2021-06-10T13:26:16,9200.0,3.85,S
2021-06-10T13:26:13,1000.0,3.85,S
2021-06-10T13:26:12,3700.0,3.85,S
2021-06-10T13:26:12,1500.0,3.85,S
2021-06-10T13:26:10,7000.0,3.85,S
2021-06-10T13:26:10,100.0,3.85,S
2021-06-10T13:26:10,300.0,3.85,S
2021-06-10T13:26:06,300.0,3.85,S
2021-06-10T13:26:04,1000.0,3.85,S
2021-06-10T13:26:04,4200.0,3.85,S
2021-06-10T13:26:02,9500.0,3.85,S
2021-06-10T13:26:02,3700.0,3.85,B
2021-06-10T13:26:02,13200.0,3.85,B
2021-06-10T13:26:02,3600.0,3.85,B
2021-06-10T13:26:02,2300.0,3.85,B
2021-06-10T13:26:02,4100.0,3.85,B
2021-06-10T13:26:01,1000.0,3.84,S
2021-06-10T13:25:59,10000.0,3.84,S
2021-06-10T13:25:40,100.0,3.85,B
2021-06-10T13:25:38,10000.0,3.84,S
2021-06-10T13:25:37,15000.0,3.84,S
2021-06-10T13:25:34,3900.0,3.84,S
2021-06-10T13:25:22,3300.0,3.85,B
2021-06-10T13:25:22,400.0,3.85,B
2021-06-10T13:25:22,10000.0,3.85,B
2021-06-10T13:25:22,186300.0,3.85,B
2021-06-10T13:25:19,10400.0,3.84,B
2021-06-10T13:25:13,50000.0,3.84,B
2021-06-10T13:24:58,1000.0,3.84,B
2021-06-10T13:24:54,13900.0,3.84,B
2021-06-10T13:24:54,200.0,3.84,B
2021-06-10T13:24:53,15900.0,3.84,B
2021-06-10T13:24:48,6100.0,3.84,B
2021-06-10T13:24:48,3900.0,3.84,B
2021-06-10T13:24:31,200.0,3.84,B
2021-06-10T13:24:15,1800.0,3.84,B
2021-06-10T13:23:31,10000.0,3.84,B
2021-06-10T13:23:17,5000.0,3.84,B
2021-06-10T13:23:08,1000.0,3.81,S
2021-06-10T13:23:00,23600.0,3.84,B
2021-06-10T13:23:00,1000.0,3.84,B
2021-06-10T13:23:00,5800.0,3.83,B
2021-06-10T13:23:00,50400.0,3.83,B
2021-06-10T13:23:00,19200.0,3.82,B
2021-06-10T13:22:57,300.0,3.81,B
2021-06-10T13:22:56,3800.0,3.81,B
2021-06-10T13:22:55,100.0,3.8,S
2021-06-10T13:22:54,1400.0,3.81,B
2021-06-10T13:22:54,2000.0,3.8,S
2021-06-10T13:22:47,800.0,3.81,B
2021-06-10T13:22:47,30200.0,3.81,B
2021-06-10T13:22:00,3100.0,3.8,B
2021-06-10T13:22:00,3900.0,3.8,B
2021-06-10T13:22:00,30000.0,3.8,B
2021-06-10T13:22:00,34000.0,3.8,B
2021-06-10T13:21:33,1100.0,3.79,B
2021-06-10T13:21:21,6700.0,3.79,B
2021-06-10T13:21:07,3300.0,3.79,B
2021-06-10T13:21:04,100000.0,3.79,B
2021-06-10T13:20:50,400.0,3.79,B
2021-06-10T13:20:43,1900.0,3.79,B
2021-06-10T13:20:29,200.0,3.79,B
2021-06-10T13:20:27,200.0,3.78,S
2021-06-10T13:20:00,100.0,3.79,B
2021-06-10T13:19:33,200.0,3.79,B
2021-06-10T13:19:29,20000.0,3.78,S
2021-06-10T13:19:26,15000.0,3.78,S
2021-06-10T13:19:06,16600.0,3.78,S
2021-06-10T13:19:03,1200.0,3.78,S
2021-06-10T13:18:59,3000.0,3.78,S
2021-06-10T13:18:57,300.0,3.79,B
2021-06-10T13:18:55,5000.0,3.78,S
2021-06-10T13:18:55,10000.0,3.78,S
2021-06-10T13:18:43,500.0,3.78,S
2021-06-10T13:18:43,2400.0,3.78,S
2021-06-10T13:18:41,5700.0,3.78,S
2021-06-10T13:18:40,4600.0,3.79,B
2021-06-10T13:18:39,300.0,3.78,S
2021-06-10T13:18:30,34100.0,3.78,S
2021-06-10T13:18:28,700.0,3.78,S
2021-06-10T13:17:45,15000.0,3.78,S
2021-06-10T13:17:44,1000.0,3.78,S
2021-06-10T13:17:31,34900.0,3.78,S
2021-06-10T13:17:30,3000.0,3.79,B
2021-06-10T13:17:23,400.0,3.78,S
2021-06-10T13:17:13,4000.0,3.78,S
2021-06-10T13:17:10,37800.0,3.78,S
2021-06-10T13:17:07,1000.0,3.78,S
2021-06-10T13:16:16,100.0,3.79,B
2021-06-10T13:16:05,300.0,3.78,S
2021-06-10T13:15:34,1300.0,3.79,S
2021-06-10T13:15:19,2100.0,3.79,S
2021-06-10T13:15:19,19100.0,3.79,S
2021-06-10T13:15:15,10000.0,3.8,B
2021-06-10T13:15:12,6000.0,3.8,B
2021-06-10T13:15:12,11700.0,3.8,B
2021-06-10T13:15:12,9500.0,3.8,B
2021-06-10T13:15:11,10100.0,3.8,B
2021-06-10T13:15:11,20700.0,3.8,B
2021-06-10T13:15:11,24500.0,3.8,B
2021-06-10T13:15:10,400.0,3.79,S
2021-06-10T13:15:09,20000.0,3.79,S
2021-06-10T13:14:43,500.0,3.8,B
2021-06-10T13:14:38,9600.0,3.79,S
2021-06-10T13:14:17,10000.0,3.79,S
2021-06-10T13:14:09,48400.0,3.79,S
2021-06-10T13:14:09,51600.0,3.79,S
2021-06-10T13:13:59,37000.0,3.79,S
2021-06-10T13:13:55,13000.0,3.79,S
2021-06-10T13:13:51,2000.0,3.8,B
2021-06-10T13:13:43,20000.0,3.79,S
2021-06-10T13:13:36,200.0,3.79,S
2021-06-10T13:13:32,600.0,3.79,S
2021-06-10T13:13:26,600.0,3.79,S
2021-06-10T13:13:25,8500.0,3.79,S
2021-06-10T13:13:23,500.0,3.79,S
2021-06-10T13:13:13,2000.0,3.8,B
2021-06-10T13:13:07,1000.0,3.79,S
2021-06-10T13:13:07,500.0,3.79,S
2021-06-10T13:13:06,500.0,3.79,S
2021-06-10T13:12:48,200.0,3.79,S
2021-06-10T13:12:19,10000.0,3.79,S
2021-06-10T13:12:14,1200.0,3.79,S
2021-06-10T13:12:10,10000.0,3.79,S
2021-06-10T13:11:44,2000.0,3.79,S
2021-06-10T13:11:39,12000.0,3.79,S
2021-06-10T13:11:14,3000.0,3.79,S
2021-06-10T13:11:04,300.0,3.79,S
2021-06-10T13:10:51,26000.0,3.79,S
2021-06-10T13:10:36,300.0,3.8,B
2021-06-10T13:10:20,100000.0,3.79,S
2021-06-10T13:10:13,5000.0,3.8,B
2021-06-10T13:09:51,2000.0,3.79,S
2021-06-10T13:08:45,1000.0,3.8,S
2021-06-10T13:08:42,30200.0,3.8,S
2021-06-10T13:08:36,5000.0,3.8,S
2021-06-10T13:08:26,1000.0,3.8,S
2021-06-10T13:08:17,1000.0,3.8,S
2021-06-10T13:08:16,1000.0,3.8,S
2021-06-10T13:08:09,100.0,3.8,S
2021-06-10T13:08:06,3000.0,3.8,S
2021-06-10T13:07:57,1000.0,3.8,S
2021-06-10T13:07:44,15700.0,3.8,S
2021-06-10T13:07:35,2000.0,3.8,S
2021-06-10T13:07:22,36000.0,3.8,S
2021-06-10T13:07:18,2500.0,3.8,S
2021-06-10T13:07:15,2000.0,3.8,S
2021-06-10T13:07:08,7300.0,3.8,S
2021-06-10T13:07:08,50000.0,3.8,S
2021-06-10T13:07:08,1600.0,3.8,S
2021-06-10T13:07:08,500.0,3.8,S
2021-06-10T13:07:08,11600.0,3.8,S
2021-06-10T13:07:08,1000.0,3.8,S
2021-06-10T13:07:08,28000.0,3.8,S
2021-06-10T13:07:05,200000.0,3.8,S
2021-06-10T13:07:04,26900.0,3.8,S
2021-06-10T13:06:53,5000.0,3.8,S
2021-06-10T13:06:28,200.0,3.8,S
2021-06-10T13:06:22,1000.0,3.81,S
2021-06-10T13:06:08,10000.0,3.8,S
2021-06-10T13:06:02,40000.0,3.8,S
2021-06-10T13:06:01,24900.0,3.82,B
2021-06-10T13:06:01,25100.0,3.81,S
2021-06-10T13:05:42,200.0,3.8,S
2021-06-10T13:05:29,27200.0,3.81,S
2021-06-10T13:05:25,20000.0,3.81,S
2021-06-10T13:05:23,5000.0,3.81,S
2021-06-10T13:05:20,12200.0,3.82,S
2021-06-10T13:05:13,3000.0,3.82,S
2021-06-10T13:05:05,1900.0,3.82,S
2021-06-10T13:05:05,26700.0,3.82,S
2021-06-10T13:04:45,1000.0,3.84,B
2021-06-10T13:04:28,1000.0,3.84,B
2021-06-10T13:04:28,4200.0,3.83,S
2021-06-10T13:04:12,2000.0,3.84,B
2021-06-10T13:03:57,100.0,3.84,B
2021-06-10T13:03:43,1000.0,3.84,B
2021-06-10T13:03:23,800.0,3.84,B
2021-06-10T13:03:19,100.0,3.84,B
2021-06-10T13:02:51,100.0,3.84,S
2021-06-10T13:02:51,24800.0,3.87,B
2021-06-10T13:02:51,1100.0,3.87,B
2021-06-10T13:02:51,2000.0,3.87,B
2021-06-10T13:02:51,100.0,3.87,B
2021-06-10T13:02:51,25000.0,3.87,B
2021-06-10T13:02:51,1600.0,3.87,B
2021-06-10T13:02:51,6300.0,3.86,B
2021-06-10T13:02:51,2500.0,3.86,B
2021-06-10T13:02:51,11000.0,3.86,B
2021-06-10T13:02:51,300.0,3.86,B
2021-06-10T13:02:51,5100.0,3.86,B
2021-06-10T13:02:51,7200.0,3.86,B
2021-06-10T13:02:51,300.0,3.86,B
2021-06-10T13:02:51,15500.0,3.86,B
2021-06-10T13:02:51,6100.0,3.86,B
2021-06-10T13:02:51,2400.0,3.86,B
2021-06-10T13:02:51,5500.0,3.86,B
2021-06-10T13:02:51,1500.0,3.86,B
2021-06-10T13:02:51,20500.0,3.86,B
2021-06-10T13:02:51,5000.0,3.86,B
2021-06-10T13:02:51,2800.0,3.86,B
2021-06-10T13:02:51,29900.0,3.86,B
2021-06-10T13:02:51,1000.0,3.85,B
2021-06-10T13:02:51,8700.0,3.85,B
2021-06-10T13:02:51,1400.0,3.85,B
2021-06-10T13:02:51,20000.0,3.85,B
2021-06-10T13:02:51,100.0,3.85,B
2021-06-10T13:02:51,10200.0,3.85,B
2021-06-10T13:02:51,1000.0,3.85,B
2021-06-10T13:02:51,8900.0,3.85,B
2021-06-10T13:02:51,22200.0,3.85,B
2021-06-10T13:02:12,3000.0,3.84,S
2021-06-10T13:01:51,4000.0,3.85,B
2021-06-10T13:01:24,100000.0,3.82,S
2021-06-10T13:01:23,1000.0,3.85,B
2021-06-10T13:01:14,10000.0,3.85,B
2021-06-10T13:01:04,400.0,3.83,S
2021-06-10T13:01:04,41200.0,3.86,B
2021-06-10T13:01:04,11300.0,3.86,B
2021-06-10T13:01:04,43700.0,3.86,B
2021-06-10T13:01:04,16500.0,3.85,B
2021-06-10T13:01:04,15100.0,3.85,B
2021-06-10T13:01:04,1000.0,3.85,B
2021-06-10T13:01:04,12700.0,3.85,B
2021-06-10T13:01:03,10100.0,3.85,B
2021-06-10T13:01:03,48400.0,3.85,B
2021-06-10T13:00:58,500.0,3.85,B
2021-06-10T13:00:52,1100.0,3.85,B
2021-06-10T13:00:52,9100.0,3.85,B
2021-06-10T13:00:52,21600.0,3.85,B
2021-06-10T13:00:52,18200.0,3.84,S
2021-06-10T13:00:37,3000.0,3.84,S
2021-06-10T13:00:37,3000.0,3.84,S
2021-06-10T13:00:34,400.0,3.83,S
2021-06-10T13:00:34,1500.0,3.84,S
2021-06-10T13:00:30,200.0,3.84,S
2021-06-10T13:00:29,300.0,3.84,S
2021-06-10T13:00:28,1000.0,3.85,B
2021-06-10T13:00:28,200.0,3.84,S
2021-06-10T13:00:26,100.0,3.85,B
2021-06-10T13:00:24,30000.0,3.85,B
2021-06-10T13:00:24,5000.0,3.85,B
2021-06-10T13:00:22,600.0,3.85,B
2021-06-10T13:00:22,2000.0,3.85,B
2021-06-10T13:00:22,1300.0,3.85,B
2021-06-10T13:00:21,1000.0,3.85,B
2021-06-10T13:00:19,9100.0,3.84,S
2021-06-10T13:00:19,1000.0,3.85,B
2021-06-10T11:30:11,17900.0,3.85,B
2021-06-10T11:30:11,78300.0,3.85,B
2021-06-10T11:30:11,3800.0,3.85,B
2021-06-10T11:30:05,21200.0,3.85,B
2021-06-10T11:30:05,13500.0,3.85,B
2021-06-10T11:30:05,25300.0,3.85,B
2021-06-10T11:30:03,2000.0,3.84,S
2021-06-10T11:30:01,1000.0,3.85,B
2021-06-10T11:29:54,16000.0,3.84,S
2021-06-10T11:29:53,1000.0,3.84,S
2021-06-10T11:29:51,3000.0,3.84,S
2021-06-10T11:29:40,2000.0,3.84,S
2021-06-10T11:29:40,1000.0,3.85,B
2021-06-10T11:29:33,500.0,3.84,S
2021-06-10T11:29:22,1000.0,3.84,S
2021-06-10T11:29:19,1400.0,3.84,B
2021-06-10T11:29:16,10000.0,3.83,S
2021-06-10T11:29:13,7000.0,3.84,B
2021-06-10T11:29:09,10000.0,3.84,B
2021-06-10T11:29:04,1000.0,3.83,S
2021-06-10T11:29:03,1500.0,3.83,S
2021-06-10T11:28:48,13500.0,3.84,B
2021-06-10T11:28:48,3000.0,3.84,B
2021-06-10T11:28:48,13500.0,3.84,B
2021-06-10T11:28:43,2000.0,3.83,S
2021-06-10T11:28:42,200.0,3.83,S
2021-06-10T11:28:40,1000.0,3.83,S
2021-06-10T11:28:36,2000.0,3.83,S
2021-06-10T11:28:34,100.0,3.83,S
2021-06-10T11:28:20,3700.0,3.83,S
2021-06-10T11:27:50,8600.0,3.83,S
2021-06-10T11:27:50,31400.0,3.83,B
2021-06-10T11:27:44,300.0,3.83,B
2021-06-10T11:27:38,4500.0,3.82,S
2021-06-10T11:27:35,300.0,3.82,S
2021-06-10T11:27:18,500.0,3.83,B
2021-06-10T11:27:12,10000.0,3.83,B
2021-06-10T11:27:11,1000.0,3.82,S
2021-06-10T11:27:01,300.0,3.83,B
2021-06-10T11:26:49,500.0,3.82,S
2021-06-10T11:26:32,3000.0,3.82,S
2021-06-10T11:26:09,14600.0,3.83,B
2021-06-10T11:25:41,10000.0,3.82,S
2021-06-10T11:25:19,57000.0,3.83,B
2021-06-10T11:25:15,2500.0,3.82,S
2021-06-10T11:25:13,20000.0,3.83,B
2021-06-10T11:25:08,10000.0,3.83,B
2021-06-10T11:25:00,500.0,3.83,B
2021-06-10T11:24:49,2000.0,3.83,B
2021-06-10T11:24:45,500.0,3.83,S
2021-06-10T11:24:39,1000.0,3.83,S
2021-06-10T11:24:23,1000.0,3.84,S
2021-06-10T11:24:18,1800.0,3.83,S
2021-06-10T11:24:18,38000.0,3.83,S
2021-06-10T11:24:18,500.0,3.83,S
2021-06-10T11:24:03,4000.0,3.85,B
2021-06-10T11:24:00,100.0,3.85,B
2021-06-10T11:23:53,1000.0,3.83,S
2021-06-10T11:23:40,5000.0,3.83,S
2021-06-10T11:23:33,5000.0,3.85,B
2021-06-10T11:23:27,2500.0,3.83,S
2021-06-10T11:23:22,18000.0,3.85,B
2021-06-10T11:23:21,2000.0,3.83,S
2021-06-10T11:23:16,300.0,3.85,B
2021-06-10T11:23:09,100.0,3.85,B
2021-06-10T11:22:54,11600.0,3.86,B
2021-06-10T11:22:54,7400.0,3.86,B
2021-06-10T11:22:54,5400.0,3.86,B
2021-06-10T11:22:53,14600.0,3.86,B
2021-06-10T11:22:52,300.0,3.85,S
2021-06-10T11:22:49,900.0,3.86,B
2021-06-10T11:22:41,10000.0,3.86,B
2021-06-10T11:22:39,500.0,3.85,S
2021-06-10T11:22:36,200.0,3.86,B
2021-06-10T11:22:36,100.0,3.86,B
2021-06-10T11:22:35,7200.0,3.85,B
2021-06-10T11:22:29,3800.0,3.85,S
2021-06-10T11:22:23,10000.0,3.86,B
2021-06-10T11:22:17,300.0,3.85,S
2021-06-10T11:22:17,5500.0,3.85,S
2021-06-10T11:22:15,20000.0,3.85,S
2021-06-10T11:22:15,400.0,3.85,S
2021-06-10T11:22:14,1000.0,3.85,S
2021-06-10T11:22:13,1000.0,3.85,S
2021-06-10T11:22:11,10000.0,3.85,S
2021-06-10T11:22:10,100.0,3.86,B
2021-06-10T11:22:10,2000.0,3.85,S
2021-06-10T11:22:07,5000.0,3.85,S
2021-06-10T11:22:00,500.0,3.85,B
2021-06-10T11:22:00,1300.0,3.85,B
2021-06-10T11:21:58,3300.0,3.86,B
2021-06-10T11:21:58,46700.0,3.85,B
2021-06-10T11:21:48,60700.0,3.83,S
2021-06-10T11:21:46,3000.0,3.85,S
2021-06-10T11:21:45,600.0,3.86,B
2021-06-10T11:21:36,10000.0,3.85,S
2021-06-10T11:21:33,20800.0,3.85,B
2021-06-10T11:21:15,200.0,3.83,S
2021-06-10T11:21:09,7100.0,3.86,B
2021-06-10T11:21:09,11300.0,3.86,B
2021-06-10T11:21:09,2000.0,3.86,B
2021-06-10T11:21:09,10100.0,3.85,B
2021-06-10T11:21:09,15100.0,3.85,B
2021-06-10T11:21:09,4400.0,3.85,B
2021-06-10T11:21:01,6600.0,3.85,B
2021-06-10T11:21:01,31700.0,3.85,B
2021-06-10T11:21:01,51100.0,3.85,B
2021-06-10T11:21:01,10600.0,3.85,B
2021-06-10T11:21:00,500.0,3.83,S
2021-06-10T11:20:41,5000.0,3.85,B
2021-06-10T11:20:35,5000.0,3.83,S
2021-06-10T11:20:25,39100.0,3.85,S
2021-06-10T11:20:25,300.0,3.85,S
2021-06-10T11:20:23,500.0,3.85,B
2021-06-10T11:20:23,123300.0,3.85,B
2021-06-10T11:20:15,1600.0,3.85,B
2021-06-10T11:20:10,2000.0,3.85,B
2021-06-10T11:20:07,17800.0,3.85,S
2021-06-10T11:20:06,2000.0,3.85,S
2021-06-10T11:20:01,1000.0,3.85,S
2021-06-10T11:19:59,500.0,3.85,S
2021-06-10T11:19:53,12700.0,3.85,B
2021-06-10T11:19:53,16000.0,3.85,B
2021-06-10T11:19:50,2600.0,3.85,B
2021-06-10T11:19:46,800.0,3.83,S
2021-06-10T11:19:46,5000.0,3.83,S
2021-06-10T11:19:46,4200.0,3.84,S
2021-06-10T11:19:32,5000.0,3.85,B
2021-06-10T11:19:31,3100.0,3.85,B
2021-06-10T11:19:23,500.0,3.85,B
2021-06-10T11:19:22,3000.0,3.85,B
2021-06-10T11:19:21,2000.0,3.85,B
2021-06-10T11:19:07,2000.0,3.85,B
2021-06-10T11:19:04,1300.0,3.85,B
2021-06-10T11:18:47,500.0,3.85,B
2021-06-10T11:18:46,36000.0,3.85,B
2021-06-10T11:18:35,1000.0,3.83,S
2021-06-10T11:18:35,4500.0,3.85,S
2021-06-10T11:18:34,25500.0,3.85,S
2021-06-10T11:18:23,4500.0,3.85,S
2021-06-10T11:18:22,500.0,3.85,S
2021-06-10T11:18:17,3500.0,3.85,S
2021-06-10T11:18:10,300.0,3.83,S
2021-06-10T11:18:09,1000.0,3.86,B
2021-06-10T11:18:08,2000.0,3.85,B
2021-06-10T11:18:07,1800.0,3.85,B
2021-06-10T11:18:07,48200.0,3.85,B
2021-06-10T11:17:54,3000.0,3.85,B
2021-06-10T11:17:44,500.0,3.81,S
2021-06-10T11:17:35,50000.0,3.85,B
2021-06-10T11:17:34,200.0,3.81,S
2021-06-10T11:17:34,8000.0,3.85,B
2021-06-10T11:17:34,2000.0,3.85,B
2021-06-10T11:17:34,4500.0,3.85,B
2021-06-10T11:17:34,6600.0,3.85,B
2021-06-10T11:17:34,4700.0,3.85,B
2021-06-10T11:17:34,1000.0,3.85,B
2021-06-10T11:17:33,13000.0,3.85,B
2021-06-10T11:17:33,1000.0,3.85,B
2021-06-10T11:17:33,200.0,3.85,B
2021-06-10T11:17:33,900.0,3.84,B
2021-06-10T11:17:33,2100.0,3.84,B
2021-06-10T11:17:33,3000.0,3.83,B
2021-06-10T11:17:33,53000.0,3.83,B
2021-06-10T11:17:27,10100.0,3.81,B
2021-06-10T11:17:27,5000.0,3.81,B
2021-06-10T11:17:24,500.0,3.8,S
2021-06-10T11:17:18,11000.0,3.8,B
2021-06-10T11:17:17,2800.0,3.8,B
2021-06-10T11:17:17,2000.0,3.8,B
2021-06-10T11:17:17,5200.0,3.8,B
2021-06-10T11:17:07,10000.0,3.8,B
2021-06-10T11:17:04,900.0,3.8,B
2021-06-10T11:17:04,9100.0,3.8,B
2021-06-10T11:17:04,3500.0,3.8,B
2021-06-10T11:17:03,96500.0,3.8,B
2021-06-10T11:16:57,20000.0,3.8,B
2021-06-10T11:16:57,4600.0,3.8,B
2021-06-10T11:16:57,5400.0,3.8,B
2021-06-10T11:16:57,400.0,3.8,B
2021-06-10T11:16:56,4500.0,3.8,B
2021-06-10T11:16:56,10000.0,3.8,B
2021-06-10T11:16:56,3300.0,3.8,B
2021-06-10T11:16:56,10000.0,3.8,B
2021-06-10T11:16:56,800.0,3.8,B
2021-06-10T11:16:56,3300.0,3.8,B
2021-06-10T11:16:56,2000.0,3.8,B
2021-06-10T11:16:56,200.0,3.8,B
2021-06-10T11:16:56,10500.0,3.8,B
2021-06-10T11:16:56,400.0,3.8,B
2021-06-10T11:16:56,3600.0,3.8,B
2021-06-10T11:16:56,51400.0,3.8,B
2021-06-10T11:16:46,5000.0,3.8,B
2021-06-10T11:16:42,10000.0,3.8,B
2021-06-10T11:16:41,10000.0,3.79,S
2021-06-10T11:16:35,75100.0,3.79,B
2021-06-10T11:16:35,9100.0,3.79,B
2021-06-10T11:16:35,7000.0,3.79,B
2021-06-10T11:16:35,118400.0,3.79,B
2021-06-10T11:16:35,10000.0,3.79,B
2021-06-10T11:16:29,500.0,3.79,B
2021-06-10T11:16:07,500.0,3.79,B
2021-06-10T11:16:07,3000.0,3.78,S
2021-06-10T11:15:53,13000.0,3.78,B
2021-06-10T11:15:53,500.0,3.78,B
2021-06-10T11:15:52,500.0,3.78,B
2021-06-10T11:15:52,2000.0,3.78,B
2021-06-10T11:15:34,7000.0,3.78,B
2021-06-10T11:15:25,1500.0,3.78,B
2021-06-10T11:15:25,200.0,3.78,B
2021-06-10T11:15:25,24400.0,3.78,B
2021-06-10T11:15:25,23900.0,3.78,B
2021-06-10T11:14:27,200.0,3.78,B
2021-06-10T11:14:00,5300.0,3.77,S
2021-06-10T11:13:58,1200.0,3.77,S
2021-06-10T11:13:44,20000.0,3.77,B
2021-06-10T11:13:42,1600.0,3.77,B
2021-06-10T11:13:42,900.0,3.77,B
2021-06-10T11:13:42,7800.0,3.77,B
2021-06-10T11:13:42,28100.0,3.77,B
2021-06-10T11:13:42,30100.0,3.77,B
2021-06-10T11:13:42,16600.0,3.77,B
2021-06-10T11:13:42,5600.0,3.77,B
2021-06-10T11:13:24,50000.0,3.76,S
2021-06-10T11:12:27,1200.0,3.77,B
2021-06-10T11:12:00,2000.0,3.76,S
2021-06-10T11:11:57,500.0,3.77,B
2021-06-10T11:11:41,700.0,3.77,B
2021-06-10T11:11:37,500.0,3.77,B
2021-06-10T11:11:14,1000.0,3.76,S
2021-06-10T11:09:28,10000.0,3.76,S
2021-06-10T11:09:27,9800.0,3.76,S
2021-06-10T11:09:09,100.0,3.76,S
2021-06-10T11:08:40,700.0,3.76,S
2021-06-10T11:08:35,700.0,3.76,B
2021-06-10T11:08:24,1500.0,3.76,B
2021-06-10T11:08:24,8500.0,3.76,B
2021-06-10T11:08:22,500.0,3.76,B
2021-06-10T11:08:19,5000.0,3.75,S
2021-06-10T11:07:22,2000.0,3.76,B
2021-06-10T11:07:17,100.0,3.76,B
2021-06-10T11:07:11,100.0,3.75,S
2021-06-10T11:06:27,1000.0,3.75,S
2021-06-10T11:06:14,100.0,3.75,S
2021-06-10T11:06:14,1200.0,3.75,S
2021-06-10T11:06:07,3800.0,3.75,S
2021-06-10T11:06:03,5000.0,3.75,S
2021-06-10T11:05:20,27000.0,3.75,B
2021-06-10T11:05:20,3800.0,3.75,B
2021-06-10T11:05:20,10400.0,3.72,B
2021-06-10T11:05:17,300.0,3.72,B
2021-06-10T11:05:08,100.0,3.72,B
2021-06-10T11:05:01,2300.0,3.72,B
2021-06-10T11:05:00,2000.0,3.71,S
2021-06-10T11:04:50,200.0,3.72,B
2021-06-10T11:04:44,100.0,3.72,B
2021-06-10T11:04:31,5000.0,3.72,B
2021-06-10T11:04:04,700.0,3.72,B
2021-06-10T11:03:28,6700.0,3.71,B
2021-06-10T11:03:02,20000.0,3.69,S
2021-06-10T11:02:59,12200.0,3.7,B
2021-06-10T11:02:46,3000.0,3.69,S
2021-06-10T11:02:31,600.0,3.7,B
2021-06-10T11:02:28,3200.0,3.7,B
2021-06-10T11:02:28,1800.0,3.7,B
2021-06-10T11:02:24,5800.0,3.7,B
2021-06-10T11:02:21,100.0,3.7,B
2021-06-10T11:02:09,2000.0,3.7,B
2021-06-10T11:01:58,500.0,3.7,B
2021-06-10T11:01:56,400.0,3.69,S
2021-06-10T11:01:44,100.0,3.7,B
2021-06-10T11:01:27,5500.0,3.7,B
2021-06-10T11:01:20,100.0,3.7,B
2021-06-10T11:00:34,100.0,3.7,B
2021-06-10T11:00:33,10000.0,3.7,B
2021-06-10T11:00:13,200.0,3.7,S
2021-06-10T11:00:06,900.0,3.7,S
2021-06-10T11:00:06,6600.0,3.7,S
2021-06-10T11:00:05,200.0,3.71,B
2021-06-10T10:59:58,100.0,3.71,B
2021-06-10T10:58:52,500.0,3.71,S
2021-06-10T10:58:50,1100.0,3.69,S
2021-06-10T10:58:50,1200.0,3.69,S
2021-06-10T10:58:50,5200.0,3.69,S
2021-06-10T10:58:50,1000.0,3.7,S
2021-06-10T10:58:50,4700.0,3.7,S
2021-06-10T10:58:50,2000.0,3.7,S
2021-06-10T10:58:50,2300.0,3.7,S
2021-06-10T10:58:50,500.0,3.7,S
2021-06-10T10:58:50,800.0,3.7,S
2021-06-10T10:58:50,22500.0,3.7,S
2021-06-10T10:58:50,6200.0,3.7,S
2021-06-10T10:58:50,5400.0,3.7,S
2021-06-10T10:58:50,300.0,3.7,S
2021-06-10T10:58:50,2700.0,3.7,S
2021-06-10T10:58:50,8300.0,3.7,S
2021-06-10T10:58:50,1200.0,3.7,S
2021-06-10T10:58:49,18300.0,3.7,S
2021-06-10T10:58:49,500.0,3.7,S
2021-06-10T10:58:49,20000.0,3.7,S
2021-06-10T10:58:49,200.0,3.7,S
2021-06-10T10:58:49,49800.0,3.7,S
2021-06-10T10:58:38,200.0,3.71,S
2021-06-10T10:58:17,600.0,3.71,S
2021-06-10T10:58:10,600.0,3.72,B
2021-06-10T10:58:10,3000.0,3.71,S
2021-06-10T10:58:03,3300.0,3.7,S
2021-06-10T10:58:02,3000.0,3.71,S
2021-06-10T10:57:59,1000.0,3.71,S
2021-06-10T10:57:56,500.0,3.71,S
2021-06-10T10:57:45,3000.0,3.7,S
2021-06-10T10:57:37,2500.0,3.71,S
2021-06-10T10:57:21,500.0,3.71,S
2021-06-10T10:57:13,300.0,3.7,S
2021-06-10T10:57:04,2000.0,3.71,B
2021-06-10T10:57:04,500.0,3.71,B
2021-06-10T10:57:01,4000.0,3.7,S
2021-06-10T10:56:52,500.0,3.71,B
2021-06-10T10:56:45,16000.0,3.7,S
2021-06-10T10:56:42,5000.0,3.71,B
2021-06-10T10:56:15,500.0,3.71,S
2021-06-10T10:56:00,400.0,3.7,S
2021-06-10T10:56:00,1200.0,3.7,S
2021-06-10T10:56:00,1800.0,3.7,S
2021-06-10T10:56:00,4100.0,3.7,S
2021-06-10T10:56:00,1200.0,3.7,S
2021-06-10T10:56:00,18700.0,3.7,S
2021-06-10T10:56:00,6100.0,3.7,S
2021-06-10T10:56:00,50200.0,3.7,S
2021-06-10T10:56:00,700.0,3.7,S
2021-06-10T10:56:00,115600.0,3.7,S
2021-06-10T10:55:49,5000.0,3.71,S
2021-06-10T10:55:15,2300.0,3.71,S
2021-06-10T10:55:15,1000.0,3.71,S
2021-06-10T10:55:15,1500.0,3.71,S
2021-06-10T10:55:15,5200.0,3.71,S
2021-06-10T10:55:09,700.0,3.73,S
2021-06-10T10:55:04,1800.0,3.73,S
2021-06-10T10:54:54,1600.0,3.73,S
2021-06-10T10:54:42,1000.0,3.73,B
2021-06-10T10:54:41,600.0,3.73,B
2021-06-10T10:54:23,100.0,3.73,B
2021-06-10T10:54:05,100.0,3.73,S
2021-06-10T10:53:46,9500.0,3.73,S
2021-06-10T10:53:23,700.0,3.75,B
2021-06-10T10:53:23,300.0,3.75,B
2021-06-10T10:52:57,5000.0,3.75,B
2021-06-10T10:52:28,3000.0,3.71,S
2021-06-10T10:52:13,5600.0,3.75,B
2021-06-10T10:52:13,2000.0,3.75,B
2021-06-10T10:52:13,1000.0,3.75,B
2021-06-10T10:52:12,1400.0,3.75,B
2021-06-10T10:51:59,100.0,3.73,S
2021-06-10T10:51:56,2400.0,3.73,S
2021-06-10T10:51:24,100.0,3.75,B
2021-06-10T10:51:17,1600.0,3.73,S
2021-06-10T10:50:55,3200.0,3.75,B
2021-06-10T10:50:55,1800.0,3.74,B
2021-06-10T10:50:09,800.0,3.73,B
2021-06-10T10:50:00,400.0,3.73,B
2021-06-10T10:49:52,1200.0,3.73,S
2021-06-10T10:49:19,200.0,3.75,B
2021-06-10T10:48:56,3300.0,3.73,S
2021-06-10T10:48:47,3000.0,3.73,S
2021-06-10T10:48:39,13000.0,3.73,B
2021-06-10T10:48:33,2000.0,3.73,B
2021-06-10T10:48:01,300.0,3.73,S
2021-06-10T10:48:00,500.0,3.73,S
2021-06-10T10:47:52,1800.0,3.73,S
2021-06-10T10:47:23,1100.0,3.73,B
2021-06-10T10:46:46,2400.0,3.7,S
2021-06-10T10:46:46,5900.0,3.7,S
2021-06-10T10:46:45,34000.0,3.71,S
2021-06-10T10:46:34,2000.0,3.73,S
2021-06-10T10:46:34,2500.0,3.73,S
2021-06-10T10:46:34,14600.0,3.73,S
2021-06-10T10:46:34,200.0,3.73,S
2021-06-10T10:46:34,79600.0,3.73,S
2021-06-10T10:46:08,6800.0,3.73,S
2021-06-10T10:45:57,4500.0,3.73,S
2021-06-10T10:45:53,5300.0,3.73,S
2021-06-10T10:45:45,1000.0,3.75,B
2021-06-10T10:45:31,16300.0,3.73,S
2021-06-10T10:45:24,13000.0,3.75,B
2021-06-10T10:44:46,1000.0,3.74,S
2021-06-10T10:44:46,14700.0,3.74,S
2021-06-10T10:44:45,500.0,3.75,B
2021-06-10T10:44:23,5000.0,3.75,B
2021-06-10T10:44:10,38500.0,3.74,S
2021-06-10T10:44:10,5400.0,3.74,S
2021-06-10T10:44:10,3000.0,3.74,S
2021-06-10T10:44:10,10500.0,3.74,S
2021-06-10T10:44:10,2600.0,3.74,S
2021-06-10T10:43:32,400.0,3.75,B
2021-06-10T10:42:52,400.0,3.75,B
2021-06-10T10:42:42,300.0,3.74,S
2021-06-10T10:42:42,600.0,3.74,S
2021-06-10T10:42:42,9100.0,3.74,S
2021-06-10T10:42:19,5000.0,3.75,B
2021-06-10T10:41:45,1000.0,3.75,B
2021-06-10T10:41:17,1000.0,3.75,B
2021-06-10T10:41:13,4800.0,3.75,S
2021-06-10T10:40:49,6700.0,3.75,S
2021-06-10T10:40:49,1000.0,3.75,S
2021-06-10T10:40:49,2300.0,3.75,S
2021-06-10T10:40:31,1000.0,3.75,S
2021-06-10T10:40:24,1000.0,3.76,B
2021-06-10T10:40:19,200.0,3.75,S
2021-06-10T10:40:15,100.0,3.76,B
2021-06-10T10:40:12,100.0,3.75,S
2021-06-10T10:40:12,1900.0,3.75,S
2021-06-10T10:39:43,1800.0,3.75,S
2021-06-10T10:39:19,500.0,3.75,S
2021-06-10T10:36:41,1000.0,3.75,S
2021-06-10T10:36:23,5000.0,3.75,S
2021-06-10T10:36:17,6000.0,3.75,S
2021-06-10T10:36:01,2400.0,3.75,S
2021-06-10T10:36:01,5900.0,3.75,S
2021-06-10T10:35:48,1000.0,3.75,S
2021-06-10T10:35:43,1000.0,3.77,B
2021-06-10T10:35:38,1500.0,3.75,S
2021-06-10T10:35:29,4800.0,3.75,S
2021-06-10T10:34:37,1000.0,3.75,S
2021-06-10T10:34:26,200.0,3.75,S
2021-06-10T10:33:47,2000.0,3.75,S
2021-06-10T10:33:15,100.0,3.77,B
2021-06-10T10:31:33,3000.0,3.75,S
2021-06-10T10:31:13,1100.0,3.77,B
2021-06-10T10:31:13,21000.0,3.77,B
2021-06-10T10:31:13,27900.0,3.77,B
2021-06-10T10:30:58,10000.0,3.75,S
2021-06-10T10:30:50,2900.0,3.75,S
2021-06-10T10:30:39,100.0,3.75,S
2021-06-10T10:29:59,5000.0,3.75,S
2021-06-10T10:29:58,1000.0,3.77,B
2021-06-10T10:29:35,100.0,3.77,B
2021-06-10T10:29:07,2000.0,3.76,B
2021-06-10T10:28:23,500.0,3.75,S
2021-06-10T10:28:06,5000.0,3.75,S
2021-06-10T10:27:38,10000.0,3.75,S
2021-06-10T10:27:34,22500.0,3.75,B
2021-06-10T10:27:21,2000.0,3.75,B
2021-06-10T10:27:03,200.0,3.75,B
2021-06-10T10:26:44,1000.0,3.75,S
2021-06-10T10:26:27,1100.0,3.75,S
2021-06-10T10:26:04,10000.0,3.75,S
2021-06-10T10:25:41,2000.0,3.75,S
2021-06-10T10:25:29,100.0,3.75,S
2021-06-10T10:25:07,100.0,3.75,S
2021-06-10T10:25:06,300.0,3.75,S
2021-06-10T10:25:06,5100.0,3.75,S
2021-06-10T10:24:17,500.0,3.77,B
2021-06-10T10:24:02,300.0,3.77,B
2021-06-10T10:23:57,10000.0,3.77,B
2021-06-10T10:23:53,1000.0,3.77,B
2021-06-10T10:23:33,2000.0,3.77,B
2021-06-10T10:22:48,10000.0,3.77,B
2021-06-10T10:21:30,1000.0,3.77,B
2021-06-10T10:21:28,5500.0,3.75,B
2021-06-10T10:21:28,300.0,3.75,B
2021-06-10T10:21:28,3500.0,3.75,B
2021-06-10T10:21:17,1400.0,3.74,S
2021-06-10T10:21:09,500.0,3.75,B
2021-06-10T10:20:29,200.0,3.75,B
2021-06-10T10:20:05,100.0,3.75,B
2021-06-10T10:20:00,100.0,3.75,B
2021-06-10T10:19:57,20000.0,3.74,S
2021-06-10T10:19:46,11900.0,3.75,B
2021-06-10T10:19:44,100.0,3.75,B
2021-06-10T10:19:44,3500.0,3.75,B
2021-06-10T10:19:40,500.0,3.75,B
2021-06-10T10:19:28,2000.0,3.75,B
2021-06-10T10:19:21,100.0,3.75,B
2021-06-10T10:19:21,500.0,3.75,B
2021-06-10T10:19:17,100.0,3.75,B
2021-06-10T10:19:01,500.0,3.75,S
2021-06-10T10:18:54,1900.0,3.75,S
2021-06-10T10:18:53,1700.0,3.75,S
2021-06-10T10:18:53,22800.0,3.75,S
2021-06-10T10:18:14,10600.0,3.78,B
2021-06-10T10:18:08,100.0,3.78,B
2021-06-10T10:17:08,10500.0,3.78,B
2021-06-10T10:17:04,300.0,3.77,S
2021-06-10T10:16:38,300.0,3.78,B
2021-06-10T10:16:25,2700.0,3.78,B
2021-06-10T10:16:18,200.0,3.78,B
2021-06-10T10:16:13,1000.0,3.76,S
2021-06-10T10:16:01,13800.0,3.78,S
2021-06-10T10:15:56,1000.0,3.78,S
2021-06-10T10:15:52,10000.0,3.76,S
2021-06-10T10:15:51,12600.0,3.78,S
2021-06-10T10:15:51,10000.0,3.78,S
2021-06-10T10:15:51,800.0,3.78,S
2021-06-10T10:15:18,10000.0,3.79,B
2021-06-10T10:15:15,5400.0,3.79,B
2021-06-10T10:15:14,300.0,3.78,S
2021-06-10T10:15:14,5000.0,3.78,S
2021-06-10T10:15:13,1000.0,3.78,S
2021-06-10T10:15:11,200.0,3.79,B
2021-06-10T10:15:09,400.0,3.79,B
2021-06-10T10:14:50,500.0,3.79,B
2021-06-10T10:14:24,5000.0,3.78,B
2021-06-10T10:14:20,1000.0,3.78,B
2021-06-10T10:14:20,4000.0,3.78,B
2021-06-10T10:14:20,1200.0,3.78,B
2021-06-10T10:13:58,400.0,3.78,S
2021-06-10T10:12:59,400.0,3.77,S
2021-06-10T10:12:59,29600.0,3.77,S
2021-06-10T10:12:49,1000.0,3.77,S
2021-06-10T10:12:44,10000.0,3.79,B
2021-06-10T10:12:39,200.0,3.78,B
2021-06-10T10:12:31,100.0,3.78,B
2021-06-10T10:12:22,100.0,3.78,B
2021-06-10T10:12:22,900.0,3.78,B
2021-06-10T10:12:15,100.0,3.78,B
2021-06-10T10:12:05,100.0,3.78,B
2021-06-10T10:11:54,5200.0,3.78,B
2021-06-10T10:11:50,1000.0,3.77,S
2021-06-10T10:11:47,100.0,3.77,S
2021-06-10T10:11:43,8000.0,3.77,S
2021-06-10T10:11:34,1000.0,3.77,S
2021-06-10T10:11:05,2000.0,3.77,S
2021-06-10T10:11:05,3500.0,3.77,S
2021-06-10T10:10:47,1200.0,3.78,B
2021-06-10T10:10:42,5000.0,3.77,S
2021-06-10T10:10:14,45800.0,3.78,B
2021-06-10T10:10:09,1000.0,3.78,B
2021-06-10T10:10:03,9400.0,3.78,B
2021-06-10T10:09:45,500.0,3.78,B
2021-06-10T10:09:30,100.0,3.78,B
2021-06-10T10:09:21,10000.0,3.77,S
2021-06-10T10:09:09,10500.0,3.78,S
2021-06-10T10:08:24,15400.0,3.78,B
2021-06-10T10:08:11,200.0,3.77,S
2021-06-10T10:07:56,100.0,3.77,B
2021-06-10T10:07:56,30000.0,3.77,B
2021-06-10T10:07:56,129700.0,3.77,B
2021-06-10T10:07:54,2900.0,3.76,B
2021-06-10T10:07:49,10100.0,3.76,B
2021-06-10T10:07:48,1000.0,3.76,B
2021-06-10T10:07:38,2000.0,3.76,B
2021-06-10T10:07:36,600.0,3.76,B
2021-06-10T10:07:27,20000.0,3.76,B
2021-06-10T10:07:17,2000.0,3.76,B
2021-06-10T10:07:14,3700.0,3.76,B
2021-06-10T10:07:12,1000.0,3.76,B
2021-06-10T10:07:10,18100.0,3.76,B
2021-06-10T10:07:06,100.0,3.76,B
2021-06-10T10:06:55,300.0,3.76,B
2021-06-10T10:06:54,300.0,3.76,B
2021-06-10T10:06:37,5000.0,3.76,B
2021-06-10T10:06:35,4100.0,3.76,B
2021-06-10T10:06:35,4900.0,3.76,B
2021-06-10T10:06:14,800.0,3.76,B
2021-06-10T10:06:14,1200.0,3.76,B
2021-06-10T10:06:02,1000.0,3.76,B
2021-06-10T10:05:50,100.0,3.75,S
2021-06-10T10:05:46,400.0,3.76,B
2021-06-10T10:05:46,1100.0,3.75,B
2021-06-10T10:05:46,10000.0,3.75,B
2021-06-10T10:05:44,700.0,3.75,B
2021-06-10T10:05:34,2000.0,3.75,B
2021-06-10T10:05:28,10000.0,3.75,B
2021-06-10T10:05:26,3800.0,3.75,B
2021-06-10T10:05:26,4300.0,3.75,B
2021-06-10T10:05:26,5600.0,3.75,B
2021-06-10T10:05:26,2300.0,3.75,B
2021-06-10T10:05:19,400.0,3.75,B
2021-06-10T10:05:08,5000.0,3.75,B
2021-06-10T10:05:05,8800.0,3.75,B
2021-06-10T10:05:03,100.0,3.75,B
2021-06-10T10:04:58,2000.0,3.75,B
2021-06-10T10:04:53,6500.0,3.75,B
2021-06-10T10:04:52,2000.0,3.75,B
2021-06-10T10:04:41,19500.0,3.75,B
2021-06-10T10:04:28,100.0,3.75,B
2021-06-10T10:04:09,300.0,3.75,B
2021-06-10T10:04:07,100.0,3.75,B
2021-06-10T10:04:04,1000.0,3.75,B
2021-06-10T10:03:57,5000.0,3.75,B
2021-06-10T10:03:36,3000.0,3.75,B
2021-06-10T10:02:44,200.0,3.74,B
2021-06-10T10:02:44,400.0,3.74,B
2021-06-10T10:02:39,100.0,3.74,B
2021-06-10T10:02:37,4900.0,3.74,B
2021-06-10T10:02:31,2100.0,3.74,B
2021-06-10T10:02:31,5100.0,3.74,B
2021-06-10T10:02:31,10000.0,3.74,B
2021-06-10T10:02:31,2800.0,3.74,B
2021-06-10T10:02:24,1000.0,3.74,B
2021-06-10T10:02:16,10000.0,3.73,S
2021-06-10T10:02:06,1000.0,3.74,B
2021-06-10T10:01:49,5000.0,3.74,B
2021-06-10T10:01:48,5000.0,3.74,B
2021-06-10T10:01:46,100.0,3.73,S
2021-06-10T10:01:28,100.0,3.73,S
2021-06-10T10:01:25,5000.0,3.74,B
2021-06-10T10:01:15,2500.0,3.73,S
2021-06-10T10:01:05,300.0,3.73,B
2021-06-10T10:01:01,2000.0,3.74,B
2021-06-10T10:00:52,100.0,3.73,B
2021-06-10T10:00:52,192500.0,3.73,B
2021-06-10T10:00:49,2000.0,3.73,B
2021-06-10T10:00:46,1700.0,3.72,S
2021-06-10T10:00:27,5000.0,3.73,B
2021-06-10T10:00:18,3000.0,3.72,S
2021-06-10T10:00:17,500.0,3.73,B
2021-06-10T10:00:16,10000.0,3.73,B
2021-06-10T10:00:15,15000.0,3.73,B
2021-06-10T10:00:14,100.0,3.73,B
2021-06-10T10:00:04,4100.0,3.73,B
2021-06-10T09:59:53,1000.0,3.73,B
2021-06-10T09:59:50,2000.0,3.72,B
2021-06-10T09:59:43,3600.0,3.73,B
2021-06-10T09:59:40,500.0,3.73,B
2021-06-10T09:59:39,30000.0,3.72,B
2021-06-10T09:59:38,1000.0,3.73,B
2021-06-10T09:59:36,500.0,3.73,B
2021-06-10T09:59:12,3000.0,3.73,B
2021-06-10T09:59:10,600.0,3.72,B
2021-06-10T09:58:58,10000.0,3.72,B
2021-06-10T09:58:54,1600.0,3.72,B
2021-06-10T09:58:50,100.0,3.72,B
2021-06-10T09:58:46,1400.0,3.72,B
2021-06-10T09:58:46,1500.0,3.72,B
2021-06-10T09:57:46,2300.0,3.72,B
2021-06-10T09:57:46,11700.0,3.72,B
2021-06-10T09:57:43,900.0,3.72,B
2021-06-10T09:57:43,100.0,3.72,B
2021-06-10T09:57:43,300.0,3.71,B
2021-06-10T09:57:32,3600.0,3.71,B
2021-06-10T09:57:31,3100.0,3.71,B
2021-06-10T09:57:28,5800.0,3.71,B
2021-06-10T09:57:26,10000.0,3.71,B
2021-06-10T09:57:21,1000.0,3.71,B
2021-06-10T09:57:08,8000.0,3.71,B
2021-06-10T09:57:08,4000.0,3.7,S
2021-06-10T09:56:50,100.0,3.71,B
2021-06-10T09:56:41,1500.0,3.7,B
2021-06-10T09:56:38,100.0,3.7,B
2021-06-10T09:56:38,500.0,3.7,B
2021-06-10T09:56:38,11000.0,3.7,B
2021-06-10T09:56:38,1500.0,3.7,B
2021-06-10T09:56:38,84400.0,3.7,B
2021-06-10T09:56:38,26700.0,3.7,B
2021-06-10T09:56:32,2000.0,3.7,B
2021-06-10T09:56:25,5000.0,3.7,B
2021-06-10T09:56:24,200.0,3.7,B
2021-06-10T09:56:21,400.0,3.7,B
2021-06-10T09:56:18,100.0,3.7,B
2021-06-10T09:56:02,100.0,3.7,B
2021-06-10T09:56:01,500.0,3.7,B
2021-06-10T09:55:36,300.0,3.7,B
2021-06-10T09:55:33,2000.0,3.69,S
2021-06-10T09:55:31,3000.0,3.7,B
2021-06-10T09:55:07,5000.0,3.7,B
2021-06-10T09:54:48,4500.0,3.69,S
2021-06-10T09:54:20,52300.0,3.69,B
2021-06-10T09:54:20,200.0,3.68,S
2021-06-10T09:54:20,4700.0,3.68,S
2021-06-10T09:54:17,1000.0,3.69,B
2021-06-10T09:54:16,700.0,3.69,B
2021-06-10T09:54:11,2600.0,3.68,S
2021-06-10T09:54:10,1000.0,3.69,B
2021-06-10T09:54:07,1000.0,3.69,B
2021-06-10T09:54:03,100.0,3.69,B
2021-06-10T09:54:02,1000.0,3.69,B
2021-06-10T09:53:57,100.0,3.69,B
2021-06-10T09:53:53,300.0,3.68,S
2021-06-10T09:53:42,100000.0,3.69,B
2021-06-10T09:53:30,6400.0,3.68,S
2021-06-10T09:53:29,8600.0,3.68,S
2021-06-10T09:53:25,1000.0,3.69,B
2021-06-10T09:53:16,500.0,3.68,S
2021-06-10T09:53:14,14000.0,3.68,S
2021-06-10T09:53:14,3000.0,3.68,S
2021-06-10T09:53:08,200.0,3.69,B
2021-06-10T09:52:43,10000.0,3.68,S
2021-06-10T09:52:35,3300.0,3.68,S
2021-06-10T09:52:32,1700.0,3.68,S
2021-06-10T09:52:31,400.0,3.69,B
2021-06-10T09:52:31,8300.0,3.68,S
2021-06-10T09:52:26,4000.0,3.68,S
2021-06-10T09:52:21,1000.0,3.68,S
2021-06-10T09:52:21,5700.0,3.68,S
2021-06-10T09:52:09,300.0,3.68,S
2021-06-10T09:52:08,1000.0,3.68,S
2021-06-10T09:51:54,4000.0,3.68,S
2021-06-10T09:51:54,300.0,3.68,S
2021-06-10T09:51:54,6400.0,3.68,S
2021-06-10T09:51:53,2900.0,3.69,B
2021-06-10T09:51:47,1000.0,3.69,B
2021-06-10T09:51:30,6300.0,3.68,S
2021-06-10T09:51:27,100.0,3.69,B
2021-06-10T09:51:09,30000.0,3.7,S
2021-06-10T09:51:02,1500.0,3.69,S
2021-06-10T09:50:58,200.0,3.69,S
2021-06-10T09:50:55,500.0,3.69,S
2021-06-10T09:50:53,1000.0,3.69,S
2021-06-10T09:50:44,400.0,3.68,S
2021-06-10T09:50:44,1100.0,3.68,S
2021-06-10T09:50:33,4000.0,3.68,S
2021-06-10T09:50:23,500.0,3.68,S
2021-06-10T09:50:22,3500.0,3.68,S
2021-06-10T09:50:17,10500.0,3.69,S
2021-06-10T09:50:01,1100.0,3.68,S
2021-06-10T09:49:57,8800.0,3.68,S
2021-06-10T09:49:53,12000.0,3.69,S
2021-06-10T09:49:46,10000.0,3.68,S
2021-06-10T09:49:33,50000.0,3.68,S
2021-06-10T09:49:19,3600.0,3.7,S
2021-06-10T09:49:13,2200.0,3.69,S
2021-06-10T09:49:09,100.0,3.68,S
2021-06-10T09:49:06,6900.0,3.69,S
2021-06-10T09:49:03,2200.0,3.69,S
2021-06-10T09:49:03,2800.0,3.69,S
2021-06-10T09:49:02,2000.0,3.7,S
2021-06-10T09:48:52,200.0,3.7,S
2021-06-10T09:48:50,3500.0,3.7,S
2021-06-10T09:48:49,200.0,3.7,S
2021-06-10T09:48:49,1100.0,3.7,S
2021-06-10T09:48:48,7900.0,3.7,S
2021-06-10T09:48:41,100.0,3.7,S
2021-06-10T09:48:41,2000.0,3.7,S
2021-06-10T09:48:31,54000.0,3.7,S
2021-06-10T09:48:18,17500.0,3.69,S
2021-06-10T09:48:18,200.0,3.69,S
2021-06-10T09:48:18,6000.0,3.69,S
2021-06-10T09:48:15,1000.0,3.7,S
2021-06-10T09:48:15,10000.0,3.7,S
2021-06-10T09:48:15,5000.0,3.7,S
2021-06-10T09:48:15,1800.0,3.7,S
2021-06-10T09:48:14,500.0,3.7,S
2021-06-10T09:48:14,41300.0,3.7,S
2021-06-10T09:48:14,17000.0,3.7,S
2021-06-10T09:48:14,10000.0,3.7,S
2021-06-10T09:48:12,16900.0,3.7,S
2021-06-10T09:48:12,5300.0,3.7,S
2021-06-10T09:48:12,700.0,3.7,S
2021-06-10T09:48:10,1100.0,3.7,S
2021-06-10T09:48:08,300.0,3.7,S
2021-06-10T09:48:07,2000.0,3.7,S
2021-06-10T09:47:59,100.0,3.7,S
2021-06-10T09:47:59,1400.0,3.7,S
2021-06-10T09:47:59,3300.0,3.7,S
2021-06-10T09:47:59,3000.0,3.7,S
2021-06-10T09:47:59,14200.0,3.7,S
2021-06-10T09:47:45,1000.0,3.7,S
2021-06-10T09:47:21,6000.0,3.7,S
2021-06-10T09:47:11,12000.0,3.7,S
2021-06-10T09:47:11,2000.0,3.7,S
2021-06-10T09:47:11,6000.0,3.7,S
2021-06-10T09:47:05,10000.0,3.7,S
2021-06-10T09:47:04,1000.0,3.7,S
2021-06-10T09:46:44,1000.0,3.7,S
2021-06-10T09:46:27,2000.0,3.71,B
2021-06-10T09:46:13,3000.0,3.7,S
2021-06-10T09:46:10,78300.0,3.7,S
2021-06-10T09:46:10,11700.0,3.7,S
2021-06-10T09:46:10,2100.0,3.7,S
2021-06-10T09:46:10,23600.0,3.7,S
2021-06-10T09:46:10,53200.0,3.7,S
2021-06-10T09:46:10,2700.0,3.7,S
2021-06-10T09:46:10,1500.0,3.7,S
2021-06-10T09:46:09,10600.0,3.7,S
2021-06-10T09:45:49,10000.0,3.7,S
2021-06-10T09:45:10,5000.0,3.7,S
2021-06-10T09:45:01,300.0,3.71,S
2021-06-10T09:44:55,600.0,3.71,S
2021-06-10T09:44:35,100.0,3.71,S
2021-06-10T09:44:35,1000.0,3.71,S
2021-06-10T09:44:35,400.0,3.71,S
2021-06-10T09:44:35,1300.0,3.71,S
2021-06-10T09:44:35,11000.0,3.71,S
2021-06-10T09:44:35,1000.0,3.71,S
2021-06-10T09:44:35,4600.0,3.71,S
2021-06-10T09:44:18,900.0,3.71,S
2021-06-10T09:44:18,9100.0,3.71,S
2021-06-10T09:44:15,20000.0,3.71,S
2021-06-10T09:43:59,3000.0,3.72,S
2021-06-10T09:43:41,40400.0,3.71,S
2021-06-10T09:43:41,5300.0,3.72,S
2021-06-10T09:43:32,10200.0,3.72,S
2021-06-10T09:43:32,1000.0,3.72,S
2021-06-10T09:43:19,100.0,3.73,B
2021-06-10T09:43:17,1000.0,3.72,S
2021-06-10T09:43:11,100.0,3.72,S
2021-06-10T09:43:01,100.0,3.72,S
2021-06-10T09:42:56,100.0,3.72,S
2021-06-10T09:42:46,2000.0,3.72,S
2021-06-10T09:42:39,300.0,3.72,S
2021-06-10T09:42:27,10600.0,3.71,S
2021-06-10T09:42:27,3400.0,3.72,S
2021-06-10T09:42:11,100.0,3.72,S
2021-06-10T09:41:57,1000.0,3.72,S
2021-06-10T09:41:50,5000.0,3.73,B
2021-06-10T09:41:46,10000.0,3.72,S
2021-06-10T09:41:30,500.0,3.72,S
2021-06-10T09:41:18,1000.0,3.73,B
2021-06-10T09:41:12,100000.0,3.71,S
2021-06-10T09:41:11,20000.0,3.73,B
2021-06-10T09:41:02,100.0,3.73,B
2021-06-10T09:40:52,1000.0,3.73,B
2021-06-10T09:40:48,300.0,3.73,B
2021-06-10T09:40:43,500.0,3.73,B
2021-06-10T09:40:13,100.0,3.73,B
2021-06-10T09:40:07,100.0,3.73,B
2021-06-10T09:40:06,1000.0,3.71,S
2021-06-10T09:39:52,38800.0,3.71,S
2021-06-10T09:39:52,1600.0,3.71,S
2021-06-10T09:39:52,400.0,3.71,S
2021-06-10T09:39:52,600.0,3.71,S
2021-06-10T09:39:52,5000.0,3.71,S
2021-06-10T09:39:52,500.0,3.71,S
2021-06-10T09:39:52,10100.0,3.71,S
2021-06-10T09:39:52,7500.0,3.71,S
2021-06-10T09:39:52,35500.0,3.71,S
2021-06-10T09:39:49,1400.0,3.72,S
2021-06-10T09:39:48,2600.0,3.72,S
2021-06-10T09:39:48,4900.0,3.71,S
2021-06-10T09:39:45,900.0,3.71,S
2021-06-10T09:39:40,1000.0,3.72,S
2021-06-10T09:39:36,100.0,3.73,B
2021-06-10T09:39:30,7000.0,3.71,S
2021-06-10T09:39:27,5100.0,3.72,S
2021-06-10T09:39:27,900.0,3.72,S
2021-06-10T09:39:21,600.0,3.72,S
2021-06-10T09:39:20,5000.0,3.73,B
2021-06-10T09:38:49,3000.0,3.72,S
2021-06-10T09:38:43,300.0,3.72,S
2021-06-10T09:38:43,29700.0,3.72,S
2021-06-10T09:38:42,1000.0,3.73,B
2021-06-10T09:38:37,100.0,3.73,B
2021-06-10T09:38:26,500.0,3.73,B
2021-06-10T09:38:25,100.0,3.73,B
2021-06-10T09:38:18,19900.0,3.72,S
2021-06-10T09:38:12,600.0,3.73,S
2021-06-10T09:38:10,1000.0,3.73,S
2021-06-10T09:37:58,100000.0,3.72,S
2021-06-10T09:37:57,100.0,3.73,S
2021-06-10T09:37:51,61800.0,3.72,S
2021-06-10T09:37:51,23000.0,3.72,S
2021-06-10T09:37:49,7500.0,3.72,S
2021-06-10T09:37:49,400.0,3.72,S
2021-06-10T09:37:49,1500.0,3.72,S
2021-06-10T09:37:49,85800.0,3.72,S
2021-06-10T09:37:47,400.0,3.74,B
2021-06-10T09:37:44,20000.0,3.73,S
2021-06-10T09:37:24,200.0,3.73,S
2021-06-10T09:37:24,500.0,3.73,S
2021-06-10T09:37:23,5300.0,3.73,S
2021-06-10T09:37:06,100.0,3.74,B
2021-06-10T09:36:38,2000.0,3.73,S
2021-06-10T09:36:32,300.0,3.74,B
2021-06-10T09:36:17,1000.0,3.73,S
2021-06-10T09:35:42,200.0,3.74,S
2021-06-10T09:35:29,1700.0,3.74,S
2021-06-10T09:35:09,2000.0,3.75,B
2021-06-10T09:34:57,300.0,3.74,S
2021-06-10T09:34:47,1400.0,3.75,B
2021-06-10T09:34:38,1000.0,3.75,B
2021-06-10T09:34:29,5000.0,3.75,B
2021-06-10T09:34:28,2000.0,3.75,B
2021-06-10T09:34:24,100.0,3.74,S
2021-06-10T09:34:17,200.0,3.74,S
2021-06-10T09:34:12,64100.0,3.72,S
2021-06-10T09:34:12,13000.0,3.72,S
2021-06-10T09:34:12,2600.0,3.72,S
2021-06-10T09:34:12,9500.0,3.72,S
2021-06-10T09:34:12,47000.0,3.72,S
2021-06-10T09:34:12,900.0,3.72,S
2021-06-10T09:34:12,3800.0,3.72,S
2021-06-10T09:34:12,2500.0,3.73,S
2021-06-10T09:34:12,25200.0,3.73,S
2021-06-10T09:34:12,10000.0,3.73,S
2021-06-10T09:34:12,6400.0,3.73,S
2021-06-10T09:34:12,2100.0,3.73,S
2021-06-10T09:34:12,4300.0,3.73,S
2021-06-10T09:34:12,10000.0,3.73,S
2021-06-10T09:34:11,3000.0,3.73,S
2021-06-10T09:34:11,1000.0,3.73,S
2021-06-10T09:34:11,300.0,3.73,S
2021-06-10T09:34:11,10000.0,3.73,S
2021-06-10T09:34:11,27100.0,3.73,S
2021-06-10T09:34:11,9500.0,3.74,S
2021-06-10T09:34:11,5100.0,3.74,S
2021-06-10T09:34:11,42600.0,3.74,S
2021-06-10T09:33:59,1100.0,3.74,S
2021-06-10T09:33:57,500.0,3.75,B
2021-06-10T09:33:54,300.0,3.75,B
2021-06-10T09:33:52,1000.0,3.74,S
2021-06-10T09:33:49,300.0,3.75,B
2021-06-10T09:33:44,4400.0,3.75,B
2021-06-10T09:33:43,200.0,3.75,B
2021-06-10T09:33:26,10000.0,3.75,B
2021-06-10T09:33:12,100.0,3.75,B
2021-06-10T09:33:05,300.0,3.75,B
2021-06-10T09:32:54,700.0,3.75,B
2021-06-10T09:32:53,5000.0,3.74,S
2021-06-10T09:32:50,3000.0,3.74,S
2021-06-10T09:32:35,2000.0,3.74,S
2021-06-10T09:32:28,100.0,3.74,S
2021-06-10T09:32:20,1000.0,3.75,B
2021-06-10T09:32:05,100.0,3.75,B
2021-06-10T09:32:04,100.0,3.75,B
2021-06-10T09:31:49,100.0,3.75,S
2021-06-10T09:31:39,8000.0,3.75,S
2021-06-10T09:31:33,2200.0,3.75,S
2021-06-10T09:31:26,1400.0,3.75,S
2021-06-10T09:31:25,10000.0,3.75,S
2021-06-10T09:31:17,3000.0,3.75,S
2021-06-10T09:31:13,1000.0,3.75,S
2021-06-10T09:31:10,5000.0,3.75,S
2021-06-10T09:31:06,12000.0,3.75,S
2021-06-10T09:31:05,1000.0,3.75,S
2021-06-10T09:31:04,100.0,3.75,S
2021-06-10T09:30:59,20000.0,3.75,S
2021-06-10T09:30:57,2000.0,3.75,S
2021-06-10T09:30:57,10000.0,3.75,S
2021-06-10T09:30:52,200.0,3.75,S
2021-06-10T09:30:45,1000.0,3.75,S
2021-06-10T09:30:45,5000.0,3.75,S
2021-06-10T09:30:40,10000.0,3.75,S
2021-06-10T09:30:39,12000.0,3.75,S
2021-06-10T09:30:31,11400.0,3.75,S
2021-06-10T09:30:05,1900.0,3.75,B
2021-06-10T09:30:03,2000.0,3.75,B
2021-06-10T09:30:03,10000.0,3.75,B
2021-06-10T09:29:54,200.0,3.75,B
2021-06-10T09:29:22,1000.0,3.75,B
2021-06-10T09:29:20,10000.0,3.75,B
2021-06-10T09:29:13,100.0,3.74,S
2021-06-10T09:29:08,500.0,3.74,S
2021-06-10T09:28:49,5000.0,3.74,S
2021-06-10T09:28:35,100.0,3.74,S
2021-06-10T09:27:48,73400.0,3.73,S
2021-06-10T09:27:48,4000.0,3.74,S
2021-06-10T09:27:48,22600.0,3.74,S
2021-06-10T09:27:29,51400.0,3.75,B
2021-06-10T09:27:26,600.0,3.75,B
2021-06-10T09:27:23,200.0,3.75,B
2021-06-10T09:26:51,200.0,3.75,B
2021-06-10T09:26:48,100.0,3.74,S
2021-06-10T09:26:46,1000.0,3.75,B
2021-06-10T09:26:41,200.0,3.75,B
2021-06-10T09:26:37,1000.0,3.74,S
2021-06-10T09:26:33,12400.0,3.74,S
2021-06-10T09:26:33,100.0,3.74,S
2021-06-10T09:26:33,100.0,3.74,S
2021-06-10T09:26:33,47400.0,3.74,S
2021-06-10T09:26:31,100.0,3.75,B
2021-06-10T09:26:22,300.0,3.75,B
2021-06-10T09:26:08,300.0,3.74,S
2021-06-10T09:25:49,2000.0,3.75,B
2021-06-10T09:25:20,100.0,3.75,B
2021-06-10T09:25:16,3000.0,3.75,B
2021-06-10T09:25:12,3000.0,3.75,B
2021-06-10T09:25:06,2500.0,3.75,B
2021-06-10T09:25:03,100.0,3.75,B
2021-06-10T09:25:00,3600.0,3.75,B
2021-06-10T09:24:53,3000.0,3.75,B
2021-06-10T09:24:50,1200.0,3.75,B
2021-06-10T09:24:46,1000.0,3.75,B
2021-06-10T09:24:41,300.0,3.75,B
2021-06-10T09:24:29,2000.0,3.75,B
2021-06-10T09:24:27,200.0,3.75,B
2021-06-10T09:24:21,5000.0,3.75,B
2021-06-10T09:24:21,5000.0,3.74,S
2021-06-10T09:24:11,100.0,3.75,B
2021-06-10T09:24:11,1700.0,3.75,B
2021-06-10T09:24:10,9500.0,3.75,B
2021-06-10T09:23:28,500.0,3.75,B
2021-06-10T09:23:26,500.0,3.75,B
2021-06-10T09:23:20,5000.0,3.75,B
2021-06-10T09:22:58,3000.0,3.75,S
2021-06-10T09:22:55,1000.0,3.75,S
2021-06-10T09:22:44,300.0,3.76,B
2021-06-10T09:22:37,1100.0,3.76,B
2021-06-10T09:22:33,10000.0,3.76,B
2021-06-10T09:22:25,800.0,3.76,B
2021-06-10T09:21:56,10000.0,3.76,B
2021-06-10T09:21:56,3000.0,3.74,S
2021-06-10T09:21:56,9900.0,3.74,S
2021-06-10T09:21:56,100.0,3.75,S
2021-06-10T09:21:35,1000.0,3.76,B
2021-06-10T09:21:28,10000.0,3.76,B
2021-06-10T09:21:20,14000.0,3.73,S
2021-06-10T09:21:09,3500.0,3.76,B
2021-06-10T09:20:59,100.0,3.76,B
2021-06-10T09:20:47,60000.0,3.73,S
2021-06-10T09:20:43,1000.0,3.76,B
2021-06-10T09:20:41,100.0,3.76,B
2021-06-10T09:20:36,200.0,3.76,B
2021-06-10T09:20:13,7400.0,3.73,S
2021-06-10T09:20:13,19600.0,3.74,S
2021-06-10T09:20:09,1500.0,3.76,B
2021-06-10T09:20:05,400.0,3.76,B
2021-06-10T09:19:42,500.0,3.76,B
2021-06-10T09:19:25,1000.0,3.76,B
2021-06-10T09:19:07,2000.0,3.76,S
2021-06-10T09:18:58,400.0,3.76,S
2021-06-10T09:18:52,2700.0,3.76,S
2021-06-10T09:18:52,26000.0,3.77,B
2021-06-10T09:18:45,1000.0,3.76,S
2021-06-10T09:18:42,300.0,3.77,B
2021-06-10T09:18:30,1000.0,3.77,B
2021-06-10T09:18:14,300.0,3.77,B
2021-06-10T09:18:13,3000.0,3.77,B
2021-06-10T09:18:10,10000.0,3.77,B
2021-06-10T09:18:02,5000.0,3.77,B
2021-06-10T09:18:01,200.0,3.77,B
2021-06-10T09:17:53,500.0,3.77,B
2021-06-10T09:17:48,400.0,3.77,B
2021-06-10T09:17:37,100.0,3.77,S
2021-06-10T09:17:34,2500.0,3.77,S
2021-06-10T09:17:34,2200.0,3.77,S
2021-06-10T09:17:33,9000.0,3.78,B
2021-06-10T09:17:19,200.0,3.78,B
2021-06-10T09:16:52,3900.0,3.78,B
2021-06-10T09:16:51,900.0,3.78,B
2021-06-10T09:16:21,5000.0,3.77,S
2021-06-10T09:16:19,100.0,3.78,B
2021-06-10T09:15:56,5000.0,3.77,S
