tradingTime,volume,price,side
2021-06-10T14:29:33,2000.0,14.75,S
2021-06-10T14:27:55,1000.0,14.75,S
2021-06-10T14:26:31,5000.0,14.75,S
2021-06-10T14:24:23,100.0,14.8,S
2021-06-10T14:21:58,300.0,14.8,S
2021-06-10T14:20:23,5000.0,14.8,S
2021-06-10T14:19:08,400.0,14.85,B
2021-06-10T14:16:13,20000.0,14.8,S
2021-06-10T14:15:57,800.0,14.9,S
2021-06-10T14:14:45,6400.0,14.9,S
2021-06-10T14:13:26,1300.0,14.95,S
2021-06-10T14:11:53,1800.0,14.95,S
2021-06-10T14:11:12,3000.0,14.95,S
2021-06-10T14:10:13,300.0,14.95,S
2021-06-10T14:08:45,3000.0,15.0,B
2021-06-10T14:08:10,5000.0,15.0,B
2021-06-10T14:08:10,3000.0,15.0,B
2021-06-10T14:08:10,1000.0,15.0,B
2021-06-10T14:08:10,200.0,14.9,S
2021-06-10T14:03:13,1000.0,15.0,B
2021-06-10T14:02:16,1000.0,14.95,B
2021-06-10T14:01:32,5000.0,14.95,B
2021-06-10T14:01:30,3100.0,14.95,B
2021-06-10T14:01:26,600.0,14.9,B
2021-06-10T14:01:25,2400.0,14.85,B
2021-06-10T14:00:58,100.0,14.85,B
2021-06-10T14:00:37,3000.0,14.85,B
2021-06-10T13:57:43,1200.0,14.8,B
2021-06-10T13:56:52,1800.0,14.8,B
2021-06-10T13:56:06,200.0,14.8,B
2021-06-10T13:55:11,800.0,14.75,S
2021-06-10T13:54:59,4000.0,14.75,S
2021-06-10T13:54:59,4800.0,14.8,S
2021-06-10T13:49:10,1500.0,14.85,B
2021-06-10T13:48:05,600.0,14.8,B
2021-06-10T13:42:16,500.0,14.8,B
2021-06-10T13:41:23,1300.0,14.8,B
2021-06-10T13:40:00,1000.0,14.8,B
2021-06-10T13:38:39,2000.0,14.8,S
2021-06-10T13:38:32,10000.0,14.8,S
2021-06-10T13:37:30,200.0,14.85,S
2021-06-10T13:37:29,1500.0,14.85,S
2021-06-10T13:37:21,800.0,14.85,S
2021-06-10T13:37:07,100.0,14.85,S
2021-06-10T13:36:54,900.0,14.85,S
2021-06-10T13:35:18,2000.0,14.9,B
2021-06-10T13:34:31,1000.0,14.9,B
2021-06-10T13:34:27,5000.0,14.9,B
2021-06-10T13:34:16,8000.0,14.9,B
2021-06-10T13:32:10,1000.0,14.9,B
2021-06-10T13:31:11,5100.0,14.85,B
2021-06-10T13:31:11,1600.0,14.85,B
2021-06-10T13:31:02,8900.0,14.8,B
2021-06-10T13:29:39,100.0,14.75,S
2021-06-10T13:26:42,200.0,14.8,B
2021-06-10T13:26:07,100.0,14.8,B
2021-06-10T13:25:05,800.0,14.8,S
2021-06-10T13:24:44,300.0,14.8,B
2021-06-10T13:23:17,100.0,14.8,B
2021-06-10T13:22:30,4600.0,14.8,S
2021-06-10T13:21:45,1000.0,14.85,B
2021-06-10T13:21:00,34500.0,14.8,B
2021-06-10T13:19:25,1000.0,14.8,B
2021-06-10T13:18:07,1000.0,14.75,S
2021-06-10T13:17:09,100.0,14.75,S
2021-06-10T13:11:55,100.0,14.75,S
2021-06-10T13:10:38,100.0,14.8,S
2021-06-10T13:10:38,1800.0,14.8,S
2021-06-10T13:10:37,20000.0,14.8,S
2021-06-10T13:10:29,15000.0,14.8,S
2021-06-10T13:10:25,10000.0,14.8,S
2021-06-10T13:10:20,5000.0,14.8,S
2021-06-10T13:10:17,2400.0,14.85,S
2021-06-10T13:05:55,8000.0,14.85,S
2021-06-10T13:05:48,100.0,14.85,S
2021-06-10T13:05:48,4900.0,14.85,S
2021-06-10T13:05:43,2500.0,14.9,S
2021-06-10T13:05:39,4000.0,14.9,S
2021-06-10T13:02:40,10000.0,14.9,S
2021-06-10T13:01:29,100.0,14.95,B
2021-06-10T13:00:33,2500.0,14.95,B
2021-06-10T13:00:21,500.0,14.95,B
2021-06-10T11:27:05,1600.0,14.95,B
2021-06-10T11:26:07,3000.0,14.95,B
2021-06-10T11:25:19,1400.0,14.95,B
2021-06-10T11:22:26,800.0,14.95,B
2021-06-10T11:21:52,1600.0,14.95,B
2021-06-10T11:21:22,2000.0,14.95,B
2021-06-10T11:12:44,500.0,14.9,S
2021-06-10T11:10:34,21200.0,14.9,B
2021-06-10T11:08:41,1000.0,14.9,B
2021-06-10T11:08:40,2000.0,14.9,B
2021-06-10T11:08:11,100.0,14.85,B
2021-06-10T11:07:52,5900.0,14.85,S
2021-06-10T11:07:33,5000.0,14.85,S
2021-06-10T11:07:32,300.0,14.9,B
2021-06-10T11:07:01,400.0,14.9,S
2021-06-10T11:06:32,600.0,14.9,B
2021-06-10T11:05:43,1000.0,14.9,B
2021-06-10T11:05:27,20000.0,14.9,B
2021-06-10T11:05:17,5000.0,14.85,S
2021-06-10T11:05:14,10000.0,14.85,S
2021-06-10T11:05:10,4700.0,14.85,S
2021-06-10T11:05:10,15300.0,14.85,S
2021-06-10T11:04:21,100.0,14.9,B
2021-06-10T11:02:49,200.0,14.9,B
2021-06-10T11:02:25,5600.0,14.95,S
2021-06-10T11:02:25,2500.0,14.95,S
2021-06-10T11:00:01,8000.0,14.95,B
2021-06-10T10:58:13,2000.0,14.9,B
2021-06-10T10:53:25,900.0,14.9,B
2021-06-10T10:51:52,9700.0,14.9,S
2021-06-10T10:51:36,30000.0,14.9,S
2021-06-10T10:51:36,30000.0,14.9,S
2021-06-10T10:51:11,20000.0,14.9,S
2021-06-10T10:49:28,2000.0,14.9,S
2021-06-10T10:49:24,6600.0,14.95,S
2021-06-10T10:49:20,14200.0,14.95,S
2021-06-10T10:49:20,10000.0,14.95,S
2021-06-10T10:49:20,5800.0,14.95,S
2021-06-10T10:46:59,4800.0,15.0,S
2021-06-10T10:42:48,1000.0,15.0,S
2021-06-10T10:38:43,100.0,15.0,B
2021-06-10T10:38:37,2000.0,15.0,B
2021-06-10T10:31:36,1000.0,15.0,B
2021-06-10T10:30:36,6000.0,15.0,B
2021-06-10T10:29:40,200.0,15.0,B
2021-06-10T10:26:26,5000.0,15.0,B
2021-06-10T10:24:13,200.0,15.0,B
2021-06-10T10:22:08,600.0,15.0,S
2021-06-10T10:21:41,4400.0,15.0,S
2021-06-10T10:21:39,9400.0,15.0,S
2021-06-10T10:19:55,2000.0,15.0,S
2021-06-10T10:19:31,100000.0,15.0,S
2021-06-10T10:18:37,35100.0,15.1,S
2021-06-10T10:18:37,200.0,15.2,B
2021-06-10T10:17:10,15000.0,15.1,S
2021-06-10T10:16:32,1000.0,15.2,S
2021-06-10T10:16:21,35000.0,15.2,S
2021-06-10T10:14:35,700.0,15.2,B
2021-06-10T10:14:20,13300.0,15.2,B
2021-06-10T10:13:42,200.0,15.2,B
2021-06-10T10:13:25,9200.0,15.2,B
2021-06-10T10:13:13,2300.0,15.2,S
2021-06-10T10:12:52,100.0,15.2,S
2021-06-10T10:12:44,100.0,15.2,S
2021-06-10T10:12:12,4900.0,15.2,B
2021-06-10T10:12:09,1000.0,15.2,B
2021-06-10T10:12:03,400.0,15.2,B
2021-06-10T10:11:50,200.0,15.2,B
2021-06-10T10:11:05,800.0,15.2,B
2021-06-10T10:10:58,500.0,15.2,B
2021-06-10T10:10:47,200.0,15.2,B
2021-06-10T10:08:15,5100.0,15.15,B
2021-06-10T10:05:55,200.0,15.0,S
2021-06-10T10:05:53,400.0,15.1,B
2021-06-10T10:05:36,20000.0,15.1,B
2021-06-10T10:04:58,5000.0,15.05,B
2021-06-10T10:00:53,700.0,15.05,B
2021-06-10T09:59:18,33100.0,15.0,S
2021-06-10T09:57:41,700.0,15.0,B
2021-06-10T09:57:14,32000.0,15.0,B
2021-06-10T09:52:48,100.0,14.95,S
2021-06-10T09:50:18,300.0,14.95,S
2021-06-10T09:50:03,100.0,14.95,S
2021-06-10T09:48:33,52300.0,15.0,S
2021-06-10T09:48:15,4900.0,15.0,S
2021-06-10T09:48:15,10000.0,15.0,S
2021-06-10T09:48:15,300.0,15.0,S
2021-06-10T09:48:15,5300.0,15.05,S
2021-06-10T09:45:14,400.0,15.1,S
2021-06-10T09:45:01,100.0,15.1,S
2021-06-10T09:43:20,4600.0,15.1,S
2021-06-10T09:43:20,15400.0,15.1,S
2021-06-10T09:43:20,10000.0,15.15,S
2021-06-10T09:42:59,200.0,15.2,S
2021-06-10T09:42:59,2300.0,15.2,S
2021-06-10T09:42:38,1000.0,15.25,B
2021-06-10T09:42:04,2600.0,15.25,B
2021-06-10T09:40:41,600.0,15.25,S
2021-06-10T09:40:02,3000.0,15.25,S
2021-06-10T09:37:20,5700.0,15.25,B
2021-06-10T09:37:18,7000.0,15.25,B
2021-06-10T09:37:12,5000.0,15.25,B
2021-06-10T09:37:08,6000.0,15.25,B
2021-06-10T09:37:03,4000.0,15.25,B
2021-06-10T09:36:59,2000.0,15.25,B
2021-06-10T09:36:58,200.0,15.2,S
2021-06-10T09:35:13,500.0,15.25,B
2021-06-10T09:34:13,1200.0,15.2,S
2021-06-10T09:32:22,2000.0,15.2,S
2021-06-10T09:30:12,9000.0,15.25,B
2021-06-10T09:30:08,6000.0,15.25,B
2021-06-10T09:30:01,5000.0,15.25,B
2021-06-10T09:29:56,24400.0,15.2,B
2021-06-10T09:29:31,100.0,15.2,B
2021-06-10T09:29:08,3000.0,15.2,B
2021-06-10T09:28:10,8000.0,15.2,B
2021-06-10T09:28:08,2000.0,15.1,S
2021-06-10T09:28:06,5000.0,15.2,B
2021-06-10T09:27:56,2000.0,15.15,B
2021-06-10T09:23:07,400.0,15.15,B
2021-06-10T09:22:51,200.0,15.15,B
2021-06-10T09:22:37,200.0,15.15,B
2021-06-10T09:22:28,19200.0,15.15,B
2021-06-10T09:22:19,200.0,15.1,B
2021-06-10T09:22:01,5000.0,15.15,B
2021-06-10T09:21:56,3000.0,15.15,B
2021-06-10T09:21:52,1000.0,15.15,B
2021-06-10T09:21:50,300.0,15.1,B
2021-06-10T09:21:48,2100.0,15.1,B
2021-06-10T09:21:09,100.0,15.1,B
2021-06-10T09:16:21,100.0,15.1,B
