tradingTime,volume,price,side
2021-06-10T14:30:16,2000.0,83.2,B
2021-06-10T14:30:11,100.0,83.1,S
2021-06-10T14:30:06,100.0,83.2,B
2021-06-10T14:29:32,10000.0,83.2,B
2021-06-10T14:29:27,8300.0,83.2,B
2021-06-10T14:29:02,8400.0,83.1,B
2021-06-10T14:28:58,10000.0,83.1,B
2021-06-10T14:28:20,1600.0,83.1,S
2021-06-10T14:28:05,100.0,83.2,B
2021-06-10T14:27:49,11000.0,83.1,B
2021-06-10T14:27:45,10000.0,83.1,B
2021-06-10T14:27:25,4400.0,83.1,B
2021-06-10T14:27:24,300.0,83.1,B
2021-06-10T14:27:02,5000.0,83.1,B
2021-06-10T14:27:02,13500.0,83.1,B
2021-06-10T14:26:33,4000.0,83.0,S
2021-06-10T14:26:26,3200.0,83.0,S
2021-06-10T14:24:53,200.0,83.1,B
2021-06-10T14:24:48,4000.0,83.0,B
2021-06-10T14:24:03,200.0,83.1,B
2021-06-10T14:23:39,12500.0,83.1,B
2021-06-10T14:23:39,25500.0,83.1,B
2021-06-10T14:23:39,8500.0,83.0,B
2021-06-10T14:23:39,17000.0,83.0,B
2021-06-10T14:22:42,32000.0,83.2,B
2021-06-10T14:22:41,1000.0,82.9,S
2021-06-10T14:22:08,15400.0,83.1,B
2021-06-10T14:22:00,18300.0,83.1,B
2021-06-10T14:21:56,15400.0,83.0,B
2021-06-10T14:21:29,10200.0,83.0,S
2021-06-10T14:20:17,10700.0,83.2,B
2021-06-10T14:19:47,15400.0,83.2,B
2021-06-10T14:19:39,14300.0,83.1,B
2021-06-10T14:19:33,14300.0,83.1,B
2021-06-10T14:19:26,15600.0,83.0,B
2021-06-10T14:19:20,12300.0,83.0,B
2021-06-10T14:19:05,100.0,83.0,B
2021-06-10T14:18:54,1200.0,83.0,B
2021-06-10T14:18:50,7000.0,83.0,S
2021-06-10T14:18:50,900.0,83.0,S
2021-06-10T14:18:40,1000.0,83.1,B
2021-06-10T14:18:40,3300.0,83.1,S
2021-06-10T14:18:32,26000.0,83.2,S
2021-06-10T14:18:23,4000.0,83.3,B
2021-06-10T14:18:22,400.0,83.3,B
2021-06-10T14:18:13,10000.0,83.3,B
2021-06-10T14:17:29,12700.0,83.2,B
2021-06-10T14:17:25,21400.0,83.2,B
2021-06-10T14:17:23,200.0,83.2,B
2021-06-10T14:17:18,1000.0,83.2,B
2021-06-10T14:17:16,4800.0,83.2,S
2021-06-10T14:17:15,2400.0,83.3,B
2021-06-10T14:16:33,4700.0,83.2,B
2021-06-10T14:16:19,6000.0,83.2,B
2021-06-10T14:16:05,20000.0,83.2,B
2021-06-10T14:14:59,16700.0,83.1,B
2021-06-10T14:14:47,2900.0,83.0,B
2021-06-10T14:14:47,9100.0,82.9,B
2021-06-10T14:14:47,12900.0,82.8,B
2021-06-10T14:14:47,17200.0,82.8,B
2021-06-10T14:14:33,500.0,82.7,S
2021-06-10T14:14:33,13900.0,82.7,S
2021-06-10T14:14:27,200.0,82.8,B
2021-06-10T14:14:08,100.0,82.8,B
2021-06-10T14:14:04,12400.0,82.7,S
2021-06-10T14:13:58,12400.0,82.7,S
2021-06-10T14:13:52,200.0,82.8,S
2021-06-10T14:13:47,12900.0,82.9,S
2021-06-10T14:13:42,18500.0,83.0,S
2021-06-10T14:13:14,20000.0,83.1,B
2021-06-10T14:13:04,2400.0,83.0,B
2021-06-10T14:13:04,1300.0,83.0,B
2021-06-10T14:13:04,600.0,83.0,B
2021-06-10T14:13:04,500.0,83.0,B
2021-06-10T14:13:03,300.0,83.0,B
2021-06-10T14:13:03,5400.0,83.0,B
2021-06-10T14:13:03,400.0,83.0,B
2021-06-10T14:13:03,2000.0,83.0,B
2021-06-10T14:13:03,8600.0,83.0,B
2021-06-10T14:12:54,30300.0,82.9,B
2021-06-10T14:12:40,3800.0,82.8,B
2021-06-10T14:12:32,200.0,82.8,B
2021-06-10T14:12:07,300.0,82.8,B
2021-06-10T14:11:47,22000.0,82.8,B
2021-06-10T14:11:16,21400.0,82.9,B
2021-06-10T14:11:11,16400.0,82.9,B
2021-06-10T14:10:51,18900.0,82.8,S
2021-06-10T14:10:48,1000.0,82.9,S
2021-06-10T14:10:45,12600.0,82.9,S
2021-06-10T14:09:37,100.0,82.9,S
2021-06-10T14:09:30,2800.0,82.9,S
2021-06-10T14:09:11,3000.0,83.0,B
2021-06-10T14:09:00,1300.0,82.9,B
2021-06-10T14:08:53,8300.0,82.9,B
2021-06-10T14:08:47,100.0,82.9,B
2021-06-10T14:08:47,5000.0,82.9,B
2021-06-10T14:08:47,4000.0,82.8,S
2021-06-10T14:08:42,300.0,82.9,B
2021-06-10T14:08:29,3000.0,82.9,B
2021-06-10T14:08:17,4000.0,82.8,S
2021-06-10T14:08:13,10000.0,82.9,B
2021-06-10T14:08:10,1000.0,82.9,B
2021-06-10T14:08:02,14200.0,82.9,S
2021-06-10T14:06:52,1600.0,83.0,B
2021-06-10T14:06:41,2000.0,83.0,B
2021-06-10T14:06:35,2000.0,83.0,B
2021-06-10T14:06:26,14100.0,82.9,B
2021-06-10T14:06:09,1500.0,82.9,B
2021-06-10T14:05:50,400.0,82.9,B
2021-06-10T14:05:42,28300.0,82.9,B
2021-06-10T14:05:37,15400.0,82.9,B
2021-06-10T14:04:29,400.0,82.9,B
2021-06-10T14:04:12,15300.0,82.9,B
2021-06-10T14:04:06,15600.0,82.9,B
2021-06-10T14:03:50,1000.0,82.9,S
2021-06-10T14:03:49,2200.0,82.9,S
2021-06-10T14:03:49,6300.0,82.9,S
2021-06-10T14:03:41,400.0,83.0,B
2021-06-10T14:02:54,400.0,83.0,B
2021-06-10T14:02:09,400.0,83.0,B
2021-06-10T14:02:06,2000.0,83.0,B
2021-06-10T14:02:04,19800.0,82.9,B
2021-06-10T14:01:57,21400.0,82.9,B
2021-06-10T14:01:51,17100.0,82.9,B
2021-06-10T14:01:51,9200.0,82.9,B
2021-06-10T14:01:33,100.0,82.8,S
2021-06-10T14:01:14,400.0,82.9,B
2021-06-10T14:00:25,100.0,82.8,S
2021-06-10T14:00:21,500.0,82.9,B
2021-06-10T14:00:17,1000.0,82.9,B
2021-06-10T14:00:10,400.0,82.9,B
2021-06-10T13:59:49,100.0,82.9,B
2021-06-10T13:59:33,13300.0,82.9,B
2021-06-10T13:58:52,1200.0,83.0,B
2021-06-10T13:58:46,2400.0,83.0,B
2021-06-10T13:58:39,1200.0,83.0,B
2021-06-10T13:58:17,20100.0,82.9,B
2021-06-10T13:58:12,20000.0,82.9,B
2021-06-10T13:58:06,400.0,82.8,B
2021-06-10T13:57:57,28400.0,82.8,S
2021-06-10T13:57:52,1200.0,82.9,S
2021-06-10T13:57:47,1000.0,82.9,S
2021-06-10T13:57:47,1000.0,82.9,S
2021-06-10T13:57:42,11200.0,82.9,S
2021-06-10T13:57:37,400.0,83.0,B
2021-06-10T13:55:41,900.0,83.0,B
2021-06-10T13:55:35,1000.0,83.0,B
2021-06-10T13:55:29,2300.0,83.0,B
2021-06-10T13:55:24,2100.0,83.0,B
2021-06-10T13:55:19,1300.0,83.0,B
2021-06-10T13:55:10,2500.0,83.0,B
2021-06-10T13:54:54,14200.0,82.9,B
2021-06-10T13:54:48,23200.0,82.8,B
2021-06-10T13:54:33,600.0,82.8,B
2021-06-10T13:54:21,15000.0,82.8,S
2021-06-10T13:54:08,2000.0,82.8,S
2021-06-10T13:53:43,900.0,82.9,B
2021-06-10T13:53:27,17900.0,82.9,S
2021-06-10T13:53:27,12600.0,82.9,S
2021-06-10T13:53:01,300.0,83.0,B
2021-06-10T13:52:55,2000.0,83.0,B
2021-06-10T13:51:40,900.0,83.0,B
2021-06-10T13:50:59,5300.0,82.9,B
2021-06-10T13:50:45,32400.0,82.9,B
2021-06-10T13:50:33,16300.0,82.8,B
2021-06-10T13:50:28,12300.0,82.8,B
2021-06-10T13:50:02,1100.0,82.9,S
2021-06-10T13:49:56,15200.0,82.9,S
2021-06-10T13:49:48,27500.0,82.9,B
2021-06-10T13:49:39,30000.0,82.9,B
2021-06-10T13:49:34,900.0,82.8,B
2021-06-10T13:49:34,21100.0,82.8,B
2021-06-10T13:49:34,8900.0,82.8,B
2021-06-10T13:49:32,900.0,82.8,B
2021-06-10T13:49:21,400.0,82.8,B
2021-06-10T13:49:20,100.0,82.8,B
2021-06-10T13:49:17,10000.0,82.8,B
2021-06-10T13:48:51,4000.0,82.8,S
2021-06-10T13:48:44,13600.0,82.9,S
2021-06-10T13:48:37,100.0,83.0,B
2021-06-10T13:48:37,4000.0,83.0,B
2021-06-10T13:48:20,4000.0,83.0,B
2021-06-10T13:48:14,2100.0,83.0,B
2021-06-10T13:47:59,1500.0,83.0,B
2021-06-10T13:47:30,6400.0,82.9,B
2021-06-10T13:47:24,1000.0,82.9,B
2021-06-10T13:47:08,10000.0,82.9,B
2021-06-10T13:47:03,400.0,82.8,B
2021-06-10T13:46:44,100.0,82.8,B
2021-06-10T13:46:40,400.0,82.8,B
2021-06-10T13:46:15,10600.0,82.8,S
2021-06-10T13:46:11,9800.0,82.9,S
2021-06-10T13:45:56,2200.0,82.9,B
2021-06-10T13:45:56,100.0,82.9,B
2021-06-10T13:45:56,6200.0,82.9,B
2021-06-10T13:45:16,200.0,82.9,B
2021-06-10T13:45:13,1000.0,82.9,B
2021-06-10T13:44:37,1200.0,82.9,B
2021-06-10T13:44:34,400.0,82.9,B
2021-06-10T13:44:29,1500.0,82.9,B
2021-06-10T13:44:22,7700.0,82.8,B
2021-06-10T13:44:15,5400.0,82.8,B
2021-06-10T13:44:09,8300.0,82.8,B
2021-06-10T13:43:28,4600.0,82.8,B
2021-06-10T13:43:23,400.0,82.8,B
2021-06-10T13:43:13,6100.0,82.8,S
2021-06-10T13:43:09,900.0,82.9,B
2021-06-10T13:43:08,8300.0,82.8,S
2021-06-10T13:42:41,400.0,82.9,B
2021-06-10T13:42:24,7000.0,82.8,B
2021-06-10T13:42:19,8300.0,82.8,B
2021-06-10T13:41:58,600.0,82.8,B
2021-06-10T13:41:41,400.0,82.8,B
2021-06-10T13:41:32,19500.0,82.8,B
2021-06-10T13:41:24,10000.0,82.7,B
2021-06-10T13:41:03,400.0,82.7,B
2021-06-10T13:40:59,900.0,82.7,B
2021-06-10T13:40:47,6900.0,82.7,S
2021-06-10T13:40:01,6300.0,82.7,B
2021-06-10T13:39:41,100.0,82.6,S
2021-06-10T13:39:21,400.0,82.7,B
2021-06-10T13:39:07,1000.0,82.7,B
2021-06-10T13:39:00,1000.0,82.7,B
2021-06-10T13:38:39,5400.0,82.6,S
2021-06-10T13:38:27,300.0,82.7,B
2021-06-10T13:37:09,2000.0,82.7,B
2021-06-10T13:37:00,11500.0,82.7,S
2021-06-10T13:36:57,100.0,82.8,B
2021-06-10T13:36:49,5000.0,82.8,B
2021-06-10T13:36:48,1000.0,82.8,B
2021-06-10T13:35:06,4000.0,82.9,B
2021-06-10T13:34:45,900.0,82.9,B
2021-06-10T13:34:30,5000.0,82.9,B
2021-06-10T13:34:13,10000.0,82.9,B
2021-06-10T13:34:03,100.0,82.6,S
2021-06-10T13:34:01,8300.0,82.8,B
2021-06-10T13:33:36,15600.0,82.8,B
2021-06-10T13:33:22,10000.0,82.7,B
2021-06-10T13:33:07,400.0,82.7,S
2021-06-10T13:32:51,1000.0,82.6,S
2021-06-10T13:32:49,100.0,82.7,S
2021-06-10T13:32:42,900.0,82.9,B
2021-06-10T13:31:56,800.0,82.7,S
2021-06-10T13:31:33,18400.0,82.7,B
2021-06-10T13:31:24,6000.0,82.6,B
2021-06-10T13:31:17,8300.0,82.6,B
2021-06-10T13:30:34,6100.0,82.5,B
2021-06-10T13:30:33,900.0,82.5,B
2021-06-10T13:30:26,15800.0,82.4,B
2021-06-10T13:30:22,12700.0,82.3,B
2021-06-10T13:30:14,7200.0,82.2,B
2021-06-10T13:29:46,8300.0,82.2,B
2021-06-10T13:29:36,4000.0,82.1,B
2021-06-10T13:29:29,100.0,82.0,B
2021-06-10T13:29:28,11100.0,82.0,B
2021-06-10T13:29:15,10000.0,81.8,B
2021-06-10T13:29:07,100.0,81.8,B
2021-06-10T13:29:02,100.0,81.8,B
2021-06-10T13:28:49,2000.0,81.8,B
2021-06-10T13:28:41,400.0,81.8,B
2021-06-10T13:28:24,1000.0,81.8,B
2021-06-10T13:28:06,400.0,81.8,B
2021-06-10T13:27:55,400.0,81.8,B
2021-06-10T13:26:52,400.0,81.8,B
2021-06-10T13:26:15,1000.0,81.8,B
2021-06-10T13:25:45,100.0,81.8,B
2021-06-10T13:25:40,400.0,81.8,B
2021-06-10T13:25:18,300.0,81.8,S
2021-06-10T13:24:52,400.0,82.0,B
2021-06-10T13:24:28,100.0,82.0,B
2021-06-10T13:24:15,900.0,82.0,B
2021-06-10T13:24:06,21400.0,81.8,S
2021-06-10T13:23:59,20000.0,81.8,S
2021-06-10T13:23:54,400.0,82.0,B
2021-06-10T13:23:15,100.0,81.9,S
2021-06-10T13:22:52,100.0,82.0,B
2021-06-10T13:22:46,400.0,82.0,B
2021-06-10T13:22:17,900.0,82.0,B
2021-06-10T13:21:44,10300.0,81.9,B
2021-06-10T13:21:35,400.0,81.9,B
2021-06-10T13:21:27,3500.0,81.8,B
2021-06-10T13:21:15,13800.0,81.8,B
2021-06-10T13:21:09,1200.0,81.9,B
2021-06-10T13:21:07,100.0,81.8,B
2021-06-10T13:20:20,100.0,81.8,B
2021-06-10T13:18:09,100.0,81.8,B
2021-06-10T13:17:56,1000.0,81.8,B
2021-06-10T13:16:47,13100.0,81.8,S
2021-06-10T13:16:44,8200.0,81.8,S
2021-06-10T13:16:29,200.0,81.9,S
2021-06-10T13:16:11,200.0,81.9,S
2021-06-10T13:15:56,2000.0,81.9,S
2021-06-10T13:15:50,11200.0,81.9,S
2021-06-10T13:15:47,1000.0,82.0,B
2021-06-10T13:15:06,4000.0,81.9,S
2021-06-10T13:14:30,100.0,81.9,S
2021-06-10T13:14:19,900.0,82.0,B
2021-06-10T13:13:58,10100.0,82.0,S
2021-06-10T13:13:54,11200.0,82.0,S
2021-06-10T13:13:51,11200.0,82.0,S
2021-06-10T13:12:13,16200.0,82.1,S
2021-06-10T13:12:09,4500.0,82.2,S
2021-06-10T13:12:04,1300.0,82.2,S
2021-06-10T13:11:58,300.0,82.3,B
2021-06-10T13:11:12,1600.0,82.2,S
2021-06-10T13:11:01,4000.0,82.2,S
2021-06-10T13:10:53,2500.0,82.2,S
2021-06-10T13:10:36,1200.0,82.2,S
2021-06-10T13:10:01,2500.0,82.3,B
2021-06-10T13:09:06,7000.0,82.3,B
2021-06-10T13:08:32,8600.0,82.3,B
2021-06-10T13:08:23,8300.0,82.3,B
2021-06-10T13:08:11,11400.0,82.3,B
2021-06-10T13:08:00,12500.0,82.2,S
2021-06-10T13:07:33,900.0,82.2,S
2021-06-10T13:07:33,8300.0,82.2,S
2021-06-10T13:06:57,4200.0,82.2,B
2021-06-10T13:06:49,12500.0,82.2,B
2021-06-10T13:06:22,100.0,82.1,S
2021-06-10T13:06:17,3300.0,82.2,S
2021-06-10T13:06:02,500.0,82.2,S
2021-06-10T13:05:56,15400.0,82.4,B
2021-06-10T13:05:45,4800.0,82.2,S
2021-06-10T13:05:40,8200.0,82.3,B
2021-06-10T13:05:15,900.0,82.3,S
2021-06-10T13:04:59,15200.0,82.3,S
2021-06-10T13:04:53,8300.0,82.4,S
2021-06-10T13:04:28,9000.0,82.4,B
2021-06-10T13:04:28,6200.0,82.3,B
2021-06-10T13:04:28,7200.0,82.2,B
2021-06-10T13:03:27,500.0,82.1,S
2021-06-10T13:03:26,1000.0,82.1,S
2021-06-10T13:03:26,500.0,82.1,S
2021-06-10T13:03:14,900.0,82.2,S
2021-06-10T13:02:42,10200.0,82.2,S
2021-06-10T13:02:39,13200.0,82.2,S
2021-06-10T13:02:36,12100.0,82.2,S
2021-06-10T13:02:36,100.0,82.2,S
2021-06-10T13:02:36,200.0,82.2,S
2021-06-10T13:02:22,2000.0,82.3,S
2021-06-10T13:02:18,11800.0,82.3,S
2021-06-10T13:02:06,8600.0,82.3,S
2021-06-10T13:02:01,8300.0,82.3,S
2021-06-10T13:01:54,1000.0,82.4,S
2021-06-10T13:01:53,4700.0,82.4,S
2021-06-10T13:01:41,10000.0,82.4,S
2021-06-10T13:01:40,10000.0,82.4,S
2021-06-10T13:01:33,500.0,82.4,S
2021-06-10T13:00:33,500.0,82.4,S
2021-06-10T13:00:30,300.0,82.4,S
2021-06-10T13:00:24,1000.0,82.4,S
2021-06-10T11:30:11,500.0,82.4,S
2021-06-10T11:30:03,500.0,82.4,S
2021-06-10T11:28:55,2400.0,82.4,S
2021-06-10T11:28:38,300.0,82.5,B
2021-06-10T11:28:27,2600.0,82.5,B
2021-06-10T11:28:16,13400.0,82.5,S
2021-06-10T11:28:12,10000.0,82.5,S
2021-06-10T11:27:44,5700.0,82.5,B
2021-06-10T11:27:26,5800.0,82.5,B
2021-06-10T11:26:59,1000.0,82.5,B
2021-06-10T11:26:26,1000.0,82.5,B
2021-06-10T11:26:25,7800.0,82.5,S
2021-06-10T11:26:21,5000.0,82.6,S
2021-06-10T11:26:09,1300.0,82.6,S
2021-06-10T11:25:58,10000.0,82.6,B
2021-06-10T11:25:51,10000.0,82.6,B
2021-06-10T11:25:41,9600.0,82.5,B
2021-06-10T11:24:21,1000.0,82.5,B
2021-06-10T11:23:59,9400.0,82.5,S
2021-06-10T11:23:41,5400.0,82.7,B
2021-06-10T11:23:33,4000.0,82.7,B
2021-06-10T11:23:30,100.0,82.6,S
2021-06-10T11:23:19,2400.0,82.6,S
2021-06-10T11:23:13,100.0,82.5,S
2021-06-10T11:23:10,12500.0,82.6,B
2021-06-10T11:23:03,12300.0,82.5,B
2021-06-10T11:22:58,8600.0,82.5,B
2021-06-10T11:22:43,5500.0,82.5,S
2021-06-10T11:22:26,8800.0,82.5,B
2021-06-10T11:22:18,8300.0,82.5,B
2021-06-10T11:22:11,1000.0,82.5,B
2021-06-10T11:21:55,10000.0,82.5,B
2021-06-10T11:21:32,9300.0,82.5,S
2021-06-10T11:21:09,1000.0,82.5,S
2021-06-10T11:20:07,100.0,82.5,S
2021-06-10T11:20:00,1000.0,82.6,B
2021-06-10T11:19:17,100.0,82.5,S
2021-06-10T11:18:47,100.0,82.5,S
2021-06-10T11:18:30,100.0,82.6,B
2021-06-10T11:18:24,100.0,82.6,B
2021-06-10T11:17:54,1000.0,82.6,B
2021-06-10T11:17:33,400.0,82.6,B
2021-06-10T11:17:21,200.0,82.5,S
2021-06-10T11:17:17,1500.0,82.5,S
2021-06-10T11:17:17,500.0,82.5,S
2021-06-10T11:17:15,12200.0,82.7,B
2021-06-10T11:17:04,10000.0,82.6,B
2021-06-10T11:16:46,6200.0,82.6,S
2021-06-10T11:16:19,4900.0,82.7,S
2021-06-10T11:16:07,9200.0,82.8,B
2021-06-10T11:15:59,12300.0,82.8,B
2021-06-10T11:15:44,10000.0,82.8,B
2021-06-10T11:15:24,100.0,82.6,S
2021-06-10T11:15:09,3700.0,82.6,B
2021-06-10T11:14:24,3000.0,82.6,B
2021-06-10T11:13:51,900.0,82.6,B
2021-06-10T11:13:51,1200.0,82.6,B
2021-06-10T11:13:42,1200.0,82.6,B
2021-06-10T11:13:21,10000.0,82.6,B
2021-06-10T11:12:44,300.0,82.4,B
2021-06-10T11:12:19,400.0,82.4,S
2021-06-10T11:12:08,12500.0,82.5,B
2021-06-10T11:12:00,500.0,82.4,B
2021-06-10T11:12:00,1000.0,82.4,B
2021-06-10T11:11:59,10000.0,82.4,B
2021-06-10T11:11:45,8600.0,82.4,B
2021-06-10T11:11:42,100.0,82.4,B
2021-06-10T11:11:39,1000.0,82.4,B
2021-06-10T11:11:30,100.0,82.4,S
2021-06-10T11:11:29,2500.0,82.5,B
2021-06-10T11:11:21,100.0,82.4,B
2021-06-10T11:11:19,500.0,82.4,B
2021-06-10T11:11:19,10000.0,82.4,B
2021-06-10T11:11:08,10800.0,82.4,S
2021-06-10T11:11:02,4300.0,82.5,S
2021-06-10T11:10:59,200.0,82.6,B
2021-06-10T11:10:44,1000.0,82.6,B
2021-06-10T11:10:19,4900.0,82.5,B
2021-06-10T11:10:14,8300.0,82.5,B
2021-06-10T11:10:05,8300.0,82.5,B
2021-06-10T11:10:05,2000.0,82.4,B
2021-06-10T11:10:03,2100.0,82.4,B
2021-06-10T11:10:01,100.0,82.3,S
2021-06-10T11:09:57,8200.0,82.3,B
2021-06-10T11:09:45,10000.0,82.3,B
2021-06-10T11:09:38,2000.0,82.3,B
2021-06-10T11:08:25,200.0,82.3,B
2021-06-10T11:07:44,1000.0,82.3,B
2021-06-10T11:07:09,3000.0,82.4,B
2021-06-10T11:06:57,300.0,82.4,B
2021-06-10T11:06:39,14800.0,82.4,B
2021-06-10T11:06:08,10000.0,82.4,B
2021-06-10T11:06:03,5000.0,82.3,B
2021-06-10T11:05:48,900.0,82.3,B
2021-06-10T11:05:26,10000.0,82.3,B
2021-06-10T11:04:31,100.0,82.3,B
2021-06-10T11:03:55,12100.0,82.3,S
2021-06-10T11:03:37,1200.0,82.6,B
2021-06-10T11:03:33,18300.0,82.5,B
2021-06-10T11:03:19,8300.0,82.5,B
2021-06-10T11:03:07,8200.0,82.5,B
2021-06-10T11:03:04,12500.0,82.4,B
2021-06-10T11:02:44,10000.0,82.4,B
2021-06-10T11:02:38,4500.0,82.3,B
2021-06-10T11:02:35,8600.0,82.3,B
2021-06-10T11:02:09,800.0,82.3,B
2021-06-10T11:01:52,13600.0,82.3,S
2021-06-10T11:01:36,15500.0,82.4,S
2021-06-10T11:01:29,7300.0,82.5,S
2021-06-10T11:01:25,1000.0,82.6,B
2021-06-10T11:01:11,2000.0,82.5,S
2021-06-10T11:01:06,3000.0,82.5,S
2021-06-10T11:00:34,300.0,82.5,S
2021-06-10T11:00:26,1000.0,82.5,B
2021-06-10T11:00:11,700.0,82.5,B
2021-06-10T11:00:08,16900.0,82.4,B
2021-06-10T11:00:04,7900.0,82.3,B
2021-06-10T10:59:57,6900.0,82.2,S
2021-06-10T10:59:44,10000.0,82.2,B
2021-06-10T10:59:20,4500.0,82.2,S
2021-06-10T10:59:15,1000.0,82.3,S
2021-06-10T10:59:12,12500.0,82.3,S
2021-06-10T10:59:06,15500.0,82.4,S
2021-06-10T10:58:25,200.0,82.5,B
2021-06-10T10:57:52,1000.0,82.4,S
2021-06-10T10:57:13,9700.0,82.4,B
2021-06-10T10:57:07,8900.0,82.3,B
2021-06-10T10:57:04,100.0,82.3,B
2021-06-10T10:57:01,12400.0,82.3,B
2021-06-10T10:54:20,5500.0,82.2,B
2021-06-10T10:54:12,10000.0,82.2,S
2021-06-10T10:53:55,1800.0,82.2,S
2021-06-10T10:53:42,1000.0,82.3,S
2021-06-10T10:52:41,500.0,82.2,S
2021-06-10T10:52:35,500.0,82.2,S
2021-06-10T10:52:28,2800.0,82.4,B
2021-06-10T10:52:26,500.0,82.4,B
2021-06-10T10:52:19,12500.0,82.4,B
2021-06-10T10:52:11,5600.0,82.4,B
2021-06-10T10:52:06,15400.0,82.3,B
2021-06-10T10:51:59,500.0,82.2,S
2021-06-10T10:51:58,15300.0,82.2,S
2021-06-10T10:51:37,6100.0,82.2,S
2021-06-10T10:51:27,500.0,82.2,S
2021-06-10T10:51:16,1000.0,82.3,B
2021-06-10T10:51:14,500.0,82.2,S
2021-06-10T10:50:32,1000.0,82.2,S
2021-06-10T10:50:25,4000.0,82.2,S
2021-06-10T10:50:11,9300.0,82.2,B
2021-06-10T10:50:02,20000.0,82.2,B
2021-06-10T10:49:45,10000.0,82.0,S
2021-06-10T10:49:45,5700.0,82.0,S
2021-06-10T10:49:40,14300.0,82.0,S
2021-06-10T10:49:04,1000.0,82.1,B
2021-06-10T10:48:48,400.0,82.1,B
2021-06-10T10:48:24,5000.0,82.1,B
2021-06-10T10:47:54,5000.0,82.1,B
2021-06-10T10:47:52,2900.0,82.1,S
2021-06-10T10:47:24,1800.0,82.2,S
2021-06-10T10:47:24,4100.0,82.2,S
2021-06-10T10:47:04,400.0,82.2,B
2021-06-10T10:47:04,4100.0,82.1,B
2021-06-10T10:47:04,33200.0,82.1,B
2021-06-10T10:46:54,1000.0,82.1,B
2021-06-10T10:46:42,400.0,82.2,S
2021-06-10T10:46:35,23600.0,82.2,S
2021-06-10T10:46:09,11800.0,82.2,B
2021-06-10T10:46:09,14200.0,82.1,B
2021-06-10T10:45:32,13100.0,82.2,S
2021-06-10T10:45:18,500.0,82.2,B
2021-06-10T10:45:18,6600.0,82.2,B
2021-06-10T10:45:18,6600.0,82.2,B
2021-06-10T10:45:17,6600.0,82.1,B
2021-06-10T10:45:17,6600.0,82.1,B
2021-06-10T10:44:50,900.0,82.1,S
2021-06-10T10:44:50,6300.0,82.1,S
2021-06-10T10:44:35,100.0,82.1,S
2021-06-10T10:44:33,7500.0,82.3,S
2021-06-10T10:44:33,9800.0,82.3,S
2021-06-10T10:44:24,7200.0,82.3,B
2021-06-10T10:44:24,20500.0,82.2,B
2021-06-10T10:44:11,500.0,82.1,S
2021-06-10T10:43:19,100.0,82.1,S
2021-06-10T10:42:39,1000.0,82.2,B
2021-06-10T10:42:13,10000.0,82.3,B
2021-06-10T10:42:00,700.0,82.3,B
2021-06-10T10:42:00,3600.0,82.1,S
2021-06-10T10:41:48,100.0,82.2,S
2021-06-10T10:41:33,3000.0,82.3,B
2021-06-10T10:40:32,2400.0,82.2,B
2021-06-10T10:40:31,1000.0,82.2,B
2021-06-10T10:40:19,15600.0,82.2,B
2021-06-10T10:40:15,200.0,82.1,S
2021-06-10T10:40:03,12200.0,82.1,B
2021-06-10T10:39:45,6300.0,82.1,S
2021-06-10T10:39:39,10000.0,82.1,S
2021-06-10T10:39:18,15000.0,82.2,S
2021-06-10T10:39:14,14300.0,82.2,S
2021-06-10T10:39:08,13200.0,82.2,S
2021-06-10T10:38:54,500.0,82.3,S
2021-06-10T10:38:43,100.0,82.3,S
2021-06-10T10:38:17,400.0,82.3,B
2021-06-10T10:37:26,800.0,82.3,B
2021-06-10T10:36:12,1000.0,82.3,B
2021-06-10T10:35:21,100.0,82.3,B
2021-06-10T10:35:02,1000.0,82.3,B
2021-06-10T10:34:37,12700.0,82.3,S
2021-06-10T10:34:31,10000.0,82.3,S
2021-06-10T10:34:08,100.0,82.4,B
2021-06-10T10:34:00,1000.0,82.5,B
2021-06-10T10:33:02,1000.0,82.4,B
2021-06-10T10:31:49,1000.0,82.4,B
2021-06-10T10:31:16,15200.0,82.4,B
2021-06-10T10:29:39,1000.0,82.4,B
2021-06-10T10:27:54,100.0,82.4,S
2021-06-10T10:27:38,900.0,82.5,B
2021-06-10T10:27:08,9300.0,82.3,B
2021-06-10T10:27:01,17700.0,82.3,B
2021-06-10T10:27:01,9000.0,82.3,B
2021-06-10T10:27:00,13300.0,82.3,B
2021-06-10T10:26:50,28300.0,82.3,B
2021-06-10T10:26:20,12400.0,82.3,S
2021-06-10T10:26:20,1000.0,82.4,S
2021-06-10T10:25:52,2000.0,82.4,B
2021-06-10T10:25:52,14200.0,82.4,B
2021-06-10T10:25:41,900.0,82.4,B
2021-06-10T10:24:43,500.0,82.4,B
2021-06-10T10:24:35,14300.0,82.4,B
2021-06-10T10:24:13,5200.0,82.4,B
2021-06-10T10:24:13,7300.0,82.4,B
2021-06-10T10:24:07,8600.0,82.4,B
2021-06-10T10:23:49,18300.0,82.4,S
2021-06-10T10:23:43,21300.0,82.4,S
2021-06-10T10:23:34,1000.0,82.5,S
2021-06-10T10:23:19,300.0,82.6,B
2021-06-10T10:23:19,8300.0,82.6,B
2021-06-10T10:23:16,24300.0,82.5,B
2021-06-10T10:23:04,200.0,82.3,S
2021-06-10T10:22:18,8200.0,82.4,S
2021-06-10T10:22:08,10000.0,82.4,S
2021-06-10T10:21:57,9900.0,82.5,S
2021-06-10T10:21:51,15400.0,82.6,B
2021-06-10T10:21:44,100.0,82.7,B
2021-06-10T10:21:37,5400.0,82.7,B
2021-06-10T10:21:30,900.0,82.7,B
2021-06-10T10:21:29,20000.0,82.7,B
2021-06-10T10:21:19,5400.0,82.6,B
2021-06-10T10:21:12,8300.0,82.6,B
2021-06-10T10:20:56,5500.0,82.5,B
2021-06-10T10:20:50,100.0,82.4,S
2021-06-10T10:20:34,10000.0,82.5,B
2021-06-10T10:20:10,8800.0,82.2,S
2021-06-10T10:20:00,12500.0,82.2,S
2021-06-10T10:19:50,100.0,82.2,S
2021-06-10T10:19:50,1200.0,82.2,S
2021-06-10T10:19:50,13300.0,82.2,S
2021-06-10T10:19:39,200.0,82.4,B
2021-06-10T10:18:56,1500.0,82.4,B
2021-06-10T10:18:16,600.0,82.3,B
2021-06-10T10:18:12,8600.0,82.4,B
2021-06-10T10:18:07,8300.0,82.4,B
2021-06-10T10:18:03,6400.0,82.3,B
2021-06-10T10:17:59,10000.0,82.3,B
2021-06-10T10:17:53,1300.0,82.2,S
2021-06-10T10:17:28,5800.0,82.2,B
2021-06-10T10:17:21,3300.0,82.0,B
2021-06-10T10:16:06,100.0,82.0,B
2021-06-10T10:15:23,900.0,82.0,B
2021-06-10T10:15:19,1000.0,82.0,B
2021-06-10T10:14:42,6500.0,82.0,B
2021-06-10T10:14:35,300.0,82.0,S
2021-06-10T10:14:28,9000.0,82.0,S
2021-06-10T10:14:24,100.0,82.0,S
2021-06-10T10:14:24,8800.0,82.0,S
2021-06-10T10:13:58,10000.0,82.2,B
2021-06-10T10:13:56,5500.0,82.0,B
2021-06-10T10:13:09,1000.0,82.0,B
2021-06-10T10:12:27,10000.0,82.0,B
2021-06-10T10:12:21,12500.0,81.9,B
2021-06-10T10:12:10,12500.0,81.9,B
2021-06-10T10:12:03,13400.0,81.8,B
2021-06-10T10:11:43,3100.0,81.9,S
2021-06-10T10:11:11,8700.0,81.9,B
2021-06-10T10:10:59,8600.0,81.9,B
2021-06-10T10:10:47,16300.0,81.8,S
2021-06-10T10:10:42,11100.0,81.8,S
2021-06-10T10:10:42,4200.0,81.7,S
2021-06-10T10:10:38,10000.0,81.7,S
2021-06-10T10:10:14,11400.0,81.7,S
2021-06-10T10:10:09,10000.0,81.7,S
2021-06-10T10:09:23,20000.0,81.9,B
2021-06-10T10:09:14,20000.0,81.7,B
2021-06-10T10:09:08,12400.0,81.6,B
2021-06-10T10:08:56,6300.0,81.6,B
2021-06-10T10:08:43,1000.0,81.6,B
2021-06-10T10:08:41,8300.0,81.6,B
2021-06-10T10:08:34,5800.0,81.6,B
2021-06-10T10:08:14,7000.0,81.7,S
2021-06-10T10:08:03,3000.0,81.7,B
2021-06-10T10:07:56,21400.0,81.7,B
2021-06-10T10:07:48,12500.0,81.6,B
2021-06-10T10:07:05,1000.0,81.6,B
2021-06-10T10:04:57,1000.0,81.6,B
2021-06-10T10:03:37,1100.0,81.7,B
2021-06-10T10:03:21,900.0,81.7,B
2021-06-10T10:03:16,21300.0,81.6,S
2021-06-10T10:02:49,12300.0,81.7,B
2021-06-10T10:02:47,1000.0,81.7,B
2021-06-10T10:02:33,4500.0,81.7,B
2021-06-10T10:02:27,8500.0,81.7,B
2021-06-10T10:02:17,8600.0,81.6,B
2021-06-10T10:02:11,8300.0,81.6,B
2021-06-10T10:02:07,500.0,81.5,B
2021-06-10T10:02:05,11100.0,81.5,B
2021-06-10T10:02:05,1400.0,81.4,S
2021-06-10T10:01:59,10000.0,81.4,S
2021-06-10T10:01:49,17100.0,81.4,S
2021-06-10T10:00:55,1000.0,81.5,B
2021-06-10T10:00:55,1000.0,81.5,B
2021-06-10T10:00:54,900.0,81.5,B
2021-06-10T09:58:54,7900.0,81.4,B
2021-06-10T09:58:54,9200.0,81.4,B
2021-06-10T09:58:54,7500.0,81.2,B
2021-06-10T09:58:54,3300.0,81.0,B
2021-06-10T09:58:54,12300.0,81.0,B
2021-06-10T09:58:50,8600.0,81.0,B
2021-06-10T09:58:10,26500.0,81.0,S
2021-06-10T09:57:43,10000.0,81.3,B
2021-06-10T09:57:34,7500.0,81.2,B
2021-06-10T09:57:28,8300.0,81.2,B
2021-06-10T09:57:20,3300.0,81.1,B
2021-06-10T09:56:43,20000.0,81.1,B
2021-06-10T09:56:36,20000.0,81.1,B
2021-06-10T09:56:33,1200.0,80.9,B
2021-06-10T09:56:33,100.0,80.9,B
2021-06-10T09:56:31,20000.0,80.9,B
2021-06-10T09:56:29,400.0,80.8,B
2021-06-10T09:56:04,200.0,80.8,B
2021-06-10T09:55:30,3000.0,80.8,B
2021-06-10T09:55:14,1200.0,80.8,B
2021-06-10T09:55:05,900.0,80.8,B
2021-06-10T09:54:50,300.0,80.7,S
2021-06-10T09:54:39,600.0,80.7,S
2021-06-10T09:54:25,6000.0,80.9,B
2021-06-10T09:54:12,700.0,80.9,B
2021-06-10T09:54:02,10000.0,80.9,B
2021-06-10T09:53:59,10000.0,80.8,S
2021-06-10T09:53:49,3400.0,80.8,S
2021-06-10T09:53:35,1200.0,80.9,B
2021-06-10T09:53:00,400.0,80.8,S
2021-06-10T09:52:54,1000.0,80.9,B
2021-06-10T09:52:49,800.0,80.8,S
2021-06-10T09:52:40,300.0,80.8,S
2021-06-10T09:52:37,800.0,80.8,S
2021-06-10T09:52:31,700.0,80.9,B
2021-06-10T09:52:29,900.0,80.9,B
2021-06-10T09:52:29,2000.0,80.9,B
2021-06-10T09:52:23,800.0,81.1,B
2021-06-10T09:52:18,800.0,81.0,B
2021-06-10T09:52:04,800.0,81.0,B
2021-06-10T09:51:19,800.0,81.1,B
2021-06-10T09:51:18,200.0,81.0,B
2021-06-10T09:51:14,12600.0,81.0,B
2021-06-10T09:51:04,12400.0,81.0,B
2021-06-10T09:51:00,10000.0,81.0,B
2021-06-10T09:50:03,500.0,80.9,B
2021-06-10T09:49:51,100.0,81.0,B
2021-06-10T09:49:18,300.0,80.9,B
2021-06-10T09:49:05,500.0,80.8,S
2021-06-10T09:48:58,5300.0,81.0,B
2021-06-10T09:48:50,4700.0,81.0,B
2021-06-10T09:48:43,15400.0,81.0,B
2021-06-10T09:48:41,20000.0,81.0,B
2021-06-10T09:48:24,800.0,80.8,S
2021-06-10T09:48:07,800.0,80.8,S
2021-06-10T09:47:21,100.0,80.8,B
2021-06-10T09:45:55,16300.0,80.8,B
2021-06-10T09:45:49,100.0,80.7,S
2021-06-10T09:45:49,17300.0,80.7,S
2021-06-10T09:45:08,1000.0,80.8,B
2021-06-10T09:44:55,20000.0,80.6,S
2021-06-10T09:44:42,200.0,80.6,S
2021-06-10T09:44:30,100.0,80.8,B
2021-06-10T09:44:30,20000.0,80.6,S
2021-06-10T09:44:02,500.0,80.7,S
2021-06-10T09:43:56,500.0,80.7,S
2021-06-10T09:43:55,10000.0,80.8,B
2021-06-10T09:43:50,10000.0,80.8,B
2021-06-10T09:43:44,500.0,80.7,S
2021-06-10T09:43:34,7200.0,80.7,S
2021-06-10T09:43:26,500.0,80.7,S
2021-06-10T09:43:15,500.0,80.7,S
2021-06-10T09:43:04,4800.0,80.8,B
2021-06-10T09:42:54,9100.0,80.9,B
2021-06-10T09:42:35,9400.0,80.8,B
2021-06-10T09:42:28,11500.0,80.8,B
2021-06-10T09:41:44,4500.0,80.8,B
2021-06-10T09:41:10,15400.0,81.0,B
2021-06-10T09:41:05,11200.0,80.9,B
2021-06-10T09:40:55,4000.0,80.8,B
2021-06-10T09:40:48,8500.0,80.8,B
2021-06-10T09:40:39,1000.0,80.8,B
2021-06-10T09:40:35,5000.0,80.7,S
2021-06-10T09:40:26,1000.0,80.7,S
2021-06-10T09:39:40,2000.0,80.8,B
2021-06-10T09:39:30,2600.0,80.7,S
2021-06-10T09:39:23,100.0,80.8,B
2021-06-10T09:39:19,5000.0,80.8,B
2021-06-10T09:39:17,100.0,80.7,S
2021-06-10T09:38:21,1000.0,80.8,S
2021-06-10T09:37:23,1000.0,81.0,B
2021-06-10T09:37:17,2300.0,81.0,B
2021-06-10T09:36:59,1200.0,81.0,B
2021-06-10T09:36:46,2900.0,81.0,B
2021-06-10T09:36:36,14000.0,81.0,B
2021-06-10T09:36:26,12500.0,80.8,S
2021-06-10T09:36:20,2500.0,80.8,S
2021-06-10T09:36:14,1000.0,80.8,S
2021-06-10T09:36:03,21200.0,80.8,S
2021-06-10T09:35:41,300.0,80.8,S
2021-06-10T09:34:45,100.0,81.0,B
2021-06-10T09:34:44,5000.0,81.0,B
2021-06-10T09:33:45,500.0,81.0,B
2021-06-10T09:32:40,12700.0,80.8,B
2021-06-10T09:32:40,1000.0,80.8,B
2021-06-10T09:32:22,200.0,80.7,S
2021-06-10T09:32:21,12500.0,80.8,B
2021-06-10T09:32:15,10000.0,80.8,B
2021-06-10T09:32:03,900.0,80.8,S
2021-06-10T09:31:58,5000.0,80.8,S
2021-06-10T09:31:49,1000.0,80.8,S
2021-06-10T09:31:49,6000.0,80.8,S
2021-06-10T09:31:49,20000.0,80.8,S
2021-06-10T09:30:34,1000.0,80.8,S
2021-06-10T09:30:05,15400.0,81.0,B
2021-06-10T09:30:02,1000.0,81.0,B
2021-06-10T09:30:01,15400.0,81.0,B
2021-06-10T09:30:01,400.0,80.9,S
2021-06-10T09:29:27,1000.0,81.0,B
2021-06-10T09:29:12,300.0,80.9,S
2021-06-10T09:28:39,21500.0,81.0,B
2021-06-10T09:28:35,21500.0,80.9,S
2021-06-10T09:28:28,10000.0,80.8,S
2021-06-10T09:28:26,200.0,80.8,S
2021-06-10T09:28:18,14800.0,80.8,S
2021-06-10T09:28:10,6000.0,80.9,S
2021-06-10T09:28:10,1000.0,80.9,S
2021-06-10T09:28:03,25800.0,80.9,S
2021-06-10T09:27:57,1000.0,81.0,B
2021-06-10T09:27:54,9000.0,81.0,B
2021-06-10T09:27:42,7400.0,81.0,B
2021-06-10T09:27:25,3000.0,80.9,S
2021-06-10T09:27:24,600.0,81.0,B
2021-06-10T09:27:09,15400.0,81.0,S
2021-06-10T09:26:57,2000.0,81.0,S
2021-06-10T09:26:35,3600.0,81.0,S
2021-06-10T09:26:25,500.0,80.9,S
2021-06-10T09:26:02,200.0,81.0,S
2021-06-10T09:25:53,300.0,81.0,S
2021-06-10T09:25:50,1000.0,81.0,S
2021-06-10T09:25:45,13400.0,81.0,S
2021-06-10T09:25:45,11500.0,81.1,S
2021-06-10T09:25:24,700.0,81.1,S
2021-06-10T09:25:22,3000.0,81.1,S
2021-06-10T09:25:18,500.0,81.1,S
2021-06-10T09:24:32,3600.0,81.1,S
2021-06-10T09:23:53,13700.0,81.3,B
2021-06-10T09:23:45,5000.0,81.2,B
2021-06-10T09:23:36,1000.0,81.2,B
2021-06-10T09:23:17,500.0,81.2,B
2021-06-10T09:23:05,6900.0,81.3,S
2021-06-10T09:22:50,5600.0,81.3,S
2021-06-10T09:22:46,14300.0,81.3,S
2021-06-10T09:22:34,16300.0,81.2,S
2021-06-10T09:22:08,5300.0,81.3,S
2021-06-10T09:21:55,10800.0,81.4,S
2021-06-10T09:21:38,1000.0,81.4,S
2021-06-10T09:21:28,1000.0,81.5,B
2021-06-10T09:21:09,8300.0,81.4,S
2021-06-10T09:21:06,800.0,81.5,B
2021-06-10T09:20:49,10000.0,81.5,S
2021-06-10T09:20:43,10000.0,81.5,S
2021-06-10T09:20:36,8600.0,81.5,S
2021-06-10T09:20:11,3900.0,81.5,S
2021-06-10T09:19:50,13400.0,81.5,S
2021-06-10T09:19:29,6600.0,81.5,S
2021-06-10T09:19:28,300.0,81.5,S
2021-06-10T09:19:23,100.0,81.6,B
2021-06-10T09:19:21,11400.0,81.5,S
2021-06-10T09:19:18,1000.0,81.6,B
2021-06-10T09:19:16,1000.0,81.6,B
2021-06-10T09:18:37,100.0,81.6,B
2021-06-10T09:18:12,11200.0,81.6,S
2021-06-10T09:18:07,100.0,81.7,B
2021-06-10T09:17:43,10200.0,81.8,S
2021-06-10T09:17:29,49800.0,81.8,B
2021-06-10T09:17:23,1900.0,81.7,B
2021-06-10T09:16:59,7800.0,81.7,S
2021-06-10T09:16:31,4700.0,81.7,B
2021-06-10T09:16:30,100.0,81.6,B
2021-06-10T09:16:25,4300.0,81.6,B
2021-06-10T09:16:20,8600.0,81.6,B
2021-06-10T09:16:10,7100.0,81.6,S
2021-06-10T09:15:50,15300.0,81.6,S
2021-06-10T09:15:42,15300.0,81.7,S
2021-06-10T09:15:34,14600.0,81.8,S
