tradingTime,volume,price,side
2021-06-10T14:30:11,2000.0,20.95,S
2021-06-10T14:30:06,2000.0,20.95,S
2021-06-10T14:30:06,5700.0,20.95,S
2021-06-10T14:30:03,1100.0,20.95,S
2021-06-10T14:30:03,2600.0,20.95,S
2021-06-10T14:29:51,1000.0,20.95,S
2021-06-10T14:29:39,500.0,21.0,B
2021-06-10T14:29:33,300.0,21.0,B
2021-06-10T14:28:56,500.0,21.0,B
2021-06-10T14:28:29,300.0,21.0,S
2021-06-10T14:28:29,1000.0,21.0,S
2021-06-10T14:28:29,2000.0,21.0,S
2021-06-10T14:28:29,2800.0,21.0,S
2021-06-10T14:28:17,300.0,21.05,B
2021-06-10T14:27:59,1000.0,21.0,S
2021-06-10T14:27:49,1000.0,21.0,S
2021-06-10T14:27:46,6000.0,21.0,S
2021-06-10T14:27:35,500.0,21.0,S
2021-06-10T14:27:35,100.0,21.05,B
2021-06-10T14:27:33,9600.0,21.05,B
2021-06-10T14:26:44,500.0,21.0,B
2021-06-10T14:26:18,8400.0,21.0,B
2021-06-10T14:26:06,200.0,21.0,B
2021-06-10T14:26:00,300.0,21.0,B
2021-06-10T14:25:56,200.0,21.0,B
2021-06-10T14:25:46,400.0,20.95,S
2021-06-10T14:25:45,700.0,20.95,S
2021-06-10T14:25:44,200.0,21.0,S
2021-06-10T14:25:43,500.0,21.0,S
2021-06-10T14:25:40,1100.0,21.0,S
2021-06-10T14:25:40,5500.0,21.0,S
2021-06-10T14:25:40,4700.0,21.0,S
2021-06-10T14:25:16,1000.0,21.0,S
2021-06-10T14:25:14,10000.0,21.0,S
2021-06-10T14:25:03,1000.0,21.0,S
2021-06-10T14:25:02,100.0,21.0,S
2021-06-10T14:24:52,1000.0,21.0,S
2021-06-10T14:24:43,100.0,21.05,B
2021-06-10T14:24:34,4400.0,21.0,S
2021-06-10T14:24:29,400.0,21.05,B
2021-06-10T14:24:16,500.0,21.05,B
2021-06-10T14:24:08,500.0,21.05,B
2021-06-10T14:24:04,900.0,21.0,S
2021-06-10T14:24:04,1900.0,21.0,S
2021-06-10T14:24:00,400.0,21.05,B
2021-06-10T14:23:46,200.0,21.05,B
2021-06-10T14:23:39,4000.0,21.0,S
2021-06-10T14:22:57,100.0,21.0,S
2021-06-10T14:22:46,1400.0,20.95,S
2021-06-10T14:22:39,400.0,21.0,B
2021-06-10T14:22:25,1000.0,21.0,B
2021-06-10T14:21:57,300.0,21.0,B
2021-06-10T14:21:49,600.0,21.0,B
2021-06-10T14:21:49,2000.0,21.0,B
2021-06-10T14:21:49,2400.0,21.0,B
2021-06-10T14:21:46,500.0,21.0,B
2021-06-10T14:21:22,5000.0,21.0,B
2021-06-10T14:21:05,3000.0,21.0,B
2021-06-10T14:20:54,900.0,21.0,B
2021-06-10T14:20:29,200.0,20.95,S
2021-06-10T14:19:41,1000.0,20.95,S
2021-06-10T14:18:32,2000.0,21.0,B
2021-06-10T14:18:28,800.0,20.95,S
2021-06-10T14:18:28,500.0,21.0,B
2021-06-10T14:18:22,300.0,21.0,B
2021-06-10T14:18:13,400.0,21.0,B
2021-06-10T14:18:12,100.0,21.0,B
2021-06-10T14:18:01,1500.0,20.95,S
2021-06-10T14:17:58,2000.0,21.0,B
2021-06-10T14:17:57,100.0,21.0,B
2021-06-10T14:17:50,300.0,21.0,B
2021-06-10T14:17:42,500.0,21.0,B
2021-06-10T14:17:34,10000.0,21.0,B
2021-06-10T14:17:25,1000.0,21.0,B
2021-06-10T14:17:21,900.0,21.0,B
2021-06-10T14:17:11,1000.0,21.0,B
2021-06-10T14:16:53,10000.0,21.0,B
2021-06-10T14:16:42,200.0,21.0,B
2021-06-10T14:16:23,500.0,21.0,B
2021-06-10T14:16:16,700.0,21.0,B
2021-06-10T14:16:12,200.0,21.0,B
2021-06-10T14:16:09,200.0,21.0,B
2021-06-10T14:15:57,1000.0,21.0,B
2021-06-10T14:15:45,2000.0,21.0,B
2021-06-10T14:14:41,2000.0,21.0,B
2021-06-10T14:14:35,500.0,21.0,B
2021-06-10T14:14:25,1000.0,21.0,B
2021-06-10T14:14:14,500.0,21.0,B
2021-06-10T14:14:08,1000.0,20.95,S
2021-06-10T14:14:01,100.0,20.95,S
2021-06-10T14:13:04,5000.0,20.95,B
2021-06-10T14:13:00,300.0,20.95,B
2021-06-10T14:12:57,1000.0,20.95,B
2021-06-10T14:12:56,100.0,20.95,B
2021-06-10T14:12:52,500.0,20.95,B
2021-06-10T14:12:47,1000.0,20.95,B
2021-06-10T14:12:39,100.0,20.95,B
2021-06-10T14:12:39,900.0,20.95,B
2021-06-10T14:12:31,1000.0,20.95,B
2021-06-10T14:12:23,300.0,20.95,B
2021-06-10T14:12:23,500.0,20.95,B
2021-06-10T14:12:23,200.0,20.95,B
2021-06-10T14:12:18,300.0,20.95,B
2021-06-10T14:12:03,100.0,20.95,B
2021-06-10T14:11:51,20000.0,20.95,B
2021-06-10T14:11:25,2000.0,20.95,B
2021-06-10T14:11:18,100.0,20.95,B
2021-06-10T14:11:16,300.0,20.95,B
2021-06-10T14:11:09,400.0,20.9,S
2021-06-10T14:10:53,5000.0,20.95,B
2021-06-10T14:10:48,1000.0,20.95,B
2021-06-10T14:10:45,100.0,20.95,B
2021-06-10T14:10:33,1100.0,20.95,B
2021-06-10T14:10:28,100.0,20.95,B
2021-06-10T14:09:48,2000.0,20.95,B
2021-06-10T14:09:45,5500.0,20.9,S
2021-06-10T14:09:29,1000.0,20.9,S
2021-06-10T14:09:23,500.0,20.9,S
2021-06-10T14:08:39,2000.0,20.9,S
2021-06-10T14:08:18,500.0,20.95,B
2021-06-10T14:08:10,100.0,20.95,B
2021-06-10T14:08:02,100.0,20.95,B
2021-06-10T14:07:20,900.0,20.9,S
2021-06-10T14:07:12,100.0,20.95,B
2021-06-10T14:07:00,500.0,20.95,B
2021-06-10T14:06:56,100.0,20.95,B
2021-06-10T14:06:29,2000.0,20.95,B
2021-06-10T14:06:23,400.0,20.95,B
2021-06-10T14:06:06,5000.0,20.9,S
2021-06-10T14:05:55,200.0,20.95,B
2021-06-10T14:05:49,200.0,20.95,B
2021-06-10T14:04:58,500.0,20.95,B
2021-06-10T14:04:47,200.0,20.9,S
2021-06-10T14:04:39,100.0,20.95,B
2021-06-10T14:04:19,500.0,20.9,S
2021-06-10T14:03:47,5000.0,20.95,B
2021-06-10T14:03:47,10000.0,20.95,B
2021-06-10T14:03:47,1200.0,20.95,B
2021-06-10T14:03:32,6200.0,20.95,S
2021-06-10T14:03:32,7000.0,20.95,S
2021-06-10T14:03:31,8500.0,20.95,S
2021-06-10T14:03:31,600.0,21.0,B
2021-06-10T14:03:28,100.0,21.0,B
2021-06-10T14:03:28,5000.0,21.0,B
2021-06-10T14:03:02,500.0,21.0,B
2021-06-10T14:02:56,200.0,21.0,B
2021-06-10T14:02:47,500.0,21.0,B
2021-06-10T14:02:44,1000.0,21.0,B
2021-06-10T14:02:39,100.0,21.0,B
2021-06-10T14:02:36,1000.0,21.0,B
2021-06-10T14:02:30,5000.0,21.0,B
2021-06-10T14:02:16,500.0,21.0,B
2021-06-10T14:02:13,200.0,21.0,B
2021-06-10T14:01:56,400.0,21.0,B
2021-06-10T14:01:54,5000.0,21.0,B
2021-06-10T14:01:51,1000.0,21.0,B
2021-06-10T14:01:50,200.0,21.0,B
2021-06-10T14:01:47,2100.0,20.95,S
2021-06-10T14:01:26,2000.0,21.0,B
2021-06-10T14:00:52,1000.0,21.0,B
2021-06-10T14:00:27,2000.0,21.0,B
2021-06-10T14:00:10,2500.0,21.0,B
2021-06-10T14:00:03,1000.0,21.0,B
2021-06-10T13:59:57,500.0,21.0,B
2021-06-10T13:59:04,100.0,21.0,B
2021-06-10T13:59:03,100.0,21.0,B
2021-06-10T13:58:59,100.0,21.0,B
2021-06-10T13:58:59,2900.0,21.0,B
2021-06-10T13:58:57,1000.0,21.0,B
2021-06-10T13:58:54,1000.0,20.95,S
2021-06-10T13:58:44,500.0,21.0,B
2021-06-10T13:58:36,600.0,21.0,B
2021-06-10T13:57:57,10000.0,21.0,B
2021-06-10T13:56:29,5000.0,21.0,B
2021-06-10T13:56:22,1000.0,21.0,B
2021-06-10T13:55:48,1000.0,21.0,B
2021-06-10T13:55:41,2000.0,20.95,B
2021-06-10T13:55:40,1800.0,20.95,B
2021-06-10T13:55:38,200.0,20.9,S
2021-06-10T13:55:38,200.0,20.9,S
2021-06-10T13:55:37,9600.0,20.9,S
2021-06-10T13:55:31,100.0,20.95,B
2021-06-10T13:55:24,5000.0,20.95,B
2021-06-10T13:54:49,300.0,20.9,S
2021-06-10T13:54:40,100.0,20.9,S
2021-06-10T13:54:16,30000.0,20.95,S
2021-06-10T13:54:11,300.0,20.95,S
2021-06-10T13:54:10,5000.0,20.95,S
2021-06-10T13:54:09,8200.0,20.95,S
2021-06-10T13:53:59,200.0,20.95,S
2021-06-10T13:53:21,300.0,20.95,S
2021-06-10T13:53:10,200.0,20.95,B
2021-06-10T13:53:04,200.0,20.95,B
2021-06-10T13:52:59,1000.0,20.95,B
2021-06-10T13:52:19,500.0,20.95,S
2021-06-10T13:52:19,2000.0,20.95,S
2021-06-10T13:52:06,300.0,20.95,S
2021-06-10T13:52:06,700.0,20.95,S
2021-06-10T13:51:49,2000.0,21.0,B
2021-06-10T13:51:41,8000.0,20.95,S
2021-06-10T13:51:30,200.0,21.0,B
2021-06-10T13:51:29,10000.0,21.0,B
2021-06-10T13:51:28,100.0,20.95,S
2021-06-10T13:51:24,2000.0,20.95,S
2021-06-10T13:51:20,800.0,21.0,B
2021-06-10T13:51:11,2000.0,21.0,B
2021-06-10T13:50:59,1000.0,20.95,S
2021-06-10T13:50:46,1000.0,21.0,B
2021-06-10T13:50:19,8500.0,21.0,S
2021-06-10T13:50:19,600.0,21.0,S
2021-06-10T13:50:19,1900.0,21.0,S
2021-06-10T13:49:59,100.0,21.0,S
2021-06-10T13:49:30,5000.0,21.0,S
2021-06-10T13:49:30,400.0,21.0,S
2021-06-10T13:49:30,600.0,21.0,S
2021-06-10T13:48:55,1000.0,21.0,S
2021-06-10T13:48:49,600.0,21.0,S
2021-06-10T13:48:49,1400.0,21.0,S
2021-06-10T13:48:21,4000.0,21.0,S
2021-06-10T13:47:24,200.0,21.0,S
2021-06-10T13:47:19,1600.0,21.1,B
2021-06-10T13:47:19,3400.0,21.1,B
2021-06-10T13:46:20,300.0,21.0,S
2021-06-10T13:46:20,1700.0,21.0,S
2021-06-10T13:46:20,1100.0,21.0,S
2021-06-10T13:45:21,300.0,21.1,B
2021-06-10T13:44:23,1000.0,21.0,S
2021-06-10T13:43:53,4800.0,21.0,S
2021-06-10T13:42:52,100.0,21.1,B
2021-06-10T13:41:52,500.0,21.1,B
2021-06-10T13:41:34,1100.0,21.1,S
2021-06-10T13:41:15,500.0,21.1,B
2021-06-10T13:41:08,300.0,21.1,B
2021-06-10T13:40:59,100.0,21.0,S
2021-06-10T13:40:48,200.0,21.1,B
2021-06-10T13:40:44,5000.0,21.0,S
2021-06-10T13:40:25,1000.0,21.0,S
2021-06-10T13:40:16,500.0,21.0,S
2021-06-10T13:40:15,500.0,21.0,S
2021-06-10T13:39:55,100.0,21.1,B
2021-06-10T13:39:35,500.0,21.0,S
2021-06-10T13:39:34,2000.0,21.0,S
2021-06-10T13:39:33,3600.0,21.0,S
2021-06-10T13:39:11,700.0,21.2,B
2021-06-10T13:39:11,200.0,21.15,B
2021-06-10T13:39:05,500.0,21.1,B
2021-06-10T13:39:01,200.0,21.1,B
2021-06-10T13:38:41,200.0,21.1,B
2021-06-10T13:38:10,1600.0,21.05,S
2021-06-10T13:38:05,300.0,21.1,B
2021-06-10T13:38:02,1300.0,21.1,B
2021-06-10T13:37:44,100.0,21.1,B
2021-06-10T13:37:10,12800.0,21.2,B
2021-06-10T13:37:07,2700.0,21.05,S
2021-06-10T13:37:01,2800.0,21.1,B
2021-06-10T13:37:01,200.0,21.1,B
2021-06-10T13:36:49,1000.0,21.05,S
2021-06-10T13:36:30,5000.0,21.05,S
2021-06-10T13:36:06,100.0,21.1,B
2021-06-10T13:35:53,200.0,21.1,B
2021-06-10T13:35:39,300.0,21.1,B
2021-06-10T13:35:23,200.0,21.1,B
2021-06-10T13:34:41,1700.0,21.1,S
2021-06-10T13:34:34,10000.0,21.2,B
2021-06-10T13:34:28,300.0,21.1,S
2021-06-10T13:34:19,700.0,21.1,S
2021-06-10T13:34:06,1200.0,21.1,S
2021-06-10T13:33:08,8300.0,21.1,B
2021-06-10T13:32:46,11000.0,21.1,B
2021-06-10T13:32:32,100.0,21.1,B
2021-06-10T13:32:16,300.0,21.1,B
2021-06-10T13:32:07,500.0,21.1,B
2021-06-10T13:31:43,300.0,21.1,B
2021-06-10T13:31:41,1000.0,21.0,S
2021-06-10T13:31:35,500.0,21.0,S
2021-06-10T13:31:27,100.0,21.0,S
2021-06-10T13:31:04,200.0,21.0,B
2021-06-10T13:30:52,200.0,21.0,B
2021-06-10T13:30:46,1000.0,21.0,B
2021-06-10T13:30:38,500.0,21.0,B
2021-06-10T13:30:35,1000.0,21.0,B
2021-06-10T13:30:31,400.0,21.0,B
2021-06-10T13:30:31,1600.0,21.0,B
2021-06-10T13:30:30,200.0,21.0,B
2021-06-10T13:30:05,500.0,21.0,B
2021-06-10T13:30:05,9500.0,21.0,B
2021-06-10T13:29:51,1000.0,21.0,B
2021-06-10T13:29:38,100.0,21.0,B
2021-06-10T13:29:34,1000.0,21.0,B
2021-06-10T13:29:34,200.0,21.0,B
2021-06-10T13:29:26,5000.0,21.0,B
2021-06-10T13:29:21,2000.0,21.0,B
2021-06-10T13:29:04,200.0,20.95,S
2021-06-10T13:28:35,400.0,21.0,B
2021-06-10T13:28:11,10000.0,21.0,B
2021-06-10T13:27:06,100.0,20.95,S
2021-06-10T13:27:06,1700.0,20.95,S
2021-06-10T13:27:05,200.0,20.95,S
2021-06-10T13:26:46,500.0,21.0,B
2021-06-10T13:26:32,1000.0,21.0,B
2021-06-10T13:26:06,100.0,21.0,B
2021-06-10T13:25:47,1000.0,21.0,B
2021-06-10T13:25:04,100.0,21.0,B
2021-06-10T13:25:03,1000.0,21.0,B
2021-06-10T13:24:25,100.0,20.95,B
2021-06-10T13:24:17,100.0,20.95,S
2021-06-10T13:24:04,500.0,20.95,S
2021-06-10T13:24:01,100.0,20.95,S
2021-06-10T13:23:58,300.0,20.95,S
2021-06-10T13:23:49,1000.0,21.0,B
2021-06-10T13:23:16,1000.0,21.0,B
2021-06-10T13:22:57,1000.0,21.0,B
2021-06-10T13:21:59,25000.0,20.9,S
2021-06-10T13:21:46,200.0,20.95,B
2021-06-10T13:21:37,5000.0,20.95,B
2021-06-10T13:21:37,2400.0,20.95,B
2021-06-10T13:21:23,300.0,20.9,S
2021-06-10T13:20:55,100.0,20.95,B
2021-06-10T13:20:48,500.0,20.9,S
2021-06-10T13:20:40,100.0,20.9,S
2021-06-10T13:20:23,1000.0,20.95,B
2021-06-10T13:20:00,500.0,20.9,S
2021-06-10T13:19:48,3000.0,20.95,B
2021-06-10T13:19:40,200.0,20.9,S
2021-06-10T13:19:20,3000.0,20.9,S
2021-06-10T13:19:01,3000.0,20.9,S
2021-06-10T13:18:56,1000.0,20.9,S
2021-06-10T13:18:43,6800.0,20.9,S
2021-06-10T13:18:30,100.0,20.95,B
2021-06-10T13:18:17,8200.0,20.9,B
2021-06-10T13:18:02,1000.0,20.9,B
2021-06-10T13:17:38,2000.0,20.85,S
2021-06-10T13:17:25,500.0,20.85,S
2021-06-10T13:17:08,500.0,20.85,S
2021-06-10T13:17:01,900.0,20.85,S
2021-06-10T13:16:42,12300.0,20.85,S
2021-06-10T13:16:25,500.0,20.85,S
2021-06-10T13:16:21,300.0,20.9,S
2021-06-10T13:16:14,100.0,20.8,S
2021-06-10T13:16:05,500.0,20.8,S
2021-06-10T13:16:00,500.0,20.9,S
2021-06-10T13:15:53,100.0,20.8,S
2021-06-10T13:15:46,1000.0,20.85,S
2021-06-10T13:15:46,4600.0,20.8,S
2021-06-10T13:15:46,1000.0,20.8,S
2021-06-10T13:15:46,6400.0,20.8,S
2021-06-10T13:15:37,2000.0,20.8,S
2021-06-10T13:15:37,2000.0,20.85,S
2021-06-10T13:15:30,4700.0,20.8,S
2021-06-10T13:15:30,700.0,20.8,S
2021-06-10T13:15:30,2200.0,20.8,S
2021-06-10T13:15:30,3800.0,20.8,S
2021-06-10T13:15:30,1000.0,20.8,S
2021-06-10T13:15:30,300.0,20.8,S
2021-06-10T13:15:29,100.0,20.8,S
2021-06-10T13:15:29,2200.0,20.8,S
2021-06-10T13:15:29,8100.0,20.8,S
2021-06-10T13:15:29,8000.0,20.85,S
2021-06-10T13:15:29,100.0,20.85,S
2021-06-10T13:15:28,300.0,20.85,S
2021-06-10T13:15:26,2000.0,20.8,S
2021-06-10T13:15:24,20900.0,20.9,S
2021-06-10T13:15:19,300.0,20.85,S
2021-06-10T13:15:13,500.0,20.85,S
2021-06-10T13:15:13,1400.0,20.85,S
2021-06-10T13:15:02,5000.0,20.85,S
2021-06-10T13:14:50,1000.0,20.85,S
2021-06-10T13:14:31,200.0,20.9,S
2021-06-10T13:14:28,1000.0,20.85,S
2021-06-10T13:14:06,1800.0,20.85,S
2021-06-10T13:14:06,500.0,20.85,S
2021-06-10T13:14:06,7700.0,20.85,S
2021-06-10T13:13:41,500.0,20.9,S
2021-06-10T13:13:36,3000.0,20.9,S
2021-06-10T13:13:33,2000.0,20.9,S
2021-06-10T13:13:32,1000.0,20.9,S
2021-06-10T13:12:30,700.0,20.9,S
2021-06-10T13:12:30,4300.0,20.9,S
2021-06-10T13:12:16,2000.0,20.95,S
2021-06-10T13:12:06,50000.0,21.0,S
2021-06-10T13:11:50,100.0,20.95,S
2021-06-10T13:11:40,100.0,20.95,S
2021-06-10T13:11:28,1000.0,20.95,S
2021-06-10T13:11:26,3000.0,20.95,S
2021-06-10T13:10:34,1200.0,20.95,S
2021-06-10T13:10:34,300.0,20.95,S
2021-06-10T13:10:34,500.0,21.0,S
2021-06-10T13:10:34,2000.0,21.0,S
2021-06-10T13:10:15,1000.0,21.0,S
2021-06-10T13:10:03,200.0,21.0,S
2021-06-10T13:09:56,100.0,21.0,S
2021-06-10T13:09:55,5000.0,21.0,S
2021-06-10T13:09:39,700.0,21.0,S
2021-06-10T13:09:38,1400.0,21.0,S
2021-06-10T13:09:13,100.0,21.0,S
2021-06-10T13:09:01,200.0,21.0,S
2021-06-10T13:08:55,1100.0,21.1,B
2021-06-10T13:08:42,3500.0,21.0,S
2021-06-10T13:08:42,2700.0,21.0,S
2021-06-10T13:08:42,1000.0,21.0,S
2021-06-10T13:08:42,200.0,21.0,S
2021-06-10T13:08:42,2600.0,21.0,S
2021-06-10T13:08:36,8000.0,21.05,S
2021-06-10T13:08:17,2000.0,21.0,S
2021-06-10T13:08:09,300.0,21.0,S
2021-06-10T13:08:00,3000.0,21.0,S
2021-06-10T13:08:00,500.0,21.0,S
2021-06-10T13:07:51,9100.0,21.0,S
2021-06-10T13:07:31,4000.0,21.0,S
2021-06-10T13:07:29,800.0,21.0,S
2021-06-10T13:07:29,800.0,21.0,S
2021-06-10T13:07:25,1000.0,21.0,S
2021-06-10T13:07:24,100.0,21.0,S
2021-06-10T13:07:01,400.0,21.0,S
2021-06-10T13:06:59,5000.0,21.0,S
2021-06-10T13:06:51,400.0,21.0,S
2021-06-10T13:06:33,200.0,21.0,S
2021-06-10T13:06:29,100.0,21.0,S
2021-06-10T13:06:15,2000.0,21.0,S
2021-06-10T13:06:00,3200.0,21.0,S
2021-06-10T13:04:50,500.0,21.0,S
2021-06-10T13:03:39,7000.0,21.0,S
2021-06-10T13:03:20,2000.0,21.0,S
2021-06-10T13:01:41,200.0,21.0,S
2021-06-10T13:01:24,2300.0,21.1,S
2021-06-10T13:01:23,500.0,21.1,S
2021-06-10T13:01:20,100.0,21.1,S
2021-06-10T13:01:01,1000.0,21.0,S
2021-06-10T13:01:01,4900.0,21.0,S
2021-06-10T13:01:01,1700.0,21.05,S
2021-06-10T13:01:01,9200.0,21.1,S
2021-06-10T13:01:01,3200.0,21.1,S
2021-06-10T13:00:57,100.0,21.1,S
2021-06-10T13:00:57,300.0,21.1,S
2021-06-10T13:00:56,1000.0,21.1,S
2021-06-10T13:00:55,800.0,21.2,B
2021-06-10T13:00:54,3600.0,21.2,B
2021-06-10T13:00:48,5000.0,21.2,B
2021-06-10T13:00:33,100.0,21.2,B
2021-06-10T13:00:27,100.0,21.2,B
2021-06-10T13:00:24,100.0,21.25,B
2021-06-10T13:00:24,300.0,21.2,B
2021-06-10T13:00:24,2100.0,21.2,B
2021-06-10T13:00:21,500.0,21.1,S
2021-06-10T13:00:19,2400.0,21.1,S
2021-06-10T11:30:01,2700.0,21.1,S
2021-06-10T11:29:53,1200.0,21.05,S
2021-06-10T11:29:27,800.0,21.05,B
2021-06-10T11:28:52,500.0,21.0,S
2021-06-10T11:28:21,4000.0,21.0,S
2021-06-10T11:28:12,1000.0,21.05,B
2021-06-10T11:28:04,500.0,21.05,B
2021-06-10T11:27:35,200.0,21.05,B
2021-06-10T11:27:18,300.0,21.05,B
2021-06-10T11:27:16,9800.0,21.05,S
2021-06-10T11:27:13,4500.0,21.05,S
2021-06-10T11:26:53,100.0,21.1,B
2021-06-10T11:26:30,400.0,21.1,B
2021-06-10T11:26:07,3000.0,21.05,S
2021-06-10T11:25:57,100.0,21.1,B
2021-06-10T11:25:33,3300.0,21.2,B
2021-06-10T11:25:26,3200.0,21.1,S
2021-06-10T11:24:42,1400.0,21.2,B
2021-06-10T11:24:42,1500.0,21.15,B
2021-06-10T11:24:19,300.0,21.1,S
2021-06-10T11:23:36,200.0,21.1,S
2021-06-10T11:23:09,8500.0,21.15,B
2021-06-10T11:23:03,1000.0,21.1,S
2021-06-10T11:22:49,2200.0,21.1,B
2021-06-10T11:22:26,1000.0,21.05,S
2021-06-10T11:21:52,2500.0,21.1,B
2021-06-10T11:21:49,400.0,21.1,B
2021-06-10T11:21:30,500.0,21.1,B
2021-06-10T11:21:22,3400.0,21.05,S
2021-06-10T11:21:21,1000.0,21.05,S
2021-06-10T11:21:06,200.0,21.1,B
2021-06-10T11:20:41,8000.0,21.05,S
2021-06-10T11:20:41,2000.0,21.1,S
2021-06-10T11:20:25,100.0,21.1,S
2021-06-10T11:20:13,100.0,21.1,S
2021-06-10T11:19:43,2200.0,21.15,S
2021-06-10T11:19:10,1300.0,21.15,S
2021-06-10T11:18:07,100.0,21.2,B
2021-06-10T11:17:53,100.0,21.2,B
2021-06-10T11:17:52,100.0,21.2,B
2021-06-10T11:17:04,1000.0,21.2,B
2021-06-10T11:16:43,200.0,21.2,B
2021-06-10T11:16:36,2100.0,21.15,B
2021-06-10T11:16:17,500.0,21.15,B
2021-06-10T11:16:01,2200.0,21.15,B
2021-06-10T11:15:53,1000.0,21.1,S
2021-06-10T11:15:27,1000.0,21.15,B
2021-06-10T11:15:04,3000.0,21.1,B
2021-06-10T11:14:42,5000.0,21.1,B
2021-06-10T11:14:05,500.0,21.1,B
2021-06-10T11:13:52,500.0,21.0,S
2021-06-10T11:13:41,200.0,21.1,B
2021-06-10T11:13:33,200.0,21.0,S
2021-06-10T11:13:19,5000.0,21.1,B
2021-06-10T11:13:09,1000.0,21.0,S
2021-06-10T11:12:51,300.0,21.0,S
2021-06-10T11:12:29,1900.0,21.0,B
2021-06-10T11:12:22,2000.0,21.0,B
2021-06-10T11:11:39,12000.0,21.0,B
2021-06-10T11:11:33,1500.0,21.0,B
2021-06-10T11:11:20,1700.0,20.95,B
2021-06-10T11:11:19,200.0,20.95,B
2021-06-10T11:11:14,300.0,20.95,B
2021-06-10T11:11:07,200.0,20.95,B
2021-06-10T11:10:12,2300.0,20.9,S
2021-06-10T11:10:12,300.0,20.9,S
2021-06-10T11:10:12,1400.0,20.9,S
2021-06-10T11:09:54,1400.0,20.95,B
2021-06-10T11:09:24,1200.0,20.95,B
2021-06-10T11:08:47,1600.0,20.9,S
2021-06-10T11:08:47,3100.0,20.9,S
2021-06-10T11:08:39,500.0,21.0,B
2021-06-10T11:08:22,200.0,21.0,B
2021-06-10T11:08:20,5000.0,21.0,B
2021-06-10T11:08:10,300.0,21.0,B
2021-06-10T11:07:56,800.0,21.0,B
2021-06-10T11:07:54,100.0,20.95,S
2021-06-10T11:07:44,300.0,21.0,B
2021-06-10T11:07:44,500.0,21.0,B
2021-06-10T11:07:35,5900.0,21.0,B
2021-06-10T11:07:34,100.0,21.0,B
2021-06-10T11:07:33,100.0,21.0,B
2021-06-10T11:07:32,1000.0,21.0,B
2021-06-10T11:07:31,100.0,21.0,B
2021-06-10T11:07:30,700.0,21.0,B
2021-06-10T11:07:30,100.0,21.0,B
2021-06-10T11:07:24,100.0,21.0,B
2021-06-10T11:07:19,500.0,21.0,B
2021-06-10T11:06:54,1800.0,21.0,B
2021-06-10T11:05:54,500.0,21.0,B
2021-06-10T11:05:40,100.0,20.9,S
2021-06-10T11:05:32,1000.0,21.0,B
2021-06-10T11:05:19,400.0,21.0,B
2021-06-10T11:05:04,1000.0,21.0,B
2021-06-10T11:04:49,1400.0,20.85,B
2021-06-10T11:04:29,100.0,20.85,B
2021-06-10T11:04:23,3500.0,20.85,S
2021-06-10T11:03:20,1800.0,20.85,B
2021-06-10T11:03:20,400.0,20.8,S
2021-06-10T11:03:07,500.0,20.85,S
2021-06-10T11:03:07,300.0,20.85,S
2021-06-10T11:02:28,9000.0,20.8,S
2021-06-10T11:02:28,500.0,20.8,S
2021-06-10T11:02:28,500.0,20.8,S
2021-06-10T11:01:49,1000.0,21.0,B
2021-06-10T11:01:45,100.0,20.85,S
2021-06-10T11:01:42,1000.0,20.85,S
2021-06-10T11:01:33,4000.0,20.8,S
2021-06-10T11:01:20,100.0,20.85,S
2021-06-10T11:01:20,200.0,20.85,B
2021-06-10T11:01:14,400.0,20.85,B
2021-06-10T11:01:13,300.0,20.85,B
2021-06-10T11:00:58,1000.0,20.85,B
2021-06-10T11:00:57,200.0,20.85,B
2021-06-10T11:00:44,100.0,20.85,B
2021-06-10T11:00:44,1200.0,20.85,B
2021-06-10T11:00:41,300.0,20.85,B
2021-06-10T11:00:31,200.0,20.85,B
2021-06-10T11:00:24,100.0,20.85,B
2021-06-10T11:00:13,100.0,20.85,B
2021-06-10T11:00:06,100.0,20.85,B
2021-06-10T11:00:02,2700.0,20.8,S
2021-06-10T11:00:02,600.0,20.8,S
2021-06-10T11:00:02,1300.0,20.8,S
2021-06-10T11:00:02,500.0,20.8,S
2021-06-10T11:00:02,3100.0,20.8,S
2021-06-10T11:00:02,100.0,20.8,S
2021-06-10T11:00:02,5000.0,20.8,S
2021-06-10T11:00:02,100.0,20.8,S
2021-06-10T11:00:02,18200.0,20.8,S
2021-06-10T10:59:57,4800.0,20.85,B
2021-06-10T10:59:57,300.0,20.85,B
2021-06-10T10:59:57,1400.0,20.85,B
2021-06-10T10:59:57,3500.0,20.85,B
2021-06-10T10:59:37,10000.0,20.85,B
2021-06-10T10:59:25,8000.0,20.85,B
2021-06-10T10:59:13,300.0,20.85,B
2021-06-10T10:58:59,1100.0,20.85,B
2021-06-10T10:58:58,300.0,20.8,S
2021-06-10T10:58:17,100.0,20.85,B
2021-06-10T10:58:13,5000.0,20.8,S
2021-06-10T10:58:11,3700.0,20.85,B
2021-06-10T10:58:01,500.0,20.85,B
2021-06-10T10:57:59,1000.0,20.8,S
2021-06-10T10:57:47,300.0,20.85,B
2021-06-10T10:57:45,200.0,20.8,S
2021-06-10T10:57:45,1000.0,20.85,B
2021-06-10T10:57:44,5000.0,20.85,B
2021-06-10T10:57:11,10000.0,20.85,B
2021-06-10T10:57:03,500.0,20.85,B
2021-06-10T10:56:58,200.0,20.85,B
2021-06-10T10:56:45,100.0,20.8,S
2021-06-10T10:56:45,1000.0,20.8,S
2021-06-10T10:56:43,200.0,20.85,B
2021-06-10T10:56:08,10000.0,20.85,B
2021-06-10T10:55:33,2000.0,20.85,B
2021-06-10T10:55:29,100.0,20.85,B
2021-06-10T10:54:41,20000.0,20.85,S
2021-06-10T10:54:41,1100.0,20.85,S
2021-06-10T10:54:41,200.0,20.85,S
2021-06-10T10:54:41,300.0,20.85,S
2021-06-10T10:54:41,1300.0,20.9,S
2021-06-10T10:54:35,2000.0,20.9,S
2021-06-10T10:54:15,800.0,20.9,S
2021-06-10T10:54:15,700.0,20.9,S
2021-06-10T10:54:15,700.0,20.9,S
2021-06-10T10:54:15,300.0,20.9,S
2021-06-10T10:54:15,600.0,20.9,S
2021-06-10T10:54:14,3400.0,20.9,S
2021-06-10T10:54:14,6200.0,20.9,S
2021-06-10T10:54:14,1300.0,20.9,S
2021-06-10T10:54:14,4200.0,20.9,S
2021-06-10T10:53:40,100.0,20.9,S
2021-06-10T10:53:38,500.0,20.9,S
2021-06-10T10:53:35,300.0,20.95,S
2021-06-10T10:53:27,3000.0,20.9,S
2021-06-10T10:53:01,1000.0,20.9,S
2021-06-10T10:52:56,100.0,20.9,S
2021-06-10T10:52:43,1000.0,20.9,S
2021-06-10T10:52:29,100.0,20.9,S
2021-06-10T10:52:29,300.0,20.9,S
2021-06-10T10:52:29,1000.0,20.95,S
2021-06-10T10:52:28,600.0,20.95,S
2021-06-10T10:50:49,300.0,20.9,S
2021-06-10T10:50:38,500.0,20.95,S
2021-06-10T10:50:05,3000.0,20.95,S
2021-06-10T10:49:52,500.0,20.95,S
2021-06-10T10:49:09,6400.0,20.95,S
2021-06-10T10:49:09,1100.0,21.0,S
2021-06-10T10:49:09,2500.0,21.0,S
2021-06-10T10:49:05,1000.0,21.0,S
2021-06-10T10:49:05,400.0,21.0,S
2021-06-10T10:49:05,1900.0,21.0,S
2021-06-10T10:49:03,400.0,21.0,S
2021-06-10T10:48:48,9000.0,21.0,S
2021-06-10T10:48:45,300.0,21.0,S
2021-06-10T10:48:41,5100.0,21.0,S
2021-06-10T10:48:41,1500.0,21.0,S
2021-06-10T10:48:40,1200.0,21.0,S
2021-06-10T10:48:40,5900.0,21.0,S
2021-06-10T10:48:40,2000.0,21.0,S
2021-06-10T10:48:40,3100.0,21.0,S
2021-06-10T10:48:40,6200.0,21.0,S
2021-06-10T10:47:54,1000.0,21.0,S
2021-06-10T10:47:50,400.0,21.0,S
2021-06-10T10:47:44,500.0,21.0,S
2021-06-10T10:47:35,5000.0,21.0,S
2021-06-10T10:47:07,1000.0,21.0,S
2021-06-10T10:47:03,1400.0,21.0,S
2021-06-10T10:47:03,18600.0,21.05,S
2021-06-10T10:47:00,5000.0,21.05,S
2021-06-10T10:46:55,2700.0,21.05,S
2021-06-10T10:46:42,4700.0,21.1,B
2021-06-10T10:46:38,5000.0,21.1,B
2021-06-10T10:46:36,5000.0,21.05,S
2021-06-10T10:45:38,10100.0,21.1,S
2021-06-10T10:45:32,2800.0,21.1,S
2021-06-10T10:45:32,100.0,21.1,S
2021-06-10T10:44:53,500.0,21.1,S
2021-06-10T10:44:09,400.0,21.1,S
2021-06-10T10:44:07,100.0,21.1,S
2021-06-10T10:43:42,500.0,21.1,S
2021-06-10T10:43:37,500.0,21.1,S
2021-06-10T10:43:16,500.0,21.1,S
2021-06-10T10:43:04,1000.0,21.1,B
2021-06-10T10:43:03,5900.0,21.1,B
2021-06-10T10:42:52,300.0,21.1,B
2021-06-10T10:42:48,300.0,21.1,B
2021-06-10T10:42:37,200.0,21.1,B
2021-06-10T10:42:33,5000.0,21.1,B
2021-06-10T10:42:25,100.0,21.1,B
2021-06-10T10:42:20,300.0,21.1,B
2021-06-10T10:42:13,100.0,21.1,B
2021-06-10T10:42:05,1000.0,21.1,B
2021-06-10T10:41:58,200.0,21.1,B
2021-06-10T10:41:57,2200.0,21.05,S
2021-06-10T10:41:57,3800.0,21.05,S
2021-06-10T10:41:53,100.0,21.1,B
2021-06-10T10:41:47,300.0,21.1,B
2021-06-10T10:41:46,1000.0,21.1,B
2021-06-10T10:41:40,100.0,21.1,B
2021-06-10T10:41:31,200.0,21.1,B
2021-06-10T10:41:21,300.0,21.1,B
2021-06-10T10:41:13,100.0,21.1,B
2021-06-10T10:41:10,200.0,21.1,B
2021-06-10T10:40:56,600.0,21.05,S
2021-06-10T10:40:54,1000.0,21.05,S
2021-06-10T10:40:41,500.0,21.1,B
2021-06-10T10:40:31,8800.0,21.1,B
2021-06-10T10:40:28,100.0,21.1,B
2021-06-10T10:40:10,1000.0,21.1,B
2021-06-10T10:39:55,1000.0,21.1,B
2021-06-10T10:39:44,3000.0,21.05,S
2021-06-10T10:39:06,500.0,21.1,B
2021-06-10T10:38:57,100.0,21.1,B
2021-06-10T10:38:50,300.0,21.1,B
2021-06-10T10:38:44,2000.0,21.1,B
2021-06-10T10:38:40,100.0,21.1,S
2021-06-10T10:38:35,20000.0,21.05,S
2021-06-10T10:38:14,600.0,21.1,S
2021-06-10T10:37:54,100.0,21.15,B
2021-06-10T10:37:47,1400.0,21.15,B
2021-06-10T10:37:33,17000.0,21.1,S
2021-06-10T10:37:11,2000.0,21.15,B
2021-06-10T10:37:08,100.0,21.15,B
2021-06-10T10:36:55,100.0,21.15,B
2021-06-10T10:35:59,1000.0,21.15,B
2021-06-10T10:35:17,1300.0,21.1,S
2021-06-10T10:35:17,100.0,21.15,B
2021-06-10T10:35:12,1000.0,21.15,B
2021-06-10T10:34:57,1500.0,21.15,B
2021-06-10T10:34:14,1000.0,21.15,B
2021-06-10T10:34:02,100.0,21.15,B
2021-06-10T10:33:48,500.0,21.15,B
2021-06-10T10:33:47,1300.0,21.15,B
2021-06-10T10:33:47,700.0,21.15,B
2021-06-10T10:33:32,100.0,21.15,S
2021-06-10T10:33:30,1000.0,21.15,S
2021-06-10T10:33:30,200.0,21.15,S
2021-06-10T10:33:20,1000.0,21.15,S
2021-06-10T10:33:18,500.0,21.2,B
2021-06-10T10:33:13,2000.0,21.15,S
2021-06-10T10:33:10,300.0,21.2,B
2021-06-10T10:33:02,10000.0,21.2,B
2021-06-10T10:32:54,300.0,21.15,S
2021-06-10T10:32:52,700.0,21.2,B
2021-06-10T10:32:41,2000.0,21.15,S
2021-06-10T10:32:31,2000.0,21.2,B
2021-06-10T10:32:25,500.0,21.15,S
2021-06-10T10:32:01,5000.0,21.2,B
2021-06-10T10:31:46,100.0,21.2,B
2021-06-10T10:31:37,2000.0,21.2,B
2021-06-10T10:31:16,100.0,21.1,S
2021-06-10T10:31:04,200.0,21.2,B
2021-06-10T10:29:58,100.0,21.05,S
2021-06-10T10:29:52,300.0,21.1,B
2021-06-10T10:29:50,800.0,21.1,B
2021-06-10T10:29:49,1000.0,21.1,B
2021-06-10T10:29:33,3800.0,21.1,B
2021-06-10T10:29:03,900.0,21.1,B
2021-06-10T10:28:56,300.0,21.05,B
2021-06-10T10:28:54,200.0,21.05,B
2021-06-10T10:28:51,1000.0,21.05,B
2021-06-10T10:28:38,1000.0,21.05,B
2021-06-10T10:28:35,200.0,21.05,B
2021-06-10T10:28:27,1000.0,21.05,B
2021-06-10T10:28:17,2000.0,21.05,B
2021-06-10T10:28:08,5000.0,21.0,S
2021-06-10T10:27:34,100.0,21.0,S
2021-06-10T10:27:25,500.0,21.05,B
2021-06-10T10:27:22,5700.0,21.0,S
2021-06-10T10:27:22,1000.0,21.0,S
2021-06-10T10:27:22,2800.0,21.0,S
2021-06-10T10:27:22,1500.0,21.0,S
2021-06-10T10:27:09,1000.0,21.0,S
2021-06-10T10:26:46,3000.0,21.0,B
2021-06-10T10:26:40,2100.0,21.0,B
2021-06-10T10:26:31,500.0,21.0,B
2021-06-10T10:26:30,100.0,21.0,B
2021-06-10T10:26:15,500.0,21.0,B
2021-06-10T10:26:01,500.0,21.0,B
2021-06-10T10:25:54,100.0,20.9,S
2021-06-10T10:25:52,900.0,21.0,B
2021-06-10T10:25:52,1100.0,21.0,B
2021-06-10T10:25:52,1000.0,21.0,B
2021-06-10T10:25:52,400.0,21.0,B
2021-06-10T10:25:13,600.0,20.9,S
2021-06-10T10:25:04,100.0,21.0,B
2021-06-10T10:24:50,2000.0,20.9,S
2021-06-10T10:24:31,100.0,20.9,S
2021-06-10T10:24:11,5000.0,21.0,B
2021-06-10T10:23:53,5000.0,20.9,B
2021-06-10T10:23:46,1000.0,20.9,B
2021-06-10T10:23:39,3300.0,21.0,B
2021-06-10T10:23:33,200.0,20.9,B
2021-06-10T10:23:31,5000.0,20.9,B
2021-06-10T10:23:31,200.0,20.9,B
2021-06-10T10:23:29,2000.0,20.85,S
2021-06-10T10:23:24,5500.0,20.9,S
2021-06-10T10:23:24,7700.0,20.9,S
2021-06-10T10:22:49,500.0,21.0,B
2021-06-10T10:22:23,100.0,21.0,B
2021-06-10T10:22:23,5000.0,21.0,B
2021-06-10T10:22:14,1000.0,20.9,S
2021-06-10T10:22:09,500.0,21.0,B
2021-06-10T10:22:04,1000.0,21.0,B
2021-06-10T10:22:04,200.0,20.9,S
2021-06-10T10:22:04,2800.0,20.9,S
2021-06-10T10:21:58,2500.0,21.0,B
2021-06-10T10:21:41,7600.0,21.0,B
2021-06-10T10:21:39,6800.0,20.9,S
2021-06-10T10:21:20,900.0,21.0,B
2021-06-10T10:21:15,15000.0,21.0,B
2021-06-10T10:21:12,5000.0,20.9,S
2021-06-10T10:21:10,200.0,21.0,B
2021-06-10T10:20:57,7000.0,21.0,B
2021-06-10T10:20:53,100.0,21.0,B
2021-06-10T10:20:36,1000.0,21.0,B
2021-06-10T10:20:34,1200.0,20.9,S
2021-06-10T10:20:08,100.0,21.0,B
2021-06-10T10:19:53,1000.0,20.9,S
2021-06-10T10:19:43,5000.0,21.0,B
2021-06-10T10:19:42,200.0,21.0,B
2021-06-10T10:19:38,200.0,21.0,B
2021-06-10T10:19:38,100.0,21.0,B
2021-06-10T10:19:35,5800.0,20.9,S
2021-06-10T10:19:35,100.0,20.9,S
2021-06-10T10:19:35,4100.0,20.9,S
2021-06-10T10:19:29,500.0,21.0,B
2021-06-10T10:19:21,300.0,21.0,B
2021-06-10T10:19:19,3000.0,21.0,B
2021-06-10T10:19:13,1000.0,21.0,S
2021-06-10T10:19:08,11000.0,21.0,S
2021-06-10T10:19:08,8700.0,21.0,S
2021-06-10T10:19:07,600.0,21.05,B
2021-06-10T10:19:05,6000.0,21.05,B
2021-06-10T10:19:04,500.0,21.05,B
2021-06-10T10:18:56,500.0,21.05,B
2021-06-10T10:18:47,13600.0,21.0,S
2021-06-10T10:18:47,3900.0,21.0,S
2021-06-10T10:18:47,500.0,21.0,S
2021-06-10T10:18:47,4300.0,21.0,S
2021-06-10T10:18:47,6300.0,21.0,S
2021-06-10T10:18:47,100.0,21.0,S
2021-06-10T10:18:47,300.0,21.0,S
2021-06-10T10:18:21,100.0,21.05,S
2021-06-10T10:18:21,26100.0,21.05,S
2021-06-10T10:18:19,1800.0,21.15,S
2021-06-10T10:18:17,1200.0,21.1,S
2021-06-10T10:18:14,100.0,21.1,S
2021-06-10T10:18:12,1700.0,21.1,S
2021-06-10T10:18:06,700.0,21.05,S
2021-06-10T10:18:06,6200.0,21.05,S
2021-06-10T10:17:40,1900.0,21.1,S
2021-06-10T10:17:40,1100.0,21.1,S
2021-06-10T10:17:16,1000.0,21.15,S
2021-06-10T10:16:43,100.0,21.2,B
2021-06-10T10:16:08,1000.0,21.1,S
2021-06-10T10:15:55,9300.0,21.2,S
2021-06-10T10:15:50,2000.0,21.25,B
2021-06-10T10:15:14,100.0,21.25,S
2021-06-10T10:15:14,100.0,21.25,S
2021-06-10T10:14:49,900.0,21.25,S
2021-06-10T10:14:41,2000.0,21.25,S
2021-06-10T10:14:29,1000.0,21.3,B
2021-06-10T10:14:26,200.0,21.3,B
2021-06-10T10:14:24,1000.0,21.25,S
2021-06-10T10:13:58,3000.0,21.3,B
2021-06-10T10:13:56,1200.0,21.25,S
2021-06-10T10:13:56,2000.0,21.3,B
2021-06-10T10:13:42,3000.0,21.3,B
2021-06-10T10:12:27,100.0,21.3,B
2021-06-10T10:12:18,2000.0,21.3,B
2021-06-10T10:11:47,1500.0,21.3,B
2021-06-10T10:11:44,100.0,21.3,B
2021-06-10T10:11:43,1000.0,21.3,B
2021-06-10T10:11:40,900.0,21.3,B
2021-06-10T10:11:30,100.0,21.3,B
2021-06-10T10:11:20,5000.0,21.3,S
2021-06-10T10:11:17,6300.0,21.3,S
2021-06-10T10:11:10,1000.0,21.3,S
2021-06-10T10:10:58,1000.0,21.4,B
2021-06-10T10:10:57,500.0,21.35,B
2021-06-10T10:10:51,200.0,21.35,B
2021-06-10T10:10:24,300.0,21.35,B
2021-06-10T10:10:22,100.0,21.35,B
2021-06-10T10:10:21,10000.0,21.3,S
2021-06-10T10:09:59,1000.0,21.35,B
2021-06-10T10:09:52,100.0,21.35,S
2021-06-10T10:09:52,800.0,21.35,S
2021-06-10T10:09:27,100.0,21.35,S
2021-06-10T10:09:25,400.0,21.35,S
2021-06-10T10:09:12,1400.0,21.35,S
2021-06-10T10:09:06,1000.0,21.4,B
2021-06-10T10:09:02,2000.0,21.35,S
2021-06-10T10:08:43,300.0,21.35,S
2021-06-10T10:08:14,100.0,21.4,B
2021-06-10T10:07:57,1000.0,21.4,B
2021-06-10T10:07:45,2300.0,21.4,S
2021-06-10T10:07:39,100.0,21.45,B
2021-06-10T10:07:25,100.0,21.4,B
2021-06-10T10:07:21,800.0,21.4,B
2021-06-10T10:06:59,100.0,21.4,S
2021-06-10T10:06:59,4200.0,21.4,S
2021-06-10T10:06:35,200.0,21.5,B
2021-06-10T10:06:27,100.0,21.5,B
2021-06-10T10:06:22,1000.0,21.4,S
2021-06-10T10:06:21,1000.0,21.4,S
2021-06-10T10:06:12,2000.0,21.5,B
2021-06-10T10:06:11,100.0,21.5,B
2021-06-10T10:06:02,3000.0,21.4,S
2021-06-10T10:05:27,1000.0,21.5,B
2021-06-10T10:05:26,300.0,21.5,B
2021-06-10T10:05:15,2000.0,21.5,B
2021-06-10T10:04:37,200.0,21.5,B
2021-06-10T10:04:29,2000.0,21.5,S
2021-06-10T10:03:58,1800.0,21.55,S
2021-06-10T10:03:44,600.0,21.55,S
2021-06-10T10:03:17,500.0,21.55,B
2021-06-10T10:03:10,800.0,21.6,B
2021-06-10T10:03:10,7200.0,21.6,B
2021-06-10T10:03:09,2000.0,21.55,B
2021-06-10T10:02:59,4500.0,21.55,B
2021-06-10T10:02:59,500.0,21.5,S
2021-06-10T10:02:36,3000.0,21.55,B
2021-06-10T10:02:35,300.0,21.55,B
2021-06-10T10:02:29,200.0,21.4,S
2021-06-10T10:02:27,5400.0,21.55,B
2021-06-10T10:02:27,700.0,21.5,B
2021-06-10T10:02:27,4500.0,21.5,B
2021-06-10T10:02:27,9200.0,21.5,B
2021-06-10T10:02:27,100.0,21.5,B
2021-06-10T10:02:26,2200.0,21.5,B
2021-06-10T10:02:22,100.0,21.5,B
2021-06-10T10:01:54,5500.0,21.4,B
2021-06-10T10:01:37,500.0,21.3,B
2021-06-10T10:01:33,1600.0,21.3,B
2021-06-10T10:01:15,30000.0,21.3,B
2021-06-10T10:01:06,100.0,21.2,S
2021-06-10T10:01:01,1000.0,21.3,B
2021-06-10T10:00:58,2000.0,21.3,B
2021-06-10T10:00:52,500.0,21.2,B
2021-06-10T10:00:52,800.0,21.2,B
2021-06-10T10:00:49,2800.0,21.2,B
2021-06-10T10:00:49,5600.0,21.2,B
2021-06-10T10:00:35,1700.0,21.15,B
2021-06-10T10:00:24,1000.0,21.15,B
2021-06-10T10:00:19,500.0,21.15,B
2021-06-10T10:00:12,100.0,21.1,B
2021-06-10T09:59:51,200.0,21.1,B
2021-06-10T09:59:45,3000.0,21.1,B
2021-06-10T09:59:43,5900.0,21.1,B
2021-06-10T09:59:40,800.0,21.05,B
2021-06-10T09:59:40,11400.0,21.05,B
2021-06-10T09:59:40,3800.0,21.05,B
2021-06-10T09:59:35,300.0,21.1,B
2021-06-10T09:59:29,5000.0,21.1,B
2021-06-10T09:59:26,1000.0,21.05,B
2021-06-10T09:59:25,100.0,21.05,B
2021-06-10T09:59:21,100.0,21.05,B
2021-06-10T09:59:08,1900.0,21.1,B
2021-06-10T09:58:54,7200.0,21.05,B
2021-06-10T09:58:54,100.0,21.05,B
2021-06-10T09:58:54,10400.0,21.05,B
2021-06-10T09:58:50,100.0,21.0,S
2021-06-10T09:58:46,100.0,21.0,B
2021-06-10T09:58:46,300.0,21.0,B
2021-06-10T09:58:12,700.0,21.0,B
2021-06-10T09:58:09,10200.0,21.0,B
2021-06-10T09:57:38,600.0,21.0,B
2021-06-10T09:57:38,2400.0,21.0,B
2021-06-10T09:57:31,100.0,20.9,S
2021-06-10T09:57:31,5100.0,20.9,S
2021-06-10T09:57:30,100.0,21.0,B
2021-06-10T09:57:28,5000.0,21.0,B
2021-06-10T09:57:10,500.0,21.0,B
2021-06-10T09:57:10,9500.0,21.0,B
2021-06-10T09:57:06,100.0,20.9,S
2021-06-10T09:57:01,11700.0,20.8,S
2021-06-10T09:57:01,14700.0,20.8,S
2021-06-10T09:56:50,400.0,20.9,B
2021-06-10T09:56:50,600.0,20.9,B
2021-06-10T09:56:50,10000.0,20.9,B
2021-06-10T09:56:48,2200.0,20.9,B
2021-06-10T09:56:46,15000.0,20.9,B
2021-06-10T09:56:36,1100.0,20.9,B
2021-06-10T09:56:33,1000.0,20.8,S
2021-06-10T09:56:18,3700.0,20.8,S
2021-06-10T09:56:15,1000.0,20.9,B
2021-06-10T09:56:11,200.0,20.9,B
2021-06-10T09:56:10,20000.0,20.9,B
2021-06-10T09:55:31,500.0,20.8,S
2021-06-10T09:55:27,200.0,20.9,B
2021-06-10T09:55:25,1000.0,20.9,B
2021-06-10T09:55:01,600.0,20.8,S
2021-06-10T09:54:55,300.0,20.9,B
2021-06-10T09:54:49,100.0,20.8,S
2021-06-10T09:54:37,3000.0,20.8,S
2021-06-10T09:54:28,3000.0,20.9,S
2021-06-10T09:54:28,500.0,20.8,S
2021-06-10T09:54:28,500.0,20.8,S
2021-06-10T09:54:18,1000.0,20.9,S
2021-06-10T09:54:05,200.0,20.9,S
2021-06-10T09:54:03,1100.0,20.9,S
2021-06-10T09:53:59,1000.0,20.9,S
2021-06-10T09:53:52,200.0,20.8,S
2021-06-10T09:53:52,600.0,20.8,S
2021-06-10T09:53:52,3300.0,20.8,S
2021-06-10T09:53:52,800.0,20.8,S
2021-06-10T09:53:52,4000.0,20.8,S
2021-06-10T09:53:52,5100.0,20.8,S
2021-06-10T09:53:47,500.0,20.9,S
2021-06-10T09:53:35,200.0,20.9,S
2021-06-10T09:53:23,200.0,20.9,S
2021-06-10T09:53:21,1300.0,20.9,S
2021-06-10T09:53:00,500.0,20.9,S
2021-06-10T09:52:52,100.0,21.0,B
2021-06-10T09:52:43,300.0,20.8,S
2021-06-10T09:52:42,100.0,21.0,B
2021-06-10T09:52:42,1100.0,21.0,B
2021-06-10T09:52:40,400.0,20.8,S
2021-06-10T09:52:37,6400.0,20.8,S
2021-06-10T09:52:33,100.0,20.9,S
2021-06-10T09:52:20,1000.0,21.0,B
2021-06-10T09:52:06,1000.0,20.8,S
2021-06-10T09:51:44,1000.0,20.8,S
2021-06-10T09:51:42,100.0,20.95,S
2021-06-10T09:51:37,1000.0,20.8,S
2021-06-10T09:51:30,4000.0,20.8,S
2021-06-10T09:51:08,4000.0,20.8,S
2021-06-10T09:51:01,200.0,20.8,S
2021-06-10T09:51:00,500.0,20.8,S
2021-06-10T09:50:58,100.0,20.9,S
2021-06-10T09:50:55,5700.0,20.8,S
2021-06-10T09:50:49,100.0,20.8,S
2021-06-10T09:50:32,100.0,20.8,S
2021-06-10T09:50:31,700.0,20.8,S
2021-06-10T09:50:17,200.0,20.75,S
2021-06-10T09:50:03,100.0,20.6,S
2021-06-10T09:49:55,5000.0,20.6,S
2021-06-10T09:49:51,1400.0,20.8,S
2021-06-10T09:49:44,400.0,20.6,S
2021-06-10T09:49:44,1200.0,20.6,S
2021-06-10T09:49:44,3700.0,20.6,S
2021-06-10T09:49:44,1100.0,20.7,S
2021-06-10T09:49:41,4000.0,20.7,S
2021-06-10T09:49:40,400.0,20.8,S
2021-06-10T09:49:38,2000.0,20.7,S
2021-06-10T09:49:37,1000.0,20.7,S
2021-06-10T09:49:34,100.0,20.8,S
2021-06-10T09:49:32,100.0,20.8,S
2021-06-10T09:49:32,200.0,20.8,S
2021-06-10T09:49:30,300.0,20.8,S
2021-06-10T09:49:28,100.0,20.8,S
2021-06-10T09:49:20,100.0,20.8,S
2021-06-10T09:49:18,200.0,20.8,S
2021-06-10T09:49:14,100.0,20.8,S
2021-06-10T09:49:14,2000.0,20.8,S
2021-06-10T09:49:08,600.0,20.8,S
2021-06-10T09:49:08,3000.0,20.8,S
2021-06-10T09:49:08,1200.0,20.8,S
2021-06-10T09:49:08,1200.0,20.8,S
2021-06-10T09:49:08,500.0,20.95,S
2021-06-10T09:49:05,10900.0,21.0,S
2021-06-10T09:48:51,400.0,21.0,S
2021-06-10T09:48:42,300.0,20.8,S
2021-06-10T09:48:41,4000.0,21.0,S
2021-06-10T09:48:39,2000.0,21.0,S
2021-06-10T09:48:37,400.0,21.0,S
2021-06-10T09:48:36,100.0,20.8,S
2021-06-10T09:48:36,1100.0,20.8,S
2021-06-10T09:48:36,600.0,20.8,S
2021-06-10T09:48:36,900.0,20.8,S
2021-06-10T09:48:36,1200.0,20.8,S
2021-06-10T09:48:36,6500.0,20.8,S
2021-06-10T09:48:36,1000.0,20.85,S
2021-06-10T09:48:36,600.0,20.9,S
2021-06-10T09:48:36,400.0,20.9,S
2021-06-10T09:48:36,500.0,20.9,S
2021-06-10T09:48:36,7100.0,20.9,S
2021-06-10T09:48:33,1000.0,20.9,S
2021-06-10T09:48:33,2000.0,21.0,S
2021-06-10T09:48:26,1400.0,21.0,S
2021-06-10T09:48:22,1000.0,21.0,S
2021-06-10T09:48:20,500.0,20.95,S
2021-06-10T09:48:19,500.0,21.0,S
2021-06-10T09:48:06,7700.0,21.0,S
2021-06-10T09:47:58,4500.0,21.0,S
2021-06-10T09:47:57,500.0,21.0,S
2021-06-10T09:47:45,100.0,21.0,S
2021-06-10T09:47:41,2000.0,21.0,S
2021-06-10T09:47:39,1200.0,21.0,S
2021-06-10T09:47:33,9100.0,21.0,S
2021-06-10T09:47:32,1000.0,21.0,S
2021-06-10T09:47:28,1900.0,21.0,S
2021-06-10T09:47:27,200.0,21.0,S
2021-06-10T09:47:16,400.0,21.0,S
2021-06-10T09:47:13,3000.0,21.0,S
2021-06-10T09:47:07,2900.0,21.05,S
2021-06-10T09:46:53,1600.0,21.0,S
2021-06-10T09:46:53,200.0,21.0,S
2021-06-10T09:46:53,3400.0,21.0,S
2021-06-10T09:46:53,300.0,21.0,S
2021-06-10T09:46:53,1800.0,21.0,S
2021-06-10T09:46:53,1200.0,21.0,S
2021-06-10T09:46:53,3500.0,21.0,S
2021-06-10T09:46:50,100.0,21.0,S
2021-06-10T09:46:50,1000.0,21.0,S
2021-06-10T09:46:50,2900.0,21.0,S
2021-06-10T09:46:36,2000.0,21.05,S
2021-06-10T09:46:33,3500.0,21.0,S
2021-06-10T09:46:31,5500.0,21.0,S
2021-06-10T09:46:31,400.0,21.0,S
2021-06-10T09:46:31,300.0,21.0,S
2021-06-10T09:46:31,5800.0,21.0,S
2021-06-10T09:46:31,1600.0,21.0,S
2021-06-10T09:46:31,800.0,21.0,S
2021-06-10T09:46:31,17600.0,21.0,S
2021-06-10T09:46:30,500.0,21.05,S
2021-06-10T09:46:28,3000.0,21.0,S
2021-06-10T09:46:23,1000.0,21.0,S
2021-06-10T09:46:22,100.0,21.05,S
2021-06-10T09:46:20,5600.0,21.0,S
2021-06-10T09:46:17,10000.0,21.0,S
2021-06-10T09:46:16,500.0,21.0,S
2021-06-10T09:46:16,9500.0,21.0,S
2021-06-10T09:46:06,1000.0,21.0,S
2021-06-10T09:46:05,100.0,21.05,S
2021-06-10T09:46:05,1000.0,21.0,S
2021-06-10T09:46:05,300.0,21.0,S
2021-06-10T09:46:05,1100.0,21.0,S
2021-06-10T09:46:04,1600.0,21.0,S
2021-06-10T09:46:03,200.0,21.0,S
2021-06-10T09:45:57,1500.0,21.0,S
2021-06-10T09:45:56,5000.0,21.0,S
2021-06-10T09:45:53,200.0,21.0,S
2021-06-10T09:45:47,400.0,21.0,S
2021-06-10T09:45:47,1100.0,21.0,S
2021-06-10T09:45:47,1500.0,21.0,S
2021-06-10T09:45:46,500.0,21.0,S
2021-06-10T09:45:43,500.0,21.0,S
2021-06-10T09:45:35,1600.0,21.0,S
2021-06-10T09:45:34,5400.0,21.0,S
2021-06-10T09:45:33,100.0,21.05,S
2021-06-10T09:45:32,6000.0,21.0,S
2021-06-10T09:45:31,5000.0,21.0,S
2021-06-10T09:45:22,8000.0,21.05,S
2021-06-10T09:45:10,1500.0,21.0,S
2021-06-10T09:45:02,100.0,21.0,S
2021-06-10T09:44:57,4400.0,21.0,S
2021-06-10T09:44:57,3000.0,21.0,S
2021-06-10T09:44:57,8600.0,21.0,S
2021-06-10T09:44:56,3800.0,21.0,S
2021-06-10T09:44:56,1000.0,21.0,S
2021-06-10T09:44:49,900.0,21.0,S
2021-06-10T09:44:43,100.0,21.05,S
2021-06-10T09:44:30,10000.0,21.05,S
2021-06-10T09:44:27,2000.0,21.0,S
2021-06-10T09:44:24,4800.0,21.0,S
2021-06-10T09:44:13,500.0,21.0,S
2021-06-10T09:44:09,100.0,21.05,S
2021-06-10T09:44:00,3700.0,21.05,S
2021-06-10T09:43:58,600.0,21.0,S
2021-06-10T09:43:54,20000.0,21.1,B
2021-06-10T09:43:40,500.0,21.0,S
2021-06-10T09:43:36,100.0,21.05,S
2021-06-10T09:43:24,6100.0,21.05,S
2021-06-10T09:43:24,100.0,21.05,S
2021-06-10T09:43:18,2000.0,21.1,B
2021-06-10T09:43:16,500.0,21.0,S
2021-06-10T09:43:15,500.0,21.05,S
2021-06-10T09:43:08,5000.0,21.0,S
2021-06-10T09:42:55,5000.0,21.1,B
2021-06-10T09:42:49,200.0,21.05,S
2021-06-10T09:42:47,1000.0,21.05,S
2021-06-10T09:42:44,4000.0,21.0,S
2021-06-10T09:42:43,3100.0,21.05,S
2021-06-10T09:42:41,4000.0,21.05,S
2021-06-10T09:42:41,300.0,21.1,B
2021-06-10T09:42:26,2000.0,21.1,B
2021-06-10T09:42:25,1100.0,21.05,S
2021-06-10T09:42:25,1100.0,21.05,S
2021-06-10T09:42:25,700.0,21.05,S
2021-06-10T09:42:12,100.0,21.1,B
2021-06-10T09:42:12,200.0,21.1,B
2021-06-10T09:42:11,1000.0,21.05,S
2021-06-10T09:42:07,400.0,21.05,S
2021-06-10T09:42:05,9000.0,21.05,S
2021-06-10T09:42:04,2000.0,21.05,S
2021-06-10T09:41:55,600.0,21.05,S
2021-06-10T09:41:52,8100.0,21.1,S
2021-06-10T09:41:46,200.0,21.1,S
2021-06-10T09:41:44,500.0,21.05,S
2021-06-10T09:41:33,100.0,21.05,S
2021-06-10T09:41:28,1000.0,21.05,S
2021-06-10T09:41:08,300.0,21.05,S
2021-06-10T09:41:05,300.0,21.05,S
2021-06-10T09:41:03,500.0,21.1,S
2021-06-10T09:40:55,700.0,21.05,S
2021-06-10T09:40:48,100.0,21.0,S
2021-06-10T09:40:48,1000.0,21.0,S
2021-06-10T09:40:38,2500.0,21.05,S
2021-06-10T09:40:38,1000.0,21.05,S
2021-06-10T09:40:38,1100.0,21.05,S
2021-06-10T09:40:38,3300.0,21.05,S
2021-06-10T09:40:38,12300.0,21.05,S
2021-06-10T09:40:26,900.0,21.1,S
2021-06-10T09:40:14,200.0,21.05,S
2021-06-10T09:40:13,1000.0,21.05,S
2021-06-10T09:40:09,10000.0,21.1,S
2021-06-10T09:39:54,1200.0,21.05,S
2021-06-10T09:39:51,1000.0,21.05,S
2021-06-10T09:39:48,1000.0,21.1,S
2021-06-10T09:39:47,100.0,21.1,S
2021-06-10T09:39:40,1000.0,21.05,S
2021-06-10T09:39:36,4300.0,21.1,S
2021-06-10T09:39:33,100.0,21.15,B
2021-06-10T09:39:32,1000.0,21.1,S
2021-06-10T09:39:30,4000.0,21.1,S
2021-06-10T09:39:28,500.0,21.1,S
2021-06-10T09:39:21,1000.0,21.1,S
2021-06-10T09:39:20,500.0,21.1,S
2021-06-10T09:39:16,5000.0,21.1,S
2021-06-10T09:39:05,2000.0,21.1,S
2021-06-10T09:39:03,5500.0,21.1,S
2021-06-10T09:38:40,400.0,21.1,S
2021-06-10T09:38:32,500.0,21.15,B
2021-06-10T09:38:24,2000.0,21.1,S
2021-06-10T09:38:23,1500.0,21.1,S
2021-06-10T09:38:21,400.0,21.1,S
2021-06-10T09:38:19,2000.0,21.1,S
2021-06-10T09:38:17,100.0,21.1,S
2021-06-10T09:38:04,1000.0,21.1,S
2021-06-10T09:38:04,500.0,21.1,S
2021-06-10T09:37:57,300.0,21.1,S
2021-06-10T09:37:56,1000.0,21.1,S
2021-06-10T09:37:48,500.0,21.1,S
2021-06-10T09:37:43,1600.0,21.1,S
2021-06-10T09:37:41,300.0,21.15,B
2021-06-10T09:37:39,700.0,21.1,S
2021-06-10T09:37:39,300.0,21.1,S
2021-06-10T09:37:30,100.0,21.1,S
2021-06-10T09:37:27,600.0,21.1,S
2021-06-10T09:37:25,500.0,21.15,B
2021-06-10T09:37:23,1000.0,21.1,S
2021-06-10T09:37:21,200.0,21.05,S
2021-06-10T09:37:21,100.0,21.05,S
2021-06-10T09:37:11,1800.0,21.15,B
2021-06-10T09:37:11,1200.0,21.1,S
2021-06-10T09:37:06,800.0,21.1,S
2021-06-10T09:37:06,4800.0,21.1,S
2021-06-10T09:37:05,100.0,21.1,S
2021-06-10T09:37:02,15000.0,21.05,S
2021-06-10T09:36:55,1000.0,21.05,S
2021-06-10T09:36:50,100.0,21.05,S
2021-06-10T09:36:46,100.0,21.1,S
2021-06-10T09:36:45,6000.0,21.05,S
2021-06-10T09:36:40,200.0,21.1,S
2021-06-10T09:36:35,1400.0,21.1,S
2021-06-10T09:36:35,1800.0,21.1,S
2021-06-10T09:36:35,400.0,21.1,S
2021-06-10T09:36:35,700.0,21.1,S
2021-06-10T09:36:35,500.0,21.1,S
2021-06-10T09:36:34,300.0,21.1,S
2021-06-10T09:36:33,1000.0,21.1,S
2021-06-10T09:36:32,1100.0,21.15,B
2021-06-10T09:36:31,10000.0,21.1,S
2021-06-10T09:36:28,100.0,21.1,S
2021-06-10T09:36:26,500.0,21.1,S
2021-06-10T09:36:01,500.0,21.1,S
2021-06-10T09:35:59,400.0,21.15,B
2021-06-10T09:35:58,4000.0,21.15,B
2021-06-10T09:35:56,2100.0,21.1,S
2021-06-10T09:35:54,5000.0,21.15,S
2021-06-10T09:35:53,5000.0,21.15,S
2021-06-10T09:35:51,3000.0,21.15,S
2021-06-10T09:35:50,2000.0,21.15,S
2021-06-10T09:35:44,100.0,21.15,S
2021-06-10T09:35:40,100.0,21.15,S
2021-06-10T09:35:34,1000.0,21.15,S
2021-06-10T09:35:23,100.0,21.15,S
2021-06-10T09:35:09,500.0,21.15,S
2021-06-10T09:35:09,5000.0,21.1,S
2021-06-10T09:35:06,5000.0,21.15,S
2021-06-10T09:35:01,100.0,21.15,S
2021-06-10T09:34:47,1000.0,21.15,S
2021-06-10T09:34:46,100.0,21.15,S
2021-06-10T09:34:46,100.0,21.1,S
2021-06-10T09:34:46,1000.0,21.1,S
2021-06-10T09:34:46,900.0,21.1,S
2021-06-10T09:34:45,1700.0,21.1,S
2021-06-10T09:34:45,1400.0,21.1,S
2021-06-10T09:34:45,1000.0,21.1,S
2021-06-10T09:34:44,2900.0,21.1,S
2021-06-10T09:34:42,2000.0,21.2,B
2021-06-10T09:34:32,500.0,21.2,B
2021-06-10T09:34:26,1000.0,21.15,S
2021-06-10T09:34:18,1000.0,21.2,S
2021-06-10T09:34:03,500.0,21.2,S
2021-06-10T09:33:56,600.0,21.2,S
2021-06-10T09:33:39,1700.0,21.2,S
2021-06-10T09:33:38,2000.0,21.2,S
2021-06-10T09:33:36,600.0,21.1,S
2021-06-10T09:33:35,400.0,21.1,S
2021-06-10T09:33:29,10000.0,21.1,S
2021-06-10T09:33:27,700.0,21.2,S
2021-06-10T09:33:14,500.0,21.2,S
2021-06-10T09:33:04,1000.0,21.2,S
2021-06-10T09:33:02,100.0,21.15,S
2021-06-10T09:33:01,1000.0,21.2,S
2021-06-10T09:32:52,200.0,21.2,S
2021-06-10T09:32:52,3400.0,21.2,S
2021-06-10T09:32:45,1000.0,21.2,S
2021-06-10T09:32:45,200.0,21.2,S
2021-06-10T09:32:45,1800.0,21.2,S
2021-06-10T09:32:44,2300.0,21.2,S
2021-06-10T09:32:44,100.0,21.2,S
2021-06-10T09:32:44,400.0,21.2,S
2021-06-10T09:32:44,600.0,21.2,S
2021-06-10T09:32:44,1000.0,21.2,S
2021-06-10T09:32:44,900.0,21.2,S
2021-06-10T09:32:44,2200.0,21.2,S
2021-06-10T09:32:44,200.0,21.2,S
2021-06-10T09:32:43,12300.0,21.2,S
2021-06-10T09:32:30,16100.0,21.2,S
2021-06-10T09:32:18,2000.0,21.3,S
2021-06-10T09:32:16,100.0,21.4,B
2021-06-10T09:32:14,200.0,21.3,S
2021-06-10T09:31:48,900.0,21.2,S
2021-06-10T09:31:41,500.0,21.4,B
2021-06-10T09:31:39,200.0,21.3,S
2021-06-10T09:31:28,7900.0,21.2,S
2021-06-10T09:31:28,3900.0,21.2,S
2021-06-10T09:31:28,7600.0,21.2,S
2021-06-10T09:31:28,4200.0,21.25,S
2021-06-10T09:31:28,200.0,21.25,S
2021-06-10T09:31:28,2500.0,21.3,S
2021-06-10T09:31:28,4600.0,21.3,S
2021-06-10T09:31:28,9200.0,21.3,S
2021-06-10T09:31:28,9900.0,21.3,S
2021-06-10T09:31:27,100.0,21.4,B
2021-06-10T09:31:10,3000.0,21.3,S
2021-06-10T09:30:48,200.0,21.4,B
2021-06-10T09:30:43,1000.0,21.4,B
2021-06-10T09:30:39,1000.0,21.4,B
2021-06-10T09:30:33,1000.0,21.3,S
2021-06-10T09:30:31,200.0,21.4,B
2021-06-10T09:30:21,200.0,21.4,B
2021-06-10T09:30:20,200.0,21.4,B
2021-06-10T09:30:19,1400.0,21.4,B
2021-06-10T09:30:13,1100.0,21.4,B
2021-06-10T09:30:07,200.0,21.4,B
2021-06-10T09:30:07,8800.0,21.4,B
2021-06-10T09:30:05,1000.0,21.4,B
2021-06-10T09:30:02,1000.0,21.4,B
2021-06-10T09:29:55,1000.0,21.35,S
2021-06-10T09:29:28,200.0,21.3,S
2021-06-10T09:29:23,200.0,21.4,B
2021-06-10T09:29:21,100.0,21.4,B
2021-06-10T09:29:14,3000.0,21.3,S
2021-06-10T09:28:45,100.0,21.4,B
2021-06-10T09:28:39,100.0,21.3,S
2021-06-10T09:28:37,200.0,21.35,S
2021-06-10T09:28:13,10000.0,21.3,S
2021-06-10T09:28:10,4000.0,21.3,S
2021-06-10T09:28:03,3000.0,21.4,B
2021-06-10T09:27:43,1000.0,21.4,B
2021-06-10T09:27:43,400.0,21.4,B
2021-06-10T09:27:43,2700.0,21.3,S
2021-06-10T09:27:39,500.0,21.4,B
2021-06-10T09:27:35,100.0,21.3,S
2021-06-10T09:27:28,100.0,21.4,B
2021-06-10T09:27:28,1000.0,21.4,B
2021-06-10T09:27:23,10000.0,21.5,B
2021-06-10T09:27:17,1000.0,21.4,B
2021-06-10T09:27:13,100.0,21.4,B
2021-06-10T09:27:08,500.0,21.4,B
2021-06-10T09:27:00,300.0,21.4,S
2021-06-10T09:26:58,100.0,21.4,S
2021-06-10T09:26:50,100.0,21.4,S
2021-06-10T09:26:45,500.0,21.4,S
2021-06-10T09:26:43,1000.0,21.4,S
2021-06-10T09:26:41,1000.0,21.4,S
2021-06-10T09:26:41,7100.0,21.4,S
2021-06-10T09:26:39,100.0,21.45,S
2021-06-10T09:26:39,500.0,21.5,S
2021-06-10T09:26:38,100.0,21.5,S
2021-06-10T09:26:37,300.0,21.5,S
2021-06-10T09:26:35,100.0,21.45,S
2021-06-10T09:26:34,20000.0,21.5,S
2021-06-10T09:26:16,300.0,21.5,S
2021-06-10T09:26:05,1200.0,21.45,S
2021-06-10T09:26:05,200.0,21.4,S
2021-06-10T09:26:02,1000.0,21.4,S
2021-06-10T09:25:42,200.0,21.4,S
2021-06-10T09:25:37,1000.0,21.45,S
2021-06-10T09:25:18,400.0,21.45,S
2021-06-10T09:25:17,1000.0,21.5,S
2021-06-10T09:25:13,100.0,21.5,S
2021-06-10T09:25:09,3000.0,21.5,S
2021-06-10T09:25:00,800.0,21.5,S
2021-06-10T09:25:00,2000.0,21.5,S
2021-06-10T09:25:00,400.0,21.5,S
2021-06-10T09:25:00,1700.0,21.5,S
2021-06-10T09:24:59,300.0,21.5,S
2021-06-10T09:24:57,1000.0,21.5,S
2021-06-10T09:24:33,10000.0,21.5,S
2021-06-10T09:24:22,3000.0,21.55,S
2021-06-10T09:24:19,1000.0,21.55,S
2021-06-10T09:24:15,2000.0,21.55,S
2021-06-10T09:24:08,2000.0,21.55,S
2021-06-10T09:24:05,2800.0,21.5,S
2021-06-10T09:24:05,6600.0,21.5,S
2021-06-10T09:24:05,10600.0,21.55,S
2021-06-10T09:24:03,4700.0,21.6,B
2021-06-10T09:23:42,800.0,21.55,S
2021-06-10T09:23:30,500.0,21.55,S
2021-06-10T09:23:07,400.0,21.6,S
2021-06-10T09:23:03,300.0,21.6,S
2021-06-10T09:22:55,100.0,21.55,S
2021-06-10T09:22:52,300.0,21.6,S
2021-06-10T09:22:52,600.0,21.6,S
2021-06-10T09:22:23,100.0,21.6,S
2021-06-10T09:21:15,10000.0,21.5,S
2021-06-10T09:21:15,500.0,21.55,S
2021-06-10T09:20:54,500.0,21.5,S
2021-06-10T09:20:49,4000.0,21.5,S
2021-06-10T09:20:45,600.0,21.5,S
2021-06-10T09:20:40,400.0,21.5,S
2021-06-10T09:20:26,500.0,21.5,S
2021-06-10T09:20:16,400.0,21.5,S
2021-06-10T09:19:54,100.0,21.5,S
2021-06-10T09:19:35,200.0,21.5,S
2021-06-10T09:19:18,3000.0,21.5,S
2021-06-10T09:19:12,1300.0,21.3,S
2021-06-10T09:19:12,1000.0,21.3,S
2021-06-10T09:19:12,1700.0,21.5,S
2021-06-10T09:18:53,100.0,21.5,S
2021-06-10T09:18:53,200.0,21.5,S
2021-06-10T09:18:29,2000.0,21.5,B
2021-06-10T09:18:23,1000.0,21.3,S
2021-06-10T09:18:21,2600.0,21.3,S
2021-06-10T09:18:21,1400.0,21.3,S
2021-06-10T09:18:13,100.0,21.3,S
2021-06-10T09:18:13,900.0,21.3,S
2021-06-10T09:18:07,100.0,21.3,S
2021-06-10T09:18:04,1000.0,21.3,S
2021-06-10T09:17:58,1900.0,21.3,S
2021-06-10T09:17:48,300.0,21.3,B
2021-06-10T09:17:46,1500.0,21.3,B
2021-06-10T09:17:41,100.0,21.3,B
2021-06-10T09:17:41,500.0,21.3,B
2021-06-10T09:17:40,1000.0,21.3,B
2021-06-10T09:17:22,100.0,21.3,B
2021-06-10T09:17:13,800.0,21.3,B
2021-06-10T09:17:11,1000.0,21.2,S
2021-06-10T09:17:07,200.0,21.3,B
2021-06-10T09:17:04,1000.0,21.3,B
2021-06-10T09:16:57,800.0,21.3,B
2021-06-10T09:16:54,100.0,21.3,B
2021-06-10T09:16:49,1000.0,21.1,S
2021-06-10T09:16:41,1000.0,21.3,B
2021-06-10T09:16:31,500.0,21.1,S
2021-06-10T09:16:30,400.0,21.1,S
2021-06-10T09:16:23,100.0,21.1,S
2021-06-10T09:16:12,900.0,21.1,S
2021-06-10T09:16:07,300.0,21.1,S
2021-06-10T09:15:59,1200.0,21.1,B
2021-06-10T09:15:55,8800.0,21.1,S
2021-06-10T09:15:53,200.0,21.1,S
2021-06-10T09:15:43,100.0,21.1,S
