tradingTime,volume,price,side
2021-06-10T14:29:48,100.0,96.8,B
2021-06-10T14:28:49,100.0,96.8,B
2021-06-10T14:28:11,2000.0,95.9,S
2021-06-10T14:28:04,100.0,95.9,S
2021-06-10T14:27:38,1900.0,95.9,S
2021-06-10T14:27:26,200.0,96.0,B
2021-06-10T14:26:51,100.0,95.9,S
2021-06-10T14:26:28,100.0,96.0,S
2021-06-10T14:26:28,600.0,96.0,S
2021-06-10T14:24:46,100.0,96.1,S
2021-06-10T14:24:46,2000.0,96.1,S
2021-06-10T14:23:37,200.0,96.2,S
2021-06-10T14:23:21,100.0,96.2,S
2021-06-10T14:22:22,100.0,96.7,S
2021-06-10T14:21:43,200.0,96.8,B
2021-06-10T14:18:23,400.0,96.8,B
2021-06-10T14:17:50,100.0,96.1,S
2021-06-10T14:17:04,100.0,96.1,S
2021-06-10T14:12:40,100.0,96.1,S
2021-06-10T14:09:25,100.0,96.8,B
2021-06-10T14:08:23,200.0,96.9,B
2021-06-10T14:08:06,300.0,97.0,B
2021-06-10T14:05:50,400.0,97.0,B
2021-06-10T14:04:45,100.0,96.1,S
2021-06-10T14:04:31,400.0,97.0,B
2021-06-10T14:03:42,400.0,97.0,B
2021-06-10T14:03:11,100.0,96.0,S
2021-06-10T14:02:55,400.0,97.0,B
2021-06-10T14:02:09,400.0,97.0,B
2021-06-10T14:01:15,400.0,97.0,B
2021-06-10T14:01:12,8000.0,96.0,S
2021-06-10T14:00:11,400.0,97.0,B
2021-06-10T13:59:51,200.0,96.0,S
2021-06-10T13:59:06,100.0,96.0,B
2021-06-10T13:59:05,300.0,96.0,B
2021-06-10T13:58:45,1000.0,96.0,B
2021-06-10T13:58:25,500.0,96.0,B
2021-06-10T13:58:07,400.0,96.0,B
2021-06-10T13:57:45,300.0,96.0,S
2021-06-10T13:57:39,400.0,97.0,B
2021-06-10T13:54:10,100.0,96.0,S
2021-06-10T13:49:21,400.0,97.0,B
2021-06-10T13:48:53,1000.0,95.9,S
2021-06-10T13:48:49,700.0,96.9,S
2021-06-10T13:47:04,400.0,97.0,B
2021-06-10T13:47:03,100.0,96.9,S
2021-06-10T13:46:55,200.0,96.9,B
2021-06-10T13:46:40,400.0,96.9,B
2021-06-10T13:44:35,400.0,97.0,B
2021-06-10T13:43:24,400.0,97.0,B
2021-06-10T13:43:07,4600.0,97.0,B
2021-06-10T13:42:41,400.0,97.0,B
2021-06-10T13:42:00,400.0,96.6,B
2021-06-10T13:41:42,400.0,96.6,B
2021-06-10T13:41:04,400.0,96.6,B
2021-06-10T13:39:21,400.0,96.6,B
2021-06-10T13:34:07,1400.0,97.0,B
2021-06-10T13:33:07,200.0,97.0,B
2021-06-10T13:33:07,200.0,97.0,B
2021-06-10T13:32:38,100.0,96.6,S
2021-06-10T13:29:55,100.0,96.6,S
2021-06-10T13:29:44,400.0,96.6,S
2021-06-10T13:28:43,100.0,97.0,S
2021-06-10T13:28:41,400.0,97.3,B
2021-06-10T13:28:08,100.0,97.0,S
2021-06-10T13:28:06,3600.0,97.0,B
2021-06-10T13:27:59,400.0,97.0,B
2021-06-10T13:27:55,400.0,97.0,B
2021-06-10T13:27:19,800.0,97.0,B
2021-06-10T13:26:53,400.0,97.0,B
2021-06-10T13:25:40,400.0,97.0,B
2021-06-10T13:25:17,500.0,96.6,B
2021-06-10T13:24:52,400.0,96.6,B
2021-06-10T13:24:12,600.0,96.0,S
2021-06-10T13:24:07,3500.0,96.6,B
2021-06-10T13:23:55,400.0,96.6,B
2021-06-10T13:23:47,100.0,95.8,S
2021-06-10T13:23:08,1400.0,95.8,B
2021-06-10T13:22:48,400.0,95.8,B
2021-06-10T13:22:42,100.0,95.5,B
2021-06-10T13:21:43,400.0,95.4,B
2021-06-10T13:21:37,400.0,95.4,B
2021-06-10T13:19:39,200.0,95.3,B
2021-06-10T13:16:27,200.0,95.1,S
2021-06-10T13:15:39,200.0,95.1,S
2021-06-10T13:14:59,4000.0,95.0,S
2021-06-10T13:14:24,200.0,95.1,S
2021-06-10T13:14:23,100.0,95.2,S
2021-06-10T13:13:30,200.0,95.2,S
2021-06-10T13:13:30,1000.0,95.1,S
2021-06-10T13:13:10,100.0,95.2,S
2021-06-10T13:12:40,9600.0,95.2,S
2021-06-10T13:12:18,1600.0,95.2,S
2021-06-10T13:12:18,2100.0,95.2,S
2021-06-10T13:12:18,600.0,95.2,S
2021-06-10T13:12:18,1000.0,95.2,S
2021-06-10T13:12:17,4700.0,95.2,S
2021-06-10T13:12:12,6000.0,95.2,S
2021-06-10T13:11:22,1500.0,95.3,S
2021-06-10T13:10:56,2500.0,95.3,S
2021-06-10T13:10:56,1100.0,95.3,S
2021-06-10T13:10:56,200.0,95.3,S
2021-06-10T13:10:56,200.0,95.3,S
2021-06-10T13:10:47,100.0,95.4,S
2021-06-10T13:09:57,400.0,95.4,S
2021-06-10T13:09:14,400.0,95.5,B
2021-06-10T13:08:36,400.0,95.6,B
2021-06-10T13:08:33,100.0,95.4,S
2021-06-10T13:07:40,2700.0,95.5,S
2021-06-10T13:07:05,500.0,95.5,S
2021-06-10T13:05:52,2000.0,95.6,S
2021-06-10T13:04:51,2100.0,95.7,S
2021-06-10T13:03:43,500.0,95.8,B
2021-06-10T13:03:32,100.0,95.8,B
2021-06-10T13:02:58,300.0,95.8,S
2021-06-10T13:02:58,1100.0,95.8,S
2021-06-10T13:02:41,500.0,95.8,S
2021-06-10T13:02:38,200.0,95.8,S
2021-06-10T13:02:38,300.0,95.8,S
2021-06-10T13:02:14,500.0,95.8,S
2021-06-10T13:02:03,500.0,95.8,S
2021-06-10T13:01:29,500.0,95.8,S
2021-06-10T13:01:20,500.0,95.9,S
2021-06-10T13:00:31,500.0,95.8,S
2021-06-10T13:00:31,200.0,95.9,S
2021-06-10T13:00:30,200.0,96.6,B
2021-06-10T13:00:24,100.0,95.9,S
2021-06-10T11:30:11,500.0,95.8,S
2021-06-10T11:30:05,500.0,95.8,S
2021-06-10T11:29:26,500.0,95.9,S
2021-06-10T11:28:57,1200.0,95.9,S
2021-06-10T11:28:57,5200.0,95.9,S
2021-06-10T11:28:57,400.0,96.0,S
2021-06-10T11:28:57,100.0,96.0,S
2021-06-10T11:28:57,100.0,96.0,S
2021-06-10T11:28:57,1000.0,96.0,S
2021-06-10T11:28:11,100.0,96.0,S
2021-06-10T11:24:43,1100.0,96.0,S
2021-06-10T11:24:43,400.0,96.1,S
2021-06-10T11:22:56,800.0,96.0,S
2021-06-10T11:22:45,6100.0,96.6,S
2021-06-10T11:22:32,5000.0,96.6,S
2021-06-10T11:21:06,100.0,96.6,S
2021-06-10T11:18:02,200.0,97.3,B
2021-06-10T11:17:27,400.0,97.3,B
2021-06-10T11:16:02,100.0,97.3,S
2021-06-10T11:15:14,1000.0,97.3,B
2021-06-10T11:15:14,400.0,97.0,B
2021-06-10T11:14:20,400.0,97.0,B
2021-06-10T11:14:03,1300.0,97.0,B
2021-06-10T11:13:58,100.0,96.0,S
2021-06-10T11:13:55,100.0,97.0,B
2021-06-10T11:13:24,2600.0,97.0,B
2021-06-10T11:11:37,100.0,96.0,B
2021-06-10T11:11:19,2000.0,96.0,B
2021-06-10T11:08:20,200.0,95.8,S
2021-06-10T11:08:19,200.0,95.9,S
2021-06-10T11:06:53,100.0,95.8,S
2021-06-10T11:05:26,200.0,95.8,S
2021-06-10T11:05:21,2000.0,96.0,B
2021-06-10T11:04:34,4500.0,95.8,B
2021-06-10T11:04:08,500.0,95.8,B
2021-06-10T10:59:57,100.0,95.3,S
2021-06-10T10:58:46,500.0,95.3,S
2021-06-10T10:55:59,1200.0,95.2,S
2021-06-10T10:55:59,1100.0,95.4,S
2021-06-10T10:55:59,300.0,95.5,S
2021-06-10T10:55:59,700.0,95.6,S
2021-06-10T10:55:59,700.0,95.8,S
2021-06-10T10:55:59,1000.0,95.8,S
2021-06-10T10:55:47,2600.0,96.0,S
2021-06-10T10:55:34,400.0,96.0,S
2021-06-10T10:52:48,100.0,96.0,S
2021-06-10T10:52:40,300.0,96.0,S
2021-06-10T10:52:40,600.0,96.0,S
2021-06-10T10:52:40,1000.0,96.0,S
2021-06-10T10:52:40,3100.0,96.0,S
2021-06-10T10:52:39,500.0,96.0,S
2021-06-10T10:52:36,1500.0,96.0,S
2021-06-10T10:52:34,500.0,96.0,S
2021-06-10T10:52:25,500.0,96.0,S
2021-06-10T10:52:11,500.0,96.0,S
2021-06-10T10:52:00,500.0,96.0,S
2021-06-10T10:51:19,300.0,96.3,S
2021-06-10T10:51:00,400.0,96.3,S
2021-06-10T10:47:17,300.0,96.3,S
2021-06-10T10:46:59,200.0,96.3,S
2021-06-10T10:46:03,100.0,96.4,S
2021-06-10T10:45:39,100.0,96.4,S
2021-06-10T10:43:06,100.0,96.5,B
2021-06-10T10:42:49,100.0,96.4,S
2021-06-10T10:42:49,400.0,96.4,S
2021-06-10T10:42:04,200.0,96.5,S
2021-06-10T10:42:03,100.0,96.5,S
2021-06-10T10:42:03,600.0,96.5,S
2021-06-10T10:42:03,100.0,96.5,S
2021-06-10T10:42:03,700.0,96.5,S
2021-06-10T10:42:03,1000.0,96.5,S
2021-06-10T10:40:30,100.0,96.6,S
2021-06-10T10:38:57,100.0,96.6,S
2021-06-10T10:38:31,100.0,96.6,S
2021-06-10T10:37:27,100.0,96.6,S
2021-06-10T10:37:26,400.0,96.6,S
2021-06-10T10:36:46,200.0,96.6,S
2021-06-10T10:33:44,200.0,96.6,S
2021-06-10T10:33:41,2000.0,97.0,B
2021-06-10T10:33:30,1000.0,97.0,B
2021-06-10T10:32:25,1000.0,97.0,B
2021-06-10T10:32:11,1600.0,96.6,S
2021-06-10T10:32:11,3400.0,96.6,S
2021-06-10T10:32:08,200.0,96.7,B
2021-06-10T10:31:39,100.0,96.7,B
2021-06-10T10:31:26,100.0,96.6,S
2021-06-10T10:30:32,100.0,96.7,B
2021-06-10T10:30:25,500.0,96.7,B
2021-06-10T10:29:39,100.0,96.7,B
2021-06-10T10:29:15,200.0,96.7,B
2021-06-10T10:28:32,300.0,96.7,B
2021-06-10T10:28:04,1700.0,96.7,B
2021-06-10T10:26:06,100.0,96.7,B
2021-06-10T10:25:51,100.0,96.6,S
2021-06-10T10:25:38,200.0,96.6,S
2021-06-10T10:24:26,500.0,96.6,S
2021-06-10T10:24:24,100.0,96.6,S
2021-06-10T10:23:06,800.0,96.6,S
2021-06-10T10:21:37,100.0,96.7,B
2021-06-10T10:20:49,100.0,96.7,B
2021-06-10T10:18:09,100.0,96.7,B
2021-06-10T10:18:07,300.0,96.7,B
2021-06-10T10:17:16,100.0,96.6,S
2021-06-10T10:15:50,200.0,96.7,B
2021-06-10T10:14:59,1000.0,96.7,S
2021-06-10T10:13:56,500.0,96.7,S
2021-06-10T10:10:15,100.0,96.7,S
2021-06-10T10:09:19,2100.0,97.0,S
2021-06-10T10:08:56,300.0,97.0,S
2021-06-10T10:06:46,2700.0,97.0,B
2021-06-10T10:04:09,100.0,96.7,S
2021-06-10T10:03:48,100.0,96.7,S
2021-06-10T10:03:11,100.0,96.7,S
2021-06-10T10:03:09,100.0,96.7,S
2021-06-10T10:01:23,300.0,96.7,B
2021-06-10T10:00:55,100.0,96.7,B
2021-06-10T09:58:46,3000.0,96.7,S
2021-06-10T09:58:46,2600.0,96.7,S
2021-06-10T09:57:42,600.0,96.7,S
2021-06-10T09:56:10,100.0,96.7,B
2021-06-10T09:56:03,2000.0,97.0,B
2021-06-10T09:55:11,100.0,96.7,B
2021-06-10T09:55:08,300.0,96.6,S
2021-06-10T09:54:42,500.0,96.6,S
2021-06-10T09:54:08,100.0,96.6,S
2021-06-10T09:54:07,500.0,96.6,S
2021-06-10T09:53:02,100.0,96.6,S
2021-06-10T09:52:51,4400.0,96.6,S
2021-06-10T09:52:40,1000.0,96.6,S
2021-06-10T09:52:26,1000.0,96.6,S
2021-06-10T09:52:20,200.0,96.7,B
2021-06-10T09:51:32,200.0,96.6,S
2021-06-10T09:50:46,100.0,96.6,S
2021-06-10T09:50:40,300.0,96.6,S
2021-06-10T09:50:19,200.0,96.6,S
2021-06-10T09:50:03,500.0,96.6,S
2021-06-10T09:49:52,200.0,96.6,S
2021-06-10T09:49:23,1000.0,96.6,S
2021-06-10T09:49:15,100.0,96.6,S
2021-06-10T09:48:50,100.0,96.6,S
2021-06-10T09:48:39,500.0,96.6,S
2021-06-10T09:48:36,500.0,96.6,S
2021-06-10T09:47:25,1200.0,96.6,S
2021-06-10T09:46:54,200.0,96.7,S
2021-06-10T09:45:45,600.0,96.7,S
2021-06-10T09:45:19,300.0,96.7,S
2021-06-10T09:44:29,1700.0,96.7,S
2021-06-10T09:44:03,500.0,96.7,S
2021-06-10T09:43:48,500.0,96.7,S
2021-06-10T09:43:44,500.0,96.7,S
2021-06-10T09:43:44,1000.0,96.7,S
2021-06-10T09:43:44,600.0,96.7,S
2021-06-10T09:43:44,1000.0,96.7,S
2021-06-10T09:43:44,600.0,96.7,S
2021-06-10T09:43:31,200.0,96.7,S
2021-06-10T09:43:31,300.0,96.7,S
2021-06-10T09:43:19,500.0,96.7,S
2021-06-10T09:43:18,300.0,97.0,B
2021-06-10T09:42:06,100.0,96.7,S
2021-06-10T09:41:40,300.0,96.7,S
2021-06-10T09:39:04,2000.0,97.7,B
2021-06-10T09:38:22,1200.0,97.0,B
2021-06-10T09:38:22,300.0,97.0,B
2021-06-10T09:38:21,500.0,96.9,S
2021-06-10T09:37:49,100.0,96.7,S
2021-06-10T09:37:35,2400.0,97.0,B
2021-06-10T09:37:21,1000.0,96.7,S
2021-06-10T09:35:43,100.0,96.7,S
2021-06-10T09:35:43,600.0,96.7,S
2021-06-10T09:35:43,4300.0,96.7,S
2021-06-10T09:32:54,200.0,97.0,B
2021-06-10T09:32:52,100.0,97.0,B
2021-06-10T09:32:35,100.0,97.0,B
2021-06-10T09:32:04,300.0,97.0,B
2021-06-10T09:32:03,100.0,96.7,S
2021-06-10T09:31:06,200.0,97.0,S
2021-06-10T09:31:06,100.0,97.0,S
2021-06-10T09:30:58,700.0,97.0,S
2021-06-10T09:30:54,1000.0,97.0,S
2021-06-10T09:30:24,500.0,97.0,S
2021-06-10T09:29:56,100.0,97.0,S
2021-06-10T09:28:52,200.0,97.0,S
2021-06-10T09:27:35,500.0,96.7,S
2021-06-10T09:26:23,100.0,97.7,S
2021-06-10T09:24:04,500.0,96.7,S
2021-06-10T09:23:26,100.0,96.7,S
2021-06-10T09:22:58,100.0,96.7,S
2021-06-10T09:22:58,100.0,96.7,S
2021-06-10T09:21:53,100.0,96.7,S
2021-06-10T09:20:16,100.0,97.8,B
2021-06-10T09:20:11,100.0,97.8,B
2021-06-10T09:19:57,500.0,97.8,B
2021-06-10T09:19:46,2500.0,97.8,B
2021-06-10T09:18:39,100.0,97.8,B
2021-06-10T09:18:22,300.0,97.8,B
2021-06-10T09:17:36,500.0,97.8,B
2021-06-10T09:17:12,100.0,96.5,S
