tradingTime,volume,price,side
2021-06-10T14:29:56,100.0,30.8,S
2021-06-10T14:29:54,1000000.0,31.2,B
2021-06-10T14:29:48,1000.0,30.8,B
2021-06-10T14:29:47,1000.0,30.7,S
2021-06-10T14:29:47,500.0,30.8,B
2021-06-10T14:29:46,17500.0,30.8,S
2021-06-10T14:29:45,3000.0,30.8,S
2021-06-10T14:29:42,7000.0,30.8,S
2021-06-10T14:29:41,48500.0,30.9,B
2021-06-10T14:29:39,200.0,30.8,S
2021-06-10T14:29:38,100.0,30.8,S
2021-06-10T14:29:30,10000.0,30.8,S
2021-06-10T14:29:29,5000.0,30.9,B
2021-06-10T14:29:29,200.0,30.9,B
2021-06-10T14:29:28,200.0,30.9,B
2021-06-10T14:29:23,800.0,30.9,B
2021-06-10T14:29:21,38100.0,30.9,S
2021-06-10T14:29:16,250200.0,30.9,S
2021-06-10T14:29:15,1500.0,30.9,S
2021-06-10T14:29:14,5000.0,30.9,S
2021-06-10T14:29:13,500.0,30.9,S
2021-06-10T14:29:09,3000.0,30.9,S
2021-06-10T14:29:07,10000.0,30.9,S
2021-06-10T14:29:02,700.0,30.9,S
2021-06-10T14:29:02,200000.0,31.0,B
2021-06-10T14:29:00,500.0,30.9,S
2021-06-10T14:28:51,300.0,30.9,S
2021-06-10T14:28:51,3200.0,30.9,S
2021-06-10T14:28:49,38000.0,30.9,B
2021-06-10T14:28:47,200.0,30.8,S
2021-06-10T14:28:41,500.0,30.8,S
2021-06-10T14:28:40,2000.0,30.8,S
2021-06-10T14:28:39,91000.0,30.9,B
2021-06-10T14:28:38,500.0,30.8,S
2021-06-10T14:28:38,4000.0,30.8,S
2021-06-10T14:28:36,22000.0,30.9,B
2021-06-10T14:28:35,11600.0,30.8,S
2021-06-10T14:28:32,100000.0,30.9,B
2021-06-10T14:28:30,10000.0,30.8,S
2021-06-10T14:28:28,2000.0,30.8,S
2021-06-10T14:28:25,1000.0,30.8,S
2021-06-10T14:28:23,1000.0,30.8,S
2021-06-10T14:28:21,1400.0,30.8,B
2021-06-10T14:28:06,100000.0,30.8,B
2021-06-10T14:27:59,1100.0,30.8,B
2021-06-10T14:27:59,1000.0,30.7,S
2021-06-10T14:27:56,1000.0,30.7,S
2021-06-10T14:27:53,43400.0,30.8,B
2021-06-10T14:27:53,7400.0,30.8,B
2021-06-10T14:27:50,400.0,30.7,S
2021-06-10T14:27:42,500.0,30.7,S
2021-06-10T14:27:42,16400.0,30.8,B
2021-06-10T14:27:41,52100.0,30.8,B
2021-06-10T14:27:38,2000.0,30.7,S
2021-06-10T14:27:36,1000.0,30.7,S
2021-06-10T14:27:34,500.0,30.7,S
2021-06-10T14:27:33,200.0,30.7,S
2021-06-10T14:27:32,3000.0,30.7,S
2021-06-10T14:27:30,3800.0,30.7,S
2021-06-10T14:27:30,3000.0,30.7,S
2021-06-10T14:27:25,100.0,30.7,S
2021-06-10T14:27:25,200000.0,30.8,B
2021-06-10T14:27:24,2000.0,30.7,S
2021-06-10T14:27:24,100.0,30.7,S
2021-06-10T14:27:16,500.0,30.7,S
2021-06-10T14:27:13,38300.0,30.7,B
2021-06-10T14:27:08,400.0,30.6,S
2021-06-10T14:27:01,300.0,30.6,S
2021-06-10T14:26:59,21000.0,30.6,S
2021-06-10T14:26:58,1000.0,30.6,S
2021-06-10T14:26:57,500.0,30.6,S
2021-06-10T14:26:54,68500.0,30.7,B
2021-06-10T14:26:53,800.0,30.6,S
2021-06-10T14:26:46,5500.0,30.6,S
2021-06-10T14:26:43,100000.0,30.7,B
2021-06-10T14:26:42,2000.0,30.6,S
2021-06-10T14:26:33,500.0,30.6,S
2021-06-10T14:26:29,1200.0,30.6,S
2021-06-10T14:26:29,200.0,30.6,S
2021-06-10T14:26:29,120000.0,30.6,B
2021-06-10T14:26:18,600.0,30.6,B
2021-06-10T14:26:15,100000.0,30.6,B
2021-06-10T14:26:03,200.0,30.5,S
2021-06-10T14:25:53,300.0,30.5,S
2021-06-10T14:25:41,4100.0,30.6,B
2021-06-10T14:25:17,500.0,30.6,B
2021-06-10T14:25:12,50000.0,30.6,B
2021-06-10T14:24:48,3000.0,30.5,S
2021-06-10T14:24:44,13500.0,30.6,B
2021-06-10T14:24:40,600.0,30.5,S
2021-06-10T14:24:34,100.0,30.5,S
2021-06-10T14:24:32,20000.0,30.6,B
2021-06-10T14:24:31,200.0,30.5,S
2021-06-10T14:24:20,19500.0,30.5,S
2021-06-10T14:24:14,300.0,30.5,S
2021-06-10T14:24:10,5000.0,30.6,B
2021-06-10T14:24:08,300.0,30.5,S
2021-06-10T14:23:59,2000.0,30.6,B
2021-06-10T14:23:55,12800.0,30.6,B
2021-06-10T14:23:51,3000.0,30.6,B
2021-06-10T14:23:50,3000.0,30.6,B
2021-06-10T14:23:49,1500.0,30.6,B
2021-06-10T14:23:47,600.0,30.5,S
2021-06-10T14:23:43,300.0,30.6,B
2021-06-10T14:23:37,19000.0,30.6,S
2021-06-10T14:23:35,100.0,30.6,S
2021-06-10T14:23:28,3000.0,30.6,S
2021-06-10T14:23:28,100.0,30.6,S
2021-06-10T14:23:26,2000.0,30.6,S
2021-06-10T14:23:25,1000.0,30.6,S
2021-06-10T14:23:23,200.0,30.6,S
2021-06-10T14:23:23,1000.0,30.6,S
2021-06-10T14:23:22,500.0,30.6,S
2021-06-10T14:23:21,1000.0,30.6,S
2021-06-10T14:23:17,1500.0,30.6,S
2021-06-10T14:23:11,1500.0,30.6,S
2021-06-10T14:22:54,600.0,30.6,S
2021-06-10T14:22:52,600.0,30.6,S
2021-06-10T14:22:50,100000.0,30.6,S
2021-06-10T14:22:46,3000.0,30.6,S
2021-06-10T14:22:45,2000.0,30.6,S
2021-06-10T14:22:42,100.0,30.6,S
2021-06-10T14:22:37,100.0,30.6,S
2021-06-10T14:22:37,500.0,30.6,S
2021-06-10T14:22:35,100.0,30.6,S
2021-06-10T14:22:32,100.0,30.6,S
2021-06-10T14:22:22,5000.0,30.6,S
2021-06-10T14:22:20,700.0,30.6,S
2021-06-10T14:22:16,300.0,30.6,S
2021-06-10T14:22:13,38100.0,30.6,S
2021-06-10T14:22:09,600.0,30.6,S
2021-06-10T14:22:00,200.0,30.6,S
2021-06-10T14:21:57,100.0,30.6,S
2021-06-10T14:21:54,51600.0,30.6,S
2021-06-10T14:21:52,4000.0,30.6,S
2021-06-10T14:21:49,2000.0,30.6,S
2021-06-10T14:21:38,100.0,30.6,S
2021-06-10T14:21:38,100.0,30.6,S
2021-06-10T14:21:19,10000.0,30.6,S
2021-06-10T14:21:18,1000.0,30.6,S
2021-06-10T14:21:13,3000.0,30.6,S
2021-06-10T14:20:58,200.0,30.6,S
2021-06-10T14:20:51,200.0,30.6,S
2021-06-10T14:20:47,2000.0,30.6,S
2021-06-10T14:20:46,3000.0,30.6,S
2021-06-10T14:20:44,300.0,30.6,S
2021-06-10T14:20:38,2600.0,30.6,S
2021-06-10T14:20:37,100.0,30.6,S
2021-06-10T14:20:33,500.0,30.6,S
2021-06-10T14:20:31,2000.0,30.6,S
2021-06-10T14:20:29,100.0,30.6,S
2021-06-10T14:20:28,1000.0,30.6,S
2021-06-10T14:20:18,200.0,30.6,S
2021-06-10T14:20:15,300.0,30.6,S
2021-06-10T14:20:13,1900.0,30.6,S
2021-06-10T14:20:04,2900.0,30.6,B
2021-06-10T14:19:56,1000.0,30.6,B
2021-06-10T14:19:39,500.0,30.6,B
2021-06-10T14:19:31,100.0,30.6,B
2021-06-10T14:19:30,2500.0,30.6,B
2021-06-10T14:19:28,100.0,30.6,S
2021-06-10T14:19:16,400.0,30.6,S
2021-06-10T14:19:14,47900.0,30.6,B
2021-06-10T14:19:11,5000.0,30.6,B
2021-06-10T14:19:05,1000.0,30.6,B
2021-06-10T14:19:04,300.0,30.5,S
2021-06-10T14:19:00,100.0,30.6,B
2021-06-10T14:18:44,2900.0,30.6,B
2021-06-10T14:18:40,7000.0,30.6,B
2021-06-10T14:18:28,500.0,30.6,B
2021-06-10T14:18:07,4000.0,30.6,B
2021-06-10T14:17:53,1000.0,30.6,B
2021-06-10T14:17:39,300.0,30.6,B
2021-06-10T14:17:23,2000.0,30.6,B
2021-06-10T14:17:08,400.0,30.5,S
2021-06-10T14:17:04,500.0,30.6,B
2021-06-10T14:17:03,200.0,30.6,B
2021-06-10T14:16:33,1000.0,30.6,B
2021-06-10T14:16:33,1600.0,30.6,B
2021-06-10T14:16:23,6100.0,30.6,B
2021-06-10T14:16:23,2000.0,30.6,B
2021-06-10T14:16:23,100.0,30.5,S
2021-06-10T14:16:21,100.0,30.6,B
2021-06-10T14:16:13,1000.0,30.6,B
2021-06-10T14:16:02,5000.0,30.6,B
2021-06-10T14:15:50,1000.0,30.6,B
2021-06-10T14:15:47,500.0,30.5,S
2021-06-10T14:15:47,100.0,30.5,S
2021-06-10T14:15:32,1400.0,30.5,S
2021-06-10T14:15:30,3500.0,30.6,B
2021-06-10T14:15:27,1000.0,30.6,B
2021-06-10T14:15:25,1000.0,30.5,S
2021-06-10T14:15:23,10000.0,30.6,B
2021-06-10T14:15:14,900.0,30.6,B
2021-06-10T14:15:11,13100.0,30.6,B
2021-06-10T14:15:09,600.0,30.6,B
2021-06-10T14:15:05,1000.0,30.6,B
2021-06-10T14:14:49,10000.0,30.6,B
2021-06-10T14:14:45,100.0,30.6,B
2021-06-10T14:14:43,500.0,30.6,B
2021-06-10T14:14:43,5000.0,30.6,B
2021-06-10T14:14:41,100.0,30.5,S
2021-06-10T14:14:40,200.0,30.6,B
2021-06-10T14:14:37,5000.0,30.6,B
2021-06-10T14:14:30,400.0,30.6,B
2021-06-10T14:14:30,50000.0,30.5,S
2021-06-10T14:14:22,100.0,30.6,B
2021-06-10T14:14:20,3000.0,30.6,B
2021-06-10T14:14:14,52900.0,30.6,S
2021-06-10T14:14:09,4300.0,30.6,S
2021-06-10T14:14:07,1000.0,30.6,S
2021-06-10T14:14:05,500.0,30.6,S
2021-06-10T14:13:59,200.0,30.6,S
2021-06-10T14:13:52,5000.0,30.7,B
2021-06-10T14:13:52,1000.0,30.7,B
2021-06-10T14:13:52,300.0,30.6,S
2021-06-10T14:13:49,30000.0,30.6,S
2021-06-10T14:13:36,26800.0,30.6,S
2021-06-10T14:13:28,500.0,30.6,S
2021-06-10T14:13:09,500.0,30.7,B
2021-06-10T14:13:04,15000.0,30.6,S
2021-06-10T14:12:47,8000.0,30.7,B
2021-06-10T14:12:41,1400.0,30.7,B
2021-06-10T14:12:30,500.0,30.6,S
2021-06-10T14:12:22,5200.0,30.7,B
2021-06-10T14:12:06,21800.0,30.6,S
2021-06-10T14:12:03,10000.0,30.7,B
2021-06-10T14:11:33,2600.0,30.7,B
2021-06-10T14:11:29,8400.0,30.6,S
2021-06-10T14:11:20,12400.0,30.6,S
2021-06-10T14:11:09,4000.0,30.6,S
2021-06-10T14:11:04,600.0,30.6,S
2021-06-10T14:11:02,130000.0,30.7,B
2021-06-10T14:11:00,36800.0,30.6,S
2021-06-10T14:10:45,900.0,30.6,S
2021-06-10T14:10:39,12400.0,30.6,S
2021-06-10T14:10:36,5000.0,30.6,S
2021-06-10T14:10:35,100.0,30.6,S
2021-06-10T14:10:31,3300.0,30.6,S
2021-06-10T14:09:48,24500.0,30.6,S
2021-06-10T14:09:43,2000.0,30.7,B
2021-06-10T14:09:42,100.0,30.6,S
2021-06-10T14:09:39,500.0,30.6,S
2021-06-10T14:09:35,10000.0,30.7,B
2021-06-10T14:09:29,12500.0,30.7,B
2021-06-10T14:09:24,1000.0,30.6,S
2021-06-10T14:09:21,10000.0,30.7,B
2021-06-10T14:09:07,38500.0,30.6,S
2021-06-10T14:08:54,30000.0,30.7,B
2021-06-10T14:08:44,200.0,30.6,S
2021-06-10T14:08:40,1000.0,30.7,B
2021-06-10T14:08:35,100.0,30.7,B
2021-06-10T14:08:13,300.0,30.7,B
2021-06-10T14:08:13,100.0,30.7,B
2021-06-10T14:08:13,2000.0,30.7,B
2021-06-10T14:08:10,600.0,30.6,S
2021-06-10T14:08:06,900.0,30.7,B
2021-06-10T14:08:06,6000.0,30.7,B
2021-06-10T14:08:02,100.0,30.7,B
2021-06-10T14:07:22,15000.0,30.7,B
2021-06-10T14:07:20,1000.0,30.7,B
2021-06-10T14:07:19,900.0,30.7,B
2021-06-10T14:07:08,500.0,30.7,B
2021-06-10T14:07:07,23900.0,30.6,S
2021-06-10T14:07:06,200.0,30.7,B
2021-06-10T14:06:49,5000.0,30.7,B
2021-06-10T14:06:33,5000.0,30.7,B
2021-06-10T14:06:29,1000.0,30.6,S
2021-06-10T14:06:25,300.0,30.6,S
2021-06-10T14:06:21,10000.0,30.7,B
2021-06-10T14:06:20,1200.0,30.6,S
2021-06-10T14:06:18,100.0,30.7,B
2021-06-10T14:06:15,35000.0,30.7,B
2021-06-10T14:06:02,12800.0,30.7,B
2021-06-10T14:05:34,5800.0,30.7,B
2021-06-10T14:05:26,500.0,30.6,S
2021-06-10T14:05:23,32000.0,30.6,S
2021-06-10T14:05:21,10900.0,30.7,B
2021-06-10T14:05:17,1000.0,30.6,S
2021-06-10T14:05:08,20000.0,30.7,B
2021-06-10T14:05:00,1000.0,30.6,S
2021-06-10T14:04:58,1000.0,30.7,B
2021-06-10T14:04:57,35600.0,30.6,S
2021-06-10T14:04:55,1500.0,30.6,S
2021-06-10T14:04:47,1000.0,30.6,S
2021-06-10T14:04:32,2000.0,30.7,B
2021-06-10T14:04:12,12500.0,30.7,B
2021-06-10T14:04:11,1000.0,30.6,S
2021-06-10T14:04:09,300.0,30.6,S
2021-06-10T14:03:56,2000.0,30.6,S
2021-06-10T14:03:55,2100.0,30.6,S
2021-06-10T14:03:54,12500.0,30.7,B
2021-06-10T14:03:51,1300.0,30.6,S
2021-06-10T14:03:45,1000.0,30.6,S
2021-06-10T14:03:44,50000.0,30.6,S
2021-06-10T14:03:42,9400.0,30.6,S
2021-06-10T14:03:40,1000.0,30.6,S
2021-06-10T14:03:36,1000.0,30.7,B
2021-06-10T14:03:14,2000.0,30.6,S
2021-06-10T14:03:13,100.0,30.6,S
2021-06-10T14:03:02,26500.0,30.6,S
2021-06-10T14:02:44,4000.0,30.6,S
2021-06-10T14:02:39,500.0,30.6,S
2021-06-10T14:02:28,100.0,30.6,S
2021-06-10T14:02:11,10000.0,30.6,S
2021-06-10T14:02:08,4000.0,30.6,S
2021-06-10T14:02:00,100000.0,30.6,S
2021-06-10T14:01:52,100.0,30.7,B
2021-06-10T14:01:44,18600.0,30.6,S
2021-06-10T14:01:41,1000.0,30.7,B
2021-06-10T14:01:25,500.0,30.7,B
2021-06-10T14:01:21,1000.0,30.7,B
2021-06-10T14:01:05,1000.0,30.7,B
2021-06-10T14:00:57,1000.0,30.7,B
2021-06-10T14:00:56,100.0,30.7,B
2021-06-10T14:00:44,5000.0,30.7,B
2021-06-10T14:00:34,2000.0,30.6,S
2021-06-10T14:00:20,1000.0,30.7,B
2021-06-10T14:00:17,800.0,30.6,S
2021-06-10T14:00:10,12500.0,30.6,S
2021-06-10T14:00:02,400.0,30.7,B
2021-06-10T13:59:52,10000.0,30.6,S
2021-06-10T13:59:45,500.0,30.7,B
2021-06-10T13:59:23,100.0,30.7,B
2021-06-10T13:59:20,500.0,30.7,B
2021-06-10T13:59:13,500.0,30.7,B
2021-06-10T13:58:55,200.0,30.6,S
2021-06-10T13:58:15,18100.0,30.7,S
2021-06-10T13:58:10,10000.0,30.7,S
2021-06-10T13:58:04,1000.0,30.8,B
2021-06-10T13:57:59,200.0,30.7,S
2021-06-10T13:57:58,200.0,30.8,B
2021-06-10T13:57:52,2000.0,30.7,S
2021-06-10T13:57:42,3500.0,30.7,S
2021-06-10T13:57:32,1000.0,30.7,S
2021-06-10T13:57:20,1000.0,30.7,S
2021-06-10T13:57:13,8000.0,30.7,S
2021-06-10T13:57:02,40000.0,30.7,S
2021-06-10T13:57:00,400.0,30.8,B
2021-06-10T13:56:49,1200.0,30.8,B
2021-06-10T13:56:32,100.0,30.7,S
2021-06-10T13:56:31,200.0,30.7,S
2021-06-10T13:56:31,1000.0,30.7,S
2021-06-10T13:56:21,2500.0,30.8,B
2021-06-10T13:56:17,200.0,30.8,B
2021-06-10T13:56:16,6000.0,30.7,S
2021-06-10T13:56:13,1000.0,30.7,S
2021-06-10T13:56:12,6000.0,30.7,S
2021-06-10T13:56:05,400.0,30.7,S
2021-06-10T13:56:04,100.0,30.7,S
2021-06-10T13:56:02,5000.0,30.8,B
2021-06-10T13:56:01,5900.0,30.7,S
2021-06-10T13:55:55,14800.0,30.7,S
2021-06-10T13:55:52,5000.0,30.7,S
2021-06-10T13:55:44,5000.0,30.7,S
2021-06-10T13:55:40,3000.0,30.7,S
2021-06-10T13:55:34,200.0,30.7,S
2021-06-10T13:55:24,100.0,30.7,S
2021-06-10T13:55:15,200.0,30.7,S
2021-06-10T13:55:13,2000.0,30.7,S
2021-06-10T13:55:10,8000.0,30.7,S
2021-06-10T13:55:06,55600.0,30.7,B
2021-06-10T13:54:45,1000.0,30.7,B
2021-06-10T13:54:39,2700.0,30.6,S
2021-06-10T13:54:19,100.0,30.6,S
2021-06-10T13:54:15,1600.0,30.7,B
2021-06-10T13:54:13,400.0,30.7,B
2021-06-10T13:54:05,400.0,30.7,B
2021-06-10T13:54:02,1200.0,30.7,B
2021-06-10T13:54:01,2000.0,30.7,B
2021-06-10T13:53:55,300.0,30.7,B
2021-06-10T13:53:52,3900.0,30.7,B
2021-06-10T13:53:42,100.0,30.7,B
2021-06-10T13:53:41,1400.0,30.7,B
2021-06-10T13:53:36,200.0,30.7,B
2021-06-10T13:53:24,300.0,30.7,B
2021-06-10T13:53:09,300.0,30.7,B
2021-06-10T13:53:02,4000.0,30.7,B
2021-06-10T13:52:55,4500.0,30.7,B
2021-06-10T13:52:47,500.0,30.7,B
2021-06-10T13:52:43,100.0,30.7,B
2021-06-10T13:52:33,500.0,30.7,B
2021-06-10T13:52:32,1500.0,30.7,B
2021-06-10T13:52:30,5000.0,30.7,B
2021-06-10T13:52:15,4800.0,30.7,S
2021-06-10T13:52:12,500.0,30.7,S
2021-06-10T13:52:09,200.0,30.8,B
2021-06-10T13:52:07,500.0,30.7,S
2021-06-10T13:52:05,500.0,30.7,S
2021-06-10T13:52:00,300.0,30.8,B
2021-06-10T13:51:59,1900.0,30.7,S
2021-06-10T13:51:57,5000.0,30.7,S
2021-06-10T13:51:42,1500.0,30.8,B
2021-06-10T13:51:41,200.0,30.7,S
2021-06-10T13:51:29,200.0,30.7,S
2021-06-10T13:51:28,300.0,30.7,S
2021-06-10T13:51:27,3500.0,30.8,B
2021-06-10T13:51:24,5800.0,30.7,S
2021-06-10T13:51:11,1200.0,30.7,S
2021-06-10T13:51:11,100.0,30.7,S
2021-06-10T13:51:11,12600.0,30.8,B
2021-06-10T13:51:10,3000.0,30.7,S
2021-06-10T13:50:59,1200.0,30.7,S
2021-06-10T13:50:57,6900.0,30.8,B
2021-06-10T13:50:52,100.0,30.7,S
2021-06-10T13:50:42,400.0,30.7,S
2021-06-10T13:50:42,200.0,30.8,B
2021-06-10T13:50:37,3500.0,30.8,B
2021-06-10T13:50:36,2100.0,30.7,B
2021-06-10T13:50:34,600.0,30.7,B
2021-06-10T13:50:27,5000.0,30.7,B
2021-06-10T13:50:22,10000.0,30.7,B
2021-06-10T13:50:10,200.0,30.7,B
2021-06-10T13:50:08,100.0,30.7,B
2021-06-10T13:50:06,500.0,30.7,B
2021-06-10T13:50:02,5000.0,30.7,B
2021-06-10T13:50:01,2300.0,30.7,B
2021-06-10T13:50:01,5000.0,30.7,B
2021-06-10T13:49:59,3000.0,30.7,B
2021-06-10T13:49:43,27000.0,30.7,B
2021-06-10T13:49:38,4100.0,30.7,B
2021-06-10T13:49:21,5000.0,30.7,B
2021-06-10T13:49:07,26800.0,30.6,S
2021-06-10T13:49:05,500.0,30.6,S
2021-06-10T13:48:46,200.0,30.6,S
2021-06-10T13:48:42,1000.0,30.7,B
2021-06-10T13:48:40,1000.0,30.6,S
2021-06-10T13:48:38,9100.0,30.7,B
2021-06-10T13:48:33,500.0,30.7,B
2021-06-10T13:48:07,900.0,30.6,S
2021-06-10T13:48:04,1000.0,30.7,B
2021-06-10T13:48:01,1000.0,30.6,S
2021-06-10T13:48:01,100.0,30.7,B
2021-06-10T13:47:56,200.0,30.7,B
2021-06-10T13:47:45,2500.0,30.7,B
2021-06-10T13:47:44,100.0,30.7,B
2021-06-10T13:47:42,8500.0,30.7,B
2021-06-10T13:47:39,1700.0,30.7,B
2021-06-10T13:47:29,500.0,30.7,B
2021-06-10T13:47:29,4000.0,30.6,S
2021-06-10T13:47:28,3000.0,30.7,B
2021-06-10T13:47:24,2700.0,30.7,B
2021-06-10T13:47:23,1000.0,30.7,B
2021-06-10T13:47:22,26000.0,30.7,B
2021-06-10T13:47:21,500.0,30.7,B
2021-06-10T13:47:20,2000.0,30.7,B
2021-06-10T13:47:19,1000.0,30.7,B
2021-06-10T13:47:17,2000.0,30.7,B
2021-06-10T13:47:07,1000.0,30.7,B
2021-06-10T13:47:06,20000.0,30.7,B
2021-06-10T13:47:04,1000.0,30.7,B
2021-06-10T13:47:02,100.0,30.7,B
2021-06-10T13:46:50,1000.0,30.7,B
2021-06-10T13:46:46,500.0,30.7,B
2021-06-10T13:46:36,50000.0,30.7,B
2021-06-10T13:46:31,3900.0,30.7,B
2021-06-10T13:46:30,500.0,30.7,B
2021-06-10T13:46:11,700.0,30.6,S
2021-06-10T13:46:10,100.0,30.7,B
2021-06-10T13:46:10,6800.0,30.7,B
2021-06-10T13:45:48,5000.0,30.7,B
2021-06-10T13:45:42,1000.0,30.6,S
2021-06-10T13:45:40,100.0,30.6,S
2021-06-10T13:45:31,12600.0,30.6,S
2021-06-10T13:45:28,600.0,30.6,S
2021-06-10T13:45:25,100.0,30.6,S
2021-06-10T13:45:23,400.0,30.7,B
2021-06-10T13:45:06,34700.0,30.6,B
2021-06-10T13:45:03,1000.0,30.6,B
2021-06-10T13:45:00,1000.0,30.6,B
2021-06-10T13:44:59,5000.0,30.6,B
2021-06-10T13:44:57,600.0,30.6,B
2021-06-10T13:44:49,400.0,30.6,B
2021-06-10T13:44:45,500.0,30.6,B
2021-06-10T13:44:45,50000.0,30.6,B
2021-06-10T13:44:44,800.0,30.6,B
2021-06-10T13:44:42,300.0,30.6,B
2021-06-10T13:44:42,200.0,30.6,B
2021-06-10T13:44:42,5000.0,30.6,B
2021-06-10T13:44:40,200.0,30.6,B
2021-06-10T13:44:40,1500.0,30.5,S
2021-06-10T13:44:36,50200.0,30.6,B
2021-06-10T13:44:33,5000.0,30.6,B
2021-06-10T13:44:33,28600.0,30.5,S
2021-06-10T13:44:32,400.0,30.6,B
2021-06-10T13:44:30,2000.0,30.6,B
2021-06-10T13:44:27,2000.0,30.6,B
2021-06-10T13:44:26,5100.0,30.6,B
2021-06-10T13:44:26,1000.0,30.6,B
2021-06-10T13:44:13,5800.0,30.6,B
2021-06-10T13:44:02,300.0,30.6,B
2021-06-10T13:43:58,12500.0,30.6,B
2021-06-10T13:43:53,500.0,30.6,B
2021-06-10T13:43:52,200.0,30.6,B
2021-06-10T13:43:48,100.0,30.6,B
2021-06-10T13:43:27,100.0,30.6,B
2021-06-10T13:43:19,10000.0,30.6,B
2021-06-10T13:43:05,1000.0,30.6,B
2021-06-10T13:43:01,900.0,30.5,S
2021-06-10T13:42:55,2800.0,30.6,B
2021-06-10T13:42:45,1000.0,30.5,S
2021-06-10T13:42:37,2500.0,30.6,B
2021-06-10T13:42:32,13700.0,30.5,S
2021-06-10T13:42:31,1100.0,30.5,S
2021-06-10T13:42:29,200.0,30.6,B
2021-06-10T13:42:24,300.0,30.6,B
2021-06-10T13:42:22,200.0,30.5,S
2021-06-10T13:42:15,4700.0,30.6,B
2021-06-10T13:42:12,10000.0,30.6,B
2021-06-10T13:41:59,1200.0,30.5,S
2021-06-10T13:41:56,100.0,30.6,B
2021-06-10T13:41:46,100.0,30.6,B
2021-06-10T13:41:31,5000.0,30.6,B
2021-06-10T13:41:16,700.0,30.5,S
2021-06-10T13:41:11,1000.0,30.6,B
2021-06-10T13:41:04,300.0,30.6,B
2021-06-10T13:40:56,2000.0,30.6,B
2021-06-10T13:40:45,400.0,30.6,B
2021-06-10T13:40:30,200.0,30.6,B
2021-06-10T13:40:10,2300.0,30.6,B
2021-06-10T13:39:53,100.0,30.6,B
2021-06-10T13:39:51,500.0,30.6,B
2021-06-10T13:39:44,2000.0,30.6,B
2021-06-10T13:39:41,300.0,30.6,B
2021-06-10T13:39:36,5000.0,30.6,B
2021-06-10T13:39:31,3900.0,30.6,B
2021-06-10T13:39:29,6000.0,30.6,B
2021-06-10T13:39:22,2700.0,30.5,S
2021-06-10T13:39:07,600.0,30.6,B
2021-06-10T13:39:01,5000.0,30.6,B
2021-06-10T13:39:00,1000.0,30.6,B
2021-06-10T13:38:58,300.0,30.6,B
2021-06-10T13:38:54,500.0,30.6,B
2021-06-10T13:38:53,8400.0,30.6,S
2021-06-10T13:38:52,15000.0,30.6,S
2021-06-10T13:38:52,5000.0,30.6,S
2021-06-10T13:38:48,1500.0,30.6,S
2021-06-10T13:38:45,400.0,30.6,S
2021-06-10T13:38:41,102000.0,30.6,S
2021-06-10T13:38:36,2000.0,30.6,S
2021-06-10T13:38:26,32500.0,30.6,S
2021-06-10T13:37:48,500.0,30.7,B
2021-06-10T13:37:42,500.0,30.6,S
2021-06-10T13:37:40,100.0,30.6,S
2021-06-10T13:37:23,1500.0,30.6,S
2021-06-10T13:37:12,500.0,30.6,S
2021-06-10T13:36:57,500.0,30.6,S
2021-06-10T13:36:55,100.0,30.7,B
2021-06-10T13:36:17,21700.0,30.7,S
2021-06-10T13:36:17,9000.0,30.7,S
2021-06-10T13:36:14,1000.0,30.7,S
2021-06-10T13:36:14,5000.0,30.7,S
2021-06-10T13:36:13,20000.0,30.7,S
2021-06-10T13:36:10,500.0,30.7,S
2021-06-10T13:36:10,1700.0,30.7,S
2021-06-10T13:36:09,300.0,30.8,B
2021-06-10T13:36:08,3200.0,30.7,S
2021-06-10T13:36:06,200.0,30.7,S
2021-06-10T13:36:03,10000.0,30.7,S
2021-06-10T13:35:59,1000.0,30.7,S
2021-06-10T13:35:59,1400.0,30.8,B
2021-06-10T13:35:56,100.0,30.7,S
2021-06-10T13:35:49,1100.0,30.7,S
2021-06-10T13:35:44,300.0,30.7,S
2021-06-10T13:35:44,25200.0,30.7,S
2021-06-10T13:35:40,1000.0,30.7,S
2021-06-10T13:35:33,1400.0,30.8,B
2021-06-10T13:35:27,300.0,30.7,S
2021-06-10T13:35:23,500.0,30.7,S
2021-06-10T13:35:20,400.0,30.7,S
2021-06-10T13:35:16,3000.0,30.8,B
2021-06-10T13:35:13,500.0,30.7,S
2021-06-10T13:34:56,4700.0,30.7,S
2021-06-10T13:34:50,100.0,30.8,B
2021-06-10T13:34:49,300.0,30.8,B
2021-06-10T13:34:47,200.0,30.8,S
2021-06-10T13:34:47,9800.0,30.8,B
2021-06-10T13:34:47,200.0,30.8,B
2021-06-10T13:34:46,3600.0,30.8,B
2021-06-10T13:34:45,500.0,30.8,B
2021-06-10T13:34:36,100.0,30.8,B
2021-06-10T13:34:30,2000.0,30.8,B
2021-06-10T13:34:09,6800.0,30.8,B
2021-06-10T13:33:57,5200.0,30.8,B
2021-06-10T13:33:53,50000.0,30.8,B
2021-06-10T13:33:49,3000.0,30.8,B
2021-06-10T13:33:43,32400.0,30.7,S
2021-06-10T13:33:41,1300.0,30.7,S
2021-06-10T13:33:41,5000.0,30.8,B
2021-06-10T13:33:27,900.0,30.8,B
2021-06-10T13:33:26,2600.0,30.8,B
2021-06-10T13:33:25,800.0,30.8,B
2021-06-10T13:33:24,3000.0,30.7,S
2021-06-10T13:33:14,100.0,30.8,B
2021-06-10T13:33:12,1000.0,30.8,B
2021-06-10T13:33:09,22700.0,30.8,B
2021-06-10T13:33:07,2000.0,30.8,B
2021-06-10T13:33:04,5000.0,30.8,B
2021-06-10T13:32:58,2100.0,30.8,B
2021-06-10T13:32:56,400.0,30.8,B
2021-06-10T13:32:48,1000.0,30.8,B
2021-06-10T13:32:43,3000.0,30.8,B
2021-06-10T13:32:40,3000.0,30.8,B
2021-06-10T13:32:39,1400.0,30.8,B
2021-06-10T13:32:38,2600.0,30.8,B
2021-06-10T13:32:22,3500.0,30.8,B
2021-06-10T13:32:20,2000.0,30.8,B
2021-06-10T13:32:12,300.0,30.8,B
2021-06-10T13:32:08,5000.0,30.8,B
2021-06-10T13:32:05,3900.0,30.8,B
2021-06-10T13:31:55,9800.0,30.7,S
2021-06-10T13:31:54,10000.0,30.8,B
2021-06-10T13:31:49,10000.0,30.7,S
2021-06-10T13:31:47,13500.0,30.8,B
2021-06-10T13:31:46,400.0,30.8,B
2021-06-10T13:31:30,5000.0,30.8,B
2021-06-10T13:31:29,3000.0,30.7,S
2021-06-10T13:31:27,100.0,30.7,S
2021-06-10T13:31:10,8400.0,30.7,S
2021-06-10T13:31:04,300.0,30.8,B
2021-06-10T13:31:01,2000.0,30.8,B
2021-06-10T13:30:53,10000.0,30.8,B
2021-06-10T13:30:49,200.0,30.7,S
2021-06-10T13:30:46,200.0,30.7,S
2021-06-10T13:30:41,3000.0,30.7,B
2021-06-10T13:30:40,500.0,30.7,B
2021-06-10T13:30:33,2400.0,30.7,B
2021-06-10T13:30:31,10000.0,30.7,B
2021-06-10T13:30:28,2000.0,30.7,B
2021-06-10T13:30:26,3000.0,30.7,B
2021-06-10T13:30:25,200.0,30.7,B
2021-06-10T13:30:25,100.0,30.7,B
2021-06-10T13:30:23,2000.0,30.7,B
2021-06-10T13:30:19,1000.0,30.7,B
2021-06-10T13:30:18,600.0,30.7,B
2021-06-10T13:30:18,500.0,30.7,B
2021-06-10T13:30:17,5800.0,30.7,B
2021-06-10T13:30:15,10200.0,30.7,B
2021-06-10T13:30:15,8000.0,30.7,B
2021-06-10T13:30:14,100.0,30.7,B
2021-06-10T13:30:13,4000.0,30.7,B
2021-06-10T13:30:09,200.0,30.7,B
2021-06-10T13:30:09,100.0,30.7,B
2021-06-10T13:30:07,10000.0,30.7,B
2021-06-10T13:30:02,1500.0,30.7,B
2021-06-10T13:29:59,3000.0,30.7,B
2021-06-10T13:29:56,2000.0,30.7,B
2021-06-10T13:29:53,1400.0,30.7,B
2021-06-10T13:29:46,100.0,30.7,B
2021-06-10T13:29:36,2000.0,30.7,B
2021-06-10T13:29:31,20000.0,30.7,B
2021-06-10T13:29:20,4000.0,30.7,B
2021-06-10T13:29:18,10000.0,30.6,S
2021-06-10T13:29:13,18500.0,30.6,S
2021-06-10T13:29:02,100.0,30.7,B
2021-06-10T13:29:02,4300.0,30.7,B
2021-06-10T13:28:53,5000.0,30.7,B
2021-06-10T13:28:36,2000.0,30.6,S
2021-06-10T13:28:24,1000.0,30.6,S
2021-06-10T13:28:20,13500.0,30.6,S
2021-06-10T13:28:09,5000.0,30.7,B
2021-06-10T13:27:59,300.0,30.6,S
2021-06-10T13:27:48,2000.0,30.6,S
2021-06-10T13:27:20,4000.0,30.6,S
2021-06-10T13:27:16,200.0,30.6,S
2021-06-10T13:27:04,600.0,30.6,S
2021-06-10T13:27:00,1900.0,30.6,B
2021-06-10T13:26:57,2000.0,30.6,B
2021-06-10T13:26:57,10000.0,30.6,B
2021-06-10T13:26:56,2000.0,30.6,B
2021-06-10T13:26:51,600.0,30.6,B
2021-06-10T13:26:50,1000.0,30.6,B
2021-06-10T13:26:49,100.0,30.5,S
2021-06-10T13:26:48,1000.0,30.6,B
2021-06-10T13:26:46,2000.0,30.6,B
2021-06-10T13:26:46,500.0,30.6,B
2021-06-10T13:26:43,200.0,30.6,B
2021-06-10T13:26:40,500.0,30.6,B
2021-06-10T13:26:39,6800.0,30.6,B
2021-06-10T13:26:36,2000.0,30.6,B
2021-06-10T13:26:33,500.0,30.6,B
2021-06-10T13:26:33,2000.0,30.6,B
2021-06-10T13:26:32,22500.0,30.6,S
2021-06-10T13:26:25,5000.0,30.7,B
2021-06-10T13:26:25,5000.0,30.7,B
2021-06-10T13:26:18,500.0,30.6,S
2021-06-10T13:26:09,1000.0,30.7,B
2021-06-10T13:25:59,100.0,30.7,B
2021-06-10T13:25:51,200.0,30.6,S
2021-06-10T13:25:48,5900.0,30.6,B
2021-06-10T13:25:46,100.0,30.6,B
2021-06-10T13:25:46,10000.0,30.6,B
2021-06-10T13:25:39,1000.0,30.6,B
2021-06-10T13:25:34,600.0,30.6,B
2021-06-10T13:25:32,500.0,30.6,B
2021-06-10T13:25:31,5100.0,30.6,B
2021-06-10T13:25:29,1000.0,30.6,B
2021-06-10T13:25:29,5000.0,30.6,B
2021-06-10T13:25:25,1500.0,30.6,B
2021-06-10T13:25:21,18500.0,30.5,S
2021-06-10T13:25:19,400.0,30.6,B
2021-06-10T13:25:14,500.0,30.6,B
2021-06-10T13:25:11,1500.0,30.6,B
2021-06-10T13:25:10,400.0,30.6,B
2021-06-10T13:25:10,1000.0,30.5,S
2021-06-10T13:25:09,4000.0,30.6,B
2021-06-10T13:25:07,10000.0,30.6,B
2021-06-10T13:25:06,1600.0,30.6,B
2021-06-10T13:24:59,500.0,30.6,B
2021-06-10T13:24:50,2000.0,30.6,B
2021-06-10T13:24:43,2000.0,30.6,B
2021-06-10T13:24:32,20000.0,30.6,B
2021-06-10T13:24:30,2200.0,30.6,B
2021-06-10T13:24:27,900.0,30.6,B
2021-06-10T13:24:06,2600.0,30.6,B
2021-06-10T13:24:02,500.0,30.5,S
2021-06-10T13:23:52,2000.0,30.6,B
2021-06-10T13:23:45,200.0,30.5,S
2021-06-10T13:23:39,1000.0,30.6,B
2021-06-10T13:23:35,100.0,30.6,B
2021-06-10T13:23:34,5000.0,30.6,B
2021-06-10T13:23:30,3000.0,30.6,B
2021-06-10T13:23:30,200.0,30.6,B
2021-06-10T13:23:28,5000.0,30.6,B
2021-06-10T13:23:28,1000.0,30.6,B
2021-06-10T13:23:26,21000.0,30.6,B
2021-06-10T13:23:18,500.0,30.6,B
2021-06-10T13:23:16,1000.0,30.5,S
2021-06-10T13:23:15,200.0,30.6,B
2021-06-10T13:23:12,100.0,30.6,B
2021-06-10T13:23:05,100.0,30.6,B
2021-06-10T13:23:04,2900.0,30.6,B
2021-06-10T13:22:53,6800.0,30.5,S
2021-06-10T13:22:51,10000.0,30.6,B
2021-06-10T13:22:49,100.0,30.6,B
2021-06-10T13:22:41,200.0,30.6,B
2021-06-10T13:22:37,10000.0,30.5,S
2021-06-10T13:22:33,500.0,30.5,S
2021-06-10T13:22:30,100.0,30.6,B
2021-06-10T13:22:27,400.0,30.5,S
2021-06-10T13:22:21,1000.0,30.6,B
2021-06-10T13:22:19,100.0,30.5,S
2021-06-10T13:22:17,4000.0,30.5,S
2021-06-10T13:22:04,10000.0,30.5,S
2021-06-10T13:21:58,700.0,30.5,S
2021-06-10T13:21:44,6500.0,30.5,S
2021-06-10T13:21:38,1000.0,30.6,B
2021-06-10T13:21:34,2000.0,30.5,S
2021-06-10T13:21:33,100.0,30.5,S
2021-06-10T13:21:30,5500.0,30.6,B
2021-06-10T13:21:26,7500.0,30.5,S
2021-06-10T13:21:19,10000.0,30.6,B
2021-06-10T13:21:17,6000.0,30.5,S
2021-06-10T13:21:02,10000.0,30.5,S
2021-06-10T13:21:01,1000.0,30.5,S
2021-06-10T13:20:51,100.0,30.5,S
2021-06-10T13:20:44,200.0,30.5,S
2021-06-10T13:20:39,300.0,30.5,S
2021-06-10T13:20:37,1000.0,30.5,S
2021-06-10T13:20:30,1000.0,30.5,S
2021-06-10T13:20:28,2000.0,30.6,B
2021-06-10T13:20:24,200.0,30.5,S
2021-06-10T13:20:23,1500.0,30.5,S
2021-06-10T13:20:20,1000.0,30.5,S
2021-06-10T13:20:19,4000.0,30.5,S
2021-06-10T13:20:15,1100.0,30.5,B
2021-06-10T13:20:14,100.0,30.5,B
2021-06-10T13:20:13,1000.0,30.5,B
2021-06-10T13:20:12,11100.0,30.5,B
2021-06-10T13:20:12,200.0,30.5,B
2021-06-10T13:20:11,3000.0,30.5,B
2021-06-10T13:20:10,700.0,30.5,B
2021-06-10T13:20:09,500.0,30.5,B
2021-06-10T13:20:06,1000.0,30.5,B
2021-06-10T13:20:02,2900.0,30.5,B
2021-06-10T13:20:02,400.0,30.5,B
2021-06-10T13:20:01,500.0,30.5,B
2021-06-10T13:20:00,4200.0,30.5,B
2021-06-10T13:19:58,200.0,30.5,B
2021-06-10T13:19:57,4000.0,30.5,B
2021-06-10T13:19:56,100.0,30.5,B
2021-06-10T13:19:54,800.0,30.5,B
2021-06-10T13:19:48,1000.0,30.5,B
2021-06-10T13:19:47,300.0,30.5,B
2021-06-10T13:19:42,6000.0,30.5,B
2021-06-10T13:19:42,2700.0,30.5,B
2021-06-10T13:19:37,3800.0,30.5,B
2021-06-10T13:19:36,1300.0,30.5,B
2021-06-10T13:19:34,500.0,30.5,B
2021-06-10T13:19:32,2000.0,30.5,B
2021-06-10T13:19:31,100.0,30.5,B
2021-06-10T13:19:30,1300.0,30.5,B
2021-06-10T13:19:29,500.0,30.5,B
2021-06-10T13:19:26,7000.0,30.5,B
2021-06-10T13:19:26,10000.0,30.5,B
2021-06-10T13:19:24,500.0,30.5,B
2021-06-10T13:19:22,2000.0,30.5,B
2021-06-10T13:19:22,400.0,30.5,B
2021-06-10T13:19:19,1000.0,30.5,B
2021-06-10T13:19:16,500.0,30.5,B
2021-06-10T13:19:15,500.0,30.4,S
2021-06-10T13:19:06,500.0,30.5,B
2021-06-10T13:19:06,1000.0,30.5,B
2021-06-10T13:19:05,1000.0,30.5,B
2021-06-10T13:19:04,200.0,30.5,B
2021-06-10T13:19:04,20700.0,30.5,B
2021-06-10T13:19:02,15000.0,30.5,B
2021-06-10T13:19:01,1000.0,30.5,B
2021-06-10T13:18:59,300.0,30.5,B
2021-06-10T13:18:59,300.0,30.5,B
2021-06-10T13:18:56,2400.0,30.5,B
2021-06-10T13:18:55,2000.0,30.5,B
2021-06-10T13:18:53,100.0,30.5,B
2021-06-10T13:18:50,200.0,30.5,B
2021-06-10T13:18:50,1000.0,30.5,B
2021-06-10T13:18:49,1000.0,30.5,B
2021-06-10T13:18:48,500.0,30.5,B
2021-06-10T13:18:47,2000.0,30.5,B
2021-06-10T13:18:45,500.0,30.5,B
2021-06-10T13:18:44,11000.0,30.5,B
2021-06-10T13:18:44,4000.0,30.5,B
2021-06-10T13:18:40,100.0,30.5,B
2021-06-10T13:18:39,200.0,30.5,B
2021-06-10T13:18:32,1400.0,30.5,B
2021-06-10T13:18:24,2500.0,30.5,B
2021-06-10T13:18:21,1200.0,30.4,S
2021-06-10T13:18:20,200.0,30.4,S
2021-06-10T13:18:11,400.0,30.4,S
2021-06-10T13:18:10,200.0,30.4,S
2021-06-10T13:18:06,200.0,30.4,S
2021-06-10T13:18:03,2000.0,30.4,S
2021-06-10T13:17:58,200.0,30.4,S
2021-06-10T13:17:48,600.0,30.4,S
2021-06-10T13:17:47,1300.0,30.5,B
2021-06-10T13:17:45,1000.0,30.4,S
2021-06-10T13:17:43,2000.0,30.5,B
2021-06-10T13:17:43,2000.0,30.4,S
2021-06-10T13:17:40,2500.0,30.5,B
2021-06-10T13:17:39,100.0,30.5,B
2021-06-10T13:17:34,100.0,30.5,B
2021-06-10T13:17:33,1500.0,30.4,S
2021-06-10T13:17:31,100.0,30.5,B
2021-06-10T13:17:26,10800.0,30.4,S
2021-06-10T13:17:21,5000.0,30.5,B
2021-06-10T13:17:11,500.0,30.5,B
2021-06-10T13:17:04,10000.0,30.5,B
2021-06-10T13:17:01,3000.0,30.5,B
2021-06-10T13:17:01,1400.0,30.5,B
2021-06-10T13:16:59,600.0,30.4,S
2021-06-10T13:16:58,500.0,30.5,B
2021-06-10T13:16:57,2000.0,30.5,B
2021-06-10T13:16:56,100.0,30.5,B
2021-06-10T13:16:44,2500.0,30.5,B
2021-06-10T13:16:43,200.0,30.4,S
2021-06-10T13:16:43,100.0,30.4,S
2021-06-10T13:16:40,200.0,30.5,B
2021-06-10T13:16:26,2800.0,30.4,S
2021-06-10T13:16:24,100.0,30.5,B
2021-06-10T13:16:22,2600.0,30.5,B
2021-06-10T13:16:20,1000.0,30.5,B
2021-06-10T13:16:17,100.0,30.5,B
2021-06-10T13:16:05,4200.0,30.5,B
2021-06-10T13:16:01,2000.0,30.5,B
2021-06-10T13:15:56,100.0,30.4,S
2021-06-10T13:15:38,100.0,30.4,S
2021-06-10T13:15:37,3000.0,30.5,B
2021-06-10T13:15:26,200.0,30.5,B
2021-06-10T13:15:22,7000.0,30.5,B
2021-06-10T13:15:16,5000.0,30.5,B
2021-06-10T13:15:09,500.0,30.4,S
2021-06-10T13:15:01,400.0,30.5,B
2021-06-10T13:14:58,5000.0,30.4,S
2021-06-10T13:14:52,1000.0,30.5,B
2021-06-10T13:14:50,6900.0,30.5,B
2021-06-10T13:14:43,3600.0,30.5,B
2021-06-10T13:14:42,100.0,30.4,S
2021-06-10T13:14:36,1000.0,30.4,S
2021-06-10T13:14:36,1000.0,30.5,B
2021-06-10T13:14:33,6000.0,30.5,B
2021-06-10T13:14:33,500.0,30.5,B
2021-06-10T13:14:33,100.0,30.5,B
2021-06-10T13:14:22,500.0,30.5,B
2021-06-10T13:14:19,500.0,30.5,B
2021-06-10T13:14:17,200.0,30.5,B
2021-06-10T13:14:17,500.0,30.5,B
2021-06-10T13:14:12,1000.0,30.5,B
2021-06-10T13:14:11,4000.0,30.5,B
2021-06-10T13:14:07,20000.0,30.4,S
2021-06-10T13:14:02,500.0,30.5,B
2021-06-10T13:13:58,200.0,30.5,B
2021-06-10T13:13:57,7000.0,30.5,B
2021-06-10T13:13:54,5000.0,30.4,S
2021-06-10T13:13:53,1000.0,30.4,S
2021-06-10T13:13:50,300.0,30.5,B
2021-06-10T13:13:48,2000.0,30.5,B
2021-06-10T13:13:45,2000.0,30.4,S
2021-06-10T13:13:44,400.0,30.5,B
2021-06-10T13:13:44,2000.0,30.4,S
2021-06-10T13:13:40,8500.0,30.4,S
2021-06-10T13:13:38,10000.0,30.5,B
2021-06-10T13:13:35,300.0,30.4,S
2021-06-10T13:13:22,5000.0,30.4,S
2021-06-10T13:13:20,500.0,30.5,B
2021-06-10T13:13:16,500.0,30.5,B
2021-06-10T13:13:08,1000.0,30.5,B
2021-06-10T13:13:01,100.0,30.5,B
2021-06-10T13:12:58,2000.0,30.5,B
2021-06-10T13:12:57,600.0,30.4,S
2021-06-10T13:12:51,500.0,30.5,B
2021-06-10T13:12:47,100.0,30.5,B
2021-06-10T13:12:38,2000.0,30.5,B
2021-06-10T13:12:30,300.0,30.5,B
2021-06-10T13:12:29,5000.0,30.5,B
2021-06-10T13:12:27,1700.0,30.4,S
2021-06-10T13:12:26,1000.0,30.4,S
2021-06-10T13:12:25,300.0,30.4,S
2021-06-10T13:12:24,1000.0,30.4,S
2021-06-10T13:12:21,2000.0,30.4,S
2021-06-10T13:12:20,200.0,30.4,S
2021-06-10T13:12:14,200.0,30.4,S
2021-06-10T13:12:10,10000.0,30.5,B
2021-06-10T13:12:07,500.0,30.4,S
2021-06-10T13:12:07,1500.0,30.4,S
2021-06-10T13:12:06,400.0,30.4,S
2021-06-10T13:12:00,500.0,30.4,S
2021-06-10T13:11:59,3000.0,30.4,S
2021-06-10T13:11:57,200.0,30.4,S
2021-06-10T13:11:53,10000.0,30.4,S
2021-06-10T13:11:51,3000.0,30.5,B
2021-06-10T13:11:50,500.0,30.5,B
2021-06-10T13:11:49,100.0,30.4,S
2021-06-10T13:11:44,500.0,30.5,B
2021-06-10T13:11:41,600.0,30.5,B
2021-06-10T13:11:35,60000.0,30.4,S
2021-06-10T13:11:34,1000.0,30.5,S
2021-06-10T13:11:34,1400.0,30.5,S
2021-06-10T13:11:33,600.0,30.5,S
2021-06-10T13:11:32,30000.0,30.5,S
2021-06-10T13:11:28,500.0,30.5,S
2021-06-10T13:11:27,21000.0,30.5,S
2021-06-10T13:11:25,100.0,30.6,B
2021-06-10T13:11:24,3300.0,30.5,S
2021-06-10T13:11:22,1000.0,30.5,S
2021-06-10T13:11:22,500.0,30.5,S
2021-06-10T13:11:21,500.0,30.5,S
2021-06-10T13:11:14,6000.0,30.5,S
2021-06-10T13:11:07,10000.0,30.5,S
2021-06-10T13:11:05,200.0,30.6,B
2021-06-10T13:11:03,200.0,30.5,S
2021-06-10T13:10:56,100.0,30.6,B
2021-06-10T13:10:55,700.0,30.6,B
2021-06-10T13:10:54,22700.0,30.6,S
2021-06-10T13:10:54,68500.0,30.6,S
2021-06-10T13:10:53,8000.0,30.6,S
2021-06-10T13:10:53,1200.0,30.6,S
2021-06-10T13:10:48,300.0,30.6,S
2021-06-10T13:10:47,2500.0,30.7,B
2021-06-10T13:10:46,34400.0,30.7,B
2021-06-10T13:10:43,100.0,30.6,S
2021-06-10T13:10:38,10000.0,30.6,S
2021-06-10T13:10:36,1000.0,30.6,S
2021-06-10T13:10:34,18100.0,30.6,S
2021-06-10T13:10:27,6000.0,30.6,S
2021-06-10T13:10:27,6000.0,30.7,B
2021-06-10T13:10:23,5000.0,30.6,S
2021-06-10T13:10:23,1600.0,30.6,S
2021-06-10T13:10:18,500.0,30.7,B
2021-06-10T13:09:57,400.0,30.7,B
2021-06-10T13:09:46,200.0,30.6,S
2021-06-10T13:09:44,100.0,30.7,B
2021-06-10T13:09:44,400.0,30.7,B
2021-06-10T13:09:31,2500.0,30.7,B
2021-06-10T13:09:16,200.0,30.7,B
2021-06-10T13:09:15,3000.0,30.6,S
2021-06-10T13:09:07,100.0,30.7,B
2021-06-10T13:08:55,1000.0,30.7,B
2021-06-10T13:08:49,100.0,30.6,S
2021-06-10T13:08:44,2600.0,30.7,B
2021-06-10T13:08:40,10300.0,30.6,S
2021-06-10T13:08:39,1000.0,30.6,S
2021-06-10T13:08:30,1000.0,30.6,S
2021-06-10T13:08:19,3600.0,30.6,S
2021-06-10T13:08:09,2000.0,30.6,S
2021-06-10T13:08:08,400.0,30.7,B
2021-06-10T13:08:00,300.0,30.6,S
2021-06-10T13:07:57,500.0,30.7,B
2021-06-10T13:07:57,2000.0,30.6,S
2021-06-10T13:07:49,1500.0,30.6,S
2021-06-10T13:07:48,800.0,30.6,S
2021-06-10T13:07:47,5000.0,30.6,S
2021-06-10T13:07:42,200.0,30.6,S
2021-06-10T13:07:39,300.0,30.6,S
2021-06-10T13:07:28,1000.0,30.6,S
2021-06-10T13:07:26,100.0,30.7,B
2021-06-10T13:07:18,100.0,30.6,S
2021-06-10T13:07:12,1900.0,30.7,B
2021-06-10T13:06:58,700.0,30.7,B
2021-06-10T13:06:56,2000.0,30.7,B
2021-06-10T13:06:54,10000.0,30.7,B
2021-06-10T13:06:50,1100.0,30.7,B
2021-06-10T13:06:39,94800.0,30.7,S
2021-06-10T13:06:31,2600.0,30.7,S
2021-06-10T13:06:30,1500.0,30.7,S
2021-06-10T13:06:29,4000.0,30.7,S
2021-06-10T13:06:27,100.0,30.8,B
2021-06-10T13:06:22,1000.0,30.7,S
2021-06-10T13:06:08,5000.0,30.7,S
2021-06-10T13:06:06,4900.0,30.8,B
2021-06-10T13:06:03,100.0,30.7,S
2021-06-10T13:05:59,2000.0,30.7,S
2021-06-10T13:05:41,3000.0,30.7,S
2021-06-10T13:05:40,5200.0,30.7,S
2021-06-10T13:05:37,2000.0,30.8,B
2021-06-10T13:05:37,300.0,30.7,S
2021-06-10T13:05:36,100.0,30.7,S
2021-06-10T13:05:21,1200.0,30.7,S
2021-06-10T13:05:17,700.0,30.8,B
2021-06-10T13:05:14,1000.0,30.8,B
2021-06-10T13:05:14,100.0,30.7,S
2021-06-10T13:05:05,500.0,30.7,S
2021-06-10T13:05:02,200.0,30.8,B
2021-06-10T13:05:02,900.0,30.8,B
2021-06-10T13:05:00,200.0,30.8,B
2021-06-10T13:04:57,1000.0,30.7,S
2021-06-10T13:04:57,100.0,30.8,B
2021-06-10T13:04:54,2500.0,30.8,B
2021-06-10T13:04:45,200.0,30.8,S
2021-06-10T13:04:45,500.0,30.8,S
2021-06-10T13:04:45,2000.0,30.8,S
2021-06-10T13:04:31,100.0,30.8,S
2021-06-10T13:04:28,3300.0,30.8,S
2021-06-10T13:04:28,3000.0,30.8,S
2021-06-10T13:04:12,1000.0,30.8,S
2021-06-10T13:04:00,100.0,30.8,S
2021-06-10T13:04:00,500.0,30.8,S
2021-06-10T13:03:51,200.0,30.8,S
2021-06-10T13:03:47,500.0,30.8,S
2021-06-10T13:03:45,2900.0,30.8,S
2021-06-10T13:03:38,1300.0,30.8,B
2021-06-10T13:03:37,5000.0,30.8,S
2021-06-10T13:03:36,2000.0,30.8,S
2021-06-10T13:03:36,1500.0,30.8,S
2021-06-10T13:03:29,5000.0,30.8,S
2021-06-10T13:03:27,100.0,30.8,S
2021-06-10T13:03:25,1000.0,30.8,S
2021-06-10T13:03:21,5200.0,30.8,S
2021-06-10T13:03:10,500.0,30.8,S
2021-06-10T13:03:09,4000.0,30.8,S
2021-06-10T13:03:08,500.0,30.8,S
2021-06-10T13:03:07,1000.0,30.8,S
2021-06-10T13:03:05,100.0,30.8,S
2021-06-10T13:03:05,500.0,30.8,S
2021-06-10T13:03:04,200.0,30.8,S
2021-06-10T13:02:59,300.0,30.8,S
2021-06-10T13:02:53,200.0,30.8,S
2021-06-10T13:02:49,5400.0,30.8,S
2021-06-10T13:02:43,2000.0,30.7,S
2021-06-10T13:02:34,300.0,30.8,B
2021-06-10T13:02:29,2700.0,30.8,S
2021-06-10T13:02:24,100.0,30.8,S
2021-06-10T13:02:24,3000.0,30.8,S
2021-06-10T13:02:22,100.0,30.8,S
2021-06-10T13:02:22,100.0,30.8,S
2021-06-10T13:02:20,1000.0,30.8,S
2021-06-10T13:02:16,2100.0,30.8,B
2021-06-10T13:02:11,5000.0,30.8,B
2021-06-10T13:02:08,500.0,30.8,B
2021-06-10T13:02:01,100.0,30.8,B
2021-06-10T13:01:57,3900.0,30.8,S
2021-06-10T13:01:54,5000.0,30.8,S
2021-06-10T13:01:52,500.0,30.8,S
2021-06-10T13:01:50,900.0,30.9,B
2021-06-10T13:01:39,900.0,30.8,S
2021-06-10T13:01:37,4000.0,30.8,S
2021-06-10T13:01:36,500.0,30.9,B
2021-06-10T13:01:36,4000.0,30.8,S
2021-06-10T13:01:32,6700.0,30.8,S
2021-06-10T13:01:29,1000.0,30.8,S
2021-06-10T13:01:10,5000.0,30.8,S
2021-06-10T13:01:09,500.0,30.8,S
2021-06-10T13:00:50,2000.0,30.9,B
2021-06-10T13:00:49,15000.0,30.8,S
2021-06-10T13:00:42,500.0,30.8,S
2021-06-10T13:00:39,2000.0,30.9,B
2021-06-10T13:00:27,23800.0,30.9,B
2021-06-10T13:00:26,1500.0,30.8,S
2021-06-10T13:00:22,5000.0,30.8,S
2021-06-10T13:00:08,15000.0,30.8,S
2021-06-10T13:00:08,3100.0,30.8,S
2021-06-10T13:00:07,6800.0,30.8,S
2021-06-10T13:00:06,1000.0,30.9,B
2021-06-10T13:00:06,500.0,30.9,B
2021-06-10T13:00:06,5500.0,30.7,S
2021-06-10T13:00:04,700.0,30.9,B
2021-06-10T13:00:04,1800.0,30.8,B
2021-06-10T13:00:04,16300.0,30.7,S
2021-06-10T13:00:04,4800.0,30.7,S
2021-06-10T13:00:02,2200.0,30.9,B
2021-06-10T13:00:01,1000.0,30.7,S
2021-06-10T11:29:56,12500.0,30.9,B
2021-06-10T11:29:51,400.0,30.7,S
2021-06-10T11:29:40,4100.0,30.9,B
2021-06-10T11:29:36,300.0,30.9,B
2021-06-10T11:29:24,500.0,30.8,S
2021-06-10T11:29:21,5700.0,30.9,B
2021-06-10T11:29:20,1300.0,30.9,B
2021-06-10T11:29:06,35000.0,30.9,B
2021-06-10T11:28:50,14900.0,30.9,B
2021-06-10T11:28:42,400.0,30.8,B
2021-06-10T11:28:34,26500.0,30.9,B
2021-06-10T11:28:32,100.0,30.8,S
2021-06-10T11:28:14,12500.0,30.9,B
2021-06-10T11:28:07,2000.0,30.7,S
2021-06-10T11:27:55,18300.0,30.7,S
2021-06-10T11:27:46,12000.0,30.7,S
2021-06-10T11:27:43,300.0,30.7,S
2021-06-10T11:27:33,8500.0,30.7,S
2021-06-10T11:27:17,2000.0,30.7,S
2021-06-10T11:27:16,9000.0,30.7,S
2021-06-10T11:27:11,400.0,30.8,B
2021-06-10T11:27:03,4800.0,30.8,B
2021-06-10T11:26:39,5000.0,30.8,B
2021-06-10T11:26:32,1000.0,30.8,B
2021-06-10T11:26:24,1600.0,30.7,S
2021-06-10T11:26:21,3800.0,30.7,S
2021-06-10T11:26:20,18500.0,30.7,S
2021-06-10T11:26:00,2500.0,30.8,B
2021-06-10T11:25:43,100.0,30.7,S
2021-06-10T11:25:39,5000.0,30.8,B
2021-06-10T11:25:36,200.0,30.7,S
2021-06-10T11:25:33,1000.0,30.7,S
2021-06-10T11:25:28,100.0,30.7,S
2021-06-10T11:25:24,3000.0,30.7,S
2021-06-10T11:25:23,100.0,30.7,S
2021-06-10T11:25:21,13900.0,30.7,S
2021-06-10T11:25:18,1900.0,30.7,S
2021-06-10T11:25:16,1000.0,30.7,S
2021-06-10T11:25:02,700.0,30.7,S
2021-06-10T11:25:01,3000.0,30.8,B
2021-06-10T11:25:01,200.0,30.7,S
2021-06-10T11:24:25,300.0,30.7,S
2021-06-10T11:24:23,2000.0,30.8,B
2021-06-10T11:24:12,600.0,30.7,S
2021-06-10T11:24:08,2500.0,30.7,B
2021-06-10T11:23:54,15400.0,30.7,S
2021-06-10T11:23:25,10000.0,30.8,B
2021-06-10T11:23:09,2600.0,30.8,B
2021-06-10T11:22:52,9400.0,30.7,S
2021-06-10T11:22:44,100.0,30.7,S
2021-06-10T11:22:33,9400.0,30.8,B
2021-06-10T11:22:24,100.0,30.7,S
2021-06-10T11:22:19,1000.0,30.7,S
2021-06-10T11:22:16,23500.0,30.8,B
2021-06-10T11:22:13,100.0,30.7,S
2021-06-10T11:22:11,24600.0,30.7,S
2021-06-10T11:22:10,100.0,30.7,S
2021-06-10T11:22:06,500.0,30.7,S
2021-06-10T11:21:57,5000.0,30.7,S
2021-06-10T11:21:56,500.0,30.7,S
2021-06-10T11:21:55,1000.0,30.7,S
2021-06-10T11:21:39,2500.0,30.7,S
2021-06-10T11:21:38,500.0,30.7,S
2021-06-10T11:21:36,300.0,30.7,S
2021-06-10T11:21:35,12500.0,30.8,B
2021-06-10T11:21:34,100.0,30.7,S
2021-06-10T11:21:11,2600.0,30.7,B
2021-06-10T11:21:09,2000.0,30.7,B
2021-06-10T11:21:04,2000.0,30.7,B
2021-06-10T11:21:03,1200.0,30.7,B
2021-06-10T11:21:02,100.0,30.7,B
2021-06-10T11:21:01,1000.0,30.7,B
2021-06-10T11:20:50,100.0,30.7,B
2021-06-10T11:20:41,5000.0,30.7,B
2021-06-10T11:20:15,1000.0,30.7,B
2021-06-10T11:20:13,800.0,30.7,B
2021-06-10T11:20:01,200.0,30.6,S
2021-06-10T11:19:51,1000.0,30.7,B
2021-06-10T11:19:50,400.0,30.6,S
2021-06-10T11:19:32,10000.0,30.6,S
2021-06-10T11:19:31,400.0,30.6,S
2021-06-10T11:19:29,6800.0,30.7,B
2021-06-10T11:19:09,5000.0,30.6,S
2021-06-10T11:19:09,10900.0,30.7,B
2021-06-10T11:18:45,5000.0,30.7,B
2021-06-10T11:18:37,1000.0,30.6,S
2021-06-10T11:18:34,3000.0,30.6,S
2021-06-10T11:18:28,100.0,30.6,S
2021-06-10T11:18:24,25300.0,30.6,S
2021-06-10T11:18:03,500.0,30.6,S
2021-06-10T11:17:50,20000.0,30.7,B
2021-06-10T11:17:40,100.0,30.7,B
2021-06-10T11:17:15,100.0,30.7,B
2021-06-10T11:16:54,10000.0,30.7,B
2021-06-10T11:15:57,2000.0,30.7,B
2021-06-10T11:15:47,500.0,30.6,S
2021-06-10T11:15:27,1700.0,30.7,B
2021-06-10T11:15:12,200.0,30.7,B
2021-06-10T11:14:49,7300.0,30.7,S
2021-06-10T11:14:49,600.0,30.8,B
2021-06-10T11:14:46,3000.0,30.7,S
2021-06-10T11:14:24,1300.0,30.7,S
2021-06-10T11:14:15,1000.0,30.7,S
2021-06-10T11:14:11,1000.0,30.7,S
2021-06-10T11:14:08,1500.0,30.7,S
2021-06-10T11:13:51,200.0,30.7,S
2021-06-10T11:13:42,100.0,30.7,S
2021-06-10T11:13:41,2000.0,30.8,B
2021-06-10T11:13:39,500.0,30.7,S
2021-06-10T11:13:30,200.0,30.7,S
2021-06-10T11:13:28,10000.0,30.7,S
2021-06-10T11:12:53,1600.0,30.7,B
2021-06-10T11:12:52,2600.0,30.7,B
2021-06-10T11:12:52,3700.0,30.7,B
2021-06-10T11:12:46,300.0,30.7,B
2021-06-10T11:12:42,2000.0,30.7,B
2021-06-10T11:12:32,100.0,30.7,B
2021-06-10T11:12:29,32200.0,30.7,S
2021-06-10T11:11:59,2900.0,30.7,S
2021-06-10T11:11:45,4500.0,30.7,B
2021-06-10T11:11:24,5000.0,30.7,B
2021-06-10T11:11:21,100.0,30.7,B
2021-06-10T11:11:20,1000.0,30.7,B
2021-06-10T11:11:12,1000.0,30.7,B
2021-06-10T11:11:07,3600.0,30.7,B
2021-06-10T11:11:01,1000.0,30.7,B
2021-06-10T11:10:52,300.0,30.7,B
2021-06-10T11:10:51,2000.0,30.7,B
2021-06-10T11:10:48,1000.0,30.7,B
2021-06-10T11:10:44,900.0,30.7,B
2021-06-10T11:10:32,2000.0,30.7,B
2021-06-10T11:10:28,15000.0,30.7,B
2021-06-10T11:10:22,4300.0,30.6,S
2021-06-10T11:10:15,2000.0,30.7,B
2021-06-10T11:10:08,100.0,30.6,S
2021-06-10T11:10:00,200.0,30.7,B
2021-06-10T11:09:58,1900.0,30.7,B
2021-06-10T11:09:46,3000.0,30.6,S
2021-06-10T11:09:42,2000.0,30.7,B
2021-06-10T11:09:40,2500.0,30.7,B
2021-06-10T11:09:29,10800.0,30.6,S
2021-06-10T11:09:26,10000.0,30.7,B
2021-06-10T11:09:25,400.0,30.7,B
2021-06-10T11:09:24,1200.0,30.7,B
2021-06-10T11:09:20,500.0,30.7,B
2021-06-10T11:09:10,100.0,30.7,B
2021-06-10T11:09:03,2500.0,30.7,B
2021-06-10T11:08:49,2000.0,30.7,B
2021-06-10T11:08:31,10700.0,30.7,S
2021-06-10T11:08:27,1000.0,30.7,S
2021-06-10T11:08:22,7600.0,30.8,B
2021-06-10T11:08:21,12600.0,30.8,B
2021-06-10T11:08:11,2000.0,30.8,B
2021-06-10T11:08:02,2000.0,30.8,B
2021-06-10T11:07:56,900.0,30.7,B
2021-06-10T11:07:51,1000.0,30.7,B
2021-06-10T11:07:48,5000.0,30.7,B
2021-06-10T11:07:47,3200.0,30.7,B
2021-06-10T11:07:31,1000.0,30.7,B
2021-06-10T11:07:28,12500.0,30.7,B
2021-06-10T11:07:24,3000.0,30.7,B
2021-06-10T11:07:23,2000.0,30.7,B
2021-06-10T11:07:22,2000.0,30.7,B
2021-06-10T11:07:20,6000.0,30.7,B
2021-06-10T11:07:07,5400.0,30.7,B
2021-06-10T11:07:07,1500.0,30.7,B
2021-06-10T11:06:50,100.0,30.7,B
2021-06-10T11:06:45,10000.0,30.7,B
2021-06-10T11:06:44,500.0,30.7,B
2021-06-10T11:06:36,6800.0,30.7,B
2021-06-10T11:06:34,2000.0,30.7,B
2021-06-10T11:06:30,400.0,30.7,B
2021-06-10T11:06:25,11100.0,30.7,B
2021-06-10T11:06:25,1000.0,30.7,B
2021-06-10T11:06:17,10000.0,30.7,B
2021-06-10T11:06:05,300.0,30.6,S
2021-06-10T11:05:59,1000.0,30.6,S
2021-06-10T11:05:59,3000.0,30.6,S
2021-06-10T11:05:47,500.0,30.6,S
2021-06-10T11:05:36,10300.0,30.7,B
2021-06-10T11:05:34,700.0,30.6,B
2021-06-10T11:05:29,200.0,30.6,B
2021-06-10T11:05:28,2000.0,30.6,B
2021-06-10T11:05:25,100.0,30.6,B
2021-06-10T11:05:22,2000.0,30.6,B
2021-06-10T11:05:18,200.0,30.6,B
2021-06-10T11:05:15,2000.0,30.6,B
2021-06-10T11:05:12,8500.0,30.6,B
2021-06-10T11:05:12,10000.0,30.6,B
2021-06-10T11:05:02,500.0,30.5,S
2021-06-10T11:04:56,1200.0,30.6,B
2021-06-10T11:04:55,2000.0,30.6,B
2021-06-10T11:04:39,30000.0,30.6,B
2021-06-10T11:04:39,10000.0,30.5,B
2021-06-10T11:04:28,9600.0,30.5,S
2021-06-10T11:04:25,200.0,30.6,B
2021-06-10T11:04:20,2100.0,30.5,S
2021-06-10T11:04:13,2800.0,30.5,S
2021-06-10T11:04:11,117000.0,30.5,S
2021-06-10T11:04:02,500.0,30.6,B
2021-06-10T11:03:58,13000.0,30.6,B
2021-06-10T11:03:52,600.0,30.5,S
2021-06-10T11:03:50,5000.0,30.6,B
2021-06-10T11:03:47,100.0,30.6,B
2021-06-10T11:03:46,300.0,30.6,B
2021-06-10T11:03:43,15000.0,30.5,S
2021-06-10T11:03:38,5000.0,30.6,B
2021-06-10T11:03:37,7500.0,30.6,B
2021-06-10T11:03:35,500.0,30.5,S
2021-06-10T11:03:29,1000.0,30.5,S
2021-06-10T11:03:19,1000.0,30.5,S
2021-06-10T11:03:12,100.0,30.5,S
2021-06-10T11:02:55,18600.0,30.5,S
2021-06-10T11:02:55,1000.0,30.5,S
2021-06-10T11:02:46,1000.0,30.5,S
2021-06-10T11:02:41,1000.0,30.6,B
2021-06-10T11:02:38,600.0,30.6,B
2021-06-10T11:02:35,100.0,30.6,B
2021-06-10T11:02:28,100.0,30.6,B
2021-06-10T11:02:24,100.0,30.6,B
2021-06-10T11:02:22,1000.0,30.6,B
2021-06-10T11:02:07,1200.0,30.6,S
2021-06-10T11:02:05,2000.0,30.6,S
2021-06-10T11:02:04,5000.0,30.6,S
2021-06-10T11:02:00,2000.0,30.6,S
2021-06-10T11:01:55,5200.0,30.6,S
2021-06-10T11:01:54,200.0,30.6,S
2021-06-10T11:01:52,200.0,30.6,S
2021-06-10T11:01:47,1000.0,30.7,B
2021-06-10T11:01:44,100.0,30.6,S
2021-06-10T11:01:42,5000.0,30.6,S
2021-06-10T11:01:39,400.0,30.6,S
2021-06-10T11:01:37,300.0,30.6,S
2021-06-10T11:01:36,9400.0,30.6,S
2021-06-10T11:01:34,100.0,30.6,S
2021-06-10T11:01:27,100.0,30.6,S
2021-06-10T11:01:25,200.0,30.6,S
2021-06-10T11:01:10,75800.0,30.6,B
2021-06-10T11:00:58,700.0,30.5,S
2021-06-10T11:00:55,10000.0,30.5,S
2021-06-10T11:00:45,3600.0,30.5,S
2021-06-10T11:00:24,1000.0,30.6,B
2021-06-10T11:00:06,1000.0,30.5,S
2021-06-10T11:00:02,100.0,30.6,B
2021-06-10T10:59:56,900.0,30.5,S
2021-06-10T10:59:52,2000.0,30.5,S
2021-06-10T10:59:41,1800.0,30.6,B
2021-06-10T10:59:34,2000.0,30.5,S
2021-06-10T10:59:31,100.0,30.5,S
2021-06-10T10:59:23,3000.0,30.6,B
2021-06-10T10:59:12,1400.0,30.5,S
2021-06-10T10:59:10,100.0,30.6,B
2021-06-10T10:58:55,200.0,30.5,S
2021-06-10T10:58:46,2100.0,30.6,S
2021-06-10T10:58:40,900.0,30.6,B
2021-06-10T10:58:38,300.0,30.5,S
2021-06-10T10:58:18,200.0,30.6,B
2021-06-10T10:58:13,2500.0,30.7,B
2021-06-10T10:58:12,200.0,30.6,B
2021-06-10T10:58:02,1000.0,30.6,B
2021-06-10T10:58:00,800.0,30.6,B
2021-06-10T10:57:49,500.0,30.6,B
2021-06-10T10:57:45,2000.0,30.6,B
2021-06-10T10:57:44,300.0,30.6,B
2021-06-10T10:57:41,1000.0,30.6,B
2021-06-10T10:57:31,1000.0,30.6,B
2021-06-10T10:57:16,200.0,30.5,S
2021-06-10T10:57:15,90000.0,30.5,S
2021-06-10T10:57:06,1000.0,30.6,B
2021-06-10T10:57:01,10000.0,30.5,S
2021-06-10T10:57:00,100.0,30.5,S
2021-06-10T10:56:58,1000.0,30.5,S
2021-06-10T10:56:41,200.0,30.5,S
2021-06-10T10:56:37,1300.0,30.6,B
2021-06-10T10:56:37,200.0,30.5,S
2021-06-10T10:56:26,1000.0,30.6,B
2021-06-10T10:55:58,2500.0,30.7,B
2021-06-10T10:55:39,1000.0,30.5,S
2021-06-10T10:55:28,7900.0,30.7,B
2021-06-10T10:55:28,1100.0,30.5,S
2021-06-10T10:55:25,10000.0,30.7,B
2021-06-10T10:55:23,200.0,30.5,B
2021-06-10T10:55:20,400.0,30.5,B
2021-06-10T10:55:17,200.0,30.5,S
2021-06-10T10:55:13,400.0,30.5,B
2021-06-10T10:55:10,100.0,30.5,B
2021-06-10T10:55:00,500.0,30.5,B
2021-06-10T10:54:52,100.0,30.4,S
2021-06-10T10:54:51,300.0,30.5,B
2021-06-10T10:54:49,66000.0,30.4,S
2021-06-10T10:54:42,2000.0,30.4,S
2021-06-10T10:54:39,6500.0,30.5,B
2021-06-10T10:54:38,100.0,30.5,B
2021-06-10T10:54:37,200.0,30.5,B
2021-06-10T10:54:35,3000.0,30.5,B
2021-06-10T10:54:32,600.0,30.5,B
2021-06-10T10:54:26,100.0,30.5,B
2021-06-10T10:54:23,5100.0,30.5,B
2021-06-10T10:54:22,100.0,30.4,S
2021-06-10T10:54:21,100.0,30.4,S
2021-06-10T10:54:18,1500.0,30.4,S
2021-06-10T10:54:17,10000.0,30.5,B
2021-06-10T10:54:12,10000.0,30.5,B
2021-06-10T10:54:10,100.0,30.5,B
2021-06-10T10:54:09,400.0,30.4,S
2021-06-10T10:54:06,100.0,30.4,S
2021-06-10T10:54:05,100.0,30.5,B
2021-06-10T10:54:04,2000.0,30.4,S
2021-06-10T10:53:59,4000.0,30.5,B
2021-06-10T10:53:58,3000.0,30.5,B
2021-06-10T10:53:55,1000.0,30.4,S
2021-06-10T10:53:55,8500.0,30.5,B
2021-06-10T10:53:54,100.0,30.5,B
2021-06-10T10:53:46,4800.0,30.4,S
2021-06-10T10:53:34,1000.0,30.4,S
2021-06-10T10:53:33,4100.0,30.5,B
2021-06-10T10:53:33,2000.0,30.5,B
2021-06-10T10:53:23,500.0,30.5,B
2021-06-10T10:53:22,11000.0,30.4,S
2021-06-10T10:53:21,4000.0,30.4,S
2021-06-10T10:53:20,100.0,30.5,B
2021-06-10T10:53:19,500.0,30.4,S
2021-06-10T10:53:11,100.0,30.5,B
2021-06-10T10:53:08,2700.0,30.4,S
2021-06-10T10:52:54,6800.0,30.5,B
2021-06-10T10:52:52,200.0,30.4,S
2021-06-10T10:52:48,1000.0,30.5,B
2021-06-10T10:52:45,1000.0,30.5,B
2021-06-10T10:52:44,10000.0,30.5,B
2021-06-10T10:52:37,2000.0,30.5,B
2021-06-10T10:52:32,30000.0,30.5,B
2021-06-10T10:52:30,2000.0,30.4,S
2021-06-10T10:52:29,10000.0,30.5,B
2021-06-10T10:52:26,1000.0,30.5,B
2021-06-10T10:52:25,1500.0,30.5,B
2021-06-10T10:52:25,1000.0,30.5,B
2021-06-10T10:52:18,2000.0,30.5,B
2021-06-10T10:52:16,100.0,30.5,B
2021-06-10T10:52:13,148300.0,30.5,S
2021-06-10T10:52:13,500.0,30.5,S
2021-06-10T10:52:11,1000.0,30.5,S
2021-06-10T10:52:05,3000.0,30.5,S
2021-06-10T10:51:59,50000.0,30.5,S
2021-06-10T10:51:56,10000.0,30.6,B
2021-06-10T10:51:55,1300.0,30.6,S
2021-06-10T10:51:51,1000.0,30.6,B
2021-06-10T10:51:48,250000.0,30.5,S
2021-06-10T10:51:46,5000.0,30.6,S
2021-06-10T10:51:45,1000.0,30.6,S
2021-06-10T10:51:36,200.0,30.6,S
2021-06-10T10:51:33,2000.0,30.6,S
2021-06-10T10:51:27,100.0,30.6,S
2021-06-10T10:51:25,200.0,30.7,B
2021-06-10T10:51:23,29500.0,30.6,S
2021-06-10T10:51:13,300.0,30.6,S
2021-06-10T10:51:04,9700.0,30.6,S
2021-06-10T10:50:47,1000.0,30.6,S
2021-06-10T10:50:28,100.0,30.6,S
2021-06-10T10:50:26,300.0,30.6,S
2021-06-10T10:50:25,500.0,30.7,B
2021-06-10T10:50:24,1000.0,30.6,S
2021-06-10T10:50:10,400.0,30.6,S
2021-06-10T10:50:01,100.0,30.6,S
2021-06-10T10:49:58,200.0,30.7,B
2021-06-10T10:49:50,2000.0,30.6,S
2021-06-10T10:49:41,500.0,30.6,S
2021-06-10T10:49:38,200.0,30.6,S
2021-06-10T10:49:29,3400.0,30.6,S
2021-06-10T10:48:46,500.0,30.7,B
2021-06-10T10:48:25,2300.0,30.7,S
2021-06-10T10:48:24,3500.0,30.7,S
2021-06-10T10:48:11,400.0,30.7,S
2021-06-10T10:48:04,3000.0,30.7,S
2021-06-10T10:48:02,2500.0,30.7,S
2021-06-10T10:47:57,1000.0,30.7,S
2021-06-10T10:47:56,5000.0,30.7,S
2021-06-10T10:47:50,200.0,30.7,S
2021-06-10T10:47:50,2000.0,30.7,S
2021-06-10T10:47:40,2000.0,30.7,S
2021-06-10T10:47:35,1000.0,30.7,S
2021-06-10T10:47:29,2000.0,30.7,S
2021-06-10T10:47:24,100.0,30.7,S
2021-06-10T10:47:21,200.0,30.7,S
2021-06-10T10:47:20,600.0,30.7,S
2021-06-10T10:47:19,1000.0,30.7,S
2021-06-10T10:47:18,600.0,30.7,S
2021-06-10T10:47:15,24400.0,30.7,S
2021-06-10T10:47:14,200.0,30.8,B
2021-06-10T10:47:05,1400.0,30.8,B
2021-06-10T10:47:02,400.0,30.7,S
2021-06-10T10:46:55,1200.0,30.7,S
2021-06-10T10:46:52,100.0,30.7,S
2021-06-10T10:46:51,1000.0,30.7,S
2021-06-10T10:46:50,1000.0,30.7,S
2021-06-10T10:46:45,1000.0,30.7,S
2021-06-10T10:46:38,4600.0,30.7,S
2021-06-10T10:46:36,200.0,30.7,S
2021-06-10T10:46:21,10000.0,30.7,S
2021-06-10T10:46:19,2000.0,30.7,S
2021-06-10T10:46:15,3000.0,30.7,S
2021-06-10T10:46:03,5000.0,30.7,S
2021-06-10T10:46:02,100.0,30.8,B
2021-06-10T10:45:57,300.0,30.8,B
2021-06-10T10:45:43,600.0,30.8,B
2021-06-10T10:45:34,6100.0,30.7,S
2021-06-10T10:45:29,1000.0,30.7,S
2021-06-10T10:45:25,100.0,30.7,S
2021-06-10T10:45:25,2000.0,30.8,B
2021-06-10T10:45:24,100.0,30.7,S
2021-06-10T10:45:17,1000.0,30.7,S
2021-06-10T10:45:15,300.0,30.7,S
2021-06-10T10:45:09,4000.0,30.8,B
2021-06-10T10:45:07,1000.0,30.8,B
2021-06-10T10:45:03,1000.0,30.8,B
2021-06-10T10:45:01,4000.0,30.7,S
2021-06-10T10:44:56,2000.0,30.8,B
2021-06-10T10:44:41,500.0,30.8,B
2021-06-10T10:44:24,100.0,30.8,B
2021-06-10T10:44:10,500.0,30.8,S
2021-06-10T10:44:09,500.0,30.8,B
2021-06-10T10:44:07,49500.0,30.8,S
2021-06-10T10:44:04,200.0,30.8,S
2021-06-10T10:44:01,1200.0,30.8,S
2021-06-10T10:43:59,50000.0,30.8,S
2021-06-10T10:43:54,3500.0,30.8,S
2021-06-10T10:43:53,900.0,30.8,S
2021-06-10T10:43:49,5000.0,30.8,S
2021-06-10T10:43:48,500.0,30.8,S
2021-06-10T10:43:37,100.0,30.8,S
2021-06-10T10:43:36,2000.0,30.8,S
2021-06-10T10:43:34,5000.0,30.8,S
2021-06-10T10:43:32,100.0,30.8,S
2021-06-10T10:43:20,100.0,30.8,S
2021-06-10T10:43:14,2000.0,30.8,S
2021-06-10T10:43:11,1000.0,30.9,B
2021-06-10T10:43:03,3000.0,30.8,S
2021-06-10T10:43:02,900.0,30.8,S
2021-06-10T10:43:01,5000.0,30.8,S
2021-06-10T10:42:58,100.0,30.8,S
2021-06-10T10:42:56,500.0,30.8,S
2021-06-10T10:42:53,1000.0,30.9,B
2021-06-10T10:42:49,2000.0,30.8,S
2021-06-10T10:42:48,5000.0,30.8,S
2021-06-10T10:42:45,300.0,30.8,S
2021-06-10T10:42:44,1000.0,30.8,S
2021-06-10T10:42:35,3000.0,30.8,S
2021-06-10T10:42:22,100.0,30.8,S
2021-06-10T10:42:20,200.0,30.8,S
2021-06-10T10:42:18,700.0,30.8,S
2021-06-10T10:42:17,5200.0,30.9,B
2021-06-10T10:41:47,200.0,30.8,S
2021-06-10T10:41:46,2500.0,30.8,S
2021-06-10T10:41:45,4100.0,30.8,S
2021-06-10T10:41:45,500.0,30.8,S
2021-06-10T10:41:38,1000.0,30.8,S
2021-06-10T10:41:32,300.0,30.9,B
2021-06-10T10:41:25,100.0,30.8,S
2021-06-10T10:41:18,3600.0,30.8,S
2021-06-10T10:41:17,8900.0,30.9,B
2021-06-10T10:40:51,2000.0,30.9,B
2021-06-10T10:40:46,10000.0,30.9,B
2021-06-10T10:40:14,3000.0,30.9,B
2021-06-10T10:40:12,13500.0,30.9,B
2021-06-10T10:39:49,1000.0,30.9,B
2021-06-10T10:39:44,5000.0,30.9,B
2021-06-10T10:39:40,100.0,30.9,B
2021-06-10T10:38:51,1000.0,30.9,B
2021-06-10T10:38:37,200.0,30.8,S
2021-06-10T10:38:29,500.0,30.9,B
2021-06-10T10:38:26,400.0,30.8,S
2021-06-10T10:38:19,4000.0,30.9,B
2021-06-10T10:38:15,1000.0,30.9,B
2021-06-10T10:38:04,10000.0,30.9,B
2021-06-10T10:38:01,2000.0,30.9,B
2021-06-10T10:37:51,500.0,30.9,B
2021-06-10T10:37:30,7800.0,30.9,S
2021-06-10T10:37:28,2000.0,30.9,S
2021-06-10T10:37:25,100.0,30.9,S
2021-06-10T10:37:14,200.0,30.9,S
2021-06-10T10:36:59,100.0,30.9,S
2021-06-10T10:36:58,500.0,30.9,S
2021-06-10T10:36:53,100.0,30.9,S
2021-06-10T10:36:47,1100.0,30.9,S
2021-06-10T10:36:37,2000.0,30.9,S
2021-06-10T10:36:37,200.0,30.9,S
2021-06-10T10:36:25,300.0,30.9,S
2021-06-10T10:36:21,500.0,30.9,S
2021-06-10T10:36:19,200.0,30.9,S
2021-06-10T10:36:15,200.0,30.9,S
2021-06-10T10:36:08,45400.0,30.9,S
2021-06-10T10:36:02,500.0,30.9,B
2021-06-10T10:36:01,1000.0,30.9,B
2021-06-10T10:36:01,100.0,30.8,S
2021-06-10T10:35:54,300.0,30.9,B
2021-06-10T10:35:46,1000.0,30.8,S
2021-06-10T10:35:46,1000.0,30.8,S
2021-06-10T10:35:43,400.0,30.8,S
2021-06-10T10:35:41,300.0,30.9,B
2021-06-10T10:35:34,200.0,30.8,S
2021-06-10T10:35:24,200.0,30.8,S
2021-06-10T10:35:22,3000.0,30.9,B
2021-06-10T10:35:13,300.0,30.8,S
2021-06-10T10:35:11,3000.0,30.8,S
2021-06-10T10:35:06,300.0,30.8,S
2021-06-10T10:34:55,15000.0,30.7,S
2021-06-10T10:34:54,100.0,30.8,S
2021-06-10T10:34:52,200.0,30.8,S
2021-06-10T10:34:43,12700.0,30.8,B
2021-06-10T10:34:42,1300.0,30.8,B
2021-06-10T10:34:37,15000.0,30.8,B
2021-06-10T10:34:35,24000.0,30.8,S
2021-06-10T10:34:34,1000.0,30.8,S
2021-06-10T10:34:26,300.0,30.8,S
2021-06-10T10:34:26,1000.0,30.8,S
2021-06-10T10:34:18,300.0,30.8,S
2021-06-10T10:34:14,1100.0,30.8,S
2021-06-10T10:34:03,50000.0,30.8,S
2021-06-10T10:34:02,1000.0,30.8,S
2021-06-10T10:33:51,1200.0,30.8,S
2021-06-10T10:33:47,1000.0,30.8,S
2021-06-10T10:33:41,31100.0,30.8,B
2021-06-10T10:33:34,1500.0,30.8,B
2021-06-10T10:33:25,500.0,30.7,S
2021-06-10T10:33:15,100.0,30.7,S
2021-06-10T10:33:10,3000.0,30.7,S
2021-06-10T10:32:58,500.0,30.7,S
2021-06-10T10:32:45,100.0,30.7,S
2021-06-10T10:32:35,24000.0,30.8,B
2021-06-10T10:32:24,300.0,30.7,S
2021-06-10T10:32:09,10000.0,30.7,S
2021-06-10T10:31:53,15000.0,30.7,S
2021-06-10T10:31:36,2000.0,30.8,B
2021-06-10T10:31:23,500.0,30.7,S
2021-06-10T10:31:19,100.0,30.7,S
2021-06-10T10:31:16,1400.0,30.8,B
2021-06-10T10:31:05,8000.0,30.8,B
2021-06-10T10:30:54,1600.0,30.8,B
2021-06-10T10:30:45,200.0,30.7,S
2021-06-10T10:30:32,2100.0,30.7,S
2021-06-10T10:30:16,500.0,30.8,B
2021-06-10T10:29:58,1800.0,30.8,B
2021-06-10T10:29:44,500.0,30.7,S
2021-06-10T10:29:43,2000.0,30.8,B
2021-06-10T10:29:39,2500.0,30.8,B
2021-06-10T10:29:31,100.0,30.8,B
2021-06-10T10:29:09,3500.0,30.8,B
2021-06-10T10:29:05,2000.0,30.8,B
2021-06-10T10:28:53,100.0,30.7,S
2021-06-10T10:28:50,4100.0,30.8,B
2021-06-10T10:28:44,1400.0,30.8,B
2021-06-10T10:28:43,300.0,30.8,B
2021-06-10T10:28:37,20000.0,30.8,B
2021-06-10T10:28:27,6800.0,30.8,B
2021-06-10T10:28:16,2000.0,30.8,B
2021-06-10T10:28:04,2000.0,30.7,S
2021-06-10T10:27:40,3000.0,30.8,B
2021-06-10T10:27:35,2000.0,30.8,B
2021-06-10T10:27:26,400.0,30.8,B
2021-06-10T10:27:22,5000.0,30.8,B
2021-06-10T10:27:10,4000.0,30.8,B
2021-06-10T10:27:07,200.0,30.8,B
2021-06-10T10:27:03,2400.0,30.8,B
2021-06-10T10:26:22,7000.0,30.8,B
2021-06-10T10:26:11,400.0,30.7,S
2021-06-10T10:25:51,2000.0,30.8,B
2021-06-10T10:25:36,200.0,30.7,S
2021-06-10T10:25:32,1000.0,30.7,S
2021-06-10T10:25:27,200.0,30.7,S
2021-06-10T10:25:21,1000.0,30.7,S
2021-06-10T10:25:14,500.0,30.7,S
2021-06-10T10:25:11,500.0,30.7,S
2021-06-10T10:25:04,200.0,30.7,S
2021-06-10T10:24:46,4000.0,30.7,S
2021-06-10T10:24:43,500.0,30.7,S
2021-06-10T10:24:43,2000.0,30.8,B
2021-06-10T10:24:41,7000.0,30.7,S
2021-06-10T10:24:23,200.0,30.8,B
2021-06-10T10:24:16,1400.0,30.7,S
2021-06-10T10:24:05,1200.0,30.8,B
2021-06-10T10:23:58,200.0,30.8,B
2021-06-10T10:23:47,1000.0,30.8,B
2021-06-10T10:23:43,1000.0,30.8,B
2021-06-10T10:23:40,12500.0,30.8,B
2021-06-10T10:23:39,200.0,30.7,S
2021-06-10T10:23:33,1500.0,30.7,S
2021-06-10T10:23:25,1000.0,30.8,B
2021-06-10T10:23:21,1800.0,30.7,S
2021-06-10T10:23:19,4700.0,30.7,S
2021-06-10T10:23:07,100.0,30.7,S
2021-06-10T10:22:59,1000.0,30.8,B
2021-06-10T10:22:54,300.0,30.8,B
2021-06-10T10:22:49,100.0,30.8,B
2021-06-10T10:22:48,200.0,30.7,S
2021-06-10T10:22:39,300.0,30.8,B
2021-06-10T10:22:33,1000.0,30.8,B
2021-06-10T10:22:20,5300.0,30.8,B
2021-06-10T10:22:19,100.0,30.8,B
2021-06-10T10:22:16,1600.0,30.8,B
2021-06-10T10:22:10,4700.0,30.8,B
2021-06-10T10:21:50,300.0,30.8,B
2021-06-10T10:21:49,100.0,30.8,B
2021-06-10T10:21:47,300.0,30.8,B
2021-06-10T10:21:43,100.0,30.8,B
2021-06-10T10:21:40,5000.0,30.8,B
2021-06-10T10:21:34,19700.0,30.8,S
2021-06-10T10:21:22,14800.0,30.9,B
2021-06-10T10:21:19,900.0,30.9,B
2021-06-10T10:21:12,200.0,30.8,B
2021-06-10T10:21:08,300.0,30.8,S
2021-06-10T10:21:05,3000.0,30.9,B
2021-06-10T10:21:01,4600.0,30.9,B
2021-06-10T10:20:59,100.0,30.8,B
2021-06-10T10:20:34,5000.0,30.9,B
2021-06-10T10:20:09,14300.0,30.9,B
2021-06-10T10:20:04,6600.0,30.7,S
2021-06-10T10:19:55,1000.0,30.7,S
2021-06-10T10:19:40,16900.0,30.7,S
2021-06-10T10:19:39,100.0,30.8,B
2021-06-10T10:19:34,100.0,30.8,B
2021-06-10T10:19:28,2000.0,30.8,B
2021-06-10T10:19:15,300.0,30.8,B
2021-06-10T10:19:07,500.0,30.8,B
2021-06-10T10:18:56,100.0,30.8,B
2021-06-10T10:18:55,1600.0,30.8,B
2021-06-10T10:18:55,1000.0,30.8,B
2021-06-10T10:18:48,1000.0,30.8,S
2021-06-10T10:18:31,100.0,30.9,B
2021-06-10T10:18:30,500.0,30.9,B
2021-06-10T10:18:28,18400.0,30.8,S
2021-06-10T10:18:19,100.0,30.9,B
2021-06-10T10:18:16,18500.0,31.0,B
2021-06-10T10:18:08,200.0,30.9,B
2021-06-10T10:18:04,2100.0,31.0,B
2021-06-10T10:17:58,1400.0,31.0,B
2021-06-10T10:17:56,63700.0,30.8,S
2021-06-10T10:17:53,5000.0,31.0,B
2021-06-10T10:17:38,15600.0,31.0,B
2021-06-10T10:17:30,5000.0,31.0,B
2021-06-10T10:17:26,5700.0,31.0,B
2021-06-10T10:17:24,12500.0,31.0,B
2021-06-10T10:17:23,300.0,30.9,B
2021-06-10T10:17:21,200.0,30.9,B
2021-06-10T10:17:10,8900.0,31.0,B
2021-06-10T10:17:08,1300.0,30.9,B
2021-06-10T10:16:59,500.0,30.9,B
2021-06-10T10:16:56,2000.0,30.9,S
2021-06-10T10:16:54,8400.0,31.0,B
2021-06-10T10:16:49,10000.0,30.9,B
2021-06-10T10:16:45,100.0,30.9,B
2021-06-10T10:16:41,6200.0,30.9,S
2021-06-10T10:16:39,10600.0,31.0,B
2021-06-10T10:16:30,1000.0,30.9,S
2021-06-10T10:16:21,16800.0,31.0,B
2021-06-10T10:16:09,200.0,31.0,S
2021-06-10T10:16:06,18500.0,31.0,B
2021-06-10T10:15:58,2000.0,31.0,B
2021-06-10T10:15:52,14800.0,31.0,B
2021-06-10T10:15:51,1100.0,30.9,S
2021-06-10T10:15:46,500.0,31.0,B
2021-06-10T10:15:46,2000.0,30.9,S
2021-06-10T10:15:44,500.0,31.0,B
2021-06-10T10:15:41,10000.0,31.0,B
2021-06-10T10:15:39,13500.0,31.0,B
2021-06-10T10:15:23,300.0,31.0,B
2021-06-10T10:15:21,14600.0,31.0,B
2021-06-10T10:15:18,4700.0,31.0,S
2021-06-10T10:15:16,1700.0,31.0,S
2021-06-10T10:15:08,8900.0,31.1,B
2021-06-10T10:15:02,2000.0,31.0,B
2021-06-10T10:14:56,2800.0,31.0,B
2021-06-10T10:14:54,300.0,30.9,S
2021-06-10T10:14:42,5000.0,31.0,B
2021-06-10T10:14:42,3000.0,31.0,B
2021-06-10T10:14:40,200.0,31.0,B
2021-06-10T10:14:30,10000.0,31.0,B
2021-06-10T10:14:24,500.0,31.0,B
2021-06-10T10:14:24,1000.0,31.0,B
2021-06-10T10:14:20,3000.0,30.9,S
2021-06-10T10:14:20,4000.0,31.0,B
2021-06-10T10:14:20,50800.0,31.0,B
2021-06-10T10:13:58,1000.0,31.0,B
2021-06-10T10:13:58,500.0,31.0,B
2021-06-10T10:13:58,2000.0,31.0,B
2021-06-10T10:13:58,200.0,31.0,B
2021-06-10T10:13:58,500.0,31.0,B
2021-06-10T10:13:56,1000.0,31.0,B
2021-06-10T10:13:56,20000.0,31.0,B
2021-06-10T10:13:56,1500.0,31.0,B
2021-06-10T10:13:56,20000.0,31.0,S
2021-06-10T10:13:56,100.0,31.1,B
2021-06-10T10:13:42,2000.0,31.1,B
2021-06-10T10:13:42,14800.0,31.1,B
2021-06-10T10:13:21,1000.0,31.0,S
2021-06-10T10:13:20,1000.0,31.1,B
2021-06-10T10:13:09,5400.0,31.1,B
2021-06-10T10:13:04,1600.0,31.1,B
2021-06-10T10:13:03,2000.0,31.1,B
2021-06-10T10:13:00,10000.0,31.1,B
2021-06-10T10:12:56,1800.0,31.1,B
2021-06-10T10:12:54,12600.0,31.1,B
2021-06-10T10:12:47,1000.0,31.1,B
2021-06-10T10:12:41,1000.0,31.1,B
2021-06-10T10:12:40,24600.0,31.1,B
2021-06-10T10:12:25,6900.0,31.1,B
2021-06-10T10:12:22,200.0,31.0,S
2021-06-10T10:12:21,2000.0,31.1,B
2021-06-10T10:12:14,500.0,31.0,S
2021-06-10T10:12:12,18600.0,31.1,B
2021-06-10T10:12:06,200.0,31.0,S
2021-06-10T10:11:55,4900.0,31.0,B
2021-06-10T10:11:55,100.0,31.0,B
2021-06-10T10:11:50,3500.0,31.1,B
2021-06-10T10:11:48,200.0,31.0,B
2021-06-10T10:11:47,1200.0,31.0,S
2021-06-10T10:11:43,300.0,31.1,B
2021-06-10T10:11:39,1000.0,31.1,B
2021-06-10T10:11:37,2000.0,31.1,B
2021-06-10T10:11:35,1000.0,31.0,S
2021-06-10T10:11:34,4700.0,31.1,B
2021-06-10T10:11:33,1900.0,31.0,S
2021-06-10T10:11:28,1000.0,31.1,B
2021-06-10T10:11:18,10800.0,31.1,B
2021-06-10T10:11:09,100.0,31.1,B
2021-06-10T10:11:02,10500.0,31.0,S
2021-06-10T10:11:01,10300.0,31.1,B
2021-06-10T10:11:00,1300.0,31.0,S
2021-06-10T10:10:58,1000.0,31.1,B
2021-06-10T10:10:57,200.0,31.0,S
2021-06-10T10:10:47,25400.0,31.0,S
2021-06-10T10:10:24,10900.0,31.1,B
2021-06-10T10:10:18,500.0,31.0,S
2021-06-10T10:10:15,1000.0,31.0,S
2021-06-10T10:10:13,500.0,31.0,S
2021-06-10T10:10:12,200.0,31.0,S
2021-06-10T10:10:11,1600.0,31.0,S
2021-06-10T10:10:10,100.0,31.0,S
2021-06-10T10:10:07,24500.0,31.1,B
2021-06-10T10:10:06,200.0,31.0,S
2021-06-10T10:10:02,10000.0,31.0,S
2021-06-10T10:09:54,500.0,31.0,S
2021-06-10T10:09:48,500.0,31.0,B
2021-06-10T10:09:48,90200.0,31.0,B
2021-06-10T10:09:42,10900.0,31.0,B
2021-06-10T10:09:41,10000.0,31.0,B
2021-06-10T10:09:31,100.0,30.9,S
2021-06-10T10:09:27,26300.0,31.0,B
2021-06-10T10:09:20,500.0,30.9,S
2021-06-10T10:09:12,14800.0,31.0,B
2021-06-10T10:09:11,800.0,30.9,B
2021-06-10T10:09:05,100.0,30.9,B
2021-06-10T10:08:56,100.0,30.9,S
2021-06-10T10:08:54,2500.0,30.9,B
2021-06-10T10:08:52,200.0,30.9,B
2021-06-10T10:08:40,7000.0,30.8,S
2021-06-10T10:08:36,8900.0,30.9,B
2021-06-10T10:08:35,20000.0,30.9,B
2021-06-10T10:08:30,2000.0,30.9,B
2021-06-10T10:08:26,100.0,30.8,S
2021-06-10T10:08:18,6800.0,30.9,B
2021-06-10T10:08:07,100.0,30.8,S
2021-06-10T10:08:05,600.0,30.9,B
2021-06-10T10:07:53,100.0,30.9,B
2021-06-10T10:07:34,10300.0,30.9,B
2021-06-10T10:07:27,1500.0,30.8,S
2021-06-10T10:07:20,11500.0,30.8,S
2021-06-10T10:07:06,800.0,30.9,B
2021-06-10T10:06:53,100.0,30.9,B
2021-06-10T10:06:50,100.0,30.9,B
2021-06-10T10:06:47,5000.0,30.9,B
2021-06-10T10:06:40,1100.0,30.9,B
2021-06-10T10:06:39,4000.0,30.9,S
2021-06-10T10:06:36,200.0,30.9,S
2021-06-10T10:06:35,1000.0,30.9,S
2021-06-10T10:06:28,15000.0,30.9,S
2021-06-10T10:06:28,12500.0,31.0,B
2021-06-10T10:06:26,1000.0,31.0,B
2021-06-10T10:06:17,100.0,30.9,S
2021-06-10T10:05:50,150000.0,30.8,S
2021-06-10T10:05:40,2000.0,31.0,B
2021-06-10T10:05:37,50000.0,31.0,B
2021-06-10T10:05:33,100.0,30.9,S
2021-06-10T10:05:11,3200.0,31.0,B
2021-06-10T10:05:09,1000.0,30.9,S
2021-06-10T10:04:56,1900.0,30.9,S
2021-06-10T10:04:42,500.0,30.9,S
2021-06-10T10:04:37,300.0,31.0,B
2021-06-10T10:04:36,200.0,30.9,S
2021-06-10T10:04:27,100.0,31.0,B
2021-06-10T10:04:24,200.0,30.9,S
2021-06-10T10:04:23,200.0,30.9,S
2021-06-10T10:04:09,50000.0,30.9,S
2021-06-10T10:04:04,20000.0,31.0,B
2021-06-10T10:04:00,100.0,30.9,S
2021-06-10T10:03:42,3100.0,30.9,S
2021-06-10T10:03:40,1000.0,31.0,B
2021-06-10T10:03:40,5800.0,31.0,B
2021-06-10T10:03:39,100.0,30.9,S
2021-06-10T10:03:27,300.0,30.9,S
2021-06-10T10:03:26,12500.0,31.0,B
2021-06-10T10:03:20,2000.0,31.0,B
2021-06-10T10:03:16,2100.0,30.9,S
2021-06-10T10:03:07,100.0,30.9,S
2021-06-10T10:03:03,1000.0,30.9,S
2021-06-10T10:02:58,200.0,30.9,S
2021-06-10T10:02:50,17800.0,30.9,S
2021-06-10T10:02:45,5000.0,30.9,B
2021-06-10T10:02:38,4100.0,30.9,B
2021-06-10T10:02:37,1800.0,30.9,B
2021-06-10T10:02:35,800.0,30.9,B
2021-06-10T10:02:35,5700.0,30.9,B
2021-06-10T10:02:33,3000.0,30.9,B
2021-06-10T10:02:29,7200.0,30.9,B
2021-06-10T10:02:24,500.0,30.9,B
2021-06-10T10:02:20,10600.0,30.8,S
2021-06-10T10:02:20,2600.0,30.9,B
2021-06-10T10:02:15,200.0,30.8,S
2021-06-10T10:02:15,2000.0,30.9,B
2021-06-10T10:02:08,500.0,30.8,S
2021-06-10T10:02:04,13900.0,30.9,B
2021-06-10T10:02:00,3000.0,30.8,S
2021-06-10T10:01:52,2000.0,30.9,B
2021-06-10T10:01:46,400.0,30.8,S
2021-06-10T10:01:45,5600.0,30.9,B
2021-06-10T10:01:36,1300.0,30.8,S
2021-06-10T10:01:28,2000.0,30.8,B
2021-06-10T10:01:19,200.0,30.8,B
2021-06-10T10:01:11,100.0,30.8,B
2021-06-10T10:01:00,2000.0,30.8,S
2021-06-10T10:00:52,5000.0,30.7,S
2021-06-10T10:00:48,300.0,30.8,B
2021-06-10T10:00:47,500.0,30.8,B
2021-06-10T10:00:45,3000.0,30.8,B
2021-06-10T10:00:44,100.0,30.8,B
2021-06-10T10:00:44,1000.0,30.8,B
2021-06-10T10:00:43,1000.0,30.8,B
2021-06-10T10:00:39,1300.0,30.8,B
2021-06-10T10:00:39,500.0,30.8,B
2021-06-10T10:00:36,4000.0,30.8,B
2021-06-10T10:00:33,500.0,30.8,B
2021-06-10T10:00:31,600.0,30.8,B
2021-06-10T10:00:28,12500.0,30.8,B
2021-06-10T10:00:24,800.0,30.8,B
2021-06-10T10:00:24,1000.0,30.8,B
2021-06-10T10:00:22,100.0,30.8,B
2021-06-10T10:00:10,23300.0,30.8,S
2021-06-10T10:00:03,1000.0,30.9,B
2021-06-10T10:00:03,4500.0,30.9,B
2021-06-10T09:59:57,5000.0,30.9,B
2021-06-10T09:59:55,1600.0,30.8,B
2021-06-10T09:59:54,2400.0,30.8,S
2021-06-10T09:59:51,300.0,30.8,B
2021-06-10T09:59:49,500.0,30.8,B
2021-06-10T09:59:47,300.0,30.8,S
2021-06-10T09:59:45,100.0,30.8,S
2021-06-10T09:59:44,100.0,30.8,B
2021-06-10T09:59:42,1000.0,30.8,B
2021-06-10T09:59:40,1000.0,30.8,B
2021-06-10T09:59:40,100.0,30.7,S
2021-06-10T09:59:37,500.0,30.8,B
2021-06-10T09:59:35,200.0,30.8,B
2021-06-10T09:59:33,8900.0,30.8,B
2021-06-10T09:59:32,2000.0,30.8,B
2021-06-10T09:59:30,100.0,30.8,B
2021-06-10T09:59:26,12500.0,30.8,B
2021-06-10T09:59:26,1300.0,30.8,B
2021-06-10T09:59:24,500.0,30.8,B
2021-06-10T09:59:24,2000.0,30.8,B
2021-06-10T09:59:21,200.0,30.8,B
2021-06-10T09:59:15,10000.0,30.8,B
2021-06-10T09:59:12,4900.0,30.8,B
2021-06-10T09:59:07,3000.0,30.8,B
2021-06-10T09:58:59,500.0,30.8,B
2021-06-10T09:58:58,10000.0,30.8,B
2021-06-10T09:58:54,2200.0,30.8,B
2021-06-10T09:58:54,6800.0,30.8,B
2021-06-10T09:58:50,200.0,30.8,B
2021-06-10T09:58:46,5000.0,30.8,B
2021-06-10T09:58:46,1000.0,30.8,B
2021-06-10T09:58:46,3500.0,30.8,B
2021-06-10T09:58:13,2100.0,30.8,B
2021-06-10T09:58:12,1100.0,30.7,S
2021-06-10T09:58:11,1000.0,30.8,B
2021-06-10T09:58:11,100.0,30.7,S
2021-06-10T09:58:10,8500.0,30.8,B
2021-06-10T09:57:28,100.0,30.7,S
2021-06-10T09:57:28,2000.0,30.8,B
2021-06-10T09:57:28,500.0,30.8,B
2021-06-10T09:57:26,100.0,30.7,S
2021-06-10T09:57:25,300.0,30.8,B
2021-06-10T09:57:17,300.0,30.7,S
2021-06-10T09:57:10,200.0,30.8,B
2021-06-10T09:56:58,16500.0,30.7,B
2021-06-10T09:56:50,5000.0,30.7,B
2021-06-10T09:56:49,300.0,30.7,B
2021-06-10T09:56:43,100.0,30.7,B
2021-06-10T09:56:38,5000.0,30.7,B
2021-06-10T09:56:36,3000.0,30.7,B
2021-06-10T09:56:29,100.0,30.6,S
2021-06-10T09:56:27,500.0,30.7,B
2021-06-10T09:56:20,25000.0,30.6,S
2021-06-10T09:56:18,1000.0,30.6,S
2021-06-10T09:56:10,200.0,30.7,B
2021-06-10T09:56:09,1000.0,30.6,S
2021-06-10T09:56:07,1700.0,30.6,S
2021-06-10T09:56:05,100.0,30.7,B
2021-06-10T09:56:02,200.0,30.7,B
2021-06-10T09:55:58,3000.0,30.7,B
2021-06-10T09:55:57,500.0,30.7,B
2021-06-10T09:55:56,2000.0,30.7,B
2021-06-10T09:55:55,1200.0,30.7,B
2021-06-10T09:55:50,2000.0,30.7,B
2021-06-10T09:55:50,7000.0,30.7,B
2021-06-10T09:55:47,300.0,30.7,B
2021-06-10T09:55:43,10000.0,30.7,B
2021-06-10T09:55:43,100.0,30.7,B
2021-06-10T09:55:42,300.0,30.7,B
2021-06-10T09:55:41,10000.0,30.7,B
2021-06-10T09:55:36,18800.0,30.7,S
2021-06-10T09:55:35,2000.0,30.7,S
2021-06-10T09:55:30,100.0,30.7,S
2021-06-10T09:55:28,1000.0,30.8,B
2021-06-10T09:55:27,3000.0,30.7,S
2021-06-10T09:55:26,200.0,30.7,S
2021-06-10T09:55:20,500.0,30.8,B
2021-06-10T09:55:00,7000.0,30.7,S
2021-06-10T09:54:59,1500.0,30.6,S
2021-06-10T09:54:58,300.0,30.7,B
2021-06-10T09:54:55,300.0,30.7,B
2021-06-10T09:54:54,1000.0,30.7,B
2021-06-10T09:54:53,1000.0,30.7,B
2021-06-10T09:54:50,900.0,30.7,B
2021-06-10T09:54:46,3100.0,30.7,B
2021-06-10T09:54:46,100.0,30.7,B
2021-06-10T09:54:44,1000.0,30.7,B
2021-06-10T09:54:42,900.0,30.7,B
2021-06-10T09:54:36,5000.0,30.7,B
2021-06-10T09:54:33,10000.0,30.7,B
2021-06-10T09:54:31,1000.0,30.7,B
2021-06-10T09:54:26,300.0,30.7,B
2021-06-10T09:54:25,20000.0,30.7,B
2021-06-10T09:54:18,10300.0,30.6,S
2021-06-10T09:54:16,600.0,30.7,B
2021-06-10T09:54:14,500.0,30.7,B
2021-06-10T09:54:11,100.0,30.7,B
2021-06-10T09:54:09,200.0,30.7,B
2021-06-10T09:54:08,700.0,30.7,B
2021-06-10T09:54:07,500.0,30.7,B
2021-06-10T09:54:01,9000.0,30.6,S
2021-06-10T09:53:58,200.0,30.7,B
2021-06-10T09:53:53,400.0,30.7,B
2021-06-10T09:53:46,1000.0,30.7,B
2021-06-10T09:53:45,200.0,30.7,B
2021-06-10T09:53:43,200.0,30.6,S
2021-06-10T09:53:43,300.0,30.6,S
2021-06-10T09:53:33,1000.0,30.6,S
2021-06-10T09:53:25,1000.0,30.7,B
2021-06-10T09:53:18,700.0,30.6,S
2021-06-10T09:53:16,4200.0,30.6,S
2021-06-10T09:53:15,3000.0,30.6,B
2021-06-10T09:53:12,3000.0,30.6,B
2021-06-10T09:53:11,17300.0,30.6,S
2021-06-10T09:53:08,2000.0,30.6,S
2021-06-10T09:53:07,400.0,30.6,S
2021-06-10T09:53:06,100.0,30.6,S
2021-06-10T09:53:04,5100.0,30.6,S
2021-06-10T09:53:01,10000.0,30.6,B
2021-06-10T09:52:57,200.0,30.5,S
2021-06-10T09:52:56,10000.0,30.6,B
2021-06-10T09:52:49,1900.0,30.5,S
2021-06-10T09:52:48,1200.0,30.6,B
2021-06-10T09:52:45,100.0,30.6,B
2021-06-10T09:52:42,200.0,30.6,B
2021-06-10T09:52:41,1000.0,30.6,B
2021-06-10T09:52:37,20000.0,30.6,B
2021-06-10T09:52:29,2000.0,30.6,B
2021-06-10T09:52:28,400.0,30.5,S
2021-06-10T09:52:26,600.0,30.5,S
2021-06-10T09:52:19,18600.0,30.5,S
2021-06-10T09:52:14,10000.0,30.6,B
2021-06-10T09:52:11,1900.0,30.5,S
2021-06-10T09:52:09,5000.0,30.6,B
2021-06-10T09:52:01,200.0,30.5,S
2021-06-10T09:51:58,1000.0,30.5,S
2021-06-10T09:51:56,1000.0,30.5,S
2021-06-10T09:51:55,300.0,30.6,B
2021-06-10T09:51:54,500.0,30.6,B
2021-06-10T09:51:53,2000.0,30.6,B
2021-06-10T09:51:46,200.0,30.5,S
2021-06-10T09:51:44,100.0,30.6,B
2021-06-10T09:51:37,500.0,30.6,B
2021-06-10T09:51:32,1000.0,30.6,B
2021-06-10T09:51:30,10000.0,30.6,B
2021-06-10T09:51:29,500.0,30.5,S
2021-06-10T09:51:20,500.0,30.6,B
2021-06-10T09:51:13,10000.0,30.6,B
2021-06-10T09:51:10,5200.0,30.6,B
2021-06-10T09:51:08,6200.0,30.5,S
2021-06-10T09:51:06,500.0,30.6,B
2021-06-10T09:51:01,2000.0,30.6,B
2021-06-10T09:51:01,1500.0,30.6,B
2021-06-10T09:50:58,400.0,30.6,B
2021-06-10T09:50:58,1000.0,30.6,B
2021-06-10T09:50:57,10000.0,30.6,B
2021-06-10T09:50:55,10000.0,30.6,B
2021-06-10T09:50:52,500.0,30.6,B
2021-06-10T09:50:51,3000.0,30.6,B
2021-06-10T09:50:50,200.0,30.6,B
2021-06-10T09:50:49,2000.0,30.6,B
2021-06-10T09:50:48,300.0,30.5,S
2021-06-10T09:50:41,300.0,30.6,B
2021-06-10T09:50:38,2000.0,30.6,B
2021-06-10T09:50:35,200.0,30.6,B
2021-06-10T09:50:33,10000.0,30.5,S
2021-06-10T09:50:33,20600.0,30.6,B
2021-06-10T09:50:28,2700.0,30.5,S
2021-06-10T09:50:27,100.0,30.6,B
2021-06-10T09:50:27,3000.0,30.6,B
2021-06-10T09:50:21,200.0,30.6,B
2021-06-10T09:50:19,10000.0,30.6,B
2021-06-10T09:50:17,2000.0,30.6,B
2021-06-10T09:50:14,600.0,30.6,B
2021-06-10T09:50:09,300.0,30.5,S
2021-06-10T09:50:06,100.0,30.6,B
2021-06-10T09:50:03,1100.0,30.5,S
2021-06-10T09:50:02,1200.0,30.6,B
2021-06-10T09:50:01,1000.0,30.6,B
2021-06-10T09:49:58,8500.0,30.6,S
2021-06-10T09:49:52,100.0,30.6,S
2021-06-10T09:49:50,100.0,30.6,S
2021-06-10T09:49:48,3900.0,30.6,S
2021-06-10T09:49:47,100.0,30.6,B
2021-06-10T09:49:47,100.0,30.6,B
2021-06-10T09:49:46,11800.0,30.5,S
2021-06-10T09:49:45,2000.0,30.6,B
2021-06-10T09:49:40,3200.0,30.6,B
2021-06-10T09:49:32,5000.0,30.5,S
2021-06-10T09:49:28,1600.0,30.6,B
2021-06-10T09:49:27,17400.0,30.6,B
2021-06-10T09:49:25,300.0,30.5,S
2021-06-10T09:49:25,2300.0,30.5,S
2021-06-10T09:49:24,8400.0,30.6,B
2021-06-10T09:49:22,1200.0,30.5,S
2021-06-10T09:49:17,5600.0,30.5,S
2021-06-10T09:49:16,200.0,30.5,S
2021-06-10T09:49:15,500.0,30.5,S
2021-06-10T09:49:12,6500.0,30.5,S
2021-06-10T09:48:58,1500.0,30.5,S
2021-06-10T09:48:54,7500.0,30.5,S
2021-06-10T09:48:48,200.0,30.6,B
2021-06-10T09:48:43,2000.0,30.6,B
2021-06-10T09:48:39,1000.0,30.6,B
2021-06-10T09:48:30,200.0,30.6,B
2021-06-10T09:48:28,1000.0,30.7,B
2021-06-10T09:48:28,300.0,30.6,S
2021-06-10T09:48:27,700.0,30.6,B
2021-06-10T09:48:24,1600.0,30.6,S
2021-06-10T09:48:23,1000.0,30.6,S
2021-06-10T09:48:22,100.0,30.6,S
2021-06-10T09:48:20,1100.0,30.6,S
2021-06-10T09:48:16,2000.0,30.6,S
2021-06-10T09:48:16,1000.0,30.6,S
2021-06-10T09:48:09,200.0,30.6,S
2021-06-10T09:48:09,800.0,30.6,S
2021-06-10T09:48:09,1000.0,30.6,S
2021-06-10T09:48:03,200.0,30.6,S
2021-06-10T09:47:58,4700.0,30.6,S
2021-06-10T09:47:55,6500.0,30.6,B
2021-06-10T09:47:54,5000.0,30.6,B
2021-06-10T09:47:52,2000.0,30.6,B
2021-06-10T09:47:50,1200.0,30.6,B
2021-06-10T09:47:50,300.0,30.6,B
2021-06-10T09:47:48,1000.0,30.6,B
2021-06-10T09:47:48,5000.0,30.6,B
2021-06-10T09:47:46,500.0,30.6,B
2021-06-10T09:47:45,1000.0,30.5,S
2021-06-10T09:47:43,1000.0,30.5,S
2021-06-10T09:47:41,8000.0,30.5,S
2021-06-10T09:47:41,100.0,30.5,S
2021-06-10T09:47:39,10000.0,30.5,S
2021-06-10T09:47:39,5000.0,30.6,B
2021-06-10T09:47:35,1100.0,30.5,S
2021-06-10T09:47:34,1000.0,30.6,B
2021-06-10T09:47:31,1000.0,30.5,S
2021-06-10T09:47:31,400.0,30.5,S
2021-06-10T09:47:27,3000.0,30.5,S
2021-06-10T09:47:24,20100.0,30.5,S
2021-06-10T09:47:16,2100.0,30.5,S
2021-06-10T09:47:13,5000.0,30.5,S
2021-06-10T09:47:11,300.0,30.5,S
2021-06-10T09:47:10,9000.0,30.6,B
2021-06-10T09:47:07,300.0,30.5,S
2021-06-10T09:47:06,500.0,30.6,B
2021-06-10T09:47:05,100.0,30.5,S
2021-06-10T09:47:04,5000.0,30.6,B
2021-06-10T09:47:02,1000.0,30.5,S
2021-06-10T09:47:00,200.0,30.5,S
2021-06-10T09:47:00,4000.0,30.5,S
2021-06-10T09:46:59,2400.0,30.5,S
2021-06-10T09:46:57,1000.0,30.5,S
2021-06-10T09:46:57,500.0,30.5,S
2021-06-10T09:46:54,10000.0,30.5,S
2021-06-10T09:46:54,76700.0,30.5,B
2021-06-10T09:46:49,5000.0,30.5,B
2021-06-10T09:46:45,100.0,30.4,S
2021-06-10T09:46:45,2000.0,30.5,B
2021-06-10T09:46:44,1000.0,30.4,S
2021-06-10T09:46:44,200.0,30.5,B
2021-06-10T09:46:40,3000.0,30.5,B
2021-06-10T09:46:38,1000.0,30.5,B
2021-06-10T09:46:32,2000.0,30.5,B
2021-06-10T09:46:25,100.0,30.5,B
2021-06-10T09:46:20,2000.0,30.5,B
2021-06-10T09:46:19,10000.0,30.4,S
2021-06-10T09:46:18,100.0,30.5,B
2021-06-10T09:46:15,1600.0,30.4,S
2021-06-10T09:46:12,1600.0,30.5,B
2021-06-10T09:46:09,1000.0,30.4,S
2021-06-10T09:46:06,200.0,30.5,B
2021-06-10T09:46:01,200.0,30.5,B
2021-06-10T09:45:59,2100.0,30.5,B
2021-06-10T09:45:59,1000.0,30.5,B
2021-06-10T09:45:55,5000.0,30.4,S
2021-06-10T09:45:55,900.0,30.5,B
2021-06-10T09:45:54,5000.0,30.4,S
2021-06-10T09:45:53,5000.0,30.5,B
2021-06-10T09:45:51,100.0,30.5,B
2021-06-10T09:45:49,1000.0,30.5,B
2021-06-10T09:45:44,23400.0,30.5,B
2021-06-10T09:45:43,10300.0,30.4,S
2021-06-10T09:45:41,100.0,30.5,B
2021-06-10T09:45:37,6500.0,30.4,S
2021-06-10T09:45:35,200.0,30.5,B
2021-06-10T09:45:34,400.0,30.4,S
2021-06-10T09:45:31,2000.0,30.5,B
2021-06-10T09:45:27,2000.0,30.4,S
2021-06-10T09:45:27,300.0,30.5,B
2021-06-10T09:45:27,100.0,30.5,B
2021-06-10T09:45:23,10000.0,30.5,B
2021-06-10T09:45:16,20000.0,30.5,B
2021-06-10T09:45:15,2000.0,30.5,B
2021-06-10T09:45:11,300.0,30.4,S
2021-06-10T09:45:02,10000.0,30.4,S
2021-06-10T09:45:01,500.0,30.4,S
2021-06-10T09:45:01,300.0,30.5,B
2021-06-10T09:44:59,4000.0,30.4,S
2021-06-10T09:44:56,200.0,30.4,S
2021-06-10T09:44:55,100.0,30.4,B
2021-06-10T09:44:54,10600.0,30.4,B
2021-06-10T09:44:54,1000.0,30.4,B
2021-06-10T09:44:53,400.0,30.4,S
2021-06-10T09:44:51,10000.0,30.4,S
2021-06-10T09:44:50,40000.0,30.4,S
2021-06-10T09:44:49,100.0,30.4,S
2021-06-10T09:44:42,500.0,30.4,S
2021-06-10T09:44:42,100.0,30.4,S
2021-06-10T09:44:41,500.0,30.4,S
2021-06-10T09:44:39,2000.0,30.4,S
2021-06-10T09:44:36,400.0,30.4,S
2021-06-10T09:44:33,8000.0,30.5,B
2021-06-10T09:44:28,500.0,30.4,S
2021-06-10T09:44:16,3500.0,30.5,B
2021-06-10T09:44:13,200.0,30.5,B
2021-06-10T09:44:12,1200.0,30.5,B
2021-06-10T09:44:10,300.0,30.5,B
2021-06-10T09:44:08,200.0,30.4,S
2021-06-10T09:44:02,5000.0,30.5,B
2021-06-10T09:44:01,200.0,30.5,B
2021-06-10T09:44:00,3000.0,30.4,S
2021-06-10T09:43:54,2000.0,30.5,B
2021-06-10T09:43:52,15200.0,30.5,S
2021-06-10T09:43:51,2000.0,30.5,S
2021-06-10T09:43:51,2200.0,30.5,S
2021-06-10T09:43:49,1000.0,30.5,S
2021-06-10T09:43:46,1100.0,30.5,S
2021-06-10T09:43:45,69400.0,30.5,S
2021-06-10T09:43:44,500.0,30.5,S
2021-06-10T09:43:42,15000.0,30.5,S
2021-06-10T09:43:35,2000.0,30.5,S
2021-06-10T09:43:34,6200.0,30.5,S
2021-06-10T09:43:32,11000.0,30.5,S
2021-06-10T09:43:28,5400.0,30.6,B
2021-06-10T09:43:28,100.0,30.5,S
2021-06-10T09:43:27,32500.0,30.5,S
2021-06-10T09:43:26,1000.0,30.5,S
2021-06-10T09:43:26,1100.0,30.5,S
2021-06-10T09:43:21,600.0,30.5,S
2021-06-10T09:43:20,800.0,30.5,S
2021-06-10T09:43:19,4400.0,30.5,S
2021-06-10T09:43:08,2800.0,30.6,S
2021-06-10T09:43:07,300.0,30.6,S
2021-06-10T09:43:06,10000.0,30.6,S
2021-06-10T09:43:05,1500.0,30.6,S
2021-06-10T09:43:04,500.0,30.6,S
2021-06-10T09:43:02,1400.0,30.6,S
2021-06-10T09:43:01,500.0,30.6,S
2021-06-10T09:43:00,1000.0,30.6,S
2021-06-10T09:42:58,500.0,30.6,S
2021-06-10T09:42:56,1000.0,30.6,S
2021-06-10T09:42:49,1000.0,30.7,B
2021-06-10T09:42:47,2000.0,30.6,S
2021-06-10T09:42:46,600.0,30.6,S
2021-06-10T09:42:45,12800.0,30.6,S
2021-06-10T09:42:43,400.0,30.6,S
2021-06-10T09:42:41,100.0,30.6,S
2021-06-10T09:42:36,3000.0,30.6,S
2021-06-10T09:42:35,2700.0,30.6,S
2021-06-10T09:42:28,100.0,30.7,B
2021-06-10T09:42:26,100.0,30.6,S
2021-06-10T09:42:26,500.0,30.6,S
2021-06-10T09:42:19,1400.0,30.6,S
2021-06-10T09:42:19,300.0,30.7,B
2021-06-10T09:42:18,50000.0,30.6,S
2021-06-10T09:42:08,300.0,30.7,B
2021-06-10T09:42:06,13600.0,30.6,S
2021-06-10T09:42:05,100.0,30.6,S
2021-06-10T09:41:56,300.0,30.6,S
2021-06-10T09:41:55,900.0,30.6,S
2021-06-10T09:41:54,8100.0,30.7,B
2021-06-10T09:41:53,100.0,30.7,S
2021-06-10T09:41:52,500.0,30.7,S
2021-06-10T09:41:50,500.0,30.7,S
2021-06-10T09:41:49,10000.0,30.7,S
2021-06-10T09:41:48,100.0,30.8,B
2021-06-10T09:41:42,400.0,30.7,S
2021-06-10T09:41:40,28400.0,30.7,S
2021-06-10T09:41:38,10900.0,30.7,S
2021-06-10T09:41:37,100.0,30.7,S
2021-06-10T09:41:33,500.0,30.7,S
2021-06-10T09:41:27,300.0,30.8,B
2021-06-10T09:41:22,11300.0,30.8,B
2021-06-10T09:41:21,100.0,30.7,S
2021-06-10T09:41:20,2000.0,30.7,S
2021-06-10T09:41:17,1000.0,30.7,S
2021-06-10T09:41:13,1000.0,30.7,S
2021-06-10T09:41:02,300.0,30.8,B
2021-06-10T09:41:01,1000.0,30.8,B
2021-06-10T09:40:57,6000.0,30.7,S
2021-06-10T09:40:53,600.0,30.8,S
2021-06-10T09:40:53,100.0,30.8,S
2021-06-10T09:40:52,1800.0,30.9,B
2021-06-10T09:40:51,1000.0,30.8,S
2021-06-10T09:40:48,100.0,30.8,S
2021-06-10T09:40:45,200.0,30.8,S
2021-06-10T09:40:43,100.0,30.8,S
2021-06-10T09:40:43,1000.0,30.8,S
2021-06-10T09:40:40,1000.0,30.8,S
2021-06-10T09:40:34,2000.0,30.8,S
2021-06-10T09:40:32,5500.0,30.8,S
2021-06-10T09:40:31,800.0,30.8,S
2021-06-10T09:40:29,5000.0,30.9,B
2021-06-10T09:40:28,500.0,30.8,S
2021-06-10T09:40:26,5000.0,30.9,B
2021-06-10T09:40:21,3200.0,30.8,S
2021-06-10T09:40:18,100.0,30.8,S
2021-06-10T09:40:14,6800.0,30.9,B
2021-06-10T09:40:12,200.0,30.8,S
2021-06-10T09:40:05,1000.0,30.8,S
2021-06-10T09:40:04,5000.0,30.9,B
2021-06-10T09:40:03,2000.0,30.8,S
2021-06-10T09:39:59,100.0,30.8,S
2021-06-10T09:39:57,10000.0,30.9,B
2021-06-10T09:39:55,500.0,30.8,S
2021-06-10T09:39:54,300.0,30.8,S
2021-06-10T09:39:53,1400.0,30.8,S
2021-06-10T09:39:53,5000.0,30.8,S
2021-06-10T09:39:51,5000.0,30.9,B
2021-06-10T09:39:46,200.0,30.8,S
2021-06-10T09:39:38,100.0,30.8,S
2021-06-10T09:39:37,1200.0,30.8,S
2021-06-10T09:39:34,200.0,30.8,S
2021-06-10T09:39:33,1500.0,30.8,S
2021-06-10T09:39:30,5000.0,30.8,S
2021-06-10T09:39:29,1100.0,30.8,S
2021-06-10T09:39:25,100.0,30.8,S
2021-06-10T09:39:19,1100.0,30.8,S
2021-06-10T09:39:18,600.0,30.8,S
2021-06-10T09:39:10,100.0,30.8,S
2021-06-10T09:39:10,100.0,30.8,S
2021-06-10T09:38:58,9400.0,30.8,B
2021-06-10T09:38:49,3600.0,30.9,B
2021-06-10T09:38:46,3200.0,30.7,S
2021-06-10T09:38:41,100.0,30.8,S
2021-06-10T09:38:40,2000.0,30.9,B
2021-06-10T09:38:39,7000.0,30.8,S
2021-06-10T09:38:38,500.0,30.9,B
2021-06-10T09:38:34,3000.0,30.8,S
2021-06-10T09:38:32,5000.0,30.8,S
2021-06-10T09:38:31,1000.0,30.8,S
2021-06-10T09:38:26,1000.0,30.8,S
2021-06-10T09:38:14,1100.0,30.8,S
2021-06-10T09:38:08,100.0,30.9,B
2021-06-10T09:38:07,100.0,30.8,S
2021-06-10T09:38:05,400.0,30.8,S
2021-06-10T09:38:00,2100.0,30.8,S
2021-06-10T09:37:53,2800.0,30.8,S
2021-06-10T09:37:53,100.0,30.9,B
2021-06-10T09:37:51,800.0,30.8,S
2021-06-10T09:37:44,200.0,30.9,B
2021-06-10T09:37:40,13300.0,30.8,S
2021-06-10T09:37:31,200.0,30.8,S
2021-06-10T09:37:30,200.0,30.8,S
2021-06-10T09:37:28,32700.0,31.0,B
2021-06-10T09:37:25,1000.0,30.9,S
2021-06-10T09:37:10,11300.0,30.9,B
2021-06-10T09:37:10,1500.0,30.8,B
2021-06-10T09:37:06,500.0,30.8,B
2021-06-10T09:37:06,200.0,30.8,B
2021-06-10T09:37:04,1800.0,30.8,B
2021-06-10T09:37:03,500.0,30.8,B
2021-06-10T09:37:02,1000.0,30.8,B
2021-06-10T09:37:01,1000.0,30.8,B
2021-06-10T09:37:00,100.0,30.8,B
2021-06-10T09:36:56,200.0,30.8,B
2021-06-10T09:36:56,4200.0,30.8,S
2021-06-10T09:36:54,1600.0,30.8,S
2021-06-10T09:36:52,300.0,30.8,S
2021-06-10T09:36:50,10300.0,30.9,B
2021-06-10T09:36:45,1000.0,30.8,S
2021-06-10T09:36:44,500.0,30.8,S
2021-06-10T09:36:41,5400.0,30.8,S
2021-06-10T09:36:40,100.0,30.8,S
2021-06-10T09:36:38,2500.0,30.8,S
2021-06-10T09:36:34,100.0,30.8,S
2021-06-10T09:36:28,1000.0,30.8,S
2021-06-10T09:36:26,1000.0,30.8,S
2021-06-10T09:36:24,500.0,30.8,S
2021-06-10T09:36:22,2700.0,30.8,S
2021-06-10T09:36:20,100.0,30.8,S
2021-06-10T09:36:12,200.0,30.8,S
2021-06-10T09:36:10,1000.0,30.8,S
2021-06-10T09:36:08,5400.0,30.8,S
2021-06-10T09:36:05,6700.0,30.8,S
2021-06-10T09:36:04,200.0,30.8,S
2021-06-10T09:36:03,5000.0,30.8,S
2021-06-10T09:36:01,400.0,30.9,B
2021-06-10T09:35:58,2000.0,30.8,S
2021-06-10T09:35:54,1000.0,30.8,S
2021-06-10T09:35:54,400.0,30.8,S
2021-06-10T09:35:51,200.0,30.7,S
2021-06-10T09:35:50,30000.0,30.9,B
2021-06-10T09:35:42,5200.0,30.7,S
2021-06-10T09:35:34,15400.0,30.8,S
2021-06-10T09:35:30,5000.0,30.8,S
2021-06-10T09:35:19,900.0,30.8,S
2021-06-10T09:35:19,2000.0,30.8,S
2021-06-10T09:35:18,1900.0,30.8,S
2021-06-10T09:35:14,500.0,30.8,S
2021-06-10T09:35:12,300.0,30.8,S
2021-06-10T09:35:06,1400.0,30.8,S
2021-06-10T09:34:59,800.0,30.8,S
2021-06-10T09:34:55,10000.0,30.8,S
2021-06-10T09:34:51,600.0,30.8,S
2021-06-10T09:34:41,1000.0,30.8,S
2021-06-10T09:34:36,2500.0,30.8,S
2021-06-10T09:34:35,200.0,30.9,B
2021-06-10T09:34:34,100.0,30.8,S
2021-06-10T09:34:30,3000.0,30.9,B
2021-06-10T09:34:21,2500.0,30.9,S
2021-06-10T09:34:19,100.0,30.9,S
2021-06-10T09:34:17,4100.0,30.9,B
2021-06-10T09:34:09,200.0,30.9,B
2021-06-10T09:34:05,800.0,30.9,B
2021-06-10T09:33:59,5000.0,30.9,S
2021-06-10T09:33:59,800.0,30.9,S
2021-06-10T09:33:56,4700.0,30.9,B
2021-06-10T09:33:45,200.0,30.9,B
2021-06-10T09:33:44,5400.0,31.0,B
2021-06-10T09:33:43,300.0,30.9,B
2021-06-10T09:33:41,10000.0,30.9,B
2021-06-10T09:33:39,300.0,30.8,S
2021-06-10T09:33:38,2000.0,30.9,B
2021-06-10T09:33:32,200.0,30.9,B
2021-06-10T09:33:28,400.0,30.9,B
2021-06-10T09:33:27,23700.0,30.9,S
2021-06-10T09:33:21,500.0,31.0,B
2021-06-10T09:33:07,32500.0,30.9,S
2021-06-10T09:32:54,200.0,31.0,B
2021-06-10T09:32:52,4700.0,31.0,S
2021-06-10T09:32:44,3300.0,31.0,S
2021-06-10T09:32:39,9000.0,31.1,B
2021-06-10T09:32:37,1300.0,31.0,S
2021-06-10T09:32:35,100.0,31.0,S
2021-06-10T09:32:32,2000.0,31.0,S
2021-06-10T09:32:27,1000.0,31.1,B
2021-06-10T09:32:25,100.0,31.0,S
2021-06-10T09:32:23,100.0,31.0,B
2021-06-10T09:32:21,13000.0,31.1,B
2021-06-10T09:32:19,14700.0,31.0,S
2021-06-10T09:32:19,5000.0,31.0,S
2021-06-10T09:32:18,400.0,31.0,S
2021-06-10T09:32:15,100.0,31.0,S
2021-06-10T09:32:09,400.0,31.1,B
2021-06-10T09:32:09,300.0,31.0,S
2021-06-10T09:32:07,1600.0,31.0,S
2021-06-10T09:32:05,100.0,31.1,B
2021-06-10T09:32:04,500.0,31.0,S
2021-06-10T09:32:01,4000.0,31.0,S
2021-06-10T09:32:00,600.0,31.0,S
2021-06-10T09:31:51,50000.0,31.0,S
2021-06-10T09:31:39,1500.0,31.1,B
2021-06-10T09:31:39,1200.0,31.0,S
2021-06-10T09:31:38,2000.0,31.1,B
2021-06-10T09:31:35,500.0,31.1,B
2021-06-10T09:31:32,3100.0,31.1,S
2021-06-10T09:31:28,500.0,31.1,S
2021-06-10T09:31:26,2000.0,31.1,S
2021-06-10T09:31:23,1900.0,31.1,B
2021-06-10T09:31:21,12100.0,31.1,S
2021-06-10T09:31:15,16500.0,31.1,S
2021-06-10T09:31:13,1500.0,31.1,S
2021-06-10T09:30:55,600.0,31.2,B
2021-06-10T09:30:50,600.0,31.2,B
2021-06-10T09:30:25,1000.0,31.2,B
2021-06-10T09:30:24,4300.0,31.2,B
2021-06-10T09:30:08,30000.0,31.2,B
2021-06-10T09:30:05,100.0,31.2,B
2021-06-10T09:29:55,1000.0,31.2,B
2021-06-10T09:29:52,2000.0,31.2,B
2021-06-10T09:29:41,300.0,31.2,B
2021-06-10T09:29:24,5000.0,31.1,S
2021-06-10T09:29:12,5000.0,31.1,S
2021-06-10T09:29:09,1000.0,31.1,S
2021-06-10T09:29:08,2000.0,31.1,S
2021-06-10T09:29:08,1000.0,31.1,S
2021-06-10T09:29:05,600.0,31.1,S
2021-06-10T09:29:04,500.0,31.1,S
2021-06-10T09:29:03,800.0,31.1,S
2021-06-10T09:28:42,1000.0,31.1,S
2021-06-10T09:28:30,100.0,31.2,S
2021-06-10T09:28:29,200.0,31.2,S
2021-06-10T09:28:28,2000.0,31.3,B
2021-06-10T09:28:28,200.0,31.2,S
2021-06-10T09:28:26,200.0,31.2,S
2021-06-10T09:28:26,100.0,31.2,S
2021-06-10T09:28:25,3200.0,31.2,S
2021-06-10T09:28:23,1000.0,31.2,B
2021-06-10T09:28:22,2200.0,31.2,B
2021-06-10T09:28:18,800.0,31.2,B
2021-06-10T09:28:18,400.0,31.1,S
2021-06-10T09:28:14,1000.0,31.2,B
2021-06-10T09:28:12,20000.0,31.2,B
2021-06-10T09:28:06,4000.0,31.2,B
2021-06-10T09:27:58,3000.0,31.2,B
2021-06-10T09:27:54,1000.0,31.2,B
2021-06-10T09:27:53,1900.0,31.1,S
2021-06-10T09:27:49,2000.0,31.2,B
2021-06-10T09:27:49,2000.0,31.2,B
2021-06-10T09:27:49,2000.0,31.2,B
2021-06-10T09:27:43,5500.0,31.1,S
2021-06-10T09:27:42,5000.0,31.2,B
2021-06-10T09:27:39,1500.0,31.2,B
2021-06-10T09:27:27,10000.0,31.2,B
2021-06-10T09:27:23,5000.0,31.2,B
2021-06-10T09:27:18,100.0,31.1,S
2021-06-10T09:27:10,6800.0,31.2,B
2021-06-10T09:27:09,18400.0,31.2,B
2021-06-10T09:27:08,1000.0,31.1,S
2021-06-10T09:27:06,10000.0,31.2,B
2021-06-10T09:26:57,1000.0,31.2,B
2021-06-10T09:26:54,100.0,31.2,B
2021-06-10T09:26:52,100.0,31.1,S
2021-06-10T09:26:45,5500.0,31.2,B
2021-06-10T09:26:39,4000.0,31.1,S
2021-06-10T09:26:38,10100.0,31.2,B
2021-06-10T09:26:32,10000.0,31.2,B
2021-06-10T09:26:28,2000.0,31.2,B
2021-06-10T09:26:09,9700.0,31.2,B
2021-06-10T09:26:09,500.0,31.1,S
2021-06-10T09:26:05,600.0,31.1,S
2021-06-10T09:26:00,200.0,31.1,S
2021-06-10T09:25:58,200.0,31.2,B
2021-06-10T09:25:58,100.0,31.1,S
2021-06-10T09:25:57,20100.0,31.1,S
2021-06-10T09:25:50,500.0,31.1,S
2021-06-10T09:25:41,1200.0,31.1,S
2021-06-10T09:25:41,2000.0,31.2,B
2021-06-10T09:25:30,8900.0,31.2,B
2021-06-10T09:25:19,600.0,31.1,S
2021-06-10T09:25:06,35000.0,31.1,S
2021-06-10T09:25:06,200.0,31.2,B
2021-06-10T09:25:05,800.0,31.2,B
2021-06-10T09:25:00,2300.0,31.2,B
2021-06-10T09:24:42,10000.0,31.2,B
2021-06-10T09:24:41,100.0,31.2,B
2021-06-10T09:24:39,100.0,31.1,S
2021-06-10T09:24:33,100.0,31.2,B
2021-06-10T09:24:31,1000.0,31.2,B
2021-06-10T09:24:29,1600.0,31.2,B
2021-06-10T09:24:22,200.0,31.2,B
2021-06-10T09:24:18,18600.0,31.1,S
2021-06-10T09:24:13,500.0,31.2,B
2021-06-10T09:24:07,200.0,31.2,S
2021-06-10T09:24:06,4500.0,31.1,S
2021-06-10T09:24:06,100.0,31.2,B
2021-06-10T09:24:05,100.0,31.2,B
2021-06-10T09:24:04,32200.0,31.1,S
2021-06-10T09:23:54,8900.0,31.2,B
2021-06-10T09:23:53,200.0,31.1,S
2021-06-10T09:23:51,13600.0,31.2,B
2021-06-10T09:23:45,2000.0,31.2,B
2021-06-10T09:23:43,100.0,31.1,S
2021-06-10T09:23:23,1000.0,31.2,B
2021-06-10T09:23:22,25300.0,31.1,S
2021-06-10T09:23:01,1000.0,31.2,B
2021-06-10T09:23:00,800.0,31.1,S
2021-06-10T09:22:59,1000.0,31.1,S
2021-06-10T09:22:56,4700.0,31.2,B
2021-06-10T09:22:53,200.0,31.2,B
2021-06-10T09:22:51,100.0,31.1,S
2021-06-10T09:22:48,2300.0,31.1,S
2021-06-10T09:22:46,400.0,31.1,S
2021-06-10T09:22:42,500.0,31.1,S
2021-06-10T09:22:40,200.0,31.1,S
2021-06-10T09:22:38,800.0,31.1,S
2021-06-10T09:22:30,1600.0,31.1,S
2021-06-10T09:22:28,900.0,31.1,S
2021-06-10T09:22:25,500.0,31.1,S
2021-06-10T09:22:23,100.0,31.1,S
2021-06-10T09:22:10,300.0,31.1,S
2021-06-10T09:22:07,5000.0,31.1,S
2021-06-10T09:22:03,13300.0,31.1,B
2021-06-10T09:22:00,700.0,31.0,S
2021-06-10T09:21:57,3000.0,31.0,S
2021-06-10T09:21:52,700.0,31.0,S
2021-06-10T09:21:47,600.0,31.1,B
2021-06-10T09:21:41,2000.0,31.0,S
2021-06-10T09:21:40,300.0,31.0,S
2021-06-10T09:21:30,100.0,31.1,B
2021-06-10T09:21:25,3000.0,31.0,S
2021-06-10T09:21:24,10000.0,31.1,B
2021-06-10T09:21:21,2200.0,31.0,B
2021-06-10T09:21:21,3000.0,31.0,B
2021-06-10T09:21:19,500.0,31.0,B
2021-06-10T09:21:15,1000.0,31.0,B
2021-06-10T09:21:13,18300.0,31.0,S
2021-06-10T09:21:09,9000.0,31.1,B
2021-06-10T09:21:06,35000.0,31.1,B
2021-06-10T09:20:58,1000.0,31.0,S
2021-06-10T09:20:57,5000.0,31.1,B
2021-06-10T09:20:53,1100.0,31.0,S
2021-06-10T09:20:52,400.0,31.0,S
2021-06-10T09:20:49,100.0,31.0,S
2021-06-10T09:20:45,100.0,31.1,B
2021-06-10T09:20:41,1000.0,31.0,S
2021-06-10T09:20:32,1000.0,31.0,S
2021-06-10T09:20:30,200.0,31.1,B
2021-06-10T09:20:26,2000.0,31.1,B
2021-06-10T09:20:22,15800.0,31.0,S
2021-06-10T09:20:16,600.0,31.1,B
2021-06-10T09:20:15,3000.0,31.0,S
2021-06-10T09:20:15,5000.0,31.0,S
2021-06-10T09:20:13,100.0,31.0,S
2021-06-10T09:20:09,400.0,31.0,S
2021-06-10T09:20:07,1500.0,31.0,S
2021-06-10T09:20:06,13600.0,31.0,S
2021-06-10T09:20:00,1000.0,31.0,S
2021-06-10T09:19:55,1600.0,31.0,S
2021-06-10T09:19:53,500.0,31.0,S
2021-06-10T09:19:43,2000.0,31.0,S
2021-06-10T09:19:40,3000.0,31.0,S
2021-06-10T09:19:38,1000.0,31.1,B
2021-06-10T09:19:36,5000.0,31.0,S
2021-06-10T09:19:33,100.0,31.0,S
2021-06-10T09:19:32,3000.0,31.0,S
2021-06-10T09:19:28,1000.0,31.0,S
2021-06-10T09:19:27,100.0,31.0,S
2021-06-10T09:19:16,200.0,31.0,S
2021-06-10T09:19:16,10000.0,31.1,B
2021-06-10T09:19:12,300.0,31.0,S
2021-06-10T09:19:00,700.0,31.0,S
2021-06-10T09:18:59,1000.0,31.1,S
2021-06-10T09:18:57,500.0,31.1,B
2021-06-10T09:18:52,10000.0,31.0,S
2021-06-10T09:18:51,1600.0,31.1,S
2021-06-10T09:18:49,200.0,31.1,S
2021-06-10T09:18:48,100.0,31.1,S
2021-06-10T09:18:39,1000.0,31.0,S
2021-06-10T09:18:37,19500.0,31.1,B
2021-06-10T09:18:30,2100.0,31.1,B
2021-06-10T09:18:27,1100.0,31.0,S
2021-06-10T09:18:21,1800.0,31.1,B
2021-06-10T09:18:19,200.0,31.0,S
2021-06-10T09:18:17,1000.0,31.0,S
2021-06-10T09:18:13,32800.0,31.0,S
2021-06-10T09:18:11,500.0,31.0,S
2021-06-10T09:18:11,500.0,31.0,S
2021-06-10T09:18:08,100.0,31.0,S
2021-06-10T09:18:07,2500.0,31.0,S
2021-06-10T09:18:05,10000.0,31.0,S
2021-06-10T09:18:04,20000.0,31.0,S
2021-06-10T09:17:58,500.0,31.1,B
2021-06-10T09:17:56,500.0,31.0,S
2021-06-10T09:17:52,300.0,31.0,S
2021-06-10T09:17:44,1400.0,31.0,S
2021-06-10T09:17:39,200.0,31.0,S
2021-06-10T09:17:36,8200.0,30.9,S
2021-06-10T09:17:34,30000.0,31.1,B
2021-06-10T09:17:21,200.0,30.9,S
2021-06-10T09:17:17,1500.0,30.9,S
2021-06-10T09:17:11,4900.0,31.1,B
2021-06-10T09:17:03,500.0,30.9,S
2021-06-10T09:17:02,10300.0,31.1,S
2021-06-10T09:16:59,500.0,31.1,S
2021-06-10T09:16:58,100.0,31.1,S
2021-06-10T09:16:56,2700.0,31.1,S
2021-06-10T09:16:56,3200.0,31.1,S
2021-06-10T09:16:52,1100.0,31.1,S
2021-06-10T09:16:51,1000.0,31.1,S
2021-06-10T09:16:50,100.0,31.1,S
2021-06-10T09:16:48,200.0,31.1,S
2021-06-10T09:16:44,5000.0,31.1,S
2021-06-10T09:16:41,100.0,31.1,S
2021-06-10T09:16:38,500.0,31.1,S
2021-06-10T09:16:34,20000.0,31.1,S
2021-06-10T09:16:34,13800.0,31.2,B
2021-06-10T09:16:31,500.0,31.1,S
2021-06-10T09:16:30,1000.0,31.1,S
2021-06-10T09:16:28,100.0,31.1,S
2021-06-10T09:16:28,83700.0,31.1,B
2021-06-10T09:16:27,200.0,30.8,B
2021-06-10T09:16:27,300.0,30.8,S
2021-06-10T09:16:26,800.0,30.8,S
2021-06-10T09:16:25,600.0,30.8,S
2021-06-10T09:16:22,1000.0,30.8,S
2021-06-10T09:16:21,1700.0,30.8,S
2021-06-10T09:16:15,7900.0,30.8,S
2021-06-10T09:16:14,42100.0,30.8,S
2021-06-10T09:16:12,1000.0,30.8,S
2021-06-10T09:16:05,100.0,30.9,B
2021-06-10T09:16:02,500.0,30.9,B
2021-06-10T09:15:52,2000.0,30.9,B
2021-06-10T09:15:50,5300.0,30.9,B
2021-06-10T09:15:43,100.0,31.0,B
2021-06-10T09:15:40,35000.0,30.9,S
2021-06-10T09:15:37,700.0,30.9,S
2021-06-10T09:15:35,200.0,30.9,S
2021-06-10T09:15:30,100.0,31.0,B
2021-06-10T09:15:28,18500.0,31.0,B
2021-06-10T09:15:28,200.0,30.9,S
2021-06-10T09:15:25,10000.0,30.9,S
2021-06-10T09:15:24,100.0,31.0,B
2021-06-10T09:15:18,100.0,31.0,B
2021-06-10T09:15:15,2000.0,31.0,B
2021-06-10T09:15:11,200.0,30.9,S
2021-06-10T09:15:03,1000.0,31.0,B
2021-06-10T09:14:59,16800.0,31.0,B
2021-06-10T09:14:46,1000.0,31.0,B
2021-06-10T09:14:46,1000.0,31.0,B
2021-06-10T09:14:45,600.0,31.0,B
2021-06-10T09:14:44,400.0,31.0,S
2021-06-10T09:14:43,900.0,31.0,S
2021-06-10T09:14:41,2200.0,31.0,S
2021-06-10T09:14:41,600.0,31.0,S
2021-06-10T09:14:40,1000.0,31.0,S
2021-06-10T09:14:39,300.0,31.0,S
2021-06-10T09:14:38,10600.0,31.0,B
2021-06-10T09:14:36,500.0,31.0,B
2021-06-10T09:14:29,20000.0,31.0,B
2021-06-10T09:14:26,20000.0,31.0,B
2021-06-10T09:14:14,100.0,31.0,B
2021-06-10T09:14:11,18700.0,31.0,S
2021-06-10T09:14:10,1000.0,31.0,S
2021-06-10T09:14:07,15500.0,31.0,B
2021-06-10T09:14:03,100.0,31.0,B
2021-06-10T09:13:43,1400.0,31.0,S
2021-06-10T09:13:37,1500.0,31.1,B
2021-06-10T09:13:35,100.0,31.0,B
2021-06-10T09:13:34,500.0,31.0,S
2021-06-10T09:13:34,1700.0,31.0,S
2021-06-10T09:13:33,1000.0,31.0,S
2021-06-10T09:13:31,5000.0,31.0,S
2021-06-10T09:13:31,3000.0,31.0,S
2021-06-10T09:13:29,10000.0,31.0,S
2021-06-10T09:13:26,100.0,31.0,S
2021-06-10T09:13:25,100.0,31.0,S
2021-06-10T09:13:21,2700.0,31.1,B
2021-06-10T09:13:19,100.0,31.0,S
2021-06-10T09:13:19,1000.0,31.0,S
2021-06-10T09:13:19,6000.0,31.0,S
2021-06-10T09:13:18,1300.0,31.0,S
2021-06-10T09:13:18,3000.0,31.0,S
2021-06-10T09:13:16,1000.0,31.0,S
2021-06-10T09:13:16,200.0,31.0,S
2021-06-10T09:13:13,10000.0,31.0,S
2021-06-10T09:13:12,100.0,31.0,S
2021-06-10T09:13:11,300.0,31.0,S
2021-06-10T09:13:10,200.0,31.0,S
2021-06-10T09:13:08,300.0,31.0,S
2021-06-10T09:13:08,5000.0,31.0,S
2021-06-10T09:13:06,500.0,31.0,S
2021-06-10T09:13:04,500.0,31.0,S
2021-06-10T09:13:01,100.0,31.0,S
2021-06-10T09:12:58,2000.0,31.0,S
2021-06-10T09:12:55,300.0,31.0,S
2021-06-10T09:12:55,2000.0,31.0,S
2021-06-10T09:12:55,3000.0,31.1,B
2021-06-10T09:12:51,1300.0,31.0,S
2021-06-10T09:12:49,2000.0,31.0,S
2021-06-10T09:12:47,17000.0,31.0,S
2021-06-10T09:12:46,2000.0,31.0,S
2021-06-10T09:12:26,100.0,31.0,S
2021-06-10T09:12:26,200.0,31.0,S
2021-06-10T09:12:19,100.0,31.1,B
2021-06-10T09:12:18,200.0,31.1,S
2021-06-10T09:12:16,200.0,31.1,S
2021-06-10T09:12:13,100.0,31.1,S
2021-06-10T09:12:09,6000.0,31.1,S
2021-06-10T09:12:04,5000.0,31.1,S
2021-06-10T09:12:04,200.0,31.1,S
2021-06-10T09:12:04,600.0,31.1,S
2021-06-10T09:12:03,200.0,31.1,S
2021-06-10T09:12:00,1000.0,31.1,S
2021-06-10T09:11:56,200.0,31.1,S
2021-06-10T09:11:48,6100.0,31.1,S
2021-06-10T09:11:44,100.0,31.1,S
2021-06-10T09:11:40,100.0,31.1,S
2021-06-10T09:11:39,400.0,31.1,S
2021-06-10T09:11:38,600.0,31.1,S
2021-06-10T09:11:37,1000.0,31.1,S
2021-06-10T09:11:34,100.0,31.1,S
2021-06-10T09:11:33,3000.0,31.1,S
2021-06-10T09:11:30,100.0,31.1,S
2021-06-10T09:11:25,2000.0,31.1,S
2021-06-10T09:11:23,200.0,31.1,S
2021-06-10T09:11:22,100.0,31.1,S
2021-06-10T09:11:20,3600.0,31.1,S
2021-06-10T09:11:18,2000.0,31.2,B
2021-06-10T09:11:18,100.0,31.1,S
2021-06-10T09:11:16,5600.0,31.1,S
2021-06-10T09:11:14,2000.0,31.1,S
2021-06-10T09:11:09,2500.0,31.1,S
2021-06-10T09:11:07,100.0,31.1,S
2021-06-10T09:11:06,2100.0,31.1,S
2021-06-10T09:11:04,500.0,31.1,S
2021-06-10T09:11:03,1000.0,31.1,S
2021-06-10T09:11:01,5000.0,31.1,S
2021-06-10T09:11:00,2000.0,31.1,S
2021-06-10T09:10:58,1000.0,31.1,S
2021-06-10T09:10:58,100.0,31.2,B
2021-06-10T09:10:49,2000.0,31.1,S
2021-06-10T09:10:46,100.0,31.1,S
2021-06-10T09:10:42,100.0,31.1,S
2021-06-10T09:10:41,2500.0,31.1,S
2021-06-10T09:10:37,1000.0,31.2,B
2021-06-10T09:10:24,100.0,31.1,S
2021-06-10T09:10:13,200.0,31.1,S
2021-06-10T09:10:11,1000.0,31.2,B
2021-06-10T09:10:09,1000.0,31.1,S
2021-06-10T09:09:50,100.0,31.2,B
2021-06-10T09:09:50,3000.0,31.2,B
2021-06-10T09:09:43,2000.0,31.2,B
2021-06-10T09:09:36,1000.0,31.2,B
2021-06-10T09:09:31,400.0,31.2,B
2021-06-10T09:09:31,10000.0,31.1,S
2021-06-10T09:09:29,1000.0,31.2,B
2021-06-10T09:09:25,100.0,31.2,B
2021-06-10T09:09:24,1000.0,31.2,B
2021-06-10T09:09:17,7900.0,31.2,B
2021-06-10T09:09:11,100.0,31.2,B
2021-06-10T09:08:56,2900.0,31.2,B
2021-06-10T09:08:52,200.0,31.2,B
2021-06-10T09:08:43,800.0,31.2,S
2021-06-10T09:08:42,200.0,31.2,S
2021-06-10T09:08:39,2600.0,31.2,B
2021-06-10T09:08:33,300.0,31.2,B
2021-06-10T09:08:29,100.0,31.2,B
2021-06-10T09:08:23,100.0,31.2,B
2021-06-10T09:08:18,3100.0,31.3,B
2021-06-10T09:08:17,100.0,31.3,S
2021-06-10T09:08:17,16800.0,31.3,S
2021-06-10T09:08:13,3000.0,31.2,B
2021-06-10T09:08:05,200.0,31.2,B
2021-06-10T09:07:46,100000.0,31.3,B
2021-06-10T09:07:43,200.0,31.1,S
2021-06-10T09:07:34,100.0,31.1,S
2021-06-10T09:07:33,700.0,31.1,S
2021-06-10T09:07:33,700.0,31.1,B
2021-06-10T09:07:29,15100.0,31.2,B
2021-06-10T09:07:28,1000.0,31.1,B
2021-06-10T09:07:25,2600.0,31.1,B
2021-06-10T09:07:24,200.0,31.1,B
2021-06-10T09:07:16,100.0,31.1,B
2021-06-10T09:07:08,6500.0,31.1,S
2021-06-10T09:07:01,2600.0,31.2,B
2021-06-10T09:07:01,900.0,31.2,B
2021-06-10T09:07:00,5700.0,31.1,B
2021-06-10T09:06:59,14300.0,31.1,S
2021-06-10T09:06:55,100.0,31.2,B
2021-06-10T09:06:48,100.0,31.1,S
2021-06-10T09:06:46,1000.0,31.2,B
2021-06-10T09:06:44,100.0,31.1,S
2021-06-10T09:06:40,4800.0,31.3,B
2021-06-10T09:06:36,100.0,31.1,S
2021-06-10T09:06:31,900.0,31.2,B
2021-06-10T09:06:29,8000.0,31.1,S
2021-06-10T09:06:11,100.0,31.1,S
2021-06-10T09:06:09,1400.0,31.1,S
2021-06-10T09:06:04,200.0,31.1,S
2021-06-10T09:06:01,3000.0,31.1,S
2021-06-10T09:05:38,5000.0,31.0,S
2021-06-10T09:05:38,100.0,31.1,B
2021-06-10T09:05:36,1900.0,31.0,S
2021-06-10T09:05:30,500.0,31.0,S
2021-06-10T09:05:25,100.0,31.0,S
2021-06-10T09:05:16,2500.0,31.0,B
2021-06-10T09:05:15,500.0,31.0,B
2021-06-10T09:05:13,10000.0,31.4,B
2021-06-10T09:05:10,10000.0,31.4,B
2021-06-10T09:05:01,39800.0,31.4,S
2021-06-10T09:05:00,200.0,31.4,S
2021-06-10T09:04:58,1000.0,31.4,S
2021-06-10T09:04:57,700.0,31.4,S
2021-06-10T09:04:57,1000.0,31.4,S
2021-06-10T09:04:52,500.0,31.4,S
2021-06-10T09:04:48,100.0,31.4,S
2021-06-10T09:04:46,500.0,31.4,S
2021-06-10T09:04:45,5000.0,31.4,S
2021-06-10T09:04:45,100.0,31.4,S
2021-06-10T09:04:44,600.0,31.4,S
2021-06-10T09:04:44,151500.0,31.4,S
2021-06-10T09:04:41,11800.0,31.3,B
2021-06-10T09:04:39,15600.0,31.3,S
2021-06-10T09:04:39,300.0,31.3,S
2021-06-10T09:04:36,3000.0,31.3,S
2021-06-10T09:04:34,800.0,31.3,S
2021-06-10T09:04:33,100.0,31.3,S
2021-06-10T09:04:33,400.0,31.3,S
2021-06-10T09:04:32,10000.0,31.3,S
2021-06-10T09:04:31,10000.0,31.3,S
2021-06-10T09:04:27,100.0,31.3,S
2021-06-10T09:04:25,1200.0,31.3,S
2021-06-10T09:04:25,12000.0,31.3,S
2021-06-10T09:04:24,100.0,31.3,S
2021-06-10T09:04:24,100.0,31.3,S
2021-06-10T09:04:21,600.0,31.3,S
2021-06-10T09:04:19,3000.0,31.3,S
2021-06-10T09:04:19,130900.0,31.3,S
2021-06-10T09:04:14,100.0,30.9,B
2021-06-10T09:04:13,100.0,30.8,S
2021-06-10T09:04:04,300.0,30.8,S
2021-06-10T09:04:03,200.0,30.9,B
2021-06-10T09:04:02,3000.0,30.8,S
2021-06-10T09:03:59,100.0,31.0,B
2021-06-10T09:03:58,30000.0,31.0,B
2021-06-10T09:03:57,300.0,30.8,S
2021-06-10T09:03:51,500.0,30.8,S
2021-06-10T09:03:51,3000.0,30.8,S
2021-06-10T09:03:50,100.0,30.9,S
2021-06-10T09:03:47,3000.0,30.9,B
2021-06-10T09:03:45,100.0,30.8,S
2021-06-10T09:03:43,15000.0,30.8,S
2021-06-10T09:03:42,300.0,30.9,B
2021-06-10T09:03:41,500.0,30.9,B
2021-06-10T09:03:38,500.0,30.9,B
2021-06-10T09:03:35,3000.0,30.9,B
2021-06-10T09:03:32,100.0,30.8,S
2021-06-10T09:03:31,100.0,30.8,S
2021-06-10T09:03:29,100.0,30.9,B
2021-06-10T09:03:27,200.0,30.9,B
2021-06-10T09:03:22,400.0,30.9,B
2021-06-10T09:03:22,1600.0,30.9,S
2021-06-10T09:03:18,500.0,30.9,S
2021-06-10T09:03:18,200.0,30.9,S
2021-06-10T09:03:11,1700.0,31.0,B
