tradingTime,volume,price,side
2021-06-10T14:30:26,200.0,16.85,B
2021-06-10T14:30:03,5600.0,16.8,S
2021-06-10T14:30:00,2000.0,16.8,S
2021-06-10T14:29:43,4700.0,16.8,S
2021-06-10T14:29:13,7000.0,16.8,S
2021-06-10T14:28:56,2000.0,16.8,S
2021-06-10T14:28:29,3000.0,16.85,B
2021-06-10T14:28:28,5000.0,16.85,B
2021-06-10T14:28:06,100.0,16.8,S
2021-06-10T14:27:56,500.0,16.8,S
2021-06-10T14:27:45,100.0,16.8,S
2021-06-10T14:27:39,800.0,16.85,B
2021-06-10T14:27:27,200.0,16.8,S
2021-06-10T14:27:27,400.0,16.8,S
2021-06-10T14:27:27,400.0,16.8,S
2021-06-10T14:27:27,100.0,16.85,B
2021-06-10T14:27:11,500.0,16.8,S
2021-06-10T14:27:06,600.0,16.85,B
2021-06-10T14:26:21,700.0,16.85,B
2021-06-10T14:26:16,1000.0,16.85,B
2021-06-10T14:26:09,400.0,16.85,B
2021-06-10T14:25:44,1000.0,16.85,B
2021-06-10T14:25:18,1000.0,16.85,B
2021-06-10T14:25:05,1000.0,16.85,B
2021-06-10T14:24:52,1000.0,16.85,B
2021-06-10T14:24:44,500.0,16.85,B
2021-06-10T14:24:20,100.0,16.85,B
2021-06-10T14:24:18,100.0,16.85,B
2021-06-10T14:24:03,900.0,16.85,B
2021-06-10T14:24:00,2000.0,16.85,B
2021-06-10T14:23:22,100.0,16.85,B
2021-06-10T14:23:22,100.0,16.85,B
2021-06-10T14:22:57,3000.0,16.85,B
2021-06-10T14:22:46,100.0,16.85,B
2021-06-10T14:20:42,1000.0,16.85,B
2021-06-10T14:20:13,5000.0,16.85,B
2021-06-10T14:19:33,300.0,16.85,B
2021-06-10T14:19:17,3500.0,16.85,B
2021-06-10T14:19:00,1900.0,16.85,S
2021-06-10T14:18:35,200.0,16.85,S
2021-06-10T14:18:32,100.0,16.9,B
2021-06-10T14:18:00,1000.0,16.85,S
2021-06-10T14:17:31,1000.0,16.85,S
2021-06-10T14:15:41,300.0,16.85,S
2021-06-10T14:15:32,5300.0,16.85,S
2021-06-10T14:13:19,500.0,16.85,S
2021-06-10T14:13:10,5100.0,16.85,S
2021-06-10T14:12:57,300.0,16.9,B
2021-06-10T14:11:49,1000.0,16.85,S
2021-06-10T14:11:09,300.0,16.85,S
2021-06-10T14:11:07,100.0,16.9,B
2021-06-10T14:10:19,800.0,16.85,S
2021-06-10T14:09:19,100.0,16.85,S
2021-06-10T14:08:52,100.0,16.85,S
2021-06-10T14:08:37,2500.0,16.9,B
2021-06-10T14:08:10,1000.0,16.9,B
2021-06-10T14:05:24,2200.0,16.9,B
2021-06-10T14:05:24,3100.0,16.9,B
2021-06-10T14:05:24,4700.0,16.85,B
2021-06-10T14:05:13,300.0,16.85,S
2021-06-10T14:04:18,4700.0,16.85,B
2021-06-10T14:03:30,1000.0,16.85,B
2021-06-10T14:02:55,2000.0,16.85,S
2021-06-10T14:02:52,300.0,16.85,S
2021-06-10T14:00:21,100.0,16.85,B
2021-06-10T13:59:51,300.0,16.85,S
2021-06-10T13:59:36,200.0,16.85,S
2021-06-10T13:59:35,100.0,16.85,S
2021-06-10T13:59:05,200.0,16.85,S
2021-06-10T13:58:10,1000.0,16.85,S
2021-06-10T13:56:46,1000.0,16.9,B
2021-06-10T13:51:54,1000.0,16.9,B
2021-06-10T13:50:35,200.0,16.9,B
2021-06-10T13:50:06,300.0,16.8,S
2021-06-10T13:50:06,1000.0,16.8,S
2021-06-10T13:50:06,3600.0,16.8,S
2021-06-10T13:50:06,100.0,16.85,S
2021-06-10T13:50:05,1000.0,16.85,S
2021-06-10T13:49:35,300.0,16.85,S
2021-06-10T13:48:54,100.0,16.85,S
2021-06-10T13:48:54,100.0,16.85,S
2021-06-10T13:45:10,300.0,16.8,S
2021-06-10T13:45:10,700.0,16.8,S
2021-06-10T13:45:10,200.0,16.8,S
2021-06-10T13:45:10,21100.0,16.8,S
2021-06-10T13:45:02,1000.0,16.9,B
2021-06-10T13:44:57,100.0,16.85,S
2021-06-10T13:44:46,300.0,16.85,S
2021-06-10T13:43:55,200.0,16.85,S
2021-06-10T13:43:55,300.0,16.85,S
2021-06-10T13:43:12,100.0,16.85,S
2021-06-10T13:40:59,500.0,16.85,S
2021-06-10T13:40:10,500.0,16.85,S
2021-06-10T13:39:23,1000.0,16.9,B
2021-06-10T13:38:46,100.0,16.9,B
2021-06-10T13:38:31,100.0,16.9,S
2021-06-10T13:38:29,100.0,16.9,B
2021-06-10T13:38:22,9000.0,16.85,S
2021-06-10T13:37:53,2900.0,16.85,S
2021-06-10T13:37:53,100.0,16.85,S
2021-06-10T13:37:53,7000.0,16.85,S
2021-06-10T13:37:44,100.0,16.9,S
2021-06-10T13:37:10,20000.0,16.9,S
2021-06-10T13:37:06,1000.0,16.9,S
2021-06-10T13:36:29,1000.0,16.9,S
2021-06-10T13:35:56,1000.0,16.95,B
2021-06-10T13:35:18,700.0,16.95,B
2021-06-10T13:34:32,1000.0,16.95,B
2021-06-10T13:34:09,4000.0,16.9,S
2021-06-10T13:33:38,3800.0,16.9,S
2021-06-10T13:30:19,900.0,16.9,S
2021-06-10T13:30:17,200.0,16.9,B
2021-06-10T13:30:14,100.0,16.9,B
2021-06-10T13:29:32,1000.0,16.9,B
2021-06-10T13:29:09,100.0,16.9,B
2021-06-10T13:28:49,300.0,16.9,B
2021-06-10T13:28:29,500.0,16.9,B
2021-06-10T13:28:26,1400.0,16.85,S
2021-06-10T13:27:47,100.0,16.9,B
2021-06-10T13:27:06,2100.0,16.85,B
2021-06-10T13:27:00,200.0,16.85,B
2021-06-10T13:26:46,1200.0,16.85,B
2021-06-10T13:26:41,500.0,16.85,B
2021-06-10T13:26:26,1000.0,16.85,B
2021-06-10T13:26:26,1300.0,16.85,B
2021-06-10T13:26:26,1900.0,16.85,B
2021-06-10T13:26:10,100.0,16.85,B
2021-06-10T13:25:11,800.0,16.8,B
2021-06-10T13:25:10,1000.0,16.8,B
2021-06-10T13:24:54,2100.0,16.8,B
2021-06-10T13:24:53,800.0,16.8,B
2021-06-10T13:24:41,500.0,16.8,B
2021-06-10T13:24:34,500.0,16.8,B
2021-06-10T13:24:30,100.0,16.8,B
2021-06-10T13:24:23,1000.0,16.8,B
2021-06-10T13:24:18,2000.0,16.8,B
2021-06-10T13:24:07,1500.0,16.75,S
2021-06-10T13:23:58,100.0,16.75,S
2021-06-10T13:22:58,19100.0,16.7,B
2021-06-10T13:22:54,800.0,16.7,B
2021-06-10T13:22:48,5400.0,16.7,S
2021-06-10T13:22:46,500.0,16.7,S
2021-06-10T13:22:41,1000.0,16.7,S
2021-06-10T13:22:33,1500.0,16.7,S
2021-06-10T13:22:33,2400.0,16.7,S
2021-06-10T13:22:33,6900.0,16.7,S
2021-06-10T13:22:33,1100.0,16.7,S
2021-06-10T13:22:33,2400.0,16.7,S
2021-06-10T13:22:33,1100.0,16.7,S
2021-06-10T13:22:33,1100.0,16.7,S
2021-06-10T13:22:33,1300.0,16.7,S
2021-06-10T13:22:32,200.0,16.7,S
2021-06-10T13:22:32,500.0,16.7,S
2021-06-10T13:22:32,2200.0,16.7,S
2021-06-10T13:22:32,300.0,16.75,S
2021-06-10T13:22:32,2200.0,16.75,S
2021-06-10T13:22:24,1000.0,16.8,B
2021-06-10T13:21:35,700.0,16.75,S
2021-06-10T13:21:09,2000.0,16.75,S
2021-06-10T13:21:02,300.0,16.75,S
2021-06-10T13:20:49,200.0,16.8,B
2021-06-10T13:20:19,500.0,16.8,B
2021-06-10T13:20:19,300.0,16.8,B
2021-06-10T13:20:19,3200.0,16.8,B
2021-06-10T13:19:08,10000.0,16.8,S
2021-06-10T13:19:01,3100.0,16.8,S
2021-06-10T13:19:01,1900.0,16.8,S
2021-06-10T13:18:05,500.0,16.8,S
2021-06-10T13:17:54,600.0,16.8,S
2021-06-10T13:17:35,7500.0,16.8,S
2021-06-10T13:17:35,1000.0,16.8,S
2021-06-10T13:17:34,1500.0,16.8,S
2021-06-10T13:16:47,100.0,16.85,B
2021-06-10T13:16:25,700.0,16.8,S
2021-06-10T13:16:25,200.0,16.8,S
2021-06-10T13:16:25,3100.0,16.8,S
2021-06-10T13:16:05,100.0,16.85,B
2021-06-10T13:15:24,100.0,16.85,B
2021-06-10T13:14:43,1000.0,16.8,S
2021-06-10T13:14:32,1500.0,16.8,S
2021-06-10T13:14:32,900.0,16.8,S
2021-06-10T13:14:32,600.0,16.8,S
2021-06-10T13:14:32,2000.0,16.8,S
2021-06-10T13:14:14,900.0,16.8,S
2021-06-10T13:13:56,1000.0,16.8,S
2021-06-10T13:13:29,200.0,16.8,S
2021-06-10T13:12:42,200.0,16.8,S
2021-06-10T13:11:24,100.0,16.85,B
2021-06-10T13:10:01,200.0,16.8,S
2021-06-10T13:09:40,1000.0,16.8,S
2021-06-10T13:08:56,100.0,16.8,S
2021-06-10T13:08:56,6000.0,16.8,S
2021-06-10T13:08:56,5300.0,16.8,S
2021-06-10T13:08:56,600.0,16.8,S
2021-06-10T13:08:56,700.0,16.8,S
2021-06-10T13:08:24,1000.0,16.85,S
2021-06-10T13:08:24,200.0,16.85,S
2021-06-10T13:08:24,800.0,16.85,S
2021-06-10T13:08:24,200.0,16.85,S
2021-06-10T13:08:24,1000.0,16.85,S
2021-06-10T13:08:24,4400.0,16.85,S
2021-06-10T13:07:42,10000.0,16.85,S
2021-06-10T13:07:28,400.0,16.85,S
2021-06-10T13:06:46,1000.0,16.9,B
2021-06-10T13:05:54,6200.0,16.9,S
2021-06-10T13:04:50,400.0,16.9,S
2021-06-10T13:04:45,2000.0,16.9,S
2021-06-10T13:04:28,4800.0,16.9,S
2021-06-10T13:04:28,800.0,16.9,S
2021-06-10T13:03:50,1000.0,16.9,S
2021-06-10T13:01:07,500.0,16.95,S
2021-06-10T13:00:48,100.0,16.95,S
2021-06-10T13:00:34,100.0,16.95,S
2021-06-10T13:00:22,500.0,16.95,S
2021-06-10T13:00:22,5000.0,16.95,S
2021-06-10T13:00:22,8000.0,16.95,S
2021-06-10T11:26:59,500.0,17.0,S
2021-06-10T11:24:39,400.0,17.0,S
2021-06-10T11:22:45,1000.0,17.0,S
2021-06-10T11:20:07,1500.0,17.0,S
2021-06-10T11:19:40,200.0,17.0,S
2021-06-10T11:19:35,5000.0,17.0,B
2021-06-10T11:19:35,1300.0,17.0,B
2021-06-10T11:19:30,300.0,16.95,S
2021-06-10T11:18:23,500.0,17.0,B
2021-06-10T11:18:12,1300.0,17.0,B
2021-06-10T11:16:54,600.0,17.0,B
2021-06-10T11:16:17,200.0,17.0,B
2021-06-10T11:14:42,7000.0,17.0,B
2021-06-10T11:13:40,2000.0,16.95,S
2021-06-10T11:11:12,1000.0,16.95,S
2021-06-10T11:10:43,5000.0,16.95,S
2021-06-10T11:10:39,10000.0,17.0,B
2021-06-10T11:10:24,100.0,17.0,B
2021-06-10T11:09:19,2000.0,17.0,B
2021-06-10T11:09:04,100.0,16.85,S
2021-06-10T11:08:54,1800.0,16.95,B
2021-06-10T11:08:54,200.0,16.9,B
2021-06-10T11:08:46,200.0,16.9,B
2021-06-10T11:08:17,1400.0,16.9,B
2021-06-10T11:08:06,2000.0,16.85,S
2021-06-10T11:07:43,100.0,16.9,B
2021-06-10T11:07:42,3000.0,16.9,B
2021-06-10T11:07:34,400.0,16.9,B
2021-06-10T11:07:30,100.0,16.9,B
2021-06-10T11:07:28,100.0,16.9,B
2021-06-10T11:07:17,5000.0,16.9,B
2021-06-10T11:07:15,100.0,16.9,B
2021-06-10T11:07:11,1000.0,16.9,B
2021-06-10T11:07:10,1000.0,16.9,B
2021-06-10T11:07:01,1900.0,16.9,B
2021-06-10T11:06:33,1000.0,16.9,B
2021-06-10T11:06:24,1000.0,16.9,B
2021-06-10T11:06:03,1000.0,16.9,B
2021-06-10T11:05:04,3000.0,16.9,B
2021-06-10T11:04:59,300.0,16.9,B
2021-06-10T11:04:45,1000.0,16.85,S
2021-06-10T11:04:42,600.0,16.85,S
2021-06-10T11:04:42,4400.0,16.85,S
2021-06-10T11:03:24,1600.0,16.85,S
2021-06-10T11:02:35,200.0,16.85,S
2021-06-10T11:02:25,100.0,16.9,B
2021-06-10T11:00:34,6400.0,16.9,B
2021-06-10T11:00:34,1400.0,16.9,B
2021-06-10T11:00:15,100.0,16.9,B
2021-06-10T11:00:04,5000.0,16.9,B
2021-06-10T11:00:03,1900.0,16.85,S
2021-06-10T10:59:46,2600.0,16.9,B
2021-06-10T10:59:25,100.0,16.9,S
2021-06-10T10:58:48,100.0,16.9,S
2021-06-10T10:58:38,2700.0,16.9,S
2021-06-10T10:56:35,8100.0,16.9,S
2021-06-10T10:56:35,2500.0,16.9,S
2021-06-10T10:56:35,300.0,16.9,S
2021-06-10T10:56:35,800.0,16.9,S
2021-06-10T10:56:35,3300.0,16.9,S
2021-06-10T10:56:35,400.0,16.9,S
2021-06-10T10:56:35,2600.0,16.9,S
2021-06-10T10:56:33,3000.0,16.9,S
2021-06-10T10:56:33,2000.0,16.9,S
2021-06-10T10:56:23,2000.0,16.9,S
2021-06-10T10:55:14,600.0,16.9,S
2021-06-10T10:53:55,100.0,16.95,S
2021-06-10T10:53:35,300.0,16.95,S
2021-06-10T10:53:27,100.0,16.95,S
2021-06-10T10:52:35,2000.0,16.95,S
2021-06-10T10:52:34,400.0,16.95,S
2021-06-10T10:52:15,200.0,16.95,S
2021-06-10T10:52:13,1000.0,16.95,S
2021-06-10T10:51:00,1900.0,16.95,S
2021-06-10T10:50:04,600.0,16.95,S
2021-06-10T10:49:58,500.0,16.95,S
2021-06-10T10:48:50,300.0,17.0,B
2021-06-10T10:47:50,1500.0,17.0,B
2021-06-10T10:47:01,900.0,16.95,S
2021-06-10T10:47:00,2100.0,16.95,S
2021-06-10T10:45:20,200.0,17.0,B
2021-06-10T10:44:54,300.0,17.0,S
2021-06-10T10:44:22,2000.0,17.0,S
2021-06-10T10:42:40,2000.0,17.05,B
2021-06-10T10:41:43,2100.0,17.0,B
2021-06-10T10:41:21,4500.0,16.95,S
2021-06-10T10:41:21,6700.0,16.95,S
2021-06-10T10:41:10,500.0,16.95,S
2021-06-10T10:40:49,2000.0,17.0,B
2021-06-10T10:40:45,200.0,17.0,B
2021-06-10T10:40:31,100.0,17.0,B
2021-06-10T10:40:21,300.0,17.0,B
2021-06-10T10:40:02,200.0,17.0,B
2021-06-10T10:39:43,1000.0,16.95,S
2021-06-10T10:39:09,2000.0,17.0,B
2021-06-10T10:39:08,1000.0,17.0,B
2021-06-10T10:38:55,3000.0,17.0,B
2021-06-10T10:38:47,200.0,17.0,B
2021-06-10T10:38:44,1500.0,17.0,B
2021-06-10T10:38:42,8500.0,17.0,S
2021-06-10T10:38:42,2100.0,17.0,S
2021-06-10T10:38:42,7000.0,17.0,S
2021-06-10T10:38:42,2500.0,17.0,S
2021-06-10T10:38:37,300.0,17.05,B
2021-06-10T10:38:34,1700.0,17.0,S
2021-06-10T10:38:07,500.0,17.05,B
2021-06-10T10:37:06,300.0,17.05,B
2021-06-10T10:37:06,700.0,17.05,B
2021-06-10T10:36:39,300.0,17.05,B
2021-06-10T10:36:25,300.0,17.05,B
2021-06-10T10:36:23,600.0,17.0,S
2021-06-10T10:36:13,600.0,17.0,S
2021-06-10T10:33:45,700.0,17.05,B
2021-06-10T10:33:34,200.0,17.0,S
2021-06-10T10:32:56,200.0,17.0,S
2021-06-10T10:32:21,4300.0,17.0,S
2021-06-10T10:32:21,5700.0,17.0,S
2021-06-10T10:31:09,800.0,17.0,S
2021-06-10T10:31:09,200.0,17.0,S
2021-06-10T10:30:36,1000.0,17.05,B
2021-06-10T10:30:09,100.0,17.0,S
2021-06-10T10:29:52,200.0,17.05,S
2021-06-10T10:29:22,200.0,17.05,S
2021-06-10T10:28:18,4400.0,17.05,S
2021-06-10T10:27:50,5600.0,17.05,S
2021-06-10T10:27:47,200.0,17.05,S
2021-06-10T10:27:13,500.0,17.1,B
2021-06-10T10:26:36,4700.0,17.05,S
2021-06-10T10:26:36,300.0,17.05,S
2021-06-10T10:26:01,1000.0,17.05,S
2021-06-10T10:25:21,100.0,17.05,S
2021-06-10T10:24:35,1000.0,17.05,S
2021-06-10T10:23:13,300.0,17.1,B
2021-06-10T10:23:06,1000.0,17.1,B
2021-06-10T10:21:46,2000.0,17.15,B
2021-06-10T10:21:39,100.0,17.15,B
2021-06-10T10:21:14,300.0,17.15,B
2021-06-10T10:21:03,400.0,17.15,B
2021-06-10T10:20:58,12700.0,17.05,S
2021-06-10T10:20:58,3000.0,17.1,S
2021-06-10T10:20:58,1300.0,17.1,S
2021-06-10T10:20:28,100.0,17.15,B
2021-06-10T10:20:08,500.0,17.15,S
2021-06-10T10:20:08,4500.0,17.15,S
2021-06-10T10:19:59,100.0,17.15,S
2021-06-10T10:19:38,2000.0,17.15,S
2021-06-10T10:19:12,400.0,17.15,S
2021-06-10T10:18:43,5000.0,17.2,B
2021-06-10T10:18:36,1000.0,17.15,S
2021-06-10T10:18:22,2000.0,17.15,S
2021-06-10T10:18:06,500.0,17.15,S
2021-06-10T10:17:29,300.0,17.2,B
2021-06-10T10:17:10,1000.0,17.2,B
2021-06-10T10:17:06,1000.0,17.2,B
2021-06-10T10:16:49,100.0,17.15,S
2021-06-10T10:16:01,4900.0,17.15,B
2021-06-10T10:15:56,500.0,17.15,B
2021-06-10T10:15:02,100.0,17.1,S
2021-06-10T10:14:35,300.0,17.1,S
2021-06-10T10:14:20,1000.0,17.1,S
2021-06-10T10:13:58,300.0,17.1,S
2021-06-10T10:13:10,600.0,17.15,B
2021-06-10T10:12:14,300.0,17.15,B
2021-06-10T10:11:50,200.0,17.15,B
2021-06-10T10:11:37,100.0,17.15,B
2021-06-10T10:11:34,100.0,17.15,B
2021-06-10T10:11:30,13500.0,17.0,S
2021-06-10T10:11:19,1000.0,17.15,B
2021-06-10T10:10:29,800.0,17.15,B
2021-06-10T10:09:56,1000.0,17.15,B
2021-06-10T10:09:50,800.0,17.15,S
2021-06-10T10:09:01,1200.0,17.15,S
2021-06-10T10:09:01,1800.0,17.15,S
2021-06-10T10:08:03,100.0,17.2,B
2021-06-10T10:08:03,400.0,17.2,B
2021-06-10T10:07:47,600.0,17.2,B
2021-06-10T10:07:38,500.0,17.2,B
2021-06-10T10:06:02,500.0,17.2,B
2021-06-10T10:05:35,100.0,17.15,S
2021-06-10T10:04:43,500.0,17.15,S
2021-06-10T10:04:17,200.0,17.2,B
2021-06-10T10:04:06,1400.0,17.2,B
2021-06-10T10:04:06,300.0,17.15,B
2021-06-10T10:04:06,1100.0,17.15,B
2021-06-10T10:01:58,1100.0,17.15,B
2021-06-10T10:01:45,200.0,17.15,B
2021-06-10T10:01:23,2300.0,17.15,B
2021-06-10T10:00:12,2000.0,17.0,B
2021-06-10T10:00:06,1000.0,17.15,B
2021-06-10T09:59:21,2500.0,17.15,B
2021-06-10T09:58:50,1800.0,17.0,B
2021-06-10T09:58:50,1200.0,17.0,B
2021-06-10T09:58:50,2000.0,17.0,B
2021-06-10T09:57:43,1000.0,17.0,B
2021-06-10T09:57:38,400.0,16.95,B
2021-06-10T09:57:28,10000.0,16.95,B
2021-06-10T09:57:15,100.0,16.95,B
2021-06-10T09:57:14,400.0,16.95,B
2021-06-10T09:57:14,2000.0,16.95,B
2021-06-10T09:57:11,200.0,16.95,B
2021-06-10T09:57:08,2000.0,16.95,B
2021-06-10T09:56:59,100.0,16.95,B
2021-06-10T09:56:44,100.0,16.95,B
2021-06-10T09:56:42,1000.0,16.95,B
2021-06-10T09:56:20,3000.0,16.95,B
2021-06-10T09:56:17,300.0,16.95,B
2021-06-10T09:56:14,500.0,16.9,S
2021-06-10T09:56:09,100.0,16.9,S
2021-06-10T09:55:59,200.0,16.95,B
2021-06-10T09:55:57,100.0,16.95,B
2021-06-10T09:55:37,500.0,16.95,B
2021-06-10T09:55:03,500.0,16.95,B
2021-06-10T09:54:58,500.0,16.95,B
2021-06-10T09:54:26,100.0,16.95,B
2021-06-10T09:54:20,400.0,16.9,S
2021-06-10T09:54:15,1000.0,16.95,B
2021-06-10T09:53:16,100.0,16.9,S
2021-06-10T09:53:07,1200.0,16.9,S
2021-06-10T09:52:38,500.0,16.9,S
2021-06-10T09:51:14,100.0,16.9,S
2021-06-10T09:51:11,1000.0,16.9,S
2021-06-10T09:50:30,1000.0,16.9,S
2021-06-10T09:50:06,600.0,16.9,S
2021-06-10T09:49:56,300.0,16.9,S
2021-06-10T09:49:55,200.0,16.95,S
2021-06-10T09:49:51,700.0,16.95,S
2021-06-10T09:49:39,800.0,16.95,S
2021-06-10T09:49:38,2000.0,16.95,S
2021-06-10T09:49:28,2000.0,17.0,B
2021-06-10T09:48:17,300.0,17.0,S
2021-06-10T09:48:16,200.0,16.95,S
2021-06-10T09:47:39,1600.0,16.95,S
2021-06-10T09:47:21,1200.0,16.9,S
2021-06-10T09:46:27,2000.0,16.9,S
2021-06-10T09:45:49,2000.0,16.95,S
2021-06-10T09:45:45,400.0,16.95,S
2021-06-10T09:45:45,800.0,16.95,S
2021-06-10T09:45:45,2400.0,16.95,S
2021-06-10T09:44:48,4600.0,17.0,S
2021-06-10T09:44:25,1000.0,17.0,S
2021-06-10T09:44:18,300.0,17.0,S
2021-06-10T09:44:12,100.0,17.0,S
2021-06-10T09:44:12,1000.0,17.0,S
2021-06-10T09:43:59,2200.0,17.0,S
2021-06-10T09:43:19,1000.0,17.0,S
2021-06-10T09:43:11,200.0,17.0,S
2021-06-10T09:42:50,1000.0,17.0,S
2021-06-10T09:42:47,200.0,17.0,S
2021-06-10T09:42:44,5000.0,17.0,S
2021-06-10T09:41:47,3000.0,17.0,S
2021-06-10T09:41:42,3000.0,17.0,S
2021-06-10T09:41:36,2000.0,17.0,S
2021-06-10T09:40:12,400.0,17.1,S
2021-06-10T09:40:07,300.0,17.0,S
2021-06-10T09:40:07,3700.0,17.0,S
2021-06-10T09:39:59,200.0,17.0,S
2021-06-10T09:39:55,100.0,17.0,S
2021-06-10T09:39:54,300.0,17.0,S
2021-06-10T09:39:35,500.0,17.0,S
2021-06-10T09:39:21,3000.0,17.0,S
2021-06-10T09:39:12,100.0,17.0,S
2021-06-10T09:39:00,2000.0,17.0,S
2021-06-10T09:38:47,2000.0,17.0,S
2021-06-10T09:38:47,10100.0,17.0,S
2021-06-10T09:38:47,9500.0,17.0,S
2021-06-10T09:38:47,10500.0,17.05,S
2021-06-10T09:38:47,2300.0,17.05,S
2021-06-10T09:38:47,1400.0,17.05,S
2021-06-10T09:38:47,6700.0,17.05,S
2021-06-10T09:38:47,1400.0,17.1,S
2021-06-10T09:38:17,1700.0,17.15,S
2021-06-10T09:37:36,100.0,17.2,B
2021-06-10T09:34:47,500.0,17.2,B
2021-06-10T09:34:04,100.0,17.2,B
2021-06-10T09:34:00,600.0,17.1,S
2021-06-10T09:33:27,300.0,17.2,B
2021-06-10T09:33:17,100.0,17.2,B
2021-06-10T09:33:14,1200.0,17.1,S
2021-06-10T09:32:25,10000.0,17.2,B
2021-06-10T09:31:13,300.0,17.2,B
2021-06-10T09:30:39,300.0,17.05,B
2021-06-10T09:30:31,800.0,17.05,B
2021-06-10T09:30:23,100.0,17.05,B
2021-06-10T09:29:27,1000.0,17.2,B
2021-06-10T09:29:04,500.0,17.05,B
2021-06-10T09:28:54,1000.0,17.05,S
2021-06-10T09:28:51,1000.0,17.05,S
2021-06-10T09:28:51,500.0,17.05,S
2021-06-10T09:28:49,500.0,17.05,S
2021-06-10T09:28:20,500.0,17.05,S
2021-06-10T09:28:13,100.0,17.05,S
2021-06-10T09:28:10,600.0,17.05,S
2021-06-10T09:28:10,400.0,17.1,S
2021-06-10T09:28:03,100.0,17.05,S
2021-06-10T09:27:29,100.0,17.05,S
2021-06-10T09:27:18,300.0,17.05,B
2021-06-10T09:27:07,500.0,17.2,B
2021-06-10T09:26:57,900.0,17.05,B
2021-06-10T09:26:41,700.0,17.05,B
2021-06-10T09:26:40,200.0,17.05,B
2021-06-10T09:26:28,500.0,17.05,B
2021-06-10T09:26:25,2000.0,17.2,B
2021-06-10T09:26:23,100.0,17.05,B
2021-06-10T09:26:19,200.0,17.05,B
2021-06-10T09:25:59,2000.0,17.1,B
2021-06-10T09:25:51,300.0,17.05,B
2021-06-10T09:25:45,200.0,17.05,B
2021-06-10T09:25:22,800.0,17.05,B
2021-06-10T09:25:19,100.0,17.0,S
2021-06-10T09:24:53,2500.0,17.05,B
2021-06-10T09:24:29,300.0,17.0,B
2021-06-10T09:24:13,200.0,17.0,B
2021-06-10T09:24:04,600.0,17.0,B
2021-06-10T09:23:47,100.0,17.0,B
2021-06-10T09:23:36,200.0,17.0,B
2021-06-10T09:23:30,100.0,17.0,B
2021-06-10T09:23:27,500.0,17.0,B
2021-06-10T09:23:22,2200.0,17.0,B
2021-06-10T09:23:20,1000.0,17.0,B
2021-06-10T09:23:18,500.0,16.95,S
2021-06-10T09:23:17,200.0,17.0,B
2021-06-10T09:23:15,800.0,17.0,B
2021-06-10T09:23:07,4000.0,17.0,B
2021-06-10T09:22:47,100.0,17.0,B
2021-06-10T09:22:34,1000.0,17.0,B
2021-06-10T09:22:32,4800.0,17.0,B
2021-06-10T09:22:31,200.0,17.0,B
2021-06-10T09:22:25,400.0,17.0,B
2021-06-10T09:22:24,1500.0,17.0,B
2021-06-10T09:22:08,800.0,17.0,B
2021-06-10T09:22:00,700.0,17.0,B
2021-06-10T09:21:22,1700.0,17.0,B
2021-06-10T09:21:14,1000.0,17.0,B
2021-06-10T09:21:12,200.0,17.0,B
2021-06-10T09:20:54,1000.0,17.0,S
2021-06-10T09:20:45,1000.0,17.0,S
2021-06-10T09:20:43,6800.0,17.0,S
2021-06-10T09:20:13,2800.0,17.0,S
2021-06-10T09:20:13,200.0,17.0,S
2021-06-10T09:20:13,7000.0,17.0,S
2021-06-10T09:19:18,100.0,17.05,S
2021-06-10T09:18:05,100.0,17.0,S
2021-06-10T09:17:52,400.0,17.0,B
2021-06-10T09:17:39,100.0,17.0,B
2021-06-10T09:17:08,100.0,17.0,B
2021-06-10T09:17:08,100.0,17.0,B
2021-06-10T09:16:26,1500.0,17.0,B
