tradingTime,volume,price,side
2021-06-10T14:30:11,2700.0,6.53,S
2021-06-10T14:30:03,300.0,6.53,S
2021-06-10T14:29:38,1200.0,6.54,B
2021-06-10T14:29:34,300.0,6.54,B
2021-06-10T14:29:18,20000.0,6.53,S
2021-06-10T14:28:55,200.0,6.54,B
2021-06-10T14:28:43,2000.0,6.54,B
2021-06-10T14:28:15,2200.0,6.54,S
2021-06-10T14:28:02,4800.0,6.54,S
2021-06-10T14:27:48,1000.0,6.55,B
2021-06-10T14:27:46,10000.0,6.55,B
2021-06-10T14:27:45,2500.0,6.54,S
2021-06-10T14:27:40,400.0,6.55,B
2021-06-10T14:27:13,1300.0,6.55,B
2021-06-10T14:26:56,2000.0,6.55,B
2021-06-10T14:26:54,2000.0,6.55,B
2021-06-10T14:26:54,100.0,6.55,B
2021-06-10T14:26:44,2000.0,6.55,B
2021-06-10T14:26:39,300.0,6.55,B
2021-06-10T14:26:38,2000.0,6.55,B
2021-06-10T14:26:29,2000.0,6.55,B
2021-06-10T14:26:08,5000.0,6.54,S
2021-06-10T14:25:57,700.0,6.54,S
2021-06-10T14:25:57,700.0,6.54,S
2021-06-10T14:25:45,2000.0,6.54,S
2021-06-10T14:25:22,1300.0,6.55,B
2021-06-10T14:25:22,3700.0,6.55,B
2021-06-10T14:25:12,300.0,6.55,B
2021-06-10T14:24:55,500.0,6.55,B
2021-06-10T14:24:54,10000.0,6.54,S
2021-06-10T14:24:40,200.0,6.55,B
2021-06-10T14:24:40,4800.0,6.55,B
2021-06-10T14:24:31,500.0,6.54,S
2021-06-10T14:24:02,800.0,6.54,S
2021-06-10T14:23:45,6000.0,6.54,B
2021-06-10T14:23:43,1000.0,6.54,B
2021-06-10T14:23:24,5000.0,6.54,B
2021-06-10T14:22:47,10000.0,6.53,S
2021-06-10T14:22:37,2900.0,6.53,B
2021-06-10T14:22:28,20000.0,6.53,B
2021-06-10T14:22:22,200.0,6.53,B
2021-06-10T14:22:14,100.0,6.53,B
2021-06-10T14:22:00,500.0,6.53,B
2021-06-10T14:21:56,600.0,6.52,S
2021-06-10T14:21:17,1000.0,6.52,S
2021-06-10T14:21:08,400.0,6.53,B
2021-06-10T14:21:08,2600.0,6.53,B
2021-06-10T14:20:44,200.0,6.53,B
2021-06-10T14:20:43,200.0,6.53,B
2021-06-10T14:20:42,2800.0,6.53,B
2021-06-10T14:20:18,2700.0,6.52,S
2021-06-10T14:19:40,400.0,6.52,S
2021-06-10T14:19:39,100.0,6.52,S
2021-06-10T14:18:57,400.0,6.52,S
2021-06-10T14:18:57,600.0,6.52,S
2021-06-10T14:18:54,100.0,6.52,S
2021-06-10T14:18:09,800.0,6.52,B
2021-06-10T14:17:49,400.0,6.52,B
2021-06-10T14:17:48,200.0,6.52,S
2021-06-10T14:17:29,1300.0,6.52,B
2021-06-10T14:17:22,20000.0,6.52,B
2021-06-10T14:17:01,2000.0,6.52,B
2021-06-10T14:16:44,300.0,6.51,S
2021-06-10T14:15:06,1000.0,6.51,S
2021-06-10T14:15:05,4600.0,6.51,S
2021-06-10T14:14:30,600.0,6.51,B
2021-06-10T14:14:21,100.0,6.51,B
2021-06-10T14:14:04,500.0,6.51,B
2021-06-10T14:13:29,400.0,6.51,B
2021-06-10T14:13:20,500.0,6.51,B
2021-06-10T14:13:11,300.0,6.51,B
2021-06-10T14:12:43,1000.0,6.51,B
2021-06-10T14:12:37,400.0,6.51,B
2021-06-10T14:12:24,1100.0,6.51,B
2021-06-10T14:12:12,100.0,6.51,B
2021-06-10T14:11:23,400.0,6.5,S
2021-06-10T14:11:02,4000.0,6.5,S
2021-06-10T14:10:23,100.0,6.51,B
2021-06-10T14:10:14,1000.0,6.51,S
2021-06-10T14:09:57,1000.0,6.51,S
2021-06-10T14:08:35,10500.0,6.5,S
2021-06-10T14:08:26,800.0,6.51,B
2021-06-10T14:08:13,500.0,6.51,B
2021-06-10T14:08:10,3700.0,6.51,S
2021-06-10T14:06:44,1000.0,6.52,B
2021-06-10T14:06:32,5000.0,6.51,S
2021-06-10T14:06:21,100.0,6.51,S
2021-06-10T14:05:29,1000.0,6.51,S
2021-06-10T14:05:17,500.0,6.51,S
2021-06-10T14:04:30,500.0,6.51,B
2021-06-10T14:04:21,1100.0,6.51,B
2021-06-10T14:04:02,100.0,6.51,B
2021-06-10T14:04:02,10000.0,6.51,B
2021-06-10T14:03:32,200.0,6.51,B
2021-06-10T14:03:20,100.0,6.51,B
2021-06-10T14:02:52,1000.0,6.51,B
2021-06-10T14:02:37,100.0,6.51,B
2021-06-10T14:01:42,700.0,6.51,B
2021-06-10T13:59:59,300.0,6.51,S
2021-06-10T13:59:09,400.0,6.5,S
2021-06-10T13:59:04,3700.0,6.5,S
2021-06-10T13:59:02,1500.0,6.52,B
2021-06-10T13:58:59,3000.0,6.52,B
2021-06-10T13:58:37,4200.0,6.5,S
2021-06-10T13:58:37,4200.0,6.5,S
2021-06-10T13:58:37,5000.0,6.5,S
2021-06-10T13:58:37,300.0,6.5,S
2021-06-10T13:58:37,1300.0,6.5,S
2021-06-10T13:57:47,1300.0,6.51,S
2021-06-10T13:57:40,5000.0,6.51,S
2021-06-10T13:56:07,500.0,6.51,S
2021-06-10T13:55:51,500.0,6.51,S
2021-06-10T13:55:25,8400.0,6.5,S
2021-06-10T13:55:25,5800.0,6.51,S
2021-06-10T13:55:11,2000.0,6.51,S
2021-06-10T13:54:13,2000.0,6.51,S
2021-06-10T13:53:48,1000.0,6.51,S
2021-06-10T13:53:48,4900.0,6.51,S
2021-06-10T13:53:47,100.0,6.51,S
2021-06-10T13:53:44,2000.0,6.51,S
2021-06-10T13:53:37,100.0,6.52,B
2021-06-10T13:53:31,1000.0,6.52,B
2021-06-10T13:53:17,500.0,6.52,B
2021-06-10T13:53:07,1000.0,6.51,S
2021-06-10T13:52:57,1000.0,6.52,B
2021-06-10T13:52:56,1700.0,6.51,S
2021-06-10T13:51:46,300.0,6.52,B
2021-06-10T13:51:26,3000.0,6.52,B
2021-06-10T13:51:14,16900.0,6.52,S
2021-06-10T13:51:11,500.0,6.52,S
2021-06-10T13:50:39,500.0,6.52,S
2021-06-10T13:49:38,2000.0,6.53,B
2021-06-10T13:49:31,400.0,6.52,B
2021-06-10T13:48:24,700.0,6.52,S
2021-06-10T13:48:14,300.0,6.53,B
2021-06-10T13:48:14,2700.0,6.53,B
2021-06-10T13:48:04,300.0,6.51,S
2021-06-10T13:47:46,1000.0,6.52,B
2021-06-10T13:47:45,2900.0,6.52,B
2021-06-10T13:46:52,17100.0,6.52,S
2021-06-10T13:46:50,8000.0,6.53,B
2021-06-10T13:46:10,500.0,6.53,B
2021-06-10T13:45:38,1700.0,6.53,B
2021-06-10T13:44:56,1000.0,6.53,B
2021-06-10T13:44:37,200.0,6.53,B
2021-06-10T13:44:35,700.0,6.53,B
2021-06-10T13:42:19,1000.0,6.53,S
2021-06-10T13:42:16,500.0,6.53,S
2021-06-10T13:41:55,400.0,6.53,B
2021-06-10T13:40:51,8200.0,6.52,B
2021-06-10T13:40:28,600.0,6.52,B
2021-06-10T13:40:19,1000.0,6.51,S
2021-06-10T13:40:15,100.0,6.51,S
2021-06-10T13:40:08,15000.0,6.51,S
2021-06-10T13:40:05,1000.0,6.51,S
2021-06-10T13:39:17,1600.0,6.52,B
2021-06-10T13:39:02,1500.0,6.52,B
2021-06-10T13:38:52,1900.0,6.51,S
2021-06-10T13:38:27,1000.0,6.51,S
2021-06-10T13:38:26,500.0,6.51,S
2021-06-10T13:38:10,500.0,6.51,S
2021-06-10T13:37:58,1600.0,6.51,S
2021-06-10T13:37:38,500.0,6.5,S
2021-06-10T13:37:32,2500.0,6.51,S
2021-06-10T13:37:29,900.0,6.52,S
2021-06-10T13:37:26,300.0,6.52,B
2021-06-10T13:37:17,800.0,6.52,B
2021-06-10T13:36:16,4900.0,6.51,S
2021-06-10T13:35:37,400.0,6.52,S
2021-06-10T13:35:37,300.0,6.52,S
2021-06-10T13:33:23,500.0,6.5,S
2021-06-10T13:33:20,5200.0,6.55,B
2021-06-10T13:33:20,700.0,6.52,B
2021-06-10T13:33:20,2300.0,6.52,B
2021-06-10T13:33:20,1800.0,6.52,B
2021-06-10T13:33:05,10000.0,6.51,B
2021-06-10T13:33:05,400.0,6.51,B
2021-06-10T13:32:49,100.0,6.5,S
2021-06-10T13:32:40,1000.0,6.51,B
2021-06-10T13:32:14,4100.0,6.5,B
2021-06-10T13:32:14,13100.0,6.5,B
2021-06-10T13:31:40,1400.0,6.5,B
2021-06-10T13:31:40,5500.0,6.5,B
2021-06-10T13:31:40,100.0,6.5,B
2021-06-10T13:31:39,3000.0,6.5,B
2021-06-10T13:31:05,200.0,6.49,B
2021-06-10T13:30:29,600.0,6.48,S
2021-06-10T13:30:26,4800.0,6.48,B
2021-06-10T13:30:26,6000.0,6.48,B
2021-06-10T13:30:26,5000.0,6.48,B
2021-06-10T13:30:26,600.0,6.48,B
2021-06-10T13:30:05,10000.0,6.48,B
2021-06-10T13:29:58,500.0,6.48,B
2021-06-10T13:29:53,500.0,6.47,S
2021-06-10T13:29:45,2000.0,6.48,B
2021-06-10T13:29:28,1000.0,6.48,B
2021-06-10T13:29:27,1000.0,6.48,B
2021-06-10T13:29:27,1500.0,6.48,B
2021-06-10T13:29:14,200.0,6.47,S
2021-06-10T13:28:47,4000.0,6.47,S
2021-06-10T13:28:44,500.0,6.48,B
2021-06-10T13:28:15,2000.0,6.48,B
2021-06-10T13:27:37,3000.0,6.47,S
2021-06-10T13:27:26,900.0,6.48,B
2021-06-10T13:27:24,1000.0,6.48,B
2021-06-10T13:27:12,1000.0,6.48,B
2021-06-10T13:26:49,1700.0,6.48,B
2021-06-10T13:25:47,9200.0,6.47,B
2021-06-10T13:25:24,1000.0,6.47,B
2021-06-10T13:25:21,2000.0,6.47,B
2021-06-10T13:25:11,200.0,6.47,B
2021-06-10T13:24:52,2100.0,6.47,B
2021-06-10T13:24:40,5000.0,6.47,B
2021-06-10T13:24:27,600.0,6.46,S
2021-06-10T13:24:14,200.0,6.46,S
2021-06-10T13:24:01,1000.0,6.47,B
2021-06-10T13:23:26,300.0,6.46,S
2021-06-10T13:23:05,3700.0,6.46,B
2021-06-10T13:22:35,200.0,6.46,B
2021-06-10T13:22:07,2100.0,6.46,B
2021-06-10T13:21:55,100.0,6.46,B
2021-06-10T13:21:22,1500.0,6.46,B
2021-06-10T13:21:21,5000.0,6.45,S
2021-06-10T13:21:19,1000.0,6.45,S
2021-06-10T13:20:39,200.0,6.45,S
2021-06-10T13:20:02,5000.0,6.46,B
2021-06-10T13:19:55,500.0,6.45,S
2021-06-10T13:19:37,10000.0,6.45,S
2021-06-10T13:19:01,500.0,6.45,S
2021-06-10T13:18:59,2000.0,6.46,B
2021-06-10T13:18:41,1200.0,6.45,S
2021-06-10T13:18:24,500.0,6.45,S
2021-06-10T13:17:57,500.0,6.45,S
2021-06-10T13:17:46,5000.0,6.46,S
2021-06-10T13:17:33,5000.0,6.46,S
2021-06-10T13:17:28,100.0,6.46,S
2021-06-10T13:17:19,1800.0,6.46,S
2021-06-10T13:17:14,1500.0,6.46,S
2021-06-10T13:16:59,200.0,6.47,S
2021-06-10T13:16:32,2000.0,6.48,B
2021-06-10T13:16:25,5000.0,6.46,S
2021-06-10T13:15:38,100.0,6.47,S
2021-06-10T13:14:27,1000.0,6.48,S
2021-06-10T13:13:42,200.0,6.48,S
2021-06-10T13:13:22,300.0,6.48,S
2021-06-10T13:13:08,5300.0,6.48,S
2021-06-10T13:11:45,100.0,6.48,S
2021-06-10T13:11:44,100.0,6.48,S
2021-06-10T13:11:41,200.0,6.48,S
2021-06-10T13:11:41,4800.0,6.48,S
2021-06-10T13:11:28,500.0,6.48,S
2021-06-10T13:11:07,1000.0,6.48,S
2021-06-10T13:10:28,10000.0,6.48,S
2021-06-10T13:10:26,200.0,6.49,B
2021-06-10T13:10:14,100.0,6.48,S
2021-06-10T13:10:14,500.0,6.48,S
2021-06-10T13:10:14,2000.0,6.48,S
2021-06-10T13:09:58,1000.0,6.49,B
2021-06-10T13:09:43,1000.0,6.48,S
2021-06-10T13:09:29,800.0,6.48,S
2021-06-10T13:09:26,3000.0,6.49,B
2021-06-10T13:09:25,500.0,6.48,S
2021-06-10T13:09:15,300.0,6.48,S
2021-06-10T13:08:49,5000.0,6.48,S
2021-06-10T13:08:41,5000.0,6.48,S
2021-06-10T13:07:54,4000.0,6.48,S
2021-06-10T13:07:37,100.0,6.49,B
2021-06-10T13:06:58,500.0,6.48,S
2021-06-10T13:06:56,300.0,6.49,B
2021-06-10T13:06:41,100.0,6.49,B
2021-06-10T13:06:20,5000.0,6.49,B
2021-06-10T13:06:00,300.0,6.49,B
2021-06-10T13:05:31,2700.0,6.5,B
2021-06-10T13:05:31,2300.0,6.5,B
2021-06-10T13:04:51,6000.0,6.5,B
2021-06-10T13:04:12,100.0,6.48,S
2021-06-10T13:03:47,3000.0,6.49,B
2021-06-10T13:02:51,100.0,6.48,B
2021-06-10T13:02:25,100.0,6.48,B
2021-06-10T13:02:15,14300.0,6.48,B
2021-06-10T13:01:37,200.0,6.48,B
2021-06-10T13:00:48,700.0,6.46,S
2021-06-10T13:00:35,300.0,6.46,S
2021-06-10T13:00:24,10000.0,6.45,S
2021-06-10T13:00:24,1600.0,6.45,S
2021-06-10T13:00:19,500.0,6.45,S
2021-06-10T13:00:19,100.0,6.46,S
2021-06-10T11:26:37,4500.0,6.45,S
2021-06-10T11:24:54,1400.0,6.45,S
2021-06-10T11:24:49,6100.0,6.44,B
2021-06-10T11:24:45,500.0,6.43,S
2021-06-10T11:24:45,10000.0,6.44,B
2021-06-10T11:24:43,100.0,6.44,B
2021-06-10T11:24:10,2900.0,6.43,S
2021-06-10T11:24:05,400.0,6.44,B
2021-06-10T11:24:02,400.0,6.43,S
2021-06-10T11:22:49,1000.0,6.44,B
2021-06-10T11:22:41,1000.0,6.44,B
2021-06-10T11:22:06,27200.0,6.44,S
2021-06-10T11:21:29,300.0,6.49,B
2021-06-10T11:20:14,7600.0,6.44,S
2021-06-10T11:20:14,7800.0,6.44,S
2021-06-10T11:20:14,1600.0,6.45,S
2021-06-10T11:18:00,2000.0,6.44,S
2021-06-10T11:18:00,7800.0,6.44,S
2021-06-10T11:18:00,1200.0,6.48,S
2021-06-10T11:17:45,5000.0,6.5,B
2021-06-10T11:16:29,1800.0,6.5,S
2021-06-10T11:16:18,500.0,6.5,S
2021-06-10T11:15:47,2000.0,6.5,S
2021-06-10T11:15:11,500.0,6.5,S
2021-06-10T11:14:59,100.0,6.5,S
2021-06-10T11:14:58,500.0,6.5,S
2021-06-10T11:14:44,3000.0,6.5,S
2021-06-10T11:14:39,600.0,6.5,S
2021-06-10T11:14:20,1100.0,6.5,S
2021-06-10T11:13:11,200.0,6.5,S
2021-06-10T11:12:53,300.0,6.5,S
2021-06-10T11:12:14,300.0,6.5,S
2021-06-10T11:12:11,4700.0,6.5,S
2021-06-10T11:12:02,1000.0,6.5,S
2021-06-10T11:11:49,100.0,6.5,S
2021-06-10T11:10:05,5900.0,6.5,B
2021-06-10T11:09:59,100.0,6.5,B
2021-06-10T11:09:51,7000.0,6.5,B
2021-06-10T11:09:50,200.0,6.5,B
2021-06-10T11:09:36,1000.0,6.5,B
2021-06-10T11:07:54,3000.0,6.5,S
2021-06-10T11:06:50,100.0,6.51,B
2021-06-10T11:06:04,900.0,6.51,B
2021-06-10T11:05:13,2500.0,6.5,B
2021-06-10T11:05:09,900.0,6.5,B
2021-06-10T11:04:46,200.0,6.48,S
2021-06-10T11:04:29,500.0,6.5,B
2021-06-10T11:04:09,2000.0,6.48,B
2021-06-10T11:03:11,100.0,6.47,B
2021-06-10T11:02:35,400.0,6.44,S
2021-06-10T11:02:35,300.0,6.44,S
2021-06-10T11:02:35,600.0,6.45,S
2021-06-10T11:01:34,100.0,6.44,S
2021-06-10T11:00:08,2000.0,6.44,S
2021-06-10T10:59:25,3000.0,6.44,S
2021-06-10T10:58:58,1500.0,6.44,S
2021-06-10T10:58:28,4100.0,6.44,S
2021-06-10T10:58:28,2400.0,6.44,S
2021-06-10T10:57:34,4200.0,6.44,S
2021-06-10T10:57:34,100.0,6.45,S
2021-06-10T10:57:34,7100.0,6.45,S
2021-06-10T10:57:34,13100.0,6.45,S
2021-06-10T10:57:34,500.0,6.45,S
2021-06-10T10:57:34,1000.0,6.45,S
2021-06-10T10:57:34,1000.0,6.45,S
2021-06-10T10:57:34,11500.0,6.45,S
2021-06-10T10:57:34,11300.0,6.46,S
2021-06-10T10:57:34,5100.0,6.47,S
2021-06-10T10:57:34,5100.0,6.47,S
2021-06-10T10:56:43,3000.0,6.47,S
2021-06-10T10:56:42,200.0,6.48,B
2021-06-10T10:56:20,100.0,6.47,S
2021-06-10T10:55:15,2200.0,6.47,S
2021-06-10T10:55:02,20000.0,6.47,S
2021-06-10T10:54:54,500.0,6.49,S
2021-06-10T10:54:43,1000.0,6.48,S
2021-06-10T10:54:43,10000.0,6.48,S
2021-06-10T10:54:43,4500.0,6.48,S
2021-06-10T10:54:43,500.0,6.48,S
2021-06-10T10:54:29,1000.0,6.49,S
2021-06-10T10:54:29,1000.0,6.49,S
2021-06-10T10:54:19,1000.0,6.49,S
2021-06-10T10:54:08,5000.0,6.49,S
2021-06-10T10:53:47,100.0,6.5,B
2021-06-10T10:52:39,200.0,6.5,S
2021-06-10T10:52:39,36000.0,6.5,S
2021-06-10T10:52:35,1000.0,6.5,S
2021-06-10T10:52:34,1400.0,6.5,S
2021-06-10T10:52:34,200.0,6.5,S
2021-06-10T10:52:34,2500.0,6.5,S
2021-06-10T10:52:15,500.0,6.5,S
2021-06-10T10:52:02,300.0,6.5,S
2021-06-10T10:51:53,16500.0,6.5,S
2021-06-10T10:51:53,2000.0,6.5,S
2021-06-10T10:51:53,1500.0,6.5,S
2021-06-10T10:51:11,2000.0,6.5,S
2021-06-10T10:50:17,1000.0,6.51,B
2021-06-10T10:50:11,100.0,6.51,B
2021-06-10T10:49:09,2000.0,6.51,S
2021-06-10T10:48:47,600.0,6.51,S
2021-06-10T10:48:43,10000.0,6.51,S
2021-06-10T10:48:00,6600.0,6.51,S
2021-06-10T10:46:55,4400.0,6.52,S
2021-06-10T10:46:24,100.0,6.52,S
2021-06-10T10:46:14,3500.0,6.52,B
2021-06-10T10:46:13,100.0,6.52,B
2021-06-10T10:45:33,9200.0,6.52,S
2021-06-10T10:45:33,7200.0,6.52,S
2021-06-10T10:44:54,1000.0,6.53,B
2021-06-10T10:44:44,300.0,6.52,S
2021-06-10T10:43:56,400.0,6.53,S
2021-06-10T10:43:22,200.0,6.53,S
2021-06-10T10:43:16,1100.0,6.53,S
2021-06-10T10:42:40,400.0,6.53,S
2021-06-10T10:42:18,200.0,6.53,S
2021-06-10T10:42:07,200.0,6.53,S
2021-06-10T10:41:40,8000.0,6.53,S
2021-06-10T10:41:40,2000.0,6.53,S
2021-06-10T10:40:07,1000.0,6.53,S
2021-06-10T10:38:57,1100.0,6.55,B
2021-06-10T10:38:57,8900.0,6.55,B
2021-06-10T10:37:31,1000.0,6.55,B
2021-06-10T10:36:03,36000.0,6.55,B
2021-06-10T10:36:01,2000.0,6.53,B
2021-06-10T10:34:58,5000.0,6.53,S
2021-06-10T10:34:57,13900.0,6.53,S
2021-06-10T10:33:58,500.0,6.54,B
2021-06-10T10:33:30,100.0,6.54,B
2021-06-10T10:33:24,100.0,6.54,B
2021-06-10T10:33:17,1000.0,6.54,B
2021-06-10T10:32:38,200.0,6.54,B
2021-06-10T10:32:18,100.0,6.54,B
2021-06-10T10:31:51,8100.0,6.54,S
2021-06-10T10:31:51,2200.0,6.54,S
2021-06-10T10:31:38,100.0,6.54,S
2021-06-10T10:31:18,100.0,6.55,B
2021-06-10T10:30:59,3000.0,6.54,S
2021-06-10T10:30:57,100.0,6.55,B
2021-06-10T10:30:50,100.0,6.55,B
2021-06-10T10:29:51,1800.0,6.55,B
2021-06-10T10:29:51,6900.0,6.55,B
2021-06-10T10:29:51,1300.0,6.55,B
2021-06-10T10:29:03,100.0,6.55,B
2021-06-10T10:29:00,5100.0,6.54,S
2021-06-10T10:29:00,5000.0,6.54,S
2021-06-10T10:29:00,9900.0,6.54,S
2021-06-10T10:28:13,3000.0,6.55,B
2021-06-10T10:28:09,100.0,6.54,S
2021-06-10T10:26:16,10000.0,6.55,B
2021-06-10T10:25:03,4000.0,6.55,B
2021-06-10T10:24:54,10000.0,6.55,B
2021-06-10T10:24:48,1000.0,6.54,S
2021-06-10T10:24:14,5000.0,6.55,B
2021-06-10T10:24:07,9600.0,6.55,S
2021-06-10T10:24:02,5000.0,6.55,S
2021-06-10T10:23:47,2400.0,6.55,S
2021-06-10T10:23:34,300.0,6.55,B
2021-06-10T10:22:40,100.0,6.55,B
2021-06-10T10:22:27,5000.0,6.55,B
2021-06-10T10:22:18,2000.0,6.54,S
2021-06-10T10:21:59,5000.0,6.54,S
2021-06-10T10:21:48,1000.0,6.54,S
2021-06-10T10:21:39,1000.0,6.54,S
2021-06-10T10:21:39,2000.0,6.54,S
2021-06-10T10:21:37,20000.0,6.54,S
2021-06-10T10:20:47,100.0,6.54,S
2021-06-10T10:20:19,1000.0,6.55,S
2021-06-10T10:20:08,200.0,6.55,S
2021-06-10T10:20:05,5000.0,6.55,S
2021-06-10T10:19:44,600.0,6.55,B
2021-06-10T10:19:39,200.0,6.55,B
2021-06-10T10:19:38,500.0,6.55,B
2021-06-10T10:19:21,500.0,6.55,B
2021-06-10T10:19:01,300.0,6.54,S
2021-06-10T10:18:52,500.0,6.54,S
2021-06-10T10:18:33,200.0,6.54,S
2021-06-10T10:18:13,100.0,6.54,S
2021-06-10T10:17:40,10000.0,6.54,S
2021-06-10T10:16:52,1000.0,6.54,S
2021-06-10T10:16:52,500.0,6.56,B
2021-06-10T10:16:52,1500.0,6.55,B
2021-06-10T10:16:16,5000.0,6.55,B
2021-06-10T10:16:09,200.0,6.55,B
2021-06-10T10:15:55,300.0,6.54,S
2021-06-10T10:15:32,100.0,6.55,B
2021-06-10T10:15:21,300.0,6.54,S
2021-06-10T10:14:53,200.0,6.54,S
2021-06-10T10:14:42,1000.0,6.55,B
2021-06-10T10:13:16,2000.0,6.55,B
2021-06-10T10:12:16,400.0,6.55,B
2021-06-10T10:11:55,900.0,6.55,B
2021-06-10T10:11:51,5000.0,6.55,B
2021-06-10T10:11:35,3000.0,6.55,B
2021-06-10T10:11:20,300.0,6.55,B
2021-06-10T10:10:56,10000.0,6.55,B
2021-06-10T10:10:18,1000.0,6.54,S
2021-06-10T10:10:16,700.0,6.55,B
2021-06-10T10:09:49,2000.0,6.55,S
2021-06-10T10:09:49,10000.0,6.55,S
2021-06-10T10:09:49,8000.0,6.55,S
2021-06-10T10:09:49,5000.0,6.56,S
2021-06-10T10:09:48,9200.0,6.56,S
2021-06-10T10:09:25,4000.0,6.56,S
2021-06-10T10:09:22,3000.0,6.57,B
2021-06-10T10:09:07,300.0,6.56,S
2021-06-10T10:09:06,200.0,6.56,S
2021-06-10T10:08:50,2000.0,6.56,S
2021-06-10T10:08:40,200.0,6.56,S
2021-06-10T10:08:36,10000.0,6.57,B
2021-06-10T10:08:22,2000.0,6.57,B
2021-06-10T10:07:44,1000.0,6.57,B
2021-06-10T10:07:29,2000.0,6.57,B
2021-06-10T10:07:22,1000.0,6.56,S
2021-06-10T10:07:12,100.0,6.56,S
2021-06-10T10:06:54,1000.0,6.56,S
2021-06-10T10:06:48,100.0,6.57,B
2021-06-10T10:06:45,1000.0,6.57,B
2021-06-10T10:06:42,100.0,6.57,B
2021-06-10T10:06:17,500.0,6.57,B
2021-06-10T10:06:17,600.0,6.57,B
2021-06-10T10:06:17,2100.0,6.56,B
2021-06-10T10:06:08,300.0,6.56,B
2021-06-10T10:05:50,1300.0,6.55,B
2021-06-10T10:05:44,1700.0,6.55,B
2021-06-10T10:05:44,3300.0,6.55,B
2021-06-10T10:04:54,3600.0,6.55,B
2021-06-10T10:04:54,1000.0,6.55,B
2021-06-10T10:04:37,5000.0,6.55,B
2021-06-10T10:04:28,100.0,6.54,B
2021-06-10T10:03:53,200.0,6.55,B
2021-06-10T10:02:59,100.0,6.55,B
2021-06-10T10:02:46,400.0,6.5,S
2021-06-10T10:02:42,100.0,6.5,S
2021-06-10T10:02:27,3000.0,6.5,S
2021-06-10T10:02:20,300.0,6.55,B
2021-06-10T10:00:31,100.0,6.5,S
2021-06-10T10:00:01,10000.0,6.47,S
2021-06-10T09:59:51,800.0,6.47,S
2021-06-10T09:59:37,700.0,6.47,S
2021-06-10T09:59:37,1500.0,6.47,S
2021-06-10T09:59:37,3800.0,6.48,S
2021-06-10T09:59:12,2000.0,6.47,S
2021-06-10T09:58:54,1500.0,6.55,S
2021-06-10T09:58:46,1000.0,6.56,S
2021-06-10T09:57:02,5000.0,6.57,B
2021-06-10T09:56:48,500.0,6.56,S
2021-06-10T09:56:09,100.0,6.57,B
2021-06-10T09:56:02,4000.0,6.57,B
2021-06-10T09:55:55,2200.0,6.57,B
2021-06-10T09:55:01,200.0,6.57,B
2021-06-10T09:54:41,1700.0,6.57,B
2021-06-10T09:54:41,5200.0,6.57,B
2021-06-10T09:54:41,8100.0,6.57,B
2021-06-10T09:54:41,5000.0,6.56,S
2021-06-10T09:54:26,1000.0,6.56,S
2021-06-10T09:53:04,5000.0,6.57,B
2021-06-10T09:52:59,20000.0,6.45,S
2021-06-10T09:52:15,700.0,6.57,S
2021-06-10T09:52:08,200.0,6.56,S
2021-06-10T09:50:40,1300.0,6.57,S
2021-06-10T09:50:31,25500.0,6.45,S
2021-06-10T09:50:31,400.0,6.45,S
2021-06-10T09:50:31,5800.0,6.45,S
2021-06-10T09:50:31,1800.0,6.45,S
2021-06-10T09:50:31,3600.0,6.45,S
2021-06-10T09:50:31,1000.0,6.45,S
2021-06-10T09:50:31,11700.0,6.5,S
2021-06-10T09:50:31,200.0,6.56,S
2021-06-10T09:49:53,4000.0,6.5,S
2021-06-10T09:49:52,100.0,6.5,S
2021-06-10T09:49:50,4900.0,6.6,B
2021-06-10T09:49:50,100.0,6.59,S
2021-06-10T09:49:41,5000.0,6.5,S
2021-06-10T09:49:37,500.0,6.58,S
2021-06-10T09:49:34,3500.0,6.5,S
2021-06-10T09:49:34,8200.0,6.5,S
2021-06-10T09:49:34,1200.0,6.52,S
2021-06-10T09:49:34,8300.0,6.55,S
2021-06-10T09:49:34,1000.0,6.55,S
2021-06-10T09:49:34,8700.0,6.56,S
2021-06-10T09:49:34,13000.0,6.56,S
2021-06-10T09:49:34,56100.0,6.56,S
2021-06-10T09:49:26,5900.0,6.57,S
2021-06-10T09:49:20,300.0,6.6,B
2021-06-10T09:49:17,18300.0,6.6,B
2021-06-10T09:49:15,100.0,6.6,B
2021-06-10T09:49:04,400.0,6.6,B
2021-06-10T09:48:49,4200.0,6.6,S
2021-06-10T09:48:49,6500.0,6.6,S
2021-06-10T09:48:49,2200.0,6.6,S
2021-06-10T09:48:49,4100.0,6.6,S
2021-06-10T09:48:49,3000.0,6.6,S
2021-06-10T09:48:48,2000.0,6.6,S
2021-06-10T09:48:39,600.0,6.6,S
2021-06-10T09:48:20,1000.0,6.6,S
2021-06-10T09:48:20,4000.0,6.6,S
2021-06-10T09:48:05,200.0,6.6,S
2021-06-10T09:48:01,200.0,6.6,S
2021-06-10T09:47:44,15000.0,6.6,S
2021-06-10T09:47:35,3000.0,6.6,S
2021-06-10T09:47:19,100.0,6.6,S
2021-06-10T09:47:16,300.0,6.6,S
2021-06-10T09:47:16,14700.0,6.6,S
2021-06-10T09:47:13,100.0,6.6,S
2021-06-10T09:46:43,6300.0,6.6,S
2021-06-10T09:46:43,4000.0,6.6,S
2021-06-10T09:46:27,100.0,6.6,S
2021-06-10T09:45:45,500.0,6.6,S
2021-06-10T09:45:44,400.0,6.6,S
2021-06-10T09:45:35,5000.0,6.6,S
2021-06-10T09:45:31,500.0,6.6,S
2021-06-10T09:45:28,500.0,6.6,S
2021-06-10T09:45:27,3000.0,6.6,S
2021-06-10T09:45:22,500.0,6.6,S
2021-06-10T09:45:21,2000.0,6.6,S
2021-06-10T09:45:16,2000.0,6.6,S
2021-06-10T09:45:15,5000.0,6.6,S
2021-06-10T09:45:08,5000.0,6.6,S
2021-06-10T09:45:05,100.0,6.61,B
2021-06-10T09:45:03,500.0,6.61,B
2021-06-10T09:45:02,200.0,6.61,B
2021-06-10T09:44:54,400.0,6.61,B
2021-06-10T09:44:54,700.0,6.61,B
2021-06-10T09:44:52,3100.0,6.6,S
2021-06-10T09:44:43,2100.0,6.6,S
2021-06-10T09:44:27,200.0,6.6,S
2021-06-10T09:44:13,3000.0,6.6,S
2021-06-10T09:44:05,100.0,6.6,S
2021-06-10T09:43:58,1000.0,6.6,S
2021-06-10T09:43:58,10000.0,6.6,S
2021-06-10T09:43:44,100.0,6.6,S
2021-06-10T09:43:40,1900.0,6.6,S
2021-06-10T09:43:24,500.0,6.6,S
2021-06-10T09:43:23,13400.0,6.6,S
2021-06-10T09:43:18,22200.0,6.6,S
2021-06-10T09:43:14,1000.0,6.6,S
2021-06-10T09:42:56,10000.0,6.69,B
2021-06-10T09:42:51,3000.0,6.6,S
2021-06-10T09:42:50,100.0,6.6,S
2021-06-10T09:42:49,2500.0,6.6,S
2021-06-10T09:42:33,1000.0,6.6,B
2021-06-10T09:42:28,600.0,6.6,B
2021-06-10T09:42:26,2000.0,6.6,B
2021-06-10T09:42:14,2000.0,6.6,B
2021-06-10T09:42:11,100.0,6.6,B
2021-06-10T09:42:09,500.0,6.6,B
2021-06-10T09:42:06,1000.0,6.6,B
2021-06-10T09:42:06,500.0,6.6,B
2021-06-10T09:41:58,100.0,6.6,B
2021-06-10T09:41:49,5000.0,6.6,B
2021-06-10T09:41:48,300.0,6.6,B
2021-06-10T09:41:47,5000.0,6.6,B
2021-06-10T09:41:11,300.0,6.6,B
2021-06-10T09:41:07,200.0,6.6,B
2021-06-10T09:40:58,1000.0,6.57,B
2021-06-10T09:40:48,500.0,6.58,B
2021-06-10T09:40:46,2400.0,6.7,B
2021-06-10T09:40:46,1000.0,6.7,B
2021-06-10T09:40:46,600.0,6.7,B
2021-06-10T09:40:46,2300.0,6.7,B
2021-06-10T09:40:34,1000.0,6.6,B
2021-06-10T09:40:24,14600.0,6.7,B
2021-06-10T09:40:24,800.0,6.7,B
2021-06-10T09:40:23,100.0,6.69,B
2021-06-10T09:40:23,4100.0,6.68,B
2021-06-10T09:40:23,4800.0,6.66,B
2021-06-10T09:40:23,500.0,6.65,B
2021-06-10T09:40:23,100.0,6.6,B
2021-06-10T09:40:16,900.0,6.65,B
2021-06-10T09:40:14,2000.0,6.65,B
2021-06-10T09:40:14,1900.0,6.57,B
2021-06-10T09:40:14,3000.0,6.6,B
2021-06-10T09:40:10,1000.0,6.57,B
2021-06-10T09:40:05,10200.0,6.65,B
2021-06-10T09:40:05,11000.0,6.64,B
2021-06-10T09:40:05,600.0,6.63,B
2021-06-10T09:40:05,8200.0,6.62,B
2021-06-10T09:40:05,300.0,6.6,B
2021-06-10T09:40:05,500.0,6.6,B
2021-06-10T09:40:01,9500.0,6.6,B
2021-06-10T09:40:01,500.0,6.6,B
2021-06-10T09:39:53,1000.0,6.58,B
2021-06-10T09:39:46,9700.0,6.6,B
2021-06-10T09:39:46,5300.0,6.6,B
2021-06-10T09:39:40,10900.0,6.6,B
2021-06-10T09:39:40,14000.0,6.6,B
2021-06-10T09:39:40,3300.0,6.59,B
2021-06-10T09:39:40,1800.0,6.59,B
2021-06-10T09:39:28,5700.0,6.58,B
2021-06-10T09:39:26,1600.0,6.57,B
2021-06-10T09:39:26,3300.0,6.57,B
2021-06-10T09:39:16,1000.0,6.57,B
2021-06-10T09:39:16,4000.0,6.56,S
2021-06-10T09:39:15,2000.0,6.56,S
2021-06-10T09:38:58,500.0,6.56,S
2021-06-10T09:38:57,500.0,6.56,B
2021-06-10T09:38:51,1000.0,6.56,B
2021-06-10T09:38:48,1000.0,6.56,B
2021-06-10T09:38:35,100.0,6.56,B
2021-06-10T09:38:33,300.0,6.56,B
2021-06-10T09:38:29,500.0,6.56,B
2021-06-10T09:38:28,1500.0,6.56,B
2021-06-10T09:38:19,1000.0,6.56,B
2021-06-10T09:38:07,1000.0,6.56,B
2021-06-10T09:38:01,700.0,6.56,B
2021-06-10T09:37:58,2000.0,6.56,B
2021-06-10T09:37:57,10000.0,6.56,B
2021-06-10T09:37:54,200.0,6.56,B
2021-06-10T09:37:52,500.0,6.56,B
2021-06-10T09:37:52,800.0,6.56,B
2021-06-10T09:37:52,1000.0,6.56,B
2021-06-10T09:37:52,2200.0,6.56,B
2021-06-10T09:37:51,200.0,6.56,B
2021-06-10T09:37:49,200.0,6.56,B
2021-06-10T09:37:44,2000.0,6.56,B
2021-06-10T09:37:35,2000.0,6.56,B
2021-06-10T09:37:20,900.0,6.56,B
2021-06-10T09:36:41,47500.0,6.56,B
2021-06-10T09:36:36,1000.0,6.56,B
2021-06-10T09:36:26,300.0,6.56,B
2021-06-10T09:36:23,9700.0,6.55,S
2021-06-10T09:36:20,1200.0,6.56,B
2021-06-10T09:36:20,800.0,6.56,B
2021-06-10T09:36:10,100.0,6.55,S
2021-06-10T09:35:58,100.0,6.56,B
2021-06-10T09:35:44,5400.0,6.55,B
2021-06-10T09:35:42,600.0,6.54,S
2021-06-10T09:35:41,500.0,6.52,S
2021-06-10T09:35:34,1000.0,6.55,B
2021-06-10T09:35:24,9200.0,6.55,B
2021-06-10T09:35:24,700.0,6.55,B
2021-06-10T09:35:24,11000.0,6.55,B
2021-06-10T09:35:15,5000.0,6.52,S
2021-06-10T09:34:55,300.0,6.52,S
2021-06-10T09:34:46,19500.0,6.5,S
2021-06-10T09:34:43,3900.0,6.52,S
2021-06-10T09:34:38,1100.0,6.52,S
2021-06-10T09:34:36,8100.0,6.52,S
2021-06-10T09:34:35,1900.0,6.52,S
2021-06-10T09:34:30,5000.0,6.55,B
2021-06-10T09:34:13,100.0,6.52,B
2021-06-10T09:34:05,4000.0,6.55,B
2021-06-10T09:34:05,500.0,6.55,B
2021-06-10T09:34:05,1300.0,6.55,B
2021-06-10T09:34:04,14200.0,6.55,B
2021-06-10T09:34:00,1000.0,6.52,B
2021-06-10T09:33:46,2800.0,6.51,B
2021-06-10T09:33:30,1000.0,6.51,B
2021-06-10T09:33:05,3600.0,6.51,B
2021-06-10T09:33:02,300.0,6.5,S
2021-06-10T09:32:58,1500.0,6.51,B
2021-06-10T09:32:53,100.0,6.51,B
2021-06-10T09:32:34,1000.0,6.5,S
2021-06-10T09:32:26,300.0,6.51,B
2021-06-10T09:31:49,100.0,6.5,B
2021-06-10T09:31:49,800.0,6.51,B
2021-06-10T09:31:49,200.0,6.51,B
2021-06-10T09:31:26,4000.0,6.5,B
2021-06-10T09:31:19,200.0,6.5,B
2021-06-10T09:31:12,3200.0,6.5,B
2021-06-10T09:31:12,5500.0,6.5,B
2021-06-10T09:30:22,5200.0,6.5,B
2021-06-10T09:30:22,3000.0,6.5,B
2021-06-10T09:30:22,4100.0,6.5,B
2021-06-10T09:30:22,37700.0,6.5,B
2021-06-10T09:30:00,5000.0,6.5,B
2021-06-10T09:29:41,500.0,6.5,B
2021-06-10T09:29:20,32200.0,6.5,B
2021-06-10T09:28:59,300.0,6.45,S
2021-06-10T09:28:57,2700.0,6.48,S
2021-06-10T09:28:51,100.0,6.49,B
2021-06-10T09:28:36,1000.0,6.48,B
2021-06-10T09:28:34,1200.0,6.48,B
2021-06-10T09:28:08,100.0,6.48,B
2021-06-10T09:27:58,200.0,6.48,B
2021-06-10T09:27:29,9800.0,6.48,B
2021-06-10T09:26:54,100.0,6.48,B
2021-06-10T09:26:53,100.0,6.48,B
2021-06-10T09:26:41,100.0,6.45,S
2021-06-10T09:25:07,5000.0,6.45,S
2021-06-10T09:24:55,1000.0,6.45,S
2021-06-10T09:24:24,1000.0,6.45,S
2021-06-10T09:24:11,100.0,6.45,S
2021-06-10T09:24:03,2000.0,6.45,S
2021-06-10T09:23:49,700.0,6.45,S
2021-06-10T09:23:33,1200.0,6.45,S
2021-06-10T09:22:58,3000.0,6.45,B
2021-06-10T09:21:46,2200.0,6.45,B
2021-06-10T09:21:34,600.0,6.45,S
2021-06-10T09:21:20,500.0,6.45,S
2021-06-10T09:21:17,8500.0,6.45,S
2021-06-10T09:21:05,1000.0,6.45,S
2021-06-10T09:20:30,2700.0,6.45,S
2021-06-10T09:20:09,400.0,6.45,S
2021-06-10T09:19:18,4000.0,6.45,S
2021-06-10T09:19:15,1000.0,6.47,B
2021-06-10T09:19:02,4000.0,6.47,B
2021-06-10T09:18:55,2000.0,6.45,S
2021-06-10T09:18:18,3000.0,6.45,S
2021-06-10T09:17:59,500.0,6.45,B
2021-06-10T09:17:49,200.0,6.45,B
2021-06-10T09:17:24,200.0,6.43,S
2021-06-10T09:16:47,100.0,6.43,S
2021-06-10T09:16:36,3800.0,6.43,B
