tradingTime,volume,price,side
2021-06-10T14:58:16,1000.0,46.1,S
2021-06-10T14:57:21,1000.0,46.1,S
2021-06-10T14:56:31,400.0,46.1,S
2021-06-10T14:54:01,7800.0,46.0,S
2021-06-10T14:43:56,1500.0,46.8,B
2021-06-10T14:43:36,100.0,46.8,B
2021-06-10T14:43:06,700.0,46.8,B
2021-06-10T14:42:41,100.0,46.8,B
2021-06-10T14:39:49,300.0,46.8,S
2021-06-10T14:39:21,3200.0,46.1,S
2021-06-10T14:36:51,2100.0,47.0,B
2021-06-10T14:36:41,2000.0,47.0,B
2021-06-10T14:36:11,100.0,46.9,S
2021-06-10T14:34:46,400.0,46.9,S
2021-06-10T14:34:36,1500.0,46.9,S
2021-06-10T14:33:51,1000.0,46.9,S
2021-06-10T14:24:23,200.0,47.0,S
2021-06-10T14:22:05,500.0,47.0,S
2021-06-10T14:21:22,2000.0,47.0,S
2021-06-10T14:19:41,1000.0,47.4,B
2021-06-10T14:19:20,16000.0,47.4,B
2021-06-10T14:19:19,8400.0,47.3,B
2021-06-10T14:18:24,2500.0,47.0,B
2021-06-10T14:17:26,4000.0,47.0,S
2021-06-10T14:17:01,400.0,47.0,S
2021-06-10T14:14:29,500.0,47.0,S
2021-06-10T14:14:12,1500.0,47.0,S
2021-06-10T14:11:57,500.0,47.0,S
2021-06-10T14:10:48,1400.0,47.0,S
2021-06-10T14:09:25,500.0,47.0,S
2021-06-10T14:09:09,2000.0,47.0,S
2021-06-10T14:03:57,100.0,47.2,B
2021-06-10T14:01:26,300.0,47.2,B
2021-06-10T14:01:16,1700.0,47.0,B
2021-06-10T13:59:17,200.0,47.0,S
2021-06-10T13:57:36,2800.0,47.0,B
2021-06-10T13:56:44,1100.0,47.0,S
2021-06-10T13:55:48,1900.0,47.0,B
2021-06-10T13:54:10,3000.0,47.0,B
2021-06-10T13:49:26,2000.0,47.0,B
2021-06-10T13:45:32,5000.0,47.0,S
2021-06-10T13:43:24,500.0,47.3,B
2021-06-10T13:25:36,16000.0,47.5,B
2021-06-10T13:16:46,100.0,47.5,B
2021-06-10T13:15:55,10000.0,47.5,B
2021-06-10T13:15:43,32900.0,47.5,B
2021-06-10T13:14:39,800.0,46.6,S
2021-06-10T13:13:38,400.0,46.6,S
2021-06-10T13:12:38,800.0,46.6,S
2021-06-10T13:12:36,1900.0,46.6,S
2021-06-10T13:11:07,400.0,47.0,S
2021-06-10T13:10:38,800.0,47.0,S
2021-06-10T13:08:37,800.0,47.0,S
2021-06-10T13:08:35,400.0,47.0,S
2021-06-10T13:07:39,800.0,47.0,B
2021-06-10T13:06:03,400.0,47.0,S
2021-06-10T13:04:45,800.0,47.0,S
2021-06-10T13:04:28,3800.0,47.0,B
2021-06-10T13:04:12,1500.0,47.0,B
2021-06-10T13:02:35,200.0,47.0,B
2021-06-10T11:29:17,1200.0,47.0,S
2021-06-10T11:26:48,2300.0,47.0,S
2021-06-10T11:26:26,10000.0,47.0,B
2021-06-10T11:26:09,4900.0,47.0,B
2021-06-10T11:20:15,7100.0,47.0,S
2021-06-10T11:18:30,800.0,47.0,S
2021-06-10T11:18:19,400.0,47.0,S
2021-06-10T11:16:30,800.0,47.0,S
2021-06-10T11:15:47,400.0,47.0,S
2021-06-10T11:14:29,800.0,47.0,S
2021-06-10T11:13:56,29800.0,47.0,S
2021-06-10T11:13:14,400.0,47.2,S
2021-06-10T11:12:29,800.0,47.2,S
2021-06-10T11:10:42,400.0,47.2,S
2021-06-10T11:10:28,800.0,47.2,S
2021-06-10T11:08:27,800.0,47.2,S
2021-06-10T11:08:10,400.0,47.2,S
2021-06-10T11:06:27,800.0,47.2,S
2021-06-10T11:05:39,400.0,47.2,S
2021-06-10T11:04:26,800.0,47.2,S
2021-06-10T11:03:06,400.0,47.2,S
2021-06-10T11:02:25,800.0,47.2,S
2021-06-10T11:01:44,800.0,47.2,S
2021-06-10T11:00:34,400.0,47.2,S
2021-06-10T11:00:24,800.0,47.2,S
2021-06-10T10:59:16,1000.0,47.2,S
2021-06-10T10:58:26,800.0,47.2,S
2021-06-10T10:58:02,400.0,47.2,S
2021-06-10T10:57:00,400.0,47.2,S
2021-06-10T10:56:23,800.0,47.2,S
2021-06-10T10:55:30,400.0,47.2,S
2021-06-10T10:55:14,5000.0,47.2,S
2021-06-10T10:54:23,800.0,47.3,S
2021-06-10T10:54:15,1600.0,47.3,S
2021-06-10T10:53:38,200.0,47.3,S
2021-06-10T10:52:34,2000.0,47.3,S
2021-06-10T10:41:20,4800.0,48.0,B
2021-06-10T10:40:56,200.0,48.0,B
2021-06-10T10:40:31,48000.0,48.0,B
2021-06-10T10:40:04,10000.0,48.0,B
2021-06-10T10:39:31,27200.0,48.0,B
2021-06-10T10:39:06,600.0,47.5,S
2021-06-10T10:39:04,21400.0,47.5,S
2021-06-10T10:35:46,5000.0,47.3,B
2021-06-10T10:33:05,11000.0,47.4,S
2021-06-10T10:32:57,100.0,47.2,S
2021-06-10T10:32:47,400.0,47.2,S
2021-06-10T10:32:45,1400.0,47.2,S
2021-06-10T10:32:26,1500.0,47.2,S
2021-06-10T10:32:26,8500.0,47.2,B
2021-06-10T10:26:52,4000.0,47.2,B
2021-06-10T10:26:33,4000.0,47.0,B
2021-06-10T10:26:23,800.0,46.6,B
2021-06-10T10:26:19,700.0,46.5,B
2021-06-10T10:26:13,100.0,46.5,S
2021-06-10T10:24:17,200.0,46.5,S
2021-06-10T10:24:13,800.0,46.5,S
2021-06-10T10:22:17,200.0,46.5,S
2021-06-10T10:22:14,800.0,46.5,S
2021-06-10T10:20:17,200.0,46.5,S
2021-06-10T10:20:11,800.0,46.5,S
2021-06-10T10:19:47,100.0,46.5,S
2021-06-10T10:19:37,400.0,46.5,S
2021-06-10T10:19:32,1400.0,46.5,B
2021-06-10T10:18:13,2200.0,46.5,B
2021-06-10T10:13:56,200.0,46.5,B
2021-06-10T10:13:42,2800.0,46.5,B
2021-06-10T10:13:15,200.0,46.0,S
2021-06-10T10:13:13,100.0,46.0,B
2021-06-10T10:12:09,600.0,46.0,S
2021-06-10T10:10:16,200.0,46.0,S
2021-06-10T10:10:08,800.0,46.0,S
2021-06-10T10:08:17,200.0,46.0,S
2021-06-10T10:08:08,800.0,46.0,S
2021-06-10T10:06:17,200.0,46.0,S
2021-06-10T10:06:06,800.0,46.0,S
2021-06-10T10:05:57,100.0,46.0,S
2021-06-10T10:05:52,500.0,46.0,B
2021-06-10T10:05:29,1000.0,46.0,B
2021-06-10T10:04:03,500.0,46.0,B
2021-06-10T10:02:43,100.0,46.0,B
2021-06-10T10:01:36,400.0,46.0,S
2021-06-10T10:00:54,500.0,46.0,B
2021-06-10T09:58:58,1200.0,46.0,B
2021-06-10T09:56:52,100.0,46.0,B
2021-06-10T09:56:04,400.0,46.0,S
2021-06-10T09:54:51,300.0,46.0,B
2021-06-10T09:54:03,700.0,46.0,B
2021-06-10T09:52:20,300.0,46.0,S
2021-06-10T09:52:02,700.0,46.0,B
2021-06-10T09:50:10,200.0,46.0,S
2021-06-10T09:50:03,800.0,46.0,S
2021-06-10T09:49:51,100.0,46.0,S
2021-06-10T09:49:48,500.0,46.0,S
2021-06-10T09:49:11,100.0,46.0,S
2021-06-10T09:49:01,600.0,46.0,S
2021-06-10T09:48:54,2000.0,46.0,S
2021-06-10T09:44:20,1400.0,46.0,S
2021-06-10T09:44:05,200.0,46.0,S
2021-06-10T09:43:08,100.0,46.2,B
2021-06-10T09:42:38,500.0,46.2,S
2021-06-10T09:40:41,3400.0,46.5,S
2021-06-10T09:38:01,200.0,46.6,S
2021-06-10T09:37:58,800.0,46.6,S
2021-06-10T09:37:10,200.0,46.6,S
2021-06-10T09:28:35,900.0,47.5,B
2021-06-10T09:24:41,800.0,47.5,B
2021-06-10T09:22:49,2500.0,47.5,B
2021-06-10T09:10:01,300.0,46.5,B
2021-06-10T09:09:37,1100.0,46.5,B
2021-06-10T09:08:57,300.0,46.5,B
