tradingTime,volume,price,side
2021-06-10T14:58:46,15000.0,4.5,S
2021-06-10T14:57:56,100.0,4.7,B
2021-06-10T14:56:01,200.0,4.5,S
2021-06-10T14:55:41,1000.0,4.7,B
2021-06-10T14:55:41,300.0,4.6,S
2021-06-10T14:53:51,15000.0,4.5,S
2021-06-10T14:53:11,100.0,4.6,B
2021-06-10T14:52:06,800.0,4.6,B
2021-06-10T14:52:06,4900.0,4.5,S
2021-06-10T14:51:06,2000.0,4.6,B
2021-06-10T14:49:41,200.0,4.5,S
2021-06-10T14:49:16,100.0,4.6,B
2021-06-10T14:45:51,500.0,4.6,B
2021-06-10T14:45:36,10000.0,4.6,B
2021-06-10T14:45:07,100.0,4.6,B
2021-06-10T14:43:26,17000.0,4.5,S
2021-06-10T14:41:31,100.0,4.6,S
2021-06-10T14:40:36,2300.0,4.6,S
2021-06-10T14:38:56,5000.0,4.6,B
2021-06-10T14:38:01,20000.0,4.5,S
2021-06-10T14:33:56,10000.0,4.5,S
2021-06-10T14:33:06,6000.0,4.6,B
2021-06-10T14:32:46,1200.0,4.5,S
2021-06-10T14:31:48,400.0,4.5,S
2021-06-10T14:31:21,4000.0,4.5,B
2021-06-10T14:30:36,1000.0,4.5,S
2021-06-10T14:28:01,1000.0,4.5,S
2021-06-10T14:27:41,400.0,4.5,S
2021-06-10T14:27:28,1600.0,4.5,B
2021-06-10T14:26:51,400.0,4.5,S
2021-06-10T14:25:12,2300.0,4.5,B
2021-06-10T14:24:12,2600.0,4.5,S
2021-06-10T14:21:31,1000.0,4.5,S
2021-06-10T14:20:57,10500.0,4.4,S
2021-06-10T14:20:48,2000.0,4.5,S
2021-06-10T14:19:54,1000.0,4.6,B
2021-06-10T14:19:18,600.0,4.6,S
2021-06-10T14:19:04,3100.0,4.6,S
2021-06-10T14:19:00,1500.0,4.6,S
2021-06-10T14:18:55,1000.0,4.6,S
2021-06-10T14:18:47,2000.0,4.6,S
2021-06-10T14:17:39,1000.0,4.6,S
2021-06-10T14:16:47,1600.0,4.6,S
2021-06-10T14:16:28,200.0,4.7,B
2021-06-10T14:14:49,9300.0,4.7,B
2021-06-10T14:14:48,200.0,4.7,S
2021-06-10T14:14:13,200.0,4.7,S
2021-06-10T14:14:04,3000.0,4.7,B
2021-06-10T14:14:02,1200.0,4.7,B
2021-06-10T14:13:58,500.0,4.7,B
2021-06-10T14:13:15,3000.0,4.7,B
2021-06-10T14:12:27,200.0,4.6,B
2021-06-10T14:12:16,1600.0,4.6,B
2021-06-10T14:12:16,1000.0,4.6,B
2021-06-10T14:12:09,2000.0,4.6,B
2021-06-10T14:11:51,800.0,4.6,B
2021-06-10T14:11:45,5000.0,4.6,B
2021-06-10T14:11:21,200.0,4.5,S
2021-06-10T14:11:11,9400.0,4.5,B
2021-06-10T14:11:04,100.0,4.5,B
2021-06-10T14:10:51,2000.0,4.5,B
2021-06-10T14:09:21,100.0,4.5,B
2021-06-10T14:08:59,100.0,4.5,B
2021-06-10T14:08:10,1000.0,4.4,S
2021-06-10T14:08:10,4600.0,4.4,B
2021-06-10T14:08:06,3000.0,4.4,B
2021-06-10T14:07:01,1000.0,4.4,B
2021-06-10T14:06:48,5000.0,4.4,B
2021-06-10T14:06:00,3600.0,4.3,B
2021-06-10T14:06:00,200.0,4.3,B
2021-06-10T14:05:55,8000.0,4.3,B
2021-06-10T14:05:45,5000.0,4.3,B
2021-06-10T14:05:24,2000.0,4.3,B
2021-06-10T14:05:24,200.0,4.3,B
2021-06-10T14:04:59,1000.0,4.3,S
2021-06-10T14:04:27,6000.0,4.4,B
2021-06-10T14:04:01,500.0,4.3,B
2021-06-10T14:03:49,200.0,4.4,B
2021-06-10T14:03:47,1200.0,4.4,S
2021-06-10T14:03:43,4800.0,4.4,B
2021-06-10T14:03:36,400.0,4.4,B
2021-06-10T14:03:36,1400.0,4.4,B
2021-06-10T14:03:31,5000.0,4.4,B
2021-06-10T14:03:14,20000.0,4.3,S
2021-06-10T14:02:50,2000.0,4.3,B
2021-06-10T14:02:44,10000.0,4.3,B
2021-06-10T14:02:24,2000.0,4.3,B
2021-06-10T14:01:54,2200.0,4.2,B
2021-06-10T14:01:52,5000.0,4.2,B
2021-06-10T14:01:39,2800.0,4.2,B
2021-06-10T14:01:36,2200.0,4.2,B
2021-06-10T14:01:29,10000.0,4.2,B
2021-06-10T14:01:27,13200.0,4.2,B
2021-06-10T14:01:23,500.0,4.2,B
2021-06-10T14:01:11,2000.0,4.2,B
2021-06-10T14:01:05,10000.0,4.2,B
2021-06-10T14:01:00,9000.0,4.2,B
2021-06-10T14:00:54,6600.0,4.2,B
2021-06-10T14:00:39,100.0,4.2,B
2021-06-10T14:00:37,3000.0,4.2,B
2021-06-10T14:00:35,2300.0,4.2,B
2021-06-10T14:00:34,300.0,4.2,B
2021-06-10T14:00:22,800.0,4.2,B
2021-06-10T14:00:15,5000.0,4.2,B
2021-06-10T14:00:15,10000.0,4.2,B
2021-06-10T14:00:12,15000.0,4.2,B
2021-06-10T13:59:59,10000.0,4.2,B
2021-06-10T13:59:53,100.0,4.2,B
2021-06-10T13:59:50,100.0,4.2,B
2021-06-10T13:59:46,10000.0,4.2,B
2021-06-10T13:59:45,900.0,4.2,B
2021-06-10T13:59:37,1000.0,4.2,B
2021-06-10T13:59:31,20000.0,4.2,B
2021-06-10T13:59:15,300.0,4.2,B
2021-06-10T13:59:09,3700.0,4.2,B
2021-06-10T13:58:18,800.0,4.2,B
2021-06-10T13:57:32,300.0,4.2,B
2021-06-10T13:57:30,10000.0,4.2,B
2021-06-10T13:57:20,100.0,4.2,B
2021-06-10T13:55:15,100.0,4.2,B
2021-06-10T13:53:29,1000.0,4.2,B
2021-06-10T13:51:42,100.0,4.2,B
2021-06-10T13:51:09,5500.0,4.1,S
2021-06-10T13:47:41,2500.0,4.2,B
2021-06-10T13:39:45,3600.0,4.2,B
2021-06-10T13:38:47,200.0,4.2,B
2021-06-10T13:30:02,20000.0,4.1,S
2021-06-10T13:27:17,100.0,4.1,S
2021-06-10T13:26:01,700.0,4.1,B
2021-06-10T13:25:44,500.0,4.1,B
2021-06-10T13:25:16,1000.0,4.1,B
2021-06-10T13:24:48,2800.0,4.1,S
2021-06-10T13:23:45,200.0,4.1,S
2021-06-10T13:21:57,500.0,4.2,B
2021-06-10T13:21:22,200.0,4.1,B
2021-06-10T13:20:55,300.0,4.1,B
2021-06-10T13:20:54,100.0,4.1,S
2021-06-10T13:18:33,100.0,4.1,B
2021-06-10T13:17:23,1000.0,4.1,B
2021-06-10T13:17:04,3500.0,4.1,B
2021-06-10T13:16:23,5400.0,4.1,S
2021-06-10T13:16:01,500.0,4.1,S
2021-06-10T13:11:20,30000.0,4.1,S
2021-06-10T13:10:21,200.0,4.2,B
2021-06-10T13:09:06,3000.0,4.1,S
2021-06-10T13:00:09,10000.0,4.1,S
2021-06-10T11:26:07,7800.0,4.1,S
2021-06-10T11:25:06,2200.0,4.1,S
2021-06-10T11:17:02,500.0,4.1,B
2021-06-10T11:15:47,2500.0,4.1,S
2021-06-10T11:14:08,500.0,4.1,S
2021-06-10T11:12:23,2000.0,4.1,S
2021-06-10T10:56:29,500.0,4.2,B
2021-06-10T10:53:04,500.0,4.1,S
2021-06-10T10:52:32,1000.0,4.1,B
2021-06-10T10:52:02,500.0,4.1,S
2021-06-10T10:42:56,100.0,4.1,S
2021-06-10T10:40:20,400.0,4.1,S
2021-06-10T10:40:02,1500.0,4.1,B
2021-06-10T10:37:49,1700.0,4.1,S
2021-06-10T10:30:15,4000.0,4.1,S
2021-06-10T10:28:30,9500.0,4.1,S
2021-06-10T10:21:34,1300.0,4.1,S
2021-06-10T10:12:55,100.0,4.1,S
2021-06-10T10:12:03,200.0,4.1,B
2021-06-10T10:11:30,100.0,4.1,B
2021-06-10T10:11:11,1900.0,4.1,B
2021-06-10T10:10:24,2100.0,4.1,B
2021-06-10T10:10:21,5000.0,4.1,B
2021-06-10T10:10:13,10000.0,4.1,B
2021-06-10T10:09:42,5000.0,4.1,B
2021-06-10T10:09:09,2500.0,4.1,S
2021-06-10T10:05:52,900.0,4.1,S
2021-06-10T10:03:42,500.0,4.2,B
2021-06-10T10:03:28,800.0,4.1,S
2021-06-10T10:02:03,16500.0,4.1,B
2021-06-10T10:02:00,100.0,4.1,B
2021-06-10T10:00:51,2000.0,4.1,B
2021-06-10T09:56:46,500.0,4.1,B
2021-06-10T09:50:54,5300.0,4.1,B
2021-06-10T09:48:55,3000.0,4.1,B
2021-06-10T09:48:33,1000.0,4.1,B
2021-06-10T09:46:12,5000.0,4.1,S
2021-06-10T09:45:44,2900.0,4.1,S
2021-06-10T09:38:39,5000.0,4.1,S
2021-06-10T09:34:28,1000.0,4.1,S
2021-06-10T09:33:53,1500.0,4.1,S
2021-06-10T09:30:18,9500.0,4.1,S
2021-06-10T09:26:33,400.0,4.1,S
2021-06-10T09:18:35,100.0,4.1,S
2021-06-10T09:08:42,200.0,4.2,B
2021-06-10T09:04:31,800.0,4.2,S
2021-06-10T09:02:34,100.0,4.3,B
