tradingTime,volume,price,side
2021-06-10T14:30:26,700.0,92.2,B
2021-06-10T14:30:26,100.0,92.2,B
2021-06-10T14:30:21,1000.0,92.1,S
2021-06-10T14:30:16,200.0,92.1,S
2021-06-10T14:30:11,200.0,92.1,S
2021-06-10T14:30:06,200.0,92.1,S
2021-06-10T14:30:01,4000.0,92.2,B
2021-06-10T14:29:59,500.0,92.1,B
2021-06-10T14:29:59,100.0,92.2,B
2021-06-10T14:29:49,2900.0,92.1,B
2021-06-10T14:29:45,200.0,92.0,S
2021-06-10T14:29:43,500.0,92.1,S
2021-06-10T14:29:43,400.0,92.0,S
2021-06-10T14:29:41,200.0,92.0,S
2021-06-10T14:29:39,100.0,92.1,S
2021-06-10T14:29:39,1100.0,92.1,S
2021-06-10T14:29:39,100.0,92.1,S
2021-06-10T14:29:39,600.0,92.1,S
2021-06-10T14:29:39,500.0,92.1,S
2021-06-10T14:29:39,100.0,92.1,S
2021-06-10T14:29:32,5300.0,92.2,B
2021-06-10T14:29:32,2000.0,92.2,B
2021-06-10T14:29:32,2700.0,92.2,B
2021-06-10T14:29:26,1000.0,92.1,S
2021-06-10T14:29:25,1500.0,92.2,B
2021-06-10T14:29:25,500.0,92.2,B
2021-06-10T14:29:25,300.0,92.1,S
2021-06-10T14:29:25,100.0,92.2,B
2021-06-10T14:29:24,100.0,92.2,B
2021-06-10T14:29:19,3400.0,92.1,S
2021-06-10T14:29:16,300.0,92.1,S
2021-06-10T14:29:13,3400.0,92.1,S
2021-06-10T14:29:12,100.0,92.2,B
2021-06-10T14:29:11,3100.0,92.2,B
2021-06-10T14:29:09,700.0,92.1,S
2021-06-10T14:29:09,400.0,92.2,B
2021-06-10T14:29:08,1900.0,92.1,S
2021-06-10T14:29:08,1500.0,92.1,S
2021-06-10T14:29:07,500.0,92.1,S
2021-06-10T14:29:05,100.0,92.2,B
2021-06-10T14:29:02,100.0,92.2,B
2021-06-10T14:29:01,200.0,92.2,B
2021-06-10T14:29:01,100.0,92.2,B
2021-06-10T14:29:00,100.0,92.2,B
2021-06-10T14:28:59,100.0,92.1,S
2021-06-10T14:28:59,2000.0,92.1,S
2021-06-10T14:28:54,200.0,92.2,B
2021-06-10T14:28:53,400.0,92.2,B
2021-06-10T14:28:53,1000.0,92.2,B
2021-06-10T14:28:52,200.0,92.2,B
2021-06-10T14:28:51,100.0,92.2,B
2021-06-10T14:28:48,100.0,92.2,B
2021-06-10T14:28:47,100.0,92.2,B
2021-06-10T14:28:46,100.0,92.2,B
2021-06-10T14:28:45,1000.0,92.2,B
2021-06-10T14:28:42,100.0,92.2,B
2021-06-10T14:28:41,1000.0,92.1,S
2021-06-10T14:28:40,500.0,92.3,B
2021-06-10T14:28:40,1000.0,92.3,B
2021-06-10T14:28:40,13500.0,92.3,B
2021-06-10T14:28:40,200.0,92.2,B
2021-06-10T14:28:38,100.0,92.2,B
2021-06-10T14:28:38,100.0,92.2,B
2021-06-10T14:28:32,100.0,92.2,B
2021-06-10T14:28:32,100.0,92.2,B
2021-06-10T14:28:31,300.0,92.2,B
2021-06-10T14:28:31,100.0,92.2,B
2021-06-10T14:28:30,1900.0,92.2,B
2021-06-10T14:28:29,100.0,92.2,B
2021-06-10T14:28:26,100.0,92.2,B
2021-06-10T14:28:26,100.0,92.2,B
2021-06-10T14:28:24,200.0,92.2,S
2021-06-10T14:28:21,100.0,92.2,S
2021-06-10T14:28:17,100.0,92.2,S
2021-06-10T14:28:15,100.0,92.2,S
2021-06-10T14:28:15,500.0,92.1,S
2021-06-10T14:28:15,100.0,92.2,S
2021-06-10T14:28:13,3000.0,92.1,S
2021-06-10T14:28:13,100.0,92.2,S
2021-06-10T14:28:12,100.0,92.2,S
2021-06-10T14:28:10,100.0,92.2,S
2021-06-10T14:28:10,100.0,92.2,S
2021-06-10T14:28:09,900.0,92.2,S
2021-06-10T14:28:07,100.0,92.2,S
2021-06-10T14:28:04,800.0,92.2,S
2021-06-10T14:28:03,100.0,92.2,S
2021-06-10T14:28:03,600.0,92.2,S
2021-06-10T14:28:02,100.0,92.2,S
2021-06-10T14:28:01,100.0,92.2,S
2021-06-10T14:27:59,300.0,92.1,S
2021-06-10T14:27:57,100.0,92.2,S
2021-06-10T14:27:55,200.0,92.3,B
2021-06-10T14:27:53,2700.0,92.1,S
2021-06-10T14:27:53,700.0,92.2,S
2021-06-10T14:27:53,200.0,92.3,B
2021-06-10T14:27:52,300.0,92.2,S
2021-06-10T14:27:51,100.0,92.2,S
2021-06-10T14:27:49,3400.0,92.1,S
2021-06-10T14:27:49,100.0,92.2,S
2021-06-10T14:27:48,100.0,92.2,S
2021-06-10T14:27:48,100.0,92.2,S
2021-06-10T14:27:48,100.0,92.2,S
2021-06-10T14:27:45,500.0,92.2,S
2021-06-10T14:27:43,7000.0,92.2,S
2021-06-10T14:27:43,200.0,92.3,B
2021-06-10T14:27:42,3400.0,92.2,S
2021-06-10T14:27:41,2000.0,92.2,S
2021-06-10T14:27:40,100.0,92.3,B
2021-06-10T14:27:39,100.0,92.3,B
2021-06-10T14:27:38,100.0,92.3,B
2021-06-10T14:27:38,100.0,92.3,B
2021-06-10T14:27:36,100.0,92.3,B
2021-06-10T14:27:36,100.0,92.3,B
2021-06-10T14:27:35,200.0,92.3,B
2021-06-10T14:27:33,100.0,92.3,B
2021-06-10T14:27:27,100.0,92.3,B
2021-06-10T14:27:26,100.0,92.3,B
2021-06-10T14:27:24,100.0,92.3,B
2021-06-10T14:27:23,100.0,92.3,B
2021-06-10T14:27:22,100.0,92.3,B
2021-06-10T14:27:10,100.0,92.3,B
2021-06-10T14:27:10,100.0,92.3,B
2021-06-10T14:27:06,900.0,92.2,S
2021-06-10T14:27:06,100.0,92.2,S
2021-06-10T14:27:06,100.0,92.3,S
2021-06-10T14:27:04,100.0,92.3,S
2021-06-10T14:27:04,100.0,92.3,S
2021-06-10T14:27:02,10100.0,92.3,S
2021-06-10T14:27:02,100.0,92.3,S
2021-06-10T14:27:00,100.0,92.3,S
2021-06-10T14:26:59,100.0,92.3,S
2021-06-10T14:26:58,100.0,92.3,S
2021-06-10T14:26:57,200.0,92.3,S
2021-06-10T14:26:54,100.0,92.3,S
2021-06-10T14:26:54,200.0,92.3,S
2021-06-10T14:26:49,100.0,92.3,S
2021-06-10T14:26:49,100.0,92.3,S
2021-06-10T14:26:48,4000.0,92.3,S
2021-06-10T14:26:47,100.0,92.3,S
2021-06-10T14:26:47,100.0,92.3,S
2021-06-10T14:26:47,100.0,92.3,S
2021-06-10T14:26:44,100.0,92.3,S
2021-06-10T14:26:44,8000.0,92.3,S
2021-06-10T14:26:41,100.0,92.3,S
2021-06-10T14:26:38,10200.0,92.3,S
2021-06-10T14:26:37,900.0,92.3,S
2021-06-10T14:26:37,800.0,92.3,S
2021-06-10T14:26:37,100.0,92.3,S
2021-06-10T14:26:33,1000.0,92.3,S
2021-06-10T14:26:31,100.0,92.3,S
2021-06-10T14:26:31,100.0,92.3,S
2021-06-10T14:26:29,100.0,92.3,S
2021-06-10T14:26:28,100.0,92.2,S
2021-06-10T14:26:27,100.0,92.2,S
2021-06-10T14:26:27,1400.0,92.3,S
2021-06-10T14:26:27,100.0,92.4,S
2021-06-10T14:26:21,200.0,92.4,S
2021-06-10T14:26:19,100.0,92.4,S
2021-06-10T14:26:15,1700.0,92.4,S
2021-06-10T14:26:14,100.0,92.4,S
2021-06-10T14:26:13,100.0,92.5,B
2021-06-10T14:26:13,2000.0,92.3,S
2021-06-10T14:26:11,400.0,92.4,S
2021-06-10T14:26:10,500.0,92.4,S
2021-06-10T14:26:09,200.0,92.5,B
2021-06-10T14:26:09,100.0,92.5,B
2021-06-10T14:26:05,200.0,92.5,B
2021-06-10T14:26:05,100.0,92.4,S
2021-06-10T14:26:01,300.0,92.4,B
2021-06-10T14:26:00,100.0,92.5,B
2021-06-10T14:25:58,100.0,92.5,B
2021-06-10T14:25:57,600.0,92.5,B
2021-06-10T14:25:55,100.0,92.5,B
2021-06-10T14:25:54,100.0,92.4,B
2021-06-10T14:25:52,200.0,92.5,B
2021-06-10T14:25:47,100.0,92.5,B
2021-06-10T14:25:45,2000.0,92.4,B
2021-06-10T14:25:44,500.0,92.5,B
2021-06-10T14:25:44,2600.0,92.5,B
2021-06-10T14:25:43,100.0,92.5,B
2021-06-10T14:25:43,2000.0,92.4,B
2021-06-10T14:25:43,1100.0,92.5,B
2021-06-10T14:25:42,500.0,92.4,B
2021-06-10T14:25:42,100.0,92.4,B
2021-06-10T14:25:42,2000.0,92.4,B
2021-06-10T14:25:40,600.0,92.5,B
2021-06-10T14:25:40,1000.0,92.4,B
2021-06-10T14:25:40,500.0,92.5,B
2021-06-10T14:25:39,100.0,92.5,B
2021-06-10T14:25:39,100.0,92.5,B
2021-06-10T14:25:38,7400.0,92.4,B
2021-06-10T14:25:37,100.0,92.4,B
2021-06-10T14:25:36,300.0,92.4,B
2021-06-10T14:25:35,100.0,92.3,S
2021-06-10T14:25:31,100.0,92.4,B
2021-06-10T14:25:30,1000.0,92.3,S
2021-06-10T14:25:30,100.0,92.4,B
2021-06-10T14:25:25,5300.0,92.3,S
2021-06-10T14:25:25,100.0,92.4,B
2021-06-10T14:25:23,1500.0,92.3,S
2021-06-10T14:25:23,100.0,92.4,B
2021-06-10T14:25:22,100.0,92.4,B
2021-06-10T14:25:19,200.0,92.4,B
2021-06-10T14:25:19,1400.0,92.4,B
2021-06-10T14:25:17,100.0,92.4,B
2021-06-10T14:25:16,100.0,92.5,B
2021-06-10T14:25:13,100.0,92.5,B
2021-06-10T14:25:13,100.0,92.4,B
2021-06-10T14:25:13,200.0,92.4,B
2021-06-10T14:25:12,300.0,92.4,B
2021-06-10T14:25:09,100.0,92.4,B
2021-06-10T14:25:07,2000.0,92.3,S
2021-06-10T14:25:07,500.0,92.4,B
2021-06-10T14:25:06,100.0,92.4,B
2021-06-10T14:25:05,500.0,92.3,S
2021-06-10T14:25:05,1000.0,92.4,B
2021-06-10T14:25:05,100.0,92.4,B
2021-06-10T14:25:04,200.0,92.5,B
2021-06-10T14:25:01,100.0,92.5,B
2021-06-10T14:25:00,3800.0,92.5,B
2021-06-10T14:25:00,5000.0,92.5,B
2021-06-10T14:25:00,1000.0,92.5,B
2021-06-10T14:24:58,20200.0,92.4,B
2021-06-10T14:24:56,100.0,92.4,B
2021-06-10T14:24:56,100.0,92.4,B
2021-06-10T14:24:56,200.0,92.4,S
2021-06-10T14:24:55,100.0,92.4,S
2021-06-10T14:24:55,100.0,92.4,S
2021-06-10T14:24:54,100.0,92.4,S
2021-06-10T14:24:53,100.0,92.4,S
2021-06-10T14:24:51,100.0,92.4,S
2021-06-10T14:24:51,100.0,92.4,S
2021-06-10T14:24:48,1000.0,92.4,S
2021-06-10T14:24:47,100.0,92.4,S
2021-06-10T14:24:46,100.0,92.4,S
2021-06-10T14:24:43,100.0,92.5,B
2021-06-10T14:24:43,300.0,92.5,B
2021-06-10T14:24:41,100.0,92.5,B
2021-06-10T14:24:40,100.0,92.5,B
2021-06-10T14:24:39,1400.0,92.5,B
2021-06-10T14:24:39,200.0,92.5,B
2021-06-10T14:24:39,2900.0,92.5,B
2021-06-10T14:24:39,200.0,92.4,S
2021-06-10T14:24:36,100.0,92.4,S
2021-06-10T14:24:34,2000.0,92.5,B
2021-06-10T14:24:33,200.0,92.5,B
2021-06-10T14:24:33,1000.0,92.5,B
2021-06-10T14:24:29,100.0,92.5,B
2021-06-10T14:24:28,100.0,92.5,B
2021-06-10T14:24:27,300.0,92.5,B
2021-06-10T14:24:27,100.0,92.5,B
2021-06-10T14:24:25,100.0,92.5,B
2021-06-10T14:24:22,100.0,92.5,B
2021-06-10T14:24:18,200.0,92.5,B
2021-06-10T14:24:18,200.0,92.5,B
2021-06-10T14:24:17,100.0,92.5,B
2021-06-10T14:24:16,100.0,92.5,S
2021-06-10T14:24:16,1500.0,92.3,S
2021-06-10T14:24:12,100.0,92.5,S
2021-06-10T14:24:12,400.0,92.5,S
2021-06-10T14:24:12,100.0,92.5,S
2021-06-10T14:24:12,100.0,92.5,S
2021-06-10T14:24:12,1000.0,92.5,S
2021-06-10T14:24:12,9500.0,92.5,S
2021-06-10T14:24:11,1000.0,92.5,S
2021-06-10T14:24:09,100.0,92.5,S
2021-06-10T14:24:08,10100.0,92.5,S
2021-06-10T14:24:06,10000.0,92.5,S
2021-06-10T14:24:05,100.0,92.6,B
2021-06-10T14:24:03,200.0,92.6,B
2021-06-10T14:24:02,400.0,92.5,S
2021-06-10T14:24:00,200.0,92.5,S
2021-06-10T14:23:59,100.0,92.6,B
2021-06-10T14:23:59,100.0,92.6,B
2021-06-10T14:23:59,1200.0,92.5,S
2021-06-10T14:23:56,100.0,92.6,B
2021-06-10T14:23:55,1000.0,92.5,S
2021-06-10T14:23:53,100.0,92.6,B
2021-06-10T14:23:53,100.0,92.6,B
2021-06-10T14:23:52,200.0,92.5,S
2021-06-10T14:23:51,100.0,92.6,B
2021-06-10T14:23:49,3100.0,92.5,S
2021-06-10T14:23:49,3000.0,92.5,S
2021-06-10T14:23:49,500.0,92.5,S
2021-06-10T14:23:49,1500.0,92.5,S
2021-06-10T14:23:49,200.0,92.6,B
2021-06-10T14:23:46,300.0,92.5,S
2021-06-10T14:23:46,500.0,92.5,S
2021-06-10T14:23:46,100.0,92.6,B
2021-06-10T14:23:45,100.0,92.5,S
2021-06-10T14:23:44,200.0,92.5,S
2021-06-10T14:23:43,100.0,92.6,B
2021-06-10T14:23:43,100.0,92.5,S
2021-06-10T14:23:43,100.0,92.6,B
2021-06-10T14:23:42,100.0,92.6,B
2021-06-10T14:23:40,100.0,92.6,B
2021-06-10T14:23:40,100.0,92.6,B
2021-06-10T14:23:37,700.0,92.5,S
2021-06-10T14:23:37,100.0,92.6,B
2021-06-10T14:23:34,100.0,92.6,B
2021-06-10T14:23:34,100.0,92.6,B
2021-06-10T14:23:32,100.0,92.5,S
2021-06-10T14:23:30,100.0,92.6,B
2021-06-10T14:23:28,100.0,92.6,B
2021-06-10T14:23:28,2000.0,92.5,S
2021-06-10T14:23:28,100.0,92.6,B
2021-06-10T14:23:28,400.0,92.6,B
2021-06-10T14:23:28,100.0,92.6,B
2021-06-10T14:23:27,100.0,92.6,B
2021-06-10T14:23:23,200.0,92.6,B
2021-06-10T14:23:21,100.0,92.6,B
2021-06-10T14:23:20,3000.0,92.5,S
2021-06-10T14:23:20,1000.0,92.5,S
2021-06-10T14:23:19,200.0,92.6,B
2021-06-10T14:23:17,100.0,92.5,S
2021-06-10T14:23:16,100.0,92.6,B
2021-06-10T14:23:14,500.0,92.5,S
2021-06-10T14:23:12,100.0,92.6,B
2021-06-10T14:23:09,100.0,92.6,B
2021-06-10T14:23:08,100.0,92.6,B
2021-06-10T14:23:04,100.0,92.6,B
2021-06-10T14:23:00,200.0,92.6,B
2021-06-10T14:23:00,1000.0,92.6,B
2021-06-10T14:22:59,100.0,92.5,S
2021-06-10T14:22:58,600.0,92.5,S
2021-06-10T14:22:57,100.0,92.6,B
2021-06-10T14:22:56,100.0,92.6,B
2021-06-10T14:22:55,500.0,92.6,B
2021-06-10T14:22:54,100.0,92.6,B
2021-06-10T14:22:52,100.0,92.6,B
2021-06-10T14:22:52,100.0,92.6,B
2021-06-10T14:22:50,500.0,92.5,S
2021-06-10T14:22:49,1300.0,92.6,B
2021-06-10T14:22:49,8800.0,92.6,B
2021-06-10T14:22:48,100.0,92.6,B
2021-06-10T14:22:48,100.0,92.6,B
2021-06-10T14:22:47,5000.0,92.5,S
2021-06-10T14:22:45,200.0,92.6,B
2021-06-10T14:22:41,100.0,92.6,B
2021-06-10T14:22:39,100.0,92.6,B
2021-06-10T14:22:37,100.0,92.6,B
2021-06-10T14:22:36,500.0,92.5,S
2021-06-10T14:22:36,100.0,92.6,B
2021-06-10T14:22:32,100.0,92.6,B
2021-06-10T14:22:31,1000.0,92.5,S
2021-06-10T14:22:31,1500.0,92.6,B
2021-06-10T14:22:30,300.0,92.6,B
2021-06-10T14:22:30,200.0,92.6,B
2021-06-10T14:22:30,2000.0,92.6,B
2021-06-10T14:22:29,400.0,92.5,S
2021-06-10T14:22:29,200.0,92.6,B
2021-06-10T14:22:27,100.0,92.6,B
2021-06-10T14:22:24,100.0,92.6,B
2021-06-10T14:22:22,100.0,92.6,B
2021-06-10T14:22:21,100.0,92.6,B
2021-06-10T14:22:18,100.0,92.6,B
2021-06-10T14:22:17,1000.0,92.6,B
2021-06-10T14:22:14,100.0,92.6,B
2021-06-10T14:22:14,200.0,92.6,B
2021-06-10T14:22:12,3000.0,92.6,B
2021-06-10T14:22:11,100.0,92.6,B
2021-06-10T14:22:11,100.0,92.6,B
2021-06-10T14:22:07,100.0,92.6,B
2021-06-10T14:22:03,100.0,92.6,B
2021-06-10T14:22:03,100.0,92.6,S
2021-06-10T14:22:00,100.0,92.7,B
2021-06-10T14:21:58,100.0,92.7,B
2021-06-10T14:21:57,100.0,92.7,B
2021-06-10T14:21:55,100.0,92.6,S
2021-06-10T14:21:52,100.0,92.7,B
2021-06-10T14:21:51,100.0,92.7,B
2021-06-10T14:21:50,100.0,92.6,S
2021-06-10T14:21:49,100.0,92.7,B
2021-06-10T14:21:48,1000.0,92.7,B
2021-06-10T14:21:46,100.0,92.7,B
2021-06-10T14:21:44,300.0,92.7,B
2021-06-10T14:21:43,200.0,92.7,B
2021-06-10T14:21:43,2000.0,92.7,B
2021-06-10T14:21:41,700.0,92.5,S
2021-06-10T14:21:39,100.0,92.7,B
2021-06-10T14:21:39,100.0,92.7,B
2021-06-10T14:21:39,100.0,92.5,S
2021-06-10T14:21:39,100.0,92.7,B
2021-06-10T14:21:38,3100.0,92.5,S
2021-06-10T14:21:36,100.0,92.7,B
2021-06-10T14:21:35,100.0,92.7,B
2021-06-10T14:21:32,100.0,92.7,S
2021-06-10T14:21:32,200.0,92.7,S
2021-06-10T14:21:31,700.0,92.7,S
2021-06-10T14:21:29,200.0,92.7,S
2021-06-10T14:21:27,100.0,92.8,B
2021-06-10T14:21:27,100.0,92.8,B
2021-06-10T14:21:22,100.0,92.8,B
2021-06-10T14:21:21,100.0,92.8,B
2021-06-10T14:21:20,100.0,92.8,B
2021-06-10T14:21:20,300.0,92.5,S
2021-06-10T14:21:19,400.0,92.8,B
2021-06-10T14:21:17,100.0,92.8,B
2021-06-10T14:21:15,1200.0,92.8,B
2021-06-10T14:21:13,800.0,92.8,B
2021-06-10T14:21:13,300.0,92.8,B
2021-06-10T14:21:13,2400.0,92.8,B
2021-06-10T14:21:13,300.0,92.8,B
2021-06-10T14:21:13,2700.0,92.8,B
2021-06-10T14:21:13,200.0,92.8,B
2021-06-10T14:21:09,100.0,92.7,S
2021-06-10T14:21:06,500.0,92.8,B
2021-06-10T14:21:06,600.0,92.8,B
2021-06-10T14:21:06,100.0,92.7,S
2021-06-10T14:21:05,9300.0,92.5,S
2021-06-10T14:21:05,5000.0,92.6,S
2021-06-10T14:21:05,100.0,92.6,S
2021-06-10T14:21:04,2000.0,92.6,S
2021-06-10T14:21:04,13100.0,92.6,S
2021-06-10T14:21:03,200.0,92.7,S
2021-06-10T14:21:02,100.0,92.7,S
2021-06-10T14:21:02,100.0,92.8,B
2021-06-10T14:21:00,200.0,92.8,B
2021-06-10T14:20:55,200.0,92.8,B
2021-06-10T14:20:53,100.0,92.8,B
2021-06-10T14:20:50,100.0,92.8,B
2021-06-10T14:20:49,100.0,92.8,B
2021-06-10T14:20:47,700.0,92.7,S
2021-06-10T14:20:45,100.0,92.8,B
2021-06-10T14:20:45,200.0,92.8,B
2021-06-10T14:20:44,100.0,92.8,B
2021-06-10T14:20:43,200.0,92.8,B
2021-06-10T14:20:43,100.0,92.8,B
2021-06-10T14:20:40,100.0,92.8,B
2021-06-10T14:20:40,100.0,92.7,S
2021-06-10T14:20:38,100.0,92.8,B
2021-06-10T14:20:36,100.0,92.8,B
2021-06-10T14:20:34,100.0,92.8,B
2021-06-10T14:20:34,900.0,92.8,B
2021-06-10T14:20:33,100.0,92.8,B
2021-06-10T14:20:33,700.0,92.8,B
2021-06-10T14:20:30,100.0,92.8,B
2021-06-10T14:20:28,200.0,92.8,B
2021-06-10T14:20:27,100.0,92.8,B
2021-06-10T14:20:27,100.0,92.8,B
2021-06-10T14:20:25,400.0,92.8,S
2021-06-10T14:20:25,1300.0,92.8,S
2021-06-10T14:20:24,100.0,92.8,S
2021-06-10T14:20:24,100.0,92.9,B
2021-06-10T14:20:23,100.0,92.9,B
2021-06-10T14:20:22,1600.0,92.8,S
2021-06-10T14:20:20,100.0,92.8,S
2021-06-10T14:20:20,1000.0,92.7,S
2021-06-10T14:20:19,100.0,92.8,S
2021-06-10T14:20:18,700.0,92.8,S
2021-06-10T14:20:18,100.0,92.9,B
2021-06-10T14:20:17,100.0,92.8,S
2021-06-10T14:20:17,200.0,92.8,S
2021-06-10T14:20:15,200.0,92.8,B
2021-06-10T14:20:15,100.0,92.9,B
2021-06-10T14:20:15,100.0,92.8,B
2021-06-10T14:20:13,1000.0,92.8,B
2021-06-10T14:20:12,100.0,92.8,B
2021-06-10T14:20:12,1800.0,92.8,B
2021-06-10T14:20:10,200.0,92.8,B
2021-06-10T14:20:10,300.0,92.8,B
2021-06-10T14:20:10,100.0,92.8,B
2021-06-10T14:20:10,3400.0,92.8,B
2021-06-10T14:20:10,100.0,92.8,B
2021-06-10T14:20:09,20400.0,92.7,S
2021-06-10T14:20:09,900.0,92.8,B
2021-06-10T14:20:09,100.0,92.8,B
2021-06-10T14:20:08,100.0,92.7,S
2021-06-10T14:20:08,100.0,92.8,B
2021-06-10T14:20:06,100.0,92.8,B
2021-06-10T14:20:06,1500.0,92.8,B
2021-06-10T14:20:06,2200.0,92.7,S
2021-06-10T14:20:06,100.0,92.8,B
2021-06-10T14:20:05,100.0,92.8,B
2021-06-10T14:20:03,100.0,92.8,B
2021-06-10T14:20:03,200.0,92.7,S
2021-06-10T14:20:01,500.0,92.7,S
2021-06-10T14:20:01,100.0,92.7,S
2021-06-10T14:20:01,900.0,92.8,B
2021-06-10T14:20:00,200.0,92.8,B
2021-06-10T14:20:00,4000.0,92.8,B
2021-06-10T14:19:59,1100.0,92.8,B
2021-06-10T14:19:59,100.0,92.8,B
2021-06-10T14:19:59,200.0,92.8,B
2021-06-10T14:19:59,7100.0,92.8,B
2021-06-10T14:19:59,500.0,92.8,B
2021-06-10T14:19:59,400.0,92.8,B
2021-06-10T14:19:59,1600.0,92.8,B
2021-06-10T14:19:59,200.0,92.8,B
2021-06-10T14:19:56,100.0,92.8,B
2021-06-10T14:19:53,100.0,92.8,B
2021-06-10T14:19:51,100.0,92.8,B
2021-06-10T14:19:51,500.0,92.7,S
2021-06-10T14:19:51,100.0,92.8,B
2021-06-10T14:19:50,600.0,92.7,S
2021-06-10T14:19:50,7600.0,92.7,S
2021-06-10T14:19:49,100.0,92.7,S
2021-06-10T14:19:49,100.0,92.8,B
2021-06-10T14:19:46,2000.0,92.7,S
2021-06-10T14:19:46,200.0,92.8,B
2021-06-10T14:19:45,1000.0,92.8,B
2021-06-10T14:19:44,100.0,92.7,B
2021-06-10T14:19:43,100.0,92.8,B
2021-06-10T14:19:43,200.0,92.8,B
2021-06-10T14:19:41,1500.0,92.7,B
2021-06-10T14:19:41,100.0,92.7,B
2021-06-10T14:19:40,1300.0,92.7,B
2021-06-10T14:19:40,2000.0,92.7,B
2021-06-10T14:19:40,1300.0,92.7,B
2021-06-10T14:19:40,1700.0,92.7,B
2021-06-10T14:19:40,1000.0,92.7,B
2021-06-10T14:19:40,600.0,92.7,B
2021-06-10T14:19:40,1900.0,92.7,B
2021-06-10T14:19:39,200.0,92.6,S
2021-06-10T14:19:39,800.0,92.7,B
2021-06-10T14:19:39,400.0,92.7,B
2021-06-10T14:19:38,100.0,92.6,S
2021-06-10T14:19:38,100.0,92.6,S
2021-06-10T14:19:37,100.0,92.7,B
2021-06-10T14:19:37,200.0,92.6,S
2021-06-10T14:19:35,200.0,92.7,B
2021-06-10T14:19:35,2000.0,92.7,B
2021-06-10T14:19:33,100.0,92.6,S
2021-06-10T14:19:33,2000.0,92.6,S
2021-06-10T14:19:32,100.0,92.7,B
2021-06-10T14:19:32,300.0,92.6,S
2021-06-10T14:19:31,100.0,92.7,B
2021-06-10T14:19:30,200.0,92.7,B
2021-06-10T14:19:28,200.0,92.6,S
2021-06-10T14:19:26,100.0,92.6,S
2021-06-10T14:19:26,100.0,92.7,B
2021-06-10T14:19:23,2000.0,92.6,S
2021-06-10T14:19:21,300.0,92.6,B
2021-06-10T14:19:21,100.0,92.7,B
2021-06-10T14:19:21,400.0,92.6,B
2021-06-10T14:19:20,100.0,92.7,B
2021-06-10T14:19:18,200.0,92.7,B
2021-06-10T14:19:17,100.0,92.7,B
2021-06-10T14:19:17,400.0,92.6,B
2021-06-10T14:19:17,200.0,92.6,B
2021-06-10T14:19:17,2300.0,92.7,B
2021-06-10T14:19:17,10000.0,92.7,B
2021-06-10T14:19:16,2700.0,92.7,B
2021-06-10T14:19:16,100.0,92.6,B
2021-06-10T14:19:14,200.0,92.6,B
2021-06-10T14:19:14,300.0,92.6,B
2021-06-10T14:19:14,1200.0,92.6,B
2021-06-10T14:19:14,1200.0,92.6,B
2021-06-10T14:19:14,400.0,92.6,B
2021-06-10T14:19:14,3600.0,92.6,B
2021-06-10T14:19:14,100.0,92.6,B
2021-06-10T14:19:14,500.0,92.6,B
2021-06-10T14:19:13,200.0,92.6,B
2021-06-10T14:19:12,100.0,92.6,B
2021-06-10T14:19:12,100.0,92.6,B
2021-06-10T14:19:11,300.0,92.5,S
2021-06-10T14:19:10,2200.0,92.5,S
2021-06-10T14:19:09,2000.0,92.6,B
2021-06-10T14:19:09,2000.0,92.6,B
2021-06-10T14:19:07,100.0,92.5,S
2021-06-10T14:19:06,100.0,92.6,B
2021-06-10T14:19:06,5000.0,92.6,B
2021-06-10T14:19:04,500.0,92.5,S
2021-06-10T14:19:04,100.0,92.5,S
2021-06-10T14:19:03,100.0,92.6,B
2021-06-10T14:19:02,500.0,92.6,B
2021-06-10T14:19:02,100.0,92.5,S
2021-06-10T14:19:02,500.0,92.5,S
2021-06-10T14:19:00,100.0,92.6,B
2021-06-10T14:19:00,10600.0,92.5,S
2021-06-10T14:18:58,200.0,92.5,S
2021-06-10T14:18:58,200.0,92.5,S
2021-06-10T14:18:58,300.0,92.5,S
2021-06-10T14:18:57,100.0,92.6,B
2021-06-10T14:18:56,600.0,92.5,S
2021-06-10T14:18:55,3000.0,92.6,B
2021-06-10T14:18:55,5000.0,92.5,S
2021-06-10T14:18:54,100.0,92.5,S
2021-06-10T14:18:54,100.0,92.5,S
2021-06-10T14:18:54,300.0,92.6,B
2021-06-10T14:18:52,100.0,92.6,B
2021-06-10T14:18:49,1000.0,92.6,B
2021-06-10T14:18:49,100.0,92.6,B
2021-06-10T14:18:48,500.0,92.5,B
2021-06-10T14:18:48,100.0,92.6,B
2021-06-10T14:18:47,300.0,92.5,B
2021-06-10T14:18:45,100.0,92.5,B
2021-06-10T14:18:45,100.0,92.6,B
2021-06-10T14:18:44,1000.0,92.5,B
2021-06-10T14:18:44,200.0,92.5,B
2021-06-10T14:18:44,1700.0,92.5,B
2021-06-10T14:18:44,500.0,92.5,B
2021-06-10T14:18:44,7800.0,92.5,B
2021-06-10T14:18:44,1200.0,92.5,B
2021-06-10T14:18:44,1000.0,92.5,B
2021-06-10T14:18:43,10400.0,92.5,B
2021-06-10T14:18:43,1000.0,92.5,B
2021-06-10T14:18:43,200.0,92.5,B
2021-06-10T14:18:42,800.0,92.5,B
2021-06-10T14:18:42,100.0,92.5,B
2021-06-10T14:18:39,200.0,92.3,S
2021-06-10T14:18:37,200.0,92.5,B
2021-06-10T14:18:36,100.0,92.5,B
2021-06-10T14:18:35,100.0,92.2,S
2021-06-10T14:18:35,9500.0,92.5,B
2021-06-10T14:18:35,2000.0,92.5,B
2021-06-10T14:18:35,100.0,92.5,B
2021-06-10T14:18:35,700.0,92.5,B
2021-06-10T14:18:35,4200.0,92.5,B
2021-06-10T14:18:35,9100.0,92.5,B
2021-06-10T14:18:35,600.0,92.5,B
2021-06-10T14:18:35,3000.0,92.5,B
2021-06-10T14:18:35,300.0,92.5,B
2021-06-10T14:18:35,500.0,92.5,B
2021-06-10T14:18:35,2600.0,92.5,B
2021-06-10T14:18:35,200.0,92.5,B
2021-06-10T14:18:35,2500.0,92.5,B
2021-06-10T14:18:35,1200.0,92.5,B
2021-06-10T14:18:33,1200.0,92.5,B
2021-06-10T14:18:33,3300.0,92.5,B
2021-06-10T14:18:33,18000.0,92.5,B
2021-06-10T14:18:33,2200.0,92.5,B
2021-06-10T14:18:33,200.0,92.5,B
2021-06-10T14:18:33,2500.0,92.4,B
2021-06-10T14:18:33,1000.0,92.4,B
2021-06-10T14:18:33,1000.0,92.4,B
2021-06-10T14:18:33,100.0,92.4,B
2021-06-10T14:18:33,300.0,92.4,B
2021-06-10T14:18:33,1900.0,92.4,B
2021-06-10T14:18:33,1200.0,92.4,B
2021-06-10T14:18:33,7400.0,92.4,B
2021-06-10T14:18:33,1500.0,92.4,B
2021-06-10T14:18:33,700.0,92.4,B
2021-06-10T14:18:32,100.0,92.4,B
2021-06-10T14:18:32,400.0,92.2,S
2021-06-10T14:18:32,100.0,92.3,B
2021-06-10T14:18:32,200.0,92.3,B
2021-06-10T14:18:31,100.0,92.4,B
2021-06-10T14:18:31,100.0,92.3,B
2021-06-10T14:18:30,100.0,92.4,B
2021-06-10T14:18:28,2100.0,92.4,B
2021-06-10T14:18:28,1400.0,92.3,B
2021-06-10T14:18:28,500.0,92.3,B
2021-06-10T14:18:28,600.0,92.3,B
2021-06-10T14:18:28,1100.0,92.3,B
2021-06-10T14:18:28,100.0,92.3,B
2021-06-10T14:18:28,7700.0,92.3,B
2021-06-10T14:18:27,100.0,92.3,B
2021-06-10T14:18:27,1000.0,92.3,B
2021-06-10T14:18:25,200.0,92.2,S
2021-06-10T14:18:25,1000.0,92.3,B
2021-06-10T14:18:25,500.0,92.2,S
2021-06-10T14:18:24,100.0,92.3,B
2021-06-10T14:18:24,100.0,92.3,B
2021-06-10T14:18:22,200.0,92.2,S
2021-06-10T14:18:22,1200.0,92.2,S
2021-06-10T14:18:22,100.0,92.3,B
2021-06-10T14:18:22,600.0,92.3,B
2021-06-10T14:18:20,500.0,92.3,B
2021-06-10T14:18:18,1000.0,92.3,B
2021-06-10T14:18:18,100.0,92.3,B
2021-06-10T14:18:15,100.0,92.3,B
2021-06-10T14:18:15,100.0,92.2,S
2021-06-10T14:18:15,100.0,92.3,B
2021-06-10T14:18:14,100.0,92.3,B
2021-06-10T14:18:11,100.0,92.3,B
2021-06-10T14:18:07,600.0,92.2,B
2021-06-10T14:18:07,100.0,92.3,B
2021-06-10T14:18:07,100.0,92.3,B
2021-06-10T14:18:06,100.0,92.3,B
2021-06-10T14:18:06,900.0,92.3,B
2021-06-10T14:18:06,400.0,92.2,B
2021-06-10T14:18:04,100.0,92.3,B
2021-06-10T14:18:04,500.0,92.1,S
2021-06-10T14:18:03,1500.0,92.3,B
2021-06-10T14:18:03,200.0,92.3,B
2021-06-10T14:18:03,3300.0,92.3,B
2021-06-10T14:18:03,8000.0,92.2,B
2021-06-10T14:18:03,100.0,92.1,S
2021-06-10T14:18:02,100.0,92.2,B
2021-06-10T14:18:01,100.0,92.2,B
2021-06-10T14:18:00,900.0,92.2,B
2021-06-10T14:18:00,400.0,92.2,B
2021-06-10T14:17:58,900.0,92.1,S
2021-06-10T14:17:58,1000.0,92.2,B
2021-06-10T14:17:58,2000.0,92.1,S
2021-06-10T14:17:57,100.0,92.1,S
2021-06-10T14:17:56,6000.0,92.1,S
2021-06-10T14:17:56,100.0,92.1,S
2021-06-10T14:17:56,200.0,92.1,S
2021-06-10T14:17:55,100.0,92.2,B
2021-06-10T14:17:54,100.0,92.1,S
2021-06-10T14:17:54,5000.0,92.1,S
2021-06-10T14:17:52,200.0,92.2,B
2021-06-10T14:17:51,2100.0,92.1,S
2021-06-10T14:17:50,100.0,92.1,S
2021-06-10T14:17:50,100.0,92.2,B
2021-06-10T14:17:49,200.0,92.1,B
2021-06-10T14:17:49,100.0,92.0,S
2021-06-10T14:17:48,5300.0,92.1,B
2021-06-10T14:17:48,1800.0,92.1,B
2021-06-10T14:17:48,100.0,92.1,B
2021-06-10T14:17:48,2800.0,92.1,B
2021-06-10T14:17:46,100.0,92.1,B
2021-06-10T14:17:45,100.0,92.1,B
2021-06-10T14:17:45,100.0,92.1,B
2021-06-10T14:17:44,800.0,92.1,B
2021-06-10T14:17:44,600.0,92.1,B
2021-06-10T14:17:44,600.0,92.1,B
2021-06-10T14:17:43,100.0,92.1,B
2021-06-10T14:17:41,100.0,92.1,B
2021-06-10T14:17:41,1000.0,92.0,S
2021-06-10T14:17:38,200.0,92.1,B
2021-06-10T14:17:36,200.0,92.0,S
2021-06-10T14:17:35,100.0,92.1,B
2021-06-10T14:17:35,500.0,92.0,S
2021-06-10T14:17:32,800.0,92.0,B
2021-06-10T14:17:32,1900.0,92.0,B
2021-06-10T14:17:32,1200.0,92.0,B
2021-06-10T14:17:32,5700.0,92.0,B
2021-06-10T14:17:31,100.0,91.9,S
2021-06-10T14:17:31,100.0,92.0,B
2021-06-10T14:17:29,100.0,92.0,B
2021-06-10T14:17:29,100.0,92.0,B
2021-06-10T14:17:29,100.0,92.0,B
2021-06-10T14:17:29,400.0,92.0,B
2021-06-10T14:17:29,400.0,92.0,B
2021-06-10T14:17:28,1200.0,92.0,B
2021-06-10T14:17:28,1800.0,92.0,B
2021-06-10T14:17:28,1100.0,92.0,B
2021-06-10T14:17:28,1000.0,92.0,B
2021-06-10T14:17:27,200.0,91.9,S
2021-06-10T14:17:27,200.0,91.9,S
2021-06-10T14:17:27,300.0,92.0,B
2021-06-10T14:17:27,700.0,92.0,B
2021-06-10T14:17:26,8900.0,92.0,B
2021-06-10T14:17:26,200.0,91.9,S
2021-06-10T14:17:24,500.0,92.0,B
2021-06-10T14:17:24,1100.0,92.0,B
2021-06-10T14:17:24,100.0,92.0,B
2021-06-10T14:17:24,400.0,92.0,B
2021-06-10T14:17:24,2100.0,92.0,B
2021-06-10T14:17:23,5000.0,92.0,B
2021-06-10T14:17:22,200.0,92.0,B
2021-06-10T14:17:22,300.0,92.0,B
2021-06-10T14:17:19,1100.0,92.0,B
2021-06-10T14:17:19,100.0,91.9,S
2021-06-10T14:17:17,100.0,92.0,B
2021-06-10T14:17:17,20000.0,92.0,B
2021-06-10T14:17:15,100.0,92.0,B
2021-06-10T14:17:15,800.0,92.0,B
2021-06-10T14:17:15,1200.0,92.0,B
2021-06-10T14:17:15,100.0,92.0,B
2021-06-10T14:17:15,500.0,92.0,B
2021-06-10T14:17:14,2700.0,92.0,B
2021-06-10T14:17:14,1100.0,92.0,B
2021-06-10T14:17:13,200.0,92.0,B
2021-06-10T14:17:13,300.0,92.0,B
2021-06-10T14:17:12,600.0,92.0,B
2021-06-10T14:17:12,600.0,92.0,B
2021-06-10T14:17:12,1500.0,92.0,B
2021-06-10T14:17:12,2300.0,92.0,B
2021-06-10T14:17:11,100.0,92.0,B
2021-06-10T14:17:10,1000.0,92.0,B
2021-06-10T14:17:09,300.0,92.0,B
2021-06-10T14:17:09,2000.0,92.0,B
2021-06-10T14:17:08,100.0,92.0,B
2021-06-10T14:17:07,100.0,92.0,B
2021-06-10T14:17:07,700.0,92.0,B
2021-06-10T14:17:07,400.0,92.0,B
2021-06-10T14:17:06,600.0,92.0,B
2021-06-10T14:17:06,1500.0,92.0,B
2021-06-10T14:17:04,100.0,92.0,B
2021-06-10T14:17:04,600.0,91.9,S
2021-06-10T14:17:02,100.0,92.0,B
2021-06-10T14:17:02,500.0,91.9,S
2021-06-10T14:17:01,100.0,92.0,B
2021-06-10T14:17:00,100.0,92.0,B
2021-06-10T14:17:00,10000.0,91.9,S
2021-06-10T14:16:56,100.0,92.0,B
2021-06-10T14:16:52,200.0,92.0,B
2021-06-10T14:16:47,3000.0,91.9,S
2021-06-10T14:16:47,100.0,92.0,B
2021-06-10T14:16:44,3000.0,92.0,B
2021-06-10T14:16:42,100.0,92.0,B
2021-06-10T14:16:42,100.0,92.0,B
2021-06-10T14:16:42,100.0,92.0,B
2021-06-10T14:16:40,1000.0,91.9,B
2021-06-10T14:16:40,700.0,91.9,B
2021-06-10T14:16:40,100.0,91.9,B
2021-06-10T14:16:40,3000.0,91.9,B
2021-06-10T14:16:37,200.0,91.9,B
2021-06-10T14:16:37,200.0,91.9,B
2021-06-10T14:16:37,100.0,91.9,B
2021-06-10T14:16:33,1000.0,91.9,B
2021-06-10T14:16:33,2000.0,91.9,B
2021-06-10T14:16:30,100.0,91.9,B
2021-06-10T14:16:28,100.0,91.9,B
2021-06-10T14:16:28,100.0,91.9,B
2021-06-10T14:16:26,100.0,91.9,B
2021-06-10T14:16:23,100.0,91.9,B
2021-06-10T14:16:23,200.0,91.9,B
2021-06-10T14:16:21,1100.0,91.9,B
2021-06-10T14:16:21,5000.0,91.9,B
2021-06-10T14:16:21,100.0,91.9,B
2021-06-10T14:16:20,100.0,91.9,B
2021-06-10T14:16:17,100.0,91.9,B
2021-06-10T14:16:15,100.0,91.8,B
2021-06-10T14:16:14,300.0,91.9,B
2021-06-10T14:16:13,1000.0,91.9,B
2021-06-10T14:16:12,100.0,91.9,B
2021-06-10T14:16:11,300.0,91.7,B
2021-06-10T14:16:09,200.0,91.9,B
2021-06-10T14:16:06,1900.0,91.9,B
2021-06-10T14:16:06,1300.0,91.9,B
2021-06-10T14:16:06,1000.0,91.9,B
2021-06-10T14:16:06,300.0,91.9,B
2021-06-10T14:16:06,100.0,91.9,B
2021-06-10T14:16:04,5100.0,91.9,B
2021-06-10T14:16:02,1100.0,91.9,B
2021-06-10T14:15:59,100.0,91.9,B
2021-06-10T14:15:59,300.0,91.7,B
2021-06-10T14:15:58,300.0,91.7,B
2021-06-10T14:15:56,100.0,91.9,B
2021-06-10T14:15:55,300.0,91.9,B
2021-06-10T14:15:55,200.0,91.6,S
2021-06-10T14:15:53,100.0,91.9,B
2021-06-10T14:15:53,100.0,91.9,B
2021-06-10T14:15:53,300.0,91.9,B
2021-06-10T14:15:53,1200.0,91.9,B
2021-06-10T14:15:52,100.0,91.7,B
2021-06-10T14:15:50,1000.0,91.5,S
2021-06-10T14:15:50,1000.0,91.9,B
2021-06-10T14:15:49,100.0,91.9,B
2021-06-10T14:15:47,2100.0,91.5,S
2021-06-10T14:15:45,100.0,91.8,B
2021-06-10T14:15:44,100.0,91.8,B
2021-06-10T14:15:44,400.0,91.8,B
2021-06-10T14:15:44,4700.0,91.8,B
2021-06-10T14:15:41,100.0,91.5,S
2021-06-10T14:15:40,100.0,91.6,B
2021-06-10T14:15:40,1100.0,91.5,S
2021-06-10T14:15:38,300.0,91.6,B
2021-06-10T14:15:38,600.0,91.6,B
2021-06-10T14:15:37,100.0,91.7,B
2021-06-10T14:15:37,200.0,91.7,B
2021-06-10T14:15:37,2300.0,91.6,B
2021-06-10T14:15:36,2000.0,91.5,S
2021-06-10T14:15:34,100.0,91.6,B
2021-06-10T14:15:34,400.0,91.5,B
2021-06-10T14:15:34,1000.0,91.5,B
2021-06-10T14:15:32,200.0,91.5,B
2021-06-10T14:15:32,500.0,91.5,B
2021-06-10T14:15:32,100.0,91.5,B
2021-06-10T14:15:32,3200.0,91.5,B
2021-06-10T14:15:32,5000.0,91.5,B
2021-06-10T14:15:32,2200.0,91.5,B
2021-06-10T14:15:30,2100.0,91.5,B
2021-06-10T14:15:30,100.0,91.5,B
2021-06-10T14:15:27,100.0,91.5,B
2021-06-10T14:15:25,200.0,91.5,B
2021-06-10T14:15:24,100.0,91.5,B
2021-06-10T14:15:24,100.0,91.5,B
2021-06-10T14:15:23,1000.0,91.5,B
2021-06-10T14:15:22,1000.0,91.5,B
2021-06-10T14:15:22,1300.0,91.5,B
2021-06-10T14:15:20,200.0,91.5,B
2021-06-10T14:15:20,2500.0,91.5,B
2021-06-10T14:15:18,400.0,91.5,B
2021-06-10T14:15:18,1600.0,91.5,B
2021-06-10T14:15:18,4000.0,91.5,B
2021-06-10T14:15:18,100.0,91.5,B
2021-06-10T14:15:15,200.0,91.4,S
2021-06-10T14:15:14,100.0,91.5,B
2021-06-10T14:15:13,200.0,91.4,S
2021-06-10T14:15:13,100.0,91.5,B
2021-06-10T14:15:10,500.0,91.5,B
2021-06-10T14:15:10,100.0,91.5,B
2021-06-10T14:15:10,600.0,91.5,B
2021-06-10T14:15:09,400.0,91.5,B
2021-06-10T14:15:06,100.0,91.5,B
2021-06-10T14:15:03,300.0,91.5,B
2021-06-10T14:15:03,100.0,91.4,S
2021-06-10T14:15:03,100.0,91.3,S
2021-06-10T14:15:01,400.0,91.3,S
2021-06-10T14:15:01,300.0,91.5,B
2021-06-10T14:15:01,1000.0,91.3,S
2021-06-10T14:15:00,100.0,91.5,B
2021-06-10T14:14:57,100.0,91.5,B
2021-06-10T14:14:54,100.0,91.5,B
2021-06-10T14:14:53,2000.0,91.5,B
2021-06-10T14:14:53,100.0,91.3,S
2021-06-10T14:14:52,100.0,91.4,S
2021-06-10T14:14:50,3200.0,91.4,S
2021-06-10T14:14:50,600.0,91.4,S
2021-06-10T14:14:50,900.0,91.4,S
2021-06-10T14:14:49,100.0,91.5,B
2021-06-10T14:14:48,200.0,91.5,B
2021-06-10T14:14:45,200.0,91.5,B
2021-06-10T14:14:45,200.0,91.5,B
2021-06-10T14:14:45,1800.0,91.5,B
2021-06-10T14:14:43,500.0,91.5,B
2021-06-10T14:14:42,100.0,91.5,B
2021-06-10T14:14:38,400.0,91.5,B
2021-06-10T14:14:37,200.0,91.4,S
2021-06-10T14:14:37,500.0,91.5,B
2021-06-10T14:14:37,100.0,91.5,B
2021-06-10T14:14:36,100.0,91.5,B
2021-06-10T14:14:36,100.0,91.5,B
2021-06-10T14:14:30,1000.0,91.5,B
2021-06-10T14:14:30,100.0,91.5,B
2021-06-10T14:14:30,1200.0,91.5,B
2021-06-10T14:14:30,100.0,91.5,B
2021-06-10T14:14:29,100.0,91.5,B
2021-06-10T14:14:28,100.0,91.5,B
2021-06-10T14:14:27,200.0,91.5,B
2021-06-10T14:14:26,1000.0,91.5,B
2021-06-10T14:14:25,100.0,91.5,B
2021-06-10T14:14:25,200.0,91.5,B
2021-06-10T14:14:25,400.0,91.5,B
2021-06-10T14:14:24,3000.0,91.5,B
2021-06-10T14:14:23,100.0,91.5,B
2021-06-10T14:14:22,100.0,91.5,B
2021-06-10T14:14:21,100.0,91.5,B
2021-06-10T14:14:20,1700.0,91.5,B
2021-06-10T14:14:17,100.0,91.5,B
2021-06-10T14:14:17,100.0,91.5,B
2021-06-10T14:14:15,100.0,91.5,B
2021-06-10T14:14:14,300.0,91.5,S
2021-06-10T14:14:14,200.0,91.5,S
2021-06-10T14:14:13,600.0,91.5,S
2021-06-10T14:14:13,100.0,91.5,S
2021-06-10T14:14:13,5900.0,91.5,S
2021-06-10T14:14:13,500.0,91.5,S
2021-06-10T14:14:11,100.0,91.6,S
2021-06-10T14:14:10,300.0,91.6,S
2021-06-10T14:14:08,2200.0,91.5,S
2021-06-10T14:14:08,600.0,91.5,S
2021-06-10T14:14:07,3100.0,91.7,B
2021-06-10T14:14:05,100.0,91.5,S
2021-06-10T14:14:05,200.0,91.7,B
2021-06-10T14:14:05,800.0,91.7,B
2021-06-10T14:14:03,200.0,91.5,S
2021-06-10T14:14:03,5000.0,91.5,S
2021-06-10T14:14:03,100.0,91.6,S
2021-06-10T14:14:02,200.0,91.7,B
2021-06-10T14:14:00,400.0,91.5,S
2021-06-10T14:14:00,1000.0,91.5,S
2021-06-10T14:13:59,1200.0,91.7,B
2021-06-10T14:13:56,400.0,91.7,B
2021-06-10T14:13:55,300.0,91.5,S
2021-06-10T14:13:55,200.0,91.6,B
2021-06-10T14:13:54,500.0,91.7,B
2021-06-10T14:13:54,100.0,91.6,B
2021-06-10T14:13:54,5100.0,91.5,S
2021-06-10T14:13:52,100.0,91.6,B
2021-06-10T14:13:52,100.0,91.6,B
2021-06-10T14:13:51,100.0,91.6,B
2021-06-10T14:13:49,200.0,91.6,S
2021-06-10T14:13:48,100.0,91.7,B
2021-06-10T14:13:46,500.0,91.5,S
2021-06-10T14:13:45,100.0,91.7,B
2021-06-10T14:13:45,4000.0,91.5,S
2021-06-10T14:13:45,100.0,91.7,B
2021-06-10T14:13:43,100.0,91.7,B
2021-06-10T14:13:42,600.0,91.7,B
2021-06-10T14:13:41,500.0,91.7,B
2021-06-10T14:13:41,100.0,91.7,B
2021-06-10T14:13:39,100.0,91.7,B
2021-06-10T14:13:38,100.0,91.7,S
2021-06-10T14:13:36,100.0,91.7,S
2021-06-10T14:13:36,100.0,91.7,S
2021-06-10T14:13:33,100.0,91.8,B
2021-06-10T14:13:30,200.0,91.9,B
2021-06-10T14:13:30,500.0,91.9,B
2021-06-10T14:13:30,100.0,91.8,B
2021-06-10T14:13:29,100.0,91.7,S
2021-06-10T14:13:29,100.0,91.8,B
2021-06-10T14:13:29,1000.0,91.7,S
2021-06-10T14:13:26,800.0,91.8,S
2021-06-10T14:13:25,100.0,92.0,B
2021-06-10T14:13:25,400.0,92.0,B
2021-06-10T14:13:25,100.0,92.0,B
2021-06-10T14:13:24,100.0,92.0,B
2021-06-10T14:13:23,100.0,92.0,B
2021-06-10T14:13:22,500.0,92.0,B
2021-06-10T14:13:20,200.0,91.9,S
2021-06-10T14:13:20,100.0,91.9,S
2021-06-10T14:13:18,600.0,91.9,S
2021-06-10T14:13:17,300.0,92.0,B
2021-06-10T14:13:15,100.0,91.9,S
2021-06-10T14:13:14,100.0,92.0,B
2021-06-10T14:13:11,100.0,92.0,B
2021-06-10T14:13:09,100.0,92.0,B
2021-06-10T14:13:09,100.0,92.0,B
2021-06-10T14:13:09,100.0,92.0,B
2021-06-10T14:13:07,500.0,91.9,S
2021-06-10T14:13:06,100.0,91.9,S
2021-06-10T14:13:05,100.0,92.0,B
2021-06-10T14:13:02,100.0,92.0,B
2021-06-10T14:13:02,100.0,92.0,B
2021-06-10T14:13:02,2300.0,92.0,B
2021-06-10T14:13:00,200.0,92.0,B
2021-06-10T14:12:58,400.0,92.0,B
2021-06-10T14:12:57,100.0,92.0,B
2021-06-10T14:12:57,5000.0,92.0,B
2021-06-10T14:12:56,100.0,92.0,B
2021-06-10T14:12:55,100.0,92.0,B
2021-06-10T14:12:53,100.0,92.0,B
2021-06-10T14:12:52,100.0,92.0,B
2021-06-10T14:12:51,200.0,92.0,B
2021-06-10T14:12:50,400.0,92.0,B
2021-06-10T14:12:49,100.0,92.0,B
2021-06-10T14:12:48,100.0,92.0,S
2021-06-10T14:12:47,100.0,92.0,S
2021-06-10T14:12:47,200.0,92.0,S
2021-06-10T14:12:45,100.0,92.0,S
2021-06-10T14:12:45,100.0,92.0,S
2021-06-10T14:12:44,100.0,92.0,S
2021-06-10T14:12:44,200.0,92.0,S
2021-06-10T14:12:43,100.0,92.0,S
2021-06-10T14:12:43,800.0,92.0,S
2021-06-10T14:12:42,100.0,91.9,S
2021-06-10T14:12:42,100.0,92.0,S
2021-06-10T14:12:41,100.0,92.0,S
2021-06-10T14:12:41,1700.0,92.0,S
2021-06-10T14:12:40,400.0,92.1,B
2021-06-10T14:12:40,200.0,92.1,B
2021-06-10T14:12:40,100.0,92.0,S
2021-06-10T14:12:39,3000.0,92.0,S
2021-06-10T14:12:39,600.0,92.0,S
2021-06-10T14:12:39,100.0,92.0,S
2021-06-10T14:12:39,1600.0,92.0,S
2021-06-10T14:12:39,800.0,92.0,S
2021-06-10T14:12:39,1500.0,92.0,S
2021-06-10T14:12:37,300.0,92.0,S
2021-06-10T14:12:37,900.0,92.0,S
2021-06-10T14:12:37,800.0,92.0,S
2021-06-10T14:12:37,100.0,92.0,S
2021-06-10T14:12:35,200.0,92.1,B
2021-06-10T14:12:34,100.0,92.0,S
2021-06-10T14:12:34,200.0,92.0,S
2021-06-10T14:12:31,100.0,92.1,B
2021-06-10T14:12:28,500.0,92.1,B
2021-06-10T14:12:27,3800.0,92.0,S
2021-06-10T14:12:27,500.0,92.1,B
2021-06-10T14:12:26,100.0,92.1,B
2021-06-10T14:12:26,100.0,92.0,S
2021-06-10T14:12:26,200.0,92.0,S
2021-06-10T14:12:26,2700.0,92.0,S
2021-06-10T14:12:26,100.0,92.0,S
2021-06-10T14:12:26,4400.0,92.0,S
2021-06-10T14:12:25,100.0,92.1,B
2021-06-10T14:12:25,1200.0,92.0,S
2021-06-10T14:12:25,400.0,92.0,S
2021-06-10T14:12:23,1000.0,92.0,S
2021-06-10T14:12:23,100.0,92.1,B
2021-06-10T14:12:23,100.0,92.1,B
2021-06-10T14:12:21,100.0,92.1,B
2021-06-10T14:12:21,100.0,92.1,B
2021-06-10T14:12:21,3000.0,92.1,B
2021-06-10T14:12:17,10000.0,92.0,S
2021-06-10T14:12:16,100.0,92.1,B
2021-06-10T14:12:16,20000.0,92.0,S
2021-06-10T14:12:16,200.0,92.1,B
2021-06-10T14:12:15,1000.0,92.0,S
2021-06-10T14:12:13,100.0,92.0,S
2021-06-10T14:12:12,100.0,92.1,B
2021-06-10T14:12:12,100.0,92.1,B
2021-06-10T14:12:11,600.0,92.1,B
2021-06-10T14:12:11,1400.0,92.1,B
2021-06-10T14:12:11,1000.0,92.0,S
2021-06-10T14:12:10,100.0,92.1,B
2021-06-10T14:12:10,500.0,92.1,B
2021-06-10T14:12:10,600.0,92.0,S
2021-06-10T14:12:09,2700.0,92.1,B
2021-06-10T14:12:07,100.0,92.0,S
2021-06-10T14:12:07,1000.0,92.1,B
2021-06-10T14:12:06,100.0,92.1,B
2021-06-10T14:12:06,100.0,92.0,S
2021-06-10T14:12:05,100.0,92.1,B
2021-06-10T14:12:05,200.0,92.0,S
2021-06-10T14:12:03,2000.0,92.1,B
2021-06-10T14:12:03,500.0,92.1,B
2021-06-10T14:12:02,100.0,92.1,B
2021-06-10T14:12:01,100.0,92.1,B
2021-06-10T14:12:00,10000.0,92.1,B
2021-06-10T14:11:57,100.0,92.1,B
2021-06-10T14:11:57,100.0,92.1,B
2021-06-10T14:11:54,100.0,92.1,B
2021-06-10T14:11:54,100.0,92.0,S
2021-06-10T14:11:53,100.0,92.1,B
2021-06-10T14:11:52,100.0,92.1,B
2021-06-10T14:11:51,500.0,92.1,B
2021-06-10T14:11:50,100.0,92.1,B
2021-06-10T14:11:49,100.0,92.1,B
2021-06-10T14:11:46,100.0,92.1,B
2021-06-10T14:11:46,100.0,92.1,B
2021-06-10T14:11:45,400.0,92.1,S
2021-06-10T14:11:45,100.0,92.1,S
2021-06-10T14:11:44,10500.0,92.0,S
2021-06-10T14:11:44,800.0,92.0,S
2021-06-10T14:11:42,500.0,92.1,S
2021-06-10T14:11:42,700.0,92.1,S
2021-06-10T14:11:40,100.0,92.1,S
2021-06-10T14:11:40,100.0,92.1,S
2021-06-10T14:11:37,100.0,92.1,S
2021-06-10T14:11:37,2500.0,92.1,S
2021-06-10T14:11:36,500.0,92.1,S
2021-06-10T14:11:36,600.0,92.1,S
2021-06-10T14:11:36,1100.0,92.1,S
2021-06-10T14:11:36,200.0,92.1,S
2021-06-10T14:11:36,900.0,92.1,S
2021-06-10T14:11:35,100.0,92.1,S
2021-06-10T14:11:35,400.0,92.1,S
2021-06-10T14:11:34,100.0,92.2,S
2021-06-10T14:11:33,5000.0,92.3,B
2021-06-10T14:11:32,1000.0,92.1,S
2021-06-10T14:11:32,600.0,92.3,B
2021-06-10T14:11:32,200.0,92.3,B
2021-06-10T14:11:29,100.0,92.3,B
2021-06-10T14:11:29,100.0,92.1,S
2021-06-10T14:11:29,500.0,92.3,B
2021-06-10T14:11:27,2500.0,92.3,B
2021-06-10T14:11:25,200.0,92.2,B
2021-06-10T14:11:25,1000.0,92.1,S
2021-06-10T14:11:25,100.0,92.2,B
2021-06-10T14:11:24,100.0,92.2,B
2021-06-10T14:11:21,100.0,92.2,B
2021-06-10T14:11:17,100.0,92.3,B
2021-06-10T14:11:16,300.0,92.3,B
2021-06-10T14:11:16,100.0,92.1,S
2021-06-10T14:11:15,7000.0,92.1,S
2021-06-10T14:11:15,200.0,92.3,B
2021-06-10T14:11:12,100.0,92.3,B
2021-06-10T14:11:11,2100.0,92.3,B
2021-06-10T14:11:09,1100.0,92.3,B
2021-06-10T14:11:08,100.0,92.3,B
2021-06-10T14:11:05,100.0,92.3,B
2021-06-10T14:11:05,1000.0,92.3,B
2021-06-10T14:11:03,100.0,92.3,B
2021-06-10T14:11:03,300.0,92.2,S
2021-06-10T14:11:01,1000.0,92.3,B
2021-06-10T14:11:01,800.0,92.3,B
2021-06-10T14:11:01,400.0,92.3,B
2021-06-10T14:11:00,500.0,92.3,B
2021-06-10T14:10:58,2000.0,92.3,B
2021-06-10T14:10:58,100.0,92.3,B
2021-06-10T14:10:55,100.0,92.2,S
2021-06-10T14:10:54,100.0,92.3,B
2021-06-10T14:10:51,100.0,92.3,B
2021-06-10T14:10:50,100.0,92.3,B
2021-06-10T14:10:49,5000.0,92.3,B
2021-06-10T14:10:45,200.0,92.2,S
2021-06-10T14:10:45,100.0,92.1,S
2021-06-10T14:10:45,300.0,92.1,S
2021-06-10T14:10:45,6500.0,92.1,S
2021-06-10T14:10:44,200.0,92.3,B
2021-06-10T14:10:43,100.0,92.3,B
2021-06-10T14:10:42,100.0,92.3,B
2021-06-10T14:10:40,1000.0,92.1,S
2021-06-10T14:10:40,100.0,92.3,B
2021-06-10T14:10:39,200.0,92.1,S
2021-06-10T14:10:38,100.0,92.3,B
2021-06-10T14:10:37,100.0,92.3,B
2021-06-10T14:10:37,500.0,92.3,B
2021-06-10T14:10:33,200.0,92.2,S
2021-06-10T14:10:32,200.0,92.1,S
2021-06-10T14:10:32,400.0,92.1,S
2021-06-10T14:10:32,100.0,92.3,B
2021-06-10T14:10:30,100.0,92.3,B
2021-06-10T14:10:30,1000.0,92.3,B
2021-06-10T14:10:28,100.0,92.2,S
2021-06-10T14:10:27,2000.0,92.3,B
2021-06-10T14:10:26,200.0,92.2,S
2021-06-10T14:10:25,400.0,92.3,B
2021-06-10T14:10:24,300.0,92.3,B
2021-06-10T14:10:24,100.0,92.3,B
2021-06-10T14:10:23,100.0,92.3,B
2021-06-10T14:10:22,300.0,92.1,S
2021-06-10T14:10:21,100.0,92.3,B
2021-06-10T14:10:21,1300.0,92.1,S
2021-06-10T14:10:18,100.0,92.3,B
2021-06-10T14:10:16,600.0,92.4,B
2021-06-10T14:10:16,3900.0,92.4,B
2021-06-10T14:10:15,100.0,92.4,B
2021-06-10T14:10:14,100.0,92.4,B
2021-06-10T14:10:13,2000.0,92.1,S
2021-06-10T14:10:10,100.0,92.2,B
2021-06-10T14:10:09,100.0,92.1,S
2021-06-10T14:10:08,100.0,92.4,B
2021-06-10T14:10:07,100.0,92.2,S
2021-06-10T14:10:07,100.0,92.2,S
2021-06-10T14:10:07,200.0,92.1,S
2021-06-10T14:10:06,100.0,92.2,S
2021-06-10T14:10:06,3000.0,92.4,B
2021-06-10T14:10:04,400.0,92.1,S
2021-06-10T14:10:04,100.0,92.3,B
2021-06-10T14:10:00,900.0,92.4,B
2021-06-10T14:10:00,300.0,92.4,B
2021-06-10T14:10:00,4000.0,92.4,B
2021-06-10T14:09:59,100.0,92.3,S
2021-06-10T14:09:57,1000.0,92.0,S
2021-06-10T14:09:57,500.0,92.1,S
2021-06-10T14:09:55,100.0,92.1,S
2021-06-10T14:09:53,100.0,92.4,B
2021-06-10T14:09:52,100.0,92.4,B
2021-06-10T14:09:51,100.0,92.4,B
2021-06-10T14:09:49,500.0,92.4,B
2021-06-10T14:09:49,100.0,92.4,B
2021-06-10T14:09:48,300.0,92.1,S
2021-06-10T14:09:48,200.0,92.4,B
2021-06-10T14:09:47,500.0,92.2,S
2021-06-10T14:09:46,5300.0,92.2,S
2021-06-10T14:09:42,200.0,92.4,B
2021-06-10T14:09:41,100.0,92.4,B
2021-06-10T14:09:41,100.0,92.3,S
2021-06-10T14:09:40,100.0,92.4,B
2021-06-10T14:09:40,100.0,92.4,B
2021-06-10T14:09:39,1000.0,92.5,B
2021-06-10T14:09:38,6000.0,92.5,B
2021-06-10T14:09:38,100.0,92.5,B
2021-06-10T14:09:38,100.0,92.4,B
2021-06-10T14:09:37,1000.0,92.5,B
2021-06-10T14:09:36,100.0,92.3,S
2021-06-10T14:09:35,100.0,92.5,B
2021-06-10T14:09:34,5000.0,92.3,S
2021-06-10T14:09:34,100.0,92.4,S
2021-06-10T14:09:32,500.0,92.4,S
2021-06-10T14:09:32,300.0,92.4,S
2021-06-10T14:09:32,100.0,92.4,S
2021-06-10T14:09:32,100.0,92.5,B
2021-06-10T14:09:30,500.0,92.5,B
2021-06-10T14:09:29,6300.0,92.5,B
2021-06-10T14:09:29,13900.0,92.5,B
2021-06-10T14:09:28,300.0,92.4,S
2021-06-10T14:09:25,100.0,92.5,B
2021-06-10T14:09:25,100.0,92.5,B
2021-06-10T14:09:23,100.0,92.5,B
2021-06-10T14:09:21,200.0,92.5,B
2021-06-10T14:09:21,100.0,92.5,B
2021-06-10T14:09:19,1000.0,92.4,S
2021-06-10T14:09:18,100.0,92.5,B
2021-06-10T14:09:17,100.0,92.5,B
2021-06-10T14:09:16,100.0,92.5,B
2021-06-10T14:09:15,100.0,92.4,S
2021-06-10T14:09:14,100.0,92.5,B
2021-06-10T14:09:14,100.0,92.5,B
2021-06-10T14:09:14,400.0,92.4,S
2021-06-10T14:09:11,1700.0,92.5,S
2021-06-10T14:09:11,100.0,92.5,S
2021-06-10T14:09:11,100.0,92.6,B
2021-06-10T14:09:11,500.0,92.5,S
2021-06-10T14:09:10,2100.0,92.5,S
2021-06-10T14:09:09,300.0,92.5,S
2021-06-10T14:09:09,100.0,92.5,S
2021-06-10T14:09:09,200.0,92.5,S
2021-06-10T14:09:09,200.0,92.5,S
2021-06-10T14:09:08,100.0,92.5,S
2021-06-10T14:09:07,300.0,92.5,S
2021-06-10T14:09:07,1000.0,92.6,B
2021-06-10T14:09:06,100.0,92.5,S
2021-06-10T14:09:06,600.0,92.5,S
2021-06-10T14:09:06,100.0,92.6,B
2021-06-10T14:09:04,500.0,92.5,S
2021-06-10T14:09:04,4700.0,92.5,S
2021-06-10T14:09:04,300.0,92.6,B
2021-06-10T14:09:03,600.0,92.5,S
2021-06-10T14:09:02,200.0,92.5,S
2021-06-10T14:09:02,1100.0,92.6,B
2021-06-10T14:09:00,200.0,92.5,S
2021-06-10T14:09:00,1000.0,92.5,S
2021-06-10T14:08:59,200.0,92.6,B
2021-06-10T14:08:58,200.0,92.5,S
2021-06-10T14:08:58,100.0,92.5,S
2021-06-10T14:08:58,1000.0,92.6,B
2021-06-10T14:08:57,3500.0,92.6,B
2021-06-10T14:08:57,200.0,92.6,B
2021-06-10T14:08:56,100.0,92.6,B
2021-06-10T14:08:55,200.0,92.6,B
2021-06-10T14:08:55,2800.0,92.6,B
2021-06-10T14:08:54,100.0,92.6,B
2021-06-10T14:08:53,100.0,92.6,B
2021-06-10T14:08:53,300.0,92.5,S
2021-06-10T14:08:51,100.0,92.6,B
2021-06-10T14:08:47,21100.0,92.5,S
2021-06-10T14:08:47,100.0,92.6,B
2021-06-10T14:08:47,4400.0,92.6,B
2021-06-10T14:08:47,100.0,92.6,B
2021-06-10T14:08:47,5500.0,92.6,B
2021-06-10T14:08:46,100.0,92.5,S
2021-06-10T14:08:46,500.0,92.5,S
2021-06-10T14:08:44,200.0,92.6,B
2021-06-10T14:08:44,100.0,92.5,S
2021-06-10T14:08:42,200.0,92.5,S
2021-06-10T14:08:42,100.0,92.6,B
2021-06-10T14:08:42,200.0,92.6,B
2021-06-10T14:08:39,100.0,92.6,B
2021-06-10T14:08:38,100.0,92.6,B
2021-06-10T14:08:36,100.0,92.6,B
2021-06-10T14:08:32,100.0,92.7,B
2021-06-10T14:08:30,500.0,92.5,S
2021-06-10T14:08:29,200.0,92.7,B
2021-06-10T14:08:29,2000.0,92.7,B
2021-06-10T14:08:28,100.0,92.7,B
2021-06-10T14:08:27,3000.0,92.7,B
2021-06-10T14:08:26,500.0,92.6,B
2021-06-10T14:08:25,100.0,92.6,B
2021-06-10T14:08:24,100.0,92.6,B
2021-06-10T14:08:23,4000.0,92.6,B
2021-06-10T14:08:23,100.0,92.6,B
2021-06-10T14:08:22,100.0,92.6,B
2021-06-10T14:08:18,300.0,92.6,S
2021-06-10T14:08:18,13000.0,92.6,S
2021-06-10T14:08:18,800.0,92.6,S
2021-06-10T14:08:17,100.0,92.7,S
2021-06-10T14:08:17,6300.0,92.7,S
2021-06-10T14:08:13,200.0,92.8,B
2021-06-10T14:08:13,100.0,92.7,S
2021-06-10T14:08:13,400.0,92.7,S
2021-06-10T14:08:13,100.0,92.7,S
2021-06-10T14:08:13,100.0,92.8,B
2021-06-10T14:08:13,900.0,92.8,B
2021-06-10T14:08:13,100.0,92.8,B
2021-06-10T14:08:13,100.0,92.8,B
2021-06-10T14:08:10,1000.0,92.7,S
2021-06-10T14:08:10,9300.0,92.8,B
2021-06-10T14:08:10,400.0,92.8,B
2021-06-10T14:08:10,400.0,92.8,B
2021-06-10T14:08:10,100.0,92.7,S
2021-06-10T14:08:10,100.0,92.8,B
2021-06-10T14:08:10,600.0,92.8,B
2021-06-10T14:08:10,100.0,92.8,B
2021-06-10T14:08:10,2000.0,92.8,B
2021-06-10T14:08:10,100.0,92.8,B
2021-06-10T14:08:10,200.0,92.8,B
2021-06-10T14:08:10,100.0,92.8,B
2021-06-10T14:08:10,1000.0,92.7,S
2021-06-10T14:08:10,100.0,92.8,B
2021-06-10T14:08:10,500.0,92.8,B
2021-06-10T14:08:10,100.0,92.8,B
2021-06-10T14:08:10,300.0,92.8,B
2021-06-10T14:08:10,2100.0,92.7,S
2021-06-10T14:08:10,100.0,92.8,B
2021-06-10T14:08:06,100.0,92.8,B
2021-06-10T14:08:06,100.0,92.8,B
2021-06-10T14:08:06,100.0,92.8,S
2021-06-10T14:08:06,100.0,92.8,S
2021-06-10T14:08:06,200.0,92.8,S
2021-06-10T14:08:06,100.0,92.8,S
2021-06-10T14:08:06,600.0,92.8,S
2021-06-10T14:08:02,100.0,93.0,B
2021-06-10T14:08:02,200.0,93.0,B
2021-06-10T14:08:02,100.0,93.0,B
2021-06-10T14:08:02,100.0,92.8,S
2021-06-10T14:08:02,300.0,92.8,S
2021-06-10T14:08:02,100.0,92.9,B
2021-06-10T14:08:02,100.0,93.0,B
2021-06-10T14:08:02,200.0,92.8,S
2021-06-10T14:08:02,1000.0,92.8,S
2021-06-10T14:08:02,100.0,92.8,S
2021-06-10T14:08:02,100.0,93.0,B
2021-06-10T14:08:02,100.0,93.0,B
2021-06-10T14:07:23,100.0,92.9,B
2021-06-10T14:07:20,500.0,92.9,S
2021-06-10T14:07:19,100.0,92.9,S
2021-06-10T14:07:18,200.0,92.9,S
2021-06-10T14:07:18,900.0,92.8,S
2021-06-10T14:07:18,100.0,92.8,S
2021-06-10T14:07:17,100.0,92.9,S
2021-06-10T14:07:13,100.0,93.0,B
2021-06-10T14:07:12,500.0,93.0,B
2021-06-10T14:07:11,500.0,92.6,S
2021-06-10T14:07:11,300.0,93.0,B
2021-06-10T14:07:11,100.0,93.0,B
2021-06-10T14:07:10,200.0,92.8,S
2021-06-10T14:07:08,100.0,93.0,B
2021-06-10T14:07:07,100.0,93.0,B
2021-06-10T14:07:07,400.0,93.0,B
2021-06-10T14:07:07,300.0,93.0,B
2021-06-10T14:07:06,100.0,93.0,B
2021-06-10T14:07:05,1000.0,92.6,S
2021-06-10T14:07:04,100.0,93.0,B
2021-06-10T14:07:03,100.0,93.0,B
2021-06-10T14:07:02,100.0,93.0,S
2021-06-10T14:07:01,700.0,93.0,S
2021-06-10T14:07:00,1000.0,93.0,S
2021-06-10T14:06:59,1700.0,93.0,S
2021-06-10T14:06:59,100.0,93.2,B
2021-06-10T14:06:58,100.0,93.0,S
2021-06-10T14:06:58,100.0,93.0,B
2021-06-10T14:06:54,10000.0,93.0,B
2021-06-10T14:06:54,200.0,93.1,B
2021-06-10T14:06:54,600.0,93.0,B
2021-06-10T14:06:54,8200.0,93.0,B
2021-06-10T14:06:52,100.0,93.0,B
2021-06-10T14:06:52,200.0,93.0,B
2021-06-10T14:06:51,300.0,93.0,B
2021-06-10T14:06:50,1000.0,93.0,B
2021-06-10T14:06:50,100.0,93.0,B
2021-06-10T14:06:49,100.0,93.0,B
2021-06-10T14:06:48,100.0,93.0,B
2021-06-10T14:06:47,100.0,93.0,S
2021-06-10T14:06:44,300.0,93.0,S
2021-06-10T14:06:43,100.0,93.0,S
2021-06-10T14:06:43,100.0,93.0,S
2021-06-10T14:06:41,100.0,93.0,S
2021-06-10T14:06:41,2000.0,93.0,S
2021-06-10T14:06:41,4200.0,93.0,S
2021-06-10T14:06:40,200.0,93.2,S
2021-06-10T14:06:40,4600.0,93.0,S
2021-06-10T14:06:40,700.0,93.0,S
2021-06-10T14:06:40,200.0,93.0,S
2021-06-10T14:06:40,600.0,93.0,S
2021-06-10T14:06:40,300.0,93.0,S
2021-06-10T14:06:40,3200.0,93.0,S
2021-06-10T14:06:39,300.0,93.3,B
2021-06-10T14:06:38,100.0,93.3,S
2021-06-10T14:06:37,100.0,93.3,S
2021-06-10T14:06:35,100.0,93.0,S
2021-06-10T14:06:35,100.0,93.1,S
2021-06-10T14:06:35,100.0,93.3,S
2021-06-10T14:06:34,100.0,93.0,S
2021-06-10T14:06:34,100.0,93.0,S
2021-06-10T14:06:34,900.0,93.0,S
2021-06-10T14:06:33,100.0,93.3,S
2021-06-10T14:06:32,1900.0,93.2,S
2021-06-10T14:06:32,500.0,93.3,S
2021-06-10T14:06:30,100.0,93.3,S
2021-06-10T14:06:29,100.0,93.3,S
2021-06-10T14:06:28,600.0,93.0,S
2021-06-10T14:06:27,1000.0,93.0,S
2021-06-10T14:06:26,100.0,93.4,B
2021-06-10T14:06:26,3500.0,93.3,B
2021-06-10T14:06:25,100.0,93.3,B
2021-06-10T14:06:25,1000.0,93.3,B
2021-06-10T14:06:23,100.0,93.3,B
2021-06-10T14:06:22,800.0,93.3,B
2021-06-10T14:06:20,100.0,93.3,B
2021-06-10T14:06:20,100.0,93.0,S
2021-06-10T14:06:18,100.0,93.4,B
2021-06-10T14:06:17,3100.0,93.4,B
2021-06-10T14:06:16,100.0,93.3,B
2021-06-10T14:06:14,100.0,93.3,S
2021-06-10T14:06:13,300.0,93.0,S
2021-06-10T14:06:12,200.0,93.0,S
2021-06-10T14:06:11,200.0,93.3,S
2021-06-10T14:06:11,300.0,93.0,S
2021-06-10T14:06:09,100.0,93.3,S
2021-06-10T14:06:09,100.0,93.3,S
2021-06-10T14:06:08,1100.0,93.3,S
2021-06-10T14:06:07,100.0,93.0,S
2021-06-10T14:06:06,100.0,93.1,S
2021-06-10T14:06:04,100.0,93.1,S
2021-06-10T14:06:02,100.0,93.4,B
2021-06-10T14:06:00,200.0,93.3,S
2021-06-10T14:06:00,900.0,93.3,S
2021-06-10T14:05:59,100.0,93.4,B
2021-06-10T14:05:58,1100.0,93.4,B
2021-06-10T14:05:58,200.0,93.4,B
2021-06-10T14:05:57,300.0,93.4,B
2021-06-10T14:05:57,100.0,93.0,S
2021-06-10T14:05:56,3100.0,93.4,B
2021-06-10T14:05:55,800.0,93.4,B
2021-06-10T14:05:54,100.0,93.4,B
2021-06-10T14:05:53,500.0,93.4,B
2021-06-10T14:05:50,200.0,93.4,B
2021-06-10T14:05:50,2000.0,93.4,B
2021-06-10T14:05:48,100.0,93.4,B
2021-06-10T14:05:48,100.0,93.4,B
2021-06-10T14:05:46,100.0,93.4,B
2021-06-10T14:05:45,100.0,93.4,B
2021-06-10T14:05:44,100.0,93.4,B
2021-06-10T14:05:43,1200.0,93.4,B
2021-06-10T14:05:41,100.0,93.4,B
2021-06-10T14:05:40,100.0,93.4,B
2021-06-10T14:05:40,100.0,93.4,B
2021-06-10T14:05:40,1300.0,93.5,B
2021-06-10T14:05:40,5700.0,93.5,B
2021-06-10T14:05:40,3100.0,93.5,B
2021-06-10T14:05:40,700.0,93.5,B
2021-06-10T14:05:40,1600.0,93.5,B
2021-06-10T14:05:40,1000.0,93.5,B
2021-06-10T14:05:39,12700.0,93.5,B
2021-06-10T14:05:39,2400.0,93.5,B
2021-06-10T14:05:37,400.0,93.3,S
2021-06-10T14:05:37,100.0,93.4,B
2021-06-10T14:05:37,200.0,93.3,S
2021-06-10T14:05:37,100.0,93.5,B
2021-06-10T14:05:35,5200.0,93.3,S
2021-06-10T14:05:35,200.0,93.5,B
2021-06-10T14:05:35,100.0,93.5,B
2021-06-10T14:05:34,500.0,93.4,B
2021-06-10T14:05:33,100.0,93.5,B
2021-06-10T14:05:33,100.0,93.5,B
2021-06-10T14:05:32,1800.0,93.5,B
2021-06-10T14:05:32,200.0,93.5,B
2021-06-10T14:05:31,300.0,93.5,B
2021-06-10T14:05:31,2700.0,93.4,B
2021-06-10T14:05:31,100.0,93.4,B
2021-06-10T14:05:27,400.0,93.4,B
2021-06-10T14:05:27,1700.0,93.5,B
2021-06-10T14:05:26,100.0,93.4,B
2021-06-10T14:05:26,3000.0,93.4,B
2021-06-10T14:05:24,100.0,93.4,B
2021-06-10T14:05:24,300.0,93.4,B
2021-06-10T14:05:24,800.0,93.4,B
2021-06-10T14:05:24,100.0,93.4,B
2021-06-10T14:05:24,1500.0,93.4,B
2021-06-10T14:05:23,5000.0,93.4,B
2021-06-10T14:05:23,100.0,93.3,S
2021-06-10T14:05:22,100.0,93.4,S
2021-06-10T14:05:21,100.0,93.4,S
2021-06-10T14:05:21,100.0,93.4,S
2021-06-10T14:05:19,2500.0,93.4,S
2021-06-10T14:05:19,100.0,93.4,S
2021-06-10T14:05:17,100.0,93.5,B
2021-06-10T14:05:16,100.0,93.5,B
2021-06-10T14:05:15,100.0,93.5,B
2021-06-10T14:05:15,300.0,93.0,S
2021-06-10T14:05:15,500.0,93.1,S
2021-06-10T14:05:15,4400.0,93.2,S
2021-06-10T14:05:14,2600.0,93.5,B
2021-06-10T14:05:14,100.0,93.5,B
2021-06-10T14:05:13,2100.0,93.4,S
2021-06-10T14:05:13,100.0,93.5,B
2021-06-10T14:05:13,100.0,93.5,B
2021-06-10T14:05:12,2500.0,93.5,B
2021-06-10T14:05:12,900.0,93.5,B
2021-06-10T14:05:12,100.0,93.4,S
2021-06-10T14:05:11,200.0,93.4,S
2021-06-10T14:05:11,500.0,93.4,S
2021-06-10T14:05:09,300.0,93.4,S
2021-06-10T14:05:09,100.0,93.4,S
2021-06-10T14:05:09,200.0,93.3,S
2021-06-10T14:05:09,2500.0,93.5,B
2021-06-10T14:05:08,100.0,93.3,S
2021-06-10T14:05:08,300.0,93.5,B
2021-06-10T14:05:08,700.0,93.4,S
2021-06-10T14:05:06,1500.0,93.4,S
2021-06-10T14:05:06,500.0,93.4,S
2021-06-10T14:05:06,100.0,93.4,S
2021-06-10T14:05:04,100.0,93.4,S
2021-06-10T14:05:04,100.0,93.4,S
2021-06-10T14:05:04,300.0,93.3,S
2021-06-10T14:05:03,200.0,93.4,S
2021-06-10T14:05:02,1000.0,93.5,B
2021-06-10T14:05:02,900.0,93.4,S
2021-06-10T14:05:02,100.0,93.4,S
2021-06-10T14:05:02,100.0,93.4,S
2021-06-10T14:05:01,2000.0,93.5,B
2021-06-10T14:05:01,1100.0,93.6,B
2021-06-10T14:05:01,200.0,93.5,B
2021-06-10T14:05:01,5000.0,93.5,B
2021-06-10T14:05:01,1000.0,93.5,B
2021-06-10T14:05:01,100.0,93.5,B
2021-06-10T14:05:01,200.0,93.5,B
2021-06-10T14:05:00,1200.0,93.5,B
2021-06-10T14:05:00,600.0,93.5,B
2021-06-10T14:05:00,9000.0,93.5,B
2021-06-10T14:05:00,7500.0,93.5,B
2021-06-10T14:05:00,1300.0,93.5,B
2021-06-10T14:05:00,500.0,93.5,B
2021-06-10T14:04:59,500.0,93.5,B
2021-06-10T14:04:59,2000.0,93.5,B
2021-06-10T14:04:58,100.0,93.3,S
2021-06-10T14:04:58,100.0,93.5,B
2021-06-10T14:04:58,100.0,93.5,B
2021-06-10T14:04:57,200.0,93.5,B
2021-06-10T14:04:55,1300.0,93.5,B
2021-06-10T14:04:55,600.0,93.4,S
2021-06-10T14:04:55,600.0,93.5,B
2021-06-10T14:04:54,100.0,93.4,S
2021-06-10T14:04:54,500.0,93.4,S
2021-06-10T14:04:54,500.0,93.4,S
2021-06-10T14:04:53,300.0,93.4,S
2021-06-10T14:04:53,100.0,93.4,S
2021-06-10T14:04:52,100.0,93.5,B
2021-06-10T14:04:50,100.0,93.5,B
2021-06-10T14:04:49,700.0,93.5,B
2021-06-10T14:04:49,600.0,93.5,B
2021-06-10T14:04:49,1700.0,93.5,B
2021-06-10T14:04:49,300.0,93.4,S
2021-06-10T14:04:47,100.0,93.4,S
2021-06-10T14:04:47,1100.0,93.4,S
2021-06-10T14:04:46,100.0,93.4,S
2021-06-10T14:04:46,200.0,93.4,S
2021-06-10T14:04:46,200.0,93.4,S
2021-06-10T14:04:45,200.0,93.4,S
2021-06-10T14:04:45,1000.0,93.4,S
2021-06-10T14:04:45,1100.0,93.4,S
2021-06-10T14:04:45,200.0,93.5,B
2021-06-10T14:04:44,1000.0,93.5,B
2021-06-10T14:04:44,200.0,93.5,B
2021-06-10T14:04:43,100.0,93.4,S
2021-06-10T14:04:43,100.0,93.5,B
2021-06-10T14:04:41,3000.0,93.4,S
2021-06-10T14:04:41,2000.0,93.5,B
2021-06-10T14:04:41,1000.0,93.4,S
2021-06-10T14:04:41,600.0,93.5,B
2021-06-10T14:04:41,1200.0,93.4,S
2021-06-10T14:04:41,6200.0,93.5,B
2021-06-10T14:04:41,100.0,93.5,B
2021-06-10T14:04:41,11000.0,93.5,B
2021-06-10T14:04:41,1900.0,93.5,B
2021-06-10T14:04:41,4300.0,93.5,B
2021-06-10T14:04:41,3100.0,93.5,B
2021-06-10T14:04:41,2400.0,93.5,B
2021-06-10T14:04:41,600.0,93.5,B
2021-06-10T14:04:40,12700.0,93.5,B
2021-06-10T14:04:40,200.0,93.3,S
2021-06-10T14:04:39,1300.0,93.4,S
2021-06-10T14:04:38,500.0,93.4,S
2021-06-10T14:04:38,800.0,93.4,S
2021-06-10T14:04:38,100.0,93.4,S
2021-06-10T14:04:38,100.0,93.3,S
2021-06-10T14:04:38,2100.0,93.4,S
2021-06-10T14:04:37,100.0,93.3,S
2021-06-10T14:04:37,500.0,93.4,S
2021-06-10T14:04:36,2000.0,93.4,S
2021-06-10T14:04:36,600.0,93.3,S
2021-06-10T14:04:36,100.0,93.4,S
2021-06-10T14:04:35,200.0,93.3,S
2021-06-10T14:04:35,100.0,93.4,S
2021-06-10T14:04:34,1500.0,93.4,S
2021-06-10T14:04:34,700.0,93.4,S
2021-06-10T14:04:32,1000.0,93.4,S
2021-06-10T14:04:31,100.0,93.4,S
2021-06-10T14:04:31,100.0,93.3,S
2021-06-10T14:04:30,100.0,93.3,S
2021-06-10T14:04:29,200.0,93.4,S
2021-06-10T14:04:27,1100.0,93.3,S
2021-06-10T14:04:26,1300.0,93.3,S
2021-06-10T14:04:26,600.0,93.3,S
2021-06-10T14:04:24,100.0,93.4,S
2021-06-10T14:04:22,100.0,93.4,S
2021-06-10T14:04:22,200.0,93.3,S
2021-06-10T14:04:22,500.0,93.3,S
2021-06-10T14:04:21,100.0,93.4,S
2021-06-10T14:04:20,1000.0,93.3,S
2021-06-10T14:04:19,200.0,93.4,S
2021-06-10T14:04:19,600.0,93.5,B
2021-06-10T14:04:18,100.0,93.5,B
2021-06-10T14:04:18,1100.0,93.3,S
2021-06-10T14:04:16,30300.0,93.5,B
2021-06-10T14:04:16,7500.0,93.5,B
2021-06-10T14:04:16,1000.0,93.5,B
2021-06-10T14:04:16,300.0,93.5,B
2021-06-10T14:04:16,1200.0,93.5,B
2021-06-10T14:04:16,300.0,93.5,B
2021-06-10T14:04:16,800.0,93.5,B
2021-06-10T14:04:16,900.0,93.5,B
2021-06-10T14:04:16,300.0,93.5,B
2021-06-10T14:04:16,3700.0,93.5,B
2021-06-10T14:04:16,3000.0,93.4,B
2021-06-10T14:04:15,700.0,93.4,B
2021-06-10T14:04:15,100.0,93.4,B
2021-06-10T14:04:13,500.0,93.3,S
2021-06-10T14:04:12,100.0,93.4,B
2021-06-10T14:04:08,100.0,93.0,S
2021-06-10T14:04:08,100.0,93.4,B
2021-06-10T14:04:08,100.0,93.4,B
2021-06-10T14:04:06,500.0,93.0,S
2021-06-10T14:04:06,100.0,93.2,S
2021-06-10T14:04:05,100.0,93.5,B
2021-06-10T14:04:05,1000.0,93.5,B
2021-06-10T14:04:04,500.0,93.1,S
2021-06-10T14:04:04,100.0,93.0,S
2021-06-10T14:04:02,100.0,93.0,S
2021-06-10T14:04:02,100.0,93.4,B
2021-06-10T14:04:02,900.0,93.0,S
2021-06-10T14:04:02,100.0,93.0,S
2021-06-10T14:04:01,1000.0,93.0,S
2021-06-10T14:04:01,2100.0,93.4,B
2021-06-10T14:04:01,100.0,93.3,S
2021-06-10T14:04:01,1000.0,93.3,S
2021-06-10T14:04:00,200.0,93.3,S
2021-06-10T14:03:58,1000.0,93.0,S
2021-06-10T14:03:57,200.0,93.0,S
2021-06-10T14:03:56,1000.0,93.5,B
2021-06-10T14:03:56,400.0,93.0,S
2021-06-10T14:03:54,100.0,93.3,S
2021-06-10T14:03:53,100.0,93.2,S
2021-06-10T14:03:52,200.0,93.0,S
2021-06-10T14:03:50,100.0,93.3,S
2021-06-10T14:03:47,100.0,93.0,S
2021-06-10T14:03:47,2100.0,93.5,B
2021-06-10T14:03:47,1100.0,93.0,S
2021-06-10T14:03:47,300.0,93.0,S
2021-06-10T14:03:46,10000.0,93.0,S
2021-06-10T14:03:46,100.0,93.0,S
2021-06-10T14:03:45,100.0,93.5,B
2021-06-10T14:03:45,100.0,93.0,S
2021-06-10T14:03:44,500.0,93.0,S
2021-06-10T14:03:43,300.0,93.5,B
2021-06-10T14:03:43,200.0,93.0,S
2021-06-10T14:03:42,2500.0,93.0,S
2021-06-10T14:03:42,2600.0,93.3,B
2021-06-10T14:03:42,200.0,93.0,S
2021-06-10T14:03:42,500.0,93.0,S
2021-06-10T14:03:41,1800.0,93.0,S
2021-06-10T14:03:41,100.0,93.2,B
2021-06-10T14:03:40,1100.0,93.0,S
2021-06-10T14:03:40,100.0,93.0,S
2021-06-10T14:03:40,100.0,93.0,S
2021-06-10T14:03:39,2000.0,93.0,S
2021-06-10T14:03:39,100.0,93.0,S
2021-06-10T14:03:37,700.0,93.3,B
2021-06-10T14:03:37,900.0,93.3,B
2021-06-10T14:03:37,100.0,93.0,S
2021-06-10T14:03:36,100.0,93.0,S
2021-06-10T14:03:36,400.0,93.0,S
2021-06-10T14:03:36,500.0,93.0,S
2021-06-10T14:03:35,1000.0,93.0,B
2021-06-10T14:03:34,600.0,93.3,B
2021-06-10T14:03:34,100.0,93.0,B
2021-06-10T14:03:34,200.0,93.0,B
2021-06-10T14:03:34,200.0,93.3,B
2021-06-10T14:03:34,300.0,93.3,B
2021-06-10T14:03:33,400.0,93.0,B
2021-06-10T14:03:33,100.0,93.0,B
2021-06-10T14:03:33,100.0,93.0,B
2021-06-10T14:03:32,700.0,93.0,B
2021-06-10T14:03:32,100.0,93.0,B
2021-06-10T14:03:32,10400.0,93.2,B
2021-06-10T14:03:31,300.0,93.1,B
2021-06-10T14:03:31,600.0,93.2,B
2021-06-10T14:03:31,100.0,93.0,B
2021-06-10T14:03:31,1600.0,93.2,B
2021-06-10T14:03:31,500.0,93.0,B
2021-06-10T14:03:30,2100.0,93.0,B
2021-06-10T14:03:30,300.0,93.0,B
2021-06-10T14:03:29,100.0,93.0,B
2021-06-10T14:03:29,100.0,93.0,B
2021-06-10T14:03:29,600.0,93.0,B
2021-06-10T14:03:29,1100.0,93.3,B
2021-06-10T14:03:29,200.0,93.2,B
2021-06-10T14:03:29,300.0,93.2,B
2021-06-10T14:03:29,900.0,93.1,B
2021-06-10T14:03:29,100.0,93.0,B
2021-06-10T14:03:29,900.0,93.0,B
2021-06-10T14:03:29,6800.0,93.0,B
2021-06-10T14:03:29,100.0,93.0,B
2021-06-10T14:03:29,1500.0,93.0,B
2021-06-10T14:03:29,5000.0,93.0,B
2021-06-10T14:03:29,300.0,93.0,B
2021-06-10T14:03:29,300.0,93.0,B
2021-06-10T14:03:29,100.0,93.0,B
2021-06-10T14:03:29,600.0,93.0,B
2021-06-10T14:03:29,800.0,93.0,B
2021-06-10T14:03:29,800.0,93.0,B
2021-06-10T14:03:29,200.0,93.0,B
2021-06-10T14:03:28,900.0,93.0,B
2021-06-10T14:03:28,100.0,93.0,B
2021-06-10T14:03:28,500.0,93.0,B
2021-06-10T14:03:28,5000.0,93.0,B
2021-06-10T14:03:28,2900.0,93.0,B
2021-06-10T14:03:28,100.0,93.0,B
2021-06-10T14:03:28,2400.0,93.0,B
2021-06-10T14:03:28,2100.0,93.0,B
2021-06-10T14:03:28,2300.0,93.0,B
2021-06-10T14:03:28,100.0,93.0,B
2021-06-10T14:03:27,100.0,93.0,B
2021-06-10T14:03:27,200.0,93.0,B
2021-06-10T14:03:27,2700.0,93.0,B
2021-06-10T14:03:27,100.0,93.0,B
2021-06-10T14:03:27,700.0,93.0,B
2021-06-10T14:03:27,100.0,93.0,B
2021-06-10T14:03:26,200.0,92.7,S
2021-06-10T14:03:24,200.0,93.0,B
2021-06-10T14:03:23,200.0,93.0,B
2021-06-10T14:03:23,100.0,93.0,B
2021-06-10T14:03:23,1000.0,93.0,B
2021-06-10T14:03:22,800.0,93.0,B
2021-06-10T14:03:22,400.0,93.0,B
2021-06-10T14:03:22,800.0,93.0,B
2021-06-10T14:03:20,400.0,92.5,S
2021-06-10T14:03:20,500.0,92.5,S
2021-06-10T14:03:20,400.0,92.5,S
2021-06-10T14:03:20,200.0,93.0,B
2021-06-10T14:03:20,1300.0,93.0,B
2021-06-10T14:03:18,500.0,92.9,S
2021-06-10T14:03:17,2000.0,92.5,S
2021-06-10T14:03:17,500.0,92.7,S
2021-06-10T14:03:17,100.0,92.7,S
2021-06-10T14:03:17,400.0,92.7,S
2021-06-10T14:03:17,200.0,93.0,B
2021-06-10T14:03:17,900.0,93.0,B
2021-06-10T14:03:16,1500.0,93.0,B
2021-06-10T14:03:16,2400.0,93.0,B
2021-06-10T14:03:16,100.0,92.9,B
2021-06-10T14:03:15,100.0,92.7,S
2021-06-10T14:03:15,100.0,92.7,S
2021-06-10T14:03:15,1000.0,93.0,B
2021-06-10T14:03:15,100.0,92.7,S
2021-06-10T14:03:14,100.0,92.8,S
2021-06-10T14:03:14,200.0,92.7,S
2021-06-10T14:03:14,500.0,92.7,S
2021-06-10T14:03:13,100.0,92.7,S
2021-06-10T14:03:12,1500.0,93.0,B
2021-06-10T14:03:11,100.0,93.0,B
2021-06-10T14:03:11,100.0,92.5,S
2021-06-10T14:03:11,1000.0,92.5,S
2021-06-10T14:03:09,200.0,93.0,B
2021-06-10T14:03:09,300.0,93.0,B
2021-06-10T14:03:09,200.0,93.0,B
2021-06-10T14:03:09,2000.0,93.0,B
2021-06-10T14:03:09,500.0,93.0,B
2021-06-10T14:03:09,100.0,92.7,S
2021-06-10T14:03:09,100.0,92.8,S
2021-06-10T14:03:08,1000.0,93.0,B
2021-06-10T14:03:07,2000.0,93.0,B
2021-06-10T14:03:07,100.0,92.7,S
2021-06-10T14:03:06,300.0,92.5,S
2021-06-10T14:03:04,1000.0,92.5,S
2021-06-10T14:03:04,100.0,92.5,S
2021-06-10T14:03:04,3000.0,92.9,B
2021-06-10T14:03:03,100.0,92.9,B
2021-06-10T14:03:03,400.0,92.5,S
2021-06-10T14:03:03,300.0,92.5,S
2021-06-10T14:03:02,500.0,92.5,B
2021-06-10T14:03:01,7100.0,92.5,B
2021-06-10T14:03:01,100.0,92.9,B
2021-06-10T14:03:01,600.0,92.9,B
2021-06-10T14:03:01,300.0,92.9,B
2021-06-10T14:03:01,200.0,92.8,B
2021-06-10T14:03:01,100.0,92.7,B
2021-06-10T14:03:01,300.0,92.7,B
2021-06-10T14:03:00,600.0,92.6,B
2021-06-10T14:03:00,100.0,92.5,B
2021-06-10T14:02:59,1200.0,92.6,B
2021-06-10T14:02:59,500.0,92.6,B
2021-06-10T14:02:59,100.0,92.5,B
2021-06-10T14:02:59,900.0,92.6,B
2021-06-10T14:02:59,100.0,92.6,B
2021-06-10T14:02:59,100.0,92.5,B
2021-06-10T14:02:58,200.0,92.6,B
2021-06-10T14:02:58,100.0,92.5,B
2021-06-10T14:02:57,4000.0,92.5,B
2021-06-10T14:02:57,1900.0,92.5,B
2021-06-10T14:02:57,1100.0,92.5,B
2021-06-10T14:02:57,300.0,92.5,B
2021-06-10T14:02:57,4100.0,92.5,B
2021-06-10T14:02:55,200.0,92.5,B
2021-06-10T14:02:55,300.0,92.5,B
2021-06-10T14:02:55,4100.0,92.5,B
2021-06-10T14:02:54,1000.0,92.3,S
2021-06-10T14:02:53,100.0,92.5,B
2021-06-10T14:02:53,100.0,92.5,B
2021-06-10T14:02:53,800.0,92.5,B
2021-06-10T14:02:52,100.0,92.5,B
2021-06-10T14:02:52,100.0,92.5,B
2021-06-10T14:02:52,100.0,92.5,B
2021-06-10T14:02:52,100.0,92.5,B
2021-06-10T14:02:52,1800.0,92.5,B
2021-06-10T14:02:49,1100.0,92.5,B
2021-06-10T14:02:48,2200.0,92.3,S
2021-06-10T14:02:48,100.0,92.4,S
2021-06-10T14:02:48,200.0,92.4,S
2021-06-10T14:02:48,100.0,92.4,S
2021-06-10T14:02:47,100.0,92.4,S
2021-06-10T14:02:47,100.0,92.4,S
2021-06-10T14:02:47,100.0,92.4,S
2021-06-10T14:02:46,200.0,92.4,S
2021-06-10T14:02:46,100.0,92.4,S
2021-06-10T14:02:46,300.0,92.4,S
2021-06-10T14:02:46,100.0,92.4,S
2021-06-10T14:02:44,100.0,92.4,S
2021-06-10T14:02:44,100.0,92.4,S
2021-06-10T14:02:41,600.0,92.2,B
2021-06-10T14:02:41,2600.0,92.0,S
2021-06-10T14:02:41,100.0,92.1,S
2021-06-10T14:02:41,100.0,92.5,B
2021-06-10T14:02:40,100.0,92.5,B
2021-06-10T14:02:40,600.0,92.2,B
2021-06-10T14:02:40,100.0,92.5,B
2021-06-10T14:02:39,1100.0,92.3,B
2021-06-10T14:02:39,2000.0,92.1,S
2021-06-10T14:02:37,2000.0,92.1,S
2021-06-10T14:02:37,100.0,92.2,B
2021-06-10T14:02:37,3000.0,92.2,B
2021-06-10T14:02:37,600.0,92.2,B
2021-06-10T14:02:37,2700.0,92.5,B
2021-06-10T14:02:37,2300.0,92.4,B
2021-06-10T14:02:36,400.0,92.3,B
2021-06-10T14:02:35,800.0,92.3,B
2021-06-10T14:02:35,500.0,92.3,B
2021-06-10T14:02:34,200.0,92.2,B
2021-06-10T14:02:34,500.0,92.2,B
2021-06-10T14:02:33,500.0,92.4,B
2021-06-10T14:02:33,200.0,92.4,B
2021-06-10T14:02:33,300.0,92.4,B
2021-06-10T14:02:33,600.0,92.4,B
2021-06-10T14:02:33,500.0,92.3,B
2021-06-10T14:02:33,3400.0,92.3,B
2021-06-10T14:02:31,100.0,92.1,S
2021-06-10T14:02:30,5000.0,92.2,B
2021-06-10T14:02:29,1500.0,92.0,S
2021-06-10T14:02:28,100.0,92.0,S
2021-06-10T14:02:28,2400.0,92.1,S
2021-06-10T14:02:27,100.0,92.2,B
2021-06-10T14:02:27,400.0,92.2,B
2021-06-10T14:02:27,2000.0,92.1,S
2021-06-10T14:02:27,700.0,92.1,B
2021-06-10T14:02:26,600.0,92.2,B
2021-06-10T14:02:26,100.0,92.1,B
2021-06-10T14:02:24,1200.0,92.1,B
2021-06-10T14:02:19,500.0,92.2,B
2021-06-10T14:02:18,1500.0,92.2,B
2021-06-10T14:02:16,100.0,92.0,S
2021-06-10T14:02:16,100.0,92.2,B
2021-06-10T14:02:16,100.0,92.1,B
2021-06-10T14:02:16,100.0,92.0,S
2021-06-10T14:02:15,200.0,92.0,S
2021-06-10T14:02:15,400.0,92.2,B
2021-06-10T14:02:15,700.0,92.1,B
2021-06-10T14:02:14,2100.0,92.1,B
2021-06-10T14:02:14,500.0,92.1,B
2021-06-10T14:02:13,700.0,92.0,S
2021-06-10T14:02:12,100.0,92.0,S
2021-06-10T14:02:12,500.0,92.0,S
2021-06-10T14:02:12,200.0,92.0,S
2021-06-10T14:02:11,100.0,92.0,S
2021-06-10T14:02:11,500.0,92.0,S
2021-06-10T14:02:11,100.0,92.0,S
2021-06-10T14:02:11,100.0,92.1,B
2021-06-10T14:02:10,500.0,92.0,S
2021-06-10T14:02:10,100.0,92.0,S
2021-06-10T14:02:09,300.0,92.0,S
2021-06-10T14:02:09,100.0,92.1,B
2021-06-10T14:02:08,600.0,92.0,S
2021-06-10T14:02:08,50000.0,92.0,S
2021-06-10T14:02:06,200.0,92.1,B
2021-06-10T14:02:06,1000.0,92.0,S
2021-06-10T14:02:06,10100.0,92.0,S
2021-06-10T14:02:06,500.0,92.0,S
2021-06-10T14:02:06,2100.0,92.1,B
2021-06-10T14:02:06,500.0,92.0,S
2021-06-10T14:02:04,100.0,92.1,B
2021-06-10T14:02:04,1000.0,92.0,B
2021-06-10T14:02:03,3700.0,92.1,B
2021-06-10T14:02:03,100.0,92.0,B
2021-06-10T14:02:03,2600.0,92.0,B
2021-06-10T14:02:02,100.0,91.8,S
2021-06-10T14:02:02,100.0,92.0,B
2021-06-10T14:02:01,300.0,92.0,B
2021-06-10T14:02:00,100.0,92.0,B
2021-06-10T14:02:00,500.0,92.0,B
2021-06-10T14:02:00,600.0,92.0,B
2021-06-10T14:01:59,100.0,92.0,B
2021-06-10T14:01:59,400.0,92.0,B
2021-06-10T14:01:59,600.0,92.0,B
2021-06-10T14:01:59,200.0,92.0,B
2021-06-10T14:01:59,1000.0,92.0,B
2021-06-10T14:01:59,2500.0,92.0,B
2021-06-10T14:01:59,1200.0,92.0,B
2021-06-10T14:01:59,600.0,92.0,B
2021-06-10T14:01:59,5600.0,92.0,B
2021-06-10T14:01:59,2700.0,92.0,B
2021-06-10T14:01:59,600.0,92.0,B
2021-06-10T14:01:59,4600.0,92.0,B
2021-06-10T14:01:59,200.0,92.0,B
2021-06-10T14:01:57,2000.0,92.0,B
2021-06-10T14:01:57,2000.0,92.0,B
2021-06-10T14:01:57,100.0,92.0,B
2021-06-10T14:01:57,900.0,92.0,B
2021-06-10T14:01:57,100.0,92.0,B
2021-06-10T14:01:57,4000.0,92.0,B
2021-06-10T14:01:57,200.0,91.8,S
2021-06-10T14:01:57,3000.0,92.0,B
2021-06-10T14:01:56,500.0,92.0,B
2021-06-10T14:01:56,1500.0,92.0,B
2021-06-10T14:01:55,100.0,91.8,S
2021-06-10T14:01:55,300.0,92.0,B
2021-06-10T14:01:55,100.0,91.8,S
2021-06-10T14:01:54,100.0,91.8,S
2021-06-10T14:01:53,100.0,92.0,B
2021-06-10T14:01:53,100.0,92.0,B
2021-06-10T14:01:53,600.0,92.0,B
2021-06-10T14:01:53,1000.0,92.0,B
2021-06-10T14:01:53,300.0,92.0,B
2021-06-10T14:01:53,4100.0,92.0,B
2021-06-10T14:01:53,900.0,92.0,B
2021-06-10T14:01:52,1100.0,91.8,S
2021-06-10T14:01:52,100.0,91.8,S
2021-06-10T14:01:51,200.0,92.0,B
2021-06-10T14:01:51,1000.0,91.8,S
2021-06-10T14:01:51,1100.0,92.0,B
2021-06-10T14:01:51,2500.0,92.0,B
2021-06-10T14:01:51,300.0,92.0,B
2021-06-10T14:01:50,100.0,92.0,B
2021-06-10T14:01:50,600.0,92.0,B
2021-06-10T14:01:50,500.0,92.0,B
2021-06-10T14:01:50,800.0,92.0,B
2021-06-10T14:01:50,2600.0,92.0,B
2021-06-10T14:01:50,1300.0,91.9,S
2021-06-10T14:01:49,500.0,91.8,S
2021-06-10T14:01:49,100.0,91.8,S
2021-06-10T14:01:47,100.0,91.9,S
2021-06-10T14:01:47,200.0,91.8,S
2021-06-10T14:01:47,700.0,91.8,S
2021-06-10T14:01:47,300.0,91.8,S
2021-06-10T14:01:46,100.0,92.0,B
2021-06-10T14:01:44,100.0,92.0,B
2021-06-10T14:01:44,2700.0,92.0,B
2021-06-10T14:01:44,300.0,92.0,B
2021-06-10T14:01:44,500.0,92.0,B
2021-06-10T14:01:44,1000.0,92.0,B
2021-06-10T14:01:44,100.0,92.0,B
2021-06-10T14:01:44,800.0,92.0,B
2021-06-10T14:01:44,500.0,92.0,B
2021-06-10T14:01:44,500.0,92.0,B
2021-06-10T14:01:44,100.0,92.0,B
2021-06-10T14:01:44,700.0,92.0,B
2021-06-10T14:01:44,1300.0,92.0,B
2021-06-10T14:01:44,1200.0,92.0,B
2021-06-10T14:01:43,100.0,92.0,B
2021-06-10T14:01:43,100.0,92.0,B
2021-06-10T14:01:43,300.0,92.0,B
2021-06-10T14:01:43,1600.0,92.0,B
2021-06-10T14:01:43,2700.0,92.0,B
2021-06-10T14:01:43,400.0,92.0,B
2021-06-10T14:01:43,1200.0,92.0,B
2021-06-10T14:01:43,300.0,91.9,B
2021-06-10T14:01:43,4000.0,91.9,B
2021-06-10T14:01:43,1500.0,91.9,B
2021-06-10T14:01:43,8100.0,91.9,B
2021-06-10T14:01:42,100.0,91.9,B
2021-06-10T14:01:41,1200.0,91.9,B
2021-06-10T14:01:41,100.0,91.8,B
2021-06-10T14:01:40,2100.0,91.8,B
2021-06-10T14:01:40,200.0,91.9,B
2021-06-10T14:01:39,200.0,91.7,B
2021-06-10T14:01:38,100.0,91.9,B
2021-06-10T14:01:38,1000.0,91.6,B
2021-06-10T14:01:36,1000.0,91.9,B
2021-06-10T14:01:36,5000.0,91.9,B
2021-06-10T14:01:35,400.0,91.9,B
2021-06-10T14:01:35,3400.0,91.9,B
2021-06-10T14:01:33,800.0,91.9,B
2021-06-10T14:01:33,1100.0,91.9,B
2021-06-10T14:01:33,600.0,91.9,B
2021-06-10T14:01:33,400.0,91.8,B
2021-06-10T14:01:33,1500.0,91.8,B
2021-06-10T14:01:33,700.0,91.7,B
2021-06-10T14:01:32,100.0,91.7,B
2021-06-10T14:01:32,300.0,91.7,B
2021-06-10T14:01:32,300.0,91.6,B
2021-06-10T14:01:32,1000.0,91.6,B
2021-06-10T14:01:31,1100.0,91.6,B
2021-06-10T14:01:31,100.0,91.6,B
2021-06-10T14:01:31,700.0,91.6,B
2021-06-10T14:01:30,200.0,91.6,B
2021-06-10T14:01:30,1000.0,91.7,B
2021-06-10T14:01:30,100.0,91.6,B
2021-06-10T14:01:30,1000.0,91.7,B
2021-06-10T14:01:29,100.0,91.7,B
2021-06-10T14:01:29,400.0,91.7,B
2021-06-10T14:01:29,500.0,91.6,B
2021-06-10T14:01:28,100.0,91.6,B
2021-06-10T14:01:28,100.0,91.6,B
2021-06-10T14:01:27,100.0,91.7,B
2021-06-10T14:01:26,500.0,91.6,B
2021-06-10T14:01:24,100.0,91.6,B
2021-06-10T14:01:24,100.0,91.7,B
2021-06-10T14:01:22,100.0,91.7,B
2021-06-10T14:01:22,1000.0,91.7,B
2021-06-10T14:01:21,200.0,91.6,B
2021-06-10T14:01:20,600.0,91.6,B
2021-06-10T14:01:20,600.0,91.6,B
2021-06-10T14:01:20,1700.0,91.6,B
2021-06-10T14:01:19,4500.0,91.6,B
2021-06-10T14:01:19,100.0,91.6,B
2021-06-10T14:01:19,2100.0,91.6,B
2021-06-10T14:01:18,800.0,91.5,B
2021-06-10T14:01:18,1500.0,91.5,B
2021-06-10T14:01:17,500.0,91.5,B
2021-06-10T14:01:17,300.0,91.6,B
2021-06-10T14:01:17,800.0,91.6,B
2021-06-10T14:01:17,500.0,91.6,B
2021-06-10T14:01:16,100.0,91.6,B
2021-06-10T14:01:15,100.0,91.5,B
2021-06-10T14:01:15,1000.0,91.5,B
2021-06-10T14:01:15,500.0,91.5,B
2021-06-10T14:01:14,100.0,91.6,B
2021-06-10T14:01:14,100.0,91.5,B
2021-06-10T14:01:14,100.0,91.5,B
2021-06-10T14:01:14,100.0,91.5,B
2021-06-10T14:01:13,400.0,91.5,B
2021-06-10T14:01:13,300.0,91.5,B
2021-06-10T14:01:12,500.0,91.5,B
2021-06-10T14:01:11,1000.0,91.5,B
2021-06-10T14:01:11,200.0,91.5,B
2021-06-10T14:01:11,100.0,91.5,B
2021-06-10T14:01:10,1400.0,91.3,S
2021-06-10T14:01:09,1000.0,91.3,B
2021-06-10T14:01:08,1000.0,91.5,B
2021-06-10T14:01:08,100.0,91.5,B
2021-06-10T14:01:08,600.0,91.5,B
2021-06-10T14:01:08,3700.0,91.5,B
2021-06-10T14:01:08,100.0,91.5,B
2021-06-10T14:01:07,600.0,91.5,B
2021-06-10T14:01:07,200.0,91.5,B
2021-06-10T14:01:07,700.0,91.5,B
2021-06-10T14:01:07,700.0,91.5,B
2021-06-10T14:01:07,300.0,91.5,B
2021-06-10T14:01:07,1600.0,91.5,B
2021-06-10T14:01:07,1000.0,91.5,B
2021-06-10T14:01:07,1000.0,91.5,B
2021-06-10T14:01:07,1100.0,91.5,B
2021-06-10T14:01:07,1000.0,91.5,B
2021-06-10T14:01:07,1400.0,91.5,B
2021-06-10T14:01:07,2000.0,91.5,B
2021-06-10T14:01:06,600.0,91.5,B
2021-06-10T14:01:06,100.0,91.3,B
2021-06-10T14:01:06,200.0,91.3,B
2021-06-10T14:01:06,800.0,91.5,B
2021-06-10T14:01:06,500.0,91.5,B
2021-06-10T14:01:06,1000.0,91.5,B
2021-06-10T14:01:06,2700.0,91.5,B
2021-06-10T14:01:05,1000.0,91.3,B
2021-06-10T14:01:05,1000.0,91.5,B
2021-06-10T14:01:05,500.0,91.3,B
2021-06-10T14:01:02,100.0,91.3,B
2021-06-10T14:01:02,100.0,91.5,B
2021-06-10T14:01:02,100.0,91.3,B
2021-06-10T14:01:02,500.0,91.5,B
2021-06-10T14:01:01,1000.0,91.3,B
2021-06-10T14:01:01,2800.0,91.5,B
2021-06-10T14:01:01,1300.0,91.5,B
2021-06-10T14:01:01,900.0,91.5,B
2021-06-10T14:01:00,400.0,91.3,B
2021-06-10T14:01:00,100.0,91.5,B
2021-06-10T14:01:00,100.0,91.5,B
2021-06-10T14:00:59,100.0,91.5,B
2021-06-10T14:00:58,100.0,91.3,B
2021-06-10T14:00:57,100.0,91.5,B
2021-06-10T14:00:56,500.0,91.3,B
2021-06-10T14:00:56,100.0,91.5,B
2021-06-10T14:00:54,200.0,91.5,B
2021-06-10T14:00:52,100.0,91.5,B
2021-06-10T14:00:52,300.0,91.5,B
2021-06-10T14:00:52,200.0,91.3,B
2021-06-10T14:00:52,100.0,91.3,B
2021-06-10T14:00:52,300.0,91.3,B
2021-06-10T14:00:51,300.0,91.5,B
2021-06-10T14:00:51,1200.0,91.5,B
2021-06-10T14:00:51,1200.0,91.4,B
2021-06-10T14:00:51,200.0,91.4,B
2021-06-10T14:00:51,200.0,91.4,B
2021-06-10T14:00:51,1900.0,91.4,B
2021-06-10T14:00:51,100.0,91.3,B
2021-06-10T14:00:51,200.0,91.3,B
2021-06-10T14:00:51,100.0,91.3,B
2021-06-10T14:00:51,700.0,91.3,B
2021-06-10T14:00:48,1000.0,91.1,S
2021-06-10T14:00:48,100.0,91.2,S
2021-06-10T14:00:48,100.0,91.2,S
2021-06-10T14:00:48,500.0,91.3,B
2021-06-10T14:00:48,100.0,91.2,S
2021-06-10T14:00:46,1100.0,91.3,B
2021-06-10T14:00:44,1000.0,91.3,B
2021-06-10T14:00:44,200.0,91.3,B
2021-06-10T14:00:44,400.0,91.0,S
2021-06-10T14:00:43,100.0,91.3,B
2021-06-10T14:00:43,400.0,91.3,B
2021-06-10T14:00:43,600.0,91.3,B
2021-06-10T14:00:43,9000.0,91.3,B
2021-06-10T14:00:42,100.0,91.1,S
2021-06-10T14:00:41,2100.0,91.3,B
2021-06-10T14:00:41,5000.0,91.3,B
2021-06-10T14:00:39,1700.0,91.3,B
2021-06-10T14:00:39,500.0,91.2,B
2021-06-10T14:00:37,6000.0,91.0,S
2021-06-10T14:00:37,700.0,91.0,S
2021-06-10T14:00:37,100.0,91.2,B
2021-06-10T14:00:35,100.0,91.0,S
2021-06-10T14:00:34,100.0,91.1,S
2021-06-10T14:00:34,100.0,91.2,B
2021-06-10T14:00:33,2500.0,91.0,S
2021-06-10T14:00:33,200.0,91.0,S
2021-06-10T14:00:31,100.0,91.2,B
2021-06-10T14:00:28,600.0,91.0,B
2021-06-10T14:00:27,100.0,91.2,B
2021-06-10T14:00:27,200.0,91.0,B
2021-06-10T14:00:27,200.0,91.0,B
2021-06-10T14:00:27,100.0,91.2,B
2021-06-10T14:00:27,900.0,91.2,B
2021-06-10T14:00:27,200.0,91.2,B
2021-06-10T14:00:27,100.0,91.2,B
2021-06-10T14:00:27,1600.0,91.2,B
2021-06-10T14:00:27,100.0,91.2,B
2021-06-10T14:00:27,100.0,91.2,B
2021-06-10T14:00:27,800.0,91.2,B
2021-06-10T14:00:26,1200.0,91.2,B
2021-06-10T14:00:25,200.0,91.0,B
2021-06-10T14:00:25,100.0,91.1,B
2021-06-10T14:00:24,100.0,91.0,B
2021-06-10T14:00:22,100.0,91.2,B
2021-06-10T14:00:21,200.0,91.0,B
2021-06-10T14:00:21,100.0,91.1,B
2021-06-10T14:00:21,100.0,91.0,B
2021-06-10T14:00:20,200.0,91.2,B
2021-06-10T14:00:20,200.0,91.0,B
2021-06-10T14:00:20,3600.0,91.2,B
2021-06-10T14:00:20,1400.0,91.1,B
2021-06-10T14:00:19,500.0,91.0,B
2021-06-10T14:00:19,800.0,91.1,B
2021-06-10T14:00:19,1300.0,91.1,B
2021-06-10T14:00:18,100.0,91.1,B
2021-06-10T14:00:18,100.0,91.0,B
2021-06-10T14:00:15,2800.0,91.0,B
2021-06-10T14:00:15,1000.0,91.0,B
2021-06-10T14:00:15,300.0,91.0,B
2021-06-10T14:00:15,1000.0,91.0,B
2021-06-10T14:00:15,800.0,91.0,B
2021-06-10T14:00:15,200.0,91.0,B
2021-06-10T14:00:15,5900.0,91.0,B
2021-06-10T14:00:15,1000.0,91.0,B
2021-06-10T14:00:15,200.0,91.0,B
2021-06-10T14:00:15,3900.0,91.0,B
2021-06-10T14:00:15,1300.0,91.0,B
2021-06-10T14:00:15,1800.0,91.0,B
2021-06-10T14:00:15,300.0,91.0,B
2021-06-10T14:00:15,100.0,91.0,B
2021-06-10T14:00:15,100.0,91.0,B
2021-06-10T14:00:15,11400.0,91.0,B
2021-06-10T14:00:15,1900.0,91.0,B
2021-06-10T14:00:15,600.0,91.0,B
2021-06-10T14:00:15,900.0,91.0,B
2021-06-10T14:00:15,500.0,91.0,B
2021-06-10T14:00:15,6500.0,91.0,B
2021-06-10T14:00:15,5600.0,91.0,B
2021-06-10T14:00:15,200.0,91.0,B
2021-06-10T14:00:15,300.0,91.0,B
2021-06-10T14:00:15,700.0,91.0,B
2021-06-10T14:00:15,700.0,91.0,B
2021-06-10T14:00:15,1900.0,91.0,B
2021-06-10T14:00:15,2000.0,91.0,B
2021-06-10T14:00:14,5100.0,91.0,B
2021-06-10T14:00:14,1500.0,91.0,B
2021-06-10T14:00:14,1000.0,91.0,B
2021-06-10T14:00:14,200.0,91.0,B
2021-06-10T14:00:14,1400.0,91.0,B
2021-06-10T14:00:14,500.0,91.0,B
2021-06-10T14:00:14,1200.0,91.0,B
2021-06-10T14:00:14,900.0,91.0,B
2021-06-10T14:00:14,4800.0,91.0,B
2021-06-10T14:00:14,600.0,91.0,B
2021-06-10T14:00:14,2200.0,91.0,B
2021-06-10T14:00:14,1400.0,91.0,B
2021-06-10T14:00:14,600.0,91.0,B
2021-06-10T14:00:14,200.0,91.0,B
2021-06-10T14:00:14,600.0,91.0,B
2021-06-10T14:00:14,1700.0,91.0,B
2021-06-10T14:00:14,6900.0,91.0,B
2021-06-10T14:00:14,2400.0,91.0,B
2021-06-10T14:00:14,1400.0,91.0,B
2021-06-10T14:00:14,1600.0,91.0,B
2021-06-10T14:00:14,100.0,91.0,B
2021-06-10T14:00:13,700.0,91.0,B
2021-06-10T14:00:13,1500.0,91.0,B
2021-06-10T14:00:13,1700.0,91.0,B
2021-06-10T14:00:13,1600.0,91.0,B
2021-06-10T14:00:13,400.0,91.0,B
2021-06-10T14:00:13,3700.0,91.0,B
2021-06-10T14:00:13,200.0,91.0,B
2021-06-10T14:00:13,600.0,91.0,B
2021-06-10T14:00:13,1100.0,91.0,B
2021-06-10T14:00:13,6000.0,91.0,B
2021-06-10T14:00:13,1100.0,91.0,B
2021-06-10T14:00:13,700.0,91.0,B
2021-06-10T14:00:13,600.0,91.0,B
2021-06-10T14:00:13,2600.0,91.0,B
2021-06-10T14:00:13,700.0,91.0,B
2021-06-10T14:00:13,100.0,91.0,B
2021-06-10T14:00:13,900.0,91.0,B
2021-06-10T14:00:13,100.0,91.0,B
2021-06-10T14:00:13,200.0,91.0,B
2021-06-10T14:00:13,800.0,91.0,B
2021-06-10T14:00:13,3000.0,91.0,B
2021-06-10T14:00:13,1200.0,91.0,B
2021-06-10T14:00:12,3400.0,90.9,B
2021-06-10T14:00:12,100.0,90.9,B
2021-06-10T14:00:12,2000.0,90.9,B
2021-06-10T14:00:12,6000.0,90.9,B
2021-06-10T14:00:12,600.0,90.9,B
2021-06-10T14:00:12,1000.0,90.9,B
2021-06-10T14:00:12,500.0,90.9,B
2021-06-10T14:00:12,19900.0,90.9,B
2021-06-10T14:00:12,100.0,90.9,B
2021-06-10T14:00:12,100.0,90.9,B
2021-06-10T14:00:10,200.0,90.8,S
2021-06-10T14:00:10,500.0,90.9,B
2021-06-10T14:00:10,100.0,90.9,B
2021-06-10T14:00:09,1000.0,90.8,S
2021-06-10T14:00:09,1500.0,90.9,B
2021-06-10T14:00:07,3000.0,90.9,B
2021-06-10T14:00:07,900.0,90.9,B
2021-06-10T14:00:07,100.0,90.8,S
2021-06-10T14:00:07,100.0,90.9,B
2021-06-10T14:00:06,2000.0,90.9,B
2021-06-10T14:00:05,200.0,90.9,B
2021-06-10T14:00:03,200.0,90.9,B
2021-06-10T14:00:03,100.0,90.8,S
2021-06-10T14:00:03,1700.0,90.9,B
2021-06-10T14:00:03,400.0,90.9,B
2021-06-10T14:00:03,2900.0,90.9,B
2021-06-10T14:00:02,200.0,90.9,B
2021-06-10T14:00:01,100.0,90.9,B
2021-06-10T13:59:58,100.0,90.9,B
2021-06-10T13:59:55,100.0,90.9,B
2021-06-10T13:59:55,100.0,90.9,B
2021-06-10T13:59:54,1000.0,90.9,B
2021-06-10T13:59:54,100.0,90.8,S
2021-06-10T13:59:53,3000.0,90.9,B
2021-06-10T13:59:52,1000.0,90.9,B
2021-06-10T13:59:51,100.0,90.9,B
2021-06-10T13:59:50,200.0,90.9,B
2021-06-10T13:59:48,100.0,90.9,B
2021-06-10T13:59:46,100.0,90.9,B
2021-06-10T13:59:44,1500.0,90.8,B
2021-06-10T13:59:44,100.0,90.9,B
2021-06-10T13:59:42,100.0,90.9,B
2021-06-10T13:59:42,100.0,90.9,B
2021-06-10T13:59:40,100.0,90.8,B
2021-06-10T13:59:39,1000.0,90.9,B
2021-06-10T13:59:38,100.0,90.9,B
2021-06-10T13:59:37,200.0,90.7,S
2021-06-10T13:59:37,100.0,90.7,S
2021-06-10T13:59:37,5500.0,90.9,B
2021-06-10T13:59:37,1600.0,90.9,B
2021-06-10T13:59:37,200.0,90.8,B
2021-06-10T13:59:36,400.0,90.8,B
2021-06-10T13:59:36,100.0,90.8,B
2021-06-10T13:59:36,200.0,90.8,B
2021-06-10T13:59:35,600.0,90.8,B
2021-06-10T13:59:35,1000.0,90.8,B
2021-06-10T13:59:34,1000.0,90.8,B
2021-06-10T13:59:33,200.0,90.8,B
2021-06-10T13:59:31,1000.0,90.8,B
2021-06-10T13:59:31,3000.0,90.8,B
2021-06-10T13:59:30,200.0,90.8,B
2021-06-10T13:59:28,5000.0,90.8,B
2021-06-10T13:59:28,3000.0,90.8,B
2021-06-10T13:59:27,100.0,90.8,B
2021-06-10T13:59:27,1000.0,90.8,B
2021-06-10T13:59:25,100.0,90.8,B
2021-06-10T13:59:24,100.0,90.8,B
2021-06-10T13:59:22,100.0,90.7,S
2021-06-10T13:59:20,100.0,90.7,S
2021-06-10T13:59:17,200.0,90.8,B
2021-06-10T13:59:17,300.0,90.6,S
2021-06-10T13:59:15,600.0,90.6,S
2021-06-10T13:59:15,100.0,90.8,B
2021-06-10T13:59:14,100.0,90.6,S
2021-06-10T13:59:13,100.0,90.8,B
2021-06-10T13:59:13,100.0,90.8,B
2021-06-10T13:59:10,100.0,90.7,B
2021-06-10T13:59:09,100.0,90.7,B
2021-06-10T13:59:07,300.0,90.7,B
2021-06-10T13:59:06,100.0,90.7,B
2021-06-10T13:59:03,100.0,90.6,B
2021-06-10T13:59:03,100.0,90.8,B
2021-06-10T13:59:03,100.0,90.8,B
2021-06-10T13:59:02,3000.0,90.8,B
2021-06-10T13:59:01,400.0,90.6,B
2021-06-10T13:59:00,1200.0,90.8,B
2021-06-10T13:58:59,200.0,90.8,B
2021-06-10T13:58:57,100.0,90.5,S
2021-06-10T13:58:56,200.0,90.8,B
2021-06-10T13:58:56,200.0,90.8,B
2021-06-10T13:58:55,1700.0,90.8,B
2021-06-10T13:58:55,400.0,90.7,B
2021-06-10T13:58:55,100.0,90.5,S
2021-06-10T13:58:54,100.0,90.7,B
2021-06-10T13:58:54,5000.0,90.5,S
2021-06-10T13:58:53,100.0,90.6,B
2021-06-10T13:58:53,500.0,90.6,B
2021-06-10T13:58:53,3300.0,90.6,B
2021-06-10T13:58:53,500.0,90.6,B
2021-06-10T13:58:53,600.0,90.6,B
2021-06-10T13:58:52,200.0,90.6,B
2021-06-10T13:58:50,100.0,90.6,B
2021-06-10T13:58:50,100.0,90.5,B
2021-06-10T13:58:49,500.0,90.5,B
2021-06-10T13:58:48,200.0,90.6,B
2021-06-10T13:58:45,1700.0,90.5,B
2021-06-10T13:58:45,600.0,90.5,B
2021-06-10T13:58:45,300.0,90.5,B
2021-06-10T13:58:45,300.0,90.5,B
2021-06-10T13:58:43,200.0,90.5,B
2021-06-10T13:58:43,600.0,90.5,B
2021-06-10T13:58:43,200.0,90.5,B
2021-06-10T13:58:42,11800.0,90.5,B
2021-06-10T13:58:42,5000.0,90.5,B
2021-06-10T13:58:40,100.0,90.5,B
2021-06-10T13:58:40,100.0,90.4,S
2021-06-10T13:58:40,3000.0,90.5,B
2021-06-10T13:58:39,100.0,90.5,B
2021-06-10T13:58:38,1500.0,90.5,B
2021-06-10T13:58:38,100.0,90.5,B
2021-06-10T13:58:37,100.0,90.5,B
2021-06-10T13:58:34,600.0,90.5,B
2021-06-10T13:58:34,100.0,90.4,B
2021-06-10T13:58:33,200.0,90.5,B
2021-06-10T13:58:31,100.0,90.3,B
2021-06-10T13:58:31,3800.0,90.5,B
2021-06-10T13:58:31,100.0,90.5,B
2021-06-10T13:58:30,14400.0,90.5,B
2021-06-10T13:58:30,2300.0,90.5,B
2021-06-10T13:58:30,1500.0,90.5,B
2021-06-10T13:58:30,3400.0,90.5,B
2021-06-10T13:58:30,500.0,90.5,B
2021-06-10T13:58:30,900.0,90.5,B
2021-06-10T13:58:30,1300.0,90.5,B
2021-06-10T13:58:30,200.0,90.5,B
2021-06-10T13:58:30,1700.0,90.5,B
2021-06-10T13:58:30,1800.0,90.5,B
2021-06-10T13:58:27,100.0,90.4,B
2021-06-10T13:58:27,1100.0,90.5,B
2021-06-10T13:58:25,100.0,90.5,B
2021-06-10T13:58:25,5300.0,90.5,B
2021-06-10T13:58:25,100.0,90.5,B
2021-06-10T13:58:25,900.0,90.5,B
2021-06-10T13:58:25,2300.0,90.5,B
2021-06-10T13:58:25,100.0,90.5,B
2021-06-10T13:58:25,11800.0,90.5,B
2021-06-10T13:58:25,100.0,90.4,B
2021-06-10T13:58:23,100.0,90.4,B
2021-06-10T13:58:21,1000.0,90.4,B
2021-06-10T13:58:21,1100.0,90.4,B
2021-06-10T13:58:18,500.0,90.4,B
2021-06-10T13:58:18,3500.0,90.4,B
2021-06-10T13:58:17,1200.0,90.2,S
2021-06-10T13:58:15,500.0,90.3,B
2021-06-10T13:58:15,100.0,90.3,B
2021-06-10T13:58:14,200.0,90.2,S
2021-06-10T13:58:13,4900.0,90.3,B
2021-06-10T13:58:13,200.0,90.3,B
2021-06-10T13:58:13,200.0,90.3,B
2021-06-10T13:58:12,1700.0,90.3,B
2021-06-10T13:58:10,100.0,90.3,B
2021-06-10T13:58:09,500.0,90.3,B
2021-06-10T13:58:09,100.0,90.3,B
2021-06-10T13:58:07,200.0,90.3,B
2021-06-10T13:58:07,100.0,90.3,B
2021-06-10T13:58:06,100.0,90.2,B
2021-06-10T13:58:06,500.0,90.2,B
2021-06-10T13:58:05,100.0,90.2,B
2021-06-10T13:58:05,200.0,90.2,B
2021-06-10T13:58:05,300.0,90.2,B
2021-06-10T13:58:05,100.0,90.2,B
2021-06-10T13:58:05,500.0,90.2,B
2021-06-10T13:58:05,2800.0,90.2,B
2021-06-10T13:58:03,100.0,90.2,B
2021-06-10T13:58:02,1000.0,90.2,B
2021-06-10T13:58:01,100.0,90.2,B
2021-06-10T13:57:59,100.0,90.2,B
2021-06-10T13:57:58,100.0,90.2,B
2021-06-10T13:57:56,100.0,90.2,B
2021-06-10T13:57:54,100.0,90.2,B
2021-06-10T13:57:54,2300.0,90.2,B
2021-06-10T13:57:54,600.0,90.2,B
2021-06-10T13:57:54,200.0,90.2,B
2021-06-10T13:57:54,1000.0,90.2,B
2021-06-10T13:57:54,200.0,90.2,B
2021-06-10T13:57:54,700.0,90.2,B
2021-06-10T13:57:54,300.0,90.2,B
2021-06-10T13:57:52,1000.0,90.2,B
2021-06-10T13:57:51,100.0,90.2,B
2021-06-10T13:57:50,2000.0,90.0,S
2021-06-10T13:57:47,100.0,90.2,B
2021-06-10T13:57:47,200.0,90.2,B
2021-06-10T13:57:47,1100.0,90.2,B
2021-06-10T13:57:47,100.0,90.2,B
2021-06-10T13:57:46,5400.0,90.2,B
2021-06-10T13:57:46,1000.0,90.2,B
2021-06-10T13:57:46,5200.0,90.2,B
2021-06-10T13:57:46,1500.0,90.2,B
2021-06-10T13:57:46,1500.0,90.2,B
2021-06-10T13:57:46,600.0,90.1,B
2021-06-10T13:57:46,200.0,90.1,B
2021-06-10T13:57:46,100.0,90.1,B
2021-06-10T13:57:46,2200.0,90.1,B
2021-06-10T13:57:46,800.0,90.1,B
2021-06-10T13:57:46,1400.0,90.1,B
2021-06-10T13:57:46,4000.0,90.1,B
2021-06-10T13:57:46,300.0,90.1,B
2021-06-10T13:57:46,1900.0,90.1,B
2021-06-10T13:57:46,200.0,90.1,B
2021-06-10T13:57:46,100.0,90.1,B
2021-06-10T13:57:46,22400.0,90.1,B
2021-06-10T13:57:45,100.0,90.1,B
2021-06-10T13:57:45,100.0,90.1,B
2021-06-10T13:57:44,2100.0,90.1,B
2021-06-10T13:57:43,200.0,90.1,B
2021-06-10T13:57:42,100.0,90.1,B
2021-06-10T13:57:42,100.0,90.1,B
2021-06-10T13:57:40,300.0,90.1,B
2021-06-10T13:57:40,100.0,90.1,B
2021-06-10T13:57:40,600.0,90.1,B
2021-06-10T13:57:40,100.0,90.1,B
2021-06-10T13:57:36,100.0,90.1,B
2021-06-10T13:57:32,100.0,90.1,B
2021-06-10T13:57:32,100.0,90.1,B
2021-06-10T13:57:32,100.0,90.0,B
2021-06-10T13:57:29,100.0,90.1,B
2021-06-10T13:57:27,500.0,90.1,B
2021-06-10T13:57:26,100.0,90.1,B
2021-06-10T13:57:25,100.0,90.0,B
2021-06-10T13:57:25,100.0,90.1,B
2021-06-10T13:57:24,100.0,90.1,B
2021-06-10T13:57:23,800.0,90.0,B
2021-06-10T13:57:22,1100.0,90.0,B
2021-06-10T13:57:21,8900.0,90.0,B
2021-06-10T13:57:21,100.0,90.0,B
2021-06-10T13:57:21,400.0,90.0,B
2021-06-10T13:57:21,300.0,90.0,B
2021-06-10T13:57:21,1300.0,90.0,B
2021-06-10T13:57:21,2100.0,90.0,B
2021-06-10T13:57:21,2600.0,90.0,B
2021-06-10T13:57:21,100.0,90.0,B
2021-06-10T13:57:21,700.0,90.0,B
2021-06-10T13:57:21,900.0,90.0,B
2021-06-10T13:57:21,1000.0,90.0,B
2021-06-10T13:57:21,1800.0,90.0,B
2021-06-10T13:57:21,900.0,90.0,B
2021-06-10T13:57:20,2700.0,90.0,B
2021-06-10T13:57:20,5100.0,90.0,B
2021-06-10T13:57:19,100.0,90.0,B
2021-06-10T13:57:18,300.0,90.0,B
2021-06-10T13:57:17,100.0,90.0,B
2021-06-10T13:57:17,100.0,90.0,B
2021-06-10T13:57:16,400.0,90.0,B
2021-06-10T13:57:15,100.0,89.9,S
2021-06-10T13:57:15,1000.0,90.0,B
2021-06-10T13:57:14,10000.0,90.0,B
2021-06-10T13:57:14,4000.0,90.0,B
2021-06-10T13:57:14,100.0,90.0,B
2021-06-10T13:57:13,1000.0,90.0,B
2021-06-10T13:57:11,1600.0,90.0,B
2021-06-10T13:57:11,5400.0,90.0,B
2021-06-10T13:57:11,200.0,90.0,B
2021-06-10T13:57:11,100.0,90.0,B
2021-06-10T13:57:11,3600.0,90.0,B
2021-06-10T13:57:10,4500.0,90.0,B
2021-06-10T13:57:10,3500.0,90.0,B
2021-06-10T13:57:10,200.0,90.0,B
2021-06-10T13:57:10,400.0,90.0,B
2021-06-10T13:57:10,4800.0,90.0,B
2021-06-10T13:57:10,1400.0,90.0,B
2021-06-10T13:57:10,4000.0,90.0,B
2021-06-10T13:57:10,4200.0,90.0,B
2021-06-10T13:57:10,800.0,90.0,B
2021-06-10T13:57:09,300.0,90.0,B
2021-06-10T13:57:09,1700.0,90.0,B
2021-06-10T13:57:09,2900.0,90.0,B
2021-06-10T13:57:09,400.0,90.0,B
2021-06-10T13:57:09,700.0,90.0,B
2021-06-10T13:57:09,400.0,90.0,B
2021-06-10T13:57:09,900.0,90.0,B
2021-06-10T13:57:09,2700.0,90.0,B
2021-06-10T13:57:09,2600.0,90.0,B
2021-06-10T13:57:08,100.0,90.0,B
2021-06-10T13:57:05,100.0,90.0,B
2021-06-10T13:57:05,1800.0,90.0,B
2021-06-10T13:57:04,1700.0,90.0,B
2021-06-10T13:57:04,600.0,90.0,B
2021-06-10T13:57:04,100.0,90.0,B
2021-06-10T13:57:04,600.0,90.0,B
2021-06-10T13:57:04,300.0,90.0,B
2021-06-10T13:57:04,10300.0,90.0,B
2021-06-10T13:57:04,200.0,90.0,B
2021-06-10T13:57:04,100.0,90.0,B
2021-06-10T13:57:02,1000.0,89.9,S
2021-06-10T13:57:02,3600.0,90.0,B
2021-06-10T13:57:02,1000.0,90.0,B
2021-06-10T13:57:02,2800.0,90.0,B
2021-06-10T13:57:02,1600.0,90.0,B
2021-06-10T13:57:02,1400.0,90.0,B
2021-06-10T13:57:02,100.0,90.0,B
2021-06-10T13:57:02,1200.0,90.0,B
2021-06-10T13:57:02,100.0,90.0,B
2021-06-10T13:57:02,2200.0,90.0,B
2021-06-10T13:57:02,1600.0,90.0,B
2021-06-10T13:57:02,900.0,90.0,B
2021-06-10T13:57:02,600.0,90.0,B
2021-06-10T13:57:02,1000.0,90.0,B
2021-06-10T13:57:02,2200.0,90.0,B
2021-06-10T13:57:02,1200.0,90.0,B
2021-06-10T13:57:02,1700.0,90.0,B
2021-06-10T13:57:02,3000.0,90.0,B
2021-06-10T13:57:02,1100.0,90.0,B
2021-06-10T13:57:02,3200.0,90.0,B
2021-06-10T13:57:02,6000.0,90.0,B
2021-06-10T13:57:01,100.0,90.0,B
2021-06-10T13:57:01,1100.0,90.0,B
2021-06-10T13:57:01,100.0,90.0,B
2021-06-10T13:57:01,300.0,90.0,B
2021-06-10T13:57:01,200.0,90.0,B
2021-06-10T13:57:01,500.0,90.0,B
2021-06-10T13:57:01,400.0,90.0,B
2021-06-10T13:57:01,300.0,90.0,B
2021-06-10T13:57:01,1200.0,90.0,B
2021-06-10T13:57:01,1100.0,90.0,B
2021-06-10T13:57:01,2400.0,90.0,B
2021-06-10T13:57:01,5800.0,90.0,B
2021-06-10T13:57:00,200.0,90.0,B
2021-06-10T13:56:57,100.0,90.0,B
2021-06-10T13:56:56,100.0,89.9,S
2021-06-10T13:56:54,100.0,90.0,B
2021-06-10T13:56:53,2700.0,90.0,B
2021-06-10T13:56:53,400.0,90.0,B
2021-06-10T13:56:53,200.0,90.0,B
2021-06-10T13:56:53,3100.0,90.0,B
2021-06-10T13:56:53,4100.0,90.0,B
2021-06-10T13:56:53,1100.0,90.0,B
2021-06-10T13:56:53,600.0,90.0,B
2021-06-10T13:56:53,2800.0,90.0,B
2021-06-10T13:56:53,3300.0,90.0,B
2021-06-10T13:56:53,2000.0,90.0,B
2021-06-10T13:56:53,400.0,90.0,B
2021-06-10T13:56:53,1300.0,90.0,B
2021-06-10T13:56:53,1900.0,90.0,B
2021-06-10T13:56:53,3900.0,90.0,B
2021-06-10T13:56:53,700.0,90.0,B
2021-06-10T13:56:53,1100.0,90.0,B
2021-06-10T13:56:53,6200.0,90.0,B
2021-06-10T13:56:53,3300.0,90.0,B
2021-06-10T13:56:53,500.0,90.0,B
2021-06-10T13:56:53,9200.0,90.0,B
2021-06-10T13:56:53,1300.0,90.0,B
2021-06-10T13:56:50,100.0,90.0,B
2021-06-10T13:56:46,100.0,90.0,B
2021-06-10T13:56:45,500.0,89.9,S
2021-06-10T13:56:44,2800.0,90.0,B
2021-06-10T13:56:44,200.0,90.0,B
2021-06-10T13:56:42,100.0,90.0,B
2021-06-10T13:56:42,100.0,90.0,B
2021-06-10T13:56:41,100.0,89.9,S
2021-06-10T13:56:39,100.0,90.0,B
2021-06-10T13:56:38,100.0,90.0,B
2021-06-10T13:56:36,100.0,90.0,B
2021-06-10T13:56:32,100.0,90.0,B
2021-06-10T13:56:30,100.0,90.0,B
2021-06-10T13:56:29,100.0,90.0,B
2021-06-10T13:56:28,5200.0,90.0,B
2021-06-10T13:56:28,1300.0,90.0,B
2021-06-10T13:56:28,2200.0,90.0,B
2021-06-10T13:56:28,300.0,90.0,B
2021-06-10T13:56:27,10000.0,90.0,B
2021-06-10T13:56:26,100.0,90.0,B
2021-06-10T13:56:22,100.0,90.0,B
2021-06-10T13:56:22,100.0,90.0,B
2021-06-10T13:56:21,200.0,90.0,B
2021-06-10T13:56:20,100.0,90.0,B
2021-06-10T13:56:17,100.0,90.0,B
2021-06-10T13:56:11,100.0,90.0,B
2021-06-10T13:56:08,100.0,90.0,B
2021-06-10T13:56:07,100.0,90.0,B
2021-06-10T13:56:06,1500.0,90.0,B
2021-06-10T13:56:06,5500.0,90.0,B
2021-06-10T13:56:06,1000.0,90.0,B
2021-06-10T13:56:06,500.0,90.0,B
2021-06-10T13:56:06,1300.0,90.0,B
2021-06-10T13:56:06,3100.0,90.0,B
2021-06-10T13:56:06,1600.0,90.0,B
2021-06-10T13:56:06,300.0,90.0,B
2021-06-10T13:56:06,5200.0,90.0,B
2021-06-10T13:56:04,100.0,90.0,B
2021-06-10T13:56:02,100.0,90.0,B
2021-06-10T13:56:02,100.0,89.9,B
2021-06-10T13:56:01,600.0,89.9,B
2021-06-10T13:56:01,200.0,89.9,B
2021-06-10T13:56:01,3700.0,89.9,B
2021-06-10T13:56:01,100.0,89.9,B
2021-06-10T13:56:01,600.0,89.9,B
2021-06-10T13:56:01,14600.0,89.9,B
2021-06-10T13:56:01,4400.0,89.9,B
2021-06-10T13:56:01,3800.0,89.9,B
2021-06-10T13:56:00,6500.0,89.9,B
2021-06-10T13:56:00,7700.0,89.9,B
2021-06-10T13:55:58,400.0,89.8,S
2021-06-10T13:55:56,100.0,89.9,B
2021-06-10T13:55:53,100.0,89.9,B
2021-06-10T13:55:51,100.0,89.9,B
2021-06-10T13:55:50,100.0,89.9,B
2021-06-10T13:55:45,100.0,89.9,B
2021-06-10T13:55:45,100.0,89.9,B
2021-06-10T13:55:44,100.0,89.9,B
2021-06-10T13:55:41,1000.0,89.8,S
2021-06-10T13:55:40,100.0,89.9,B
2021-06-10T13:55:37,100.0,89.9,B
2021-06-10T13:55:35,100.0,89.9,B
2021-06-10T13:55:34,100.0,89.9,B
2021-06-10T13:55:31,100.0,89.9,B
2021-06-10T13:55:31,200.0,89.9,B
2021-06-10T13:55:24,100.0,89.9,B
2021-06-10T13:55:21,100.0,89.9,B
2021-06-10T13:55:20,100.0,89.9,B
2021-06-10T13:55:18,100.0,89.9,B
2021-06-10T13:55:16,500.0,89.9,B
2021-06-10T13:55:15,100.0,89.9,B
2021-06-10T13:55:14,100.0,89.9,B
2021-06-10T13:55:13,100.0,89.9,B
2021-06-10T13:55:10,100.0,89.9,B
2021-06-10T13:55:06,100.0,89.9,B
2021-06-10T13:55:04,100.0,89.9,B
2021-06-10T13:55:03,100.0,89.9,B
2021-06-10T13:55:01,100.0,89.9,B
2021-06-10T13:54:58,200.0,89.9,B
2021-06-10T13:54:55,100.0,89.9,B
2021-06-10T13:54:52,100.0,89.9,B
2021-06-10T13:54:50,100.0,89.9,B
2021-06-10T13:54:48,100.0,89.9,B
2021-06-10T13:54:45,100.0,89.9,B
2021-06-10T13:54:43,100.0,89.9,B
2021-06-10T13:54:41,100.0,89.9,B
2021-06-10T13:54:38,100.0,89.9,B
2021-06-10T13:54:36,200.0,89.8,S
2021-06-10T13:54:35,100.0,89.9,B
2021-06-10T13:54:34,100.0,89.9,B
2021-06-10T13:54:32,100.0,89.9,B
2021-06-10T13:54:29,100.0,89.9,B
2021-06-10T13:54:25,100.0,89.9,B
2021-06-10T13:54:25,100.0,89.9,B
2021-06-10T13:54:23,100.0,89.9,B
2021-06-10T13:54:21,1500.0,89.8,S
2021-06-10T13:54:21,100.0,89.9,B
2021-06-10T13:54:21,100.0,89.9,B
2021-06-10T13:54:18,100.0,89.9,B
2021-06-10T13:54:16,100.0,89.8,S
2021-06-10T13:54:16,2600.0,89.8,S
2021-06-10T13:54:15,100.0,89.9,B
2021-06-10T13:54:13,300.0,89.9,B
2021-06-10T13:54:10,100.0,89.9,B
2021-06-10T13:54:07,100.0,89.9,B
2021-06-10T13:54:05,100.0,89.9,B
2021-06-10T13:54:05,100.0,89.9,B
2021-06-10T13:54:04,100.0,89.9,B
2021-06-10T13:54:00,100.0,89.9,B
2021-06-10T13:53:58,100.0,89.9,B
2021-06-10T13:53:57,100.0,89.9,B
2021-06-10T13:53:57,100.0,89.9,B
2021-06-10T13:53:57,100.0,89.9,B
2021-06-10T13:53:57,100.0,89.9,B
2021-06-10T13:53:57,100.0,89.9,B
2021-06-10T13:53:47,100.0,89.9,B
2021-06-10T13:53:46,100.0,89.9,B
2021-06-10T13:53:46,200.0,89.9,B
2021-06-10T13:53:44,100.0,89.9,B
2021-06-10T13:53:36,100.0,89.9,B
2021-06-10T13:53:35,100.0,89.9,B
2021-06-10T13:53:33,100.0,89.9,B
2021-06-10T13:53:32,500.0,89.9,B
2021-06-10T13:53:31,2800.0,89.8,S
2021-06-10T13:53:31,100.0,89.9,B
2021-06-10T13:53:27,200.0,89.9,B
2021-06-10T13:53:23,100.0,89.9,B
2021-06-10T13:53:21,100.0,89.8,S
2021-06-10T13:53:19,100.0,89.9,B
2021-06-10T13:53:17,100.0,89.9,B
2021-06-10T13:53:16,500.0,89.8,B
2021-06-10T13:53:16,100.0,89.9,B
2021-06-10T13:53:11,100.0,89.9,B
2021-06-10T13:53:11,14900.0,89.8,B
2021-06-10T13:53:11,100.0,89.8,B
2021-06-10T13:53:10,100.0,89.8,B
2021-06-10T13:53:10,400.0,89.8,B
2021-06-10T13:53:09,100.0,89.8,B
2021-06-10T13:53:07,100.0,89.8,B
2021-06-10T13:53:07,100.0,89.8,B
2021-06-10T13:53:07,100.0,89.8,B
2021-06-10T13:53:06,200.0,89.8,B
2021-06-10T13:53:04,100.0,89.8,B
2021-06-10T13:53:04,100.0,89.8,B
2021-06-10T13:53:04,100.0,89.7,S
2021-06-10T13:53:03,100.0,89.8,B
2021-06-10T13:53:03,100.0,89.8,B
2021-06-10T13:53:02,2600.0,89.8,B
2021-06-10T13:53:02,5100.0,89.8,B
2021-06-10T13:53:01,100.0,89.8,B
2021-06-10T13:53:00,100.0,89.8,B
2021-06-10T13:53:00,500.0,89.7,S
2021-06-10T13:53:00,100.0,89.8,B
2021-06-10T13:52:58,100.0,89.8,B
2021-06-10T13:52:57,100.0,89.8,B
2021-06-10T13:52:57,100.0,89.8,B
2021-06-10T13:52:56,100.0,89.8,B
2021-06-10T13:52:55,400.0,89.8,B
2021-06-10T13:52:55,100.0,89.8,B
2021-06-10T13:52:55,100.0,89.8,B
2021-06-10T13:52:20,100.0,89.8,B
2021-06-10T13:52:16,200.0,89.8,B
2021-06-10T13:52:16,400.0,89.8,B
2021-06-10T13:52:16,100.0,89.8,B
2021-06-10T13:52:16,100.0,89.7,S
2021-06-10T13:52:14,100.0,89.8,B
2021-06-10T13:52:11,100.0,89.8,B
2021-06-10T13:52:07,200.0,89.8,B
2021-06-10T13:52:05,300.0,89.8,B
2021-06-10T13:52:04,100.0,89.8,B
2021-06-10T13:52:02,100.0,89.8,B
2021-06-10T13:52:01,100.0,89.8,B
2021-06-10T13:52:00,100.0,89.8,B
2021-06-10T13:51:57,100.0,89.8,B
2021-06-10T13:51:54,200.0,89.8,B
2021-06-10T13:51:50,100.0,89.8,B
2021-06-10T13:51:48,100.0,89.8,B
2021-06-10T13:51:47,100.0,89.8,B
2021-06-10T13:51:47,200.0,89.8,B
2021-06-10T13:51:44,100.0,89.8,B
2021-06-10T13:51:42,100.0,89.8,S
2021-06-10T13:51:39,100.0,89.8,S
2021-06-10T13:51:38,100.0,89.8,S
2021-06-10T13:51:34,100.0,89.9,B
2021-06-10T13:51:31,100.0,89.8,B
2021-06-10T13:51:31,200.0,89.8,B
2021-06-10T13:51:30,100.0,89.8,B
2021-06-10T13:51:28,100.0,89.8,B
2021-06-10T13:51:26,100.0,89.8,B
2021-06-10T13:51:24,100.0,89.8,B
2021-06-10T13:51:23,100.0,89.8,B
2021-06-10T13:51:19,100.0,89.8,B
2021-06-10T13:51:16,100.0,89.8,B
2021-06-10T13:51:16,100.0,89.8,B
2021-06-10T13:51:14,100.0,89.8,B
2021-06-10T13:51:11,100.0,89.8,B
2021-06-10T13:51:08,200.0,89.8,B
2021-06-10T13:51:05,100.0,89.8,B
2021-06-10T13:51:03,100.0,89.8,B
2021-06-10T13:51:03,100.0,89.8,B
2021-06-10T13:50:59,100.0,89.8,B
2021-06-10T13:50:57,100.0,89.8,B
2021-06-10T13:50:51,200.0,89.8,B
2021-06-10T13:50:49,100.0,89.8,B
2021-06-10T13:50:46,100.0,89.8,B
2021-06-10T13:50:46,20000.0,89.6,S
2021-06-10T13:50:45,100.0,89.8,S
2021-06-10T13:50:43,100.0,89.8,S
2021-06-10T13:50:39,100.0,89.9,B
2021-06-10T13:50:37,100.0,89.9,B
2021-06-10T13:50:37,100.0,89.9,B
2021-06-10T13:50:33,100.0,89.9,B
2021-06-10T13:50:30,100.0,89.9,B
2021-06-10T13:50:29,100.0,89.9,B
2021-06-10T13:50:27,100.0,89.9,B
2021-06-10T13:50:25,100.0,89.9,B
2021-06-10T13:50:22,200.0,89.9,B
2021-06-10T13:50:19,100.0,89.9,B
2021-06-10T13:50:17,100.0,89.9,B
2021-06-10T13:50:17,100.0,89.9,B
2021-06-10T13:50:16,100.0,89.9,B
2021-06-10T13:50:14,100.0,89.9,B
2021-06-10T13:50:13,100.0,89.9,B
2021-06-10T13:50:12,200.0,89.9,B
2021-06-10T13:50:10,100.0,89.9,B
2021-06-10T13:50:10,100.0,89.9,B
2021-06-10T13:50:06,100.0,89.9,B
2021-06-10T13:50:04,1000.0,89.9,B
2021-06-10T13:50:03,100.0,89.9,B
2021-06-10T13:50:00,100.0,89.9,B
2021-06-10T13:49:59,100.0,89.9,B
2021-06-10T13:49:56,100.0,89.9,B
2021-06-10T13:49:54,100.0,89.9,B
2021-06-10T13:49:53,100.0,89.9,B
2021-06-10T13:49:49,100.0,89.9,B
2021-06-10T13:49:46,100.0,89.9,B
2021-06-10T13:49:45,1000.0,89.9,B
2021-06-10T13:49:45,100.0,89.9,B
2021-06-10T13:49:42,100.0,89.9,B
2021-06-10T13:49:38,100.0,89.9,B
2021-06-10T13:49:38,2000.0,89.6,S
2021-06-10T13:49:38,2000.0,89.6,S
2021-06-10T13:49:38,4300.0,89.7,S
2021-06-10T13:49:38,1700.0,89.8,S
2021-06-10T13:49:35,200.0,89.9,B
2021-06-10T13:49:32,100.0,89.9,B
2021-06-10T13:49:29,100.0,89.9,B
2021-06-10T13:49:29,100.0,89.9,B
2021-06-10T13:49:26,1100.0,89.9,B
2021-06-10T13:49:26,1000.0,89.9,B
2021-06-10T13:49:25,1100.0,89.9,B
2021-06-10T13:49:22,100.0,89.9,B
2021-06-10T13:49:21,100.0,89.9,B
2021-06-10T13:49:20,100.0,89.9,B
2021-06-10T13:49:20,600.0,89.9,B
2021-06-10T13:49:20,900.0,89.9,B
2021-06-10T13:49:18,100.0,89.9,B
2021-06-10T13:49:15,100.0,89.9,B
2021-06-10T13:49:13,100.0,89.9,B
2021-06-10T13:49:10,100.0,89.9,B
2021-06-10T13:49:10,100.0,89.9,B
2021-06-10T13:49:08,200.0,89.9,B
2021-06-10T13:49:04,100.0,89.9,B
2021-06-10T13:49:04,100.0,89.9,B
2021-06-10T13:49:01,100.0,89.9,B
2021-06-10T13:48:58,100.0,89.9,B
2021-06-10T13:48:57,100.0,89.9,B
2021-06-10T13:48:55,100.0,89.9,B
2021-06-10T13:48:53,100.0,89.9,B
2021-06-10T13:48:51,100.0,89.9,B
2021-06-10T13:48:51,100.0,89.9,B
2021-06-10T13:48:50,100.0,89.9,B
2021-06-10T13:48:47,100.0,89.9,B
2021-06-10T13:48:45,1000.0,89.9,B
2021-06-10T13:48:43,100.0,89.9,B
2021-06-10T13:48:42,100.0,89.9,B
2021-06-10T13:48:40,100.0,89.9,B
2021-06-10T13:48:37,100.0,89.9,B
2021-06-10T13:48:34,100.0,89.9,B
2021-06-10T13:48:34,100.0,89.9,B
2021-06-10T13:48:33,700.0,89.9,B
2021-06-10T13:48:33,300.0,89.9,B
2021-06-10T13:48:31,100.0,89.9,B
2021-06-10T13:48:28,1100.0,89.9,B
2021-06-10T13:48:27,100.0,89.9,B
2021-06-10T13:48:24,100.0,89.9,B
2021-06-10T13:48:24,1000.0,89.9,B
2021-06-10T13:48:23,100.0,89.9,B
2021-06-10T13:48:20,300.0,89.9,B
2021-06-10T13:48:16,100.0,89.9,B
2021-06-10T13:48:15,100.0,89.9,B
2021-06-10T13:48:15,100.0,89.9,B
2021-06-10T13:48:08,100.0,89.9,B
2021-06-10T13:48:07,500.0,89.9,B
2021-06-10T13:48:06,100.0,89.9,B
2021-06-10T13:48:04,100.0,89.9,B
2021-06-10T13:48:03,100.0,89.9,B
2021-06-10T13:48:00,100.0,89.9,B
2021-06-10T13:47:57,100.0,89.9,B
2021-06-10T13:47:57,100.0,89.9,B
2021-06-10T13:47:56,100.0,89.9,B
2021-06-10T13:47:50,100.0,89.9,B
2021-06-10T13:47:48,100.0,89.9,B
2021-06-10T13:47:48,100.0,89.9,B
2021-06-10T13:47:45,100.0,89.9,B
2021-06-10T13:47:42,100.0,89.9,B
2021-06-10T13:47:42,100.0,89.9,B
2021-06-10T13:47:40,100.0,89.9,B
2021-06-10T13:47:38,100.0,89.9,B
2021-06-10T13:47:37,100.0,89.9,B
2021-06-10T13:47:34,200.0,89.9,B
2021-06-10T13:47:32,300.0,89.9,B
2021-06-10T13:47:30,100.0,89.9,B
2021-06-10T13:47:26,100.0,89.9,B
2021-06-10T13:47:26,100.0,89.9,B
2021-06-10T13:47:24,100.0,89.9,B
2021-06-10T13:47:22,400.0,89.9,B
2021-06-10T13:47:20,100.0,89.9,B
2021-06-10T13:47:18,100.0,89.9,B
2021-06-10T13:47:14,100.0,89.9,B
2021-06-10T13:47:11,100.0,89.9,B
2021-06-10T13:47:10,1000.0,89.8,S
2021-06-10T13:47:10,100.0,89.9,B
2021-06-10T13:47:08,1000.0,89.9,B
2021-06-10T13:47:08,100.0,89.9,B
2021-06-10T13:47:07,2100.0,89.9,B
2021-06-10T13:47:06,100.0,89.9,B
2021-06-10T13:47:03,200.0,89.9,B
2021-06-10T13:46:59,100.0,89.9,B
2021-06-10T13:46:56,100.0,89.9,B
2021-06-10T13:46:54,100.0,89.9,B
2021-06-10T13:46:53,100.0,89.9,B
2021-06-10T13:46:50,100.0,89.9,B
2021-06-10T13:46:47,200.0,89.9,B
2021-06-10T13:46:44,1600.0,89.9,B
2021-06-10T13:46:44,500.0,89.9,B
2021-06-10T13:46:43,100.0,89.9,B
2021-06-10T13:46:43,1000.0,89.9,B
2021-06-10T13:46:40,100.0,89.9,B
2021-06-10T13:46:40,100.0,89.9,B
2021-06-10T13:46:40,100.0,89.9,B
2021-06-10T13:46:37,100.0,89.9,B
2021-06-10T13:46:36,100.0,89.9,B
2021-06-10T13:46:36,200.0,89.9,B
2021-06-10T13:46:36,700.0,89.9,B
2021-06-10T13:46:36,100.0,89.9,B
2021-06-10T13:46:36,100.0,89.9,B
2021-06-10T13:46:35,3800.0,89.9,B
2021-06-10T13:46:35,100.0,89.9,B
2021-06-10T13:46:35,2700.0,89.9,B
2021-06-10T13:46:35,100.0,89.9,B
2021-06-10T13:46:34,100.0,89.9,B
2021-06-10T13:46:31,100.0,89.9,B
2021-06-10T13:46:29,100.0,89.9,B
2021-06-10T13:46:28,100.0,89.9,B
2021-06-10T13:46:27,100.0,89.8,S
2021-06-10T13:46:25,100.0,89.9,B
2021-06-10T13:46:21,100.0,89.9,B
2021-06-10T13:46:20,500.0,89.9,B
2021-06-10T13:46:18,300.0,89.9,B
2021-06-10T13:46:15,100.0,89.9,B
2021-06-10T13:46:13,100.0,89.9,B
2021-06-10T13:46:11,100.0,89.9,B
2021-06-10T13:46:11,100.0,89.9,B
2021-06-10T13:46:11,2900.0,89.9,B
2021-06-10T13:46:11,100.0,89.9,B
2021-06-10T13:46:09,100.0,89.9,B
2021-06-10T13:46:07,5500.0,89.9,B
2021-06-10T13:46:06,100.0,89.9,B
2021-06-10T13:46:06,100.0,89.9,B
2021-06-10T13:46:00,100.0,89.9,B
