tradingTime,volume,price,side
2021-07-14T14:29:51,14900.0,42.4,S
2021-07-14T14:29:48,4000.0,42.4,S
2021-07-14T14:29:36,500.0,42.4,S
2021-07-14T14:29:28,1000.0,42.4,S
2021-07-14T14:29:21,9600.0,42.4,B
2021-07-14T14:29:19,1500.0,42.3,B
2021-07-14T14:29:05,200.0,42.3,S
2021-07-14T14:29:02,3000.0,42.4,B
2021-07-14T14:29:01,500.0,42.3,S
2021-07-14T14:28:50,100.0,42.4,B
2021-07-14T14:28:44,400.0,42.3,S
2021-07-14T14:28:40,1000.0,42.4,S
2021-07-14T14:28:28,300.0,42.4,S
2021-07-14T14:28:26,800.0,42.55,B
2021-07-14T14:28:26,200.0,42.5,B
2021-07-14T14:28:26,200.0,42.5,B
2021-07-14T14:28:26,3200.0,42.5,B
2021-07-14T14:28:26,800.0,42.5,B
2021-07-14T14:28:26,2800.0,42.5,B
2021-07-14T14:28:26,1500.0,42.5,B
2021-07-14T14:28:26,500.0,42.45,B
2021-07-14T14:28:24,500.0,42.45,B
2021-07-14T14:28:08,2000.0,42.5,B
2021-07-14T14:28:02,300.0,42.4,B
2021-07-14T14:27:52,2000.0,42.5,B
2021-07-14T14:27:52,1100.0,42.5,B
2021-07-14T14:27:52,1000.0,42.5,B
2021-07-14T14:27:52,500.0,42.5,B
2021-07-14T14:27:52,3200.0,42.5,B
2021-07-14T14:27:52,3400.0,42.5,B
2021-07-14T14:27:52,100.0,42.5,B
2021-07-14T14:27:52,900.0,42.5,B
2021-07-14T14:27:52,1000.0,42.5,B
2021-07-14T14:27:52,6800.0,42.5,B
2021-07-14T14:27:33,4500.0,42.5,B
2021-07-14T14:27:33,3500.0,42.5,B
2021-07-14T14:27:33,700.0,42.5,B
2021-07-14T14:27:33,11000.0,42.45,B
2021-07-14T14:27:33,300.0,42.4,B
2021-07-14T14:27:27,200.0,42.4,S
2021-07-14T14:27:25,1400.0,42.45,B
2021-07-14T14:27:13,100.0,42.4,S
2021-07-14T14:26:43,800.0,42.5,B
2021-07-14T14:26:41,4300.0,42.4,S
2021-07-14T14:26:40,1800.0,42.5,B
2021-07-14T14:26:40,5200.0,42.5,B
2021-07-14T14:26:40,200.0,42.45,B
2021-07-14T14:26:39,300.0,42.45,B
2021-07-14T14:26:36,2000.0,42.4,S
2021-07-14T14:26:30,2000.0,42.4,S
2021-07-14T14:26:30,200.0,42.4,S
2021-07-14T14:26:29,100.0,42.4,S
2021-07-14T14:26:27,100.0,42.4,S
2021-07-14T14:26:26,500.0,42.4,S
2021-07-14T14:26:26,300.0,42.4,S
2021-07-14T14:26:25,200.0,42.4,S
2021-07-14T14:26:25,100.0,42.4,B
2021-07-14T14:26:25,3000.0,42.4,B
2021-07-14T14:26:25,4500.0,42.4,B
2021-07-14T14:26:25,100.0,42.4,B
2021-07-14T14:26:25,200.0,42.4,B
2021-07-14T14:26:25,2100.0,42.4,B
2021-07-14T14:26:25,500.0,42.4,B
2021-07-14T14:26:25,2200.0,42.4,B
2021-07-14T14:26:24,1600.0,42.3,B
2021-07-14T14:26:23,800.0,42.3,B
2021-07-14T14:26:05,600.0,42.3,B
2021-07-14T14:25:48,10000.0,42.35,B
2021-07-14T14:25:26,800.0,42.4,B
2021-07-14T14:25:15,300.0,42.4,B
2021-07-14T14:25:08,300.0,42.2,S
2021-07-14T14:25:00,6700.0,42.4,S
2021-07-14T14:24:51,500.0,42.4,S
2021-07-14T14:24:51,400.0,42.4,B
2021-07-14T14:24:51,4600.0,42.4,B
2021-07-14T14:24:51,400.0,42.4,B
2021-07-14T14:24:51,3500.0,42.4,B
2021-07-14T14:24:51,700.0,42.3,B
2021-07-14T14:24:51,1000.0,42.3,B
2021-07-14T14:24:51,2200.0,42.3,B
2021-07-14T14:24:41,400.0,42.25,B
2021-07-14T14:24:36,300.0,42.2,S
2021-07-14T14:24:24,100.0,42.2,S
2021-07-14T14:24:23,1000.0,42.2,S
2021-07-14T14:24:22,300.0,42.2,S
2021-07-14T14:24:21,500.0,42.2,S
2021-07-14T14:24:20,600.0,42.25,B
2021-07-14T14:24:19,200.0,42.25,B
2021-07-14T14:24:14,3400.0,42.2,B
2021-07-14T14:24:14,200.0,42.2,B
2021-07-14T14:24:14,1400.0,42.2,B
2021-07-14T14:24:11,500.0,42.0,S
2021-07-14T14:24:10,800.0,42.2,B
2021-07-14T14:23:59,4100.0,42.0,B
2021-07-14T14:23:53,800.0,42.0,B
2021-07-14T14:23:48,500.0,42.0,B
2021-07-14T14:23:47,200.0,42.0,B
2021-07-14T14:23:35,900.0,42.0,S
2021-07-14T14:23:29,1700.0,42.0,S
2021-07-14T14:23:29,8300.0,42.0,S
2021-07-14T14:23:29,300.0,42.05,B
2021-07-14T14:23:11,100.0,42.05,B
2021-07-14T14:22:57,1100.0,42.05,B
2021-07-14T14:22:46,2100.0,42.2,B
2021-07-14T14:22:46,300.0,42.2,B
2021-07-14T14:22:46,900.0,42.1,B
2021-07-14T14:22:46,1200.0,42.1,B
2021-07-14T14:22:46,200.0,42.1,B
2021-07-14T14:22:46,300.0,42.05,B
2021-07-14T14:22:41,400.0,42.05,B
2021-07-14T14:22:07,300.0,42.05,B
2021-07-14T14:22:06,100.0,42.0,S
2021-07-14T14:22:05,1000.0,42.0,S
2021-07-14T14:21:54,10600.0,42.0,B
2021-07-14T14:21:36,4900.0,42.0,S
2021-07-14T14:21:33,100.0,42.0,S
2021-07-14T14:21:23,300.0,42.0,S
2021-07-14T14:21:21,1000.0,42.0,B
2021-07-14T14:21:21,1600.0,42.0,B
2021-07-14T14:21:21,600.0,42.0,B
2021-07-14T14:21:19,200.0,42.0,B
2021-07-14T14:21:19,1000.0,42.0,B
2021-07-14T14:21:19,600.0,42.0,B
2021-07-14T14:21:19,2000.0,42.0,B
2021-07-14T14:21:19,1000.0,42.0,B
2021-07-14T14:21:19,200.0,42.0,B
2021-07-14T14:21:19,1100.0,42.0,B
2021-07-14T14:21:19,3700.0,42.0,B
2021-07-14T14:21:19,100.0,42.0,B
2021-07-14T14:21:19,300.0,42.0,B
2021-07-14T14:21:19,2100.0,42.0,B
2021-07-14T14:21:13,10000.0,41.95,B
2021-07-14T14:21:12,3000.0,41.95,B
2021-07-14T14:20:39,300.0,41.9,B
2021-07-14T14:20:27,5000.0,41.9,B
2021-07-14T14:19:58,900.0,41.9,B
2021-07-14T14:19:58,1100.0,41.9,B
2021-07-14T14:19:58,400.0,41.9,B
2021-07-14T14:19:27,800.0,41.9,B
2021-07-14T14:19:27,1200.0,41.9,B
2021-07-14T14:19:27,7000.0,41.9,B
2021-07-14T14:19:27,700.0,41.9,B
2021-07-14T14:19:27,100.0,41.9,B
2021-07-14T14:19:27,1300.0,41.9,B
2021-07-14T14:19:27,5100.0,41.85,B
2021-07-14T14:19:27,400.0,41.85,B
2021-07-14T14:19:27,3500.0,41.85,B
2021-07-14T14:19:27,300.0,41.8,B
2021-07-14T14:19:27,100.0,41.8,B
2021-07-14T14:19:27,3000.0,41.8,B
2021-07-14T14:19:27,6300.0,41.8,B
2021-07-14T14:19:27,200.0,41.7,B
2021-07-14T14:18:52,1800.0,41.7,B
2021-07-14T14:18:48,3200.0,41.7,B
2021-07-14T14:18:35,1900.0,41.65,S
2021-07-14T14:18:31,400.0,41.65,S
2021-07-14T14:18:31,600.0,41.65,S
2021-07-14T14:18:23,200.0,41.65,S
2021-07-14T14:18:10,1000.0,41.65,S
2021-07-14T14:18:04,200.0,41.65,S
2021-07-14T14:17:55,200.0,41.7,B
2021-07-14T14:17:53,300.0,41.7,B
2021-07-14T14:17:47,500.0,41.7,B
2021-07-14T14:17:38,600.0,41.7,B
2021-07-14T14:17:31,100.0,41.65,S
2021-07-14T14:17:17,400.0,41.65,S
2021-07-14T14:17:01,100.0,41.7,B
2021-07-14T14:16:47,500.0,41.7,B
2021-07-14T14:16:32,400.0,41.8,B
2021-07-14T14:15:33,200.0,41.8,B
2021-07-14T14:15:23,400.0,41.85,B
2021-07-14T14:15:21,1000.0,41.8,S
2021-07-14T14:15:19,800.0,41.85,B
2021-07-14T14:14:31,100.0,41.8,S
2021-07-14T14:14:14,400.0,41.85,B
2021-07-14T14:14:07,200.0,41.8,B
2021-07-14T14:13:56,400.0,41.8,B
2021-07-14T14:13:19,100.0,41.8,B
2021-07-14T14:13:09,700.0,41.8,B
2021-07-14T14:12:51,3000.0,41.8,B
2021-07-14T14:12:37,100.0,41.75,B
2021-07-14T14:12:18,800.0,41.75,B
2021-07-14T14:12:15,300.0,41.7,B
2021-07-14T14:12:07,100.0,41.7,B
2021-07-14T14:12:07,100.0,41.7,B
2021-07-14T14:12:06,400.0,41.6,S
2021-07-14T14:11:31,1800.0,41.6,B
2021-07-14T14:11:18,1400.0,41.6,B
2021-07-14T14:11:14,800.0,41.6,B
2021-07-14T14:11:13,1000.0,41.6,B
2021-07-14T14:11:11,1000.0,41.6,B
2021-07-14T14:11:07,200.0,41.6,B
2021-07-14T14:10:56,300.0,41.6,B
2021-07-14T14:10:51,200.0,41.6,B
2021-07-14T14:10:47,100.0,41.6,B
2021-07-14T14:10:15,500.0,41.6,B
2021-07-14T14:09:59,6400.0,41.6,B
2021-07-14T14:09:57,800.0,41.6,B
2021-07-14T14:09:48,1000.0,41.6,B
2021-07-14T14:09:45,2000.0,41.55,S
2021-07-14T14:09:42,200.0,41.6,B
2021-07-14T14:09:34,300.0,41.6,B
2021-07-14T14:09:14,1900.0,41.55,S
2021-07-14T14:08:48,200.0,41.55,B
2021-07-14T14:08:43,3000.0,41.55,B
2021-07-14T14:08:35,5000.0,41.5,S
2021-07-14T14:08:31,800.0,41.55,B
2021-07-14T14:08:11,6900.0,41.5,B
2021-07-14T14:08:05,200.0,41.5,B
2021-07-14T14:07:46,200.0,41.5,B
2021-07-14T14:07:39,2000.0,41.45,S
2021-07-14T14:07:23,700.0,41.45,B
2021-07-14T14:07:20,100.0,41.45,B
2021-07-14T14:07:14,500.0,41.45,B
2021-07-14T14:07:13,200.0,41.45,B
2021-07-14T14:07:09,400.0,41.45,B
2021-07-14T14:07:03,300.0,41.45,B
2021-07-14T14:06:59,1000.0,41.45,B
2021-07-14T14:06:58,800.0,41.45,S
2021-07-14T14:06:58,900.0,41.45,S
2021-07-14T14:06:58,100.0,41.45,S
2021-07-14T14:06:37,5000.0,41.45,S
2021-07-14T14:06:22,300.0,41.5,B
2021-07-14T14:06:14,300.0,41.45,S
2021-07-14T14:06:06,2000.0,41.45,S
2021-07-14T14:05:53,200.0,41.5,B
2021-07-14T14:05:34,100.0,41.45,S
2021-07-14T14:05:32,100.0,41.45,S
2021-07-14T14:05:32,400.0,41.45,S
2021-07-14T14:04:43,800.0,41.5,S
2021-07-14T14:04:17,200.0,41.5,B
2021-07-14T14:04:06,2000.0,41.5,B
2021-07-14T14:03:51,3000.0,41.5,B
2021-07-14T14:03:31,100.0,41.4,S
2021-07-14T14:03:28,100.0,41.5,B
2021-07-14T14:03:22,500.0,41.5,B
2021-07-14T14:03:07,100.0,41.5,B
2021-07-14T14:03:01,300.0,41.4,S
2021-07-14T14:02:33,5000.0,41.5,B
2021-07-14T14:01:54,4000.0,41.5,B
2021-07-14T14:01:44,2000.0,41.45,S
2021-07-14T14:01:44,1000.0,41.45,S
2021-07-14T14:01:40,1700.0,41.5,S
2021-07-14T14:01:40,2100.0,41.5,S
2021-07-14T14:01:40,2700.0,41.5,S
2021-07-14T14:01:24,5000.0,41.5,S
2021-07-14T14:01:17,2200.0,41.5,S
2021-07-14T14:01:11,7600.0,41.5,S
2021-07-14T14:00:45,4000.0,41.5,S
2021-07-14T14:00:40,500.0,41.55,S
2021-07-14T14:00:38,900.0,41.55,S
2021-07-14T14:00:29,800.0,41.55,S
2021-07-14T14:00:21,500.0,41.55,S
2021-07-14T14:00:09,200.0,41.6,S
2021-07-14T13:59:51,400.0,41.6,S
2021-07-14T13:59:51,200.0,41.6,S
2021-07-14T13:59:50,500.0,41.6,S
2021-07-14T13:59:50,500.0,41.6,S
2021-07-14T13:59:48,500.0,41.6,S
2021-07-14T13:59:40,600.0,41.6,S
2021-07-14T13:59:37,1000.0,41.6,S
2021-07-14T13:58:36,200.0,41.6,S
2021-07-14T13:58:20,600.0,41.65,B
2021-07-14T13:58:20,200.0,41.65,B
2021-07-14T13:58:05,400.0,41.6,S
2021-07-14T13:57:40,600.0,41.6,S
2021-07-14T13:57:29,400.0,41.65,B
2021-07-14T13:56:20,300.0,41.65,B
2021-07-14T13:55:57,100.0,41.65,B
2021-07-14T13:55:54,500.0,41.65,B
2021-07-14T13:55:40,200.0,41.65,B
2021-07-14T13:55:21,100.0,41.65,B
2021-07-14T13:55:15,100.0,41.65,B
2021-07-14T13:55:04,2300.0,41.65,S
2021-07-14T13:55:04,800.0,41.65,S
2021-07-14T13:54:42,2000.0,41.8,B
2021-07-14T13:51:45,2000.0,41.85,B
2021-07-14T13:51:15,200.0,41.6,S
2021-07-14T13:51:03,500.0,41.6,S
2021-07-14T13:49:23,100.0,41.9,B
2021-07-14T13:49:02,100.0,41.9,B
2021-07-14T13:47:46,2000.0,41.9,B
2021-07-14T13:47:40,400.0,41.9,B
2021-07-14T13:47:11,5000.0,41.9,B
2021-07-14T13:47:06,100.0,41.5,S
2021-07-14T13:46:44,300.0,41.5,S
2021-07-14T13:46:21,100.0,41.5,B
2021-07-14T13:45:31,200.0,41.45,S
2021-07-14T13:44:36,600.0,41.45,S
2021-07-14T13:44:24,100.0,41.45,S
2021-07-14T13:44:06,100.0,41.45,B
2021-07-14T13:43:57,100.0,41.45,B
2021-07-14T13:43:54,100.0,41.45,B
2021-07-14T13:43:21,600.0,41.35,S
2021-07-14T13:43:21,1300.0,41.35,S
2021-07-14T13:43:21,1900.0,41.4,S
2021-07-14T13:43:21,200.0,41.4,S
2021-07-14T13:43:21,1000.0,41.4,S
2021-07-14T13:43:21,4300.0,42.0,B
2021-07-14T13:43:21,2600.0,42.0,B
2021-07-14T13:43:21,3200.0,42.0,B
2021-07-14T13:43:21,1600.0,41.8,B
2021-07-14T13:43:21,8300.0,41.7,B
2021-07-14T13:42:53,100.0,41.45,B
2021-07-14T13:42:47,300.0,41.45,B
2021-07-14T13:42:23,200.0,41.45,B
2021-07-14T13:42:13,100.0,41.4,S
2021-07-14T13:41:37,300.0,41.4,B
2021-07-14T13:41:21,600.0,41.35,S
2021-07-14T13:40:51,500.0,41.35,S
2021-07-14T13:40:33,500.0,41.35,S
2021-07-14T13:40:12,200.0,41.35,S
2021-07-14T13:39:17,300.0,41.3,S
2021-07-14T13:39:01,1500.0,41.3,S
2021-07-14T13:39:01,1300.0,41.3,S
2021-07-14T13:39:01,1200.0,41.3,S
2021-07-14T13:39:01,3000.0,41.3,S
2021-07-14T13:38:59,7500.0,41.35,B
2021-07-14T13:38:37,100.0,41.3,S
2021-07-14T13:38:29,1200.0,41.35,S
2021-07-14T13:38:29,200.0,41.35,S
2021-07-14T13:38:24,4700.0,41.35,S
2021-07-14T13:38:22,100.0,41.35,S
2021-07-14T13:37:40,500.0,41.35,S
2021-07-14T13:37:00,200.0,41.35,S
2021-07-14T13:37:00,2400.0,41.35,S
2021-07-14T13:37:00,2900.0,41.4,S
2021-07-14T13:36:58,2200.0,41.4,S
2021-07-14T13:36:50,3000.0,41.5,B
2021-07-14T13:36:26,2300.0,41.5,S
2021-07-14T13:36:24,500.0,41.5,S
2021-07-14T13:36:24,100.0,41.5,S
2021-07-14T13:36:21,500.0,41.5,S
2021-07-14T13:36:20,500.0,41.5,S
2021-07-14T13:36:18,300.0,41.5,S
2021-07-14T13:36:08,200.0,41.55,B
2021-07-14T13:36:06,3000.0,41.5,S
2021-07-14T13:35:57,500.0,41.55,S
2021-07-14T13:35:45,600.0,41.55,S
2021-07-14T13:35:45,1900.0,41.6,S
2021-07-14T13:35:42,200.0,41.65,B
2021-07-14T13:35:18,900.0,41.6,S
2021-07-14T13:35:18,3100.0,41.6,S
2021-07-14T13:35:08,600.0,41.65,S
2021-07-14T13:35:00,300.0,41.65,S
2021-07-14T13:34:54,2000.0,41.7,B
2021-07-14T13:34:43,800.0,41.65,B
2021-07-14T13:34:05,100.0,41.65,B
2021-07-14T13:33:50,100.0,41.65,B
2021-07-14T13:33:48,10000.0,41.65,B
2021-07-14T13:33:46,100.0,41.65,B
2021-07-14T13:33:31,300.0,41.65,B
2021-07-14T13:33:26,100.0,41.65,B
2021-07-14T13:32:57,100.0,41.65,B
2021-07-14T13:32:57,100.0,41.65,B
2021-07-14T13:32:48,1000.0,41.65,B
2021-07-14T13:32:35,7000.0,41.65,B
2021-07-14T13:32:10,100.0,41.6,S
2021-07-14T13:31:40,500.0,41.6,S
2021-07-14T13:31:27,300.0,41.6,S
2021-07-14T13:31:25,400.0,41.6,S
2021-07-14T13:31:25,100.0,41.6,S
2021-07-14T13:31:18,100.0,41.65,B
2021-07-14T13:31:09,100.0,41.65,B
2021-07-14T13:30:56,400.0,41.6,S
2021-07-14T13:30:34,500.0,41.6,S
2021-07-14T13:30:26,500.0,41.6,B
2021-07-14T13:30:23,100.0,41.6,B
2021-07-14T13:30:21,100.0,41.6,B
2021-07-14T13:30:19,200.0,41.6,B
2021-07-14T13:30:11,600.0,41.6,B
2021-07-14T13:30:04,100.0,41.65,B
2021-07-14T13:29:51,2000.0,41.65,B
2021-07-14T13:29:24,500.0,41.6,B
2021-07-14T13:28:46,1200.0,41.6,B
2021-07-14T13:28:40,2200.0,41.6,B
2021-07-14T13:28:14,500.0,41.6,B
2021-07-14T13:27:51,600.0,41.6,B
2021-07-14T13:27:51,200.0,41.6,B
2021-07-14T13:27:30,300.0,41.5,B
2021-07-14T13:27:25,3900.0,41.35,S
2021-07-14T13:27:25,600.0,41.5,S
2021-07-14T13:27:25,1500.0,41.5,S
2021-07-14T13:27:09,1500.0,41.5,B
2021-07-14T13:27:05,1200.0,41.5,B
2021-07-14T13:27:00,100.0,41.35,S
2021-07-14T13:26:16,200.0,41.35,S
2021-07-14T13:26:16,6800.0,41.35,S
2021-07-14T13:26:12,100.0,41.5,S
2021-07-14T13:25:55,1000.0,41.5,S
2021-07-14T13:25:49,100.0,41.6,B
2021-07-14T13:25:49,500.0,41.5,S
2021-07-14T13:25:48,1000.0,41.5,S
2021-07-14T13:25:44,500.0,41.5,S
2021-07-14T13:25:18,200.0,41.5,B
2021-07-14T13:25:18,6900.0,41.5,B
2021-07-14T13:25:10,2000.0,41.5,B
2021-07-14T13:25:10,900.0,41.4,B
2021-07-14T13:25:06,400.0,41.4,B
2021-07-14T13:25:05,200.0,41.35,S
2021-07-14T13:25:01,200.0,41.4,B
2021-07-14T13:25:00,200.0,41.35,B
2021-07-14T13:24:54,800.0,41.35,B
2021-07-14T13:24:51,800.0,41.35,B
2021-07-14T13:24:45,300.0,41.35,B
2021-07-14T13:24:29,800.0,41.25,S
2021-07-14T13:24:12,100.0,41.25,S
2021-07-14T13:24:10,100.0,41.25,S
2021-07-14T13:23:51,500.0,41.3,B
2021-07-14T13:23:33,3800.0,41.25,B
2021-07-14T13:23:28,1900.0,41.25,B
2021-07-14T13:23:23,300.0,41.25,B
2021-07-14T13:23:16,300.0,41.25,B
2021-07-14T13:23:03,300.0,41.25,B
2021-07-14T13:23:03,300.0,41.25,B
2021-07-14T13:22:41,300.0,41.25,B
2021-07-14T13:22:39,3000.0,41.25,B
2021-07-14T13:22:39,100.0,41.25,B
2021-07-14T13:22:17,300.0,41.25,B
2021-07-14T13:22:10,100.0,41.2,S
2021-07-14T13:22:06,100.0,41.25,B
2021-07-14T13:22:01,200.0,41.25,B
2021-07-14T13:21:57,100.0,41.25,B
2021-07-14T13:21:56,100.0,41.2,S
2021-07-14T13:21:56,1900.0,41.2,S
2021-07-14T13:21:10,500.0,41.25,B
2021-07-14T13:21:09,200.0,41.2,S
2021-07-14T13:20:47,1000.0,41.2,S
2021-07-14T13:20:45,2400.0,41.25,B
2021-07-14T13:20:45,2000.0,41.25,B
2021-07-14T13:20:43,500.0,41.2,S
2021-07-14T13:20:42,500.0,41.25,B
2021-07-14T13:20:41,100.0,41.2,S
2021-07-14T13:20:40,6000.0,41.2,S
2021-07-14T13:20:05,100.0,41.2,S
2021-07-14T13:20:05,1000.0,41.2,S
2021-07-14T13:20:05,1000.0,41.35,B
2021-07-14T13:20:04,500.0,41.2,S
2021-07-14T13:19:56,4000.0,41.2,S
2021-07-14T13:19:50,300.0,41.3,S
2021-07-14T13:19:47,500.0,41.3,S
2021-07-14T13:19:45,6400.0,41.3,B
2021-07-14T13:19:39,1000.0,41.25,B
2021-07-14T13:19:32,900.0,41.2,S
2021-07-14T13:19:23,4000.0,41.2,S
2021-07-14T13:19:23,2000.0,41.3,B
2021-07-14T13:19:20,1400.0,41.2,S
2021-07-14T13:19:17,500.0,41.2,S
2021-07-14T13:19:16,2000.0,41.2,S
2021-07-14T13:19:15,1800.0,41.3,B
2021-07-14T13:19:07,4000.0,41.2,S
2021-07-14T13:19:06,2000.0,41.2,S
2021-07-14T13:18:55,100.0,41.3,B
2021-07-14T13:18:25,100.0,41.3,B
2021-07-14T13:18:23,2000.0,41.2,S
2021-07-14T13:18:20,2000.0,41.2,S
2021-07-14T13:18:12,2000.0,41.2,S
2021-07-14T13:17:36,200.0,41.3,B
2021-07-14T13:17:30,100.0,41.3,S
2021-07-14T13:17:19,600.0,41.25,S
2021-07-14T13:17:19,200.0,41.25,S
2021-07-14T13:17:19,200.0,41.3,S
2021-07-14T13:17:19,4000.0,41.3,S
2021-07-14T13:17:17,2000.0,41.3,S
2021-07-14T13:17:10,400.0,41.3,S
2021-07-14T13:17:05,300.0,41.35,B
2021-07-14T13:17:00,200.0,41.35,B
2021-07-14T13:16:58,1000.0,41.3,S
2021-07-14T13:16:34,100.0,41.35,B
2021-07-14T13:16:22,100.0,41.35,B
2021-07-14T13:16:17,1800.0,41.35,S
2021-07-14T13:15:46,400.0,41.3,S
2021-07-14T13:15:29,600.0,41.3,S
2021-07-14T13:15:29,100.0,41.3,S
2021-07-14T13:15:29,400.0,41.3,S
2021-07-14T13:15:20,100.0,41.4,B
2021-07-14T13:15:11,600.0,41.3,S
2021-07-14T13:15:11,100.0,41.35,S
2021-07-14T13:14:49,600.0,41.3,S
2021-07-14T13:14:42,1000.0,41.35,S
2021-07-14T13:14:27,100.0,41.4,B
2021-07-14T13:14:25,100.0,41.4,B
2021-07-14T13:14:17,200.0,41.4,S
2021-07-14T13:14:11,600.0,41.4,S
2021-07-14T13:14:11,500.0,41.5,B
2021-07-14T13:14:04,200.0,41.4,S
2021-07-14T13:14:01,300.0,41.5,B
2021-07-14T13:13:38,100.0,41.4,S
2021-07-14T13:13:38,100.0,41.4,S
2021-07-14T13:13:32,1000.0,41.5,B
2021-07-14T13:13:05,200.0,41.5,B
2021-07-14T13:12:58,500.0,41.5,B
2021-07-14T13:12:39,100.0,41.5,B
2021-07-14T13:12:35,300.0,41.5,S
2021-07-14T13:12:22,200.0,41.5,S
2021-07-14T13:12:03,400.0,41.4,S
2021-07-14T13:12:03,200.0,41.4,S
2021-07-14T13:11:57,100.0,41.4,S
2021-07-14T13:11:57,200.0,41.4,S
2021-07-14T13:11:56,300.0,41.4,S
2021-07-14T13:11:52,200.0,41.5,S
2021-07-14T13:11:41,100.0,41.4,S
2021-07-14T13:11:41,500.0,41.4,S
2021-07-14T13:11:34,2000.0,41.5,B
2021-07-14T13:11:28,300.0,41.4,S
2021-07-14T13:11:25,300.0,41.5,B
2021-07-14T13:11:25,3200.0,41.5,B
2021-07-14T13:11:25,600.0,41.5,B
2021-07-14T13:11:25,1000.0,41.5,B
2021-07-14T13:11:25,4900.0,41.5,B
2021-07-14T13:11:25,100.0,41.5,B
2021-07-14T13:11:24,600.0,41.4,S
2021-07-14T13:11:20,100.0,41.5,B
2021-07-14T13:11:10,1500.0,41.5,B
2021-07-14T13:11:09,5000.0,41.4,S
2021-07-14T13:11:05,200.0,41.5,B
2021-07-14T13:10:38,500.0,41.4,S
2021-07-14T13:10:16,1500.0,41.35,S
2021-07-14T13:10:10,800.0,41.5,B
2021-07-14T13:10:07,100.0,41.4,B
2021-07-14T13:10:01,7300.0,41.35,S
2021-07-14T13:09:05,100.0,41.3,S
2021-07-14T13:08:59,500.0,41.3,S
2021-07-14T13:08:54,200.0,41.5,B
2021-07-14T13:08:46,200.0,41.5,B
2021-07-14T13:08:41,200.0,41.5,B
2021-07-14T13:08:34,100.0,41.5,B
2021-07-14T13:08:28,5000.0,41.5,B
2021-07-14T13:08:15,500.0,41.4,B
2021-07-14T13:08:03,2500.0,41.2,S
2021-07-14T13:08:02,2000.0,41.2,S
2021-07-14T13:07:49,7000.0,41.2,S
2021-07-14T13:07:46,500.0,41.2,S
2021-07-14T13:07:34,100.0,41.4,B
2021-07-14T13:07:27,800.0,41.4,B
2021-07-14T13:07:26,100.0,41.2,S
2021-07-14T13:07:20,400.0,41.4,B
2021-07-14T13:07:13,100.0,41.4,B
2021-07-14T13:07:12,100.0,41.4,B
2021-07-14T13:07:07,300.0,41.5,B
2021-07-14T13:06:59,300.0,41.45,S
2021-07-14T13:06:57,200.0,41.1,S
2021-07-14T13:06:47,600.0,41.1,S
2021-07-14T13:06:41,100.0,41.5,B
2021-07-14T13:06:34,300.0,41.5,B
2021-07-14T13:06:32,200.0,41.1,S
2021-07-14T13:06:32,1500.0,41.5,B
2021-07-14T13:06:17,10000.0,41.05,S
2021-07-14T13:06:10,3000.0,41.4,B
2021-07-14T13:05:59,1200.0,41.1,S
2021-07-14T13:05:57,100.0,41.4,B
2021-07-14T13:05:57,200.0,41.3,B
2021-07-14T13:05:53,3000.0,41.1,S
2021-07-14T13:05:45,5000.0,41.05,S
2021-07-14T13:05:39,100.0,41.1,S
2021-07-14T13:05:25,500.0,41.05,S
2021-07-14T13:05:10,200.0,41.05,S
2021-07-14T13:05:06,3000.0,41.05,S
2021-07-14T13:05:04,2500.0,41.0,B
2021-07-14T13:05:02,200.0,41.0,B
2021-07-14T13:05:00,200.0,41.0,B
2021-07-14T13:04:53,3700.0,41.0,S
2021-07-14T13:04:50,1500.0,41.0,S
2021-07-14T13:04:50,2500.0,41.0,S
2021-07-14T13:04:50,200.0,41.0,S
2021-07-14T13:04:50,100.0,41.0,S
2021-07-14T13:04:50,800.0,41.0,S
2021-07-14T13:04:50,2700.0,41.0,S
2021-07-14T13:04:50,1200.0,41.0,S
2021-07-14T13:04:50,1600.0,41.0,S
2021-07-14T13:04:50,1300.0,41.0,S
2021-07-14T13:04:50,18100.0,41.0,S
2021-07-14T13:04:48,700.0,41.05,S
2021-07-14T13:04:47,200.0,41.05,B
2021-07-14T13:04:45,2000.0,41.0,S
2021-07-14T13:04:44,100.0,41.0,S
2021-07-14T13:04:42,1000.0,41.0,S
2021-07-14T13:04:37,900.0,41.0,S
2021-07-14T13:04:32,4100.0,41.0,S
2021-07-14T13:04:32,300.0,41.0,S
2021-07-14T13:04:32,100.0,41.0,S
2021-07-14T13:04:32,1200.0,41.0,S
2021-07-14T13:04:32,4300.0,41.0,S
2021-07-14T13:04:31,200.0,41.3,B
2021-07-14T13:04:24,300.0,41.05,S
2021-07-14T13:04:24,3200.0,41.1,S
2021-07-14T13:04:21,700.0,41.4,B
2021-07-14T13:04:20,300.0,41.4,S
2021-07-14T13:04:09,300.0,41.5,B
2021-07-14T13:04:07,2000.0,41.25,S
2021-07-14T13:04:03,100.0,41.2,S
2021-07-14T13:03:58,10000.0,41.25,S
2021-07-14T13:03:57,600.0,41.3,S
2021-07-14T13:03:46,200.0,41.3,S
2021-07-14T13:03:45,900.0,41.3,S
2021-07-14T13:03:37,3100.0,41.3,S
2021-07-14T13:03:21,500.0,41.3,S
2021-07-14T13:03:11,1000.0,41.3,S
2021-07-14T13:03:08,100.0,41.4,B
2021-07-14T13:03:01,5900.0,41.3,S
2021-07-14T13:03:00,100.0,41.4,B
2021-07-14T13:02:55,200.0,41.4,B
2021-07-14T13:02:44,200.0,41.4,B
2021-07-14T13:02:43,2100.0,41.4,S
2021-07-14T13:02:43,5300.0,41.4,S
2021-07-14T13:02:41,100.0,41.5,S
2021-07-14T13:02:38,1000.0,41.5,S
2021-07-14T13:02:38,2900.0,41.5,S
2021-07-14T13:02:38,400.0,41.5,S
2021-07-14T13:02:38,2700.0,41.5,S
2021-07-14T13:02:31,1000.0,41.5,S
2021-07-14T13:02:25,300.0,41.5,S
2021-07-14T13:02:17,3200.0,41.5,S
2021-07-14T13:02:07,1100.0,41.5,S
2021-07-14T13:02:05,5600.0,41.5,S
2021-07-14T13:02:04,1200.0,41.5,S
2021-07-14T13:02:04,2300.0,41.5,S
2021-07-14T13:02:03,1000.0,41.55,S
2021-07-14T13:01:53,600.0,41.5,S
2021-07-14T13:01:37,8500.0,41.5,S
2021-07-14T13:01:37,5800.0,41.55,S
2021-07-14T13:01:31,1000.0,41.55,S
2021-07-14T13:01:07,4000.0,41.55,S
2021-07-14T13:01:02,200.0,41.65,B
2021-07-14T13:00:53,900.0,41.55,S
2021-07-14T13:00:22,900.0,41.55,S
2021-07-14T13:00:22,100.0,41.6,S
2021-07-14T13:00:22,100.0,41.6,S
2021-07-14T13:00:22,100.0,41.6,S
2021-07-14T13:00:22,700.0,41.6,S
2021-07-14T13:00:22,100.0,41.6,S
2021-07-14T13:00:22,2000.0,41.6,S
2021-07-14T13:00:22,100.0,41.6,S
2021-07-14T13:00:22,500.0,41.6,S
2021-07-14T13:00:22,200.0,41.6,S
2021-07-14T13:00:22,1400.0,41.6,S
2021-07-14T13:00:22,7800.0,41.6,S
2021-07-14T13:00:18,1000.0,41.6,S
2021-07-14T13:00:18,300.0,41.65,B
2021-07-14T13:00:18,1500.0,41.6,S
2021-07-14T13:00:18,1000.0,41.65,B
2021-07-14T13:00:18,200.0,41.65,B
2021-07-14T13:00:16,100.0,41.65,B
2021-07-14T13:00:16,1500.0,41.6,S
2021-07-14T13:00:16,200.0,41.65,B
2021-07-14T13:00:16,100.0,41.65,B
2021-07-14T13:00:16,500.0,41.7,B
2021-07-14T13:00:13,1000.0,41.7,B
2021-07-14T13:00:12,300.0,41.7,S
2021-07-14T13:00:12,300.0,41.7,B
2021-07-14T13:00:12,600.0,41.7,B
2021-07-14T13:00:12,200.0,41.7,B
2021-07-14T13:00:12,1600.0,41.7,B
2021-07-14T13:00:12,500.0,41.7,B
2021-07-14T13:00:12,3000.0,41.6,S
2021-07-14T13:00:12,500.0,41.65,S
2021-07-14T13:00:12,200.0,41.65,S
2021-07-14T13:00:12,700.0,41.65,S
2021-07-14T13:00:12,100.0,41.7,S
2021-07-14T13:00:08,200.0,41.7,S
2021-07-14T13:00:08,100.0,41.7,S
2021-07-14T13:00:08,300.0,41.65,S
2021-07-14T13:00:08,1200.0,41.7,S
2021-07-14T11:29:50,2400.0,41.7,S
2021-07-14T11:29:50,400.0,41.7,S
2021-07-14T11:29:50,1300.0,41.7,S
2021-07-14T11:29:50,10900.0,41.7,S
2021-07-14T11:29:50,500.0,41.7,S
2021-07-14T11:29:47,1000.0,41.7,S
2021-07-14T11:29:36,500.0,41.7,S
2021-07-14T11:29:29,500.0,41.7,S
2021-07-14T11:29:25,100.0,41.7,S
2021-07-14T11:29:25,300.0,41.7,S
2021-07-14T11:29:25,200.0,41.7,S
2021-07-14T11:29:11,500.0,41.7,S
2021-07-14T11:29:03,500.0,41.7,S
2021-07-14T11:28:55,200.0,41.7,S
2021-07-14T11:28:55,300.0,41.7,S
2021-07-14T11:28:54,600.0,41.7,S
2021-07-14T11:28:48,500.0,41.7,S
2021-07-14T11:28:17,2000.0,41.7,S
2021-07-14T11:28:04,400.0,41.7,S
2021-07-14T11:27:50,5000.0,41.7,S
2021-07-14T11:27:05,5000.0,41.9,B
2021-07-14T11:26:46,200.0,41.9,B
2021-07-14T11:26:15,5500.0,41.7,S
2021-07-14T11:26:15,4200.0,41.75,S
2021-07-14T11:26:15,300.0,41.8,S
2021-07-14T11:26:00,1000.0,41.9,B
2021-07-14T11:25:59,800.0,41.9,B
2021-07-14T11:25:53,800.0,41.9,B
2021-07-14T11:24:08,21800.0,42.0,S
2021-07-14T11:24:06,1400.0,42.0,S
2021-07-14T11:23:48,1000.0,42.0,S
2021-07-14T11:23:42,1500.0,42.0,S
2021-07-14T11:23:38,1000.0,42.0,S
2021-07-14T11:22:58,1000.0,42.0,S
2021-07-14T11:22:33,100.0,42.0,S
2021-07-14T11:22:23,500.0,42.0,S
2021-07-14T11:22:18,1000.0,42.0,S
2021-07-14T11:22:15,500.0,42.0,S
2021-07-14T11:21:46,500.0,42.0,S
2021-07-14T11:21:43,200.0,42.05,B
2021-07-14T11:21:19,100.0,42.05,B
2021-07-14T11:19:05,200.0,42.05,S
2021-07-14T11:18:48,400.0,42.05,S
2021-07-14T11:16:18,100.0,42.05,B
2021-07-14T11:16:11,500.0,42.05,B
2021-07-14T11:15:52,100.0,42.05,B
2021-07-14T11:15:41,100.0,42.05,B
2021-07-14T11:15:35,1000.0,42.0,S
2021-07-14T11:15:34,1000.0,42.0,S
2021-07-14T11:15:08,400.0,42.0,S
2021-07-14T11:14:57,100.0,42.05,B
2021-07-14T11:14:55,600.0,42.05,S
2021-07-14T11:14:30,500.0,42.05,S
2021-07-14T11:14:22,6900.0,42.05,S
2021-07-14T11:14:15,300.0,42.0,S
2021-07-14T11:14:10,1000.0,42.05,B
2021-07-14T11:13:52,1200.0,42.0,B
2021-07-14T11:13:52,200.0,42.0,B
2021-07-14T11:13:52,5900.0,42.0,B
2021-07-14T11:13:50,300.0,41.8,B
2021-07-14T11:13:45,400.0,41.8,B
2021-07-14T11:13:37,2200.0,41.8,B
2021-07-14T11:13:37,7800.0,41.8,B
2021-07-14T11:13:35,100.0,41.75,B
2021-07-14T11:13:34,100.0,41.75,B
2021-07-14T11:13:31,300.0,41.75,B
2021-07-14T11:13:31,400.0,41.75,B
2021-07-14T11:13:28,400.0,41.75,B
2021-07-14T11:13:25,1000.0,41.75,B
2021-07-14T11:13:21,1400.0,41.75,B
2021-07-14T11:12:48,900.0,41.75,B
2021-07-14T11:12:43,100.0,41.75,S
2021-07-14T11:12:34,400.0,41.8,B
2021-07-14T11:12:23,200.0,41.8,B
2021-07-14T11:12:17,200.0,41.8,B
2021-07-14T11:12:05,1500.0,41.8,B
2021-07-14T11:11:49,5000.0,41.8,B
2021-07-14T11:11:43,1300.0,41.7,S
2021-07-14T11:11:39,100.0,41.75,S
2021-07-14T11:11:36,300.0,41.75,S
2021-07-14T11:11:22,500.0,41.7,S
2021-07-14T11:11:22,5500.0,41.7,S
2021-07-14T11:11:19,1000.0,41.7,S
2021-07-14T11:10:56,300.0,41.75,B
2021-07-14T11:10:53,1100.0,41.7,S
2021-07-14T11:10:26,500.0,41.7,S
2021-07-14T11:10:19,2000.0,41.7,S
2021-07-14T11:10:14,14400.0,41.75,B
2021-07-14T11:10:11,1100.0,41.75,S
2021-07-14T11:10:08,500.0,41.75,S
2021-07-14T11:10:08,500.0,41.75,S
2021-07-14T11:10:02,3000.0,41.75,S
2021-07-14T11:10:01,11000.0,41.75,S
2021-07-14T11:10:00,400.0,41.8,B
2021-07-14T11:09:04,100.0,41.8,B
2021-07-14T11:08:57,3700.0,41.75,S
2021-07-14T11:08:57,300.0,41.75,S
2021-07-14T11:08:48,1600.0,41.8,S
2021-07-14T11:08:48,700.0,41.8,S
2021-07-14T11:08:48,600.0,41.8,S
2021-07-14T11:08:48,100.0,41.8,S
2021-07-14T11:08:48,20300.0,41.8,S
2021-07-14T11:08:48,900.0,41.8,S
2021-07-14T11:08:48,400.0,41.8,S
2021-07-14T11:08:48,1000.0,41.8,S
2021-07-14T11:08:48,100.0,41.8,S
2021-07-14T11:08:48,400.0,41.8,S
2021-07-14T11:08:48,1100.0,41.8,S
2021-07-14T11:08:20,100.0,41.85,S
2021-07-14T11:08:04,200.0,41.85,S
2021-07-14T11:07:40,200.0,41.85,S
2021-07-14T11:07:35,600.0,41.85,S
2021-07-14T11:07:04,1400.0,41.8,S
2021-07-14T11:06:53,1000.0,41.8,S
2021-07-14T11:05:39,1000.0,41.8,S
2021-07-14T11:04:20,900.0,41.8,S
2021-07-14T11:03:55,2000.0,41.8,S
2021-07-14T11:03:39,500.0,41.8,S
2021-07-14T11:03:24,200.0,42.0,B
2021-07-14T11:03:13,400.0,41.8,S
2021-07-14T11:03:13,1100.0,41.8,S
2021-07-14T11:03:13,1000.0,41.8,S
2021-07-14T11:03:13,1400.0,41.8,S
2021-07-14T11:03:13,6100.0,41.8,S
2021-07-14T11:03:06,100.0,41.8,S
2021-07-14T11:03:06,2000.0,41.8,S
2021-07-14T11:02:56,300.0,41.8,S
2021-07-14T11:02:53,4100.0,41.8,S
2021-07-14T11:02:29,500.0,41.8,S
2021-07-14T11:02:20,3400.0,41.8,S
2021-07-14T11:01:29,6200.0,41.8,S
2021-07-14T11:01:29,800.0,41.8,S
2021-07-14T11:01:29,200.0,41.85,S
2021-07-14T11:01:29,2800.0,41.85,S
2021-07-14T11:01:09,500.0,41.9,S
2021-07-14T11:01:05,600.0,41.9,S
2021-07-14T11:01:05,200.0,41.9,S
2021-07-14T11:01:05,100.0,41.9,S
2021-07-14T11:01:02,500.0,41.9,S
2021-07-14T11:00:55,500.0,41.9,S
2021-07-14T11:00:52,500.0,41.9,S
2021-07-14T11:00:51,1200.0,42.0,B
2021-07-14T11:00:49,600.0,41.9,S
2021-07-14T11:00:49,400.0,41.9,S
2021-07-14T11:00:48,500.0,41.9,S
2021-07-14T11:00:42,100.0,42.0,B
2021-07-14T11:00:39,500.0,41.9,S
2021-07-14T11:00:38,500.0,41.9,S
2021-07-14T11:00:21,2000.0,42.0,B
2021-07-14T11:00:05,1000.0,41.9,S
2021-07-14T11:00:03,1200.0,41.9,S
2021-07-14T10:59:59,3000.0,42.0,B
2021-07-14T10:59:29,500.0,41.9,S
2021-07-14T10:59:28,600.0,41.9,S
2021-07-14T10:59:27,600.0,41.9,S
2021-07-14T10:58:50,2000.0,42.05,B
2021-07-14T10:58:35,1000.0,42.0,S
2021-07-14T10:58:35,1800.0,42.0,S
2021-07-14T10:58:35,600.0,42.0,S
2021-07-14T10:58:35,600.0,42.0,S
2021-07-14T10:58:14,500.0,42.0,S
2021-07-14T10:57:57,300.0,42.0,S
2021-07-14T10:57:11,2000.0,42.0,S
2021-07-14T10:56:20,500.0,42.05,B
2021-07-14T10:56:06,100.0,42.05,B
2021-07-14T10:55:41,1000.0,42.05,B
2021-07-14T10:55:39,1000.0,42.0,S
2021-07-14T10:55:34,2000.0,42.0,S
2021-07-14T10:54:36,100.0,42.0,S
2021-07-14T10:54:34,100.0,42.05,B
2021-07-14T10:54:21,2500.0,42.15,B
2021-07-14T10:54:21,100.0,42.0,S
2021-07-14T10:54:20,200.0,42.0,S
2021-07-14T10:54:08,200.0,42.0,S
2021-07-14T10:54:05,800.0,42.0,S
2021-07-14T10:54:03,300.0,42.0,S
2021-07-14T10:53:33,600.0,42.0,S
2021-07-14T10:53:04,1100.0,42.0,B
2021-07-14T10:53:01,500.0,42.0,B
2021-07-14T10:52:57,1800.0,42.0,B
2021-07-14T10:52:51,1000.0,42.0,B
2021-07-14T10:52:48,100.0,42.0,B
2021-07-14T10:52:43,700.0,42.0,B
2021-07-14T10:51:58,1800.0,42.0,S
2021-07-14T10:51:54,1000.0,42.0,S
2021-07-14T10:51:49,200.0,42.0,B
2021-07-14T10:51:29,100.0,41.95,B
2021-07-14T10:51:21,300.0,41.95,B
2021-07-14T10:51:10,500.0,41.95,B
2021-07-14T10:50:58,800.0,41.95,B
2021-07-14T10:50:50,1000.0,41.95,B
2021-07-14T10:50:48,100.0,41.95,B
2021-07-14T10:50:29,2400.0,41.95,B
2021-07-14T10:49:42,500.0,41.9,S
2021-07-14T10:49:38,300.0,41.95,B
2021-07-14T10:49:33,400.0,41.9,S
2021-07-14T10:49:33,500.0,41.9,S
2021-07-14T10:49:33,2400.0,41.9,S
2021-07-14T10:49:33,1600.0,41.9,S
2021-07-14T10:49:33,500.0,41.9,S
2021-07-14T10:49:33,300.0,41.95,B
2021-07-14T10:49:30,300.0,41.95,S
2021-07-14T10:49:17,100.0,41.95,S
2021-07-14T10:48:46,1000.0,42.0,B
2021-07-14T10:48:24,1000.0,41.9,S
2021-07-14T10:48:21,100.0,42.0,B
2021-07-14T10:48:12,2000.0,41.9,S
2021-07-14T10:48:11,300.0,41.9,S
2021-07-14T10:47:57,1000.0,41.9,S
2021-07-14T10:47:49,600.0,41.9,S
2021-07-14T10:47:37,500.0,41.9,S
2021-07-14T10:47:30,300.0,41.9,S
2021-07-14T10:47:30,400.0,41.9,S
2021-07-14T10:47:29,1000.0,41.9,S
2021-07-14T10:47:09,1000.0,41.95,S
2021-07-14T10:46:55,1000.0,41.95,S
2021-07-14T10:46:48,500.0,42.0,S
2021-07-14T10:46:48,600.0,42.0,S
2021-07-14T10:46:48,600.0,42.0,S
2021-07-14T10:46:48,800.0,42.0,S
2021-07-14T10:46:48,2000.0,42.0,S
2021-07-14T10:46:48,2800.0,42.0,S
2021-07-14T10:46:48,200.0,42.0,S
2021-07-14T10:46:48,1300.0,42.0,S
2021-07-14T10:46:48,200.0,42.0,S
2021-07-14T10:46:48,4300.0,42.0,S
2021-07-14T10:46:48,2300.0,42.0,S
2021-07-14T10:46:48,900.0,42.0,S
2021-07-14T10:46:46,500.0,42.0,S
2021-07-14T10:46:45,100.0,42.05,S
2021-07-14T10:46:37,500.0,42.05,S
2021-07-14T10:46:34,500.0,42.05,S
2021-07-14T10:46:30,600.0,42.05,S
2021-07-14T10:46:28,500.0,42.05,S
2021-07-14T10:46:24,500.0,42.05,S
2021-07-14T10:46:20,200.0,42.05,S
2021-07-14T10:46:20,600.0,42.05,S
2021-07-14T10:46:17,4700.0,42.05,S
2021-07-14T10:46:17,300.0,42.05,S
2021-07-14T10:46:16,600.0,42.05,S
2021-07-14T10:46:13,200.0,42.1,S
2021-07-14T10:46:11,500.0,42.1,S
2021-07-14T10:45:55,500.0,42.1,S
2021-07-14T10:45:54,900.0,42.1,S
2021-07-14T10:45:52,300.0,42.1,S
2021-07-14T10:45:52,500.0,42.3,B
2021-07-14T10:45:47,400.0,42.1,S
2021-07-14T10:45:44,500.0,42.1,S
2021-07-14T10:45:35,500.0,42.1,S
2021-07-14T10:45:32,600.0,42.1,S
2021-07-14T10:45:29,600.0,42.1,S
2021-07-14T10:45:15,1000.0,42.15,S
2021-07-14T10:45:04,100.0,42.15,S
2021-07-14T10:44:53,400.0,42.15,S
2021-07-14T10:44:48,1000.0,42.15,S
2021-07-14T10:42:03,100.0,42.1,B
2021-07-14T10:41:53,200.0,42.05,S
2021-07-14T10:41:40,500.0,42.1,B
2021-07-14T10:41:39,100.0,42.1,B
2021-07-14T10:41:31,100.0,42.1,S
2021-07-14T10:41:31,200.0,42.1,S
2021-07-14T10:41:31,3200.0,42.1,S
2021-07-14T10:40:58,500.0,42.1,S
2021-07-14T10:40:40,100.0,42.2,B
2021-07-14T10:40:23,100.0,42.2,B
2021-07-14T10:40:18,200.0,42.15,S
2021-07-14T10:40:11,4600.0,42.1,S
2021-07-14T10:40:03,300.0,42.15,B
2021-07-14T10:39:33,100.0,42.3,S
2021-07-14T10:39:31,2600.0,42.3,B
2021-07-14T10:39:31,2300.0,42.3,B
2021-07-14T10:39:09,100.0,42.3,B
2021-07-14T10:39:02,500.0,42.1,S
2021-07-14T10:38:07,1000.0,42.1,S
2021-07-14T10:37:29,200.0,42.1,S
2021-07-14T10:37:23,400.0,42.1,S
2021-07-14T10:36:46,200.0,42.1,S
2021-07-14T10:36:04,4100.0,42.3,B
2021-07-14T10:35:45,100.0,42.3,B
2021-07-14T10:34:24,300.0,42.3,B
2021-07-14T10:33:57,900.0,42.1,S
2021-07-14T10:33:44,1400.0,42.0,S
2021-07-14T10:33:44,1300.0,42.0,S
2021-07-14T10:33:44,100.0,42.0,S
2021-07-14T10:33:44,300.0,42.0,S
2021-07-14T10:33:44,2500.0,42.0,S
2021-07-14T10:33:44,400.0,42.0,S
2021-07-14T10:33:44,100.0,42.0,S
2021-07-14T10:33:44,1300.0,42.0,S
2021-07-14T10:33:44,800.0,42.0,S
2021-07-14T10:33:44,2300.0,42.0,S
2021-07-14T10:33:44,2000.0,42.0,S
2021-07-14T10:33:44,700.0,42.0,S
2021-07-14T10:33:44,800.0,42.0,S
2021-07-14T10:33:44,5000.0,42.0,S
2021-07-14T10:33:44,1000.0,42.0,S
2021-07-14T10:33:38,200.0,42.0,S
2021-07-14T10:33:26,200.0,42.0,S
2021-07-14T10:33:02,500.0,42.0,S
2021-07-14T10:33:02,900.0,42.0,S
2021-07-14T10:33:02,3600.0,42.0,S
2021-07-14T10:32:55,100.0,42.1,B
2021-07-14T10:32:41,100.0,42.1,B
2021-07-14T10:32:39,1000.0,42.0,S
2021-07-14T10:32:26,100.0,42.0,S
2021-07-14T10:32:24,400.0,42.0,S
2021-07-14T10:32:24,900.0,42.0,S
2021-07-14T10:32:15,200.0,42.1,B
2021-07-14T10:32:14,100.0,42.1,B
2021-07-14T10:32:12,100.0,42.1,B
2021-07-14T10:31:37,700.0,42.1,S
2021-07-14T10:31:20,900.0,42.1,S
2021-07-14T10:31:00,100.0,42.1,S
2021-07-14T10:30:57,100.0,42.1,S
2021-07-14T10:30:47,400.0,42.1,S
2021-07-14T10:30:21,900.0,42.1,S
2021-07-14T10:30:21,100.0,42.1,S
2021-07-14T10:28:52,200.0,42.1,S
2021-07-14T10:28:44,800.0,42.0,S
2021-07-14T10:28:19,700.0,42.35,B
2021-07-14T10:28:16,100.0,42.0,S
2021-07-14T10:28:16,1100.0,42.0,S
2021-07-14T10:28:16,1000.0,42.0,S
2021-07-14T10:28:16,1300.0,42.0,S
2021-07-14T10:28:16,4600.0,42.1,S
2021-07-14T10:28:16,600.0,42.2,S
2021-07-14T10:28:16,20100.0,42.25,S
2021-07-14T10:28:16,5500.0,42.3,S
2021-07-14T10:28:14,500.0,42.35,B
2021-07-14T10:28:14,200.0,42.35,B
2021-07-14T10:28:03,700.0,42.35,B
2021-07-14T10:27:49,100.0,42.3,S
2021-07-14T10:27:05,1000.0,42.3,S
2021-07-14T10:27:01,100.0,42.35,B
2021-07-14T10:26:54,500.0,42.3,S
2021-07-14T10:26:42,1000.0,42.3,S
2021-07-14T10:26:40,7400.0,42.3,S
2021-07-14T10:26:33,5000.0,42.3,S
2021-07-14T10:26:25,600.0,42.3,S
2021-07-14T10:26:18,5000.0,42.3,S
2021-07-14T10:26:15,100.0,42.35,B
2021-07-14T10:25:53,4300.0,42.35,S
2021-07-14T10:25:53,200.0,42.35,S
2021-07-14T10:25:33,7500.0,42.35,S
2021-07-14T10:25:17,100.0,42.4,B
2021-07-14T10:23:43,100.0,42.4,B
2021-07-14T10:23:26,400.0,42.4,S
2021-07-14T10:22:37,300.0,42.4,S
2021-07-14T10:22:30,100.0,42.4,S
2021-07-14T10:22:30,100.0,42.4,S
2021-07-14T10:22:23,100.0,42.4,S
2021-07-14T10:21:46,100.0,42.4,S
2021-07-14T10:21:28,1000.0,42.4,S
2021-07-14T10:21:23,100.0,42.4,S
2021-07-14T10:20:49,500.0,42.4,S
2021-07-14T10:20:38,300.0,42.4,S
2021-07-14T10:20:33,5000.0,42.4,S
2021-07-14T10:19:57,700.0,42.4,S
2021-07-14T10:19:51,1000.0,42.4,S
2021-07-14T10:19:33,2000.0,42.4,S
2021-07-14T10:18:20,1000.0,42.4,S
2021-07-14T10:17:59,500.0,42.4,S
2021-07-14T10:17:24,300.0,42.4,S
2021-07-14T10:16:25,500.0,42.4,S
2021-07-14T10:15:47,1200.0,42.45,B
2021-07-14T10:15:35,200.0,42.4,B
2021-07-14T10:15:35,3400.0,42.4,B
2021-07-14T10:15:31,900.0,42.4,B
2021-07-14T10:15:29,10000.0,42.4,B
2021-07-14T10:15:24,500.0,42.4,B
2021-07-14T10:15:23,1400.0,42.4,B
2021-07-14T10:15:17,1400.0,42.4,B
2021-07-14T10:15:14,1500.0,42.35,S
2021-07-14T10:15:12,500.0,42.4,B
2021-07-14T10:14:37,1000.0,42.35,S
2021-07-14T10:14:19,500.0,42.35,S
2021-07-14T10:14:14,3500.0,42.35,B
2021-07-14T10:14:12,1000.0,42.35,B
2021-07-14T10:14:07,3000.0,42.35,B
2021-07-14T10:13:53,500.0,42.35,B
2021-07-14T10:13:44,500.0,42.35,B
2021-07-14T10:13:25,1000.0,42.35,B
2021-07-14T10:13:01,500.0,42.35,B
2021-07-14T10:12:57,100.0,42.35,B
2021-07-14T10:12:50,500.0,42.35,B
2021-07-14T10:12:48,3000.0,42.35,B
2021-07-14T10:12:41,500.0,42.35,B
2021-07-14T10:12:10,500.0,42.35,B
2021-07-14T10:12:09,500.0,42.3,S
2021-07-14T10:11:40,500.0,42.3,S
2021-07-14T10:11:23,7200.0,42.3,S
2021-07-14T10:11:23,700.0,42.3,S
2021-07-14T10:11:11,700.0,42.35,B
2021-07-14T10:09:48,100.0,42.35,B
2021-07-14T10:09:34,100.0,42.35,B
2021-07-14T10:09:19,500.0,42.3,S
2021-07-14T10:07:51,200.0,42.3,S
2021-07-14T10:07:50,500.0,42.35,B
2021-07-14T10:07:43,200.0,42.3,B
2021-07-14T10:07:43,100.0,42.3,B
2021-07-14T10:07:37,200.0,42.3,B
2021-07-14T10:07:37,500.0,42.3,B
2021-07-14T10:07:26,800.0,42.25,S
2021-07-14T10:07:10,500.0,42.25,S
2021-07-14T10:07:04,8300.0,42.25,S
2021-07-14T10:06:21,500.0,42.25,S
2021-07-14T10:05:58,300.0,42.3,S
2021-07-14T10:05:29,700.0,42.3,B
2021-07-14T10:05:28,100.0,42.3,B
2021-07-14T10:05:28,100.0,42.3,B
2021-07-14T10:05:19,1000.0,42.25,S
2021-07-14T10:05:01,1000.0,42.25,S
2021-07-14T10:04:49,100.0,42.25,S
2021-07-14T10:04:45,2000.0,42.25,S
2021-07-14T10:04:27,7900.0,42.25,S
2021-07-14T10:04:26,100.0,42.25,S
2021-07-14T10:03:58,100.0,42.3,B
2021-07-14T10:03:53,100.0,42.3,B
2021-07-14T10:03:47,100.0,42.3,B
2021-07-14T10:03:37,500.0,42.3,S
2021-07-14T10:03:37,500.0,42.3,S
2021-07-14T10:03:37,700.0,42.3,S
2021-07-14T10:02:52,1000.0,42.3,S
2021-07-14T10:02:45,2000.0,42.35,S
2021-07-14T10:02:45,200.0,42.35,S
2021-07-14T10:02:45,300.0,42.35,S
2021-07-14T10:02:28,2200.0,42.4,B
2021-07-14T10:02:18,100.0,42.4,S
2021-07-14T10:02:18,6100.0,42.4,S
2021-07-14T10:02:13,300.0,42.4,S
2021-07-14T10:02:13,2000.0,42.4,S
2021-07-14T10:02:02,1000.0,42.4,S
2021-07-14T10:02:02,2000.0,42.4,S
2021-07-14T10:02:02,100.0,42.4,S
2021-07-14T10:02:02,600.0,42.4,S
2021-07-14T10:01:58,1000.0,42.4,S
2021-07-14T10:01:57,3300.0,42.4,S
2021-07-14T10:01:57,1700.0,42.4,S
2021-07-14T10:01:55,100.0,42.4,S
2021-07-14T10:01:55,5100.0,42.4,S
2021-07-14T10:01:52,1400.0,42.4,S
2021-07-14T10:01:51,200.0,42.4,S
2021-07-14T10:01:40,400.0,42.4,S
2021-07-14T10:01:40,100.0,42.4,S
2021-07-14T10:01:39,100.0,42.45,B
2021-07-14T10:01:39,200.0,42.45,B
2021-07-14T10:01:05,1300.0,42.45,S
2021-07-14T10:00:54,6000.0,42.45,S
2021-07-14T10:00:53,2900.0,42.45,S
2021-07-14T10:00:47,500.0,42.45,S
2021-07-14T10:00:40,200.0,42.45,S
2021-07-14T10:00:36,200.0,42.45,S
2021-07-14T10:00:25,1000.0,42.45,S
2021-07-14T10:00:18,200.0,42.5,B
2021-07-14T09:59:22,1000.0,42.5,B
2021-07-14T09:59:08,600.0,42.45,S
2021-07-14T09:58:22,400.0,42.5,B
2021-07-14T09:57:41,200.0,42.5,B
2021-07-14T09:57:41,200.0,42.5,B
2021-07-14T09:57:01,200.0,42.5,B
2021-07-14T09:56:28,700.0,42.45,S
2021-07-14T09:56:26,200.0,42.5,S
2021-07-14T09:56:23,200.0,42.5,B
2021-07-14T09:56:17,600.0,42.5,S
2021-07-14T09:56:02,300.0,42.5,S
2021-07-14T09:55:27,1200.0,42.5,B
2021-07-14T09:55:03,900.0,42.5,S
2021-07-14T09:54:48,1000.0,42.5,S
2021-07-14T09:54:46,100.0,42.5,S
2021-07-14T09:54:40,5000.0,42.5,S
2021-07-14T09:54:27,300.0,42.5,S
2021-07-14T09:54:19,500.0,42.5,S
2021-07-14T09:54:11,5000.0,42.5,S
2021-07-14T09:53:58,500.0,42.5,S
2021-07-14T09:53:24,500.0,42.5,S
2021-07-14T09:52:56,300.0,42.5,S
2021-07-14T09:52:52,1000.0,42.5,S
2021-07-14T09:52:38,3000.0,42.5,S
2021-07-14T09:52:12,100.0,42.5,S
2021-07-14T09:52:00,3000.0,42.5,S
2021-07-14T09:51:26,1000.0,42.5,S
2021-07-14T09:51:16,500.0,42.5,S
2021-07-14T09:51:02,100.0,42.5,S
2021-07-14T09:51:02,900.0,42.5,S
2021-07-14T09:50:53,400.0,42.55,B
2021-07-14T09:50:42,100.0,42.55,B
2021-07-14T09:50:28,300.0,42.5,S
2021-07-14T09:50:24,400.0,42.5,S
2021-07-14T09:50:24,1600.0,42.5,S
2021-07-14T09:50:17,300.0,42.5,S
2021-07-14T09:50:17,600.0,42.5,S
2021-07-14T09:50:17,100.0,42.5,S
2021-07-14T09:50:10,300.0,42.5,S
2021-07-14T09:49:58,100.0,42.5,S
2021-07-14T09:49:33,1000.0,42.5,S
2021-07-14T09:48:11,200.0,42.55,B
2021-07-14T09:48:09,1100.0,42.55,B
2021-07-14T09:48:04,100.0,42.55,B
2021-07-14T09:47:45,500.0,42.5,S
2021-07-14T09:47:25,1000.0,42.5,S
2021-07-14T09:46:49,2500.0,42.5,S
2021-07-14T09:45:59,1000.0,42.5,S
2021-07-14T09:45:51,200.0,42.5,S
2021-07-14T09:45:22,200.0,42.5,S
2021-07-14T09:45:20,3000.0,42.5,S
2021-07-14T09:45:15,400.0,42.5,S
2021-07-14T09:45:08,100.0,42.55,B
2021-07-14T09:45:06,2700.0,42.55,B
2021-07-14T09:44:29,2000.0,42.6,B
2021-07-14T09:44:26,500.0,42.5,S
2021-07-14T09:43:23,300.0,42.6,B
2021-07-14T09:43:12,6000.0,42.6,B
2021-07-14T09:42:44,400.0,42.55,B
2021-07-14T09:42:29,800.0,42.5,S
2021-07-14T09:42:15,100.0,42.55,B
2021-07-14T09:41:49,1000.0,42.55,B
2021-07-14T09:41:46,200.0,42.55,B
2021-07-14T09:41:23,500.0,42.55,B
2021-07-14T09:41:16,1300.0,42.55,B
2021-07-14T09:41:16,700.0,42.55,B
2021-07-14T09:39:58,100.0,42.55,B
2021-07-14T09:39:56,3800.0,42.55,S
2021-07-14T09:39:31,200.0,42.6,B
2021-07-14T09:38:58,100.0,42.6,B
2021-07-14T09:38:41,100.0,42.6,B
2021-07-14T09:38:38,300.0,42.6,B
2021-07-14T09:38:38,200.0,42.6,B
2021-07-14T09:38:20,1000.0,42.6,B
2021-07-14T09:38:15,400.0,42.55,S
2021-07-14T09:37:44,1000.0,42.55,S
2021-07-14T09:37:42,3000.0,42.6,B
2021-07-14T09:37:32,300.0,42.55,S
2021-07-14T09:37:27,600.0,42.55,S
2021-07-14T09:37:27,900.0,42.6,B
2021-07-14T09:37:27,2500.0,42.6,B
2021-07-14T09:37:27,200.0,42.6,B
2021-07-14T09:37:19,1000.0,42.55,S
2021-07-14T09:35:41,2500.0,42.5,S
2021-07-14T09:35:41,2500.0,42.55,S
2021-07-14T09:35:39,200.0,42.6,B
2021-07-14T09:35:20,100.0,42.55,S
2021-07-14T09:35:16,200.0,42.55,S
2021-07-14T09:34:56,200.0,42.55,B
2021-07-14T09:34:37,700.0,42.5,S
2021-07-14T09:34:24,500.0,42.55,B
2021-07-14T09:33:51,100.0,42.55,B
2021-07-14T09:33:41,2000.0,42.5,S
2021-07-14T09:33:32,100.0,42.5,S
2021-07-14T09:33:12,300.0,42.5,S
2021-07-14T09:33:11,200.0,42.55,B
2021-07-14T09:33:11,800.0,42.55,B
2021-07-14T09:32:58,500.0,42.5,S
2021-07-14T09:32:58,1500.0,42.5,S
2021-07-14T09:32:22,3000.0,42.5,S
2021-07-14T09:32:19,100.0,42.5,S
2021-07-14T09:31:55,2000.0,42.55,B
2021-07-14T09:31:41,100.0,42.55,B
2021-07-14T09:31:36,2000.0,42.5,S
2021-07-14T09:31:33,500.0,42.55,B
2021-07-14T09:31:29,200.0,42.5,S
2021-07-14T09:31:07,100.0,42.55,B
2021-07-14T09:30:50,500.0,42.55,B
2021-07-14T09:30:48,2200.0,42.55,S
2021-07-14T09:30:43,2000.0,42.55,S
2021-07-14T09:30:30,600.0,42.6,B
2021-07-14T09:30:17,1000.0,42.55,S
2021-07-14T09:29:59,2300.0,42.55,B
2021-07-14T09:29:50,100.0,42.55,B
2021-07-14T09:29:50,500.0,42.5,S
2021-07-14T09:29:42,500.0,42.5,S
2021-07-14T09:29:34,900.0,42.5,B
2021-07-14T09:29:33,1000.0,42.45,B
2021-07-14T09:29:17,1000.0,42.5,B
2021-07-14T09:29:01,200.0,42.45,B
2021-07-14T09:28:21,500.0,42.45,S
2021-07-14T09:28:12,200.0,42.45,S
2021-07-14T09:28:06,300.0,42.45,S
2021-07-14T09:27:36,3000.0,42.45,S
2021-07-14T09:27:34,1000.0,42.45,B
2021-07-14T09:27:30,2100.0,42.45,S
2021-07-14T09:27:21,900.0,42.45,S
2021-07-14T09:26:39,600.0,42.45,S
2021-07-14T09:26:39,800.0,42.5,S
2021-07-14T09:26:39,100.0,42.5,S
2021-07-14T09:26:39,1300.0,42.5,S
2021-07-14T09:26:39,2200.0,42.5,S
2021-07-14T09:26:25,1000.0,42.5,S
2021-07-14T09:26:18,500.0,42.55,B
2021-07-14T09:26:16,100.0,42.55,B
2021-07-14T09:26:10,300.0,42.55,B
2021-07-14T09:25:59,500.0,42.55,B
2021-07-14T09:25:55,1000.0,42.55,B
2021-07-14T09:25:44,500.0,42.55,B
2021-07-14T09:25:31,500.0,42.55,B
2021-07-14T09:25:17,400.0,42.55,B
2021-07-14T09:25:17,100.0,42.55,B
2021-07-14T09:25:15,500.0,42.5,S
2021-07-14T09:24:56,1300.0,42.5,B
2021-07-14T09:24:43,100.0,42.5,B
2021-07-14T09:24:31,100.0,42.5,S
2021-07-14T09:24:13,300.0,42.55,B
2021-07-14T09:24:00,100.0,42.5,B
2021-07-14T09:23:59,500.0,42.45,S
2021-07-14T09:23:41,500.0,42.5,B
2021-07-14T09:23:38,4400.0,42.5,S
2021-07-14T09:23:18,700.0,42.55,S
2021-07-14T09:22:55,500.0,42.55,S
2021-07-14T09:22:52,300.0,42.6,B
2021-07-14T09:22:44,500.0,42.6,B
2021-07-14T09:22:30,5000.0,42.55,S
2021-07-14T09:22:16,2000.0,42.55,S
2021-07-14T09:22:11,1000.0,42.6,B
2021-07-14T09:21:40,100.0,42.6,S
2021-07-14T09:21:30,100.0,42.6,B
2021-07-14T09:21:09,100.0,42.6,B
2021-07-14T09:21:01,800.0,42.6,S
2021-07-14T09:20:54,500.0,42.6,S
2021-07-14T09:20:53,100.0,42.6,S
2021-07-14T09:20:49,500.0,42.6,S
2021-07-14T09:20:49,1000.0,42.6,S
2021-07-14T09:20:43,1000.0,42.6,S
2021-07-14T09:20:36,100.0,42.6,B
2021-07-14T09:20:34,200.0,42.6,S
2021-07-14T09:20:33,500.0,42.6,S
2021-07-14T09:20:15,300.0,42.6,S
2021-07-14T09:20:15,700.0,42.6,S
2021-07-14T09:20:06,500.0,42.6,S
2021-07-14T09:19:26,100.0,42.7,B
2021-07-14T09:18:58,10000.0,42.7,B
2021-07-14T09:18:41,100.0,42.6,B
2021-07-14T09:18:21,200.0,42.6,S
2021-07-14T09:18:13,200.0,42.6,S
2021-07-14T09:18:00,100.0,42.6,S
2021-07-14T09:17:46,100.0,42.55,S
2021-07-14T09:17:44,200.0,42.6,B
2021-07-14T09:17:40,100.0,42.6,S
2021-07-14T09:17:40,2000.0,42.6,S
2021-07-14T09:17:35,1000.0,42.6,S
2021-07-14T09:17:33,1000.0,42.6,S
2021-07-14T09:17:13,6900.0,42.6,B
2021-07-14T09:17:04,100.0,42.6,B
2021-07-14T09:16:44,2000.0,42.6,B
2021-07-14T09:16:26,200.0,42.55,S
2021-07-14T09:16:19,100.0,42.55,B
2021-07-14T09:16:19,2400.0,42.55,B
2021-07-14T09:15:44,100.0,42.55,B
2021-07-14T09:15:31,300.0,42.55,B
2021-07-14T09:15:31,200.0,42.55,B
