tradingTime,volume,price,side
2021-07-14T14:28:52,500.0,26.6,B
2021-07-14T14:28:29,1000.0,26.6,B
2021-07-14T14:27:25,300.0,26.6,B
2021-07-14T14:27:21,100.0,26.6,S
2021-07-14T14:27:03,2000.0,26.6,S
2021-07-14T14:26:53,200.0,26.6,S
2021-07-14T14:25:35,2000.0,26.6,S
2021-07-14T14:24:38,300.0,26.4,S
2021-07-14T14:22:30,300.0,26.4,S
2021-07-14T14:22:08,8000.0,26.7,B
2021-07-14T14:21:17,100.0,26.4,S
2021-07-14T14:20:42,400.0,26.4,S
2021-07-14T14:20:41,100.0,26.4,S
2021-07-14T14:19:36,600.0,26.4,S
2021-07-14T14:19:12,600.0,26.5,S
2021-07-14T14:18:52,100.0,26.6,B
2021-07-14T14:18:33,200.0,26.6,S
2021-07-14T14:18:11,100.0,26.6,S
2021-07-14T14:18:01,100.0,26.6,S
2021-07-14T14:17:06,500.0,26.6,S
2021-07-14T14:17:04,200.0,26.6,S
2021-07-14T14:16:57,500.0,26.6,S
2021-07-14T14:16:25,300.0,26.6,S
2021-07-14T14:15:39,100.0,26.6,B
2021-07-14T14:14:14,300.0,26.6,S
2021-07-14T14:13:51,400.0,26.6,B
2021-07-14T14:13:42,100.0,26.6,B
2021-07-14T14:13:00,1800.0,26.5,S
2021-07-14T14:12:49,1000.0,26.5,B
2021-07-14T14:12:46,300.0,26.5,B
2021-07-14T14:12:15,700.0,26.5,B
2021-07-14T14:12:08,400.0,26.4,S
2021-07-14T14:11:56,8000.0,26.5,B
2021-07-14T14:11:43,500.0,26.3,B
2021-07-14T14:11:29,100.0,26.3,B
2021-07-14T14:11:05,200.0,26.2,B
2021-07-14T14:11:01,500.0,26.2,B
2021-07-14T14:10:07,300.0,26.1,S
2021-07-14T14:08:59,600.0,26.1,B
2021-07-14T14:08:41,1400.0,26.1,B
2021-07-14T14:08:16,100.0,26.1,B
2021-07-14T14:07:57,300.0,26.1,B
2021-07-14T14:07:43,700.0,26.1,B
2021-07-14T14:07:32,500.0,26.1,B
2021-07-14T14:06:59,700.0,26.0,S
2021-07-14T14:06:41,2000.0,26.0,B
2021-07-14T14:06:36,5000.0,26.0,B
2021-07-14T14:05:51,300.0,25.9,S
2021-07-14T14:05:23,200.0,26.0,B
2021-07-14T14:04:31,5000.0,26.0,B
2021-07-14T14:03:49,200.0,26.0,B
2021-07-14T14:02:17,400.0,26.0,S
2021-07-14T14:01:48,300.0,25.9,S
2021-07-14T14:01:31,1000.0,26.0,B
2021-07-14T14:01:16,8600.0,26.0,B
2021-07-14T14:01:13,10000.0,26.0,S
2021-07-14T14:00:00,3000.0,26.0,S
2021-07-14T13:59:59,2000.0,26.0,S
2021-07-14T13:59:41,300.0,26.0,S
2021-07-14T13:59:22,3000.0,26.0,S
2021-07-14T13:59:10,800.0,26.0,S
2021-07-14T13:58:34,2000.0,26.0,S
2021-07-14T13:57:31,400.0,26.0,S
2021-07-14T13:56:06,600.0,26.0,S
2021-07-14T13:55:36,1000.0,26.1,S
2021-07-14T13:55:30,300.0,26.1,S
2021-07-14T13:54:10,300.0,26.1,S
2021-07-14T13:53:24,300.0,26.1,S
2021-07-14T13:51:39,100.0,26.1,B
2021-07-14T13:51:26,1000.0,26.1,B
2021-07-14T13:51:11,400.0,26.0,S
2021-07-14T13:51:07,1000.0,26.0,S
2021-07-14T13:51:06,200.0,26.1,B
2021-07-14T13:50:50,300.0,26.1,B
2021-07-14T13:50:26,300.0,26.0,S
2021-07-14T13:50:09,1400.0,26.0,B
2021-07-14T13:50:06,1000.0,26.0,B
2021-07-14T13:50:03,500.0,26.0,B
2021-07-14T13:49:51,5000.0,26.0,B
2021-07-14T13:49:11,300.0,25.9,S
2021-07-14T13:49:07,4800.0,26.0,S
2021-07-14T13:48:41,2200.0,26.0,B
2021-07-14T13:48:13,3000.0,25.9,S
2021-07-14T13:47:58,5000.0,26.0,B
2021-07-14T13:47:46,5800.0,26.0,S
2021-07-14T13:46:59,400.0,26.0,S
2021-07-14T13:46:26,13000.0,26.0,S
2021-07-14T13:45:56,4400.0,26.1,S
2021-07-14T13:45:18,1000.0,26.1,S
2021-07-14T13:44:49,400.0,26.1,S
2021-07-14T13:42:47,300.0,26.1,S
2021-07-14T13:41:03,1000.0,26.1,S
2021-07-14T13:40:37,400.0,26.3,S
2021-07-14T13:38:29,400.0,26.0,S
2021-07-14T13:37:06,500.0,26.0,B
2021-07-14T13:36:26,1800.0,26.0,S
2021-07-14T13:36:19,400.0,26.1,S
2021-07-14T13:35:48,300.0,26.0,B
2021-07-14T13:35:44,14700.0,26.0,B
2021-07-14T13:35:23,1000.0,26.1,S
2021-07-14T13:34:40,3000.0,26.2,B
2021-07-14T13:34:22,300.0,26.2,B
2021-07-14T13:34:22,2100.0,26.2,S
2021-07-14T13:34:11,400.0,26.2,S
2021-07-14T13:34:05,8000.0,26.2,S
2021-07-14T13:32:18,7700.0,26.5,S
2021-07-14T13:32:10,300.0,26.5,S
2021-07-14T13:30:41,1000.0,26.5,S
2021-07-14T13:30:25,2000.0,26.5,B
2021-07-14T13:30:22,500.0,26.5,B
2021-07-14T13:30:16,2500.0,26.5,S
2021-07-14T13:30:01,400.0,26.5,S
2021-07-14T13:29:52,2200.0,26.5,B
2021-07-14T13:29:22,3000.0,26.5,B
2021-07-14T13:29:18,500.0,26.3,B
2021-07-14T13:28:41,2700.0,26.2,S
2021-07-14T13:28:39,100.0,26.2,B
2021-07-14T13:28:13,500.0,26.1,S
2021-07-14T13:27:58,2000.0,26.2,B
2021-07-14T13:27:57,300.0,26.1,S
2021-07-14T13:27:15,100.0,26.1,S
2021-07-14T13:26:56,200.0,26.1,B
2021-07-14T13:26:30,1000.0,26.1,B
2021-07-14T13:26:11,8300.0,26.0,B
2021-07-14T13:25:56,300.0,25.9,S
2021-07-14T13:25:17,200.0,25.9,S
2021-07-14T13:25:02,100.0,25.9,S
2021-07-14T13:24:55,5500.0,25.9,B
2021-07-14T13:24:48,200.0,25.9,B
2021-07-14T13:24:32,1000.0,25.9,B
2021-07-14T13:23:54,300.0,25.8,S
2021-07-14T13:23:46,900.0,25.8,B
2021-07-14T13:23:44,1000.0,25.8,B
2021-07-14T13:23:41,5600.0,25.8,B
2021-07-14T13:23:12,1000.0,25.7,S
2021-07-14T13:23:01,1000.0,25.7,S
2021-07-14T13:22:57,100.0,25.8,B
2021-07-14T13:22:41,1000.0,25.8,B
2021-07-14T13:22:03,1700.0,25.8,B
2021-07-14T13:21:58,100.0,25.8,B
2021-07-14T13:21:46,300.0,25.7,S
2021-07-14T13:21:35,1000.0,25.8,B
2021-07-14T13:21:10,500.0,25.8,B
2021-07-14T13:20:53,100.0,25.8,B
2021-07-14T13:20:47,5000.0,25.8,B
2021-07-14T13:20:41,200.0,25.8,B
2021-07-14T13:20:29,800.0,25.8,B
2021-07-14T13:19:44,1000.0,25.8,B
2021-07-14T13:19:42,100.0,25.8,B
2021-07-14T13:19:40,5700.0,25.8,S
2021-07-14T13:19:38,400.0,25.8,S
2021-07-14T13:19:29,200.0,25.8,S
2021-07-14T13:19:28,800.0,25.8,S
2021-07-14T13:19:11,1200.0,25.9,B
2021-07-14T13:18:57,600.0,25.9,B
2021-07-14T13:18:32,200.0,25.9,B
2021-07-14T13:17:55,100.0,25.9,B
2021-07-14T13:17:49,7600.0,25.9,B
2021-07-14T13:17:45,200.0,26.0,B
2021-07-14T13:17:27,100.0,25.9,S
2021-07-14T13:17:25,400.0,25.9,S
2021-07-14T13:17:00,2000.0,26.0,B
2021-07-14T13:16:55,2800.0,26.0,S
2021-07-14T13:16:44,5000.0,26.0,S
2021-07-14T13:16:17,1000.0,26.0,S
2021-07-14T13:15:29,5800.0,26.1,S
2021-07-14T13:15:19,400.0,26.1,S
2021-07-14T13:15:09,800.0,26.1,B
2021-07-14T13:14:48,1000.0,26.1,B
2021-07-14T13:13:41,1000.0,26.1,B
2021-07-14T13:13:16,300.0,26.0,S
2021-07-14T13:12:38,100.0,26.1,B
2021-07-14T13:12:11,500.0,26.1,B
2021-07-14T13:12:06,2600.0,26.1,S
2021-07-14T13:11:54,1200.0,26.1,B
2021-07-14T13:11:51,500.0,26.1,B
2021-07-14T13:11:40,100.0,26.1,B
2021-07-14T13:11:09,400.0,26.0,S
2021-07-14T13:11:09,100.0,26.1,B
2021-07-14T13:10:33,1000.0,26.1,B
2021-07-14T13:10:29,500.0,26.1,B
2021-07-14T13:10:28,600.0,26.1,B
2021-07-14T13:10:16,100.0,26.1,B
2021-07-14T13:09:59,200.0,26.1,B
2021-07-14T13:09:51,1000.0,26.1,B
2021-07-14T13:09:47,400.0,26.1,B
2021-07-14T13:09:23,200.0,26.1,B
2021-07-14T13:09:06,300.0,25.9,S
2021-07-14T13:08:38,10000.0,25.9,S
2021-07-14T13:08:15,4800.0,25.9,B
2021-07-14T13:08:12,200.0,25.9,B
2021-07-14T13:07:55,300.0,25.8,B
2021-07-14T13:07:16,400.0,25.6,B
2021-07-14T13:07:04,300.0,25.5,S
2021-07-14T13:06:54,2000.0,25.6,B
2021-07-14T13:06:51,500.0,25.6,B
2021-07-14T13:06:46,1000.0,25.6,B
2021-07-14T13:06:38,1000.0,25.6,B
2021-07-14T13:05:39,1000.0,25.6,B
2021-07-14T13:05:39,7000.0,25.6,S
2021-07-14T13:05:17,1000.0,25.6,S
2021-07-14T13:05:05,5300.0,25.6,S
2021-07-14T13:05:02,300.0,25.6,S
2021-07-14T13:04:36,10000.0,25.6,S
2021-07-14T13:04:33,1000.0,25.7,S
2021-07-14T13:04:27,2000.0,25.7,S
2021-07-14T13:04:00,28700.0,25.8,S
2021-07-14T13:03:51,500.0,25.9,S
2021-07-14T13:03:11,10000.0,25.9,S
2021-07-14T13:02:58,300.0,25.9,S
2021-07-14T13:02:48,500.0,25.9,S
2021-07-14T13:02:47,100.0,25.9,S
2021-07-14T13:02:45,200.0,25.9,S
2021-07-14T13:02:32,1000.0,25.9,S
2021-07-14T13:01:49,3000.0,25.9,S
2021-07-14T13:01:14,6000.0,25.9,S
2021-07-14T13:00:55,300.0,25.9,S
2021-07-14T13:00:22,35200.0,26.0,S
2021-07-14T13:00:10,100.0,26.1,B
2021-07-14T13:00:08,11300.0,26.1,B
2021-07-14T13:00:03,100.0,26.2,B
2021-07-14T13:00:03,700.0,26.2,B
2021-07-14T13:00:02,19400.0,26.2,B
2021-07-14T11:29:57,6500.0,26.3,S
2021-07-14T11:29:43,10000.0,26.3,S
2021-07-14T11:28:12,2400.0,26.3,S
2021-07-14T11:28:09,800.0,26.3,S
2021-07-14T11:27:08,300.0,26.3,S
2021-07-14T11:26:43,2600.0,26.4,S
2021-07-14T11:26:37,200.0,26.4,S
2021-07-14T11:25:36,2200.0,26.4,B
2021-07-14T11:25:29,3900.0,26.4,S
2021-07-14T11:25:00,400.0,26.4,S
2021-07-14T11:24:55,100.0,26.4,S
2021-07-14T11:24:53,5000.0,26.4,S
2021-07-14T11:24:18,600.0,26.4,S
2021-07-14T11:22:53,400.0,26.4,S
2021-07-14T11:21:20,5600.0,26.5,S
2021-07-14T11:20:45,400.0,26.5,S
2021-07-14T11:19:51,500.0,26.5,S
2021-07-14T11:18:43,300.0,26.5,S
2021-07-14T11:16:39,300.0,26.5,S
2021-07-14T11:14:41,200.0,26.8,B
2021-07-14T11:14:34,5000.0,26.5,B
2021-07-14T11:14:29,400.0,26.3,S
2021-07-14T11:13:57,4500.0,26.3,B
2021-07-14T11:13:49,100.0,26.3,B
2021-07-14T11:13:47,100.0,26.3,B
2021-07-14T11:13:47,200.0,26.3,B
2021-07-14T11:13:35,3000.0,26.3,B
2021-07-14T11:13:29,1000.0,26.3,B
2021-07-14T11:13:28,2000.0,26.3,B
2021-07-14T11:12:55,1000.0,26.2,S
2021-07-14T11:12:54,300.0,26.3,B
2021-07-14T11:12:45,3800.0,26.3,S
2021-07-14T11:12:25,300.0,26.3,S
2021-07-14T11:11:41,2200.0,26.3,B
2021-07-14T11:11:06,1800.0,26.3,S
2021-07-14T11:10:39,2000.0,26.3,S
2021-07-14T11:10:16,1000.0,26.3,S
2021-07-14T11:10:14,1400.0,26.3,S
2021-07-14T11:09:54,3900.0,26.3,B
2021-07-14T11:09:53,5000.0,26.3,B
2021-07-14T11:09:46,1000.0,26.2,S
2021-07-14T11:08:05,300.0,26.2,S
2021-07-14T11:07:50,1000.0,26.2,S
2021-07-14T11:07:49,300.0,26.3,B
2021-07-14T11:07:46,100.0,26.3,B
2021-07-14T11:07:35,10700.0,26.3,S
2021-07-14T11:07:33,1000.0,26.3,S
2021-07-14T11:06:04,300.0,26.3,S
2021-07-14T11:05:46,1000.0,26.3,S
2021-07-14T11:04:35,200.0,26.3,S
2021-07-14T11:03:56,400.0,26.3,S
2021-07-14T11:03:03,200.0,26.5,B
2021-07-14T11:02:15,1000.0,26.5,B
2021-07-14T11:01:56,5400.0,26.5,S
2021-07-14T11:01:52,1000.0,26.5,S
2021-07-14T11:01:45,400.0,26.5,S
2021-07-14T11:01:33,1000.0,26.5,S
2021-07-14T11:01:31,200.0,26.5,S
2021-07-14T11:00:00,900.0,26.5,S
2021-07-14T10:59:43,1100.0,26.5,S
2021-07-14T10:59:42,300.0,26.5,S
2021-07-14T10:59:39,3000.0,26.5,S
2021-07-14T10:57:40,300.0,26.5,S
2021-07-14T10:55:36,300.0,26.5,S
2021-07-14T10:53:30,300.0,26.5,S
2021-07-14T10:52:16,800.0,26.5,S
2021-07-14T10:52:15,1100.0,26.5,B
2021-07-14T10:51:28,300.0,26.3,S
2021-07-14T10:51:18,200.0,26.4,B
2021-07-14T10:51:08,1700.0,26.4,B
2021-07-14T10:50:56,500.0,26.5,B
2021-07-14T10:50:46,2000.0,26.5,B
2021-07-14T10:50:20,100.0,26.5,B
2021-07-14T10:50:12,100.0,26.5,B
2021-07-14T10:50:04,2000.0,26.5,B
2021-07-14T10:49:18,400.0,26.4,S
2021-07-14T10:49:04,900.0,26.5,B
2021-07-14T10:49:01,4000.0,26.5,S
2021-07-14T10:48:30,300.0,26.5,S
2021-07-14T10:47:56,3000.0,26.5,S
2021-07-14T10:47:41,1500.0,26.5,S
2021-07-14T10:47:30,3300.0,26.5,S
2021-07-14T10:47:07,400.0,26.6,S
2021-07-14T10:47:06,200.0,26.6,S
2021-07-14T10:46:56,16600.0,26.6,S
2021-07-14T10:46:54,1300.0,26.7,S
2021-07-14T10:46:36,700.0,26.8,S
2021-07-14T10:45:55,300.0,26.8,B
2021-07-14T10:44:58,100.0,26.8,B
2021-07-14T10:44:38,500.0,26.8,S
2021-07-14T10:43:22,300.0,26.8,S
2021-07-14T10:42:58,300.0,26.8,S
2021-07-14T10:42:34,1000.0,26.8,S
2021-07-14T10:40:45,400.0,26.8,S
2021-07-14T10:38:42,300.0,26.8,S
2021-07-14T10:36:41,300.0,26.7,S
2021-07-14T10:35:45,600.0,26.9,B
2021-07-14T10:34:34,300.0,26.7,S
2021-07-14T10:33:59,1000.0,26.7,S
2021-07-14T10:33:11,700.0,26.8,B
2021-07-14T10:32:32,100.0,26.8,B
2021-07-14T10:32:24,400.0,26.7,S
2021-07-14T10:31:49,200.0,26.8,B
2021-07-14T10:31:11,600.0,26.7,S
2021-07-14T10:30:51,2300.0,26.7,S
2021-07-14T10:30:45,2000.0,26.8,S
2021-07-14T10:30:36,500.0,26.8,B
2021-07-14T10:30:27,200.0,26.8,B
2021-07-14T10:30:16,600.0,26.8,S
2021-07-14T10:28:11,300.0,26.8,S
2021-07-14T10:27:49,500.0,26.8,S
2021-07-14T10:27:27,100.0,26.8,B
2021-07-14T10:27:03,1900.0,26.8,B
2021-07-14T10:27:02,1000.0,26.8,S
2021-07-14T10:26:50,1600.0,26.8,S
2021-07-14T10:26:41,1000.0,26.8,S
2021-07-14T10:26:10,2400.0,26.8,S
2021-07-14T10:26:02,400.0,26.8,S
2021-07-14T10:24:54,600.0,26.9,B
2021-07-14T10:24:08,1000.0,26.9,S
2021-07-14T10:23:58,300.0,26.9,S
2021-07-14T10:23:24,500.0,26.9,S
2021-07-14T10:21:57,300.0,26.9,S
2021-07-14T10:20:46,200.0,27.0,B
2021-07-14T10:19:48,300.0,26.9,S
2021-07-14T10:17:37,400.0,26.9,S
2021-07-14T10:15:33,300.0,26.9,S
2021-07-14T10:15:09,200.0,26.9,B
2021-07-14T10:14:56,100.0,26.9,B
2021-07-14T10:14:36,500.0,26.9,B
2021-07-14T10:14:30,500.0,26.9,B
2021-07-14T10:14:24,1000.0,26.9,B
2021-07-14T10:13:36,1000.0,26.9,B
2021-07-14T10:13:33,300.0,26.8,S
2021-07-14T10:13:17,500.0,26.8,S
2021-07-14T10:12:59,1000.0,26.8,S
2021-07-14T10:12:43,1000.0,26.8,S
2021-07-14T10:12:39,1000.0,26.8,S
2021-07-14T10:11:33,500.0,26.8,S
2021-07-14T10:11:25,300.0,26.8,S
2021-07-14T10:11:07,400.0,26.8,S
2021-07-14T10:11:05,100.0,26.9,B
2021-07-14T10:10:41,100.0,26.9,B
2021-07-14T10:10:22,600.0,26.9,S
2021-07-14T10:09:41,4400.0,26.9,S
2021-07-14T10:09:21,4000.0,26.8,S
2021-07-14T10:09:15,400.0,26.8,S
2021-07-14T10:09:04,100.0,26.9,B
2021-07-14T10:08:53,500.0,26.9,S
2021-07-14T10:07:13,300.0,26.9,S
2021-07-14T10:05:11,300.0,26.8,S
2021-07-14T10:03:56,600.0,26.8,S
2021-07-14T10:03:46,4300.0,26.8,S
2021-07-14T10:03:11,700.0,26.9,S
2021-07-14T10:03:07,300.0,26.9,S
2021-07-14T10:02:40,4000.0,26.9,S
2021-07-14T10:01:41,200.0,27.0,S
2021-07-14T10:01:10,800.0,27.0,B
2021-07-14T10:01:09,200.0,26.9,S
2021-07-14T10:01:06,300.0,26.9,S
2021-07-14T10:00:04,1000.0,27.0,B
2021-07-14T09:59:43,3200.0,27.0,S
2021-07-14T09:58:56,400.0,27.0,S
2021-07-14T09:58:28,1000.0,27.0,S
2021-07-14T09:58:08,400.0,27.0,S
2021-07-14T09:56:56,300.0,27.0,S
2021-07-14T09:56:36,1000.0,27.0,S
2021-07-14T09:56:28,700.0,27.0,S
2021-07-14T09:56:07,5700.0,27.0,S
2021-07-14T09:54:49,300.0,27.0,S
2021-07-14T09:54:12,3800.0,27.1,S
2021-07-14T09:52:38,400.0,27.1,S
2021-07-14T09:52:03,200.0,27.2,B
2021-07-14T09:51:57,20300.0,27.2,S
2021-07-14T09:50:29,300.0,27.2,S
2021-07-14T09:50:26,100.0,27.3,B
2021-07-14T09:49:42,1000.0,27.2,S
2021-07-14T09:48:24,300.0,27.2,S
2021-07-14T09:48:14,500.0,27.2,S
2021-07-14T09:46:21,300.0,27.2,S
2021-07-14T09:46:18,5000.0,27.5,B
2021-07-14T09:46:15,1500.0,27.2,S
2021-07-14T09:44:13,300.0,27.2,S
2021-07-14T09:42:11,300.0,27.2,S
2021-07-14T09:42:01,1000.0,27.2,S
2021-07-14T09:41:53,500.0,27.2,S
2021-07-14T09:41:44,100.0,27.2,S
2021-07-14T09:41:12,2000.0,27.2,S
2021-07-14T09:41:03,300.0,27.3,B
2021-07-14T09:40:56,100.0,27.3,B
2021-07-14T09:40:49,1000.0,27.3,B
2021-07-14T09:40:47,3500.0,27.3,B
2021-07-14T09:40:28,200.0,27.3,S
2021-07-14T09:40:18,3000.0,27.3,S
2021-07-14T09:40:06,300.0,27.3,S
2021-07-14T09:39:31,700.0,27.4,B
2021-07-14T09:39:23,500.0,27.4,S
2021-07-14T09:39:10,300.0,27.4,S
2021-07-14T09:38:28,100.0,27.4,S
2021-07-14T09:38:04,300.0,27.4,S
2021-07-14T09:38:03,1000.0,27.4,S
2021-07-14T09:37:58,4600.0,27.5,B
2021-07-14T09:37:16,300.0,27.5,B
2021-07-14T09:37:14,100.0,27.4,S
2021-07-14T09:37:09,200.0,27.4,S
2021-07-14T09:37:06,300.0,27.4,B
2021-07-14T09:36:15,200.0,27.4,S
2021-07-14T09:35:56,3600.0,27.4,B
2021-07-14T09:35:55,300.0,27.3,S
2021-07-14T09:34:54,100.0,27.3,S
2021-07-14T09:33:44,400.0,27.3,S
2021-07-14T09:33:28,200.0,27.4,B
2021-07-14T09:33:11,1000.0,27.4,B
2021-07-14T09:32:28,1200.0,27.3,S
2021-07-14T09:32:26,1000.0,27.3,B
2021-07-14T09:32:22,3000.0,27.3,B
2021-07-14T09:32:07,2000.0,27.3,B
2021-07-14T09:32:06,300.0,27.3,B
2021-07-14T09:31:57,200.0,27.3,B
2021-07-14T09:31:52,1000.0,27.3,B
2021-07-14T09:31:49,500.0,27.3,B
2021-07-14T09:31:46,500.0,27.3,B
2021-07-14T09:31:39,500.0,27.3,B
2021-07-14T09:31:33,300.0,27.2,S
2021-07-14T09:31:22,5000.0,27.3,B
2021-07-14T09:31:11,600.0,27.3,B
2021-07-14T09:31:09,5000.0,27.3,B
2021-07-14T09:30:04,5000.0,27.2,S
2021-07-14T09:29:56,1000.0,27.2,S
2021-07-14T09:29:32,300.0,27.2,S
2021-07-14T09:29:22,100.0,27.2,S
2021-07-14T09:29:18,3400.0,27.2,B
2021-07-14T09:29:09,100.0,27.2,B
2021-07-14T09:29:04,500.0,27.2,B
2021-07-14T09:28:29,1000.0,27.2,B
2021-07-14T09:28:12,500.0,27.1,S
2021-07-14T09:27:35,800.0,27.2,B
2021-07-14T09:27:30,300.0,27.0,S
2021-07-14T09:27:06,100.0,27.2,B
2021-07-14T09:26:41,2600.0,27.0,B
2021-07-14T09:26:24,1000.0,27.0,B
2021-07-14T09:25:32,500.0,26.8,B
2021-07-14T09:25:24,12500.0,26.7,S
2021-07-14T09:24:32,1000.0,26.7,S
2021-07-14T09:23:47,13100.0,26.8,S
2021-07-14T09:23:33,400.0,26.9,S
2021-07-14T09:23:24,300.0,26.9,S
2021-07-14T09:23:21,1000.0,27.0,B
2021-07-14T09:23:20,300.0,26.9,S
2021-07-14T09:22:48,2000.0,26.8,S
2021-07-14T09:21:23,500.0,26.9,S
2021-07-14T09:21:14,100.0,26.9,S
2021-07-14T09:21:12,300.0,26.9,S
2021-07-14T09:20:51,300.0,27.0,S
2021-07-14T09:20:44,1000.0,27.2,B
2021-07-14T09:20:41,100.0,27.0,S
2021-07-14T09:20:34,1000.0,27.0,S
2021-07-14T09:20:29,100.0,27.0,S
2021-07-14T09:20:19,500.0,27.0,S
2021-07-14T09:20:14,2000.0,27.2,B
2021-07-14T09:20:13,400.0,27.2,B
2021-07-14T09:19:24,1000.0,27.2,B
2021-07-14T09:19:15,3000.0,27.2,B
2021-07-14T09:19:13,15600.0,27.2,S
2021-07-14T09:19:04,100.0,27.4,B
2021-07-14T09:19:02,300.0,27.3,S
2021-07-14T09:17:31,600.0,27.3,S
2021-07-14T09:17:31,2000.0,27.4,B
2021-07-14T09:17:15,500.0,27.3,S
2021-07-14T09:16:59,300.0,27.3,S
2021-07-14T09:16:42,2000.0,27.3,S
2021-07-14T09:15:28,1000.0,27.3,S
2021-07-14T09:14:54,300.0,27.3,S
2021-07-14T09:14:54,1000.0,27.3,S
2021-07-14T09:14:40,300.0,27.3,S
2021-07-14T09:13:13,500.0,27.3,S
2021-07-14T09:12:45,300.0,27.2,S
2021-07-14T09:11:43,500.0,27.2,S
2021-07-14T09:10:47,200.0,27.2,B
2021-07-14T09:10:41,100.0,27.2,S
2021-07-14T09:10:32,300.0,27.4,B
2021-07-14T09:10:13,200.0,27.2,S
2021-07-14T09:10:06,100.0,27.2,S
2021-07-14T09:10:06,7000.0,27.2,S
2021-07-14T09:09:46,10000.0,27.0,S
2021-07-14T09:09:42,500.0,27.2,S
2021-07-14T09:09:17,200.0,27.2,B
2021-07-14T09:08:52,200.0,27.2,S
2021-07-14T09:08:45,100.0,27.2,S
2021-07-14T09:08:29,400.0,27.2,S
2021-07-14T09:07:16,900.0,27.2,S
2021-07-14T09:07:02,700.0,27.3,B
2021-07-14T09:06:58,2000.0,27.3,S
2021-07-14T09:06:33,300.0,27.4,B
2021-07-14T09:06:27,300.0,27.3,S
2021-07-14T09:06:26,400.0,27.4,S
2021-07-14T09:06:06,1600.0,27.4,B
2021-07-14T09:05:46,2600.0,27.4,S
2021-07-14T09:04:57,100.0,27.4,B
2021-07-14T09:04:26,100.0,27.4,B
2021-07-14T09:03:43,5400.0,27.3,S
2021-07-14T09:03:42,100.0,27.6,B
2021-07-14T09:03:42,100.0,27.5,S
2021-07-14T09:03:34,100.0,27.5,S
2021-07-14T09:03:21,500.0,27.5,S
2021-07-14T09:03:15,1000.0,27.5,S
2021-07-14T09:03:07,100.0,27.5,S
2021-07-14T09:03:01,800.0,27.5,S
2021-07-14T09:03:00,200.0,27.5,B
2021-07-14T09:02:54,1000.0,27.5,S
2021-07-14T09:02:41,100.0,27.5,S
2021-07-14T09:02:33,8900.0,27.5,B
2021-07-14T09:02:26,8600.0,27.4,S
2021-07-14T09:02:16,300.0,27.4,S
2021-07-14T09:02:09,1000.0,27.4,S
2021-07-14T09:01:27,200.0,27.4,S
2021-07-14T09:00:58,100.0,27.4,S
2021-07-14T09:00:36,500.0,27.5,B
2021-07-14T09:00:26,500.0,27.5,B
2021-07-14T09:00:24,1000.0,27.5,B
2021-07-14T09:00:12,1000.0,27.5,B
2021-07-14T09:00:08,100.0,27.5,B
