tradingTime,volume,price,side
2021-07-14T14:29:13,15200.0,15.85,S
2021-07-14T14:28:55,14800.0,15.85,B
2021-07-14T14:28:48,2000.0,15.7,B
2021-07-14T14:28:36,200.0,15.7,B
2021-07-14T14:27:33,1200.0,15.7,S
2021-07-14T14:26:56,3000.0,15.7,S
2021-07-14T14:24:46,200.0,15.7,S
2021-07-14T14:24:27,1000.0,15.7,S
2021-07-14T14:21:19,200.0,15.7,B
2021-07-14T14:20:32,5200.0,15.7,B
2021-07-14T14:20:09,14600.0,15.7,S
2021-07-14T14:20:05,2700.0,15.8,S
2021-07-14T14:19:47,100.0,15.8,S
2021-07-14T14:19:12,5000.0,15.85,B
2021-07-14T14:17:28,500.0,15.85,B
2021-07-14T14:17:04,300.0,15.85,B
2021-07-14T14:16:26,5800.0,15.85,S
2021-07-14T14:16:16,100.0,15.85,S
2021-07-14T14:16:11,500.0,15.85,S
2021-07-14T14:15:37,100.0,15.85,S
2021-07-14T14:15:16,1000.0,15.85,B
2021-07-14T14:14:49,100.0,15.85,B
2021-07-14T14:14:26,200.0,15.85,B
2021-07-14T14:14:21,10000.0,15.85,B
2021-07-14T14:14:14,10000.0,15.85,B
2021-07-14T14:14:11,300.0,15.85,B
2021-07-14T14:13:52,3100.0,15.8,B
2021-07-14T14:13:46,5000.0,15.8,B
2021-07-14T14:13:39,100.0,15.8,B
2021-07-14T14:13:35,1000.0,15.8,B
2021-07-14T14:12:41,500.0,15.75,S
2021-07-14T14:12:33,2300.0,15.75,B
2021-07-14T14:12:33,6700.0,15.75,B
2021-07-14T14:12:15,100.0,15.75,B
2021-07-14T14:11:40,300.0,15.75,B
2021-07-14T14:11:26,1900.0,15.75,B
2021-07-14T14:11:14,1000.0,15.75,B
2021-07-14T14:11:08,5000.0,15.75,B
2021-07-14T14:10:36,200.0,15.7,B
2021-07-14T14:10:24,2000.0,15.7,B
2021-07-14T14:09:55,1000.0,15.7,B
2021-07-14T14:09:50,4000.0,15.7,B
2021-07-14T14:09:48,100.0,15.7,B
2021-07-14T14:08:55,700.0,15.7,B
2021-07-14T14:08:36,500.0,15.7,B
2021-07-14T14:08:11,300.0,15.7,B
2021-07-14T14:07:45,10000.0,15.7,B
2021-07-14T14:06:50,100.0,15.6,S
2021-07-14T14:06:06,1000.0,15.6,S
2021-07-14T14:05:51,800.0,15.6,S
2021-07-14T14:03:59,5000.0,15.6,B
2021-07-14T14:03:50,100.0,15.7,B
2021-07-14T14:03:42,4300.0,15.7,S
2021-07-14T14:03:31,700.0,15.6,B
2021-07-14T14:03:21,3400.0,15.6,B
2021-07-14T14:03:06,500.0,15.6,B
2021-07-14T14:03:02,100.0,15.6,B
2021-07-14T14:02:49,2200.0,15.6,B
2021-07-14T14:02:27,4700.0,15.5,B
2021-07-14T14:02:25,11500.0,15.5,B
2021-07-14T14:02:13,2800.0,15.5,B
2021-07-14T14:02:06,500.0,15.5,B
2021-07-14T14:02:04,1000.0,15.5,S
2021-07-14T14:02:04,6800.0,15.5,S
2021-07-14T14:02:04,300.0,15.5,S
2021-07-14T14:02:04,200.0,15.5,S
2021-07-14T14:02:04,1100.0,15.5,S
2021-07-14T14:02:04,10000.0,15.5,S
2021-07-14T14:02:04,11100.0,15.5,S
2021-07-14T14:02:04,22400.0,15.5,S
2021-07-14T14:02:04,12600.0,15.5,S
2021-07-14T14:02:04,11100.0,15.5,S
2021-07-14T14:02:04,100.0,15.5,S
2021-07-14T14:02:04,600.0,15.5,S
2021-07-14T14:02:04,2500.0,15.5,S
2021-07-14T14:02:04,1500.0,15.5,S
2021-07-14T14:02:04,5500.0,15.5,S
2021-07-14T14:02:04,600.0,15.5,S
2021-07-14T14:02:04,4000.0,15.5,S
2021-07-14T14:02:04,200.0,15.5,S
2021-07-14T14:02:04,6000.0,15.5,S
2021-07-14T14:02:04,5400.0,15.5,S
2021-07-14T14:02:04,100.0,15.5,S
2021-07-14T14:02:04,7500.0,15.5,S
2021-07-14T14:02:04,2000.0,15.5,S
2021-07-14T14:02:04,100.0,15.5,S
2021-07-14T14:02:04,1500.0,15.5,S
2021-07-14T14:02:04,3800.0,15.5,S
2021-07-14T14:02:04,100.0,15.5,S
2021-07-14T14:02:04,5800.0,15.5,S
2021-07-14T14:02:04,500.0,15.55,S
2021-07-14T14:02:04,17000.0,15.55,S
2021-07-14T14:02:04,3600.0,15.55,S
2021-07-14T14:02:04,5000.0,15.55,S
2021-07-14T14:02:04,600.0,15.55,S
2021-07-14T14:02:04,5400.0,15.55,S
2021-07-14T14:02:04,100.0,15.55,S
2021-07-14T14:02:04,300.0,15.55,S
2021-07-14T14:02:04,500.0,15.55,S
2021-07-14T14:02:04,200.0,15.55,S
2021-07-14T14:02:04,1800.0,15.55,S
2021-07-14T14:02:04,12600.0,15.55,S
2021-07-14T14:02:04,2000.0,15.55,S
2021-07-14T14:02:04,7000.0,15.55,S
2021-07-14T14:01:57,900.0,15.6,B
2021-07-14T14:01:49,1100.0,15.6,S
2021-07-14T14:01:49,100.0,15.6,S
2021-07-14T14:01:09,1000.0,15.6,S
2021-07-14T14:01:09,7700.0,15.6,S
2021-07-14T14:01:09,100.0,15.6,S
2021-07-14T14:01:09,1200.0,15.6,S
2021-07-14T13:59:29,10900.0,15.6,S
2021-07-14T13:59:29,13100.0,15.6,S
2021-07-14T13:59:29,400.0,15.65,S
2021-07-14T13:59:29,5600.0,15.65,S
2021-07-14T13:58:46,100.0,15.65,S
2021-07-14T13:56:20,11200.0,15.6,S
2021-07-14T13:56:20,31200.0,15.6,S
2021-07-14T13:56:20,10200.0,15.6,S
2021-07-14T13:56:20,900.0,15.6,S
2021-07-14T13:56:20,1100.0,15.6,S
2021-07-14T13:56:20,300.0,15.6,S
2021-07-14T13:56:20,700.0,15.6,S
2021-07-14T13:56:20,1200.0,15.6,S
2021-07-14T13:56:20,2500.0,15.6,S
2021-07-14T13:56:20,3600.0,15.6,S
2021-07-14T13:56:20,800.0,15.6,S
2021-07-14T13:56:20,9100.0,15.6,S
2021-07-14T13:56:20,300.0,15.65,S
2021-07-14T13:56:20,3200.0,15.65,S
2021-07-14T13:56:20,20500.0,15.65,S
2021-07-14T13:56:20,3200.0,15.65,S
2021-07-14T13:56:07,3000.0,15.85,B
2021-07-14T13:55:02,300.0,15.8,B
2021-07-14T13:53:56,200.0,15.8,B
2021-07-14T13:53:11,2200.0,15.8,S
2021-07-14T13:53:00,2800.0,15.8,B
2021-07-14T13:52:01,100.0,15.8,B
2021-07-14T13:51:35,4100.0,15.8,S
2021-07-14T13:51:16,1200.0,15.85,B
2021-07-14T13:49:55,2000.0,15.85,S
2021-07-14T13:46:49,9300.0,15.8,S
2021-07-14T13:46:44,1000.0,15.7,B
2021-07-14T13:46:19,5000.0,15.7,B
2021-07-14T13:46:03,3000.0,15.7,B
2021-07-14T13:45:58,8000.0,15.7,B
2021-07-14T13:45:48,3000.0,15.7,B
2021-07-14T13:45:12,100.0,15.7,B
2021-07-14T13:44:59,2500.0,15.7,B
2021-07-14T13:44:46,2000.0,15.7,B
2021-07-14T13:43:49,7200.0,15.65,S
2021-07-14T13:43:49,5600.0,15.65,S
2021-07-14T13:43:49,300.0,15.65,S
2021-07-14T13:42:44,11900.0,15.7,S
2021-07-14T13:38:31,5400.0,15.6,S
2021-07-14T13:38:31,4600.0,15.7,S
2021-07-14T13:38:20,300.0,15.8,B
2021-07-14T13:36:51,1300.0,15.8,S
2021-07-14T13:36:44,100.0,15.95,B
2021-07-14T13:34:58,300.0,15.95,B
2021-07-14T13:33:59,1100.0,15.95,S
2021-07-14T13:32:51,20000.0,15.95,S
2021-07-14T13:31:05,100.0,16.0,B
2021-07-14T13:30:28,200.0,16.0,S
2021-07-14T13:30:12,500.0,16.0,B
2021-07-14T13:30:08,10000.0,16.0,S
2021-07-14T13:29:46,29500.0,16.0,B
2021-07-14T13:29:22,3700.0,16.0,B
2021-07-14T13:29:22,2300.0,16.0,B
2021-07-14T13:29:18,1000.0,16.0,B
2021-07-14T13:28:37,5000.0,16.0,B
2021-07-14T13:28:33,500.0,16.0,B
2021-07-14T13:28:33,2000.0,15.95,S
2021-07-14T13:27:30,12700.0,16.0,B
2021-07-14T13:27:30,3400.0,16.0,B
2021-07-14T13:27:30,1000.0,16.0,B
2021-07-14T13:27:30,25000.0,16.0,B
2021-07-14T13:27:12,26900.0,15.95,B
2021-07-14T13:27:00,7900.0,15.8,B
2021-07-14T13:26:01,200.0,15.7,S
2021-07-14T13:25:34,200.0,15.7,B
2021-07-14T13:24:58,1600.0,15.7,B
2021-07-14T13:24:29,100.0,15.7,B
2021-07-14T13:23:40,100.0,15.7,B
2021-07-14T13:23:26,1300.0,15.7,B
2021-07-14T13:23:20,100.0,15.6,S
2021-07-14T13:21:48,900.0,15.7,B
2021-07-14T13:21:48,9100.0,15.7,B
2021-07-14T13:19:23,500.0,15.6,S
2021-07-14T13:18:17,500.0,15.6,S
2021-07-14T13:16:44,500.0,15.55,S
2021-07-14T13:16:19,3500.0,15.55,S
2021-07-14T13:16:19,5600.0,15.55,S
2021-07-14T13:16:19,900.0,15.6,S
2021-07-14T13:15:58,100.0,15.7,B
2021-07-14T13:14:48,300.0,15.6,B
2021-07-14T13:14:40,200.0,15.6,B
2021-07-14T13:14:35,12600.0,15.6,S
2021-07-14T13:14:27,100.0,15.7,B
2021-07-14T13:12:14,2400.0,15.6,B
2021-07-14T13:12:09,3000.0,15.6,B
2021-07-14T13:12:07,100.0,15.6,B
2021-07-14T13:12:03,100.0,15.6,B
2021-07-14T13:12:03,10000.0,15.6,B
2021-07-14T13:12:00,500.0,15.6,B
2021-07-14T13:11:57,1000.0,15.6,B
2021-07-14T13:11:48,5000.0,15.6,B
2021-07-14T13:11:40,5000.0,15.6,B
2021-07-14T13:11:37,100.0,15.6,B
2021-07-14T13:11:30,2500.0,15.6,B
2021-07-14T13:11:14,2000.0,15.6,B
2021-07-14T13:10:59,5000.0,15.6,B
2021-07-14T13:10:51,200.0,15.6,B
2021-07-14T13:10:38,1000.0,15.55,S
2021-07-14T13:10:12,5000.0,15.6,S
2021-07-14T13:10:12,8600.0,15.6,S
2021-07-14T13:10:00,500.0,15.7,B
2021-07-14T13:09:56,1000.0,15.7,B
2021-07-14T13:09:46,400.0,15.65,B
2021-07-14T13:09:12,200.0,15.65,B
2021-07-14T13:09:06,100.0,15.65,B
2021-07-14T13:09:00,400.0,15.65,B
2021-07-14T13:08:56,100.0,15.6,S
2021-07-14T13:08:20,600.0,15.6,B
2021-07-14T13:08:08,200.0,15.6,B
2021-07-14T13:08:00,1000.0,15.6,B
2021-07-14T13:07:55,20000.0,15.6,B
2021-07-14T13:07:39,200.0,15.6,B
2021-07-14T13:07:30,100.0,15.6,B
2021-07-14T13:07:11,200.0,15.6,B
2021-07-14T13:06:35,15000.0,15.6,S
2021-07-14T13:06:35,3500.0,15.6,S
2021-07-14T13:06:35,100.0,15.6,S
2021-07-14T13:06:35,2600.0,15.6,S
2021-07-14T13:06:35,6500.0,15.6,S
2021-07-14T13:05:51,200.0,15.65,B
2021-07-14T13:05:42,1000.0,15.6,S
2021-07-14T13:05:27,3800.0,15.65,S
2021-07-14T13:05:26,300.0,15.65,S
2021-07-14T13:05:05,2100.0,15.65,S
2021-07-14T13:05:05,2200.0,15.65,S
2021-07-14T13:05:05,700.0,15.65,S
2021-07-14T13:04:59,300.0,15.65,S
2021-07-14T13:04:23,1500.0,15.7,B
2021-07-14T13:04:23,7700.0,15.7,S
2021-07-14T13:04:11,300.0,15.7,S
2021-07-14T13:04:10,1000.0,15.7,S
2021-07-14T13:02:27,2000.0,15.7,S
2021-07-14T13:02:13,4200.0,15.7,S
2021-07-14T13:02:13,1100.0,15.7,S
2021-07-14T13:02:13,700.0,15.7,S
2021-07-14T13:02:07,1700.0,15.7,S
2021-07-14T13:01:36,6800.0,15.7,S
2021-07-14T13:01:36,2000.0,15.7,S
2021-07-14T13:01:36,900.0,15.7,S
2021-07-14T13:01:36,3300.0,15.7,S
2021-07-14T13:01:36,3200.0,15.7,S
2021-07-14T13:01:36,100.0,15.7,S
2021-07-14T13:01:35,2100.0,15.7,S
2021-07-14T13:01:35,700.0,15.7,S
2021-07-14T13:01:35,3300.0,15.7,S
2021-07-14T13:01:35,200.0,15.7,S
2021-07-14T13:01:35,5000.0,15.7,S
2021-07-14T13:01:35,800.0,15.7,S
2021-07-14T13:01:35,1600.0,15.7,S
2021-07-14T13:00:55,1000.0,15.8,S
2021-07-14T13:00:39,2800.0,15.8,S
2021-07-14T13:00:18,200.0,15.8,B
2021-07-14T13:00:18,700.0,15.75,B
2021-07-14T13:00:18,1600.0,15.75,S
2021-07-14T13:00:16,600.0,15.8,S
2021-07-14T13:00:16,100.0,15.8,S
2021-07-14T13:00:13,20000.0,15.75,S
2021-07-14T13:00:13,8100.0,15.95,B
2021-07-14T13:00:13,2100.0,15.95,B
2021-07-14T13:00:13,7500.0,15.8,S
2021-07-14T13:00:12,1000.0,15.8,B
2021-07-14T13:00:08,3600.0,15.8,B
2021-07-14T13:00:08,10000.0,15.7,S
2021-07-14T13:00:08,8000.0,15.7,S
2021-07-14T13:00:08,100.0,15.75,S
2021-07-14T13:00:08,200.0,15.75,S
2021-07-14T13:00:08,23300.0,15.75,S
2021-07-14T13:00:00,2400.0,15.75,S
2021-07-14T11:28:42,100.0,15.75,S
2021-07-14T11:28:11,500.0,15.75,S
2021-07-14T11:28:04,2000.0,15.8,B
2021-07-14T11:28:02,3900.0,15.8,S
2021-07-14T11:27:48,5000.0,15.8,S
2021-07-14T11:27:46,500.0,15.8,S
2021-07-14T11:27:43,200.0,15.8,S
2021-07-14T11:27:36,400.0,15.8,B
2021-07-14T11:27:02,2300.0,15.8,B
2021-07-14T11:27:02,2700.0,15.8,B
2021-07-14T11:26:50,10000.0,15.8,B
2021-07-14T11:26:31,1000.0,15.8,B
2021-07-14T11:26:19,500.0,15.8,B
2021-07-14T11:26:09,500.0,15.8,B
2021-07-14T11:25:47,100.0,15.8,B
2021-07-14T11:24:13,500.0,15.8,B
2021-07-14T11:23:27,5300.0,15.8,S
2021-07-14T11:23:27,400.0,15.8,S
2021-07-14T11:23:27,4100.0,15.8,S
2021-07-14T11:23:27,14900.0,15.8,S
2021-07-14T11:23:10,200.0,15.8,S
2021-07-14T11:22:38,500.0,15.8,S
2021-07-14T11:22:23,1000.0,15.9,B
2021-07-14T11:20:52,100.0,15.9,B
2021-07-14T11:20:09,4000.0,15.8,S
2021-07-14T11:19:46,5300.0,15.8,B
2021-07-14T11:19:41,200.0,15.8,B
2021-07-14T11:19:38,10000.0,15.8,B
2021-07-14T11:19:38,100.0,15.8,B
2021-07-14T11:19:36,100.0,15.8,B
2021-07-14T11:19:28,10000.0,15.8,B
2021-07-14T11:19:14,5000.0,15.8,B
2021-07-14T11:19:10,900.0,15.8,B
2021-07-14T11:19:08,500.0,15.8,B
2021-07-14T11:19:03,10000.0,15.8,B
2021-07-14T11:18:42,100.0,15.8,B
2021-07-14T11:18:23,3000.0,15.8,B
2021-07-14T11:18:01,600.0,15.75,S
2021-07-14T11:17:38,100.0,15.8,B
2021-07-14T11:16:40,1600.0,15.75,S
2021-07-14T11:16:39,5000.0,15.75,B
2021-07-14T11:16:39,100.0,15.75,B
2021-07-14T11:16:23,100.0,15.75,B
2021-07-14T11:16:20,100.0,15.75,B
2021-07-14T11:15:54,800.0,15.75,S
2021-07-14T11:15:54,12400.0,15.75,S
2021-07-14T11:15:40,300.0,15.8,B
2021-07-14T11:15:26,5000.0,15.75,S
2021-07-14T11:15:16,500.0,15.8,B
2021-07-14T11:15:13,1000.0,15.8,B
2021-07-14T11:15:06,900.0,15.8,B
2021-07-14T11:14:41,100.0,15.8,B
2021-07-14T11:14:24,5100.0,15.75,S
2021-07-14T11:14:24,200.0,15.75,S
2021-07-14T11:14:24,19700.0,15.75,S
2021-07-14T11:14:20,2000.0,15.8,B
2021-07-14T11:14:16,500.0,15.8,B
2021-07-14T11:14:12,200.0,15.8,B
2021-07-14T11:14:07,1000.0,15.8,B
2021-07-14T11:14:00,500.0,15.8,B
2021-07-14T11:12:18,100.0,15.8,S
2021-07-14T11:12:18,1200.0,15.8,S
2021-07-14T11:12:05,2000.0,15.8,S
2021-07-14T11:11:56,1000.0,15.8,S
2021-07-14T11:09:18,2300.0,15.8,S
2021-07-14T11:09:18,2300.0,15.8,S
2021-07-14T11:09:18,100.0,15.8,S
2021-07-14T11:09:18,5300.0,15.8,S
2021-07-14T11:06:48,1000.0,15.9,B
2021-07-14T11:03:46,2000.0,15.9,B
2021-07-14T11:01:36,100.0,15.9,S
2021-07-14T11:01:17,40000.0,15.8,S
2021-07-14T11:01:17,100.0,15.95,B
2021-07-14T10:57:07,1000.0,16.0,B
2021-07-14T10:56:28,1600.0,15.9,B
2021-07-14T10:54:50,1000.0,15.8,S
2021-07-14T10:54:13,1900.0,15.8,S
2021-07-14T10:54:13,100.0,15.8,S
2021-07-14T10:53:12,2000.0,15.8,S
2021-07-14T10:52:20,27900.0,15.8,B
2021-07-14T10:52:19,5000.0,15.8,B
2021-07-14T10:52:13,1000.0,15.8,B
2021-07-14T10:52:02,100.0,15.8,B
2021-07-14T10:52:02,15000.0,15.8,B
2021-07-14T10:50:54,500.0,15.75,S
2021-07-14T10:50:54,500.0,15.75,S
2021-07-14T10:50:42,100.0,15.8,B
2021-07-14T10:49:25,900.0,15.8,S
2021-07-14T10:48:39,6900.0,15.8,S
2021-07-14T10:48:39,18100.0,15.8,S
2021-07-14T10:48:17,1000.0,15.8,S
2021-07-14T10:47:42,29000.0,15.8,S
2021-07-14T10:46:32,16000.0,15.8,S
2021-07-14T10:44:53,100.0,15.8,S
2021-07-14T10:44:48,1000.0,15.8,B
2021-07-14T10:44:48,500.0,15.8,B
2021-07-14T10:44:43,2000.0,15.8,B
2021-07-14T10:44:38,1000.0,15.8,B
2021-07-14T10:44:37,300.0,15.8,B
2021-07-14T10:44:36,1000.0,15.8,B
2021-07-14T10:44:33,2000.0,15.8,B
2021-07-14T10:44:27,1000.0,15.8,B
2021-07-14T10:43:57,3500.0,15.8,S
2021-07-14T10:43:57,1000.0,15.8,S
2021-07-14T10:43:57,5300.0,15.8,S
2021-07-14T10:43:57,100.0,15.8,S
2021-07-14T10:43:57,300.0,15.8,S
2021-07-14T10:43:57,24800.0,15.8,S
2021-07-14T10:43:57,6100.0,15.85,S
2021-07-14T10:42:40,200.0,16.0,B
2021-07-14T10:42:13,4000.0,16.0,B
2021-07-14T10:41:59,27400.0,16.0,B
2021-07-14T10:41:39,200.0,16.0,B
2021-07-14T10:37:12,1100.0,15.95,S
2021-07-14T10:36:26,500.0,15.9,B
2021-07-14T10:36:02,100.0,15.9,B
2021-07-14T10:35:44,2000.0,15.9,B
2021-07-14T10:35:19,300.0,15.9,B
2021-07-14T10:35:17,600.0,15.9,S
2021-07-14T10:35:17,400.0,15.9,S
2021-07-14T10:35:17,25000.0,15.9,S
2021-07-14T10:35:17,500.0,15.9,S
2021-07-14T10:35:17,10000.0,15.9,S
2021-07-14T10:35:17,8000.0,15.9,S
2021-07-14T10:35:17,42600.0,15.9,S
2021-07-14T10:34:18,500.0,15.95,S
2021-07-14T10:32:54,100.0,15.95,S
2021-07-14T10:32:31,100.0,15.95,B
2021-07-14T10:32:15,100.0,15.95,B
2021-07-14T10:32:03,7700.0,15.95,S
2021-07-14T10:32:03,2100.0,15.95,S
2021-07-14T10:32:03,1000.0,15.95,S
2021-07-14T10:31:42,100.0,16.0,B
2021-07-14T10:31:06,200.0,16.0,B
2021-07-14T10:30:37,200.0,16.0,B
2021-07-14T10:30:22,200.0,16.0,B
2021-07-14T10:30:13,5000.0,16.0,B
2021-07-14T10:30:12,1000.0,16.0,B
2021-07-14T10:30:08,200.0,16.0,B
2021-07-14T10:29:50,9900.0,16.0,B
2021-07-14T10:29:48,2300.0,16.0,S
2021-07-14T10:29:36,200.0,16.1,B
2021-07-14T10:29:15,9000.0,16.1,S
2021-07-14T10:29:06,1000.0,16.1,S
2021-07-14T10:28:59,8100.0,16.0,B
2021-07-14T10:28:56,1000.0,16.0,B
2021-07-14T10:28:56,11000.0,16.0,S
2021-07-14T10:28:56,6100.0,16.0,S
2021-07-14T10:28:56,7700.0,16.0,S
2021-07-14T10:28:56,5200.0,16.0,S
2021-07-14T10:28:56,800.0,16.0,S
2021-07-14T10:28:56,500.0,16.0,S
2021-07-14T10:28:56,1400.0,16.0,S
2021-07-14T10:28:56,300.0,16.0,S
2021-07-14T10:28:56,10300.0,16.0,S
2021-07-14T10:28:56,13500.0,16.0,S
2021-07-14T10:28:56,200.0,16.0,S
2021-07-14T10:28:56,1300.0,16.0,S
2021-07-14T10:28:56,3200.0,16.0,S
2021-07-14T10:28:56,1100.0,16.0,S
2021-07-14T10:28:56,400.0,16.0,S
2021-07-14T10:28:56,1400.0,16.0,S
2021-07-14T10:28:56,200.0,16.0,S
2021-07-14T10:28:56,200.0,16.0,S
2021-07-14T10:28:56,26100.0,16.0,S
2021-07-14T10:28:47,3200.0,16.0,S
2021-07-14T10:28:47,3500.0,16.0,S
2021-07-14T10:28:47,5900.0,16.0,S
2021-07-14T10:28:47,2000.0,16.05,S
2021-07-14T10:28:47,9800.0,16.05,S
2021-07-14T10:28:47,1200.0,16.05,S
2021-07-14T10:28:47,7200.0,16.05,S
2021-07-14T10:28:47,200.0,16.05,S
2021-07-14T10:28:47,17000.0,16.05,S
2021-07-14T10:27:39,200.0,16.1,S
2021-07-14T10:27:24,100.0,16.15,B
2021-07-14T10:26:37,100.0,16.15,B
2021-07-14T10:26:21,400.0,16.1,S
2021-07-14T10:24:22,3100.0,16.15,B
2021-07-14T10:24:20,1000.0,16.1,B
2021-07-14T10:23:09,200.0,16.1,B
2021-07-14T10:22:58,2100.0,16.1,S
2021-07-14T10:20:39,900.0,16.1,B
2021-07-14T10:17:59,300.0,16.1,B
2021-07-14T10:17:42,800.0,16.1,B
2021-07-14T10:15:33,100.0,16.1,S
2021-07-14T10:15:23,1400.0,16.1,B
2021-07-14T10:15:12,3000.0,16.1,B
2021-07-14T10:13:34,5000.0,16.05,S
2021-07-14T10:13:06,1000.0,16.05,S
2021-07-14T10:11:37,500.0,16.1,B
2021-07-14T10:11:11,4400.0,16.1,S
2021-07-14T10:11:04,3000.0,16.1,S
2021-07-14T10:10:51,150000.0,16.1,S
2021-07-14T10:10:26,2500.0,16.15,S
2021-07-14T10:10:04,100.0,16.15,S
2021-07-14T10:09:46,100.0,16.15,S
2021-07-14T10:08:52,100.0,16.15,B
2021-07-14T10:07:53,1000.0,16.15,S
2021-07-14T10:07:44,900.0,16.2,B
2021-07-14T10:06:20,500.0,16.2,B
2021-07-14T10:06:09,2400.0,16.2,B
2021-07-14T10:05:52,100.0,16.2,B
2021-07-14T10:05:36,1000.0,16.2,B
2021-07-14T10:03:55,100.0,16.2,B
2021-07-14T10:03:22,1000.0,16.2,B
2021-07-14T10:02:26,5000.0,16.2,B
2021-07-14T10:02:11,2800.0,16.2,B
2021-07-14T10:02:11,3000.0,16.2,B
2021-07-14T10:02:11,87600.0,16.2,B
2021-07-14T10:02:11,6600.0,16.15,B
2021-07-14T10:01:52,10000.0,16.1,B
2021-07-14T10:01:52,15100.0,16.1,B
2021-07-14T10:00:09,22600.0,16.05,S
2021-07-14T10:00:09,9800.0,16.05,S
2021-07-14T10:00:09,17100.0,16.05,S
2021-07-14T10:00:09,500.0,16.05,S
2021-07-14T09:59:53,800.0,16.1,B
2021-07-14T09:58:16,1000.0,16.1,B
2021-07-14T09:58:08,1000.0,16.1,B
2021-07-14T09:57:38,2500.0,16.1,B
2021-07-14T09:57:01,3000.0,16.1,S
2021-07-14T09:55:51,13500.0,16.1,B
2021-07-14T09:55:33,1000.0,16.1,B
2021-07-14T09:55:21,100.0,16.1,B
2021-07-14T09:55:12,1100.0,16.1,B
2021-07-14T09:54:43,100.0,16.1,B
2021-07-14T09:54:32,3000.0,16.1,B
2021-07-14T09:54:24,2500.0,16.1,B
2021-07-14T09:54:23,200.0,16.1,B
2021-07-14T09:54:18,1000.0,16.1,B
2021-07-14T09:54:16,100.0,16.1,B
2021-07-14T09:53:56,16800.0,16.1,B
2021-07-14T09:52:36,5600.0,16.1,S
2021-07-14T09:52:36,900.0,16.1,S
2021-07-14T09:52:02,600.0,16.1,S
2021-07-14T09:51:13,100.0,16.1,S
2021-07-14T09:50:55,500.0,16.1,S
2021-07-14T09:50:51,500.0,16.1,S
2021-07-14T09:50:14,2400.0,16.1,S
2021-07-14T09:50:09,100.0,16.1,B
2021-07-14T09:49:23,3000.0,16.1,B
2021-07-14T09:48:47,2000.0,16.1,B
2021-07-14T09:48:33,200.0,16.1,B
2021-07-14T09:48:28,300.0,16.1,B
2021-07-14T09:47:52,19400.0,16.1,S
2021-07-14T09:47:52,10000.0,16.1,S
2021-07-14T09:47:52,12600.0,16.1,S
2021-07-14T09:47:08,200.0,16.1,S
2021-07-14T09:46:49,100.0,16.1,S
2021-07-14T09:43:09,9000.0,16.1,S
2021-07-14T09:42:07,700.0,16.1,B
2021-07-14T09:41:43,40000.0,16.1,B
2021-07-14T09:41:28,500.0,16.05,S
2021-07-14T09:41:22,500.0,16.1,B
2021-07-14T09:41:19,200.0,16.1,B
2021-07-14T09:40:50,1100.0,16.1,B
2021-07-14T09:40:37,7500.0,16.1,S
2021-07-14T09:40:35,1500.0,16.15,B
2021-07-14T09:39:57,2000.0,16.1,S
2021-07-14T09:39:48,6000.0,16.1,B
2021-07-14T09:39:47,200.0,16.1,B
2021-07-14T09:39:44,100.0,16.1,B
2021-07-14T09:39:42,2000.0,16.1,B
2021-07-14T09:39:42,200.0,16.1,B
2021-07-14T09:39:41,1000.0,16.1,B
2021-07-14T09:39:40,2500.0,16.1,B
2021-07-14T09:39:32,20000.0,16.1,B
2021-07-14T09:39:21,500.0,16.1,B
2021-07-14T09:39:20,600.0,16.1,B
2021-07-14T09:39:16,5000.0,16.1,B
2021-07-14T09:39:08,2000.0,16.1,B
2021-07-14T09:38:48,4000.0,16.1,B
2021-07-14T09:38:40,3200.0,16.1,B
2021-07-14T09:38:38,10000.0,16.1,B
2021-07-14T09:38:28,500.0,16.1,B
2021-07-14T09:38:18,3900.0,16.1,B
2021-07-14T09:38:10,500.0,16.1,B
2021-07-14T09:38:03,500.0,16.1,B
2021-07-14T09:37:53,500.0,16.1,B
2021-07-14T09:37:45,200.0,16.1,B
2021-07-14T09:37:24,2000.0,16.1,B
2021-07-14T09:36:51,1000.0,16.1,B
2021-07-14T09:36:49,3100.0,16.1,B
2021-07-14T09:36:33,4000.0,16.05,S
2021-07-14T09:36:14,10000.0,16.1,B
2021-07-14T09:36:13,13900.0,16.1,B
2021-07-14T09:35:57,500.0,16.1,B
2021-07-14T09:35:38,300.0,16.1,B
2021-07-14T09:35:29,100.0,16.1,B
2021-07-14T09:35:24,200.0,16.1,B
2021-07-14T09:34:54,100.0,16.1,B
2021-07-14T09:34:12,100.0,16.1,B
2021-07-14T09:33:52,1000.0,16.1,B
2021-07-14T09:33:43,9200.0,16.1,S
2021-07-14T09:33:43,1100.0,16.1,S
2021-07-14T09:33:43,5500.0,16.1,S
2021-07-14T09:33:43,3500.0,16.1,S
2021-07-14T09:33:07,300.0,16.1,B
2021-07-14T09:33:07,2000.0,16.1,B
2021-07-14T09:33:06,100.0,16.1,B
2021-07-14T09:32:58,10000.0,16.1,B
2021-07-14T09:32:42,2000.0,16.1,B
2021-07-14T09:32:34,10000.0,16.1,B
2021-07-14T09:32:33,100.0,16.1,B
2021-07-14T09:32:11,100.0,16.1,B
2021-07-14T09:32:05,2000.0,16.1,B
2021-07-14T09:32:02,500.0,16.1,B
2021-07-14T09:32:00,10000.0,16.1,B
2021-07-14T09:31:45,13300.0,16.1,S
2021-07-14T09:31:14,500.0,16.15,B
2021-07-14T09:30:52,300.0,16.15,B
2021-07-14T09:30:50,300.0,16.15,B
2021-07-14T09:30:18,300.0,16.15,B
2021-07-14T09:28:05,3000.0,16.1,S
2021-07-14T09:27:42,3000.0,16.1,S
2021-07-14T09:26:20,100.0,16.1,S
2021-07-14T09:26:05,1000.0,16.1,S
2021-07-14T09:25:47,1000.0,16.1,S
2021-07-14T09:25:29,100.0,16.1,S
2021-07-14T09:25:29,1000.0,16.1,B
2021-07-14T09:25:17,2500.0,16.1,B
2021-07-14T09:25:17,200.0,16.1,B
2021-07-14T09:24:53,3200.0,16.1,S
2021-07-14T09:24:53,11100.0,16.1,S
2021-07-14T09:24:53,2100.0,16.1,S
2021-07-14T09:24:01,5000.0,16.1,S
2021-07-14T09:23:42,5000.0,16.1,S
2021-07-14T09:23:26,500.0,16.15,B
2021-07-14T09:22:36,2300.0,16.15,S
2021-07-14T09:22:36,1000.0,16.15,S
2021-07-14T09:22:32,500.0,16.15,S
2021-07-14T09:22:23,500.0,16.15,S
2021-07-14T09:22:11,500.0,16.15,S
2021-07-14T09:22:04,5600.0,16.15,S
2021-07-14T09:21:46,1000.0,16.15,S
2021-07-14T09:21:31,4000.0,16.2,S
2021-07-14T09:21:15,200.0,16.2,S
2021-07-14T09:21:03,3000.0,16.2,S
2021-07-14T09:21:02,300.0,16.2,S
2021-07-14T09:20:42,1000.0,16.25,B
2021-07-14T09:20:36,100.0,16.25,B
2021-07-14T09:19:48,500.0,16.25,B
2021-07-14T09:19:19,100.0,16.2,S
2021-07-14T09:19:12,100.0,16.2,S
2021-07-14T09:19:09,500.0,16.25,B
2021-07-14T09:18:54,200.0,16.2,S
2021-07-14T09:18:26,200.0,16.2,B
2021-07-14T09:18:26,500.0,16.2,B
2021-07-14T09:18:23,500.0,16.2,S
2021-07-14T09:18:23,300.0,16.2,S
2021-07-14T09:18:22,200.0,16.2,S
2021-07-14T09:18:01,3500.0,16.2,S
2021-07-14T09:18:01,20000.0,16.2,B
2021-07-14T09:17:58,200.0,16.2,B
2021-07-14T09:17:32,2100.0,16.15,S
2021-07-14T09:17:21,300.0,16.15,B
2021-07-14T09:17:11,100.0,16.15,B
2021-07-14T09:16:42,200.0,16.15,B
2021-07-14T09:16:24,200.0,16.1,S
