tradingTime,volume,price,side
2021-07-14T14:29:04,200.0,60.0,B
2021-07-14T14:29:01,100.0,60.0,B
2021-07-14T14:28:56,900.0,60.0,B
2021-07-14T14:28:48,100.0,60.0,B
2021-07-14T14:27:59,300.0,60.0,S
2021-07-14T14:27:59,1000.0,60.0,S
2021-07-14T14:27:59,100.0,60.0,S
2021-07-14T14:27:59,5200.0,60.0,S
2021-07-14T14:27:59,300.0,60.0,S
2021-07-14T14:27:59,600.0,60.0,S
2021-07-14T14:27:59,6200.0,60.1,S
2021-07-14T14:24:25,600.0,60.2,S
2021-07-14T14:23:33,500.0,60.2,S
2021-07-14T14:22:23,300.0,60.2,S
2021-07-14T14:21:17,400.0,60.4,B
2021-07-14T14:20:52,100.0,60.3,B
2021-07-14T14:17:28,200.0,60.3,S
2021-07-14T14:15:12,500.0,60.2,S
2021-07-14T14:14:32,300.0,60.4,B
2021-07-14T14:14:11,100.0,60.4,B
2021-07-14T14:11:26,500.0,60.3,S
2021-07-14T14:11:19,1000.0,60.4,B
2021-07-14T14:11:05,500.0,60.4,B
2021-07-14T14:08:39,1000.0,60.4,B
2021-07-14T14:06:44,600.0,60.4,S
2021-07-14T14:06:10,500.0,60.5,B
2021-07-14T14:04:01,3300.0,60.5,S
2021-07-14T14:03:57,300.0,60.5,S
2021-07-14T14:03:55,1000.0,60.5,S
2021-07-14T14:03:26,500.0,60.5,S
2021-07-14T13:59:37,6800.0,60.5,S
2021-07-14T13:58:46,500.0,60.5,S
2021-07-14T13:53:12,500.0,60.5,S
2021-07-14T13:50:55,100.0,60.6,S
2021-07-14T13:48:56,100.0,60.6,S
2021-07-14T13:47:20,2200.0,60.6,S
2021-07-14T13:46:11,3000.0,60.6,S
2021-07-14T13:45:44,700.0,60.6,S
2021-07-14T13:45:33,200.0,60.6,S
2021-07-14T13:45:14,500.0,60.6,S
2021-07-14T13:41:41,300.0,60.6,S
2021-07-14T13:40:26,500.0,60.6,S
2021-07-14T13:38:50,2400.0,60.5,B
2021-07-14T13:38:26,100.0,60.5,S
2021-07-14T13:37:40,4000.0,60.5,S
2021-07-14T13:37:32,10000.0,61.0,B
2021-07-14T13:33:17,1500.0,61.0,B
2021-07-14T13:29:03,2000.0,60.5,B
2021-07-14T13:27:48,100.0,60.4,B
2021-07-14T13:27:28,900.0,60.4,B
2021-07-14T13:27:18,100.0,60.2,S
2021-07-14T13:23:18,100.0,60.1,S
2021-07-14T13:22:16,600.0,60.1,B
2021-07-14T13:20:51,100.0,59.8,S
2021-07-14T13:19:18,1000.0,60.0,S
2021-07-14T13:18:52,100.0,60.1,B
2021-07-14T13:12:49,200.0,60.1,S
2021-07-14T13:11:50,700.0,60.3,B
2021-07-14T13:10:51,1000.0,60.2,B
2021-07-14T13:09:24,100.0,60.2,B
2021-07-14T13:09:03,100.0,60.0,B
2021-07-14T13:08:46,2000.0,60.0,B
2021-07-14T13:08:38,100.0,60.0,B
2021-07-14T13:07:01,100.0,60.0,B
2021-07-14T13:06:23,300.0,60.0,B
2021-07-14T13:06:22,200.0,59.9,B
2021-07-14T13:04:52,100.0,59.6,B
2021-07-14T13:04:42,200.0,59.6,S
2021-07-14T13:03:50,900.0,59.8,S
2021-07-14T13:03:28,1000.0,59.8,S
2021-07-14T13:03:17,1900.0,59.8,S
2021-07-14T13:03:01,100.0,59.9,S
2021-07-14T13:02:48,4600.0,60.0,S
2021-07-14T13:02:32,1000.0,60.0,S
2021-07-14T13:02:21,2100.0,60.0,S
2021-07-14T13:02:21,2100.0,60.0,S
2021-07-14T13:02:21,3000.0,60.0,S
2021-07-14T13:02:21,1200.0,60.0,S
2021-07-14T13:02:21,600.0,60.0,S
2021-07-14T13:02:21,7100.0,60.1,S
2021-07-14T13:02:03,1100.0,60.2,S
2021-07-14T13:02:03,100.0,60.3,B
2021-07-14T13:00:18,100.0,60.3,B
2021-07-14T13:00:18,100.0,60.3,B
2021-07-14T13:00:16,500.0,60.3,B
2021-07-14T13:00:13,5000.0,60.2,S
2021-07-14T13:00:13,100.0,60.3,B
2021-07-14T13:00:12,100.0,60.3,S
2021-07-14T11:30:00,200.0,60.3,S
2021-07-14T11:29:21,500.0,60.3,S
2021-07-14T11:29:05,200.0,60.3,S
2021-07-14T11:28:39,600.0,60.3,S
2021-07-14T11:28:38,500.0,60.3,S
2021-07-14T11:28:19,2000.0,60.4,B
2021-07-14T11:28:14,500.0,60.3,S
2021-07-14T11:27:10,100.0,60.4,B
2021-07-14T11:16:50,200.0,60.3,S
2021-07-14T11:16:15,100.0,60.5,B
2021-07-14T11:09:29,300.0,60.2,S
2021-07-14T11:09:29,100.0,60.3,S
2021-07-14T11:09:29,300.0,60.3,S
2021-07-14T11:09:29,700.0,60.4,S
2021-07-14T11:09:29,200.0,60.4,S
2021-07-14T11:09:29,100.0,60.4,S
2021-07-14T11:09:29,2300.0,60.4,S
2021-07-14T11:02:55,100.0,60.5,S
2021-07-14T11:01:50,300.0,60.5,S
2021-07-14T11:01:04,400.0,60.5,B
2021-07-14T11:00:37,1000.0,60.5,B
2021-07-14T11:00:09,600.0,60.5,S
2021-07-14T10:53:48,100.0,60.9,B
2021-07-14T10:52:34,100.0,60.9,B
2021-07-14T10:49:50,200.0,60.5,S
2021-07-14T10:47:03,400.0,60.5,S
2021-07-14T10:47:03,800.0,60.5,S
2021-07-14T10:47:03,3000.0,60.5,S
2021-07-14T10:47:03,1800.0,60.5,S
2021-07-14T10:45:18,500.0,60.9,S
2021-07-14T10:45:03,100.0,60.9,B
2021-07-14T10:44:59,200.0,60.9,B
2021-07-14T10:44:59,100.0,60.9,B
2021-07-14T10:36:25,3200.0,60.5,B
2021-07-14T10:35:36,200.0,60.5,B
2021-07-14T10:34:32,100.0,60.5,B
2021-07-14T10:33:32,100.0,60.5,B
2021-07-14T10:33:24,900.0,60.5,B
2021-07-14T10:33:16,500.0,60.5,B
2021-07-14T10:32:42,300.0,60.5,B
2021-07-14T10:32:21,3000.0,60.5,B
2021-07-14T10:31:32,1700.0,60.5,S
2021-07-14T10:31:10,2900.0,61.0,S
2021-07-14T10:31:10,100.0,61.2,S
2021-07-14T10:30:55,500.0,61.2,S
2021-07-14T10:26:55,3600.0,61.3,S
2021-07-14T10:25:50,200.0,61.3,S
2021-07-14T10:23:45,100.0,61.5,B
2021-07-14T10:22:57,300.0,61.5,B
2021-07-14T10:22:34,100.0,61.4,S
2021-07-14T10:21:42,1000.0,61.5,B
2021-07-14T10:20:25,100.0,61.3,S
2021-07-14T10:16:06,100.0,61.2,S
2021-07-14T10:16:06,400.0,61.2,S
2021-07-14T10:13:17,100.0,61.2,B
2021-07-14T10:12:29,200.0,61.1,S
2021-07-14T10:11:13,500.0,61.1,B
2021-07-14T10:10:29,100.0,61.0,B
2021-07-14T10:08:22,100.0,61.0,S
2021-07-14T10:07:29,200.0,61.0,S
2021-07-14T10:07:23,100.0,61.0,S
2021-07-14T10:06:43,100.0,61.0,B
2021-07-14T10:05:34,900.0,61.0,S
2021-07-14T10:05:02,100.0,61.1,B
2021-07-14T10:00:50,300.0,61.0,B
2021-07-14T09:55:06,100.0,61.0,B
2021-07-14T09:55:01,100.0,61.0,B
2021-07-14T09:53:03,300.0,61.3,B
2021-07-14T09:52:12,1000.0,60.5,S
2021-07-14T09:52:11,2000.0,60.5,S
2021-07-14T09:51:20,200.0,60.5,S
2021-07-14T09:46:29,100.0,60.6,B
2021-07-14T09:45:43,900.0,60.5,S
2021-07-14T09:44:35,500.0,60.5,S
2021-07-14T09:44:16,2500.0,60.5,S
2021-07-14T09:43:28,700.0,60.6,S
2021-07-14T09:42:24,300.0,60.6,S
2021-07-14T09:41:59,500.0,60.6,B
2021-07-14T09:40:15,200.0,60.6,S
2021-07-14T09:38:53,100.0,60.5,S
2021-07-14T09:38:53,100.0,60.5,S
2021-07-14T09:38:53,2300.0,60.5,S
2021-07-14T09:38:18,3000.0,60.5,S
2021-07-14T09:37:48,1000.0,60.6,S
2021-07-14T09:35:26,500.0,60.6,S
2021-07-14T09:33:52,1000.0,60.5,S
2021-07-14T09:28:57,1900.0,60.5,B
2021-07-14T09:27:41,500.0,60.4,B
2021-07-14T09:25:06,100.0,60.5,B
2021-07-14T09:24:35,100.0,60.5,B
2021-07-14T09:24:12,200.0,60.5,S
2021-07-14T09:23:53,1100.0,60.5,S
2021-07-14T09:22:15,300.0,60.6,B
2021-07-14T09:21:58,100.0,60.6,B
2021-07-14T09:21:51,800.0,60.5,S
2021-07-14T09:21:33,100.0,60.6,B
2021-07-14T09:20:56,200.0,60.6,B
2021-07-14T09:20:16,300.0,60.6,S
2021-07-14T09:19:34,200.0,60.6,B
2021-07-14T09:19:21,200.0,60.6,B
2021-07-14T09:19:08,2600.0,60.6,S
2021-07-14T09:17:18,500.0,61.2,S
2021-07-14T09:15:27,300.0,61.0,S
