tradingTime,volume,price,side
2021-07-14T14:29:19,100.0,51.4,S
2021-07-14T14:28:44,2000.0,51.4,S
2021-07-14T14:28:41,800.0,51.5,B
2021-07-14T14:28:21,1200.0,51.5,B
2021-07-14T14:28:21,400.0,51.5,S
2021-07-14T14:28:11,500.0,51.6,B
2021-07-14T14:28:08,100.0,51.5,S
2021-07-14T14:28:08,2000.0,51.5,S
2021-07-14T14:28:08,2900.0,51.5,S
2021-07-14T14:28:01,5000.0,51.5,S
2021-07-14T14:27:55,500.0,51.6,B
2021-07-14T14:27:45,500.0,51.6,B
2021-07-14T14:27:27,3100.0,51.5,S
2021-07-14T14:27:27,1900.0,51.5,S
2021-07-14T14:27:15,500.0,51.5,S
2021-07-14T14:27:09,10000.0,51.6,B
2021-07-14T14:26:49,900.0,51.5,S
2021-07-14T14:26:27,1000.0,51.6,B
2021-07-14T14:26:20,100.0,51.5,S
2021-07-14T14:24:11,1900.0,51.6,S
2021-07-14T14:22:26,200.0,51.6,S
2021-07-14T14:22:23,1000.0,51.6,S
2021-07-14T14:22:17,1000.0,51.6,S
2021-07-14T14:21:54,1000.0,51.6,S
2021-07-14T14:21:04,500.0,51.6,S
2021-07-14T14:20:58,600.0,51.6,B
2021-07-14T14:20:47,4400.0,51.6,S
2021-07-14T14:20:06,600.0,51.6,B
2021-07-14T14:20:06,9000.0,51.5,S
2021-07-14T14:20:04,1000.0,51.6,B
2021-07-14T14:19:50,1600.0,51.6,S
2021-07-14T14:19:35,100.0,51.7,B
2021-07-14T14:19:18,400.0,51.6,S
2021-07-14T14:19:18,600.0,51.6,S
2021-07-14T14:18:29,400.0,51.6,S
2021-07-14T14:18:25,4500.0,51.8,B
2021-07-14T14:16:08,5000.0,51.8,B
2021-07-14T14:15:51,1000.0,51.7,B
2021-07-14T14:15:14,400.0,51.7,B
2021-07-14T14:14:50,200.0,51.7,B
2021-07-14T14:13:56,200.0,51.7,B
2021-07-14T14:12:40,2000.0,51.7,B
2021-07-14T14:11:53,100.0,51.6,B
2021-07-14T14:11:37,100.0,51.5,S
2021-07-14T14:11:36,900.0,51.6,B
2021-07-14T14:11:36,2100.0,51.6,B
2021-07-14T14:11:28,300.0,51.6,B
2021-07-14T14:10:55,2400.0,51.5,B
2021-07-14T14:10:54,500.0,51.2,S
2021-07-14T14:10:29,600.0,51.5,B
2021-07-14T14:09:26,100.0,51.5,S
2021-07-14T14:09:20,300.0,51.5,S
2021-07-14T14:08:45,4000.0,51.5,S
2021-07-14T14:08:06,200.0,51.5,B
2021-07-14T14:07:25,1000.0,51.4,B
2021-07-14T14:07:23,1200.0,51.2,S
2021-07-14T14:05:26,500.0,51.1,S
2021-07-14T14:04:30,6000.0,51.1,S
2021-07-14T14:04:12,2300.0,51.5,B
2021-07-14T14:04:12,13900.0,51.5,B
2021-07-14T14:04:12,3800.0,51.4,B
2021-07-14T14:04:01,5200.0,51.1,S
2021-07-14T14:03:49,1500.0,51.2,S
2021-07-14T14:03:07,2000.0,51.2,S
2021-07-14T14:02:57,3000.0,51.2,S
2021-07-14T14:01:22,2000.0,51.3,S
2021-07-14T14:01:03,1200.0,51.5,S
2021-07-14T14:01:01,2000.0,51.5,S
2021-07-14T14:00:58,600.0,51.5,S
2021-07-14T14:00:58,100.0,51.5,S
2021-07-14T14:00:52,5000.0,51.5,S
2021-07-14T14:00:26,1600.0,51.5,B
2021-07-14T14:00:26,9600.0,51.4,B
2021-07-14T14:00:01,1400.0,51.3,S
2021-07-14T14:00:01,1200.0,51.3,S
2021-07-14T14:00:01,3000.0,51.3,S
2021-07-14T14:00:01,4400.0,51.3,S
2021-07-14T13:59:16,2000.0,51.4,B
2021-07-14T13:58:49,4000.0,51.4,S
2021-07-14T13:57:19,500.0,51.5,B
2021-07-14T13:56:40,100.0,51.5,B
2021-07-14T13:54:24,5000.0,51.5,S
2021-07-14T13:54:16,200.0,51.5,S
2021-07-14T13:53:17,24900.0,51.5,B
2021-07-14T13:52:13,300.0,51.4,B
2021-07-14T13:51:40,400.0,51.4,B
2021-07-14T13:50:23,100.0,51.3,S
2021-07-14T13:50:17,1000.0,51.3,S
2021-07-14T13:50:17,4000.0,51.3,S
2021-07-14T13:47:22,100.0,51.2,S
2021-07-14T13:46:37,1000.0,51.2,S
2021-07-14T13:46:37,9000.0,51.2,S
2021-07-14T13:46:30,100.0,51.4,S
2021-07-14T13:44:21,700.0,51.4,B
2021-07-14T13:43:56,2000.0,51.4,B
2021-07-14T13:43:46,100.0,51.4,B
2021-07-14T13:43:34,1000.0,51.5,B
2021-07-14T13:42:47,1000.0,51.3,S
2021-07-14T13:41:29,2000.0,51.4,S
2021-07-14T13:41:26,100.0,51.5,S
2021-07-14T13:40:29,7000.0,51.5,S
2021-07-14T13:40:00,12300.0,51.5,B
2021-07-14T13:39:53,1000.0,51.3,S
2021-07-14T13:39:37,300.0,51.2,S
2021-07-14T13:37:51,4100.0,51.2,S
2021-07-14T13:36:26,5000.0,51.4,B
2021-07-14T13:36:21,200.0,51.3,B
2021-07-14T13:36:06,2200.0,51.3,S
2021-07-14T13:36:06,4300.0,51.3,S
2021-07-14T13:35:51,5000.0,51.4,S
2021-07-14T13:34:52,100.0,51.5,S
2021-07-14T13:34:51,7500.0,51.5,S
2021-07-14T13:34:46,1000.0,51.5,S
2021-07-14T13:34:18,1000.0,51.5,S
2021-07-14T13:33:08,800.0,51.6,S
2021-07-14T13:32:43,800.0,51.6,S
2021-07-14T13:32:30,200.0,51.7,B
2021-07-14T13:28:15,800.0,51.6,B
2021-07-14T13:27:58,500.0,51.6,S
2021-07-14T13:27:02,5000.0,51.7,B
2021-07-14T13:26:12,100.0,51.5,S
2021-07-14T13:25:40,2800.0,51.5,S
2021-07-14T13:25:39,600.0,51.5,B
2021-07-14T13:25:15,5000.0,51.5,B
2021-07-14T13:24:56,200.0,51.5,B
2021-07-14T13:24:56,2800.0,51.4,B
2021-07-14T13:24:26,5000.0,51.4,B
2021-07-14T13:24:03,5000.0,51.4,B
2021-07-14T13:23:13,200.0,51.2,S
2021-07-14T13:23:08,500.0,51.2,S
2021-07-14T13:22:46,2400.0,51.2,B
2021-07-14T13:22:40,200.0,51.0,S
2021-07-14T13:22:32,200.0,51.0,B
2021-07-14T13:22:08,19800.0,51.0,S
2021-07-14T13:21:51,200.0,51.1,S
2021-07-14T13:21:37,100.0,51.2,B
2021-07-14T13:21:23,5000.0,51.2,B
2021-07-14T13:21:10,5000.0,51.2,B
2021-07-14T13:20:43,100.0,51.2,B
2021-07-14T13:20:23,2000.0,51.2,B
2021-07-14T13:19:58,3000.0,51.2,B
2021-07-14T13:19:40,5000.0,51.2,B
2021-07-14T13:19:11,5000.0,51.0,S
2021-07-14T13:18:34,200.0,51.0,B
2021-07-14T13:18:17,1000.0,51.0,B
2021-07-14T13:18:08,12100.0,51.0,S
2021-07-14T13:18:06,5000.0,51.0,B
2021-07-14T13:18:06,2900.0,51.0,B
2021-07-14T13:17:52,1000.0,51.0,B
2021-07-14T13:17:19,1100.0,51.0,B
2021-07-14T13:17:06,10000.0,51.0,S
2021-07-14T13:16:11,100.0,51.2,S
2021-07-14T13:15:43,8800.0,51.0,S
2021-07-14T13:15:20,100.0,51.3,S
2021-07-14T13:14:46,5000.0,51.3,S
2021-07-14T13:14:15,2200.0,51.3,B
2021-07-14T13:13:59,100.0,51.3,S
2021-07-14T13:13:59,700.0,51.3,S
2021-07-14T13:12:58,700.0,51.3,S
2021-07-14T13:12:58,600.0,51.3,S
2021-07-14T13:12:07,2000.0,51.3,S
2021-07-14T13:12:03,100.0,51.5,B
2021-07-14T13:11:24,2400.0,51.3,B
2021-07-14T13:10:22,1000.0,51.2,S
2021-07-14T13:10:21,1500.0,51.3,B
2021-07-14T13:09:45,1300.0,51.2,B
2021-07-14T13:09:33,100.0,51.1,B
2021-07-14T13:09:31,1000.0,51.0,S
2021-07-14T13:08:57,100.0,51.0,S
2021-07-14T13:08:10,1000.0,51.0,B
2021-07-14T13:08:10,20000.0,51.0,B
2021-07-14T13:08:07,1000.0,51.0,B
2021-07-14T13:08:06,100.0,51.0,B
2021-07-14T13:07:55,100.0,51.0,B
2021-07-14T13:07:54,500.0,51.0,B
2021-07-14T13:07:49,3500.0,50.9,S
2021-07-14T13:07:36,100.0,51.0,B
2021-07-14T13:07:36,500.0,51.0,B
2021-07-14T13:07:34,5000.0,51.0,B
2021-07-14T13:07:34,100.0,51.0,B
2021-07-14T13:07:30,1800.0,51.0,S
2021-07-14T13:07:19,500.0,51.0,B
2021-07-14T13:07:11,1900.0,50.9,S
2021-07-14T13:07:03,800.0,51.0,B
2021-07-14T13:07:02,200.0,51.0,B
2021-07-14T13:07:00,700.0,51.0,S
2021-07-14T13:06:59,10000.0,51.0,S
2021-07-14T13:06:47,100.0,51.2,B
2021-07-14T13:06:30,23700.0,51.0,B
2021-07-14T13:06:28,800.0,51.0,B
2021-07-14T13:06:09,100.0,51.0,B
2021-07-14T13:06:01,1000.0,51.0,B
2021-07-14T13:05:52,100.0,51.0,B
2021-07-14T13:05:44,100.0,51.0,B
2021-07-14T13:05:35,100.0,51.0,S
2021-07-14T13:05:35,1000.0,51.0,S
2021-07-14T13:05:35,100.0,51.0,S
2021-07-14T13:05:34,200.0,51.0,S
2021-07-14T13:05:34,1200.0,51.0,S
2021-07-14T13:05:34,700.0,51.0,S
2021-07-14T13:05:34,2300.0,51.0,S
2021-07-14T13:05:34,2400.0,51.0,S
2021-07-14T13:05:34,300.0,51.1,S
2021-07-14T13:05:34,5600.0,51.1,S
2021-07-14T13:05:34,11800.0,51.1,S
2021-07-14T13:05:21,100.0,51.3,B
2021-07-14T13:05:01,2000.0,51.3,B
2021-07-14T13:04:12,500.0,51.1,S
2021-07-14T13:03:58,4600.0,51.1,S
2021-07-14T13:03:38,100.0,51.3,B
2021-07-14T13:03:33,5700.0,51.1,S
2021-07-14T13:03:30,10000.0,51.1,S
2021-07-14T13:03:26,2500.0,51.1,B
2021-07-14T13:03:23,400.0,51.0,S
2021-07-14T13:03:21,900.0,51.0,S
2021-07-14T13:03:16,5000.0,51.0,S
2021-07-14T13:02:58,2000.0,51.0,S
2021-07-14T13:02:54,100.0,51.1,B
2021-07-14T13:02:53,1800.0,51.0,S
2021-07-14T13:02:49,6000.0,51.0,S
2021-07-14T13:02:49,500.0,51.0,S
2021-07-14T13:02:49,1300.0,51.0,S
2021-07-14T13:02:49,10300.0,51.0,S
2021-07-14T13:02:49,100.0,51.0,S
2021-07-14T13:02:49,1800.0,51.0,S
2021-07-14T13:02:36,100.0,51.1,S
2021-07-14T13:02:36,100.0,51.1,S
2021-07-14T13:02:36,2700.0,51.1,S
2021-07-14T13:02:24,100.0,51.2,S
2021-07-14T13:02:24,1100.0,51.2,S
2021-07-14T13:02:24,20700.0,51.2,S
2021-07-14T13:02:24,2100.0,51.2,S
2021-07-14T13:02:24,100.0,51.2,S
2021-07-14T13:02:24,200.0,51.2,S
2021-07-14T13:02:21,400.0,51.3,S
2021-07-14T13:02:21,900.0,51.3,S
2021-07-14T13:02:15,3000.0,51.3,S
2021-07-14T13:02:12,600.0,51.3,S
2021-07-14T13:02:03,1300.0,51.3,S
2021-07-14T13:01:47,400.0,51.3,S
2021-07-14T13:01:39,100.0,51.3,S
2021-07-14T13:01:10,4000.0,51.4,S
2021-07-14T13:00:38,1000.0,51.5,B
2021-07-14T13:00:16,100.0,51.5,B
2021-07-14T13:00:13,200.0,51.5,B
2021-07-14T13:00:13,200.0,51.5,B
2021-07-14T13:00:12,500.0,51.5,S
2021-07-14T13:00:12,700.0,51.5,S
2021-07-14T13:00:12,3900.0,51.5,S
2021-07-14T13:00:08,200.0,51.8,S
2021-07-14T11:29:58,100.0,51.9,B
2021-07-14T11:29:01,600.0,51.9,S
2021-07-14T11:28:46,500.0,51.9,S
2021-07-14T11:28:30,1000.0,51.9,S
2021-07-14T11:28:20,1000.0,51.9,S
2021-07-14T11:28:19,200.0,51.9,S
2021-07-14T11:27:58,600.0,51.9,S
2021-07-14T11:27:36,5000.0,51.9,S
2021-07-14T11:27:14,3000.0,51.9,S
2021-07-14T11:27:06,1000.0,51.9,S
2021-07-14T11:27:02,80000.0,51.9,S
2021-07-14T11:26:40,100.0,52.0,B
2021-07-14T11:26:08,100.0,52.0,B
2021-07-14T11:23:22,1700.0,51.9,S
2021-07-14T11:23:19,5000.0,52.0,S
2021-07-14T11:22:31,1000.0,52.0,S
2021-07-14T11:22:20,19000.0,52.0,S
2021-07-14T11:21:52,500.0,52.0,S
2021-07-14T11:21:43,100.0,52.1,B
2021-07-14T11:21:28,1700.0,52.1,B
2021-07-14T11:21:28,300.0,52.1,B
2021-07-14T11:20:58,3000.0,52.1,B
2021-07-14T11:19:56,100.0,52.1,B
2021-07-14T11:19:36,300.0,52.1,B
2021-07-14T11:19:26,2000.0,52.1,B
2021-07-14T11:19:25,100.0,52.1,B
2021-07-14T11:18:58,2100.0,52.1,B
2021-07-14T11:18:46,5500.0,52.1,B
2021-07-14T11:18:41,500.0,52.0,S
2021-07-14T11:18:37,500.0,52.1,B
2021-07-14T11:17:56,1000.0,52.0,S
2021-07-14T11:17:51,4900.0,52.0,S
2021-07-14T11:17:50,500.0,52.0,B
2021-07-14T11:17:40,100.0,52.0,B
2021-07-14T11:17:40,400.0,52.0,B
2021-07-14T11:17:33,1600.0,52.0,B
2021-07-14T11:17:33,400.0,52.0,B
2021-07-14T11:17:33,3000.0,52.0,B
2021-07-14T11:17:33,5000.0,52.0,B
2021-07-14T11:17:07,2000.0,52.0,B
2021-07-14T11:15:38,1000.0,51.9,S
2021-07-14T11:15:22,200.0,51.9,S
2021-07-14T11:15:09,3000.0,52.0,B
2021-07-14T11:14:58,1000.0,51.9,S
2021-07-14T11:14:53,700.0,51.9,B
2021-07-14T11:14:41,1000.0,51.7,S
2021-07-14T11:14:37,1900.0,51.7,B
2021-07-14T11:13:10,100.0,51.5,B
2021-07-14T11:13:05,500.0,51.5,B
2021-07-14T11:12:27,200.0,51.5,S
2021-07-14T11:12:08,500.0,51.4,S
2021-07-14T11:12:06,500.0,51.5,S
2021-07-14T11:11:58,3000.0,51.5,B
2021-07-14T11:11:52,10000.0,51.5,B
2021-07-14T11:11:45,100.0,51.5,B
2021-07-14T11:11:37,1500.0,51.4,S
2021-07-14T11:11:35,1500.0,51.4,S
2021-07-14T11:11:15,100.0,51.4,S
2021-07-14T11:11:01,1000.0,51.4,S
2021-07-14T11:10:49,100.0,51.5,S
2021-07-14T11:10:49,11500.0,51.5,S
2021-07-14T11:10:49,10600.0,51.5,S
2021-07-14T11:10:49,2000.0,51.5,S
2021-07-14T11:10:49,22200.0,51.5,S
2021-07-14T11:10:48,1000.0,51.5,S
2021-07-14T11:10:17,1900.0,51.5,S
2021-07-14T11:10:17,17000.0,51.5,S
2021-07-14T11:10:17,6900.0,51.5,S
2021-07-14T11:10:17,200.0,51.6,S
2021-07-14T11:10:17,6200.0,51.6,S
2021-07-14T11:10:17,1000.0,51.6,S
2021-07-14T11:10:17,1000.0,51.6,S
2021-07-14T11:10:17,900.0,51.6,S
2021-07-14T11:10:17,1500.0,51.6,S
2021-07-14T11:10:17,11500.0,51.6,S
2021-07-14T11:10:17,1900.0,51.7,S
2021-07-14T11:10:08,200.0,51.7,S
2021-07-14T11:07:14,200.0,51.7,S
2021-07-14T11:06:23,900.0,51.7,B
2021-07-14T11:06:21,600.0,51.7,B
2021-07-14T11:06:15,100.0,51.7,B
2021-07-14T11:05:34,100.0,51.7,B
2021-07-14T11:04:51,200.0,51.7,B
2021-07-14T11:04:40,300.0,51.7,B
2021-07-14T11:03:58,200.0,51.6,S
2021-07-14T11:02:40,4300.0,51.6,S
2021-07-14T11:02:40,7400.0,51.6,S
2021-07-14T11:02:24,1000.0,51.7,B
2021-07-14T11:01:58,1000.0,51.7,B
2021-07-14T11:01:52,3000.0,51.6,S
2021-07-14T11:01:33,2000.0,51.6,S
2021-07-14T11:01:31,200.0,51.7,B
2021-07-14T11:01:18,100.0,51.7,B
2021-07-14T11:01:18,100.0,51.7,S
2021-07-14T11:01:18,29700.0,51.7,S
2021-07-14T11:01:18,1000.0,51.7,S
2021-07-14T11:01:18,200.0,51.7,S
2021-07-14T11:01:18,14800.0,51.7,S
2021-07-14T11:00:48,100.0,51.8,S
2021-07-14T11:00:29,100.0,51.8,S
2021-07-14T11:00:18,3000.0,51.8,S
2021-07-14T10:58:09,100.0,51.8,S
2021-07-14T10:57:06,15000.0,51.8,S
2021-07-14T10:55:49,2000.0,51.8,S
2021-07-14T10:51:47,2000.0,51.8,S
2021-07-14T10:51:12,5000.0,51.8,S
2021-07-14T10:51:01,200.0,51.8,S
2021-07-14T10:50:23,1000.0,51.8,S
2021-07-14T10:49:45,1900.0,51.8,S
2021-07-14T10:49:21,1000.0,51.8,S
2021-07-14T10:49:08,1400.0,51.8,S
2021-07-14T10:47:21,300.0,52.0,B
2021-07-14T10:47:21,19000.0,52.0,S
2021-07-14T10:46:06,800.0,52.0,S
2021-07-14T10:45:17,400.0,52.0,S
2021-07-14T10:43:26,100.0,52.0,S
2021-07-14T10:43:09,1100.0,52.0,B
2021-07-14T10:43:09,5200.0,52.0,B
2021-07-14T10:43:09,1000.0,52.0,B
2021-07-14T10:43:09,10300.0,52.0,B
2021-07-14T10:43:09,12300.0,52.0,B
2021-07-14T10:42:16,500.0,51.8,B
2021-07-14T10:41:12,1000.0,51.8,B
2021-07-14T10:41:12,100.0,51.8,S
2021-07-14T10:41:12,13100.0,51.8,S
2021-07-14T10:41:12,8800.0,51.8,S
2021-07-14T10:40:40,500.0,51.9,S
2021-07-14T10:39:58,200.0,51.9,S
2021-07-14T10:38:28,3000.0,51.9,S
2021-07-14T10:38:18,5300.0,51.9,B
2021-07-14T10:35:00,500.0,51.8,S
2021-07-14T10:34:41,5000.0,51.9,B
2021-07-14T10:34:41,500.0,51.9,B
2021-07-14T10:34:41,4300.0,51.9,B
2021-07-14T10:34:21,700.0,51.8,S
2021-07-14T10:34:03,200.0,51.8,S
2021-07-14T10:33:31,200.0,51.8,S
2021-07-14T10:32:51,400.0,51.8,S
2021-07-14T10:32:41,100.0,51.8,S
2021-07-14T10:30:38,500.0,51.8,S
2021-07-14T10:30:08,100.0,51.9,B
2021-07-14T10:30:03,200.0,51.9,B
2021-07-14T10:29:50,1400.0,51.8,S
2021-07-14T10:29:46,100.0,51.9,B
2021-07-14T10:27:52,200.0,51.9,B
2021-07-14T10:26:50,100.0,51.9,B
2021-07-14T10:25:04,2000.0,52.0,B
2021-07-14T10:24:44,1200.0,51.8,S
2021-07-14T10:23:57,3800.0,51.9,S
2021-07-14T10:23:32,1000.0,51.9,S
2021-07-14T10:22:42,2900.0,52.0,S
2021-07-14T10:22:04,200.0,52.0,S
2021-07-14T10:21:59,200.0,52.0,B
2021-07-14T10:21:59,200.0,52.0,B
2021-07-14T10:21:32,200.0,52.0,B
2021-07-14T10:21:22,200.0,52.0,B
2021-07-14T10:21:06,300.0,52.0,B
2021-07-14T10:20:28,200.0,52.0,S
2021-07-14T10:19:25,100.0,52.1,B
2021-07-14T10:19:25,100.0,52.0,S
2021-07-14T10:19:17,1000.0,52.0,S
2021-07-14T10:19:08,1400.0,52.0,S
2021-07-14T10:19:08,3500.0,52.0,B
2021-07-14T10:19:04,5000.0,52.0,B
2021-07-14T10:17:53,500.0,51.9,S
2021-07-14T10:17:12,6100.0,51.9,B
2021-07-14T10:16:58,100.0,51.8,S
2021-07-14T10:16:37,10000.0,51.9,B
2021-07-14T10:16:20,1500.0,51.9,B
2021-07-14T10:15:36,300.0,51.9,B
2021-07-14T10:15:09,2000.0,51.9,B
2021-07-14T10:15:07,2000.0,51.9,B
2021-07-14T10:13:36,2800.0,51.7,S
2021-07-14T10:13:24,16200.0,51.7,S
2021-07-14T10:12:34,500.0,51.8,S
2021-07-14T10:12:21,1500.0,51.8,S
2021-07-14T10:12:04,200.0,51.8,S
2021-07-14T10:11:43,800.0,51.9,B
2021-07-14T10:11:29,2000.0,51.9,S
2021-07-14T10:11:21,400.0,51.9,S
2021-07-14T10:11:17,1600.0,51.9,S
2021-07-14T10:11:15,200.0,51.9,S
2021-07-14T10:11:15,3000.0,51.9,S
2021-07-14T10:10:55,2000.0,51.9,B
2021-07-14T10:09:36,100.0,51.9,B
2021-07-14T10:09:23,100.0,51.9,B
2021-07-14T10:09:22,500.0,51.7,S
2021-07-14T10:09:02,4700.0,51.7,S
2021-07-14T10:08:59,300.0,51.7,S
2021-07-14T10:08:40,18500.0,52.0,B
2021-07-14T10:08:40,1500.0,51.8,B
2021-07-14T10:08:32,400.0,51.8,B
2021-07-14T10:08:19,100.0,51.7,B
2021-07-14T10:08:19,1000.0,51.6,S
2021-07-14T10:08:02,500.0,51.7,B
2021-07-14T10:07:57,100.0,51.7,B
2021-07-14T10:07:36,300.0,51.7,B
2021-07-14T10:07:34,200.0,51.7,B
2021-07-14T10:07:33,1800.0,51.7,B
2021-07-14T10:06:57,15000.0,51.7,S
2021-07-14T10:06:27,2900.0,51.7,S
2021-07-14T10:06:09,500.0,51.8,B
2021-07-14T10:05:52,700.0,51.7,S
2021-07-14T10:05:32,100.0,51.7,B
2021-07-14T10:05:24,100.0,51.7,B
2021-07-14T10:05:15,300.0,51.7,S
2021-07-14T10:05:00,500.0,51.7,S
2021-07-14T10:04:53,300.0,51.7,B
2021-07-14T10:04:38,2000.0,51.7,S
2021-07-14T10:04:29,1000.0,51.8,B
2021-07-14T10:04:19,100.0,51.8,B
2021-07-14T10:04:11,100.0,51.8,B
2021-07-14T10:04:02,1000.0,51.8,B
2021-07-14T10:04:02,100.0,51.8,B
2021-07-14T10:04:01,1000.0,51.7,S
2021-07-14T10:03:54,100.0,51.8,B
2021-07-14T10:03:46,100.0,51.8,B
2021-07-14T10:03:45,1000.0,51.8,B
2021-07-14T10:03:37,100.0,51.8,B
2021-07-14T10:03:29,100.0,51.8,B
2021-07-14T10:03:22,1000.0,51.8,B
2021-07-14T10:03:20,100.0,51.8,B
2021-07-14T10:03:12,100.0,51.8,B
2021-07-14T10:02:51,500.0,51.8,B
2021-07-14T10:02:43,100.0,51.8,B
2021-07-14T10:02:38,100.0,51.8,B
2021-07-14T10:02:38,2600.0,51.6,S
2021-07-14T10:02:37,500.0,51.7,S
2021-07-14T10:02:35,400.0,51.8,B
2021-07-14T10:02:33,100.0,51.8,B
2021-07-14T10:02:05,600.0,51.8,B
2021-07-14T10:01:51,1000.0,51.8,S
2021-07-14T10:01:51,500.0,51.8,S
2021-07-14T10:01:51,100.0,51.8,S
2021-07-14T10:01:51,5500.0,51.8,S
2021-07-14T10:01:51,200.0,51.8,S
2021-07-14T10:01:50,300.0,51.8,S
2021-07-14T10:01:15,2100.0,51.9,S
2021-07-14T10:01:05,300.0,52.0,B
2021-07-14T10:01:05,500.0,51.9,S
2021-07-14T10:01:05,5300.0,51.9,S
2021-07-14T10:01:05,100.0,51.9,S
2021-07-14T10:00:33,1000.0,52.0,B
2021-07-14T10:00:30,100.0,52.0,B
2021-07-14T10:00:18,1200.0,52.0,S
2021-07-14T10:00:15,300.0,52.0,S
2021-07-14T10:00:14,2600.0,52.0,S
2021-07-14T10:00:14,100.0,52.0,S
2021-07-14T10:00:14,2300.0,52.0,S
2021-07-14T09:59:57,6000.0,52.0,S
2021-07-14T09:59:57,4300.0,52.0,S
2021-07-14T09:59:57,8100.0,52.0,S
2021-07-14T09:59:56,10000.0,52.0,S
2021-07-14T09:58:42,500.0,52.0,S
2021-07-14T09:58:25,100.0,52.0,S
2021-07-14T09:58:17,2000.0,52.0,S
2021-07-14T09:57:58,400.0,52.0,S
2021-07-14T09:57:45,1000.0,52.0,S
2021-07-14T09:57:44,2000.0,52.1,B
2021-07-14T09:57:36,5000.0,52.0,S
2021-07-14T09:57:31,5600.0,52.0,S
2021-07-14T09:57:31,4400.0,52.0,S
2021-07-14T09:57:30,200.0,52.0,S
2021-07-14T09:57:17,300.0,52.1,B
2021-07-14T09:56:46,5000.0,52.1,B
2021-07-14T09:56:03,200.0,52.1,B
2021-07-14T09:55:49,900.0,52.1,B
2021-07-14T09:55:41,100.0,52.1,B
2021-07-14T09:55:25,1000.0,52.1,B
2021-07-14T09:55:11,2000.0,52.1,B
2021-07-14T09:55:10,1900.0,52.0,S
2021-07-14T09:55:10,700.0,52.0,S
2021-07-14T09:55:10,200.0,52.0,S
2021-07-14T09:55:10,14200.0,52.0,S
2021-07-14T09:55:03,5100.0,52.1,B
2021-07-14T09:54:57,5000.0,52.1,S
2021-07-14T09:54:29,4700.0,52.0,S
2021-07-14T09:54:29,300.0,52.0,S
2021-07-14T09:54:24,6400.0,52.1,B
2021-07-14T09:54:16,300.0,52.1,S
2021-07-14T09:54:14,3300.0,52.1,B
2021-07-14T09:54:00,100.0,52.1,B
2021-07-14T09:53:37,100.0,52.1,B
2021-07-14T09:53:27,400.0,52.1,B
2021-07-14T09:53:06,400.0,52.1,S
2021-07-14T09:52:49,100.0,52.1,S
2021-07-14T09:52:39,100.0,52.1,B
2021-07-14T09:52:39,800.0,52.1,S
2021-07-14T09:52:00,5000.0,52.1,S
2021-07-14T09:51:49,5000.0,52.1,S
2021-07-14T09:51:30,100.0,52.2,B
2021-07-14T09:51:20,200.0,52.2,B
2021-07-14T09:51:08,1000.0,52.1,S
2021-07-14T09:51:03,400.0,52.1,S
2021-07-14T09:50:16,2000.0,52.1,S
2021-07-14T09:49:58,1000.0,52.1,S
2021-07-14T09:49:34,500.0,52.1,B
2021-07-14T09:49:34,100.0,52.1,B
2021-07-14T09:49:32,400.0,52.1,B
2021-07-14T09:49:15,2000.0,52.1,S
2021-07-14T09:49:04,700.0,52.1,S
2021-07-14T09:48:54,1000.0,52.1,S
2021-07-14T09:46:59,300.0,52.1,S
2021-07-14T09:46:59,3500.0,52.1,S
2021-07-14T09:46:59,1200.0,52.1,S
2021-07-14T09:46:37,100.0,52.3,B
2021-07-14T09:45:49,5000.0,52.1,S
2021-07-14T09:45:20,6000.0,52.1,S
2021-07-14T09:45:13,6100.0,52.2,S
2021-07-14T09:45:12,100.0,52.3,B
2021-07-14T09:44:43,200.0,52.2,S
2021-07-14T09:43:58,1000.0,52.3,B
2021-07-14T09:43:55,100.0,52.3,S
2021-07-14T09:43:40,5000.0,52.2,S
2021-07-14T09:43:34,200.0,52.3,S
2021-07-14T09:43:12,200.0,52.3,B
2021-07-14T09:42:59,100.0,52.3,B
2021-07-14T09:42:59,200.0,52.3,B
2021-07-14T09:42:47,1000.0,52.3,S
2021-07-14T09:42:19,5000.0,52.3,S
2021-07-14T09:39:52,12000.0,52.3,S
2021-07-14T09:39:41,5000.0,52.3,S
2021-07-14T09:39:39,4200.0,52.4,B
2021-07-14T09:39:38,100.0,52.4,B
2021-07-14T09:39:24,4000.0,52.4,B
2021-07-14T09:38:36,500.0,52.4,B
2021-07-14T09:38:32,100.0,52.3,S
2021-07-14T09:38:19,3800.0,52.4,S
2021-07-14T09:38:15,5000.0,52.4,S
2021-07-14T09:38:07,1000.0,52.4,S
2021-07-14T09:38:01,1500.0,52.4,B
2021-07-14T09:37:58,1500.0,52.4,S
2021-07-14T09:37:57,100.0,52.5,B
2021-07-14T09:37:43,1000.0,52.4,S
2021-07-14T09:37:26,300.0,52.4,S
2021-07-14T09:37:03,100.0,52.4,B
2021-07-14T09:36:36,100.0,52.4,B
2021-07-14T09:36:24,9800.0,52.4,S
2021-07-14T09:35:47,400.0,52.4,B
2021-07-14T09:35:37,100.0,52.4,B
2021-07-14T09:35:20,500.0,52.4,S
2021-07-14T09:33:07,1500.0,52.3,S
2021-07-14T09:32:51,300.0,52.5,B
2021-07-14T09:32:26,900.0,52.5,B
2021-07-14T09:32:02,1000.0,52.3,S
2021-07-14T09:31:57,100.0,52.4,B
2021-07-14T09:31:46,100.0,52.3,S
2021-07-14T09:31:42,2000.0,52.3,S
2021-07-14T09:31:30,900.0,52.4,S
2021-07-14T09:31:20,100.0,52.3,S
2021-07-14T09:30:57,4000.0,52.3,S
2021-07-14T09:30:54,1000.0,52.5,S
2021-07-14T09:30:33,900.0,52.5,S
2021-07-14T09:29:27,400.0,52.5,B
2021-07-14T09:29:21,100.0,52.5,B
2021-07-14T09:29:07,1000.0,52.5,B
2021-07-14T09:28:55,100.0,52.5,B
2021-07-14T09:28:05,2900.0,52.5,S
2021-07-14T09:27:37,6000.0,52.5,S
2021-07-14T09:27:37,100.0,52.5,B
2021-07-14T09:27:37,1000.0,52.5,B
2021-07-14T09:27:26,100.0,52.5,B
2021-07-14T09:26:56,100.0,52.4,S
2021-07-14T09:26:47,100.0,52.4,S
2021-07-14T09:25:58,400.0,52.4,S
2021-07-14T09:25:54,100.0,52.4,S
2021-07-14T09:25:49,500.0,52.4,S
2021-07-14T09:25:23,1000.0,52.4,S
2021-07-14T09:24:56,1000.0,52.4,S
2021-07-14T09:24:53,1000.0,52.4,S
2021-07-14T09:23:47,700.0,52.4,B
2021-07-14T09:23:41,300.0,52.4,S
2021-07-14T09:23:17,1000.0,52.4,S
2021-07-14T09:22:45,2000.0,52.5,B
2021-07-14T09:22:23,1000.0,52.5,B
2021-07-14T09:22:14,5000.0,52.4,S
2021-07-14T09:21:52,1500.0,52.5,B
2021-07-14T09:21:50,1300.0,52.5,B
2021-07-14T09:21:12,100.0,52.5,B
2021-07-14T09:21:00,400.0,52.4,S
2021-07-14T09:20:49,2000.0,52.5,S
2021-07-14T09:20:08,100.0,52.5,S
2021-07-14T09:20:06,100.0,52.5,B
2021-07-14T09:19:44,1000.0,52.5,B
2021-07-14T09:19:33,10900.0,52.5,S
2021-07-14T09:18:25,200.0,52.5,B
2021-07-14T09:18:25,2600.0,52.5,S
2021-07-14T09:18:25,3000.0,52.5,S
2021-07-14T09:18:25,4200.0,52.5,S
2021-07-14T09:18:13,500.0,52.6,S
2021-07-14T09:17:56,200.0,52.6,S
2021-07-14T09:16:05,400.0,52.5,B
2021-07-14T09:16:05,100.0,52.5,S
2021-07-14T09:15:55,3000.0,52.5,S
2021-07-14T09:15:38,400.0,52.6,B
2021-07-14T09:15:31,100.0,52.6,B
2021-07-14T09:15:06,1100.0,52.5,S
