tradingTime,volume,price,side
2021-07-14T14:30:00,100.0,129.9,S
2021-07-14T14:29:51,400.0,130.0,S
2021-07-14T14:29:39,100.0,130.0,B
2021-07-14T14:29:35,100.0,130.0,B
2021-07-14T14:28:48,100.0,130.0,S
2021-07-14T14:28:48,100.0,130.0,S
2021-07-14T14:28:02,100.0,130.0,S
2021-07-14T14:24:59,100.0,131.0,B
2021-07-14T14:23:11,100.0,131.0,B
2021-07-14T14:22:32,100.0,131.0,B
2021-07-14T14:22:32,1900.0,131.0,B
2021-07-14T14:20:47,100.0,131.0,B
2021-07-14T14:20:27,1200.0,131.0,B
2021-07-14T14:20:20,100.0,129.6,S
2021-07-14T14:19:19,100.0,129.3,S
2021-07-14T14:18:35,100.0,131.0,S
2021-07-14T14:18:04,100.0,131.0,B
2021-07-14T14:18:04,600.0,131.0,B
2021-07-14T14:17:06,500.0,131.0,B
2021-07-14T14:16:38,600.0,131.0,B
2021-07-14T14:16:15,200.0,132.0,B
2021-07-14T14:16:04,100.0,131.6,B
2021-07-14T14:15:54,300.0,131.0,S
2021-07-14T14:15:37,100.0,131.6,B
2021-07-14T14:15:29,300.0,131.0,B
2021-07-14T14:15:26,200.0,131.0,B
2021-07-14T14:15:16,2000.0,131.0,B
2021-07-14T14:14:58,100.0,130.8,B
2021-07-14T14:14:47,1900.0,130.0,S
2021-07-14T14:14:29,1100.0,130.0,B
2021-07-14T14:14:23,1000.0,129.2,B
2021-07-14T14:14:12,500.0,129.2,B
2021-07-14T14:14:09,1500.0,129.0,B
2021-07-14T14:14:06,500.0,129.0,B
2021-07-14T14:14:06,500.0,129.0,B
2021-07-14T14:13:31,100.0,128.9,S
2021-07-14T14:13:24,1000.0,128.9,B
2021-07-14T14:13:20,100.0,128.9,B
2021-07-14T14:13:09,3400.0,128.5,B
2021-07-14T14:11:57,200.0,128.5,B
2021-07-14T14:11:56,1000.0,128.5,B
2021-07-14T14:11:29,500.0,128.5,B
2021-07-14T14:11:29,700.0,128.5,B
2021-07-14T14:11:29,300.0,128.4,B
2021-07-14T14:11:28,500.0,128.4,B
2021-07-14T14:10:47,100.0,128.0,S
2021-07-14T14:10:19,1000.0,128.4,B
2021-07-14T14:10:16,2000.0,128.0,S
2021-07-14T14:10:09,100.0,128.4,B
2021-07-14T14:09:59,500.0,127.5,B
2021-07-14T14:09:36,100.0,127.5,S
2021-07-14T14:09:36,2100.0,127.5,S
2021-07-14T14:09:36,100.0,127.5,S
2021-07-14T14:07:39,200.0,127.5,S
2021-07-14T14:07:19,100.0,128.0,B
2021-07-14T14:06:22,100.0,128.0,S
2021-07-14T14:06:08,1200.0,128.0,S
2021-07-14T14:05:33,500.0,128.4,B
2021-07-14T14:05:14,600.0,128.0,S
2021-07-14T14:05:14,300.0,128.0,S
2021-07-14T14:05:14,100.0,128.0,S
2021-07-14T14:04:49,100.0,128.0,S
2021-07-14T14:03:53,200.0,128.0,S
2021-07-14T14:03:19,100.0,128.0,S
2021-07-14T14:03:05,100.0,128.0,S
2021-07-14T14:02:27,500.0,128.0,B
2021-07-14T14:02:23,200.0,128.0,B
2021-07-14T14:02:17,1000.0,128.0,B
2021-07-14T14:02:12,300.0,128.0,B
2021-07-14T14:01:54,100.0,128.2,S
2021-07-14T14:01:01,200.0,128.4,B
2021-07-14T14:00:46,100.0,128.4,B
2021-07-14T14:00:32,100.0,128.0,S
2021-07-14T13:59:18,200.0,128.4,B
2021-07-14T13:57:54,1000.0,128.4,B
2021-07-14T13:57:21,200.0,128.4,B
2021-07-14T13:57:08,1400.0,128.4,S
2021-07-14T13:56:34,300.0,128.4,S
2021-07-14T13:56:00,200.0,128.5,B
2021-07-14T13:55:44,300.0,128.5,B
2021-07-14T13:54:43,100.0,128.4,S
2021-07-14T13:54:32,300.0,128.4,S
2021-07-14T13:54:32,700.0,128.4,S
2021-07-14T13:54:16,300.0,128.5,B
2021-07-14T13:54:12,100.0,128.5,B
2021-07-14T13:53:54,1000.0,128.5,B
2021-07-14T13:53:38,200.0,128.5,B
2021-07-14T13:53:33,300.0,128.4,S
2021-07-14T13:53:33,200.0,128.4,S
2021-07-14T13:53:25,100.0,128.5,B
2021-07-14T13:53:13,200.0,128.4,S
2021-07-14T13:53:08,600.0,128.4,S
2021-07-14T13:53:03,200.0,128.4,B
2021-07-14T13:52:57,1000.0,128.4,B
2021-07-14T13:52:51,200.0,128.4,S
2021-07-14T13:52:50,200.0,128.4,S
2021-07-14T13:52:42,200.0,128.4,B
2021-07-14T13:52:42,300.0,128.4,B
2021-07-14T13:52:42,500.0,128.4,B
2021-07-14T13:52:38,200.0,128.4,B
2021-07-14T13:51:35,200.0,128.4,B
2021-07-14T13:51:15,100.0,128.4,B
2021-07-14T13:50:10,200.0,128.0,S
2021-07-14T13:49:22,100.0,127.9,S
2021-07-14T13:47:07,100.0,128.0,B
2021-07-14T13:45:58,600.0,128.0,B
2021-07-14T13:45:58,900.0,128.0,B
2021-07-14T13:45:54,300.0,128.0,B
2021-07-14T13:45:48,100.0,127.9,B
2021-07-14T13:45:48,100.0,127.9,B
2021-07-14T13:45:32,100.0,127.9,B
2021-07-14T13:45:22,100.0,127.0,S
2021-07-14T13:45:21,100.0,127.9,B
2021-07-14T13:44:32,100.0,127.0,S
2021-07-14T13:42:21,600.0,126.8,B
2021-07-14T13:42:07,1000.0,126.8,B
2021-07-14T13:41:57,200.0,126.8,B
2021-07-14T13:41:56,300.0,126.8,B
2021-07-14T13:41:36,100.0,126.8,B
2021-07-14T13:41:26,400.0,126.8,B
2021-07-14T13:41:04,200.0,126.8,B
2021-07-14T13:40:11,100.0,126.8,B
2021-07-14T13:39:57,100.0,126.8,B
2021-07-14T13:39:44,300.0,126.8,B
2021-07-14T13:39:06,200.0,126.8,B
2021-07-14T13:38:51,2300.0,126.8,S
2021-07-14T13:36:45,300.0,127.0,S
2021-07-14T13:36:32,200.0,127.5,S
2021-07-14T13:36:24,600.0,127.5,S
2021-07-14T13:35:53,100.0,127.6,S
2021-07-14T13:33:03,100.0,128.0,B
2021-07-14T13:31:42,100.0,128.0,B
2021-07-14T13:31:32,100.0,128.0,B
2021-07-14T13:31:27,100.0,127.6,S
2021-07-14T13:31:18,2000.0,128.0,B
2021-07-14T13:31:14,100.0,128.0,B
2021-07-14T13:30:56,600.0,128.0,B
2021-07-14T13:30:36,1000.0,128.0,B
2021-07-14T13:30:36,100.0,128.0,B
2021-07-14T13:30:33,200.0,128.0,B
2021-07-14T13:29:21,300.0,127.5,S
2021-07-14T13:29:18,100.0,128.0,B
2021-07-14T13:29:00,200.0,127.5,B
2021-07-14T13:28:59,300.0,127.5,B
2021-07-14T13:28:52,200.0,127.5,B
2021-07-14T13:28:46,2000.0,127.5,B
2021-07-14T13:28:34,500.0,127.5,B
2021-07-14T13:28:31,1000.0,127.5,B
2021-07-14T13:26:40,1500.0,127.5,B
2021-07-14T13:26:11,2000.0,126.7,S
2021-07-14T13:24:52,800.0,127.5,B
2021-07-14T13:24:52,100.0,127.0,B
2021-07-14T13:24:38,2400.0,127.0,S
2021-07-14T13:24:16,300.0,127.1,S
2021-07-14T13:24:15,4000.0,127.5,S
2021-07-14T13:23:16,500.0,127.5,S
2021-07-14T13:23:05,200.0,127.9,B
2021-07-14T13:21:05,300.0,127.5,S
2021-07-14T13:20:43,200.0,127.5,S
2021-07-14T13:19:34,1000.0,128.3,B
2021-07-14T13:19:32,100.0,127.1,S
2021-07-14T13:18:57,1000.0,128.5,B
2021-07-14T13:18:43,500.0,128.5,B
2021-07-14T13:18:17,1000.0,128.5,B
2021-07-14T13:17:56,200.0,128.5,B
2021-07-14T13:17:50,200.0,127.6,B
2021-07-14T13:17:34,100.0,127.6,B
2021-07-14T13:17:24,300.0,127.0,B
2021-07-14T13:17:19,200.0,126.6,S
2021-07-14T13:16:58,500.0,127.0,B
2021-07-14T13:16:47,200.0,127.0,B
2021-07-14T13:16:17,100.0,126.6,S
2021-07-14T13:15:24,1000.0,126.5,S
2021-07-14T13:15:01,200.0,127.5,S
2021-07-14T13:14:41,1600.0,127.6,S
2021-07-14T13:14:23,100.0,128.0,B
2021-07-14T13:13:56,200.0,128.0,S
2021-07-14T13:12:26,100.0,128.5,B
2021-07-14T13:12:19,900.0,128.0,S
2021-07-14T13:12:05,100.0,128.0,B
2021-07-14T13:11:11,100.0,127.6,S
2021-07-14T13:11:09,1900.0,128.0,B
2021-07-14T13:11:09,1100.0,128.0,B
2021-07-14T13:11:03,2000.0,128.0,B
2021-07-14T13:10:48,100.0,127.9,B
2021-07-14T13:10:26,900.0,127.9,B
2021-07-14T13:10:21,400.0,127.6,B
2021-07-14T13:10:10,100.0,127.6,B
2021-07-14T13:09:58,500.0,127.5,B
2021-07-14T13:09:22,100.0,126.5,B
2021-07-14T13:09:17,600.0,126.1,B
2021-07-14T13:09:11,100.0,126.0,S
2021-07-14T13:08:48,100.0,126.0,B
2021-07-14T13:08:39,500.0,126.0,B
2021-07-14T13:08:34,100.0,126.0,B
2021-07-14T13:08:32,1000.0,125.9,S
2021-07-14T13:08:30,100.0,126.0,B
2021-07-14T13:08:26,100.0,126.0,B
2021-07-14T13:08:15,200.0,125.9,S
2021-07-14T13:08:15,200.0,125.9,B
2021-07-14T13:08:15,500.0,125.9,B
2021-07-14T13:08:14,900.0,125.9,B
2021-07-14T13:08:08,500.0,125.9,B
2021-07-14T13:08:08,2400.0,125.9,B
2021-07-14T13:08:03,300.0,125.9,B
2021-07-14T13:07:55,100.0,125.9,B
2021-07-14T13:07:54,1000.0,125.9,B
2021-07-14T13:07:44,500.0,125.9,B
2021-07-14T13:07:39,400.0,125.9,B
2021-07-14T13:07:37,100.0,125.8,B
2021-07-14T13:07:25,100.0,125.8,B
2021-07-14T13:07:21,1800.0,125.8,S
2021-07-14T13:07:08,1000.0,125.9,S
2021-07-14T13:07:08,300.0,125.9,S
2021-07-14T13:07:06,100.0,126.0,B
2021-07-14T13:07:02,500.0,126.0,B
2021-07-14T13:06:54,500.0,126.0,B
2021-07-14T13:06:36,100.0,125.9,S
2021-07-14T13:06:29,500.0,125.9,S
2021-07-14T13:06:17,400.0,125.9,S
2021-07-14T13:06:12,1700.0,126.0,B
2021-07-14T13:05:48,500.0,125.9,S
2021-07-14T13:05:44,200.0,126.0,B
2021-07-14T13:05:39,200.0,125.9,S
2021-07-14T13:05:32,8200.0,126.0,S
2021-07-14T13:05:22,200.0,126.0,S
2021-07-14T13:05:18,100.0,126.1,B
2021-07-14T13:05:17,100.0,126.1,B
2021-07-14T13:05:15,200.0,126.0,S
2021-07-14T13:05:04,400.0,126.0,S
2021-07-14T13:05:04,100.0,126.0,S
2021-07-14T13:04:41,100.0,126.1,B
2021-07-14T13:04:13,4300.0,126.1,S
2021-07-14T13:04:02,200.0,126.1,S
2021-07-14T13:03:59,3100.0,126.1,S
2021-07-14T13:03:33,10000.0,126.1,S
2021-07-14T13:03:25,2000.0,126.1,S
2021-07-14T13:03:18,100.0,126.1,B
2021-07-14T13:03:18,300.0,126.1,B
2021-07-14T13:03:11,1400.0,126.0,S
2021-07-14T13:03:11,3600.0,126.0,S
2021-07-14T13:02:21,200.0,126.1,S
2021-07-14T13:02:19,100.0,126.1,S
2021-07-14T13:01:54,700.0,126.1,S
2021-07-14T13:01:54,300.0,126.1,S
2021-07-14T13:01:51,100.0,126.1,S
2021-07-14T13:01:25,200.0,126.5,S
2021-07-14T13:01:25,400.0,126.5,S
2021-07-14T13:01:23,2500.0,126.5,S
2021-07-14T13:01:19,100.0,126.5,S
2021-07-14T13:00:53,1600.0,126.5,S
2021-07-14T13:00:53,800.0,126.7,S
2021-07-14T13:00:53,600.0,126.7,S
2021-07-14T13:00:49,1000.0,127.0,B
2021-07-14T13:00:35,1300.0,127.0,S
2021-07-14T13:00:18,200.0,127.2,S
2021-07-14T13:00:18,200.0,127.2,S
2021-07-14T13:00:13,200.0,127.0,S
2021-07-14T13:00:12,300.0,126.9,S
2021-07-14T13:00:08,300.0,126.9,S
2021-07-14T11:29:22,200.0,127.5,S
2021-07-14T11:29:15,800.0,127.6,S
2021-07-14T11:29:05,100.0,127.6,S
2021-07-14T11:28:58,100.0,127.6,B
2021-07-14T11:28:58,300.0,127.0,B
2021-07-14T11:28:58,600.0,126.9,S
2021-07-14T11:28:48,2400.0,127.0,S
2021-07-14T11:28:48,1100.0,127.0,S
2021-07-14T11:28:48,300.0,127.0,S
2021-07-14T11:28:48,1200.0,127.0,S
2021-07-14T11:28:48,7600.0,127.0,S
2021-07-14T11:28:36,1800.0,127.6,S
2021-07-14T11:28:20,100.0,127.6,B
2021-07-14T11:28:02,300.0,127.6,S
2021-07-14T11:27:58,100.0,127.6,S
2021-07-14T11:27:50,100.0,127.6,S
2021-07-14T11:27:48,700.0,127.6,S
2021-07-14T11:27:48,200.0,127.6,S
2021-07-14T11:27:36,100.0,127.6,S
2021-07-14T11:26:53,200.0,127.6,S
2021-07-14T11:25:59,200.0,127.6,S
2021-07-14T11:25:27,100.0,127.6,S
2021-07-14T11:24:28,400.0,127.6,S
2021-07-14T11:23:39,200.0,127.9,B
2021-07-14T11:23:29,100.0,127.6,S
2021-07-14T11:23:24,1800.0,127.9,B
2021-07-14T11:22:01,1200.0,127.9,S
2021-07-14T11:21:51,100.0,128.0,B
2021-07-14T11:21:23,100.0,127.9,S
2021-07-14T11:21:20,200.0,127.9,B
2021-07-14T11:21:05,100.0,127.9,B
2021-07-14T11:21:00,200.0,127.9,B
2021-07-14T11:19:18,500.0,128.0,S
2021-07-14T11:18:50,200.0,128.2,B
2021-07-14T11:18:15,100.0,128.2,B
2021-07-14T11:17:23,100.0,128.2,B
2021-07-14T11:17:22,100.0,128.2,B
2021-07-14T11:17:18,100.0,128.2,B
2021-07-14T11:16:39,1000.0,128.2,B
2021-07-14T11:16:05,700.0,128.2,B
2021-07-14T11:16:01,200.0,128.2,B
2021-07-14T11:15:52,100.0,128.2,B
2021-07-14T11:15:47,200.0,128.2,B
2021-07-14T11:15:35,100.0,128.2,B
2021-07-14T11:15:31,100.0,128.2,B
2021-07-14T11:15:15,100.0,128.2,B
2021-07-14T11:15:06,1500.0,128.0,B
2021-07-14T11:15:04,100.0,128.0,B
2021-07-14T11:15:02,1000.0,128.0,B
2021-07-14T11:15:00,300.0,128.0,B
2021-07-14T11:14:55,2200.0,128.0,B
2021-07-14T11:14:43,100.0,127.9,S
2021-07-14T11:14:41,100.0,127.9,B
2021-07-14T11:14:35,300.0,127.9,B
2021-07-14T11:14:13,100.0,127.9,B
2021-07-14T11:12:20,300.0,127.0,S
2021-07-14T11:11:50,100.0,127.0,B
2021-07-14T11:11:49,200.0,127.0,B
2021-07-14T11:11:47,100.0,127.0,B
2021-07-14T11:11:43,300.0,127.0,S
2021-07-14T11:11:36,100.0,127.0,B
2021-07-14T11:11:30,100.0,127.0,B
2021-07-14T11:11:28,100.0,127.0,B
2021-07-14T11:11:25,100.0,127.0,B
2021-07-14T11:11:20,600.0,127.0,S
2021-07-14T11:11:20,200.0,127.0,S
2021-07-14T11:11:20,300.0,127.0,S
2021-07-14T11:11:20,200.0,127.0,S
2021-07-14T11:11:20,1200.0,127.0,S
2021-07-14T11:11:20,1100.0,127.0,S
2021-07-14T11:11:20,700.0,127.0,S
2021-07-14T11:11:20,2800.0,127.0,S
2021-07-14T11:11:20,200.0,127.3,S
2021-07-14T11:11:20,1300.0,127.3,S
2021-07-14T11:11:19,700.0,127.6,S
2021-07-14T11:10:20,100.0,128.2,B
2021-07-14T11:10:13,200.0,128.2,B
2021-07-14T11:09:58,200.0,128.2,B
2021-07-14T11:09:37,2000.0,128.4,B
2021-07-14T11:09:37,1200.0,128.0,B
2021-07-14T11:09:36,800.0,128.0,B
2021-07-14T11:09:02,100.0,128.5,B
2021-07-14T11:08:37,100.0,128.5,B
2021-07-14T11:08:34,500.0,128.0,S
2021-07-14T11:08:19,500.0,128.0,B
2021-07-14T11:07:26,100.0,128.0,B
2021-07-14T11:07:18,200.0,128.0,B
2021-07-14T11:07:11,200.0,128.0,B
2021-07-14T11:07:02,400.0,128.0,S
2021-07-14T11:06:34,600.0,128.0,B
2021-07-14T11:05:33,100.0,128.0,B
2021-07-14T11:05:12,1000.0,127.0,S
2021-07-14T11:05:11,100.0,127.0,B
2021-07-14T11:05:07,200.0,127.0,B
2021-07-14T11:05:05,1300.0,126.9,S
2021-07-14T11:05:04,100.0,126.9,S
2021-07-14T11:04:54,400.0,127.0,B
2021-07-14T11:04:50,1200.0,127.0,B
2021-07-14T11:04:50,300.0,127.0,S
2021-07-14T11:04:49,1000.0,127.0,B
2021-07-14T11:04:46,300.0,127.0,B
2021-07-14T11:04:46,100.0,127.0,B
2021-07-14T11:04:46,1000.0,127.0,B
2021-07-14T11:04:40,200.0,127.0,B
2021-07-14T11:04:23,200.0,127.0,B
2021-07-14T11:04:20,100.0,127.0,B
2021-07-14T11:04:19,100.0,127.0,B
2021-07-14T11:04:15,200.0,127.0,B
2021-07-14T11:04:04,100.0,127.0,B
2021-07-14T11:03:57,200.0,127.0,S
2021-07-14T11:03:43,200.0,127.0,S
2021-07-14T11:03:42,400.0,127.0,S
2021-07-14T11:03:42,400.0,127.0,S
2021-07-14T11:03:42,1000.0,127.0,S
2021-07-14T11:03:42,800.0,127.0,S
2021-07-14T11:03:42,1600.0,127.0,S
2021-07-14T11:03:42,600.0,127.1,S
2021-07-14T11:03:27,1000.0,128.0,B
2021-07-14T11:03:06,500.0,127.5,B
2021-07-14T11:03:03,100.0,127.5,B
2021-07-14T11:03:02,400.0,127.1,S
2021-07-14T11:02:56,100.0,127.0,S
2021-07-14T11:02:56,1800.0,127.0,S
2021-07-14T11:02:56,1100.0,127.0,S
2021-07-14T11:02:45,100.0,127.5,B
2021-07-14T11:02:32,300.0,127.0,S
2021-07-14T11:02:31,200.0,127.5,S
2021-07-14T11:02:31,1100.0,127.5,S
2021-07-14T11:02:29,100.0,128.0,B
2021-07-14T11:02:23,200.0,128.0,B
2021-07-14T11:02:21,900.0,127.8,S
2021-07-14T11:02:10,500.0,128.0,S
2021-07-14T11:02:10,300.0,128.0,S
2021-07-14T11:02:03,3300.0,128.0,S
2021-07-14T11:02:03,2700.0,128.0,S
2021-07-14T11:02:02,100.0,128.5,B
2021-07-14T11:02:01,1200.0,128.0,S
2021-07-14T11:02:01,300.0,128.1,S
2021-07-14T11:02:01,200.0,128.5,B
2021-07-14T11:01:59,100.0,128.0,S
2021-07-14T11:01:57,3000.0,128.0,S
2021-07-14T11:01:46,3000.0,128.0,S
2021-07-14T11:01:46,1000.0,128.0,S
2021-07-14T11:01:46,100.0,128.0,S
2021-07-14T11:01:45,900.0,128.1,S
2021-07-14T11:01:37,1500.0,128.0,S
2021-07-14T11:01:32,500.0,128.1,S
2021-07-14T11:01:30,1000.0,128.2,S
2021-07-14T11:01:24,100.0,128.5,B
2021-07-14T11:01:20,500.0,128.5,S
2021-07-14T11:01:19,1400.0,128.5,S
2021-07-14T11:01:06,500.0,128.5,S
2021-07-14T11:00:54,500.0,128.6,S
2021-07-14T11:00:39,200.0,128.9,B
2021-07-14T11:00:39,100.0,128.9,B
2021-07-14T11:00:38,500.0,128.8,S
2021-07-14T11:00:38,100.0,128.8,S
2021-07-14T11:00:38,1700.0,129.0,S
2021-07-14T11:00:38,100.0,129.0,S
2021-07-14T11:00:38,900.0,129.0,S
2021-07-14T11:00:38,1100.0,129.0,S
2021-07-14T11:00:38,1300.0,129.0,S
2021-07-14T11:00:38,1100.0,129.0,S
2021-07-14T11:00:38,2100.0,129.0,S
2021-07-14T11:00:38,600.0,129.0,S
2021-07-14T11:00:38,500.0,129.1,S
2021-07-14T11:00:38,800.0,129.1,S
2021-07-14T11:00:23,5200.0,129.1,S
2021-07-14T11:00:23,2800.0,129.1,S
2021-07-14T11:00:16,300.0,129.3,S
2021-07-14T10:59:25,500.0,129.7,B
2021-07-14T10:59:23,100.0,129.4,B
2021-07-14T10:59:16,500.0,129.3,S
2021-07-14T10:59:09,3500.0,129.4,B
2021-07-14T10:58:44,1700.0,129.5,S
2021-07-14T10:58:30,300.0,129.5,S
2021-07-14T10:58:30,900.0,129.5,S
2021-07-14T10:58:30,700.0,129.6,S
2021-07-14T10:58:30,100.0,129.6,S
2021-07-14T10:58:29,100.0,129.7,B
2021-07-14T10:58:03,100.0,129.7,B
2021-07-14T10:57:54,300.0,129.6,S
2021-07-14T10:57:44,600.0,129.6,S
2021-07-14T10:57:28,100.0,129.7,B
2021-07-14T10:57:28,400.0,129.7,B
2021-07-14T10:56:38,300.0,129.7,S
2021-07-14T10:56:10,200.0,129.7,S
2021-07-14T10:55:37,100.0,129.8,B
2021-07-14T10:55:16,200.0,129.8,B
2021-07-14T10:55:08,1000.0,129.7,S
2021-07-14T10:55:00,100.0,129.8,B
2021-07-14T10:54:36,100.0,129.8,S
2021-07-14T10:54:29,100.0,129.9,B
2021-07-14T10:53:53,100.0,129.9,B
2021-07-14T10:53:53,100.0,129.9,B
2021-07-14T10:53:51,100.0,129.9,B
2021-07-14T10:53:50,1000.0,129.9,B
2021-07-14T10:53:31,200.0,129.9,B
2021-07-14T10:53:29,100.0,129.7,S
2021-07-14T10:53:05,200.0,129.9,B
2021-07-14T10:52:34,500.0,129.6,S
2021-07-14T10:52:29,100.0,129.6,S
2021-07-14T10:52:09,400.0,129.6,B
2021-07-14T10:52:04,100.0,129.6,S
2021-07-14T10:52:01,100.0,129.6,S
2021-07-14T10:51:49,100.0,129.9,B
2021-07-14T10:51:38,100.0,129.9,B
2021-07-14T10:51:15,1000.0,129.4,S
2021-07-14T10:50:57,100.0,129.4,B
2021-07-14T10:50:54,900.0,129.4,S
2021-07-14T10:50:43,500.0,129.9,S
2021-07-14T10:50:35,400.0,129.4,S
2021-07-14T10:50:30,100.0,129.4,S
2021-07-14T10:50:27,100.0,129.4,B
2021-07-14T10:50:20,200.0,129.4,B
2021-07-14T10:50:17,200.0,129.4,B
2021-07-14T10:50:10,500.0,129.4,B
2021-07-14T10:50:10,1500.0,129.4,S
2021-07-14T10:50:10,200.0,129.6,S
2021-07-14T10:50:10,300.0,129.6,S
2021-07-14T10:50:01,700.0,129.6,B
2021-07-14T10:49:52,100.0,129.6,B
2021-07-14T10:49:38,500.0,129.4,S
2021-07-14T10:49:31,100.0,129.6,B
2021-07-14T10:49:25,100.0,129.8,S
2021-07-14T10:49:19,1000.0,129.4,S
2021-07-14T10:49:14,100.0,129.8,S
2021-07-14T10:49:12,4600.0,129.9,S
2021-07-14T10:49:03,400.0,130.0,S
2021-07-14T10:49:03,3700.0,130.0,S
2021-07-14T10:49:03,700.0,130.0,S
2021-07-14T10:49:03,500.0,130.0,S
2021-07-14T10:49:03,1500.0,130.0,S
2021-07-14T10:49:03,900.0,130.0,S
2021-07-14T10:49:03,700.0,130.0,S
2021-07-14T10:49:03,1800.0,130.0,S
2021-07-14T10:49:03,100.0,130.0,S
2021-07-14T10:49:03,1800.0,130.0,S
2021-07-14T10:48:58,100.0,130.1,S
2021-07-14T10:48:58,1300.0,130.1,S
2021-07-14T10:48:58,100.0,130.1,S
2021-07-14T10:48:58,500.0,130.1,S
2021-07-14T10:48:58,2300.0,130.5,S
2021-07-14T10:48:58,300.0,130.5,S
2021-07-14T10:48:58,2000.0,130.5,S
2021-07-14T10:48:54,2000.0,130.8,S
2021-07-14T10:48:53,300.0,130.9,S
2021-07-14T10:48:52,1000.0,130.9,S
2021-07-14T10:48:37,2000.0,130.9,S
2021-07-14T10:48:29,1000.0,131.0,B
2021-07-14T10:48:28,2000.0,130.9,S
2021-07-14T10:48:21,300.0,130.9,S
2021-07-14T10:48:01,1100.0,131.0,S
2021-07-14T10:48:01,300.0,131.0,S
2021-07-14T10:48:01,700.0,131.0,S
2021-07-14T10:47:51,300.0,131.0,S
2021-07-14T10:47:51,100.0,131.0,S
2021-07-14T10:47:35,100.0,131.0,S
2021-07-14T10:47:10,100.0,131.0,S
2021-07-14T10:46:59,1000.0,131.0,S
2021-07-14T10:46:45,100.0,131.1,S
2021-07-14T10:46:01,1100.0,131.5,B
2021-07-14T10:45:47,200.0,131.5,B
2021-07-14T10:45:40,500.0,131.5,B
2021-07-14T10:45:40,500.0,131.5,B
2021-07-14T10:45:30,200.0,131.5,B
2021-07-14T10:45:05,1000.0,131.5,B
2021-07-14T10:44:23,600.0,131.0,B
2021-07-14T10:44:19,200.0,131.0,B
2021-07-14T10:44:19,100.0,131.0,B
2021-07-14T10:43:53,100.0,131.0,B
2021-07-14T10:43:34,1300.0,131.0,B
2021-07-14T10:42:31,100.0,131.0,S
2021-07-14T10:42:18,100.0,131.0,B
2021-07-14T10:42:09,100.0,131.0,B
2021-07-14T10:42:03,200.0,131.0,B
2021-07-14T10:42:02,100.0,131.0,B
2021-07-14T10:41:59,1000.0,131.0,B
2021-07-14T10:41:54,200.0,131.0,B
2021-07-14T10:41:45,100.0,131.0,B
2021-07-14T10:41:09,100.0,131.0,B
2021-07-14T10:40:55,700.0,131.0,S
2021-07-14T10:40:45,400.0,131.5,B
2021-07-14T10:40:33,100.0,131.0,S
2021-07-14T10:39:49,100.0,131.4,B
2021-07-14T10:39:41,1100.0,131.0,S
2021-07-14T10:39:20,200.0,131.4,B
2021-07-14T10:37:45,100.0,131.5,B
2021-07-14T10:37:08,100.0,131.5,B
2021-07-14T10:37:00,500.0,131.5,B
2021-07-14T10:36:52,800.0,131.5,B
2021-07-14T10:36:09,1000.0,131.5,B
2021-07-14T10:35:56,300.0,131.0,S
2021-07-14T10:35:29,100.0,131.5,B
2021-07-14T10:35:11,200.0,131.0,B
2021-07-14T10:34:45,200.0,131.0,B
2021-07-14T10:34:44,100.0,131.0,B
2021-07-14T10:34:34,100.0,131.0,B
2021-07-14T10:34:28,500.0,131.0,B
2021-07-14T10:34:18,1000.0,131.0,B
2021-07-14T10:33:46,100.0,130.9,B
2021-07-14T10:33:42,100.0,130.9,B
2021-07-14T10:33:12,400.0,130.9,S
2021-07-14T10:32:43,300.0,130.9,S
2021-07-14T10:32:12,100.0,131.0,B
2021-07-14T10:31:26,100.0,131.0,B
2021-07-14T10:31:24,300.0,131.0,B
2021-07-14T10:31:24,100.0,130.8,S
2021-07-14T10:30:50,100.0,131.0,S
2021-07-14T10:30:41,1000.0,131.0,S
2021-07-14T10:30:36,100.0,131.0,S
2021-07-14T10:30:29,1000.0,131.0,S
2021-07-14T10:30:21,700.0,131.0,S
2021-07-14T10:30:21,1900.0,131.0,S
2021-07-14T10:29:54,100.0,131.0,S
2021-07-14T10:29:54,1300.0,131.0,S
2021-07-14T10:29:54,100.0,131.0,S
2021-07-14T10:29:54,1700.0,131.0,S
2021-07-14T10:29:32,800.0,131.1,S
2021-07-14T10:29:32,100.0,131.2,S
2021-07-14T10:29:32,1100.0,131.2,S
2021-07-14T10:29:23,100.0,131.4,S
2021-07-14T10:28:20,100.0,131.4,S
2021-07-14T10:28:20,2300.0,131.4,S
2021-07-14T10:27:53,200.0,131.5,B
2021-07-14T10:27:32,200.0,131.5,B
2021-07-14T10:26:36,800.0,131.5,S
2021-07-14T10:26:35,200.0,131.5,S
2021-07-14T10:25:49,1000.0,131.4,S
2021-07-14T10:24:44,400.0,131.4,S
2021-07-14T10:24:44,100.0,131.5,S
2021-07-14T10:23:43,300.0,131.9,B
2021-07-14T10:23:22,300.0,131.5,B
2021-07-14T10:22:58,100.0,131.5,B
2021-07-14T10:22:50,1500.0,131.5,S
2021-07-14T10:21:51,100.0,132.0,B
2021-07-14T10:21:28,100.0,132.0,B
2021-07-14T10:21:18,100.0,132.0,B
2021-07-14T10:20:53,100.0,132.0,B
2021-07-14T10:20:43,200.0,132.0,B
2021-07-14T10:20:33,100.0,131.6,S
2021-07-14T10:20:30,100.0,131.6,B
2021-07-14T10:20:13,1000.0,131.4,S
2021-07-14T10:20:01,2000.0,131.6,B
2021-07-14T10:19:58,2000.0,131.6,B
2021-07-14T10:19:57,500.0,131.6,B
2021-07-14T10:19:36,200.0,131.6,B
2021-07-14T10:19:36,200.0,131.6,B
2021-07-14T10:19:22,300.0,131.6,B
2021-07-14T10:19:18,3000.0,131.6,B
2021-07-14T10:19:17,100.0,131.6,B
2021-07-14T10:18:52,1600.0,131.6,B
2021-07-14T10:18:52,400.0,131.6,B
2021-07-14T10:18:48,200.0,131.4,B
2021-07-14T10:18:48,100.0,131.4,B
2021-07-14T10:18:44,300.0,131.4,B
2021-07-14T10:18:36,200.0,131.4,B
2021-07-14T10:18:20,300.0,131.4,B
2021-07-14T10:17:51,3000.0,131.5,B
2021-07-14T10:17:21,1000.0,131.5,B
2021-07-14T10:17:21,1000.0,131.5,B
2021-07-14T10:17:01,1000.0,131.5,B
2021-07-14T10:16:58,100.0,131.4,B
2021-07-14T10:16:58,400.0,131.4,S
2021-07-14T10:16:34,600.0,131.4,B
2021-07-14T10:16:26,400.0,131.4,B
2021-07-14T10:15:35,1000.0,131.4,B
2021-07-14T10:14:55,500.0,131.4,B
2021-07-14T10:14:41,100.0,131.4,B
2021-07-14T10:14:31,100.0,131.0,S
2021-07-14T10:14:28,100.0,131.0,B
2021-07-14T10:14:25,200.0,131.0,B
2021-07-14T10:14:14,200.0,131.0,B
2021-07-14T10:14:11,100.0,131.0,B
2021-07-14T10:14:11,100.0,131.0,B
2021-07-14T10:14:09,1200.0,131.0,S
2021-07-14T10:14:03,200.0,131.4,B
2021-07-14T10:13:50,100.0,131.4,B
2021-07-14T10:13:31,100.0,131.5,B
2021-07-14T10:13:26,500.0,131.0,S
2021-07-14T10:13:26,1500.0,131.0,S
2021-07-14T10:13:26,300.0,131.0,S
2021-07-14T10:13:26,3700.0,131.0,S
2021-07-14T10:13:10,300.0,131.2,S
2021-07-14T10:13:10,700.0,131.3,S
2021-07-14T10:12:36,100.0,131.5,B
2021-07-14T10:12:24,100.0,131.5,B
2021-07-14T10:12:24,2600.0,131.5,S
2021-07-14T10:12:24,200.0,131.5,S
2021-07-14T10:12:17,100.0,131.6,B
2021-07-14T10:12:03,100.0,131.6,B
2021-07-14T10:11:46,100.0,131.6,B
2021-07-14T10:11:39,100.0,131.5,S
2021-07-14T10:10:59,2100.0,131.6,S
2021-07-14T10:09:16,100.0,132.0,B
2021-07-14T10:08:29,100.0,131.8,S
2021-07-14T10:08:18,200.0,131.8,S
2021-07-14T10:07:44,2000.0,131.8,S
2021-07-14T10:07:37,200.0,132.0,S
2021-07-14T10:07:37,1600.0,132.0,S
2021-07-14T10:07:07,500.0,132.0,S
2021-07-14T10:06:52,200.0,132.0,S
2021-07-14T10:06:52,800.0,132.0,S
2021-07-14T10:06:48,100.0,132.6,B
2021-07-14T10:06:35,100.0,132.6,S
2021-07-14T10:06:09,100.0,132.6,S
2021-07-14T10:05:20,100.0,132.8,S
2021-07-14T10:04:46,1000.0,132.9,B
2021-07-14T10:04:21,100.0,132.7,S
2021-07-14T10:02:18,400.0,132.9,B
2021-07-14T10:01:52,100.0,132.1,S
2021-07-14T10:00:41,500.0,132.0,S
2021-07-14T10:00:33,1000.0,132.0,S
2021-07-14T09:59:58,1800.0,132.0,S
2021-07-14T09:59:58,1200.0,132.1,S
2021-07-14T09:59:31,100.0,132.2,S
2021-07-14T09:59:24,100.0,133.0,B
2021-07-14T09:57:33,1300.0,133.0,B
2021-07-14T09:54:13,100.0,133.3,B
2021-07-14T09:53:28,1000.0,132.0,S
2021-07-14T09:53:28,100.0,132.1,S
2021-07-14T09:53:21,900.0,132.1,S
2021-07-14T09:52:21,1200.0,132.1,S
2021-07-14T09:52:05,100.0,133.3,B
2021-07-14T09:51:51,200.0,133.2,B
2021-07-14T09:51:32,400.0,132.0,S
2021-07-14T09:51:32,200.0,132.0,S
2021-07-14T09:51:31,400.0,132.1,S
2021-07-14T09:51:31,300.0,132.2,S
2021-07-14T09:49:54,200.0,132.1,S
2021-07-14T09:48:17,900.0,132.1,S
2021-07-14T09:47:58,500.0,132.0,S
2021-07-14T09:45:15,200.0,133.4,B
2021-07-14T09:45:07,100.0,132.8,B
2021-07-14T09:45:06,300.0,133.4,B
2021-07-14T09:44:53,2000.0,133.0,B
2021-07-14T09:44:43,100.0,132.9,S
2021-07-14T09:44:22,100.0,133.0,B
2021-07-14T09:43:48,1000.0,133.0,B
2021-07-14T09:43:19,100.0,132.0,S
2021-07-14T09:43:19,600.0,132.0,S
2021-07-14T09:43:19,800.0,132.0,S
2021-07-14T09:43:19,2100.0,132.0,S
2021-07-14T09:43:18,1100.0,132.5,S
2021-07-14T09:43:18,300.0,132.5,S
2021-07-14T09:43:18,600.0,132.5,S
2021-07-14T09:43:18,1700.0,132.5,S
2021-07-14T09:43:18,1200.0,132.6,S
2021-07-14T09:43:18,800.0,132.6,S
2021-07-14T09:42:59,500.0,133.0,B
2021-07-14T09:41:30,100.0,133.9,B
2021-07-14T09:41:06,300.0,134.4,B
2021-07-14T09:41:06,200.0,134.1,B
2021-07-14T09:40:58,1000.0,134.0,B
2021-07-14T09:40:51,100.0,134.0,B
2021-07-14T09:39:30,600.0,134.0,B
2021-07-14T09:38:59,200.0,133.1,S
2021-07-14T09:38:46,100.0,133.1,S
2021-07-14T09:38:28,100.0,133.0,B
2021-07-14T09:38:28,400.0,133.0,B
2021-07-14T09:38:13,600.0,133.0,B
2021-07-14T09:38:13,2000.0,132.6,S
2021-07-14T09:38:05,1000.0,133.0,B
2021-07-14T09:37:54,1000.0,132.6,S
2021-07-14T09:37:47,1000.0,132.6,B
2021-07-14T09:37:42,200.0,132.6,B
2021-07-14T09:37:29,100.0,132.6,B
2021-07-14T09:37:20,300.0,132.6,S
2021-07-14T09:37:17,100.0,133.0,S
2021-07-14T09:36:58,100.0,133.0,B
2021-07-14T09:36:31,1000.0,133.0,B
2021-07-14T09:36:20,600.0,132.5,S
2021-07-14T09:35:50,100.0,132.5,S
2021-07-14T09:35:44,500.0,132.5,B
2021-07-14T09:35:44,500.0,132.5,B
2021-07-14T09:35:39,200.0,132.5,B
2021-07-14T09:34:57,700.0,132.5,B
2021-07-14T09:34:55,600.0,132.5,B
2021-07-14T09:34:43,2800.0,132.5,B
2021-07-14T09:34:40,1200.0,132.0,S
2021-07-14T09:34:27,1000.0,132.0,S
2021-07-14T09:34:02,200.0,132.5,B
2021-07-14T09:33:40,200.0,132.0,B
2021-07-14T09:33:38,1700.0,132.0,S
2021-07-14T09:33:35,100.0,132.5,B
2021-07-14T09:33:27,300.0,132.5,B
2021-07-14T09:33:19,100.0,132.5,B
2021-07-14T09:33:16,400.0,132.0,S
2021-07-14T09:33:16,200.0,132.0,S
2021-07-14T09:33:16,100.0,132.0,S
2021-07-14T09:33:16,1100.0,132.0,S
2021-07-14T09:33:16,400.0,132.0,S
2021-07-14T09:32:33,500.0,132.0,B
2021-07-14T09:32:31,100.0,132.0,B
2021-07-14T09:32:16,400.0,132.0,S
2021-07-14T09:32:06,300.0,132.0,S
2021-07-14T09:32:06,700.0,132.0,S
2021-07-14T09:31:56,100.0,132.0,B
2021-07-14T09:31:50,1000.0,132.0,B
2021-07-14T09:31:49,100.0,131.8,S
2021-07-14T09:31:45,200.0,132.0,B
2021-07-14T09:31:43,200.0,132.0,B
2021-07-14T09:31:31,1900.0,132.0,S
2021-07-14T09:31:12,100.0,132.0,S
2021-07-14T09:30:48,100.0,132.0,S
2021-07-14T09:30:44,500.0,132.0,S
2021-07-14T09:30:37,100.0,132.0,S
2021-07-14T09:29:32,500.0,132.0,S
2021-07-14T09:29:24,100.0,132.0,S
2021-07-14T09:29:21,400.0,132.0,B
2021-07-14T09:28:36,100.0,132.0,B
2021-07-14T09:28:36,100.0,132.0,B
2021-07-14T09:28:26,100.0,132.0,B
2021-07-14T09:28:14,1000.0,132.0,S
2021-07-14T09:26:52,100.0,132.5,B
2021-07-14T09:26:34,200.0,131.6,B
2021-07-14T09:26:34,100.0,131.6,B
2021-07-14T09:26:32,200.0,131.6,B
2021-07-14T09:26:28,100.0,131.6,B
2021-07-14T09:26:27,500.0,131.6,B
2021-07-14T09:26:24,100.0,131.6,B
2021-07-14T09:26:14,100.0,131.6,B
2021-07-14T09:25:51,1100.0,131.6,B
2021-07-14T09:25:48,200.0,132.0,S
2021-07-14T09:25:44,1000.0,133.0,B
2021-07-14T09:25:23,500.0,131.6,B
2021-07-14T09:25:19,200.0,131.6,B
2021-07-14T09:25:15,1000.0,131.6,B
2021-07-14T09:25:12,100.0,131.6,B
2021-07-14T09:25:07,1000.0,131.5,S
2021-07-14T09:24:58,200.0,131.5,B
2021-07-14T09:24:56,100.0,131.5,B
2021-07-14T09:24:42,300.0,131.5,B
2021-07-14T09:24:40,700.0,131.5,S
2021-07-14T09:24:28,100.0,131.5,S
2021-07-14T09:24:22,100.0,131.6,B
2021-07-14T09:24:17,1900.0,131.5,S
2021-07-14T09:24:09,100.0,131.6,B
2021-07-14T09:24:03,2000.0,131.5,S
2021-07-14T09:23:20,100.0,133.0,B
2021-07-14T09:23:15,200.0,132.0,S
2021-07-14T09:23:09,500.0,132.0,S
2021-07-14T09:23:02,1000.0,133.0,B
2021-07-14T09:22:52,1000.0,132.0,S
2021-07-14T09:22:51,100.0,132.0,S
2021-07-14T09:22:47,500.0,132.0,S
2021-07-14T09:22:47,600.0,133.0,B
2021-07-14T09:22:47,100.0,132.0,S
2021-07-14T09:22:46,1200.0,133.0,S
2021-07-14T09:22:44,200.0,133.0,S
2021-07-14T09:22:41,300.0,133.0,S
2021-07-14T09:22:41,100.0,133.0,S
2021-07-14T09:22:32,200.0,133.0,S
2021-07-14T09:22:21,200.0,133.0,S
2021-07-14T09:22:13,100.0,133.0,B
2021-07-14T09:22:12,1500.0,133.0,B
2021-07-14T09:22:02,200.0,133.0,S
2021-07-14T09:22:02,700.0,133.0,S
2021-07-14T09:22:02,700.0,133.3,S
2021-07-14T09:22:02,1800.0,133.5,S
2021-07-14T09:21:49,100.0,134.6,B
2021-07-14T09:21:49,300.0,134.5,B
2021-07-14T09:21:49,100.0,134.5,B
2021-07-14T09:21:37,100.0,134.4,S
2021-07-14T09:21:24,300.0,134.4,S
2021-07-14T09:20:42,300.0,134.6,S
2021-07-14T09:20:42,400.0,134.6,S
2021-07-14T09:20:41,200.0,134.6,S
2021-07-14T09:20:12,500.0,134.6,S
2021-07-14T09:20:09,300.0,134.7,S
2021-07-14T09:20:04,300.0,134.7,S
2021-07-14T09:20:03,400.0,134.7,B
2021-07-14T09:19:57,100.0,134.7,B
2021-07-14T09:19:57,200.0,134.7,B
2021-07-14T09:19:48,500.0,134.7,B
2021-07-14T09:19:44,100.0,134.7,B
2021-07-14T09:19:34,300.0,134.7,B
2021-07-14T09:19:05,100.0,134.6,B
2021-07-14T09:18:56,300.0,134.6,B
2021-07-14T09:17:53,600.0,134.7,S
2021-07-14T09:17:46,100.0,135.0,B
2021-07-14T09:16:55,100.0,134.9,B
2021-07-14T09:16:48,100.0,134.7,S
2021-07-14T09:16:46,900.0,134.7,B
2021-07-14T09:16:30,100.0,134.7,B
2021-07-14T09:16:30,600.0,134.4,S
2021-07-14T09:15:36,500.0,134.4,B
