tradingTime,volume,price,side
2021-07-14T14:29:43,400.0,31.9,S
2021-07-14T14:29:13,100.0,31.95,S
2021-07-14T14:28:24,100.0,31.9,B
2021-07-14T14:27:59,1000.0,31.9,B
2021-07-14T14:27:30,100.0,31.9,S
2021-07-14T14:25:38,500.0,31.9,S
2021-07-14T14:22:01,500.0,31.8,S
2021-07-14T14:18:53,200.0,31.75,S
2021-07-14T14:18:48,100.0,31.8,S
2021-07-14T14:14:26,200.0,31.75,S
2021-07-14T14:14:06,1000.0,31.75,B
2021-07-14T14:14:04,1000.0,31.75,B
2021-07-14T14:13:56,100.0,31.75,B
2021-07-14T14:13:20,400.0,31.75,S
2021-07-14T14:12:46,200.0,31.75,B
2021-07-14T14:12:40,200.0,31.75,B
2021-07-14T14:12:29,100.0,31.75,S
2021-07-14T14:11:38,100.0,31.75,B
2021-07-14T14:11:10,200.0,31.75,B
2021-07-14T14:11:03,200.0,31.75,B
2021-07-14T14:10:48,400.0,31.75,B
2021-07-14T14:10:41,200.0,31.75,B
2021-07-14T14:09:24,1000.0,31.75,B
2021-07-14T14:08:34,300.0,31.7,S
2021-07-14T14:08:24,1200.0,31.7,S
2021-07-14T14:08:08,500.0,31.75,B
2021-07-14T14:08:06,1000.0,31.75,B
2021-07-14T14:01:25,3000.0,31.75,B
2021-07-14T14:01:25,1500.0,31.75,S
2021-07-14T13:57:32,2100.0,31.75,S
2021-07-14T13:54:07,100.0,32.7,B
2021-07-14T13:52:50,200.0,31.75,S
2021-07-14T13:48:30,1000.0,31.65,B
2021-07-14T13:48:08,200.0,31.65,S
2021-07-14T13:48:08,200.0,31.65,S
2021-07-14T13:48:08,600.0,31.65,S
2021-07-14T13:48:02,300.0,31.7,S
2021-07-14T13:47:50,1000.0,31.7,B
2021-07-14T13:47:27,1300.0,31.7,B
2021-07-14T13:47:11,500.0,31.7,B
2021-07-14T13:46:47,600.0,31.7,S
2021-07-14T13:46:33,200.0,31.75,B
2021-07-14T13:46:30,3100.0,31.75,B
2021-07-14T13:46:13,1000.0,32.75,B
2021-07-14T13:45:44,100.0,32.75,B
2021-07-14T13:42:37,500.0,31.7,S
2021-07-14T13:37:58,1500.0,31.65,S
2021-07-14T13:36:53,500.0,31.7,S
2021-07-14T13:32:02,1500.0,31.55,S
2021-07-14T13:27:07,5000.0,33.0,B
2021-07-14T13:25:46,100.0,31.5,S
2021-07-14T13:23:07,500.0,31.5,S
2021-07-14T13:22:07,1200.0,31.35,S
2021-07-14T13:21:39,1500.0,31.35,S
2021-07-14T13:17:34,100.0,31.3,S
2021-07-14T13:16:05,100.0,31.3,S
2021-07-14T13:14:27,500.0,31.3,S
2021-07-14T13:13:25,200.0,31.3,S
2021-07-14T13:13:16,2300.0,31.25,S
2021-07-14T13:12:19,300.0,31.25,S
2021-07-14T13:12:19,1200.0,31.3,S
2021-07-14T13:11:42,200.0,32.1,S
2021-07-14T13:11:24,600.0,32.1,B
2021-07-14T13:10:51,400.0,32.1,S
2021-07-14T13:10:46,500.0,32.2,B
2021-07-14T13:10:00,100.0,32.2,B
2021-07-14T13:09:55,100.0,32.1,S
2021-07-14T13:08:59,3600.0,31.25,S
2021-07-14T13:07:54,100.0,31.2,S
2021-07-14T13:07:09,1500.0,31.15,S
2021-07-14T13:06:07,100.0,31.2,B
2021-07-14T13:05:47,300.0,31.2,S
2021-07-14T13:04:40,6100.0,31.2,S
2021-07-14T13:04:12,3000.0,31.2,S
2021-07-14T13:03:49,3900.0,31.3,B
2021-07-14T13:03:26,1500.0,31.3,S
2021-07-14T13:02:32,5000.0,31.4,S
2021-07-14T13:02:13,5200.0,31.5,S
2021-07-14T13:01:42,2000.0,31.5,S
2021-07-14T13:01:18,1400.0,31.6,S
2021-07-14T13:01:18,300.0,31.6,S
2021-07-14T13:00:58,2200.0,31.7,S
2021-07-14T13:00:40,100.0,31.95,B
2021-07-14T13:00:22,100.0,31.8,S
2021-07-14T13:00:18,200.0,32.0,B
2021-07-14T13:00:16,200.0,32.1,S
2021-07-14T13:00:13,100.0,31.8,S
2021-07-14T13:00:12,100.0,31.8,B
2021-07-14T13:00:12,1300.0,31.8,S
2021-07-14T13:00:08,2000.0,31.8,S
2021-07-14T13:00:08,500.0,31.8,S
2021-07-14T13:00:08,800.0,31.8,S
2021-07-14T13:00:08,600.0,31.9,S
2021-07-14T13:00:08,300.0,31.9,S
2021-07-14T13:00:08,10500.0,31.9,S
2021-07-14T11:29:30,500.0,32.2,B
2021-07-14T11:28:55,100.0,32.1,S
2021-07-14T11:28:15,100.0,32.2,S
2021-07-14T11:28:02,100.0,32.3,S
2021-07-14T11:26:40,100.0,32.3,S
2021-07-14T11:24:36,200.0,32.3,S
2021-07-14T11:17:20,800.0,31.9,B
2021-07-14T11:17:19,100.0,31.9,B
2021-07-14T11:17:16,100.0,31.9,B
2021-07-14T11:17:12,200.0,31.9,B
2021-07-14T11:17:10,100.0,31.9,B
2021-07-14T11:17:09,5000.0,31.9,B
2021-07-14T11:17:02,1000.0,31.9,B
2021-07-14T11:16:54,1000.0,31.9,B
2021-07-14T11:16:44,500.0,31.9,B
2021-07-14T11:16:43,100.0,31.9,B
2021-07-14T11:16:20,200.0,31.9,B
2021-07-14T11:16:07,4500.0,31.9,B
2021-07-14T11:16:03,500.0,31.9,B
2021-07-14T11:15:52,500.0,31.9,B
2021-07-14T11:14:43,500.0,31.9,B
2021-07-14T11:14:38,1000.0,31.9,B
2021-07-14T11:14:37,100.0,31.9,B
2021-07-14T11:14:26,800.0,31.9,B
2021-07-14T11:14:24,100.0,31.9,B
2021-07-14T11:14:18,300.0,31.9,B
2021-07-14T11:14:10,100.0,31.9,B
2021-07-14T11:14:01,100.0,31.9,B
2021-07-14T11:13:28,1000.0,31.9,B
2021-07-14T11:13:09,100.0,31.9,B
2021-07-14T11:13:01,500.0,31.9,B
2021-07-14T11:12:58,200.0,31.9,B
2021-07-14T11:12:42,1200.0,31.9,S
2021-07-14T11:12:42,4700.0,31.9,S
2021-07-14T11:12:13,500.0,31.9,S
2021-07-14T11:09:33,300.0,31.9,S
2021-07-14T11:08:09,100.0,31.9,S
2021-07-14T11:07:03,100.0,31.9,S
2021-07-14T11:05:38,400.0,31.9,S
2021-07-14T11:04:25,600.0,31.8,S
2021-07-14T11:04:25,1200.0,31.8,S
2021-07-14T11:02:40,100.0,32.95,B
2021-07-14T11:01:57,200.0,31.8,S
2021-07-14T11:01:24,300.0,31.8,S
2021-07-14T11:01:24,300.0,31.8,S
2021-07-14T11:01:24,400.0,31.9,S
2021-07-14T11:01:06,29900.0,32.0,S
2021-07-14T11:01:06,100.0,32.0,S
2021-07-14T11:00:10,1000.0,32.0,S
2021-07-14T10:59:43,1500.0,32.5,S
2021-07-14T10:59:43,1100.0,32.5,S
2021-07-14T10:59:37,100.0,32.6,S
2021-07-14T10:59:26,400.0,32.7,S
2021-07-14T10:58:12,1200.0,32.8,S
2021-07-14T10:58:05,100.0,32.85,S
2021-07-14T10:55:13,1000.0,33.0,B
2021-07-14T10:53:39,500.0,33.0,B
2021-07-14T10:53:36,1000.0,32.8,S
2021-07-14T10:53:21,300.0,32.9,B
2021-07-14T10:53:12,200.0,32.9,B
2021-07-14T10:52:04,100.0,32.8,B
2021-07-14T10:51:57,500.0,32.8,B
2021-07-14T10:51:54,100.0,32.8,B
2021-07-14T10:51:06,100.0,32.8,S
2021-07-14T10:50:07,300.0,32.9,S
2021-07-14T10:50:04,1000.0,32.9,S
2021-07-14T10:49:14,100.0,32.95,B
2021-07-14T10:48:17,300.0,33.0,B
2021-07-14T10:47:51,1900.0,33.0,S
2021-07-14T10:47:51,1000.0,33.0,S
2021-07-14T10:47:51,500.0,33.0,S
2021-07-14T10:47:51,200.0,33.0,S
2021-07-14T10:47:51,400.0,33.0,S
2021-07-14T10:47:51,500.0,33.0,S
2021-07-14T10:47:51,500.0,33.1,S
2021-07-14T10:47:38,4000.0,33.0,S
2021-07-14T10:46:47,3900.0,33.1,S
2021-07-14T10:45:57,600.0,33.2,S
2021-07-14T10:41:19,100.0,33.1,S
2021-07-14T10:39:31,100.0,33.1,S
2021-07-14T10:38:43,1000.0,33.05,S
2021-07-14T10:31:30,400.0,33.0,S
2021-07-14T10:30:39,100.0,33.0,S
2021-07-14T10:29:58,400.0,33.0,S
2021-07-14T10:28:42,200.0,33.2,S
2021-07-14T10:27:23,100.0,33.2,S
2021-07-14T10:26:50,200.0,33.2,B
2021-07-14T10:26:12,100.0,33.15,S
2021-07-14T10:26:12,300.0,33.15,S
2021-07-14T10:24:38,100.0,33.2,S
2021-07-14T10:18:20,500.0,33.3,B
2021-07-14T10:17:24,100.0,33.3,B
2021-07-14T10:17:10,200.0,33.3,B
2021-07-14T10:16:13,200.0,33.25,S
2021-07-14T10:13:58,100.0,33.25,S
2021-07-14T10:13:34,100.0,33.25,S
2021-07-14T10:13:26,100.0,33.25,S
2021-07-14T10:13:03,200.0,33.25,S
2021-07-14T10:12:39,400.0,33.0,S
2021-07-14T10:12:39,100.0,33.1,S
2021-07-14T10:12:39,100.0,33.1,S
2021-07-14T10:12:39,200.0,33.15,B
2021-07-14T10:10:51,1000.0,33.1,S
2021-07-14T10:09:30,100.0,33.15,B
2021-07-14T10:09:03,500.0,33.15,S
2021-07-14T10:08:24,1400.0,33.15,S
2021-07-14T10:08:24,600.0,33.15,S
2021-07-14T10:07:36,500.0,33.15,S
2021-07-14T10:06:45,500.0,33.15,S
2021-07-14T10:06:29,1000.0,33.15,S
2021-07-14T10:06:17,500.0,33.2,B
2021-07-14T10:06:08,500.0,33.2,S
2021-07-14T10:06:00,1300.0,33.2,S
2021-07-14T10:05:50,500.0,33.25,B
2021-07-14T10:05:33,300.0,33.25,S
2021-07-14T10:05:28,300.0,33.25,S
2021-07-14T10:05:14,100.0,33.3,S
2021-07-14T10:05:14,1000.0,33.3,S
2021-07-14T10:04:53,1000.0,33.3,S
2021-07-14T10:04:35,200.0,33.3,S
2021-07-14T10:03:41,500.0,33.4,B
2021-07-14T10:03:37,100.0,33.3,S
2021-07-14T10:02:59,200.0,33.3,S
2021-07-14T10:02:39,200.0,33.4,S
2021-07-14T10:02:23,500.0,33.4,S
2021-07-14T10:02:16,600.0,33.4,S
2021-07-14T10:02:16,4400.0,33.4,S
2021-07-14T10:02:16,500.0,33.4,S
2021-07-14T10:02:09,500.0,33.4,S
2021-07-14T10:01:49,2000.0,33.4,S
2021-07-14T10:01:33,200.0,33.4,S
2021-07-14T10:01:18,3000.0,33.4,S
2021-07-14T10:01:02,100.0,33.5,B
2021-07-14T10:00:30,1000.0,33.4,S
2021-07-14T10:00:21,900.0,33.4,S
2021-07-14T10:00:17,100.0,33.4,S
2021-07-14T09:58:06,400.0,33.4,S
2021-07-14T09:57:47,6000.0,33.4,S
2021-07-14T09:57:22,4900.0,33.4,S
2021-07-14T09:56:51,900.0,33.4,S
2021-07-14T09:52:54,500.0,33.4,S
2021-07-14T09:52:46,100.0,33.4,S
2021-07-14T09:52:01,4300.0,33.4,B
2021-07-14T09:51:57,5700.0,33.4,S
2021-07-14T09:49:40,500.0,33.4,S
2021-07-14T09:46:04,500.0,33.5,B
2021-07-14T09:45:53,100.0,33.4,B
2021-07-14T09:45:21,400.0,33.4,S
2021-07-14T09:44:56,100.0,33.4,S
2021-07-14T09:43:35,100.0,33.4,S
2021-07-14T09:43:09,800.0,33.5,S
2021-07-14T09:43:08,1000.0,33.5,S
2021-07-14T09:42:57,200.0,33.5,S
2021-07-14T09:41:57,100.0,33.3,S
2021-07-14T09:41:57,700.0,33.3,S
2021-07-14T09:41:26,200.0,33.3,S
2021-07-14T09:41:04,100.0,33.3,S
2021-07-14T09:41:04,400.0,33.45,S
2021-07-14T09:40:26,500.0,33.5,B
2021-07-14T09:40:18,200.0,33.5,B
2021-07-14T09:40:18,200.0,33.5,B
2021-07-14T09:40:07,2400.0,33.5,S
2021-07-14T09:39:58,2000.0,33.5,S
2021-07-14T09:39:42,300.0,33.5,S
2021-07-14T09:39:41,10300.0,33.5,B
2021-07-14T09:39:34,500.0,33.5,B
2021-07-14T09:38:28,1000.0,33.5,B
2021-07-14T09:38:27,100.0,33.5,B
2021-07-14T09:38:26,100.0,33.5,B
2021-07-14T09:38:14,200.0,33.5,B
2021-07-14T09:38:06,200.0,33.5,B
2021-07-14T09:37:42,200.0,33.5,B
2021-07-14T09:36:51,500.0,33.5,B
2021-07-14T09:35:58,100.0,33.5,B
2021-07-14T09:35:55,3400.0,33.5,S
2021-07-14T09:35:54,400.0,33.5,S
2021-07-14T09:35:27,2000.0,33.5,S
2021-07-14T09:34:59,1000.0,33.5,S
2021-07-14T09:34:53,700.0,33.7,B
2021-07-14T09:33:58,1000.0,33.5,S
2021-07-14T09:33:35,500.0,33.7,B
2021-07-14T09:33:23,600.0,33.7,B
2021-07-14T09:32:43,100.0,33.6,B
2021-07-14T09:32:43,800.0,33.6,B
2021-07-14T09:32:14,200.0,33.6,B
2021-07-14T09:31:27,500.0,33.6,B
2021-07-14T09:30:49,1000.0,33.3,S
2021-07-14T09:30:03,100.0,33.3,S
2021-07-14T09:29:15,200.0,33.3,S
2021-07-14T09:28:00,300.0,33.3,B
2021-07-14T09:27:38,200.0,33.3,B
2021-07-14T09:26:14,1000.0,33.25,S
2021-07-14T09:25:19,1000.0,33.2,S
2021-07-14T09:23:38,500.0,33.2,S
2021-07-14T09:22:29,1000.0,33.2,S
2021-07-14T09:22:04,300.0,33.2,S
2021-07-14T09:21:25,500.0,33.2,S
2021-07-14T09:21:19,100.0,33.2,S
2021-07-14T09:21:16,100.0,33.2,S
2021-07-14T09:21:15,700.0,33.2,S
2021-07-14T09:20:59,1000.0,33.2,S
2021-07-14T09:20:19,100.0,33.2,S
2021-07-14T09:20:08,500.0,33.2,S
2021-07-14T09:19:48,200.0,33.55,S
2021-07-14T09:18:44,1000.0,33.9,B
2021-07-14T09:17:02,100.0,33.9,B
2021-07-14T09:16:53,300.0,33.9,B
2021-07-14T09:16:37,200.0,33.5,B
