tradingTime,volume,price,side
2021-07-14T14:29:57,3000.0,29.45,S
2021-07-14T14:29:46,2000.0,29.45,S
2021-07-14T14:29:32,500.0,29.5,B
2021-07-14T14:29:25,100.0,29.5,S
2021-07-14T14:29:06,1500.0,29.5,S
2021-07-14T14:29:05,8000.0,29.5,S
2021-07-14T14:28:44,100.0,29.55,B
2021-07-14T14:28:26,5000.0,29.55,B
2021-07-14T14:28:23,3000.0,29.5,S
2021-07-14T14:28:23,11100.0,29.5,S
2021-07-14T14:27:50,5000.0,29.5,S
2021-07-14T14:27:34,300.0,29.55,B
2021-07-14T14:27:21,100.0,29.5,S
2021-07-14T14:27:13,100.0,29.5,S
2021-07-14T14:27:10,1800.0,29.5,S
2021-07-14T14:27:07,1000.0,29.5,S
2021-07-14T14:27:00,1400.0,29.5,S
2021-07-14T14:26:56,500.0,29.5,B
2021-07-14T14:26:53,100.0,29.5,S
2021-07-14T14:26:49,600.0,29.5,S
2021-07-14T14:26:36,9300.0,29.5,B
2021-07-14T14:26:28,5000.0,29.45,S
2021-07-14T14:26:12,100.0,29.5,B
2021-07-14T14:26:07,1100.0,29.45,B
2021-07-14T14:26:02,1600.0,29.45,B
2021-07-14T14:25:51,500.0,29.45,B
2021-07-14T14:25:48,100.0,29.45,B
2021-07-14T14:25:44,2000.0,29.45,S
2021-07-14T14:25:44,4300.0,29.45,S
2021-07-14T14:25:41,700.0,29.45,B
2021-07-14T14:25:25,200.0,29.45,B
2021-07-14T14:25:25,500.0,29.45,B
2021-07-14T14:25:22,200.0,29.45,B
2021-07-14T14:25:12,200.0,29.45,B
2021-07-14T14:25:03,1300.0,29.45,S
2021-07-14T14:25:03,6900.0,29.45,S
2021-07-14T14:25:00,100.0,29.5,B
2021-07-14T14:24:57,5000.0,29.5,B
2021-07-14T14:24:57,1000.0,29.5,B
2021-07-14T14:24:51,300.0,29.5,B
2021-07-14T14:24:40,500.0,29.5,B
2021-07-14T14:24:20,5900.0,29.5,B
2021-07-14T14:24:10,400.0,29.5,B
2021-07-14T14:24:00,100.0,29.45,S
2021-07-14T14:23:56,500.0,29.5,B
2021-07-14T14:23:52,2500.0,29.5,B
2021-07-14T14:23:41,1000.0,29.5,B
2021-07-14T14:23:35,1500.0,29.5,B
2021-07-14T14:23:33,4300.0,29.5,S
2021-07-14T14:23:32,12000.0,29.6,B
2021-07-14T14:23:04,3100.0,29.5,S
2021-07-14T14:23:04,1200.0,29.5,S
2021-07-14T14:23:04,4100.0,29.5,S
2021-07-14T14:23:04,1600.0,29.5,S
2021-07-14T14:22:35,500.0,29.55,B
2021-07-14T14:22:28,5000.0,29.5,S
2021-07-14T14:22:19,200.0,29.55,B
2021-07-14T14:22:05,7000.0,29.55,B
2021-07-14T14:21:42,8300.0,29.55,S
2021-07-14T14:21:21,3000.0,29.55,S
2021-07-14T14:20:57,100.0,29.55,S
2021-07-14T14:20:45,1100.0,29.55,B
2021-07-14T14:20:39,5000.0,29.55,B
2021-07-14T14:20:33,20000.0,29.5,S
2021-07-14T14:20:07,2000.0,29.5,S
2021-07-14T14:20:03,5000.0,29.55,B
2021-07-14T14:20:02,8300.0,29.5,S
2021-07-14T14:20:02,1100.0,29.5,S
2021-07-14T14:20:02,600.0,29.5,S
2021-07-14T14:19:35,4000.0,29.5,S
2021-07-14T14:19:27,4700.0,29.5,S
2021-07-14T14:19:18,5000.0,29.5,S
2021-07-14T14:19:05,1000.0,29.55,S
2021-07-14T14:19:04,2900.0,29.55,S
2021-07-14T14:18:03,5300.0,29.6,B
2021-07-14T14:18:02,1000.0,29.6,S
2021-07-14T14:17:58,4700.0,29.6,S
2021-07-14T14:17:58,300.0,29.6,S
2021-07-14T14:17:58,3000.0,29.6,S
2021-07-14T14:17:37,700.0,29.6,S
2021-07-14T14:17:27,500.0,29.65,B
2021-07-14T14:17:20,3400.0,29.65,S
2021-07-14T14:17:06,800.0,29.8,B
2021-07-14T14:17:00,1000.0,29.65,S
2021-07-14T14:16:48,500.0,29.65,S
2021-07-14T14:16:16,10000.0,29.85,B
2021-07-14T14:15:52,600.0,29.8,B
2021-07-14T14:15:46,1000.0,29.8,B
2021-07-14T14:15:40,1000.0,29.65,S
2021-07-14T14:15:38,1600.0,29.8,B
2021-07-14T14:15:38,300.0,29.8,B
2021-07-14T14:15:38,2800.0,29.8,B
2021-07-14T14:15:29,100.0,29.8,B
2021-07-14T14:15:18,5300.0,29.7,B
2021-07-14T14:14:54,300.0,29.65,S
2021-07-14T14:14:47,1000.0,29.7,B
2021-07-14T14:14:36,100.0,29.7,B
2021-07-14T14:14:34,1800.0,29.7,B
2021-07-14T14:14:28,1000.0,29.65,S
2021-07-14T14:14:28,100.0,29.7,B
2021-07-14T14:14:12,5000.0,29.7,B
2021-07-14T14:14:11,500.0,29.65,S
2021-07-14T14:14:07,20000.0,29.7,B
2021-07-14T14:14:00,1800.0,29.65,B
2021-07-14T14:13:56,5000.0,29.65,B
2021-07-14T14:13:56,400.0,29.65,B
2021-07-14T14:13:48,2900.0,29.65,S
2021-07-14T14:13:44,500.0,29.65,S
2021-07-14T14:13:42,1500.0,29.7,S
2021-07-14T14:13:41,18500.0,29.7,B
2021-07-14T14:13:29,3000.0,29.7,B
2021-07-14T14:13:27,1000.0,29.65,S
2021-07-14T14:12:49,500.0,29.65,S
2021-07-14T14:12:48,1900.0,29.65,B
2021-07-14T14:12:46,3000.0,29.65,B
2021-07-14T14:12:41,600.0,29.65,B
2021-07-14T14:12:37,1000.0,29.6,S
2021-07-14T14:12:29,1000.0,29.65,B
2021-07-14T14:11:46,900.0,29.6,B
2021-07-14T14:11:29,600.0,29.6,B
2021-07-14T14:11:17,100.0,29.6,S
2021-07-14T14:11:11,4000.0,29.6,S
2021-07-14T14:11:08,2500.0,29.6,B
2021-07-14T14:11:06,1000.0,29.6,B
2021-07-14T14:11:04,500.0,29.6,B
2021-07-14T14:10:53,1000.0,29.55,S
2021-07-14T14:10:40,100.0,29.55,S
2021-07-14T14:10:39,600.0,29.55,B
2021-07-14T14:10:28,100.0,29.55,B
2021-07-14T14:10:21,100.0,29.5,S
2021-07-14T14:10:21,4300.0,29.55,B
2021-07-14T14:10:21,6700.0,29.55,B
2021-07-14T14:10:09,500.0,29.5,S
2021-07-14T14:10:03,16400.0,29.5,B
2021-07-14T14:09:50,10000.0,29.45,B
2021-07-14T14:09:47,100.0,29.45,B
2021-07-14T14:09:35,1400.0,29.45,S
2021-07-14T14:09:14,300.0,29.45,B
2021-07-14T14:09:09,900.0,29.45,S
2021-07-14T14:08:56,100.0,29.45,B
2021-07-14T14:08:56,100.0,29.45,B
2021-07-14T14:08:42,1600.0,29.4,B
2021-07-14T14:08:34,1800.0,29.4,B
2021-07-14T14:08:20,500.0,29.35,S
2021-07-14T14:07:44,500.0,29.35,S
2021-07-14T14:07:41,100.0,29.35,B
2021-07-14T14:07:41,1000.0,29.35,B
2021-07-14T14:07:39,300.0,29.35,B
2021-07-14T14:07:35,300.0,29.3,S
2021-07-14T14:07:34,100.0,29.35,B
2021-07-14T14:07:30,1000.0,29.35,B
2021-07-14T14:07:29,1000.0,29.35,B
2021-07-14T14:07:26,100.0,29.35,B
2021-07-14T14:07:24,400.0,29.35,S
2021-07-14T14:07:24,600.0,29.35,B
2021-07-14T14:07:07,600.0,29.35,B
2021-07-14T14:07:03,3000.0,29.35,B
2021-07-14T14:06:59,1000.0,29.35,B
2021-07-14T14:06:53,100.0,29.35,B
2021-07-14T14:06:51,100.0,29.35,B
2021-07-14T14:06:50,800.0,29.35,B
2021-07-14T14:06:50,5200.0,29.35,S
2021-07-14T14:06:44,1000.0,29.4,B
2021-07-14T14:06:44,500.0,29.4,B
2021-07-14T14:06:36,3700.0,29.4,B
2021-07-14T14:06:15,3400.0,29.4,S
2021-07-14T14:06:03,1700.0,29.45,S
2021-07-14T14:05:43,100.0,29.4,S
2021-07-14T14:05:41,700.0,29.4,S
2021-07-14T14:05:39,5000.0,29.4,S
2021-07-14T14:05:38,100.0,29.4,S
2021-07-14T14:05:32,3000.0,29.4,S
2021-07-14T14:05:25,100.0,29.4,S
2021-07-14T14:05:23,2700.0,29.4,S
2021-07-14T14:05:18,6400.0,29.4,B
2021-07-14T14:05:16,3700.0,29.3,S
2021-07-14T14:05:16,1300.0,29.35,S
2021-07-14T14:05:12,500.0,29.4,B
2021-07-14T14:05:08,100.0,29.35,S
2021-07-14T14:04:57,100.0,29.35,S
2021-07-14T14:04:49,100.0,29.35,S
2021-07-14T14:04:46,5500.0,29.35,S
2021-07-14T14:04:31,5000.0,29.35,S
2021-07-14T14:04:11,2200.0,29.35,S
2021-07-14T14:04:11,700.0,29.35,S
2021-07-14T14:04:11,2100.0,29.35,S
2021-07-14T14:04:06,1000.0,29.4,B
2021-07-14T14:03:58,200.0,29.4,B
2021-07-14T14:03:45,200.0,29.4,B
2021-07-14T14:03:34,200.0,29.4,B
2021-07-14T14:03:34,1500.0,29.4,S
2021-07-14T14:03:31,4000.0,29.4,S
2021-07-14T14:03:31,2000.0,29.4,S
2021-07-14T14:03:27,1000.0,29.4,S
2021-07-14T14:03:25,5000.0,29.4,S
2021-07-14T14:03:23,2000.0,29.4,S
2021-07-14T14:03:21,200.0,29.4,S
2021-07-14T14:03:20,4600.0,29.4,S
2021-07-14T14:03:18,10000.0,29.4,S
2021-07-14T14:03:06,3500.0,29.4,S
2021-07-14T14:03:05,2000.0,29.4,S
2021-07-14T14:02:47,5000.0,29.4,S
2021-07-14T14:02:23,1500.0,29.4,S
2021-07-14T14:02:15,6300.0,29.4,S
2021-07-14T14:02:15,5200.0,29.4,S
2021-07-14T14:02:13,1000.0,29.4,S
2021-07-14T14:01:42,5000.0,29.4,S
2021-07-14T14:01:28,3000.0,29.5,B
2021-07-14T14:01:24,10000.0,29.4,S
2021-07-14T14:01:15,7000.0,29.5,B
2021-07-14T14:01:03,700.0,29.5,B
2021-07-14T14:01:03,1500.0,29.5,B
2021-07-14T14:01:03,5800.0,29.5,B
2021-07-14T14:00:50,900.0,29.4,S
2021-07-14T14:00:37,2000.0,29.4,S
2021-07-14T14:00:37,3000.0,29.4,S
2021-07-14T14:00:22,5000.0,29.45,S
2021-07-14T14:00:17,300.0,29.5,B
2021-07-14T14:00:14,3000.0,29.5,B
2021-07-14T13:59:56,100.0,29.5,S
2021-07-14T13:59:56,800.0,29.5,S
2021-07-14T13:59:39,500.0,29.5,S
2021-07-14T13:59:33,1800.0,29.5,S
2021-07-14T13:59:29,400.0,29.55,B
2021-07-14T13:58:48,500.0,29.5,S
2021-07-14T13:58:36,300.0,29.5,B
2021-07-14T13:58:36,1200.0,29.5,B
2021-07-14T13:58:30,1000.0,29.5,B
2021-07-14T13:58:16,600.0,29.45,B
2021-07-14T13:57:30,100.0,29.45,B
2021-07-14T13:57:22,300.0,29.45,B
2021-07-14T13:57:15,1100.0,29.45,S
2021-07-14T13:57:05,500.0,29.5,B
2021-07-14T13:56:51,5000.0,29.45,S
2021-07-14T13:55:43,300.0,29.45,S
2021-07-14T13:55:43,2700.0,29.45,S
2021-07-14T13:55:32,10000.0,29.5,S
2021-07-14T13:55:27,2000.0,29.55,B
2021-07-14T13:55:26,700.0,29.55,B
2021-07-14T13:55:10,100.0,29.55,B
2021-07-14T13:55:10,2000.0,29.55,B
2021-07-14T13:55:07,6000.0,29.5,S
2021-07-14T13:54:09,500.0,29.55,B
2021-07-14T13:53:46,5900.0,29.55,B
2021-07-14T13:53:46,1000.0,29.5,S
2021-07-14T13:53:38,3000.0,29.5,S
2021-07-14T13:53:33,100.0,29.5,S
2021-07-14T13:53:27,900.0,29.5,S
2021-07-14T13:53:24,3000.0,29.5,S
2021-07-14T13:53:03,2000.0,29.5,B
2021-07-14T13:53:00,1000.0,29.5,S
2021-07-14T13:52:57,3000.0,29.5,S
2021-07-14T13:52:51,3000.0,29.5,S
2021-07-14T13:52:34,900.0,29.5,S
2021-07-14T13:52:34,5200.0,29.5,S
2021-07-14T13:52:34,5200.0,29.5,S
2021-07-14T13:52:34,4500.0,29.5,S
2021-07-14T13:52:34,10600.0,29.5,S
2021-07-14T13:52:34,3500.0,29.5,S
2021-07-14T13:52:34,6000.0,29.5,S
2021-07-14T13:52:34,4100.0,29.5,S
2021-07-14T13:52:15,2000.0,29.55,B
2021-07-14T13:51:51,3700.0,29.55,S
2021-07-14T13:51:37,1000.0,29.6,B
2021-07-14T13:51:31,1000.0,29.6,S
2021-07-14T13:51:25,7700.0,29.55,S
2021-07-14T13:51:25,1900.0,29.55,S
2021-07-14T13:51:25,400.0,29.6,S
2021-07-14T13:51:22,3500.0,29.6,B
2021-07-14T13:51:22,1000.0,29.6,B
2021-07-14T13:51:22,700.0,29.6,B
2021-07-14T13:51:01,300.0,29.6,S
2021-07-14T13:51:01,700.0,29.6,B
2021-07-14T13:50:51,4000.0,29.6,S
2021-07-14T13:50:43,500.0,29.6,S
2021-07-14T13:50:41,100.0,29.6,S
2021-07-14T13:50:38,5000.0,29.6,S
2021-07-14T13:50:38,600.0,29.6,B
2021-07-14T13:50:31,100.0,29.6,B
2021-07-14T13:50:28,100.0,29.6,S
2021-07-14T13:50:15,100.0,29.6,S
2021-07-14T13:50:12,1300.0,29.6,B
2021-07-14T13:50:12,1000.0,29.6,B
2021-07-14T13:49:56,2700.0,29.6,S
2021-07-14T13:49:55,1700.0,29.6,S
2021-07-14T13:49:36,300.0,29.6,S
2021-07-14T13:49:34,500.0,29.6,S
2021-07-14T13:49:25,500.0,29.6,S
2021-07-14T13:49:15,200.0,29.6,S
2021-07-14T13:49:08,300.0,29.6,S
2021-07-14T13:49:05,500.0,29.6,S
2021-07-14T13:48:17,200.0,29.7,B
2021-07-14T13:48:10,9900.0,29.65,S
2021-07-14T13:47:43,700.0,29.7,B
2021-07-14T13:47:40,700.0,29.65,S
2021-07-14T13:46:56,500.0,29.7,B
2021-07-14T13:46:52,300.0,29.7,B
2021-07-14T13:46:27,3000.0,29.7,S
2021-07-14T13:46:21,1800.0,29.7,S
2021-07-14T13:46:19,500.0,29.65,S
2021-07-14T13:45:45,1400.0,29.65,S
2021-07-14T13:45:18,1000.0,29.65,S
2021-07-14T13:44:57,40400.0,29.8,B
2021-07-14T13:44:43,200.0,29.65,B
2021-07-14T13:44:41,3000.0,29.65,B
2021-07-14T13:44:21,400.0,29.65,B
2021-07-14T13:44:14,500.0,29.65,B
2021-07-14T13:44:07,3000.0,29.65,B
2021-07-14T13:44:05,2000.0,29.65,B
2021-07-14T13:43:56,2000.0,29.65,B
2021-07-14T13:43:43,400.0,29.65,B
2021-07-14T13:43:35,100.0,29.6,S
2021-07-14T13:43:11,300.0,29.6,S
2021-07-14T13:43:10,200.0,29.6,S
2021-07-14T13:43:04,1000.0,29.6,S
2021-07-14T13:43:00,100.0,29.6,S
2021-07-14T13:42:52,500.0,29.6,S
2021-07-14T13:42:42,100.0,29.6,S
2021-07-14T13:42:39,200.0,29.6,S
2021-07-14T13:42:29,200.0,29.6,S
2021-07-14T13:42:16,7400.0,29.6,S
2021-07-14T13:42:11,1000.0,29.6,B
2021-07-14T13:42:06,1000.0,29.55,S
2021-07-14T13:42:03,4000.0,29.6,B
2021-07-14T13:42:03,1000.0,29.6,B
2021-07-14T13:41:45,400.0,29.55,S
2021-07-14T13:41:39,5000.0,29.55,S
2021-07-14T13:41:35,3100.0,29.55,B
2021-07-14T13:41:34,3500.0,29.55,B
2021-07-14T13:41:29,500.0,29.5,S
2021-07-14T13:41:21,1000.0,29.55,B
2021-07-14T13:41:16,400.0,29.55,B
2021-07-14T13:41:00,5000.0,29.5,S
2021-07-14T13:40:36,10700.0,29.5,S
2021-07-14T13:40:34,300.0,29.5,B
2021-07-14T13:40:25,2000.0,29.5,B
2021-07-14T13:40:11,100.0,29.45,B
2021-07-14T13:40:00,1600.0,29.4,B
2021-07-14T13:39:54,7400.0,29.4,S
2021-07-14T13:39:40,100.0,29.4,S
2021-07-14T13:39:39,100.0,29.4,B
2021-07-14T13:39:35,2000.0,29.4,B
2021-07-14T13:39:35,300.0,29.4,B
2021-07-14T13:39:34,1000.0,29.4,B
2021-07-14T13:39:34,500.0,29.4,B
2021-07-14T13:39:26,5000.0,29.4,B
2021-07-14T13:39:24,2000.0,29.4,B
2021-07-14T13:39:01,200.0,29.4,S
2021-07-14T13:38:51,1000.0,29.4,S
2021-07-14T13:38:40,1000.0,29.35,S
2021-07-14T13:38:37,1300.0,29.35,S
2021-07-14T13:38:33,200.0,29.35,S
2021-07-14T13:38:03,100.0,29.35,S
2021-07-14T13:37:42,200.0,29.35,S
2021-07-14T13:37:25,100.0,29.35,S
2021-07-14T13:37:19,500.0,29.35,S
2021-07-14T13:37:18,500.0,29.35,S
2021-07-14T13:37:18,4500.0,29.35,S
2021-07-14T13:37:13,1000.0,29.35,S
2021-07-14T13:37:13,2300.0,29.35,S
2021-07-14T13:37:11,100.0,29.4,S
2021-07-14T13:37:03,100.0,29.4,S
2021-07-14T13:36:58,5000.0,29.4,S
2021-07-14T13:36:50,100.0,29.45,S
2021-07-14T13:36:42,2100.0,29.45,S
2021-07-14T13:36:38,300.0,29.5,B
2021-07-14T13:36:30,500.0,29.5,B
2021-07-14T13:36:25,400.0,29.5,S
2021-07-14T13:36:21,1000.0,29.55,B
2021-07-14T13:36:16,100.0,29.5,B
2021-07-14T13:36:16,100.0,29.5,B
2021-07-14T13:36:11,100.0,29.5,S
2021-07-14T13:36:06,100.0,29.5,B
2021-07-14T13:36:06,700.0,29.5,B
2021-07-14T13:36:05,3000.0,29.5,S
2021-07-14T13:36:05,500.0,29.5,S
2021-07-14T13:36:05,800.0,29.5,S
2021-07-14T13:36:04,10000.0,29.5,S
2021-07-14T13:36:00,300.0,29.5,S
2021-07-14T13:35:58,600.0,29.5,S
2021-07-14T13:35:58,1300.0,29.5,S
2021-07-14T13:35:55,9800.0,29.5,S
2021-07-14T13:35:55,200.0,29.5,S
2021-07-14T13:35:49,700.0,29.5,S
2021-07-14T13:35:48,500.0,29.5,S
2021-07-14T13:35:47,100.0,29.5,S
2021-07-14T13:35:47,2000.0,29.5,S
2021-07-14T13:35:43,200.0,29.5,S
2021-07-14T13:35:40,5000.0,29.5,S
2021-07-14T13:35:35,3000.0,29.5,S
2021-07-14T13:35:31,2000.0,29.5,S
2021-07-14T13:35:28,10000.0,29.5,S
2021-07-14T13:35:21,100.0,29.6,S
2021-07-14T13:35:19,5000.0,29.6,S
2021-07-14T13:35:16,500.0,29.6,S
2021-07-14T13:35:16,2000.0,29.6,S
2021-07-14T13:35:14,2000.0,29.6,S
2021-07-14T13:35:10,5000.0,29.6,S
2021-07-14T13:35:09,100.0,29.6,S
2021-07-14T13:34:58,200.0,29.65,B
2021-07-14T13:34:56,100.0,29.6,S
2021-07-14T13:34:54,5000.0,29.7,B
2021-07-14T13:34:51,1000.0,29.7,B
2021-07-14T13:34:39,100.0,29.7,S
2021-07-14T13:34:35,2000.0,29.7,S
2021-07-14T13:34:35,3000.0,29.7,S
2021-07-14T13:34:31,2000.0,29.7,S
2021-07-14T13:34:30,100.0,29.8,S
2021-07-14T13:34:27,1500.0,29.8,B
2021-07-14T13:34:26,3900.0,29.7,S
2021-07-14T13:34:05,3500.0,29.85,B
2021-07-14T13:34:05,1500.0,29.8,B
2021-07-14T13:34:05,2000.0,29.8,B
2021-07-14T13:34:01,1100.0,29.8,S
2021-07-14T13:33:55,500.0,29.8,S
2021-07-14T13:33:53,200.0,29.8,S
2021-07-14T13:33:52,500.0,29.8,S
2021-07-14T13:33:52,1300.0,29.8,S
2021-07-14T13:33:45,1000.0,29.8,S
2021-07-14T13:33:39,300.0,29.85,B
2021-07-14T13:33:27,100.0,29.8,S
2021-07-14T13:33:22,1000.0,29.8,S
2021-07-14T13:33:16,2000.0,29.8,S
2021-07-14T13:33:15,1000.0,29.8,S
2021-07-14T13:33:13,7500.0,29.8,B
2021-07-14T13:33:11,500.0,29.8,B
2021-07-14T13:32:48,1500.0,29.8,B
2021-07-14T13:32:40,2000.0,29.8,B
2021-07-14T13:32:39,1900.0,29.7,B
2021-07-14T13:32:34,500.0,29.7,B
2021-07-14T13:32:31,600.0,29.7,S
2021-07-14T13:32:30,1400.0,29.7,B
2021-07-14T13:32:23,300.0,29.6,S
2021-07-14T13:32:13,600.0,29.6,S
2021-07-14T13:32:12,1400.0,29.6,S
2021-07-14T13:32:10,2000.0,29.7,B
2021-07-14T13:31:56,3600.0,29.6,B
2021-07-14T13:31:55,200.0,29.6,B
2021-07-14T13:31:47,2000.0,29.6,B
2021-07-14T13:31:43,5000.0,29.6,B
2021-07-14T13:31:41,1000.0,29.6,B
2021-07-14T13:31:38,700.0,29.55,S
2021-07-14T13:31:26,300.0,29.55,B
2021-07-14T13:31:20,4300.0,29.5,B
2021-07-14T13:31:20,100.0,29.5,B
2021-07-14T13:31:20,500.0,29.5,B
2021-07-14T13:31:18,1800.0,29.5,B
2021-07-14T13:31:18,1000.0,29.45,B
2021-07-14T13:31:16,500.0,29.45,B
2021-07-14T13:31:13,3400.0,29.45,S
2021-07-14T13:31:06,200.0,29.5,B
2021-07-14T13:31:04,1000.0,29.5,B
2021-07-14T13:31:01,2000.0,29.5,B
2021-07-14T13:31:00,1000.0,29.5,B
2021-07-14T13:30:58,100.0,29.5,B
2021-07-14T13:30:58,900.0,29.5,B
2021-07-14T13:30:52,2000.0,29.5,B
2021-07-14T13:30:48,300.0,29.5,B
2021-07-14T13:30:45,100.0,29.45,S
2021-07-14T13:30:41,1500.0,29.5,B
2021-07-14T13:30:39,500.0,29.5,B
2021-07-14T13:29:59,100.0,29.45,B
2021-07-14T13:29:57,500.0,29.4,S
2021-07-14T13:29:15,200.0,29.35,S
2021-07-14T13:29:00,300.0,29.35,S
2021-07-14T13:28:47,300.0,29.5,B
2021-07-14T13:28:21,200.0,29.5,B
2021-07-14T13:28:20,1000.0,29.35,S
2021-07-14T13:27:59,8000.0,29.5,B
2021-07-14T13:27:58,1000.0,29.35,B
2021-07-14T13:27:51,100.0,29.3,B
2021-07-14T13:27:48,1000.0,29.3,B
2021-07-14T13:27:48,1000.0,29.3,B
2021-07-14T13:27:45,2000.0,29.3,B
2021-07-14T13:27:26,2300.0,29.2,B
2021-07-14T13:27:13,100.0,29.2,B
2021-07-14T13:27:13,1000.0,29.2,B
2021-07-14T13:27:09,300.0,29.2,B
2021-07-14T13:27:05,2000.0,29.2,B
2021-07-14T13:27:03,200.0,29.2,B
2021-07-14T13:26:53,3000.0,29.2,B
2021-07-14T13:26:45,10000.0,29.2,B
2021-07-14T13:26:42,500.0,29.2,B
2021-07-14T13:26:20,1000.0,29.2,B
2021-07-14T13:26:12,5000.0,29.2,B
2021-07-14T13:26:06,500.0,29.2,B
2021-07-14T13:25:57,6600.0,29.2,B
2021-07-14T13:25:57,3400.0,29.2,B
2021-07-14T13:25:34,300.0,29.0,S
2021-07-14T13:25:33,200.0,29.2,B
2021-07-14T13:25:04,500.0,29.0,S
2021-07-14T13:25:00,500.0,29.0,S
2021-07-14T13:24:53,1800.0,29.0,B
2021-07-14T13:24:53,900.0,29.0,B
2021-07-14T13:24:52,500.0,28.9,S
2021-07-14T13:24:50,100.0,29.0,B
2021-07-14T13:24:45,500.0,29.0,B
2021-07-14T13:24:45,2000.0,29.0,B
2021-07-14T13:24:43,1500.0,29.0,B
2021-07-14T13:24:43,5300.0,29.0,B
2021-07-14T13:24:43,14200.0,29.0,B
2021-07-14T13:24:41,6500.0,29.0,B
2021-07-14T13:24:36,10000.0,28.9,S
2021-07-14T13:24:34,1000.0,29.0,B
2021-07-14T13:24:33,1000.0,29.0,B
2021-07-14T13:24:32,500.0,29.0,B
2021-07-14T13:24:28,10000.0,29.0,B
2021-07-14T13:24:26,9000.0,29.0,B
2021-07-14T13:24:25,100.0,29.0,B
2021-07-14T13:24:20,5000.0,29.0,B
2021-07-14T13:24:12,3000.0,29.0,B
2021-07-14T13:24:10,500.0,29.0,B
2021-07-14T13:24:05,200.0,29.0,B
2021-07-14T13:24:02,3000.0,29.0,B
2021-07-14T13:23:58,300.0,29.0,B
2021-07-14T13:23:56,2000.0,29.0,B
2021-07-14T13:23:54,200.0,29.0,B
2021-07-14T13:23:51,5000.0,29.0,B
2021-07-14T13:23:51,3800.0,29.0,B
2021-07-14T13:23:51,1200.0,29.0,B
2021-07-14T13:23:44,20000.0,29.0,B
2021-07-14T13:23:33,100.0,28.95,S
2021-07-14T13:23:32,3300.0,28.9,B
2021-07-14T13:23:24,2000.0,28.9,B
2021-07-14T13:23:18,500.0,28.9,B
2021-07-14T13:23:12,10000.0,28.8,S
2021-07-14T13:23:10,300.0,28.8,S
2021-07-14T13:23:07,1000.0,28.8,S
2021-07-14T13:23:07,2300.0,28.8,B
2021-07-14T13:23:05,20000.0,28.8,B
2021-07-14T13:23:04,300.0,28.8,B
2021-07-14T13:22:59,3000.0,28.8,B
2021-07-14T13:22:49,1000.0,28.8,B
2021-07-14T13:22:39,200.0,28.7,S
2021-07-14T13:22:39,1600.0,28.7,S
2021-07-14T13:22:39,8200.0,28.7,S
2021-07-14T13:22:37,300.0,28.8,B
2021-07-14T13:22:23,10000.0,28.8,B
2021-07-14T13:22:19,1700.0,28.7,S
2021-07-14T13:22:19,800.0,28.8,B
2021-07-14T13:22:17,100.0,28.8,B
2021-07-14T13:22:10,10000.0,28.8,B
2021-07-14T13:22:10,1000.0,28.8,B
2021-07-14T13:22:10,200.0,28.7,S
2021-07-14T13:22:07,3000.0,28.8,B
2021-07-14T13:22:06,1000.0,28.8,B
2021-07-14T13:21:53,2300.0,28.8,B
2021-07-14T13:21:51,1000.0,28.8,B
2021-07-14T13:21:50,100.0,28.8,B
2021-07-14T13:21:38,100.0,28.8,B
2021-07-14T13:21:34,1000.0,28.8,B
2021-07-14T13:21:29,500.0,28.8,B
2021-07-14T13:21:16,300.0,28.8,B
2021-07-14T13:20:47,5000.0,28.8,B
2021-07-14T13:20:47,10000.0,28.65,S
2021-07-14T13:20:40,900.0,28.8,B
2021-07-14T13:20:40,100.0,28.7,B
2021-07-14T13:20:36,900.0,28.7,S
2021-07-14T13:20:34,1000.0,28.8,B
2021-07-14T13:20:24,1300.0,28.7,B
2021-07-14T13:20:18,100.0,28.65,S
2021-07-14T13:20:13,500.0,28.7,B
2021-07-14T13:20:10,1500.0,28.7,B
2021-07-14T13:20:08,20000.0,28.7,B
2021-07-14T13:20:06,1700.0,28.65,S
2021-07-14T13:20:06,2300.0,28.65,S
2021-07-14T13:20:05,100.0,28.7,B
2021-07-14T13:19:51,100.0,28.7,B
2021-07-14T13:19:45,200.0,28.7,B
2021-07-14T13:19:43,500.0,28.7,B
2021-07-14T13:19:18,2200.0,28.7,B
2021-07-14T13:19:16,200.0,28.7,B
2021-07-14T13:19:07,1000.0,28.7,B
2021-07-14T13:19:05,2400.0,28.7,S
2021-07-14T13:18:58,900.0,28.7,S
2021-07-14T13:18:58,700.0,28.7,S
2021-07-14T13:18:49,1000.0,28.8,B
2021-07-14T13:18:38,100.0,28.7,S
2021-07-14T13:18:37,100.0,28.7,S
2021-07-14T13:18:33,100.0,28.8,B
2021-07-14T13:18:27,400.0,28.8,B
2021-07-14T13:18:25,200.0,28.8,B
2021-07-14T13:18:24,1000.0,28.7,S
2021-07-14T13:18:24,100.0,28.8,B
2021-07-14T13:18:17,100.0,28.8,B
2021-07-14T13:18:17,100.0,28.8,B
2021-07-14T13:18:08,1000.0,28.8,B
2021-07-14T13:17:54,500.0,28.8,B
2021-07-14T13:17:49,5300.0,28.8,S
2021-07-14T13:17:47,1000.0,28.9,B
2021-07-14T13:17:30,100.0,28.9,B
2021-07-14T13:17:21,500.0,28.9,B
2021-07-14T13:17:14,100.0,28.9,B
2021-07-14T13:17:06,100.0,28.9,S
2021-07-14T13:16:57,200.0,29.0,B
2021-07-14T13:16:52,2000.0,28.8,S
2021-07-14T13:16:22,2100.0,29.0,B
2021-07-14T13:16:07,10000.0,29.0,S
2021-07-14T13:16:07,2200.0,29.0,S
2021-07-14T13:16:07,1400.0,29.0,S
2021-07-14T13:16:06,100.0,29.0,S
2021-07-14T13:16:01,500.0,29.0,S
2021-07-14T13:15:59,200.0,29.0,S
2021-07-14T13:15:59,2000.0,29.0,S
2021-07-14T13:15:56,500.0,29.0,S
2021-07-14T13:15:47,2000.0,29.0,S
2021-07-14T13:15:47,100.0,29.15,S
2021-07-14T13:15:33,100.0,29.2,B
2021-07-14T13:15:31,5000.0,29.2,B
2021-07-14T13:15:27,3300.0,29.2,S
2021-07-14T13:15:27,500.0,29.2,S
2021-07-14T13:15:25,11200.0,29.2,S
2021-07-14T13:15:25,300.0,29.2,S
2021-07-14T13:15:21,10000.0,29.2,S
2021-07-14T13:15:20,5000.0,29.2,S
2021-07-14T13:15:19,6800.0,29.2,S
2021-07-14T13:15:19,3200.0,29.2,S
2021-07-14T13:15:17,1000.0,29.2,S
2021-07-14T13:15:14,300.0,29.2,S
2021-07-14T13:15:10,1600.0,29.2,S
2021-07-14T13:15:08,1000.0,29.2,S
2021-07-14T13:15:00,900.0,29.25,S
2021-07-14T13:14:53,500.0,29.25,S
2021-07-14T13:14:49,5000.0,29.25,S
2021-07-14T13:14:45,4300.0,29.25,S
2021-07-14T13:14:45,700.0,29.25,S
2021-07-14T13:14:43,400.0,29.25,S
2021-07-14T13:14:43,3100.0,29.25,S
2021-07-14T13:14:43,3000.0,29.25,S
2021-07-14T13:14:35,2000.0,29.25,S
2021-07-14T13:14:29,5000.0,29.25,S
2021-07-14T13:14:22,5000.0,29.25,S
2021-07-14T13:14:20,300.0,29.25,S
2021-07-14T13:14:19,100.0,29.25,S
2021-07-14T13:14:08,500.0,29.3,B
2021-07-14T13:14:01,300.0,29.3,B
2021-07-14T13:13:56,1000.0,29.3,B
2021-07-14T13:13:52,100.0,29.3,B
2021-07-14T13:13:33,1000.0,29.3,B
2021-07-14T13:13:32,300.0,29.25,S
2021-07-14T13:13:22,500.0,29.25,S
2021-07-14T13:13:07,500.0,29.3,B
2021-07-14T13:13:01,300.0,29.25,S
2021-07-14T13:12:58,200.0,29.25,S
2021-07-14T13:12:45,500.0,29.25,S
2021-07-14T13:12:42,1800.0,29.25,S
2021-07-14T13:12:29,1000.0,29.25,S
2021-07-14T13:12:28,1000.0,29.3,B
2021-07-14T13:12:10,200.0,29.25,S
2021-07-14T13:12:02,200.0,29.3,B
2021-07-14T13:11:54,100.0,29.25,S
2021-07-14T13:11:48,100.0,29.25,S
2021-07-14T13:11:42,200.0,29.25,S
2021-07-14T13:11:17,2000.0,29.2,S
2021-07-14T13:11:10,300.0,29.2,S
2021-07-14T13:11:05,200.0,29.2,S
2021-07-14T13:10:51,3700.0,29.3,B
2021-07-14T13:10:44,100.0,29.2,S
2021-07-14T13:10:41,1500.0,29.2,S
2021-07-14T13:10:25,2500.0,29.2,S
2021-07-14T13:10:18,1000.0,29.3,B
2021-07-14T13:10:18,1300.0,29.2,B
2021-07-14T13:10:16,200.0,29.2,B
2021-07-14T13:10:13,500.0,29.2,B
2021-07-14T13:10:10,5000.0,29.2,B
2021-07-14T13:10:08,500.0,29.2,B
2021-07-14T13:10:03,2000.0,29.2,B
2021-07-14T13:10:01,2000.0,29.15,S
2021-07-14T13:09:58,2000.0,29.2,B
2021-07-14T13:09:56,100.0,29.2,B
2021-07-14T13:09:53,200.0,29.2,B
2021-07-14T13:09:33,200.0,29.2,B
2021-07-14T13:09:17,4300.0,29.0,B
2021-07-14T13:09:12,200.0,29.0,B
2021-07-14T13:09:12,1200.0,29.0,B
2021-07-14T13:09:09,100.0,29.0,B
2021-07-14T13:09:02,1100.0,29.0,B
2021-07-14T13:09:02,100.0,29.0,B
2021-07-14T13:09:02,300.0,29.0,B
2021-07-14T13:09:02,500.0,29.0,B
2021-07-14T13:09:01,400.0,28.9,B
2021-07-14T13:09:01,200.0,28.9,B
2021-07-14T13:08:57,1000.0,28.9,B
2021-07-14T13:08:54,5000.0,28.9,B
2021-07-14T13:08:50,1000.0,28.9,B
2021-07-14T13:08:42,500.0,28.9,B
2021-07-14T13:08:32,1600.0,28.8,B
2021-07-14T13:08:28,200.0,28.8,B
2021-07-14T13:08:26,10000.0,28.8,B
2021-07-14T13:08:25,3900.0,28.7,S
2021-07-14T13:08:25,1100.0,28.7,S
2021-07-14T13:08:20,1000.0,28.8,B
2021-07-14T13:08:15,1000.0,28.8,B
2021-07-14T13:08:10,800.0,28.7,S
2021-07-14T13:08:09,1300.0,28.7,S
2021-07-14T13:08:06,3300.0,28.7,B
2021-07-14T13:08:03,1300.0,28.7,B
2021-07-14T13:07:43,600.0,28.6,S
2021-07-14T13:07:43,3100.0,28.6,B
2021-07-14T13:07:41,10000.0,28.6,B
2021-07-14T13:07:39,1000.0,28.6,B
2021-07-14T13:07:36,1000.0,28.6,B
2021-07-14T13:07:33,100.0,28.6,B
2021-07-14T13:07:23,500.0,28.6,B
2021-07-14T13:07:18,1000.0,28.6,B
2021-07-14T13:07:13,500.0,28.55,B
2021-07-14T13:07:13,200.0,28.55,B
2021-07-14T13:07:09,2000.0,28.55,B
2021-07-14T13:07:07,2000.0,28.55,B
2021-07-14T13:07:04,2000.0,28.55,B
2021-07-14T13:07:02,100.0,28.55,B
2021-07-14T13:06:51,100.0,28.5,S
2021-07-14T13:06:49,12400.0,28.5,S
2021-07-14T13:06:43,2000.0,28.5,B
2021-07-14T13:06:38,5000.0,28.5,B
2021-07-14T13:06:36,500.0,28.5,S
2021-07-14T13:06:35,4600.0,28.5,B
2021-07-14T13:06:35,1000.0,28.5,B
2021-07-14T13:06:31,10000.0,28.45,S
2021-07-14T13:06:30,1000.0,28.5,B
2021-07-14T13:06:28,2300.0,28.5,B
2021-07-14T13:06:19,100.0,28.5,B
2021-07-14T13:06:13,500.0,28.4,S
2021-07-14T13:06:12,300.0,28.5,S
2021-07-14T13:06:08,4700.0,28.5,B
2021-07-14T13:06:04,200.0,28.45,S
2021-07-14T13:05:56,500.0,28.4,S
2021-07-14T13:05:54,10000.0,28.5,S
2021-07-14T13:05:53,100.0,28.6,B
2021-07-14T13:05:52,5000.0,28.5,S
2021-07-14T13:05:50,1000.0,28.55,S
2021-07-14T13:05:50,500.0,28.55,S
2021-07-14T13:05:45,15000.0,28.55,S
2021-07-14T13:05:39,1000.0,28.55,S
2021-07-14T13:05:37,2000.0,28.5,S
2021-07-14T13:05:33,3200.0,28.5,S
2021-07-14T13:05:33,1700.0,28.5,S
2021-07-14T13:05:33,100.0,28.6,B
2021-07-14T13:05:32,5000.0,28.5,S
2021-07-14T13:05:24,2000.0,28.5,S
2021-07-14T13:05:17,1000.0,28.6,B
2021-07-14T13:05:15,7500.0,28.5,S
2021-07-14T13:05:09,1100.0,28.6,B
2021-07-14T13:05:05,7000.0,28.5,S
2021-07-14T13:04:56,3000.0,28.6,B
2021-07-14T13:04:48,2000.0,28.6,B
2021-07-14T13:04:40,400.0,28.5,S
2021-07-14T13:04:39,2600.0,28.55,S
2021-07-14T13:04:39,1000.0,28.55,S
2021-07-14T13:04:36,5000.0,28.6,B
2021-07-14T13:04:25,300.0,28.6,B
2021-07-14T13:04:24,500.0,28.55,S
2021-07-14T13:04:24,500.0,28.6,B
2021-07-14T13:04:20,500.0,28.6,B
2021-07-14T13:04:19,5400.0,28.6,S
2021-07-14T13:04:16,400.0,28.6,S
2021-07-14T13:04:16,100.0,28.6,S
2021-07-14T13:04:16,1700.0,28.6,S
2021-07-14T13:04:11,300.0,28.6,S
2021-07-14T13:03:55,2000.0,28.7,S
2021-07-14T13:03:51,500.0,28.7,S
2021-07-14T13:03:48,1000.0,28.7,S
2021-07-14T13:03:48,3000.0,28.7,S
2021-07-14T13:03:44,600.0,28.8,B
2021-07-14T13:03:44,1000.0,28.7,S
2021-07-14T13:03:43,1500.0,28.8,B
2021-07-14T13:03:42,400.0,28.7,S
2021-07-14T13:03:37,100.0,28.8,B
2021-07-14T13:03:33,1000.0,28.8,S
2021-07-14T13:03:33,1000.0,28.9,B
2021-07-14T13:03:32,200.0,28.8,S
2021-07-14T13:03:26,3800.0,28.8,B
2021-07-14T13:03:18,100.0,28.7,S
2021-07-14T13:03:18,2000.0,28.8,B
2021-07-14T13:03:04,200.0,28.6,S
2021-07-14T13:03:00,1000.0,28.8,B
2021-07-14T13:02:52,1000.0,28.6,S
2021-07-14T13:02:37,17000.0,28.6,B
2021-07-14T13:02:34,1000.0,28.5,S
2021-07-14T13:02:23,1000.0,28.6,B
2021-07-14T13:02:19,1000.0,28.5,S
2021-07-14T13:02:16,100.0,28.5,S
2021-07-14T13:02:05,200.0,28.5,S
2021-07-14T13:01:45,12300.0,28.5,S
2021-07-14T13:01:45,9200.0,28.5,S
2021-07-14T13:01:37,3000.0,28.5,S
2021-07-14T13:01:31,100.0,28.6,B
2021-07-14T13:01:29,500.0,28.5,S
2021-07-14T13:01:27,1000.0,28.6,B
2021-07-14T13:01:26,10000.0,28.5,S
2021-07-14T13:01:14,100.0,28.6,S
2021-07-14T13:01:14,1500.0,28.6,B
2021-07-14T13:01:06,300.0,28.5,S
2021-07-14T13:01:02,5000.0,28.5,S
2021-07-14T13:01:00,4000.0,28.75,B
2021-07-14T13:00:49,2200.0,28.6,S
2021-07-14T13:00:49,700.0,28.6,S
2021-07-14T13:00:49,200.0,28.7,S
2021-07-14T13:00:48,1900.0,28.7,S
2021-07-14T13:00:47,1000.0,28.8,B
2021-07-14T13:00:47,200.0,28.8,B
2021-07-14T13:00:45,100.0,28.8,B
2021-07-14T13:00:30,100.0,28.8,B
2021-07-14T13:00:27,800.0,28.7,S
2021-07-14T13:00:23,2600.0,28.8,B
2021-07-14T13:00:18,100.0,28.8,B
2021-07-14T13:00:18,200.0,28.8,B
2021-07-14T13:00:16,2300.0,28.8,B
2021-07-14T13:00:16,100.0,28.8,B
2021-07-14T13:00:16,100.0,28.8,B
2021-07-14T13:00:16,3000.0,28.8,B
2021-07-14T13:00:16,200.0,28.8,B
2021-07-14T13:00:16,100.0,28.8,S
2021-07-14T13:00:16,100.0,28.9,B
2021-07-14T13:00:13,200.0,28.9,B
2021-07-14T13:00:13,300.0,28.9,B
2021-07-14T13:00:13,200.0,28.9,B
2021-07-14T13:00:13,1000.0,28.9,B
2021-07-14T13:00:13,300.0,28.9,B
2021-07-14T13:00:13,400.0,28.9,B
2021-07-14T13:00:13,1000.0,28.9,B
2021-07-14T13:00:12,1100.0,28.8,S
2021-07-14T13:00:12,100.0,28.8,S
2021-07-14T13:00:12,2200.0,28.8,S
2021-07-14T13:00:12,3100.0,28.8,S
2021-07-14T13:00:12,500.0,28.8,S
2021-07-14T13:00:12,100.0,28.9,B
2021-07-14T13:00:12,10000.0,28.9,B
2021-07-14T13:00:12,400.0,28.8,S
2021-07-14T13:00:12,100.0,28.9,B
2021-07-14T13:00:12,500.0,28.9,B
2021-07-14T13:00:12,100.0,28.9,B
2021-07-14T13:00:12,100.0,28.9,B
2021-07-14T13:00:12,200.0,28.9,B
2021-07-14T13:00:12,2100.0,28.8,S
2021-07-14T13:00:08,500.0,28.9,B
2021-07-14T13:00:08,300.0,28.9,S
2021-07-14T13:00:08,3500.0,28.9,S
2021-07-14T13:00:08,1600.0,28.9,S
2021-07-14T13:00:08,4000.0,28.9,S
2021-07-14T13:00:00,600.0,29.0,B
2021-07-14T13:00:00,500.0,29.0,B
2021-07-14T13:00:00,1500.0,29.0,B
2021-07-14T13:00:00,100.0,29.0,B
2021-07-14T11:30:00,2000.0,29.0,B
2021-07-14T11:30:00,200.0,29.0,B
2021-07-14T11:29:55,1900.0,29.0,B
2021-07-14T11:29:55,3100.0,29.0,B
2021-07-14T11:29:49,1000.0,29.0,B
2021-07-14T11:29:46,100.0,29.0,B
2021-07-14T11:29:45,1100.0,29.0,B
2021-07-14T11:29:43,100.0,29.0,B
2021-07-14T11:29:42,5000.0,29.0,B
2021-07-14T11:29:38,100.0,29.0,B
2021-07-14T11:29:34,200.0,29.0,B
2021-07-14T11:29:31,500.0,29.0,B
2021-07-14T11:29:30,1400.0,29.0,S
2021-07-14T11:29:30,1300.0,29.0,S
2021-07-14T11:29:30,1100.0,29.0,S
2021-07-14T11:29:30,300.0,29.0,S
2021-07-14T11:29:30,1700.0,29.0,S
2021-07-14T11:29:30,1300.0,29.0,S
2021-07-14T11:29:30,3000.0,29.0,S
2021-07-14T11:29:30,2000.0,29.0,S
2021-07-14T11:29:30,500.0,29.0,S
2021-07-14T11:29:30,100.0,29.0,S
2021-07-14T11:29:30,1700.0,29.0,S
2021-07-14T11:29:30,14400.0,29.0,S
2021-07-14T11:29:26,1600.0,29.0,S
2021-07-14T11:29:26,2300.0,29.0,S
2021-07-14T11:29:26,100.0,29.1,S
2021-07-14T11:29:25,1000.0,29.1,S
2021-07-14T11:29:17,800.0,29.0,S
2021-07-14T11:29:17,2500.0,29.0,S
2021-07-14T11:29:17,100.0,29.0,S
2021-07-14T11:29:17,1700.0,29.0,S
2021-07-14T11:29:17,1100.0,29.0,S
2021-07-14T11:29:17,1800.0,29.0,S
2021-07-14T11:29:17,5000.0,29.0,S
2021-07-14T11:29:17,7500.0,29.0,S
2021-07-14T11:29:01,1000.0,29.1,S
2021-07-14T11:29:01,2000.0,29.0,S
2021-07-14T11:29:01,5000.0,29.2,B
2021-07-14T11:29:01,1000.0,29.0,S
2021-07-14T11:29:01,1000.0,29.05,S
2021-07-14T11:28:54,1000.0,29.2,B
2021-07-14T11:28:50,200.0,29.2,B
2021-07-14T11:28:41,100.0,29.2,B
2021-07-14T11:28:41,300.0,29.2,B
2021-07-14T11:28:36,6000.0,29.2,B
2021-07-14T11:28:36,1000.0,29.2,B
2021-07-14T11:28:35,1400.0,29.05,S
2021-07-14T11:28:35,3600.0,29.05,S
2021-07-14T11:28:32,5000.0,29.2,B
2021-07-14T11:28:29,100.0,29.2,B
2021-07-14T11:28:20,5400.0,29.2,B
2021-07-14T11:28:12,2000.0,29.2,S
2021-07-14T11:28:10,1000.0,29.2,S
2021-07-14T11:28:08,200.0,29.3,B
2021-07-14T11:27:50,200.0,29.2,S
2021-07-14T11:27:48,3500.0,29.3,S
2021-07-14T11:27:48,400.0,29.3,S
2021-07-14T11:27:48,18400.0,29.3,S
2021-07-14T11:27:45,1300.0,29.4,S
2021-07-14T11:27:44,2700.0,29.4,S
2021-07-14T11:27:44,1200.0,29.4,S
2021-07-14T11:27:42,100.0,29.4,S
2021-07-14T11:27:40,400.0,29.45,S
2021-07-14T11:27:22,1000.0,29.5,B
2021-07-14T11:27:16,1500.0,29.5,S
2021-07-14T11:27:16,500.0,29.5,S
2021-07-14T11:27:16,100.0,29.5,S
2021-07-14T11:27:16,100.0,29.5,S
2021-07-14T11:27:16,3000.0,29.5,S
2021-07-14T11:27:16,2000.0,29.5,S
2021-07-14T11:27:16,300.0,29.5,S
2021-07-14T11:27:16,100.0,29.5,S
2021-07-14T11:27:16,3000.0,29.5,S
2021-07-14T11:27:16,500.0,29.5,S
2021-07-14T11:27:16,1500.0,29.5,S
2021-07-14T11:27:16,4400.0,29.5,S
2021-07-14T11:27:16,500.0,29.5,S
2021-07-14T11:27:16,700.0,29.5,S
2021-07-14T11:27:16,3300.0,29.5,S
2021-07-14T11:27:16,2500.0,29.5,S
2021-07-14T11:27:04,100.0,29.55,B
2021-07-14T11:27:00,1000.0,29.5,S
2021-07-14T11:26:59,1000.0,29.5,S
2021-07-14T11:26:59,1000.0,29.5,S
2021-07-14T11:26:59,1400.0,29.5,S
2021-07-14T11:26:59,600.0,29.5,S
2021-07-14T11:26:57,100.0,29.55,B
2021-07-14T11:26:52,200.0,29.55,S
2021-07-14T11:26:48,400.0,29.55,S
2021-07-14T11:26:48,4600.0,29.55,S
2021-07-14T11:26:48,5000.0,29.55,S
2021-07-14T11:26:48,7500.0,29.6,B
2021-07-14T11:26:28,2000.0,29.55,S
2021-07-14T11:26:25,1000.0,29.55,S
2021-07-14T11:26:25,2000.0,29.55,S
2021-07-14T11:26:05,200.0,29.6,B
2021-07-14T11:26:00,200.0,29.6,B
2021-07-14T11:25:58,1500.0,29.6,S
2021-07-14T11:25:34,300.0,29.6,S
2021-07-14T11:25:27,15000.0,29.6,S
2021-07-14T11:25:10,1500.0,29.6,S
2021-07-14T11:25:07,4900.0,29.65,S
2021-07-14T11:24:50,500.0,29.7,B
2021-07-14T11:24:25,300.0,29.7,B
2021-07-14T11:23:51,100.0,29.7,B
2021-07-14T11:23:23,3600.0,29.7,S
2021-07-14T11:23:23,1000.0,29.7,S
2021-07-14T11:23:09,500.0,29.7,S
2021-07-14T11:22:14,200.0,29.7,S
2021-07-14T11:21:52,500.0,29.7,S
2021-07-14T11:21:43,1000.0,29.7,S
2021-07-14T11:21:28,5000.0,29.7,S
2021-07-14T11:21:09,100.0,29.7,S
2021-07-14T11:20:38,100.0,29.7,S
2021-07-14T11:20:36,2900.0,29.75,B
2021-07-14T11:20:28,100.0,29.8,B
2021-07-14T11:20:13,1000.0,29.8,B
2021-07-14T11:20:06,100.0,29.75,S
2021-07-14T11:18:57,200.0,29.8,B
2021-07-14T11:18:31,1000.0,29.8,B
2021-07-14T11:17:30,600.0,29.75,S
2021-07-14T11:17:28,1000.0,29.8,B
2021-07-14T11:17:25,500.0,29.75,S
2021-07-14T11:16:40,100.0,29.75,S
2021-07-14T11:16:40,900.0,29.8,S
2021-07-14T11:16:32,100.0,29.8,S
2021-07-14T11:16:32,4900.0,29.8,S
2021-07-14T11:15:35,100.0,29.8,S
2021-07-14T11:15:06,2000.0,29.9,B
2021-07-14T11:14:58,20000.0,29.9,B
2021-07-14T11:14:45,100.0,29.8,B
2021-07-14T11:14:42,200.0,29.7,S
2021-07-14T11:13:59,100.0,29.7,B
2021-07-14T11:13:53,5000.0,29.7,B
2021-07-14T11:13:51,2000.0,29.6,B
2021-07-14T11:13:44,100.0,29.6,B
2021-07-14T11:13:30,600.0,29.55,S
2021-07-14T11:13:30,2000.0,29.55,S
2021-07-14T11:13:04,300.0,29.55,S
2021-07-14T11:12:52,100.0,29.55,B
2021-07-14T11:12:52,2000.0,29.55,B
2021-07-14T11:12:46,1000.0,29.55,B
2021-07-14T11:12:45,900.0,29.55,S
2021-07-14T11:12:40,2000.0,29.55,S
2021-07-14T11:12:40,400.0,29.6,B
2021-07-14T11:12:40,4100.0,29.55,S
2021-07-14T11:12:34,1300.0,29.55,S
2021-07-14T11:12:31,800.0,29.6,B
2021-07-14T11:12:30,100.0,29.6,B
2021-07-14T11:12:27,100.0,29.55,S
2021-07-14T11:12:23,2000.0,29.6,B
2021-07-14T11:12:11,100.0,29.55,S
2021-07-14T11:11:58,5000.0,29.55,S
2021-07-14T11:11:53,100.0,29.6,B
2021-07-14T11:11:45,400.0,29.6,S
2021-07-14T11:11:45,100.0,29.6,S
2021-07-14T11:11:45,1100.0,29.6,S
2021-07-14T11:11:38,100.0,29.6,S
2021-07-14T11:11:34,5000.0,29.6,S
2021-07-14T11:11:31,100.0,29.6,S
2021-07-14T11:11:01,2700.0,29.6,S
2021-07-14T11:11:01,5200.0,29.6,S
2021-07-14T11:10:59,5000.0,29.6,S
2021-07-14T11:10:39,700.0,29.6,S
2021-07-14T11:10:30,200.0,29.65,S
2021-07-14T11:10:25,100.0,29.65,S
2021-07-14T11:09:58,500.0,29.65,S
2021-07-14T11:09:39,500.0,29.65,S
2021-07-14T11:09:39,4500.0,29.7,S
2021-07-14T11:09:29,700.0,29.7,S
2021-07-14T11:09:29,1100.0,29.7,S
2021-07-14T11:09:29,400.0,29.7,S
2021-07-14T11:09:29,2800.0,29.7,S
2021-07-14T11:09:07,700.0,29.7,S
2021-07-14T11:08:59,2100.0,29.7,S
2021-07-14T11:08:45,2000.0,29.7,S
2021-07-14T11:08:43,300.0,29.7,S
2021-07-14T11:08:38,300.0,29.7,S
2021-07-14T11:08:30,10000.0,29.7,S
2021-07-14T11:08:23,900.0,29.7,S
2021-07-14T11:08:10,5000.0,29.7,S
2021-07-14T11:08:02,3000.0,29.7,S
2021-07-14T11:08:00,300.0,29.7,S
2021-07-14T11:07:16,15000.0,29.7,S
2021-07-14T11:06:30,1000.0,29.7,S
2021-07-14T11:06:28,3000.0,29.7,S
2021-07-14T11:06:28,1000.0,29.7,S
2021-07-14T11:06:28,200.0,29.75,S
2021-07-14T11:06:17,500.0,29.8,B
2021-07-14T11:05:40,1000.0,29.7,S
2021-07-14T11:05:40,1000.0,29.75,S
2021-07-14T11:05:05,1400.0,29.7,S
2021-07-14T11:04:58,100.0,29.75,S
2021-07-14T11:04:51,600.0,29.7,S
2021-07-14T11:04:42,100.0,29.75,B
2021-07-14T11:04:40,200.0,29.75,B
2021-07-14T11:04:38,1600.0,29.75,B
2021-07-14T11:04:37,500.0,29.75,B
2021-07-14T11:04:29,100.0,29.75,B
2021-07-14T11:04:22,100.0,29.75,B
2021-07-14T11:04:16,100.0,29.75,B
2021-07-14T11:03:45,1000.0,29.75,B
2021-07-14T11:03:38,500.0,29.75,B
2021-07-14T11:03:36,100.0,29.75,B
2021-07-14T11:03:35,300.0,29.75,S
2021-07-14T11:03:15,100.0,29.75,S
2021-07-14T11:03:14,3000.0,29.7,S
2021-07-14T11:03:13,1000.0,29.7,S
2021-07-14T11:03:13,1000.0,29.7,S
2021-07-14T11:03:13,300.0,29.75,B
2021-07-14T11:03:02,300.0,29.75,B
2021-07-14T11:02:57,3000.0,29.75,B
2021-07-14T11:02:41,200.0,29.75,S
2021-07-14T11:02:41,100.0,29.75,S
2021-07-14T11:02:26,3700.0,29.75,S
2021-07-14T11:02:26,2200.0,29.75,S
2021-07-14T11:02:26,1100.0,29.75,S
2021-07-14T11:02:26,3000.0,29.75,S
2021-07-14T11:02:19,1000.0,29.8,S
2021-07-14T11:02:16,1000.0,29.8,S
2021-07-14T11:02:16,200.0,29.8,S
2021-07-14T11:02:16,700.0,29.8,S
2021-07-14T11:02:16,1000.0,29.8,S
2021-07-14T11:02:15,3000.0,29.8,S
2021-07-14T11:01:52,20000.0,29.8,S
2021-07-14T11:01:50,100.0,29.8,S
2021-07-14T11:01:50,900.0,29.8,S
2021-07-14T11:01:50,1000.0,29.8,S
2021-07-14T11:01:50,1000.0,29.8,S
2021-07-14T11:01:49,2000.0,29.8,S
2021-07-14T11:01:45,500.0,29.8,S
2021-07-14T11:01:19,300.0,29.8,S
2021-07-14T11:01:03,1200.0,29.8,S
2021-07-14T11:01:02,100.0,29.85,S
2021-07-14T11:01:02,6700.0,29.85,S
2021-07-14T11:01:00,1400.0,29.85,S
2021-07-14T11:00:53,100.0,29.85,S
2021-07-14T11:00:42,1000.0,29.85,S
2021-07-14T11:00:24,100.0,29.85,S
2021-07-14T10:59:59,1000.0,29.85,S
2021-07-14T10:57:59,3000.0,29.85,S
2021-07-14T10:56:38,2500.0,30.0,B
2021-07-14T10:56:26,100.0,29.9,B
2021-07-14T10:56:10,200.0,29.9,B
2021-07-14T10:55:36,1000.0,29.85,S
2021-07-14T10:55:23,500.0,29.85,S
2021-07-14T10:55:22,600.0,29.9,B
2021-07-14T10:54:46,3900.0,29.9,S
2021-07-14T10:54:13,100.0,29.9,S
2021-07-14T10:52:36,5000.0,30.0,B
2021-07-14T10:52:29,500.0,29.9,B
2021-07-14T10:52:29,8500.0,29.9,B
2021-07-14T10:52:26,5000.0,29.9,B
2021-07-14T10:52:26,500.0,29.9,B
2021-07-14T10:52:24,5000.0,29.9,B
2021-07-14T10:52:16,10000.0,29.9,B
2021-07-14T10:52:03,500.0,29.8,S
2021-07-14T10:51:53,2000.0,29.8,S
2021-07-14T10:51:52,10000.0,29.9,B
2021-07-14T10:51:52,100.0,29.9,B
2021-07-14T10:51:44,2000.0,29.9,B
2021-07-14T10:51:40,3000.0,29.8,S
2021-07-14T10:51:25,27100.0,29.8,B
2021-07-14T10:51:10,500.0,29.75,S
2021-07-14T10:50:23,500.0,29.75,S
2021-07-14T10:50:12,1000.0,29.8,B
2021-07-14T10:49:42,1000.0,29.75,S
2021-07-14T10:49:41,1300.0,29.75,B
2021-07-14T10:49:41,400.0,29.75,B
2021-07-14T10:49:23,3000.0,29.7,S
2021-07-14T10:49:22,1000.0,29.7,S
2021-07-14T10:49:21,1700.0,29.7,S
2021-07-14T10:49:06,34500.0,29.7,S
2021-07-14T10:49:05,11800.0,29.7,S
2021-07-14T10:49:05,1100.0,29.7,S
2021-07-14T10:49:05,800.0,29.7,S
2021-07-14T10:49:05,200.0,29.7,S
2021-07-14T10:49:05,10300.0,29.7,S
2021-07-14T10:48:49,1100.0,29.7,S
2021-07-14T10:48:49,600.0,29.7,S
2021-07-14T10:48:49,8300.0,29.7,S
2021-07-14T10:48:46,400.0,29.75,S
2021-07-14T10:48:42,400.0,29.8,S
2021-07-14T10:48:41,500.0,29.8,S
2021-07-14T10:48:40,100.0,29.8,S
2021-07-14T10:48:40,1100.0,29.8,S
2021-07-14T10:48:37,300.0,29.8,S
2021-07-14T10:48:34,5600.0,29.8,S
2021-07-14T10:48:34,200.0,29.8,S
2021-07-14T10:48:34,2000.0,29.8,S
2021-07-14T10:48:34,2200.0,29.8,S
2021-07-14T10:48:34,1600.0,29.8,S
2021-07-14T10:48:34,700.0,29.8,S
2021-07-14T10:48:34,2800.0,29.8,S
2021-07-14T10:48:34,8500.0,29.8,S
2021-07-14T10:48:34,2700.0,29.8,S
2021-07-14T10:48:29,1000.0,29.8,S
2021-07-14T10:48:27,2200.0,29.8,S
2021-07-14T10:48:21,200.0,29.85,S
2021-07-14T10:48:21,1000.0,29.85,S
2021-07-14T10:48:21,3100.0,29.85,S
2021-07-14T10:48:21,1600.0,29.85,S
2021-07-14T10:48:21,1200.0,29.85,S
2021-07-14T10:48:18,8400.0,29.9,S
2021-07-14T10:48:17,2000.0,29.9,S
2021-07-14T10:48:12,100.0,29.9,S
2021-07-14T10:48:12,3000.0,29.9,S
2021-07-14T10:48:12,400.0,29.9,S
2021-07-14T10:48:12,600.0,29.9,S
2021-07-14T10:48:12,300.0,29.9,S
2021-07-14T10:48:12,2600.0,29.9,S
2021-07-14T10:48:12,1000.0,29.9,S
2021-07-14T10:48:12,7000.0,29.9,S
2021-07-14T10:48:09,200.0,29.9,S
2021-07-14T10:48:01,1000.0,29.9,S
2021-07-14T10:47:47,8700.0,29.9,S
2021-07-14T10:47:38,3000.0,29.9,S
2021-07-14T10:47:17,1400.0,29.95,B
2021-07-14T10:47:17,300.0,29.9,S
2021-07-14T10:46:52,1000.0,29.9,S
2021-07-14T10:46:52,100.0,29.95,B
2021-07-14T10:46:39,200.0,29.95,S
2021-07-14T10:46:36,4100.0,29.95,S
2021-07-14T10:46:36,200.0,29.95,S
2021-07-14T10:46:36,700.0,29.95,S
2021-07-14T10:46:36,1300.0,29.95,S
2021-07-14T10:46:36,1400.0,29.95,S
2021-07-14T10:46:36,100.0,29.95,S
2021-07-14T10:46:36,1200.0,29.95,S
2021-07-14T10:46:09,2100.0,30.0,S
2021-07-14T10:46:06,500.0,30.0,S
2021-07-14T10:46:03,100.0,30.0,S
2021-07-14T10:45:58,700.0,30.0,S
2021-07-14T10:45:51,1000.0,30.0,S
2021-07-14T10:45:29,5600.0,30.0,S
2021-07-14T10:45:29,2200.0,30.0,S
2021-07-14T10:45:29,2000.0,30.0,S
2021-07-14T10:45:29,10200.0,30.0,S
2021-07-14T10:45:06,3000.0,30.05,B
2021-07-14T10:44:10,1000.0,30.05,B
2021-07-14T10:44:03,1500.0,30.05,S
2021-07-14T10:43:06,600.0,30.05,S
2021-07-14T10:42:16,4400.0,30.05,B
2021-07-14T10:42:09,1000.0,30.05,B
2021-07-14T10:42:09,1000.0,30.0,S
2021-07-14T10:41:45,2200.0,30.05,B
2021-07-14T10:41:38,15000.0,30.0,S
2021-07-14T10:41:23,200.0,30.05,B
2021-07-14T10:41:19,1000.0,30.05,B
2021-07-14T10:41:04,100.0,30.05,B
2021-07-14T10:41:01,200.0,30.05,B
2021-07-14T10:39:57,100.0,30.1,B
2021-07-14T10:39:37,100.0,30.0,S
2021-07-14T10:39:15,500.0,30.0,S
2021-07-14T10:38:54,1500.0,30.0,B
2021-07-14T10:38:51,1000.0,30.0,B
2021-07-14T10:38:48,400.0,30.0,B
2021-07-14T10:38:46,5000.0,30.0,B
2021-07-14T10:38:36,4000.0,30.0,B
2021-07-14T10:38:15,200.0,29.95,S
2021-07-14T10:37:50,1000.0,30.0,B
2021-07-14T10:37:33,600.0,30.0,B
2021-07-14T10:37:17,900.0,29.95,S
2021-07-14T10:37:05,200.0,30.0,B
2021-07-14T10:37:02,5000.0,30.0,B
2021-07-14T10:36:47,4800.0,30.0,S
2021-07-14T10:36:27,1000.0,30.0,S
2021-07-14T10:36:22,5000.0,30.1,B
2021-07-14T10:36:20,500.0,30.0,S
2021-07-14T10:36:15,1200.0,30.0,B
2021-07-14T10:36:06,3800.0,30.0,S
2021-07-14T10:35:58,500.0,30.0,S
2021-07-14T10:35:25,300.0,30.0,B
2021-07-14T10:35:17,100.0,30.0,B
2021-07-14T10:35:15,300.0,30.0,B
2021-07-14T10:35:11,500.0,30.0,B
2021-07-14T10:35:05,2000.0,30.0,B
2021-07-14T10:34:49,10000.0,30.0,B
2021-07-14T10:34:49,100.0,30.0,B
2021-07-14T10:33:55,100.0,29.95,S
2021-07-14T10:33:38,200.0,29.95,S
2021-07-14T10:33:37,1800.0,29.95,S
2021-07-14T10:33:37,3000.0,29.95,S
2021-07-14T10:33:27,1000.0,29.95,S
2021-07-14T10:33:26,3600.0,30.0,B
2021-07-14T10:31:17,300.0,29.95,S
2021-07-14T10:30:57,500.0,29.95,S
2021-07-14T10:30:46,700.0,29.95,B
2021-07-14T10:30:44,600.0,29.95,B
2021-07-14T10:30:39,3700.0,29.9,S
2021-07-14T10:30:37,200.0,29.95,B
2021-07-14T10:30:20,700.0,29.95,B
2021-07-14T10:30:13,200.0,29.95,B
2021-07-14T10:30:06,100.0,29.95,B
2021-07-14T10:30:06,200.0,29.95,B
2021-07-14T10:29:51,100.0,29.95,B
2021-07-14T10:29:46,4600.0,29.95,B
2021-07-14T10:29:42,200.0,29.95,B
2021-07-14T10:29:41,100.0,29.95,S
2021-07-14T10:29:36,100.0,30.0,B
2021-07-14T10:28:57,100.0,30.0,B
2021-07-14T10:28:48,1000.0,29.9,S
2021-07-14T10:28:46,100.0,30.0,B
2021-07-14T10:28:46,200.0,30.0,B
2021-07-14T10:28:38,2600.0,29.9,S
2021-07-14T10:28:38,500.0,29.95,S
2021-07-14T10:28:38,300.0,29.95,S
2021-07-14T10:28:38,1200.0,29.95,S
2021-07-14T10:28:38,300.0,29.95,S
2021-07-14T10:28:38,8000.0,29.95,S
2021-07-14T10:28:38,3100.0,30.0,S
2021-07-14T10:28:38,500.0,30.0,S
2021-07-14T10:28:38,1000.0,30.0,S
2021-07-14T10:28:38,4300.0,30.0,S
2021-07-14T10:28:38,2800.0,30.0,S
2021-07-14T10:28:38,500.0,30.0,S
2021-07-14T10:28:38,1000.0,30.0,S
2021-07-14T10:28:38,100.0,30.0,S
2021-07-14T10:28:38,800.0,30.0,S
2021-07-14T10:28:38,500.0,30.0,S
2021-07-14T10:28:38,100.0,30.0,S
2021-07-14T10:28:38,8000.0,30.0,S
2021-07-14T10:28:38,14400.0,30.0,S
2021-07-14T10:28:37,3400.0,30.0,S
2021-07-14T10:28:36,300.0,30.0,S
2021-07-14T10:28:31,1000.0,30.0,S
2021-07-14T10:28:24,200.0,30.0,S
2021-07-14T10:28:05,3200.0,30.0,S
2021-07-14T10:27:27,200.0,30.1,B
2021-07-14T10:27:21,400.0,30.05,S
2021-07-14T10:27:09,300.0,30.1,B
2021-07-14T10:26:10,2000.0,30.1,B
2021-07-14T10:26:02,14000.0,30.05,S
2021-07-14T10:25:04,100.0,30.1,B
2021-07-14T10:24:36,600.0,30.1,S
2021-07-14T10:24:36,1300.0,30.1,S
2021-07-14T10:24:36,3100.0,30.1,S
2021-07-14T10:23:49,700.0,30.2,B
2021-07-14T10:23:41,1000.0,30.2,S
2021-07-14T10:23:32,100.0,30.2,S
2021-07-14T10:23:24,100.0,30.2,S
2021-07-14T10:22:54,3300.0,30.2,B
2021-07-14T10:22:25,200.0,30.1,S
2021-07-14T10:22:24,100.0,30.2,B
2021-07-14T10:21:59,600.0,30.2,B
2021-07-14T10:21:59,200.0,30.2,B
2021-07-14T10:21:46,300.0,30.2,S
2021-07-14T10:21:46,1500.0,30.2,S
2021-07-14T10:21:46,3500.0,30.2,S
2021-07-14T10:21:40,400.0,30.2,S
2021-07-14T10:20:59,8100.0,30.2,B
2021-07-14T10:20:55,1000.0,30.1,B
2021-07-14T10:20:35,1000.0,30.1,B
2021-07-14T10:20:28,100.0,30.1,B
2021-07-14T10:20:10,500.0,30.1,B
2021-07-14T10:20:06,3300.0,30.1,S
2021-07-14T10:20:06,100.0,30.15,S
2021-07-14T10:19:49,4500.0,30.2,B
2021-07-14T10:18:41,2700.0,30.1,B
2021-07-14T10:17:59,1000.0,30.1,B
2021-07-14T10:17:51,500.0,30.1,B
2021-07-14T10:16:33,200.0,30.1,B
2021-07-14T10:16:27,900.0,30.2,B
2021-07-14T10:15:31,100.0,30.2,B
2021-07-14T10:15:27,7000.0,30.2,B
2021-07-14T10:15:09,1500.0,30.05,B
2021-07-14T10:15:08,1000.0,30.05,B
2021-07-14T10:14:52,500.0,30.0,S
2021-07-14T10:14:51,1100.0,30.0,S
2021-07-14T10:14:51,3900.0,30.0,S
2021-07-14T10:14:40,1600.0,30.0,S
2021-07-14T10:14:40,3900.0,30.0,B
2021-07-14T10:14:38,400.0,30.0,B
2021-07-14T10:14:38,500.0,30.0,B
2021-07-14T10:14:37,22000.0,30.0,B
2021-07-14T10:14:10,200.0,30.0,B
2021-07-14T10:14:01,1000.0,30.0,B
2021-07-14T10:13:50,100.0,30.0,B
2021-07-14T10:13:44,100.0,30.0,B
2021-07-14T10:13:26,300.0,30.0,B
2021-07-14T10:13:25,100.0,30.0,B
2021-07-14T10:13:20,1100.0,30.0,S
2021-07-14T10:13:13,500.0,30.0,S
2021-07-14T10:13:11,5000.0,30.0,S
2021-07-14T10:12:39,7000.0,30.0,S
2021-07-14T10:12:19,3500.0,30.05,B
2021-07-14T10:12:01,300.0,30.05,B
2021-07-14T10:12:00,1300.0,30.0,S
2021-07-14T10:11:58,1000.0,30.0,S
2021-07-14T10:11:51,200.0,30.0,S
2021-07-14T10:11:51,3100.0,30.05,B
2021-07-14T10:11:45,100.0,30.1,B
2021-07-14T10:11:40,900.0,30.05,B
2021-07-14T10:11:39,100.0,30.05,S
2021-07-14T10:11:34,1100.0,30.0,S
2021-07-14T10:11:34,3900.0,30.0,S
2021-07-14T10:11:33,500.0,30.05,S
2021-07-14T10:11:13,300.0,30.05,S
2021-07-14T10:11:04,4700.0,30.2,B
2021-07-14T10:11:04,5000.0,30.2,B
2021-07-14T10:11:04,8900.0,30.2,B
2021-07-14T10:11:04,1400.0,30.1,B
2021-07-14T10:11:04,1000.0,30.05,S
2021-07-14T10:10:32,200.0,30.05,S
2021-07-14T10:10:13,500.0,30.0,S
2021-07-14T10:09:53,100.0,30.0,S
2021-07-14T10:09:42,3000.0,30.0,S
2021-07-14T10:09:34,1000.0,30.0,S
2021-07-14T10:08:55,100.0,30.1,B
2021-07-14T10:08:31,500.0,30.1,B
2021-07-14T10:08:31,4000.0,30.1,B
2021-07-14T10:08:31,3800.0,30.1,B
2021-07-14T10:08:31,4100.0,30.1,B
2021-07-14T10:08:31,3200.0,30.0,B
2021-07-14T10:08:31,2500.0,30.0,B
2021-07-14T10:08:31,400.0,30.0,B
2021-07-14T10:08:31,100.0,30.0,B
2021-07-14T10:08:31,1400.0,30.0,B
2021-07-14T10:08:27,8000.0,30.0,B
2021-07-14T10:07:49,300.0,30.0,B
2021-07-14T10:07:28,1000.0,29.95,S
2021-07-14T10:07:24,1300.0,30.0,B
2021-07-14T10:07:24,3900.0,30.0,B
2021-07-14T10:07:19,100.0,29.95,S
2021-07-14T10:07:16,500.0,29.95,S
2021-07-14T10:06:56,500.0,29.95,S
2021-07-14T10:06:51,1100.0,29.95,S
2021-07-14T10:06:29,2000.0,29.9,S
2021-07-14T10:05:54,100.0,29.95,B
2021-07-14T10:05:49,1000.0,29.95,B
2021-07-14T10:05:28,100.0,29.95,S
2021-07-14T10:05:11,2000.0,29.95,B
2021-07-14T10:04:53,100.0,29.95,B
2021-07-14T10:04:40,1000.0,29.9,S
2021-07-14T10:04:03,2700.0,29.9,S
2021-07-14T10:03:42,600.0,29.9,S
2021-07-14T10:03:42,600.0,29.9,S
2021-07-14T10:03:37,100.0,29.95,B
2021-07-14T10:03:33,1000.0,29.95,B
2021-07-14T10:03:22,2800.0,29.95,B
2021-07-14T10:03:10,200.0,29.95,S
2021-07-14T10:03:08,2000.0,29.95,S
2021-07-14T10:03:08,2200.0,29.95,S
2021-07-14T10:03:06,1000.0,29.95,S
2021-07-14T10:03:03,1000.0,30.0,B
2021-07-14T10:02:30,100.0,29.95,S
2021-07-14T10:02:26,1000.0,29.95,S
2021-07-14T10:02:15,1000.0,29.95,S
2021-07-14T10:02:09,300.0,29.95,S
2021-07-14T10:02:09,1000.0,29.95,S
2021-07-14T10:01:41,500.0,30.0,B
2021-07-14T10:01:39,100.0,30.0,S
2021-07-14T10:01:31,1000.0,30.0,S
2021-07-14T10:01:31,500.0,30.0,S
2021-07-14T10:01:31,2000.0,30.0,S
2021-07-14T10:01:31,200.0,30.0,S
2021-07-14T10:01:30,400.0,30.0,S
2021-07-14T10:01:26,1000.0,30.0,S
2021-07-14T10:01:26,2800.0,30.0,S
2021-07-14T10:01:24,3000.0,30.0,S
2021-07-14T10:01:18,3000.0,30.0,S
2021-07-14T10:01:17,4000.0,30.0,S
2021-07-14T10:01:15,1000.0,30.0,S
2021-07-14T10:01:09,1000.0,30.0,S
2021-07-14T10:01:05,100.0,30.0,S
2021-07-14T10:01:04,10000.0,30.0,S
2021-07-14T10:00:56,1600.0,30.0,S
2021-07-14T10:00:56,3400.0,30.0,S
2021-07-14T10:00:42,200.0,30.0,S
2021-07-14T10:00:29,2100.0,30.0,S
2021-07-14T10:00:01,23100.0,30.0,S
2021-07-14T10:00:01,16300.0,30.0,S
2021-07-14T10:00:01,600.0,30.05,S
2021-07-14T09:59:39,2000.0,30.05,S
2021-07-14T09:59:21,2000.0,30.05,S
2021-07-14T09:59:10,900.0,30.05,B
2021-07-14T09:59:09,900.0,30.05,B
2021-07-14T09:58:52,200.0,30.05,B
2021-07-14T09:58:46,1800.0,30.0,S
2021-07-14T09:58:46,1700.0,30.0,S
2021-07-14T09:58:46,2000.0,30.0,S
2021-07-14T09:58:26,200.0,30.05,B
2021-07-14T09:58:25,400.0,30.05,B
2021-07-14T09:58:22,2400.0,30.05,S
2021-07-14T09:58:12,300.0,30.05,S
2021-07-14T09:58:06,3100.0,30.05,S
2021-07-14T09:58:06,1900.0,30.05,S
2021-07-14T09:57:44,200.0,30.1,B
2021-07-14T09:57:33,1000.0,30.05,S
2021-07-14T09:57:33,1000.0,30.1,B
2021-07-14T09:57:29,3000.0,30.05,S
2021-07-14T09:57:18,1000.0,30.05,S
2021-07-14T09:56:49,100.0,30.1,B
2021-07-14T09:56:13,100.0,30.1,S
2021-07-14T09:56:04,500.0,30.2,B
2021-07-14T09:55:51,10000.0,30.05,S
2021-07-14T09:55:49,4000.0,30.2,B
2021-07-14T09:55:08,400.0,30.1,B
2021-07-14T09:55:06,500.0,30.1,B
2021-07-14T09:55:03,1000.0,30.1,B
2021-07-14T09:54:59,500.0,30.1,B
2021-07-14T09:54:56,1600.0,30.1,S
2021-07-14T09:54:23,1000.0,30.1,S
2021-07-14T09:54:10,300.0,30.1,S
2021-07-14T09:53:48,200.0,30.1,S
2021-07-14T09:53:48,1000.0,30.1,S
2021-07-14T09:53:30,1000.0,30.1,S
2021-07-14T09:52:58,100.0,30.1,B
2021-07-14T09:52:54,1000.0,30.1,B
2021-07-14T09:52:52,200.0,30.1,B
2021-07-14T09:52:49,1000.0,30.1,B
2021-07-14T09:52:24,100.0,30.1,B
2021-07-14T09:52:20,900.0,30.1,S
2021-07-14T09:51:53,100.0,30.1,S
2021-07-14T09:51:46,2700.0,30.1,S
2021-07-14T09:51:27,1000.0,30.15,S
2021-07-14T09:51:21,1300.0,30.15,S
2021-07-14T09:51:21,600.0,30.15,B
2021-07-14T09:51:13,1000.0,30.1,S
2021-07-14T09:51:03,3000.0,30.1,S
2021-07-14T09:51:02,100.0,30.15,B
2021-07-14T09:51:01,900.0,30.15,B
2021-07-14T09:50:55,500.0,30.15,B
2021-07-14T09:50:28,1000.0,30.15,B
2021-07-14T09:50:28,500.0,30.1,S
2021-07-14T09:50:28,100.0,30.1,S
2021-07-14T09:50:21,3800.0,30.15,B
2021-07-14T09:49:55,100.0,30.15,S
2021-07-14T09:49:47,3200.0,30.15,S
2021-07-14T09:49:36,100.0,30.15,S
2021-07-14T09:49:17,1000.0,30.15,S
2021-07-14T09:49:12,400.0,30.15,S
2021-07-14T09:49:04,10000.0,30.15,S
2021-07-14T09:48:31,300.0,30.2,B
2021-07-14T09:48:26,2000.0,30.2,B
2021-07-14T09:48:19,100.0,30.2,B
2021-07-14T09:48:16,1000.0,30.2,B
2021-07-14T09:47:56,1500.0,30.2,B
2021-07-14T09:47:55,100.0,30.2,S
2021-07-14T09:47:55,1500.0,30.2,S
2021-07-14T09:47:55,2000.0,30.2,S
2021-07-14T09:47:55,1300.0,30.2,S
2021-07-14T09:47:55,600.0,30.2,S
2021-07-14T09:47:42,100.0,30.2,S
2021-07-14T09:47:33,1000.0,30.2,S
2021-07-14T09:47:29,200.0,30.2,S
2021-07-14T09:46:59,1000.0,30.2,S
2021-07-14T09:46:58,1000.0,30.2,S
2021-07-14T09:46:58,2500.0,30.25,B
2021-07-14T09:46:47,600.0,30.2,S
2021-07-14T09:46:33,2900.0,30.2,S
2021-07-14T09:46:25,300.0,30.3,B
2021-07-14T09:46:24,1500.0,30.25,B
2021-07-14T09:46:21,2000.0,30.25,B
2021-07-14T09:46:09,5000.0,30.25,B
2021-07-14T09:45:44,3000.0,30.25,B
2021-07-14T09:45:27,300.0,30.25,B
2021-07-14T09:45:19,500.0,30.2,S
2021-07-14T09:45:08,100.0,30.25,B
2021-07-14T09:44:57,1000.0,30.2,S
2021-07-14T09:44:47,300.0,30.2,S
2021-07-14T09:44:31,7200.0,30.25,S
2021-07-14T09:44:27,200.0,30.25,S
2021-07-14T09:44:13,1300.0,30.3,B
2021-07-14T09:44:13,300.0,30.3,S
2021-07-14T09:44:01,10000.0,30.3,S
2021-07-14T09:43:52,300.0,30.3,S
2021-07-14T09:43:31,2000.0,30.3,S
2021-07-14T09:43:30,300.0,30.3,S
2021-07-14T09:42:57,400.0,30.3,S
2021-07-14T09:42:53,200.0,30.3,S
2021-07-14T09:42:51,300.0,30.3,S
2021-07-14T09:42:48,500.0,30.3,S
2021-07-14T09:42:43,2000.0,30.3,S
2021-07-14T09:42:32,8000.0,30.3,S
2021-07-14T09:42:10,100.0,30.3,S
2021-07-14T09:42:06,5000.0,30.45,B
2021-07-14T09:42:04,600.0,30.3,B
2021-07-14T09:42:03,5100.0,30.3,B
2021-07-14T09:41:55,200.0,30.25,B
2021-07-14T09:41:53,16600.0,30.25,S
2021-07-14T09:41:52,3500.0,30.3,B
2021-07-14T09:41:48,5000.0,30.3,B
2021-07-14T09:41:40,100.0,30.3,B
2021-07-14T09:41:39,9600.0,30.3,B
2021-07-14T09:41:34,1100.0,30.3,B
2021-07-14T09:41:23,1000.0,30.3,B
2021-07-14T09:41:18,2000.0,30.25,S
2021-07-14T09:41:12,200.0,30.25,S
2021-07-14T09:41:09,1000.0,30.25,S
2021-07-14T09:40:51,100.0,30.25,S
2021-07-14T09:40:49,300.0,30.25,S
2021-07-14T09:40:48,8400.0,30.25,B
2021-07-14T09:40:47,500.0,30.2,S
2021-07-14T09:40:44,100.0,30.25,B
2021-07-14T09:40:40,100.0,30.2,S
2021-07-14T09:40:28,2000.0,30.2,S
2021-07-14T09:40:26,500.0,30.25,B
2021-07-14T09:40:21,300.0,30.25,B
2021-07-14T09:40:18,500.0,30.25,S
2021-07-14T09:40:16,500.0,30.25,S
2021-07-14T09:40:14,400.0,30.3,B
2021-07-14T09:40:07,1000.0,30.25,S
2021-07-14T09:40:00,1000.0,30.25,S
2021-07-14T09:39:59,100.0,30.25,S
2021-07-14T09:39:56,500.0,30.3,S
2021-07-14T09:39:52,1300.0,30.3,S
2021-07-14T09:39:44,1200.0,30.4,S
2021-07-14T09:39:35,200.0,30.45,B
2021-07-14T09:39:31,1100.0,30.45,S
2021-07-14T09:39:29,1000.0,30.45,S
2021-07-14T09:39:25,1900.0,30.45,S
2021-07-14T09:39:22,500.0,30.5,B
2021-07-14T09:39:14,2500.0,30.55,B
2021-07-14T09:39:13,2000.0,30.45,S
2021-07-14T09:39:12,2700.0,30.5,S
2021-07-14T09:39:12,2000.0,30.5,S
2021-07-14T09:39:12,300.0,30.5,S
2021-07-14T09:39:06,300.0,30.55,S
2021-07-14T09:39:02,1000.0,30.55,S
2021-07-14T09:39:00,100.0,30.6,B
2021-07-14T09:39:00,1500.0,30.55,S
2021-07-14T09:38:59,100.0,30.55,S
2021-07-14T09:38:54,100.0,30.55,S
2021-07-14T09:38:52,1000.0,30.55,S
2021-07-14T09:38:51,900.0,30.6,B
2021-07-14T09:38:48,500.0,30.6,S
2021-07-14T09:38:48,100.0,30.6,S
2021-07-14T09:38:47,300.0,30.6,S
2021-07-14T09:38:47,100.0,30.6,S
2021-07-14T09:38:43,1000.0,30.6,S
2021-07-14T09:38:43,100.0,30.6,S
2021-07-14T09:38:42,100.0,30.6,S
2021-07-14T09:38:42,100.0,30.6,S
2021-07-14T09:38:42,500.0,30.6,S
2021-07-14T09:38:42,400.0,30.6,S
2021-07-14T09:38:32,1000.0,30.6,S
2021-07-14T09:38:32,100.0,30.7,B
2021-07-14T09:38:26,10000.0,30.7,B
2021-07-14T09:38:20,2300.0,30.7,S
2021-07-14T09:38:17,1000.0,30.7,S
2021-07-14T09:38:16,100.0,30.7,S
2021-07-14T09:38:15,1000.0,30.7,S
2021-07-14T09:38:15,500.0,30.7,S
2021-07-14T09:38:09,1000.0,30.8,B
2021-07-14T09:38:06,1000.0,30.7,S
2021-07-14T09:38:06,500.0,30.7,S
2021-07-14T09:38:05,500.0,30.7,S
2021-07-14T09:38:04,3200.0,30.7,S
2021-07-14T09:38:04,1800.0,30.7,S
2021-07-14T09:37:56,5000.0,30.7,S
2021-07-14T09:37:55,5000.0,30.8,B
2021-07-14T09:37:53,500.0,30.7,S
2021-07-14T09:37:51,300.0,30.7,S
2021-07-14T09:37:51,10000.0,30.8,B
2021-07-14T09:37:49,200.0,30.7,S
2021-07-14T09:37:49,6200.0,30.7,S
2021-07-14T09:37:49,100.0,30.7,S
2021-07-14T09:37:47,500.0,30.7,S
2021-07-14T09:37:41,20200.0,30.7,B
2021-07-14T09:37:41,700.0,30.7,B
2021-07-14T09:37:41,400.0,30.7,B
2021-07-14T09:37:24,100.0,30.7,B
2021-07-14T09:37:22,3500.0,30.7,B
2021-07-14T09:37:20,100.0,30.7,B
2021-07-14T09:37:17,1500.0,30.7,S
2021-07-14T09:37:16,100.0,30.7,S
2021-07-14T09:37:15,500.0,30.8,B
2021-07-14T09:37:13,4000.0,30.7,S
2021-07-14T09:37:10,6400.0,30.7,B
2021-07-14T09:37:10,500.0,30.6,B
2021-07-14T09:37:10,7500.0,30.6,B
2021-07-14T09:37:08,1500.0,30.5,S
2021-07-14T09:37:06,300.0,30.5,S
2021-07-14T09:37:01,100.0,30.5,S
2021-07-14T09:37:00,1000.0,30.5,S
2021-07-14T09:36:59,500.0,30.55,B
2021-07-14T09:36:49,6900.0,30.5,B
2021-07-14T09:36:48,5000.0,30.5,B
2021-07-14T09:36:46,2000.0,30.5,B
2021-07-14T09:36:41,100.0,30.45,S
2021-07-14T09:36:39,100.0,30.45,S
2021-07-14T09:36:32,200.0,30.45,S
2021-07-14T09:36:31,500.0,30.5,B
2021-07-14T09:36:26,400.0,30.5,B
2021-07-14T09:36:26,300.0,30.5,B
2021-07-14T09:36:26,300.0,30.5,B
2021-07-14T09:36:26,600.0,30.5,B
2021-07-14T09:36:26,500.0,30.5,B
2021-07-14T09:36:26,3500.0,30.5,B
2021-07-14T09:36:26,1500.0,30.5,B
2021-07-14T09:36:26,1000.0,30.5,B
2021-07-14T09:36:26,1900.0,30.5,B
2021-07-14T09:36:22,100.0,30.45,S
2021-07-14T09:36:22,1000.0,30.5,B
2021-07-14T09:36:14,100.0,30.5,B
2021-07-14T09:36:14,100.0,30.45,S
2021-07-14T09:36:09,300.0,30.45,B
2021-07-14T09:36:02,1500.0,30.45,B
2021-07-14T09:36:00,200.0,30.4,S
2021-07-14T09:35:50,100.0,30.4,S
2021-07-14T09:35:45,700.0,30.4,B
2021-07-14T09:35:40,3000.0,30.4,B
2021-07-14T09:35:35,500.0,30.4,B
2021-07-14T09:35:35,400.0,30.3,S
2021-07-14T09:35:31,300.0,30.3,B
2021-07-14T09:35:31,400.0,30.3,B
2021-07-14T09:35:31,1900.0,30.3,B
2021-07-14T09:35:31,2000.0,30.3,B
2021-07-14T09:35:31,1000.0,30.25,B
2021-07-14T09:35:30,200.0,30.25,B
2021-07-14T09:35:26,100.0,30.25,B
2021-07-14T09:35:23,300.0,30.2,S
2021-07-14T09:35:20,100.0,30.2,B
2021-07-14T09:35:12,2000.0,30.2,B
2021-07-14T09:35:11,500.0,30.2,B
2021-07-14T09:35:10,900.0,30.2,B
2021-07-14T09:35:10,4100.0,30.2,B
2021-07-14T09:35:05,500.0,30.1,S
2021-07-14T09:34:52,800.0,30.1,B
2021-07-14T09:34:39,1000.0,30.1,B
2021-07-14T09:34:37,2700.0,30.0,S
2021-07-14T09:34:31,1000.0,30.05,S
2021-07-14T09:34:16,1800.0,30.05,B
2021-07-14T09:34:16,100.0,30.05,B
2021-07-14T09:34:16,3000.0,30.05,B
2021-07-14T09:34:04,1000.0,30.0,S
2021-07-14T09:33:50,100.0,30.0,S
2021-07-14T09:33:44,600.0,30.0,B
2021-07-14T09:33:44,1100.0,29.95,S
2021-07-14T09:33:42,500.0,30.0,B
2021-07-14T09:33:32,400.0,30.0,B
2021-07-14T09:33:27,500.0,30.0,B
2021-07-14T09:33:27,700.0,30.0,B
2021-07-14T09:33:27,300.0,30.0,B
2021-07-14T09:33:27,500.0,30.0,B
2021-07-14T09:33:26,1000.0,30.0,B
2021-07-14T09:33:19,100.0,30.0,B
2021-07-14T09:33:17,7000.0,30.0,B
2021-07-14T09:33:13,9000.0,30.0,B
2021-07-14T09:33:10,1000.0,30.0,B
2021-07-14T09:33:07,1200.0,30.0,B
2021-07-14T09:33:07,1800.0,30.0,B
2021-07-14T09:33:05,1000.0,30.0,B
2021-07-14T09:32:58,100.0,30.0,B
2021-07-14T09:32:56,1100.0,29.95,S
2021-07-14T09:32:52,1000.0,30.0,B
2021-07-14T09:32:03,1100.0,29.95,S
2021-07-14T09:31:54,1000.0,30.0,B
2021-07-14T09:31:42,100.0,29.95,S
2021-07-14T09:31:06,600.0,29.95,S
2021-07-14T09:30:59,200.0,29.95,B
2021-07-14T09:30:58,500.0,29.95,B
2021-07-14T09:30:54,500.0,29.95,B
2021-07-14T09:30:11,100.0,29.9,S
2021-07-14T09:29:51,1000.0,29.9,S
2021-07-14T09:29:47,1200.0,29.95,B
2021-07-14T09:29:29,5000.0,29.9,B
2021-07-14T09:29:29,900.0,29.9,B
2021-07-14T09:29:26,800.0,29.85,B
2021-07-14T09:29:15,1000.0,29.85,B
2021-07-14T09:29:14,100.0,29.85,B
2021-07-14T09:29:12,500.0,29.85,B
2021-07-14T09:29:01,100.0,29.85,B
2021-07-14T09:28:50,2000.0,29.8,S
2021-07-14T09:28:37,9500.0,29.8,B
2021-07-14T09:28:37,9100.0,29.8,B
2021-07-14T09:28:24,800.0,29.8,B
2021-07-14T09:28:20,1900.0,29.8,B
2021-07-14T09:28:20,3100.0,29.8,B
2021-07-14T09:28:15,100.0,29.8,B
2021-07-14T09:27:59,1000.0,29.8,B
2021-07-14T09:27:36,200.0,29.8,B
2021-07-14T09:27:33,1600.0,29.8,B
2021-07-14T09:27:27,1500.0,29.8,B
2021-07-14T09:26:57,100.0,29.8,B
2021-07-14T09:26:54,200.0,29.8,B
2021-07-14T09:26:30,100.0,29.8,B
2021-07-14T09:26:26,1000.0,29.75,S
2021-07-14T09:26:23,500.0,29.8,B
2021-07-14T09:26:18,500.0,29.8,B
2021-07-14T09:26:09,2300.0,29.8,B
2021-07-14T09:26:09,100.0,29.75,B
2021-07-14T09:26:09,2600.0,29.75,B
2021-07-14T09:26:06,2000.0,29.75,B
2021-07-14T09:26:03,2000.0,29.75,B
2021-07-14T09:25:54,2000.0,29.75,B
2021-07-14T09:25:50,1000.0,29.75,B
2021-07-14T09:25:39,2500.0,29.75,B
2021-07-14T09:25:28,3000.0,29.75,B
2021-07-14T09:25:26,100.0,29.7,S
2021-07-14T09:25:22,100.0,29.7,S
2021-07-14T09:25:05,500.0,29.75,B
2021-07-14T09:25:02,1000.0,29.75,B
2021-07-14T09:24:47,200.0,29.75,B
2021-07-14T09:24:44,1000.0,29.75,B
2021-07-14T09:24:40,1000.0,29.75,B
2021-07-14T09:24:39,1200.0,29.75,B
2021-07-14T09:24:38,100.0,29.7,S
2021-07-14T09:24:35,5000.0,29.7,S
2021-07-14T09:24:28,900.0,29.75,B
2021-07-14T09:24:23,900.0,29.75,B
2021-07-14T09:24:13,12800.0,29.75,S
2021-07-14T09:24:12,1000.0,29.75,S
2021-07-14T09:24:05,1000.0,29.8,B
2021-07-14T09:23:50,13600.0,29.75,B
2021-07-14T09:23:21,1400.0,29.7,S
2021-07-14T09:23:12,2000.0,29.7,S
2021-07-14T09:23:11,5000.0,29.7,S
2021-07-14T09:23:11,100.0,29.7,S
2021-07-14T09:22:56,6000.0,29.7,S
2021-07-14T09:22:52,1400.0,29.75,S
2021-07-14T09:22:52,4400.0,29.75,S
2021-07-14T09:22:52,600.0,29.75,S
2021-07-14T09:22:49,2000.0,29.75,S
2021-07-14T09:22:48,1800.0,29.8,S
2021-07-14T09:22:47,500.0,29.8,S
2021-07-14T09:22:35,100.0,29.8,S
2021-07-14T09:22:30,500.0,29.85,B
2021-07-14T09:22:27,200.0,29.8,S
2021-07-14T09:22:21,1000.0,29.8,S
2021-07-14T09:22:11,6100.0,29.8,B
2021-07-14T09:22:06,3000.0,29.75,S
2021-07-14T09:21:58,100.0,29.75,S
2021-07-14T09:21:33,8000.0,29.75,S
2021-07-14T09:21:17,200.0,29.8,S
2021-07-14T09:21:04,500.0,29.8,S
2021-07-14T09:21:02,300.0,29.8,S
2021-07-14T09:21:02,200.0,29.8,S
2021-07-14T09:20:58,800.0,29.8,B
2021-07-14T09:20:55,1200.0,29.8,S
2021-07-14T09:20:53,200.0,29.8,S
2021-07-14T09:20:49,500.0,29.8,S
2021-07-14T09:20:41,1000.0,29.8,S
2021-07-14T09:20:33,800.0,29.85,S
2021-07-14T09:20:33,2500.0,29.85,S
2021-07-14T09:20:30,500.0,29.85,S
2021-07-14T09:20:19,900.0,29.9,S
2021-07-14T09:20:09,100.0,29.9,S
2021-07-14T09:20:05,1000.0,29.9,S
2021-07-14T09:19:57,2000.0,29.85,S
2021-07-14T09:19:52,1000.0,29.9,S
2021-07-14T09:19:48,500.0,29.9,S
2021-07-14T09:18:59,700.0,29.95,B
2021-07-14T09:18:58,3000.0,29.95,S
2021-07-14T09:18:56,1300.0,29.95,B
2021-07-14T09:18:44,1000.0,29.95,B
2021-07-14T09:18:43,200.0,29.9,S
2021-07-14T09:18:41,2500.0,29.95,B
2021-07-14T09:18:32,300.0,29.95,B
2021-07-14T09:18:23,1000.0,29.95,B
2021-07-14T09:18:11,400.0,29.95,B
2021-07-14T09:17:54,3800.0,30.0,S
2021-07-14T09:17:54,1000.0,30.0,S
2021-07-14T09:17:45,100.0,30.0,S
2021-07-14T09:17:37,1000.0,30.0,S
2021-07-14T09:17:30,200.0,30.0,S
2021-07-14T09:17:24,1000.0,30.0,S
2021-07-14T09:17:04,2000.0,30.0,S
2021-07-14T09:17:04,300.0,30.05,S
2021-07-14T09:16:40,100.0,30.05,B
2021-07-14T09:16:31,7800.0,30.0,B
2021-07-14T09:16:30,2600.0,29.8,S
2021-07-14T09:16:25,2900.0,30.0,B
2021-07-14T09:16:06,300.0,29.8,S
