tradingTime,volume,price,side
2021-07-14T14:29:19,600.0,19.9,S
2021-07-14T14:28:02,500.0,19.9,S
2021-07-14T14:27:48,1100.0,20.0,B
2021-07-14T14:27:48,400.0,20.0,B
2021-07-14T14:26:13,1500.0,19.9,S
2021-07-14T14:23:13,400.0,19.9,S
2021-07-14T14:21:16,100.0,20.0,B
2021-07-14T14:20:20,2800.0,20.0,B
2021-07-14T14:20:19,800.0,19.95,S
2021-07-14T14:18:23,500.0,19.95,S
2021-07-14T14:16:36,500.0,19.95,S
2021-07-14T14:14:11,300.0,19.95,S
2021-07-14T14:13:33,400.0,19.95,S
2021-07-14T14:13:30,300.0,20.0,B
2021-07-14T14:13:30,2500.0,20.0,B
2021-07-14T14:13:30,1200.0,20.0,B
2021-07-14T14:13:26,500.0,20.0,B
2021-07-14T14:13:24,2000.0,19.95,S
2021-07-14T14:13:11,2600.0,19.95,B
2021-07-14T14:12:21,2500.0,19.95,B
2021-07-14T14:12:16,500.0,19.95,B
2021-07-14T14:11:57,1600.0,19.95,B
2021-07-14T14:11:23,10000.0,19.95,B
2021-07-14T14:08:58,3400.0,19.8,B
2021-07-14T14:08:41,300.0,19.75,S
2021-07-14T14:08:41,200.0,19.75,S
2021-07-14T14:07:51,300.0,19.75,S
2021-07-14T14:06:22,900.0,19.7,S
2021-07-14T14:05:53,300.0,19.7,S
2021-07-14T14:03:52,500.0,19.7,S
2021-07-14T14:01:07,100.0,19.75,B
2021-07-14T13:59:02,500.0,19.75,S
2021-07-14T13:57:27,1000.0,19.75,S
2021-07-14T13:57:05,1000.0,19.7,S
2021-07-14T13:54:11,500.0,19.7,S
2021-07-14T13:51:05,200.0,19.7,S
2021-07-14T13:50:59,100.0,19.8,B
2021-07-14T13:49:55,500.0,19.7,S
2021-07-14T13:49:22,500.0,19.7,S
2021-07-14T13:46:56,200.0,19.8,B
2021-07-14T13:45:09,400.0,19.7,S
2021-07-14T13:44:31,500.0,19.7,S
2021-07-14T13:44:07,200.0,19.75,S
2021-07-14T13:44:07,200.0,19.75,S
2021-07-14T13:42:39,1000.0,19.75,S
2021-07-14T13:41:58,500.0,19.75,S
2021-07-14T13:41:22,1000.0,19.75,S
2021-07-14T13:40:41,100.0,19.75,S
2021-07-14T13:39:51,900.0,19.75,S
2021-07-14T13:39:45,400.0,19.75,S
2021-07-14T13:38:47,1100.0,19.75,S
2021-07-14T13:36:08,4600.0,19.75,S
2021-07-14T13:34:28,200.0,19.8,B
2021-07-14T13:34:03,500.0,19.75,B
2021-07-14T13:32:26,500.0,19.75,B
2021-07-14T13:31:20,100.0,19.75,B
2021-07-14T13:30:58,300.0,19.7,S
2021-07-14T13:30:56,400.0,19.7,S
2021-07-14T13:30:14,200.0,19.7,S
2021-07-14T13:29:21,500.0,19.75,B
2021-07-14T13:26:24,700.0,19.75,S
2021-07-14T13:26:16,6100.0,19.7,S
2021-07-14T13:26:11,2000.0,19.6,S
2021-07-14T13:24:26,100.0,19.6,S
2021-07-14T13:24:22,100.0,19.6,B
2021-07-14T13:24:06,100.0,19.6,B
2021-07-14T13:23:05,500.0,19.6,B
2021-07-14T13:17:46,100.0,19.6,S
2021-07-14T13:15:43,100.0,19.6,B
2021-07-14T13:15:38,800.0,19.6,S
2021-07-14T13:15:16,1000.0,19.6,S
2021-07-14T13:13:23,400.0,19.6,S
2021-07-14T13:12:20,900.0,19.6,S
2021-07-14T13:12:17,800.0,19.65,B
2021-07-14T13:10:56,100.0,19.65,B
2021-07-14T13:10:21,700.0,19.6,B
2021-07-14T13:10:05,300.0,19.5,B
2021-07-14T13:09:29,200.0,19.6,S
2021-07-14T13:09:12,1000.0,19.5,B
2021-07-14T13:08:59,400.0,19.4,S
2021-07-14T13:08:40,4200.0,19.4,S
2021-07-14T13:07:52,300.0,19.4,S
2021-07-14T13:07:30,600.0,19.4,S
2021-07-14T13:06:54,1700.0,19.3,S
2021-07-14T13:06:38,400.0,19.3,S
2021-07-14T13:06:36,1000.0,19.3,S
2021-07-14T13:06:24,7000.0,19.3,S
2021-07-14T13:06:05,900.0,19.3,S
2021-07-14T13:05:58,1400.0,19.3,S
2021-07-14T13:05:36,1500.0,19.4,S
2021-07-14T13:05:36,500.0,19.45,S
2021-07-14T13:05:36,100.0,19.5,S
2021-07-14T13:05:36,200.0,19.5,S
2021-07-14T13:05:36,300.0,19.5,S
2021-07-14T13:05:36,1100.0,19.5,S
2021-07-14T13:05:36,4300.0,19.5,S
2021-07-14T13:05:35,1000.0,19.5,S
2021-07-14T13:05:30,700.0,19.55,S
2021-07-14T13:05:25,1600.0,19.6,S
2021-07-14T13:05:20,200.0,19.65,B
2021-07-14T13:05:17,2000.0,19.6,S
2021-07-14T13:04:42,200.0,19.6,S
2021-07-14T13:04:36,400.0,19.6,S
2021-07-14T13:04:34,1000.0,19.6,S
2021-07-14T13:04:16,600.0,19.6,S
2021-07-14T13:04:16,1200.0,19.6,S
2021-07-14T13:04:16,6200.0,19.6,S
2021-07-14T13:03:51,400.0,19.6,S
2021-07-14T13:03:40,500.0,19.6,S
2021-07-14T13:03:38,100.0,19.65,B
2021-07-14T13:03:33,100.0,19.6,S
2021-07-14T13:03:11,300.0,19.65,S
2021-07-14T13:03:03,100.0,19.7,S
2021-07-14T13:02:45,800.0,19.7,S
2021-07-14T13:02:45,300.0,19.7,S
2021-07-14T13:02:45,1400.0,19.7,S
2021-07-14T13:02:27,1100.0,19.7,S
2021-07-14T13:02:27,3900.0,19.7,S
2021-07-14T13:02:10,500.0,19.7,S
2021-07-14T13:01:58,700.0,19.7,S
2021-07-14T13:01:55,200.0,19.75,S
2021-07-14T13:01:55,1100.0,19.75,S
2021-07-14T13:00:53,2500.0,19.75,S
2021-07-14T13:00:40,200.0,19.75,S
2021-07-14T13:00:16,100.0,19.8,B
2021-07-14T13:00:16,500.0,19.8,B
2021-07-14T13:00:16,100.0,19.8,B
2021-07-14T13:00:16,200.0,19.8,B
2021-07-14T13:00:13,600.0,19.8,S
2021-07-14T13:00:13,1800.0,19.8,S
2021-07-14T13:00:13,800.0,19.8,S
2021-07-14T13:00:13,300.0,19.8,S
2021-07-14T13:00:13,1900.0,19.8,S
2021-07-14T13:00:08,100.0,19.85,S
2021-07-14T13:00:08,200.0,19.85,S
2021-07-14T11:29:27,100.0,19.85,S
2021-07-14T11:28:35,200.0,19.9,S
2021-07-14T11:28:23,100.0,19.85,S
2021-07-14T11:26:46,500.0,19.95,B
2021-07-14T11:25:50,300.0,19.85,S
2021-07-14T11:25:47,100.0,19.85,S
2021-07-14T11:24:52,1100.0,19.9,S
2021-07-14T11:24:42,200.0,19.9,S
2021-07-14T11:24:33,400.0,19.9,S
2021-07-14T11:21:55,300.0,19.95,B
2021-07-14T11:21:00,100.0,19.95,S
2021-07-14T11:20:25,100.0,19.95,B
2021-07-14T11:19:20,400.0,19.9,B
2021-07-14T11:18:39,100.0,19.9,B
2021-07-14T11:17:39,200.0,19.9,B
2021-07-14T11:15:46,200.0,19.9,B
2021-07-14T11:15:39,300.0,19.9,B
2021-07-14T11:15:17,100.0,19.9,B
2021-07-14T11:13:07,1000.0,19.8,S
2021-07-14T11:12:39,300.0,19.8,S
2021-07-14T11:11:13,100.0,19.8,S
2021-07-14T11:09:52,600.0,19.8,S
2021-07-14T11:09:52,1400.0,19.8,S
2021-07-14T11:09:51,100.0,19.9,S
2021-07-14T11:08:15,400.0,19.85,S
2021-07-14T11:05:08,300.0,19.85,S
2021-07-14T11:04:50,2000.0,19.85,S
2021-07-14T11:04:50,3000.0,19.9,S
2021-07-14T11:04:23,1000.0,19.95,S
2021-07-14T11:03:53,300.0,19.95,S
2021-07-14T11:03:03,100.0,19.95,S
2021-07-14T10:57:07,200.0,20.0,B
2021-07-14T10:56:10,300.0,19.9,S
2021-07-14T10:55:49,200.0,19.9,S
2021-07-14T10:55:04,300.0,19.9,S
2021-07-14T10:54:53,100.0,19.9,S
2021-07-14T10:54:23,100.0,20.0,S
2021-07-14T10:53:54,2700.0,20.0,S
2021-07-14T10:53:14,1000.0,20.0,B
2021-07-14T10:53:03,100.0,20.0,B
2021-07-14T10:52:59,100.0,19.95,S
2021-07-14T10:52:36,200.0,20.0,S
2021-07-14T10:52:36,7800.0,20.0,S
2021-07-14T10:52:16,800.0,20.0,S
2021-07-14T10:51:55,100.0,20.0,S
2021-07-14T10:51:49,100.0,20.0,S
2021-07-14T10:51:29,700.0,20.05,S
2021-07-14T10:50:46,100.0,20.05,S
2021-07-14T10:49:48,100.0,20.1,S
2021-07-14T10:46:20,1000.0,20.1,S
2021-07-14T10:46:09,500.0,20.2,S
2021-07-14T10:41:54,300.0,20.2,S
2021-07-14T10:41:01,1000.0,20.2,S
2021-07-14T10:39:38,1000.0,20.2,S
2021-07-14T10:37:29,200.0,20.25,S
2021-07-14T10:37:17,200.0,20.25,S
2021-07-14T10:35:56,100.0,20.25,B
2021-07-14T10:35:10,100.0,20.2,S
2021-07-14T10:33:52,100.0,20.2,B
2021-07-14T10:33:51,1000.0,20.1,S
2021-07-14T10:33:07,400.0,20.1,S
2021-07-14T10:32:37,1400.0,20.1,S
2021-07-14T10:31:50,1800.0,20.0,S
2021-07-14T10:31:50,900.0,20.0,S
2021-07-14T10:31:50,2900.0,20.0,S
2021-07-14T10:31:50,2500.0,20.0,S
2021-07-14T10:31:50,600.0,20.0,S
2021-07-14T10:31:50,1300.0,20.0,S
2021-07-14T10:31:37,100.0,20.0,S
2021-07-14T10:31:21,200.0,20.05,S
2021-07-14T10:31:21,300.0,20.05,S
2021-07-14T10:28:52,400.0,20.1,S
2021-07-14T10:28:51,1400.0,20.1,S
2021-07-14T10:28:42,400.0,20.15,S
2021-07-14T10:25:53,100.0,20.15,S
2021-07-14T10:24:20,100.0,20.15,S
2021-07-14T10:24:20,200.0,20.15,S
2021-07-14T10:21:28,200.0,20.15,S
2021-07-14T10:20:31,200.0,20.2,S
2021-07-14T10:19:38,300.0,20.35,B
2021-07-14T10:19:23,100.0,20.25,S
2021-07-14T10:17:52,1300.0,20.35,B
2021-07-14T10:17:49,100.0,20.3,S
2021-07-14T10:17:33,500.0,20.35,B
2021-07-14T10:17:27,1000.0,20.3,B
2021-07-14T10:15:46,1000.0,20.2,S
2021-07-14T10:15:38,200.0,20.2,S
2021-07-14T10:15:33,300.0,20.2,S
2021-07-14T10:15:31,200.0,20.25,S
2021-07-14T10:14:48,200.0,20.2,S
2021-07-14T10:13:37,200.0,20.2,B
2021-07-14T10:11:42,500.0,20.15,S
2021-07-14T10:11:34,500.0,20.15,S
2021-07-14T10:11:32,300.0,20.2,S
2021-07-14T10:11:26,400.0,20.2,B
2021-07-14T10:11:13,100.0,20.15,S
2021-07-14T10:11:10,200.0,20.15,S
2021-07-14T10:11:10,300.0,20.15,S
2021-07-14T10:10:56,500.0,20.2,B
2021-07-14T10:10:38,500.0,20.2,S
2021-07-14T10:10:38,200.0,20.2,S
2021-07-14T10:08:53,300.0,20.2,S
2021-07-14T10:07:06,100.0,20.2,S
2021-07-14T10:06:46,300.0,20.3,S
2021-07-14T10:06:45,5000.0,20.3,S
2021-07-14T10:06:17,100.0,20.3,S
2021-07-14T10:06:14,100.0,20.3,S
2021-07-14T10:05:28,3000.0,20.4,B
2021-07-14T10:04:14,100.0,20.3,S
2021-07-14T10:02:23,300.0,20.2,S
2021-07-14T10:02:01,100.0,20.2,S
2021-07-14T10:01:43,200.0,20.4,S
2021-07-14T10:01:38,700.0,20.4,S
2021-07-14T10:01:34,200.0,20.4,S
2021-07-14T10:01:23,100.0,20.4,S
2021-07-14T10:01:18,3800.0,20.4,B
2021-07-14T10:01:01,100.0,20.3,S
2021-07-14T10:00:36,100.0,20.3,S
2021-07-14T09:59:47,2000.0,20.3,S
2021-07-14T09:57:24,300.0,20.5,B
2021-07-14T09:56:29,500.0,20.5,B
2021-07-14T09:56:27,100.0,20.4,S
2021-07-14T09:56:06,100.0,20.5,B
2021-07-14T09:55:47,500.0,20.4,S
2021-07-14T09:55:32,100.0,20.4,S
2021-07-14T09:54:13,4600.0,20.5,B
2021-07-14T09:53:00,500.0,20.5,B
2021-07-14T09:52:30,100.0,20.5,B
2021-07-14T09:52:05,200.0,20.4,S
2021-07-14T09:51:18,500.0,20.5,B
2021-07-14T09:50:23,300.0,20.5,B
2021-07-14T09:50:23,1000.0,20.5,B
2021-07-14T09:50:06,200.0,20.4,B
2021-07-14T09:50:00,100.0,20.4,B
2021-07-14T09:49:12,200.0,20.4,B
2021-07-14T09:48:43,900.0,20.4,B
2021-07-14T09:48:37,5000.0,20.3,S
2021-07-14T09:46:53,300.0,20.3,S
2021-07-14T09:44:48,300.0,20.2,S
2021-07-14T09:43:44,100.0,20.2,S
2021-07-14T09:43:37,700.0,20.5,B
2021-07-14T09:43:01,100.0,20.5,S
2021-07-14T09:42:59,100.0,20.5,S
2021-07-14T09:42:57,2800.0,20.4,B
2021-07-14T09:42:29,300.0,20.3,S
2021-07-14T09:42:14,200.0,20.4,S
2021-07-14T09:41:37,500.0,20.4,S
2021-07-14T09:41:30,100.0,20.7,S
2021-07-14T09:41:30,1900.0,20.7,S
2021-07-14T09:41:29,100.0,20.7,S
2021-07-14T09:41:16,500.0,20.7,S
2021-07-14T09:41:06,100.0,20.7,S
2021-07-14T09:41:04,3000.0,20.7,S
2021-07-14T09:40:47,200.0,20.7,S
2021-07-14T09:40:46,200.0,20.7,S
2021-07-14T09:40:44,1000.0,20.7,S
2021-07-14T09:40:43,1000.0,20.7,S
2021-07-14T09:40:43,1000.0,20.7,S
2021-07-14T09:40:36,1000.0,20.7,S
2021-07-14T09:40:32,2000.0,20.7,S
2021-07-14T09:40:32,200.0,20.7,S
2021-07-14T09:40:23,100.0,20.75,B
2021-07-14T09:40:13,100.0,20.75,B
2021-07-14T09:39:52,100.0,20.75,B
2021-07-14T09:39:37,100.0,20.7,S
2021-07-14T09:39:34,100.0,20.75,B
2021-07-14T09:39:13,1000.0,20.7,S
2021-07-14T09:38:40,1200.0,20.7,B
2021-07-14T09:38:34,800.0,20.5,B
2021-07-14T09:38:26,200.0,20.5,S
2021-07-14T09:38:19,2000.0,20.5,S
2021-07-14T09:38:10,1000.0,20.5,S
2021-07-14T09:38:02,800.0,20.8,S
2021-07-14T09:37:59,100.0,20.8,S
2021-07-14T09:37:39,500.0,20.5,S
2021-07-14T09:36:48,4000.0,21.0,B
2021-07-14T09:36:38,100.0,20.5,S
2021-07-14T09:36:30,800.0,20.5,S
2021-07-14T09:36:18,1700.0,20.5,B
2021-07-14T09:35:53,1000.0,20.5,B
2021-07-14T09:35:40,700.0,20.3,B
2021-07-14T09:35:33,300.0,20.3,B
2021-07-14T09:35:17,100.0,20.15,B
2021-07-14T09:35:11,300.0,20.15,B
2021-07-14T09:34:59,500.0,20.1,B
2021-07-14T09:34:43,200.0,20.1,B
2021-07-14T09:34:43,300.0,20.1,B
2021-07-14T09:34:31,1700.0,20.05,B
2021-07-14T09:34:19,300.0,20.05,B
2021-07-14T09:34:02,200.0,20.0,B
2021-07-14T09:33:59,2000.0,20.0,B
2021-07-14T09:33:27,3000.0,20.0,B
2021-07-14T09:33:24,500.0,20.0,B
2021-07-14T09:33:15,500.0,20.0,B
2021-07-14T09:33:14,1700.0,20.0,B
2021-07-14T09:33:14,300.0,20.0,B
2021-07-14T09:32:58,500.0,20.0,B
2021-07-14T09:32:58,200.0,20.0,B
2021-07-14T09:32:55,500.0,20.0,B
2021-07-14T09:32:48,500.0,20.0,B
2021-07-14T09:32:05,3000.0,20.0,B
2021-07-14T09:31:37,300.0,19.95,S
2021-07-14T09:30:44,700.0,19.95,B
2021-07-14T09:30:03,1000.0,19.95,B
2021-07-14T09:29:42,100.0,19.95,B
2021-07-14T09:26:57,100.0,19.95,B
2021-07-14T09:26:49,500.0,19.8,B
2021-07-14T09:26:49,3200.0,19.8,B
2021-07-14T09:26:43,300.0,19.8,B
2021-07-14T09:26:43,200.0,19.8,B
2021-07-14T09:26:28,100.0,19.8,B
2021-07-14T09:26:24,300.0,19.75,S
2021-07-14T09:26:22,1000.0,19.8,B
2021-07-14T09:26:11,1300.0,19.8,B
2021-07-14T09:26:03,900.0,19.75,S
2021-07-14T09:24:57,2500.0,19.8,B
2021-07-14T09:24:51,100.0,19.8,B
2021-07-14T09:24:23,200.0,19.8,B
2021-07-14T09:24:05,100.0,19.8,B
2021-07-14T09:23:42,200.0,19.75,S
2021-07-14T09:23:28,1000.0,19.7,S
2021-07-14T09:23:10,100.0,19.75,B
2021-07-14T09:22:55,200.0,19.7,S
2021-07-14T09:22:50,400.0,19.7,S
2021-07-14T09:21:52,1000.0,19.7,S
2021-07-14T09:21:50,700.0,19.7,S
2021-07-14T09:21:14,17000.0,19.7,S
2021-07-14T09:20:40,100.0,19.8,B
2021-07-14T09:20:05,100.0,19.7,S
2021-07-14T09:19:42,100.0,19.7,S
2021-07-14T09:19:36,1000.0,19.7,S
2021-07-14T09:19:27,100.0,19.75,S
2021-07-14T09:19:10,29500.0,19.7,S
2021-07-14T09:19:10,300.0,19.7,S
2021-07-14T09:19:10,200.0,19.7,S
2021-07-14T09:18:51,100.0,19.8,B
2021-07-14T09:18:44,1000.0,19.8,S
2021-07-14T09:18:29,500.0,19.8,S
2021-07-14T09:18:22,1000.0,19.8,S
2021-07-14T09:17:57,1100.0,19.8,B
2021-07-14T09:17:56,200.0,19.8,B
2021-07-14T09:17:14,200.0,19.8,B
2021-07-14T09:16:45,1500.0,19.7,S
2021-07-14T09:16:43,100.0,19.8,S
2021-07-14T09:16:13,300.0,19.8,S
2021-07-14T09:16:06,100.0,19.8,S
2021-07-14T09:15:46,100.0,19.8,B
2021-07-14T09:15:37,200.0,19.8,B
