tradingTime,volume,price,side
2021-07-14T14:28:01,800.0,17.25,S
2021-07-14T14:24:07,1800.0,17.3,B
2021-07-14T14:23:58,200.0,17.3,B
2021-07-14T14:23:55,3500.0,17.3,B
2021-07-14T14:23:13,700.0,17.25,S
2021-07-14T14:18:23,700.0,17.25,S
2021-07-14T14:14:23,200.0,17.3,B
2021-07-14T14:14:14,300.0,17.25,S
2021-07-14T14:14:13,700.0,17.25,S
2021-07-14T14:13:33,700.0,17.25,S
2021-07-14T14:08:41,700.0,17.25,S
2021-07-14T14:03:53,700.0,17.25,S
2021-07-14T13:59:03,700.0,17.25,S
2021-07-14T13:54:11,800.0,17.25,S
2021-07-14T13:52:23,1000.0,17.3,B
2021-07-14T13:49:23,800.0,17.25,S
2021-07-14T13:45:07,500.0,17.25,S
2021-07-14T13:44:31,400.0,17.25,S
2021-07-14T13:44:31,300.0,17.25,S
2021-07-14T13:44:07,700.0,17.25,S
2021-07-14T13:39:43,700.0,17.25,S
2021-07-14T13:35:19,700.0,17.25,S
2021-07-14T13:30:57,600.0,17.25,S
2021-07-14T13:26:38,700.0,17.2,S
2021-07-14T13:22:10,700.0,17.2,S
2021-07-14T13:17:46,700.0,17.2,S
2021-07-14T13:16:01,2400.0,17.2,B
2021-07-14T13:15:47,500.0,17.2,B
2021-07-14T13:15:39,3200.0,17.2,S
2021-07-14T13:14:40,8300.0,17.2,B
2021-07-14T13:13:58,5400.0,17.2,S
2021-07-14T13:13:23,600.0,17.2,S
2021-07-14T13:11:17,3200.0,17.2,B
2021-07-14T13:11:09,300.0,17.2,S
2021-07-14T13:10:48,6500.0,17.2,S
2021-07-14T13:10:27,2200.0,17.2,S
2021-07-14T13:10:22,1300.0,17.2,B
2021-07-14T13:10:16,5000.0,17.2,S
2021-07-14T13:09:57,2200.0,17.2,B
2021-07-14T13:09:35,1300.0,17.2,B
2021-07-14T13:09:25,1700.0,17.2,B
2021-07-14T13:09:23,1800.0,17.2,B
2021-07-14T13:09:22,700.0,17.2,B
2021-07-14T13:08:59,700.0,17.1,S
2021-07-14T13:08:53,700.0,17.1,S
2021-07-14T13:08:10,500.0,17.1,B
2021-07-14T13:08:10,5700.0,17.1,S
2021-07-14T13:04:43,6500.0,17.2,B
2021-07-14T13:02:13,5400.0,17.2,S
2021-07-14T13:01:52,1000.0,17.2,S
2021-07-14T13:01:44,800.0,17.2,S
2021-07-14T13:01:35,300.0,17.2,S
2021-07-14T11:29:25,1000.0,17.3,B
2021-07-14T11:24:51,100.0,17.3,B
2021-07-14T11:24:31,100.0,17.3,B
2021-07-14T11:09:06,600.0,17.3,S
2021-07-14T11:08:56,200.0,17.3,S
2021-07-14T11:08:44,100.0,17.3,S
2021-07-14T11:08:15,500.0,17.3,S
2021-07-14T11:03:51,500.0,17.3,S
2021-07-14T11:01:33,300.0,17.3,S
2021-07-14T11:01:23,200.0,17.3,S
2021-07-14T11:01:16,200.0,17.3,S
2021-07-14T10:59:14,4500.0,17.35,S
2021-07-14T10:58:59,1900.0,17.35,S
2021-07-14T10:58:52,2400.0,17.35,S
2021-07-14T10:58:05,200.0,17.35,B
2021-07-14T10:58:05,1000.0,17.35,B
2021-07-14T10:55:03,600.0,17.3,S
2021-07-14T10:50:41,500.0,17.3,S
2021-07-14T10:47:00,200.0,17.3,S
2021-07-14T10:47:00,400.0,17.3,S
2021-07-14T10:46:53,100.0,17.3,S
2021-07-14T10:46:45,500.0,17.3,S
2021-07-14T10:46:38,500.0,17.3,S
2021-07-14T10:46:29,500.0,17.3,S
2021-07-14T10:45:03,400.0,17.35,B
2021-07-14T10:38:26,700.0,17.35,B
2021-07-14T10:37:50,700.0,17.35,B
2021-07-14T10:36:52,600.0,17.35,B
2021-07-14T10:34:04,100.0,17.35,B
2021-07-14T10:31:55,2000.0,17.35,B
2021-07-14T10:29:58,2400.0,17.35,B
2021-07-14T10:23:49,100.0,17.4,B
2021-07-14T10:23:00,1900.0,17.4,S
2021-07-14T10:22:02,300.0,17.4,S
2021-07-14T10:21:13,200.0,17.4,B
2021-07-14T10:20:17,500.0,17.4,S
2021-07-14T10:19:56,2800.0,17.5,B
2021-07-14T10:19:56,200.0,17.4,S
2021-07-14T10:19:56,300.0,17.4,S
2021-07-14T10:19:12,400.0,17.4,S
2021-07-14T10:18:53,200.0,17.4,B
2021-07-14T10:18:29,2000.0,17.4,B
2021-07-14T10:18:18,1500.0,17.35,S
2021-07-14T10:15:33,300.0,17.4,S
2021-07-14T10:14:09,700.0,17.4,B
2021-07-14T10:13:40,5000.0,17.4,S
2021-07-14T10:13:40,10500.0,17.4,S
2021-07-14T10:13:40,3800.0,17.5,S
2021-07-14T10:11:08,400.0,17.55,S
2021-07-14T10:06:46,500.0,17.55,S
2021-07-14T10:04:49,12000.0,17.5,S
2021-07-14T10:04:37,1000.0,17.6,S
2021-07-14T10:04:07,2500.0,17.6,S
2021-07-14T10:03:11,1700.0,17.65,B
2021-07-14T10:01:39,1000.0,17.7,B
2021-07-14T09:58:25,800.0,17.65,B
2021-07-14T09:55:16,2500.0,17.65,B
2021-07-14T09:54:16,500.0,17.6,B
2021-07-14T09:54:16,100.0,17.6,B
2021-07-14T09:54:08,300.0,17.6,B
2021-07-14T09:54:08,700.0,17.6,B
2021-07-14T09:53:55,2000.0,17.6,B
2021-07-14T09:53:21,1800.0,17.6,B
2021-07-14T09:50:26,3000.0,17.5,S
2021-07-14T09:50:22,4600.0,17.55,S
2021-07-14T09:50:22,2000.0,17.55,S
2021-07-14T09:48:55,700.0,17.6,B
2021-07-14T09:46:49,3100.0,17.6,S
2021-07-14T09:46:17,1700.0,17.6,S
2021-07-14T09:46:17,2500.0,17.6,S
2021-07-14T09:46:06,700.0,17.65,S
2021-07-14T09:45:26,5000.0,17.65,S
2021-07-14T09:42:55,5900.0,17.7,S
2021-07-14T09:42:34,1500.0,17.75,B
2021-07-14T09:42:16,1000.0,17.7,B
2021-07-14T09:42:15,3000.0,17.7,B
2021-07-14T09:40:28,100.0,17.7,B
2021-07-14T09:40:00,1800.0,17.7,S
2021-07-14T09:39:58,5000.0,17.7,S
2021-07-14T09:39:45,3800.0,17.75,S
2021-07-14T09:38:47,4500.0,17.8,B
2021-07-14T09:38:38,300.0,17.8,B
2021-07-14T09:38:34,5100.0,17.8,B
2021-07-14T09:38:18,4900.0,17.8,S
2021-07-14T09:37:49,500.0,17.85,S
2021-07-14T09:37:25,1300.0,17.85,B
2021-07-14T09:37:25,1000.0,17.85,B
2021-07-14T09:37:13,5100.0,17.8,B
2021-07-14T09:37:09,1200.0,17.8,B
2021-07-14T09:36:11,1800.0,17.8,B
2021-07-14T09:35:39,3500.0,17.8,B
2021-07-14T09:34:52,2000.0,17.8,S
2021-07-14T09:34:48,3500.0,17.8,S
2021-07-14T09:34:21,2500.0,17.8,S
2021-07-14T09:33:52,1500.0,17.85,S
2021-07-14T09:33:27,3200.0,17.9,S
2021-07-14T09:33:08,1900.0,17.95,S
2021-07-14T09:26:51,800.0,18.0,S
2021-07-14T09:26:36,300.0,18.05,S
2021-07-14T09:26:31,500.0,18.05,B
2021-07-14T09:26:31,5200.0,18.05,B
2021-07-14T09:26:11,1200.0,18.0,B
2021-07-14T09:25:53,3500.0,18.0,B
2021-07-14T09:25:46,8100.0,17.95,B
2021-07-14T09:24:41,3000.0,17.95,S
2021-07-14T09:24:41,1400.0,17.95,S
2021-07-14T09:23:15,2200.0,18.0,S
2021-07-14T09:21:17,1100.0,18.05,S
2021-07-14T09:21:09,3000.0,18.05,S
2021-07-14T09:20:28,600.0,18.1,S
2021-07-14T09:20:25,3500.0,18.1,S
2021-07-14T09:20:22,1000.0,18.15,B
2021-07-14T09:20:06,5000.0,18.15,B
2021-07-14T09:19:13,800.0,18.15,S
2021-07-14T09:19:09,1000.0,18.15,S
2021-07-14T09:19:03,2300.0,18.2,S
2021-07-14T09:18:55,2700.0,18.2,B
2021-07-14T09:18:51,3500.0,18.2,B
2021-07-14T09:18:49,10000.0,18.2,B
2021-07-14T09:18:35,5000.0,18.2,B
2021-07-14T09:18:26,2000.0,18.15,B
2021-07-14T09:18:15,500.0,18.1,B
2021-07-14T09:18:10,2500.0,18.1,B
2021-07-14T09:18:05,3700.0,18.05,B
2021-07-14T09:17:59,100.0,18.05,S
2021-07-14T09:17:48,2400.0,18.05,B
2021-07-14T09:17:29,2800.0,18.0,B
2021-07-14T09:17:18,2400.0,18.0,B
2021-07-14T09:17:15,5000.0,18.0,B
2021-07-14T09:16:19,1400.0,17.95,B
2021-07-14T09:16:15,1400.0,17.95,B
2021-07-14T09:16:04,6800.0,17.9,B
2021-07-14T09:15:50,2300.0,17.85,B
2021-07-14T09:15:30,1500.0,17.85,B
2021-07-14T09:15:15,1000.0,17.8,B
