tradingTime,volume,price,side
2021-07-14T14:29:54,2000.0,25.7,B
2021-07-14T14:29:39,1000.0,25.6,S
2021-07-14T14:29:20,500.0,25.6,S
2021-07-14T14:29:06,300.0,25.7,B
2021-07-14T14:27:56,3000.0,25.6,S
2021-07-14T14:27:50,3000.0,25.7,B
2021-07-14T14:27:15,600.0,25.7,B
2021-07-14T14:27:12,400.0,25.7,B
2021-07-14T14:27:06,100.0,25.7,B
2021-07-14T14:26:41,500.0,25.7,B
2021-07-14T14:25:52,1800.0,25.7,S
2021-07-14T14:25:38,1200.0,25.7,B
2021-07-14T14:25:36,2000.0,25.7,B
2021-07-14T14:25:26,500.0,25.7,B
2021-07-14T14:25:13,1300.0,25.7,S
2021-07-14T14:24:51,8300.0,25.7,B
2021-07-14T14:24:25,100.0,25.7,B
2021-07-14T14:22:22,1000.0,25.7,B
2021-07-14T14:21:21,100.0,25.7,B
2021-07-14T14:20:15,2000.0,25.7,B
2021-07-14T14:19:47,300.0,25.7,B
2021-07-14T14:19:11,200.0,25.7,B
2021-07-14T14:18:53,100.0,25.7,B
2021-07-14T14:18:31,1000.0,25.7,S
2021-07-14T14:18:25,600.0,25.7,S
2021-07-14T14:17:44,100.0,25.7,S
2021-07-14T14:17:44,400.0,25.7,S
2021-07-14T14:17:18,1000.0,25.75,S
2021-07-14T14:17:14,600.0,25.9,S
2021-07-14T14:16:42,2000.0,25.7,S
2021-07-14T14:16:20,400.0,25.85,B
2021-07-14T14:15:57,2000.0,25.75,S
2021-07-14T14:15:56,5000.0,25.75,S
2021-07-14T14:15:28,3500.0,25.8,S
2021-07-14T14:15:28,300.0,25.8,S
2021-07-14T14:15:28,1200.0,25.8,S
2021-07-14T14:14:56,200.0,25.85,B
2021-07-14T14:14:39,200.0,25.85,B
2021-07-14T14:13:29,100.0,25.85,B
2021-07-14T14:12:34,1900.0,25.85,B
2021-07-14T14:12:07,100.0,25.85,B
2021-07-14T14:11:00,100.0,25.85,B
2021-07-14T14:10:28,100.0,25.85,B
2021-07-14T14:10:18,300.0,25.85,B
2021-07-14T14:09:53,100.0,25.85,B
2021-07-14T14:08:56,6500.0,25.85,S
2021-07-14T14:08:51,2000.0,25.95,B
2021-07-14T14:08:08,2600.0,25.9,B
2021-07-14T14:07:18,17600.0,25.9,S
2021-07-14T14:05:57,500.0,25.9,S
2021-07-14T14:05:25,200.0,25.9,S
2021-07-14T14:05:21,100.0,25.95,B
2021-07-14T14:04:49,700.0,25.95,B
2021-07-14T14:04:42,400.0,25.9,S
2021-07-14T14:04:35,200.0,25.95,B
2021-07-14T14:04:30,500.0,25.95,B
2021-07-14T14:04:28,2800.0,25.95,S
2021-07-14T14:04:05,2000.0,25.95,S
2021-07-14T14:03:51,200.0,25.95,B
2021-07-14T14:03:07,100.0,25.95,B
2021-07-14T14:02:42,200.0,25.95,B
2021-07-14T14:02:42,1100.0,25.95,B
2021-07-14T14:01:49,200.0,25.95,B
2021-07-14T14:01:17,200.0,25.95,B
2021-07-14T14:00:27,200.0,25.95,S
2021-07-14T14:00:01,1100.0,26.0,B
2021-07-14T13:59:37,2000.0,25.95,S
2021-07-14T13:59:24,400.0,25.95,S
2021-07-14T13:59:08,100.0,25.95,S
2021-07-14T13:58:43,300.0,25.95,S
2021-07-14T13:57:43,500.0,25.95,S
2021-07-14T13:57:41,1500.0,25.95,S
2021-07-14T13:55:25,2700.0,25.95,S
2021-07-14T13:55:16,500.0,26.0,B
2021-07-14T13:55:06,300.0,26.0,B
2021-07-14T13:54:50,100.0,26.0,B
2021-07-14T13:54:46,1500.0,26.0,B
2021-07-14T13:54:46,1500.0,26.0,B
2021-07-14T13:54:30,100.0,26.0,B
2021-07-14T13:54:30,1000.0,26.0,B
2021-07-14T13:54:25,100.0,26.0,B
2021-07-14T13:54:00,300.0,26.0,B
2021-07-14T13:53:12,400.0,25.95,S
2021-07-14T13:50:06,500.0,25.95,S
2021-07-14T13:49:45,2800.0,25.95,B
2021-07-14T13:49:30,300.0,25.95,B
2021-07-14T13:49:11,8500.0,25.9,S
2021-07-14T13:49:00,1100.0,25.95,B
2021-07-14T13:46:52,1300.0,25.9,B
2021-07-14T13:46:52,300.0,25.9,B
2021-07-14T13:46:52,100.0,25.9,B
2021-07-14T13:46:51,3400.0,25.9,B
2021-07-14T13:46:21,100.0,25.9,B
2021-07-14T13:43:27,1100.0,25.9,B
2021-07-14T13:41:56,400.0,25.9,S
2021-07-14T13:41:47,600.0,25.9,B
2021-07-14T13:41:33,500.0,25.9,B
2021-07-14T13:41:26,3100.0,25.9,B
2021-07-14T13:41:02,1000.0,25.9,B
2021-07-14T13:39:57,600.0,25.9,B
2021-07-14T13:38:31,100.0,25.9,B
2021-07-14T13:38:31,200.0,25.9,S
2021-07-14T13:37:57,100.0,25.9,B
2021-07-14T13:37:57,700.0,25.9,B
2021-07-14T13:37:57,100.0,25.9,B
2021-07-14T13:37:42,500.0,25.8,S
2021-07-14T13:34:12,1200.0,25.8,S
2021-07-14T13:34:12,5800.0,25.85,S
2021-07-14T13:32:26,300.0,25.85,B
2021-07-14T13:31:58,1500.0,25.8,B
2021-07-14T13:31:58,100.0,25.8,B
2021-07-14T13:31:49,1000.0,25.8,B
2021-07-14T13:31:42,2000.0,25.8,B
2021-07-14T13:31:08,200.0,25.8,B
2021-07-14T13:28:33,2000.0,25.75,S
2021-07-14T13:26:54,800.0,25.75,B
2021-07-14T13:26:16,100.0,25.75,B
2021-07-14T13:26:15,100.0,25.75,B
2021-07-14T13:25:56,1600.0,25.75,B
2021-07-14T13:23:48,100.0,25.75,B
2021-07-14T13:23:11,100.0,25.75,B
2021-07-14T13:21:42,800.0,25.75,B
2021-07-14T13:21:23,900.0,25.75,S
2021-07-14T13:21:22,200.0,25.75,B
2021-07-14T13:21:10,100.0,25.75,B
2021-07-14T13:20:24,100.0,25.75,S
2021-07-14T13:20:24,200.0,25.75,S
2021-07-14T13:20:08,100.0,25.8,B
2021-07-14T13:17:12,600.0,25.8,S
2021-07-14T13:16:19,300.0,25.85,S
2021-07-14T13:15:57,400.0,25.85,S
2021-07-14T13:15:51,400.0,25.85,B
2021-07-14T13:12:18,2600.0,25.85,S
2021-07-14T13:12:03,200.0,25.85,S
2021-07-14T13:11:48,2500.0,25.85,S
2021-07-14T13:11:14,100.0,25.85,S
2021-07-14T13:11:14,2000.0,26.0,B
2021-07-14T13:10:41,100.0,25.85,S
2021-07-14T13:10:18,500.0,25.85,B
2021-07-14T13:10:18,100.0,25.8,B
2021-07-14T13:09:35,2000.0,25.85,B
2021-07-14T13:09:10,2000.0,25.8,B
2021-07-14T13:07:26,500.0,25.6,S
2021-07-14T13:07:25,200.0,25.6,S
2021-07-14T13:07:22,4000.0,25.6,S
2021-07-14T13:06:10,500.0,25.6,S
2021-07-14T13:05:43,200.0,25.6,S
2021-07-14T13:05:01,300.0,25.7,B
2021-07-14T13:04:43,500.0,25.6,S
2021-07-14T13:04:42,400.0,25.6,S
2021-07-14T13:03:38,1000.0,25.6,S
2021-07-14T13:02:09,300.0,25.6,S
2021-07-14T13:01:43,200.0,25.6,S
2021-07-14T13:01:29,200.0,25.7,B
2021-07-14T13:00:31,100.0,25.7,B
2021-07-14T13:00:18,300.0,25.7,B
2021-07-14T13:00:18,800.0,25.7,S
2021-07-14T13:00:18,100.0,25.8,S
2021-07-14T13:00:16,600.0,25.7,S
2021-07-14T13:00:13,400.0,25.7,B
2021-07-14T13:00:13,100.0,25.7,S
2021-07-14T13:00:13,400.0,25.6,S
2021-07-14T13:00:12,200.0,25.8,B
2021-07-14T13:00:08,11900.0,25.6,S
2021-07-14T13:00:08,4000.0,25.6,S
2021-07-14T13:00:08,3000.0,25.65,S
2021-07-14T13:00:08,1100.0,25.7,S
2021-07-14T13:00:08,1000.0,25.7,S
2021-07-14T11:29:47,400.0,25.7,S
2021-07-14T11:29:47,600.0,25.7,S
2021-07-14T11:29:40,900.0,25.7,S
2021-07-14T11:29:40,100.0,25.7,S
2021-07-14T11:29:11,1000.0,25.7,S
2021-07-14T11:27:59,200.0,25.8,B
2021-07-14T11:27:44,100.0,25.8,B
2021-07-14T11:24:29,3400.0,25.8,B
2021-07-14T11:23:45,1600.0,25.85,B
2021-07-14T11:21:26,300.0,25.85,S
2021-07-14T11:21:05,200.0,25.85,S
2021-07-14T11:18:58,200.0,25.9,B
2021-07-14T11:16:34,1000.0,25.8,S
2021-07-14T11:15:51,2200.0,25.9,S
2021-07-14T11:14:57,1400.0,25.9,B
2021-07-14T11:14:45,200.0,25.9,B
2021-07-14T11:13:55,100.0,25.9,B
2021-07-14T11:13:54,1000.0,25.8,S
2021-07-14T11:13:06,400.0,25.9,B
2021-07-14T11:11:50,1000.0,25.9,B
2021-07-14T11:11:41,100.0,25.9,B
2021-07-14T11:11:20,100.0,25.9,B
2021-07-14T11:11:03,800.0,25.8,S
2021-07-14T11:04:20,900.0,25.85,S
2021-07-14T11:04:20,100.0,25.85,S
2021-07-14T11:03:56,100.0,25.9,S
2021-07-14T11:02:34,1000.0,25.9,S
2021-07-14T11:01:46,100.0,25.9,S
2021-07-14T11:01:41,100.0,25.9,S
2021-07-14T11:01:34,2000.0,25.9,S
2021-07-14T10:59:46,2000.0,25.9,S
2021-07-14T10:59:44,400.0,26.0,B
2021-07-14T10:59:44,600.0,26.0,B
2021-07-14T10:57:51,500.0,26.0,B
2021-07-14T10:56:57,300.0,26.0,B
2021-07-14T10:54:39,500.0,25.8,S
2021-07-14T10:54:38,200.0,25.8,S
2021-07-14T10:52:13,300.0,25.8,S
2021-07-14T10:50:14,2000.0,25.8,S
2021-07-14T10:49:15,2500.0,25.8,S
2021-07-14T10:45:18,9300.0,26.0,B
2021-07-14T10:45:18,2300.0,26.0,B
2021-07-14T10:45:18,2200.0,26.0,B
2021-07-14T10:45:18,200.0,26.0,B
2021-07-14T10:45:18,900.0,26.0,B
2021-07-14T10:45:18,200.0,25.9,B
2021-07-14T10:43:10,1000.0,25.9,B
2021-07-14T10:42:54,3000.0,25.9,B
2021-07-14T10:42:33,1000.0,25.9,B
2021-07-14T10:41:04,300.0,25.8,B
2021-07-14T10:39:14,800.0,25.7,S
2021-07-14T10:38:32,800.0,25.8,B
2021-07-14T10:38:32,1000.0,25.8,B
2021-07-14T10:38:32,200.0,25.8,B
2021-07-14T10:38:32,1000.0,25.8,B
2021-07-14T10:38:32,2000.0,25.75,B
2021-07-14T10:37:54,200.0,25.7,S
2021-07-14T10:36:43,1000.0,25.7,S
2021-07-14T10:34:15,800.0,25.7,S
2021-07-14T10:32:04,1000.0,25.7,S
2021-07-14T10:30:15,500.0,25.7,S
2021-07-14T10:25:27,700.0,25.7,S
2021-07-14T10:25:15,900.0,25.8,B
2021-07-14T10:24:51,5000.0,25.8,B
2021-07-14T10:24:37,100.0,25.8,B
2021-07-14T10:22:09,600.0,25.7,S
2021-07-14T10:22:09,400.0,25.7,S
2021-07-14T10:21:47,500.0,25.8,B
2021-07-14T10:21:46,500.0,25.8,S
2021-07-14T10:15:16,500.0,25.7,S
2021-07-14T10:14:58,200.0,25.7,B
2021-07-14T10:14:50,100.0,25.7,B
2021-07-14T10:14:36,300.0,25.7,B
2021-07-14T10:14:28,100.0,25.7,B
2021-07-14T10:14:11,1000.0,25.7,B
2021-07-14T10:10:26,100.0,25.6,S
2021-07-14T10:10:26,800.0,25.6,S
2021-07-14T10:10:26,800.0,25.6,S
2021-07-14T10:10:26,1000.0,25.6,S
2021-07-14T10:10:25,500.0,25.6,S
2021-07-14T10:09:30,100.0,25.6,S
2021-07-14T10:08:29,1000.0,25.6,S
2021-07-14T10:07:42,200.0,25.7,B
2021-07-14T10:07:16,2800.0,25.7,S
2021-07-14T10:06:03,500.0,25.9,S
2021-07-14T10:05:48,100.0,26.0,B
2021-07-14T10:05:11,200.0,25.9,S
2021-07-14T10:03:43,1000.0,25.9,S
2021-07-14T10:02:45,3500.0,25.9,B
2021-07-14T10:01:46,100.0,25.9,B
2021-07-14T10:01:38,2000.0,25.8,S
2021-07-14T09:58:42,200.0,25.9,S
2021-07-14T09:57:45,500.0,25.8,S
2021-07-14T09:57:14,100.0,25.9,B
2021-07-14T09:57:01,500.0,25.9,B
2021-07-14T09:56:35,1100.0,25.9,S
2021-07-14T09:55:58,100.0,25.9,S
2021-07-14T09:55:49,1000.0,25.9,S
2021-07-14T09:54:53,100.0,26.0,B
2021-07-14T09:54:33,100.0,26.0,B
2021-07-14T09:54:01,400.0,26.0,B
2021-07-14T09:51:40,1000.0,26.0,B
2021-07-14T09:51:35,300.0,26.0,B
2021-07-14T09:49:22,200.0,26.0,B
2021-07-14T09:48:50,500.0,25.6,S
2021-07-14T09:46:59,2000.0,25.55,S
2021-07-14T09:45:33,6100.0,25.55,S
2021-07-14T09:45:33,600.0,25.55,S
2021-07-14T09:45:33,800.0,25.55,S
2021-07-14T09:45:33,800.0,25.6,S
2021-07-14T09:45:33,500.0,25.6,S
2021-07-14T09:45:33,900.0,25.7,S
2021-07-14T09:45:33,700.0,25.9,S
2021-07-14T09:44:32,1500.0,26.0,B
2021-07-14T09:43:43,100.0,26.0,B
2021-07-14T09:40:37,100.0,26.0,B
2021-07-14T09:40:05,400.0,26.0,B
2021-07-14T09:39:37,200.0,26.0,B
2021-07-14T09:39:34,100.0,26.0,B
2021-07-14T09:39:31,2000.0,26.0,B
2021-07-14T09:38:48,500.0,26.0,B
2021-07-14T09:38:21,200.0,26.0,B
2021-07-14T09:37:47,400.0,26.0,B
2021-07-14T09:37:03,200.0,26.0,B
2021-07-14T09:35:48,100.0,26.0,B
2021-07-14T09:35:27,500.0,26.0,B
2021-07-14T09:33:23,7600.0,26.0,S
2021-07-14T09:33:23,1100.0,26.0,S
2021-07-14T09:33:23,1600.0,26.0,S
2021-07-14T09:33:23,5000.0,26.0,S
2021-07-14T09:33:23,300.0,26.0,S
2021-07-14T09:33:23,1400.0,26.0,S
2021-07-14T09:30:02,3600.0,26.2,B
2021-07-14T09:30:02,200.0,26.2,B
2021-07-14T09:28:55,2000.0,26.2,B
2021-07-14T09:28:12,100.0,26.1,S
2021-07-14T09:28:08,800.0,26.1,S
2021-07-14T09:28:00,200.0,26.1,S
2021-07-14T09:26:39,100.0,26.1,B
2021-07-14T09:26:06,100.0,26.0,S
2021-07-14T09:26:06,300.0,26.0,S
2021-07-14T09:25:43,100.0,26.1,S
2021-07-14T09:25:26,100.0,26.0,S
2021-07-14T09:24:47,100.0,26.0,S
2021-07-14T09:24:18,1500.0,26.0,B
2021-07-14T09:24:12,300.0,26.0,S
2021-07-14T09:24:11,8200.0,26.0,S
2021-07-14T09:23:57,100.0,26.2,B
2021-07-14T09:23:52,100.0,26.2,B
2021-07-14T09:23:37,100.0,26.0,S
2021-07-14T09:23:10,300.0,26.0,S
2021-07-14T09:22:52,4500.0,26.3,S
2021-07-14T09:22:50,400.0,26.3,S
2021-07-14T09:22:14,100.0,26.3,S
2021-07-14T09:21:43,1500.0,26.3,S
2021-07-14T09:21:29,5500.0,26.4,S
2021-07-14T09:21:23,100.0,26.45,B
2021-07-14T09:21:18,300.0,26.4,S
2021-07-14T09:21:18,1000.0,26.4,S
2021-07-14T09:20:34,100.0,26.45,S
2021-07-14T09:20:11,900.0,26.45,B
2021-07-14T09:19:52,100.0,26.45,B
2021-07-14T09:19:20,500.0,26.5,B
2021-07-14T09:19:18,100.0,26.4,S
2021-07-14T09:19:01,300.0,26.5,B
2021-07-14T09:19:01,200.0,26.5,B
2021-07-14T09:18:39,100.0,26.45,S
2021-07-14T09:18:11,100.0,26.4,S
2021-07-14T09:17:57,100.0,26.4,S
2021-07-14T09:17:43,200.0,26.4,S
2021-07-14T09:17:28,100.0,26.4,S
2021-07-14T09:17:21,100.0,26.4,S
2021-07-14T09:17:10,900.0,26.4,S
2021-07-14T09:17:06,1000.0,26.5,B
2021-07-14T09:16:42,2600.0,26.4,B
2021-07-14T09:16:15,400.0,26.4,S
2021-07-14T09:16:01,500.0,26.4,S
2021-07-14T09:16:01,500.0,26.4,S
2021-07-14T09:15:46,200.0,26.4,S
2021-07-14T09:15:37,100.0,26.4,B
2021-07-14T09:15:37,300.0,26.4,B
2021-07-14T09:15:28,300.0,26.3,S
