tradingTime,volume,price,side
2021-07-14T14:29:38,1100.0,5.62,B
2021-07-14T14:27:32,300.0,5.62,S
2021-07-14T14:24:15,500.0,5.62,S
2021-07-14T14:23:38,200.0,5.62,B
2021-07-14T14:23:36,100.0,5.62,S
2021-07-14T14:22:53,200.0,5.62,B
2021-07-14T14:22:39,100.0,5.62,B
2021-07-14T14:13:42,600.0,5.6,B
2021-07-14T14:13:20,2000.0,5.6,B
2021-07-14T14:13:11,200.0,5.6,B
2021-07-14T14:12:36,13000.0,5.6,B
2021-07-14T14:12:25,2400.0,5.58,S
2021-07-14T14:11:09,1700.0,5.6,B
2021-07-14T14:07:22,500.0,5.6,B
2021-07-14T14:07:19,200.0,5.6,B
2021-07-14T14:06:50,200.0,5.6,B
2021-07-14T13:55:03,2500.0,5.6,B
2021-07-14T13:55:03,22400.0,5.6,B
2021-07-14T13:55:03,1000.0,5.58,B
2021-07-14T13:55:03,24100.0,5.58,B
2021-07-14T13:53:46,500.0,5.56,B
2021-07-14T13:52:49,300.0,5.56,B
2021-07-14T13:49:13,1000.0,5.58,B
2021-07-14T13:48:40,10000.0,5.58,B
2021-07-14T13:46:59,800.0,5.58,B
2021-07-14T13:46:41,200.0,5.58,B
2021-07-14T13:46:33,100.0,5.58,B
2021-07-14T13:42:45,1000.0,5.58,B
2021-07-14T13:37:47,100.0,5.58,B
2021-07-14T13:37:30,300.0,5.56,B
2021-07-14T13:36:46,200.0,5.56,S
2021-07-14T13:32:47,200.0,5.58,B
2021-07-14T13:30:49,300.0,5.55,B
2021-07-14T13:28:51,1600.0,5.55,B
2021-07-14T13:28:51,400.0,5.54,B
2021-07-14T13:28:35,1100.0,5.54,S
2021-07-14T13:28:35,500.0,5.54,S
2021-07-14T13:27:22,400.0,5.54,S
2021-07-14T13:26:45,200.0,5.54,S
2021-07-14T13:26:29,1000.0,5.55,B
2021-07-14T13:26:22,100.0,5.55,B
2021-07-14T13:25:35,1000.0,5.55,B
2021-07-14T13:25:14,200.0,5.55,B
2021-07-14T13:25:00,100.0,5.55,B
2021-07-14T13:24:38,100.0,5.55,B
2021-07-14T13:24:15,100.0,5.55,B
2021-07-14T13:24:08,500.0,5.55,B
2021-07-14T13:23:38,100.0,5.55,B
2021-07-14T13:22:05,4900.0,5.55,S
2021-07-14T13:18:03,2000.0,5.58,B
2021-07-14T13:14:19,100.0,5.58,B
2021-07-14T13:11:24,1200.0,5.55,S
2021-07-14T13:11:24,300.0,5.55,S
2021-07-14T13:09:22,5000.0,5.56,S
2021-07-14T13:09:14,100.0,5.58,B
2021-07-14T13:07:38,200.0,5.56,S
2021-07-14T13:06:03,2000.0,5.57,S
2021-07-14T13:05:26,1400.0,5.58,S
2021-07-14T13:05:23,1300.0,5.59,S
2021-07-14T13:04:31,5000.0,5.59,S
2021-07-14T13:03:21,300.0,5.59,S
2021-07-14T13:01:48,2000.0,5.59,S
2021-07-14T13:00:55,100.0,5.59,S
2021-07-14T13:00:43,200.0,5.6,B
2021-07-14T13:00:18,200.0,5.59,S
2021-07-14T13:00:08,100.0,5.6,B
2021-07-14T11:27:25,500.0,5.6,B
2021-07-14T11:26:36,3500.0,5.6,S
2021-07-14T11:26:31,1000.0,5.6,S
2021-07-14T11:23:18,400.0,5.64,B
2021-07-14T11:21:18,100.0,5.64,B
2021-07-14T11:20:28,100.0,5.62,S
2021-07-14T11:18:51,100.0,5.64,B
2021-07-14T11:18:05,2700.0,5.6,S
2021-07-14T11:17:42,20000.0,5.6,B
2021-07-14T11:11:50,100.0,5.6,B
2021-07-14T11:09:35,500.0,5.6,B
2021-07-14T11:06:47,100.0,5.6,B
2021-07-14T11:05:31,2000.0,5.58,S
2021-07-14T11:04:51,1500.0,5.59,S
2021-07-14T11:03:55,1700.0,5.6,S
2021-07-14T11:03:02,300.0,5.6,B
2021-07-14T11:02:39,200.0,5.6,B
2021-07-14T11:00:21,2000.0,5.64,B
2021-07-14T10:59:15,2500.0,5.61,B
2021-07-14T10:58:59,1500.0,5.6,B
2021-07-14T10:58:17,1400.0,5.6,B
2021-07-14T10:57:57,100.0,5.6,B
2021-07-14T10:56:43,6700.0,5.6,B
2021-07-14T10:56:41,300.0,5.59,S
2021-07-14T10:55:58,2000.0,5.59,S
2021-07-14T10:55:44,1000.0,5.59,B
2021-07-14T10:55:28,1000.0,5.59,B
2021-07-14T10:53:20,100.0,5.59,B
2021-07-14T10:52:57,100.0,5.59,B
2021-07-14T10:52:34,1000.0,5.58,B
2021-07-14T10:51:19,300.0,5.59,B
2021-07-14T10:51:00,500.0,5.59,B
2021-07-14T10:49:48,300.0,5.6,S
2021-07-14T10:49:48,34600.0,5.6,S
2021-07-14T10:49:14,1800.0,5.6,S
2021-07-14T10:48:01,17700.0,5.61,S
2021-07-14T10:47:24,2000.0,5.62,S
2021-07-14T10:46:45,3000.0,5.62,S
2021-07-14T10:46:29,900.0,5.62,S
2021-07-14T10:46:20,15000.0,5.62,S
2021-07-14T10:43:34,100.0,5.62,S
2021-07-14T10:41:57,4500.0,5.64,S
2021-07-14T10:39:19,5000.0,5.64,S
2021-07-14T10:37:28,1700.0,5.62,S
2021-07-14T10:36:15,300.0,5.64,S
2021-07-14T10:33:14,1000.0,5.62,S
2021-07-14T10:31:47,1600.0,5.62,S
2021-07-14T10:31:11,400.0,5.64,S
2021-07-14T10:29:03,100.0,5.64,S
2021-07-14T10:28:55,900.0,5.64,S
2021-07-14T10:28:09,1900.0,5.64,S
2021-07-14T10:27:32,2000.0,5.64,S
2021-07-14T10:25:34,600.0,5.65,S
2021-07-14T10:25:33,400.0,5.65,S
2021-07-14T10:24:44,3600.0,5.66,S
2021-07-14T10:24:41,3700.0,5.66,S
2021-07-14T10:24:19,5000.0,5.66,S
2021-07-14T10:19:58,4700.0,5.66,S
2021-07-14T10:18:38,100.0,5.65,B
2021-07-14T10:18:08,2000.0,5.64,S
2021-07-14T10:17:31,1800.0,5.64,S
2021-07-14T10:16:54,500.0,5.62,S
2021-07-14T10:15:09,2900.0,5.62,B
2021-07-14T10:13:44,1000.0,5.61,S
2021-07-14T10:13:33,400.0,5.62,B
2021-07-14T10:12:20,200.0,5.62,S
2021-07-14T10:09:44,800.0,5.62,B
2021-07-14T10:09:01,100.0,5.61,B
2021-07-14T10:07:10,9900.0,5.61,S
2021-07-14T10:07:03,400.0,5.61,S
2021-07-14T10:06:25,1400.0,5.61,S
2021-07-14T10:05:28,1400.0,5.61,S
2021-07-14T10:04:21,3500.0,5.61,S
2021-07-14T10:04:17,900.0,5.61,S
2021-07-14T10:04:17,100.0,5.61,S
2021-07-14T10:04:09,7000.0,5.61,S
2021-07-14T10:04:01,5000.0,5.62,B
2021-07-14T10:03:35,8500.0,5.62,S
2021-07-14T10:03:11,1500.0,5.62,S
2021-07-14T10:02:39,2900.0,5.61,S
2021-07-14T10:02:15,500.0,5.62,S
2021-07-14T10:01:43,200.0,5.62,S
2021-07-14T10:00:32,2700.0,5.63,S
2021-07-14T09:59:41,500.0,5.63,S
2021-07-14T09:59:40,100.0,5.64,B
2021-07-14T09:58:31,100.0,5.65,B
2021-07-14T09:56:36,500.0,5.65,B
2021-07-14T09:55:51,4900.0,5.62,S
2021-07-14T09:55:51,5100.0,5.62,S
2021-07-14T09:54:51,10000.0,5.65,S
2021-07-14T09:54:24,1900.0,5.66,B
2021-07-14T09:54:13,1000.0,5.66,S
2021-07-14T09:54:02,8100.0,5.67,S
2021-07-14T09:52:48,200.0,5.68,S
2021-07-14T09:51:39,300.0,5.69,B
2021-07-14T09:51:32,1000.0,5.69,S
2021-07-14T09:50:24,2900.0,5.69,S
2021-07-14T09:50:01,2000.0,5.69,S
2021-07-14T09:49:31,400.0,5.69,S
2021-07-14T09:49:27,300.0,5.69,S
2021-07-14T09:47:24,200.0,5.69,B
2021-07-14T09:45:09,2200.0,5.69,B
2021-07-14T09:45:09,1800.0,5.69,B
2021-07-14T09:44:12,200.0,5.69,S
2021-07-14T09:43:18,100.0,5.69,S
2021-07-14T09:42:48,700.0,5.69,B
2021-07-14T09:42:10,100.0,5.69,B
2021-07-14T09:41:50,100.0,5.68,S
2021-07-14T09:41:20,1000.0,5.67,S
2021-07-14T09:40:58,1000.0,5.67,S
2021-07-14T09:40:48,2200.0,5.69,S
2021-07-14T09:40:32,100.0,5.7,S
2021-07-14T09:40:32,2400.0,5.7,S
2021-07-14T09:40:12,3000.0,5.73,B
2021-07-14T09:39:31,2000.0,5.73,B
2021-07-14T09:39:15,2000.0,5.7,S
2021-07-14T09:39:09,200.0,5.73,B
2021-07-14T09:38:57,1800.0,5.73,B
2021-07-14T09:38:28,1300.0,5.74,B
2021-07-14T09:38:24,1300.0,5.74,B
2021-07-14T09:38:14,100.0,5.73,S
2021-07-14T09:38:04,600.0,5.73,B
2021-07-14T09:37:37,100.0,5.73,B
2021-07-14T09:37:21,200.0,5.73,B
2021-07-14T09:36:42,3700.0,5.7,B
2021-07-14T09:36:35,100.0,5.69,S
2021-07-14T09:36:22,1200.0,5.69,B
2021-07-14T09:36:16,1500.0,5.67,S
2021-07-14T09:33:42,100.0,5.66,S
2021-07-14T09:33:22,1000.0,5.66,B
2021-07-14T09:32:41,2600.0,5.62,B
2021-07-14T09:31:51,1000.0,5.62,B
2021-07-14T09:31:51,1400.0,5.62,S
2021-07-14T09:30:45,1600.0,5.62,B
2021-07-14T09:30:04,10000.0,5.6,S
2021-07-14T09:30:00,5000.0,5.61,B
2021-07-14T09:29:42,11900.0,5.6,B
2021-07-14T09:29:02,1000.0,5.6,B
2021-07-14T09:28:26,1000.0,5.59,S
2021-07-14T09:27:40,100.0,5.59,S
2021-07-14T09:27:01,700.0,5.6,B
2021-07-14T09:26:58,100.0,5.6,B
2021-07-14T09:26:45,400.0,5.59,B
2021-07-14T09:24:13,100.0,5.59,B
2021-07-14T09:23:42,600.0,5.6,B
2021-07-14T09:22:51,500.0,5.6,S
2021-07-14T09:22:51,1000.0,5.6,S
2021-07-14T09:22:51,1300.0,5.6,S
2021-07-14T09:22:22,3000.0,5.6,S
2021-07-14T09:22:20,6800.0,5.6,S
2021-07-14T09:22:16,200.0,5.6,S
2021-07-14T09:22:00,2000.0,5.6,S
2021-07-14T09:21:41,11400.0,5.61,S
2021-07-14T09:21:40,500.0,5.62,B
2021-07-14T09:21:19,1000.0,5.62,B
2021-07-14T09:20:26,200.0,5.62,B
2021-07-14T09:20:11,1500.0,5.62,B
2021-07-14T09:15:06,200.0,5.61,S
