tradingTime,volume,price,side
2021-07-14T14:29:30,500.0,60.5,B
2021-07-14T14:26:07,200.0,60.5,B
2021-07-14T14:25:04,200.0,60.5,B
2021-07-14T14:24:57,100.0,60.3,B
2021-07-14T14:24:43,400.0,60.3,S
2021-07-14T14:24:33,200.0,60.5,B
2021-07-14T14:22:01,8600.0,60.3,B
2021-07-14T14:21:52,6500.0,60.2,B
2021-07-14T14:20:42,500.0,60.4,B
2021-07-14T14:20:42,5500.0,60.4,B
2021-07-14T14:18:43,500.0,60.5,B
2021-07-14T14:18:35,600.0,60.5,B
2021-07-14T14:18:22,13800.0,60.0,S
2021-07-14T14:18:06,5000.0,60.1,S
2021-07-14T14:08:44,4700.0,60.5,B
2021-07-14T14:08:35,5300.0,60.5,B
2021-07-14T14:08:32,9500.0,60.5,B
2021-07-14T14:08:18,7500.0,60.5,B
2021-07-14T14:08:11,13000.0,60.5,B
2021-07-14T14:07:06,1900.0,60.0,S
2021-07-14T14:06:54,700.0,60.5,S
2021-07-14T14:06:41,29300.0,60.5,B
2021-07-14T14:05:41,3000.0,60.6,B
2021-07-14T14:04:41,100.0,60.6,B
2021-07-14T14:04:38,20000.0,60.6,B
2021-07-14T14:04:31,12300.0,60.6,B
2021-07-14T14:04:31,2700.0,60.6,B
2021-07-14T14:04:26,4500.0,60.6,S
2021-07-14T14:03:57,20500.0,60.6,S
2021-07-14T14:03:52,1200.0,60.6,S
2021-07-14T13:57:34,600.0,60.8,B
2021-07-14T13:55:43,1000.0,60.8,B
2021-07-14T13:55:34,9600.0,60.7,B
2021-07-14T13:50:31,8000.0,60.7,B
2021-07-14T13:48:16,5000.0,60.7,B
2021-07-14T13:46:39,2000.0,60.7,B
2021-07-14T13:46:31,2500.0,60.6,S
2021-07-14T13:40:45,5000.0,60.6,B
2021-07-14T13:39:10,8000.0,60.4,S
2021-07-14T13:38:43,30000.0,60.4,B
2021-07-14T13:38:26,100.0,60.5,B
2021-07-14T13:38:16,30000.0,60.4,B
2021-07-14T13:36:55,200.0,60.5,S
2021-07-14T13:36:46,15000.0,60.7,B
2021-07-14T13:36:19,20000.0,60.7,B
2021-07-14T13:35:55,100.0,60.7,S
2021-07-14T13:35:47,2900.0,60.7,S
2021-07-14T13:35:35,25000.0,60.7,B
2021-07-14T13:35:33,100.0,60.7,B
2021-07-14T13:33:45,300.0,60.8,B
2021-07-14T13:33:17,1900.0,60.7,S
2021-07-14T13:30:58,3000.0,60.7,B
2021-07-14T13:26:42,100.0,60.7,S
2021-07-14T13:26:31,29400.0,60.7,B
2021-07-14T13:26:27,100.0,60.7,S
2021-07-14T13:26:12,200.0,60.7,S
2021-07-14T13:25:20,300.0,60.8,B
2021-07-14T13:24:32,1500.0,60.8,B
2021-07-14T13:24:03,13000.0,60.8,B
2021-07-14T13:23:48,15200.0,60.8,B
2021-07-14T13:23:43,20000.0,60.8,B
2021-07-14T13:20:04,500.0,60.9,B
2021-07-14T13:16:40,100.0,60.8,S
2021-07-14T13:16:25,600.0,60.8,S
2021-07-14T13:15:52,4300.0,60.8,B
2021-07-14T13:15:20,3500.0,60.8,B
2021-07-14T13:15:14,22500.0,60.8,B
2021-07-14T13:15:07,15000.0,60.8,B
2021-07-14T13:15:01,4700.0,60.8,S
2021-07-14T13:14:03,500.0,60.9,B
2021-07-14T13:12:18,100.0,60.8,S
2021-07-14T13:08:15,5000.0,60.9,B
2021-07-14T13:07:12,500.0,60.9,S
2021-07-14T13:07:01,300.0,61.0,B
2021-07-14T13:06:52,7500.0,60.9,B
2021-07-14T13:05:08,1500.0,60.9,B
2021-07-14T13:04:58,500.0,60.9,B
2021-07-14T13:04:38,5700.0,60.8,B
2021-07-14T13:04:36,5000.0,60.5,S
2021-07-14T13:00:13,300.0,60.8,S
2021-07-14T11:29:45,1400.0,60.9,B
2021-07-14T11:28:40,200.0,60.9,B
2021-07-14T11:28:10,4300.0,60.7,B
2021-07-14T11:22:15,6100.0,60.6,B
2021-07-14T11:22:05,7100.0,60.6,S
2021-07-14T11:22:03,1500.0,60.6,B
2021-07-14T11:21:51,8000.0,60.6,B
2021-07-14T11:21:46,7400.0,60.6,B
2021-07-14T11:21:43,6800.0,60.6,B
2021-07-14T11:21:40,6200.0,60.6,B
2021-07-14T11:21:37,5700.0,60.6,B
2021-07-14T11:21:33,5100.0,60.6,B
2021-07-14T11:21:31,4600.0,60.6,B
2021-07-14T11:21:28,4000.0,60.6,B
2021-07-14T11:21:23,3000.0,60.6,B
2021-07-14T11:21:20,2500.0,60.6,B
2021-07-14T11:21:16,2000.0,60.6,B
2021-07-14T11:21:10,500.0,60.6,B
2021-07-14T11:21:03,8300.0,60.6,B
2021-07-14T11:20:55,7700.0,60.6,B
2021-07-14T11:20:51,7100.0,60.6,B
2021-07-14T11:20:48,6500.0,60.6,B
2021-07-14T11:20:42,6000.0,60.6,B
2021-07-14T11:20:38,5400.0,60.6,B
2021-07-14T11:20:35,4900.0,60.6,B
2021-07-14T11:20:30,4300.0,60.6,B
2021-07-14T11:20:25,3800.0,60.6,B
2021-07-14T11:20:23,3400.0,60.6,B
2021-07-14T11:20:11,200.0,60.6,S
2021-07-14T11:18:11,3400.0,60.7,B
2021-07-14T11:18:04,35000.0,60.7,B
2021-07-14T11:17:47,15500.0,60.7,B
2021-07-14T11:17:40,100.0,60.7,B
2021-07-14T11:17:35,100.0,60.7,B
2021-07-14T11:17:30,2200.0,60.7,B
2021-07-14T11:17:30,1900.0,60.7,B
2021-07-14T11:17:25,28100.0,60.7,B
2021-07-14T11:17:13,3700.0,60.7,B
2021-07-14T11:17:06,15000.0,60.7,B
2021-07-14T11:16:59,3200.0,60.7,S
2021-07-14T11:16:20,1900.0,60.7,B
2021-07-14T11:16:12,13000.0,60.7,B
2021-07-14T11:16:05,5100.0,60.7,S
2021-07-14T11:14:34,1000.0,60.9,S
2021-07-14T11:14:33,1000.0,60.9,S
2021-07-14T11:14:27,5400.0,60.9,B
2021-07-14T11:14:21,5100.0,60.9,B
2021-07-14T11:14:18,4500.0,60.9,B
2021-07-14T11:14:13,4000.0,60.9,B
2021-07-14T11:14:05,8500.0,60.9,B
2021-07-14T11:14:01,7800.0,60.9,B
2021-07-14T11:13:56,7100.0,60.9,B
2021-07-14T11:13:53,6500.0,60.9,B
2021-07-14T11:13:50,5900.0,60.9,B
2021-07-14T11:13:44,5200.0,60.9,B
2021-07-14T11:13:39,4600.0,60.9,B
2021-07-14T11:13:35,3900.0,60.9,B
2021-07-14T11:04:13,200.0,61.2,S
2021-07-14T11:04:01,5800.0,61.2,S
2021-07-14T11:02:15,300.0,61.3,B
2021-07-14T11:02:14,300.0,61.0,S
2021-07-14T11:02:08,200.0,61.0,B
2021-07-14T11:01:56,5500.0,60.8,S
2021-07-14T10:59:04,300.0,60.6,S
2021-07-14T10:59:04,200.0,60.6,S
2021-07-14T10:59:04,500.0,60.8,S
2021-07-14T10:55:24,300.0,60.9,B
2021-07-14T10:55:16,4800.0,60.8,B
2021-07-14T10:50:47,400.0,60.7,S
2021-07-14T10:48:40,1000.0,60.9,B
2021-07-14T10:48:10,7700.0,60.9,B
2021-07-14T10:48:04,7300.0,60.9,B
2021-07-14T10:48:01,6800.0,60.9,B
2021-07-14T10:47:58,6300.0,60.9,B
2021-07-14T10:47:54,5800.0,60.9,B
2021-07-14T10:47:51,5400.0,60.9,B
2021-07-14T10:47:48,4800.0,60.9,B
2021-07-14T10:47:44,200.0,60.9,S
2021-07-14T10:47:32,4300.0,60.9,B
2021-07-14T10:47:30,4000.0,60.9,B
2021-07-14T10:47:25,3600.0,60.9,B
2021-07-14T10:37:19,300.0,61.0,B
2021-07-14T10:34:32,1100.0,61.2,B
2021-07-14T10:34:08,1600.0,61.2,S
2021-07-14T10:34:02,3100.0,61.2,S
2021-07-14T10:33:46,25300.0,61.1,B
2021-07-14T10:33:11,10000.0,61.1,B
2021-07-14T10:32:50,10000.0,61.0,B
2021-07-14T10:32:20,10000.0,61.0,B
2021-07-14T10:31:46,10000.0,61.1,B
2021-07-14T10:30:35,1900.0,61.2,S
2021-07-14T10:30:24,8100.0,61.2,B
2021-07-14T10:30:02,2500.0,61.0,B
2021-07-14T10:30:02,2900.0,61.0,B
2021-07-14T10:30:02,3300.0,61.0,B
2021-07-14T10:30:01,1600.0,61.0,B
2021-07-14T10:30:01,500.0,61.0,B
2021-07-14T10:30:01,1700.0,61.0,B
2021-07-14T10:29:13,5500.0,61.2,B
2021-07-14T10:29:13,6700.0,61.2,B
2021-07-14T10:29:12,4900.0,61.1,B
2021-07-14T10:29:12,6100.0,61.1,B
2021-07-14T10:29:12,2500.0,61.1,B
2021-07-14T10:29:11,3100.0,61.0,B
2021-07-14T10:29:11,4300.0,61.0,B
2021-07-14T10:29:11,3700.0,61.0,B
2021-07-14T10:29:10,1900.0,61.0,B
2021-07-14T10:29:10,1300.0,61.0,B
2021-07-14T10:26:57,14300.0,61.0,S
2021-07-14T10:25:47,200.0,61.1,B
2021-07-14T10:25:37,10000.0,61.2,B
2021-07-14T10:25:07,3600.0,61.2,B
2021-07-14T10:25:00,11400.0,61.2,B
2021-07-14T10:14:40,3000.0,61.3,B
2021-07-14T10:14:31,600.0,61.0,B
2021-07-14T10:12:44,100.0,60.9,B
2021-07-14T10:12:44,7900.0,60.8,B
2021-07-14T10:12:16,100.0,60.9,B
2021-07-14T10:12:16,8500.0,60.8,B
2021-07-14T10:11:26,6000.0,60.9,B
2021-07-14T10:10:41,15100.0,60.9,B
2021-07-14T10:09:59,4000.0,60.9,B
2021-07-14T10:09:26,3000.0,60.9,B
2021-07-14T10:07:51,100.0,60.9,B
2021-07-14T10:07:36,300.0,60.6,S
2021-07-14T10:05:49,4500.0,60.9,B
2021-07-14T10:05:25,5600.0,60.9,B
2021-07-14T10:03:26,200.0,60.8,S
2021-07-14T10:03:25,6200.0,60.9,B
2021-07-14T10:03:25,800.0,60.9,B
2021-07-14T10:02:47,4900.0,60.9,B
2021-07-14T10:01:46,1300.0,60.8,S
2021-07-14T10:01:23,5000.0,60.7,S
2021-07-14T09:57:06,500.0,61.0,B
2021-07-14T09:55:26,100.0,61.0,B
2021-07-14T09:55:19,14900.0,61.0,B
2021-07-14T09:55:03,500.0,61.1,B
2021-07-14T09:53:52,13400.0,61.1,B
2021-07-14T09:53:49,100.0,61.1,S
2021-07-14T09:53:28,12900.0,61.1,B
2021-07-14T09:50:48,1400.0,61.3,B
2021-07-14T09:50:48,2400.0,61.3,B
2021-07-14T09:50:17,10000.0,61.3,B
2021-07-14T09:50:15,100.0,61.3,B
2021-07-14T09:49:51,15000.0,61.3,B
2021-07-14T09:49:22,25000.0,61.3,B
2021-07-14T09:47:51,5000.0,61.0,S
2021-07-14T09:47:47,200.0,61.5,B
2021-07-14T09:47:43,15800.0,61.5,B
2021-07-14T09:47:36,700.0,61.5,B
2021-07-14T09:47:29,12000.0,61.5,B
2021-07-14T09:46:47,1000.0,61.6,B
2021-07-14T09:46:41,14000.0,61.6,B
2021-07-14T09:46:38,5100.0,61.0,S
2021-07-14T09:46:25,1000.0,61.0,S
2021-07-14T09:45:35,4000.0,61.0,S
2021-07-14T09:45:03,900.0,61.7,B
2021-07-14T09:45:01,12500.0,61.0,S
2021-07-14T09:44:53,22100.0,61.7,B
2021-07-14T09:43:47,100.0,61.9,B
2021-07-14T09:43:12,10000.0,61.9,B
2021-07-14T09:42:49,5000.0,61.9,B
2021-07-14T09:42:26,6000.0,61.9,B
2021-07-14T09:42:05,7000.0,61.9,B
2021-07-14T09:41:39,5000.0,61.9,B
2021-07-14T09:41:14,500.0,61.9,B
2021-07-14T09:40:57,6000.0,61.8,B
2021-07-14T09:40:38,3000.0,61.8,B
2021-07-14T09:40:12,2000.0,61.8,B
2021-07-14T09:39:06,3000.0,61.8,B
2021-07-14T09:37:42,100.0,61.9,S
2021-07-14T09:37:34,200.0,61.9,S
2021-07-14T09:37:13,100.0,61.9,S
2021-07-14T09:36:59,2600.0,61.9,B
2021-07-14T09:36:18,5000.0,61.2,B
2021-07-14T09:36:05,300.0,61.2,B
2021-07-14T09:36:05,700.0,61.1,B
2021-07-14T09:35:52,200.0,61.0,B
2021-07-14T09:35:52,3000.0,61.0,B
2021-07-14T09:35:52,5800.0,60.9,B
2021-07-14T09:35:34,3400.0,60.7,B
2021-07-14T09:35:26,11000.0,60.7,B
2021-07-14T09:34:55,500.0,60.7,B
2021-07-14T09:34:43,13000.0,60.7,B
2021-07-14T09:34:19,1500.0,60.7,B
2021-07-14T09:34:12,10000.0,60.7,B
2021-07-14T09:33:44,2300.0,60.7,B
2021-07-14T09:33:39,14500.0,60.7,B
2021-07-14T09:33:11,1600.0,60.7,B
2021-07-14T09:33:06,14000.0,60.7,B
2021-07-14T09:32:43,2000.0,60.7,B
2021-07-14T09:32:37,16000.0,60.7,B
2021-07-14T09:32:17,1500.0,60.7,B
2021-07-14T09:32:04,10000.0,60.7,B
2021-07-14T09:31:41,4300.0,60.7,B
2021-07-14T09:31:35,8000.0,60.7,B
2021-07-14T09:30:50,6000.0,60.7,B
2021-07-14T09:30:44,10000.0,60.7,B
2021-07-14T09:29:33,13000.0,60.7,B
2021-07-14T09:24:58,1200.0,60.7,B
2021-07-14T09:24:52,13000.0,60.7,B
2021-07-14T09:24:49,300.0,60.7,B
2021-07-14T09:24:11,6600.0,60.8,B
2021-07-14T09:23:58,9000.0,60.8,B
2021-07-14T09:23:58,800.0,60.8,B
2021-07-14T09:23:30,11000.0,60.8,B
2021-07-14T09:23:24,4000.0,60.8,B
2021-07-14T09:22:48,15000.0,60.8,B
2021-07-14T09:22:29,300.0,60.9,B
2021-07-14T09:22:18,2100.0,60.6,B
2021-07-14T09:21:19,800.0,60.5,B
2021-07-14T09:21:12,13000.0,60.5,B
2021-07-14T09:20:01,400.0,60.6,B
2021-07-14T09:19:56,15600.0,60.6,B
2021-07-14T09:19:06,900.0,60.7,B
2021-07-14T09:18:54,16900.0,60.7,B
2021-07-14T09:18:09,100.0,60.5,B
2021-07-14T09:18:03,14900.0,60.5,B
2021-07-14T09:17:10,5000.0,60.7,B
2021-07-14T09:16:15,6900.0,60.7,B
