tradingTime,volume,price,side
2021-07-14T14:49:24,3800.0,14.4,S
2021-07-14T14:40:21,1200.0,14.5,B
2021-07-14T14:35:41,1000.0,14.5,S
2021-07-14T14:35:41,200.0,14.5,S
2021-07-14T14:32:26,10000.0,14.5,S
2021-07-14T14:31:11,500.0,14.5,S
2021-07-14T14:29:30,900.0,14.5,S
2021-07-14T14:18:24,300.0,14.6,B
2021-07-14T14:14:12,3000.0,14.6,B
2021-07-14T14:13:24,100.0,14.6,B
2021-07-14T14:12:47,3000.0,14.6,B
2021-07-14T14:10:36,4000.0,14.6,B
2021-07-14T14:06:38,100.0,14.4,S
2021-07-14T14:06:27,5000.0,14.5,B
2021-07-14T14:00:55,300.0,14.5,S
2021-07-14T13:58:24,200.0,14.5,S
2021-07-14T13:54:36,1000.0,14.5,B
2021-07-14T13:54:18,5000.0,14.5,B
2021-07-14T13:51:16,1000.0,14.5,B
2021-07-14T13:50:59,100.0,14.5,B
2021-07-14T13:48:48,100.0,14.5,B
2021-07-14T13:47:27,600.0,14.5,S
2021-07-14T13:46:07,2400.0,14.5,S
2021-07-14T13:39:40,600.0,14.5,B
2021-07-14T13:39:00,2400.0,14.5,S
2021-07-14T13:36:54,100.0,14.5,B
2021-07-14T13:34:32,3000.0,14.4,S
2021-07-14T13:30:08,1000.0,14.5,B
2021-07-14T13:24:03,5800.0,14.5,B
2021-07-14T13:23:44,200.0,14.4,S
2021-07-14T13:23:30,1000.0,14.4,B
2021-07-14T13:22:33,300.0,14.4,S
2021-07-14T13:21:00,100.0,14.4,S
2021-07-14T13:20:43,2600.0,14.4,S
2021-07-14T13:19:40,3000.0,14.4,S
2021-07-14T13:18:26,2000.0,14.4,S
2021-07-14T13:17:17,6300.0,14.5,B
2021-07-14T13:17:02,2000.0,14.5,S
2021-07-14T13:16:17,100.0,14.5,S
2021-07-14T13:15:10,100.0,14.5,S
2021-07-14T13:11:31,100.0,14.5,B
2021-07-14T13:10:44,2800.0,14.5,B
2021-07-14T13:10:16,1000.0,14.5,B
2021-07-14T13:10:06,2000.0,14.5,B
2021-07-14T13:09:54,400.0,14.5,B
2021-07-14T13:09:36,200.0,14.4,B
2021-07-14T13:09:30,600.0,14.4,B
2021-07-14T13:08:39,4600.0,14.4,B
2021-07-14T13:08:15,1700.0,14.3,B
2021-07-14T13:07:44,2300.0,14.3,S
2021-07-14T13:07:20,1000.0,14.3,S
2021-07-14T13:06:11,2000.0,14.4,S
2021-07-14T13:05:56,1000.0,14.4,B
2021-07-14T13:04:57,100.0,14.4,S
2021-07-14T13:04:40,1500.0,14.4,S
2021-07-14T13:02:34,2500.0,14.4,S
2021-07-14T11:29:01,500.0,14.5,S
2021-07-14T11:28:29,100.0,14.5,S
2021-07-14T11:26:42,200.0,14.5,S
2021-07-14T11:25:45,2000.0,14.6,B
2021-07-14T11:24:51,200.0,14.6,B
2021-07-14T11:23:43,300.0,14.6,S
2021-07-14T11:19:48,2400.0,14.7,B
2021-07-14T11:18:11,2600.0,14.6,B
2021-07-14T11:18:00,1000.0,14.6,B
2021-07-14T11:17:48,1000.0,14.5,S
2021-07-14T11:16:27,1300.0,14.6,B
2021-07-14T11:16:08,500.0,14.6,B
2021-07-14T11:15:18,600.0,14.6,B
2021-07-14T11:13:07,2300.0,14.6,B
2021-07-14T11:12:11,500.0,14.5,S
2021-07-14T11:11:07,500.0,14.5,S
2021-07-14T11:10:50,100.0,14.5,S
2021-07-14T11:10:12,200.0,14.5,S
2021-07-14T11:10:04,3000.0,14.5,S
2021-07-14T11:09:35,1000.0,14.5,S
2021-07-14T11:08:37,2400.0,14.5,S
2021-07-14T11:07:57,8600.0,14.5,S
2021-07-14T11:06:18,1000.0,14.6,B
2021-07-14T11:01:09,200.0,14.6,S
2021-07-14T10:59:47,1000.0,14.6,S
2021-07-14T10:58:35,800.0,14.6,S
2021-07-14T10:58:19,1000.0,14.6,B
2021-07-14T10:57:24,300.0,14.6,B
2021-07-14T10:57:14,200.0,14.6,B
2021-07-14T10:56:33,2000.0,14.6,B
2021-07-14T10:56:06,700.0,14.6,S
2021-07-14T10:55:44,3300.0,14.6,B
2021-07-14T10:54:44,200.0,14.6,B
2021-07-14T10:49:48,400.0,14.6,S
2021-07-14T10:47:45,1000.0,14.6,S
2021-07-14T10:47:34,700.0,14.6,S
2021-07-14T10:45:48,100.0,14.7,B
2021-07-14T10:38:53,3000.0,14.7,B
2021-07-14T10:36:26,5000.0,14.7,B
2021-07-14T10:36:15,2000.0,14.7,B
2021-07-14T10:29:06,300.0,14.6,S
2021-07-14T10:25:45,500.0,14.6,S
2021-07-14T10:24:25,800.0,14.6,S
2021-07-14T10:24:14,500.0,14.6,S
2021-07-14T10:21:57,1400.0,14.6,S
2021-07-14T10:20:59,2300.0,14.6,S
2021-07-14T10:20:38,100.0,14.6,S
2021-07-14T10:10:09,100.0,14.7,B
2021-07-14T10:09:12,1000.0,14.7,B
2021-07-14T10:06:45,100.0,14.7,B
2021-07-14T10:06:42,800.0,14.7,B
2021-07-14T10:05:33,700.0,14.7,B
2021-07-14T10:03:49,600.0,14.7,S
2021-07-14T10:03:22,3000.0,14.7,S
2021-07-14T09:59:10,2200.0,14.8,B
2021-07-14T09:59:01,1000.0,14.7,S
2021-07-14T09:58:48,1000.0,14.7,S
2021-07-14T09:58:42,1000.0,14.7,S
2021-07-14T09:55:24,100.0,14.8,B
2021-07-14T09:54:44,500.0,14.8,B
2021-07-14T09:54:02,900.0,14.7,S
2021-07-14T09:52:00,1000.0,14.8,B
2021-07-14T09:50:39,1000.0,14.8,B
2021-07-14T09:50:39,3700.0,14.8,S
2021-07-14T09:49:06,400.0,14.8,B
2021-07-14T09:47:07,1500.0,14.8,B
2021-07-14T09:45:05,10000.0,14.8,B
2021-07-14T09:40:40,300.0,14.7,S
2021-07-14T09:39:31,1000.0,14.7,S
2021-07-14T09:39:25,200.0,14.8,B
2021-07-14T09:38:48,8000.0,14.8,B
2021-07-14T09:38:01,100.0,14.8,S
2021-07-14T09:36:48,1000.0,14.8,S
2021-07-14T09:35:16,100.0,14.8,S
2021-07-14T09:35:03,300.0,14.9,B
2021-07-14T09:34:37,1000.0,14.8,S
2021-07-14T09:33:37,1000.0,14.8,S
2021-07-14T09:32:35,100.0,14.8,S
2021-07-14T09:32:24,3400.0,14.9,B
2021-07-14T09:31:48,1000.0,14.8,S
2021-07-14T09:31:32,3000.0,14.8,S
2021-07-14T09:30:34,200.0,14.8,S
2021-07-14T09:30:01,1000.0,14.8,S
2021-07-14T09:28:38,600.0,14.8,B
2021-07-14T09:28:30,2500.0,14.8,B
2021-07-14T09:27:36,1100.0,14.7,S
2021-07-14T09:27:27,100.0,14.7,B
2021-07-14T09:26:58,2600.0,14.7,B
2021-07-14T09:26:39,400.0,14.6,S
2021-07-14T09:26:06,300.0,14.7,S
2021-07-14T09:25:05,1000.0,14.7,B
2021-07-14T09:23:57,700.0,14.6,S
2021-07-14T09:23:31,100.0,14.6,B
2021-07-14T09:21:29,4200.0,14.6,S
2021-07-14T09:20:54,2000.0,14.7,S
2021-07-14T09:20:49,2000.0,14.8,B
2021-07-14T09:20:42,1000.0,14.8,B
2021-07-14T09:19:59,900.0,14.7,B
2021-07-14T09:19:35,100.0,14.7,B
2021-07-14T09:19:19,5000.0,14.7,B
2021-07-14T09:18:25,2000.0,14.6,B
2021-07-14T09:07:14,5900.0,14.5,B
2021-07-14T09:07:00,100.0,14.5,B
2021-07-14T09:06:48,2000.0,14.5,B
