tradingTime,volume,price,side
2021-07-14T14:51:00,5000.0,12.4,S
2021-07-14T14:48:21,200.0,12.4,S
2021-07-14T14:46:36,400.0,12.5,B
2021-07-14T14:46:21,19600.0,12.4,S
2021-07-14T14:45:36,200.0,12.5,B
2021-07-14T14:45:31,3000.0,12.4,S
2021-07-14T14:44:41,2500.0,12.4,S
2021-07-14T14:44:41,1200.0,12.4,S
2021-07-14T14:41:46,1000.0,12.5,B
2021-07-14T14:40:46,1600.0,12.5,B
2021-07-14T14:40:11,11400.0,12.5,B
2021-07-14T14:39:56,1000.0,12.5,B
2021-07-14T14:39:41,5100.0,12.5,B
2021-07-14T14:39:26,400.0,12.5,B
2021-07-14T14:39:14,3000.0,12.5,B
2021-07-14T14:38:31,3400.0,12.5,B
2021-07-14T14:38:21,2500.0,12.5,B
2021-07-14T14:37:21,1000.0,12.4,S
2021-07-14T14:36:31,100.0,12.4,S
2021-07-14T14:32:51,200.0,12.4,S
2021-07-14T14:32:16,100.0,12.4,S
2021-07-14T14:31:41,100.0,12.4,S
2021-07-14T14:31:36,2000.0,12.5,B
2021-07-14T14:30:16,3000.0,12.4,S
2021-07-14T14:29:39,18300.0,12.4,S
2021-07-14T14:28:45,1000.0,12.5,B
2021-07-14T14:27:26,2000.0,12.5,B
2021-07-14T14:27:13,500.0,12.5,B
2021-07-14T14:26:49,500.0,12.5,B
2021-07-14T14:25:49,2000.0,12.5,B
2021-07-14T14:25:45,300.0,12.5,B
2021-07-14T14:25:13,200.0,12.5,B
2021-07-14T14:24:45,500.0,12.5,B
2021-07-14T14:24:35,3000.0,12.5,B
2021-07-14T14:24:33,200.0,12.5,B
2021-07-14T14:24:06,200.0,12.5,B
2021-07-14T14:23:51,200.0,12.5,B
2021-07-14T14:23:44,2000.0,12.5,B
2021-07-14T14:23:14,3600.0,12.5,S
2021-07-14T14:23:11,500.0,12.5,S
2021-07-14T14:23:09,1000.0,12.5,S
2021-07-14T14:22:27,400.0,12.5,S
2021-07-14T14:20:55,200.0,12.5,S
2021-07-14T14:20:53,600.0,12.5,S
2021-07-14T14:20:28,200.0,12.5,S
2021-07-14T14:19:57,300.0,12.5,S
2021-07-14T14:19:10,500.0,12.5,S
2021-07-14T14:18:46,2000.0,12.5,S
2021-07-14T14:18:41,300.0,12.5,B
2021-07-14T14:18:24,3900.0,12.5,B
2021-07-14T14:18:18,300.0,12.5,B
2021-07-14T14:18:15,200.0,12.5,B
2021-07-14T14:17:52,400.0,12.5,B
2021-07-14T14:17:32,1900.0,12.5,B
2021-07-14T14:16:53,50000.0,12.6,B
2021-07-14T14:16:47,300.0,12.5,B
2021-07-14T14:16:46,200.0,12.5,B
2021-07-14T14:16:25,200.0,12.5,B
2021-07-14T14:16:10,300.0,12.5,B
2021-07-14T14:16:02,2000.0,12.5,B
2021-07-14T14:15:55,1000.0,12.5,B
2021-07-14T14:15:26,2000.0,12.5,B
2021-07-14T14:14:39,1000.0,12.5,B
2021-07-14T14:14:20,1000.0,12.5,B
2021-07-14T14:13:59,3000.0,12.5,B
2021-07-14T14:13:42,100.0,12.5,B
2021-07-14T14:13:24,1400.0,12.4,S
2021-07-14T14:13:20,500.0,12.4,S
2021-07-14T14:11:56,13600.0,12.4,B
2021-07-14T14:11:51,10000.0,12.4,B
2021-07-14T14:11:49,1600.0,12.4,B
2021-07-14T14:11:33,400.0,12.4,B
2021-07-14T14:10:56,10000.0,12.4,B
2021-07-14T14:10:39,1000.0,12.4,B
2021-07-14T14:09:48,500.0,12.4,B
2021-07-14T14:08:27,100.0,12.4,B
2021-07-14T14:08:11,600.0,12.3,S
2021-07-14T14:07:38,1000.0,12.3,B
2021-07-14T14:07:33,5000.0,12.3,B
2021-07-14T14:07:03,15300.0,12.3,B
2021-07-14T14:06:34,100.0,12.3,B
2021-07-14T14:04:08,100.0,12.2,S
2021-07-14T14:03:31,1000.0,12.2,S
2021-07-14T14:02:19,100.0,12.2,S
2021-07-14T14:02:07,100.0,12.2,S
2021-07-14T14:02:07,300.0,12.2,S
2021-07-14T14:01:20,1500.0,12.2,S
2021-07-14T13:59:56,3600.0,12.2,S
2021-07-14T13:59:06,200.0,12.2,S
2021-07-14T13:58:56,1600.0,12.2,S
2021-07-14T13:57:27,4000.0,12.2,S
2021-07-14T13:57:22,100.0,12.2,S
2021-07-14T13:57:14,7400.0,12.2,S
2021-07-14T13:56:28,5000.0,12.2,S
2021-07-14T13:54:45,5000.0,12.2,S
2021-07-14T13:53:42,1000.0,12.2,S
2021-07-14T13:52:11,600.0,12.3,B
2021-07-14T13:51:22,300.0,12.3,B
2021-07-14T13:51:03,1500.0,12.2,S
2021-07-14T13:50:08,1000.0,12.2,S
2021-07-14T13:49:56,200.0,12.2,S
2021-07-14T13:49:16,1000.0,12.3,B
2021-07-14T13:48:22,1500.0,12.3,B
2021-07-14T13:46:07,100.0,12.2,S
2021-07-14T13:45:49,400.0,12.2,S
2021-07-14T13:45:43,6000.0,12.2,S
2021-07-14T13:43:44,500.0,12.2,B
2021-07-14T13:43:36,1000.0,12.2,B
2021-07-14T13:42:58,1500.0,12.2,B
2021-07-14T13:42:10,5000.0,12.1,S
2021-07-14T13:41:44,5000.0,12.1,S
2021-07-14T13:41:30,500.0,12.2,S
2021-07-14T13:40:36,1400.0,12.2,B
2021-07-14T13:39:54,15500.0,12.2,S
2021-07-14T13:38:35,700.0,12.2,S
2021-07-14T13:38:26,500.0,12.2,S
2021-07-14T13:36:48,1800.0,12.2,S
2021-07-14T13:35:55,100.0,12.3,B
2021-07-14T13:35:15,1000.0,12.3,B
2021-07-14T13:35:11,7300.0,12.3,S
2021-07-14T13:34:18,3000.0,12.3,S
2021-07-14T13:34:03,2000.0,12.3,B
2021-07-14T13:33:48,100.0,12.3,B
2021-07-14T13:33:46,3000.0,12.3,B
2021-07-14T13:33:32,1000.0,12.3,B
2021-07-14T13:33:26,1000.0,12.3,B
2021-07-14T13:33:25,1000.0,12.3,B
2021-07-14T13:33:12,800.0,12.3,B
2021-07-14T13:33:08,10000.0,12.3,B
2021-07-14T13:33:00,1000.0,12.3,B
2021-07-14T13:32:40,1000.0,12.3,B
2021-07-14T13:32:07,3000.0,12.3,B
2021-07-14T13:32:00,5000.0,12.3,B
2021-07-14T13:31:55,100.0,12.3,B
2021-07-14T13:31:26,5000.0,12.3,B
2021-07-14T13:30:48,500.0,12.3,B
2021-07-14T13:30:43,700.0,12.3,B
2021-07-14T13:29:59,300.0,12.3,B
2021-07-14T13:28:31,1800.0,12.3,B
2021-07-14T13:28:08,1000.0,12.3,B
2021-07-14T13:28:06,200.0,12.3,B
2021-07-14T13:28:03,200.0,12.3,B
2021-07-14T13:28:00,1000.0,12.3,B
2021-07-14T13:27:59,100.0,12.3,B
2021-07-14T13:27:25,500.0,12.3,B
2021-07-14T13:27:11,1000.0,12.3,B
2021-07-14T13:25:57,4500.0,12.2,B
2021-07-14T13:25:53,500.0,12.2,B
2021-07-14T13:25:43,5000.0,12.2,B
2021-07-14T13:25:10,100.0,12.1,S
2021-07-14T13:24:11,600.0,12.1,S
2021-07-14T13:24:06,500.0,12.1,S
2021-07-14T13:24:06,100.0,12.1,S
2021-07-14T13:24:00,300.0,12.1,S
2021-07-14T13:23:46,5000.0,12.0,S
2021-07-14T13:23:40,4400.0,12.1,B
2021-07-14T13:23:27,100.0,12.1,B
2021-07-14T13:23:20,1800.0,12.1,B
2021-07-14T13:22:30,16200.0,12.1,S
2021-07-14T13:22:22,600.0,12.1,S
2021-07-14T13:21:55,100.0,12.2,B
2021-07-14T13:21:51,300.0,12.2,S
2021-07-14T13:21:26,200.0,12.2,S
2021-07-14T13:21:06,2000.0,12.2,S
2021-07-14T13:20:17,6000.0,12.2,S
2021-07-14T13:20:13,500.0,12.2,S
2021-07-14T13:20:06,1000.0,12.2,S
2021-07-14T13:19:56,1000.0,12.2,S
2021-07-14T13:19:32,3000.0,12.2,S
2021-07-14T13:17:37,200.0,12.3,B
2021-07-14T13:15:03,1800.0,12.3,S
2021-07-14T13:14:52,500.0,12.3,S
2021-07-14T13:14:36,2000.0,12.3,S
2021-07-14T13:14:13,500.0,12.3,S
2021-07-14T13:14:08,5300.0,12.3,B
2021-07-14T13:13:42,400.0,12.3,S
2021-07-14T13:13:21,500.0,12.3,S
2021-07-14T13:13:06,300.0,12.3,S
2021-07-14T13:12:41,800.0,12.3,S
2021-07-14T13:12:12,400.0,12.3,B
2021-07-14T13:11:44,100.0,12.3,B
2021-07-14T13:10:41,200.0,12.4,B
2021-07-14T13:10:22,10000.0,12.4,B
2021-07-14T13:10:02,200.0,12.2,B
2021-07-14T13:09:46,1000.0,12.2,B
2021-07-14T13:09:45,2000.0,12.2,B
2021-07-14T13:09:34,200.0,12.1,S
2021-07-14T13:09:33,600.0,12.1,B
2021-07-14T13:09:31,2500.0,12.1,B
2021-07-14T13:09:31,1000.0,12.1,B
2021-07-14T13:09:24,1000.0,12.1,B
2021-07-14T13:09:01,800.0,12.0,B
2021-07-14T13:08:59,1000.0,12.0,B
2021-07-14T13:08:56,500.0,12.0,B
2021-07-14T13:08:55,500.0,12.0,B
2021-07-14T13:08:53,7000.0,12.0,B
2021-07-14T13:08:52,3000.0,12.0,B
2021-07-14T13:08:49,50000.0,12.0,B
2021-07-14T13:08:48,500.0,12.0,B
2021-07-14T13:08:44,3000.0,12.0,B
2021-07-14T13:08:41,700.0,12.0,B
2021-07-14T13:08:38,800.0,12.0,B
2021-07-14T13:08:34,500.0,12.0,B
2021-07-14T13:08:33,1000.0,12.0,B
2021-07-14T13:08:30,500.0,11.9,S
2021-07-14T13:08:30,100.0,12.0,B
2021-07-14T13:08:28,1000.0,12.0,B
2021-07-14T13:08:27,400.0,12.0,B
2021-07-14T13:08:14,300.0,12.0,B
2021-07-14T13:08:13,200.0,12.0,B
2021-07-14T13:08:10,1000.0,12.0,B
2021-07-14T13:07:54,100.0,12.0,B
2021-07-14T13:07:49,300.0,12.0,B
2021-07-14T13:07:44,5000.0,12.0,B
2021-07-14T13:07:26,1000.0,12.0,B
2021-07-14T13:07:11,5000.0,12.0,B
2021-07-14T13:07:04,300.0,12.0,B
2021-07-14T13:06:51,21000.0,12.0,B
2021-07-14T13:06:48,5000.0,12.0,S
2021-07-14T13:06:47,10000.0,12.0,S
2021-07-14T13:06:44,100.0,12.0,S
2021-07-14T13:06:42,2000.0,12.0,S
2021-07-14T13:06:36,3000.0,12.0,S
2021-07-14T13:06:29,5000.0,12.0,S
2021-07-14T13:06:26,600.0,12.0,S
2021-07-14T13:06:16,500.0,12.0,S
2021-07-14T13:06:14,400.0,12.0,S
2021-07-14T13:06:12,500.0,12.0,S
2021-07-14T13:06:08,14500.0,12.0,S
2021-07-14T13:06:02,100.0,12.0,S
2021-07-14T13:05:31,700.0,12.1,S
2021-07-14T13:05:23,200.0,12.1,S
2021-07-14T13:05:13,500.0,12.1,S
2021-07-14T13:05:10,1500.0,12.1,S
2021-07-14T13:04:59,1000.0,12.1,S
2021-07-14T13:04:51,200.0,12.1,S
2021-07-14T13:04:24,2000.0,12.1,S
2021-07-14T13:04:23,1000.0,12.1,S
2021-07-14T13:04:14,900.0,12.1,S
2021-07-14T13:04:12,100.0,12.1,S
2021-07-14T13:03:56,700.0,12.1,S
2021-07-14T13:03:52,800.0,12.1,S
2021-07-14T13:03:50,3500.0,12.1,S
2021-07-14T13:03:47,6000.0,12.1,S
2021-07-14T13:03:42,300.0,12.1,S
2021-07-14T13:03:38,5000.0,12.1,S
2021-07-14T13:03:22,200.0,12.1,S
2021-07-14T13:03:20,8500.0,12.2,B
2021-07-14T13:02:32,8200.0,12.2,S
2021-07-14T13:02:26,10000.0,12.2,S
2021-07-14T13:02:18,100.0,12.2,S
2021-07-14T13:02:11,1000.0,12.2,S
2021-07-14T13:02:00,300.0,12.2,S
2021-07-14T13:01:03,200.0,12.2,S
2021-07-14T13:00:18,200.0,12.3,S
2021-07-14T11:29:57,200.0,12.2,S
2021-07-14T11:29:52,3000.0,12.2,S
2021-07-14T11:29:05,1000.0,12.2,S
2021-07-14T11:28:17,6000.0,12.4,B
2021-07-14T11:28:09,600.0,12.4,B
2021-07-14T11:27:36,1800.0,12.3,S
2021-07-14T11:27:05,100.0,12.3,S
2021-07-14T11:27:00,2000.0,12.3,S
2021-07-14T11:26:23,2300.0,12.3,S
2021-07-14T11:25:29,100.0,12.3,S
2021-07-14T11:25:09,2000.0,12.3,S
2021-07-14T11:24:21,1000.0,12.3,S
2021-07-14T11:24:02,100.0,12.3,S
2021-07-14T11:23:42,100.0,12.4,B
2021-07-14T11:23:21,100.0,12.4,B
2021-07-14T11:22:52,1500.0,12.4,B
2021-07-14T11:20:40,200.0,12.3,B
2021-07-14T11:20:34,2000.0,12.3,B
2021-07-14T11:20:30,300.0,12.3,B
2021-07-14T11:20:16,5000.0,12.3,B
2021-07-14T11:20:13,1800.0,12.3,B
2021-07-14T11:19:40,100.0,12.3,B
2021-07-14T11:19:26,100.0,12.3,B
2021-07-14T11:19:15,2000.0,12.3,B
2021-07-14T11:19:00,1000.0,12.3,B
2021-07-14T11:18:53,1000.0,12.3,B
2021-07-14T11:18:45,200.0,12.3,B
2021-07-14T11:18:40,3000.0,12.3,B
2021-07-14T11:18:37,100.0,12.3,B
2021-07-14T11:18:20,1000.0,12.3,B
2021-07-14T11:18:06,100.0,12.3,B
2021-07-14T11:18:02,1000.0,12.3,B
2021-07-14T11:17:49,5000.0,12.3,B
2021-07-14T11:17:47,1000.0,12.3,B
2021-07-14T11:17:35,2400.0,12.3,B
2021-07-14T11:17:12,1500.0,12.3,B
2021-07-14T11:17:03,100.0,12.3,B
2021-07-14T11:16:57,100.0,12.3,B
2021-07-14T11:16:45,500.0,12.2,S
2021-07-14T11:15:34,7000.0,12.2,B
2021-07-14T11:15:34,1000.0,12.2,B
2021-07-14T11:15:33,100.0,12.2,B
2021-07-14T11:15:31,200.0,12.2,B
2021-07-14T11:15:31,2200.0,12.2,B
2021-07-14T11:15:30,500.0,12.2,B
2021-07-14T11:15:27,1500.0,12.2,B
2021-07-14T11:15:25,10000.0,12.2,B
2021-07-14T11:15:20,1000.0,12.2,B
2021-07-14T11:15:18,3000.0,12.2,B
2021-07-14T11:15:14,8900.0,12.2,B
2021-07-14T11:15:07,400.0,12.2,B
2021-07-14T11:15:05,10000.0,12.1,S
2021-07-14T11:15:04,600.0,12.2,B
2021-07-14T11:15:03,400.0,12.2,B
2021-07-14T11:14:58,100.0,12.2,B
2021-07-14T11:14:58,1000.0,12.2,B
2021-07-14T11:14:53,500.0,12.2,B
2021-07-14T11:14:52,200.0,12.2,B
2021-07-14T11:14:50,500.0,12.2,B
2021-07-14T11:14:48,3000.0,12.2,B
2021-07-14T11:14:45,100.0,12.2,B
2021-07-14T11:14:38,600.0,12.2,B
2021-07-14T11:14:26,1000.0,12.2,B
2021-07-14T11:14:24,100.0,12.2,B
2021-07-14T11:14:16,200.0,12.2,B
2021-07-14T11:14:10,100.0,12.2,B
2021-07-14T11:14:08,500.0,12.2,B
2021-07-14T11:13:59,500.0,12.1,S
2021-07-14T11:13:29,500.0,12.1,S
2021-07-14T11:13:05,100.0,12.1,S
2021-07-14T11:12:46,100.0,12.1,S
2021-07-14T11:12:38,700.0,12.1,B
2021-07-14T11:12:36,2000.0,12.1,B
2021-07-14T11:12:33,200.0,12.1,B
2021-07-14T11:12:33,500.0,12.1,B
2021-07-14T11:12:27,100.0,12.1,B
2021-07-14T11:12:26,100.0,12.1,B
2021-07-14T11:12:23,1900.0,12.1,B
2021-07-14T11:12:23,100.0,12.1,B
2021-07-14T11:12:22,100.0,12.1,B
2021-07-14T11:12:22,200.0,12.1,B
2021-07-14T11:12:14,200.0,12.1,B
2021-07-14T11:12:11,2300.0,12.1,B
2021-07-14T11:12:08,2000.0,12.1,B
2021-07-14T11:12:03,600.0,12.1,B
2021-07-14T11:11:52,300.0,12.1,B
2021-07-14T11:11:50,2000.0,12.1,B
2021-07-14T11:11:40,100.0,12.1,B
2021-07-14T11:11:36,500.0,12.1,B
2021-07-14T11:11:31,500.0,12.1,B
2021-07-14T11:11:18,3600.0,12.1,S
2021-07-14T11:10:43,2000.0,12.1,S
2021-07-14T11:10:37,1500.0,12.2,B
2021-07-14T11:10:03,84300.0,12.2,S
2021-07-14T11:09:43,15000.0,12.2,S
2021-07-14T11:09:08,300.0,12.2,S
2021-07-14T11:08:25,1400.0,12.2,S
2021-07-14T11:07:48,900.0,12.3,B
2021-07-14T11:07:30,6800.0,12.3,S
2021-07-14T11:06:58,5000.0,12.3,S
2021-07-14T11:06:50,1500.0,12.4,B
2021-07-14T11:06:33,3000.0,12.3,S
2021-07-14T11:05:47,1000.0,12.3,S
2021-07-14T11:05:29,300.0,12.4,B
2021-07-14T11:05:25,2000.0,12.3,S
2021-07-14T11:04:05,3600.0,12.3,B
2021-07-14T11:03:58,100.0,12.3,B
2021-07-14T11:03:55,1000.0,12.2,S
2021-07-14T11:03:48,4500.0,12.3,B
2021-07-14T11:03:43,1000.0,12.3,B
2021-07-14T11:03:02,2000.0,12.2,S
2021-07-14T11:02:42,10800.0,12.3,S
2021-07-14T11:01:58,3700.0,12.3,S
2021-07-14T11:01:54,2100.0,12.3,S
2021-07-14T11:01:45,3500.0,12.3,S
2021-07-14T11:01:39,1500.0,12.3,S
2021-07-14T11:01:39,5000.0,12.3,S
2021-07-14T11:01:34,100.0,12.4,B
2021-07-14T11:00:59,2000.0,12.3,S
2021-07-14T11:00:45,2000.0,12.4,B
2021-07-14T11:00:26,700.0,12.4,S
2021-07-14T11:00:23,15000.0,12.4,S
2021-07-14T11:00:09,300.0,12.4,S
2021-07-14T11:00:07,10000.0,12.4,S
2021-07-14T10:59:44,5000.0,12.4,S
2021-07-14T10:59:36,2000.0,12.4,S
2021-07-14T10:58:58,4000.0,12.4,S
2021-07-14T10:57:30,1500.0,12.4,S
2021-07-14T10:57:09,900.0,12.4,S
2021-07-14T10:55:03,100.0,12.5,B
2021-07-14T10:54:46,100.0,12.5,B
2021-07-14T10:54:19,1000.0,12.5,B
2021-07-14T10:53:54,200.0,12.5,B
2021-07-14T10:53:47,5000.0,12.5,B
2021-07-14T10:53:43,400.0,12.5,B
2021-07-14T10:53:14,300.0,12.5,B
2021-07-14T10:52:56,100.0,12.4,S
2021-07-14T10:52:40,500.0,12.5,B
2021-07-14T10:52:36,500.0,12.4,S
2021-07-14T10:51:12,600.0,12.4,S
2021-07-14T10:49:37,400.0,12.4,S
2021-07-14T10:49:14,500.0,12.5,B
2021-07-14T10:48:46,2600.0,12.5,B
2021-07-14T10:48:21,600.0,12.5,S
2021-07-14T10:48:19,100.0,12.5,S
2021-07-14T10:48:13,20000.0,12.5,S
2021-07-14T10:47:58,100.0,12.5,S
2021-07-14T10:47:46,100.0,12.5,S
2021-07-14T10:46:15,700.0,12.6,B
2021-07-14T10:45:20,2000.0,12.6,B
2021-07-14T10:44:44,200.0,12.5,S
2021-07-14T10:43:59,300.0,12.5,S
2021-07-14T10:42:59,400.0,12.6,B
2021-07-14T10:40:43,300.0,12.5,S
2021-07-14T10:40:03,100.0,12.5,S
2021-07-14T10:39:34,5000.0,12.5,S
2021-07-14T10:38:14,400.0,12.5,S
2021-07-14T10:38:14,200.0,12.5,S
2021-07-14T10:36:39,1000.0,12.5,S
2021-07-14T10:36:08,200.0,12.5,S
2021-07-14T10:36:08,500.0,12.6,B
2021-07-14T10:32:54,500.0,12.5,S
2021-07-14T10:32:38,700.0,12.5,S
2021-07-14T10:32:31,1300.0,12.5,S
2021-07-14T10:32:15,2000.0,12.5,S
2021-07-14T10:32:12,1500.0,12.5,B
2021-07-14T10:32:11,800.0,12.5,S
2021-07-14T10:32:11,500.0,12.5,S
2021-07-14T10:31:58,4000.0,12.5,S
2021-07-14T10:31:55,100.0,12.5,S
2021-07-14T10:31:45,1000.0,12.5,S
2021-07-14T10:31:34,33300.0,12.5,S
2021-07-14T10:31:14,200.0,12.6,B
2021-07-14T10:30:07,200.0,12.6,B
2021-07-14T10:29:42,16400.0,12.5,S
2021-07-14T10:28:32,600.0,12.6,S
2021-07-14T10:28:24,2000.0,12.6,S
2021-07-14T10:27:40,900.0,12.6,S
2021-07-14T10:27:35,100.0,12.6,S
2021-07-14T10:27:25,6400.0,12.6,B
2021-07-14T10:27:05,100.0,12.5,S
2021-07-14T10:26:57,400.0,12.5,S
2021-07-14T10:25:40,200.0,12.6,B
2021-07-14T10:25:09,900.0,12.6,B
2021-07-14T10:25:03,300.0,12.6,B
2021-07-14T10:24:12,1000.0,12.6,B
2021-07-14T10:23:30,100.0,12.6,B
2021-07-14T10:23:00,9200.0,12.6,S
2021-07-14T10:22:33,2500.0,12.6,S
2021-07-14T10:22:19,4000.0,12.6,S
2021-07-14T10:20:47,400.0,12.6,S
2021-07-14T10:18:34,1400.0,12.6,S
2021-07-14T10:17:53,2000.0,12.6,S
2021-07-14T10:15:57,700.0,12.6,B
2021-07-14T10:15:49,100.0,12.6,B
2021-07-14T10:15:41,200.0,12.6,B
2021-07-14T10:15:38,10000.0,12.6,B
2021-07-14T10:15:27,100.0,12.6,B
2021-07-14T10:15:24,400.0,12.6,B
2021-07-14T10:15:07,9700.0,12.6,B
2021-07-14T10:14:47,1200.0,12.6,B
2021-07-14T10:14:37,1000.0,12.6,B
2021-07-14T10:14:32,10000.0,12.6,B
2021-07-14T10:14:30,3900.0,12.6,B
2021-07-14T10:14:16,200.0,12.6,B
2021-07-14T10:13:56,1000.0,12.6,B
2021-07-14T10:12:27,1000.0,12.6,B
2021-07-14T10:12:20,500.0,12.5,S
2021-07-14T10:11:58,26000.0,12.6,S
2021-07-14T10:11:48,700.0,12.6,S
2021-07-14T10:11:44,100.0,12.6,S
2021-07-14T10:11:31,500.0,12.6,S
2021-07-14T10:11:25,1100.0,12.6,S
2021-07-14T10:10:59,2000.0,12.6,S
2021-07-14T10:10:35,1000.0,12.6,S
2021-07-14T10:10:30,1800.0,12.6,S
2021-07-14T10:08:45,200.0,12.6,S
2021-07-14T10:08:19,7000.0,12.6,S
2021-07-14T10:08:07,1800.0,12.7,S
2021-07-14T10:07:30,1600.0,12.7,S
2021-07-14T10:07:25,500.0,12.7,B
2021-07-14T10:07:15,3000.0,12.7,B
2021-07-14T10:06:52,100.0,12.7,B
2021-07-14T10:06:48,100.0,12.7,B
2021-07-14T10:06:47,1500.0,12.7,B
2021-07-14T10:06:44,1200.0,12.6,S
2021-07-14T10:06:43,100.0,12.7,B
2021-07-14T10:06:38,3000.0,12.7,B
2021-07-14T10:06:26,100.0,12.7,B
2021-07-14T10:06:08,3000.0,12.7,B
2021-07-14T10:05:36,300.0,12.6,S
2021-07-14T10:05:18,2000.0,12.6,S
2021-07-14T10:05:09,200.0,12.6,S
2021-07-14T10:04:25,500.0,12.6,S
2021-07-14T10:04:14,1000.0,12.6,S
2021-07-14T10:04:00,2300.0,12.6,S
2021-07-14T10:03:31,1000.0,12.6,S
2021-07-14T10:03:16,1000.0,12.6,S
2021-07-14T10:02:53,100.0,12.6,S
2021-07-14T10:01:57,500.0,12.6,S
2021-07-14T10:01:17,300.0,12.6,S
2021-07-14T10:01:15,300.0,12.6,S
2021-07-14T10:00:10,1000.0,12.6,S
2021-07-14T09:58:37,600.0,12.7,B
2021-07-14T09:58:28,200.0,12.7,B
2021-07-14T09:57:13,200.0,12.7,B
2021-07-14T09:55:47,1800.0,12.7,B
2021-07-14T09:55:32,8700.0,12.7,S
2021-07-14T09:54:25,4600.0,12.7,S
2021-07-14T09:54:16,26000.0,12.8,B
2021-07-14T09:53:36,2000.0,12.8,B
2021-07-14T09:52:34,100.0,12.8,B
2021-07-14T09:51:27,2000.0,12.8,B
2021-07-14T09:51:21,7800.0,12.7,B
2021-07-14T09:51:08,2200.0,12.7,S
2021-07-14T09:51:04,100.0,12.7,S
2021-07-14T09:50:39,15000.0,12.7,S
2021-07-14T09:50:26,500.0,12.8,B
2021-07-14T09:48:42,300.0,12.8,B
2021-07-14T09:48:26,600.0,12.8,S
2021-07-14T09:47:55,700.0,12.8,S
2021-07-14T09:47:29,800.0,12.8,B
2021-07-14T09:46:59,100.0,12.8,B
2021-07-14T09:46:49,5000.0,12.9,B
2021-07-14T09:46:43,1300.0,12.8,S
2021-07-14T09:46:31,500.0,12.8,S
2021-07-14T09:46:30,400.0,12.8,S
2021-07-14T09:46:25,200.0,12.8,S
2021-07-14T09:45:33,4000.0,12.8,S
2021-07-14T09:44:48,200.0,12.8,S
2021-07-14T09:44:36,400.0,12.8,S
2021-07-14T09:44:29,500.0,12.8,S
2021-07-14T09:44:08,100.0,12.8,S
2021-07-14T09:42:30,5000.0,12.9,B
2021-07-14T09:42:25,1000.0,12.8,S
2021-07-14T09:42:21,900.0,12.9,B
2021-07-14T09:42:00,1000.0,12.9,B
2021-07-14T09:41:52,500.0,12.9,S
2021-07-14T09:41:52,500.0,12.9,S
2021-07-14T09:41:51,500.0,12.9,S
2021-07-14T09:41:50,5000.0,12.9,S
2021-07-14T09:41:47,200.0,12.9,S
2021-07-14T09:41:46,10000.0,12.9,S
2021-07-14T09:41:43,4000.0,12.9,S
2021-07-14T09:41:40,500.0,12.9,S
2021-07-14T09:41:39,100.0,12.9,S
2021-07-14T09:41:34,8000.0,12.9,S
2021-07-14T09:41:26,12100.0,12.9,S
2021-07-14T09:41:21,800.0,12.9,S
2021-07-14T09:41:19,3000.0,12.9,S
2021-07-14T09:41:04,1500.0,12.9,S
2021-07-14T09:41:01,10000.0,12.9,S
2021-07-14T09:40:59,200.0,12.9,S
2021-07-14T09:40:55,700.0,12.9,S
2021-07-14T09:40:44,100.0,12.9,S
2021-07-14T09:40:29,1000.0,12.9,S
2021-07-14T09:40:16,300.0,12.9,S
2021-07-14T09:40:04,1000.0,12.9,S
2021-07-14T09:39:55,200.0,12.9,S
2021-07-14T09:39:34,200.0,13.0,B
2021-07-14T09:39:33,100.0,12.9,S
2021-07-14T09:39:18,100.0,12.9,S
2021-07-14T09:39:07,200.0,12.9,S
2021-07-14T09:38:57,200.0,12.9,S
2021-07-14T09:38:52,700.0,12.9,B
2021-07-14T09:38:47,1800.0,12.9,B
2021-07-14T09:38:46,5000.0,12.9,B
2021-07-14T09:38:38,100.0,12.9,B
2021-07-14T09:38:35,5000.0,12.9,B
2021-07-14T09:38:32,100.0,12.9,B
2021-07-14T09:38:26,2000.0,12.9,B
2021-07-14T09:38:23,3400.0,12.9,B
2021-07-14T09:38:20,100.0,12.9,B
2021-07-14T09:38:20,9000.0,12.9,B
2021-07-14T09:38:13,800.0,12.9,B
2021-07-14T09:38:10,100.0,12.9,B
2021-07-14T09:38:09,100.0,12.9,B
2021-07-14T09:37:58,5000.0,12.9,B
2021-07-14T09:37:54,500.0,12.9,B
2021-07-14T09:37:49,200.0,12.9,B
2021-07-14T09:37:45,5000.0,12.9,B
2021-07-14T09:37:23,2000.0,12.9,B
2021-07-14T09:37:17,2000.0,12.9,B
2021-07-14T09:37:09,400.0,12.9,B
2021-07-14T09:36:57,2900.0,12.9,B
2021-07-14T09:36:36,1000.0,12.9,B
2021-07-14T09:36:28,100.0,12.9,B
2021-07-14T09:35:58,100.0,12.9,B
2021-07-14T09:35:54,100.0,12.9,B
2021-07-14T09:35:27,4100.0,12.8,B
2021-07-14T09:35:26,200.0,12.8,B
2021-07-14T09:35:23,300.0,12.8,B
2021-07-14T09:35:13,9000.0,12.8,B
2021-07-14T09:35:04,2900.0,12.7,S
2021-07-14T09:34:48,100.0,12.7,S
2021-07-14T09:34:20,1400.0,12.8,B
2021-07-14T09:34:02,700.0,12.8,B
2021-07-14T09:33:52,2500.0,12.7,S
2021-07-14T09:33:49,200.0,12.8,B
2021-07-14T09:33:41,10000.0,12.8,B
2021-07-14T09:33:10,6800.0,12.8,B
2021-07-14T09:32:58,3000.0,12.7,S
2021-07-14T09:32:53,5000.0,12.7,S
2021-07-14T09:32:12,15000.0,12.8,B
2021-07-14T09:31:26,2000.0,12.7,S
2021-07-14T09:31:24,4000.0,12.8,B
2021-07-14T09:30:41,200.0,12.8,B
2021-07-14T09:30:14,1000.0,12.7,S
2021-07-14T09:29:50,500.0,12.7,S
2021-07-14T09:29:45,2000.0,12.7,S
2021-07-14T09:29:26,900.0,12.7,S
2021-07-14T09:29:09,1700.0,12.7,B
2021-07-14T09:28:59,100.0,12.7,B
2021-07-14T09:28:20,500.0,12.7,B
2021-07-14T09:27:33,3000.0,12.7,B
2021-07-14T09:27:24,1000.0,12.6,S
2021-07-14T09:27:07,4300.0,12.6,S
2021-07-14T09:26:39,1000.0,12.6,S
2021-07-14T09:26:25,10000.0,12.7,B
2021-07-14T09:25:41,100.0,12.6,S
2021-07-14T09:25:29,1000.0,12.6,S
2021-07-14T09:25:29,10000.0,12.6,S
2021-07-14T09:25:11,100.0,12.7,B
2021-07-14T09:25:10,3000.0,12.7,B
2021-07-14T09:25:08,10000.0,12.6,S
2021-07-14T09:23:33,1100.0,12.7,B
2021-07-14T09:22:50,1000.0,12.7,S
2021-07-14T09:22:43,1000.0,12.7,S
2021-07-14T09:22:29,700.0,12.8,B
2021-07-14T09:21:56,8100.0,12.7,S
2021-07-14T09:21:47,3000.0,12.7,S
2021-07-14T09:21:44,500.0,12.7,S
2021-07-14T09:21:39,2000.0,12.7,S
2021-07-14T09:21:19,300.0,12.7,S
2021-07-14T09:21:15,1000.0,12.7,S
2021-07-14T09:21:12,100.0,12.7,S
2021-07-14T09:21:11,5000.0,12.7,S
2021-07-14T09:20:46,1500.0,12.7,S
2021-07-14T09:20:46,5000.0,12.7,S
2021-07-14T09:20:38,700.0,12.7,S
2021-07-14T09:20:38,1000.0,12.7,S
2021-07-14T09:20:34,700.0,12.7,S
2021-07-14T09:20:19,5000.0,12.7,S
2021-07-14T09:20:02,1100.0,12.7,S
2021-07-14T09:19:34,7300.0,12.9,B
2021-07-14T09:19:07,100.0,12.8,S
2021-07-14T09:18:55,100.0,12.8,S
2021-07-14T09:18:49,500.0,12.8,S
2021-07-14T09:18:46,3000.0,12.8,S
2021-07-14T09:18:24,2000.0,12.8,S
2021-07-14T09:18:17,4500.0,12.8,B
2021-07-14T09:18:16,200.0,12.7,B
2021-07-14T09:18:00,13000.0,12.8,B
2021-07-14T09:17:46,6000.0,12.7,B
2021-07-14T09:17:42,200.0,12.7,B
2021-07-14T09:17:36,1000.0,12.7,B
2021-07-14T09:17:29,500.0,12.7,B
2021-07-14T09:17:26,1000.0,12.6,S
2021-07-14T09:16:52,8500.0,12.7,B
2021-07-14T09:16:51,100.0,12.8,B
2021-07-14T09:16:31,2000.0,12.8,B
2021-07-14T09:16:29,3000.0,12.7,S
2021-07-14T09:16:20,300.0,12.8,B
2021-07-14T09:16:08,300.0,12.8,B
2021-07-14T09:15:53,500.0,12.8,B
2021-07-14T09:15:49,900.0,12.7,S
2021-07-14T09:15:34,400.0,12.7,S
2021-07-14T09:15:29,1400.0,12.7,B
2021-07-14T09:15:21,300.0,12.7,B
2021-07-14T09:15:20,3000.0,12.7,B
2021-07-14T09:15:19,1000.0,12.7,B
2021-07-14T09:15:07,200.0,12.7,B
2021-07-14T09:15:06,8000.0,12.7,B
2021-07-14T09:14:59,400.0,12.7,B
2021-07-14T09:14:44,100.0,12.7,B
2021-07-14T09:14:23,2000.0,12.7,B
2021-07-14T09:13:07,200.0,12.6,B
2021-07-14T09:13:02,200.0,12.6,B
2021-07-14T09:12:57,1000.0,12.6,B
2021-07-14T09:12:49,500.0,12.6,B
2021-07-14T09:12:46,1000.0,12.6,B
2021-07-14T09:12:37,200.0,12.6,B
2021-07-14T09:12:33,1300.0,12.6,S
2021-07-14T09:12:27,6000.0,12.7,B
2021-07-14T09:12:18,100.0,12.6,B
2021-07-14T09:12:15,300.0,12.6,B
2021-07-14T09:12:07,2000.0,12.6,B
2021-07-14T09:11:35,100.0,12.6,B
2021-07-14T09:11:02,1000.0,12.6,B
2021-07-14T09:10:45,2000.0,12.6,B
2021-07-14T09:10:45,5700.0,12.6,S
2021-07-14T09:10:40,300.0,12.6,S
2021-07-14T09:10:24,100.0,12.6,S
2021-07-14T09:08:11,600.0,12.6,B
2021-07-14T09:07:37,23500.0,12.6,S
2021-07-14T09:07:36,100.0,12.8,B
2021-07-14T09:07:18,200.0,12.6,S
2021-07-14T09:06:27,1500.0,12.6,S
2021-07-14T09:05:47,1800.0,12.6,S
2021-07-14T09:04:56,500.0,12.6,S
2021-07-14T09:04:42,1000.0,12.7,S
2021-07-14T09:04:40,400.0,12.8,B
2021-07-14T09:04:05,500.0,12.8,B
2021-07-14T09:03:29,100.0,12.8,B
2021-07-14T09:03:27,400.0,12.8,S
2021-07-14T09:03:05,400.0,12.8,S
2021-07-14T09:03:00,5000.0,12.9,B
2021-07-14T09:02:53,500.0,12.9,B
2021-07-14T09:02:48,100.0,12.9,B
2021-07-14T09:02:37,3700.0,12.9,B
2021-07-14T09:02:33,200.0,12.8,S
2021-07-14T09:02:10,100.0,12.9,B
2021-07-14T09:01:48,2000.0,12.9,B
2021-07-14T09:01:37,600.0,12.9,S
2021-07-14T09:01:32,7500.0,12.9,S
2021-07-14T09:01:27,100.0,12.9,S
2021-07-14T09:01:13,100.0,12.9,S
2021-07-14T09:01:10,3500.0,12.9,S
2021-07-14T09:00:59,200.0,12.9,S
2021-07-14T09:00:42,200.0,13.0,B
2021-07-14T09:00:30,5000.0,12.7,S
2021-07-14T09:00:26,100.0,13.0,S
2021-07-14T09:00:26,300.0,13.0,S
2021-07-14T09:00:24,500.0,13.0,S
