tradingTime,volume,price,side
2021-07-14T14:30:00,50000.0,39.0,B
2021-07-14T14:29:59,1400.0,38.7,S
2021-07-14T14:29:55,200.0,38.8,B
2021-07-14T14:29:51,1400.0,38.7,S
2021-07-14T14:29:49,600.0,38.8,B
2021-07-14T14:29:33,100.0,38.9,B
2021-07-14T14:29:30,3000.0,38.9,S
2021-07-14T14:29:30,1800.0,38.9,S
2021-07-14T14:29:29,300.0,38.9,S
2021-07-14T14:29:26,1500.0,38.9,S
2021-07-14T14:29:25,200.0,38.9,S
2021-07-14T14:29:24,400.0,38.9,S
2021-07-14T14:29:21,500.0,38.9,S
2021-07-14T14:29:20,600.0,38.9,S
2021-07-14T14:29:16,2000.0,38.9,S
2021-07-14T14:29:15,1000.0,38.9,S
2021-07-14T14:29:09,10000.0,38.9,S
2021-07-14T14:29:06,5000.0,38.9,S
2021-07-14T14:29:05,600.0,38.9,S
2021-07-14T14:29:02,5000.0,38.9,S
2021-07-14T14:29:00,400.0,38.9,S
2021-07-14T14:28:52,2000.0,38.9,S
2021-07-14T14:28:50,400.0,38.9,S
2021-07-14T14:28:50,800.0,38.9,S
2021-07-14T14:28:45,3000.0,38.9,S
2021-07-14T14:28:38,400.0,38.9,S
2021-07-14T14:28:36,600.0,38.9,S
2021-07-14T14:28:32,2000.0,39.0,B
2021-07-14T14:28:31,500.0,38.9,S
2021-07-14T14:28:24,900.0,38.9,S
2021-07-14T14:28:22,5000.0,38.9,S
2021-07-14T14:28:16,4000.0,39.0,B
2021-07-14T14:28:08,500.0,39.0,B
2021-07-14T14:27:44,7400.0,38.9,S
2021-07-14T14:26:56,200.0,38.9,B
2021-07-14T14:26:29,2800.0,38.9,B
2021-07-14T14:26:25,1800.0,38.9,S
2021-07-14T14:26:15,5400.0,38.9,B
2021-07-14T14:26:04,100.0,38.9,B
2021-07-14T14:26:01,1000.0,38.9,B
2021-07-14T14:25:44,4000.0,38.9,B
2021-07-14T14:25:31,300.0,38.8,B
2021-07-14T14:25:29,2900.0,38.8,B
2021-07-14T14:25:21,5000.0,38.7,S
2021-07-14T14:25:01,1900.0,38.7,B
2021-07-14T14:23:53,10000.0,38.7,B
2021-07-14T14:23:45,500.0,38.5,B
2021-07-14T14:23:36,100.0,38.5,S
2021-07-14T14:23:33,1900.0,38.5,B
2021-07-14T14:23:27,600.0,38.5,B
2021-07-14T14:23:26,400.0,38.5,B
2021-07-14T14:23:06,300.0,38.5,B
2021-07-14T14:22:59,1000.0,38.5,B
2021-07-14T14:22:48,3000.0,38.5,B
2021-07-14T14:22:39,100.0,38.5,B
2021-07-14T14:22:00,200.0,38.3,S
2021-07-14T14:21:42,30000.0,38.3,S
2021-07-14T14:21:19,5000.0,38.5,S
2021-07-14T14:21:15,100.0,38.5,S
2021-07-14T14:20:30,500.0,38.5,S
2021-07-14T14:19:36,2500.0,38.5,B
2021-07-14T14:19:24,200.0,38.5,B
2021-07-14T14:19:16,1000.0,38.5,B
2021-07-14T14:19:03,200.0,38.5,B
2021-07-14T14:18:52,200.0,38.5,B
2021-07-14T14:18:49,6200.0,38.5,S
2021-07-14T14:18:37,2400.0,38.6,S
2021-07-14T14:18:29,300.0,38.6,S
2021-07-14T14:18:12,3700.0,38.7,B
2021-07-14T14:18:01,300.0,38.7,S
2021-07-14T14:17:36,1000.0,38.8,S
2021-07-14T14:17:33,1000.0,38.8,S
2021-07-14T14:16:56,2600.0,39.0,S
2021-07-14T14:16:29,200.0,39.0,S
2021-07-14T14:16:25,1000.0,39.0,S
2021-07-14T14:16:20,1200.0,39.0,B
2021-07-14T14:15:51,2000.0,39.0,B
2021-07-14T14:15:03,1000.0,39.1,B
2021-07-14T14:14:46,10000.0,39.1,B
2021-07-14T14:14:32,1300.0,39.0,S
2021-07-14T14:14:31,2600.0,39.0,S
2021-07-14T14:14:28,500.0,39.0,S
2021-07-14T14:14:22,2000.0,39.0,S
2021-07-14T14:14:18,200.0,39.0,S
2021-07-14T14:14:06,900.0,39.0,S
2021-07-14T14:14:06,100.0,39.0,S
2021-07-14T14:13:46,500.0,39.0,S
2021-07-14T14:13:45,300.0,39.1,B
2021-07-14T14:13:41,3000.0,39.0,S
2021-07-14T14:12:38,10000.0,39.2,B
2021-07-14T14:12:31,200.0,39.0,S
2021-07-14T14:12:25,5000.0,39.1,B
2021-07-14T14:12:20,300.0,39.0,S
2021-07-14T14:12:14,2000.0,39.0,S
2021-07-14T14:12:00,4700.0,39.1,B
2021-07-14T14:11:50,200.0,39.0,S
2021-07-14T14:11:44,95400.0,39.0,B
2021-07-14T14:11:41,400.0,38.8,S
2021-07-14T14:11:38,1100.0,38.8,B
2021-07-14T14:11:36,300.0,38.8,B
2021-07-14T14:11:22,5400.0,38.8,B
2021-07-14T14:11:10,300.0,38.8,B
2021-07-14T14:11:10,300.0,38.7,B
2021-07-14T14:11:06,200.0,38.7,B
2021-07-14T14:10:46,500.0,38.8,B
2021-07-14T14:10:43,400.0,38.7,S
2021-07-14T14:10:36,3500.0,38.8,B
2021-07-14T14:10:33,4100.0,38.9,B
2021-07-14T14:10:17,46600.0,38.8,B
2021-07-14T14:09:35,5900.0,38.7,B
2021-07-14T14:09:21,10000.0,38.7,B
2021-07-14T14:09:14,1200.0,38.7,B
2021-07-14T14:09:03,900.0,38.6,B
2021-07-14T14:08:59,10000.0,38.6,B
2021-07-14T14:08:51,3600.0,38.5,B
2021-07-14T14:08:43,100.0,38.5,B
2021-07-14T14:08:40,2400.0,38.4,S
2021-07-14T14:08:39,100.0,38.4,S
2021-07-14T14:08:30,300.0,38.4,S
2021-07-14T14:08:27,10000.0,38.5,B
2021-07-14T14:08:17,400.0,38.4,B
2021-07-14T14:08:13,100.0,38.4,B
2021-07-14T14:08:10,12200.0,38.4,B
2021-07-14T14:07:56,5000.0,38.4,B
2021-07-14T14:07:46,2000.0,38.4,B
2021-07-14T14:07:31,2600.0,38.3,B
2021-07-14T14:07:29,100.0,38.3,B
2021-07-14T14:07:19,500.0,38.3,B
2021-07-14T14:06:51,1200.0,38.2,S
2021-07-14T14:06:46,200.0,38.3,B
2021-07-14T14:06:14,1600.0,38.2,S
2021-07-14T14:05:48,2400.0,38.2,B
2021-07-14T14:05:07,1000.0,38.2,B
2021-07-14T14:05:00,200.0,38.1,S
2021-07-14T14:04:55,300.0,38.1,B
2021-07-14T14:04:51,4700.0,38.1,S
2021-07-14T14:04:39,3400.0,38.1,B
2021-07-14T14:04:37,200.0,38.1,B
2021-07-14T14:04:25,200.0,38.1,B
2021-07-14T14:04:20,1100.0,38.0,S
2021-07-14T14:04:19,5000.0,38.1,B
2021-07-14T14:04:17,400.0,38.1,B
2021-07-14T14:04:15,500.0,38.1,B
2021-07-14T14:04:14,100.0,38.1,B
2021-07-14T14:04:13,500.0,38.0,S
2021-07-14T14:03:31,100.0,38.1,B
2021-07-14T14:03:22,700.0,38.1,B
2021-07-14T14:03:07,100.0,38.1,B
2021-07-14T14:03:01,1300.0,38.1,B
2021-07-14T14:02:58,900.0,38.0,S
2021-07-14T14:02:05,1900.0,38.1,S
2021-07-14T14:01:43,500.0,38.1,S
2021-07-14T14:01:38,100.0,38.1,S
2021-07-14T14:01:36,3600.0,38.0,S
2021-07-14T14:01:17,1000.0,38.0,S
2021-07-14T14:01:13,600.0,38.0,S
2021-07-14T14:01:03,1000.0,38.0,B
2021-07-14T14:01:01,200.0,38.0,B
2021-07-14T14:00:52,900.0,38.0,B
2021-07-14T14:00:47,9100.0,38.0,S
2021-07-14T14:00:45,200.0,38.0,B
2021-07-14T14:00:43,1000.0,38.0,B
2021-07-14T14:00:35,100.0,38.0,B
2021-07-14T14:00:27,500.0,38.0,B
2021-07-14T14:00:24,100.0,38.0,B
2021-07-14T14:00:21,9300.0,38.0,S
2021-07-14T14:00:17,23000.0,38.0,S
2021-07-14T13:59:54,3200.0,38.1,S
2021-07-14T13:59:48,700.0,38.2,S
2021-07-14T13:59:35,4000.0,38.1,S
2021-07-14T13:59:24,1000.0,38.3,B
2021-07-14T13:59:12,200.0,38.2,S
2021-07-14T13:58:52,300.0,38.2,B
2021-07-14T13:58:11,500.0,38.2,B
2021-07-14T13:58:09,500.0,38.1,B
2021-07-14T13:57:58,500.0,38.1,B
2021-07-14T13:57:21,100.0,38.1,S
2021-07-14T13:57:09,6500.0,38.1,B
2021-07-14T13:57:06,1000.0,38.1,B
2021-07-14T13:57:03,2000.0,38.1,B
2021-07-14T13:56:40,1000.0,38.1,S
2021-07-14T13:56:34,1000.0,38.1,S
2021-07-14T13:55:32,800.0,38.0,B
2021-07-14T13:55:32,100.0,38.0,B
2021-07-14T13:55:31,100.0,38.0,B
2021-07-14T13:55:27,2000.0,38.0,B
2021-07-14T13:55:24,700.0,38.0,B
2021-07-14T13:55:22,6100.0,38.0,B
2021-07-14T13:55:22,15000.0,38.0,B
2021-07-14T13:55:14,500.0,38.0,B
2021-07-14T13:55:11,3500.0,38.0,B
2021-07-14T13:55:07,100.0,38.0,B
2021-07-14T13:55:05,400.0,38.0,B
2021-07-14T13:55:03,100.0,38.0,B
2021-07-14T13:54:54,600.0,38.0,B
2021-07-14T13:54:52,300.0,38.0,B
2021-07-14T13:54:49,100.0,38.0,B
2021-07-14T13:54:47,100.0,38.0,B
2021-07-14T13:54:41,300.0,38.0,B
2021-07-14T13:54:37,600.0,38.0,B
2021-07-14T13:54:35,500.0,38.0,B
2021-07-14T13:54:28,100.0,38.0,B
2021-07-14T13:54:21,29200.0,38.0,S
2021-07-14T13:54:13,10000.0,38.1,S
2021-07-14T13:54:00,2900.0,38.1,S
2021-07-14T13:53:59,1000.0,38.3,B
2021-07-14T13:53:51,500.0,38.3,B
2021-07-14T13:52:58,10000.0,38.1,S
2021-07-14T13:52:43,600.0,38.2,S
2021-07-14T13:52:43,300.0,38.3,B
2021-07-14T13:52:38,100.0,38.3,B
2021-07-14T13:52:26,5000.0,38.2,S
2021-07-14T13:51:01,19300.0,38.3,S
2021-07-14T13:50:56,2000.0,38.3,S
2021-07-14T13:50:40,300.0,38.3,S
2021-07-14T13:50:28,500.0,38.4,B
2021-07-14T13:50:21,100.0,38.3,S
2021-07-14T13:50:05,2000.0,38.3,S
2021-07-14T13:49:53,100.0,38.4,S
2021-07-14T13:49:53,600.0,38.4,S
2021-07-14T13:49:47,400.0,38.4,B
2021-07-14T13:49:25,100.0,38.4,B
2021-07-14T13:49:08,10000.0,38.5,B
2021-07-14T13:48:50,700.0,38.3,B
2021-07-14T13:48:03,300.0,38.3,B
2021-07-14T13:47:25,1000.0,38.4,S
2021-07-14T13:47:22,100.0,38.4,S
2021-07-14T13:46:29,400.0,38.4,S
2021-07-14T13:45:28,500.0,38.4,S
2021-07-14T13:45:19,500.0,38.5,B
2021-07-14T13:44:43,8100.0,38.5,S
2021-07-14T13:44:28,8700.0,38.6,B
2021-07-14T13:44:19,500.0,38.6,S
2021-07-14T13:44:17,100.0,38.6,S
2021-07-14T13:44:00,3000.0,38.6,S
2021-07-14T13:43:47,500.0,38.6,S
2021-07-14T13:43:41,500.0,38.6,S
2021-07-14T13:43:05,17800.0,38.6,S
2021-07-14T13:43:00,2000.0,38.6,B
2021-07-14T13:42:45,600.0,38.6,B
2021-07-14T13:42:43,100.0,38.5,S
2021-07-14T13:42:06,42800.0,38.5,B
2021-07-14T13:41:59,2000.0,38.4,S
2021-07-14T13:41:53,3000.0,38.5,B
2021-07-14T13:41:50,100.0,38.4,S
2021-07-14T13:41:26,78700.0,38.5,B
2021-07-14T13:41:08,700.0,38.3,B
2021-07-14T13:40:51,100.0,38.2,S
2021-07-14T13:40:31,200.0,38.2,S
2021-07-14T13:40:29,300.0,38.2,B
2021-07-14T13:39:46,500.0,38.2,B
2021-07-14T13:39:34,20000.0,38.2,B
2021-07-14T13:39:26,500.0,38.2,B
2021-07-14T13:39:13,800.0,38.0,S
2021-07-14T13:39:05,1100.0,38.0,S
2021-07-14T13:39:04,19500.0,38.0,B
2021-07-14T13:39:00,500.0,38.0,S
2021-07-14T13:38:59,300.0,38.0,B
2021-07-14T13:38:55,200.0,38.0,B
2021-07-14T13:38:49,500.0,38.0,B
2021-07-14T13:38:33,800.0,38.0,S
2021-07-14T13:38:16,2000.0,38.0,S
2021-07-14T13:37:40,5300.0,38.0,B
2021-07-14T13:37:37,1000.0,38.0,B
2021-07-14T13:37:14,500.0,38.0,B
2021-07-14T13:37:08,200.0,38.0,B
2021-07-14T13:36:47,100.0,38.0,B
2021-07-14T13:36:41,100.0,38.0,B
2021-07-14T13:36:28,1000.0,38.0,B
2021-07-14T13:36:24,800.0,38.0,B
2021-07-14T13:36:19,1000.0,38.0,B
2021-07-14T13:36:16,700.0,38.1,B
2021-07-14T13:36:00,80000.0,37.5,S
2021-07-14T13:35:46,6000.0,38.1,S
2021-07-14T13:35:25,1900.0,38.2,B
2021-07-14T13:35:24,800.0,38.0,B
2021-07-14T13:35:21,20000.0,38.0,S
2021-07-14T13:35:17,7400.0,38.1,S
2021-07-14T13:35:11,2000.0,38.2,B
2021-07-14T13:35:11,200.0,38.2,B
2021-07-14T13:35:02,200.0,38.1,S
2021-07-14T13:34:56,200.0,38.1,B
2021-07-14T13:34:54,800.0,38.1,B
2021-07-14T13:34:48,1000.0,38.1,B
2021-07-14T13:34:45,25000.0,38.0,S
2021-07-14T13:34:41,2800.0,38.1,S
2021-07-14T13:34:26,500.0,38.2,B
2021-07-14T13:34:22,500.0,38.2,B
2021-07-14T13:34:06,3000.0,38.2,B
2021-07-14T13:34:05,5100.0,38.2,B
2021-07-14T13:34:05,1000.0,38.2,S
2021-07-14T13:33:59,1000.0,38.2,S
2021-07-14T13:33:53,200.0,38.3,B
2021-07-14T13:33:52,600.0,38.3,B
2021-07-14T13:33:37,3000.0,38.2,S
2021-07-14T13:33:35,3000.0,38.3,B
2021-07-14T13:33:34,2000.0,38.2,S
2021-07-14T13:33:25,200.0,38.3,B
2021-07-14T13:33:23,100.0,38.3,B
2021-07-14T13:33:17,4400.0,38.3,S
2021-07-14T13:33:03,800.0,38.4,S
2021-07-14T13:32:27,500.0,38.4,S
2021-07-14T13:32:22,2000.0,38.5,B
2021-07-14T13:32:19,100.0,38.5,B
2021-07-14T13:32:16,3100.0,38.5,S
2021-07-14T13:32:13,3000.0,38.5,S
2021-07-14T13:32:05,1000.0,38.5,S
2021-07-14T13:31:57,800.0,38.6,B
2021-07-14T13:31:53,800.0,38.6,B
2021-07-14T13:31:29,200.0,38.6,B
2021-07-14T13:30:50,1200.0,38.5,B
2021-07-14T13:30:39,10700.0,38.4,S
2021-07-14T13:30:36,200.0,38.5,S
2021-07-14T13:30:21,500.0,38.5,B
2021-07-14T13:30:18,200.0,38.5,B
2021-07-14T13:30:17,2000.0,38.5,B
2021-07-14T13:30:15,100.0,38.5,B
2021-07-14T13:30:04,400.0,38.5,B
2021-07-14T13:29:59,500.0,38.4,S
2021-07-14T13:29:25,300.0,38.4,B
2021-07-14T13:29:17,3700.0,38.3,B
2021-07-14T13:29:16,5000.0,38.3,B
2021-07-14T13:29:16,100.0,38.3,B
2021-07-14T13:29:12,8000.0,38.3,B
2021-07-14T13:29:05,100.0,38.3,B
2021-07-14T13:29:03,1000.0,38.3,B
2021-07-14T13:29:03,1000.0,38.3,B
2021-07-14T13:29:01,500.0,38.3,B
2021-07-14T13:29:00,500.0,38.3,B
2021-07-14T13:28:55,1000.0,38.3,B
2021-07-14T13:28:50,5000.0,38.3,B
2021-07-14T13:28:46,500.0,38.3,B
2021-07-14T13:28:46,1500.0,38.3,B
2021-07-14T13:28:44,100.0,38.3,B
2021-07-14T13:28:41,1000.0,38.3,B
2021-07-14T13:28:37,900.0,38.3,B
2021-07-14T13:28:35,100.0,38.3,B
2021-07-14T13:28:29,600.0,38.3,B
2021-07-14T13:28:20,1000.0,38.3,B
2021-07-14T13:28:15,500.0,38.2,S
2021-07-14T13:28:14,1900.0,38.3,B
2021-07-14T13:28:11,25400.0,38.3,B
2021-07-14T13:28:10,500.0,38.3,B
2021-07-14T13:28:09,10500.0,38.3,B
2021-07-14T13:27:55,200.0,38.3,B
2021-07-14T13:27:48,8000.0,38.3,B
2021-07-14T13:27:39,2000.0,38.2,S
2021-07-14T13:27:34,2000.0,38.3,B
2021-07-14T13:27:29,5000.0,38.3,B
2021-07-14T13:27:23,2400.0,38.3,B
2021-07-14T13:27:18,100.0,38.2,S
2021-07-14T13:26:55,1000.0,38.3,B
2021-07-14T13:26:45,200.0,38.2,S
2021-07-14T13:26:43,3000.0,38.3,B
2021-07-14T13:26:42,1500.0,38.3,B
2021-07-14T13:26:31,400.0,38.3,B
2021-07-14T13:26:27,1000.0,38.3,B
2021-07-14T13:26:11,4400.0,38.3,B
2021-07-14T13:26:06,100.0,38.2,S
2021-07-14T13:26:01,400.0,38.2,B
2021-07-14T13:25:58,100.0,38.2,B
2021-07-14T13:25:44,5000.0,38.2,B
2021-07-14T13:25:42,100.0,38.1,S
2021-07-14T13:25:33,2300.0,38.1,S
2021-07-14T13:25:27,1000.0,38.1,B
2021-07-14T13:25:27,100.0,38.0,S
2021-07-14T13:25:12,12100.0,38.0,S
2021-07-14T13:25:10,1500.0,38.0,B
2021-07-14T13:25:10,500.0,38.0,B
2021-07-14T13:25:10,3000.0,38.0,B
2021-07-14T13:25:09,1000.0,38.0,B
2021-07-14T13:25:04,1000.0,38.0,B
2021-07-14T13:25:03,1000.0,38.0,B
2021-07-14T13:25:02,700.0,38.0,B
2021-07-14T13:24:54,1000.0,38.0,B
2021-07-14T13:24:50,700.0,38.0,B
2021-07-14T13:24:48,1000.0,38.0,B
2021-07-14T13:24:44,2000.0,38.0,B
2021-07-14T13:24:43,500.0,38.0,B
2021-07-14T13:24:36,500.0,38.0,B
2021-07-14T13:24:34,500.0,38.0,B
2021-07-14T13:24:34,100.0,38.0,B
2021-07-14T13:24:31,100.0,38.0,B
2021-07-14T13:24:25,200.0,38.0,B
2021-07-14T13:24:21,100.0,38.0,B
2021-07-14T13:24:16,500.0,38.0,B
2021-07-14T13:24:13,5000.0,38.0,B
2021-07-14T13:24:10,6000.0,38.0,B
2021-07-14T13:24:08,100.0,37.9,S
2021-07-14T13:23:56,200.0,37.9,B
2021-07-14T13:23:54,800.0,37.9,S
2021-07-14T13:23:46,100.0,37.9,S
2021-07-14T13:23:43,200.0,37.9,S
2021-07-14T13:23:42,100.0,37.9,S
2021-07-14T13:23:38,800.0,37.9,S
2021-07-14T13:23:33,600.0,37.9,B
2021-07-14T13:23:25,2000.0,37.8,S
2021-07-14T13:23:19,1100.0,37.9,S
2021-07-14T13:23:18,300.0,37.9,B
2021-07-14T13:23:15,100.0,37.9,B
2021-07-14T13:23:10,500.0,37.9,B
2021-07-14T13:23:09,1000.0,37.9,B
2021-07-14T13:23:01,2000.0,37.9,B
2021-07-14T13:23:00,300.0,37.9,B
2021-07-14T13:22:51,800.0,37.9,B
2021-07-14T13:22:44,100.0,37.9,B
2021-07-14T13:22:18,500.0,37.9,B
2021-07-14T13:22:12,3900.0,37.8,B
2021-07-14T13:22:10,2000.0,37.8,B
2021-07-14T13:22:05,200.0,37.8,B
2021-07-14T13:21:55,1000.0,37.8,B
2021-07-14T13:21:47,200.0,37.8,B
2021-07-14T13:21:42,1000.0,37.8,B
2021-07-14T13:21:41,800.0,37.7,S
2021-07-14T13:21:39,1000.0,37.8,B
2021-07-14T13:21:33,1000.0,37.8,B
2021-07-14T13:21:23,4100.0,37.7,S
2021-07-14T13:21:13,300.0,37.8,B
2021-07-14T13:21:08,500.0,37.8,B
2021-07-14T13:21:04,300.0,37.7,S
2021-07-14T13:20:57,2000.0,37.8,B
2021-07-14T13:20:49,100.0,37.8,B
2021-07-14T13:20:38,1000.0,37.8,B
2021-07-14T13:20:36,100.0,37.8,B
2021-07-14T13:20:35,2000.0,37.8,B
2021-07-14T13:20:32,4000.0,37.8,B
2021-07-14T13:20:12,300.0,37.8,B
2021-07-14T13:19:58,1000.0,37.8,B
2021-07-14T13:19:55,400.0,37.8,B
2021-07-14T13:19:52,300.0,37.8,B
2021-07-14T13:19:46,1000.0,37.8,B
2021-07-14T13:19:39,3600.0,37.7,S
2021-07-14T13:19:32,1000.0,37.8,B
2021-07-14T13:19:31,100.0,37.8,B
2021-07-14T13:19:26,300.0,37.8,B
2021-07-14T13:19:21,200.0,37.8,B
2021-07-14T13:19:18,500.0,37.8,B
2021-07-14T13:19:11,100.0,37.8,B
2021-07-14T13:19:11,100.0,37.8,B
2021-07-14T13:19:07,100.0,37.8,B
2021-07-14T13:19:06,100.0,37.8,B
2021-07-14T13:19:02,600.0,37.8,B
2021-07-14T13:18:58,2800.0,37.8,B
2021-07-14T13:18:57,200.0,37.8,S
2021-07-14T13:18:30,200.0,37.8,S
2021-07-14T13:17:55,400.0,37.7,S
2021-07-14T13:17:54,200.0,37.7,S
2021-07-14T13:17:44,100.0,37.7,S
2021-07-14T13:17:37,400.0,37.7,S
2021-07-14T13:17:35,100.0,38.0,B
2021-07-14T13:17:33,500.0,37.7,S
2021-07-14T13:16:44,3000.0,37.5,S
2021-07-14T13:16:22,100000.0,37.5,S
2021-07-14T13:16:13,40000.0,37.5,S
2021-07-14T13:16:09,10000.0,38.1,S
2021-07-14T13:16:00,3000.0,38.1,S
2021-07-14T13:15:52,100.0,38.1,S
2021-07-14T13:15:37,1000.0,38.2,B
2021-07-14T13:15:31,5000.0,38.1,S
2021-07-14T13:15:24,100.0,38.2,B
2021-07-14T13:15:18,5900.0,38.2,B
2021-07-14T13:15:17,4100.0,38.2,B
2021-07-14T13:15:17,100.0,38.2,B
2021-07-14T13:15:16,200.0,38.2,B
2021-07-14T13:15:15,700.0,38.2,B
2021-07-14T13:15:11,500.0,38.2,S
2021-07-14T13:15:08,5000.0,38.2,S
2021-07-14T13:14:58,2000.0,38.2,S
2021-07-14T13:14:55,200.0,38.2,S
2021-07-14T13:14:53,200.0,38.3,B
2021-07-14T13:14:52,200.0,38.3,B
2021-07-14T13:14:46,500.0,38.3,B
2021-07-14T13:14:45,100.0,38.2,S
2021-07-14T13:14:40,300.0,38.3,B
2021-07-14T13:14:36,400.0,38.3,B
2021-07-14T13:14:34,3000.0,38.2,S
2021-07-14T13:14:17,1000.0,38.2,S
2021-07-14T13:14:10,300.0,38.2,S
2021-07-14T13:14:06,200.0,38.3,B
2021-07-14T13:14:04,1000.0,38.2,S
2021-07-14T13:13:41,1000.0,38.2,S
2021-07-14T13:13:36,1000.0,38.2,S
2021-07-14T13:13:26,1000.0,38.3,B
2021-07-14T13:13:15,200.0,38.2,S
2021-07-14T13:13:14,1000.0,38.2,S
2021-07-14T13:13:09,2800.0,38.2,B
2021-07-14T13:13:05,100.0,38.2,B
2021-07-14T13:12:53,200.0,38.1,S
2021-07-14T13:12:37,3100.0,38.2,S
2021-07-14T13:12:35,500.0,38.2,S
2021-07-14T13:12:14,1900.0,38.6,S
2021-07-14T13:12:05,200.0,38.6,S
2021-07-14T13:11:56,14400.0,38.6,S
2021-07-14T13:11:52,100.0,38.2,S
2021-07-14T13:11:42,100.0,38.2,S
2021-07-14T13:11:37,1000.0,38.4,B
2021-07-14T13:11:35,400.0,38.2,B
2021-07-14T13:11:28,200.0,38.1,S
2021-07-14T13:11:26,1000.0,38.1,S
2021-07-14T13:11:25,100.0,38.2,B
2021-07-14T13:11:20,100.0,38.2,B
2021-07-14T13:11:04,200.0,38.1,S
2021-07-14T13:10:57,400.0,38.1,S
2021-07-14T13:10:57,4600.0,38.1,B
2021-07-14T13:10:55,700.0,38.1,B
2021-07-14T13:10:53,500.0,38.1,B
2021-07-14T13:10:53,100.0,38.1,B
2021-07-14T13:10:48,600.0,38.1,B
2021-07-14T13:10:48,100.0,38.1,B
2021-07-14T13:10:45,2000.0,38.1,B
2021-07-14T13:10:44,1500.0,38.1,B
2021-07-14T13:10:43,200.0,38.1,B
2021-07-14T13:10:41,100.0,38.1,B
2021-07-14T13:10:39,100.0,38.1,B
2021-07-14T13:10:32,100.0,38.1,B
2021-07-14T13:10:30,100.0,38.1,B
2021-07-14T13:10:29,800.0,38.0,S
2021-07-14T13:10:28,1000.0,38.1,B
2021-07-14T13:10:28,500.0,38.1,B
2021-07-14T13:10:21,4300.0,38.1,B
2021-07-14T13:10:18,6000.0,38.1,B
2021-07-14T13:10:16,200.0,38.1,B
2021-07-14T13:10:16,800.0,38.1,B
2021-07-14T13:10:14,7300.0,38.1,B
2021-07-14T13:10:13,1000.0,38.1,B
2021-07-14T13:10:13,100.0,38.1,B
2021-07-14T13:10:10,100.0,38.1,B
2021-07-14T13:10:07,100.0,38.1,B
2021-07-14T13:10:03,500.0,38.1,B
2021-07-14T13:10:02,100.0,38.1,B
2021-07-14T13:09:59,100.0,38.1,B
2021-07-14T13:09:54,10000.0,38.1,B
2021-07-14T13:09:51,7300.0,38.1,S
2021-07-14T13:09:42,100.0,38.4,B
2021-07-14T13:09:37,4400.0,38.3,B
2021-07-14T13:09:36,100.0,38.1,B
2021-07-14T13:09:33,5000.0,38.1,B
2021-07-14T13:09:31,1300.0,38.1,B
2021-07-14T13:09:29,500.0,38.1,B
2021-07-14T13:09:29,300.0,38.1,B
2021-07-14T13:09:27,200.0,38.1,B
2021-07-14T13:09:27,200.0,38.1,B
2021-07-14T13:09:26,100.0,38.1,B
2021-07-14T13:09:19,1000.0,38.1,B
2021-07-14T13:09:17,500.0,38.1,B
2021-07-14T13:09:09,500.0,38.1,B
2021-07-14T13:09:08,200.0,38.0,B
2021-07-14T13:09:07,800.0,38.0,S
2021-07-14T13:09:06,600.0,38.1,B
2021-07-14T13:09:04,800.0,38.1,B
2021-07-14T13:09:00,1000.0,38.1,B
2021-07-14T13:08:54,1100.0,38.0,B
2021-07-14T13:08:51,1000.0,38.0,B
2021-07-14T13:08:46,2000.0,38.0,B
2021-07-14T13:08:44,500.0,38.0,B
2021-07-14T13:08:37,500.0,37.9,S
2021-07-14T13:08:34,500.0,37.9,S
2021-07-14T13:08:30,100.0,37.9,S
2021-07-14T13:08:30,400.0,37.9,B
2021-07-14T13:08:29,500.0,37.9,B
2021-07-14T13:08:20,200.0,37.8,B
2021-07-14T13:08:20,400.0,37.7,B
2021-07-14T13:08:15,300.0,37.7,B
2021-07-14T13:08:07,100.0,37.7,B
2021-07-14T13:07:54,24900.0,37.5,B
2021-07-14T13:07:53,900.0,37.5,B
2021-07-14T13:07:53,200.0,37.5,B
2021-07-14T13:07:52,1000.0,37.5,B
2021-07-14T13:07:51,3600.0,37.5,B
2021-07-14T13:07:50,1000.0,37.5,B
2021-07-14T13:07:50,500.0,37.5,B
2021-07-14T13:07:48,1500.0,37.5,B
2021-07-14T13:07:47,2400.0,37.5,B
2021-07-14T13:07:47,400.0,37.5,B
2021-07-14T13:07:45,500.0,37.5,B
2021-07-14T13:07:44,2200.0,37.5,B
2021-07-14T13:07:42,1500.0,37.5,B
2021-07-14T13:07:40,400.0,37.5,B
2021-07-14T13:07:37,600.0,37.5,B
2021-07-14T13:07:36,100.0,37.5,B
2021-07-14T13:07:36,100.0,37.5,B
2021-07-14T13:07:34,5000.0,37.5,B
2021-07-14T13:07:34,500.0,37.5,B
2021-07-14T13:07:34,10000.0,37.5,B
2021-07-14T13:07:33,500.0,37.5,B
2021-07-14T13:07:32,100.0,37.5,B
2021-07-14T13:07:31,1000.0,37.5,B
2021-07-14T13:07:31,500.0,37.5,B
2021-07-14T13:07:30,1100.0,37.5,B
2021-07-14T13:07:29,700.0,37.5,B
2021-07-14T13:07:28,1500.0,37.5,B
2021-07-14T13:07:25,10100.0,37.5,B
2021-07-14T13:07:22,200.0,37.5,B
2021-07-14T13:07:21,3500.0,37.5,B
2021-07-14T13:07:19,100.0,37.5,B
2021-07-14T13:07:10,100.0,37.5,B
2021-07-14T13:07:10,200.0,37.5,B
2021-07-14T13:07:04,6000.0,37.5,B
2021-07-14T13:07:04,1600.0,37.5,B
2021-07-14T13:07:00,10000.0,37.5,B
2021-07-14T13:06:58,100000.0,37.0,S
2021-07-14T13:06:52,200.0,37.5,B
2021-07-14T13:06:51,100.0,37.4,S
2021-07-14T13:06:49,200.0,37.5,B
2021-07-14T13:06:49,200.0,37.5,B
2021-07-14T13:06:48,500.0,37.5,B
2021-07-14T13:06:45,3000.0,37.5,B
2021-07-14T13:06:44,1500.0,37.5,B
2021-07-14T13:06:43,100.0,37.5,B
2021-07-14T13:06:31,2000.0,37.5,B
2021-07-14T13:06:23,200.0,37.5,B
2021-07-14T13:06:16,5000.0,37.5,B
2021-07-14T13:06:04,1400.0,37.1,B
2021-07-14T13:06:02,3000.0,37.1,B
2021-07-14T13:06:01,100.0,37.1,B
2021-07-14T13:06:00,1000.0,37.1,B
2021-07-14T13:05:58,6000.0,37.1,B
2021-07-14T13:05:58,500.0,37.1,B
2021-07-14T13:05:56,60500.0,37.0,S
2021-07-14T13:05:48,200.0,37.2,S
2021-07-14T13:05:48,300.0,37.4,B
2021-07-14T13:05:47,3700.0,37.2,B
2021-07-14T13:05:45,10000.0,37.2,B
2021-07-14T13:05:43,1000.0,37.2,B
2021-07-14T13:05:39,100.0,37.1,S
2021-07-14T13:05:39,1000.0,37.1,S
2021-07-14T13:05:37,100.0,37.1,S
2021-07-14T13:05:32,6300.0,37.2,B
2021-07-14T13:05:30,1300.0,37.2,B
2021-07-14T13:05:30,300.0,37.2,B
2021-07-14T13:05:29,4500.0,37.1,S
2021-07-14T13:05:28,200.0,37.2,B
2021-07-14T13:05:15,100.0,37.2,B
2021-07-14T13:05:13,100.0,37.2,B
2021-07-14T13:05:12,500.0,37.2,B
2021-07-14T13:05:12,1000.0,37.2,B
2021-07-14T13:05:11,5700.0,37.2,B
2021-07-14T13:05:11,1000.0,37.2,S
2021-07-14T13:05:10,700.0,37.2,S
2021-07-14T13:05:01,100.0,37.2,S
2021-07-14T13:04:56,200.0,37.2,S
2021-07-14T13:04:52,1000.0,37.2,S
2021-07-14T13:04:41,300.0,37.4,B
2021-07-14T13:04:38,800.0,37.3,S
2021-07-14T13:04:37,100.0,37.4,B
2021-07-14T13:04:37,400.0,37.4,B
2021-07-14T13:04:34,800.0,37.3,S
2021-07-14T13:04:27,200.0,37.5,B
2021-07-14T13:04:25,200.0,37.5,B
2021-07-14T13:04:20,125200.0,37.5,S
2021-07-14T13:04:17,1000.0,37.7,B
2021-07-14T13:04:13,100.0,37.7,B
2021-07-14T13:04:12,3000.0,37.6,S
2021-07-14T13:04:11,500.0,37.7,B
2021-07-14T13:04:04,1000.0,37.7,B
2021-07-14T13:03:50,1500.0,37.7,S
2021-07-14T13:03:50,73800.0,37.7,S
2021-07-14T13:03:47,100.0,37.8,B
2021-07-14T13:03:46,3300.0,37.7,S
2021-07-14T13:03:43,500.0,37.8,B
2021-07-14T13:03:43,1000.0,37.8,B
2021-07-14T13:03:33,5200.0,37.7,S
2021-07-14T13:03:33,200.0,37.7,S
2021-07-14T13:03:26,100.0,37.7,S
2021-07-14T13:03:25,4000.0,37.7,S
2021-07-14T13:03:21,100.0,37.8,B
2021-07-14T13:03:19,500.0,37.8,B
2021-07-14T13:03:18,700.0,37.7,S
2021-07-14T13:03:16,10000.0,37.7,S
2021-07-14T13:03:15,5000.0,37.8,S
2021-07-14T13:03:08,2000.0,37.8,S
2021-07-14T13:03:08,2000.0,37.8,S
2021-07-14T13:03:07,2000.0,37.8,S
2021-07-14T13:03:06,200.0,37.8,S
2021-07-14T13:03:04,200.0,37.8,S
2021-07-14T13:03:02,1000.0,37.8,S
2021-07-14T13:03:01,4700.0,37.8,S
2021-07-14T13:02:59,6700.0,37.8,S
2021-07-14T13:02:58,1400.0,37.8,S
2021-07-14T13:02:56,8200.0,37.8,S
2021-07-14T13:02:55,100.0,37.9,B
2021-07-14T13:02:53,1500.0,37.8,S
2021-07-14T13:02:43,500.0,37.8,S
2021-07-14T13:02:42,40000.0,37.8,S
2021-07-14T13:02:41,1000.0,37.9,S
2021-07-14T13:02:38,20000.0,37.9,S
2021-07-14T13:02:35,4200.0,37.9,S
2021-07-14T13:02:26,5000.0,37.9,S
2021-07-14T13:02:12,100.0,38.0,B
2021-07-14T13:02:07,400.0,37.9,S
2021-07-14T13:02:06,19100.0,38.0,S
2021-07-14T13:02:06,83500.0,38.0,S
2021-07-14T13:02:03,100.0,38.1,B
2021-07-14T13:01:42,5000.0,38.1,B
2021-07-14T13:01:41,2000.0,38.1,B
2021-07-14T13:01:37,5000.0,38.0,S
2021-07-14T13:01:34,300.0,38.0,S
2021-07-14T13:01:33,100.0,38.1,B
2021-07-14T13:01:25,1000.0,38.0,S
2021-07-14T13:01:25,1000.0,38.1,B
2021-07-14T13:01:10,1100.0,38.0,S
2021-07-14T13:01:03,1800.0,38.0,S
2021-07-14T13:00:58,2000.0,38.0,S
2021-07-14T13:00:50,2000.0,38.0,S
2021-07-14T13:00:49,6000.0,38.0,S
2021-07-14T13:00:44,29600.0,38.0,S
2021-07-14T13:00:43,1500.0,38.0,S
2021-07-14T13:00:40,6000.0,38.0,S
2021-07-14T13:00:40,500.0,38.0,S
2021-07-14T13:00:14,117700.0,38.0,S
2021-07-14T13:00:08,1600.0,38.1,B
2021-07-14T13:00:08,7900.0,38.1,S
2021-07-14T13:00:08,5200.0,38.2,B
2021-07-14T13:00:06,1000.0,38.1,S
2021-07-14T13:00:05,1100.0,38.2,B
2021-07-14T13:00:05,1400.0,38.1,S
2021-07-14T13:00:05,62300.0,38.1,S
2021-07-14T13:00:03,7500.0,38.3,B
2021-07-14T13:00:03,3300.0,38.3,B
2021-07-14T13:00:02,1800.0,38.3,S
2021-07-14T13:00:02,300.0,38.3,S
2021-07-14T11:29:55,1000.0,38.2,S
2021-07-14T11:29:36,3000.0,38.2,S
2021-07-14T11:29:12,100.0,38.2,S
2021-07-14T11:29:07,100.0,38.3,S
2021-07-14T11:28:57,8000.0,38.2,S
2021-07-14T11:28:54,100.0,38.5,S
2021-07-14T11:28:50,500.0,38.5,B
2021-07-14T11:28:39,60000.0,38.2,S
2021-07-14T11:28:27,40000.0,38.4,S
2021-07-14T11:28:09,200.0,38.5,S
2021-07-14T11:28:09,500.0,38.6,B
2021-07-14T11:27:59,40000.0,38.5,S
2021-07-14T11:27:55,900.0,38.6,B
2021-07-14T11:27:45,100.0,38.5,S
2021-07-14T11:27:13,100.0,38.5,S
2021-07-14T11:27:11,1000.0,38.6,B
2021-07-14T11:27:04,800.0,38.6,S
2021-07-14T11:26:57,4900.0,38.6,B
2021-07-14T11:26:53,100.0,38.6,S
2021-07-14T11:26:38,400.0,38.6,B
2021-07-14T11:26:30,500.0,38.6,B
2021-07-14T11:26:12,2000.0,38.6,B
2021-07-14T11:26:01,100.0,38.6,B
2021-07-14T11:25:23,16600.0,38.6,S
2021-07-14T11:25:23,200.0,38.7,B
2021-07-14T11:24:55,100.0,38.7,B
2021-07-14T11:24:43,700.0,38.7,S
2021-07-14T11:24:15,1500.0,38.7,S
2021-07-14T11:24:06,500.0,38.8,S
2021-07-14T11:23:58,1000.0,38.8,S
2021-07-14T11:23:45,500.0,38.8,S
2021-07-14T11:23:21,200.0,38.8,S
2021-07-14T11:23:16,2000.0,38.8,S
2021-07-14T11:22:50,3000.0,38.8,S
2021-07-14T11:22:49,2000.0,38.8,S
2021-07-14T11:22:45,100.0,38.8,S
2021-07-14T11:22:44,500.0,38.8,S
2021-07-14T11:22:43,200.0,38.8,S
2021-07-14T11:22:34,2000.0,38.8,S
2021-07-14T11:22:30,1000.0,38.8,S
2021-07-14T11:22:15,200.0,38.8,S
2021-07-14T11:22:12,2000.0,38.8,S
2021-07-14T11:22:10,2100.0,38.8,S
2021-07-14T11:21:54,500.0,38.8,S
2021-07-14T11:21:38,2000.0,38.8,S
2021-07-14T11:21:33,300.0,38.8,S
2021-07-14T11:20:48,1000.0,38.8,S
2021-07-14T11:19:40,800.0,38.9,S
2021-07-14T11:19:13,300.0,38.8,S
2021-07-14T11:18:36,300.0,38.8,S
2021-07-14T11:18:13,500.0,38.8,S
2021-07-14T11:17:56,500.0,39.0,B
2021-07-14T11:17:46,2000.0,39.0,B
2021-07-14T11:17:40,1000.0,39.0,B
2021-07-14T11:17:25,3000.0,39.0,B
2021-07-14T11:17:18,5000.0,39.0,B
2021-07-14T11:17:15,400.0,38.8,S
2021-07-14T11:17:12,1600.0,38.8,S
2021-07-14T11:17:00,200.0,38.8,S
2021-07-14T11:16:52,200.0,39.0,B
2021-07-14T11:16:05,100.0,38.8,S
2021-07-14T11:15:47,36000.0,38.8,B
2021-07-14T11:15:46,100.0,38.7,B
2021-07-14T11:15:44,100.0,38.7,B
2021-07-14T11:15:38,200.0,38.7,B
2021-07-14T11:15:36,1000.0,38.7,B
2021-07-14T11:15:36,4200.0,38.7,B
2021-07-14T11:15:35,900.0,38.8,B
2021-07-14T11:15:33,3000.0,38.8,B
2021-07-14T11:15:31,500.0,38.8,B
2021-07-14T11:15:29,200.0,38.7,S
2021-07-14T11:15:24,10000.0,38.8,B
2021-07-14T11:15:21,100.0,38.8,B
2021-07-14T11:15:20,1000.0,38.8,B
2021-07-14T11:15:14,5000.0,38.8,B
2021-07-14T11:15:10,2400.0,38.8,B
2021-07-14T11:15:06,1600.0,38.8,B
2021-07-14T11:14:55,500.0,38.8,B
2021-07-14T11:14:40,400.0,38.7,B
2021-07-14T11:14:36,100.0,38.7,S
2021-07-14T11:14:36,200.0,38.7,S
2021-07-14T11:14:23,700.0,38.7,B
2021-07-14T11:14:11,200.0,38.7,B
2021-07-14T11:14:10,100.0,38.7,B
2021-07-14T11:13:56,500.0,38.5,S
2021-07-14T11:13:40,800.0,38.5,S
2021-07-14T11:13:16,2700.0,38.4,B
2021-07-14T11:13:12,1000.0,38.4,B
2021-07-14T11:13:05,36300.0,38.4,S
2021-07-14T11:12:48,500.0,38.4,S
2021-07-14T11:12:47,500.0,38.4,B
2021-07-14T11:12:43,1200.0,38.4,B
2021-07-14T11:12:42,800.0,38.4,B
2021-07-14T11:12:34,4000.0,38.4,B
2021-07-14T11:12:34,100.0,38.4,B
2021-07-14T11:12:31,500.0,38.4,B
2021-07-14T11:12:22,1000.0,38.4,B
2021-07-14T11:12:21,500.0,38.4,B
2021-07-14T11:12:18,13500.0,38.4,B
2021-07-14T11:12:08,100.0,38.4,B
2021-07-14T11:11:52,100.0,38.4,B
2021-07-14T11:11:44,400.0,38.3,S
2021-07-14T11:11:42,100.0,38.4,B
2021-07-14T11:11:24,500.0,38.4,B
2021-07-14T11:11:24,18800.0,38.4,S
2021-07-14T11:10:48,10000.0,38.8,B
2021-07-14T11:10:12,300.0,38.8,B
2021-07-14T11:09:57,3500.0,38.5,S
2021-07-14T11:09:39,500.0,38.6,B
2021-07-14T11:09:31,100.0,38.5,S
2021-07-14T11:09:30,2400.0,38.5,S
2021-07-14T11:09:07,500.0,38.5,B
2021-07-14T11:08:59,200.0,38.4,S
2021-07-14T11:08:55,1000.0,38.1,S
2021-07-14T11:08:51,200000.0,38.1,S
2021-07-14T11:08:41,1000.0,38.4,S
2021-07-14T11:08:17,9400.0,38.3,S
2021-07-14T11:08:16,1500.0,38.3,S
2021-07-14T11:07:43,100.0,38.3,S
2021-07-14T11:07:35,600.0,38.3,S
2021-07-14T11:07:13,140000.0,38.2,S
2021-07-14T11:06:44,5500.0,38.5,B
2021-07-14T11:06:41,100.0,38.5,B
2021-07-14T11:06:40,1100.0,38.5,B
2021-07-14T11:06:38,5000.0,38.5,B
2021-07-14T11:06:10,200.0,38.5,B
2021-07-14T11:05:57,6400.0,38.4,S
2021-07-14T11:05:56,1000.0,38.7,B
2021-07-14T11:05:48,20000.0,38.5,S
2021-07-14T11:05:47,500.0,38.7,B
2021-07-14T11:05:42,100000.0,38.5,S
2021-07-14T11:05:30,1000.0,38.6,S
2021-07-14T11:05:25,500.0,38.7,B
2021-07-14T11:05:23,300.0,38.6,S
2021-07-14T11:05:20,3000.0,38.6,S
2021-07-14T11:05:10,2000.0,38.6,S
2021-07-14T11:05:05,100.0,38.6,S
2021-07-14T11:04:58,500.0,38.6,S
2021-07-14T11:04:48,1400.0,38.6,S
2021-07-14T11:04:29,500.0,38.6,S
2021-07-14T11:04:26,500.0,38.6,S
2021-07-14T11:04:23,1000.0,38.6,S
2021-07-14T11:04:21,100.0,38.7,B
2021-07-14T11:04:12,3300.0,38.6,S
2021-07-14T11:03:36,3700.0,38.6,S
2021-07-14T11:03:18,700.0,38.6,S
2021-07-14T11:03:03,500.0,38.6,S
2021-07-14T11:02:52,1000.0,38.6,S
2021-07-14T11:02:23,1200.0,38.5,S
2021-07-14T11:02:16,100.0,38.5,S
2021-07-14T11:02:14,400.0,38.5,S
2021-07-14T11:02:03,600.0,38.5,S
2021-07-14T11:01:56,2100.0,38.5,S
2021-07-14T11:01:51,600.0,38.5,S
2021-07-14T11:01:43,2500.0,38.5,S
2021-07-14T11:01:21,200000.0,38.5,S
2021-07-14T11:01:08,500.0,38.7,S
2021-07-14T11:01:04,3800.0,38.7,S
2021-07-14T11:00:44,1200.0,38.7,S
2021-07-14T11:00:34,900.0,38.7,S
2021-07-14T11:00:29,100.0,38.7,S
2021-07-14T11:00:01,200.0,38.7,S
2021-07-14T10:59:55,200.0,38.8,B
2021-07-14T10:59:40,2000.0,38.8,B
2021-07-14T10:59:31,500.0,38.8,B
2021-07-14T10:59:27,500.0,38.7,S
2021-07-14T10:59:15,100.0,38.8,B
2021-07-14T10:58:53,200.0,38.8,B
2021-07-14T10:58:46,4000.0,38.7,S
2021-07-14T10:58:43,2100.0,38.8,B
2021-07-14T10:58:28,100.0,38.8,B
2021-07-14T10:58:13,1000.0,38.8,B
2021-07-14T10:57:58,3700.0,38.8,B
2021-07-14T10:57:54,1800.0,38.8,B
2021-07-14T10:57:51,100.0,38.8,B
2021-07-14T10:57:43,200.0,38.8,B
2021-07-14T10:57:27,4000.0,38.7,S
2021-07-14T10:56:18,90100.0,38.6,S
2021-07-14T10:56:13,100.0,39.0,S
2021-07-14T10:56:03,1300.0,39.0,S
2021-07-14T10:56:02,100.0,39.0,S
2021-07-14T10:55:34,100.0,39.0,S
2021-07-14T10:55:05,200.0,39.0,S
2021-07-14T10:54:54,500.0,39.0,S
2021-07-14T10:54:08,1000.0,39.0,S
2021-07-14T10:54:05,100.0,39.2,B
2021-07-14T10:53:48,1100.0,39.2,S
2021-07-14T10:53:47,100.0,39.2,B
2021-07-14T10:53:25,100.0,39.2,S
2021-07-14T10:53:08,600.0,39.2,S
2021-07-14T10:53:00,500.0,39.2,B
2021-07-14T10:52:52,400.0,39.2,S
2021-07-14T10:52:36,2000.0,39.2,B
2021-07-14T10:52:08,100.0,39.0,S
2021-07-14T10:52:06,600.0,39.0,B
2021-07-14T10:52:04,200.0,39.0,B
2021-07-14T10:52:01,1200.0,39.0,B
2021-07-14T10:51:56,10000.0,38.9,S
2021-07-14T10:51:55,100.0,38.9,S
2021-07-14T10:51:49,100.0,38.9,B
2021-07-14T10:51:46,500.0,38.9,B
2021-07-14T10:51:35,1900.0,38.9,B
2021-07-14T10:51:01,1000.0,38.7,S
2021-07-14T10:50:45,2200.0,38.7,S
2021-07-14T10:50:05,100.0,38.6,S
2021-07-14T10:49:41,100.0,38.5,S
2021-07-14T10:49:35,200.0,38.5,S
2021-07-14T10:49:32,500.0,38.5,S
2021-07-14T10:49:32,300.0,38.5,B
2021-07-14T10:49:30,200.0,38.5,B
2021-07-14T10:49:27,100.0,38.5,B
2021-07-14T10:49:26,100.0,38.5,B
2021-07-14T10:49:25,200.0,38.5,B
2021-07-14T10:49:24,5200.0,38.5,B
2021-07-14T10:49:23,1000.0,38.5,B
2021-07-14T10:49:19,10000.0,38.5,B
2021-07-14T10:49:19,100.0,38.5,B
2021-07-14T10:49:17,1000.0,38.5,B
2021-07-14T10:49:16,100.0,38.5,B
2021-07-14T10:49:15,200.0,38.5,B
2021-07-14T10:49:09,200.0,38.5,B
2021-07-14T10:49:08,100.0,38.5,B
2021-07-14T10:49:08,200.0,38.5,B
2021-07-14T10:49:03,100.0,38.5,B
2021-07-14T10:49:02,1000.0,38.5,B
2021-07-14T10:49:01,100.0,38.5,B
2021-07-14T10:48:59,100.0,38.5,B
2021-07-14T10:48:58,1000.0,38.5,B
2021-07-14T10:48:48,179500.0,38.5,B
2021-07-14T10:48:27,30000.0,38.5,S
2021-07-14T10:48:12,300.0,38.8,S
2021-07-14T10:48:11,5000.0,38.8,S
2021-07-14T10:48:08,700.0,38.8,S
2021-07-14T10:48:05,500.0,38.8,S
2021-07-14T10:48:01,500.0,38.8,S
2021-07-14T10:47:58,1000.0,38.8,S
2021-07-14T10:47:58,1200.0,38.8,S
2021-07-14T10:47:46,1000.0,38.8,S
2021-07-14T10:47:44,500.0,38.9,B
2021-07-14T10:47:40,10000.0,38.8,S
2021-07-14T10:47:36,1000.0,38.8,S
2021-07-14T10:47:35,100.0,38.9,B
2021-07-14T10:47:33,1000.0,38.8,S
2021-07-14T10:47:27,100.0,38.9,B
2021-07-14T10:47:27,100.0,38.9,B
2021-07-14T10:47:26,20000.0,38.8,S
2021-07-14T10:47:17,6000.0,38.8,S
2021-07-14T10:47:04,500.0,38.9,B
2021-07-14T10:47:02,300.0,38.8,S
2021-07-14T10:46:56,1200.0,38.9,S
2021-07-14T10:46:50,100.0,39.0,B
2021-07-14T10:46:42,8000.0,38.9,S
2021-07-14T10:46:37,500.0,39.0,B
2021-07-14T10:46:36,6000.0,38.9,S
2021-07-14T10:46:34,2500.0,38.9,S
2021-07-14T10:46:34,200.0,39.0,B
2021-07-14T10:46:30,600.0,39.0,B
2021-07-14T10:46:28,2000.0,39.0,B
2021-07-14T10:46:27,600.0,39.0,B
2021-07-14T10:46:27,100.0,39.0,B
2021-07-14T10:46:26,1000.0,39.0,S
2021-07-14T10:46:20,300.0,39.0,B
2021-07-14T10:46:19,200.0,39.0,B
2021-07-14T10:46:16,400.0,39.0,B
2021-07-14T10:46:11,400.0,39.0,B
2021-07-14T10:46:09,100.0,39.0,B
2021-07-14T10:45:58,100.0,39.0,B
2021-07-14T10:45:56,500.0,39.0,S
2021-07-14T10:45:54,900.0,39.0,B
2021-07-14T10:45:52,29100.0,39.0,B
2021-07-14T10:45:46,2000.0,39.1,S
2021-07-14T10:45:35,100000.0,39.0,S
2021-07-14T10:45:25,29300.0,39.2,S
2021-07-14T10:45:17,100.0,39.3,B
2021-07-14T10:45:08,10000.0,39.2,S
2021-07-14T10:45:04,200.0,39.3,B
2021-07-14T10:44:57,800.0,39.2,S
2021-07-14T10:44:44,20000.0,39.2,S
2021-07-14T10:44:35,5000.0,39.3,B
2021-07-14T10:44:26,100.0,39.3,B
2021-07-14T10:43:58,200.0,39.2,S
2021-07-14T10:43:15,500.0,39.2,S
2021-07-14T10:42:18,500.0,39.2,S
2021-07-14T10:41:33,100.0,39.2,S
2021-07-14T10:41:13,200.0,39.2,S
2021-07-14T10:41:04,10000.0,39.3,B
2021-07-14T10:40:58,700.0,39.2,S
2021-07-14T10:40:56,10500.0,39.3,B
2021-07-14T10:40:24,5600.0,39.4,B
2021-07-14T10:39:19,900.0,39.3,B
2021-07-14T10:39:12,500.0,39.3,B
2021-07-14T10:39:12,600.0,39.3,S
2021-07-14T10:38:46,100.0,39.3,S
2021-07-14T10:38:39,200.0,39.2,S
2021-07-14T10:38:27,1900.0,39.2,S
2021-07-14T10:37:33,500.0,39.2,S
2021-07-14T10:37:23,2000.0,39.2,S
2021-07-14T10:36:40,1300.0,39.2,S
2021-07-14T10:36:28,1000.0,39.2,S
2021-07-14T10:36:28,700.0,39.2,B
2021-07-14T10:36:25,200.0,39.2,B
2021-07-14T10:36:22,100.0,39.2,B
2021-07-14T10:36:22,200.0,39.2,B
2021-07-14T10:36:20,100.0,39.2,B
2021-07-14T10:36:14,200.0,39.2,B
2021-07-14T10:36:04,100.0,39.2,B
2021-07-14T10:35:52,300.0,39.1,S
2021-07-14T10:35:47,500.0,39.2,B
2021-07-14T10:35:33,100.0,39.1,S
2021-07-14T10:35:30,3500.0,39.2,B
2021-07-14T10:34:52,100.0,39.4,B
2021-07-14T10:33:44,200.0,39.4,B
2021-07-14T10:32:57,20000.0,39.0,S
2021-07-14T10:32:49,50000.0,39.0,S
2021-07-14T10:32:47,100.0,39.4,B
2021-07-14T10:32:43,1000.0,39.4,B
2021-07-14T10:32:38,500.0,39.4,B
2021-07-14T10:32:20,2700.0,39.4,B
2021-07-14T10:32:15,300.0,39.3,B
2021-07-14T10:32:07,500.0,39.3,B
2021-07-14T10:31:47,200.0,39.2,S
2021-07-14T10:30:55,200.0,39.2,S
2021-07-14T10:30:54,2200.0,39.2,S
2021-07-14T10:30:34,100.0,39.2,S
2021-07-14T10:30:32,100.0,39.2,B
2021-07-14T10:30:29,100.0,39.2,B
2021-07-14T10:30:13,1000.0,39.2,S
2021-07-14T10:29:26,200.0,39.1,S
2021-07-14T10:29:23,500.0,39.1,S
2021-07-14T10:29:22,300.0,39.3,B
2021-07-14T10:28:58,100.0,39.1,B
2021-07-14T10:28:37,300.0,39.0,S
2021-07-14T10:28:05,1600.0,39.0,S
2021-07-14T10:27:59,20000.0,39.0,S
2021-07-14T10:27:42,1000.0,39.3,S
2021-07-14T10:27:31,2000.0,39.0,S
2021-07-14T10:27:28,1000.0,39.3,S
2021-07-14T10:27:19,3500.0,39.0,S
2021-07-14T10:26:40,20000.0,39.0,S
2021-07-14T10:26:32,5000.0,39.0,S
2021-07-14T10:26:31,100000.0,39.0,S
2021-07-14T10:26:21,20000.0,39.2,S
2021-07-14T10:26:12,8500.0,39.4,S
2021-07-14T10:25:53,100.0,39.4,S
2021-07-14T10:25:52,200.0,39.4,S
2021-07-14T10:25:33,200.0,39.4,S
2021-07-14T10:25:27,31000.0,39.2,S
2021-07-14T10:25:13,900.0,39.4,S
2021-07-14T10:24:56,300.0,39.4,S
2021-07-14T10:24:48,400.0,39.5,B
2021-07-14T10:24:01,5000.0,39.5,B
2021-07-14T10:23:57,5000.0,39.5,B
2021-07-14T10:23:43,5000.0,39.4,S
2021-07-14T10:23:27,1000.0,39.4,S
2021-07-14T10:23:22,300.0,39.5,B
2021-07-14T10:22:52,11000.0,39.5,S
2021-07-14T10:22:47,2000.0,39.6,S
2021-07-14T10:22:27,200.0,39.6,S
2021-07-14T10:21:59,500.0,39.6,S
2021-07-14T10:21:47,100.0,39.6,S
2021-07-14T10:20:33,100.0,39.6,S
2021-07-14T10:20:07,200.0,39.7,B
2021-07-14T10:19:59,2000.0,39.7,B
2021-07-14T10:19:50,600.0,39.7,B
2021-07-14T10:19:32,1000.0,39.7,B
2021-07-14T10:19:29,200.0,39.7,S
2021-07-14T10:19:29,2000.0,39.7,S
2021-07-14T10:18:57,300.0,39.7,S
2021-07-14T10:17:28,2000.0,39.7,S
2021-07-14T10:16:26,100.0,39.7,S
2021-07-14T10:16:22,1700.0,39.7,S
2021-07-14T10:16:10,5000.0,39.7,B
2021-07-14T10:15:42,27000.0,39.7,B
2021-07-14T10:15:37,10000.0,39.7,B
2021-07-14T10:15:28,300.0,39.7,B
2021-07-14T10:15:08,300.0,39.7,B
2021-07-14T10:14:55,400.0,39.6,S
2021-07-14T10:14:34,3900.0,39.6,B
2021-07-14T10:14:24,200.0,39.5,B
2021-07-14T10:14:22,500.0,39.5,B
2021-07-14T10:14:21,500.0,39.5,B
2021-07-14T10:13:34,8000.0,39.4,B
2021-07-14T10:13:28,500.0,39.4,B
2021-07-14T10:13:24,200.0,39.4,B
2021-07-14T10:13:19,1000.0,39.4,B
2021-07-14T10:13:17,500.0,39.3,S
2021-07-14T10:13:05,200.0,39.3,S
2021-07-14T10:13:04,500.0,39.3,S
2021-07-14T10:13:03,500.0,39.4,B
2021-07-14T10:12:47,900.0,39.4,B
2021-07-14T10:12:33,2000.0,39.3,S
2021-07-14T10:12:21,2000.0,39.3,S
2021-07-14T10:12:11,200.0,39.3,S
2021-07-14T10:12:00,5000.0,39.3,S
2021-07-14T10:11:53,500.0,39.4,S
2021-07-14T10:11:52,3000.0,39.4,S
2021-07-14T10:11:51,4000.0,39.4,S
2021-07-14T10:11:01,4000.0,39.5,S
2021-07-14T10:10:46,2200.0,39.5,S
2021-07-14T10:10:32,20000.0,39.5,S
2021-07-14T10:10:00,500.0,39.6,B
2021-07-14T10:09:54,2200.0,39.6,S
2021-07-14T10:09:51,10000.0,39.6,S
2021-07-14T10:09:38,500.0,39.6,S
2021-07-14T10:09:06,700.0,39.6,S
2021-07-14T10:09:02,200.0,39.6,B
2021-07-14T10:08:58,100.0,39.6,B
2021-07-14T10:08:58,200.0,39.6,B
2021-07-14T10:08:57,500.0,39.5,S
2021-07-14T10:08:54,3000.0,39.6,B
2021-07-14T10:08:47,1000.0,39.6,B
2021-07-14T10:08:47,27100.0,39.5,S
2021-07-14T10:08:34,2000.0,39.6,B
2021-07-14T10:08:33,1000.0,39.5,S
2021-07-14T10:08:31,300.0,39.6,B
2021-07-14T10:08:29,300.0,39.6,B
2021-07-14T10:08:24,900.0,39.6,B
2021-07-14T10:08:23,600.0,39.5,S
2021-07-14T10:08:14,200.0,39.6,B
2021-07-14T10:08:11,200.0,39.6,B
2021-07-14T10:08:09,1000.0,39.6,B
2021-07-14T10:08:03,2000.0,39.6,B
2021-07-14T10:08:01,500.0,39.6,B
2021-07-14T10:07:52,1000.0,39.6,B
2021-07-14T10:07:43,20000.0,39.6,B
2021-07-14T10:07:34,1000.0,39.5,S
2021-07-14T10:07:26,1000.0,39.5,S
2021-07-14T10:07:25,6000.0,39.5,S
2021-07-14T10:07:11,1000.0,39.5,S
2021-07-14T10:07:05,200.0,39.5,S
2021-07-14T10:06:52,1000.0,39.5,S
2021-07-14T10:06:38,100.0,39.5,S
2021-07-14T10:06:27,800.0,39.5,S
2021-07-14T10:06:19,100.0,39.6,B
2021-07-14T10:06:08,1600.0,39.5,S
2021-07-14T10:05:56,1000.0,39.5,S
2021-07-14T10:05:43,3000.0,39.5,S
2021-07-14T10:05:36,20000.0,39.5,S
2021-07-14T10:05:32,2000.0,39.5,S
2021-07-14T10:05:08,200.0,39.5,S
2021-07-14T10:04:47,10000.0,39.5,S
2021-07-14T10:04:27,10000.0,39.5,S
2021-07-14T10:04:20,600.0,39.5,S
2021-07-14T10:04:09,1400.0,39.5,S
2021-07-14T10:04:09,600.0,39.5,S
2021-07-14T10:04:00,900.0,39.5,S
2021-07-14T10:03:54,600.0,39.5,S
2021-07-14T10:03:48,100.0,39.5,S
2021-07-14T10:03:46,1300.0,39.5,S
2021-07-14T10:03:41,300.0,39.5,S
2021-07-14T10:03:31,2500.0,39.5,S
2021-07-14T10:03:20,900.0,39.5,S
2021-07-14T10:02:43,900.0,39.6,B
2021-07-14T10:02:27,900.0,39.6,B
2021-07-14T10:02:19,4600.0,39.6,S
2021-07-14T10:02:06,100.0,39.6,S
2021-07-14T10:02:01,11800.0,39.6,S
2021-07-14T10:01:53,500.0,39.6,S
2021-07-14T10:01:35,3000.0,39.6,S
2021-07-14T10:00:50,100.0,39.6,S
2021-07-14T10:00:31,1000.0,39.6,S
2021-07-14T10:00:26,500.0,39.7,B
2021-07-14T10:00:15,8400.0,39.7,B
2021-07-14T10:00:09,1000.0,39.7,S
2021-07-14T10:00:06,200.0,39.7,S
2021-07-14T09:59:58,2000.0,39.7,S
2021-07-14T09:59:53,5000.0,39.7,S
2021-07-14T09:59:46,10000.0,39.7,S
2021-07-14T09:59:41,500.0,39.7,S
2021-07-14T09:59:40,5000.0,39.7,S
2021-07-14T09:59:36,500.0,39.7,S
2021-07-14T09:59:23,1000.0,39.7,S
2021-07-14T09:59:18,400.0,39.7,S
2021-07-14T09:59:10,10000.0,39.7,S
2021-07-14T09:58:59,10000.0,39.7,S
2021-07-14T09:58:49,100.0,39.7,S
2021-07-14T09:58:44,1000.0,39.7,S
2021-07-14T09:58:41,1000.0,39.7,S
2021-07-14T09:58:40,1000.0,39.7,S
2021-07-14T09:58:25,2000.0,39.7,S
2021-07-14T09:58:04,400.0,39.7,S
2021-07-14T09:57:32,700.0,39.7,S
2021-07-14T09:57:31,12500.0,39.7,B
2021-07-14T09:57:29,600.0,39.6,S
2021-07-14T09:57:24,1000.0,39.7,B
2021-07-14T09:57:18,3800.0,39.7,B
2021-07-14T09:57:11,600.0,39.7,B
2021-07-14T09:57:04,300.0,39.7,S
2021-07-14T09:57:01,1000.0,39.7,S
2021-07-14T09:56:49,700.0,39.7,B
2021-07-14T09:56:40,100.0,39.7,B
2021-07-14T09:55:48,600.0,39.6,S
2021-07-14T09:55:43,800.0,39.7,S
2021-07-14T09:55:43,200.0,39.7,B
2021-07-14T09:55:37,1500.0,39.6,S
2021-07-14T09:54:59,700.0,39.7,S
2021-07-14T09:54:55,300.0,39.7,S
2021-07-14T09:54:44,500.0,39.7,S
2021-07-14T09:54:30,100.0,39.7,S
2021-07-14T09:54:26,900.0,39.7,B
2021-07-14T09:54:18,800.0,39.7,S
2021-07-14T09:54:12,200.0,39.7,S
2021-07-14T09:54:04,400.0,39.7,S
2021-07-14T09:53:58,100.0,39.7,S
2021-07-14T09:53:44,4700.0,39.7,B
2021-07-14T09:53:32,200.0,39.7,B
2021-07-14T09:53:21,2000.0,39.7,B
2021-07-14T09:53:02,100.0,39.7,B
2021-07-14T09:51:56,200.0,39.7,B
2021-07-14T09:51:18,1000.0,39.7,B
2021-07-14T09:50:32,5000.0,39.7,S
2021-07-14T09:50:09,5000.0,39.7,S
2021-07-14T09:50:00,1000.0,39.7,S
2021-07-14T09:49:55,3500.0,39.7,S
2021-07-14T09:49:54,800.0,39.7,S
2021-07-14T09:49:42,500.0,39.7,S
2021-07-14T09:49:22,2000.0,39.8,B
2021-07-14T09:49:13,700.0,39.8,B
2021-07-14T09:49:13,1000.0,39.7,S
2021-07-14T09:49:09,6000.0,39.7,S
2021-07-14T09:48:59,500.0,39.8,B
2021-07-14T09:48:59,5000.0,39.7,S
2021-07-14T09:48:54,2000.0,39.7,S
2021-07-14T09:48:30,500.0,39.8,B
2021-07-14T09:48:26,3200.0,39.7,S
2021-07-14T09:48:10,1000.0,39.8,B
2021-07-14T09:48:03,2900.0,39.8,B
2021-07-14T09:48:02,100.0,39.8,S
2021-07-14T09:47:29,200.0,39.8,S
2021-07-14T09:47:21,1000.0,39.8,S
2021-07-14T09:47:15,300.0,39.8,S
2021-07-14T09:46:55,700.0,39.8,S
2021-07-14T09:46:36,400.0,39.8,S
2021-07-14T09:46:34,4000.0,39.8,S
2021-07-14T09:45:57,500.0,39.8,S
2021-07-14T09:45:54,200.0,39.8,S
2021-07-14T09:45:39,200.0,39.8,S
2021-07-14T09:44:46,800.0,39.9,B
2021-07-14T09:44:07,500.0,39.8,S
2021-07-14T09:43:53,300.0,39.9,B
2021-07-14T09:43:31,700.0,39.9,S
2021-07-14T09:43:29,900.0,39.9,S
2021-07-14T09:43:23,100.0,39.9,S
2021-07-14T09:43:08,200.0,39.9,S
2021-07-14T09:42:56,2000.0,39.9,S
2021-07-14T09:42:48,500.0,39.9,S
2021-07-14T09:42:42,500.0,39.9,S
2021-07-14T09:42:37,3500.0,39.9,S
2021-07-14T09:42:28,300.0,39.9,S
2021-07-14T09:42:27,200.0,39.9,S
2021-07-14T09:42:15,2000.0,39.9,S
2021-07-14T09:42:01,1100.0,39.9,S
2021-07-14T09:41:55,500.0,40.0,B
2021-07-14T09:41:42,200.0,40.0,B
2021-07-14T09:41:24,500.0,40.0,B
2021-07-14T09:41:22,300.0,40.0,B
2021-07-14T09:41:04,200.0,40.0,B
2021-07-14T09:40:59,2000.0,39.9,S
2021-07-14T09:40:49,100.0,40.0,B
2021-07-14T09:40:46,500.0,39.9,S
2021-07-14T09:40:24,500.0,40.0,B
2021-07-14T09:40:18,300.0,40.0,B
2021-07-14T09:40:11,500.0,40.0,B
2021-07-14T09:40:00,200.0,40.0,B
2021-07-14T09:39:55,300.0,40.0,B
2021-07-14T09:39:44,500.0,40.0,B
2021-07-14T09:39:41,300.0,40.0,B
2021-07-14T09:39:32,800.0,40.0,B
2021-07-14T09:39:29,11700.0,40.0,S
2021-07-14T09:39:26,100.0,40.0,S
2021-07-14T09:39:23,2200.0,40.0,S
2021-07-14T09:39:14,500.0,40.0,S
2021-07-14T09:39:14,3000.0,40.0,S
2021-07-14T09:39:12,4000.0,40.0,S
2021-07-14T09:39:09,5000.0,40.0,S
2021-07-14T09:39:07,1000.0,40.1,B
2021-07-14T09:39:03,1000.0,40.0,S
2021-07-14T09:39:02,1000.0,40.0,S
2021-07-14T09:38:52,100.0,40.0,S
2021-07-14T09:38:46,100.0,40.0,S
2021-07-14T09:38:43,1000.0,40.1,B
2021-07-14T09:38:32,300.0,40.1,B
2021-07-14T09:38:16,4700.0,40.1,B
2021-07-14T09:38:14,300.0,40.1,S
2021-07-14T09:38:14,100.0,40.1,B
2021-07-14T09:38:07,11200.0,40.0,S
2021-07-14T09:38:05,900.0,40.1,B
2021-07-14T09:37:58,3000.0,40.1,S
2021-07-14T09:37:52,100.0,40.1,S
2021-07-14T09:37:45,1000.0,40.1,S
2021-07-14T09:37:44,200.0,40.1,S
2021-07-14T09:37:41,1000.0,40.1,S
2021-07-14T09:37:37,4100.0,40.1,S
2021-07-14T09:37:32,2400.0,40.1,B
2021-07-14T09:37:27,1000.0,40.0,S
2021-07-14T09:37:18,500.0,40.1,S
2021-07-14T09:37:17,800.0,40.1,S
2021-07-14T09:37:12,700.0,40.1,S
2021-07-14T09:37:06,500.0,40.1,S
2021-07-14T09:37:04,100.0,40.2,B
2021-07-14T09:36:33,1000.0,40.2,B
2021-07-14T09:36:28,500.0,40.1,S
2021-07-14T09:36:13,20000.0,40.2,B
2021-07-14T09:36:12,700.0,40.1,B
2021-07-14T09:36:07,300.0,40.1,B
2021-07-14T09:36:07,500.0,40.1,B
2021-07-14T09:36:00,2500.0,40.0,S
2021-07-14T09:35:58,100.0,40.1,B
2021-07-14T09:35:41,500.0,40.1,B
2021-07-14T09:35:41,400.0,40.1,B
2021-07-14T09:35:40,1100.0,40.0,S
2021-07-14T09:35:36,500.0,40.0,S
2021-07-14T09:35:33,30000.0,40.0,S
2021-07-14T09:35:31,100.0,40.1,S
2021-07-14T09:35:30,100.0,40.2,B
2021-07-14T09:35:13,100.0,40.1,S
2021-07-14T09:35:05,1200.0,40.1,S
2021-07-14T09:35:01,100.0,40.2,B
2021-07-14T09:34:59,300.0,40.1,S
2021-07-14T09:34:50,300.0,40.1,S
2021-07-14T09:34:42,200.0,40.1,S
2021-07-14T09:34:40,100.0,40.1,S
2021-07-14T09:34:28,500.0,40.1,S
2021-07-14T09:34:27,500.0,40.1,S
2021-07-14T09:34:11,1000.0,40.1,S
2021-07-14T09:34:10,3000.0,40.1,S
2021-07-14T09:34:04,500.0,40.1,S
2021-07-14T09:34:01,2000.0,40.1,S
2021-07-14T09:33:59,500.0,40.2,B
2021-07-14T09:33:58,2000.0,40.1,S
2021-07-14T09:33:57,200.0,40.1,S
2021-07-14T09:33:48,700.0,40.1,S
2021-07-14T09:33:48,2000.0,40.1,S
2021-07-14T09:33:46,40000.0,40.1,B
2021-07-14T09:33:39,500.0,40.0,S
2021-07-14T09:33:35,1000.0,40.1,B
2021-07-14T09:33:24,1000.0,40.1,B
2021-07-14T09:33:06,100.0,40.1,B
2021-07-14T09:32:57,100.0,40.1,B
2021-07-14T09:32:54,1000.0,40.0,S
2021-07-14T09:32:52,1000.0,40.0,S
2021-07-14T09:32:51,2000.0,40.0,S
2021-07-14T09:32:24,500.0,40.0,S
2021-07-14T09:32:15,400.0,40.0,S
2021-07-14T09:32:12,200.0,40.0,S
2021-07-14T09:32:11,200.0,40.1,B
2021-07-14T09:32:06,10000.0,40.0,S
2021-07-14T09:31:58,100.0,40.0,S
2021-07-14T09:31:52,5000.0,40.0,S
2021-07-14T09:31:44,100.0,40.0,S
2021-07-14T09:31:43,200.0,40.1,B
2021-07-14T09:31:38,100.0,40.0,S
2021-07-14T09:31:38,1000.0,40.1,B
2021-07-14T09:31:23,200.0,40.1,B
2021-07-14T09:31:23,100.0,40.0,S
2021-07-14T09:31:09,200.0,40.1,B
2021-07-14T09:31:01,600.0,40.0,S
2021-07-14T09:30:53,100.0,40.0,S
2021-07-14T09:30:52,500.0,40.0,S
2021-07-14T09:30:49,29400.0,40.0,B
2021-07-14T09:30:41,40000.0,40.0,B
2021-07-14T09:30:28,1000.0,40.0,B
2021-07-14T09:30:25,500.0,39.9,S
2021-07-14T09:30:02,21700.0,39.9,S
2021-07-14T09:29:51,1000.0,39.8,S
2021-07-14T09:29:48,3900.0,39.8,B
2021-07-14T09:29:39,100.0,39.8,B
2021-07-14T09:29:35,100.0,39.8,B
2021-07-14T09:29:31,2200.0,39.7,S
2021-07-14T09:29:29,1000.0,39.8,B
2021-07-14T09:29:18,100.0,39.7,S
2021-07-14T09:29:16,2000.0,39.8,B
2021-07-14T09:29:13,100.0,39.8,B
2021-07-14T09:29:04,9200.0,39.8,B
2021-07-14T09:28:53,200.0,39.7,S
2021-07-14T09:28:21,3100.0,39.7,S
2021-07-14T09:28:17,100.0,39.7,B
2021-07-14T09:28:06,100.0,39.7,B
2021-07-14T09:28:02,3300.0,39.7,B
2021-07-14T09:27:33,100.0,39.7,B
2021-07-14T09:26:55,200.0,39.7,B
2021-07-14T09:26:43,2000.0,39.7,B
2021-07-14T09:25:48,1000.0,39.6,B
2021-07-14T09:25:11,500.0,39.5,S
2021-07-14T09:25:00,500.0,39.5,S
2021-07-14T09:24:50,100.0,39.5,S
2021-07-14T09:24:49,200.0,39.5,S
2021-07-14T09:24:44,300.0,39.6,B
2021-07-14T09:24:18,1000.0,39.5,S
2021-07-14T09:24:06,200.0,39.5,S
2021-07-14T09:23:53,10000.0,39.6,B
2021-07-14T09:23:48,500.0,39.5,S
2021-07-14T09:23:47,4500.0,39.5,S
2021-07-14T09:23:27,1700.0,39.5,S
2021-07-14T09:23:17,400.0,39.5,S
2021-07-14T09:22:32,3000.0,39.5,S
2021-07-14T09:22:22,3700.0,39.6,S
2021-07-14T09:22:13,5000.0,39.6,S
2021-07-14T09:22:12,900.0,39.6,S
2021-07-14T09:22:04,10000.0,39.7,B
2021-07-14T09:22:00,3000.0,39.6,S
2021-07-14T09:21:12,1000.0,39.7,B
2021-07-14T09:20:45,100.0,39.7,B
2021-07-14T09:20:44,3000.0,39.7,B
2021-07-14T09:20:33,100.0,39.7,B
2021-07-14T09:20:31,1600.0,39.7,B
2021-07-14T09:20:02,100.0,39.7,B
2021-07-14T09:19:57,2000.0,39.6,S
2021-07-14T09:19:35,1000.0,39.7,B
2021-07-14T09:19:04,400.0,39.6,S
2021-07-14T09:19:03,400.0,39.6,S
2021-07-14T09:18:49,2000.0,39.6,S
2021-07-14T09:18:46,7400.0,39.7,B
2021-07-14T09:18:41,100.0,39.6,S
2021-07-14T09:18:32,1300.0,39.6,S
2021-07-14T09:18:22,200.0,39.6,B
2021-07-14T09:18:04,1200.0,39.7,B
2021-07-14T09:17:56,9900.0,39.6,S
2021-07-14T09:17:48,2000.0,39.7,B
2021-07-14T09:17:46,100.0,39.7,B
2021-07-14T09:17:42,1000.0,39.7,B
2021-07-14T09:17:09,500.0,39.7,B
2021-07-14T09:17:08,900.0,39.6,S
2021-07-14T09:16:51,1500.0,39.7,B
2021-07-14T09:16:44,100.0,39.7,B
2021-07-14T09:16:41,1100.0,39.7,S
2021-07-14T09:16:36,900.0,39.7,S
2021-07-14T09:16:31,200.0,39.7,S
2021-07-14T09:16:27,1000.0,39.7,S
2021-07-14T09:16:25,700.0,39.7,S
2021-07-14T09:16:16,20000.0,39.7,S
2021-07-14T09:16:08,2000.0,39.7,S
2021-07-14T09:16:06,3000.0,39.7,S
2021-07-14T09:16:05,500.0,39.8,B
2021-07-14T09:15:42,300.0,39.8,B
2021-07-14T09:15:36,1000.0,39.8,B
2021-07-14T09:15:27,200.0,39.8,B
2021-07-14T09:15:23,500.0,39.8,B
2021-07-14T09:15:20,300.0,39.8,B
2021-07-14T09:15:14,100.0,39.7,S
2021-07-14T09:14:45,300.0,39.8,B
2021-07-14T09:14:39,300.0,39.8,B
2021-07-14T09:14:20,100.0,39.8,B
2021-07-14T09:14:18,9200.0,39.8,S
2021-07-14T09:14:14,2000.0,39.8,S
2021-07-14T09:13:55,1000.0,39.8,S
2021-07-14T09:13:54,200.0,39.9,B
2021-07-14T09:13:53,2000.0,39.9,B
2021-07-14T09:13:20,1000.0,39.9,B
2021-07-14T09:13:18,20700.0,39.9,S
2021-07-14T09:12:37,300.0,39.9,S
2021-07-14T09:11:49,1000.0,39.9,S
2021-07-14T09:11:16,2000.0,39.9,S
2021-07-14T09:11:12,900.0,40.0,B
2021-07-14T09:10:45,3000.0,40.0,B
2021-07-14T09:10:30,4500.0,39.9,S
2021-07-14T09:10:25,2600.0,39.8,S
2021-07-14T09:10:23,100.0,39.9,B
2021-07-14T09:10:20,1000.0,39.9,B
2021-07-14T09:10:20,600.0,39.8,S
2021-07-14T09:10:15,100.0,39.9,B
2021-07-14T09:10:05,100.0,39.9,B
2021-07-14T09:09:48,500.0,39.9,B
2021-07-14T09:09:17,1000.0,39.8,S
2021-07-14T09:09:15,100.0,39.9,B
2021-07-14T09:09:06,2000.0,39.8,S
2021-07-14T09:09:04,100.0,39.9,B
2021-07-14T09:09:00,1000.0,39.9,B
2021-07-14T09:08:36,1000.0,39.9,B
2021-07-14T09:08:28,300.0,39.8,S
2021-07-14T09:08:26,100.0,39.9,B
2021-07-14T09:08:20,1700.0,39.8,S
2021-07-14T09:08:18,2000.0,39.9,B
2021-07-14T09:08:09,100.0,39.9,B
2021-07-14T09:07:53,100.0,39.9,S
2021-07-14T09:07:46,500.0,39.9,B
2021-07-14T09:07:42,500.0,39.9,S
2021-07-14T09:07:40,2000.0,39.8,S
2021-07-14T09:07:36,900.0,40.0,S
2021-07-14T09:07:32,100.0,39.9,B
2021-07-14T09:07:27,100.0,39.9,B
2021-07-14T09:07:21,500.0,39.9,B
2021-07-14T09:07:18,19300.0,39.9,S
2021-07-14T09:07:12,8400.0,40.0,B
2021-07-14T09:07:08,1400.0,40.0,B
2021-07-14T09:07:05,700.0,40.0,S
2021-07-14T09:07:02,300.0,40.0,B
2021-07-14T09:06:54,1000.0,40.0,B
2021-07-14T09:06:53,200.0,40.0,B
2021-07-14T09:06:40,2000.0,40.0,B
2021-07-14T09:06:38,500.0,40.0,B
2021-07-14T09:06:33,10000.0,40.0,B
2021-07-14T09:06:22,2000.0,40.0,B
2021-07-14T09:06:10,1500.0,40.0,B
2021-07-14T09:06:06,500.0,40.0,B
2021-07-14T09:05:45,9500.0,40.0,B
2021-07-14T09:05:45,200.0,40.0,B
2021-07-14T09:05:39,1000.0,39.9,S
2021-07-14T09:05:36,200.0,40.0,B
2021-07-14T09:05:30,800.0,40.0,B
2021-07-14T09:05:25,100.0,40.0,B
2021-07-14T09:05:05,3000.0,40.0,B
2021-07-14T09:04:59,500.0,40.0,B
2021-07-14T09:04:53,400.0,40.0,B
2021-07-14T09:04:47,1000.0,40.0,B
2021-07-14T09:04:43,200.0,40.0,B
2021-07-14T09:04:42,2000.0,40.0,B
2021-07-14T09:04:41,100.0,39.9,S
2021-07-14T09:04:40,5400.0,40.0,B
2021-07-14T09:04:25,200.0,40.0,B
2021-07-14T09:04:22,100.0,40.0,B
2021-07-14T09:04:16,100.0,40.0,B
2021-07-14T09:04:15,600.0,40.0,B
2021-07-14T09:04:14,1000.0,40.0,B
2021-07-14T09:04:13,100.0,40.0,B
2021-07-14T09:04:07,1000.0,40.0,B
2021-07-14T09:04:06,800.0,40.0,B
2021-07-14T09:03:59,1000.0,40.0,B
2021-07-14T09:03:52,1000.0,40.0,B
2021-07-14T09:03:52,200.0,40.0,B
2021-07-14T09:03:36,2000.0,40.0,B
2021-07-14T09:03:30,1000.0,40.0,B
2021-07-14T09:03:25,100.0,40.0,B
2021-07-14T09:03:23,500.0,39.9,S
2021-07-14T09:03:23,3000.0,40.0,B
2021-07-14T09:03:16,200.0,40.0,B
2021-07-14T09:03:15,1500.0,40.0,B
2021-07-14T09:03:10,100.0,40.0,B
2021-07-14T09:03:08,100.0,40.0,B
2021-07-14T09:02:54,1000.0,40.0,B
2021-07-14T09:02:01,1700.0,39.9,B
2021-07-14T09:01:59,2000.0,39.9,B
2021-07-14T09:01:44,100.0,39.8,S
2021-07-14T09:01:21,600.0,39.8,S
2021-07-14T09:01:16,500.0,39.8,S
2021-07-14T09:00:47,2000.0,39.8,S
2021-07-14T09:00:32,100.0,39.8,S
2021-07-14T09:00:30,100.0,39.8,S
2021-07-14T09:00:26,100.0,39.8,S
2021-07-14T09:00:24,600.0,39.8,S
2021-07-14T09:00:18,100.0,39.8,S
2021-07-14T09:00:12,200.0,39.8,S
2021-07-14T09:00:12,5300.0,40.0,B
2021-07-14T09:00:08,1000.0,39.8,S
2021-07-14T09:00:06,1500.0,39.7,B
