tradingTime,volume,price,side
2021-07-14T14:29:58,3500.0,51.1,B
2021-07-14T14:29:48,2000.0,51.0,S
2021-07-14T14:29:43,2000.0,51.0,S
2021-07-14T14:29:39,200.0,51.2,B
2021-07-14T14:29:39,200.0,51.1,B
2021-07-14T14:29:39,300.0,51.1,S
2021-07-14T14:29:36,100.0,51.0,S
2021-07-14T14:29:35,700.0,51.0,S
2021-07-14T14:29:33,5000.0,51.0,S
2021-07-14T14:29:25,1000.0,51.1,S
2021-07-14T14:29:21,2000.0,51.1,S
2021-07-14T14:29:19,200.0,51.0,S
2021-07-14T14:29:16,500.0,51.0,S
2021-07-14T14:29:10,500.0,51.0,S
2021-07-14T14:29:10,300.0,51.1,B
2021-07-14T14:29:09,200.0,51.1,S
2021-07-14T14:29:06,1000.0,51.2,B
2021-07-14T14:29:00,5600.0,51.2,S
2021-07-14T14:28:56,1000.0,51.2,S
2021-07-14T14:28:51,100.0,51.2,S
2021-07-14T14:28:48,100.0,51.2,S
2021-07-14T14:28:47,100.0,51.2,S
2021-07-14T14:28:46,500.0,51.2,S
2021-07-14T14:28:45,400.0,51.3,B
2021-07-14T14:28:44,600.0,51.3,B
2021-07-14T14:28:44,700.0,51.3,B
2021-07-14T14:28:44,500.0,51.3,B
2021-07-14T14:28:44,1800.0,51.2,B
2021-07-14T14:28:44,3500.0,51.2,B
2021-07-14T14:28:44,300.0,51.2,B
2021-07-14T14:28:44,1500.0,51.2,B
2021-07-14T14:28:44,2900.0,51.2,B
2021-07-14T14:28:44,4600.0,51.2,B
2021-07-14T14:28:41,300.0,51.0,S
2021-07-14T14:28:39,800.0,51.0,S
2021-07-14T14:28:34,300.0,51.0,S
2021-07-14T14:28:34,200.0,51.1,B
2021-07-14T14:28:31,5000.0,51.0,S
2021-07-14T14:28:31,500.0,51.1,B
2021-07-14T14:28:31,300.0,51.0,S
2021-07-14T14:28:30,700.0,51.0,S
2021-07-14T14:28:22,1000.0,51.0,S
2021-07-14T14:28:20,1000.0,51.0,S
2021-07-14T14:28:20,3000.0,51.0,S
2021-07-14T14:28:19,1000.0,51.0,S
2021-07-14T14:28:18,4400.0,51.2,B
2021-07-14T14:28:18,1000.0,51.2,B
2021-07-14T14:28:18,1600.0,51.2,B
2021-07-14T14:28:18,1000.0,51.2,B
2021-07-14T14:28:18,22000.0,51.2,B
2021-07-14T14:28:13,3000.0,51.0,S
2021-07-14T14:28:01,200.0,51.0,S
2021-07-14T14:27:50,1300.0,51.2,B
2021-07-14T14:27:50,1000.0,51.2,B
2021-07-14T14:27:50,2100.0,51.2,B
2021-07-14T14:27:50,15600.0,51.2,B
2021-07-14T14:27:49,100.0,51.1,B
2021-07-14T14:27:27,500.0,51.1,B
2021-07-14T14:27:27,600.0,51.1,B
2021-07-14T14:27:19,1600.0,51.2,B
2021-07-14T14:27:13,900.0,51.1,B
2021-07-14T14:27:10,2000.0,51.0,S
2021-07-14T14:27:09,600.0,51.0,S
2021-07-14T14:27:06,100.0,51.1,B
2021-07-14T14:27:05,100.0,51.1,B
2021-07-14T14:27:05,700.0,51.0,S
2021-07-14T14:27:05,19300.0,51.0,S
2021-07-14T14:27:04,1000.0,51.0,S
2021-07-14T14:26:55,100.0,51.1,B
2021-07-14T14:26:55,100.0,51.1,B
2021-07-14T14:26:48,10000.0,51.1,B
2021-07-14T14:26:47,3000.0,51.1,B
2021-07-14T14:26:44,700.0,51.1,B
2021-07-14T14:26:42,200.0,51.2,B
2021-07-14T14:26:42,1100.0,51.2,B
2021-07-14T14:26:36,1500.0,51.2,B
2021-07-14T14:26:18,1300.0,51.2,B
2021-07-14T14:26:10,1000.0,51.0,S
2021-07-14T14:26:02,10000.0,51.0,S
2021-07-14T14:25:52,1500.0,51.0,S
2021-07-14T14:25:52,200.0,51.0,S
2021-07-14T14:25:52,1300.0,51.0,S
2021-07-14T14:25:51,6000.0,51.2,B
2021-07-14T14:25:43,10000.0,51.0,S
2021-07-14T14:25:38,200.0,51.1,S
2021-07-14T14:25:35,400.0,51.1,S
2021-07-14T14:25:25,400.0,51.2,B
2021-07-14T14:25:25,900.0,51.2,B
2021-07-14T14:25:16,500.0,51.1,B
2021-07-14T14:25:12,9000.0,51.1,S
2021-07-14T14:25:10,200.0,51.2,B
2021-07-14T14:24:55,900.0,51.2,B
2021-07-14T14:24:50,600.0,51.2,B
2021-07-14T14:24:48,1000.0,51.0,S
2021-07-14T14:24:43,2000.0,51.2,B
2021-07-14T14:24:36,600.0,51.2,B
2021-07-14T14:24:35,1400.0,51.2,B
2021-07-14T14:24:35,200.0,51.2,B
2021-07-14T14:24:35,8400.0,51.2,B
2021-07-14T14:24:33,1200.0,51.2,B
2021-07-14T14:24:31,300.0,51.0,S
2021-07-14T14:24:31,1200.0,51.0,S
2021-07-14T14:24:29,200.0,51.2,B
2021-07-14T14:24:24,200.0,51.2,B
2021-07-14T14:24:24,10700.0,51.1,S
2021-07-14T14:24:21,500.0,51.1,S
2021-07-14T14:24:18,1300.0,51.2,B
2021-07-14T14:24:16,900.0,51.2,B
2021-07-14T14:24:11,200.0,51.2,B
2021-07-14T14:24:07,1100.0,51.2,B
2021-07-14T14:24:07,100.0,51.2,B
2021-07-14T14:24:07,100.0,51.2,B
2021-07-14T14:23:59,500.0,51.1,S
2021-07-14T14:23:54,23200.0,51.1,B
2021-07-14T14:23:54,17900.0,51.1,B
2021-07-14T14:23:53,300.0,51.1,B
2021-07-14T14:23:52,200.0,51.1,B
2021-07-14T14:23:50,3000.0,51.0,S
2021-07-14T14:23:50,1500.0,51.1,B
2021-07-14T14:23:50,1900.0,51.1,B
2021-07-14T14:23:45,500.0,51.0,S
2021-07-14T14:23:43,3000.0,51.1,B
2021-07-14T14:23:42,200.0,51.1,B
2021-07-14T14:23:31,200.0,51.1,B
2021-07-14T14:23:28,800.0,51.1,B
2021-07-14T14:23:27,200.0,51.1,B
2021-07-14T14:23:22,100.0,51.0,S
2021-07-14T14:23:11,100.0,51.0,S
2021-07-14T14:23:07,3000.0,51.1,B
2021-07-14T14:23:02,200.0,51.1,B
2021-07-14T14:23:01,300.0,51.1,B
2021-07-14T14:22:56,200.0,51.1,B
2021-07-14T14:22:53,500.0,51.0,S
2021-07-14T14:22:53,200.0,51.1,B
2021-07-14T14:22:52,1000.0,51.1,B
2021-07-14T14:22:42,200.0,51.1,B
2021-07-14T14:22:41,300.0,51.0,S
2021-07-14T14:22:40,1000.0,51.0,S
2021-07-14T14:22:32,500.0,51.0,S
2021-07-14T14:22:32,2000.0,51.0,S
2021-07-14T14:22:30,100.0,51.0,S
2021-07-14T14:22:17,6400.0,51.0,S
2021-07-14T14:22:17,3600.0,51.0,S
2021-07-14T14:22:10,2000.0,51.0,S
2021-07-14T14:22:06,800.0,51.1,B
2021-07-14T14:22:05,1000.0,51.0,S
2021-07-14T14:21:50,1000.0,51.0,S
2021-07-14T14:21:44,5000.0,51.1,B
2021-07-14T14:21:42,500.0,51.0,S
2021-07-14T14:21:42,1000.0,51.0,S
2021-07-14T14:21:35,5000.0,51.1,B
2021-07-14T14:21:23,1000.0,51.0,S
2021-07-14T14:20:58,200.0,51.1,B
2021-07-14T14:20:57,2000.0,51.0,S
2021-07-14T14:20:57,200.0,51.1,B
2021-07-14T14:20:53,500.0,51.0,S
2021-07-14T14:20:53,200.0,51.0,S
2021-07-14T14:20:50,2000.0,51.0,S
2021-07-14T14:20:49,1000.0,51.0,B
2021-07-14T14:20:49,4300.0,51.0,B
2021-07-14T14:20:44,5700.0,51.0,B
2021-07-14T14:20:43,4300.0,51.0,B
2021-07-14T14:20:42,200.0,51.0,B
2021-07-14T14:20:37,15500.0,51.0,S
2021-07-14T14:20:36,1000.0,51.0,S
2021-07-14T14:20:36,200.0,51.0,S
2021-07-14T14:20:30,200.0,51.1,B
2021-07-14T14:20:28,600.0,51.0,S
2021-07-14T14:20:27,100.0,51.0,S
2021-07-14T14:20:22,1000.0,51.0,S
2021-07-14T14:20:20,100.0,51.0,S
2021-07-14T14:20:19,6300.0,51.0,S
2021-07-14T14:20:18,200.0,51.0,S
2021-07-14T14:20:16,500.0,51.0,S
2021-07-14T14:20:13,10000.0,50.9,S
2021-07-14T14:20:02,5000.0,51.0,S
2021-07-14T14:20:02,300.0,51.0,S
2021-07-14T14:19:58,300.0,51.0,S
2021-07-14T14:19:58,1100.0,51.0,B
2021-07-14T14:19:58,600.0,51.0,B
2021-07-14T14:19:58,400.0,51.0,B
2021-07-14T14:19:50,100.0,50.9,S
2021-07-14T14:19:47,14500.0,50.9,B
2021-07-14T14:19:41,100.0,50.8,S
2021-07-14T14:19:40,9000.0,50.9,B
2021-07-14T14:19:33,200.0,50.9,B
2021-07-14T14:19:07,500.0,50.9,S
2021-07-14T14:19:07,5200.0,50.9,S
2021-07-14T14:19:07,11000.0,50.9,S
2021-07-14T14:19:07,2400.0,50.9,S
2021-07-14T14:19:07,10300.0,50.9,S
2021-07-14T14:19:07,16400.0,50.9,S
2021-07-14T14:19:07,1000.0,51.0,S
2021-07-14T14:18:58,600.0,51.0,B
2021-07-14T14:18:58,600.0,51.0,B
2021-07-14T14:18:46,300.0,50.9,S
2021-07-14T14:18:46,200.0,50.9,S
2021-07-14T14:18:45,1000.0,51.0,B
2021-07-14T14:18:44,300.0,50.9,S
2021-07-14T14:18:38,10000.0,51.0,B
2021-07-14T14:18:31,500.0,50.9,S
2021-07-14T14:18:24,2000.0,50.9,S
2021-07-14T14:18:23,10200.0,51.0,B
2021-07-14T14:18:22,600.0,51.0,S
2021-07-14T14:18:22,400.0,51.0,S
2021-07-14T14:18:22,1200.0,51.0,S
2021-07-14T14:18:16,1000.0,51.1,B
2021-07-14T14:18:16,500.0,51.0,S
2021-07-14T14:18:16,5400.0,51.0,S
2021-07-14T14:18:14,100.0,51.0,S
2021-07-14T14:18:10,1900.0,51.0,S
2021-07-14T14:18:10,5300.0,51.0,S
2021-07-14T14:18:10,12100.0,51.0,S
2021-07-14T14:18:10,10500.0,51.0,S
2021-07-14T14:18:10,200.0,51.0,S
2021-07-14T14:18:08,2000.0,51.1,B
2021-07-14T14:18:06,900.0,51.1,S
2021-07-14T14:18:04,1000.0,51.1,S
2021-07-14T14:18:01,500.0,51.1,S
2021-07-14T14:18:00,500.0,51.1,S
2021-07-14T14:17:59,1000.0,51.1,S
2021-07-14T14:17:55,500.0,51.1,S
2021-07-14T14:17:55,1400.0,51.1,S
2021-07-14T14:17:55,2100.0,51.1,S
2021-07-14T14:17:51,200.0,51.2,B
2021-07-14T14:17:46,500.0,51.2,B
2021-07-14T14:17:37,100.0,51.2,B
2021-07-14T14:17:32,4800.0,51.2,S
2021-07-14T14:17:28,1000.0,51.2,S
2021-07-14T14:17:25,100.0,51.2,S
2021-07-14T14:17:23,3900.0,51.2,S
2021-07-14T14:17:10,1000.0,51.4,B
2021-07-14T14:17:09,300.0,51.4,B
2021-07-14T14:17:06,400.0,51.4,B
2021-07-14T14:17:00,100.0,51.4,B
2021-07-14T14:16:57,600.0,51.4,B
2021-07-14T14:16:54,600.0,51.4,B
2021-07-14T14:16:48,500.0,51.4,B
2021-07-14T14:16:46,1000.0,51.2,S
2021-07-14T14:16:42,1000.0,51.4,B
2021-07-14T14:16:36,200.0,51.2,S
2021-07-14T14:16:36,6500.0,51.4,B
2021-07-14T14:16:34,3100.0,51.4,B
2021-07-14T14:16:34,8300.0,51.4,B
2021-07-14T14:16:34,700.0,51.3,B
2021-07-14T14:16:34,1700.0,51.3,B
2021-07-14T14:16:34,1000.0,51.3,B
2021-07-14T14:16:34,5200.0,51.3,B
2021-07-14T14:16:24,500.0,51.2,S
2021-07-14T14:16:10,1000.0,51.2,B
2021-07-14T14:16:04,200.0,51.2,B
2021-07-14T14:15:57,200.0,51.2,B
2021-07-14T14:15:55,5000.0,51.3,B
2021-07-14T14:15:52,100.0,51.2,B
2021-07-14T14:15:45,5000.0,51.1,S
2021-07-14T14:15:42,2600.0,51.2,S
2021-07-14T14:15:26,100.0,51.2,S
2021-07-14T14:15:22,200.0,51.3,B
2021-07-14T14:15:18,1300.0,51.3,B
2021-07-14T14:15:09,100.0,51.2,S
2021-07-14T14:15:05,2700.0,51.2,B
2021-07-14T14:15:05,8400.0,51.2,B
2021-07-14T14:15:05,1000.0,51.2,B
2021-07-14T14:15:05,4200.0,51.2,B
2021-07-14T14:15:04,100.0,51.1,B
2021-07-14T14:14:55,100.0,51.1,S
2021-07-14T14:14:55,500.0,51.1,B
2021-07-14T14:14:53,500.0,51.1,B
2021-07-14T14:14:51,500.0,51.1,B
2021-07-14T14:14:50,1000.0,51.1,B
2021-07-14T14:14:47,3000.0,51.1,B
2021-07-14T14:14:44,100.0,51.1,B
2021-07-14T14:14:42,200.0,51.1,B
2021-07-14T14:14:42,1000.0,51.1,B
2021-07-14T14:14:41,500.0,51.1,B
2021-07-14T14:14:39,300.0,51.1,B
2021-07-14T14:14:36,2400.0,51.1,S
2021-07-14T14:14:26,100.0,51.1,B
2021-07-14T14:14:24,100.0,51.1,B
2021-07-14T14:14:23,100.0,51.1,B
2021-07-14T14:14:23,2700.0,51.1,S
2021-07-14T14:14:21,2800.0,51.2,B
2021-07-14T14:14:20,200.0,51.1,S
2021-07-14T14:14:15,1300.0,51.2,B
2021-07-14T14:14:14,1000.0,51.1,S
2021-07-14T14:14:11,2900.0,51.2,B
2021-07-14T14:14:11,100.0,51.2,B
2021-07-14T14:14:11,300.0,51.2,B
2021-07-14T14:14:11,6700.0,51.2,B
2021-07-14T14:14:09,9000.0,51.2,B
2021-07-14T14:14:06,1700.0,51.2,B
2021-07-14T14:14:00,100.0,51.1,S
2021-07-14T14:13:49,300.0,51.1,S
2021-07-14T14:13:41,200.0,51.1,S
2021-07-14T14:13:37,1000.0,51.1,B
2021-07-14T14:13:36,500.0,51.2,B
2021-07-14T14:13:32,100.0,51.0,S
2021-07-14T14:13:30,700.0,51.0,S
2021-07-14T14:13:30,8300.0,51.0,S
2021-07-14T14:13:29,600.0,51.1,B
2021-07-14T14:13:27,3000.0,51.1,B
2021-07-14T14:13:26,200.0,51.1,B
2021-07-14T14:13:23,500.0,51.1,B
2021-07-14T14:13:20,100.0,51.1,B
2021-07-14T14:13:16,200.0,51.1,B
2021-07-14T14:13:13,400.0,51.1,B
2021-07-14T14:13:06,400.0,51.1,B
2021-07-14T14:12:59,200.0,51.1,B
2021-07-14T14:12:56,1200.0,51.1,B
2021-07-14T14:12:54,500.0,51.1,B
2021-07-14T14:12:53,2000.0,51.1,B
2021-07-14T14:12:48,9000.0,50.9,S
2021-07-14T14:12:45,1000.0,51.0,S
2021-07-14T14:12:39,5700.0,51.1,B
2021-07-14T14:12:39,10600.0,51.1,B
2021-07-14T14:12:39,200.0,51.1,B
2021-07-14T14:12:39,5000.0,51.1,B
2021-07-14T14:12:39,3700.0,51.1,B
2021-07-14T14:12:39,1000.0,51.0,B
2021-07-14T14:12:39,13200.0,51.0,B
2021-07-14T14:12:39,1400.0,51.0,B
2021-07-14T14:12:39,1100.0,51.0,B
2021-07-14T14:12:39,300.0,51.0,B
2021-07-14T14:12:39,700.0,51.0,B
2021-07-14T14:12:39,300.0,51.0,B
2021-07-14T14:12:39,2700.0,51.0,B
2021-07-14T14:12:39,2700.0,51.0,B
2021-07-14T14:12:39,4300.0,51.0,B
2021-07-14T14:12:39,16200.0,51.0,B
2021-07-14T14:12:39,5500.0,51.0,B
2021-07-14T14:12:39,6600.0,51.0,B
2021-07-14T14:12:39,10400.0,51.0,B
2021-07-14T14:12:39,1300.0,51.0,B
2021-07-14T14:12:39,1300.0,51.0,B
2021-07-14T14:12:39,1700.0,51.0,B
2021-07-14T14:12:39,100.0,51.0,B
2021-07-14T14:12:39,48900.0,51.0,B
2021-07-14T14:12:34,800.0,51.0,B
2021-07-14T14:12:34,13600.0,51.0,B
2021-07-14T14:12:34,2500.0,51.0,B
2021-07-14T14:12:34,2300.0,51.0,B
2021-07-14T14:12:34,1500.0,51.0,B
2021-07-14T14:12:34,100.0,51.0,B
2021-07-14T14:12:29,50000.0,51.0,B
2021-07-14T14:12:28,700.0,51.0,B
2021-07-14T14:12:28,10000.0,50.9,S
2021-07-14T14:12:25,500.0,51.0,B
2021-07-14T14:12:20,200.0,51.0,B
2021-07-14T14:12:20,1000.0,51.0,B
2021-07-14T14:12:20,300.0,51.0,B
2021-07-14T14:12:12,200.0,51.0,B
2021-07-14T14:12:11,200.0,51.0,B
2021-07-14T14:12:07,3100.0,50.9,B
2021-07-14T14:12:07,100.0,50.9,B
2021-07-14T14:12:04,100.0,50.9,B
2021-07-14T14:12:04,200.0,50.9,B
2021-07-14T14:12:03,300.0,50.9,B
2021-07-14T14:12:01,200.0,50.9,B
2021-07-14T14:12:00,5000.0,50.9,B
2021-07-14T14:11:59,200.0,50.9,B
2021-07-14T14:11:58,1000.0,50.9,B
2021-07-14T14:11:58,5000.0,50.9,B
2021-07-14T14:11:53,1900.0,50.8,S
2021-07-14T14:11:53,1000.0,50.9,B
2021-07-14T14:11:53,200.0,50.9,B
2021-07-14T14:11:53,500.0,50.9,B
2021-07-14T14:11:53,6200.0,50.9,B
2021-07-14T14:11:53,100.0,50.9,B
2021-07-14T14:11:52,1100.0,50.9,B
2021-07-14T14:11:52,1000.0,50.9,B
2021-07-14T14:11:52,1200.0,50.9,B
2021-07-14T14:11:52,600.0,50.9,B
2021-07-14T14:11:52,2600.0,50.9,B
2021-07-14T14:11:52,3400.0,50.9,B
2021-07-14T14:11:52,100.0,50.9,B
2021-07-14T14:11:52,3000.0,50.9,B
2021-07-14T14:11:43,500.0,50.9,B
2021-07-14T14:11:41,100.0,50.8,S
2021-07-14T14:11:39,1000.0,50.9,B
2021-07-14T14:11:37,800.0,50.9,B
2021-07-14T14:11:29,100.0,50.9,B
2021-07-14T14:11:27,3000.0,50.8,S
2021-07-14T14:11:23,200.0,50.8,B
2021-07-14T14:11:23,200.0,50.8,B
2021-07-14T14:11:23,1000.0,50.8,B
2021-07-14T14:11:23,1100.0,50.8,B
2021-07-14T14:11:21,2000.0,50.8,B
2021-07-14T14:11:19,1000.0,50.8,B
2021-07-14T14:11:19,8100.0,50.8,B
2021-07-14T14:11:19,11900.0,50.8,B
2021-07-14T14:11:18,1900.0,50.8,B
2021-07-14T14:11:18,2500.0,50.8,B
2021-07-14T14:11:18,2400.0,50.8,B
2021-07-14T14:11:18,400.0,50.8,B
2021-07-14T14:11:18,2800.0,50.8,B
2021-07-14T14:11:18,100.0,50.8,B
2021-07-14T14:11:17,2000.0,50.8,B
2021-07-14T14:11:13,10100.0,50.8,B
2021-07-14T14:11:11,1300.0,50.8,B
2021-07-14T14:11:10,500.0,50.8,B
2021-07-14T14:11:09,10000.0,50.8,B
2021-07-14T14:11:06,2000.0,50.8,B
2021-07-14T14:11:01,11000.0,50.8,B
2021-07-14T14:10:56,800.0,50.8,B
2021-07-14T14:10:51,3800.0,50.8,B
2021-07-14T14:10:51,200.0,50.8,B
2021-07-14T14:10:51,300.0,50.8,B
2021-07-14T14:10:51,5700.0,50.8,B
2021-07-14T14:10:51,100.0,50.8,B
2021-07-14T14:10:48,1000.0,50.8,B
2021-07-14T14:10:41,600.0,50.8,B
2021-07-14T14:10:41,4000.0,50.7,S
2021-07-14T14:10:40,400.0,50.8,B
2021-07-14T14:10:39,200.0,50.8,B
2021-07-14T14:10:35,400.0,50.8,B
2021-07-14T14:10:34,1000.0,50.8,B
2021-07-14T14:10:34,400.0,50.7,S
2021-07-14T14:10:34,700.0,50.7,S
2021-07-14T14:10:34,3500.0,50.7,S
2021-07-14T14:10:34,15900.0,50.7,S
2021-07-14T14:10:31,200.0,50.8,B
2021-07-14T14:10:28,1100.0,50.7,S
2021-07-14T14:10:26,100.0,50.8,B
2021-07-14T14:10:21,1000.0,50.8,B
2021-07-14T14:10:15,400.0,50.8,B
2021-07-14T14:10:11,5000.0,50.8,B
2021-07-14T14:10:09,400.0,50.8,B
2021-07-14T14:10:04,100.0,50.8,B
2021-07-14T14:09:57,200.0,50.8,B
2021-07-14T14:09:53,500.0,50.7,S
2021-07-14T14:09:53,1300.0,50.8,B
2021-07-14T14:09:53,500.0,50.8,B
2021-07-14T14:09:47,200.0,50.8,B
2021-07-14T14:09:41,200.0,50.8,B
2021-07-14T14:09:35,1000.0,50.7,S
2021-07-14T14:09:35,1000.0,50.8,B
2021-07-14T14:09:23,900.0,50.7,B
2021-07-14T14:09:23,5400.0,50.7,B
2021-07-14T14:09:20,600.0,50.7,B
2021-07-14T14:09:19,100.0,50.7,B
2021-07-14T14:09:16,1000.0,50.7,B
2021-07-14T14:09:16,1900.0,50.7,B
2021-07-14T14:09:16,1200.0,50.7,B
2021-07-14T14:09:16,500.0,50.7,B
2021-07-14T14:09:16,8100.0,50.7,B
2021-07-14T14:09:16,600.0,50.7,B
2021-07-14T14:09:16,3000.0,50.7,B
2021-07-14T14:09:16,4700.0,50.7,B
2021-07-14T14:09:13,3000.0,50.7,B
2021-07-14T14:09:11,200.0,50.7,B
2021-07-14T14:09:07,20000.0,50.7,B
2021-07-14T14:09:06,500.0,50.7,B
2021-07-14T14:09:05,5000.0,50.7,B
2021-07-14T14:09:02,200.0,50.7,B
2021-07-14T14:09:01,200.0,50.7,B
2021-07-14T14:08:55,600.0,50.7,B
2021-07-14T14:08:50,200.0,50.7,B
2021-07-14T14:08:49,600.0,50.7,B
2021-07-14T14:08:46,600.0,50.7,B
2021-07-14T14:08:41,200.0,50.6,S
2021-07-14T14:08:32,1300.0,50.7,B
2021-07-14T14:08:30,100.0,50.7,B
2021-07-14T14:08:28,4000.0,50.6,S
2021-07-14T14:08:28,1300.0,50.7,B
2021-07-14T14:08:28,3900.0,50.6,S
2021-07-14T14:08:28,6000.0,50.6,S
2021-07-14T14:08:28,2800.0,50.6,S
2021-07-14T14:08:27,6300.0,50.7,B
2021-07-14T14:08:27,3700.0,50.7,B
2021-07-14T14:08:26,100.0,50.6,S
2021-07-14T14:08:21,1300.0,50.7,B
2021-07-14T14:08:13,100.0,50.7,B
2021-07-14T14:08:13,400.0,50.6,S
2021-07-14T14:08:13,100.0,50.7,B
2021-07-14T14:08:13,400.0,50.6,S
2021-07-14T14:08:12,1000.0,50.7,B
2021-07-14T14:08:11,700.0,50.7,B
2021-07-14T14:08:10,2400.0,50.7,B
2021-07-14T14:08:10,5400.0,50.7,B
2021-07-14T14:08:01,200.0,50.7,B
2021-07-14T14:07:51,200.0,50.7,B
2021-07-14T14:07:51,1500.0,50.7,B
2021-07-14T14:07:45,700.0,50.7,B
2021-07-14T14:07:45,200.0,50.7,B
2021-07-14T14:07:44,200.0,50.7,B
2021-07-14T14:07:44,200.0,50.6,S
2021-07-14T14:07:38,9600.0,50.7,B
2021-07-14T14:07:31,500.0,50.7,B
2021-07-14T14:07:24,5000.0,50.6,S
2021-07-14T14:07:16,200.0,50.7,B
2021-07-14T14:07:11,200.0,50.7,B
2021-07-14T14:07:07,200.0,50.7,B
2021-07-14T14:07:05,800.0,50.7,B
2021-07-14T14:07:01,200.0,50.7,B
2021-07-14T14:06:43,5100.0,50.6,S
2021-07-14T14:06:43,1800.0,50.6,S
2021-07-14T14:06:43,1300.0,50.6,S
2021-07-14T14:06:43,100.0,50.6,S
2021-07-14T14:06:43,900.0,50.6,S
2021-07-14T14:06:40,1000.0,50.6,S
2021-07-14T14:06:36,200.0,50.7,B
2021-07-14T14:06:33,200.0,50.7,B
2021-07-14T14:06:24,200.0,50.7,B
2021-07-14T14:06:22,800.0,50.7,B
2021-07-14T14:06:22,5800.0,50.6,S
2021-07-14T14:06:22,200.0,50.7,B
2021-07-14T14:06:19,500.0,50.7,B
2021-07-14T14:05:56,200.0,50.7,B
2021-07-14T14:05:48,200.0,50.7,B
2021-07-14T14:05:46,400.0,50.6,S
2021-07-14T14:05:46,600.0,50.6,S
2021-07-14T14:05:43,200.0,50.7,B
2021-07-14T14:05:40,2400.0,50.6,B
2021-07-14T14:05:34,1500.0,50.6,B
2021-07-14T14:05:31,200.0,50.6,B
2021-07-14T14:05:28,200.0,50.6,B
2021-07-14T14:05:23,1500.0,50.6,B
2021-07-14T14:05:15,800.0,50.6,B
2021-07-14T14:05:14,600.0,50.6,B
2021-07-14T14:05:14,3000.0,50.6,S
2021-07-14T14:05:12,2500.0,50.6,S
2021-07-14T14:05:09,800.0,50.6,S
2021-07-14T14:05:09,200.0,50.6,S
2021-07-14T14:04:58,200.0,50.7,B
2021-07-14T14:04:57,300.0,50.6,S
2021-07-14T14:04:57,700.0,50.6,S
2021-07-14T14:04:54,200.0,50.7,B
2021-07-14T14:04:47,200.0,50.7,B
2021-07-14T14:04:40,1800.0,50.6,S
2021-07-14T14:04:39,200.0,50.7,B
2021-07-14T14:04:23,1000.0,50.6,S
2021-07-14T14:04:22,100.0,50.6,S
2021-07-14T14:04:09,1000.0,50.6,S
2021-07-14T14:04:07,200.0,50.7,B
2021-07-14T14:04:06,600.0,50.6,S
2021-07-14T14:04:06,800.0,50.6,S
2021-07-14T14:04:05,6500.0,50.6,B
2021-07-14T14:03:59,200.0,50.6,B
2021-07-14T14:03:52,200.0,50.5,S
2021-07-14T14:03:52,1000.0,50.6,S
2021-07-14T14:03:52,2700.0,50.6,S
2021-07-14T14:03:50,500.0,50.6,S
2021-07-14T14:03:50,200.0,50.7,B
2021-07-14T14:03:44,200.0,50.7,B
2021-07-14T14:03:37,500.0,50.6,S
2021-07-14T14:03:28,200.0,50.6,S
2021-07-14T14:03:21,1000.0,50.6,S
2021-07-14T14:03:19,1000.0,50.6,S
2021-07-14T14:03:15,100.0,50.6,S
2021-07-14T14:03:12,500.0,50.6,S
2021-07-14T14:02:57,10000.0,50.6,S
2021-07-14T14:02:51,3000.0,50.6,S
2021-07-14T14:02:42,1000.0,50.6,S
2021-07-14T14:02:27,11800.0,50.7,S
2021-07-14T14:02:15,5000.0,50.7,S
2021-07-14T14:02:13,1000.0,50.7,S
2021-07-14T14:02:13,5000.0,50.7,S
2021-07-14T14:02:11,2500.0,50.7,S
2021-07-14T14:02:07,500.0,50.7,S
2021-07-14T14:02:05,3100.0,50.7,B
2021-07-14T14:02:05,4000.0,50.7,B
2021-07-14T14:02:05,40800.0,50.7,B
2021-07-14T14:01:59,200.0,50.5,S
2021-07-14T14:01:50,5000.0,50.5,S
2021-07-14T14:01:44,2600.0,50.5,S
2021-07-14T14:01:44,6900.0,50.5,S
2021-07-14T14:01:44,500.0,50.5,S
2021-07-14T14:01:38,9500.0,50.5,S
2021-07-14T14:01:38,500.0,50.5,S
2021-07-14T14:01:37,30000.0,50.6,B
2021-07-14T14:01:34,500.0,50.5,S
2021-07-14T14:01:15,3200.0,50.6,B
2021-07-14T14:01:13,600.0,50.6,S
2021-07-14T14:01:13,1600.0,50.6,S
2021-07-14T14:01:13,500.0,50.6,S
2021-07-14T14:01:13,14200.0,50.6,S
2021-07-14T14:01:13,900.0,50.6,S
2021-07-14T14:01:13,21600.0,50.6,S
2021-07-14T14:01:13,22400.0,50.6,S
2021-07-14T14:01:07,4000.0,50.6,S
2021-07-14T14:01:03,500.0,50.6,S
2021-07-14T14:00:55,5000.0,50.6,S
2021-07-14T14:00:45,100.0,50.6,S
2021-07-14T14:00:32,300.0,50.7,B
2021-07-14T14:00:29,100.0,50.6,S
2021-07-14T14:00:29,10000.0,50.7,B
2021-07-14T14:00:26,6000.0,50.7,B
2021-07-14T14:00:22,6500.0,50.7,B
2021-07-14T14:00:22,3500.0,50.7,B
2021-07-14T14:00:17,300.0,50.7,B
2021-07-14T14:00:11,10000.0,50.7,B
2021-07-14T14:00:09,700.0,50.7,S
2021-07-14T14:00:02,300.0,50.7,S
2021-07-14T14:00:02,700.0,50.8,B
2021-07-14T14:00:02,2300.0,50.8,B
2021-07-14T14:00:01,600.0,50.8,B
2021-07-14T13:59:51,1300.0,50.6,S
2021-07-14T13:59:51,8000.0,50.6,S
2021-07-14T13:59:48,10000.0,50.7,S
2021-07-14T13:59:48,300.0,50.7,S
2021-07-14T13:59:48,1200.0,50.7,S
2021-07-14T13:59:46,2000.0,50.7,S
2021-07-14T13:59:44,200.0,50.7,S
2021-07-14T13:59:43,1000.0,50.7,S
2021-07-14T13:59:40,1300.0,50.7,S
2021-07-14T13:59:36,3000.0,50.7,S
2021-07-14T13:59:36,10000.0,50.7,S
2021-07-14T13:59:33,1000.0,50.7,S
2021-07-14T13:59:13,1000.0,50.7,S
2021-07-14T13:59:12,1000.0,50.7,S
2021-07-14T13:59:10,2000.0,50.7,S
2021-07-14T13:59:03,200.0,50.7,S
2021-07-14T13:59:03,2000.0,50.7,S
2021-07-14T13:58:59,1800.0,50.7,S
2021-07-14T13:58:49,500.0,50.7,S
2021-07-14T13:58:49,10000.0,50.7,S
2021-07-14T13:58:36,500.0,50.7,S
2021-07-14T13:58:27,500.0,50.7,S
2021-07-14T13:58:26,2500.0,50.7,B
2021-07-14T13:58:22,3200.0,50.7,B
2021-07-14T13:58:21,100.0,50.7,B
2021-07-14T13:58:20,300.0,50.7,B
2021-07-14T13:58:15,10000.0,50.7,B
2021-07-14T13:58:00,1600.0,50.7,B
2021-07-14T13:57:55,600.0,50.7,B
2021-07-14T13:57:54,600.0,50.7,B
2021-07-14T13:57:52,600.0,50.7,S
2021-07-14T13:57:52,1000.0,50.7,S
2021-07-14T13:57:52,5700.0,50.7,S
2021-07-14T13:57:52,1800.0,50.7,S
2021-07-14T13:57:52,20000.0,50.7,S
2021-07-14T13:57:52,3600.0,50.7,S
2021-07-14T13:57:48,18800.0,50.8,B
2021-07-14T13:57:48,200.0,50.8,B
2021-07-14T13:57:48,300.0,50.8,B
2021-07-14T13:57:48,700.0,50.8,B
2021-07-14T13:57:41,300.0,50.7,S
2021-07-14T13:57:35,1000.0,50.7,S
2021-07-14T13:57:22,500.0,50.7,S
2021-07-14T13:57:13,100.0,50.8,B
2021-07-14T13:57:10,4500.0,50.8,B
2021-07-14T13:57:10,200.0,50.8,B
2021-07-14T13:57:10,5300.0,50.8,B
2021-07-14T13:57:08,800.0,50.7,S
2021-07-14T13:57:08,500.0,50.8,B
2021-07-14T13:56:53,600.0,50.8,B
2021-07-14T13:56:51,300.0,50.7,S
2021-07-14T13:56:51,600.0,50.8,B
2021-07-14T13:56:51,1000.0,50.7,S
2021-07-14T13:56:42,200.0,50.7,S
2021-07-14T13:56:37,500.0,50.7,S
2021-07-14T13:56:32,8000.0,50.7,S
2021-07-14T13:56:32,1000.0,50.7,S
2021-07-14T13:56:28,500.0,50.7,S
2021-07-14T13:56:22,500.0,50.7,S
2021-07-14T13:56:19,1000.0,50.7,S
2021-07-14T13:55:59,1000.0,50.7,S
2021-07-14T13:55:59,700.0,50.7,S
2021-07-14T13:55:55,1300.0,50.7,S
2021-07-14T13:55:41,500.0,50.7,B
2021-07-14T13:55:38,300.0,50.7,B
2021-07-14T13:55:38,1200.0,50.7,B
2021-07-14T13:55:38,300.0,50.7,B
2021-07-14T13:55:38,8200.0,50.7,B
2021-07-14T13:55:31,3800.0,50.7,B
2021-07-14T13:55:31,100.0,50.7,B
2021-07-14T13:55:31,6100.0,50.7,B
2021-07-14T13:55:22,4000.0,50.7,B
2021-07-14T13:55:22,6000.0,50.7,B
2021-07-14T13:55:14,300.0,50.7,B
2021-07-14T13:55:14,9700.0,50.7,B
2021-07-14T13:55:07,800.0,50.7,B
2021-07-14T13:54:52,10000.0,50.7,B
2021-07-14T13:54:43,1700.0,50.7,B
2021-07-14T13:54:38,10000.0,50.7,B
2021-07-14T13:54:33,10000.0,50.7,B
2021-07-14T13:54:31,200.0,50.6,S
2021-07-14T13:54:31,300.0,50.7,B
2021-07-14T13:54:30,2700.0,50.7,B
2021-07-14T13:54:22,5000.0,50.6,S
2021-07-14T13:54:11,4000.0,50.6,S
2021-07-14T13:54:11,200.0,50.6,S
2021-07-14T13:54:10,5000.0,50.7,B
2021-07-14T13:54:02,1000.0,50.7,B
2021-07-14T13:53:57,7500.0,50.7,B
2021-07-14T13:53:57,600.0,50.7,B
2021-07-14T13:53:57,1000.0,50.7,B
2021-07-14T13:53:57,900.0,50.7,B
2021-07-14T13:53:38,200.0,50.7,S
2021-07-14T13:53:38,2800.0,50.7,S
2021-07-14T13:53:36,500.0,50.7,B
2021-07-14T13:53:31,1000.0,50.6,S
2021-07-14T13:53:26,200.0,50.7,B
2021-07-14T13:53:26,7500.0,50.7,S
2021-07-14T13:53:24,2500.0,50.7,B
2021-07-14T13:53:20,10000.0,50.7,B
2021-07-14T13:53:17,800.0,50.7,B
2021-07-14T13:53:13,100.0,50.7,B
2021-07-14T13:53:09,400.0,50.7,B
2021-07-14T13:53:08,100.0,50.7,S
2021-07-14T13:53:04,1100.0,50.7,S
2021-07-14T13:52:58,8500.0,50.7,S
2021-07-14T13:52:58,10000.0,50.7,S
2021-07-14T13:52:58,100.0,50.7,S
2021-07-14T13:52:57,2000.0,50.8,B
2021-07-14T13:52:56,100.0,50.7,S
2021-07-14T13:52:46,500.0,50.7,S
2021-07-14T13:52:46,200.0,50.7,S
2021-07-14T13:52:46,300.0,50.7,S
2021-07-14T13:52:40,500.0,50.7,S
2021-07-14T13:52:31,5000.0,50.7,S
2021-07-14T13:52:31,1000.0,50.7,S
2021-07-14T13:52:31,2300.0,50.7,B
2021-07-14T13:52:17,3400.0,50.7,S
2021-07-14T13:52:11,500.0,50.7,S
2021-07-14T13:52:00,500.0,50.7,S
2021-07-14T13:52:00,400.0,50.7,S
2021-07-14T13:51:55,500.0,50.7,S
2021-07-14T13:51:51,8000.0,50.7,S
2021-07-14T13:51:45,8000.0,50.7,S
2021-07-14T13:51:37,500.0,50.7,S
2021-07-14T13:51:37,500.0,50.7,S
2021-07-14T13:51:36,11000.0,50.7,B
2021-07-14T13:51:21,3400.0,50.6,B
2021-07-14T13:51:19,6600.0,50.6,S
2021-07-14T13:51:18,2000.0,50.6,S
2021-07-14T13:51:13,500.0,50.7,B
2021-07-14T13:51:13,1000.0,50.7,B
2021-07-14T13:51:12,200.0,50.7,B
2021-07-14T13:51:12,7200.0,50.7,B
2021-07-14T13:51:12,100.0,50.7,B
2021-07-14T13:51:12,1000.0,50.7,B
2021-07-14T13:51:11,100.0,50.6,S
2021-07-14T13:51:11,1200.0,50.6,S
2021-07-14T13:51:11,1600.0,50.6,S
2021-07-14T13:51:11,10500.0,50.6,S
2021-07-14T13:51:11,6600.0,50.6,S
2021-07-14T13:51:08,1000.0,50.7,B
2021-07-14T13:51:00,2000.0,50.6,S
2021-07-14T13:50:37,100.0,50.6,S
2021-07-14T13:50:33,100.0,50.7,B
2021-07-14T13:50:31,5000.0,50.7,B
2021-07-14T13:50:21,200.0,50.7,B
2021-07-14T13:50:15,2700.0,50.7,S
2021-07-14T13:50:12,7300.0,50.7,B
2021-07-14T13:50:07,900.0,50.7,S
2021-07-14T13:50:05,3000.0,50.7,S
2021-07-14T13:50:03,900.0,50.7,S
2021-07-14T13:50:00,5200.0,50.7,B
2021-07-14T13:49:51,14800.0,50.7,B
2021-07-14T13:49:48,300.0,50.7,S
2021-07-14T13:49:47,1100.0,50.7,S
2021-07-14T13:49:47,3900.0,50.7,S
2021-07-14T13:49:36,500.0,50.7,S
2021-07-14T13:49:30,1000.0,50.7,S
2021-07-14T13:49:23,200.0,50.7,S
2021-07-14T13:49:18,4000.0,50.7,S
2021-07-14T13:49:18,3000.0,50.7,S
2021-07-14T13:49:07,100.0,50.7,S
2021-07-14T13:49:06,400.0,50.7,S
2021-07-14T13:49:03,100.0,50.7,S
2021-07-14T13:49:00,300.0,50.8,B
2021-07-14T13:49:00,2000.0,50.8,B
2021-07-14T13:49:00,300.0,50.8,B
2021-07-14T13:49:00,400.0,50.8,B
2021-07-14T13:49:00,200.0,50.7,S
2021-07-14T13:48:40,100.0,50.7,S
2021-07-14T13:48:40,1600.0,50.7,B
2021-07-14T13:48:38,10000.0,50.7,B
2021-07-14T13:48:27,1700.0,50.7,B
2021-07-14T13:48:25,300.0,50.7,S
2021-07-14T13:48:16,100.0,50.7,S
2021-07-14T13:48:03,2000.0,50.7,S
2021-07-14T13:47:59,1000.0,50.7,S
2021-07-14T13:47:51,1000.0,50.7,S
2021-07-14T13:47:46,100.0,50.7,S
2021-07-14T13:47:42,1300.0,50.8,B
2021-07-14T13:47:42,1100.0,50.7,B
2021-07-14T13:47:42,800.0,50.7,B
2021-07-14T13:47:18,3900.0,50.7,S
2021-07-14T13:47:07,100.0,50.7,B
2021-07-14T13:47:07,500.0,50.7,B
2021-07-14T13:47:07,6300.0,50.7,B
2021-07-14T13:47:07,1000.0,50.6,S
2021-07-14T13:47:00,1300.0,50.7,B
2021-07-14T13:47:00,3300.0,50.7,B
2021-07-14T13:47:00,5400.0,50.7,B
2021-07-14T13:46:51,3000.0,50.6,S
2021-07-14T13:46:47,2000.0,50.7,B
2021-07-14T13:46:36,2700.0,50.7,S
2021-07-14T13:46:34,5000.0,50.7,S
2021-07-14T13:46:34,2300.0,50.7,B
2021-07-14T13:46:28,1000.0,50.7,B
2021-07-14T13:46:27,100.0,50.6,S
2021-07-14T13:46:16,400.0,50.6,S
2021-07-14T13:46:11,4200.0,50.7,S
2021-07-14T13:46:10,200.0,50.7,S
2021-07-14T13:46:07,1000.0,50.7,S
2021-07-14T13:46:04,200.0,50.7,S
2021-07-14T13:46:04,500.0,50.8,B
2021-07-14T13:46:04,1000.0,50.7,S
2021-07-14T13:46:04,100.0,50.7,S
2021-07-14T13:46:01,1500.0,50.7,S
2021-07-14T13:45:56,2900.0,50.7,S
2021-07-14T13:45:56,300.0,50.7,S
2021-07-14T13:45:56,6800.0,50.7,S
2021-07-14T13:45:49,200.0,50.7,S
2021-07-14T13:45:49,500.0,50.7,S
2021-07-14T13:45:41,10000.0,50.7,S
2021-07-14T13:45:36,5000.0,50.7,S
2021-07-14T13:45:32,100.0,50.7,S
2021-07-14T13:45:29,1000.0,50.7,S
2021-07-14T13:45:27,1000.0,50.7,S
2021-07-14T13:45:16,1000.0,50.8,B
2021-07-14T13:45:12,300.0,50.8,B
2021-07-14T13:45:11,600.0,50.8,B
2021-07-14T13:45:08,1600.0,50.7,S
2021-07-14T13:45:07,1000.0,50.7,S
2021-07-14T13:45:05,2200.0,50.7,S
2021-07-14T13:44:56,1000.0,50.8,B
2021-07-14T13:44:56,2000.0,50.7,S
2021-07-14T13:44:54,10000.0,50.8,B
2021-07-14T13:44:52,10000.0,50.8,B
2021-07-14T13:44:51,200.0,50.8,B
2021-07-14T13:44:47,200.0,50.8,B
2021-07-14T13:44:47,100.0,50.8,B
2021-07-14T13:44:44,200.0,50.8,B
2021-07-14T13:44:42,1000.0,50.7,S
2021-07-14T13:44:37,200.0,50.8,B
2021-07-14T13:44:31,200.0,50.7,S
2021-07-14T13:44:26,200.0,50.8,B
2021-07-14T13:44:21,100.0,50.8,B
2021-07-14T13:43:59,3900.0,50.8,B
2021-07-14T13:43:59,100.0,50.8,B
2021-07-14T13:43:59,6700.0,50.8,B
2021-07-14T13:43:59,200.0,50.8,B
2021-07-14T13:43:59,1800.0,50.8,B
2021-07-14T13:43:59,1500.0,50.8,B
2021-07-14T13:43:53,200.0,50.8,B
2021-07-14T13:43:53,1300.0,50.8,B
2021-07-14T13:43:53,4700.0,50.8,B
2021-07-14T13:43:49,3200.0,50.8,B
2021-07-14T13:43:48,10000.0,50.8,B
2021-07-14T13:43:46,200.0,50.8,B
2021-07-14T13:43:42,500.0,50.8,B
2021-07-14T13:43:41,200.0,50.7,S
2021-07-14T13:43:38,200.0,50.8,B
2021-07-14T13:43:35,200.0,50.8,B
2021-07-14T13:43:32,4000.0,50.8,B
2021-07-14T13:43:31,200.0,50.8,B
2021-07-14T13:43:28,300.0,50.8,B
2021-07-14T13:43:28,2400.0,50.8,B
2021-07-14T13:43:27,300.0,50.8,B
2021-07-14T13:43:24,5000.0,50.8,B
2021-07-14T13:43:21,200.0,50.8,B
2021-07-14T13:43:10,200.0,50.8,B
2021-07-14T13:43:06,200.0,50.8,B
2021-07-14T13:42:58,200.0,50.8,B
2021-07-14T13:42:51,200.0,50.8,B
2021-07-14T13:42:49,200.0,50.7,S
2021-07-14T13:42:47,800.0,50.8,B
2021-07-14T13:42:37,800.0,50.7,B
2021-07-14T13:42:35,400.0,50.7,B
2021-07-14T13:42:34,2200.0,50.7,B
2021-07-14T13:42:27,400.0,50.7,B
2021-07-14T13:42:19,200.0,50.7,B
2021-07-14T13:42:19,200.0,50.7,B
2021-07-14T13:42:16,200.0,50.7,B
2021-07-14T13:42:08,200.0,50.7,B
2021-07-14T13:42:07,300.0,50.7,B
2021-07-14T13:42:07,300.0,50.7,B
2021-07-14T13:42:07,1500.0,50.6,S
2021-07-14T13:42:07,4000.0,50.6,S
2021-07-14T13:42:00,200.0,50.7,B
2021-07-14T13:41:57,300.0,50.6,S
2021-07-14T13:41:52,100.0,50.6,S
2021-07-14T13:41:49,300.0,50.6,S
2021-07-14T13:41:43,100.0,50.6,S
2021-07-14T13:41:31,100.0,50.6,S
2021-07-14T13:41:29,200.0,50.6,S
2021-07-14T13:40:56,1000.0,50.5,S
2021-07-14T13:40:54,200.0,50.5,S
2021-07-14T13:40:28,400.0,50.5,B
2021-07-14T13:40:28,1000.0,50.5,B
2021-07-14T13:40:28,8100.0,50.5,B
2021-07-14T13:40:28,500.0,50.5,B
2021-07-14T13:40:21,5000.0,50.5,B
2021-07-14T13:40:16,11900.0,50.5,B
2021-07-14T13:40:13,100.0,50.5,B
2021-07-14T13:39:59,900.0,50.5,S
2021-07-14T13:39:59,100.0,50.5,S
2021-07-14T13:39:59,4100.0,50.5,S
2021-07-14T13:39:57,500.0,50.7,B
2021-07-14T13:39:57,7400.0,50.7,B
2021-07-14T13:39:57,10000.0,50.5,S
2021-07-14T13:39:56,9600.0,50.7,B
2021-07-14T13:39:56,400.0,50.7,B
2021-07-14T13:39:52,100.0,50.7,B
2021-07-14T13:39:51,1000.0,50.5,S
2021-07-14T13:39:43,200.0,50.5,S
2021-07-14T13:39:41,100.0,50.5,S
2021-07-14T13:39:40,3000.0,50.6,B
2021-07-14T13:39:40,500.0,50.6,B
2021-07-14T13:39:40,900.0,50.6,B
2021-07-14T13:39:40,800.0,50.6,B
2021-07-14T13:39:40,4800.0,50.6,B
2021-07-14T13:39:37,2100.0,50.5,S
2021-07-14T13:39:30,1000.0,50.5,B
2021-07-14T13:39:30,3700.0,50.5,B
2021-07-14T13:39:30,1000.0,50.5,B
2021-07-14T13:39:30,2200.0,50.5,B
2021-07-14T13:39:29,700.0,50.5,B
2021-07-14T13:39:27,1000.0,50.5,B
2021-07-14T13:39:26,1600.0,50.5,B
2021-07-14T13:39:21,100.0,50.5,B
2021-07-14T13:39:15,200.0,50.5,B
2021-07-14T13:39:10,8800.0,50.5,B
2021-07-14T13:39:06,600.0,50.3,B
2021-07-14T13:38:59,10000.0,50.3,B
2021-07-14T13:38:59,100.0,50.3,B
2021-07-14T13:38:55,100.0,50.3,B
2021-07-14T13:38:54,2000.0,50.3,B
2021-07-14T13:38:49,100.0,50.3,B
2021-07-14T13:38:47,100.0,50.3,B
2021-07-14T13:38:41,100.0,50.3,B
2021-07-14T13:38:33,1000.0,50.3,B
2021-07-14T13:38:22,500.0,50.2,S
2021-07-14T13:38:22,1800.0,50.2,B
2021-07-14T13:38:13,30000.0,50.1,S
2021-07-14T13:38:13,100.0,50.1,S
2021-07-14T13:38:10,900.0,50.1,S
2021-07-14T13:38:09,100.0,50.1,S
2021-07-14T13:37:59,200.0,50.1,S
2021-07-14T13:37:57,300.0,50.2,B
2021-07-14T13:37:57,500.0,50.2,B
2021-07-14T13:37:57,1500.0,50.2,B
2021-07-14T13:37:57,700.0,50.2,B
2021-07-14T13:37:57,500.0,50.1,S
2021-07-14T13:37:54,2000.0,50.1,S
2021-07-14T13:37:50,3000.0,50.1,B
2021-07-14T13:37:49,800.0,50.0,S
2021-07-14T13:37:47,100.0,50.1,B
2021-07-14T13:37:45,2000.0,50.1,B
2021-07-14T13:37:28,400.0,50.1,B
2021-07-14T13:37:25,1900.0,50.0,S
2021-07-14T13:37:25,8100.0,50.0,S
2021-07-14T13:37:23,100.0,50.1,B
2021-07-14T13:37:22,300.0,50.1,B
2021-07-14T13:37:15,500.0,50.1,B
2021-07-14T13:36:53,500.0,50.1,S
2021-07-14T13:36:42,500.0,50.1,S
2021-07-14T13:36:40,200.0,50.2,B
2021-07-14T13:36:35,1700.0,50.0,S
2021-07-14T13:36:35,500.0,50.2,B
2021-07-14T13:36:30,4200.0,50.2,S
2021-07-14T13:36:25,800.0,50.2,S
2021-07-14T13:36:23,700.0,50.1,S
2021-07-14T13:36:23,900.0,50.2,S
2021-07-14T13:36:18,1200.0,50.2,S
2021-07-14T13:36:18,100.0,50.3,B
2021-07-14T13:36:11,5000.0,50.2,S
2021-07-14T13:36:04,200.0,50.3,S
2021-07-14T13:36:04,2900.0,50.3,S
2021-07-14T13:36:04,400.0,50.4,S
2021-07-14T13:36:00,500.0,50.4,S
2021-07-14T13:36:00,100.0,50.4,B
2021-07-14T13:35:58,3000.0,50.4,S
2021-07-14T13:35:58,500.0,50.4,S
2021-07-14T13:35:55,1500.0,50.4,B
2021-07-14T13:35:54,100.0,50.4,S
2021-07-14T13:35:54,1000.0,50.4,S
2021-07-14T13:35:54,2500.0,50.4,S
2021-07-14T13:35:51,300.0,50.4,S
2021-07-14T13:35:47,200.0,50.4,S
2021-07-14T13:35:46,500.0,50.4,S
2021-07-14T13:35:45,1300.0,50.4,S
2021-07-14T13:35:38,1000.0,50.4,S
2021-07-14T13:35:38,5000.0,50.4,S
2021-07-14T13:35:29,100.0,50.5,B
2021-07-14T13:35:28,200.0,50.5,B
2021-07-14T13:35:26,1000.0,50.5,S
2021-07-14T13:35:26,3700.0,50.5,S
2021-07-14T13:35:26,13100.0,50.5,S
2021-07-14T13:35:24,1200.0,50.5,S
2021-07-14T13:35:23,1000.0,50.5,S
2021-07-14T13:35:21,500.0,50.5,S
2021-07-14T13:35:20,200.0,50.5,S
2021-07-14T13:35:17,200.0,50.5,S
2021-07-14T13:35:13,1000.0,50.5,S
2021-07-14T13:35:12,100.0,50.5,S
2021-07-14T13:35:08,1600.0,50.5,S
2021-07-14T13:35:06,800.0,50.5,S
2021-07-14T13:35:04,800.0,50.5,S
2021-07-14T13:34:57,3200.0,50.6,B
2021-07-14T13:34:35,3500.0,50.6,B
2021-07-14T13:34:35,1500.0,50.6,B
2021-07-14T13:34:30,2000.0,50.6,B
2021-07-14T13:34:29,100.0,50.6,B
2021-07-14T13:34:29,500.0,50.5,S
2021-07-14T13:34:26,2000.0,50.6,B
2021-07-14T13:34:25,1000.0,50.5,S
2021-07-14T13:34:22,1000.0,50.5,S
2021-07-14T13:34:20,1700.0,50.5,S
2021-07-14T13:34:20,1300.0,50.5,S
2021-07-14T13:34:18,300.0,50.5,S
2021-07-14T13:34:18,400.0,50.5,S
2021-07-14T13:34:18,100.0,50.5,S
2021-07-14T13:34:06,6000.0,50.5,S
2021-07-14T13:34:05,500.0,50.6,S
2021-07-14T13:34:05,5600.0,50.6,S
2021-07-14T13:34:01,500.0,50.6,S
2021-07-14T13:34:00,1000.0,50.6,S
2021-07-14T13:33:59,1300.0,50.6,S
2021-07-14T13:33:52,10000.0,50.6,S
2021-07-14T13:33:46,700.0,50.7,S
2021-07-14T13:33:46,200.0,50.8,B
2021-07-14T13:33:44,200.0,50.7,S
2021-07-14T13:33:37,500.0,50.7,S
2021-07-14T13:33:35,300.0,50.8,B
2021-07-14T13:33:34,100.0,50.8,B
2021-07-14T13:33:30,20000.0,50.7,S
2021-07-14T13:33:28,1100.0,50.8,S
2021-07-14T13:33:28,12300.0,50.8,S
2021-07-14T13:33:27,200.0,50.8,S
2021-07-14T13:33:24,1000.0,50.8,S
2021-07-14T13:33:24,500.0,50.8,S
2021-07-14T13:33:23,100.0,50.8,S
2021-07-14T13:33:22,1000.0,50.8,S
2021-07-14T13:33:22,1000.0,50.8,S
2021-07-14T13:33:20,200.0,50.8,S
2021-07-14T13:33:20,3200.0,50.8,S
2021-07-14T13:33:18,3000.0,50.8,S
2021-07-14T13:33:16,1000.0,50.8,S
2021-07-14T13:33:16,1000.0,50.8,S
2021-07-14T13:33:15,9700.0,50.8,S
2021-07-14T13:33:15,400.0,50.8,S
2021-07-14T13:33:15,4900.0,50.8,S
2021-07-14T13:33:13,100.0,50.8,S
2021-07-14T13:33:11,10000.0,50.8,S
2021-07-14T13:33:08,5000.0,50.8,S
2021-07-14T13:33:08,500.0,50.8,S
2021-07-14T13:33:08,500.0,50.8,S
2021-07-14T13:33:03,100.0,50.8,S
2021-07-14T13:32:57,600.0,50.8,S
2021-07-14T13:32:56,100.0,50.8,S
2021-07-14T13:32:45,1600.0,50.9,B
2021-07-14T13:32:32,800.0,50.9,B
2021-07-14T13:32:29,1000.0,50.9,B
2021-07-14T13:32:27,100.0,50.9,B
2021-07-14T13:32:26,400.0,50.9,B
2021-07-14T13:32:26,300.0,50.9,B
2021-07-14T13:32:26,2300.0,50.9,B
2021-07-14T13:32:15,2700.0,50.9,S
2021-07-14T13:32:15,10000.0,50.9,S
2021-07-14T13:32:14,800.0,50.9,S
2021-07-14T13:32:10,8000.0,50.9,S
2021-07-14T13:32:06,3000.0,50.9,S
2021-07-14T13:32:05,1000.0,50.9,S
2021-07-14T13:32:02,100.0,51.0,B
2021-07-14T13:31:55,600.0,50.9,S
2021-07-14T13:31:54,10000.0,50.9,S
2021-07-14T13:31:52,900.0,50.9,S
2021-07-14T13:31:47,1700.0,50.9,S
2021-07-14T13:31:47,12700.0,50.9,S
2021-07-14T13:31:45,1000.0,50.9,S
2021-07-14T13:31:44,200.0,51.0,B
2021-07-14T13:31:40,500.0,50.9,S
2021-07-14T13:31:38,800.0,50.9,S
2021-07-14T13:31:34,3000.0,50.9,S
2021-07-14T13:31:31,13100.0,50.9,S
2021-07-14T13:31:26,1000.0,51.0,B
2021-07-14T13:31:26,200.0,50.9,S
2021-07-14T13:31:22,300.0,50.9,S
2021-07-14T13:31:20,4000.0,50.9,S
2021-07-14T13:31:20,1000.0,51.0,B
2021-07-14T13:31:15,6000.0,50.9,S
2021-07-14T13:31:11,20000.0,50.9,S
2021-07-14T13:31:02,1000.0,51.0,B
2021-07-14T13:31:01,1000.0,50.9,S
2021-07-14T13:30:58,200.0,50.9,S
2021-07-14T13:30:56,100.0,50.9,S
2021-07-14T13:30:47,3000.0,50.9,S
2021-07-14T13:30:41,1000.0,50.9,S
2021-07-14T13:30:41,800.0,50.9,S
2021-07-14T13:30:39,8000.0,50.9,S
2021-07-14T13:30:37,5000.0,50.9,S
2021-07-14T13:30:34,24300.0,50.9,S
2021-07-14T13:30:34,2500.0,50.9,B
2021-07-14T13:30:34,1000.0,50.9,B
2021-07-14T13:30:34,100.0,50.9,B
2021-07-14T13:30:33,1000.0,50.8,S
2021-07-14T13:30:30,10000.0,50.9,B
2021-07-14T13:30:30,1000.0,50.8,S
2021-07-14T13:30:23,200.0,50.8,S
2021-07-14T13:30:20,10000.0,50.9,B
2021-07-14T13:30:16,16900.0,50.8,B
2021-07-14T13:30:11,10000.0,50.8,B
2021-07-14T13:30:09,1000.0,50.7,S
2021-07-14T13:30:07,10000.0,50.8,S
2021-07-14T13:30:07,3200.0,50.8,S
2021-07-14T13:30:06,2000.0,50.8,S
2021-07-14T13:30:04,1000.0,50.8,S
2021-07-14T13:30:01,15400.0,50.9,B
2021-07-14T13:30:01,4600.0,50.9,B
2021-07-14T13:30:01,1000.0,50.9,B
2021-07-14T13:29:52,10000.0,50.8,S
2021-07-14T13:29:51,3200.0,50.9,B
2021-07-14T13:29:45,1000.0,50.9,B
2021-07-14T13:29:43,200.0,50.9,B
2021-07-14T13:29:43,500.0,50.9,B
2021-07-14T13:29:43,800.0,50.9,B
2021-07-14T13:29:28,100.0,50.9,B
2021-07-14T13:29:24,300.0,50.8,S
2021-07-14T13:29:21,200.0,50.8,B
2021-07-14T13:29:21,100.0,50.8,B
2021-07-14T13:29:20,200.0,50.8,B
2021-07-14T13:29:20,1500.0,50.8,B
2021-07-14T13:29:20,100.0,50.8,B
2021-07-14T13:29:20,11200.0,50.8,B
2021-07-14T13:29:20,3000.0,50.8,B
2021-07-14T13:29:18,1000.0,50.8,B
2021-07-14T13:29:18,4400.0,50.7,S
2021-07-14T13:29:17,2900.0,50.7,S
2021-07-14T13:29:04,10000.0,50.8,B
2021-07-14T13:28:51,1000.0,50.7,S
2021-07-14T13:28:40,10000.0,50.7,S
2021-07-14T13:28:38,10000.0,50.7,S
2021-07-14T13:28:37,200.0,50.7,S
2021-07-14T13:28:35,10500.0,50.7,B
2021-07-14T13:28:28,300.0,50.7,B
2021-07-14T13:28:25,200.0,50.7,B
2021-07-14T13:28:20,3800.0,50.7,S
2021-07-14T13:28:19,1000.0,50.7,S
2021-07-14T13:28:19,5500.0,50.7,S
2021-07-14T13:27:55,500.0,50.7,S
2021-07-14T13:27:51,1000.0,50.8,B
2021-07-14T13:27:51,500.0,50.8,B
2021-07-14T13:27:51,200.0,50.8,B
2021-07-14T13:27:50,2000.0,50.7,S
2021-07-14T13:27:48,1000.0,50.8,B
2021-07-14T13:27:45,200.0,50.7,S
2021-07-14T13:27:45,500.0,50.8,B
2021-07-14T13:27:41,6000.0,50.8,B
2021-07-14T13:27:31,10000.0,50.8,B
2021-07-14T13:27:31,400.0,50.7,S
2021-07-14T13:27:30,200.0,50.8,B
2021-07-14T13:27:18,100.0,50.7,B
2021-07-14T13:27:11,1000.0,50.6,S
2021-07-14T13:27:09,3100.0,50.6,B
2021-07-14T13:27:09,25300.0,50.6,B
2021-07-14T13:27:09,500.0,50.6,B
2021-07-14T13:27:09,5200.0,50.6,B
2021-07-14T13:27:09,500.0,50.5,S
2021-07-14T13:27:04,1000.0,50.5,S
2021-07-14T13:27:02,3000.0,50.6,B
2021-07-14T13:27:00,1700.0,50.5,B
2021-07-14T13:27:00,10700.0,50.5,B
2021-07-14T13:27:00,6200.0,50.5,B
2021-07-14T13:27:00,500.0,50.5,B
2021-07-14T13:27:00,62000.0,50.5,B
2021-07-14T13:27:00,4100.0,50.5,B
2021-07-14T13:26:56,1000.0,50.5,B
2021-07-14T13:26:54,600.0,50.5,B
2021-07-14T13:26:54,2000.0,50.5,B
2021-07-14T13:26:54,400.0,50.5,B
2021-07-14T13:26:53,2900.0,50.5,B
2021-07-14T13:26:53,700.0,50.5,B
2021-07-14T13:26:53,200.0,50.5,B
2021-07-14T13:26:53,1200.0,50.5,B
2021-07-14T13:26:50,800.0,50.4,B
2021-07-14T13:26:49,500.0,50.4,B
2021-07-14T13:26:47,500.0,50.4,B
2021-07-14T13:26:46,200.0,50.4,B
2021-07-14T13:26:45,8600.0,50.4,B
2021-07-14T13:26:45,1400.0,50.4,B
2021-07-14T13:26:43,800.0,50.4,B
2021-07-14T13:26:42,500.0,50.4,B
2021-07-14T13:26:40,1500.0,50.4,B
2021-07-14T13:26:39,1500.0,50.4,B
2021-07-14T13:26:38,200.0,50.3,S
2021-07-14T13:26:34,600.0,50.3,B
2021-07-14T13:26:34,300.0,50.3,B
2021-07-14T13:26:32,600.0,50.3,B
2021-07-14T13:26:28,200.0,50.3,B
2021-07-14T13:26:28,10000.0,50.3,B
2021-07-14T13:26:26,50000.0,50.3,B
2021-07-14T13:26:22,500.0,50.3,B
2021-07-14T13:26:21,200.0,50.3,B
2021-07-14T13:26:16,4000.0,50.3,B
2021-07-14T13:26:15,500.0,50.3,B
2021-07-14T13:26:12,100.0,50.3,B
2021-07-14T13:26:10,100.0,50.3,B
2021-07-14T13:26:09,100.0,50.3,B
2021-07-14T13:26:06,200.0,50.3,B
2021-07-14T13:26:03,1000.0,50.3,B
2021-07-14T13:26:00,500.0,50.3,B
2021-07-14T13:25:57,200.0,50.3,B
2021-07-14T13:25:57,400.0,50.3,B
2021-07-14T13:25:54,1000.0,50.3,B
2021-07-14T13:25:53,900.0,50.3,B
2021-07-14T13:25:51,600.0,50.3,B
2021-07-14T13:25:51,500.0,50.3,B
2021-07-14T13:25:51,100.0,50.3,B
2021-07-14T13:25:51,1200.0,50.3,B
2021-07-14T13:25:51,800.0,50.3,B
2021-07-14T13:25:50,1000.0,50.3,B
2021-07-14T13:25:48,200.0,50.3,B
2021-07-14T13:25:47,500.0,50.3,B
2021-07-14T13:25:43,200.0,50.3,B
2021-07-14T13:25:28,600.0,50.3,B
2021-07-14T13:25:28,1100.0,50.3,B
2021-07-14T13:25:28,300.0,50.3,B
2021-07-14T13:25:28,22000.0,50.2,B
2021-07-14T13:25:26,1400.0,50.1,B
2021-07-14T13:25:26,200.0,50.1,B
2021-07-14T13:25:26,1600.0,50.1,B
2021-07-14T13:25:26,200.0,50.1,B
2021-07-14T13:25:26,100.0,50.1,B
2021-07-14T13:25:25,1000.0,50.1,B
2021-07-14T13:25:23,1000.0,50.1,B
2021-07-14T13:25:23,100.0,50.1,B
2021-07-14T13:25:20,100.0,50.1,B
2021-07-14T13:25:20,600.0,50.1,B
2021-07-14T13:25:18,1000.0,50.1,B
2021-07-14T13:25:18,500.0,50.1,B
2021-07-14T13:25:18,600.0,50.1,B
2021-07-14T13:25:17,100.0,50.1,B
2021-07-14T13:25:15,1000.0,50.1,B
2021-07-14T13:25:14,5000.0,50.1,B
2021-07-14T13:25:13,500.0,50.1,B
2021-07-14T13:25:10,100.0,50.1,B
2021-07-14T13:25:10,3200.0,50.1,B
2021-07-14T13:25:10,8700.0,50.1,B
2021-07-14T13:25:07,500.0,50.1,B
2021-07-14T13:25:05,400.0,50.1,B
2021-07-14T13:25:02,1000.0,50.0,S
2021-07-14T13:24:58,500.0,50.1,B
2021-07-14T13:24:58,2800.0,50.1,B
2021-07-14T13:24:53,400.0,50.1,B
2021-07-14T13:24:45,800.0,50.1,B
2021-07-14T13:24:41,8100.0,50.0,B
2021-07-14T13:24:41,3100.0,50.0,B
2021-07-14T13:24:41,2500.0,50.0,B
2021-07-14T13:24:41,2000.0,50.0,B
2021-07-14T13:24:41,7100.0,50.0,B
2021-07-14T13:24:41,19100.0,50.0,B
2021-07-14T13:24:41,1100.0,50.0,B
2021-07-14T13:24:41,2100.0,50.0,B
2021-07-14T13:24:41,100.0,50.0,B
2021-07-14T13:24:41,12900.0,50.0,B
2021-07-14T13:24:36,100.0,50.0,B
2021-07-14T13:24:35,1200.0,50.0,B
2021-07-14T13:24:35,2000.0,50.0,B
2021-07-14T13:24:35,2700.0,50.0,B
2021-07-14T13:24:35,500.0,50.0,B
2021-07-14T13:24:34,1000.0,50.0,B
2021-07-14T13:24:30,100.0,50.0,B
2021-07-14T13:24:26,100.0,49.95,S
2021-07-14T13:24:23,1400.0,49.95,S
2021-07-14T13:24:22,4300.0,49.95,B
2021-07-14T13:24:19,200.0,49.95,B
2021-07-14T13:24:18,1800.0,49.95,B
2021-07-14T13:24:16,200.0,49.95,B
2021-07-14T13:24:16,5000.0,49.95,B
2021-07-14T13:24:09,200.0,49.9,S
2021-07-14T13:24:09,1000.0,49.9,S
2021-07-14T13:24:03,100.0,49.9,B
2021-07-14T13:24:03,1000.0,49.9,B
2021-07-14T13:24:02,1800.0,49.9,B
2021-07-14T13:24:01,1000.0,49.9,B
2021-07-14T13:24:00,5000.0,49.9,B
2021-07-14T13:23:58,1000.0,49.85,S
2021-07-14T13:23:55,400.0,49.9,B
2021-07-14T13:23:54,300.0,49.9,B
2021-07-14T13:23:53,100.0,49.9,B
2021-07-14T13:23:48,400.0,49.9,B
2021-07-14T13:23:46,1400.0,49.85,B
2021-07-14T13:23:45,100.0,49.85,B
2021-07-14T13:23:43,400.0,49.85,B
2021-07-14T13:23:43,100.0,49.85,B
2021-07-14T13:23:42,300.0,49.85,B
2021-07-14T13:23:40,500.0,49.85,B
2021-07-14T13:23:39,1000.0,49.85,B
2021-07-14T13:23:33,1000.0,49.85,B
2021-07-14T13:23:31,500.0,49.85,B
2021-07-14T13:23:30,700.0,49.85,B
2021-07-14T13:23:30,200.0,49.85,B
2021-07-14T13:23:29,2000.0,49.85,B
2021-07-14T13:23:28,2100.0,49.85,B
2021-07-14T13:23:25,300.0,49.85,B
2021-07-14T13:23:24,200.0,49.85,B
2021-07-14T13:23:24,1000.0,49.85,B
2021-07-14T13:23:23,800.0,49.85,B
2021-07-14T13:23:16,800.0,49.85,B
2021-07-14T13:23:13,100.0,49.85,B
2021-07-14T13:23:13,4400.0,49.8,B
2021-07-14T13:23:09,400.0,49.8,B
2021-07-14T13:23:07,400.0,49.8,B
2021-07-14T13:23:05,1000.0,49.75,S
2021-07-14T13:23:04,800.0,49.8,B
2021-07-14T13:22:55,300.0,49.7,B
2021-07-14T13:22:54,200.0,49.6,S
2021-07-14T13:22:54,200.0,49.6,S
2021-07-14T13:22:54,600.0,49.6,S
2021-07-14T13:22:53,100.0,49.7,B
2021-07-14T13:22:53,100.0,49.7,B
2021-07-14T13:22:53,500.0,49.7,B
2021-07-14T13:22:52,1000.0,49.6,S
2021-07-14T13:22:51,200.0,49.7,B
2021-07-14T13:22:51,700.0,49.7,B
2021-07-14T13:22:50,100.0,49.7,B
2021-07-14T13:22:49,2000.0,49.7,B
2021-07-14T13:22:46,100.0,49.7,B
2021-07-14T13:22:45,600.0,49.7,B
2021-07-14T13:22:44,200.0,49.7,B
2021-07-14T13:22:41,100.0,49.7,B
2021-07-14T13:22:41,1500.0,49.6,S
2021-07-14T13:22:38,100.0,49.7,B
2021-07-14T13:22:36,600.0,49.6,S
2021-07-14T13:22:30,4900.0,49.6,B
2021-07-14T13:22:27,100.0,49.6,B
2021-07-14T13:22:23,500.0,49.6,B
2021-07-14T13:22:21,3000.0,49.5,S
2021-07-14T13:22:21,100.0,49.6,B
2021-07-14T13:22:20,600.0,49.6,B
2021-07-14T13:22:19,10000.0,49.6,B
2021-07-14T13:22:17,600.0,49.6,B
2021-07-14T13:22:16,1500.0,49.5,S
2021-07-14T13:22:13,100.0,49.5,S
2021-07-14T13:22:13,100.0,49.6,B
2021-07-14T13:22:10,3000.0,49.5,S
2021-07-14T13:22:09,200.0,49.5,S
2021-07-14T13:22:07,400.0,49.5,B
2021-07-14T13:22:06,100.0,49.5,B
2021-07-14T13:22:06,200.0,49.5,B
2021-07-14T13:22:05,500.0,49.5,B
2021-07-14T13:22:03,10000.0,49.5,B
2021-07-14T13:22:01,1100.0,49.5,B
2021-07-14T13:22:01,2500.0,49.5,B
2021-07-14T13:22:00,100.0,49.5,B
2021-07-14T13:21:55,200.0,49.5,B
2021-07-14T13:21:53,5500.0,49.5,B
2021-07-14T13:21:53,4500.0,49.5,B
2021-07-14T13:21:50,1000.0,49.45,S
2021-07-14T13:21:49,500.0,49.5,B
2021-07-14T13:21:46,100.0,49.5,B
2021-07-14T13:21:45,1000.0,49.5,B
2021-07-14T13:21:45,600.0,49.45,S
2021-07-14T13:21:45,1000.0,49.45,S
2021-07-14T13:21:45,1400.0,49.45,S
2021-07-14T13:21:42,8900.0,49.5,B
2021-07-14T13:21:41,100.0,49.5,B
2021-07-14T13:21:40,100.0,49.5,B
2021-07-14T13:21:39,1000.0,49.5,B
2021-07-14T13:21:39,4300.0,49.5,B
2021-07-14T13:21:38,200.0,49.5,B
2021-07-14T13:21:34,700.0,49.5,B
2021-07-14T13:21:33,100.0,49.5,B
2021-07-14T13:21:31,10000.0,49.5,B
2021-07-14T13:21:31,3100.0,49.5,B
2021-07-14T13:21:30,3000.0,49.5,B
2021-07-14T13:21:27,500.0,49.45,S
2021-07-14T13:21:23,300.0,49.5,B
2021-07-14T13:21:22,2300.0,49.5,B
2021-07-14T13:21:22,400.0,49.5,B
2021-07-14T13:21:21,100.0,49.5,B
2021-07-14T13:21:20,500.0,49.45,S
2021-07-14T13:21:14,1000.0,49.45,S
2021-07-14T13:21:10,8000.0,49.45,S
2021-07-14T13:21:10,8800.0,49.5,B
2021-07-14T13:21:09,14100.0,49.45,B
2021-07-14T13:21:09,100.0,49.45,B
2021-07-14T13:21:09,2100.0,49.45,B
2021-07-14T13:21:07,2100.0,49.45,B
2021-07-14T13:21:07,100.0,49.45,B
2021-07-14T13:21:07,1000.0,49.45,B
2021-07-14T13:21:05,300.0,49.45,B
2021-07-14T13:21:02,300.0,49.45,B
2021-07-14T13:21:01,100.0,49.45,B
2021-07-14T13:21:01,2000.0,49.4,S
2021-07-14T13:20:54,200.0,49.45,B
2021-07-14T13:20:53,3300.0,49.4,S
2021-07-14T13:20:53,200.0,49.45,B
2021-07-14T13:20:49,100.0,49.45,B
2021-07-14T13:20:49,300.0,49.45,B
2021-07-14T13:20:47,400.0,49.45,B
2021-07-14T13:20:43,100.0,49.45,B
2021-07-14T13:20:43,1500.0,49.45,B
2021-07-14T13:20:43,500.0,49.45,B
2021-07-14T13:20:43,100.0,49.45,B
2021-07-14T13:20:40,100.0,49.45,B
2021-07-14T13:20:40,1000.0,49.45,B
2021-07-14T13:20:38,1000.0,49.45,S
2021-07-14T13:20:38,10300.0,49.45,S
2021-07-14T13:20:38,100.0,49.5,B
2021-07-14T13:20:38,200.0,49.5,B
2021-07-14T13:20:33,600.0,49.5,B
2021-07-14T13:20:31,100.0,49.45,S
2021-07-14T13:20:30,1000.0,49.5,B
2021-07-14T13:20:20,1800.0,49.5,B
2021-07-14T13:20:20,100.0,49.45,S
2021-07-14T13:20:16,400.0,49.45,S
2021-07-14T13:20:13,300.0,49.5,B
2021-07-14T13:20:11,3000.0,49.4,S
2021-07-14T13:20:10,100.0,49.45,S
2021-07-14T13:20:04,1200.0,49.4,S
2021-07-14T13:19:54,1000.0,49.4,S
2021-07-14T13:19:51,300.0,49.4,B
2021-07-14T13:19:51,2000.0,49.4,B
2021-07-14T13:19:51,100.0,49.4,B
2021-07-14T13:19:48,500.0,49.4,B
2021-07-14T13:19:46,500.0,49.4,B
2021-07-14T13:19:44,100.0,49.4,B
2021-07-14T13:19:44,100.0,49.4,B
2021-07-14T13:19:44,1000.0,49.4,B
2021-07-14T13:19:42,500.0,49.4,B
2021-07-14T13:19:40,1000.0,49.4,B
2021-07-14T13:19:38,2000.0,49.4,B
2021-07-14T13:19:34,10000.0,49.4,B
2021-07-14T13:19:32,100.0,49.4,B
2021-07-14T13:19:32,300.0,49.4,B
2021-07-14T13:19:30,500.0,49.4,B
2021-07-14T13:19:23,2000.0,49.4,B
2021-07-14T13:19:23,100.0,49.4,B
2021-07-14T13:19:23,500.0,49.4,B
2021-07-14T13:19:23,3200.0,49.4,B
2021-07-14T13:19:22,200.0,49.4,B
2021-07-14T13:19:21,200.0,49.4,B
2021-07-14T13:19:17,2000.0,49.3,S
2021-07-14T13:19:17,900.0,49.35,S
2021-07-14T13:19:16,100.0,49.35,B
2021-07-14T13:19:16,1000.0,49.35,B
2021-07-14T13:19:16,1000.0,49.35,S
2021-07-14T13:19:15,500.0,49.3,S
2021-07-14T13:19:15,4500.0,49.3,S
2021-07-14T13:19:06,200.0,49.4,B
2021-07-14T13:19:06,300.0,49.3,S
2021-07-14T13:19:06,700.0,49.3,S
2021-07-14T13:19:05,100.0,49.35,B
2021-07-14T13:19:01,100.0,49.35,B
2021-07-14T13:19:00,100.0,49.35,B
2021-07-14T13:18:59,500.0,49.35,B
2021-07-14T13:18:59,100.0,49.35,B
2021-07-14T13:18:57,2600.0,49.3,S
2021-07-14T13:18:56,1000.0,49.35,B
2021-07-14T13:18:52,100.0,49.35,B
2021-07-14T13:18:43,1000.0,49.4,B
2021-07-14T13:18:40,8000.0,49.3,S
2021-07-14T13:18:40,200.0,49.35,B
2021-07-14T13:18:38,500.0,49.35,B
2021-07-14T13:18:35,1000.0,49.3,S
2021-07-14T13:18:35,100.0,49.3,S
2021-07-14T13:18:32,400.0,49.2,B
2021-07-14T13:18:32,1000.0,49.2,B
2021-07-14T13:18:32,5000.0,49.2,B
2021-07-14T13:18:30,100.0,49.2,B
2021-07-14T13:18:29,500.0,49.2,B
2021-07-14T13:18:27,300.0,49.2,B
2021-07-14T13:18:27,500.0,49.2,B
2021-07-14T13:18:27,200.0,49.2,S
2021-07-14T13:18:27,500.0,49.2,S
2021-07-14T13:18:27,2300.0,49.2,S
2021-07-14T13:18:27,200.0,49.2,S
2021-07-14T13:18:27,300.0,49.2,S
2021-07-14T13:18:27,5000.0,49.2,S
2021-07-14T13:18:27,7100.0,49.2,S
2021-07-14T13:18:27,2800.0,49.2,S
2021-07-14T13:18:26,3300.0,49.2,S
2021-07-14T13:18:26,15800.0,49.2,S
2021-07-14T13:18:26,1400.0,49.2,S
2021-07-14T13:18:26,5000.0,49.2,S
2021-07-14T13:18:26,200.0,49.3,S
2021-07-14T13:18:26,3100.0,49.3,S
2021-07-14T13:18:26,400.0,49.3,S
2021-07-14T13:18:26,100.0,49.3,S
2021-07-14T13:18:26,1200.0,49.3,S
2021-07-14T13:18:26,2000.0,49.3,S
2021-07-14T13:18:26,5700.0,49.3,S
2021-07-14T13:18:26,1000.0,49.3,S
2021-07-14T13:18:26,3700.0,49.3,S
2021-07-14T13:18:26,5100.0,49.35,S
2021-07-14T13:18:20,400.0,49.4,B
2021-07-14T13:18:14,200.0,49.4,B
2021-07-14T13:18:12,200.0,49.4,B
2021-07-14T13:18:12,200.0,49.4,B
2021-07-14T13:18:10,100.0,49.4,B
2021-07-14T13:18:08,1700.0,49.4,S
2021-07-14T13:18:07,2100.0,49.5,B
2021-07-14T13:18:04,1000.0,49.5,B
2021-07-14T13:18:04,3000.0,49.4,S
2021-07-14T13:18:04,500.0,49.4,S
2021-07-14T13:18:03,11600.0,49.4,S
2021-07-14T13:18:03,1200.0,49.4,S
2021-07-14T13:18:03,400.0,49.4,S
2021-07-14T13:18:03,1200.0,49.4,S
2021-07-14T13:18:02,200.0,49.5,B
2021-07-14T13:18:01,200.0,49.4,S
2021-07-14T13:18:01,2100.0,49.4,S
2021-07-14T13:17:59,100.0,49.5,B
2021-07-14T13:17:50,800.0,49.5,B
2021-07-14T13:17:48,10000.0,49.5,B
2021-07-14T13:17:43,100.0,49.5,B
2021-07-14T13:17:42,600.0,49.5,B
2021-07-14T13:17:36,200.0,49.5,B
2021-07-14T13:17:36,300.0,49.5,B
2021-07-14T13:17:36,100.0,49.5,B
2021-07-14T13:17:32,100.0,49.5,B
2021-07-14T13:17:32,1600.0,49.5,S
2021-07-14T13:17:32,5100.0,49.5,S
2021-07-14T13:17:32,1000.0,49.5,S
2021-07-14T13:17:32,1400.0,49.5,S
2021-07-14T13:17:32,3300.0,49.5,S
2021-07-14T13:17:32,1700.0,49.5,S
2021-07-14T13:17:32,200.0,49.5,S
2021-07-14T13:17:32,1700.0,49.5,S
2021-07-14T13:17:32,500.0,49.5,S
2021-07-14T13:17:32,1600.0,49.5,S
2021-07-14T13:17:32,4400.0,49.5,S
2021-07-14T13:17:32,1200.0,49.5,S
2021-07-14T13:17:32,2400.0,49.5,S
2021-07-14T13:17:32,200.0,49.5,S
2021-07-14T13:17:32,5100.0,49.5,S
2021-07-14T13:17:30,2000.0,49.5,S
2021-07-14T13:17:25,900.0,49.5,S
2021-07-14T13:17:25,800.0,49.5,S
2021-07-14T13:17:25,1100.0,49.5,S
2021-07-14T13:17:25,3000.0,49.5,S
2021-07-14T13:17:25,4100.0,49.5,S
2021-07-14T13:17:21,10000.0,49.5,S
2021-07-14T13:17:21,100.0,49.6,B
2021-07-14T13:17:19,200.0,49.6,B
2021-07-14T13:17:19,200.0,49.6,B
2021-07-14T13:17:17,30000.0,49.5,S
2021-07-14T13:17:09,2000.0,49.6,B
2021-07-14T13:17:06,1000.0,49.6,B
2021-07-14T13:17:06,3300.0,49.6,B
2021-07-14T13:17:00,100.0,49.6,S
2021-07-14T13:16:59,100.0,49.6,S
2021-07-14T13:16:59,3000.0,49.6,S
2021-07-14T13:16:57,500.0,49.6,S
2021-07-14T13:16:55,100.0,49.6,S
2021-07-14T13:16:53,2800.0,49.6,S
2021-07-14T13:16:53,3300.0,49.6,S
2021-07-14T13:16:53,400.0,49.6,S
2021-07-14T13:16:53,300.0,49.6,S
2021-07-14T13:16:52,100.0,49.6,S
2021-07-14T13:16:48,1000.0,49.6,S
2021-07-14T13:16:44,500.0,49.6,S
2021-07-14T13:16:34,100.0,49.7,B
2021-07-14T13:16:34,1600.0,49.6,S
2021-07-14T13:16:34,400.0,49.6,S
2021-07-14T13:16:31,100.0,49.7,B
2021-07-14T13:16:31,1000.0,49.6,S
2021-07-14T13:16:31,3000.0,49.6,S
2021-07-14T13:16:28,200.0,49.7,B
2021-07-14T13:16:25,1000.0,49.7,B
2021-07-14T13:16:25,300.0,49.7,B
2021-07-14T13:16:21,1200.0,49.7,S
2021-07-14T13:16:21,400.0,49.7,S
2021-07-14T13:16:21,15500.0,49.7,S
2021-07-14T13:16:15,1000.0,49.7,S
2021-07-14T13:16:13,600.0,49.75,B
2021-07-14T13:16:05,2000.0,49.7,S
2021-07-14T13:16:02,300.0,49.75,B
2021-07-14T13:16:02,2000.0,49.7,S
2021-07-14T13:16:02,4400.0,49.7,S
2021-07-14T13:16:02,5600.0,49.7,S
2021-07-14T13:16:01,8700.0,49.75,S
2021-07-14T13:15:58,10000.0,49.75,S
2021-07-14T13:15:52,200.0,49.8,B
2021-07-14T13:15:51,500.0,49.75,S
2021-07-14T13:15:51,200.0,49.8,B
2021-07-14T13:15:51,2400.0,49.8,B
2021-07-14T13:15:47,300.0,49.8,B
2021-07-14T13:15:46,1000.0,49.75,S
2021-07-14T13:15:45,1000.0,49.8,B
2021-07-14T13:15:42,100.0,49.8,B
2021-07-14T13:15:35,1000.0,49.8,B
2021-07-14T13:15:33,4600.0,49.8,S
2021-07-14T13:15:33,10400.0,49.8,S
2021-07-14T13:15:33,100.0,49.8,S
2021-07-14T13:15:33,2400.0,49.8,S
2021-07-14T13:15:33,2700.0,49.8,S
2021-07-14T13:15:33,2000.0,49.8,S
2021-07-14T13:15:33,1700.0,49.8,S
2021-07-14T13:15:33,15200.0,49.8,S
2021-07-14T13:15:31,100.0,49.8,S
2021-07-14T13:15:29,1300.0,49.8,S
2021-07-14T13:15:29,1200.0,49.8,S
2021-07-14T13:15:25,5000.0,49.8,S
2021-07-14T13:15:24,4000.0,49.8,S
2021-07-14T13:15:24,2000.0,49.85,B
2021-07-14T13:15:21,500.0,49.8,S
2021-07-14T13:15:17,200.0,49.8,S
2021-07-14T13:15:16,10000.0,49.85,B
2021-07-14T13:15:11,1300.0,49.8,S
2021-07-14T13:15:03,10000.0,49.8,S
2021-07-14T13:15:00,2000.0,49.85,B
2021-07-14T13:14:53,5000.0,49.85,B
2021-07-14T13:14:51,200.0,49.85,B
2021-07-14T13:14:49,1200.0,49.8,S
2021-07-14T13:14:49,100.0,49.8,S
2021-07-14T13:14:49,300.0,49.85,B
2021-07-14T13:14:47,17500.0,49.85,S
2021-07-14T13:14:46,8200.0,49.9,B
2021-07-14T13:14:40,2800.0,49.9,S
2021-07-14T13:14:36,1700.0,49.9,S
2021-07-14T13:14:36,100.0,49.9,S
2021-07-14T13:14:35,500.0,49.95,B
2021-07-14T13:14:35,500.0,49.9,S
2021-07-14T13:14:32,2000.0,49.9,S
2021-07-14T13:14:32,1000.0,49.9,S
2021-07-14T13:14:29,4500.0,49.9,S
2021-07-14T13:14:23,1000.0,49.9,S
2021-07-14T13:14:22,6800.0,49.9,S
2021-07-14T13:14:22,100.0,50.0,B
2021-07-14T13:14:19,6800.0,49.9,S
2021-07-14T13:14:17,4200.0,49.9,S
2021-07-14T13:14:14,3200.0,49.9,S
2021-07-14T13:14:12,1300.0,49.9,S
2021-07-14T13:14:08,5000.0,49.9,S
2021-07-14T13:14:06,100.0,50.0,B
2021-07-14T13:13:59,500.0,50.0,B
2021-07-14T13:13:59,500.0,50.0,B
2021-07-14T13:13:53,1000.0,50.0,B
2021-07-14T13:13:50,1000.0,50.0,B
2021-07-14T13:13:46,100.0,50.0,B
2021-07-14T13:13:45,500.0,50.0,B
2021-07-14T13:13:45,400.0,50.0,B
2021-07-14T13:13:40,100.0,50.0,B
2021-07-14T13:13:39,500.0,50.0,B
2021-07-14T13:13:38,1500.0,49.9,S
2021-07-14T13:13:32,200.0,50.0,B
2021-07-14T13:13:27,200.0,50.0,B
2021-07-14T13:13:26,500.0,50.0,B
2021-07-14T13:13:08,500.0,50.0,B
2021-07-14T13:13:05,1000.0,50.0,B
2021-07-14T13:12:59,2500.0,49.9,S
2021-07-14T13:12:58,100.0,50.0,B
2021-07-14T13:12:53,1100.0,49.9,S
2021-07-14T13:12:53,100.0,49.9,S
2021-07-14T13:12:53,800.0,49.9,S
2021-07-14T13:12:42,900.0,50.0,B
2021-07-14T13:12:42,100.0,49.9,S
2021-07-14T13:12:41,1100.0,50.0,B
2021-07-14T13:12:36,300.0,50.0,B
2021-07-14T13:12:35,1400.0,49.9,S
2021-07-14T13:12:33,200.0,50.0,B
2021-07-14T13:12:32,1000.0,50.0,B
2021-07-14T13:12:31,100.0,50.0,B
2021-07-14T13:12:30,3000.0,50.0,B
2021-07-14T13:12:28,400.0,49.95,B
2021-07-14T13:12:25,900.0,49.95,S
2021-07-14T13:12:19,8000.0,50.0,B
2021-07-14T13:12:18,100.0,49.95,S
2021-07-14T13:12:13,500.0,49.95,B
2021-07-14T13:12:08,2200.0,49.9,S
2021-07-14T13:12:08,700.0,49.9,S
2021-07-14T13:12:08,4600.0,49.9,S
2021-07-14T13:12:08,500.0,49.9,S
2021-07-14T13:12:03,1300.0,49.9,S
2021-07-14T13:12:02,800.0,49.9,S
2021-07-14T13:11:56,100.0,50.0,B
2021-07-14T13:11:53,1000.0,50.0,B
2021-07-14T13:11:51,300.0,50.0,B
2021-07-14T13:11:48,10000.0,50.0,B
2021-07-14T13:11:47,1000.0,50.0,B
2021-07-14T13:11:41,1300.0,49.9,S
2021-07-14T13:11:40,200.0,50.0,B
2021-07-14T13:11:37,800.0,49.9,S
2021-07-14T13:11:36,500.0,50.0,B
2021-07-14T13:11:36,2000.0,50.0,B
2021-07-14T13:11:34,1000.0,50.0,B
2021-07-14T13:11:31,1000.0,49.9,S
2021-07-14T13:11:31,500.0,50.0,B
2021-07-14T13:11:29,100.0,50.0,B
2021-07-14T13:11:29,300.0,50.0,B
2021-07-14T13:11:26,1000.0,50.0,B
2021-07-14T13:11:24,600.0,49.9,S
2021-07-14T13:11:24,600.0,49.95,S
2021-07-14T13:11:24,100.0,49.95,S
2021-07-14T13:11:23,2800.0,50.0,S
2021-07-14T13:11:23,4900.0,50.0,S
2021-07-14T13:11:22,1000.0,50.0,S
2021-07-14T13:11:17,300.0,50.0,S
2021-07-14T13:11:14,5000.0,50.0,S
2021-07-14T13:11:07,3000.0,50.0,S
2021-07-14T13:11:06,3000.0,50.0,S
2021-07-14T13:10:57,7400.0,50.0,S
2021-07-14T13:10:53,5000.0,49.9,S
2021-07-14T13:10:51,500.0,50.0,B
2021-07-14T13:10:51,10000.0,49.9,S
2021-07-14T13:10:47,10000.0,49.95,S
2021-07-14T13:10:41,4500.0,50.0,B
2021-07-14T13:10:39,5000.0,50.0,B
2021-07-14T13:10:39,500.0,50.0,B
2021-07-14T13:10:39,100.0,50.0,B
2021-07-14T13:10:39,2000.0,50.0,B
2021-07-14T13:10:38,2400.0,50.0,B
2021-07-14T13:10:38,200.0,50.0,B
2021-07-14T13:10:34,1000.0,50.0,B
2021-07-14T13:10:29,200.0,50.0,B
2021-07-14T13:10:26,100.0,50.0,B
2021-07-14T13:10:23,200.0,50.0,B
2021-07-14T13:10:21,1000.0,50.0,B
2021-07-14T13:10:21,100.0,50.0,B
2021-07-14T13:10:18,100.0,50.0,B
2021-07-14T13:10:18,100.0,50.0,B
2021-07-14T13:10:18,400.0,50.0,B
2021-07-14T13:10:18,500.0,50.0,B
2021-07-14T13:10:18,200.0,50.0,B
2021-07-14T13:10:18,2100.0,50.0,B
2021-07-14T13:10:16,300.0,50.0,B
2021-07-14T13:10:15,17400.0,50.0,S
2021-07-14T13:10:10,1000.0,50.0,S
2021-07-14T13:10:08,2000.0,50.1,B
2021-07-14T13:10:07,5000.0,50.1,B
2021-07-14T13:10:05,5000.0,50.1,B
2021-07-14T13:10:05,1900.0,50.0,S
2021-07-14T13:10:05,1500.0,50.0,S
2021-07-14T13:10:05,3500.0,50.0,S
2021-07-14T13:10:05,2300.0,50.0,S
2021-07-14T13:10:05,500.0,50.0,S
2021-07-14T13:10:05,300.0,50.0,S
2021-07-14T13:10:05,2000.0,50.1,B
2021-07-14T13:10:05,5000.0,50.0,S
2021-07-14T13:10:03,1900.0,50.1,B
2021-07-14T13:10:02,100.0,50.1,B
2021-07-14T13:10:02,100.0,50.1,B
2021-07-14T13:10:01,2000.0,50.0,S
2021-07-14T13:10:01,300.0,50.1,B
2021-07-14T13:10:00,100.0,50.1,B
2021-07-14T13:09:58,100.0,50.1,B
2021-07-14T13:09:57,1000.0,50.1,B
2021-07-14T13:09:55,100.0,50.1,B
2021-07-14T13:09:50,2000.0,50.1,B
2021-07-14T13:09:47,100.0,50.1,B
2021-07-14T13:09:46,100.0,50.1,B
2021-07-14T13:09:44,1000.0,50.1,B
2021-07-14T13:09:43,200.0,50.0,S
2021-07-14T13:09:43,100.0,50.1,B
2021-07-14T13:09:42,400.0,50.1,B
2021-07-14T13:09:42,1000.0,50.1,B
2021-07-14T13:09:41,100.0,50.1,B
2021-07-14T13:09:40,5000.0,50.1,B
2021-07-14T13:09:37,100.0,50.1,B
2021-07-14T13:09:37,500.0,50.1,B
2021-07-14T13:09:37,10000.0,50.1,B
2021-07-14T13:09:33,100.0,50.1,B
2021-07-14T13:09:31,4000.0,50.1,B
2021-07-14T13:09:31,500.0,50.1,B
2021-07-14T13:09:31,600.0,50.1,B
2021-07-14T13:09:30,1000.0,50.1,B
2021-07-14T13:09:26,200.0,50.1,B
2021-07-14T13:09:26,600.0,50.1,B
2021-07-14T13:09:23,100.0,50.1,B
2021-07-14T13:09:23,1000.0,50.1,B
2021-07-14T13:09:19,2000.0,50.0,S
2021-07-14T13:09:10,500.0,50.1,B
2021-07-14T13:09:08,100.0,50.1,B
2021-07-14T13:09:06,1000.0,50.0,B
2021-07-14T13:09:06,10600.0,50.0,B
2021-07-14T13:09:04,1000.0,50.0,B
2021-07-14T13:09:03,1000.0,50.0,B
2021-07-14T13:09:01,1000.0,50.0,B
2021-07-14T13:08:59,1500.0,50.0,B
2021-07-14T13:08:59,10000.0,50.0,B
2021-07-14T13:08:58,300.0,50.0,B
2021-07-14T13:08:56,200.0,50.0,B
2021-07-14T13:08:54,500.0,50.0,B
2021-07-14T13:08:51,1000.0,49.8,S
2021-07-14T13:08:51,100.0,50.0,B
2021-07-14T13:08:51,5100.0,50.0,B
2021-07-14T13:08:48,8300.0,50.0,B
2021-07-14T13:08:45,10000.0,50.0,B
2021-07-14T13:08:45,1000.0,50.0,B
2021-07-14T13:08:41,4300.0,50.0,B
2021-07-14T13:08:39,200.0,50.0,B
2021-07-14T13:08:37,300.0,50.0,B
2021-07-14T13:08:34,1400.0,50.0,B
2021-07-14T13:08:34,100.0,50.0,B
2021-07-14T13:08:32,1200.0,49.8,S
2021-07-14T13:08:30,3800.0,49.8,S
2021-07-14T13:08:30,1000.0,50.0,B
2021-07-14T13:08:28,500.0,50.0,B
2021-07-14T13:08:26,1000.0,50.0,B
2021-07-14T13:08:25,600.0,49.8,S
2021-07-14T13:08:15,5900.0,49.8,B
2021-07-14T13:08:15,100.0,49.8,B
2021-07-14T13:08:15,400.0,49.8,B
2021-07-14T13:08:15,1000.0,49.8,B
2021-07-14T13:08:14,1000.0,49.8,B
2021-07-14T13:08:14,500.0,49.8,B
2021-07-14T13:08:13,2100.0,49.8,B
2021-07-14T13:08:13,5000.0,49.8,B
2021-07-14T13:08:13,3500.0,49.7,S
2021-07-14T13:08:13,2100.0,49.7,S
2021-07-14T13:08:12,500.0,49.7,S
2021-07-14T13:08:12,1000.0,49.8,B
2021-07-14T13:08:12,1000.0,49.8,B
2021-07-14T13:08:10,100.0,49.8,B
2021-07-14T13:08:10,100.0,49.8,B
2021-07-14T13:08:10,2000.0,49.8,B
2021-07-14T13:08:10,100.0,49.8,B
2021-07-14T13:08:10,2000.0,49.8,B
2021-07-14T13:08:10,100.0,49.8,B
2021-07-14T13:08:09,1000.0,49.8,B
2021-07-14T13:08:06,100.0,49.8,B
2021-07-14T13:08:02,3000.0,49.7,S
2021-07-14T13:07:58,400.0,49.8,B
2021-07-14T13:07:58,600.0,49.7,B
2021-07-14T13:07:55,100.0,49.7,B
2021-07-14T13:07:55,1000.0,49.7,B
2021-07-14T13:07:55,100.0,49.7,B
2021-07-14T13:07:55,2000.0,49.7,B
2021-07-14T13:07:55,100.0,49.7,B
2021-07-14T13:07:54,100.0,49.7,B
2021-07-14T13:07:54,1500.0,49.6,S
2021-07-14T13:07:54,1000.0,49.7,B
2021-07-14T13:07:50,800.0,49.6,B
2021-07-14T13:07:50,500.0,49.6,B
2021-07-14T13:07:49,2000.0,49.6,B
2021-07-14T13:07:47,200.0,49.6,B
2021-07-14T13:07:47,1000.0,49.6,B
2021-07-14T13:07:45,3900.0,49.6,B
2021-07-14T13:07:45,500.0,49.6,B
2021-07-14T13:07:40,2000.0,49.5,S
2021-07-14T13:07:40,500.0,49.6,B
2021-07-14T13:07:39,8800.0,49.6,B
2021-07-14T13:07:37,100.0,49.5,B
2021-07-14T13:07:37,200.0,49.5,B
2021-07-14T13:07:37,2000.0,49.5,B
2021-07-14T13:07:37,6100.0,49.5,B
2021-07-14T13:07:36,5000.0,49.5,B
2021-07-14T13:07:36,1000.0,49.5,B
2021-07-14T13:07:36,200.0,49.5,B
2021-07-14T13:07:36,1000.0,49.5,B
2021-07-14T13:07:34,20000.0,49.5,B
2021-07-14T13:07:34,100.0,49.5,B
2021-07-14T13:07:34,200.0,49.5,B
2021-07-14T13:07:33,500.0,49.5,B
2021-07-14T13:07:33,400.0,49.5,B
2021-07-14T13:07:31,100.0,49.5,B
2021-07-14T13:07:31,200.0,49.5,B
2021-07-14T13:07:30,400.0,49.5,B
2021-07-14T13:07:30,10000.0,49.5,B
2021-07-14T13:07:29,200.0,49.5,B
2021-07-14T13:07:28,2000.0,49.5,B
2021-07-14T13:07:28,5400.0,49.5,B
2021-07-14T13:07:25,2000.0,49.5,B
2021-07-14T13:07:25,400.0,49.5,B
2021-07-14T13:07:25,500.0,49.5,B
2021-07-14T13:07:24,2000.0,49.5,B
2021-07-14T13:07:24,1000.0,49.5,B
2021-07-14T13:07:23,2500.0,49.5,B
2021-07-14T13:07:21,100.0,49.5,B
2021-07-14T13:07:20,1000.0,49.5,B
2021-07-14T13:07:20,200.0,49.5,B
2021-07-14T13:07:20,1000.0,49.5,B
2021-07-14T13:07:19,2800.0,49.5,B
2021-07-14T13:07:19,1000.0,49.5,B
2021-07-14T13:07:18,100.0,49.5,B
2021-07-14T13:07:18,500.0,49.5,B
2021-07-14T13:07:18,100.0,49.5,B
2021-07-14T13:07:16,500.0,49.5,B
2021-07-14T13:07:16,3000.0,49.5,B
2021-07-14T13:07:16,1000.0,49.5,B
2021-07-14T13:07:16,10800.0,49.5,B
2021-07-14T13:07:15,1500.0,49.5,B
2021-07-14T13:07:15,500.0,49.5,B
2021-07-14T13:07:15,1000.0,49.5,B
2021-07-14T13:07:13,200.0,49.4,S
2021-07-14T13:07:12,500.0,49.5,B
2021-07-14T13:07:11,200.0,49.5,B
2021-07-14T13:07:10,30000.0,49.5,B
2021-07-14T13:07:10,1000.0,49.5,B
2021-07-14T13:07:09,100.0,49.5,B
2021-07-14T13:07:08,500.0,49.5,B
2021-07-14T13:07:07,1000.0,49.5,B
2021-07-14T13:07:07,800.0,49.5,B
2021-07-14T13:07:07,100.0,49.5,B
2021-07-14T13:07:07,500.0,49.5,B
2021-07-14T13:07:06,2000.0,49.4,S
2021-07-14T13:07:06,2000.0,49.5,B
2021-07-14T13:07:05,2300.0,49.4,S
2021-07-14T13:07:05,1200.0,49.4,S
2021-07-14T13:07:04,1500.0,49.4,S
2021-07-14T13:07:04,500.0,49.5,B
2021-07-14T13:07:03,10000.0,49.5,B
2021-07-14T13:07:03,500.0,49.4,S
2021-07-14T13:07:03,100.0,49.5,B
2021-07-14T13:07:02,600.0,49.5,B
2021-07-14T13:07:02,600.0,49.5,B
2021-07-14T13:07:01,2100.0,49.5,B
2021-07-14T13:07:01,300.0,49.5,B
2021-07-14T13:07:00,500.0,49.5,B
2021-07-14T13:07:00,600.0,49.5,B
2021-07-14T13:06:58,800.0,49.5,B
2021-07-14T13:06:58,100.0,49.5,B
2021-07-14T13:06:57,100.0,49.5,B
2021-07-14T13:06:56,2000.0,49.5,B
2021-07-14T13:06:54,1500.0,49.5,B
2021-07-14T13:06:54,1000.0,49.5,B
2021-07-14T13:06:52,1000.0,49.5,B
2021-07-14T13:06:49,500.0,49.5,B
2021-07-14T13:06:48,1000.0,49.5,B
2021-07-14T13:06:47,400.0,49.5,B
2021-07-14T13:06:47,4000.0,49.5,B
2021-07-14T13:06:47,200.0,49.5,B
2021-07-14T13:06:45,100.0,49.5,B
2021-07-14T13:06:44,100.0,49.5,B
2021-07-14T13:06:44,100.0,49.5,B
2021-07-14T13:06:42,100.0,49.5,B
2021-07-14T13:06:42,400.0,49.5,B
2021-07-14T13:06:38,100.0,49.5,B
2021-07-14T13:06:36,500.0,49.5,B
2021-07-14T13:06:35,800.0,49.5,B
2021-07-14T13:06:33,2000.0,49.5,B
2021-07-14T13:06:33,200.0,49.5,B
2021-07-14T13:06:31,2000.0,49.5,B
2021-07-14T13:06:29,100.0,49.5,B
2021-07-14T13:06:24,300.0,49.5,B
2021-07-14T13:06:21,200.0,49.5,B
2021-07-14T13:06:21,2400.0,49.5,B
2021-07-14T13:06:16,100.0,49.5,B
2021-07-14T13:06:15,200.0,49.5,B
2021-07-14T13:06:13,600.0,49.2,S
2021-07-14T13:06:12,500.0,49.2,S
2021-07-14T13:06:05,200.0,49.5,B
2021-07-14T13:06:02,500.0,49.5,B
2021-07-14T13:06:01,600.0,49.2,S
2021-07-14T13:06:00,200.0,49.5,B
2021-07-14T13:05:58,100.0,49.2,B
2021-07-14T13:05:58,1900.0,49.2,S
2021-07-14T13:05:58,800.0,49.5,B
2021-07-14T13:05:54,100.0,49.15,B
2021-07-14T13:05:50,5800.0,49.5,B
2021-07-14T13:05:50,4200.0,49.15,B
2021-07-14T13:05:49,2000.0,49.15,B
2021-07-14T13:05:49,100.0,49.15,B
2021-07-14T13:05:48,200.0,49.15,B
2021-07-14T13:05:48,500.0,49.15,B
2021-07-14T13:05:47,2600.0,49.1,S
2021-07-14T13:05:47,1400.0,49.1,S
2021-07-14T13:05:47,2100.0,49.1,S
2021-07-14T13:05:47,11600.0,49.1,S
2021-07-14T13:05:47,100.0,49.1,S
2021-07-14T13:05:47,2200.0,49.1,S
2021-07-14T13:05:47,1000.0,49.15,B
2021-07-14T13:05:46,100.0,49.15,B
2021-07-14T13:05:45,200.0,49.15,B
2021-07-14T13:05:44,100.0,49.15,B
2021-07-14T13:05:44,1900.0,49.15,B
2021-07-14T13:05:44,2000.0,49.15,B
2021-07-14T13:05:44,1000.0,49.15,B
2021-07-14T13:05:44,1000.0,49.15,B
2021-07-14T13:05:42,200.0,49.15,B
2021-07-14T13:05:39,1000.0,49.15,B
2021-07-14T13:05:38,10000.0,49.15,B
2021-07-14T13:05:37,2200.0,49.1,S
2021-07-14T13:05:36,100.0,49.15,B
2021-07-14T13:05:35,100.0,49.15,B
2021-07-14T13:05:35,600.0,49.1,S
2021-07-14T13:05:34,100.0,49.15,B
2021-07-14T13:05:34,1600.0,49.15,S
2021-07-14T13:05:32,500.0,49.15,B
2021-07-14T13:05:32,100.0,49.15,B
2021-07-14T13:05:31,1400.0,49.15,S
2021-07-14T13:05:29,3000.0,49.3,B
2021-07-14T13:05:29,7200.0,49.15,S
2021-07-14T13:05:28,100.0,49.3,B
2021-07-14T13:05:24,200.0,49.15,S
2021-07-14T13:05:21,1300.0,49.3,B
2021-07-14T13:05:21,700.0,49.3,B
2021-07-14T13:05:21,300.0,49.3,B
2021-07-14T13:05:15,2200.0,49.1,S
2021-07-14T13:05:14,100.0,49.2,S
2021-07-14T13:05:14,100.0,49.2,S
2021-07-14T13:05:13,2300.0,49.3,B
2021-07-14T13:05:13,700.0,49.2,B
2021-07-14T13:05:13,400.0,49.1,S
2021-07-14T13:05:10,200.0,49.1,S
2021-07-14T13:05:06,5600.0,49.1,S
2021-07-14T13:05:03,100.0,49.2,B
2021-07-14T13:05:02,300.0,49.1,S
2021-07-14T13:04:58,400.0,49.1,S
2021-07-14T13:04:58,600.0,49.1,S
2021-07-14T13:04:55,600.0,49.1,B
2021-07-14T13:04:55,200.0,49.1,B
2021-07-14T13:04:54,2700.0,49.05,S
2021-07-14T13:04:53,3000.0,49.05,S
2021-07-14T13:04:52,200.0,49.1,S
2021-07-14T13:04:51,1700.0,49.05,S
2021-07-14T13:04:51,1000.0,49.2,B
2021-07-14T13:04:48,300.0,49.1,B
2021-07-14T13:04:47,100.0,49.1,B
2021-07-14T13:04:44,200.0,49.05,S
2021-07-14T13:04:41,1000.0,49.1,B
2021-07-14T13:04:40,1000.0,49.1,B
2021-07-14T13:04:40,2500.0,49.05,S
2021-07-14T13:04:38,5000.0,49.05,S
2021-07-14T13:04:37,3000.0,49.1,B
2021-07-14T13:04:34,200.0,49.05,S
2021-07-14T13:04:34,500.0,49.1,B
2021-07-14T13:04:34,100.0,49.15,S
2021-07-14T13:04:32,2100.0,49.05,S
2021-07-14T13:04:32,5900.0,49.05,S
2021-07-14T13:04:31,200.0,49.2,B
2021-07-14T13:04:30,200.0,49.2,B
2021-07-14T13:04:30,7000.0,49.1,S
2021-07-14T13:04:29,100.0,49.15,B
2021-07-14T13:04:28,200.0,49.1,S
2021-07-14T13:04:23,200.0,49.15,B
2021-07-14T13:04:19,400.0,49.25,B
2021-07-14T13:04:17,2200.0,49.15,B
2021-07-14T13:04:16,1000.0,49.15,B
2021-07-14T13:04:15,200.0,49.15,B
2021-07-14T13:04:15,5000.0,49.15,B
2021-07-14T13:04:13,100.0,49.15,B
2021-07-14T13:04:13,11200.0,49.15,S
2021-07-14T13:04:11,500.0,49.2,S
2021-07-14T13:04:08,800.0,49.3,B
2021-07-14T13:04:07,200.0,49.3,B
2021-07-14T13:04:06,4000.0,49.15,S
2021-07-14T13:04:05,100.0,49.2,B
2021-07-14T13:04:05,200.0,49.2,S
2021-07-14T13:04:02,100.0,49.2,S
2021-07-14T13:04:02,900.0,49.2,S
2021-07-14T13:04:01,29000.0,49.3,B
2021-07-14T13:04:01,3000.0,49.2,S
2021-07-14T13:04:01,1000.0,49.25,B
2021-07-14T13:03:58,200.0,49.25,B
2021-07-14T13:03:56,600.0,49.3,B
2021-07-14T13:03:53,600.0,49.2,S
2021-07-14T13:03:53,200.0,49.2,S
2021-07-14T13:03:52,6000.0,49.2,S
2021-07-14T13:03:49,500.0,49.3,B
2021-07-14T13:03:48,1500.0,49.2,S
2021-07-14T13:03:48,600.0,49.2,S
2021-07-14T13:03:48,7900.0,49.2,S
2021-07-14T13:03:47,100.0,49.3,B
2021-07-14T13:03:47,100.0,49.3,S
2021-07-14T13:03:47,400.0,49.25,S
2021-07-14T13:03:46,1000.0,49.25,S
2021-07-14T13:03:45,700.0,49.3,B
2021-07-14T13:03:44,5000.0,49.3,B
2021-07-14T13:03:43,100.0,49.3,B
2021-07-14T13:03:41,100.0,49.3,B
2021-07-14T13:03:40,500.0,49.3,B
2021-07-14T13:03:38,4300.0,49.3,S
2021-07-14T13:03:33,8000.0,49.5,B
2021-07-14T13:03:31,4500.0,49.3,S
2021-07-14T13:03:31,8800.0,49.3,S
2021-07-14T13:03:31,11700.0,49.4,S
2021-07-14T13:03:31,600.0,49.5,S
2021-07-14T13:03:31,2000.0,49.5,S
2021-07-14T13:03:31,1200.0,49.5,S
2021-07-14T13:03:31,700.0,49.5,S
2021-07-14T13:03:31,1600.0,49.5,S
2021-07-14T13:03:31,1700.0,49.5,S
2021-07-14T13:03:31,4600.0,49.5,S
2021-07-14T13:03:31,10100.0,49.5,S
2021-07-14T13:03:31,1200.0,49.5,S
2021-07-14T13:03:31,5700.0,49.5,S
2021-07-14T13:03:30,500.0,49.5,S
2021-07-14T13:03:30,5300.0,49.5,S
2021-07-14T13:03:30,500.0,49.5,S
2021-07-14T13:03:30,500.0,49.5,S
2021-07-14T13:03:30,1800.0,49.5,S
2021-07-14T13:03:30,300.0,49.5,S
2021-07-14T13:03:30,4400.0,49.5,S
2021-07-14T13:03:30,5100.0,49.5,S
2021-07-14T13:03:30,700.0,49.5,S
2021-07-14T13:03:30,2400.0,49.5,S
2021-07-14T13:03:30,11100.0,49.5,S
2021-07-14T13:03:30,100.0,49.5,S
2021-07-14T13:03:30,3200.0,49.5,S
2021-07-14T13:03:30,1200.0,49.5,S
2021-07-14T13:03:30,200.0,49.5,S
2021-07-14T13:03:30,400.0,49.5,S
2021-07-14T13:03:30,4800.0,49.5,S
2021-07-14T13:03:30,100.0,49.5,S
2021-07-14T13:03:30,26100.0,49.5,S
2021-07-14T13:03:29,100.0,49.55,B
2021-07-14T13:03:28,5000.0,49.5,S
2021-07-14T13:03:28,100.0,49.55,B
2021-07-14T13:03:26,20000.0,49.5,S
2021-07-14T13:03:26,1000.0,49.5,S
2021-07-14T13:03:25,50000.0,49.5,S
2021-07-14T13:03:23,10000.0,49.55,B
2021-07-14T13:03:23,200.0,49.55,B
2021-07-14T13:03:22,10100.0,49.5,S
2021-07-14T13:03:20,44000.0,49.5,S
2021-07-14T13:03:20,700.0,49.5,S
2021-07-14T13:03:20,300.0,49.5,S
2021-07-14T13:03:20,400.0,49.5,S
2021-07-14T13:03:20,300.0,49.5,S
2021-07-14T13:03:20,600.0,49.5,S
2021-07-14T13:03:20,200.0,49.5,S
2021-07-14T13:03:20,1200.0,49.5,S
2021-07-14T13:03:18,9300.0,49.5,S
2021-07-14T13:03:16,200.0,49.55,B
2021-07-14T13:03:13,100.0,49.55,B
2021-07-14T13:03:12,3500.0,49.5,S
2021-07-14T13:03:08,500.0,49.5,S
2021-07-14T13:03:08,1500.0,49.5,S
2021-07-14T13:03:07,100.0,49.55,B
2021-07-14T13:03:03,1000.0,49.5,S
2021-07-14T13:03:03,100.0,49.55,B
2021-07-14T13:03:03,200.0,49.55,B
2021-07-14T13:03:02,6300.0,49.5,S
2021-07-14T13:03:01,1400.0,49.55,B
2021-07-14T13:03:01,200.0,49.55,B
2021-07-14T13:02:58,100.0,49.55,B
2021-07-14T13:02:53,700.0,49.55,B
2021-07-14T13:02:52,16000.0,49.55,B
2021-07-14T13:02:49,500.0,49.55,B
2021-07-14T13:02:49,1000.0,49.5,S
2021-07-14T13:02:47,500.0,49.55,B
2021-07-14T13:02:44,100.0,49.55,B
2021-07-14T13:02:37,200.0,49.55,B
2021-07-14T13:02:34,100.0,49.55,B
2021-07-14T13:02:33,100.0,49.55,B
2021-07-14T13:02:31,100.0,49.55,B
2021-07-14T13:02:31,5200.0,49.55,S
2021-07-14T13:02:28,1600.0,49.55,B
2021-07-14T13:02:28,3400.0,49.55,S
2021-07-14T13:02:25,1600.0,49.55,S
2021-07-14T13:02:25,3400.0,49.55,S
2021-07-14T13:02:24,1000.0,49.55,S
2021-07-14T13:02:15,1300.0,49.55,S
2021-07-14T13:02:13,500.0,49.55,B
2021-07-14T13:02:12,1000.0,49.5,S
2021-07-14T13:02:09,20000.0,49.6,B
2021-07-14T13:02:07,1300.0,49.5,S
2021-07-14T13:02:06,6000.0,49.5,S
2021-07-14T13:02:05,2000.0,49.5,S
2021-07-14T13:02:04,1100.0,49.5,S
2021-07-14T13:02:02,100.0,49.55,B
2021-07-14T13:02:01,200.0,49.5,S
2021-07-14T13:02:00,100.0,49.55,B
2021-07-14T13:01:58,300.0,49.55,B
2021-07-14T13:01:57,500.0,49.55,B
2021-07-14T13:01:52,500.0,49.5,S
2021-07-14T13:01:51,14100.0,49.55,S
2021-07-14T13:01:50,1000.0,49.55,S
2021-07-14T13:01:50,1000.0,49.6,B
2021-07-14T13:01:48,2000.0,49.55,S
2021-07-14T13:01:45,100.0,49.6,B
2021-07-14T13:01:43,100.0,49.6,B
2021-07-14T13:01:42,100.0,49.55,S
2021-07-14T13:01:41,300.0,49.6,S
2021-07-14T13:01:40,3000.0,49.6,S
2021-07-14T13:01:35,2000.0,49.6,S
2021-07-14T13:01:29,200.0,49.75,B
2021-07-14T13:01:26,200.0,49.8,B
2021-07-14T13:01:23,1300.0,49.8,B
2021-07-14T13:01:03,1000.0,49.8,S
2021-07-14T13:00:56,1000.0,49.8,S
2021-07-14T13:00:56,200.0,49.8,S
2021-07-14T13:00:47,1000.0,49.55,S
2021-07-14T13:00:44,10000.0,50.0,B
2021-07-14T13:00:43,3000.0,49.55,S
2021-07-14T13:00:38,3300.0,49.6,S
2021-07-14T13:00:33,300.0,50.0,B
2021-07-14T13:00:23,1000.0,50.0,B
2021-07-14T13:00:22,1000.0,50.0,B
2021-07-14T13:00:22,100.0,50.0,B
2021-07-14T13:00:18,400.0,49.6,S
2021-07-14T13:00:18,1100.0,49.6,S
2021-07-14T13:00:18,600.0,49.6,S
2021-07-14T13:00:18,600.0,49.6,S
2021-07-14T13:00:18,700.0,49.6,S
2021-07-14T13:00:18,300.0,49.6,S
2021-07-14T13:00:18,1300.0,49.6,S
2021-07-14T13:00:18,4000.0,49.65,S
2021-07-14T13:00:18,1000.0,49.7,S
2021-07-14T13:00:18,3100.0,49.7,S
2021-07-14T13:00:18,1500.0,49.7,S
2021-07-14T13:00:18,4400.0,49.7,S
2021-07-14T13:00:18,8000.0,49.7,S
2021-07-14T13:00:18,5000.0,49.8,S
2021-07-14T13:00:18,1700.0,49.8,S
2021-07-14T13:00:18,9200.0,49.8,S
2021-07-14T13:00:18,800.0,49.8,S
2021-07-14T13:00:18,2800.0,49.8,S
2021-07-14T13:00:18,800.0,49.8,S
2021-07-14T13:00:18,700.0,49.8,S
2021-07-14T13:00:18,200.0,49.8,S
2021-07-14T13:00:18,33800.0,49.8,S
2021-07-14T13:00:18,1400.0,49.9,S
2021-07-14T13:00:18,600.0,49.9,S
2021-07-14T13:00:18,1700.0,49.9,S
2021-07-14T13:00:18,400.0,49.9,S
2021-07-14T13:00:18,300.0,49.9,S
2021-07-14T13:00:18,1500.0,49.9,S
2021-07-14T13:00:18,1700.0,49.9,S
2021-07-14T13:00:18,500.0,49.9,S
2021-07-14T13:00:18,1300.0,49.9,S
2021-07-14T13:00:18,700.0,49.9,S
2021-07-14T13:00:18,2200.0,49.9,S
2021-07-14T13:00:18,400.0,49.9,S
2021-07-14T13:00:18,4500.0,49.95,S
2021-07-14T13:00:18,700.0,49.95,S
2021-07-14T13:00:18,12600.0,49.95,S
2021-07-14T13:00:18,200.0,50.0,S
2021-07-14T13:00:18,100.0,50.0,B
2021-07-14T13:00:18,200.0,50.0,S
2021-07-14T13:00:18,14000.0,50.2,B
2021-07-14T13:00:18,300.0,50.0,B
2021-07-14T13:00:18,100.0,50.0,B
2021-07-14T13:00:18,1700.0,49.95,S
2021-07-14T13:00:16,700.0,50.0,B
2021-07-14T13:00:16,300.0,50.0,B
2021-07-14T13:00:16,200.0,50.0,B
2021-07-14T13:00:16,2000.0,50.0,B
2021-07-14T13:00:16,100.0,50.0,S
2021-07-14T13:00:16,200.0,50.0,S
2021-07-14T13:00:16,100.0,50.1,B
2021-07-14T13:00:16,500.0,50.1,B
2021-07-14T13:00:16,800.0,50.0,S
2021-07-14T13:00:16,3300.0,50.0,S
2021-07-14T13:00:16,300.0,50.0,S
2021-07-14T13:00:16,2000.0,50.0,S
2021-07-14T13:00:16,300.0,50.0,S
2021-07-14T13:00:16,2100.0,50.0,S
2021-07-14T13:00:16,1600.0,50.0,S
2021-07-14T13:00:16,200.0,50.0,S
2021-07-14T13:00:16,2500.0,50.0,S
2021-07-14T13:00:16,6000.0,50.0,S
2021-07-14T13:00:16,1900.0,50.0,S
2021-07-14T13:00:16,1100.0,50.0,S
2021-07-14T13:00:16,1100.0,50.0,S
2021-07-14T13:00:16,400.0,50.0,S
2021-07-14T13:00:16,1000.0,50.0,S
2021-07-14T13:00:16,400.0,50.0,S
2021-07-14T13:00:13,1600.0,50.0,S
2021-07-14T13:00:13,100.0,50.0,S
2021-07-14T13:00:13,2000.0,50.0,S
2021-07-14T13:00:13,2000.0,50.0,S
2021-07-14T13:00:13,2500.0,50.0,S
2021-07-14T13:00:13,100.0,50.0,S
2021-07-14T13:00:13,3000.0,50.0,S
2021-07-14T13:00:13,3100.0,50.0,S
2021-07-14T13:00:13,100.0,50.0,S
2021-07-14T13:00:13,5700.0,50.0,S
2021-07-14T13:00:13,500.0,50.0,S
2021-07-14T13:00:13,16600.0,50.0,S
2021-07-14T13:00:13,700.0,50.0,S
2021-07-14T13:00:13,900.0,50.0,S
2021-07-14T13:00:13,1100.0,50.0,S
2021-07-14T13:00:13,1000.0,50.0,S
2021-07-14T13:00:13,1300.0,50.0,S
2021-07-14T13:00:13,300.0,50.0,S
2021-07-14T13:00:13,800.0,50.0,S
2021-07-14T13:00:13,2500.0,50.0,S
2021-07-14T13:00:13,3300.0,50.0,S
2021-07-14T13:00:13,600.0,50.0,S
2021-07-14T13:00:13,100.0,50.0,S
2021-07-14T13:00:13,2000.0,50.0,S
2021-07-14T13:00:13,300.0,50.0,S
2021-07-14T13:00:13,6500.0,50.0,S
2021-07-14T13:00:13,4800.0,50.0,S
2021-07-14T13:00:13,600.0,50.0,S
2021-07-14T13:00:13,1200.0,50.0,S
2021-07-14T13:00:13,100.0,50.0,S
2021-07-14T13:00:13,21900.0,50.0,S
2021-07-14T13:00:13,7000.0,50.0,S
2021-07-14T13:00:13,2600.0,50.0,S
2021-07-14T13:00:13,100.0,50.1,B
2021-07-14T13:00:13,500.0,50.1,B
2021-07-14T13:00:13,100.0,50.1,B
2021-07-14T13:00:13,600.0,50.0,S
2021-07-14T13:00:13,300.0,50.0,S
2021-07-14T13:00:13,5100.0,50.0,S
2021-07-14T13:00:13,500.0,50.0,S
2021-07-14T13:00:13,100.0,50.0,S
2021-07-14T13:00:13,3400.0,50.0,S
2021-07-14T13:00:12,200.0,50.1,B
2021-07-14T13:00:12,1000.0,50.1,B
2021-07-14T13:00:08,2000.0,50.0,S
2021-07-14T13:00:08,3000.0,50.1,S
2021-07-14T13:00:08,4200.0,50.1,S
2021-07-14T13:00:08,1000.0,50.1,S
2021-07-14T13:00:08,700.0,50.1,S
2021-07-14T13:00:08,2200.0,50.0,S
2021-07-14T13:00:08,9200.0,50.0,S
2021-07-14T13:00:08,300.0,50.0,S
2021-07-14T13:00:08,1600.0,50.0,S
2021-07-14T13:00:00,200.0,50.1,S
2021-07-14T13:00:00,5200.0,50.0,S
2021-07-14T13:00:00,5100.0,50.1,S
2021-07-14T13:00:00,700.0,50.1,S
2021-07-14T13:00:00,1600.0,50.1,S
2021-07-14T13:00:00,400.0,50.1,S
2021-07-14T13:00:00,16400.0,50.1,S
2021-07-14T13:00:00,600.0,50.1,S
2021-07-14T11:29:48,26600.0,50.3,B
2021-07-14T11:29:48,3400.0,50.2,B
2021-07-14T11:29:45,100.0,50.2,S
2021-07-14T11:29:45,3400.0,50.2,S
2021-07-14T11:29:45,6500.0,50.2,S
2021-07-14T11:29:45,5200.0,50.2,S
2021-07-14T11:29:45,600.0,50.2,S
2021-07-14T11:29:45,10800.0,50.2,S
2021-07-14T11:29:43,1300.0,50.3,S
2021-07-14T11:29:43,1600.0,50.3,S
2021-07-14T11:29:43,1500.0,50.3,S
2021-07-14T11:29:43,1700.0,50.3,S
2021-07-14T11:29:40,1000.0,50.3,S
2021-07-14T11:29:38,300.0,50.3,S
2021-07-14T11:29:36,300.0,50.3,S
2021-07-14T11:29:34,1000.0,50.3,S
2021-07-14T11:29:32,200.0,50.3,S
2021-07-14T11:29:32,1100.0,50.3,S
2021-07-14T11:29:28,3900.0,50.3,S
2021-07-14T11:29:25,1300.0,50.3,S
2021-07-14T11:29:24,1100.0,50.3,S
2021-07-14T11:29:17,2000.0,50.4,S
2021-07-14T11:29:17,500.0,50.4,S
2021-07-14T11:29:17,1200.0,50.4,S
2021-07-14T11:29:17,300.0,50.4,S
2021-07-14T11:29:12,600.0,50.4,S
2021-07-14T11:29:12,400.0,50.4,S
2021-07-14T11:29:05,700.0,50.4,S
2021-07-14T11:29:05,1100.0,50.4,S
2021-07-14T11:29:03,1500.0,50.4,S
2021-07-14T11:29:01,10000.0,50.4,S
2021-07-14T11:28:58,1100.0,50.4,S
2021-07-14T11:28:55,6000.0,50.5,B
2021-07-14T11:28:54,1300.0,50.4,S
2021-07-14T11:28:50,1100.0,50.4,S
2021-07-14T11:28:50,1000.0,50.4,S
2021-07-14T11:28:48,1200.0,50.4,S
2021-07-14T11:28:40,19200.0,50.4,S
2021-07-14T11:28:40,1800.0,50.4,S
2021-07-14T11:28:36,1000.0,50.4,S
2021-07-14T11:28:34,700.0,50.4,S
2021-07-14T11:28:30,200.0,50.5,B
2021-07-14T11:28:23,100.0,50.5,B
2021-07-14T11:28:19,700.0,50.4,S
2021-07-14T11:28:05,1000.0,50.4,S
2021-07-14T11:27:55,2000.0,50.4,S
2021-07-14T11:27:50,600.0,50.4,S
2021-07-14T11:27:43,1000.0,50.4,S
2021-07-14T11:27:36,100.0,50.5,B
2021-07-14T11:27:12,3000.0,50.5,B
2021-07-14T11:26:40,100.0,50.5,B
2021-07-14T11:26:07,100.0,50.5,B
2021-07-14T11:25:59,200.0,50.5,B
2021-07-14T11:25:48,100.0,50.5,B
2021-07-14T11:24:59,10000.0,50.5,B
2021-07-14T11:24:56,1500.0,50.4,S
2021-07-14T11:24:49,5000.0,50.5,B
2021-07-14T11:24:49,100.0,50.5,B
2021-07-14T11:24:31,200.0,50.5,B
2021-07-14T11:24:28,200.0,50.4,S
2021-07-14T11:24:26,100.0,50.5,B
2021-07-14T11:24:21,6000.0,50.5,B
2021-07-14T11:24:21,1800.0,50.5,S
2021-07-14T11:24:21,10000.0,50.5,S
2021-07-14T11:24:20,2700.0,50.5,S
2021-07-14T11:24:17,400.0,50.6,B
2021-07-14T11:24:10,200.0,50.6,B
2021-07-14T11:24:01,2000.0,50.6,B
2021-07-14T11:23:48,100.0,50.6,B
2021-07-14T11:23:45,10000.0,50.5,S
2021-07-14T11:23:39,300.0,50.6,B
2021-07-14T11:23:38,1800.0,50.5,S
2021-07-14T11:23:34,200.0,50.6,B
2021-07-14T11:22:58,1000.0,50.6,B
2021-07-14T11:22:52,7000.0,50.5,S
2021-07-14T11:22:27,4300.0,50.6,S
2021-07-14T11:22:24,100.0,50.6,S
2021-07-14T11:22:20,5000.0,50.6,S
2021-07-14T11:22:11,5000.0,50.6,S
2021-07-14T11:22:10,100.0,50.6,S
2021-07-14T11:21:56,500.0,50.6,S
2021-07-14T11:21:55,5600.0,50.6,S
2021-07-14T11:21:55,300.0,50.6,B
2021-07-14T11:21:48,3000.0,50.5,S
2021-07-14T11:21:38,100.0,50.6,B
2021-07-14T11:21:32,100.0,50.6,B
2021-07-14T11:21:24,10200.0,50.6,S
2021-07-14T11:21:24,300.0,50.6,S
2021-07-14T11:21:24,2000.0,50.6,S
2021-07-14T11:21:24,5400.0,50.6,S
2021-07-14T11:21:22,300.0,50.8,B
2021-07-14T11:20:36,500.0,50.6,S
2021-07-14T11:20:34,1300.0,50.6,S
2021-07-14T11:20:30,100.0,50.6,S
2021-07-14T11:20:22,1100.0,50.8,B
2021-07-14T11:20:22,900.0,50.7,B
2021-07-14T11:20:11,2900.0,50.6,S
2021-07-14T11:20:11,100.0,50.6,S
2021-07-14T11:20:10,200.0,50.6,S
2021-07-14T11:20:03,1000.0,50.7,B
2021-07-14T11:19:57,2000.0,50.6,S
2021-07-14T11:19:52,200.0,50.7,B
2021-07-14T11:19:47,700.0,50.6,S
2021-07-14T11:19:28,700.0,50.6,S
2021-07-14T11:19:10,1500.0,50.6,B
2021-07-14T11:19:10,1000.0,50.6,B
2021-07-14T11:19:10,300.0,50.6,B
2021-07-14T11:19:03,500.0,50.6,B
2021-07-14T11:19:00,200.0,50.6,B
2021-07-14T11:19:00,10000.0,50.6,S
2021-07-14T11:19:00,2000.0,50.6,S
2021-07-14T11:19:00,2000.0,50.6,S
2021-07-14T11:18:52,1000.0,50.6,S
2021-07-14T11:18:50,2000.0,50.6,S
2021-07-14T11:18:49,100.0,50.7,S
2021-07-14T11:18:45,100.0,50.7,S
2021-07-14T11:18:40,17000.0,50.7,S
2021-07-14T11:18:39,1000.0,50.8,B
2021-07-14T11:18:33,100.0,50.7,S
2021-07-14T11:18:30,1900.0,50.8,B
2021-07-14T11:18:30,400.0,50.8,B
2021-07-14T11:18:24,100.0,50.7,S
2021-07-14T11:18:22,500.0,50.8,S
2021-07-14T11:18:13,800.0,50.9,B
2021-07-14T11:18:13,3200.0,50.8,B
2021-07-14T11:18:11,100.0,50.8,B
2021-07-14T11:18:11,100.0,50.7,S
2021-07-14T11:18:10,300.0,50.8,B
2021-07-14T11:18:08,200.0,50.8,B
2021-07-14T11:18:07,100.0,50.8,B
2021-07-14T11:18:04,2100.0,50.8,S
2021-07-14T11:18:02,500.0,50.9,B
2021-07-14T11:17:58,5400.0,50.8,S
2021-07-14T11:17:58,10900.0,50.8,S
2021-07-14T11:17:58,3700.0,50.8,S
2021-07-14T11:17:47,200.0,50.9,B
2021-07-14T11:17:43,5000.0,50.8,S
2021-07-14T11:17:25,4000.0,50.9,B
2021-07-14T11:17:23,1300.0,50.8,S
2021-07-14T11:17:23,700.0,50.8,S
2021-07-14T11:17:13,4000.0,50.8,S
2021-07-14T11:17:05,1000.0,50.9,B
2021-07-14T11:17:02,10000.0,50.9,B
2021-07-14T11:16:59,1500.0,50.9,B
2021-07-14T11:16:56,200.0,50.8,S
2021-07-14T11:16:40,1500.0,50.9,B
2021-07-14T11:16:30,200.0,50.9,B
2021-07-14T11:16:28,100.0,50.8,S
2021-07-14T11:16:23,2000.0,50.9,B
2021-07-14T11:16:08,2200.0,50.9,B
2021-07-14T11:15:45,5000.0,50.8,S
2021-07-14T11:15:43,500.0,50.9,B
2021-07-14T11:15:38,400.0,50.9,B
2021-07-14T11:15:33,2000.0,50.9,B
2021-07-14T11:15:31,400.0,50.9,B
2021-07-14T11:15:22,6800.0,50.9,B
2021-07-14T11:15:22,500.0,50.9,B
2021-07-14T11:15:21,7000.0,50.9,B
2021-07-14T11:15:20,500.0,50.9,B
2021-07-14T11:15:14,100.0,50.9,B
2021-07-14T11:15:11,200.0,50.9,B
2021-07-14T11:15:03,500.0,50.9,B
2021-07-14T11:15:02,500.0,50.9,B
2021-07-14T11:14:56,100.0,50.9,B
2021-07-14T11:14:44,200.0,50.9,B
2021-07-14T11:14:31,100.0,50.8,S
2021-07-14T11:14:31,600.0,50.8,B
2021-07-14T11:14:30,100.0,50.8,B
2021-07-14T11:14:30,6200.0,50.8,B
2021-07-14T11:14:27,300.0,50.8,B
2021-07-14T11:14:27,500.0,50.8,B
2021-07-14T11:14:25,500.0,50.8,B
2021-07-14T11:14:20,100.0,50.8,B
2021-07-14T11:14:19,100.0,50.8,B
2021-07-14T11:14:17,1000.0,50.8,B
2021-07-14T11:14:12,2000.0,50.7,S
2021-07-14T11:14:11,300.0,50.8,B
2021-07-14T11:14:11,6700.0,50.8,B
2021-07-14T11:14:10,3300.0,50.8,B
2021-07-14T11:14:10,13900.0,50.8,B
2021-07-14T11:13:57,1400.0,50.7,S
2021-07-14T11:13:55,300.0,50.6,S
2021-07-14T11:13:53,2000.0,50.7,B
2021-07-14T11:13:52,1500.0,50.7,B
2021-07-14T11:13:51,100.0,50.7,B
2021-07-14T11:13:51,100.0,50.7,B
2021-07-14T11:13:49,800.0,50.7,B
2021-07-14T11:13:44,500.0,50.7,B
2021-07-14T11:13:44,500.0,50.7,B
2021-07-14T11:13:39,100.0,50.7,B
2021-07-14T11:13:33,800.0,50.6,S
2021-07-14T11:13:32,200.0,50.6,B
2021-07-14T11:13:32,10000.0,50.6,B
2021-07-14T11:13:29,400.0,50.5,S
2021-07-14T11:13:28,200.0,50.6,B
2021-07-14T11:13:21,200.0,50.6,B
2021-07-14T11:13:19,100.0,50.5,S
2021-07-14T11:13:18,3400.0,50.5,B
2021-07-14T11:13:18,600.0,50.5,B
2021-07-14T11:13:16,900.0,50.5,B
2021-07-14T11:13:16,400.0,50.5,B
2021-07-14T11:13:16,500.0,50.5,B
2021-07-14T11:13:15,1000.0,50.5,B
2021-07-14T11:13:12,1500.0,50.5,B
2021-07-14T11:13:08,200.0,50.5,B
2021-07-14T11:13:08,1000.0,50.5,B
2021-07-14T11:13:08,5000.0,50.5,B
2021-07-14T11:13:08,14000.0,50.5,B
2021-07-14T11:13:08,300.0,50.5,B
2021-07-14T11:13:04,3000.0,50.5,B
2021-07-14T11:13:00,1400.0,50.5,B
2021-07-14T11:12:55,500.0,50.5,B
2021-07-14T11:12:53,100.0,50.5,B
2021-07-14T11:12:48,1400.0,50.5,B
2021-07-14T11:12:36,200.0,50.5,B
2021-07-14T11:12:25,500.0,50.5,B
2021-07-14T11:12:23,200.0,50.5,B
2021-07-14T11:12:22,500.0,50.5,B
2021-07-14T11:12:14,200.0,50.5,B
2021-07-14T11:12:14,300.0,50.5,B
2021-07-14T11:12:13,200.0,50.5,B
2021-07-14T11:12:13,1000.0,50.5,B
2021-07-14T11:12:13,400.0,50.5,B
2021-07-14T11:12:11,1200.0,50.4,S
2021-07-14T11:12:09,200.0,50.5,B
2021-07-14T11:12:06,100.0,50.5,B
2021-07-14T11:12:03,4000.0,50.5,B
2021-07-14T11:12:03,200.0,50.5,B
2021-07-14T11:11:58,1100.0,50.4,S
2021-07-14T11:11:53,200.0,50.5,B
2021-07-14T11:11:53,1000.0,50.5,B
2021-07-14T11:11:47,1000.0,50.5,B
2021-07-14T11:11:43,600.0,50.4,S
2021-07-14T11:11:41,300.0,50.4,B
2021-07-14T11:11:40,5000.0,50.4,B
2021-07-14T11:11:39,200.0,50.4,B
2021-07-14T11:11:33,15000.0,50.4,B
2021-07-14T11:11:25,1000.0,50.4,B
2021-07-14T11:11:24,100.0,50.4,B
2021-07-14T11:11:22,300.0,50.3,S
2021-07-14T11:11:21,200.0,50.3,S
2021-07-14T11:11:19,200.0,50.3,S
2021-07-14T11:11:08,100.0,50.3,B
2021-07-14T11:11:08,3800.0,50.3,B
2021-07-14T11:11:03,1000.0,50.3,B
2021-07-14T11:11:02,100.0,50.3,B
2021-07-14T11:10:59,100.0,50.3,S
2021-07-14T11:10:59,400.0,50.4,B
2021-07-14T11:10:52,2000.0,50.4,B
2021-07-14T11:10:42,1000.0,50.3,B
2021-07-14T11:10:40,100.0,50.2,B
2021-07-14T11:10:33,1000.0,50.1,S
2021-07-14T11:10:33,100.0,50.2,B
2021-07-14T11:10:30,800.0,50.1,S
2021-07-14T11:10:24,2000.0,50.1,S
2021-07-14T11:10:16,5000.0,50.1,S
2021-07-14T11:10:16,400.0,50.1,S
2021-07-14T11:10:13,100.0,50.1,B
2021-07-14T11:10:11,10000.0,50.1,B
2021-07-14T11:10:10,400.0,50.1,B
2021-07-14T11:10:08,1000.0,50.1,B
2021-07-14T11:10:04,100.0,50.1,B
2021-07-14T11:10:03,5000.0,50.1,B
2021-07-14T11:10:00,300.0,50.1,B
2021-07-14T11:09:58,6000.0,50.0,S
2021-07-14T11:09:58,20000.0,50.1,B
2021-07-14T11:09:55,200.0,50.1,B
2021-07-14T11:09:52,4000.0,50.0,S
2021-07-14T11:09:45,200.0,50.1,B
2021-07-14T11:09:39,1500.0,50.0,S
2021-07-14T11:09:33,500.0,50.0,S
2021-07-14T11:09:33,300.0,50.1,B
2021-07-14T11:09:25,1900.0,50.0,B
2021-07-14T11:09:25,100.0,50.0,B
2021-07-14T11:09:25,300.0,50.0,B
2021-07-14T11:09:25,1700.0,50.0,B
2021-07-14T11:09:25,2000.0,50.0,B
2021-07-14T11:09:23,300.0,50.0,B
2021-07-14T11:09:22,4300.0,50.0,B
2021-07-14T11:09:20,300.0,50.0,B
2021-07-14T11:09:18,100.0,50.0,B
2021-07-14T11:09:16,3800.0,49.95,S
2021-07-14T11:09:16,3200.0,49.95,S
2021-07-14T11:09:15,10000.0,50.0,B
2021-07-14T11:09:15,100.0,50.0,B
2021-07-14T11:09:14,500.0,50.0,B
2021-07-14T11:09:14,200.0,50.0,B
2021-07-14T11:09:14,200.0,50.0,B
2021-07-14T11:09:11,4000.0,50.0,B
2021-07-14T11:09:11,100.0,50.0,B
2021-07-14T11:09:11,800.0,50.0,B
2021-07-14T11:09:10,1000.0,50.0,S
2021-07-14T11:09:10,3300.0,50.0,S
2021-07-14T11:09:10,600.0,50.0,S
2021-07-14T11:09:10,17000.0,50.0,S
2021-07-14T11:09:10,12600.0,50.0,S
2021-07-14T11:09:10,200.0,50.0,S
2021-07-14T11:09:10,4800.0,50.0,S
2021-07-14T11:09:10,12100.0,50.0,S
2021-07-14T11:09:10,200.0,50.0,S
2021-07-14T11:09:10,600.0,50.0,S
2021-07-14T11:09:10,200.0,50.0,S
2021-07-14T11:09:10,1000.0,50.0,S
2021-07-14T11:09:10,100.0,50.0,S
2021-07-14T11:09:10,200.0,50.0,S
2021-07-14T11:09:10,100.0,50.0,S
2021-07-14T11:09:10,1000.0,50.0,S
2021-07-14T11:09:10,1200.0,50.0,S
2021-07-14T11:09:10,500.0,50.0,S
2021-07-14T11:09:10,1300.0,50.0,S
2021-07-14T11:09:10,4800.0,50.0,S
2021-07-14T11:09:10,1300.0,50.0,S
2021-07-14T11:09:10,4700.0,50.0,S
2021-07-14T11:09:10,6000.0,50.0,S
2021-07-14T11:09:10,2300.0,50.0,S
2021-07-14T11:09:10,1500.0,50.0,S
2021-07-14T11:09:10,3100.0,50.0,S
2021-07-14T11:09:10,1700.0,50.0,S
2021-07-14T11:09:10,600.0,50.0,S
2021-07-14T11:09:10,51600.0,50.0,S
2021-07-14T11:09:10,1000.0,50.0,S
2021-07-14T11:09:10,500.0,50.0,S
2021-07-14T11:09:10,200.0,50.0,S
2021-07-14T11:09:10,15200.0,50.0,S
2021-07-14T11:09:10,5000.0,50.1,B
2021-07-14T11:09:09,10000.0,50.1,B
2021-07-14T11:09:08,700.0,50.1,S
2021-07-14T11:09:01,400.0,50.2,B
2021-07-14T11:08:53,100.0,50.2,B
2021-07-14T11:08:49,3600.0,50.0,S
2021-07-14T11:08:49,100.0,50.0,S
2021-07-14T11:08:49,6300.0,50.0,S
2021-07-14T11:08:43,400.0,50.0,S
2021-07-14T11:08:43,2100.0,50.0,S
2021-07-14T11:08:43,300.0,50.0,S
2021-07-14T11:08:43,3000.0,50.0,S
2021-07-14T11:08:43,19200.0,50.1,S
2021-07-14T11:08:42,2200.0,50.1,S
2021-07-14T11:08:41,6700.0,50.1,B
2021-07-14T11:08:39,100.0,50.1,B
2021-07-14T11:08:39,1000.0,50.1,B
2021-07-14T11:08:37,200.0,50.1,B
2021-07-14T11:08:31,1000.0,50.1,B
2021-07-14T11:08:31,200.0,50.1,B
2021-07-14T11:08:31,100.0,50.0,S
2021-07-14T11:08:30,500.0,50.1,B
2021-07-14T11:08:29,100.0,50.1,B
2021-07-14T11:08:27,1000.0,50.0,S
2021-07-14T11:08:25,100.0,50.1,B
2021-07-14T11:08:20,200.0,50.2,S
2021-07-14T11:08:16,1600.0,50.0,S
2021-07-14T11:08:16,400.0,50.1,S
2021-07-14T11:08:13,200.0,50.2,S
2021-07-14T11:08:10,5000.0,50.0,S
2021-07-14T11:08:04,100.0,50.3,B
2021-07-14T11:08:01,3700.0,50.0,S
2021-07-14T11:08:01,500.0,50.0,S
2021-07-14T11:08:01,500.0,50.0,S
2021-07-14T11:08:01,5000.0,50.0,S
2021-07-14T11:08:01,4700.0,50.0,S
2021-07-14T11:08:01,2100.0,50.0,S
2021-07-14T11:08:01,500.0,50.0,S
2021-07-14T11:08:01,2700.0,50.0,S
2021-07-14T11:08:01,600.0,50.0,S
2021-07-14T11:08:01,800.0,50.0,S
2021-07-14T11:08:01,600.0,50.0,S
2021-07-14T11:08:01,600.0,50.0,S
2021-07-14T11:08:01,100.0,50.0,S
2021-07-14T11:08:01,2000.0,50.0,S
2021-07-14T11:08:01,1600.0,50.0,S
2021-07-14T11:08:01,4500.0,50.0,S
2021-07-14T11:08:01,300.0,50.0,S
2021-07-14T11:08:01,800.0,50.0,S
2021-07-14T11:08:01,1900.0,50.0,S
2021-07-14T11:08:01,700.0,50.0,S
2021-07-14T11:08:01,100.0,50.0,S
2021-07-14T11:08:01,500.0,50.0,S
2021-07-14T11:08:01,400.0,50.0,S
2021-07-14T11:08:01,1600.0,50.0,S
2021-07-14T11:08:01,10400.0,50.0,S
2021-07-14T11:08:01,1700.0,50.0,S
2021-07-14T11:08:01,1300.0,50.0,S
2021-07-14T11:08:01,300.0,50.0,S
2021-07-14T11:08:01,2100.0,50.0,S
2021-07-14T11:08:01,200.0,50.0,S
2021-07-14T11:08:01,9500.0,50.0,S
2021-07-14T11:08:01,2800.0,50.0,S
2021-07-14T11:08:01,1000.0,50.0,S
2021-07-14T11:08:01,200.0,50.0,S
2021-07-14T11:08:01,200.0,50.0,S
2021-07-14T11:08:01,600.0,50.0,S
2021-07-14T11:08:01,19300.0,50.0,S
2021-07-14T11:08:01,5100.0,50.0,S
2021-07-14T11:08:01,500.0,50.0,S
2021-07-14T11:08:01,3300.0,50.0,S
2021-07-14T11:08:01,1200.0,50.0,S
2021-07-14T11:08:01,1800.0,50.0,S
2021-07-14T11:08:01,200.0,50.0,S
2021-07-14T11:08:01,4100.0,50.0,S
2021-07-14T11:08:01,1800.0,50.0,S
2021-07-14T11:08:01,1000.0,50.0,S
2021-07-14T11:08:01,3200.0,50.0,S
2021-07-14T11:08:01,10000.0,50.0,S
2021-07-14T11:08:01,600.0,50.0,S
2021-07-14T11:08:01,3900.0,50.0,S
2021-07-14T11:08:01,600.0,50.0,S
2021-07-14T11:08:01,2000.0,50.0,S
2021-07-14T11:08:01,100.0,50.0,S
2021-07-14T11:08:01,5300.0,50.0,S
2021-07-14T11:08:01,200.0,50.1,S
2021-07-14T11:08:01,200.0,50.1,S
2021-07-14T11:08:01,100.0,50.1,S
2021-07-14T11:08:01,27000.0,50.1,S
2021-07-14T11:08:01,3100.0,50.1,S
2021-07-14T11:08:01,800.0,50.1,S
2021-07-14T11:08:01,500.0,50.1,S
2021-07-14T11:08:01,600.0,50.1,S
2021-07-14T11:08:01,300.0,50.1,S
2021-07-14T11:08:01,1100.0,50.1,S
2021-07-14T11:08:01,300.0,50.1,S
2021-07-14T11:08:01,5600.0,50.1,S
2021-07-14T11:08:01,3600.0,50.1,S
2021-07-14T11:08:01,10000.0,50.1,S
2021-07-14T11:08:01,500.0,50.1,S
2021-07-14T11:08:01,21200.0,50.1,S
2021-07-14T11:08:01,11000.0,50.1,S
2021-07-14T11:08:01,9200.0,50.1,S
2021-07-14T11:08:01,15600.0,50.2,S
2021-07-14T11:07:59,1000.0,50.2,S
2021-07-14T11:07:58,15400.0,50.2,S
2021-07-14T11:07:46,200.0,50.2,S
2021-07-14T11:07:44,500.0,50.3,B
2021-07-14T11:07:38,100.0,50.4,B
2021-07-14T11:07:33,700.0,50.1,S
2021-07-14T11:07:29,200.0,50.4,B
2021-07-14T11:07:27,10500.0,50.1,S
2021-07-14T11:07:27,1300.0,50.1,S
2021-07-14T11:07:27,10200.0,50.1,S
2021-07-14T11:07:27,6800.0,50.1,S
2021-07-14T11:07:27,300.0,50.1,S
2021-07-14T11:07:27,1600.0,50.1,S
2021-07-14T11:07:27,2800.0,50.1,S
2021-07-14T11:07:27,6000.0,50.1,S
2021-07-14T11:07:21,300.0,50.4,B
2021-07-14T11:07:21,5000.0,50.1,S
2021-07-14T11:07:19,6500.0,50.1,S
2021-07-14T11:07:19,1300.0,50.1,S
2021-07-14T11:07:19,22200.0,50.1,S
2021-07-14T11:07:18,300.0,50.4,S
2021-07-14T11:07:16,100.0,50.4,S
2021-07-14T11:07:08,1000.0,50.4,S
2021-07-14T11:07:01,9100.0,50.1,S
2021-07-14T11:07:01,300.0,50.1,S
2021-07-14T11:07:01,500.0,50.1,S
2021-07-14T11:07:01,48400.0,50.1,S
2021-07-14T11:07:01,2000.0,50.2,S
2021-07-14T11:07:01,6200.0,50.2,S
2021-07-14T11:07:01,100.0,50.2,S
2021-07-14T11:07:01,6100.0,50.2,S
2021-07-14T11:07:01,5300.0,50.2,S
2021-07-14T11:07:01,300.0,50.2,S
2021-07-14T11:07:01,3200.0,50.2,S
2021-07-14T11:07:01,4600.0,50.2,S
2021-07-14T11:07:01,10500.0,50.2,S
2021-07-14T11:07:01,3600.0,50.2,S
2021-07-14T11:07:01,600.0,50.2,S
2021-07-14T11:07:01,2000.0,50.2,S
2021-07-14T11:07:01,500.0,50.2,S
2021-07-14T11:07:01,2100.0,50.2,S
2021-07-14T11:07:01,14700.0,50.2,S
2021-07-14T11:07:01,3300.0,50.2,S
2021-07-14T11:07:01,200.0,50.2,S
2021-07-14T11:07:01,1200.0,50.2,S
2021-07-14T11:07:01,200.0,50.2,S
2021-07-14T11:07:01,3900.0,50.2,S
2021-07-14T11:07:01,1000.0,50.2,S
2021-07-14T11:07:01,4200.0,50.2,S
2021-07-14T11:07:01,300.0,50.2,S
2021-07-14T11:07:01,4700.0,50.2,S
2021-07-14T11:07:01,500.0,50.2,S
2021-07-14T11:07:01,1000.0,50.2,S
2021-07-14T11:07:01,2400.0,50.2,S
2021-07-14T11:07:01,12200.0,50.2,S
2021-07-14T11:07:01,5400.0,50.3,S
2021-07-14T11:07:01,4600.0,50.3,S
2021-07-14T11:07:01,5500.0,50.3,S
2021-07-14T11:07:01,500.0,50.3,S
2021-07-14T11:07:01,100.0,50.3,S
2021-07-14T11:07:01,1800.0,50.3,S
2021-07-14T11:07:01,3800.0,50.3,S
2021-07-14T11:07:01,600.0,50.3,S
2021-07-14T11:07:00,100.0,50.3,S
2021-07-14T11:07:00,2700.0,50.3,S
2021-07-14T11:07:00,200.0,50.3,S
2021-07-14T11:07:00,100.0,50.3,S
2021-07-14T11:07:00,6000.0,50.3,S
2021-07-14T11:07:00,2800.0,50.3,S
2021-07-14T11:07:00,200.0,50.3,S
2021-07-14T11:07:00,500.0,50.3,S
2021-07-14T11:07:00,9900.0,50.3,S
2021-07-14T11:07:00,300.0,50.4,B
2021-07-14T11:06:58,4700.0,50.4,S
2021-07-14T11:06:55,1000.0,50.5,B
2021-07-14T11:06:50,5000.0,50.4,S
2021-07-14T11:06:48,700.0,50.5,B
2021-07-14T11:06:44,300.0,50.4,B
2021-07-14T11:06:44,100.0,50.4,S
2021-07-14T11:06:44,1300.0,50.4,S
2021-07-14T11:06:44,2000.0,50.4,S
2021-07-14T11:06:44,1300.0,50.4,S
2021-07-14T11:06:44,10000.0,50.4,S
2021-07-14T11:06:39,600.0,50.4,S
2021-07-14T11:06:39,1400.0,50.4,S
2021-07-14T11:06:35,1000.0,50.4,S
2021-07-14T11:06:31,400.0,50.5,B
2021-07-14T11:06:18,2000.0,50.4,S
2021-07-14T11:06:10,100.0,50.5,B
2021-07-14T11:06:01,2500.0,50.5,B
2021-07-14T11:06:01,2500.0,50.5,B
2021-07-14T11:05:56,500.0,50.5,B
2021-07-14T11:05:55,500.0,50.5,B
2021-07-14T11:05:50,200.0,50.5,B
2021-07-14T11:05:42,3900.0,50.5,B
2021-07-14T11:05:27,300.0,50.5,B
2021-07-14T11:05:24,10000.0,50.5,B
2021-07-14T11:05:23,1000.0,50.5,B
2021-07-14T11:05:21,500.0,50.5,B
2021-07-14T11:05:17,400.0,50.4,S
2021-07-14T11:05:03,300.0,50.5,B
2021-07-14T11:05:00,100.0,50.4,S
2021-07-14T11:04:57,4000.0,50.4,S
2021-07-14T11:04:53,9000.0,50.4,S
2021-07-14T11:04:42,100.0,50.4,S
2021-07-14T11:04:42,5000.0,50.4,S
2021-07-14T11:04:38,900.0,50.4,S
2021-07-14T11:04:29,1000.0,50.4,S
2021-07-14T11:04:27,2000.0,50.3,S
2021-07-14T11:04:27,100.0,50.4,S
2021-07-14T11:04:26,200.0,50.4,B
2021-07-14T11:04:25,100.0,50.4,B
2021-07-14T11:04:22,200.0,50.4,B
2021-07-14T11:04:21,500.0,50.4,B
2021-07-14T11:04:20,600.0,50.4,B
2021-07-14T11:04:18,5000.0,50.4,B
2021-07-14T11:04:15,500.0,50.4,B
2021-07-14T11:04:13,500.0,50.3,S
2021-07-14T11:04:10,300.0,50.4,B
2021-07-14T11:04:04,200.0,50.4,B
2021-07-14T11:04:00,200.0,50.4,B
2021-07-14T11:03:50,100.0,50.3,S
2021-07-14T11:03:48,4500.0,50.3,S
2021-07-14T11:03:48,300.0,50.3,S
2021-07-14T11:03:48,200.0,50.3,S
2021-07-14T11:03:46,2600.0,50.3,S
2021-07-14T11:03:45,500.0,50.3,S
2021-07-14T11:03:39,1000.0,50.3,S
2021-07-14T11:03:35,1100.0,50.3,S
2021-07-14T11:03:15,300.0,50.3,S
2021-07-14T11:03:15,1000.0,50.3,S
2021-07-14T11:03:15,1900.0,50.3,S
2021-07-14T11:03:04,1000.0,50.4,B
2021-07-14T11:03:04,1000.0,50.4,B
2021-07-14T11:02:59,1000.0,50.3,S
2021-07-14T11:02:59,400.0,50.4,B
2021-07-14T11:02:54,100.0,50.4,B
2021-07-14T11:02:53,100.0,50.4,B
2021-07-14T11:02:51,1000.0,50.4,B
2021-07-14T11:02:50,400.0,50.4,S
2021-07-14T11:02:49,500.0,50.4,S
2021-07-14T11:02:44,100.0,50.4,B
2021-07-14T11:02:43,100.0,50.4,B
2021-07-14T11:02:42,800.0,50.4,S
2021-07-14T11:02:42,200.0,50.4,S
2021-07-14T11:02:42,1900.0,50.4,S
2021-07-14T11:02:39,1000.0,50.4,S
2021-07-14T11:02:32,8100.0,50.4,S
2021-07-14T11:02:31,500.0,50.4,S
2021-07-14T11:02:26,100.0,50.4,S
2021-07-14T11:02:23,900.0,50.4,S
2021-07-14T11:02:23,1100.0,50.4,S
2021-07-14T11:02:21,100.0,50.5,B
2021-07-14T11:02:18,100.0,50.5,B
2021-07-14T11:02:11,1000.0,50.5,B
2021-07-14T11:02:02,200.0,50.5,B
2021-07-14T11:02:01,200.0,50.5,B
2021-07-14T11:01:59,500.0,50.5,B
2021-07-14T11:01:56,500.0,50.5,B
2021-07-14T11:01:54,10000.0,50.4,S
2021-07-14T11:01:47,500.0,50.5,B
2021-07-14T11:01:47,500.0,50.5,B
2021-07-14T11:01:39,1000.0,50.5,B
2021-07-14T11:01:35,2000.0,50.4,S
2021-07-14T11:01:31,2000.0,50.4,S
2021-07-14T11:01:30,100.0,50.4,S
2021-07-14T11:01:28,5400.0,50.4,S
2021-07-14T11:01:28,3600.0,50.4,S
2021-07-14T11:01:26,200.0,50.4,S
2021-07-14T11:01:25,500.0,50.4,S
2021-07-14T11:01:24,1000.0,50.4,S
2021-07-14T11:01:23,200.0,50.4,S
2021-07-14T11:01:19,200.0,50.4,S
2021-07-14T11:01:16,200.0,50.4,S
2021-07-14T11:01:15,200.0,50.4,S
2021-07-14T11:01:08,200.0,50.4,S
2021-07-14T11:01:05,200.0,50.4,S
2021-07-14T11:01:04,15000.0,50.4,S
2021-07-14T11:01:04,1100.0,50.4,S
2021-07-14T11:01:02,2000.0,50.5,B
2021-07-14T11:01:01,1000.0,50.4,S
2021-07-14T11:01:00,200.0,50.4,S
2021-07-14T11:01:00,1600.0,50.5,S
2021-07-14T11:01:00,1100.0,50.5,S
2021-07-14T11:01:00,1100.0,50.5,S
2021-07-14T11:01:00,5500.0,50.5,S
2021-07-14T11:01:00,500.0,50.5,S
2021-07-14T11:01:00,3100.0,50.5,S
2021-07-14T11:01:00,300.0,50.5,S
2021-07-14T11:01:00,100.0,50.5,S
2021-07-14T11:01:00,200.0,50.5,S
2021-07-14T11:01:00,4900.0,50.5,S
2021-07-14T11:01:00,100.0,50.5,S
2021-07-14T11:01:00,3400.0,50.5,S
2021-07-14T11:01:00,700.0,50.5,S
2021-07-14T11:01:00,1000.0,50.5,S
2021-07-14T11:01:00,3800.0,50.5,S
2021-07-14T11:00:57,1100.0,50.5,S
2021-07-14T11:00:55,200.0,50.5,S
2021-07-14T11:00:52,1200.0,50.5,S
2021-07-14T11:00:49,500.0,50.5,S
2021-07-14T11:00:49,800.0,50.5,S
2021-07-14T11:00:47,400.0,50.6,B
2021-07-14T11:00:43,4000.0,50.6,S
2021-07-14T11:00:43,1100.0,50.6,S
2021-07-14T11:00:43,1000.0,50.7,B
2021-07-14T11:00:42,600.0,50.6,S
2021-07-14T11:00:38,1200.0,50.6,S
2021-07-14T11:00:34,4100.0,50.6,S
2021-07-14T11:00:32,100.0,50.6,S
2021-07-14T11:00:31,1700.0,50.6,S
2021-07-14T11:00:28,1000.0,50.6,S
2021-07-14T11:00:19,200.0,50.6,S
2021-07-14T11:00:19,1600.0,50.6,S
2021-07-14T11:00:18,1000.0,50.6,S
2021-07-14T11:00:17,200.0,50.6,S
2021-07-14T11:00:12,200.0,50.6,S
2021-07-14T11:00:10,500.0,50.6,S
2021-07-14T11:00:08,200.0,50.6,S
2021-07-14T11:00:07,1000.0,50.6,S
2021-07-14T11:00:06,100.0,50.6,S
2021-07-14T11:00:04,200.0,50.6,S
2021-07-14T11:00:00,200.0,50.6,S
2021-07-14T10:59:55,200.0,50.6,S
2021-07-14T10:59:55,100.0,50.7,B
2021-07-14T10:59:51,200.0,50.6,S
2021-07-14T10:59:49,1000.0,50.6,B
2021-07-14T10:59:49,3000.0,50.6,B
2021-07-14T10:59:49,200.0,50.6,B
2021-07-14T10:59:48,4000.0,50.6,B
2021-07-14T10:59:46,100.0,50.6,B
2021-07-14T10:59:37,900.0,50.6,B
2021-07-14T10:59:36,500.0,50.6,B
2021-07-14T10:59:34,100.0,50.6,S
2021-07-14T10:59:34,7800.0,50.6,S
2021-07-14T10:59:34,15000.0,50.6,S
2021-07-14T10:59:34,100.0,50.6,S
2021-07-14T10:59:31,700.0,50.6,S
2021-07-14T10:59:28,1300.0,50.6,S
2021-07-14T10:59:28,1100.0,50.6,S
2021-07-14T10:59:27,200.0,50.6,S
2021-07-14T10:59:27,800.0,50.6,S
2021-07-14T10:59:27,800.0,50.6,S
2021-07-14T10:59:21,3000.0,50.6,S
2021-07-14T10:58:53,5000.0,50.6,S
2021-07-14T10:58:46,500.0,50.7,B
2021-07-14T10:58:44,2700.0,50.6,S
