tradingTime,volume,price,side
2021-07-14T14:29:39,100.0,116.5,B
2021-07-14T14:28:43,100.0,112.1,S
2021-07-14T14:28:43,400.0,112.1,S
2021-07-14T14:28:13,100.0,116.5,B
2021-07-14T14:27:19,300.0,116.5,B
2021-07-14T14:27:05,500.0,116.5,B
2021-07-14T14:26:32,1000.0,116.7,B
2021-07-14T14:26:26,600.0,111.6,S
2021-07-14T14:26:26,600.0,111.6,S
2021-07-14T14:26:26,500.0,111.7,S
2021-07-14T14:26:26,500.0,111.7,S
2021-07-14T14:26:26,3100.0,111.8,S
2021-07-14T14:26:15,200.0,116.8,B
2021-07-14T14:25:26,100.0,117.0,S
2021-07-14T14:25:18,3800.0,111.6,B
2021-07-14T14:25:17,100.0,111.6,B
2021-07-14T14:25:17,1500.0,111.6,B
2021-07-14T14:25:16,200.0,111.6,S
2021-07-14T14:25:16,2000.0,111.6,S
2021-07-14T14:25:16,400.0,111.6,S
2021-07-14T14:25:16,400.0,111.6,S
2021-07-14T14:25:16,11600.0,111.6,S
2021-07-14T14:25:07,4500.0,111.6,S
2021-07-14T14:25:07,200.0,111.6,S
2021-07-14T14:25:07,1100.0,111.6,S
2021-07-14T14:25:07,1000.0,111.6,S
2021-07-14T14:25:07,500.0,111.6,S
2021-07-14T14:25:07,5200.0,111.6,S
2021-07-14T14:25:07,600.0,111.7,S
2021-07-14T14:25:07,3100.0,111.7,S
2021-07-14T14:25:07,1000.0,112.0,S
2021-07-14T14:25:07,2800.0,117.0,S
2021-07-14T14:25:06,7200.0,112.0,B
2021-07-14T14:25:05,100.0,112.0,B
2021-07-14T14:24:59,100.0,112.0,B
2021-07-14T14:24:51,200.0,112.0,B
2021-07-14T14:24:48,1400.0,112.0,B
2021-07-14T14:24:48,3600.0,111.8,B
2021-07-14T14:24:45,1000.0,111.7,B
2021-07-14T14:24:42,100.0,111.7,B
2021-07-14T14:24:41,100.0,111.7,B
2021-07-14T14:24:38,100.0,111.7,B
2021-07-14T14:24:36,100.0,111.7,S
2021-07-14T14:24:36,11000.0,111.7,S
2021-07-14T14:24:36,400.0,111.7,S
2021-07-14T14:24:36,3100.0,111.8,S
2021-07-14T14:24:36,500.0,111.8,S
2021-07-14T14:24:36,100.0,111.9,S
2021-07-14T14:24:32,2000.0,112.0,S
2021-07-14T14:24:32,100.0,112.0,S
2021-07-14T14:24:32,100.0,112.0,S
2021-07-14T14:24:32,100.0,112.0,S
2021-07-14T14:24:32,100.0,112.0,S
2021-07-14T14:24:32,1100.0,112.0,S
2021-07-14T14:24:32,7500.0,112.0,S
2021-07-14T14:24:26,8300.0,112.0,S
2021-07-14T14:24:26,500.0,112.0,S
2021-07-14T14:24:26,2100.0,112.0,S
2021-07-14T14:24:26,5000.0,112.1,S
2021-07-14T14:24:26,400.0,112.1,S
2021-07-14T14:24:26,100.0,112.2,S
2021-07-14T14:24:26,400.0,112.3,S
2021-07-14T14:24:26,200.0,114.5,S
2021-07-14T14:24:26,3000.0,115.0,S
2021-07-14T14:24:18,100.0,119.6,B
2021-07-14T14:24:14,100.0,119.5,B
2021-07-14T14:23:58,100.0,117.0,B
2021-07-14T14:23:53,100.0,117.0,B
2021-07-14T14:23:41,100.0,119.6,B
2021-07-14T14:23:37,900.0,119.6,B
2021-07-14T14:23:37,100.0,115.5,B
2021-07-14T14:23:34,100.0,115.0,B
2021-07-14T14:23:28,100.0,115.0,B
2021-07-14T14:23:27,500.0,115.0,B
2021-07-14T14:23:08,100.0,115.0,B
2021-07-14T14:23:00,100.0,115.0,B
2021-07-14T14:22:59,100.0,115.0,B
2021-07-14T14:22:50,100.0,115.0,B
2021-07-14T14:22:45,100.0,115.0,B
2021-07-14T14:22:05,400.0,115.0,B
2021-07-14T14:22:05,100.0,114.4,B
2021-07-14T14:22:00,3100.0,112.0,B
2021-07-14T14:21:59,5000.0,112.0,B
2021-07-14T14:21:51,500.0,112.0,B
2021-07-14T14:21:48,5000.0,112.0,B
2021-07-14T14:21:44,100.0,112.0,B
2021-07-14T14:21:42,100.0,112.0,B
2021-07-14T14:21:35,100.0,112.0,B
2021-07-14T14:21:33,2000.0,112.0,S
2021-07-14T14:21:33,4100.0,112.0,S
2021-07-14T14:21:02,100.0,112.8,B
2021-07-14T14:21:02,2300.0,112.0,B
2021-07-14T14:20:58,1000.0,112.0,B
2021-07-14T14:20:55,100.0,112.0,B
2021-07-14T14:20:53,400.0,112.0,B
2021-07-14T14:20:47,100.0,112.0,B
2021-07-14T14:20:44,100.0,112.0,B
2021-07-14T14:20:37,500.0,112.0,B
2021-07-14T14:20:37,100.0,112.0,B
2021-07-14T14:20:34,100.0,112.0,B
2021-07-14T14:20:28,100.0,112.0,B
2021-07-14T14:20:21,3100.0,112.0,S
2021-07-14T14:20:21,500.0,112.0,S
2021-07-14T14:20:21,11300.0,112.0,S
2021-07-14T14:20:21,1400.0,112.0,S
2021-07-14T14:20:21,2000.0,112.0,S
2021-07-14T14:20:21,600.0,112.0,S
2021-07-14T14:20:21,400.0,112.0,S
2021-07-14T14:20:21,5000.0,112.1,S
2021-07-14T14:20:21,400.0,112.3,S
2021-07-14T14:20:21,100.0,112.3,S
2021-07-14T14:20:21,400.0,112.3,S
2021-07-14T14:20:04,300.0,112.3,S
2021-07-14T14:18:49,400.0,112.3,B
2021-07-14T14:18:49,100.0,112.3,B
2021-07-14T14:18:46,100.0,112.3,B
2021-07-14T14:18:23,100.0,112.3,B
2021-07-14T14:18:06,100.0,112.3,B
2021-07-14T14:18:04,100.0,112.3,B
2021-07-14T14:17:55,3800.0,112.3,B
2021-07-14T14:17:46,3000.0,112.3,S
2021-07-14T14:17:46,6300.0,112.5,S
2021-07-14T14:17:46,100.0,112.6,S
2021-07-14T14:17:46,5900.0,112.6,S
2021-07-14T14:17:33,500.0,112.8,B
2021-07-14T14:17:32,2000.0,112.8,B
2021-07-14T14:17:32,1300.0,112.8,S
2021-07-14T14:17:32,100.0,112.8,S
2021-07-14T14:17:32,100.0,112.8,S
2021-07-14T14:17:32,3600.0,112.8,S
2021-07-14T14:17:32,3200.0,113.0,S
2021-07-14T14:17:32,1200.0,113.0,S
2021-07-14T14:17:32,3300.0,113.0,S
2021-07-14T14:15:40,800.0,113.0,S
2021-07-14T14:15:22,100.0,113.0,B
2021-07-14T14:15:19,100.0,113.0,B
2021-07-14T14:15:18,100.0,113.0,B
2021-07-14T14:15:09,200.0,113.0,B
2021-07-14T14:15:04,2000.0,113.0,B
2021-07-14T14:14:58,500.0,113.0,B
2021-07-14T14:14:41,200.0,113.0,B
2021-07-14T14:14:34,100.0,113.0,B
2021-07-14T14:14:26,500.0,113.0,B
2021-07-14T14:14:20,500.0,113.0,S
2021-07-14T14:14:20,1400.0,113.0,S
2021-07-14T14:14:20,100.0,113.0,S
2021-07-14T14:14:20,1100.0,113.0,S
2021-07-14T14:14:20,500.0,113.0,S
2021-07-14T14:14:20,1500.0,113.0,S
2021-07-14T14:14:20,400.0,113.1,S
2021-07-14T14:14:20,700.0,113.3,S
2021-07-14T14:13:56,100.0,114.5,B
2021-07-14T14:13:47,3200.0,113.0,S
2021-07-14T14:13:47,100.0,113.2,S
2021-07-14T14:13:47,300.0,113.2,S
2021-07-14T14:13:47,6400.0,113.3,S
2021-07-14T14:13:29,100.0,114.5,B
2021-07-14T14:13:16,200.0,114.0,B
2021-07-14T14:13:08,200.0,114.0,B
2021-07-14T14:12:27,5000.0,113.3,S
2021-07-14T14:12:23,100.0,114.0,B
2021-07-14T14:12:17,100.0,114.0,B
2021-07-14T14:12:15,1100.0,114.0,S
2021-07-14T14:12:15,3200.0,114.0,S
2021-07-14T14:12:14,100.0,114.0,S
2021-07-14T14:12:11,100.0,114.5,B
2021-07-14T14:12:06,100.0,114.5,B
2021-07-14T14:11:58,100.0,114.5,B
2021-07-14T14:11:33,1000.0,114.0,S
2021-07-14T14:11:05,1100.0,114.0,B
2021-07-14T14:10:58,100.0,114.0,B
2021-07-14T14:10:56,500.0,114.0,B
2021-07-14T14:10:50,100.0,114.0,B
2021-07-14T14:10:46,200.0,114.0,B
2021-07-14T14:10:36,200.0,114.0,B
2021-07-14T14:10:21,100.0,114.0,B
2021-07-14T14:10:13,800.0,114.0,B
2021-07-14T14:10:04,200.0,114.0,B
2021-07-14T14:09:57,100.0,114.0,B
2021-07-14T14:09:51,100.0,114.0,B
2021-07-14T14:09:50,100.0,114.0,B
2021-07-14T14:09:40,100.0,114.0,B
2021-07-14T14:09:35,500.0,114.0,B
2021-07-14T14:09:34,2100.0,113.3,B
2021-07-14T14:09:33,100.0,113.3,B
2021-07-14T14:09:26,600.0,113.1,S
2021-07-14T14:09:18,3000.0,113.3,B
2021-07-14T14:09:14,100.0,113.3,B
2021-07-14T14:09:09,100.0,113.3,B
2021-07-14T14:09:01,100.0,113.3,B
2021-07-14T14:08:55,100.0,113.3,B
2021-07-14T14:08:50,100.0,113.3,B
2021-07-14T14:08:37,500.0,113.1,B
2021-07-14T14:08:26,1500.0,113.1,B
2021-07-14T14:08:05,100.0,113.3,B
2021-07-14T14:08:04,100.0,113.3,B
2021-07-14T14:07:57,100.0,113.0,B
2021-07-14T14:07:56,100.0,113.0,B
2021-07-14T14:07:53,700.0,113.0,S
2021-07-14T14:07:53,500.0,113.0,S
2021-07-14T14:07:53,3600.0,113.0,S
2021-07-14T14:07:46,100.0,113.3,B
2021-07-14T14:07:46,300.0,113.3,B
2021-07-14T14:07:43,100.0,113.3,B
2021-07-14T14:07:42,2000.0,113.3,B
2021-07-14T14:07:33,700.0,113.3,B
2021-07-14T14:07:26,100.0,113.3,B
2021-07-14T14:07:24,700.0,113.3,B
2021-07-14T14:07:21,100.0,113.3,B
2021-07-14T14:07:20,100.0,113.3,B
2021-07-14T14:07:14,100.0,113.3,B
2021-07-14T14:07:08,100.0,113.3,B
2021-07-14T14:07:05,500.0,113.3,B
2021-07-14T14:07:01,600.0,113.0,B
2021-07-14T14:06:59,100.0,113.0,B
2021-07-14T14:06:51,100.0,113.0,B
2021-07-14T14:06:49,100.0,113.0,B
2021-07-14T14:06:48,3000.0,113.0,B
2021-07-14T14:06:46,300.0,113.0,B
2021-07-14T14:06:44,100.0,113.0,B
2021-07-14T14:06:42,500.0,113.0,B
2021-07-14T14:06:42,200.0,113.0,S
2021-07-14T14:06:40,100.0,113.3,B
2021-07-14T14:06:37,100.0,113.3,B
2021-07-14T14:06:31,800.0,113.0,B
2021-07-14T14:06:29,1000.0,113.0,B
2021-07-14T14:06:27,100.0,113.0,B
2021-07-14T14:06:22,500.0,113.0,B
2021-07-14T14:06:20,100.0,113.0,B
2021-07-14T14:06:16,200.0,113.0,B
2021-07-14T14:06:13,100.0,113.0,B
2021-07-14T14:06:12,100.0,113.0,B
2021-07-14T14:06:06,12100.0,113.0,S
2021-07-14T14:06:02,100.0,113.3,B
2021-07-14T14:06:02,100.0,113.3,B
2021-07-14T14:05:57,100.0,113.3,B
2021-07-14T14:05:57,6000.0,113.3,S
2021-07-14T14:05:57,3000.0,113.5,S
2021-07-14T14:05:57,4200.0,113.5,S
2021-07-14T14:05:57,200.0,113.8,S
2021-07-14T14:05:57,300.0,113.8,S
2021-07-14T14:05:48,100.0,114.0,B
2021-07-14T14:05:44,700.0,114.0,S
2021-07-14T14:05:43,1300.0,114.0,B
2021-07-14T14:05:41,100.0,114.0,B
2021-07-14T14:05:28,100.0,114.0,B
2021-07-14T14:05:23,100.0,114.0,B
2021-07-14T14:05:18,1000.0,114.0,B
2021-07-14T14:05:02,100.0,114.0,B
2021-07-14T14:04:58,100.0,114.0,B
2021-07-14T14:04:49,100.0,114.0,B
2021-07-14T14:04:46,100.0,114.0,B
2021-07-14T14:04:42,6000.0,113.5,S
2021-07-14T14:04:41,100.0,114.0,B
2021-07-14T14:04:39,1600.0,114.0,S
2021-07-14T14:04:39,100.0,114.0,S
2021-07-14T14:04:39,100.0,114.0,S
2021-07-14T14:04:36,100.0,114.5,B
2021-07-14T14:04:23,300.0,114.8,S
2021-07-14T14:04:09,100.0,115.0,B
2021-07-14T14:04:06,100.0,115.0,B
2021-07-14T14:04:06,400.0,114.0,S
2021-07-14T14:04:06,100.0,115.0,B
2021-07-14T14:03:55,100.0,115.0,B
2021-07-14T14:03:47,100.0,115.0,B
2021-07-14T14:03:46,100.0,115.0,B
2021-07-14T14:03:39,100.0,114.0,B
2021-07-14T14:03:27,100.0,114.0,B
2021-07-14T14:03:25,100.0,114.0,B
2021-07-14T14:03:20,200.0,114.0,B
2021-07-14T14:03:19,300.0,114.0,B
2021-07-14T14:03:18,100.0,114.0,B
2021-07-14T14:03:07,100.0,114.0,B
2021-07-14T14:02:55,400.0,114.0,B
2021-07-14T14:02:48,2100.0,114.0,B
2021-07-14T14:02:48,700.0,114.0,S
2021-07-14T14:02:48,5800.0,114.0,S
2021-07-14T14:02:47,800.0,115.0,B
2021-07-14T14:02:42,200.0,115.0,S
2021-07-14T14:01:17,300.0,115.0,B
2021-07-14T14:01:17,500.0,115.0,B
2021-07-14T14:01:02,200.0,115.0,B
2021-07-14T14:00:52,200.0,115.0,B
2021-07-14T14:00:40,8600.0,114.0,S
2021-07-14T14:00:40,300.0,114.0,S
2021-07-14T14:00:40,400.0,114.0,S
2021-07-14T14:00:40,3100.0,114.0,S
2021-07-14T14:00:40,300.0,114.3,S
2021-07-14T14:00:40,1100.0,114.5,S
2021-07-14T14:00:40,1200.0,114.5,S
2021-07-14T14:00:26,100.0,115.0,B
2021-07-14T14:00:02,6000.0,114.5,S
2021-07-14T14:00:02,500.0,116.0,B
2021-07-14T13:59:51,900.0,114.8,S
2021-07-14T13:59:48,900.0,114.8,S
2021-07-14T13:59:40,300.0,115.0,B
2021-07-14T13:59:40,900.0,114.8,S
2021-07-14T13:59:29,4000.0,115.0,S
2021-07-14T13:59:29,600.0,115.0,S
2021-07-14T13:59:27,1000.0,115.0,S
2021-07-14T13:59:27,10600.0,115.0,S
2021-07-14T13:59:27,6100.0,115.0,S
2021-07-14T13:59:27,100.0,115.1,S
2021-07-14T13:59:27,2000.0,115.1,S
2021-07-14T13:59:27,300.0,115.1,S
2021-07-14T13:59:11,3200.0,115.1,S
2021-07-14T13:59:11,100.0,115.5,S
2021-07-14T13:59:11,5500.0,115.5,S
2021-07-14T13:59:11,6200.0,115.8,S
2021-07-14T13:58:59,200.0,116.0,B
2021-07-14T13:58:06,500.0,116.0,B
2021-07-14T13:57:32,1000.0,116.0,B
2021-07-14T13:56:56,200.0,116.0,B
2021-07-14T13:56:37,200.0,116.0,B
2021-07-14T13:56:37,300.0,116.0,B
2021-07-14T13:56:11,100.0,116.0,B
2021-07-14T13:55:43,300.0,116.0,B
2021-07-14T13:55:07,500.0,116.0,B
2021-07-14T13:54:30,500.0,116.0,B
2021-07-14T13:54:28,1900.0,116.0,S
2021-07-14T13:54:19,1000.0,116.0,S
2021-07-14T13:54:12,100.0,116.0,B
2021-07-14T13:53:49,500.0,116.0,B
2021-07-14T13:53:25,100.0,116.0,B
2021-07-14T13:53:19,1000.0,116.0,B
2021-07-14T13:52:56,200.0,116.0,B
2021-07-14T13:52:45,1000.0,116.0,B
2021-07-14T13:52:44,100.0,116.0,B
2021-07-14T13:52:38,300.0,116.0,B
2021-07-14T13:52:31,500.0,116.0,S
2021-07-14T13:52:31,600.0,116.0,S
2021-07-14T13:52:31,300.0,116.0,S
2021-07-14T13:52:31,300.0,116.0,S
2021-07-14T13:52:25,10000.0,116.0,S
2021-07-14T13:52:18,3900.0,116.3,S
2021-07-14T13:52:18,5100.0,116.5,S
2021-07-14T13:52:18,1000.0,116.6,S
2021-07-14T13:51:50,100.0,116.8,S
2021-07-14T13:51:08,100.0,117.0,B
2021-07-14T13:50:26,2000.0,116.8,B
2021-07-14T13:50:19,3000.0,116.8,S
2021-07-14T13:50:15,200.0,117.0,B
2021-07-14T13:49:39,100.0,117.0,B
2021-07-14T13:49:25,200.0,117.0,S
2021-07-14T13:49:00,500.0,117.3,B
2021-07-14T13:48:55,5000.0,117.0,S
2021-07-14T13:48:17,200.0,117.7,B
2021-07-14T13:46:41,700.0,117.7,B
2021-07-14T13:45:33,400.0,117.0,B
2021-07-14T13:45:07,3000.0,117.0,B
2021-07-14T13:44:54,100.0,117.0,B
2021-07-14T13:44:53,100.0,117.0,B
2021-07-14T13:44:44,100.0,117.0,B
2021-07-14T13:44:37,100.0,117.0,B
2021-07-14T13:44:34,100.0,117.0,B
2021-07-14T13:44:30,100.0,117.0,B
2021-07-14T13:44:18,5200.0,117.0,S
2021-07-14T13:44:18,100.0,117.0,S
2021-07-14T13:44:18,13000.0,117.0,S
2021-07-14T13:44:18,5700.0,117.1,S
2021-07-14T13:44:12,100.0,117.7,B
2021-07-14T13:43:54,100.0,117.7,B
2021-07-14T13:43:49,100.0,117.7,B
2021-07-14T13:43:46,100.0,117.7,B
2021-07-14T13:43:39,100.0,117.7,B
2021-07-14T13:43:33,100.0,117.7,B
2021-07-14T13:43:33,4000.0,117.2,S
2021-07-14T13:43:27,500.0,117.7,B
2021-07-14T13:43:18,100.0,117.7,B
2021-07-14T13:43:09,100.0,117.7,B
2021-07-14T13:43:05,100.0,117.7,B
2021-07-14T13:42:54,100.0,117.7,B
2021-07-14T13:42:52,100.0,117.7,B
2021-07-14T13:42:48,500.0,117.7,B
2021-07-14T13:42:34,200.0,117.7,B
2021-07-14T13:42:30,200.0,117.7,B
2021-07-14T13:42:26,100.0,117.7,B
2021-07-14T13:42:17,100.0,117.7,B
2021-07-14T13:42:09,100.0,117.7,B
2021-07-14T13:42:03,100.0,117.7,B
2021-07-14T13:41:58,100.0,117.7,B
2021-07-14T13:41:41,10600.0,117.3,S
2021-07-14T13:41:21,100.0,117.7,B
2021-07-14T13:40:55,1000.0,117.8,B
2021-07-14T13:40:34,300.0,117.8,B
2021-07-14T13:39:48,2000.0,117.8,B
2021-07-14T13:39:46,500.0,117.8,B
2021-07-14T13:39:39,300.0,117.8,S
2021-07-14T13:39:05,100.0,117.9,B
2021-07-14T13:38:58,100.0,117.9,B
2021-07-14T13:38:55,100.0,117.9,B
2021-07-14T13:38:48,100.0,117.9,B
2021-07-14T13:38:41,5000.0,117.8,S
2021-07-14T13:38:41,100.0,117.9,B
2021-07-14T13:37:57,500.0,117.9,B
2021-07-14T13:37:40,1500.0,117.9,S
2021-07-14T13:37:35,500.0,117.9,S
2021-07-14T13:37:35,2500.0,117.9,S
2021-07-14T13:36:28,2300.0,118.0,S
2021-07-14T13:36:28,9800.0,118.0,S
2021-07-14T13:36:28,500.0,118.1,S
2021-07-14T13:36:23,1000.0,118.1,S
2021-07-14T13:36:20,900.0,118.1,S
2021-07-14T13:36:03,1600.0,119.7,B
2021-07-14T13:35:45,900.0,118.1,S
2021-07-14T13:35:44,7000.0,118.2,S
2021-07-14T13:35:38,2500.0,119.7,B
2021-07-14T13:35:10,500.0,118.5,S
2021-07-14T13:35:08,1000.0,119.7,S
2021-07-14T13:34:52,1900.0,119.4,B
2021-07-14T13:34:49,1100.0,119.4,S
2021-07-14T13:34:39,1500.0,119.6,B
2021-07-14T13:34:35,1800.0,119.6,S
2021-07-14T13:34:18,3000.0,119.6,S
2021-07-14T13:34:01,1100.0,119.6,B
2021-07-14T13:33:55,1100.0,119.6,B
2021-07-14T13:33:55,100.0,119.6,S
2021-07-14T13:33:48,1800.0,119.6,S
2021-07-14T13:33:37,1700.0,119.6,B
2021-07-14T13:33:25,1400.0,119.5,B
2021-07-14T13:32:39,2700.0,119.6,B
2021-07-14T13:32:27,1800.0,119.5,B
2021-07-14T13:32:26,500.0,119.5,B
2021-07-14T13:32:10,1600.0,119.6,B
2021-07-14T13:32:10,1400.0,119.5,B
2021-07-14T13:31:57,2100.0,119.5,B
2021-07-14T13:31:43,500.0,119.4,S
2021-07-14T13:31:28,1600.0,119.5,B
2021-07-14T13:30:46,300.0,119.5,S
2021-07-14T13:30:21,2800.0,119.5,S
2021-07-14T13:29:15,2000.0,119.5,S
2021-07-14T13:28:58,1500.0,119.5,B
2021-07-14T13:28:44,1800.0,119.5,S
2021-07-14T13:28:20,3000.0,119.5,S
2021-07-14T13:28:12,200.0,119.5,S
2021-07-14T13:27:51,3600.0,119.4,S
2021-07-14T13:26:54,500.0,119.4,B
2021-07-14T13:26:45,100.0,119.4,B
2021-07-14T13:26:41,100.0,119.4,B
2021-07-14T13:26:40,500.0,119.4,B
2021-07-14T13:26:34,100.0,119.4,B
2021-07-14T13:26:29,100.0,119.4,B
2021-07-14T13:26:23,100.0,119.4,B
2021-07-14T13:26:11,100.0,119.4,B
2021-07-14T13:26:06,100.0,119.4,B
2021-07-14T13:25:56,100.0,119.6,B
2021-07-14T13:25:50,100.0,119.6,B
2021-07-14T13:25:49,100.0,119.6,B
2021-07-14T13:25:10,100.0,119.6,B
2021-07-14T13:25:01,200.0,119.6,B
2021-07-14T13:24:50,200.0,119.6,B
2021-07-14T13:24:45,500.0,119.6,B
2021-07-14T13:24:38,2600.0,119.5,B
2021-07-14T13:24:23,2500.0,119.5,B
2021-07-14T13:24:03,100.0,119.4,B
2021-07-14T13:23:55,200.0,119.4,B
2021-07-14T13:23:48,200.0,119.4,B
2021-07-14T13:23:32,100.0,119.4,B
2021-07-14T13:23:23,500.0,119.4,B
2021-07-14T13:23:16,500.0,119.4,B
2021-07-14T13:23:09,200.0,119.4,B
2021-07-14T13:23:05,200.0,119.4,B
2021-07-14T13:23:05,500.0,119.4,B
2021-07-14T13:22:44,100.0,119.4,B
2021-07-14T13:22:33,100.0,119.5,B
2021-07-14T13:22:23,100.0,119.5,B
2021-07-14T13:22:22,100.0,119.5,B
2021-07-14T13:22:13,100.0,119.5,B
2021-07-14T13:21:45,1500.0,119.5,S
2021-07-14T13:21:30,500.0,119.5,B
2021-07-14T13:21:22,500.0,119.5,B
2021-07-14T13:20:29,3000.0,119.5,B
2021-07-14T13:20:18,2300.0,119.5,B
2021-07-14T13:19:18,3000.0,119.5,B
2021-07-14T13:18:11,200.0,119.5,S
2021-07-14T13:17:51,2000.0,119.5,B
2021-07-14T13:17:37,800.0,119.5,S
2021-07-14T13:17:37,1200.0,119.5,B
2021-07-14T13:17:23,1400.0,119.5,B
2021-07-14T13:17:09,2300.0,119.5,B
2021-07-14T13:16:57,2600.0,119.5,B
2021-07-14T13:15:52,500.0,119.5,B
2021-07-14T13:15:46,700.0,118.0,S
2021-07-14T13:15:31,900.0,118.0,S
2021-07-14T13:15:29,900.0,118.0,S
2021-07-14T13:15:28,400.0,119.5,S
2021-07-14T13:15:21,2000.0,119.5,B
2021-07-14T13:15:11,900.0,118.1,S
2021-07-14T13:14:49,900.0,118.0,S
2021-07-14T13:14:36,2300.0,119.5,B
2021-07-14T13:14:16,2800.0,119.5,B
2021-07-14T13:14:12,900.0,118.0,S
2021-07-14T13:13:41,1300.0,119.5,S
2021-07-14T13:13:26,1700.0,119.5,B
2021-07-14T13:13:15,2400.0,119.5,B
2021-07-14T13:12:59,900.0,119.5,B
2021-07-14T13:12:51,1400.0,119.5,B
2021-07-14T13:12:39,200.0,119.5,B
2021-07-14T13:12:29,1700.0,119.5,S
2021-07-14T13:12:25,900.0,119.5,B
2021-07-14T13:12:06,500.0,118.0,S
2021-07-14T13:12:05,1700.0,119.5,B
2021-07-14T13:12:03,900.0,118.0,S
2021-07-14T13:11:43,400.0,119.5,B
2021-07-14T13:11:41,900.0,119.5,S
2021-07-14T13:11:40,500.0,119.5,S
2021-07-14T13:11:31,400.0,119.5,B
2021-07-14T13:11:24,900.0,118.0,S
2021-07-14T13:11:14,1700.0,119.5,B
2021-07-14T13:10:53,300.0,119.5,S
2021-07-14T13:10:51,2000.0,119.5,B
2021-07-14T13:10:23,1000.0,119.5,B
2021-07-14T13:10:18,500.0,119.6,B
2021-07-14T13:09:35,700.0,119.5,S
2021-07-14T13:09:31,2500.0,119.5,B
2021-07-14T13:09:05,100.0,119.5,S
2021-07-14T13:08:30,1500.0,119.5,B
2021-07-14T13:08:30,900.0,119.5,B
2021-07-14T13:08:10,1500.0,119.5,S
2021-07-14T13:08:03,100.0,119.5,B
2021-07-14T13:08:03,400.0,119.5,B
2021-07-14T13:07:40,100.0,119.5,B
2021-07-14T13:07:34,200.0,119.5,B
2021-07-14T13:07:27,200.0,119.5,B
2021-07-14T13:07:07,500.0,119.5,B
2021-07-14T13:06:57,500.0,119.5,B
2021-07-14T13:06:56,100.0,119.5,B
2021-07-14T13:06:45,200.0,119.5,B
2021-07-14T13:06:38,200.0,119.4,S
2021-07-14T13:06:35,200.0,119.0,B
2021-07-14T13:06:35,300.0,119.0,B
2021-07-14T13:06:21,100.0,119.0,B
2021-07-14T13:06:14,100.0,119.0,B
2021-07-14T13:06:05,100.0,119.0,B
2021-07-14T13:05:58,600.0,119.0,B
2021-07-14T13:05:49,100.0,119.0,B
2021-07-14T13:04:43,2500.0,119.0,B
2021-07-14T13:04:38,100.0,119.0,B
2021-07-14T13:04:31,100.0,119.0,B
2021-07-14T13:04:25,100.0,119.0,B
2021-07-14T13:04:15,100.0,119.0,B
2021-07-14T13:04:10,500.0,119.0,B
2021-07-14T13:04:07,100.0,119.0,B
2021-07-14T13:00:13,2000.0,119.0,B
2021-07-14T11:30:00,200.0,119.0,B
2021-07-14T11:29:35,800.0,118.0,S
2021-07-14T11:29:28,200.0,118.1,S
2021-07-14T11:29:28,600.0,118.1,S
2021-07-14T11:29:25,900.0,118.1,S
2021-07-14T11:29:10,800.0,118.1,S
2021-07-14T11:29:01,800.0,118.1,S
2021-07-14T11:28:54,800.0,118.1,S
2021-07-14T11:28:54,100.0,118.1,S
2021-07-14T11:28:54,800.0,118.1,S
2021-07-14T11:28:48,900.0,118.1,S
2021-07-14T11:28:05,600.0,118.1,S
2021-07-14T11:28:05,100.0,118.3,S
2021-07-14T11:13:40,100.0,119.9,B
2021-07-14T11:13:33,100.0,119.9,B
2021-07-14T11:13:26,100.0,119.9,B
2021-07-14T11:13:18,100.0,119.9,B
2021-07-14T11:13:08,100.0,119.9,B
2021-07-14T11:12:20,100.0,119.9,B
2021-07-14T11:12:11,100.0,119.9,B
2021-07-14T11:12:03,2500.0,119.9,B
2021-07-14T11:12:03,100.0,119.9,B
2021-07-14T11:11:54,100.0,119.9,B
2021-07-14T11:11:39,100.0,119.9,B
2021-07-14T11:10:43,100.0,118.1,S
2021-07-14T11:01:36,100.0,118.1,S
2021-07-14T11:01:31,100.0,118.1,S
2021-07-14T11:01:26,100.0,118.1,S
2021-07-14T11:01:22,100.0,118.1,S
2021-07-14T11:01:19,100.0,118.1,S
2021-07-14T11:01:14,100.0,118.1,S
2021-07-14T11:01:08,100.0,118.1,S
2021-07-14T11:01:05,100.0,118.1,S
2021-07-14T11:01:01,800.0,118.1,S
2021-07-14T11:01:00,100.0,118.1,S
2021-07-14T11:00:55,100.0,118.1,S
2021-07-14T11:00:54,800.0,118.1,S
2021-07-14T11:00:53,900.0,118.1,S
2021-07-14T11:00:49,900.0,118.1,S
2021-07-14T11:00:47,800.0,118.1,S
2021-07-14T11:00:39,800.0,118.1,S
2021-07-14T11:00:37,900.0,118.1,S
2021-07-14T11:00:29,100.0,118.1,S
2021-07-14T11:00:24,100.0,118.1,S
2021-07-14T11:00:19,100.0,118.1,S
2021-07-14T11:00:16,100.0,118.1,S
2021-07-14T11:00:12,100.0,118.1,S
2021-07-14T11:00:08,100.0,118.1,S
2021-07-14T11:00:03,100.0,118.1,S
2021-07-14T10:59:59,100.0,118.1,S
2021-07-14T10:59:55,100.0,118.1,S
2021-07-14T10:59:51,100.0,118.1,S
2021-07-14T10:59:28,900.0,118.1,S
2021-07-14T10:59:27,800.0,118.1,S
2021-07-14T10:59:26,1000.0,118.1,S
2021-07-14T10:58:35,1000.0,118.2,S
2021-07-14T10:57:24,300.0,118.2,S
2021-07-14T10:53:54,100.0,118.1,S
2021-07-14T10:53:52,300.0,118.1,S
2021-07-14T10:53:44,300.0,118.1,S
2021-07-14T10:53:40,100.0,118.1,S
2021-07-14T10:53:40,200.0,118.1,S
2021-07-14T10:53:31,1000.0,118.1,S
2021-07-14T10:53:14,100.0,118.1,S
2021-07-14T10:53:09,300.0,118.1,S
2021-07-14T10:53:04,300.0,118.1,S
2021-07-14T10:53:00,300.0,118.1,S
2021-07-14T10:51:44,1300.0,120.0,S
2021-07-14T10:50:39,1700.0,120.0,B
2021-07-14T10:48:25,100.0,118.0,S
2021-07-14T10:48:19,300.0,118.0,S
2021-07-14T10:48:15,300.0,118.0,S
2021-07-14T10:48:11,300.0,118.0,S
2021-07-14T10:47:56,800.0,118.0,S
2021-07-14T10:47:52,100.0,118.0,S
2021-07-14T10:47:48,300.0,118.0,S
2021-07-14T10:47:47,1000.0,118.0,S
2021-07-14T10:47:43,300.0,118.2,S
2021-07-14T10:47:42,500.0,118.2,S
2021-07-14T10:47:38,300.0,118.2,S
2021-07-14T10:47:35,800.0,118.4,S
2021-07-14T10:47:28,700.0,118.4,S
2021-07-14T10:46:54,100.0,118.4,S
2021-07-14T10:46:49,300.0,118.4,S
2021-07-14T10:46:47,600.0,118.4,S
2021-07-14T10:46:44,300.0,118.4,S
2021-07-14T10:46:44,800.0,118.6,S
2021-07-14T10:46:40,300.0,118.6,S
2021-07-14T10:46:35,900.0,118.6,S
2021-07-14T10:46:29,1000.0,118.8,S
2021-07-14T10:46:29,100.0,118.8,S
2021-07-14T10:46:24,300.0,118.8,S
2021-07-14T10:46:23,800.0,118.8,S
2021-07-14T10:46:20,300.0,118.8,S
2021-07-14T10:46:20,200.0,119.0,S
2021-07-14T10:46:20,700.0,119.0,S
2021-07-14T10:46:17,1000.0,119.0,S
2021-07-14T10:46:17,800.0,119.0,S
2021-07-14T10:46:16,300.0,119.0,S
2021-07-14T10:46:10,800.0,119.0,S
2021-07-14T10:46:06,100.0,119.1,S
2021-07-14T10:46:03,500.0,119.1,S
2021-07-14T10:46:02,300.0,119.1,S
2021-07-14T10:45:59,300.0,119.1,S
2021-07-14T10:45:55,900.0,119.1,S
2021-07-14T10:45:55,300.0,119.1,S
2021-07-14T10:45:54,1500.0,119.1,S
2021-07-14T10:45:47,700.0,119.3,S
2021-07-14T10:45:43,800.0,119.3,S
2021-07-14T10:45:33,200.0,119.5,S
2021-07-14T10:45:33,1000.0,119.5,S
2021-07-14T10:45:29,900.0,119.5,S
2021-07-14T10:45:29,200.0,119.5,S
2021-07-14T10:45:25,200.0,119.5,S
2021-07-14T10:45:22,200.0,119.5,S
2021-07-14T10:45:17,200.0,119.5,S
2021-07-14T10:45:12,200.0,119.5,S
2021-07-14T10:44:37,100.0,119.5,S
2021-07-14T10:36:52,900.0,119.5,S
2021-07-14T10:35:42,100.0,120.0,S
2021-07-14T10:35:41,1800.0,120.2,B
2021-07-14T10:35:27,1400.0,120.2,B
2021-07-14T10:35:13,2500.0,120.2,B
2021-07-14T10:34:42,100.0,120.1,B
2021-07-14T10:34:24,500.0,120.1,B
2021-07-14T10:31:28,200.0,120.3,S
2021-07-14T10:31:13,1700.0,120.3,B
2021-07-14T10:31:01,2400.0,120.3,B
2021-07-14T10:30:55,300.0,120.0,S
2021-07-14T10:30:55,300.0,120.0,S
2021-07-14T10:30:17,1600.0,120.3,B
2021-07-14T10:30:08,2200.0,120.3,B
2021-07-14T10:29:39,200.0,120.3,B
2021-07-14T10:29:39,1600.0,120.3,B
2021-07-14T10:29:07,1000.0,120.3,B
2021-07-14T10:28:49,2500.0,120.3,B
2021-07-14T10:27:42,3000.0,120.2,B
2021-07-14T10:27:31,2200.0,120.2,B
2021-07-14T10:26:16,300.0,120.2,B
2021-07-14T10:26:15,1800.0,120.2,B
2021-07-14T10:26:02,2700.0,120.2,B
2021-07-14T10:26:02,300.0,120.2,B
2021-07-14T10:25:13,100.0,120.2,S
2021-07-14T10:24:39,1300.0,120.2,B
2021-07-14T10:24:39,400.0,120.2,B
2021-07-14T10:24:24,2600.0,120.2,B
2021-07-14T10:23:59,1000.0,120.2,S
2021-07-14T10:23:49,700.0,120.2,S
2021-07-14T10:23:41,2400.0,120.2,B
2021-07-14T10:23:20,1900.0,120.2,B
2021-07-14T10:23:04,2400.0,120.2,B
2021-07-14T10:22:56,1700.0,120.2,B
2021-07-14T10:22:42,2500.0,120.2,B
2021-07-14T10:22:32,500.0,120.2,B
2021-07-14T10:22:32,1300.0,120.2,B
2021-07-14T10:22:19,1200.0,120.2,B
2021-07-14T10:22:19,1500.0,120.2,B
2021-07-14T10:22:02,3200.0,120.2,B
2021-07-14T10:21:52,2600.0,120.2,B
2021-07-14T10:21:32,2400.0,120.2,B
2021-07-14T10:21:23,1100.0,120.2,B
2021-07-14T10:21:06,3000.0,120.2,B
2021-07-14T10:20:56,2500.0,120.2,B
2021-07-14T10:20:24,200.0,120.2,B
2021-07-14T10:19:21,100.0,120.3,B
2021-07-14T10:19:14,100.0,120.3,B
2021-07-14T10:19:01,100.0,120.3,B
2021-07-14T10:18:48,100.0,120.3,B
2021-07-14T10:18:38,100.0,120.3,B
2021-07-14T10:18:37,100.0,120.0,B
2021-07-14T10:15:31,1500.0,120.3,B
2021-07-14T10:15:23,800.0,120.3,B
2021-07-14T10:15:09,800.0,120.3,B
2021-07-14T10:13:51,800.0,120.3,B
2021-07-14T10:13:42,800.0,120.3,B
2021-07-14T10:13:00,800.0,120.2,B
2021-07-14T10:12:49,800.0,120.2,B
2021-07-14T10:12:39,800.0,120.2,B
2021-07-14T10:12:07,800.0,120.2,B
2021-07-14T10:10:39,600.0,119.9,S
2021-07-14T10:10:18,200.0,119.9,S
2021-07-14T10:07:48,800.0,120.2,B
2021-07-14T10:06:40,100.0,120.1,B
2021-07-14T10:05:21,100.0,120.1,B
2021-07-14T10:05:16,100.0,120.1,B
2021-07-14T10:05:10,100.0,120.1,B
2021-07-14T10:05:03,100.0,120.1,B
2021-07-14T10:04:56,100.0,120.1,B
2021-07-14T10:00:42,100.0,120.3,B
2021-07-14T09:58:09,100.0,120.3,B
2021-07-14T09:57:58,1100.0,120.3,S
2021-07-14T09:57:47,1000.0,120.3,S
2021-07-14T09:57:36,2000.0,120.3,S
2021-07-14T09:57:26,1300.0,120.3,S
2021-07-14T09:57:15,4600.0,120.3,B
2021-07-14T09:56:23,1600.0,120.3,S
2021-07-14T09:55:56,100.0,120.3,S
2021-07-14T09:55:48,1000.0,120.3,S
2021-07-14T09:55:37,1900.0,120.3,S
2021-07-14T09:55:13,2000.0,120.3,S
2021-07-14T09:55:13,100.0,120.3,S
2021-07-14T09:55:08,1200.0,120.3,S
2021-07-14T09:53:51,3600.0,120.3,B
2021-07-14T09:53:51,1300.0,120.3,B
2021-07-14T09:51:59,3700.0,120.3,S
2021-07-14T09:51:45,5000.0,120.3,S
2021-07-14T09:51:07,2000.0,120.4,B
2021-07-14T09:50:34,300.0,120.4,B
2021-07-14T09:50:24,4400.0,120.3,B
2021-07-14T09:49:54,500.0,120.3,B
2021-07-14T09:49:50,400.0,120.3,B
2021-07-14T09:48:55,2500.0,120.3,S
2021-07-14T09:48:47,200.0,120.3,S
2021-07-14T09:48:33,1300.0,120.3,S
2021-07-14T09:47:29,3300.0,120.3,S
2021-07-14T09:47:04,1400.0,120.3,B
2021-07-14T09:47:04,3500.0,120.3,B
2021-07-14T09:46:09,1200.0,120.2,B
2021-07-14T09:45:12,1900.0,120.2,B
2021-07-14T09:44:43,5000.0,120.2,S
2021-07-14T09:44:19,1800.0,120.3,B
2021-07-14T09:43:55,5500.0,120.2,S
2021-07-14T09:43:49,100.0,120.2,S
2021-07-14T09:43:41,600.0,120.2,S
2021-07-14T09:40:37,2700.0,120.3,S
2021-07-14T09:40:25,3800.0,120.3,S
2021-07-14T09:40:14,200.0,120.3,S
2021-07-14T09:40:11,100.0,120.3,B
2021-07-14T09:40:11,2300.0,120.3,B
2021-07-14T09:40:11,3300.0,120.3,B
2021-07-14T09:40:11,900.0,120.3,B
2021-07-14T09:37:27,1000.0,119.9,S
2021-07-14T09:36:59,2500.0,120.3,S
2021-07-14T09:36:53,2400.0,120.3,S
2021-07-14T09:36:43,2700.0,120.3,S
2021-07-14T09:36:32,6000.0,120.3,B
2021-07-14T09:36:32,200.0,120.3,B
2021-07-14T09:33:19,4800.0,120.3,S
2021-07-14T09:33:19,100.0,120.3,S
2021-07-14T09:33:12,3000.0,120.3,S
2021-07-14T09:33:03,5000.0,120.3,S
2021-07-14T09:32:58,1500.0,120.3,B
2021-07-14T09:32:53,100.0,120.0,S
2021-07-14T09:32:06,100.0,120.0,S
2021-07-14T09:31:41,500.0,120.3,S
2021-07-14T09:31:39,200.0,120.3,S
2021-07-14T09:31:09,1300.0,120.3,S
2021-07-14T09:31:02,5000.0,120.3,S
2021-07-14T09:31:01,200.0,120.3,S
2021-07-14T09:30:23,1000.0,120.3,S
2021-07-14T09:30:09,500.0,120.3,S
2021-07-14T09:30:04,2900.0,120.3,S
2021-07-14T09:29:45,100.0,120.4,B
2021-07-14T09:29:39,1000.0,120.3,B
2021-07-14T09:28:38,5000.0,120.0,S
2021-07-14T09:28:03,200.0,120.4,B
2021-07-14T09:27:59,700.0,120.4,S
2021-07-14T09:27:54,5000.0,120.4,S
2021-07-14T09:27:42,5000.0,120.4,S
2021-07-14T09:27:39,1000.0,120.4,S
2021-07-14T09:27:06,1900.0,120.4,S
2021-07-14T09:26:40,3000.0,120.4,B
2021-07-14T09:25:59,100.0,120.5,B
2021-07-14T09:25:55,100.0,120.5,B
2021-07-14T09:25:51,100.0,120.5,B
2021-07-14T09:25:47,100.0,120.5,B
2021-07-14T09:25:44,100.0,120.5,B
2021-07-14T09:25:43,800.0,120.5,B
2021-07-14T09:25:29,800.0,120.3,B
2021-07-14T09:25:16,800.0,120.3,B
2021-07-14T09:25:10,100.0,120.3,B
2021-07-14T09:25:07,100.0,120.3,B
2021-07-14T09:25:06,1500.0,120.3,B
2021-07-14T09:25:02,100.0,120.1,B
2021-07-14T09:25:00,1000.0,120.0,S
2021-07-14T09:24:57,100.0,120.1,B
2021-07-14T09:24:52,100.0,120.1,B
2021-07-14T09:24:31,100.0,120.1,B
2021-07-14T09:24:28,100.0,120.1,B
2021-07-14T09:24:23,100.0,120.0,B
2021-07-14T09:24:23,1300.0,120.0,B
2021-07-14T09:24:23,400.0,120.0,B
2021-07-14T09:24:23,100.0,120.0,B
2021-07-14T09:24:19,3500.0,119.9,S
2021-07-14T09:24:19,100.0,120.0,B
2021-07-14T09:24:13,100.0,120.0,B
2021-07-14T09:23:55,3300.0,119.9,S
2021-07-14T09:23:31,100.0,120.0,B
2021-07-14T09:23:27,3600.0,119.9,S
2021-07-14T09:23:26,100.0,120.0,B
2021-07-14T09:23:21,100.0,120.0,B
2021-07-14T09:23:15,100.0,120.0,B
2021-07-14T09:23:15,1700.0,119.9,B
2021-07-14T09:23:12,1300.0,119.9,B
2021-07-14T09:23:11,100.0,119.9,B
2021-07-14T09:23:02,2000.0,119.9,B
2021-07-14T09:22:24,100.0,119.9,B
2021-07-14T09:22:18,100.0,119.9,B
2021-07-14T09:22:13,100.0,119.9,B
2021-07-14T09:22:11,1800.0,119.5,S
2021-07-14T09:22:11,200.0,119.8,S
2021-07-14T09:22:09,100.0,119.9,B
2021-07-14T09:22:00,100.0,119.9,B
2021-07-14T09:19:50,1000.0,119.9,S
2021-07-14T09:19:34,100.0,119.9,S
2021-07-14T09:19:33,1000.0,119.9,S
2021-07-14T09:19:17,1400.0,119.9,S
2021-07-14T09:18:55,900.0,119.9,S
2021-07-14T09:18:32,2000.0,119.9,S
2021-07-14T09:17:04,900.0,120.0,B
2021-07-14T09:16:26,100.0,119.9,S
2021-07-14T09:16:26,1000.0,120.0,B
