tradingTime,volume,price,side
2021-07-09T11:28:15,2000.0,29.3,B
2021-07-09T11:27:33,200.0,29.3,S
2021-07-09T11:27:33,900.0,29.3,S
2021-07-09T11:27:23,3000.0,29.3,S
2021-07-09T11:27:11,2100.0,29.3,S
2021-07-09T11:26:58,19000.0,29.3,S
2021-07-09T11:26:48,1300.0,29.35,S
2021-07-09T11:26:44,5000.0,29.35,S
2021-07-09T11:22:24,100.0,29.4,B
2021-07-09T11:22:06,2000.0,29.4,B
2021-07-09T11:20:59,600.0,29.4,S
2021-07-09T11:20:35,100.0,29.4,S
2021-07-09T11:20:24,1000.0,29.4,S
2021-07-09T11:20:17,100.0,29.4,S
2021-07-09T11:20:09,100.0,29.4,S
2021-07-09T11:19:57,100.0,29.4,S
2021-07-09T11:19:57,9900.0,29.4,S
2021-07-09T11:18:33,1000.0,29.45,B
2021-07-09T11:17:42,1000.0,29.45,B
2021-07-09T11:17:09,600.0,29.4,S
2021-07-09T11:17:09,600.0,29.4,S
2021-07-09T11:16:56,200.0,29.4,S
2021-07-09T11:16:39,200.0,29.4,S
2021-07-09T11:16:07,100.0,29.4,S
2021-07-09T11:15:00,1700.0,29.45,S
2021-07-09T11:14:44,2000.0,29.5,B
2021-07-09T11:14:08,200.0,29.45,S
2021-07-09T11:13:59,100.0,29.45,B
2021-07-09T11:13:58,200.0,29.45,S
2021-07-09T11:13:39,1000.0,29.45,S
2021-07-09T11:13:18,500.0,29.5,B
2021-07-09T11:13:17,1000.0,29.5,B
2021-07-09T11:13:16,4000.0,29.45,S
2021-07-09T11:12:40,100.0,29.5,B
2021-07-09T11:12:26,2000.0,29.5,B
2021-07-09T11:11:41,1000.0,29.5,B
2021-07-09T11:11:17,400.0,29.5,B
2021-07-09T11:11:05,1000.0,29.45,S
2021-07-09T11:11:00,600.0,29.5,B
2021-07-09T11:11:00,200.0,29.5,B
2021-07-09T11:11:00,1200.0,29.5,B
2021-07-09T11:10:58,300.0,29.5,B
2021-07-09T11:10:58,700.0,29.5,B
2021-07-09T11:10:40,1000.0,29.5,B
2021-07-09T11:09:53,100.0,29.5,B
2021-07-09T11:09:11,1000.0,29.5,B
2021-07-09T11:09:11,1100.0,29.5,B
2021-07-09T11:08:45,4200.0,29.5,B
2021-07-09T11:08:45,400.0,29.5,B
2021-07-09T11:08:45,13400.0,29.5,B
2021-07-09T11:08:21,1100.0,29.4,B
2021-07-09T11:07:50,1500.0,29.4,B
2021-07-09T11:07:47,3000.0,29.4,B
2021-07-09T11:07:28,3500.0,29.4,B
2021-07-09T11:07:19,1000.0,29.4,B
2021-07-09T11:07:10,300.0,29.4,B
2021-07-09T11:07:09,300.0,29.35,S
2021-07-09T11:07:03,500.0,29.35,S
2021-07-09T11:06:51,3500.0,29.4,B
2021-07-09T11:06:05,3300.0,29.35,B
2021-07-09T11:05:49,1000.0,29.35,B
2021-07-09T11:05:43,200.0,29.35,B
2021-07-09T11:05:28,100.0,29.35,B
2021-07-09T11:03:33,100.0,29.3,B
2021-07-09T11:03:33,400.0,29.3,B
2021-07-09T11:02:34,100.0,29.3,B
2021-07-09T11:02:34,600.0,29.3,B
2021-07-09T11:02:22,1000.0,29.3,B
2021-07-09T11:00:30,200.0,29.3,S
2021-07-09T11:00:18,500.0,29.3,S
2021-07-09T10:59:43,100.0,29.3,S
2021-07-09T10:57:21,100.0,29.3,S
2021-07-09T10:57:02,300.0,29.35,B
2021-07-09T10:55:49,300.0,29.35,B
2021-07-09T10:55:28,100.0,29.3,S
2021-07-09T10:55:22,100.0,29.3,S
2021-07-09T10:54:58,200.0,29.35,B
2021-07-09T10:54:23,800.0,29.35,B
2021-07-09T10:54:15,200.0,29.3,S
2021-07-09T10:54:03,1200.0,29.3,B
2021-07-09T10:54:03,400.0,29.3,B
2021-07-09T10:54:03,12900.0,29.3,B
2021-07-09T10:54:03,400.0,29.3,B
2021-07-09T10:54:03,200.0,29.3,B
2021-07-09T10:54:03,4300.0,29.3,B
2021-07-09T10:47:00,600.0,29.2,S
2021-07-09T10:46:43,500.0,29.2,S
2021-07-09T10:46:18,1000.0,29.3,B
2021-07-09T10:29:53,100.0,29.3,S
2021-07-09T10:28:52,100.0,29.3,B
2021-07-09T10:28:30,300.0,29.35,S
2021-07-09T10:28:28,2200.0,29.35,B
2021-07-09T10:27:56,700.0,29.3,B
2021-07-09T10:27:56,500.0,29.3,B
2021-07-09T10:27:56,2400.0,29.3,B
2021-07-09T10:27:56,3100.0,29.2,B
2021-07-09T10:27:56,1300.0,29.2,B
2021-07-09T10:26:27,400.0,29.2,B
2021-07-09T10:25:43,600.0,29.2,S
2021-07-09T10:25:19,500.0,29.2,S
2021-07-09T10:25:06,1500.0,29.2,S
2021-07-09T10:24:25,500.0,29.2,S
2021-07-09T10:23:51,1600.0,29.3,B
2021-07-09T10:23:32,1000.0,29.3,B
2021-07-09T10:23:14,1000.0,29.3,B
2021-07-09T10:22:55,1000.0,29.3,B
2021-07-09T10:22:22,3000.0,29.35,B
2021-07-09T10:22:00,2000.0,29.35,B
2021-07-09T10:21:56,2000.0,29.3,S
2021-07-09T10:21:30,3000.0,29.3,B
2021-07-09T10:20:57,2900.0,29.2,B
2021-07-09T10:20:04,300.0,28.6,S
2021-07-09T10:20:04,200.0,29.2,S
2021-07-09T10:19:48,1700.0,29.2,B
2021-07-09T10:19:48,1100.0,29.2,B
2021-07-09T10:19:40,2300.0,29.15,B
2021-07-09T10:18:38,1500.0,28.5,S
2021-07-09T10:18:38,5400.0,28.5,S
2021-07-09T10:18:38,1800.0,29.0,S
2021-07-09T10:18:38,5500.0,29.0,S
2021-07-09T10:18:33,200.0,29.2,B
2021-07-09T10:18:18,700.0,29.2,S
2021-07-09T10:17:23,100.0,29.3,B
2021-07-09T10:16:28,1000.0,29.3,B
2021-07-09T10:15:27,500.0,29.2,S
2021-07-09T10:15:16,900.0,29.3,S
2021-07-09T10:15:04,500.0,29.3,S
2021-07-09T10:14:50,500.0,29.3,S
2021-07-09T10:14:48,200.0,29.3,S
2021-07-09T10:14:23,200.0,29.3,S
2021-07-09T10:14:04,500.0,29.3,S
2021-07-09T10:13:37,1000.0,29.4,B
2021-07-09T10:13:11,2000.0,29.3,S
2021-07-09T10:13:00,200.0,29.3,S
2021-07-09T10:11:31,100.0,29.4,S
2021-07-09T10:10:21,1500.0,29.4,S
2021-07-09T10:10:21,500.0,29.4,S
2021-07-09T10:09:46,1000.0,29.45,B
2021-07-09T10:09:41,1000.0,29.45,B
2021-07-09T10:09:27,10000.0,29.5,B
2021-07-09T10:08:42,500.0,29.4,B
2021-07-09T10:08:42,3000.0,29.4,B
2021-07-09T10:08:42,6700.0,29.4,B
2021-07-09T10:08:42,3000.0,29.3,B
2021-07-09T10:08:42,500.0,29.3,B
2021-07-09T10:08:42,200.0,29.3,B
2021-07-09T10:08:42,2000.0,29.3,B
2021-07-09T10:08:42,500.0,29.3,B
2021-07-09T10:08:42,1600.0,29.3,B
2021-07-09T10:08:42,1500.0,29.3,B
2021-07-09T10:08:19,1000.0,29.2,B
2021-07-09T10:07:58,600.0,29.2,S
2021-07-09T10:07:55,200.0,29.2,S
2021-07-09T10:07:50,1500.0,29.2,S
2021-07-09T10:07:39,5000.0,29.2,S
2021-07-09T10:07:37,200.0,29.2,S
2021-07-09T10:07:10,500.0,29.2,S
2021-07-09T10:06:48,300.0,29.2,S
2021-07-09T10:06:33,100.0,29.3,B
2021-07-09T10:05:23,100.0,29.3,B
2021-07-09T10:05:20,500.0,29.3,B
2021-07-09T10:05:20,1400.0,29.3,B
2021-07-09T10:05:20,100.0,29.3,B
2021-07-09T10:04:55,100.0,29.3,B
2021-07-09T10:04:38,200.0,29.3,B
2021-07-09T10:03:47,1200.0,29.3,B
2021-07-09T10:03:15,100.0,29.2,S
2021-07-09T10:03:13,500.0,29.2,S
2021-07-09T10:02:49,600.0,29.2,S
2021-07-09T10:02:42,1600.0,29.2,B
2021-07-09T10:02:42,1900.0,29.2,B
2021-07-09T10:02:42,1000.0,29.15,B
2021-07-09T10:02:42,1000.0,29.15,B
2021-07-09T10:02:42,4500.0,29.1,B
2021-07-09T10:02:42,1000.0,29.1,B
2021-07-09T10:00:26,100.0,29.1,B
2021-07-09T09:59:40,2100.0,29.2,B
2021-07-09T09:59:40,7900.0,29.2,B
2021-07-09T09:59:07,1000.0,29.1,B
2021-07-09T09:58:50,100.0,29.0,B
2021-07-09T09:58:23,500.0,29.2,B
2021-07-09T09:58:17,400.0,29.2,B
2021-07-09T09:58:11,400.0,29.0,S
2021-07-09T09:58:11,600.0,29.1,S
2021-07-09T09:58:10,100.0,29.2,B
2021-07-09T09:58:00,100.0,29.1,B
2021-07-09T09:58:00,200.0,29.1,B
2021-07-09T09:57:52,9200.0,29.0,B
2021-07-09T09:57:38,1900.0,28.8,B
2021-07-09T09:57:20,9300.0,28.5,B
2021-07-09T09:56:16,1800.0,28.4,B
2021-07-09T09:53:38,200.0,28.4,B
2021-07-09T09:53:03,100.0,28.4,B
2021-07-09T09:52:17,1000.0,28.4,B
2021-07-09T09:51:26,500.0,28.4,B
2021-07-09T09:50:17,400.0,28.35,S
2021-07-09T09:49:41,2000.0,28.4,B
2021-07-09T09:49:02,1000.0,28.4,B
2021-07-09T09:48:03,6300.0,28.4,S
2021-07-09T09:47:54,500.0,28.4,B
2021-07-09T09:46:49,200.0,28.4,S
2021-07-09T09:45:04,2400.0,28.4,B
2021-07-09T09:42:19,100.0,28.4,B
2021-07-09T09:42:01,200.0,28.4,B
2021-07-09T09:41:38,100.0,28.4,B
2021-07-09T09:41:11,1000.0,28.4,B
2021-07-09T09:40:57,2000.0,28.4,B
2021-07-09T09:40:54,1000.0,28.35,S
2021-07-09T09:40:06,100.0,28.35,S
2021-07-09T09:39:59,200.0,28.35,S
2021-07-09T09:39:05,500.0,28.35,S
2021-07-09T09:38:56,1500.0,28.4,B
2021-07-09T09:36:25,100.0,28.4,B
2021-07-09T09:34:56,1000.0,28.5,B
2021-07-09T09:34:30,2000.0,28.5,B
2021-07-09T09:33:58,800.0,28.5,B
2021-07-09T09:33:47,200.0,28.5,B
2021-07-09T09:33:43,200.0,28.5,B
2021-07-09T09:33:38,200.0,28.5,B
2021-07-09T09:33:28,1400.0,28.5,S
2021-07-09T09:31:38,500.0,28.5,S
2021-07-09T09:29:01,1000.0,28.5,B
2021-07-09T09:29:01,100.0,28.5,B
2021-07-09T09:28:03,300.0,28.5,B
2021-07-09T09:27:54,200.0,28.5,B
2021-07-09T09:25:57,300.0,28.5,B
2021-07-09T09:25:35,2000.0,28.5,B
2021-07-09T09:25:31,300.0,28.45,B
2021-07-09T09:23:00,1000.0,28.5,B
2021-07-09T09:21:26,400.0,28.5,B
2021-07-09T09:20:43,100.0,28.5,B
2021-07-09T09:20:05,500.0,28.5,S
2021-07-09T09:19:20,1500.0,28.55,S
2021-07-09T09:18:37,600.0,28.55,B
2021-07-09T09:17:37,500.0,28.55,B
2021-07-09T09:15:04,100.0,28.55,B
