tradingTime,volume,price,side
2021-07-09T11:29:52,400.0,56.1,B
2021-07-09T11:29:48,2700.0,56.1,B
2021-07-09T11:29:45,900.0,56.1,S
2021-07-09T11:29:45,2100.0,56.1,B
2021-07-09T11:29:43,1400.0,56.1,S
2021-07-09T11:29:28,3600.0,56.1,B
2021-07-09T11:29:13,8200.0,56.0,B
2021-07-09T11:29:06,3500.0,56.0,B
2021-07-09T11:29:05,1300.0,56.0,B
2021-07-09T11:29:04,300.0,56.0,B
2021-07-09T11:26:57,2800.0,56.0,B
2021-07-09T11:26:53,5500.0,56.0,B
2021-07-09T11:26:49,1300.0,56.0,S
2021-07-09T11:26:19,8700.0,56.0,B
2021-07-09T11:26:04,2600.0,56.0,B
2021-07-09T11:25:55,3300.0,55.9,S
2021-07-09T11:25:47,900.0,55.8,B
2021-07-09T11:24:06,5700.0,55.8,B
2021-07-09T11:23:59,3000.0,55.8,B
2021-07-09T11:23:53,700.0,55.8,S
2021-07-09T11:23:50,1800.0,55.8,S
2021-07-09T11:23:26,2000.0,55.9,B
2021-07-09T11:23:15,1700.0,55.9,S
2021-07-09T11:23:13,900.0,55.9,B
2021-07-09T11:22:06,3000.0,55.9,B
2021-07-09T11:22:00,600.0,55.9,B
2021-07-09T11:21:34,600.0,55.9,B
2021-07-09T11:20:50,1000.0,55.9,B
2021-07-09T11:20:48,5700.0,55.9,B
2021-07-09T11:20:42,3000.0,55.9,B
2021-07-09T11:20:36,800.0,55.9,S
2021-07-09T11:20:31,2000.0,55.9,S
2021-07-09T11:20:23,2100.0,56.0,S
2021-07-09T11:19:57,2500.0,56.1,B
2021-07-09T11:19:53,4900.0,56.1,S
2021-07-09T11:19:53,600.0,56.1,B
2021-07-09T11:19:48,2000.0,56.1,B
2021-07-09T11:19:47,400.0,56.1,S
2021-07-09T11:19:34,5200.0,56.1,B
2021-07-09T11:19:26,7900.0,56.0,B
2021-07-09T11:19:18,2800.0,56.0,B
2021-07-09T11:19:15,5200.0,56.0,S
2021-07-09T11:19:08,4500.0,56.0,S
2021-07-09T11:15:16,1900.0,56.0,B
2021-07-09T11:15:05,1900.0,55.9,B
2021-07-09T11:13:26,400.0,55.8,S
2021-07-09T11:13:23,5000.0,55.8,B
2021-07-09T11:13:18,1500.0,55.8,S
2021-07-09T11:12:56,2000.0,55.8,B
2021-07-09T11:12:54,2400.0,55.8,B
2021-07-09T11:12:45,1600.0,55.8,S
2021-07-09T11:12:39,1900.0,55.9,S
2021-07-09T11:12:14,2100.0,55.9,B
2021-07-09T11:12:09,5700.0,55.9,S
2021-07-09T11:12:04,1400.0,55.9,S
2021-07-09T11:11:59,7900.0,55.9,S
2021-07-09T11:11:54,2500.0,55.9,S
2021-07-09T11:11:49,4000.0,55.9,S
2021-07-09T11:11:30,1100.0,56.0,S
2021-07-09T11:11:18,4900.0,56.0,B
2021-07-09T11:10:49,4800.0,56.0,S
2021-07-09T11:09:48,1800.0,56.1,S
2021-07-09T11:07:12,300.0,56.2,B
2021-07-09T11:06:23,300.0,56.2,B
2021-07-09T11:03:32,2400.0,56.2,B
2021-07-09T11:03:24,7000.0,56.2,S
2021-07-09T11:03:22,600.0,56.2,B
2021-07-09T11:03:04,1000.0,56.2,B
2021-07-09T11:02:58,5000.0,56.2,B
2021-07-09T11:02:53,300.0,56.2,B
2021-07-09T11:00:05,2700.0,56.2,S
2021-07-09T10:59:05,1300.0,56.2,S
2021-07-09T10:58:59,100.0,56.2,S
2021-07-09T10:58:49,8600.0,56.2,B
2021-07-09T10:57:12,200.0,56.2,S
2021-07-09T10:56:18,1000.0,56.2,S
2021-07-09T10:47:50,800.0,56.2,S
2021-07-09T10:45:15,100.0,56.3,S
2021-07-09T10:44:34,1600.0,56.3,B
2021-07-09T10:44:30,5000.0,56.3,B
2021-07-09T10:44:20,7000.0,56.2,B
2021-07-09T10:44:20,1300.0,56.2,B
2021-07-09T10:44:13,2700.0,56.2,S
2021-07-09T10:42:31,100.0,56.2,S
2021-07-09T10:42:27,2400.0,56.2,B
2021-07-09T10:42:23,2800.0,56.2,B
2021-07-09T10:42:21,5000.0,56.2,B
2021-07-09T10:42:11,1400.0,56.2,B
2021-07-09T10:42:08,500.0,56.2,B
2021-07-09T10:42:05,10000.0,56.2,B
2021-07-09T10:41:59,2500.0,56.2,S
2021-07-09T10:41:46,1400.0,56.3,S
2021-07-09T10:39:22,100.0,56.3,S
2021-07-09T10:37:00,100.0,56.3,S
2021-07-09T10:33:08,8400.0,56.3,B
2021-07-09T10:33:02,2600.0,56.3,B
2021-07-09T10:32:43,1500.0,56.4,S
2021-07-09T10:28:06,300.0,56.4,S
2021-07-09T10:27:44,100.0,56.5,B
2021-07-09T10:22:11,600.0,56.5,B
2021-07-09T10:20:38,2100.0,56.5,S
2021-07-09T10:20:33,500.0,56.6,S
2021-07-09T10:20:30,2900.0,56.6,S
2021-07-09T10:20:25,10000.0,56.6,S
2021-07-09T10:20:25,1600.0,56.6,S
2021-07-09T10:20:24,2200.0,56.6,S
2021-07-09T10:20:16,1400.0,56.6,B
2021-07-09T10:20:13,6500.0,56.6,B
2021-07-09T10:17:36,3000.0,56.6,B
2021-07-09T10:17:31,2300.0,56.6,B
2021-07-09T10:17:31,100.0,56.6,B
2021-07-09T10:17:26,5000.0,56.6,B
2021-07-09T10:17:25,100.0,56.6,S
2021-07-09T10:17:20,2900.0,56.6,S
2021-07-09T10:17:09,1500.0,56.6,B
2021-07-09T10:17:07,2300.0,56.6,B
2021-07-09T10:17:06,3200.0,56.6,B
2021-07-09T10:17:06,1300.0,56.6,B
2021-07-09T10:15:34,100.0,56.6,B
2021-07-09T10:14:38,2500.0,56.6,S
2021-07-09T10:14:30,7500.0,56.6,B
2021-07-09T10:14:20,1600.0,56.6,B
2021-07-09T10:14:17,3300.0,56.6,B
2021-07-09T10:14:16,600.0,56.6,S
2021-07-09T10:14:09,100.0,56.6,S
2021-07-09T10:14:05,2000.0,56.7,B
2021-07-09T10:14:00,7100.0,56.6,B
2021-07-09T10:12:33,300.0,56.6,S
2021-07-09T10:12:31,700.0,56.6,B
2021-07-09T10:12:27,3300.0,56.6,B
2021-07-09T10:12:26,800.0,56.6,S
2021-07-09T10:11:08,2100.0,56.6,B
2021-07-09T10:11:05,5000.0,56.6,B
2021-07-09T10:11:03,200.0,56.6,S
2021-07-09T10:10:58,2500.0,56.6,S
2021-07-09T10:10:52,7000.0,56.6,S
2021-07-09T10:10:48,300.0,56.6,S
2021-07-09T10:10:40,2000.0,56.6,B
2021-07-09T10:10:34,2500.0,56.5,S
2021-07-09T10:09:08,1000.0,56.5,B
2021-07-09T10:09:03,8800.0,56.4,B
2021-07-09T10:08:58,2000.0,56.4,B
2021-07-09T10:08:45,2400.0,56.3,S
2021-07-09T10:08:42,200.0,56.3,S
2021-07-09T10:08:38,3000.0,56.3,S
2021-07-09T10:08:31,7900.0,56.3,S
2021-07-09T10:08:24,1500.0,56.3,S
2021-07-09T10:08:21,3000.0,56.3,B
2021-07-09T10:08:13,1800.0,56.2,B
2021-07-09T10:08:11,1200.0,56.2,B
2021-07-09T10:08:08,3000.0,56.2,B
2021-07-09T10:08:03,1100.0,56.1,B
2021-07-09T10:08:00,5000.0,56.1,B
2021-07-09T10:07:44,1000.0,56.0,S
2021-07-09T10:07:39,1700.0,56.0,S
2021-07-09T10:07:37,2100.0,56.0,B
2021-07-09T10:07:30,7000.0,56.0,S
2021-07-09T10:07:29,900.0,56.0,B
2021-07-09T10:07:23,1800.0,56.0,B
2021-07-09T10:07:19,2300.0,56.0,B
2021-07-09T10:07:09,1300.0,55.9,B
2021-07-09T10:07:06,10000.0,55.9,B
2021-07-09T10:06:58,300.0,55.9,S
2021-07-09T10:06:26,9700.0,55.9,S
2021-07-09T10:06:14,3200.0,55.9,S
2021-07-09T10:05:36,1400.0,56.0,B
2021-07-09T10:03:49,6000.0,56.0,S
2021-07-09T10:03:49,2600.0,56.0,B
2021-07-09T10:03:40,1400.0,56.0,S
2021-07-09T10:02:25,900.0,56.1,B
2021-07-09T10:01:32,100.0,56.1,B
2021-07-09T10:00:43,2000.0,56.1,B
2021-07-09T10:00:36,9600.0,56.0,S
2021-07-09T10:00:28,1600.0,56.0,S
2021-07-09T10:00:11,3900.0,56.0,S
2021-07-09T09:59:59,2600.0,56.1,S
2021-07-09T09:59:59,900.0,56.1,S
2021-07-09T09:59:28,1000.0,56.3,B
2021-07-09T09:59:24,14000.0,56.2,S
2021-07-09T09:59:24,800.0,56.2,S
2021-07-09T09:59:18,5600.0,56.3,S
2021-07-09T09:59:11,1400.0,56.3,B
2021-07-09T09:59:08,3500.0,56.3,B
2021-07-09T09:57:55,1100.0,56.3,B
2021-07-09T09:57:32,400.0,56.3,B
2021-07-09T09:57:27,2300.0,56.3,B
2021-07-09T09:57:24,4300.0,56.3,B
2021-07-09T09:57:23,1100.0,56.3,B
2021-07-09T09:57:13,1200.0,56.2,S
2021-07-09T09:57:10,14300.0,56.2,B
2021-07-09T09:57:03,2300.0,56.2,S
2021-07-09T09:56:59,9700.0,56.2,B
2021-07-09T09:56:42,300.0,56.2,S
2021-07-09T09:56:06,1000.0,56.2,S
2021-07-09T09:55:28,300.0,56.2,S
2021-07-09T09:54:47,1000.0,56.3,B
2021-07-09T09:54:43,2500.0,56.3,B
2021-07-09T09:54:38,2900.0,56.3,S
2021-07-09T09:54:32,2100.0,56.3,B
2021-07-09T09:54:29,1900.0,56.3,S
2021-07-09T09:54:26,1500.0,56.4,B
2021-07-09T09:54:23,3200.0,56.4,B
2021-07-09T09:54:23,2100.0,56.4,S
2021-07-09T09:54:18,1300.0,56.4,B
2021-07-09T09:54:15,1500.0,56.4,B
2021-07-09T09:54:13,5600.0,56.4,S
2021-07-09T09:54:09,1000.0,56.4,S
2021-07-09T09:54:03,1800.0,56.4,S
2021-07-09T09:54:02,10200.0,56.4,S
2021-07-09T09:53:54,2200.0,56.4,B
2021-07-09T09:53:52,6000.0,56.4,S
2021-07-09T09:53:51,1100.0,56.4,S
2021-07-09T09:53:46,1800.0,56.5,B
2021-07-09T09:53:39,3200.0,56.5,B
2021-07-09T09:53:04,3800.0,56.5,S
2021-07-09T09:52:53,1100.0,56.5,S
2021-07-09T09:52:41,800.0,56.5,S
2021-07-09T09:52:39,3400.0,56.5,B
2021-07-09T09:52:36,3000.0,56.5,B
2021-07-09T09:52:33,10000.0,56.5,B
2021-07-09T09:52:31,1200.0,56.5,B
2021-07-09T09:52:27,3200.0,56.5,B
2021-07-09T09:52:09,2000.0,56.5,B
2021-07-09T09:52:03,8900.0,56.4,B
2021-07-09T09:50:15,2900.0,56.4,S
2021-07-09T09:49:56,600.0,56.5,S
2021-07-09T09:49:48,700.0,56.5,S
2021-07-09T09:49:45,10000.0,56.5,B
2021-07-09T09:49:36,1300.0,56.5,B
2021-07-09T09:48:11,100.0,56.6,B
2021-07-09T09:48:11,100.0,56.6,S
2021-07-09T09:47:19,4000.0,56.7,B
2021-07-09T09:47:16,3100.0,56.7,S
2021-07-09T09:47:04,8000.0,56.7,S
2021-07-09T09:46:58,1900.0,56.7,B
2021-07-09T09:46:26,2900.0,56.6,B
2021-07-09T09:46:10,1400.0,56.5,B
2021-07-09T09:46:06,5000.0,56.5,B
2021-07-09T09:45:31,8300.0,56.4,B
2021-07-09T09:45:22,2600.0,56.3,B
2021-07-09T09:43:43,9800.0,56.2,S
2021-07-09T09:42:51,1100.0,56.2,S
2021-07-09T09:41:58,4300.0,56.2,B
2021-07-09T09:41:37,3700.0,56.2,B
2021-07-09T09:39:49,1400.0,56.3,S
2021-07-09T09:38:39,3600.0,56.3,B
2021-07-09T09:38:36,2100.0,56.3,B
2021-07-09T09:38:35,1900.0,56.3,S
2021-07-09T09:38:34,2400.0,56.3,B
2021-07-09T09:38:31,500.0,56.3,S
2021-07-09T09:38:27,9500.0,56.3,B
2021-07-09T09:38:18,1500.0,56.3,B
2021-07-09T09:37:02,200.0,56.4,B
2021-07-09T09:36:54,8000.0,56.4,B
2021-07-09T09:36:54,1800.0,56.4,B
2021-07-09T09:36:45,2500.0,56.4,S
2021-07-09T09:36:39,1900.0,56.4,B
2021-07-09T09:36:35,1600.0,56.4,B
2021-07-09T09:36:33,2500.0,56.4,S
2021-07-09T09:36:33,1800.0,56.4,B
2021-07-09T09:36:28,300.0,56.4,S
2021-07-09T09:36:24,9700.0,56.4,B
2021-07-09T09:36:20,2300.0,56.4,S
2021-07-09T09:35:55,700.0,56.4,B
2021-07-09T09:35:55,3200.0,56.4,B
2021-07-09T09:35:52,5000.0,56.4,B
2021-07-09T09:35:18,2100.0,56.4,S
2021-07-09T09:34:58,300.0,56.5,B
2021-07-09T09:34:53,4700.0,56.5,B
2021-07-09T09:34:03,200.0,56.5,B
2021-07-09T09:33:48,2000.0,56.5,S
2021-07-09T09:33:45,100.0,56.6,S
2021-07-09T09:29:11,100.0,56.7,B
2021-07-09T09:29:07,1000.0,56.7,B
2021-07-09T09:27:08,100.0,56.7,B
2021-07-09T09:26:05,100.0,56.6,S
2021-07-09T09:25:49,1900.0,56.6,B
2021-07-09T09:25:46,5500.0,56.6,B
2021-07-09T09:25:44,600.0,56.6,S
2021-07-09T09:25:35,1700.0,56.7,S
2021-07-09T09:22:59,300.0,56.8,B
2021-07-09T09:22:45,100.0,56.7,S
2021-07-09T09:22:27,2300.0,56.8,B
2021-07-09T09:22:21,500.0,56.8,B
2021-07-09T09:22:19,5000.0,56.8,B
2021-07-09T09:22:13,200.0,56.7,B
2021-07-09T09:22:00,1000.0,56.7,B
2021-07-09T09:21:54,5000.0,56.7,B
2021-07-09T09:21:48,800.0,56.6,B
2021-07-09T09:20:39,2400.0,56.6,B
2021-07-09T09:20:34,1400.0,56.6,B
2021-07-09T09:20:30,5000.0,56.6,B
2021-07-09T09:20:26,200.0,56.5,B
2021-07-09T09:20:09,1000.0,56.5,B
2021-07-09T09:20:05,5000.0,56.5,B
2021-07-09T09:19:54,100.0,56.4,B
2021-07-09T09:19:50,2000.0,56.4,B
2021-07-09T09:19:45,3500.0,56.3,B
2021-07-09T09:19:38,100.0,56.2,S
2021-07-09T09:19:28,100.0,56.3,B
2021-07-09T09:19:09,200.0,56.3,B
2021-07-09T09:18:42,1600.0,56.2,B
2021-07-09T09:18:38,1500.0,56.1,B
2021-07-09T09:18:32,3300.0,56.1,B
2021-07-09T09:18:29,5500.0,56.1,B
2021-07-09T09:18:23,2500.0,56.1,B
2021-07-09T09:18:14,500.0,56.0,S
2021-07-09T09:18:13,9600.0,56.1,B
2021-07-09T09:18:06,3400.0,56.1,S
2021-07-09T09:17:56,4500.0,56.1,B
2021-07-09T09:17:53,400.0,56.1,S
2021-07-09T09:16:24,3000.0,56.2,B
2021-07-09T09:16:19,2100.0,56.2,S
2021-07-09T09:16:15,300.0,56.2,S
2021-07-09T09:16:13,500.0,56.2,B
2021-07-09T09:16:12,5000.0,56.2,B
2021-07-09T09:16:11,2200.0,56.2,S
2021-07-09T09:16:03,1000.0,56.3,S
2021-07-09T09:15:57,1600.0,56.3,B
2021-07-09T09:15:53,4500.0,56.3,B
2021-07-09T09:15:50,25000.0,56.3,B
2021-07-09T09:15:44,2800.0,56.3,B
2021-07-09T09:15:40,2500.0,56.3,B
2021-07-09T09:15:38,10000.0,56.3,B
2021-07-09T09:15:36,3600.0,56.3,S
2021-07-09T09:15:34,6400.0,56.3,B
2021-07-09T09:15:33,600.0,56.3,S
2021-07-09T09:15:24,3500.0,56.3,S
2021-07-09T09:15:10,3500.0,56.4,S
