tradingTime,volume,price,side
2021-07-09T11:29:11,3500.0,8.9,B
2021-07-09T11:27:12,3500.0,8.8,S
2021-07-09T11:26:29,3500.0,8.9,B
2021-07-09T11:25:59,3000.0,8.9,B
2021-07-09T11:24:41,1600.0,8.8,S
2021-07-09T11:23:35,1000.0,8.8,S
2021-07-09T11:23:34,4000.0,8.9,B
2021-07-09T11:23:02,800.0,8.8,S
2021-07-09T11:22:35,400.0,8.8,S
2021-07-09T11:22:26,200.0,8.8,S
2021-07-09T11:21:57,3700.0,8.8,S
2021-07-09T11:21:41,1000.0,8.8,S
2021-07-09T11:21:26,100.0,8.9,B
2021-07-09T11:19:42,600.0,8.9,B
2021-07-09T11:19:02,900.0,8.9,B
2021-07-09T11:18:55,94300.0,8.8,S
2021-07-09T11:18:30,10000.0,8.8,S
2021-07-09T11:18:16,1700.0,8.8,S
2021-07-09T11:18:09,90000.0,8.8,S
2021-07-09T11:18:01,10000.0,8.8,S
2021-07-09T11:17:28,1700.0,8.8,S
2021-07-09T11:15:43,1000.0,8.9,B
2021-07-09T11:15:32,12000.0,8.9,B
2021-07-09T11:15:21,300.0,8.9,B
2021-07-09T11:15:18,1300.0,8.9,B
2021-07-09T11:13:48,1000.0,8.9,B
2021-07-09T11:13:24,100.0,8.9,B
2021-07-09T11:13:09,200.0,8.9,B
2021-07-09T11:11:22,100.0,8.9,B
2021-07-09T11:10:58,100.0,8.9,B
2021-07-09T11:10:41,100.0,8.9,B
2021-07-09T11:10:18,200.0,8.9,B
2021-07-09T11:10:12,100.0,8.9,B
2021-07-09T11:09:43,1000.0,8.9,B
2021-07-09T11:09:19,100.0,8.9,B
2021-07-09T11:09:10,200.0,8.9,B
2021-07-09T11:07:59,37900.0,8.9,S
2021-07-09T11:07:57,35000.0,8.9,S
2021-07-09T11:07:19,100000.0,8.9,S
2021-07-09T11:06:29,10000.0,8.9,S
2021-07-09T11:05:26,1000.0,8.9,S
2021-07-09T11:01:53,9000.0,8.9,S
2021-07-09T10:59:59,200.0,8.9,S
2021-07-09T10:57:54,1000.0,8.9,S
2021-07-09T10:57:45,200.0,8.9,S
2021-07-09T10:57:09,100.0,8.9,S
2021-07-09T10:56:41,1100.0,8.9,S
2021-07-09T10:56:01,3000.0,8.9,S
2021-07-09T10:55:48,5000.0,8.9,S
2021-07-09T10:55:24,5000.0,8.9,S
2021-07-09T10:54:25,5000.0,8.9,S
2021-07-09T10:50:53,3000.0,8.9,S
2021-07-09T10:50:27,1000.0,9.0,B
2021-07-09T10:50:03,100.0,9.0,B
2021-07-09T10:49:25,1600.0,9.0,B
2021-07-09T10:47:55,400.0,8.9,S
2021-07-09T10:46:53,2800.0,9.0,B
2021-07-09T10:46:48,1100.0,9.0,B
2021-07-09T10:45:48,1000.0,8.9,S
2021-07-09T10:45:41,500.0,8.9,S
2021-07-09T10:45:20,200.0,8.9,S
2021-07-09T10:45:01,3000.0,8.9,S
2021-07-09T10:44:57,3500.0,8.9,S
2021-07-09T10:44:15,1000.0,8.9,S
2021-07-09T10:43:29,200.0,8.9,S
2021-07-09T10:43:10,500.0,8.9,S
2021-07-09T10:42:48,1000.0,8.9,S
2021-07-09T10:42:40,2000.0,8.9,S
2021-07-09T10:42:36,4000.0,8.9,S
2021-07-09T10:41:41,1000.0,8.9,S
2021-07-09T10:40:47,200.0,8.9,S
2021-07-09T10:40:05,10000.0,8.9,S
2021-07-09T10:39:54,3000.0,8.9,S
2021-07-09T10:38:15,7000.0,8.9,S
2021-07-09T10:37:54,500.0,9.0,B
2021-07-09T10:37:37,4000.0,8.9,S
2021-07-09T10:36:19,1000.0,8.9,S
2021-07-09T10:34:42,100.0,8.9,S
2021-07-09T10:33:39,2000.0,8.9,S
2021-07-09T10:33:04,100.0,8.9,S
2021-07-09T10:32:23,10600.0,8.9,S
2021-07-09T10:31:31,6600.0,8.9,S
2021-07-09T10:30:27,1800.0,8.9,S
2021-07-09T10:29:27,10000.0,8.9,S
2021-07-09T10:28:52,200.0,9.0,B
2021-07-09T10:26:50,1000.0,8.9,S
2021-07-09T10:26:39,3000.0,8.9,S
2021-07-09T10:26:04,1000.0,8.9,S
2021-07-09T10:25:14,100.0,9.0,B
2021-07-09T10:24:46,100.0,9.0,B
2021-07-09T10:24:23,200.0,9.0,B
2021-07-09T10:23:42,100.0,9.0,B
2021-07-09T10:23:05,5000.0,9.0,B
2021-07-09T10:22:37,100.0,9.0,B
2021-07-09T10:21:10,400.0,9.0,B
2021-07-09T10:21:02,300.0,9.0,B
2021-07-09T10:19:40,200.0,9.0,B
2021-07-09T10:19:09,1600.0,9.0,S
2021-07-09T10:18:47,15300.0,9.0,S
2021-07-09T10:18:28,100.0,9.0,S
2021-07-09T10:18:28,15000.0,9.0,S
2021-07-09T10:18:12,7800.0,9.0,S
2021-07-09T10:17:42,1000.0,9.0,S
2021-07-09T10:17:25,300.0,9.0,S
2021-07-09T10:17:19,1500.0,9.0,S
2021-07-09T10:16:54,3000.0,9.0,S
2021-07-09T10:16:53,2000.0,9.0,S
2021-07-09T10:16:38,400.0,9.0,S
2021-07-09T10:16:27,200.0,9.0,S
2021-07-09T10:16:25,15000.0,9.0,S
2021-07-09T10:16:22,500.0,9.0,S
2021-07-09T10:16:19,2000.0,9.0,S
2021-07-09T10:16:14,5000.0,9.0,S
2021-07-09T10:15:04,2000.0,9.0,S
2021-07-09T10:13:35,2000.0,9.0,S
2021-07-09T10:13:18,26300.0,9.0,B
2021-07-09T10:13:10,100.0,9.0,B
2021-07-09T10:12:52,100.0,9.0,B
2021-07-09T10:12:42,1000.0,9.0,B
2021-07-09T10:12:38,300.0,9.0,B
2021-07-09T10:12:14,22000.0,9.0,B
2021-07-09T10:11:59,100.0,9.0,B
2021-07-09T10:11:28,300.0,9.0,B
2021-07-09T10:10:52,400.0,8.9,S
2021-07-09T10:10:51,23000.0,9.0,B
2021-07-09T10:10:04,100.0,8.9,S
2021-07-09T10:09:55,1400.0,8.9,S
2021-07-09T10:09:25,5000.0,8.9,S
2021-07-09T10:07:43,5000.0,8.9,S
2021-07-09T10:07:20,2000.0,9.0,B
2021-07-09T10:06:54,100.0,9.0,B
2021-07-09T10:06:42,10000.0,8.9,S
2021-07-09T10:06:28,1000.0,9.0,B
2021-07-09T10:04:30,100.0,9.0,B
2021-07-09T10:04:07,500.0,8.9,S
2021-07-09T10:04:03,100.0,8.9,S
2021-07-09T10:04:00,10000.0,8.9,S
2021-07-09T10:03:32,100.0,8.9,S
2021-07-09T10:03:17,1000.0,8.9,S
2021-07-09T10:02:55,400.0,8.9,S
2021-07-09T10:02:53,1100.0,8.9,S
2021-07-09T10:02:36,200.0,8.9,S
2021-07-09T10:01:53,2000.0,8.9,S
2021-07-09T10:01:51,100.0,8.9,S
2021-07-09T10:01:38,5500.0,8.9,S
2021-07-09T10:01:27,9000.0,8.9,S
2021-07-09T10:01:17,13000.0,8.9,S
2021-07-09T10:01:11,1000.0,8.9,S
2021-07-09T10:00:53,5000.0,8.9,S
2021-07-09T10:00:51,3000.0,8.9,S
2021-07-09T10:00:43,5000.0,9.0,B
2021-07-09T10:00:31,600.0,8.9,S
2021-07-09T10:00:21,5000.0,8.9,S
2021-07-09T10:00:17,100.0,8.9,S
2021-07-09T09:56:53,200.0,8.9,S
2021-07-09T09:56:01,3000.0,8.9,S
2021-07-09T09:54:28,300.0,9.0,B
2021-07-09T09:54:25,100.0,9.0,B
2021-07-09T09:53:19,500.0,9.0,B
2021-07-09T09:53:18,1200.0,8.9,S
2021-07-09T09:52:55,5000.0,8.9,S
2021-07-09T09:51:51,300.0,9.0,B
2021-07-09T09:51:20,17700.0,9.0,B
2021-07-09T09:51:10,35000.0,8.9,S
2021-07-09T09:50:05,300.0,8.9,S
2021-07-09T09:49:53,200.0,8.9,S
2021-07-09T09:49:37,60000.0,9.0,B
2021-07-09T09:49:17,3000.0,8.9,S
2021-07-09T09:47:33,500.0,8.9,S
2021-07-09T09:47:25,1000.0,8.9,S
2021-07-09T09:47:11,50000.0,9.0,B
2021-07-09T09:46:34,100.0,9.0,B
2021-07-09T09:46:08,3800.0,8.9,S
2021-07-09T09:44:31,2000.0,8.9,S
2021-07-09T09:44:16,1000.0,8.9,S
2021-07-09T09:43:39,100.0,8.9,S
2021-07-09T09:43:00,100.0,8.9,S
2021-07-09T09:42:35,4000.0,8.9,B
2021-07-09T09:42:16,500.0,8.9,B
2021-07-09T09:42:11,200.0,8.9,B
2021-07-09T09:42:08,100.0,8.9,B
2021-07-09T09:41:54,1000.0,8.9,B
2021-07-09T09:41:25,19200.0,8.9,S
2021-07-09T09:40:15,800.0,8.9,S
2021-07-09T09:39:44,100.0,8.9,S
2021-07-09T09:38:07,2200.0,8.9,S
2021-07-09T09:37:53,600.0,8.9,S
2021-07-09T09:37:51,100.0,8.9,S
2021-07-09T09:37:43,1500.0,8.9,S
2021-07-09T09:37:38,5000.0,8.9,S
2021-07-09T09:37:28,100.0,8.9,S
2021-07-09T09:37:12,3000.0,8.9,S
2021-07-09T09:37:04,2000.0,8.9,S
2021-07-09T09:35:59,1400.0,8.9,B
2021-07-09T09:35:49,1000.0,8.9,B
2021-07-09T09:35:36,1600.0,8.9,B
2021-07-09T09:35:30,1800.0,8.9,B
2021-07-09T09:35:11,500.0,8.9,B
2021-07-09T09:34:54,2000.0,8.9,B
2021-07-09T09:34:46,1000.0,8.9,B
2021-07-09T09:34:46,500.0,8.9,B
2021-07-09T09:34:15,500.0,8.9,B
2021-07-09T09:33:46,100.0,8.9,B
2021-07-09T09:33:44,200.0,8.9,B
2021-07-09T09:33:39,2500.0,8.9,B
2021-07-09T09:33:26,500.0,8.8,S
2021-07-09T09:33:17,7500.0,8.9,S
2021-07-09T09:33:14,200.0,8.9,S
2021-07-09T09:33:01,100.0,8.9,S
2021-07-09T09:32:53,4000.0,8.9,S
2021-07-09T09:32:50,11000.0,8.9,S
2021-07-09T09:32:44,4000.0,8.9,S
2021-07-09T09:32:18,9100.0,8.9,S
2021-07-09T09:30:29,20000.0,8.9,S
2021-07-09T09:30:16,4000.0,8.9,S
2021-07-09T09:29:19,500.0,8.9,S
2021-07-09T09:29:10,600.0,8.9,S
2021-07-09T09:28:50,1000.0,8.9,S
2021-07-09T09:27:43,1000.0,8.9,S
2021-07-09T09:27:19,5000.0,8.9,S
2021-07-09T09:27:18,100.0,8.9,S
2021-07-09T09:27:11,100.0,8.9,S
2021-07-09T09:26:50,5000.0,8.9,S
2021-07-09T09:26:02,2000.0,8.9,S
2021-07-09T09:25:37,1000.0,8.9,S
2021-07-09T09:25:35,500.0,8.9,S
2021-07-09T09:25:03,90000.0,8.8,S
2021-07-09T09:24:38,500.0,8.9,S
2021-07-09T09:24:09,10000.0,8.9,S
2021-07-09T09:23:58,900.0,8.9,S
2021-07-09T09:23:45,100.0,8.9,S
2021-07-09T09:23:43,300.0,8.9,S
2021-07-09T09:23:41,3600.0,8.9,B
2021-07-09T09:23:39,100.0,8.8,S
2021-07-09T09:23:36,10000.0,8.9,B
2021-07-09T09:23:25,300.0,8.9,B
2021-07-09T09:23:23,1000.0,8.9,B
2021-07-09T09:23:19,4000.0,8.9,B
2021-07-09T09:23:08,200.0,8.9,B
2021-07-09T09:23:01,10000.0,8.9,B
2021-07-09T09:22:53,100.0,8.9,B
2021-07-09T09:22:37,100.0,8.9,B
2021-07-09T09:21:59,1000.0,8.8,S
2021-07-09T09:21:35,1000.0,8.8,S
2021-07-09T09:20:29,1000.0,8.8,S
2021-07-09T09:20:26,1000.0,8.8,S
2021-07-09T09:20:04,400.0,8.8,S
2021-07-09T09:19:57,200.0,8.8,S
2021-07-09T09:19:36,2000.0,8.8,S
2021-07-09T09:19:33,500.0,8.8,S
2021-07-09T09:19:11,2000.0,8.8,S
2021-07-09T09:18:44,5000.0,8.8,S
2021-07-09T09:18:30,10000.0,8.8,S
2021-07-09T09:18:29,1600.0,8.8,S
2021-07-09T09:18:23,3000.0,8.9,B
2021-07-09T09:18:05,200.0,8.8,S
2021-07-09T09:17:43,500.0,8.8,S
2021-07-09T09:17:38,3000.0,8.8,S
2021-07-09T09:17:06,1000.0,8.8,S
2021-07-09T09:16:44,100.0,8.9,B
2021-07-09T09:16:17,500.0,8.9,B
2021-07-09T09:16:13,10000.0,8.9,B
2021-07-09T09:16:04,100.0,8.9,B
2021-07-09T09:15:49,200.0,8.9,B
2021-07-09T09:15:42,200.0,8.8,S
2021-07-09T09:15:39,100.0,8.9,B
2021-07-09T09:15:28,200.0,8.9,B
2021-07-09T09:15:01,1000.0,8.9,B
2021-07-09T09:14:56,5000.0,8.9,B
2021-07-09T09:14:48,1700.0,8.8,S
2021-07-09T09:14:39,1000.0,8.9,B
2021-07-09T09:14:29,100.0,8.9,B
2021-07-09T09:14:16,600.0,8.9,B
2021-07-09T09:14:07,800.0,8.9,B
2021-07-09T09:14:01,1000.0,8.9,B
2021-07-09T09:13:43,200.0,8.9,B
2021-07-09T09:13:38,15000.0,8.9,B
2021-07-09T09:13:13,100.0,8.9,B
2021-07-09T09:13:03,100.0,8.9,B
2021-07-09T09:12:54,500.0,8.9,B
2021-07-09T09:12:54,100.0,8.9,B
2021-07-09T09:12:51,900.0,8.9,B
2021-07-09T09:12:48,5000.0,8.9,B
2021-07-09T09:12:47,5000.0,8.9,B
2021-07-09T09:12:26,1000.0,8.9,B
2021-07-09T09:12:12,100.0,8.9,B
2021-07-09T09:11:52,400.0,8.9,B
2021-07-09T09:11:50,1000.0,8.8,S
2021-07-09T09:11:32,100.0,8.9,B
2021-07-09T09:11:15,3500.0,8.9,B
2021-07-09T09:11:00,200.0,8.8,S
2021-07-09T09:10:31,300.0,8.8,S
2021-07-09T09:10:09,800.0,8.9,B
2021-07-09T09:09:54,10000.0,8.9,B
2021-07-09T09:09:38,1000.0,8.9,B
2021-07-09T09:09:03,1000.0,8.8,S
2021-07-09T09:08:39,4100.0,8.9,B
2021-07-09T09:08:08,5000.0,8.8,S
2021-07-09T09:07:51,3000.0,8.9,B
2021-07-09T09:07:34,600.0,8.8,S
2021-07-09T09:06:54,5000.0,8.8,S
2021-07-09T09:06:30,20000.0,8.8,S
2021-07-09T09:06:29,500.0,8.8,S
2021-07-09T09:06:28,500.0,8.8,S
2021-07-09T09:06:28,300.0,8.8,S
2021-07-09T09:06:16,300.0,8.8,S
2021-07-09T09:06:14,100.0,8.9,B
2021-07-09T09:05:36,10000.0,8.8,S
2021-07-09T09:05:24,400.0,8.8,S
2021-07-09T09:05:13,3000.0,8.8,S
2021-07-09T09:05:12,3000.0,8.8,S
2021-07-09T09:04:48,500.0,8.9,B
2021-07-09T09:04:11,200.0,8.9,B
2021-07-09T09:04:05,500.0,8.9,S
2021-07-09T09:04:04,300.0,8.9,S
2021-07-09T09:03:43,2000.0,8.9,S
2021-07-09T09:03:16,800.0,8.9,B
2021-07-09T09:03:14,300.0,8.9,B
2021-07-09T09:03:12,900.0,8.9,B
2021-07-09T09:03:04,100.0,8.9,B
2021-07-09T09:02:59,400.0,8.9,B
2021-07-09T09:02:56,13300.0,8.9,S
2021-07-09T09:02:43,500.0,8.9,S
2021-07-09T09:02:40,1500.0,8.9,S
2021-07-09T09:01:05,500.0,8.9,B
2021-07-09T09:01:00,5100.0,8.9,S
2021-07-09T09:00:54,300.0,9.0,B
2021-07-09T09:00:38,100.0,8.9,S
2021-07-09T09:00:26,5000.0,8.9,S
2021-07-09T09:00:18,300.0,9.0,B
2021-07-09T09:00:10,5400.0,9.0,B
