tradingTime,volume,price,side
2021-07-09T11:29:26,3000.0,34.5,S
2021-07-09T11:27:10,5000.0,34.5,S
2021-07-09T11:25:50,500.0,34.5,S
2021-07-09T11:17:44,100.0,34.5,S
2021-07-09T11:17:19,1000.0,34.5,S
2021-07-09T11:16:58,200.0,34.8,B
2021-07-09T11:16:43,2200.0,34.8,B
2021-07-09T11:15:44,200.0,34.5,S
2021-07-09T11:14:47,500.0,34.7,S
2021-07-09T11:14:23,1000.0,34.7,S
2021-07-09T11:13:18,500.0,34.5,S
2021-07-09T11:11:35,200.0,34.5,S
2021-07-09T11:11:28,100.0,34.9,S
2021-07-09T11:11:01,100.0,34.9,S
2021-07-09T11:10:54,2000.0,34.9,S
2021-07-09T11:10:08,400.0,35.0,B
2021-07-09T11:09:25,100.0,34.9,S
2021-07-09T11:09:22,500.0,34.9,S
2021-07-09T11:09:21,1000.0,34.9,S
2021-07-09T11:09:21,100.0,34.9,S
2021-07-09T11:09:18,200.0,34.9,S
2021-07-09T11:08:56,100.0,34.9,S
2021-07-09T11:08:42,500.0,34.9,S
2021-07-09T11:08:23,100.0,34.9,S
2021-07-09T11:07:56,1000.0,34.9,S
2021-07-09T11:07:47,100.0,34.9,S
2021-07-09T11:07:44,100.0,34.9,S
2021-07-09T11:07:23,500.0,34.9,S
2021-07-09T11:07:21,100.0,34.9,S
2021-07-09T11:07:12,100.0,34.9,S
2021-07-09T11:07:00,3300.0,34.9,B
2021-07-09T11:06:57,10000.0,34.9,B
2021-07-09T11:06:51,10000.0,34.9,B
2021-07-09T11:05:18,4200.0,34.9,S
2021-07-09T11:05:12,100.0,34.9,S
2021-07-09T11:05:12,1000.0,34.9,S
2021-07-09T11:04:33,4700.0,34.9,B
2021-07-09T11:04:11,2400.0,34.5,B
2021-07-09T11:04:11,1100.0,34.5,B
2021-07-09T11:04:11,2000.0,34.5,B
2021-07-09T11:04:11,1200.0,34.5,B
2021-07-09T11:04:11,600.0,34.2,B
2021-07-09T11:04:11,100.0,34.2,B
2021-07-09T11:04:11,2600.0,34.15,B
2021-07-09T11:04:06,1500.0,34.15,B
2021-07-09T11:04:06,100.0,34.1,B
2021-07-09T11:04:06,8400.0,34.1,B
2021-07-09T11:03:35,2900.0,34.0,B
2021-07-09T10:54:50,300.0,34.0,B
2021-07-09T10:54:33,100.0,33.9,B
2021-07-09T10:53:27,9400.0,34.0,B
2021-07-09T10:53:27,300.0,34.0,B
2021-07-09T10:53:27,15700.0,34.0,B
2021-07-09T10:53:27,3200.0,33.95,B
2021-07-09T10:53:27,9000.0,33.95,B
2021-07-09T10:53:27,10500.0,33.9,B
2021-07-09T10:53:27,400.0,33.9,B
2021-07-09T10:53:27,1500.0,33.9,B
2021-07-09T10:47:26,1000.0,33.9,B
2021-07-09T10:46:23,1000.0,33.9,B
2021-07-09T10:45:52,1000.0,33.9,B
2021-07-09T10:45:21,1000.0,33.9,B
2021-07-09T10:44:45,1000.0,33.9,B
2021-07-09T10:44:01,1000.0,33.9,B
2021-07-09T10:43:54,100.0,33.8,S
2021-07-09T10:42:56,3000.0,33.9,B
2021-07-09T10:42:21,1000.0,33.9,B
2021-07-09T10:41:43,500.0,33.85,B
2021-07-09T10:23:05,500.0,33.9,B
2021-07-09T10:20:18,500.0,33.9,B
2021-07-09T10:17:59,1000.0,33.9,S
2021-07-09T10:16:17,100.0,33.9,B
2021-07-09T10:15:47,300.0,33.8,S
2021-07-09T10:14:31,100.0,33.9,B
2021-07-09T10:11:04,900.0,33.9,S
2021-07-09T10:10:04,2000.0,33.9,S
2021-07-09T10:09:06,5000.0,33.9,B
2021-07-09T10:09:06,200.0,33.9,B
2021-07-09T10:09:06,6200.0,33.85,B
2021-07-09T10:09:06,5100.0,33.8,B
2021-07-09T10:05:56,300.0,33.5,S
2021-07-09T10:04:58,400.0,33.8,B
2021-07-09T09:59:57,400.0,33.8,B
2021-07-09T09:56:00,500.0,33.8,B
2021-07-09T09:55:26,3800.0,33.85,B
2021-07-09T09:53:48,3600.0,33.5,S
2021-07-09T09:53:48,400.0,33.55,S
2021-07-09T09:49:18,1000.0,33.6,S
2021-07-09T09:49:02,100.0,33.65,B
2021-07-09T09:45:17,300.0,33.65,B
2021-07-09T09:45:07,100.0,33.65,B
2021-07-09T09:44:53,100.0,33.65,B
2021-07-09T09:44:36,100.0,33.65,B
2021-07-09T09:44:36,100.0,33.65,B
2021-07-09T09:38:59,300.0,33.5,S
2021-07-09T09:38:59,10100.0,33.5,B
2021-07-09T09:38:45,300.0,33.3,S
2021-07-09T09:38:45,400.0,33.3,S
2021-07-09T09:38:31,200.0,33.3,S
2021-07-09T09:36:22,100.0,33.4,S
2021-07-09T09:36:08,200.0,33.4,B
2021-07-09T09:33:57,400.0,33.4,B
2021-07-09T09:32:59,100.0,33.4,B
2021-07-09T09:32:43,600.0,33.4,B
2021-07-09T09:31:52,6200.0,33.4,B
2021-07-09T09:30:37,3000.0,33.5,S
2021-07-09T09:30:36,1000.0,33.5,B
2021-07-09T09:30:30,4000.0,33.5,B
2021-07-09T09:30:25,200.0,33.4,S
2021-07-09T09:30:23,1000.0,33.3,S
2021-07-09T09:30:20,4000.0,33.4,B
2021-07-09T09:30:04,100.0,33.4,B
2021-07-09T09:29:45,100.0,33.4,B
2021-07-09T09:29:08,2000.0,33.4,B
2021-07-09T09:28:46,300.0,33.4,B
2021-07-09T09:25:46,1500.0,33.4,B
2021-07-09T09:22:55,100.0,33.4,B
2021-07-09T09:22:46,200.0,33.4,B
2021-07-09T09:22:43,2000.0,33.3,S
2021-07-09T09:20:59,1400.0,33.4,B
2021-07-09T09:20:44,600.0,33.4,S
2021-07-09T09:20:11,1800.0,33.4,B
2021-07-09T09:19:32,300.0,33.3,S
2021-07-09T09:17:56,200.0,33.4,S
2021-07-09T09:17:37,200.0,33.4,S
