tradingTime,volume,price,side
2021-07-09T11:30:01,3200.0,38.35,B
2021-07-09T11:30:01,500.0,38.35,B
2021-07-09T11:29:59,1900.0,38.3,S
2021-07-09T11:29:59,4700.0,38.35,B
2021-07-09T11:29:54,100.0,38.35,B
2021-07-09T11:29:53,300.0,38.35,B
2021-07-09T11:29:52,200.0,38.3,S
2021-07-09T11:29:51,700.0,38.35,B
2021-07-09T11:29:47,500.0,38.35,B
2021-07-09T11:29:45,100.0,38.35,B
2021-07-09T11:29:44,500.0,38.3,S
2021-07-09T11:29:44,2600.0,38.3,S
2021-07-09T11:29:44,300.0,38.3,S
2021-07-09T11:29:44,3300.0,38.3,S
2021-07-09T11:29:42,1500.0,38.35,B
2021-07-09T11:29:41,500.0,38.3,S
2021-07-09T11:29:30,400.0,38.35,B
2021-07-09T11:29:30,8600.0,38.35,B
2021-07-09T11:29:30,1400.0,38.35,B
2021-07-09T11:29:26,200.0,38.35,B
2021-07-09T11:29:16,500.0,38.35,B
2021-07-09T11:29:11,200.0,38.3,S
2021-07-09T11:29:10,100.0,38.35,B
2021-07-09T11:28:59,100.0,38.35,B
2021-07-09T11:28:56,200.0,38.35,B
2021-07-09T11:28:54,200.0,38.35,B
2021-07-09T11:28:54,100.0,38.35,B
2021-07-09T11:28:45,1000.0,38.35,B
2021-07-09T11:28:42,100.0,38.35,B
2021-07-09T11:28:38,500.0,38.35,B
2021-07-09T11:28:34,100.0,38.35,B
2021-07-09T11:28:34,600.0,38.35,B
2021-07-09T11:28:33,300.0,38.35,B
2021-07-09T11:28:18,5800.0,38.35,B
2021-07-09T11:28:09,200.0,38.4,B
2021-07-09T11:28:06,900.0,38.35,B
2021-07-09T11:28:04,600.0,38.35,S
2021-07-09T11:28:03,1000.0,38.35,S
2021-07-09T11:27:58,1000.0,38.3,S
2021-07-09T11:27:58,1300.0,38.3,S
2021-07-09T11:27:58,100.0,38.35,S
2021-07-09T11:27:58,7600.0,38.35,S
2021-07-09T11:27:46,1000.0,38.35,S
2021-07-09T11:27:43,1500.0,38.35,S
2021-07-09T11:27:41,5000.0,38.35,S
2021-07-09T11:27:27,300.0,38.35,S
2021-07-09T11:27:19,2000.0,38.35,S
2021-07-09T11:27:18,100.0,38.35,S
2021-07-09T11:27:16,500.0,38.35,S
2021-07-09T11:27:12,8000.0,38.35,S
2021-07-09T11:27:12,2200.0,38.35,S
2021-07-09T11:27:12,500.0,38.35,S
2021-07-09T11:27:12,1900.0,38.35,S
2021-07-09T11:27:12,600.0,38.35,S
2021-07-09T11:27:12,3500.0,38.35,S
2021-07-09T11:27:12,11300.0,38.35,S
2021-07-09T11:27:05,100.0,38.4,B
2021-07-09T11:27:00,100.0,38.35,S
2021-07-09T11:27:00,800.0,38.35,S
2021-07-09T11:27:00,200.0,38.35,S
2021-07-09T11:27:00,2500.0,38.35,S
2021-07-09T11:26:55,2500.0,38.35,S
2021-07-09T11:26:55,300.0,38.35,S
2021-07-09T11:26:55,1300.0,38.35,S
2021-07-09T11:26:55,1900.0,38.35,S
2021-07-09T11:26:55,300.0,38.35,S
2021-07-09T11:26:55,2600.0,38.35,S
2021-07-09T11:26:53,10000.0,38.35,S
2021-07-09T11:26:49,3500.0,38.35,S
2021-07-09T11:26:47,1100.0,38.35,S
2021-07-09T11:26:45,100.0,38.35,S
2021-07-09T11:26:43,8900.0,38.35,S
2021-07-09T11:26:40,200.0,38.35,S
2021-07-09T11:26:39,300.0,38.4,B
2021-07-09T11:26:39,300.0,38.4,B
2021-07-09T11:26:36,200.0,38.35,S
2021-07-09T11:26:34,400.0,38.35,S
2021-07-09T11:26:33,200.0,38.35,S
2021-07-09T11:26:31,1000.0,38.35,S
2021-07-09T11:26:29,200.0,38.35,S
2021-07-09T11:26:25,200.0,38.35,S
2021-07-09T11:26:22,100.0,38.4,B
2021-07-09T11:26:20,200.0,38.35,S
2021-07-09T11:26:15,200.0,38.35,S
2021-07-09T11:26:10,200.0,38.35,S
2021-07-09T11:26:07,100.0,38.4,B
2021-07-09T11:26:06,300.0,38.4,B
2021-07-09T11:26:03,3000.0,38.4,B
2021-07-09T11:26:02,1000.0,38.35,S
2021-07-09T11:26:01,200.0,38.35,S
2021-07-09T11:25:55,1000.0,38.4,B
2021-07-09T11:25:55,1000.0,38.35,S
2021-07-09T11:25:52,300.0,38.4,B
2021-07-09T11:25:47,2400.0,38.4,B
2021-07-09T11:25:45,2000.0,38.4,B
2021-07-09T11:25:44,500.0,38.4,B
2021-07-09T11:25:40,100.0,38.4,B
2021-07-09T11:25:38,100.0,38.4,B
2021-07-09T11:25:34,400.0,38.35,S
2021-07-09T11:25:33,2700.0,38.35,S
2021-07-09T11:25:33,4500.0,38.35,S
2021-07-09T11:25:31,1000.0,38.4,B
2021-07-09T11:25:30,300.0,38.35,S
2021-07-09T11:25:24,2000.0,38.4,B
2021-07-09T11:25:23,100.0,38.4,B
2021-07-09T11:25:20,200.0,38.4,B
2021-07-09T11:25:19,300.0,38.4,B
2021-07-09T11:25:06,300.0,38.4,B
2021-07-09T11:25:02,1200.0,38.4,B
2021-07-09T11:24:48,2600.0,38.4,B
2021-07-09T11:24:48,200.0,38.4,B
2021-07-09T11:24:48,8000.0,38.35,S
2021-07-09T11:24:37,5000.0,38.4,B
2021-07-09T11:24:36,500.0,38.4,S
2021-07-09T11:24:35,300.0,38.4,S
2021-07-09T11:24:33,500.0,38.4,S
2021-07-09T11:24:33,500.0,38.4,S
2021-07-09T11:24:30,100.0,38.4,S
2021-07-09T11:24:30,800.0,38.4,S
2021-07-09T11:24:30,6400.0,38.4,S
2021-07-09T11:24:30,8000.0,38.4,S
2021-07-09T11:24:30,600.0,38.4,S
2021-07-09T11:24:30,4100.0,38.4,S
2021-07-09T11:24:27,3800.0,38.4,S
2021-07-09T11:24:16,100.0,38.4,S
2021-07-09T11:24:16,800.0,38.4,S
2021-07-09T11:24:16,500.0,38.4,S
2021-07-09T11:24:16,400.0,38.4,S
2021-07-09T11:24:16,6500.0,38.4,S
2021-07-09T11:24:16,3700.0,38.4,S
2021-07-09T11:24:16,700.0,38.4,S
2021-07-09T11:24:16,17000.0,38.4,S
2021-07-09T11:24:16,3700.0,38.4,S
2021-07-09T11:24:16,600.0,38.4,S
2021-07-09T11:24:16,11000.0,38.4,S
2021-07-09T11:24:16,600.0,38.4,S
2021-07-09T11:24:16,10200.0,38.4,S
2021-07-09T11:24:16,1300.0,38.4,S
2021-07-09T11:24:16,1400.0,38.4,S
2021-07-09T11:24:16,1200.0,38.4,S
2021-07-09T11:24:16,11400.0,38.4,S
2021-07-09T11:24:16,300.0,38.4,S
2021-07-09T11:24:16,900.0,38.4,S
2021-07-09T11:24:16,1000.0,38.4,S
2021-07-09T11:24:16,200.0,38.4,S
2021-07-09T11:24:16,1100.0,38.4,S
2021-07-09T11:24:16,51200.0,38.4,S
2021-07-09T11:24:16,200.0,38.4,S
2021-07-09T11:24:16,5800.0,38.4,S
2021-07-09T11:24:16,400.0,38.4,S
2021-07-09T11:24:16,1100.0,38.4,S
2021-07-09T11:24:16,5500.0,38.4,S
2021-07-09T11:24:16,1100.0,38.4,S
2021-07-09T11:24:16,13900.0,38.4,S
2021-07-09T11:24:16,1700.0,38.4,S
2021-07-09T11:24:16,100.0,38.4,S
2021-07-09T11:24:16,16800.0,38.4,S
2021-07-09T11:24:16,700.0,38.4,S
2021-07-09T11:24:16,100.0,38.4,S
2021-07-09T11:24:16,100.0,38.4,S
2021-07-09T11:24:16,2300.0,38.4,S
2021-07-09T11:24:16,4200.0,38.4,S
2021-07-09T11:24:16,1700.0,38.4,S
2021-07-09T11:24:16,1300.0,38.4,S
2021-07-09T11:24:16,1200.0,38.4,S
2021-07-09T11:24:16,1200.0,38.4,S
2021-07-09T11:24:16,600.0,38.4,S
2021-07-09T11:24:16,6300.0,38.4,S
2021-07-09T11:24:16,1500.0,38.4,S
2021-07-09T11:24:16,1600.0,38.4,S
2021-07-09T11:24:16,3500.0,38.4,S
2021-07-09T11:24:16,1300.0,38.4,S
2021-07-09T11:24:09,1000.0,38.4,S
2021-07-09T11:24:09,1000.0,38.4,S
2021-07-09T11:24:04,300.0,38.4,S
2021-07-09T11:24:02,200.0,38.4,S
2021-07-09T11:24:01,5500.0,38.4,S
2021-07-09T11:24:01,2500.0,38.4,S
2021-07-09T11:23:52,500.0,38.45,B
2021-07-09T11:23:46,1100.0,38.4,S
2021-07-09T11:23:42,8900.0,38.4,S
2021-07-09T11:23:42,2000.0,38.45,B
2021-07-09T11:23:38,100.0,38.45,B
2021-07-09T11:23:35,200.0,38.4,S
2021-07-09T11:23:32,5000.0,38.4,S
2021-07-09T11:23:31,1000.0,38.45,B
2021-07-09T11:23:26,1000.0,38.45,B
2021-07-09T11:23:19,300.0,38.45,B
2021-07-09T11:23:12,1000.0,38.45,B
2021-07-09T11:23:11,600.0,38.4,S
2021-07-09T11:23:08,1200.0,38.4,S
2021-07-09T11:23:08,100.0,38.4,S
2021-07-09T11:23:08,200.0,38.4,S
2021-07-09T11:23:04,300.0,38.4,S
2021-07-09T11:22:53,500.0,38.4,S
2021-07-09T11:22:49,2500.0,38.4,S
2021-07-09T11:22:49,7500.0,38.4,S
2021-07-09T11:22:49,300.0,38.4,S
2021-07-09T11:22:39,7900.0,38.4,S
2021-07-09T11:22:35,100.0,38.45,B
2021-07-09T11:22:34,400.0,38.45,B
2021-07-09T11:22:26,1000.0,38.45,B
2021-07-09T11:22:25,400.0,38.45,B
2021-07-09T11:22:25,25000.0,38.4,S
2021-07-09T11:22:23,600.0,38.4,S
2021-07-09T11:21:51,100.0,38.45,B
2021-07-09T11:21:50,200.0,38.45,B
2021-07-09T11:21:48,1000.0,38.4,S
2021-07-09T11:21:36,300.0,38.4,S
2021-07-09T11:21:34,1000.0,38.4,S
2021-07-09T11:21:33,500.0,38.4,S
2021-07-09T11:21:31,1000.0,38.4,S
2021-07-09T11:21:31,900.0,38.4,S
2021-07-09T11:21:14,500.0,38.4,S
2021-07-09T11:21:13,1200.0,38.45,B
2021-07-09T11:21:13,200.0,38.4,S
2021-07-09T11:21:10,300.0,38.4,S
2021-07-09T11:21:07,200.0,38.4,S
2021-07-09T11:21:01,43000.0,38.4,S
2021-07-09T11:20:53,15000.0,38.4,S
2021-07-09T11:20:50,100.0,38.45,B
2021-07-09T11:20:38,15000.0,38.4,S
2021-07-09T11:20:23,100.0,38.45,B
2021-07-09T11:20:15,200.0,38.45,B
2021-07-09T11:20:11,200.0,38.4,S
2021-07-09T11:20:10,300.0,38.45,B
2021-07-09T11:20:07,200.0,38.45,B
2021-07-09T11:20:06,1200.0,38.4,S
2021-07-09T11:20:06,800.0,38.4,S
2021-07-09T11:19:49,900.0,38.4,S
2021-07-09T11:19:44,3000.0,38.4,S
2021-07-09T11:19:44,200.0,38.45,B
2021-07-09T11:19:37,1000.0,38.45,B
2021-07-09T11:19:36,200.0,38.45,B
2021-07-09T11:19:32,6700.0,38.45,S
2021-07-09T11:19:30,500.0,38.45,S
2021-07-09T11:19:24,10100.0,38.45,B
2021-07-09T11:19:22,100.0,38.45,B
2021-07-09T11:19:18,10300.0,38.4,S
2021-07-09T11:19:07,1600.0,38.45,S
2021-07-09T11:19:07,2100.0,38.45,S
2021-07-09T11:19:07,100.0,38.45,S
2021-07-09T11:19:07,600.0,38.45,S
2021-07-09T11:19:06,2100.0,38.45,S
2021-07-09T11:19:05,5100.0,38.45,S
2021-07-09T11:18:57,3100.0,38.45,S
2021-07-09T11:18:42,200.0,38.45,S
2021-07-09T11:18:41,200.0,38.5,B
2021-07-09T11:18:40,300.0,38.45,S
2021-07-09T11:18:39,100.0,38.45,S
2021-07-09T11:18:30,500.0,38.45,S
2021-07-09T11:18:30,2600.0,38.45,S
2021-07-09T11:18:29,500.0,38.45,S
2021-07-09T11:18:27,2000.0,38.45,S
2021-07-09T11:18:21,15000.0,38.5,B
2021-07-09T11:18:15,1100.0,38.45,S
2021-07-09T11:18:11,100.0,38.45,S
2021-07-09T11:18:11,1000.0,38.45,S
2021-07-09T11:18:11,7800.0,38.45,S
2021-07-09T11:18:09,300.0,38.45,S
2021-07-09T11:18:09,1900.0,38.45,S
2021-07-09T11:18:09,1000.0,38.45,S
2021-07-09T11:18:09,7100.0,38.45,S
2021-07-09T11:18:05,4500.0,38.45,S
2021-07-09T11:17:42,1300.0,38.5,B
2021-07-09T11:17:40,9200.0,38.45,S
2021-07-09T11:17:38,100.0,38.5,B
2021-07-09T11:17:35,1000.0,38.45,S
2021-07-09T11:17:35,200.0,38.45,S
2021-07-09T11:17:27,1200.0,38.5,B
2021-07-09T11:17:21,200.0,38.5,B
2021-07-09T11:17:15,12000.0,38.5,S
2021-07-09T11:17:09,200.0,38.55,B
2021-07-09T11:17:05,100.0,38.5,B
2021-07-09T11:17:04,500.0,38.5,B
2021-07-09T11:17:03,500.0,38.5,B
2021-07-09T11:17:01,500.0,38.5,B
2021-07-09T11:16:59,11100.0,38.5,S
2021-07-09T11:16:59,500.0,38.5,S
2021-07-09T11:16:59,1800.0,38.5,S
2021-07-09T11:16:56,1400.0,38.5,S
2021-07-09T11:16:56,600.0,38.5,S
2021-07-09T11:16:54,3100.0,38.5,S
2021-07-09T11:16:54,1000.0,38.5,S
2021-07-09T11:16:54,5900.0,38.5,S
2021-07-09T11:16:44,1700.0,38.5,S
2021-07-09T11:16:44,2500.0,38.5,S
2021-07-09T11:16:44,8100.0,38.5,S
2021-07-09T11:16:44,1300.0,38.5,S
2021-07-09T11:16:44,41400.0,38.5,S
2021-07-09T11:16:41,200.0,38.5,S
2021-07-09T11:16:38,2000.0,38.5,S
2021-07-09T11:16:38,500.0,38.5,S
2021-07-09T11:16:38,1700.0,38.5,S
2021-07-09T11:16:38,1400.0,38.5,S
2021-07-09T11:16:38,1100.0,38.5,S
2021-07-09T11:16:36,1100.0,38.5,S
2021-07-09T11:16:36,1600.0,38.5,S
2021-07-09T11:16:36,3600.0,38.5,S
2021-07-09T11:16:36,2000.0,38.5,S
2021-07-09T11:16:36,500.0,38.5,S
2021-07-09T11:16:36,200.0,38.5,S
2021-07-09T11:16:36,12300.0,38.5,S
2021-07-09T11:16:36,500.0,38.5,S
2021-07-09T11:16:36,1500.0,38.5,S
2021-07-09T11:16:30,500.0,38.55,B
2021-07-09T11:16:30,300.0,38.55,B
2021-07-09T11:16:24,200.0,38.55,B
2021-07-09T11:16:16,1500.0,38.55,S
2021-07-09T11:16:16,100.0,38.55,S
2021-07-09T11:16:16,1500.0,38.55,S
2021-07-09T11:16:16,5600.0,38.55,S
2021-07-09T11:16:10,200.0,38.55,S
2021-07-09T11:16:10,2800.0,38.55,S
2021-07-09T11:16:03,800.0,38.55,S
2021-07-09T11:16:03,2900.0,38.55,S
2021-07-09T11:16:03,1200.0,38.55,S
2021-07-09T11:16:03,1100.0,38.55,S
2021-07-09T11:16:03,4000.0,38.55,S
2021-07-09T11:16:02,100.0,38.6,B
2021-07-09T11:15:59,1000.0,38.55,S
2021-07-09T11:15:49,100.0,38.55,S
2021-07-09T11:15:48,600.0,38.55,S
2021-07-09T11:15:47,400.0,38.55,S
2021-07-09T11:15:44,400.0,38.55,S
2021-07-09T11:15:41,200.0,38.55,S
2021-07-09T11:15:39,3300.0,38.55,S
2021-07-09T11:15:26,1000.0,38.55,S
2021-07-09T11:15:13,500.0,38.6,B
2021-07-09T11:15:11,200.0,38.6,B
2021-07-09T11:15:09,200.0,38.6,B
2021-07-09T11:14:56,500.0,38.6,B
2021-07-09T11:14:51,100.0,38.6,B
2021-07-09T11:14:50,200.0,38.6,B
2021-07-09T11:14:38,100.0,38.6,B
2021-07-09T11:14:30,100.0,38.6,B
2021-07-09T11:14:23,2000.0,38.6,B
2021-07-09T11:14:15,100.0,38.6,B
2021-07-09T11:14:08,2000.0,38.6,B
2021-07-09T11:14:06,100.0,38.6,B
2021-07-09T11:13:56,8400.0,38.6,B
2021-07-09T11:13:56,1100.0,38.6,B
2021-07-09T11:13:56,1000.0,38.6,B
2021-07-09T11:13:56,100.0,38.6,B
2021-07-09T11:13:52,1000.0,38.6,B
2021-07-09T11:13:39,1200.0,38.6,B
2021-07-09T11:13:35,200.0,38.55,S
2021-07-09T11:13:26,200.0,38.55,S
2021-07-09T11:13:26,6800.0,38.55,S
2021-07-09T11:13:14,200.0,38.55,S
2021-07-09T11:13:10,3000.0,38.55,S
2021-07-09T11:13:05,10500.0,38.55,S
2021-07-09T11:12:45,200.0,38.55,S
2021-07-09T11:12:43,200.0,38.6,B
2021-07-09T11:12:37,600.0,38.55,S
2021-07-09T11:12:34,500.0,38.6,B
2021-07-09T11:12:34,100.0,38.6,B
2021-07-09T11:12:34,2400.0,38.6,B
2021-07-09T11:12:26,1500.0,38.6,B
2021-07-09T11:12:23,1300.0,38.6,S
2021-07-09T11:12:19,400.0,38.6,B
2021-07-09T11:12:19,200.0,38.6,B
2021-07-09T11:12:15,1400.0,38.6,B
2021-07-09T11:12:15,600.0,38.6,B
2021-07-09T11:12:13,400.0,38.6,B
2021-07-09T11:12:10,100.0,38.6,B
2021-07-09T11:12:09,500.0,38.6,B
2021-07-09T11:12:01,20000.0,38.6,B
2021-07-09T11:11:56,300.0,38.6,B
2021-07-09T11:11:56,100.0,38.6,B
2021-07-09T11:11:56,100.0,38.6,B
2021-07-09T11:11:38,1800.0,38.6,B
2021-07-09T11:11:27,7200.0,38.6,B
2021-07-09T11:11:27,2800.0,38.6,B
2021-07-09T11:11:24,500.0,38.6,B
2021-07-09T11:11:11,500.0,38.6,B
2021-07-09T11:11:05,1100.0,38.55,S
2021-07-09T11:11:03,1000.0,38.6,B
2021-07-09T11:11:01,5200.0,38.6,S
2021-07-09T11:10:57,2100.0,38.6,S
2021-07-09T11:10:54,1000.0,38.6,S
2021-07-09T11:10:54,700.0,38.6,S
2021-07-09T11:10:47,200.0,38.6,B
2021-07-09T11:10:46,1800.0,38.6,B
2021-07-09T11:10:46,200.0,38.6,B
2021-07-09T11:10:46,300.0,38.6,S
2021-07-09T11:10:45,200.0,38.6,S
2021-07-09T11:10:43,500.0,38.6,B
2021-07-09T11:10:43,10000.0,38.6,B
2021-07-09T11:10:41,300.0,38.6,B
2021-07-09T11:10:38,1600.0,38.6,B
2021-07-09T11:10:38,300.0,38.6,B
2021-07-09T11:10:37,700.0,38.6,B
2021-07-09T11:10:37,4300.0,38.6,B
2021-07-09T11:10:31,300.0,38.6,B
2021-07-09T11:10:28,200.0,38.6,B
2021-07-09T11:10:28,500.0,38.6,B
2021-07-09T11:10:25,500.0,38.6,B
2021-07-09T11:10:24,300.0,38.6,B
2021-07-09T11:10:23,3500.0,38.6,B
2021-07-09T11:10:20,100.0,38.6,B
2021-07-09T11:10:15,1000.0,38.6,B
2021-07-09T11:10:13,300.0,38.6,B
2021-07-09T11:10:12,500.0,38.6,B
2021-07-09T11:10:07,100.0,38.6,B
2021-07-09T11:09:57,4400.0,38.6,B
2021-07-09T11:09:57,1900.0,38.6,B
2021-07-09T11:09:57,4700.0,38.6,B
2021-07-09T11:09:57,1000.0,38.6,B
2021-07-09T11:09:51,1200.0,38.6,B
2021-07-09T11:09:51,1200.0,38.6,B
2021-07-09T11:09:51,500.0,38.6,B
2021-07-09T11:09:41,100.0,38.6,B
2021-07-09T11:09:37,500.0,38.6,B
2021-07-09T11:09:34,200.0,38.6,B
2021-07-09T11:09:32,2300.0,38.6,B
2021-07-09T11:09:28,500.0,38.6,B
2021-07-09T11:09:22,1800.0,38.6,B
2021-07-09T11:09:22,2700.0,38.6,B
2021-07-09T11:09:22,100.0,38.6,B
2021-07-09T11:09:22,400.0,38.6,B
2021-07-09T11:09:19,10000.0,38.6,B
2021-07-09T11:09:16,1700.0,38.6,B
2021-07-09T11:09:16,1000.0,38.6,B
2021-07-09T11:09:16,2300.0,38.6,B
2021-07-09T11:09:11,2000.0,38.6,B
2021-07-09T11:08:58,4600.0,38.6,B
2021-07-09T11:08:58,10000.0,38.6,B
2021-07-09T11:08:53,800.0,38.6,B
2021-07-09T11:08:51,10000.0,38.6,B
2021-07-09T11:08:48,3000.0,38.6,B
2021-07-09T11:08:45,100.0,38.6,B
2021-07-09T11:08:45,6600.0,38.6,B
2021-07-09T11:08:45,1000.0,38.6,B
2021-07-09T11:08:45,3100.0,38.6,B
2021-07-09T11:08:45,8500.0,38.6,B
2021-07-09T11:08:45,800.0,38.6,B
2021-07-09T11:08:44,300.0,38.6,B
2021-07-09T11:08:16,2000.0,38.6,B
2021-07-09T11:08:01,2100.0,38.55,S
2021-07-09T11:07:48,15900.0,38.6,B
2021-07-09T11:07:48,400.0,38.6,B
2021-07-09T11:07:48,1200.0,38.6,B
2021-07-09T11:07:48,7800.0,38.6,B
2021-07-09T11:07:48,200.0,38.6,B
2021-07-09T11:07:48,300.0,38.6,B
2021-07-09T11:07:48,800.0,38.6,B
2021-07-09T11:07:48,3300.0,38.6,B
2021-07-09T11:07:48,1000.0,38.6,B
2021-07-09T11:07:48,1300.0,38.6,B
2021-07-09T11:07:48,2000.0,38.6,B
2021-07-09T11:07:48,15800.0,38.6,B
2021-07-09T11:07:47,200.0,38.55,S
2021-07-09T11:07:44,1800.0,38.55,S
2021-07-09T11:07:44,6200.0,38.55,S
2021-07-09T11:07:44,1400.0,38.55,S
2021-07-09T11:07:42,1000.0,38.55,S
2021-07-09T11:07:27,1000.0,38.55,S
2021-07-09T11:07:25,200.0,38.6,B
2021-07-09T11:07:18,1000.0,38.55,S
2021-07-09T11:07:02,100.0,38.6,B
2021-07-09T11:06:57,1000.0,38.55,S
2021-07-09T11:06:56,1000.0,38.55,S
2021-07-09T11:06:48,200.0,38.55,S
2021-07-09T11:06:31,10000.0,38.55,S
2021-07-09T11:06:18,200.0,38.55,S
2021-07-09T11:06:09,2000.0,38.55,S
2021-07-09T11:06:08,100.0,38.55,S
2021-07-09T11:06:04,1200.0,38.6,B
2021-07-09T11:05:50,1000.0,38.6,B
2021-07-09T11:05:50,2000.0,38.55,S
2021-07-09T11:05:50,8000.0,38.55,S
2021-07-09T11:05:49,11100.0,38.6,B
2021-07-09T11:05:48,100.0,38.55,S
2021-07-09T11:05:48,100.0,38.55,S
2021-07-09T11:05:26,100.0,38.55,S
2021-07-09T11:05:26,700.0,38.55,S
2021-07-09T11:05:23,4000.0,38.6,B
2021-07-09T11:05:19,200.0,38.55,S
2021-07-09T11:05:13,1100.0,38.55,S
2021-07-09T11:05:08,1000.0,38.6,B
2021-07-09T11:05:07,8900.0,38.55,S
2021-07-09T11:05:06,2000.0,38.55,S
2021-07-09T11:05:03,100.0,38.55,S
2021-07-09T11:05:03,100.0,38.55,S
2021-07-09T11:04:48,1000.0,38.55,S
2021-07-09T11:04:48,200.0,38.55,S
2021-07-09T11:04:40,2000.0,38.55,S
2021-07-09T11:04:38,500.0,38.6,B
2021-07-09T11:04:37,2000.0,38.55,S
2021-07-09T11:04:24,200.0,38.55,S
2021-07-09T11:04:23,500.0,38.6,B
2021-07-09T11:04:22,4600.0,38.55,S
2021-07-09T11:04:22,2500.0,38.55,S
2021-07-09T11:04:22,800.0,38.55,S
2021-07-09T11:04:22,100.0,38.55,S
2021-07-09T11:04:22,5000.0,38.55,S
2021-07-09T11:04:14,3000.0,38.6,B
2021-07-09T11:03:56,1000.0,38.6,B
2021-07-09T11:03:50,200.0,38.55,S
2021-07-09T11:03:44,10000.0,38.55,S
2021-07-09T11:03:42,500.0,38.6,B
2021-07-09T11:03:42,200.0,38.6,B
2021-07-09T11:03:32,1100.0,38.55,S
2021-07-09T11:03:27,1000.0,38.6,B
2021-07-09T11:03:24,2000.0,38.55,S
2021-07-09T11:03:22,1300.0,38.55,S
2021-07-09T11:03:18,300.0,38.6,B
2021-07-09T11:02:53,400.0,38.55,B
2021-07-09T11:02:50,300.0,38.55,B
2021-07-09T11:02:50,2000.0,38.55,B
2021-07-09T11:02:50,700.0,38.55,B
2021-07-09T11:02:45,100.0,38.55,B
2021-07-09T11:02:44,100.0,38.55,B
2021-07-09T11:02:41,1900.0,38.55,B
2021-07-09T11:02:41,600.0,38.55,B
2021-07-09T11:02:36,1000.0,38.55,B
2021-07-09T11:02:31,100.0,38.55,B
2021-07-09T11:02:20,1100.0,38.55,B
2021-07-09T11:02:18,100.0,38.55,B
2021-07-09T11:02:16,1200.0,38.55,B
2021-07-09T11:02:13,2000.0,38.55,B
2021-07-09T11:02:13,100.0,38.55,B
2021-07-09T11:02:08,200.0,38.55,B
2021-07-09T11:02:03,100.0,38.55,B
2021-07-09T11:02:03,1000.0,38.55,B
2021-07-09T11:01:57,1600.0,38.55,S
2021-07-09T11:01:57,1500.0,38.55,S
2021-07-09T11:01:57,2000.0,38.55,S
2021-07-09T11:01:51,200.0,38.55,S
2021-07-09T11:01:49,1000.0,38.55,S
2021-07-09T11:01:43,400.0,38.55,B
2021-07-09T11:01:43,1800.0,38.55,B
2021-07-09T11:01:32,200.0,38.55,B
2021-07-09T11:01:32,300.0,38.55,B
2021-07-09T11:01:30,1000.0,38.55,B
2021-07-09T11:01:29,200.0,38.55,B
2021-07-09T11:01:29,1600.0,38.55,B
2021-07-09T11:01:21,500.0,38.55,B
2021-07-09T11:01:18,100.0,38.5,S
2021-07-09T11:01:15,100.0,38.55,B
2021-07-09T11:01:12,1000.0,38.5,S
2021-07-09T11:01:12,1300.0,38.5,S
2021-07-09T11:01:12,1200.0,38.5,S
2021-07-09T11:01:12,6500.0,38.5,S
2021-07-09T11:00:59,500.0,38.55,B
2021-07-09T11:00:58,200.0,38.55,B
2021-07-09T11:00:56,1000.0,38.55,B
2021-07-09T11:00:53,1000.0,38.55,B
2021-07-09T11:00:44,1000.0,38.55,B
2021-07-09T11:00:42,2000.0,38.55,B
2021-07-09T11:00:40,500.0,38.55,B
2021-07-09T11:00:36,3300.0,38.55,B
2021-07-09T11:00:36,2500.0,38.55,B
2021-07-09T11:00:35,500.0,38.55,B
2021-07-09T11:00:34,300.0,38.55,B
2021-07-09T11:00:34,100.0,38.55,B
2021-07-09T11:00:28,2600.0,38.55,B
2021-07-09T11:00:27,100.0,38.55,B
2021-07-09T11:00:25,2100.0,38.5,S
2021-07-09T11:00:20,500.0,38.55,B
2021-07-09T11:00:18,2100.0,38.5,S
2021-07-09T11:00:18,500.0,38.55,B
2021-07-09T11:00:16,5000.0,38.55,B
2021-07-09T11:00:14,1500.0,38.55,B
2021-07-09T11:00:14,200.0,38.55,B
2021-07-09T11:00:14,1300.0,38.55,B
2021-07-09T11:00:14,2600.0,38.55,B
2021-07-09T11:00:13,2500.0,38.55,B
2021-07-09T11:00:13,500.0,38.55,B
2021-07-09T11:00:02,15000.0,38.55,B
2021-07-09T11:00:01,3000.0,38.55,B
2021-07-09T10:59:56,100.0,38.55,B
2021-07-09T10:59:55,100.0,38.55,B
2021-07-09T10:59:50,1600.0,38.55,B
2021-07-09T10:59:50,400.0,38.55,B
2021-07-09T10:59:50,700.0,38.55,B
2021-07-09T10:59:47,100.0,38.5,S
2021-07-09T10:59:46,2000.0,38.5,S
2021-07-09T10:59:43,100.0,38.5,S
2021-07-09T10:59:34,200.0,38.55,B
2021-07-09T10:59:20,300.0,38.55,B
2021-07-09T10:59:20,100.0,38.55,B
2021-07-09T10:59:19,800.0,38.55,B
2021-07-09T10:59:19,500.0,38.55,B
2021-07-09T10:59:13,200.0,38.55,B
2021-07-09T10:59:03,2000.0,38.55,B
2021-07-09T10:58:53,200.0,38.55,B
2021-07-09T10:58:47,3500.0,38.55,B
2021-07-09T10:58:45,4700.0,38.5,S
2021-07-09T10:58:35,100.0,38.55,B
2021-07-09T10:58:33,100.0,38.55,B
2021-07-09T10:58:30,2000.0,38.5,S
2021-07-09T10:58:26,1200.0,38.55,B
2021-07-09T10:58:26,500.0,38.55,B
2021-07-09T10:58:23,200.0,38.5,S
2021-07-09T10:58:19,100.0,38.5,S
2021-07-09T10:58:13,2000.0,38.55,B
2021-07-09T10:58:11,100.0,38.5,S
2021-07-09T10:58:04,800.0,38.5,S
2021-07-09T10:57:54,500.0,38.55,B
2021-07-09T10:57:48,200.0,38.5,S
2021-07-09T10:57:39,200.0,38.5,S
2021-07-09T10:57:38,600.0,38.5,S
2021-07-09T10:57:36,1100.0,38.5,S
2021-07-09T10:57:33,600.0,38.5,S
2021-07-09T10:57:30,3600.0,38.5,S
2021-07-09T10:57:30,5300.0,38.5,S
2021-07-09T10:57:25,200.0,38.5,S
2021-07-09T10:57:07,5000.0,38.5,S
2021-07-09T10:57:03,100.0,38.55,B
2021-07-09T10:56:58,100.0,38.5,S
2021-07-09T10:56:55,200.0,38.5,S
2021-07-09T10:56:55,3000.0,38.5,S
2021-07-09T10:56:48,500.0,38.5,S
2021-07-09T10:56:37,1000.0,38.5,S
2021-07-09T10:56:31,800.0,38.5,S
2021-07-09T10:56:31,200.0,38.5,S
2021-07-09T10:56:30,2800.0,38.5,S
2021-07-09T10:56:26,100.0,38.5,S
2021-07-09T10:56:26,1000.0,38.55,B
2021-07-09T10:56:25,200.0,38.5,S
2021-07-09T10:56:23,2000.0,38.5,S
2021-07-09T10:56:23,800.0,38.5,S
2021-07-09T10:56:12,100.0,38.5,S
2021-07-09T10:56:01,300.0,38.5,S
2021-07-09T10:56:01,500.0,38.5,S
2021-07-09T10:55:56,200.0,38.5,S
2021-07-09T10:55:53,100.0,38.5,S
2021-07-09T10:55:44,100.0,38.5,S
2021-07-09T10:55:41,300.0,38.5,S
2021-07-09T10:55:35,8900.0,38.5,S
2021-07-09T10:55:32,3900.0,38.5,S
2021-07-09T10:55:26,900.0,38.5,B
2021-07-09T10:55:22,2300.0,38.5,S
2021-07-09T10:55:12,100.0,38.5,S
2021-07-09T10:55:11,1000.0,38.5,B
2021-07-09T10:55:08,100.0,38.5,B
2021-07-09T10:54:56,100.0,38.5,B
2021-07-09T10:54:56,100.0,38.5,B
2021-07-09T10:54:50,1300.0,38.5,B
2021-07-09T10:54:48,1700.0,38.5,B
2021-07-09T10:54:48,300.0,38.5,B
2021-07-09T10:54:40,1200.0,38.5,B
2021-07-09T10:54:31,4100.0,38.5,B
2021-07-09T10:54:29,1500.0,38.5,S
2021-07-09T10:54:28,200.0,38.5,S
2021-07-09T10:54:08,1500.0,38.5,S
2021-07-09T10:54:04,300.0,38.5,B
2021-07-09T10:54:04,1000.0,38.5,B
2021-07-09T10:54:02,100.0,38.5,S
2021-07-09T10:54:02,2400.0,38.5,S
2021-07-09T10:54:02,200.0,38.5,S
2021-07-09T10:54:02,4200.0,38.5,S
2021-07-09T10:54:02,1300.0,38.5,S
2021-07-09T10:54:02,3000.0,38.5,S
2021-07-09T10:54:00,100.0,38.5,S
2021-07-09T10:54:00,100.0,38.55,B
2021-07-09T10:54:00,100.0,38.5,S
2021-07-09T10:53:59,1300.0,38.5,S
2021-07-09T10:53:59,400.0,38.5,S
2021-07-09T10:53:59,8000.0,38.5,S
2021-07-09T10:53:59,900.0,38.5,S
2021-07-09T10:53:59,1300.0,38.5,S
2021-07-09T10:53:57,200.0,38.5,S
2021-07-09T10:53:56,100.0,38.5,S
2021-07-09T10:53:54,1000.0,38.5,S
2021-07-09T10:53:51,100.0,38.5,S
2021-07-09T10:53:51,300.0,38.55,B
2021-07-09T10:53:42,5000.0,38.5,S
2021-07-09T10:53:38,400.0,38.5,S
2021-07-09T10:53:37,1500.0,38.5,S
2021-07-09T10:53:28,200.0,38.5,S
2021-07-09T10:53:10,200.0,38.5,S
2021-07-09T10:53:03,200.0,38.55,B
2021-07-09T10:53:00,4500.0,38.5,S
2021-07-09T10:52:57,200.0,38.5,S
2021-07-09T10:52:55,800.0,38.5,S
2021-07-09T10:52:55,1200.0,38.5,S
2021-07-09T10:52:47,1000.0,38.5,S
2021-07-09T10:52:36,1500.0,38.5,S
2021-07-09T10:52:21,500.0,38.55,B
2021-07-09T10:52:21,200.0,38.5,S
2021-07-09T10:52:11,300.0,38.5,S
2021-07-09T10:52:08,500.0,38.55,B
2021-07-09T10:52:02,100.0,38.5,S
2021-07-09T10:51:59,1900.0,38.5,S
2021-07-09T10:51:55,200.0,38.55,B
2021-07-09T10:51:50,10000.0,38.55,B
2021-07-09T10:51:43,300.0,38.5,S
2021-07-09T10:51:28,500.0,38.55,B
2021-07-09T10:51:25,100.0,38.55,B
2021-07-09T10:51:23,600.0,38.55,B
2021-07-09T10:51:21,100.0,38.55,B
2021-07-09T10:51:13,400.0,38.55,B
2021-07-09T10:51:11,500.0,38.55,B
2021-07-09T10:51:08,1000.0,38.5,S
2021-07-09T10:51:06,1000.0,38.5,S
2021-07-09T10:50:55,100.0,38.55,B
2021-07-09T10:50:54,50000.0,38.55,B
2021-07-09T10:50:53,2000.0,38.55,B
2021-07-09T10:50:53,1200.0,38.55,B
2021-07-09T10:50:52,2600.0,38.5,S
2021-07-09T10:50:50,500.0,38.55,B
2021-07-09T10:50:50,5000.0,38.55,B
2021-07-09T10:50:49,1000.0,38.55,B
2021-07-09T10:50:48,600.0,38.55,B
2021-07-09T10:50:46,200.0,38.55,B
2021-07-09T10:50:43,300.0,38.55,B
2021-07-09T10:50:41,3000.0,38.55,B
2021-07-09T10:50:33,16800.0,38.55,S
2021-07-09T10:50:33,2700.0,38.55,S
2021-07-09T10:50:28,200.0,38.6,B
2021-07-09T10:50:25,100.0,38.6,B
2021-07-09T10:50:24,3800.0,38.6,B
2021-07-09T10:50:12,200.0,38.6,B
2021-07-09T10:50:10,4000.0,38.6,B
2021-07-09T10:50:07,100.0,38.6,B
2021-07-09T10:49:50,500.0,38.6,B
2021-07-09T10:49:45,1900.0,38.55,S
2021-07-09T10:49:42,100.0,38.6,B
2021-07-09T10:49:42,100.0,38.6,B
2021-07-09T10:49:41,200.0,38.6,B
2021-07-09T10:49:40,1800.0,38.6,B
2021-07-09T10:49:40,500.0,38.6,B
2021-07-09T10:49:40,700.0,38.6,B
2021-07-09T10:49:36,100.0,38.55,S
2021-07-09T10:49:31,1000.0,38.6,B
2021-07-09T10:49:11,10000.0,38.6,B
2021-07-09T10:49:09,1000.0,38.55,S
2021-07-09T10:49:06,300.0,38.6,B
2021-07-09T10:49:05,200.0,38.6,B
2021-07-09T10:48:59,100.0,38.6,B
2021-07-09T10:48:52,100.0,38.55,S
2021-07-09T10:48:50,200.0,38.6,B
2021-07-09T10:48:49,1000.0,38.6,B
2021-07-09T10:48:36,100.0,38.6,B
2021-07-09T10:48:34,500.0,38.55,S
2021-07-09T10:48:31,200.0,38.55,S
2021-07-09T10:48:29,1000.0,38.55,S
2021-07-09T10:48:25,200.0,38.55,S
2021-07-09T10:48:24,500.0,38.55,S
2021-07-09T10:48:22,1000.0,38.55,S
2021-07-09T10:48:21,1500.0,38.55,S
2021-07-09T10:48:10,10400.0,38.55,B
2021-07-09T10:48:06,1000.0,38.5,S
2021-07-09T10:47:56,500.0,38.55,B
2021-07-09T10:47:54,200.0,38.5,S
2021-07-09T10:47:38,1000.0,38.55,B
2021-07-09T10:47:32,100.0,38.55,B
2021-07-09T10:47:26,1000.0,38.55,B
2021-07-09T10:47:24,1000.0,38.55,B
2021-07-09T10:47:24,100.0,38.55,B
2021-07-09T10:47:21,200.0,38.55,B
2021-07-09T10:47:18,400.0,38.55,B
2021-07-09T10:47:13,300.0,38.55,B
2021-07-09T10:47:13,500.0,38.55,B
2021-07-09T10:47:06,1200.0,38.55,B
2021-07-09T10:46:54,4100.0,38.6,B
2021-07-09T10:46:50,5500.0,38.6,B
2021-07-09T10:46:50,200.0,38.6,B
2021-07-09T10:46:50,1900.0,38.6,B
2021-07-09T10:46:50,600.0,38.6,B
2021-07-09T10:46:50,6800.0,38.55,B
2021-07-09T10:46:50,500.0,38.5,B
2021-07-09T10:46:50,600.0,38.5,B
2021-07-09T10:46:45,100.0,38.5,B
2021-07-09T10:46:44,1100.0,38.45,S
2021-07-09T10:46:40,200.0,38.5,B
2021-07-09T10:46:34,500.0,38.45,S
2021-07-09T10:46:29,300.0,38.5,B
2021-07-09T10:46:24,1000.0,38.5,B
2021-07-09T10:46:21,200.0,38.5,B
2021-07-09T10:46:20,5000.0,38.5,B
2021-07-09T10:46:19,100.0,38.5,B
2021-07-09T10:46:18,200.0,38.5,B
2021-07-09T10:46:15,5000.0,38.5,B
2021-07-09T10:46:14,100.0,38.5,B
2021-07-09T10:46:10,2600.0,38.5,B
2021-07-09T10:46:03,100.0,38.5,B
2021-07-09T10:45:59,2300.0,38.5,B
2021-07-09T10:45:58,3200.0,38.5,S
2021-07-09T10:45:58,900.0,38.5,S
2021-07-09T10:45:58,700.0,38.5,S
2021-07-09T10:45:58,1100.0,38.5,S
2021-07-09T10:45:58,800.0,38.5,S
2021-07-09T10:45:58,13100.0,38.5,S
2021-07-09T10:45:58,2000.0,38.55,S
2021-07-09T10:45:58,1100.0,38.55,S
2021-07-09T10:45:58,1700.0,38.55,S
2021-07-09T10:45:58,200.0,38.6,B
2021-07-09T10:45:52,300.0,38.55,S
2021-07-09T10:45:45,1000.0,38.6,B
2021-07-09T10:45:37,1100.0,38.55,S
2021-07-09T10:45:31,800.0,38.6,B
2021-07-09T10:45:25,100.0,38.6,B
2021-07-09T10:45:22,100.0,38.6,B
2021-07-09T10:45:22,500.0,38.6,B
2021-07-09T10:45:19,500.0,38.6,B
2021-07-09T10:45:19,1000.0,38.6,B
2021-07-09T10:45:18,100.0,38.6,B
2021-07-09T10:45:12,1000.0,38.6,B
2021-07-09T10:45:12,1000.0,38.6,B
2021-07-09T10:45:11,500.0,38.55,S
2021-07-09T10:45:09,2000.0,38.6,B
2021-07-09T10:44:56,3000.0,38.6,B
2021-07-09T10:44:45,100.0,38.55,S
2021-07-09T10:44:40,300.0,38.55,S
2021-07-09T10:44:34,200.0,38.55,S
2021-07-09T10:44:34,500.0,38.55,S
2021-07-09T10:44:24,2000.0,38.55,S
2021-07-09T10:44:24,1000.0,38.55,B
2021-07-09T10:44:24,300.0,38.55,B
2021-07-09T10:44:08,200.0,38.5,B
2021-07-09T10:44:08,500.0,38.5,B
2021-07-09T10:44:04,100.0,38.5,B
2021-07-09T10:44:03,100.0,38.5,B
2021-07-09T10:44:02,400.0,38.5,B
2021-07-09T10:44:02,200.0,38.5,B
2021-07-09T10:44:02,2400.0,38.5,B
2021-07-09T10:44:00,3000.0,38.5,B
2021-07-09T10:43:53,100.0,38.5,B
2021-07-09T10:43:52,10000.0,38.5,B
2021-07-09T10:43:51,1000.0,38.5,B
2021-07-09T10:43:50,500.0,38.5,B
2021-07-09T10:43:50,100.0,38.5,B
2021-07-09T10:43:48,500.0,38.5,B
2021-07-09T10:43:48,100.0,38.5,B
2021-07-09T10:43:46,5000.0,38.5,B
2021-07-09T10:43:41,3000.0,38.5,B
2021-07-09T10:43:39,5000.0,38.5,B
2021-07-09T10:43:38,300.0,38.5,B
2021-07-09T10:43:30,1600.0,38.5,B
2021-07-09T10:43:25,800.0,38.5,B
2021-07-09T10:43:24,1000.0,38.5,B
2021-07-09T10:43:21,2000.0,38.5,B
2021-07-09T10:43:17,1200.0,38.5,B
2021-07-09T10:43:14,500.0,38.45,S
2021-07-09T10:43:11,2000.0,38.45,S
2021-07-09T10:43:03,5700.0,38.5,B
2021-07-09T10:43:03,4300.0,38.5,B
2021-07-09T10:42:42,100.0,38.45,B
2021-07-09T10:42:36,100.0,38.45,B
2021-07-09T10:42:35,500.0,38.45,S
2021-07-09T10:42:35,100.0,38.45,B
2021-07-09T10:42:30,1000.0,38.45,B
2021-07-09T10:42:27,200.0,38.45,B
2021-07-09T10:42:21,200.0,38.45,S
2021-07-09T10:42:18,5900.0,38.5,B
2021-07-09T10:42:18,2100.0,38.5,B
2021-07-09T10:42:18,400.0,38.45,B
2021-07-09T10:42:18,1600.0,38.45,B
2021-07-09T10:42:11,1000.0,38.45,B
2021-07-09T10:42:11,1000.0,38.45,B
2021-07-09T10:42:10,500.0,38.45,B
2021-07-09T10:42:08,1000.0,38.45,B
2021-07-09T10:42:04,3000.0,38.45,B
2021-07-09T10:41:58,200.0,38.45,B
2021-07-09T10:41:55,100.0,38.45,B
2021-07-09T10:41:54,500.0,38.45,B
2021-07-09T10:41:48,1000.0,38.45,B
2021-07-09T10:41:46,200.0,38.45,B
2021-07-09T10:41:45,200.0,38.45,B
2021-07-09T10:41:45,500.0,38.45,B
2021-07-09T10:41:42,1000.0,38.45,B
2021-07-09T10:41:38,200.0,38.45,B
2021-07-09T10:41:33,2000.0,38.45,B
2021-07-09T10:41:33,1100.0,38.45,B
2021-07-09T10:41:27,4400.0,38.45,B
2021-07-09T10:41:18,100.0,38.45,B
2021-07-09T10:41:13,1900.0,38.45,B
2021-07-09T10:41:04,200.0,38.45,B
2021-07-09T10:41:04,1900.0,38.45,B
2021-07-09T10:41:02,2000.0,38.45,B
2021-07-09T10:40:56,100.0,38.45,B
2021-07-09T10:40:55,2000.0,38.45,B
2021-07-09T10:40:47,100.0,38.4,S
2021-07-09T10:40:46,2100.0,38.4,S
2021-07-09T10:40:45,1000.0,38.45,B
2021-07-09T10:40:39,200.0,38.45,B
2021-07-09T10:40:36,200.0,38.45,B
2021-07-09T10:40:36,200.0,38.4,S
2021-07-09T10:40:20,400.0,38.4,S
2021-07-09T10:40:08,200.0,38.4,S
2021-07-09T10:39:52,100.0,38.4,S
2021-07-09T10:39:41,200.0,38.45,B
2021-07-09T10:39:29,1200.0,38.45,B
2021-07-09T10:39:27,300.0,38.45,B
2021-07-09T10:39:26,2000.0,38.45,B
2021-07-09T10:39:08,400.0,38.4,S
2021-07-09T10:39:08,6600.0,38.4,S
2021-07-09T10:39:08,200.0,38.4,S
2021-07-09T10:39:06,100.0,38.4,S
2021-07-09T10:39:00,700.0,38.4,S
2021-07-09T10:38:59,500.0,38.45,B
2021-07-09T10:38:37,200.0,38.45,B
2021-07-09T10:38:36,500.0,38.4,S
2021-07-09T10:38:21,100.0,38.45,B
2021-07-09T10:38:09,200.0,38.4,S
2021-07-09T10:38:04,500.0,38.4,S
2021-07-09T10:38:04,500.0,38.4,S
2021-07-09T10:38:04,500.0,38.45,B
2021-07-09T10:37:49,1000.0,38.4,S
2021-07-09T10:37:39,2600.0,38.4,S
2021-07-09T10:37:38,1600.0,38.4,B
2021-07-09T10:37:38,400.0,38.4,B
2021-07-09T10:37:36,500.0,38.4,B
2021-07-09T10:37:30,100.0,38.4,B
2021-07-09T10:37:28,200.0,38.4,B
2021-07-09T10:37:26,200.0,38.4,B
2021-07-09T10:37:24,900.0,38.4,B
2021-07-09T10:37:24,100.0,38.4,B
2021-07-09T10:37:24,900.0,38.4,B
2021-07-09T10:37:19,600.0,38.4,B
2021-07-09T10:37:15,100.0,38.4,B
2021-07-09T10:37:04,1500.0,38.4,B
2021-07-09T10:37:04,400.0,38.4,B
2021-07-09T10:37:04,1600.0,38.4,B
2021-07-09T10:37:02,500.0,38.4,B
2021-07-09T10:36:58,1000.0,38.4,B
2021-07-09T10:36:57,200.0,38.4,B
2021-07-09T10:36:53,100.0,38.4,B
2021-07-09T10:36:53,700.0,38.4,B
2021-07-09T10:36:51,300.0,38.35,S
2021-07-09T10:36:49,3400.0,38.4,B
2021-07-09T10:36:48,500.0,38.4,B
2021-07-09T10:36:48,100.0,38.4,B
2021-07-09T10:36:40,2000.0,38.4,B
2021-07-09T10:36:36,400.0,38.4,B
2021-07-09T10:36:28,100.0,38.4,B
2021-07-09T10:36:26,10000.0,38.4,B
2021-07-09T10:36:25,200.0,38.35,S
2021-07-09T10:36:12,2000.0,38.4,B
2021-07-09T10:36:09,100.0,38.4,B
2021-07-09T10:36:06,1000.0,38.35,S
2021-07-09T10:36:00,1000.0,38.4,B
2021-07-09T10:35:53,5000.0,38.4,B
2021-07-09T10:35:52,5000.0,38.4,B
2021-07-09T10:35:50,100.0,38.4,B
2021-07-09T10:35:43,1200.0,38.4,B
2021-07-09T10:35:40,700.0,38.4,B
2021-07-09T10:35:37,1000.0,38.4,B
2021-07-09T10:35:36,100.0,38.4,B
2021-07-09T10:35:33,200.0,38.4,B
2021-07-09T10:35:30,5000.0,38.4,B
2021-07-09T10:35:28,1000.0,38.4,B
2021-07-09T10:35:28,100.0,38.4,B
2021-07-09T10:35:28,1000.0,38.4,B
2021-07-09T10:35:21,1600.0,38.4,B
2021-07-09T10:35:19,1700.0,38.4,B
2021-07-09T10:35:16,300.0,38.4,B
2021-07-09T10:35:14,10000.0,38.4,B
2021-07-09T10:35:10,300.0,38.4,B
2021-07-09T10:35:05,2000.0,38.4,B
2021-07-09T10:34:58,2500.0,38.4,B
2021-07-09T10:34:57,2900.0,38.4,B
2021-07-09T10:34:57,5200.0,38.4,S
2021-07-09T10:34:57,2400.0,38.4,S
2021-07-09T10:34:57,5400.0,38.4,S
2021-07-09T10:34:57,1300.0,38.4,S
2021-07-09T10:34:57,4200.0,38.4,S
2021-07-09T10:34:57,1600.0,38.4,S
2021-07-09T10:34:57,100.0,38.4,S
2021-07-09T10:34:57,10200.0,38.4,S
2021-07-09T10:34:57,1100.0,38.4,S
2021-07-09T10:34:57,1100.0,38.4,S
2021-07-09T10:34:57,4700.0,38.4,S
2021-07-09T10:34:46,1000.0,38.4,S
2021-07-09T10:34:43,200.0,38.45,B
2021-07-09T10:34:40,1700.0,38.45,B
2021-07-09T10:34:38,4700.0,38.4,S
2021-07-09T10:34:36,100.0,38.4,S
2021-07-09T10:34:36,2900.0,38.4,S
2021-07-09T10:34:36,1000.0,38.4,S
2021-07-09T10:34:29,400.0,38.4,S
2021-07-09T10:34:12,200.0,38.4,S
2021-07-09T10:34:09,100.0,38.4,S
2021-07-09T10:34:06,5000.0,38.45,B
2021-07-09T10:33:45,2900.0,38.4,S
2021-07-09T10:33:42,200.0,38.4,S
2021-07-09T10:33:41,200.0,38.4,S
2021-07-09T10:33:41,1000.0,38.4,S
2021-07-09T10:33:35,200.0,38.45,B
2021-07-09T10:33:31,300.0,38.45,B
2021-07-09T10:33:23,100.0,38.45,B
2021-07-09T10:33:19,1000.0,38.45,B
2021-07-09T10:33:15,100.0,38.45,B
2021-07-09T10:33:10,4300.0,38.45,B
2021-07-09T10:33:08,2400.0,38.45,S
2021-07-09T10:33:03,1000.0,38.45,S
2021-07-09T10:32:56,2900.0,38.5,B
2021-07-09T10:32:56,2000.0,38.5,B
2021-07-09T10:32:56,4800.0,38.5,B
2021-07-09T10:32:43,5000.0,38.5,B
2021-07-09T10:32:41,300.0,38.5,B
2021-07-09T10:32:29,1000.0,38.5,B
2021-07-09T10:32:15,200.0,38.4,S
2021-07-09T10:32:13,200.0,38.4,S
2021-07-09T10:32:09,1000.0,38.4,S
2021-07-09T10:32:04,500.0,38.4,S
2021-07-09T10:32:00,100.0,38.4,S
2021-07-09T10:31:55,400.0,38.5,B
2021-07-09T10:31:55,200.0,38.5,B
2021-07-09T10:31:55,600.0,38.5,B
2021-07-09T10:31:53,600.0,38.5,B
2021-07-09T10:31:53,500.0,38.5,B
2021-07-09T10:31:53,1000.0,38.5,B
2021-07-09T10:31:44,200.0,38.4,S
2021-07-09T10:31:33,1100.0,38.4,S
2021-07-09T10:31:33,600.0,38.4,S
2021-07-09T10:31:33,1300.0,38.4,S
2021-07-09T10:31:26,100.0,38.5,B
2021-07-09T10:31:14,1000.0,38.5,B
2021-07-09T10:31:01,100.0,38.5,B
2021-07-09T10:30:55,400.0,38.5,B
2021-07-09T10:30:53,500.0,38.45,B
2021-07-09T10:30:44,10000.0,38.5,B
2021-07-09T10:30:33,500.0,38.5,B
2021-07-09T10:30:10,25500.0,38.5,S
2021-07-09T10:30:04,2000.0,38.5,S
2021-07-09T10:30:00,700.0,38.5,S
2021-07-09T10:29:53,400.0,38.5,S
2021-07-09T10:29:50,9000.0,38.5,S
2021-07-09T10:29:47,100.0,38.5,S
2021-07-09T10:29:45,200.0,38.5,S
2021-07-09T10:29:43,2400.0,38.5,B
2021-07-09T10:29:43,300.0,38.5,B
2021-07-09T10:29:43,600.0,38.5,B
2021-07-09T10:29:43,4200.0,38.5,B
2021-07-09T10:29:43,3100.0,38.5,B
2021-07-09T10:29:43,2000.0,38.5,B
2021-07-09T10:29:43,4000.0,38.5,B
2021-07-09T10:29:43,1000.0,38.45,B
2021-07-09T10:29:43,5700.0,38.45,B
2021-07-09T10:29:43,3100.0,38.45,B
2021-07-09T10:29:43,1000.0,38.45,B
2021-07-09T10:29:43,61800.0,38.4,B
2021-07-09T10:29:40,600.0,38.4,B
2021-07-09T10:29:40,500.0,38.35,S
2021-07-09T10:29:40,4200.0,38.35,S
2021-07-09T10:29:39,700.0,38.4,B
2021-07-09T10:29:36,100.0,38.35,S
2021-07-09T10:29:28,500.0,38.4,B
2021-07-09T10:29:26,200.0,38.4,B
2021-07-09T10:29:21,200.0,38.4,B
2021-07-09T10:29:21,100.0,38.4,B
2021-07-09T10:29:18,500.0,38.4,S
2021-07-09T10:29:18,14200.0,38.4,S
2021-07-09T10:29:18,2400.0,38.4,S
2021-07-09T10:29:18,400.0,38.4,S
2021-07-09T10:29:18,400.0,38.4,S
2021-07-09T10:29:18,1300.0,38.4,S
2021-07-09T10:29:18,9500.0,38.4,S
2021-07-09T10:29:18,2000.0,38.4,S
2021-07-09T10:29:18,1100.0,38.4,S
2021-07-09T10:29:18,6200.0,38.4,S
2021-07-09T10:29:16,200.0,38.4,S
2021-07-09T10:29:14,5000.0,38.4,S
2021-07-09T10:29:10,500.0,38.45,B
2021-07-09T10:29:05,1000.0,38.4,S
2021-07-09T10:28:47,1000.0,38.4,S
2021-07-09T10:28:45,200.0,38.4,S
2021-07-09T10:28:43,600.0,38.4,S
2021-07-09T10:28:43,3000.0,38.4,S
2021-07-09T10:28:43,5200.0,38.4,S
2021-07-09T10:28:43,2300.0,38.4,S
2021-07-09T10:28:43,400.0,38.4,S
2021-07-09T10:28:43,300.0,38.4,S
2021-07-09T10:28:43,2300.0,38.4,S
2021-07-09T10:28:43,600.0,38.4,S
2021-07-09T10:28:43,1600.0,38.4,S
2021-07-09T10:28:43,1500.0,38.4,S
2021-07-09T10:28:43,2200.0,38.4,S
2021-07-09T10:28:36,5000.0,38.45,B
2021-07-09T10:28:30,3000.0,38.4,S
2021-07-09T10:28:24,1000.0,38.45,B
2021-07-09T10:28:22,1000.0,38.45,S
2021-07-09T10:28:15,300.0,38.5,B
2021-07-09T10:28:15,500.0,38.5,B
2021-07-09T10:28:14,100.0,38.45,B
2021-07-09T10:28:11,500.0,38.45,S
2021-07-09T10:28:06,1200.0,38.5,B
2021-07-09T10:28:02,300.0,38.45,S
2021-07-09T10:27:58,1700.0,38.45,S
2021-07-09T10:27:58,200.0,38.45,S
2021-07-09T10:27:58,2100.0,38.45,S
2021-07-09T10:27:58,3200.0,38.45,S
2021-07-09T10:27:58,300.0,38.45,S
2021-07-09T10:27:58,900.0,38.45,S
2021-07-09T10:27:55,100.0,38.45,S
2021-07-09T10:27:51,4600.0,38.45,S
2021-07-09T10:27:51,500.0,38.45,S
2021-07-09T10:27:51,8800.0,38.45,S
2021-07-09T10:27:47,200.0,38.45,S
2021-07-09T10:27:43,1100.0,38.45,S
2021-07-09T10:27:41,500.0,38.5,B
2021-07-09T10:27:41,100.0,38.5,B
2021-07-09T10:27:36,100.0,38.5,B
2021-07-09T10:27:27,1000.0,38.5,B
2021-07-09T10:27:21,100.0,38.5,B
2021-07-09T10:27:13,100.0,38.5,B
2021-07-09T10:27:06,2500.0,38.5,S
2021-07-09T10:27:06,6800.0,38.5,S
2021-07-09T10:27:06,200.0,38.5,S
2021-07-09T10:27:06,800.0,38.5,S
2021-07-09T10:27:06,1600.0,38.5,S
2021-07-09T10:27:06,1500.0,38.5,S
2021-07-09T10:27:06,4400.0,38.5,S
2021-07-09T10:27:04,7100.0,38.5,S
2021-07-09T10:26:55,2000.0,38.5,S
2021-07-09T10:26:54,2000.0,38.5,S
2021-07-09T10:26:48,200.0,38.5,S
2021-07-09T10:26:47,100.0,38.5,S
2021-07-09T10:26:39,300.0,38.5,S
2021-07-09T10:26:39,1900.0,38.5,S
2021-07-09T10:26:39,100.0,38.5,S
2021-07-09T10:26:39,1000.0,38.5,S
2021-07-09T10:26:39,1000.0,38.5,S
2021-07-09T10:26:39,500.0,38.5,S
2021-07-09T10:26:39,600.0,38.5,S
2021-07-09T10:26:39,200.0,38.5,S
2021-07-09T10:26:39,3100.0,38.5,S
2021-07-09T10:26:39,2300.0,38.5,S
2021-07-09T10:26:39,1900.0,38.5,S
2021-07-09T10:26:39,800.0,38.5,S
2021-07-09T10:26:39,200.0,38.5,S
2021-07-09T10:26:39,6100.0,38.5,S
2021-07-09T10:26:34,1100.0,38.5,S
2021-07-09T10:26:33,100.0,38.5,S
2021-07-09T10:26:30,1000.0,38.55,B
2021-07-09T10:26:29,8900.0,38.5,S
2021-07-09T10:26:24,3300.0,38.5,S
2021-07-09T10:26:20,700.0,38.55,B
2021-07-09T10:26:20,100.0,38.55,B
2021-07-09T10:26:18,200.0,38.5,S
2021-07-09T10:26:17,300.0,38.55,B
2021-07-09T10:26:17,7900.0,38.5,S
2021-07-09T10:26:17,2100.0,38.5,S
2021-07-09T10:26:10,200.0,38.5,S
2021-07-09T10:26:04,500.0,38.55,B
2021-07-09T10:26:01,1500.0,38.55,B
2021-07-09T10:25:54,100.0,38.55,B
2021-07-09T10:25:51,200.0,38.55,B
2021-07-09T10:25:51,300.0,38.55,B
2021-07-09T10:25:49,100.0,38.55,B
2021-07-09T10:25:47,600.0,38.55,S
2021-07-09T10:25:47,4400.0,38.55,S
2021-07-09T10:25:47,600.0,38.55,S
2021-07-09T10:25:40,1000.0,38.55,S
2021-07-09T10:25:38,3100.0,38.55,S
2021-07-09T10:25:38,40000.0,38.55,S
2021-07-09T10:25:31,1000.0,38.55,S
2021-07-09T10:25:31,100.0,38.6,B
2021-07-09T10:25:28,1000.0,38.55,S
2021-07-09T10:25:23,3400.0,38.55,S
2021-07-09T10:25:23,600.0,38.55,S
2021-07-09T10:25:19,100.0,38.6,B
2021-07-09T10:25:08,100.0,38.6,B
2021-07-09T10:25:06,300.0,38.55,S
2021-07-09T10:25:01,100.0,38.6,B
2021-07-09T10:25:01,100.0,38.6,B
2021-07-09T10:24:58,100.0,38.6,B
2021-07-09T10:24:58,4000.0,38.55,S
2021-07-09T10:24:44,1000.0,38.6,B
2021-07-09T10:24:40,100.0,38.6,B
2021-07-09T10:24:37,400.0,38.6,B
2021-07-09T10:24:31,11700.0,38.6,B
2021-07-09T10:24:29,1000.0,38.6,B
2021-07-09T10:24:25,1000.0,38.6,B
2021-07-09T10:24:25,3300.0,38.55,S
2021-07-09T10:24:25,100.0,38.6,B
2021-07-09T10:24:22,400.0,38.6,B
2021-07-09T10:24:18,1200.0,38.6,B
2021-07-09T10:24:18,3300.0,38.55,S
2021-07-09T10:24:18,100.0,38.6,B
2021-07-09T10:24:18,1500.0,38.55,S
2021-07-09T10:24:17,900.0,38.6,B
2021-07-09T10:24:13,1000.0,38.6,B
2021-07-09T10:24:06,900.0,38.6,B
2021-07-09T10:24:02,200.0,38.6,S
2021-07-09T10:24:02,400.0,38.6,S
2021-07-09T10:24:02,1100.0,38.6,S
2021-07-09T10:24:02,2700.0,38.6,S
2021-07-09T10:24:02,600.0,38.6,S
2021-07-09T10:24:02,1300.0,38.6,S
2021-07-09T10:24:02,5600.0,38.6,S
2021-07-09T10:24:02,2600.0,38.6,S
2021-07-09T10:24:01,100.0,38.6,S
2021-07-09T10:23:58,2600.0,38.6,S
2021-07-09T10:23:56,200.0,38.6,S
2021-07-09T10:23:56,100.0,38.65,B
2021-07-09T10:23:53,5500.0,38.65,B
2021-07-09T10:23:52,200.0,38.6,S
2021-07-09T10:23:51,20000.0,38.6,S
2021-07-09T10:23:50,200.0,38.6,S
2021-07-09T10:23:49,200.0,38.6,S
2021-07-09T10:23:49,200.0,38.6,S
2021-07-09T10:23:46,100.0,38.6,S
2021-07-09T10:23:46,8000.0,38.65,B
2021-07-09T10:23:44,200.0,38.6,S
2021-07-09T10:23:38,200.0,38.6,S
2021-07-09T10:23:33,200.0,38.6,S
2021-07-09T10:23:29,200.0,38.6,S
2021-07-09T10:23:27,100.0,38.6,S
2021-07-09T10:23:25,300.0,38.65,B
2021-07-09T10:23:25,200.0,38.6,S
2021-07-09T10:23:25,200.0,38.6,S
2021-07-09T10:23:22,9500.0,38.6,S
2021-07-09T10:23:20,200.0,38.6,S
2021-07-09T10:23:20,200.0,38.6,S
2021-07-09T10:23:20,200.0,38.6,S
2021-07-09T10:23:19,2300.0,38.6,S
2021-07-09T10:23:19,8800.0,38.6,S
2021-07-09T10:23:19,700.0,38.6,S
2021-07-09T10:23:19,500.0,38.6,S
2021-07-09T10:23:15,3900.0,38.6,S
2021-07-09T10:23:14,100.0,38.65,B
2021-07-09T10:23:09,5000.0,38.65,B
2021-07-09T10:22:58,100.0,38.65,B
2021-07-09T10:22:58,1500.0,38.65,B
2021-07-09T10:22:54,2100.0,38.6,S
2021-07-09T10:22:53,500.0,38.65,B
2021-07-09T10:22:50,200.0,38.6,S
2021-07-09T10:22:47,3100.0,38.6,S
2021-07-09T10:22:36,100.0,38.65,B
2021-07-09T10:22:36,500.0,38.65,B
2021-07-09T10:22:36,400.0,38.65,B
2021-07-09T10:22:26,2000.0,38.6,S
2021-07-09T10:22:21,1500.0,38.65,B
2021-07-09T10:22:21,100.0,38.65,B
2021-07-09T10:22:14,500.0,38.65,B
2021-07-09T10:22:14,300.0,38.65,B
2021-07-09T10:22:11,2000.0,38.65,B
2021-07-09T10:22:09,300.0,38.65,B
2021-07-09T10:21:54,500.0,38.65,B
2021-07-09T10:21:42,400.0,38.65,B
2021-07-09T10:21:38,200.0,38.6,S
2021-07-09T10:21:36,1500.0,38.6,B
2021-07-09T10:21:36,600.0,38.6,B
2021-07-09T10:21:36,5900.0,38.6,B
2021-07-09T10:21:21,400.0,38.6,B
2021-07-09T10:21:13,600.0,38.6,S
2021-07-09T10:21:10,500.0,38.6,S
2021-07-09T10:21:07,1000.0,38.6,S
2021-07-09T10:21:07,9400.0,38.65,B
2021-07-09T10:21:07,200.0,38.65,B
2021-07-09T10:21:07,400.0,38.65,B
2021-07-09T10:21:01,100.0,38.6,S
2021-07-09T10:20:59,200.0,38.6,S
2021-07-09T10:20:59,1100.0,38.6,S
2021-07-09T10:20:57,200.0,38.6,S
2021-07-09T10:20:57,1100.0,38.6,B
2021-07-09T10:20:55,200.0,38.6,B
2021-07-09T10:20:55,16200.0,38.6,B
2021-07-09T10:20:55,1000.0,38.6,B
2021-07-09T10:20:51,600.0,38.6,B
2021-07-09T10:20:50,300.0,38.6,B
2021-07-09T10:20:50,200.0,38.6,B
2021-07-09T10:20:49,300.0,38.6,B
2021-07-09T10:20:48,600.0,38.6,B
2021-07-09T10:20:43,500.0,38.55,S
2021-07-09T10:20:40,100.0,38.55,S
2021-07-09T10:20:40,1000.0,38.6,B
2021-07-09T10:20:38,1000.0,38.6,B
2021-07-09T10:20:34,100.0,38.6,B
2021-07-09T10:20:32,2000.0,38.6,B
2021-07-09T10:20:31,1200.0,38.6,B
2021-07-09T10:20:31,300.0,38.6,B
2021-07-09T10:20:25,200.0,38.6,B
2021-07-09T10:20:16,2300.0,38.6,B
2021-07-09T10:20:16,100.0,38.6,B
2021-07-09T10:20:04,1300.0,38.6,B
2021-07-09T10:20:04,700.0,38.6,B
2021-07-09T10:20:02,200.0,38.6,B
2021-07-09T10:19:57,2300.0,38.6,B
2021-07-09T10:19:56,1400.0,38.6,S
2021-07-09T10:19:53,200.0,38.6,S
2021-07-09T10:19:51,200.0,38.6,S
2021-07-09T10:19:48,3400.0,38.6,B
2021-07-09T10:19:46,5000.0,38.6,B
2021-07-09T10:19:45,1900.0,38.6,B
2021-07-09T10:19:43,3000.0,38.6,B
2021-07-09T10:19:40,1000.0,38.6,B
2021-07-09T10:19:37,1000.0,38.6,B
2021-07-09T10:19:34,3000.0,38.6,B
2021-07-09T10:19:34,1000.0,38.6,B
2021-07-09T10:19:29,1100.0,38.6,B
2021-07-09T10:19:28,1400.0,38.55,S
2021-07-09T10:19:27,4000.0,38.6,B
2021-07-09T10:19:25,100.0,38.6,B
2021-07-09T10:19:22,1000.0,38.6,B
2021-07-09T10:19:18,600.0,38.6,B
2021-07-09T10:19:17,300.0,38.6,B
2021-07-09T10:19:12,100.0,38.6,B
2021-07-09T10:19:10,400.0,38.6,B
2021-07-09T10:19:09,300.0,38.6,B
2021-07-09T10:19:09,500.0,38.6,B
2021-07-09T10:19:04,300.0,38.6,B
2021-07-09T10:19:03,200.0,38.6,B
2021-07-09T10:19:01,1000.0,38.6,B
2021-07-09T10:18:59,300.0,38.6,S
2021-07-09T10:18:59,9100.0,38.6,S
2021-07-09T10:18:59,33400.0,38.6,S
2021-07-09T10:18:58,500.0,38.6,S
2021-07-09T10:18:57,500.0,38.65,B
2021-07-09T10:18:52,500.0,38.6,S
2021-07-09T10:18:51,500.0,38.65,B
2021-07-09T10:18:48,300.0,38.65,B
2021-07-09T10:18:46,100.0,38.6,S
2021-07-09T10:18:43,300.0,38.6,S
2021-07-09T10:18:43,200.0,38.6,S
2021-07-09T10:18:42,1000.0,38.65,B
2021-07-09T10:18:40,100.0,38.65,B
2021-07-09T10:18:32,200.0,38.65,B
2021-07-09T10:18:31,200.0,38.65,B
2021-07-09T10:18:30,2000.0,38.65,B
2021-07-09T10:18:29,100.0,38.65,B
2021-07-09T10:18:26,1000.0,38.65,B
2021-07-09T10:18:24,200.0,38.65,B
2021-07-09T10:18:19,500.0,38.65,S
2021-07-09T10:18:19,1200.0,38.65,S
2021-07-09T10:18:17,400.0,38.65,S
2021-07-09T10:18:15,500.0,38.65,S
2021-07-09T10:18:09,700.0,38.65,S
2021-07-09T10:18:08,200.0,38.65,S
2021-07-09T10:18:03,200.0,38.65,S
2021-07-09T10:17:55,1000.0,38.65,S
2021-07-09T10:17:51,100.0,38.7,B
2021-07-09T10:17:49,200.0,38.7,B
2021-07-09T10:17:49,1000.0,38.65,S
2021-07-09T10:17:45,3100.0,38.65,S
2021-07-09T10:17:44,1000.0,38.7,B
2021-07-09T10:17:44,100.0,38.7,B
2021-07-09T10:17:44,500.0,38.7,B
2021-07-09T10:17:43,400.0,38.65,S
2021-07-09T10:17:42,500.0,38.7,B
2021-07-09T10:17:40,1000.0,38.7,B
2021-07-09T10:17:39,100.0,38.7,B
2021-07-09T10:17:35,1000.0,38.7,B
2021-07-09T10:17:35,500.0,38.7,B
2021-07-09T10:17:33,400.0,38.7,B
2021-07-09T10:17:31,300.0,38.7,B
2021-07-09T10:17:27,500.0,38.7,B
2021-07-09T10:17:25,100.0,38.7,B
2021-07-09T10:17:25,8900.0,38.7,S
2021-07-09T10:17:23,500.0,38.7,S
2021-07-09T10:17:23,1000.0,38.7,S
2021-07-09T10:17:21,100.0,38.7,S
2021-07-09T10:17:20,300.0,38.7,S
2021-07-09T10:17:20,2500.0,38.7,S
2021-07-09T10:17:20,1300.0,38.7,S
2021-07-09T10:17:20,200.0,38.7,S
2021-07-09T10:17:20,5700.0,38.7,S
2021-07-09T10:17:20,100.0,38.7,S
2021-07-09T10:17:20,5000.0,38.7,S
2021-07-09T10:17:19,3000.0,38.7,S
2021-07-09T10:17:19,4000.0,38.7,S
2021-07-09T10:17:14,300.0,38.7,S
2021-07-09T10:17:14,1700.0,38.75,B
2021-07-09T10:17:13,100.0,38.7,S
2021-07-09T10:17:12,5000.0,38.7,S
2021-07-09T10:17:12,10000.0,38.7,S
2021-07-09T10:17:07,500.0,38.7,S
2021-07-09T10:17:07,20000.0,38.7,S
2021-07-09T10:17:04,100.0,38.75,B
2021-07-09T10:17:02,800.0,38.75,B
2021-07-09T10:17:01,3500.0,38.7,S
2021-07-09T10:16:57,20000.0,38.7,S
2021-07-09T10:16:57,700.0,38.7,S
2021-07-09T10:16:55,500.0,38.75,B
2021-07-09T10:16:55,200.0,38.7,S
2021-07-09T10:16:53,100.0,38.7,S
2021-07-09T10:16:50,500.0,38.75,B
2021-07-09T10:16:47,100.0,38.7,S
2021-07-09T10:16:46,1000.0,38.7,S
2021-07-09T10:16:43,1200.0,38.75,B
2021-07-09T10:16:43,100.0,38.7,S
2021-07-09T10:16:39,5700.0,38.7,S
2021-07-09T10:16:39,200.0,38.75,B
2021-07-09T10:16:38,100.0,38.75,B
2021-07-09T10:16:37,100.0,38.75,B
2021-07-09T10:16:37,500.0,38.75,B
2021-07-09T10:16:33,200.0,38.75,B
2021-07-09T10:16:33,200.0,38.75,B
2021-07-09T10:16:33,3200.0,38.75,S
2021-07-09T10:16:33,300.0,38.75,S
2021-07-09T10:16:33,700.0,38.75,S
2021-07-09T10:16:27,100.0,38.8,B
2021-07-09T10:16:26,2000.0,38.75,S
2021-07-09T10:16:22,600.0,38.8,B
2021-07-09T10:16:18,100.0,38.75,S
2021-07-09T10:16:18,2000.0,38.75,S
2021-07-09T10:16:16,300.0,38.75,S
2021-07-09T10:16:14,400.0,38.75,S
2021-07-09T10:16:14,500.0,38.75,S
2021-07-09T10:16:13,900.0,38.75,S
2021-07-09T10:16:12,1000.0,38.75,S
2021-07-09T10:16:12,800.0,38.8,B
2021-07-09T10:16:12,1200.0,38.8,B
2021-07-09T10:16:10,100.0,38.8,B
2021-07-09T10:16:06,900.0,38.8,B
2021-07-09T10:16:06,100.0,38.75,S
2021-07-09T10:16:05,1000.0,38.8,B
2021-07-09T10:16:03,200.0,38.75,S
2021-07-09T10:16:02,100.0,38.75,S
2021-07-09T10:16:02,100.0,38.75,S
2021-07-09T10:15:59,100.0,38.8,B
2021-07-09T10:15:57,200.0,38.75,S
2021-07-09T10:15:56,200.0,38.75,S
2021-07-09T10:15:53,200.0,38.7,S
2021-07-09T10:15:50,4900.0,38.75,S
2021-07-09T10:15:48,1000.0,38.8,B
2021-07-09T10:15:46,200.0,38.75,S
2021-07-09T10:15:43,3000.0,38.8,B
2021-07-09T10:15:43,5000.0,38.8,B
2021-07-09T10:15:42,200.0,38.75,S
2021-07-09T10:15:40,1000.0,38.8,B
2021-07-09T10:15:36,200.0,38.75,S
2021-07-09T10:15:33,200.0,38.75,S
2021-07-09T10:15:29,200.0,38.8,B
2021-07-09T10:15:29,2000.0,38.8,B
2021-07-09T10:15:29,300.0,38.8,B
2021-07-09T10:15:28,200.0,38.75,S
2021-07-09T10:15:23,10000.0,38.8,B
2021-07-09T10:15:22,200.0,38.75,S
2021-07-09T10:15:22,200.0,38.8,B
2021-07-09T10:15:20,200.0,38.8,B
2021-07-09T10:15:20,300.0,38.8,B
2021-07-09T10:15:18,100.0,38.8,B
2021-07-09T10:15:16,7000.0,38.8,B
2021-07-09T10:15:16,500.0,38.75,S
2021-07-09T10:15:13,15000.0,38.8,B
2021-07-09T10:15:10,15800.0,38.8,B
2021-07-09T10:15:10,1200.0,38.8,B
2021-07-09T10:15:10,500.0,38.8,B
2021-07-09T10:15:10,2000.0,38.8,B
2021-07-09T10:15:10,500.0,38.75,B
2021-07-09T10:15:04,500.0,38.7,S
2021-07-09T10:15:04,500.0,38.75,B
2021-07-09T10:15:01,400.0,38.75,B
2021-07-09T10:15:00,100.0,38.75,B
2021-07-09T10:14:58,500.0,38.7,S
2021-07-09T10:14:56,200.0,38.7,S
2021-07-09T10:14:53,10100.0,38.7,B
2021-07-09T10:14:50,100.0,38.7,B
2021-07-09T10:14:50,700.0,38.7,B
2021-07-09T10:14:48,1500.0,38.65,S
2021-07-09T10:14:44,100.0,38.7,B
2021-07-09T10:14:38,500.0,38.7,B
2021-07-09T10:14:37,500.0,38.65,S
2021-07-09T10:14:34,100.0,38.65,S
2021-07-09T10:14:34,9500.0,38.65,S
2021-07-09T10:14:32,500.0,38.65,S
2021-07-09T10:14:31,200.0,38.65,S
2021-07-09T10:14:29,200.0,38.65,S
2021-07-09T10:14:29,2500.0,38.65,B
2021-07-09T10:14:27,200.0,38.6,S
2021-07-09T10:14:24,200.0,38.6,S
2021-07-09T10:14:23,200.0,38.6,S
2021-07-09T10:14:21,500.0,38.6,S
2021-07-09T10:14:19,3300.0,38.6,S
2021-07-09T10:14:18,200.0,38.6,S
2021-07-09T10:14:16,200.0,38.6,S
2021-07-09T10:14:15,500.0,38.6,S
2021-07-09T10:14:14,200.0,38.6,S
2021-07-09T10:14:08,200.0,38.6,S
2021-07-09T10:14:06,500.0,38.6,S
2021-07-09T10:14:06,1500.0,38.6,S
2021-07-09T10:14:04,200.0,38.6,S
2021-07-09T10:13:58,200.0,38.6,S
2021-07-09T10:13:58,200.0,38.6,S
2021-07-09T10:13:57,200.0,38.6,S
2021-07-09T10:13:56,1600.0,38.6,B
2021-07-09T10:13:56,500.0,38.6,B
2021-07-09T10:13:55,200.0,38.55,S
2021-07-09T10:13:55,200.0,38.6,B
2021-07-09T10:13:54,12000.0,38.6,B
2021-07-09T10:13:54,1000.0,38.6,B
2021-07-09T10:13:54,17000.0,38.6,B
2021-07-09T10:13:53,600.0,38.6,B
2021-07-09T10:13:53,1100.0,38.6,B
2021-07-09T10:13:49,100.0,38.6,B
2021-07-09T10:13:49,1000.0,38.6,B
2021-07-09T10:13:47,400.0,38.6,B
2021-07-09T10:13:45,1000.0,38.6,B
2021-07-09T10:13:45,500.0,38.6,B
2021-07-09T10:13:43,1900.0,38.6,B
2021-07-09T10:13:42,100.0,38.6,B
2021-07-09T10:13:38,200.0,38.6,B
2021-07-09T10:13:36,1000.0,38.6,B
2021-07-09T10:13:35,1000.0,38.6,B
2021-07-09T10:13:32,100.0,38.55,S
2021-07-09T10:13:31,300.0,38.6,B
2021-07-09T10:13:30,1000.0,38.6,B
2021-07-09T10:13:29,300.0,38.6,B
2021-07-09T10:13:28,500.0,38.6,B
2021-07-09T10:13:27,300.0,38.6,B
2021-07-09T10:13:25,1400.0,38.6,B
2021-07-09T10:13:24,5700.0,38.6,B
2021-07-09T10:13:24,300.0,38.6,B
2021-07-09T10:13:24,2600.0,38.6,B
2021-07-09T10:13:24,100.0,38.6,B
2021-07-09T10:13:24,3000.0,38.6,B
2021-07-09T10:13:23,1000.0,38.6,B
2021-07-09T10:13:21,20500.0,38.6,B
2021-07-09T10:13:20,500.0,38.6,B
2021-07-09T10:13:18,500.0,38.6,B
2021-07-09T10:13:16,400.0,38.6,B
2021-07-09T10:13:14,500.0,38.6,B
2021-07-09T10:13:09,1000.0,38.6,B
2021-07-09T10:13:08,2200.0,38.6,B
2021-07-09T10:13:07,1000.0,38.6,B
2021-07-09T10:13:03,400.0,38.6,B
2021-07-09T10:13:01,200.0,38.6,B
2021-07-09T10:12:58,500.0,38.6,B
2021-07-09T10:12:56,100.0,38.6,B
2021-07-09T10:12:56,300.0,38.6,B
2021-07-09T10:12:56,800.0,38.6,B
2021-07-09T10:12:52,1000.0,38.55,B
2021-07-09T10:12:48,200.0,38.5,S
2021-07-09T10:12:44,2700.0,38.5,S
2021-07-09T10:12:44,2700.0,38.5,S
2021-07-09T10:12:41,3300.0,38.6,B
2021-07-09T10:12:41,400.0,38.6,B
2021-07-09T10:12:41,4800.0,38.6,B
2021-07-09T10:12:41,5500.0,38.6,B
2021-07-09T10:12:41,29600.0,38.6,B
2021-07-09T10:12:41,6400.0,38.55,S
2021-07-09T10:12:34,2600.0,38.5,S
2021-07-09T10:12:33,1300.0,38.5,S
2021-07-09T10:12:31,2700.0,38.5,S
2021-07-09T10:12:28,200.0,38.5,S
2021-07-09T10:12:27,15600.0,38.5,B
2021-07-09T10:12:27,1100.0,38.5,B
2021-07-09T10:12:27,100.0,38.5,B
2021-07-09T10:12:27,1200.0,38.5,B
2021-07-09T10:12:27,6200.0,38.5,B
2021-07-09T10:12:27,10000.0,38.5,B
2021-07-09T10:12:27,800.0,38.5,B
2021-07-09T10:12:27,100.0,38.5,B
2021-07-09T10:12:27,100.0,38.5,B
2021-07-09T10:12:27,2100.0,38.5,B
2021-07-09T10:12:27,300.0,38.5,B
2021-07-09T10:12:27,4300.0,38.5,B
2021-07-09T10:12:27,200.0,38.5,B
2021-07-09T10:12:27,100.0,38.5,B
2021-07-09T10:12:27,1200.0,38.5,B
2021-07-09T10:12:27,4200.0,38.5,B
2021-07-09T10:12:27,300.0,38.5,B
2021-07-09T10:12:27,10400.0,38.5,B
2021-07-09T10:12:23,900.0,38.5,B
2021-07-09T10:12:22,2000.0,38.5,B
2021-07-09T10:12:20,5000.0,38.5,B
2021-07-09T10:12:18,1000.0,38.5,B
2021-07-09T10:12:14,300.0,38.5,B
2021-07-09T10:12:14,1000.0,38.5,B
2021-07-09T10:12:14,300.0,38.5,B
2021-07-09T10:12:13,200.0,38.5,B
2021-07-09T10:12:08,200.0,38.5,B
2021-07-09T10:12:07,500.0,38.5,B
2021-07-09T10:12:02,200.0,38.5,B
2021-07-09T10:12:00,300.0,38.5,B
2021-07-09T10:11:59,200.0,38.45,S
2021-07-09T10:11:55,3000.0,38.45,S
2021-07-09T10:11:55,2500.0,38.5,B
2021-07-09T10:11:50,2700.0,38.45,S
2021-07-09T10:11:43,2700.0,38.45,S
2021-07-09T10:11:43,300.0,38.45,S
2021-07-09T10:11:43,1300.0,38.45,B
2021-07-09T10:11:43,11100.0,38.45,B
2021-07-09T10:11:43,3800.0,38.45,B
2021-07-09T10:11:43,200.0,38.45,B
2021-07-09T10:11:43,1000.0,38.45,B
2021-07-09T10:11:43,1600.0,38.45,B
2021-07-09T10:11:43,53500.0,38.45,B
2021-07-09T10:11:43,200.0,38.45,B
2021-07-09T10:11:43,11600.0,38.45,B
2021-07-09T10:11:42,200.0,38.45,B
2021-07-09T10:11:42,1000.0,38.45,B
2021-07-09T10:11:37,2700.0,38.4,S
2021-07-09T10:11:35,100.0,38.45,B
2021-07-09T10:11:31,15000.0,38.45,B
2021-07-09T10:11:31,200.0,38.4,S
2021-07-09T10:11:31,800.0,38.4,S
2021-07-09T10:11:31,1900.0,38.4,S
2021-07-09T10:11:17,3000.0,38.45,B
2021-07-09T10:11:14,2700.0,38.4,S
2021-07-09T10:11:13,600.0,38.4,S
2021-07-09T10:11:08,300.0,38.4,S
2021-07-09T10:11:01,400.0,38.4,S
2021-07-09T10:10:57,1000.0,38.4,B
2021-07-09T10:10:56,600.0,38.4,B
2021-07-09T10:10:50,1000.0,38.4,B
2021-07-09T10:10:48,200.0,38.4,B
2021-07-09T10:10:46,500.0,38.4,B
2021-07-09T10:10:40,8500.0,38.3,S
2021-07-09T10:10:40,400.0,38.3,S
2021-07-09T10:10:40,2000.0,38.3,S
2021-07-09T10:10:40,700.0,38.3,S
2021-07-09T10:10:40,1300.0,38.35,S
2021-07-09T10:10:40,1300.0,38.35,S
2021-07-09T10:10:40,3100.0,38.35,S
2021-07-09T10:10:40,200.0,38.35,S
2021-07-09T10:10:40,1900.0,38.35,S
2021-07-09T10:10:40,4700.0,38.35,S
2021-07-09T10:10:40,600.0,38.35,S
2021-07-09T10:10:40,4500.0,38.35,S
2021-07-09T10:10:40,500.0,38.35,S
2021-07-09T10:10:40,100.0,38.35,S
2021-07-09T10:10:40,1100.0,38.35,S
2021-07-09T10:10:40,10300.0,38.35,S
2021-07-09T10:10:40,400.0,38.35,S
2021-07-09T10:10:40,5000.0,38.35,S
2021-07-09T10:10:40,1800.0,38.35,S
2021-07-09T10:10:40,8500.0,38.35,S
2021-07-09T10:10:40,43100.0,38.35,S
2021-07-09T10:10:39,11500.0,38.4,S
2021-07-09T10:10:37,20200.0,38.4,B
2021-07-09T10:10:37,4300.0,38.4,B
2021-07-09T10:10:37,100.0,38.4,B
2021-07-09T10:10:37,7200.0,38.4,B
2021-07-09T10:10:37,8700.0,38.4,B
2021-07-09T10:10:37,49500.0,38.4,B
2021-07-09T10:10:37,2900.0,38.4,B
2021-07-09T10:10:37,1200.0,38.4,B
2021-07-09T10:10:36,100.0,38.4,B
2021-07-09T10:10:34,2800.0,38.35,S
2021-07-09T10:10:30,700.0,38.4,B
2021-07-09T10:10:27,100.0,38.4,B
2021-07-09T10:10:26,100.0,38.4,B
2021-07-09T10:10:22,1000.0,38.4,B
2021-07-09T10:10:21,6200.0,38.4,B
2021-07-09T10:10:20,5000.0,38.4,B
2021-07-09T10:10:19,100.0,38.4,B
2021-07-09T10:10:18,500.0,38.4,B
2021-07-09T10:10:14,100.0,38.4,B
2021-07-09T10:10:09,600.0,38.4,B
2021-07-09T10:10:09,200.0,38.4,B
2021-07-09T10:10:09,200.0,38.4,B
2021-07-09T10:10:03,100.0,38.35,S
2021-07-09T10:10:01,400.0,38.4,B
2021-07-09T10:10:01,1000.0,38.4,B
2021-07-09T10:10:01,3600.0,38.4,B
2021-07-09T10:09:59,500.0,38.4,B
2021-07-09T10:09:59,100.0,38.4,B
2021-07-09T10:09:55,5700.0,38.35,S
2021-07-09T10:09:54,3600.0,38.4,B
2021-07-09T10:09:54,200.0,38.4,B
2021-07-09T10:09:53,5200.0,38.4,B
2021-07-09T10:09:52,100.0,38.4,B
2021-07-09T10:09:51,1000.0,38.4,B
2021-07-09T10:09:51,2700.0,38.35,S
2021-07-09T10:09:51,500.0,38.4,B
2021-07-09T10:09:50,100.0,38.35,S
2021-07-09T10:09:45,100.0,38.4,B
2021-07-09T10:09:45,6000.0,38.4,B
2021-07-09T10:09:43,5000.0,38.4,B
2021-07-09T10:09:40,2100.0,38.4,B
2021-07-09T10:09:40,3900.0,38.4,B
2021-07-09T10:09:38,500.0,38.35,S
2021-07-09T10:09:34,2000.0,38.4,B
2021-07-09T10:09:33,1000.0,38.4,B
2021-07-09T10:09:33,300.0,38.35,S
2021-07-09T10:09:31,200.0,38.35,S
2021-07-09T10:09:29,200.0,38.35,S
2021-07-09T10:09:13,1000.0,38.4,B
2021-07-09T10:09:09,1200.0,38.4,B
2021-07-09T10:09:02,1500.0,38.35,B
2021-07-09T10:09:02,500.0,38.35,B
2021-07-09T10:09:00,200.0,38.35,B
2021-07-09T10:09:00,5200.0,38.35,B
2021-07-09T10:09:00,3000.0,38.35,B
2021-07-09T10:09:00,800.0,38.35,B
2021-07-09T10:08:57,300.0,38.35,B
2021-07-09T10:08:56,3500.0,38.35,B
2021-07-09T10:08:55,200.0,38.35,B
2021-07-09T10:08:53,200.0,38.35,B
2021-07-09T10:08:52,3500.0,38.35,B
2021-07-09T10:08:52,1100.0,38.35,B
2021-07-09T10:08:52,45400.0,38.35,B
2021-07-09T10:08:49,2000.0,38.35,B
2021-07-09T10:08:48,300.0,38.35,B
2021-07-09T10:08:42,300.0,38.35,B
2021-07-09T10:08:42,2800.0,38.35,B
2021-07-09T10:08:38,500.0,38.35,B
2021-07-09T10:08:37,400.0,38.3,S
2021-07-09T10:08:37,100.0,38.3,S
2021-07-09T10:08:32,200.0,38.35,B
2021-07-09T10:08:31,300.0,38.35,B
2021-07-09T10:08:27,3000.0,38.35,B
2021-07-09T10:08:24,3200.0,38.3,S
2021-07-09T10:08:17,10000.0,38.35,B
2021-07-09T10:08:12,100.0,38.35,B
2021-07-09T10:08:09,1100.0,38.3,S
2021-07-09T10:08:05,8900.0,38.3,S
2021-07-09T10:08:02,200.0,38.3,S
2021-07-09T10:08:00,1100.0,38.3,S
2021-07-09T10:07:57,3000.0,38.35,B
2021-07-09T10:07:55,500.0,38.3,S
2021-07-09T10:07:55,5000.0,38.3,S
2021-07-09T10:07:47,700.0,38.3,B
2021-07-09T10:07:47,100.0,38.3,B
2021-07-09T10:07:47,500.0,38.3,B
2021-07-09T10:07:47,100.0,38.3,B
2021-07-09T10:07:42,100.0,38.3,B
2021-07-09T10:07:42,100.0,38.3,B
2021-07-09T10:07:41,200.0,38.3,B
2021-07-09T10:07:41,8200.0,38.3,B
2021-07-09T10:07:41,200.0,38.3,B
2021-07-09T10:07:41,600.0,38.3,B
2021-07-09T10:07:40,5000.0,38.3,B
2021-07-09T10:07:39,200.0,38.3,B
2021-07-09T10:07:39,5000.0,38.25,S
2021-07-09T10:07:37,100.0,38.3,B
2021-07-09T10:07:33,100.0,38.3,B
2021-07-09T10:07:32,1100.0,38.3,B
2021-07-09T10:07:32,3200.0,38.3,B
2021-07-09T10:07:29,500.0,38.3,B
2021-07-09T10:07:25,1000.0,38.3,B
2021-07-09T10:07:25,200.0,38.3,B
2021-07-09T10:07:25,200.0,38.3,B
2021-07-09T10:07:22,1000.0,38.3,B
2021-07-09T10:07:18,1000.0,38.3,B
2021-07-09T10:07:15,100.0,38.3,B
2021-07-09T10:07:12,500.0,38.3,B
2021-07-09T10:07:06,300.0,38.3,B
2021-07-09T10:07:05,200.0,38.3,B
2021-07-09T10:07:03,300.0,38.3,B
2021-07-09T10:07:02,4300.0,38.3,S
2021-07-09T10:07:02,200.0,38.3,S
2021-07-09T10:07:00,2100.0,38.3,S
2021-07-09T10:07:00,4900.0,38.3,S
2021-07-09T10:06:59,10000.0,38.3,S
2021-07-09T10:06:57,5600.0,38.3,S
2021-07-09T10:06:57,100.0,38.3,S
2021-07-09T10:06:54,100.0,38.3,S
2021-07-09T10:06:53,2000.0,38.3,S
2021-07-09T10:06:48,700.0,38.3,S
2021-07-09T10:06:44,800.0,38.3,S
2021-07-09T10:06:44,100.0,38.3,S
2021-07-09T10:06:44,5000.0,38.3,B
2021-07-09T10:06:44,1800.0,38.3,B
2021-07-09T10:06:44,200.0,38.3,B
2021-07-09T10:06:43,40700.0,38.3,B
2021-07-09T10:06:43,20200.0,38.3,B
2021-07-09T10:06:43,100.0,38.3,B
2021-07-09T10:06:43,7700.0,38.3,B
2021-07-09T10:06:42,100.0,38.25,S
2021-07-09T10:06:41,100.0,38.3,B
2021-07-09T10:06:39,300.0,38.3,B
2021-07-09T10:06:39,400.0,38.25,S
2021-07-09T10:06:38,100.0,38.25,S
2021-07-09T10:06:33,500.0,38.3,B
2021-07-09T10:06:33,200.0,38.25,S
2021-07-09T10:06:33,500.0,38.3,B
2021-07-09T10:06:33,500.0,38.3,B
2021-07-09T10:06:27,1300.0,38.25,S
2021-07-09T10:06:27,800.0,38.25,S
2021-07-09T10:06:23,100.0,38.3,B
2021-07-09T10:06:23,500.0,38.3,B
2021-07-09T10:06:23,1100.0,38.25,S
2021-07-09T10:06:22,2000.0,38.3,B
2021-07-09T10:06:20,8900.0,38.25,S
2021-07-09T10:06:17,700.0,38.3,B
2021-07-09T10:06:15,3000.0,38.3,B
2021-07-09T10:06:10,100.0,38.3,B
2021-07-09T10:06:09,13900.0,38.25,S
2021-07-09T10:06:09,5500.0,38.25,S
2021-07-09T10:06:09,1400.0,38.25,S
2021-07-09T10:06:09,1200.0,38.25,S
2021-07-09T10:06:09,1600.0,38.25,S
2021-07-09T10:06:08,2100.0,38.25,S
2021-07-09T10:06:08,600.0,38.25,S
2021-07-09T10:06:08,1200.0,38.25,S
2021-07-09T10:06:08,1600.0,38.25,S
2021-07-09T10:06:08,200.0,38.25,S
2021-07-09T10:06:08,600.0,38.25,S
2021-07-09T10:06:08,1000.0,38.25,S
2021-07-09T10:06:08,2100.0,38.25,S
2021-07-09T10:06:08,300.0,38.25,S
2021-07-09T10:06:08,500.0,38.25,S
2021-07-09T10:06:08,4500.0,38.25,S
2021-07-09T10:06:08,200.0,38.25,S
2021-07-09T10:06:08,600.0,38.25,S
2021-07-09T10:06:08,600.0,38.25,S
2021-07-09T10:06:08,2500.0,38.25,S
2021-07-09T10:06:08,1900.0,38.25,S
2021-07-09T10:06:08,1500.0,38.25,S
2021-07-09T10:06:06,100.0,38.25,S
2021-07-09T10:06:06,100.0,38.3,B
2021-07-09T10:06:04,200.0,38.25,S
2021-07-09T10:06:04,100.0,38.3,B
2021-07-09T10:06:03,500.0,38.3,B
2021-07-09T10:06:02,1000.0,38.3,B
2021-07-09T10:05:48,600.0,38.3,B
2021-07-09T10:05:48,500.0,38.3,B
2021-07-09T10:05:45,1000.0,38.25,S
2021-07-09T10:05:35,500.0,38.3,B
2021-07-09T10:05:32,3000.0,38.3,B
2021-07-09T10:05:30,300.0,38.3,B
2021-07-09T10:05:28,200.0,38.25,S
2021-07-09T10:05:28,500.0,38.25,S
2021-07-09T10:05:28,300.0,38.25,S
2021-07-09T10:05:25,100.0,38.3,B
2021-07-09T10:05:20,1200.0,38.3,B
2021-07-09T10:05:18,6500.0,38.25,S
2021-07-09T10:05:18,2000.0,38.25,S
2021-07-09T10:05:18,300.0,38.25,S
2021-07-09T10:05:18,100.0,38.3,B
2021-07-09T10:05:13,100.0,38.3,B
2021-07-09T10:05:12,1000.0,38.3,B
2021-07-09T10:05:06,1500.0,38.3,B
2021-07-09T10:05:05,1000.0,38.25,S
2021-07-09T10:04:54,100.0,38.3,B
2021-07-09T10:04:36,1000.0,38.25,S
2021-07-09T10:04:33,100.0,38.3,B
2021-07-09T10:04:33,1200.0,38.3,S
2021-07-09T10:04:33,300.0,38.3,S
2021-07-09T10:04:33,1600.0,38.3,S
2021-07-09T10:04:33,2500.0,38.3,S
2021-07-09T10:04:33,1200.0,38.3,S
2021-07-09T10:04:33,200.0,38.3,S
2021-07-09T10:04:33,300.0,38.3,S
2021-07-09T10:04:33,200.0,38.3,S
2021-07-09T10:04:33,1700.0,38.3,S
2021-07-09T10:04:33,1000.0,38.3,S
2021-07-09T10:04:33,100.0,38.3,S
2021-07-09T10:04:33,100.0,38.3,S
2021-07-09T10:04:33,300.0,38.3,S
2021-07-09T10:04:33,400.0,38.3,S
2021-07-09T10:04:33,100.0,38.3,S
2021-07-09T10:04:33,900.0,38.3,S
2021-07-09T10:04:33,300.0,38.3,S
2021-07-09T10:04:33,1300.0,38.3,S
2021-07-09T10:04:33,600.0,38.3,S
2021-07-09T10:04:33,100.0,38.3,S
2021-07-09T10:04:33,500.0,38.3,S
2021-07-09T10:04:33,600.0,38.3,S
2021-07-09T10:04:33,200.0,38.3,S
2021-07-09T10:04:33,600.0,38.3,S
2021-07-09T10:04:33,16600.0,38.3,S
2021-07-09T10:04:33,4700.0,38.3,S
2021-07-09T10:04:33,1000.0,38.3,S
2021-07-09T10:04:33,400.0,38.3,S
2021-07-09T10:04:33,3300.0,38.3,S
2021-07-09T10:04:33,3400.0,38.3,S
2021-07-09T10:04:33,800.0,38.3,S
2021-07-09T10:04:33,500.0,38.3,S
2021-07-09T10:04:33,2800.0,38.3,S
2021-07-09T10:04:33,700.0,38.3,S
2021-07-09T10:04:33,500.0,38.3,S
2021-07-09T10:04:33,11200.0,38.3,S
2021-07-09T10:04:33,700.0,38.3,S
2021-07-09T10:04:33,400.0,38.3,S
2021-07-09T10:04:33,1100.0,38.3,S
2021-07-09T10:04:33,1100.0,38.3,S
2021-07-09T10:04:33,200.0,38.3,S
2021-07-09T10:04:33,100.0,38.3,S
2021-07-09T10:04:33,4100.0,38.3,S
2021-07-09T10:04:33,2400.0,38.3,S
2021-07-09T10:04:33,100.0,38.3,S
2021-07-09T10:04:33,1500.0,38.3,S
2021-07-09T10:04:33,500.0,38.3,S
2021-07-09T10:04:33,1000.0,38.3,S
2021-07-09T10:04:33,400.0,38.3,S
2021-07-09T10:04:33,300.0,38.3,S
2021-07-09T10:04:33,12500.0,38.3,S
2021-07-09T10:04:33,400.0,38.3,S
2021-07-09T10:04:33,300.0,38.3,S
2021-07-09T10:04:33,2000.0,38.3,S
2021-07-09T10:04:33,600.0,38.3,S
2021-07-09T10:04:33,600.0,38.3,S
2021-07-09T10:04:33,300.0,38.3,S
2021-07-09T10:04:33,2900.0,38.3,S
2021-07-09T10:04:33,2000.0,38.3,S
2021-07-09T10:04:33,1100.0,38.3,S
2021-07-09T10:04:33,3000.0,38.3,S
2021-07-09T10:04:33,900.0,38.3,S
2021-07-09T10:04:33,100.0,38.3,S
2021-07-09T10:04:33,900.0,38.3,S
2021-07-09T10:04:33,400.0,38.3,S
2021-07-09T10:04:33,2600.0,38.3,S
2021-07-09T10:04:33,600.0,38.3,S
2021-07-09T10:04:33,100.0,38.3,S
2021-07-09T10:04:33,1100.0,38.3,S
2021-07-09T10:04:33,700.0,38.3,S
2021-07-09T10:04:33,300.0,38.3,S
2021-07-09T10:04:33,1200.0,38.3,S
2021-07-09T10:04:33,300.0,38.3,S
2021-07-09T10:04:33,1200.0,38.3,S
2021-07-09T10:04:33,500.0,38.3,S
2021-07-09T10:04:33,3300.0,38.3,S
2021-07-09T10:04:33,100.0,38.3,S
2021-07-09T10:04:33,5400.0,38.3,S
2021-07-09T10:04:33,1200.0,38.3,S
2021-07-09T10:04:33,500.0,38.3,S
2021-07-09T10:04:33,1200.0,38.3,S
2021-07-09T10:04:33,3700.0,38.3,S
2021-07-09T10:04:33,1800.0,38.3,S
2021-07-09T10:04:33,2200.0,38.3,S
2021-07-09T10:04:33,2700.0,38.3,S
2021-07-09T10:04:33,400.0,38.3,S
2021-07-09T10:04:33,1400.0,38.3,S
2021-07-09T10:04:33,1100.0,38.3,S
2021-07-09T10:04:33,9100.0,38.3,S
2021-07-09T10:04:33,600.0,38.3,S
2021-07-09T10:04:33,700.0,38.3,S
2021-07-09T10:04:33,8300.0,38.3,S
2021-07-09T10:04:33,3400.0,38.3,S
2021-07-09T10:04:33,500.0,38.3,S
2021-07-09T10:04:33,2400.0,38.3,S
2021-07-09T10:04:33,700.0,38.3,S
2021-07-09T10:04:33,800.0,38.3,S
2021-07-09T10:04:33,5900.0,38.3,S
2021-07-09T10:04:33,3300.0,38.3,S
2021-07-09T10:04:33,5000.0,38.35,B
2021-07-09T10:04:28,100.0,38.35,B
2021-07-09T10:04:22,2000.0,38.35,B
2021-07-09T10:04:13,500.0,38.3,S
2021-07-09T10:04:09,500.0,38.35,B
2021-07-09T10:04:04,200.0,38.3,S
2021-07-09T10:03:54,900.0,38.3,S
2021-07-09T10:03:54,100.0,38.3,S
2021-07-09T10:03:54,1000.0,38.3,S
2021-07-09T10:03:53,100.0,38.35,B
2021-07-09T10:03:49,300.0,38.3,S
2021-07-09T10:03:49,800.0,38.3,S
2021-07-09T10:03:49,800.0,38.3,S
2021-07-09T10:03:48,1200.0,38.3,S
2021-07-09T10:03:48,6900.0,38.3,S
2021-07-09T10:03:47,200.0,38.3,S
2021-07-09T10:03:40,100.0,38.35,B
2021-07-09T10:03:39,700.0,38.3,S
2021-07-09T10:03:39,300.0,38.3,S
2021-07-09T10:03:34,1000.0,38.3,S
2021-07-09T10:03:34,200.0,38.3,S
2021-07-09T10:03:28,1100.0,38.3,S
2021-07-09T10:03:28,100.0,38.3,S
2021-07-09T10:03:28,1800.0,38.3,S
2021-07-09T10:03:27,100.0,38.3,S
2021-07-09T10:03:27,100.0,38.3,S
2021-07-09T10:03:25,300.0,38.35,B
2021-07-09T10:03:25,300.0,38.3,S
2021-07-09T10:03:15,200.0,38.3,S
2021-07-09T10:03:15,1000.0,38.3,S
2021-07-09T10:03:05,200.0,38.3,S
2021-07-09T10:03:04,1100.0,38.3,S
2021-07-09T10:03:01,600.0,38.3,S
2021-07-09T10:03:01,2300.0,38.3,S
2021-07-09T10:03:01,6000.0,38.3,S
2021-07-09T10:02:53,100.0,38.35,B
2021-07-09T10:02:45,6000.0,38.35,B
2021-07-09T10:02:40,800.0,38.35,B
2021-07-09T10:02:35,100.0,38.35,B
2021-07-09T10:02:18,5000.0,38.35,B
2021-07-09T10:02:17,2100.0,38.3,S
2021-07-09T10:02:15,1000.0,38.35,B
2021-07-09T10:02:08,300.0,38.35,B
2021-07-09T10:02:08,500.0,38.35,B
2021-07-09T10:02:06,1000.0,38.35,B
2021-07-09T10:01:57,100.0,38.35,B
2021-07-09T10:01:54,100.0,38.35,B
2021-07-09T10:01:45,100.0,38.35,B
2021-07-09T10:01:43,1800.0,38.35,B
2021-07-09T10:01:42,10000.0,38.35,B
2021-07-09T10:01:41,100.0,38.35,B
2021-07-09T10:01:37,200.0,38.35,B
2021-07-09T10:01:37,1800.0,38.35,B
2021-07-09T10:01:34,100.0,38.35,B
2021-07-09T10:01:33,1200.0,38.35,B
2021-07-09T10:01:28,100.0,38.35,B
2021-07-09T10:01:28,100.0,38.35,B
2021-07-09T10:01:23,1000.0,38.35,B
2021-07-09T10:01:19,1000.0,38.35,B
2021-07-09T10:01:13,100.0,38.35,B
2021-07-09T10:01:13,200.0,38.35,B
2021-07-09T10:01:11,1500.0,38.3,S
2021-07-09T10:01:08,1500.0,38.35,B
2021-07-09T10:01:07,200.0,38.3,S
2021-07-09T10:01:04,400.0,38.3,S
2021-07-09T10:01:04,100.0,38.35,B
2021-07-09T10:01:01,100.0,38.35,B
2021-07-09T10:00:58,200.0,38.35,B
2021-07-09T10:00:58,300.0,38.35,B
2021-07-09T10:00:56,300.0,38.3,S
2021-07-09T10:00:54,1000.0,38.3,S
2021-07-09T10:00:54,100.0,38.35,B
2021-07-09T10:00:52,100.0,38.35,B
2021-07-09T10:00:49,300.0,38.35,B
2021-07-09T10:00:46,100.0,38.35,B
2021-07-09T10:00:45,100.0,38.35,B
2021-07-09T10:00:40,200.0,38.35,B
2021-07-09T10:00:40,1000.0,38.35,B
2021-07-09T10:00:36,200.0,38.35,B
2021-07-09T10:00:32,200.0,38.35,B
2021-07-09T10:00:21,9300.0,38.35,S
2021-07-09T10:00:21,500.0,38.35,S
2021-07-09T10:00:21,700.0,38.35,S
2021-07-09T10:00:21,9200.0,38.35,S
2021-07-09T10:00:21,500.0,38.35,S
2021-07-09T10:00:21,600.0,38.35,S
2021-07-09T10:00:21,700.0,38.35,S
2021-07-09T10:00:21,1100.0,38.35,S
2021-07-09T10:00:21,5300.0,38.35,S
2021-07-09T10:00:21,100.0,38.35,S
2021-07-09T10:00:21,1500.0,38.35,S
2021-07-09T10:00:21,500.0,38.35,S
2021-07-09T10:00:21,500.0,38.35,S
2021-07-09T10:00:21,6900.0,38.35,S
2021-07-09T10:00:21,3000.0,38.35,S
2021-07-09T10:00:21,1400.0,38.35,S
2021-07-09T10:00:21,700.0,38.35,S
2021-07-09T10:00:21,900.0,38.35,S
2021-07-09T10:00:21,4500.0,38.35,S
2021-07-09T10:00:21,6600.0,38.35,S
2021-07-09T10:00:21,30400.0,38.35,S
2021-07-09T10:00:21,100.0,38.35,S
2021-07-09T10:00:21,6100.0,38.35,S
2021-07-09T10:00:21,11100.0,38.35,S
2021-07-09T10:00:21,3300.0,38.35,S
2021-07-09T10:00:21,800.0,38.35,S
2021-07-09T10:00:21,12500.0,38.35,S
2021-07-09T10:00:21,300.0,38.35,S
2021-07-09T10:00:21,200.0,38.35,S
2021-07-09T10:00:21,42400.0,38.35,S
2021-07-09T10:00:19,500.0,38.4,B
2021-07-09T10:00:14,800.0,38.4,B
2021-07-09T10:00:13,1100.0,38.4,B
2021-07-09T10:00:09,400.0,38.35,S
2021-07-09T10:00:09,100.0,38.35,S
2021-07-09T10:00:06,500.0,38.4,B
2021-07-09T10:00:03,200.0,38.4,B
2021-07-09T10:00:02,100.0,38.4,B
2021-07-09T10:00:01,300.0,38.4,B
2021-07-09T09:59:52,200.0,38.4,B
2021-07-09T09:59:52,300.0,38.4,B
2021-07-09T09:59:48,100.0,38.4,B
2021-07-09T09:59:44,100.0,38.35,S
2021-07-09T09:59:42,100.0,38.4,B
2021-07-09T09:59:40,100.0,38.35,S
2021-07-09T09:59:36,500.0,38.4,B
2021-07-09T09:59:34,1700.0,38.4,B
2021-07-09T09:59:34,1200.0,38.4,B
2021-07-09T09:59:33,7100.0,38.4,B
2021-07-09T09:59:33,500.0,38.4,B
2021-07-09T09:59:23,500.0,38.4,B
2021-07-09T09:59:20,100.0,38.4,B
2021-07-09T09:59:20,200.0,38.4,B
2021-07-09T09:59:19,1000.0,38.4,B
2021-07-09T09:59:18,300.0,38.4,B
2021-07-09T09:59:16,100.0,38.4,B
2021-07-09T09:59:11,2500.0,38.4,B
2021-07-09T09:59:05,300.0,38.4,B
2021-07-09T09:59:03,500.0,38.4,B
2021-07-09T09:58:50,100.0,38.4,B
2021-07-09T09:58:38,100.0,38.4,B
2021-07-09T09:58:37,100.0,38.4,B
2021-07-09T09:58:35,2000.0,38.4,B
2021-07-09T09:58:29,3300.0,38.4,B
2021-07-09T09:58:26,4300.0,38.4,B
2021-07-09T09:58:24,300.0,38.4,B
2021-07-09T09:58:24,100.0,38.4,B
2021-07-09T09:58:19,100.0,38.4,B
2021-07-09T09:58:19,100.0,38.4,B
2021-07-09T09:58:19,100.0,38.4,B
2021-07-09T09:58:17,200.0,38.4,B
2021-07-09T09:58:15,1000.0,38.4,B
2021-07-09T09:58:15,300.0,38.4,B
2021-07-09T09:58:09,300.0,38.4,B
2021-07-09T09:58:06,100.0,38.4,B
2021-07-09T09:58:06,3000.0,38.4,B
2021-07-09T09:58:05,100.0,38.4,B
2021-07-09T09:57:59,700.0,38.4,B
2021-07-09T09:57:59,100.0,38.4,B
2021-07-09T09:57:56,500.0,38.4,B
2021-07-09T09:57:47,100.0,38.4,B
2021-07-09T09:57:45,1200.0,38.4,B
2021-07-09T09:57:44,500.0,38.4,B
2021-07-09T09:57:42,100.0,38.4,B
2021-07-09T09:57:41,100.0,38.4,B
2021-07-09T09:57:40,300.0,38.4,B
2021-07-09T09:57:25,100.0,38.4,B
2021-07-09T09:57:23,5100.0,38.4,B
2021-07-09T09:57:13,500.0,38.4,B
2021-07-09T09:57:11,700.0,38.4,B
2021-07-09T09:57:10,100.0,38.4,B
2021-07-09T09:57:10,400.0,38.35,S
2021-07-09T09:57:08,100.0,38.4,B
2021-07-09T09:57:03,100.0,38.4,B
2021-07-09T09:57:02,2000.0,38.4,B
2021-07-09T09:57:00,300.0,38.4,B
2021-07-09T09:56:59,100.0,38.4,B
2021-07-09T09:56:58,100.0,38.4,B
2021-07-09T09:56:56,100.0,38.4,B
2021-07-09T09:56:53,1000.0,38.4,B
2021-07-09T09:56:46,3000.0,38.4,B
2021-07-09T09:56:44,100.0,38.4,B
2021-07-09T09:56:44,100.0,38.4,B
2021-07-09T09:56:42,1000.0,38.4,B
2021-07-09T09:56:40,4400.0,38.4,S
2021-07-09T09:56:40,200.0,38.4,S
2021-07-09T09:56:39,500.0,38.4,S
2021-07-09T09:56:35,400.0,38.4,S
2021-07-09T09:56:35,3700.0,38.4,S
2021-07-09T09:56:35,500.0,38.4,S
2021-07-09T09:56:35,100.0,38.4,S
2021-07-09T09:56:35,700.0,38.4,S
2021-07-09T09:56:34,100.0,38.4,S
2021-07-09T09:56:33,1000.0,38.4,S
2021-07-09T09:56:25,100.0,38.4,S
2021-07-09T09:56:20,100.0,38.4,S
2021-07-09T09:56:20,200.0,38.4,S
2021-07-09T09:56:15,200.0,38.4,S
2021-07-09T09:56:11,200.0,38.4,S
2021-07-09T09:56:09,200.0,38.4,S
2021-07-09T09:56:07,200.0,38.4,S
2021-07-09T09:56:05,200.0,38.45,B
2021-07-09T09:56:01,200.0,38.4,S
2021-07-09T09:55:59,100.0,38.45,B
2021-07-09T09:55:58,200.0,38.4,S
2021-07-09T09:55:57,800.0,38.4,S
2021-07-09T09:55:57,300.0,38.4,S
2021-07-09T09:55:57,2500.0,38.4,S
2021-07-09T09:55:57,1100.0,38.4,S
2021-07-09T09:55:57,1400.0,38.4,S
2021-07-09T09:55:57,5300.0,38.4,S
2021-07-09T09:55:57,1100.0,38.4,S
2021-07-09T09:55:57,800.0,38.4,S
2021-07-09T09:55:57,6700.0,38.4,S
2021-07-09T09:55:56,300.0,38.4,S
2021-07-09T09:55:54,200.0,38.4,S
2021-07-09T09:55:50,1000.0,38.4,S
2021-07-09T09:55:50,200.0,38.4,S
2021-07-09T09:55:50,500.0,38.45,B
2021-07-09T09:55:48,900.0,38.45,B
2021-07-09T09:55:45,2000.0,38.4,S
2021-07-09T09:55:45,600.0,38.4,S
2021-07-09T09:55:43,200.0,38.4,S
2021-07-09T09:55:41,200.0,38.4,S
2021-07-09T09:55:41,100.0,38.4,S
2021-07-09T09:55:38,200.0,38.4,S
2021-07-09T09:55:36,100.0,38.45,B
2021-07-09T09:55:34,200.0,38.4,S
2021-07-09T09:55:30,200.0,38.4,S
2021-07-09T09:55:30,800.0,38.4,S
2021-07-09T09:55:24,100.0,38.45,B
2021-07-09T09:55:17,200.0,38.45,B
2021-07-09T09:55:10,200.0,38.45,B
2021-07-09T09:55:10,400.0,38.45,B
2021-07-09T09:55:10,400.0,38.45,B
2021-07-09T09:55:07,200.0,38.45,B
2021-07-09T09:55:06,500.0,38.4,S
2021-07-09T09:55:05,500.0,38.45,B
2021-07-09T09:55:03,1300.0,38.4,S
2021-07-09T09:55:03,4500.0,38.4,S
2021-07-09T09:55:03,1200.0,38.4,S
2021-07-09T09:55:03,300.0,38.4,S
2021-07-09T09:55:03,100.0,38.4,S
2021-07-09T09:55:03,6700.0,38.4,S
2021-07-09T09:55:03,300.0,38.4,S
2021-07-09T09:55:03,1000.0,38.4,S
2021-07-09T09:55:03,1500.0,38.4,S
2021-07-09T09:55:03,1700.0,38.4,S
2021-07-09T09:55:03,700.0,38.4,S
2021-07-09T09:55:03,7300.0,38.4,S
2021-07-09T09:55:03,1000.0,38.4,S
2021-07-09T09:55:03,2400.0,38.4,S
2021-07-09T09:54:54,700.0,38.45,B
2021-07-09T09:54:53,1100.0,38.4,S
2021-07-09T09:54:49,300.0,38.4,S
2021-07-09T09:54:49,200.0,38.4,S
2021-07-09T09:54:49,500.0,38.4,S
2021-07-09T09:54:49,1100.0,38.4,S
2021-07-09T09:54:49,300.0,38.4,S
2021-07-09T09:54:49,3400.0,38.4,S
2021-07-09T09:54:49,1100.0,38.4,S
2021-07-09T09:54:49,700.0,38.4,S
2021-07-09T09:54:49,1300.0,38.4,S
2021-07-09T09:54:47,500.0,38.45,B
2021-07-09T09:54:40,8000.0,38.45,B
2021-07-09T09:54:40,1500.0,38.45,B
2021-07-09T09:54:40,300.0,38.45,B
2021-07-09T09:54:40,300.0,38.45,B
2021-07-09T09:54:40,1900.0,38.45,B
2021-07-09T09:54:35,500.0,38.45,B
2021-07-09T09:54:29,100.0,38.4,S
2021-07-09T09:54:29,1000.0,38.4,S
2021-07-09T09:54:29,400.0,38.4,S
2021-07-09T09:54:29,700.0,38.4,S
2021-07-09T09:54:29,800.0,38.4,S
2021-07-09T09:54:29,700.0,38.4,S
2021-07-09T09:54:29,1200.0,38.4,S
2021-07-09T09:54:29,700.0,38.4,S
2021-07-09T09:54:29,400.0,38.4,S
2021-07-09T09:54:29,1800.0,38.4,S
2021-07-09T09:54:29,7700.0,38.4,S
2021-07-09T09:54:29,1000.0,38.4,S
2021-07-09T09:54:26,500.0,38.4,S
2021-07-09T09:54:25,100.0,38.45,B
2021-07-09T09:54:23,700.0,38.4,S
2021-07-09T09:54:21,1000.0,38.4,S
2021-07-09T09:54:18,100.0,38.45,B
2021-07-09T09:54:17,400.0,38.45,B
2021-07-09T09:54:17,15400.0,38.4,S
2021-07-09T09:54:15,7500.0,38.4,S
2021-07-09T09:54:13,3100.0,38.4,S
2021-07-09T09:54:13,500.0,38.45,B
2021-07-09T09:54:11,100.0,38.45,B
2021-07-09T09:53:58,1100.0,38.45,B
2021-07-09T09:53:57,400.0,38.45,B
2021-07-09T09:53:42,500.0,38.45,B
2021-07-09T09:53:39,1000.0,38.45,B
2021-07-09T09:53:33,1000.0,38.4,S
2021-07-09T09:53:24,300.0,38.45,B
2021-07-09T09:53:23,1000.0,38.45,B
2021-07-09T09:53:20,100.0,38.45,B
2021-07-09T09:53:18,30000.0,38.4,S
2021-07-09T09:53:15,200.0,38.45,B
2021-07-09T09:53:15,1000.0,38.45,B
2021-07-09T09:53:11,400.0,38.45,B
2021-07-09T09:52:57,100.0,38.45,B
2021-07-09T09:52:47,1000.0,38.45,B
2021-07-09T09:52:41,2000.0,38.45,B
2021-07-09T09:52:41,1000.0,38.45,B
2021-07-09T09:52:33,500.0,38.45,B
2021-07-09T09:52:19,200.0,38.4,S
2021-07-09T09:52:19,500.0,38.4,S
2021-07-09T09:52:15,100.0,38.45,B
2021-07-09T09:52:15,100.0,38.45,B
2021-07-09T09:52:15,200.0,38.4,S
2021-07-09T09:52:07,2300.0,38.4,S
2021-07-09T09:51:59,5400.0,38.4,S
2021-07-09T09:51:53,300.0,38.45,B
2021-07-09T09:51:53,900.0,38.45,B
2021-07-09T09:51:51,500.0,38.45,B
2021-07-09T09:51:51,1000.0,38.4,S
2021-07-09T09:51:46,1800.0,38.45,B
2021-07-09T09:51:44,1100.0,38.4,S
2021-07-09T09:51:43,400.0,38.45,B
2021-07-09T09:51:40,2300.0,38.45,B
2021-07-09T09:51:31,2700.0,38.4,S
2021-07-09T09:51:28,9900.0,38.45,B
2021-07-09T09:51:28,3100.0,38.45,B
2021-07-09T09:51:28,4800.0,38.45,B
2021-07-09T09:51:27,2700.0,38.4,S
2021-07-09T09:51:24,100.0,38.4,S
2021-07-09T09:51:23,200.0,38.45,B
2021-07-09T09:51:20,500.0,38.45,B
2021-07-09T09:51:18,200.0,38.4,S
2021-07-09T09:51:16,2000.0,38.45,B
2021-07-09T09:51:13,200.0,38.4,S
2021-07-09T09:51:13,200.0,38.4,S
2021-07-09T09:51:13,500.0,38.45,B
2021-07-09T09:51:11,300.0,38.45,B
2021-07-09T09:51:09,200.0,38.4,S
2021-07-09T09:51:08,100.0,38.45,B
2021-07-09T09:51:07,2700.0,38.4,S
2021-07-09T09:51:07,2700.0,38.4,S
2021-07-09T09:51:03,300.0,38.45,B
2021-07-09T09:51:03,200.0,38.4,S
2021-07-09T09:51:00,400.0,38.45,B
2021-07-09T09:51:00,1000.0,38.45,B
2021-07-09T09:50:59,200.0,38.4,S
2021-07-09T09:50:59,2700.0,38.4,S
2021-07-09T09:50:56,1000.0,38.45,B
2021-07-09T09:50:55,10000.0,38.45,B
2021-07-09T09:50:54,2700.0,38.4,S
2021-07-09T09:50:52,200.0,38.4,S
2021-07-09T09:50:45,200.0,38.4,S
2021-07-09T09:50:42,300.0,38.45,B
2021-07-09T09:50:41,1000.0,38.45,B
2021-07-09T09:50:41,200.0,38.4,S
2021-07-09T09:50:40,100.0,38.4,S
2021-07-09T09:50:38,4000.0,38.45,B
2021-07-09T09:50:37,1800.0,38.45,B
2021-07-09T09:50:35,200.0,38.4,S
2021-07-09T09:50:34,100.0,38.45,B
2021-07-09T09:50:30,1800.0,38.45,B
2021-07-09T09:50:23,200.0,38.45,B
2021-07-09T09:50:13,100.0,38.45,B
2021-07-09T09:50:11,1100.0,38.45,B
2021-07-09T09:50:09,2700.0,38.4,S
2021-07-09T09:50:05,1500.0,38.45,B
2021-07-09T09:50:05,3100.0,38.4,S
2021-07-09T09:50:02,2700.0,38.4,S
2021-07-09T09:50:01,100.0,38.45,B
2021-07-09T09:50:00,400.0,38.4,S
2021-07-09T09:50:00,1000.0,38.4,S
2021-07-09T09:49:58,2700.0,38.4,S
2021-07-09T09:49:52,800.0,38.4,S
2021-07-09T09:49:48,1000.0,38.4,B
2021-07-09T09:49:46,3400.0,38.35,S
2021-07-09T09:49:45,2700.0,38.35,S
2021-07-09T09:49:45,200.0,38.4,S
2021-07-09T09:49:44,100.0,38.4,S
2021-07-09T09:49:39,200.0,38.4,B
2021-07-09T09:49:39,1000.0,38.4,B
2021-07-09T09:49:39,500.0,38.4,B
2021-07-09T09:49:38,100.0,38.35,S
2021-07-09T09:49:35,2700.0,38.35,S
2021-07-09T09:49:35,100.0,38.4,B
2021-07-09T09:49:33,200.0,38.35,S
2021-07-09T09:49:31,300.0,38.4,B
2021-07-09T09:49:30,2700.0,38.35,S
2021-07-09T09:49:29,200.0,38.35,S
2021-07-09T09:49:28,7900.0,38.4,S
2021-07-09T09:49:26,200.0,38.4,S
2021-07-09T09:49:25,3100.0,38.4,S
2021-07-09T09:49:23,2700.0,38.4,S
2021-07-09T09:49:22,200.0,38.4,S
2021-07-09T09:49:17,200.0,38.4,S
2021-07-09T09:49:14,3000.0,38.45,B
2021-07-09T09:49:14,2700.0,38.4,S
2021-07-09T09:49:14,200.0,38.4,S
2021-07-09T09:49:14,1800.0,38.4,B
2021-07-09T09:49:14,35900.0,38.4,B
2021-07-09T09:49:12,200.0,38.35,S
2021-07-09T09:49:11,2700.0,38.35,S
2021-07-09T09:49:07,2500.0,38.35,S
2021-07-09T09:49:06,200.0,38.35,S
2021-07-09T09:49:02,3400.0,38.4,B
2021-07-09T09:49:02,200.0,38.35,S
2021-07-09T09:49:02,100.0,38.4,B
2021-07-09T09:49:01,2700.0,38.35,S
2021-07-09T09:48:57,4000.0,38.4,B
2021-07-09T09:48:56,200.0,38.35,S
2021-07-09T09:48:56,1000.0,38.4,B
2021-07-09T09:48:54,9100.0,38.4,B
2021-07-09T09:48:54,9000.0,38.4,B
2021-07-09T09:48:54,24700.0,38.4,B
2021-07-09T09:48:54,5500.0,38.4,B
2021-07-09T09:48:54,400.0,38.4,B
2021-07-09T09:48:54,200.0,38.4,B
2021-07-09T09:48:54,1100.0,38.4,B
2021-07-09T09:48:54,100.0,38.35,S
2021-07-09T09:48:54,2700.0,38.35,S
2021-07-09T09:48:51,600.0,38.35,S
2021-07-09T09:48:51,300.0,38.35,S
2021-07-09T09:48:51,700.0,38.35,S
2021-07-09T09:48:51,1200.0,38.35,S
2021-07-09T09:48:50,200.0,38.4,B
2021-07-09T09:48:50,1500.0,38.4,B
2021-07-09T09:48:50,5000.0,38.4,B
2021-07-09T09:48:50,1200.0,38.4,B
2021-07-09T09:48:50,8400.0,38.4,B
2021-07-09T09:48:50,2300.0,38.4,B
2021-07-09T09:48:50,3900.0,38.4,B
2021-07-09T09:48:50,9300.0,38.4,B
2021-07-09T09:48:50,11500.0,38.4,B
2021-07-09T09:48:50,56700.0,38.4,B
2021-07-09T09:48:46,200.0,38.35,S
2021-07-09T09:48:45,2000.0,38.35,S
2021-07-09T09:48:41,2700.0,38.35,S
2021-07-09T09:48:38,2000.0,38.4,B
2021-07-09T09:48:35,2700.0,38.35,S
2021-07-09T09:48:35,2600.0,38.35,S
2021-07-09T09:48:28,100.0,38.35,S
2021-07-09T09:48:26,300.0,38.35,S
2021-07-09T09:48:23,100.0,38.35,S
2021-07-09T09:48:19,200.0,38.35,S
2021-07-09T09:48:17,2400.0,38.35,S
2021-07-09T09:48:16,200.0,38.35,S
2021-07-09T09:48:15,200.0,38.35,S
2021-07-09T09:48:13,600.0,38.4,B
2021-07-09T09:48:13,1400.0,38.4,B
2021-07-09T09:48:11,200.0,38.35,S
2021-07-09T09:48:11,400.0,38.4,B
2021-07-09T09:48:10,100.0,38.4,B
2021-07-09T09:48:08,100.0,38.4,B
2021-07-09T09:48:08,200.0,38.35,S
2021-07-09T09:48:03,200.0,38.35,S
2021-07-09T09:48:03,200.0,38.35,S
2021-07-09T09:48:00,2600.0,38.35,S
2021-07-09T09:47:57,5000.0,38.35,S
2021-07-09T09:47:54,1000.0,38.4,B
2021-07-09T09:47:54,200.0,38.35,S
2021-07-09T09:47:51,200.0,38.35,S
2021-07-09T09:47:50,200.0,38.35,S
2021-07-09T09:47:47,100.0,38.35,S
2021-07-09T09:47:47,100.0,38.35,S
2021-07-09T09:47:42,200.0,38.35,S
2021-07-09T09:47:42,1000.0,38.4,B
2021-07-09T09:47:41,300.0,38.4,B
2021-07-09T09:47:38,200.0,38.35,S
2021-07-09T09:47:36,33600.0,38.35,S
2021-07-09T09:47:34,100.0,38.4,B
2021-07-09T09:47:33,1000.0,38.4,B
2021-07-09T09:47:31,100.0,38.4,B
2021-07-09T09:47:25,100.0,38.4,B
2021-07-09T09:47:22,3000.0,38.35,S
2021-07-09T09:47:19,100.0,38.35,S
2021-07-09T09:47:16,200.0,38.35,S
2021-07-09T09:47:13,100.0,38.35,S
2021-07-09T09:47:13,200.0,38.35,S
2021-07-09T09:47:09,200.0,38.35,S
2021-07-09T09:47:06,100.0,38.35,S
2021-07-09T09:47:06,100.0,38.35,S
2021-07-09T09:47:05,200.0,38.35,S
2021-07-09T09:47:03,200.0,38.35,S
2021-07-09T09:47:03,1400.0,38.35,S
2021-07-09T09:47:03,500.0,38.35,S
2021-07-09T09:47:02,200.0,38.35,S
2021-07-09T09:47:01,100.0,38.35,S
2021-07-09T09:47:01,300.0,38.35,S
2021-07-09T09:46:59,2700.0,38.4,B
2021-07-09T09:46:58,300.0,38.4,B
2021-07-09T09:46:58,200.0,38.35,S
2021-07-09T09:46:57,100.0,38.4,B
2021-07-09T09:46:54,200.0,38.35,S
2021-07-09T09:46:48,200.0,38.35,S
2021-07-09T09:46:47,200.0,38.35,S
2021-07-09T09:46:46,200.0,38.35,S
2021-07-09T09:46:46,1500.0,38.35,S
2021-07-09T09:46:46,800.0,38.35,S
2021-07-09T09:46:46,400.0,38.35,S
2021-07-09T09:46:46,3100.0,38.35,S
2021-07-09T09:46:44,400.0,38.35,S
2021-07-09T09:46:43,200.0,38.35,S
2021-07-09T09:46:38,200.0,38.35,S
2021-07-09T09:46:37,200.0,38.4,B
2021-07-09T09:46:30,1000.0,38.4,B
2021-07-09T09:46:25,3400.0,38.4,B
2021-07-09T09:46:23,1100.0,38.4,B
2021-07-09T09:46:17,200.0,38.35,S
2021-07-09T09:46:07,300.0,38.35,S
2021-07-09T09:46:07,200.0,38.35,S
2021-07-09T09:46:06,1000.0,38.4,B
2021-07-09T09:46:06,1300.0,38.4,B
2021-07-09T09:46:06,200.0,38.35,S
2021-07-09T09:46:05,6700.0,38.35,S
2021-07-09T09:46:05,3100.0,38.35,S
2021-07-09T09:46:00,1000.0,38.35,S
2021-07-09T09:45:58,1000.0,38.4,B
2021-07-09T09:45:56,400.0,38.4,B
2021-07-09T09:45:54,100.0,38.4,B
2021-07-09T09:45:49,1000.0,38.35,S
2021-07-09T09:45:48,400.0,38.35,S
2021-07-09T09:45:48,2200.0,38.35,S
2021-07-09T09:45:46,2100.0,38.35,S
2021-07-09T09:45:46,1100.0,38.35,S
2021-07-09T09:45:46,34200.0,38.35,S
2021-07-09T09:45:46,100.0,38.4,B
2021-07-09T09:45:45,500.0,38.4,B
2021-07-09T09:45:45,100.0,38.4,B
2021-07-09T09:45:39,100.0,38.4,B
2021-07-09T09:45:39,1000.0,38.4,B
2021-07-09T09:45:34,5000.0,38.4,B
2021-07-09T09:45:34,400.0,38.35,S
2021-07-09T09:45:17,300.0,38.4,B
2021-07-09T09:45:17,500.0,38.4,B
2021-07-09T09:45:16,100.0,38.4,B
2021-07-09T09:45:14,500.0,38.35,S
2021-07-09T09:45:10,100.0,38.4,B
2021-07-09T09:45:08,1900.0,38.4,B
2021-07-09T09:44:58,500.0,38.4,B
2021-07-09T09:44:58,500.0,38.4,B
2021-07-09T09:44:24,100.0,38.4,B
2021-07-09T09:44:21,200.0,38.35,S
2021-07-09T09:44:19,200.0,38.35,S
2021-07-09T09:44:18,3100.0,38.35,B
2021-07-09T09:44:15,100.0,38.35,B
2021-07-09T09:44:13,1000.0,38.35,B
2021-07-09T09:44:10,1400.0,38.35,B
2021-07-09T09:44:07,2000.0,38.35,B
2021-07-09T09:44:06,100.0,38.3,S
2021-07-09T09:44:06,400.0,38.35,B
2021-07-09T09:44:04,400.0,38.35,B
2021-07-09T09:44:02,3000.0,38.35,B
2021-07-09T09:44:02,100.0,38.35,B
2021-07-09T09:44:01,1000.0,38.3,S
2021-07-09T09:44:01,200.0,38.35,B
2021-07-09T09:44:01,2000.0,38.35,B
2021-07-09T09:44:01,300.0,38.35,B
2021-07-09T09:44:01,1100.0,38.35,B
2021-07-09T09:44:01,11100.0,38.35,B
2021-07-09T09:44:01,1200.0,38.35,B
2021-07-09T09:43:58,2600.0,38.35,B
2021-07-09T09:43:58,1000.0,38.35,B
2021-07-09T09:43:56,1000.0,38.35,B
2021-07-09T09:43:53,12100.0,38.35,B
2021-07-09T09:43:53,100.0,38.35,B
2021-07-09T09:43:53,7000.0,38.35,B
2021-07-09T09:43:51,100.0,38.35,B
2021-07-09T09:43:50,500.0,38.35,B
2021-07-09T09:43:44,500.0,38.35,B
2021-07-09T09:43:33,700.0,38.3,S
2021-07-09T09:43:27,100.0,38.35,B
2021-07-09T09:43:21,300.0,38.35,B
2021-07-09T09:43:19,100.0,38.3,S
2021-07-09T09:43:16,3600.0,38.35,B
2021-07-09T09:43:15,100.0,38.35,B
2021-07-09T09:43:15,100.0,38.35,B
2021-07-09T09:43:13,300.0,38.3,S
2021-07-09T09:43:11,100.0,38.35,B
2021-07-09T09:43:11,1000.0,38.35,B
2021-07-09T09:43:11,600.0,38.35,B
2021-07-09T09:43:09,1500.0,38.35,B
2021-07-09T09:43:06,700.0,38.35,B
2021-07-09T09:43:01,200.0,38.35,B
2021-07-09T09:43:00,200.0,38.35,B
2021-07-09T09:42:59,100.0,38.35,B
2021-07-09T09:42:56,500.0,38.35,B
2021-07-09T09:42:54,1000.0,38.35,B
2021-07-09T09:42:51,100.0,38.3,S
2021-07-09T09:42:50,800.0,38.35,B
2021-07-09T09:42:50,300.0,38.35,B
2021-07-09T09:42:42,100.0,38.35,B
2021-07-09T09:42:42,1300.0,38.35,B
2021-07-09T09:42:42,100.0,38.35,B
2021-07-09T09:42:41,500.0,38.35,B
2021-07-09T09:42:41,1800.0,38.35,B
2021-07-09T09:42:37,100.0,38.35,B
2021-07-09T09:42:36,1100.0,38.35,B
2021-07-09T09:42:35,100.0,38.35,B
2021-07-09T09:42:33,800.0,38.35,B
2021-07-09T09:42:31,2000.0,38.35,B
2021-07-09T09:42:30,100.0,38.35,B
2021-07-09T09:42:28,100.0,38.35,B
2021-07-09T09:42:26,100.0,38.35,S
2021-07-09T09:42:26,1200.0,38.35,S
2021-07-09T09:42:26,400.0,38.35,S
2021-07-09T09:42:26,800.0,38.35,S
2021-07-09T09:42:26,1600.0,38.35,S
2021-07-09T09:42:26,1600.0,38.35,S
2021-07-09T09:42:26,500.0,38.4,B
2021-07-09T09:42:25,1000.0,38.4,B
2021-07-09T09:42:06,100.0,38.4,B
2021-07-09T09:42:04,1000.0,38.35,S
2021-07-09T09:41:52,1000.0,38.35,S
2021-07-09T09:41:51,200.0,38.35,S
2021-07-09T09:41:44,300.0,38.35,S
2021-07-09T09:41:44,400.0,38.35,S
2021-07-09T09:41:44,4300.0,38.35,S
2021-07-09T09:41:41,500.0,38.35,S
2021-07-09T09:41:40,100.0,38.35,S
2021-07-09T09:41:38,1000.0,38.35,S
2021-07-09T09:41:36,100.0,38.35,S
2021-07-09T09:41:28,1000.0,38.35,S
2021-07-09T09:41:22,200.0,38.35,S
2021-07-09T09:41:19,1600.0,38.35,S
2021-07-09T09:41:19,100.0,38.35,S
2021-07-09T09:41:19,300.0,38.35,S
2021-07-09T09:41:16,500.0,38.4,B
2021-07-09T09:41:12,1000.0,38.4,B
2021-07-09T09:41:07,100.0,38.4,B
2021-07-09T09:41:06,100.0,38.35,S
2021-07-09T09:41:02,300.0,38.4,B
2021-07-09T09:40:56,2800.0,38.35,S
2021-07-09T09:40:56,1300.0,38.35,S
2021-07-09T09:40:52,200.0,38.35,S
2021-07-09T09:40:48,700.0,38.35,S
2021-07-09T09:40:39,200.0,38.35,S
2021-07-09T09:40:30,600.0,38.35,B
2021-07-09T09:40:27,500.0,38.35,S
2021-07-09T09:40:21,200.0,38.35,S
2021-07-09T09:40:19,1100.0,38.35,S
2021-07-09T09:40:16,600.0,38.35,B
2021-07-09T09:40:10,2900.0,38.3,S
2021-07-09T09:40:10,300.0,38.35,B
2021-07-09T09:40:07,400.0,38.3,S
2021-07-09T09:40:03,100.0,38.35,B
2021-07-09T09:40:03,100.0,38.35,B
2021-07-09T09:39:53,100.0,38.3,S
2021-07-09T09:39:52,1900.0,38.35,B
2021-07-09T09:39:51,19900.0,38.35,B
2021-07-09T09:39:51,8200.0,38.35,B
2021-07-09T09:39:41,1500.0,38.3,S
2021-07-09T09:39:39,100.0,38.35,B
2021-07-09T09:39:30,500.0,38.35,B
2021-07-09T09:39:30,800.0,38.35,B
2021-07-09T09:39:21,200.0,38.35,B
2021-07-09T09:39:20,200.0,38.35,B
2021-07-09T09:39:15,5000.0,38.3,S
2021-07-09T09:39:15,100.0,38.35,B
2021-07-09T09:39:14,200.0,38.35,B
2021-07-09T09:39:14,100.0,38.35,B
2021-07-09T09:39:10,3700.0,38.35,B
2021-07-09T09:39:10,3300.0,38.35,B
2021-07-09T09:39:09,500.0,38.3,S
2021-07-09T09:39:06,100.0,38.35,B
2021-07-09T09:39:03,200.0,38.35,B
2021-07-09T09:39:02,200.0,38.35,B
2021-07-09T09:38:55,400.0,38.35,B
2021-07-09T09:38:53,100.0,38.35,B
2021-07-09T09:38:45,2100.0,38.35,B
2021-07-09T09:38:45,5000.0,38.35,B
2021-07-09T09:38:44,800.0,38.3,S
2021-07-09T09:38:43,400.0,38.35,B
2021-07-09T09:38:37,200.0,38.35,B
2021-07-09T09:38:36,500.0,38.35,B
2021-07-09T09:38:36,100.0,38.35,B
2021-07-09T09:38:35,500.0,38.35,B
2021-07-09T09:38:35,100.0,38.35,B
2021-07-09T09:38:34,300.0,38.35,B
2021-07-09T09:38:31,5000.0,38.35,B
2021-07-09T09:38:25,100.0,38.35,B
2021-07-09T09:38:24,800.0,38.3,S
2021-07-09T09:38:22,3600.0,38.35,B
2021-07-09T09:38:22,1100.0,38.35,B
2021-07-09T09:38:22,300.0,38.35,B
2021-07-09T09:38:21,3000.0,38.3,S
2021-07-09T09:38:20,1200.0,38.35,B
2021-07-09T09:38:20,400.0,38.35,B
2021-07-09T09:38:18,20000.0,38.3,S
2021-07-09T09:38:13,100.0,38.35,B
2021-07-09T09:38:13,1000.0,38.35,B
2021-07-09T09:38:11,20000.0,38.35,B
2021-07-09T09:38:11,100.0,38.35,B
2021-07-09T09:38:02,300.0,38.35,B
2021-07-09T09:37:59,500.0,38.35,B
2021-07-09T09:37:55,500.0,38.3,S
2021-07-09T09:37:53,2900.0,38.35,B
2021-07-09T09:37:43,3000.0,38.35,B
2021-07-09T09:37:43,5000.0,38.35,B
2021-07-09T09:37:42,100.0,38.35,B
2021-07-09T09:37:39,200.0,38.35,B
2021-07-09T09:37:30,100.0,38.35,B
2021-07-09T09:37:28,200.0,38.35,B
2021-07-09T09:37:22,300.0,38.35,B
2021-07-09T09:37:21,100.0,38.35,B
2021-07-09T09:37:18,100.0,38.35,B
2021-07-09T09:37:18,500.0,38.35,B
2021-07-09T09:37:13,300.0,38.35,B
2021-07-09T09:37:10,500.0,38.35,B
2021-07-09T09:37:07,200.0,38.35,B
2021-07-09T09:37:05,1000.0,38.35,B
2021-07-09T09:37:01,1700.0,38.35,B
2021-07-09T09:36:56,800.0,38.35,B
2021-07-09T09:36:53,300.0,38.35,B
2021-07-09T09:36:50,100.0,38.35,B
2021-07-09T09:36:48,200.0,38.35,B
2021-07-09T09:36:44,5600.0,38.3,S
2021-07-09T09:36:42,200.0,38.35,B
2021-07-09T09:36:36,1400.0,38.3,S
2021-07-09T09:36:35,3800.0,38.35,S
2021-07-09T09:36:35,800.0,38.35,S
2021-07-09T09:36:35,1700.0,38.35,S
2021-07-09T09:36:35,2000.0,38.35,S
2021-07-09T09:36:35,200.0,38.35,S
2021-07-09T09:36:35,10800.0,38.35,S
2021-07-09T09:36:35,1200.0,38.35,S
2021-07-09T09:36:35,700.0,38.35,S
2021-07-09T09:36:35,1000.0,38.35,S
2021-07-09T09:36:35,2000.0,38.35,S
2021-07-09T09:36:35,1200.0,38.35,S
2021-07-09T09:36:35,1000.0,38.35,S
2021-07-09T09:36:35,500.0,38.35,S
2021-07-09T09:36:35,3100.0,38.35,S
2021-07-09T09:36:35,700.0,38.35,S
2021-07-09T09:36:35,1300.0,38.35,S
2021-07-09T09:36:35,100.0,38.35,S
2021-07-09T09:36:35,100.0,38.35,S
2021-07-09T09:36:35,6100.0,38.35,S
2021-07-09T09:36:27,200.0,38.4,B
2021-07-09T09:36:24,500.0,38.4,B
2021-07-09T09:36:14,100.0,38.4,B
2021-07-09T09:36:09,200.0,38.35,S
2021-07-09T09:36:09,1200.0,38.35,S
2021-07-09T09:36:08,1500.0,38.35,S
2021-07-09T09:36:02,5000.0,38.35,S
2021-07-09T09:35:55,200.0,38.35,S
2021-07-09T09:35:46,2000.0,38.35,S
2021-07-09T09:35:44,3000.0,38.35,S
2021-07-09T09:35:42,200.0,38.4,B
2021-07-09T09:35:35,5900.0,38.35,S
2021-07-09T09:35:31,3000.0,38.35,S
2021-07-09T09:35:25,200.0,38.35,S
2021-07-09T09:35:24,2000.0,38.35,S
2021-07-09T09:35:18,5000.0,38.35,S
2021-07-09T09:35:16,900.0,38.35,S
2021-07-09T09:35:10,500.0,38.35,S
2021-07-09T09:35:08,2000.0,38.35,S
2021-07-09T09:35:03,10000.0,38.35,S
2021-07-09T09:34:59,1100.0,38.4,B
2021-07-09T09:34:55,200.0,38.35,S
2021-07-09T09:34:55,5000.0,38.35,S
2021-07-09T09:34:50,400.0,38.4,B
2021-07-09T09:34:48,1000.0,38.35,S
2021-07-09T09:34:47,200.0,38.35,S
2021-07-09T09:34:41,400.0,38.35,S
2021-07-09T09:34:32,200.0,38.4,B
2021-07-09T09:34:29,500.0,38.35,S
2021-07-09T09:34:26,200.0,38.35,S
2021-07-09T09:34:25,600.0,38.35,S
2021-07-09T09:34:25,2100.0,38.35,S
2021-07-09T09:34:25,300.0,38.35,S
2021-07-09T09:34:22,1000.0,38.35,S
2021-07-09T09:34:22,3000.0,38.4,B
2021-07-09T09:34:20,13000.0,38.35,S
2021-07-09T09:34:16,500.0,38.35,S
2021-07-09T09:34:12,1400.0,38.35,S
2021-07-09T09:34:09,200.0,38.35,S
2021-07-09T09:34:08,5000.0,38.35,S
2021-07-09T09:34:07,300.0,38.35,S
2021-07-09T09:34:06,400.0,38.35,S
2021-07-09T09:34:03,2800.0,38.35,S
2021-07-09T09:33:58,500.0,38.4,B
2021-07-09T09:33:57,200.0,38.35,S
2021-07-09T09:33:55,1100.0,38.35,S
2021-07-09T09:33:55,50000.0,38.35,S
2021-07-09T09:33:55,1000.0,38.35,S
2021-07-09T09:33:52,8900.0,38.35,S
2021-07-09T09:33:51,7000.0,38.4,B
2021-07-09T09:33:51,3000.0,38.4,B
2021-07-09T09:33:45,500.0,38.35,S
2021-07-09T09:33:43,500.0,38.35,S
2021-07-09T09:33:34,100.0,38.4,B
2021-07-09T09:33:30,2000.0,38.35,S
2021-07-09T09:33:27,200.0,38.35,S
2021-07-09T09:33:19,2600.0,38.35,S
2021-07-09T09:33:16,3500.0,38.4,B
2021-07-09T09:33:14,500.0,38.4,B
2021-07-09T09:33:10,800.0,38.35,S
2021-07-09T09:33:09,100.0,38.4,B
2021-07-09T09:33:07,100.0,38.4,B
2021-07-09T09:33:07,100.0,38.4,B
2021-07-09T09:33:05,2000.0,38.35,S
2021-07-09T09:33:04,500.0,38.4,B
2021-07-09T09:33:04,1000.0,38.4,B
2021-07-09T09:33:04,5200.0,38.35,S
2021-07-09T09:33:03,4000.0,38.35,S
2021-07-09T09:33:01,5000.0,38.35,S
2021-07-09T09:32:59,200.0,38.4,B
2021-07-09T09:32:55,800.0,38.4,B
2021-07-09T09:32:43,200.0,38.4,B
2021-07-09T09:32:43,500.0,38.35,S
2021-07-09T09:32:42,500.0,38.35,S
2021-07-09T09:32:42,800.0,38.35,S
2021-07-09T09:32:42,200.0,38.35,S
2021-07-09T09:32:39,700.0,38.35,S
2021-07-09T09:32:39,100.0,38.35,S
2021-07-09T09:32:37,100.0,38.35,S
2021-07-09T09:32:33,300.0,38.35,S
2021-07-09T09:32:28,100.0,38.35,S
2021-07-09T09:32:28,200.0,38.35,S
2021-07-09T09:32:24,200.0,38.35,B
2021-07-09T09:32:16,500.0,38.35,B
2021-07-09T09:32:16,200.0,38.3,S
2021-07-09T09:32:16,300.0,38.35,B
2021-07-09T09:32:16,200.0,38.35,B
2021-07-09T09:32:11,100.0,38.35,B
2021-07-09T09:32:11,100.0,38.35,S
2021-07-09T09:32:10,2200.0,38.35,B
2021-07-09T09:32:05,100.0,38.35,B
2021-07-09T09:32:00,600.0,38.35,S
2021-07-09T09:31:58,200.0,38.35,S
2021-07-09T09:31:48,300.0,38.35,S
2021-07-09T09:31:38,1100.0,38.3,S
2021-07-09T09:31:35,5000.0,38.4,B
2021-07-09T09:31:35,500.0,38.35,B
2021-07-09T09:31:34,100.0,38.35,B
2021-07-09T09:31:33,2000.0,38.35,B
2021-07-09T09:31:31,2000.0,38.35,B
2021-07-09T09:31:30,300.0,38.3,S
2021-07-09T09:31:24,1400.0,38.4,B
2021-07-09T09:31:24,3600.0,38.35,B
2021-07-09T09:31:23,300.0,38.35,B
2021-07-09T09:31:22,100.0,38.3,S
2021-07-09T09:31:21,300.0,38.3,S
2021-07-09T09:31:19,100.0,38.35,B
2021-07-09T09:31:18,200.0,38.3,S
2021-07-09T09:31:15,200.0,38.3,S
2021-07-09T09:31:13,300.0,38.35,B
2021-07-09T09:31:10,200.0,38.3,S
2021-07-09T09:31:10,1100.0,38.35,B
2021-07-09T09:31:10,1900.0,38.35,S
2021-07-09T09:31:10,500.0,38.35,S
2021-07-09T09:31:10,1200.0,38.35,S
2021-07-09T09:31:10,2500.0,38.35,S
2021-07-09T09:31:10,2100.0,38.35,S
2021-07-09T09:31:10,1400.0,38.35,S
2021-07-09T09:31:10,100.0,38.35,S
2021-07-09T09:31:10,400.0,38.35,S
2021-07-09T09:31:10,2100.0,38.35,S
2021-07-09T09:31:10,100.0,38.35,S
2021-07-09T09:31:10,2500.0,38.35,S
2021-07-09T09:31:09,200.0,38.35,S
2021-07-09T09:31:08,100.0,38.35,S
2021-07-09T09:31:08,100.0,38.35,S
2021-07-09T09:31:08,3100.0,38.35,S
2021-07-09T09:31:08,100.0,38.35,S
2021-07-09T09:31:08,300.0,38.35,S
2021-07-09T09:31:08,1100.0,38.35,S
2021-07-09T09:31:08,5200.0,38.35,S
2021-07-09T09:31:06,200.0,38.35,S
2021-07-09T09:31:02,500.0,38.35,S
2021-07-09T09:31:01,200.0,38.35,S
2021-07-09T09:30:59,300.0,38.35,S
2021-07-09T09:30:59,1200.0,38.35,S
2021-07-09T09:30:53,200.0,38.35,S
2021-07-09T09:30:53,3100.0,38.35,S
2021-07-09T09:30:53,1000.0,38.4,B
2021-07-09T09:30:50,100.0,38.4,B
2021-07-09T09:30:47,200.0,38.35,S
2021-07-09T09:30:45,1000.0,38.35,S
2021-07-09T09:30:40,2000.0,38.4,B
2021-07-09T09:30:38,2200.0,38.35,S
2021-07-09T09:30:35,2000.0,38.35,S
2021-07-09T09:30:35,100.0,38.4,B
2021-07-09T09:30:32,500.0,38.4,B
2021-07-09T09:30:30,3400.0,38.35,S
2021-07-09T09:30:27,500.0,38.4,B
2021-07-09T09:30:26,500.0,38.4,B
2021-07-09T09:30:20,100.0,38.4,B
2021-07-09T09:30:14,2000.0,38.4,B
2021-07-09T09:30:11,2000.0,38.4,B
2021-07-09T09:29:59,200.0,38.4,B
2021-07-09T09:29:59,300.0,38.4,B
2021-07-09T09:29:58,1000.0,38.4,B
2021-07-09T09:29:57,2100.0,38.4,B
2021-07-09T09:29:48,1000.0,38.4,B
2021-07-09T09:29:48,1600.0,38.4,S
2021-07-09T09:29:48,100.0,38.4,S
2021-07-09T09:29:48,1700.0,38.4,S
2021-07-09T09:29:43,3300.0,38.4,S
2021-07-09T09:29:43,1000.0,38.4,S
2021-07-09T09:29:43,15700.0,38.4,S
2021-07-09T09:29:37,2000.0,38.4,S
2021-07-09T09:29:36,5000.0,38.4,S
2021-07-09T09:29:34,200.0,38.45,B
2021-07-09T09:29:32,1400.0,38.4,S
2021-07-09T09:29:32,600.0,38.4,S
2021-07-09T09:29:32,800.0,38.4,S
2021-07-09T09:29:32,1200.0,38.4,S
2021-07-09T09:29:32,500.0,38.4,S
2021-07-09T09:29:23,500.0,38.45,B
2021-07-09T09:29:21,1000.0,38.4,S
2021-07-09T09:29:21,5000.0,38.4,S
2021-07-09T09:29:20,1000.0,38.4,S
2021-07-09T09:29:18,2000.0,38.4,S
2021-07-09T09:29:01,200.0,38.4,S
2021-07-09T09:29:01,200.0,38.4,S
2021-07-09T09:28:58,2800.0,38.4,S
2021-07-09T09:28:56,200.0,38.4,S
2021-07-09T09:28:56,3800.0,38.4,S
2021-07-09T09:28:56,300.0,38.45,B
2021-07-09T09:28:55,200.0,38.45,B
2021-07-09T09:28:52,200.0,38.45,B
2021-07-09T09:28:46,200.0,38.45,B
2021-07-09T09:28:43,6000.0,38.4,S
2021-07-09T09:28:36,3200.0,38.4,S
2021-07-09T09:28:36,200.0,38.4,S
2021-07-09T09:28:36,100.0,38.45,B
2021-07-09T09:28:32,1000.0,38.45,B
2021-07-09T09:28:32,500.0,38.45,B
2021-07-09T09:28:32,100.0,38.45,B
2021-07-09T09:28:31,200.0,38.45,B
2021-07-09T09:28:27,400.0,38.45,B
2021-07-09T09:28:23,200.0,38.45,B
2021-07-09T09:28:22,1200.0,38.45,B
2021-07-09T09:28:18,1000.0,38.45,B
2021-07-09T09:28:15,200.0,38.45,B
2021-07-09T09:28:13,1500.0,38.45,B
2021-07-09T09:28:09,5000.0,38.45,B
2021-07-09T09:28:06,5200.0,38.45,B
2021-07-09T09:28:06,4800.0,38.45,B
2021-07-09T09:28:05,200.0,38.45,B
2021-07-09T09:28:04,100.0,38.45,B
2021-07-09T09:27:58,400.0,38.45,B
2021-07-09T09:27:56,200.0,38.45,B
2021-07-09T09:27:55,800.0,38.4,S
2021-07-09T09:27:55,200.0,38.45,B
2021-07-09T09:27:55,4100.0,38.45,B
2021-07-09T09:27:51,100.0,38.45,B
2021-07-09T09:27:49,100.0,38.45,B
2021-07-09T09:27:47,700.0,38.45,B
2021-07-09T09:27:47,2300.0,38.45,B
2021-07-09T09:27:41,500.0,38.45,B
2021-07-09T09:27:38,1000.0,38.45,B
2021-07-09T09:27:31,2000.0,38.45,B
2021-07-09T09:27:29,6000.0,38.45,B
2021-07-09T09:27:24,1100.0,38.45,B
2021-07-09T09:27:20,100.0,38.45,B
2021-07-09T09:27:19,200.0,38.45,B
2021-07-09T09:27:13,1000.0,38.45,B
2021-07-09T09:27:11,100.0,38.45,B
2021-07-09T09:27:07,5000.0,38.45,B
2021-07-09T09:27:06,500.0,38.45,B
2021-07-09T09:27:02,200.0,38.4,S
2021-07-09T09:26:59,100.0,38.4,S
2021-07-09T09:26:57,100.0,38.4,S
2021-07-09T09:26:57,200.0,38.45,B
2021-07-09T09:26:50,200.0,38.45,B
2021-07-09T09:26:47,200.0,38.45,S
2021-07-09T09:26:47,1000.0,38.45,S
2021-07-09T09:26:46,3800.0,38.45,B
2021-07-09T09:26:43,5900.0,38.45,B
2021-07-09T09:26:43,11400.0,38.45,B
2021-07-09T09:26:43,32700.0,38.45,B
2021-07-09T09:26:42,100.0,38.4,S
2021-07-09T09:26:42,100.0,38.4,S
2021-07-09T09:26:37,2300.0,38.35,S
2021-07-09T09:26:37,1000.0,38.4,S
2021-07-09T09:26:36,300.0,38.45,B
2021-07-09T09:26:35,1000.0,38.4,S
2021-07-09T09:26:35,2200.0,38.4,S
2021-07-09T09:26:35,1600.0,38.4,S
2021-07-09T09:26:35,2500.0,38.4,S
2021-07-09T09:26:35,4300.0,38.4,S
2021-07-09T09:26:35,100.0,38.4,S
2021-07-09T09:26:35,800.0,38.4,S
2021-07-09T09:26:35,1300.0,38.4,S
2021-07-09T09:26:35,100.0,38.4,S
2021-07-09T09:26:35,500.0,38.4,S
2021-07-09T09:26:35,15600.0,38.4,S
2021-07-09T09:26:34,300.0,38.45,B
2021-07-09T09:26:34,200.0,38.45,B
2021-07-09T09:26:32,200.0,38.4,S
2021-07-09T09:26:30,100.0,38.4,S
2021-07-09T09:26:30,200.0,38.4,S
2021-07-09T09:26:28,300.0,38.45,B
2021-07-09T09:26:26,100.0,38.4,S
2021-07-09T09:26:24,1400.0,38.45,B
2021-07-09T09:26:20,4100.0,38.45,B
2021-07-09T09:26:18,100.0,38.45,B
2021-07-09T09:26:15,100.0,38.45,B
2021-07-09T09:26:15,1400.0,38.45,B
2021-07-09T09:26:14,7900.0,38.4,S
2021-07-09T09:26:11,500.0,38.45,B
2021-07-09T09:26:10,1000.0,38.45,B
2021-07-09T09:26:08,2900.0,38.45,B
2021-07-09T09:26:07,100.0,38.4,S
2021-07-09T09:26:06,500.0,38.45,B
2021-07-09T09:26:01,200.0,38.45,B
2021-07-09T09:25:58,100.0,38.45,B
2021-07-09T09:25:58,60400.0,38.4,S
2021-07-09T09:25:58,400.0,38.4,S
2021-07-09T09:25:58,2500.0,38.4,S
2021-07-09T09:25:58,300.0,38.4,S
2021-07-09T09:25:58,6400.0,38.4,S
2021-07-09T09:25:58,500.0,38.45,B
2021-07-09T09:25:50,500.0,38.45,B
2021-07-09T09:25:44,300.0,38.45,B
2021-07-09T09:25:41,200.0,38.45,B
2021-07-09T09:25:41,1000.0,38.45,B
2021-07-09T09:25:40,100.0,38.4,S
2021-07-09T09:25:35,1000.0,38.45,B
2021-07-09T09:25:31,300.0,38.45,B
2021-07-09T09:25:24,500.0,38.45,B
2021-07-09T09:25:15,1200.0,38.4,S
2021-07-09T09:25:11,200.0,38.45,B
2021-07-09T09:25:06,300.0,38.4,S
2021-07-09T09:25:04,100.0,38.4,S
2021-07-09T09:25:03,100.0,38.45,B
2021-07-09T09:25:02,100.0,38.4,S
2021-07-09T09:25:01,500.0,38.4,S
2021-07-09T09:24:55,100.0,38.45,B
2021-07-09T09:24:49,100.0,38.4,S
