tradingTime,volume,price,side
2021-07-09T11:29:59,300.0,35.3,B
2021-07-09T11:29:59,3100.0,35.3,B
2021-07-09T11:29:59,6300.0,35.3,B
2021-07-09T11:29:43,5000.0,35.3,B
2021-07-09T11:29:41,5000.0,35.3,B
2021-07-09T11:29:39,100.0,35.25,S
2021-07-09T11:28:59,500.0,35.25,S
2021-07-09T11:28:48,4800.0,35.25,B
2021-07-09T11:28:47,500.0,35.25,B
2021-07-09T11:28:20,600.0,35.2,B
2021-07-09T11:28:19,1000.0,35.2,B
2021-07-09T11:28:17,500.0,35.2,B
2021-07-09T11:28:17,100.0,35.2,B
2021-07-09T11:28:15,1000.0,35.2,B
2021-07-09T11:28:13,2600.0,35.2,B
2021-07-09T11:28:13,300.0,35.2,B
2021-07-09T11:28:02,200.0,35.2,B
2021-07-09T11:28:02,2000.0,35.2,B
2021-07-09T11:27:54,500.0,35.2,B
2021-07-09T11:27:54,900.0,35.2,B
2021-07-09T11:27:44,700.0,35.2,B
2021-07-09T11:27:44,1000.0,35.2,B
2021-07-09T11:27:43,700.0,35.2,B
2021-07-09T11:27:38,300.0,35.2,B
2021-07-09T11:27:38,700.0,35.2,B
2021-07-09T11:27:37,100.0,35.2,B
2021-07-09T11:27:29,2000.0,35.2,B
2021-07-09T11:27:25,300.0,35.2,B
2021-07-09T11:27:25,3500.0,35.2,B
2021-07-09T11:27:25,1700.0,35.2,B
2021-07-09T11:27:24,900.0,35.2,B
2021-07-09T11:27:21,500.0,35.2,B
2021-07-09T11:27:19,500.0,35.2,B
2021-07-09T11:27:16,3000.0,35.2,B
2021-07-09T11:27:11,1000.0,35.2,B
2021-07-09T11:27:08,500.0,35.2,B
2021-07-09T11:27:03,500.0,35.2,B
2021-07-09T11:27:01,1000.0,35.2,B
2021-07-09T11:26:45,400.0,35.2,B
2021-07-09T11:26:45,500.0,35.2,B
2021-07-09T11:26:27,400.0,35.15,B
2021-07-09T11:26:20,600.0,35.15,B
2021-07-09T11:26:19,200.0,35.15,B
2021-07-09T11:26:07,200.0,35.15,B
2021-07-09T11:26:07,300.0,35.15,B
2021-07-09T11:26:03,200.0,35.15,B
2021-07-09T11:26:00,100.0,35.15,B
2021-07-09T11:25:47,200.0,35.15,B
2021-07-09T11:25:40,800.0,35.15,B
2021-07-09T11:25:24,200.0,35.15,B
2021-07-09T11:25:17,500.0,35.15,B
2021-07-09T11:25:14,100.0,35.15,B
2021-07-09T11:25:11,100.0,35.15,B
2021-07-09T11:24:37,6500.0,35.1,B
2021-07-09T11:24:37,13400.0,35.1,B
2021-07-09T11:24:35,500.0,35.05,B
2021-07-09T11:24:34,200.0,35.05,B
2021-07-09T11:24:33,300.0,35.05,B
2021-07-09T11:24:20,1000.0,35.05,B
2021-07-09T11:24:20,500.0,35.05,B
2021-07-09T11:24:10,200.0,35.05,B
2021-07-09T11:24:08,500.0,35.05,B
2021-07-09T11:24:06,100.0,35.0,S
2021-07-09T11:24:04,300.0,35.05,B
2021-07-09T11:23:56,1000.0,35.05,B
2021-07-09T11:23:55,1900.0,35.05,B
2021-07-09T11:23:38,400.0,35.05,B
2021-07-09T11:23:30,2000.0,35.0,S
2021-07-09T11:23:26,500.0,35.05,B
2021-07-09T11:23:18,300.0,35.05,B
2021-07-09T11:23:04,300.0,35.05,B
2021-07-09T11:22:33,1000.0,35.0,S
2021-07-09T11:22:14,100.0,35.0,S
2021-07-09T11:22:02,200.0,35.05,B
2021-07-09T11:21:53,200.0,35.0,S
2021-07-09T11:21:36,1000.0,35.0,S
2021-07-09T11:21:08,1000.0,35.0,S
2021-07-09T11:20:50,100.0,35.0,S
2021-07-09T11:20:48,1000.0,35.0,B
2021-07-09T11:20:46,200.0,35.0,B
2021-07-09T11:20:36,500.0,35.0,B
2021-07-09T11:20:09,3300.0,35.0,B
2021-07-09T11:20:06,100.0,35.0,B
2021-07-09T11:19:49,100.0,35.0,B
2021-07-09T11:19:39,500.0,35.0,B
2021-07-09T11:19:37,3000.0,35.0,B
2021-07-09T11:19:27,2000.0,35.0,B
2021-07-09T11:19:15,2700.0,35.0,S
2021-07-09T11:19:15,1500.0,35.0,S
2021-07-09T11:18:34,200.0,35.0,S
2021-07-09T11:18:27,5000.0,35.0,S
2021-07-09T11:17:57,7700.0,35.0,S
2021-07-09T11:17:56,300.0,35.0,S
2021-07-09T11:17:46,300.0,35.05,B
2021-07-09T11:17:44,100.0,35.05,B
2021-07-09T11:16:33,3900.0,35.05,B
2021-07-09T11:15:26,300.0,35.05,B
2021-07-09T11:15:21,6000.0,35.0,B
2021-07-09T11:15:19,1000.0,35.0,B
2021-07-09T11:15:14,1000.0,35.0,B
2021-07-09T11:14:56,1000.0,35.0,B
2021-07-09T11:14:53,200.0,35.0,B
2021-07-09T11:14:43,2000.0,35.0,B
2021-07-09T11:14:23,100.0,35.0,B
2021-07-09T11:13:43,300.0,34.95,S
2021-07-09T11:13:31,100.0,35.0,B
2021-07-09T11:13:24,500.0,35.0,B
2021-07-09T11:12:57,4000.0,35.0,B
2021-07-09T11:12:25,1000.0,35.0,B
2021-07-09T11:12:23,200.0,35.0,B
2021-07-09T11:11:56,100.0,35.0,B
2021-07-09T11:11:34,1500.0,35.0,B
2021-07-09T11:11:00,6000.0,35.0,S
2021-07-09T11:11:00,1600.0,35.0,S
2021-07-09T11:11:00,3000.0,35.0,S
2021-07-09T11:10:45,4100.0,35.05,S
2021-07-09T11:08:50,100.0,35.05,S
2021-07-09T11:08:35,300.0,35.1,B
2021-07-09T11:08:00,500.0,35.1,B
2021-07-09T11:07:11,200.0,35.1,B
2021-07-09T11:07:11,300.0,35.05,S
2021-07-09T11:06:39,100.0,35.1,B
2021-07-09T11:06:25,300.0,35.1,B
2021-07-09T11:06:08,100.0,35.1,B
2021-07-09T11:04:08,2000.0,35.05,S
2021-07-09T11:04:08,200.0,35.1,B
2021-07-09T11:03:50,400.0,35.1,B
2021-07-09T11:03:03,500.0,35.1,B
2021-07-09T11:02:08,1000.0,35.1,B
2021-07-09T10:59:58,200.0,35.1,B
2021-07-09T10:59:17,300.0,35.1,B
2021-07-09T10:57:17,5500.0,35.05,S
2021-07-09T10:56:58,500.0,35.05,S
2021-07-09T10:56:56,300.0,35.1,B
2021-07-09T10:55:55,500.0,35.1,B
2021-07-09T10:55:23,500.0,35.05,S
2021-07-09T10:55:05,300.0,35.05,S
2021-07-09T10:54:42,700.0,35.05,S
2021-07-09T10:54:42,600.0,35.05,S
2021-07-09T10:54:42,900.0,35.05,S
2021-07-09T10:52:33,200.0,35.05,S
2021-07-09T10:52:32,100.0,35.1,B
2021-07-09T10:52:24,100.0,35.05,S
2021-07-09T10:51:15,200.0,35.05,S
2021-07-09T10:51:08,2000.0,35.05,S
2021-07-09T10:50:55,1000.0,35.05,S
2021-07-09T10:50:51,2500.0,35.1,B
2021-07-09T10:50:18,100.0,35.1,B
2021-07-09T10:48:54,1000.0,35.05,B
2021-07-09T10:48:54,5700.0,35.05,B
2021-07-09T10:48:47,2200.0,35.05,B
2021-07-09T10:48:37,600.0,35.0,S
2021-07-09T10:48:18,200.0,35.0,S
2021-07-09T10:47:21,200.0,35.05,B
2021-07-09T10:46:21,100.0,35.0,S
2021-07-09T10:45:29,200.0,35.0,S
2021-07-09T10:44:57,200.0,35.0,S
2021-07-09T10:44:25,800.0,35.0,B
2021-07-09T10:44:21,1000.0,35.0,B
2021-07-09T10:43:54,3000.0,35.0,S
2021-07-09T10:43:43,3000.0,35.0,S
2021-07-09T10:43:01,100.0,35.0,S
2021-07-09T10:42:48,400.0,35.0,B
2021-07-09T10:42:48,200.0,35.0,B
2021-07-09T10:42:46,600.0,35.0,B
2021-07-09T10:42:44,700.0,35.0,B
2021-07-09T10:42:24,100.0,35.0,B
2021-07-09T10:41:36,100.0,35.0,B
2021-07-09T10:41:11,100.0,35.0,S
2021-07-09T10:41:11,2900.0,35.0,S
2021-07-09T10:39:59,500.0,35.05,B
2021-07-09T10:38:52,500.0,35.05,B
2021-07-09T10:38:10,700.0,35.05,B
2021-07-09T10:38:02,500.0,35.05,B
2021-07-09T10:37:19,200.0,35.0,S
2021-07-09T10:32:43,100.0,35.05,S
2021-07-09T10:31:57,2400.0,35.1,B
2021-07-09T10:31:37,100.0,35.05,S
2021-07-09T10:31:18,500.0,35.05,S
2021-07-09T10:30:45,400.0,35.05,S
2021-07-09T10:30:38,2500.0,35.0,B
2021-07-09T10:30:28,7500.0,35.0,S
2021-07-09T10:29:50,1000.0,35.0,S
2021-07-09T10:29:42,500.0,35.0,S
2021-07-09T10:28:49,300.0,35.1,B
2021-07-09T10:28:34,3000.0,35.1,B
2021-07-09T10:27:17,1000.0,35.05,B
2021-07-09T10:26:50,100.0,35.0,S
2021-07-09T10:25:50,2000.0,35.0,S
2021-07-09T10:25:46,1000.0,35.0,S
2021-07-09T10:25:06,1000.0,35.0,S
2021-07-09T10:24:54,5000.0,35.0,S
2021-07-09T10:24:46,1000.0,35.05,B
2021-07-09T10:24:21,200.0,35.0,S
2021-07-09T10:24:18,100.0,35.0,S
2021-07-09T10:24:17,100.0,35.0,S
2021-07-09T10:24:17,500.0,35.0,S
2021-07-09T10:24:16,900.0,35.0,S
2021-07-09T10:22:27,400.0,35.0,S
2021-07-09T10:22:27,500.0,35.0,S
2021-07-09T10:22:26,13100.0,35.0,S
2021-07-09T10:22:14,300.0,35.05,S
2021-07-09T10:22:14,1000.0,35.1,B
2021-07-09T10:21:25,3000.0,35.05,S
2021-07-09T10:20:14,5000.0,35.05,S
2021-07-09T10:20:08,2300.0,35.1,S
2021-07-09T10:20:06,3000.0,35.1,S
2021-07-09T10:19:57,4900.0,35.1,B
2021-07-09T10:19:39,200.0,35.1,B
2021-07-09T10:16:50,3000.0,35.05,S
2021-07-09T10:16:48,10000.0,35.1,S
2021-07-09T10:15:43,500.0,35.15,B
2021-07-09T10:15:34,400.0,35.15,S
2021-07-09T10:14:13,300.0,35.15,B
2021-07-09T10:13:31,1400.0,35.05,S
2021-07-09T10:13:17,500.0,35.15,B
2021-07-09T10:13:09,1000.0,35.15,B
2021-07-09T10:13:04,2000.0,35.15,B
2021-07-09T10:13:01,200.0,35.15,B
2021-07-09T10:12:45,200.0,35.15,B
2021-07-09T10:12:30,100.0,35.15,B
2021-07-09T10:12:20,2000.0,35.05,S
2021-07-09T10:11:42,200.0,35.05,S
2021-07-09T10:11:39,2000.0,35.15,S
2021-07-09T10:11:22,300.0,35.2,B
2021-07-09T10:11:19,200.0,35.2,B
2021-07-09T10:10:55,800.0,35.15,B
2021-07-09T10:10:54,1000.0,35.15,B
2021-07-09T10:10:40,1000.0,35.15,B
2021-07-09T10:09:54,200.0,35.0,B
2021-07-09T10:09:33,300.0,35.0,B
2021-07-09T10:09:15,200.0,35.0,B
2021-07-09T10:09:15,100.0,35.0,B
2021-07-09T10:09:05,1000.0,35.0,B
2021-07-09T10:08:57,1000.0,35.0,B
2021-07-09T10:08:43,1000.0,35.0,B
2021-07-09T10:08:35,200.0,35.0,B
2021-07-09T10:08:32,100.0,35.0,B
2021-07-09T10:08:32,600.0,35.0,B
2021-07-09T10:08:12,5000.0,35.0,B
2021-07-09T10:08:09,100.0,35.0,B
2021-07-09T10:05:39,500.0,35.0,B
2021-07-09T10:05:35,1000.0,35.0,B
2021-07-09T10:05:20,200.0,35.0,B
2021-07-09T10:05:10,1000.0,35.0,B
2021-07-09T10:05:05,100.0,35.0,S
2021-07-09T10:05:05,200.0,35.0,S
2021-07-09T10:05:05,2200.0,35.0,S
2021-07-09T10:04:00,500.0,35.15,B
2021-07-09T10:03:47,3000.0,35.15,B
2021-07-09T10:03:08,600.0,35.1,B
2021-07-09T10:02:58,400.0,35.0,S
2021-07-09T10:02:51,1000.0,35.0,S
2021-07-09T10:02:34,100.0,35.1,B
2021-07-09T10:02:09,100.0,35.0,S
2021-07-09T10:01:32,9400.0,35.0,B
2021-07-09T10:01:08,200.0,35.0,B
2021-07-09T10:01:08,2100.0,35.0,S
2021-07-09T10:01:08,2000.0,35.0,S
2021-07-09T10:01:08,1800.0,35.0,S
2021-07-09T10:01:08,500.0,35.0,S
2021-07-09T10:00:57,1500.0,35.0,S
2021-07-09T09:59:54,100.0,35.0,S
2021-07-09T09:59:13,4000.0,35.0,S
2021-07-09T09:59:13,5300.0,35.0,S
2021-07-09T09:59:13,700.0,35.0,S
2021-07-09T09:58:42,10000.0,35.0,S
2021-07-09T09:58:04,1000.0,35.1,B
2021-07-09T09:57:11,500.0,35.1,B
2021-07-09T09:56:31,1000.0,35.1,S
2021-07-09T09:56:01,4000.0,35.1,S
2021-07-09T09:54:38,600.0,35.2,B
2021-07-09T09:54:18,1500.0,35.2,B
2021-07-09T09:51:45,400.0,35.2,B
2021-07-09T09:51:45,100.0,35.2,B
2021-07-09T09:51:33,100.0,35.15,B
2021-07-09T09:51:29,2900.0,35.15,S
2021-07-09T09:50:56,100.0,35.2,S
2021-07-09T09:50:46,100.0,35.25,B
2021-07-09T09:50:20,500.0,35.25,B
2021-07-09T09:50:03,1000.0,35.25,B
2021-07-09T09:49:56,100.0,35.25,B
2021-07-09T09:49:21,100.0,35.25,B
2021-07-09T09:49:20,200.0,35.25,B
2021-07-09T09:48:28,2000.0,35.25,B
2021-07-09T09:48:27,200.0,35.2,B
2021-07-09T09:48:13,1600.0,35.2,S
2021-07-09T09:48:02,2500.0,35.25,B
2021-07-09T09:47:49,200.0,35.25,B
2021-07-09T09:47:30,1200.0,35.2,S
2021-07-09T09:47:30,800.0,35.2,S
2021-07-09T09:47:30,200.0,35.2,S
2021-07-09T09:47:30,800.0,35.2,S
2021-07-09T09:46:48,2300.0,35.2,S
2021-07-09T09:46:31,100.0,35.25,S
2021-07-09T09:45:52,200.0,35.25,S
2021-07-09T09:45:31,6000.0,35.3,B
2021-07-09T09:45:18,700.0,35.25,S
2021-07-09T09:44:52,1000.0,35.2,S
2021-07-09T09:44:06,200.0,35.2,S
2021-07-09T09:44:02,200.0,35.3,B
2021-07-09T09:43:18,3300.0,35.2,B
2021-07-09T09:43:14,600.0,35.2,B
2021-07-09T09:43:05,400.0,35.2,B
2021-07-09T09:43:05,1000.0,35.2,B
2021-07-09T09:43:05,300.0,35.2,B
2021-07-09T09:43:05,2200.0,35.2,B
2021-07-09T09:42:55,3400.0,35.2,B
2021-07-09T09:42:43,200.0,35.15,B
2021-07-09T09:42:35,100.0,35.15,B
2021-07-09T09:41:46,100.0,35.1,S
2021-07-09T09:41:26,1000.0,35.1,B
2021-07-09T09:41:19,300.0,35.0,S
2021-07-09T09:41:16,200.0,35.1,B
2021-07-09T09:40:48,100.0,35.0,S
2021-07-09T09:40:35,1500.0,35.0,S
2021-07-09T09:39:58,2200.0,35.0,B
2021-07-09T09:39:52,1000.0,34.95,S
2021-07-09T09:39:44,600.0,35.0,B
2021-07-09T09:38:55,500.0,34.95,S
2021-07-09T09:38:20,500.0,34.95,S
2021-07-09T09:38:13,200.0,35.0,B
2021-07-09T09:36:46,300.0,34.9,S
2021-07-09T09:36:20,100.0,34.9,B
2021-07-09T09:36:04,100.0,34.9,B
2021-07-09T09:36:01,2000.0,34.8,S
2021-07-09T09:35:37,900.0,34.9,B
2021-07-09T09:35:28,100.0,34.9,S
2021-07-09T09:35:08,100.0,34.9,S
2021-07-09T09:34:55,600.0,35.0,B
2021-07-09T09:34:47,100.0,35.0,B
2021-07-09T09:34:36,100.0,35.0,B
2021-07-09T09:34:29,700.0,35.0,S
2021-07-09T09:34:26,600.0,35.0,S
2021-07-09T09:34:15,100.0,35.0,S
2021-07-09T09:33:29,1000.0,35.0,S
2021-07-09T09:32:59,700.0,35.0,S
2021-07-09T09:32:56,600.0,35.0,S
2021-07-09T09:32:56,400.0,35.0,S
2021-07-09T09:32:45,2100.0,35.0,S
2021-07-09T09:32:45,10900.0,35.0,S
2021-07-09T09:32:45,17000.0,35.1,S
2021-07-09T09:32:25,100.0,35.1,S
2021-07-09T09:32:23,1000.0,35.1,S
2021-07-09T09:32:18,2600.0,35.2,S
2021-07-09T09:32:07,1000.0,35.2,S
2021-07-09T09:32:06,1000.0,35.2,B
2021-07-09T09:32:06,2200.0,35.2,B
2021-07-09T09:32:03,100.0,35.2,B
2021-07-09T09:31:57,500.0,35.1,S
2021-07-09T09:31:40,600.0,35.2,S
2021-07-09T09:31:37,1000.0,35.2,S
2021-07-09T09:31:23,900.0,35.2,S
2021-07-09T09:31:23,100.0,35.2,S
2021-07-09T09:29:45,200.0,35.3,B
2021-07-09T09:29:20,2000.0,35.3,B
2021-07-09T09:29:09,200.0,35.2,S
2021-07-09T09:28:38,1000.0,35.3,B
2021-07-09T09:28:31,300.0,35.3,B
2021-07-09T09:28:08,2000.0,35.3,B
2021-07-09T09:27:47,300.0,35.4,B
2021-07-09T09:27:45,2800.0,35.4,B
2021-07-09T09:27:35,300.0,35.2,S
2021-07-09T09:27:35,200.0,35.2,S
2021-07-09T09:27:35,500.0,35.2,S
2021-07-09T09:27:26,200.0,35.4,B
2021-07-09T09:27:18,2000.0,35.4,B
2021-07-09T09:27:08,100.0,35.4,B
2021-07-09T09:26:44,1000.0,35.4,B
2021-07-09T09:26:34,1100.0,35.4,B
2021-07-09T09:25:35,2000.0,35.2,B
2021-07-09T09:25:35,100.0,35.2,B
2021-07-09T09:25:30,200.0,35.1,S
2021-07-09T09:25:25,2000.0,35.2,B
2021-07-09T09:25:16,1500.0,35.1,B
2021-07-09T09:25:02,500.0,35.0,B
2021-07-09T09:25:02,400.0,35.0,B
2021-07-09T09:25:02,3100.0,34.95,B
2021-07-09T09:24:58,300.0,34.9,B
2021-07-09T09:24:55,2000.0,34.9,B
2021-07-09T09:24:28,6000.0,34.9,B
2021-07-09T09:24:19,100.0,34.8,B
2021-07-09T09:24:17,100.0,34.8,B
2021-07-09T09:24:07,1000.0,34.75,B
2021-07-09T09:23:00,1000.0,34.7,S
2021-07-09T09:22:39,3600.0,34.6,S
2021-07-09T09:22:39,1400.0,34.6,S
2021-07-09T09:22:16,1000.0,34.6,S
2021-07-09T09:22:06,200.0,34.6,S
2021-07-09T09:21:58,1000.0,34.6,S
2021-07-09T09:21:51,100.0,34.6,S
2021-07-09T09:21:15,800.0,34.6,S
2021-07-09T09:20:43,100.0,34.6,B
2021-07-09T09:20:41,500.0,34.55,S
2021-07-09T09:20:17,900.0,34.55,B
2021-07-09T09:20:15,500.0,34.55,B
2021-07-09T09:20:05,5000.0,34.55,B
2021-07-09T09:20:00,2000.0,34.55,B
2021-07-09T09:19:52,300.0,34.55,B
2021-07-09T09:19:41,400.0,34.55,S
2021-07-09T09:19:39,500.0,34.55,S
2021-07-09T09:19:33,300.0,34.55,B
2021-07-09T09:19:33,1800.0,34.55,B
2021-07-09T09:19:28,1000.0,34.55,B
2021-07-09T09:19:16,1000.0,34.5,S
2021-07-09T09:19:08,6200.0,34.5,B
2021-07-09T09:18:43,300.0,34.5,B
2021-07-09T09:18:27,100.0,34.55,B
2021-07-09T09:18:06,100.0,34.55,B
2021-07-09T09:17:14,100.0,34.6,B
2021-07-09T09:17:12,100.0,34.6,B
2021-07-09T09:16:58,400.0,34.2,S
2021-07-09T09:16:18,300.0,34.6,B
2021-07-09T09:16:12,4600.0,34.2,S
2021-07-09T09:15:56,1000.0,34.2,S
2021-07-09T09:15:54,100.0,34.2,S
2021-07-09T09:15:53,700.0,34.2,S
2021-07-09T09:15:53,300.0,34.5,S
2021-07-09T09:15:53,1000.0,34.5,S
2021-07-09T09:15:50,600.0,34.5,S
2021-07-09T09:15:44,200.0,34.6,B
2021-07-09T09:15:42,300.0,34.6,S
2021-07-09T09:15:33,1700.0,34.6,S
