tradingTime,volume,price,side
2021-07-09T11:28:34,200.0,4.3,B
2021-07-09T11:28:02,100.0,4.3,B
2021-07-09T11:27:57,100.0,4.3,B
2021-07-09T11:25:46,800.0,4.3,B
2021-07-09T11:24:35,1500.0,4.3,B
2021-07-09T11:23:46,500.0,4.2,S
2021-07-09T11:22:53,10000.0,4.2,S
2021-07-09T11:22:09,2800.0,4.2,S
2021-07-09T11:21:06,2000.0,4.3,B
2021-07-09T11:21:05,1000.0,4.3,B
2021-07-09T11:20:36,5000.0,4.3,B
2021-07-09T11:20:14,200.0,4.3,B
2021-07-09T11:19:35,200.0,4.3,B
2021-07-09T11:18:41,3000.0,4.3,B
2021-07-09T11:17:46,300.0,4.3,B
2021-07-09T11:16:59,200.0,4.2,S
2021-07-09T11:16:46,50000.0,4.2,S
2021-07-09T11:16:43,100.0,4.3,B
2021-07-09T11:16:34,1400.0,4.3,B
2021-07-09T11:16:10,1000.0,4.2,S
2021-07-09T11:15:59,100.0,4.3,B
2021-07-09T11:15:49,1000.0,4.2,S
2021-07-09T11:14:39,2000.0,4.2,S
2021-07-09T11:14:16,100.0,4.3,B
2021-07-09T11:13:58,100.0,4.3,B
2021-07-09T11:13:48,1000.0,4.3,B
2021-07-09T11:13:43,800.0,4.3,B
2021-07-09T11:13:34,2000.0,4.3,B
2021-07-09T11:13:08,300.0,4.3,B
2021-07-09T11:12:50,400.0,4.3,B
2021-07-09T11:12:47,400.0,4.3,B
2021-07-09T11:12:46,3000.0,4.3,B
2021-07-09T11:12:31,1000.0,4.3,B
2021-07-09T11:12:15,15700.0,4.3,B
2021-07-09T11:12:15,1000.0,4.3,B
2021-07-09T11:12:04,700.0,4.3,B
2021-07-09T11:11:55,1000.0,4.3,B
2021-07-09T11:11:48,500.0,4.3,B
2021-07-09T11:11:46,200.0,4.3,B
2021-07-09T11:11:44,500.0,4.3,B
2021-07-09T11:11:43,2000.0,4.3,B
2021-07-09T11:11:36,100.0,4.3,B
2021-07-09T11:11:30,2000.0,4.3,B
2021-07-09T11:11:16,24100.0,4.3,B
2021-07-09T11:11:10,4800.0,4.3,S
2021-07-09T11:11:00,700.0,4.3,S
2021-07-09T11:10:49,1000.0,4.3,S
2021-07-09T11:10:47,300.0,4.3,S
2021-07-09T11:10:43,5500.0,4.3,S
2021-07-09T11:10:26,50000.0,4.3,S
2021-07-09T11:10:26,3600.0,4.3,S
2021-07-09T11:10:22,20000.0,4.3,S
2021-07-09T11:10:00,3500.0,4.3,S
2021-07-09T11:09:45,2300.0,4.3,S
2021-07-09T11:09:24,160000.0,4.3,S
2021-07-09T11:09:13,2000.0,4.3,S
2021-07-09T11:09:09,9800.0,4.3,S
2021-07-09T11:09:06,700.0,4.3,S
2021-07-09T11:08:57,100000.0,4.3,S
2021-07-09T11:08:08,100.0,4.3,S
2021-07-09T11:08:07,50000.0,4.3,S
2021-07-09T11:07:48,10000.0,4.3,S
2021-07-09T11:07:33,500.0,4.3,S
2021-07-09T11:07:23,200.0,4.3,S
2021-07-09T11:06:36,200.0,4.3,S
2021-07-09T11:05:50,3500.0,4.3,S
2021-07-09T11:05:10,3300.0,4.3,S
2021-07-09T11:05:03,3000.0,4.3,S
2021-07-09T11:04:04,1000.0,4.3,S
2021-07-09T11:03:56,100.0,4.3,S
2021-07-09T11:03:39,1300.0,4.3,S
2021-07-09T11:03:37,100.0,4.4,B
2021-07-09T11:02:56,1000.0,4.3,S
2021-07-09T11:02:05,1000.0,4.3,S
2021-07-09T11:01:48,1500.0,4.3,S
2021-07-09T11:01:10,100.0,4.3,S
2021-07-09T11:01:02,400.0,4.3,S
2021-07-09T11:00:48,100.0,4.3,S
2021-07-09T11:00:05,5000.0,4.3,S
2021-07-09T10:59:46,5500.0,4.3,S
2021-07-09T10:59:20,1000.0,4.4,B
2021-07-09T10:59:01,200.0,4.4,B
2021-07-09T10:58:59,9000.0,4.3,S
2021-07-09T10:58:46,2000.0,4.4,B
2021-07-09T10:58:29,7000.0,4.3,S
2021-07-09T10:58:21,1500.0,4.3,S
2021-07-09T10:58:15,150000.0,4.3,S
2021-07-09T10:57:39,6000.0,4.3,S
2021-07-09T10:57:06,100.0,4.3,S
2021-07-09T10:56:29,5000.0,4.3,S
2021-07-09T10:55:56,2000.0,4.3,S
2021-07-09T10:55:36,5000.0,4.3,S
2021-07-09T10:55:24,300.0,4.3,S
2021-07-09T10:54:46,10000.0,4.3,S
2021-07-09T10:54:27,100.0,4.4,B
2021-07-09T10:53:29,500.0,4.3,S
2021-07-09T10:53:26,500.0,4.3,S
2021-07-09T10:53:23,1000.0,4.3,S
2021-07-09T10:53:20,100.0,4.3,S
2021-07-09T10:51:51,100.0,4.3,S
2021-07-09T10:51:44,5000.0,4.3,S
2021-07-09T10:50:34,15100.0,4.3,S
2021-07-09T10:50:26,600.0,4.3,S
2021-07-09T10:49:06,3300.0,4.3,S
2021-07-09T10:47:13,1000.0,4.3,S
2021-07-09T10:47:04,800.0,4.4,B
2021-07-09T10:46:11,500.0,4.4,B
2021-07-09T10:45:35,200.0,4.4,B
2021-07-09T10:45:25,1000.0,4.3,S
2021-07-09T10:45:16,100.0,4.3,S
2021-07-09T10:45:00,3000.0,4.3,S
2021-07-09T10:44:00,500.0,4.3,S
2021-07-09T10:43:39,10000.0,4.3,S
2021-07-09T10:43:17,1000.0,4.3,S
2021-07-09T10:42:28,25000.0,4.3,S
2021-07-09T10:41:09,100.0,4.4,B
2021-07-09T10:40:32,500.0,4.4,B
2021-07-09T10:39:28,200.0,4.4,B
2021-07-09T10:39:13,500.0,4.4,B
2021-07-09T10:38:42,2000.0,4.4,B
2021-07-09T10:37:39,100.0,4.4,B
2021-07-09T10:36:43,100.0,4.4,B
2021-07-09T10:36:22,5000.0,4.3,S
2021-07-09T10:36:09,100.0,4.3,S
2021-07-09T10:35:30,1500.0,4.3,S
2021-07-09T10:34:49,600.0,4.3,S
2021-07-09T10:34:44,3000.0,4.3,S
2021-07-09T10:34:44,5500.0,4.3,S
2021-07-09T10:34:34,8000.0,4.3,S
2021-07-09T10:34:16,5000.0,4.3,S
2021-07-09T10:33:36,1500.0,4.3,S
2021-07-09T10:33:29,50000.0,4.3,S
2021-07-09T10:33:28,600.0,4.3,S
2021-07-09T10:32:47,11000.0,4.3,S
2021-07-09T10:31:56,1000.0,4.3,S
2021-07-09T10:31:34,2900.0,4.3,S
2021-07-09T10:30:46,8100.0,4.3,S
2021-07-09T10:30:22,1200.0,4.3,S
2021-07-09T10:30:04,1500.0,4.3,S
2021-07-09T10:29:33,5800.0,4.3,S
2021-07-09T10:29:26,1000.0,4.4,B
2021-07-09T10:29:16,200.0,4.3,S
2021-07-09T10:28:23,500.0,4.3,S
2021-07-09T10:28:01,3000.0,4.3,S
2021-07-09T10:27:04,2000.0,4.3,S
2021-07-09T10:26:57,14000.0,4.3,S
2021-07-09T10:26:30,2000.0,4.3,S
2021-07-09T10:26:24,40000.0,4.3,S
2021-07-09T10:26:15,400.0,4.4,B
2021-07-09T10:25:53,1100.0,4.3,S
2021-07-09T10:25:39,100.0,4.3,S
2021-07-09T10:23:29,300.0,4.3,S
2021-07-09T10:23:19,2500.0,4.3,S
2021-07-09T10:22:48,200.0,4.4,B
2021-07-09T10:22:44,11300.0,4.4,B
2021-07-09T10:21:51,500.0,4.3,S
2021-07-09T10:21:40,100.0,4.3,S
2021-07-09T10:20:51,131800.0,4.3,S
2021-07-09T10:19:36,2500.0,4.3,S
2021-07-09T10:19:00,200.0,4.3,S
2021-07-09T10:17:52,1000.0,4.4,B
2021-07-09T10:17:39,1000.0,4.3,S
2021-07-09T10:16:48,400.0,4.3,S
2021-07-09T10:16:43,100.0,4.3,S
2021-07-09T10:15:26,1000.0,4.3,S
2021-07-09T10:14:49,10400.0,4.4,B
2021-07-09T10:14:44,3300.0,4.3,S
2021-07-09T10:14:31,10000.0,4.4,B
2021-07-09T10:14:06,2000.0,4.3,S
2021-07-09T10:14:06,1000.0,4.4,B
2021-07-09T10:14:03,1000.0,4.4,B
2021-07-09T10:13:24,5000.0,4.4,B
2021-07-09T10:13:18,10000.0,4.3,S
2021-07-09T10:13:01,700.0,4.4,B
2021-07-09T10:12:17,10000.0,4.4,B
2021-07-09T10:11:35,100.0,4.4,B
2021-07-09T10:11:27,600.0,4.4,B
2021-07-09T10:09:32,200.0,4.4,B
2021-07-09T10:09:28,1000.0,4.3,S
2021-07-09T10:08:27,3000.0,4.3,S
2021-07-09T10:08:05,500.0,4.3,S
2021-07-09T10:07:50,4000.0,4.4,B
2021-07-09T10:07:47,700.0,4.3,S
2021-07-09T10:07:47,500.0,4.3,S
2021-07-09T10:06:33,100.0,4.3,S
2021-07-09T10:06:23,4100.0,4.3,S
2021-07-09T10:05:03,500.0,4.3,S
2021-07-09T10:05:03,500.0,4.3,S
2021-07-09T10:04:45,100.0,4.3,S
2021-07-09T10:04:24,3300.0,4.3,S
2021-07-09T10:04:23,2000.0,4.3,S
2021-07-09T10:04:17,300.0,4.3,S
2021-07-09T10:03:32,200.0,4.3,S
2021-07-09T10:03:18,500.0,4.3,S
2021-07-09T10:02:18,600.0,4.4,B
2021-07-09T10:02:08,1000.0,4.4,B
2021-07-09T10:01:56,100.0,4.4,B
2021-07-09T10:01:33,100.0,4.4,B
2021-07-09T10:00:21,200.0,4.4,B
2021-07-09T10:00:18,2000.0,4.3,S
2021-07-09T10:00:13,500.0,4.4,B
2021-07-09T09:59:35,500.0,4.4,B
2021-07-09T09:57:15,500.0,4.4,B
2021-07-09T09:56:20,500.0,4.4,B
2021-07-09T09:55:49,2200.0,4.4,B
2021-07-09T09:55:28,300.0,4.4,B
2021-07-09T09:54:07,200.0,4.4,B
2021-07-09T09:53:06,1000.0,4.4,B
2021-07-09T09:52:24,4500.0,4.3,S
2021-07-09T09:52:16,500.0,4.4,B
2021-07-09T09:51:13,500.0,4.4,B
2021-07-09T09:51:07,5000.0,4.4,B
2021-07-09T09:51:03,500.0,4.4,B
2021-07-09T09:49:24,500.0,4.4,B
2021-07-09T09:49:23,100.0,4.4,B
2021-07-09T09:49:00,4100.0,4.4,B
2021-07-09T09:48:42,200.0,4.3,S
2021-07-09T09:48:39,100.0,4.4,B
2021-07-09T09:48:17,10000.0,4.3,S
2021-07-09T09:47:11,100.0,4.3,S
2021-07-09T09:46:55,1000.0,4.3,S
2021-07-09T09:46:45,300.0,4.4,B
2021-07-09T09:46:13,500.0,4.3,S
2021-07-09T09:45:57,100.0,4.4,B
2021-07-09T09:45:16,1100.0,4.3,S
2021-07-09T09:44:58,2000.0,4.4,B
2021-07-09T09:44:49,1000.0,4.3,S
2021-07-09T09:44:06,100.0,4.3,S
2021-07-09T09:43:58,2000.0,4.4,B
2021-07-09T09:43:21,7500.0,4.3,S
2021-07-09T09:42:28,26300.0,4.4,B
2021-07-09T09:41:48,1000.0,4.3,S
2021-07-09T09:41:07,500.0,4.3,S
2021-07-09T09:40:47,100.0,4.4,B
2021-07-09T09:40:43,400.0,4.4,B
2021-07-09T09:40:35,300.0,4.4,B
2021-07-09T09:40:16,500.0,4.4,B
2021-07-09T09:40:11,500.0,4.4,B
2021-07-09T09:38:04,500.0,4.4,B
2021-07-09T09:37:39,100.0,4.4,B
2021-07-09T09:36:56,100.0,4.3,S
2021-07-09T09:36:48,200.0,4.3,S
2021-07-09T09:36:29,7000.0,4.3,S
2021-07-09T09:36:23,100.0,4.3,S
2021-07-09T09:36:13,200.0,4.3,S
2021-07-09T09:35:13,1000.0,4.3,S
2021-07-09T09:35:01,50000.0,4.3,S
2021-07-09T09:34:16,100.0,4.4,B
2021-07-09T09:34:12,100.0,4.3,S
2021-07-09T09:34:06,400.0,4.4,B
2021-07-09T09:33:48,2500.0,4.4,B
2021-07-09T09:33:12,2700.0,4.4,B
2021-07-09T09:33:08,1000.0,4.3,S
2021-07-09T09:32:58,200.0,4.4,B
2021-07-09T09:32:41,3700.0,4.4,B
2021-07-09T09:32:24,100.0,4.4,B
2021-07-09T09:32:18,18400.0,4.3,S
2021-07-09T09:32:16,100.0,4.4,B
2021-07-09T09:31:53,1000.0,4.4,B
2021-07-09T09:31:48,100.0,4.4,B
2021-07-09T09:30:48,500.0,4.4,B
2021-07-09T09:30:45,1000.0,4.3,S
2021-07-09T09:30:23,1000.0,4.3,S
2021-07-09T09:30:06,3000.0,4.3,S
2021-07-09T09:28:20,300.0,4.3,S
2021-07-09T09:27:54,3000.0,4.3,S
2021-07-09T09:27:40,500.0,4.4,B
2021-07-09T09:26:53,40000.0,4.3,S
2021-07-09T09:26:23,5000.0,4.3,S
2021-07-09T09:26:02,400.0,4.3,S
2021-07-09T09:25:32,10000.0,4.3,S
2021-07-09T09:25:27,400.0,4.3,S
2021-07-09T09:25:03,2000.0,4.3,S
2021-07-09T09:24:41,1700.0,4.3,S
2021-07-09T09:24:28,200.0,4.4,B
2021-07-09T09:24:08,8000.0,4.3,S
2021-07-09T09:23:44,2000.0,4.3,S
2021-07-09T09:22:56,200.0,4.3,S
2021-07-09T09:22:43,20000.0,4.3,S
2021-07-09T09:22:09,5500.0,4.3,S
2021-07-09T09:22:08,100.0,4.3,S
2021-07-09T09:20:52,500.0,4.3,S
2021-07-09T09:20:50,100.0,4.3,S
2021-07-09T09:20:09,500.0,4.3,S
2021-07-09T09:19:16,1000.0,4.3,S
2021-07-09T09:19:12,10000.0,4.3,S
2021-07-09T09:18:59,1000.0,4.3,S
2021-07-09T09:18:32,61600.0,4.3,S
2021-07-09T09:18:27,300.0,4.3,S
2021-07-09T09:18:20,5000.0,4.3,S
2021-07-09T09:17:57,5000.0,4.3,S
2021-07-09T09:17:56,1100.0,4.3,S
2021-07-09T09:17:46,5000.0,4.3,S
2021-07-09T09:17:16,3400.0,4.3,S
2021-07-09T09:17:14,100.0,4.4,B
2021-07-09T09:17:09,2500.0,4.3,S
2021-07-09T09:15:49,100.0,4.4,B
2021-07-09T09:15:32,500.0,4.4,B
2021-07-09T09:15:28,200.0,4.4,B
2021-07-09T09:15:22,100.0,4.4,B
2021-07-09T09:15:10,20500.0,4.4,B
2021-07-09T09:14:52,500.0,4.4,B
2021-07-09T09:14:52,1000.0,4.3,S
2021-07-09T09:14:42,400.0,4.3,S
2021-07-09T09:13:53,12000.0,4.4,B
2021-07-09T09:12:26,500.0,4.4,B
2021-07-09T09:12:15,1000.0,4.4,B
2021-07-09T09:11:46,5000.0,4.4,B
2021-07-09T09:11:08,400.0,4.4,B
2021-07-09T09:10:11,5000.0,4.4,B
2021-07-09T09:09:17,600.0,4.3,S
2021-07-09T09:09:02,200.0,4.4,B
2021-07-09T09:08:50,100.0,4.4,B
2021-07-09T09:07:48,600.0,4.4,B
2021-07-09T09:06:53,5000.0,4.3,S
2021-07-09T09:05:32,100.0,4.3,S
2021-07-09T09:03:27,1000.0,4.4,B
2021-07-09T09:03:07,100.0,4.4,B
2021-07-09T09:02:50,2000.0,4.4,B
2021-07-09T09:01:46,2800.0,4.4,S
2021-07-09T09:01:26,40000.0,4.4,S
2021-07-09T09:01:18,2000.0,4.5,B
2021-07-09T09:00:26,1000.0,4.5,B
