tradingTime,volume,price,side
2021-07-09T11:30:01,400.0,106.0,S
2021-07-09T11:29:59,300.0,106.0,S
2021-07-09T11:29:59,600.0,106.0,S
2021-07-09T11:29:59,100.0,106.0,S
2021-07-09T11:29:59,1100.0,106.0,S
2021-07-09T11:29:57,200.0,106.0,S
2021-07-09T11:29:57,200.0,106.0,S
2021-07-09T11:29:57,1000.0,106.0,S
2021-07-09T11:29:43,300.0,106.0,S
2021-07-09T11:29:17,200.0,106.0,S
2021-07-09T11:29:16,200.0,106.0,S
2021-07-09T11:29:14,100.0,106.0,S
2021-07-09T11:29:14,400.0,106.0,S
2021-07-09T11:29:14,100.0,106.0,S
2021-07-09T11:29:14,500.0,106.0,S
2021-07-09T11:29:13,2000.0,106.0,S
2021-07-09T11:28:19,100.0,106.0,S
2021-07-09T11:28:19,100.0,106.0,S
2021-07-09T11:28:18,100.0,106.0,S
2021-07-09T11:28:18,400.0,106.0,S
2021-07-09T11:28:17,400.0,106.0,S
2021-07-09T11:28:17,1600.0,106.0,S
2021-07-09T11:28:13,100.0,106.1,B
2021-07-09T11:28:08,100.0,106.0,S
2021-07-09T11:28:08,100.0,106.0,S
2021-07-09T11:28:07,100.0,106.0,S
2021-07-09T11:28:07,600.0,106.0,S
2021-07-09T11:28:06,400.0,106.0,S
2021-07-09T11:28:05,100.0,106.0,S
2021-07-09T11:28:05,2000.0,106.1,B
2021-07-09T11:27:58,100.0,106.0,S
2021-07-09T11:27:58,300.0,106.1,B
2021-07-09T11:27:57,200.0,106.0,S
2021-07-09T11:27:54,200.0,106.0,S
2021-07-09T11:27:54,300.0,106.0,S
2021-07-09T11:27:54,600.0,106.0,S
2021-07-09T11:27:54,800.0,106.0,S
2021-07-09T11:27:54,3000.0,106.1,B
2021-07-09T11:26:55,200.0,106.1,B
2021-07-09T11:26:49,100.0,106.0,S
2021-07-09T11:26:44,100.0,106.0,S
2021-07-09T11:26:40,100.0,106.0,S
2021-07-09T11:26:36,100.0,106.0,S
2021-07-09T11:26:33,100.0,106.0,S
2021-07-09T11:26:29,100.0,106.0,S
2021-07-09T11:26:25,100.0,106.0,S
2021-07-09T11:26:20,100.0,106.0,S
2021-07-09T11:26:15,100.0,106.0,S
2021-07-09T11:26:10,100.0,106.0,S
2021-07-09T11:26:00,100.0,106.0,S
2021-07-09T11:25:40,200.0,106.0,S
2021-07-09T11:25:40,200.0,106.0,S
2021-07-09T11:25:38,1000.0,106.0,S
2021-07-09T11:25:34,200.0,106.0,S
2021-07-09T11:24:58,100.0,106.0,S
2021-07-09T11:24:58,100.0,106.0,S
2021-07-09T11:24:57,500.0,106.1,B
2021-07-09T11:22:57,200.0,106.0,S
2021-07-09T11:22:57,200.0,106.0,S
2021-07-09T11:22:56,1100.0,106.0,S
2021-07-09T11:22:54,100.0,106.0,S
2021-07-09T11:22:54,100.0,106.0,S
2021-07-09T11:22:54,100.0,106.0,S
2021-07-09T11:22:53,500.0,106.0,S
2021-07-09T11:22:53,100.0,106.0,S
2021-07-09T11:22:52,500.0,106.0,S
2021-07-09T11:22:52,600.0,106.1,B
2021-07-09T11:22:52,1400.0,106.1,B
2021-07-09T11:21:46,100.0,106.0,S
2021-07-09T11:21:46,100.0,106.0,S
2021-07-09T11:21:44,500.0,106.1,B
2021-07-09T11:21:43,100.0,106.0,S
2021-07-09T11:21:43,100.0,106.0,S
2021-07-09T11:21:41,500.0,106.1,B
2021-07-09T11:21:36,100.0,106.1,B
2021-07-09T11:21:07,200.0,106.1,B
2021-07-09T11:20:26,200.0,106.1,B
2021-07-09T11:20:10,300.0,106.0,S
2021-07-09T11:20:10,200.0,106.0,S
2021-07-09T11:20:10,100.0,106.0,S
2021-07-09T11:20:09,1200.0,106.0,S
2021-07-09T11:20:09,200.0,106.0,S
2021-07-09T11:20:08,400.0,106.0,S
2021-07-09T11:20:08,900.0,106.0,S
2021-07-09T11:20:08,100.0,106.0,S
2021-07-09T11:20:07,100.0,106.0,S
2021-07-09T11:20:07,800.0,106.0,S
2021-07-09T11:20:07,2400.0,106.0,S
2021-07-09T11:20:07,600.0,106.0,S
2021-07-09T11:20:07,500.0,106.0,S
2021-07-09T11:20:06,100.0,106.0,S
2021-07-09T11:20:06,100.0,106.0,S
2021-07-09T11:20:05,100.0,106.0,S
2021-07-09T11:20:05,200.0,106.0,S
2021-07-09T11:20:04,400.0,106.0,S
2021-07-09T11:20:03,500.0,106.0,S
2021-07-09T11:20:03,800.0,106.0,S
2021-07-09T11:20:03,300.0,106.0,S
2021-07-09T11:20:01,1900.0,106.0,S
2021-07-09T11:20:01,1500.0,106.0,S
2021-07-09T11:20:01,300.0,106.0,S
2021-07-09T11:20:01,4900.0,106.1,B
2021-07-09T11:20:01,2700.0,106.0,S
2021-07-09T11:19:59,100.0,106.0,S
2021-07-09T11:19:58,200.0,106.0,S
2021-07-09T11:19:57,300.0,106.0,S
2021-07-09T11:19:57,1400.0,106.0,S
2021-07-09T11:19:50,200.0,106.0,S
2021-07-09T11:19:44,200.0,106.0,S
2021-07-09T11:19:41,100.0,106.0,S
2021-07-09T11:19:38,100.0,106.0,S
2021-07-09T11:19:38,100.0,106.0,S
2021-07-09T11:19:37,300.0,106.0,S
2021-07-09T11:19:37,300.0,106.0,S
2021-07-09T11:19:36,1500.0,106.0,S
2021-07-09T11:19:35,300.0,106.0,S
2021-07-09T11:19:34,200.0,106.0,S
2021-07-09T11:19:34,300.0,106.0,S
2021-07-09T11:19:34,600.0,106.0,S
2021-07-09T11:19:34,400.0,106.0,S
2021-07-09T11:19:33,1300.0,106.0,S
2021-07-09T11:19:32,300.0,106.0,S
2021-07-09T11:19:32,1600.0,106.0,S
2021-07-09T11:19:31,2900.0,106.0,S
2021-07-09T11:19:31,3700.0,106.0,S
2021-07-09T11:18:37,100.0,106.1,B
2021-07-09T11:18:28,200.0,106.0,S
2021-07-09T11:17:42,100.0,106.0,S
2021-07-09T11:17:40,200.0,106.0,S
2021-07-09T11:17:40,100.0,106.0,S
2021-07-09T11:17:40,500.0,106.0,S
2021-07-09T11:17:40,400.0,106.0,S
2021-07-09T11:17:40,100.0,106.0,S
2021-07-09T11:17:38,2000.0,106.1,S
2021-07-09T11:17:33,200.0,106.1,S
2021-07-09T11:17:33,100.0,106.1,S
2021-07-09T11:17:32,800.0,106.1,S
2021-07-09T11:17:26,300.0,106.2,B
2021-07-09T11:16:19,100.0,106.2,B
2021-07-09T11:15:59,300.0,106.0,S
2021-07-09T11:15:58,200.0,106.0,S
2021-07-09T11:15:58,1000.0,106.0,S
2021-07-09T11:15:24,200.0,106.0,S
2021-07-09T11:15:24,200.0,106.0,S
2021-07-09T11:15:24,100.0,106.0,S
2021-07-09T11:15:23,100.0,106.0,S
2021-07-09T11:15:23,700.0,106.0,S
2021-07-09T11:15:21,400.0,106.0,S
2021-07-09T11:15:21,200.0,106.0,S
2021-07-09T11:15:21,1200.0,106.0,S
2021-07-09T11:15:21,1000.0,106.0,S
2021-07-09T11:15:21,5000.0,106.0,S
2021-07-09T11:15:07,100.0,106.0,S
2021-07-09T11:15:05,100.0,106.0,S
2021-07-09T11:15:05,100.0,106.0,S
2021-07-09T11:15:05,200.0,106.0,S
2021-07-09T11:15:05,200.0,106.0,S
2021-07-09T11:15:05,200.0,106.0,S
2021-07-09T11:15:04,100.0,106.0,S
2021-07-09T11:15:04,900.0,106.0,S
2021-07-09T11:15:03,1000.0,106.0,S
2021-07-09T11:15:03,100.0,106.0,S
2021-07-09T11:15:03,2700.0,106.0,S
2021-07-09T11:15:01,600.0,106.0,S
2021-07-09T11:15:01,1300.0,106.0,S
2021-07-09T11:15:01,400.0,106.0,S
2021-07-09T11:15:01,400.0,106.1,S
2021-07-09T11:15:01,100.0,106.1,B
2021-07-09T11:15:01,8000.0,106.1,B
2021-07-09T11:15:01,1400.0,106.1,B
2021-07-09T11:15:01,100.0,106.0,S
2021-07-09T11:15:01,200.0,106.0,S
2021-07-09T11:15:00,100.0,106.0,S
2021-07-09T11:15:00,600.0,106.0,S
2021-07-09T11:14:59,300.0,106.0,S
2021-07-09T11:14:59,100.0,106.0,S
2021-07-09T11:14:59,2000.0,106.1,B
2021-07-09T11:14:11,200.0,106.1,B
2021-07-09T11:13:42,100.0,106.0,S
2021-07-09T11:13:41,100.0,106.0,S
2021-07-09T11:13:40,500.0,106.0,S
2021-07-09T11:13:40,100.0,106.1,B
2021-07-09T11:13:29,200.0,106.0,S
2021-07-09T11:13:27,200.0,106.0,S
2021-07-09T11:13:27,600.0,106.0,S
2021-07-09T11:13:27,500.0,106.0,S
2021-07-09T11:13:26,100.0,106.0,S
2021-07-09T11:13:24,2500.0,106.1,B
2021-07-09T11:13:10,100.0,106.0,S
2021-07-09T11:13:09,400.0,106.1,B
2021-07-09T11:13:03,300.0,106.1,B
2021-07-09T11:12:59,200.0,106.0,S
2021-07-09T11:12:59,100.0,106.0,S
2021-07-09T11:12:56,300.0,106.0,S
2021-07-09T11:12:56,100.0,106.0,S
2021-07-09T11:12:56,500.0,106.0,S
2021-07-09T11:12:56,400.0,106.1,B
2021-07-09T11:12:56,400.0,106.0,S
2021-07-09T11:12:54,900.0,106.0,S
2021-07-09T11:12:54,1100.0,106.0,S
2021-07-09T11:12:50,100.0,106.0,S
2021-07-09T11:12:49,300.0,106.1,B
2021-07-09T11:12:48,500.0,106.1,B
2021-07-09T11:12:07,200.0,106.0,S
2021-07-09T11:12:06,200.0,106.0,S
2021-07-09T11:12:05,1000.0,106.0,S
2021-07-09T11:12:05,100.0,106.0,S
2021-07-09T11:12:05,200.0,106.0,S
2021-07-09T11:12:04,200.0,106.0,S
2021-07-09T11:12:04,100.0,106.0,S
2021-07-09T11:12:04,900.0,106.0,S
2021-07-09T11:12:03,600.0,106.0,S
2021-07-09T11:12:01,100.0,106.0,S
2021-07-09T11:12:01,3100.0,106.0,S
2021-07-09T11:11:53,100.0,106.0,S
2021-07-09T11:11:53,100.0,106.0,S
2021-07-09T11:11:52,200.0,106.0,S
2021-07-09T11:11:52,400.0,106.0,S
2021-07-09T11:11:52,100.0,106.0,S
2021-07-09T11:11:49,700.0,106.0,S
2021-07-09T11:11:49,500.0,106.0,S
2021-07-09T11:11:49,900.0,106.0,S
2021-07-09T11:11:49,200.0,106.0,S
2021-07-09T11:11:49,1400.0,106.0,S
2021-07-09T11:11:49,900.0,106.0,S
2021-07-09T11:11:49,100.0,106.0,S
2021-07-09T11:11:49,1000.0,106.0,S
2021-07-09T11:11:49,500.0,106.0,S
2021-07-09T11:11:49,3200.0,106.0,S
2021-07-09T11:11:48,10000.0,106.1,B
2021-07-09T11:11:46,100.0,106.0,S
2021-07-09T11:11:45,400.0,106.0,S
2021-07-09T11:11:05,100.0,106.0,S
2021-07-09T11:11:05,100.0,106.0,S
2021-07-09T11:11:05,100.0,106.0,S
2021-07-09T11:11:05,500.0,106.0,S
2021-07-09T11:11:05,100.0,106.0,S
2021-07-09T11:11:04,500.0,106.0,S
2021-07-09T11:11:03,2000.0,106.1,B
2021-07-09T11:10:50,200.0,106.0,S
2021-07-09T11:10:50,200.0,106.0,S
2021-07-09T11:10:49,100.0,106.0,S
2021-07-09T11:10:49,500.0,106.0,S
2021-07-09T11:10:49,500.0,106.0,S
2021-07-09T11:10:49,200.0,106.0,S
2021-07-09T11:10:47,1400.0,106.0,S
2021-07-09T11:10:47,1100.0,106.0,S
2021-07-09T11:10:47,300.0,106.0,S
2021-07-09T11:10:47,2500.0,106.0,S
2021-07-09T11:10:47,1800.0,106.0,S
2021-07-09T11:10:46,1200.0,106.0,S
2021-07-09T11:10:46,5000.0,106.0,S
2021-07-09T11:10:45,4000.0,106.0,S
2021-07-09T11:10:45,20000.0,106.1,B
2021-07-09T11:10:43,200.0,106.0,S
2021-07-09T11:10:42,200.0,106.0,S
2021-07-09T11:10:41,1000.0,106.1,B
2021-07-09T11:10:04,200.0,106.1,B
2021-07-09T11:09:44,100.0,106.1,B
2021-07-09T11:09:27,100.0,106.1,B
2021-07-09T11:08:51,100.0,106.0,S
2021-07-09T11:08:51,200.0,106.0,S
2021-07-09T11:08:51,200.0,106.0,S
2021-07-09T11:08:50,400.0,106.0,S
2021-07-09T11:08:50,200.0,106.0,S
2021-07-09T11:08:48,1000.0,106.0,S
2021-07-09T11:08:48,800.0,106.0,S
2021-07-09T11:08:48,200.0,106.0,S
2021-07-09T11:08:48,4000.0,106.0,S
2021-07-09T11:08:35,100.0,106.0,S
2021-07-09T11:08:34,100.0,106.0,S
2021-07-09T11:08:34,100.0,106.0,S
2021-07-09T11:08:33,200.0,106.0,S
2021-07-09T11:08:33,100.0,106.0,S
2021-07-09T11:08:33,600.0,106.0,S
2021-07-09T11:08:32,1200.0,106.0,S
2021-07-09T11:08:32,200.0,106.0,S
2021-07-09T11:08:32,1200.0,106.0,S
2021-07-09T11:08:31,5000.0,106.0,S
2021-07-09T11:08:31,100.0,106.0,S
2021-07-09T11:08:30,200.0,106.0,S
2021-07-09T11:08:30,200.0,106.0,S
2021-07-09T11:08:29,300.0,106.0,S
2021-07-09T11:08:29,500.0,106.0,S
2021-07-09T11:08:29,300.0,106.0,S
2021-07-09T11:08:28,100.0,106.0,S
2021-07-09T11:08:28,1100.0,106.0,S
2021-07-09T11:08:27,200.0,106.0,S
2021-07-09T11:08:27,1300.0,106.0,S
2021-07-09T11:08:26,5500.0,106.0,S
2021-07-09T11:08:21,200.0,106.0,S
2021-07-09T11:08:20,100.0,106.1,S
2021-07-09T11:08:19,100.0,106.0,S
2021-07-09T11:08:19,700.0,106.0,S
2021-07-09T11:08:19,100.0,106.0,S
2021-07-09T11:08:17,500.0,106.0,S
2021-07-09T11:08:17,100.0,106.0,S
2021-07-09T11:08:17,500.0,106.0,S
2021-07-09T11:08:17,1900.0,106.0,S
2021-07-09T11:08:16,300.0,106.1,S
2021-07-09T11:08:16,1900.0,106.1,S
2021-07-09T11:08:15,7900.0,106.1,S
2021-07-09T11:07:57,100.0,106.1,B
2021-07-09T11:07:53,100.0,106.0,S
2021-07-09T11:07:53,100.0,106.0,S
2021-07-09T11:07:52,300.0,106.0,S
2021-07-09T11:07:52,200.0,106.0,S
2021-07-09T11:07:50,700.0,106.0,S
2021-07-09T11:07:50,600.0,106.0,S
2021-07-09T11:07:50,100.0,106.0,S
2021-07-09T11:07:49,3000.0,106.3,B
2021-07-09T11:07:44,100.0,106.0,S
2021-07-09T11:07:44,200.0,106.0,S
2021-07-09T11:07:43,100.0,106.0,S
2021-07-09T11:07:43,600.0,106.0,S
2021-07-09T11:07:42,600.0,106.0,S
2021-07-09T11:07:41,1000.0,106.0,S
2021-07-09T11:07:41,200.0,106.0,S
2021-07-09T11:07:41,1300.0,106.0,S
2021-07-09T11:07:39,1500.0,106.1,S
2021-07-09T11:07:39,2100.0,106.1,S
2021-07-09T11:07:39,1700.0,106.1,S
2021-07-09T11:06:58,200.0,106.1,S
2021-07-09T11:06:35,100.0,106.1,S
2021-07-09T11:06:14,100.0,106.1,S
2021-07-09T11:05:48,100.0,106.0,S
2021-07-09T11:05:47,200.0,106.0,S
2021-07-09T11:05:47,500.0,106.0,S
2021-07-09T11:05:46,600.0,106.0,S
2021-07-09T11:05:43,2000.0,106.1,S
2021-07-09T11:05:26,200.0,106.3,B
2021-07-09T11:05:22,200.0,106.1,S
2021-07-09T11:04:43,100.0,106.0,S
2021-07-09T11:04:43,200.0,106.0,S
2021-07-09T11:04:43,200.0,106.0,S
2021-07-09T11:04:41,900.0,106.1,B
2021-07-09T11:04:27,100.0,106.1,B
2021-07-09T11:04:23,300.0,106.1,B
2021-07-09T11:04:08,200.0,106.1,B
2021-07-09T11:03:54,100.0,106.0,S
2021-07-09T11:03:53,100.0,106.0,S
2021-07-09T11:03:52,500.0,106.1,S
2021-07-09T11:02:47,100.0,106.0,S
2021-07-09T11:02:47,100.0,106.1,S
2021-07-09T11:02:47,500.0,106.1,S
2021-07-09T11:02:20,100.0,106.1,S
2021-07-09T11:02:19,100.0,106.1,S
2021-07-09T11:02:19,700.0,106.1,S
2021-07-09T11:02:17,400.0,106.1,S
2021-07-09T11:02:17,2000.0,106.3,B
2021-07-09T11:01:55,100.0,106.3,B
2021-07-09T11:01:04,100.0,106.3,B
2021-07-09T11:00:43,100.0,106.0,S
2021-07-09T11:00:43,200.0,106.0,S
2021-07-09T11:00:41,100.0,106.0,S
2021-07-09T11:00:41,500.0,106.0,S
2021-07-09T11:00:41,400.0,106.0,S
2021-07-09T11:00:39,2300.0,106.3,B
2021-07-09T11:00:38,300.0,106.0,S
2021-07-09T11:00:37,400.0,106.0,S
2021-07-09T11:00:37,900.0,106.0,S
2021-07-09T11:00:36,500.0,106.0,S
2021-07-09T11:00:36,200.0,106.0,S
2021-07-09T11:00:36,700.0,106.0,S
2021-07-09T11:00:36,100.0,106.0,S
2021-07-09T11:00:36,200.0,106.0,S
2021-07-09T11:00:35,2000.0,106.0,S
2021-07-09T11:00:35,400.0,106.0,S
2021-07-09T11:00:35,1600.0,106.0,S
2021-07-09T11:00:34,900.0,106.0,S
2021-07-09T11:00:34,900.0,106.0,S
2021-07-09T11:00:34,300.0,106.0,S
2021-07-09T11:00:34,500.0,106.0,S
2021-07-09T11:00:34,6200.0,106.0,S
2021-07-09T11:00:33,700.0,106.0,S
2021-07-09T11:00:33,1900.0,106.0,S
2021-07-09T11:00:33,800.0,106.0,S
2021-07-09T11:00:33,3400.0,106.0,S
2021-07-09T11:00:31,1700.0,106.0,S
2021-07-09T11:00:31,7800.0,106.0,S
2021-07-09T11:00:31,3400.0,106.0,S
2021-07-09T11:00:31,5100.0,106.0,S
2021-07-09T11:00:31,25500.0,106.0,S
2021-07-09T11:00:30,600.0,106.0,S
2021-07-09T11:00:30,500.0,106.0,S
2021-07-09T11:00:30,700.0,106.0,S
2021-07-09T11:00:30,800.0,106.0,S
2021-07-09T11:00:30,500.0,106.0,S
2021-07-09T11:00:30,100.0,106.0,S
2021-07-09T11:00:30,3200.0,106.0,S
2021-07-09T11:00:30,4000.0,106.0,S
2021-07-09T11:00:30,100.0,106.0,S
2021-07-09T11:00:30,100.0,106.0,S
2021-07-09T11:00:30,6400.0,106.0,S
2021-07-09T11:00:30,300.0,106.0,S
2021-07-09T11:00:30,3300.0,106.0,S
2021-07-09T11:00:30,300.0,106.0,S
2021-07-09T11:00:30,500.0,106.0,S
2021-07-09T11:00:30,6200.0,106.0,S
2021-07-09T11:00:30,20400.0,106.0,S
2021-07-09T11:00:30,10200.0,106.0,S
2021-07-09T11:00:30,700.0,106.0,S
2021-07-09T11:00:30,15200.0,106.0,S
2021-07-09T11:00:30,400.0,106.1,S
2021-07-09T11:00:30,1100.0,106.1,S
2021-07-09T11:00:30,300.0,106.1,S
2021-07-09T11:00:30,6600.0,106.1,S
2021-07-09T11:00:30,2300.0,106.1,S
2021-07-09T11:00:30,300.0,106.1,S
2021-07-09T11:00:30,1000.0,106.1,S
2021-07-09T11:00:30,10900.0,106.1,S
2021-07-09T11:00:30,1700.0,106.1,S
2021-07-09T11:00:30,100.0,106.1,S
2021-07-09T11:00:30,3500.0,106.1,S
2021-07-09T11:00:28,300.0,106.1,S
2021-07-09T11:00:28,1400.0,106.2,B
2021-07-09T11:00:28,300.0,106.2,B
2021-07-09T11:00:16,100.0,106.1,S
2021-07-09T11:00:16,100.0,106.1,S
2021-07-09T11:00:15,300.0,106.1,S
2021-07-09T11:00:15,200.0,106.1,S
2021-07-09T11:00:14,1400.0,106.2,B
2021-07-09T11:00:08,100.0,106.1,S
2021-07-09T11:00:07,100.0,106.1,S
2021-07-09T11:00:07,600.0,106.2,S
2021-07-09T11:00:05,100.0,106.1,S
2021-07-09T11:00:05,100.0,106.1,S
2021-07-09T11:00:04,200.0,106.3,B
2021-07-09T11:00:04,300.0,106.1,S
2021-07-09T11:00:03,200.0,106.1,S
2021-07-09T11:00:03,400.0,106.1,S
2021-07-09T11:00:02,600.0,106.2,S
2021-07-09T11:00:02,500.0,106.2,S
2021-07-09T11:00:02,400.0,106.2,S
2021-07-09T11:00:02,600.0,106.2,S
2021-07-09T11:00:02,100.0,106.2,S
2021-07-09T11:00:02,300.0,106.2,S
2021-07-09T11:00:01,1500.0,106.2,S
2021-07-09T11:00:01,400.0,106.2,S
2021-07-09T11:00:00,400.0,106.2,S
2021-07-09T11:00:00,800.0,106.2,S
2021-07-09T11:00:00,1300.0,106.2,S
2021-07-09T11:00:00,1000.0,106.2,S
2021-07-09T11:00:00,2100.0,106.2,S
2021-07-09T11:00:00,1200.0,106.2,S
2021-07-09T11:00:00,1000.0,106.2,S
2021-07-09T10:59:59,900.0,106.2,S
2021-07-09T10:59:59,1000.0,106.2,S
2021-07-09T10:59:59,3100.0,106.2,S
2021-07-09T10:59:53,100.0,106.2,S
2021-07-09T10:59:53,100.0,106.2,S
2021-07-09T10:59:52,600.0,106.3,B
2021-07-09T10:58:55,100.0,106.2,S
2021-07-09T10:58:54,200.0,106.2,S
2021-07-09T10:58:53,900.0,106.3,B
2021-07-09T10:58:43,100.0,106.3,B
2021-07-09T10:58:37,100.0,106.2,S
2021-07-09T10:58:36,100.0,106.2,S
2021-07-09T10:58:36,500.0,106.3,S
2021-07-09T10:58:26,100.0,106.3,S
2021-07-09T10:58:26,400.0,106.4,B
2021-07-09T10:58:21,200.0,106.4,B
2021-07-09T10:58:12,100.0,106.3,S
2021-07-09T10:58:12,200.0,106.3,S
2021-07-09T10:58:11,300.0,106.3,S
2021-07-09T10:58:10,700.0,106.3,S
2021-07-09T10:58:10,100.0,106.3,S
2021-07-09T10:58:10,700.0,106.3,S
2021-07-09T10:58:08,1500.0,106.3,S
2021-07-09T10:58:08,1500.0,106.3,S
2021-07-09T10:58:01,100.0,106.3,S
2021-07-09T10:58:00,100.0,106.3,S
2021-07-09T10:58:00,200.0,106.3,S
2021-07-09T10:58:00,100.0,106.3,S
2021-07-09T10:57:59,200.0,106.3,S
2021-07-09T10:57:59,100.0,106.3,S
2021-07-09T10:57:59,500.0,106.3,S
2021-07-09T10:57:58,100.0,106.3,S
2021-07-09T10:57:58,500.0,106.3,S
2021-07-09T10:57:58,100.0,106.3,S
2021-07-09T10:57:58,300.0,106.3,S
2021-07-09T10:57:58,1500.0,106.4,B
2021-07-09T10:57:57,600.0,106.3,S
2021-07-09T10:57:56,300.0,106.3,S
2021-07-09T10:57:56,1200.0,106.3,S
2021-07-09T10:57:56,200.0,106.3,S
2021-07-09T10:57:55,300.0,106.3,S
2021-07-09T10:57:55,700.0,106.3,S
2021-07-09T10:57:55,300.0,106.4,B
2021-07-09T10:57:54,800.0,106.3,S
2021-07-09T10:57:54,100.0,106.3,S
2021-07-09T10:57:54,1500.0,106.3,S
2021-07-09T10:57:54,500.0,106.3,S
2021-07-09T10:57:54,1700.0,106.3,S
2021-07-09T10:57:54,100.0,106.3,S
2021-07-09T10:57:54,300.0,106.3,S
2021-07-09T10:57:40,100.0,106.3,S
2021-07-09T10:57:39,200.0,106.3,S
2021-07-09T10:57:39,200.0,106.3,S
2021-07-09T10:57:39,300.0,106.3,S
2021-07-09T10:57:38,600.0,106.3,S
2021-07-09T10:57:38,100.0,106.3,S
2021-07-09T10:57:36,200.0,106.3,S
2021-07-09T10:57:36,200.0,106.3,S
2021-07-09T10:57:36,1200.0,106.3,S
2021-07-09T10:57:36,1000.0,106.3,S
2021-07-09T10:57:36,5000.0,106.4,B
2021-07-09T10:57:20,200.0,106.3,S
2021-07-09T10:57:19,300.0,106.3,S
2021-07-09T10:57:18,700.0,106.3,S
2021-07-09T10:57:18,100.0,106.3,S
2021-07-09T10:57:18,200.0,106.3,S
2021-07-09T10:57:18,500.0,106.3,S
2021-07-09T10:57:17,3100.0,106.3,S
2021-07-09T10:57:10,200.0,106.3,S
2021-07-09T10:57:10,200.0,106.3,S
2021-07-09T10:57:09,1000.0,106.4,B
2021-07-09T10:56:46,100.0,106.3,S
2021-07-09T10:56:46,100.0,106.3,S
2021-07-09T10:56:46,400.0,106.3,S
2021-07-09T10:56:46,300.0,106.3,S
2021-07-09T10:56:45,300.0,106.3,S
2021-07-09T10:56:45,1200.0,106.3,S
2021-07-09T10:56:43,200.0,106.3,S
2021-07-09T10:56:43,1300.0,106.3,S
2021-07-09T10:56:43,5000.0,106.4,B
2021-07-09T10:55:53,100.0,106.3,S
2021-07-09T10:55:53,100.0,106.3,S
2021-07-09T10:55:52,500.0,106.3,S
2021-07-09T10:55:23,200.0,106.3,S
2021-07-09T10:55:23,100.0,106.3,S
2021-07-09T10:55:22,100.0,106.3,S
2021-07-09T10:55:22,500.0,106.3,S
2021-07-09T10:55:22,400.0,106.3,S
2021-07-09T10:55:21,2000.0,106.4,B
2021-07-09T10:55:16,100.0,106.3,S
2021-07-09T10:55:06,100.0,106.3,S
2021-07-09T10:54:50,200.0,106.3,S
2021-07-09T10:54:50,200.0,106.3,S
2021-07-09T10:54:48,400.0,106.3,S
2021-07-09T10:54:48,100.0,106.3,S
2021-07-09T10:54:48,500.0,106.3,S
2021-07-09T10:54:48,1000.0,106.3,S
2021-07-09T10:54:48,1100.0,106.3,S
2021-07-09T10:54:47,2200.0,106.3,S
2021-07-09T10:54:47,2200.0,106.3,S
2021-07-09T10:54:46,900.0,106.4,B
2021-07-09T10:54:46,4100.0,106.4,B
2021-07-09T10:54:46,4000.0,106.3,S
2021-07-09T10:54:35,200.0,106.3,S
2021-07-09T10:54:35,200.0,106.3,S
2021-07-09T10:54:34,1000.0,106.4,B
2021-07-09T10:54:25,100.0,106.3,S
2021-07-09T10:54:24,200.0,106.3,S
2021-07-09T10:54:24,200.0,106.3,S
2021-07-09T10:54:23,1000.0,106.4,B
2021-07-09T10:53:42,100.0,106.3,S
2021-07-09T10:53:42,200.0,106.4,B
2021-07-09T10:53:41,100.0,106.3,S
2021-07-09T10:53:41,500.0,106.4,B
2021-07-09T10:53:28,100.0,106.4,B
2021-07-09T10:53:17,100.0,106.4,S
2021-07-09T10:52:50,200.0,106.5,B
2021-07-09T10:52:45,100.0,106.4,S
2021-07-09T10:52:43,100.0,106.4,S
2021-07-09T10:52:43,400.0,106.5,S
2021-07-09T10:52:43,200.0,106.5,S
2021-07-09T10:52:15,100.0,106.5,S
2021-07-09T10:52:14,100.0,106.3,S
2021-07-09T10:52:14,200.0,106.3,S
2021-07-09T10:52:14,300.0,106.3,S
2021-07-09T10:52:13,200.0,106.3,S
2021-07-09T10:52:13,600.0,106.3,S
2021-07-09T10:52:12,100.0,106.3,S
2021-07-09T10:52:12,700.0,106.3,S
2021-07-09T10:52:12,200.0,106.4,S
2021-07-09T10:52:12,100.0,106.4,S
2021-07-09T10:52:12,2000.0,106.4,S
2021-07-09T10:52:12,1000.0,106.5,S
2021-07-09T10:52:11,500.0,106.6,B
2021-07-09T10:52:00,300.0,106.5,S
2021-07-09T10:51:59,200.0,106.5,S
2021-07-09T10:51:59,800.0,106.5,S
2021-07-09T10:51:59,300.0,106.5,S
2021-07-09T10:51:26,300.0,106.5,B
2021-07-09T10:51:25,200.0,106.5,B
2021-07-09T10:50:49,200.0,106.5,B
2021-07-09T10:50:41,100.0,106.3,S
2021-07-09T10:50:40,100.0,106.3,S
2021-07-09T10:50:40,300.0,106.3,S
2021-07-09T10:50:39,200.0,106.3,S
2021-07-09T10:50:39,1100.0,106.3,S
2021-07-09T10:50:38,100.0,106.5,B
2021-07-09T10:50:34,100.0,106.5,B
2021-07-09T10:50:25,200.0,106.5,B
2021-07-09T10:50:22,100.0,106.3,S
2021-07-09T10:50:21,100.0,106.3,S
2021-07-09T10:50:21,200.0,106.3,S
2021-07-09T10:50:21,100.0,106.5,B
2021-07-09T10:50:21,200.0,106.4,S
2021-07-09T10:50:20,200.0,106.4,S
2021-07-09T10:50:19,600.0,106.4,S
2021-07-09T10:50:19,100.0,106.3,S
2021-07-09T10:50:19,700.0,106.3,S
2021-07-09T10:50:18,1900.0,106.5,B
2021-07-09T10:50:18,1100.0,106.5,B
2021-07-09T10:50:12,100.0,106.3,S
2021-07-09T10:50:12,100.0,106.3,S
2021-07-09T10:50:11,100.0,106.3,S
2021-07-09T10:50:11,300.0,106.3,S
2021-07-09T10:50:10,600.0,106.3,S
2021-07-09T10:50:10,100.0,106.3,S
2021-07-09T10:50:10,600.0,106.3,S
2021-07-09T10:50:08,2700.0,106.4,S
2021-07-09T10:49:47,100.0,106.4,S
2021-07-09T10:49:45,200.0,106.4,S
2021-07-09T10:49:45,200.0,106.4,S
2021-07-09T10:49:45,1100.0,106.4,S
2021-07-09T10:49:23,300.0,106.5,B
2021-07-09T10:48:45,100.0,106.5,B
2021-07-09T10:48:14,100.0,106.3,S
2021-07-09T10:48:13,100.0,106.3,S
2021-07-09T10:48:13,100.0,106.3,S
2021-07-09T10:48:13,400.0,106.3,S
2021-07-09T10:48:11,500.0,106.3,S
2021-07-09T10:48:11,400.0,106.3,S
2021-07-09T10:48:10,700.0,106.3,S
2021-07-09T10:48:10,300.0,106.3,S
2021-07-09T10:48:10,1600.0,106.3,S
2021-07-09T10:48:09,3000.0,106.3,S
2021-07-09T10:48:09,600.0,106.3,S
2021-07-09T10:48:09,3000.0,106.3,S
2021-07-09T10:48:08,2600.0,106.3,S
2021-07-09T10:48:08,4000.0,106.4,S
2021-07-09T10:48:08,5400.0,106.4,S
2021-07-09T10:48:01,100.0,106.4,S
2021-07-09T10:47:33,200.0,106.4,S
2021-07-09T10:47:32,400.0,106.4,S
2021-07-09T10:47:32,400.0,106.4,S
2021-07-09T10:47:30,1800.0,106.4,S
2021-07-09T10:47:30,500.0,106.4,S
2021-07-09T10:47:30,100.0,106.4,S
2021-07-09T10:47:30,2800.0,106.5,S
2021-07-09T10:47:26,100.0,106.5,S
2021-07-09T10:47:25,200.0,106.5,S
2021-07-09T10:47:25,100.0,106.5,S
2021-07-09T10:47:24,400.0,106.5,S
2021-07-09T10:47:24,100.0,106.5,S
2021-07-09T10:47:24,500.0,106.5,S
2021-07-09T10:47:23,2000.0,106.6,B
2021-07-09T10:46:41,100.0,106.5,S
2021-07-09T10:46:41,100.0,106.5,S
2021-07-09T10:46:40,100.0,106.5,S
2021-07-09T10:46:40,300.0,106.5,S
2021-07-09T10:46:39,200.0,106.5,S
2021-07-09T10:46:39,700.0,106.5,S
2021-07-09T10:46:38,600.0,106.5,S
2021-07-09T10:46:38,3000.0,106.5,S
2021-07-09T10:46:30,100.0,106.5,S
2021-07-09T10:46:30,200.0,106.5,S
2021-07-09T10:46:29,200.0,106.5,S
2021-07-09T10:46:29,100.0,106.5,S
2021-07-09T10:46:29,500.0,106.5,S
2021-07-09T10:46:28,100.0,106.5,S
2021-07-09T10:46:27,1200.0,106.5,S
2021-07-09T10:46:27,200.0,106.5,S
2021-07-09T10:46:27,1200.0,106.5,S
2021-07-09T10:46:26,5000.0,106.6,B
2021-07-09T10:46:03,200.0,106.6,B
2021-07-09T10:45:58,100.0,106.6,B
2021-07-09T10:45:41,100.0,106.5,S
2021-07-09T10:45:41,100.0,106.5,S
2021-07-09T10:45:40,500.0,106.6,B
2021-07-09T10:45:10,100.0,106.6,B
2021-07-09T10:44:58,100.0,106.4,S
2021-07-09T10:44:56,200.0,106.5,S
2021-07-09T10:44:56,300.0,106.5,S
2021-07-09T10:44:55,600.0,106.5,S
2021-07-09T10:44:55,100.0,106.5,S
2021-07-09T10:44:55,700.0,106.5,S
2021-07-09T10:44:53,3000.0,106.5,S
2021-07-09T10:44:24,100.0,106.5,S
2021-07-09T10:44:23,400.0,106.6,B
2021-07-09T10:44:20,200.0,106.6,B
2021-07-09T10:44:07,200.0,106.6,B
2021-07-09T10:43:41,100.0,106.7,B
2021-07-09T10:42:54,300.0,106.7,B
2021-07-09T10:42:47,100.0,106.3,S
2021-07-09T10:42:46,100.0,106.3,S
2021-07-09T10:42:46,500.0,106.5,B
2021-07-09T10:42:24,100.0,106.3,S
2021-07-09T10:42:24,100.0,106.3,S
2021-07-09T10:42:24,600.0,106.4,S
2021-07-09T10:42:23,300.0,106.4,S
2021-07-09T10:42:23,400.0,106.4,S
2021-07-09T10:42:23,1300.0,106.4,S
2021-07-09T10:42:21,1600.0,106.5,B
2021-07-09T10:42:21,100.0,106.5,S
2021-07-09T10:42:02,300.0,106.5,S
2021-07-09T10:41:33,200.0,106.4,S
2021-07-09T10:41:32,300.0,106.4,S
2021-07-09T10:41:32,400.0,106.4,S
2021-07-09T10:41:30,1600.0,106.7,B
2021-07-09T10:41:15,300.0,106.3,S
2021-07-09T10:41:14,200.0,106.3,S
2021-07-09T10:41:14,1100.0,106.6,B
2021-07-09T10:41:06,100.0,106.3,S
2021-07-09T10:41:06,100.0,106.3,S
2021-07-09T10:41:05,200.0,106.3,S
2021-07-09T10:41:05,300.0,106.3,S
2021-07-09T10:41:04,1100.0,106.7,B
2021-07-09T10:41:03,100.0,106.3,S
2021-07-09T10:41:03,100.0,106.3,S
2021-07-09T10:41:02,200.0,106.4,S
2021-07-09T10:41:02,200.0,106.4,S
2021-07-09T10:41:01,1000.0,106.5,B
2021-07-09T10:40:48,100.0,106.4,S
2021-07-09T10:40:48,100.0,106.4,S
2021-07-09T10:40:47,500.0,106.4,S
2021-07-09T10:40:46,400.0,106.4,S
2021-07-09T10:40:45,1300.0,106.5,S
2021-07-09T10:40:45,300.0,106.5,S
2021-07-09T10:40:24,100.0,106.5,S
2021-07-09T10:40:23,100.0,106.5,S
2021-07-09T10:40:23,300.0,106.5,S
2021-07-09T10:40:22,200.0,106.5,S
2021-07-09T10:40:22,1000.0,106.5,B
2021-07-09T10:40:20,200.0,106.4,S
2021-07-09T10:40:20,400.0,106.4,S
2021-07-09T10:40:20,400.0,106.4,S
2021-07-09T10:40:19,1300.0,106.5,B
2021-07-09T10:40:19,300.0,106.5,B
2021-07-09T10:40:12,100.0,106.3,S
2021-07-09T10:40:11,200.0,106.3,S
2021-07-09T10:40:11,200.0,106.3,S
2021-07-09T10:40:10,400.0,106.3,S
2021-07-09T10:40:10,100.0,106.3,S
2021-07-09T10:40:10,500.0,106.3,S
2021-07-09T10:40:09,2000.0,106.5,B
2021-07-09T10:40:03,100.0,106.5,B
2021-07-09T10:39:54,200.0,106.3,S
2021-07-09T10:39:53,200.0,106.3,S
2021-07-09T10:39:52,1000.0,106.5,B
2021-07-09T10:39:47,100.0,106.5,B
2021-07-09T10:39:23,100.0,106.5,B
2021-07-09T10:39:13,100.0,106.5,B
2021-07-09T10:38:56,100.0,106.5,B
2021-07-09T10:38:54,100.0,106.3,S
2021-07-09T10:38:54,100.0,106.3,S
2021-07-09T10:38:54,200.0,106.3,S
2021-07-09T10:38:53,300.0,106.3,S
2021-07-09T10:38:53,100.0,106.3,S
2021-07-09T10:38:53,500.0,106.3,S
2021-07-09T10:38:53,100.0,106.5,B
2021-07-09T10:38:53,100.0,106.3,S
2021-07-09T10:38:52,200.0,106.3,S
2021-07-09T10:38:52,1200.0,106.3,S
2021-07-09T10:38:52,900.0,106.3,S
2021-07-09T10:38:51,700.0,106.5,B
2021-07-09T10:38:51,4100.0,106.5,B
2021-07-09T10:38:14,100.0,106.5,B
2021-07-09T10:38:07,100.0,106.2,S
2021-07-09T10:38:04,400.0,106.2,S
2021-07-09T10:37:19,200.0,106.5,B
2021-07-09T10:36:53,100.0,106.2,S
2021-07-09T10:36:51,400.0,106.2,S
2021-07-09T10:36:51,200.0,106.2,S
2021-07-09T10:36:49,600.0,106.2,S
2021-07-09T10:36:49,100.0,106.2,S
2021-07-09T10:36:49,700.0,106.3,S
2021-07-09T10:36:49,1500.0,106.3,S
2021-07-09T10:36:49,1500.0,106.3,S
2021-07-09T10:36:45,100.0,106.3,S
2021-07-09T10:36:44,300.0,106.3,S
2021-07-09T10:36:43,200.0,106.3,S
2021-07-09T10:36:43,1200.0,106.3,S
2021-07-09T10:36:35,200.0,106.3,S
2021-07-09T10:36:35,200.0,106.3,S
2021-07-09T10:36:34,1000.0,106.3,S
2021-07-09T10:36:19,100.0,106.3,S
2021-07-09T10:36:00,200.0,106.3,S
2021-07-09T10:36:00,300.0,106.3,S
2021-07-09T10:36:00,200.0,106.3,S
2021-07-09T10:36:00,600.0,106.3,S
2021-07-09T10:36:00,100.0,106.3,S
2021-07-09T10:36:00,700.0,106.3,S
2021-07-09T10:35:58,3000.0,106.3,S
2021-07-09T10:35:33,100.0,106.3,S
2021-07-09T10:35:32,100.0,106.3,S
2021-07-09T10:35:30,500.0,106.5,B
2021-07-09T10:35:24,200.0,106.5,B
2021-07-09T10:34:58,200.0,106.5,B
2021-07-09T10:33:52,200.0,106.5,B
2021-07-09T10:33:43,100.0,106.3,S
2021-07-09T10:33:42,300.0,106.3,S
2021-07-09T10:33:42,300.0,106.3,S
2021-07-09T10:33:41,1500.0,106.5,B
2021-07-09T10:33:40,100.0,106.5,S
2021-07-09T10:33:39,100.0,106.5,S
2021-07-09T10:33:39,300.0,106.5,S
2021-07-09T10:33:38,100.0,106.3,S
2021-07-09T10:33:38,100.0,106.3,S
2021-07-09T10:33:38,700.0,106.5,S
2021-07-09T10:33:38,600.0,106.5,S
2021-07-09T10:33:36,3000.0,106.7,B
2021-07-09T10:33:23,100.0,106.5,S
2021-07-09T10:33:23,200.0,106.5,S
2021-07-09T10:33:22,200.0,106.5,S
2021-07-09T10:33:22,200.0,106.5,S
2021-07-09T10:33:20,600.0,106.5,S
2021-07-09T10:33:20,100.0,106.5,S
2021-07-09T10:33:20,700.0,106.5,S
2021-07-09T10:33:20,3000.0,106.5,S
2021-07-09T10:33:15,200.0,106.7,B
2021-07-09T10:32:43,100.0,106.7,B
2021-07-09T10:32:23,200.0,106.7,B
2021-07-09T10:32:20,100.0,106.7,B
2021-07-09T10:32:04,100.0,106.7,B
2021-07-09T10:31:44,200.0,106.7,B
2021-07-09T10:31:17,200.0,106.3,S
2021-07-09T10:31:17,200.0,106.3,S
2021-07-09T10:31:15,1000.0,106.7,B
2021-07-09T10:30:59,100.0,106.4,S
2021-07-09T10:30:57,200.0,106.4,S
2021-07-09T10:30:57,300.0,106.4,S
2021-07-09T10:30:55,600.0,106.4,S
2021-07-09T10:30:55,100.0,106.4,S
2021-07-09T10:30:55,700.0,106.4,S
2021-07-09T10:30:55,3000.0,106.4,S
2021-07-09T10:30:22,100.0,106.3,S
2021-07-09T10:30:21,400.0,106.3,S
2021-07-09T10:30:19,100.0,106.3,S
2021-07-09T10:30:14,100.0,106.3,S
2021-07-09T10:30:14,200.0,106.3,S
2021-07-09T10:30:14,100.0,106.3,S
2021-07-09T10:30:14,100.0,106.3,S
2021-07-09T10:30:14,100.0,106.3,S
2021-07-09T10:30:14,900.0,106.3,S
2021-07-09T10:30:14,600.0,106.3,S
2021-07-09T10:30:14,100.0,106.3,S
2021-07-09T10:30:14,3000.0,106.3,S
2021-07-09T10:30:04,100.0,106.3,S
2021-07-09T10:29:19,100.0,106.3,S
2021-07-09T10:29:16,200.0,106.3,S
2021-07-09T10:29:15,200.0,106.2,S
2021-07-09T10:29:14,900.0,106.3,B
2021-07-09T10:29:11,100.0,106.3,B
2021-07-09T10:28:24,100.0,106.3,S
2021-07-09T10:28:16,300.0,106.3,B
2021-07-09T10:28:11,100.0,106.2,S
2021-07-09T10:28:11,100.0,106.2,S
2021-07-09T10:28:10,400.0,106.3,B
2021-07-09T10:28:10,100.0,106.2,S
2021-07-09T10:28:09,100.0,106.2,S
2021-07-09T10:28:09,500.0,106.2,S
2021-07-09T10:27:53,300.0,106.3,B
2021-07-09T10:27:29,100.0,106.2,S
2021-07-09T10:27:29,200.0,106.2,S
2021-07-09T10:27:28,900.0,106.8,B
2021-07-09T10:27:25,100.0,106.3,B
2021-07-09T10:26:54,100.0,106.2,S
2021-07-09T10:26:54,200.0,106.2,S
2021-07-09T10:26:53,100.0,106.2,S
2021-07-09T10:26:53,400.0,106.2,S
2021-07-09T10:26:53,100.0,106.2,S
2021-07-09T10:26:53,500.0,106.2,S
2021-07-09T10:26:52,2000.0,106.2,S
2021-07-09T10:26:48,200.0,106.2,S
2021-07-09T10:26:35,200.0,106.2,S
2021-07-09T10:26:34,100.0,106.2,S
2021-07-09T10:26:33,200.0,106.3,S
2021-07-09T10:26:33,700.0,106.3,S
2021-07-09T10:26:15,100.0,106.3,S
2021-07-09T10:26:14,100.0,106.3,S
2021-07-09T10:26:14,100.0,106.3,S
2021-07-09T10:26:14,400.0,106.3,S
2021-07-09T10:26:13,200.0,106.3,S
2021-07-09T10:26:13,400.0,106.3,S
2021-07-09T10:26:12,1200.0,106.3,S
2021-07-09T10:26:12,200.0,106.3,S
2021-07-09T10:26:12,1200.0,106.3,S
2021-07-09T10:26:11,5000.0,106.3,S
2021-07-09T10:25:33,100.0,106.3,S
2021-07-09T10:25:31,100.0,106.3,S
2021-07-09T10:25:31,100.0,106.3,S
2021-07-09T10:25:31,500.0,106.3,S
2021-07-09T10:25:31,100.0,106.3,S
2021-07-09T10:25:30,500.0,106.3,S
2021-07-09T10:25:30,2000.0,106.3,S
2021-07-09T10:25:13,300.0,106.3,S
2021-07-09T10:25:05,100.0,106.3,S
2021-07-09T10:25:04,100.0,106.3,S
2021-07-09T10:25:03,200.0,106.3,S
2021-07-09T10:25:03,300.0,106.3,S
2021-07-09T10:25:02,100.0,106.3,S
2021-07-09T10:25:02,600.0,106.4,S
2021-07-09T10:25:02,200.0,106.5,S
2021-07-09T10:25:02,100.0,106.5,S
2021-07-09T10:25:02,400.0,106.5,S
2021-07-09T10:25:01,100.0,106.5,S
2021-07-09T10:25:00,800.0,106.5,S
2021-07-09T10:25:00,2200.0,106.5,S
2021-07-09T10:24:59,100.0,106.5,S
2021-07-09T10:24:59,200.0,106.5,S
2021-07-09T10:24:58,100.0,106.5,S
2021-07-09T10:24:58,500.0,106.5,S
2021-07-09T10:24:57,400.0,106.5,S
2021-07-09T10:24:56,2000.0,106.8,B
2021-07-09T10:24:51,200.0,106.6,S
2021-07-09T10:24:51,200.0,106.6,S
2021-07-09T10:24:50,900.0,106.8,B
2021-07-09T10:24:37,100.0,106.6,S
2021-07-09T10:24:23,100.0,106.6,S
2021-07-09T10:24:23,100.0,106.6,S
2021-07-09T10:24:23,300.0,106.8,B
2021-07-09T10:24:23,100.0,106.8,S
2021-07-09T10:24:22,100.0,106.8,S
2021-07-09T10:24:22,100.0,106.8,S
2021-07-09T10:24:22,200.0,106.8,S
2021-07-09T10:24:21,400.0,106.8,S
2021-07-09T10:24:21,100.0,106.8,S
2021-07-09T10:24:18,1200.0,106.8,S
2021-07-09T10:24:18,600.0,106.8,S
2021-07-09T10:24:01,200.0,106.8,S
2021-07-09T10:23:59,100.0,106.9,S
2021-07-09T10:23:59,100.0,106.9,S
2021-07-09T10:23:59,200.0,106.8,S
2021-07-09T10:23:59,300.0,106.8,S
2021-07-09T10:23:58,1400.0,106.8,S
2021-07-09T10:23:57,100.0,106.8,S
2021-07-09T10:23:57,200.0,106.8,S
2021-07-09T10:23:56,100.0,106.8,S
2021-07-09T10:23:56,700.0,106.8,S
2021-07-09T10:23:56,100.0,106.9,S
2021-07-09T10:23:55,3000.0,107.0,B
2021-07-09T10:23:52,100.0,106.9,S
2021-07-09T10:23:49,100.0,107.0,B
2021-07-09T10:23:49,100.0,106.9,S
2021-07-09T10:23:46,100.0,106.9,S
2021-07-09T10:23:46,500.0,106.9,S
2021-07-09T10:23:45,100.0,106.9,S
2021-07-09T10:23:45,900.0,106.9,S
2021-07-09T10:23:45,200.0,107.0,S
2021-07-09T10:23:45,500.0,107.1,B
2021-07-09T10:23:44,300.0,107.0,S
2021-07-09T10:23:44,1000.0,107.0,S
2021-07-09T10:23:44,1500.0,107.0,S
2021-07-09T10:23:44,100.0,107.0,S
2021-07-09T10:23:43,800.0,107.0,S
2021-07-09T10:23:43,1700.0,107.0,S
2021-07-09T10:23:43,4200.0,107.0,S
2021-07-09T10:23:43,3000.0,107.0,S
2021-07-09T10:23:43,300.0,107.0,S
2021-07-09T10:23:42,1400.0,107.0,S
2021-07-09T10:23:41,300.0,107.0,S
2021-07-09T10:23:39,400.0,107.0,S
2021-07-09T10:23:39,1000.0,107.0,S
2021-07-09T10:23:39,100.0,107.0,S
2021-07-09T10:23:39,1600.0,107.0,S
2021-07-09T10:23:38,100.0,107.0,S
2021-07-09T10:23:38,100.0,107.0,S
2021-07-09T10:23:38,2600.0,107.0,S
2021-07-09T10:23:38,300.0,107.0,S
2021-07-09T10:23:37,3700.0,107.0,S
2021-07-09T10:23:33,100.0,107.0,S
2021-07-09T10:23:28,100.0,107.1,B
2021-07-09T10:23:28,100.0,107.0,S
2021-07-09T10:23:25,100.0,107.0,S
2021-07-09T10:23:22,100.0,107.0,S
2021-07-09T10:23:21,300.0,107.0,S
2021-07-09T10:23:20,100.0,107.0,S
2021-07-09T10:23:19,1300.0,107.0,S
2021-07-09T10:23:19,200.0,107.0,S
2021-07-09T10:23:17,500.0,107.0,S
2021-07-09T10:23:17,400.0,107.1,B
2021-07-09T10:23:16,100.0,107.0,S
2021-07-09T10:23:16,2000.0,107.0,S
2021-07-09T10:23:13,300.0,107.0,S
2021-07-09T10:23:12,200.0,107.0,S
2021-07-09T10:23:12,1000.0,107.0,S
2021-07-09T10:23:11,4200.0,107.0,S
2021-07-09T10:23:01,200.0,107.1,B
2021-07-09T10:22:58,200.0,107.0,S
2021-07-09T10:22:47,100.0,107.0,S
2021-07-09T10:22:47,400.0,107.0,S
2021-07-09T10:22:46,1600.0,107.0,S
2021-07-09T10:22:41,200.0,107.0,S
2021-07-09T10:22:41,1100.0,107.0,S
2021-07-09T10:22:36,200.0,107.1,B
2021-07-09T10:22:34,200.0,107.1,B
2021-07-09T10:22:22,100.0,107.0,S
2021-07-09T10:22:20,700.0,107.1,B
2021-07-09T10:22:14,100.0,107.1,B
2021-07-09T10:22:08,100.0,107.0,S
2021-07-09T10:22:06,400.0,107.1,B
2021-07-09T10:21:57,100.0,107.1,B
2021-07-09T10:21:43,100.0,107.1,B
2021-07-09T10:21:22,200.0,107.0,S
2021-07-09T10:21:21,1000.0,107.1,B
2021-07-09T10:21:01,300.0,107.0,S
2021-07-09T10:21:00,900.0,107.0,S
2021-07-09T10:21:00,500.0,107.0,S
2021-07-09T10:20:59,500.0,107.5,B
2021-07-09T10:20:59,4500.0,107.5,B
2021-07-09T10:20:52,100.0,107.5,B
2021-07-09T10:20:39,300.0,107.0,S
2021-07-09T10:20:38,200.0,107.0,S
2021-07-09T10:20:37,1200.0,107.1,S
2021-07-09T10:20:36,5000.0,107.5,B
2021-07-09T10:20:23,200.0,107.5,B
2021-07-09T10:20:03,100.0,107.5,B
2021-07-09T10:19:29,300.0,107.0,S
2021-07-09T10:19:29,200.0,107.0,S
2021-07-09T10:19:28,1000.0,107.0,S
2021-07-09T10:19:28,2000.0,107.0,S
2021-07-09T10:19:28,200.0,107.0,S
2021-07-09T10:19:28,1800.0,107.0,S
2021-07-09T10:19:25,200.0,107.0,S
2021-07-09T10:19:24,100.0,107.0,S
2021-07-09T10:19:24,900.0,107.0,S
2021-07-09T10:19:23,600.0,107.0,S
2021-07-09T10:19:23,1200.0,107.1,S
2021-07-09T10:19:23,2000.0,107.1,S
2021-07-09T10:19:22,900.0,107.5,B
2021-07-09T10:19:22,6000.0,107.5,B
2021-07-09T10:19:22,3600.0,107.5,B
2021-07-09T10:19:22,2400.0,107.5,B
2021-07-09T10:19:16,100.0,107.5,B
2021-07-09T10:18:59,100.0,107.2,S
2021-07-09T10:18:57,500.0,107.5,B
2021-07-09T10:18:41,100.0,107.5,B
2021-07-09T10:18:21,300.0,107.1,S
2021-07-09T10:18:20,1500.0,107.1,S
2021-07-09T10:18:19,300.0,107.1,S
2021-07-09T10:18:18,6000.0,107.1,S
2021-07-09T10:18:14,200.0,107.1,S
2021-07-09T10:18:13,1100.0,107.5,B
2021-07-09T10:18:03,200.0,107.1,S
2021-07-09T10:18:01,900.0,107.5,B
2021-07-09T10:18:01,100.0,107.1,S
2021-07-09T10:17:59,500.0,107.5,B
2021-07-09T10:17:58,200.0,107.5,B
2021-07-09T10:17:47,300.0,107.5,B
2021-07-09T10:17:37,100.0,107.0,S
2021-07-09T10:17:36,500.0,107.5,B
2021-07-09T10:17:26,200.0,107.0,S
2021-07-09T10:17:09,200.0,107.0,S
2021-07-09T10:17:08,1000.0,107.0,B
2021-07-09T10:17:06,300.0,106.9,S
2021-07-09T10:17:04,100.0,106.9,S
2021-07-09T10:17:04,200.0,107.0,B
2021-07-09T10:17:04,1000.0,107.0,B
2021-07-09T10:17:04,300.0,107.0,B
2021-07-09T10:17:04,200.0,106.9,S
2021-07-09T10:17:03,200.0,107.0,B
2021-07-09T10:17:02,800.0,106.9,S
2021-07-09T10:17:01,3000.0,107.0,B
2021-07-09T10:17:00,100.0,107.0,B
2021-07-09T10:16:59,200.0,106.9,S
2021-07-09T10:16:59,1000.0,107.0,B
2021-07-09T10:16:57,100.0,106.9,S
2021-07-09T10:16:56,600.0,106.9,S
2021-07-09T10:16:55,1500.0,107.0,B
2021-07-09T10:16:55,300.0,106.9,S
2021-07-09T10:16:54,300.0,106.9,S
2021-07-09T10:16:54,1200.0,106.9,S
2021-07-09T10:16:53,5000.0,107.0,B
2021-07-09T10:16:52,100.0,107.0,B
2021-07-09T10:16:45,100.0,107.0,B
2021-07-09T10:16:39,200.0,107.0,B
2021-07-09T10:16:35,200.0,106.8,S
2021-07-09T10:16:33,100.0,106.8,S
2021-07-09T10:16:33,1000.0,106.8,B
2021-07-09T10:16:32,500.0,106.8,B
2021-07-09T10:16:21,100.0,106.6,S
2021-07-09T10:16:20,200.0,106.7,S
2021-07-09T10:16:19,500.0,106.7,B
2021-07-09T10:16:10,100.0,106.6,S
2021-07-09T10:16:09,300.0,106.6,S
2021-07-09T10:16:08,1500.0,106.6,S
2021-07-09T10:16:06,800.0,106.5,B
2021-07-09T10:16:06,4700.0,106.5,B
2021-07-09T10:16:06,100.0,106.5,S
2021-07-09T10:16:02,100.0,106.5,S
2021-07-09T10:15:58,100.0,106.5,S
2021-07-09T10:15:57,100.0,106.5,S
2021-07-09T10:15:56,500.0,106.5,B
2021-07-09T10:15:54,100.0,106.4,S
2021-07-09T10:15:46,100.0,106.4,S
2021-07-09T10:15:42,100.0,106.4,S
2021-07-09T10:15:37,100.0,106.3,S
2021-07-09T10:15:33,100.0,106.3,S
2021-07-09T10:15:31,100.0,106.3,S
2021-07-09T10:15:29,100.0,106.3,S
2021-07-09T10:15:29,500.0,106.4,S
2021-07-09T10:15:29,2000.0,106.5,B
2021-07-09T10:15:28,100.0,106.3,S
2021-07-09T10:15:22,100.0,106.3,S
2021-07-09T10:15:21,100.0,106.3,S
2021-07-09T10:15:19,400.0,106.5,B
2021-07-09T10:15:02,100.0,106.3,S
2021-07-09T10:15:01,100.0,106.3,S
2021-07-09T10:15:00,600.0,106.3,S
2021-07-09T10:15:00,2600.0,106.5,B
2021-07-09T10:14:43,100.0,106.2,S
2021-07-09T10:14:42,500.0,106.2,S
2021-07-09T10:14:42,400.0,106.2,S
2021-07-09T10:14:41,200.0,106.2,S
2021-07-09T10:14:41,1400.0,106.2,S
2021-07-09T10:14:40,100.0,106.2,S
2021-07-09T10:14:40,5500.0,106.2,S
2021-07-09T10:14:34,100.0,106.2,S
2021-07-09T10:14:31,100.0,106.2,S
2021-07-09T10:14:29,100.0,106.2,S
2021-07-09T10:14:23,100.0,106.2,S
2021-07-09T10:14:19,100.0,106.2,S
2021-07-09T10:14:19,400.0,106.2,S
2021-07-09T10:14:18,1800.0,106.2,S
2021-07-09T10:14:17,100.0,106.2,S
2021-07-09T10:14:13,100.0,106.2,S
2021-07-09T10:14:13,300.0,106.2,S
2021-07-09T10:14:08,100.0,106.2,S
2021-07-09T10:14:06,100.0,106.2,S
2021-07-09T10:14:05,400.0,106.5,B
2021-07-09T10:14:04,100.0,106.2,S
2021-07-09T10:13:58,100.0,106.2,S
2021-07-09T10:13:55,100.0,106.1,S
2021-07-09T10:13:52,100.0,106.1,S
2021-07-09T10:13:52,200.0,106.2,S
2021-07-09T10:13:51,200.0,106.2,S
2021-07-09T10:13:51,1200.0,106.2,S
2021-07-09T10:13:50,5000.0,106.5,B
2021-07-09T10:13:33,300.0,106.1,S
2021-07-09T10:13:32,1300.0,106.3,B
2021-07-09T10:13:29,300.0,106.1,S
2021-07-09T10:13:27,400.0,106.1,S
2021-07-09T10:13:27,300.0,106.1,S
2021-07-09T10:13:27,600.0,106.2,S
2021-07-09T10:13:27,200.0,106.2,S
2021-07-09T10:13:25,5000.0,106.3,B
2021-07-09T10:13:18,100.0,106.3,B
2021-07-09T10:13:11,200.0,106.2,S
2021-07-09T10:13:11,100.0,106.3,B
2021-07-09T10:13:10,1000.0,106.3,B
2021-07-09T10:13:06,200.0,106.1,S
2021-07-09T10:13:04,1000.0,106.3,B
2021-07-09T10:13:01,100.0,106.1,S
2021-07-09T10:13:00,500.0,106.3,B
2021-07-09T10:12:53,300.0,106.1,S
2021-07-09T10:12:52,700.0,106.3,B
2021-07-09T10:12:52,500.0,106.1,S
2021-07-09T10:12:52,300.0,106.3,B
2021-07-09T10:12:51,100.0,106.1,S
2021-07-09T10:12:50,200.0,106.1,S
2021-07-09T10:12:50,900.0,106.3,B
2021-07-09T10:12:50,600.0,106.3,B
2021-07-09T10:12:50,500.0,106.3,B
2021-07-09T10:12:49,100.0,106.1,S
2021-07-09T10:12:48,800.0,106.1,S
2021-07-09T10:12:46,2000.0,106.3,B
2021-07-09T10:12:45,1500.0,106.1,S
2021-07-09T10:12:38,300.0,106.1,S
2021-07-09T10:12:36,1500.0,106.1,S
2021-07-09T10:12:35,100.0,106.1,S
2021-07-09T10:12:33,200.0,106.1,S
2021-07-09T10:12:33,300.0,106.1,S
2021-07-09T10:12:33,200.0,106.1,S
2021-07-09T10:12:33,900.0,106.1,S
2021-07-09T10:12:33,200.0,106.1,S
2021-07-09T10:12:32,500.0,106.1,S
2021-07-09T10:12:32,400.0,106.1,S
2021-07-09T10:12:32,100.0,106.3,B
2021-07-09T10:12:31,1500.0,106.1,S
2021-07-09T10:12:31,100.0,106.3,B
2021-07-09T10:12:29,100.0,106.3,B
2021-07-09T10:12:20,100.0,106.3,B
2021-07-09T10:12:18,200.0,106.3,B
2021-07-09T10:12:06,200.0,106.1,S
2021-07-09T10:12:04,1100.0,106.1,S
2021-07-09T10:12:04,500.0,106.3,B
2021-07-09T10:12:02,300.0,106.1,S
2021-07-09T10:12:02,100.0,106.1,S
2021-07-09T10:12:01,100.0,106.1,S
2021-07-09T10:12:01,500.0,106.1,S
2021-07-09T10:12:00,2000.0,106.3,B
2021-07-09T10:12:00,200.0,106.1,S
2021-07-09T10:11:59,1000.0,106.1,S
2021-07-09T10:11:55,300.0,106.1,S
2021-07-09T10:11:53,1500.0,106.1,S
2021-07-09T10:11:45,100.0,106.1,S
2021-07-09T10:11:44,400.0,106.1,S
2021-07-09T10:11:43,1500.0,106.1,S
2021-07-09T10:11:43,200.0,106.1,S
2021-07-09T10:11:42,800.0,106.1,S
2021-07-09T10:11:41,100.0,106.3,B
2021-07-09T10:11:41,100.0,106.1,S
2021-07-09T10:11:41,3000.0,106.1,S
2021-07-09T10:11:38,300.0,106.1,S
2021-07-09T10:11:37,1500.0,106.1,S
2021-07-09T10:11:33,300.0,106.1,S
2021-07-09T10:11:31,1500.0,106.1,S
2021-07-09T10:11:19,100.0,106.1,S
2021-07-09T10:11:18,400.0,106.0,S
2021-07-09T10:11:17,1500.0,106.0,S
2021-07-09T10:11:17,300.0,106.0,S
2021-07-09T10:11:16,400.0,106.1,S
2021-07-09T10:11:16,1000.0,106.1,B
2021-07-09T10:11:05,100.0,106.0,S
2021-07-09T10:11:04,400.0,106.0,S
2021-07-09T10:11:03,1500.0,106.1,S
2021-07-09T10:11:03,100.0,106.1,S
2021-07-09T10:10:49,100.0,106.1,B
2021-07-09T10:10:47,100.0,106.0,S
2021-07-09T10:10:47,500.0,106.1,S
2021-07-09T10:10:46,200.0,106.1,B
2021-07-09T10:10:43,100.0,106.1,B
2021-07-09T10:10:37,300.0,106.0,S
2021-07-09T10:10:37,1500.0,106.0,S
2021-07-09T10:10:34,200.0,106.0,S
2021-07-09T10:10:34,1000.0,106.1,B
2021-07-09T10:10:34,100.0,106.1,B
2021-07-09T10:10:30,100.0,106.1,B
2021-07-09T10:10:28,100.0,106.0,S
2021-07-09T10:10:28,100.0,106.0,S
2021-07-09T10:10:26,1000.0,106.1,B
2021-07-09T10:10:25,200.0,106.0,S
2021-07-09T10:10:23,900.0,106.1,B
2021-07-09T10:10:22,100.0,106.1,B
2021-07-09T10:10:18,100.0,106.0,S
2021-07-09T10:10:17,100.0,106.0,S
2021-07-09T10:10:16,500.0,106.0,S
2021-07-09T10:10:16,200.0,106.0,S
2021-07-09T10:10:16,100.0,106.0,S
2021-07-09T10:10:15,400.0,106.0,S
2021-07-09T10:10:15,100.0,106.0,S
2021-07-09T10:10:15,100.0,106.0,S
2021-07-09T10:10:15,1100.0,106.0,S
2021-07-09T10:10:15,100.0,106.0,S
2021-07-09T10:10:15,100.0,106.0,S
2021-07-09T10:10:14,7700.0,106.1,S
2021-07-09T10:09:56,100.0,106.1,S
2021-07-09T10:09:55,500.0,106.1,S
2021-07-09T10:09:55,1500.0,106.1,S
2021-07-09T10:09:55,100.0,106.1,S
2021-07-09T10:09:54,500.0,106.1,S
2021-07-09T10:09:54,2000.0,106.3,B
2021-07-09T10:09:53,100.0,106.3,B
2021-07-09T10:09:52,300.0,106.1,S
2021-07-09T10:09:50,1500.0,106.1,S
2021-07-09T10:09:46,100.0,106.3,B
2021-07-09T10:09:45,100.0,106.3,B
2021-07-09T10:09:42,200.0,106.2,S
2021-07-09T10:09:40,1000.0,106.3,B
2021-07-09T10:09:23,100.0,106.1,S
2021-07-09T10:09:23,600.0,106.2,S
2021-07-09T10:09:23,300.0,106.2,S
2021-07-09T10:09:13,200.0,106.2,B
2021-07-09T10:09:02,100.0,106.1,S
2021-07-09T10:08:53,1900.0,106.0,S
2021-07-09T10:08:47,100.0,106.0,S
2021-07-09T10:08:40,200.0,106.0,S
2021-07-09T10:08:39,5000.0,106.2,B
2021-07-09T10:08:24,400.0,106.0,S
2021-07-09T10:08:23,2900.0,106.0,S
2021-07-09T10:08:23,2000.0,106.0,S
2021-07-09T10:08:23,2800.0,106.0,S
2021-07-09T10:08:23,300.0,106.1,S
2021-07-09T10:08:15,200.0,106.1,S
2021-07-09T10:08:12,500.0,106.0,S
2021-07-09T10:08:11,4800.0,106.0,S
2021-07-09T10:08:11,5200.0,106.0,S
2021-07-09T10:07:17,100.0,106.0,S
2021-07-09T10:07:14,600.0,106.3,B
2021-07-09T10:07:09,300.0,106.0,S
2021-07-09T10:07:07,5000.0,106.0,S
2021-07-09T10:07:06,1300.0,106.0,S
2021-07-09T10:06:58,800.0,106.0,S
2021-07-09T10:06:44,1000.0,106.0,S
2021-07-09T10:06:43,200.0,106.0,S
2021-07-09T10:06:15,200.0,106.0,S
2021-07-09T10:06:14,4300.0,106.0,B
2021-07-09T10:06:05,100.0,105.8,S
2021-07-09T10:06:05,100.0,105.9,S
2021-07-09T10:06:04,5000.0,106.0,B
2021-07-09T10:05:55,200.0,106.0,B
2021-07-09T10:05:53,200.0,105.9,B
2021-07-09T10:05:45,600.0,105.9,B
2021-07-09T10:05:37,300.0,105.9,B
2021-07-09T10:05:36,100.0,105.8,S
2021-07-09T10:05:35,1000.0,105.8,S
2021-07-09T10:05:33,21900.0,105.8,S
2021-07-09T10:05:32,500.0,105.9,B
2021-07-09T10:05:28,100.0,105.9,B
2021-07-09T10:05:24,100.0,105.9,B
2021-07-09T10:05:22,300.0,105.9,B
2021-07-09T10:05:21,100.0,105.9,B
2021-07-09T10:05:18,100.0,105.9,B
2021-07-09T10:05:13,500.0,105.9,B
2021-07-09T10:05:12,1000.0,105.9,B
2021-07-09T10:05:12,300.0,105.9,S
2021-07-09T10:05:08,400.0,106.0,B
2021-07-09T10:05:04,200.0,105.9,B
2021-07-09T10:05:02,200.0,105.9,B
2021-07-09T10:04:57,500.0,105.8,S
2021-07-09T10:04:55,5400.0,106.0,B
2021-07-09T10:04:55,800.0,106.0,B
2021-07-09T10:04:55,3600.0,106.0,B
2021-07-09T10:04:55,200.0,106.0,B
2021-07-09T10:04:48,200.0,105.8,S
2021-07-09T10:04:44,700.0,105.9,B
2021-07-09T10:04:43,100.0,105.8,S
2021-07-09T10:04:42,2500.0,105.8,S
2021-07-09T10:04:36,100.0,105.9,B
2021-07-09T10:04:18,100.0,105.8,S
2021-07-09T10:04:18,3500.0,105.9,S
2021-07-09T10:04:17,400.0,106.0,B
2021-07-09T10:04:17,500.0,106.0,B
2021-07-09T10:04:14,1000.0,106.0,B
2021-07-09T10:04:04,100.0,106.0,B
2021-07-09T10:04:03,200.0,106.0,B
2021-07-09T10:04:00,200.0,106.0,B
2021-07-09T10:03:53,600.0,106.0,B
2021-07-09T10:03:45,100.0,106.0,B
2021-07-09T10:03:45,100.0,105.9,S
2021-07-09T10:03:34,1000.0,106.0,B
2021-07-09T10:03:22,800.0,105.9,S
2021-07-09T10:03:19,100.0,106.0,B
2021-07-09T10:03:18,100.0,105.9,B
2021-07-09T10:03:17,600.0,105.8,S
2021-07-09T10:03:15,500.0,105.9,S
2021-07-09T10:03:14,200.0,106.0,B
2021-07-09T10:03:02,1000.0,106.0,B
2021-07-09T10:02:55,1400.0,105.8,S
2021-07-09T10:02:54,100.0,106.0,B
2021-07-09T10:02:51,100.0,106.0,B
2021-07-09T10:02:49,300.0,105.8,S
2021-07-09T10:02:49,3000.0,105.8,S
2021-07-09T10:02:49,2100.0,105.9,S
2021-07-09T10:02:49,1500.0,105.9,S
2021-07-09T10:02:40,200.0,106.0,B
2021-07-09T10:02:33,100.0,106.0,B
2021-07-09T10:02:33,100.0,106.0,B
2021-07-09T10:02:32,1700.0,106.0,S
2021-07-09T10:02:32,100.0,106.0,S
2021-07-09T10:02:31,2000.0,106.3,B
2021-07-09T10:02:26,100.0,106.0,S
2021-07-09T10:02:25,3100.0,106.0,B
2021-07-09T10:02:22,500.0,106.0,B
2021-07-09T10:02:22,700.0,106.0,B
2021-07-09T10:02:18,500.0,105.9,S
2021-07-09T10:02:17,500.0,106.0,B
2021-07-09T10:02:15,700.0,106.0,S
2021-07-09T10:02:15,6900.0,106.0,S
2021-07-09T10:02:15,400.0,106.0,S
2021-07-09T10:02:15,1000.0,106.0,S
2021-07-09T10:02:15,500.0,106.0,S
2021-07-09T10:02:06,200.0,106.0,S
2021-07-09T10:01:57,1000.0,106.0,S
2021-07-09T10:01:56,100.0,106.1,S
2021-07-09T10:01:51,100.0,106.1,S
2021-07-09T10:01:49,3000.0,106.0,S
2021-07-09T10:01:46,300.0,106.0,S
2021-07-09T10:01:46,6600.0,106.0,S
2021-07-09T10:01:40,1400.0,106.0,S
2021-07-09T10:01:35,1400.0,106.0,S
2021-07-09T10:01:32,100.0,106.3,B
2021-07-09T10:01:32,300.0,106.0,S
2021-07-09T10:01:31,6600.0,106.0,S
2021-07-09T10:01:30,100.0,106.0,S
2021-07-09T10:01:28,2000.0,106.0,S
2021-07-09T10:01:23,1200.0,106.0,S
2021-07-09T10:01:13,100.0,106.0,S
2021-07-09T10:01:11,100.0,106.3,S
2021-07-09T10:01:03,400.0,106.5,B
2021-07-09T10:00:58,1000.0,106.0,S
2021-07-09T10:00:57,200.0,106.0,S
2021-07-09T10:00:56,5000.0,106.0,S
2021-07-09T10:00:52,100.0,106.0,S
2021-07-09T10:00:51,2500.0,106.0,S
2021-07-09T10:00:46,100.0,106.5,B
2021-07-09T10:00:43,500.0,106.0,S
2021-07-09T10:00:41,200.0,106.0,S
2021-07-09T10:00:34,300.0,106.0,S
2021-07-09T10:00:33,6600.0,106.0,S
2021-07-09T10:00:32,900.0,106.0,S
2021-07-09T10:00:32,600.0,106.1,S
2021-07-09T10:00:29,12000.0,106.5,B
2021-07-09T10:00:26,1600.0,106.0,S
2021-07-09T10:00:25,1000.0,106.0,S
2021-07-09T10:00:21,1400.0,106.0,S
2021-07-09T10:00:21,200.0,106.5,B
2021-07-09T10:00:19,300.0,106.0,S
2021-07-09T10:00:18,6600.0,106.0,S
2021-07-09T10:00:14,1100.0,106.3,S
2021-07-09T10:00:03,100.0,106.5,B
2021-07-09T10:00:02,300.0,106.3,S
2021-07-09T10:00:02,500.0,106.3,S
2021-07-09T10:00:01,1100.0,106.5,S
2021-07-09T10:00:01,9800.0,106.5,S
2021-07-09T09:59:53,1100.0,106.6,S
2021-07-09T09:59:52,22000.0,106.6,S
2021-07-09T09:59:51,1800.0,106.7,S
2021-07-09T09:59:23,100.0,106.7,S
2021-07-09T09:59:16,500.0,106.8,B
2021-07-09T09:59:16,100.0,106.8,B
2021-07-09T09:59:13,100.0,106.8,B
2021-07-09T09:59:01,100.0,106.8,B
2021-07-09T09:58:37,100.0,106.8,B
2021-07-09T09:58:35,300.0,106.8,S
2021-07-09T09:58:23,100.0,106.8,S
2021-07-09T09:58:11,100.0,106.8,S
2021-07-09T09:58:11,1700.0,106.8,S
2021-07-09T09:58:11,300.0,107.0,S
2021-07-09T09:58:05,1900.0,107.0,S
2021-07-09T09:57:50,200.0,107.5,B
2021-07-09T09:57:46,100.0,107.0,S
2021-07-09T09:57:44,700.0,107.0,S
2021-07-09T09:57:43,3800.0,107.0,S
2021-07-09T09:57:43,10200.0,107.0,S
2021-07-09T09:57:42,100.0,107.5,B
2021-07-09T09:57:33,1000.0,107.0,S
2021-07-09T09:57:32,17600.0,107.0,S
2021-07-09T09:57:32,600.0,107.0,S
2021-07-09T09:57:32,1300.0,107.0,S
2021-07-09T09:57:32,400.0,107.0,S
2021-07-09T09:57:32,400.0,107.2,S
2021-07-09T09:57:24,200.0,107.5,B
2021-07-09T09:57:23,200.0,107.2,S
2021-07-09T09:57:20,5600.0,107.5,S
2021-07-09T09:57:19,300.0,107.5,S
2021-07-09T09:57:17,1300.0,107.5,S
2021-07-09T09:57:17,200.0,107.5,S
2021-07-09T09:57:16,300.0,107.5,S
2021-07-09T09:57:02,200.0,107.5,S
2021-07-09T09:57:01,400.0,107.5,S
2021-07-09T09:57:01,1400.0,107.5,S
2021-07-09T09:57:01,100.0,107.5,S
2021-07-09T09:57:01,100.0,107.5,S
2021-07-09T09:56:59,200.0,107.5,S
2021-07-09T09:56:58,400.0,107.5,S
2021-07-09T09:56:58,400.0,107.5,S
2021-07-09T09:56:56,1600.0,107.5,S
2021-07-09T09:56:56,6600.0,107.5,S
2021-07-09T09:56:56,100.0,107.5,S
2021-07-09T09:56:55,500.0,107.5,S
2021-07-09T09:56:51,100.0,107.5,S
2021-07-09T09:56:50,500.0,107.5,S
2021-07-09T09:56:50,100.0,107.5,S
2021-07-09T09:56:49,2000.0,107.5,S
2021-07-09T09:56:36,200.0,107.8,B
2021-07-09T09:56:25,200.0,107.5,S
2021-07-09T09:56:20,100.0,107.5,S
2021-07-09T09:56:17,200.0,107.5,S
2021-07-09T09:56:16,900.0,107.5,S
2021-07-09T09:56:16,100.0,107.5,S
2021-07-09T09:56:16,100.0,107.5,S
2021-07-09T09:56:15,3700.0,107.5,S
2021-07-09T09:56:14,700.0,107.5,S
2021-07-09T09:56:13,12000.0,107.5,S
2021-07-09T09:56:13,2400.0,107.5,S
2021-07-09T09:56:11,2000.0,107.7,S
2021-07-09T09:56:11,6200.0,107.7,S
2021-07-09T09:56:11,300.0,107.7,S
2021-07-09T09:56:11,200.0,107.7,S
2021-07-09T09:56:11,31300.0,107.7,S
2021-07-09T09:56:11,4900.0,107.8,S
2021-07-09T09:56:11,100.0,107.8,S
2021-07-09T09:56:11,3000.0,107.8,S
2021-07-09T09:56:11,100.0,107.8,S
2021-07-09T09:56:07,100.0,107.8,S
2021-07-09T09:56:05,200.0,107.8,S
2021-07-09T09:56:03,1100.0,107.9,B
2021-07-09T09:56:01,100.0,107.8,S
2021-07-09T09:55:59,300.0,107.8,S
2021-07-09T09:55:58,1000.0,107.9,B
2021-07-09T09:55:58,200.0,107.8,S
2021-07-09T09:55:56,1000.0,107.9,B
2021-07-09T09:55:56,100.0,107.8,S
2021-07-09T09:55:50,100.0,107.8,S
2021-07-09T09:55:45,100.0,107.9,B
2021-07-09T09:55:45,100.0,107.9,B
2021-07-09T09:55:43,500.0,107.9,B
2021-07-09T09:55:43,100.0,107.8,S
2021-07-09T09:55:42,500.0,107.9,B
2021-07-09T09:55:38,100.0,107.8,S
2021-07-09T09:55:36,1400.0,107.8,S
2021-07-09T09:55:27,300.0,107.8,S
2021-07-09T09:55:26,6000.0,107.9,B
2021-07-09T09:55:24,200.0,107.9,B
2021-07-09T09:55:13,1400.0,107.8,S
2021-07-09T09:55:06,100.0,107.9,B
2021-07-09T09:54:53,100.0,107.9,B
2021-07-09T09:54:04,100.0,107.9,B
2021-07-09T09:53:54,400.0,107.9,B
2021-07-09T09:53:44,1900.0,107.9,B
2021-07-09T09:53:42,100.0,107.9,B
2021-07-09T09:53:41,800.0,107.8,S
2021-07-09T09:53:39,300.0,107.8,S
2021-07-09T09:53:38,6600.0,107.8,S
2021-07-09T09:53:30,1700.0,107.8,S
2021-07-09T09:53:28,100.0,107.9,B
2021-07-09T09:53:26,600.0,107.8,S
2021-07-09T09:53:24,100.0,107.9,B
2021-07-09T09:53:17,300.0,107.9,B
2021-07-09T09:53:15,100.0,107.9,B
2021-07-09T09:53:14,300.0,107.9,B
2021-07-09T09:53:13,1000.0,107.9,B
2021-07-09T09:53:04,200.0,107.9,B
2021-07-09T09:52:59,1000.0,107.9,B
2021-07-09T09:52:32,200.0,107.8,S
2021-07-09T09:52:31,4600.0,108.0,B
2021-07-09T09:52:28,100.0,108.0,B
2021-07-09T09:52:28,200.0,107.8,S
2021-07-09T09:52:05,200.0,107.7,S
2021-07-09T09:52:04,600.0,108.0,B
2021-07-09T09:51:57,200.0,108.0,B
2021-07-09T09:51:55,100.0,107.8,S
2021-07-09T09:51:54,1700.0,108.0,B
2021-07-09T09:51:54,500.0,108.0,B
2021-07-09T09:51:53,100.0,108.0,B
2021-07-09T09:51:53,200.0,107.8,S
2021-07-09T09:51:53,100.0,107.9,S
2021-07-09T09:51:51,200.0,108.0,B
2021-07-09T09:51:51,6400.0,108.0,S
2021-07-09T09:51:40,300.0,108.0,S
2021-07-09T09:51:40,200.0,108.0,S
2021-07-09T09:51:39,1200.0,108.0,S
2021-07-09T09:51:39,5000.0,108.5,B
2021-07-09T09:51:31,300.0,108.0,S
2021-07-09T09:51:29,1500.0,108.0,S
2021-07-09T09:51:27,100.0,108.0,S
2021-07-09T09:51:26,400.0,108.0,S
2021-07-09T09:51:25,1100.0,108.0,S
2021-07-09T09:51:25,100.0,108.0,S
2021-07-09T09:51:25,400.0,108.0,S
2021-07-09T09:51:24,400.0,108.0,S
2021-07-09T09:51:24,200.0,108.0,S
2021-07-09T09:51:24,200.0,108.0,S
2021-07-09T09:51:23,1200.0,108.0,S
2021-07-09T09:51:20,5000.0,108.5,B
2021-07-09T09:51:19,100.0,108.0,S
2021-07-09T09:51:18,400.0,108.0,S
2021-07-09T09:51:18,1400.0,108.0,S
2021-07-09T09:51:18,100.0,108.0,S
2021-07-09T09:51:17,100.0,108.0,S
2021-07-09T09:51:17,100.0,108.0,S
2021-07-09T09:51:16,400.0,108.0,S
2021-07-09T09:51:16,1700.0,108.0,S
2021-07-09T09:51:14,300.0,108.0,S
2021-07-09T09:51:14,100.0,108.0,S
2021-07-09T09:51:14,5900.0,108.0,S
2021-07-09T09:51:14,400.0,108.0,S
2021-07-09T09:51:14,300.0,108.0,S
2021-07-09T09:51:13,300.0,108.0,S
2021-07-09T09:51:13,100.0,108.0,S
2021-07-09T09:51:11,1300.0,108.0,S
2021-07-09T09:51:11,200.0,108.0,S
2021-07-09T09:51:11,5000.0,108.0,S
2021-07-09T09:51:09,15000.0,108.0,S
2021-07-09T09:51:09,1500.0,108.0,S
2021-07-09T09:51:09,100.0,108.0,S
2021-07-09T09:51:09,200.0,108.0,S
2021-07-09T09:51:08,900.0,108.0,S
2021-07-09T09:51:07,300.0,108.0,S
2021-07-09T09:51:05,700.0,108.0,S
2021-07-09T09:51:05,300.0,108.0,S
2021-07-09T09:51:05,500.0,108.0,S
2021-07-09T09:51:05,200.0,108.0,S
2021-07-09T09:51:05,100.0,108.0,S
2021-07-09T09:51:05,1800.0,108.0,S
2021-07-09T09:51:05,700.0,108.0,S
2021-07-09T09:51:05,600.0,108.0,S
2021-07-09T09:51:05,1300.0,108.0,S
2021-07-09T09:51:05,500.0,108.0,S
2021-07-09T09:51:03,100.0,108.0,S
2021-07-09T09:51:03,2200.0,108.0,S
2021-07-09T09:51:03,700.0,108.0,S
2021-07-09T09:51:03,13500.0,108.0,S
2021-07-09T09:51:03,3300.0,108.1,S
2021-07-09T09:51:03,200.0,108.4,S
2021-07-09T09:51:03,300.0,108.4,S
2021-07-09T09:51:03,1500.0,108.1,S
2021-07-09T09:51:03,100.0,108.1,S
2021-07-09T09:51:01,200.0,108.1,S
2021-07-09T09:51:01,100.0,108.1,S
2021-07-09T09:51:00,900.0,108.1,S
2021-07-09T09:51:00,100.0,108.1,S
2021-07-09T09:51:00,200.0,108.1,S
2021-07-09T09:50:59,600.0,108.1,S
2021-07-09T09:50:59,2300.0,108.5,S
2021-07-09T09:50:59,500.0,108.5,S
2021-07-09T09:50:58,100.0,108.5,S
2021-07-09T09:50:58,1500.0,108.5,S
2021-07-09T09:50:56,10200.0,108.5,S
2021-07-09T09:50:56,1500.0,108.5,S
2021-07-09T09:50:53,200.0,108.5,S
2021-07-09T09:50:52,1000.0,108.5,S
2021-07-09T09:50:51,100.0,108.1,S
2021-07-09T09:50:50,300.0,108.1,S
2021-07-09T09:50:49,1500.0,108.1,S
2021-07-09T09:50:49,1200.0,108.1,S
2021-07-09T09:50:48,5000.0,108.1,S
2021-07-09T09:50:48,2700.0,108.1,S
2021-07-09T09:50:48,900.0,108.2,S
2021-07-09T09:50:48,400.0,108.2,S
2021-07-09T09:50:48,200.0,108.2,S
2021-07-09T09:50:48,1000.0,108.2,S
2021-07-09T09:50:48,4500.0,108.3,S
2021-07-09T09:50:48,1100.0,108.3,S
2021-07-09T09:50:48,9200.0,108.4,S
2021-07-09T09:50:45,100.0,108.4,S
2021-07-09T09:50:41,100.0,108.4,S
2021-07-09T09:50:40,100.0,108.7,B
2021-07-09T09:50:38,100.0,108.6,B
2021-07-09T09:50:37,300.0,108.4,S
2021-07-09T09:50:36,1300.0,108.4,S
2021-07-09T09:50:36,200.0,108.4,S
2021-07-09T09:50:35,5200.0,108.4,S
2021-07-09T09:50:34,100.0,108.4,S
2021-07-09T09:50:34,1000.0,108.4,S
2021-07-09T09:50:33,19000.0,108.4,S
2021-07-09T09:50:33,1000.0,108.4,S
2021-07-09T09:50:30,200.0,108.4,S
2021-07-09T09:50:28,100.0,108.4,S
2021-07-09T09:50:28,700.0,108.4,S
2021-07-09T09:50:28,500.0,108.4,S
2021-07-09T09:50:28,400.0,108.4,S
2021-07-09T09:50:28,100.0,108.4,S
2021-07-09T09:50:28,2000.0,108.4,S
2021-07-09T09:50:28,2100.0,108.7,B
2021-07-09T09:50:27,7900.0,108.7,B
2021-07-09T09:50:23,100.0,108.7,B
2021-07-09T09:50:23,300.0,108.7,B
2021-07-09T09:50:21,100.0,108.7,B
2021-07-09T09:50:09,100.0,108.4,S
2021-07-09T09:50:08,400.0,108.4,S
2021-07-09T09:50:08,1500.0,108.4,S
2021-07-09T09:50:08,100.0,108.5,S
2021-07-09T09:50:06,100.0,108.5,S
2021-07-09T09:50:05,400.0,108.5,S
2021-07-09T09:50:05,1600.0,108.5,S
2021-07-09T09:50:03,100.0,108.4,S
2021-07-09T09:50:01,200.0,108.4,S
2021-07-09T09:50:01,300.0,108.5,S
2021-07-09T09:50:00,1500.0,108.5,S
2021-07-09T09:49:59,300.0,108.5,S
2021-07-09T09:49:58,1500.0,108.5,S
2021-07-09T09:49:56,200.0,108.5,S
2021-07-09T09:49:55,100.0,108.5,S
2021-07-09T09:49:55,700.0,108.5,S
2021-07-09T09:49:54,300.0,108.5,S
2021-07-09T09:49:54,2200.0,108.5,S
2021-07-09T09:49:54,500.0,108.5,S
2021-07-09T09:49:53,10000.0,108.5,S
2021-07-09T09:49:48,100.0,108.5,S
2021-07-09T09:49:48,100.0,108.5,S
2021-07-09T09:49:48,400.0,108.5,S
2021-07-09T09:49:48,1800.0,108.5,S
2021-07-09T09:49:43,300.0,108.5,S
2021-07-09T09:49:43,200.0,108.5,S
2021-07-09T09:49:43,500.0,108.5,S
2021-07-09T09:49:42,800.0,108.5,S
2021-07-09T09:49:40,300.0,108.5,S
2021-07-09T09:49:39,1500.0,108.5,S
2021-07-09T09:49:38,200.0,108.5,S
2021-07-09T09:49:37,300.0,108.5,S
2021-07-09T09:49:36,1500.0,108.5,S
2021-07-09T09:49:33,100.0,108.5,S
2021-07-09T09:49:29,100.0,108.5,S
2021-07-09T09:49:28,200.0,108.5,S
2021-07-09T09:49:27,100.0,108.5,S
2021-07-09T09:49:27,700.0,108.5,S
2021-07-09T09:49:26,1600.0,108.5,S
2021-07-09T09:49:26,1500.0,108.5,S
2021-07-09T09:49:25,100.0,108.5,S
2021-07-09T09:49:24,100.0,108.5,S
2021-07-09T09:49:24,100.0,108.5,S
2021-07-09T09:49:24,700.0,108.5,S
2021-07-09T09:49:24,300.0,108.5,S
2021-07-09T09:49:22,100.0,108.5,S
2021-07-09T09:49:22,400.0,108.5,S
2021-07-09T09:49:21,100.0,108.5,S
2021-07-09T09:49:21,300.0,108.5,S
2021-07-09T09:49:20,1300.0,108.5,S
2021-07-09T09:49:20,5000.0,108.5,S
2021-07-09T09:49:20,400.0,108.5,S
2021-07-09T09:49:17,100.0,108.5,S
2021-07-09T09:49:14,1500.0,108.5,S
2021-07-09T09:49:14,100.0,108.5,S
2021-07-09T09:49:14,100.0,108.5,S
2021-07-09T09:49:14,400.0,108.5,S
2021-07-09T09:49:14,100.0,108.5,S
2021-07-09T09:49:14,1500.0,108.5,S
2021-07-09T09:49:13,500.0,108.5,S
2021-07-09T09:49:12,100.0,108.5,S
2021-07-09T09:49:11,100.0,108.5,S
2021-07-09T09:49:09,300.0,108.5,S
2021-07-09T09:49:09,200.0,108.7,B
2021-07-09T09:49:07,1300.0,108.5,S
2021-07-09T09:49:06,100.0,108.5,S
2021-07-09T09:49:03,100.0,108.5,S
2021-07-09T09:49:02,300.0,108.5,S
2021-07-09T09:49:02,100.0,108.5,S
2021-07-09T09:49:01,1500.0,108.5,S
2021-07-09T09:48:56,100.0,108.5,S
2021-07-09T09:48:53,100.0,108.5,S
2021-07-09T09:48:52,700.0,108.5,S
2021-07-09T09:48:51,1500.0,108.5,S
2021-07-09T09:48:51,1500.0,108.5,S
2021-07-09T09:48:46,100.0,108.5,S
2021-07-09T09:48:46,500.0,108.5,S
2021-07-09T09:48:45,100.0,108.5,S
2021-07-09T09:48:44,600.0,108.7,B
2021-07-09T09:48:44,1500.0,108.5,S
2021-07-09T09:48:41,200.0,108.7,B
2021-07-09T09:48:40,200.0,108.5,S
2021-07-09T09:48:38,300.0,108.5,S
2021-07-09T09:48:37,1500.0,108.5,S
2021-07-09T09:48:34,300.0,108.5,S
2021-07-09T09:48:33,1400.0,108.5,S
2021-07-09T09:48:26,100.0,108.5,S
2021-07-09T09:48:23,200.0,108.5,S
2021-07-09T09:48:19,100.0,108.5,S
2021-07-09T09:48:17,300.0,108.5,S
2021-07-09T09:48:17,1300.0,108.5,S
2021-07-09T09:48:15,100.0,108.6,S
2021-07-09T09:48:11,100.0,108.5,S
2021-07-09T09:48:08,100.0,108.5,S
2021-07-09T09:48:07,200.0,108.5,S
2021-07-09T09:48:06,100.0,108.5,S
2021-07-09T09:48:06,700.0,108.5,S
2021-07-09T09:48:05,3000.0,108.7,B
2021-07-09T09:48:05,100.0,108.5,S
2021-07-09T09:48:05,100.0,108.5,S
2021-07-09T09:48:04,600.0,108.5,S
2021-07-09T09:48:04,400.0,108.6,B
2021-07-09T09:48:04,2000.0,108.6,B
2021-07-09T09:48:03,100.0,108.5,S
2021-07-09T09:48:01,100.0,108.5,S
2021-07-09T09:48:01,300.0,108.5,S
2021-07-09T09:48:00,100.0,108.6,B
2021-07-09T09:47:59,1400.0,108.5,S
2021-07-09T09:47:57,200.0,108.5,S
2021-07-09T09:47:56,1000.0,108.6,B
2021-07-09T09:47:54,100.0,108.5,S
2021-07-09T09:47:52,300.0,108.5,S
2021-07-09T09:47:51,1300.0,108.5,S
2021-07-09T09:47:51,100.0,108.5,S
2021-07-09T09:47:46,4600.0,108.6,S
2021-07-09T09:47:42,100.0,108.6,S
2021-07-09T09:47:38,100.0,108.6,S
2021-07-09T09:47:38,100.0,108.6,S
2021-07-09T09:47:37,300.0,108.6,S
2021-07-09T09:47:36,1500.0,108.6,S
2021-07-09T09:47:19,200.0,108.5,S
2021-07-09T09:47:13,100.0,108.6,S
2021-07-09T09:47:10,200.0,108.5,S
2021-07-09T09:47:10,100.0,108.6,S
2021-07-09T09:47:09,700.0,108.5,S
2021-07-09T09:47:09,100.0,108.5,S
2021-07-09T09:47:09,3000.0,108.8,B
2021-07-09T09:47:06,100.0,108.5,S
2021-07-09T09:47:02,100.0,108.5,S
2021-07-09T09:46:58,200.0,108.6,B
2021-07-09T09:46:57,100.0,108.5,S
2021-07-09T09:46:55,100.0,108.5,S
2021-07-09T09:46:55,500.0,108.6,B
2021-07-09T09:46:54,200.0,108.5,S
2021-07-09T09:46:54,1000.0,108.6,B
2021-07-09T09:46:53,100.0,108.5,S
2021-07-09T09:46:52,100.0,108.5,S
2021-07-09T09:46:50,600.0,108.5,S
2021-07-09T09:46:49,100.0,108.5,S
2021-07-09T09:46:49,2600.0,108.5,S
2021-07-09T09:46:48,100.0,108.5,S
2021-07-09T09:46:46,500.0,108.5,S
2021-07-09T09:46:46,5100.0,108.6,B
2021-07-09T09:46:46,4900.0,108.6,B
2021-07-09T09:46:43,200.0,108.5,S
2021-07-09T09:46:42,100.0,108.5,S
2021-07-09T09:46:41,1100.0,108.6,B
2021-07-09T09:46:38,100.0,108.5,S
2021-07-09T09:46:30,300.0,108.5,S
2021-07-09T09:46:29,1300.0,108.5,S
2021-07-09T09:46:29,200.0,108.5,S
2021-07-09T09:46:28,5000.0,108.5,S
2021-07-09T09:46:13,100.0,108.5,S
2021-07-09T09:46:12,100.0,108.5,S
2021-07-09T09:46:12,500.0,108.5,S
2021-07-09T09:46:12,100.0,108.5,B
2021-07-09T09:46:12,2000.0,108.5,B
2021-07-09T09:46:07,100.0,108.3,S
2021-07-09T09:46:07,200.0,108.5,B
2021-07-09T09:46:07,200.0,108.3,S
2021-07-09T09:46:02,1000.0,108.5,B
2021-07-09T09:45:52,100.0,108.3,S
2021-07-09T09:45:51,500.0,108.5,B
2021-07-09T09:45:41,100.0,108.5,B
2021-07-09T09:45:26,100.0,108.5,B
2021-07-09T09:45:17,100.0,108.5,B
2021-07-09T09:45:13,300.0,108.3,S
2021-07-09T09:45:12,200.0,108.5,B
2021-07-09T09:45:12,1300.0,108.5,B
2021-07-09T09:44:53,100.0,108.3,S
2021-07-09T09:44:52,400.0,108.3,S
2021-07-09T09:44:52,300.0,108.4,S
2021-07-09T09:44:43,100.0,108.3,S
2021-07-09T09:44:41,700.0,108.3,S
2021-07-09T09:44:41,100.0,108.3,S
2021-07-09T09:44:40,3000.0,108.3,S
2021-07-09T09:44:40,300.0,108.4,S
2021-07-09T09:44:39,200.0,108.4,S
2021-07-09T09:44:38,200.0,108.4,S
2021-07-09T09:44:38,1100.0,108.4,S
2021-07-09T09:44:37,700.0,108.3,S
2021-07-09T09:44:37,2100.0,108.3,S
2021-07-09T09:44:37,1600.0,108.3,S
2021-07-09T09:44:36,15000.0,108.5,B
2021-07-09T09:44:33,200.0,108.3,S
2021-07-09T09:44:31,1000.0,108.4,B
2021-07-09T09:44:24,100.0,108.3,S
2021-07-09T09:43:31,100.0,108.3,S
2021-07-09T09:43:30,200.0,108.3,S
2021-07-09T09:43:30,200.0,108.3,S
2021-07-09T09:43:29,1000.0,108.3,S
2021-07-09T09:43:29,600.0,108.3,S
2021-07-09T09:43:28,3700.0,108.3,S
2021-07-09T09:43:28,2600.0,108.3,S
2021-07-09T09:43:27,9700.0,108.3,S
2021-07-09T09:43:27,2800.0,108.3,S
2021-07-09T09:43:26,50000.0,108.5,B
2021-07-09T09:43:03,300.0,108.3,S
2021-07-09T09:43:02,100.0,108.3,S
2021-07-09T09:43:02,1200.0,108.3,S
2021-07-09T09:43:01,200.0,108.3,S
2021-07-09T09:43:00,5000.0,108.3,S
2021-07-09T09:42:59,100.0,108.3,S
2021-07-09T09:42:59,700.0,108.3,S
2021-07-09T09:42:55,100.0,108.3,S
2021-07-09T09:42:54,500.0,108.3,S
2021-07-09T09:42:50,200.0,108.5,B
2021-07-09T09:42:30,100.0,108.3,S
2021-07-09T09:42:28,400.0,108.2,S
2021-07-09T09:42:27,1000.0,108.2,S
2021-07-09T09:42:26,100.0,108.2,S
2021-07-09T09:42:26,700.0,108.2,S
2021-07-09T09:42:25,2200.0,108.2,S
2021-07-09T09:42:25,300.0,108.3,S
2021-07-09T09:42:25,500.0,108.3,S
2021-07-09T09:42:24,1300.0,108.2,S
2021-07-09T09:42:24,300.0,108.2,S
2021-07-09T09:42:24,8400.0,108.2,S
2021-07-09T09:42:24,200.0,108.3,B
2021-07-09T09:42:21,300.0,108.3,B
2021-07-09T09:42:19,100.0,108.2,S
2021-07-09T09:42:18,100.0,108.2,S
2021-07-09T09:42:17,500.0,108.2,S
2021-07-09T09:42:16,2000.0,108.5,B
2021-07-09T09:42:13,100.0,108.4,B
2021-07-09T09:42:13,100.0,108.4,B
2021-07-09T09:42:13,100.0,108.2,S
2021-07-09T09:42:11,600.0,108.4,B
2021-07-09T09:42:04,300.0,108.3,B
2021-07-09T09:41:59,200.0,108.3,B
2021-07-09T09:41:55,200.0,108.2,S
2021-07-09T09:41:54,800.0,108.3,B
2021-07-09T09:41:53,100.0,108.3,B
2021-07-09T09:41:47,100.0,108.2,S
2021-07-09T09:41:46,400.0,108.2,S
2021-07-09T09:41:45,1700.0,108.2,S
2021-07-09T09:41:43,600.0,108.3,B
2021-07-09T09:41:43,300.0,108.2,S
2021-07-09T09:41:43,1500.0,108.3,S
2021-07-09T09:41:43,2800.0,108.3,S
2021-07-09T09:41:43,300.0,108.3,S
2021-07-09T09:41:43,1400.0,108.3,S
2021-07-09T09:41:39,200.0,108.3,S
2021-07-09T09:41:01,200.0,108.4,B
2021-07-09T09:40:41,100.0,108.4,B
2021-07-09T09:40:14,200.0,108.3,S
2021-07-09T09:40:13,1000.0,108.3,S
2021-07-09T09:40:05,100.0,108.4,B
2021-07-09T09:39:48,200.0,108.3,S
2021-07-09T09:39:47,1100.0,108.4,B
2021-07-09T09:39:30,200.0,108.3,S
2021-07-09T09:39:29,1000.0,108.3,S
2021-07-09T09:39:13,300.0,108.4,S
2021-07-09T09:38:16,200.0,108.4,S
2021-07-09T09:38:16,800.0,108.5,S
2021-07-09T09:37:25,300.0,108.5,S
2021-07-09T09:37:25,1200.0,108.5,S
2021-07-09T09:37:18,200.0,108.5,S
2021-07-09T09:37:13,100.0,108.5,S
2021-07-09T09:37:12,500.0,108.5,S
2021-07-09T09:37:01,100.0,108.5,S
2021-07-09T09:37:00,400.0,108.5,S
2021-07-09T09:36:59,200.0,108.5,S
2021-07-09T09:36:59,800.0,108.5,S
2021-07-09T09:36:59,400.0,108.5,S
2021-07-09T09:36:59,200.0,108.5,S
2021-07-09T09:36:58,4800.0,108.5,S
2021-07-09T09:36:56,300.0,108.5,S
2021-07-09T09:36:42,200.0,108.5,S
2021-07-09T09:36:40,1000.0,108.5,S
2021-07-09T09:36:40,200.0,108.5,S
2021-07-09T09:36:40,4000.0,108.5,S
2021-07-09T09:36:35,100.0,108.6,S
2021-07-09T09:36:35,500.0,108.6,S
2021-07-09T09:35:46,200.0,108.5,S
2021-07-09T09:35:29,200.0,108.5,B
2021-07-09T09:35:28,100.0,108.2,S
2021-07-09T09:35:21,100.0,108.2,S
2021-07-09T09:35:20,300.0,108.5,B
2021-07-09T09:35:20,200.0,108.2,S
2021-07-09T09:35:19,100.0,108.2,S
2021-07-09T09:35:19,700.0,108.2,S
2021-07-09T09:35:17,300.0,108.2,S
2021-07-09T09:35:17,200.0,108.2,S
2021-07-09T09:35:17,1100.0,108.2,S
2021-07-09T09:35:17,1400.0,108.3,S
2021-07-09T09:35:16,10000.0,108.3,S
2021-07-09T09:34:39,200.0,108.5,S
2021-07-09T09:34:22,300.0,108.4,S
2021-07-09T09:34:21,1200.0,108.4,S
2021-07-09T09:34:20,4800.0,108.5,S
2021-07-09T09:34:14,200.0,108.5,B
2021-07-09T09:34:11,200.0,108.4,S
2021-07-09T09:34:10,800.0,108.4,S
2021-07-09T09:34:10,1000.0,108.5,S
2021-07-09T09:34:10,2500.0,108.5,S
2021-07-09T09:34:00,300.0,108.5,S
2021-07-09T09:33:55,100.0,108.5,S
2021-07-09T09:33:55,700.0,108.5,S
2021-07-09T09:33:55,2700.0,108.5,S
2021-07-09T09:33:54,200.0,108.5,S
2021-07-09T09:33:53,800.0,108.5,S
2021-07-09T09:33:53,500.0,108.5,S
2021-07-09T09:33:52,2700.0,108.5,S
2021-07-09T09:33:52,3800.0,108.5,S
2021-07-09T09:33:52,2000.0,108.5,S
2021-07-09T09:33:52,5200.0,108.5,S
2021-07-09T09:33:38,200.0,108.5,S
2021-07-09T09:33:37,1000.0,108.5,S
2021-07-09T09:33:36,4000.0,108.5,S
2021-07-09T09:32:48,300.0,108.5,S
2021-07-09T09:32:47,100.0,108.5,S
2021-07-09T09:32:47,1100.0,108.5,S
2021-07-09T09:32:46,1800.0,108.5,S
2021-07-09T09:32:46,500.0,108.5,S
2021-07-09T09:32:46,1100.0,108.6,S
2021-07-09T09:32:46,1600.0,108.6,S
2021-07-09T09:32:26,100.0,108.6,S
2021-07-09T09:32:25,500.0,108.9,B
2021-07-09T09:31:56,300.0,108.6,S
2021-07-09T09:31:55,300.0,108.5,S
2021-07-09T09:31:55,700.0,108.5,S
2021-07-09T09:31:55,200.0,108.5,S
2021-07-09T09:31:53,300.0,108.5,S
2021-07-09T09:31:53,800.0,108.5,S
2021-07-09T09:31:53,100.0,108.5,S
2021-07-09T09:31:53,1100.0,108.5,S
2021-07-09T09:31:53,300.0,108.5,S
2021-07-09T09:31:53,2400.0,108.5,S
2021-07-09T09:31:50,200.0,108.5,S
2021-07-09T09:31:49,900.0,108.5,S
2021-07-09T09:31:49,100.0,108.6,S
2021-07-09T09:31:28,100.0,108.5,S
2021-07-09T09:31:22,100.0,108.5,S
2021-07-09T09:31:18,100.0,108.5,S
2021-07-09T09:31:15,100.0,108.5,S
2021-07-09T09:31:10,100.0,108.5,S
2021-07-09T09:31:09,100.0,108.5,S
2021-07-09T09:31:05,100.0,108.5,S
2021-07-09T09:31:01,100.0,108.5,S
2021-07-09T09:30:54,100.0,108.5,S
2021-07-09T09:30:53,400.0,108.5,S
2021-07-09T09:30:53,100.0,108.5,S
2021-07-09T09:30:52,1600.0,108.5,S
2021-07-09T09:30:47,100.0,108.5,S
2021-07-09T09:30:44,100.0,108.5,S
2021-07-09T09:30:37,100.0,108.5,S
2021-07-09T09:30:33,100.0,108.5,S
2021-07-09T09:30:32,400.0,108.5,S
2021-07-09T09:30:30,200.0,108.5,S
2021-07-09T09:30:30,1600.0,108.5,S
2021-07-09T09:30:03,100.0,108.5,S
2021-07-09T09:30:02,500.0,108.9,B
2021-07-09T09:29:52,100.0,108.5,S
2021-07-09T09:29:52,400.0,108.5,S
2021-07-09T09:29:39,100.0,108.5,S
2021-07-09T09:29:38,500.0,108.5,S
2021-07-09T09:29:37,2100.0,108.9,B
2021-07-09T09:29:03,100.0,108.5,S
2021-07-09T09:29:03,600.0,108.5,S
2021-07-09T09:29:01,300.0,108.5,S
2021-07-09T09:29:00,1500.0,108.5,S
2021-07-09T09:28:45,100.0,108.5,S
2021-07-09T09:28:44,600.0,109.0,B
2021-07-09T09:28:43,200.0,109.1,S
2021-07-09T09:28:37,100.0,109.1,S
2021-07-09T09:28:35,400.0,108.5,S
2021-07-09T09:28:35,100.0,108.5,S
2021-07-09T09:28:35,1700.0,109.0,S
2021-07-09T09:28:24,100.0,109.0,S
2021-07-09T09:28:22,400.0,109.0,B
2021-07-09T09:28:08,100.0,109.0,B
2021-07-09T09:27:55,100.0,108.5,S
2021-07-09T09:27:55,100.0,108.5,S
2021-07-09T09:27:55,1000.0,109.0,B
2021-07-09T09:27:52,100.0,108.5,S
2021-07-09T09:27:51,600.0,108.5,S
2021-07-09T09:27:50,2500.0,108.5,S
2021-07-09T09:27:49,4200.0,108.5,S
2021-07-09T09:27:49,5800.0,108.5,S
2021-07-09T09:27:49,200.0,109.0,B
2021-07-09T09:27:37,100.0,109.0,B
2021-07-09T09:27:01,100.0,108.5,S
2021-07-09T09:27:01,600.0,108.5,S
2021-07-09T09:26:59,2500.0,109.2,B
2021-07-09T09:26:40,100.0,108.5,S
2021-07-09T09:26:39,400.0,108.5,S
2021-07-09T09:26:38,1800.0,108.6,S
2021-07-09T09:26:36,300.0,109.0,B
2021-07-09T09:26:28,300.0,108.6,S
2021-07-09T09:26:28,1300.0,108.6,S
2021-07-09T09:26:27,5500.0,109.0,S
2021-07-09T09:26:22,100.0,109.0,S
2021-07-09T09:26:20,100.0,109.0,S
2021-07-09T09:25:52,900.0,109.0,B
2021-07-09T09:25:52,3300.0,109.0,B
2021-07-09T09:25:52,1700.0,109.0,B
2021-07-09T09:25:48,500.0,109.0,B
2021-07-09T09:25:41,600.0,108.5,S
2021-07-09T09:25:32,400.0,109.0,B
2021-07-09T09:25:32,300.0,108.6,S
2021-07-09T09:25:24,3000.0,108.7,S
2021-07-09T09:25:18,500.0,109.0,B
2021-07-09T09:25:12,500.0,109.0,B
2021-07-09T09:24:35,100.0,109.0,B
2021-07-09T09:24:29,4000.0,108.6,S
2021-07-09T09:24:15,1900.0,109.0,B
2021-07-09T09:23:58,200.0,108.6,S
2021-07-09T09:23:57,400.0,108.6,S
2021-07-09T09:23:44,200.0,108.6,S
2021-07-09T09:23:44,300.0,108.6,S
2021-07-09T09:23:28,200.0,108.6,S
2021-07-09T09:23:19,300.0,108.6,S
2021-07-09T09:23:16,4000.0,108.6,S
2021-07-09T09:23:13,200.0,108.6,S
2021-07-09T09:23:06,100.0,108.6,S
2021-07-09T09:23:01,200.0,108.6,S
2021-07-09T09:22:57,2400.0,108.6,S
2021-07-09T09:22:49,100.0,108.6,S
2021-07-09T09:22:33,500.0,108.6,S
2021-07-09T09:22:33,1200.0,108.6,S
2021-07-09T09:22:33,1300.0,108.8,S
2021-07-09T09:22:26,500.0,109.0,S
2021-07-09T09:22:23,100.0,110.0,B
2021-07-09T09:22:17,4000.0,110.0,B
2021-07-09T09:21:40,500.0,110.0,B
2021-07-09T09:20:19,300.0,110.0,B
2021-07-09T09:20:07,2000.0,108.6,S
2021-07-09T09:19:58,1400.0,108.6,S
2021-07-09T09:19:55,6600.0,108.6,S
2021-07-09T09:19:44,2400.0,108.6,S
2021-07-09T09:19:44,6500.0,108.8,S
2021-07-09T09:19:44,1100.0,108.8,S
2021-07-09T09:19:21,100.0,110.0,B
2021-07-09T09:19:06,600.0,110.0,B
2021-07-09T09:18:57,2200.0,110.0,B
2021-07-09T09:18:55,100.0,109.0,S
2021-07-09T09:18:45,800.0,108.6,S
2021-07-09T09:18:31,2200.0,110.8,B
2021-07-09T09:18:27,100.0,110.8,S
2021-07-09T09:18:25,100.0,110.8,S
2021-07-09T09:18:25,100.0,110.8,S
2021-07-09T09:18:19,1500.0,111.0,B
2021-07-09T09:18:14,600.0,111.0,B
2021-07-09T09:18:14,1100.0,111.0,B
2021-07-09T09:18:09,500.0,108.5,S
2021-07-09T09:18:08,1700.0,110.8,B
2021-07-09T09:18:01,1100.0,110.8,B
2021-07-09T09:18:00,2200.0,110.8,B
2021-07-09T09:17:52,1100.0,110.8,B
2021-07-09T09:17:50,100.0,110.0,B
2021-07-09T09:17:44,500.0,110.8,B
2021-07-09T09:17:44,5000.0,108.0,S
2021-07-09T09:17:42,1100.0,110.8,B
2021-07-09T09:17:38,21800.0,108.0,S
2021-07-09T09:17:37,800.0,110.8,B
2021-07-09T09:17:32,5000.0,108.0,S
2021-07-09T09:17:29,800.0,110.8,B
2021-07-09T09:17:26,10000.0,108.6,S
2021-07-09T09:17:24,100.0,109.0,B
2021-07-09T09:17:23,2000.0,108.6,S
2021-07-09T09:17:14,500.0,109.0,B
2021-07-09T09:17:03,100.0,109.0,B
2021-07-09T09:16:53,200.0,109.0,B
2021-07-09T09:16:40,1400.0,109.0,S
2021-07-09T09:16:40,2200.0,110.0,S
2021-07-09T09:16:40,2200.0,110.0,S
2021-07-09T09:16:40,200.0,110.6,S
2021-07-09T09:16:40,1900.0,110.8,S
2021-07-09T09:16:40,100.0,110.9,S
2021-07-09T09:16:40,1100.0,110.9,S
2021-07-09T09:16:37,400.0,110.9,S
2021-07-09T09:16:33,1000.0,111.0,B
2021-07-09T09:16:19,4000.0,110.9,S
2021-07-09T09:16:17,2000.0,111.0,B
2021-07-09T09:16:17,200.0,111.0,B
2021-07-09T09:16:16,1000.0,111.0,B
2021-07-09T09:16:14,1000.0,111.0,B
2021-07-09T09:16:03,200.0,111.0,B
2021-07-09T09:16:00,4000.0,111.0,B
2021-07-09T09:15:55,1000.0,111.0,B
2021-07-09T09:15:48,100.0,110.9,S
2021-07-09T09:15:30,100.0,110.8,S
2021-07-09T09:15:24,2000.0,110.8,S
2021-07-09T09:15:13,2000.0,110.8,S
2021-07-09T09:15:07,2000.0,111.0,S
2021-07-09T09:15:07,300.0,111.0,S
