tradingTime,volume,price,side
2021-07-09T11:29:59,1600.0,30.15,S
2021-07-09T11:29:59,1900.0,30.15,S
2021-07-09T11:29:57,1500.0,30.2,B
2021-07-09T11:29:43,200.0,30.2,B
2021-07-09T11:29:34,500.0,30.2,B
2021-07-09T11:29:26,3000.0,30.2,B
2021-07-09T11:29:25,4000.0,30.2,B
2021-07-09T11:29:20,3000.0,30.2,B
2021-07-09T11:29:09,200.0,30.2,B
2021-07-09T11:29:06,100.0,30.15,S
2021-07-09T11:28:31,500.0,30.15,S
2021-07-09T11:28:20,200.0,30.2,B
2021-07-09T11:28:13,9000.0,30.15,S
2021-07-09T11:28:09,5000.0,30.2,B
2021-07-09T11:28:09,1000.0,30.2,B
2021-07-09T11:28:06,100.0,30.2,B
2021-07-09T11:28:02,400.0,30.2,B
2021-07-09T11:28:02,200.0,30.2,B
2021-07-09T11:27:58,2100.0,30.2,B
2021-07-09T11:27:58,2000.0,30.2,B
2021-07-09T11:27:57,600.0,30.2,B
2021-07-09T11:27:54,500.0,30.2,B
2021-07-09T11:27:44,12000.0,30.2,S
2021-07-09T11:27:44,15400.0,30.2,S
2021-07-09T11:27:12,1000.0,30.25,B
2021-07-09T11:27:01,500.0,30.2,S
2021-07-09T11:27:01,3000.0,30.2,S
2021-07-09T11:26:39,500.0,30.2,S
2021-07-09T11:26:36,10000.0,30.2,S
2021-07-09T11:26:33,400.0,30.2,S
2021-07-09T11:26:31,3000.0,30.25,B
2021-07-09T11:26:29,500.0,30.2,S
2021-07-09T11:26:25,500.0,30.2,S
2021-07-09T11:26:20,500.0,30.2,S
2021-07-09T11:26:20,100.0,30.2,S
2021-07-09T11:26:20,500.0,30.2,S
2021-07-09T11:26:19,500.0,30.25,B
2021-07-09T11:26:19,2000.0,30.25,S
2021-07-09T11:26:19,7400.0,30.25,S
2021-07-09T11:26:18,500.0,30.25,S
2021-07-09T11:26:15,500.0,30.25,S
2021-07-09T11:26:14,1000.0,30.25,S
2021-07-09T11:26:10,500.0,30.25,S
2021-07-09T11:26:01,500.0,30.25,S
2021-07-09T11:25:59,1000.0,30.25,S
2021-07-09T11:25:57,100.0,30.25,S
2021-07-09T11:25:54,100.0,30.25,S
2021-07-09T11:25:46,1000.0,30.3,B
2021-07-09T11:25:45,8000.0,30.3,B
2021-07-09T11:25:44,300.0,30.3,B
2021-07-09T11:25:40,8400.0,30.25,S
2021-07-09T11:25:33,1000.0,30.25,S
2021-07-09T11:25:23,8100.0,30.3,B
2021-07-09T11:25:23,8700.0,30.3,B
2021-07-09T11:25:23,900.0,30.3,B
2021-07-09T11:25:20,3400.0,30.3,B
2021-07-09T11:25:19,100.0,30.3,B
2021-07-09T11:25:19,5100.0,30.3,B
2021-07-09T11:25:17,2000.0,30.3,B
2021-07-09T11:24:59,20000.0,30.3,B
2021-07-09T11:24:57,100.0,30.3,B
2021-07-09T11:24:56,100.0,30.3,B
2021-07-09T11:24:55,2100.0,30.25,S
2021-07-09T11:24:51,200.0,30.25,S
2021-07-09T11:24:48,1000.0,30.25,S
2021-07-09T11:24:35,1000.0,30.25,B
2021-07-09T11:24:34,2500.0,30.25,S
2021-07-09T11:24:17,10000.0,30.3,B
2021-07-09T11:24:06,300.0,30.25,B
2021-07-09T11:23:53,15000.0,30.25,B
2021-07-09T11:23:46,1500.0,30.2,S
2021-07-09T11:23:39,7500.0,30.25,B
2021-07-09T11:23:34,200.0,30.2,S
2021-07-09T11:23:30,2200.0,30.2,B
2021-07-09T11:23:30,3300.0,30.2,B
2021-07-09T11:23:30,6000.0,30.2,B
2021-07-09T11:23:26,200.0,30.2,B
2021-07-09T11:23:26,100.0,30.2,B
2021-07-09T11:23:26,2000.0,30.2,B
2021-07-09T11:23:24,1000.0,30.2,B
2021-07-09T11:23:22,1000.0,30.2,B
2021-07-09T11:23:20,200.0,30.2,B
2021-07-09T11:23:18,600.0,30.2,B
2021-07-09T11:23:13,2900.0,30.2,B
2021-07-09T11:23:12,100.0,30.15,S
2021-07-09T11:23:02,2000.0,30.2,B
2021-07-09T11:22:54,500.0,30.2,B
2021-07-09T11:22:35,1000.0,30.2,B
2021-07-09T11:22:26,200.0,30.15,S
2021-07-09T11:22:26,500.0,30.15,S
2021-07-09T11:22:26,2700.0,30.15,S
2021-07-09T11:22:22,300.0,30.15,S
2021-07-09T11:22:06,1900.0,30.15,S
2021-07-09T11:22:03,400.0,30.15,S
2021-07-09T11:22:03,600.0,30.15,S
2021-07-09T11:21:54,700.0,30.15,S
2021-07-09T11:21:46,100.0,30.15,S
2021-07-09T11:21:36,600.0,30.15,S
2021-07-09T11:21:33,1100.0,30.2,B
2021-07-09T11:21:29,700.0,30.15,S
2021-07-09T11:21:29,3300.0,30.15,S
2021-07-09T11:21:29,2400.0,30.15,S
2021-07-09T11:21:14,100.0,30.15,S
2021-07-09T11:21:12,4000.0,30.15,S
2021-07-09T11:21:04,500.0,30.15,S
2021-07-09T11:20:52,100.0,30.15,S
2021-07-09T11:20:50,3000.0,30.15,B
2021-07-09T11:20:50,3700.0,30.15,B
2021-07-09T11:20:48,900.0,30.15,B
2021-07-09T11:20:43,3500.0,30.15,B
2021-07-09T11:20:36,100.0,30.15,B
2021-07-09T11:20:36,200.0,30.15,B
2021-07-09T11:20:35,200.0,30.15,B
2021-07-09T11:20:34,1000.0,30.1,S
2021-07-09T11:20:31,2000.0,30.15,B
2021-07-09T11:20:26,600.0,30.15,B
2021-07-09T11:20:26,100.0,30.15,B
2021-07-09T11:20:25,200.0,30.15,B
2021-07-09T11:20:24,1700.0,30.15,B
2021-07-09T11:20:22,100.0,30.15,B
2021-07-09T11:20:15,200.0,30.15,B
2021-07-09T11:20:09,100.0,30.15,B
2021-07-09T11:20:01,500.0,30.15,B
2021-07-09T11:20:00,100.0,30.15,B
2021-07-09T11:19:52,400.0,30.15,B
2021-07-09T11:19:49,2000.0,30.1,S
2021-07-09T11:19:43,1000.0,30.15,B
2021-07-09T11:19:41,3000.0,30.15,B
2021-07-09T11:19:34,1000.0,30.15,B
2021-07-09T11:19:31,1000.0,30.1,S
2021-07-09T11:19:30,500.0,30.15,B
2021-07-09T11:19:26,500.0,30.15,B
2021-07-09T11:19:24,10000.0,30.15,B
2021-07-09T11:19:23,9400.0,30.15,S
2021-07-09T11:19:22,600.0,30.15,B
2021-07-09T11:19:22,1000.0,30.15,B
2021-07-09T11:19:19,700.0,30.15,B
2021-07-09T11:19:19,1500.0,30.15,B
2021-07-09T11:19:17,4200.0,30.15,S
2021-07-09T11:19:15,1100.0,30.15,S
2021-07-09T11:19:12,1200.0,30.2,B
2021-07-09T11:19:11,2700.0,30.15,B
2021-07-09T11:19:09,3000.0,30.15,B
2021-07-09T11:19:08,700.0,30.15,B
2021-07-09T11:18:59,500.0,30.15,B
2021-07-09T11:18:59,100.0,30.15,B
2021-07-09T11:18:57,700.0,30.1,S
2021-07-09T11:18:56,500.0,30.15,B
2021-07-09T11:18:49,2000.0,30.15,S
2021-07-09T11:18:49,1100.0,30.15,S
2021-07-09T11:18:49,14000.0,30.15,S
2021-07-09T11:18:49,1000.0,30.15,S
2021-07-09T11:18:49,63700.0,30.15,S
2021-07-09T11:18:49,7100.0,30.15,S
2021-07-09T11:18:49,3800.0,30.15,S
2021-07-09T11:18:49,53000.0,30.15,S
2021-07-09T11:18:45,1100.0,30.15,S
2021-07-09T11:18:30,100.0,30.15,S
2021-07-09T11:18:30,1600.0,30.15,S
2021-07-09T11:18:21,500.0,30.2,B
2021-07-09T11:18:19,100.0,30.2,B
2021-07-09T11:18:16,500.0,30.2,B
2021-07-09T11:18:16,200.0,30.2,B
2021-07-09T11:18:14,600.0,30.2,B
2021-07-09T11:18:09,1200.0,30.2,B
2021-07-09T11:18:08,100.0,30.2,B
2021-07-09T11:18:08,10900.0,30.2,B
2021-07-09T11:18:04,2000.0,30.15,S
2021-07-09T11:18:03,300.0,30.2,B
2021-07-09T11:18:01,1000.0,30.2,B
2021-07-09T11:18:01,200.0,30.2,B
2021-07-09T11:17:59,100.0,30.2,S
2021-07-09T11:17:59,1100.0,30.2,S
2021-07-09T11:17:59,200.0,30.2,S
2021-07-09T11:17:59,2100.0,30.2,S
2021-07-09T11:17:59,2700.0,30.2,S
2021-07-09T11:17:59,700.0,30.2,S
2021-07-09T11:17:59,300.0,30.2,S
2021-07-09T11:17:59,1000.0,30.2,S
2021-07-09T11:17:59,2600.0,30.2,S
2021-07-09T11:17:59,2800.0,30.2,S
2021-07-09T11:17:49,10000.0,30.2,S
2021-07-09T11:17:46,600.0,30.25,B
2021-07-09T11:17:45,200.0,30.25,B
2021-07-09T11:17:45,5000.0,30.2,S
2021-07-09T11:17:45,1200.0,30.2,S
2021-07-09T11:17:45,100.0,30.25,B
2021-07-09T11:17:43,5000.0,30.2,S
2021-07-09T11:17:36,81000.0,30.2,S
2021-07-09T11:17:36,3700.0,30.2,S
2021-07-09T11:17:36,500.0,30.2,S
2021-07-09T11:17:36,5400.0,30.2,S
2021-07-09T11:17:36,1300.0,30.2,S
2021-07-09T11:17:36,5400.0,30.2,S
2021-07-09T11:17:36,1700.0,30.2,S
2021-07-09T11:17:36,1000.0,30.2,S
2021-07-09T11:17:35,1000.0,30.2,S
2021-07-09T11:17:27,500.0,30.25,B
2021-07-09T11:17:26,1000.0,30.25,B
2021-07-09T11:17:22,5000.0,30.25,S
2021-07-09T11:17:15,1500.0,30.2,S
2021-07-09T11:17:15,500.0,30.2,S
2021-07-09T11:17:09,5000.0,30.2,S
2021-07-09T11:17:03,28000.0,30.2,S
2021-07-09T11:17:03,400.0,30.2,S
2021-07-09T11:17:03,1700.0,30.2,S
2021-07-09T11:17:03,1400.0,30.2,S
2021-07-09T11:17:03,800.0,30.2,S
2021-07-09T11:17:03,1100.0,30.2,S
2021-07-09T11:17:03,2500.0,30.2,S
2021-07-09T11:17:03,17700.0,30.2,S
2021-07-09T11:17:03,3400.0,30.25,S
2021-07-09T11:16:51,5000.0,30.25,S
2021-07-09T11:16:50,500.0,30.25,S
2021-07-09T11:16:46,500.0,30.25,S
2021-07-09T11:16:45,1800.0,30.3,B
2021-07-09T11:16:41,2700.0,30.25,B
2021-07-09T11:16:41,100.0,30.25,B
2021-07-09T11:16:36,2000.0,30.25,B
2021-07-09T11:16:24,300.0,30.25,B
2021-07-09T11:16:24,200.0,30.25,B
2021-07-09T11:16:22,100.0,30.25,B
2021-07-09T11:16:21,10000.0,30.25,B
2021-07-09T11:16:20,400.0,30.25,B
2021-07-09T11:16:17,1000.0,30.25,B
2021-07-09T11:16:10,100.0,30.25,B
2021-07-09T11:16:05,3000.0,30.25,B
2021-07-09T11:16:04,1200.0,30.2,S
2021-07-09T11:15:57,400.0,30.2,S
2021-07-09T11:15:56,500.0,30.25,B
2021-07-09T11:15:54,34000.0,30.2,S
2021-07-09T11:15:49,2000.0,30.2,S
2021-07-09T11:15:47,18100.0,30.2,S
2021-07-09T11:15:46,300.0,30.25,B
2021-07-09T11:15:37,28100.0,30.2,S
2021-07-09T11:15:37,400.0,30.2,S
2021-07-09T11:15:37,4000.0,30.2,S
2021-07-09T11:15:37,200.0,30.25,S
2021-07-09T11:15:37,17300.0,30.25,S
2021-07-09T11:15:34,100.0,30.3,B
2021-07-09T11:15:30,1000.0,30.25,S
2021-07-09T11:15:30,100.0,30.25,S
2021-07-09T11:15:27,900.0,30.25,S
2021-07-09T11:15:24,100.0,30.25,S
2021-07-09T11:15:24,1200.0,30.25,S
2021-07-09T11:15:24,23700.0,30.25,S
2021-07-09T11:15:19,2000.0,30.25,S
2021-07-09T11:15:09,7300.0,30.25,S
2021-07-09T11:15:04,500.0,30.3,B
2021-07-09T11:15:03,200.0,30.3,B
2021-07-09T11:14:59,3000.0,30.25,S
2021-07-09T11:14:51,1200.0,30.3,B
2021-07-09T11:14:49,100.0,30.3,B
2021-07-09T11:14:49,14500.0,30.25,S
2021-07-09T11:14:49,3400.0,30.25,S
2021-07-09T11:14:49,3400.0,30.25,S
2021-07-09T11:14:49,3700.0,30.25,S
2021-07-09T11:14:49,200.0,30.3,S
2021-07-09T11:14:49,800.0,30.3,B
2021-07-09T11:14:47,1000.0,30.3,B
2021-07-09T11:14:46,500.0,30.3,S
2021-07-09T11:14:46,1500.0,30.3,S
2021-07-09T11:14:46,3100.0,30.3,S
2021-07-09T11:14:46,3100.0,30.3,S
2021-07-09T11:14:44,3000.0,30.3,S
2021-07-09T11:14:44,10000.0,30.3,S
2021-07-09T11:14:44,2500.0,30.3,S
2021-07-09T11:14:44,2500.0,30.3,S
2021-07-09T11:14:44,600.0,30.3,S
2021-07-09T11:14:44,3500.0,30.3,S
2021-07-09T11:14:44,4500.0,30.3,S
2021-07-09T11:14:44,6300.0,30.3,S
2021-07-09T11:14:44,400.0,30.3,S
2021-07-09T11:14:44,600.0,30.3,S
2021-07-09T11:14:44,19100.0,30.3,S
2021-07-09T11:14:33,100.0,30.3,S
2021-07-09T11:14:33,25000.0,30.3,S
2021-07-09T11:14:28,10000.0,30.3,S
2021-07-09T11:14:27,200.0,30.35,B
2021-07-09T11:14:25,1500.0,30.3,S
2021-07-09T11:14:25,10000.0,30.35,B
2021-07-09T11:14:21,45000.0,30.3,S
2021-07-09T11:14:13,200.0,30.35,B
2021-07-09T11:14:01,500.0,30.35,B
2021-07-09T11:14:01,1000.0,30.35,S
2021-07-09T11:13:53,5000.0,30.3,S
2021-07-09T11:13:52,1000.0,30.35,S
2021-07-09T11:13:50,500.0,30.35,S
2021-07-09T11:13:49,300.0,30.35,S
2021-07-09T11:13:48,4000.0,30.35,S
2021-07-09T11:13:47,1000.0,30.35,S
2021-07-09T11:13:47,300.0,30.4,B
2021-07-09T11:13:43,8000.0,30.35,S
2021-07-09T11:13:28,3000.0,30.35,S
2021-07-09T11:13:24,600.0,30.4,B
2021-07-09T11:13:04,500.0,30.35,S
2021-07-09T11:12:56,600.0,30.4,B
2021-07-09T11:12:47,200.0,30.35,S
2021-07-09T11:12:45,1500.0,30.3,S
2021-07-09T11:12:43,500.0,30.4,B
2021-07-09T11:12:42,300.0,30.4,B
2021-07-09T11:12:37,6000.0,30.4,B
2021-07-09T11:12:34,200.0,30.35,B
2021-07-09T11:12:34,500.0,30.35,B
2021-07-09T11:12:32,15000.0,30.3,S
2021-07-09T11:12:31,2000.0,30.35,B
2021-07-09T11:12:23,5000.0,30.3,S
2021-07-09T11:12:15,700.0,30.4,B
2021-07-09T11:12:15,10300.0,30.4,B
2021-07-09T11:12:13,13300.0,30.3,S
2021-07-09T11:12:13,1200.0,30.35,S
2021-07-09T11:12:13,10500.0,30.35,S
2021-07-09T11:12:08,100.0,30.4,B
2021-07-09T11:12:07,500.0,30.4,B
2021-07-09T11:12:06,100.0,30.4,B
2021-07-09T11:12:04,9500.0,30.35,S
2021-07-09T11:12:04,1500.0,30.35,S
2021-07-09T11:12:04,300.0,30.35,S
2021-07-09T11:12:04,38700.0,30.35,S
2021-07-09T11:12:04,100.0,30.4,B
2021-07-09T11:12:03,500.0,30.4,B
2021-07-09T11:12:01,3400.0,30.35,S
2021-07-09T11:12:01,7000.0,30.4,B
2021-07-09T11:11:59,100.0,30.4,B
2021-07-09T11:11:55,1000.0,30.4,B
2021-07-09T11:11:53,5500.0,30.4,B
2021-07-09T11:11:53,500.0,30.4,B
2021-07-09T11:11:53,2000.0,30.4,B
2021-07-09T11:11:52,3000.0,30.4,B
2021-07-09T11:11:47,8000.0,30.4,B
2021-07-09T11:11:46,200.0,30.4,B
2021-07-09T11:11:46,2000.0,30.4,B
2021-07-09T11:11:44,2000.0,30.4,B
2021-07-09T11:11:41,2000.0,30.4,S
2021-07-09T11:11:41,10400.0,30.35,S
2021-07-09T11:11:41,1000.0,30.35,S
2021-07-09T11:11:41,13600.0,30.35,S
2021-07-09T11:11:40,3000.0,30.4,S
2021-07-09T11:11:35,100.0,30.4,S
2021-07-09T11:11:34,100.0,30.4,S
2021-07-09T11:11:30,1600.0,30.4,S
2021-07-09T11:11:30,10500.0,30.4,B
2021-07-09T11:11:30,300.0,30.4,B
2021-07-09T11:11:30,6500.0,30.4,B
2021-07-09T11:11:30,100.0,30.4,B
2021-07-09T11:11:30,12600.0,30.4,B
2021-07-09T11:11:30,200.0,30.35,S
2021-07-09T11:11:30,7400.0,30.35,S
2021-07-09T11:11:30,2100.0,30.35,S
2021-07-09T11:11:30,1900.0,30.35,S
2021-07-09T11:11:28,3600.0,30.35,S
2021-07-09T11:11:26,1500.0,30.35,S
2021-07-09T11:11:24,1000.0,30.35,S
2021-07-09T11:11:24,500.0,30.4,B
2021-07-09T11:11:23,200.0,30.4,B
2021-07-09T11:11:18,13000.0,30.35,S
2021-07-09T11:11:16,1000.0,30.4,B
2021-07-09T11:11:13,500.0,30.4,B
2021-07-09T11:11:10,100.0,30.4,B
2021-07-09T11:11:10,200.0,30.4,B
2021-07-09T11:11:10,100.0,30.4,B
2021-07-09T11:11:07,2000.0,30.4,B
2021-07-09T11:11:05,100.0,30.4,B
2021-07-09T11:11:05,1500.0,30.4,B
2021-07-09T11:11:04,100.0,30.4,B
2021-07-09T11:11:03,300.0,30.4,B
2021-07-09T11:10:58,100.0,30.4,B
2021-07-09T11:10:54,3700.0,30.4,B
2021-07-09T11:10:54,6200.0,30.4,B
2021-07-09T11:10:54,100.0,30.4,B
2021-07-09T11:10:54,15000.0,30.4,B
2021-07-09T11:10:54,100.0,30.4,B
2021-07-09T11:10:52,15700.0,30.4,B
2021-07-09T11:10:52,4300.0,30.4,B
2021-07-09T11:10:51,1000.0,30.4,B
2021-07-09T11:10:47,1000.0,30.4,B
2021-07-09T11:10:43,200.0,30.35,S
2021-07-09T11:10:43,1000.0,30.4,B
2021-07-09T11:10:43,200.0,30.4,B
2021-07-09T11:10:39,100.0,30.4,B
2021-07-09T11:10:33,800.0,30.4,B
2021-07-09T11:10:30,200.0,30.4,S
2021-07-09T11:10:30,100.0,30.4,S
2021-07-09T11:10:30,2000.0,30.4,S
2021-07-09T11:10:29,14300.0,30.4,S
2021-07-09T11:10:29,8600.0,30.45,B
2021-07-09T11:10:29,1400.0,30.45,B
2021-07-09T11:10:27,2200.0,30.4,S
2021-07-09T11:10:27,5000.0,30.4,S
2021-07-09T11:10:27,900.0,30.4,S
2021-07-09T11:10:27,3200.0,30.4,S
2021-07-09T11:10:27,100.0,30.4,S
2021-07-09T11:10:27,4800.0,30.4,S
2021-07-09T11:10:27,83800.0,30.4,S
2021-07-09T11:10:25,2000.0,30.4,S
2021-07-09T11:10:23,200.0,30.45,B
2021-07-09T11:10:15,1000.0,30.4,S
2021-07-09T11:10:15,2900.0,30.45,B
2021-07-09T11:10:15,200.0,30.45,B
2021-07-09T11:10:10,300.0,30.45,B
2021-07-09T11:10:02,300.0,30.45,B
2021-07-09T11:09:59,10000.0,30.45,B
2021-07-09T11:09:55,5000.0,30.45,B
2021-07-09T11:09:54,100.0,30.45,B
2021-07-09T11:09:53,5000.0,30.45,B
2021-07-09T11:09:53,2700.0,30.45,B
2021-07-09T11:09:51,1000.0,30.45,B
2021-07-09T11:09:48,300.0,30.45,B
2021-07-09T11:09:44,200.0,30.45,B
2021-07-09T11:09:42,900.0,30.45,B
2021-07-09T11:09:40,500.0,30.45,B
2021-07-09T11:09:38,300.0,30.45,B
2021-07-09T11:09:37,1000.0,30.4,S
2021-07-09T11:09:34,400.0,30.45,B
2021-07-09T11:09:31,200.0,30.45,B
2021-07-09T11:09:31,500.0,30.45,B
2021-07-09T11:09:28,1000.0,30.45,S
2021-07-09T11:09:26,100.0,30.45,S
2021-07-09T11:09:25,2000.0,30.45,S
2021-07-09T11:09:25,900.0,30.45,S
2021-07-09T11:09:25,5500.0,30.45,S
2021-07-09T11:09:25,1600.0,30.45,S
2021-07-09T11:09:25,1800.0,30.45,S
2021-07-09T11:09:25,2200.0,30.45,S
2021-07-09T11:09:22,3000.0,30.45,S
2021-07-09T11:09:21,500.0,30.45,S
2021-07-09T11:09:21,7000.0,30.45,S
2021-07-09T11:09:05,1000.0,30.45,S
2021-07-09T11:09:04,1000.0,30.5,B
2021-07-09T11:09:04,3000.0,30.5,B
2021-07-09T11:09:04,5000.0,30.5,B
2021-07-09T11:09:03,100.0,30.5,B
2021-07-09T11:09:03,500.0,30.5,B
2021-07-09T11:08:58,2000.0,30.45,S
2021-07-09T11:08:58,200.0,30.5,B
2021-07-09T11:08:54,1500.0,30.5,B
2021-07-09T11:08:53,900.0,30.5,B
2021-07-09T11:08:53,500.0,30.5,B
2021-07-09T11:08:53,4400.0,30.5,B
2021-07-09T11:08:42,30000.0,30.5,B
2021-07-09T11:08:40,2600.0,30.5,B
2021-07-09T11:08:38,100.0,30.5,B
2021-07-09T11:08:36,10000.0,30.5,B
2021-07-09T11:08:32,200.0,30.5,B
2021-07-09T11:08:30,500.0,30.5,B
2021-07-09T11:08:29,20000.0,30.5,B
2021-07-09T11:08:28,1000.0,30.5,B
2021-07-09T11:08:27,100.0,30.5,B
2021-07-09T11:08:27,1000.0,30.45,S
2021-07-09T11:08:26,100.0,30.5,B
2021-07-09T11:08:21,1300.0,30.5,B
2021-07-09T11:08:20,400.0,30.5,B
2021-07-09T11:08:17,30000.0,30.5,B
2021-07-09T11:08:06,30000.0,30.5,B
2021-07-09T11:07:58,1000.0,30.5,B
2021-07-09T11:07:52,500.0,30.45,S
2021-07-09T11:07:50,500.0,30.45,S
2021-07-09T11:07:46,1500.0,30.5,B
2021-07-09T11:07:39,300.0,30.45,S
2021-07-09T11:07:39,2000.0,30.5,B
2021-07-09T11:07:38,2000.0,30.5,B
2021-07-09T11:07:36,700.0,30.45,S
2021-07-09T11:07:34,1000.0,30.45,S
2021-07-09T11:07:31,2000.0,30.45,S
2021-07-09T11:07:26,35200.0,30.45,B
2021-07-09T11:07:25,100.0,30.4,B
2021-07-09T11:07:24,2300.0,30.4,B
2021-07-09T11:07:24,10000.0,30.4,B
2021-07-09T11:07:23,2600.0,30.4,B
2021-07-09T11:07:23,1000.0,30.4,B
2021-07-09T11:07:19,500.0,30.4,B
2021-07-09T11:07:19,200.0,30.4,B
2021-07-09T11:07:17,500.0,30.4,B
2021-07-09T11:07:15,100.0,30.4,B
2021-07-09T11:07:14,500.0,30.4,B
2021-07-09T11:07:13,1100.0,30.4,B
2021-07-09T11:07:11,100.0,30.4,S
2021-07-09T11:07:11,3000.0,30.4,S
2021-07-09T11:07:11,53000.0,30.4,S
2021-07-09T11:07:11,2000.0,30.45,B
2021-07-09T11:07:05,19200.0,30.45,B
2021-07-09T11:07:05,100100.0,30.45,B
2021-07-09T11:07:05,400.0,30.45,B
2021-07-09T11:07:05,80300.0,30.45,B
2021-07-09T11:06:59,1000.0,30.4,S
2021-07-09T11:06:59,2300.0,30.4,B
2021-07-09T11:06:58,1500.0,30.4,B
2021-07-09T11:06:57,5000.0,30.4,B
2021-07-09T11:06:57,14400.0,30.4,S
2021-07-09T11:06:57,26800.0,30.4,S
2021-07-09T11:06:46,100.0,30.4,S
2021-07-09T11:06:46,200.0,30.45,B
2021-07-09T11:06:43,5000.0,30.4,S
2021-07-09T11:06:38,300.0,30.4,S
2021-07-09T11:06:33,400.0,30.4,S
2021-07-09T11:06:31,200.0,30.4,B
2021-07-09T11:06:31,6300.0,30.4,B
2021-07-09T11:06:31,100.0,30.4,B
2021-07-09T11:06:31,27900.0,30.4,B
2021-07-09T11:06:31,2700.0,30.4,B
2021-07-09T11:06:29,5000.0,30.4,B
2021-07-09T11:06:29,4000.0,30.4,B
2021-07-09T11:06:27,1000.0,30.4,B
2021-07-09T11:06:26,500.0,30.4,B
2021-07-09T11:06:24,1000.0,30.35,S
2021-07-09T11:06:24,50000.0,30.4,B
2021-07-09T11:06:21,6000.0,30.4,B
2021-07-09T11:06:21,900.0,30.4,B
2021-07-09T11:06:19,1500.0,30.4,B
2021-07-09T11:06:14,13000.0,30.4,B
2021-07-09T11:06:13,100.0,30.4,B
2021-07-09T11:06:11,5000.0,30.4,B
2021-07-09T11:06:10,200.0,30.4,B
2021-07-09T11:06:09,3000.0,30.4,B
2021-07-09T11:06:08,200.0,30.4,B
2021-07-09T11:06:06,5000.0,30.4,B
2021-07-09T11:06:06,400.0,30.4,B
2021-07-09T11:06:03,300.0,30.4,B
2021-07-09T11:06:01,2000.0,30.4,B
2021-07-09T11:05:56,100.0,30.4,B
2021-07-09T11:05:56,4700.0,30.4,B
2021-07-09T11:05:55,100.0,30.4,B
2021-07-09T11:05:55,1000.0,30.4,B
2021-07-09T11:05:51,8000.0,30.4,B
2021-07-09T11:05:49,800.0,30.4,B
2021-07-09T11:05:43,1000.0,30.4,B
2021-07-09T11:05:41,100.0,30.4,B
2021-07-09T11:05:41,2000.0,30.4,B
2021-07-09T11:05:38,10000.0,30.4,B
2021-07-09T11:05:33,500.0,30.4,B
2021-07-09T11:05:32,700.0,30.4,B
2021-07-09T11:05:31,7200.0,30.4,B
2021-07-09T11:05:31,2800.0,30.4,B
2021-07-09T11:05:31,3900.0,30.4,B
2021-07-09T11:05:31,6100.0,30.4,B
2021-07-09T11:05:28,2000.0,30.4,B
2021-07-09T11:05:25,600.0,30.4,B
2021-07-09T11:05:25,100.0,30.4,B
2021-07-09T11:05:23,4300.0,30.4,B
2021-07-09T11:05:22,2000.0,30.4,B
2021-07-09T11:05:22,300.0,30.4,B
2021-07-09T11:05:21,500.0,30.4,B
2021-07-09T11:05:20,3600.0,30.4,B
2021-07-09T11:05:18,300.0,30.4,B
2021-07-09T11:05:17,1000.0,30.4,B
2021-07-09T11:05:16,500.0,30.4,B
2021-07-09T11:05:10,100.0,30.4,B
2021-07-09T11:05:06,200.0,30.4,B
2021-07-09T11:05:06,3300.0,30.4,B
2021-07-09T11:05:06,2000.0,30.35,S
2021-07-09T11:05:03,1500.0,30.35,S
2021-07-09T11:05:02,500.0,30.4,B
2021-07-09T11:05:00,200.0,30.4,B
2021-07-09T11:04:57,10000.0,30.4,B
2021-07-09T11:04:54,2100.0,30.4,B
2021-07-09T11:04:54,700.0,30.35,B
2021-07-09T11:04:52,100.0,30.35,B
2021-07-09T11:04:47,100.0,30.35,B
2021-07-09T11:04:45,400.0,30.35,B
2021-07-09T11:04:43,67800.0,30.4,B
2021-07-09T11:04:43,101100.0,30.35,B
2021-07-09T11:04:43,100.0,30.35,B
2021-07-09T11:04:43,31000.0,30.35,B
2021-07-09T11:04:40,100.0,30.35,B
2021-07-09T11:04:40,10000.0,30.35,B
2021-07-09T11:04:35,5000.0,30.35,B
2021-07-09T11:04:33,2000.0,30.35,B
2021-07-09T11:04:28,5000.0,30.35,B
2021-07-09T11:04:27,1000.0,30.35,B
2021-07-09T11:04:25,2000.0,30.35,B
2021-07-09T11:04:23,1000.0,30.35,B
2021-07-09T11:04:22,6000.0,30.35,B
2021-07-09T11:04:20,400.0,30.35,B
2021-07-09T11:04:19,105000.0,30.3,S
2021-07-09T11:04:17,2000.0,30.35,B
2021-07-09T11:04:14,100.0,30.35,B
2021-07-09T11:04:12,6000.0,30.35,B
2021-07-09T11:04:12,20000.0,30.35,B
2021-07-09T11:04:08,1900.0,30.3,S
2021-07-09T11:04:03,100.0,30.3,S
2021-07-09T11:04:03,1000.0,30.35,B
2021-07-09T11:03:56,300.0,30.35,B
2021-07-09T11:03:42,177000.0,30.3,B
2021-07-09T11:03:35,300.0,30.3,B
2021-07-09T11:03:30,1000.0,30.3,B
2021-07-09T11:03:30,2100.0,30.3,B
2021-07-09T11:03:28,10700.0,30.3,S
2021-07-09T11:03:28,5000.0,30.3,S
2021-07-09T11:03:28,14900.0,30.3,S
2021-07-09T11:03:22,1000.0,30.3,B
2021-07-09T11:03:22,300.0,30.3,B
2021-07-09T11:03:22,700.0,30.3,B
2021-07-09T11:03:22,1300.0,30.3,B
2021-07-09T11:03:22,4500.0,30.3,B
2021-07-09T11:03:22,1300.0,30.3,B
2021-07-09T11:03:21,100.0,30.25,S
2021-07-09T11:03:21,400.0,30.3,B
2021-07-09T11:03:21,100.0,30.3,B
2021-07-09T11:03:13,100.0,30.3,B
2021-07-09T11:03:13,900.0,30.3,B
2021-07-09T11:03:13,1800.0,30.3,B
2021-07-09T11:03:13,2000.0,30.3,B
2021-07-09T11:03:13,1400.0,30.3,B
2021-07-09T11:03:13,2100.0,30.3,B
2021-07-09T11:03:13,200.0,30.3,B
2021-07-09T11:03:13,3000.0,30.3,B
2021-07-09T11:03:13,1000.0,30.3,B
2021-07-09T11:03:13,3300.0,30.3,B
2021-07-09T11:03:13,50100.0,30.3,B
2021-07-09T11:03:13,200.0,30.3,B
2021-07-09T11:03:12,4000.0,30.25,S
2021-07-09T11:03:12,2500.0,30.25,S
2021-07-09T11:03:12,93500.0,30.25,S
2021-07-09T11:03:10,99900.0,30.3,B
2021-07-09T11:03:10,600.0,30.3,B
2021-07-09T11:03:10,199500.0,30.3,B
2021-07-09T11:03:08,300.0,30.3,B
2021-07-09T11:03:08,500.0,30.25,S
2021-07-09T11:03:08,100.0,30.3,B
2021-07-09T11:03:07,1000.0,30.3,B
2021-07-09T11:03:05,700.0,30.3,B
2021-07-09T11:03:04,1100.0,30.3,B
2021-07-09T11:03:03,900.0,30.3,B
2021-07-09T11:02:54,3000.0,30.3,B
2021-07-09T11:02:51,700.0,30.3,B
2021-07-09T11:02:50,1200.0,30.3,B
2021-07-09T11:02:44,3000.0,30.3,B
2021-07-09T11:02:26,100.0,30.3,B
2021-07-09T11:02:16,9700.0,30.25,B
2021-07-09T11:02:15,40000.0,30.25,B
2021-07-09T11:02:12,500.0,30.25,B
2021-07-09T11:02:12,200.0,30.25,B
2021-07-09T11:02:11,10000.0,30.25,B
2021-07-09T11:02:10,3500.0,30.25,B
2021-07-09T11:02:08,100.0,30.25,B
2021-07-09T11:02:08,4300.0,30.25,S
2021-07-09T11:02:08,5700.0,30.25,S
2021-07-09T11:02:08,1300.0,30.25,S
2021-07-09T11:02:08,7000.0,30.25,S
2021-07-09T11:02:08,6100.0,30.25,S
2021-07-09T11:02:08,10300.0,30.25,S
2021-07-09T11:02:08,1000.0,30.25,S
2021-07-09T11:02:08,300.0,30.25,S
2021-07-09T11:02:03,3000.0,30.3,B
2021-07-09T11:02:03,100.0,30.25,S
2021-07-09T11:01:51,300.0,30.3,B
2021-07-09T11:01:50,100.0,30.3,B
2021-07-09T11:01:49,500.0,30.25,S
2021-07-09T11:01:49,300.0,30.3,B
2021-07-09T11:01:48,600.0,30.3,B
2021-07-09T11:01:47,500.0,30.3,B
2021-07-09T11:01:44,1900.0,30.3,B
2021-07-09T11:01:41,5000.0,30.3,B
2021-07-09T11:01:41,1100.0,30.3,B
2021-07-09T11:01:38,100.0,30.3,B
2021-07-09T11:01:38,100.0,30.3,B
2021-07-09T11:01:35,2300.0,30.3,B
2021-07-09T11:01:34,300.0,30.3,B
2021-07-09T11:01:15,3900.0,30.3,B
2021-07-09T11:01:15,500.0,30.3,B
2021-07-09T11:01:15,2000.0,30.3,B
2021-07-09T11:01:01,200.0,30.25,S
2021-07-09T11:00:54,100.0,30.25,S
2021-07-09T11:00:48,100.0,30.25,S
2021-07-09T11:00:45,100.0,30.25,S
2021-07-09T11:00:44,1000.0,30.25,B
2021-07-09T11:00:44,600.0,30.25,B
2021-07-09T11:00:44,2300.0,30.25,B
2021-07-09T11:00:44,1100.0,30.25,B
2021-07-09T11:00:44,900.0,30.25,B
2021-07-09T11:00:44,500.0,30.25,B
2021-07-09T11:00:44,25100.0,30.25,B
2021-07-09T11:00:41,400.0,30.25,B
2021-07-09T11:00:38,1000.0,30.25,B
2021-07-09T11:00:37,4000.0,30.25,B
2021-07-09T11:00:36,5900.0,30.25,B
2021-07-09T11:00:36,2000.0,30.25,B
2021-07-09T11:00:34,2000.0,30.25,B
2021-07-09T11:00:31,3000.0,30.25,B
2021-07-09T11:00:31,1100.0,30.25,B
2021-07-09T11:00:31,1700.0,30.25,B
2021-07-09T11:00:30,3000.0,30.25,B
2021-07-09T11:00:28,4600.0,30.25,B
2021-07-09T11:00:28,20000.0,30.25,B
2021-07-09T11:00:25,100.0,30.2,S
2021-07-09T11:00:24,1200.0,30.25,B
2021-07-09T11:00:21,200.0,30.25,B
2021-07-09T11:00:21,1000.0,30.25,B
2021-07-09T11:00:21,18800.0,30.25,B
2021-07-09T11:00:18,1500.0,30.25,B
2021-07-09T11:00:18,100.0,30.25,B
2021-07-09T11:00:16,4600.0,30.25,B
2021-07-09T11:00:15,7000.0,30.25,B
2021-07-09T11:00:14,3500.0,30.25,B
2021-07-09T11:00:14,3100.0,30.25,B
2021-07-09T11:00:14,2000.0,30.25,B
2021-07-09T11:00:14,8000.0,30.25,B
2021-07-09T11:00:13,1000.0,30.25,B
2021-07-09T11:00:10,10000.0,30.25,B
2021-07-09T11:00:09,3400.0,30.25,B
2021-07-09T11:00:08,1000.0,30.25,B
2021-07-09T11:00:07,1000.0,30.25,B
2021-07-09T11:00:07,3000.0,30.25,B
2021-07-09T11:00:04,1000.0,30.25,B
2021-07-09T11:00:04,1000.0,30.25,B
2021-07-09T11:00:04,300.0,30.25,B
2021-07-09T11:00:03,3000.0,30.25,B
2021-07-09T11:00:01,5000.0,30.25,B
2021-07-09T11:00:01,11100.0,30.25,B
2021-07-09T11:00:00,13900.0,30.25,B
2021-07-09T11:00:00,3100.0,30.25,B
2021-07-09T11:00:00,6200.0,30.25,B
2021-07-09T11:00:00,20100.0,30.25,B
2021-07-09T11:00:00,100.0,30.25,B
2021-07-09T11:00:00,38100.0,30.25,B
2021-07-09T10:59:59,20000.0,30.25,B
2021-07-09T10:59:54,200.0,30.25,B
2021-07-09T10:59:54,1000.0,30.25,B
2021-07-09T10:59:52,2000.0,30.25,B
2021-07-09T10:59:50,500.0,30.25,B
2021-07-09T10:59:47,700.0,30.25,B
2021-07-09T10:59:46,10000.0,30.25,B
2021-07-09T10:59:45,5000.0,30.25,B
2021-07-09T10:59:43,100000.0,30.25,B
2021-07-09T10:59:35,200.0,30.25,B
2021-07-09T10:59:33,1000.0,30.25,B
2021-07-09T10:59:30,200.0,30.25,B
2021-07-09T10:59:28,1000.0,30.25,B
2021-07-09T10:59:28,100.0,30.25,B
2021-07-09T10:59:21,100.0,30.25,B
2021-07-09T10:59:16,100.0,30.25,B
2021-07-09T10:59:11,100.0,30.25,B
2021-07-09T10:58:56,2000.0,30.25,B
2021-07-09T10:58:50,2600.0,30.2,S
2021-07-09T10:58:49,1000.0,30.2,B
2021-07-09T10:58:49,200.0,30.2,B
2021-07-09T10:58:49,2600.0,30.2,B
2021-07-09T10:58:49,6900.0,30.2,B
2021-07-09T10:58:49,4100.0,30.2,B
2021-07-09T10:58:49,1400.0,30.2,B
2021-07-09T10:58:49,13500.0,30.2,B
2021-07-09T10:58:49,5100.0,30.2,B
2021-07-09T10:58:49,5200.0,30.2,B
2021-07-09T10:58:49,5000.0,30.2,B
2021-07-09T10:58:49,10200.0,30.2,B
2021-07-09T10:58:49,4000.0,30.2,B
2021-07-09T10:58:49,300.0,30.2,B
2021-07-09T10:58:49,6400.0,30.2,B
2021-07-09T10:58:49,4200.0,30.2,B
2021-07-09T10:58:49,3000.0,30.2,B
2021-07-09T10:58:49,1200.0,30.2,B
2021-07-09T10:58:49,400.0,30.2,B
2021-07-09T10:58:49,1200.0,30.2,B
2021-07-09T10:58:45,100.0,30.2,B
2021-07-09T10:58:45,1200.0,30.2,B
2021-07-09T10:58:45,2100.0,30.2,B
2021-07-09T10:58:45,12400.0,30.2,B
2021-07-09T10:58:45,100.0,30.2,B
2021-07-09T10:58:45,4100.0,30.2,B
2021-07-09T10:58:44,5000.0,30.2,B
2021-07-09T10:58:40,800.0,30.2,B
2021-07-09T10:58:38,300.0,30.2,B
2021-07-09T10:58:36,3000.0,30.2,B
2021-07-09T10:58:35,1800.0,30.2,B
2021-07-09T10:58:30,10200.0,30.2,B
2021-07-09T10:58:30,21200.0,30.2,B
2021-07-09T10:58:30,2500.0,30.2,B
2021-07-09T10:58:30,700.0,30.2,B
2021-07-09T10:58:30,65400.0,30.2,B
2021-07-09T10:58:28,6000.0,30.2,B
2021-07-09T10:58:28,3000.0,30.2,B
2021-07-09T10:58:25,10000.0,30.2,B
2021-07-09T10:58:13,2000.0,30.2,B
2021-07-09T10:58:08,200.0,30.2,B
2021-07-09T10:58:01,3600.0,30.2,B
2021-07-09T10:57:56,50000.0,30.2,B
2021-07-09T10:57:55,600.0,30.2,B
2021-07-09T10:57:51,1000.0,30.2,B
2021-07-09T10:57:40,2000.0,30.15,S
2021-07-09T10:57:40,700.0,30.2,B
2021-07-09T10:57:36,200.0,30.15,S
2021-07-09T10:57:33,100.0,30.15,S
2021-07-09T10:57:32,700.0,30.2,B
2021-07-09T10:57:30,20000.0,30.15,S
2021-07-09T10:57:25,1000.0,30.15,S
2021-07-09T10:57:13,15000.0,30.15,S
2021-07-09T10:57:13,2000.0,30.15,S
2021-07-09T10:57:09,500.0,30.15,S
2021-07-09T10:57:09,2000.0,30.15,S
2021-07-09T10:57:09,1700.0,30.15,B
2021-07-09T10:57:04,200.0,30.15,B
2021-07-09T10:57:03,100.0,30.15,B
2021-07-09T10:56:56,33000.0,30.2,B
2021-07-09T10:56:56,1200.0,30.2,B
2021-07-09T10:56:56,300.0,30.2,B
2021-07-09T10:56:56,100.0,30.2,B
2021-07-09T10:56:56,5400.0,30.2,B
2021-07-09T10:56:56,100000.0,30.2,B
2021-07-09T10:56:56,10000.0,30.2,B
2021-07-09T10:56:56,800.0,30.2,B
2021-07-09T10:56:56,1100.0,30.2,B
2021-07-09T10:56:56,3100.0,30.2,B
2021-07-09T10:56:56,2500.0,30.2,B
2021-07-09T10:56:56,100.0,30.2,B
2021-07-09T10:56:56,22000.0,30.15,B
2021-07-09T10:56:56,20400.0,30.15,B
2021-07-09T10:56:52,600.0,30.15,S
2021-07-09T10:56:52,74000.0,30.15,S
2021-07-09T10:56:51,1000.0,30.15,S
2021-07-09T10:56:50,10000.0,30.15,S
2021-07-09T10:56:43,500.0,30.15,S
2021-07-09T10:56:43,10000.0,30.15,S
2021-07-09T10:56:41,20000.0,30.15,S
2021-07-09T10:56:40,100.0,30.15,S
2021-07-09T10:56:39,300.0,30.15,S
2021-07-09T10:56:31,2000.0,30.2,B
2021-07-09T10:56:22,2000.0,30.15,S
2021-07-09T10:56:15,800.0,30.15,S
2021-07-09T10:56:06,200000.0,30.15,S
2021-07-09T10:55:56,4000.0,30.15,S
2021-07-09T10:55:55,200.0,30.15,S
2021-07-09T10:55:51,300.0,30.2,B
2021-07-09T10:55:43,10000.0,30.15,S
2021-07-09T10:55:40,1500.0,30.15,S
2021-07-09T10:55:39,3000.0,30.15,S
2021-07-09T10:55:36,600.0,30.15,S
2021-07-09T10:55:34,1000.0,30.15,S
2021-07-09T10:55:33,1000.0,30.15,S
2021-07-09T10:55:32,1000.0,30.15,S
2021-07-09T10:55:31,900.0,30.15,S
2021-07-09T10:55:23,1800.0,30.15,S
2021-07-09T10:55:23,700.0,30.15,S
2021-07-09T10:55:23,200.0,30.15,S
2021-07-09T10:55:23,3500.0,30.15,S
2021-07-09T10:55:23,1200.0,30.15,S
2021-07-09T10:55:23,600.0,30.15,S
2021-07-09T10:55:23,2100.0,30.15,S
2021-07-09T10:55:23,1500.0,30.15,S
2021-07-09T10:55:23,81800.0,30.15,S
2021-07-09T10:55:23,106600.0,30.15,S
2021-07-09T10:55:20,2000.0,30.15,S
2021-07-09T10:55:08,900.0,30.2,B
2021-07-09T10:55:04,200.0,30.15,S
2021-07-09T10:55:01,100.0,30.15,S
2021-07-09T10:55:00,1000.0,30.15,S
2021-07-09T10:54:58,2000.0,30.15,S
2021-07-09T10:54:54,200.0,30.15,S
2021-07-09T10:54:50,1000.0,30.15,S
2021-07-09T10:54:44,800.0,30.15,S
2021-07-09T10:54:41,2000.0,30.15,S
2021-07-09T10:54:41,10000.0,30.15,S
2021-07-09T10:54:36,5000.0,30.15,S
2021-07-09T10:54:06,3000.0,30.15,S
2021-07-09T10:53:54,600.0,30.15,S
2021-07-09T10:53:52,2000.0,30.15,S
2021-07-09T10:53:48,600.0,30.15,S
2021-07-09T10:53:47,100.0,30.2,B
2021-07-09T10:53:46,300.0,30.2,B
2021-07-09T10:53:44,100.0,30.15,S
2021-07-09T10:53:14,4000.0,30.15,S
2021-07-09T10:53:11,100.0,30.2,B
2021-07-09T10:53:10,300.0,30.15,S
2021-07-09T10:53:05,1300.0,30.15,S
2021-07-09T10:53:03,30000.0,30.2,B
2021-07-09T10:52:50,5000.0,30.2,B
2021-07-09T10:52:48,2000.0,30.15,S
2021-07-09T10:52:36,7000.0,30.15,S
2021-07-09T10:52:34,100.0,30.2,B
2021-07-09T10:52:32,200.0,30.15,S
2021-07-09T10:52:28,1000.0,30.15,S
2021-07-09T10:52:27,7400.0,30.15,S
2021-07-09T10:52:25,100.0,30.1,S
2021-07-09T10:52:21,100.0,30.15,B
2021-07-09T10:52:21,3400.0,30.15,B
2021-07-09T10:52:21,8000.0,30.15,B
2021-07-09T10:52:18,400.0,30.15,B
2021-07-09T10:52:14,100.0,30.15,B
2021-07-09T10:52:13,5000.0,30.15,B
2021-07-09T10:52:10,100.0,30.15,B
2021-07-09T10:52:08,800.0,30.15,S
2021-07-09T10:52:06,170000.0,30.2,B
2021-07-09T10:52:04,100.0,30.15,B
2021-07-09T10:52:03,400.0,30.15,B
2021-07-09T10:52:03,2000.0,30.15,B
2021-07-09T10:52:02,2000.0,30.15,B
2021-07-09T10:52:00,3000.0,30.15,B
2021-07-09T10:52:00,100.0,30.15,B
2021-07-09T10:51:59,100.0,30.15,B
2021-07-09T10:51:59,3500.0,30.1,S
2021-07-09T10:51:55,600.0,30.15,B
2021-07-09T10:51:52,100.0,30.15,B
2021-07-09T10:51:50,15600.0,30.15,S
2021-07-09T10:51:47,5000.0,30.15,S
2021-07-09T10:51:33,2000.0,30.2,B
2021-07-09T10:51:26,200.0,30.15,S
2021-07-09T10:51:14,2000.0,30.2,B
2021-07-09T10:50:58,10000.0,30.2,B
2021-07-09T10:50:51,2600.0,30.2,B
2021-07-09T10:50:49,1000.0,30.2,B
2021-07-09T10:50:45,100.0,30.15,S
2021-07-09T10:50:44,100.0,30.15,S
2021-07-09T10:50:43,100.0,30.15,S
2021-07-09T10:50:41,1000.0,30.15,S
2021-07-09T10:50:40,200.0,30.15,S
2021-07-09T10:50:35,27000.0,30.1,S
2021-07-09T10:50:35,11500.0,30.1,S
2021-07-09T10:50:35,29300.0,30.1,S
2021-07-09T10:50:35,100.0,30.1,S
2021-07-09T10:50:35,200.0,30.1,S
2021-07-09T10:50:35,17300.0,30.1,S
2021-07-09T10:50:35,2100.0,30.1,S
2021-07-09T10:50:35,1600.0,30.1,S
2021-07-09T10:50:35,2600.0,30.1,S
2021-07-09T10:50:35,400.0,30.1,S
2021-07-09T10:50:35,107900.0,30.1,S
2021-07-09T10:50:31,900.0,30.15,B
2021-07-09T10:50:31,200.0,30.15,B
2021-07-09T10:50:31,3600.0,30.15,B
2021-07-09T10:50:31,10300.0,30.15,B
2021-07-09T10:50:30,10000.0,30.15,B
2021-07-09T10:50:28,500.0,30.15,B
2021-07-09T10:50:28,500.0,30.15,B
2021-07-09T10:50:25,600.0,30.15,B
2021-07-09T10:50:25,5000.0,30.15,B
2021-07-09T10:50:23,500.0,30.15,B
2021-07-09T10:50:22,2000.0,30.15,B
2021-07-09T10:50:22,10700.0,30.15,B
2021-07-09T10:50:22,7300.0,30.15,B
2021-07-09T10:50:22,100.0,30.15,B
2021-07-09T10:50:21,1000.0,30.15,B
2021-07-09T10:50:19,300.0,30.15,B
2021-07-09T10:50:12,2800.0,30.15,B
2021-07-09T10:50:12,2200.0,30.15,B
2021-07-09T10:50:10,1600.0,30.15,B
2021-07-09T10:50:10,2000.0,30.15,B
2021-07-09T10:50:08,400.0,30.15,B
2021-07-09T10:50:07,500.0,30.15,B
2021-07-09T10:50:06,100.0,30.15,B
2021-07-09T10:50:01,100000.0,30.15,B
2021-07-09T10:50:01,100.0,30.15,B
2021-07-09T10:49:52,100.0,30.15,B
2021-07-09T10:49:49,100.0,30.15,B
2021-07-09T10:49:45,3500.0,30.1,S
2021-07-09T10:49:44,900.0,30.15,B
2021-07-09T10:49:44,300.0,30.1,S
2021-07-09T10:49:41,300.0,30.15,B
2021-07-09T10:49:38,1500.0,30.15,B
2021-07-09T10:49:28,300.0,30.15,B
2021-07-09T10:49:16,5700.0,30.1,S
2021-07-09T10:49:11,700.0,30.15,B
2021-07-09T10:49:06,1000.0,30.1,S
2021-07-09T10:49:05,1500.0,30.15,B
2021-07-09T10:49:03,100.0,30.1,S
2021-07-09T10:48:57,1300.0,30.15,B
2021-07-09T10:48:54,100.0,30.1,S
2021-07-09T10:48:52,200.0,30.15,B
2021-07-09T10:48:50,1200.0,30.1,S
2021-07-09T10:48:45,300.0,30.1,S
2021-07-09T10:48:40,300.0,30.15,B
2021-07-09T10:48:36,700.0,30.15,B
2021-07-09T10:48:22,3000.0,30.1,S
2021-07-09T10:48:19,2900.0,30.15,B
2021-07-09T10:48:05,200.0,30.1,S
2021-07-09T10:48:03,10000.0,30.1,S
2021-07-09T10:48:02,200.0,30.15,B
2021-07-09T10:48:02,200.0,30.15,B
2021-07-09T10:47:58,139000.0,30.15,B
2021-07-09T10:47:58,5200.0,30.1,S
2021-07-09T10:47:43,200.0,30.1,S
2021-07-09T10:47:39,5700.0,30.15,B
2021-07-09T10:47:38,9300.0,30.15,B
2021-07-09T10:47:35,2000.0,30.1,B
2021-07-09T10:47:32,400.0,30.05,S
2021-07-09T10:47:30,1500.0,30.1,B
2021-07-09T10:47:28,500.0,30.1,B
2021-07-09T10:47:28,400.0,30.05,S
2021-07-09T10:47:24,8300.0,30.1,S
2021-07-09T10:47:21,50000.0,30.1,S
2021-07-09T10:47:13,700.0,30.1,S
2021-07-09T10:47:12,50000.0,30.15,B
2021-07-09T10:47:08,100.0,30.1,S
2021-07-09T10:47:01,1000.0,30.1,S
2021-07-09T10:46:58,100.0,30.15,B
2021-07-09T10:46:53,300.0,30.1,B
2021-07-09T10:46:53,600.0,30.1,B
2021-07-09T10:46:50,200.0,30.1,B
2021-07-09T10:46:49,300.0,30.1,B
2021-07-09T10:46:44,100.0,30.1,B
2021-07-09T10:46:44,2800.0,30.1,S
2021-07-09T10:46:42,600.0,30.1,S
2021-07-09T10:46:41,5400.0,30.1,S
2021-07-09T10:46:38,100.0,30.1,B
2021-07-09T10:46:38,100.0,30.1,B
2021-07-09T10:46:38,900.0,30.1,B
2021-07-09T10:46:29,500.0,30.1,B
2021-07-09T10:46:27,100.0,30.1,B
2021-07-09T10:46:26,300.0,30.1,B
2021-07-09T10:46:26,6000.0,30.1,B
2021-07-09T10:46:21,2400.0,30.1,B
2021-07-09T10:46:21,3100.0,30.1,B
2021-07-09T10:46:21,6000.0,30.1,B
2021-07-09T10:46:21,8900.0,30.1,B
2021-07-09T10:46:21,1400.0,30.1,B
2021-07-09T10:46:21,3400.0,30.1,B
2021-07-09T10:46:21,5100.0,30.1,B
2021-07-09T10:46:20,10000.0,30.1,B
2021-07-09T10:46:18,500.0,30.1,B
2021-07-09T10:46:17,4000.0,30.1,B
2021-07-09T10:46:15,12500.0,30.1,B
2021-07-09T10:46:14,1000.0,30.1,B
2021-07-09T10:46:12,5000.0,30.1,B
2021-07-09T10:46:10,1000.0,30.1,B
2021-07-09T10:46:08,3000.0,30.05,S
2021-07-09T10:46:07,5000.0,30.1,B
2021-07-09T10:46:03,3000.0,30.1,B
2021-07-09T10:46:02,5500.0,30.1,B
2021-07-09T10:45:57,200.0,30.1,B
2021-07-09T10:45:55,10000.0,30.1,B
2021-07-09T10:45:55,500.0,30.05,S
2021-07-09T10:45:53,100.0,30.1,B
2021-07-09T10:45:48,500.0,30.1,B
2021-07-09T10:45:38,8400.0,30.05,S
2021-07-09T10:45:30,1800.0,30.05,S
2021-07-09T10:45:30,1300.0,30.05,B
2021-07-09T10:45:29,300.0,30.05,B
2021-07-09T10:45:29,40500.0,30.05,S
2021-07-09T10:45:29,6100.0,30.05,S
2021-07-09T10:45:23,1100.0,30.05,S
2021-07-09T10:45:18,1200.0,30.05,B
2021-07-09T10:45:15,2000.0,30.05,B
2021-07-09T10:45:15,900.0,30.05,B
2021-07-09T10:45:14,1000.0,30.05,B
2021-07-09T10:45:13,4000.0,30.05,B
2021-07-09T10:45:11,100.0,30.05,B
2021-07-09T10:45:11,1000.0,30.05,B
2021-07-09T10:45:10,4100.0,30.05,S
2021-07-09T10:45:10,1000.0,30.05,S
2021-07-09T10:45:04,4000.0,30.1,B
2021-07-09T10:45:01,4000.0,30.05,B
2021-07-09T10:44:59,300.0,30.05,B
2021-07-09T10:44:53,500.0,30.05,B
2021-07-09T10:44:50,500.0,30.0,S
2021-07-09T10:44:48,1300.0,30.05,S
2021-07-09T10:44:47,27000.0,30.05,S
2021-07-09T10:44:47,46900.0,30.05,S
2021-07-09T10:44:46,6300.0,30.05,S
2021-07-09T10:44:36,10000.0,30.05,S
2021-07-09T10:44:31,1000.0,30.1,B
2021-07-09T10:44:29,10000.0,30.1,B
2021-07-09T10:44:14,100.0,30.1,B
2021-07-09T10:44:11,1000.0,30.1,B
2021-07-09T10:44:06,1300.0,30.05,S
2021-07-09T10:44:06,7200.0,30.05,S
2021-07-09T10:44:00,200.0,30.1,B
2021-07-09T10:43:52,200.0,30.1,B
2021-07-09T10:43:42,1000.0,30.1,B
2021-07-09T10:43:39,3000.0,30.1,B
2021-07-09T10:43:36,200.0,30.1,B
2021-07-09T10:43:34,500.0,30.1,B
2021-07-09T10:43:32,1000.0,30.1,B
2021-07-09T10:43:18,10000.0,30.1,B
2021-07-09T10:43:16,500.0,30.1,B
2021-07-09T10:43:15,14000.0,30.1,B
2021-07-09T10:43:05,10000.0,30.05,S
2021-07-09T10:43:03,500.0,30.1,B
2021-07-09T10:43:01,1000.0,30.1,B
2021-07-09T10:42:56,100.0,30.05,S
2021-07-09T10:42:55,1000.0,30.1,B
2021-07-09T10:42:55,600.0,30.1,B
2021-07-09T10:42:53,700.0,30.05,S
2021-07-09T10:42:24,1000.0,30.05,S
2021-07-09T10:42:18,4200.0,30.05,S
2021-07-09T10:42:16,500.0,30.05,S
2021-07-09T10:42:02,3000.0,30.05,S
2021-07-09T10:42:02,2000.0,30.1,B
2021-07-09T10:42:01,200.0,30.05,S
2021-07-09T10:41:50,400.0,30.05,S
2021-07-09T10:41:48,6500.0,30.05,B
2021-07-09T10:41:43,100.0,30.05,B
2021-07-09T10:41:39,300.0,30.05,B
2021-07-09T10:41:37,500.0,30.05,B
2021-07-09T10:41:34,1000.0,30.05,B
2021-07-09T10:41:33,5500.0,30.05,B
2021-07-09T10:41:30,200.0,30.05,B
2021-07-09T10:41:30,2000.0,30.05,B
2021-07-09T10:41:29,500.0,30.05,B
2021-07-09T10:41:28,500.0,30.05,B
2021-07-09T10:41:26,200.0,30.05,B
2021-07-09T10:41:25,500.0,30.05,B
2021-07-09T10:41:25,1000.0,30.05,B
2021-07-09T10:41:23,100.0,30.05,B
2021-07-09T10:41:21,800.0,30.0,S
2021-07-09T10:41:18,500.0,30.05,B
2021-07-09T10:41:14,3500.0,30.05,B
2021-07-09T10:41:13,1000.0,30.05,B
2021-07-09T10:41:06,5400.0,30.0,S
2021-07-09T10:41:05,600.0,30.0,S
2021-07-09T10:41:04,3500.0,30.05,B
2021-07-09T10:40:55,7000.0,30.0,S
2021-07-09T10:40:04,3900.0,30.0,S
2021-07-09T10:39:52,2000.0,30.0,S
2021-07-09T10:39:49,2500.0,30.0,B
2021-07-09T10:39:49,11800.0,30.0,B
2021-07-09T10:39:49,1800.0,30.0,B
2021-07-09T10:39:49,19200.0,30.0,B
2021-07-09T10:39:47,500.0,30.0,B
2021-07-09T10:39:44,10000.0,30.0,B
2021-07-09T10:39:43,3000.0,30.0,B
2021-07-09T10:39:41,100.0,30.0,B
2021-07-09T10:39:40,300.0,30.0,B
2021-07-09T10:39:36,1000.0,30.0,B
2021-07-09T10:39:35,600.0,30.0,B
2021-07-09T10:39:30,100.0,30.0,B
2021-07-09T10:39:30,1000.0,30.0,B
2021-07-09T10:39:29,500.0,30.0,B
2021-07-09T10:39:26,5000.0,30.0,B
2021-07-09T10:39:25,500.0,30.0,B
2021-07-09T10:39:24,100.0,30.0,B
2021-07-09T10:39:22,500.0,30.0,B
2021-07-09T10:39:19,100.0,30.0,B
2021-07-09T10:39:14,500.0,30.0,B
2021-07-09T10:39:13,900.0,30.0,B
2021-07-09T10:39:13,10000.0,30.0,B
2021-07-09T10:39:10,200.0,30.0,B
2021-07-09T10:39:08,300.0,30.0,B
2021-07-09T10:39:04,100.0,30.0,B
2021-07-09T10:39:00,1000.0,30.0,B
2021-07-09T10:39:00,200.0,30.0,B
2021-07-09T10:39:00,200.0,30.0,B
2021-07-09T10:38:56,25000.0,30.0,B
2021-07-09T10:38:54,800.0,30.0,B
2021-07-09T10:38:54,1000.0,30.0,B
2021-07-09T10:38:53,1000.0,30.0,B
2021-07-09T10:38:52,900.0,30.0,B
2021-07-09T10:38:47,1000.0,30.0,B
2021-07-09T10:38:46,300.0,30.0,B
2021-07-09T10:38:46,2000.0,30.0,B
2021-07-09T10:38:45,3000.0,30.0,B
2021-07-09T10:38:44,200.0,30.0,B
2021-07-09T10:38:41,200.0,30.0,B
2021-07-09T10:38:38,400.0,30.0,B
2021-07-09T10:38:37,200.0,30.0,B
2021-07-09T10:38:36,1000.0,30.0,B
2021-07-09T10:38:33,300.0,30.0,B
2021-07-09T10:38:31,10000.0,30.0,B
2021-07-09T10:38:29,2000.0,30.0,B
2021-07-09T10:38:25,100.0,30.0,B
2021-07-09T10:38:21,200.0,30.0,B
2021-07-09T10:38:21,100.0,30.0,B
2021-07-09T10:38:20,100.0,30.0,B
2021-07-09T10:38:15,200.0,30.0,B
2021-07-09T10:38:13,500.0,30.0,B
2021-07-09T10:38:10,3000.0,30.0,B
2021-07-09T10:38:10,1000.0,30.0,B
2021-07-09T10:38:04,1000.0,30.0,B
2021-07-09T10:38:03,2000.0,30.0,B
2021-07-09T10:38:02,100.0,30.0,B
2021-07-09T10:37:56,2000.0,30.0,B
2021-07-09T10:37:55,5000.0,30.0,B
2021-07-09T10:37:54,100.0,30.0,B
2021-07-09T10:37:49,100.0,30.0,B
2021-07-09T10:37:49,200.0,30.0,B
2021-07-09T10:37:49,300.0,30.0,B
2021-07-09T10:37:49,3000.0,30.0,B
2021-07-09T10:37:45,1000.0,30.0,B
2021-07-09T10:37:29,5000.0,30.0,B
2021-07-09T10:37:24,300.0,30.0,B
2021-07-09T10:37:23,10100.0,30.0,B
2021-07-09T10:37:14,4900.0,30.0,S
2021-07-09T10:37:14,1100.0,30.0,S
2021-07-09T10:37:14,1700.0,30.0,S
2021-07-09T10:37:14,700.0,30.0,S
2021-07-09T10:37:14,2100.0,30.0,S
2021-07-09T10:37:14,17500.0,30.0,S
2021-07-09T10:37:09,12900.0,30.0,S
2021-07-09T10:36:51,1300.0,30.0,S
2021-07-09T10:36:51,8500.0,30.0,S
2021-07-09T10:36:51,1700.0,30.0,S
2021-07-09T10:36:51,700.0,30.0,S
2021-07-09T10:36:51,37800.0,30.0,S
2021-07-09T10:36:37,500.0,30.05,B
2021-07-09T10:36:19,100.0,30.05,B
2021-07-09T10:36:18,100.0,30.0,S
2021-07-09T10:36:17,1000.0,30.05,B
2021-07-09T10:36:16,500.0,30.0,S
2021-07-09T10:36:11,200.0,30.0,S
2021-07-09T10:36:05,200.0,30.0,S
2021-07-09T10:35:53,100.0,30.0,S
2021-07-09T10:35:50,200.0,30.0,S
2021-07-09T10:35:44,7500.0,30.0,S
2021-07-09T10:35:38,3500.0,30.0,S
2021-07-09T10:35:36,10000.0,30.0,B
2021-07-09T10:35:36,22400.0,30.0,B
2021-07-09T10:35:36,117500.0,30.0,B
2021-07-09T10:35:34,500.0,30.0,B
2021-07-09T10:35:32,100.0,30.0,B
2021-07-09T10:35:32,700.0,30.0,B
2021-07-09T10:35:28,1000.0,30.0,B
2021-07-09T10:35:24,600.0,30.0,B
2021-07-09T10:35:23,300.0,29.95,S
2021-07-09T10:35:19,8000.0,30.0,B
2021-07-09T10:35:16,20000.0,30.0,B
2021-07-09T10:35:14,26000.0,30.0,B
2021-07-09T10:35:13,1000.0,30.0,B
2021-07-09T10:35:12,1000.0,30.0,B
2021-07-09T10:35:11,2000.0,29.95,S
2021-07-09T10:35:11,1100.0,30.0,B
2021-07-09T10:35:07,100.0,30.0,B
2021-07-09T10:35:05,100.0,30.0,B
2021-07-09T10:34:54,300.0,30.0,B
2021-07-09T10:34:49,100.0,30.0,B
2021-07-09T10:34:48,1000.0,29.95,S
2021-07-09T10:34:44,100.0,30.0,B
2021-07-09T10:34:44,100.0,30.0,B
2021-07-09T10:34:44,200.0,30.0,B
2021-07-09T10:34:43,200.0,30.0,B
2021-07-09T10:34:40,100.0,30.0,B
2021-07-09T10:34:40,800.0,29.95,S
2021-07-09T10:34:40,200.0,29.95,S
2021-07-09T10:34:38,400.0,30.0,B
2021-07-09T10:34:36,100.0,30.0,B
2021-07-09T10:34:35,1000.0,30.0,B
2021-07-09T10:34:32,100.0,30.0,B
2021-07-09T10:34:29,10000.0,30.0,B
2021-07-09T10:34:23,10000.0,30.0,B
2021-07-09T10:34:10,300.0,30.0,B
2021-07-09T10:34:06,100.0,30.0,B
2021-07-09T10:34:06,1000.0,30.0,B
2021-07-09T10:34:03,2400.0,30.0,S
2021-07-09T10:34:03,2000.0,30.0,S
2021-07-09T10:34:03,1300.0,30.0,S
2021-07-09T10:34:03,9600.0,30.0,S
2021-07-09T10:34:03,5100.0,30.0,S
2021-07-09T10:34:03,100.0,30.0,S
2021-07-09T10:34:03,1700.0,30.0,S
2021-07-09T10:34:03,7000.0,30.0,S
2021-07-09T10:34:03,100.0,30.0,S
2021-07-09T10:34:03,6000.0,30.0,S
2021-07-09T10:34:03,21700.0,30.0,S
2021-07-09T10:33:54,10300.0,30.0,S
2021-07-09T10:33:51,200.0,30.0,S
2021-07-09T10:33:45,2000.0,30.0,S
2021-07-09T10:33:34,9300.0,30.0,S
2021-07-09T10:33:32,10700.0,30.0,S
2021-07-09T10:33:31,3000.0,30.0,S
2021-07-09T10:33:29,300.0,30.05,B
2021-07-09T10:33:22,1000.0,30.0,S
2021-07-09T10:33:22,100.0,30.0,S
2021-07-09T10:33:06,1000.0,30.05,B
2021-07-09T10:33:04,100.0,30.05,B
2021-07-09T10:32:43,100.0,30.05,B
2021-07-09T10:32:41,300.0,30.05,B
2021-07-09T10:32:21,1000.0,30.05,B
2021-07-09T10:32:17,9900.0,30.0,S
2021-07-09T10:32:17,400.0,30.0,S
2021-07-09T10:32:17,10500.0,30.0,S
2021-07-09T10:32:17,200.0,30.0,S
2021-07-09T10:32:17,700.0,30.0,S
2021-07-09T10:32:17,5100.0,30.0,S
2021-07-09T10:32:17,500.0,30.0,S
2021-07-09T10:32:17,2400.0,30.0,S
2021-07-09T10:32:17,3500.0,30.0,S
2021-07-09T10:32:17,300.0,30.0,S
2021-07-09T10:32:17,12100.0,30.0,S
2021-07-09T10:32:17,2500.0,30.0,S
2021-07-09T10:32:17,13300.0,30.0,S
2021-07-09T10:32:04,5000.0,30.05,B
2021-07-09T10:32:04,100.0,30.0,S
2021-07-09T10:32:04,100.0,30.05,B
2021-07-09T10:31:58,100.0,30.0,S
2021-07-09T10:31:39,700.0,30.0,S
2021-07-09T10:31:21,1500.0,30.0,S
2021-07-09T10:31:15,6900.0,30.0,S
2021-07-09T10:30:59,1000.0,30.0,S
2021-07-09T10:30:53,26500.0,30.0,S
2021-07-09T10:30:48,200.0,30.0,S
2021-07-09T10:30:44,15000.0,30.0,S
2021-07-09T10:30:26,50700.0,30.0,B
2021-07-09T10:30:21,500.0,30.0,B
2021-07-09T10:30:19,100.0,30.0,B
2021-07-09T10:30:14,600.0,30.0,B
2021-07-09T10:30:12,300.0,30.0,B
2021-07-09T10:30:12,500.0,30.0,B
2021-07-09T10:30:10,300.0,29.95,S
2021-07-09T10:30:08,1100.0,30.0,S
2021-07-09T10:30:08,1500.0,30.0,S
2021-07-09T10:30:08,800.0,30.0,S
2021-07-09T10:30:08,300.0,30.0,S
2021-07-09T10:30:08,300.0,30.0,S
2021-07-09T10:30:08,18100.0,30.0,S
2021-07-09T10:30:08,300.0,30.0,S
2021-07-09T10:30:08,400.0,30.0,S
2021-07-09T10:30:08,36600.0,30.0,S
2021-07-09T10:30:07,6000.0,30.0,S
2021-07-09T10:30:07,800.0,30.0,S
2021-07-09T10:30:07,1500.0,30.0,S
2021-07-09T10:30:07,33800.0,30.0,S
2021-07-09T10:30:07,95800.0,30.0,S
2021-07-09T10:30:06,500.0,30.05,B
2021-07-09T10:30:05,100.0,30.05,B
2021-07-09T10:30:04,1500.0,30.0,S
2021-07-09T10:30:04,4000.0,30.05,S
2021-07-09T10:29:53,100.0,30.05,S
2021-07-09T10:29:51,4000.0,30.0,S
2021-07-09T10:29:50,500.0,30.1,B
2021-07-09T10:29:49,5000.0,30.05,B
2021-07-09T10:29:49,16800.0,30.05,B
2021-07-09T10:29:49,3000.0,30.05,B
2021-07-09T10:29:48,800.0,30.05,B
2021-07-09T10:29:46,200.0,30.05,B
2021-07-09T10:29:42,10000.0,30.05,B
2021-07-09T10:29:35,1000.0,30.05,B
2021-07-09T10:29:35,200.0,30.05,B
2021-07-09T10:29:19,25000.0,30.05,S
2021-07-09T10:29:11,2000.0,30.05,S
2021-07-09T10:28:58,5000.0,30.1,B
2021-07-09T10:28:55,100.0,30.1,B
2021-07-09T10:28:48,300.0,30.05,S
2021-07-09T10:28:43,2000.0,30.05,S
2021-07-09T10:28:43,600.0,30.1,B
2021-07-09T10:28:37,1300.0,30.05,S
2021-07-09T10:28:30,100.0,30.1,B
2021-07-09T10:28:22,1400.0,30.0,S
2021-07-09T10:28:01,400.0,30.0,S
2021-07-09T10:27:54,100.0,30.0,S
2021-07-09T10:27:53,600.0,30.1,B
2021-07-09T10:27:42,2900.0,30.0,S
2021-07-09T10:27:41,11000.0,30.0,S
2021-07-09T10:27:35,4000.0,30.0,S
2021-07-09T10:27:33,6500.0,30.05,S
2021-07-09T10:27:31,200.0,30.0,S
2021-07-09T10:27:21,100.0,30.0,B
2021-07-09T10:27:21,87700.0,30.0,B
2021-07-09T10:27:18,1000.0,30.0,B
2021-07-09T10:27:11,6000.0,29.95,S
2021-07-09T10:27:05,500.0,29.95,S
2021-07-09T10:27:02,1000.0,30.0,B
2021-07-09T10:26:59,10000.0,30.0,B
2021-07-09T10:26:59,1000.0,29.95,S
2021-07-09T10:26:58,5200.0,30.0,B
2021-07-09T10:26:55,5000.0,30.0,B
2021-07-09T10:26:53,59600.0,30.0,B
2021-07-09T10:26:53,15400.0,30.0,B
2021-07-09T10:26:53,3000.0,30.0,B
2021-07-09T10:26:53,500.0,30.0,B
2021-07-09T10:26:45,200.0,30.0,B
2021-07-09T10:26:41,100.0,30.0,B
2021-07-09T10:26:41,2000.0,29.95,S
2021-07-09T10:26:38,100.0,30.0,B
2021-07-09T10:26:35,100.0,30.0,B
2021-07-09T10:26:34,200.0,30.0,B
2021-07-09T10:26:30,100.0,30.0,B
2021-07-09T10:26:30,500.0,30.0,B
2021-07-09T10:26:28,9000.0,29.95,S
2021-07-09T10:26:25,100.0,30.0,B
2021-07-09T10:26:24,2000.0,30.0,B
2021-07-09T10:26:19,100.0,30.0,B
2021-07-09T10:26:17,200.0,30.0,B
2021-07-09T10:26:13,100.0,30.0,B
2021-07-09T10:26:09,900.0,30.0,B
2021-07-09T10:26:09,10000.0,30.0,B
2021-07-09T10:26:08,100.0,30.0,B
2021-07-09T10:26:06,100.0,30.0,S
2021-07-09T10:26:06,2500.0,30.0,S
2021-07-09T10:26:06,5400.0,30.0,S
2021-07-09T10:26:06,1200.0,30.0,S
2021-07-09T10:26:06,400.0,30.0,S
2021-07-09T10:26:06,5200.0,30.0,S
2021-07-09T10:26:06,200.0,30.0,S
2021-07-09T10:26:02,400.0,30.0,S
2021-07-09T10:26:02,3000.0,30.0,S
2021-07-09T10:26:02,31000.0,30.0,S
2021-07-09T10:26:02,700.0,30.0,S
2021-07-09T10:26:02,700.0,30.0,S
2021-07-09T10:26:01,3500.0,30.0,S
2021-07-09T10:26:01,5900.0,30.0,S
2021-07-09T10:26:01,2600.0,30.0,S
2021-07-09T10:26:01,1500.0,30.0,S
2021-07-09T10:26:01,500.0,30.0,S
2021-07-09T10:26:01,2400.0,30.0,S
2021-07-09T10:26:01,18200.0,30.0,S
2021-07-09T10:26:01,200.0,30.0,S
2021-07-09T10:26:01,1400.0,30.0,S
2021-07-09T10:26:01,1400.0,30.0,S
2021-07-09T10:25:49,800.0,30.0,S
2021-07-09T10:25:49,500.0,30.0,S
2021-07-09T10:25:49,10000.0,30.0,S
2021-07-09T10:25:49,3100.0,30.0,S
2021-07-09T10:25:49,3500.0,30.0,S
2021-07-09T10:25:49,500.0,30.0,S
2021-07-09T10:25:49,11900.0,30.0,S
2021-07-09T10:25:49,1500.0,30.0,S
2021-07-09T10:25:49,800.0,30.0,S
2021-07-09T10:25:49,600.0,30.0,S
2021-07-09T10:25:49,2400.0,30.0,S
2021-07-09T10:25:49,2500.0,30.0,S
2021-07-09T10:25:49,6500.0,30.0,S
2021-07-09T10:25:49,600.0,30.0,S
2021-07-09T10:25:49,800.0,30.0,S
2021-07-09T10:25:49,200.0,30.0,S
2021-07-09T10:25:49,3800.0,30.0,S
2021-07-09T10:25:47,7000.0,30.0,S
2021-07-09T10:25:46,500.0,30.0,S
2021-07-09T10:25:44,400.0,30.0,S
2021-07-09T10:25:40,6000.0,30.0,S
2021-07-09T10:25:40,1000.0,30.05,B
2021-07-09T10:25:26,3700.0,30.0,S
2021-07-09T10:25:26,1300.0,30.0,S
2021-07-09T10:25:26,700.0,30.0,S
2021-07-09T10:25:26,4300.0,30.0,S
2021-07-09T10:25:26,5000.0,30.0,S
2021-07-09T10:25:24,600.0,30.0,S
2021-07-09T10:25:24,500.0,30.0,S
2021-07-09T10:25:18,1800.0,30.05,B
2021-07-09T10:25:17,1500.0,30.0,S
2021-07-09T10:25:16,1500.0,30.0,S
2021-07-09T10:25:16,500.0,30.0,S
2021-07-09T10:25:12,5000.0,30.0,S
2021-07-09T10:25:08,3600.0,30.0,S
2021-07-09T10:25:08,300.0,30.0,S
2021-07-09T10:25:08,3700.0,30.0,S
2021-07-09T10:25:08,3400.0,30.0,S
2021-07-09T10:25:08,2500.0,30.0,S
2021-07-09T10:25:08,2400.0,30.0,S
2021-07-09T10:25:08,600.0,30.0,S
2021-07-09T10:25:08,1400.0,30.0,S
2021-07-09T10:25:08,5200.0,30.0,S
2021-07-09T10:25:08,500.0,30.0,S
2021-07-09T10:25:08,1400.0,30.0,S
2021-07-09T10:25:06,2000.0,30.05,B
2021-07-09T10:25:05,200.0,30.05,B
2021-07-09T10:25:05,400.0,30.0,S
2021-07-09T10:25:05,8700.0,30.0,S
2021-07-09T10:25:05,5000.0,30.0,S
2021-07-09T10:25:05,5200.0,30.0,S
2021-07-09T10:25:05,1500.0,30.0,S
2021-07-09T10:25:05,2500.0,30.0,S
2021-07-09T10:25:05,3300.0,30.0,S
2021-07-09T10:25:05,500.0,30.0,S
2021-07-09T10:25:05,900.0,30.0,S
2021-07-09T10:25:05,1000.0,30.0,S
2021-07-09T10:25:05,3300.0,30.0,S
2021-07-09T10:25:05,11600.0,30.0,S
2021-07-09T10:25:05,5500.0,30.0,S
2021-07-09T10:25:05,500.0,30.0,S
2021-07-09T10:25:05,300.0,30.0,S
2021-07-09T10:25:05,600.0,30.0,S
2021-07-09T10:25:05,2100.0,30.0,S
2021-07-09T10:25:05,1000.0,30.0,S
2021-07-09T10:25:05,3000.0,30.0,S
2021-07-09T10:25:05,70100.0,30.0,S
2021-07-09T10:25:05,32000.0,30.0,S
2021-07-09T10:25:05,100.0,30.0,S
2021-07-09T10:25:05,1100.0,30.0,S
2021-07-09T10:25:05,39800.0,30.0,S
2021-07-09T10:25:03,1300.0,30.0,S
2021-07-09T10:24:59,6100.0,30.0,S
2021-07-09T10:24:59,300.0,30.0,S
2021-07-09T10:24:59,3600.0,30.0,S
2021-07-09T10:24:54,200.0,30.05,B
2021-07-09T10:24:54,100.0,30.05,B
2021-07-09T10:24:50,3000.0,30.0,S
2021-07-09T10:24:47,5000.0,30.05,B
2021-07-09T10:24:46,1000.0,30.05,B
2021-07-09T10:24:43,15300.0,30.05,S
2021-07-09T10:24:39,5700.0,30.1,B
2021-07-09T10:24:36,6100.0,30.05,S
2021-07-09T10:24:36,14100.0,30.05,S
2021-07-09T10:24:36,6300.0,30.05,S
2021-07-09T10:24:36,800.0,30.05,S
2021-07-09T10:24:36,400.0,30.05,S
2021-07-09T10:24:36,300.0,30.05,S
2021-07-09T10:24:36,900.0,30.05,S
2021-07-09T10:24:36,400.0,30.05,S
2021-07-09T10:24:36,9400.0,30.05,S
2021-07-09T10:24:36,3700.0,30.05,S
2021-07-09T10:24:36,50100.0,30.05,S
2021-07-09T10:24:36,600.0,30.05,S
2021-07-09T10:24:36,6200.0,30.05,S
2021-07-09T10:24:36,3000.0,30.1,B
2021-07-09T10:24:35,1300.0,30.05,S
2021-07-09T10:24:35,1600.0,30.05,S
2021-07-09T10:24:35,1100.0,30.05,S
2021-07-09T10:24:29,500.0,30.05,S
2021-07-09T10:24:29,1200.0,30.05,S
2021-07-09T10:24:28,1000.0,30.1,B
2021-07-09T10:24:28,500.0,30.1,B
2021-07-09T10:24:25,10000.0,30.05,S
2021-07-09T10:24:23,1400.0,30.05,S
2021-07-09T10:24:18,5900.0,30.05,S
2021-07-09T10:23:59,500.0,30.1,B
2021-07-09T10:23:58,3000.0,30.1,B
2021-07-09T10:23:57,3000.0,30.05,S
2021-07-09T10:23:57,1600.0,30.05,S
2021-07-09T10:23:56,200.0,30.1,B
2021-07-09T10:23:56,600.0,30.1,S
2021-07-09T10:23:56,3000.0,30.1,S
2021-07-09T10:23:56,1100.0,30.1,S
2021-07-09T10:23:56,4900.0,30.1,S
2021-07-09T10:23:56,600.0,30.1,S
2021-07-09T10:23:56,1300.0,30.1,S
2021-07-09T10:23:56,300.0,30.1,S
2021-07-09T10:23:56,300.0,30.1,S
2021-07-09T10:23:56,600.0,30.1,S
2021-07-09T10:23:56,3900.0,30.1,S
2021-07-09T10:23:56,12700.0,30.1,S
2021-07-09T10:23:56,2700.0,30.1,S
2021-07-09T10:23:56,1300.0,30.1,S
2021-07-09T10:23:56,500.0,30.1,S
2021-07-09T10:23:56,400.0,30.1,S
2021-07-09T10:23:56,500.0,30.1,S
2021-07-09T10:23:56,6500.0,30.1,S
2021-07-09T10:23:56,2000.0,30.1,S
2021-07-09T10:23:56,18200.0,30.1,S
2021-07-09T10:23:56,3800.0,30.1,S
2021-07-09T10:23:56,22500.0,30.1,S
2021-07-09T10:23:56,400.0,30.1,S
2021-07-09T10:23:56,1000.0,30.1,S
2021-07-09T10:23:56,700.0,30.1,S
2021-07-09T10:23:56,4400.0,30.1,S
2021-07-09T10:23:56,4600.0,30.1,S
2021-07-09T10:23:53,2000.0,30.1,S
2021-07-09T10:23:49,500.0,30.1,S
2021-07-09T10:23:44,500.0,30.1,S
2021-07-09T10:23:41,3000.0,30.1,S
2021-07-09T10:23:39,500.0,30.1,S
2021-07-09T10:23:38,500.0,30.1,S
2021-07-09T10:23:37,400.0,30.1,S
2021-07-09T10:23:33,2300.0,30.15,B
2021-07-09T10:23:33,7700.0,30.15,B
2021-07-09T10:23:33,500.0,30.1,S
2021-07-09T10:23:31,100.0,30.1,S
2021-07-09T10:23:28,500.0,30.1,S
2021-07-09T10:23:25,500.0,30.1,S
2021-07-09T10:23:20,500.0,30.1,S
2021-07-09T10:23:18,4400.0,30.1,S
2021-07-09T10:23:17,2000.0,30.15,B
2021-07-09T10:23:03,100.0,30.15,B
2021-07-09T10:23:01,100.0,30.15,B
2021-07-09T10:22:58,200.0,30.1,S
2021-07-09T10:22:56,10000.0,30.15,B
2021-07-09T10:22:54,500.0,30.15,B
2021-07-09T10:22:52,3000.0,30.15,B
2021-07-09T10:22:49,500.0,30.15,B
2021-07-09T10:22:49,3000.0,30.15,B
2021-07-09T10:22:47,6500.0,30.1,S
2021-07-09T10:22:40,800.0,30.15,B
2021-07-09T10:22:38,1000.0,30.15,B
2021-07-09T10:22:38,500.0,30.15,S
2021-07-09T10:22:38,1500.0,30.15,S
2021-07-09T10:22:38,400.0,30.15,S
2021-07-09T10:22:38,400.0,30.15,S
2021-07-09T10:22:34,400.0,30.15,S
2021-07-09T10:22:28,100.0,30.2,B
2021-07-09T10:22:22,5000.0,30.15,S
2021-07-09T10:22:14,5000.0,30.2,B
2021-07-09T10:22:09,18800.0,30.15,S
2021-07-09T10:22:09,1500.0,30.15,S
2021-07-09T10:22:09,2700.0,30.15,S
2021-07-09T10:22:09,500.0,30.15,S
2021-07-09T10:22:09,7900.0,30.15,S
2021-07-09T10:22:09,8600.0,30.15,S
2021-07-09T10:22:09,1700.0,30.15,S
2021-07-09T10:22:09,1500.0,30.15,S
2021-07-09T10:22:09,1700.0,30.15,S
2021-07-09T10:22:09,3000.0,30.15,S
2021-07-09T10:22:09,2100.0,30.15,S
2021-07-09T10:22:05,5000.0,30.2,B
2021-07-09T10:22:03,300.0,30.2,B
2021-07-09T10:22:00,100.0,30.2,B
2021-07-09T10:21:57,100.0,30.15,S
2021-07-09T10:21:47,500.0,30.2,B
2021-07-09T10:21:43,100.0,30.2,B
2021-07-09T10:21:40,1000.0,30.2,B
2021-07-09T10:21:37,100.0,30.2,B
2021-07-09T10:21:36,400.0,30.15,S
2021-07-09T10:21:36,100.0,30.2,B
2021-07-09T10:21:31,400.0,30.2,B
2021-07-09T10:21:28,200.0,30.2,B
2021-07-09T10:21:25,100.0,30.2,B
2021-07-09T10:21:22,10000.0,30.2,B
2021-07-09T10:21:14,2000.0,30.2,B
2021-07-09T10:21:14,200.0,30.2,B
2021-07-09T10:21:13,300.0,30.2,B
2021-07-09T10:21:11,1000.0,30.15,S
2021-07-09T10:21:07,2000.0,30.2,B
2021-07-09T10:21:06,10000.0,30.2,B
2021-07-09T10:21:04,1000.0,30.2,B
2021-07-09T10:20:59,1000.0,30.15,S
2021-07-09T10:20:53,100.0,30.2,B
2021-07-09T10:20:43,1000.0,30.2,B
2021-07-09T10:20:36,1000.0,30.15,S
2021-07-09T10:20:35,400.0,30.2,B
2021-07-09T10:20:32,200.0,30.2,B
2021-07-09T10:20:31,200.0,30.2,B
2021-07-09T10:20:29,400.0,30.2,B
2021-07-09T10:20:23,600.0,30.2,B
2021-07-09T10:20:20,700.0,30.2,B
2021-07-09T10:20:19,3000.0,30.2,B
2021-07-09T10:20:14,500.0,30.2,B
2021-07-09T10:20:11,100.0,30.15,S
2021-07-09T10:20:06,100.0,30.2,B
2021-07-09T10:19:53,200.0,30.2,B
2021-07-09T10:19:43,4000.0,30.2,B
2021-07-09T10:19:43,600.0,30.15,B
2021-07-09T10:19:43,100.0,30.15,B
2021-07-09T10:19:40,100.0,30.15,B
2021-07-09T10:19:40,2000.0,30.15,B
2021-07-09T10:19:38,3200.0,30.15,B
2021-07-09T10:19:38,6800.0,30.15,B
2021-07-09T10:19:34,9800.0,30.15,B
2021-07-09T10:19:29,2000.0,30.15,B
2021-07-09T10:19:28,200.0,30.15,B
2021-07-09T10:19:27,2000.0,30.15,B
2021-07-09T10:19:25,200.0,30.15,B
2021-07-09T10:19:22,100.0,30.15,B
2021-07-09T10:19:21,1000.0,30.15,B
2021-07-09T10:19:21,1300.0,30.15,B
2021-07-09T10:19:19,500.0,30.15,B
2021-07-09T10:19:19,100.0,30.15,B
2021-07-09T10:19:18,800.0,30.15,B
2021-07-09T10:19:14,300.0,30.15,B
2021-07-09T10:19:08,15000.0,30.15,B
2021-07-09T10:19:06,3000.0,30.15,B
2021-07-09T10:19:06,100.0,30.15,B
2021-07-09T10:19:01,2000.0,30.15,B
2021-07-09T10:19:00,500.0,30.15,B
2021-07-09T10:18:56,100.0,30.15,B
2021-07-09T10:18:53,200.0,30.15,B
2021-07-09T10:18:53,100.0,30.15,B
2021-07-09T10:18:52,500.0,30.15,B
2021-07-09T10:18:51,20000.0,30.15,B
2021-07-09T10:18:44,200.0,30.15,B
2021-07-09T10:18:44,300.0,30.15,B
2021-07-09T10:18:44,2000.0,30.1,S
2021-07-09T10:18:42,100.0,30.15,S
2021-07-09T10:18:42,300.0,30.15,S
2021-07-09T10:18:42,5100.0,30.15,S
2021-07-09T10:18:42,2000.0,30.15,S
2021-07-09T10:18:42,1800.0,30.15,S
2021-07-09T10:18:42,3000.0,30.15,S
2021-07-09T10:18:42,1500.0,30.15,S
2021-07-09T10:18:42,1800.0,30.15,S
2021-07-09T10:18:42,2500.0,30.15,S
2021-07-09T10:18:42,11100.0,30.15,S
2021-07-09T10:18:42,1000.0,30.15,S
2021-07-09T10:18:42,22100.0,30.15,S
2021-07-09T10:18:41,600.0,30.15,S
2021-07-09T10:18:41,5000.0,30.15,S
2021-07-09T10:18:41,4500.0,30.15,S
2021-07-09T10:18:41,2600.0,30.15,S
2021-07-09T10:18:41,10700.0,30.15,S
2021-07-09T10:18:41,500.0,30.15,S
2021-07-09T10:18:41,400.0,30.15,S
2021-07-09T10:18:41,31300.0,30.15,S
2021-07-09T10:18:38,400.0,30.15,S
2021-07-09T10:18:38,500.0,30.2,B
2021-07-09T10:18:33,1000.0,30.2,B
2021-07-09T10:18:33,800.0,30.15,S
2021-07-09T10:18:20,500.0,30.2,B
2021-07-09T10:18:18,100.0,30.2,B
2021-07-09T10:18:17,100.0,30.2,B
2021-07-09T10:18:12,1000.0,30.2,B
2021-07-09T10:18:10,500.0,30.2,B
2021-07-09T10:18:09,500.0,30.2,B
2021-07-09T10:18:07,1000.0,30.2,B
2021-07-09T10:18:07,30000.0,30.2,B
2021-07-09T10:18:05,1000.0,30.2,B
2021-07-09T10:18:04,1000.0,30.2,B
2021-07-09T10:18:03,100.0,30.2,B
2021-07-09T10:18:01,700.0,30.2,B
2021-07-09T10:18:01,500.0,30.2,B
2021-07-09T10:17:59,50000.0,30.2,B
2021-07-09T10:17:58,300.0,30.2,B
2021-07-09T10:17:57,200.0,30.2,B
2021-07-09T10:17:55,500.0,30.2,B
2021-07-09T10:17:55,1000.0,30.2,B
2021-07-09T10:17:48,200.0,30.2,B
2021-07-09T10:17:45,500.0,30.2,B
2021-07-09T10:17:43,200.0,30.2,B
2021-07-09T10:17:41,500.0,30.2,B
2021-07-09T10:17:40,1000.0,30.15,S
2021-07-09T10:17:39,4200.0,30.2,B
2021-07-09T10:17:39,400.0,30.2,B
2021-07-09T10:17:36,1000.0,30.2,B
2021-07-09T10:17:33,2000.0,30.2,B
2021-07-09T10:17:33,300.0,30.2,B
2021-07-09T10:17:31,400.0,30.2,B
2021-07-09T10:17:29,200.0,30.15,S
2021-07-09T10:17:28,100.0,30.2,B
2021-07-09T10:17:22,5000.0,30.2,B
2021-07-09T10:17:21,500.0,30.2,B
2021-07-09T10:17:20,30000.0,30.2,B
2021-07-09T10:17:19,1000.0,30.15,S
2021-07-09T10:17:14,1000.0,30.2,B
2021-07-09T10:17:11,2000.0,30.2,B
2021-07-09T10:17:07,1000.0,30.2,B
2021-07-09T10:17:07,500.0,30.15,S
2021-07-09T10:17:04,200.0,30.15,S
2021-07-09T10:17:04,1000.0,30.2,B
2021-07-09T10:16:59,13800.0,30.2,S
2021-07-09T10:16:56,42600.0,30.2,S
2021-07-09T10:16:56,1000.0,30.2,S
2021-07-09T10:16:56,1200.0,30.2,S
2021-07-09T10:16:56,1300.0,30.2,S
2021-07-09T10:16:56,400.0,30.2,S
2021-07-09T10:16:56,1400.0,30.2,S
2021-07-09T10:16:56,300.0,30.2,S
2021-07-09T10:16:55,1800.0,30.2,S
2021-07-09T10:16:51,100.0,30.2,S
2021-07-09T10:16:48,3000.0,30.2,S
2021-07-09T10:16:48,1100.0,30.2,S
2021-07-09T10:16:48,4600.0,30.2,S
2021-07-09T10:16:48,4100.0,30.2,S
2021-07-09T10:16:48,5200.0,30.2,S
2021-07-09T10:16:48,1200.0,30.2,S
2021-07-09T10:16:48,600.0,30.2,S
2021-07-09T10:16:48,3200.0,30.2,S
2021-07-09T10:16:48,5000.0,30.2,S
2021-07-09T10:16:48,2000.0,30.2,S
2021-07-09T10:16:47,1400.0,30.2,S
2021-07-09T10:16:47,11300.0,30.2,S
2021-07-09T10:16:47,6200.0,30.2,S
2021-07-09T10:16:47,3100.0,30.2,S
2021-07-09T10:16:47,78000.0,30.2,S
2021-07-09T10:16:46,100.0,30.2,S
2021-07-09T10:16:38,1600.0,30.2,S
2021-07-09T10:16:37,200.0,30.2,S
2021-07-09T10:16:37,5000.0,30.2,S
2021-07-09T10:16:25,100.0,30.2,S
2021-07-09T10:16:20,1000.0,30.25,B
2021-07-09T10:16:18,10000.0,30.25,B
2021-07-09T10:16:14,1000.0,30.25,B
2021-07-09T10:16:12,200.0,30.2,S
2021-07-09T10:16:06,600.0,30.25,B
2021-07-09T10:16:05,5000.0,30.25,B
2021-07-09T10:16:03,5500.0,30.2,S
2021-07-09T10:16:03,3400.0,30.2,S
2021-07-09T10:16:03,8600.0,30.2,S
2021-07-09T10:16:02,200.0,30.25,B
2021-07-09T10:16:02,400.0,30.25,B
2021-07-09T10:16:02,100.0,30.25,B
2021-07-09T10:16:00,100.0,30.2,S
2021-07-09T10:15:56,500.0,30.25,B
2021-07-09T10:15:56,100.0,30.25,B
2021-07-09T10:15:53,600.0,30.2,S
2021-07-09T10:15:46,2000.0,30.2,S
2021-07-09T10:15:46,500.0,30.2,S
2021-07-09T10:15:46,200.0,30.25,B
2021-07-09T10:15:45,100.0,30.2,S
2021-07-09T10:15:42,500.0,30.2,S
2021-07-09T10:15:37,500.0,30.2,S
2021-07-09T10:15:36,3500.0,30.2,S
2021-07-09T10:15:34,1500.0,30.2,S
2021-07-09T10:15:33,500.0,30.2,S
2021-07-09T10:15:28,500.0,30.2,S
2021-07-09T10:15:22,500.0,30.15,S
2021-07-09T10:15:22,700.0,30.2,B
2021-07-09T10:15:22,500.0,30.2,B
2021-07-09T10:15:19,500.0,30.2,B
2021-07-09T10:15:19,200.0,30.2,B
2021-07-09T10:15:19,1700.0,30.2,B
2021-07-09T10:15:19,1100.0,30.2,B
2021-07-09T10:15:19,2000.0,30.2,B
2021-07-09T10:15:19,1000.0,30.2,B
2021-07-09T10:15:18,300.0,30.15,S
2021-07-09T10:15:18,700.0,30.2,B
2021-07-09T10:15:16,100.0,30.2,B
2021-07-09T10:15:14,900.0,30.2,B
2021-07-09T10:15:14,500.0,30.2,B
2021-07-09T10:15:14,1000.0,30.2,B
2021-07-09T10:15:13,2200.0,30.2,B
2021-07-09T10:15:13,200.0,30.2,B
2021-07-09T10:15:11,200.0,30.2,B
2021-07-09T10:15:10,100000.0,30.2,B
2021-07-09T10:15:07,5000.0,30.2,B
2021-07-09T10:15:06,300.0,30.2,B
2021-07-09T10:15:03,3000.0,30.2,B
2021-07-09T10:15:03,100.0,30.2,B
2021-07-09T10:15:03,5800.0,30.2,B
2021-07-09T10:15:03,1000.0,30.2,B
2021-07-09T10:15:02,400.0,30.2,B
2021-07-09T10:15:01,800.0,30.2,B
2021-07-09T10:14:58,200.0,30.2,B
2021-07-09T10:14:55,2000.0,30.2,B
2021-07-09T10:14:54,100.0,30.2,B
2021-07-09T10:14:54,200.0,30.2,B
2021-07-09T10:14:50,100.0,30.2,B
2021-07-09T10:14:49,500.0,30.2,B
2021-07-09T10:14:48,200.0,30.2,B
2021-07-09T10:14:44,4000.0,30.2,B
2021-07-09T10:14:43,5000.0,30.2,B
2021-07-09T10:14:42,1000.0,30.2,B
2021-07-09T10:14:39,700.0,30.2,B
2021-07-09T10:14:39,10000.0,30.2,B
2021-07-09T10:14:38,17500.0,30.15,S
2021-07-09T10:14:37,100.0,30.2,B
2021-07-09T10:14:34,200.0,30.2,B
2021-07-09T10:14:33,1500.0,30.15,S
2021-07-09T10:14:29,2000.0,30.2,B
2021-07-09T10:14:29,1000.0,30.2,B
2021-07-09T10:14:27,1000.0,30.2,B
2021-07-09T10:14:26,200.0,30.2,B
2021-07-09T10:14:23,500.0,30.15,S
2021-07-09T10:14:22,100.0,30.2,B
2021-07-09T10:14:21,12000.0,30.2,B
2021-07-09T10:14:18,500.0,30.2,B
2021-07-09T10:14:18,500.0,30.15,S
2021-07-09T10:14:17,5900.0,30.15,S
2021-07-09T10:14:14,500.0,30.15,S
2021-07-09T10:14:13,400.0,30.2,B
2021-07-09T10:14:13,200.0,30.15,S
2021-07-09T10:14:12,500.0,30.2,B
2021-07-09T10:14:09,10000.0,30.2,B
2021-07-09T10:14:08,500.0,30.15,S
2021-07-09T10:14:07,200.0,30.2,B
2021-07-09T10:14:05,1000.0,30.2,B
2021-07-09T10:14:04,500.0,30.15,S
2021-07-09T10:14:04,6000.0,30.2,B
2021-07-09T10:14:00,1000.0,30.2,B
2021-07-09T10:13:58,500.0,30.15,S
2021-07-09T10:13:58,300.0,30.2,B
2021-07-09T10:13:57,14000.0,30.2,B
2021-07-09T10:13:57,500.0,30.2,B
2021-07-09T10:13:56,4000.0,30.2,B
2021-07-09T10:13:56,200.0,30.2,B
2021-07-09T10:13:55,500.0,30.15,S
2021-07-09T10:13:55,5000.0,30.2,B
2021-07-09T10:13:55,50000.0,30.2,B
2021-07-09T10:13:54,1400.0,30.2,B
2021-07-09T10:13:50,3000.0,30.2,B
2021-07-09T10:13:47,100.0,30.2,B
2021-07-09T10:13:45,1500.0,30.2,B
2021-07-09T10:13:45,4000.0,30.2,B
2021-07-09T10:13:44,3000.0,30.2,B
2021-07-09T10:13:42,500.0,30.2,B
2021-07-09T10:13:42,100.0,30.2,B
2021-07-09T10:13:40,1000.0,30.2,B
2021-07-09T10:13:40,36000.0,30.2,B
2021-07-09T10:13:35,10000.0,30.2,B
2021-07-09T10:13:31,8500.0,30.2,B
2021-07-09T10:13:27,200.0,30.2,B
2021-07-09T10:13:27,5000.0,30.2,B
2021-07-09T10:13:25,100.0,30.2,B
2021-07-09T10:13:25,100.0,30.2,B
2021-07-09T10:13:21,200.0,30.2,B
2021-07-09T10:13:17,2000.0,30.2,B
2021-07-09T10:13:16,1300.0,30.2,B
2021-07-09T10:13:16,2900.0,30.2,B
2021-07-09T10:13:16,1000.0,30.2,B
2021-07-09T10:13:16,1100.0,30.2,B
2021-07-09T10:13:15,300.0,30.2,B
2021-07-09T10:13:15,2000.0,30.2,B
2021-07-09T10:13:14,5000.0,30.2,B
2021-07-09T10:13:12,1000.0,30.2,B
2021-07-09T10:13:11,500.0,30.2,B
2021-07-09T10:13:08,1000.0,30.2,B
2021-07-09T10:13:05,200.0,30.2,B
2021-07-09T10:13:03,5000.0,30.2,B
2021-07-09T10:13:00,1200.0,30.2,B
2021-07-09T10:12:58,1000.0,30.15,S
2021-07-09T10:12:56,500.0,30.2,B
2021-07-09T10:12:52,200.0,30.2,B
2021-07-09T10:12:52,600.0,30.2,B
2021-07-09T10:12:51,10000.0,30.2,B
2021-07-09T10:12:49,5000.0,30.2,B
2021-07-09T10:12:49,4000.0,30.15,S
2021-07-09T10:12:46,2000.0,30.2,B
2021-07-09T10:12:45,4800.0,30.15,S
2021-07-09T10:12:39,1000.0,30.15,S
2021-07-09T10:12:37,4800.0,30.15,S
2021-07-09T10:12:37,200.0,30.15,S
2021-07-09T10:12:36,1000.0,30.2,B
2021-07-09T10:12:34,100.0,30.2,B
2021-07-09T10:12:34,5200.0,30.15,B
2021-07-09T10:12:34,10900.0,30.15,B
2021-07-09T10:12:33,100.0,30.15,B
2021-07-09T10:12:32,500.0,30.15,B
2021-07-09T10:12:31,2000.0,30.15,B
2021-07-09T10:12:31,4800.0,30.1,S
2021-07-09T10:12:28,400.0,30.15,B
2021-07-09T10:12:27,500.0,30.15,B
2021-07-09T10:12:23,1500.0,30.15,B
2021-07-09T10:12:22,100.0,30.15,B
2021-07-09T10:12:21,300.0,30.15,B
2021-07-09T10:12:20,5100.0,30.15,S
2021-07-09T10:12:20,2900.0,30.15,S
2021-07-09T10:12:20,2000.0,30.15,S
2021-07-09T10:12:20,3000.0,30.15,S
2021-07-09T10:12:20,5100.0,30.15,S
2021-07-09T10:12:20,8400.0,30.15,S
2021-07-09T10:12:20,2000.0,30.15,S
2021-07-09T10:12:20,2500.0,30.15,S
2021-07-09T10:12:20,500.0,30.15,S
2021-07-09T10:12:20,52500.0,30.15,S
2021-07-09T10:12:20,5000.0,30.2,B
2021-07-09T10:12:18,2000.0,30.2,B
2021-07-09T10:12:17,2000.0,30.2,B
2021-07-09T10:12:16,20400.0,30.2,B
2021-07-09T10:12:10,5000.0,30.15,S
2021-07-09T10:12:05,200.0,30.15,S
2021-07-09T10:12:02,800.0,30.2,B
2021-07-09T10:11:54,100.0,30.15,S
2021-07-09T10:11:47,4800.0,30.15,S
2021-07-09T10:11:45,200.0,30.15,S
2021-07-09T10:11:45,3400.0,30.15,B
2021-07-09T10:11:45,25800.0,30.15,B
2021-07-09T10:11:45,4500.0,30.15,B
2021-07-09T10:11:44,5000.0,30.15,B
2021-07-09T10:11:43,5000.0,30.15,B
2021-07-09T10:11:43,1000.0,30.15,B
2021-07-09T10:11:42,500.0,30.15,B
2021-07-09T10:11:42,1000.0,30.15,B
2021-07-09T10:11:40,4800.0,30.1,S
2021-07-09T10:11:40,1000.0,30.15,B
2021-07-09T10:11:39,4800.0,30.1,S
2021-07-09T10:11:38,500.0,30.15,B
2021-07-09T10:11:38,900.0,30.15,B
2021-07-09T10:11:38,1000.0,30.15,B
2021-07-09T10:11:37,400.0,30.15,B
2021-07-09T10:11:36,1000.0,30.15,B
2021-07-09T10:11:34,900.0,30.15,B
2021-07-09T10:11:33,50000.0,30.15,B
2021-07-09T10:11:33,500.0,30.15,B
2021-07-09T10:11:31,3000.0,30.15,B
2021-07-09T10:11:29,2000.0,30.15,B
2021-07-09T10:11:28,2000.0,30.15,B
2021-07-09T10:11:27,100.0,30.15,B
2021-07-09T10:11:26,4800.0,30.1,S
2021-07-09T10:11:25,10000.0,30.15,B
2021-07-09T10:11:25,30000.0,30.1,S
2021-07-09T10:11:24,200.0,30.15,B
2021-07-09T10:11:24,3500.0,30.15,B
2021-07-09T10:11:22,200.0,30.15,B
2021-07-09T10:11:20,300.0,30.15,B
2021-07-09T10:11:20,100.0,30.15,B
2021-07-09T10:11:19,300.0,30.15,B
2021-07-09T10:11:17,1500.0,30.15,B
2021-07-09T10:11:16,4800.0,30.1,S
2021-07-09T10:11:16,100.0,30.15,B
2021-07-09T10:11:12,3000.0,30.15,B
2021-07-09T10:11:10,1000.0,30.15,B
2021-07-09T10:11:10,1000.0,30.15,B
2021-07-09T10:11:06,900.0,30.15,B
2021-07-09T10:11:06,8000.0,30.15,B
2021-07-09T10:11:05,1000.0,30.15,B
2021-07-09T10:11:04,500.0,30.15,B
2021-07-09T10:11:04,2000.0,30.15,B
2021-07-09T10:11:03,20000.0,30.15,B
2021-07-09T10:11:02,300.0,30.15,B
2021-07-09T10:10:59,10000.0,30.15,B
2021-07-09T10:10:57,6600.0,30.1,S
2021-07-09T10:10:55,5000.0,30.15,B
2021-07-09T10:10:54,1000.0,30.1,S
2021-07-09T10:10:53,50000.0,30.15,B
2021-07-09T10:10:51,2000.0,30.15,B
2021-07-09T10:10:51,7500.0,30.15,B
2021-07-09T10:10:49,2000.0,30.15,B
2021-07-09T10:10:49,2000.0,30.15,B
2021-07-09T10:10:49,14000.0,30.15,B
2021-07-09T10:10:49,16000.0,30.15,B
2021-07-09T10:10:47,1000.0,30.15,B
2021-07-09T10:10:46,2000.0,30.15,B
2021-07-09T10:10:40,4800.0,30.1,S
2021-07-09T10:10:37,1000.0,30.1,S
2021-07-09T10:10:34,1600.0,30.1,S
2021-07-09T10:10:34,100.0,30.1,B
2021-07-09T10:10:34,1000.0,30.1,B
2021-07-09T10:10:33,1000.0,30.1,B
2021-07-09T10:10:33,1200.0,30.1,B
2021-07-09T10:10:33,900.0,30.1,B
2021-07-09T10:10:33,100.0,30.1,B
2021-07-09T10:10:33,2000.0,30.1,B
2021-07-09T10:10:32,200.0,30.1,B
2021-07-09T10:10:32,2000.0,30.1,B
2021-07-09T10:10:32,5000.0,30.1,B
2021-07-09T10:10:32,5000.0,30.1,B
2021-07-09T10:10:30,700.0,30.1,B
2021-07-09T10:10:30,1000.0,30.1,B
2021-07-09T10:10:30,200.0,30.1,B
2021-07-09T10:10:30,3300.0,30.1,B
2021-07-09T10:10:29,5000.0,30.1,B
2021-07-09T10:10:27,300.0,30.1,B
2021-07-09T10:10:26,3000.0,30.1,B
2021-07-09T10:10:26,1600.0,30.1,B
2021-07-09T10:10:26,4000.0,30.1,B
2021-07-09T10:10:26,14400.0,30.1,B
2021-07-09T10:10:25,4000.0,30.1,B
2021-07-09T10:10:25,1800.0,30.1,B
2021-07-09T10:10:25,1000.0,30.1,B
2021-07-09T10:10:25,1000.0,30.1,B
2021-07-09T10:10:23,1100.0,30.1,B
2021-07-09T10:10:23,1000.0,30.1,B
2021-07-09T10:10:21,1000.0,30.1,B
2021-07-09T10:10:20,100.0,30.1,B
2021-07-09T10:10:18,10000.0,30.1,B
2021-07-09T10:10:15,2000.0,30.1,B
2021-07-09T10:10:15,700.0,30.1,B
2021-07-09T10:10:15,1000.0,30.1,B
2021-07-09T10:10:14,4000.0,30.1,B
2021-07-09T10:10:13,24000.0,30.1,B
2021-07-09T10:10:09,23000.0,30.1,B
2021-07-09T10:10:07,400.0,30.1,B
2021-07-09T10:10:04,100000.0,30.1,B
2021-07-09T10:10:03,100.0,30.1,B
2021-07-09T10:09:58,4800.0,30.05,S
2021-07-09T10:09:58,100.0,30.1,B
2021-07-09T10:09:57,100.0,30.1,B
2021-07-09T10:09:55,20000.0,30.1,B
2021-07-09T10:09:54,5000.0,30.1,B
2021-07-09T10:09:54,2000.0,30.1,B
2021-07-09T10:09:51,2000.0,30.1,B
2021-07-09T10:09:50,4400.0,30.1,B
2021-07-09T10:09:49,200.0,30.1,B
2021-07-09T10:09:48,10000.0,30.1,B
2021-07-09T10:09:45,4800.0,30.05,S
2021-07-09T10:09:45,1000.0,30.05,S
2021-07-09T10:09:23,200.0,30.05,S
2021-07-09T10:09:21,5000.0,30.1,B
2021-07-09T10:09:20,200.0,30.1,B
2021-07-09T10:09:18,3700.0,30.05,S
2021-07-09T10:09:18,100000.0,30.1,B
2021-07-09T10:09:17,10000.0,30.1,B
2021-07-09T10:09:15,500.0,30.1,B
2021-07-09T10:09:13,1000.0,30.1,B
2021-07-09T10:09:04,500.0,30.05,S
2021-07-09T10:09:00,9900.0,30.1,B
2021-07-09T10:09:00,22000.0,30.1,B
2021-07-09T10:09:00,168100.0,30.1,B
2021-07-09T10:08:59,20000.0,30.05,B
2021-07-09T10:08:58,25000.0,30.05,B
2021-07-09T10:08:51,500.0,30.05,B
2021-07-09T10:08:51,1000.0,30.05,B
2021-07-09T10:08:48,1000.0,30.05,B
2021-07-09T10:08:45,1000.0,30.05,B
2021-07-09T10:08:45,9100.0,30.05,S
2021-07-09T10:08:44,100.0,30.1,B
2021-07-09T10:08:44,1000.0,30.1,B
2021-07-09T10:08:40,900.0,30.05,S
2021-07-09T10:08:40,2400.0,30.05,S
2021-07-09T10:08:32,500.0,30.05,S
2021-07-09T10:08:24,12100.0,30.05,B
2021-07-09T10:08:24,300.0,30.0,S
2021-07-09T10:08:23,8900.0,30.05,B
2021-07-09T10:08:23,500.0,30.05,B
2021-07-09T10:08:23,100.0,30.05,B
2021-07-09T10:08:19,100.0,30.05,B
2021-07-09T10:08:13,20000.0,30.05,B
2021-07-09T10:08:09,2000.0,30.05,B
2021-07-09T10:08:03,46800.0,30.05,B
2021-07-09T10:08:03,3200.0,30.05,B
2021-07-09T10:07:58,2800.0,30.0,S
2021-07-09T10:07:58,200.0,30.0,S
2021-07-09T10:07:58,10400.0,30.0,S
2021-07-09T10:07:49,500.0,30.0,S
2021-07-09T10:07:49,400.0,30.0,S
2021-07-09T10:07:49,300.0,30.0,S
2021-07-09T10:07:44,100.0,30.05,B
2021-07-09T10:07:41,300.0,30.0,S
2021-07-09T10:07:35,1500.0,30.0,S
2021-07-09T10:07:24,2000.0,30.05,B
2021-07-09T10:07:23,100.0,30.05,B
2021-07-09T10:07:22,800.0,30.05,B
2021-07-09T10:07:15,1000.0,30.0,S
2021-07-09T10:07:10,1800.0,30.05,B
2021-07-09T10:07:10,3600.0,30.05,B
2021-07-09T10:07:10,11200.0,30.05,B
2021-07-09T10:07:10,8400.0,30.05,B
2021-07-09T10:07:06,400.0,30.0,S
2021-07-09T10:07:03,100.0,30.0,S
2021-07-09T10:07:02,1900.0,30.0,S
2021-07-09T10:06:57,200.0,30.0,S
2021-07-09T10:06:53,500.0,30.0,S
2021-07-09T10:06:53,2000.0,30.05,B
2021-07-09T10:06:51,700.0,30.05,B
2021-07-09T10:06:48,1400.0,30.0,S
2021-07-09T10:06:48,8600.0,30.0,S
2021-07-09T10:06:44,2500.0,30.0,S
2021-07-09T10:06:44,1000.0,30.0,S
2021-07-09T10:06:37,5300.0,30.0,S
2021-07-09T10:06:35,1000.0,30.05,B
2021-07-09T10:06:33,10000.0,30.0,S
2021-07-09T10:06:31,1600.0,30.05,B
2021-07-09T10:06:29,1000.0,30.0,S
2021-07-09T10:06:18,50000.0,30.0,S
2021-07-09T10:06:15,500.0,30.0,S
2021-07-09T10:06:14,5100.0,30.0,S
2021-07-09T10:06:10,600.0,30.05,B
2021-07-09T10:06:08,3000.0,30.05,B
2021-07-09T10:06:06,1000.0,30.05,B
2021-07-09T10:05:59,400.0,30.0,S
2021-07-09T10:05:41,500.0,30.05,B
2021-07-09T10:05:33,700.0,30.0,S
2021-07-09T10:05:22,600.0,30.05,B
2021-07-09T10:05:13,37700.0,30.0,B
2021-07-09T10:05:13,3000.0,29.95,S
2021-07-09T10:05:12,4200.0,29.95,S
2021-07-09T10:05:05,300.0,30.0,B
2021-07-09T10:05:04,100.0,30.0,B
2021-07-09T10:05:02,100.0,30.0,B
2021-07-09T10:05:02,500.0,30.0,B
2021-07-09T10:04:58,200.0,30.0,B
2021-07-09T10:04:57,200.0,30.0,B
2021-07-09T10:04:57,100.0,30.0,B
2021-07-09T10:04:54,1000.0,30.0,B
2021-07-09T10:04:49,500.0,30.0,B
2021-07-09T10:04:49,500.0,30.0,B
2021-07-09T10:04:40,2000.0,30.0,B
2021-07-09T10:04:39,100.0,30.0,B
2021-07-09T10:04:36,600.0,30.0,B
2021-07-09T10:04:36,300.0,29.95,S
2021-07-09T10:04:33,100.0,30.0,B
2021-07-09T10:04:33,100.0,30.0,B
2021-07-09T10:04:33,100.0,30.0,B
2021-07-09T10:04:32,200.0,30.0,B
2021-07-09T10:04:30,500.0,30.0,B
2021-07-09T10:04:29,300.0,30.0,B
2021-07-09T10:04:15,1000.0,30.0,B
2021-07-09T10:04:10,6000.0,29.95,S
2021-07-09T10:04:07,500.0,30.0,B
2021-07-09T10:04:05,100.0,30.0,B
2021-07-09T10:04:04,9000.0,30.0,B
2021-07-09T10:03:57,1400.0,30.0,B
2021-07-09T10:03:54,2000.0,30.0,B
2021-07-09T10:03:54,800.0,30.0,B
2021-07-09T10:03:52,1000.0,30.0,B
2021-07-09T10:03:48,3000.0,30.0,B
2021-07-09T10:03:47,1300.0,30.0,B
2021-07-09T10:03:45,200.0,29.95,S
2021-07-09T10:03:45,29000.0,30.0,B
2021-07-09T10:03:34,1000.0,30.0,B
2021-07-09T10:03:33,100.0,30.0,B
2021-07-09T10:03:28,500.0,30.0,B
2021-07-09T10:03:28,600.0,30.0,S
2021-07-09T10:03:28,700.0,30.0,S
2021-07-09T10:03:28,400.0,30.0,S
2021-07-09T10:03:28,1200.0,30.0,S
2021-07-09T10:03:28,7500.0,30.0,S
2021-07-09T10:03:28,2400.0,30.0,S
2021-07-09T10:03:28,1100.0,30.0,S
2021-07-09T10:03:28,3000.0,30.0,S
2021-07-09T10:03:28,2500.0,30.0,S
2021-07-09T10:03:28,1900.0,30.0,S
2021-07-09T10:03:28,1400.0,30.0,S
2021-07-09T10:03:28,1300.0,30.0,S
2021-07-09T10:03:28,1100.0,30.0,S
2021-07-09T10:03:28,900.0,30.0,S
2021-07-09T10:03:28,3000.0,30.0,S
2021-07-09T10:03:28,2000.0,30.0,S
2021-07-09T10:03:28,800.0,30.0,S
2021-07-09T10:03:28,1700.0,30.0,S
2021-07-09T10:03:28,1200.0,30.0,S
2021-07-09T10:03:28,100.0,30.0,S
2021-07-09T10:03:28,2600.0,30.0,S
2021-07-09T10:03:28,1100.0,30.0,S
2021-07-09T10:03:28,2600.0,30.0,S
2021-07-09T10:03:28,4500.0,30.0,S
2021-07-09T10:03:28,800.0,30.0,S
2021-07-09T10:03:28,300.0,30.0,S
2021-07-09T10:03:28,100.0,30.0,S
2021-07-09T10:03:28,600.0,30.0,S
2021-07-09T10:03:28,30100.0,30.0,S
2021-07-09T10:03:28,1100.0,30.0,S
2021-07-09T10:03:28,100.0,30.0,S
2021-07-09T10:03:28,1000.0,30.0,S
2021-07-09T10:03:28,1200.0,30.0,S
2021-07-09T10:03:28,4800.0,30.0,S
2021-07-09T10:03:28,1900.0,30.0,S
2021-07-09T10:03:28,500.0,30.0,S
2021-07-09T10:03:28,1500.0,30.0,S
2021-07-09T10:03:28,2200.0,30.0,S
2021-07-09T10:03:28,800.0,30.0,S
2021-07-09T10:03:28,1100.0,30.0,S
2021-07-09T10:03:28,2000.0,30.0,S
2021-07-09T10:03:28,20300.0,30.0,S
2021-07-09T10:03:28,10100.0,30.0,S
2021-07-09T10:03:28,1100.0,30.0,S
2021-07-09T10:03:28,6400.0,30.0,S
2021-07-09T10:03:28,50400.0,30.0,S
2021-07-09T10:03:28,400.0,30.0,S
2021-07-09T10:03:28,4100.0,30.0,S
2021-07-09T10:03:28,1100.0,30.0,S
2021-07-09T10:03:28,100.0,30.0,S
2021-07-09T10:03:28,13700.0,30.0,S
2021-07-09T10:03:28,3000.0,30.0,S
2021-07-09T10:03:28,4100.0,30.0,S
2021-07-09T10:03:28,100.0,30.0,S
2021-07-09T10:03:28,34500.0,30.0,S
2021-07-09T10:03:23,12000.0,30.05,B
2021-07-09T10:03:23,700.0,30.05,B
2021-07-09T10:03:14,300.0,30.05,B
2021-07-09T10:03:05,500.0,30.05,B
2021-07-09T10:02:58,1100.0,30.05,B
2021-07-09T10:02:58,4900.0,30.05,B
2021-07-09T10:02:52,3000.0,30.05,B
2021-07-09T10:02:51,200.0,30.0,S
2021-07-09T10:02:51,2000.0,30.0,S
2021-07-09T10:02:38,100.0,30.05,B
2021-07-09T10:02:38,200.0,30.05,B
2021-07-09T10:02:35,500.0,30.05,B
2021-07-09T10:02:33,900.0,30.05,B
2021-07-09T10:02:33,2100.0,30.05,B
2021-07-09T10:02:28,300.0,30.05,B
2021-07-09T10:02:24,1000.0,30.05,B
2021-07-09T10:02:12,8000.0,30.05,B
2021-07-09T10:02:10,300.0,30.05,B
2021-07-09T10:02:03,1000.0,30.05,B
2021-07-09T10:02:01,1000.0,30.05,B
2021-07-09T10:01:51,100.0,30.05,B
2021-07-09T10:01:48,300.0,30.05,B
2021-07-09T10:01:40,300.0,30.05,B
2021-07-09T10:01:30,1600.0,30.05,B
2021-07-09T10:01:28,500.0,30.05,B
2021-07-09T10:01:27,5800.0,30.05,B
2021-07-09T10:01:27,4200.0,30.05,B
2021-07-09T10:01:26,300.0,30.0,S
2021-07-09T10:01:26,1600.0,30.0,S
2021-07-09T10:01:26,1200.0,30.0,S
2021-07-09T10:01:26,1300.0,30.0,S
2021-07-09T10:01:26,900.0,30.0,S
2021-07-09T10:01:26,500.0,30.0,S
2021-07-09T10:01:26,300.0,30.0,S
2021-07-09T10:01:26,900.0,30.0,S
2021-07-09T10:01:26,600.0,30.0,S
2021-07-09T10:01:26,1200.0,30.0,S
2021-07-09T10:01:26,1400.0,30.0,S
2021-07-09T10:01:26,200.0,30.0,S
2021-07-09T10:01:26,3200.0,30.0,S
2021-07-09T10:01:26,100.0,30.0,S
2021-07-09T10:01:26,1200.0,30.0,S
2021-07-09T10:01:26,5800.0,30.0,S
2021-07-09T10:01:26,1400.0,30.0,S
2021-07-09T10:01:26,1000.0,30.0,S
2021-07-09T10:01:26,600.0,30.0,S
2021-07-09T10:01:26,1200.0,30.0,S
2021-07-09T10:01:26,1000.0,30.0,S
2021-07-09T10:01:26,1700.0,30.0,S
2021-07-09T10:01:26,8600.0,30.0,S
2021-07-09T10:01:26,400.0,30.0,S
2021-07-09T10:01:26,4100.0,30.0,S
2021-07-09T10:01:26,10400.0,30.0,S
2021-07-09T10:01:22,1500.0,30.05,B
2021-07-09T10:01:18,200.0,30.05,B
2021-07-09T10:01:14,600.0,30.05,B
2021-07-09T10:01:14,100.0,30.05,B
2021-07-09T10:01:11,28600.0,30.0,S
2021-07-09T10:01:11,1400.0,30.0,S
2021-07-09T10:01:06,500.0,30.05,B
2021-07-09T10:01:01,500.0,30.05,B
2021-07-09T10:01:00,5000.0,30.0,S
2021-07-09T10:00:58,1000.0,30.0,S
2021-07-09T10:00:58,2000.0,30.05,B
2021-07-09T10:00:57,1300.0,30.0,S
2021-07-09T10:00:50,300.0,30.05,B
2021-07-09T10:00:50,300.0,30.05,S
2021-07-09T10:00:50,900.0,30.05,S
2021-07-09T10:00:50,7500.0,30.05,S
2021-07-09T10:00:50,1400.0,30.05,S
2021-07-09T10:00:46,200.0,30.1,B
2021-07-09T10:00:36,200.0,30.05,S
2021-07-09T10:00:25,300.0,30.05,S
2021-07-09T10:00:25,500.0,30.05,S
2021-07-09T10:00:25,12800.0,30.05,S
2021-07-09T10:00:25,7000.0,30.05,S
2021-07-09T10:00:23,700.0,30.05,S
2021-07-09T10:00:19,5000.0,30.05,S
2021-07-09T10:00:17,100.0,30.05,S
2021-07-09T10:00:15,16000.0,30.05,S
2021-07-09T10:00:14,5000.0,30.05,S
2021-07-09T10:00:14,1000.0,30.05,S
2021-07-09T10:00:14,4000.0,30.05,S
2021-07-09T10:00:13,10000.0,30.05,S
2021-07-09T10:00:12,500.0,30.05,S
2021-07-09T10:00:09,1000.0,30.05,S
2021-07-09T10:00:06,2600.0,30.1,B
2021-07-09T10:00:06,300.0,30.05,S
2021-07-09T10:00:06,5000.0,30.1,B
2021-07-09T10:00:03,1000.0,30.05,S
2021-07-09T10:00:02,3000.0,30.05,S
2021-07-09T09:59:59,200.0,30.05,S
2021-07-09T09:59:54,5000.0,30.05,S
2021-07-09T09:59:47,4800.0,30.05,S
2021-07-09T09:59:45,1000.0,30.05,S
2021-07-09T09:59:36,1200.0,30.05,S
2021-07-09T09:59:28,500.0,30.05,S
2021-07-09T09:59:14,800.0,30.05,S
2021-07-09T09:59:14,400.0,30.05,S
2021-07-09T09:59:14,2500.0,30.05,S
2021-07-09T09:59:13,1000.0,30.1,B
2021-07-09T09:59:11,2100.0,30.05,S
2021-07-09T09:59:11,400.0,30.05,S
2021-07-09T09:59:04,1000.0,30.05,S
2021-07-09T09:59:03,200.0,30.05,S
2021-07-09T09:59:03,1200.0,30.1,B
2021-07-09T09:58:58,1200.0,30.05,S
2021-07-09T09:58:58,100.0,30.05,S
2021-07-09T09:58:58,3700.0,30.05,S
2021-07-09T09:58:56,300.0,30.1,B
2021-07-09T09:58:55,200.0,30.05,S
2021-07-09T09:58:51,20000.0,30.05,S
2021-07-09T09:58:46,200.0,30.1,B
2021-07-09T09:58:43,4900.0,30.05,S
2021-07-09T09:58:42,200.0,30.1,B
2021-07-09T09:58:38,300.0,30.1,B
2021-07-09T09:58:38,1000.0,30.1,B
2021-07-09T09:58:20,300.0,30.1,B
2021-07-09T09:58:19,400.0,30.05,S
2021-07-09T09:58:13,100.0,30.1,B
2021-07-09T09:58:10,18000.0,30.05,S
2021-07-09T09:58:04,300.0,30.1,B
2021-07-09T09:58:00,1000.0,30.05,S
2021-07-09T09:57:59,400.0,30.1,B
2021-07-09T09:57:50,600.0,30.1,B
2021-07-09T09:57:40,100.0,30.1,B
2021-07-09T09:57:36,2000.0,30.1,B
2021-07-09T09:57:34,300.0,30.05,S
2021-07-09T09:57:31,100.0,30.1,B
2021-07-09T09:57:24,5000.0,30.05,S
2021-07-09T09:57:24,1400.0,30.05,S
2021-07-09T09:57:19,500.0,30.05,S
2021-07-09T09:57:16,100.0,30.05,S
2021-07-09T09:57:16,3000.0,30.05,S
2021-07-09T09:57:15,100.0,30.05,S
2021-07-09T09:57:11,2600.0,30.05,S
2021-07-09T09:57:10,300.0,30.05,S
2021-07-09T09:57:05,1500.0,30.1,B
2021-07-09T09:57:03,300.0,30.05,S
2021-07-09T09:57:01,100.0,30.1,B
2021-07-09T09:56:56,1000.0,30.05,S
2021-07-09T09:56:51,1000.0,30.05,S
2021-07-09T09:56:51,5000.0,30.1,B
2021-07-09T09:56:48,300.0,30.05,S
2021-07-09T09:56:47,300.0,30.1,B
2021-07-09T09:56:39,1000.0,30.05,S
2021-07-09T09:56:35,400.0,30.05,S
2021-07-09T09:56:31,100.0,30.05,S
2021-07-09T09:56:31,1000.0,30.05,S
2021-07-09T09:56:26,5200.0,30.05,S
2021-07-09T09:56:25,100.0,30.1,B
2021-07-09T09:56:19,2000.0,30.05,S
2021-07-09T09:56:16,2400.0,30.05,S
2021-07-09T09:56:16,27600.0,30.05,S
2021-07-09T09:56:11,500.0,30.05,S
2021-07-09T09:56:09,500.0,30.05,S
2021-07-09T09:56:07,500.0,30.05,S
2021-07-09T09:56:06,400.0,30.05,S
2021-07-09T09:56:03,1000.0,30.05,S
2021-07-09T09:56:01,500.0,30.05,S
2021-07-09T09:55:58,5000.0,30.1,B
2021-07-09T09:55:57,400.0,30.05,S
2021-07-09T09:55:56,500.0,30.05,S
2021-07-09T09:55:54,100.0,30.05,S
2021-07-09T09:55:50,500.0,30.05,S
2021-07-09T09:55:48,1500.0,30.05,S
2021-07-09T09:55:43,500.0,30.05,S
2021-07-09T09:55:38,200.0,30.0,S
2021-07-09T09:55:38,300.0,30.0,S
2021-07-09T09:55:30,1000.0,30.0,S
2021-07-09T09:55:28,200.0,30.1,B
2021-07-09T09:55:27,10000.0,30.1,B
2021-07-09T09:55:24,200.0,30.05,B
2021-07-09T09:55:24,200.0,30.05,B
2021-07-09T09:55:23,21000.0,30.0,S
2021-07-09T09:55:22,8000.0,30.05,B
2021-07-09T09:55:21,300.0,30.05,B
2021-07-09T09:55:19,200.0,30.05,B
2021-07-09T09:55:17,100.0,30.05,B
2021-07-09T09:55:16,1000.0,30.0,S
2021-07-09T09:55:14,5000.0,30.05,B
2021-07-09T09:55:10,500.0,30.05,B
2021-07-09T09:55:07,200.0,30.05,B
2021-07-09T09:55:06,800.0,30.05,B
2021-07-09T09:55:03,200.0,30.05,B
2021-07-09T09:55:03,10000.0,30.05,B
2021-07-09T09:55:02,100.0,30.05,B
2021-07-09T09:55:01,100.0,30.05,B
2021-07-09T09:54:58,200.0,30.05,B
2021-07-09T09:54:54,200.0,30.05,B
2021-07-09T09:54:48,400.0,30.0,S
2021-07-09T09:54:48,400.0,30.0,S
2021-07-09T09:54:45,100.0,30.05,B
2021-07-09T09:54:38,100.0,30.05,B
2021-07-09T09:54:26,4200.0,30.05,S
2021-07-09T09:54:26,1300.0,30.05,S
2021-07-09T09:54:26,11700.0,30.05,S
2021-07-09T09:54:26,3100.0,30.05,S
2021-07-09T09:54:25,1500.0,30.05,S
2021-07-09T09:54:21,5000.0,30.05,S
2021-07-09T09:54:21,49500.0,30.1,B
2021-07-09T09:54:21,100.0,30.1,B
2021-07-09T09:54:21,36500.0,30.1,B
2021-07-09T09:54:21,13900.0,30.1,B
2021-07-09T09:54:18,100.0,30.05,S
2021-07-09T09:54:18,400.0,30.05,S
2021-07-09T09:54:07,300.0,30.1,B
2021-07-09T09:54:02,1000.0,30.1,B
2021-07-09T09:53:58,2000.0,30.05,S
2021-07-09T09:53:51,900.0,30.1,B
2021-07-09T09:53:44,200.0,30.05,S
2021-07-09T09:53:39,1600.0,30.05,S
2021-07-09T09:53:29,500.0,30.05,S
2021-07-09T09:53:22,4000.0,30.1,B
2021-07-09T09:53:19,4900.0,30.1,B
2021-07-09T09:53:15,100.0,30.05,S
2021-07-09T09:53:15,14600.0,30.05,S
2021-07-09T09:53:15,100400.0,30.05,S
2021-07-09T09:53:15,1700.0,30.05,S
2021-07-09T09:53:15,2900.0,30.05,S
2021-07-09T09:53:15,1100.0,30.05,S
2021-07-09T09:53:15,1400.0,30.05,S
2021-07-09T09:53:15,77800.0,30.05,S
2021-07-09T09:53:04,5800.0,30.05,S
2021-07-09T09:53:02,10000.0,30.1,B
2021-07-09T09:53:01,10000.0,30.1,B
2021-07-09T09:52:55,5000.0,30.1,B
2021-07-09T09:52:52,1000.0,30.1,B
2021-07-09T09:52:49,5000.0,30.1,B
2021-07-09T09:52:45,200.0,30.1,B
2021-07-09T09:52:45,600.0,30.1,B
2021-07-09T09:52:45,100.0,30.05,S
2021-07-09T09:52:44,100.0,30.1,B
2021-07-09T09:52:42,1000.0,30.1,B
2021-07-09T09:52:33,100.0,30.1,B
2021-07-09T09:52:28,5000.0,30.1,B
2021-07-09T09:52:11,1000.0,30.1,B
2021-07-09T09:52:09,4200.0,30.1,B
2021-07-09T09:52:07,3000.0,30.05,S
2021-07-09T09:52:04,8000.0,30.1,B
2021-07-09T09:52:01,3600.0,30.1,B
2021-07-09T09:52:00,100.0,30.1,B
2021-07-09T09:51:58,6000.0,30.05,S
2021-07-09T09:51:53,900.0,30.1,B
2021-07-09T09:51:51,10000.0,30.05,S
2021-07-09T09:51:49,3800.0,30.1,S
2021-07-09T09:51:43,4200.0,30.1,B
2021-07-09T09:51:34,10000.0,30.1,B
2021-07-09T09:51:34,4800.0,30.05,S
2021-07-09T09:51:33,500.0,30.1,B
2021-07-09T09:51:29,4800.0,30.05,S
2021-07-09T09:51:20,200.0,30.1,B
2021-07-09T09:51:11,4800.0,30.05,S
2021-07-09T09:51:10,500.0,30.1,B
2021-07-09T09:51:09,500.0,30.05,S
2021-07-09T09:51:09,4000.0,30.1,B
2021-07-09T09:51:03,500.0,30.05,S
2021-07-09T09:51:02,300.0,30.1,B
2021-07-09T09:51:01,1800.0,30.1,B
2021-07-09T09:50:58,500.0,30.05,S
2021-07-09T09:50:57,200.0,30.1,B
2021-07-09T09:50:57,2000.0,30.1,B
2021-07-09T09:50:57,800.0,30.05,S
2021-07-09T09:50:57,200.0,30.05,S
2021-07-09T09:50:57,2400.0,30.05,S
2021-07-09T09:50:57,500.0,30.1,B
2021-07-09T09:50:53,4800.0,30.05,S
2021-07-09T09:50:52,500.0,30.05,S
2021-07-09T09:50:51,1800.0,30.05,S
2021-07-09T09:50:49,3900.0,30.1,B
2021-07-09T09:50:47,300.0,30.1,B
2021-07-09T09:50:45,20500.0,30.05,S
2021-07-09T09:50:44,500.0,30.1,B
2021-07-09T09:50:44,200.0,30.1,B
2021-07-09T09:50:44,1700.0,30.1,B
2021-07-09T09:50:41,3000.0,30.1,B
2021-07-09T09:50:40,500.0,30.05,S
2021-07-09T09:50:38,500.0,30.1,B
2021-07-09T09:50:38,700.0,30.1,B
2021-07-09T09:50:37,4000.0,30.1,B
2021-07-09T09:50:35,500.0,30.05,S
2021-07-09T09:50:30,200.0,30.1,B
2021-07-09T09:50:28,100.0,30.1,B
2021-07-09T09:50:26,18100.0,30.1,S
2021-07-09T09:50:23,600.0,30.15,B
2021-07-09T09:50:22,2000.0,30.1,S
2021-07-09T09:50:22,100.0,30.1,S
2021-07-09T09:50:18,100.0,30.1,S
2021-07-09T09:50:17,300.0,30.1,S
2021-07-09T09:50:17,2000.0,30.1,S
2021-07-09T09:50:12,1000.0,30.1,S
2021-07-09T09:50:07,4800.0,30.1,S
2021-07-09T09:50:06,70000.0,30.15,B
2021-07-09T09:50:05,500.0,30.1,B
2021-07-09T09:50:05,1700.0,30.1,S
2021-07-09T09:50:05,4800.0,30.1,S
2021-07-09T09:50:03,5500.0,30.1,S
2021-07-09T09:50:01,400.0,30.1,S
2021-07-09T09:49:59,5000.0,30.1,S
2021-07-09T09:49:58,2100.0,30.1,S
2021-07-09T09:49:56,4800.0,30.1,S
2021-07-09T09:49:52,10000.0,30.1,S
2021-07-09T09:49:50,100.0,30.1,S
2021-07-09T09:49:50,2300.0,30.1,S
2021-07-09T09:49:50,3100.0,30.1,S
2021-07-09T09:49:50,200.0,30.1,S
2021-07-09T09:49:50,2600.0,30.1,S
2021-07-09T09:49:50,10000.0,30.1,S
2021-07-09T09:49:50,1300.0,30.1,S
2021-07-09T09:49:50,500.0,30.1,S
2021-07-09T09:49:50,1400.0,30.1,S
2021-07-09T09:49:50,700.0,30.1,S
2021-07-09T09:49:50,9400.0,30.1,S
2021-07-09T09:49:50,18400.0,30.1,S
2021-07-09T09:49:48,600.0,30.1,S
2021-07-09T09:49:46,6100.0,30.1,S
2021-07-09T09:49:46,4800.0,30.1,S
2021-07-09T09:49:39,5800.0,30.1,S
2021-07-09T09:49:33,200.0,30.15,B
2021-07-09T09:49:33,4800.0,30.1,S
2021-07-09T09:49:29,400.0,30.15,B
2021-07-09T09:49:26,5500.0,30.1,S
2021-07-09T09:49:25,500.0,30.1,S
2021-07-09T09:49:21,500.0,30.1,S
2021-07-09T09:49:21,100.0,30.15,S
2021-07-09T09:49:21,11300.0,30.15,S
2021-07-09T09:49:17,500.0,30.15,S
2021-07-09T09:49:14,1800.0,30.15,S
2021-07-09T09:49:14,600.0,30.15,S
2021-07-09T09:49:14,2500.0,30.15,S
2021-07-09T09:49:14,8000.0,30.15,S
2021-07-09T09:49:14,10500.0,30.15,S
2021-07-09T09:49:14,6600.0,30.15,S
2021-07-09T09:49:13,50000.0,30.15,S
2021-07-09T09:49:12,500.0,30.15,S
2021-07-09T09:49:11,4800.0,30.15,S
2021-07-09T09:49:09,4400.0,30.15,S
2021-07-09T09:49:06,500.0,30.15,S
2021-07-09T09:49:02,500.0,30.15,S
2021-07-09T09:49:01,44500.0,30.2,B
2021-07-09T09:49:01,3500.0,30.2,B
2021-07-09T09:49:00,4800.0,30.15,S
2021-07-09T09:48:56,500.0,30.15,S
2021-07-09T09:48:52,5000.0,30.15,S
2021-07-09T09:48:50,4800.0,30.15,S
2021-07-09T09:48:45,4600.0,30.15,S
2021-07-09T09:48:40,4800.0,30.15,S
2021-07-09T09:48:34,100.0,30.2,B
2021-07-09T09:48:28,9400.0,30.15,B
2021-07-09T09:48:28,4800.0,30.1,S
2021-07-09T09:48:27,100.0,30.15,B
2021-07-09T09:48:27,1200.0,30.15,B
2021-07-09T09:48:27,8800.0,30.15,B
2021-07-09T09:48:26,100000.0,30.15,B
2021-07-09T09:48:26,300.0,30.1,S
2021-07-09T09:48:16,4200.0,30.1,S
2021-07-09T09:48:13,30000.0,30.15,B
2021-07-09T09:48:11,500.0,30.1,S
2021-07-09T09:48:08,500.0,30.1,S
2021-07-09T09:48:06,1200.0,30.1,S
2021-07-09T09:48:05,2800.0,30.1,S
2021-07-09T09:48:05,100.0,30.15,B
2021-07-09T09:48:03,500.0,30.1,S
2021-07-09T09:48:01,17400.0,30.15,B
2021-07-09T09:48:01,32600.0,30.15,B
2021-07-09T09:47:59,4600.0,30.1,S
2021-07-09T09:47:54,500.0,30.1,S
2021-07-09T09:47:51,500.0,30.1,S
2021-07-09T09:47:42,500.0,30.1,S
2021-07-09T09:47:39,100.0,30.1,S
2021-07-09T09:47:39,500.0,30.15,B
2021-07-09T09:47:38,500.0,30.1,S
2021-07-09T09:47:38,500.0,30.1,S
2021-07-09T09:47:34,100.0,30.1,S
2021-07-09T09:47:28,19100.0,30.15,B
2021-07-09T09:47:28,30900.0,30.15,B
2021-07-09T09:47:27,5000.0,30.15,B
2021-07-09T09:47:25,200.0,30.15,B
2021-07-09T09:47:23,100.0,30.15,B
2021-07-09T09:47:22,200.0,30.15,B
2021-07-09T09:47:14,100.0,30.15,B
2021-07-09T09:47:13,1000.0,30.1,S
2021-07-09T09:47:13,50000.0,30.15,B
2021-07-09T09:47:11,3500.0,30.1,S
2021-07-09T09:47:06,500.0,30.1,S
2021-07-09T09:47:02,500.0,30.1,S
2021-07-09T09:47:02,1000.0,30.1,S
2021-07-09T09:47:01,200.0,30.15,B
2021-07-09T09:47:01,200.0,30.15,B
2021-07-09T09:46:57,500.0,30.05,S
2021-07-09T09:46:54,500.0,30.05,S
2021-07-09T09:46:49,117200.0,30.15,B
2021-07-09T09:46:48,500.0,30.05,S
2021-07-09T09:46:48,100.0,30.1,B
2021-07-09T09:46:47,300.0,30.05,S
2021-07-09T09:46:47,300.0,30.1,B
2021-07-09T09:46:42,500.0,30.05,S
2021-07-09T09:46:38,2000.0,30.1,B
2021-07-09T09:46:38,500.0,30.05,S
2021-07-09T09:46:38,7000.0,30.1,B
2021-07-09T09:46:33,100.0,30.1,B
2021-07-09T09:46:33,600.0,30.1,B
2021-07-09T09:46:33,12700.0,30.1,B
2021-07-09T09:46:33,1000.0,30.1,B
2021-07-09T09:46:33,2500.0,30.1,B
2021-07-09T09:46:33,5200.0,30.1,B
2021-07-09T09:46:28,3000.0,30.1,B
2021-07-09T09:46:28,500.0,30.1,B
2021-07-09T09:46:26,500.0,30.1,B
2021-07-09T09:46:23,93000.0,30.1,B
2021-07-09T09:46:23,100.0,30.1,B
2021-07-09T09:46:23,38600.0,30.1,B
2021-07-09T09:46:23,4500.0,30.1,B
2021-07-09T09:46:23,600.0,30.1,B
2021-07-09T09:46:23,55200.0,30.1,B
2021-07-09T09:46:19,200.0,30.1,B
2021-07-09T09:46:19,1600.0,30.1,B
2021-07-09T09:46:07,2300.0,30.1,B
2021-07-09T09:46:07,5000.0,30.1,B
2021-07-09T09:45:58,10000.0,30.1,B
2021-07-09T09:45:54,100.0,30.05,S
2021-07-09T09:45:52,1200.0,30.05,S
2021-07-09T09:45:46,2000.0,30.1,B
2021-07-09T09:45:41,100.0,30.05,S
2021-07-09T09:45:41,1000.0,30.1,B
2021-07-09T09:45:38,100.0,30.05,S
2021-07-09T09:45:24,200.0,30.1,B
2021-07-09T09:45:20,500.0,30.05,S
2021-07-09T09:45:16,10400.0,30.05,S
2021-07-09T09:45:16,20000.0,30.05,B
2021-07-09T09:45:13,20000.0,30.05,B
2021-07-09T09:45:10,100.0,30.05,B
2021-07-09T09:45:04,700.0,30.05,B
2021-07-09T09:45:04,1000.0,30.0,S
2021-07-09T09:45:03,200.0,30.05,B
2021-07-09T09:44:56,1400.0,30.0,S
2021-07-09T09:44:53,3000.0,30.05,B
2021-07-09T09:44:52,1000.0,30.05,B
2021-07-09T09:44:51,100.0,30.0,S
2021-07-09T09:44:41,500.0,30.0,S
2021-07-09T09:44:39,2400.0,30.0,S
2021-07-09T09:44:39,2500.0,30.0,S
2021-07-09T09:44:39,8800.0,30.0,S
2021-07-09T09:44:31,200.0,30.0,S
2021-07-09T09:44:26,5000.0,30.05,B
2021-07-09T09:44:24,700.0,30.05,B
2021-07-09T09:44:16,100.0,30.0,S
2021-07-09T09:44:15,3800.0,30.0,S
2021-07-09T09:44:14,200.0,30.0,S
2021-07-09T09:44:12,10000.0,30.0,S
2021-07-09T09:44:12,500.0,30.0,S
2021-07-09T09:44:10,2000.0,30.0,S
2021-07-09T09:44:09,300.0,30.0,S
2021-07-09T09:44:08,500.0,30.0,S
2021-07-09T09:44:05,500.0,30.0,S
2021-07-09T09:44:04,2000.0,30.0,S
2021-07-09T09:43:53,100.0,30.0,S
2021-07-09T09:43:48,100.0,30.0,S
2021-07-09T09:43:45,500.0,30.0,S
2021-07-09T09:43:44,500.0,30.0,S
2021-07-09T09:43:44,200.0,30.0,S
2021-07-09T09:43:43,700.0,30.0,S
2021-07-09T09:43:43,2000.0,30.0,S
2021-07-09T09:43:34,200.0,30.0,S
2021-07-09T09:43:27,10000.0,30.0,S
2021-07-09T09:43:26,1000.0,30.0,S
2021-07-09T09:43:18,4000.0,30.0,S
2021-07-09T09:43:16,500.0,30.0,S
2021-07-09T09:43:15,100.0,30.0,S
2021-07-09T09:43:14,1200.0,30.0,S
2021-07-09T09:43:12,1000.0,30.0,S
2021-07-09T09:43:09,6800.0,30.0,B
2021-07-09T09:43:09,3200.0,30.0,B
2021-07-09T09:43:09,400.0,30.0,B
2021-07-09T09:43:09,34000.0,30.0,B
2021-07-09T09:43:09,27500.0,30.0,B
2021-07-09T09:43:09,30000.0,30.0,B
2021-07-09T09:43:06,5000.0,30.0,B
2021-07-09T09:42:55,500.0,30.0,B
2021-07-09T09:42:54,300.0,29.95,S
2021-07-09T09:42:53,500.0,29.95,S
2021-07-09T09:42:50,600.0,30.0,B
2021-07-09T09:42:46,100.0,29.95,S
2021-07-09T09:42:45,4000.0,29.95,S
2021-07-09T09:42:30,1000.0,29.95,B
2021-07-09T09:42:28,500.0,29.95,B
2021-07-09T09:42:26,1000.0,29.95,B
2021-07-09T09:42:26,100.0,29.95,B
2021-07-09T09:42:24,1000.0,29.95,B
2021-07-09T09:42:23,4400.0,29.95,B
2021-07-09T09:42:22,4000.0,29.95,B
2021-07-09T09:42:19,10000.0,29.95,B
2021-07-09T09:42:16,1000.0,29.95,B
2021-07-09T09:42:13,200.0,29.95,B
2021-07-09T09:42:13,100.0,29.9,S
2021-07-09T09:42:09,1600.0,29.95,B
2021-07-09T09:42:08,100.0,29.95,B
2021-07-09T09:42:06,1000.0,29.95,B
2021-07-09T09:42:05,1000.0,29.95,B
2021-07-09T09:42:04,100.0,29.95,B
2021-07-09T09:42:04,200.0,29.95,B
2021-07-09T09:42:01,3000.0,29.95,B
2021-07-09T09:42:01,100.0,29.95,B
2021-07-09T09:41:59,100.0,29.95,B
2021-07-09T09:41:59,2000.0,29.95,B
2021-07-09T09:41:58,300.0,29.95,B
2021-07-09T09:41:58,3700.0,29.95,B
2021-07-09T09:41:56,100.0,29.95,B
2021-07-09T09:41:54,700.0,29.95,B
2021-07-09T09:41:51,1500.0,29.95,B
2021-07-09T09:41:44,100.0,29.95,B
2021-07-09T09:41:43,1300.0,29.95,B
2021-07-09T09:41:41,100.0,29.95,B
2021-07-09T09:41:39,400.0,29.95,B
2021-07-09T09:41:35,10000.0,29.95,S
2021-07-09T09:41:35,34400.0,29.95,S
2021-07-09T09:41:35,1300.0,29.95,S
2021-07-09T09:41:35,400.0,29.95,S
2021-07-09T09:41:35,100.0,29.95,S
2021-07-09T09:41:35,500.0,29.95,S
2021-07-09T09:41:35,100.0,29.95,S
2021-07-09T09:41:35,300.0,29.95,S
2021-07-09T09:41:35,8700.0,29.95,S
2021-07-09T09:41:35,200.0,29.95,S
2021-07-09T09:41:35,2100.0,29.95,S
2021-07-09T09:41:35,4700.0,29.95,S
2021-07-09T09:41:35,2000.0,29.95,S
2021-07-09T09:41:35,9000.0,29.95,S
2021-07-09T09:41:35,10400.0,29.95,S
2021-07-09T09:41:35,1200.0,29.95,S
2021-07-09T09:41:35,1500.0,29.95,S
2021-07-09T09:41:35,3400.0,29.95,S
2021-07-09T09:41:35,53100.0,29.95,S
2021-07-09T09:41:31,5400.0,30.0,B
2021-07-09T09:41:23,10000.0,30.0,B
2021-07-09T09:41:18,50100.0,30.0,B
2021-07-09T09:41:17,1600.0,30.0,B
2021-07-09T09:41:12,10000.0,30.0,B
2021-07-09T09:41:07,100.0,29.95,S
2021-07-09T09:41:07,100.0,30.0,B
2021-07-09T09:41:06,100.0,30.0,B
2021-07-09T09:41:05,5900.0,30.0,B
2021-07-09T09:41:04,500.0,30.0,B
2021-07-09T09:41:01,10000.0,30.0,B
2021-07-09T09:40:59,100.0,30.0,B
2021-07-09T09:40:59,400.0,30.0,B
2021-07-09T09:40:49,100.0,30.0,B
2021-07-09T09:40:48,500.0,30.0,B
2021-07-09T09:40:47,7000.0,30.0,B
2021-07-09T09:40:45,100.0,30.0,B
2021-07-09T09:40:45,100.0,30.0,B
2021-07-09T09:40:43,4000.0,30.0,B
2021-07-09T09:40:43,900.0,30.0,B
2021-07-09T09:40:43,1600.0,30.0,B
2021-07-09T09:40:42,3000.0,30.0,B
2021-07-09T09:40:28,100.0,30.0,B
2021-07-09T09:40:22,500.0,30.0,B
2021-07-09T09:40:22,1000.0,30.0,B
2021-07-09T09:40:21,1100.0,30.0,B
2021-07-09T09:40:17,1000.0,30.0,B
2021-07-09T09:40:16,1000.0,30.0,B
2021-07-09T09:40:16,100.0,30.0,B
2021-07-09T09:40:16,300.0,30.0,B
2021-07-09T09:40:16,100.0,30.0,B
2021-07-09T09:40:13,300.0,30.0,B
2021-07-09T09:40:13,200.0,30.0,B
2021-07-09T09:40:12,500.0,30.0,B
2021-07-09T09:40:05,100.0,30.0,B
2021-07-09T09:40:02,100.0,30.0,B
2021-07-09T09:40:02,100.0,30.0,S
2021-07-09T09:40:02,5000.0,30.0,S
2021-07-09T09:40:02,1800.0,30.0,S
2021-07-09T09:40:02,1800.0,30.0,S
2021-07-09T09:40:00,200.0,30.0,S
2021-07-09T09:39:59,1400.0,30.0,S
2021-07-09T09:39:59,14600.0,30.0,S
2021-07-09T09:39:58,10000.0,30.0,S
2021-07-09T09:39:55,1000.0,30.0,S
2021-07-09T09:39:53,10000.0,30.0,S
2021-07-09T09:39:53,1000.0,30.0,S
2021-07-09T09:39:43,400.0,30.0,S
2021-07-09T09:39:38,200.0,30.0,S
2021-07-09T09:39:23,3900.0,30.0,B
2021-07-09T09:39:21,200.0,30.0,B
2021-07-09T09:39:18,200.0,30.0,B
2021-07-09T09:39:12,200.0,30.0,B
2021-07-09T09:39:12,1000.0,30.0,B
2021-07-09T09:39:10,500.0,30.0,S
2021-07-09T09:39:10,2600.0,30.0,S
2021-07-09T09:39:05,8600.0,30.0,S
2021-07-09T09:39:03,300.0,30.0,B
2021-07-09T09:39:03,100.0,30.0,B
2021-07-09T09:39:02,100.0,30.0,B
2021-07-09T09:39:01,2300.0,30.0,S
2021-07-09T09:39:01,100.0,30.0,S
2021-07-09T09:39:01,900.0,30.0,S
2021-07-09T09:39:01,3400.0,30.0,S
2021-07-09T09:39:01,100.0,30.0,S
2021-07-09T09:39:01,21300.0,30.0,S
2021-07-09T09:39:01,19800.0,30.0,S
2021-07-09T09:38:55,600.0,30.05,B
2021-07-09T09:38:55,14400.0,30.0,S
2021-07-09T09:38:32,1000.0,30.0,S
2021-07-09T09:38:30,1500.0,30.0,S
2021-07-09T09:38:30,300.0,30.0,S
2021-07-09T09:38:30,5600.0,30.0,S
2021-07-09T09:38:30,2600.0,30.0,S
2021-07-09T09:38:30,1000.0,30.1,B
2021-07-09T09:38:29,100.0,30.0,S
2021-07-09T09:38:22,500.0,30.0,S
2021-07-09T09:38:11,3500.0,30.0,S
2021-07-09T09:38:08,100.0,30.05,S
2021-07-09T09:38:05,16800.0,30.0,S
2021-07-09T09:38:03,2200.0,30.0,S
2021-07-09T09:38:03,5200.0,30.0,S
2021-07-09T09:38:03,4300.0,30.0,S
2021-07-09T09:38:02,1000.0,30.05,B
2021-07-09T09:38:01,3000.0,30.0,S
2021-07-09T09:38:01,400.0,30.0,S
2021-07-09T09:37:55,800.0,30.0,S
2021-07-09T09:37:55,200.0,30.0,S
2021-07-09T09:37:53,100.0,30.0,S
2021-07-09T09:37:46,400.0,30.0,S
2021-07-09T09:37:46,300.0,30.0,S
2021-07-09T09:37:40,1000.0,30.0,S
2021-07-09T09:37:33,12900.0,30.0,S
2021-07-09T09:37:32,200.0,30.0,S
2021-07-09T09:37:30,2500.0,30.0,S
2021-07-09T09:37:27,5000.0,30.0,S
2021-07-09T09:37:25,400.0,30.0,S
2021-07-09T09:37:20,5000.0,30.0,S
2021-07-09T09:37:20,400.0,30.0,S
2021-07-09T09:37:10,2000.0,30.0,S
2021-07-09T09:37:07,1200.0,30.05,B
2021-07-09T09:37:05,3300.0,30.05,B
2021-07-09T09:37:03,100.0,30.0,S
2021-07-09T09:37:03,100.0,30.0,S
2021-07-09T09:37:01,20700.0,30.0,S
2021-07-09T09:36:54,1200.0,30.0,B
2021-07-09T09:36:54,32100.0,30.0,B
2021-07-09T09:36:53,1000.0,30.0,B
2021-07-09T09:36:50,7000.0,30.0,B
2021-07-09T09:36:50,1000.0,30.0,B
2021-07-09T09:36:50,500.0,30.0,B
2021-07-09T09:36:48,500.0,29.95,S
2021-07-09T09:36:48,1000.0,30.0,B
2021-07-09T09:36:47,1000.0,29.95,S
2021-07-09T09:36:39,300.0,30.0,B
2021-07-09T09:36:36,1000.0,30.0,B
2021-07-09T09:36:36,300.0,30.0,B
2021-07-09T09:36:36,1000.0,30.0,B
2021-07-09T09:36:35,2900.0,30.0,B
2021-07-09T09:36:31,500.0,29.95,S
2021-07-09T09:36:31,100.0,30.0,B
2021-07-09T09:36:27,1200.0,30.0,B
2021-07-09T09:36:27,200.0,30.0,B
2021-07-09T09:36:27,600.0,30.0,B
2021-07-09T09:36:27,21500.0,30.0,B
2021-07-09T09:36:27,700.0,30.0,B
2021-07-09T09:36:27,4600.0,30.0,B
2021-07-09T09:36:27,200.0,30.0,B
2021-07-09T09:36:27,3700.0,30.0,B
2021-07-09T09:36:27,3700.0,30.0,B
2021-07-09T09:36:27,1100.0,30.0,B
2021-07-09T09:36:27,1800.0,30.0,B
2021-07-09T09:36:27,10700.0,30.0,B
2021-07-09T09:36:24,100.0,30.0,B
2021-07-09T09:36:24,12000.0,30.0,B
2021-07-09T09:36:24,100.0,30.0,B
2021-07-09T09:36:15,2000.0,30.0,B
2021-07-09T09:36:13,10000.0,30.0,B
2021-07-09T09:36:12,100.0,30.0,B
2021-07-09T09:36:05,500.0,30.0,B
2021-07-09T09:36:05,300.0,30.0,B
2021-07-09T09:36:05,600.0,29.95,S
2021-07-09T09:36:04,30000.0,30.0,B
2021-07-09T09:36:02,5000.0,30.0,B
2021-07-09T09:36:01,2000.0,29.95,S
2021-07-09T09:35:58,7800.0,30.0,B
2021-07-09T09:35:55,4000.0,29.95,S
2021-07-09T09:35:51,5000.0,30.0,B
2021-07-09T09:35:45,100.0,29.95,S
2021-07-09T09:35:42,200.0,30.0,B
2021-07-09T09:35:38,100.0,30.0,B
2021-07-09T09:35:33,8900.0,29.95,S
2021-07-09T09:35:33,1000.0,30.0,B
2021-07-09T09:35:31,10000.0,30.0,B
2021-07-09T09:35:26,1100.0,29.95,S
2021-07-09T09:35:26,2900.0,29.95,S
2021-07-09T09:35:20,100.0,30.0,B
2021-07-09T09:35:20,600.0,30.0,B
2021-07-09T09:35:16,5000.0,29.95,S
2021-07-09T09:35:14,100.0,30.0,B
2021-07-09T09:35:13,800.0,30.0,B
2021-07-09T09:35:10,2100.0,30.0,B
2021-07-09T09:34:59,100.0,30.0,B
2021-07-09T09:34:59,200.0,30.0,B
2021-07-09T09:34:59,2000.0,30.0,B
2021-07-09T09:34:55,4800.0,30.0,B
2021-07-09T09:34:50,800.0,30.0,B
2021-07-09T09:34:50,300.0,30.0,S
2021-07-09T09:34:50,2400.0,30.0,S
2021-07-09T09:34:50,9100.0,30.0,S
2021-07-09T09:34:50,7200.0,30.0,S
2021-07-09T09:34:50,2800.0,30.0,S
2021-07-09T09:34:50,2000.0,30.05,B
2021-07-09T09:34:50,200.0,30.0,S
2021-07-09T09:34:49,12600.0,30.0,S
2021-07-09T09:34:49,1200.0,30.0,S
2021-07-09T09:34:47,7000.0,30.0,S
2021-07-09T09:34:44,6000.0,30.0,S
2021-07-09T09:34:44,500.0,30.0,S
2021-07-09T09:34:40,1600.0,30.0,S
2021-07-09T09:34:40,3100.0,30.0,S
2021-07-09T09:34:40,300.0,30.0,S
2021-07-09T09:34:36,1100.0,30.0,S
2021-07-09T09:34:36,4000.0,30.0,S
2021-07-09T09:34:36,900.0,30.0,S
2021-07-09T09:34:36,2100.0,30.0,S
2021-07-09T09:34:36,2000.0,30.0,S
2021-07-09T09:34:36,300.0,30.0,S
2021-07-09T09:34:36,3400.0,30.0,S
2021-07-09T09:34:36,1200.0,30.0,S
2021-07-09T09:34:36,2000.0,30.0,S
2021-07-09T09:34:36,300.0,30.0,S
2021-07-09T09:34:36,1200.0,30.0,S
2021-07-09T09:34:36,600.0,30.0,S
2021-07-09T09:34:36,1000.0,30.0,S
2021-07-09T09:34:36,25000.0,30.0,S
2021-07-09T09:34:36,700.0,30.0,S
2021-07-09T09:34:36,700.0,30.0,S
2021-07-09T09:34:36,1300.0,30.0,S
2021-07-09T09:34:36,10100.0,30.0,S
2021-07-09T09:34:36,300.0,30.0,S
2021-07-09T09:34:36,900.0,30.0,S
2021-07-09T09:34:36,5400.0,30.0,S
2021-07-09T09:34:36,300.0,30.0,S
2021-07-09T09:34:36,2000.0,30.0,S
2021-07-09T09:34:36,10300.0,30.0,S
2021-07-09T09:34:36,1300.0,30.0,S
2021-07-09T09:34:36,2800.0,30.0,S
2021-07-09T09:34:36,5500.0,30.0,S
2021-07-09T09:34:36,2500.0,30.0,S
2021-07-09T09:34:36,7400.0,30.0,S
