tradingTime,volume,price,side
2021-07-09T11:27:12,18700.0,20.8,S
2021-07-09T11:24:18,2000.0,20.8,S
2021-07-09T11:23:59,600.0,20.8,S
2021-07-09T11:22:49,30000.0,20.8,S
2021-07-09T11:22:20,1000.0,20.8,S
2021-07-09T11:22:09,500.0,20.9,B
2021-07-09T11:18:08,400.0,20.9,B
2021-07-09T11:18:07,6600.0,20.9,B
2021-07-09T11:17:24,27400.0,20.9,B
2021-07-09T11:16:22,1000.0,20.9,S
2021-07-09T11:15:26,100.0,20.9,B
2021-07-09T11:15:05,2000.0,20.9,B
2021-07-09T11:14:43,2000.0,20.9,B
2021-07-09T11:13:03,2000.0,20.9,B
2021-07-09T11:12:14,300.0,20.9,B
2021-07-09T11:12:07,15700.0,20.9,B
2021-07-09T11:11:43,2000.0,20.9,S
2021-07-09T11:11:11,700.0,20.9,S
2021-07-09T11:09:16,100.0,20.9,S
2021-07-09T11:07:13,2500.0,20.9,B
2021-07-09T11:07:08,1000.0,20.9,B
2021-07-09T11:07:01,1000.0,20.9,B
2021-07-09T11:06:55,2000.0,20.9,B
2021-07-09T11:06:24,3000.0,20.9,B
2021-07-09T11:06:13,300.0,20.9,B
2021-07-09T11:05:40,2000.0,20.9,B
2021-07-09T11:05:30,8200.0,20.9,S
2021-07-09T11:05:10,1800.0,20.9,B
2021-07-09T11:05:03,1000.0,20.9,B
2021-07-09T11:04:18,17200.0,20.9,S
2021-07-09T11:03:56,500.0,21.0,B
2021-07-09T11:03:31,400.0,21.0,S
2021-07-09T11:03:27,300.0,21.1,B
2021-07-09T11:02:41,1100.0,21.0,B
2021-07-09T11:02:03,18900.0,21.0,S
2021-07-09T11:01:55,9800.0,21.0,S
2021-07-09T11:00:43,3300.0,21.0,S
2021-07-09T11:00:36,1000.0,21.0,B
2021-07-09T10:58:15,1000.0,21.0,S
2021-07-09T10:57:43,500.0,21.0,S
2021-07-09T10:57:21,500.0,21.0,B
2021-07-09T10:56:33,4500.0,21.0,S
2021-07-09T10:54:20,100.0,21.0,S
2021-07-09T10:54:14,200.0,21.0,S
2021-07-09T10:54:08,1000.0,21.0,S
2021-07-09T10:53:28,100.0,21.0,S
2021-07-09T10:52:52,200.0,21.0,S
2021-07-09T10:52:43,100.0,21.0,S
2021-07-09T10:52:13,3000.0,21.0,S
2021-07-09T10:51:32,100.0,21.0,S
2021-07-09T10:50:49,5800.0,21.0,S
2021-07-09T10:50:38,200.0,21.0,B
2021-07-09T10:49:33,4100.0,21.0,S
2021-07-09T10:49:31,2500.0,21.0,S
2021-07-09T10:48:20,600.0,21.0,S
2021-07-09T10:46:43,1300.0,21.0,S
2021-07-09T10:43:56,3400.0,21.2,B
2021-07-09T10:43:54,200.0,21.2,B
2021-07-09T10:43:27,2000.0,21.2,B
2021-07-09T10:42:26,25000.0,21.2,B
2021-07-09T10:42:10,200.0,21.0,B
2021-07-09T10:42:04,2000.0,21.0,B
2021-07-09T10:40:53,100.0,21.0,B
2021-07-09T10:39:30,300.0,21.0,B
2021-07-09T10:39:13,1800.0,21.0,B
2021-07-09T10:38:49,4400.0,21.0,B
2021-07-09T10:36:17,200.0,21.0,B
2021-07-09T10:35:55,500.0,21.0,B
2021-07-09T10:34:51,700.0,21.0,B
2021-07-09T10:34:27,2400.0,21.0,S
2021-07-09T10:34:10,1700.0,21.1,B
2021-07-09T10:34:01,3800.0,21.0,S
2021-07-09T10:33:47,2000.0,21.0,S
2021-07-09T10:33:26,21900.0,21.0,B
2021-07-09T10:31:56,200.0,20.9,S
2021-07-09T10:29:06,1100.0,20.9,S
2021-07-09T10:28:25,12500.0,20.9,S
2021-07-09T10:27:21,6800.0,21.0,B
2021-07-09T10:27:13,20000.0,21.0,S
2021-07-09T10:27:08,200.0,21.0,S
2021-07-09T10:26:35,200.0,21.0,S
2021-07-09T10:26:11,100.0,21.0,S
2021-07-09T10:26:06,4100.0,21.0,S
2021-07-09T10:26:01,300.0,21.0,S
2021-07-09T10:25:44,2000.0,21.0,S
2021-07-09T10:24:53,4900.0,21.0,S
2021-07-09T10:24:27,1000.0,21.1,B
2021-07-09T10:24:04,400.0,21.1,B
2021-07-09T10:23:55,300.0,21.0,S
2021-07-09T10:23:02,500.0,21.0,S
2021-07-09T10:22:55,800.0,21.1,B
2021-07-09T10:22:39,1000.0,21.1,S
2021-07-09T10:22:37,500.0,21.1,S
2021-07-09T10:22:24,200.0,21.1,S
2021-07-09T10:22:18,200.0,21.1,S
2021-07-09T10:21:42,200.0,21.1,S
2021-07-09T10:21:37,200.0,21.1,S
2021-07-09T10:21:33,1000.0,21.1,S
2021-07-09T10:21:28,5000.0,21.1,S
2021-07-09T10:20:33,30000.0,21.1,S
2021-07-09T10:20:26,2500.0,21.1,S
2021-07-09T10:20:19,500.0,21.2,B
2021-07-09T10:20:17,100.0,21.1,S
2021-07-09T10:20:03,500.0,21.1,S
2021-07-09T10:19:59,500.0,21.1,S
2021-07-09T10:19:56,1000.0,21.1,S
2021-07-09T10:19:47,600.0,21.1,S
2021-07-09T10:18:56,2700.0,21.1,S
2021-07-09T10:18:50,200.0,21.2,B
2021-07-09T10:18:41,3000.0,21.1,S
2021-07-09T10:18:19,100.0,21.1,S
2021-07-09T10:17:54,200.0,21.2,B
2021-07-09T10:17:42,5100.0,21.2,S
2021-07-09T10:17:41,10000.0,21.2,S
2021-07-09T10:17:41,800.0,21.2,S
2021-07-09T10:17:36,1400.0,21.2,S
2021-07-09T10:17:36,1000.0,21.2,S
2021-07-09T10:17:30,500.0,21.2,S
2021-07-09T10:17:27,100.0,21.2,S
2021-07-09T10:17:25,5000.0,21.2,S
2021-07-09T10:16:23,300.0,21.3,B
2021-07-09T10:16:08,100.0,21.3,B
2021-07-09T10:16:07,4000.0,21.3,S
2021-07-09T10:15:57,500.0,21.4,B
2021-07-09T10:15:52,1000.0,21.3,S
2021-07-09T10:15:46,1000.0,21.3,S
2021-07-09T10:15:44,300.0,21.3,S
2021-07-09T10:15:15,100.0,21.3,S
2021-07-09T10:15:01,500.0,21.4,B
2021-07-09T10:14:55,500.0,21.3,S
2021-07-09T10:14:02,200.0,21.3,S
2021-07-09T10:12:49,500.0,21.3,S
2021-07-09T10:12:28,16600.0,21.3,B
2021-07-09T10:12:26,5000.0,21.3,B
2021-07-09T10:12:06,600.0,21.3,B
2021-07-09T10:11:36,1000.0,21.2,B
2021-07-09T10:11:18,3000.0,21.2,B
2021-07-09T10:11:10,20000.0,21.2,B
2021-07-09T10:11:08,500.0,21.2,B
2021-07-09T10:09:25,50000.0,21.2,B
2021-07-09T10:09:23,10000.0,21.0,S
2021-07-09T10:09:10,100.0,21.0,S
2021-07-09T10:08:56,100.0,21.0,S
2021-07-09T10:08:54,1000.0,21.1,B
2021-07-09T10:08:40,5700.0,21.0,B
2021-07-09T10:07:46,1000.0,21.0,B
2021-07-09T10:07:14,10000.0,21.0,B
2021-07-09T10:06:30,1000.0,21.0,B
2021-07-09T10:05:41,6000.0,20.9,S
2021-07-09T10:05:37,20000.0,21.0,B
2021-07-09T10:04:44,100.0,20.9,S
2021-07-09T10:04:23,300.0,20.9,S
2021-07-09T10:04:16,7100.0,20.9,B
2021-07-09T10:03:49,3100.0,20.9,S
2021-07-09T10:03:45,4000.0,20.9,S
2021-07-09T10:03:42,2000.0,20.9,S
2021-07-09T10:01:58,300.0,20.9,B
2021-07-09T10:01:19,2100.0,20.9,S
2021-07-09T10:01:14,15000.0,20.9,S
2021-07-09T10:01:03,3000.0,20.9,S
2021-07-09T09:59:53,1000.0,20.9,S
2021-07-09T09:59:46,21100.0,20.9,S
2021-07-09T09:59:37,1000.0,20.9,S
2021-07-09T09:56:38,4000.0,20.9,S
2021-07-09T09:56:20,100.0,20.9,S
2021-07-09T09:56:16,300.0,21.0,B
2021-07-09T09:54:15,500.0,21.0,B
2021-07-09T09:53:36,100.0,21.0,B
2021-07-09T09:53:12,100.0,21.0,B
2021-07-09T09:52:57,10000.0,21.0,B
2021-07-09T09:52:03,100.0,21.0,B
2021-07-09T09:51:54,9200.0,21.0,B
2021-07-09T09:51:51,5000.0,21.0,S
2021-07-09T09:51:44,1000.0,21.0,S
2021-07-09T09:51:42,5000.0,21.0,S
2021-07-09T09:51:38,500.0,21.0,S
2021-07-09T09:51:34,1000.0,21.0,S
2021-07-09T09:51:28,500.0,21.0,S
2021-07-09T09:51:13,500.0,21.0,S
2021-07-09T09:51:11,2000.0,21.0,S
2021-07-09T09:50:59,100.0,21.0,S
2021-07-09T09:50:35,100.0,21.0,S
2021-07-09T09:49:47,100.0,21.1,B
2021-07-09T09:49:46,1100.0,21.1,B
2021-07-09T09:49:38,800.0,21.1,B
2021-07-09T09:49:32,100.0,21.1,B
2021-07-09T09:49:13,2000.0,21.1,B
2021-07-09T09:49:09,7600.0,21.1,B
2021-07-09T09:48:53,1800.0,21.1,B
2021-07-09T09:48:52,100.0,21.0,S
2021-07-09T09:48:45,1000.0,21.0,S
2021-07-09T09:48:32,500.0,21.0,S
2021-07-09T09:48:14,2000.0,21.0,S
2021-07-09T09:47:31,73300.0,21.0,B
2021-07-09T09:45:51,12400.0,20.8,S
2021-07-09T09:45:17,100.0,20.7,S
2021-07-09T09:45:08,200.0,20.7,B
2021-07-09T09:44:48,200.0,20.7,S
2021-07-09T09:44:46,800.0,20.7,B
2021-07-09T09:44:40,100.0,20.7,B
2021-07-09T09:44:39,1100.0,20.7,B
2021-07-09T09:44:29,100.0,20.7,S
2021-07-09T09:43:30,600.0,20.7,S
2021-07-09T09:43:05,12000.0,20.7,B
2021-07-09T09:42:56,200.0,20.6,S
2021-07-09T09:40:15,1000.0,20.6,S
2021-07-09T09:39:29,200.0,20.6,B
2021-07-09T09:39:28,500.0,20.6,B
2021-07-09T09:38:36,500.0,20.6,S
2021-07-09T09:37:36,200.0,20.6,S
2021-07-09T09:37:33,500.0,20.6,S
2021-07-09T09:37:26,300.0,20.6,S
2021-07-09T09:36:42,600.0,20.6,B
2021-07-09T09:36:34,500.0,20.6,B
2021-07-09T09:36:05,3000.0,20.6,B
2021-07-09T09:35:36,700.0,20.6,S
2021-07-09T09:35:13,300.0,20.6,S
2021-07-09T09:33:55,400.0,20.6,B
2021-07-09T09:33:29,300.0,20.6,S
2021-07-09T09:33:26,200.0,20.6,S
2021-07-09T09:33:10,200.0,20.6,S
2021-07-09T09:32:52,2500.0,20.6,S
2021-07-09T09:32:12,1900.0,20.6,B
2021-07-09T09:31:25,8200.0,20.6,S
2021-07-09T09:30:28,200.0,20.6,S
2021-07-09T09:30:20,100.0,20.6,S
2021-07-09T09:30:14,2500.0,20.6,S
2021-07-09T09:25:58,500.0,20.6,B
2021-07-09T09:25:15,1000.0,20.6,B
2021-07-09T09:25:02,100.0,20.6,B
2021-07-09T09:24:50,500.0,20.6,S
2021-07-09T09:24:29,2500.0,20.6,B
2021-07-09T09:24:03,2000.0,20.5,S
2021-07-09T09:23:58,100.0,20.6,B
2021-07-09T09:23:52,100.0,20.6,B
2021-07-09T09:23:42,500.0,20.5,S
2021-07-09T09:23:31,500.0,20.6,B
2021-07-09T09:22:56,3000.0,20.5,S
2021-07-09T09:22:51,100.0,20.6,B
2021-07-09T09:22:41,7200.0,20.6,S
2021-07-09T09:22:37,100.0,20.6,S
2021-07-09T09:22:12,14000.0,20.5,S
2021-07-09T09:21:53,500.0,20.6,S
2021-07-09T09:21:25,500.0,20.6,S
2021-07-09T09:20:23,3000.0,20.5,S
2021-07-09T09:20:23,4800.0,20.6,S
2021-07-09T09:19:36,1000.0,20.5,S
2021-07-09T09:18:04,2300.0,20.5,S
2021-07-09T09:17:55,500.0,20.5,B
2021-07-09T09:17:53,9200.0,20.5,S
2021-07-09T09:17:31,1000.0,20.5,S
2021-07-09T09:17:08,100.0,20.5,S
2021-07-09T09:16:35,14000.0,20.5,S
2021-07-09T09:16:33,500.0,20.6,S
2021-07-09T09:16:19,5000.0,20.6,S
2021-07-09T09:15:57,3000.0,20.6,S
2021-07-09T09:15:43,5900.0,20.6,B
2021-07-09T09:15:05,2000.0,20.6,B
2021-07-09T09:14:54,2000.0,20.5,S
2021-07-09T09:13:00,1200.0,20.6,B
2021-07-09T09:12:48,2300.0,20.6,S
2021-07-09T09:12:26,200.0,20.6,S
2021-07-09T09:11:47,500.0,20.6,B
2021-07-09T09:10:48,2000.0,20.6,B
2021-07-09T09:10:38,7300.0,20.6,S
2021-07-09T09:10:30,1000.0,20.6,S
2021-07-09T09:08:21,3300.0,20.6,S
2021-07-09T09:08:10,300.0,20.6,B
2021-07-09T09:07:21,1500.0,20.6,B
2021-07-09T09:06:18,1000.0,20.6,B
2021-07-09T09:06:18,2100.0,20.6,B
2021-07-09T09:05:45,1600.0,20.6,B
2021-07-09T09:05:26,3200.0,20.6,S
2021-07-09T09:05:06,7800.0,20.6,B
2021-07-09T09:03:35,1000.0,20.6,B
2021-07-09T09:03:11,1400.0,20.6,S
2021-07-09T09:02:37,100.0,20.6,S
2021-07-09T09:02:24,500.0,20.6,S
2021-07-09T09:01:28,500.0,20.6,S
2021-07-09T09:01:22,100.0,20.6,B
2021-07-09T09:00:36,200.0,20.6,B
2021-07-09T09:00:32,100.0,20.6,B
2021-07-09T09:00:20,500.0,20.6,B
2021-07-09T09:00:14,100.0,20.6,B
2021-07-09T09:00:10,1000.0,20.6,B
