tradingTime,volume,price,side
2021-07-09T11:29:59,1300.0,109.7,S
2021-07-09T11:29:24,100.0,109.7,S
2021-07-09T11:29:09,1000.0,109.7,S
2021-07-09T11:27:14,700.0,109.7,S
2021-07-09T11:27:06,200.0,109.7,S
2021-07-09T11:26:49,100.0,109.7,S
2021-07-09T11:26:44,100.0,109.7,S
2021-07-09T11:26:41,100.0,109.7,S
2021-07-09T11:26:36,100.0,109.7,S
2021-07-09T11:26:33,100.0,109.7,S
2021-07-09T11:26:29,100.0,109.6,S
2021-07-09T11:26:25,100.0,109.6,S
2021-07-09T11:26:20,100.0,109.6,S
2021-07-09T11:26:17,3600.0,109.6,S
2021-07-09T11:26:17,900.0,109.6,S
2021-07-09T11:26:17,500.0,109.6,S
2021-07-09T11:26:15,500.0,109.7,S
2021-07-09T11:26:15,100.0,109.7,S
2021-07-09T11:26:10,100.0,109.7,S
2021-07-09T11:26:04,2800.0,109.7,B
2021-07-09T11:26:00,100.0,109.6,S
2021-07-09T11:25:01,500.0,109.6,S
2021-07-09T11:25:01,600.0,109.6,S
2021-07-09T11:24:22,2500.0,109.6,S
2021-07-09T11:24:04,1400.0,109.6,S
2021-07-09T11:23:50,200.0,109.7,B
2021-07-09T11:23:50,300.0,109.7,B
2021-07-09T11:23:01,500.0,109.6,S
2021-07-09T11:22:49,1100.0,109.6,S
2021-07-09T11:22:49,1000.0,109.6,S
2021-07-09T11:22:25,500.0,109.7,B
2021-07-09T11:22:25,2600.0,109.7,B
2021-07-09T11:22:25,1900.0,109.7,B
2021-07-09T11:20:39,200.0,109.7,S
2021-07-09T11:20:39,100.0,109.7,S
2021-07-09T11:20:29,500.0,109.7,S
2021-07-09T11:20:18,100.0,109.7,S
2021-07-09T11:20:06,200.0,109.7,S
2021-07-09T11:20:01,900.0,109.7,S
2021-07-09T11:19:44,500.0,109.7,S
2021-07-09T11:19:41,1000.0,109.8,B
2021-07-09T11:19:00,200.0,109.8,B
2021-07-09T11:18:37,500.0,109.8,B
2021-07-09T11:18:37,100.0,109.8,B
2021-07-09T11:18:27,1000.0,109.7,S
2021-07-09T11:18:11,1000.0,109.8,B
2021-07-09T11:17:31,900.0,109.7,B
2021-07-09T11:17:20,100.0,109.7,S
2021-07-09T11:17:05,900.0,109.7,S
2021-07-09T11:16:49,200.0,109.8,B
2021-07-09T11:16:30,100.0,109.8,B
2021-07-09T11:16:17,300.0,109.6,S
2021-07-09T11:16:17,1000.0,109.7,S
2021-07-09T11:16:17,1000.0,109.6,S
2021-07-09T11:15:58,200.0,109.6,S
2021-07-09T11:15:54,100.0,109.7,B
2021-07-09T11:15:52,500.0,109.6,S
2021-07-09T11:15:27,500.0,109.6,B
2021-07-09T11:15:23,100.0,109.6,B
2021-07-09T11:14:54,200.0,109.6,B
2021-07-09T11:14:53,3000.0,109.5,S
2021-07-09T11:14:06,200.0,109.5,S
2021-07-09T11:14:05,1000.0,109.5,S
2021-07-09T11:13:47,100.0,109.5,S
2021-07-09T11:13:08,900.0,109.5,S
2021-07-09T11:12:51,500.0,109.5,S
2021-07-09T11:12:46,100.0,109.6,B
2021-07-09T11:12:46,200.0,109.5,S
2021-07-09T11:12:13,200.0,109.5,S
2021-07-09T11:12:01,300.0,109.5,B
2021-07-09T11:11:54,600.0,109.5,S
2021-07-09T11:11:49,2400.0,109.5,B
2021-07-09T11:11:22,100.0,109.5,B
2021-07-09T11:11:22,300.0,109.5,B
2021-07-09T11:10:54,100.0,109.5,B
2021-07-09T11:10:03,5000.0,109.5,B
2021-07-09T11:09:47,500.0,109.5,B
2021-07-09T11:09:43,800.0,109.4,S
2021-07-09T11:09:37,5200.0,109.4,S
2021-07-09T11:08:54,900.0,109.4,S
2021-07-09T11:08:50,300.0,109.5,B
2021-07-09T11:08:40,500.0,109.4,S
2021-07-09T11:08:32,600.0,109.5,B
2021-07-09T11:08:21,100.0,109.5,B
2021-07-09T11:08:15,100.0,109.5,S
2021-07-09T11:07:54,200.0,109.6,B
2021-07-09T11:07:32,100.0,109.6,S
2021-07-09T11:06:48,100.0,109.7,B
2021-07-09T11:06:31,100.0,109.7,B
2021-07-09T11:05:20,100.0,109.7,S
2021-07-09T11:04:48,200.0,109.3,S
2021-07-09T11:04:12,600.0,109.3,S
2021-07-09T11:04:12,6500.0,109.3,B
2021-07-09T11:04:08,500.0,109.3,B
2021-07-09T11:04:06,200.0,109.3,B
2021-07-09T11:03:51,200.0,109.3,B
2021-07-09T11:03:47,200.0,109.3,B
2021-07-09T11:03:44,200.0,109.3,B
2021-07-09T11:03:43,500.0,109.3,B
2021-07-09T11:03:39,200.0,109.3,B
2021-07-09T11:03:35,400.0,109.3,B
2021-07-09T11:03:33,100.0,109.3,S
2021-07-09T11:03:33,600.0,109.3,S
2021-07-09T11:03:33,500.0,109.3,S
2021-07-09T11:03:33,200.0,109.3,S
2021-07-09T11:03:33,19700.0,109.3,S
2021-07-09T11:03:33,600.0,109.4,S
2021-07-09T11:03:33,600.0,109.4,S
2021-07-09T11:03:33,2300.0,109.4,S
2021-07-09T11:03:33,100.0,109.4,S
2021-07-09T11:03:33,300.0,109.4,S
2021-07-09T11:03:33,6100.0,109.4,S
2021-07-09T11:03:33,700.0,109.5,S
2021-07-09T11:03:33,200.0,109.5,S
2021-07-09T11:03:33,200.0,109.5,S
2021-07-09T11:03:33,300.0,109.5,S
2021-07-09T11:03:33,400.0,109.5,S
2021-07-09T11:03:33,400.0,109.5,S
2021-07-09T11:03:33,100.0,109.5,S
2021-07-09T11:03:33,4100.0,109.5,S
2021-07-09T11:03:17,100.0,109.6,B
2021-07-09T11:03:15,600.0,109.6,B
2021-07-09T11:03:08,100.0,109.6,S
2021-07-09T11:03:08,500.0,109.6,S
2021-07-09T11:02:41,100.0,109.7,S
2021-07-09T11:02:16,500.0,109.6,S
2021-07-09T11:01:50,1000.0,109.6,S
2021-07-09T11:01:41,900.0,109.6,S
2021-07-09T11:01:32,500.0,109.6,S
2021-07-09T11:00:58,300.0,109.6,S
2021-07-09T11:00:58,500.0,109.6,S
2021-07-09T11:00:40,2100.0,110.0,B
2021-07-09T11:00:35,100.0,109.8,B
2021-07-09T11:00:28,600.0,110.0,B
2021-07-09T11:00:28,1100.0,109.9,B
2021-07-09T11:00:16,1700.0,109.9,B
2021-07-09T10:59:59,100.0,109.7,B
2021-07-09T10:59:01,200.0,109.8,B
2021-07-09T10:58:33,100.0,109.8,S
2021-07-09T10:58:31,2000.0,109.9,B
2021-07-09T10:58:07,100.0,109.9,B
2021-07-09T10:57:58,100.0,109.9,B
2021-07-09T10:57:40,8000.0,109.9,B
2021-07-09T10:57:00,300.0,109.5,S
2021-07-09T10:56:35,500.0,109.5,S
2021-07-09T10:56:35,100.0,109.5,S
2021-07-09T10:56:35,200.0,109.5,S
2021-07-09T10:54:52,500.0,109.5,S
2021-07-09T10:54:46,500.0,109.5,S
2021-07-09T10:54:33,500.0,109.5,S
2021-07-09T10:54:23,800.0,109.5,S
2021-07-09T10:54:12,300.0,109.5,S
2021-07-09T10:54:05,2700.0,109.5,S
2021-07-09T10:53:03,4500.0,109.5,S
2021-07-09T10:53:03,1100.0,109.5,S
2021-07-09T10:53:03,2400.0,109.5,S
2021-07-09T10:52:57,200.0,109.5,S
2021-07-09T10:52:33,500.0,109.5,S
2021-07-09T10:52:13,200.0,109.6,S
2021-07-09T10:52:13,300.0,109.6,S
2021-07-09T10:51:58,1300.0,109.6,S
2021-07-09T10:51:15,500.0,109.7,S
2021-07-09T10:50:27,200.0,109.7,B
2021-07-09T10:50:08,100.0,109.7,B
2021-07-09T10:50:02,800.0,109.6,S
2021-07-09T10:49:45,1300.0,109.6,S
2021-07-09T10:49:11,700.0,109.7,B
2021-07-09T10:48:50,100.0,109.7,B
2021-07-09T10:48:34,100.0,109.7,B
2021-07-09T10:48:31,300.0,109.7,B
2021-07-09T10:47:51,800.0,109.6,S
2021-07-09T10:47:46,1000.0,109.6,S
2021-07-09T10:47:45,200.0,109.7,B
2021-07-09T10:47:38,700.0,109.6,B
2021-07-09T10:46:58,100.0,109.6,B
2021-07-09T10:46:52,100.0,109.6,B
2021-07-09T10:45:43,100.0,109.6,B
2021-07-09T10:45:39,600.0,109.6,S
2021-07-09T10:44:53,500.0,109.6,S
2021-07-09T10:44:44,100.0,109.6,S
2021-07-09T10:43:28,800.0,109.6,S
2021-07-09T10:43:13,100.0,109.7,B
2021-07-09T10:42:56,200.0,109.7,B
2021-07-09T10:42:47,200.0,109.6,S
2021-07-09T10:42:43,500.0,109.6,S
2021-07-09T10:42:23,100.0,109.7,B
2021-07-09T10:41:37,400.0,109.6,B
2021-07-09T10:41:33,2000.0,109.6,B
2021-07-09T10:41:17,800.0,109.5,S
2021-07-09T10:41:14,1300.0,109.7,B
2021-07-09T10:41:05,500.0,109.7,B
2021-07-09T10:41:05,800.0,109.7,B
2021-07-09T10:39:13,200.0,109.6,B
2021-07-09T10:39:09,300.0,109.5,S
2021-07-09T10:39:06,800.0,109.5,S
2021-07-09T10:38:27,200.0,109.6,B
2021-07-09T10:38:25,100.0,109.6,S
2021-07-09T10:37:56,600.0,109.6,B
2021-07-09T10:37:56,1500.0,109.5,S
2021-07-09T10:37:49,700.0,109.6,B
2021-07-09T10:37:38,300.0,109.6,B
2021-07-09T10:37:34,200.0,109.5,S
2021-07-09T10:37:04,500.0,109.5,S
2021-07-09T10:37:01,200.0,109.6,B
2021-07-09T10:36:53,400.0,109.5,S
2021-07-09T10:36:53,400.0,109.5,S
2021-07-09T10:36:40,500.0,109.5,S
2021-07-09T10:36:16,1400.0,109.5,S
2021-07-09T10:36:00,500.0,109.5,S
2021-07-09T10:35:25,100.0,109.5,S
2021-07-09T10:34:44,800.0,109.5,S
2021-07-09T10:34:42,500.0,109.5,S
2021-07-09T10:34:26,1000.0,109.5,S
2021-07-09T10:34:25,500.0,109.5,S
2021-07-09T10:33:29,200.0,109.5,B
2021-07-09T10:33:29,4100.0,109.5,B
2021-07-09T10:32:33,800.0,109.3,S
2021-07-09T10:32:10,100.0,109.3,S
2021-07-09T10:31:48,200.0,109.3,S
2021-07-09T10:31:48,800.0,109.3,S
2021-07-09T10:31:48,1100.0,109.3,S
2021-07-09T10:31:48,200.0,109.3,S
2021-07-09T10:31:48,2700.0,109.3,S
2021-07-09T10:31:35,600.0,109.4,S
2021-07-09T10:31:18,600.0,109.4,S
2021-07-09T10:31:18,400.0,109.4,S
2021-07-09T10:30:59,500.0,109.4,S
2021-07-09T10:30:52,500.0,109.4,S
2021-07-09T10:30:21,100.0,109.4,S
2021-07-09T10:30:21,200.0,109.4,S
2021-07-09T10:30:21,500.0,109.4,S
2021-07-09T10:29:52,500.0,109.5,B
2021-07-09T10:29:01,500.0,109.4,S
2021-07-09T10:28:52,800.0,109.4,S
2021-07-09T10:28:33,4000.0,109.4,S
2021-07-09T10:28:19,100.0,109.4,S
2021-07-09T10:28:10,800.0,109.4,S
2021-07-09T10:28:09,1000.0,109.4,S
2021-07-09T10:27:39,200.0,109.5,B
2021-07-09T10:27:33,100.0,109.4,S
2021-07-09T10:27:28,1000.0,109.5,B
2021-07-09T10:27:28,100.0,109.5,B
2021-07-09T10:26:55,6300.0,109.5,S
2021-07-09T10:26:54,500.0,109.5,S
2021-07-09T10:26:34,100.0,109.5,S
2021-07-09T10:26:33,100.0,109.5,S
2021-07-09T10:26:28,700.0,109.5,S
2021-07-09T10:26:07,100.0,109.5,S
2021-07-09T10:25:58,800.0,109.5,S
2021-07-09T10:25:57,1000.0,109.6,B
2021-07-09T10:25:38,100.0,109.5,S
2021-07-09T10:25:38,2000.0,109.5,S
2021-07-09T10:25:28,800.0,109.5,S
2021-07-09T10:25:25,200.0,109.6,B
2021-07-09T10:25:23,800.0,109.5,S
2021-07-09T10:25:16,1000.0,109.5,S
2021-07-09T10:24:48,200.0,109.5,S
2021-07-09T10:24:35,100.0,109.7,B
2021-07-09T10:24:34,500.0,109.5,S
2021-07-09T10:24:18,2100.0,109.5,S
2021-07-09T10:24:18,500.0,109.6,S
2021-07-09T10:24:12,100.0,109.6,S
2021-07-09T10:24:01,400.0,109.6,S
2021-07-09T10:23:58,1700.0,109.6,S
2021-07-09T10:23:56,100.0,109.6,S
2021-07-09T10:23:53,1000.0,109.6,S
2021-07-09T10:23:52,100.0,109.7,S
2021-07-09T10:23:49,100.0,109.7,S
2021-07-09T10:23:48,600.0,109.7,S
2021-07-09T10:23:47,800.0,109.6,S
2021-07-09T10:23:44,100.0,109.6,S
2021-07-09T10:23:42,100.0,109.6,S
2021-07-09T10:23:41,1000.0,109.6,S
2021-07-09T10:23:38,100.0,109.6,S
2021-07-09T10:23:33,100.0,109.6,S
2021-07-09T10:23:28,100.0,109.6,S
2021-07-09T10:23:25,100.0,109.6,S
2021-07-09T10:23:20,100.0,109.6,S
2021-07-09T10:23:19,1600.0,109.6,S
2021-07-09T10:23:18,100.0,109.6,S
2021-07-09T10:22:54,100.0,109.7,B
2021-07-09T10:22:47,2000.0,109.6,S
2021-07-09T10:22:32,100.0,109.7,B
2021-07-09T10:21:53,500.0,109.6,S
2021-07-09T10:21:37,800.0,109.6,S
2021-07-09T10:21:30,1000.0,109.6,S
2021-07-09T10:21:29,500.0,109.7,B
2021-07-09T10:21:21,200.0,109.7,S
2021-07-09T10:20:34,200.0,109.7,S
2021-07-09T10:20:19,300.0,109.9,B
2021-07-09T10:19:39,300.0,109.8,B
2021-07-09T10:19:39,200.0,109.7,B
2021-07-09T10:19:36,100.0,109.7,B
2021-07-09T10:19:34,100.0,109.7,B
2021-07-09T10:19:34,100.0,109.7,B
2021-07-09T10:19:25,300.0,109.7,S
2021-07-09T10:19:02,400.0,109.8,B
2021-07-09T10:18:59,100.0,109.8,B
2021-07-09T10:18:56,100.0,109.8,B
2021-07-09T10:18:45,500.0,109.8,B
2021-07-09T10:17:55,100.0,109.6,S
2021-07-09T10:17:40,4900.0,109.8,B
2021-07-09T10:17:21,200.0,109.6,B
2021-07-09T10:17:14,100.0,109.6,B
2021-07-09T10:17:13,500.0,109.6,S
2021-07-09T10:17:09,100.0,109.6,S
2021-07-09T10:17:08,4600.0,109.6,B
2021-07-09T10:17:01,100.0,109.5,S
2021-07-09T10:16:58,200.0,109.6,B
2021-07-09T10:16:57,500.0,109.6,B
2021-07-09T10:16:38,300.0,109.6,B
2021-07-09T10:16:10,300.0,109.5,S
2021-07-09T10:16:10,100.0,109.5,S
2021-07-09T10:16:09,4600.0,109.5,B
2021-07-09T10:16:06,800.0,109.5,B
2021-07-09T10:16:06,100.0,109.4,S
2021-07-09T10:16:03,100.0,109.4,S
2021-07-09T10:16:02,1100.0,109.5,S
2021-07-09T10:16:00,8900.0,109.5,B
2021-07-09T10:15:58,700.0,109.5,B
2021-07-09T10:15:58,300.0,109.5,B
2021-07-09T10:15:57,100.0,109.4,S
2021-07-09T10:15:52,100.0,109.4,S
2021-07-09T10:15:49,700.0,109.5,B
2021-07-09T10:15:46,100.0,109.4,S
2021-07-09T10:15:42,100.0,109.4,S
2021-07-09T10:15:36,600.0,109.4,S
2021-07-09T10:15:33,100.0,109.4,S
2021-07-09T10:15:28,100.0,109.4,S
2021-07-09T10:15:22,100.0,109.4,S
2021-07-09T10:15:16,600.0,109.4,S
2021-07-09T10:15:04,4500.0,109.4,B
2021-07-09T10:15:03,800.0,109.3,S
2021-07-09T10:14:53,200.0,109.4,B
2021-07-09T10:14:44,1000.0,109.4,B
2021-07-09T10:14:40,300.0,109.3,S
2021-07-09T10:14:36,1300.0,109.4,S
2021-07-09T10:14:34,100.0,109.4,S
2021-07-09T10:14:31,100.0,109.4,S
2021-07-09T10:14:29,200.0,109.4,S
2021-07-09T10:14:29,100.0,109.4,S
2021-07-09T10:14:25,1000.0,109.4,S
2021-07-09T10:14:23,100.0,109.4,S
2021-07-09T10:14:19,1700.0,109.4,S
2021-07-09T10:14:19,400.0,109.4,S
2021-07-09T10:14:18,200.0,109.5,B
2021-07-09T10:14:18,100.0,109.4,S
2021-07-09T10:14:17,300.0,109.5,B
2021-07-09T10:14:13,100.0,109.4,S
2021-07-09T10:14:08,100.0,109.4,S
2021-07-09T10:14:04,100.0,109.4,S
2021-07-09T10:13:58,400.0,109.4,S
2021-07-09T10:13:58,100.0,109.4,S
2021-07-09T10:13:55,100.0,109.4,S
2021-07-09T10:13:52,500.0,109.4,S
2021-07-09T10:13:42,500.0,109.4,B
2021-07-09T10:13:42,200.0,109.4,B
2021-07-09T10:13:42,700.0,109.4,B
2021-07-09T10:13:39,1300.0,109.4,B
2021-07-09T10:13:39,700.0,109.4,B
2021-07-09T10:13:24,200.0,109.4,B
2021-07-09T10:13:24,300.0,109.4,B
2021-07-09T10:13:18,1000.0,109.4,B
2021-07-09T10:13:18,400.0,109.3,S
2021-07-09T10:13:18,100.0,109.3,S
2021-07-09T10:13:18,100.0,109.3,S
2021-07-09T10:13:18,200.0,109.3,S
2021-07-09T10:13:16,400.0,109.4,B
2021-07-09T10:13:14,5600.0,109.3,S
2021-07-09T10:13:14,4400.0,109.3,S
2021-07-09T10:12:52,800.0,109.3,S
2021-07-09T10:12:49,500.0,109.3,S
2021-07-09T10:12:46,1700.0,109.3,S
2021-07-09T10:12:43,3000.0,109.4,B
2021-07-09T10:12:41,1700.0,109.3,S
2021-07-09T10:12:40,100.0,109.3,S
2021-07-09T10:12:39,200.0,109.3,S
2021-07-09T10:12:34,1700.0,109.3,S
2021-07-09T10:12:18,100.0,109.4,B
2021-07-09T10:12:11,100.0,109.4,S
2021-07-09T10:11:45,1700.0,109.3,S
2021-07-09T10:11:42,500.0,109.5,B
2021-07-09T10:11:40,1700.0,109.4,S
2021-07-09T10:11:36,1700.0,109.4,S
2021-07-09T10:11:29,1700.0,109.3,S
2021-07-09T10:11:23,100.0,109.4,B
2021-07-09T10:11:15,1700.0,109.3,S
2021-07-09T10:11:03,2300.0,109.3,S
2021-07-09T10:10:56,100.0,109.4,B
2021-07-09T10:10:54,100.0,109.4,B
2021-07-09T10:10:52,1000.0,109.4,B
2021-07-09T10:10:40,800.0,109.3,S
2021-07-09T10:10:39,1700.0,109.3,S
2021-07-09T10:10:30,500.0,109.4,B
2021-07-09T10:10:29,100.0,109.4,B
2021-07-09T10:10:26,100.0,109.4,B
2021-07-09T10:10:11,100.0,109.4,S
2021-07-09T10:09:59,1700.0,109.3,S
2021-07-09T10:09:48,2300.0,109.5,B
2021-07-09T10:09:46,500.0,109.4,S
2021-07-09T10:09:37,200.0,109.4,S
2021-07-09T10:09:37,300.0,109.4,S
2021-07-09T10:09:31,1000.0,109.4,S
2021-07-09T10:09:12,100.0,109.4,S
2021-07-09T10:08:44,500.0,109.4,S
2021-07-09T10:08:39,300.0,109.4,B
2021-07-09T10:08:35,200.0,109.4,B
2021-07-09T10:08:30,100.0,109.4,B
2021-07-09T10:08:28,100.0,109.4,B
2021-07-09T10:08:28,100.0,109.4,S
2021-07-09T10:08:27,500.0,109.4,S
2021-07-09T10:08:24,1000.0,109.4,S
2021-07-09T10:07:48,600.0,109.4,S
2021-07-09T10:07:46,3600.0,109.4,S
2021-07-09T10:07:20,700.0,109.4,S
2021-07-09T10:07:12,500.0,109.5,B
2021-07-09T10:07:12,1200.0,109.5,B
2021-07-09T10:06:56,100.0,109.4,S
2021-07-09T10:06:54,5400.0,109.4,B
2021-07-09T10:06:52,500.0,109.4,B
2021-07-09T10:06:33,300.0,109.4,B
2021-07-09T10:06:17,800.0,109.3,S
2021-07-09T10:06:14,1000.0,109.4,B
2021-07-09T10:06:10,100.0,109.3,S
2021-07-09T10:06:03,500.0,109.4,B
2021-07-09T10:05:52,100.0,109.4,B
2021-07-09T10:05:48,500.0,109.3,S
2021-07-09T10:05:38,200.0,109.3,S
2021-07-09T10:05:25,100.0,109.3,S
2021-07-09T10:05:06,1500.0,109.3,S
2021-07-09T10:04:58,100.0,109.3,S
2021-07-09T10:04:51,500.0,109.3,S
2021-07-09T10:04:40,300.0,109.3,B
2021-07-09T10:04:39,100.0,109.3,S
2021-07-09T10:04:39,2300.0,109.3,S
2021-07-09T10:04:39,1000.0,109.3,S
2021-07-09T10:04:39,300.0,109.3,S
2021-07-09T10:04:39,2100.0,109.3,S
2021-07-09T10:04:38,300.0,109.5,B
2021-07-09T10:04:37,1000.0,109.4,B
2021-07-09T10:04:37,200.0,109.4,B
2021-07-09T10:04:37,8800.0,109.4,B
2021-07-09T10:04:36,1200.0,109.4,B
2021-07-09T10:04:33,300.0,109.4,B
2021-07-09T10:04:23,100.0,109.4,B
2021-07-09T10:04:23,500.0,109.3,S
2021-07-09T10:04:16,200.0,109.3,S
2021-07-09T10:04:07,800.0,109.3,S
2021-07-09T10:04:05,100.0,109.4,B
2021-07-09T10:03:40,100.0,109.4,B
2021-07-09T10:03:28,500.0,109.3,S
2021-07-09T10:03:17,500.0,109.3,S
2021-07-09T10:03:05,100.0,109.4,B
2021-07-09T10:02:27,100.0,109.4,B
2021-07-09T10:01:56,500.0,109.3,S
2021-07-09T10:01:56,200.0,109.3,S
2021-07-09T10:01:56,100.0,109.3,S
2021-07-09T10:01:52,600.0,109.4,B
2021-07-09T10:01:51,2000.0,109.3,S
2021-07-09T10:01:42,100.0,109.3,S
2021-07-09T10:01:23,1000.0,109.4,B
2021-07-09T10:01:20,400.0,109.3,S
2021-07-09T10:01:14,100.0,109.3,S
2021-07-09T10:01:13,1000.0,109.3,S
2021-07-09T10:01:13,500.0,109.3,S
2021-07-09T10:01:04,200.0,109.3,S
2021-07-09T10:00:46,100.0,109.3,S
2021-07-09T09:59:45,800.0,109.3,S
2021-07-09T09:59:35,300.0,109.4,B
2021-07-09T09:59:24,1000.0,109.3,S
2021-07-09T09:59:16,100.0,109.4,B
2021-07-09T09:58:35,2100.0,109.4,S
2021-07-09T09:58:28,200.0,109.4,S
2021-07-09T09:58:26,300.0,109.4,S
2021-07-09T09:57:55,500.0,109.3,S
2021-07-09T09:57:54,100.0,109.4,B
2021-07-09T09:57:50,2000.0,109.3,S
2021-07-09T09:57:50,100.0,109.3,S
2021-07-09T09:57:38,200.0,109.3,S
2021-07-09T09:57:34,800.0,109.3,S
2021-07-09T09:57:03,100.0,109.3,S
2021-07-09T09:56:25,400.0,109.3,S
2021-07-09T09:56:20,100.0,109.3,S
2021-07-09T09:56:15,100.0,109.3,S
2021-07-09T09:56:09,100.0,109.3,S
2021-07-09T09:56:07,100.0,109.3,S
2021-07-09T09:56:01,100.0,109.3,S
2021-07-09T09:55:56,100.0,109.3,S
2021-07-09T09:55:49,100.0,109.3,S
2021-07-09T09:55:48,100.0,109.3,S
2021-07-09T09:55:45,100.0,109.4,B
2021-07-09T09:55:43,100.0,109.3,S
2021-07-09T09:55:38,100.0,109.3,S
2021-07-09T09:55:21,800.0,109.3,S
2021-07-09T09:55:21,400.0,109.3,S
2021-07-09T09:55:17,200.0,109.3,S
2021-07-09T09:55:16,1000.0,109.4,B
2021-07-09T09:55:14,1800.0,109.3,S
2021-07-09T09:55:10,200.0,109.4,B
2021-07-09T09:54:59,100.0,109.4,B
2021-07-09T09:54:18,400.0,109.3,S
2021-07-09T09:54:17,3800.0,109.3,B
2021-07-09T09:54:17,900.0,109.3,B
2021-07-09T09:53:48,100.0,109.2,S
2021-07-09T09:53:28,1000.0,109.2,B
2021-07-09T09:53:18,100.0,109.2,B
2021-07-09T09:53:15,1000.0,109.2,B
2021-07-09T09:53:11,800.0,109.1,S
2021-07-09T09:52:56,900.0,109.2,S
2021-07-09T09:52:55,100.0,109.3,S
2021-07-09T09:52:45,100.0,109.2,S
2021-07-09T09:52:45,100.0,109.3,S
2021-07-09T09:52:44,1100.0,109.4,B
2021-07-09T09:52:25,300.0,109.3,S
2021-07-09T09:52:24,200.0,109.3,S
2021-07-09T09:52:22,1400.0,109.3,B
2021-07-09T09:52:16,100.0,109.3,B
2021-07-09T09:51:29,1400.0,109.1,S
2021-07-09T09:51:29,200.0,109.1,S
2021-07-09T09:51:29,100.0,109.2,S
2021-07-09T09:51:29,400.0,109.2,B
2021-07-09T09:51:25,1700.0,109.1,S
2021-07-09T09:51:24,400.0,109.1,S
2021-07-09T09:51:18,100.0,109.1,S
2021-07-09T09:51:16,10000.0,109.1,S
2021-07-09T09:51:14,500.0,109.2,B
2021-07-09T09:51:13,100.0,109.1,S
2021-07-09T09:51:09,100.0,109.1,S
2021-07-09T09:51:08,1700.0,109.1,S
2021-07-09T09:51:03,100.0,109.1,S
2021-07-09T09:51:00,800.0,109.1,S
2021-07-09T09:50:58,100.0,109.1,S
2021-07-09T09:50:57,1700.0,109.1,S
2021-07-09T09:50:55,1700.0,109.1,S
2021-07-09T09:50:54,1800.0,109.1,S
2021-07-09T09:50:54,1200.0,109.1,S
2021-07-09T09:50:52,100.0,109.1,S
2021-07-09T09:50:47,100.0,109.1,S
2021-07-09T09:50:45,100.0,109.1,S
2021-07-09T09:50:43,500.0,109.1,S
2021-07-09T09:50:42,1700.0,109.1,S
2021-07-09T09:50:40,100.0,109.1,S
2021-07-09T09:50:34,100.0,109.1,S
2021-07-09T09:50:23,300.0,109.1,S
2021-07-09T09:50:10,300.0,109.2,B
2021-07-09T09:50:09,1700.0,109.1,S
2021-07-09T09:50:04,3400.0,109.2,B
2021-07-09T09:49:59,1700.0,109.1,S
2021-07-09T09:49:58,1700.0,109.1,S
2021-07-09T09:49:47,2200.0,109.1,S
2021-07-09T09:49:46,1700.0,109.1,S
2021-07-09T09:49:37,400.0,109.1,S
2021-07-09T09:49:36,100.0,109.1,S
2021-07-09T09:49:35,1700.0,109.1,S
2021-07-09T09:49:33,100.0,109.1,S
2021-07-09T09:49:32,1200.0,109.1,S
2021-07-09T09:49:32,100.0,109.2,S
2021-07-09T09:49:32,400.0,109.2,S
2021-07-09T09:49:29,100.0,109.2,S
2021-07-09T09:49:26,2000.0,109.2,S
2021-07-09T09:49:25,100.0,109.2,S
2021-07-09T09:49:24,1700.0,109.2,S
2021-07-09T09:49:21,100.0,109.2,S
2021-07-09T09:49:20,1700.0,109.2,S
2021-07-09T09:49:17,100.0,109.2,S
2021-07-09T09:49:14,1700.0,109.2,S
2021-07-09T09:49:12,100.0,109.2,S
2021-07-09T09:49:09,1600.0,109.2,S
2021-07-09T09:49:06,100.0,109.2,S
2021-07-09T09:49:01,100.0,109.2,S
2021-07-09T09:49:00,1700.0,109.2,S
2021-07-09T09:48:56,100.0,109.2,S
2021-07-09T09:48:56,1000.0,109.2,S
2021-07-09T09:48:53,1700.0,109.2,S
2021-07-09T09:48:52,1800.0,109.2,S
2021-07-09T09:48:49,800.0,109.2,S
2021-07-09T09:48:46,1700.0,109.2,S
2021-07-09T09:48:45,1700.0,109.2,B
2021-07-09T09:48:34,1700.0,109.1,S
2021-07-09T09:48:32,10000.0,109.1,S
2021-07-09T09:48:23,400.0,109.2,S
2021-07-09T09:48:19,1500.0,109.2,S
2021-07-09T09:48:19,100.0,109.2,S
2021-07-09T09:48:15,100.0,109.2,S
2021-07-09T09:48:11,100.0,109.2,S
2021-07-09T09:48:08,100.0,109.2,S
2021-07-09T09:48:03,100.0,109.2,S
2021-07-09T09:47:59,1700.0,109.2,S
2021-07-09T09:47:54,100.0,109.3,S
2021-07-09T09:47:52,200.0,109.3,S
2021-07-09T09:47:50,100.0,109.3,S
2021-07-09T09:47:49,400.0,109.3,S
2021-07-09T09:47:43,400.0,109.3,B
2021-07-09T09:47:43,200.0,109.3,B
2021-07-09T09:47:42,100.0,109.2,S
2021-07-09T09:47:37,100.0,109.2,S
2021-07-09T09:47:31,100.0,109.3,B
2021-07-09T09:47:31,100.0,109.3,B
2021-07-09T09:47:28,100.0,109.3,B
2021-07-09T09:47:22,100.0,109.3,B
2021-07-09T09:47:19,400.0,109.2,S
2021-07-09T09:47:17,1000.0,109.3,B
2021-07-09T09:47:13,100.0,109.2,S
2021-07-09T09:47:13,500.0,109.3,B
2021-07-09T09:47:11,100.0,109.3,B
2021-07-09T09:47:09,100.0,109.2,S
2021-07-09T09:47:05,100.0,109.2,S
2021-07-09T09:47:02,100.0,109.2,S
2021-07-09T09:46:57,100.0,109.2,S
2021-07-09T09:46:55,500.0,109.3,B
2021-07-09T09:46:54,100.0,109.2,S
2021-07-09T09:46:48,100.0,109.2,S
2021-07-09T09:46:42,100.0,109.2,S
2021-07-09T09:46:42,1500.0,109.2,S
2021-07-09T09:46:38,900.0,109.2,S
2021-07-09T09:46:33,100.0,109.3,B
2021-07-09T09:46:28,100.0,109.3,B
2021-07-09T09:46:16,100.0,109.3,B
2021-07-09T09:45:58,100.0,109.3,B
2021-07-09T09:45:41,100.0,109.3,B
2021-07-09T09:45:39,500.0,109.3,B
2021-07-09T09:45:24,200.0,109.3,B
2021-07-09T09:45:06,100.0,109.3,B
2021-07-09T09:45:04,300.0,109.3,B
2021-07-09T09:44:56,400.0,109.3,B
2021-07-09T09:44:49,500.0,109.3,B
2021-07-09T09:44:37,100.0,109.3,B
2021-07-09T09:44:31,200.0,109.3,B
2021-07-09T09:44:26,800.0,109.2,S
2021-07-09T09:44:24,100.0,109.3,B
2021-07-09T09:44:14,5000.0,109.3,B
2021-07-09T09:44:07,1000.0,109.3,B
2021-07-09T09:44:04,200.0,109.3,B
2021-07-09T09:43:46,200.0,109.3,B
2021-07-09T09:43:41,3500.0,109.2,S
2021-07-09T09:43:31,100.0,109.3,B
2021-07-09T09:43:24,14800.0,109.3,S
2021-07-09T09:43:09,4200.0,109.5,B
2021-07-09T09:43:07,1200.0,109.4,S
2021-07-09T09:43:02,100.0,109.5,B
2021-07-09T09:42:53,4700.0,109.4,S
2021-07-09T09:42:53,200.0,109.4,S
2021-07-09T09:42:53,100.0,109.4,S
2021-07-09T09:42:30,200.0,109.4,S
2021-07-09T09:42:15,800.0,109.4,S
2021-07-09T09:41:24,300.0,109.4,B
2021-07-09T09:41:22,300.0,109.4,B
2021-07-09T09:41:03,300.0,109.3,S
2021-07-09T09:40:27,400.0,109.4,B
2021-07-09T09:40:27,100.0,109.5,B
2021-07-09T09:40:24,100.0,109.4,S
2021-07-09T09:40:22,1000.0,109.3,S
2021-07-09T09:40:05,300.0,109.3,S
2021-07-09T09:40:03,700.0,109.4,B
2021-07-09T09:40:02,1000.0,109.5,B
2021-07-09T09:39:57,3000.0,109.4,S
2021-07-09T09:39:14,2100.0,109.4,S
2021-07-09T09:39:03,500.0,109.5,B
2021-07-09T09:39:01,1000.0,109.5,B
2021-07-09T09:38:53,100.0,109.5,B
2021-07-09T09:38:49,1100.0,109.4,S
2021-07-09T09:38:43,1000.0,109.5,B
2021-07-09T09:38:41,300.0,109.5,B
2021-07-09T09:38:37,100.0,109.4,S
2021-07-09T09:38:36,100.0,109.4,S
2021-07-09T09:38:21,300.0,109.4,S
2021-07-09T09:38:05,100.0,109.5,B
2021-07-09T09:37:58,100.0,109.5,B
2021-07-09T09:37:53,500.0,109.5,S
2021-07-09T09:37:49,300.0,109.6,B
2021-07-09T09:37:14,1100.0,109.5,S
2021-07-09T09:37:12,100.0,109.5,S
2021-07-09T09:37:02,300.0,109.5,S
2021-07-09T09:36:59,2000.0,109.5,S
2021-07-09T09:36:48,100.0,109.5,S
2021-07-09T09:36:45,200.0,109.5,S
2021-07-09T09:36:24,200.0,109.6,B
2021-07-09T09:36:19,300.0,109.6,B
2021-07-09T09:35:55,300.0,109.6,B
2021-07-09T09:35:42,800.0,109.5,S
2021-07-09T09:35:39,200.0,109.5,B
2021-07-09T09:35:39,1000.0,109.5,B
2021-07-09T09:35:29,100.0,109.5,B
2021-07-09T09:35:29,300.0,109.5,B
2021-07-09T09:35:02,1000.0,109.5,B
2021-07-09T09:35:01,1800.0,109.3,S
2021-07-09T09:34:55,100.0,109.3,S
2021-07-09T09:34:37,100.0,109.3,S
2021-07-09T09:34:27,200.0,109.3,S
2021-07-09T09:34:14,100.0,109.5,B
2021-07-09T09:34:06,100.0,109.5,B
2021-07-09T09:34:04,1300.0,109.3,B
2021-07-09T09:34:00,200.0,109.2,S
2021-07-09T09:33:59,1000.0,109.3,B
2021-07-09T09:33:48,200.0,109.3,B
2021-07-09T09:33:47,4000.0,109.2,S
2021-07-09T09:33:44,1000.0,109.3,B
2021-07-09T09:33:39,300.0,109.2,S
2021-07-09T09:33:30,800.0,109.2,S
2021-07-09T09:33:28,100.0,109.3,B
2021-07-09T09:33:21,500.0,109.3,B
2021-07-09T09:33:21,1000.0,109.3,B
2021-07-09T09:33:19,100.0,109.3,B
2021-07-09T09:33:16,800.0,109.3,B
2021-07-09T09:32:59,1000.0,109.3,B
2021-07-09T09:32:56,200.0,109.2,S
2021-07-09T09:32:55,100.0,109.2,S
2021-07-09T09:32:50,200.0,109.2,B
2021-07-09T09:32:50,1000.0,109.2,B
2021-07-09T09:32:47,100.0,109.2,B
2021-07-09T09:32:42,1000.0,109.2,B
2021-07-09T09:32:33,500.0,109.2,B
2021-07-09T09:32:30,100.0,109.2,B
2021-07-09T09:32:29,5000.0,109.2,B
2021-07-09T09:32:22,100.0,109.1,S
2021-07-09T09:32:16,100.0,109.2,B
2021-07-09T09:32:13,100.0,109.2,B
2021-07-09T09:32:11,1000.0,109.1,S
2021-07-09T09:31:57,400.0,109.1,S
2021-07-09T09:31:49,300.0,109.2,B
2021-07-09T09:31:48,100.0,109.1,S
2021-07-09T09:31:45,500.0,109.1,S
2021-07-09T09:31:33,100.0,109.1,S
2021-07-09T09:31:28,300.0,109.1,S
2021-07-09T09:31:22,100.0,109.1,S
2021-07-09T09:31:19,300.0,109.2,B
2021-07-09T09:31:18,300.0,109.1,S
2021-07-09T09:31:18,100.0,109.1,S
2021-07-09T09:31:18,400.0,109.1,S
2021-07-09T09:31:18,100.0,109.1,S
2021-07-09T09:31:15,100.0,109.1,S
2021-07-09T09:31:10,100.0,109.1,S
2021-07-09T09:31:09,100.0,109.1,S
2021-07-09T09:31:05,100.0,109.1,S
2021-07-09T09:31:01,100.0,109.1,S
2021-07-09T09:30:53,100.0,109.1,S
2021-07-09T09:30:52,2000.0,109.1,S
2021-07-09T09:30:52,100.0,109.2,B
2021-07-09T09:30:47,100.0,109.1,S
2021-07-09T09:30:41,200.0,109.2,B
2021-07-09T09:30:38,300.0,109.1,S
2021-07-09T09:30:37,100.0,109.1,S
2021-07-09T09:30:35,100.0,109.2,B
2021-07-09T09:30:30,1500.0,109.1,S
2021-07-09T09:30:30,200.0,109.1,S
2021-07-09T09:30:30,500.0,109.1,S
2021-07-09T09:30:30,100.0,109.2,S
2021-07-09T09:30:30,13800.0,109.2,S
2021-07-09T09:30:27,300.0,109.3,B
2021-07-09T09:30:25,100.0,109.3,B
2021-07-09T09:30:15,300.0,109.3,B
2021-07-09T09:30:08,500.0,109.3,B
2021-07-09T09:30:05,100.0,109.3,B
2021-07-09T09:29:55,500.0,109.3,S
2021-07-09T09:29:47,200.0,109.4,B
2021-07-09T09:29:36,800.0,109.3,B
2021-07-09T09:29:29,100.0,109.3,B
2021-07-09T09:29:24,100.0,109.2,S
2021-07-09T09:29:24,100.0,109.3,B
2021-07-09T09:29:07,400.0,109.3,S
2021-07-09T09:28:58,100.0,109.3,S
2021-07-09T09:28:58,900.0,109.4,S
2021-07-09T09:28:58,800.0,109.4,S
2021-07-09T09:28:35,200.0,109.4,S
2021-07-09T09:28:35,2000.0,109.4,S
2021-07-09T09:28:32,1000.0,109.9,B
2021-07-09T09:28:32,500.0,109.8,B
2021-07-09T09:28:11,1000.0,109.5,S
2021-07-09T09:28:04,400.0,109.5,S
2021-07-09T09:28:01,100.0,109.5,S
2021-07-09T09:27:45,100.0,109.5,S
2021-07-09T09:27:19,100.0,109.9,B
2021-07-09T09:27:16,400.0,109.4,B
2021-07-09T09:27:13,100.0,109.4,B
2021-07-09T09:26:57,300.0,109.4,S
2021-07-09T09:26:50,1000.0,109.9,B
2021-07-09T09:26:50,1700.0,109.9,B
2021-07-09T09:26:50,100.0,109.6,B
2021-07-09T09:26:50,2200.0,109.5,B
2021-07-09T09:26:46,100.0,109.5,B
2021-07-09T09:26:46,2000.0,109.5,B
2021-07-09T09:26:45,3700.0,109.5,S
2021-07-09T09:26:45,1000.0,109.5,S
2021-07-09T09:26:45,100.0,109.5,S
2021-07-09T09:26:45,2300.0,109.5,S
2021-07-09T09:26:45,900.0,109.5,S
2021-07-09T09:26:45,3100.0,109.5,S
2021-07-09T09:26:37,2100.0,109.5,S
2021-07-09T09:26:30,700.0,109.6,S
2021-07-09T09:26:28,100.0,109.6,S
2021-07-09T09:26:23,1000.0,109.5,S
2021-07-09T09:26:03,100.0,109.5,S
2021-07-09T09:25:43,500.0,109.5,S
2021-07-09T09:25:35,3400.0,109.5,S
2021-07-09T09:25:35,1600.0,109.5,S
2021-07-09T09:25:33,100.0,109.9,S
2021-07-09T09:25:14,1900.0,109.5,S
2021-07-09T09:25:14,300.0,109.5,S
2021-07-09T09:25:14,700.0,109.6,S
2021-07-09T09:25:14,5400.0,109.6,S
2021-07-09T09:25:14,1700.0,109.8,S
2021-07-09T09:25:08,100.0,110.0,B
2021-07-09T09:25:06,100.0,109.9,B
2021-07-09T09:25:01,300.0,109.9,B
2021-07-09T09:24:59,200.0,109.9,B
2021-07-09T09:24:45,100.0,109.9,S
2021-07-09T09:24:45,100.0,109.9,S
2021-07-09T09:24:41,2100.0,110.0,S
2021-07-09T09:24:41,300.0,110.0,S
2021-07-09T09:24:41,1300.0,110.0,S
2021-07-09T09:24:26,1000.0,110.0,S
2021-07-09T09:24:20,1600.0,110.0,S
2021-07-09T09:23:43,100.0,110.0,S
2021-07-09T09:23:39,300.0,110.1,B
2021-07-09T09:23:34,1400.0,110.0,S
2021-07-09T09:22:52,1500.0,110.0,S
2021-07-09T09:22:51,7500.0,110.0,S
2021-07-09T09:22:34,100.0,110.1,S
2021-07-09T09:22:29,200.0,110.4,B
2021-07-09T09:22:12,800.0,110.1,S
2021-07-09T09:22:11,3000.0,110.0,S
2021-07-09T09:22:06,100.0,110.1,B
2021-07-09T09:21:42,100.0,110.1,B
2021-07-09T09:21:40,400.0,110.0,S
2021-07-09T09:21:35,2600.0,110.1,B
2021-07-09T09:21:35,100.0,110.1,B
2021-07-09T09:21:31,100.0,110.0,S
2021-07-09T09:21:29,300.0,110.1,B
2021-07-09T09:21:08,100.0,110.0,S
2021-07-09T09:21:08,3600.0,110.0,B
2021-07-09T09:21:05,2000.0,110.0,B
2021-07-09T09:21:02,200.0,110.0,B
2021-07-09T09:21:01,700.0,110.0,B
2021-07-09T09:20:27,600.0,110.0,B
2021-07-09T09:20:27,300.0,110.0,B
2021-07-09T09:20:24,300.0,109.8,B
2021-07-09T09:20:23,200.0,109.8,S
2021-07-09T09:20:22,200.0,109.8,S
2021-07-09T09:20:22,200.0,110.0,B
2021-07-09T09:20:20,400.0,110.0,B
2021-07-09T09:20:20,600.0,110.0,B
2021-07-09T09:20:05,1800.0,110.0,B
2021-07-09T09:19:40,1300.0,110.0,B
2021-07-09T09:19:34,100.0,110.0,B
2021-07-09T09:19:32,100.0,110.0,B
2021-07-09T09:19:28,100.0,110.0,B
2021-07-09T09:19:23,500.0,110.0,B
2021-07-09T09:19:21,1600.0,110.0,B
2021-07-09T09:19:18,100.0,110.0,B
2021-07-09T09:19:16,300.0,110.0,B
2021-07-09T09:19:12,100.0,110.0,B
2021-07-09T09:19:11,700.0,110.0,B
2021-07-09T09:19:11,200.0,110.0,B
2021-07-09T09:18:58,2600.0,110.0,B
2021-07-09T09:18:54,1700.0,110.0,B
2021-07-09T09:18:49,100.0,110.0,B
2021-07-09T09:18:39,100.0,110.0,B
2021-07-09T09:18:34,500.0,110.1,B
2021-07-09T09:18:32,2600.0,110.1,B
2021-07-09T09:18:23,1800.0,110.1,B
2021-07-09T09:18:23,100.0,109.5,B
2021-07-09T09:18:23,100.0,109.5,S
2021-07-09T09:18:23,200.0,109.5,S
2021-07-09T09:18:18,1000.0,110.1,B
2021-07-09T09:18:14,1300.0,110.1,B
2021-07-09T09:18:14,200.0,110.1,B
2021-07-09T09:18:14,600.0,110.0,B
2021-07-09T09:18:11,200.0,110.0,S
2021-07-09T09:18:02,100.0,110.1,B
2021-07-09T09:18:01,1300.0,110.1,B
2021-07-09T09:18:01,2600.0,110.1,B
2021-07-09T09:17:52,1300.0,110.1,B
2021-07-09T09:17:44,1300.0,110.4,B
2021-07-09T09:17:38,2100.0,110.1,B
2021-07-09T09:17:37,500.0,110.0,B
2021-07-09T09:17:37,400.0,110.0,B
2021-07-09T09:17:36,100.0,110.0,B
2021-07-09T09:17:35,100.0,110.0,S
2021-07-09T09:17:35,1500.0,110.0,S
2021-07-09T09:17:35,700.0,110.0,S
2021-07-09T09:17:35,100.0,110.0,S
2021-07-09T09:17:35,1000.0,110.0,S
2021-07-09T09:17:35,200.0,110.0,S
2021-07-09T09:17:35,300.0,110.0,S
2021-07-09T09:17:35,600.0,110.0,S
2021-07-09T09:17:30,900.0,110.1,B
2021-07-09T09:17:19,2300.0,110.1,S
2021-07-09T09:17:16,300.0,110.1,S
2021-07-09T09:17:10,500.0,110.4,B
2021-07-09T09:16:58,1000.0,110.1,S
2021-07-09T09:16:58,200.0,110.4,S
2021-07-09T09:16:34,100.0,110.5,S
2021-07-09T09:16:34,200.0,110.5,S
2021-07-09T09:16:24,300.0,110.5,S
2021-07-09T09:16:01,600.0,110.5,S
2021-07-09T09:16:01,200.0,110.5,S
2021-07-09T09:15:58,900.0,110.5,S
2021-07-09T09:15:38,200.0,110.5,S
