tradingTime,volume,price,side
2021-07-08T14:29:58,4100.0,17.4,S
2021-07-08T14:29:48,1000.0,17.4,S
2021-07-08T14:29:37,1000.0,17.4,B
2021-07-08T14:29:37,400.0,17.4,B
2021-07-08T14:29:37,6700.0,17.4,B
2021-07-08T14:29:37,1800.0,17.4,B
2021-07-08T14:28:46,5000.0,17.4,B
2021-07-08T14:28:05,100.0,17.2,S
2021-07-08T14:27:51,100.0,17.4,B
2021-07-08T14:27:44,10000.0,17.4,B
2021-07-08T14:27:42,1300.0,17.0,S
2021-07-08T14:27:42,4000.0,17.0,S
2021-07-08T14:27:42,600.0,17.0,S
2021-07-08T14:27:42,2800.0,17.0,S
2021-07-08T14:27:42,11300.0,17.1,S
2021-07-08T14:27:33,500.0,17.2,B
2021-07-08T14:26:05,500.0,17.2,B
2021-07-08T14:25:27,1600.0,17.4,B
2021-07-08T14:25:27,3400.0,17.35,B
2021-07-08T14:25:27,900.0,17.25,B
2021-07-08T14:25:13,2000.0,17.2,S
2021-07-08T14:24:49,1000.0,17.2,S
2021-07-08T14:24:47,500.0,17.2,B
2021-07-08T14:23:55,2500.0,17.2,B
2021-07-08T14:23:55,500.0,17.2,B
2021-07-08T14:23:55,2000.0,17.2,B
2021-07-08T14:23:36,300.0,17.2,B
2021-07-08T14:22:54,600.0,17.2,B
2021-07-08T14:21:53,8900.0,17.15,B
2021-07-08T14:21:45,3900.0,17.0,S
2021-07-08T14:21:45,500.0,17.0,S
2021-07-08T14:21:45,12300.0,17.0,S
2021-07-08T14:21:45,16300.0,17.0,S
2021-07-08T14:21:45,1300.0,17.05,S
2021-07-08T14:21:45,15700.0,17.05,S
2021-07-08T14:21:35,500.0,17.1,S
2021-07-08T14:21:08,1500.0,17.1,B
2021-07-08T14:20:57,3500.0,17.1,S
2021-07-08T14:20:51,6500.0,17.1,B
2021-07-08T14:20:34,4000.0,17.1,B
2021-07-08T14:20:12,1500.0,17.1,B
2021-07-08T14:19:55,10200.0,17.1,B
2021-07-08T14:19:52,100.0,17.1,B
2021-07-08T14:19:44,5000.0,17.05,S
2021-07-08T14:19:24,5100.0,17.1,S
2021-07-08T14:19:24,600.0,17.1,S
2021-07-08T14:18:30,400.0,17.1,B
2021-07-08T14:18:28,5000.0,17.1,B
2021-07-08T14:18:17,200.0,17.1,B
2021-07-08T14:17:57,100.0,17.1,B
2021-07-08T14:17:32,300.0,17.1,B
2021-07-08T14:17:18,10000.0,17.1,B
2021-07-08T14:16:38,200.0,17.1,B
2021-07-08T14:16:35,10000.0,17.05,S
2021-07-08T14:16:29,300.0,17.1,B
2021-07-08T14:16:24,2200.0,17.1,B
2021-07-08T14:16:22,200.0,17.1,B
2021-07-08T14:16:20,2000.0,17.05,S
2021-07-08T14:15:45,1200.0,17.1,S
2021-07-08T14:15:45,1000.0,17.1,S
2021-07-08T14:15:10,700.0,17.1,B
2021-07-08T14:15:08,300.0,17.1,B
2021-07-08T14:15:06,200.0,17.1,B
2021-07-08T14:14:47,2000.0,17.1,B
2021-07-08T14:14:35,1000.0,17.1,B
2021-07-08T14:13:42,1900.0,17.1,B
2021-07-08T14:13:42,100.0,17.1,B
2021-07-08T14:12:13,100.0,17.0,S
2021-07-08T14:11:25,200.0,17.0,S
2021-07-08T14:11:11,1400.0,17.0,B
2021-07-08T14:11:10,500.0,17.0,B
2021-07-08T14:11:06,1000.0,17.0,B
2021-07-08T14:10:44,5000.0,17.0,B
2021-07-08T14:10:22,1000.0,16.95,S
2021-07-08T14:10:00,100.0,17.0,B
2021-07-08T14:09:59,2400.0,17.0,B
2021-07-08T14:09:26,300.0,17.0,B
2021-07-08T14:09:07,500.0,17.0,B
2021-07-08T14:08:48,300.0,17.0,S
2021-07-08T14:08:44,5500.0,17.0,S
2021-07-08T14:08:44,1000.0,17.0,S
2021-07-08T14:08:44,1600.0,17.0,S
2021-07-08T14:08:44,600.0,17.0,S
2021-07-08T14:08:44,6300.0,17.0,S
2021-07-08T14:08:42,900.0,17.0,S
2021-07-08T14:08:42,1000.0,17.0,S
2021-07-08T14:08:42,2100.0,17.0,S
2021-07-08T14:07:52,5000.0,17.0,S
2021-07-08T14:07:52,1200.0,17.0,S
2021-07-08T14:07:52,20200.0,17.0,S
2021-07-08T14:07:52,1400.0,17.0,S
2021-07-08T14:07:52,10300.0,17.0,S
2021-07-08T14:07:52,2100.0,17.0,S
2021-07-08T14:07:52,6600.0,17.0,S
2021-07-08T14:07:52,2200.0,17.05,S
2021-07-08T14:07:52,500.0,17.05,S
2021-07-08T14:07:52,500.0,17.05,S
2021-07-08T14:06:47,1000.0,17.05,S
2021-07-08T14:06:30,500.0,17.05,S
2021-07-08T14:05:30,1000.0,17.05,S
2021-07-08T14:05:28,900.0,17.1,B
2021-07-08T14:05:08,100.0,17.1,B
2021-07-08T14:03:55,100.0,17.1,B
2021-07-08T14:03:28,100.0,17.1,B
2021-07-08T14:03:04,600.0,17.1,S
2021-07-08T14:00:42,100.0,17.1,B
2021-07-08T14:00:39,100.0,17.1,B
2021-07-08T14:00:22,100.0,17.1,B
2021-07-08T13:59:51,700.0,17.1,S
2021-07-08T13:59:50,100.0,17.15,B
2021-07-08T13:59:32,5000.0,17.15,B
2021-07-08T13:58:44,500.0,17.15,S
2021-07-08T13:58:35,1000.0,17.2,B
2021-07-08T13:58:23,2600.0,17.1,S
2021-07-08T13:58:21,1000.0,17.1,S
2021-07-08T13:58:17,5000.0,17.1,S
2021-07-08T13:58:05,2000.0,17.1,S
2021-07-08T13:56:09,300.0,17.2,B
2021-07-08T13:53:51,200.0,17.2,B
2021-07-08T13:53:15,100.0,17.2,B
2021-07-08T13:51:52,2000.0,17.0,S
2021-07-08T13:51:47,1800.0,17.0,S
2021-07-08T13:51:47,20800.0,17.0,S
2021-07-08T13:51:47,17400.0,17.0,S
2021-07-08T13:51:11,100.0,17.0,S
2021-07-08T13:51:03,1000.0,17.0,B
2021-07-08T13:50:57,200.0,17.0,B
2021-07-08T13:50:32,400.0,17.0,B
2021-07-08T13:50:25,100.0,17.0,B
2021-07-08T13:50:23,200.0,17.0,B
2021-07-08T13:50:19,100.0,17.0,B
2021-07-08T13:50:19,100.0,17.0,B
2021-07-08T13:50:07,100.0,17.0,B
2021-07-08T13:50:07,100.0,17.0,B
2021-07-08T13:50:05,1000.0,17.0,B
2021-07-08T13:49:58,6000.0,17.0,B
2021-07-08T13:49:49,2000.0,17.0,B
2021-07-08T13:49:46,100.0,17.0,B
2021-07-08T13:49:36,900.0,17.0,B
2021-07-08T13:49:26,300.0,17.0,S
2021-07-08T13:49:25,2300.0,17.0,S
2021-07-08T13:49:25,700.0,17.0,S
2021-07-08T13:49:25,1100.0,17.0,S
2021-07-08T13:49:25,9500.0,17.0,S
2021-07-08T13:49:14,3400.0,17.05,S
2021-07-08T13:49:11,200.0,17.2,B
2021-07-08T13:48:55,700.0,17.0,S
2021-07-08T13:48:55,29300.0,17.0,S
2021-07-08T13:48:16,2000.0,17.0,S
2021-07-08T13:48:07,5000.0,17.0,S
2021-07-08T13:47:59,1000.0,17.0,S
2021-07-08T13:47:55,40000.0,17.0,S
2021-07-08T13:47:38,500.0,17.0,S
2021-07-08T13:47:38,300.0,17.0,S
2021-07-08T13:47:38,400.0,17.0,S
2021-07-08T13:47:38,5600.0,17.0,S
2021-07-08T13:47:38,5100.0,17.0,S
2021-07-08T13:47:38,500.0,17.0,S
2021-07-08T13:47:38,1200.0,17.0,S
2021-07-08T13:47:38,300.0,17.0,S
2021-07-08T13:47:38,2500.0,17.0,S
2021-07-08T13:47:38,900.0,17.0,S
2021-07-08T13:47:38,2300.0,17.0,S
2021-07-08T13:47:38,500.0,17.0,S
2021-07-08T13:47:38,800.0,17.0,S
2021-07-08T13:47:38,1400.0,17.0,S
2021-07-08T13:47:38,27700.0,17.0,S
2021-07-08T13:47:25,500.0,17.05,S
2021-07-08T13:45:59,2000.0,17.0,S
2021-07-08T13:45:48,1700.0,17.0,S
2021-07-08T13:45:48,900.0,17.0,S
2021-07-08T13:45:48,5400.0,17.0,S
2021-07-08T13:45:48,1000.0,17.0,S
2021-07-08T13:45:48,2100.0,17.0,S
2021-07-08T13:45:48,500.0,17.0,S
2021-07-08T13:45:48,200.0,17.0,S
2021-07-08T13:45:48,600.0,17.0,S
2021-07-08T13:45:48,100.0,17.0,S
2021-07-08T13:45:48,2200.0,17.0,S
2021-07-08T13:45:48,600.0,17.0,S
2021-07-08T13:45:48,800.0,17.0,S
2021-07-08T13:45:48,200.0,17.0,S
2021-07-08T13:45:48,500.0,17.0,S
2021-07-08T13:45:48,800.0,17.0,S
2021-07-08T13:45:48,700.0,17.0,S
2021-07-08T13:45:48,1300.0,17.0,S
2021-07-08T13:45:48,18500.0,17.0,S
2021-07-08T13:45:48,1200.0,17.05,S
2021-07-08T13:45:48,10700.0,17.05,S
2021-07-08T13:45:08,2000.0,17.05,S
2021-07-08T13:44:36,2000.0,17.0,S
2021-07-08T13:44:11,2200.0,17.0,S
2021-07-08T13:44:11,500.0,17.0,S
2021-07-08T13:44:11,4800.0,17.0,S
2021-07-08T13:44:11,1000.0,17.05,S
2021-07-08T13:44:11,20300.0,17.05,S
2021-07-08T13:44:11,7800.0,17.1,S
2021-07-08T13:44:11,4000.0,17.15,S
2021-07-08T13:44:11,3200.0,17.15,S
2021-07-08T13:44:11,1400.0,17.15,S
2021-07-08T13:44:11,4800.0,17.2,S
2021-07-08T13:42:47,200.0,17.2,B
2021-07-08T13:42:43,1000.0,17.2,B
2021-07-08T13:42:42,100.0,17.2,B
2021-07-08T13:42:38,1000.0,17.2,B
2021-07-08T13:42:35,1000.0,17.2,B
2021-07-08T13:42:19,100.0,17.2,B
2021-07-08T13:42:10,100.0,17.2,B
2021-07-08T13:41:49,500.0,17.2,B
2021-07-08T13:41:21,500.0,17.2,B
2021-07-08T13:41:21,500.0,17.2,B
2021-07-08T13:41:02,500.0,17.15,S
2021-07-08T13:40:13,100.0,17.15,B
2021-07-08T13:40:06,12600.0,17.0,S
2021-07-08T13:40:06,24500.0,17.0,S
2021-07-08T13:40:06,50000.0,17.1,S
2021-07-08T13:40:06,2400.0,17.1,S
2021-07-08T13:40:06,10500.0,17.1,S
2021-07-08T13:40:04,200.0,17.15,B
2021-07-08T13:40:02,1300.0,17.1,S
2021-07-08T13:40:02,900.0,17.1,S
2021-07-08T13:40:02,1800.0,17.1,S
2021-07-08T13:40:02,2000.0,17.1,S
2021-07-08T13:39:43,200.0,17.15,B
2021-07-08T13:39:17,200.0,17.15,B
2021-07-08T13:39:11,1000.0,17.1,S
2021-07-08T13:38:56,700.0,17.15,B
2021-07-08T13:38:52,100.0,17.15,B
2021-07-08T13:38:43,300.0,17.15,B
2021-07-08T13:38:41,800.0,17.15,B
2021-07-08T13:38:27,100.0,17.15,B
2021-07-08T13:38:06,100.0,17.15,B
2021-07-08T13:37:08,2700.0,17.15,S
2021-07-08T13:36:36,500.0,17.15,S
2021-07-08T13:36:16,2000.0,17.2,B
2021-07-08T13:36:15,2000.0,17.2,S
2021-07-08T13:36:01,400.0,17.2,S
2021-07-08T13:35:47,1100.0,17.2,S
2021-07-08T13:35:38,1000.0,17.2,S
2021-07-08T13:35:16,100.0,17.2,S
2021-07-08T13:35:06,400.0,17.2,S
2021-07-08T13:35:04,5000.0,17.2,S
2021-07-08T13:34:34,200.0,17.2,S
2021-07-08T13:34:26,200.0,17.25,B
2021-07-08T13:34:01,400.0,17.25,S
2021-07-08T13:34:01,900.0,17.25,S
2021-07-08T13:34:01,1100.0,17.25,S
2021-07-08T13:34:01,600.0,17.25,S
2021-07-08T13:34:01,5300.0,17.25,S
2021-07-08T13:34:01,11100.0,17.25,S
2021-07-08T13:32:58,200.0,17.3,B
2021-07-08T13:32:58,12300.0,17.3,B
2021-07-08T13:32:00,2700.0,17.3,S
2021-07-08T13:31:35,7500.0,17.3,S
2021-07-08T13:31:35,2500.0,17.3,S
2021-07-08T13:29:59,30000.0,17.3,S
2021-07-08T13:29:11,300.0,17.35,B
2021-07-08T13:28:31,100.0,17.35,B
2021-07-08T13:27:33,100.0,17.35,B
2021-07-08T13:27:16,200.0,17.35,B
2021-07-08T13:25:29,200.0,17.35,B
2021-07-08T13:24:39,11800.0,17.3,S
2021-07-08T13:24:39,2600.0,17.3,S
2021-07-08T13:24:39,100.0,17.3,S
2021-07-08T13:24:39,1100.0,17.3,S
2021-07-08T13:24:39,12700.0,17.3,S
2021-07-08T13:24:39,500.0,17.3,S
2021-07-08T13:24:39,100.0,17.3,S
2021-07-08T13:24:39,13500.0,17.3,S
2021-07-08T13:24:39,1600.0,17.3,S
2021-07-08T13:24:39,6000.0,17.3,S
2021-07-08T13:23:47,10000.0,17.4,B
2021-07-08T13:23:20,100.0,17.35,S
2021-07-08T13:23:20,400.0,17.35,S
2021-07-08T13:21:39,4400.0,17.3,S
2021-07-08T13:21:39,3000.0,17.3,S
2021-07-08T13:21:39,3300.0,17.3,S
2021-07-08T13:21:39,700.0,17.3,S
2021-07-08T13:21:39,38600.0,17.3,S
2021-07-08T13:20:53,60000.0,17.35,S
2021-07-08T13:20:34,100.0,17.35,S
2021-07-08T13:19:32,100.0,17.3,S
2021-07-08T13:19:01,14800.0,17.3,S
2021-07-08T13:19:01,2000.0,17.35,S
2021-07-08T13:19:01,500.0,17.35,S
2021-07-08T13:19:00,2300.0,17.35,S
2021-07-08T13:19:00,3000.0,17.35,S
2021-07-08T13:19:00,2600.0,17.35,S
2021-07-08T13:19:00,4800.0,17.35,S
2021-07-08T13:18:16,100.0,17.4,B
2021-07-08T13:17:24,100.0,17.4,B
2021-07-08T13:17:02,1000.0,17.35,S
2021-07-08T13:16:45,1300.0,17.35,S
2021-07-08T13:16:42,100.0,17.4,B
2021-07-08T13:15:45,1000.0,17.4,B
2021-07-08T13:15:40,200.0,17.35,S
2021-07-08T13:15:02,200.0,17.35,S
2021-07-08T13:12:04,200.0,17.4,B
2021-07-08T13:11:53,300.0,17.35,S
2021-07-08T13:10:48,100.0,17.4,B
2021-07-08T13:09:58,800.0,17.4,S
2021-07-08T13:09:46,1200.0,17.4,S
2021-07-08T13:09:10,200.0,17.4,B
2021-07-08T13:08:23,200.0,17.4,S
2021-07-08T13:08:23,1900.0,17.4,S
2021-07-08T13:04:57,3100.0,17.4,S
2021-07-08T13:04:57,200.0,17.4,S
2021-07-08T13:04:30,5000.0,17.4,S
2021-07-08T13:03:03,3000.0,17.4,S
2021-07-08T13:02:03,100.0,17.45,B
2021-07-08T13:00:26,100.0,17.45,B
2021-07-08T13:00:16,100.0,17.45,B
2021-07-08T13:00:10,2000.0,17.45,B
2021-07-08T13:00:04,1000.0,17.45,B
2021-07-08T13:00:04,100.0,17.45,B
2021-07-08T13:00:03,100.0,17.45,B
2021-07-08T13:00:03,8600.0,17.45,B
2021-07-08T11:29:44,5000.0,17.45,B
2021-07-08T11:29:31,1300.0,17.45,B
2021-07-08T11:28:22,100.0,17.45,B
2021-07-08T11:26:10,200.0,17.45,B
2021-07-08T11:26:01,300.0,17.45,B
2021-07-08T11:25:14,1000.0,17.45,B
2021-07-08T11:24:06,300.0,17.45,B
2021-07-08T11:23:59,600.0,17.4,S
2021-07-08T11:21:40,600.0,17.4,S
2021-07-08T11:21:40,3600.0,17.4,S
2021-07-08T11:21:00,1900.0,17.45,S
2021-07-08T11:20:54,100.0,17.45,S
2021-07-08T11:19:56,500.0,17.45,B
2021-07-08T11:18:24,100.0,17.4,S
2021-07-08T11:17:13,4800.0,17.4,S
2021-07-08T11:16:20,200.0,17.4,B
2021-07-08T11:15:12,300.0,17.35,S
2021-07-08T11:15:12,500.0,17.35,S
2021-07-08T11:15:12,3000.0,17.35,S
2021-07-08T11:15:12,300.0,17.35,S
2021-07-08T11:15:12,200.0,17.35,S
2021-07-08T11:15:12,1200.0,17.35,S
2021-07-08T11:15:12,1600.0,17.35,S
2021-07-08T11:15:12,200.0,17.35,S
2021-07-08T11:15:12,100.0,17.35,S
2021-07-08T11:15:12,200.0,17.35,S
2021-07-08T11:15:12,15700.0,17.35,S
2021-07-08T11:15:12,300.0,17.4,S
2021-07-08T11:15:12,100.0,17.4,S
2021-07-08T11:15:12,2000.0,17.4,S
2021-07-08T11:15:12,300.0,17.4,S
2021-07-08T11:15:12,300.0,17.4,S
2021-07-08T11:15:12,9700.0,17.4,S
2021-07-08T11:14:16,100.0,17.4,S
2021-07-08T11:13:35,200.0,17.4,S
2021-07-08T11:10:35,200.0,17.45,B
2021-07-08T11:10:17,13300.0,17.45,B
2021-07-08T11:08:24,200.0,17.4,S
2021-07-08T11:08:24,2800.0,17.4,S
2021-07-08T11:07:58,300.0,17.45,B
2021-07-08T11:02:37,1000.0,17.4,S
2021-07-08T11:00:38,100.0,17.4,S
2021-07-08T11:00:20,6000.0,17.4,S
2021-07-08T11:00:20,14000.0,17.4,S
2021-07-08T11:00:19,4000.0,17.4,S
2021-07-08T10:59:13,500.0,17.45,B
2021-07-08T10:58:31,600.0,17.45,B
2021-07-08T10:58:23,1500.0,17.45,B
2021-07-08T10:57:50,2000.0,17.4,S
2021-07-08T10:57:37,1000.0,17.45,B
2021-07-08T10:57:36,200.0,17.45,B
2021-07-08T10:57:26,3000.0,17.45,B
2021-07-08T10:56:55,3500.0,17.45,B
2021-07-08T10:54:58,2000.0,17.45,B
2021-07-08T10:54:56,1500.0,17.45,B
2021-07-08T10:54:55,2000.0,17.45,B
2021-07-08T10:54:26,2000.0,17.45,B
2021-07-08T10:54:18,900.0,17.45,B
2021-07-08T10:53:40,700.0,17.45,B
2021-07-08T10:53:38,100.0,17.45,B
2021-07-08T10:52:48,2000.0,17.45,B
2021-07-08T10:52:03,3500.0,17.4,B
2021-07-08T10:51:42,1000.0,17.4,B
2021-07-08T10:51:32,500.0,17.4,B
2021-07-08T10:51:25,1000.0,17.4,B
2021-07-08T10:51:13,100.0,17.4,B
2021-07-08T10:50:59,2000.0,17.4,B
2021-07-08T10:50:50,1000.0,17.4,B
2021-07-08T10:50:25,500.0,17.4,B
2021-07-08T10:50:03,500.0,17.4,B
2021-07-08T10:49:58,10000.0,17.4,B
2021-07-08T10:49:03,500.0,17.4,B
2021-07-08T10:48:27,100.0,17.35,S
2021-07-08T10:48:25,400.0,17.4,B
2021-07-08T10:48:10,1500.0,17.35,S
2021-07-08T10:47:30,100.0,17.4,B
2021-07-08T10:47:20,5000.0,17.4,B
2021-07-08T10:47:10,1300.0,17.35,S
2021-07-08T10:46:37,200.0,17.35,S
2021-07-08T10:45:28,2500.0,17.4,B
2021-07-08T10:43:55,5000.0,17.35,S
2021-07-08T10:43:42,100.0,17.4,B
2021-07-08T10:42:47,1700.0,17.4,B
2021-07-08T10:42:31,2000.0,17.4,B
2021-07-08T10:39:12,10000.0,17.35,S
2021-07-08T10:39:05,500.0,17.35,S
2021-07-08T10:38:20,5200.0,17.35,S
2021-07-08T10:38:20,1000.0,17.35,S
2021-07-08T10:38:20,5800.0,17.35,S
2021-07-08T10:37:21,2500.0,17.35,S
2021-07-08T10:36:41,300.0,17.4,B
2021-07-08T10:35:37,3000.0,17.35,S
2021-07-08T10:35:10,100.0,17.4,B
2021-07-08T10:35:07,1000.0,17.4,B
2021-07-08T10:34:55,1000.0,17.4,B
2021-07-08T10:34:50,700.0,17.4,B
2021-07-08T10:34:28,500.0,17.4,B
2021-07-08T10:33:47,1000.0,17.35,S
2021-07-08T10:31:17,2700.0,17.35,S
2021-07-08T10:30:54,200.0,17.35,S
2021-07-08T10:24:47,200.0,17.35,S
2021-07-08T10:24:28,100.0,17.35,S
2021-07-08T10:22:43,1000.0,17.4,B
2021-07-08T10:22:15,300.0,17.4,B
2021-07-08T10:21:51,1000.0,17.4,B
2021-07-08T10:21:34,800.0,17.4,B
2021-07-08T10:20:29,500.0,17.35,S
2021-07-08T10:20:08,600.0,17.4,B
2021-07-08T10:19:47,1000.0,17.4,B
2021-07-08T10:19:31,1000.0,17.4,B
2021-07-08T10:18:53,300.0,17.4,B
2021-07-08T10:18:36,300.0,17.4,B
2021-07-08T10:18:31,1500.0,17.4,B
2021-07-08T10:17:48,500.0,17.4,B
2021-07-08T10:17:02,200.0,17.35,S
2021-07-08T10:15:48,200.0,17.35,S
2021-07-08T10:14:34,300.0,17.35,S
2021-07-08T10:13:13,500.0,17.4,B
2021-07-08T10:13:05,200.0,17.4,B
2021-07-08T10:12:57,2000.0,17.4,B
2021-07-08T10:12:40,5000.0,17.35,S
2021-07-08T10:10:19,100.0,17.35,S
2021-07-08T10:10:16,400.0,17.35,S
2021-07-08T10:09:21,200.0,17.35,B
2021-07-08T10:09:16,100.0,17.35,S
2021-07-08T10:09:16,400.0,17.35,S
2021-07-08T10:09:16,1000.0,17.35,S
2021-07-08T10:09:16,2000.0,17.35,S
2021-07-08T10:09:16,1600.0,17.35,S
2021-07-08T10:09:11,500.0,17.35,S
2021-07-08T10:08:38,2700.0,17.4,S
2021-07-08T10:08:25,2500.0,17.4,S
2021-07-08T10:08:17,6000.0,17.4,S
2021-07-08T10:07:53,200.0,17.4,S
2021-07-08T10:07:53,2700.0,17.4,S
2021-07-08T10:07:53,300.0,17.4,S
2021-07-08T10:07:43,3000.0,17.4,S
2021-07-08T10:07:27,9000.0,17.4,S
2021-07-08T10:07:04,800.0,17.4,S
2021-07-08T10:07:04,1200.0,17.4,S
2021-07-08T10:06:58,300.0,17.4,S
2021-07-08T10:06:41,1200.0,17.4,S
2021-07-08T10:06:41,200.0,17.4,S
2021-07-08T10:06:40,1600.0,17.4,S
2021-07-08T10:06:31,2000.0,17.4,S
2021-07-08T10:06:23,100.0,17.45,S
2021-07-08T10:05:53,100.0,17.45,S
2021-07-08T10:05:34,100.0,17.45,S
2021-07-08T10:05:32,500.0,17.45,S
2021-07-08T10:05:02,6500.0,17.45,S
2021-07-08T10:04:52,300.0,17.45,S
2021-07-08T10:04:34,100.0,17.45,S
2021-07-08T10:04:09,3400.0,17.45,S
2021-07-08T10:03:24,4500.0,17.45,S
2021-07-08T10:03:24,400.0,17.45,S
2021-07-08T10:03:24,200.0,17.45,S
2021-07-08T10:03:24,6500.0,17.45,S
2021-07-08T10:03:15,2500.0,17.5,B
2021-07-08T10:02:37,500.0,17.5,B
2021-07-08T10:02:37,300.0,17.5,S
2021-07-08T10:02:35,6700.0,17.5,S
2021-07-08T10:01:13,3600.0,17.5,S
2021-07-08T10:01:07,700.0,17.5,B
2021-07-08T09:59:54,5000.0,17.5,B
2021-07-08T09:59:25,1000.0,17.5,B
2021-07-08T09:59:16,200.0,17.5,B
2021-07-08T09:59:05,100.0,17.5,B
2021-07-08T09:58:48,200.0,17.5,B
2021-07-08T09:58:29,100.0,17.5,B
2021-07-08T09:58:20,200.0,17.5,B
2021-07-08T09:58:15,100.0,17.5,B
2021-07-08T09:58:12,100.0,17.45,S
2021-07-08T09:57:49,4400.0,17.5,B
2021-07-08T09:57:49,600.0,17.5,B
2021-07-08T09:55:53,500.0,17.5,B
2021-07-08T09:55:50,2000.0,17.5,B
2021-07-08T09:53:53,100.0,17.5,B
2021-07-08T09:53:48,100.0,17.5,B
2021-07-08T09:53:41,100.0,17.45,S
2021-07-08T09:53:03,300.0,17.5,B
2021-07-08T09:52:29,1000.0,17.5,B
2021-07-08T09:52:24,500.0,17.5,B
2021-07-08T09:52:24,800.0,17.5,B
2021-07-08T09:51:57,2000.0,17.5,B
2021-07-08T09:51:24,900.0,17.5,B
2021-07-08T09:50:56,500.0,17.5,B
2021-07-08T09:50:24,500.0,17.5,B
2021-07-08T09:49:58,1000.0,17.5,B
2021-07-08T09:49:37,200.0,17.5,B
2021-07-08T09:49:22,500.0,17.5,B
2021-07-08T09:49:10,200.0,17.5,B
2021-07-08T09:49:00,500.0,17.5,B
2021-07-08T09:48:58,100.0,17.5,B
2021-07-08T09:48:53,5000.0,17.5,B
2021-07-08T09:48:37,500.0,17.5,B
2021-07-08T09:48:33,4800.0,17.5,B
2021-07-08T09:48:33,200.0,17.5,B
2021-07-08T09:48:29,3500.0,17.5,B
2021-07-08T09:48:28,1000.0,17.5,B
2021-07-08T09:48:14,200.0,17.5,B
2021-07-08T09:48:08,200.0,17.5,B
2021-07-08T09:47:57,3000.0,17.5,B
2021-07-08T09:47:55,100.0,17.5,B
2021-07-08T09:47:39,100.0,17.5,B
2021-07-08T09:47:09,2000.0,17.5,B
2021-07-08T09:46:06,700.0,17.5,B
2021-07-08T09:45:54,200.0,17.5,B
2021-07-08T09:45:28,3000.0,17.5,B
2021-07-08T09:45:19,3500.0,17.45,S
2021-07-08T09:45:19,100.0,17.5,B
2021-07-08T09:45:14,100.0,17.5,B
2021-07-08T09:45:01,400.0,17.5,B
2021-07-08T09:44:18,500.0,17.5,B
2021-07-08T09:44:05,5800.0,17.5,S
2021-07-08T09:44:05,39000.0,17.5,S
2021-07-08T09:43:30,2000.0,17.65,B
2021-07-08T09:43:11,100.0,17.65,B
2021-07-08T09:42:35,200.0,17.7,B
2021-07-08T09:42:28,100.0,17.6,S
2021-07-08T09:42:22,200.0,17.6,S
2021-07-08T09:41:49,300.0,17.65,S
2021-07-08T09:41:25,5000.0,17.7,B
2021-07-08T09:41:00,700.0,17.7,B
2021-07-08T09:40:23,100.0,17.7,B
2021-07-08T09:40:06,900.0,17.7,B
2021-07-08T09:40:02,1000.0,17.7,B
2021-07-08T09:39:58,100.0,17.7,B
2021-07-08T09:39:56,1000.0,17.7,B
2021-07-08T09:39:48,5000.0,17.7,B
2021-07-08T09:39:43,2000.0,17.7,B
2021-07-08T09:39:30,1000.0,17.7,B
2021-07-08T09:39:22,1000.0,17.7,B
2021-07-08T09:39:03,500.0,17.65,S
2021-07-08T09:38:47,100.0,17.6,B
2021-07-08T09:38:24,2000.0,17.6,B
2021-07-08T09:37:52,3000.0,17.6,B
2021-07-08T09:37:52,1100.0,17.6,B
2021-07-08T09:37:52,900.0,17.6,B
2021-07-08T09:37:29,400.0,17.6,B
2021-07-08T09:37:18,3000.0,17.6,B
2021-07-08T09:36:48,200.0,17.5,S
2021-07-08T09:36:33,10000.0,17.6,B
2021-07-08T09:36:21,2000.0,17.5,B
2021-07-08T09:36:18,100.0,17.5,B
2021-07-08T09:36:06,100.0,17.5,B
2021-07-08T09:35:31,6500.0,17.5,B
2021-07-08T09:35:31,200.0,17.5,B
2021-07-08T09:35:31,500.0,17.5,B
2021-07-08T09:35:31,7800.0,17.5,B
2021-07-08T09:35:19,3900.0,17.45,S
2021-07-08T09:35:13,1000.0,17.4,S
2021-07-08T09:34:53,300.0,17.4,S
2021-07-08T09:34:48,100.0,17.45,B
2021-07-08T09:34:09,500.0,17.45,B
2021-07-08T09:34:06,300.0,17.4,S
2021-07-08T09:33:54,500.0,17.45,B
2021-07-08T09:33:52,200.0,17.4,S
2021-07-08T09:33:00,24700.0,17.4,S
2021-07-08T09:33:00,5200.0,17.4,S
2021-07-08T09:33:00,1300.0,17.45,S
2021-07-08T09:33:00,100.0,17.45,S
2021-07-08T09:33:00,18700.0,17.45,S
2021-07-08T09:31:51,100.0,17.5,B
2021-07-08T09:31:40,1000.0,17.5,B
2021-07-08T09:31:39,1000.0,17.5,B
2021-07-08T09:31:24,200.0,17.5,B
2021-07-08T09:31:23,100.0,17.5,B
2021-07-08T09:30:59,5000.0,17.5,B
2021-07-08T09:30:46,100.0,17.5,B
2021-07-08T09:30:29,39800.0,17.5,B
2021-07-08T09:30:29,5300.0,17.5,B
2021-07-08T09:30:29,3000.0,17.5,B
2021-07-08T09:30:29,1900.0,17.5,B
2021-07-08T09:30:11,1000.0,17.45,S
2021-07-08T09:30:06,1500.0,17.45,S
2021-07-08T09:29:24,1100.0,17.45,S
2021-07-08T09:29:17,100.0,17.5,B
2021-07-08T09:29:10,100.0,17.45,S
2021-07-08T09:29:01,500.0,17.5,B
2021-07-08T09:28:03,1000.0,17.5,B
2021-07-08T09:27:52,3000.0,17.5,B
2021-07-08T09:27:49,100.0,17.5,B
2021-07-08T09:27:47,1000.0,17.5,B
2021-07-08T09:27:46,300.0,17.5,B
2021-07-08T09:27:20,500.0,17.5,B
2021-07-08T09:27:12,14800.0,17.45,S
2021-07-08T09:27:12,5200.0,17.45,S
2021-07-08T09:26:47,1000.0,17.5,B
2021-07-08T09:26:13,5000.0,17.45,S
2021-07-08T09:26:09,1200.0,17.5,B
2021-07-08T09:25:44,100.0,17.5,B
2021-07-08T09:25:12,800.0,17.5,S
2021-07-08T09:24:57,200.0,17.5,B
2021-07-08T09:24:54,1000.0,17.5,S
2021-07-08T09:24:53,5000.0,17.5,S
2021-07-08T09:24:45,2000.0,17.5,S
2021-07-08T09:24:25,500.0,17.5,B
2021-07-08T09:24:25,8600.0,17.5,B
2021-07-08T09:24:09,500.0,17.5,B
2021-07-08T09:24:08,1900.0,17.5,B
2021-07-08T09:24:07,200.0,17.5,B
2021-07-08T09:23:54,100.0,17.5,B
2021-07-08T09:23:53,100.0,17.5,B
2021-07-08T09:23:52,100.0,17.5,B
2021-07-08T09:23:51,10000.0,17.5,B
2021-07-08T09:23:37,8000.0,17.5,B
2021-07-08T09:23:36,100.0,17.5,B
2021-07-08T09:23:34,5000.0,17.5,B
2021-07-08T09:23:26,1000.0,17.5,B
2021-07-08T09:23:23,200.0,17.5,B
2021-07-08T09:23:09,400.0,17.5,B
2021-07-08T09:23:07,20400.0,17.5,B
2021-07-08T09:23:07,3500.0,17.5,B
2021-07-08T09:23:07,1400.0,17.45,B
2021-07-08T09:22:59,100.0,17.45,B
2021-07-08T09:22:44,100.0,17.45,B
2021-07-08T09:22:43,400.0,17.45,S
2021-07-08T09:22:30,100.0,17.45,B
2021-07-08T09:22:26,1000.0,17.45,B
2021-07-08T09:22:24,2000.0,17.45,B
2021-07-08T09:22:11,300.0,17.45,B
2021-07-08T09:22:10,700.0,17.45,S
2021-07-08T09:22:05,500.0,17.45,S
2021-07-08T09:22:00,2000.0,17.45,S
2021-07-08T09:21:43,1000.0,17.45,S
2021-07-08T09:21:18,300.0,17.4,S
2021-07-08T09:21:05,1000.0,17.45,B
2021-07-08T09:20:46,100.0,17.4,S
2021-07-08T09:20:29,100.0,17.4,S
2021-07-08T09:20:17,1000.0,17.4,B
2021-07-08T09:20:11,50000.0,17.4,B
2021-07-08T09:20:04,4500.0,17.35,B
2021-07-08T09:20:04,1000.0,17.3,S
2021-07-08T09:19:56,300.0,17.35,B
2021-07-08T09:19:52,200.0,17.35,B
2021-07-08T09:19:42,4100.0,17.3,S
2021-07-08T09:19:41,5900.0,17.3,S
2021-07-08T09:19:36,300.0,17.3,S
2021-07-08T09:19:13,1100.0,17.3,B
2021-07-08T09:19:02,300.0,17.3,B
2021-07-08T09:18:58,100.0,17.3,B
2021-07-08T09:18:52,1500.0,17.3,B
2021-07-08T09:18:18,1000.0,17.25,B
2021-07-08T09:18:17,1000.0,17.25,B
2021-07-08T09:18:16,100.0,17.25,B
2021-07-08T09:18:15,3000.0,17.25,B
2021-07-08T09:18:04,200.0,17.25,B
2021-07-08T09:17:50,500.0,17.2,S
2021-07-08T09:17:37,100.0,17.2,B
2021-07-08T09:17:27,100.0,17.2,B
2021-07-08T09:17:25,2400.0,17.15,S
2021-07-08T09:17:25,300.0,17.2,B
2021-07-08T09:17:07,100.0,17.15,S
2021-07-08T09:16:38,3000.0,17.1,S
2021-07-08T09:16:32,3000.0,17.1,S
2021-07-08T09:15:56,500.0,17.05,S
2021-07-08T09:15:04,100.0,17.0,S
