tradingTime,volume,price,side
2021-07-08T14:29:27,400.0,17.1,S
2021-07-08T14:29:07,600.0,17.1,S
2021-07-08T14:28:36,10000.0,17.1,S
2021-07-08T14:28:31,200.0,17.1,S
2021-07-08T14:27:42,1000.0,17.1,S
2021-07-08T14:27:15,1000.0,17.15,B
2021-07-08T14:27:04,100.0,17.15,B
2021-07-08T14:26:33,100.0,17.15,B
2021-07-08T14:26:29,2000.0,17.1,S
2021-07-08T14:26:22,200.0,17.15,B
2021-07-08T14:25:50,1500.0,17.15,B
2021-07-08T14:25:33,100.0,17.15,B
2021-07-08T14:25:28,1400.0,17.15,B
2021-07-08T14:25:28,1100.0,17.15,S
2021-07-08T14:25:17,2000.0,17.15,S
2021-07-08T14:25:15,4200.0,17.15,S
2021-07-08T14:24:49,100.0,17.15,S
2021-07-08T14:24:12,4600.0,17.15,B
2021-07-08T14:24:09,500.0,17.15,B
2021-07-08T14:23:47,500.0,17.15,B
2021-07-08T14:23:36,3000.0,17.15,B
2021-07-08T14:23:33,3000.0,17.15,B
2021-07-08T14:22:50,3500.0,17.15,B
2021-07-08T14:22:50,6200.0,17.15,B
2021-07-08T14:22:50,300.0,17.15,B
2021-07-08T14:22:16,10000.0,17.15,B
2021-07-08T14:21:54,5000.0,17.15,B
2021-07-08T14:20:26,1000.0,17.15,B
2021-07-08T14:19:57,500.0,17.1,S
2021-07-08T14:19:45,1800.0,17.1,S
2021-07-08T14:19:45,400.0,17.1,S
2021-07-08T14:19:18,200.0,17.1,S
2021-07-08T14:16:59,500.0,17.1,S
2021-07-08T14:16:22,200.0,17.1,S
2021-07-08T14:16:17,1000.0,17.1,S
2021-07-08T14:15:44,5000.0,17.1,S
2021-07-08T14:15:15,5000.0,17.1,B
2021-07-08T14:14:35,2000.0,17.1,B
2021-07-08T14:14:26,200.0,17.1,B
2021-07-08T14:14:06,900.0,17.1,B
2021-07-08T14:13:47,100.0,17.1,B
2021-07-08T14:13:10,400.0,17.1,B
2021-07-08T14:12:41,1000.0,17.1,B
2021-07-08T14:12:13,400.0,17.1,B
2021-07-08T14:12:13,600.0,17.1,B
2021-07-08T14:12:02,1700.0,17.05,S
2021-07-08T14:12:00,1000.0,17.1,B
2021-07-08T14:11:51,100.0,17.1,B
2021-07-08T14:11:32,100.0,17.1,B
2021-07-08T14:11:21,700.0,17.1,B
2021-07-08T14:11:19,1500.0,17.1,B
2021-07-08T14:11:01,5000.0,17.1,S
2021-07-08T14:10:51,4000.0,17.1,S
2021-07-08T14:09:57,1000.0,17.1,S
2021-07-08T14:09:49,300.0,17.15,B
2021-07-08T14:09:46,100.0,17.1,S
2021-07-08T14:09:26,1800.0,17.1,S
2021-07-08T14:09:19,200.0,17.1,S
2021-07-08T14:09:13,3000.0,17.1,S
2021-07-08T14:09:00,100.0,17.1,S
2021-07-08T14:08:56,1000.0,17.1,S
2021-07-08T14:08:53,600.0,17.1,S
2021-07-08T14:08:23,1500.0,17.05,S
2021-07-08T14:08:15,500.0,17.1,S
2021-07-08T14:08:11,1100.0,17.1,B
2021-07-08T14:08:05,2000.0,17.1,B
2021-07-08T14:08:04,100.0,17.1,B
2021-07-08T14:07:53,4000.0,17.1,B
2021-07-08T14:07:49,1100.0,17.05,S
2021-07-08T14:07:47,1300.0,17.1,B
2021-07-08T14:07:36,2000.0,17.05,S
2021-07-08T14:07:10,200.0,17.05,S
2021-07-08T14:06:58,5500.0,17.05,S
2021-07-08T14:06:55,1900.0,17.1,B
2021-07-08T14:06:55,300.0,17.1,B
2021-07-08T14:06:55,800.0,17.1,B
2021-07-08T14:06:49,100.0,17.05,S
2021-07-08T14:06:26,100.0,17.05,S
2021-07-08T14:05:52,100.0,17.05,S
2021-07-08T14:05:46,2900.0,17.1,B
2021-07-08T14:05:20,2000.0,17.05,S
2021-07-08T14:05:09,6000.0,17.1,B
2021-07-08T14:04:56,4100.0,17.1,B
2021-07-08T14:04:56,900.0,17.1,B
2021-07-08T14:04:32,100.0,17.1,B
2021-07-08T14:04:31,800.0,17.05,S
2021-07-08T14:04:25,1000.0,17.05,S
2021-07-08T14:04:23,3000.0,17.05,S
2021-07-08T14:04:20,300.0,17.05,S
2021-07-08T14:04:14,10000.0,17.05,S
2021-07-08T14:03:43,9800.0,17.05,B
2021-07-08T14:03:15,400.0,17.05,B
2021-07-08T14:03:01,3000.0,17.05,B
2021-07-08T14:02:56,500.0,17.05,B
2021-07-08T14:02:40,500.0,17.0,S
2021-07-08T14:02:35,3000.0,17.0,S
2021-07-08T14:02:20,2000.0,17.05,B
2021-07-08T14:01:35,100.0,17.0,S
2021-07-08T14:01:35,5500.0,17.0,S
2021-07-08T14:00:50,600.0,17.0,S
2021-07-08T14:00:50,10200.0,17.0,S
2021-07-08T14:00:50,3700.0,17.0,S
2021-07-08T14:00:50,1500.0,17.0,S
2021-07-08T14:00:50,24000.0,17.05,S
2021-07-08T14:00:47,200.0,17.05,S
2021-07-08T14:00:38,2000.0,17.05,S
2021-07-08T14:00:35,10700.0,17.05,S
2021-07-08T14:00:16,300.0,17.05,S
2021-07-08T14:00:09,5000.0,17.05,S
2021-07-08T13:58:14,300.0,17.05,S
2021-07-08T13:57:46,300.0,17.05,S
2021-07-08T13:56:55,700.0,17.05,S
2021-07-08T13:56:54,3000.0,17.05,S
2021-07-08T13:56:17,200.0,17.05,S
2021-07-08T13:56:04,10000.0,17.05,S
2021-07-08T13:55:43,300.0,17.05,S
2021-07-08T13:55:09,4000.0,17.1,B
2021-07-08T13:54:58,2000.0,17.1,B
2021-07-08T13:54:54,200.0,17.05,S
2021-07-08T13:54:21,1300.0,17.1,B
2021-07-08T13:54:05,3000.0,17.1,B
2021-07-08T13:53:33,500.0,17.1,B
2021-07-08T13:52:34,200.0,17.1,B
2021-07-08T13:52:27,1000.0,17.1,B
2021-07-08T13:52:19,100.0,17.1,B
2021-07-08T13:50:35,4000.0,17.1,B
2021-07-08T13:50:35,1000.0,17.1,B
2021-07-08T13:47:39,300.0,17.1,B
2021-07-08T13:46:36,7000.0,17.05,S
2021-07-08T13:46:36,1000.0,17.05,S
2021-07-08T13:46:09,1000.0,17.1,B
2021-07-08T13:45:44,500.0,17.1,B
2021-07-08T13:44:56,5000.0,17.1,B
2021-07-08T13:44:25,100.0,17.05,S
2021-07-08T13:43:35,1000.0,17.1,B
2021-07-08T13:43:23,5600.0,17.0,S
2021-07-08T13:43:23,1100.0,17.0,S
2021-07-08T13:43:23,800.0,17.0,S
2021-07-08T13:43:23,300.0,17.0,S
2021-07-08T13:43:23,2200.0,17.0,S
2021-07-08T13:43:12,1600.0,17.0,S
2021-07-08T13:43:12,1400.0,17.0,S
2021-07-08T13:42:48,1000.0,17.05,B
2021-07-08T13:42:43,200.0,17.05,B
2021-07-08T13:42:41,1000.0,17.05,B
2021-07-08T13:42:40,1800.0,17.05,B
2021-07-08T13:42:38,6600.0,17.05,B
2021-07-08T13:42:32,1000.0,17.05,B
2021-07-08T13:42:29,1000.0,17.05,B
2021-07-08T13:42:23,100.0,17.05,B
2021-07-08T13:42:00,100.0,17.05,B
2021-07-08T13:41:55,500.0,17.05,B
2021-07-08T13:40:41,200.0,17.0,S
2021-07-08T13:40:08,1800.0,17.0,S
2021-07-08T13:40:08,4900.0,17.0,S
2021-07-08T13:40:08,18300.0,17.0,S
2021-07-08T13:40:08,10700.0,17.0,S
2021-07-08T13:39:35,1000.0,17.0,S
2021-07-08T13:38:33,200.0,17.0,S
2021-07-08T13:38:28,7100.0,17.0,S
2021-07-08T13:38:26,1000.0,17.0,S
2021-07-08T13:38:06,100.0,17.0,S
2021-07-08T13:37:52,1600.0,17.0,S
2021-07-08T13:37:52,2900.0,17.0,S
2021-07-08T13:37:52,1800.0,17.0,S
2021-07-08T13:37:51,200.0,17.0,S
2021-07-08T13:37:49,100.0,17.0,S
2021-07-08T13:37:28,500.0,17.0,S
2021-07-08T13:37:24,500.0,17.0,S
2021-07-08T13:37:23,2000.0,17.0,S
2021-07-08T13:37:10,1100.0,17.0,S
2021-07-08T13:37:10,4600.0,17.0,S
2021-07-08T13:37:10,2600.0,17.05,S
2021-07-08T13:37:04,400.0,17.05,S
2021-07-08T13:36:55,500.0,17.05,S
2021-07-08T13:36:55,400.0,17.05,S
2021-07-08T13:36:54,3000.0,17.05,S
2021-07-08T13:36:52,3000.0,17.05,S
2021-07-08T13:36:48,400.0,17.05,S
2021-07-08T13:36:29,20000.0,17.05,S
2021-07-08T13:36:27,500.0,17.05,S
2021-07-08T13:36:24,2000.0,17.05,S
2021-07-08T13:36:24,17200.0,17.05,S
2021-07-08T13:36:23,1900.0,17.05,S
2021-07-08T13:36:17,5000.0,17.05,S
2021-07-08T13:36:13,2500.0,17.05,S
2021-07-08T13:36:06,2000.0,17.05,S
2021-07-08T13:36:05,3000.0,17.05,S
2021-07-08T13:35:38,2000.0,17.05,S
2021-07-08T13:35:15,8000.0,17.05,S
2021-07-08T13:35:08,400.0,17.05,S
2021-07-08T13:35:07,900.0,17.05,S
2021-07-08T13:34:30,3800.0,17.05,S
2021-07-08T13:34:27,23000.0,17.05,S
2021-07-08T13:34:26,6000.0,17.05,S
2021-07-08T13:34:07,4100.0,17.1,S
2021-07-08T13:34:00,300.0,17.1,S
2021-07-08T13:33:57,500.0,17.1,S
2021-07-08T13:33:43,100.0,17.1,S
2021-07-08T13:33:37,1100.0,17.15,B
2021-07-08T13:33:20,2000.0,17.05,S
2021-07-08T13:33:12,4000.0,17.05,S
2021-07-08T13:32:59,3500.0,17.1,S
2021-07-08T13:32:59,3000.0,17.1,S
2021-07-08T13:32:59,14200.0,17.1,S
2021-07-08T13:32:59,2500.0,17.1,S
2021-07-08T13:32:59,11600.0,17.1,S
2021-07-08T13:32:59,1000.0,17.1,S
2021-07-08T13:32:59,4000.0,17.1,S
2021-07-08T13:32:59,1600.0,17.1,S
2021-07-08T13:32:59,900.0,17.1,S
2021-07-08T13:32:59,200.0,17.1,S
2021-07-08T13:32:59,27500.0,17.1,S
2021-07-08T13:32:48,1200.0,17.15,B
2021-07-08T13:31:54,1900.0,17.15,B
2021-07-08T13:31:29,4200.0,17.15,S
2021-07-08T13:31:08,4000.0,17.15,S
2021-07-08T13:30:57,2000.0,17.15,S
2021-07-08T13:30:33,1000.0,17.15,S
2021-07-08T13:30:15,400.0,17.15,S
2021-07-08T13:30:10,200.0,17.15,S
2021-07-08T13:30:07,2000.0,17.15,S
2021-07-08T13:30:00,1500.0,17.15,S
2021-07-08T13:29:11,500.0,17.15,S
2021-07-08T13:28:00,5000.0,17.2,B
2021-07-08T13:27:56,1000.0,17.15,S
2021-07-08T13:27:08,1000.0,17.15,S
2021-07-08T13:26:56,20000.0,17.15,S
2021-07-08T13:26:55,1500.0,17.15,S
2021-07-08T13:26:51,4000.0,17.15,S
2021-07-08T13:26:32,2400.0,17.15,S
2021-07-08T13:26:16,1500.0,17.15,S
2021-07-08T13:25:31,1500.0,17.15,S
2021-07-08T13:24:44,200.0,17.15,S
2021-07-08T13:24:19,900.0,17.15,S
2021-07-08T13:23:41,700.0,17.2,B
2021-07-08T13:23:41,1300.0,17.2,B
2021-07-08T13:23:04,100.0,17.2,B
2021-07-08T13:22:10,100.0,17.15,S
2021-07-08T13:22:06,100.0,17.15,S
2021-07-08T13:21:14,4900.0,17.15,B
2021-07-08T13:20:44,20000.0,17.15,B
2021-07-08T13:20:32,2500.0,17.1,S
2021-07-08T13:19:58,5000.0,17.15,B
2021-07-08T13:19:42,300.0,17.15,B
2021-07-08T13:18:41,100.0,17.15,B
2021-07-08T13:18:40,100.0,17.15,B
2021-07-08T13:17:22,2800.0,17.15,B
2021-07-08T13:17:08,1200.0,17.1,S
2021-07-08T13:15:54,100.0,17.15,B
2021-07-08T13:15:27,200.0,17.15,B
2021-07-08T13:15:15,400.0,17.15,S
2021-07-08T13:15:14,300.0,17.15,S
2021-07-08T13:13:10,2000.0,17.15,S
2021-07-08T13:12:23,100.0,17.2,B
2021-07-08T13:12:15,100.0,17.2,B
2021-07-08T13:12:02,100.0,17.2,B
2021-07-08T13:11:57,100.0,17.2,B
2021-07-08T13:11:47,100.0,17.2,B
2021-07-08T13:11:37,100.0,17.2,B
2021-07-08T13:11:30,300.0,17.15,S
2021-07-08T13:09:50,300.0,17.15,S
2021-07-08T13:09:19,5000.0,17.15,S
2021-07-08T13:09:02,20000.0,17.15,S
2021-07-08T13:08:06,1000.0,17.15,S
2021-07-08T13:04:40,1300.0,17.2,S
2021-07-08T13:04:40,3400.0,17.2,S
2021-07-08T13:04:20,2000.0,17.2,S
2021-07-08T13:03:02,100.0,17.2,S
2021-07-08T13:00:38,100.0,17.25,B
2021-07-08T13:00:24,100.0,17.25,B
2021-07-08T13:00:15,500.0,17.25,S
2021-07-08T13:00:04,200.0,17.3,B
2021-07-08T11:27:35,100.0,17.3,B
2021-07-08T11:26:53,400.0,17.3,B
2021-07-08T11:24:14,9800.0,17.3,B
2021-07-08T11:24:14,15200.0,17.3,B
2021-07-08T11:24:05,1000.0,17.2,S
2021-07-08T11:23:39,100.0,17.2,S
2021-07-08T11:21:49,4000.0,17.2,S
2021-07-08T11:19:39,700.0,17.2,B
2021-07-08T11:19:39,10500.0,17.2,B
2021-07-08T11:19:39,400.0,17.2,B
2021-07-08T11:19:39,2500.0,17.15,B
2021-07-08T11:19:39,600.0,17.15,B
2021-07-08T11:19:13,1000.0,17.1,S
2021-07-08T11:19:06,1000.0,17.15,B
2021-07-08T11:17:36,200.0,17.15,B
2021-07-08T11:16:55,400.0,17.15,B
2021-07-08T11:16:20,300.0,17.15,B
2021-07-08T11:16:05,100.0,17.15,B
2021-07-08T11:15:09,400.0,17.1,S
2021-07-08T11:14:13,2200.0,17.1,S
2021-07-08T11:14:13,1200.0,17.15,B
2021-07-08T11:14:13,600.0,17.15,B
2021-07-08T11:14:13,8000.0,17.15,B
2021-07-08T11:14:13,200.0,17.15,B
2021-07-08T11:13:47,20000.0,17.1,S
2021-07-08T11:13:38,1200.0,17.1,S
2021-07-08T11:13:17,1600.0,17.1,S
2021-07-08T11:10:37,500.0,17.1,S
2021-07-08T11:09:31,1000.0,17.1,B
2021-07-08T11:07:51,1000.0,17.1,B
2021-07-08T11:07:47,1000.0,17.1,B
2021-07-08T11:07:22,6500.0,17.1,S
2021-07-08T11:07:06,8000.0,17.15,B
2021-07-08T11:06:59,7000.0,17.1,S
2021-07-08T11:06:52,500.0,17.1,S
2021-07-08T11:05:35,100.0,17.1,S
2021-07-08T11:05:32,600.0,17.1,S
2021-07-08T11:05:17,10400.0,17.1,S
2021-07-08T11:04:27,1000.0,17.1,S
2021-07-08T11:04:21,4000.0,17.1,S
2021-07-08T11:03:18,500.0,17.1,S
2021-07-08T11:00:22,600.0,17.1,B
2021-07-08T11:00:22,200.0,17.1,B
2021-07-08T10:59:56,100.0,17.1,B
2021-07-08T10:59:49,100.0,17.1,B
2021-07-08T10:59:00,4200.0,17.1,S
2021-07-08T10:59:00,200.0,17.1,S
2021-07-08T10:59:00,1200.0,17.1,S
2021-07-08T10:57:15,2000.0,17.1,S
2021-07-08T10:54:47,3000.0,17.1,S
2021-07-08T10:54:11,100.0,17.1,S
2021-07-08T10:53:25,100.0,17.1,S
2021-07-08T10:52:53,300.0,17.1,S
2021-07-08T10:52:12,900.0,17.1,B
2021-07-08T10:52:11,100.0,17.1,B
2021-07-08T10:52:09,100.0,17.1,B
2021-07-08T10:52:02,3000.0,17.1,B
2021-07-08T10:51:45,2000.0,17.1,B
2021-07-08T10:51:30,12200.0,17.1,B
2021-07-08T10:51:18,1000.0,17.1,B
2021-07-08T10:50:46,2600.0,17.1,B
2021-07-08T10:49:44,3000.0,17.1,B
2021-07-08T10:48:23,1000.0,17.1,B
2021-07-08T10:48:15,1000.0,17.1,B
2021-07-08T10:47:51,200.0,17.1,B
2021-07-08T10:46:48,1000.0,17.1,B
2021-07-08T10:46:46,200.0,17.1,B
2021-07-08T10:46:45,1000.0,17.1,B
2021-07-08T10:46:20,100.0,17.1,B
2021-07-08T10:46:09,100.0,17.1,B
2021-07-08T10:46:02,2000.0,17.1,S
2021-07-08T10:45:39,400.0,17.1,B
2021-07-08T10:45:39,600.0,17.1,B
2021-07-08T10:45:39,3100.0,17.1,B
2021-07-08T10:45:39,2000.0,17.1,B
2021-07-08T10:45:39,11100.0,17.1,B
2021-07-08T10:45:31,700.0,17.1,B
2021-07-08T10:45:28,600.0,17.1,B
2021-07-08T10:45:20,200.0,17.05,S
2021-07-08T10:44:47,100.0,17.1,B
2021-07-08T10:42:47,5000.0,17.1,B
2021-07-08T10:41:09,100.0,17.1,B
2021-07-08T10:40:47,4700.0,17.1,S
2021-07-08T10:40:41,2100.0,17.1,S
2021-07-08T10:40:41,100.0,17.1,S
2021-07-08T10:40:41,7100.0,17.1,S
2021-07-08T10:39:40,5000.0,17.1,S
2021-07-08T10:38:32,1000.0,17.1,S
2021-07-08T10:38:14,1000.0,17.1,S
2021-07-08T10:37:23,100.0,17.1,S
2021-07-08T10:37:07,5000.0,17.1,S
2021-07-08T10:37:05,400.0,17.1,S
2021-07-08T10:36:16,400.0,17.1,S
2021-07-08T10:35:49,500.0,17.1,S
2021-07-08T10:35:47,2000.0,17.1,S
2021-07-08T10:34:11,3800.0,17.1,S
2021-07-08T10:33:12,2000.0,17.15,B
2021-07-08T10:33:04,200.0,17.15,B
2021-07-08T10:32:10,1200.0,17.1,S
2021-07-08T10:31:32,200.0,17.1,S
2021-07-08T10:31:32,1800.0,17.1,S
2021-07-08T10:31:21,400.0,17.1,S
2021-07-08T10:31:01,2000.0,17.15,B
2021-07-08T10:30:53,10000.0,17.1,S
2021-07-08T10:29:54,1000.0,17.1,S
2021-07-08T10:28:51,200.0,17.1,S
2021-07-08T10:28:39,600.0,17.1,S
2021-07-08T10:28:05,100.0,17.1,S
2021-07-08T10:27:45,1000.0,17.15,B
2021-07-08T10:23:16,15000.0,17.15,B
2021-07-08T10:23:03,6500.0,17.1,S
2021-07-08T10:23:03,1500.0,17.1,S
2021-07-08T10:23:03,2000.0,17.1,S
2021-07-08T10:22:33,32600.0,17.15,S
2021-07-08T10:22:12,200.0,17.15,S
2021-07-08T10:22:04,500.0,17.15,S
2021-07-08T10:21:51,200.0,17.15,S
2021-07-08T10:21:49,500.0,17.15,S
2021-07-08T10:21:45,100.0,17.15,S
2021-07-08T10:21:09,15900.0,17.15,B
2021-07-08T10:20:59,100.0,17.1,S
2021-07-08T10:20:44,1500.0,17.1,S
2021-07-08T10:20:35,1100.0,17.1,S
2021-07-08T10:20:35,1300.0,17.1,S
2021-07-08T10:20:32,2000.0,17.1,S
2021-07-08T10:20:18,9400.0,17.1,S
2021-07-08T10:19:52,600.0,17.1,S
2021-07-08T10:19:25,400.0,17.1,S
2021-07-08T10:19:01,300.0,17.1,S
2021-07-08T10:17:21,1600.0,17.15,S
2021-07-08T10:16:24,1200.0,17.15,B
2021-07-08T10:16:09,100.0,17.15,B
2021-07-08T10:16:05,500.0,17.15,B
2021-07-08T10:15:10,300.0,17.1,S
2021-07-08T10:14:37,1500.0,17.1,B
2021-07-08T10:13:43,400.0,17.05,B
2021-07-08T10:13:31,100.0,17.05,B
2021-07-08T10:13:07,3000.0,17.05,B
2021-07-08T10:12:30,500.0,17.0,S
2021-07-08T10:12:27,200.0,17.0,S
2021-07-08T10:12:23,500.0,17.05,B
2021-07-08T10:11:55,1000.0,17.05,B
2021-07-08T10:11:25,1000.0,17.0,S
2021-07-08T10:11:14,300.0,17.0,S
2021-07-08T10:10:18,7500.0,17.0,S
2021-07-08T10:09:33,100.0,17.05,B
2021-07-08T10:09:30,500.0,17.05,B
2021-07-08T10:09:25,5000.0,17.0,S
2021-07-08T10:09:18,200.0,17.05,B
2021-07-08T10:08:47,1600.0,17.05,S
2021-07-08T10:08:24,800.0,17.05,S
2021-07-08T10:08:24,200.0,17.05,S
2021-07-08T10:08:08,2000.0,17.05,S
2021-07-08T10:08:07,2000.0,17.05,S
2021-07-08T10:07:26,100.0,17.05,S
2021-07-08T10:07:19,300.0,17.05,S
2021-07-08T10:06:41,200.0,17.05,S
2021-07-08T10:06:34,2500.0,17.05,S
2021-07-08T10:05:40,1000.0,17.05,S
2021-07-08T10:05:38,600.0,17.05,S
2021-07-08T10:05:19,5000.0,17.05,S
2021-07-08T10:05:13,3000.0,17.1,S
2021-07-08T10:04:50,500.0,17.05,S
2021-07-08T10:04:39,10000.0,17.05,S
2021-07-08T10:04:31,1100.0,17.05,S
2021-07-08T10:04:31,100.0,17.05,S
2021-07-08T10:04:31,1300.0,17.05,S
2021-07-08T10:04:14,4000.0,17.05,S
2021-07-08T10:03:55,10000.0,17.05,S
2021-07-08T10:03:36,1000.0,17.1,B
2021-07-08T10:03:24,5000.0,17.05,S
2021-07-08T10:03:07,3000.0,17.05,S
2021-07-08T10:03:01,5000.0,17.05,S
2021-07-08T10:02:59,1000.0,17.05,S
2021-07-08T10:02:40,500.0,17.05,S
2021-07-08T10:02:10,1000.0,17.05,S
2021-07-08T10:01:39,10000.0,17.05,S
2021-07-08T10:00:52,500.0,17.1,B
2021-07-08T10:00:26,3500.0,17.05,S
2021-07-08T09:59:23,2500.0,17.1,S
2021-07-08T09:59:23,14300.0,17.1,S
2021-07-08T09:58:59,900.0,17.1,S
2021-07-08T09:58:50,600.0,17.1,S
2021-07-08T09:58:43,12000.0,17.1,S
2021-07-08T09:58:07,10000.0,17.1,S
2021-07-08T09:58:02,1000.0,17.15,S
2021-07-08T09:58:01,17500.0,17.15,S
2021-07-08T09:54:56,1000.0,17.2,B
2021-07-08T09:54:27,5000.0,17.2,B
2021-07-08T09:53:01,100.0,17.2,B
2021-07-08T09:52:59,100.0,17.2,B
2021-07-08T09:52:11,500.0,17.2,B
2021-07-08T09:51:29,1000.0,17.15,S
2021-07-08T09:51:14,1800.0,17.1,S
2021-07-08T09:51:14,600.0,17.1,S
2021-07-08T09:51:13,2600.0,17.1,S
2021-07-08T09:51:09,1800.0,17.15,S
2021-07-08T09:51:09,3500.0,17.15,S
2021-07-08T09:50:40,5000.0,17.15,S
2021-07-08T09:50:28,100.0,17.15,S
2021-07-08T09:49:47,4500.0,17.15,S
2021-07-08T09:49:47,100.0,17.15,S
2021-07-08T09:49:47,2000.0,17.15,S
2021-07-08T09:49:47,3400.0,17.15,S
2021-07-08T09:49:22,100.0,17.2,B
2021-07-08T09:48:14,300.0,17.15,S
2021-07-08T09:48:11,1900.0,17.15,S
2021-07-08T09:48:11,400.0,17.15,S
2021-07-08T09:47:39,1000.0,17.2,B
2021-07-08T09:47:04,4000.0,17.2,B
2021-07-08T09:46:52,200.0,17.2,B
2021-07-08T09:46:46,500.0,17.2,B
2021-07-08T09:46:46,300.0,17.2,S
2021-07-08T09:46:46,6600.0,17.2,S
2021-07-08T09:46:32,8000.0,17.2,S
2021-07-08T09:45:57,800.0,17.2,B
2021-07-08T09:45:42,2200.0,17.2,S
2021-07-08T09:44:25,10000.0,17.15,S
2021-07-08T09:43:32,700.0,17.15,S
2021-07-08T09:43:32,9300.0,17.15,S
2021-07-08T09:42:35,800.0,17.3,B
2021-07-08T09:41:47,1000.0,17.3,B
2021-07-08T09:41:23,3300.0,17.3,B
2021-07-08T09:41:23,1000.0,17.25,B
2021-07-08T09:41:23,700.0,17.2,B
2021-07-08T09:41:10,4300.0,17.2,S
2021-07-08T09:40:47,1000.0,17.3,B
2021-07-08T09:39:31,300.0,17.3,B
2021-07-08T09:38:49,200.0,17.25,B
2021-07-08T09:38:30,500.0,17.3,B
2021-07-08T09:37:40,2000.0,17.3,B
2021-07-08T09:37:11,900.0,17.3,B
2021-07-08T09:36:53,1000.0,17.3,B
2021-07-08T09:36:26,400.0,17.3,B
2021-07-08T09:36:24,1200.0,17.3,B
2021-07-08T09:36:17,3900.0,17.3,B
2021-07-08T09:36:01,1100.0,17.3,B
2021-07-08T09:35:07,1300.0,17.3,B
2021-07-08T09:35:07,1000.0,17.3,B
2021-07-08T09:35:07,600.0,17.3,B
2021-07-08T09:35:07,800.0,17.2,B
2021-07-08T09:35:07,1300.0,17.2,B
2021-07-08T09:35:01,1500.0,17.2,B
2021-07-08T09:34:51,600.0,17.15,S
2021-07-08T09:34:48,2500.0,17.15,B
2021-07-08T09:34:31,500.0,17.15,B
2021-07-08T09:34:02,200.0,17.15,B
2021-07-08T09:33:52,2900.0,17.15,B
2021-07-08T09:33:35,2000.0,17.15,B
2021-07-08T09:33:13,1100.0,17.05,S
2021-07-08T09:33:13,9900.0,17.05,S
2021-07-08T09:33:05,6000.0,17.1,S
2021-07-08T09:32:54,500.0,17.1,S
2021-07-08T09:32:28,100.0,17.1,S
2021-07-08T09:31:58,3300.0,17.1,B
2021-07-08T09:31:55,1400.0,17.05,S
2021-07-08T09:31:55,3600.0,17.05,S
2021-07-08T09:31:44,1000.0,17.05,S
2021-07-08T09:31:01,400.0,17.05,S
2021-07-08T09:30:50,100.0,17.0,S
2021-07-08T09:30:44,500.0,17.1,B
2021-07-08T09:30:30,2000.0,17.1,B
2021-07-08T09:30:11,10000.0,17.1,B
2021-07-08T09:29:48,300.0,17.1,B
2021-07-08T09:29:29,2000.0,17.1,B
2021-07-08T09:29:21,400.0,17.1,B
2021-07-08T09:28:56,3500.0,17.0,S
2021-07-08T09:28:43,1000.0,17.1,B
2021-07-08T09:28:17,4000.0,17.1,B
2021-07-08T09:27:53,1800.0,17.1,B
2021-07-08T09:27:37,1400.0,17.1,B
2021-07-08T09:27:35,6000.0,17.1,S
2021-07-08T09:27:18,4200.0,17.1,B
2021-07-08T09:26:56,500.0,17.1,B
2021-07-08T09:26:36,400.0,17.1,B
2021-07-08T09:26:35,400.0,17.1,S
2021-07-08T09:26:24,100.0,17.1,S
2021-07-08T09:26:13,500.0,17.1,S
2021-07-08T09:26:13,1100.0,17.1,S
2021-07-08T09:26:13,1100.0,17.1,S
2021-07-08T09:26:13,11100.0,17.1,S
2021-07-08T09:26:13,5200.0,17.1,S
2021-07-08T09:26:12,5000.0,17.1,S
2021-07-08T09:26:03,3500.0,17.1,S
2021-07-08T09:25:35,200.0,17.1,S
2021-07-08T09:24:30,1000.0,17.1,S
2021-07-08T09:24:23,500.0,17.15,B
2021-07-08T09:24:15,100.0,17.15,B
2021-07-08T09:23:58,1000.0,17.15,B
2021-07-08T09:23:52,800.0,17.1,S
2021-07-08T09:23:36,5000.0,17.1,S
2021-07-08T09:23:14,300.0,17.1,B
2021-07-08T09:23:05,200.0,17.1,B
2021-07-08T09:22:48,100.0,17.1,B
2021-07-08T09:22:37,300.0,17.1,B
2021-07-08T09:22:30,300.0,17.1,B
2021-07-08T09:22:20,1000.0,17.1,B
2021-07-08T09:22:00,200.0,17.1,B
2021-07-08T09:21:59,500.0,17.1,B
2021-07-08T09:21:58,1000.0,17.1,B
2021-07-08T09:21:43,300.0,17.1,B
2021-07-08T09:21:25,5000.0,17.1,S
2021-07-08T09:21:13,100.0,17.1,S
2021-07-08T09:21:08,700.0,17.1,S
2021-07-08T09:21:07,500.0,17.1,S
2021-07-08T09:21:06,100.0,17.1,S
2021-07-08T09:21:02,500.0,17.15,B
2021-07-08T09:20:00,2000.0,17.1,S
2021-07-08T09:19:52,6400.0,17.1,B
2021-07-08T09:19:40,100.0,17.1,B
2021-07-08T09:19:36,400.0,17.1,B
2021-07-08T09:19:33,100.0,17.1,B
2021-07-08T09:19:28,3000.0,17.1,B
2021-07-08T09:19:04,500.0,17.1,B
2021-07-08T09:18:57,1500.0,17.0,S
2021-07-08T09:18:34,500.0,17.1,B
2021-07-08T09:18:10,100.0,16.95,S
2021-07-08T09:18:04,100.0,16.95,S
2021-07-08T09:18:03,2000.0,17.0,B
2021-07-08T09:18:01,200.0,17.0,B
2021-07-08T09:17:57,3000.0,17.0,B
2021-07-08T09:17:49,500.0,17.0,B
2021-07-08T09:17:49,1000.0,17.0,B
2021-07-08T09:17:46,100.0,17.0,B
2021-07-08T09:17:43,5000.0,17.0,B
2021-07-08T09:17:40,1100.0,17.0,B
2021-07-08T09:17:38,10000.0,17.0,B
2021-07-08T09:17:38,100.0,17.0,B
2021-07-08T09:17:19,500.0,17.0,B
2021-07-08T09:17:12,1000.0,17.0,B
2021-07-08T09:17:05,1000.0,17.0,B
2021-07-08T09:16:56,100.0,17.0,B
2021-07-08T09:16:50,500.0,17.0,S
2021-07-08T09:16:50,2400.0,17.0,S
2021-07-08T09:16:50,3900.0,17.0,S
2021-07-08T09:16:50,8700.0,17.0,S
2021-07-08T09:16:50,5000.0,17.0,S
2021-07-08T09:16:36,1900.0,17.0,S
2021-07-08T09:16:25,600.0,17.0,S
2021-07-08T09:16:15,800.0,17.1,S
2021-07-08T09:16:10,54300.0,17.1,S
2021-07-08T09:15:20,100.0,17.2,B
2021-07-08T09:15:04,300.0,17.2,B
