tradingTime,volume,price,side
2021-07-08T14:29:27,1500.0,62.3,S
2021-07-08T14:28:46,200.0,62.3,S
2021-07-08T14:24:15,300.0,62.7,B
2021-07-08T14:23:55,1000.0,62.7,B
2021-07-08T14:22:54,600.0,62.5,B
2021-07-08T14:22:34,100.0,62.4,S
2021-07-08T14:22:33,1000.0,62.3,S
2021-07-08T14:22:29,400.0,62.3,S
2021-07-08T14:22:20,4700.0,62.3,B
2021-07-08T14:21:45,900.0,62.2,B
2021-07-08T14:19:10,200.0,62.1,B
2021-07-08T14:17:55,100.0,62.1,B
2021-07-08T14:17:08,200.0,62.0,S
2021-07-08T14:17:04,2000.0,62.1,B
2021-07-08T14:16:20,100.0,62.0,S
2021-07-08T14:15:58,600.0,62.0,B
2021-07-08T14:15:45,1000.0,62.0,B
2021-07-08T14:15:11,200.0,62.0,B
2021-07-08T14:13:57,100.0,62.0,B
2021-07-08T14:13:08,100.0,62.0,B
2021-07-08T14:12:25,2000.0,61.9,S
2021-07-08T14:09:53,200.0,62.1,S
2021-07-08T14:07:35,1000.0,62.2,B
2021-07-08T14:06:56,800.0,62.0,S
2021-07-08T14:06:48,5000.0,62.0,S
2021-07-08T14:06:45,4700.0,62.0,S
2021-07-08T14:06:19,100.0,62.0,S
2021-07-08T14:05:30,9400.0,62.0,B
2021-07-08T14:03:52,100.0,61.9,S
2021-07-08T14:02:53,100.0,61.9,S
2021-07-08T14:02:26,500.0,61.9,S
2021-07-08T14:02:02,200.0,61.9,S
2021-07-08T14:01:40,700.0,61.9,S
2021-07-08T14:00:56,500.0,61.9,S
2021-07-08T14:00:42,200.0,61.9,S
2021-07-08T14:00:05,200.0,61.9,S
2021-07-08T13:59:24,2000.0,62.0,B
2021-07-08T13:58:47,100.0,62.0,B
2021-07-08T13:58:03,10000.0,62.0,S
2021-07-08T13:57:58,1000.0,62.0,S
2021-07-08T13:56:22,100.0,62.2,B
2021-07-08T13:55:23,200.0,62.2,B
2021-07-08T13:53:51,800.0,62.2,S
2021-07-08T13:53:21,2000.0,62.2,B
2021-07-08T13:53:14,5000.0,62.2,S
2021-07-08T13:52:57,1800.0,62.2,S
2021-07-08T13:52:35,200.0,62.2,S
2021-07-08T13:51:58,100.0,62.2,S
2021-07-08T13:49:12,100.0,62.3,B
2021-07-08T13:48:02,200.0,62.2,S
2021-07-08T13:46:42,300.0,62.2,S
2021-07-08T13:46:11,100.0,62.3,B
2021-07-08T13:45:35,4900.0,62.2,B
2021-07-08T13:43:41,100.0,62.0,B
2021-07-08T13:43:33,500.0,62.0,B
2021-07-08T13:41:37,500.0,61.9,B
2021-07-08T13:41:25,300.0,61.9,B
2021-07-08T13:41:23,100.0,61.9,B
2021-07-08T13:39:45,4300.0,61.9,S
2021-07-08T13:39:33,5000.0,61.9,S
2021-07-08T13:39:30,200.0,62.0,B
2021-07-08T13:38:59,800.0,61.9,S
2021-07-08T13:38:08,100.0,61.9,S
2021-07-08T13:38:06,200.0,62.0,B
2021-07-08T13:37:54,100.0,61.9,S
2021-07-08T13:37:49,500.0,61.9,S
2021-07-08T13:37:47,400.0,61.9,S
2021-07-08T13:37:41,5000.0,61.9,S
2021-07-08T13:37:18,1000.0,61.9,S
2021-07-08T13:37:04,5000.0,61.9,S
2021-07-08T13:36:17,100.0,62.0,B
2021-07-08T13:35:50,5800.0,62.0,S
2021-07-08T13:35:48,900.0,62.0,S
2021-07-08T13:35:48,6000.0,62.0,S
2021-07-08T13:35:28,5000.0,62.0,S
2021-07-08T13:35:25,1700.0,62.0,S
2021-07-08T13:35:19,600.0,62.0,S
2021-07-08T13:35:16,100.0,62.2,S
2021-07-08T13:34:42,100.0,62.3,S
2021-07-08T13:33:31,3800.0,62.3,S
2021-07-08T13:32:35,500.0,62.5,S
2021-07-08T13:32:33,5000.0,62.5,S
2021-07-08T13:20:32,600.0,62.7,S
2021-07-08T13:19:45,100.0,62.8,B
2021-07-08T13:16:39,2900.0,62.8,S
2021-07-08T13:16:32,100.0,62.8,S
2021-07-08T13:16:32,300.0,62.8,S
2021-07-08T13:15:01,2300.0,62.8,S
2021-07-08T13:11:55,200.0,62.9,S
2021-07-08T13:11:37,100.0,63.0,B
2021-07-08T13:11:01,100.0,63.0,B
2021-07-08T13:09:51,100.0,62.9,B
2021-07-08T13:09:43,300.0,62.9,B
2021-07-08T13:09:19,1500.0,62.9,B
2021-07-08T13:08:29,500.0,62.8,S
2021-07-08T13:08:02,100.0,62.8,S
2021-07-08T13:07:39,1000.0,62.8,S
2021-07-08T13:07:27,500.0,62.8,S
2021-07-08T13:07:18,1000.0,62.8,S
2021-07-08T13:07:12,100.0,62.9,B
2021-07-08T13:06:34,100.0,62.9,B
2021-07-08T13:06:25,100.0,62.8,S
2021-07-08T13:00:13,200.0,62.8,S
2021-07-08T13:00:04,5000.0,63.0,B
2021-07-08T13:00:00,200.0,62.8,S
2021-07-08T11:28:35,300.0,62.8,S
2021-07-08T11:25:27,300.0,62.8,B
2021-07-08T11:25:15,100.0,62.8,B
2021-07-08T11:23:41,1000.0,62.7,S
2021-07-08T11:23:38,1000.0,62.7,S
2021-07-08T11:20:11,400.0,62.7,S
2021-07-08T11:15:14,200.0,62.7,B
2021-07-08T11:12:53,100.0,62.6,B
2021-07-08T11:12:53,100.0,62.6,B
2021-07-08T11:11:50,200.0,62.6,B
2021-07-08T11:10:08,300.0,62.6,B
2021-07-08T11:09:55,300.0,62.6,S
2021-07-08T11:03:18,100.0,62.7,S
2021-07-08T11:01:05,200.0,62.7,S
2021-07-08T10:57:12,1000.0,62.8,S
2021-07-08T10:51:02,500.0,63.2,B
2021-07-08T10:49:49,100.0,62.8,S
2021-07-08T10:48:18,300.0,62.8,B
2021-07-08T10:46:25,200.0,62.5,B
2021-07-08T10:45:09,100.0,62.5,B
2021-07-08T10:45:07,100.0,62.4,B
2021-07-08T10:40:03,100.0,62.5,B
2021-07-08T10:38:48,200.0,62.4,S
2021-07-08T10:38:07,1700.0,62.5,S
2021-07-08T10:32:09,100.0,62.5,B
2021-07-08T10:31:31,1700.0,62.4,B
2021-07-08T10:30:52,100.0,62.4,B
2021-07-08T10:30:27,200.0,62.4,S
2021-07-08T10:29:39,100.0,62.4,S
2021-07-08T10:27:41,100.0,63.3,B
2021-07-08T10:26:14,800.0,63.3,B
2021-07-08T10:22:24,200.0,63.5,B
2021-07-08T10:22:24,300.0,63.5,B
2021-07-08T10:22:24,4500.0,63.5,B
2021-07-08T10:22:10,1000.0,62.5,B
2021-07-08T10:21:51,35800.0,63.4,B
2021-07-08T10:21:51,200.0,63.4,B
2021-07-08T10:21:51,100.0,63.1,B
2021-07-08T10:21:51,600.0,63.0,B
2021-07-08T10:21:51,100.0,63.0,B
2021-07-08T10:21:51,500.0,63.0,B
2021-07-08T10:21:51,1600.0,63.0,B
2021-07-08T10:21:51,1200.0,62.9,B
2021-07-08T10:21:51,5600.0,62.8,B
2021-07-08T10:21:51,500.0,62.5,B
2021-07-08T10:21:51,3800.0,62.5,B
2021-07-08T10:21:33,600.0,62.5,B
2021-07-08T10:21:20,400.0,62.1,B
2021-07-08T10:21:07,4600.0,62.1,S
2021-07-08T10:20:29,400.0,62.5,B
2021-07-08T10:19:37,1800.0,62.5,B
2021-07-08T10:19:37,1400.0,62.5,B
2021-07-08T10:19:37,700.0,62.5,B
2021-07-08T10:19:37,100.0,62.5,B
2021-07-08T10:19:37,6000.0,62.4,B
2021-07-08T10:19:06,2000.0,62.3,B
2021-07-08T10:17:14,4500.0,62.1,B
2021-07-08T10:16:32,9000.0,62.1,B
2021-07-08T10:16:25,6500.0,62.1,S
2021-07-08T10:16:15,300.0,62.3,B
2021-07-08T10:16:11,8100.0,62.3,B
2021-07-08T10:16:11,11900.0,62.3,B
2021-07-08T10:13:14,100.0,62.1,S
2021-07-08T10:13:11,1500.0,62.2,B
2021-07-08T10:12:49,200.0,62.1,S
2021-07-08T10:11:39,500.0,62.0,S
2021-07-08T10:11:34,11600.0,62.3,B
2021-07-08T10:11:34,300.0,62.3,B
2021-07-08T10:11:34,100.0,62.3,B
2021-07-08T10:11:34,2000.0,62.3,B
2021-07-08T10:11:03,500.0,62.0,S
2021-07-08T10:10:58,100.0,62.0,S
2021-07-08T10:10:57,8100.0,62.0,S
2021-07-08T10:09:55,100.0,62.0,S
2021-07-08T10:09:33,3000.0,62.0,S
2021-07-08T10:09:26,100.0,62.1,S
2021-07-08T10:07:39,500.0,62.0,S
2021-07-08T10:07:24,100.0,62.0,B
2021-07-08T10:06:53,8400.0,62.3,B
2021-07-08T10:06:53,11600.0,62.3,B
2021-07-08T10:06:52,300.0,61.9,S
2021-07-08T10:06:46,100.0,62.0,B
2021-07-08T10:06:06,500.0,62.0,B
2021-07-08T10:06:01,100.0,62.0,S
2021-07-08T10:05:54,400.0,62.0,S
2021-07-08T10:05:31,2300.0,62.0,B
2021-07-08T10:05:02,300.0,62.0,B
2021-07-08T10:05:02,100.0,62.0,B
2021-07-08T10:05:00,100.0,62.0,B
2021-07-08T10:05:00,100.0,62.0,B
2021-07-08T10:05:00,100.0,62.0,B
2021-07-08T10:03:40,200.0,61.9,S
2021-07-08T10:02:42,200.0,62.0,B
2021-07-08T10:02:42,400.0,62.0,B
2021-07-08T10:02:42,400.0,62.0,B
2021-07-08T10:02:23,100.0,61.9,B
2021-07-08T09:56:01,2000.0,62.0,S
2021-07-08T09:55:52,500.0,62.1,S
2021-07-08T09:55:15,1100.0,62.1,S
2021-07-08T09:55:06,5300.0,62.3,B
2021-07-08T09:54:36,9400.0,62.3,S
2021-07-08T09:54:18,100.0,62.4,S
2021-07-08T09:52:18,100.0,62.3,S
2021-07-08T09:51:10,1200.0,62.3,B
2021-07-08T09:50:53,600.0,62.3,B
2021-07-08T09:50:45,100.0,62.0,S
2021-07-08T09:50:09,2400.0,62.0,B
2021-07-08T09:50:09,1400.0,62.0,B
2021-07-08T09:49:48,200.0,61.7,S
2021-07-08T09:48:20,100.0,61.6,B
2021-07-08T09:47:42,200.0,61.5,S
2021-07-08T09:46:31,500.0,61.5,S
2021-07-08T09:45:47,2200.0,61.5,B
2021-07-08T09:44:38,1500.0,61.5,B
2021-07-08T09:43:49,100.0,61.5,B
2021-07-08T09:41:40,100.0,61.5,B
2021-07-08T09:40:02,2000.0,61.5,B
2021-07-08T09:39:55,3000.0,61.4,S
2021-07-08T09:39:45,100.0,61.4,S
2021-07-08T09:39:09,700.0,61.5,S
2021-07-08T09:38:54,300.0,61.5,B
2021-07-08T09:38:54,1500.0,61.5,B
2021-07-08T09:38:34,800.0,61.5,B
2021-07-08T09:38:11,200.0,61.5,B
2021-07-08T09:37:21,300.0,61.5,B
2021-07-08T09:37:21,1700.0,61.5,B
2021-07-08T09:36:41,100.0,61.4,B
2021-07-08T09:34:59,200.0,61.4,B
2021-07-08T09:31:48,500.0,61.2,S
2021-07-08T09:29:24,100.0,61.5,B
2021-07-08T09:28:19,200.0,61.2,S
2021-07-08T09:27:21,3000.0,61.5,B
2021-07-08T09:26:49,100.0,61.5,B
2021-07-08T09:26:21,100.0,61.5,B
2021-07-08T09:25:11,200.0,61.5,B
2021-07-08T09:24:45,1100.0,61.5,S
2021-07-08T09:24:40,100.0,61.5,S
2021-07-08T09:23:48,100.0,61.5,B
2021-07-08T09:23:22,100.0,61.0,S
2021-07-08T09:23:19,2000.0,61.5,B
2021-07-08T09:22:48,300.0,61.4,B
2021-07-08T09:20:46,3400.0,61.0,S
2021-07-08T09:16:06,600.0,61.0,B
2021-07-08T09:16:06,600.0,61.0,B
