tradingTime,volume,price,side
2021-07-08T14:29:43,200.0,23.2,S
2021-07-08T14:28:00,100.0,23.3,B
2021-07-08T14:27:58,300.0,23.3,B
2021-07-08T14:27:54,5000.0,23.3,B
2021-07-08T14:25:50,5500.0,23.3,B
2021-07-08T14:25:24,500.0,23.3,B
2021-07-08T14:24:53,1200.0,23.0,S
2021-07-08T14:24:53,2200.0,23.0,S
2021-07-08T14:24:53,1700.0,23.0,S
2021-07-08T14:24:53,4000.0,23.05,S
2021-07-08T14:24:53,900.0,23.1,S
2021-07-08T14:24:26,6500.0,23.4,B
2021-07-08T14:24:26,1500.0,23.35,B
2021-07-08T14:23:41,200.0,23.35,B
2021-07-08T14:23:10,18300.0,23.35,S
2021-07-08T14:22:32,100.0,23.4,B
2021-07-08T14:22:29,9000.0,23.35,S
2021-07-08T14:22:24,2000.0,23.35,S
2021-07-08T14:22:08,1700.0,23.35,B
2021-07-08T14:21:56,300.0,23.35,S
2021-07-08T14:21:12,1900.0,23.35,S
2021-07-08T14:21:09,300.0,23.35,B
2021-07-08T14:20:50,300.0,23.35,S
2021-07-08T14:20:12,2700.0,23.35,B
2021-07-08T14:20:05,300.0,23.35,B
2021-07-08T14:19:48,200.0,23.4,B
2021-07-08T14:19:48,7600.0,23.4,B
2021-07-08T14:19:30,2700.0,23.4,B
2021-07-08T14:19:30,300.0,23.3,B
2021-07-08T14:19:12,900.0,23.3,B
2021-07-08T14:19:12,4100.0,23.3,B
2021-07-08T14:19:05,5000.0,23.2,B
2021-07-08T14:18:51,2000.0,23.1,B
2021-07-08T14:18:45,500.0,23.1,B
2021-07-08T14:17:32,500.0,23.1,B
2021-07-08T14:17:29,1000.0,23.1,B
2021-07-08T14:16:59,1000.0,23.05,B
2021-07-08T14:16:54,200.0,23.05,B
2021-07-08T14:16:35,1000.0,23.05,B
2021-07-08T14:16:20,300.0,23.05,B
2021-07-08T14:16:04,500.0,23.05,B
2021-07-08T14:16:04,500.0,22.9,S
2021-07-08T14:16:04,100.0,22.9,S
2021-07-08T14:16:04,1200.0,22.9,S
2021-07-08T14:16:04,6100.0,22.9,S
2021-07-08T14:16:04,400.0,23.0,S
2021-07-08T14:16:04,100.0,23.0,S
2021-07-08T14:16:04,1600.0,23.0,S
2021-07-08T14:15:33,100.0,23.0,S
2021-07-08T14:14:51,300.0,23.0,B
2021-07-08T14:14:49,6000.0,22.9,S
2021-07-08T14:14:49,500.0,22.9,S
2021-07-08T14:14:49,200.0,22.95,S
2021-07-08T14:14:49,300.0,22.95,S
2021-07-08T14:14:45,2000.0,23.0,B
2021-07-08T14:14:20,100.0,23.0,B
2021-07-08T14:14:17,1900.0,23.0,S
2021-07-08T14:13:40,200.0,23.0,S
2021-07-08T14:13:02,200.0,23.05,S
2021-07-08T14:12:59,3000.0,23.05,B
2021-07-08T14:12:32,600.0,23.1,B
2021-07-08T14:11:22,200.0,23.0,B
2021-07-08T14:11:08,200.0,23.0,B
2021-07-08T14:11:04,8500.0,22.9,S
2021-07-08T14:11:04,600.0,22.9,S
2021-07-08T14:11:04,2400.0,22.95,S
2021-07-08T14:11:04,8500.0,22.95,S
2021-07-08T14:10:47,100.0,23.0,B
2021-07-08T14:10:43,1000.0,23.0,B
2021-07-08T14:10:32,1000.0,23.0,B
2021-07-08T14:10:32,4000.0,22.95,S
2021-07-08T14:10:29,1500.0,23.0,B
2021-07-08T14:10:15,2000.0,22.95,S
2021-07-08T14:10:14,900.0,23.0,B
2021-07-08T14:10:10,100.0,23.0,B
2021-07-08T14:10:02,100.0,23.0,B
2021-07-08T14:09:50,2000.0,23.0,B
2021-07-08T14:09:44,500.0,23.0,B
2021-07-08T14:09:36,200.0,23.0,B
2021-07-08T14:09:25,2000.0,23.0,B
2021-07-08T14:09:12,400.0,23.0,B
2021-07-08T14:08:51,100.0,23.0,B
2021-07-08T14:08:35,1300.0,23.0,B
2021-07-08T14:08:27,500.0,23.0,S
2021-07-08T14:07:42,400.0,23.0,S
2021-07-08T14:07:40,100.0,23.0,S
2021-07-08T14:07:26,600.0,23.0,B
2021-07-08T14:07:24,500.0,23.0,B
2021-07-08T14:07:22,200.0,23.0,B
2021-07-08T14:07:22,2700.0,23.0,B
2021-07-08T14:07:06,1000.0,23.0,B
2021-07-08T14:07:00,2000.0,23.0,B
2021-07-08T14:06:50,100.0,23.0,B
2021-07-08T14:06:33,2000.0,23.0,B
2021-07-08T14:06:30,300.0,23.0,B
2021-07-08T14:06:13,500.0,22.95,S
2021-07-08T14:06:05,1000.0,23.0,B
2021-07-08T14:05:59,1800.0,22.95,S
2021-07-08T14:05:51,100.0,22.95,S
2021-07-08T14:05:32,200.0,22.95,S
2021-07-08T14:04:52,400.0,22.95,S
2021-07-08T14:04:52,3600.0,22.95,S
2021-07-08T14:04:52,2000.0,22.95,S
2021-07-08T14:04:25,400.0,23.0,S
2021-07-08T14:04:21,800.0,23.0,S
2021-07-08T14:04:21,1000.0,23.0,S
2021-07-08T14:04:21,5000.0,23.0,S
2021-07-08T14:04:21,4400.0,23.0,S
2021-07-08T14:04:21,5100.0,23.0,S
2021-07-08T14:04:21,200.0,23.0,S
2021-07-08T14:04:21,3500.0,23.0,S
2021-07-08T14:04:07,300.0,23.0,S
2021-07-08T14:04:01,1400.0,23.0,S
2021-07-08T14:04:01,600.0,23.0,S
2021-07-08T14:04:00,1000.0,23.0,S
2021-07-08T14:03:25,1200.0,23.05,B
2021-07-08T14:01:55,200.0,23.05,S
2021-07-08T14:01:34,2000.0,23.0,S
2021-07-08T14:00:35,2000.0,23.05,S
2021-07-08T14:00:31,2200.0,23.05,S
2021-07-08T14:00:31,7200.0,23.05,S
2021-07-08T14:00:31,4700.0,23.1,S
2021-07-08T14:00:31,200.0,23.1,S
2021-07-08T14:00:31,5700.0,23.1,S
2021-07-08T14:00:30,1000.0,23.2,S
2021-07-08T14:00:26,100.0,23.1,S
2021-07-08T14:00:25,200.0,23.1,S
2021-07-08T13:59:12,300.0,23.1,S
2021-07-08T13:58:20,1400.0,23.1,S
2021-07-08T13:57:57,100.0,23.1,S
2021-07-08T13:57:57,100.0,23.1,S
2021-07-08T13:57:35,3000.0,23.3,B
2021-07-08T13:55:45,1100.0,23.1,S
2021-07-08T13:55:45,1900.0,23.1,S
2021-07-08T13:55:29,200.0,23.1,S
2021-07-08T13:54:13,100.0,23.2,B
2021-07-08T13:53:54,200.0,23.2,S
2021-07-08T13:53:51,1700.0,23.3,B
2021-07-08T13:53:51,1300.0,23.3,B
2021-07-08T13:53:48,300.0,23.2,S
2021-07-08T13:53:28,100.0,23.2,S
2021-07-08T13:53:17,100.0,23.2,S
2021-07-08T13:53:03,200.0,23.2,S
2021-07-08T13:52:11,1000.0,23.3,B
2021-07-08T13:52:06,1300.0,23.0,S
2021-07-08T13:51:29,1000.0,23.3,B
2021-07-08T13:50:56,500.0,23.0,S
2021-07-08T13:50:47,2000.0,23.0,S
2021-07-08T13:50:34,200.0,23.0,S
2021-07-08T13:50:32,1900.0,23.0,B
2021-07-08T13:50:29,100.0,23.0,B
2021-07-08T13:50:27,500.0,23.0,B
2021-07-08T13:50:22,300.0,23.0,B
2021-07-08T13:50:17,1000.0,23.0,B
2021-07-08T13:50:15,400.0,23.0,B
2021-07-08T13:50:13,10000.0,23.0,B
2021-07-08T13:49:58,100.0,23.0,B
2021-07-08T13:49:51,500.0,23.0,B
2021-07-08T13:49:40,100.0,23.0,S
2021-07-08T13:49:40,400.0,23.0,S
2021-07-08T13:49:40,1400.0,23.0,S
2021-07-08T13:49:40,400.0,23.0,S
2021-07-08T13:49:40,400.0,23.0,S
2021-07-08T13:49:40,1100.0,23.0,S
2021-07-08T13:49:40,300.0,23.0,S
2021-07-08T13:49:40,1100.0,23.0,S
2021-07-08T13:49:40,4200.0,23.0,S
2021-07-08T13:49:40,1000.0,23.0,S
2021-07-08T13:49:40,300.0,23.0,S
2021-07-08T13:49:40,700.0,23.0,S
2021-07-08T13:49:40,4000.0,23.1,S
2021-07-08T13:49:40,200.0,23.1,S
2021-07-08T13:49:40,1600.0,23.1,S
2021-07-08T13:49:40,300.0,23.1,S
2021-07-08T13:49:40,11400.0,23.2,S
2021-07-08T13:49:35,3900.0,23.3,B
2021-07-08T13:49:33,200.0,23.3,S
2021-07-08T13:49:30,900.0,23.3,B
2021-07-08T13:49:19,4100.0,23.3,S
2021-07-08T13:49:08,2000.0,23.3,S
2021-07-08T13:48:10,200.0,23.4,B
2021-07-08T13:48:06,200.0,23.3,S
2021-07-08T13:47:19,100.0,23.4,S
2021-07-08T13:46:56,100.0,23.4,S
2021-07-08T13:46:33,400.0,23.4,S
2021-07-08T13:46:21,100.0,23.4,B
2021-07-08T13:46:05,100.0,23.4,B
2021-07-08T13:45:39,200.0,23.3,S
2021-07-08T13:45:37,800.0,23.4,S
2021-07-08T13:45:10,1400.0,23.4,B
2021-07-08T13:44:36,500.0,23.4,B
2021-07-08T13:43:55,400.0,23.3,S
2021-07-08T13:43:48,600.0,23.3,S
2021-07-08T13:43:47,900.0,23.4,B
2021-07-08T13:43:19,6300.0,23.3,S
2021-07-08T13:43:10,200.0,23.3,S
2021-07-08T13:42:31,100.0,23.3,B
2021-07-08T13:42:05,700.0,23.3,B
2021-07-08T13:42:03,100.0,23.3,S
2021-07-08T13:42:03,2300.0,23.3,S
2021-07-08T13:42:03,4800.0,23.3,S
2021-07-08T13:41:52,500.0,23.4,B
2021-07-08T13:41:50,100.0,23.4,B
2021-07-08T13:41:47,100.0,23.4,B
2021-07-08T13:41:46,100.0,23.4,B
2021-07-08T13:41:44,2000.0,23.4,B
2021-07-08T13:41:40,2500.0,23.4,B
2021-07-08T13:41:37,1900.0,23.4,B
2021-07-08T13:41:37,100.0,23.4,B
2021-07-08T13:41:37,1000.0,23.4,B
2021-07-08T13:41:16,1600.0,23.4,B
2021-07-08T13:40:58,300.0,23.4,B
2021-07-08T13:40:49,200.0,23.35,S
2021-07-08T13:40:39,1000.0,23.4,B
2021-07-08T13:40:21,100.0,23.3,S
2021-07-08T13:40:07,500.0,23.3,B
2021-07-08T13:39:45,600.0,23.2,B
2021-07-08T13:39:45,2200.0,23.1,B
2021-07-08T13:39:45,1000.0,23.1,B
2021-07-08T13:39:29,200.0,23.1,B
2021-07-08T13:39:25,500.0,23.1,B
2021-07-08T13:39:19,1000.0,23.1,B
2021-07-08T13:39:07,100.0,23.1,B
2021-07-08T13:39:05,100.0,23.0,S
2021-07-08T13:38:58,3000.0,23.1,B
2021-07-08T13:38:44,5000.0,23.0,B
2021-07-08T13:38:16,200.0,22.95,S
2021-07-08T13:37:49,100.0,23.0,B
2021-07-08T13:37:44,100.0,23.0,B
2021-07-08T13:37:37,200.0,23.0,B
2021-07-08T13:37:25,200.0,23.0,B
2021-07-08T13:37:24,2900.0,23.0,S
2021-07-08T13:37:24,700.0,23.0,S
2021-07-08T13:37:24,7100.0,23.0,S
2021-07-08T13:37:21,5300.0,23.0,S
2021-07-08T13:37:19,500.0,23.0,S
2021-07-08T13:37:09,500.0,23.0,S
2021-07-08T13:37:00,1000.0,23.0,S
2021-07-08T13:36:58,100.0,23.0,S
2021-07-08T13:36:58,600.0,23.0,S
2021-07-08T13:36:58,800.0,23.0,S
2021-07-08T13:36:58,3000.0,23.1,S
2021-07-08T13:36:58,500.0,23.1,S
2021-07-08T13:36:45,1100.0,23.1,S
2021-07-08T13:36:30,200.0,23.1,S
2021-07-08T13:35:48,200.0,23.1,S
2021-07-08T13:35:41,5000.0,23.0,S
2021-07-08T13:35:40,500.0,23.1,B
2021-07-08T13:35:37,500.0,23.0,S
2021-07-08T13:35:33,2900.0,23.0,S
2021-07-08T13:35:30,1500.0,23.0,S
2021-07-08T13:35:29,2000.0,23.0,S
2021-07-08T13:35:20,3500.0,23.0,S
2021-07-08T13:35:10,2400.0,23.05,B
2021-07-08T13:34:43,700.0,23.05,S
2021-07-08T13:34:40,200.0,23.05,S
2021-07-08T13:34:31,100.0,23.05,S
2021-07-08T13:34:23,900.0,23.0,S
2021-07-08T13:34:22,900.0,23.05,S
2021-07-08T13:34:14,5000.0,23.0,S
2021-07-08T13:34:13,500.0,23.1,B
2021-07-08T13:34:11,1000.0,23.05,S
2021-07-08T13:33:35,500.0,23.1,S
2021-07-08T13:33:26,500.0,23.05,S
2021-07-08T13:33:26,900.0,23.1,S
2021-07-08T13:33:26,800.0,23.1,S
2021-07-08T13:33:26,1000.0,23.1,S
2021-07-08T13:33:26,1800.0,23.1,S
2021-07-08T13:33:21,200.0,23.1,S
2021-07-08T13:33:18,2400.0,23.1,S
2021-07-08T13:33:18,1200.0,23.15,S
2021-07-08T13:33:18,2100.0,23.2,S
2021-07-08T13:33:18,4300.0,23.2,S
2021-07-08T13:33:10,900.0,23.2,S
2021-07-08T13:33:10,1000.0,23.2,S
2021-07-08T13:33:10,100.0,23.2,S
2021-07-08T13:32:47,600.0,23.25,S
2021-07-08T13:32:40,100.0,23.3,S
2021-07-08T13:32:40,3100.0,23.3,S
2021-07-08T13:32:27,1800.0,23.3,S
2021-07-08T13:32:27,2200.0,23.3,S
2021-07-08T13:32:27,500.0,23.3,S
2021-07-08T13:32:27,500.0,23.3,S
2021-07-08T13:32:14,200.0,23.4,B
2021-07-08T13:31:55,4000.0,23.4,S
2021-07-08T13:31:55,800.0,23.4,S
2021-07-08T13:31:55,1100.0,23.4,S
2021-07-08T13:31:54,2900.0,23.4,S
2021-07-08T13:31:54,5000.0,23.4,S
2021-07-08T13:31:54,2400.0,23.4,S
2021-07-08T13:31:53,700.0,23.4,S
2021-07-08T13:31:53,4200.0,23.4,S
2021-07-08T13:31:53,500.0,23.4,S
2021-07-08T13:31:53,5200.0,23.4,S
2021-07-08T13:31:09,100.0,23.45,S
2021-07-08T13:31:08,4900.0,23.45,S
2021-07-08T13:30:53,200.0,23.45,S
2021-07-08T13:30:36,2500.0,23.45,S
2021-07-08T13:30:19,1000.0,23.45,S
2021-07-08T13:30:18,1000.0,23.45,S
2021-07-08T13:30:01,400.0,23.5,S
2021-07-08T13:30:00,700.0,23.5,B
2021-07-08T13:29:53,500.0,23.5,B
2021-07-08T13:29:40,100.0,23.5,B
2021-07-08T13:29:24,500.0,23.5,B
2021-07-08T13:29:18,100.0,23.5,B
2021-07-08T13:29:06,28800.0,23.5,S
2021-07-08T13:29:06,100.0,23.5,S
2021-07-08T13:29:01,10000.0,23.5,S
2021-07-08T13:28:45,500.0,23.5,S
2021-07-08T13:28:40,500.0,23.5,S
2021-07-08T13:28:31,5000.0,23.5,S
2021-07-08T13:28:25,200.0,23.5,S
2021-07-08T13:28:22,1800.0,23.55,S
2021-07-08T13:26:23,100.0,23.55,S
2021-07-08T13:26:23,6000.0,23.55,S
2021-07-08T13:26:23,3900.0,23.55,S
2021-07-08T13:26:23,700.0,23.6,B
2021-07-08T13:26:21,2100.0,23.6,S
2021-07-08T13:26:02,2800.0,23.6,S
2021-07-08T13:25:57,200.0,23.6,S
2021-07-08T13:25:24,3600.0,23.6,S
2021-07-08T13:23:54,400.0,23.65,B
2021-07-08T13:23:30,200.0,23.6,S
2021-07-08T13:22:58,200.0,23.65,B
2021-07-08T13:22:58,2400.0,23.65,S
2021-07-08T13:22:53,2000.0,23.7,B
2021-07-08T13:22:07,500.0,23.65,S
2021-07-08T13:22:07,100.0,23.7,B
2021-07-08T13:21:57,2000.0,23.7,B
2021-07-08T13:21:37,900.0,23.65,B
2021-07-08T13:21:37,6000.0,23.65,B
2021-07-08T13:21:37,400.0,23.6,B
2021-07-08T13:21:22,100.0,23.6,B
2021-07-08T13:21:02,100.0,23.55,S
2021-07-08T13:21:02,100.0,23.55,S
2021-07-08T13:20:04,1800.0,23.55,S
2021-07-08T13:19:54,500.0,23.55,S
2021-07-08T13:18:35,200.0,23.55,S
2021-07-08T13:18:22,2000.0,23.55,S
2021-07-08T13:18:12,5400.0,23.55,B
2021-07-08T13:18:11,100.0,23.5,S
2021-07-08T13:17:59,2000.0,23.5,S
2021-07-08T13:16:59,100.0,23.55,B
2021-07-08T13:16:49,500.0,23.55,B
2021-07-08T13:16:25,1000.0,23.55,S
2021-07-08T13:16:07,100.0,23.6,B
2021-07-08T13:16:07,200.0,23.5,S
2021-07-08T13:16:04,3600.0,23.6,B
2021-07-08T13:14:33,100.0,23.6,B
2021-07-08T13:14:10,100.0,23.6,B
2021-07-08T13:13:45,1000.0,23.5,S
2021-07-08T13:13:39,200.0,23.5,S
2021-07-08T13:13:23,4000.0,23.5,S
2021-07-08T13:13:23,1000.0,23.5,S
2021-07-08T13:13:23,400.0,23.5,S
2021-07-08T13:13:23,500.0,23.5,S
2021-07-08T13:13:23,9100.0,23.5,S
2021-07-08T13:13:08,4000.0,23.55,S
2021-07-08T13:13:04,500.0,23.55,S
2021-07-08T13:12:26,200.0,23.55,S
2021-07-08T13:11:26,1500.0,23.55,S
2021-07-08T13:11:12,200.0,23.55,S
2021-07-08T13:11:12,500.0,23.55,S
2021-07-08T13:11:10,500.0,23.55,S
2021-07-08T13:11:04,500.0,23.55,S
2021-07-08T13:10:48,1500.0,23.55,B
2021-07-08T13:10:14,600.0,23.55,B
2021-07-08T13:09:14,2200.0,23.55,S
2021-07-08T13:08:44,200.0,23.55,S
2021-07-08T13:07:57,100.0,23.6,B
2021-07-08T13:07:43,200.0,23.6,S
2021-07-08T13:07:43,900.0,23.6,S
2021-07-08T13:07:43,15400.0,23.6,S
2021-07-08T13:07:30,400.0,23.6,S
2021-07-08T13:07:29,500.0,23.6,S
2021-07-08T13:07:20,12500.0,23.65,S
2021-07-08T13:06:19,5000.0,23.7,B
2021-07-08T13:06:17,200.0,23.65,S
2021-07-08T13:05:59,500.0,23.7,B
2021-07-08T13:05:18,500.0,23.7,S
2021-07-08T13:05:05,5000.0,23.75,B
2021-07-08T13:05:02,100.0,23.7,S
2021-07-08T13:04:15,200.0,23.7,B
2021-07-08T13:03:49,200.0,23.65,S
2021-07-08T13:03:29,1400.0,23.65,B
2021-07-08T13:02:35,500.0,23.65,B
2021-07-08T13:02:10,100.0,23.65,B
2021-07-08T13:01:43,200.0,23.65,B
2021-07-08T13:01:21,200.0,23.6,S
2021-07-08T13:00:46,300.0,23.65,B
2021-07-08T13:00:40,100.0,23.65,B
2021-07-08T13:00:34,400.0,23.65,B
2021-07-08T13:00:26,500.0,23.6,S
2021-07-08T13:00:16,6500.0,23.65,S
2021-07-08T13:00:13,5000.0,23.7,B
2021-07-08T11:29:01,700.0,23.6,S
2021-07-08T11:29:01,100.0,23.6,S
2021-07-08T11:29:01,1200.0,23.6,S
2021-07-08T11:29:01,100.0,23.6,S
2021-07-08T11:29:01,300.0,23.6,S
2021-07-08T11:29:01,600.0,23.65,S
2021-07-08T11:28:55,200.0,23.65,S
2021-07-08T11:27:09,2000.0,23.65,S
2021-07-08T11:26:27,200.0,23.65,S
2021-07-08T11:25:05,4000.0,23.6,S
2021-07-08T11:24:25,100.0,23.7,B
2021-07-08T11:23:59,200.0,23.65,S
2021-07-08T11:23:44,800.0,23.7,B
2021-07-08T11:23:39,5000.0,23.7,B
2021-07-08T11:23:33,1000.0,23.7,B
2021-07-08T11:23:16,2000.0,23.7,B
2021-07-08T11:22:19,100.0,23.65,S
2021-07-08T11:21:32,200.0,23.6,S
2021-07-08T11:20:16,500.0,23.7,B
2021-07-08T11:19:51,1000.0,23.7,S
2021-07-08T11:19:51,3300.0,23.7,S
2021-07-08T11:19:04,200.0,23.7,S
2021-07-08T11:18:10,5000.0,23.75,B
2021-07-08T11:17:59,3000.0,23.75,B
2021-07-08T11:17:36,1000.0,23.75,B
2021-07-08T11:17:31,200.0,23.75,S
2021-07-08T11:17:31,400.0,23.75,S
2021-07-08T11:16:47,5000.0,23.75,S
2021-07-08T11:16:47,500.0,23.8,B
2021-07-08T11:16:36,200.0,23.75,S
2021-07-08T11:15:06,600.0,23.75,B
2021-07-08T11:14:44,500.0,23.75,B
2021-07-08T11:14:44,1000.0,23.7,S
2021-07-08T11:14:07,200.0,23.7,S
2021-07-08T11:13:43,900.0,23.75,S
2021-07-08T11:13:38,1200.0,23.75,B
2021-07-08T11:12:36,2000.0,23.75,B
2021-07-08T11:12:15,800.0,23.7,B
2021-07-08T11:11:40,200.0,23.6,S
2021-07-08T11:11:29,2000.0,23.7,B
2021-07-08T11:11:22,500.0,23.7,B
2021-07-08T11:09:59,5000.0,23.7,B
2021-07-08T11:09:19,2500.0,23.7,S
2021-07-08T11:09:19,200.0,23.7,S
2021-07-08T11:09:12,200.0,23.7,S
2021-07-08T11:07:34,1900.0,23.75,S
2021-07-08T11:07:15,1000.0,23.75,S
2021-07-08T11:06:46,200.0,23.75,S
2021-07-08T11:06:30,1500.0,23.8,S
2021-07-08T11:06:23,200.0,23.8,S
2021-07-08T11:06:16,3200.0,23.8,S
2021-07-08T11:05:21,500.0,23.8,S
2021-07-08T11:04:18,200.0,23.8,S
2021-07-08T11:03:59,500.0,23.8,S
2021-07-08T11:03:47,300.0,23.8,S
2021-07-08T11:03:41,600.0,23.85,B
2021-07-08T11:03:00,1000.0,23.85,B
2021-07-08T11:02:03,2300.0,23.8,S
2021-07-08T11:01:50,200.0,23.8,S
2021-07-08T11:01:42,1800.0,23.8,S
2021-07-08T11:01:42,1000.0,23.8,S
2021-07-08T11:01:42,200.0,23.8,S
2021-07-08T11:01:10,300.0,23.9,B
2021-07-08T11:01:10,1000.0,23.9,B
2021-07-08T11:00:58,700.0,23.9,B
2021-07-08T10:59:59,200.0,23.8,S
2021-07-08T10:59:31,500.0,23.8,S
2021-07-08T10:59:22,200.0,23.8,S
2021-07-08T10:59:04,300.0,23.8,S
2021-07-08T10:58:53,100.0,23.8,S
2021-07-08T10:58:18,100.0,23.9,B
2021-07-08T10:56:55,200.0,23.8,S
2021-07-08T10:56:49,1000.0,23.8,S
2021-07-08T10:55:48,7700.0,23.8,B
2021-07-08T10:55:40,3000.0,23.8,B
2021-07-08T10:55:33,3000.0,23.8,B
2021-07-08T10:55:16,900.0,23.8,B
2021-07-08T10:54:37,100.0,23.75,B
2021-07-08T10:54:27,200.0,23.7,S
2021-07-08T10:54:13,300.0,23.75,B
2021-07-08T10:54:09,1000.0,23.75,B
2021-07-08T10:53:45,100.0,23.75,B
2021-07-08T10:53:38,500.0,23.75,B
2021-07-08T10:52:19,100.0,23.75,B
2021-07-08T10:52:03,300.0,23.75,B
2021-07-08T10:52:00,200.0,23.7,S
2021-07-08T10:51:03,200.0,23.7,B
2021-07-08T10:50:48,300.0,23.7,B
2021-07-08T10:49:30,200.0,23.6,S
2021-07-08T10:48:06,100.0,23.6,S
2021-07-08T10:47:03,200.0,23.6,S
2021-07-08T10:45:59,300.0,23.55,B
2021-07-08T10:45:57,100.0,23.55,B
2021-07-08T10:45:13,200.0,23.55,B
2021-07-08T10:44:36,200.0,23.5,S
2021-07-08T10:44:34,500.0,23.55,B
2021-07-08T10:44:29,500.0,23.55,B
2021-07-08T10:44:24,200.0,23.55,B
2021-07-08T10:43:09,100.0,23.55,B
2021-07-08T10:43:09,3100.0,23.55,S
2021-07-08T10:42:08,200.0,23.55,S
2021-07-08T10:42:00,300.0,23.55,B
2021-07-08T10:41:37,10000.0,23.55,B
2021-07-08T10:40:45,600.0,23.5,B
2021-07-08T10:40:36,1000.0,23.5,B
2021-07-08T10:40:32,1000.0,23.5,B
2021-07-08T10:40:11,1000.0,23.45,B
2021-07-08T10:40:05,3800.0,23.45,S
2021-07-08T10:39:52,200.0,23.5,B
2021-07-08T10:39:41,200.0,23.45,S
2021-07-08T10:39:39,4400.0,23.5,S
2021-07-08T10:39:05,1100.0,23.5,B
2021-07-08T10:38:49,1200.0,23.5,B
2021-07-08T10:38:47,300.0,23.5,B
2021-07-08T10:38:26,500.0,23.5,B
2021-07-08T10:38:17,600.0,23.5,S
2021-07-08T10:38:17,10300.0,23.5,S
2021-07-08T10:38:15,10000.0,23.5,S
2021-07-08T10:37:46,900.0,23.55,S
2021-07-08T10:37:13,200.0,23.55,S
2021-07-08T10:36:24,900.0,23.55,B
2021-07-08T10:36:19,100.0,23.55,B
2021-07-08T10:35:57,200.0,23.55,B
2021-07-08T10:35:33,1100.0,23.55,S
2021-07-08T10:35:33,2700.0,23.55,S
2021-07-08T10:35:15,500.0,23.55,S
2021-07-08T10:34:46,200.0,23.55,S
2021-07-08T10:34:25,10000.0,23.55,S
2021-07-08T10:34:06,1000.0,23.75,B
2021-07-08T10:34:00,100.0,23.6,B
2021-07-08T10:33:09,500.0,23.6,B
2021-07-08T10:32:32,800.0,23.6,B
2021-07-08T10:32:23,200.0,23.6,B
2021-07-08T10:32:20,200.0,23.6,B
2021-07-08T10:32:17,200.0,23.6,S
2021-07-08T10:32:00,100.0,23.6,S
2021-07-08T10:32:00,2200.0,23.6,S
2021-07-08T10:32:00,1000.0,23.6,S
2021-07-08T10:32:00,2700.0,23.6,S
2021-07-08T10:29:49,200.0,23.6,S
2021-07-08T10:29:34,100.0,23.6,S
2021-07-08T10:29:14,2000.0,23.75,B
2021-07-08T10:29:02,200.0,23.7,B
2021-07-08T10:28:04,100.0,23.7,B
2021-07-08T10:27:26,3000.0,23.7,B
2021-07-08T10:27:23,200.0,23.55,S
2021-07-08T10:27:14,100.0,23.6,S
2021-07-08T10:27:14,200.0,23.6,S
2021-07-08T10:27:14,5700.0,23.6,S
2021-07-08T10:26:57,900.0,23.6,S
2021-07-08T10:26:57,1100.0,23.6,S
2021-07-08T10:26:52,900.0,23.6,S
2021-07-08T10:26:00,200.0,23.7,S
2021-07-08T10:25:38,1000.0,23.7,S
2021-07-08T10:25:01,900.0,23.7,S
2021-07-08T10:24:55,100.0,23.7,S
2021-07-08T10:24:55,100.0,23.7,S
2021-07-08T10:22:29,200.0,23.8,B
2021-07-08T10:22:27,200.0,23.7,S
2021-07-08T10:21:56,100.0,23.7,S
2021-07-08T10:21:56,2400.0,23.8,S
2021-07-08T10:21:44,8000.0,23.9,B
2021-07-08T10:21:15,500.0,23.9,B
2021-07-08T10:20:24,1400.0,23.9,B
2021-07-08T10:19:59,200.0,23.8,S
2021-07-08T10:19:56,4000.0,23.8,S
2021-07-08T10:19:49,300.0,23.8,S
2021-07-08T10:19:49,1700.0,23.8,S
2021-07-08T10:19:49,5000.0,23.9,B
2021-07-08T10:19:30,500.0,23.8,S
2021-07-08T10:18:49,200.0,23.9,B
2021-07-08T10:17:32,200.0,23.8,S
2021-07-08T10:17:23,600.0,23.8,S
2021-07-08T10:17:23,200.0,23.8,S
2021-07-08T10:17:21,4900.0,23.9,B
2021-07-08T10:17:21,100.0,23.9,B
2021-07-08T10:15:04,200.0,23.8,S
2021-07-08T10:14:53,3900.0,23.9,B
2021-07-08T10:14:30,200.0,23.9,B
2021-07-08T10:14:08,300.0,23.85,B
2021-07-08T10:13:21,4600.0,23.8,B
2021-07-08T10:13:15,2000.0,23.8,B
2021-07-08T10:13:14,100.0,23.8,B
2021-07-08T10:12:56,3500.0,23.8,B
2021-07-08T10:12:54,500.0,23.6,B
2021-07-08T10:12:49,1000.0,23.6,B
2021-07-08T10:12:47,300.0,23.6,B
2021-07-08T10:12:42,100.0,23.6,B
2021-07-08T10:12:37,100.0,23.55,S
2021-07-08T10:12:37,100.0,23.55,S
2021-07-08T10:12:28,1900.0,23.55,S
2021-07-08T10:12:22,900.0,23.55,B
2021-07-08T10:11:42,100.0,23.45,S
2021-07-08T10:11:25,4500.0,23.45,S
2021-07-08T10:11:02,100.0,23.45,S
2021-07-08T10:11:02,900.0,23.45,S
2021-07-08T10:10:27,500.0,23.45,S
2021-07-08T10:10:09,200.0,23.45,S
2021-07-08T10:10:07,500.0,23.5,S
2021-07-08T10:09:51,1700.0,23.55,B
2021-07-08T10:09:48,300.0,23.55,S
2021-07-08T10:09:34,1500.0,23.55,S
2021-07-08T10:09:32,2000.0,23.55,S
2021-07-08T10:09:03,900.0,23.55,B
2021-07-08T10:09:02,200.0,23.5,S
2021-07-08T10:08:58,1000.0,23.5,S
2021-07-08T10:08:46,1500.0,23.5,S
2021-07-08T10:08:42,500.0,23.5,S
2021-07-08T10:08:18,1000.0,23.5,S
2021-07-08T10:08:18,700.0,23.5,S
2021-07-08T10:07:57,700.0,23.55,S
2021-07-08T10:07:55,200.0,23.55,S
2021-07-08T10:07:48,1400.0,23.55,S
2021-07-08T10:07:41,200.0,23.55,S
2021-07-08T10:07:24,100.0,23.6,B
2021-07-08T10:06:48,1400.0,23.6,S
2021-07-08T10:06:08,300.0,23.6,S
2021-07-08T10:06:08,600.0,23.6,S
2021-07-08T10:06:08,4100.0,23.6,S
2021-07-08T10:06:08,3300.0,23.6,S
2021-07-08T10:06:08,1100.0,23.6,S
2021-07-08T10:06:07,600.0,23.7,S
2021-07-08T10:05:52,100.0,23.7,B
2021-07-08T10:05:50,200.0,23.7,B
2021-07-08T10:05:14,200.0,23.7,S
2021-07-08T10:04:42,5000.0,23.7,S
2021-07-08T10:04:03,300.0,23.7,S
2021-07-08T10:03:59,500.0,23.7,S
2021-07-08T10:03:55,500.0,23.7,S
2021-07-08T10:03:48,1800.0,23.7,S
2021-07-08T10:03:48,100.0,23.7,S
2021-07-08T10:03:48,1100.0,23.7,S
2021-07-08T10:03:27,2400.0,23.8,S
2021-07-08T10:03:27,3100.0,23.8,S
2021-07-08T10:02:45,200.0,23.8,S
2021-07-08T10:02:30,6000.0,23.8,S
2021-07-08T10:02:20,200.0,23.85,B
2021-07-08T10:02:01,100.0,23.85,B
2021-07-08T10:01:59,1400.0,23.85,S
2021-07-08T10:01:31,100.0,23.9,B
2021-07-08T10:00:19,200.0,23.85,S
2021-07-08T09:59:24,200.0,23.85,S
2021-07-08T09:59:16,1200.0,23.85,B
2021-07-08T09:59:13,800.0,23.85,B
2021-07-08T09:57:51,200.0,23.85,S
2021-07-08T09:57:33,200.0,23.9,S
2021-07-08T09:57:33,800.0,23.9,S
2021-07-08T09:57:32,2600.0,23.9,S
2021-07-08T09:57:21,1900.0,23.9,S
2021-07-08T09:57:10,2000.0,23.9,S
2021-07-08T09:56:21,100.0,23.95,S
2021-07-08T09:56:19,2000.0,23.95,S
2021-07-08T09:56:04,1000.0,23.95,S
2021-07-08T09:55:49,500.0,23.95,S
2021-07-08T09:55:23,200.0,23.95,S
2021-07-08T09:54:43,2700.0,24.0,S
2021-07-08T09:54:32,1000.0,24.1,B
2021-07-08T09:54:32,2000.0,24.1,B
2021-07-08T09:54:32,5100.0,24.1,B
2021-07-08T09:54:32,5800.0,24.1,B
2021-07-08T09:54:31,500.0,24.0,S
2021-07-08T09:54:18,1000.0,24.0,S
2021-07-08T09:53:48,1000.0,24.0,S
2021-07-08T09:53:46,500.0,24.0,S
2021-07-08T09:53:35,100.0,24.0,S
2021-07-08T09:53:29,1000.0,24.0,S
2021-07-08T09:53:20,1000.0,24.0,S
2021-07-08T09:52:56,200.0,24.0,S
2021-07-08T09:52:37,100.0,24.1,B
2021-07-08T09:52:26,2000.0,24.0,S
2021-07-08T09:52:11,100.0,24.1,B
2021-07-08T09:52:04,6000.0,24.0,S
2021-07-08T09:51:48,1000.0,24.0,S
2021-07-08T09:51:32,5900.0,24.0,S
2021-07-08T09:51:32,4500.0,24.0,S
2021-07-08T09:51:32,700.0,24.0,S
2021-07-08T09:51:15,500.0,24.0,S
2021-07-08T09:50:45,1000.0,24.0,S
2021-07-08T09:50:37,1300.0,24.0,S
2021-07-08T09:50:28,200.0,24.0,S
2021-07-08T09:50:16,5000.0,24.0,S
2021-07-08T09:50:02,500.0,24.0,S
2021-07-08T09:49:38,1000.0,24.0,S
2021-07-08T09:49:14,1500.0,24.0,S
2021-07-08T09:48:53,500.0,24.0,S
2021-07-08T09:48:50,1000.0,24.0,S
2021-07-08T09:48:49,500.0,24.0,S
2021-07-08T09:48:48,300.0,24.0,S
2021-07-08T09:48:45,100.0,24.0,S
2021-07-08T09:48:35,700.0,24.0,S
2021-07-08T09:48:35,4000.0,24.0,S
2021-07-08T09:48:00,200.0,24.0,S
2021-07-08T09:47:42,2000.0,24.0,S
2021-07-08T09:47:31,1500.0,24.0,S
2021-07-08T09:47:26,5000.0,24.1,B
2021-07-08T09:47:12,600.0,24.1,B
2021-07-08T09:47:11,2000.0,24.0,S
2021-07-08T09:47:10,1000.0,24.0,S
2021-07-08T09:47:08,300.0,24.1,B
2021-07-08T09:47:01,10000.0,24.0,S
2021-07-08T09:46:51,300.0,24.1,B
2021-07-08T09:46:43,1000.0,24.1,B
2021-07-08T09:45:41,5500.0,24.1,S
2021-07-08T09:45:32,200.0,24.1,S
2021-07-08T09:45:20,1000.0,24.2,B
2021-07-08T09:45:13,200.0,24.1,S
2021-07-08T09:45:01,500.0,24.1,S
2021-07-08T09:45:01,300.0,24.1,S
2021-07-08T09:44:44,1900.0,24.1,S
2021-07-08T09:44:44,2300.0,24.1,S
2021-07-08T09:44:44,800.0,24.1,S
2021-07-08T09:44:25,300.0,24.1,S
2021-07-08T09:44:21,200.0,24.1,S
2021-07-08T09:44:06,200.0,24.1,S
2021-07-08T09:43:58,1800.0,24.1,S
2021-07-08T09:43:42,100.0,24.2,B
2021-07-08T09:43:38,3000.0,24.1,S
2021-07-08T09:43:34,2000.0,24.1,S
2021-07-08T09:43:31,300.0,24.1,S
2021-07-08T09:43:23,1500.0,24.1,S
2021-07-08T09:43:05,200.0,24.1,S
2021-07-08T09:43:04,300.0,24.2,B
2021-07-08T09:42:57,100.0,24.1,S
2021-07-08T09:41:56,5000.0,24.1,S
2021-07-08T09:40:37,200.0,24.1,S
2021-07-08T09:40:09,2600.0,24.1,S
2021-07-08T09:40:07,1000.0,24.1,B
2021-07-08T09:40:03,2000.0,24.1,B
2021-07-08T09:40:01,100.0,24.1,B
2021-07-08T09:39:46,5000.0,24.1,B
2021-07-08T09:39:38,500.0,24.1,B
2021-07-08T09:39:27,700.0,24.0,S
2021-07-08T09:39:18,3000.0,24.0,B
2021-07-08T09:39:18,1000.0,24.0,B
2021-07-08T09:39:00,1000.0,24.0,B
2021-07-08T09:39:00,200.0,23.95,S
2021-07-08T09:38:51,200.0,23.95,S
2021-07-08T09:38:35,200.0,23.95,S
2021-07-08T09:38:10,200.0,23.95,S
2021-07-08T09:38:01,6100.0,23.95,S
2021-07-08T09:37:36,200.0,24.0,B
2021-07-08T09:37:29,1000.0,24.0,B
2021-07-08T09:37:23,200.0,24.0,B
2021-07-08T09:37:23,1000.0,24.0,B
2021-07-08T09:37:13,500.0,24.0,B
2021-07-08T09:37:06,1000.0,23.95,S
2021-07-08T09:37:06,1500.0,23.95,S
2021-07-08T09:37:06,4500.0,24.0,S
2021-07-08T09:37:06,8500.0,24.0,S
2021-07-08T09:37:06,1500.0,24.0,S
2021-07-08T09:37:04,100.0,24.1,B
2021-07-08T09:36:19,8900.0,24.1,S
2021-07-08T09:36:18,1000.0,24.1,S
2021-07-08T09:36:14,2000.0,24.1,S
2021-07-08T09:35:42,200.0,24.1,S
2021-07-08T09:35:24,2000.0,24.2,B
2021-07-08T09:35:20,2000.0,24.2,B
2021-07-08T09:35:03,100.0,24.2,B
2021-07-08T09:34:56,5000.0,24.2,B
2021-07-08T09:34:40,100.0,24.2,B
2021-07-08T09:34:30,3000.0,24.2,B
2021-07-08T09:34:18,100.0,24.2,B
2021-07-08T09:34:14,1000.0,24.2,B
2021-07-08T09:34:10,500.0,24.2,B
2021-07-08T09:34:00,5000.0,24.2,B
2021-07-08T09:33:31,4000.0,24.2,B
2021-07-08T09:33:21,100.0,24.2,B
2021-07-08T09:33:21,100.0,24.1,B
2021-07-08T09:33:14,200.0,24.0,S
2021-07-08T09:33:01,3200.0,24.0,B
2021-07-08T09:32:53,100.0,24.0,B
2021-07-08T09:32:48,9000.0,24.0,B
2021-07-08T09:32:42,1000.0,24.0,B
2021-07-08T09:32:41,500.0,23.95,S
2021-07-08T09:32:35,1500.0,24.0,B
2021-07-08T09:32:04,1900.0,23.95,B
2021-07-08T09:32:03,1000.0,23.95,B
2021-07-08T09:31:46,1200.0,23.95,B
2021-07-08T09:31:30,100.0,23.9,B
2021-07-08T09:30:58,400.0,23.85,B
2021-07-08T09:30:56,1600.0,23.85,S
2021-07-08T09:30:55,400.0,23.85,B
2021-07-08T09:30:47,200.0,23.8,S
2021-07-08T09:30:26,800.0,23.8,B
2021-07-08T09:30:17,2200.0,23.8,S
2021-07-08T09:30:14,3500.0,23.8,S
2021-07-08T09:30:09,1000.0,23.8,B
2021-07-08T09:29:41,500.0,23.8,B
2021-07-08T09:29:39,100.0,23.85,B
2021-07-08T09:29:23,500.0,23.8,B
2021-07-08T09:29:23,400.0,23.8,B
2021-07-08T09:28:59,2100.0,23.8,B
2021-07-08T09:28:19,200.0,23.7,S
2021-07-08T09:28:16,600.0,23.8,B
2021-07-08T09:27:43,1000.0,23.8,S
2021-07-08T09:27:43,5700.0,23.8,S
2021-07-08T09:26:49,1100.0,23.8,S
2021-07-08T09:26:43,100.0,23.8,S
2021-07-08T09:26:33,2000.0,23.8,S
2021-07-08T09:25:52,200.0,23.8,S
2021-07-08T09:25:44,1000.0,23.85,B
2021-07-08T09:25:25,500.0,23.8,S
2021-07-08T09:25:19,200.0,23.8,S
2021-07-08T09:25:17,200.0,23.8,B
2021-07-08T09:25:09,100.0,23.8,B
2021-07-08T09:25:02,500.0,23.8,B
2021-07-08T09:24:35,100.0,23.8,B
2021-07-08T09:24:15,200.0,23.8,B
2021-07-08T09:24:15,2000.0,23.65,S
2021-07-08T09:23:56,2000.0,23.65,S
2021-07-08T09:23:24,200.0,23.65,S
2021-07-08T09:23:04,500.0,23.8,B
2021-07-08T09:23:04,500.0,23.8,B
2021-07-08T09:22:58,200.0,23.8,B
2021-07-08T09:22:55,1000.0,23.8,B
2021-07-08T09:22:52,3000.0,23.8,B
2021-07-08T09:22:35,100.0,23.8,B
2021-07-08T09:22:26,700.0,23.8,B
2021-07-08T09:22:22,400.0,23.7,S
2021-07-08T09:22:03,500.0,23.65,S
2021-07-08T09:21:38,100.0,23.6,B
2021-07-08T09:21:18,200.0,23.6,B
2021-07-08T09:20:58,1000.0,23.4,S
2021-07-08T09:20:56,200.0,23.4,S
2021-07-08T09:20:48,100.0,23.4,S
2021-07-08T09:20:12,1600.0,23.3,B
2021-07-08T09:19:42,200.0,23.3,B
2021-07-08T09:19:40,500.0,23.3,B
2021-07-08T09:19:30,4000.0,23.1,S
2021-07-08T09:19:27,500.0,23.3,B
2021-07-08T09:19:22,100.0,23.3,B
2021-07-08T09:19:15,200.0,23.3,B
2021-07-08T09:19:12,100.0,23.4,S
2021-07-08T09:19:10,1000.0,23.4,S
2021-07-08T09:19:07,500.0,23.6,B
2021-07-08T09:18:54,1100.0,23.4,B
2021-07-08T09:18:42,1600.0,23.4,S
2021-07-08T09:18:28,200.0,23.5,S
2021-07-08T09:17:40,2300.0,23.6,S
2021-07-08T09:16:50,200.0,23.8,S
2021-07-08T09:16:42,100.0,23.8,S
2021-07-08T09:16:37,1500.0,23.8,S
2021-07-08T09:16:28,1000.0,23.8,S
2021-07-08T09:16:25,100.0,23.8,S
2021-07-08T09:16:22,1000.0,23.8,S
2021-07-08T09:16:14,6000.0,23.8,S
2021-07-08T09:16:04,200.0,23.8,S
2021-07-08T09:16:03,5000.0,23.8,S
2021-07-08T09:16:01,300.0,23.8,S
2021-07-08T09:15:57,5000.0,23.8,S
2021-07-08T09:15:53,5000.0,23.8,S
2021-07-08T09:15:47,4000.0,23.8,S
2021-07-08T09:15:40,300.0,23.8,S
