tradingTime,volume,price,side
2021-07-08T14:29:23,1600.0,83.6,S
2021-07-08T14:29:23,1400.0,83.6,S
2021-07-08T14:29:20,1000.0,83.7,S
2021-07-08T14:28:26,600.0,83.7,S
2021-07-08T14:28:26,1000.0,83.7,S
2021-07-08T14:28:26,200.0,83.7,S
2021-07-08T14:28:26,200.0,83.7,S
2021-07-08T14:28:10,200.0,83.8,S
2021-07-08T14:27:54,100.0,83.9,B
2021-07-08T14:27:35,100.0,83.9,S
2021-07-08T14:27:18,700.0,83.9,B
2021-07-08T14:27:06,2300.0,83.9,S
2021-07-08T14:26:38,400.0,83.9,B
2021-07-08T14:26:38,400.0,83.9,B
2021-07-08T14:26:28,1000.0,83.9,B
2021-07-08T14:26:25,100.0,83.9,B
2021-07-08T14:25:58,1500.0,83.9,S
2021-07-08T14:25:37,500.0,83.9,S
2021-07-08T14:25:25,200.0,83.9,S
2021-07-08T14:25:17,100.0,83.9,S
2021-07-08T14:24:55,500.0,83.9,S
2021-07-08T14:24:19,1900.0,83.9,S
2021-07-08T14:23:58,100.0,83.9,B
2021-07-08T14:23:49,500.0,83.9,B
2021-07-08T14:23:11,100.0,83.9,B
2021-07-08T14:23:10,600.0,83.9,S
2021-07-08T14:22:03,100.0,83.9,S
2021-07-08T14:21:45,300.0,84.0,B
2021-07-08T14:21:45,3000.0,84.0,B
2021-07-08T14:21:35,100.0,84.0,B
2021-07-08T14:21:08,200.0,84.0,B
2021-07-08T14:20:55,400.0,84.0,B
2021-07-08T14:20:30,200.0,84.0,B
2021-07-08T14:20:22,400.0,84.0,B
2021-07-08T14:20:01,300.0,83.9,B
2021-07-08T14:20:01,1500.0,83.9,B
2021-07-08T14:19:45,800.0,83.9,B
2021-07-08T14:19:40,400.0,83.8,B
2021-07-08T14:19:15,200.0,83.9,B
2021-07-08T14:18:59,500.0,83.9,B
2021-07-08T14:18:32,2000.0,83.9,B
2021-07-08T14:17:34,500.0,83.7,B
2021-07-08T14:17:29,1000.0,83.7,B
2021-07-08T14:17:29,100.0,83.7,B
2021-07-08T14:17:29,700.0,83.7,B
2021-07-08T14:17:22,500.0,83.7,B
2021-07-08T14:17:21,300.0,83.7,B
2021-07-08T14:17:03,1500.0,83.7,B
2021-07-08T14:16:38,100.0,83.6,S
2021-07-08T14:16:24,3500.0,83.6,B
2021-07-08T14:16:05,2800.0,83.5,B
2021-07-08T14:15:55,1500.0,83.5,B
2021-07-08T14:15:42,100.0,83.5,B
2021-07-08T14:15:16,1500.0,83.5,B
2021-07-08T14:15:05,200.0,83.5,B
2021-07-08T14:14:53,200.0,83.4,B
2021-07-08T14:14:26,600.0,83.4,B
2021-07-08T14:14:22,2900.0,83.2,S
2021-07-08T14:14:16,100.0,83.4,B
2021-07-08T14:13:35,200.0,83.2,S
2021-07-08T14:13:35,3400.0,83.0,S
2021-07-08T14:13:35,5700.0,83.1,S
2021-07-08T14:13:35,900.0,83.1,S
2021-07-08T14:12:41,100.0,83.2,S
2021-07-08T14:12:41,600.0,83.2,S
2021-07-08T14:12:34,1000.0,83.2,S
2021-07-08T14:12:11,700.0,83.4,S
2021-07-08T14:11:52,300.0,83.4,B
2021-07-08T14:10:03,800.0,83.5,S
2021-07-08T14:09:43,200.0,83.5,S
2021-07-08T14:09:28,100.0,83.6,B
2021-07-08T14:08:47,300.0,83.6,B
2021-07-08T14:08:46,100.0,83.6,B
2021-07-08T14:08:22,3000.0,83.6,B
2021-07-08T14:08:22,500.0,83.5,B
2021-07-08T14:08:11,100.0,83.5,B
2021-07-08T14:07:01,2200.0,83.5,B
2021-07-08T14:07:01,800.0,83.0,B
2021-07-08T14:07:01,500.0,83.0,B
2021-07-08T14:07:00,1000.0,83.0,B
2021-07-08T14:06:56,1000.0,83.0,B
2021-07-08T14:06:55,1000.0,83.0,B
2021-07-08T14:06:52,500.0,83.0,B
2021-07-08T14:06:50,1300.0,83.0,B
2021-07-08T14:06:49,100.0,83.0,B
2021-07-08T14:06:48,100.0,83.0,B
2021-07-08T14:06:44,1000.0,83.0,B
2021-07-08T14:06:41,5000.0,83.0,B
2021-07-08T14:06:40,2000.0,83.0,B
2021-07-08T14:06:39,400.0,83.0,B
2021-07-08T14:06:35,2500.0,83.0,B
2021-07-08T14:06:34,100.0,83.0,B
2021-07-08T14:06:27,200.0,83.0,B
2021-07-08T14:06:26,100.0,83.0,B
2021-07-08T14:06:18,100.0,83.0,B
2021-07-08T14:06:15,200.0,83.0,B
2021-07-08T14:06:14,400.0,83.0,B
2021-07-08T14:06:13,300.0,83.0,B
2021-07-08T14:06:10,10000.0,83.0,B
2021-07-08T14:06:02,100.0,83.0,B
2021-07-08T14:05:57,100.0,83.0,B
2021-07-08T14:05:49,900.0,83.0,S
2021-07-08T14:05:49,3600.0,83.0,S
2021-07-08T14:05:49,1300.0,83.0,S
2021-07-08T14:05:49,6500.0,83.0,S
2021-07-08T14:05:08,200.0,83.0,S
2021-07-08T14:05:03,400.0,83.0,S
2021-07-08T14:05:03,4100.0,83.0,S
2021-07-08T14:05:03,15800.0,83.0,S
2021-07-08T14:05:03,600.0,83.0,S
2021-07-08T14:05:03,200.0,83.0,S
2021-07-08T14:05:03,4100.0,83.0,S
2021-07-08T14:05:03,2000.0,83.0,S
2021-07-08T14:05:03,700.0,83.0,S
2021-07-08T14:05:03,2000.0,83.0,S
2021-07-08T14:05:03,100.0,83.1,S
2021-07-08T14:04:41,200.0,83.1,S
2021-07-08T14:04:12,200.0,83.1,S
2021-07-08T14:04:12,1200.0,83.1,S
2021-07-08T14:04:12,1100.0,83.1,S
2021-07-08T14:04:12,2500.0,83.1,S
2021-07-08T14:04:12,600.0,83.1,S
2021-07-08T14:04:12,400.0,83.2,S
2021-07-08T14:04:12,2000.0,83.3,S
2021-07-08T14:03:55,100.0,83.3,S
2021-07-08T14:03:23,8500.0,83.3,S
2021-07-08T14:03:23,1500.0,83.3,S
2021-07-08T14:02:35,3000.0,83.3,S
2021-07-08T14:02:25,200.0,83.6,B
2021-07-08T14:02:22,400.0,83.4,S
2021-07-08T14:02:22,1200.0,83.4,S
2021-07-08T14:02:22,700.0,83.5,S
2021-07-08T14:02:22,700.0,83.5,S
2021-07-08T14:02:20,1300.0,83.6,S
2021-07-08T14:02:07,1800.0,83.6,S
2021-07-08T14:02:07,1200.0,83.6,S
2021-07-08T14:01:58,100.0,83.7,S
2021-07-08T14:01:10,300.0,83.7,S
2021-07-08T14:01:04,1000.0,83.7,S
2021-07-08T14:00:35,500.0,83.8,S
2021-07-08T13:59:39,800.0,83.9,B
2021-07-08T13:59:30,2400.0,83.7,S
2021-07-08T13:59:30,600.0,83.7,S
2021-07-08T13:58:42,2000.0,83.7,S
2021-07-08T13:55:25,2300.0,83.7,B
2021-07-08T13:55:18,2000.0,83.7,B
2021-07-08T13:55:04,100.0,83.7,B
2021-07-08T13:54:59,100.0,83.7,B
2021-07-08T13:54:52,100.0,83.7,B
2021-07-08T13:54:39,100.0,83.7,B
2021-07-08T13:54:03,600.0,83.7,B
2021-07-08T13:53:33,600.0,83.5,S
2021-07-08T13:53:30,3000.0,83.5,S
2021-07-08T13:53:25,1100.0,83.6,B
2021-07-08T13:53:25,3400.0,83.6,B
2021-07-08T13:52:57,100.0,83.6,B
2021-07-08T13:52:55,100.0,83.6,B
2021-07-08T13:51:53,1400.0,83.6,S
2021-07-08T13:51:34,600.0,83.6,S
2021-07-08T13:51:34,1300.0,83.6,S
2021-07-08T13:51:34,100.0,83.6,S
2021-07-08T13:50:43,900.0,83.6,S
2021-07-08T13:50:14,500.0,83.7,S
2021-07-08T13:47:59,500.0,83.9,S
2021-07-08T13:47:38,5000.0,83.9,S
2021-07-08T13:46:28,3000.0,84.0,B
2021-07-08T13:45:14,100.0,84.0,B
2021-07-08T13:45:08,100.0,84.0,B
2021-07-08T13:45:05,1000.0,84.0,S
2021-07-08T13:44:09,500.0,84.0,S
2021-07-08T13:43:57,1000.0,84.1,B
2021-07-08T13:43:54,500.0,84.0,B
2021-07-08T13:43:54,3300.0,84.0,B
2021-07-08T13:43:54,100.0,84.0,B
2021-07-08T13:43:51,100.0,84.0,B
2021-07-08T13:43:41,100.0,84.0,B
2021-07-08T13:43:23,1000.0,84.0,B
2021-07-08T13:42:38,4200.0,84.0,B
2021-07-08T13:42:38,800.0,83.9,B
2021-07-08T13:42:38,600.0,83.9,B
2021-07-08T13:42:21,100.0,83.9,B
2021-07-08T13:42:12,100.0,83.9,B
2021-07-08T13:41:57,1000.0,83.9,B
2021-07-08T13:41:29,3000.0,83.9,B
2021-07-08T13:41:29,400.0,83.9,B
2021-07-08T13:41:08,600.0,84.0,B
2021-07-08T13:41:01,500.0,84.0,B
2021-07-08T13:40:50,300.0,84.0,B
2021-07-08T13:40:13,2000.0,83.6,S
2021-07-08T13:40:13,3700.0,83.8,B
2021-07-08T13:40:13,400.0,83.8,B
2021-07-08T13:39:59,5000.0,83.5,S
2021-07-08T13:39:59,5000.0,83.8,B
2021-07-08T13:39:58,100.0,83.6,B
2021-07-08T13:39:49,1000.0,83.6,B
2021-07-08T13:39:48,800.0,83.6,B
2021-07-08T13:39:45,100.0,83.6,B
2021-07-08T13:39:44,300.0,83.6,B
2021-07-08T13:39:43,100.0,83.6,B
2021-07-08T13:39:26,8000.0,83.6,B
2021-07-08T13:39:21,1300.0,83.5,B
2021-07-08T13:39:21,100.0,83.5,B
2021-07-08T13:39:21,800.0,83.4,B
2021-07-08T13:39:17,700.0,83.4,S
2021-07-08T13:39:17,100.0,83.4,S
2021-07-08T13:39:08,1700.0,83.5,B
2021-07-08T13:39:08,300.0,83.5,B
2021-07-08T13:39:06,100.0,83.4,B
2021-07-08T13:39:02,2000.0,83.4,B
2021-07-08T13:38:52,3000.0,83.4,B
2021-07-08T13:38:43,500.0,83.1,S
2021-07-08T13:38:37,100.0,83.4,B
2021-07-08T13:38:28,500.0,83.4,B
2021-07-08T13:38:26,1000.0,83.4,B
2021-07-08T13:38:24,200.0,83.1,S
2021-07-08T13:38:14,600.0,83.1,S
2021-07-08T13:38:08,3000.0,83.4,B
2021-07-08T13:38:04,200.0,83.1,B
2021-07-08T13:38:00,100.0,83.1,B
2021-07-08T13:37:55,100.0,83.1,B
2021-07-08T13:37:49,100.0,83.1,B
2021-07-08T13:37:39,2000.0,83.1,B
2021-07-08T13:37:37,1300.0,83.0,S
2021-07-08T13:37:37,1000.0,83.0,S
2021-07-08T13:37:26,300.0,83.0,S
2021-07-08T13:37:24,300.0,83.0,S
2021-07-08T13:37:10,300.0,83.1,B
2021-07-08T13:37:08,200.0,83.0,S
2021-07-08T13:37:04,500.0,83.1,B
2021-07-08T13:37:01,1000.0,83.1,B
2021-07-08T13:37:01,1300.0,83.0,S
2021-07-08T13:36:55,500.0,83.0,S
2021-07-08T13:36:50,100.0,83.0,S
2021-07-08T13:36:47,200.0,83.1,B
2021-07-08T13:36:45,1000.0,83.0,S
2021-07-08T13:36:45,300.0,83.0,S
2021-07-08T13:36:40,400.0,83.1,S
2021-07-08T13:36:37,2800.0,83.1,S
2021-07-08T13:36:36,300.0,83.2,B
2021-07-08T13:36:33,2000.0,83.1,S
2021-07-08T13:36:32,200.0,83.4,B
2021-07-08T13:36:32,1800.0,83.4,B
2021-07-08T13:36:30,1200.0,83.2,B
2021-07-08T13:36:29,1100.0,83.2,S
2021-07-08T13:36:24,800.0,83.3,S
2021-07-08T13:36:17,200.0,83.3,S
2021-07-08T13:35:58,100.0,83.4,S
2021-07-08T13:35:58,1000.0,83.4,S
2021-07-08T13:35:54,3000.0,83.4,S
2021-07-08T13:35:46,500.0,83.4,S
2021-07-08T13:35:45,200.0,83.5,S
2021-07-08T13:35:40,1200.0,83.5,S
2021-07-08T13:35:39,400.0,83.5,B
2021-07-08T13:35:37,1000.0,83.5,B
2021-07-08T13:35:35,2400.0,83.5,S
2021-07-08T13:35:26,6300.0,83.5,S
2021-07-08T13:35:26,1500.0,83.5,S
2021-07-08T13:35:26,200.0,83.5,S
2021-07-08T13:35:24,500.0,83.6,B
2021-07-08T13:35:18,1000.0,83.5,S
2021-07-08T13:35:15,3200.0,83.6,S
2021-07-08T13:35:13,400.0,83.6,S
2021-07-08T13:35:10,500.0,83.6,S
2021-07-08T13:35:05,500.0,83.6,S
2021-07-08T13:34:59,500.0,83.6,S
2021-07-08T13:34:46,300.0,83.6,S
2021-07-08T13:34:43,2000.0,83.7,B
2021-07-08T13:34:15,100.0,83.7,S
2021-07-08T13:34:14,2000.0,83.7,S
2021-07-08T13:34:01,100.0,83.7,S
2021-07-08T13:33:43,5000.0,83.7,S
2021-07-08T13:33:40,5000.0,83.7,S
2021-07-08T13:33:34,500.0,83.8,S
2021-07-08T13:33:34,500.0,83.8,S
2021-07-08T13:33:27,1000.0,83.8,S
2021-07-08T13:33:18,300.0,83.8,S
2021-07-08T13:32:56,1000.0,83.8,S
2021-07-08T13:32:45,200.0,83.8,S
2021-07-08T13:32:45,2900.0,83.8,S
2021-07-08T13:32:40,500.0,83.8,S
2021-07-08T13:32:33,1400.0,83.8,S
2021-07-08T13:32:29,700.0,83.9,S
2021-07-08T13:32:21,1200.0,83.9,S
2021-07-08T13:32:14,500.0,83.9,S
2021-07-08T13:32:14,1000.0,83.9,S
2021-07-08T13:32:11,500.0,84.0,B
2021-07-08T13:31:58,4500.0,83.9,S
2021-07-08T13:31:42,600.0,84.0,S
2021-07-08T13:31:38,5000.0,84.0,S
2021-07-08T13:30:59,1300.0,84.1,S
2021-07-08T13:30:29,600.0,84.1,S
2021-07-08T13:29:56,100.0,84.1,S
2021-07-08T13:29:55,300.0,84.1,S
2021-07-08T13:29:40,600.0,84.1,S
2021-07-08T13:28:31,100.0,84.1,S
2021-07-08T13:28:08,3000.0,84.1,B
2021-07-08T13:27:24,1000.0,84.1,B
2021-07-08T13:27:24,5800.0,84.0,S
2021-07-08T13:27:24,3800.0,84.0,S
2021-07-08T13:27:24,100.0,84.0,S
2021-07-08T13:27:24,300.0,84.0,S
2021-07-08T13:27:12,1000.0,84.1,B
2021-07-08T13:26:18,1500.0,84.1,B
2021-07-08T13:25:28,4500.0,84.1,S
2021-07-08T13:24:42,200.0,84.1,S
2021-07-08T13:23:12,500.0,84.1,S
2021-07-08T13:22:37,1600.0,84.2,B
2021-07-08T13:22:07,800.0,84.2,B
2021-07-08T13:22:07,200.0,84.2,B
2021-07-08T13:19:26,300.0,84.2,B
2021-07-08T13:18:42,5000.0,84.0,S
2021-07-08T13:17:32,3000.0,84.0,S
2021-07-08T13:16:34,2600.0,84.0,S
2021-07-08T13:16:34,3100.0,84.0,S
2021-07-08T13:16:34,500.0,84.0,S
2021-07-08T13:16:33,13800.0,84.0,S
2021-07-08T13:16:05,3000.0,84.2,S
2021-07-08T13:15:52,100.0,84.2,S
2021-07-08T13:15:45,300.0,84.2,S
2021-07-08T13:15:31,1000.0,84.3,B
2021-07-08T13:14:45,200.0,84.3,B
2021-07-08T13:14:10,1000.0,84.2,S
2021-07-08T13:14:07,300.0,84.2,S
2021-07-08T13:13:53,100.0,84.2,S
2021-07-08T13:13:48,100.0,84.2,S
2021-07-08T13:13:10,200.0,84.2,S
2021-07-08T13:13:10,2600.0,84.2,S
2021-07-08T13:13:08,400.0,84.2,S
2021-07-08T13:13:08,100.0,84.2,S
2021-07-08T13:13:08,2500.0,84.2,S
2021-07-08T13:12:17,1200.0,84.2,S
2021-07-08T13:12:10,1200.0,84.2,S
2021-07-08T13:10:43,500.0,84.3,S
2021-07-08T13:10:30,100.0,84.3,S
2021-07-08T13:10:29,200.0,84.3,S
2021-07-08T13:10:20,200.0,84.3,S
2021-07-08T13:10:06,200.0,84.3,S
2021-07-08T13:10:00,2000.0,84.3,S
2021-07-08T13:09:59,600.0,84.3,S
2021-07-08T13:09:47,900.0,84.3,S
2021-07-08T13:09:39,1000.0,84.3,S
2021-07-08T13:09:19,200.0,84.3,S
2021-07-08T13:08:40,500.0,84.3,S
2021-07-08T13:07:57,500.0,84.3,S
2021-07-08T13:07:13,100.0,84.3,S
2021-07-08T13:06:42,1000.0,84.4,B
2021-07-08T13:06:01,1000.0,84.4,B
2021-07-08T13:05:51,4600.0,84.4,B
2021-07-08T13:05:51,5400.0,84.4,B
2021-07-08T13:05:18,3000.0,84.4,B
2021-07-08T13:04:05,1300.0,84.3,B
2021-07-08T13:04:05,500.0,84.3,B
2021-07-08T13:04:05,3100.0,84.3,B
2021-07-08T13:04:05,100.0,84.3,B
2021-07-08T13:03:28,1500.0,84.3,B
2021-07-08T13:02:45,900.0,84.0,B
2021-07-08T13:02:23,100.0,84.0,B
2021-07-08T13:02:22,300.0,84.0,B
2021-07-08T13:01:24,100.0,84.0,B
2021-07-08T13:01:23,8000.0,84.0,B
2021-07-08T13:00:04,1000.0,84.0,B
2021-07-08T13:00:04,100.0,84.0,B
2021-07-08T13:00:04,200.0,84.0,S
2021-07-08T13:00:00,500.0,84.0,S
2021-07-08T13:00:00,100.0,84.0,S
2021-07-08T13:00:00,3000.0,84.0,S
2021-07-08T13:00:00,1200.0,84.0,S
2021-07-08T13:00:00,5600.0,84.1,S
2021-07-08T11:29:25,700.0,84.2,S
2021-07-08T11:27:13,100.0,84.3,B
2021-07-08T11:26:19,500.0,84.3,B
2021-07-08T11:25:23,500.0,84.3,B
2021-07-08T11:23:48,100.0,84.3,B
2021-07-08T11:23:48,1000.0,84.3,B
2021-07-08T11:23:44,500.0,84.3,B
2021-07-08T11:23:42,2000.0,84.3,B
2021-07-08T11:23:42,1000.0,84.3,B
2021-07-08T11:23:23,2000.0,84.3,B
2021-07-08T11:23:15,100.0,84.3,B
2021-07-08T11:23:11,2000.0,84.3,B
2021-07-08T11:22:45,300.0,84.2,S
2021-07-08T11:22:31,200.0,84.2,B
2021-07-08T11:22:31,1000.0,84.2,B
2021-07-08T11:22:31,1000.0,84.2,B
2021-07-08T11:21:14,3000.0,84.2,B
2021-07-08T11:20:16,1800.0,84.0,B
2021-07-08T11:20:16,2000.0,84.0,B
2021-07-08T11:19:27,1000.0,84.0,B
2021-07-08T11:19:19,700.0,84.0,B
2021-07-08T11:18:34,100.0,84.0,B
2021-07-08T11:18:30,1000.0,84.0,B
2021-07-08T11:17:49,1000.0,84.0,B
2021-07-08T11:17:39,2000.0,84.0,B
2021-07-08T11:17:31,200.0,84.0,B
2021-07-08T11:17:22,100.0,84.0,B
2021-07-08T11:17:14,100.0,84.0,B
2021-07-08T11:16:58,500.0,84.0,B
2021-07-08T11:16:52,1000.0,84.0,B
2021-07-08T11:16:47,2000.0,84.0,B
2021-07-08T11:16:43,300.0,84.0,B
2021-07-08T11:16:43,600.0,84.0,B
2021-07-08T11:16:43,100.0,84.0,B
2021-07-08T11:16:37,3000.0,84.0,B
2021-07-08T11:16:35,5000.0,84.0,B
2021-07-08T11:16:33,1000.0,84.0,B
2021-07-08T11:16:05,200.0,84.0,B
2021-07-08T11:15:50,200.0,84.0,B
2021-07-08T11:15:45,3300.0,84.0,B
2021-07-08T11:15:45,1700.0,84.0,B
2021-07-08T11:15:06,500.0,84.0,B
2021-07-08T11:13:55,100.0,83.9,S
2021-07-08T11:13:16,100.0,83.9,B
2021-07-08T11:13:16,2400.0,83.9,B
2021-07-08T11:11:37,500.0,83.9,B
2021-07-08T11:11:17,100.0,83.9,B
2021-07-08T11:09:43,900.0,83.8,S
2021-07-08T11:09:08,500.0,83.9,B
2021-07-08T11:08:39,1600.0,83.9,S
2021-07-08T11:08:37,1000.0,83.9,S
2021-07-08T11:08:24,1000.0,83.9,S
2021-07-08T11:07:51,10000.0,83.9,S
2021-07-08T11:07:39,3000.0,84.0,B
2021-07-08T11:06:16,100.0,84.0,B
2021-07-08T11:05:27,100.0,84.0,B
2021-07-08T11:05:01,100.0,84.0,B
2021-07-08T11:04:33,200.0,84.0,B
2021-07-08T11:03:50,2300.0,84.0,B
2021-07-08T11:03:50,2700.0,84.0,B
2021-07-08T11:03:12,500.0,84.0,B
2021-07-08T11:02:27,500.0,84.0,B
2021-07-08T11:01:35,2300.0,84.0,S
2021-07-08T11:01:05,5000.0,84.0,S
2021-07-08T11:00:37,2000.0,84.0,S
2021-07-08T11:00:07,200.0,84.0,S
2021-07-08T10:58:01,100.0,84.0,S
2021-07-08T10:53:49,7300.0,84.0,S
2021-07-08T10:53:49,2700.0,84.2,S
2021-07-08T10:53:46,300.0,84.3,B
2021-07-08T10:53:01,3200.0,84.3,B
2021-07-08T10:53:01,2800.0,84.3,B
2021-07-08T10:51:42,1000.0,84.2,B
2021-07-08T10:51:42,500.0,84.2,B
2021-07-08T10:51:33,1000.0,84.2,B
2021-07-08T10:50:37,100.0,84.2,B
2021-07-08T10:50:37,900.0,84.2,B
2021-07-08T10:50:33,100.0,84.0,S
2021-07-08T10:50:16,700.0,84.0,S
2021-07-08T10:49:37,1000.0,84.0,S
2021-07-08T10:49:07,200.0,84.0,S
2021-07-08T10:49:07,100.0,84.0,S
2021-07-08T10:46:59,2000.0,84.0,S
2021-07-08T10:46:21,700.0,84.0,S
2021-07-08T10:45:43,300.0,84.0,S
2021-07-08T10:45:43,12100.0,84.0,S
2021-07-08T10:45:43,7600.0,84.1,S
2021-07-08T10:44:15,400.0,84.2,B
2021-07-08T10:44:15,100.0,84.2,B
2021-07-08T10:44:15,1500.0,84.2,B
2021-07-08T10:43:40,100.0,84.2,B
2021-07-08T10:43:20,2000.0,84.2,B
2021-07-08T10:43:08,2700.0,84.2,B
2021-07-08T10:42:39,1900.0,84.2,B
2021-07-08T10:42:39,100.0,84.1,B
2021-07-08T10:42:33,3000.0,84.1,B
2021-07-08T10:42:32,600.0,84.1,B
2021-07-08T10:42:29,2000.0,84.1,B
2021-07-08T10:42:13,3000.0,84.1,B
2021-07-08T10:42:05,600.0,84.0,B
2021-07-08T10:42:05,2200.0,84.0,B
2021-07-08T10:42:05,200.0,84.0,B
2021-07-08T10:41:42,100.0,84.0,B
2021-07-08T10:41:19,600.0,84.0,B
2021-07-08T10:40:31,500.0,84.0,B
2021-07-08T10:40:15,4000.0,84.0,B
2021-07-08T10:40:13,600.0,83.7,S
2021-07-08T10:40:11,1000.0,83.9,B
2021-07-08T10:40:05,100.0,83.9,B
2021-07-08T10:40:04,500.0,83.7,S
2021-07-08T10:40:04,200.0,83.7,S
2021-07-08T10:40:04,300.0,83.8,S
2021-07-08T10:39:27,1000.0,83.9,B
2021-07-08T10:38:49,100.0,83.8,S
2021-07-08T10:38:48,1000.0,83.8,S
2021-07-08T10:38:46,500.0,83.9,B
2021-07-08T10:37:51,500.0,83.8,B
2021-07-08T10:37:35,500.0,83.8,B
2021-07-08T10:37:23,500.0,83.8,S
2021-07-08T10:36:59,600.0,83.8,S
2021-07-08T10:36:52,1000.0,83.8,S
2021-07-08T10:36:42,500.0,83.8,S
2021-07-08T10:36:30,700.0,83.9,B
2021-07-08T10:36:22,2500.0,83.8,S
2021-07-08T10:36:05,1700.0,83.9,S
2021-07-08T10:35:20,2500.0,83.9,S
2021-07-08T10:34:22,100.0,84.0,B
2021-07-08T10:33:57,2500.0,84.0,S
2021-07-08T10:33:45,2000.0,84.1,B
2021-07-08T10:33:38,1000.0,84.0,S
2021-07-08T10:33:38,700.0,84.0,S
2021-07-08T10:33:26,500.0,84.0,S
2021-07-08T10:33:07,100.0,84.0,S
2021-07-08T10:32:51,100.0,84.0,S
2021-07-08T10:32:39,100.0,84.0,S
2021-07-08T10:31:41,500.0,84.0,S
2021-07-08T10:31:21,300.0,84.0,S
2021-07-08T10:30:39,600.0,84.0,B
2021-07-08T10:30:35,500.0,84.0,B
2021-07-08T10:30:35,1900.0,84.0,B
2021-07-08T10:30:35,600.0,84.0,B
2021-07-08T10:30:32,1300.0,84.0,B
2021-07-08T10:30:27,100.0,84.0,B
2021-07-08T10:30:27,2900.0,84.0,B
2021-07-08T10:30:14,500.0,84.0,B
2021-07-08T10:30:05,2000.0,84.0,B
2021-07-08T10:30:02,300.0,84.0,B
2021-07-08T10:29:57,100.0,83.9,S
2021-07-08T10:29:57,500.0,83.9,S
2021-07-08T10:29:45,200.0,84.0,B
2021-07-08T10:29:28,1000.0,84.0,B
2021-07-08T10:28:54,2000.0,84.0,B
2021-07-08T10:28:34,200.0,83.9,S
2021-07-08T10:28:27,1500.0,83.9,S
2021-07-08T10:28:21,100.0,84.0,B
2021-07-08T10:28:11,100.0,83.9,S
2021-07-08T10:27:19,100.0,83.9,S
2021-07-08T10:26:57,200.0,83.9,S
2021-07-08T10:26:35,1000.0,83.9,B
2021-07-08T10:26:19,100.0,83.9,B
2021-07-08T10:25:52,1200.0,83.9,S
2021-07-08T10:25:33,300.0,83.9,S
2021-07-08T10:25:22,100.0,84.0,B
2021-07-08T10:24:21,4800.0,84.0,S
2021-07-08T10:24:19,900.0,84.0,S
2021-07-08T10:24:04,700.0,84.1,S
2021-07-08T10:23:44,100.0,84.1,S
2021-07-08T10:23:15,1000.0,84.1,S
2021-07-08T10:22:57,1000.0,84.1,S
2021-07-08T10:22:55,200.0,84.1,B
2021-07-08T10:22:13,100.0,84.1,B
2021-07-08T10:22:10,1500.0,84.1,B
2021-07-08T10:22:03,500.0,84.1,B
2021-07-08T10:22:00,2600.0,84.1,S
2021-07-08T10:21:39,300.0,84.1,S
2021-07-08T10:21:16,100.0,84.2,S
2021-07-08T10:21:15,4000.0,84.3,B
2021-07-08T10:21:09,100.0,84.2,S
2021-07-08T10:21:09,200.0,84.2,S
2021-07-08T10:21:02,2300.0,84.2,S
2021-07-08T10:20:58,2000.0,84.3,B
2021-07-08T10:20:37,500.0,84.3,B
2021-07-08T10:20:32,3700.0,84.3,S
2021-07-08T10:20:28,900.0,84.3,S
2021-07-08T10:20:24,1000.0,84.3,S
2021-07-08T10:20:22,1000.0,84.3,S
2021-07-08T10:20:22,100.0,84.3,S
2021-07-08T10:19:46,1000.0,84.3,S
2021-07-08T10:19:27,400.0,84.3,S
2021-07-08T10:18:57,1000.0,84.3,S
2021-07-08T10:18:56,400.0,84.5,B
2021-07-08T10:18:56,1000.0,84.5,B
2021-07-08T10:18:56,1000.0,84.5,B
2021-07-08T10:18:56,500.0,84.5,B
2021-07-08T10:18:56,1700.0,84.5,B
2021-07-08T10:18:56,400.0,84.5,B
2021-07-08T10:18:55,2000.0,84.5,B
2021-07-08T10:17:07,2000.0,84.2,S
2021-07-08T10:16:29,2000.0,84.5,B
2021-07-08T10:16:22,100.0,84.5,B
2021-07-08T10:16:16,100.0,84.5,B
2021-07-08T10:16:16,700.0,84.5,B
2021-07-08T10:16:16,200.0,84.5,B
2021-07-08T10:16:16,100.0,84.5,B
2021-07-08T10:16:16,900.0,84.5,B
2021-07-08T10:16:04,1000.0,84.5,B
2021-07-08T10:15:50,1000.0,84.5,B
2021-07-08T10:15:37,600.0,84.5,B
2021-07-08T10:15:37,300.0,84.5,B
2021-07-08T10:15:37,3900.0,84.4,B
2021-07-08T10:15:37,1200.0,84.3,B
2021-07-08T10:15:37,1200.0,84.3,B
2021-07-08T10:15:37,2800.0,84.3,B
2021-07-08T10:15:07,100.0,84.1,S
2021-07-08T10:15:04,1000.0,84.1,S
2021-07-08T10:14:52,1000.0,84.1,B
2021-07-08T10:14:30,800.0,84.0,S
2021-07-08T10:14:30,4200.0,84.0,S
2021-07-08T10:14:30,1000.0,84.0,S
2021-07-08T10:14:22,200.0,84.1,B
2021-07-08T10:14:19,500.0,84.1,B
2021-07-08T10:14:14,300.0,84.1,S
2021-07-08T10:14:13,500.0,84.2,B
2021-07-08T10:14:07,100.0,84.2,B
2021-07-08T10:13:55,100.0,84.1,S
2021-07-08T10:13:47,800.0,84.1,B
2021-07-08T10:13:46,700.0,84.1,B
2021-07-08T10:13:19,400.0,84.0,B
2021-07-08T10:13:07,800.0,84.0,B
2021-07-08T10:13:07,1600.0,84.0,B
2021-07-08T10:13:07,2000.0,84.0,B
2021-07-08T10:13:07,600.0,84.0,B
2021-07-08T10:12:31,200.0,83.9,S
2021-07-08T10:12:12,100.0,83.8,S
2021-07-08T10:12:10,1500.0,83.8,B
2021-07-08T10:12:06,2000.0,83.8,B
2021-07-08T10:12:01,100.0,83.8,B
2021-07-08T10:11:57,1500.0,83.8,B
2021-07-08T10:11:51,3000.0,83.8,B
2021-07-08T10:11:50,100.0,83.7,B
2021-07-08T10:11:32,300.0,83.7,B
2021-07-08T10:11:24,600.0,83.4,S
2021-07-08T10:11:24,600.0,83.5,S
2021-07-08T10:10:34,300.0,83.4,B
2021-07-08T10:10:21,100.0,83.4,B
2021-07-08T10:10:18,100.0,83.4,B
2021-07-08T10:10:02,200.0,83.4,S
2021-07-08T10:09:35,700.0,83.4,S
2021-07-08T10:09:35,200.0,83.4,S
2021-07-08T10:09:19,200.0,83.4,S
2021-07-08T10:09:17,1000.0,83.4,S
2021-07-08T10:09:05,400.0,83.4,S
2021-07-08T10:08:49,400.0,83.5,S
2021-07-08T10:08:49,2000.0,83.5,S
2021-07-08T10:08:31,1000.0,83.6,S
2021-07-08T10:08:30,500.0,83.6,S
2021-07-08T10:08:21,200.0,83.6,S
2021-07-08T10:07:56,200.0,83.7,S
2021-07-08T10:07:55,1000.0,83.7,S
2021-07-08T10:07:47,500.0,83.7,S
2021-07-08T10:07:45,1000.0,83.7,S
2021-07-08T10:07:32,800.0,83.7,S
2021-07-08T10:07:32,100.0,83.7,S
2021-07-08T10:07:32,500.0,83.8,B
2021-07-08T10:07:23,100.0,83.8,S
2021-07-08T10:07:23,1600.0,83.8,S
2021-07-08T10:06:05,100.0,83.9,S
2021-07-08T10:04:56,1500.0,84.0,B
2021-07-08T10:04:56,500.0,84.0,B
2021-07-08T10:04:56,1000.0,83.9,B
2021-07-08T10:04:09,400.0,83.8,B
2021-07-08T10:03:40,800.0,83.8,B
2021-07-08T10:03:24,200.0,83.8,B
2021-07-08T10:03:09,300.0,83.8,B
2021-07-08T10:02:55,200.0,83.8,B
2021-07-08T10:02:40,2000.0,83.8,B
2021-07-08T10:02:27,1000.0,83.8,B
2021-07-08T10:02:08,500.0,83.8,B
2021-07-08T10:01:57,500.0,83.7,S
2021-07-08T10:01:41,1000.0,83.8,S
2021-07-08T10:01:34,500.0,83.8,S
2021-07-08T10:01:21,500.0,83.8,S
2021-07-08T10:00:54,2000.0,83.8,S
2021-07-08T10:00:35,200.0,83.9,S
2021-07-08T09:59:34,100.0,83.8,S
2021-07-08T09:59:28,300.0,84.0,S
2021-07-08T09:59:26,100.0,84.0,S
2021-07-08T09:59:24,400.0,84.0,S
2021-07-08T09:59:09,200.0,84.0,S
2021-07-08T09:58:40,100.0,84.0,S
2021-07-08T09:58:22,1000.0,84.0,S
2021-07-08T09:58:21,1000.0,84.0,S
2021-07-08T09:56:58,200.0,84.0,B
2021-07-08T09:56:55,1000.0,84.0,B
2021-07-08T09:56:23,900.0,84.0,S
2021-07-08T09:55:50,6000.0,84.0,S
2021-07-08T09:55:35,2200.0,84.1,S
2021-07-08T09:55:27,600.0,84.1,S
2021-07-08T09:55:01,400.0,84.2,S
2021-07-08T09:54:55,100.0,84.2,S
2021-07-08T09:54:44,100.0,84.2,S
2021-07-08T09:52:52,900.0,84.2,S
2021-07-08T09:52:46,1100.0,84.2,S
2021-07-08T09:52:24,3000.0,84.3,B
2021-07-08T09:52:24,1000.0,84.3,B
2021-07-08T09:50:30,1800.0,84.3,B
2021-07-08T09:50:30,1200.0,84.3,B
2021-07-08T09:49:50,500.0,84.1,S
2021-07-08T09:49:48,1000.0,84.1,S
2021-07-08T09:49:29,900.0,84.1,B
2021-07-08T09:48:36,800.0,84.0,S
2021-07-08T09:48:36,4200.0,84.0,S
2021-07-08T09:48:26,100.0,84.1,B
2021-07-08T09:47:56,100.0,84.0,S
2021-07-08T09:47:43,200.0,84.0,S
2021-07-08T09:47:39,200.0,84.1,B
2021-07-08T09:47:19,200.0,84.1,B
2021-07-08T09:46:50,100.0,84.1,B
2021-07-08T09:46:41,800.0,84.1,S
2021-07-08T09:46:28,1900.0,84.2,B
2021-07-08T09:46:07,800.0,84.2,S
2021-07-08T09:46:01,300.0,84.2,S
2021-07-08T09:45:37,900.0,84.2,S
2021-07-08T09:45:34,800.0,84.2,S
2021-07-08T09:45:02,1000.0,84.3,B
2021-07-08T09:45:02,100.0,84.2,S
2021-07-08T09:44:54,500.0,84.2,S
2021-07-08T09:44:37,200.0,84.2,S
2021-07-08T09:44:07,100.0,84.2,S
2021-07-08T09:43:51,1000.0,84.2,S
2021-07-08T09:43:19,2000.0,84.2,S
2021-07-08T09:42:32,800.0,84.2,B
2021-07-08T09:42:30,1100.0,84.2,B
2021-07-08T09:41:42,2000.0,84.2,B
2021-07-08T09:41:24,100.0,84.2,S
2021-07-08T09:41:24,2400.0,84.2,S
2021-07-08T09:40:11,200.0,84.3,B
2021-07-08T09:40:03,100.0,84.3,B
2021-07-08T09:39:47,100.0,84.3,B
2021-07-08T09:38:26,100.0,84.4,B
2021-07-08T09:37:37,300.0,84.4,B
2021-07-08T09:36:27,100.0,84.5,B
2021-07-08T09:36:26,800.0,84.4,S
2021-07-08T09:36:08,100.0,84.5,B
2021-07-08T09:36:00,100.0,84.4,S
2021-07-08T09:35:23,100.0,84.3,B
2021-07-08T09:35:03,100.0,84.2,B
2021-07-08T09:35:02,100.0,84.1,S
2021-07-08T09:34:03,100.0,84.1,B
2021-07-08T09:33:53,200.0,84.0,S
2021-07-08T09:33:53,100.0,84.0,S
2021-07-08T09:33:52,200.0,84.0,S
2021-07-08T09:33:32,100.0,84.1,B
2021-07-08T09:33:23,200.0,84.1,B
2021-07-08T09:33:03,100.0,84.1,B
2021-07-08T09:33:02,1400.0,84.1,S
2021-07-08T09:33:02,100.0,84.2,S
2021-07-08T09:32:18,200.0,84.1,S
2021-07-08T09:29:57,3000.0,84.0,S
2021-07-08T09:29:53,200.0,84.0,S
2021-07-08T09:29:36,200.0,84.0,S
2021-07-08T09:28:51,400.0,84.0,S
2021-07-08T09:28:51,500.0,84.0,S
2021-07-08T09:28:51,3100.0,84.0,S
2021-07-08T09:28:41,6000.0,84.0,S
2021-07-08T09:28:41,300.0,84.1,B
2021-07-08T09:28:28,300.0,84.1,S
2021-07-08T09:27:59,100.0,84.1,S
2021-07-08T09:27:59,2900.0,84.1,S
2021-07-08T09:27:37,1000.0,84.5,B
2021-07-08T09:27:28,3000.0,84.1,S
2021-07-08T09:27:03,200.0,84.1,B
2021-07-08T09:27:03,700.0,84.1,S
2021-07-08T09:27:03,100.0,84.5,S
2021-07-08T09:26:58,600.0,84.5,S
2021-07-08T09:26:51,200.0,84.1,S
2021-07-08T09:26:41,100.0,84.1,S
2021-07-08T09:25:52,4000.0,84.0,S
2021-07-08T09:25:40,1700.0,84.5,B
2021-07-08T09:25:38,3200.0,84.5,S
2021-07-08T09:25:38,100.0,84.5,S
2021-07-08T09:25:17,300.0,84.5,S
2021-07-08T09:25:14,100.0,84.5,S
2021-07-08T09:25:01,500.0,84.5,S
2021-07-08T09:24:47,4000.0,84.0,S
2021-07-08T09:24:40,2000.0,84.5,B
2021-07-08T09:24:19,4000.0,84.0,S
2021-07-08T09:24:12,100.0,84.9,B
2021-07-08T09:23:48,900.0,84.2,S
2021-07-08T09:23:48,3100.0,84.4,S
2021-07-08T09:23:48,300.0,84.5,S
2021-07-08T09:23:33,500.0,84.5,S
2021-07-08T09:23:33,500.0,84.5,B
2021-07-08T09:23:28,1700.0,84.4,S
2021-07-08T09:23:28,1300.0,84.5,S
2021-07-08T09:23:23,2500.0,84.5,S
2021-07-08T09:23:22,1800.0,85.0,B
2021-07-08T09:23:20,100.0,85.0,B
2021-07-08T09:23:19,5800.0,85.0,B
2021-07-08T09:23:19,500.0,85.0,B
2021-07-08T09:23:13,2300.0,84.5,S
2021-07-08T09:23:13,300.0,84.5,S
2021-07-08T09:23:13,2000.0,84.6,S
2021-07-08T09:23:13,1400.0,84.6,S
2021-07-08T09:23:13,200.0,84.7,S
2021-07-08T09:23:13,3000.0,84.8,S
2021-07-08T09:23:13,800.0,84.9,S
2021-07-08T09:23:12,600.0,85.0,B
2021-07-08T09:23:12,100.0,85.0,B
2021-07-08T09:23:09,200.0,85.0,B
2021-07-08T09:22:58,1200.0,84.9,B
2021-07-08T09:22:56,2000.0,84.9,B
2021-07-08T09:22:56,1000.0,84.9,B
2021-07-08T09:22:54,4000.0,84.9,B
2021-07-08T09:22:48,3000.0,84.9,B
2021-07-08T09:22:44,100.0,84.8,S
2021-07-08T09:22:35,1000.0,84.9,B
2021-07-08T09:22:32,900.0,84.9,B
2021-07-08T09:22:32,100.0,84.8,B
2021-07-08T09:22:24,900.0,84.8,S
2021-07-08T09:22:22,100.0,84.8,S
2021-07-08T09:22:22,600.0,84.7,S
2021-07-08T09:22:10,2300.0,84.9,B
2021-07-08T09:22:10,700.0,84.9,B
2021-07-08T09:21:57,300.0,84.7,S
2021-07-08T09:21:51,100.0,84.7,S
2021-07-08T09:21:47,1000.0,84.8,B
2021-07-08T09:21:37,500.0,84.7,B
2021-07-08T09:21:33,400.0,84.5,S
2021-07-08T09:20:45,100.0,84.5,S
2021-07-08T09:20:22,1200.0,84.5,B
2021-07-08T09:20:22,100.0,84.5,B
2021-07-08T09:20:13,200.0,84.5,B
2021-07-08T09:20:13,500.0,84.5,B
2021-07-08T09:20:04,400.0,84.5,S
2021-07-08T09:19:52,500.0,84.5,S
2021-07-08T09:19:42,6700.0,84.5,S
2021-07-08T09:19:30,100.0,84.5,S
2021-07-08T09:19:17,100.0,84.5,S
2021-07-08T09:19:13,200.0,84.4,S
2021-07-08T09:19:02,300.0,84.4,S
2021-07-08T09:19:02,200.0,84.9,B
2021-07-08T09:18:45,300.0,84.4,S
2021-07-08T09:18:45,2000.0,84.9,B
2021-07-08T09:18:34,1100.0,84.4,B
2021-07-08T09:18:34,800.0,84.4,B
2021-07-08T09:18:30,300.0,84.4,B
2021-07-08T09:17:58,3000.0,84.4,B
2021-07-08T09:17:57,1300.0,84.1,S
2021-07-08T09:17:57,100.0,84.3,B
2021-07-08T09:17:54,1000.0,84.1,S
2021-07-08T09:17:49,200.0,84.3,B
2021-07-08T09:17:15,4100.0,84.0,B
2021-07-08T09:16:53,100.0,83.8,S
2021-07-08T09:16:52,100.0,83.8,B
2021-07-08T09:16:38,100.0,83.7,S
2021-07-08T09:16:30,800.0,83.7,S
2021-07-08T09:16:12,600.0,83.8,S
2021-07-08T09:16:10,12800.0,83.8,S
2021-07-08T09:15:48,400.0,83.8,S
2021-07-08T09:15:28,1200.0,84.0,S
2021-07-08T09:15:15,600.0,84.4,B
