tradingTime,volume,price,side
2021-07-08T14:29:59,20000.0,16.95,S
2021-07-08T14:29:46,9100.0,17.0,B
2021-07-08T14:29:46,30900.0,17.0,B
2021-07-08T14:29:45,10000.0,16.95,S
2021-07-08T14:29:45,1000.0,16.95,S
2021-07-08T14:29:45,1000.0,17.0,B
2021-07-08T14:29:30,100.0,17.0,B
2021-07-08T14:29:28,500.0,17.0,B
2021-07-08T14:29:25,57900.0,16.95,B
2021-07-08T14:29:25,20900.0,16.95,B
2021-07-08T14:29:20,40000.0,16.95,B
2021-07-08T14:29:14,1400.0,16.9,S
2021-07-08T14:29:06,40000.0,16.95,B
2021-07-08T14:29:05,500.0,16.9,S
2021-07-08T14:28:55,1000.0,16.9,S
2021-07-08T14:28:51,100.0,16.95,B
2021-07-08T14:28:48,35300.0,16.9,B
2021-07-08T14:28:48,20500.0,16.9,B
2021-07-08T14:28:10,200.0,16.9,B
2021-07-08T14:28:02,100.0,16.9,B
2021-07-08T14:27:57,91100.0,16.85,B
2021-07-08T14:27:57,1500.0,16.8,S
2021-07-08T14:27:41,400.0,16.85,B
2021-07-08T14:27:12,100.0,16.85,B
2021-07-08T14:27:08,11000.0,16.8,B
2021-07-08T14:27:04,50000.0,16.8,B
2021-07-08T14:27:01,1200.0,16.8,B
2021-07-08T14:26:37,600.0,16.8,B
2021-07-08T14:26:35,10000.0,16.75,S
2021-07-08T14:26:33,1600.0,16.75,S
2021-07-08T14:26:25,20400.0,16.75,B
2021-07-08T14:26:23,700.0,16.65,S
2021-07-08T14:26:23,23700.0,16.65,S
2021-07-08T14:26:18,100.0,16.75,B
2021-07-08T14:26:00,3000.0,16.7,S
2021-07-08T14:25:34,100.0,16.75,B
2021-07-08T14:25:22,7300.0,16.7,B
2021-07-08T14:25:17,1000.0,16.7,B
2021-07-08T14:25:15,1700.0,16.7,S
2021-07-08T14:25:12,300.0,16.7,S
2021-07-08T14:24:57,9700.0,16.7,S
2021-07-08T14:24:50,100.0,16.7,S
2021-07-08T14:24:46,100.0,16.75,B
2021-07-08T14:24:45,200.0,16.75,B
2021-07-08T14:24:28,100.0,16.75,B
2021-07-08T14:24:12,8100.0,16.7,B
2021-07-08T14:24:08,1100.0,16.7,B
2021-07-08T14:24:02,2000.0,16.7,B
2021-07-08T14:23:56,8400.0,16.65,S
2021-07-08T14:23:55,11600.0,16.65,S
2021-07-08T14:23:49,2800.0,16.7,B
2021-07-08T14:23:45,500.0,16.7,B
2021-07-08T14:23:44,3500.0,16.7,S
2021-07-08T14:23:24,100.0,16.8,B
2021-07-08T14:23:14,2000.0,16.7,S
2021-07-08T14:23:08,5000.0,16.7,B
2021-07-08T14:23:06,100.0,16.7,B
2021-07-08T14:23:01,12900.0,16.7,S
2021-07-08T14:22:54,10000.0,16.7,S
2021-07-08T14:22:49,5000.0,16.7,S
2021-07-08T14:22:41,100.0,16.8,B
2021-07-08T14:22:41,2300.0,16.75,B
2021-07-08T14:22:15,3300.0,16.7,B
2021-07-08T14:22:08,1400.0,16.65,S
2021-07-08T14:22:08,1000.0,16.65,S
2021-07-08T14:22:08,10900.0,16.65,S
2021-07-08T14:21:54,9000.0,16.7,B
2021-07-08T14:21:39,10000.0,16.7,B
2021-07-08T14:21:12,3100.0,16.7,B
2021-07-08T14:21:11,10000.0,16.7,S
2021-07-08T14:20:27,100.0,16.75,B
2021-07-08T14:20:12,1000.0,16.7,S
2021-07-08T14:20:09,900.0,16.7,S
2021-07-08T14:20:07,400.0,16.7,B
2021-07-08T14:20:04,1000.0,16.7,B
2021-07-08T14:20:02,100.0,16.7,B
2021-07-08T14:19:45,18500.0,16.7,S
2021-07-08T14:19:36,100.0,16.75,B
2021-07-08T14:19:27,9200.0,16.7,B
2021-07-08T14:19:25,5200.0,16.7,S
2021-07-08T14:19:11,500.0,16.75,B
2021-07-08T14:19:10,35600.0,16.7,S
2021-07-08T14:18:55,100.0,16.75,B
2021-07-08T14:18:49,50000.0,16.7,S
2021-07-08T14:18:44,100.0,16.75,B
2021-07-08T14:18:40,10000.0,16.7,S
2021-07-08T14:18:32,22400.0,16.7,B
2021-07-08T14:18:30,7600.0,16.7,S
2021-07-08T14:18:28,9400.0,16.7,S
2021-07-08T14:18:27,600.0,16.7,S
2021-07-08T14:18:15,2000.0,16.75,B
2021-07-08T14:17:55,1000.0,16.75,B
2021-07-08T14:17:44,20000.0,16.7,S
2021-07-08T14:17:01,10200.0,16.7,B
2021-07-08T14:16:57,500.0,16.7,B
2021-07-08T14:16:55,5000.0,16.7,B
2021-07-08T14:16:49,700.0,16.7,B
2021-07-08T14:16:47,3000.0,16.7,B
2021-07-08T14:16:45,4000.0,16.7,B
2021-07-08T14:16:33,1900.0,16.7,B
2021-07-08T14:16:33,4100.0,16.7,B
2021-07-08T14:16:12,600.0,16.7,B
2021-07-08T14:16:07,10300.0,16.7,B
2021-07-08T14:16:07,100.0,16.7,B
2021-07-08T14:15:39,100.0,16.7,B
2021-07-08T14:14:59,500.0,16.65,S
2021-07-08T14:14:59,9500.0,16.65,S
2021-07-08T14:14:58,500.0,16.7,B
2021-07-08T14:14:45,300.0,16.65,S
2021-07-08T14:14:26,500.0,16.7,B
2021-07-08T14:14:26,5000.0,16.7,B
2021-07-08T14:14:22,1000.0,16.7,B
2021-07-08T14:14:18,100.0,16.7,B
2021-07-08T14:14:13,1500.0,16.65,S
2021-07-08T14:14:13,500.0,16.65,S
2021-07-08T14:13:57,2000.0,16.7,B
2021-07-08T14:13:34,500.0,16.7,B
2021-07-08T14:13:15,1500.0,16.7,B
2021-07-08T14:13:15,100.0,16.7,B
2021-07-08T14:13:10,5000.0,16.7,B
2021-07-08T14:13:08,50000.0,16.65,S
2021-07-08T14:13:08,9600.0,16.7,B
2021-07-08T14:13:08,400.0,16.7,B
2021-07-08T14:12:53,100.0,16.7,B
2021-07-08T14:12:45,72000.0,16.65,S
2021-07-08T14:12:40,1800.0,16.75,B
2021-07-08T14:12:40,500.0,16.75,B
2021-07-08T14:12:39,2700.0,16.75,B
2021-07-08T14:12:29,3000.0,16.7,S
2021-07-08T14:12:09,100.0,16.75,B
2021-07-08T14:12:02,1600.0,16.65,S
2021-07-08T14:11:54,6500.0,16.65,S
2021-07-08T14:11:54,41500.0,16.65,S
2021-07-08T14:11:45,3400.0,16.7,B
2021-07-08T14:11:31,2100.0,16.7,S
2021-07-08T14:11:31,4100.0,16.7,S
2021-07-08T14:11:31,33400.0,16.7,S
2021-07-08T14:11:31,20000.0,16.7,S
2021-07-08T14:11:31,9700.0,16.7,S
2021-07-08T14:11:17,6700.0,16.7,S
2021-07-08T14:11:17,10000.0,16.7,S
2021-07-08T14:11:17,3300.0,16.7,S
2021-07-08T14:11:11,200.0,16.75,S
2021-07-08T14:11:06,1000.0,16.75,S
2021-07-08T14:11:01,5000.0,16.75,S
2021-07-08T14:10:54,1400.0,16.75,S
2021-07-08T14:10:43,100.0,16.8,B
2021-07-08T14:10:09,40000.0,16.75,S
2021-07-08T14:10:02,100.0,16.8,B
2021-07-08T14:09:49,3000.0,16.75,S
2021-07-08T14:09:49,100.0,16.8,B
2021-07-08T14:09:36,2900.0,16.75,S
2021-07-08T14:09:36,7100.0,16.75,S
2021-07-08T14:09:28,1600.0,16.8,S
2021-07-08T14:08:56,100.0,16.85,B
2021-07-08T14:08:54,200.0,16.8,S
2021-07-08T14:08:35,100.0,16.8,S
2021-07-08T14:08:29,100.0,16.8,S
2021-07-08T14:08:27,5000.0,16.8,S
2021-07-08T14:08:25,5000.0,16.8,S
2021-07-08T14:08:22,100.0,16.8,S
2021-07-08T14:07:58,100.0,16.8,B
2021-07-08T14:07:42,3100.0,16.8,S
2021-07-08T14:07:42,900.0,16.8,S
2021-07-08T14:07:42,4000.0,16.8,S
2021-07-08T14:07:42,2000.0,16.8,S
2021-07-08T14:07:42,239900.0,16.8,S
2021-07-08T14:07:29,1000.0,16.85,B
2021-07-08T14:07:15,500.0,16.85,B
2021-07-08T14:06:48,2000.0,16.8,S
2021-07-08T14:06:45,3000.0,16.85,B
2021-07-08T14:05:23,500.0,16.85,B
2021-07-08T14:04:52,4400.0,16.85,S
2021-07-08T14:04:44,100.0,16.9,B
2021-07-08T14:04:43,200.0,16.9,B
2021-07-08T14:04:35,5600.0,16.85,B
2021-07-08T14:04:24,10000.0,16.85,B
2021-07-08T14:04:04,2000.0,16.85,B
2021-07-08T14:03:58,2400.0,16.85,B
2021-07-08T14:03:58,1600.0,16.85,B
2021-07-08T14:03:39,3400.0,16.85,S
2021-07-08T14:03:36,500.0,16.85,S
2021-07-08T14:03:34,100.0,16.9,B
2021-07-08T14:03:05,600.0,16.85,S
2021-07-08T14:02:50,100.0,16.9,B
2021-07-08T14:02:44,500.0,16.9,B
2021-07-08T14:02:37,1500.0,16.85,B
2021-07-08T14:02:37,14000.0,16.85,B
2021-07-08T14:02:37,2000.0,16.8,S
2021-07-08T14:02:13,500.0,16.85,B
2021-07-08T14:02:12,10000.0,16.8,S
2021-07-08T14:02:04,5000.0,16.8,S
2021-07-08T14:01:35,500.0,16.8,S
2021-07-08T14:01:29,10000.0,16.85,B
2021-07-08T14:01:19,20000.0,16.85,B
2021-07-08T14:00:45,100.0,16.8,S
2021-07-08T14:00:39,3000.0,16.85,B
2021-07-08T13:59:58,100.0,16.85,B
2021-07-08T13:59:54,10400.0,16.8,S
2021-07-08T13:59:50,100.0,16.85,B
2021-07-08T13:59:21,2000.0,16.8,S
2021-07-08T13:59:08,600.0,16.85,B
2021-07-08T13:59:00,200.0,16.8,S
2021-07-08T13:58:51,100.0,16.9,B
2021-07-08T13:58:29,4000.0,16.85,S
2021-07-08T13:57:42,100.0,16.9,B
2021-07-08T13:57:37,800.0,16.85,S
2021-07-08T13:57:25,3000.0,16.85,S
2021-07-08T13:57:22,100.0,16.9,B
2021-07-08T13:57:18,500.0,16.85,S
2021-07-08T13:57:09,3000.0,16.85,S
2021-07-08T13:57:03,100.0,16.9,B
2021-07-08T13:56:48,20600.0,16.85,S
2021-07-08T13:56:38,500.0,16.85,B
2021-07-08T13:56:38,500.0,16.85,B
2021-07-08T13:56:35,1000.0,16.85,B
2021-07-08T13:56:23,13400.0,16.85,B
2021-07-08T13:56:20,100.0,16.85,B
2021-07-08T13:56:15,1000.0,16.8,S
2021-07-08T13:56:06,15600.0,16.85,B
2021-07-08T13:55:14,400.0,16.85,S
2021-07-08T13:54:39,10000.0,16.85,S
2021-07-08T13:52:33,500.0,16.9,B
2021-07-08T13:52:25,1000.0,16.85,S
2021-07-08T13:51:39,100.0,16.9,B
2021-07-08T13:51:21,21700.0,16.8,S
2021-07-08T13:51:21,2700.0,16.8,S
2021-07-08T13:51:21,25600.0,16.8,S
2021-07-08T13:51:13,13100.0,16.85,B
2021-07-08T13:51:11,100.0,16.85,B
2021-07-08T13:50:16,9000.0,16.85,B
2021-07-08T13:50:14,200.0,16.85,B
2021-07-08T13:50:03,8500.0,16.85,B
2021-07-08T13:49:50,1000.0,16.85,B
2021-07-08T13:48:02,300.0,16.85,B
2021-07-08T13:47:57,8400.0,16.85,B
2021-07-08T13:46:53,100.0,16.9,B
2021-07-08T13:46:24,26600.0,16.85,B
2021-07-08T13:45:45,200.0,16.85,B
2021-07-08T13:45:32,100.0,16.85,B
2021-07-08T13:45:23,3400.0,16.85,B
2021-07-08T13:44:59,100.0,16.9,B
2021-07-08T13:44:55,1000.0,16.85,S
2021-07-08T13:44:52,600.0,16.9,B
2021-07-08T13:44:42,3000.0,16.9,B
2021-07-08T13:44:09,1800.0,16.9,B
2021-07-08T13:44:07,600.0,16.9,B
2021-07-08T13:44:07,4400.0,16.9,B
2021-07-08T13:43:33,100.0,16.9,B
2021-07-08T13:43:23,600.0,16.85,S
2021-07-08T13:43:23,1000.0,16.85,S
2021-07-08T13:43:19,100.0,16.9,B
2021-07-08T13:43:14,4000.0,16.85,B
2021-07-08T13:42:45,900.0,16.85,B
2021-07-08T13:42:26,100.0,16.85,B
2021-07-08T13:42:11,1000.0,16.8,S
2021-07-08T13:42:11,4500.0,16.8,S
2021-07-08T13:42:10,5000.0,16.85,B
2021-07-08T13:42:07,100.0,16.85,B
2021-07-08T13:42:02,3000.0,16.8,S
2021-07-08T13:41:52,600.0,16.8,B
2021-07-08T13:41:52,500.0,16.8,B
2021-07-08T13:41:49,200.0,16.8,B
2021-07-08T13:41:32,5000.0,16.8,B
2021-07-08T13:41:29,2000.0,16.8,B
2021-07-08T13:41:28,2200.0,16.8,B
2021-07-08T13:41:25,2000.0,16.8,B
2021-07-08T13:41:21,500.0,16.8,B
2021-07-08T13:41:19,500.0,16.8,B
2021-07-08T13:40:49,50000.0,16.8,B
2021-07-08T13:40:42,2000.0,16.75,S
2021-07-08T13:40:40,1000.0,16.75,B
2021-07-08T13:40:40,5500.0,16.75,B
2021-07-08T13:40:32,1700.0,16.75,B
2021-07-08T13:40:11,1700.0,16.7,S
2021-07-08T13:39:56,100.0,16.75,B
2021-07-08T13:39:55,4000.0,16.75,B
2021-07-08T13:39:50,2000.0,16.75,B
2021-07-08T13:39:49,700.0,16.75,B
2021-07-08T13:39:46,10000.0,16.7,S
2021-07-08T13:39:33,600.0,16.7,S
2021-07-08T13:39:32,10000.0,16.75,B
2021-07-08T13:39:23,4000.0,16.7,S
2021-07-08T13:39:14,3000.0,16.7,S
2021-07-08T13:38:58,300.0,16.75,S
2021-07-08T13:38:56,900.0,16.75,S
2021-07-08T13:38:41,2000.0,16.75,S
2021-07-08T13:38:31,24100.0,16.75,S
2021-07-08T13:38:14,7200.0,16.8,S
2021-07-08T13:38:12,900.0,16.8,S
2021-07-08T13:37:55,30000.0,16.8,S
2021-07-08T13:37:52,15000.0,16.85,S
2021-07-08T13:37:52,1000.0,16.85,S
2021-07-08T13:37:49,5000.0,16.85,S
2021-07-08T13:37:49,1000.0,16.85,S
2021-07-08T13:37:12,1200.0,16.9,S
2021-07-08T13:37:11,5000.0,16.9,S
2021-07-08T13:37:07,20000.0,16.9,S
2021-07-08T13:37:07,10000.0,16.9,S
2021-07-08T13:37:07,18900.0,16.9,S
2021-07-08T13:37:07,100.0,16.9,S
2021-07-08T13:37:02,10000.0,16.9,S
2021-07-08T13:36:58,6000.0,16.9,S
2021-07-08T13:36:58,10400.0,16.9,S
2021-07-08T13:36:53,100000.0,16.9,S
2021-07-08T13:36:51,4200.0,16.9,S
2021-07-08T13:36:50,11500.0,16.95,S
2021-07-08T13:36:47,34100.0,16.95,S
2021-07-08T13:36:45,40000.0,16.95,S
2021-07-08T13:36:45,20000.0,16.95,S
2021-07-08T13:36:43,4900.0,16.95,S
2021-07-08T13:36:43,100.0,16.95,S
2021-07-08T13:36:41,4800.0,16.95,S
2021-07-08T13:36:37,2000.0,16.95,S
2021-07-08T13:36:37,4000.0,16.95,S
2021-07-08T13:36:32,500.0,16.95,S
2021-07-08T13:36:31,12000.0,16.95,S
2021-07-08T13:36:25,40000.0,16.95,S
2021-07-08T13:36:19,3600.0,16.95,S
2021-07-08T13:36:16,8500.0,17.0,S
2021-07-08T13:36:15,40000.0,17.0,S
2021-07-08T13:36:13,25000.0,17.0,S
2021-07-08T13:36:12,200.0,17.0,S
2021-07-08T13:36:09,40000.0,17.0,S
2021-07-08T13:36:06,500.0,17.0,S
2021-07-08T13:36:04,90000.0,17.0,S
2021-07-08T13:36:02,600.0,17.05,B
2021-07-08T13:35:59,500.0,17.0,S
2021-07-08T13:35:59,1500.0,17.0,S
2021-07-08T13:35:50,100.0,17.0,S
2021-07-08T13:35:49,19200.0,17.05,S
2021-07-08T13:35:42,5100.0,17.05,S
2021-07-08T13:35:40,2000.0,17.05,S
2021-07-08T13:35:39,21700.0,17.05,B
2021-07-08T13:35:35,700.0,17.0,S
2021-07-08T13:35:31,100.0,17.0,S
2021-07-08T13:35:26,30000.0,17.0,S
2021-07-08T13:35:26,20000.0,17.0,S
2021-07-08T13:35:13,300.0,17.0,S
2021-07-08T13:35:10,30000.0,17.05,B
2021-07-08T13:35:07,50000.0,17.05,B
2021-07-08T13:35:04,12500.0,17.05,B
2021-07-08T13:35:03,10000.0,17.0,S
2021-07-08T13:35:03,100.0,17.0,S
2021-07-08T13:34:50,12600.0,17.05,B
2021-07-08T13:34:45,5000.0,17.0,S
2021-07-08T13:34:43,30000.0,17.0,S
2021-07-08T13:34:37,11200.0,17.05,B
2021-07-08T13:34:35,200.0,17.0,S
2021-07-08T13:34:33,20000.0,17.0,S
2021-07-08T13:34:19,500.0,17.05,B
2021-07-08T13:34:03,100.0,17.0,S
2021-07-08T13:33:57,5000.0,17.0,S
2021-07-08T13:33:55,200.0,17.05,B
2021-07-08T13:33:54,100.0,17.0,S
2021-07-08T13:33:54,500.0,17.0,S
2021-07-08T13:33:48,3000.0,17.0,S
2021-07-08T13:33:47,44000.0,17.0,S
2021-07-08T13:33:46,1000.0,17.0,S
2021-07-08T13:33:37,600.0,17.0,S
2021-07-08T13:33:20,5500.0,17.05,B
2021-07-08T13:33:08,200.0,17.05,B
2021-07-08T13:33:04,300.0,17.05,B
2021-07-08T13:33:01,12000.0,17.0,S
2021-07-08T13:33:00,100.0,17.0,S
2021-07-08T13:32:59,1100.0,17.0,S
2021-07-08T13:32:55,10000.0,17.0,S
2021-07-08T13:32:45,1000.0,17.0,S
2021-07-08T13:32:38,5000.0,17.0,S
2021-07-08T13:30:59,400.0,17.05,B
2021-07-08T13:30:51,300.0,17.0,B
2021-07-08T13:30:51,29300.0,17.0,B
2021-07-08T13:30:03,100.0,17.0,B
2021-07-08T13:28:34,6000.0,17.0,S
2021-07-08T13:28:31,4000.0,17.0,S
2021-07-08T13:28:25,100.0,17.0,S
2021-07-08T13:28:14,1000.0,17.0,S
2021-07-08T13:27:59,78900.0,17.0,B
2021-07-08T13:27:50,1000.0,17.0,B
2021-07-08T13:27:36,500.0,17.0,B
2021-07-08T13:26:24,10100.0,17.0,B
2021-07-08T13:26:19,15600.0,17.0,S
2021-07-08T13:25:34,200.0,17.05,B
2021-07-08T13:25:29,100.0,17.0,S
2021-07-08T13:25:22,1000.0,17.0,S
2021-07-08T13:25:22,2000.0,17.0,S
2021-07-08T13:25:15,100.0,17.0,S
2021-07-08T13:25:12,6400.0,17.0,B
2021-07-08T13:24:53,18500.0,17.0,B
2021-07-08T13:24:16,500.0,17.0,B
2021-07-08T13:24:04,50000.0,16.95,S
2021-07-08T13:23:59,4800.0,17.0,S
2021-07-08T13:23:49,45200.0,17.0,S
2021-07-08T13:23:07,9800.0,17.0,S
2021-07-08T13:23:06,100.0,17.0,S
2021-07-08T13:23:05,800.0,17.05,B
2021-07-08T13:22:59,50000.0,17.0,S
2021-07-08T13:22:24,500.0,17.05,B
2021-07-08T13:22:13,100.0,17.05,B
2021-07-08T13:21:33,200.0,17.05,S
2021-07-08T13:21:33,900.0,17.05,S
2021-07-08T13:21:17,100.0,17.05,S
2021-07-08T13:21:05,1000.0,17.05,S
2021-07-08T13:20:56,1800.0,17.05,S
2021-07-08T13:20:36,200.0,17.1,B
2021-07-08T13:20:30,100.0,17.05,S
2021-07-08T13:20:20,26100.0,17.05,B
2021-07-08T13:19:38,10000.0,17.05,B
2021-07-08T13:19:15,3000.0,17.05,S
2021-07-08T13:19:15,6200.0,17.05,S
2021-07-08T13:19:04,500.0,17.1,B
2021-07-08T13:18:48,100.0,17.05,S
2021-07-08T13:18:31,6800.0,17.05,S
2021-07-08T13:18:29,3800.0,17.05,B
2021-07-08T13:18:11,4000.0,17.05,B
2021-07-08T13:18:11,6000.0,17.05,B
2021-07-08T13:17:59,17500.0,17.05,B
2021-07-08T13:17:59,10000.0,17.05,B
2021-07-08T13:17:59,72500.0,17.05,B
2021-07-08T13:17:58,9300.0,17.05,B
2021-07-08T13:17:22,100.0,17.0,S
2021-07-08T13:16:53,900.0,17.0,B
2021-07-08T13:16:50,3000.0,17.0,B
2021-07-08T13:16:44,1000.0,17.0,B
2021-07-08T13:16:40,4300.0,17.0,B
2021-07-08T13:16:40,45700.0,17.0,B
2021-07-08T13:16:40,1200.0,17.0,B
2021-07-08T13:16:34,2900.0,17.0,B
2021-07-08T13:16:34,6100.0,17.0,B
2021-07-08T13:16:34,14200.0,17.0,B
2021-07-08T13:16:34,36800.0,17.0,B
2021-07-08T13:16:27,1000.0,17.0,B
2021-07-08T13:16:24,1200.0,17.0,B
2021-07-08T13:16:20,1800.0,17.0,B
2021-07-08T13:16:17,1000.0,17.0,B
2021-07-08T13:15:45,35200.0,17.0,B
2021-07-08T13:15:45,100.0,17.0,B
2021-07-08T13:15:45,100.0,17.0,B
2021-07-08T13:15:44,4000.0,17.0,B
2021-07-08T13:15:31,1400.0,17.0,B
2021-07-08T13:15:31,200.0,17.0,B
2021-07-08T13:15:31,4000.0,17.0,B
2021-07-08T13:15:31,21000.0,17.0,B
2021-07-08T13:15:31,3600.0,17.0,B
2021-07-08T13:15:18,21300.0,17.0,B
2021-07-08T13:14:59,2000.0,17.0,B
2021-07-08T13:14:46,500.0,17.0,B
2021-07-08T13:14:34,100.0,17.0,B
2021-07-08T13:14:30,1500.0,16.95,S
2021-07-08T13:14:25,1000.0,16.95,S
2021-07-08T13:14:19,200.0,17.0,B
2021-07-08T13:13:44,500.0,16.95,S
2021-07-08T13:13:40,300.0,17.0,B
2021-07-08T13:13:16,100.0,16.95,S
2021-07-08T13:12:57,5000.0,16.95,S
2021-07-08T13:11:50,6800.0,17.0,B
2021-07-08T13:11:39,10000.0,17.0,B
2021-07-08T13:11:37,9000.0,17.0,B
2021-07-08T13:11:34,100.0,16.95,S
2021-07-08T13:11:29,500.0,16.95,S
2021-07-08T13:11:24,8000.0,17.0,B
2021-07-08T13:11:08,600.0,16.95,S
2021-07-08T13:11:04,300.0,17.0,B
2021-07-08T13:10:47,34900.0,16.95,B
2021-07-08T13:10:09,100.0,16.95,B
2021-07-08T13:10:00,500.0,16.95,S
2021-07-08T13:09:46,5000.0,16.95,S
2021-07-08T13:09:38,100.0,16.95,S
2021-07-08T13:09:38,10000.0,16.95,S
2021-07-08T13:09:35,34400.0,16.95,B
2021-07-08T13:09:20,3000.0,16.9,S
2021-07-08T13:08:51,35600.0,16.95,B
2021-07-08T13:07:47,4200.0,17.0,B
2021-07-08T13:07:47,300.0,17.0,B
2021-07-08T13:07:42,100.0,16.95,S
2021-07-08T13:07:27,2000.0,16.95,S
2021-07-08T13:07:14,4200.0,17.0,B
2021-07-08T13:07:04,4500.0,17.0,B
2021-07-08T13:06:54,300.0,16.95,S
2021-07-08T13:06:33,500.0,17.0,B
2021-07-08T13:06:30,100.0,16.95,S
2021-07-08T13:06:26,15500.0,16.95,S
2021-07-08T13:05:53,100.0,16.9,S
2021-07-08T13:05:48,14500.0,16.95,S
2021-07-08T13:05:14,300.0,17.0,B
2021-07-08T13:05:11,100.0,16.95,S
2021-07-08T13:05:05,2100.0,16.95,S
2021-07-08T13:04:21,100.0,16.95,S
2021-07-08T13:04:20,200.0,17.0,B
2021-07-08T13:04:19,2000.0,16.95,S
2021-07-08T13:04:15,15700.0,16.95,B
2021-07-08T13:03:59,600.0,16.95,B
2021-07-08T13:03:39,11000.0,16.9,S
2021-07-08T13:03:27,500.0,16.95,B
2021-07-08T13:03:21,100.0,16.95,S
2021-07-08T13:03:20,100.0,16.95,S
2021-07-08T13:03:11,3000.0,16.95,S
2021-07-08T13:02:58,20000.0,16.95,S
2021-07-08T13:02:38,500.0,17.0,B
2021-07-08T13:02:02,300.0,17.0,B
2021-07-08T13:02:01,10000.0,16.95,S
2021-07-08T13:01:53,700.0,17.0,B
2021-07-08T13:01:27,100.0,16.95,S
2021-07-08T13:01:26,1800.0,16.95,S
2021-07-08T13:00:04,500.0,16.95,S
2021-07-08T13:00:04,3600.0,17.0,B
2021-07-08T13:00:03,400.0,17.0,B
2021-07-08T13:00:00,100.0,17.0,B
2021-07-08T13:00:00,2000.0,17.0,B
2021-07-08T11:29:22,400.0,17.0,B
2021-07-08T11:29:16,15300.0,16.95,B
2021-07-08T11:29:16,50800.0,16.95,B
2021-07-08T11:28:48,3000.0,16.95,B
2021-07-08T11:28:30,5000.0,16.95,B
2021-07-08T11:28:26,2900.0,16.95,B
2021-07-08T11:28:20,50000.0,16.95,B
2021-07-08T11:28:01,5000.0,16.95,B
2021-07-08T11:27:55,10000.0,16.95,B
2021-07-08T11:27:44,9800.0,16.95,B
2021-07-08T11:27:32,10200.0,16.95,B
2021-07-08T11:27:19,400.0,16.95,B
2021-07-08T11:27:04,200.0,16.95,B
2021-07-08T11:26:36,100.0,16.9,S
2021-07-08T11:26:34,35600.0,16.9,B
2021-07-08T11:26:15,10000.0,16.85,S
2021-07-08T11:26:00,5000.0,16.9,B
2021-07-08T11:25:47,11900.0,16.9,B
2021-07-08T11:25:47,13100.0,16.9,B
2021-07-08T11:25:43,500.0,16.9,B
2021-07-08T11:25:34,20000.0,16.9,B
2021-07-08T11:25:20,5000.0,16.9,B
2021-07-08T11:25:06,5000.0,16.9,B
2021-07-08T11:24:58,10000.0,16.85,S
2021-07-08T11:24:29,3200.0,16.9,B
2021-07-08T11:24:22,4500.0,16.9,B
2021-07-08T11:24:02,500.0,16.9,B
2021-07-08T11:23:54,78600.0,16.85,B
2021-07-08T11:23:26,600.0,16.85,B
2021-07-08T11:23:21,4500.0,16.8,S
2021-07-08T11:23:01,8500.0,16.8,S
2021-07-08T11:22:24,600.0,16.8,S
2021-07-08T11:22:24,500.0,16.85,B
2021-07-08T11:22:15,300.0,16.85,B
2021-07-08T11:22:11,300.0,16.85,B
2021-07-08T11:21:15,500.0,16.85,B
2021-07-08T11:21:04,63400.0,16.8,B
2021-07-08T11:20:24,1300.0,16.8,B
2021-07-08T11:20:19,1000.0,16.75,S
2021-07-08T11:19:51,2200.0,16.8,B
2021-07-08T11:19:49,16000.0,16.8,B
2021-07-08T11:19:38,5000.0,16.8,B
2021-07-08T11:19:38,12200.0,16.8,B
2021-07-08T11:19:38,2800.0,16.8,B
2021-07-08T11:19:19,30000.0,16.8,B
2021-07-08T11:19:04,2000.0,16.8,B
2021-07-08T11:19:00,500.0,16.8,B
2021-07-08T11:18:51,2000.0,16.75,S
2021-07-08T11:18:15,4200.0,16.75,S
2021-07-08T11:17:45,100.0,16.8,B
2021-07-08T11:17:36,10000.0,16.75,S
2021-07-08T11:17:17,24000.0,16.75,B
2021-07-08T11:16:46,3000.0,16.7,S
2021-07-08T11:16:25,5000.0,16.75,B
2021-07-08T11:16:14,1900.0,16.7,S
2021-07-08T11:15:58,100.0,16.75,B
2021-07-08T11:15:54,900.0,16.75,S
2021-07-08T11:15:45,9100.0,16.75,B
2021-07-08T11:15:43,20000.0,16.75,B
2021-07-08T11:15:33,30000.0,16.75,B
2021-07-08T11:15:20,1200.0,16.75,B
2021-07-08T11:15:06,500.0,16.75,B
2021-07-08T11:15:05,30000.0,16.7,S
2021-07-08T11:14:39,16600.0,16.7,S
2021-07-08T11:14:39,3400.0,16.7,S
2021-07-08T11:14:30,3600.0,16.7,S
2021-07-08T11:14:30,400.0,16.7,S
2021-07-08T11:14:22,700.0,16.75,B
2021-07-08T11:14:21,19100.0,16.7,S
2021-07-08T11:14:21,42900.0,16.7,S
2021-07-08T11:14:21,27100.0,16.7,S
2021-07-08T11:14:21,500.0,16.7,S
2021-07-08T11:14:21,10400.0,16.7,S
2021-07-08T11:13:27,800.0,16.75,B
2021-07-08T11:13:10,7700.0,16.75,S
2021-07-08T11:13:00,40000.0,16.75,S
2021-07-08T11:12:29,1000.0,16.75,S
2021-07-08T11:12:21,600.0,16.75,S
2021-07-08T11:12:09,45000.0,16.75,S
2021-07-08T11:11:59,50000.0,16.75,S
2021-07-08T11:11:48,1000.0,16.75,S
2021-07-08T11:11:16,30000.0,16.75,S
2021-07-08T11:11:00,30000.0,16.75,S
2021-07-08T11:10:59,4000.0,16.75,S
2021-07-08T11:10:51,2000.0,16.75,S
2021-07-08T11:10:48,25000.0,16.75,S
2021-07-08T11:10:45,2200.0,16.8,B
2021-07-08T11:10:41,5500.0,16.75,S
2021-07-08T11:10:41,20000.0,16.75,S
2021-07-08T11:10:41,9500.0,16.75,S
2021-07-08T11:09:37,100.0,16.8,B
2021-07-08T11:09:28,3000.0,16.8,B
2021-07-08T11:09:04,4300.0,16.8,B
2021-07-08T11:07:56,6200.0,16.8,S
2021-07-08T11:07:40,500.0,16.75,S
2021-07-08T11:06:56,43800.0,16.8,S
2021-07-08T11:06:14,13400.0,16.85,B
2021-07-08T11:06:14,2600.0,16.85,S
2021-07-08T11:05:48,3100.0,16.85,S
2021-07-08T11:05:41,800.0,16.9,B
2021-07-08T11:04:14,17400.0,16.9,S
2021-07-08T11:03:27,3000.0,16.95,B
2021-07-08T11:03:12,500.0,16.95,B
2021-07-08T11:03:09,3600.0,16.95,B
2021-07-08T11:03:00,1200.0,16.95,B
2021-07-08T11:02:56,3500.0,16.95,B
2021-07-08T11:02:53,5000.0,16.95,B
2021-07-08T11:02:52,1500.0,16.95,B
2021-07-08T11:02:41,100.0,16.9,S
2021-07-08T11:02:26,5000.0,16.9,S
2021-07-08T11:02:01,500.0,16.95,B
2021-07-08T11:01:56,4100.0,16.9,B
2021-07-08T11:01:56,14000.0,16.9,B
2021-07-08T11:01:56,10100.0,16.9,B
2021-07-08T11:01:56,6300.0,16.9,B
2021-07-08T11:00:12,400.0,16.9,B
2021-07-08T11:00:10,100.0,16.85,S
2021-07-08T10:59:39,14500.0,16.85,B
2021-07-08T10:58:14,600.0,16.85,B
2021-07-08T10:57:54,3500.0,16.85,B
2021-07-08T10:57:42,7000.0,16.85,B
2021-07-08T10:57:14,24400.0,16.85,B
2021-07-08T10:57:07,1000.0,16.9,B
2021-07-08T10:56:23,500.0,16.9,B
2021-07-08T10:56:17,2000.0,16.9,B
2021-07-08T10:56:11,1200.0,16.9,B
2021-07-08T10:56:03,5000.0,16.9,B
2021-07-08T10:55:57,1500.0,16.9,B
2021-07-08T10:55:56,200.0,16.9,B
2021-07-08T10:55:52,3500.0,16.9,B
2021-07-08T10:55:46,2300.0,16.9,B
2021-07-08T10:55:05,300.0,16.9,B
2021-07-08T10:55:01,100.0,16.85,S
2021-07-08T10:54:48,3500.0,16.85,B
2021-07-08T10:54:43,1500.0,16.8,B
2021-07-08T10:54:38,10000.0,16.8,B
2021-07-08T10:54:06,63800.0,16.8,S
2021-07-08T10:54:06,10100.0,16.8,S
2021-07-08T10:54:03,20000.0,16.85,B
2021-07-08T10:54:00,1200.0,16.8,S
2021-07-08T10:54:00,48800.0,16.8,S
2021-07-08T10:52:48,300.0,16.85,B
2021-07-08T10:51:49,6200.0,16.85,S
2021-07-08T10:50:41,10000.0,16.9,B
2021-07-08T10:50:28,1500.0,16.9,B
2021-07-08T10:50:08,16300.0,16.9,B
2021-07-08T10:50:08,35200.0,16.9,B
2021-07-08T10:50:00,200.0,16.9,B
2021-07-08T10:49:58,3500.0,16.9,B
2021-07-08T10:49:50,600.0,16.9,B
2021-07-08T10:49:47,4000.0,16.9,B
2021-07-08T10:49:42,500.0,16.9,B
2021-07-08T10:49:37,3600.0,16.9,B
2021-07-08T10:49:33,1200.0,16.9,B
2021-07-08T10:49:16,400.0,16.9,B
2021-07-08T10:49:06,100.0,16.85,S
2021-07-08T10:48:57,15000.0,16.85,B
2021-07-08T10:48:57,29700.0,16.85,B
2021-07-08T10:48:44,5000.0,16.85,B
2021-07-08T10:48:33,5000.0,16.85,B
2021-07-08T10:47:48,5000.0,16.85,B
2021-07-08T10:47:23,100.0,16.85,B
2021-07-08T10:47:05,10400.0,16.85,S
2021-07-08T10:46:46,1500.0,16.85,S
2021-07-08T10:46:41,3600.0,16.9,B
2021-07-08T10:46:28,2200.0,16.9,B
2021-07-08T10:46:28,1400.0,16.9,B
2021-07-08T10:46:13,3500.0,16.9,B
2021-07-08T10:46:10,300.0,16.85,S
2021-07-08T10:45:55,100.0,16.85,S
2021-07-08T10:44:33,7900.0,16.85,B
2021-07-08T10:44:26,800.0,16.85,B
2021-07-08T10:44:15,200.0,16.85,B
2021-07-08T10:44:03,1000.0,16.85,B
2021-07-08T10:43:26,2000.0,16.85,B
2021-07-08T10:42:45,18100.0,16.85,S
2021-07-08T10:41:25,300.0,16.85,S
2021-07-08T10:41:19,10000.0,16.85,B
2021-07-08T10:41:19,10500.0,16.85,B
2021-07-08T10:40:37,700.0,16.8,S
2021-07-08T10:40:17,50000.0,16.85,B
2021-07-08T10:40:11,3000.0,16.8,B
2021-07-08T10:40:04,14200.0,16.8,S
2021-07-08T10:39:47,100.0,16.8,S
2021-07-08T10:39:12,200.0,16.8,B
2021-07-08T10:38:55,200.0,16.8,B
2021-07-08T10:38:53,15000.0,16.8,B
2021-07-08T10:38:48,50000.0,16.8,B
2021-07-08T10:38:08,25600.0,16.8,B
2021-07-08T10:37:55,5000.0,16.8,B
2021-07-08T10:37:51,4700.0,16.8,B
2021-07-08T10:37:51,16600.0,16.8,B
2021-07-08T10:37:27,8000.0,16.8,B
2021-07-08T10:36:12,300.0,16.8,B
2021-07-08T10:35:43,900.0,16.75,S
2021-07-08T10:35:22,2800.0,16.75,S
2021-07-08T10:35:07,600.0,16.75,B
2021-07-08T10:34:59,6000.0,16.75,B
2021-07-08T10:34:50,4000.0,16.75,B
2021-07-08T10:33:37,1000.0,16.75,B
2021-07-08T10:33:22,35600.0,16.75,S
2021-07-08T10:32:38,20000.0,16.75,S
2021-07-08T10:32:30,14500.0,16.75,B
2021-07-08T10:32:23,14700.0,16.75,S
2021-07-08T10:32:23,11000.0,16.75,S
2021-07-08T10:32:23,9800.0,16.75,S
2021-07-08T10:32:20,50000.0,16.8,B
2021-07-08T10:31:11,2300.0,16.75,B
2021-07-08T10:31:04,300.0,16.75,B
2021-07-08T10:30:53,9000.0,16.75,B
2021-07-08T10:30:52,2800.0,16.75,B
2021-07-08T10:30:49,5000.0,16.75,B
2021-07-08T10:30:48,100.0,16.75,B
2021-07-08T10:30:37,28500.0,16.75,B
2021-07-08T10:30:04,500.0,16.75,B
2021-07-08T10:29:57,100.0,16.7,S
2021-07-08T10:29:18,4800.0,16.7,B
2021-07-08T10:29:10,5000.0,16.7,B
2021-07-08T10:29:09,4700.0,16.7,B
2021-07-08T10:29:06,2000.0,16.7,B
2021-07-08T10:29:05,2000.0,16.7,B
2021-07-08T10:29:00,10000.0,16.7,B
2021-07-08T10:28:53,500.0,16.7,B
2021-07-08T10:28:53,1800.0,16.7,B
2021-07-08T10:28:52,1000.0,16.7,B
2021-07-08T10:28:47,10000.0,16.7,B
2021-07-08T10:28:32,500.0,16.7,B
2021-07-08T10:28:05,3000.0,16.7,B
2021-07-08T10:27:34,24800.0,16.7,S
2021-07-08T10:27:19,1000.0,16.75,B
2021-07-08T10:26:44,5000.0,16.7,S
2021-07-08T10:26:38,50000.0,16.7,S
2021-07-08T10:26:27,1000.0,16.7,S
2021-07-08T10:26:15,500.0,16.75,S
2021-07-08T10:25:55,200.0,16.75,S
2021-07-08T10:25:50,500.0,16.75,S
2021-07-08T10:25:46,3800.0,16.75,B
2021-07-08T10:25:29,10000.0,16.7,S
2021-07-08T10:25:21,400.0,16.7,S
2021-07-08T10:25:21,200.0,16.7,S
2021-07-08T10:25:21,400.0,16.7,S
2021-07-08T10:25:21,50000.0,16.75,B
2021-07-08T10:24:52,1200.0,16.7,S
2021-07-08T10:24:52,11800.0,16.7,S
2021-07-08T10:24:34,100.0,16.75,B
2021-07-08T10:24:22,15700.0,16.7,S
2021-07-08T10:24:22,2300.0,16.7,S
2021-07-08T10:24:22,2000.0,16.7,S
2021-07-08T10:24:18,3100.0,16.7,S
2021-07-08T10:24:18,3500.0,16.7,S
2021-07-08T10:24:18,200.0,16.7,S
2021-07-08T10:24:18,23200.0,16.7,S
2021-07-08T10:24:15,50000.0,16.7,S
2021-07-08T10:23:45,4000.0,16.75,B
2021-07-08T10:23:42,1200.0,16.7,S
2021-07-08T10:23:04,100.0,16.75,B
2021-07-08T10:22:54,500.0,16.75,B
2021-07-08T10:22:46,400.0,16.75,B
2021-07-08T10:21:27,900.0,16.75,B
2021-07-08T10:21:17,3200.0,16.75,S
2021-07-08T10:20:59,1000.0,16.75,S
2021-07-08T10:20:20,2000.0,16.8,B
2021-07-08T10:20:09,1000.0,16.75,B
2021-07-08T10:19:18,1000.0,16.75,B
2021-07-08T10:19:18,5000.0,16.75,S
2021-07-08T10:19:18,3800.0,16.75,S
2021-07-08T10:19:18,38000.0,16.75,S
2021-07-08T10:18:15,1000.0,16.75,S
2021-07-08T10:17:26,3000.0,16.75,S
2021-07-08T10:17:05,48800.0,16.75,B
2021-07-08T10:16:49,13000.0,16.75,B
2021-07-08T10:16:13,100.0,16.75,B
2021-07-08T10:15:58,5000.0,16.75,B
2021-07-08T10:15:54,200.0,16.75,B
2021-07-08T10:15:50,100.0,16.75,B
2021-07-08T10:15:41,3000.0,16.75,B
2021-07-08T10:15:30,600.0,16.75,B
2021-07-08T10:15:30,100.0,16.75,B
2021-07-08T10:15:26,100.0,16.75,B
2021-07-08T10:15:22,5000.0,16.75,B
2021-07-08T10:15:06,24000.0,16.75,S
2021-07-08T10:15:02,100.0,16.8,B
2021-07-08T10:14:57,50000.0,16.75,S
2021-07-08T10:14:46,1500.0,16.8,B
2021-07-08T10:14:43,20000.0,16.75,S
2021-07-08T10:14:34,10000.0,16.75,S
2021-07-08T10:14:32,300.0,16.8,B
2021-07-08T10:14:25,40000.0,16.75,S
2021-07-08T10:14:19,500.0,16.8,B
2021-07-08T10:14:18,20000.0,16.7,S
2021-07-08T10:14:11,11300.0,16.7,S
2021-07-08T10:14:11,2900.0,16.7,S
2021-07-08T10:14:11,800.0,16.7,S
2021-07-08T10:14:11,1100.0,16.7,S
2021-07-08T10:14:11,16000.0,16.7,S
2021-07-08T10:14:11,10600.0,16.7,S
2021-07-08T10:14:11,8300.0,16.7,S
2021-07-08T10:14:05,50000.0,16.7,S
2021-07-08T10:14:00,13300.0,16.75,B
2021-07-08T10:13:46,1000.0,16.75,B
2021-07-08T10:13:44,10000.0,16.75,B
2021-07-08T10:13:39,6000.0,16.8,B
2021-07-08T10:13:18,3000.0,16.8,B
2021-07-08T10:13:17,25300.0,16.7,S
2021-07-08T10:13:17,14700.0,16.75,S
2021-07-08T10:13:10,300.0,16.8,B
2021-07-08T10:13:07,5000.0,16.8,B
2021-07-08T10:13:03,36300.0,16.75,B
2021-07-08T10:12:59,4900.0,16.75,B
2021-07-08T10:12:55,1000.0,16.75,B
2021-07-08T10:12:54,2500.0,16.75,B
2021-07-08T10:12:49,15500.0,16.75,S
2021-07-08T10:12:41,5000.0,16.75,S
2021-07-08T10:12:26,2000.0,16.7,S
2021-07-08T10:12:17,23900.0,16.7,S
2021-07-08T10:12:17,26100.0,16.75,S
2021-07-08T10:12:16,200.0,16.8,B
2021-07-08T10:12:05,5000.0,16.75,B
2021-07-08T10:12:05,3900.0,16.75,B
2021-07-08T10:12:01,100.0,16.75,B
2021-07-08T10:11:58,30000.0,16.75,B
2021-07-08T10:11:43,1000.0,16.75,B
2021-07-08T10:11:39,3600.0,16.7,S
2021-07-08T10:11:39,1400.0,16.7,S
2021-07-08T10:11:31,100.0,16.7,S
2021-07-08T10:11:23,500.0,16.7,S
2021-07-08T10:10:43,1000.0,16.7,S
2021-07-08T10:10:40,300.0,16.75,S
2021-07-08T10:10:37,1000.0,16.75,S
2021-07-08T10:10:32,1400.0,16.75,S
2021-07-08T10:10:32,10000.0,16.75,S
2021-07-08T10:10:32,18600.0,16.75,S
2021-07-08T10:10:26,39500.0,16.75,S
2021-07-08T10:10:26,500.0,16.75,S
2021-07-08T10:10:17,900.0,16.75,S
2021-07-08T10:10:05,2000.0,16.75,S
2021-07-08T10:10:02,3200.0,16.75,S
2021-07-08T10:09:44,46000.0,16.75,S
2021-07-08T10:09:23,2200.0,16.75,S
2021-07-08T10:09:20,3000.0,16.8,B
2021-07-08T10:09:10,19900.0,16.8,S
2021-07-08T10:09:08,700.0,16.8,S
2021-07-08T10:09:05,2000.0,16.85,B
2021-07-08T10:09:03,1000.0,16.8,S
2021-07-08T10:08:58,6300.0,16.8,S
2021-07-08T10:08:57,40000.0,16.8,S
2021-07-08T10:08:50,51000.0,16.8,S
2021-07-08T10:08:46,54200.0,16.8,S
2021-07-08T10:08:46,500.0,16.8,S
2021-07-08T10:08:46,6000.0,16.8,S
2021-07-08T10:08:46,600.0,16.8,S
2021-07-08T10:08:46,3400.0,16.8,S
2021-07-08T10:08:46,10100.0,16.8,S
2021-07-08T10:08:46,10000.0,16.8,S
2021-07-08T10:08:46,15200.0,16.8,S
2021-07-08T10:08:37,1300.0,16.85,S
2021-07-08T10:07:45,400.0,16.85,S
2021-07-08T10:07:44,8500.0,16.85,B
2021-07-08T10:07:22,500.0,16.8,S
2021-07-08T10:07:21,1000.0,16.85,B
2021-07-08T10:07:04,100.0,16.85,B
2021-07-08T10:06:50,20000.0,16.85,B
2021-07-08T10:06:48,200.0,16.8,S
2021-07-08T10:06:26,15400.0,16.85,S
2021-07-08T10:06:15,200.0,16.85,S
2021-07-08T10:06:12,20000.0,16.85,S
2021-07-08T10:06:09,1300.0,16.85,S
2021-07-08T10:06:04,1000.0,16.85,S
2021-07-08T10:05:57,31000.0,16.85,S
2021-07-08T10:05:48,30000.0,16.85,S
2021-07-08T10:05:40,40000.0,16.85,S
2021-07-08T10:05:38,1300.0,16.85,S
2021-07-08T10:05:19,20000.0,16.9,B
2021-07-08T10:05:15,2000.0,16.85,S
2021-07-08T10:04:59,10000.0,16.9,B
2021-07-08T10:04:04,500.0,16.9,B
2021-07-08T10:03:44,10000.0,16.9,B
2021-07-08T10:03:42,200.0,16.9,B
2021-07-08T10:03:36,200.0,16.9,B
2021-07-08T10:03:33,5200.0,16.9,S
2021-07-08T10:03:25,1300.0,16.9,S
2021-07-08T10:03:22,20000.0,16.9,S
2021-07-08T10:03:15,10000.0,16.9,S
2021-07-08T10:03:15,20000.0,16.9,S
2021-07-08T10:02:29,7800.0,16.95,S
2021-07-08T10:01:44,500.0,17.0,B
2021-07-08T10:01:27,200.0,16.95,S
2021-07-08T10:01:21,14100.0,16.95,B
2021-07-08T10:00:51,25900.0,16.95,S
2021-07-08T10:00:31,30000.0,16.95,S
2021-07-08T10:00:26,300.0,17.0,B
2021-07-08T10:00:10,2000.0,17.0,B
2021-07-08T09:59:56,200.0,17.0,S
2021-07-08T09:59:56,1200.0,17.0,S
2021-07-08T09:59:56,7800.0,17.0,S
2021-07-08T09:59:51,100.0,17.0,S
2021-07-08T09:59:49,50000.0,17.0,S
2021-07-08T09:59:45,30000.0,17.0,S
2021-07-08T09:59:25,19700.0,17.05,S
2021-07-08T09:59:21,100.0,17.05,S
2021-07-08T09:59:18,5000.0,17.05,S
2021-07-08T09:59:16,100.0,17.1,B
2021-07-08T09:59:07,1000.0,17.05,S
2021-07-08T09:58:43,5000.0,17.05,S
2021-07-08T09:58:29,5000.0,17.05,S
2021-07-08T09:58:24,4200.0,17.05,B
2021-07-08T09:58:20,1800.0,17.05,B
2021-07-08T09:58:13,35000.0,17.05,B
2021-07-08T09:58:10,200.0,17.05,B
2021-07-08T09:57:58,1000.0,17.05,B
2021-07-08T09:57:56,1000.0,17.0,S
2021-07-08T09:57:47,500.0,17.05,B
2021-07-08T09:57:06,300.0,17.0,S
2021-07-08T09:56:55,3000.0,17.0,S
2021-07-08T09:56:54,5000.0,17.0,S
2021-07-08T09:56:53,200.0,17.0,B
2021-07-08T09:56:53,4400.0,17.0,B
2021-07-08T09:56:39,1200.0,17.0,S
2021-07-08T09:56:39,900.0,17.0,S
2021-07-08T09:56:15,100.0,17.0,B
2021-07-08T09:56:12,500.0,17.0,S
2021-07-08T09:56:08,100.0,17.0,S
2021-07-08T09:55:56,1400.0,17.0,B
2021-07-08T09:55:55,3600.0,17.0,S
2021-07-08T09:55:47,1000.0,17.0,S
2021-07-08T09:55:20,8800.0,17.0,B
2021-07-08T09:55:04,500.0,17.0,B
2021-07-08T09:54:59,500.0,17.0,B
2021-07-08T09:54:59,1700.0,16.95,S
2021-07-08T09:54:57,29500.0,16.95,S
2021-07-08T09:54:57,20500.0,16.95,S
2021-07-08T09:54:50,700.0,17.0,B
2021-07-08T09:54:36,3000.0,17.0,B
2021-07-08T09:54:30,2000.0,17.0,B
2021-07-08T09:54:23,2300.0,17.0,B
2021-07-08T09:54:14,23400.0,17.0,S
2021-07-08T09:53:28,100.0,17.05,B
2021-07-08T09:53:28,42400.0,17.05,S
2021-07-08T09:53:16,300.0,17.1,B
2021-07-08T09:53:14,2200.0,17.1,B
2021-07-08T09:53:05,2000.0,17.1,B
2021-07-08T09:52:54,3000.0,17.1,S
2021-07-08T09:52:31,45000.0,17.1,B
2021-07-08T09:52:08,10000.0,17.1,B
2021-07-08T09:52:05,20000.0,17.1,B
2021-07-08T09:52:05,1000.0,17.1,B
2021-07-08T09:51:55,2300.0,17.1,B
2021-07-08T09:51:47,2600.0,17.1,B
2021-07-08T09:51:42,15000.0,17.1,B
2021-07-08T09:51:23,50000.0,17.1,B
2021-07-08T09:51:17,3000.0,17.1,B
2021-07-08T09:51:05,10000.0,17.1,B
2021-07-08T09:50:40,15200.0,17.1,B
2021-07-08T09:50:35,5000.0,17.05,S
2021-07-08T09:50:11,20000.0,17.05,S
2021-07-08T09:49:54,500.0,17.05,S
2021-07-08T09:49:54,1500.0,17.1,B
2021-07-08T09:49:50,1000.0,17.05,S
2021-07-08T09:49:49,8100.0,17.05,S
2021-07-08T09:49:36,5000.0,17.05,B
2021-07-08T09:49:30,9700.0,17.05,S
2021-07-08T09:49:22,40300.0,17.05,B
2021-07-08T09:49:00,3000.0,17.05,B
2021-07-08T09:48:53,500.0,17.05,B
2021-07-08T09:48:48,500.0,17.05,B
2021-07-08T09:48:36,2400.0,17.05,B
2021-07-08T09:48:26,100.0,17.0,S
2021-07-08T09:48:18,19300.0,17.0,B
2021-07-08T09:48:16,5000.0,17.0,S
2021-07-08T09:47:53,5800.0,17.0,B
2021-07-08T09:47:52,600.0,17.0,B
2021-07-08T09:47:42,20000.0,17.0,B
2021-07-08T09:47:42,10900.0,17.0,B
2021-07-08T09:47:40,35000.0,17.0,B
2021-07-08T09:47:39,12500.0,17.0,B
2021-07-08T09:47:33,5000.0,17.0,B
2021-07-08T09:47:33,5000.0,17.0,B
2021-07-08T09:47:28,10000.0,17.0,B
2021-07-08T09:47:19,5000.0,17.0,B
2021-07-08T09:47:16,3000.0,17.0,B
2021-07-08T09:46:56,5000.0,17.0,B
2021-07-08T09:46:36,4200.0,16.95,B
2021-07-08T09:46:12,5000.0,16.95,B
2021-07-08T09:46:07,3300.0,16.95,S
2021-07-08T09:46:06,46700.0,16.95,B
2021-07-08T09:45:46,900.0,16.95,B
2021-07-08T09:45:45,100.0,16.9,S
2021-07-08T09:45:41,300.0,16.95,B
2021-07-08T09:45:38,50000.0,16.95,B
2021-07-08T09:45:23,50000.0,16.95,B
2021-07-08T09:45:17,10000.0,16.95,B
2021-07-08T09:45:16,21000.0,16.95,B
2021-07-08T09:45:08,8100.0,16.95,B
2021-07-08T09:45:05,15000.0,16.95,B
2021-07-08T09:44:54,12400.0,16.95,B
2021-07-08T09:44:51,50000.0,16.95,B
2021-07-08T09:44:41,200.0,16.9,S
2021-07-08T09:44:29,500.0,16.95,B
2021-07-08T09:44:13,17900.0,16.9,B
2021-07-08T09:44:12,100.0,16.9,B
2021-07-08T09:44:08,200.0,16.9,B
2021-07-08T09:43:54,31800.0,16.9,S
2021-07-08T09:43:30,25000.0,16.9,B
2021-07-08T09:43:25,5000.0,16.9,S
2021-07-08T09:43:22,5000.0,16.9,S
2021-07-08T09:43:06,20000.0,16.9,S
2021-07-08T09:42:59,18200.0,16.85,S
2021-07-08T09:42:59,11800.0,16.9,S
2021-07-08T09:42:46,39000.0,16.9,B
2021-07-08T09:42:40,4700.0,16.85,S
2021-07-08T09:42:22,100.0,16.85,B
2021-07-08T09:42:08,10000.0,16.85,B
2021-07-08T09:42:03,3400.0,16.8,S
2021-07-08T09:42:03,2600.0,16.8,S
2021-07-08T09:42:03,3200.0,16.8,S
2021-07-08T09:42:03,100.0,16.8,S
2021-07-08T09:42:02,20000.0,16.85,B
2021-07-08T09:41:44,47200.0,16.85,S
2021-07-08T09:41:42,2900.0,16.9,B
2021-07-08T09:41:38,40000.0,16.85,S
2021-07-08T09:41:25,10000.0,16.9,B
2021-07-08T09:41:22,1000.0,16.9,B
2021-07-08T09:41:14,9500.0,16.9,B
2021-07-08T09:40:55,1000.0,16.9,B
2021-07-08T09:40:10,100.0,16.9,B
2021-07-08T09:40:06,500.0,16.85,B
2021-07-08T09:40:03,5000.0,16.85,B
2021-07-08T09:39:45,4500.0,16.85,S
2021-07-08T09:39:35,6500.0,16.85,S
2021-07-08T09:39:35,36100.0,16.85,S
2021-07-08T09:39:35,2200.0,16.85,S
2021-07-08T09:39:35,5200.0,16.85,S
2021-07-08T09:39:25,100.0,16.9,B
2021-07-08T09:39:07,800.0,16.9,B
2021-07-08T09:39:01,10000.0,16.9,B
2021-07-08T09:38:53,2900.0,16.9,S
2021-07-08T09:38:53,7100.0,16.9,B
2021-07-08T09:38:51,500.0,16.9,B
2021-07-08T09:38:50,10000.0,16.9,B
2021-07-08T09:38:47,10000.0,16.9,B
2021-07-08T09:38:47,2400.0,16.9,S
2021-07-08T09:38:45,100.0,16.9,S
2021-07-08T09:38:39,40000.0,16.85,S
2021-07-08T09:38:39,17300.0,16.9,B
2021-07-08T09:38:09,7700.0,16.9,B
2021-07-08T09:37:55,20000.0,16.9,S
2021-07-08T09:37:47,31000.0,16.9,S
2021-07-08T09:37:32,5000.0,16.9,S
2021-07-08T09:37:17,6400.0,16.85,S
2021-07-08T09:37:13,13600.0,16.9,S
2021-07-08T09:37:04,36700.0,16.9,B
2021-07-08T09:37:02,4000.0,16.85,S
2021-07-08T09:37:02,32700.0,16.85,S
2021-07-08T09:36:57,10000.0,16.9,B
2021-07-08T09:36:52,5000.0,16.9,B
2021-07-08T09:36:20,1800.0,16.9,S
2021-07-08T09:36:11,20000.0,16.9,S
2021-07-08T09:36:05,29200.0,16.9,B
2021-07-08T09:36:04,2800.0,16.85,S
2021-07-08T09:36:01,200.0,16.9,B
2021-07-08T09:36:01,20000.0,16.85,S
2021-07-08T09:35:37,700.0,16.9,B
2021-07-08T09:35:37,1000.0,16.85,S
2021-07-08T09:35:35,700.0,16.9,B
2021-07-08T09:35:17,100.0,16.9,B
2021-07-08T09:35:08,5000.0,16.85,S
2021-07-08T09:35:00,1900.0,16.95,B
2021-07-08T09:35:00,50000.0,16.9,B
2021-07-08T09:35:00,6100.0,16.9,B
2021-07-08T09:34:26,100.0,16.85,B
2021-07-08T09:34:26,1300.0,16.85,B
2021-07-08T09:34:21,10000.0,16.85,B
2021-07-08T09:33:55,20000.0,16.85,B
2021-07-08T09:33:53,100.0,16.85,B
2021-07-08T09:33:53,2700.0,16.85,B
2021-07-08T09:33:45,5900.0,16.85,S
2021-07-08T09:33:31,7400.0,16.9,B
2021-07-08T09:33:31,42600.0,16.9,B
2021-07-08T09:33:11,500.0,16.85,S
2021-07-08T09:33:11,9400.0,16.85,B
2021-07-08T09:32:58,1000.0,16.85,B
2021-07-08T09:32:54,1000.0,16.85,B
2021-07-08T09:32:52,1000.0,16.85,B
2021-07-08T09:32:36,10000.0,16.85,B
2021-07-08T09:32:16,300.0,16.85,B
2021-07-08T09:31:55,1000.0,16.85,B
2021-07-08T09:31:48,5000.0,16.85,B
2021-07-08T09:31:47,10000.0,16.8,S
2021-07-08T09:31:44,5000.0,16.85,B
2021-07-08T09:31:08,21100.0,16.8,B
2021-07-08T09:30:57,1000.0,16.8,B
2021-07-08T09:30:44,7900.0,16.8,S
2021-07-08T09:30:17,13600.0,16.8,B
2021-07-08T09:30:09,2500.0,16.8,B
2021-07-08T09:29:50,20000.0,16.8,B
2021-07-08T09:29:22,2000.0,16.8,B
2021-07-08T09:29:05,400.0,16.75,S
2021-07-08T09:28:20,200.0,16.8,B
2021-07-08T09:28:05,500.0,16.8,B
2021-07-08T09:27:49,100.0,16.8,B
2021-07-08T09:27:46,1000.0,16.8,B
2021-07-08T09:27:40,30000.0,16.8,B
2021-07-08T09:27:38,100.0,16.8,B
2021-07-08T09:27:05,1700.0,16.8,B
2021-07-08T09:26:46,100.0,16.7,S
2021-07-08T09:26:01,11000.0,16.8,B
2021-07-08T09:25:35,500.0,16.7,S
2021-07-08T09:25:35,5000.0,16.7,S
2021-07-08T09:25:35,26000.0,16.7,S
2021-07-08T09:25:35,8100.0,16.7,S
2021-07-08T09:25:35,1000.0,16.7,S
2021-07-08T09:25:35,900.0,16.7,S
2021-07-08T09:25:35,200.0,16.7,S
2021-07-08T09:25:35,16200.0,16.75,S
2021-07-08T09:25:35,5000.0,16.75,S
2021-07-08T09:25:35,10400.0,16.8,S
2021-07-08T09:25:35,1000.0,16.8,S
2021-07-08T09:25:35,1200.0,16.8,S
2021-07-08T09:25:35,2400.0,16.8,S
2021-07-08T09:25:35,1700.0,16.8,S
2021-07-08T09:25:35,300.0,16.8,S
2021-07-08T09:25:35,2100.0,16.8,S
2021-07-08T09:25:15,20000.0,16.9,B
2021-07-08T09:24:43,1500.0,16.9,B
2021-07-08T09:24:26,1000.0,16.9,B
2021-07-08T09:24:10,5500.0,16.9,B
2021-07-08T09:24:09,7300.0,16.9,S
2021-07-08T09:23:58,30000.0,16.9,S
2021-07-08T09:23:50,400.0,16.95,B
2021-07-08T09:23:36,7500.0,16.95,B
2021-07-08T09:23:24,5000.0,16.95,B
2021-07-08T09:22:34,1200.0,16.9,B
2021-07-08T09:22:34,2500.0,16.9,B
2021-07-08T09:22:33,200.0,16.9,B
2021-07-08T09:22:21,1000.0,16.9,B
2021-07-08T09:22:17,3000.0,16.9,B
2021-07-08T09:22:15,3300.0,16.9,S
2021-07-08T09:21:58,10000.0,16.95,B
2021-07-08T09:21:35,500.0,16.8,S
2021-07-08T09:21:26,1200.0,16.95,B
2021-07-08T09:21:23,19700.0,16.95,B
2021-07-08T09:20:58,20000.0,16.95,B
2021-07-08T09:20:21,7200.0,16.8,S
2021-07-08T09:20:09,1000.0,16.9,B
2021-07-08T09:20:09,30000.0,16.9,B
2021-07-08T09:19:47,5000.0,16.9,B
2021-07-08T09:19:33,12700.0,16.9,B
2021-07-08T09:19:33,37300.0,16.9,B
2021-07-08T09:19:13,5900.0,16.8,B
2021-07-08T09:19:08,200.0,16.8,B
2021-07-08T09:19:01,400.0,16.8,B
2021-07-08T09:18:56,500.0,16.8,B
2021-07-08T09:18:56,1000.0,16.75,S
2021-07-08T09:17:33,400.0,16.7,S
2021-07-08T09:17:30,20500.0,16.7,S
2021-07-08T09:17:30,200.0,16.7,S
2021-07-08T09:17:30,3600.0,16.75,S
2021-07-08T09:17:30,700.0,16.8,S
2021-07-08T09:17:21,300.0,16.8,B
2021-07-08T09:17:19,100.0,16.8,B
2021-07-08T09:17:19,2000.0,16.8,S
2021-07-08T09:17:18,600.0,16.8,S
2021-07-08T09:17:11,100.0,16.8,S
2021-07-08T09:17:11,100.0,16.8,S
2021-07-08T09:16:55,3000.0,16.8,S
2021-07-08T09:16:54,2300.0,16.8,S
2021-07-08T09:16:54,200.0,16.8,S
2021-07-08T09:16:51,1500.0,16.8,S
2021-07-08T09:16:48,300.0,16.8,S
2021-07-08T09:16:29,29400.0,16.8,S
2021-07-08T09:16:29,600.0,16.8,S
2021-07-08T09:16:21,10000.0,16.9,B
2021-07-08T09:16:14,3000.0,16.9,B
2021-07-08T09:16:12,12500.0,16.9,B
2021-07-08T09:16:10,200.0,16.9,B
2021-07-08T09:16:03,1100.0,16.9,S
2021-07-08T09:16:01,12000.0,16.95,B
2021-07-08T09:16:00,6000.0,16.9,S
2021-07-08T09:15:45,100.0,16.9,S
2021-07-08T09:15:32,2000.0,16.9,S
2021-07-08T09:15:15,3000.0,16.9,S
2021-07-08T09:15:14,1200.0,16.95,B
