tradingTime,volume,price,side
2021-07-08T14:29:34,1500.0,34.75,S
2021-07-08T14:29:25,3000.0,34.85,B
2021-07-08T14:29:03,1300.0,34.75,S
2021-07-08T14:28:59,3300.0,34.8,B
2021-07-08T14:28:54,1000.0,34.8,B
2021-07-08T14:28:24,700.0,34.8,S
2021-07-08T14:27:53,4300.0,34.8,S
2021-07-08T14:27:11,7000.0,34.8,B
2021-07-08T14:26:52,1000.0,34.7,S
2021-07-08T14:26:30,100.0,34.75,S
2021-07-08T14:26:08,3000.0,34.8,B
2021-07-08T14:25:57,400.0,34.8,B
2021-07-08T14:25:55,600.0,34.8,S
2021-07-08T14:25:55,600.0,34.8,S
2021-07-08T14:25:33,1500.0,34.8,S
2021-07-08T14:25:33,2600.0,34.8,S
2021-07-08T14:25:33,300.0,34.85,S
2021-07-08T14:25:33,600.0,34.85,S
2021-07-08T14:25:00,4000.0,34.95,B
2021-07-08T14:25:00,4000.0,34.95,B
2021-07-08T14:24:37,7000.0,34.9,B
2021-07-08T14:24:14,8000.0,34.9,B
2021-07-08T14:24:03,2000.0,34.9,B
2021-07-08T14:23:50,100.0,34.85,S
2021-07-08T14:23:42,8500.0,34.85,S
2021-07-08T14:23:42,1500.0,34.85,S
2021-07-08T14:23:34,200.0,34.9,B
2021-07-08T14:23:02,3000.0,34.85,S
2021-07-08T14:21:48,200.0,34.9,B
2021-07-08T14:20:59,500.0,34.85,S
2021-07-08T14:20:45,100.0,34.9,B
2021-07-08T14:19:58,100.0,34.9,B
2021-07-08T14:19:38,100.0,34.9,B
2021-07-08T14:19:37,500.0,34.9,B
2021-07-08T14:19:27,900.0,34.9,B
2021-07-08T14:19:17,1000.0,34.9,B
2021-07-08T14:19:05,200.0,34.9,B
2021-07-08T14:18:17,2200.0,34.9,B
2021-07-08T14:18:17,2100.0,34.9,B
2021-07-08T14:18:17,100.0,34.85,B
2021-07-08T14:18:16,200.0,34.85,B
2021-07-08T14:17:18,500.0,34.85,B
2021-07-08T14:17:08,200.0,34.9,B
2021-07-08T14:17:06,500.0,34.8,S
2021-07-08T14:16:59,1000.0,34.9,B
2021-07-08T14:16:42,2000.0,34.9,B
2021-07-08T14:16:29,500.0,34.9,B
2021-07-08T14:15:34,2000.0,34.9,B
2021-07-08T14:15:18,2200.0,34.8,B
2021-07-08T14:15:10,700.0,34.8,B
2021-07-08T14:15:10,2900.0,34.8,B
2021-07-08T14:15:08,200.0,34.8,B
2021-07-08T14:15:02,100.0,34.75,B
2021-07-08T14:15:00,2000.0,34.7,S
2021-07-08T14:14:29,1400.0,34.7,B
2021-07-08T14:14:28,2000.0,34.7,B
2021-07-08T14:14:15,200.0,34.7,B
2021-07-08T14:13:54,3000.0,34.7,B
2021-07-08T14:13:41,1000.0,34.7,B
2021-07-08T14:13:15,200.0,34.6,B
2021-07-08T14:13:00,200.0,34.5,B
2021-07-08T14:12:55,5000.0,34.5,B
2021-07-08T14:12:49,1000.0,34.5,B
2021-07-08T14:12:47,100.0,34.5,B
2021-07-08T14:12:39,3000.0,34.5,B
2021-07-08T14:11:58,2000.0,34.5,B
2021-07-08T14:11:24,500.0,34.45,S
2021-07-08T14:11:19,1000.0,34.5,B
2021-07-08T14:11:04,3000.0,34.45,S
2021-07-08T14:10:34,3000.0,34.45,B
2021-07-08T14:10:24,1900.0,34.45,S
2021-07-08T14:10:07,100.0,34.45,B
2021-07-08T14:10:07,2000.0,34.45,B
2021-07-08T14:09:53,1000.0,34.45,B
2021-07-08T14:09:34,300.0,34.4,S
2021-07-08T14:09:10,1000.0,34.5,B
2021-07-08T14:08:48,1100.0,34.5,S
2021-07-08T14:08:46,1000.0,34.5,S
2021-07-08T14:08:25,200.0,34.55,B
2021-07-08T14:08:21,2000.0,34.5,S
2021-07-08T14:08:21,1000.0,34.5,S
2021-07-08T14:07:53,1100.0,34.5,S
2021-07-08T14:07:53,2400.0,34.5,S
2021-07-08T14:07:53,200.0,34.5,S
2021-07-08T14:07:53,500.0,34.5,S
2021-07-08T14:07:53,15800.0,34.5,S
2021-07-08T14:07:22,1400.0,34.55,S
2021-07-08T14:07:06,200.0,34.55,S
2021-07-08T14:07:06,800.0,34.55,S
2021-07-08T14:06:40,2000.0,34.55,S
2021-07-08T14:05:48,400.0,34.55,S
2021-07-08T14:05:48,2300.0,34.55,S
2021-07-08T14:05:48,100.0,34.6,S
2021-07-08T14:05:48,4200.0,34.6,S
2021-07-08T14:05:30,100.0,34.65,S
2021-07-08T14:04:20,1500.0,34.65,S
2021-07-08T14:04:00,3000.0,34.65,S
2021-07-08T14:03:50,700.0,34.65,S
2021-07-08T14:03:36,3700.0,34.65,S
2021-07-08T14:02:58,1500.0,34.7,S
2021-07-08T14:02:58,100.0,34.7,S
2021-07-08T14:02:58,400.0,34.7,S
2021-07-08T14:02:53,1000.0,34.7,S
2021-07-08T14:01:50,300.0,34.75,B
2021-07-08T14:01:29,100.0,34.7,S
2021-07-08T14:00:49,2200.0,34.7,S
2021-07-08T14:00:49,7800.0,34.7,S
2021-07-08T14:00:39,800.0,34.75,S
2021-07-08T14:00:10,2000.0,34.75,S
2021-07-08T14:00:09,2000.0,34.75,S
2021-07-08T14:00:05,700.0,34.75,S
2021-07-08T14:00:01,100.0,34.75,S
2021-07-08T13:59:21,500.0,34.8,B
2021-07-08T13:59:17,2400.0,34.8,B
2021-07-08T13:59:16,100.0,34.75,S
2021-07-08T13:58:31,1700.0,34.8,B
2021-07-08T13:58:17,100.0,34.8,B
2021-07-08T13:57:33,200.0,34.8,S
2021-07-08T13:56:50,200.0,34.75,S
2021-07-08T13:56:18,100.0,34.75,S
2021-07-08T13:55:51,1500.0,34.8,S
2021-07-08T13:55:40,500.0,34.9,B
2021-07-08T13:54:56,100.0,34.75,S
2021-07-08T13:54:26,100.0,34.7,S
2021-07-08T13:53:58,100.0,34.7,S
2021-07-08T13:53:24,100.0,34.8,B
2021-07-08T13:53:17,2000.0,34.8,B
2021-07-08T13:53:12,100.0,34.8,B
2021-07-08T13:52:27,100.0,34.7,S
2021-07-08T13:52:27,100.0,34.7,S
2021-07-08T13:51:55,1300.0,34.75,S
2021-07-08T13:50:40,100.0,34.9,B
2021-07-08T13:49:51,500.0,34.9,B
2021-07-08T13:49:06,4000.0,34.9,S
2021-07-08T13:48:59,1000.0,34.95,B
2021-07-08T13:48:54,500.0,34.9,S
2021-07-08T13:48:51,300.0,34.9,S
2021-07-08T13:48:43,100.0,34.95,B
2021-07-08T13:48:33,1000.0,34.9,S
2021-07-08T13:48:10,200.0,34.95,S
2021-07-08T13:47:44,5000.0,35.0,B
2021-07-08T13:47:38,500.0,35.0,B
2021-07-08T13:47:25,1000.0,35.0,B
2021-07-08T13:47:22,200.0,35.0,B
2021-07-08T13:47:05,400.0,35.0,B
2021-07-08T13:47:05,3500.0,34.95,B
2021-07-08T13:47:05,4100.0,34.95,B
2021-07-08T13:46:58,300.0,34.95,B
2021-07-08T13:46:34,5000.0,34.95,B
2021-07-08T13:46:11,5700.0,34.95,B
2021-07-08T13:46:11,300.0,34.9,B
2021-07-08T13:46:11,2000.0,34.9,B
2021-07-08T13:46:05,100.0,34.9,B
2021-07-08T13:45:53,500.0,34.9,B
2021-07-08T13:45:08,100.0,34.9,B
2021-07-08T13:44:48,3000.0,34.9,B
2021-07-08T13:44:45,300.0,34.7,S
2021-07-08T13:42:33,100.0,34.55,S
2021-07-08T13:42:27,5000.0,34.9,B
2021-07-08T13:41:58,200.0,34.55,S
2021-07-08T13:41:58,1000.0,34.85,B
2021-07-08T13:41:44,1000.0,34.5,S
2021-07-08T13:41:34,100.0,34.85,B
2021-07-08T13:41:17,100.0,34.85,B
2021-07-08T13:40:29,300.0,34.9,B
2021-07-08T13:40:24,100.0,34.9,B
2021-07-08T13:40:23,1000.0,34.5,S
2021-07-08T13:40:20,500.0,34.9,B
2021-07-08T13:39:33,4000.0,34.2,S
2021-07-08T13:39:15,600.0,34.9,B
2021-07-08T13:39:15,100.0,34.5,B
2021-07-08T13:39:15,300.0,34.5,B
2021-07-08T13:39:07,500.0,34.5,B
2021-07-08T13:38:56,400.0,34.5,B
2021-07-08T13:38:56,100.0,34.4,B
2021-07-08T13:38:45,5000.0,34.2,S
2021-07-08T13:38:40,100.0,34.2,S
2021-07-08T13:38:19,2300.0,34.5,B
2021-07-08T13:38:11,1000.0,34.0,S
2021-07-08T13:38:11,1900.0,34.0,S
2021-07-08T13:38:11,200.0,34.0,S
2021-07-08T13:38:11,1700.0,34.0,S
2021-07-08T13:38:11,200.0,34.1,S
2021-07-08T13:38:11,1200.0,34.1,S
2021-07-08T13:38:11,3300.0,34.1,S
2021-07-08T13:38:11,200.0,34.15,S
2021-07-08T13:38:11,300.0,34.15,S
2021-07-08T13:38:11,2700.0,34.15,S
2021-07-08T13:38:11,100.0,34.15,S
2021-07-08T13:38:11,100.0,34.15,S
2021-07-08T13:38:11,1200.0,34.15,S
2021-07-08T13:38:11,100.0,34.15,S
2021-07-08T13:38:11,500.0,34.15,S
2021-07-08T13:38:11,1500.0,34.2,S
2021-07-08T13:38:11,3800.0,34.2,S
2021-07-08T13:37:44,3200.0,34.2,S
2021-07-08T13:37:18,1000.0,34.2,S
2021-07-08T13:36:28,300.0,34.2,B
2021-07-08T13:36:25,300.0,34.2,S
2021-07-08T13:36:25,500.0,34.2,S
2021-07-08T13:36:25,2200.0,34.2,S
2021-07-08T13:36:25,100.0,34.2,S
2021-07-08T13:36:25,1600.0,34.25,S
2021-07-08T13:36:05,300.0,34.25,B
2021-07-08T13:35:59,1300.0,34.2,S
2021-07-08T13:35:43,5000.0,34.25,B
2021-07-08T13:35:14,600.0,34.2,S
2021-07-08T13:35:14,400.0,34.2,S
2021-07-08T13:35:12,800.0,34.2,S
2021-07-08T13:35:04,100.0,34.25,B
2021-07-08T13:35:03,400.0,34.2,S
2021-07-08T13:34:59,500.0,34.25,B
2021-07-08T13:34:59,6200.0,34.25,S
2021-07-08T13:34:45,1000.0,34.25,S
2021-07-08T13:34:32,500.0,34.5,B
2021-07-08T13:34:14,100.0,34.25,S
2021-07-08T13:33:42,100.0,34.25,S
2021-07-08T13:33:16,1000.0,34.2,S
2021-07-08T13:33:16,200.0,34.25,S
2021-07-08T13:33:16,100.0,34.25,S
2021-07-08T13:33:16,200.0,34.3,S
2021-07-08T13:33:16,600.0,34.3,S
2021-07-08T13:33:16,1100.0,34.3,S
2021-07-08T13:33:16,6100.0,34.5,S
2021-07-08T13:33:16,300.0,34.5,S
2021-07-08T13:33:16,2700.0,34.5,S
2021-07-08T13:33:16,2700.0,34.5,S
2021-07-08T13:32:53,3500.0,34.5,S
2021-07-08T13:32:53,1500.0,34.5,S
2021-07-08T13:32:53,200.0,34.5,S
2021-07-08T13:32:53,100.0,34.55,S
2021-07-08T13:32:50,100.0,34.6,B
2021-07-08T13:32:42,100.0,34.6,B
2021-07-08T13:32:35,1600.0,34.6,S
2021-07-08T13:32:31,1000.0,34.6,S
2021-07-08T13:32:25,1000.0,34.7,B
2021-07-08T13:31:19,500.0,34.7,S
2021-07-08T13:31:19,2500.0,34.7,S
2021-07-08T13:31:19,300.0,34.7,S
2021-07-08T13:31:18,2900.0,34.75,S
2021-07-08T13:31:18,200.0,34.75,S
2021-07-08T13:31:18,400.0,34.8,S
2021-07-08T13:31:18,1200.0,34.8,S
2021-07-08T13:31:18,5700.0,34.8,S
2021-07-08T13:31:11,4000.0,34.85,S
2021-07-08T13:31:07,3000.0,34.85,S
2021-07-08T13:31:01,200.0,34.85,S
2021-07-08T13:30:54,400.0,34.85,S
2021-07-08T13:30:54,100.0,34.85,S
2021-07-08T13:30:54,1300.0,34.85,S
2021-07-08T13:30:44,300.0,34.85,S
2021-07-08T13:30:32,300.0,34.85,S
2021-07-08T13:30:23,100.0,34.85,S
2021-07-08T13:30:22,100.0,34.85,S
2021-07-08T13:30:06,200.0,34.85,S
2021-07-08T13:30:04,500.0,34.85,S
2021-07-08T13:28:00,1100.0,34.85,B
2021-07-08T13:27:29,400.0,34.8,S
2021-07-08T13:27:20,400.0,34.8,S
2021-07-08T13:26:32,100.0,34.8,S
2021-07-08T13:26:02,600.0,34.8,S
2021-07-08T13:25:11,4600.0,34.85,S
2021-07-08T13:24:25,1000.0,34.85,S
2021-07-08T13:22:39,10000.0,34.85,S
2021-07-08T13:21:36,1100.0,34.95,B
2021-07-08T13:20:08,200.0,34.9,S
2021-07-08T13:19:19,400.0,34.9,B
2021-07-08T13:19:09,9600.0,34.9,S
2021-07-08T13:18:44,3900.0,34.95,S
2021-07-08T13:18:34,800.0,35.0,B
2021-07-08T13:17:53,100.0,34.95,S
2021-07-08T13:17:34,1500.0,34.95,S
2021-07-08T13:16:24,200.0,34.95,S
2021-07-08T13:15:39,1200.0,34.95,S
2021-07-08T13:14:55,1300.0,35.0,S
2021-07-08T13:14:25,2600.0,35.05,B
2021-07-08T13:14:20,100.0,35.0,S
2021-07-08T13:14:02,300.0,35.0,S
2021-07-08T13:13:38,400.0,35.0,S
2021-07-08T13:12:57,100.0,35.0,S
2021-07-08T13:11:55,1000.0,35.0,S
2021-07-08T13:11:21,500.0,35.05,S
2021-07-08T13:11:21,3000.0,35.05,S
2021-07-08T13:10:18,5000.0,35.05,S
2021-07-08T13:10:11,500.0,35.05,S
2021-07-08T13:09:36,1000.0,35.05,S
2021-07-08T13:08:16,100.0,35.1,B
2021-07-08T13:08:04,2700.0,35.1,B
2021-07-08T13:08:04,100.0,35.1,B
2021-07-08T13:07:07,1200.0,35.1,B
2021-07-08T13:06:57,10000.0,35.0,S
2021-07-08T13:06:24,1300.0,35.0,S
2021-07-08T13:06:22,100.0,35.0,S
2021-07-08T13:06:09,700.0,35.0,S
2021-07-08T13:06:09,500.0,35.05,S
2021-07-08T13:06:09,1800.0,35.05,S
2021-07-08T13:04:47,300.0,35.1,B
2021-07-08T13:03:22,400.0,35.1,S
2021-07-08T13:02:24,100.0,35.1,S
2021-07-08T13:01:24,2000.0,35.1,S
2021-07-08T13:00:24,100.0,35.05,S
2021-07-08T13:00:16,800.0,35.05,S
2021-07-08T13:00:16,500.0,35.15,B
2021-07-08T13:00:14,500.0,35.05,S
2021-07-08T13:00:04,1000.0,35.1,S
2021-07-08T13:00:03,300.0,35.1,B
2021-07-08T13:00:03,400.0,35.1,B
2021-07-08T13:00:03,1500.0,35.1,B
2021-07-08T13:00:03,2300.0,35.1,B
2021-07-08T13:00:03,2100.0,35.05,B
2021-07-08T11:29:56,1000.0,35.05,B
2021-07-08T11:29:42,1100.0,35.0,B
2021-07-08T11:28:25,3900.0,35.0,S
2021-07-08T11:28:14,1100.0,35.0,S
2021-07-08T11:28:11,1700.0,34.9,S
2021-07-08T11:27:52,500.0,35.0,S
2021-07-08T11:27:52,2100.0,35.0,S
2021-07-08T11:27:52,700.0,35.0,S
2021-07-08T11:27:52,2800.0,35.0,S
2021-07-08T11:24:58,900.0,35.0,S
2021-07-08T11:24:51,2400.0,35.05,S
2021-07-08T11:24:33,4000.0,35.05,S
2021-07-08T11:24:11,700.0,35.05,B
2021-07-08T11:24:08,1200.0,35.05,B
2021-07-08T11:24:07,300.0,35.05,B
2021-07-08T11:23:53,800.0,35.05,B
2021-07-08T11:23:53,200.0,35.05,B
2021-07-08T11:23:39,100.0,35.05,B
2021-07-08T11:22:43,2000.0,35.05,B
2021-07-08T11:21:50,900.0,35.0,B
2021-07-08T11:21:46,2000.0,35.0,B
2021-07-08T11:21:37,500.0,34.95,S
2021-07-08T11:21:20,700.0,35.0,B
2021-07-08T11:20:08,2500.0,35.0,B
2021-07-08T11:19:22,400.0,35.0,B
2021-07-08T11:18:15,4000.0,35.0,S
2021-07-08T11:15:43,100.0,35.05,B
2021-07-08T11:15:12,100.0,35.0,B
2021-07-08T11:15:12,500.0,35.0,B
2021-07-08T11:15:12,200.0,35.0,B
2021-07-08T11:15:12,5000.0,35.0,B
2021-07-08T11:15:12,100.0,35.0,B
2021-07-08T11:15:12,1400.0,35.0,B
2021-07-08T11:15:12,1500.0,35.0,B
2021-07-08T11:15:12,1100.0,35.0,B
2021-07-08T11:14:38,100.0,34.85,S
2021-07-08T11:12:29,400.0,34.9,S
2021-07-08T11:08:27,5000.0,34.9,B
2021-07-08T11:07:55,1000.0,34.9,B
2021-07-08T11:07:00,500.0,34.9,S
2021-07-08T11:07:00,1000.0,34.9,S
2021-07-08T11:07:00,300.0,34.9,S
2021-07-08T11:06:44,300.0,34.9,S
2021-07-08T11:06:16,300.0,34.9,S
2021-07-08T11:06:06,200.0,34.9,S
2021-07-08T11:06:06,2500.0,34.9,S
2021-07-08T11:06:01,200.0,34.9,S
2021-07-08T11:06:01,300.0,34.9,S
2021-07-08T11:06:01,400.0,34.9,S
2021-07-08T11:06:01,3100.0,34.9,S
2021-07-08T11:01:00,100.0,35.0,B
2021-07-08T10:57:45,500.0,35.0,B
2021-07-08T10:57:28,5000.0,35.0,B
2021-07-08T10:56:20,200.0,35.0,B
2021-07-08T10:55:39,11000.0,35.0,B
2021-07-08T10:55:39,5000.0,35.0,B
2021-07-08T10:55:13,300.0,35.0,B
2021-07-08T10:54:56,500.0,34.9,S
2021-07-08T10:53:45,500.0,35.0,B
2021-07-08T10:53:25,500.0,35.0,B
2021-07-08T10:52:55,2800.0,35.0,B
2021-07-08T10:52:04,400.0,34.95,S
2021-07-08T10:51:46,100.0,34.95,B
2021-07-08T10:51:43,500.0,34.9,S
2021-07-08T10:51:39,1000.0,34.95,B
2021-07-08T10:51:00,300.0,34.95,S
2021-07-08T10:51:00,3200.0,34.95,S
2021-07-08T10:50:37,1000.0,35.0,B
2021-07-08T10:49:13,1000.0,35.0,B
2021-07-08T10:48:43,3000.0,34.95,S
2021-07-08T10:46:51,200.0,34.95,S
2021-07-08T10:46:04,600.0,34.95,S
2021-07-08T10:46:03,1000.0,35.05,B
2021-07-08T10:45:36,100.0,35.05,B
2021-07-08T10:44:45,100.0,35.05,B
2021-07-08T10:44:41,1000.0,35.05,B
2021-07-08T10:44:30,200.0,35.05,B
2021-07-08T10:44:30,300.0,35.05,B
2021-07-08T10:44:26,1000.0,35.0,S
2021-07-08T10:42:48,300.0,35.05,B
2021-07-08T10:42:46,100.0,35.0,S
2021-07-08T10:42:25,200.0,35.0,S
2021-07-08T10:42:15,200.0,35.0,S
2021-07-08T10:42:07,500.0,35.0,S
2021-07-08T10:42:07,300.0,35.0,B
2021-07-08T10:41:41,1700.0,35.0,S
2021-07-08T10:41:23,7300.0,35.0,B
2021-07-08T10:41:09,3000.0,34.95,S
2021-07-08T10:40:55,200.0,34.95,S
2021-07-08T10:40:45,300.0,34.95,B
2021-07-08T10:40:20,200.0,34.95,S
2021-07-08T10:40:15,300.0,34.95,B
2021-07-08T10:39:55,300.0,34.95,S
2021-07-08T10:39:52,1700.0,35.0,B
2021-07-08T10:39:39,3000.0,34.95,S
2021-07-08T10:39:05,100.0,35.0,B
2021-07-08T10:38:42,500.0,34.95,S
2021-07-08T10:38:32,200.0,34.95,S
2021-07-08T10:37:59,2000.0,35.0,B
2021-07-08T10:37:43,100.0,35.0,B
2021-07-08T10:36:52,400.0,35.0,S
2021-07-08T10:36:52,1500.0,35.0,S
2021-07-08T10:36:40,800.0,35.0,S
2021-07-08T10:34:48,100.0,35.05,B
2021-07-08T10:34:25,300.0,35.05,B
2021-07-08T10:34:17,300.0,35.05,B
2021-07-08T10:34:14,200.0,35.05,B
2021-07-08T10:34:11,2000.0,35.05,B
2021-07-08T10:33:59,1000.0,35.05,S
2021-07-08T10:33:54,2000.0,35.05,S
2021-07-08T10:33:53,700.0,35.1,B
2021-07-08T10:33:00,1000.0,35.0,B
2021-07-08T10:33:00,1900.0,35.0,B
2021-07-08T10:32:23,300.0,35.0,S
2021-07-08T10:31:24,100.0,35.0,S
2021-07-08T10:31:08,500.0,35.0,S
2021-07-08T10:31:08,4200.0,35.0,B
2021-07-08T10:30:58,2000.0,35.0,B
2021-07-08T10:29:53,400.0,35.0,B
2021-07-08T10:29:45,10000.0,35.0,B
2021-07-08T10:29:12,2000.0,34.95,S
2021-07-08T10:28:59,100.0,35.0,B
2021-07-08T10:28:47,200.0,35.0,B
2021-07-08T10:28:08,400.0,35.0,B
2021-07-08T10:28:01,200.0,34.95,B
2021-07-08T10:26:54,300.0,34.95,S
2021-07-08T10:26:06,1000.0,35.0,B
2021-07-08T10:25:16,700.0,35.0,B
2021-07-08T10:25:15,500.0,35.0,B
2021-07-08T10:25:06,100.0,35.0,B
2021-07-08T10:24:54,1000.0,35.0,B
2021-07-08T10:23:34,600.0,35.0,B
2021-07-08T10:23:19,3100.0,35.0,B
2021-07-08T10:22:50,100.0,35.0,B
2021-07-08T10:22:34,300.0,35.0,B
2021-07-08T10:22:30,2400.0,34.95,S
2021-07-08T10:22:30,500.0,34.95,S
2021-07-08T10:22:10,1000.0,35.0,B
2021-07-08T10:21:48,100.0,35.1,S
2021-07-08T10:21:39,3000.0,35.1,S
2021-07-08T10:21:15,100.0,35.1,S
2021-07-08T10:21:10,100.0,35.1,S
2021-07-08T10:21:05,500.0,35.1,S
2021-07-08T10:21:01,500.0,35.1,S
2021-07-08T10:20:27,2900.0,35.1,B
2021-07-08T10:20:27,1200.0,35.1,B
2021-07-08T10:20:25,10000.0,35.1,B
2021-07-08T10:19:56,2200.0,35.0,S
2021-07-08T10:19:45,2000.0,35.0,S
2021-07-08T10:19:31,1000.0,35.0,S
2021-07-08T10:18:21,500.0,35.0,S
2021-07-08T10:17:23,100.0,35.1,B
2021-07-08T10:16:50,100.0,35.1,B
2021-07-08T10:16:16,200.0,35.1,S
2021-07-08T10:16:16,400.0,35.1,S
2021-07-08T10:16:00,1700.0,35.1,S
2021-07-08T10:15:16,1100.0,35.1,B
2021-07-08T10:14:57,200.0,35.1,B
2021-07-08T10:14:51,4000.0,35.1,S
2021-07-08T10:14:31,1000.0,35.2,B
2021-07-08T10:14:30,1000.0,35.2,B
2021-07-08T10:14:23,1000.0,35.2,B
2021-07-08T10:14:17,1000.0,35.2,B
2021-07-08T10:13:51,3000.0,35.2,B
2021-07-08T10:13:42,100.0,35.0,B
2021-07-08T10:13:32,500.0,35.0,B
2021-07-08T10:13:26,100.0,34.95,S
2021-07-08T10:13:24,300.0,34.95,S
2021-07-08T10:13:18,1000.0,35.0,B
2021-07-08T10:13:17,200.0,34.95,B
2021-07-08T10:13:14,200.0,34.95,B
2021-07-08T10:13:03,100.0,34.95,B
2021-07-08T10:12:58,2500.0,34.9,S
2021-07-08T10:12:48,4800.0,34.9,B
2021-07-08T10:12:41,500.0,34.9,B
2021-07-08T10:12:40,2000.0,34.9,B
2021-07-08T10:12:22,1000.0,34.9,B
2021-07-08T10:09:49,100.0,34.9,B
2021-07-08T10:09:49,9900.0,34.8,B
2021-07-08T10:09:32,1000.0,34.6,B
2021-07-08T10:09:25,500.0,34.6,B
2021-07-08T10:09:05,1000.0,34.6,B
2021-07-08T10:08:59,2000.0,34.3,S
2021-07-08T10:08:59,1400.0,34.4,S
2021-07-08T10:08:59,600.0,34.4,S
2021-07-08T10:08:57,1500.0,34.4,S
2021-07-08T10:08:57,1300.0,34.5,S
2021-07-08T10:08:57,2200.0,34.5,S
2021-07-08T10:08:50,4000.0,34.5,S
2021-07-08T10:08:46,3200.0,34.6,B
2021-07-08T10:08:41,800.0,34.5,S
2021-07-08T10:08:40,900.0,34.6,B
2021-07-08T10:08:35,300.0,34.6,B
2021-07-08T10:08:27,2000.0,34.6,B
2021-07-08T10:08:19,500.0,34.6,B
2021-07-08T10:07:27,200.0,34.6,B
2021-07-08T10:07:18,500.0,34.5,S
2021-07-08T10:07:08,2000.0,34.65,B
2021-07-08T10:07:06,100.0,34.65,B
2021-07-08T10:06:37,500.0,34.7,B
2021-07-08T10:06:36,1500.0,34.5,S
2021-07-08T10:06:36,1400.0,34.5,S
2021-07-08T10:06:36,2100.0,34.5,S
2021-07-08T10:06:36,300.0,34.6,S
2021-07-08T10:06:24,600.0,34.6,S
2021-07-08T10:06:12,500.0,34.65,S
2021-07-08T10:06:00,500.0,34.6,S
2021-07-08T10:05:55,800.0,34.7,S
2021-07-08T10:05:53,700.0,34.75,S
2021-07-08T10:04:44,300.0,34.8,S
2021-07-08T10:04:12,100.0,34.9,S
2021-07-08T10:04:06,100.0,34.9,S
2021-07-08T10:04:04,500.0,34.9,S
2021-07-08T10:03:55,300.0,34.9,S
2021-07-08T10:03:33,500.0,35.0,B
2021-07-08T10:03:04,100.0,35.0,B
2021-07-08T10:03:02,500.0,35.0,B
2021-07-08T10:02:52,300.0,35.0,S
2021-07-08T10:02:52,1200.0,35.0,S
2021-07-08T10:02:52,800.0,35.0,S
2021-07-08T10:02:52,900.0,35.0,S
2021-07-08T10:02:52,600.0,35.0,S
2021-07-08T10:02:52,500.0,35.0,S
2021-07-08T10:02:52,200.0,35.0,S
2021-07-08T10:02:52,9000.0,35.0,S
2021-07-08T10:02:52,2900.0,35.0,S
2021-07-08T10:02:52,100.0,35.0,S
2021-07-08T10:02:52,2200.0,35.0,S
2021-07-08T10:02:52,1000.0,35.0,S
2021-07-08T10:02:52,3700.0,35.0,S
2021-07-08T10:02:52,3500.0,35.0,S
2021-07-08T10:02:52,600.0,35.0,S
2021-07-08T10:02:52,15200.0,35.05,S
2021-07-08T10:02:52,5000.0,35.05,S
2021-07-08T10:02:52,1000.0,35.05,S
2021-07-08T10:02:50,400.0,35.05,S
2021-07-08T10:02:49,500.0,35.05,S
2021-07-08T10:02:33,300.0,35.1,S
2021-07-08T10:01:40,10000.0,35.05,S
2021-07-08T10:01:31,300.0,35.1,S
2021-07-08T10:00:40,200.0,35.1,S
2021-07-08T10:00:22,500.0,35.2,B
2021-07-08T10:00:11,3000.0,35.05,S
2021-07-08T09:59:49,1000.0,35.25,B
2021-07-08T09:59:20,1500.0,35.1,S
2021-07-08T09:58:35,13200.0,35.1,S
2021-07-08T09:58:35,1500.0,35.1,S
2021-07-08T09:58:35,1400.0,35.15,S
2021-07-08T09:58:23,1600.0,35.15,S
2021-07-08T09:58:07,500.0,35.25,B
2021-07-08T09:58:07,1200.0,35.15,S
2021-07-08T09:58:06,1000.0,35.15,S
2021-07-08T09:58:02,1000.0,35.2,S
2021-07-08T09:57:27,300.0,35.15,S
2021-07-08T09:57:27,800.0,35.15,S
2021-07-08T09:57:27,400.0,35.2,S
2021-07-08T09:57:05,900.0,35.25,B
2021-07-08T09:56:00,1000.0,35.25,S
2021-07-08T09:55:46,1000.0,35.3,B
2021-07-08T09:55:30,1600.0,35.25,B
2021-07-08T09:55:24,1000.0,35.25,B
2021-07-08T09:55:09,1600.0,35.25,B
2021-07-08T09:54:46,200.0,35.2,B
2021-07-08T09:54:46,500.0,35.2,B
2021-07-08T09:53:01,500.0,35.2,S
2021-07-08T09:52:52,1000.0,35.25,B
2021-07-08T09:52:17,300.0,35.15,S
2021-07-08T09:52:08,500.0,35.15,S
2021-07-08T09:51:57,100.0,35.25,B
2021-07-08T09:51:39,100.0,35.2,B
2021-07-08T09:51:34,200.0,35.2,B
2021-07-08T09:51:34,400.0,35.2,S
2021-07-08T09:51:13,700.0,35.2,S
2021-07-08T09:51:13,800.0,35.2,S
2021-07-08T09:51:12,100.0,35.25,B
2021-07-08T09:50:56,400.0,35.25,B
2021-07-08T09:50:34,1000.0,35.25,B
2021-07-08T09:50:31,300.0,35.25,B
2021-07-08T09:49:58,3600.0,35.25,B
2021-07-08T09:49:54,3400.0,35.3,S
2021-07-08T09:49:03,2700.0,35.3,S
2021-07-08T09:49:01,500.0,35.3,B
2021-07-08T09:49:00,600.0,35.25,B
2021-07-08T09:48:58,3000.0,35.2,S
2021-07-08T09:48:54,6200.0,35.2,S
2021-07-08T09:48:54,800.0,35.2,S
2021-07-08T09:48:39,100.0,35.3,B
2021-07-08T09:48:37,500.0,35.3,B
2021-07-08T09:48:29,500.0,35.3,S
2021-07-08T09:48:03,300.0,35.3,S
2021-07-08T09:47:55,1600.0,35.35,B
2021-07-08T09:47:48,400.0,35.4,S
2021-07-08T09:47:39,500.0,35.45,B
2021-07-08T09:47:38,5000.0,35.4,S
2021-07-08T09:47:33,25000.0,35.4,S
2021-07-08T09:47:30,3500.0,35.4,S
2021-07-08T09:47:27,10000.0,35.4,S
2021-07-08T09:47:23,300.0,35.45,B
2021-07-08T09:47:14,100.0,35.45,B
2021-07-08T09:47:14,400.0,35.45,S
2021-07-08T09:47:06,1500.0,35.45,S
2021-07-08T09:46:38,200.0,35.5,B
2021-07-08T09:46:10,100.0,35.5,B
2021-07-08T09:46:09,200.0,35.4,S
2021-07-08T09:46:06,800.0,35.4,S
2021-07-08T09:46:04,1000.0,35.5,B
2021-07-08T09:46:01,1000.0,35.5,B
2021-07-08T09:46:00,1600.0,35.5,B
2021-07-08T09:45:44,100.0,35.5,B
2021-07-08T09:45:12,200.0,35.5,B
2021-07-08T09:45:05,1000.0,35.5,B
2021-07-08T09:44:58,5000.0,35.5,B
2021-07-08T09:44:52,300.0,35.5,B
2021-07-08T09:44:19,1000.0,35.5,B
2021-07-08T09:44:07,100.0,35.4,S
2021-07-08T09:43:44,2000.0,35.5,B
2021-07-08T09:43:37,1200.0,35.5,B
2021-07-08T09:43:00,100.0,35.5,S
2021-07-08T09:42:34,900.0,35.5,B
2021-07-08T09:42:33,100.0,35.5,S
2021-07-08T09:42:30,500.0,35.5,S
2021-07-08T09:42:16,1200.0,35.5,S
2021-07-08T09:42:07,100.0,35.5,S
2021-07-08T09:41:34,500.0,35.5,S
2021-07-08T09:41:23,3000.0,35.5,S
2021-07-08T09:40:59,5400.0,35.5,S
2021-07-08T09:40:59,900.0,35.6,S
2021-07-08T09:40:59,1900.0,35.6,S
2021-07-08T09:40:56,300.0,35.6,S
2021-07-08T09:40:41,500.0,35.6,S
2021-07-08T09:40:34,400.0,35.6,B
2021-07-08T09:40:30,100.0,35.6,B
2021-07-08T09:40:23,200.0,35.6,B
2021-07-08T09:40:18,300.0,35.6,S
2021-07-08T09:40:13,1000.0,35.7,B
2021-07-08T09:39:56,100.0,35.6,S
2021-07-08T09:39:54,1000.0,35.75,B
2021-07-08T09:39:46,1700.0,35.6,B
2021-07-08T09:39:43,100.0,35.5,S
2021-07-08T09:39:26,500.0,35.5,S
2021-07-08T09:39:26,200.0,35.5,B
2021-07-08T09:39:26,2400.0,35.5,B
2021-07-08T09:39:26,10500.0,35.5,B
2021-07-08T09:39:26,300.0,35.5,B
2021-07-08T09:39:26,1500.0,35.5,B
2021-07-08T09:39:22,100.0,35.5,B
2021-07-08T09:39:21,3000.0,35.5,B
2021-07-08T09:39:02,1000.0,35.5,B
2021-07-08T09:39:01,1200.0,35.4,S
2021-07-08T09:38:11,1100.0,35.5,B
2021-07-08T09:38:11,500.0,35.5,B
2021-07-08T09:38:11,8000.0,35.5,B
2021-07-08T09:38:11,20000.0,35.5,B
2021-07-08T09:38:11,1100.0,35.4,B
2021-07-08T09:38:11,400.0,35.4,B
2021-07-08T09:38:11,100.0,35.4,B
2021-07-08T09:38:11,500.0,35.4,B
2021-07-08T09:38:11,2000.0,35.4,B
2021-07-08T09:38:11,5300.0,35.4,B
2021-07-08T09:37:32,100.0,35.35,B
2021-07-08T09:37:28,200.0,35.35,B
2021-07-08T09:37:10,300.0,35.35,B
2021-07-08T09:36:40,200.0,35.4,B
2021-07-08T09:36:37,100.0,35.4,B
2021-07-08T09:36:30,300.0,35.4,B
2021-07-08T09:36:21,900.0,35.2,S
2021-07-08T09:36:21,800.0,35.3,S
2021-07-08T09:36:19,100.0,35.4,B
2021-07-08T09:35:49,500.0,35.4,B
2021-07-08T09:35:41,200.0,35.4,B
2021-07-08T09:35:35,500.0,35.4,B
2021-07-08T09:35:34,2000.0,35.4,B
2021-07-08T09:35:30,1000.0,35.4,B
2021-07-08T09:35:25,1000.0,35.3,S
2021-07-08T09:35:24,400.0,35.4,B
2021-07-08T09:35:07,7000.0,35.4,B
2021-07-08T09:35:07,3000.0,35.35,B
2021-07-08T09:34:50,1000.0,35.3,B
2021-07-08T09:34:41,1500.0,35.3,B
2021-07-08T09:34:38,100.0,35.2,S
2021-07-08T09:34:37,100.0,35.3,B
2021-07-08T09:34:07,100.0,35.3,B
2021-07-08T09:33:57,100.0,35.25,S
2021-07-08T09:33:53,200.0,35.25,S
2021-07-08T09:33:52,1000.0,35.25,S
2021-07-08T09:33:05,3900.0,35.25,B
2021-07-08T09:33:04,300.0,35.1,S
2021-07-08T09:32:48,600.0,35.2,B
2021-07-08T09:32:36,100.0,35.2,B
2021-07-08T09:32:09,10000.0,35.25,B
2021-07-08T09:31:54,1400.0,35.2,B
2021-07-08T09:31:52,100.0,35.1,B
2021-07-08T09:31:41,1000.0,35.2,B
2021-07-08T09:31:07,3000.0,35.25,B
2021-07-08T09:30:57,100.0,35.2,B
2021-07-08T09:30:33,1000.0,35.2,B
2021-07-08T09:30:17,200.0,35.2,B
2021-07-08T09:30:13,100.0,35.2,B
2021-07-08T09:29:17,400.0,35.25,B
2021-07-08T09:29:16,100.0,35.2,B
2021-07-08T09:29:12,2900.0,35.2,B
2021-07-08T09:29:05,300.0,35.2,B
2021-07-08T09:29:05,6800.0,35.2,B
2021-07-08T09:28:50,5900.0,35.2,B
2021-07-08T09:28:41,2000.0,35.2,B
2021-07-08T09:28:25,1700.0,35.1,B
2021-07-08T09:28:24,1200.0,35.1,B
2021-07-08T09:28:24,22100.0,35.0,B
2021-07-08T09:28:11,200.0,34.9,B
2021-07-08T09:28:04,600.0,34.9,S
2021-07-08T09:27:51,500.0,34.9,S
2021-07-08T09:27:32,1000.0,34.9,B
2021-07-08T09:26:33,1000.0,35.0,B
2021-07-08T09:26:32,100.0,35.0,B
2021-07-08T09:26:27,500.0,35.0,B
2021-07-08T09:26:26,900.0,34.75,S
2021-07-08T09:26:26,300.0,34.75,S
2021-07-08T09:26:15,100.0,35.0,B
2021-07-08T09:26:10,1000.0,35.0,B
2021-07-08T09:26:09,200.0,35.0,B
2021-07-08T09:26:05,100.0,35.0,B
2021-07-08T09:25:57,100.0,35.0,B
2021-07-08T09:25:39,500.0,35.0,B
2021-07-08T09:25:34,500.0,34.8,B
2021-07-08T09:25:20,300.0,34.8,B
2021-07-08T09:25:16,100.0,34.8,S
2021-07-08T09:25:12,100.0,34.8,S
2021-07-08T09:24:55,1000.0,35.0,B
2021-07-08T09:24:55,2600.0,35.0,B
2021-07-08T09:24:50,500.0,35.0,S
2021-07-08T09:24:50,1600.0,35.0,S
2021-07-08T09:24:50,3100.0,35.0,S
2021-07-08T09:24:43,3000.0,35.0,S
2021-07-08T09:24:37,5000.0,35.2,B
2021-07-08T09:24:37,500.0,35.2,B
2021-07-08T09:24:36,2000.0,35.0,S
2021-07-08T09:24:29,400.0,35.0,S
2021-07-08T09:24:25,2200.0,35.0,S
2021-07-08T09:24:12,400.0,35.25,B
2021-07-08T09:23:58,100.0,35.25,B
2021-07-08T09:23:43,1000.0,35.2,S
2021-07-08T09:23:37,2700.0,35.2,B
2021-07-08T09:23:17,500.0,35.2,B
2021-07-08T09:23:12,500.0,35.2,B
2021-07-08T09:22:47,3500.0,35.0,B
2021-07-08T09:22:47,600.0,35.0,B
2021-07-08T09:22:47,3600.0,35.0,B
2021-07-08T09:22:46,1000.0,35.0,B
2021-07-08T09:22:37,5000.0,35.0,B
2021-07-08T09:22:30,200.0,35.0,B
2021-07-08T09:22:12,2300.0,34.75,B
2021-07-08T09:21:58,1000.0,34.65,S
2021-07-08T09:21:40,2000.0,34.65,S
2021-07-08T09:21:33,1800.0,34.6,S
2021-07-08T09:21:28,1900.0,34.6,B
2021-07-08T09:21:21,100.0,34.6,B
2021-07-08T09:20:37,500.0,34.5,S
2021-07-08T09:20:18,1000.0,34.5,S
2021-07-08T09:19:59,600.0,34.5,S
2021-07-08T09:19:48,500.0,34.65,B
2021-07-08T09:19:33,2000.0,34.5,S
2021-07-08T09:19:04,600.0,34.5,S
2021-07-08T09:18:54,1200.0,34.5,B
2021-07-08T09:18:54,600.0,34.5,B
2021-07-08T09:18:43,100.0,34.5,B
2021-07-08T09:18:40,100.0,34.5,B
2021-07-08T09:18:37,600.0,34.5,B
2021-07-08T09:18:00,100.0,34.5,B
2021-07-08T09:17:54,100.0,34.2,S
2021-07-08T09:17:14,400.0,34.2,S
2021-07-08T09:16:29,1000.0,34.2,S
2021-07-08T09:16:12,1000.0,34.2,S
2021-07-08T09:16:12,15000.0,34.2,S
2021-07-08T09:15:48,1000.0,34.2,S
2021-07-08T09:15:32,1100.0,34.2,B
2021-07-08T09:15:12,100.0,34.2,B
