tradingTime,volume,price,side
2021-07-08T14:29:25,100.0,3.71,B
2021-07-08T14:28:57,400.0,3.71,B
2021-07-08T14:28:30,20000.0,3.71,B
2021-07-08T14:27:34,3900.0,3.67,S
2021-07-08T14:27:20,4400.0,3.68,S
2021-07-08T14:27:06,100.0,3.71,B
2021-07-08T14:27:02,100.0,3.71,B
2021-07-08T14:25:42,10000.0,3.7,S
2021-07-08T14:25:34,100.0,3.7,S
2021-07-08T14:24:26,200.0,3.71,S
2021-07-08T14:23:58,100.0,3.71,S
2021-07-08T14:22:44,100.0,3.72,B
2021-07-08T14:21:35,5800.0,3.72,S
2021-07-08T14:20:47,300.0,3.73,B
2021-07-08T14:20:27,1200.0,3.72,S
2021-07-08T14:20:01,1300.0,3.71,B
2021-07-08T14:19:58,100.0,3.71,B
2021-07-08T14:19:55,2000.0,3.71,B
2021-07-08T14:18:09,4500.0,3.71,B
2021-07-08T14:17:49,20000.0,3.71,B
2021-07-08T14:17:39,5000.0,3.71,B
2021-07-08T14:17:35,100.0,3.7,B
2021-07-08T14:17:19,1000.0,3.7,B
2021-07-08T14:17:18,100.0,3.7,B
2021-07-08T14:14:03,200.0,3.68,B
2021-07-08T14:13:24,500.0,3.68,B
2021-07-08T14:13:05,100.0,3.68,B
2021-07-08T14:12:54,100.0,3.68,B
2021-07-08T14:12:47,700.0,3.68,B
2021-07-08T14:12:27,1000.0,3.68,B
2021-07-08T14:10:39,8000.0,3.68,B
2021-07-08T14:10:07,100.0,3.68,B
2021-07-08T14:09:13,200.0,3.68,S
2021-07-08T14:08:59,5000.0,3.68,S
2021-07-08T14:08:46,800.0,3.68,S
2021-07-08T14:08:16,1000.0,3.68,S
2021-07-08T14:08:04,700.0,3.68,S
2021-07-08T14:06:45,100.0,3.69,B
2021-07-08T14:06:15,200.0,3.69,B
2021-07-08T14:05:18,300.0,3.69,S
2021-07-08T14:04:58,400.0,3.7,S
2021-07-08T14:04:31,2000.0,3.7,S
2021-07-08T14:04:27,1000.0,3.7,S
2021-07-08T14:04:17,300.0,3.7,S
2021-07-08T14:02:57,2700.0,3.7,B
2021-07-08T14:02:55,100.0,3.7,B
2021-07-08T14:01:22,400.0,3.7,B
2021-07-08T14:01:11,100.0,3.69,S
2021-07-08T14:01:04,200.0,3.7,B
2021-07-08T13:59:29,400.0,3.69,B
2021-07-08T13:58:34,100.0,3.69,S
2021-07-08T13:56:54,400.0,3.68,S
2021-07-08T13:56:54,9600.0,3.68,S
2021-07-08T13:54:51,4800.0,3.69,S
2021-07-08T13:54:51,200.0,3.69,S
2021-07-08T13:53:43,500.0,3.69,S
2021-07-08T13:53:04,200.0,3.72,B
2021-07-08T13:53:00,500.0,3.72,B
2021-07-08T13:52:57,10000.0,3.7,S
2021-07-08T13:51:24,500.0,3.72,S
2021-07-08T13:50:57,500.0,3.72,S
2021-07-08T13:50:33,100.0,3.73,B
2021-07-08T13:50:29,1100.0,3.73,B
2021-07-08T13:50:05,200.0,3.73,B
2021-07-08T13:47:33,2000.0,3.73,B
2021-07-08T13:47:10,6800.0,3.73,B
2021-07-08T13:47:10,100.0,3.73,B
2021-07-08T13:47:10,700.0,3.73,B
2021-07-08T13:47:10,200.0,3.72,B
2021-07-08T13:46:55,500.0,3.72,B
2021-07-08T13:46:54,100.0,3.72,S
2021-07-08T13:44:45,100.0,3.73,B
2021-07-08T13:44:31,2900.0,3.72,S
2021-07-08T13:43:54,1000.0,3.72,B
2021-07-08T13:43:33,500.0,3.7,S
2021-07-08T13:43:21,200.0,3.7,B
2021-07-08T13:43:10,2000.0,3.7,B
2021-07-08T13:42:08,100.0,3.7,B
2021-07-08T13:42:06,4700.0,3.7,B
2021-07-08T13:41:50,2000.0,3.7,B
2021-07-08T13:41:46,2000.0,3.7,B
2021-07-08T13:41:16,400.0,3.7,B
2021-07-08T13:40:59,2000.0,3.69,B
2021-07-08T13:40:31,1000.0,3.68,S
2021-07-08T13:40:23,400.0,3.68,B
2021-07-08T13:40:21,3000.0,3.68,B
2021-07-08T13:40:08,5000.0,3.68,B
2021-07-08T13:40:02,100.0,3.68,S
2021-07-08T13:40:02,100.0,3.68,S
2021-07-08T13:40:02,21600.0,3.68,S
2021-07-08T13:40:00,10000.0,3.69,B
2021-07-08T13:39:45,41800.0,3.68,B
2021-07-08T13:39:41,200.0,3.68,B
2021-07-08T13:39:33,8000.0,3.68,S
2021-07-08T13:39:30,2000.0,3.68,B
2021-07-08T13:39:13,2000.0,3.68,S
2021-07-08T13:39:03,20000.0,3.68,S
2021-07-08T13:38:11,1300.0,3.68,S
2021-07-08T13:38:11,700.0,3.68,S
2021-07-08T13:38:09,1000.0,3.68,S
2021-07-08T13:37:54,20000.0,3.68,S
2021-07-08T13:37:37,400.0,3.69,B
2021-07-08T13:37:24,100.0,3.68,S
2021-07-08T13:36:39,1000.0,3.69,S
2021-07-08T13:36:28,1000.0,3.7,B
2021-07-08T13:35:50,2000.0,3.69,S
2021-07-08T13:35:33,1000.0,3.69,S
2021-07-08T13:35:19,3100.0,3.69,S
2021-07-08T13:35:19,5300.0,3.69,S
2021-07-08T13:34:52,3000.0,3.69,S
2021-07-08T13:34:50,2000.0,3.7,B
2021-07-08T13:34:34,1200.0,3.7,S
2021-07-08T13:34:34,5500.0,3.7,S
2021-07-08T13:34:34,25000.0,3.7,S
2021-07-08T13:34:34,2700.0,3.7,S
2021-07-08T13:34:34,1100.0,3.7,S
2021-07-08T13:34:34,100.0,3.7,S
2021-07-08T13:34:34,1200.0,3.7,S
2021-07-08T13:33:49,1500.0,3.72,B
2021-07-08T13:33:47,100.0,3.7,S
2021-07-08T13:32:48,100.0,3.72,B
2021-07-08T13:32:46,200.0,3.71,S
2021-07-08T13:32:46,300.0,3.71,S
2021-07-08T13:32:21,1200.0,3.72,S
2021-07-08T13:32:11,1300.0,3.72,S
2021-07-08T13:32:08,1000.0,3.73,B
2021-07-08T13:31:39,300.0,3.73,S
2021-07-08T13:31:33,2000.0,3.73,S
2021-07-08T13:31:32,200.0,3.73,S
2021-07-08T13:31:24,100.0,3.73,S
2021-07-08T13:31:14,8800.0,3.74,S
2021-07-08T13:30:57,2000.0,3.74,S
2021-07-08T13:29:10,100.0,3.77,B
2021-07-08T13:29:08,1200.0,3.77,S
2021-07-08T13:28:49,5200.0,3.77,S
2021-07-08T13:28:26,3800.0,3.77,B
2021-07-08T13:28:24,1000.0,3.77,B
2021-07-08T13:27:48,200.0,3.77,B
2021-07-08T13:25:37,900.0,3.78,B
2021-07-08T13:25:37,500.0,3.78,B
2021-07-08T13:25:29,100.0,3.78,B
2021-07-08T13:23:53,300.0,3.79,B
2021-07-08T13:23:52,15000.0,3.79,S
2021-07-08T13:23:43,2300.0,3.79,B
2021-07-08T13:23:27,100.0,3.79,B
2021-07-08T13:23:19,15600.0,3.79,B
2021-07-08T13:23:19,1200.0,3.78,B
2021-07-08T13:23:19,1200.0,3.78,B
2021-07-08T13:23:08,400.0,3.75,B
2021-07-08T13:22:59,1000.0,3.75,B
2021-07-08T13:22:56,3000.0,3.75,B
2021-07-08T13:22:44,100.0,3.74,S
2021-07-08T13:21:58,1000.0,3.74,B
2021-07-08T13:21:27,2000.0,3.74,B
2021-07-08T13:21:11,100.0,3.74,B
2021-07-08T13:21:03,100.0,3.73,S
2021-07-08T13:21:01,15000.0,3.73,S
2021-07-08T13:20:41,100.0,3.73,S
2021-07-08T13:20:34,1000.0,3.74,B
2021-07-08T13:20:30,2000.0,3.74,B
2021-07-08T13:19:45,3700.0,3.73,S
2021-07-08T13:19:45,10600.0,3.73,B
2021-07-08T13:19:39,10000.0,3.73,B
2021-07-08T13:19:29,700.0,3.73,B
2021-07-08T13:19:29,2700.0,3.73,B
2021-07-08T13:19:28,4000.0,3.73,B
2021-07-08T13:19:19,1000.0,3.73,B
2021-07-08T13:19:05,5000.0,3.72,S
2021-07-08T13:18:50,7000.0,3.73,B
2021-07-08T13:17:35,7600.0,3.72,B
2021-07-08T13:16:41,500.0,3.71,B
2021-07-08T13:16:16,500.0,3.71,B
2021-07-08T13:15:18,100.0,3.71,B
2021-07-08T13:13:31,8800.0,3.7,S
2021-07-08T13:12:53,4600.0,3.7,S
2021-07-08T13:11:55,500.0,3.71,B
2021-07-08T13:10:11,100.0,3.71,B
2021-07-08T13:09:55,800.0,3.71,B
2021-07-08T13:09:09,100.0,3.71,B
2021-07-08T13:08:44,3900.0,3.71,S
2021-07-08T13:07:54,2000.0,3.72,B
2021-07-08T13:07:27,7400.0,3.72,S
2021-07-08T13:06:19,200.0,3.72,S
2021-07-08T13:06:02,7500.0,3.72,B
2021-07-08T13:06:02,10300.0,3.72,B
2021-07-08T13:06:02,4300.0,3.72,B
2021-07-08T13:06:02,1700.0,3.72,B
2021-07-08T13:05:59,20000.0,3.71,S
2021-07-08T13:04:49,200.0,3.71,S
2021-07-08T13:04:41,10000.0,3.72,B
2021-07-08T13:03:24,600.0,3.72,B
2021-07-08T13:00:04,1900.0,3.72,B
2021-07-08T13:00:04,300.0,3.71,S
2021-07-08T13:00:04,100.0,3.71,B
2021-07-08T13:00:04,3000.0,3.71,B
2021-07-08T13:00:04,1900.0,3.71,S
2021-07-08T13:00:04,600.0,3.71,S
2021-07-08T13:00:04,200.0,3.71,S
2021-07-08T13:00:03,100.0,3.72,B
2021-07-08T13:00:00,4000.0,3.71,S
2021-07-08T11:29:47,100.0,3.71,S
2021-07-08T11:29:20,300.0,3.71,S
2021-07-08T11:28:15,500.0,3.72,B
2021-07-08T11:27:26,1000.0,3.72,B
2021-07-08T11:25:30,300.0,3.71,S
2021-07-08T11:25:19,10000.0,3.71,S
2021-07-08T11:24:53,1000.0,3.72,B
2021-07-08T11:23:35,500.0,3.72,B
2021-07-08T11:21:34,200.0,3.72,B
2021-07-08T11:21:02,3000.0,3.71,B
2021-07-08T11:21:02,5600.0,3.71,B
2021-07-08T11:21:02,100.0,3.71,B
2021-07-08T11:21:02,3500.0,3.71,B
2021-07-08T11:20:36,300.0,3.71,B
2021-07-08T11:18:35,1000.0,3.7,S
2021-07-08T11:17:33,500.0,3.7,B
2021-07-08T11:17:33,8600.0,3.7,B
2021-07-08T11:15:44,3500.0,3.7,B
2021-07-08T11:15:44,1500.0,3.7,B
2021-07-08T11:15:36,1000.0,3.7,B
2021-07-08T11:14:22,5000.0,3.7,B
2021-07-08T11:11:45,200.0,3.7,B
2021-07-08T11:09:40,500.0,3.7,B
2021-07-08T11:09:40,1000.0,3.7,B
2021-07-08T11:09:19,500.0,3.7,B
2021-07-08T11:06:41,100.0,3.7,B
2021-07-08T11:04:01,2000.0,3.7,B
2021-07-08T11:01:48,6000.0,3.7,B
2021-07-08T11:01:39,100.0,3.7,B
2021-07-08T11:00:47,100.0,3.7,B
2021-07-08T10:58:19,5000.0,3.7,B
2021-07-08T10:58:14,100.0,3.7,B
2021-07-08T10:58:11,39500.0,3.7,B
2021-07-08T10:58:01,300.0,3.7,B
2021-07-08T10:57:02,100.0,3.7,B
2021-07-08T10:56:41,1500.0,3.7,B
2021-07-08T10:56:41,3500.0,3.7,B
2021-07-08T10:56:26,100.0,3.7,B
2021-07-08T10:56:13,100.0,3.7,B
2021-07-08T10:55:45,100.0,3.7,B
2021-07-08T10:55:25,2000.0,3.7,B
2021-07-08T10:54:30,13000.0,3.7,B
2021-07-08T10:54:12,3000.0,3.69,S
2021-07-08T10:53:46,2000.0,3.69,S
2021-07-08T10:53:38,4000.0,3.69,S
2021-07-08T10:53:18,300.0,3.69,B
2021-07-08T10:53:13,100.0,3.69,B
2021-07-08T10:53:06,5000.0,3.69,B
2021-07-08T10:52:56,10000.0,3.69,B
2021-07-08T10:50:06,100.0,3.68,S
2021-07-08T10:47:05,100.0,3.68,S
2021-07-08T10:45:48,100.0,3.69,B
2021-07-08T10:45:23,2100.0,3.69,B
2021-07-08T10:45:08,200.0,3.69,S
2021-07-08T10:41:48,100.0,3.69,S
2021-07-08T10:41:41,200.0,3.69,B
2021-07-08T10:41:21,2000.0,3.68,S
2021-07-08T10:40:51,1500.0,3.68,B
2021-07-08T10:40:19,200.0,3.68,B
2021-07-08T10:39:30,100.0,3.68,B
2021-07-08T10:39:00,100.0,3.68,B
2021-07-08T10:38:42,1600.0,3.68,S
2021-07-08T10:35:12,900.0,3.69,S
2021-07-08T10:32:52,4100.0,3.69,B
2021-07-08T10:32:29,200.0,3.69,B
2021-07-08T10:29:13,1000.0,3.67,S
2021-07-08T10:28:47,6000.0,3.68,S
2021-07-08T10:27:32,100.0,3.69,B
2021-07-08T10:25:25,100.0,3.69,B
2021-07-08T10:25:09,200.0,3.69,B
2021-07-08T10:24:09,100.0,3.69,B
2021-07-08T10:23:15,300.0,3.7,B
2021-07-08T10:21:21,200.0,3.7,B
2021-07-08T10:18:46,1000.0,3.7,B
2021-07-08T10:18:02,2000.0,3.7,B
2021-07-08T10:17:44,200.0,3.7,B
2021-07-08T10:16:49,1000.0,3.7,B
2021-07-08T10:15:57,100.0,3.7,B
2021-07-08T10:14:44,200.0,3.7,B
2021-07-08T10:14:41,1200.0,3.69,B
2021-07-08T10:14:11,5000.0,3.66,S
2021-07-08T10:13:20,200.0,3.66,B
2021-07-08T10:13:16,2800.0,3.66,B
2021-07-08T10:13:01,5000.0,3.66,B
2021-07-08T10:12:47,800.0,3.65,S
2021-07-08T10:12:47,300.0,3.65,S
2021-07-08T10:12:47,900.0,3.65,S
2021-07-08T10:12:13,500.0,3.66,S
2021-07-08T10:12:04,2600.0,3.65,S
2021-07-08T10:11:43,2400.0,3.66,B
2021-07-08T10:11:13,300.0,3.67,B
2021-07-08T10:11:13,200.0,3.67,B
2021-07-08T10:10:40,800.0,3.68,S
2021-07-08T10:10:17,200.0,3.68,S
2021-07-08T10:10:17,600.0,3.68,S
2021-07-08T10:10:02,10000.0,3.68,S
2021-07-08T10:09:42,200.0,3.68,S
2021-07-08T10:09:42,5000.0,3.68,S
2021-07-08T10:09:36,15000.0,3.68,S
2021-07-08T10:09:15,1000.0,3.68,S
2021-07-08T10:08:11,200.0,3.68,S
2021-07-08T10:07:34,1000.0,3.68,B
2021-07-08T10:07:05,300.0,3.67,S
2021-07-08T10:06:40,4000.0,3.68,S
2021-07-08T10:06:35,6200.0,3.68,S
2021-07-08T10:06:35,100.0,3.68,S
2021-07-08T10:06:35,5500.0,3.68,S
2021-07-08T10:06:35,1600.0,3.68,S
2021-07-08T10:06:35,1300.0,3.69,S
2021-07-08T10:06:35,400.0,3.69,S
2021-07-08T10:06:35,2400.0,3.69,S
2021-07-08T10:06:34,100.0,3.69,S
2021-07-08T10:06:16,300.0,3.7,B
2021-07-08T10:06:12,500.0,3.7,B
2021-07-08T10:06:01,10500.0,3.7,S
2021-07-08T10:06:01,1900.0,3.7,S
2021-07-08T10:06:01,29500.0,3.7,S
2021-07-08T10:05:48,5000.0,3.7,S
2021-07-08T10:05:43,300.0,3.7,S
2021-07-08T10:05:09,6000.0,3.7,S
2021-07-08T10:05:08,20000.0,3.7,S
2021-07-08T10:04:23,5500.0,3.7,S
2021-07-08T10:04:11,8300.0,3.7,S
2021-07-08T10:04:11,2200.0,3.7,S
2021-07-08T10:04:10,14900.0,3.7,S
2021-07-08T10:03:34,3000.0,3.71,S
2021-07-08T10:03:03,200.0,3.71,S
2021-07-08T10:02:53,100.0,3.71,S
2021-07-08T10:02:52,6000.0,3.71,S
2021-07-08T10:02:45,10000.0,3.71,S
2021-07-08T10:02:35,100.0,3.72,B
2021-07-08T10:01:48,300.0,3.71,S
2021-07-08T10:01:12,5000.0,3.71,S
2021-07-08T10:01:08,300.0,3.72,B
2021-07-08T10:00:35,100.0,3.72,B
2021-07-08T10:00:24,100.0,3.72,B
2021-07-08T10:00:16,3000.0,3.72,B
2021-07-08T10:00:09,200.0,3.71,S
2021-07-08T09:59:34,2000.0,3.71,S
2021-07-08T09:59:30,300.0,3.71,S
2021-07-08T09:59:28,300.0,3.71,S
2021-07-08T09:59:26,500.0,3.71,S
2021-07-08T09:59:12,100.0,3.71,S
2021-07-08T09:58:56,100.0,3.71,S
2021-07-08T09:58:43,100.0,3.72,B
2021-07-08T09:58:36,3400.0,3.72,B
2021-07-08T09:58:22,200.0,3.72,B
2021-07-08T09:58:10,600.0,3.72,B
2021-07-08T09:58:10,1400.0,3.72,B
2021-07-08T09:58:10,2000.0,3.72,B
2021-07-08T09:57:58,1000.0,3.72,B
2021-07-08T09:57:55,1000.0,3.71,S
2021-07-08T09:57:37,3000.0,3.72,B
2021-07-08T09:57:33,3000.0,3.72,B
2021-07-08T09:57:32,10000.0,3.72,B
2021-07-08T09:57:22,200.0,3.72,B
2021-07-08T09:56:59,2900.0,3.72,B
2021-07-08T09:56:59,2100.0,3.72,B
2021-07-08T09:56:55,700.0,3.71,B
2021-07-08T09:56:50,100.0,3.71,B
2021-07-08T09:56:48,200.0,3.7,S
2021-07-08T09:56:28,100.0,3.71,B
2021-07-08T09:56:23,200.0,3.7,S
2021-07-08T09:55:47,100.0,3.71,B
2021-07-08T09:55:42,3000.0,3.71,B
2021-07-08T09:55:35,10000.0,3.71,B
2021-07-08T09:55:30,1000.0,3.71,B
2021-07-08T09:55:09,3700.0,3.7,B
2021-07-08T09:54:58,5000.0,3.7,B
2021-07-08T09:54:43,9900.0,3.7,B
2021-07-08T09:54:14,1000.0,3.7,S
2021-07-08T09:53:56,300.0,3.7,S
2021-07-08T09:53:18,1000.0,3.7,S
2021-07-08T09:52:37,700.0,3.7,S
2021-07-08T09:52:22,10000.0,3.7,S
2021-07-08T09:51:24,1000.0,3.7,B
2021-07-08T09:51:24,6900.0,3.7,B
2021-07-08T09:51:21,1300.0,3.7,B
2021-07-08T09:50:28,200.0,3.7,B
2021-07-08T09:50:22,300.0,3.7,B
2021-07-08T09:49:43,9800.0,3.69,S
2021-07-08T09:49:41,2000.0,3.7,B
2021-07-08T09:49:25,600.0,3.69,S
2021-07-08T09:49:24,1000.0,3.69,S
2021-07-08T09:49:05,400.0,3.69,B
2021-07-08T09:49:04,500.0,3.69,B
2021-07-08T09:48:45,100.0,3.69,S
2021-07-08T09:48:28,2000.0,3.69,S
2021-07-08T09:48:10,2000.0,3.69,S
2021-07-08T09:47:45,1000.0,3.69,B
2021-07-08T09:47:34,500.0,3.69,S
2021-07-08T09:47:07,4000.0,3.69,S
2021-07-08T09:46:44,2000.0,3.7,B
2021-07-08T09:45:50,100.0,3.7,B
2021-07-08T09:45:28,200.0,3.7,B
2021-07-08T09:45:14,200.0,3.7,B
2021-07-08T09:44:41,2000.0,3.7,B
2021-07-08T09:44:34,100.0,3.69,S
2021-07-08T09:43:44,2000.0,3.7,B
2021-07-08T09:43:15,900.0,3.7,S
2021-07-08T09:43:15,6200.0,3.7,S
2021-07-08T09:43:15,1600.0,3.7,S
2021-07-08T09:43:15,4700.0,3.7,S
2021-07-08T09:43:13,1000.0,3.7,S
2021-07-08T09:43:11,11600.0,3.7,S
2021-07-08T09:43:05,1000.0,3.7,S
2021-07-08T09:42:33,3000.0,3.7,S
2021-07-08T09:42:30,100.0,3.7,S
2021-07-08T09:42:25,1000.0,3.7,S
2021-07-08T09:42:21,1000.0,3.7,S
2021-07-08T09:42:03,100.0,3.7,S
2021-07-08T09:41:52,200.0,3.71,S
2021-07-08T09:41:30,1000.0,3.72,B
2021-07-08T09:41:02,500.0,3.72,B
2021-07-08T09:40:13,100.0,3.72,B
2021-07-08T09:39:06,100.0,3.72,B
2021-07-08T09:38:39,100.0,3.72,B
2021-07-08T09:38:34,1000.0,3.72,B
2021-07-08T09:38:32,4800.0,3.7,S
2021-07-08T09:38:07,1000.0,3.72,B
2021-07-08T09:38:05,100.0,3.72,B
2021-07-08T09:37:52,900.0,3.72,B
2021-07-08T09:36:39,1000.0,3.72,B
2021-07-08T09:36:28,2000.0,3.72,B
2021-07-08T09:36:18,100.0,3.72,B
2021-07-08T09:36:04,2000.0,3.72,S
2021-07-08T09:35:58,3000.0,3.72,B
2021-07-08T09:35:50,5000.0,3.72,B
2021-07-08T09:35:43,200.0,3.7,S
2021-07-08T09:35:31,10000.0,3.7,S
2021-07-08T09:35:29,2000.0,3.72,B
2021-07-08T09:35:27,100.0,3.7,S
2021-07-08T09:34:38,200.0,3.71,B
2021-07-08T09:34:25,2000.0,3.71,B
2021-07-08T09:34:21,400.0,3.71,B
2021-07-08T09:34:18,3000.0,3.7,S
2021-07-08T09:34:12,6400.0,3.7,B
2021-07-08T09:33:36,22700.0,3.7,B
2021-07-08T09:33:36,29000.0,3.7,B
2021-07-08T09:33:29,400.0,3.68,B
2021-07-08T09:33:18,200.0,3.68,B
2021-07-08T09:33:02,1200.0,3.68,B
2021-07-08T09:32:32,200.0,3.65,S
2021-07-08T09:31:57,100.0,3.65,B
2021-07-08T09:31:40,1900.0,3.65,B
2021-07-08T09:31:40,1100.0,3.65,B
2021-07-08T09:31:18,1000.0,3.65,B
2021-07-08T09:31:13,500.0,3.65,B
2021-07-08T09:31:11,100.0,3.65,B
2021-07-08T09:30:13,11900.0,3.65,B
2021-07-08T09:30:13,8000.0,3.65,B
2021-07-08T09:30:12,30100.0,3.65,B
2021-07-08T09:30:01,5000.0,3.63,B
2021-07-08T09:29:59,200.0,3.63,B
2021-07-08T09:29:55,2500.0,3.63,B
2021-07-08T09:29:41,700.0,3.63,B
2021-07-08T09:29:11,300.0,3.62,S
2021-07-08T09:27:46,500.0,3.62,B
2021-07-08T09:27:09,2000.0,3.62,B
2021-07-08T09:26:40,10000.0,3.62,B
2021-07-08T09:26:22,1500.0,3.61,B
2021-07-08T09:25:58,500.0,3.61,B
2021-07-08T09:25:35,3000.0,3.61,S
2021-07-08T09:24:44,11000.0,3.6,S
2021-07-08T09:24:28,100.0,3.61,S
2021-07-08T09:24:00,2000.0,3.61,S
2021-07-08T09:23:53,100.0,3.62,B
2021-07-08T09:23:30,5000.0,3.61,S
2021-07-08T09:23:20,3000.0,3.62,B
2021-07-08T09:23:04,10000.0,3.62,B
2021-07-08T09:22:44,10000.0,3.61,S
2021-07-08T09:22:38,7200.0,3.62,B
2021-07-08T09:22:22,2600.0,3.61,S
2021-07-08T09:21:45,200.0,3.61,S
2021-07-08T09:21:40,100.0,3.62,B
2021-07-08T09:21:26,1300.0,3.61,S
2021-07-08T09:21:11,1000.0,3.62,B
2021-07-08T09:21:05,4000.0,3.61,S
2021-07-08T09:20:36,4800.0,3.62,B
2021-07-08T09:20:24,1000.0,3.62,B
2021-07-08T09:19:49,1000.0,3.62,B
2021-07-08T09:19:33,2000.0,3.62,B
2021-07-08T09:18:52,13300.0,3.61,B
2021-07-08T09:18:40,100.0,3.61,B
2021-07-08T09:18:34,6600.0,3.61,S
2021-07-08T09:18:22,400.0,3.61,S
2021-07-08T09:17:41,9000.0,3.61,B
2021-07-08T09:17:30,1000.0,3.61,S
2021-07-08T09:17:22,13600.0,3.62,B
2021-07-08T09:17:16,100.0,3.61,B
2021-07-08T09:17:10,1500.0,3.61,B
2021-07-08T09:16:35,100.0,3.62,B
2021-07-08T09:16:10,33100.0,3.62,B
2021-07-08T09:15:38,100.0,3.62,B
2021-07-08T09:15:36,2800.0,3.6,S
2021-07-08T09:15:36,15100.0,3.6,S
