tradingTime,volume,price,side
2021-07-08T14:29:54,500.0,50.8,S
2021-07-08T14:29:00,500.0,50.8,S
2021-07-08T14:28:31,2000.0,50.9,B
2021-07-08T14:27:27,600.0,50.9,B
2021-07-08T14:26:45,100.0,50.9,S
2021-07-08T14:25:58,600.0,50.9,B
2021-07-08T14:25:58,100.0,50.9,B
2021-07-08T14:24:00,600.0,50.9,B
2021-07-08T14:23:55,200.0,50.9,B
2021-07-08T14:22:55,2000.0,50.9,B
2021-07-08T14:22:28,1400.0,50.8,B
2021-07-08T14:22:19,1000.0,50.8,B
2021-07-08T14:22:16,500.0,50.8,B
2021-07-08T14:21:47,500.0,50.8,B
2021-07-08T14:21:38,200.0,50.8,B
2021-07-08T14:21:29,500.0,50.8,B
2021-07-08T14:21:20,2000.0,50.8,B
2021-07-08T14:20:51,1900.0,50.8,B
2021-07-08T14:20:14,1000.0,50.8,B
2021-07-08T14:19:59,100.0,50.8,B
2021-07-08T14:19:24,1000.0,50.8,B
2021-07-08T14:18:49,2000.0,50.8,B
2021-07-08T14:18:43,1700.0,50.8,B
2021-07-08T14:18:43,300.0,50.8,B
2021-07-08T14:17:55,2000.0,50.8,B
2021-07-08T14:17:40,1000.0,50.8,B
2021-07-08T14:17:29,1600.0,50.8,B
2021-07-08T14:16:31,1500.0,50.8,B
2021-07-08T14:14:19,1000.0,50.8,B
2021-07-08T14:13:52,200.0,50.7,B
2021-07-08T14:13:41,1000.0,50.7,B
2021-07-08T14:13:29,1900.0,50.6,B
2021-07-08T14:13:27,400.0,50.5,S
2021-07-08T14:10:29,2100.0,50.0,S
2021-07-08T14:10:29,2900.0,50.0,S
2021-07-08T14:10:23,6400.0,50.0,S
2021-07-08T14:10:23,3600.0,50.0,S
2021-07-08T14:09:54,25700.0,50.0,S
2021-07-08T14:09:54,1100.0,50.0,S
2021-07-08T14:09:54,2000.0,50.0,S
2021-07-08T14:09:54,3600.0,50.0,S
2021-07-08T14:09:34,200.0,50.0,S
2021-07-08T14:09:34,600.0,50.1,S
2021-07-08T14:09:34,200.0,50.1,S
2021-07-08T14:09:34,1200.0,50.1,S
2021-07-08T14:09:34,900.0,50.2,S
2021-07-08T14:09:34,800.0,50.2,S
2021-07-08T14:09:34,700.0,50.3,S
2021-07-08T14:09:34,2400.0,50.4,S
2021-07-08T14:09:34,200.0,50.4,S
2021-07-08T14:09:34,2800.0,50.4,S
2021-07-08T14:08:59,100.0,50.7,B
2021-07-08T14:08:01,100.0,50.7,S
2021-07-08T14:08:01,200.0,50.7,S
2021-07-08T14:07:54,800.0,50.7,S
2021-07-08T14:07:54,700.0,50.7,S
2021-07-08T14:05:40,500.0,50.8,B
2021-07-08T14:05:22,800.0,50.8,S
2021-07-08T14:05:03,100.0,50.8,S
2021-07-08T14:04:43,2100.0,50.8,B
2021-07-08T14:04:29,300.0,50.8,B
2021-07-08T14:03:57,1000.0,50.8,S
2021-07-08T14:03:20,1000.0,50.8,S
2021-07-08T14:02:55,500.0,50.8,S
2021-07-08T14:02:55,300.0,50.8,S
2021-07-08T14:02:53,2500.0,50.8,S
2021-07-08T14:01:52,100.0,50.8,S
2021-07-08T14:01:46,600.0,50.8,B
2021-07-08T14:01:46,1600.0,50.8,B
2021-07-08T14:01:27,100.0,50.8,B
2021-07-08T14:00:09,300.0,50.8,B
2021-07-08T13:59:10,200.0,50.8,B
2021-07-08T13:58:55,2000.0,50.8,B
2021-07-08T13:58:45,100.0,50.8,B
2021-07-08T13:58:24,100.0,50.8,B
2021-07-08T13:58:17,800.0,50.8,B
2021-07-08T13:58:10,500.0,50.8,B
2021-07-08T13:57:51,500.0,50.8,B
2021-07-08T13:56:44,3500.0,50.8,B
2021-07-08T13:56:14,500.0,50.8,B
2021-07-08T13:55:26,1000.0,50.8,B
2021-07-08T13:54:44,800.0,50.8,S
2021-07-08T13:54:29,200.0,50.8,B
2021-07-08T13:54:16,100.0,50.7,S
2021-07-08T13:53:48,2000.0,50.8,B
2021-07-08T13:53:39,4500.0,50.8,B
2021-07-08T13:52:30,900.0,50.8,B
2021-07-08T13:50:38,1000.0,50.7,S
2021-07-08T13:49:55,100.0,50.7,S
2021-07-08T13:49:37,900.0,50.8,B
2021-07-08T13:49:37,1000.0,50.8,B
2021-07-08T13:47:38,500.0,50.8,B
2021-07-08T13:47:10,2500.0,50.8,S
2021-07-08T13:46:57,3800.0,50.8,S
2021-07-08T13:46:13,100.0,50.8,S
2021-07-08T13:45:51,400.0,50.8,B
2021-07-08T13:45:28,1600.0,50.8,B
2021-07-08T13:43:44,500.0,51.0,B
2021-07-08T13:42:32,6000.0,51.0,B
2021-07-08T13:41:10,1000.0,50.9,B
2021-07-08T13:41:04,1000.0,50.9,B
2021-07-08T13:40:56,100.0,50.8,S
2021-07-08T13:40:32,2200.0,50.8,S
2021-07-08T13:40:31,500.0,50.8,B
2021-07-08T13:40:09,300.0,50.8,B
2021-07-08T13:39:37,100.0,50.7,S
2021-07-08T13:39:34,500.0,50.6,S
2021-07-08T13:39:29,100.0,50.7,S
2021-07-08T13:39:15,1700.0,50.7,B
2021-07-08T13:39:15,3100.0,50.5,B
2021-07-08T13:39:15,100.0,50.5,B
2021-07-08T13:38:58,1500.0,50.5,B
2021-07-08T13:38:43,600.0,50.5,S
2021-07-08T13:38:41,400.0,50.5,B
2021-07-08T13:38:38,1000.0,50.4,S
2021-07-08T13:38:26,300.0,50.5,B
2021-07-08T13:38:16,500.0,50.5,B
2021-07-08T13:38:11,100.0,50.5,B
2021-07-08T13:38:05,1100.0,50.5,S
2021-07-08T13:37:18,400.0,50.5,S
2021-07-08T13:37:06,2000.0,50.5,S
2021-07-08T13:36:28,500.0,50.5,S
2021-07-08T13:36:25,2000.0,50.5,S
2021-07-08T13:36:25,1000.0,50.7,B
2021-07-08T13:36:17,3000.0,50.5,S
2021-07-08T13:35:54,1000.0,50.5,S
2021-07-08T13:35:32,100.0,50.5,S
2021-07-08T13:35:23,400.0,50.5,S
2021-07-08T13:35:16,2000.0,50.5,S
2021-07-08T13:35:07,400.0,50.6,B
2021-07-08T13:35:06,700.0,50.5,S
2021-07-08T13:35:06,300.0,50.5,S
2021-07-08T13:34:56,100.0,50.6,S
2021-07-08T13:34:42,500.0,50.6,S
2021-07-08T13:34:25,1000.0,50.6,S
2021-07-08T13:34:19,300.0,50.7,B
2021-07-08T13:34:10,100.0,50.7,B
2021-07-08T13:33:54,200.0,50.7,S
2021-07-08T13:33:54,4100.0,50.7,S
2021-07-08T13:33:48,500.0,50.8,S
2021-07-08T13:33:48,3800.0,50.8,S
2021-07-08T13:33:48,2000.0,50.8,S
2021-07-08T13:33:48,1300.0,50.8,S
2021-07-08T13:33:48,4400.0,50.8,S
2021-07-08T13:33:34,2000.0,50.9,S
2021-07-08T13:33:30,500.0,50.9,S
2021-07-08T13:33:30,500.0,50.9,S
2021-07-08T13:33:28,600.0,50.9,S
2021-07-08T13:33:18,500.0,50.9,S
2021-07-08T13:33:13,3300.0,50.9,S
2021-07-08T13:33:11,200.0,50.9,S
2021-07-08T13:32:44,1000.0,50.9,S
2021-07-08T13:32:22,300.0,50.9,S
2021-07-08T13:30:49,6000.0,51.0,B
2021-07-08T13:30:34,1000.0,50.9,S
2021-07-08T13:30:30,600.0,50.9,S
2021-07-08T13:30:23,600.0,50.9,S
2021-07-08T13:30:23,100.0,50.9,S
2021-07-08T13:30:15,400.0,50.9,S
2021-07-08T13:29:58,1100.0,51.0,S
2021-07-08T13:29:58,1200.0,51.0,S
2021-07-08T13:29:58,2700.0,51.1,S
2021-07-08T13:29:03,2300.0,51.1,B
2021-07-08T13:28:33,400.0,51.1,S
2021-07-08T13:28:25,200.0,51.1,S
2021-07-08T13:28:23,1000.0,51.1,S
2021-07-08T13:28:14,400.0,51.1,S
2021-07-08T13:28:09,500.0,51.1,S
2021-07-08T13:27:32,800.0,51.1,S
2021-07-08T13:27:21,200.0,51.1,S
2021-07-08T13:27:21,500.0,51.1,S
2021-07-08T13:27:06,1000.0,51.1,S
2021-07-08T13:25:47,1000.0,51.1,S
2021-07-08T13:23:54,1000.0,51.2,B
2021-07-08T13:23:14,1000.0,51.1,S
2021-07-08T13:22:04,3000.0,51.2,B
2021-07-08T13:21:47,600.0,51.2,B
2021-07-08T13:21:39,500.0,51.1,S
2021-07-08T13:21:26,100.0,51.1,S
2021-07-08T13:20:50,4600.0,51.1,B
2021-07-08T13:19:37,6300.0,51.0,B
2021-07-08T13:19:36,700.0,51.0,B
2021-07-08T13:19:29,200.0,51.0,B
2021-07-08T13:18:59,2800.0,51.0,S
2021-07-08T13:18:18,300.0,51.1,B
2021-07-08T13:18:10,1000.0,51.1,B
2021-07-08T13:17:41,1000.0,51.0,B
2021-07-08T13:17:41,4200.0,51.0,B
2021-07-08T13:15:27,500.0,50.9,S
2021-07-08T13:13:11,100.0,50.9,B
2021-07-08T13:12:36,300.0,50.9,B
2021-07-08T13:11:57,300.0,50.9,S
2021-07-08T13:11:24,700.0,50.9,B
2021-07-08T13:11:12,200.0,50.9,B
2021-07-08T13:10:35,100.0,50.9,B
2021-07-08T13:10:32,1000.0,51.0,B
2021-07-08T13:09:19,500.0,51.0,B
2021-07-08T13:08:49,100.0,51.0,B
2021-07-08T13:08:11,500.0,50.9,S
2021-07-08T13:08:11,200.0,50.9,S
2021-07-08T13:08:03,900.0,50.9,S
2021-07-08T13:07:55,1000.0,50.9,S
2021-07-08T13:07:55,200.0,50.9,S
2021-07-08T13:07:55,100.0,50.9,S
2021-07-08T13:07:47,900.0,50.9,S
2021-07-08T13:07:47,400.0,50.9,S
2021-07-08T13:07:47,200.0,50.9,S
2021-07-08T13:07:32,700.0,50.9,S
2021-07-08T13:06:45,14200.0,51.0,S
2021-07-08T13:06:42,300.0,51.0,S
2021-07-08T13:06:24,1000.0,51.1,B
2021-07-08T13:06:08,1000.0,51.0,S
2021-07-08T13:05:14,500.0,51.1,B
2021-07-08T13:04:57,100.0,51.1,B
2021-07-08T13:04:37,900.0,51.1,B
2021-07-08T13:04:02,500.0,51.1,B
2021-07-08T13:01:57,100.0,51.1,B
2021-07-08T13:01:30,200.0,51.1,B
2021-07-08T13:01:30,700.0,51.1,B
2021-07-08T13:01:06,2000.0,51.0,S
2021-07-08T13:00:04,700.0,51.0,S
2021-07-08T11:28:00,100.0,51.0,S
2021-07-08T11:26:31,500.0,51.1,B
2021-07-08T11:26:31,500.0,51.1,B
2021-07-08T11:25:58,100.0,51.0,S
2021-07-08T11:25:25,100.0,51.0,S
2021-07-08T11:22:39,100.0,51.0,S
2021-07-08T11:20:14,200.0,51.0,S
2021-07-08T11:19:30,10000.0,51.0,S
2021-07-08T11:18:58,300.0,51.1,B
2021-07-08T11:18:21,700.0,51.0,S
2021-07-08T11:16:54,1000.0,51.0,S
2021-07-08T11:15:03,100.0,51.0,S
2021-07-08T11:14:38,500.0,51.0,S
2021-07-08T11:14:32,1000.0,51.0,S
2021-07-08T11:13:38,100.0,51.1,B
2021-07-08T11:12:50,100.0,51.1,B
2021-07-08T11:12:50,900.0,51.1,B
2021-07-08T11:11:58,2000.0,51.0,S
2021-07-08T11:10:02,100.0,51.0,S
2021-07-08T11:09:55,6500.0,51.0,S
2021-07-08T11:09:39,100.0,51.1,B
2021-07-08T11:08:10,100.0,51.0,S
2021-07-08T11:07:27,700.0,51.0,B
2021-07-08T11:07:27,500.0,51.0,B
2021-07-08T11:07:27,1000.0,51.0,B
2021-07-08T11:06:54,1000.0,51.0,B
2021-07-08T11:05:53,100.0,51.0,B
2021-07-08T11:00:56,100.0,50.9,S
2021-07-08T10:59:14,300.0,51.0,B
2021-07-08T10:58:57,1000.0,51.0,B
2021-07-08T10:58:57,100.0,50.9,S
2021-07-08T10:58:31,1100.0,51.0,S
2021-07-08T10:58:31,5200.0,51.0,S
2021-07-08T10:58:31,300.0,51.1,S
2021-07-08T10:57:33,100.0,51.1,B
2021-07-08T10:55:41,400.0,51.0,S
2021-07-08T10:55:03,100.0,51.0,S
2021-07-08T10:54:24,500.0,51.0,S
2021-07-08T10:54:06,3000.0,51.0,S
2021-07-08T10:53:28,2000.0,51.0,S
2021-07-08T10:51:31,500.0,51.0,S
2021-07-08T10:49:47,1000.0,51.0,B
2021-07-08T10:49:47,300.0,51.0,B
2021-07-08T10:49:16,1200.0,51.0,B
2021-07-08T10:48:14,300.0,51.0,B
2021-07-08T10:47:45,600.0,51.0,S
2021-07-08T10:47:29,400.0,51.0,S
2021-07-08T10:45:14,1000.0,51.0,S
2021-07-08T10:44:33,400.0,50.9,S
2021-07-08T10:44:06,200.0,51.2,B
2021-07-08T10:44:06,900.0,51.2,B
2021-07-08T10:43:38,100.0,51.1,B
2021-07-08T10:43:38,200.0,51.1,B
2021-07-08T10:43:35,100.0,51.1,B
2021-07-08T10:43:03,300.0,51.1,B
2021-07-08T10:41:31,500.0,51.0,B
2021-07-08T10:41:14,100.0,51.0,B
2021-07-08T10:41:14,700.0,51.0,B
2021-07-08T10:41:10,100.0,51.0,B
2021-07-08T10:40:57,500.0,51.0,B
2021-07-08T10:40:55,200.0,50.9,S
2021-07-08T10:39:22,200.0,50.9,S
2021-07-08T10:39:14,2000.0,50.9,S
2021-07-08T10:39:05,2000.0,50.9,S
2021-07-08T10:37:32,300.0,50.9,S
2021-07-08T10:37:32,100.0,50.9,S
2021-07-08T10:37:31,100.0,50.9,S
2021-07-08T10:36:23,900.0,50.9,S
2021-07-08T10:36:23,200.0,50.9,S
2021-07-08T10:36:23,900.0,50.9,S
2021-07-08T10:31:21,800.0,50.9,S
2021-07-08T10:30:02,100.0,51.0,S
2021-07-08T10:29:29,200.0,51.0,S
2021-07-08T10:28:57,1000.0,51.0,B
2021-07-08T10:28:55,300.0,51.0,B
2021-07-08T10:28:48,1000.0,51.0,B
2021-07-08T10:28:30,200.0,51.0,B
2021-07-08T10:28:08,100.0,51.0,B
2021-07-08T10:28:02,500.0,51.0,B
2021-07-08T10:27:44,200.0,51.0,B
2021-07-08T10:26:38,100.0,51.0,B
2021-07-08T10:26:18,100.0,51.0,B
2021-07-08T10:26:14,800.0,51.0,S
2021-07-08T10:25:05,1000.0,51.0,S
2021-07-08T10:24:47,200.0,51.1,B
2021-07-08T10:24:21,200.0,51.1,B
2021-07-08T10:23:57,500.0,51.1,S
2021-07-08T10:22:40,100.0,51.2,S
2021-07-08T10:22:40,1000.0,51.2,S
2021-07-08T10:22:35,1500.0,51.2,S
2021-07-08T10:22:19,1000.0,51.2,S
2021-07-08T10:22:14,200.0,51.2,S
2021-07-08T10:22:03,1200.0,51.2,S
2021-07-08T10:21:33,600.0,51.2,S
2021-07-08T10:21:15,100.0,51.3,B
2021-07-08T10:20:39,100.0,51.3,B
2021-07-08T10:20:18,800.0,51.2,S
2021-07-08T10:19:03,100.0,51.3,B
2021-07-08T10:18:58,800.0,51.3,B
2021-07-08T10:17:30,100.0,51.2,S
2021-07-08T10:17:20,1600.0,51.2,S
2021-07-08T10:15:02,100.0,51.2,S
2021-07-08T10:14:41,900.0,51.5,S
2021-07-08T10:14:26,300.0,51.5,B
2021-07-08T10:14:26,8800.0,51.5,B
2021-07-08T10:14:19,1100.0,51.3,B
2021-07-08T10:14:14,400.0,51.2,S
2021-07-08T10:14:12,800.0,51.3,B
2021-07-08T10:14:10,2100.0,51.2,B
2021-07-08T10:14:01,400.0,51.2,B
2021-07-08T10:14:01,2200.0,51.2,B
2021-07-08T10:13:57,200.0,51.2,B
2021-07-08T10:13:49,100.0,51.2,B
2021-07-08T10:13:49,100.0,51.2,B
2021-07-08T10:13:39,2000.0,51.2,B
2021-07-08T10:13:34,2500.0,51.0,S
2021-07-08T10:13:02,4900.0,51.0,B
2021-07-08T10:12:49,300.0,51.0,B
2021-07-08T10:12:47,1000.0,51.0,B
2021-07-08T10:12:45,900.0,51.0,B
2021-07-08T10:12:32,1000.0,51.0,B
2021-07-08T10:12:13,100.0,50.8,S
2021-07-08T10:12:10,100.0,51.0,B
2021-07-08T10:12:07,100.0,51.0,B
2021-07-08T10:11:26,500.0,50.8,B
2021-07-08T10:11:24,300.0,50.8,B
2021-07-08T10:11:19,2500.0,50.8,B
2021-07-08T10:10:30,1000.0,50.7,S
2021-07-08T10:10:27,300.0,50.7,S
2021-07-08T10:10:10,500.0,50.7,S
2021-07-08T10:09:53,1000.0,50.7,S
2021-07-08T10:09:51,100.0,50.8,B
2021-07-08T10:09:50,100.0,50.8,S
2021-07-08T10:08:45,1400.0,50.8,S
2021-07-08T10:08:39,1000.0,50.8,S
2021-07-08T10:08:37,200.0,50.8,S
2021-07-08T10:08:31,1000.0,50.8,S
2021-07-08T10:08:30,200.0,50.8,S
2021-07-08T10:08:25,600.0,50.8,S
2021-07-08T10:08:20,100.0,50.8,S
2021-07-08T10:08:20,3200.0,50.8,S
2021-07-08T10:08:19,100.0,50.8,S
2021-07-08T10:08:13,200.0,50.8,S
2021-07-08T10:08:13,1800.0,50.8,S
2021-07-08T10:07:59,100.0,50.8,S
2021-07-08T10:07:18,3700.0,50.9,S
2021-07-08T10:06:45,2200.0,51.0,S
2021-07-08T10:06:40,100.0,51.0,S
2021-07-08T10:06:36,1000.0,51.0,S
2021-07-08T10:06:23,600.0,51.0,S
2021-07-08T10:06:12,10000.0,51.0,S
2021-07-08T10:06:04,200.0,51.1,S
2021-07-08T10:02:50,200.0,51.2,B
2021-07-08T10:02:25,300.0,51.2,B
2021-07-08T10:01:33,200.0,51.2,B
2021-07-08T10:01:24,200.0,51.2,S
2021-07-08T10:00:46,100.0,51.2,B
2021-07-08T10:00:46,200.0,51.2,B
2021-07-08T10:00:14,200.0,51.2,B
2021-07-08T09:59:36,300.0,51.2,B
2021-07-08T09:59:34,200.0,51.2,B
2021-07-08T09:59:11,300.0,51.0,S
2021-07-08T09:57:28,200.0,50.9,S
2021-07-08T09:56:10,300.0,51.0,B
2021-07-08T09:56:06,1000.0,51.0,B
2021-07-08T09:56:03,14700.0,51.0,S
2021-07-08T09:56:00,200.0,51.2,B
2021-07-08T09:55:38,1000.0,51.2,B
2021-07-08T09:55:38,1000.0,51.2,B
2021-07-08T09:55:22,100.0,51.2,B
2021-07-08T09:54:54,500.0,51.2,B
2021-07-08T09:53:25,800.0,51.2,S
2021-07-08T09:53:16,800.0,51.2,S
2021-07-08T09:52:57,1000.0,51.3,B
2021-07-08T09:52:57,1000.0,51.1,S
2021-07-08T09:52:14,2500.0,51.2,S
2021-07-08T09:52:07,1100.0,51.3,B
2021-07-08T09:52:04,1000.0,51.3,S
2021-07-08T09:51:40,700.0,51.4,S
2021-07-08T09:51:18,200.0,51.5,B
2021-07-08T09:50:13,100.0,51.5,S
2021-07-08T09:50:13,8100.0,51.5,S
2021-07-08T09:50:07,900.0,51.5,S
2021-07-08T09:50:01,100.0,51.5,S
2021-07-08T09:49:56,800.0,51.5,S
2021-07-08T09:49:42,1000.0,51.5,S
2021-07-08T09:49:07,1000.0,51.5,S
2021-07-08T09:48:36,300.0,51.5,S
2021-07-08T09:48:32,2000.0,51.7,B
2021-07-08T09:48:19,1000.0,51.6,S
2021-07-08T09:48:01,200.0,51.7,B
2021-07-08T09:47:28,500.0,51.7,B
2021-07-08T09:46:30,2000.0,51.7,S
2021-07-08T09:45:48,500.0,51.9,B
2021-07-08T09:45:06,700.0,51.9,B
2021-07-08T09:45:06,800.0,51.9,B
2021-07-08T09:45:06,500.0,51.9,B
2021-07-08T09:43:30,200.0,51.9,B
2021-07-08T09:42:20,500.0,52.0,S
2021-07-08T09:42:12,500.0,52.0,B
2021-07-08T09:41:59,300.0,52.2,B
2021-07-08T09:41:58,4200.0,52.2,B
2021-07-08T09:41:42,300.0,52.0,B
2021-07-08T09:41:36,6900.0,52.0,B
2021-07-08T09:41:33,100.0,52.0,S
2021-07-08T09:41:25,1300.0,52.2,B
2021-07-08T09:41:23,1300.0,52.0,B
2021-07-08T09:41:23,300.0,52.0,B
2021-07-08T09:41:23,4000.0,52.0,B
2021-07-08T09:41:22,300.0,52.0,B
2021-07-08T09:41:22,7100.0,52.0,B
2021-07-08T09:41:15,100.0,51.6,B
2021-07-08T09:40:38,2900.0,51.9,B
2021-07-08T09:40:38,3800.0,51.9,B
2021-07-08T09:40:35,1000.0,51.5,S
2021-07-08T09:40:35,700.0,51.5,S
2021-07-08T09:40:35,100.0,51.6,S
2021-07-08T09:40:35,5000.0,51.6,S
2021-07-08T09:40:15,200.0,51.6,S
2021-07-08T09:40:06,200.0,51.8,B
2021-07-08T09:40:06,800.0,51.7,B
2021-07-08T09:40:03,900.0,51.7,B
2021-07-08T09:39:57,100.0,51.6,S
2021-07-08T09:39:57,500.0,51.7,B
2021-07-08T09:39:31,2200.0,51.6,B
2021-07-08T09:39:23,300.0,51.5,S
2021-07-08T09:39:20,2600.0,51.5,B
2021-07-08T09:39:07,100.0,51.5,B
2021-07-08T09:38:46,1000.0,51.5,B
2021-07-08T09:38:45,100.0,51.2,S
2021-07-08T09:38:28,100.0,51.5,B
2021-07-08T09:38:28,2200.0,51.5,B
2021-07-08T09:38:28,700.0,51.3,B
2021-07-08T09:38:08,800.0,51.3,B
2021-07-08T09:37:57,600.0,51.2,B
2021-07-08T09:37:51,400.0,51.2,B
2021-07-08T09:37:15,100.0,51.0,B
2021-07-08T09:37:15,300.0,51.0,B
2021-07-08T09:37:10,1300.0,51.0,B
2021-07-08T09:36:58,3400.0,51.0,B
2021-07-08T09:36:51,900.0,51.0,B
2021-07-08T09:36:51,100.0,51.0,B
2021-07-08T09:36:51,800.0,51.0,B
2021-07-08T09:36:45,1000.0,51.0,B
2021-07-08T09:36:39,10000.0,51.0,B
2021-07-08T09:36:37,600.0,50.9,S
2021-07-08T09:36:33,600.0,50.9,B
2021-07-08T09:36:25,2700.0,50.9,B
2021-07-08T09:36:25,300.0,50.9,B
2021-07-08T09:36:04,5000.0,50.9,B
2021-07-08T09:35:50,500.0,50.5,B
2021-07-08T09:35:35,10000.0,50.5,B
2021-07-08T09:35:21,100.0,50.4,B
2021-07-08T09:35:20,900.0,50.3,S
2021-07-08T09:35:20,100.0,50.3,S
2021-07-08T09:35:01,100.0,50.3,S
2021-07-08T09:34:59,500.0,50.4,B
2021-07-08T09:34:49,500.0,50.4,B
2021-07-08T09:34:38,200.0,50.3,S
2021-07-08T09:34:35,5000.0,50.4,B
2021-07-08T09:34:31,500.0,50.4,B
2021-07-08T09:34:08,4600.0,50.4,B
2021-07-08T09:34:08,2400.0,50.4,B
2021-07-08T09:33:48,700.0,50.3,B
2021-07-08T09:33:41,6000.0,50.3,B
2021-07-08T09:33:17,300.0,50.3,B
2021-07-08T09:33:13,300.0,50.3,B
2021-07-08T09:32:06,100.0,50.4,B
2021-07-08T09:31:56,1000.0,50.3,B
2021-07-08T09:31:26,1000.0,50.3,B
2021-07-08T09:31:25,4000.0,50.2,S
2021-07-08T09:31:08,100.0,50.2,S
2021-07-08T09:31:03,200.0,50.2,S
2021-07-08T09:30:22,1100.0,50.2,B
2021-07-08T09:30:15,400.0,50.1,S
2021-07-08T09:29:37,2000.0,50.1,B
2021-07-08T09:29:27,1300.0,50.1,B
2021-07-08T09:28:29,300.0,50.1,S
2021-07-08T09:28:05,1000.0,50.1,S
2021-07-08T09:25:58,100.0,50.0,B
2021-07-08T09:25:57,1000.0,49.7,S
2021-07-08T09:25:53,1000.0,50.0,B
2021-07-08T09:25:48,500.0,50.0,B
2021-07-08T09:25:41,5000.0,50.0,S
2021-07-08T09:25:41,2600.0,50.0,S
2021-07-08T09:25:41,800.0,50.1,S
2021-07-08T09:25:35,200.0,50.1,S
2021-07-08T09:24:08,900.0,50.1,S
2021-07-08T09:24:05,600.0,50.2,S
2021-07-08T09:23:58,1000.0,50.2,S
2021-07-08T09:23:54,1400.0,50.2,S
2021-07-08T09:23:10,100.0,50.1,S
2021-07-08T09:22:15,1000.0,50.1,S
2021-07-08T09:21:17,2000.0,50.1,S
2021-07-08T09:20:27,1600.0,50.1,S
2021-07-08T09:20:27,400.0,50.1,S
2021-07-08T09:18:47,1000.0,50.1,S
2021-07-08T09:18:38,600.0,50.4,B
2021-07-08T09:18:15,500.0,50.4,B
2021-07-08T09:18:07,600.0,50.4,B
2021-07-08T09:18:03,300.0,50.4,B
2021-07-08T09:17:22,400.0,50.4,B
2021-07-08T09:17:16,200.0,50.4,B
2021-07-08T09:17:12,100.0,50.4,B
2021-07-08T09:16:58,200.0,50.4,B
2021-07-08T09:16:12,100.0,50.4,B
2021-07-08T09:15:56,200.0,50.5,B
2021-07-08T09:15:47,2000.0,50.0,S
