tradingTime,volume,price,side
2021-07-08T14:29:51,10000.0,10.05,B
2021-07-08T14:29:38,20000.0,10.0,S
2021-07-08T14:29:33,100.0,10.0,S
2021-07-08T14:29:20,2300.0,10.0,B
2021-07-08T14:29:19,34000.0,10.0,B
2021-07-08T14:29:19,1000.0,10.0,B
2021-07-08T14:29:14,5000.0,10.0,B
2021-07-08T14:29:08,1000.0,10.0,B
2021-07-08T14:29:04,200.0,10.0,B
2021-07-08T14:29:01,100.0,10.0,B
2021-07-08T14:28:59,1400.0,10.0,B
2021-07-08T14:28:59,9000.0,10.0,B
2021-07-08T14:28:59,58600.0,10.0,B
2021-07-08T14:28:54,100.0,10.0,B
2021-07-08T14:28:48,4000.0,10.0,B
2021-07-08T14:28:45,500.0,9.99,S
2021-07-08T14:28:41,500.0,10.0,B
2021-07-08T14:28:23,600.0,9.99,S
2021-07-08T14:28:22,500.0,10.0,B
2021-07-08T14:28:20,4800.0,10.0,B
2021-07-08T14:28:20,200.0,10.0,B
2021-07-08T14:28:20,100.0,10.0,B
2021-07-08T14:27:48,500.0,10.0,B
2021-07-08T14:27:42,2000.0,9.99,S
2021-07-08T14:27:25,800.0,9.99,S
2021-07-08T14:27:22,1000.0,9.99,S
2021-07-08T14:27:18,100.0,9.99,S
2021-07-08T14:27:15,500.0,9.99,S
2021-07-08T14:27:14,600.0,9.99,B
2021-07-08T14:27:11,5000.0,9.99,B
2021-07-08T14:27:11,1000.0,9.98,S
2021-07-08T14:27:09,200.0,9.99,B
2021-07-08T14:27:08,2000.0,9.99,B
2021-07-08T14:27:03,1000.0,9.99,B
2021-07-08T14:27:02,10000.0,9.99,B
2021-07-08T14:27:02,1000.0,9.99,B
2021-07-08T14:27:01,900.0,9.98,S
2021-07-08T14:26:55,500.0,9.99,B
2021-07-08T14:26:55,900.0,9.99,B
2021-07-08T14:26:55,6000.0,9.99,B
2021-07-08T14:26:51,100.0,9.99,B
2021-07-08T14:26:45,1700.0,9.99,B
2021-07-08T14:26:43,1000.0,9.99,B
2021-07-08T14:26:40,1000.0,9.98,S
2021-07-08T14:26:38,100.0,9.99,B
2021-07-08T14:26:36,20000.0,9.99,B
2021-07-08T14:26:25,31000.0,9.99,B
2021-07-08T14:26:19,2000.0,9.98,S
2021-07-08T14:26:10,100.0,9.99,B
2021-07-08T14:26:08,300.0,9.98,S
2021-07-08T14:26:05,1500.0,9.98,S
2021-07-08T14:26:02,200.0,9.99,B
2021-07-08T14:26:01,100.0,9.99,B
2021-07-08T14:26:00,200.0,9.98,S
2021-07-08T14:25:50,300.0,9.99,B
2021-07-08T14:25:48,2000.0,9.98,S
2021-07-08T14:25:36,500.0,9.99,B
2021-07-08T14:25:27,400.0,9.99,B
2021-07-08T14:25:27,800.0,9.99,B
2021-07-08T14:25:24,100.0,9.99,B
2021-07-08T14:25:22,100.0,9.99,B
2021-07-08T14:25:02,1000.0,9.99,B
2021-07-08T14:25:02,200.0,9.98,S
2021-07-08T14:25:00,1000.0,9.99,B
2021-07-08T14:24:54,100.0,9.99,B
2021-07-08T14:24:45,1000.0,9.99,B
2021-07-08T14:24:45,1000.0,9.98,S
2021-07-08T14:24:42,4900.0,9.99,B
2021-07-08T14:24:40,3500.0,9.98,S
2021-07-08T14:24:35,100.0,9.99,B
2021-07-08T14:24:14,4900.0,9.99,B
2021-07-08T14:23:44,200.0,9.99,B
2021-07-08T14:23:36,4000.0,9.99,B
2021-07-08T14:23:21,400.0,9.99,B
2021-07-08T14:23:16,1000.0,9.99,B
2021-07-08T14:23:16,100.0,9.99,B
2021-07-08T14:23:15,1400.0,9.99,B
2021-07-08T14:23:14,500.0,9.99,B
2021-07-08T14:23:11,100.0,9.98,S
2021-07-08T14:23:09,1000.0,9.99,B
2021-07-08T14:22:55,1000.0,9.98,S
2021-07-08T14:22:41,12000.0,9.98,S
2021-07-08T14:22:39,100.0,9.98,S
2021-07-08T14:22:38,1000.0,9.99,B
2021-07-08T14:22:36,500.0,9.99,B
2021-07-08T14:22:34,100.0,9.99,B
2021-07-08T14:22:24,700.0,9.99,B
2021-07-08T14:22:13,5000.0,9.98,S
2021-07-08T14:22:07,100.0,9.99,B
2021-07-08T14:21:48,500.0,9.99,B
2021-07-08T14:21:45,200.0,9.99,B
2021-07-08T14:21:20,200.0,9.99,B
2021-07-08T14:21:20,200.0,9.99,B
2021-07-08T14:21:15,600.0,9.99,B
2021-07-08T14:20:47,300.0,9.99,B
2021-07-08T14:20:42,1000.0,9.98,S
2021-07-08T14:20:27,2000.0,9.99,B
2021-07-08T14:20:27,400.0,9.99,B
2021-07-08T14:20:25,100.0,9.99,B
2021-07-08T14:20:22,100.0,9.99,B
2021-07-08T14:20:12,1300.0,9.99,B
2021-07-08T14:20:02,1000.0,9.99,B
2021-07-08T14:19:52,9900.0,9.99,B
2021-07-08T14:19:42,500.0,9.99,B
2021-07-08T14:19:35,100.0,9.99,B
2021-07-08T14:19:34,1000.0,9.99,B
2021-07-08T14:19:18,300.0,9.99,B
2021-07-08T14:19:12,400.0,9.99,B
2021-07-08T14:19:07,1000.0,9.99,B
2021-07-08T14:19:02,1000.0,9.99,B
2021-07-08T14:18:58,100.0,9.99,B
2021-07-08T14:18:58,4000.0,9.98,S
2021-07-08T14:18:58,5700.0,9.98,S
2021-07-08T14:18:58,300.0,9.98,S
2021-07-08T14:18:57,100.0,9.99,B
2021-07-08T14:18:51,500.0,9.98,S
2021-07-08T14:18:27,1000.0,9.99,B
2021-07-08T14:18:17,500.0,9.99,B
2021-07-08T14:18:13,100.0,9.99,B
2021-07-08T14:17:47,1000.0,9.99,B
2021-07-08T14:17:47,100.0,9.99,B
2021-07-08T14:17:28,200.0,9.98,S
2021-07-08T14:17:17,5000.0,9.99,B
2021-07-08T14:17:11,700.0,9.99,B
2021-07-08T14:16:56,5000.0,9.99,B
2021-07-08T14:16:52,2000.0,9.98,S
2021-07-08T14:16:46,3800.0,9.99,B
2021-07-08T14:16:44,500.0,9.99,B
2021-07-08T14:15:31,700.0,9.98,S
2021-07-08T14:15:31,4300.0,9.98,S
2021-07-08T14:15:29,1500.0,9.99,B
2021-07-08T14:15:17,1000.0,9.98,S
2021-07-08T14:15:07,700.0,9.99,B
2021-07-08T14:15:00,10000.0,9.99,B
2021-07-08T14:14:51,1000.0,9.99,B
2021-07-08T14:13:58,100.0,9.99,B
2021-07-08T14:13:45,1500.0,9.98,S
2021-07-08T14:13:29,2000.0,9.98,S
2021-07-08T14:13:19,1500.0,9.98,S
2021-07-08T14:13:15,15000.0,9.98,S
2021-07-08T14:13:07,100.0,9.98,S
2021-07-08T14:12:57,600.0,9.99,B
2021-07-08T14:12:45,3000.0,9.98,S
2021-07-08T14:12:44,1000.0,9.98,B
2021-07-08T14:12:36,600.0,9.98,B
2021-07-08T14:12:27,5000.0,9.98,B
2021-07-08T14:12:22,10300.0,9.98,B
2021-07-08T14:12:22,1800.0,9.98,S
2021-07-08T14:12:22,300.0,9.98,S
2021-07-08T14:12:20,1000.0,9.98,S
2021-07-08T14:12:17,7600.0,9.99,B
2021-07-08T14:12:17,400.0,9.99,B
2021-07-08T14:12:00,1000.0,9.99,B
2021-07-08T14:11:22,3900.0,9.98,S
2021-07-08T14:11:22,4100.0,9.98,S
2021-07-08T14:11:18,100.0,9.98,S
2021-07-08T14:11:18,100.0,9.98,S
2021-07-08T14:11:10,2000.0,9.98,S
2021-07-08T14:10:56,200.0,9.98,S
2021-07-08T14:10:56,400.0,9.99,B
2021-07-08T14:10:45,7400.0,9.98,S
2021-07-08T14:10:04,2300.0,9.98,S
2021-07-08T14:10:04,2000.0,9.98,S
2021-07-08T14:10:04,9500.0,9.98,S
2021-07-08T14:10:04,500.0,9.98,S
2021-07-08T14:10:04,12300.0,9.98,S
2021-07-08T14:10:04,1200.0,9.98,S
2021-07-08T14:10:04,12200.0,9.98,S
2021-07-08T14:09:56,5000.0,9.99,S
2021-07-08T14:09:49,400.0,9.99,S
2021-07-08T14:09:41,6800.0,9.99,S
2021-07-08T14:09:34,100.0,9.99,S
2021-07-08T14:09:30,45800.0,9.99,B
2021-07-08T14:09:15,1000.0,9.98,S
2021-07-08T14:09:11,3000.0,9.98,S
2021-07-08T14:09:02,300.0,9.98,S
2021-07-08T14:08:57,100.0,9.99,B
2021-07-08T14:08:45,500.0,9.99,B
2021-07-08T14:08:26,9000.0,9.98,S
2021-07-08T14:08:05,1000.0,9.98,S
2021-07-08T14:08:01,10000.0,9.98,S
2021-07-08T14:08:00,400.0,9.98,S
2021-07-08T14:07:57,1500.0,9.98,S
2021-07-08T14:07:22,2000.0,9.98,S
2021-07-08T14:07:19,600.0,9.99,B
2021-07-08T14:07:11,100.0,9.98,S
2021-07-08T14:07:01,500.0,9.99,B
2021-07-08T14:06:54,200.0,9.99,B
2021-07-08T14:06:52,3000.0,9.99,S
2021-07-08T14:06:42,700.0,10.0,B
2021-07-08T14:06:36,400.0,9.99,S
2021-07-08T14:06:17,1400.0,9.99,S
2021-07-08T14:06:09,3000.0,9.99,S
2021-07-08T14:06:03,100.0,9.99,S
2021-07-08T14:05:58,7700.0,9.99,S
2021-07-08T14:05:40,10000.0,9.99,S
2021-07-08T14:05:36,10000.0,9.98,S
2021-07-08T14:05:32,11000.0,9.98,S
2021-07-08T14:05:27,100.0,9.98,S
2021-07-08T14:05:19,1000.0,9.98,S
2021-07-08T14:05:08,6500.0,9.99,B
2021-07-08T14:04:58,1900.0,9.99,B
2021-07-08T14:04:41,300.0,9.99,B
2021-07-08T14:04:36,100.0,9.99,S
2021-07-08T14:04:34,400.0,9.99,S
2021-07-08T14:04:20,1000.0,9.99,B
2021-07-08T14:04:09,100.0,9.99,B
2021-07-08T14:03:52,8600.0,9.98,S
2021-07-08T14:03:39,2000.0,9.98,S
2021-07-08T14:03:21,2200.0,9.98,S
2021-07-08T14:03:08,79800.0,9.98,S
2021-07-08T14:03:08,7200.0,9.98,S
2021-07-08T14:03:08,3000.0,9.99,S
2021-07-08T14:03:07,1600.0,9.99,S
2021-07-08T14:03:07,7400.0,9.99,S
2021-07-08T14:03:01,5000.0,9.99,S
2021-07-08T14:02:57,300.0,10.0,B
2021-07-08T14:02:56,11400.0,10.0,B
2021-07-08T14:02:29,700.0,10.0,B
2021-07-08T14:02:29,2000.0,9.99,S
2021-07-08T14:02:17,12000.0,9.99,S
2021-07-08T14:02:02,500.0,9.99,S
2021-07-08T14:02:02,500.0,9.99,S
2021-07-08T14:02:02,30000.0,9.99,S
2021-07-08T14:01:57,50000.0,9.99,S
2021-07-08T14:01:55,1100.0,9.99,S
2021-07-08T14:01:52,1000.0,9.99,S
2021-07-08T14:01:40,300.0,9.99,S
2021-07-08T14:01:35,2000.0,9.99,S
2021-07-08T14:01:16,100.0,9.99,S
2021-07-08T14:01:13,100.0,9.99,B
2021-07-08T14:01:11,4300.0,9.99,B
2021-07-08T14:01:07,100.0,9.99,B
2021-07-08T14:00:53,1400.0,9.99,S
2021-07-08T14:00:50,100.0,9.99,S
2021-07-08T14:00:50,100.0,10.0,B
2021-07-08T14:00:39,500.0,9.99,S
2021-07-08T14:00:35,100.0,10.0,B
2021-07-08T14:00:21,1000.0,10.0,B
2021-07-08T13:59:56,1500.0,10.0,B
2021-07-08T13:59:43,100.0,10.0,B
2021-07-08T13:59:24,1500.0,10.0,B
2021-07-08T13:59:10,100.0,10.0,B
2021-07-08T13:59:04,100.0,10.0,B
2021-07-08T13:58:54,200.0,10.0,B
2021-07-08T13:58:42,4000.0,9.99,S
2021-07-08T13:58:25,3000.0,9.98,S
2021-07-08T13:58:20,1300.0,10.0,B
2021-07-08T13:58:15,500.0,10.0,B
2021-07-08T13:58:00,100.0,9.99,S
2021-07-08T13:58:00,400.0,9.99,S
2021-07-08T13:57:55,4000.0,9.99,S
2021-07-08T13:57:42,2200.0,9.99,S
2021-07-08T13:57:37,1000.0,10.0,B
2021-07-08T13:57:05,2000.0,9.99,B
2021-07-08T13:57:05,3600.0,9.99,B
2021-07-08T13:57:01,200.0,9.99,B
2021-07-08T13:56:53,100.0,9.99,B
2021-07-08T13:56:49,100.0,9.99,B
2021-07-08T13:56:37,300.0,9.99,B
2021-07-08T13:56:35,100.0,9.99,B
2021-07-08T13:56:33,8300.0,9.99,B
2021-07-08T13:56:16,500.0,9.98,S
2021-07-08T13:56:12,800.0,10.0,B
2021-07-08T13:56:10,15000.0,9.99,S
2021-07-08T13:55:56,3500.0,9.99,S
2021-07-08T13:55:38,3000.0,9.99,B
2021-07-08T13:55:38,6600.0,9.99,B
2021-07-08T13:55:29,300.0,9.99,B
2021-07-08T13:55:26,400.0,9.99,B
2021-07-08T13:55:19,7000.0,9.99,B
2021-07-08T13:55:13,200.0,9.99,B
2021-07-08T13:55:02,1000.0,9.99,B
2021-07-08T13:54:59,20000.0,9.99,B
2021-07-08T13:54:58,1000.0,9.99,B
2021-07-08T13:54:54,2000.0,9.99,B
2021-07-08T13:54:49,2000.0,9.98,S
2021-07-08T13:54:42,1000.0,9.99,B
2021-07-08T13:54:39,2000.0,9.99,B
2021-07-08T13:54:39,5000.0,9.98,S
2021-07-08T13:54:15,3000.0,9.99,B
2021-07-08T13:54:04,800.0,9.99,B
2021-07-08T13:53:54,100.0,9.99,B
2021-07-08T13:53:53,100.0,9.99,B
2021-07-08T13:53:51,10000.0,9.99,B
2021-07-08T13:53:48,500.0,9.98,S
2021-07-08T13:53:28,1400.0,9.99,B
2021-07-08T13:53:25,300.0,9.99,B
2021-07-08T13:53:24,2000.0,9.99,S
2021-07-08T13:53:24,2700.0,9.99,S
2021-07-08T13:53:24,1200.0,9.99,S
2021-07-08T13:53:24,100.0,9.99,S
2021-07-08T13:53:24,200.0,9.99,S
2021-07-08T13:53:24,6100.0,9.99,S
2021-07-08T13:53:24,10200.0,9.99,S
2021-07-08T13:53:24,5500.0,9.99,S
2021-07-08T13:53:24,1000.0,9.99,S
2021-07-08T13:53:24,5100.0,9.99,S
2021-07-08T13:53:24,1000.0,9.99,S
2021-07-08T13:53:24,200.0,9.99,S
2021-07-08T13:53:24,13100.0,9.99,S
2021-07-08T13:53:15,100.0,9.99,S
2021-07-08T13:52:45,2000.0,9.99,S
2021-07-08T13:52:37,100.0,10.0,B
2021-07-08T13:52:22,6000.0,10.0,B
2021-07-08T13:52:11,100.0,10.0,B
2021-07-08T13:51:54,800.0,10.0,B
2021-07-08T13:51:44,300.0,10.0,B
2021-07-08T13:51:32,100.0,10.0,B
2021-07-08T13:50:59,10000.0,10.0,B
2021-07-08T13:50:50,6800.0,9.99,S
2021-07-08T13:50:50,3200.0,9.99,S
2021-07-08T13:50:42,1000.0,9.99,S
2021-07-08T13:50:39,1700.0,9.99,S
2021-07-08T13:50:17,600.0,9.99,S
2021-07-08T13:50:16,10000.0,10.0,B
2021-07-08T13:50:12,300.0,10.0,B
2021-07-08T13:50:10,1200.0,9.99,S
2021-07-08T13:50:04,3000.0,10.0,B
2021-07-08T13:49:59,10000.0,10.0,B
2021-07-08T13:49:49,5000.0,10.0,B
2021-07-08T13:49:42,800.0,10.0,B
2021-07-08T13:49:27,100.0,10.0,B
2021-07-08T13:49:18,600.0,10.0,B
2021-07-08T13:48:56,1200.0,10.0,B
2021-07-08T13:48:54,2000.0,9.99,S
2021-07-08T13:48:44,1500.0,10.0,B
2021-07-08T13:48:30,300.0,10.0,B
2021-07-08T13:48:21,1000.0,10.0,B
2021-07-08T13:48:19,1000.0,10.0,B
2021-07-08T13:48:05,5000.0,10.0,B
2021-07-08T13:48:04,200.0,9.99,S
2021-07-08T13:48:02,10000.0,10.0,B
2021-07-08T13:47:39,300.0,10.0,B
2021-07-08T13:47:36,800.0,10.0,B
2021-07-08T13:47:35,700.0,9.99,S
2021-07-08T13:47:34,1500.0,9.99,S
2021-07-08T13:47:16,1600.0,9.99,B
2021-07-08T13:47:14,400.0,9.99,S
2021-07-08T13:47:09,1900.0,9.99,B
2021-07-08T13:47:01,1000.0,9.99,B
2021-07-08T13:46:55,500.0,9.99,B
2021-07-08T13:46:51,400.0,9.99,B
2021-07-08T13:46:42,1500.0,9.99,B
2021-07-08T13:46:35,600.0,9.99,B
2021-07-08T13:46:16,5200.0,9.99,B
2021-07-08T13:46:14,400.0,9.99,B
2021-07-08T13:46:10,100.0,9.99,B
2021-07-08T13:46:05,100.0,9.99,B
2021-07-08T13:46:00,600.0,9.99,B
2021-07-08T13:45:55,1000.0,9.99,B
2021-07-08T13:45:54,1000.0,9.99,B
2021-07-08T13:45:51,1000.0,9.99,B
2021-07-08T13:45:48,1000.0,9.99,B
2021-07-08T13:45:39,100.0,9.99,B
2021-07-08T13:45:38,6500.0,9.99,S
2021-07-08T13:45:38,5000.0,9.99,S
2021-07-08T13:45:38,2900.0,9.99,S
2021-07-08T13:45:38,6300.0,9.99,S
2021-07-08T13:45:38,100.0,9.99,S
2021-07-08T13:45:38,500.0,9.99,S
2021-07-08T13:45:38,7500.0,9.99,S
2021-07-08T13:45:38,3000.0,9.99,S
2021-07-08T13:45:38,300.0,9.99,S
2021-07-08T13:45:38,7500.0,9.99,S
2021-07-08T13:45:28,1000.0,10.0,B
2021-07-08T13:45:23,200.0,10.0,B
2021-07-08T13:45:14,200.0,10.0,B
2021-07-08T13:45:04,100.0,10.0,B
2021-07-08T13:45:01,200.0,9.99,S
2021-07-08T13:44:38,300.0,10.0,B
2021-07-08T13:44:14,1000.0,10.0,B
2021-07-08T13:43:37,100.0,10.0,B
2021-07-08T13:43:18,900.0,10.0,B
2021-07-08T13:43:14,100.0,10.0,B
2021-07-08T13:42:57,100.0,10.0,B
2021-07-08T13:42:36,200.0,10.0,B
2021-07-08T13:42:36,4800.0,10.0,B
2021-07-08T13:42:34,300.0,10.0,B
2021-07-08T13:42:32,800.0,9.99,S
2021-07-08T13:42:25,10000.0,10.0,B
2021-07-08T13:42:22,100.0,10.0,B
2021-07-08T13:42:21,300.0,10.0,B
2021-07-08T13:41:55,300.0,10.0,B
2021-07-08T13:41:42,700.0,10.0,B
2021-07-08T13:41:42,23300.0,10.0,B
2021-07-08T13:41:31,800.0,9.99,B
2021-07-08T13:41:20,200.0,9.99,B
2021-07-08T13:41:20,300.0,9.99,B
2021-07-08T13:41:13,900.0,9.99,B
2021-07-08T13:41:08,200.0,9.98,S
2021-07-08T13:40:37,60000.0,9.97,S
2021-07-08T13:40:37,200.0,9.99,S
2021-07-08T13:40:36,700.0,9.99,S
2021-07-08T13:40:34,1300.0,9.99,S
2021-07-08T13:40:34,1700.0,9.99,S
2021-07-08T13:40:26,2000.0,9.99,S
2021-07-08T13:40:25,300.0,9.99,S
2021-07-08T13:40:22,4000.0,9.99,S
2021-07-08T13:40:12,700.0,9.99,S
2021-07-08T13:40:09,4600.0,9.99,S
2021-07-08T13:39:58,600.0,9.99,B
2021-07-08T13:39:50,300.0,9.99,B
2021-07-08T13:39:44,100.0,9.99,B
2021-07-08T13:39:11,100.0,10.0,B
2021-07-08T13:39:05,1100.0,10.0,B
2021-07-08T13:38:42,500.0,10.0,B
2021-07-08T13:38:33,3000.0,9.97,S
2021-07-08T13:38:09,60200.0,9.97,S
2021-07-08T13:38:09,4800.0,9.97,S
2021-07-08T13:38:09,6500.0,9.97,S
2021-07-08T13:38:09,700.0,9.97,S
2021-07-08T13:38:09,200.0,9.98,S
2021-07-08T13:38:09,300.0,9.98,S
2021-07-08T13:38:09,1200.0,9.98,S
2021-07-08T13:38:09,100.0,9.98,S
2021-07-08T13:38:09,100.0,9.98,S
2021-07-08T13:38:09,100.0,9.98,S
2021-07-08T13:38:09,2500.0,9.98,S
2021-07-08T13:38:09,1100.0,9.98,S
2021-07-08T13:38:09,1100.0,9.98,S
2021-07-08T13:38:09,900.0,9.98,S
2021-07-08T13:38:09,2300.0,9.98,S
2021-07-08T13:38:09,500.0,9.98,S
2021-07-08T13:38:09,1100.0,9.98,S
2021-07-08T13:38:09,100.0,9.98,S
2021-07-08T13:38:09,500.0,9.98,S
2021-07-08T13:38:09,2600.0,9.98,S
2021-07-08T13:38:09,1200.0,9.98,S
2021-07-08T13:38:09,4400.0,9.98,S
2021-07-08T13:38:09,200.0,9.99,S
2021-07-08T13:38:09,3100.0,9.99,S
2021-07-08T13:38:09,500.0,9.99,S
2021-07-08T13:38:09,2100.0,9.99,S
2021-07-08T13:38:09,14000.0,9.99,S
2021-07-08T13:38:09,1000.0,9.99,S
2021-07-08T13:38:09,2600.0,9.99,S
2021-07-08T13:38:08,1500.0,9.99,S
2021-07-08T13:38:06,2000.0,9.99,S
2021-07-08T13:37:59,100.0,9.99,S
2021-07-08T13:37:59,300.0,9.99,S
2021-07-08T13:37:59,1300.0,9.99,S
2021-07-08T13:37:59,300.0,9.99,S
2021-07-08T13:37:59,2000.0,9.99,S
2021-07-08T13:37:53,1500.0,9.99,S
2021-07-08T13:37:25,800.0,9.99,S
2021-07-08T13:37:25,700.0,9.99,S
2021-07-08T13:37:22,4000.0,9.99,S
2021-07-08T13:37:08,4400.0,10.0,B
2021-07-08T13:37:06,9600.0,9.99,S
2021-07-08T13:37:00,800.0,10.0,B
2021-07-08T13:36:57,200.0,9.99,S
2021-07-08T13:36:57,300.0,9.99,S
2021-07-08T13:36:49,3800.0,9.99,S
2021-07-08T13:36:43,4000.0,9.99,S
2021-07-08T13:36:42,1000.0,9.99,S
2021-07-08T13:36:20,200.0,9.99,S
2021-07-08T13:36:06,100.0,9.99,S
2021-07-08T13:35:42,4000.0,9.99,S
2021-07-08T13:35:32,100.0,10.0,B
2021-07-08T13:35:30,2000.0,10.0,B
2021-07-08T13:35:20,5000.0,9.99,S
2021-07-08T13:35:07,3000.0,9.99,S
2021-07-08T13:35:07,300.0,9.99,S
2021-07-08T13:35:05,1400.0,9.99,S
2021-07-08T13:35:05,1000.0,9.99,S
2021-07-08T13:34:59,700.0,10.0,B
2021-07-08T13:34:44,10000.0,9.99,S
2021-07-08T13:34:42,100.0,10.0,B
2021-07-08T13:34:42,16800.0,9.99,S
2021-07-08T13:34:42,100.0,9.99,S
2021-07-08T13:34:42,300.0,9.99,S
2021-07-08T13:34:42,500.0,9.99,S
2021-07-08T13:34:42,2000.0,9.99,S
2021-07-08T13:34:42,1800.0,9.99,S
2021-07-08T13:34:42,3000.0,9.99,S
2021-07-08T13:34:38,100.0,10.0,B
2021-07-08T13:34:17,100.0,9.99,S
2021-07-08T13:34:07,300.0,9.99,S
2021-07-08T13:34:07,400.0,9.99,S
2021-07-08T13:34:07,2000.0,9.99,S
2021-07-08T13:34:07,1400.0,9.99,S
2021-07-08T13:34:07,500.0,9.99,S
2021-07-08T13:34:07,4400.0,9.99,S
2021-07-08T13:33:58,800.0,9.99,S
2021-07-08T13:33:58,5300.0,9.99,S
2021-07-08T13:33:58,500.0,9.99,S
2021-07-08T13:33:58,2400.0,9.99,S
2021-07-08T13:33:58,100.0,10.0,B
2021-07-08T13:33:44,1100.0,10.0,B
2021-07-08T13:33:43,2000.0,10.0,B
2021-07-08T13:33:42,18400.0,10.0,S
2021-07-08T13:33:42,600.0,10.0,S
2021-07-08T13:33:42,500.0,10.0,S
2021-07-08T13:33:42,200.0,10.0,S
2021-07-08T13:33:42,17300.0,10.0,S
2021-07-08T13:33:42,7900.0,10.0,S
2021-07-08T13:33:42,21800.0,10.0,S
2021-07-08T13:33:42,300.0,10.0,S
2021-07-08T13:33:42,1900.0,10.0,S
2021-07-08T13:33:42,2200.0,10.0,S
2021-07-08T13:33:42,11600.0,10.0,S
2021-07-08T13:33:42,14600.0,10.0,S
2021-07-08T13:33:42,4400.0,10.0,S
2021-07-08T13:33:42,4000.0,10.0,S
2021-07-08T13:33:42,500.0,10.0,S
2021-07-08T13:33:42,1200.0,10.0,S
2021-07-08T13:33:42,2100.0,10.0,S
2021-07-08T13:33:42,10500.0,10.0,S
2021-07-08T13:33:42,100.0,10.0,S
2021-07-08T13:33:42,1500.0,10.0,S
2021-07-08T13:33:42,10200.0,10.0,S
2021-07-08T13:33:42,1800.0,10.0,S
2021-07-08T13:33:42,5000.0,10.0,S
2021-07-08T13:33:42,25000.0,10.0,S
2021-07-08T13:33:40,10000.0,10.0,S
2021-07-08T13:33:35,8000.0,10.0,S
2021-07-08T13:33:35,12000.0,10.0,S
2021-07-08T13:33:33,200.0,10.0,S
2021-07-08T13:33:26,4100.0,10.0,S
2021-07-08T13:33:26,4900.0,10.0,S
2021-07-08T13:33:21,1500.0,10.0,S
2021-07-08T13:33:21,11900.0,10.0,S
2021-07-08T13:33:21,2600.0,10.0,S
2021-07-08T13:33:21,11200.0,10.0,S
2021-07-08T13:33:21,1000.0,10.0,S
2021-07-08T13:33:21,15800.0,10.0,S
2021-07-08T13:33:17,5000.0,10.0,S
2021-07-08T13:33:04,400.0,10.0,S
2021-07-08T13:33:04,17600.0,10.0,S
2021-07-08T13:33:01,6200.0,10.0,S
2021-07-08T13:33:01,400.0,10.0,S
2021-07-08T13:33:01,3400.0,10.0,S
2021-07-08T13:32:50,200.0,10.05,B
2021-07-08T13:32:50,200.0,10.05,B
2021-07-08T13:32:50,300.0,10.05,B
2021-07-08T13:32:48,200.0,10.05,B
2021-07-08T13:31:40,500.0,10.05,B
2021-07-08T13:31:40,500.0,10.05,B
2021-07-08T13:31:40,1900.0,10.05,B
2021-07-08T13:31:39,1000.0,10.05,B
2021-07-08T13:31:33,500.0,10.05,B
2021-07-08T13:31:23,8600.0,10.05,B
2021-07-08T13:31:23,1400.0,10.05,B
2021-07-08T13:31:15,1000.0,10.05,B
2021-07-08T13:31:11,200.0,10.05,B
2021-07-08T13:30:59,5000.0,10.05,B
2021-07-08T13:30:52,400.0,10.05,S
2021-07-08T13:30:49,1000.0,10.05,S
2021-07-08T13:30:41,4300.0,10.05,S
2021-07-08T13:30:41,1500.0,10.05,S
2021-07-08T13:30:41,300.0,10.05,S
2021-07-08T13:30:41,32900.0,10.05,S
2021-07-08T13:30:40,500.0,10.1,B
2021-07-08T13:30:37,30000.0,10.05,S
2021-07-08T13:30:36,5000.0,10.05,S
2021-07-08T13:30:32,19900.0,10.05,S
2021-07-08T13:30:32,4000.0,10.05,S
2021-07-08T13:30:32,8500.0,10.05,S
2021-07-08T13:30:20,300.0,10.05,S
2021-07-08T13:29:16,5000.0,10.05,S
2021-07-08T13:28:42,200.0,10.05,S
2021-07-08T13:28:37,500.0,10.1,B
2021-07-08T13:28:31,2200.0,10.05,S
2021-07-08T13:28:27,1000.0,10.05,S
2021-07-08T13:28:13,10000.0,10.05,S
2021-07-08T13:27:53,1000.0,10.05,S
2021-07-08T13:27:42,100.0,10.05,S
2021-07-08T13:27:24,100.0,10.05,S
2021-07-08T13:26:56,5000.0,10.05,S
2021-07-08T13:26:43,16000.0,10.05,S
2021-07-08T13:26:26,700.0,10.1,B
2021-07-08T13:26:25,5000.0,10.1,B
2021-07-08T13:26:20,100.0,10.05,S
2021-07-08T13:25:48,100.0,10.1,B
2021-07-08T13:25:37,100.0,10.1,B
2021-07-08T13:24:55,3000.0,10.1,B
2021-07-08T13:24:47,1500.0,10.05,S
2021-07-08T13:24:25,2300.0,10.05,S
2021-07-08T13:24:15,500.0,10.1,B
2021-07-08T13:23:44,500.0,10.05,S
2021-07-08T13:23:22,500.0,10.05,S
2021-07-08T13:23:16,5000.0,10.05,S
2021-07-08T13:23:10,100.0,10.05,S
2021-07-08T13:22:49,300.0,10.05,S
2021-07-08T13:22:39,5000.0,10.05,S
2021-07-08T13:22:22,2000.0,10.05,S
2021-07-08T13:22:07,600.0,10.1,B
2021-07-08T13:22:06,100.0,10.05,S
2021-07-08T13:21:37,2000.0,10.05,S
2021-07-08T13:20:44,100.0,10.1,B
2021-07-08T13:20:30,5000.0,10.05,S
2021-07-08T13:20:14,24800.0,10.05,S
2021-07-08T13:20:00,500.0,10.1,B
2021-07-08T13:19:18,100.0,10.1,B
2021-07-08T13:19:00,3000.0,10.05,B
2021-07-08T13:18:49,1900.0,10.05,B
2021-07-08T13:18:29,300.0,10.05,B
2021-07-08T13:17:56,4700.0,10.05,B
2021-07-08T13:17:53,400.0,10.05,B
2021-07-08T13:17:35,1000.0,10.05,B
2021-07-08T13:17:22,5000.0,10.05,B
2021-07-08T13:16:44,100.0,10.05,B
2021-07-08T13:16:31,10000.0,10.05,B
2021-07-08T13:16:31,500.0,10.05,B
2021-07-08T13:16:27,1000.0,10.05,B
2021-07-08T13:15:58,500.0,10.05,B
2021-07-08T13:15:52,1000.0,10.05,B
2021-07-08T13:15:43,400.0,10.05,B
2021-07-08T13:15:27,10000.0,10.05,S
2021-07-08T13:15:25,2000.0,10.05,S
2021-07-08T13:15:21,500.0,10.1,B
2021-07-08T13:15:16,2000.0,10.05,S
2021-07-08T13:15:07,300.0,10.05,S
2021-07-08T13:15:00,1900.0,10.05,S
2021-07-08T13:14:54,10000.0,10.05,S
2021-07-08T13:14:49,1000.0,10.05,S
2021-07-08T13:14:36,4000.0,10.05,S
2021-07-08T13:13:54,100.0,10.1,B
2021-07-08T13:13:47,200.0,10.1,B
2021-07-08T13:13:43,1000.0,10.1,B
2021-07-08T13:13:36,800.0,10.1,B
2021-07-08T13:13:27,200.0,10.05,S
2021-07-08T13:12:18,3000.0,10.1,B
2021-07-08T13:11:52,100.0,10.1,B
2021-07-08T13:11:39,500.0,10.1,B
2021-07-08T13:11:39,500.0,10.1,B
2021-07-08T13:11:29,200.0,10.05,S
2021-07-08T13:11:27,100.0,10.1,B
2021-07-08T13:11:27,600.0,10.05,S
2021-07-08T13:11:27,1000.0,10.05,S
2021-07-08T13:11:27,2600.0,10.05,S
2021-07-08T13:11:26,700.0,10.1,B
2021-07-08T13:11:09,19000.0,10.05,S
2021-07-08T13:10:42,200.0,10.05,S
2021-07-08T13:10:38,500.0,10.1,B
2021-07-08T13:10:14,600.0,10.05,S
2021-07-08T13:10:14,400.0,10.05,S
2021-07-08T13:09:42,3400.0,10.05,S
2021-07-08T13:09:42,3200.0,10.05,S
2021-07-08T13:09:42,2000.0,10.05,S
2021-07-08T13:09:42,1400.0,10.05,S
2021-07-08T13:09:20,500.0,10.1,B
2021-07-08T13:08:57,200.0,10.05,S
2021-07-08T13:08:51,100.0,10.05,S
2021-07-08T13:08:41,100.0,10.05,S
2021-07-08T13:08:27,1000.0,10.05,S
2021-07-08T13:08:12,500.0,10.05,S
2021-07-08T13:08:04,400.0,10.05,S
2021-07-08T13:07:37,2500.0,10.05,S
2021-07-08T13:07:23,100.0,10.05,S
2021-07-08T13:07:16,600.0,10.1,B
2021-07-08T13:06:52,200.0,10.05,S
2021-07-08T13:06:42,200.0,10.05,S
2021-07-08T13:06:17,600.0,10.05,S
2021-07-08T13:05:48,100.0,10.1,B
2021-07-08T13:05:44,500.0,10.05,S
2021-07-08T13:05:05,500.0,10.1,B
2021-07-08T13:05:03,500.0,10.05,S
2021-07-08T13:03:19,1000.0,10.05,S
2021-07-08T13:03:02,500.0,10.1,B
2021-07-08T13:01:15,200.0,10.1,B
2021-07-08T13:00:57,500.0,10.1,B
2021-07-08T13:00:57,1300.0,10.05,S
2021-07-08T13:00:51,500.0,10.05,S
2021-07-08T13:00:16,4400.0,10.05,S
2021-07-08T13:00:16,200.0,10.05,S
2021-07-08T13:00:16,500.0,10.05,S
2021-07-08T13:00:16,500.0,10.05,S
2021-07-08T13:00:16,10700.0,10.05,S
2021-07-08T13:00:16,2000.0,10.05,S
2021-07-08T13:00:16,4200.0,10.05,S
2021-07-08T13:00:16,1700.0,10.05,S
2021-07-08T13:00:16,100.0,10.05,S
2021-07-08T13:00:16,5700.0,10.05,S
2021-07-08T13:00:12,1800.0,10.05,S
2021-07-08T13:00:12,200.0,10.05,S
2021-07-08T13:00:12,300.0,10.05,S
2021-07-08T13:00:08,100.0,10.1,B
2021-07-08T13:00:08,3000.0,10.05,S
2021-07-08T13:00:04,200.0,10.05,S
2021-07-08T13:00:04,500.0,10.05,S
2021-07-08T13:00:04,1000.0,10.05,S
2021-07-08T13:00:03,500.0,10.05,S
2021-07-08T13:00:03,1000.0,10.05,S
2021-07-08T13:00:03,100.0,10.05,S
2021-07-08T13:00:03,2500.0,10.05,S
2021-07-08T11:29:55,500.0,10.05,S
2021-07-08T11:29:36,20000.0,10.05,S
2021-07-08T11:28:55,800.0,10.05,B
2021-07-08T11:28:55,5100.0,10.05,B
2021-07-08T11:28:52,100.0,10.05,B
2021-07-08T11:28:36,2000.0,10.05,B
2021-07-08T11:28:15,5000.0,10.05,B
2021-07-08T11:28:04,100.0,10.05,B
2021-07-08T11:27:35,300.0,10.05,B
2021-07-08T11:27:27,200.0,10.05,B
2021-07-08T11:27:08,30000.0,10.05,B
2021-07-08T11:27:01,100.0,10.05,B
2021-07-08T11:26:28,500.0,10.05,B
2021-07-08T11:26:21,100.0,10.05,B
2021-07-08T11:26:16,3000.0,10.05,B
2021-07-08T11:26:10,2600.0,10.0,S
2021-07-08T11:25:56,4500.0,10.05,S
2021-07-08T11:25:49,500.0,10.05,S
2021-07-08T11:25:32,600.0,10.1,B
2021-07-08T11:25:30,5000.0,10.05,S
2021-07-08T11:25:12,1000.0,10.05,S
2021-07-08T11:23:34,10000.0,10.05,S
2021-07-08T11:23:24,400.0,10.1,B
2021-07-08T11:23:01,100.0,10.1,B
2021-07-08T11:22:51,2300.0,10.05,S
2021-07-08T11:22:51,2700.0,10.05,S
2021-07-08T11:22:10,8100.0,10.1,B
2021-07-08T11:22:10,1900.0,10.1,B
2021-07-08T11:21:19,300.0,10.1,B
2021-07-08T11:21:09,200.0,10.1,B
2021-07-08T11:20:39,400.0,10.1,B
2021-07-08T11:20:24,200.0,10.05,S
2021-07-08T11:19:24,500.0,10.05,S
2021-07-08T11:19:08,300.0,10.1,B
2021-07-08T11:18:09,400.0,10.05,S
2021-07-08T11:17:34,600.0,10.05,B
2021-07-08T11:17:34,9800.0,10.05,B
2021-07-08T11:17:34,6200.0,10.05,B
2021-07-08T11:17:34,1300.0,10.05,B
2021-07-08T11:17:34,14000.0,10.05,B
2021-07-08T11:17:34,3900.0,10.05,B
2021-07-08T11:17:34,3500.0,10.05,B
2021-07-08T11:17:34,300.0,10.05,B
2021-07-08T11:17:34,300.0,10.05,B
2021-07-08T11:17:34,1900.0,10.05,B
2021-07-08T11:17:34,19000.0,10.05,B
2021-07-08T11:17:34,35400.0,10.05,B
2021-07-08T11:17:03,300.0,10.05,B
2021-07-08T11:16:59,2000.0,10.05,B
2021-07-08T11:16:56,300.0,10.05,B
2021-07-08T11:16:49,10000.0,10.05,B
2021-07-08T11:16:29,600.0,10.05,B
2021-07-08T11:16:17,100.0,10.0,S
2021-07-08T11:15:42,20000.0,10.05,B
2021-07-08T11:14:59,300.0,10.05,B
2021-07-08T11:14:30,500.0,10.0,S
2021-07-08T11:13:34,500.0,10.0,S
2021-07-08T11:13:11,3700.0,10.0,S
2021-07-08T11:12:57,400.0,10.05,B
2021-07-08T11:12:15,100.0,10.0,S
2021-07-08T11:11:54,100.0,10.0,S
2021-07-08T11:11:50,5400.0,10.0,S
2021-07-08T11:11:50,1500.0,10.0,S
2021-07-08T11:11:50,3500.0,10.0,S
2021-07-08T11:11:50,500.0,10.0,S
2021-07-08T11:11:50,1200.0,10.0,S
2021-07-08T11:11:50,800.0,10.0,S
2021-07-08T11:11:50,11000.0,10.0,S
2021-07-08T11:11:50,1700.0,10.0,S
2021-07-08T11:11:50,400.0,10.0,S
2021-07-08T11:11:50,3100.0,10.0,S
2021-07-08T11:11:50,500.0,10.0,S
2021-07-08T11:11:50,20400.0,10.0,S
2021-07-08T11:11:37,200.0,10.0,S
2021-07-08T11:11:32,100.0,10.0,S
2021-07-08T11:11:31,10000.0,10.05,B
2021-07-08T11:10:52,300.0,10.05,B
2021-07-08T11:10:48,4000.0,10.0,S
2021-07-08T11:10:39,500.0,10.0,S
2021-07-08T11:09:54,100.0,10.0,S
2021-07-08T11:09:49,11400.0,10.0,S
2021-07-08T11:09:49,500.0,10.05,B
2021-07-08T11:09:40,400.0,10.05,B
2021-07-08T11:09:23,300.0,10.05,B
2021-07-08T11:08:44,400.0,10.05,B
2021-07-08T11:08:31,1000.0,10.05,B
2021-07-08T11:08:24,1000.0,10.0,S
2021-07-08T11:08:18,2000.0,10.0,S
2021-07-08T11:08:15,10000.0,10.0,S
2021-07-08T11:08:03,500.0,10.0,S
2021-07-08T11:07:15,400.0,10.0,S
2021-07-08T11:07:08,200.0,10.0,S
2021-07-08T11:07:00,100.0,10.0,S
2021-07-08T11:06:54,300.0,10.05,B
2021-07-08T11:06:47,100.0,10.05,B
2021-07-08T11:06:37,400.0,10.05,B
2021-07-08T11:05:46,200.0,10.05,B
2021-07-08T11:05:10,1000.0,10.0,S
2021-07-08T11:04:56,500.0,10.05,B
2021-07-08T11:04:51,300.0,10.05,B
2021-07-08T11:04:35,700.0,10.05,B
2021-07-08T11:04:34,600.0,10.05,B
2021-07-08T11:04:21,100.0,10.05,B
2021-07-08T11:03:35,300.0,10.05,B
2021-07-08T11:02:33,500.0,10.05,B
2021-07-08T11:02:31,700.0,10.05,B
2021-07-08T11:02:21,400.0,10.05,B
2021-07-08T11:02:15,200.0,10.0,S
2021-07-08T11:02:03,1000.0,10.0,S
2021-07-08T11:01:57,2200.0,10.0,S
2021-07-08T11:01:57,400.0,10.0,S
2021-07-08T11:01:57,800.0,10.0,S
2021-07-08T11:01:57,600.0,10.0,S
2021-07-08T11:01:57,4200.0,10.0,S
2021-07-08T11:01:57,1800.0,10.0,S
2021-07-08T11:00:20,100.0,10.0,S
2021-07-08T11:00:20,300.0,10.05,B
2021-07-08T11:00:11,6100.0,10.0,S
2021-07-08T11:00:00,2400.0,10.0,S
2021-07-08T10:59:47,10000.0,10.0,S
2021-07-08T10:59:32,2700.0,10.0,S
2021-07-08T10:59:32,2500.0,10.0,S
2021-07-08T10:59:01,1000.0,10.05,B
2021-07-08T10:58:50,500.0,10.05,B
2021-07-08T10:58:37,1000.0,10.0,S
2021-07-08T10:58:13,2000.0,10.05,B
2021-07-08T10:58:10,600.0,10.05,B
2021-07-08T10:57:17,4300.0,10.05,B
2021-07-08T10:56:55,200.0,10.05,B
2021-07-08T10:56:43,3000.0,10.05,B
2021-07-08T10:56:41,500.0,10.05,B
2021-07-08T10:56:04,400.0,10.05,B
2021-07-08T10:55:38,1100.0,10.05,B
2021-07-08T10:55:33,2000.0,10.0,S
2021-07-08T10:54:55,3000.0,10.0,S
2021-07-08T10:54:53,300.0,10.05,B
2021-07-08T10:54:14,300.0,10.05,B
2021-07-08T10:53:54,400.0,10.05,B
2021-07-08T10:53:54,200.0,10.05,B
2021-07-08T10:53:33,500.0,10.05,B
2021-07-08T10:53:09,100.0,10.05,B
2021-07-08T10:52:57,100.0,10.05,B
2021-07-08T10:52:36,1000.0,10.0,S
2021-07-08T10:52:35,6000.0,10.05,B
2021-07-08T10:52:23,400.0,10.05,B
2021-07-08T10:51:50,400.0,10.05,B
2021-07-08T10:51:49,1000.0,10.05,B
2021-07-08T10:50:57,1000.0,10.05,B
2021-07-08T10:50:18,100.0,10.05,B
2021-07-08T10:49:43,400.0,10.05,B
2021-07-08T10:49:13,20000.0,10.05,B
2021-07-08T10:48:51,2700.0,10.05,B
2021-07-08T10:48:49,100.0,10.0,S
2021-07-08T10:48:45,100.0,10.05,B
2021-07-08T10:48:04,100.0,10.05,B
2021-07-08T10:47:56,200.0,10.05,B
2021-07-08T10:47:41,700.0,10.05,B
2021-07-08T10:47:39,800.0,10.05,B
2021-07-08T10:47:14,5000.0,10.0,S
2021-07-08T10:47:12,2000.0,10.05,B
2021-07-08T10:46:53,100.0,10.05,B
2021-07-08T10:46:37,500.0,10.05,B
2021-07-08T10:46:21,100.0,10.05,B
2021-07-08T10:45:31,700.0,10.05,B
2021-07-08T10:45:29,5000.0,10.05,B
2021-07-08T10:45:15,2000.0,10.0,S
2021-07-08T10:44:55,7200.0,10.0,S
2021-07-08T10:44:50,1000.0,10.0,S
2021-07-08T10:44:50,1000.0,10.0,S
2021-07-08T10:44:45,100.0,10.05,B
2021-07-08T10:44:27,2000.0,10.05,B
2021-07-08T10:44:26,500.0,10.05,B
2021-07-08T10:43:59,1000.0,10.05,B
2021-07-08T10:43:50,100.0,10.05,B
2021-07-08T10:43:50,2000.0,10.05,B
2021-07-08T10:43:44,500.0,10.05,B
2021-07-08T10:43:30,200.0,10.05,B
2021-07-08T10:43:26,400.0,10.05,B
2021-07-08T10:43:20,700.0,10.05,B
2021-07-08T10:42:53,500.0,10.05,B
2021-07-08T10:42:43,500.0,10.05,B
2021-07-08T10:41:51,2000.0,10.05,B
2021-07-08T10:41:47,300.0,10.05,B
2021-07-08T10:41:38,400.0,10.0,S
2021-07-08T10:41:32,5000.0,10.0,S
2021-07-08T10:41:28,300.0,10.0,S
2021-07-08T10:41:25,200.0,10.0,S
2021-07-08T10:41:25,300.0,10.0,S
2021-07-08T10:41:21,700.0,10.05,B
2021-07-08T10:41:16,1000.0,10.0,S
2021-07-08T10:41:00,500.0,10.0,S
2021-07-08T10:41:00,4500.0,10.0,S
2021-07-08T10:40:59,200.0,10.05,B
2021-07-08T10:40:46,800.0,10.0,S
2021-07-08T10:39:52,500.0,10.05,B
2021-07-08T10:39:15,400.0,10.05,B
2021-07-08T10:38:39,1300.0,10.0,S
2021-07-08T10:38:39,700.0,10.0,S
2021-07-08T10:38:39,200.0,10.05,B
2021-07-08T10:38:39,100.0,10.05,B
2021-07-08T10:38:39,700.0,10.05,B
2021-07-08T10:38:18,600.0,10.0,S
2021-07-08T10:38:18,2900.0,10.0,S
2021-07-08T10:37:59,1000.0,10.0,S
2021-07-08T10:37:59,1700.0,10.0,S
2021-07-08T10:37:51,3000.0,10.0,S
2021-07-08T10:37:35,1000.0,10.0,S
2021-07-08T10:37:32,2300.0,10.0,S
2021-07-08T10:37:32,200.0,10.0,S
2021-07-08T10:37:32,6000.0,10.0,S
2021-07-08T10:37:32,10100.0,10.0,S
2021-07-08T10:37:32,100.0,10.0,S
2021-07-08T10:37:32,700.0,10.0,S
2021-07-08T10:37:32,5000.0,10.0,S
2021-07-08T10:37:32,300.0,10.0,S
2021-07-08T10:37:32,4200.0,10.0,S
2021-07-08T10:37:32,21100.0,10.0,S
2021-07-08T10:37:29,5000.0,10.0,S
2021-07-08T10:37:28,5000.0,10.0,S
2021-07-08T10:37:14,200.0,10.05,B
2021-07-08T10:37:14,300.0,10.05,B
2021-07-08T10:37:13,100.0,10.0,S
2021-07-08T10:37:07,2000.0,10.0,S
2021-07-08T10:36:56,100000.0,10.0,S
2021-07-08T10:36:55,100.0,10.0,S
2021-07-08T10:36:49,6000.0,10.0,S
2021-07-08T10:36:32,80000.0,10.0,S
2021-07-08T10:36:25,200.0,10.05,B
2021-07-08T10:36:08,1000.0,10.05,B
2021-07-08T10:36:01,300.0,10.05,B
2021-07-08T10:35:07,500.0,10.05,B
2021-07-08T10:35:06,5000.0,10.0,S
2021-07-08T10:34:44,4000.0,10.0,S
2021-07-08T10:34:40,500.0,10.0,S
2021-07-08T10:33:47,5000.0,10.0,S
2021-07-08T10:33:08,500.0,10.05,B
2021-07-08T10:32:59,100.0,10.0,S
2021-07-08T10:32:59,100.0,10.0,S
2021-07-08T10:32:42,1000.0,10.0,S
2021-07-08T10:32:17,1600.0,10.0,S
2021-07-08T10:32:06,50000.0,10.0,S
2021-07-08T10:31:52,500.0,10.05,B
2021-07-08T10:31:48,1000.0,10.0,S
2021-07-08T10:31:43,3200.0,10.05,B
2021-07-08T10:31:34,50000.0,10.0,S
2021-07-08T10:31:28,200.0,10.0,S
2021-07-08T10:31:22,1600.0,10.05,B
2021-07-08T10:31:18,200.0,10.05,B
2021-07-08T10:31:01,2400.0,10.05,B
2021-07-08T10:30:57,1100.0,10.05,B
2021-07-08T10:30:57,900.0,10.05,B
2021-07-08T10:30:54,300.0,10.05,B
2021-07-08T10:30:32,1200.0,10.05,B
2021-07-08T10:30:22,1000.0,10.05,B
2021-07-08T10:30:17,1000.0,10.0,S
2021-07-08T10:30:17,500.0,10.05,B
2021-07-08T10:30:08,400.0,10.05,B
2021-07-08T10:29:43,2800.0,10.05,B
2021-07-08T10:29:09,8500.0,10.05,B
2021-07-08T10:29:07,5900.0,10.0,S
2021-07-08T10:29:05,100.0,10.05,B
2021-07-08T10:29:02,500.0,10.05,B
2021-07-08T10:28:57,300.0,10.05,B
2021-07-08T10:28:48,9800.0,10.05,B
2021-07-08T10:28:25,3400.0,10.0,S
2021-07-08T10:28:19,5900.0,10.0,S
2021-07-08T10:28:05,2000.0,10.0,S
2021-07-08T10:27:43,1000.0,10.05,B
2021-07-08T10:27:32,2000.0,10.05,B
2021-07-08T10:27:25,13600.0,10.05,B
2021-07-08T10:27:12,200.0,10.05,B
2021-07-08T10:26:52,500.0,10.05,B
2021-07-08T10:26:19,100.0,10.05,B
2021-07-08T10:26:12,2000.0,10.0,S
2021-07-08T10:26:08,5000.0,10.05,B
2021-07-08T10:25:43,10000.0,10.05,B
2021-07-08T10:25:27,500.0,10.05,B
2021-07-08T10:25:17,4500.0,10.05,B
2021-07-08T10:24:57,100.0,10.05,B
2021-07-08T10:24:45,1000.0,10.05,B
2021-07-08T10:24:45,400.0,10.0,S
2021-07-08T10:24:42,500.0,10.05,B
2021-07-08T10:24:34,200.0,10.05,B
2021-07-08T10:24:28,5000.0,10.05,B
2021-07-08T10:24:21,10000.0,10.05,B
2021-07-08T10:24:13,1300.0,10.05,B
2021-07-08T10:24:05,1000.0,10.05,B
2021-07-08T10:23:53,700.0,10.05,S
2021-07-08T10:23:53,18800.0,10.05,S
2021-07-08T10:23:42,500.0,10.05,S
2021-07-08T10:23:07,100.0,10.05,S
2021-07-08T10:23:06,20800.0,10.05,S
2021-07-08T10:22:41,100.0,10.05,S
2021-07-08T10:22:30,500.0,10.05,B
2021-07-08T10:22:30,500.0,10.05,B
2021-07-08T10:22:30,100.0,10.05,B
2021-07-08T10:22:30,700.0,10.05,B
2021-07-08T10:22:29,400.0,10.05,B
2021-07-08T10:22:28,5000.0,10.05,B
2021-07-08T10:22:18,500.0,10.05,B
2021-07-08T10:22:14,200.0,10.05,B
2021-07-08T10:22:13,200.0,10.05,B
2021-07-08T10:22:03,10000.0,10.05,B
2021-07-08T10:21:59,10000.0,10.05,B
2021-07-08T10:21:41,26000.0,10.05,B
2021-07-08T10:21:37,200.0,10.05,B
2021-07-08T10:21:34,300.0,10.05,B
2021-07-08T10:21:34,100.0,10.05,B
2021-07-08T10:21:17,2000.0,10.05,B
2021-07-08T10:21:03,2000.0,10.0,S
2021-07-08T10:20:25,100.0,10.05,S
2021-07-08T10:20:20,4900.0,10.05,B
2021-07-08T10:20:19,400.0,10.05,B
2021-07-08T10:20:19,2000.0,10.05,B
2021-07-08T10:20:18,5000.0,10.05,B
2021-07-08T10:20:10,1500.0,10.05,B
2021-07-08T10:20:10,500.0,10.05,B
2021-07-08T10:19:56,200.0,10.05,B
2021-07-08T10:19:52,3000.0,10.05,B
2021-07-08T10:19:37,10000.0,10.05,B
2021-07-08T10:19:31,300.0,10.05,B
2021-07-08T10:19:31,1000.0,10.05,B
2021-07-08T10:19:29,100.0,10.0,S
2021-07-08T10:19:28,1400.0,10.05,B
2021-07-08T10:19:05,100.0,10.05,B
2021-07-08T10:19:01,400.0,10.05,B
2021-07-08T10:18:39,100.0,10.05,B
2021-07-08T10:18:31,5000.0,10.05,B
2021-07-08T10:18:24,500.0,10.05,B
2021-07-08T10:18:15,500.0,10.0,S
2021-07-08T10:18:14,500.0,10.05,B
2021-07-08T10:18:12,300.0,10.05,B
2021-07-08T10:17:55,100.0,10.05,B
2021-07-08T10:17:52,200.0,10.05,B
2021-07-08T10:17:48,100.0,10.05,B
2021-07-08T10:17:44,100.0,10.05,B
2021-07-08T10:17:42,100.0,10.05,B
2021-07-08T10:17:38,500.0,10.05,B
2021-07-08T10:17:28,1900.0,10.05,S
2021-07-08T10:17:28,700.0,10.05,S
2021-07-08T10:17:28,1700.0,10.05,S
2021-07-08T10:17:28,12900.0,10.05,S
2021-07-08T10:17:06,100.0,10.05,S
2021-07-08T10:16:24,500.0,10.05,S
2021-07-08T10:16:11,500.0,10.1,B
2021-07-08T10:16:11,2000.0,10.1,B
2021-07-08T10:16:04,100.0,10.05,S
2021-07-08T10:16:04,400.0,10.1,B
2021-07-08T10:15:56,1000.0,10.05,S
2021-07-08T10:15:36,9700.0,10.05,B
2021-07-08T10:15:33,2000.0,10.05,B
2021-07-08T10:15:22,400.0,10.0,S
2021-07-08T10:15:19,2000.0,10.0,B
2021-07-08T10:15:19,5200.0,10.0,B
2021-07-08T10:15:19,6500.0,10.0,B
2021-07-08T10:15:19,2800.0,10.0,B
2021-07-08T10:15:19,7000.0,10.0,B
2021-07-08T10:15:19,1900.0,10.0,B
2021-07-08T10:15:19,53000.0,10.0,B
2021-07-08T10:15:19,9600.0,10.0,B
2021-07-08T10:15:19,1000.0,10.0,B
2021-07-08T10:15:19,19000.0,10.0,B
2021-07-08T10:15:19,1000.0,10.0,B
2021-07-08T10:15:19,500.0,10.0,B
2021-07-08T10:15:17,1000.0,10.0,B
2021-07-08T10:15:17,1000.0,10.0,B
2021-07-08T10:15:13,1600.0,10.0,B
2021-07-08T10:15:13,5000.0,10.0,B
2021-07-08T10:15:08,1000.0,10.0,B
2021-07-08T10:15:06,1000.0,10.0,B
2021-07-08T10:15:06,500.0,10.0,B
2021-07-08T10:15:05,50000.0,10.0,B
2021-07-08T10:15:04,1000.0,10.0,B
2021-07-08T10:15:00,10000.0,10.0,B
2021-07-08T10:14:57,1000.0,10.0,B
2021-07-08T10:14:56,100.0,10.0,B
2021-07-08T10:14:53,50000.0,10.0,B
2021-07-08T10:14:50,200.0,10.0,B
2021-07-08T10:14:44,1200.0,10.0,B
2021-07-08T10:14:44,100.0,10.0,B
2021-07-08T10:14:40,300.0,10.0,B
2021-07-08T10:14:39,800.0,10.0,B
2021-07-08T10:14:35,800.0,10.0,B
2021-07-08T10:14:27,700.0,9.99,S
2021-07-08T10:14:26,1000.0,10.0,B
2021-07-08T10:14:21,1000.0,10.0,B
2021-07-08T10:14:15,3000.0,9.99,S
2021-07-08T10:14:13,100.0,10.0,B
2021-07-08T10:14:05,500.0,10.0,B
2021-07-08T10:13:58,100.0,10.0,B
2021-07-08T10:13:52,3400.0,9.99,S
2021-07-08T10:13:52,300.0,9.99,S
2021-07-08T10:13:52,5200.0,9.99,S
2021-07-08T10:13:52,1600.0,9.99,S
2021-07-08T10:13:46,1200.0,10.0,B
2021-07-08T10:13:44,1200.0,10.0,B
2021-07-08T10:13:40,100.0,10.0,B
2021-07-08T10:13:39,100.0,10.0,B
2021-07-08T10:13:34,3000.0,10.0,B
2021-07-08T10:13:28,1000.0,10.0,B
2021-07-08T10:13:28,1000.0,10.0,B
2021-07-08T10:13:25,1000.0,10.0,B
2021-07-08T10:13:23,100.0,10.0,B
2021-07-08T10:13:21,100.0,10.0,B
2021-07-08T10:13:19,3000.0,10.0,B
2021-07-08T10:13:18,1800.0,10.0,B
2021-07-08T10:13:17,200.0,10.0,B
2021-07-08T10:13:15,1000.0,10.0,B
2021-07-08T10:13:11,100.0,10.0,B
2021-07-08T10:13:11,500.0,10.0,B
2021-07-08T10:13:06,1000.0,10.0,B
2021-07-08T10:13:02,500.0,10.0,B
2021-07-08T10:13:00,9000.0,10.0,B
2021-07-08T10:12:57,1200.0,10.0,B
2021-07-08T10:12:46,1900.0,10.0,B
2021-07-08T10:12:33,2000.0,10.0,B
2021-07-08T10:12:21,3000.0,10.0,B
2021-07-08T10:12:19,200.0,10.0,B
2021-07-08T10:12:06,3000.0,10.0,B
2021-07-08T10:11:57,1600.0,10.0,B
2021-07-08T10:11:57,500.0,9.99,S
2021-07-08T10:11:53,3900.0,9.99,S
2021-07-08T10:11:53,600.0,10.0,B
2021-07-08T10:11:45,300.0,10.0,B
2021-07-08T10:11:24,3000.0,9.99,S
2021-07-08T10:11:24,2000.0,9.99,S
2021-07-08T10:11:14,1000.0,9.99,S
2021-07-08T10:10:58,8300.0,9.99,S
2021-07-08T10:10:54,2000.0,10.0,B
2021-07-08T10:10:53,2000.0,9.99,S
2021-07-08T10:10:36,2300.0,9.99,S
2021-07-08T10:10:35,100.0,10.0,B
2021-07-08T10:10:34,1000.0,9.99,S
2021-07-08T10:10:22,100.0,10.0,B
2021-07-08T10:10:16,100.0,10.0,B
2021-07-08T10:10:00,3800.0,10.0,S
2021-07-08T10:10:00,300.0,10.0,S
2021-07-08T10:10:00,200.0,10.0,S
2021-07-08T10:10:00,16100.0,10.0,S
2021-07-08T10:10:00,2000.0,10.0,S
2021-07-08T10:10:00,10000.0,10.0,S
2021-07-08T10:10:00,200.0,10.0,S
2021-07-08T10:10:00,2200.0,10.0,S
2021-07-08T10:10:00,21600.0,10.0,S
2021-07-08T10:10:00,100.0,10.0,S
2021-07-08T10:10:00,2100.0,10.0,S
2021-07-08T10:10:00,11400.0,10.0,S
2021-07-08T10:10:00,200.0,10.0,S
2021-07-08T10:10:00,1000.0,10.0,S
2021-07-08T10:10:00,4500.0,10.0,S
2021-07-08T10:10:00,5000.0,10.0,S
2021-07-08T10:10:00,300.0,10.0,S
2021-07-08T10:10:00,4900.0,10.0,S
2021-07-08T10:10:00,15000.0,10.0,S
2021-07-08T10:10:00,15200.0,10.0,S
2021-07-08T10:10:00,17100.0,10.0,S
2021-07-08T10:10:00,3200.0,10.0,S
2021-07-08T10:10:00,1000.0,10.0,S
2021-07-08T10:10:00,600.0,10.0,S
2021-07-08T10:10:00,9600.0,10.0,S
2021-07-08T10:09:55,1000.0,10.0,S
2021-07-08T10:09:50,500.0,10.05,B
2021-07-08T10:09:48,10000.0,10.0,S
2021-07-08T10:09:41,1300.0,10.05,B
2021-07-08T10:09:37,600.0,10.0,S
2021-07-08T10:09:36,1000.0,10.0,S
2021-07-08T10:09:36,100.0,10.0,S
2021-07-08T10:09:36,3300.0,10.0,S
2021-07-08T10:09:32,200.0,10.05,B
2021-07-08T10:09:28,200.0,10.05,B
2021-07-08T10:09:21,4000.0,10.0,S
2021-07-08T10:09:13,2500.0,10.0,S
2021-07-08T10:09:09,500.0,10.0,S
2021-07-08T10:09:07,15000.0,10.0,S
2021-07-08T10:08:53,600.0,10.05,B
2021-07-08T10:08:49,2000.0,10.0,S
2021-07-08T10:08:41,3900.0,10.0,S
2021-07-08T10:08:32,1400.0,10.0,S
2021-07-08T10:08:32,900.0,10.0,S
2021-07-08T10:08:32,2700.0,10.0,S
2021-07-08T10:08:24,500.0,10.0,S
2021-07-08T10:08:18,2000.0,10.0,S
2021-07-08T10:08:13,2000.0,10.0,S
2021-07-08T10:08:11,200.0,10.0,S
2021-07-08T10:08:04,5000.0,10.0,S
2021-07-08T10:08:01,12000.0,10.0,S
2021-07-08T10:07:51,2000.0,10.0,S
2021-07-08T10:07:45,400.0,10.05,B
2021-07-08T10:07:41,2400.0,10.0,S
2021-07-08T10:07:09,100.0,10.05,B
2021-07-08T10:06:28,5000.0,10.05,B
2021-07-08T10:06:26,3800.0,10.0,S
2021-07-08T10:06:26,1100.0,10.0,S
2021-07-08T10:06:26,5500.0,10.0,S
2021-07-08T10:06:26,3700.0,10.0,S
2021-07-08T10:06:26,3300.0,10.0,S
2021-07-08T10:06:26,2200.0,10.0,S
2021-07-08T10:06:26,20800.0,10.0,S
2021-07-08T10:06:26,3100.0,10.0,S
2021-07-08T10:06:26,1300.0,10.0,S
2021-07-08T10:06:26,200.0,10.0,S
2021-07-08T10:06:26,900.0,10.0,S
2021-07-08T10:06:26,1200.0,10.0,S
2021-07-08T10:06:26,1600.0,10.0,S
2021-07-08T10:06:26,300.0,10.0,S
2021-07-08T10:06:26,1200.0,10.0,S
2021-07-08T10:06:26,2800.0,10.0,S
2021-07-08T10:06:26,5400.0,10.0,S
2021-07-08T10:06:26,900.0,10.0,S
2021-07-08T10:06:26,200.0,10.0,S
2021-07-08T10:06:26,21100.0,10.0,S
2021-07-08T10:06:26,5000.0,10.0,S
2021-07-08T10:06:26,7300.0,10.0,S
2021-07-08T10:06:26,1000.0,10.0,S
2021-07-08T10:06:26,10800.0,10.0,S
2021-07-08T10:06:26,16600.0,10.0,S
2021-07-08T10:06:26,61400.0,10.0,S
2021-07-08T10:06:26,17300.0,10.0,S
2021-07-08T10:06:25,1100.0,10.0,S
2021-07-08T10:06:25,2600.0,10.0,S
2021-07-08T10:06:19,100.0,10.05,B
2021-07-08T10:06:03,200.0,10.05,B
2021-07-08T10:06:01,7500.0,10.0,S
2021-07-08T10:06:01,800.0,10.0,S
2021-07-08T10:06:01,400.0,10.0,S
2021-07-08T10:06:00,6300.0,10.05,S
2021-07-08T10:05:53,2300.0,10.05,S
2021-07-08T10:05:53,100.0,10.05,S
2021-07-08T10:05:53,300.0,10.05,S
2021-07-08T10:05:53,5000.0,10.05,S
2021-07-08T10:05:53,3100.0,10.05,S
2021-07-08T10:05:53,200.0,10.05,S
2021-07-08T10:05:53,100.0,10.05,S
2021-07-08T10:05:53,11900.0,10.05,S
2021-07-08T10:05:53,1000.0,10.05,S
2021-07-08T10:05:53,1500.0,10.05,S
2021-07-08T10:05:53,100.0,10.05,S
2021-07-08T10:05:53,10400.0,10.05,S
2021-07-08T10:05:53,800.0,10.05,S
2021-07-08T10:05:53,10000.0,10.05,S
2021-07-08T10:05:53,15100.0,10.05,S
2021-07-08T10:05:52,6000.0,10.05,S
2021-07-08T10:05:50,1400.0,10.05,S
2021-07-08T10:05:50,3000.0,10.05,S
2021-07-08T10:05:50,600.0,10.05,S
2021-07-08T10:05:50,400.0,10.05,S
2021-07-08T10:05:50,5900.0,10.05,S
2021-07-08T10:05:50,2000.0,10.05,S
2021-07-08T10:05:50,11700.0,10.05,S
2021-07-08T10:05:39,2000.0,10.1,B
2021-07-08T10:05:36,700.0,10.1,B
2021-07-08T10:05:30,1000.0,10.1,B
2021-07-08T10:05:26,1900.0,10.1,B
2021-07-08T10:05:21,500.0,10.1,B
2021-07-08T10:05:15,3500.0,10.05,S
2021-07-08T10:04:44,3000.0,10.1,S
2021-07-08T10:04:44,3900.0,10.1,S
2021-07-08T10:04:40,7800.0,10.1,S
2021-07-08T10:04:40,8900.0,10.1,S
2021-07-08T10:04:40,3300.0,10.1,S
2021-07-08T10:04:40,3500.0,10.1,S
2021-07-08T10:04:40,2000.0,10.1,S
2021-07-08T10:04:40,100.0,10.1,S
2021-07-08T10:04:40,100.0,10.1,S
2021-07-08T10:04:40,12700.0,10.1,S
2021-07-08T10:04:40,26600.0,10.1,S
2021-07-08T10:04:40,1900.0,10.1,S
2021-07-08T10:04:40,1000.0,10.1,S
2021-07-08T10:04:40,200.0,10.1,S
2021-07-08T10:04:40,3300.0,10.1,S
2021-07-08T10:04:40,1600.0,10.1,S
2021-07-08T10:04:40,2300.0,10.1,S
2021-07-08T10:04:40,2000.0,10.1,S
2021-07-08T10:04:40,400.0,10.1,S
2021-07-08T10:04:40,5600.0,10.1,S
2021-07-08T10:04:40,200.0,10.1,S
2021-07-08T10:04:40,1000.0,10.1,S
2021-07-08T10:04:40,23100.0,10.1,S
2021-07-08T10:04:40,2100.0,10.1,S
2021-07-08T10:04:40,200.0,10.1,S
2021-07-08T10:04:40,12200.0,10.1,S
2021-07-08T10:04:40,5100.0,10.1,S
2021-07-08T10:04:40,9800.0,10.1,S
2021-07-08T10:04:32,5000.0,10.1,S
2021-07-08T10:04:25,200.0,10.1,S
2021-07-08T10:04:20,300.0,10.1,S
2021-07-08T10:04:11,500.0,10.15,B
2021-07-08T10:04:10,200.0,10.15,B
2021-07-08T10:03:55,300.0,10.15,B
2021-07-08T10:03:38,13000.0,10.1,S
2021-07-08T10:03:28,600.0,10.15,B
2021-07-08T10:03:26,5000.0,10.1,S
2021-07-08T10:03:21,500.0,10.1,S
2021-07-08T10:03:04,500.0,10.1,S
2021-07-08T10:02:43,1500.0,10.1,S
2021-07-08T10:02:08,200.0,10.1,S
2021-07-08T10:01:57,500.0,10.15,B
2021-07-08T10:01:37,1000.0,10.15,B
2021-07-08T10:01:32,500.0,10.1,S
2021-07-08T10:01:27,500.0,10.15,B
2021-07-08T10:01:19,1000.0,10.1,S
2021-07-08T10:01:07,100.0,10.1,S
2021-07-08T10:01:06,200.0,10.15,B
2021-07-08T10:00:58,20000.0,10.15,B
2021-07-08T10:00:56,1900.0,10.1,S
2021-07-08T10:00:47,200.0,10.15,B
2021-07-08T10:00:46,2000.0,10.1,S
2021-07-08T09:59:56,500.0,10.1,S
2021-07-08T09:59:31,3900.0,10.15,B
2021-07-08T09:59:29,300.0,10.15,B
2021-07-08T09:59:25,4000.0,10.15,B
2021-07-08T09:59:20,600.0,10.15,B
2021-07-08T09:59:16,100.0,10.15,B
2021-07-08T09:58:54,2000.0,10.15,B
2021-07-08T09:58:50,300.0,10.15,B
2021-07-08T09:58:29,500.0,10.15,B
2021-07-08T09:58:24,20000.0,10.15,B
2021-07-08T09:58:19,10000.0,10.1,S
2021-07-08T09:58:08,100.0,10.1,S
2021-07-08T09:57:53,2000.0,10.15,B
2021-07-08T09:57:53,100.0,10.15,B
2021-07-08T09:57:45,100.0,10.15,B
2021-07-08T09:57:33,2500.0,10.15,B
2021-07-08T09:57:30,4600.0,10.15,B
2021-07-08T09:57:29,3000.0,10.15,B
2021-07-08T09:57:29,3000.0,10.15,B
2021-07-08T09:57:29,9000.0,10.15,B
2021-07-08T09:57:26,5000.0,10.15,B
2021-07-08T09:57:26,100.0,10.15,B
2021-07-08T09:57:22,500.0,10.15,B
2021-07-08T09:57:20,20000.0,10.1,S
2021-07-08T09:57:19,500.0,10.15,B
2021-07-08T09:57:16,100.0,10.15,B
2021-07-08T09:57:00,100.0,10.15,B
2021-07-08T09:56:54,500.0,10.15,B
2021-07-08T09:56:53,300.0,10.15,B
2021-07-08T09:56:50,2900.0,10.15,B
2021-07-08T09:56:50,20000.0,10.15,B
2021-07-08T09:56:46,2000.0,10.15,B
2021-07-08T09:56:43,3000.0,10.15,B
2021-07-08T09:56:22,200.0,10.15,B
2021-07-08T09:55:53,5800.0,10.15,S
2021-07-08T09:55:52,4600.0,10.15,S
2021-07-08T09:55:52,8300.0,10.15,S
2021-07-08T09:55:52,4900.0,10.15,S
2021-07-08T09:55:52,1500.0,10.15,S
2021-07-08T09:55:52,1100.0,10.15,S
2021-07-08T09:55:52,500.0,10.15,S
2021-07-08T09:55:52,1400.0,10.15,S
2021-07-08T09:55:52,200.0,10.15,S
2021-07-08T09:55:52,3300.0,10.15,S
2021-07-08T09:55:52,1900.0,10.15,S
2021-07-08T09:55:52,3800.0,10.15,S
2021-07-08T09:55:52,500.0,10.15,S
2021-07-08T09:55:52,10000.0,10.15,S
2021-07-08T09:55:17,200.0,10.2,B
2021-07-08T09:55:16,500.0,10.15,S
2021-07-08T09:55:09,500.0,10.2,B
2021-07-08T09:55:07,1000.0,10.15,S
2021-07-08T09:55:06,100.0,10.2,B
2021-07-08T09:54:35,100.0,10.2,B
2021-07-08T09:54:30,1000.0,10.2,B
2021-07-08T09:54:23,600.0,10.2,B
2021-07-08T09:54:07,1000.0,10.2,B
2021-07-08T09:53:56,11000.0,10.2,B
2021-07-08T09:53:51,900.0,10.2,B
2021-07-08T09:53:47,1000.0,10.2,B
2021-07-08T09:53:42,4400.0,10.2,B
2021-07-08T09:53:40,5500.0,10.2,B
2021-07-08T09:53:27,1000.0,10.2,B
2021-07-08T09:53:19,100.0,10.2,B
2021-07-08T09:53:18,500.0,10.2,B
2021-07-08T09:53:07,500.0,10.2,B
2021-07-08T09:53:03,6100.0,10.2,B
2021-07-08T09:53:03,6500.0,10.2,B
2021-07-08T09:53:03,7400.0,10.2,B
2021-07-08T09:52:40,200.0,10.2,B
2021-07-08T09:52:29,1800.0,10.2,B
2021-07-08T09:52:03,100.0,10.2,B
2021-07-08T09:52:03,300.0,10.2,B
2021-07-08T09:51:45,300.0,10.2,B
2021-07-08T09:51:44,1000.0,10.2,B
2021-07-08T09:51:40,3300.0,10.2,B
2021-07-08T09:51:40,300.0,10.2,B
2021-07-08T09:51:23,500.0,10.2,B
2021-07-08T09:51:22,3000.0,10.2,B
2021-07-08T09:51:08,500.0,10.2,B
2021-07-08T09:51:04,600.0,10.2,B
2021-07-08T09:50:56,500.0,10.15,S
2021-07-08T09:50:53,1000.0,10.2,B
2021-07-08T09:50:52,2000.0,10.2,B
2021-07-08T09:50:43,200.0,10.2,B
2021-07-08T09:50:42,300.0,10.2,B
2021-07-08T09:50:40,100.0,10.2,S
2021-07-08T09:50:39,200.0,10.2,S
2021-07-08T09:50:35,4700.0,10.2,B
2021-07-08T09:50:35,3500.0,10.2,B
2021-07-08T09:50:33,5000.0,10.2,B
2021-07-08T09:50:25,600.0,10.2,B
2021-07-08T09:50:21,200.0,10.2,B
2021-07-08T09:50:11,3000.0,10.2,B
2021-07-08T09:50:11,8500.0,10.2,B
2021-07-08T09:50:11,100.0,10.2,B
2021-07-08T09:50:11,6600.0,10.2,B
2021-07-08T09:50:11,1000.0,10.2,B
2021-07-08T09:50:11,600.0,10.2,B
2021-07-08T09:50:11,9800.0,10.2,B
2021-07-08T09:50:11,10400.0,10.2,B
2021-07-08T09:50:03,200.0,10.2,B
2021-07-08T09:50:02,500.0,10.2,B
2021-07-08T09:50:02,900.0,10.2,B
2021-07-08T09:49:59,1100.0,10.2,B
2021-07-08T09:49:57,400.0,10.2,B
2021-07-08T09:49:44,1500.0,10.2,B
2021-07-08T09:49:44,5500.0,10.2,B
2021-07-08T09:49:44,1400.0,10.2,B
2021-07-08T09:49:44,1100.0,10.2,B
2021-07-08T09:49:44,31200.0,10.2,B
2021-07-08T09:49:44,500.0,10.2,B
2021-07-08T09:49:44,9700.0,10.2,B
2021-07-08T09:49:43,200.0,10.2,B
2021-07-08T09:49:34,300.0,10.2,B
2021-07-08T09:49:34,1000.0,10.2,B
2021-07-08T09:49:22,300.0,10.2,B
2021-07-08T09:49:20,2000.0,10.2,B
2021-07-08T09:49:05,1000.0,10.2,B
2021-07-08T09:48:54,3300.0,10.2,B
2021-07-08T09:48:54,900.0,10.2,B
2021-07-08T09:48:53,700.0,10.2,B
2021-07-08T09:48:48,300.0,10.2,B
2021-07-08T09:48:43,200.0,10.2,B
2021-07-08T09:48:32,500.0,10.2,B
2021-07-08T09:48:30,5000.0,10.2,B
2021-07-08T09:48:18,500.0,10.2,B
2021-07-08T09:48:05,500.0,10.2,B
2021-07-08T09:47:24,500.0,10.2,B
2021-07-08T09:47:23,200.0,10.15,S
2021-07-08T09:47:11,3800.0,10.15,S
2021-07-08T09:46:56,3700.0,10.15,S
2021-07-08T09:46:50,300.0,10.2,B
2021-07-08T09:46:42,400.0,10.2,B
2021-07-08T09:46:41,200.0,10.2,B
2021-07-08T09:46:19,5000.0,10.15,S
2021-07-08T09:46:04,200.0,10.2,B
2021-07-08T09:45:59,2300.0,10.15,S
2021-07-08T09:45:56,500.0,10.15,S
2021-07-08T09:45:36,200.0,10.15,S
2021-07-08T09:45:34,5000.0,10.15,S
2021-07-08T09:45:26,100.0,10.15,S
2021-07-08T09:45:20,600.0,10.15,S
2021-07-08T09:45:00,5000.0,10.15,S
2021-07-08T09:44:58,500.0,10.15,S
2021-07-08T09:44:57,100.0,10.15,B
2021-07-08T09:44:57,300.0,10.15,B
2021-07-08T09:44:57,500.0,10.15,B
2021-07-08T09:44:50,100.0,10.15,B
2021-07-08T09:44:40,10000.0,10.15,B
2021-07-08T09:44:33,600.0,10.15,B
2021-07-08T09:44:19,400.0,10.15,B
2021-07-08T09:44:13,1000.0,10.15,B
2021-07-08T09:44:07,1000.0,10.15,B
2021-07-08T09:44:05,10000.0,10.15,B
2021-07-08T09:44:00,800.0,10.15,B
2021-07-08T09:43:50,100.0,10.15,B
2021-07-08T09:43:48,3000.0,10.15,B
2021-07-08T09:43:42,100.0,10.15,B
2021-07-08T09:43:34,500.0,10.15,B
2021-07-08T09:43:32,200.0,10.15,B
2021-07-08T09:43:32,100.0,10.15,B
2021-07-08T09:43:25,10000.0,10.15,B
2021-07-08T09:43:11,10000.0,10.15,B
2021-07-08T09:43:10,3000.0,10.15,B
2021-07-08T09:42:55,1300.0,10.1,S
2021-07-08T09:42:53,2000.0,10.15,B
2021-07-08T09:42:47,100.0,10.15,B
2021-07-08T09:42:40,20000.0,10.15,B
2021-07-08T09:42:24,500.0,10.15,B
2021-07-08T09:42:23,700.0,10.15,B
2021-07-08T09:41:46,900.0,10.15,B
2021-07-08T09:41:46,200.0,10.15,B
2021-07-08T09:41:46,700.0,10.15,B
2021-07-08T09:41:46,200.0,10.15,B
2021-07-08T09:41:46,1000.0,10.15,B
2021-07-08T09:41:46,900.0,10.15,B
2021-07-08T09:41:46,5100.0,10.15,B
2021-07-08T09:41:46,1300.0,10.15,B
2021-07-08T09:41:46,2100.0,10.15,B
2021-07-08T09:41:46,1100.0,10.15,B
2021-07-08T09:41:46,9100.0,10.15,B
2021-07-08T09:41:46,100.0,10.15,B
2021-07-08T09:41:46,500.0,10.15,B
2021-07-08T09:41:38,100.0,10.1,S
2021-07-08T09:41:30,1800.0,10.1,S
2021-07-08T09:41:28,200.0,10.15,B
2021-07-08T09:41:23,1300.0,10.15,B
2021-07-08T09:41:23,1400.0,10.15,B
2021-07-08T09:41:23,2300.0,10.15,B
2021-07-08T09:41:18,400.0,10.15,B
2021-07-08T09:41:12,400.0,10.15,B
2021-07-08T09:40:40,100.0,10.15,B
2021-07-08T09:40:28,500.0,10.15,B
2021-07-08T09:40:18,600.0,10.15,B
2021-07-08T09:40:17,100.0,10.15,B
2021-07-08T09:40:16,200.0,10.15,B
2021-07-08T09:40:12,1000.0,10.15,B
2021-07-08T09:40:00,300.0,10.15,B
2021-07-08T09:39:50,100.0,10.15,B
2021-07-08T09:39:47,500.0,10.1,S
2021-07-08T09:39:46,100.0,10.15,B
2021-07-08T09:39:44,200.0,10.15,B
2021-07-08T09:39:43,600.0,10.15,B
2021-07-08T09:39:42,100.0,10.15,B
2021-07-08T09:39:34,2000.0,10.15,B
2021-07-08T09:39:25,1000.0,10.15,B
2021-07-08T09:39:15,500.0,10.15,B
2021-07-08T09:39:13,5000.0,10.15,B
2021-07-08T09:39:07,1000.0,10.15,B
2021-07-08T09:38:53,1000.0,10.15,B
2021-07-08T09:38:14,800.0,10.15,B
2021-07-08T09:38:07,1000.0,10.15,B
2021-07-08T09:38:00,200.0,10.15,B
2021-07-08T09:37:54,500.0,10.15,B
2021-07-08T09:37:17,100.0,10.15,B
2021-07-08T09:37:02,1000.0,10.15,B
2021-07-08T09:36:59,500.0,10.1,S
2021-07-08T09:36:54,1000.0,10.1,S
2021-07-08T09:36:46,12700.0,10.1,B
2021-07-08T09:36:45,3500.0,10.05,S
2021-07-08T09:36:44,100.0,10.1,B
2021-07-08T09:36:44,6100.0,10.1,B
2021-07-08T09:36:44,3900.0,10.1,B
2021-07-08T09:36:44,100.0,10.1,B
2021-07-08T09:36:44,1900.0,10.1,B
2021-07-08T09:36:34,1000.0,10.1,B
2021-07-08T09:36:34,500.0,10.1,B
2021-07-08T09:36:23,500.0,10.1,B
2021-07-08T09:36:21,100.0,10.1,B
2021-07-08T09:36:12,400.0,10.1,B
2021-07-08T09:36:09,100.0,10.1,B
2021-07-08T09:36:01,800.0,10.1,B
2021-07-08T09:36:01,5000.0,10.05,S
2021-07-08T09:36:00,100.0,10.1,B
2021-07-08T09:35:45,2000.0,10.1,B
2021-07-08T09:35:42,13000.0,10.1,B
2021-07-08T09:35:22,100.0,10.05,S
2021-07-08T09:35:15,5000.0,10.05,S
2021-07-08T09:35:14,14400.0,10.1,B
2021-07-08T09:35:14,1100.0,10.1,B
2021-07-08T09:35:14,200.0,10.1,B
2021-07-08T09:35:14,2100.0,10.1,B
2021-07-08T09:35:14,700.0,10.1,B
2021-07-08T09:35:14,1300.0,10.1,B
2021-07-08T09:35:14,1000.0,10.1,B
2021-07-08T09:35:14,4200.0,10.1,B
2021-07-08T09:35:13,300.0,10.1,B
2021-07-08T09:35:02,1500.0,10.1,B
2021-07-08T09:34:57,18000.0,10.1,B
2021-07-08T09:34:48,100.0,10.1,B
2021-07-08T09:34:35,100.0,10.1,B
2021-07-08T09:34:30,100.0,10.05,S
2021-07-08T09:34:29,500.0,10.1,B
2021-07-08T09:34:24,20000.0,10.1,B
2021-07-08T09:34:21,7000.0,10.05,S
2021-07-08T09:34:09,100.0,10.05,S
2021-07-08T09:34:05,5000.0,10.05,S
2021-07-08T09:34:03,100.0,10.05,S
2021-07-08T09:33:57,800.0,10.1,B
2021-07-08T09:33:50,9000.0,10.05,S
2021-07-08T09:33:29,11000.0,10.05,S
2021-07-08T09:33:27,1000.0,10.05,S
2021-07-08T09:33:26,100.0,10.05,S
2021-07-08T09:33:14,2500.0,10.05,S
2021-07-08T09:33:11,200.0,10.1,B
2021-07-08T09:33:00,100.0,10.1,B
2021-07-08T09:32:52,200.0,10.1,B
2021-07-08T09:32:48,100.0,10.1,B
2021-07-08T09:32:13,100.0,10.1,B
2021-07-08T09:32:00,600.0,10.05,B
2021-07-08T09:31:58,600.0,10.05,B
2021-07-08T09:31:53,1900.0,10.05,S
2021-07-08T09:31:47,800.0,10.1,B
2021-07-08T09:31:44,600.0,10.05,B
2021-07-08T09:31:42,300.0,10.05,B
2021-07-08T09:31:36,500.0,10.05,S
2021-07-08T09:31:06,500.0,10.05,S
2021-07-08T09:30:52,500.0,10.05,S
2021-07-08T09:30:49,200.0,10.05,B
2021-07-08T09:30:49,1700.0,10.05,B
2021-07-08T09:30:49,3000.0,10.05,B
2021-07-08T09:30:46,1000.0,10.05,B
2021-07-08T09:30:46,5000.0,10.05,B
2021-07-08T09:30:37,200.0,10.05,B
2021-07-08T09:30:24,1000.0,10.05,B
2021-07-08T09:30:20,200.0,10.0,S
2021-07-08T09:30:17,2000.0,10.0,S
2021-07-08T09:30:15,100.0,10.05,B
2021-07-08T09:30:13,1500.0,10.0,S
2021-07-08T09:30:11,3000.0,10.05,B
2021-07-08T09:29:56,1000.0,10.05,B
2021-07-08T09:29:55,500.0,10.05,B
2021-07-08T09:29:54,4200.0,10.05,S
2021-07-08T09:29:54,200.0,10.05,S
2021-07-08T09:29:46,2000.0,10.05,S
2021-07-08T09:29:39,800.0,10.1,B
2021-07-08T09:29:33,300.0,10.05,S
2021-07-08T09:29:31,50000.0,10.05,S
2021-07-08T09:29:17,15000.0,10.05,S
2021-07-08T09:29:12,100.0,10.05,S
2021-07-08T09:29:07,4400.0,10.05,S
2021-07-08T09:29:07,300.0,10.05,S
2021-07-08T09:29:07,300.0,10.05,S
2021-07-08T09:29:07,5400.0,10.05,S
2021-07-08T09:29:07,9600.0,10.05,S
2021-07-08T09:28:58,1000.0,10.05,S
2021-07-08T09:28:28,5000.0,10.05,S
2021-07-08T09:28:25,100.0,10.05,S
2021-07-08T09:28:10,500.0,10.05,S
2021-07-08T09:28:07,1000.0,10.05,S
2021-07-08T09:28:02,1000.0,10.05,S
2021-07-08T09:27:57,10300.0,10.05,S
2021-07-08T09:27:57,700.0,10.05,S
2021-07-08T09:27:57,8400.0,10.05,S
2021-07-08T09:27:57,600.0,10.05,S
2021-07-08T09:27:42,300.0,10.1,B
2021-07-08T09:27:35,900.0,10.1,B
2021-07-08T09:27:25,300.0,10.05,S
2021-07-08T09:27:25,700.0,10.05,S
2021-07-08T09:27:13,1000.0,10.1,B
2021-07-08T09:27:03,1500.0,10.05,S
2021-07-08T09:26:43,8300.0,10.05,S
2021-07-08T09:26:43,100.0,10.05,S
2021-07-08T09:26:43,1600.0,10.05,S
2021-07-08T09:26:04,500.0,10.05,S
2021-07-08T09:25:46,4200.0,10.05,S
2021-07-08T09:25:34,100.0,10.1,S
2021-07-08T09:25:34,1000.0,10.1,S
2021-07-08T09:25:33,900.0,10.15,B
2021-07-08T09:25:16,200.0,10.15,B
2021-07-08T09:25:15,500.0,10.1,S
2021-07-08T09:25:13,1000.0,10.1,S
2021-07-08T09:25:11,5000.0,10.1,S
2021-07-08T09:25:11,1000.0,10.1,S
2021-07-08T09:25:03,2700.0,10.1,S
2021-07-08T09:25:03,7300.0,10.1,S
2021-07-08T09:24:55,700.0,10.1,S
2021-07-08T09:24:55,200.0,10.1,S
2021-07-08T09:24:55,4100.0,10.1,S
2021-07-08T09:24:54,500.0,10.1,S
2021-07-08T09:24:53,400.0,10.1,S
2021-07-08T09:24:42,200.0,10.15,B
2021-07-08T09:24:35,600.0,10.1,S
2021-07-08T09:24:35,2100.0,10.1,S
2021-07-08T09:24:35,1000.0,10.1,S
2021-07-08T09:24:35,1300.0,10.1,S
2021-07-08T09:24:32,1000.0,10.15,B
2021-07-08T09:24:30,5000.0,10.15,B
2021-07-08T09:24:28,500.0,10.15,B
2021-07-08T09:24:28,500.0,10.1,S
2021-07-08T09:24:25,300.0,10.15,B
2021-07-08T09:24:22,2000.0,10.1,S
2021-07-08T09:24:16,2000.0,10.1,S
2021-07-08T09:24:04,5000.0,10.1,S
2021-07-08T09:24:03,18800.0,10.1,S
2021-07-08T09:23:26,800.0,10.15,B
2021-07-08T09:23:25,800.0,10.15,B
2021-07-08T09:23:13,100.0,10.15,B
2021-07-08T09:23:05,200.0,10.15,B
2021-07-08T09:22:40,500.0,10.15,B
2021-07-08T09:22:33,900.0,10.15,B
2021-07-08T09:22:29,100.0,10.15,B
2021-07-08T09:22:28,100.0,10.15,B
2021-07-08T09:22:24,1000.0,10.15,B
2021-07-08T09:22:24,1100.0,10.15,B
2021-07-08T09:22:24,800.0,10.15,B
2021-07-08T09:22:24,1500.0,10.15,B
2021-07-08T09:22:24,6600.0,10.15,B
2021-07-08T09:22:16,300.0,10.15,B
2021-07-08T09:22:10,1000.0,10.15,B
2021-07-08T09:22:10,100.0,10.1,S
2021-07-08T09:22:10,200.0,10.1,S
2021-07-08T09:22:09,2000.0,10.15,B
2021-07-08T09:22:04,800.0,10.1,S
2021-07-08T09:22:00,1000.0,10.15,B
2021-07-08T09:21:58,600.0,10.1,S
2021-07-08T09:21:55,300.0,10.15,B
2021-07-08T09:21:33,3000.0,10.15,B
2021-07-08T09:21:28,400.0,10.15,B
2021-07-08T09:21:27,100.0,10.15,B
2021-07-08T09:21:24,100.0,10.15,B
2021-07-08T09:21:21,4600.0,10.15,B
2021-07-08T09:21:21,5400.0,10.15,B
2021-07-08T09:21:21,200.0,10.15,B
2021-07-08T09:21:17,700.0,10.15,B
2021-07-08T09:21:17,200.0,10.15,B
2021-07-08T09:21:10,500.0,10.15,B
2021-07-08T09:21:07,5000.0,10.15,B
2021-07-08T09:20:59,800.0,10.15,B
2021-07-08T09:20:58,100.0,10.1,S
2021-07-08T09:20:46,1000.0,10.1,S
2021-07-08T09:20:33,2300.0,10.15,B
2021-07-08T09:20:29,100.0,10.15,B
2021-07-08T09:20:11,1400.0,10.15,B
2021-07-08T09:20:07,29000.0,10.15,B
2021-07-08T09:20:06,100.0,10.15,B
2021-07-08T09:19:57,300.0,10.1,S
2021-07-08T09:19:57,200.0,10.1,S
2021-07-08T09:19:50,1000.0,10.1,S
2021-07-08T09:19:48,5000.0,10.15,B
2021-07-08T09:19:34,300.0,10.15,B
2021-07-08T09:19:34,1200.0,10.15,B
2021-07-08T09:19:34,2700.0,10.15,B
2021-07-08T09:19:30,1000.0,10.1,S
2021-07-08T09:19:29,5000.0,10.15,B
2021-07-08T09:19:25,300.0,10.1,S
2021-07-08T09:19:25,600.0,10.1,S
2021-07-08T09:19:24,9100.0,10.1,B
2021-07-08T09:19:24,5000.0,10.1,B
2021-07-08T09:19:17,1500.0,10.1,B
2021-07-08T09:19:09,700.0,10.1,B
2021-07-08T09:19:02,1500.0,10.1,B
2021-07-08T09:18:57,1500.0,10.05,S
2021-07-08T09:18:51,10000.0,10.1,B
2021-07-08T09:18:44,500.0,10.0,S
2021-07-08T09:18:36,100.0,10.1,B
2021-07-08T09:18:28,1000.0,10.1,B
2021-07-08T09:18:26,2000.0,10.1,B
2021-07-08T09:18:26,200.0,10.1,B
2021-07-08T09:18:12,2000.0,10.1,B
2021-07-08T09:18:08,600.0,10.1,B
2021-07-08T09:18:00,200.0,10.1,B
2021-07-08T09:17:40,1000.0,10.0,S
2021-07-08T09:17:33,1900.0,10.0,S
2021-07-08T09:17:32,11700.0,10.0,B
2021-07-08T09:17:32,9200.0,10.0,B
2021-07-08T09:17:32,1000.0,10.0,B
2021-07-08T09:17:32,2200.0,10.0,B
2021-07-08T09:17:32,1000.0,10.0,B
2021-07-08T09:17:30,2400.0,10.0,B
2021-07-08T09:17:29,5000.0,10.0,B
2021-07-08T09:17:24,500.0,10.0,B
2021-07-08T09:17:23,500.0,10.0,B
2021-07-08T09:17:23,2000.0,10.0,B
2021-07-08T09:17:19,100.0,10.0,B
2021-07-08T09:17:16,100.0,10.0,B
2021-07-08T09:17:05,700.0,10.0,B
2021-07-08T09:16:54,5000.0,10.0,B
2021-07-08T09:16:45,100.0,9.99,S
2021-07-08T09:16:39,4800.0,9.99,S
2021-07-08T09:16:39,4800.0,9.99,S
2021-07-08T09:16:39,400.0,9.99,S
2021-07-08T09:16:04,2000.0,9.99,S
2021-07-08T09:15:46,1000.0,10.0,B
2021-07-08T09:15:45,200.0,10.0,B
2021-07-08T09:15:35,500.0,10.0,B
2021-07-08T09:15:24,3000.0,10.0,B
2021-07-08T09:15:08,1500.0,10.0,B
