tradingTime,volume,price,side
2021-07-08T14:29:30,2000.0,15.25,S
2021-07-08T14:26:55,2300.0,15.25,B
2021-07-08T14:26:39,100.0,15.25,B
2021-07-08T14:24:10,200.0,15.2,S
2021-07-08T14:24:09,1500.0,15.25,B
2021-07-08T14:20:25,5600.0,15.2,S
2021-07-08T14:20:25,100.0,15.2,S
2021-07-08T14:20:25,4300.0,15.2,S
2021-07-08T14:19:37,100.0,15.2,S
2021-07-08T14:17:51,100.0,15.25,B
2021-07-08T14:16:58,100.0,15.2,S
2021-07-08T14:16:22,1000.0,15.2,S
2021-07-08T14:16:21,100.0,15.25,B
2021-07-08T14:14:33,1300.0,15.2,S
2021-07-08T14:14:33,300.0,15.2,S
2021-07-08T14:14:33,1400.0,15.2,S
2021-07-08T14:14:25,1000.0,15.2,S
2021-07-08T14:11:45,1500.0,15.2,S
2021-07-08T14:11:45,200.0,15.2,S
2021-07-08T14:11:45,300.0,15.2,S
2021-07-08T14:11:04,300.0,15.2,S
2021-07-08T14:08:12,300.0,15.25,S
2021-07-08T14:05:18,200.0,15.25,S
2021-07-08T14:03:59,1000.0,15.25,S
2021-07-08T14:03:38,100.0,15.25,S
2021-07-08T14:00:22,1000.0,15.25,S
2021-07-08T13:57:06,300.0,15.25,S
2021-07-08T13:57:06,700.0,15.25,S
2021-07-08T13:56:09,200.0,15.25,S
2021-07-08T13:55:58,3000.0,15.3,B
2021-07-08T13:54:44,10000.0,15.3,B
2021-07-08T13:54:29,100.0,15.25,S
2021-07-08T13:54:26,200.0,15.3,B
2021-07-08T13:51:08,2000.0,15.25,S
2021-07-08T13:50:37,100.0,15.25,S
2021-07-08T13:50:03,200.0,15.25,S
2021-07-08T13:49:56,200.0,15.25,S
2021-07-08T13:48:49,10000.0,15.25,S
2021-07-08T13:47:34,1200.0,15.25,S
2021-07-08T13:46:48,100.0,15.25,S
2021-07-08T13:46:26,8000.0,15.25,S
2021-07-08T13:43:06,1200.0,15.25,B
2021-07-08T13:42:44,100.0,15.2,S
2021-07-08T13:42:38,1000.0,15.25,B
2021-07-08T13:42:13,400.0,15.25,B
2021-07-08T13:42:00,100.0,15.25,B
2021-07-08T13:41:58,500.0,15.2,S
2021-07-08T13:41:42,1000.0,15.25,B
2021-07-08T13:41:04,500.0,15.25,B
2021-07-08T13:40:22,100.0,15.2,S
2021-07-08T13:40:09,100.0,15.2,S
2021-07-08T13:40:00,700.0,15.2,S
2021-07-08T13:38:59,200.0,15.2,S
2021-07-08T13:38:50,100.0,15.25,B
2021-07-08T13:38:11,500.0,15.25,B
2021-07-08T13:38:11,200.0,15.2,S
2021-07-08T13:37:52,200.0,15.25,B
2021-07-08T13:37:44,500.0,15.25,S
2021-07-08T13:37:42,800.0,15.25,S
2021-07-08T13:37:42,5200.0,15.25,S
2021-07-08T13:37:25,2000.0,15.25,S
2021-07-08T13:37:14,1500.0,15.25,S
2021-07-08T13:36:44,2100.0,15.3,S
2021-07-08T13:36:41,100.0,15.3,S
2021-07-08T13:36:20,10000.0,15.3,S
2021-07-08T13:36:15,500.0,15.3,S
2021-07-08T13:35:59,500.0,15.3,S
2021-07-08T13:35:56,200.0,15.3,S
2021-07-08T13:35:50,4000.0,15.3,S
2021-07-08T13:35:29,100.0,15.3,S
2021-07-08T13:35:28,2000.0,15.3,S
2021-07-08T13:34:47,1000.0,15.3,S
2021-07-08T13:34:43,100.0,15.3,S
2021-07-08T13:33:57,500.0,15.3,S
2021-07-08T13:32:54,200.0,15.3,S
2021-07-08T13:32:08,300.0,15.3,S
2021-07-08T13:31:33,500.0,15.3,S
2021-07-08T13:30:51,100.0,15.35,B
2021-07-08T13:30:47,200.0,15.3,S
2021-07-08T13:30:40,400.0,15.3,S
2021-07-08T13:30:15,600.0,15.3,S
2021-07-08T13:28:02,9000.0,15.35,S
2021-07-08T13:25:27,1300.0,15.4,B
2021-07-08T13:25:25,2200.0,15.4,B
2021-07-08T13:25:22,300.0,15.35,S
2021-07-08T13:24:30,100.0,15.35,S
2021-07-08T13:23:47,500.0,15.35,S
2021-07-08T13:22:10,400.0,15.35,S
2021-07-08T13:22:10,6200.0,15.35,S
2021-07-08T13:22:10,400.0,15.35,S
2021-07-08T13:21:41,1000.0,15.35,S
2021-07-08T13:18:06,300.0,15.35,S
2021-07-08T13:13:53,3400.0,15.35,S
2021-07-08T13:12:30,800.0,15.4,B
2021-07-08T13:11:37,100.0,15.4,S
2021-07-08T13:04:20,100.0,15.45,B
2021-07-08T13:03:14,200.0,15.4,B
2021-07-08T13:02:55,100.0,15.4,B
2021-07-08T13:00:30,3000.0,15.35,S
2021-07-08T13:00:08,1000.0,15.35,S
2021-07-08T13:00:04,400.0,15.35,S
2021-07-08T11:28:27,1000.0,15.35,S
2021-07-08T11:28:27,1200.0,15.35,S
2021-07-08T11:20:16,100.0,15.4,S
2021-07-08T11:19:27,200.0,15.4,B
2021-07-08T11:18:42,500.0,15.4,B
2021-07-08T11:11:06,100.0,15.4,B
2021-07-08T11:10:06,100.0,15.4,B
2021-07-08T11:09:57,100.0,15.4,B
2021-07-08T11:06:52,100.0,15.35,S
2021-07-08T11:04:16,1000.0,15.4,B
2021-07-08T10:58:07,1500.0,15.35,B
2021-07-08T10:56:43,200.0,15.3,S
2021-07-08T10:56:23,5000.0,15.35,B
2021-07-08T10:56:18,100.0,15.35,B
2021-07-08T10:54:40,200.0,15.3,S
2021-07-08T10:53:40,500.0,15.35,B
2021-07-08T10:51:23,200.0,15.35,B
2021-07-08T10:49:28,1000.0,15.35,B
2021-07-08T10:48:38,300.0,15.35,B
2021-07-08T10:46:09,900.0,15.35,B
2021-07-08T10:42:34,200.0,15.3,S
2021-07-08T10:41:55,2000.0,15.3,S
2021-07-08T10:36:48,600.0,15.35,B
2021-07-08T10:35:41,1000.0,15.35,B
2021-07-08T10:35:28,500.0,15.3,S
2021-07-08T10:32:01,600.0,15.3,S
2021-07-08T10:31:47,500.0,15.3,S
2021-07-08T10:30:40,2200.0,15.3,S
2021-07-08T10:28:53,200.0,15.3,S
2021-07-08T10:24:31,2100.0,15.3,S
2021-07-08T10:24:07,200.0,15.3,S
2021-07-08T10:23:42,6000.0,15.3,S
2021-07-08T10:22:55,5000.0,15.3,S
2021-07-08T10:16:18,1000.0,15.35,B
2021-07-08T10:14:57,2300.0,15.3,B
2021-07-08T10:13:54,5000.0,15.3,B
2021-07-08T10:11:16,2500.0,15.3,S
2021-07-08T10:11:02,4500.0,15.3,S
2021-07-08T10:11:02,500.0,15.3,S
2021-07-08T10:09:52,5000.0,15.3,S
2021-07-08T10:09:10,2000.0,15.3,S
2021-07-08T10:09:05,2000.0,15.3,S
2021-07-08T10:08:55,100.0,15.3,S
2021-07-08T10:07:11,800.0,15.3,S
2021-07-08T10:06:39,700.0,15.3,S
2021-07-08T10:05:27,1900.0,15.3,S
2021-07-08T10:04:03,100.0,15.3,S
2021-07-08T10:02:54,600.0,15.3,S
2021-07-08T10:02:54,3400.0,15.3,S
2021-07-08T10:02:19,9000.0,15.3,S
2021-07-08T10:02:19,200.0,15.3,S
2021-07-08T10:02:19,4700.0,15.3,S
2021-07-08T10:01:34,100.0,15.35,S
2021-07-08T10:01:34,5000.0,15.35,S
2021-07-08T10:01:33,5400.0,15.35,S
2021-07-08T09:58:31,300.0,15.35,S
2021-07-08T09:58:07,2000.0,15.35,S
2021-07-08T09:56:33,500.0,15.35,S
2021-07-08T09:56:33,1200.0,15.35,S
2021-07-08T09:56:33,8300.0,15.35,S
2021-07-08T09:54:47,3000.0,15.4,S
2021-07-08T09:54:17,16900.0,15.4,B
2021-07-08T09:53:19,300.0,15.4,B
2021-07-08T09:52:57,2800.0,15.4,B
2021-07-08T09:52:33,2000.0,15.4,S
2021-07-08T09:51:43,300.0,15.4,S
2021-07-08T09:50:16,5000.0,15.4,S
2021-07-08T09:49:32,200.0,15.45,B
2021-07-08T09:48:59,100.0,15.45,B
2021-07-08T09:48:26,100.0,15.45,B
2021-07-08T09:48:23,800.0,15.45,S
2021-07-08T09:47:33,300.0,15.45,B
2021-07-08T09:47:33,1300.0,15.45,B
2021-07-08T09:47:33,1200.0,15.45,B
2021-07-08T09:47:33,1400.0,15.45,B
2021-07-08T09:44:29,200.0,15.45,B
2021-07-08T09:43:31,100.0,15.4,S
2021-07-08T09:41:27,2000.0,15.45,B
2021-07-08T09:41:25,500.0,15.35,S
2021-07-08T09:39:21,3400.0,15.35,B
2021-07-08T09:39:20,100.0,15.35,B
2021-07-08T09:39:02,1000.0,15.35,B
2021-07-08T09:38:53,10000.0,15.35,B
2021-07-08T09:38:21,3800.0,15.35,B
2021-07-08T09:37:23,500.0,15.35,B
2021-07-08T09:37:06,7500.0,15.35,S
2021-07-08T09:36:25,5000.0,15.35,S
2021-07-08T09:33:51,1700.0,15.35,S
2021-07-08T09:31:42,400.0,15.35,B
2021-07-08T09:31:31,100.0,15.35,S
2021-07-08T09:30:17,500.0,15.3,S
2021-07-08T09:30:17,300.0,15.3,S
2021-07-08T09:28:58,1600.0,15.3,S
2021-07-08T09:28:03,400.0,15.3,S
2021-07-08T09:26:08,1000.0,15.3,S
2021-07-08T09:25:30,700.0,15.3,S
2021-07-08T09:22:33,2000.0,15.3,S
2021-07-08T09:21:53,4800.0,15.3,B
2021-07-08T09:21:51,300.0,15.3,B
2021-07-08T09:21:35,500.0,15.3,B
2021-07-08T09:21:08,100.0,15.3,B
2021-07-08T09:18:43,500.0,15.3,B
2021-07-08T09:16:07,5000.0,15.3,B
2021-07-08T09:16:06,5300.0,15.3,S
