tradingTime,volume,price,side
2021-07-08T14:29:58,100.0,4.4,S
2021-07-08T14:29:47,800.0,4.4,S
2021-07-08T14:29:46,10000.0,4.4,S
2021-07-08T14:29:24,62400.0,4.4,B
2021-07-08T14:29:18,13500.0,4.4,B
2021-07-08T14:29:13,1500.0,4.4,B
2021-07-08T14:29:01,100.0,4.4,B
2021-07-08T14:28:56,200.0,4.4,B
2021-07-08T14:28:54,200.0,4.4,B
2021-07-08T14:28:25,10000.0,4.4,B
2021-07-08T14:28:13,10000.0,4.4,B
2021-07-08T14:28:04,6000.0,4.4,B
2021-07-08T14:28:00,200.0,4.4,B
2021-07-08T14:27:27,800.0,4.4,B
2021-07-08T14:26:56,8000.0,4.4,B
2021-07-08T14:26:32,500.0,4.4,B
2021-07-08T14:25:47,3000.0,4.4,B
2021-07-08T14:25:41,1000.0,4.4,B
2021-07-08T14:25:37,100.0,4.3,S
2021-07-08T14:25:33,100.0,4.3,S
2021-07-08T14:25:28,90000.0,4.3,S
2021-07-08T14:25:28,100.0,4.4,B
2021-07-08T14:24:57,100.0,4.3,S
2021-07-08T14:24:23,100.0,4.4,B
2021-07-08T14:24:22,300.0,4.4,B
2021-07-08T14:23:56,500.0,4.4,B
2021-07-08T14:23:27,500.0,4.4,B
2021-07-08T14:23:22,200.0,4.4,B
2021-07-08T14:23:13,3000.0,4.4,B
2021-07-08T14:23:00,200.0,4.4,B
2021-07-08T14:22:58,100.0,4.4,B
2021-07-08T14:22:52,2000.0,4.3,S
2021-07-08T14:22:50,1000.0,4.4,B
2021-07-08T14:22:44,500.0,4.4,B
2021-07-08T14:22:31,700.0,4.4,B
2021-07-08T14:22:25,100.0,4.4,B
2021-07-08T14:22:14,500.0,4.4,B
2021-07-08T14:22:14,3100.0,4.4,B
2021-07-08T14:22:13,100.0,4.4,B
2021-07-08T14:22:11,400.0,4.4,B
2021-07-08T14:22:05,500.0,4.4,B
2021-07-08T14:22:00,100.0,4.4,B
2021-07-08T14:21:53,2000.0,4.4,B
2021-07-08T14:21:49,200.0,4.4,B
2021-07-08T14:21:47,25000.0,4.4,B
2021-07-08T14:21:45,100.0,4.4,B
2021-07-08T14:21:27,3400.0,4.4,B
2021-07-08T14:21:16,6000.0,4.4,B
2021-07-08T14:21:15,400.0,4.4,B
2021-07-08T14:21:13,400.0,4.4,B
2021-07-08T14:20:59,500.0,4.4,B
2021-07-08T14:20:54,3400.0,4.4,B
2021-07-08T14:20:47,200.0,4.4,B
2021-07-08T14:20:37,2000.0,4.4,B
2021-07-08T14:20:36,100.0,4.4,B
2021-07-08T14:20:33,12100.0,4.4,B
2021-07-08T14:20:32,100.0,4.4,B
2021-07-08T14:19:52,100.0,4.4,B
2021-07-08T14:19:48,1700.0,4.4,B
2021-07-08T14:19:33,100.0,4.4,B
2021-07-08T14:19:22,1000.0,4.4,B
2021-07-08T14:19:20,1000.0,4.4,B
2021-07-08T14:19:07,200.0,4.4,B
2021-07-08T14:19:05,6500.0,4.4,B
2021-07-08T14:18:45,500.0,4.4,B
2021-07-08T14:18:41,600.0,4.4,B
2021-07-08T14:18:26,200.0,4.4,B
2021-07-08T14:18:23,1000.0,4.4,B
2021-07-08T14:18:23,200.0,4.4,B
2021-07-08T14:18:19,100.0,4.4,B
2021-07-08T14:18:12,300.0,4.4,B
2021-07-08T14:17:50,400.0,4.4,B
2021-07-08T14:17:16,100.0,4.4,B
2021-07-08T14:17:11,3000.0,4.4,B
2021-07-08T14:17:09,4200.0,4.4,B
2021-07-08T14:16:49,100.0,4.4,B
2021-07-08T14:16:41,100.0,4.4,B
2021-07-08T14:16:31,15400.0,4.4,B
2021-07-08T14:16:19,200.0,4.4,B
2021-07-08T14:16:12,200.0,4.4,B
2021-07-08T14:16:04,100.0,4.4,B
2021-07-08T14:15:44,10000.0,4.4,B
2021-07-08T14:15:30,100.0,4.4,B
2021-07-08T14:14:33,900.0,4.4,B
2021-07-08T14:14:25,1000.0,4.4,B
2021-07-08T14:14:05,3000.0,4.3,S
2021-07-08T14:13:46,3500.0,4.4,B
2021-07-08T14:13:38,100.0,4.4,B
2021-07-08T14:13:37,8000.0,4.3,S
2021-07-08T14:13:21,100.0,4.4,B
2021-07-08T14:13:13,1300.0,4.3,S
2021-07-08T14:12:58,100.0,4.4,B
2021-07-08T14:12:11,100.0,4.4,B
2021-07-08T14:12:11,200.0,4.4,B
2021-07-08T14:12:00,5000.0,4.4,B
2021-07-08T14:11:30,200.0,4.4,B
2021-07-08T14:11:21,300.0,4.3,S
2021-07-08T14:10:49,1000.0,4.4,B
2021-07-08T14:10:45,1200.0,4.4,B
2021-07-08T14:09:42,100.0,4.4,B
2021-07-08T14:08:05,15000.0,4.4,B
2021-07-08T14:07:58,500.0,4.4,B
2021-07-08T14:07:36,1000.0,4.4,B
2021-07-08T14:07:10,300.0,4.3,S
2021-07-08T14:07:00,100.0,4.4,B
2021-07-08T14:06:50,500.0,4.4,B
2021-07-08T14:06:42,500.0,4.4,B
2021-07-08T14:06:39,500.0,4.4,B
2021-07-08T14:06:25,200.0,4.4,B
2021-07-08T14:06:18,200.0,4.4,B
2021-07-08T14:05:50,200.0,4.4,B
2021-07-08T14:05:32,100.0,4.4,B
2021-07-08T14:05:30,200.0,4.4,B
2021-07-08T14:05:24,900.0,4.4,B
2021-07-08T14:05:23,1200.0,4.4,B
2021-07-08T14:05:20,400.0,4.4,B
2021-07-08T14:05:14,300.0,4.4,B
2021-07-08T14:05:08,100.0,4.4,B
2021-07-08T14:04:52,900.0,4.4,B
2021-07-08T14:04:43,78000.0,4.4,B
2021-07-08T14:04:36,100.0,4.4,B
2021-07-08T14:04:28,200.0,4.4,B
2021-07-08T14:04:06,700.0,4.4,B
2021-07-08T14:03:59,165300.0,4.4,B
2021-07-08T14:03:46,4000.0,4.4,S
2021-07-08T14:03:41,17500.0,4.4,S
2021-07-08T14:03:36,7900.0,4.4,S
2021-07-08T14:03:19,5000.0,4.4,S
2021-07-08T14:03:16,10000.0,4.4,S
2021-07-08T14:03:14,1200.0,4.4,S
2021-07-08T14:03:14,2500.0,4.4,S
2021-07-08T14:03:07,1300.0,4.4,S
2021-07-08T14:03:00,3000.0,4.4,S
2021-07-08T14:02:53,5000.0,4.4,S
2021-07-08T14:02:51,75000.0,4.4,S
2021-07-08T14:02:40,200.0,4.4,S
2021-07-08T14:02:32,100000.0,4.4,S
2021-07-08T14:02:18,178800.0,4.4,S
2021-07-08T14:02:14,1000.0,4.4,S
2021-07-08T14:01:24,5000.0,4.4,S
2021-07-08T14:01:14,500.0,4.4,S
2021-07-08T14:00:53,100.0,4.5,B
2021-07-08T14:00:50,73500.0,4.4,S
2021-07-08T13:59:09,1000.0,4.5,B
2021-07-08T13:59:02,1500.0,4.4,S
2021-07-08T13:58:55,1000.0,4.4,S
2021-07-08T13:58:45,900.0,4.4,S
2021-07-08T13:58:37,1000.0,4.4,S
2021-07-08T13:58:22,500.0,4.4,S
2021-07-08T13:58:09,36900.0,4.4,S
2021-07-08T13:58:07,2000.0,4.5,B
2021-07-08T13:57:17,2000.0,4.4,S
2021-07-08T13:57:00,1500.0,4.4,S
2021-07-08T13:55:42,5000.0,4.4,S
2021-07-08T13:55:29,10000.0,4.4,S
2021-07-08T13:55:13,20000.0,4.4,S
2021-07-08T13:54:32,500.0,4.5,B
2021-07-08T13:54:14,200.0,4.5,B
2021-07-08T13:53:20,900.0,4.5,B
2021-07-08T13:53:11,600.0,4.5,B
2021-07-08T13:53:07,300.0,4.5,B
2021-07-08T13:52:04,200.0,4.5,B
2021-07-08T13:49:45,600.0,4.5,B
2021-07-08T13:49:38,300.0,4.4,S
2021-07-08T13:49:29,700.0,4.5,B
2021-07-08T13:48:44,1000.0,4.4,S
2021-07-08T13:48:43,5000.0,4.4,S
2021-07-08T13:48:07,1000.0,4.4,S
2021-07-08T13:47:53,5000.0,4.4,S
2021-07-08T13:47:38,500.0,4.4,S
2021-07-08T13:47:31,500.0,4.4,S
2021-07-08T13:46:57,6000.0,4.4,S
2021-07-08T13:46:49,100.0,4.5,B
2021-07-08T13:46:19,4800.0,4.5,B
2021-07-08T13:46:19,100.0,4.5,B
2021-07-08T13:45:21,2000.0,4.5,B
2021-07-08T13:45:02,500.0,4.4,S
2021-07-08T13:44:23,500.0,4.4,S
2021-07-08T13:43:55,100000.0,4.4,S
2021-07-08T13:43:31,1000.0,4.4,S
2021-07-08T13:43:05,1100.0,4.4,S
2021-07-08T13:43:03,100.0,4.4,S
2021-07-08T13:43:00,10000.0,4.4,S
2021-07-08T13:41:35,100.0,4.4,S
2021-07-08T13:41:18,100000.0,4.4,S
2021-07-08T13:40:05,2000.0,4.4,S
2021-07-08T13:38:36,7500.0,4.4,S
2021-07-08T13:38:31,300.0,4.4,S
2021-07-08T13:37:53,1000.0,4.4,S
2021-07-08T13:37:47,500.0,4.4,S
2021-07-08T13:37:25,1100.0,4.5,B
2021-07-08T13:37:21,1000.0,4.4,S
2021-07-08T13:37:17,1000.0,4.5,B
2021-07-08T13:37:01,2400.0,4.4,S
2021-07-08T13:37:00,10000.0,4.4,S
2021-07-08T13:36:57,5000.0,4.4,S
2021-07-08T13:36:53,41000.0,4.4,S
2021-07-08T13:36:30,5000.0,4.4,S
2021-07-08T13:36:29,1000.0,4.4,S
2021-07-08T13:35:37,7000.0,4.4,S
2021-07-08T13:35:23,5000.0,4.4,S
2021-07-08T13:34:38,1200.0,4.5,B
2021-07-08T13:34:29,5000.0,4.4,S
2021-07-08T13:34:16,3000.0,4.4,S
2021-07-08T13:34:08,10400.0,4.4,S
2021-07-08T13:33:58,15000.0,4.4,S
2021-07-08T13:33:32,1100.0,4.5,B
2021-07-08T13:33:23,5000.0,4.5,B
2021-07-08T13:33:07,5000.0,4.5,B
2021-07-08T13:33:07,700.0,4.5,B
2021-07-08T13:32:56,1000.0,4.5,B
2021-07-08T13:32:42,15000.0,4.5,B
2021-07-08T13:32:07,400.0,4.5,B
2021-07-08T13:32:04,30000.0,4.5,B
2021-07-08T13:31:23,800.0,4.5,B
2021-07-08T13:31:02,1000.0,4.5,B
2021-07-08T13:30:49,50000.0,4.5,B
2021-07-08T13:30:49,1000.0,4.5,B
2021-07-08T13:30:47,1600.0,4.5,B
2021-07-08T13:30:44,200.0,4.5,B
2021-07-08T13:30:38,27000.0,4.5,B
2021-07-08T13:30:11,85000.0,4.5,B
2021-07-08T13:30:09,100.0,4.5,B
2021-07-08T13:29:58,30000.0,4.5,B
2021-07-08T13:29:35,500.0,4.5,B
2021-07-08T13:27:42,16400.0,4.4,S
2021-07-08T13:27:35,1000.0,4.4,S
2021-07-08T13:25:38,1500.0,4.4,S
2021-07-08T13:25:27,10000.0,4.5,B
2021-07-08T13:24:42,50000.0,4.5,B
2021-07-08T13:23:53,2000.0,4.4,S
2021-07-08T13:22:10,1000.0,4.4,S
2021-07-08T13:21:50,3000.0,4.5,B
2021-07-08T13:21:14,200.0,4.5,B
2021-07-08T13:20:22,400.0,4.5,B
2021-07-08T13:19:54,1100.0,4.5,B
2021-07-08T13:19:20,5000.0,4.5,B
2021-07-08T13:19:16,300.0,4.5,B
2021-07-08T13:19:01,1100.0,4.5,B
2021-07-08T13:18:09,2000.0,4.5,B
2021-07-08T13:17:36,300.0,4.5,B
2021-07-08T13:17:18,400.0,4.5,B
2021-07-08T13:16:02,1000.0,4.5,B
2021-07-08T13:16:01,23000.0,4.5,B
2021-07-08T13:15:40,7600.0,4.5,B
2021-07-08T13:15:29,200.0,4.5,B
2021-07-08T13:14:37,200.0,4.5,B
2021-07-08T13:13:12,15000.0,4.4,S
2021-07-08T13:12:23,300.0,4.5,B
2021-07-08T13:10:54,1000.0,4.5,B
2021-07-08T13:10:26,4000.0,4.4,S
2021-07-08T13:09:31,2000.0,4.4,S
2021-07-08T13:09:06,100.0,4.4,S
2021-07-08T13:08:23,5000.0,4.4,S
2021-07-08T13:07:10,100.0,4.4,S
2021-07-08T13:06:54,400.0,4.5,B
2021-07-08T13:06:53,200.0,4.5,B
2021-07-08T13:06:47,2000.0,4.4,S
2021-07-08T13:05:48,4000.0,4.4,S
2021-07-08T13:03:36,2000.0,4.4,S
2021-07-08T13:03:25,1500.0,4.5,B
2021-07-08T13:02:34,1000.0,4.5,B
2021-07-08T13:02:17,1000.0,4.4,S
2021-07-08T13:00:43,100.0,4.5,B
2021-07-08T13:00:39,100.0,4.5,B
2021-07-08T13:00:07,100.0,4.5,B
2021-07-08T13:00:06,1000.0,4.4,S
2021-07-08T13:00:06,200.0,4.5,B
2021-07-08T13:00:06,500.0,4.5,B
2021-07-08T13:00:05,300.0,4.5,B
2021-07-08T13:00:04,500.0,4.5,B
2021-07-08T13:00:04,100.0,4.5,B
2021-07-08T13:00:03,1100.0,4.4,S
2021-07-08T13:00:03,1300.0,4.5,B
2021-07-08T13:00:01,300.0,4.5,B
2021-07-08T13:00:01,100.0,4.5,B
2021-07-08T11:29:29,300.0,4.5,B
2021-07-08T11:28:48,5100.0,4.4,S
2021-07-08T11:28:34,100.0,4.5,B
2021-07-08T11:27:48,200.0,4.5,B
2021-07-08T11:25:42,100.0,4.5,B
2021-07-08T11:24:51,300.0,4.5,B
2021-07-08T11:24:32,10000.0,4.4,S
2021-07-08T11:23:32,1000.0,4.5,B
2021-07-08T11:22:26,1000.0,4.5,B
2021-07-08T11:21:37,1000.0,4.5,B
2021-07-08T11:20:02,1000.0,4.4,S
2021-07-08T11:19:04,1000.0,4.4,S
2021-07-08T11:17:47,100.0,4.4,S
2021-07-08T11:17:06,100.0,4.4,S
2021-07-08T11:16:43,200.0,4.4,S
2021-07-08T11:15:53,200.0,4.4,S
2021-07-08T11:14:01,1000.0,4.4,S
2021-07-08T11:13:48,500.0,4.4,S
2021-07-08T11:13:42,3000.0,4.5,B
2021-07-08T11:12:15,200.0,4.5,B
2021-07-08T11:11:59,1000.0,4.5,B
2021-07-08T11:11:28,1000.0,4.5,B
2021-07-08T11:09:33,2000.0,4.5,B
2021-07-08T11:07:38,100.0,4.5,B
2021-07-08T11:06:17,1000.0,4.5,B
2021-07-08T11:06:00,500.0,4.5,B
2021-07-08T11:05:51,100.0,4.5,B
2021-07-08T11:05:04,1000.0,4.5,B
2021-07-08T11:04:53,500.0,4.5,B
2021-07-08T11:04:29,2400.0,4.5,B
2021-07-08T11:03:39,300.0,4.5,B
2021-07-08T11:03:30,500.0,4.4,S
2021-07-08T11:03:19,20000.0,4.5,B
2021-07-08T11:02:51,500.0,4.4,S
2021-07-08T11:02:39,21300.0,4.4,S
2021-07-08T11:00:16,100.0,4.5,B
2021-07-08T10:59:11,100.0,4.4,S
2021-07-08T10:58:46,1900.0,4.5,B
2021-07-08T10:57:55,100.0,4.5,B
2021-07-08T10:56:51,1000.0,4.4,S
2021-07-08T10:56:10,8400.0,4.4,S
2021-07-08T10:55:08,100.0,4.4,S
2021-07-08T10:54:47,1000.0,4.5,B
2021-07-08T10:54:17,100.0,4.5,B
2021-07-08T10:53:16,800.0,4.4,S
2021-07-08T10:52:44,2500.0,4.4,S
2021-07-08T10:51:57,2000.0,4.5,B
2021-07-08T10:51:03,4000.0,4.5,B
2021-07-08T10:50:01,20000.0,4.5,B
2021-07-08T10:49:37,1200.0,4.5,B
2021-07-08T10:49:05,1000.0,4.5,B
2021-07-08T10:48:16,25300.0,4.5,B
2021-07-08T10:45:16,1500.0,4.4,S
2021-07-08T10:44:50,7000.0,4.4,S
2021-07-08T10:44:09,5000.0,4.5,B
2021-07-08T10:43:55,200.0,4.4,S
2021-07-08T10:43:44,60000.0,4.4,S
2021-07-08T10:42:37,200.0,4.4,S
2021-07-08T10:37:48,900.0,4.4,S
2021-07-08T10:37:14,5000.0,4.4,S
2021-07-08T10:36:31,5000.0,4.4,S
2021-07-08T10:36:28,100.0,4.4,S
2021-07-08T10:36:25,800.0,4.4,S
2021-07-08T10:36:08,300.0,4.5,B
2021-07-08T10:35:39,100.0,4.5,B
2021-07-08T10:35:34,200000.0,4.5,B
2021-07-08T10:35:24,2400.0,4.4,S
2021-07-08T10:31:49,1000.0,4.5,B
2021-07-08T10:30:39,500.0,4.5,B
2021-07-08T10:29:40,500.0,4.5,B
2021-07-08T10:29:28,30000.0,4.5,B
2021-07-08T10:27:00,10000.0,4.5,B
2021-07-08T10:26:58,600.0,4.4,S
2021-07-08T10:26:07,1900.0,4.5,B
2021-07-08T10:24:19,3000.0,4.5,B
2021-07-08T10:23:00,100.0,4.5,B
2021-07-08T10:22:33,1500.0,4.5,B
2021-07-08T10:22:29,300.0,4.4,S
2021-07-08T10:21:38,1500.0,4.5,B
2021-07-08T10:21:37,200.0,4.5,B
2021-07-08T10:21:22,1000.0,4.5,B
2021-07-08T10:21:22,1000.0,4.5,B
2021-07-08T10:21:20,1600.0,4.5,B
2021-07-08T10:20:48,1500.0,4.5,B
2021-07-08T10:20:41,1000.0,4.5,B
2021-07-08T10:18:25,1500.0,4.5,B
2021-07-08T10:16:08,1300.0,4.4,S
2021-07-08T10:15:45,5000.0,4.4,S
2021-07-08T10:14:35,23400.0,4.4,S
2021-07-08T10:14:08,11500.0,4.4,S
2021-07-08T10:13:57,200000.0,4.4,S
2021-07-08T10:13:24,1500.0,4.4,S
2021-07-08T10:12:53,100.0,4.5,B
2021-07-08T10:12:45,2700.0,4.4,S
2021-07-08T10:12:33,2900.0,4.4,S
2021-07-08T10:12:02,250000.0,4.4,S
2021-07-08T10:11:16,20400.0,4.4,S
2021-07-08T10:11:04,200.0,4.5,B
2021-07-08T10:10:34,1000.0,4.5,B
2021-07-08T10:10:31,200.0,4.5,B
2021-07-08T10:10:00,5500.0,4.5,B
2021-07-08T10:09:58,2000.0,4.4,S
2021-07-08T10:09:28,1000.0,4.4,S
2021-07-08T10:09:22,3200.0,4.4,S
2021-07-08T10:08:59,200.0,4.4,S
2021-07-08T10:08:32,600.0,4.4,S
2021-07-08T10:08:24,5000.0,4.4,S
2021-07-08T10:07:39,3700.0,4.4,S
2021-07-08T10:07:29,1000.0,4.4,S
2021-07-08T10:07:20,300.0,4.4,S
2021-07-08T10:07:10,60000.0,4.4,S
2021-07-08T10:06:40,200.0,4.4,S
2021-07-08T10:06:21,500.0,4.4,S
2021-07-08T10:05:15,28400.0,4.4,S
2021-07-08T10:05:14,100.0,4.5,B
2021-07-08T10:03:26,200.0,4.5,B
2021-07-08T10:03:17,100.0,4.5,B
2021-07-08T10:03:13,400.0,4.5,B
2021-07-08T10:02:59,2000.0,4.5,B
2021-07-08T10:02:20,2000.0,4.5,B
2021-07-08T10:02:17,100.0,4.5,B
2021-07-08T10:02:10,1000.0,4.5,B
2021-07-08T10:01:54,6500.0,4.5,B
2021-07-08T10:01:44,1000.0,4.5,B
2021-07-08T10:00:47,100.0,4.5,B
2021-07-08T10:00:27,100.0,4.5,B
2021-07-08T10:00:26,100.0,4.5,B
2021-07-08T10:00:20,100.0,4.5,B
2021-07-08T10:00:17,100.0,4.5,B
2021-07-08T10:00:08,100.0,4.5,B
2021-07-08T10:00:08,200.0,4.5,B
2021-07-08T10:00:02,2000.0,4.5,B
2021-07-08T10:00:00,200.0,4.5,B
2021-07-08T09:58:56,13000.0,4.5,B
2021-07-08T09:58:28,100.0,4.5,B
2021-07-08T09:57:58,3000.0,4.4,S
2021-07-08T09:57:36,186900.0,4.4,S
2021-07-08T09:57:35,2000.0,4.5,B
2021-07-08T09:57:15,1000.0,4.5,B
2021-07-08T09:56:48,1000.0,4.5,B
2021-07-08T09:56:14,10000.0,4.5,B
2021-07-08T09:55:53,6600.0,4.5,B
2021-07-08T09:55:16,1000.0,4.5,B
2021-07-08T09:53:06,300.0,4.5,B
2021-07-08T09:52:54,5000.0,4.4,S
2021-07-08T09:51:16,10000.0,4.4,S
2021-07-08T09:51:11,7000.0,4.5,B
2021-07-08T09:50:59,5000.0,4.5,B
2021-07-08T09:50:51,200.0,4.5,B
2021-07-08T09:50:46,1000.0,4.5,B
2021-07-08T09:50:45,3800.0,4.5,B
2021-07-08T09:50:41,500.0,4.5,B
2021-07-08T09:50:36,1400.0,4.5,B
2021-07-08T09:50:22,10000.0,4.5,B
2021-07-08T09:50:13,100.0,4.5,B
2021-07-08T09:50:08,900.0,4.5,B
2021-07-08T09:49:41,36800.0,4.5,S
2021-07-08T09:49:38,80000.0,4.5,S
2021-07-08T09:49:26,5000.0,4.5,S
2021-07-08T09:49:00,400.0,4.5,S
2021-07-08T09:48:57,2000.0,4.5,S
2021-07-08T09:48:55,30000.0,4.5,S
2021-07-08T09:48:46,7000.0,4.5,S
2021-07-08T09:48:40,20000.0,4.5,S
2021-07-08T09:48:39,1000.0,4.5,S
2021-07-08T09:48:19,5000.0,4.5,S
2021-07-08T09:48:05,2500.0,4.5,S
2021-07-08T09:47:40,500.0,4.5,S
2021-07-08T09:47:40,500.0,4.5,S
2021-07-08T09:47:39,1000.0,4.5,S
2021-07-08T09:47:37,1000.0,4.5,S
2021-07-08T09:47:25,2000.0,4.5,S
2021-07-08T09:47:20,10000.0,4.5,S
2021-07-08T09:47:18,100000.0,4.5,S
2021-07-08T09:47:07,1000.0,4.5,S
2021-07-08T09:47:00,236200.0,4.5,S
2021-07-08T09:47:00,263800.0,4.5,S
2021-07-08T09:45:44,100.0,4.5,S
2021-07-08T09:45:14,3300.0,4.6,B
2021-07-08T09:44:59,4000.0,4.5,S
2021-07-08T09:43:20,5000.0,4.5,S
2021-07-08T09:42:23,200.0,4.5,S
2021-07-08T09:42:03,500.0,4.5,S
2021-07-08T09:42:03,1300.0,4.5,S
2021-07-08T09:40:40,2000.0,4.5,S
2021-07-08T09:40:03,3000.0,4.5,S
2021-07-08T09:39:44,200.0,4.5,S
2021-07-08T09:39:42,1000.0,4.6,B
2021-07-08T09:38:52,100.0,4.5,S
2021-07-08T09:38:34,500.0,4.5,S
2021-07-08T09:38:31,1000.0,4.6,B
2021-07-08T09:38:25,300.0,4.6,B
2021-07-08T09:38:07,10000.0,4.6,B
2021-07-08T09:37:55,500.0,4.6,B
2021-07-08T09:37:50,400.0,4.6,B
2021-07-08T09:36:40,1000.0,4.6,B
2021-07-08T09:36:11,400.0,4.6,B
2021-07-08T09:35:52,800.0,4.6,B
2021-07-08T09:35:41,500.0,4.5,S
2021-07-08T09:35:37,300.0,4.6,B
2021-07-08T09:35:25,100.0,4.6,B
2021-07-08T09:34:38,1200.0,4.6,B
2021-07-08T09:34:37,100.0,4.5,S
2021-07-08T09:34:33,2000.0,4.6,B
2021-07-08T09:34:31,300.0,4.6,B
2021-07-08T09:34:24,5000.0,4.6,B
2021-07-08T09:34:24,300.0,4.6,B
2021-07-08T09:34:09,1000.0,4.6,B
2021-07-08T09:33:40,100.0,4.5,S
2021-07-08T09:33:20,500.0,4.6,B
2021-07-08T09:33:12,1000.0,4.6,B
2021-07-08T09:33:09,1600.0,4.6,B
2021-07-08T09:32:52,600.0,4.6,B
2021-07-08T09:32:46,1000.0,4.6,B
2021-07-08T09:31:36,1100.0,4.6,B
2021-07-08T09:31:34,700.0,4.6,B
2021-07-08T09:31:13,20000.0,4.6,B
2021-07-08T09:31:00,200.0,4.6,B
2021-07-08T09:30:45,5000.0,4.6,B
2021-07-08T09:30:29,100.0,4.6,B
2021-07-08T09:30:26,400.0,4.5,S
2021-07-08T09:30:06,50000.0,4.6,B
2021-07-08T09:30:00,500.0,4.5,S
2021-07-08T09:29:52,200.0,4.6,B
2021-07-08T09:29:34,100000.0,4.5,S
2021-07-08T09:29:30,400.0,4.6,B
2021-07-08T09:29:24,500.0,4.5,S
2021-07-08T09:29:12,138800.0,4.5,B
2021-07-08T09:29:04,100.0,4.4,S
2021-07-08T09:29:03,12000.0,4.5,B
2021-07-08T09:28:58,10000.0,4.5,B
2021-07-08T09:28:50,200.0,4.4,S
2021-07-08T09:28:46,2500.0,4.5,B
2021-07-08T09:28:39,15000.0,4.5,B
2021-07-08T09:28:35,1000.0,4.5,B
2021-07-08T09:28:35,100.0,4.4,S
2021-07-08T09:28:31,16000.0,4.5,B
2021-07-08T09:28:31,200.0,4.5,B
2021-07-08T09:28:27,1100.0,4.5,B
2021-07-08T09:28:09,5000.0,4.5,B
2021-07-08T09:28:02,40000.0,4.5,B
2021-07-08T09:27:54,30000.0,4.5,B
2021-07-08T09:27:32,100.0,4.5,B
2021-07-08T09:27:23,100.0,4.5,B
2021-07-08T09:27:21,2600.0,4.5,B
2021-07-08T09:26:59,2500.0,4.5,B
2021-07-08T09:26:37,500.0,4.5,B
2021-07-08T09:26:28,100.0,4.5,B
2021-07-08T09:26:27,500.0,4.5,B
2021-07-08T09:26:22,1000.0,4.5,B
2021-07-08T09:26:05,1000.0,4.5,B
2021-07-08T09:25:54,1000.0,4.4,S
2021-07-08T09:25:42,200.0,4.5,B
2021-07-08T09:25:15,1500.0,4.5,B
2021-07-08T09:25:03,100.0,4.5,B
2021-07-08T09:24:55,100.0,4.4,S
2021-07-08T09:24:54,2000.0,4.5,B
2021-07-08T09:24:53,10000.0,4.4,S
2021-07-08T09:24:51,1000.0,4.5,B
2021-07-08T09:24:47,40000.0,4.5,B
2021-07-08T09:24:25,10000.0,4.5,B
2021-07-08T09:24:23,100.0,4.5,B
2021-07-08T09:24:14,300.0,4.5,B
2021-07-08T09:23:30,300.0,4.5,B
2021-07-08T09:23:14,6800.0,4.5,B
2021-07-08T09:23:10,100.0,4.5,B
2021-07-08T09:23:09,1000.0,4.5,B
2021-07-08T09:23:03,500.0,4.5,B
2021-07-08T09:22:58,3000.0,4.4,S
2021-07-08T09:22:20,5400.0,4.5,B
2021-07-08T09:22:17,1100.0,4.4,S
2021-07-08T09:22:01,700.0,4.5,B
2021-07-08T09:21:49,2000.0,4.5,B
2021-07-08T09:21:47,600.0,4.5,B
2021-07-08T09:21:35,100.0,4.5,B
2021-07-08T09:21:28,200.0,4.5,B
2021-07-08T09:20:05,1000.0,4.5,B
2021-07-08T09:19:24,100.0,4.5,B
2021-07-08T09:19:23,300.0,4.5,B
2021-07-08T09:19:11,100.0,4.5,B
2021-07-08T09:19:10,1000.0,4.5,B
2021-07-08T09:18:19,100.0,4.5,B
2021-07-08T09:18:07,400.0,4.5,B
2021-07-08T09:17:58,300.0,4.5,B
2021-07-08T09:17:47,100.0,4.5,B
2021-07-08T09:17:35,1500.0,4.5,B
2021-07-08T09:17:26,4000.0,4.5,B
2021-07-08T09:17:22,100.0,4.5,B
2021-07-08T09:17:02,1000.0,4.5,B
2021-07-08T09:16:40,500.0,4.5,B
2021-07-08T09:16:39,2200.0,4.5,B
2021-07-08T09:16:07,270100.0,4.5,B
2021-07-08T09:15:20,6500.0,4.4,S
2021-07-08T09:15:14,500.0,4.4,S
2021-07-08T09:14:49,3000.0,4.4,S
2021-07-08T09:14:02,1000.0,4.5,B
2021-07-08T09:13:25,300.0,4.5,B
2021-07-08T09:12:57,1500.0,4.5,B
2021-07-08T09:12:20,100000.0,4.4,S
2021-07-08T09:12:10,600.0,4.5,B
2021-07-08T09:12:04,2100.0,4.5,B
2021-07-08T09:11:58,100.0,4.5,B
2021-07-08T09:11:52,100000.0,4.4,S
2021-07-08T09:11:52,100.0,4.5,B
2021-07-08T09:11:42,3000.0,4.5,B
2021-07-08T09:11:38,3000.0,4.5,B
2021-07-08T09:11:32,1000.0,4.5,B
2021-07-08T09:11:26,100.0,4.5,B
2021-07-08T09:11:13,1000.0,4.5,B
2021-07-08T09:10:58,100.0,4.5,B
2021-07-08T09:10:34,800.0,4.5,B
2021-07-08T09:10:32,2900.0,4.5,B
2021-07-08T09:10:19,1500.0,4.5,B
2021-07-08T09:10:09,100.0,4.5,B
2021-07-08T09:09:35,500.0,4.5,B
2021-07-08T09:09:32,1000.0,4.5,B
2021-07-08T09:09:18,500.0,4.5,B
2021-07-08T09:09:07,100.0,4.5,B
2021-07-08T09:09:03,200.0,4.5,B
2021-07-08T09:08:22,9100.0,4.5,B
2021-07-08T09:08:13,28500.0,4.5,B
2021-07-08T09:05:53,1000.0,4.4,S
2021-07-08T09:05:03,500.0,4.4,S
2021-07-08T09:04:28,2000.0,4.4,S
2021-07-08T09:03:05,1000.0,4.4,S
2021-07-08T09:03:00,900.0,4.4,S
2021-07-08T09:02:58,100.0,4.5,B
2021-07-08T09:01:58,500.0,4.4,S
2021-07-08T09:01:58,2000.0,4.5,B
2021-07-08T09:01:39,200.0,4.5,B
2021-07-08T09:01:08,1000.0,4.4,S
2021-07-08T09:01:04,4000.0,4.4,S
2021-07-08T09:00:51,1500.0,4.4,S
2021-07-08T09:00:40,3000.0,4.4,S
2021-07-08T09:00:36,3000.0,4.4,S
2021-07-08T09:00:32,900.0,4.4,S
2021-07-08T09:00:26,3000.0,4.4,S
2021-07-08T09:00:22,1000.0,4.4,S
2021-07-08T09:00:12,600.0,4.5,B
2021-07-08T09:00:12,2200.0,4.4,S
