tradingTime,volume,price,side
2021-07-08T14:29:46,200.0,94.5,S
2021-07-08T14:29:27,200.0,94.5,S
2021-07-08T14:29:10,800.0,94.5,S
2021-07-08T14:25:17,5000.0,94.5,S
2021-07-08T14:24:53,100.0,94.7,B
2021-07-08T14:24:35,300.0,94.5,S
2021-07-08T14:24:06,5000.0,94.6,S
2021-07-08T14:22:41,200.0,94.7,B
2021-07-08T14:22:12,900.0,94.5,S
2021-07-08T14:21:09,100.0,94.5,S
2021-07-08T14:20:45,5000.0,94.5,S
2021-07-08T14:20:37,100.0,94.7,B
2021-07-08T14:19:30,5000.0,94.5,S
2021-07-08T14:18:25,200.0,94.7,B
2021-07-08T14:18:14,900.0,94.6,B
2021-07-08T14:17:54,2000.0,94.5,S
2021-07-08T14:16:48,8800.0,94.5,S
2021-07-08T14:16:24,100.0,94.6,B
2021-07-08T14:15:31,700.0,94.6,B
2021-07-08T14:14:16,200.0,94.6,B
2021-07-08T14:13:57,12400.0,94.5,S
2021-07-08T14:13:57,7600.0,94.5,S
2021-07-08T14:13:54,100.0,94.6,B
2021-07-08T14:12:07,200.0,94.6,B
2021-07-08T14:10:01,100.0,94.7,B
2021-07-08T14:08:00,100.0,94.7,B
2021-07-08T14:06:42,6000.0,94.7,B
2021-07-08T14:06:22,5000.0,94.5,S
2021-07-08T14:05:56,200.0,94.6,B
2021-07-08T14:03:47,200.0,94.6,B
2021-07-08T14:02:25,1000.0,94.6,B
2021-07-08T14:01:45,100.0,94.7,B
2021-07-08T14:01:44,500.0,94.5,S
2021-07-08T14:01:29,12300.0,94.5,S
2021-07-08T14:01:24,5300.0,94.6,S
2021-07-08T14:01:19,5400.0,94.6,S
2021-07-08T14:01:00,400.0,94.6,S
2021-07-08T14:00:35,3000.0,94.7,S
2021-07-08T14:00:22,400.0,94.7,S
2021-07-08T14:00:06,1600.0,94.7,S
2021-07-08T13:59:45,800.0,94.7,S
2021-07-08T13:59:44,100.0,94.8,B
2021-07-08T13:59:30,1000.0,94.8,B
2021-07-08T13:57:33,200.0,94.9,B
2021-07-08T13:56:09,800.0,94.7,S
2021-07-08T13:55:26,100.0,94.9,B
2021-07-08T13:54:14,10000.0,94.9,S
2021-07-08T13:54:07,13200.0,94.9,S
2021-07-08T13:54:03,11200.0,94.9,S
2021-07-08T13:53:54,12900.0,95.0,S
2021-07-08T13:53:49,1600.0,95.1,S
2021-07-08T13:53:24,1500.0,95.1,S
2021-07-08T13:53:21,200.0,95.3,B
2021-07-08T13:52:10,100.0,95.1,S
2021-07-08T13:51:23,100.0,95.3,B
2021-07-08T13:50:39,400.0,95.1,S
2021-07-08T13:50:14,10000.0,95.3,B
2021-07-08T13:49:58,200.0,95.1,S
2021-07-08T13:49:11,200.0,95.2,B
2021-07-08T13:48:55,5000.0,95.1,S
2021-07-08T13:48:54,500.0,95.1,B
2021-07-08T13:48:54,5500.0,95.1,B
2021-07-08T13:48:54,5000.0,95.1,B
2021-07-08T13:48:54,300.0,95.1,B
2021-07-08T13:48:53,100.0,95.1,B
2021-07-08T13:47:10,100.0,95.1,B
2021-07-08T13:46:35,400.0,95.0,S
2021-07-08T13:46:08,800.0,95.0,S
2021-07-08T13:45:07,100.0,95.1,B
2021-07-08T13:44:49,100.0,95.0,S
2021-07-08T13:43:55,200.0,95.0,S
2021-07-08T13:43:32,1000.0,95.0,S
2021-07-08T13:42:57,200.0,95.1,B
2021-07-08T13:42:12,600.0,95.0,S
2021-07-08T13:40:56,100.0,95.1,B
2021-07-08T13:40:55,200.0,95.0,S
2021-07-08T13:40:18,5000.0,95.0,S
2021-07-08T13:39:28,100.0,95.1,B
2021-07-08T13:38:55,100.0,95.2,B
2021-07-08T13:37:53,800.0,95.3,B
2021-07-08T13:37:49,600.0,95.0,S
2021-07-08T13:37:35,800.0,95.2,B
2021-07-08T13:37:22,14000.0,95.0,S
2021-07-08T13:37:15,13400.0,95.1,S
2021-07-08T13:37:09,100.0,95.1,S
2021-07-08T13:37:08,11200.0,95.1,S
2021-07-08T13:36:49,300.0,95.2,S
2021-07-08T13:36:45,100.0,95.3,B
2021-07-08T13:36:43,500.0,95.2,S
2021-07-08T13:36:38,200.0,95.2,S
2021-07-08T13:36:36,800.0,95.2,S
2021-07-08T13:36:34,1000.0,95.2,S
2021-07-08T13:36:30,1000.0,95.2,S
2021-07-08T13:36:27,1000.0,95.2,S
2021-07-08T13:36:26,500.0,95.2,S
2021-07-08T13:36:20,2000.0,95.2,S
2021-07-08T13:36:13,1600.0,95.2,S
2021-07-08T13:36:04,1000.0,95.2,S
2021-07-08T13:35:58,1000.0,95.2,S
2021-07-08T13:35:57,500.0,95.2,S
2021-07-08T13:35:57,100.0,95.2,S
2021-07-08T13:35:49,100.0,95.2,S
2021-07-08T13:35:33,800.0,95.2,S
2021-07-08T13:35:25,1000.0,95.2,S
2021-07-08T13:35:16,1400.0,95.2,S
2021-07-08T13:35:06,1600.0,95.2,S
2021-07-08T13:34:40,100.0,95.3,B
2021-07-08T13:34:20,100.0,95.2,S
2021-07-08T13:34:19,800.0,95.2,S
2021-07-08T13:33:53,800.0,95.2,S
2021-07-08T13:33:47,2000.0,95.2,S
2021-07-08T13:33:22,2200.0,95.3,S
2021-07-08T13:33:18,300.0,95.3,S
2021-07-08T13:33:08,100.0,95.3,S
2021-07-08T13:33:03,1600.0,95.3,S
2021-07-08T13:32:51,200.0,95.3,S
2021-07-08T13:32:42,4100.0,95.3,S
2021-07-08T13:32:39,200.0,95.5,B
2021-07-08T13:32:37,1000.0,95.3,S
2021-07-08T13:32:30,1000.0,95.3,S
2021-07-08T13:32:03,1600.0,95.3,S
2021-07-08T13:32:02,100.0,95.3,S
2021-07-08T13:31:42,1000.0,95.3,S
2021-07-08T13:31:08,1600.0,95.3,S
2021-07-08T13:30:44,500.0,95.3,S
2021-07-08T13:30:34,200.0,95.5,B
2021-07-08T13:29:48,300.0,95.3,S
2021-07-08T13:29:41,1600.0,95.3,S
2021-07-08T13:29:33,800.0,95.3,S
2021-07-08T13:29:10,1600.0,95.3,S
2021-07-08T13:29:04,500.0,95.3,S
2021-07-08T13:28:42,500.0,95.3,S
2021-07-08T13:28:28,100.0,95.5,B
2021-07-08T13:28:09,600.0,95.3,S
2021-07-08T13:27:46,600.0,95.3,S
2021-07-08T13:27:43,1600.0,95.3,S
2021-07-08T13:27:19,100.0,95.3,S
2021-07-08T13:27:08,600.0,95.3,S
2021-07-08T13:27:04,400.0,95.3,S
2021-07-08T13:26:26,100.0,95.5,B
2021-07-08T13:26:11,500.0,95.3,S
2021-07-08T13:25:24,700.0,95.3,S
2021-07-08T13:25:06,300.0,95.4,B
2021-07-08T13:25:02,700.0,95.3,S
2021-07-08T13:24:49,9700.0,95.4,S
2021-07-08T13:24:25,700.0,95.4,S
2021-07-08T13:24:15,200.0,95.5,B
2021-07-08T13:24:12,1300.0,95.5,B
2021-07-08T13:23:54,3000.0,95.4,B
2021-07-08T13:23:43,3000.0,95.3,B
2021-07-08T13:23:16,3300.0,95.2,B
2021-07-08T13:22:07,600.0,95.1,S
2021-07-08T13:22:02,100.0,95.2,B
2021-07-08T13:21:43,500.0,95.1,S
2021-07-08T13:21:37,2800.0,95.1,S
2021-07-08T13:21:37,1200.0,95.1,S
2021-07-08T13:21:21,500.0,95.1,S
2021-07-08T13:19:57,200.0,95.2,B
2021-07-08T13:19:19,200.0,95.1,S
2021-07-08T13:18:49,100.0,95.1,S
2021-07-08T13:17:47,200.0,95.2,B
2021-07-08T13:17:26,1000.0,95.2,B
2021-07-08T13:17:26,3000.0,95.2,B
2021-07-08T13:17:02,800.0,95.2,B
2021-07-08T13:17:02,11000.0,95.2,B
2021-07-08T13:17:02,3000.0,95.1,B
2021-07-08T13:17:02,13500.0,95.1,B
2021-07-08T13:15:40,200.0,95.1,B
2021-07-08T13:15:34,10000.0,95.1,B
2021-07-08T13:15:29,400.0,94.9,S
2021-07-08T13:15:27,8400.0,95.0,B
2021-07-08T13:15:18,500.0,94.9,S
2021-07-08T13:15:03,12500.0,95.0,B
2021-07-08T13:14:54,5800.0,94.9,B
2021-07-08T13:14:45,11300.0,94.9,B
2021-07-08T13:14:34,8500.0,94.8,B
2021-07-08T13:14:26,4400.0,94.8,S
2021-07-08T13:14:00,8500.0,94.9,B
2021-07-08T13:13:53,9900.0,94.8,B
2021-07-08T13:13:48,8500.0,94.8,B
2021-07-08T13:13:37,10000.0,94.5,S
2021-07-08T13:13:36,200.0,94.8,B
2021-07-08T13:13:30,25800.0,94.5,S
2021-07-08T13:13:27,500.0,94.6,S
2021-07-08T13:13:25,11200.0,94.6,S
2021-07-08T13:13:20,400.0,94.6,S
2021-07-08T13:13:20,8400.0,94.6,S
2021-07-08T13:12:53,5700.0,94.8,S
2021-07-08T13:12:48,11200.0,94.8,S
2021-07-08T13:12:15,700.0,94.8,S
2021-07-08T13:12:12,400.0,95.1,S
2021-07-08T13:11:51,600.0,95.1,S
2021-07-08T13:11:47,10000.0,95.1,S
2021-07-08T13:11:36,12200.0,95.1,B
2021-07-08T13:11:27,10000.0,95.1,B
2021-07-08T13:11:27,100.0,95.1,B
2021-07-08T13:11:04,8300.0,95.1,B
2021-07-08T13:10:54,13200.0,95.1,B
2021-07-08T13:10:14,13200.0,95.0,B
2021-07-08T13:10:03,10000.0,95.0,B
2021-07-08T13:09:49,2200.0,94.5,S
2021-07-08T13:09:49,10300.0,94.5,S
2021-07-08T13:09:34,400.0,94.5,S
2021-07-08T13:09:31,500.0,94.5,S
2021-07-08T13:09:16,200.0,94.6,B
2021-07-08T13:09:10,700.0,94.5,S
2021-07-08T13:09:04,2000.0,94.5,S
2021-07-08T13:08:44,600.0,94.5,S
2021-07-08T13:08:44,25800.0,94.5,S
2021-07-08T13:08:27,400.0,94.5,S
2021-07-08T13:08:24,700.0,94.5,S
2021-07-08T13:08:23,8300.0,94.5,S
2021-07-08T13:08:01,700.0,94.5,S
2021-07-08T13:07:14,200.0,94.7,B
2021-07-08T13:07:12,400.0,94.5,S
2021-07-08T13:06:58,500.0,94.5,S
2021-07-08T13:06:37,20000.0,94.7,B
2021-07-08T13:06:36,500.0,94.4,S
2021-07-08T13:06:28,6600.0,94.6,B
2021-07-08T13:06:28,13400.0,94.5,B
2021-07-08T13:06:17,26600.0,94.5,S
2021-07-08T13:06:03,400.0,94.5,S
2021-07-08T13:05:45,700.0,94.5,S
2021-07-08T13:05:45,2300.0,94.5,B
2021-07-08T13:05:38,200.0,94.5,B
2021-07-08T13:05:34,38800.0,94.5,S
2021-07-08T13:05:18,500.0,94.5,S
2021-07-08T13:05:18,500.0,94.6,B
2021-07-08T13:05:11,200.0,94.6,B
2021-07-08T13:04:47,400.0,94.5,S
2021-07-08T13:04:34,700.0,94.5,S
2021-07-08T13:04:12,600.0,94.5,S
2021-07-08T13:03:10,100.0,94.6,B
2021-07-08T13:03:03,200.0,94.6,B
2021-07-08T13:02:51,500.0,94.5,S
2021-07-08T13:02:40,400.0,94.5,S
2021-07-08T13:02:17,5500.0,94.6,B
2021-07-08T13:02:09,500.0,94.6,B
2021-07-08T13:01:21,7700.0,94.6,B
2021-07-08T13:01:11,7600.0,94.5,B
2021-07-08T13:00:57,300.0,94.5,B
2021-07-08T13:00:00,300.0,94.5,B
2021-07-08T11:28:38,1000.0,94.4,S
2021-07-08T11:27:52,600.0,94.4,S
2021-07-08T11:27:21,400.0,94.4,S
2021-07-08T11:27:17,200.0,94.5,B
2021-07-08T11:26:17,1800.0,94.5,B
2021-07-08T11:26:07,400.0,94.4,S
2021-07-08T11:25:15,200.0,94.5,B
2021-07-08T11:24:43,400.0,94.4,S
2021-07-08T11:23:21,400.0,94.4,S
2021-07-08T11:23:08,200.0,94.5,B
2021-07-08T11:22:08,900.0,94.5,B
2021-07-08T11:21:15,8500.0,94.5,S
2021-07-08T11:21:01,200.0,94.7,B
2021-07-08T11:20:58,8700.0,94.6,B
2021-07-08T11:20:50,7400.0,94.6,B
2021-07-08T11:20:36,7400.0,94.6,B
2021-07-08T11:20:32,7200.0,94.5,B
2021-07-08T11:20:24,7400.0,94.5,B
2021-07-08T11:20:07,5400.0,94.6,S
2021-07-08T11:19:55,4600.0,94.6,B
2021-07-08T11:19:42,5800.0,94.6,B
2021-07-08T11:19:29,17400.0,94.6,B
2021-07-08T11:18:56,200.0,94.5,B
2021-07-08T11:18:42,24200.0,94.5,B
2021-07-08T11:18:04,200.0,94.4,B
2021-07-08T11:17:49,24300.0,94.4,B
2021-07-08T11:17:37,10000.0,94.2,B
2021-07-08T11:17:28,1100.0,94.2,B
2021-07-08T11:17:18,10000.0,94.2,B
2021-07-08T11:17:11,8500.0,94.1,B
2021-07-08T11:16:53,9700.0,94.1,S
2021-07-08T11:16:52,100.0,94.2,B
2021-07-08T11:16:29,500.0,94.2,B
2021-07-08T11:16:08,500.0,94.2,B
2021-07-08T11:15:58,500.0,94.2,B
2021-07-08T11:15:32,30300.0,94.1,B
2021-07-08T11:15:30,400.0,93.9,B
2021-07-08T11:15:27,3000.0,93.9,B
2021-07-08T11:15:25,400.0,93.9,B
2021-07-08T11:15:19,400.0,93.9,B
2021-07-08T11:15:12,400.0,93.9,B
2021-07-08T11:15:09,100.0,93.9,B
2021-07-08T11:15:04,100.0,93.9,B
2021-07-08T11:15:00,400.0,93.9,B
2021-07-08T11:14:59,100.0,93.9,B
2021-07-08T11:14:51,500.0,93.9,B
2021-07-08T11:14:49,100.0,93.9,B
2021-07-08T11:14:47,200.0,93.9,B
2021-07-08T11:14:43,100.0,93.9,B
2021-07-08T11:14:41,500.0,93.9,B
2021-07-08T11:14:33,500.0,93.9,B
2021-07-08T11:14:23,500.0,93.9,B
2021-07-08T11:14:19,3500.0,93.9,S
2021-07-08T11:14:19,500.0,93.9,S
2021-07-08T11:14:19,3100.0,93.9,S
2021-07-08T11:14:19,1400.0,93.9,S
2021-07-08T11:14:19,200.0,94.0,S
2021-07-08T11:14:19,6500.0,94.0,S
2021-07-08T11:13:14,100.0,94.1,B
2021-07-08T11:12:36,200.0,94.1,B
2021-07-08T11:11:16,400.0,94.1,B
2021-07-08T11:10:28,200.0,94.1,B
2021-07-08T11:08:27,200.0,94.1,B
2021-07-08T11:07:53,100.0,94.1,B
2021-07-08T11:07:22,200.0,94.1,B
2021-07-08T11:06:21,200.0,94.1,B
2021-07-08T11:04:27,700.0,94.1,B
2021-07-08T11:04:14,200.0,94.1,B
2021-07-08T11:02:53,12200.0,94.1,S
2021-07-08T11:02:43,11200.0,94.1,S
2021-07-08T11:02:17,10000.0,94.1,S
2021-07-08T11:02:10,200.0,94.2,B
2021-07-08T11:02:05,4600.0,94.1,B
2021-07-08T11:01:09,500.0,94.1,B
2021-07-08T11:01:08,500.0,94.1,B
2021-07-08T11:00:54,11200.0,94.1,B
2021-07-08T11:00:47,8600.0,94.1,B
2021-07-08T11:00:39,10600.0,94.0,S
2021-07-08T11:00:30,8600.0,94.0,B
2021-07-08T11:00:14,400.0,94.0,B
2021-07-08T11:00:07,100.0,94.0,B
2021-07-08T11:00:05,200.0,94.0,B
2021-07-08T11:00:03,100.0,94.0,B
2021-07-08T10:58:38,100.0,94.0,B
2021-07-08T10:57:55,200.0,94.0,B
2021-07-08T10:57:54,4100.0,93.9,B
2021-07-08T10:57:43,500.0,93.9,B
2021-07-08T10:57:04,100.0,93.9,B
2021-07-08T10:57:01,100.0,93.9,B
2021-07-08T10:56:52,1000.0,93.9,B
2021-07-08T10:56:38,200.0,93.9,B
2021-07-08T10:56:38,400.0,93.9,B
2021-07-08T10:56:05,500.0,93.9,B
2021-07-08T10:55:55,500.0,93.9,B
2021-07-08T10:55:54,200.0,93.9,B
2021-07-08T10:55:43,100.0,93.9,B
2021-07-08T10:55:39,100.0,93.9,B
2021-07-08T10:55:36,100.0,93.9,B
2021-07-08T10:55:36,1000.0,93.9,B
2021-07-08T10:55:35,100.0,93.9,B
2021-07-08T10:55:27,400.0,93.9,B
2021-07-08T10:55:07,100.0,93.9,B
2021-07-08T10:54:28,700.0,93.9,B
2021-07-08T10:54:21,100.0,93.9,B
2021-07-08T10:54:21,200.0,93.9,B
2021-07-08T10:54:01,100.0,93.9,B
2021-07-08T10:53:42,200.0,93.9,B
2021-07-08T10:53:37,100.0,93.9,B
2021-07-08T10:53:34,1100.0,93.9,B
2021-07-08T10:53:34,100.0,93.9,B
2021-07-08T10:53:32,1000.0,93.9,B
2021-07-08T10:53:11,1000.0,93.9,B
2021-07-08T10:53:09,100.0,93.9,B
2021-07-08T10:53:01,500.0,93.9,B
2021-07-08T10:53:00,500.0,93.8,S
2021-07-08T10:52:51,1000.0,93.9,B
2021-07-08T10:52:43,800.0,93.9,B
2021-07-08T10:52:43,300.0,93.9,B
2021-07-08T10:52:30,500.0,93.9,B
2021-07-08T10:52:19,100.0,93.9,B
2021-07-08T10:52:11,100.0,93.9,S
2021-07-08T10:51:46,100.0,94.3,B
2021-07-08T10:51:42,600.0,94.3,B
2021-07-08T10:51:42,500.0,94.3,B
2021-07-08T10:51:41,200.0,94.3,B
2021-07-08T10:51:37,600.0,94.3,B
2021-07-08T10:51:32,400.0,94.3,B
2021-07-08T10:51:26,300.0,94.3,B
2021-07-08T10:51:26,500.0,94.3,B
2021-07-08T10:51:20,2900.0,93.8,S
2021-07-08T10:51:20,200.0,93.8,S
2021-07-08T10:51:20,36500.0,93.8,S
2021-07-08T10:51:20,1500.0,93.9,S
2021-07-08T10:51:20,200.0,94.0,S
2021-07-08T10:51:20,400.0,94.0,S
2021-07-08T10:51:20,5200.0,94.0,S
2021-07-08T10:51:20,4800.0,94.0,S
2021-07-08T10:51:20,1000.0,94.0,S
2021-07-08T10:51:20,2100.0,94.0,S
2021-07-08T10:51:20,3000.0,94.0,S
2021-07-08T10:51:20,1500.0,94.0,S
2021-07-08T10:51:20,300.0,94.0,S
2021-07-08T10:51:20,300.0,94.1,S
2021-07-08T10:51:20,34400.0,94.1,S
2021-07-08T10:51:03,100.0,94.3,B
2021-07-08T10:49:58,6100.0,94.2,S
2021-07-08T10:49:39,100.0,94.2,S
2021-07-08T10:49:39,13600.0,94.2,S
2021-07-08T10:49:39,200.0,94.2,S
2021-07-08T10:49:33,200.0,94.3,B
2021-07-08T10:49:30,4600.0,94.3,B
2021-07-08T10:49:30,500.0,94.4,B
2021-07-08T10:47:27,200.0,94.4,B
2021-07-08T10:46:40,100.0,94.4,B
2021-07-08T10:46:37,100.0,94.3,S
2021-07-08T10:45:30,3000.0,94.3,S
2021-07-08T10:45:19,200.0,94.4,B
2021-07-08T10:43:55,5000.0,94.3,B
2021-07-08T10:43:55,8900.0,94.3,B
2021-07-08T10:43:50,10000.0,94.3,B
2021-07-08T10:43:15,200.0,94.3,B
2021-07-08T10:43:12,8300.0,94.3,B
2021-07-08T10:43:11,400.0,94.2,S
2021-07-08T10:42:08,100.0,94.3,B
2021-07-08T10:41:16,200.0,94.3,B
2021-07-08T10:40:54,100.0,94.3,B
2021-07-08T10:40:48,100.0,94.3,B
2021-07-08T10:40:17,100.0,94.3,B
2021-07-08T10:40:02,1000.0,94.3,B
2021-07-08T10:39:56,4000.0,94.3,B
2021-07-08T10:39:44,4000.0,94.3,B
2021-07-08T10:39:19,4000.0,94.3,B
2021-07-08T10:39:14,200.0,94.3,B
2021-07-08T10:39:05,9600.0,94.3,S
2021-07-08T10:38:46,2400.0,94.3,S
2021-07-08T10:38:45,8100.0,94.3,B
2021-07-08T10:38:38,10000.0,94.3,B
2021-07-08T10:38:09,9400.0,94.2,S
2021-07-08T10:38:07,400.0,94.2,S
2021-07-08T10:37:59,10000.0,94.2,S
2021-07-08T10:37:43,6800.0,94.4,B
2021-07-08T10:37:15,19500.0,94.4,B
2021-07-08T10:37:13,200.0,94.3,B
2021-07-08T10:37:06,5800.0,94.3,B
2021-07-08T10:36:56,400.0,94.2,S
2021-07-08T10:36:33,500.0,94.2,S
2021-07-08T10:36:22,500.0,94.2,S
2021-07-08T10:36:18,500.0,94.2,S
2021-07-08T10:36:06,500.0,94.2,S
2021-07-08T10:36:00,600.0,94.2,S
2021-07-08T10:35:55,500.0,94.2,S
2021-07-08T10:35:45,500.0,94.2,S
2021-07-08T10:35:38,4400.0,94.3,S
2021-07-08T10:35:38,9800.0,94.4,S
2021-07-08T10:35:38,400.0,94.4,S
2021-07-08T10:35:30,600.0,94.4,S
2021-07-08T10:35:26,10000.0,94.6,B
2021-07-08T10:35:09,200.0,94.5,B
2021-07-08T10:35:01,2400.0,94.4,B
2021-07-08T10:34:59,500.0,94.3,S
2021-07-08T10:34:55,1100.0,94.4,B
2021-07-08T10:34:50,8500.0,94.4,B
2021-07-08T10:34:43,3600.0,94.3,B
2021-07-08T10:34:37,6400.0,94.3,B
2021-07-08T10:34:31,900.0,94.3,B
2021-07-08T10:34:22,400.0,94.2,S
2021-07-08T10:34:22,2100.0,94.3,B
2021-07-08T10:34:21,500.0,94.2,S
2021-07-08T10:34:11,5000.0,94.2,S
2021-07-08T10:33:59,100.0,94.3,B
2021-07-08T10:33:49,1000.0,94.3,B
2021-07-08T10:33:29,12300.0,94.3,S
2021-07-08T10:33:00,400.0,94.3,S
2021-07-08T10:32:57,200.0,94.4,B
2021-07-08T10:31:19,400.0,94.3,S
2021-07-08T10:31:16,1000.0,94.4,B
2021-07-08T10:30:54,200.0,94.4,B
2021-07-08T10:30:39,400.0,94.3,S
2021-07-08T10:30:36,6700.0,94.4,B
2021-07-08T10:30:24,400.0,94.4,S
2021-07-08T10:30:14,400.0,94.4,S
2021-07-08T10:29:51,500.0,94.4,S
2021-07-08T10:29:48,4800.0,94.5,B
2021-07-08T10:29:43,1500.0,94.4,B
2021-07-08T10:29:37,8600.0,94.4,B
2021-07-08T10:28:44,100.0,94.4,B
2021-07-08T10:27:37,200.0,94.4,B
2021-07-08T10:26:43,300.0,94.4,B
2021-07-08T10:26:15,500.0,94.4,B
2021-07-08T10:26:07,100.0,94.4,B
2021-07-08T10:25:34,100.0,94.4,B
2021-07-08T10:24:40,200.0,94.4,B
2021-07-08T10:23:36,6600.0,94.4,S
2021-07-08T10:23:17,800.0,94.5,B
2021-07-08T10:23:09,5800.0,94.5,B
2021-07-08T10:23:03,5400.0,94.5,B
2021-07-08T10:22:55,6600.0,94.4,B
2021-07-08T10:22:49,8300.0,94.4,B
2021-07-08T10:22:44,10000.0,94.4,B
2021-07-08T10:22:37,7600.0,94.4,B
2021-07-08T10:22:33,200.0,94.4,B
2021-07-08T10:22:20,300.0,94.4,B
2021-07-08T10:21:03,400.0,94.3,S
2021-07-08T10:20:56,4400.0,94.4,S
2021-07-08T10:20:24,200.0,94.5,B
2021-07-08T10:20:21,200.0,94.5,B
2021-07-08T10:20:13,500.0,94.4,S
2021-07-08T10:19:59,100.0,94.5,B
2021-07-08T10:19:40,9300.0,94.5,B
2021-07-08T10:19:38,400.0,94.6,S
2021-07-08T10:19:37,5000.0,94.6,S
2021-07-08T10:19:22,500.0,94.6,S
2021-07-08T10:19:21,8400.0,94.6,S
2021-07-08T10:19:13,500.0,94.6,S
2021-07-08T10:19:06,6800.0,94.6,B
2021-07-08T10:19:03,700.0,94.5,S
2021-07-08T10:18:58,5700.0,94.6,B
2021-07-08T10:18:53,6400.0,94.6,B
2021-07-08T10:18:15,200.0,94.6,B
2021-07-08T10:17:44,4400.0,94.5,S
2021-07-08T10:16:16,100.0,94.5,B
2021-07-08T10:16:13,100.0,94.5,B
2021-07-08T10:16:11,200.0,94.5,B
2021-07-08T10:15:11,1000.0,94.5,B
2021-07-08T10:15:06,1000.0,94.5,B
2021-07-08T10:15:05,3000.0,94.4,S
2021-07-08T10:14:44,2000.0,94.5,B
2021-07-08T10:14:24,100.0,94.5,B
2021-07-08T10:14:03,200.0,94.5,B
2021-07-08T10:14:01,200.0,94.5,B
2021-07-08T10:13:11,3000.0,94.5,B
2021-07-08T10:12:18,400.0,94.5,B
2021-07-08T10:11:52,200.0,94.5,B
2021-07-08T10:11:48,400.0,94.5,B
2021-07-08T10:10:56,9200.0,94.5,B
2021-07-08T10:10:50,8300.0,94.5,S
2021-07-08T10:10:46,11200.0,94.5,S
2021-07-08T10:10:40,10300.0,94.6,S
2021-07-08T10:09:48,200.0,94.8,B
2021-07-08T10:09:34,600.0,94.6,S
2021-07-08T10:09:11,2900.0,94.6,S
2021-07-08T10:08:02,2100.0,94.7,B
2021-07-08T10:07:43,4300.0,94.7,S
2021-07-08T10:07:36,300.0,94.8,B
2021-07-08T10:07:08,500.0,94.7,S
2021-07-08T10:06:24,500.0,94.7,S
2021-07-08T10:05:33,200.0,94.8,B
2021-07-08T10:05:20,500.0,94.7,S
2021-07-08T10:05:00,500.0,94.7,S
2021-07-08T10:04:31,1500.0,94.7,S
2021-07-08T10:04:28,500.0,94.7,S
2021-07-08T10:04:18,100.0,94.8,B
2021-07-08T10:04:04,500.0,94.7,S
2021-07-08T10:03:44,400.0,94.7,S
2021-07-08T10:03:37,500.0,94.7,S
2021-07-08T10:03:32,200.0,94.8,B
2021-07-08T10:03:25,200.0,94.8,B
2021-07-08T10:02:13,15800.0,94.8,B
2021-07-08T10:02:13,4200.0,94.6,B
2021-07-08T10:02:07,8400.0,94.6,B
2021-07-08T10:02:00,5800.0,94.6,B
2021-07-08T10:01:56,400.0,94.4,S
2021-07-08T10:01:53,10000.0,94.6,B
2021-07-08T10:01:51,200.0,94.5,B
2021-07-08T10:01:37,200.0,94.5,B
2021-07-08T10:01:35,100.0,94.5,B
2021-07-08T10:01:21,200.0,94.5,B
2021-07-08T10:01:11,2000.0,94.5,B
2021-07-08T10:00:26,5000.0,94.5,B
2021-07-08T09:59:20,200.0,94.5,B
2021-07-08T09:58:56,400.0,94.4,S
2021-07-08T09:58:52,12100.0,94.5,S
2021-07-08T09:58:45,5800.0,94.5,S
2021-07-08T09:58:42,300.0,94.5,S
2021-07-08T09:58:38,6400.0,94.5,S
2021-07-08T09:58:31,5800.0,94.5,S
2021-07-08T09:58:25,11300.0,94.5,S
2021-07-08T09:58:20,8600.0,94.5,S
2021-07-08T09:58:03,5000.0,94.5,B
2021-07-08T09:58:03,9600.0,94.5,B
2021-07-08T09:57:10,400.0,94.4,S
2021-07-08T09:57:10,200.0,94.5,B
2021-07-08T09:57:09,100.0,94.5,B
2021-07-08T09:56:55,1000.0,94.5,B
2021-07-08T09:55:33,400.0,94.5,B
2021-07-08T09:55:02,200.0,94.5,B
2021-07-08T09:54:56,400.0,94.5,B
2021-07-08T09:54:47,8100.0,94.5,S
2021-07-08T09:54:30,5000.0,94.7,B
2021-07-08T09:54:20,400.0,94.5,S
2021-07-08T09:54:07,18300.0,94.7,B
2021-07-08T09:54:01,5800.0,94.6,B
2021-07-08T09:52:55,1500.0,94.6,B
2021-07-08T09:52:54,300.0,94.6,B
2021-07-08T09:52:24,10000.0,94.6,B
2021-07-08T09:52:14,8600.0,94.5,B
2021-07-08T09:51:31,100.0,94.4,S
2021-07-08T09:51:27,100.0,94.4,S
2021-07-08T09:51:17,100.0,94.4,S
2021-07-08T09:51:05,100.0,94.4,S
2021-07-08T09:50:57,1000.0,94.5,S
2021-07-08T09:50:56,14300.0,94.5,S
2021-07-08T09:50:46,100.0,94.8,B
2021-07-08T09:50:27,100.0,94.7,S
2021-07-08T09:50:21,100.0,94.7,S
2021-07-08T09:50:19,900.0,94.7,B
2021-07-08T09:50:18,100.0,94.6,S
2021-07-08T09:50:15,100.0,94.6,S
2021-07-08T09:50:11,10500.0,94.7,B
2021-07-08T09:49:41,5800.0,94.7,B
2021-07-08T09:49:39,100.0,94.6,S
2021-07-08T09:49:34,100.0,94.6,S
2021-07-08T09:49:34,9900.0,94.6,B
2021-07-08T09:49:30,100.0,94.5,S
2021-07-08T09:49:27,7500.0,94.6,B
2021-07-08T09:49:25,100.0,94.5,S
2021-07-08T09:49:21,5800.0,94.6,B
2021-07-08T09:48:46,200.0,94.5,S
2021-07-08T09:48:35,200.0,94.6,B
2021-07-08T09:48:31,200.0,94.5,S
2021-07-08T09:48:24,3100.0,94.5,S
2021-07-08T09:48:22,200.0,94.5,B
2021-07-08T09:48:09,1000.0,94.5,B
2021-07-08T09:48:03,5000.0,94.5,B
2021-07-08T09:47:42,1400.0,94.5,S
2021-07-08T09:47:42,1800.0,94.5,S
2021-07-08T09:47:13,13200.0,94.7,B
2021-07-08T09:47:11,4200.0,94.5,B
2021-07-08T09:47:06,8300.0,94.5,B
2021-07-08T09:47:03,200.0,94.5,B
2021-07-08T09:46:58,300.0,94.5,B
2021-07-08T09:46:27,16100.0,94.5,S
2021-07-08T09:46:25,200.0,94.6,B
2021-07-08T09:46:18,400.0,94.5,S
2021-07-08T09:45:44,500.0,94.5,S
2021-07-08T09:45:27,500.0,94.5,S
2021-07-08T09:44:50,400.0,94.5,S
2021-07-08T09:44:50,5000.0,94.6,B
2021-07-08T09:44:47,10000.0,94.5,S
2021-07-08T09:44:44,500.0,94.5,S
2021-07-08T09:44:41,10000.0,94.5,S
2021-07-08T09:44:28,9200.0,94.6,S
2021-07-08T09:44:23,700.0,94.6,S
2021-07-08T09:44:21,200.0,94.8,B
2021-07-08T09:44:17,500.0,94.6,S
2021-07-08T09:43:35,500.0,94.6,S
2021-07-08T09:43:25,10000.0,94.8,B
2021-07-08T09:43:21,500.0,94.6,S
2021-07-08T09:43:19,500.0,94.6,S
2021-07-08T09:42:33,100.0,94.7,B
2021-07-08T09:42:15,200.0,94.7,B
2021-07-08T09:42:10,500.0,94.6,S
2021-07-08T09:42:08,1200.0,94.7,B
2021-07-08T09:41:51,500.0,94.6,S
2021-07-08T09:41:28,500.0,94.6,S
2021-07-08T09:41:25,1500.0,94.7,B
2021-07-08T09:41:24,400.0,94.6,S
2021-07-08T09:41:18,500.0,94.6,S
2021-07-08T09:41:15,500.0,94.6,S
2021-07-08T09:41:02,500.0,94.6,S
2021-07-08T09:41:00,100.0,94.7,B
2021-07-08T09:40:54,500.0,94.6,S
2021-07-08T09:40:48,9200.0,94.8,S
2021-07-08T09:40:43,600.0,94.9,S
2021-07-08T09:40:38,4400.0,94.9,S
2021-07-08T09:40:38,500.0,94.8,S
2021-07-08T09:40:32,9800.0,94.8,B
2021-07-08T09:40:28,8300.0,94.8,B
2021-07-08T09:40:25,500.0,94.6,S
2021-07-08T09:40:19,2000.0,94.8,B
2021-07-08T09:40:19,8400.0,94.7,B
2021-07-08T09:40:18,400.0,94.6,S
2021-07-08T09:40:15,700.0,94.6,S
2021-07-08T09:40:14,6400.0,94.7,B
2021-07-08T09:40:05,200.0,94.7,B
2021-07-08T09:39:59,500.0,94.6,S
2021-07-08T09:39:53,100.0,94.7,B
2021-07-08T09:39:49,700.0,94.6,S
2021-07-08T09:39:47,500.0,94.6,S
2021-07-08T09:39:42,500.0,94.6,S
2021-07-08T09:39:28,500.0,94.7,S
2021-07-08T09:39:28,8200.0,94.7,S
2021-07-08T09:39:26,600.0,94.7,S
2021-07-08T09:39:22,8600.0,94.7,S
2021-07-08T09:39:15,11200.0,94.7,S
2021-07-08T09:39:10,500.0,94.8,B
2021-07-08T09:39:09,9600.0,94.8,S
2021-07-08T09:39:03,500.0,94.8,S
2021-07-08T09:38:52,500.0,94.8,S
2021-07-08T09:38:48,600.0,94.8,S
2021-07-08T09:38:42,500.0,94.8,S
2021-07-08T09:38:35,500.0,94.8,S
2021-07-08T09:38:26,500.0,94.8,S
2021-07-08T09:38:24,600.0,94.8,S
2021-07-08T09:38:11,300.0,94.9,B
2021-07-08T09:38:05,400.0,94.8,S
2021-07-08T09:38:04,500.0,94.8,S
2021-07-08T09:37:54,200.0,94.9,B
2021-07-08T09:37:31,600.0,94.8,S
2021-07-08T09:36:58,500.0,94.8,S
2021-07-08T09:36:15,600.0,94.8,S
2021-07-08T09:35:48,200.0,94.9,B
2021-07-08T09:35:48,100.0,94.9,B
2021-07-08T09:35:24,600.0,94.8,S
2021-07-08T09:35:23,400.0,94.8,S
2021-07-08T09:34:53,500.0,94.8,S
2021-07-08T09:34:44,10000.0,94.9,B
2021-07-08T09:34:36,4800.0,94.9,S
2021-07-08T09:34:25,3800.0,95.0,B
2021-07-08T09:34:08,2800.0,94.9,S
2021-07-08T09:34:04,700.0,94.9,S
2021-07-08T09:34:01,400.0,94.8,S
2021-07-08T09:33:36,10000.0,95.0,B
2021-07-08T09:33:30,10000.0,94.9,B
2021-07-08T09:33:21,10000.0,94.7,B
2021-07-08T09:33:18,5800.0,94.7,B
2021-07-08T09:32:09,1300.0,94.7,S
2021-07-08T09:32:03,100.0,94.8,B
2021-07-08T09:31:53,10000.0,94.8,B
2021-07-08T09:31:50,8700.0,94.7,B
2021-07-08T09:31:31,200.0,94.7,B
2021-07-08T09:31:29,11200.0,94.7,B
2021-07-08T09:31:23,10000.0,94.6,B
2021-07-08T09:30:59,300.0,94.5,B
2021-07-08T09:30:59,1100.0,94.5,S
2021-07-08T09:30:59,12200.0,94.5,S
2021-07-08T09:30:46,7400.0,94.6,S
2021-07-08T09:30:36,8300.0,94.6,S
2021-07-08T09:30:28,2100.0,94.7,S
2021-07-08T09:30:22,10000.0,94.7,S
2021-07-08T09:30:17,2000.0,94.8,S
2021-07-08T09:29:27,200.0,94.9,B
2021-07-08T09:29:24,200.0,94.8,S
2021-07-08T09:29:06,400.0,94.8,S
2021-07-08T09:28:51,100.0,94.9,B
2021-07-08T09:28:31,300.0,94.8,B
2021-07-08T09:28:21,100.0,94.8,B
2021-07-08T09:28:00,500.0,94.8,B
2021-07-08T09:27:43,2000.0,94.8,B
2021-07-08T09:27:31,2900.0,94.8,B
2021-07-08T09:27:25,200.0,94.8,B
2021-07-08T09:27:21,1000.0,94.8,B
2021-07-08T09:27:20,500.0,94.8,B
2021-07-08T09:26:59,3000.0,94.8,B
2021-07-08T09:26:11,400.0,94.7,S
2021-07-08T09:25:16,200.0,94.8,B
2021-07-08T09:25:05,400.0,94.7,S
2021-07-08T09:24:55,9300.0,94.8,S
2021-07-08T09:24:48,23800.0,94.9,S
2021-07-08T09:24:40,28000.0,95.0,S
2021-07-08T09:24:22,25000.0,95.1,S
2021-07-08T09:23:42,400.0,95.2,S
2021-07-08T09:23:36,300.0,95.2,S
2021-07-08T09:23:24,600.0,95.2,S
2021-07-08T09:23:16,11400.0,95.3,S
2021-07-08T09:23:12,200.0,95.4,B
2021-07-08T09:23:09,11200.0,95.3,S
2021-07-08T09:23:02,6700.0,95.4,S
2021-07-08T09:23:02,700.0,95.4,S
2021-07-08T09:22:55,400.0,95.4,S
2021-07-08T09:22:54,300.0,95.4,S
2021-07-08T09:22:45,6000.0,95.4,S
2021-07-08T09:22:40,700.0,95.4,S
2021-07-08T09:22:37,200.0,95.5,B
2021-07-08T09:22:16,500.0,95.4,S
2021-07-08T09:22:08,400.0,95.4,S
2021-07-08T09:21:55,500.0,95.4,S
2021-07-08T09:21:53,1000.0,95.4,S
2021-07-08T09:21:46,400.0,95.4,S
2021-07-08T09:21:40,10100.0,95.5,S
2021-07-08T09:21:29,500.0,95.5,S
2021-07-08T09:21:21,15600.0,95.6,S
2021-07-08T09:21:08,400.0,95.6,S
2021-07-08T09:21:08,200.0,95.7,B
2021-07-08T09:21:01,100.0,95.6,S
2021-07-08T09:20:55,400.0,95.6,S
2021-07-08T09:20:48,500.0,95.6,S
2021-07-08T09:20:30,400.0,95.6,S
2021-07-08T09:20:27,500.0,95.6,S
2021-07-08T09:20:20,5700.0,95.7,S
2021-07-08T09:20:15,7400.0,95.7,S
2021-07-08T09:20:06,600.0,95.7,S
2021-07-08T09:20:02,3800.0,95.7,S
2021-07-08T09:19:05,200.0,95.8,B
2021-07-08T09:18:56,1000.0,95.7,S
2021-07-08T09:18:46,7700.0,95.7,S
2021-07-08T09:18:46,8100.0,95.8,S
2021-07-08T09:18:33,7300.0,95.8,S
2021-07-08T09:18:23,100.0,95.9,B
2021-07-08T09:18:18,2400.0,95.9,S
2021-07-08T09:18:12,10000.0,95.9,S
2021-07-08T09:18:05,100.0,96.0,B
2021-07-08T09:18:01,1900.0,96.1,S
2021-07-08T09:17:51,500.0,96.1,S
2021-07-08T09:17:51,7600.0,96.1,B
2021-07-08T09:17:49,100.0,96.0,B
2021-07-08T09:17:15,200.0,96.1,B
2021-07-08T09:17:14,15600.0,95.9,S
2021-07-08T09:17:03,200.0,96.1,B
2021-07-08T09:16:55,1000.0,96.0,S
2021-07-08T09:16:47,400.0,96.0,S
2021-07-08T09:16:40,11200.0,96.1,B
2021-07-08T09:16:38,700.0,96.0,S
2021-07-08T09:16:34,5800.0,96.1,B
2021-07-08T09:16:27,7400.0,96.1,B
2021-07-08T09:16:27,1000.0,96.0,S
2021-07-08T09:16:20,5800.0,96.1,B
2021-07-08T09:15:59,2900.0,96.1,S
2021-07-08T09:15:40,2900.0,96.2,B
2021-07-08T09:15:38,200.0,96.1,S
2021-07-08T09:15:32,1800.0,96.2,B
2021-07-08T09:15:30,1000.0,96.1,S
2021-07-08T09:15:26,1000.0,96.2,B
2021-07-08T09:15:08,600.0,96.2,B
