tradingTime,volume,price,side
2021-07-08T14:29:38,100.0,52.3,S
2021-07-08T14:29:16,200.0,52.4,B
2021-07-08T14:28:51,500.0,52.4,B
2021-07-08T14:28:38,4900.0,52.3,S
2021-07-08T14:28:38,100.0,52.3,S
2021-07-08T14:28:31,700.0,52.3,S
2021-07-08T14:27:45,900.0,52.3,S
2021-07-08T14:27:30,1000.0,52.3,S
2021-07-08T14:27:25,800.0,52.4,B
2021-07-08T14:27:25,100.0,52.3,S
2021-07-08T14:27:15,10000.0,52.3,S
2021-07-08T14:26:55,1000.0,52.3,S
2021-07-08T14:26:46,100.0,52.4,B
2021-07-08T14:26:39,500.0,52.4,B
2021-07-08T14:26:23,1900.0,52.4,B
2021-07-08T14:25:54,500.0,52.4,B
2021-07-08T14:25:35,900.0,52.4,B
2021-07-08T14:25:25,900.0,52.4,B
2021-07-08T14:25:08,100.0,52.4,B
2021-07-08T14:25:00,1300.0,52.3,S
2021-07-08T14:24:59,600.0,52.3,S
2021-07-08T14:24:39,100.0,52.3,S
2021-07-08T14:24:35,200.0,52.3,S
2021-07-08T14:24:20,200.0,52.3,B
2021-07-08T14:24:06,100.0,52.3,B
2021-07-08T14:24:00,400.0,52.3,B
2021-07-08T14:23:29,100.0,52.3,B
2021-07-08T14:22:39,200.0,52.3,B
2021-07-08T14:22:36,2400.0,52.2,S
2021-07-08T14:22:36,2000.0,52.2,S
2021-07-08T14:22:36,3100.0,52.2,S
2021-07-08T14:22:29,2000.0,52.3,B
2021-07-08T14:22:27,200.0,52.3,S
2021-07-08T14:22:27,2800.0,52.3,S
2021-07-08T14:22:01,1000.0,52.3,S
2021-07-08T14:21:29,1500.0,52.3,B
2021-07-08T14:20:35,1000.0,52.3,B
2021-07-08T14:19:54,3500.0,52.3,B
2021-07-08T14:19:49,6500.0,52.3,B
2021-07-08T14:18:29,600.0,52.3,B
2021-07-08T14:17:33,5000.0,52.2,S
2021-07-08T14:17:15,100.0,52.2,S
2021-07-08T14:17:15,200.0,52.2,S
2021-07-08T14:17:05,900.0,52.2,S
2021-07-08T14:16:38,300.0,52.2,S
2021-07-08T14:16:17,1000.0,52.2,S
2021-07-08T14:15:37,100.0,52.2,S
2021-07-08T14:15:35,1000.0,52.2,S
2021-07-08T14:15:21,200.0,52.3,B
2021-07-08T14:15:11,9800.0,52.2,B
2021-07-08T14:14:58,600.0,52.2,B
2021-07-08T14:14:47,100.0,52.2,S
2021-07-08T14:14:42,400.0,52.2,S
2021-07-08T14:14:35,1000.0,52.2,S
2021-07-08T14:14:26,1000.0,52.2,S
2021-07-08T14:14:14,3000.0,52.2,S
2021-07-08T14:14:07,600.0,52.2,S
2021-07-08T14:14:05,6400.0,52.2,B
2021-07-08T14:13:24,4000.0,52.2,B
2021-07-08T14:13:10,500.0,52.1,S
2021-07-08T14:13:05,1000.0,52.2,B
2021-07-08T14:13:03,5000.0,52.2,B
2021-07-08T14:12:55,100.0,52.2,B
2021-07-08T14:12:34,100.0,52.2,B
2021-07-08T14:12:10,2000.0,52.1,S
2021-07-08T14:12:10,300.0,52.1,S
2021-07-08T14:12:00,9700.0,52.1,S
2021-07-08T14:12:00,800.0,52.1,S
2021-07-08T14:12:00,700.0,52.1,S
2021-07-08T14:12:00,8800.0,52.1,S
2021-07-08T14:11:28,5000.0,52.1,S
2021-07-08T14:11:15,2000.0,52.1,S
2021-07-08T14:11:05,5000.0,52.2,B
2021-07-08T14:10:34,1600.0,52.2,B
2021-07-08T14:10:24,100.0,52.2,B
2021-07-08T14:09:26,100.0,52.2,B
2021-07-08T14:09:21,300.0,52.2,B
2021-07-08T14:09:02,500.0,52.1,S
2021-07-08T14:08:42,500.0,52.1,S
2021-07-08T14:08:30,20000.0,52.2,B
2021-07-08T14:08:05,1000.0,52.1,S
2021-07-08T14:08:03,800.0,52.1,S
2021-07-08T14:07:26,100.0,52.1,S
2021-07-08T14:07:22,500.0,52.2,B
2021-07-08T14:06:57,1000.0,52.1,S
2021-07-08T14:06:14,400.0,52.2,B
2021-07-08T14:06:05,100.0,52.2,B
2021-07-08T14:05:56,200.0,52.1,S
2021-07-08T14:05:48,100.0,52.1,S
2021-07-08T14:05:22,3600.0,52.1,S
2021-07-08T14:05:12,1000.0,52.1,S
2021-07-08T14:05:12,1000.0,52.1,S
2021-07-08T14:05:11,100.0,52.1,S
2021-07-08T14:04:34,30000.0,52.1,S
2021-07-08T14:03:56,300.0,52.2,B
2021-07-08T14:03:47,1500.0,52.2,S
2021-07-08T14:03:23,1100.0,52.2,B
2021-07-08T14:03:15,600.0,52.1,S
2021-07-08T14:02:49,200.0,52.1,S
2021-07-08T14:02:28,3000.0,52.1,S
2021-07-08T14:01:12,3500.0,52.1,S
2021-07-08T14:01:12,2000.0,52.1,B
2021-07-08T14:01:08,8800.0,52.0,B
2021-07-08T14:01:00,100.0,52.0,B
2021-07-08T14:01:00,300.0,51.9,S
2021-07-08T14:00:52,1300.0,52.0,B
2021-07-08T14:00:48,200.0,52.0,B
2021-07-08T14:00:45,10300.0,52.0,S
2021-07-08T14:00:45,400.0,52.0,S
2021-07-08T14:00:45,1300.0,52.0,S
2021-07-08T14:00:45,500.0,52.0,S
2021-07-08T14:00:45,500.0,52.0,S
2021-07-08T14:00:45,3100.0,52.0,S
2021-07-08T14:00:45,200.0,52.0,S
2021-07-08T14:00:45,22500.0,52.0,S
2021-07-08T14:00:35,5000.0,52.0,S
2021-07-08T14:00:23,300.0,52.0,S
2021-07-08T14:00:01,600.0,52.1,B
2021-07-08T14:00:00,200.0,52.1,S
2021-07-08T13:59:55,200.0,52.1,S
2021-07-08T13:59:46,600.0,52.0,S
2021-07-08T13:59:44,200.0,52.0,S
2021-07-08T13:59:44,300.0,52.0,S
2021-07-08T13:59:44,600.0,52.0,S
2021-07-08T13:59:44,1000.0,52.0,S
2021-07-08T13:59:44,4800.0,52.0,S
2021-07-08T13:59:44,2000.0,52.0,S
2021-07-08T13:59:44,4500.0,52.0,S
2021-07-08T13:59:44,2500.0,52.0,S
2021-07-08T13:59:43,10000.0,52.0,S
2021-07-08T13:59:43,600.0,52.0,S
2021-07-08T13:59:43,100.0,52.0,S
2021-07-08T13:59:43,700.0,52.0,S
2021-07-08T13:59:43,1000.0,52.0,S
2021-07-08T13:59:43,1200.0,52.0,S
2021-07-08T13:59:43,3500.0,52.1,S
2021-07-08T13:59:43,10300.0,52.1,S
2021-07-08T13:59:43,10800.0,52.1,S
2021-07-08T13:59:43,5900.0,52.1,S
2021-07-08T13:59:36,500.0,52.1,S
2021-07-08T13:59:11,1000.0,52.1,S
2021-07-08T13:59:06,100.0,52.1,S
2021-07-08T13:58:52,500.0,52.1,S
2021-07-08T13:58:18,400.0,52.1,S
2021-07-08T13:57:43,5600.0,52.1,S
2021-07-08T13:57:43,5000.0,52.1,S
2021-07-08T13:57:42,1100.0,52.1,S
2021-07-08T13:57:42,11300.0,52.1,S
2021-07-08T13:57:42,5000.0,52.2,S
2021-07-08T13:56:55,400.0,52.2,S
2021-07-08T13:56:51,1000.0,52.2,S
2021-07-08T13:56:10,600.0,52.2,S
2021-07-08T13:55:49,200.0,52.3,B
2021-07-08T13:55:43,100.0,52.2,S
2021-07-08T13:55:18,200.0,52.2,S
2021-07-08T13:55:18,2800.0,52.2,S
2021-07-08T13:55:16,300.0,52.2,S
2021-07-08T13:55:11,900.0,52.3,B
2021-07-08T13:54:47,300.0,52.2,S
2021-07-08T13:54:39,100.0,52.3,B
2021-07-08T13:53:39,1000.0,52.2,S
2021-07-08T13:53:21,1300.0,52.2,S
2021-07-08T13:53:07,1000.0,52.2,S
2021-07-08T13:53:03,1500.0,52.2,S
2021-07-08T13:52:26,1000.0,52.2,S
2021-07-08T13:51:08,1000.0,52.3,B
2021-07-08T13:51:08,1000.0,52.2,S
2021-07-08T13:51:03,100.0,52.2,S
2021-07-08T13:50:55,1000.0,52.3,B
2021-07-08T13:50:40,500.0,52.2,S
2021-07-08T13:49:42,500.0,52.2,S
2021-07-08T13:49:35,1000.0,52.1,S
2021-07-08T13:49:24,500.0,52.2,B
2021-07-08T13:49:02,500.0,52.1,S
2021-07-08T13:48:54,100.0,52.2,B
2021-07-08T13:48:44,100.0,52.2,S
2021-07-08T13:48:44,300.0,52.2,S
2021-07-08T13:48:16,100.0,52.2,S
2021-07-08T13:47:31,500.0,52.2,B
2021-07-08T13:46:35,300.0,52.1,S
2021-07-08T13:46:09,600.0,52.1,S
2021-07-08T13:45:17,100.0,52.4,B
2021-07-08T13:45:10,1200.0,52.1,S
2021-07-08T13:43:37,3900.0,52.0,B
2021-07-08T13:43:31,1000.0,52.0,B
2021-07-08T13:43:13,100.0,51.9,S
2021-07-08T13:43:06,1000.0,52.0,S
2021-07-08T13:43:06,12600.0,52.0,S
2021-07-08T13:43:06,5300.0,52.0,S
2021-07-08T13:43:06,3000.0,52.1,S
2021-07-08T13:43:06,21100.0,52.2,S
2021-07-08T13:42:57,300.0,52.5,B
2021-07-08T13:42:57,10000.0,52.5,B
2021-07-08T13:42:55,300.0,52.5,B
2021-07-08T13:42:27,100.0,52.5,B
2021-07-08T13:42:19,100.0,52.4,S
2021-07-08T13:42:01,1000.0,52.4,S
2021-07-08T13:41:46,100.0,52.4,S
2021-07-08T13:41:37,1000.0,52.4,B
2021-07-08T13:41:26,3000.0,52.3,S
2021-07-08T13:41:20,1000.0,52.3,S
2021-07-08T13:41:14,1000.0,52.3,S
2021-07-08T13:40:55,2400.0,52.2,S
2021-07-08T13:40:55,12600.0,52.2,S
2021-07-08T13:40:37,300.0,52.5,B
2021-07-08T13:40:24,3000.0,52.3,B
2021-07-08T13:40:05,700.0,52.2,B
2021-07-08T13:40:04,300.0,52.2,B
2021-07-08T13:40:04,700.0,52.2,B
2021-07-08T13:39:57,300.0,52.2,S
2021-07-08T13:39:55,1000.0,52.3,B
2021-07-08T13:39:39,600.0,52.2,S
2021-07-08T13:39:38,100.0,52.2,S
2021-07-08T13:39:35,500.0,52.0,S
2021-07-08T13:39:26,1600.0,52.0,S
2021-07-08T13:39:22,4400.0,52.1,B
2021-07-08T13:38:57,400.0,52.0,S
2021-07-08T13:38:36,500.0,52.0,S
2021-07-08T13:38:24,2300.0,52.0,B
2021-07-08T13:38:17,2400.0,52.0,B
2021-07-08T13:38:12,10000.0,52.0,B
2021-07-08T13:37:55,1000.0,52.0,B
2021-07-08T13:37:53,600.0,52.0,B
2021-07-08T13:37:49,200.0,51.9,S
2021-07-08T13:37:45,100.0,52.0,B
2021-07-08T13:37:44,500.0,51.9,S
2021-07-08T13:37:36,8000.0,52.0,B
2021-07-08T13:37:35,600.0,52.0,B
2021-07-08T13:37:34,5000.0,52.0,B
2021-07-08T13:37:21,500.0,52.0,B
2021-07-08T13:37:19,100.0,52.0,B
2021-07-08T13:37:18,5000.0,51.9,S
2021-07-08T13:37:10,13500.0,52.0,B
2021-07-08T13:37:04,2000.0,51.9,S
2021-07-08T13:36:58,900.0,52.0,B
2021-07-08T13:36:51,200.0,52.0,B
2021-07-08T13:36:41,200.0,52.0,B
2021-07-08T13:36:31,1300.0,52.0,S
2021-07-08T13:36:31,700.0,52.0,S
2021-07-08T13:36:31,3300.0,52.0,S
2021-07-08T13:36:31,600.0,52.0,S
2021-07-08T13:36:31,4800.0,52.0,S
2021-07-08T13:36:31,1700.0,52.0,S
2021-07-08T13:36:31,2100.0,52.0,S
2021-07-08T13:36:31,1000.0,52.0,S
2021-07-08T13:36:31,3300.0,52.0,S
2021-07-08T13:36:31,1000.0,52.0,S
2021-07-08T13:36:31,1600.0,52.0,S
2021-07-08T13:36:31,600.0,52.0,S
2021-07-08T13:36:31,2100.0,52.0,S
2021-07-08T13:36:31,5300.0,52.0,S
2021-07-08T13:36:31,10000.0,52.0,S
2021-07-08T13:36:31,600.0,52.0,S
2021-07-08T13:36:31,9300.0,52.0,S
2021-07-08T13:36:31,800.0,52.0,S
2021-07-08T13:36:31,2000.0,52.0,S
2021-07-08T13:36:31,1300.0,52.0,S
2021-07-08T13:36:31,900.0,52.0,S
2021-07-08T13:36:31,14300.0,52.0,S
2021-07-08T13:36:31,800.0,52.0,S
2021-07-08T13:36:31,1100.0,52.0,S
2021-07-08T13:36:31,20300.0,52.0,S
2021-07-08T13:36:31,500.0,52.0,S
2021-07-08T13:36:31,900.0,52.0,S
2021-07-08T13:36:31,2300.0,52.0,S
2021-07-08T13:36:31,700.0,52.0,S
2021-07-08T13:36:31,600.0,52.0,S
2021-07-08T13:36:31,1000.0,52.0,S
2021-07-08T13:36:31,6400.0,52.0,S
2021-07-08T13:36:31,1300.0,52.0,S
2021-07-08T13:36:31,1100.0,52.0,S
2021-07-08T13:36:31,10000.0,52.0,S
2021-07-08T13:36:31,100.0,52.0,S
2021-07-08T13:36:31,9400.0,52.0,S
2021-07-08T13:36:31,1400.0,52.1,S
2021-07-08T13:36:31,600.0,52.1,S
2021-07-08T13:36:31,700.0,52.1,S
2021-07-08T13:36:31,1100.0,52.1,S
2021-07-08T13:36:31,1900.0,52.1,S
2021-07-08T13:36:31,100.0,52.1,S
2021-07-08T13:36:31,700.0,52.1,S
2021-07-08T13:36:23,5000.0,52.1,S
2021-07-08T13:36:20,1000.0,52.1,S
2021-07-08T13:36:13,1200.0,52.1,S
2021-07-08T13:36:13,500.0,52.1,S
2021-07-08T13:36:04,900.0,52.2,B
2021-07-08T13:35:54,4000.0,52.1,S
2021-07-08T13:35:50,5000.0,52.2,B
2021-07-08T13:35:46,100.0,52.2,S
2021-07-08T13:35:34,100.0,52.2,S
2021-07-08T13:35:34,100.0,52.2,S
2021-07-08T13:35:34,400.0,52.2,S
2021-07-08T13:35:29,2000.0,52.2,S
2021-07-08T13:35:26,9100.0,52.2,S
2021-07-08T13:35:26,3000.0,52.2,S
2021-07-08T13:35:26,4100.0,52.2,S
2021-07-08T13:35:26,500.0,52.2,S
2021-07-08T13:35:26,1500.0,52.2,S
2021-07-08T13:35:26,200.0,52.2,S
2021-07-08T13:35:26,1600.0,52.2,S
2021-07-08T13:35:22,2000.0,52.2,S
2021-07-08T13:35:20,100.0,52.2,S
2021-07-08T13:35:20,3900.0,52.2,S
2021-07-08T13:35:06,1200.0,52.2,S
2021-07-08T13:35:05,200.0,52.3,S
2021-07-08T13:34:57,200.0,52.3,S
2021-07-08T13:34:47,1400.0,52.3,S
2021-07-08T13:34:47,1400.0,52.3,S
2021-07-08T13:34:47,300.0,52.3,S
2021-07-08T13:34:47,400.0,52.3,S
2021-07-08T13:34:47,3100.0,52.3,S
2021-07-08T13:34:47,800.0,52.3,S
2021-07-08T13:34:47,300.0,52.3,S
2021-07-08T13:34:47,2300.0,52.3,S
2021-07-08T13:34:39,200.0,52.3,S
2021-07-08T13:34:32,1000.0,52.3,S
2021-07-08T13:34:29,500.0,52.3,S
2021-07-08T13:34:28,5000.0,52.3,S
2021-07-08T13:34:23,1000.0,52.3,S
2021-07-08T13:34:19,600.0,52.3,S
2021-07-08T13:34:05,300.0,52.3,S
2021-07-08T13:33:53,600.0,52.3,S
2021-07-08T13:33:48,1000.0,52.3,S
2021-07-08T13:33:42,1800.0,52.3,S
2021-07-08T13:33:42,15000.0,52.3,S
2021-07-08T13:33:42,300.0,52.3,S
2021-07-08T13:33:42,12900.0,52.3,S
2021-07-08T13:33:39,1000.0,52.4,S
2021-07-08T13:33:18,1700.0,52.4,S
2021-07-08T13:33:18,100.0,52.4,S
2021-07-08T13:33:18,12700.0,52.4,S
2021-07-08T13:33:09,2400.0,52.4,S
2021-07-08T13:33:09,2200.0,52.4,S
2021-07-08T13:33:09,1600.0,52.4,S
2021-07-08T13:33:09,300.0,52.4,S
2021-07-08T13:33:09,8500.0,52.4,S
2021-07-08T13:33:03,1200.0,52.4,S
2021-07-08T13:32:55,8000.0,52.4,S
2021-07-08T13:32:55,500.0,52.5,B
2021-07-08T13:32:55,10100.0,52.5,S
2021-07-08T13:32:55,3400.0,52.5,S
2021-07-08T13:32:51,2000.0,52.5,S
2021-07-08T13:32:47,300.0,52.5,S
2021-07-08T13:32:37,1000.0,52.5,S
2021-07-08T13:32:35,2800.0,52.5,S
2021-07-08T13:32:14,400.0,52.5,S
2021-07-08T13:32:03,1200.0,52.5,S
2021-07-08T13:31:44,1000.0,52.5,S
2021-07-08T13:31:44,1000.0,52.5,S
2021-07-08T13:31:38,1500.0,52.5,S
2021-07-08T13:31:09,1200.0,52.5,S
2021-07-08T13:31:05,400.0,52.5,S
2021-07-08T13:30:28,500.0,52.6,B
2021-07-08T13:29:42,1200.0,52.5,S
2021-07-08T13:29:24,500.0,52.5,S
2021-07-08T13:29:10,1200.0,52.5,S
2021-07-08T13:29:04,400.0,52.5,S
2021-07-08T13:28:54,2100.0,52.5,S
2021-07-08T13:28:43,300.0,52.5,S
2021-07-08T13:28:41,400.0,52.5,S
2021-07-08T13:28:19,100.0,52.5,S
2021-07-08T13:28:08,500.0,52.5,S
2021-07-08T13:27:52,500.0,52.7,B
2021-07-08T13:27:47,500.0,52.5,S
2021-07-08T13:27:43,1200.0,52.5,S
2021-07-08T13:27:29,100.0,52.7,B
2021-07-08T13:27:06,500.0,52.5,S
2021-07-08T13:27:05,300.0,52.5,S
2021-07-08T13:26:20,100.0,52.7,B
2021-07-08T13:26:12,400.0,52.5,S
2021-07-08T13:25:38,100.0,52.6,S
2021-07-08T13:25:24,600.0,52.5,S
2021-07-08T13:25:21,600.0,52.5,S
2021-07-08T13:25:02,600.0,52.5,S
2021-07-08T13:24:47,200.0,52.5,S
2021-07-08T13:24:25,600.0,52.5,S
2021-07-08T13:24:20,200.0,52.6,B
2021-07-08T13:24:20,300.0,52.6,B
2021-07-08T13:23:51,100.0,52.6,B
2021-07-08T13:22:07,500.0,52.5,S
2021-07-08T13:21:58,1000.0,52.5,S
2021-07-08T13:21:50,10000.0,52.6,B
2021-07-08T13:21:43,400.0,52.5,S
2021-07-08T13:21:24,500.0,52.5,S
2021-07-08T13:21:21,200.0,52.6,B
2021-07-08T13:21:21,400.0,52.5,S
2021-07-08T13:21:02,200.0,52.5,S
2021-07-08T13:20:54,100.0,52.5,S
2021-07-08T13:19:45,300.0,52.5,B
2021-07-08T13:19:45,600.0,52.5,B
2021-07-08T13:19:26,300.0,52.5,B
2021-07-08T13:19:02,500.0,52.5,B
2021-07-08T13:18:21,700.0,52.5,S
2021-07-08T13:17:18,3600.0,52.4,S
2021-07-08T13:17:18,3400.0,52.4,S
2021-07-08T13:16:49,100.0,52.5,B
2021-07-08T13:16:48,500.0,52.5,B
2021-07-08T13:16:25,100.0,52.5,B
2021-07-08T13:16:22,400.0,52.4,S
2021-07-08T13:15:29,300.0,52.4,S
2021-07-08T13:15:18,400.0,52.4,S
2021-07-08T13:15:07,5000.0,52.5,B
2021-07-08T13:14:20,100.0,52.4,S
2021-07-08T13:14:19,100.0,52.5,B
2021-07-08T13:13:45,3500.0,52.5,S
2021-07-08T13:13:45,1500.0,52.5,S
2021-07-08T13:13:45,2300.0,52.5,S
2021-07-08T13:13:45,1000.0,52.5,S
2021-07-08T13:13:45,2500.0,52.5,S
2021-07-08T13:13:45,1000.0,52.5,S
2021-07-08T13:13:45,400.0,52.5,S
2021-07-08T13:13:45,3000.0,52.5,S
2021-07-08T13:13:44,200.0,52.5,S
2021-07-08T13:13:32,1000.0,52.5,S
2021-07-08T13:13:24,400.0,52.5,S
2021-07-08T13:13:20,300.0,52.5,S
2021-07-08T13:13:07,2000.0,52.5,S
2021-07-08T13:12:55,600.0,52.5,S
2021-07-08T13:12:14,600.0,52.5,S
2021-07-08T13:12:12,300.0,52.5,S
2021-07-08T13:11:51,500.0,52.5,S
2021-07-08T13:11:44,100.0,52.6,B
2021-07-08T13:11:13,1200.0,52.6,B
2021-07-08T13:10:43,800.0,52.6,B
2021-07-08T13:09:34,300.0,52.5,S
2021-07-08T13:09:31,400.0,52.5,S
2021-07-08T13:09:09,600.0,52.5,S
2021-07-08T13:08:44,500.0,52.5,S
2021-07-08T13:08:27,300.0,52.5,S
2021-07-08T13:08:23,200.0,52.5,S
2021-07-08T13:08:23,400.0,52.5,S
2021-07-08T13:08:02,300.0,52.5,S
2021-07-08T13:08:02,7200.0,52.5,S
2021-07-08T13:08:02,12500.0,52.5,S
2021-07-08T13:08:01,600.0,52.5,S
2021-07-08T13:07:53,500.0,52.5,S
2021-07-08T13:07:19,100.0,52.5,S
2021-07-08T13:07:17,1000.0,52.6,B
2021-07-08T13:07:13,300.0,52.5,S
2021-07-08T13:06:59,400.0,52.5,S
2021-07-08T13:06:37,400.0,52.5,S
2021-07-08T13:06:29,3900.0,52.6,S
2021-07-08T13:06:13,1000.0,52.6,S
2021-07-08T13:06:11,500.0,52.7,B
2021-07-08T13:06:08,200.0,52.7,B
2021-07-08T13:06:03,300.0,52.6,S
2021-07-08T13:05:45,600.0,52.6,S
2021-07-08T13:05:42,100.0,52.7,B
2021-07-08T13:05:27,17600.0,52.6,S
2021-07-08T13:05:27,1000.0,52.6,S
2021-07-08T13:05:27,1400.0,52.6,S
2021-07-08T13:05:19,400.0,52.6,S
2021-07-08T13:05:03,2000.0,52.6,S
2021-07-08T13:04:52,16000.0,52.7,S
2021-07-08T13:04:48,300.0,52.7,S
2021-07-08T13:04:33,600.0,52.7,S
2021-07-08T13:04:10,500.0,52.8,S
2021-07-08T13:03:24,4400.0,52.7,S
2021-07-08T13:03:24,100.0,52.7,S
2021-07-08T13:03:24,2600.0,52.7,S
2021-07-08T13:03:24,11000.0,52.7,S
2021-07-08T13:03:24,200.0,52.8,S
2021-07-08T13:03:24,2700.0,52.8,S
2021-07-08T13:03:05,10000.0,52.9,B
2021-07-08T13:02:52,400.0,52.8,S
2021-07-08T13:02:48,900.0,52.9,B
2021-07-08T13:02:40,300.0,52.8,S
2021-07-08T13:02:39,2000.0,52.8,S
2021-07-08T13:00:57,100.0,52.8,S
2021-07-08T13:00:45,500.0,52.9,B
2021-07-08T13:00:16,500.0,52.9,B
2021-07-08T13:00:16,100.0,52.9,B
2021-07-08T13:00:10,100.0,52.9,B
2021-07-08T13:00:04,200.0,52.9,B
2021-07-08T13:00:04,200.0,52.7,S
2021-07-08T13:00:03,800.0,52.9,B
2021-07-08T13:00:03,300.0,52.9,B
2021-07-08T13:00:03,200.0,52.9,B
2021-07-08T13:00:03,100.0,52.7,S
2021-07-08T13:00:03,100.0,52.8,S
2021-07-08T11:29:25,200.0,52.9,B
2021-07-08T11:28:40,1000.0,52.7,B
2021-07-08T11:28:39,200.0,52.7,B
2021-07-08T11:28:27,1000.0,52.7,B
2021-07-08T11:28:04,5000.0,52.7,B
2021-07-08T11:27:57,10000.0,52.7,B
2021-07-08T11:27:54,1000.0,52.7,B
2021-07-08T11:27:42,900.0,52.7,B
2021-07-08T11:27:21,300.0,52.6,S
2021-07-08T11:26:32,1000.0,52.7,B
2021-07-08T11:26:07,300.0,52.6,S
2021-07-08T11:25:27,100.0,52.7,B
2021-07-08T11:25:15,100.0,52.6,S
2021-07-08T11:24:43,300.0,52.6,S
2021-07-08T11:24:22,4600.0,52.6,S
2021-07-08T11:24:09,500.0,52.6,S
2021-07-08T11:23:21,300.0,52.6,S
2021-07-08T11:23:05,2600.0,52.7,B
2021-07-08T11:22:40,5000.0,52.7,B
2021-07-08T11:22:19,1000.0,52.7,B
2021-07-08T11:22:14,900.0,52.7,B
2021-07-08T11:21:58,200.0,52.7,B
2021-07-08T11:21:53,500.0,52.7,S
2021-07-08T11:21:53,10200.0,52.7,S
2021-07-08T11:21:53,1100.0,52.7,S
2021-07-08T11:21:53,10400.0,52.7,S
2021-07-08T11:21:40,200.0,52.9,B
2021-07-08T11:20:45,500.0,52.8,B
2021-07-08T11:20:45,2200.0,52.8,B
2021-07-08T11:20:07,800.0,52.8,B
2021-07-08T11:20:04,100.0,52.7,S
2021-07-08T11:20:02,1000.0,52.8,B
2021-07-08T11:19:45,900.0,52.8,B
2021-07-08T11:19:29,400.0,52.8,B
2021-07-08T11:19:22,100.0,52.8,B
2021-07-08T11:19:03,200.0,52.8,B
2021-07-08T11:19:01,2000.0,52.8,B
2021-07-08T11:18:24,1000.0,52.8,B
2021-07-08T11:17:58,900.0,52.8,B
2021-07-08T11:17:19,1300.0,52.8,B
2021-07-08T11:17:05,200.0,52.7,S
2021-07-08T11:16:04,500.0,52.8,B
2021-07-08T11:15:57,500.0,52.8,B
2021-07-08T11:15:56,900.0,52.8,B
2021-07-08T11:14:55,500.0,52.8,B
2021-07-08T11:14:42,500.0,52.8,B
2021-07-08T11:14:32,500.0,52.8,B
2021-07-08T11:14:24,500.0,52.8,B
2021-07-08T11:13:14,1000.0,52.7,S
2021-07-08T11:13:14,200.0,52.7,S
2021-07-08T11:12:23,2700.0,52.7,S
2021-07-08T11:12:23,3300.0,52.7,S
2021-07-08T11:11:09,3100.0,52.7,B
2021-07-08T11:10:04,200.0,52.7,B
2021-07-08T11:10:04,700.0,52.7,B
2021-07-08T11:08:57,300.0,52.7,B
2021-07-08T11:07:45,500.0,52.6,S
2021-07-08T11:07:24,100.0,52.6,S
2021-07-08T11:06:21,2500.0,52.6,S
2021-07-08T11:05:01,9900.0,52.6,S
2021-07-08T11:02:23,200.0,52.7,B
2021-07-08T11:01:50,1500.0,52.7,B
2021-07-08T11:01:35,100.0,52.6,S
2021-07-08T11:01:30,900.0,52.7,B
2021-07-08T11:00:50,400.0,52.7,B
2021-07-08T10:59:31,9500.0,52.7,B
2021-07-08T10:59:31,2500.0,52.7,B
2021-07-08T10:58:33,100.0,52.7,B
2021-07-08T10:57:09,100.0,52.7,B
2021-07-08T10:57:08,2300.0,52.7,B
2021-07-08T10:56:17,1700.0,52.7,S
2021-07-08T10:56:09,700.0,52.7,B
2021-07-08T10:56:09,500.0,52.7,B
2021-07-08T10:56:09,800.0,52.7,B
2021-07-08T10:55:58,1000.0,52.7,B
2021-07-08T10:55:58,900.0,52.7,B
2021-07-08T10:55:36,300.0,52.6,B
2021-07-08T10:54:48,100.0,52.5,S
2021-07-08T10:53:58,300.0,52.5,S
2021-07-08T10:53:58,4700.0,52.5,S
2021-07-08T10:53:42,700.0,52.6,S
2021-07-08T10:52:35,500.0,52.7,B
2021-07-08T10:51:43,500.0,52.7,B
2021-07-08T10:51:32,500.0,52.7,B
2021-07-08T10:51:14,1000.0,52.5,S
2021-07-08T10:51:10,2000.0,52.5,S
2021-07-08T10:50:14,800.0,52.5,S
2021-07-08T10:49:26,1200.0,52.5,S
2021-07-08T10:48:33,300.0,52.5,S
2021-07-08T10:48:33,1400.0,52.5,S
2021-07-08T10:48:33,6700.0,52.5,S
2021-07-08T10:47:53,4100.0,52.6,S
2021-07-08T10:47:34,1500.0,52.6,S
2021-07-08T10:47:32,1000.0,52.6,S
2021-07-08T10:47:27,100.0,52.7,S
2021-07-08T10:45:45,500.0,52.6,S
2021-07-08T10:45:31,500.0,52.6,S
2021-07-08T10:44:57,900.0,52.8,B
2021-07-08T10:43:28,100.0,52.8,B
2021-07-08T10:42:47,3100.0,52.8,B
2021-07-08T10:42:28,2900.0,52.7,B
2021-07-08T10:42:15,200.0,52.5,S
2021-07-08T10:41:36,700.0,52.5,S
2021-07-08T10:40:49,1000.0,52.6,S
2021-07-08T10:40:28,100.0,52.7,B
2021-07-08T10:40:04,200.0,52.6,S
2021-07-08T10:40:03,500.0,52.6,B
2021-07-08T10:39:58,200.0,52.6,B
2021-07-08T10:39:51,2300.0,52.6,B
2021-07-08T10:38:07,300.0,52.6,S
2021-07-08T10:37:59,3000.0,52.6,S
2021-07-08T10:37:34,100.0,52.6,S
2021-07-08T10:36:56,300.0,52.6,S
2021-07-08T10:36:45,2000.0,52.6,S
2021-07-08T10:36:41,1000.0,52.6,S
2021-07-08T10:36:23,400.0,52.6,S
2021-07-08T10:36:01,500.0,52.6,S
2021-07-08T10:35:38,300.0,52.6,S
2021-07-08T10:35:28,500.0,52.6,S
2021-07-08T10:35:00,500.0,52.6,S
2021-07-08T10:34:50,500.0,52.6,S
2021-07-08T10:34:40,400.0,52.7,B
2021-07-08T10:34:38,600.0,52.6,S
2021-07-08T10:34:22,500.0,52.6,S
2021-07-08T10:34:22,300.0,52.6,S
2021-07-08T10:34:08,100.0,52.6,S
2021-07-08T10:33:54,1200.0,52.6,S
2021-07-08T10:33:29,200.0,52.6,S
2021-07-08T10:33:00,300.0,52.6,S
2021-07-08T10:31:19,300.0,52.6,S
2021-07-08T10:30:43,2700.0,52.7,B
2021-07-08T10:30:40,300.0,52.7,S
2021-07-08T10:30:33,100.0,52.7,S
2021-07-08T10:30:27,300.0,52.7,S
2021-07-08T10:30:14,300.0,52.7,S
2021-07-08T10:29:49,500.0,52.7,S
2021-07-08T10:29:42,200.0,52.8,B
2021-07-08T10:28:34,100.0,52.8,B
2021-07-08T10:28:30,1100.0,52.7,S
2021-07-08T10:28:30,900.0,52.8,B
2021-07-08T10:27:56,200.0,52.7,S
2021-07-08T10:27:49,100.0,52.7,S
2021-07-08T10:27:04,1000.0,52.7,S
2021-07-08T10:26:14,2500.0,52.7,B
2021-07-08T10:26:09,600.0,52.7,B
2021-07-08T10:24:30,100.0,52.6,S
2021-07-08T10:24:29,7300.0,52.7,B
2021-07-08T10:22:36,800.0,52.6,B
2021-07-08T10:22:30,1600.0,52.5,S
2021-07-08T10:22:21,300.0,52.5,S
2021-07-08T10:21:44,1000.0,52.5,S
2021-07-08T10:21:26,100.0,52.6,B
2021-07-08T10:21:16,300.0,52.5,S
2021-07-08T10:21:03,300.0,52.5,S
2021-07-08T10:21:02,1000.0,52.5,S
2021-07-08T10:20:44,1000.0,52.5,S
2021-07-08T10:20:10,500.0,52.5,S
2021-07-08T10:19:46,100.0,52.5,S
2021-07-08T10:19:38,300.0,52.5,S
2021-07-08T10:19:22,500.0,52.5,S
2021-07-08T10:19:01,600.0,52.6,S
2021-07-08T10:18:56,400.0,52.6,S
2021-07-08T10:18:54,100.0,52.5,S
2021-07-08T10:18:17,100.0,52.5,S
2021-07-08T10:18:11,100.0,52.5,S
2021-07-08T10:17:23,1300.0,52.5,B
2021-07-08T10:17:16,1000.0,52.5,B
2021-07-08T10:17:10,700.0,52.5,S
2021-07-08T10:15:23,900.0,52.5,S
2021-07-08T10:14:57,300.0,52.5,S
2021-07-08T10:14:48,400.0,52.5,B
2021-07-08T10:14:20,300.0,52.5,S
2021-07-08T10:14:11,200.0,52.5,B
2021-07-08T10:13:45,500.0,52.5,B
2021-07-08T10:12:30,500.0,52.5,B
2021-07-08T10:12:19,300.0,52.4,B
2021-07-08T10:12:18,500.0,52.4,B
2021-07-08T10:12:06,300.0,52.4,S
2021-07-08T10:11:49,300.0,52.5,B
2021-07-08T10:11:43,500.0,52.5,B
2021-07-08T10:11:37,1000.0,52.4,S
2021-07-08T10:11:22,600.0,52.5,B
2021-07-08T10:11:14,1000.0,52.4,S
2021-07-08T10:11:09,100.0,52.4,S
2021-07-08T10:11:07,300.0,52.5,B
2021-07-08T10:10:35,500.0,52.4,S
2021-07-08T10:10:32,100.0,52.5,B
2021-07-08T10:10:30,700.0,52.5,B
2021-07-08T10:10:23,100.0,52.5,B
2021-07-08T10:09:56,1000.0,52.5,B
2021-07-08T10:09:56,200.0,52.5,B
2021-07-08T10:09:56,500.0,52.5,B
2021-07-08T10:09:51,100.0,52.4,S
2021-07-08T10:09:50,100.0,52.4,B
2021-07-08T10:09:45,200.0,52.4,S
2021-07-08T10:09:12,100.0,52.4,S
2021-07-08T10:09:11,200.0,52.4,B
2021-07-08T10:08:50,1000.0,52.4,B
2021-07-08T10:08:18,100.0,52.4,B
2021-07-08T10:08:07,1900.0,52.4,S
2021-07-08T10:07:50,100.0,52.4,S
2021-07-08T10:07:18,200.0,52.3,S
2021-07-08T10:06:39,10000.0,52.3,S
2021-07-08T10:06:26,1200.0,52.3,S
2021-07-08T10:06:26,7100.0,52.3,S
2021-07-08T10:06:24,500.0,52.3,S
2021-07-08T10:06:23,100.0,52.4,B
2021-07-08T10:06:05,2500.0,52.3,S
2021-07-08T10:06:05,100.0,52.3,S
2021-07-08T10:06:05,2400.0,52.3,S
2021-07-08T10:06:04,1600.0,52.4,S
2021-07-08T10:05:55,2000.0,52.4,S
2021-07-08T10:05:55,100.0,52.4,S
2021-07-08T10:05:21,300.0,52.4,S
2021-07-08T10:05:20,500.0,52.4,S
2021-07-08T10:05:04,500.0,52.4,S
2021-07-08T10:04:43,4800.0,52.5,S
2021-07-08T10:04:35,2000.0,52.5,S
2021-07-08T10:04:30,500.0,52.5,S
2021-07-08T10:04:24,600.0,52.5,S
2021-07-08T10:04:05,500.0,52.5,S
2021-07-08T10:03:50,800.0,52.5,S
2021-07-08T10:03:50,300.0,52.5,S
2021-07-08T10:03:44,300.0,52.5,S
2021-07-08T10:03:37,400.0,52.5,S
2021-07-08T10:03:10,100.0,52.6,B
2021-07-08T10:02:59,100.0,52.6,B
2021-07-08T10:02:43,100.0,52.6,B
2021-07-08T10:02:42,900.0,52.5,S
2021-07-08T10:02:05,2000.0,52.6,B
2021-07-08T10:01:57,300.0,52.5,S
2021-07-08T10:01:21,500.0,52.6,B
2021-07-08T10:00:55,3400.0,52.6,S
2021-07-08T09:59:34,500.0,52.6,S
2021-07-08T09:58:56,300.0,52.6,S
2021-07-08T09:57:47,900.0,52.6,S
2021-07-08T09:57:47,1100.0,52.6,S
2021-07-08T09:57:10,300.0,52.6,S
2021-07-08T09:56:52,500.0,52.7,B
2021-07-08T09:56:32,200.0,52.6,S
2021-07-08T09:56:19,200.0,52.6,S
2021-07-08T09:55:49,2000.0,52.7,B
2021-07-08T09:55:26,100.0,52.7,B
2021-07-08T09:55:10,1000.0,52.7,S
2021-07-08T09:55:10,700.0,52.7,S
2021-07-08T09:55:10,16300.0,52.7,S
2021-07-08T09:54:20,300.0,52.7,S
2021-07-08T09:54:12,1000.0,52.8,B
2021-07-08T09:54:01,500.0,52.8,B
2021-07-08T09:53:46,300.0,52.7,S
2021-07-08T09:53:45,200.0,52.8,B
2021-07-08T09:53:32,100.0,52.8,B
2021-07-08T09:53:09,200.0,52.8,B
2021-07-08T09:52:23,100.0,52.8,B
2021-07-08T09:52:16,300.0,52.7,S
2021-07-08T09:52:04,8000.0,52.8,B
2021-07-08T09:51:28,1000.0,52.7,S
2021-07-08T09:51:09,2500.0,52.7,S
2021-07-08T09:51:07,100.0,52.8,B
2021-07-08T09:50:43,300.0,52.7,S
2021-07-08T09:50:27,600.0,52.8,B
2021-07-08T09:50:27,1000.0,52.7,S
2021-07-08T09:50:19,5000.0,52.8,B
2021-07-08T09:49:53,300.0,52.7,S
2021-07-08T09:49:30,3000.0,52.7,B
2021-07-08T09:49:01,1000.0,52.6,B
2021-07-08T09:48:54,100.0,52.5,S
2021-07-08T09:48:48,800.0,52.5,B
2021-07-08T09:48:46,100.0,52.4,S
2021-07-08T09:48:35,200.0,52.5,B
2021-07-08T09:48:31,100.0,52.4,S
2021-07-08T09:48:16,400.0,52.4,B
2021-07-08T09:48:03,700.0,52.4,B
2021-07-08T09:48:00,2000.0,52.4,B
2021-07-08T09:47:36,100.0,52.3,S
2021-07-08T09:46:25,1000.0,52.2,S
2021-07-08T09:46:20,200.0,52.2,S
2021-07-08T09:46:19,100.0,52.3,B
2021-07-08T09:46:18,300.0,52.2,S
2021-07-08T09:45:50,200.0,52.2,S
2021-07-08T09:45:45,400.0,52.3,S
2021-07-08T09:45:44,100.0,52.3,S
2021-07-08T09:45:36,100.0,52.4,B
2021-07-08T09:45:26,500.0,52.3,S
2021-07-08T09:44:50,300.0,52.2,S
2021-07-08T09:44:47,500.0,52.2,S
2021-07-08T09:44:28,6200.0,52.2,S
2021-07-08T09:44:28,3800.0,52.2,S
2021-07-08T09:44:28,100.0,52.2,S
2021-07-08T09:44:28,800.0,52.2,S
2021-07-08T09:44:28,3500.0,52.2,S
2021-07-08T09:44:28,700.0,52.2,S
2021-07-08T09:44:28,300.0,52.2,S
2021-07-08T09:44:28,700.0,52.2,S
2021-07-08T09:44:28,1400.0,52.2,S
2021-07-08T09:44:28,900.0,52.3,S
2021-07-08T09:44:23,600.0,52.3,S
2021-07-08T09:44:21,500.0,52.3,S
2021-07-08T09:44:12,200.0,52.3,S
2021-07-08T09:44:12,400.0,52.3,S
2021-07-08T09:44:12,400.0,52.3,S
2021-07-08T09:43:39,10000.0,52.3,S
2021-07-08T09:43:39,500.0,52.3,S
2021-07-08T09:43:20,400.0,52.3,S
2021-07-08T09:43:15,500.0,52.3,S
2021-07-08T09:43:09,900.0,52.4,S
2021-07-08T09:43:09,1000.0,52.4,S
2021-07-08T09:42:53,1700.0,52.5,S
2021-07-08T09:42:40,300.0,52.5,B
2021-07-08T09:42:39,600.0,52.5,B
2021-07-08T09:42:34,500.0,52.5,B
2021-07-08T09:42:33,10000.0,52.4,S
2021-07-08T09:42:14,1000.0,52.5,B
2021-07-08T09:42:08,500.0,52.4,S
2021-07-08T09:42:03,100.0,52.5,B
2021-07-08T09:41:53,10000.0,52.4,S
2021-07-08T09:41:52,500.0,52.4,S
2021-07-08T09:41:42,100.0,52.5,B
2021-07-08T09:41:39,700.0,52.5,B
2021-07-08T09:41:32,500.0,52.5,S
2021-07-08T09:41:22,400.0,52.4,S
2021-07-08T09:41:22,2500.0,52.4,S
2021-07-08T09:41:22,2000.0,52.4,S
2021-07-08T09:41:22,5100.0,52.4,S
2021-07-08T09:41:15,400.0,52.4,S
2021-07-08T09:41:14,500.0,52.4,S
2021-07-08T09:41:13,2600.0,52.4,S
2021-07-08T09:41:05,500.0,52.4,S
2021-07-08T09:40:51,500.0,52.4,S
2021-07-08T09:40:50,500.0,52.4,S
2021-07-08T09:40:40,500.0,52.4,S
2021-07-08T09:40:25,500.0,52.4,S
2021-07-08T09:40:15,600.0,52.4,S
2021-07-08T09:40:00,200.0,52.4,S
2021-07-08T09:40:00,300.0,52.4,S
2021-07-08T09:39:55,600.0,52.7,B
2021-07-08T09:39:55,1000.0,52.5,S
2021-07-08T09:39:48,500.0,52.5,S
2021-07-08T09:39:47,600.0,52.5,S
2021-07-08T09:39:39,500.0,52.6,S
2021-07-08T09:39:29,500.0,52.5,S
2021-07-08T09:39:25,500.0,52.5,S
2021-07-08T09:39:06,500.0,52.5,S
2021-07-08T09:39:01,700.0,52.5,S
2021-07-08T09:38:56,300.0,52.5,S
2021-07-08T09:38:56,700.0,52.5,S
2021-07-08T09:38:54,500.0,52.5,S
2021-07-08T09:38:48,500.0,52.5,S
2021-07-08T09:38:42,100.0,52.5,S
2021-07-08T09:38:42,400.0,52.5,S
2021-07-08T09:38:34,500.0,52.5,S
2021-07-08T09:38:25,1000.0,52.5,S
2021-07-08T09:38:05,500.0,52.6,S
2021-07-08T09:38:05,1000.0,52.6,S
2021-07-08T09:38:05,1500.0,52.6,S
2021-07-08T09:38:03,800.0,52.6,S
2021-07-08T09:38:02,400.0,52.6,S
2021-07-08T09:37:30,500.0,52.6,S
2021-07-08T09:37:04,500.0,52.6,S
2021-07-08T09:36:59,600.0,52.6,S
2021-07-08T09:36:58,400.0,52.6,S
2021-07-08T09:36:23,1000.0,52.6,S
2021-07-08T09:36:13,100.0,52.6,S
2021-07-08T09:36:13,500.0,52.6,S
2021-07-08T09:36:13,500.0,52.7,B
2021-07-08T09:35:56,200.0,52.6,S
2021-07-08T09:35:50,100.0,52.6,S
2021-07-08T09:34:53,400.0,52.6,S
2021-07-08T09:34:31,100.0,52.7,B
2021-07-08T09:34:12,100.0,52.7,B
2021-07-08T09:34:10,1000.0,52.6,S
2021-07-08T09:34:10,1100.0,52.6,S
2021-07-08T09:34:04,600.0,52.6,S
2021-07-08T09:34:00,2500.0,52.6,S
2021-07-08T09:33:49,300.0,52.6,S
2021-07-08T09:33:45,1000.0,52.7,B
2021-07-08T09:33:04,2500.0,52.6,S
2021-07-08T09:33:04,300.0,52.6,S
2021-07-08T09:33:04,1400.0,52.6,S
2021-07-08T09:33:04,7800.0,52.6,S
2021-07-08T09:32:57,200.0,52.7,B
2021-07-08T09:32:53,200.0,52.7,B
2021-07-08T09:32:24,900.0,52.7,S
2021-07-08T09:31:30,100.0,52.7,S
2021-07-08T09:31:10,7000.0,52.7,S
2021-07-08T09:30:57,100.0,52.8,S
2021-07-08T09:30:57,17600.0,52.8,S
2021-07-08T09:30:35,100.0,52.8,S
2021-07-08T09:29:32,100.0,52.8,B
2021-07-08T09:29:29,100.0,52.8,B
2021-07-08T09:29:23,1000.0,52.8,B
2021-07-08T09:29:04,800.0,52.8,B
2021-07-08T09:29:04,200.0,52.8,B
2021-07-08T09:28:00,1000.0,52.7,S
2021-07-08T09:27:54,2200.0,52.7,B
2021-07-08T09:27:54,500.0,52.7,B
2021-07-08T09:27:50,4000.0,52.7,B
2021-07-08T09:26:55,1000.0,52.6,S
2021-07-08T09:26:13,2000.0,52.6,S
2021-07-08T09:25:52,100.0,52.7,S
2021-07-08T09:25:15,300.0,52.7,B
2021-07-08T09:25:09,100.0,52.7,B
2021-07-08T09:24:27,100.0,52.7,B
2021-07-08T09:24:26,1700.0,52.6,S
2021-07-08T09:24:08,100.0,52.7,B
2021-07-08T09:23:23,500.0,52.6,S
2021-07-08T09:23:19,300.0,52.7,B
2021-07-08T09:23:17,1000.0,52.7,S
2021-07-08T09:23:02,600.0,52.7,S
2021-07-08T09:22:48,100.0,52.8,B
2021-07-08T09:22:43,1400.0,52.8,S
2021-07-08T09:22:39,300.0,52.8,S
2021-07-08T09:22:39,600.0,52.8,S
2021-07-08T09:22:17,400.0,52.8,S
2021-07-08T09:21:55,400.0,52.8,S
2021-07-08T09:21:47,300.0,52.8,S
2021-07-08T09:21:28,900.0,52.9,S
2021-07-08T09:20:55,300.0,52.8,S
2021-07-08T09:20:51,200.0,53.0,B
2021-07-08T09:20:49,400.0,52.8,S
2021-07-08T09:20:46,300.0,52.9,S
2021-07-08T09:20:25,400.0,52.9,S
2021-07-08T09:20:04,500.0,52.6,S
2021-07-08T09:19:58,600.0,53.0,B
2021-07-08T09:19:54,1200.0,52.9,B
2021-07-08T09:19:13,200.0,52.9,B
2021-07-08T09:19:13,300.0,52.8,B
2021-07-08T09:18:16,2100.0,52.6,B
2021-07-08T09:17:52,100.0,52.6,B
2021-07-08T09:17:26,100.0,52.6,B
2021-07-08T09:16:51,100.0,52.6,S
2021-07-08T09:16:47,100.0,52.6,S
2021-07-08T09:16:38,600.0,52.2,S
2021-07-08T09:16:36,500.0,52.6,S
2021-07-08T09:16:22,200.0,52.6,S
2021-07-08T09:16:19,100.0,52.6,B
2021-07-08T09:16:06,500.0,52.6,B
2021-07-08T09:15:08,100.0,53.0,S
2021-07-08T09:15:04,100.0,53.0,B
2021-07-08T09:15:04,500.0,53.0,B
2021-07-08T09:15:04,300.0,52.3,B
