tradingTime,volume,price,side
2021-07-08T14:27:20,500.0,6.82,S
2021-07-08T14:25:59,4400.0,6.82,B
2021-07-08T14:25:48,5600.0,6.82,S
2021-07-08T14:24:39,2700.0,6.82,S
2021-07-08T14:24:39,1300.0,6.83,S
2021-07-08T14:24:39,1200.0,6.83,S
2021-07-08T14:22:36,800.0,6.84,S
2021-07-08T14:22:22,1000.0,6.84,S
2021-07-08T14:21:43,3200.0,6.84,S
2021-07-08T14:21:31,500.0,6.83,S
2021-07-08T14:21:03,100.0,6.84,B
2021-07-08T14:20:26,1000.0,6.83,S
2021-07-08T14:19:32,3000.0,6.84,B
2021-07-08T14:18:20,400.0,6.82,B
2021-07-08T14:17:57,1000.0,6.82,B
2021-07-08T14:17:37,500.0,6.82,S
2021-07-08T14:17:37,500.0,6.82,S
2021-07-08T14:17:37,7600.0,6.82,S
2021-07-08T14:17:21,5000.0,6.82,S
2021-07-08T14:16:59,900.0,6.83,S
2021-07-08T14:16:59,1100.0,6.83,S
2021-07-08T14:15:43,3700.0,6.84,S
2021-07-08T14:15:42,200.0,6.86,B
2021-07-08T14:14:45,200.0,6.86,B
2021-07-08T14:14:40,5000.0,6.86,B
2021-07-08T14:14:26,1000.0,6.86,B
2021-07-08T14:14:24,300.0,6.86,B
2021-07-08T14:14:06,100.0,6.86,B
2021-07-08T14:13:08,500.0,6.86,B
2021-07-08T14:11:51,1000.0,6.84,S
2021-07-08T14:11:17,1200.0,6.83,S
2021-07-08T14:11:17,1000.0,6.83,S
2021-07-08T14:11:17,2800.0,6.83,S
2021-07-08T14:09:52,100.0,6.85,B
2021-07-08T14:09:49,1800.0,6.83,S
2021-07-08T14:09:15,100.0,6.85,S
2021-07-08T14:09:15,900.0,6.85,S
2021-07-08T14:09:15,7700.0,6.85,S
2021-07-08T14:09:15,1200.0,6.85,S
2021-07-08T14:08:44,1200.0,6.85,S
2021-07-08T14:08:44,300.0,6.85,S
2021-07-08T14:08:01,300.0,6.86,B
2021-07-08T14:07:50,1000.0,6.86,B
2021-07-08T14:07:22,3300.0,6.86,S
2021-07-08T14:07:01,300.0,6.86,S
2021-07-08T14:07:01,100.0,6.87,S
2021-07-08T14:07:01,600.0,6.88,S
2021-07-08T14:06:45,100.0,6.88,S
2021-07-08T14:05:46,800.0,6.88,S
2021-07-08T14:05:46,200.0,6.89,S
2021-07-08T14:05:26,1000.0,6.89,S
2021-07-08T14:02:44,800.0,6.89,S
2021-07-08T14:00:35,1000.0,6.9,S
2021-07-08T14:00:35,7000.0,6.9,S
2021-07-08T13:59:53,1000.0,6.9,S
2021-07-08T13:55:16,100.0,6.9,S
2021-07-08T13:55:16,900.0,6.9,S
2021-07-08T13:54:05,500.0,6.91,B
2021-07-08T13:53:15,500.0,6.91,B
2021-07-08T13:51:06,1000.0,6.91,B
2021-07-08T13:48:30,1000.0,6.91,B
2021-07-08T13:45:52,2000.0,6.91,B
2021-07-08T13:43:54,100.0,6.91,B
2021-07-08T13:40:37,10000.0,6.91,B
2021-07-08T13:39:19,100.0,6.9,S
2021-07-08T13:39:06,500.0,6.91,B
2021-07-08T13:38:58,100.0,6.9,S
2021-07-08T13:37:41,3000.0,6.9,S
2021-07-08T13:37:34,1000.0,6.9,S
2021-07-08T13:37:10,1000.0,6.9,S
2021-07-08T13:36:22,500.0,6.9,S
2021-07-08T13:36:21,1100.0,6.9,S
2021-07-08T13:36:21,2400.0,6.9,S
2021-07-08T13:35:39,800.0,6.91,S
2021-07-08T13:35:39,15000.0,6.91,S
2021-07-08T13:35:28,100.0,6.93,S
2021-07-08T13:35:25,7400.0,6.94,S
2021-07-08T13:35:18,35000.0,6.94,S
2021-07-08T13:32:35,600.0,6.94,S
2021-07-08T13:32:29,1600.0,6.94,S
2021-07-08T13:32:21,1300.0,6.94,S
2021-07-08T13:32:11,200.0,6.94,S
2021-07-08T13:29:56,2500.0,6.94,B
2021-07-08T13:29:56,1400.0,6.94,B
2021-07-08T13:19:35,4600.0,6.94,B
2021-07-08T13:19:35,900.0,6.94,B
2021-07-08T13:19:35,3000.0,6.93,B
2021-07-08T13:19:35,1500.0,6.93,B
2021-07-08T13:17:41,500.0,6.93,B
2021-07-08T13:16:13,500.0,6.93,B
2021-07-08T13:12:33,5000.0,6.93,B
2021-07-08T13:12:07,100.0,6.93,B
2021-07-08T13:11:01,2500.0,6.92,S
2021-07-08T13:10:36,5000.0,6.92,S
2021-07-08T13:09:40,2700.0,6.92,S
2021-07-08T13:09:40,1500.0,6.92,S
2021-07-08T13:09:24,300.0,6.92,S
2021-07-08T13:08:03,1000.0,6.93,S
2021-07-08T13:06:47,1000.0,6.95,B
2021-07-08T13:02:47,2000.0,6.93,B
2021-07-08T13:00:44,200.0,6.93,B
2021-07-08T13:00:24,100.0,6.93,B
2021-07-08T13:00:16,100.0,6.92,S
2021-07-08T13:00:14,1000.0,6.93,B
2021-07-08T13:00:13,300.0,6.93,B
2021-07-08T13:00:04,1100.0,6.93,B
2021-07-08T13:00:04,2000.0,6.93,B
2021-07-08T13:00:03,8800.0,6.93,S
2021-07-08T11:29:16,3000.0,6.93,S
2021-07-08T11:27:57,1000.0,6.93,S
2021-07-08T11:27:01,1000.0,6.94,S
2021-07-08T11:25:56,100.0,6.94,B
2021-07-08T11:24:42,100.0,6.95,B
2021-07-08T11:24:13,5000.0,6.93,S
2021-07-08T11:23:15,4900.0,6.93,S
2021-07-08T11:23:15,100.0,6.94,S
2021-07-08T11:22:46,100.0,6.95,B
2021-07-08T11:19:30,1000.0,6.94,S
2021-07-08T11:16:26,1000.0,6.94,S
2021-07-08T11:13:17,800.0,6.95,S
2021-07-08T11:03:39,1700.0,6.95,S
2021-07-08T11:02:55,200.0,6.96,B
2021-07-08T11:02:43,100.0,6.96,B
2021-07-08T10:58:48,1000.0,6.96,B
2021-07-08T10:54:44,100.0,6.96,B
2021-07-08T10:54:17,100.0,6.96,B
2021-07-08T10:53:49,3000.0,6.96,B
2021-07-08T10:52:42,1000.0,6.96,B
2021-07-08T10:52:15,100.0,6.96,B
2021-07-08T10:51:14,1000.0,6.96,B
2021-07-08T10:44:05,5000.0,6.96,B
2021-07-08T10:40:29,1000.0,6.96,B
2021-07-08T10:39:49,900.0,6.96,S
2021-07-08T10:39:45,200.0,6.96,S
2021-07-08T10:39:00,500.0,6.96,S
2021-07-08T10:38:44,1000.0,6.96,S
2021-07-08T10:35:09,1000.0,6.96,S
2021-07-08T10:32:07,400.0,6.96,S
2021-07-08T10:26:00,5000.0,6.96,B
2021-07-08T10:26:00,800.0,6.96,B
2021-07-08T10:22:15,500.0,6.96,B
2021-07-08T10:20:29,2000.0,6.96,B
2021-07-08T10:20:13,300.0,6.96,B
2021-07-08T10:19:49,4000.0,6.96,B
2021-07-08T10:18:52,1000.0,6.96,B
2021-07-08T10:18:52,3000.0,6.96,B
2021-07-08T10:18:22,4700.0,6.95,B
2021-07-08T10:16:59,100.0,6.93,S
2021-07-08T10:16:41,2000.0,6.93,S
2021-07-08T10:15:48,2800.0,6.93,S
2021-07-08T10:15:48,200.0,6.94,S
2021-07-08T10:15:38,500.0,6.95,B
2021-07-08T10:12:52,500.0,6.95,S
2021-07-08T10:11:22,700.0,6.95,S
2021-07-08T10:09:49,500.0,6.95,S
2021-07-08T10:08:55,5800.0,6.95,S
2021-07-08T10:06:46,200.0,6.96,B
2021-07-08T10:06:24,3000.0,6.95,S
2021-07-08T10:04:29,100.0,6.96,B
2021-07-08T10:04:10,100.0,6.95,S
2021-07-08T10:03:25,2000.0,6.95,S
2021-07-08T10:00:58,2000.0,6.95,S
2021-07-08T10:00:04,500.0,6.95,S
2021-07-08T09:57:30,2000.0,6.93,S
2021-07-08T09:57:21,5000.0,6.94,S
2021-07-08T09:57:02,5000.0,6.95,S
2021-07-08T09:55:55,1700.0,6.96,S
2021-07-08T09:55:40,2000.0,6.96,S
2021-07-08T09:54:26,10000.0,6.96,S
2021-07-08T09:53:41,2700.0,6.96,S
2021-07-08T09:53:15,300.0,6.97,B
2021-07-08T09:53:10,100.0,6.97,B
2021-07-08T09:52:35,2000.0,6.96,S
2021-07-08T09:49:33,1600.0,6.96,S
2021-07-08T09:49:18,1000.0,6.96,S
2021-07-08T09:47:14,100.0,6.98,B
2021-07-08T09:44:54,200.0,6.98,B
2021-07-08T09:44:04,500.0,6.98,B
2021-07-08T09:44:03,500.0,6.96,S
2021-07-08T09:43:39,500.0,6.96,S
2021-07-08T09:43:21,10000.0,6.98,B
2021-07-08T09:42:51,200.0,6.99,S
2021-07-08T09:41:44,3000.0,7.0,B
2021-07-08T09:41:43,3000.0,7.0,B
2021-07-08T09:41:43,3000.0,7.0,B
2021-07-08T09:41:15,1000.0,6.99,B
2021-07-08T09:39:38,100.0,6.99,B
2021-07-08T09:38:14,200.0,6.99,B
2021-07-08T09:33:55,200.0,6.98,S
2021-07-08T09:33:16,300.0,6.98,B
2021-07-08T09:31:18,10000.0,6.98,B
2021-07-08T09:23:28,700.0,6.9,B
2021-07-08T09:22:51,7500.0,6.9,B
2021-07-08T09:21:23,1800.0,6.9,S
2021-07-08T09:21:15,8200.0,6.9,B
2021-07-08T09:20:05,100.0,6.9,B
2021-07-08T09:19:09,200.0,6.9,B
2021-07-08T09:17:55,13500.0,6.9,B
