tradingTime,volume,price,side
2021-07-08T14:29:55,100.0,14.2,B
2021-07-08T14:29:48,100.0,14.2,B
2021-07-08T14:29:41,400.0,14.2,B
2021-07-08T14:29:27,40000.0,14.1,S
2021-07-08T14:27:42,400.0,14.2,B
2021-07-08T14:27:22,1000.0,14.2,B
2021-07-08T14:27:12,1000.0,14.2,B
2021-07-08T14:26:50,200.0,14.2,B
2021-07-08T14:26:30,3700.0,14.2,B
2021-07-08T14:26:00,5500.0,14.2,S
2021-07-08T14:24:36,300.0,14.2,S
2021-07-08T14:24:22,4900.0,14.2,B
2021-07-08T14:23:56,100.0,14.2,B
2021-07-08T14:23:35,600.0,14.2,B
2021-07-08T14:23:28,500.0,14.2,B
2021-07-08T14:23:19,1000.0,14.2,B
2021-07-08T14:22:54,1000.0,14.2,B
2021-07-08T14:22:53,1900.0,14.2,S
2021-07-08T14:22:25,100.0,14.2,B
2021-07-08T14:22:15,3000.0,14.2,B
2021-07-08T14:22:08,200.0,14.2,B
2021-07-08T14:22:01,1000.0,14.2,B
2021-07-08T14:21:54,700.0,14.2,B
2021-07-08T14:21:40,100.0,14.2,B
2021-07-08T14:21:38,100.0,14.2,B
2021-07-08T14:20:36,500.0,14.2,B
2021-07-08T14:20:24,200.0,14.2,B
2021-07-08T14:20:05,100.0,14.2,B
2021-07-08T14:20:00,2000.0,14.2,S
2021-07-08T14:19:52,200.0,14.3,B
2021-07-08T14:18:25,1000.0,14.2,B
2021-07-08T14:18:15,300.0,14.2,B
2021-07-08T14:18:09,1000.0,14.2,B
2021-07-08T14:18:05,2800.0,14.2,B
2021-07-08T14:17:42,100.0,14.2,B
2021-07-08T14:17:10,1000.0,14.2,B
2021-07-08T14:15:06,1500.0,14.1,S
2021-07-08T14:14:59,100.0,14.1,S
2021-07-08T14:12:14,600.0,14.2,B
2021-07-08T14:10:10,1000.0,14.2,S
2021-07-08T14:05:41,500.0,14.2,S
2021-07-08T14:05:01,700.0,14.2,S
2021-07-08T14:04:32,2000.0,14.2,S
2021-07-08T14:04:10,100.0,14.3,B
2021-07-08T14:03:42,200.0,14.3,B
2021-07-08T14:03:37,300.0,14.3,B
2021-07-08T14:03:31,1000.0,14.2,S
2021-07-08T14:02:22,500.0,14.2,S
2021-07-08T14:01:58,200.0,14.2,S
2021-07-08T14:01:39,500.0,14.2,S
2021-07-08T14:00:59,1000.0,14.2,S
2021-07-08T13:57:47,1000.0,14.3,B
2021-07-08T13:57:05,13800.0,14.3,B
2021-07-08T13:56:44,100.0,14.2,S
2021-07-08T13:55:20,3900.0,14.2,S
2021-07-08T13:54:12,100.0,14.3,B
2021-07-08T13:54:01,1000.0,14.2,S
2021-07-08T13:53:14,1000.0,14.2,S
2021-07-08T13:52:51,900.0,14.2,S
2021-07-08T13:52:01,2000.0,14.3,B
2021-07-08T13:50:56,100.0,14.3,B
2021-07-08T13:50:42,2000.0,14.2,S
2021-07-08T13:50:19,600.0,14.2,S
2021-07-08T13:49:49,1000.0,14.2,S
2021-07-08T13:46:42,5000.0,14.2,S
2021-07-08T13:45:03,2000.0,14.3,B
2021-07-08T13:43:57,300.0,14.3,B
2021-07-08T13:43:22,1000.0,14.3,B
2021-07-08T13:42:04,100.0,14.2,S
2021-07-08T13:41:37,100.0,14.2,S
2021-07-08T13:41:04,10000.0,14.1,S
2021-07-08T13:38:09,1500.0,14.1,S
2021-07-08T13:38:02,300.0,14.2,S
2021-07-08T13:37:58,1000.0,14.1,S
2021-07-08T13:37:40,10000.0,14.1,S
2021-07-08T13:37:39,1000.0,14.1,S
2021-07-08T13:37:10,300.0,14.1,S
2021-07-08T13:36:44,700.0,14.2,S
2021-07-08T13:36:37,40000.0,14.2,S
2021-07-08T13:36:32,500.0,14.3,B
2021-07-08T13:36:30,1000.0,14.2,S
2021-07-08T13:36:04,200.0,14.3,B
2021-07-08T13:35:36,1000.0,14.3,S
2021-07-08T13:35:06,1000.0,14.3,S
2021-07-08T13:34:38,1000.0,14.3,S
2021-07-08T13:34:19,1000.0,14.3,S
2021-07-08T13:34:17,100.0,14.3,S
2021-07-08T13:33:59,1000.0,14.3,S
2021-07-08T13:33:55,2000.0,14.3,S
2021-07-08T13:33:48,3000.0,14.3,S
2021-07-08T13:32:56,12000.0,14.3,S
2021-07-08T13:32:44,2100.0,14.4,S
2021-07-08T13:32:16,4400.0,14.4,S
2021-07-08T13:32:13,2100.0,14.4,S
2021-07-08T13:32:10,6800.0,14.4,S
2021-07-08T13:31:38,4600.0,14.4,S
2021-07-08T13:27:40,600.0,14.5,B
2021-07-08T13:27:16,1200.0,14.5,B
2021-07-08T13:25:01,1000.0,14.5,B
2021-07-08T13:24:22,3000.0,14.5,B
2021-07-08T13:23:32,500.0,14.5,S
2021-07-08T13:21:12,3000.0,14.5,B
2021-07-08T13:16:22,4900.0,14.5,S
2021-07-08T13:14:56,1500.0,14.5,S
2021-07-08T13:14:35,200.0,14.5,S
2021-07-08T13:12:56,1100.0,14.5,S
2021-07-08T13:12:34,100.0,14.5,S
2021-07-08T13:12:32,2500.0,14.5,B
2021-07-08T13:12:07,100.0,14.5,S
2021-07-08T13:09:50,2400.0,14.5,S
2021-07-08T13:08:49,100.0,14.5,S
2021-07-08T13:08:31,200.0,14.5,S
2021-07-08T13:02:41,100.0,14.5,S
2021-07-08T13:00:04,7800.0,14.4,S
2021-07-08T13:00:01,100.0,14.5,S
2021-07-08T11:28:58,1000.0,14.5,S
2021-07-08T11:25:01,200.0,14.5,B
2021-07-08T11:23:53,300.0,14.5,B
2021-07-08T11:22:11,4700.0,14.5,B
2021-07-08T11:19:56,500.0,14.4,S
2021-07-08T11:18:35,1000.0,14.5,B
2021-07-08T11:18:28,1000.0,14.5,B
2021-07-08T11:18:10,400.0,14.5,B
2021-07-08T11:17:12,1600.0,14.4,S
2021-07-08T11:13:51,500.0,14.4,S
2021-07-08T11:13:42,100.0,14.4,S
2021-07-08T11:12:39,9000.0,14.4,S
2021-07-08T11:11:11,1000.0,14.4,S
2021-07-08T11:09:34,100.0,14.5,B
2021-07-08T11:04:21,100.0,14.5,B
2021-07-08T11:02:31,1000.0,14.5,B
2021-07-08T10:59:08,600.0,14.5,B
2021-07-08T10:59:04,700.0,14.5,B
2021-07-08T10:58:43,2000.0,14.5,B
2021-07-08T10:58:27,200.0,14.5,B
2021-07-08T10:58:21,100.0,14.5,B
2021-07-08T10:56:39,1400.0,14.5,B
2021-07-08T10:54:17,5000.0,14.5,B
2021-07-08T10:53:44,500.0,14.5,B
2021-07-08T10:52:48,200.0,14.5,B
2021-07-08T10:50:28,2800.0,14.4,S
2021-07-08T10:44:53,1000.0,14.5,B
2021-07-08T10:44:19,8000.0,14.4,S
2021-07-08T10:41:37,7000.0,14.4,S
2021-07-08T10:40:31,100.0,14.5,B
2021-07-08T10:39:10,400.0,14.6,B
2021-07-08T10:38:20,2500.0,14.4,S
2021-07-08T10:34:09,1200.0,14.5,S
2021-07-08T10:33:48,300.0,14.5,B
2021-07-08T10:33:04,700.0,14.5,S
2021-07-08T10:30:35,100.0,14.5,S
2021-07-08T10:29:40,300.0,14.5,B
2021-07-08T10:29:30,100.0,14.5,B
2021-07-08T10:29:09,4000.0,14.5,B
2021-07-08T10:28:53,100.0,14.5,B
2021-07-08T10:28:09,400.0,14.5,B
2021-07-08T10:24:53,100.0,14.4,S
2021-07-08T10:23:18,1300.0,14.4,S
2021-07-08T10:22:22,200.0,14.4,S
2021-07-08T10:22:15,100.0,14.5,B
2021-07-08T10:21:09,15000.0,14.5,B
2021-07-08T10:19:48,100.0,14.5,S
2021-07-08T10:19:35,4800.0,14.5,S
2021-07-08T10:16:38,100.0,14.6,B
2021-07-08T10:13:56,2200.0,14.5,S
2021-07-08T10:13:19,800.0,14.5,S
2021-07-08T10:11:19,100.0,14.6,B
2021-07-08T10:10:53,1200.0,14.5,S
2021-07-08T10:10:08,400.0,14.6,B
2021-07-08T10:07:02,300.0,14.5,S
2021-07-08T10:06:26,5000.0,14.5,S
2021-07-08T10:06:08,500.0,14.5,S
2021-07-08T10:05:36,2000.0,14.5,S
2021-07-08T10:05:15,7200.0,14.6,S
2021-07-08T10:05:12,1000.0,14.6,S
2021-07-08T10:05:02,8800.0,14.6,S
2021-07-08T10:01:44,200.0,14.7,B
2021-07-08T09:59:34,100.0,14.7,B
2021-07-08T09:57:45,200.0,14.7,B
2021-07-08T09:57:17,500.0,14.7,B
2021-07-08T09:56:40,200.0,14.7,B
2021-07-08T09:52:56,500.0,14.7,B
2021-07-08T09:52:22,400.0,14.7,B
2021-07-08T09:48:49,900.0,14.7,B
2021-07-08T09:48:43,100.0,14.7,B
2021-07-08T09:48:18,100.0,14.7,B
2021-07-08T09:45:36,200.0,14.7,S
2021-07-08T09:44:08,1000.0,14.7,S
2021-07-08T09:43:59,6900.0,14.7,B
2021-07-08T09:43:42,500.0,14.7,B
2021-07-08T09:43:41,2700.0,14.7,S
2021-07-08T09:43:06,3000.0,14.7,S
2021-07-08T09:42:24,500.0,14.8,B
2021-07-08T09:39:00,1000.0,14.8,B
2021-07-08T09:38:10,2000.0,14.7,S
2021-07-08T09:36:56,1000.0,14.8,B
2021-07-08T09:36:32,1000.0,14.8,B
2021-07-08T09:36:31,200.0,14.8,B
2021-07-08T09:35:48,100.0,14.8,B
2021-07-08T09:31:58,400.0,14.7,B
2021-07-08T09:28:49,200.0,14.7,B
2021-07-08T09:28:07,1400.0,14.7,B
2021-07-08T09:26:49,100.0,14.7,S
2021-07-08T09:26:38,200.0,14.7,S
2021-07-08T09:26:07,1500.0,14.7,S
2021-07-08T09:25:56,100.0,14.7,S
2021-07-08T09:24:32,200.0,14.7,B
2021-07-08T09:24:30,5000.0,14.6,S
2021-07-08T09:23:46,3000.0,14.7,B
2021-07-08T09:23:44,5000.0,14.7,B
2021-07-08T09:22:43,100.0,14.7,B
2021-07-08T09:22:27,2700.0,14.7,S
2021-07-08T09:18:52,2000.0,14.7,S
2021-07-08T09:17:24,200.0,14.7,S
2021-07-08T09:17:14,600.0,14.7,S
2021-07-08T09:16:37,8400.0,14.8,B
2021-07-08T09:15:38,1000.0,14.7,S
2021-07-08T09:15:12,1000.0,14.8,B
2021-07-08T09:15:09,300.0,14.8,B
2021-07-08T09:14:17,700.0,14.7,S
2021-07-08T09:13:55,200.0,14.8,B
2021-07-08T09:13:32,500.0,14.8,B
2021-07-08T09:12:15,100.0,14.8,B
2021-07-08T09:11:47,900.0,14.7,B
2021-07-08T09:10:27,100.0,14.7,S
2021-07-08T09:10:03,3400.0,14.7,S
2021-07-08T09:05:19,1000.0,14.6,B
2021-07-08T09:04:33,500.0,14.6,B
2021-07-08T09:03:57,200.0,14.6,B
2021-07-08T09:00:36,200.0,14.5,B
2021-07-08T09:00:28,300.0,14.5,B
2021-07-08T09:00:12,1100.0,14.6,B
