tradingTime,volume,price,side
2021-07-08T14:50:18,600.0,2.8,S
2021-07-08T14:49:02,1200.0,2.8,S
2021-07-08T14:43:31,100.0,2.8,S
2021-07-08T14:32:20,1000.0,2.8,S
2021-07-08T14:30:55,1000.0,2.8,S
2021-07-08T14:28:42,300.0,2.8,S
2021-07-08T14:27:53,1000.0,2.8,S
2021-07-08T14:25:47,1000.0,2.8,S
2021-07-08T14:23:39,2100.0,2.8,S
2021-07-08T14:22:48,55000.0,2.8,S
2021-07-08T14:21:56,3000.0,2.8,S
2021-07-08T14:20:51,200.0,2.8,S
2021-07-08T14:20:36,1000.0,2.8,S
2021-07-08T14:20:09,44400.0,2.8,B
2021-07-08T14:20:03,10000.0,2.8,B
2021-07-08T14:20:02,15200.0,2.8,B
2021-07-08T14:19:40,1300.0,2.8,B
2021-07-08T14:19:20,100.0,2.8,B
2021-07-08T14:18:47,1000.0,2.8,B
2021-07-08T14:18:40,10000.0,2.8,B
2021-07-08T14:18:12,2000.0,2.7,S
2021-07-08T14:17:36,3000.0,2.8,B
2021-07-08T14:16:37,15000.0,2.8,B
2021-07-08T14:16:37,1500.0,2.8,B
2021-07-08T14:16:17,100.0,2.8,B
2021-07-08T14:16:14,1000.0,2.8,B
2021-07-08T14:16:04,1000.0,2.8,B
2021-07-08T14:16:03,1300.0,2.8,B
2021-07-08T14:15:47,500.0,2.8,B
2021-07-08T14:15:45,1200.0,2.8,B
2021-07-08T14:15:11,10000.0,2.8,B
2021-07-08T14:14:44,2000.0,2.8,B
2021-07-08T14:14:28,3000.0,2.8,B
2021-07-08T14:14:20,26600.0,2.8,B
2021-07-08T14:14:13,30000.0,2.8,B
2021-07-08T14:13:54,1500.0,2.8,B
2021-07-08T14:13:45,10000.0,2.8,B
2021-07-08T14:13:25,500.0,2.8,B
2021-07-08T14:13:19,1000.0,2.8,B
2021-07-08T14:13:02,200.0,2.8,B
2021-07-08T14:11:40,500.0,2.8,B
2021-07-08T14:10:56,800.0,2.8,B
2021-07-08T14:10:37,500.0,2.8,B
2021-07-08T14:10:05,300.0,2.8,B
2021-07-08T14:09:55,300.0,2.8,B
2021-07-08T14:09:50,500.0,2.8,B
2021-07-08T14:08:33,27100.0,2.8,S
2021-07-08T14:08:21,800.0,2.8,S
2021-07-08T14:08:09,15000.0,2.8,S
2021-07-08T14:08:05,170000.0,2.8,S
2021-07-08T14:07:57,90000.0,2.8,S
2021-07-08T14:06:47,1000.0,2.8,S
2021-07-08T14:06:25,600.0,2.8,S
2021-07-08T14:05:52,100.0,2.8,S
2021-07-08T13:57:52,5000.0,2.8,S
2021-07-08T13:57:50,1000.0,2.8,S
2021-07-08T13:57:31,500.0,2.8,S
2021-07-08T13:55:36,1000.0,2.8,S
2021-07-08T13:53:12,100.0,2.8,S
2021-07-08T13:52:14,100.0,2.8,S
2021-07-08T13:50:49,300.0,2.8,S
2021-07-08T13:50:22,100.0,2.8,S
2021-07-08T13:48:53,3000.0,2.8,S
2021-07-08T13:48:21,3000.0,2.8,S
2021-07-08T13:40:27,11700.0,2.8,S
2021-07-08T13:39:32,200.0,2.8,S
2021-07-08T13:39:13,5000.0,2.8,S
2021-07-08T13:39:02,2500.0,2.8,S
2021-07-08T13:37:53,19100.0,2.8,S
2021-07-08T13:37:30,1000.0,2.8,S
2021-07-08T13:37:05,200.0,2.8,S
2021-07-08T13:36:34,200.0,2.8,S
2021-07-08T13:35:54,10000.0,2.8,S
2021-07-08T13:35:09,6000.0,2.8,S
2021-07-08T13:34:34,500.0,2.8,S
2021-07-08T13:34:20,500.0,2.8,S
2021-07-08T13:29:08,100.0,2.8,S
2021-07-08T13:16:12,2000.0,2.8,S
2021-07-08T13:12:49,200.0,2.8,S
2021-07-08T11:27:47,100.0,2.8,S
2021-07-08T11:19:51,1000.0,2.8,S
2021-07-08T11:13:34,900.0,2.8,S
2021-07-08T11:09:15,500.0,2.8,S
2021-07-08T10:58:57,400.0,2.8,S
2021-07-08T10:58:51,1200.0,2.8,S
2021-07-08T10:57:40,100.0,2.8,S
2021-07-08T10:54:49,200.0,2.8,S
2021-07-08T10:52:11,400.0,2.8,S
2021-07-08T10:50:56,400.0,2.8,S
2021-07-08T10:48:43,2000.0,2.8,S
2021-07-08T10:33:10,3600.0,2.8,S
2021-07-08T10:31:36,3500.0,2.8,S
2021-07-08T10:28:21,900.0,2.8,S
2021-07-08T10:27:14,500.0,2.8,S
2021-07-08T10:26:47,100.0,2.8,S
2021-07-08T10:26:37,8700.0,2.8,S
2021-07-08T10:26:24,2000.0,2.8,S
2021-07-08T10:26:10,2800.0,2.8,S
2021-07-08T10:24:39,200.0,2.8,S
2021-07-08T10:21:23,1000.0,2.8,S
2021-07-08T10:20:47,700.0,2.8,S
2021-07-08T10:20:19,100.0,2.8,S
2021-07-08T10:19:00,17800.0,2.8,B
2021-07-08T10:18:50,5000.0,2.8,B
2021-07-08T10:18:46,20000.0,2.8,B
2021-07-08T10:18:40,2500.0,2.8,B
2021-07-08T10:17:52,1000.0,2.8,B
2021-07-08T10:16:48,100.0,2.8,B
2021-07-08T10:16:41,3400.0,2.8,B
2021-07-08T10:16:27,100.0,2.8,B
2021-07-08T10:16:20,500.0,2.8,B
2021-07-08T10:16:13,5000.0,2.8,B
2021-07-08T10:15:53,20000.0,2.8,B
2021-07-08T10:15:45,100.0,2.8,B
2021-07-08T10:15:43,100.0,2.8,B
2021-07-08T10:14:00,2000.0,2.8,B
2021-07-08T10:13:54,1000.0,2.8,B
2021-07-08T10:12:04,20200.0,2.8,S
2021-07-08T10:12:02,3000.0,2.8,S
2021-07-08T10:11:40,300.0,2.8,S
2021-07-08T10:11:00,8000.0,2.8,S
2021-07-08T10:10:50,1100.0,2.8,S
2021-07-08T10:10:35,20000.0,2.8,S
2021-07-08T10:10:28,1100.0,2.8,S
2021-07-08T10:10:28,1000.0,2.8,S
2021-07-08T10:10:22,400.0,2.8,S
2021-07-08T10:10:18,200.0,2.8,S
2021-07-08T10:09:17,6900.0,2.8,B
2021-07-08T10:09:17,1900.0,2.8,B
2021-07-08T10:09:02,7000.0,2.8,B
2021-07-08T10:08:57,600.0,2.8,B
2021-07-08T10:08:40,600.0,2.8,B
2021-07-08T10:08:30,2000.0,2.8,B
2021-07-08T10:08:06,3000.0,2.8,B
2021-07-08T10:08:02,17200.0,2.8,B
2021-07-08T10:07:50,10400.0,2.8,B
2021-07-08T10:07:44,54900.0,2.8,B
2021-07-08T10:07:44,900.0,2.8,B
2021-07-08T10:07:05,12000.0,2.8,B
2021-07-08T10:05:57,21600.0,2.8,B
2021-07-08T10:05:56,100.0,2.8,B
2021-07-08T10:05:38,1000.0,2.8,B
2021-07-08T10:05:11,15000.0,2.8,B
2021-07-08T10:04:56,2000.0,2.8,B
2021-07-08T10:04:50,700.0,2.8,B
2021-07-08T10:04:40,100.0,2.8,B
2021-07-08T10:04:38,4000.0,2.8,B
2021-07-08T10:04:33,10700.0,2.8,B
2021-07-08T10:04:31,1500.0,2.8,B
2021-07-08T10:04:25,20000.0,2.8,B
2021-07-08T10:04:05,5500.0,2.8,B
2021-07-08T10:04:01,39000.0,2.8,B
2021-07-08T10:03:58,20000.0,2.8,B
2021-07-08T10:03:09,100.0,2.8,B
2021-07-08T10:02:58,5000.0,2.8,B
2021-07-08T10:02:20,4400.0,2.8,S
2021-07-08T10:02:16,3000.0,2.8,S
2021-07-08T10:02:14,2600.0,2.8,S
2021-07-08T10:02:08,11200.0,2.8,S
2021-07-08T10:01:53,10000.0,2.8,S
2021-07-08T10:01:48,800.0,2.8,S
2021-07-08T10:01:40,5000.0,2.8,S
2021-07-08T10:01:16,23100.0,2.8,S
2021-07-08T10:01:14,3000.0,2.8,S
2021-07-08T10:01:12,300.0,2.8,S
2021-07-08T10:00:56,2000.0,2.8,S
2021-07-08T10:00:41,300.0,2.8,S
2021-07-08T10:00:29,76200.0,2.8,S
2021-07-08T09:58:57,50000.0,2.8,S
2021-07-08T09:56:15,500.0,2.8,S
2021-07-08T09:55:26,5000.0,2.8,S
2021-07-08T09:55:00,20000.0,2.8,S
2021-07-08T09:54:17,1000.0,2.8,S
2021-07-08T09:53:19,5000.0,2.8,S
2021-07-08T09:52:42,100.0,2.8,S
2021-07-08T09:51:45,1000.0,2.8,S
2021-07-08T09:51:34,100.0,2.8,S
2021-07-08T09:51:22,500.0,2.8,S
2021-07-08T09:50:52,5000.0,2.8,B
2021-07-08T09:50:52,5000.0,2.8,B
2021-07-08T09:50:51,600.0,2.8,B
2021-07-08T09:50:50,1000.0,2.8,B
2021-07-08T09:50:49,14000.0,2.8,B
2021-07-08T09:50:47,100000.0,2.8,B
2021-07-08T09:50:41,2000.0,2.8,B
2021-07-08T09:50:40,16800.0,2.8,B
2021-07-08T09:50:37,12000.0,2.8,B
2021-07-08T09:50:31,37500.0,2.8,B
2021-07-08T09:50:26,9200.0,2.8,B
2021-07-08T09:50:20,5000.0,2.8,B
2021-07-08T09:50:17,8000.0,2.8,B
2021-07-08T09:50:13,200.0,2.8,B
2021-07-08T09:50:02,700.0,2.8,B
2021-07-08T09:49:56,1700.0,2.8,B
2021-07-08T09:49:50,100000.0,2.8,B
2021-07-08T09:49:47,3000.0,2.8,B
2021-07-08T09:49:38,3000.0,2.8,B
2021-07-08T09:49:29,500.0,2.8,B
2021-07-08T09:49:22,500.0,2.8,B
2021-07-08T09:49:13,8100.0,2.8,B
2021-07-08T09:49:04,3600.0,2.8,B
2021-07-08T09:48:58,5000.0,2.8,B
2021-07-08T09:48:57,10000.0,2.8,B
2021-07-08T09:48:52,500.0,2.8,B
2021-07-08T09:48:29,800.0,2.8,B
2021-07-08T09:48:07,5000.0,2.8,B
2021-07-08T09:48:06,6500.0,2.8,B
2021-07-08T09:47:59,500.0,2.8,B
2021-07-08T09:47:49,1000.0,2.8,B
2021-07-08T09:47:36,1000.0,2.8,B
2021-07-08T09:47:34,10000.0,2.8,B
2021-07-08T09:47:08,1000.0,2.8,B
2021-07-08T09:47:07,5000.0,2.8,B
2021-07-08T09:46:28,100.0,2.8,B
2021-07-08T09:46:05,1000.0,2.8,B
2021-07-08T09:46:04,500.0,2.8,B
2021-07-08T09:45:56,14300.0,2.8,B
2021-07-08T09:45:55,1000.0,2.8,B
2021-07-08T09:45:38,1000.0,2.8,B
2021-07-08T09:45:13,23600.0,2.8,B
2021-07-08T09:44:55,8000.0,2.8,B
2021-07-08T09:44:46,100100.0,2.8,B
2021-07-08T09:44:13,100.0,2.8,B
2021-07-08T09:43:31,200.0,2.8,B
2021-07-08T09:42:40,200.0,2.8,B
2021-07-08T09:42:33,40000.0,2.8,B
2021-07-08T09:40:40,600.0,2.8,B
2021-07-08T09:40:34,3000.0,2.8,B
2021-07-08T09:40:18,1000.0,2.8,B
2021-07-08T09:39:45,3300.0,2.8,B
2021-07-08T09:39:26,100.0,2.7,S
2021-07-08T09:38:47,20000.0,2.8,B
2021-07-08T09:37:56,100.0,2.8,B
2021-07-08T09:37:44,600.0,2.8,B
2021-07-08T09:36:35,1000.0,2.8,B
2021-07-08T09:36:05,3800.0,2.8,B
2021-07-08T09:35:18,300.0,2.7,S
2021-07-08T09:34:31,10000.0,2.7,S
2021-07-08T09:34:06,3000.0,2.7,S
2021-07-08T09:33:37,800.0,2.8,B
2021-07-08T09:33:18,300.0,2.8,B
2021-07-08T09:32:27,4000.0,2.7,S
2021-07-08T09:32:00,3000.0,2.8,B
2021-07-08T09:31:32,1000.0,2.7,S
2021-07-08T09:31:25,30100.0,2.8,B
2021-07-08T09:30:54,100.0,2.8,B
2021-07-08T09:30:37,100.0,2.8,B
2021-07-08T09:29:42,200.0,2.8,B
2021-07-08T09:29:22,1000.0,2.7,S
2021-07-08T09:28:18,18900.0,2.7,S
2021-07-08T09:28:09,100.0,2.7,S
2021-07-08T09:27:59,3000.0,2.7,S
2021-07-08T09:27:24,1000.0,2.7,S
2021-07-08T09:27:16,5000.0,2.7,S
2021-07-08T09:27:15,100.0,2.8,B
2021-07-08T09:27:11,2000.0,2.8,B
2021-07-08T09:26:58,1400.0,2.8,B
2021-07-08T09:26:43,100.0,2.8,B
2021-07-08T09:26:33,1000.0,2.8,B
2021-07-08T09:26:33,1000.0,2.8,B
2021-07-08T09:26:24,5000.0,2.8,B
2021-07-08T09:26:07,200.0,2.8,B
2021-07-08T09:26:07,200.0,2.8,B
2021-07-08T09:26:05,300.0,2.8,B
2021-07-08T09:25:52,600.0,2.8,B
2021-07-08T09:25:51,4000.0,2.8,B
2021-07-08T09:25:45,5000.0,2.8,B
2021-07-08T09:25:44,5000.0,2.8,B
2021-07-08T09:25:35,2000.0,2.8,B
2021-07-08T09:25:33,100.0,2.8,B
2021-07-08T09:25:25,10000.0,2.8,B
2021-07-08T09:25:02,10000.0,2.8,B
2021-07-08T09:24:32,100.0,2.8,B
2021-07-08T09:24:10,800.0,2.8,B
2021-07-08T09:23:58,2000.0,2.8,B
2021-07-08T09:23:43,500.0,2.8,B
2021-07-08T09:23:26,1500.0,2.8,B
2021-07-08T09:23:20,2100.0,2.8,B
2021-07-08T09:23:13,200.0,2.8,B
2021-07-08T09:22:38,100.0,2.8,B
2021-07-08T09:22:35,200.0,2.8,B
2021-07-08T09:22:31,100.0,2.8,B
2021-07-08T09:22:15,100.0,2.8,B
2021-07-08T09:22:01,4000.0,2.8,B
2021-07-08T09:21:57,2000.0,2.8,B
2021-07-08T09:21:35,500.0,2.8,B
2021-07-08T09:21:28,2000.0,2.8,B
2021-07-08T09:21:21,200.0,2.8,B
2021-07-08T09:20:59,1100.0,2.8,B
2021-07-08T09:20:33,2000.0,2.8,B
2021-07-08T09:20:25,100.0,2.8,B
2021-07-08T09:20:20,100.0,2.7,S
2021-07-08T09:20:17,10000.0,2.7,S
2021-07-08T09:19:17,1000.0,2.7,S
2021-07-08T09:18:52,5500.0,2.7,S
2021-07-08T09:18:42,1300.0,2.7,B
2021-07-08T09:18:41,2000.0,2.7,B
2021-07-08T09:18:37,200.0,2.7,B
2021-07-08T09:18:34,900.0,2.7,B
2021-07-08T09:18:27,9300.0,2.7,B
2021-07-08T09:18:26,1000.0,2.7,B
2021-07-08T09:18:25,10000.0,2.7,B
2021-07-08T09:18:25,500.0,2.7,B
2021-07-08T09:18:22,500.0,2.7,B
2021-07-08T09:18:20,2700.0,2.7,B
2021-07-08T09:18:19,11900.0,2.7,B
2021-07-08T09:18:16,200.0,2.7,B
2021-07-08T09:18:12,5000.0,2.7,B
2021-07-08T09:18:10,12600.0,2.7,B
2021-07-08T09:18:07,5000.0,2.7,B
2021-07-08T09:18:03,52000.0,2.7,B
2021-07-08T09:18:01,15000.0,2.7,B
2021-07-08T09:18:00,3000.0,2.7,B
2021-07-08T09:17:55,1000.0,2.7,B
2021-07-08T09:17:52,20000.0,2.7,B
2021-07-08T09:17:49,900.0,2.7,B
2021-07-08T09:17:45,10000.0,2.7,B
2021-07-08T09:17:44,5000.0,2.7,B
2021-07-08T09:17:42,8000.0,2.7,B
2021-07-08T09:17:40,10000.0,2.7,B
2021-07-08T09:17:39,400.0,2.6,S
2021-07-08T09:17:25,700.0,2.7,B
2021-07-08T09:17:20,30000.0,2.7,B
2021-07-08T09:17:07,100.0,2.7,B
2021-07-08T09:17:05,5000.0,2.7,B
2021-07-08T09:16:59,20000.0,2.7,B
2021-07-08T09:16:57,100.0,2.7,B
2021-07-08T09:16:48,11900.0,2.7,B
2021-07-08T09:16:36,242200.0,2.7,B
2021-07-08T09:15:48,10000.0,2.7,B
2021-07-08T09:15:22,300.0,2.7,B
2021-07-08T09:15:14,1000.0,2.7,B
2021-07-08T09:15:10,5000.0,2.7,B
2021-07-08T09:15:06,2000.0,2.7,B
2021-07-08T09:13:58,2000.0,2.7,B
2021-07-08T09:13:48,5000.0,2.7,B
2021-07-08T09:13:44,19400.0,2.7,B
2021-07-08T09:13:36,10000.0,2.7,B
2021-07-08T09:13:30,5000.0,2.7,B
2021-07-08T09:12:39,6700.0,2.6,S
2021-07-08T09:12:38,5000.0,2.6,B
2021-07-08T09:12:37,15600.0,2.6,B
2021-07-08T09:12:34,50000.0,2.6,B
2021-07-08T09:12:32,1000.0,2.6,B
2021-07-08T09:12:29,10000.0,2.6,B
2021-07-08T09:12:23,8000.0,2.6,B
2021-07-08T09:12:15,5000.0,2.6,B
2021-07-08T09:12:12,5000.0,2.6,B
2021-07-08T09:12:06,5000.0,2.6,B
2021-07-08T09:12:03,1000.0,2.6,B
2021-07-08T09:11:55,10000.0,2.6,B
2021-07-08T09:11:48,800.0,2.6,B
2021-07-08T09:11:44,5000.0,2.6,B
2021-07-08T09:11:29,100.0,2.6,B
2021-07-08T09:11:27,1000.0,2.6,B
2021-07-08T09:11:22,5000.0,2.6,B
2021-07-08T09:11:10,100.0,2.6,B
2021-07-08T09:10:57,3900.0,2.6,B
2021-07-08T09:10:41,1000.0,2.6,B
2021-07-08T09:10:39,1000.0,2.6,B
2021-07-08T09:10:28,3000.0,2.6,B
2021-07-08T09:10:24,5000.0,2.6,B
2021-07-08T09:09:18,200.0,2.6,B
2021-07-08T09:09:17,1000.0,2.6,B
2021-07-08T09:08:56,1000.0,2.6,B
2021-07-08T09:08:52,400.0,2.6,B
2021-07-08T09:08:10,100.0,2.6,B
2021-07-08T09:07:50,21600.0,2.5,S
2021-07-08T09:04:23,2900.0,2.5,S
2021-07-08T09:02:42,700.0,2.5,B
2021-07-08T09:02:26,1900.0,2.5,B
2021-07-08T09:01:30,1000.0,2.5,B
2021-07-08T09:00:57,100.0,2.5,B
2021-07-08T09:00:36,300.0,2.5,B
2021-07-08T09:00:28,5000.0,2.5,B
2021-07-08T09:00:26,5000.0,2.5,B
2021-07-08T09:00:22,2000.0,2.5,B
2021-07-08T09:00:18,1500.0,2.5,B
