tradingTime,volume,price,side
2021-07-08T14:25:47,100.0,4.9,B
2021-07-08T14:24:32,400.0,4.9,B
2021-07-08T14:23:34,100.0,4.9,B
2021-07-08T14:21:19,10000.0,4.8,S
2021-07-08T14:19:14,500.0,4.9,B
2021-07-08T14:16:33,2000.0,4.8,S
2021-07-08T14:16:26,200.0,4.9,B
2021-07-08T14:11:30,100.0,4.9,B
2021-07-08T14:11:06,200.0,4.8,S
2021-07-08T14:10:24,800.0,4.8,S
2021-07-08T14:05:05,20000.0,4.8,S
2021-07-08T14:02:04,10000.0,4.9,B
2021-07-08T14:01:59,10000.0,4.8,S
2021-07-08T14:00:57,10000.0,4.8,S
2021-07-08T14:00:32,2300.0,4.8,S
2021-07-08T13:59:39,300.0,4.9,B
2021-07-08T13:59:09,500.0,4.8,S
2021-07-08T13:58:59,200.0,4.9,B
2021-07-08T13:58:34,100.0,4.9,B
2021-07-08T13:53:41,100.0,4.9,B
2021-07-08T13:52:28,300.0,4.9,B
2021-07-08T13:50:40,1000.0,4.9,B
2021-07-08T13:47:52,500.0,4.9,B
2021-07-08T13:47:22,400.0,4.9,B
2021-07-08T13:46:06,900.0,4.9,B
2021-07-08T13:42:40,1000.0,4.9,B
2021-07-08T13:42:00,100.0,4.9,B
2021-07-08T13:35:59,1500.0,4.8,S
2021-07-08T13:35:39,2200.0,4.8,S
2021-07-08T13:30:14,500.0,4.9,B
2021-07-08T13:28:49,800.0,4.9,S
2021-07-08T13:28:14,1000.0,4.9,S
2021-07-08T13:24:00,500.0,4.9,B
2021-07-08T13:23:32,500.0,4.9,B
2021-07-08T13:22:11,2000.0,4.9,B
2021-07-08T13:21:05,500.0,4.9,B
2021-07-08T13:19:47,9000.0,4.9,S
2021-07-08T13:17:26,300.0,4.9,B
2021-07-08T13:17:19,400.0,4.9,B
2021-07-08T13:16:56,100.0,4.9,B
2021-07-08T13:16:50,1000.0,4.9,B
2021-07-08T13:15:55,300.0,4.9,B
2021-07-08T13:15:03,100.0,4.9,B
2021-07-08T13:14:52,1900.0,4.9,B
2021-07-08T13:14:35,100.0,4.9,B
2021-07-08T13:12:21,8700.0,4.9,S
2021-07-08T13:11:17,10000.0,4.9,S
2021-07-08T13:10:03,12600.0,4.9,S
2021-07-08T13:09:30,200.0,4.9,S
2021-07-08T13:06:56,10000.0,4.9,S
2021-07-08T13:00:04,100.0,4.9,S
2021-07-08T13:00:03,1000.0,5.0,B
2021-07-08T11:18:45,1000.0,4.9,S
2021-07-08T11:18:35,1000.0,4.9,S
2021-07-08T11:18:26,1000.0,4.9,S
2021-07-08T11:13:09,5000.0,4.9,S
2021-07-08T11:10:46,500.0,4.9,S
2021-07-08T11:07:13,200.0,4.9,B
2021-07-08T11:07:12,100.0,4.9,S
2021-07-08T11:07:04,400.0,4.9,B
2021-07-08T11:06:51,600.0,4.9,S
2021-07-08T11:05:32,9900.0,4.9,B
2021-07-08T11:00:56,6100.0,4.9,B
2021-07-08T11:00:19,1200.0,4.9,B
2021-07-08T10:59:20,500.0,4.9,B
2021-07-08T10:59:05,100.0,4.9,B
2021-07-08T10:51:26,1600.0,4.9,B
2021-07-08T10:48:54,500.0,4.9,B
2021-07-08T10:47:58,1900.0,4.9,B
2021-07-08T10:46:13,800.0,4.9,B
2021-07-08T10:41:07,2000.0,4.9,B
2021-07-08T10:38:42,9900.0,4.9,S
2021-07-08T10:37:20,6000.0,4.9,S
2021-07-08T10:37:00,500.0,5.0,B
2021-07-08T10:36:36,20000.0,4.9,S
2021-07-08T10:35:49,1000.0,4.9,S
2021-07-08T10:31:17,1000.0,4.9,S
2021-07-08T10:28:36,10000.0,4.9,S
2021-07-08T10:27:24,300.0,4.9,S
2021-07-08T10:26:02,1300.0,4.9,S
2021-07-08T10:23:18,600.0,4.9,S
2021-07-08T10:23:15,1000.0,4.9,S
2021-07-08T10:22:04,5000.0,4.9,S
2021-07-08T10:21:21,5000.0,4.9,S
2021-07-08T10:20:03,100.0,5.0,B
2021-07-08T10:17:15,1000.0,5.0,B
2021-07-08T10:14:00,600.0,4.9,S
2021-07-08T10:13:38,9000.0,4.9,S
2021-07-08T10:12:20,30000.0,4.9,S
2021-07-08T10:12:09,10000.0,4.9,S
2021-07-08T10:10:19,400.0,4.9,S
2021-07-08T10:05:08,100.0,5.0,B
2021-07-08T10:04:50,500.0,5.0,B
2021-07-08T10:02:42,1000.0,5.0,B
2021-07-08T10:02:05,1000.0,5.0,B
2021-07-08T10:01:36,5000.0,5.0,B
2021-07-08T10:01:06,800.0,5.0,B
2021-07-08T10:00:47,200.0,5.0,B
2021-07-08T10:00:13,1000.0,5.0,B
2021-07-08T09:59:34,3000.0,5.0,B
2021-07-08T09:58:58,2000.0,5.0,B
2021-07-08T09:58:24,10000.0,5.0,B
2021-07-08T09:58:20,1000.0,5.0,B
2021-07-08T09:58:18,2000.0,5.0,B
2021-07-08T09:58:17,100.0,5.0,B
2021-07-08T09:58:06,2000.0,5.0,B
2021-07-08T09:57:16,15000.0,5.0,B
2021-07-08T09:56:43,4000.0,5.0,B
2021-07-08T09:56:39,1000.0,5.0,B
2021-07-08T09:56:09,10000.0,5.0,B
2021-07-08T09:56:06,23400.0,5.0,B
2021-07-08T09:55:27,10000.0,5.0,B
2021-07-08T09:54:49,2000.0,5.0,B
2021-07-08T09:54:39,2000.0,5.0,B
2021-07-08T09:54:07,2000.0,5.0,B
2021-07-08T09:53:18,1000.0,5.0,B
2021-07-08T09:49:33,100.0,5.0,B
2021-07-08T09:46:28,100.0,5.0,B
2021-07-08T09:46:16,1000.0,5.0,B
2021-07-08T09:46:05,500.0,5.0,B
2021-07-08T09:46:02,1000.0,5.0,B
2021-07-08T09:45:48,6000.0,5.0,B
2021-07-08T09:45:24,1000.0,5.0,B
2021-07-08T09:45:16,400.0,5.0,B
2021-07-08T09:44:34,100.0,5.0,B
2021-07-08T09:44:04,4100.0,4.9,S
2021-07-08T09:40:29,300.0,4.9,S
2021-07-08T09:37:07,1000.0,4.9,S
2021-07-08T09:35:23,400.0,4.9,S
2021-07-08T09:35:00,100.0,5.0,B
2021-07-08T09:33:47,1000.0,5.0,B
2021-07-08T09:33:21,300.0,5.0,B
2021-07-08T09:31:53,200.0,5.0,B
2021-07-08T09:31:18,1000.0,5.0,B
2021-07-08T09:30:47,300.0,5.0,B
2021-07-08T09:30:31,200.0,5.0,B
2021-07-08T09:29:51,2000.0,5.0,B
2021-07-08T09:29:43,500.0,4.9,S
2021-07-08T09:29:07,1000.0,4.9,S
2021-07-08T09:29:04,800.0,5.0,B
2021-07-08T09:28:46,500.0,5.0,B
2021-07-08T09:28:40,300.0,5.0,B
2021-07-08T09:28:35,100.0,5.0,B
2021-07-08T09:27:39,500.0,4.9,S
2021-07-08T09:27:37,100.0,4.9,B
2021-07-08T09:27:15,3300.0,4.9,S
2021-07-08T09:27:00,16700.0,4.9,B
2021-07-08T09:26:44,200.0,4.9,B
2021-07-08T09:26:13,100.0,4.9,B
2021-07-08T09:24:17,800.0,4.8,S
2021-07-08T09:22:43,4000.0,4.8,S
2021-07-08T09:22:29,100.0,4.8,S
2021-07-08T09:22:11,1000.0,4.8,S
2021-07-08T09:19:33,1700.0,4.8,S
2021-07-08T09:17:14,700.0,4.9,B
2021-07-08T09:17:03,200.0,4.9,B
2021-07-08T09:16:01,23900.0,4.9,B
2021-07-08T09:15:12,100.0,4.9,B
2021-07-08T09:14:42,2000.0,4.9,B
2021-07-08T09:14:22,2000.0,4.9,B
2021-07-08T09:12:49,100.0,4.9,B
2021-07-08T09:12:12,100.0,4.9,B
2021-07-08T09:11:50,3900.0,4.9,B
2021-07-08T09:11:07,100.0,4.9,B
2021-07-08T09:10:04,400.0,4.9,B
2021-07-08T09:09:40,15000.0,4.9,B
2021-07-08T09:07:17,2000.0,4.9,B
2021-07-08T09:06:01,800.0,4.9,B
2021-07-08T09:05:02,2000.0,4.9,B
2021-07-08T09:04:17,2000.0,4.9,B
2021-07-08T09:02:14,200.0,4.9,B
2021-07-08T09:02:01,300.0,4.9,B
2021-07-08T09:00:32,1000.0,4.9,B
2021-07-08T09:00:24,1000.0,4.8,S
2021-07-08T09:00:18,1000.0,4.8,B
2021-07-08T09:00:08,4000.0,4.8,B
