tradingTime,volume,price,side
2021-06-18T14:30:31,1000.0,13.55,B
2021-06-18T14:27:29,100.0,13.5,S
2021-06-18T14:27:26,6500.0,13.5,S
2021-06-18T14:27:22,100.0,13.5,S
2021-06-18T14:27:20,1500.0,13.5,S
2021-06-18T14:27:16,20000.0,13.5,S
2021-06-18T14:26:30,800.0,13.5,S
2021-06-18T14:22:44,100.0,13.55,B
2021-06-18T14:22:31,400.0,13.55,B
2021-06-18T14:22:29,7000.0,13.5,S
2021-06-18T14:20:28,1000.0,13.55,B
2021-06-18T14:20:24,1000.0,13.5,S
2021-06-18T14:20:11,400.0,13.5,S
2021-06-18T14:20:09,2000.0,13.55,B
2021-06-18T14:17:44,500.0,13.55,B
2021-06-18T14:17:11,100.0,13.55,B
2021-06-18T14:15:24,100.0,13.55,B
2021-06-18T14:15:09,1000.0,13.55,B
2021-06-18T14:14:44,100.0,13.55,B
2021-06-18T14:14:41,300.0,13.55,B
2021-06-18T14:14:26,200.0,13.55,B
2021-06-18T14:13:50,10500.0,13.55,B
2021-06-18T14:13:25,100.0,13.55,B
2021-06-18T14:13:21,3000.0,13.5,S
2021-06-18T14:13:10,200.0,13.5,S
2021-06-18T14:13:06,2000.0,13.5,S
2021-06-18T14:12:39,700.0,13.5,S
2021-06-18T14:12:10,1200.0,13.5,S
2021-06-18T14:12:10,3200.0,13.5,S
2021-06-18T14:12:10,2600.0,13.5,S
2021-06-18T14:12:10,100.0,13.5,S
2021-06-18T14:12:10,1700.0,13.5,S
2021-06-18T14:12:10,2300.0,13.5,S
2021-06-18T14:12:08,1200.0,13.5,S
2021-06-18T14:11:54,1100.0,13.5,S
2021-06-18T14:11:36,100.0,13.5,S
2021-06-18T14:11:36,2700.0,13.5,S
2021-06-18T14:11:19,3000.0,13.5,S
2021-06-18T14:11:16,100.0,13.5,S
2021-06-18T14:11:15,1000.0,13.5,S
2021-06-18T14:11:09,1000.0,13.5,S
2021-06-18T14:10:59,11600.0,13.5,S
2021-06-18T14:10:40,3000.0,13.5,S
2021-06-18T14:10:32,900.0,13.5,S
2021-06-18T14:10:32,100.0,13.5,S
2021-06-18T14:09:52,100.0,13.5,S
2021-06-18T14:09:25,15000.0,13.55,B
2021-06-18T14:08:51,500.0,13.5,S
2021-06-18T14:07:52,600.0,13.55,B
2021-06-18T14:07:52,3400.0,13.55,B
2021-06-18T14:04:39,200.0,13.55,B
2021-06-18T14:03:35,900.0,13.55,B
2021-06-18T14:02:49,700.0,13.55,B
2021-06-18T14:02:19,1000.0,13.55,S
2021-06-18T14:01:39,500.0,13.55,S
2021-06-18T14:01:26,1500.0,13.55,S
2021-06-18T14:01:16,5200.0,13.55,S
2021-06-18T14:01:15,3000.0,13.55,S
2021-06-18T14:01:15,1300.0,13.55,S
2021-06-18T14:01:15,400.0,13.55,S
2021-06-18T14:01:15,900.0,13.55,S
2021-06-18T14:01:15,1000.0,13.55,S
2021-06-18T14:01:14,5000.0,13.6,B
2021-06-18T14:01:01,200.0,13.55,S
2021-06-18T14:00:39,500.0,13.6,B
2021-06-18T13:59:43,500.0,13.55,S
2021-06-18T13:59:12,600.0,13.55,S
2021-06-18T13:59:09,2000.0,13.55,S
2021-06-18T13:59:04,200.0,13.55,S
2021-06-18T13:59:03,300.0,13.55,S
2021-06-18T13:58:24,300.0,13.6,B
2021-06-18T13:58:22,800.0,13.55,S
2021-06-18T13:58:22,7800.0,13.55,S
2021-06-18T13:58:13,200.0,13.55,S
2021-06-18T13:58:13,600.0,13.55,S
2021-06-18T13:58:13,600.0,13.55,S
2021-06-18T13:57:50,1200.0,13.55,S
2021-06-18T13:57:36,5000.0,13.55,S
2021-06-18T13:57:19,500.0,13.55,S
2021-06-18T13:57:18,700.0,13.55,S
2021-06-18T13:56:38,500.0,13.55,S
2021-06-18T13:56:31,2000.0,13.55,S
2021-06-18T13:55:55,100.0,13.55,S
2021-06-18T13:55:47,100.0,13.6,B
2021-06-18T13:55:22,1600.0,13.55,S
2021-06-18T13:54:46,200.0,13.55,S
2021-06-18T13:53:42,1000.0,13.6,B
2021-06-18T13:53:30,100.0,13.6,B
2021-06-18T13:53:19,1200.0,13.55,S
2021-06-18T13:53:19,1100.0,13.55,S
2021-06-18T13:53:19,2200.0,13.55,S
2021-06-18T13:52:09,500.0,13.6,B
2021-06-18T13:51:39,5000.0,13.6,B
2021-06-18T13:51:37,100.0,13.6,B
2021-06-18T13:51:05,700.0,13.6,B
2021-06-18T13:49:27,500.0,13.6,B
2021-06-18T13:49:12,100.0,13.6,B
2021-06-18T13:49:07,100.0,13.6,B
2021-06-18T13:48:47,1000.0,13.6,B
2021-06-18T13:48:27,500.0,13.6,B
2021-06-18T13:47:37,2000.0,13.6,S
2021-06-18T13:47:15,100.0,13.65,B
2021-06-18T13:47:15,4200.0,13.65,B
2021-06-18T13:47:15,1000.0,13.65,B
2021-06-18T13:47:15,16700.0,13.65,B
2021-06-18T13:47:07,2300.0,13.6,S
2021-06-18T13:47:07,5300.0,13.6,S
2021-06-18T13:47:04,600.0,13.6,S
2021-06-18T13:46:55,7800.0,13.6,S
2021-06-18T13:46:45,1100.0,13.6,S
2021-06-18T13:46:27,100.0,13.6,S
2021-06-18T13:46:13,1000.0,13.6,S
2021-06-18T13:45:36,600.0,13.6,S
2021-06-18T13:45:35,100.0,13.6,S
2021-06-18T13:45:35,2300.0,13.6,S
2021-06-18T13:45:27,100.0,13.6,S
2021-06-18T13:45:26,900.0,13.65,B
2021-06-18T13:44:54,200.0,13.6,S
2021-06-18T13:42:18,100.0,13.65,B
2021-06-18T13:41:51,200.0,13.65,B
2021-06-18T13:41:47,1000.0,13.6,S
2021-06-18T13:41:42,500.0,13.6,S
2021-06-18T13:41:34,1000.0,13.65,B
2021-06-18T13:41:12,700.0,13.6,S
2021-06-18T13:41:06,800.0,13.6,S
2021-06-18T13:40:56,5000.0,13.6,S
2021-06-18T13:40:55,1000.0,13.65,B
2021-06-18T13:40:33,1000.0,13.6,S
2021-06-18T13:40:04,100.0,13.6,S
2021-06-18T13:37:52,5500.0,13.65,B
2021-06-18T13:37:37,500.0,13.6,S
2021-06-18T13:37:27,2300.0,13.6,S
2021-06-18T13:35:46,500.0,13.6,S
2021-06-18T13:35:39,100.0,13.6,S
2021-06-18T13:35:32,5400.0,13.6,S
2021-06-18T13:35:16,500.0,13.6,S
2021-06-18T13:35:06,1000.0,13.65,B
2021-06-18T13:35:01,2000.0,13.6,S
2021-06-18T13:34:02,1000.0,13.6,S
2021-06-18T13:33:58,2000.0,13.6,S
2021-06-18T13:33:54,1000.0,13.6,S
2021-06-18T13:33:22,1500.0,13.6,S
2021-06-18T13:33:06,200.0,13.6,S
2021-06-18T13:32:36,100.0,13.6,S
2021-06-18T13:32:25,600.0,13.6,S
2021-06-18T13:31:58,100.0,13.6,S
2021-06-18T13:31:31,3700.0,13.65,B
2021-06-18T13:31:31,300.0,13.65,B
2021-06-18T13:31:27,100.0,13.6,S
2021-06-18T13:31:20,400.0,13.6,S
2021-06-18T13:30:31,600.0,13.6,S
2021-06-18T13:30:20,1800.0,13.65,B
2021-06-18T13:29:57,8000.0,13.6,S
2021-06-18T13:29:42,6000.0,13.65,B
2021-06-18T13:28:59,2200.0,13.6,S
2021-06-18T13:28:37,1000.0,13.6,S
2021-06-18T13:28:10,500.0,13.65,B
2021-06-18T13:27:49,2000.0,13.65,B
2021-06-18T13:27:29,100.0,13.65,B
2021-06-18T13:26:57,3000.0,13.65,B
2021-06-18T13:26:49,400.0,13.65,B
2021-06-18T13:26:22,700.0,13.65,B
2021-06-18T13:26:09,2200.0,13.6,S
2021-06-18T13:26:04,6000.0,13.65,B
2021-06-18T13:25:49,1000.0,13.6,S
2021-06-18T13:25:10,600.0,13.65,B
2021-06-18T13:24:33,500.0,13.65,B
2021-06-18T13:24:07,1500.0,13.65,B
2021-06-18T13:23:53,400.0,13.6,S
2021-06-18T13:23:16,200.0,13.65,B
2021-06-18T13:23:12,300.0,13.6,S
2021-06-18T13:23:12,500.0,13.6,S
2021-06-18T13:22:38,6000.0,13.65,B
2021-06-18T13:22:17,100.0,13.6,S
2021-06-18T13:21:56,6000.0,13.65,B
2021-06-18T13:21:24,300.0,13.6,S
2021-06-18T13:21:14,100.0,13.6,S
2021-06-18T13:21:06,1000.0,13.6,S
2021-06-18T13:21:03,1000.0,13.65,B
2021-06-18T13:20:58,1000.0,13.6,S
2021-06-18T13:20:25,6500.0,13.6,S
2021-06-18T13:20:20,400.0,13.6,S
2021-06-18T13:20:14,1200.0,13.6,S
2021-06-18T13:20:03,2500.0,13.6,S
2021-06-18T13:20:03,500.0,13.6,S
2021-06-18T13:20:03,3800.0,13.6,S
2021-06-18T13:20:03,3200.0,13.6,S
2021-06-18T13:19:45,1000.0,13.6,S
2021-06-18T13:19:32,1000.0,13.6,S
2021-06-18T13:19:15,200.0,13.6,S
2021-06-18T13:19:09,200.0,13.65,B
2021-06-18T13:18:36,1500.0,13.6,S
2021-06-18T13:18:25,1100.0,13.6,S
2021-06-18T13:18:12,300.0,13.6,S
2021-06-18T13:18:11,200.0,13.6,S
2021-06-18T13:18:09,500.0,13.6,S
2021-06-18T13:18:03,200.0,13.6,S
2021-06-18T13:17:53,1000.0,13.6,S
2021-06-18T13:17:45,1000.0,13.6,S
2021-06-18T13:15:57,600.0,13.6,S
2021-06-18T13:15:57,1000.0,13.6,S
2021-06-18T13:15:56,5500.0,13.6,S
2021-06-18T13:14:56,2900.0,13.6,S
2021-06-18T13:13:29,500.0,13.6,S
2021-06-18T13:12:56,200.0,13.6,S
2021-06-18T13:12:51,10000.0,13.6,S
2021-06-18T13:12:40,2600.0,13.6,B
2021-06-18T13:12:32,500.0,13.6,B
2021-06-18T13:12:32,1100.0,13.6,B
2021-06-18T13:12:28,2000.0,13.6,B
2021-06-18T13:12:28,800.0,13.6,B
2021-06-18T13:12:20,8600.0,13.6,B
2021-06-18T13:12:20,1400.0,13.6,B
2021-06-18T13:12:16,2000.0,13.6,B
2021-06-18T13:11:52,500.0,13.6,B
2021-06-18T13:11:33,500.0,13.6,B
2021-06-18T13:11:31,5000.0,13.6,B
2021-06-18T13:10:52,100.0,13.6,B
2021-06-18T13:10:48,200.0,13.6,B
2021-06-18T13:10:39,100.0,13.6,B
2021-06-18T13:10:32,200.0,13.6,B
2021-06-18T13:10:31,100.0,13.6,B
2021-06-18T13:10:25,100.0,13.6,B
2021-06-18T13:10:06,2300.0,13.6,B
2021-06-18T13:09:45,4300.0,13.6,B
2021-06-18T13:09:45,1000.0,13.6,B
2021-06-18T13:09:44,4700.0,13.6,B
2021-06-18T13:09:39,200.0,13.6,B
2021-06-18T13:09:25,100.0,13.6,B
2021-06-18T13:09:24,800.0,13.6,B
2021-06-18T13:09:15,3400.0,13.6,B
2021-06-18T13:08:47,500.0,13.6,B
2021-06-18T13:07:58,1400.0,13.55,S
2021-06-18T13:07:28,1000.0,13.55,S
2021-06-18T13:07:03,100.0,13.55,S
2021-06-18T13:06:31,900.0,13.55,B
2021-06-18T13:06:25,400.0,13.55,B
2021-06-18T13:06:19,1100.0,13.55,B
2021-06-18T13:06:14,1200.0,13.55,B
2021-06-18T13:06:04,1400.0,13.55,B
2021-06-18T13:05:53,600.0,13.55,B
2021-06-18T13:05:53,900.0,13.55,B
2021-06-18T13:05:45,2600.0,13.55,B
2021-06-18T13:05:30,3700.0,13.55,B
2021-06-18T13:05:20,3400.0,13.55,B
2021-06-18T13:05:11,300.0,13.55,B
2021-06-18T13:04:53,100.0,13.6,B
2021-06-18T13:04:32,2600.0,13.55,B
2021-06-18T13:04:30,17900.0,13.55,B
2021-06-18T13:04:26,100.0,13.55,B
2021-06-18T13:04:26,2000.0,13.55,B
2021-06-18T13:04:22,700.0,13.55,B
2021-06-18T13:04:13,1500.0,13.55,B
2021-06-18T13:04:10,100.0,13.55,B
2021-06-18T13:04:09,100.0,13.55,B
2021-06-18T13:04:07,200.0,13.55,B
2021-06-18T13:04:03,1000.0,13.55,B
2021-06-18T13:03:52,300.0,13.55,B
2021-06-18T13:02:54,600.0,13.55,B
2021-06-18T13:02:39,800.0,13.55,B
2021-06-18T13:02:22,1000.0,13.5,S
2021-06-18T13:01:40,1000.0,13.5,S
2021-06-18T13:00:39,300.0,13.5,S
2021-06-18T13:00:38,200.0,13.55,B
2021-06-18T13:00:36,100.0,13.55,B
2021-06-18T13:00:36,200.0,13.55,B
2021-06-18T13:00:34,100.0,13.5,S
2021-06-18T13:00:34,3000.0,13.55,B
2021-06-18T13:00:33,200.0,13.55,B
2021-06-18T13:00:29,400.0,13.55,B
2021-06-18T13:00:27,100.0,13.55,B
2021-06-18T13:00:27,1000.0,13.55,B
2021-06-18T13:00:27,500.0,13.55,B
2021-06-18T11:29:49,14500.0,13.55,S
2021-06-18T11:29:09,100.0,13.55,S
2021-06-18T11:29:04,2500.0,13.55,S
2021-06-18T11:27:05,1300.0,13.55,S
2021-06-18T11:27:05,3600.0,13.55,S
2021-06-18T11:25:49,4000.0,13.55,S
2021-06-18T11:24:35,4000.0,13.55,S
2021-06-18T11:23:05,300.0,13.55,S
2021-06-18T11:22:48,11400.0,13.5,S
2021-06-18T11:22:48,100.0,13.5,S
2021-06-18T11:22:47,200.0,13.5,S
2021-06-18T11:22:47,5000.0,13.5,S
2021-06-18T11:22:47,13300.0,13.5,S
2021-06-18T11:22:07,1000.0,13.6,B
2021-06-18T11:20:40,100.0,13.55,S
2021-06-18T11:20:38,2100.0,13.55,S
2021-06-18T11:20:33,2000.0,13.55,S
2021-06-18T11:20:29,2800.0,13.55,B
2021-06-18T11:20:28,300.0,13.55,B
2021-06-18T11:20:18,200.0,13.55,B
2021-06-18T11:20:16,7000.0,13.55,B
2021-06-18T11:20:16,2800.0,13.55,B
2021-06-18T11:19:43,1000.0,13.5,S
2021-06-18T11:19:27,500.0,13.55,B
2021-06-18T11:19:21,1300.0,13.5,S
2021-06-18T11:19:11,500.0,13.55,B
2021-06-18T11:18:22,100.0,13.55,B
2021-06-18T11:17:41,1000.0,13.55,B
2021-06-18T11:17:22,500.0,13.55,B
2021-06-18T11:16:56,3500.0,13.55,S
2021-06-18T11:16:55,1100.0,13.55,S
2021-06-18T11:16:26,1900.0,13.55,S
2021-06-18T11:16:03,100.0,13.55,B
2021-06-18T11:15:50,100.0,13.55,B
2021-06-18T11:15:41,700.0,13.55,B
2021-06-18T11:15:29,5000.0,13.55,B
2021-06-18T11:15:18,100.0,13.55,B
2021-06-18T11:15:04,3800.0,13.55,B
2021-06-18T11:15:02,100.0,13.55,B
2021-06-18T11:14:37,1000.0,13.55,B
2021-06-18T11:14:31,1000.0,13.55,B
2021-06-18T11:14:18,200.0,13.55,B
2021-06-18T11:14:17,100.0,13.55,B
2021-06-18T11:13:57,300.0,13.55,B
2021-06-18T11:13:45,400.0,13.55,S
2021-06-18T11:13:38,1600.0,13.55,B
2021-06-18T11:13:19,100.0,13.55,S
2021-06-18T11:13:13,600.0,13.55,B
2021-06-18T11:13:09,100.0,13.55,S
2021-06-18T11:12:53,200.0,13.55,S
2021-06-18T11:12:46,2700.0,13.55,B
2021-06-18T11:12:37,1000.0,13.55,B
2021-06-18T11:12:16,100.0,13.5,S
2021-06-18T11:10:47,200.0,13.55,B
2021-06-18T11:10:43,200.0,13.55,B
2021-06-18T11:10:43,100.0,13.55,B
2021-06-18T11:10:38,500.0,13.55,B
2021-06-18T11:10:25,100.0,13.55,B
2021-06-18T11:09:33,100.0,13.55,B
2021-06-18T11:09:07,200.0,13.55,B
2021-06-18T11:08:53,1700.0,13.5,S
2021-06-18T11:08:53,4500.0,13.5,S
2021-06-18T11:08:53,1000.0,13.5,S
2021-06-18T11:08:53,1600.0,13.5,S
2021-06-18T11:08:40,2000.0,13.55,B
2021-06-18T11:08:21,2000.0,13.55,B
2021-06-18T11:08:00,100.0,13.55,B
2021-06-18T11:07:12,13300.0,13.55,S
2021-06-18T11:07:10,700.0,13.55,S
2021-06-18T11:07:05,14700.0,13.55,S
2021-06-18T11:06:26,500.0,13.55,S
2021-06-18T11:06:24,500.0,13.6,B
2021-06-18T11:05:53,1000.0,13.6,B
2021-06-18T11:05:12,1000.0,13.55,S
2021-06-18T11:05:06,2000.0,13.55,S
2021-06-18T11:04:58,1400.0,13.55,S
2021-06-18T11:04:55,200.0,13.6,B
2021-06-18T11:04:33,100.0,13.6,B
2021-06-18T11:04:07,800.0,13.55,S
2021-06-18T11:03:19,100.0,13.6,B
2021-06-18T11:02:52,800.0,13.55,S
2021-06-18T11:02:26,200.0,13.55,S
2021-06-18T11:02:04,400.0,13.55,S
2021-06-18T11:01:44,1000.0,13.55,S
2021-06-18T11:01:27,1300.0,13.55,S
2021-06-18T11:01:27,3700.0,13.55,S
2021-06-18T11:01:17,300.0,13.6,B
2021-06-18T11:00:54,100.0,13.55,S
2021-06-18T11:00:02,1100.0,13.55,S
2021-06-18T10:59:41,3500.0,13.55,S
2021-06-18T10:59:13,2000.0,13.55,S
2021-06-18T10:58:48,6000.0,13.55,S
2021-06-18T10:58:39,2000.0,13.55,S
2021-06-18T10:58:09,5000.0,13.55,S
2021-06-18T10:57:33,800.0,13.55,S
2021-06-18T10:57:22,500.0,13.6,B
2021-06-18T10:56:24,2900.0,13.55,S
2021-06-18T10:56:24,2100.0,13.55,S
2021-06-18T10:56:20,1000.0,13.6,B
2021-06-18T10:56:17,1000.0,13.6,B
2021-06-18T10:56:09,100.0,13.55,S
2021-06-18T10:56:09,1600.0,13.55,S
2021-06-18T10:56:09,200.0,13.55,S
2021-06-18T10:56:09,2000.0,13.55,S
2021-06-18T10:56:09,100.0,13.55,S
2021-06-18T10:56:08,1000.0,13.55,S
2021-06-18T10:55:18,200.0,13.6,B
2021-06-18T10:53:56,4000.0,13.6,S
2021-06-18T10:53:10,400.0,13.6,S
2021-06-18T10:53:10,3200.0,13.6,S
2021-06-18T10:53:10,100.0,13.6,S
2021-06-18T10:53:10,1600.0,13.6,S
2021-06-18T10:53:10,1600.0,13.6,S
2021-06-18T10:52:51,20000.0,13.6,S
2021-06-18T10:52:44,900.0,13.6,S
2021-06-18T10:52:44,3100.0,13.6,S
2021-06-18T10:52:39,200.0,13.6,S
2021-06-18T10:52:25,1000.0,13.6,S
2021-06-18T10:52:19,5500.0,13.6,S
2021-06-18T10:52:05,600.0,13.65,B
2021-06-18T10:52:01,200.0,13.6,S
2021-06-18T10:51:57,8500.0,13.65,B
2021-06-18T10:51:54,300.0,13.6,S
2021-06-18T10:51:23,1500.0,13.6,S
2021-06-18T10:51:21,3000.0,13.6,S
2021-06-18T10:51:11,5000.0,13.6,S
2021-06-18T10:50:45,2000.0,13.6,S
2021-06-18T10:50:22,2000.0,13.6,S
2021-06-18T10:50:02,1000.0,13.65,B
2021-06-18T10:49:38,200.0,13.65,B
2021-06-18T10:48:45,600.0,13.65,B
2021-06-18T10:48:41,10000.0,13.6,S
2021-06-18T10:48:25,100.0,13.65,B
2021-06-18T10:48:16,100.0,13.6,S
2021-06-18T10:48:03,100.0,13.65,B
2021-06-18T10:47:08,1500.0,13.6,S
2021-06-18T10:46:55,800.0,13.6,S
2021-06-18T10:46:46,1000.0,13.65,B
2021-06-18T10:46:32,2500.0,13.6,S
2021-06-18T10:46:11,100.0,13.65,S
2021-06-18T10:45:38,1100.0,13.7,B
2021-06-18T10:45:38,800.0,13.65,S
2021-06-18T10:45:30,300.0,13.65,S
2021-06-18T10:45:02,1000.0,13.65,S
2021-06-18T10:44:43,2600.0,13.7,B
2021-06-18T10:44:43,2400.0,13.7,B
2021-06-18T10:44:36,3700.0,13.65,S
2021-06-18T10:44:36,200.0,13.65,S
2021-06-18T10:44:20,300.0,13.65,S
2021-06-18T10:43:52,15800.0,13.65,S
2021-06-18T10:43:16,1000.0,13.7,B
2021-06-18T10:43:06,1000.0,13.7,B
2021-06-18T10:42:37,200.0,13.65,S
2021-06-18T10:42:35,1000.0,13.7,B
2021-06-18T10:40:39,2000.0,13.65,S
2021-06-18T10:40:16,600.0,13.7,B
2021-06-18T10:39:07,1000.0,13.65,S
2021-06-18T10:39:01,11900.0,13.7,B
2021-06-18T10:39:01,3100.0,13.7,B
2021-06-18T10:38:45,2100.0,13.7,B
2021-06-18T10:38:45,6700.0,13.7,B
2021-06-18T10:38:45,800.0,13.7,B
2021-06-18T10:38:45,12300.0,13.7,B
2021-06-18T10:38:33,2100.0,13.7,B
2021-06-18T10:38:33,1000.0,13.7,B
2021-06-18T10:38:13,400.0,13.7,B
2021-06-18T10:37:56,200.0,13.65,S
2021-06-18T10:37:41,200.0,13.65,S
2021-06-18T10:37:14,5000.0,13.65,S
2021-06-18T10:37:04,100.0,13.65,S
2021-06-18T10:36:57,1000.0,13.65,S
2021-06-18T10:36:51,5000.0,13.7,B
2021-06-18T10:36:45,800.0,13.65,S
2021-06-18T10:36:20,300.0,13.65,S
2021-06-18T10:36:11,5800.0,13.65,S
2021-06-18T10:35:57,5200.0,13.65,B
2021-06-18T10:35:51,500.0,13.65,B
2021-06-18T10:35:51,8400.0,13.65,B
2021-06-18T10:35:51,3500.0,13.65,B
2021-06-18T10:35:51,1000.0,13.65,B
2021-06-18T10:35:51,40500.0,13.65,B
2021-06-18T10:35:51,100.0,13.6,S
2021-06-18T10:35:18,5000.0,13.6,S
2021-06-18T10:35:07,900.0,13.6,S
2021-06-18T10:34:49,3000.0,13.6,S
2021-06-18T10:34:48,1100.0,13.65,B
2021-06-18T10:34:46,1000.0,13.65,B
2021-06-18T10:34:26,15000.0,13.6,S
2021-06-18T10:34:11,100.0,13.6,S
2021-06-18T10:34:06,100.0,13.65,B
2021-06-18T10:34:01,300.0,13.6,S
2021-06-18T10:32:53,900.0,13.6,S
2021-06-18T10:32:48,3500.0,13.6,S
2021-06-18T10:32:19,4700.0,13.6,S
2021-06-18T10:32:03,1500.0,13.6,S
2021-06-18T10:31:39,100.0,13.6,S
2021-06-18T10:31:35,200.0,13.6,S
2021-06-18T10:30:39,1100.0,13.65,B
2021-06-18T10:30:19,10000.0,13.6,S
2021-06-18T10:29:50,500.0,13.6,S
2021-06-18T10:29:21,100.0,13.65,B
2021-06-18T10:29:16,4000.0,13.6,S
2021-06-18T10:29:11,100.0,13.6,S
2021-06-18T10:28:31,300.0,13.6,S
2021-06-18T10:28:31,1400.0,13.6,S
2021-06-18T10:28:30,18300.0,13.6,S
2021-06-18T10:28:07,300.0,13.65,B
2021-06-18T10:28:01,500.0,13.65,B
2021-06-18T10:27:01,500.0,13.65,S
2021-06-18T10:26:55,900.0,13.65,S
2021-06-18T10:26:55,600.0,13.65,S
2021-06-18T10:26:55,3000.0,13.65,S
2021-06-18T10:26:55,3800.0,13.65,S
2021-06-18T10:26:55,4000.0,13.65,S
2021-06-18T10:26:55,3900.0,13.65,S
2021-06-18T10:26:55,100.0,13.65,S
2021-06-18T10:26:55,30600.0,13.65,S
2021-06-18T10:26:45,500.0,13.65,S
2021-06-18T10:26:39,400.0,13.65,S
2021-06-18T10:26:01,1400.0,13.65,S
2021-06-18T10:25:57,200.0,13.65,S
2021-06-18T10:25:33,1000.0,13.65,S
2021-06-18T10:25:26,1000.0,13.65,S
2021-06-18T10:25:23,200.0,13.7,B
2021-06-18T10:25:11,1000.0,13.65,S
2021-06-18T10:24:52,5000.0,13.65,S
2021-06-18T10:24:44,1000.0,13.7,B
2021-06-18T10:24:25,200.0,13.65,S
2021-06-18T10:24:20,3200.0,13.65,S
2021-06-18T10:24:16,1500.0,13.65,S
2021-06-18T10:22:56,1000.0,13.65,S
2021-06-18T10:22:48,20000.0,13.7,B
2021-06-18T10:22:39,500.0,13.7,B
2021-06-18T10:22:18,3600.0,13.7,B
2021-06-18T10:22:03,1100.0,13.65,S
2021-06-18T10:20:57,5600.0,13.7,S
2021-06-18T10:20:41,1400.0,13.75,B
2021-06-18T10:20:41,700.0,13.75,B
2021-06-18T10:20:15,10000.0,13.7,S
2021-06-18T10:19:50,1000.0,13.7,S
2021-06-18T10:19:20,200.0,13.7,S
2021-06-18T10:19:14,1000.0,13.7,S
2021-06-18T10:19:07,100.0,13.7,S
2021-06-18T10:19:05,2300.0,13.7,S
2021-06-18T10:19:00,200.0,13.7,S
2021-06-18T10:18:50,2600.0,13.7,S
2021-06-18T10:18:24,4000.0,13.7,S
2021-06-18T10:18:23,20000.0,13.7,S
2021-06-18T10:18:22,200.0,13.7,S
2021-06-18T10:18:22,2200.0,13.7,S
2021-06-18T10:18:04,500.0,13.7,S
2021-06-18T10:18:03,300.0,13.7,S
2021-06-18T10:17:49,1000.0,13.7,S
2021-06-18T10:17:30,2300.0,13.7,S
2021-06-18T10:17:19,2300.0,13.75,B
2021-06-18T10:17:19,2000.0,13.75,B
2021-06-18T10:17:18,500.0,13.7,S
2021-06-18T10:17:09,6000.0,13.7,S
2021-06-18T10:17:04,10000.0,13.7,S
2021-06-18T10:17:01,500.0,13.7,S
2021-06-18T10:16:56,500.0,13.7,S
2021-06-18T10:16:54,300.0,13.7,S
2021-06-18T10:16:43,200.0,13.7,S
2021-06-18T10:16:34,1000.0,13.7,S
2021-06-18T10:16:32,10000.0,13.7,S
2021-06-18T10:16:31,500.0,13.7,S
2021-06-18T10:16:16,4000.0,13.7,S
2021-06-18T10:16:11,400.0,13.7,S
2021-06-18T10:15:59,1000.0,13.7,S
2021-06-18T10:15:48,3000.0,13.75,B
2021-06-18T10:15:38,200.0,13.7,S
2021-06-18T10:15:28,4000.0,13.7,S
2021-06-18T10:15:14,700.0,13.7,S
2021-06-18T10:14:39,1000.0,13.75,B
2021-06-18T10:14:32,3000.0,13.75,B
2021-06-18T10:14:11,10000.0,13.7,S
2021-06-18T10:13:35,2100.0,13.75,B
2021-06-18T10:13:09,200.0,13.75,B
2021-06-18T10:12:53,900.0,13.75,B
2021-06-18T10:12:45,200.0,13.7,S
2021-06-18T10:12:07,100.0,13.75,B
2021-06-18T10:12:06,1000.0,13.65,S
2021-06-18T10:12:05,100.0,13.7,B
2021-06-18T10:12:04,4500.0,13.7,B
2021-06-18T10:12:01,300.0,13.7,B
2021-06-18T10:11:51,300.0,13.7,B
2021-06-18T10:11:51,1900.0,13.7,B
2021-06-18T10:11:48,200.0,13.7,B
2021-06-18T10:11:33,1600.0,13.7,B
2021-06-18T10:11:26,2800.0,13.7,B
2021-06-18T10:11:16,100.0,13.7,B
2021-06-18T10:11:12,500.0,13.65,S
2021-06-18T10:10:53,3600.0,13.7,B
2021-06-18T10:10:53,3900.0,13.7,B
2021-06-18T10:10:35,1000.0,13.7,B
2021-06-18T10:10:12,100.0,13.7,B
2021-06-18T10:10:09,3000.0,13.7,B
2021-06-18T10:10:04,2900.0,13.7,B
2021-06-18T10:10:04,1500.0,13.7,B
2021-06-18T10:10:04,5600.0,13.7,B
2021-06-18T10:09:17,1000.0,13.7,B
2021-06-18T10:09:00,100.0,13.7,B
2021-06-18T10:08:49,200.0,13.7,B
2021-06-18T10:08:44,100.0,13.7,B
2021-06-18T10:07:11,500.0,13.7,B
2021-06-18T10:06:22,1900.0,13.7,B
2021-06-18T10:06:01,1400.0,13.65,S
2021-06-18T10:05:38,3000.0,13.65,S
2021-06-18T10:05:36,300.0,13.7,B
2021-06-18T10:05:36,2700.0,13.7,B
2021-06-18T10:05:26,100.0,13.65,S
2021-06-18T10:04:34,2300.0,13.65,S
2021-06-18T10:04:34,5200.0,13.65,S
2021-06-18T10:04:21,500.0,13.65,S
2021-06-18T10:04:21,27000.0,13.7,B
2021-06-18T10:04:12,1000.0,13.65,S
2021-06-18T10:03:51,20000.0,13.65,S
2021-06-18T10:03:47,500.0,13.65,S
2021-06-18T10:02:58,100.0,13.65,S
2021-06-18T10:02:04,1000.0,13.7,B
2021-06-18T10:01:56,5000.0,13.65,S
2021-06-18T10:01:41,300.0,13.7,B
2021-06-18T10:01:38,2000.0,13.7,B
2021-06-18T10:00:52,200.0,13.7,B
2021-06-18T10:00:19,600.0,13.7,B
2021-06-18T10:00:07,3300.0,13.7,S
2021-06-18T09:59:57,2000.0,13.7,S
2021-06-18T09:59:49,200.0,13.7,S
2021-06-18T09:59:42,500.0,13.7,S
2021-06-18T09:59:37,500.0,13.7,S
2021-06-18T09:59:30,300.0,13.7,S
2021-06-18T09:59:30,1500.0,13.7,S
2021-06-18T09:59:30,1500.0,13.7,S
2021-06-18T09:59:30,1300.0,13.7,S
2021-06-18T09:59:30,900.0,13.7,S
2021-06-18T09:59:25,3000.0,13.7,S
2021-06-18T09:59:24,200.0,13.7,S
2021-06-18T09:59:01,500.0,13.75,B
2021-06-18T09:58:50,5000.0,13.7,S
2021-06-18T09:58:44,500.0,13.75,B
2021-06-18T09:58:30,1000.0,13.75,B
2021-06-18T09:57:59,200.0,13.75,B
2021-06-18T09:57:55,1000.0,13.75,B
2021-06-18T09:57:46,200.0,13.7,S
2021-06-18T09:57:00,2000.0,13.75,B
2021-06-18T09:56:56,3600.0,13.7,S
2021-06-18T09:56:38,100.0,13.75,B
2021-06-18T09:56:32,1000.0,13.75,B
2021-06-18T09:56:30,100.0,13.75,B
2021-06-18T09:56:25,100.0,13.7,S
2021-06-18T09:55:56,100.0,13.75,B
2021-06-18T09:55:01,2000.0,13.75,B
2021-06-18T09:54:42,2000.0,13.75,B
2021-06-18T09:54:21,100.0,13.75,B
2021-06-18T09:54:18,200.0,13.75,B
2021-06-18T09:53:53,800.0,13.7,S
2021-06-18T09:53:47,200.0,13.7,S
2021-06-18T09:53:42,2000.0,13.7,S
2021-06-18T09:53:42,100.0,13.7,S
2021-06-18T09:53:42,500.0,13.7,S
2021-06-18T09:53:39,200.0,13.7,S
2021-06-18T09:53:38,5400.0,13.75,B
2021-06-18T09:53:11,100.0,13.7,S
2021-06-18T09:52:48,4800.0,13.7,S
2021-06-18T09:52:47,300.0,13.7,S
2021-06-18T09:52:17,100.0,13.65,S
2021-06-18T09:52:16,300.0,13.65,S
2021-06-18T09:51:55,5000.0,13.65,S
2021-06-18T09:51:53,100.0,13.65,S
2021-06-18T09:51:51,100.0,13.7,S
2021-06-18T09:51:51,3700.0,13.7,S
2021-06-18T09:51:26,500.0,13.7,B
2021-06-18T09:51:19,1000.0,13.7,B
2021-06-18T09:51:16,7000.0,13.7,B
2021-06-18T09:51:15,2500.0,13.7,B
2021-06-18T09:50:56,100.0,13.7,B
2021-06-18T09:50:53,2500.0,13.7,B
2021-06-18T09:50:53,2200.0,13.7,B
2021-06-18T09:50:52,100.0,13.7,B
2021-06-18T09:50:52,1300.0,13.7,B
2021-06-18T09:50:52,8100.0,13.7,B
2021-06-18T09:50:52,100.0,13.7,B
2021-06-18T09:50:52,3500.0,13.7,B
2021-06-18T09:50:52,13300.0,13.7,B
2021-06-18T09:50:52,10800.0,13.7,B
2021-06-18T09:50:36,100.0,13.65,S
2021-06-18T09:50:31,2000.0,13.7,B
2021-06-18T09:50:04,15000.0,13.65,S
2021-06-18T09:50:03,200.0,13.65,S
2021-06-18T09:49:59,500.0,13.65,S
2021-06-18T09:49:55,300.0,13.65,S
2021-06-18T09:49:44,300.0,13.65,S
2021-06-18T09:49:40,5000.0,13.65,S
2021-06-18T09:49:27,500.0,13.65,B
2021-06-18T09:49:27,7700.0,13.65,B
2021-06-18T09:49:24,1000.0,13.65,B
2021-06-18T09:49:01,500.0,13.6,S
2021-06-18T09:48:58,2000.0,13.65,B
2021-06-18T09:48:16,200.0,13.65,B
2021-06-18T09:48:11,2000.0,13.65,B
2021-06-18T09:47:56,200.0,13.6,S
2021-06-18T09:47:50,2000.0,13.65,B
2021-06-18T09:47:46,5000.0,13.65,B
2021-06-18T09:47:43,400.0,13.65,B
2021-06-18T09:47:43,1000.0,13.65,B
2021-06-18T09:47:43,1400.0,13.65,B
2021-06-18T09:47:43,500.0,13.65,B
2021-06-18T09:47:43,6700.0,13.65,B
2021-06-18T09:47:10,2000.0,13.65,B
2021-06-18T09:47:08,1800.0,13.65,B
2021-06-18T09:46:34,200.0,13.65,B
2021-06-18T09:46:04,300.0,13.65,B
2021-06-18T09:45:40,2600.0,13.65,B
2021-06-18T09:45:24,100.0,13.6,S
2021-06-18T09:45:00,700.0,13.6,S
2021-06-18T09:44:59,100.0,13.65,B
2021-06-18T09:44:57,2000.0,13.65,B
2021-06-18T09:44:31,4000.0,13.65,B
2021-06-18T09:43:54,900.0,13.6,B
2021-06-18T09:43:32,100.0,13.6,B
2021-06-18T09:43:24,3000.0,13.6,B
2021-06-18T09:43:16,200.0,13.6,B
2021-06-18T09:42:58,100.0,13.6,B
2021-06-18T09:42:55,10000.0,13.6,B
2021-06-18T09:42:47,4900.0,13.6,B
2021-06-18T09:42:43,10000.0,13.6,B
2021-06-18T09:42:42,400.0,13.6,B
2021-06-18T09:42:24,1000.0,13.6,B
2021-06-18T09:41:29,100.0,13.6,B
2021-06-18T09:41:09,600.0,13.55,S
2021-06-18T09:40:47,400.0,13.55,S
2021-06-18T09:40:18,500.0,13.6,B
2021-06-18T09:40:13,100.0,13.55,S
2021-06-18T09:39:42,5600.0,13.55,S
2021-06-18T09:39:27,800.0,13.5,S
2021-06-18T09:39:27,500.0,13.5,S
2021-06-18T09:39:27,16700.0,13.5,S
2021-06-18T09:39:27,1300.0,13.5,S
2021-06-18T09:39:27,5300.0,13.5,S
2021-06-18T09:39:27,200.0,13.5,S
2021-06-18T09:39:27,800.0,13.5,S
2021-06-18T09:39:27,300.0,13.5,S
2021-06-18T09:39:27,2700.0,13.5,S
2021-06-18T09:39:27,500.0,13.5,S
2021-06-18T09:39:27,12500.0,13.5,S
2021-06-18T09:39:27,300.0,13.5,S
2021-06-18T09:39:27,100.0,13.5,S
2021-06-18T09:39:27,21600.0,13.5,S
2021-06-18T09:39:27,1200.0,13.5,S
2021-06-18T09:39:27,2300.0,13.5,S
2021-06-18T09:39:27,13500.0,13.5,S
2021-06-18T09:39:27,2000.0,13.5,S
2021-06-18T09:39:26,13600.0,13.5,S
2021-06-18T09:39:20,500.0,13.55,B
2021-06-18T09:39:18,400.0,13.55,B
2021-06-18T09:38:42,100.0,13.5,S
2021-06-18T09:38:41,200.0,13.55,B
2021-06-18T09:38:38,400.0,13.5,S
2021-06-18T09:38:33,3800.0,13.5,S
2021-06-18T09:38:33,100.0,13.5,S
2021-06-18T09:38:33,6200.0,13.5,S
2021-06-18T09:38:33,200.0,13.5,S
2021-06-18T09:38:33,1000.0,13.5,S
2021-06-18T09:38:33,3200.0,13.5,S
2021-06-18T09:38:33,300.0,13.5,S
2021-06-18T09:38:32,200.0,13.5,S
2021-06-18T09:38:19,2000.0,13.5,S
2021-06-18T09:38:15,100.0,13.5,S
2021-06-18T09:38:14,5000.0,13.55,B
2021-06-18T09:38:09,100.0,13.55,B
2021-06-18T09:37:51,1500.0,13.5,S
2021-06-18T09:37:49,100.0,13.55,B
2021-06-18T09:37:47,200.0,13.55,B
2021-06-18T09:37:36,1300.0,13.5,S
2021-06-18T09:37:08,15000.0,13.55,B
2021-06-18T09:36:34,200.0,13.5,S
2021-06-18T09:36:32,1000.0,13.5,S
2021-06-18T09:36:27,100.0,13.55,B
2021-06-18T09:36:23,2300.0,13.5,S
2021-06-18T09:35:57,700.0,13.55,B
2021-06-18T09:35:57,2300.0,13.55,B
2021-06-18T09:35:55,1000.0,13.5,S
2021-06-18T09:35:48,100.0,13.55,B
2021-06-18T09:35:47,3000.0,13.55,B
2021-06-18T09:34:36,400.0,13.5,S
2021-06-18T09:34:21,100.0,13.55,S
2021-06-18T09:34:14,1000.0,13.5,S
2021-06-18T09:34:10,300.0,13.5,S
2021-06-18T09:33:59,100.0,13.55,S
2021-06-18T09:33:43,2500.0,13.5,S
2021-06-18T09:33:37,1000.0,13.55,S
2021-06-18T09:32:55,100.0,13.55,S
2021-06-18T09:32:29,1000.0,13.55,S
2021-06-18T09:32:10,2200.0,13.55,S
2021-06-18T09:32:05,3200.0,13.6,B
2021-06-18T09:32:00,900.0,13.55,S
2021-06-18T09:31:50,100.0,13.6,B
2021-06-18T09:31:43,200.0,13.55,S
2021-06-18T09:31:40,2700.0,13.5,S
2021-06-18T09:31:39,7600.0,13.5,S
2021-06-18T09:31:39,1900.0,13.5,S
2021-06-18T09:31:39,2000.0,13.5,S
2021-06-18T09:31:39,100.0,13.5,S
2021-06-18T09:31:39,1300.0,13.5,S
2021-06-18T09:31:39,700.0,13.5,S
2021-06-18T09:31:39,200.0,13.55,S
2021-06-18T09:31:39,9100.0,13.55,S
2021-06-18T09:31:39,1000.0,13.55,S
2021-06-18T09:31:39,200.0,13.55,S
2021-06-18T09:31:38,500.0,13.55,S
2021-06-18T09:31:36,200.0,13.55,S
2021-06-18T09:31:36,100.0,13.55,S
2021-06-18T09:31:32,100.0,13.55,S
2021-06-18T09:31:32,1000.0,13.55,S
2021-06-18T09:31:28,300.0,13.55,S
2021-06-18T09:31:17,300.0,13.55,S
2021-06-18T09:30:55,1200.0,13.55,S
2021-06-18T09:30:52,5000.0,13.55,S
2021-06-18T09:30:45,1000.0,13.55,S
2021-06-18T09:30:18,2300.0,13.55,S
2021-06-18T09:30:07,100.0,13.6,S
2021-06-18T09:30:01,1000.0,13.6,S
2021-06-18T09:30:01,200.0,13.6,S
2021-06-18T09:29:57,1000.0,13.6,S
2021-06-18T09:29:56,3000.0,13.6,S
2021-06-18T09:29:29,100.0,13.6,S
2021-06-18T09:29:19,1100.0,13.6,S
2021-06-18T09:29:11,900.0,13.6,S
2021-06-18T09:29:07,3100.0,13.6,S
2021-06-18T09:29:03,700.0,13.65,B
2021-06-18T09:28:37,500.0,13.6,S
2021-06-18T09:28:15,3500.0,13.65,B
2021-06-18T09:28:15,800.0,13.6,S
2021-06-18T09:28:14,2300.0,13.6,S
2021-06-18T09:28:14,900.0,13.6,S
2021-06-18T09:28:14,2000.0,13.6,S
2021-06-18T09:28:03,5000.0,13.6,S
2021-06-18T09:27:56,100.0,13.6,S
2021-06-18T09:27:50,300.0,13.65,B
2021-06-18T09:27:39,4900.0,13.6,S
2021-06-18T09:27:24,1800.0,13.6,S
2021-06-18T09:27:24,3200.0,13.6,S
2021-06-18T09:27:17,1000.0,13.65,B
2021-06-18T09:26:52,1000.0,13.6,S
2021-06-18T09:26:46,100.0,13.65,B
2021-06-18T09:26:36,100.0,13.65,B
2021-06-18T09:25:36,900.0,13.65,S
2021-06-18T09:25:11,1000.0,13.65,S
2021-06-18T09:24:55,100.0,13.65,S
2021-06-18T09:24:53,1000.0,13.65,S
2021-06-18T09:24:22,100.0,13.65,S
2021-06-18T09:24:20,4000.0,13.65,S
2021-06-18T09:24:14,2200.0,13.65,S
2021-06-18T09:23:59,200.0,13.6,S
2021-06-18T09:23:36,200.0,13.6,S
2021-06-18T09:23:24,2000.0,13.65,S
2021-06-18T09:23:18,1900.0,13.65,S
2021-06-18T09:23:14,600.0,13.65,S
2021-06-18T09:23:06,1000.0,13.65,S
2021-06-18T09:22:54,2000.0,13.65,S
2021-06-18T09:22:43,100.0,13.7,S
2021-06-18T09:22:36,2000.0,13.7,S
2021-06-18T09:22:36,500.0,13.6,S
2021-06-18T09:22:33,2000.0,13.7,S
2021-06-18T09:22:22,1000.0,13.65,S
2021-06-18T09:22:08,100.0,13.65,S
2021-06-18T09:22:04,3200.0,13.65,S
2021-06-18T09:22:04,100.0,13.65,S
2021-06-18T09:22:00,1000.0,13.65,S
2021-06-18T09:21:58,33000.0,13.65,S
2021-06-18T09:21:55,5000.0,13.65,S
2021-06-18T09:21:39,1000.0,13.65,S
2021-06-18T09:21:26,20000.0,13.65,S
2021-06-18T09:21:25,1300.0,13.65,S
2021-06-18T09:21:25,700.0,13.7,S
2021-06-18T09:20:56,100.0,13.75,B
2021-06-18T09:20:52,3100.0,13.65,S
2021-06-18T09:20:50,400.0,13.7,B
2021-06-18T09:20:49,49600.0,13.7,B
2021-06-18T09:20:43,400.0,13.65,S
2021-06-18T09:20:31,100.0,13.65,S
2021-06-18T09:20:25,200.0,13.65,S
2021-06-18T09:20:25,7900.0,13.65,S
2021-06-18T09:20:25,11400.0,13.65,S
2021-06-18T09:20:16,1000.0,13.7,B
2021-06-18T09:19:55,2000.0,13.65,S
2021-06-18T09:19:53,200.0,13.65,S
2021-06-18T09:19:49,300.0,13.65,S
2021-06-18T09:19:16,300.0,13.65,S
2021-06-18T09:19:10,100.0,13.65,S
2021-06-18T09:18:58,3000.0,13.7,B
2021-06-18T09:18:54,1000.0,13.65,S
2021-06-18T09:18:08,900.0,13.65,S
2021-06-18T09:17:58,600.0,13.7,B
2021-06-18T09:17:53,5000.0,13.7,B
2021-06-18T09:17:46,100.0,13.7,B
2021-06-18T09:17:44,1000.0,13.7,B
2021-06-18T09:17:36,200.0,13.65,S
2021-06-18T09:17:34,500.0,13.7,B
2021-06-18T09:17:31,4000.0,13.7,B
2021-06-18T09:17:27,6000.0,13.7,B
2021-06-18T09:17:23,2000.0,13.7,B
2021-06-18T09:16:37,23600.0,13.7,S
2021-06-18T09:16:19,1000.0,13.75,B
2021-06-18T09:16:04,500.0,13.7,S
2021-06-18T09:16:03,500.0,13.75,B
