tradingTime,volume,price,side
2021-06-18T14:25:35,59900.0,11.6,B
2021-06-18T14:25:32,100.0,11.6,S
2021-06-18T14:21:30,1000.0,11.6,S
2021-06-18T14:20:18,100.0,11.7,B
2021-06-18T14:19:22,2000.0,11.6,S
2021-06-18T14:17:38,1500.0,11.6,S
2021-06-18T14:13:33,200.0,11.6,S
2021-06-18T14:13:03,100.0,11.6,B
2021-06-18T14:10:43,300.0,11.6,B
2021-06-18T14:09:55,1500.0,11.6,B
2021-06-18T14:09:48,200.0,11.6,B
2021-06-18T14:07:24,2000.0,11.6,B
2021-06-18T14:04:50,500.0,11.6,B
2021-06-18T14:02:17,1000.0,11.6,B
2021-06-18T14:00:55,3000.0,11.6,B
2021-06-18T13:59:43,1000.0,11.6,B
2021-06-18T13:56:39,800.0,11.6,S
2021-06-18T13:54:50,500.0,11.6,B
2021-06-18T13:53:47,200.0,11.6,S
2021-06-18T13:53:18,2800.0,11.6,S
2021-06-18T13:53:02,200.0,11.6,S
2021-06-18T13:51:16,5000.0,11.6,S
2021-06-18T13:50:52,5000.0,11.6,S
2021-06-18T13:50:14,300.0,11.6,S
2021-06-18T13:49:46,3000.0,11.6,S
2021-06-18T13:46:55,100.0,11.6,S
2021-06-18T13:40:53,1500.0,11.6,S
2021-06-18T13:40:53,2000.0,11.6,S
2021-06-18T13:40:15,14300.0,11.6,S
2021-06-18T13:39:23,100.0,11.6,B
2021-06-18T13:37:33,2300.0,11.6,B
2021-06-18T13:36:23,100.0,11.6,S
2021-06-18T13:35:48,200.0,11.6,S
2021-06-18T13:35:36,2000.0,11.6,S
2021-06-18T13:34:39,2000.0,11.6,S
2021-06-18T13:34:16,500.0,11.6,S
2021-06-18T13:34:02,500.0,11.6,S
2021-06-18T13:33:46,500.0,11.6,S
2021-06-18T13:33:36,500.0,11.6,S
2021-06-18T13:33:18,1000.0,11.6,S
2021-06-18T13:32:16,3000.0,11.6,S
2021-06-18T13:28:14,500.0,11.6,S
2021-06-18T13:27:51,100.0,11.6,S
2021-06-18T13:27:28,200.0,11.6,S
2021-06-18T13:26:53,400.0,11.6,S
2021-06-18T13:23:54,500.0,11.6,S
2021-06-18T13:22:27,1300.0,11.6,S
2021-06-18T13:20:58,100.0,11.6,S
2021-06-18T13:20:57,900.0,11.6,B
2021-06-18T13:20:11,400.0,11.6,S
2021-06-18T13:19:14,100.0,11.6,S
2021-06-18T13:18:00,300.0,11.6,S
2021-06-18T13:16:22,4000.0,11.6,S
2021-06-18T13:15:20,1600.0,11.6,S
2021-06-18T13:14:46,5000.0,11.6,S
2021-06-18T13:08:01,1000.0,11.6,S
2021-06-18T13:00:02,1000.0,11.6,B
2021-06-18T13:00:01,1000.0,11.7,B
2021-06-18T13:00:01,600.0,11.6,S
2021-06-18T13:00:01,2500.0,11.6,S
2021-06-18T11:27:42,2000.0,11.6,S
2021-06-18T11:27:06,400.0,11.6,S
2021-06-18T11:25:16,1000.0,11.6,S
2021-06-18T11:25:08,200.0,11.7,B
2021-06-18T11:23:12,1000.0,11.5,S
2021-06-18T11:08:14,8700.0,11.5,S
2021-06-18T11:02:45,2000.0,11.5,S
2021-06-18T11:02:15,2000.0,11.5,S
2021-06-18T10:59:52,1000.0,11.5,S
2021-06-18T10:58:41,900.0,11.6,B
2021-06-18T10:58:02,2000.0,11.6,B
2021-06-18T10:57:49,400.0,11.6,B
2021-06-18T10:57:47,2000.0,11.6,B
2021-06-18T10:57:09,600.0,11.6,B
2021-06-18T10:56:57,400.0,11.6,B
2021-06-18T10:55:07,1000.0,11.6,B
2021-06-18T10:52:28,1900.0,11.6,B
2021-06-18T10:51:35,100.0,11.6,B
2021-06-18T10:51:25,200.0,11.6,B
2021-06-18T10:51:19,100.0,11.6,B
2021-06-18T10:48:19,300.0,11.5,S
2021-06-18T10:43:15,2000.0,11.5,S
2021-06-18T10:40:22,1000.0,11.6,S
2021-06-18T10:35:42,100.0,11.6,S
2021-06-18T10:30:38,300.0,11.6,B
2021-06-18T10:30:10,200.0,11.6,S
2021-06-18T10:29:09,800.0,11.6,B
2021-06-18T10:28:19,200.0,11.6,S
2021-06-18T10:26:01,300.0,11.6,S
2021-06-18T10:25:01,3000.0,11.7,B
2021-06-18T10:22:34,300.0,11.6,B
2021-06-18T10:19:38,100.0,11.6,B
2021-06-18T10:18:26,1400.0,11.6,S
2021-06-18T10:12:29,1000.0,11.7,B
2021-06-18T10:12:08,3000.0,11.7,B
2021-06-18T10:11:02,7200.0,11.6,B
2021-06-18T10:10:19,3900.0,11.6,B
2021-06-18T10:09:35,800.0,11.5,B
2021-06-18T10:09:28,900.0,11.5,B
2021-06-18T10:09:10,200.0,11.5,B
2021-06-18T10:09:05,300.0,11.5,B
2021-06-18T10:08:54,300.0,11.5,B
2021-06-18T10:06:54,500.0,11.5,B
2021-06-18T10:03:23,13600.0,11.5,B
2021-06-18T09:57:22,10000.0,11.2,S
2021-06-18T09:57:14,100.0,11.5,B
2021-06-18T09:57:09,1300.0,11.5,S
2021-06-18T09:55:17,100.0,11.5,S
2021-06-18T09:53:17,2000.0,11.5,S
2021-06-18T09:51:30,500.0,11.5,S
2021-06-18T09:50:06,1000.0,11.5,S
2021-06-18T09:49:57,200.0,11.5,S
2021-06-18T09:49:13,2100.0,11.5,B
2021-06-18T09:45:55,200.0,11.5,B
2021-06-18T09:41:58,800.0,11.5,B
2021-06-18T09:41:40,500.0,11.5,B
2021-06-18T09:33:51,200.0,11.4,S
2021-06-18T09:33:23,2400.0,11.4,S
2021-06-18T09:33:21,400.0,11.4,B
2021-06-18T09:32:27,4000.0,11.4,B
2021-06-18T09:19:24,71000.0,11.4,B
2021-06-18T09:14:36,200.0,11.2,S
2021-06-18T09:04:08,200.0,11.9,B
2021-06-18T09:03:14,400.0,12.0,B
2021-06-18T09:02:45,100.0,11.7,S
2021-06-18T09:02:25,2200.0,11.8,B
2021-06-18T09:02:11,3500.0,11.8,B
2021-06-18T09:01:46,3400.0,11.7,B
2021-06-18T09:01:27,3200.0,11.6,B
2021-06-18T09:01:16,2000.0,11.6,B
2021-06-18T09:01:01,500.0,10.8,S
2021-06-18T09:00:54,400.0,11.5,S
