tradingTime,volume,price,side
2021-06-18T14:26:33,300.0,22.0,S
2021-06-18T14:26:28,100.0,22.0,S
2021-06-18T14:26:28,600.0,22.0,S
2021-06-18T14:26:28,3000.0,22.0,S
2021-06-18T14:25:49,1000.0,22.0,B
2021-06-18T14:23:34,1000.0,22.0,B
2021-06-18T14:22:30,100.0,22.0,B
2021-06-18T14:22:29,3000.0,22.0,B
2021-06-18T14:22:29,300.0,22.0,B
2021-06-18T14:22:27,1000.0,22.0,B
2021-06-18T14:20:24,100.0,22.0,B
2021-06-18T14:20:21,100.0,22.0,B
2021-06-18T14:20:20,900.0,22.0,B
2021-06-18T14:20:11,2000.0,22.0,B
2021-06-18T14:18:09,1100.0,22.0,S
2021-06-18T14:17:57,2500.0,22.0,S
2021-06-18T14:17:57,300.0,22.0,S
2021-06-18T14:17:57,400.0,22.0,S
2021-06-18T14:17:57,500.0,22.0,S
2021-06-18T14:17:57,3500.0,22.0,S
2021-06-18T14:17:53,200.0,22.1,B
2021-06-18T14:17:21,500.0,22.1,B
2021-06-18T14:16:55,100.0,22.1,B
2021-06-18T14:16:53,500.0,22.0,S
2021-06-18T14:15:32,1000.0,22.1,B
2021-06-18T14:15:30,100.0,22.0,S
2021-06-18T14:14:14,300.0,22.0,B
2021-06-18T14:13:42,100.0,22.0,S
2021-06-18T14:13:08,1000.0,21.95,S
2021-06-18T14:13:02,1000.0,22.0,S
2021-06-18T14:13:01,2000.0,22.0,S
2021-06-18T14:12:59,2000.0,22.0,S
2021-06-18T14:12:57,700.0,22.0,S
2021-06-18T14:12:57,300.0,22.0,S
2021-06-18T14:12:11,700.0,22.0,S
2021-06-18T14:12:11,300.0,22.0,S
2021-06-18T14:12:11,1000.0,22.0,S
2021-06-18T14:12:06,1200.0,22.0,S
2021-06-18T14:12:05,400.0,22.0,S
2021-06-18T14:12:02,1000.0,22.0,S
2021-06-18T14:11:56,200.0,22.0,S
2021-06-18T14:11:15,200.0,22.0,S
2021-06-18T14:11:01,3200.0,22.0,B
2021-06-18T14:10:44,500.0,22.0,B
2021-06-18T14:10:24,200.0,22.0,B
2021-06-18T14:10:24,2000.0,22.0,B
2021-06-18T14:10:11,200.0,22.0,B
2021-06-18T14:09:38,1000.0,22.0,B
2021-06-18T14:08:51,100.0,22.0,B
2021-06-18T14:08:49,100.0,22.0,B
2021-06-18T14:08:45,300.0,22.0,B
2021-06-18T14:08:22,300.0,22.0,B
2021-06-18T14:08:21,3500.0,22.0,B
2021-06-18T14:08:13,300.0,22.0,B
2021-06-18T14:08:10,200.0,22.0,B
2021-06-18T14:08:02,1000.0,22.0,B
2021-06-18T14:07:44,100.0,22.0,B
2021-06-18T14:07:33,2000.0,22.0,B
2021-06-18T14:06:40,6000.0,22.0,B
2021-06-18T14:06:38,1000.0,22.0,B
2021-06-18T14:06:19,100.0,22.0,B
2021-06-18T14:05:55,100.0,22.0,B
2021-06-18T14:05:46,500.0,22.0,B
2021-06-18T14:05:44,100.0,22.0,B
2021-06-18T14:04:51,400.0,22.0,B
2021-06-18T14:04:50,600.0,22.0,B
2021-06-18T14:04:40,100.0,22.0,B
2021-06-18T14:04:37,600.0,22.0,B
2021-06-18T14:04:34,100.0,22.0,B
2021-06-18T14:04:34,1000.0,22.0,B
2021-06-18T14:04:23,2000.0,22.0,B
2021-06-18T14:04:19,100.0,22.0,B
2021-06-18T14:04:11,500.0,22.0,B
2021-06-18T14:04:06,2300.0,22.0,S
2021-06-18T14:03:53,400.0,22.0,S
2021-06-18T14:03:46,500.0,22.0,S
2021-06-18T14:03:36,200.0,22.0,S
2021-06-18T14:03:26,200.0,22.0,S
2021-06-18T14:03:22,8200.0,22.0,S
2021-06-18T14:03:22,1000.0,22.0,S
2021-06-18T14:03:22,1200.0,22.0,S
2021-06-18T14:03:22,2800.0,22.0,S
2021-06-18T14:03:22,3500.0,22.0,S
2021-06-18T14:03:22,4700.0,22.0,S
2021-06-18T14:03:11,100.0,22.0,S
2021-06-18T14:02:54,300.0,22.0,S
2021-06-18T14:02:52,200.0,22.0,S
2021-06-18T14:02:32,1000.0,22.0,S
2021-06-18T14:01:59,3800.0,22.0,S
2021-06-18T14:01:35,500.0,22.0,S
2021-06-18T14:01:04,400.0,22.0,S
2021-06-18T14:00:50,3000.0,22.0,S
2021-06-18T13:59:17,2000.0,22.1,B
2021-06-18T13:59:16,3900.0,22.0,S
2021-06-18T13:58:42,300.0,22.0,S
2021-06-18T13:58:13,2000.0,22.0,S
2021-06-18T13:58:08,800.0,22.0,S
2021-06-18T13:58:08,2100.0,22.0,S
2021-06-18T13:58:08,700.0,22.0,S
2021-06-18T13:58:08,2000.0,22.0,S
2021-06-18T13:58:08,4400.0,22.0,S
2021-06-18T13:58:08,800.0,22.0,S
2021-06-18T13:58:01,1000.0,22.0,S
2021-06-18T13:58:01,1000.0,22.0,S
2021-06-18T13:58:01,300.0,22.0,S
2021-06-18T13:58:01,500.0,22.0,S
2021-06-18T13:58:01,900.0,22.0,S
2021-06-18T13:58:01,6300.0,22.0,S
2021-06-18T13:57:26,1000.0,22.1,B
2021-06-18T13:57:04,200.0,22.1,S
2021-06-18T13:56:56,3900.0,22.0,S
2021-06-18T13:56:56,1900.0,22.0,S
2021-06-18T13:56:56,2500.0,22.0,S
2021-06-18T13:56:56,100.0,22.0,S
2021-06-18T13:56:56,2300.0,22.0,S
2021-06-18T13:56:56,2300.0,22.0,S
2021-06-18T13:56:56,1200.0,22.05,S
2021-06-18T13:56:56,200.0,22.05,S
2021-06-18T13:56:56,5600.0,22.05,S
2021-06-18T13:56:48,100.0,22.1,S
2021-06-18T13:56:45,4000.0,22.1,S
2021-06-18T13:56:24,5700.0,22.1,S
2021-06-18T13:56:24,400.0,22.1,S
2021-06-18T13:56:24,300.0,22.1,S
2021-06-18T13:56:24,3000.0,22.1,S
2021-06-18T13:56:24,3600.0,22.1,S
2021-06-18T13:56:24,5800.0,22.1,S
2021-06-18T13:56:22,3000.0,22.1,S
2021-06-18T13:56:14,600.0,22.1,S
2021-06-18T13:55:46,100.0,22.1,S
2021-06-18T13:55:33,300.0,22.1,S
2021-06-18T13:55:33,1200.0,22.1,S
2021-06-18T13:55:09,800.0,22.1,S
2021-06-18T13:54:25,100.0,22.15,B
2021-06-18T13:53:34,4600.0,22.15,S
2021-06-18T13:53:22,1000.0,22.2,B
2021-06-18T13:53:16,100.0,22.15,S
2021-06-18T13:53:16,2900.0,22.15,S
2021-06-18T13:53:11,900.0,22.15,S
2021-06-18T13:53:11,1000.0,22.2,B
2021-06-18T13:52:44,200.0,22.15,S
2021-06-18T13:52:40,1800.0,22.2,B
2021-06-18T13:52:40,6200.0,22.2,B
2021-06-18T13:52:39,2000.0,22.2,B
2021-06-18T13:52:36,1000.0,22.15,S
2021-06-18T13:52:34,800.0,22.15,S
2021-06-18T13:52:12,500.0,22.15,S
2021-06-18T13:51:55,10000.0,22.15,S
2021-06-18T13:51:39,500.0,22.2,B
2021-06-18T13:51:37,100.0,22.2,B
2021-06-18T13:51:33,3200.0,22.2,B
2021-06-18T13:51:33,2500.0,22.2,B
2021-06-18T13:50:57,500.0,22.2,S
2021-06-18T13:50:39,300.0,22.2,S
2021-06-18T13:50:14,300.0,22.2,S
2021-06-18T13:49:57,700.0,22.2,S
2021-06-18T13:49:54,6400.0,22.2,S
2021-06-18T13:49:42,500.0,22.25,B
2021-06-18T13:49:23,2100.0,22.2,S
2021-06-18T13:49:21,100.0,22.25,B
2021-06-18T13:49:19,6500.0,22.2,S
2021-06-18T13:49:12,1000.0,22.2,S
2021-06-18T13:48:30,1700.0,22.25,B
2021-06-18T13:48:20,3700.0,22.2,S
2021-06-18T13:47:58,500.0,22.25,B
2021-06-18T13:47:48,3000.0,22.2,S
2021-06-18T13:47:43,1000.0,22.25,B
2021-06-18T13:47:41,1300.0,22.2,S
2021-06-18T13:47:39,1200.0,22.2,S
2021-06-18T13:47:25,400.0,22.25,B
2021-06-18T13:47:22,800.0,22.2,S
2021-06-18T13:47:01,100.0,22.2,S
2021-06-18T13:46:38,1000.0,22.2,S
2021-06-18T13:46:14,200.0,22.2,S
2021-06-18T13:46:09,300.0,22.2,S
2021-06-18T13:45:51,100.0,22.2,S
2021-06-18T13:45:49,1900.0,22.2,S
2021-06-18T13:45:28,200.0,22.2,S
2021-06-18T13:45:22,200.0,22.2,S
2021-06-18T13:45:10,400.0,22.25,B
2021-06-18T13:45:10,1600.0,22.25,B
2021-06-18T13:44:55,800.0,22.2,S
2021-06-18T13:44:28,2900.0,22.25,B
2021-06-18T13:44:20,3000.0,22.2,S
2021-06-18T13:44:14,3300.0,22.2,S
2021-06-18T13:43:38,400.0,22.2,S
2021-06-18T13:42:11,800.0,22.2,S
2021-06-18T13:41:55,2000.0,22.25,B
2021-06-18T13:41:27,200.0,22.2,S
2021-06-18T13:41:26,500.0,22.25,B
2021-06-18T13:41:21,300.0,22.2,S
2021-06-18T13:40:23,300.0,22.2,S
2021-06-18T13:40:19,900.0,22.25,B
2021-06-18T13:40:02,1000.0,22.2,S
2021-06-18T13:40:01,300.0,22.25,B
2021-06-18T13:39:45,600.0,22.2,S
2021-06-18T13:39:44,200.0,22.2,S
2021-06-18T13:38:20,100.0,22.2,S
2021-06-18T13:37:52,100.0,22.2,S
2021-06-18T13:36:58,700.0,22.2,B
2021-06-18T13:36:48,200.0,22.2,B
2021-06-18T13:36:19,900.0,22.2,B
2021-06-18T13:36:07,700.0,22.15,S
2021-06-18T13:35:06,600.0,22.15,S
2021-06-18T13:34:59,500.0,22.2,B
2021-06-18T13:34:34,300.0,22.2,B
2021-06-18T13:34:26,700.0,22.15,S
2021-06-18T13:33:45,5000.0,22.2,B
2021-06-18T13:33:32,600.0,22.2,B
2021-06-18T13:33:05,200.0,22.2,B
2021-06-18T13:32:30,500.0,22.2,B
2021-06-18T13:32:13,2000.0,22.2,B
2021-06-18T13:32:09,300.0,22.15,S
2021-06-18T13:32:01,8000.0,22.15,S
2021-06-18T13:31:46,700.0,22.15,S
2021-06-18T13:31:35,800.0,22.15,S
2021-06-18T13:30:40,1300.0,22.2,S
2021-06-18T13:30:33,900.0,22.2,S
2021-06-18T13:30:15,3000.0,22.2,S
2021-06-18T13:29:09,700.0,22.2,S
2021-06-18T13:28:40,1000.0,22.2,S
2021-06-18T13:28:39,1000.0,22.2,S
2021-06-18T13:28:24,1000.0,22.2,B
2021-06-18T13:28:22,600.0,22.2,B
2021-06-18T13:28:08,1400.0,22.2,B
2021-06-18T13:27:30,600.0,22.2,B
2021-06-18T13:27:25,400.0,22.2,B
2021-06-18T13:27:04,1000.0,22.2,S
2021-06-18T13:26:51,500.0,22.2,S
2021-06-18T13:26:42,1100.0,22.2,S
2021-06-18T13:26:34,700.0,22.2,S
2021-06-18T13:26:29,1000.0,22.2,S
2021-06-18T13:26:28,1000.0,22.2,S
2021-06-18T13:26:18,9200.0,22.2,S
2021-06-18T13:26:04,100.0,22.25,B
2021-06-18T13:25:48,1000.0,22.2,S
2021-06-18T13:25:25,300.0,22.2,S
2021-06-18T13:25:15,300.0,22.25,B
2021-06-18T13:24:33,500.0,22.2,S
2021-06-18T13:24:24,3000.0,22.2,S
2021-06-18T13:24:19,700.0,22.2,S
2021-06-18T13:24:14,700.0,22.25,B
2021-06-18T13:24:05,700.0,22.2,S
2021-06-18T13:23:48,200.0,22.2,S
2021-06-18T13:22:10,2000.0,22.2,S
2021-06-18T13:22:05,200.0,22.25,S
2021-06-18T13:22:04,2900.0,22.25,S
2021-06-18T13:21:42,2000.0,22.25,S
2021-06-18T13:21:31,100.0,22.25,S
2021-06-18T13:21:25,700.0,22.25,S
2021-06-18T13:20:12,100.0,22.25,S
2021-06-18T13:20:05,1000.0,22.3,B
2021-06-18T13:19:59,300.0,22.25,S
2021-06-18T13:19:47,300.0,22.25,S
2021-06-18T13:19:25,100.0,22.25,S
2021-06-18T13:19:19,100.0,22.25,B
2021-06-18T13:18:48,700.0,22.25,B
2021-06-18T13:18:39,400.0,22.25,B
2021-06-18T13:18:39,400.0,22.3,B
2021-06-18T13:18:17,2400.0,22.3,B
2021-06-18T13:18:03,1000.0,22.25,B
2021-06-18T13:17:53,100.0,22.25,B
2021-06-18T13:17:52,1000.0,22.2,S
2021-06-18T13:17:42,3000.0,22.25,B
2021-06-18T13:17:03,900.0,22.25,B
2021-06-18T13:16:12,700.0,22.2,S
2021-06-18T13:16:11,800.0,22.3,B
2021-06-18T13:16:11,9200.0,22.3,B
2021-06-18T13:15:39,100.0,22.25,B
2021-06-18T13:15:15,700.0,22.25,S
2021-06-18T13:15:15,600.0,22.25,S
2021-06-18T13:14:51,100.0,22.25,S
2021-06-18T13:14:00,700.0,22.25,S
2021-06-18T13:13:27,2300.0,22.2,S
2021-06-18T13:12:40,5000.0,22.2,S
2021-06-18T13:12:29,1000.0,22.3,B
2021-06-18T13:12:20,400.0,22.25,S
2021-06-18T13:12:15,500.0,22.25,S
2021-06-18T13:12:13,3200.0,22.2,S
2021-06-18T13:11:59,100.0,22.25,B
2021-06-18T13:11:44,400.0,22.2,S
2021-06-18T13:11:37,100.0,22.25,B
2021-06-18T13:11:00,200.0,22.25,S
2021-06-18T13:10:57,100.0,22.25,S
2021-06-18T13:10:57,200.0,22.25,S
2021-06-18T13:10:41,2000.0,22.3,B
2021-06-18T13:10:25,300.0,22.3,B
2021-06-18T13:10:04,2000.0,22.3,B
2021-06-18T13:09:19,200.0,22.3,B
2021-06-18T13:08:43,100.0,22.25,S
2021-06-18T13:08:23,200.0,22.25,S
2021-06-18T13:08:23,500.0,22.25,S
2021-06-18T13:08:17,200.0,22.25,S
2021-06-18T13:08:13,100.0,22.25,S
2021-06-18T13:07:59,400.0,22.3,B
2021-06-18T13:07:18,4500.0,22.25,B
2021-06-18T13:07:17,2000.0,22.25,B
2021-06-18T13:07:10,100.0,22.25,B
2021-06-18T13:06:33,1500.0,22.25,B
2021-06-18T13:06:19,1000.0,22.2,S
2021-06-18T13:06:05,100.0,22.2,S
2021-06-18T13:05:50,700.0,22.2,S
2021-06-18T13:05:34,100.0,22.2,S
2021-06-18T13:04:44,500.0,22.2,S
2021-06-18T13:04:26,300.0,22.2,S
2021-06-18T13:03:12,100.0,22.2,B
2021-06-18T13:02:39,100.0,22.2,B
2021-06-18T13:02:38,700.0,22.2,B
2021-06-18T13:02:26,600.0,22.15,S
2021-06-18T13:02:26,1600.0,22.15,S
2021-06-18T13:01:14,700.0,22.15,S
2021-06-18T13:00:41,100.0,22.15,B
2021-06-18T13:00:40,100.0,22.2,B
2021-06-18T13:00:39,500.0,22.2,B
2021-06-18T13:00:36,300.0,22.15,B
2021-06-18T13:00:36,100.0,22.15,B
2021-06-18T13:00:35,1000.0,22.15,B
2021-06-18T13:00:32,200.0,22.15,B
2021-06-18T11:28:59,100.0,22.1,S
2021-06-18T11:28:47,500.0,22.15,B
2021-06-18T11:28:06,200.0,22.1,S
2021-06-18T11:27:46,3000.0,22.15,B
2021-06-18T11:27:26,300.0,22.1,S
2021-06-18T11:26:07,900.0,22.15,S
2021-06-18T11:25:14,800.0,22.15,S
2021-06-18T11:25:14,100.0,22.15,S
2021-06-18T11:25:02,700.0,22.2,B
2021-06-18T11:25:02,4300.0,22.2,B
2021-06-18T11:23:22,100.0,22.15,S
2021-06-18T11:22:55,1000.0,22.2,B
2021-06-18T11:22:54,100.0,22.1,S
2021-06-18T11:22:41,3000.0,22.2,B
2021-06-18T11:21:57,1000.0,22.15,S
2021-06-18T11:21:49,400.0,22.15,S
2021-06-18T11:21:37,3900.0,22.2,B
2021-06-18T11:21:37,1100.0,22.2,B
2021-06-18T11:20:37,4000.0,22.2,B
2021-06-18T11:19:51,200.0,22.2,B
2021-06-18T11:19:40,2000.0,22.2,B
2021-06-18T11:19:04,2200.0,22.2,B
2021-06-18T11:19:02,100.0,22.15,B
2021-06-18T11:18:33,900.0,22.1,S
2021-06-18T11:18:16,1000.0,22.15,S
2021-06-18T11:17:00,100.0,22.15,S
2021-06-18T11:16:31,100.0,22.15,B
2021-06-18T11:15:59,100.0,22.1,S
2021-06-18T11:15:43,200.0,22.1,S
2021-06-18T11:15:37,2400.0,22.1,B
2021-06-18T11:15:36,200.0,22.1,B
2021-06-18T11:15:28,1000.0,22.1,B
2021-06-18T11:15:16,900.0,22.05,S
2021-06-18T11:14:38,200.0,22.1,S
2021-06-18T11:14:30,1600.0,22.1,S
2021-06-18T11:13:59,300.0,22.1,B
2021-06-18T11:13:59,100.0,22.1,B
2021-06-18T11:13:16,200.0,22.05,S
2021-06-18T11:12:21,500.0,22.1,B
2021-06-18T11:11:56,300.0,22.1,S
2021-06-18T11:11:16,900.0,22.05,S
2021-06-18T11:11:16,2100.0,22.05,S
2021-06-18T11:11:16,100.0,22.05,S
2021-06-18T11:11:15,1100.0,22.05,S
2021-06-18T11:08:48,100.0,22.1,S
2021-06-18T11:08:38,900.0,22.1,S
2021-06-18T11:08:18,100.0,22.15,B
2021-06-18T11:06:43,100.0,22.1,S
2021-06-18T11:06:35,1000.0,22.05,S
2021-06-18T11:06:09,100.0,22.1,S
2021-06-18T11:05:38,1800.0,22.1,B
2021-06-18T11:05:33,5000.0,22.1,B
2021-06-18T11:05:17,900.0,22.05,S
2021-06-18T11:05:01,10000.0,22.1,B
2021-06-18T11:02:53,200.0,22.1,B
2021-06-18T11:02:43,100.0,22.05,S
2021-06-18T11:02:00,4000.0,22.05,S
2021-06-18T11:01:55,900.0,22.05,S
2021-06-18T11:01:31,100.0,22.1,B
2021-06-18T11:00:46,100.0,22.1,B
2021-06-18T11:00:30,100.0,22.1,S
2021-06-18T11:00:30,900.0,22.1,S
2021-06-18T11:00:21,800.0,22.1,S
2021-06-18T11:00:18,200.0,22.1,S
2021-06-18T10:59:42,1000.0,22.1,S
2021-06-18T10:59:09,7100.0,22.1,S
2021-06-18T10:58:41,900.0,22.1,S
2021-06-18T10:57:51,1000.0,22.15,B
2021-06-18T10:57:42,500.0,22.1,S
2021-06-18T10:57:28,200.0,22.1,S
2021-06-18T10:57:28,5000.0,22.15,B
2021-06-18T10:57:26,1000.0,22.1,S
2021-06-18T10:56:45,1000.0,22.15,B
2021-06-18T10:55:34,700.0,22.15,S
2021-06-18T10:55:26,900.0,22.15,S
2021-06-18T10:55:14,500.0,22.15,S
2021-06-18T10:55:11,3000.0,22.15,S
2021-06-18T10:55:04,1000.0,22.15,S
2021-06-18T10:54:59,1000.0,22.15,S
2021-06-18T10:54:26,1000.0,22.2,B
2021-06-18T10:54:02,3000.0,22.2,B
2021-06-18T10:53:41,500.0,22.2,B
2021-06-18T10:53:36,2500.0,22.15,S
2021-06-18T10:52:47,3000.0,22.2,B
2021-06-18T10:52:29,500.0,22.2,B
2021-06-18T10:52:23,100.0,22.15,S
2021-06-18T10:52:11,900.0,22.15,S
2021-06-18T10:50:39,200.0,22.15,S
2021-06-18T10:49:36,1300.0,22.2,S
2021-06-18T10:49:12,1800.0,22.2,S
2021-06-18T10:49:07,1000.0,22.2,S
2021-06-18T10:48:56,1000.0,22.2,S
2021-06-18T10:48:47,900.0,22.2,S
2021-06-18T10:48:37,5000.0,22.2,S
2021-06-18T10:48:28,500.0,22.2,S
2021-06-18T10:47:50,1000.0,22.2,S
2021-06-18T10:47:40,2000.0,22.2,S
2021-06-18T10:47:31,2000.0,22.2,S
2021-06-18T10:47:15,500.0,22.2,S
2021-06-18T10:46:50,34700.0,22.2,S
2021-06-18T10:46:48,900.0,22.25,B
2021-06-18T10:46:01,1000.0,22.25,S
2021-06-18T10:45:27,900.0,22.2,S
2021-06-18T10:45:26,500.0,22.25,B
2021-06-18T10:45:07,1700.0,22.25,S
2021-06-18T10:45:07,600.0,22.25,S
2021-06-18T10:45:07,2100.0,22.25,S
2021-06-18T10:45:06,500.0,22.25,S
2021-06-18T10:45:05,300.0,22.25,S
2021-06-18T10:44:42,200.0,22.25,S
2021-06-18T10:44:07,800.0,22.25,S
2021-06-18T10:44:03,1000.0,22.25,S
2021-06-18T10:43:08,3000.0,22.3,B
2021-06-18T10:42:47,10000.0,22.25,S
2021-06-18T10:42:09,900.0,22.25,S
2021-06-18T10:41:25,1000.0,22.25,S
2021-06-18T10:41:21,200.0,22.3,B
2021-06-18T10:40:56,1300.0,22.3,B
2021-06-18T10:39:20,2000.0,22.3,B
2021-06-18T10:39:11,1300.0,22.3,B
2021-06-18T10:39:04,100.0,22.25,S
2021-06-18T10:38:50,900.0,22.25,S
2021-06-18T10:38:49,5000.0,22.25,S
2021-06-18T10:38:36,500.0,22.25,S
2021-06-18T10:38:24,8000.0,22.3,B
2021-06-18T10:37:54,1200.0,22.25,S
2021-06-18T10:37:54,100.0,22.25,S
2021-06-18T10:36:22,500.0,22.25,S
2021-06-18T10:36:03,2000.0,22.25,S
2021-06-18T10:35:44,1000.0,22.25,S
2021-06-18T10:35:32,900.0,22.25,S
2021-06-18T10:35:12,100.0,22.25,S
2021-06-18T10:35:06,100.0,22.3,B
2021-06-18T10:32:50,500.0,22.25,S
2021-06-18T10:32:21,5000.0,22.25,S
2021-06-18T10:32:14,900.0,22.25,S
2021-06-18T10:31:51,1000.0,22.25,S
2021-06-18T10:31:45,1000.0,22.3,B
2021-06-18T10:31:29,500.0,22.3,B
2021-06-18T10:31:19,200.0,22.3,B
2021-06-18T10:30:50,100.0,22.3,B
2021-06-18T10:30:02,100.0,22.3,S
2021-06-18T10:29:34,100.0,22.3,S
2021-06-18T10:29:21,1500.0,22.3,S
2021-06-18T10:29:21,600.0,22.3,S
2021-06-18T10:29:21,4100.0,22.3,S
2021-06-18T10:29:05,500.0,22.3,S
2021-06-18T10:29:02,100.0,22.3,S
2021-06-18T10:28:59,900.0,22.3,S
2021-06-18T10:28:46,200.0,22.3,S
2021-06-18T10:27:42,1000.0,22.3,S
2021-06-18T10:27:34,4600.0,22.3,S
2021-06-18T10:27:19,100.0,22.3,S
2021-06-18T10:27:19,100.0,22.3,S
2021-06-18T10:27:18,5800.0,22.3,S
2021-06-18T10:27:12,200.0,22.3,S
2021-06-18T10:27:10,300.0,22.3,S
2021-06-18T10:26:33,100.0,22.3,S
2021-06-18T10:26:27,500.0,22.3,S
2021-06-18T10:25:50,1100.0,22.3,S
2021-06-18T10:25:50,900.0,22.35,S
2021-06-18T10:25:39,100.0,22.35,S
2021-06-18T10:25:39,400.0,22.35,S
2021-06-18T10:25:39,400.0,22.35,S
2021-06-18T10:25:34,500.0,22.35,S
2021-06-18T10:25:34,100.0,22.35,S
2021-06-18T10:25:34,700.0,22.35,S
2021-06-18T10:25:25,800.0,22.4,B
2021-06-18T10:25:25,4000.0,22.4,B
2021-06-18T10:25:25,200.0,22.4,B
2021-06-18T10:25:11,20000.0,22.35,S
2021-06-18T10:23:59,3000.0,22.35,S
2021-06-18T10:23:32,2000.0,22.35,S
2021-06-18T10:22:53,100.0,22.35,S
2021-06-18T10:22:27,100.0,22.35,S
2021-06-18T10:22:26,300.0,22.35,S
2021-06-18T10:22:22,900.0,22.35,S
2021-06-18T10:21:25,2000.0,22.35,S
2021-06-18T10:21:20,200.0,22.4,B
2021-06-18T10:21:14,1000.0,22.4,B
2021-06-18T10:19:43,200.0,22.4,B
2021-06-18T10:19:07,200.0,22.4,B
2021-06-18T10:19:00,900.0,22.35,S
2021-06-18T10:18:22,100.0,22.4,B
2021-06-18T10:17:49,400.0,22.45,B
2021-06-18T10:17:38,900.0,22.4,S
2021-06-18T10:17:33,100.0,22.4,S
2021-06-18T10:17:33,3800.0,22.4,S
2021-06-18T10:17:33,100.0,22.4,S
2021-06-18T10:17:25,1100.0,22.45,B
2021-06-18T10:16:58,200.0,22.45,S
2021-06-18T10:16:38,2000.0,22.45,S
2021-06-18T10:16:29,2000.0,22.45,S
2021-06-18T10:16:20,2000.0,22.45,S
2021-06-18T10:16:06,100.0,22.45,S
2021-06-18T10:15:51,200.0,22.45,S
2021-06-18T10:15:45,3000.0,22.45,S
2021-06-18T10:15:42,900.0,22.45,S
2021-06-18T10:15:18,500.0,22.5,B
2021-06-18T10:15:16,5000.0,22.45,S
2021-06-18T10:15:15,1000.0,22.45,S
2021-06-18T10:15:09,1000.0,22.45,S
2021-06-18T10:14:43,200.0,22.45,S
2021-06-18T10:14:30,1100.0,22.45,S
2021-06-18T10:14:24,5200.0,22.45,S
2021-06-18T10:14:19,1800.0,22.45,S
2021-06-18T10:14:02,200.0,22.45,S
2021-06-18T10:13:58,2100.0,22.4,S
2021-06-18T10:13:58,7900.0,22.4,S
2021-06-18T10:13:44,5200.0,22.45,S
2021-06-18T10:13:33,400.0,22.45,S
2021-06-18T10:13:26,1000.0,22.5,B
2021-06-18T10:13:13,900.0,22.45,S
2021-06-18T10:12:55,500.0,22.5,B
2021-06-18T10:12:23,900.0,22.45,S
2021-06-18T10:12:06,400.0,22.45,S
2021-06-18T10:12:03,400.0,22.5,B
2021-06-18T10:11:28,1000.0,22.5,B
2021-06-18T10:10:34,1000.0,22.5,B
2021-06-18T10:10:26,1000.0,22.5,B
2021-06-18T10:10:18,1000.0,22.45,S
2021-06-18T10:10:04,1100.0,22.45,S
2021-06-18T10:09:58,1000.0,22.5,B
2021-06-18T10:09:54,200.0,22.45,S
2021-06-18T10:09:43,1000.0,22.5,B
2021-06-18T10:09:37,1000.0,22.45,S
2021-06-18T10:09:27,1000.0,22.5,B
2021-06-18T10:09:04,900.0,22.45,S
2021-06-18T10:08:57,2000.0,22.45,S
2021-06-18T10:08:49,3500.0,22.45,S
2021-06-18T10:08:41,1000.0,22.45,S
2021-06-18T10:08:40,200.0,22.45,S
2021-06-18T10:08:32,1000.0,22.5,B
2021-06-18T10:08:30,200.0,22.45,S
2021-06-18T10:08:26,2000.0,22.45,S
2021-06-18T10:08:09,1500.0,22.45,S
2021-06-18T10:07:48,400.0,22.45,S
2021-06-18T10:07:46,400.0,22.5,B
2021-06-18T10:07:45,3000.0,22.45,S
2021-06-18T10:07:43,500.0,22.45,S
2021-06-18T10:07:42,1000.0,22.45,S
2021-06-18T10:07:37,100.0,22.5,B
2021-06-18T10:07:24,5000.0,22.45,S
2021-06-18T10:06:10,100.0,22.45,B
2021-06-18T10:05:54,2500.0,22.45,B
2021-06-18T10:05:52,500.0,22.4,S
2021-06-18T10:05:52,100.0,22.4,S
2021-06-18T10:05:52,400.0,22.4,S
2021-06-18T10:05:52,1000.0,22.4,S
2021-06-18T10:05:50,900.0,22.4,S
2021-06-18T10:05:50,9900.0,22.4,S
2021-06-18T10:05:35,100.0,22.4,S
2021-06-18T10:04:54,100.0,22.4,S
2021-06-18T10:04:30,500.0,22.4,S
2021-06-18T10:04:10,7000.0,22.4,S
2021-06-18T10:04:08,200.0,22.4,S
2021-06-18T10:04:05,200.0,22.4,S
2021-06-18T10:03:58,5200.0,22.4,S
2021-06-18T10:03:56,100.0,22.4,S
2021-06-18T10:03:50,400.0,22.4,S
2021-06-18T10:03:18,2700.0,22.4,S
2021-06-18T10:02:37,900.0,22.4,S
2021-06-18T10:02:29,3000.0,22.4,S
2021-06-18T10:02:14,1000.0,22.4,S
2021-06-18T10:02:04,2600.0,22.4,S
2021-06-18T10:01:39,100.0,22.45,S
2021-06-18T10:01:17,300.0,22.45,S
2021-06-18T10:01:11,1700.0,22.5,B
2021-06-18T10:01:11,800.0,22.5,B
2021-06-18T10:00:58,1800.0,22.5,B
2021-06-18T10:00:33,100.0,22.5,B
2021-06-18T10:00:13,300.0,22.5,B
2021-06-18T09:59:23,100.0,22.5,B
2021-06-18T09:59:10,900.0,22.4,S
2021-06-18T09:58:46,7000.0,22.5,B
2021-06-18T09:58:30,1000.0,22.5,B
2021-06-18T09:58:11,20000.0,22.5,B
2021-06-18T09:58:02,4400.0,22.5,B
2021-06-18T09:57:51,400.0,22.5,B
2021-06-18T09:57:15,1100.0,22.4,S
2021-06-18T09:56:58,400.0,22.4,S
2021-06-18T09:56:48,300.0,22.5,B
2021-06-18T09:56:19,100.0,22.4,S
2021-06-18T09:56:17,300.0,22.4,S
2021-06-18T09:56:17,600.0,22.4,S
2021-06-18T09:55:18,200.0,22.5,B
2021-06-18T09:54:57,300.0,22.5,B
2021-06-18T09:54:52,100.0,22.5,B
2021-06-18T09:54:52,100.0,22.5,B
2021-06-18T09:54:38,300.0,22.5,B
2021-06-18T09:54:37,700.0,22.5,B
2021-06-18T09:54:00,100.0,22.5,B
2021-06-18T09:53:56,100.0,22.5,B
2021-06-18T09:53:44,500.0,22.5,B
2021-06-18T09:53:18,500.0,22.5,B
2021-06-18T09:53:15,300.0,22.5,B
2021-06-18T09:53:15,100.0,22.5,B
2021-06-18T09:53:02,100.0,22.5,B
2021-06-18T09:53:00,900.0,22.4,S
2021-06-18T09:52:53,200.0,22.5,B
2021-06-18T09:52:16,200.0,22.5,B
2021-06-18T09:52:02,1000.0,22.4,S
2021-06-18T09:51:52,200.0,22.5,B
2021-06-18T09:51:47,700.0,22.5,B
2021-06-18T09:51:47,1300.0,22.5,B
2021-06-18T09:51:46,1000.0,22.5,B
2021-06-18T09:51:26,900.0,22.5,B
2021-06-18T09:51:17,1000.0,22.4,S
2021-06-18T09:50:52,200.0,22.5,B
2021-06-18T09:50:45,4500.0,22.5,B
2021-06-18T09:50:36,300.0,22.5,B
2021-06-18T09:50:28,1100.0,22.5,B
2021-06-18T09:50:20,700.0,22.5,B
2021-06-18T09:50:06,100.0,22.5,S
2021-06-18T09:49:52,1200.0,22.5,S
2021-06-18T09:49:42,1000.0,22.5,S
2021-06-18T09:49:40,16100.0,22.5,S
2021-06-18T09:49:33,900.0,22.5,S
2021-06-18T09:49:27,100.0,22.5,S
2021-06-18T09:48:46,2200.0,22.5,S
2021-06-18T09:47:56,2700.0,22.5,B
2021-06-18T09:47:56,1000.0,22.5,B
2021-06-18T09:47:56,2500.0,22.5,B
2021-06-18T09:47:56,7000.0,22.5,B
2021-06-18T09:47:19,10000.0,22.5,B
2021-06-18T09:47:19,300.0,22.5,B
2021-06-18T09:47:15,5000.0,22.5,B
2021-06-18T09:46:54,2000.0,22.5,B
2021-06-18T09:46:46,100.0,22.4,B
2021-06-18T09:46:29,200.0,22.5,B
2021-06-18T09:46:18,1300.0,22.4,B
2021-06-18T09:46:06,800.0,22.4,B
2021-06-18T09:45:56,900.0,22.3,B
2021-06-18T09:45:56,1100.0,22.3,B
2021-06-18T09:45:54,100.0,22.4,B
2021-06-18T09:45:24,1100.0,22.4,B
2021-06-18T09:45:24,18900.0,22.4,B
2021-06-18T09:44:58,300.0,22.3,B
2021-06-18T09:44:41,500.0,22.3,B
2021-06-18T09:44:40,100.0,22.3,B
2021-06-18T09:44:36,100.0,22.3,B
2021-06-18T09:44:36,9000.0,22.3,B
2021-06-18T09:44:08,4900.0,22.3,B
2021-06-18T09:44:08,4500.0,22.3,B
2021-06-18T09:43:45,5000.0,22.2,S
2021-06-18T09:43:02,700.0,22.2,S
2021-06-18T09:42:46,500.0,22.15,S
2021-06-18T09:42:40,100.0,22.2,S
2021-06-18T09:42:31,2000.0,22.2,B
2021-06-18T09:42:31,2000.0,22.2,B
2021-06-18T09:42:09,1000.0,22.2,B
2021-06-18T09:41:25,8500.0,22.2,B
2021-06-18T09:41:20,5000.0,22.2,B
2021-06-18T09:41:17,700.0,22.0,S
2021-06-18T09:41:17,2300.0,22.0,S
2021-06-18T09:41:17,100.0,22.1,S
2021-06-18T09:41:17,2900.0,22.1,S
2021-06-18T09:41:08,400.0,22.2,B
2021-06-18T09:41:05,800.0,22.2,B
2021-06-18T09:40:20,7000.0,22.2,B
2021-06-18T09:39:56,1200.0,22.15,B
2021-06-18T09:39:56,10000.0,22.15,B
2021-06-18T09:39:56,1000.0,22.15,B
2021-06-18T09:39:31,100.0,22.15,B
2021-06-18T09:39:30,600.0,22.15,B
2021-06-18T09:39:29,3400.0,22.15,B
2021-06-18T09:39:29,5100.0,22.15,B
2021-06-18T09:38:49,1700.0,22.15,B
2021-06-18T09:38:49,500.0,22.15,B
2021-06-18T09:38:48,2800.0,22.15,B
2021-06-18T09:38:47,2000.0,22.0,S
2021-06-18T09:38:41,700.0,22.1,S
2021-06-18T09:38:26,500.0,22.1,S
2021-06-18T09:38:26,1000.0,22.0,S
2021-06-18T09:38:16,3000.0,22.1,S
2021-06-18T09:38:14,5000.0,22.1,S
2021-06-18T09:38:13,100.0,22.1,S
2021-06-18T09:37:37,2000.0,22.1,S
2021-06-18T09:37:36,6100.0,22.1,S
2021-06-18T09:37:17,500.0,22.15,B
2021-06-18T09:37:09,300.0,22.1,S
2021-06-18T09:36:55,800.0,22.1,S
2021-06-18T09:36:55,1200.0,22.15,B
2021-06-18T09:36:55,800.0,22.15,B
2021-06-18T09:35:58,500.0,22.15,B
2021-06-18T09:35:56,1000.0,22.1,S
2021-06-18T09:35:56,1000.0,22.15,B
2021-06-18T09:34:30,1000.0,22.15,S
2021-06-18T09:34:01,700.0,22.15,S
2021-06-18T09:33:44,1000.0,22.15,S
2021-06-18T09:32:50,200.0,22.15,S
2021-06-18T09:32:20,1000.0,22.15,S
2021-06-18T09:32:20,100.0,22.15,S
2021-06-18T09:32:20,2300.0,22.15,S
2021-06-18T09:32:19,500.0,22.15,S
2021-06-18T09:32:00,1000.0,22.15,S
2021-06-18T09:31:38,100.0,22.15,S
2021-06-18T09:31:36,600.0,22.2,B
2021-06-18T09:31:26,1000.0,22.15,S
2021-06-18T09:31:11,3000.0,22.2,S
2021-06-18T09:30:59,500.0,22.15,S
2021-06-18T09:30:23,500.0,22.15,S
2021-06-18T09:30:21,2200.0,22.2,S
2021-06-18T09:30:20,200.0,22.2,S
2021-06-18T09:30:18,6900.0,22.2,S
2021-06-18T09:30:18,3100.0,22.2,S
2021-06-18T09:30:06,100.0,22.3,B
2021-06-18T09:29:47,100.0,22.2,S
2021-06-18T09:29:25,800.0,22.2,S
2021-06-18T09:29:16,1600.0,22.3,B
2021-06-18T09:29:16,2300.0,22.3,B
2021-06-18T09:29:10,300.0,22.25,S
2021-06-18T09:28:39,200.0,22.3,B
2021-06-18T09:28:37,100.0,22.3,B
2021-06-18T09:28:34,100.0,22.2,S
2021-06-18T09:28:31,1400.0,22.2,S
2021-06-18T09:28:24,1000.0,22.3,B
2021-06-18T09:28:14,100.0,22.3,B
2021-06-18T09:28:04,800.0,22.2,S
2021-06-18T09:28:04,200.0,22.2,S
2021-06-18T09:28:00,200.0,22.3,B
2021-06-18T09:27:56,100.0,22.2,S
2021-06-18T09:27:44,100.0,22.2,S
2021-06-18T09:27:44,2700.0,22.2,S
2021-06-18T09:27:41,1100.0,22.2,S
2021-06-18T09:27:24,1200.0,22.2,S
2021-06-18T09:27:09,500.0,22.3,B
2021-06-18T09:27:09,1000.0,22.3,B
2021-06-18T09:27:07,100.0,22.3,B
2021-06-18T09:27:06,2000.0,22.3,B
2021-06-18T09:26:55,3000.0,22.2,S
2021-06-18T09:26:42,800.0,22.2,S
2021-06-18T09:26:35,2000.0,22.3,B
2021-06-18T09:26:32,200.0,22.3,B
2021-06-18T09:26:31,1000.0,22.3,B
2021-06-18T09:26:29,800.0,22.3,B
2021-06-18T09:26:29,100.0,22.3,B
2021-06-18T09:26:28,100.0,22.3,B
2021-06-18T09:26:28,400.0,22.3,B
2021-06-18T09:26:24,100.0,22.3,B
2021-06-18T09:25:25,1000.0,22.3,S
2021-06-18T09:24:29,1400.0,22.3,S
2021-06-18T09:23:33,2000.0,22.4,S
2021-06-18T09:22:51,500.0,22.4,S
2021-06-18T09:22:44,5900.0,22.3,S
2021-06-18T09:22:44,800.0,22.3,S
2021-06-18T09:22:40,200.0,22.4,S
2021-06-18T09:22:34,500.0,22.4,S
2021-06-18T09:22:16,200.0,22.4,S
2021-06-18T09:21:50,300.0,22.4,S
2021-06-18T09:21:48,100.0,22.4,S
2021-06-18T09:21:45,500.0,22.5,B
2021-06-18T09:21:38,100.0,22.5,S
2021-06-18T09:21:30,300.0,22.5,S
2021-06-18T09:21:19,1000.0,22.5,S
2021-06-18T09:21:18,600.0,22.5,S
2021-06-18T09:21:13,700.0,22.6,B
2021-06-18T09:21:11,3000.0,22.5,S
2021-06-18T09:21:08,100.0,22.55,S
2021-06-18T09:21:04,100.0,22.55,S
2021-06-18T09:20:34,100.0,22.55,S
2021-06-18T09:20:27,200.0,22.6,B
2021-06-18T09:20:03,1500.0,22.5,S
2021-06-18T09:19:56,2500.0,22.5,S
2021-06-18T09:19:52,1900.0,22.5,S
2021-06-18T09:19:40,400.0,22.5,S
2021-06-18T09:19:32,100.0,22.5,S
2021-06-18T09:19:30,2000.0,22.5,S
2021-06-18T09:19:23,200.0,22.6,B
2021-06-18T09:19:22,900.0,22.6,B
2021-06-18T09:18:59,1000.0,22.5,S
2021-06-18T09:18:18,1400.0,22.6,B
2021-06-18T09:18:18,100.0,22.6,B
2021-06-18T09:18:03,800.0,22.6,B
2021-06-18T09:17:58,400.0,22.6,B
2021-06-18T09:17:24,200.0,22.6,B
2021-06-18T09:17:24,600.0,22.6,B
2021-06-18T09:17:09,1000.0,22.6,B
2021-06-18T09:17:07,1300.0,22.4,B
2021-06-18T09:16:45,2400.0,22.3,B
2021-06-18T09:16:36,500.0,22.3,B
2021-06-18T09:16:33,100.0,22.3,B
2021-06-18T09:16:32,5000.0,22.2,S
2021-06-18T09:16:14,300.0,22.3,B
2021-06-18T09:16:04,800.0,22.2,S
