tradingTime,volume,price,side
2021-06-18T14:28:36,22500.0,3.61,S
2021-06-18T14:27:51,1000.0,3.61,S
2021-06-18T14:27:50,9000.0,3.62,B
2021-06-18T14:27:43,1300.0,3.61,S
2021-06-18T14:27:24,20000.0,3.61,S
2021-06-18T14:27:19,100.0,3.61,S
2021-06-18T14:27:16,200.0,3.61,S
2021-06-18T14:26:33,5000.0,3.61,S
2021-06-18T14:26:27,10000.0,3.61,S
2021-06-18T14:26:25,700.0,3.61,S
2021-06-18T14:25:57,19000.0,3.61,S
2021-06-18T14:25:44,2200.0,3.61,S
2021-06-18T14:24:37,300.0,3.61,S
2021-06-18T14:23:27,10000.0,3.61,S
2021-06-18T14:23:27,52000.0,3.61,S
2021-06-18T14:23:27,2900.0,3.61,S
2021-06-18T14:23:10,10000.0,3.61,B
2021-06-18T14:23:09,100.0,3.61,B
2021-06-18T14:23:06,1500.0,3.61,B
2021-06-18T14:22:49,3000.0,3.61,B
2021-06-18T14:22:48,1000.0,3.61,B
2021-06-18T14:22:44,200.0,3.61,B
2021-06-18T14:22:43,2700.0,3.61,B
2021-06-18T14:22:42,500.0,3.61,B
2021-06-18T14:22:29,200.0,3.6,S
2021-06-18T14:22:29,500.0,3.61,B
2021-06-18T14:22:29,3000.0,3.61,B
2021-06-18T14:22:28,2000.0,3.61,B
2021-06-18T14:22:28,5100.0,3.61,B
2021-06-18T14:21:34,5300.0,3.61,B
2021-06-18T14:21:34,15000.0,3.61,B
2021-06-18T14:21:32,1500.0,3.61,B
2021-06-18T14:21:32,300.0,3.61,B
2021-06-18T14:21:30,60000.0,3.6,S
2021-06-18T14:20:21,100.0,3.61,B
2021-06-18T14:20:21,5300.0,3.61,B
2021-06-18T14:20:21,200.0,3.61,B
2021-06-18T14:20:20,8900.0,3.61,B
2021-06-18T14:20:11,100.0,3.61,B
2021-06-18T14:20:10,2100.0,3.61,B
2021-06-18T14:20:10,1400.0,3.61,B
2021-06-18T14:20:10,3600.0,3.61,B
2021-06-18T14:20:08,300.0,3.62,B
2021-06-18T14:17:58,1800.0,3.61,S
2021-06-18T14:17:43,100.0,3.61,S
2021-06-18T14:17:09,100.0,3.61,S
2021-06-18T14:17:09,100.0,3.61,S
2021-06-18T14:17:02,3000.0,3.61,S
2021-06-18T14:16:53,100.0,3.61,S
2021-06-18T14:15:55,300.0,3.61,S
2021-06-18T14:15:55,16700.0,3.61,S
2021-06-18T14:15:51,100.0,3.62,B
2021-06-18T14:15:26,1300.0,3.61,S
2021-06-18T14:15:26,400.0,3.62,B
2021-06-18T14:15:12,200.0,3.62,B
2021-06-18T14:15:12,100.0,3.62,B
2021-06-18T14:15:11,300.0,3.62,B
2021-06-18T14:15:01,200.0,3.62,B
2021-06-18T14:14:54,1500.0,3.61,S
2021-06-18T14:14:53,200.0,3.62,B
2021-06-18T14:14:39,200.0,3.62,B
2021-06-18T14:14:35,200.0,3.62,B
2021-06-18T14:14:34,300.0,3.62,B
2021-06-18T14:14:33,4500.0,3.61,S
2021-06-18T14:14:20,3000.0,3.62,B
2021-06-18T14:14:12,100.0,3.62,B
2021-06-18T14:14:10,100.0,3.62,B
2021-06-18T14:13:55,600.0,3.62,B
2021-06-18T14:13:50,300.0,3.62,B
2021-06-18T14:13:50,300.0,3.62,B
2021-06-18T14:13:46,1600.0,3.61,S
2021-06-18T14:13:46,2500.0,3.61,S
2021-06-18T14:13:45,25900.0,3.61,S
2021-06-18T14:13:45,100.0,3.62,S
2021-06-18T14:13:36,100.0,3.62,S
2021-06-18T14:13:36,1700.0,3.62,S
2021-06-18T14:13:34,4300.0,3.62,S
2021-06-18T14:13:30,100200.0,3.62,S
2021-06-18T14:13:25,100.0,3.62,S
2021-06-18T14:13:24,500.0,3.62,S
2021-06-18T14:13:22,1000.0,3.62,S
2021-06-18T14:13:22,2100.0,3.62,S
2021-06-18T14:13:22,3600.0,3.62,S
2021-06-18T14:13:22,10000.0,3.62,S
2021-06-18T14:13:22,4600.0,3.62,S
2021-06-18T14:13:22,300.0,3.62,S
2021-06-18T14:13:21,3000.0,3.62,S
2021-06-18T14:13:21,27000.0,3.62,S
2021-06-18T14:13:21,2700.0,3.62,S
2021-06-18T14:13:14,50000.0,3.62,S
2021-06-18T14:13:02,1000.0,3.63,B
2021-06-18T14:12:55,400.0,3.63,B
2021-06-18T14:12:38,800.0,3.63,B
2021-06-18T14:12:27,200.0,3.63,B
2021-06-18T14:12:02,100.0,3.63,B
2021-06-18T14:11:48,100.0,3.63,B
2021-06-18T14:11:36,2000.0,3.62,S
2021-06-18T14:11:32,1000.0,3.63,S
2021-06-18T14:11:31,10000.0,3.63,S
2021-06-18T14:11:31,100.0,3.63,S
2021-06-18T14:11:30,2300.0,3.63,S
2021-06-18T14:11:22,2300.0,3.63,S
2021-06-18T14:11:21,1000.0,3.63,S
2021-06-18T14:11:21,7700.0,3.63,S
2021-06-18T14:11:21,2300.0,3.63,S
2021-06-18T14:11:21,700.0,3.63,S
2021-06-18T14:11:18,2800.0,3.63,S
2021-06-18T14:11:18,7200.0,3.63,S
2021-06-18T14:11:16,11000.0,3.63,S
2021-06-18T14:11:05,2000.0,3.63,S
2021-06-18T14:10:56,3000.0,3.63,S
2021-06-18T14:10:53,100.0,3.63,S
2021-06-18T14:10:35,2400.0,3.63,S
2021-06-18T14:09:57,100.0,3.63,S
2021-06-18T14:09:56,900.0,3.63,S
2021-06-18T14:09:53,100.0,3.63,S
2021-06-18T14:09:49,3200.0,3.63,S
2021-06-18T14:09:32,6000.0,3.64,B
2021-06-18T14:09:22,2000.0,3.64,B
2021-06-18T14:09:20,1700.0,3.63,S
2021-06-18T14:09:11,300.0,3.64,B
2021-06-18T14:08:55,1000.0,3.63,S
2021-06-18T14:08:51,1000.0,3.63,S
2021-06-18T14:07:50,3000.0,3.63,S
2021-06-18T14:07:47,5400.0,3.63,S
2021-06-18T14:07:47,30100.0,3.63,S
2021-06-18T14:07:47,40200.0,3.63,S
2021-06-18T14:07:47,2400.0,3.63,S
2021-06-18T14:07:47,600.0,3.63,S
2021-06-18T14:07:47,5600.0,3.63,S
2021-06-18T14:07:47,500.0,3.63,S
2021-06-18T14:07:47,35200.0,3.63,S
2021-06-18T14:07:44,45000.0,3.65,B
2021-06-18T14:07:26,1000.0,3.63,S
2021-06-18T14:06:52,3000.0,3.64,B
2021-06-18T14:06:41,200.0,3.64,S
2021-06-18T14:06:39,15900.0,3.64,S
2021-06-18T14:06:39,6100.0,3.64,S
2021-06-18T14:06:38,3000.0,3.65,B
2021-06-18T14:06:13,2500.0,3.65,B
2021-06-18T14:06:10,4000.0,3.64,S
2021-06-18T14:06:04,200.0,3.64,S
2021-06-18T14:06:01,1000.0,3.65,S
2021-06-18T14:05:50,5500.0,3.65,S
2021-06-18T14:05:34,10900.0,3.64,S
2021-06-18T14:05:34,1500.0,3.64,S
2021-06-18T14:05:34,26600.0,3.64,S
2021-06-18T14:05:34,1000.0,3.65,S
2021-06-18T14:05:34,10000.0,3.65,S
2021-06-18T14:05:33,200.0,3.66,B
2021-06-18T14:05:29,5000.0,3.65,S
2021-06-18T14:05:29,2000.0,3.66,B
2021-06-18T14:05:20,200.0,3.65,S
2021-06-18T14:05:11,2000.0,3.65,S
2021-06-18T14:04:50,50000.0,3.65,S
2021-06-18T14:04:48,300.0,3.66,B
2021-06-18T14:04:43,51800.0,3.65,S
2021-06-18T14:04:43,16200.0,3.65,S
2021-06-18T14:04:43,3000.0,3.65,S
2021-06-18T14:04:43,9000.0,3.65,S
2021-06-18T14:04:30,900.0,3.66,B
2021-06-18T14:04:23,23900.0,3.65,S
2021-06-18T14:04:19,200.0,3.66,B
2021-06-18T14:04:10,1000.0,3.66,S
2021-06-18T14:03:52,16800.0,3.66,S
2021-06-18T14:03:45,5000.0,3.66,S
2021-06-18T14:03:39,200.0,3.66,S
2021-06-18T14:03:27,3000.0,3.66,S
2021-06-18T14:03:26,100.0,3.66,S
2021-06-18T14:03:24,11200.0,3.65,S
2021-06-18T14:03:19,100.0,3.66,S
2021-06-18T14:03:11,3000.0,3.66,S
2021-06-18T14:03:11,1800.0,3.66,S
2021-06-18T14:03:11,300.0,3.66,S
2021-06-18T14:02:39,1000.0,3.67,B
2021-06-18T14:02:35,6200.0,3.66,S
2021-06-18T14:02:35,2000.0,3.66,S
2021-06-18T14:02:34,800.0,3.66,S
2021-06-18T14:02:11,10000.0,3.67,B
2021-06-18T14:02:04,500.0,3.66,S
2021-06-18T14:01:56,900.0,3.67,B
2021-06-18T14:01:56,8500.0,3.67,B
2021-06-18T14:01:32,200.0,3.67,B
2021-06-18T14:01:24,200.0,3.67,B
2021-06-18T14:00:48,1500.0,3.67,B
2021-06-18T14:00:45,500.0,3.67,B
2021-06-18T13:59:32,100.0,3.67,B
2021-06-18T13:59:31,400.0,3.66,S
2021-06-18T13:59:31,1000.0,3.66,S
2021-06-18T13:59:30,700.0,3.67,B
2021-06-18T13:59:30,5000.0,3.66,S
2021-06-18T13:59:27,20000.0,3.66,S
2021-06-18T13:58:56,5600.0,3.67,B
2021-06-18T13:58:24,1000.0,3.66,S
2021-06-18T13:58:24,10000.0,3.67,B
2021-06-18T13:58:24,200.0,3.67,B
2021-06-18T13:58:21,700.0,3.67,B
2021-06-18T13:58:01,5000.0,3.67,B
2021-06-18T13:58:01,500.0,3.67,B
2021-06-18T13:57:57,500.0,3.67,B
2021-06-18T13:57:44,300.0,3.66,S
2021-06-18T13:57:36,8500.0,3.66,S
2021-06-18T13:57:36,1000.0,3.66,S
2021-06-18T13:57:36,100.0,3.66,S
2021-06-18T13:57:36,1000.0,3.66,S
2021-06-18T13:57:36,22000.0,3.66,S
2021-06-18T13:57:35,1700.0,3.66,S
2021-06-18T13:57:35,15700.0,3.66,S
2021-06-18T13:57:26,200.0,3.67,B
2021-06-18T13:57:12,1000.0,3.66,S
2021-06-18T13:57:04,400.0,3.67,B
2021-06-18T13:57:01,500.0,3.67,B
2021-06-18T13:56:38,5000.0,3.66,S
2021-06-18T13:56:33,10000.0,3.67,B
2021-06-18T13:56:25,100.0,3.67,B
2021-06-18T13:56:08,5000.0,3.66,S
2021-06-18T13:55:48,5400.0,3.67,B
2021-06-18T13:55:33,3900.0,3.66,S
2021-06-18T13:54:50,1100.0,3.66,S
2021-06-18T13:54:49,100.0,3.66,S
2021-06-18T13:54:48,300.0,3.67,B
2021-06-18T13:54:46,300.0,3.66,S
2021-06-18T13:54:32,100.0,3.66,B
2021-06-18T13:54:09,200.0,3.67,B
2021-06-18T13:53:50,9000.0,3.66,B
2021-06-18T13:53:50,25000.0,3.66,B
2021-06-18T13:53:50,9200.0,3.66,B
2021-06-18T13:53:50,5000.0,3.66,B
2021-06-18T13:53:50,26700.0,3.66,B
2021-06-18T13:53:47,2000.0,3.66,B
2021-06-18T13:53:38,1000.0,3.66,B
2021-06-18T13:53:36,2000.0,3.66,B
2021-06-18T13:53:32,20000.0,3.66,B
2021-06-18T13:53:30,200.0,3.66,B
2021-06-18T13:53:28,6000.0,3.65,S
2021-06-18T13:53:22,500.0,3.66,B
2021-06-18T13:53:21,300.0,3.66,B
2021-06-18T13:53:13,2000.0,3.66,B
2021-06-18T13:52:58,1000.0,3.66,B
2021-06-18T13:52:56,3000.0,3.65,S
2021-06-18T13:52:56,100.0,3.66,B
2021-06-18T13:52:48,10000.0,3.66,B
2021-06-18T13:52:45,1000.0,3.66,B
2021-06-18T13:52:32,3000.0,3.66,B
2021-06-18T13:52:32,2000.0,3.66,B
2021-06-18T13:52:14,10000.0,3.66,B
2021-06-18T13:51:59,2000.0,3.65,S
2021-06-18T13:51:55,200.0,3.65,S
2021-06-18T13:51:54,900.0,3.65,S
2021-06-18T13:51:10,2000.0,3.65,S
2021-06-18T13:51:01,2000.0,3.65,B
2021-06-18T13:50:57,20000.0,3.65,B
2021-06-18T13:50:46,10000.0,3.65,B
2021-06-18T13:50:37,31400.0,3.65,B
2021-06-18T13:50:30,10000.0,3.65,B
2021-06-18T13:50:20,500.0,3.65,B
2021-06-18T13:50:19,100.0,3.65,B
2021-06-18T13:50:16,200.0,3.65,B
2021-06-18T13:50:13,300.0,3.65,B
2021-06-18T13:50:05,2000.0,3.65,B
2021-06-18T13:49:57,3400.0,3.65,B
2021-06-18T13:49:52,1800.0,3.65,B
2021-06-18T13:49:51,5000.0,3.65,B
2021-06-18T13:49:50,1000.0,3.65,B
2021-06-18T13:49:50,900.0,3.65,B
2021-06-18T13:49:48,100.0,3.65,B
2021-06-18T13:49:46,500.0,3.64,S
2021-06-18T13:49:42,500.0,3.65,B
2021-06-18T13:49:42,5000.0,3.65,B
2021-06-18T13:49:41,100.0,3.65,B
2021-06-18T13:49:41,500.0,3.65,B
2021-06-18T13:49:36,500.0,3.65,B
2021-06-18T13:49:35,1000.0,3.65,B
2021-06-18T13:49:31,10000.0,3.65,B
2021-06-18T13:49:24,500.0,3.65,B
2021-06-18T13:49:22,10000.0,3.65,B
2021-06-18T13:49:00,1000.0,3.65,B
2021-06-18T13:49:00,4700.0,3.65,B
2021-06-18T13:48:59,300.0,3.65,B
2021-06-18T13:48:58,100.0,3.65,B
2021-06-18T13:48:52,300.0,3.65,B
2021-06-18T13:48:49,200.0,3.65,B
2021-06-18T13:48:47,100.0,3.65,B
2021-06-18T13:48:45,500.0,3.64,S
2021-06-18T13:48:39,500.0,3.65,B
2021-06-18T13:48:35,300.0,3.65,B
2021-06-18T13:48:32,15900.0,3.65,B
2021-06-18T13:48:27,2200.0,3.64,S
2021-06-18T13:48:24,100.0,3.65,B
2021-06-18T13:48:24,4000.0,3.64,S
2021-06-18T13:48:23,3000.0,3.65,B
2021-06-18T13:48:22,400.0,3.65,B
2021-06-18T13:48:06,200.0,3.64,S
2021-06-18T13:48:00,100.0,3.64,S
2021-06-18T13:47:56,35000.0,3.64,S
2021-06-18T13:47:55,1000.0,3.64,S
2021-06-18T13:47:55,1100.0,3.65,B
2021-06-18T13:47:41,2000.0,3.64,S
2021-06-18T13:47:25,1400.0,3.64,S
2021-06-18T13:47:00,3000.0,3.64,B
2021-06-18T13:46:58,1000.0,3.65,B
2021-06-18T13:46:57,3200.0,3.65,B
2021-06-18T13:46:43,2000.0,3.65,B
2021-06-18T13:46:35,500.0,3.64,B
2021-06-18T13:46:33,25600.0,3.65,B
2021-06-18T13:46:33,100.0,3.65,B
2021-06-18T13:46:33,400.0,3.65,B
2021-06-18T13:46:33,100.0,3.65,B
2021-06-18T13:46:32,23800.0,3.65,B
2021-06-18T13:46:29,800.0,3.63,S
2021-06-18T13:46:05,800.0,3.65,B
2021-06-18T13:46:05,44200.0,3.65,B
2021-06-18T13:45:51,700.0,3.63,S
2021-06-18T13:45:49,100.0,3.64,S
2021-06-18T13:45:49,800.0,3.64,S
2021-06-18T13:45:30,600.0,3.65,B
2021-06-18T13:45:19,1000.0,3.63,S
2021-06-18T13:45:07,100.0,3.65,B
2021-06-18T13:45:04,500.0,3.63,S
2021-06-18T13:44:57,3000.0,3.63,S
2021-06-18T13:44:53,200.0,3.64,S
2021-06-18T13:44:24,500.0,3.63,S
2021-06-18T13:44:24,1000.0,3.63,S
2021-06-18T13:44:17,100.0,3.65,B
2021-06-18T13:44:04,1600.0,3.63,S
2021-06-18T13:44:02,10000.0,3.63,S
2021-06-18T13:43:51,300.0,3.63,S
2021-06-18T13:43:48,10600.0,3.63,S
2021-06-18T13:43:48,200.0,3.63,S
2021-06-18T13:43:41,2000.0,3.63,S
2021-06-18T13:43:23,500.0,3.63,S
2021-06-18T13:43:14,4500.0,3.63,S
2021-06-18T13:43:06,700.0,3.64,S
2021-06-18T13:43:05,200.0,3.65,B
2021-06-18T13:43:04,38800.0,3.65,B
2021-06-18T13:43:04,4500.0,3.65,B
2021-06-18T13:43:03,6700.0,3.64,S
2021-06-18T13:43:01,5000.0,3.63,S
2021-06-18T13:42:57,100.0,3.63,S
2021-06-18T13:42:55,100.0,3.63,S
2021-06-18T13:42:38,100.0,3.63,S
2021-06-18T13:42:30,11000.0,3.62,S
2021-06-18T13:42:30,39900.0,3.62,S
2021-06-18T13:42:30,3500.0,3.62,S
2021-06-18T13:42:30,26600.0,3.63,S
2021-06-18T13:42:27,3000.0,3.63,S
2021-06-18T13:42:27,3200.0,3.64,S
2021-06-18T13:42:25,300.0,3.63,S
2021-06-18T13:42:06,1000.0,3.63,S
2021-06-18T13:41:51,300.0,3.65,B
2021-06-18T13:41:42,5000.0,3.65,B
2021-06-18T13:41:40,3000.0,3.63,S
2021-06-18T13:41:28,600.0,3.63,S
2021-06-18T13:41:15,6000.0,3.65,B
2021-06-18T13:41:13,1000.0,3.65,B
2021-06-18T13:41:09,1500.0,3.63,S
2021-06-18T13:41:08,1000.0,3.63,S
2021-06-18T13:41:07,5000.0,3.65,B
2021-06-18T13:41:00,2000.0,3.65,B
2021-06-18T13:40:59,7400.0,3.65,B
2021-06-18T13:40:59,2300.0,3.65,B
2021-06-18T13:40:59,30300.0,3.65,B
2021-06-18T13:40:54,1000.0,3.65,B
2021-06-18T13:40:31,28500.0,3.63,S
2021-06-18T13:40:31,300.0,3.63,S
2021-06-18T13:40:31,55200.0,3.63,S
2021-06-18T13:40:31,1500.0,3.64,S
2021-06-18T13:40:17,200.0,3.64,S
2021-06-18T13:40:12,5000.0,3.65,B
2021-06-18T13:40:09,20000.0,3.65,B
2021-06-18T13:40:05,2000.0,3.64,S
2021-06-18T13:39:58,20000.0,3.64,S
2021-06-18T13:39:50,3000.0,3.65,B
2021-06-18T13:39:47,10000.0,3.64,S
2021-06-18T13:39:40,1000.0,3.65,B
2021-06-18T13:39:32,1800.0,3.65,B
2021-06-18T13:39:30,3000.0,3.65,B
2021-06-18T13:39:29,400.0,3.65,B
2021-06-18T13:39:29,5000.0,3.65,B
2021-06-18T13:39:24,37700.0,3.64,S
2021-06-18T13:39:24,1400.0,3.64,S
2021-06-18T13:39:24,9300.0,3.64,S
2021-06-18T13:39:02,100.0,3.65,B
2021-06-18T13:39:01,3000.0,3.65,B
2021-06-18T13:38:51,300.0,3.65,S
2021-06-18T13:38:49,800.0,3.65,S
2021-06-18T13:38:49,500.0,3.65,S
2021-06-18T13:38:49,1200.0,3.65,S
2021-06-18T13:38:49,1100.0,3.65,S
2021-06-18T13:38:49,34400.0,3.65,S
2021-06-18T13:38:43,300.0,3.65,S
2021-06-18T13:38:43,10300.0,3.65,S
2021-06-18T13:38:43,4900.0,3.65,S
2021-06-18T13:38:43,4000.0,3.65,S
2021-06-18T13:38:42,500.0,3.65,S
2021-06-18T13:38:42,4000.0,3.65,S
2021-06-18T13:38:38,200.0,3.65,S
2021-06-18T13:38:37,30000.0,3.65,S
2021-06-18T13:38:29,500.0,3.66,B
2021-06-18T13:38:23,100.0,3.65,S
2021-06-18T13:38:23,2900.0,3.65,S
2021-06-18T13:38:22,1900.0,3.65,S
2021-06-18T13:38:21,5000.0,3.65,S
2021-06-18T13:38:17,4700.0,3.65,S
2021-06-18T13:38:12,200.0,3.66,B
2021-06-18T13:38:06,2000.0,3.65,S
2021-06-18T13:38:04,200.0,3.66,B
2021-06-18T13:37:52,1000.0,3.66,B
2021-06-18T13:37:49,7600.0,3.66,B
2021-06-18T13:37:44,300.0,3.66,B
2021-06-18T13:37:42,2300.0,3.66,B
2021-06-18T13:37:31,2000.0,3.66,S
2021-06-18T13:37:19,300.0,3.66,S
2021-06-18T13:37:18,400.0,3.66,S
2021-06-18T13:37:07,500.0,3.66,S
2021-06-18T13:37:05,100.0,3.66,S
2021-06-18T13:37:00,800.0,3.66,S
2021-06-18T13:36:49,1200.0,3.66,S
2021-06-18T13:36:49,16600.0,3.66,S
2021-06-18T13:36:48,7700.0,3.67,B
2021-06-18T13:36:48,13000.0,3.67,B
2021-06-18T13:36:48,1600.0,3.67,B
2021-06-18T13:36:48,3500.0,3.67,B
2021-06-18T13:36:48,12400.0,3.67,B
2021-06-18T13:36:47,3600.0,3.67,B
2021-06-18T13:36:43,100.0,3.67,B
2021-06-18T13:36:42,10000.0,3.66,S
2021-06-18T13:36:38,2000.0,3.66,S
2021-06-18T13:36:37,600.0,3.66,S
2021-06-18T13:36:35,2600.0,3.66,S
2021-06-18T13:36:27,700.0,3.66,S
2021-06-18T13:36:27,14000.0,3.66,S
2021-06-18T13:36:27,100400.0,3.66,S
2021-06-18T13:36:23,3500.0,3.66,S
2021-06-18T13:36:23,34000.0,3.66,S
2021-06-18T13:36:22,5000.0,3.67,B
2021-06-18T13:36:18,2700.0,3.66,S
2021-06-18T13:36:16,3000.0,3.66,S
2021-06-18T13:36:10,29500.0,3.66,S
2021-06-18T13:36:06,1000.0,3.66,S
2021-06-18T13:36:06,1100.0,3.66,S
2021-06-18T13:36:01,10000.0,3.66,S
2021-06-18T13:35:55,2000.0,3.66,S
2021-06-18T13:35:52,1100.0,3.67,B
2021-06-18T13:35:51,1000.0,3.66,S
2021-06-18T13:35:46,400.0,3.67,B
2021-06-18T13:35:28,10600.0,3.66,S
2021-06-18T13:35:28,4900.0,3.67,B
2021-06-18T13:35:23,11000.0,3.66,S
2021-06-18T13:35:23,5000.0,3.66,S
2021-06-18T13:35:22,100.0,3.66,S
2021-06-18T13:35:18,200.0,3.67,B
2021-06-18T13:34:52,25000.0,3.66,S
2021-06-18T13:34:50,200.0,3.66,S
2021-06-18T13:34:31,2000.0,3.67,B
2021-06-18T13:34:05,1000.0,3.67,B
2021-06-18T13:34:02,300.0,3.66,S
2021-06-18T13:33:56,100.0,3.67,S
2021-06-18T13:33:39,1800.0,3.67,S
2021-06-18T13:33:24,500.0,3.67,S
2021-06-18T13:33:23,100.0,3.68,B
2021-06-18T13:33:22,5300.0,3.67,S
2021-06-18T13:33:20,3000.0,3.68,B
2021-06-18T13:33:17,500.0,3.68,B
2021-06-18T13:33:17,2000.0,3.68,B
2021-06-18T13:33:15,100.0,3.68,B
2021-06-18T13:33:09,1500.0,3.68,B
2021-06-18T13:33:07,3000.0,3.68,B
2021-06-18T13:33:03,200.0,3.68,B
2021-06-18T13:32:57,1000.0,3.68,B
2021-06-18T13:32:54,1000.0,3.68,B
2021-06-18T13:32:37,500.0,3.68,B
2021-06-18T13:32:31,1100.0,3.68,B
2021-06-18T13:32:09,200.0,3.68,B
2021-06-18T13:31:59,2900.0,3.68,S
2021-06-18T13:31:57,200.0,3.68,S
2021-06-18T13:31:57,1300.0,3.68,S
2021-06-18T13:31:57,100.0,3.68,S
2021-06-18T13:31:57,4100.0,3.68,S
2021-06-18T13:31:57,19300.0,3.68,S
2021-06-18T13:31:51,200.0,3.69,B
2021-06-18T13:31:49,10000.0,3.69,B
2021-06-18T13:31:31,200.0,3.69,S
2021-06-18T13:31:31,1100.0,3.69,S
2021-06-18T13:31:31,2000.0,3.69,S
2021-06-18T13:31:30,3400.0,3.69,S
2021-06-18T13:31:30,2300.0,3.69,S
2021-06-18T13:31:30,7700.0,3.69,S
2021-06-18T13:31:30,2000.0,3.69,S
2021-06-18T13:31:28,3600.0,3.69,S
2021-06-18T13:31:08,100.0,3.69,S
2021-06-18T13:31:06,17400.0,3.69,S
2021-06-18T13:31:01,2900.0,3.7,B
2021-06-18T13:31:00,200.0,3.7,B
2021-06-18T13:30:23,100.0,3.7,B
2021-06-18T13:30:00,1000.0,3.69,S
2021-06-18T13:29:50,100.0,3.7,B
2021-06-18T13:29:46,100.0,3.7,B
2021-06-18T13:29:44,500.0,3.7,B
2021-06-18T13:29:42,200.0,3.7,B
2021-06-18T13:29:37,3000.0,3.7,B
2021-06-18T13:29:33,3100.0,3.7,B
2021-06-18T13:29:26,800.0,3.7,B
2021-06-18T13:29:21,1000.0,3.7,B
2021-06-18T13:29:11,500.0,3.7,B
2021-06-18T13:29:05,2000.0,3.7,B
2021-06-18T13:28:59,4000.0,3.7,S
2021-06-18T13:28:50,500.0,3.7,S
2021-06-18T13:28:46,100.0,3.7,S
2021-06-18T13:28:41,10600.0,3.7,S
2021-06-18T13:28:31,1000.0,3.71,B
2021-06-18T13:28:31,200.0,3.71,B
2021-06-18T13:28:18,3300.0,3.7,S
2021-06-18T13:28:08,500.0,3.7,S
2021-06-18T13:28:08,8100.0,3.7,S
2021-06-18T13:28:08,200.0,3.7,S
2021-06-18T13:28:08,2900.0,3.7,S
2021-06-18T13:28:04,6000.0,3.7,S
2021-06-18T13:28:00,1000.0,3.71,B
2021-06-18T13:27:49,2400.0,3.7,S
2021-06-18T13:27:49,7100.0,3.7,S
2021-06-18T13:27:49,300.0,3.7,S
2021-06-18T13:27:49,200.0,3.7,S
2021-06-18T13:27:49,1300.0,3.7,S
2021-06-18T13:27:49,900.0,3.7,S
2021-06-18T13:27:35,100.0,3.7,S
2021-06-18T13:27:23,1200.0,3.71,B
2021-06-18T13:27:21,100.0,3.7,S
2021-06-18T13:27:02,5000.0,3.7,S
2021-06-18T13:27:01,500.0,3.71,B
2021-06-18T13:26:56,1000.0,3.71,B
2021-06-18T13:26:45,200.0,3.71,B
2021-06-18T13:26:31,3200.0,3.7,S
2021-06-18T13:26:31,500.0,3.7,S
2021-06-18T13:26:31,200.0,3.7,S
2021-06-18T13:26:31,200.0,3.7,S
2021-06-18T13:26:31,1000.0,3.7,S
2021-06-18T13:26:31,1300.0,3.7,S
2021-06-18T13:26:31,200.0,3.7,S
2021-06-18T13:26:31,19500.0,3.7,S
2021-06-18T13:26:31,500.0,3.7,S
2021-06-18T13:26:31,2600.0,3.7,S
2021-06-18T13:26:31,6000.0,3.7,S
2021-06-18T13:26:31,200.0,3.7,S
2021-06-18T13:26:31,5400.0,3.7,S
2021-06-18T13:26:31,300.0,3.7,S
2021-06-18T13:26:31,600.0,3.7,S
2021-06-18T13:26:31,10500.0,3.7,S
2021-06-18T13:26:31,1200.0,3.7,S
2021-06-18T13:26:31,200.0,3.7,S
2021-06-18T13:26:31,3200.0,3.7,S
2021-06-18T13:26:31,5900.0,3.7,S
2021-06-18T13:26:31,3300.0,3.7,S
2021-06-18T13:25:57,2000.0,3.71,S
2021-06-18T13:25:47,100.0,3.71,S
2021-06-18T13:25:30,2800.0,3.71,S
2021-06-18T13:25:25,500.0,3.71,S
2021-06-18T13:25:20,600.0,3.71,S
2021-06-18T13:25:15,200.0,3.71,S
2021-06-18T13:25:05,100.0,3.71,S
2021-06-18T13:24:44,100.0,3.71,S
2021-06-18T13:23:57,1000.0,3.71,S
2021-06-18T13:23:50,56300.0,3.71,S
2021-06-18T13:23:31,100.0,3.71,B
2021-06-18T13:23:24,10000.0,3.72,B
2021-06-18T13:23:15,100.0,3.71,B
2021-06-18T13:23:00,3000.0,3.72,B
2021-06-18T13:22:57,4900.0,3.71,B
2021-06-18T13:22:34,100.0,3.7,S
2021-06-18T13:22:29,100.0,3.71,S
2021-06-18T13:22:25,100.0,3.71,S
2021-06-18T13:22:24,2700.0,3.71,S
2021-06-18T13:22:07,4500.0,3.71,S
2021-06-18T13:22:05,100.0,3.71,S
2021-06-18T13:22:03,400.0,3.71,S
2021-06-18T13:22:02,4200.0,3.71,S
2021-06-18T13:22:02,1000.0,3.71,S
2021-06-18T13:22:02,8500.0,3.71,S
2021-06-18T13:22:02,1100.0,3.71,S
2021-06-18T13:21:58,100.0,3.72,B
2021-06-18T13:21:56,200.0,3.72,B
2021-06-18T13:21:47,400.0,3.72,B
2021-06-18T13:21:41,1000.0,3.72,B
2021-06-18T13:21:29,5000.0,3.72,B
2021-06-18T13:21:28,2000.0,3.71,S
2021-06-18T13:21:23,2000.0,3.72,B
2021-06-18T13:21:22,3800.0,3.71,S
2021-06-18T13:21:22,500.0,3.71,S
2021-06-18T13:21:22,5700.0,3.71,S
2021-06-18T13:21:14,10000.0,3.71,S
2021-06-18T13:21:09,200.0,3.72,B
2021-06-18T13:21:02,4800.0,3.72,B
2021-06-18T13:21:02,5200.0,3.72,B
2021-06-18T13:20:48,8000.0,3.71,S
2021-06-18T13:20:48,900.0,3.71,S
2021-06-18T13:20:48,1100.0,3.71,S
2021-06-18T13:20:48,200.0,3.72,B
2021-06-18T13:20:24,300.0,3.72,B
2021-06-18T13:20:21,100.0,3.72,B
2021-06-18T13:20:12,10000.0,3.72,B
2021-06-18T13:20:11,1000.0,3.72,B
2021-06-18T13:19:56,300.0,3.72,B
2021-06-18T13:19:54,2200.0,3.72,B
2021-06-18T13:19:43,200.0,3.72,B
2021-06-18T13:19:42,100.0,3.72,B
2021-06-18T13:19:40,500.0,3.72,B
2021-06-18T13:19:34,30000.0,3.72,B
2021-06-18T13:19:26,300.0,3.72,S
2021-06-18T13:19:18,6800.0,3.72,S
2021-06-18T13:19:17,500.0,3.72,S
2021-06-18T13:19:12,500.0,3.72,S
2021-06-18T13:19:05,700.0,3.72,S
2021-06-18T13:19:05,1400.0,3.72,S
2021-06-18T13:18:55,29700.0,3.72,S
2021-06-18T13:18:55,22800.0,3.72,S
2021-06-18T13:18:34,5000.0,3.72,S
2021-06-18T13:18:33,100.0,3.72,S
2021-06-18T13:18:19,500.0,3.72,S
2021-06-18T13:18:11,10000.0,3.73,B
2021-06-18T13:17:55,32400.0,3.72,S
2021-06-18T13:17:55,17600.0,3.72,S
2021-06-18T13:17:50,2000.0,3.73,B
2021-06-18T13:17:50,100.0,3.73,B
2021-06-18T13:17:26,100.0,3.73,B
2021-06-18T13:17:19,20000.0,3.72,S
2021-06-18T13:17:12,100.0,3.73,B
2021-06-18T13:17:02,300.0,3.73,B
2021-06-18T13:16:44,4100.0,3.73,B
2021-06-18T13:16:44,1100.0,3.73,B
2021-06-18T13:16:44,4800.0,3.73,B
2021-06-18T13:16:16,200.0,3.73,B
2021-06-18T13:16:05,1000.0,3.73,B
2021-06-18T13:16:04,200.0,3.73,B
2021-06-18T13:15:59,200.0,3.73,B
2021-06-18T13:15:37,100.0,3.73,B
2021-06-18T13:15:27,2000.0,3.73,B
2021-06-18T13:15:26,3300.0,3.72,S
2021-06-18T13:15:12,100.0,3.73,B
2021-06-18T13:14:59,1000.0,3.72,S
2021-06-18T13:14:54,5000.0,3.73,B
2021-06-18T13:14:52,100.0,3.72,S
2021-06-18T13:14:48,2000.0,3.73,B
2021-06-18T13:14:45,300.0,3.73,B
2021-06-18T13:14:28,1500.0,3.73,B
2021-06-18T13:14:24,1000.0,3.73,B
2021-06-18T13:14:18,400.0,3.73,B
2021-06-18T13:14:00,1400.0,3.72,S
2021-06-18T13:13:57,1200.0,3.73,B
2021-06-18T13:13:57,500.0,3.73,B
2021-06-18T13:13:57,10600.0,3.73,B
2021-06-18T13:13:23,1500.0,3.73,B
2021-06-18T13:13:23,1500.0,3.73,B
2021-06-18T13:13:12,300.0,3.73,B
2021-06-18T13:13:04,300.0,3.73,B
2021-06-18T13:12:38,100.0,3.73,B
2021-06-18T13:12:34,100.0,3.72,S
2021-06-18T13:12:32,100.0,3.73,B
2021-06-18T13:12:06,100.0,3.73,B
2021-06-18T13:11:52,5000.0,3.72,S
2021-06-18T13:11:34,4000.0,3.72,S
2021-06-18T13:11:27,200.0,3.72,S
2021-06-18T13:11:11,100.0,3.73,B
2021-06-18T13:11:05,1000.0,3.72,S
2021-06-18T13:10:49,1000.0,3.72,S
2021-06-18T13:10:39,16500.0,3.72,S
2021-06-18T13:10:39,2500.0,3.72,S
2021-06-18T13:10:39,1000.0,3.72,S
2021-06-18T13:10:29,4800.0,3.72,S
2021-06-18T13:10:13,100.0,3.72,S
2021-06-18T13:10:06,200.0,3.73,B
2021-06-18T13:10:03,10000.0,3.72,S
2021-06-18T13:10:03,900.0,3.73,B
2021-06-18T13:09:44,2800.0,3.73,B
2021-06-18T13:09:30,400.0,3.73,B
2021-06-18T13:09:22,3000.0,3.73,B
2021-06-18T13:08:32,2700.0,3.73,B
2021-06-18T13:07:34,2000.0,3.73,B
2021-06-18T13:07:18,500.0,3.72,S
2021-06-18T13:06:45,6500.0,3.72,S
2021-06-18T13:06:43,1800.0,3.73,B
2021-06-18T13:06:43,100.0,3.73,B
2021-06-18T13:06:43,2500.0,3.73,B
2021-06-18T13:06:43,2100.0,3.73,B
2021-06-18T13:06:42,2900.0,3.73,B
2021-06-18T13:06:15,1000.0,3.72,S
2021-06-18T13:05:45,2000.0,3.72,S
2021-06-18T13:05:45,1800.0,3.72,S
2021-06-18T13:05:34,2200.0,3.72,S
2021-06-18T13:05:31,900.0,3.72,S
2021-06-18T13:05:26,700.0,3.72,S
2021-06-18T13:05:25,2900.0,3.72,S
2021-06-18T13:05:25,100.0,3.72,S
2021-06-18T13:05:24,5600.0,3.72,S
2021-06-18T13:04:45,3000.0,3.72,S
2021-06-18T13:04:34,10000.0,3.73,B
2021-06-18T13:04:29,1000.0,3.72,B
2021-06-18T13:04:20,1000.0,3.72,B
2021-06-18T13:04:18,700.0,3.72,B
2021-06-18T13:04:17,2000.0,3.72,B
2021-06-18T13:04:16,600.0,3.72,B
2021-06-18T13:04:13,3000.0,3.72,B
2021-06-18T13:04:13,200.0,3.72,B
2021-06-18T13:04:12,3600.0,3.72,B
2021-06-18T13:04:10,4900.0,3.72,B
2021-06-18T13:04:04,100.0,3.72,B
2021-06-18T13:04:04,6400.0,3.72,B
2021-06-18T13:04:03,200.0,3.72,B
2021-06-18T13:04:03,100.0,3.72,B
2021-06-18T13:04:01,100.0,3.72,B
2021-06-18T13:03:58,500.0,3.71,S
2021-06-18T13:03:48,200.0,3.72,B
2021-06-18T13:03:45,5000.0,3.72,B
2021-06-18T13:03:36,1000.0,3.71,S
2021-06-18T13:03:14,200.0,3.72,B
2021-06-18T13:03:08,500.0,3.72,B
2021-06-18T13:03:06,400.0,3.72,B
2021-06-18T13:03:00,100.0,3.71,S
2021-06-18T13:02:48,400.0,3.72,S
2021-06-18T13:02:28,5000.0,3.73,B
2021-06-18T13:01:45,5300.0,3.72,S
2021-06-18T13:01:28,3500.0,3.72,S
2021-06-18T13:01:26,10000.0,3.72,S
2021-06-18T13:01:24,200.0,3.72,S
2021-06-18T13:01:09,500.0,3.72,S
2021-06-18T13:01:04,200.0,3.73,B
2021-06-18T13:01:01,400.0,3.72,S
2021-06-18T13:01:00,500.0,3.72,S
2021-06-18T13:00:55,1000.0,3.72,S
2021-06-18T13:00:46,2900.0,3.73,B
2021-06-18T13:00:46,4000.0,3.72,B
2021-06-18T13:00:43,600.0,3.73,B
2021-06-18T13:00:43,4800.0,3.72,B
2021-06-18T13:00:43,18900.0,3.72,B
2021-06-18T13:00:41,10000.0,3.72,B
2021-06-18T13:00:40,3000.0,3.72,B
2021-06-18T13:00:39,2000.0,3.72,B
2021-06-18T13:00:37,200.0,3.72,B
2021-06-18T13:00:36,2600.0,3.72,B
2021-06-18T13:00:36,1800.0,3.72,B
2021-06-18T13:00:36,5600.0,3.72,B
2021-06-18T13:00:36,500.0,3.72,B
2021-06-18T13:00:36,1500.0,3.72,B
2021-06-18T13:00:35,1000.0,3.72,B
2021-06-18T13:00:35,700.0,3.72,B
2021-06-18T13:00:34,1100.0,3.72,B
2021-06-18T13:00:34,100.0,3.72,B
2021-06-18T13:00:31,1500.0,3.72,B
2021-06-18T13:00:29,200.0,3.72,B
2021-06-18T13:00:29,100.0,3.72,B
2021-06-18T13:00:27,200.0,3.72,B
2021-06-18T13:00:27,8500.0,3.72,B
2021-06-18T13:00:27,1000.0,3.72,B
2021-06-18T13:00:27,1400.0,3.72,B
2021-06-18T13:00:27,20000.0,3.72,B
2021-06-18T11:30:00,1500.0,3.72,B
2021-06-18T11:29:45,200.0,3.72,B
2021-06-18T11:29:25,1000.0,3.72,B
2021-06-18T11:29:17,100.0,3.71,S
2021-06-18T11:29:14,500.0,3.72,B
2021-06-18T11:29:07,1300.0,3.71,S
2021-06-18T11:29:06,5000.0,3.72,B
2021-06-18T11:28:53,200.0,3.72,S
2021-06-18T11:28:46,100.0,3.72,S
2021-06-18T11:28:46,5600.0,3.72,S
2021-06-18T11:28:39,3200.0,3.72,S
2021-06-18T11:28:39,900.0,3.72,S
2021-06-18T11:28:39,900.0,3.72,S
2021-06-18T11:28:34,100.0,3.72,S
2021-06-18T11:28:26,5000.0,3.72,S
2021-06-18T11:28:11,1000.0,3.72,S
2021-06-18T11:28:08,9000.0,3.73,B
2021-06-18T11:27:54,200.0,3.72,S
2021-06-18T11:26:52,500.0,3.72,S
2021-06-18T11:26:38,200.0,3.73,B
2021-06-18T11:26:36,1600.0,3.72,S
2021-06-18T11:26:25,10000.0,3.72,S
2021-06-18T11:26:21,10000.0,3.72,S
2021-06-18T11:26:18,2000.0,3.72,S
2021-06-18T11:26:14,300.0,3.72,S
2021-06-18T11:26:11,3000.0,3.72,B
2021-06-18T11:26:11,3000.0,3.72,B
2021-06-18T11:26:11,3000.0,3.72,B
2021-06-18T11:26:11,9000.0,3.72,B
2021-06-18T11:26:11,2000.0,3.72,B
2021-06-18T11:26:11,10200.0,3.72,B
2021-06-18T11:26:10,19100.0,3.72,B
2021-06-18T11:25:55,100.0,3.72,B
2021-06-18T11:25:48,5000.0,3.71,S
2021-06-18T11:25:42,500.0,3.72,B
2021-06-18T11:24:38,200.0,3.72,B
2021-06-18T11:24:07,100.0,3.72,B
2021-06-18T11:24:02,3000.0,3.71,S
2021-06-18T11:23:56,5000.0,3.71,S
2021-06-18T11:23:41,6400.0,3.71,S
2021-06-18T11:23:32,500.0,3.71,S
2021-06-18T11:23:24,500.0,3.71,S
2021-06-18T11:23:20,900.0,3.71,S
2021-06-18T11:23:20,5100.0,3.71,S
2021-06-18T11:23:18,2700.0,3.72,B
2021-06-18T11:22:51,800.0,3.71,S
2021-06-18T11:22:51,2200.0,3.71,S
2021-06-18T11:22:34,1000.0,3.72,B
2021-06-18T11:22:32,300.0,3.72,B
2021-06-18T11:22:07,6000.0,3.71,S
2021-06-18T11:22:01,5000.0,3.71,S
2021-06-18T11:21:59,100.0,3.72,B
2021-06-18T11:21:36,500.0,3.72,B
2021-06-18T11:21:03,5000.0,3.71,S
2021-06-18T11:20:59,300.0,3.72,B
2021-06-18T11:20:48,1000.0,3.72,B
2021-06-18T11:20:46,300.0,3.72,B
2021-06-18T11:20:41,10100.0,3.71,S
2021-06-18T11:20:28,200.0,3.72,B
2021-06-18T11:20:01,10000.0,3.71,S
2021-06-18T11:18:48,7000.0,3.71,S
2021-06-18T11:18:36,100.0,3.71,S
2021-06-18T11:16:41,5600.0,3.71,B
2021-06-18T11:16:35,200.0,3.71,B
2021-06-18T11:16:34,1800.0,3.7,S
2021-06-18T11:16:34,5300.0,3.7,S
2021-06-18T11:16:34,400.0,3.7,S
2021-06-18T11:16:33,2500.0,3.7,S
2021-06-18T11:16:28,3100.0,3.71,B
2021-06-18T11:16:01,1400.0,3.71,B
2021-06-18T11:15:49,3600.0,3.71,B
2021-06-18T11:15:38,500.0,3.71,B
2021-06-18T11:15:37,3000.0,3.71,B
2021-06-18T11:15:13,2000.0,3.71,B
2021-06-18T11:15:07,500.0,3.7,S
2021-06-18T11:15:06,100.0,3.71,B
2021-06-18T11:15:02,900.0,3.71,B
2021-06-18T11:15:02,3100.0,3.71,B
2021-06-18T11:14:56,500.0,3.71,B
2021-06-18T11:14:52,1000.0,3.7,S
2021-06-18T11:14:52,10000.0,3.7,S
2021-06-18T11:14:51,1300.0,3.7,S
2021-06-18T11:14:51,12700.0,3.7,S
2021-06-18T11:14:51,1500.0,3.71,B
2021-06-18T11:14:46,100.0,3.71,B
2021-06-18T11:14:44,2000.0,3.71,B
2021-06-18T11:14:38,500.0,3.71,B
2021-06-18T11:14:17,5400.0,3.71,B
2021-06-18T11:14:17,3300.0,3.71,B
2021-06-18T11:14:07,1000.0,3.71,B
2021-06-18T11:13:44,900.0,3.71,B
2021-06-18T11:13:33,2200.0,3.7,S
2021-06-18T11:13:15,3500.0,3.71,B
2021-06-18T11:13:11,1300.0,3.71,S
2021-06-18T11:12:48,12800.0,3.7,S
2021-06-18T11:12:48,5200.0,3.71,S
2021-06-18T11:12:48,16900.0,3.71,S
2021-06-18T11:12:48,5100.0,3.71,S
2021-06-18T11:12:43,43600.0,3.72,B
2021-06-18T11:12:43,1300.0,3.72,B
2021-06-18T11:12:43,5100.0,3.72,B
2021-06-18T11:12:35,30000.0,3.71,S
2021-06-18T11:11:33,700.0,3.71,S
2021-06-18T11:11:31,100.0,3.72,B
2021-06-18T11:11:16,1500.0,3.72,B
2021-06-18T11:11:11,5000.0,3.72,B
2021-06-18T11:10:51,1000.0,3.72,B
2021-06-18T11:10:50,4400.0,3.72,B
2021-06-18T11:10:38,200.0,3.71,S
2021-06-18T11:10:38,500.0,3.71,S
2021-06-18T11:10:38,5300.0,3.71,S
2021-06-18T11:10:08,700.0,3.72,S
2021-06-18T11:10:04,700.0,3.72,S
2021-06-18T11:10:03,3400.0,3.72,S
2021-06-18T11:09:56,200.0,3.72,B
2021-06-18T11:09:56,2000.0,3.72,B
2021-06-18T11:09:56,10400.0,3.72,B
2021-06-18T11:09:55,10000.0,3.71,S
2021-06-18T11:09:49,5000.0,3.72,B
2021-06-18T11:09:09,1000.0,3.72,B
2021-06-18T11:09:08,100.0,3.72,B
2021-06-18T11:09:02,25000.0,3.72,B
2021-06-18T11:08:47,500.0,3.72,B
2021-06-18T11:08:26,200.0,3.72,B
2021-06-18T11:08:19,1200.0,3.72,B
2021-06-18T11:08:19,1400.0,3.72,B
2021-06-18T11:08:19,700.0,3.72,B
2021-06-18T11:08:19,1500.0,3.72,B
2021-06-18T11:08:19,2000.0,3.72,B
2021-06-18T11:08:18,800.0,3.72,B
2021-06-18T11:08:16,100.0,3.72,B
2021-06-18T11:08:08,400.0,3.72,B
2021-06-18T11:07:46,600.0,3.72,B
2021-06-18T11:07:23,600.0,3.71,S
2021-06-18T11:07:03,1000.0,3.72,B
2021-06-18T11:06:58,500.0,3.72,B
2021-06-18T11:06:55,100.0,3.72,B
2021-06-18T11:06:53,500.0,3.72,B
2021-06-18T11:06:36,3800.0,3.72,B
2021-06-18T11:06:33,400.0,3.72,B
2021-06-18T11:06:27,1100.0,3.72,B
2021-06-18T11:05:58,300.0,3.72,B
2021-06-18T11:05:58,700.0,3.72,B
2021-06-18T11:05:41,300.0,3.71,S
2021-06-18T11:05:20,1000.0,3.71,S
2021-06-18T11:05:08,2000.0,3.71,S
2021-06-18T11:04:15,100.0,3.71,S
2021-06-18T11:04:04,11300.0,3.71,S
2021-06-18T11:04:04,2300.0,3.71,S
2021-06-18T11:04:04,6400.0,3.71,S
2021-06-18T11:03:56,400.0,3.72,B
2021-06-18T11:03:43,40000.0,3.72,B
2021-06-18T11:03:28,700.0,3.72,B
2021-06-18T11:03:28,200.0,3.72,B
2021-06-18T11:03:04,400.0,3.72,B
2021-06-18T11:02:48,1100.0,3.72,B
2021-06-18T11:02:46,500.0,3.72,B
2021-06-18T11:02:26,100.0,3.73,S
2021-06-18T11:02:26,5900.0,3.73,S
2021-06-18T11:02:17,500.0,3.73,B
2021-06-18T11:02:13,2400.0,3.71,S
2021-06-18T11:02:13,7600.0,3.71,S
2021-06-18T11:01:44,1000.0,3.72,S
2021-06-18T11:01:18,200.0,3.71,S
2021-06-18T11:01:16,1000.0,3.71,S
2021-06-18T11:00:47,2000.0,3.71,S
2021-06-18T11:00:43,500.0,3.71,B
2021-06-18T11:00:38,1000.0,3.71,B
2021-06-18T11:00:38,7900.0,3.71,B
2021-06-18T11:00:37,400.0,3.71,B
2021-06-18T11:00:24,20000.0,3.71,B
2021-06-18T11:00:12,4100.0,3.71,S
2021-06-18T11:00:12,7600.0,3.73,B
2021-06-18T11:00:08,10000.0,3.73,B
2021-06-18T11:00:02,10000.0,3.73,B
2021-06-18T11:00:02,19100.0,3.73,B
2021-06-18T10:59:59,4300.0,3.71,S
2021-06-18T10:59:47,700.0,3.71,B
2021-06-18T10:59:44,4200.0,3.71,B
2021-06-18T10:59:42,3600.0,3.7,B
2021-06-18T10:59:32,400.0,3.7,B
2021-06-18T10:59:26,200.0,3.7,B
2021-06-18T10:59:25,200.0,3.7,B
2021-06-18T10:59:24,2000.0,3.7,S
2021-06-18T10:59:17,100.0,3.7,S
2021-06-18T10:59:15,14600.0,3.7,S
2021-06-18T10:59:15,6000.0,3.7,S
2021-06-18T10:59:15,1200.0,3.7,S
2021-06-18T10:59:15,7800.0,3.7,S
2021-06-18T10:59:15,2000.0,3.7,S
2021-06-18T10:59:15,1900.0,3.7,S
2021-06-18T10:59:09,3500.0,3.73,B
2021-06-18T10:59:02,300.0,3.7,S
2021-06-18T10:58:59,700.0,3.71,B
2021-06-18T10:58:59,3300.0,3.71,B
2021-06-18T10:58:59,3600.0,3.7,S
2021-06-18T10:58:58,6400.0,3.7,S
2021-06-18T10:58:44,1000.0,3.71,S
2021-06-18T10:58:33,15800.0,3.71,S
2021-06-18T10:58:29,5600.0,3.71,S
2021-06-18T10:58:29,15700.0,3.71,S
2021-06-18T10:58:21,5000.0,3.71,S
2021-06-18T10:58:20,500.0,3.71,S
2021-06-18T10:58:20,2000.0,3.71,S
2021-06-18T10:58:06,10000.0,3.71,S
2021-06-18T10:57:51,1000.0,3.71,S
2021-06-18T10:57:49,4000.0,3.71,S
2021-06-18T10:57:49,8300.0,3.72,B
2021-06-18T10:57:41,300.0,3.72,B
2021-06-18T10:57:36,1000.0,3.71,S
2021-06-18T10:57:17,500.0,3.71,S
2021-06-18T10:57:16,100.0,3.72,B
2021-06-18T10:57:12,100.0,3.71,S
2021-06-18T10:57:12,1000.0,3.71,S
2021-06-18T10:57:12,500.0,3.71,S
2021-06-18T10:57:07,500.0,3.71,S
2021-06-18T10:56:51,3100.0,3.71,S
2021-06-18T10:56:51,800.0,3.71,S
2021-06-18T10:56:50,5000.0,3.72,B
2021-06-18T10:56:40,200.0,3.71,S
2021-06-18T10:56:28,1000.0,3.72,B
2021-06-18T10:56:27,500.0,3.72,B
2021-06-18T10:56:12,22900.0,3.71,S
2021-06-18T10:56:12,27100.0,3.71,S
2021-06-18T10:56:10,1800.0,3.73,B
2021-06-18T10:56:10,4000.0,3.73,B
2021-06-18T10:56:10,500.0,3.73,B
2021-06-18T10:56:10,8700.0,3.73,B
2021-06-18T10:56:01,5000.0,3.72,S
2021-06-18T10:55:37,16700.0,3.73,B
2021-06-18T10:55:37,6000.0,3.73,B
2021-06-18T10:55:37,2600.0,3.73,B
2021-06-18T10:55:37,1000.0,3.73,B
2021-06-18T10:55:37,3700.0,3.73,B
2021-06-18T10:55:26,1000.0,3.72,S
2021-06-18T10:55:19,200.0,3.73,B
2021-06-18T10:55:16,100.0,3.73,B
2021-06-18T10:54:10,1000.0,3.73,S
2021-06-18T10:54:08,100.0,3.73,S
2021-06-18T10:54:03,500.0,3.71,S
2021-06-18T10:53:53,100.0,3.73,S
2021-06-18T10:53:41,1000.0,3.73,S
2021-06-18T10:53:41,200.0,3.73,S
2021-06-18T10:53:39,10000.0,3.72,S
2021-06-18T10:53:31,200.0,3.73,S
2021-06-18T10:53:13,200.0,3.73,S
2021-06-18T10:53:12,300.0,3.73,S
2021-06-18T10:53:09,100.0,3.73,S
2021-06-18T10:53:07,100.0,3.73,S
2021-06-18T10:53:06,400.0,3.73,S
2021-06-18T10:52:46,300.0,3.74,B
2021-06-18T10:52:39,2000.0,3.73,S
2021-06-18T10:52:37,100.0,3.74,B
2021-06-18T10:52:37,400.0,3.74,B
2021-06-18T10:52:24,3000.0,3.74,B
2021-06-18T10:52:23,1000.0,3.74,B
2021-06-18T10:52:18,2000.0,3.74,B
2021-06-18T10:52:18,200.0,3.74,B
2021-06-18T10:52:16,400.0,3.73,S
2021-06-18T10:52:16,600.0,3.73,S
2021-06-18T10:51:53,5000.0,3.74,B
2021-06-18T10:51:35,300.0,3.74,B
2021-06-18T10:51:26,100.0,3.74,B
2021-06-18T10:51:25,300.0,3.74,B
2021-06-18T10:51:21,1000.0,3.74,B
2021-06-18T10:51:19,800.0,3.74,B
2021-06-18T10:50:54,1000.0,3.74,B
2021-06-18T10:50:39,20000.0,3.75,B
2021-06-18T10:50:36,23000.0,3.75,B
2021-06-18T10:50:36,1000.0,3.73,S
2021-06-18T10:50:28,13000.0,3.74,S
2021-06-18T10:50:26,300.0,3.74,S
2021-06-18T10:50:25,10800.0,3.74,S
2021-06-18T10:50:20,11000.0,3.75,B
2021-06-18T10:50:18,100.0,3.75,B
2021-06-18T10:50:10,100.0,3.75,B
2021-06-18T10:50:10,300.0,3.75,B
2021-06-18T10:50:00,400.0,3.75,B
2021-06-18T10:49:50,100.0,3.75,B
2021-06-18T10:49:42,2000.0,3.75,S
2021-06-18T10:49:28,1000.0,3.75,S
2021-06-18T10:49:27,22400.0,3.75,S
2021-06-18T10:49:10,11000.0,3.76,B
2021-06-18T10:49:04,100.0,3.75,S
2021-06-18T10:48:59,500.0,3.76,B
2021-06-18T10:48:58,200.0,3.75,B
2021-06-18T10:48:54,2500.0,3.75,B
2021-06-18T10:48:49,3900.0,3.76,B
2021-06-18T10:48:43,500.0,3.75,B
2021-06-18T10:48:28,100.0,3.75,B
2021-06-18T10:48:09,20000.0,3.76,B
2021-06-18T10:47:48,10000.0,3.76,B
2021-06-18T10:47:48,1000.0,3.75,B
2021-06-18T10:47:45,8000.0,3.75,B
2021-06-18T10:47:13,12000.0,3.76,B
2021-06-18T10:47:08,100.0,3.75,S
2021-06-18T10:47:08,7800.0,3.75,S
2021-06-18T10:47:06,200.0,3.75,S
2021-06-18T10:46:44,1000.0,3.75,S
2021-06-18T10:46:41,400.0,3.75,S
2021-06-18T10:46:39,10000.0,3.75,S
2021-06-18T10:46:28,16000.0,3.76,B
2021-06-18T10:46:26,100.0,3.75,S
2021-06-18T10:46:01,5000.0,3.75,S
2021-06-18T10:45:53,2200.0,3.76,B
2021-06-18T10:45:50,800.0,3.76,B
2021-06-18T10:45:30,400.0,3.76,B
2021-06-18T10:45:25,400.0,3.76,B
2021-06-18T10:45:09,8000.0,3.76,S
2021-06-18T10:45:04,700.0,3.75,S
2021-06-18T10:44:59,27400.0,3.76,S
2021-06-18T10:44:54,3000.0,3.76,S
2021-06-18T10:44:45,44400.0,3.77,B
2021-06-18T10:44:45,1200.0,3.77,B
2021-06-18T10:44:45,11100.0,3.77,B
2021-06-18T10:44:45,33300.0,3.77,B
2021-06-18T10:44:43,200.0,3.76,B
2021-06-18T10:44:42,1000.0,3.76,B
2021-06-18T10:44:41,2500.0,3.76,B
2021-06-18T10:44:40,6000.0,3.76,B
2021-06-18T10:44:39,3000.0,3.76,B
2021-06-18T10:44:37,2000.0,3.76,B
2021-06-18T10:44:37,1000.0,3.76,B
2021-06-18T10:44:37,2900.0,3.76,B
2021-06-18T10:44:37,6100.0,3.76,B
2021-06-18T10:44:37,600.0,3.76,B
2021-06-18T10:44:37,17200.0,3.76,B
2021-06-18T10:44:37,400.0,3.75,B
2021-06-18T10:44:37,3000.0,3.75,B
2021-06-18T10:44:36,23700.0,3.75,B
2021-06-18T10:44:33,1000.0,3.72,S
2021-06-18T10:44:31,8000.0,3.75,B
2021-06-18T10:44:31,1000.0,3.74,S
2021-06-18T10:44:12,2000.0,3.74,S
2021-06-18T10:44:03,28600.0,3.75,B
2021-06-18T10:44:03,500.0,3.75,B
2021-06-18T10:44:03,1900.0,3.75,B
2021-06-18T10:43:57,3900.0,3.71,S
2021-06-18T10:43:57,1400.0,3.71,S
2021-06-18T10:43:57,9700.0,3.71,S
2021-06-18T10:43:56,18600.0,3.74,S
2021-06-18T10:43:44,500.0,3.74,B
2021-06-18T10:43:43,10900.0,3.74,B
2021-06-18T10:43:37,500.0,3.71,S
2021-06-18T10:43:32,500.0,3.71,S
2021-06-18T10:43:22,3800.0,3.74,B
2021-06-18T10:43:22,300.0,3.73,B
2021-06-18T10:43:22,1000.0,3.73,B
2021-06-18T10:43:22,18900.0,3.73,B
2021-06-18T10:43:01,100.0,3.71,B
2021-06-18T10:43:01,4000.0,3.7,S
2021-06-18T10:43:00,1000.0,3.7,S
2021-06-18T10:42:50,1700.0,3.69,S
2021-06-18T10:42:50,4400.0,3.69,S
2021-06-18T10:42:50,2000.0,3.7,S
2021-06-18T10:42:48,5800.0,3.7,S
2021-06-18T10:42:46,90000.0,3.71,B
2021-06-18T10:42:41,24800.0,3.7,B
2021-06-18T10:42:33,100.0,3.69,S
2021-06-18T10:42:33,1400.0,3.69,S
2021-06-18T10:42:18,100.0,3.69,B
2021-06-18T10:42:12,7900.0,3.7,B
2021-06-18T10:42:12,100.0,3.7,B
2021-06-18T10:42:12,2000.0,3.7,B
2021-06-18T10:42:12,6000.0,3.7,B
2021-06-18T10:42:07,4500.0,3.69,B
2021-06-18T10:41:59,2700.0,3.69,B
2021-06-18T10:41:59,2000.0,3.69,B
2021-06-18T10:41:55,100.0,3.69,B
2021-06-18T10:41:50,6000.0,3.69,B
2021-06-18T10:41:38,1100.0,3.69,B
2021-06-18T10:41:13,500.0,3.65,S
2021-06-18T10:40:51,7600.0,3.65,B
2021-06-18T10:40:51,100.0,3.65,B
2021-06-18T10:40:51,5800.0,3.65,B
2021-06-18T10:40:51,14600.0,3.65,B
2021-06-18T10:40:49,1300.0,3.64,B
2021-06-18T10:40:47,1000.0,3.64,B
2021-06-18T10:40:42,12000.0,3.65,B
2021-06-18T10:40:42,2300.0,3.64,B
2021-06-18T10:40:42,2700.0,3.64,B
2021-06-18T10:40:37,200.0,3.64,B
2021-06-18T10:40:25,7000.0,3.64,B
2021-06-18T10:40:00,5000.0,3.64,B
2021-06-18T10:39:59,1000.0,3.62,S
2021-06-18T10:39:59,5000.0,3.62,S
2021-06-18T10:39:58,100.0,3.62,S
2021-06-18T10:39:57,400.0,3.62,S
2021-06-18T10:39:37,100.0,3.62,S
2021-06-18T10:39:37,4900.0,3.62,S
2021-06-18T10:39:33,1000.0,3.62,S
2021-06-18T10:39:26,5000.0,3.62,S
2021-06-18T10:39:11,400.0,3.62,S
2021-06-18T10:39:11,2700.0,3.62,S
2021-06-18T10:39:11,300.0,3.62,S
2021-06-18T10:39:04,2000.0,3.62,B
2021-06-18T10:39:04,7400.0,3.62,B
2021-06-18T10:38:54,10000.0,3.64,B
2021-06-18T10:38:47,13100.0,3.6,S
2021-06-18T10:38:47,3700.0,3.6,S
2021-06-18T10:38:47,100.0,3.6,S
2021-06-18T10:38:47,9900.0,3.6,S
2021-06-18T10:38:47,7000.0,3.6,S
2021-06-18T10:38:47,1000.0,3.6,S
2021-06-18T10:38:47,3200.0,3.6,S
2021-06-18T10:38:47,100.0,3.6,S
2021-06-18T10:38:47,1500.0,3.6,S
2021-06-18T10:38:47,7000.0,3.6,S
2021-06-18T10:38:47,600.0,3.6,S
2021-06-18T10:38:47,1100.0,3.6,S
2021-06-18T10:38:47,200.0,3.6,S
2021-06-18T10:38:47,10000.0,3.6,S
2021-06-18T10:38:47,10200.0,3.6,S
2021-06-18T10:38:47,2100.0,3.6,S
2021-06-18T10:38:46,600.0,3.6,S
2021-06-18T10:38:46,100.0,3.6,S
2021-06-18T10:38:46,12600.0,3.6,S
2021-06-18T10:38:46,15900.0,3.6,S
2021-06-18T10:38:42,300.0,3.64,B
2021-06-18T10:38:39,6700.0,3.64,B
2021-06-18T10:38:39,2000.0,3.62,B
2021-06-18T10:38:36,3000.0,3.62,B
2021-06-18T10:38:30,3000.0,3.61,S
2021-06-18T10:38:23,1000.0,3.64,B
2021-06-18T10:38:19,5000.0,3.61,S
2021-06-18T10:38:04,1000.0,3.62,S
2021-06-18T10:38:03,5000.0,3.64,B
2021-06-18T10:37:59,4000.0,3.64,S
2021-06-18T10:37:42,30000.0,3.6,S
2021-06-18T10:37:40,10000.0,3.65,B
2021-06-18T10:37:29,2000.0,3.62,S
2021-06-18T10:37:25,1300.0,3.62,S
2021-06-18T10:37:24,200.0,3.65,B
2021-06-18T10:37:24,400.0,3.65,B
2021-06-18T10:37:21,2000.0,3.65,B
2021-06-18T10:37:20,100.0,3.65,B
2021-06-18T10:37:19,100.0,3.65,B
2021-06-18T10:37:19,5000.0,3.65,B
2021-06-18T10:37:05,1200.0,3.65,B
2021-06-18T10:36:56,500.0,3.65,B
2021-06-18T10:36:53,500.0,3.65,S
2021-06-18T10:36:51,200.0,3.65,S
2021-06-18T10:36:51,2300.0,3.65,S
2021-06-18T10:36:51,300.0,3.65,S
2021-06-18T10:36:51,100.0,3.65,S
2021-06-18T10:36:50,1300.0,3.65,S
2021-06-18T10:36:47,300.0,3.67,S
2021-06-18T10:36:32,100.0,3.7,S
2021-06-18T10:36:29,100.0,3.7,S
2021-06-18T10:36:22,500.0,3.7,S
2021-06-18T10:36:22,36000.0,3.62,S
2021-06-18T10:36:20,500.0,3.7,S
2021-06-18T10:36:18,300.0,3.7,S
2021-06-18T10:36:07,500.0,3.72,S
2021-06-18T10:36:06,35000.0,3.65,S
2021-06-18T10:36:05,1500.0,3.7,S
2021-06-18T10:36:05,2100.0,3.7,S
2021-06-18T10:36:05,300.0,3.7,S
2021-06-18T10:36:05,1800.0,3.7,S
2021-06-18T10:36:05,600.0,3.7,S
2021-06-18T10:36:05,13700.0,3.7,S
2021-06-18T10:35:56,1500.0,3.7,S
2021-06-18T10:35:56,1000.0,3.7,S
2021-06-18T10:35:55,1000.0,3.7,S
2021-06-18T10:35:55,4000.0,3.7,S
2021-06-18T10:35:55,2000.0,3.7,S
2021-06-18T10:35:55,2000.0,3.7,S
2021-06-18T10:35:55,500.0,3.71,S
2021-06-18T10:35:51,600.0,3.71,S
2021-06-18T10:35:50,500.0,3.72,S
2021-06-18T10:35:45,600.0,3.73,B
2021-06-18T10:35:39,4500.0,3.72,S
2021-06-18T10:35:39,7500.0,3.72,S
2021-06-18T10:35:37,1000.0,3.72,S
2021-06-18T10:35:34,200.0,3.72,S
2021-06-18T10:35:32,5000.0,3.73,B
2021-06-18T10:35:30,500.0,3.72,S
2021-06-18T10:35:19,400.0,3.73,B
2021-06-18T10:35:14,13500.0,3.73,B
2021-06-18T10:34:54,11000.0,3.73,S
2021-06-18T10:34:54,100.0,3.73,S
2021-06-18T10:34:54,300.0,3.73,S
2021-06-18T10:34:54,2800.0,3.74,S
2021-06-18T10:34:49,1000.0,3.74,S
2021-06-18T10:34:49,900.0,3.74,S
2021-06-18T10:34:47,5000.0,3.74,S
2021-06-18T10:34:40,1000.0,3.74,S
2021-06-18T10:34:38,5000.0,3.74,S
2021-06-18T10:34:37,200.0,3.75,B
2021-06-18T10:34:32,1000.0,3.74,S
2021-06-18T10:34:26,10000.0,3.74,S
2021-06-18T10:34:24,5000.0,3.74,S
2021-06-18T10:34:18,9900.0,3.74,S
2021-06-18T10:34:16,500.0,3.75,B
2021-06-18T10:34:08,200.0,3.75,B
2021-06-18T10:34:06,3000.0,3.75,B
2021-06-18T10:34:01,7000.0,3.74,S
2021-06-18T10:33:57,1100.0,3.75,S
2021-06-18T10:33:56,2500.0,3.75,S
2021-06-18T10:33:54,15000.0,3.75,S
2021-06-18T10:33:50,1300.0,3.75,S
2021-06-18T10:33:49,2500.0,3.75,S
2021-06-18T10:33:41,400.0,3.75,S
2021-06-18T10:33:32,1000.0,3.75,S
2021-06-18T10:33:32,1900.0,3.75,S
2021-06-18T10:33:32,1300.0,3.75,S
2021-06-18T10:33:32,1000.0,3.75,S
2021-06-18T10:33:32,5100.0,3.75,S
2021-06-18T10:33:32,5000.0,3.75,S
2021-06-18T10:33:30,1300.0,3.75,S
2021-06-18T10:33:30,17800.0,3.75,S
2021-06-18T10:33:30,1200.0,3.75,S
2021-06-18T10:33:30,800.0,3.75,S
2021-06-18T10:33:30,2300.0,3.75,S
2021-06-18T10:33:30,5000.0,3.75,S
2021-06-18T10:33:30,400.0,3.75,S
2021-06-18T10:33:30,900.0,3.75,S
2021-06-18T10:33:30,500.0,3.75,S
2021-06-18T10:33:30,1700.0,3.75,S
2021-06-18T10:33:30,111800.0,3.75,S
2021-06-18T10:33:30,600.0,3.75,S
2021-06-18T10:33:30,300.0,3.75,S
2021-06-18T10:33:30,2100.0,3.75,S
2021-06-18T10:33:29,400.0,3.75,S
2021-06-18T10:33:29,600.0,3.75,S
2021-06-18T10:33:27,200.0,3.75,S
2021-06-18T10:33:27,2000.0,3.76,B
2021-06-18T10:33:26,10000.0,3.75,S
2021-06-18T10:33:26,200.0,3.75,S
2021-06-18T10:33:21,1000.0,3.75,S
2021-06-18T10:33:19,500.0,3.75,S
2021-06-18T10:33:19,500.0,3.75,S
2021-06-18T10:33:16,2000.0,3.75,S
2021-06-18T10:33:15,4300.0,3.75,S
2021-06-18T10:33:15,2700.0,3.75,S
2021-06-18T10:33:13,200.0,3.76,B
2021-06-18T10:33:06,8500.0,3.75,S
2021-06-18T10:33:06,1500.0,3.75,S
2021-06-18T10:33:01,32500.0,3.75,S
2021-06-18T10:33:01,17500.0,3.75,S
2021-06-18T10:32:59,4000.0,3.75,S
2021-06-18T10:32:56,10000.0,3.75,S
2021-06-18T10:32:47,44200.0,3.75,S
2021-06-18T10:32:47,5800.0,3.75,S
2021-06-18T10:32:44,1800.0,3.75,S
2021-06-18T10:32:38,3900.0,3.76,B
2021-06-18T10:32:38,6000.0,3.75,S
2021-06-18T10:32:34,500.0,3.75,S
2021-06-18T10:32:24,1100.0,3.75,S
2021-06-18T10:32:19,11900.0,3.75,S
2021-06-18T10:31:51,300.0,3.76,S
2021-06-18T10:31:49,200.0,3.76,S
2021-06-18T10:31:28,2700.0,3.76,S
2021-06-18T10:31:27,600.0,3.76,S
2021-06-18T10:31:27,4200.0,3.76,S
2021-06-18T10:31:27,17200.0,3.76,S
2021-06-18T10:31:27,1000.0,3.76,S
2021-06-18T10:31:27,20000.0,3.76,S
2021-06-18T10:31:27,2800.0,3.76,S
2021-06-18T10:31:27,2000.0,3.76,S
2021-06-18T10:31:27,800.0,3.76,S
2021-06-18T10:31:27,14600.0,3.76,S
2021-06-18T10:31:27,10100.0,3.76,S
2021-06-18T10:31:27,400.0,3.76,S
2021-06-18T10:31:27,8600.0,3.76,S
2021-06-18T10:31:27,200.0,3.76,S
2021-06-18T10:31:27,200.0,3.76,S
2021-06-18T10:31:27,4300.0,3.76,S
2021-06-18T10:31:27,500.0,3.76,S
2021-06-18T10:31:27,800.0,3.76,S
2021-06-18T10:31:27,500.0,3.76,S
2021-06-18T10:31:27,7600.0,3.76,S
2021-06-18T10:31:27,22100.0,3.76,S
2021-06-18T10:31:21,20000.0,3.76,S
2021-06-18T10:31:18,1000.0,3.76,S
2021-06-18T10:30:55,100.0,3.77,B
2021-06-18T10:30:50,58000.0,3.76,S
2021-06-18T10:30:33,1000.0,3.76,S
2021-06-18T10:30:26,8000.0,3.77,B
2021-06-18T10:30:20,17000.0,3.77,B
2021-06-18T10:30:17,5000.0,3.77,B
2021-06-18T10:30:10,700.0,3.77,B
2021-06-18T10:30:09,200.0,3.77,B
2021-06-18T10:30:06,900.0,3.77,B
2021-06-18T10:29:48,500.0,3.77,B
2021-06-18T10:29:41,1000.0,3.77,S
2021-06-18T10:29:40,9600.0,3.77,S
2021-06-18T10:29:40,5400.0,3.77,S
2021-06-18T10:29:40,600.0,3.77,S
2021-06-18T10:29:40,15100.0,3.77,S
2021-06-18T10:29:40,6500.0,3.77,S
2021-06-18T10:29:40,1100.0,3.77,S
2021-06-18T10:29:38,10000.0,3.77,S
2021-06-18T10:29:34,300.0,3.77,S
2021-06-18T10:29:30,300.0,3.78,B
2021-06-18T10:29:18,5000.0,3.77,S
2021-06-18T10:29:16,100.0,3.77,S
2021-06-18T10:29:05,20000.0,3.77,S
2021-06-18T10:29:00,6000.0,3.77,S
2021-06-18T10:28:55,22100.0,3.77,S
2021-06-18T10:28:55,19000.0,3.77,S
2021-06-18T10:28:55,18000.0,3.77,S
2021-06-18T10:28:55,900.0,3.77,S
2021-06-18T10:28:27,20000.0,3.77,S
2021-06-18T10:28:23,500.0,3.78,B
2021-06-18T10:28:19,200.0,3.78,B
2021-06-18T10:27:54,1000.0,3.78,B
2021-06-18T10:27:49,11100.0,3.77,S
2021-06-18T10:27:49,5500.0,3.77,S
2021-06-18T10:27:49,400.0,3.77,S
2021-06-18T10:27:48,183000.0,3.77,S
2021-06-18T10:27:45,400.0,3.78,B
2021-06-18T10:27:45,2100.0,3.78,B
2021-06-18T10:27:25,100.0,3.78,B
2021-06-18T10:27:25,3000.0,3.78,B
2021-06-18T10:27:25,2000.0,3.78,B
2021-06-18T10:27:18,1700.0,3.77,S
2021-06-18T10:26:58,100.0,3.78,B
2021-06-18T10:26:47,400.0,3.78,B
2021-06-18T10:26:37,200.0,3.78,B
2021-06-18T10:26:32,4100.0,3.78,B
2021-06-18T10:26:32,1500.0,3.78,B
2021-06-18T10:26:31,4400.0,3.78,B
2021-06-18T10:26:30,200.0,3.77,S
2021-06-18T10:26:19,1000.0,3.78,B
2021-06-18T10:26:17,5000.0,3.78,B
2021-06-18T10:26:10,3000.0,3.78,B
2021-06-18T10:25:58,1500.0,3.78,B
2021-06-18T10:25:53,5300.0,3.78,B
2021-06-18T10:25:25,1500.0,3.78,B
2021-06-18T10:25:21,800.0,3.78,B
2021-06-18T10:25:21,200.0,3.77,S
2021-06-18T10:25:16,500.0,3.78,B
2021-06-18T10:25:15,100.0,3.78,B
2021-06-18T10:25:06,100.0,3.78,B
2021-06-18T10:25:06,200.0,3.78,B
2021-06-18T10:24:59,1200.0,3.78,B
2021-06-18T10:24:29,1000.0,3.78,B
2021-06-18T10:24:15,300.0,3.78,B
2021-06-18T10:24:08,400.0,3.78,B
2021-06-18T10:23:40,200.0,3.78,B
2021-06-18T10:23:40,2800.0,3.78,B
2021-06-18T10:23:33,10000.0,3.77,S
2021-06-18T10:23:17,500.0,3.77,S
2021-06-18T10:23:13,600.0,3.77,S
2021-06-18T10:22:55,100.0,3.78,B
2021-06-18T10:22:54,1000.0,3.77,S
2021-06-18T10:22:52,2000.0,3.78,B
2021-06-18T10:22:41,1900.0,3.77,S
2021-06-18T10:22:34,100.0,3.77,S
2021-06-18T10:22:28,2000.0,3.78,B
2021-06-18T10:22:13,1300.0,3.77,S
2021-06-18T10:22:12,8800.0,3.78,B
2021-06-18T10:22:12,1200.0,3.78,B
2021-06-18T10:22:03,500.0,3.77,S
2021-06-18T10:21:41,1000.0,3.78,B
2021-06-18T10:21:41,1000.0,3.78,B
2021-06-18T10:21:36,3000.0,3.78,B
2021-06-18T10:21:15,200.0,3.78,B
2021-06-18T10:21:01,500.0,3.78,B
2021-06-18T10:20:50,1500.0,3.77,S
2021-06-18T10:20:26,300.0,3.78,B
2021-06-18T10:20:12,500.0,3.78,B
2021-06-18T10:20:10,200.0,3.78,B
2021-06-18T10:20:08,2000.0,3.78,B
2021-06-18T10:20:08,500.0,3.78,B
2021-06-18T10:19:43,600.0,3.78,B
2021-06-18T10:19:43,11400.0,3.78,B
2021-06-18T10:19:43,25500.0,3.78,B
2021-06-18T10:19:35,600.0,3.78,B
2021-06-18T10:19:32,300.0,3.78,B
2021-06-18T10:19:27,66700.0,3.78,B
2021-06-18T10:19:24,200.0,3.78,B
2021-06-18T10:19:20,200.0,3.78,B
2021-06-18T10:19:12,5000.0,3.78,B
2021-06-18T10:19:08,200.0,3.77,S
2021-06-18T10:19:00,9700.0,3.78,B
2021-06-18T10:19:00,300.0,3.78,B
2021-06-18T10:19:00,15600.0,3.78,B
2021-06-18T10:19:00,33300.0,3.78,B
2021-06-18T10:18:59,100.0,3.78,B
2021-06-18T10:18:51,3000.0,3.78,B
2021-06-18T10:18:43,1900.0,3.78,B
2021-06-18T10:18:30,3600.0,3.78,B
2021-06-18T10:18:23,2000.0,3.78,B
2021-06-18T10:18:02,300.0,3.78,B
2021-06-18T10:18:00,10800.0,3.78,B
2021-06-18T10:17:55,3000.0,3.78,B
2021-06-18T10:17:54,900.0,3.77,S
2021-06-18T10:17:31,10100.0,3.78,B
2021-06-18T10:17:23,1000.0,3.77,S
2021-06-18T10:17:20,13000.0,3.77,S
2021-06-18T10:17:17,25000.0,3.78,B
2021-06-18T10:17:11,700.0,3.78,B
2021-06-18T10:17:08,200.0,3.78,B
2021-06-18T10:17:00,5000.0,3.78,B
2021-06-18T10:16:56,100.0,3.78,B
2021-06-18T10:16:55,4200.0,3.78,B
2021-06-18T10:16:51,3300.0,3.78,B
2021-06-18T10:16:39,300.0,3.78,B
2021-06-18T10:16:38,46000.0,3.78,B
2021-06-18T10:16:36,9900.0,3.77,S
2021-06-18T10:16:32,500.0,3.78,B
2021-06-18T10:16:19,300.0,3.78,B
2021-06-18T10:16:18,2000.0,3.78,B
2021-06-18T10:16:14,3000.0,3.77,S
2021-06-18T10:16:03,600.0,3.78,B
2021-06-18T10:15:57,500.0,3.78,B
2021-06-18T10:15:57,5000.0,3.78,B
2021-06-18T10:15:56,7700.0,3.77,S
2021-06-18T10:15:56,42300.0,3.77,S
2021-06-18T10:15:48,20000.0,3.77,S
2021-06-18T10:15:48,2400.0,3.77,S
2021-06-18T10:15:48,200.0,3.78,B
2021-06-18T10:15:35,800.0,3.78,B
2021-06-18T10:15:31,200.0,3.78,B
2021-06-18T10:15:16,500.0,3.78,B
2021-06-18T10:15:13,10000.0,3.77,S
2021-06-18T10:15:04,15800.0,3.78,B
2021-06-18T10:15:02,10000.0,3.78,B
2021-06-18T10:14:18,300.0,3.78,B
2021-06-18T10:14:15,100.0,3.78,B
2021-06-18T10:14:15,2000.0,3.78,B
2021-06-18T10:14:09,300.0,3.78,B
2021-06-18T10:13:55,100.0,3.78,B
2021-06-18T10:13:50,400.0,3.78,B
2021-06-18T10:13:40,2000.0,3.78,B
2021-06-18T10:13:38,30000.0,3.77,S
2021-06-18T10:13:36,3300.0,3.78,B
2021-06-18T10:13:05,200.0,3.77,S
2021-06-18T10:13:05,300.0,3.78,B
2021-06-18T10:13:05,500.0,3.78,B
2021-06-18T10:13:03,100.0,3.78,B
2021-06-18T10:12:45,3300.0,3.78,B
2021-06-18T10:12:40,3000.0,3.77,S
2021-06-18T10:12:28,300.0,3.78,B
2021-06-18T10:12:27,6000.0,3.78,B
2021-06-18T10:12:26,2800.0,3.78,B
2021-06-18T10:12:21,3100.0,3.78,B
2021-06-18T10:12:20,1300.0,3.78,B
2021-06-18T10:11:39,100.0,3.78,B
2021-06-18T10:11:38,2000.0,3.78,B
2021-06-18T10:11:27,5000.0,3.77,S
2021-06-18T10:11:25,1000.0,3.78,B
2021-06-18T10:11:21,1600.0,3.77,S
2021-06-18T10:11:18,2200.0,3.77,S
2021-06-18T10:11:01,1000.0,3.78,B
2021-06-18T10:10:57,6000.0,3.78,B
2021-06-18T10:10:53,100.0,3.77,S
2021-06-18T10:10:50,400.0,3.78,B
2021-06-18T10:10:45,1600.0,3.78,B
2021-06-18T10:10:45,8000.0,3.78,B
2021-06-18T10:10:38,2000.0,3.78,B
2021-06-18T10:10:27,100.0,3.78,B
2021-06-18T10:10:26,800.0,3.77,S
2021-06-18T10:10:24,2000.0,3.78,B
2021-06-18T10:10:20,100.0,3.78,B
2021-06-18T10:10:20,900.0,3.78,B
2021-06-18T10:10:17,5000.0,3.78,B
2021-06-18T10:09:59,2100.0,3.78,B
2021-06-18T10:09:59,27900.0,3.78,B
2021-06-18T10:09:54,200.0,3.78,B
2021-06-18T10:09:50,1000.0,3.77,S
2021-06-18T10:09:46,4000.0,3.78,B
2021-06-18T10:09:37,10000.0,3.77,S
2021-06-18T10:09:34,200.0,3.78,B
2021-06-18T10:09:25,200.0,3.78,B
2021-06-18T10:09:22,1300.0,3.78,B
2021-06-18T10:09:08,5600.0,3.77,S
2021-06-18T10:09:05,5000.0,3.78,B
2021-06-18T10:09:02,100.0,3.77,S
2021-06-18T10:08:52,500.0,3.78,B
2021-06-18T10:08:48,20000.0,3.78,B
2021-06-18T10:08:41,5700.0,3.78,B
2021-06-18T10:08:32,1900.0,3.78,B
2021-06-18T10:08:26,900.0,3.78,B
2021-06-18T10:08:21,5000.0,3.78,B
2021-06-18T10:08:14,700.0,3.78,B
2021-06-18T10:07:54,5000.0,3.78,B
2021-06-18T10:07:50,2000.0,3.77,S
2021-06-18T10:07:49,20400.0,3.77,S
2021-06-18T10:07:43,100.0,3.78,B
2021-06-18T10:07:37,500.0,3.77,S
2021-06-18T10:07:24,100.0,3.77,B
2021-06-18T10:07:17,1000.0,3.77,B
2021-06-18T10:07:15,1000.0,3.77,B
2021-06-18T10:07:10,15000.0,3.77,B
2021-06-18T10:06:42,500.0,3.77,B
2021-06-18T10:06:39,1900.0,3.77,B
2021-06-18T10:06:21,400.0,3.77,B
2021-06-18T10:06:20,3800.0,3.77,B
2021-06-18T10:06:11,11000.0,3.77,B
2021-06-18T10:06:08,10000.0,3.77,B
2021-06-18T10:06:05,200.0,3.78,B
2021-06-18T10:06:03,17300.0,3.78,B
2021-06-18T10:05:55,3000.0,3.76,S
2021-06-18T10:05:53,1000.0,3.76,S
2021-06-18T10:05:52,24800.0,3.78,B
2021-06-18T10:05:50,1000.0,3.78,B
2021-06-18T10:05:49,17700.0,3.78,B
2021-06-18T10:05:49,3200.0,3.77,B
2021-06-18T10:05:49,400.0,3.77,B
2021-06-18T10:05:49,100.0,3.77,B
2021-06-18T10:05:49,3900.0,3.77,B
2021-06-18T10:05:47,37400.0,3.76,S
2021-06-18T10:05:43,500.0,3.77,B
2021-06-18T10:05:39,300.0,3.77,B
2021-06-18T10:05:37,400.0,3.77,B
2021-06-18T10:05:36,33200.0,3.76,S
2021-06-18T10:05:36,300.0,3.76,S
2021-06-18T10:05:36,2100.0,3.76,S
2021-06-18T10:05:36,22000.0,3.76,S
2021-06-18T10:05:36,2400.0,3.76,S
2021-06-18T10:05:36,1200.0,3.76,S
2021-06-18T10:05:36,11400.0,3.76,S
2021-06-18T10:05:36,11700.0,3.76,S
2021-06-18T10:05:11,3000.0,3.76,S
2021-06-18T10:05:03,3000.0,3.77,S
2021-06-18T10:05:01,200.0,3.77,S
2021-06-18T10:04:52,3000.0,3.76,S
2021-06-18T10:04:45,100.0,3.76,S
2021-06-18T10:04:30,500.0,3.77,S
2021-06-18T10:04:29,900.0,3.77,S
2021-06-18T10:04:25,6200.0,3.76,S
2021-06-18T10:04:25,800.0,3.76,S
2021-06-18T10:04:21,8800.0,3.77,S
2021-06-18T10:04:21,900.0,3.77,S
2021-06-18T10:04:21,30600.0,3.77,S
2021-06-18T10:04:21,60400.0,3.77,S
2021-06-18T10:04:19,3000.0,3.77,S
2021-06-18T10:04:17,2500.0,3.78,B
2021-06-18T10:04:03,500.0,3.77,S
2021-06-18T10:04:02,9000.0,3.77,S
2021-06-18T10:03:55,300.0,3.77,S
2021-06-18T10:03:52,700.0,3.77,S
2021-06-18T10:03:52,5000.0,3.76,S
2021-06-18T10:03:51,3000.0,3.78,B
2021-06-18T10:03:22,4400.0,3.77,S
2021-06-18T10:03:10,1000.0,3.77,S
2021-06-18T10:03:00,1000.0,3.78,B
2021-06-18T10:02:59,1000.0,3.78,B
2021-06-18T10:02:58,1500.0,3.76,S
2021-06-18T10:02:54,200.0,3.77,S
2021-06-18T10:02:53,10000.0,3.77,S
2021-06-18T10:02:53,13100.0,3.77,S
2021-06-18T10:02:53,21200.0,3.77,S
2021-06-18T10:02:50,5000.0,3.77,S
2021-06-18T10:02:49,5700.0,3.77,S
2021-06-18T10:02:49,3100.0,3.77,S
2021-06-18T10:02:48,16900.0,3.77,S
2021-06-18T10:02:47,3000.0,3.78,B
2021-06-18T10:02:44,100.0,3.77,S
2021-06-18T10:02:32,1000.0,3.77,S
2021-06-18T10:02:30,5000.0,3.77,S
2021-06-18T10:02:06,8700.0,3.77,S
2021-06-18T10:02:00,200.0,3.78,B
2021-06-18T10:01:43,2000.0,3.77,S
2021-06-18T10:01:39,5000.0,3.78,B
2021-06-18T10:01:25,200.0,3.78,B
2021-06-18T10:01:22,10000.0,3.77,S
2021-06-18T10:01:21,400.0,3.78,B
2021-06-18T10:01:19,1500.0,3.77,S
2021-06-18T10:01:14,100.0,3.78,B
2021-06-18T10:01:10,1700.0,3.77,S
2021-06-18T10:01:01,2000.0,3.78,B
2021-06-18T10:00:59,500.0,3.77,S
2021-06-18T10:00:51,100.0,3.77,S
2021-06-18T10:00:44,3000.0,3.77,S
2021-06-18T10:00:39,4100.0,3.77,S
2021-06-18T10:00:39,600.0,3.77,S
2021-06-18T10:00:39,1000.0,3.77,S
2021-06-18T10:00:39,200.0,3.77,S
2021-06-18T10:00:39,11000.0,3.77,S
2021-06-18T10:00:39,1200.0,3.77,S
2021-06-18T10:00:39,1200.0,3.77,S
2021-06-18T10:00:39,40200.0,3.77,S
2021-06-18T10:00:38,500.0,3.77,S
2021-06-18T10:00:32,100.0,3.78,B
2021-06-18T10:00:24,200.0,3.78,B
2021-06-18T10:00:19,500.0,3.78,B
2021-06-18T10:00:15,1500.0,3.78,B
2021-06-18T10:00:13,100.0,3.77,S
2021-06-18T10:00:12,100.0,3.78,B
2021-06-18T09:59:58,100.0,3.78,B
2021-06-18T09:59:49,2900.0,3.78,B
2021-06-18T09:59:49,500.0,3.78,B
2021-06-18T09:59:47,3000.0,3.78,B
2021-06-18T09:59:39,300.0,3.78,B
2021-06-18T09:59:30,2400.0,3.78,B
2021-06-18T09:59:28,1000.0,3.78,B
2021-06-18T09:59:27,20000.0,3.78,B
2021-06-18T09:59:25,1500.0,3.78,B
2021-06-18T09:59:24,400.0,3.78,B
2021-06-18T09:59:20,200.0,3.78,B
2021-06-18T09:59:15,10500.0,3.78,B
2021-06-18T09:59:10,3000.0,3.78,B
2021-06-18T09:59:08,800.0,3.78,B
2021-06-18T09:59:06,50000.0,3.78,B
2021-06-18T09:59:05,4000.0,3.77,S
2021-06-18T09:59:03,100.0,3.78,B
2021-06-18T09:59:02,1300.0,3.78,B
2021-06-18T09:59:01,1000.0,3.78,B
2021-06-18T09:59:00,3000.0,3.78,B
2021-06-18T09:58:57,1600.0,3.78,B
2021-06-18T09:58:57,2900.0,3.78,B
2021-06-18T09:58:54,500.0,3.78,B
2021-06-18T09:58:50,10000.0,3.78,B
2021-06-18T09:58:45,3900.0,3.78,B
2021-06-18T09:58:34,600.0,3.78,B
2021-06-18T09:58:26,100.0,3.78,B
2021-06-18T09:58:25,8200.0,3.77,S
2021-06-18T09:58:25,26000.0,3.77,S
2021-06-18T09:58:21,5000.0,3.78,B
2021-06-18T09:58:14,100.0,3.78,B
2021-06-18T09:58:12,11000.0,3.78,B
2021-06-18T09:58:01,100.0,3.78,B
2021-06-18T09:57:55,1000.0,3.78,B
2021-06-18T09:57:53,3000.0,3.78,S
2021-06-18T09:57:49,15600.0,3.78,S
2021-06-18T09:57:33,10000.0,3.78,S
2021-06-18T09:57:31,1000.0,3.78,S
2021-06-18T09:57:27,200.0,3.78,S
2021-06-18T09:57:05,1000.0,3.78,S
2021-06-18T09:57:01,200.0,3.78,S
2021-06-18T09:56:59,200.0,3.78,S
2021-06-18T09:56:58,21700.0,3.78,S
2021-06-18T09:56:58,33300.0,3.78,S
2021-06-18T09:56:56,200.0,3.78,S
2021-06-18T09:56:56,400.0,3.78,S
2021-06-18T09:56:54,500.0,3.78,S
2021-06-18T09:56:50,6500.0,3.78,S
2021-06-18T09:56:49,3000.0,3.78,S
2021-06-18T09:56:48,2500.0,3.78,S
2021-06-18T09:56:46,400.0,3.78,S
2021-06-18T09:56:45,4500.0,3.78,S
2021-06-18T09:56:43,17300.0,3.78,S
2021-06-18T09:56:43,10500.0,3.78,S
2021-06-18T09:56:43,20900.0,3.78,S
2021-06-18T09:56:30,5000.0,3.78,S
2021-06-18T09:56:30,200.0,3.79,B
2021-06-18T09:56:28,2000.0,3.78,S
2021-06-18T09:56:26,2000.0,3.78,S
2021-06-18T09:56:26,1100.0,3.78,S
2021-06-18T09:56:19,1000.0,3.78,S
2021-06-18T09:56:08,500.0,3.78,S
2021-06-18T09:56:08,400.0,3.79,B
2021-06-18T09:55:56,100.0,3.78,S
2021-06-18T09:55:23,6000.0,3.78,S
2021-06-18T09:55:23,800.0,3.78,S
2021-06-18T09:55:14,2600.0,3.78,S
2021-06-18T09:55:14,118000.0,3.78,S
2021-06-18T09:55:08,1000.0,3.78,S
2021-06-18T09:55:03,200.0,3.78,S
2021-06-18T09:54:57,5200.0,3.78,S
2021-06-18T09:54:57,200.0,3.78,S
2021-06-18T09:54:56,6600.0,3.78,S
2021-06-18T09:54:56,1000.0,3.78,S
2021-06-18T09:54:47,500.0,3.78,S
2021-06-18T09:54:24,7800.0,3.78,B
2021-06-18T09:54:22,20000.0,3.78,B
2021-06-18T09:54:17,3100.0,3.78,B
2021-06-18T09:54:16,1000.0,3.77,S
2021-06-18T09:54:13,3400.0,3.78,B
2021-06-18T09:54:06,44700.0,3.78,B
2021-06-18T09:54:06,28000.0,3.78,B
2021-06-18T09:54:06,1000.0,3.78,B
2021-06-18T09:54:06,26300.0,3.78,B
2021-06-18T09:54:05,600.0,3.78,B
2021-06-18T09:54:03,72300.0,3.78,B
2021-06-18T09:54:00,1000.0,3.78,B
2021-06-18T09:53:57,700.0,3.77,S
2021-06-18T09:53:55,1000.0,3.77,S
2021-06-18T09:53:53,500.0,3.77,S
2021-06-18T09:53:45,1500.0,3.78,B
2021-06-18T09:53:44,1000.0,3.78,B
2021-06-18T09:53:42,10000.0,3.78,B
2021-06-18T09:53:40,5000.0,3.78,B
2021-06-18T09:53:27,1000.0,3.77,S
2021-06-18T09:53:17,300.0,3.78,B
2021-06-18T09:53:15,900.0,3.78,B
2021-06-18T09:53:13,6000.0,3.78,B
2021-06-18T09:53:11,200.0,3.78,B
2021-06-18T09:53:09,1200.0,3.77,S
2021-06-18T09:53:09,500.0,3.77,S
2021-06-18T09:53:09,800.0,3.77,S
2021-06-18T09:53:09,200.0,3.77,S
2021-06-18T09:53:03,5000.0,3.78,B
2021-06-18T09:52:59,11000.0,3.77,S
2021-06-18T09:52:57,500.0,3.78,B
2021-06-18T09:52:52,100.0,3.77,S
2021-06-18T09:52:48,14900.0,3.77,S
2021-06-18T09:52:48,1000.0,3.77,S
2021-06-18T09:52:48,4100.0,3.77,S
2021-06-18T09:52:44,5000.0,3.77,S
2021-06-18T09:52:19,11000.0,3.78,B
2021-06-18T09:52:19,2000.0,3.78,B
2021-06-18T09:52:19,1700.0,3.78,B
2021-06-18T09:52:15,4100.0,3.78,B
2021-06-18T09:52:15,5000.0,3.78,B
2021-06-18T09:52:15,5000.0,3.78,B
2021-06-18T09:52:15,1000.0,3.78,B
2021-06-18T09:52:15,400.0,3.78,B
2021-06-18T09:52:15,15500.0,3.78,B
2021-06-18T09:52:05,500.0,3.77,S
2021-06-18T09:52:05,3000.0,3.77,S
2021-06-18T09:51:49,2300.0,3.78,B
2021-06-18T09:51:49,2700.0,3.78,B
2021-06-18T09:51:49,5000.0,3.78,B
2021-06-18T09:51:36,1000.0,3.78,B
2021-06-18T09:51:29,10400.0,3.77,S
2021-06-18T09:51:26,2200.0,3.78,B
2021-06-18T09:51:22,10100.0,3.78,B
2021-06-18T09:51:07,100000.0,3.77,S
2021-06-18T09:51:06,500.0,3.77,S
2021-06-18T09:51:04,200.0,3.78,B
2021-06-18T09:50:55,3000.0,3.77,S
2021-06-18T09:50:49,600.0,3.77,S
2021-06-18T09:50:43,20000.0,3.77,S
2021-06-18T09:50:36,100.0,3.78,B
2021-06-18T09:50:28,500.0,3.78,B
2021-06-18T09:50:22,100.0,3.78,B
2021-06-18T09:50:21,600.0,3.77,S
2021-06-18T09:50:21,2000.0,3.78,B
2021-06-18T09:50:21,600.0,3.78,B
2021-06-18T09:50:14,300.0,3.78,B
2021-06-18T09:50:05,100.0,3.78,B
2021-06-18T09:50:02,2000.0,3.78,B
2021-06-18T09:49:55,18000.0,3.78,B
2021-06-18T09:49:49,3500.0,3.77,S
2021-06-18T09:49:46,2500.0,3.77,S
2021-06-18T09:49:43,500.0,3.77,S
2021-06-18T09:49:42,9400.0,3.77,S
2021-06-18T09:49:42,3000.0,3.77,S
2021-06-18T09:49:40,1500.0,3.77,S
2021-06-18T09:49:37,15000.0,3.78,B
2021-06-18T09:49:35,5000.0,3.78,B
2021-06-18T09:49:33,9800.0,3.77,S
2021-06-18T09:49:27,1000.0,3.78,B
2021-06-18T09:49:26,2000.0,3.77,S
2021-06-18T09:49:22,4000.0,3.77,S
2021-06-18T09:49:02,700.0,3.77,S
2021-06-18T09:49:00,500.0,3.77,S
2021-06-18T09:48:55,1000.0,3.77,S
2021-06-18T09:48:48,5000.0,3.77,S
2021-06-18T09:48:46,3000.0,3.78,B
2021-06-18T09:48:33,2500.0,3.78,B
2021-06-18T09:48:33,1000.0,3.77,S
2021-06-18T09:48:33,10000.0,3.77,S
2021-06-18T09:48:25,2000.0,3.77,S
2021-06-18T09:48:17,19500.0,3.77,S
2021-06-18T09:48:15,3000.0,3.77,S
2021-06-18T09:48:13,300.0,3.77,S
2021-06-18T09:47:56,5000.0,3.77,S
2021-06-18T09:47:56,200.0,3.77,S
2021-06-18T09:47:55,200.0,3.77,S
2021-06-18T09:47:51,1000.0,3.77,S
2021-06-18T09:47:50,1000.0,3.78,B
2021-06-18T09:47:35,300.0,3.77,S
2021-06-18T09:47:35,2000.0,3.78,B
2021-06-18T09:47:32,30300.0,3.77,S
2021-06-18T09:47:32,2500.0,3.77,S
2021-06-18T09:47:31,17200.0,3.77,S
2021-06-18T09:47:25,5000.0,3.77,S
2021-06-18T09:47:18,500.0,3.78,B
2021-06-18T09:47:16,1000.0,3.78,B
2021-06-18T09:47:06,5000.0,3.77,S
2021-06-18T09:46:56,2600.0,3.78,B
2021-06-18T09:46:55,2800.0,3.77,S
2021-06-18T09:46:49,1500.0,3.77,S
2021-06-18T09:46:44,2000.0,3.77,S
2021-06-18T09:46:34,10000.0,3.78,B
2021-06-18T09:46:32,800.0,3.77,S
2021-06-18T09:46:32,800.0,3.78,B
2021-06-18T09:46:24,15100.0,3.77,S
2021-06-18T09:46:20,4900.0,3.77,S
2021-06-18T09:46:19,100.0,3.77,S
2021-06-18T09:46:09,300.0,3.77,S
2021-06-18T09:46:09,23300.0,3.77,S
2021-06-18T09:46:09,22700.0,3.77,S
2021-06-18T09:45:56,2000.0,3.78,B
2021-06-18T09:45:43,16000.0,3.77,S
2021-06-18T09:45:30,300.0,3.78,B
2021-06-18T09:45:19,15200.0,3.78,B
2021-06-18T09:45:19,7100.0,3.78,B
2021-06-18T09:45:19,6500.0,3.78,B
2021-06-18T09:45:19,4600.0,3.78,B
2021-06-18T09:45:19,4000.0,3.78,B
2021-06-18T09:45:18,32600.0,3.78,B
2021-06-18T09:45:05,500.0,3.78,B
2021-06-18T09:45:01,300.0,3.78,B
2021-06-18T09:44:59,2000.0,3.77,S
2021-06-18T09:44:49,900.0,3.78,B
2021-06-18T09:44:17,300.0,3.78,B
2021-06-18T09:44:16,300.0,3.78,B
2021-06-18T09:44:06,2000.0,3.77,S
2021-06-18T09:44:05,2100.0,3.77,S
2021-06-18T09:44:05,300.0,3.77,S
2021-06-18T09:44:04,100000.0,3.77,S
2021-06-18T09:44:03,500.0,3.77,S
2021-06-18T09:44:03,1500.0,3.77,S
2021-06-18T09:44:02,373000.0,3.77,S
2021-06-18T09:43:59,5000.0,3.76,S
2021-06-18T09:43:54,400.0,3.77,S
2021-06-18T09:43:54,300.0,3.76,S
2021-06-18T09:43:49,200.0,3.77,S
2021-06-18T09:43:41,500.0,3.76,S
2021-06-18T09:43:39,400.0,3.77,S
2021-06-18T09:43:38,8800.0,3.77,S
2021-06-18T09:43:37,2000.0,3.76,S
2021-06-18T09:43:34,600.0,3.77,S
2021-06-18T09:43:25,1000.0,3.77,S
2021-06-18T09:43:25,1300.0,3.77,S
2021-06-18T09:43:25,55000.0,3.77,S
2021-06-18T09:43:21,10000.0,3.77,S
2021-06-18T09:43:07,1000.0,3.77,S
2021-06-18T09:43:07,600.0,3.77,S
2021-06-18T09:43:02,22100.0,3.78,B
2021-06-18T09:42:52,41700.0,3.78,B
2021-06-18T09:42:52,1400.0,3.78,B
2021-06-18T09:42:52,1700.0,3.78,B
2021-06-18T09:42:52,41200.0,3.78,B
2021-06-18T09:42:51,2300.0,3.77,S
2021-06-18T09:42:50,1000.0,3.78,B
2021-06-18T09:42:47,800.0,3.78,B
2021-06-18T09:42:42,1100.0,3.76,S
2021-06-18T09:42:41,1900.0,3.77,S
2021-06-18T09:42:41,1000.0,3.78,B
2021-06-18T09:42:39,200.0,3.77,S
2021-06-18T09:42:39,4000.0,3.77,S
2021-06-18T09:42:27,100.0,3.78,B
2021-06-18T09:42:26,5200.0,3.78,B
2021-06-18T09:42:26,1600.0,3.77,S
2021-06-18T09:42:22,6000.0,3.78,B
2021-06-18T09:42:14,12900.0,3.77,S
2021-06-18T09:42:12,12100.0,3.77,S
2021-06-18T09:42:09,300.0,3.77,S
2021-06-18T09:42:04,300.0,3.77,S
2021-06-18T09:42:04,5000.0,3.77,S
2021-06-18T09:42:03,3000.0,3.77,S
2021-06-18T09:42:03,5000.0,3.77,S
2021-06-18T09:42:01,4000.0,3.78,B
2021-06-18T09:41:55,200.0,3.77,S
2021-06-18T09:41:52,1000.0,3.78,B
2021-06-18T09:41:43,500.0,3.77,S
2021-06-18T09:41:41,8900.0,3.77,S
2021-06-18T09:41:41,5200.0,3.77,S
2021-06-18T09:41:41,11000.0,3.77,S
2021-06-18T09:41:41,700.0,3.77,S
2021-06-18T09:41:41,2700.0,3.77,S
2021-06-18T09:41:41,5000.0,3.77,S
2021-06-18T09:41:41,15000.0,3.77,S
2021-06-18T09:41:41,5000.0,3.77,S
2021-06-18T09:41:41,400.0,3.77,S
2021-06-18T09:41:41,12500.0,3.77,S
2021-06-18T09:41:41,34400.0,3.77,S
2021-06-18T09:41:41,200.0,3.77,S
2021-06-18T09:41:41,5100.0,3.77,S
2021-06-18T09:41:40,1200.0,3.78,B
2021-06-18T09:41:35,5000.0,3.77,S
2021-06-18T09:41:14,200.0,3.78,B
2021-06-18T09:41:13,2000.0,3.78,B
2021-06-18T09:41:10,500.0,3.78,B
2021-06-18T09:41:08,5800.0,3.78,B
2021-06-18T09:41:07,200.0,3.78,B
2021-06-18T09:40:57,500.0,3.78,S
2021-06-18T09:40:34,300.0,3.78,S
2021-06-18T09:40:34,400.0,3.78,S
2021-06-18T09:40:32,200.0,3.78,S
2021-06-18T09:40:32,200.0,3.78,S
2021-06-18T09:40:28,100.0,3.78,S
2021-06-18T09:40:28,500.0,3.78,S
2021-06-18T09:40:25,3000.0,3.78,S
2021-06-18T09:40:21,200.0,3.78,S
2021-06-18T09:40:18,4200.0,3.78,S
2021-06-18T09:40:15,100.0,3.78,S
2021-06-18T09:40:14,100.0,3.78,S
2021-06-18T09:40:09,1600.0,3.79,B
2021-06-18T09:40:07,2600.0,3.78,S
2021-06-18T09:40:07,1800.0,3.78,S
2021-06-18T09:40:06,400.0,3.78,S
2021-06-18T09:40:03,35200.0,3.78,S
2021-06-18T09:40:01,3000.0,3.79,B
2021-06-18T09:39:59,1000.0,3.79,B
2021-06-18T09:39:58,500.0,3.79,B
2021-06-18T09:39:58,7000.0,3.79,B
2021-06-18T09:39:57,400.0,3.79,B
2021-06-18T09:39:56,700.0,3.79,B
2021-06-18T09:39:47,7000.0,3.78,S
2021-06-18T09:39:46,800.0,3.79,B
2021-06-18T09:39:40,5000.0,3.79,B
2021-06-18T09:39:38,3000.0,3.79,B
2021-06-18T09:39:36,1000.0,3.78,S
2021-06-18T09:39:32,300.0,3.79,B
2021-06-18T09:39:32,100.0,3.78,S
2021-06-18T09:39:28,5000.0,3.78,S
2021-06-18T09:39:25,4000.0,3.78,S
2021-06-18T09:39:25,1100.0,3.79,B
2021-06-18T09:39:20,200.0,3.78,S
2021-06-18T09:39:18,1900.0,3.79,B
2021-06-18T09:39:17,5500.0,3.79,B
2021-06-18T09:39:16,7200.0,3.78,S
2021-06-18T09:39:16,16000.0,3.78,S
2021-06-18T09:39:15,10000.0,3.79,B
2021-06-18T09:39:10,1500.0,3.79,B
2021-06-18T09:39:00,300.0,3.78,S
2021-06-18T09:38:57,100.0,3.79,B
2021-06-18T09:38:51,1400.0,3.79,B
2021-06-18T09:38:50,300.0,3.79,B
2021-06-18T09:38:45,1100.0,3.78,S
2021-06-18T09:38:43,300.0,3.78,S
2021-06-18T09:38:39,15000.0,3.78,S
2021-06-18T09:38:31,5000.0,3.79,B
2021-06-18T09:38:28,1900.0,3.79,B
2021-06-18T09:38:27,1100.0,3.79,B
2021-06-18T09:38:27,500.0,3.78,S
2021-06-18T09:38:24,3500.0,3.79,B
2021-06-18T09:38:21,1000.0,3.79,B
2021-06-18T09:38:19,3000.0,3.79,B
2021-06-18T09:38:16,10000.0,3.78,S
2021-06-18T09:38:15,1000.0,3.78,S
2021-06-18T09:38:13,11900.0,3.78,S
2021-06-18T09:38:13,11000.0,3.78,S
2021-06-18T09:38:12,33000.0,3.78,S
2021-06-18T09:38:12,1000.0,3.78,S
2021-06-18T09:38:07,400.0,3.79,B
2021-06-18T09:38:00,200.0,3.78,S
2021-06-18T09:38:00,1400.0,3.78,S
2021-06-18T09:38:00,10400.0,3.78,S
2021-06-18T09:38:00,1900.0,3.78,S
2021-06-18T09:37:59,3900.0,3.78,S
2021-06-18T09:37:58,3400.0,3.78,S
2021-06-18T09:37:57,2000.0,3.79,B
2021-06-18T09:37:56,17800.0,3.78,S
2021-06-18T09:37:55,1600.0,3.78,S
2021-06-18T09:37:53,1400.0,3.79,B
2021-06-18T09:37:47,11500.0,3.79,B
2021-06-18T09:37:47,10000.0,3.78,S
2021-06-18T09:37:46,500.0,3.78,S
2021-06-18T09:37:40,100.0,3.78,S
2021-06-18T09:37:38,500.0,3.79,B
2021-06-18T09:37:32,5500.0,3.79,B
2021-06-18T09:37:26,100.0,3.78,S
2021-06-18T09:37:26,3000.0,3.79,B
2021-06-18T09:37:23,300.0,3.79,B
2021-06-18T09:37:23,100.0,3.79,B
2021-06-18T09:37:23,2100.0,3.78,S
2021-06-18T09:37:15,700.0,3.78,S
2021-06-18T09:37:15,4300.0,3.78,S
2021-06-18T09:37:14,500.0,3.79,B
2021-06-18T09:37:10,3000.0,3.79,B
2021-06-18T09:37:07,1000.0,3.78,S
2021-06-18T09:37:05,500.0,3.79,B
2021-06-18T09:37:04,300.0,3.79,B
2021-06-18T09:37:03,100.0,3.79,B
2021-06-18T09:37:03,500.0,3.79,B
2021-06-18T09:37:02,100.0,3.78,S
2021-06-18T09:37:02,1900.0,3.79,B
2021-06-18T09:36:59,1000.0,3.78,S
2021-06-18T09:36:55,200.0,3.79,B
2021-06-18T09:36:54,100.0,3.79,B
2021-06-18T09:36:53,4000.0,3.79,B
2021-06-18T09:36:52,300.0,3.79,B
2021-06-18T09:36:36,100.0,3.78,S
2021-06-18T09:36:35,4000.0,3.78,S
2021-06-18T09:36:35,1000.0,3.78,S
2021-06-18T09:36:31,1000.0,3.78,S
2021-06-18T09:36:31,3000.0,3.79,B
2021-06-18T09:36:28,5000.0,3.79,B
2021-06-18T09:36:27,5000.0,3.79,B
2021-06-18T09:36:26,100.0,3.79,B
2021-06-18T09:36:25,1200.0,3.79,B
2021-06-18T09:36:25,5100.0,3.79,B
2021-06-18T09:36:25,22200.0,3.79,B
2021-06-18T09:36:25,5100.0,3.79,B
2021-06-18T09:36:23,1000.0,3.79,B
2021-06-18T09:36:04,300.0,3.79,B
2021-06-18T09:36:04,100.0,3.79,B
2021-06-18T09:35:56,500.0,3.79,B
2021-06-18T09:35:54,100.0,3.79,B
2021-06-18T09:35:48,1000.0,3.79,B
2021-06-18T09:35:48,2000.0,3.79,B
2021-06-18T09:35:48,100.0,3.79,B
2021-06-18T09:35:48,100.0,3.79,B
2021-06-18T09:35:48,100.0,3.79,B
2021-06-18T09:35:47,4500.0,3.79,B
2021-06-18T09:34:42,1900.0,3.79,S
2021-06-18T09:34:36,30000.0,3.79,S
2021-06-18T09:34:35,100.0,3.79,S
2021-06-18T09:34:35,300.0,3.79,S
2021-06-18T09:34:34,2000.0,3.79,S
2021-06-18T09:34:33,2400.0,3.78,S
2021-06-18T09:34:33,600.0,3.78,S
2021-06-18T09:34:31,7100.0,3.79,S
2021-06-18T09:34:22,100.0,3.79,S
2021-06-18T09:34:14,100.0,3.79,S
2021-06-18T09:34:09,500.0,3.79,S
2021-06-18T09:34:06,4000.0,3.79,S
2021-06-18T09:34:06,800.0,3.79,S
2021-06-18T09:34:03,200.0,3.79,S
2021-06-18T09:34:03,2000.0,3.79,S
2021-06-18T09:33:59,1000.0,3.79,S
2021-06-18T09:33:59,1000.0,3.79,S
2021-06-18T09:33:55,10000.0,3.79,S
2021-06-18T09:33:52,39300.0,3.79,S
2021-06-18T09:33:50,500.0,3.79,S
2021-06-18T09:33:48,500.0,3.79,S
2021-06-18T09:33:48,10000.0,3.8,B
2021-06-18T09:33:46,12700.0,3.79,S
2021-06-18T09:33:45,300.0,3.79,S
2021-06-18T09:33:41,3000.0,3.79,S
2021-06-18T09:33:39,3000.0,3.79,S
2021-06-18T09:33:29,2000.0,3.79,S
2021-06-18T09:33:28,900.0,3.78,S
2021-06-18T09:33:27,500.0,3.79,S
2021-06-18T09:33:25,100.0,3.79,S
2021-06-18T09:33:25,200.0,3.79,S
2021-06-18T09:33:23,100.0,3.79,S
2021-06-18T09:33:22,16900.0,3.79,S
2021-06-18T09:33:20,21000.0,3.79,S
2021-06-18T09:33:20,2900.0,3.79,S
2021-06-18T09:33:20,8400.0,3.79,S
2021-06-18T09:33:12,200.0,3.8,B
2021-06-18T09:33:09,5200.0,3.79,S
2021-06-18T09:33:09,2300.0,3.79,S
2021-06-18T09:33:09,700.0,3.79,S
2021-06-18T09:33:07,200.0,3.79,S
2021-06-18T09:33:06,1100.0,3.79,S
2021-06-18T09:33:04,100.0,3.79,S
2021-06-18T09:33:03,5300.0,3.79,S
2021-06-18T09:33:02,5000.0,3.79,S
2021-06-18T09:33:00,400.0,3.8,B
2021-06-18T09:33:00,8400.0,3.79,S
2021-06-18T09:33:00,10000.0,3.79,S
2021-06-18T09:33:00,1600.0,3.79,S
2021-06-18T09:32:58,300.0,3.79,S
2021-06-18T09:32:55,1000.0,3.8,B
2021-06-18T09:32:54,1000.0,3.79,S
2021-06-18T09:32:53,18000.0,3.8,B
2021-06-18T09:32:53,1700.0,3.8,B
2021-06-18T09:32:52,1100.0,3.79,S
2021-06-18T09:32:48,2000.0,3.79,S
2021-06-18T09:32:44,200.0,3.79,S
2021-06-18T09:32:43,1000.0,3.79,S
2021-06-18T09:32:40,700.0,3.8,B
2021-06-18T09:32:40,2000.0,3.79,S
2021-06-18T09:32:39,1600.0,3.79,S
2021-06-18T09:32:37,10000.0,3.8,B
2021-06-18T09:32:36,2800.0,3.79,S
2021-06-18T09:32:33,5700.0,3.79,S
2021-06-18T09:32:29,100.0,3.79,S
2021-06-18T09:32:27,100.0,3.79,S
2021-06-18T09:32:26,700.0,3.8,B
2021-06-18T09:32:24,400.0,3.8,B
2021-06-18T09:32:23,500.0,3.8,B
2021-06-18T09:32:23,3000.0,3.8,B
2021-06-18T09:32:22,300.0,3.79,S
2021-06-18T09:32:22,6700.0,3.79,S
2021-06-18T09:32:22,2000.0,3.79,S
2021-06-18T09:32:20,1000.0,3.79,S
2021-06-18T09:32:20,5000.0,3.79,S
2021-06-18T09:32:19,1000.0,3.79,S
2021-06-18T09:32:19,11200.0,3.8,B
2021-06-18T09:32:16,100.0,3.79,S
2021-06-18T09:32:16,9900.0,3.79,S
2021-06-18T09:32:15,100.0,3.8,B
2021-06-18T09:32:13,300.0,3.79,S
2021-06-18T09:32:12,5000.0,3.79,S
2021-06-18T09:32:07,10300.0,3.8,B
2021-06-18T09:32:06,1900.0,3.8,B
2021-06-18T09:32:04,20000.0,3.8,B
2021-06-18T09:32:01,17000.0,3.8,B
2021-06-18T09:32:00,500.0,3.79,S
2021-06-18T09:31:57,4500.0,3.79,S
2021-06-18T09:31:57,6100.0,3.79,S
2021-06-18T09:31:57,5500.0,3.79,S
2021-06-18T09:31:57,11700.0,3.79,S
2021-06-18T09:31:57,10000.0,3.79,S
2021-06-18T09:31:55,2200.0,3.79,S
2021-06-18T09:31:53,2900.0,3.79,S
2021-06-18T09:31:53,100.0,3.79,S
2021-06-18T09:31:51,11000.0,3.8,B
2021-06-18T09:31:51,20000.0,3.8,B
2021-06-18T09:31:50,700.0,3.8,B
2021-06-18T09:31:50,9000.0,3.8,B
2021-06-18T09:31:43,600.0,3.79,S
2021-06-18T09:31:41,800.0,3.79,S
2021-06-18T09:31:37,2500.0,3.8,B
2021-06-18T09:31:36,4200.0,3.79,S
2021-06-18T09:31:32,700.0,3.8,B
2021-06-18T09:31:32,6000.0,3.8,B
2021-06-18T09:31:32,8900.0,3.8,B
2021-06-18T09:31:30,1100.0,3.8,B
2021-06-18T09:31:28,3500.0,3.79,S
2021-06-18T09:31:28,100.0,3.79,S
2021-06-18T09:31:28,1100.0,3.79,S
2021-06-18T09:31:26,100.0,3.79,S
2021-06-18T09:31:24,400.0,3.8,B
2021-06-18T09:31:23,5000.0,3.8,B
2021-06-18T09:31:22,100.0,3.8,B
2021-06-18T09:31:17,300.0,3.8,B
2021-06-18T09:31:17,500.0,3.8,B
2021-06-18T09:31:16,100.0,3.79,S
2021-06-18T09:31:16,200.0,3.79,S
2021-06-18T09:31:08,13600.0,3.79,S
2021-06-18T09:31:08,4900.0,3.79,S
2021-06-18T09:31:08,5000.0,3.79,S
2021-06-18T09:31:08,76500.0,3.79,S
2021-06-18T09:31:06,100000.0,3.8,B
2021-06-18T09:31:01,400.0,3.8,B
2021-06-18T09:30:59,2000.0,3.8,B
2021-06-18T09:30:55,8600.0,3.8,B
2021-06-18T09:30:52,5400.0,3.79,S
2021-06-18T09:30:47,400.0,3.79,S
2021-06-18T09:30:47,5000.0,3.8,B
2021-06-18T09:30:45,4000.0,3.79,S
2021-06-18T09:30:40,300.0,3.8,B
2021-06-18T09:30:38,1500.0,3.8,B
2021-06-18T09:30:30,5000.0,3.8,B
2021-06-18T09:30:30,200.0,3.79,S
2021-06-18T09:30:26,600.0,3.8,B
2021-06-18T09:30:26,1000.0,3.79,S
2021-06-18T09:30:23,10000.0,3.8,B
2021-06-18T09:30:21,200.0,3.8,B
2021-06-18T09:30:21,4000.0,3.8,B
2021-06-18T09:30:21,200.0,3.8,B
2021-06-18T09:30:20,2000.0,3.8,B
2021-06-18T09:30:17,7900.0,3.8,B
2021-06-18T09:30:17,4400.0,3.8,B
2021-06-18T09:30:10,1200.0,3.8,B
2021-06-18T09:30:04,300.0,3.8,B
2021-06-18T09:30:03,1000.0,3.79,S
2021-06-18T09:30:02,500.0,3.79,S
2021-06-18T09:29:57,2000.0,3.8,B
2021-06-18T09:29:55,3500.0,3.8,B
2021-06-18T09:29:53,14000.0,3.8,B
2021-06-18T09:29:50,700.0,3.8,B
2021-06-18T09:29:48,1400.0,3.8,B
2021-06-18T09:29:44,900.0,3.79,S
2021-06-18T09:29:44,200.0,3.79,S
2021-06-18T09:29:41,10000.0,3.8,B
2021-06-18T09:29:33,5000.0,3.8,B
2021-06-18T09:29:33,12100.0,3.8,B
2021-06-18T09:29:25,10000.0,3.8,B
2021-06-18T09:29:25,3200.0,3.8,B
2021-06-18T09:29:24,500.0,3.8,B
2021-06-18T09:29:23,100.0,3.8,B
2021-06-18T09:29:22,1200.0,3.8,B
2021-06-18T09:29:20,100.0,3.79,S
2021-06-18T09:29:19,1000.0,3.8,B
2021-06-18T09:29:19,1000.0,3.8,B
2021-06-18T09:29:18,200.0,3.8,B
2021-06-18T09:29:16,1500.0,3.8,B
2021-06-18T09:29:15,100.0,3.79,S
2021-06-18T09:29:13,200.0,3.8,B
2021-06-18T09:29:10,200.0,3.8,B
2021-06-18T09:29:10,1000.0,3.8,B
2021-06-18T09:29:08,1000.0,3.8,B
2021-06-18T09:29:05,1000.0,3.8,B
2021-06-18T09:29:00,300.0,3.79,S
2021-06-18T09:28:51,41000.0,3.8,B
2021-06-18T09:28:50,100.0,3.8,B
2021-06-18T09:28:50,5400.0,3.79,S
2021-06-18T09:28:50,900.0,3.79,S
2021-06-18T09:28:50,3200.0,3.79,S
2021-06-18T09:28:46,10000.0,3.8,B
2021-06-18T09:28:45,2000.0,3.8,B
2021-06-18T09:28:44,4700.0,3.8,B
2021-06-18T09:28:42,100.0,3.79,S
2021-06-18T09:28:42,5000.0,3.79,S
2021-06-18T09:28:42,10600.0,3.79,S
2021-06-18T09:28:41,500.0,3.79,S
2021-06-18T09:28:38,50000.0,3.8,B
2021-06-18T09:28:37,28000.0,3.79,S
2021-06-18T09:28:36,500.0,3.8,B
2021-06-18T09:28:35,700.0,3.8,B
2021-06-18T09:28:34,1200.0,3.79,S
2021-06-18T09:28:30,500.0,3.8,B
2021-06-18T09:28:19,500.0,3.8,B
2021-06-18T09:28:18,800.0,3.8,B
2021-06-18T09:28:15,200.0,3.79,S
2021-06-18T09:28:13,700.0,3.8,B
2021-06-18T09:28:13,1000.0,3.8,B
2021-06-18T09:28:11,400.0,3.8,B
2021-06-18T09:28:10,1800.0,3.79,S
2021-06-18T09:28:08,100.0,3.8,B
2021-06-18T09:28:08,6000.0,3.79,S
2021-06-18T09:28:07,5000.0,3.8,B
2021-06-18T09:28:06,71100.0,3.8,B
2021-06-18T09:28:06,10000.0,3.8,B
2021-06-18T09:28:06,4800.0,3.79,S
2021-06-18T09:28:06,5200.0,3.79,S
2021-06-18T09:28:06,10000.0,3.8,B
2021-06-18T09:28:05,10000.0,3.79,S
2021-06-18T09:27:56,100.0,3.8,B
2021-06-18T09:27:56,6300.0,3.79,S
2021-06-18T09:27:56,3700.0,3.79,S
2021-06-18T09:27:55,4000.0,3.79,S
2021-06-18T09:27:54,2000.0,3.79,S
2021-06-18T09:27:50,1000.0,3.8,B
2021-06-18T09:27:47,1000.0,3.8,B
2021-06-18T09:27:44,100.0,3.8,B
2021-06-18T09:27:35,900.0,3.79,S
2021-06-18T09:27:29,1000.0,3.79,S
2021-06-18T09:27:28,800.0,3.79,S
2021-06-18T09:27:25,29700.0,3.79,S
2021-06-18T09:27:25,300.0,3.79,S
2021-06-18T09:27:22,5000.0,3.8,B
2021-06-18T09:27:22,5000.0,3.79,S
2021-06-18T09:27:21,400.0,3.8,B
2021-06-18T09:27:20,100.0,3.8,B
2021-06-18T09:27:20,200.0,3.79,S
2021-06-18T09:27:16,100.0,3.8,B
2021-06-18T09:27:16,100000.0,3.8,B
2021-06-18T09:27:12,5000.0,3.8,B
2021-06-18T09:27:02,200.0,3.79,S
2021-06-18T09:27:01,10000.0,3.79,S
2021-06-18T09:26:55,2500.0,3.79,S
2021-06-18T09:26:53,23000.0,3.79,S
2021-06-18T09:26:46,30000.0,3.8,B
2021-06-18T09:26:45,1000.0,3.8,B
2021-06-18T09:26:44,20000.0,3.79,S
2021-06-18T09:26:41,400.0,3.79,S
2021-06-18T09:26:40,5000.0,3.79,S
2021-06-18T09:26:35,1000.0,3.79,S
2021-06-18T09:26:31,2000.0,3.8,B
2021-06-18T09:26:24,46400.0,3.79,S
2021-06-18T09:26:24,1900.0,3.79,S
2021-06-18T09:26:23,1700.0,3.79,S
2021-06-18T09:26:21,3700.0,3.79,S
2021-06-18T09:25:32,100.0,3.79,B
2021-06-18T09:25:22,5000.0,3.79,B
2021-06-18T09:25:16,1500.0,3.79,B
2021-06-18T09:25:13,1000.0,3.8,B
2021-06-18T09:25:02,300.0,3.79,B
2021-06-18T09:25:02,200.0,3.79,B
2021-06-18T09:25:00,100.0,3.8,B
2021-06-18T09:24:54,1000.0,3.78,S
2021-06-18T09:24:54,15200.0,3.78,S
2021-06-18T09:24:54,2300.0,3.78,S
2021-06-18T09:24:54,9600.0,3.78,S
2021-06-18T09:24:54,7100.0,3.78,S
2021-06-18T09:24:53,15000.0,3.78,S
2021-06-18T09:24:53,100800.0,3.78,S
2021-06-18T09:24:51,5000.0,3.79,B
2021-06-18T09:24:45,9100.0,3.79,B
2021-06-18T09:24:45,1600.0,3.79,B
2021-06-18T09:24:40,5000.0,3.79,B
2021-06-18T09:24:39,5600.0,3.79,B
2021-06-18T09:24:35,3200.0,3.79,B
2021-06-18T09:24:34,26800.0,3.79,B
2021-06-18T09:24:29,1200.0,3.79,B
2021-06-18T09:24:29,500.0,3.79,B
2021-06-18T09:24:28,2000.0,3.79,B
2021-06-18T09:24:26,3800.0,3.79,B
2021-06-18T09:24:24,200.0,3.78,S
2021-06-18T09:24:24,1000.0,3.78,S
2021-06-18T09:24:23,1800.0,3.79,B
2021-06-18T09:24:22,200.0,3.79,B
2021-06-18T09:24:21,300.0,3.79,B
2021-06-18T09:24:20,3000.0,3.79,B
2021-06-18T09:24:20,6200.0,3.78,S
2021-06-18T09:24:16,23600.0,3.79,B
2021-06-18T09:24:13,39000.0,3.79,B
2021-06-18T09:24:11,9000.0,3.79,B
2021-06-18T09:24:10,2000.0,3.79,B
2021-06-18T09:23:58,7500.0,3.79,B
2021-06-18T09:23:58,2300.0,3.79,B
2021-06-18T09:23:57,15400.0,3.79,B
2021-06-18T09:23:57,50000.0,3.79,B
2021-06-18T09:23:55,100.0,3.78,S
2021-06-18T09:23:52,2000.0,3.79,B
2021-06-18T09:23:47,800.0,3.79,B
2021-06-18T09:23:43,300.0,3.79,B
2021-06-18T09:23:43,1000.0,3.79,B
2021-06-18T09:23:43,500.0,3.79,B
2021-06-18T09:23:43,2000.0,3.79,B
2021-06-18T09:23:43,500.0,3.79,B
2021-06-18T09:23:43,22500.0,3.79,B
2021-06-18T09:23:26,1000.0,3.79,B
2021-06-18T09:23:24,900.0,3.79,B
2021-06-18T09:23:23,5000.0,3.79,B
2021-06-18T09:23:22,21000.0,3.79,B
2021-06-18T09:23:22,5000.0,3.78,B
2021-06-18T09:23:22,600.0,3.79,B
2021-06-18T09:23:18,5000.0,3.78,B
2021-06-18T09:23:18,200.0,3.79,B
2021-06-18T09:23:16,5000.0,3.78,B
2021-06-18T09:23:14,2600.0,3.79,B
2021-06-18T09:23:13,1000.0,3.79,B
2021-06-18T09:23:11,200.0,3.79,B
2021-06-18T09:23:04,700.0,3.79,B
2021-06-18T09:23:03,100.0,3.78,B
2021-06-18T09:23:02,700.0,3.79,B
2021-06-18T09:22:56,1200.0,3.78,B
2021-06-18T09:22:50,30000.0,3.79,B
2021-06-18T09:22:43,600.0,3.79,B
2021-06-18T09:22:34,100.0,3.78,B
2021-06-18T09:22:31,500.0,3.79,B
2021-06-18T09:22:29,26800.0,3.79,B
2021-06-18T09:22:21,1000.0,3.79,B
2021-06-18T09:22:21,1000.0,3.79,B
2021-06-18T09:22:16,100.0,3.79,B
2021-06-18T09:22:07,10000.0,3.79,B
2021-06-18T09:22:05,7000.0,3.78,B
2021-06-18T09:22:03,500.0,3.78,B
2021-06-18T09:21:57,30000.0,3.78,B
2021-06-18T09:21:55,400.0,3.79,B
2021-06-18T09:21:50,1000.0,3.79,B
2021-06-18T09:21:45,200.0,3.78,B
2021-06-18T09:21:42,500.0,3.79,B
2021-06-18T09:21:41,1000.0,3.79,B
2021-06-18T09:21:39,1000.0,3.79,B
2021-06-18T09:21:35,7200.0,3.78,B
2021-06-18T09:21:34,1300.0,3.79,B
2021-06-18T09:21:23,26800.0,3.79,B
2021-06-18T09:21:17,600.0,3.79,B
2021-06-18T09:21:16,10000.0,3.78,B
2021-06-18T09:21:15,1000.0,3.79,B
2021-06-18T09:20:58,5000.0,3.78,B
2021-06-18T09:20:54,8000.0,3.78,B
2021-06-18T09:20:54,12000.0,3.78,B
2021-06-18T09:20:54,8000.0,3.78,B
2021-06-18T09:20:54,100.0,3.78,B
2021-06-18T09:20:54,100.0,3.78,B
2021-06-18T09:20:50,6000.0,3.79,B
2021-06-18T09:20:49,2000.0,3.78,B
2021-06-18T09:20:48,300.0,3.78,B
2021-06-18T09:20:39,300.0,3.77,S
2021-06-18T09:20:35,4000.0,3.79,B
2021-06-18T09:20:35,13100.0,3.79,B
2021-06-18T09:20:35,9700.0,3.78,B
2021-06-18T09:20:34,500.0,3.78,B
2021-06-18T09:20:30,500.0,3.78,B
2021-06-18T09:20:27,200.0,3.78,B
2021-06-18T09:20:20,10000.0,3.77,S
2021-06-18T09:20:18,5000.0,3.77,S
2021-06-18T09:20:18,3600.0,3.78,B
2021-06-18T09:20:17,1700.0,3.78,B
2021-06-18T09:20:17,300.0,3.78,B
2021-06-18T09:20:13,500.0,3.78,B
2021-06-18T09:20:13,66500.0,3.79,B
2021-06-18T09:20:12,2000.0,3.79,B
2021-06-18T09:20:10,3000.0,3.77,S
2021-06-18T09:20:05,3300.0,3.79,B
2021-06-18T09:20:05,1200.0,3.78,B
2021-06-18T09:20:05,2000.0,3.77,S
2021-06-18T09:20:04,20000.0,3.77,S
2021-06-18T09:19:56,1800.0,3.78,B
2021-06-18T09:19:55,1000.0,3.78,B
2021-06-18T09:19:52,100.0,3.77,S
2021-06-18T09:19:45,200.0,3.77,S
2021-06-18T09:19:45,2500.0,3.78,B
2021-06-18T09:19:44,10600.0,3.77,S
2021-06-18T09:19:43,5000.0,3.78,B
2021-06-18T09:19:42,100.0,3.78,B
2021-06-18T09:19:39,1500.0,3.77,S
2021-06-18T09:19:39,700.0,3.78,B
2021-06-18T09:19:35,200.0,3.77,S
2021-06-18T09:19:34,200.0,3.77,S
2021-06-18T09:19:33,6300.0,3.78,B
2021-06-18T09:19:33,7700.0,3.78,B
2021-06-18T09:19:32,100.0,3.77,S
2021-06-18T09:19:28,2000.0,3.78,B
2021-06-18T09:19:28,1500.0,3.78,B
2021-06-18T09:19:26,100.0,3.78,B
2021-06-18T09:19:26,100.0,3.78,B
2021-06-18T09:19:23,10000.0,3.78,B
2021-06-18T09:19:20,200.0,3.77,S
2021-06-18T09:18:57,200.0,3.77,S
2021-06-18T09:18:56,1000.0,3.77,S
2021-06-18T09:18:53,700.0,3.78,B
2021-06-18T09:18:50,4700.0,3.78,B
2021-06-18T09:18:48,500.0,3.78,B
2021-06-18T09:18:42,800.0,3.77,S
2021-06-18T09:18:30,15000.0,3.77,S
2021-06-18T09:18:30,6000.0,3.77,S
2021-06-18T09:18:23,100.0,3.77,S
2021-06-18T09:18:22,1000.0,3.77,S
2021-06-18T09:18:21,100.0,3.76,S
2021-06-18T09:18:18,21700.0,3.76,S
2021-06-18T09:18:14,2000.0,3.78,B
2021-06-18T09:18:13,3300.0,3.78,B
2021-06-18T09:18:12,10000.0,3.78,B
2021-06-18T09:18:10,13000.0,3.78,B
2021-06-18T09:18:03,100.0,3.77,B
2021-06-18T09:18:01,100.0,3.77,B
2021-06-18T09:18:00,3800.0,3.77,B
2021-06-18T09:17:58,300.0,3.77,B
2021-06-18T09:17:52,10000.0,3.77,B
2021-06-18T09:17:48,3100.0,3.77,B
2021-06-18T09:17:43,8300.0,3.77,B
2021-06-18T09:17:42,2000.0,3.78,B
2021-06-18T09:17:42,100.0,3.77,B
2021-06-18T09:17:41,100.0,3.77,B
2021-06-18T09:17:37,1500.0,3.77,B
2021-06-18T09:17:30,300.0,3.76,S
2021-06-18T09:17:28,200.0,3.77,B
2021-06-18T09:17:25,700.0,3.76,S
2021-06-18T09:17:24,200.0,3.76,S
2021-06-18T09:17:24,3000.0,3.76,S
2021-06-18T09:17:22,1000.0,3.77,B
2021-06-18T09:17:20,400.0,3.76,S
2021-06-18T09:17:20,1000.0,3.76,S
2021-06-18T09:17:20,3900.0,3.76,S
2021-06-18T09:17:18,1000.0,3.77,B
2021-06-18T09:17:17,700.0,3.77,B
2021-06-18T09:17:16,1000.0,3.76,S
2021-06-18T09:17:12,2000.0,3.76,B
2021-06-18T09:17:01,29700.0,3.76,B
2021-06-18T09:16:53,6000.0,3.76,B
2021-06-18T09:16:50,2000.0,3.76,B
2021-06-18T09:16:49,11000.0,3.75,S
2021-06-18T09:16:48,1000.0,3.76,B
2021-06-18T09:16:47,500.0,3.75,S
2021-06-18T09:16:44,5000.0,3.76,B
2021-06-18T09:16:34,1000.0,3.76,B
2021-06-18T09:16:34,400.0,3.76,B
2021-06-18T09:16:31,900.0,3.76,B
2021-06-18T09:16:23,6000.0,3.76,S
2021-06-18T09:16:21,15000.0,3.76,S
2021-06-18T09:16:16,200.0,3.75,S
2021-06-18T09:16:14,1000.0,3.75,S
2021-06-18T09:16:11,1400.0,3.78,S
2021-06-18T09:16:04,300.0,3.75,S
2021-06-18T09:16:03,500.0,3.75,S
2021-06-18T09:16:03,200.0,3.75,S
2021-06-18T09:16:03,1000.0,3.79,B
2021-06-18T09:16:03,100.0,3.79,B
2021-06-18T09:16:03,20000.0,3.75,S
