tradingTime,volume,price,side
2021-06-18T14:48:28,200.0,12.5,B
2021-06-18T14:47:08,300.0,12.5,B
2021-06-18T14:45:38,100.0,12.4,S
2021-06-18T14:43:58,1000.0,12.4,S
2021-06-18T14:40:22,100.0,12.4,S
2021-06-18T14:39:32,1000.0,12.4,S
2021-06-18T14:39:27,1900.0,12.4,S
2021-06-18T14:39:22,400.0,12.4,S
2021-06-18T14:39:07,5000.0,12.4,S
2021-06-18T14:39:02,300.0,12.4,S
2021-06-18T14:39:02,500.0,12.5,B
2021-06-18T14:35:57,1200.0,12.4,S
2021-06-18T14:35:02,500.0,12.5,B
2021-06-18T14:34:47,5000.0,12.5,B
2021-06-18T14:34:27,1000.0,12.4,S
2021-06-18T14:34:11,1000.0,12.4,S
2021-06-18T14:32:42,7500.0,12.4,S
2021-06-18T14:32:22,4500.0,12.4,B
2021-06-18T14:31:13,3000.0,12.4,B
2021-06-18T14:31:03,500.0,12.4,B
2021-06-18T14:30:57,500.0,12.4,B
2021-06-18T14:30:22,400.0,12.4,B
2021-06-18T14:29:07,100.0,12.3,S
2021-06-18T14:29:03,1000.0,12.3,S
2021-06-18T14:28:55,3000.0,12.4,B
2021-06-18T14:28:42,300.0,12.4,B
2021-06-18T14:28:25,4000.0,12.4,B
2021-06-18T14:28:19,5800.0,12.4,B
2021-06-18T14:28:18,600.0,12.4,S
2021-06-18T14:27:55,800.0,12.4,S
2021-06-18T14:26:46,100.0,12.4,S
2021-06-18T14:26:45,2000.0,12.4,S
2021-06-18T14:26:08,300.0,12.4,S
2021-06-18T14:25:54,60000.0,12.4,S
2021-06-18T14:25:41,1000.0,12.4,S
2021-06-18T14:25:34,8900.0,12.4,S
2021-06-18T14:23:53,1000.0,12.4,S
2021-06-18T14:23:17,100.0,12.4,S
2021-06-18T14:22:31,1500.0,12.4,S
2021-06-18T14:22:15,10000.0,12.4,S
2021-06-18T14:21:57,100.0,12.5,B
2021-06-18T14:21:23,1500.0,12.5,B
2021-06-18T14:20:51,500.0,12.4,S
2021-06-18T14:20:21,200.0,12.4,S
2021-06-18T14:19:46,5000.0,12.5,B
2021-06-18T14:18:40,100.0,12.5,B
2021-06-18T14:18:15,700.0,12.5,B
2021-06-18T14:16:44,1000.0,12.5,B
2021-06-18T14:16:13,1000.0,12.5,B
2021-06-18T14:15:58,3000.0,12.5,B
2021-06-18T14:15:08,500.0,12.5,B
2021-06-18T14:13:48,1000.0,12.4,S
2021-06-18T14:13:41,1000.0,12.5,B
2021-06-18T14:13:08,200.0,12.5,B
2021-06-18T14:12:51,1000.0,12.5,B
2021-06-18T14:12:06,500.0,12.4,S
2021-06-18T14:11:13,500.0,12.4,S
2021-06-18T14:10:14,2000.0,12.4,S
2021-06-18T14:09:27,900.0,12.5,B
2021-06-18T14:09:10,100.0,12.4,S
2021-06-18T14:09:02,600.0,12.5,B
2021-06-18T14:07:23,100.0,12.5,B
2021-06-18T14:06:08,200.0,12.5,B
2021-06-18T14:05:40,100.0,12.5,B
2021-06-18T14:05:31,100.0,12.5,B
2021-06-18T14:05:25,4000.0,12.5,B
2021-06-18T14:04:56,200.0,12.5,B
2021-06-18T14:04:49,16500.0,12.4,S
2021-06-18T14:04:28,2800.0,12.4,S
2021-06-18T14:03:51,500.0,12.4,S
2021-06-18T14:03:25,3000.0,12.4,S
2021-06-18T14:02:14,1000.0,12.4,S
2021-06-18T14:02:03,2800.0,12.5,B
2021-06-18T14:01:52,300.0,12.4,S
2021-06-18T14:01:49,1000.0,12.4,S
2021-06-18T14:01:09,100.0,12.4,S
2021-06-18T14:00:59,500.0,12.5,B
2021-06-18T14:00:41,2500.0,12.4,S
2021-06-18T14:00:23,500.0,12.4,S
2021-06-18T13:58:20,200.0,12.4,S
2021-06-18T13:57:00,3000.0,12.5,B
2021-06-18T13:56:33,100.0,12.4,S
2021-06-18T13:55:24,200.0,12.4,S
2021-06-18T13:55:24,1000.0,12.4,S
2021-06-18T13:54:50,300.0,12.5,B
2021-06-18T13:54:35,3000.0,12.5,B
2021-06-18T13:54:13,1000.0,12.5,B
2021-06-18T13:53:11,500.0,12.5,B
2021-06-18T13:52:54,5000.0,12.5,B
2021-06-18T13:52:27,1200.0,12.5,B
2021-06-18T13:52:03,200.0,12.5,B
2021-06-18T13:51:57,100.0,12.5,B
2021-06-18T13:51:53,200.0,12.5,B
2021-06-18T13:51:45,100.0,12.5,B
2021-06-18T13:51:33,300.0,12.5,S
2021-06-18T13:51:27,7000.0,12.5,S
2021-06-18T13:51:23,5000.0,12.5,S
2021-06-18T13:51:21,700.0,12.5,S
2021-06-18T13:51:19,12000.0,12.5,S
2021-06-18T13:51:19,400.0,12.5,S
2021-06-18T13:51:14,11000.0,12.5,S
2021-06-18T13:51:02,500.0,12.5,S
2021-06-18T13:50:58,2000.0,12.5,S
2021-06-18T13:50:56,10000.0,12.5,S
2021-06-18T13:50:51,2000.0,12.5,S
2021-06-18T13:50:22,2000.0,12.5,S
2021-06-18T13:50:22,5000.0,12.5,S
2021-06-18T13:50:17,100.0,12.5,S
2021-06-18T13:50:08,100.0,12.5,S
2021-06-18T13:49:54,2500.0,12.5,S
2021-06-18T13:49:31,600.0,12.5,S
2021-06-18T13:49:12,100.0,12.5,S
2021-06-18T13:48:54,100.0,12.6,B
2021-06-18T13:48:51,100.0,12.5,S
2021-06-18T13:48:30,100.0,12.6,B
2021-06-18T13:48:20,700.0,12.6,B
2021-06-18T13:47:56,10000.0,12.5,S
2021-06-18T13:47:34,5000.0,12.5,S
2021-06-18T13:47:28,1000.0,12.5,S
2021-06-18T13:47:23,10000.0,12.5,S
2021-06-18T13:47:11,2000.0,12.5,S
2021-06-18T13:47:11,500.0,12.5,S
2021-06-18T13:46:36,7800.0,12.5,S
2021-06-18T13:46:27,1000.0,12.5,S
2021-06-18T13:46:16,5000.0,12.5,S
2021-06-18T13:46:08,2000.0,12.6,B
2021-06-18T13:44:47,100.0,12.6,B
2021-06-18T13:44:32,9000.0,12.5,S
2021-06-18T13:44:09,100.0,12.6,B
2021-06-18T13:43:52,500.0,12.6,B
2021-06-18T13:43:38,1000.0,12.6,B
2021-06-18T13:42:43,100.0,12.6,B
2021-06-18T13:42:30,3000.0,12.6,B
2021-06-18T13:39:41,200.0,12.5,S
2021-06-18T13:37:48,1100.0,12.5,S
2021-06-18T13:36:07,300.0,12.5,S
2021-06-18T13:34:42,200.0,12.5,S
2021-06-18T13:34:21,9700.0,12.5,S
2021-06-18T13:33:02,500.0,12.6,B
2021-06-18T13:32:59,200.0,12.6,B
2021-06-18T13:32:31,2000.0,12.6,B
2021-06-18T13:32:26,100.0,12.6,B
2021-06-18T13:30:45,100.0,12.6,B
2021-06-18T13:30:34,1500.0,12.6,B
2021-06-18T13:30:10,1000.0,12.5,S
2021-06-18T13:29:52,5000.0,12.5,S
2021-06-18T13:28:38,100.0,12.5,S
2021-06-18T13:27:57,1000.0,12.6,B
2021-06-18T13:27:49,300.0,12.6,B
2021-06-18T13:27:24,100.0,12.6,B
2021-06-18T13:27:23,1800.0,12.6,B
2021-06-18T13:26:57,5000.0,12.6,B
2021-06-18T13:25:29,800.0,12.6,B
2021-06-18T13:25:21,100.0,12.6,B
2021-06-18T13:25:19,500.0,12.6,B
2021-06-18T13:24:29,1900.0,12.6,S
2021-06-18T13:24:21,200.0,12.6,S
2021-06-18T13:24:04,500.0,12.6,S
2021-06-18T13:24:02,5000.0,12.6,S
2021-06-18T13:23:51,300.0,12.6,S
2021-06-18T13:23:24,3100.0,12.6,B
2021-06-18T13:22:45,200.0,12.6,S
2021-06-18T13:21:59,5500.0,12.6,S
2021-06-18T13:21:50,11000.0,12.6,S
2021-06-18T13:21:45,100.0,12.6,S
2021-06-18T13:21:25,500.0,12.6,S
2021-06-18T13:21:10,1000.0,12.6,S
2021-06-18T13:20:25,5000.0,12.6,S
2021-06-18T13:19:59,500.0,12.6,S
2021-06-18T13:19:22,48300.0,12.6,B
2021-06-18T13:19:20,10000.0,12.6,B
2021-06-18T13:19:05,1400.0,12.6,B
2021-06-18T13:18:14,1000.0,12.6,B
2021-06-18T13:18:08,800.0,12.6,B
2021-06-18T13:17:53,5000.0,12.6,B
2021-06-18T13:17:52,600.0,12.6,B
2021-06-18T13:17:38,2600.0,12.5,S
2021-06-18T13:17:33,3200.0,12.6,B
2021-06-18T13:17:30,400.0,12.6,B
2021-06-18T13:17:21,2300.0,12.6,B
2021-06-18T13:17:11,200.0,12.6,B
2021-06-18T13:16:45,200.0,12.6,B
2021-06-18T13:16:39,2000.0,12.6,B
2021-06-18T13:16:38,100.0,12.6,B
2021-06-18T13:16:33,400.0,12.6,B
2021-06-18T13:16:01,1000.0,12.6,B
2021-06-18T13:12:42,100.0,12.6,B
2021-06-18T13:10:59,500.0,12.6,B
2021-06-18T13:10:47,2500.0,12.6,B
2021-06-18T13:10:34,1000.0,12.6,B
2021-06-18T13:10:18,300.0,12.6,B
2021-06-18T13:09:34,200.0,12.5,S
2021-06-18T13:08:55,1000.0,12.6,B
2021-06-18T13:08:20,200.0,12.6,B
2021-06-18T13:08:03,700.0,12.6,B
2021-06-18T13:08:02,500.0,12.6,B
2021-06-18T13:07:59,200.0,12.6,B
2021-06-18T13:07:52,300.0,12.6,B
2021-06-18T13:06:25,800.0,12.6,B
2021-06-18T13:06:08,1000.0,12.6,B
2021-06-18T13:05:39,200.0,12.6,B
2021-06-18T13:04:52,16000.0,12.6,S
2021-06-18T13:03:49,800.0,12.6,S
2021-06-18T13:03:40,1000.0,12.6,S
2021-06-18T13:02:39,2000.0,12.6,S
2021-06-18T13:02:28,900.0,12.6,S
2021-06-18T13:01:36,100.0,12.6,S
2021-06-18T13:01:07,100.0,12.7,B
2021-06-18T13:00:32,900.0,12.7,B
2021-06-18T13:00:29,1000.0,12.6,S
2021-06-18T13:00:26,200.0,12.6,S
2021-06-18T13:00:21,100.0,12.6,S
2021-06-18T13:00:19,1000.0,12.6,S
2021-06-18T13:00:19,200.0,12.6,S
2021-06-18T11:29:48,3000.0,12.6,S
2021-06-18T11:29:29,3000.0,12.6,B
2021-06-18T11:28:44,7300.0,12.6,B
2021-06-18T11:27:36,100.0,12.6,B
2021-06-18T11:26:06,4900.0,12.6,S
2021-06-18T11:25:54,1000.0,12.6,S
2021-06-18T11:25:49,10000.0,12.6,S
2021-06-18T11:25:09,12000.0,12.6,S
2021-06-18T11:24:24,5000.0,12.6,S
2021-06-18T11:22:50,3000.0,12.7,B
2021-06-18T11:22:42,500.0,12.6,S
2021-06-18T11:22:17,200.0,12.6,S
2021-06-18T11:21:46,10000.0,12.6,S
2021-06-18T11:21:40,100.0,12.7,B
2021-06-18T11:21:20,3000.0,12.6,S
2021-06-18T11:21:06,3000.0,12.7,B
2021-06-18T11:21:06,100.0,12.7,B
2021-06-18T11:20:05,200.0,12.7,B
2021-06-18T11:20:04,1000.0,12.7,B
2021-06-18T11:19:24,200.0,12.7,B
2021-06-18T11:19:06,200.0,12.7,B
2021-06-18T11:18:32,1000.0,12.7,B
2021-06-18T11:18:02,1600.0,12.7,B
2021-06-18T11:17:32,2200.0,12.7,B
2021-06-18T11:17:09,1000.0,12.7,B
2021-06-18T11:14:43,300.0,12.7,B
2021-06-18T11:14:29,300.0,12.6,S
2021-06-18T11:13:26,300.0,12.6,S
2021-06-18T11:12:49,2900.0,12.7,B
2021-06-18T11:12:35,10000.0,12.7,B
2021-06-18T11:12:35,100.0,12.7,B
2021-06-18T11:12:28,1000.0,12.7,B
2021-06-18T11:12:11,4100.0,12.7,B
2021-06-18T11:09:29,1400.0,12.7,B
2021-06-18T11:09:24,500.0,12.6,S
2021-06-18T11:07:42,100.0,12.7,B
2021-06-18T11:07:30,500.0,12.6,S
2021-06-18T11:06:42,200.0,12.7,B
2021-06-18T11:06:17,500.0,12.6,S
2021-06-18T11:05:53,200.0,12.6,S
2021-06-18T11:04:16,100.0,12.6,S
2021-06-18T11:03:31,8000.0,12.6,S
2021-06-18T11:03:15,100.0,12.7,B
2021-06-18T11:03:07,3100.0,12.6,S
2021-06-18T11:02:51,1100.0,12.6,S
2021-06-18T11:02:18,200.0,12.6,S
2021-06-18T11:02:08,46500.0,12.6,B
2021-06-18T11:02:03,1000.0,12.6,B
2021-06-18T11:01:34,1200.0,12.6,B
2021-06-18T11:00:47,1000.0,12.6,B
2021-06-18T11:00:12,5000.0,12.5,S
2021-06-18T11:00:02,900.0,12.5,S
2021-06-18T10:59:56,1100.0,12.5,S
2021-06-18T10:59:21,200.0,12.5,S
2021-06-18T10:59:13,1000.0,12.5,S
2021-06-18T10:58:55,800.0,12.5,S
2021-06-18T10:58:42,800.0,12.5,S
2021-06-18T10:58:07,100.0,12.5,S
2021-06-18T10:57:16,4100.0,12.6,B
2021-06-18T10:56:54,200.0,12.6,B
2021-06-18T10:55:13,5000.0,12.5,S
2021-06-18T10:55:01,1000.0,12.5,S
2021-06-18T10:54:43,15000.0,12.5,S
2021-06-18T10:54:28,3000.0,12.5,S
2021-06-18T10:54:05,300.0,12.5,S
2021-06-18T10:53:53,10000.0,12.5,S
2021-06-18T10:53:36,500.0,12.5,S
2021-06-18T10:53:09,500.0,12.6,B
2021-06-18T10:52:37,400.0,12.6,B
2021-06-18T10:52:24,500.0,12.6,B
2021-06-18T10:52:23,1500.0,12.6,B
2021-06-18T10:52:09,300.0,12.6,B
2021-06-18T10:51:47,100.0,12.6,B
2021-06-18T10:51:25,200.0,12.6,B
2021-06-18T10:50:00,500.0,12.6,B
2021-06-18T10:49:48,100.0,12.6,B
2021-06-18T10:49:45,300.0,12.6,B
2021-06-18T10:49:42,500.0,12.6,B
2021-06-18T10:49:35,400.0,12.6,B
2021-06-18T10:49:24,200.0,12.6,B
2021-06-18T10:48:12,200.0,12.6,B
2021-06-18T10:47:58,100.0,12.6,B
2021-06-18T10:46:20,500.0,12.6,B
2021-06-18T10:44:39,5000.0,12.6,B
2021-06-18T10:44:27,100.0,12.6,B
2021-06-18T10:44:26,300.0,12.6,B
2021-06-18T10:44:19,1000.0,12.6,B
2021-06-18T10:44:18,9200.0,12.5,S
2021-06-18T10:44:00,2500.0,12.6,B
2021-06-18T10:43:53,200.0,12.6,B
2021-06-18T10:43:38,200.0,12.6,B
2021-06-18T10:43:31,200.0,12.5,S
2021-06-18T10:43:29,300.0,12.6,B
2021-06-18T10:42:21,1000.0,12.6,B
2021-06-18T10:40:23,400.0,12.6,B
2021-06-18T10:39:17,900.0,12.6,B
2021-06-18T10:39:02,3000.0,12.5,S
2021-06-18T10:38:49,8800.0,12.5,S
2021-06-18T10:37:38,500.0,12.5,S
2021-06-18T10:36:22,2000.0,12.5,S
2021-06-18T10:36:03,2000.0,12.5,S
2021-06-18T10:35:45,1000.0,12.5,S
2021-06-18T10:35:26,200.0,12.5,S
2021-06-18T10:35:00,800.0,12.5,S
2021-06-18T10:34:41,200.0,12.6,B
2021-06-18T10:34:05,400.0,12.5,S
2021-06-18T10:33:39,500.0,12.5,S
2021-06-18T10:33:14,400.0,12.5,S
2021-06-18T10:32:05,1000.0,12.5,S
2021-06-18T10:31:41,200.0,12.5,S
2021-06-18T10:31:29,600.0,12.5,S
2021-06-18T10:31:25,400.0,12.5,S
2021-06-18T10:31:14,6500.0,12.5,S
2021-06-18T10:31:07,2000.0,12.5,S
2021-06-18T10:30:51,700.0,12.5,S
2021-06-18T10:30:50,200.0,12.5,S
2021-06-18T10:30:36,5000.0,12.5,S
2021-06-18T10:30:22,5000.0,12.5,S
2021-06-18T10:30:14,8000.0,12.5,S
2021-06-18T10:30:04,100.0,12.5,S
2021-06-18T10:29:58,900.0,12.5,S
2021-06-18T10:29:32,5000.0,12.5,S
2021-06-18T10:29:24,200.0,12.5,S
2021-06-18T10:29:04,200.0,12.5,S
2021-06-18T10:28:44,8000.0,12.6,B
2021-06-18T10:28:43,20000.0,12.5,S
2021-06-18T10:28:37,3000.0,12.5,S
2021-06-18T10:28:15,2000.0,12.5,S
2021-06-18T10:28:14,10000.0,12.5,S
2021-06-18T10:27:27,1000.0,12.5,S
2021-06-18T10:27:26,1000.0,12.5,S
2021-06-18T10:27:12,10000.0,12.5,S
2021-06-18T10:26:55,500.0,12.5,S
2021-06-18T10:26:31,1000.0,12.5,S
2021-06-18T10:26:08,1000.0,12.6,B
2021-06-18T10:25:55,22300.0,12.6,S
2021-06-18T10:25:39,500.0,12.6,S
2021-06-18T10:25:19,1600.0,12.7,B
2021-06-18T10:25:15,10000.0,12.6,S
2021-06-18T10:25:14,500.0,12.6,S
2021-06-18T10:24:59,500.0,12.6,S
2021-06-18T10:24:57,300.0,12.6,S
2021-06-18T10:24:50,5000.0,12.6,S
2021-06-18T10:24:47,200.0,12.6,S
2021-06-18T10:24:35,300.0,12.6,S
2021-06-18T10:24:34,400.0,12.6,S
2021-06-18T10:24:24,8800.0,12.6,S
2021-06-18T10:24:13,100.0,12.6,S
2021-06-18T10:23:51,100.0,12.6,S
2021-06-18T10:23:47,3000.0,12.6,S
2021-06-18T10:23:17,200.0,12.6,S
2021-06-18T10:23:17,3000.0,12.6,S
2021-06-18T10:23:14,500.0,12.6,S
2021-06-18T10:23:09,5000.0,12.6,S
2021-06-18T10:23:01,2500.0,12.6,S
2021-06-18T10:22:26,300.0,12.6,S
2021-06-18T10:22:25,100.0,12.6,S
2021-06-18T10:22:10,500.0,12.6,S
2021-06-18T10:22:04,2000.0,12.6,S
2021-06-18T10:22:00,100.0,12.6,S
2021-06-18T10:21:49,1000.0,12.6,S
2021-06-18T10:21:38,600.0,12.6,S
2021-06-18T10:21:36,500.0,12.6,S
2021-06-18T10:21:24,2000.0,12.6,S
2021-06-18T10:20:45,5000.0,12.6,S
2021-06-18T10:20:40,1000.0,12.7,B
2021-06-18T10:20:02,800.0,12.7,B
2021-06-18T10:19:28,5000.0,12.6,S
2021-06-18T10:19:12,100.0,12.7,B
2021-06-18T10:18:05,1000.0,12.7,B
2021-06-18T10:17:41,1000.0,12.7,B
2021-06-18T10:17:20,1000.0,12.7,B
2021-06-18T10:17:04,3000.0,12.7,B
2021-06-18T10:16:50,8000.0,12.7,B
2021-06-18T10:16:38,300.0,12.7,B
2021-06-18T10:16:02,2000.0,12.7,B
2021-06-18T10:16:00,2000.0,12.6,S
2021-06-18T10:15:53,3000.0,12.7,B
2021-06-18T10:15:37,3000.0,12.7,B
2021-06-18T10:15:26,500.0,12.7,B
2021-06-18T10:15:16,300.0,12.7,B
2021-06-18T10:15:02,5500.0,12.7,S
2021-06-18T10:15:01,1700.0,12.7,S
2021-06-18T10:14:40,100.0,12.7,S
2021-06-18T10:14:28,1000.0,12.7,S
2021-06-18T10:14:22,1500.0,12.7,S
2021-06-18T10:14:13,1700.0,12.7,S
2021-06-18T10:13:52,1000.0,12.7,S
2021-06-18T10:13:21,500.0,12.7,S
2021-06-18T10:13:20,600.0,12.7,S
2021-06-18T10:13:17,1000.0,12.7,S
2021-06-18T10:13:05,500.0,12.7,S
2021-06-18T10:13:03,3000.0,12.7,S
2021-06-18T10:13:00,500.0,12.7,S
2021-06-18T10:12:50,1000.0,12.7,S
2021-06-18T10:12:41,800.0,12.7,S
2021-06-18T10:12:40,1000.0,12.7,S
2021-06-18T10:12:34,300.0,12.8,B
2021-06-18T10:12:21,2500.0,12.7,S
2021-06-18T10:12:19,300.0,12.7,S
2021-06-18T10:12:08,3000.0,12.7,S
2021-06-18T10:12:06,10000.0,12.7,S
2021-06-18T10:11:57,100.0,12.7,S
2021-06-18T10:11:51,1000.0,12.7,S
2021-06-18T10:11:44,2200.0,12.8,B
2021-06-18T10:11:41,20000.0,12.7,S
2021-06-18T10:11:37,3000.0,12.7,S
2021-06-18T10:11:23,100.0,12.7,S
2021-06-18T10:11:21,5000.0,12.7,S
2021-06-18T10:11:19,300.0,12.7,S
2021-06-18T10:11:14,2000.0,12.7,S
2021-06-18T10:10:53,400.0,12.7,S
2021-06-18T10:10:45,500.0,12.7,S
2021-06-18T10:10:45,4200.0,12.7,S
2021-06-18T10:10:15,3000.0,12.7,S
2021-06-18T10:09:59,100.0,12.8,B
2021-06-18T10:09:58,2000.0,12.7,S
2021-06-18T10:09:58,500.0,12.8,B
2021-06-18T10:09:57,1000.0,12.8,B
2021-06-18T10:09:36,500.0,12.8,B
2021-06-18T10:09:28,500.0,12.7,S
2021-06-18T10:09:18,2000.0,12.7,S
2021-06-18T10:09:04,100.0,12.7,B
2021-06-18T10:08:59,900.0,12.7,S
2021-06-18T10:08:58,1000.0,12.7,S
2021-06-18T10:08:51,4000.0,12.7,B
2021-06-18T10:08:48,5000.0,12.7,B
2021-06-18T10:08:44,100.0,12.7,B
2021-06-18T10:08:40,300.0,12.7,B
2021-06-18T10:08:37,5000.0,12.7,B
2021-06-18T10:08:31,5000.0,12.7,B
2021-06-18T10:08:14,100.0,12.7,B
2021-06-18T10:08:11,1500.0,12.7,B
2021-06-18T10:08:04,10000.0,12.7,B
2021-06-18T10:08:04,2300.0,12.7,B
2021-06-18T10:07:54,1000.0,12.7,B
2021-06-18T10:07:37,2000.0,12.7,B
2021-06-18T10:07:31,2000.0,12.7,B
2021-06-18T10:07:23,500.0,12.7,B
2021-06-18T10:07:15,1000.0,12.7,B
2021-06-18T10:07:10,1200.0,12.7,B
2021-06-18T10:07:05,500.0,12.7,B
2021-06-18T10:07:04,40000.0,12.7,B
2021-06-18T10:06:52,600.0,12.7,B
2021-06-18T10:06:51,2000.0,12.7,B
2021-06-18T10:06:44,1600.0,12.7,B
2021-06-18T10:06:38,1000.0,12.7,B
2021-06-18T10:06:29,500.0,12.7,B
2021-06-18T10:06:23,1000.0,12.7,B
2021-06-18T10:06:17,5000.0,12.7,B
2021-06-18T10:06:11,800.0,12.7,B
2021-06-18T10:05:55,5000.0,12.7,B
2021-06-18T10:05:43,1300.0,12.7,B
2021-06-18T10:05:42,100.0,12.7,B
2021-06-18T10:05:30,5000.0,12.7,B
2021-06-18T10:05:21,1000.0,12.7,B
2021-06-18T10:05:19,1000.0,12.7,B
2021-06-18T10:04:36,4500.0,12.7,B
2021-06-18T10:04:33,2700.0,12.7,B
2021-06-18T10:04:11,2000.0,12.7,B
2021-06-18T10:03:59,300.0,12.7,B
2021-06-18T10:03:45,2200.0,12.7,B
2021-06-18T10:03:40,200.0,12.6,S
2021-06-18T10:03:37,500.0,12.6,S
2021-06-18T10:03:30,500.0,12.6,S
2021-06-18T10:02:50,100.0,12.6,S
2021-06-18T10:02:49,4800.0,12.6,S
2021-06-18T10:02:29,5000.0,12.6,S
2021-06-18T10:02:24,4000.0,12.6,B
2021-06-18T10:02:18,10000.0,12.6,B
2021-06-18T10:02:10,300.0,12.6,B
2021-06-18T10:02:07,1100.0,12.6,B
2021-06-18T10:01:51,50000.0,12.6,B
2021-06-18T10:01:48,44800.0,12.5,B
2021-06-18T10:01:47,50000.0,12.5,B
2021-06-18T10:01:43,50000.0,12.5,B
2021-06-18T10:00:52,10000.0,12.5,B
2021-06-18T10:00:52,1000.0,12.5,B
2021-06-18T10:00:40,2400.0,12.5,B
2021-06-18T10:00:23,500.0,12.5,B
2021-06-18T10:00:18,200.0,12.5,B
2021-06-18T10:00:18,4800.0,12.5,B
2021-06-18T10:00:13,200.0,12.5,B
2021-06-18T10:00:09,100.0,12.5,B
2021-06-18T10:00:07,1500.0,12.5,B
2021-06-18T09:59:57,1400.0,12.5,B
2021-06-18T09:59:51,1000.0,12.5,B
2021-06-18T09:59:28,1000.0,12.5,B
2021-06-18T09:59:20,500.0,12.5,B
2021-06-18T09:59:18,700.0,12.5,B
2021-06-18T09:58:47,2500.0,12.5,B
2021-06-18T09:58:45,3500.0,12.5,B
2021-06-18T09:58:21,5000.0,12.5,B
2021-06-18T09:57:27,800.0,12.5,B
2021-06-18T09:57:26,500.0,12.5,B
2021-06-18T09:56:45,5000.0,12.5,B
2021-06-18T09:56:40,100.0,12.4,S
2021-06-18T09:56:34,700.0,12.4,S
2021-06-18T09:56:20,500.0,12.4,S
2021-06-18T09:56:16,10000.0,12.4,S
2021-06-18T09:56:03,100.0,12.4,S
2021-06-18T09:55:17,500.0,12.4,S
2021-06-18T09:55:16,100.0,12.4,S
2021-06-18T09:55:09,500.0,12.4,S
2021-06-18T09:54:32,200.0,12.4,S
2021-06-18T09:54:23,1200.0,12.4,S
2021-06-18T09:54:10,200.0,12.4,S
2021-06-18T09:54:01,1100.0,12.4,S
2021-06-18T09:53:26,4000.0,12.4,S
2021-06-18T09:52:53,1000.0,12.4,S
2021-06-18T09:52:39,400.0,12.5,B
2021-06-18T09:52:32,2000.0,12.4,S
2021-06-18T09:52:17,1000.0,12.4,S
2021-06-18T09:52:08,700.0,12.4,S
2021-06-18T09:51:53,2600.0,12.4,S
2021-06-18T09:51:35,100.0,12.4,S
2021-06-18T09:51:18,1500.0,12.4,S
2021-06-18T09:51:13,12000.0,12.4,B
2021-06-18T09:50:57,1500.0,12.4,S
2021-06-18T09:50:47,500.0,12.4,S
2021-06-18T09:50:16,200.0,12.4,S
2021-06-18T09:50:13,3400.0,12.4,S
2021-06-18T09:50:10,1000.0,12.4,B
2021-06-18T09:49:53,6100.0,12.4,S
2021-06-18T09:49:35,200.0,12.4,S
2021-06-18T09:49:33,200.0,12.4,S
2021-06-18T09:49:29,8700.0,12.3,S
2021-06-18T09:49:26,100.0,12.4,B
2021-06-18T09:49:23,1200.0,12.4,S
2021-06-18T09:49:18,300.0,12.4,B
2021-06-18T09:49:18,500.0,12.4,B
2021-06-18T09:49:17,500.0,12.4,B
2021-06-18T09:49:16,200.0,12.4,B
2021-06-18T09:49:08,20000.0,12.4,B
2021-06-18T09:49:00,1200.0,12.4,B
2021-06-18T09:48:51,1100.0,12.4,B
2021-06-18T09:48:50,500.0,12.4,B
2021-06-18T09:48:48,500.0,12.4,B
2021-06-18T09:48:45,1000.0,12.4,B
2021-06-18T09:48:37,500.0,12.4,B
2021-06-18T09:48:35,1000.0,12.4,B
2021-06-18T09:48:25,300.0,12.4,B
2021-06-18T09:48:22,800.0,12.4,B
2021-06-18T09:48:11,200.0,12.4,B
2021-06-18T09:48:08,100.0,12.4,B
2021-06-18T09:48:03,500.0,12.4,B
2021-06-18T09:47:55,40400.0,12.4,S
2021-06-18T09:47:40,200.0,12.5,B
2021-06-18T09:47:27,2500.0,12.5,B
2021-06-18T09:47:26,2000.0,12.5,B
2021-06-18T09:47:25,100.0,12.5,B
2021-06-18T09:47:22,500.0,12.5,B
2021-06-18T09:46:59,2000.0,12.5,B
2021-06-18T09:46:59,300.0,12.5,B
2021-06-18T09:46:58,5500.0,12.5,B
2021-06-18T09:46:51,500.0,12.5,B
2021-06-18T09:46:49,1000.0,12.5,B
2021-06-18T09:46:28,100.0,12.5,B
2021-06-18T09:46:03,2400.0,12.5,B
2021-06-18T09:45:55,2000.0,12.4,S
2021-06-18T09:45:22,100.0,12.5,B
2021-06-18T09:45:11,3000.0,12.5,B
2021-06-18T09:44:47,1500.0,12.5,B
2021-06-18T09:44:42,500.0,12.5,B
2021-06-18T09:44:25,900.0,12.5,B
2021-06-18T09:44:21,5000.0,12.5,B
2021-06-18T09:44:15,1000.0,12.4,S
2021-06-18T09:44:13,100.0,12.4,S
2021-06-18T09:44:08,1600.0,12.4,S
2021-06-18T09:44:01,2000.0,12.5,B
2021-06-18T09:43:54,1400.0,12.4,S
2021-06-18T09:43:37,2000.0,12.4,B
2021-06-18T09:43:18,10000.0,12.4,B
2021-06-18T09:43:17,1000.0,12.4,B
2021-06-18T09:43:00,100.0,12.4,B
2021-06-18T09:42:47,6800.0,12.3,S
2021-06-18T09:42:38,500.0,12.4,B
2021-06-18T09:42:07,100.0,12.3,S
2021-06-18T09:42:07,1000.0,12.4,B
2021-06-18T09:41:56,17300.0,12.4,S
2021-06-18T09:41:30,13900.0,12.4,S
2021-06-18T09:41:01,1000.0,12.4,S
2021-06-18T09:40:41,100.0,12.4,S
2021-06-18T09:40:36,1000.0,12.4,S
2021-06-18T09:40:27,100.0,12.4,S
2021-06-18T09:40:21,11400.0,12.4,S
2021-06-18T09:40:15,400.0,12.4,S
2021-06-18T09:40:14,1300.0,12.4,S
2021-06-18T09:40:14,2900.0,12.4,S
2021-06-18T09:40:13,1300.0,12.4,S
2021-06-18T09:40:13,12900.0,12.4,S
2021-06-18T09:40:12,11400.0,12.4,S
2021-06-18T09:40:05,500.0,12.4,S
2021-06-18T09:39:57,500.0,12.4,S
2021-06-18T09:39:45,8100.0,12.4,B
2021-06-18T09:39:42,1000.0,12.4,B
2021-06-18T09:39:33,3500.0,12.4,B
2021-06-18T09:39:25,1000.0,12.4,B
2021-06-18T09:39:21,20000.0,12.4,B
2021-06-18T09:39:21,200.0,12.4,B
2021-06-18T09:39:08,1000.0,12.4,B
2021-06-18T09:38:54,5000.0,12.4,B
2021-06-18T09:38:53,5000.0,12.4,B
2021-06-18T09:38:39,100.0,12.4,B
2021-06-18T09:38:37,100.0,12.4,B
2021-06-18T09:38:28,400.0,12.4,B
2021-06-18T09:38:27,200.0,12.4,B
2021-06-18T09:38:23,600.0,12.4,B
2021-06-18T09:38:17,2000.0,12.4,B
2021-06-18T09:38:09,5000.0,12.4,B
2021-06-18T09:38:03,1500.0,12.4,B
2021-06-18T09:37:49,4000.0,12.4,B
2021-06-18T09:37:21,3400.0,12.4,B
2021-06-18T09:37:10,300.0,12.4,B
2021-06-18T09:36:49,1000.0,12.4,B
2021-06-18T09:36:39,400.0,12.4,B
2021-06-18T09:36:11,300.0,12.4,B
2021-06-18T09:36:09,300.0,12.3,S
2021-06-18T09:35:59,100.0,12.3,S
2021-06-18T09:35:45,4000.0,12.4,B
2021-06-18T09:35:26,500.0,12.4,B
2021-06-18T09:35:23,5000.0,12.4,B
2021-06-18T09:35:15,400.0,12.4,B
2021-06-18T09:35:00,700.0,12.4,B
2021-06-18T09:34:52,5000.0,12.4,B
2021-06-18T09:33:58,20000.0,12.4,B
2021-06-18T09:33:39,2000.0,12.4,B
2021-06-18T09:33:37,1000.0,12.4,B
2021-06-18T09:33:33,1000.0,12.4,B
2021-06-18T09:32:41,1000.0,12.4,B
2021-06-18T09:32:31,10000.0,12.4,B
2021-06-18T09:32:25,300.0,12.4,B
2021-06-18T09:32:25,500.0,12.4,B
2021-06-18T09:32:20,300.0,12.4,B
2021-06-18T09:32:00,1000.0,12.4,B
2021-06-18T09:31:46,1500.0,12.4,B
2021-06-18T09:31:18,500.0,12.3,S
2021-06-18T09:31:05,500.0,12.4,B
2021-06-18T09:31:02,200.0,12.4,B
2021-06-18T09:30:56,25000.0,12.3,S
2021-06-18T09:30:52,1000.0,12.4,B
2021-06-18T09:30:41,1000.0,12.3,S
2021-06-18T09:30:38,800.0,12.3,S
2021-06-18T09:30:32,300.0,12.4,B
2021-06-18T09:30:07,8100.0,12.4,B
2021-06-18T09:30:04,500.0,12.3,S
2021-06-18T09:29:58,6900.0,12.4,B
2021-06-18T09:29:50,1000.0,12.3,S
2021-06-18T09:29:48,200.0,12.3,S
2021-06-18T09:29:45,500.0,12.3,S
2021-06-18T09:29:40,5000.0,12.4,B
2021-06-18T09:29:34,1000.0,12.4,B
2021-06-18T09:29:33,1000.0,12.4,B
2021-06-18T09:29:31,2000.0,12.4,B
2021-06-18T09:29:19,2000.0,12.4,B
2021-06-18T09:29:15,1000.0,12.4,B
2021-06-18T09:29:12,1000.0,12.4,B
2021-06-18T09:29:05,1000.0,12.4,B
2021-06-18T09:29:00,200.0,12.4,B
2021-06-18T09:28:50,1000.0,12.4,B
2021-06-18T09:28:44,100.0,12.4,S
2021-06-18T09:28:43,900.0,12.4,B
2021-06-18T09:28:30,1000.0,12.4,S
2021-06-18T09:28:15,1500.0,12.4,B
2021-06-18T09:28:08,500.0,12.4,B
2021-06-18T09:28:04,100.0,12.4,B
2021-06-18T09:27:59,900.0,12.4,B
2021-06-18T09:27:53,2000.0,12.4,S
2021-06-18T09:27:51,100.0,12.4,S
2021-06-18T09:27:48,1300.0,12.4,S
2021-06-18T09:27:23,500.0,12.4,S
2021-06-18T09:27:14,3000.0,12.4,S
2021-06-18T09:27:03,12000.0,12.4,S
2021-06-18T09:27:03,100.0,12.4,S
2021-06-18T09:27:02,1600.0,12.4,S
2021-06-18T09:26:49,1500.0,12.4,S
2021-06-18T09:26:44,200.0,12.4,S
2021-06-18T09:26:43,2000.0,12.4,S
2021-06-18T09:26:33,2000.0,12.4,S
2021-06-18T09:26:30,3000.0,12.4,S
2021-06-18T09:26:22,5000.0,12.4,S
2021-06-18T09:26:09,100.0,12.4,S
2021-06-18T09:26:04,4300.0,12.4,S
2021-06-18T09:26:01,1000.0,12.4,S
2021-06-18T09:25:59,200.0,12.4,S
2021-06-18T09:25:52,6000.0,12.4,S
2021-06-18T09:25:38,10000.0,12.4,S
2021-06-18T09:25:34,2900.0,12.4,S
2021-06-18T09:25:33,7000.0,12.4,S
2021-06-18T09:25:15,2000.0,12.4,S
2021-06-18T09:25:06,100.0,12.4,S
2021-06-18T09:25:00,2500.0,12.4,S
2021-06-18T09:24:54,5000.0,12.5,B
2021-06-18T09:24:42,2200.0,12.4,S
2021-06-18T09:24:40,1000.0,12.4,S
2021-06-18T09:24:40,3000.0,12.4,S
2021-06-18T09:24:35,1000.0,12.4,S
2021-06-18T09:24:22,3000.0,12.4,S
2021-06-18T09:23:39,1500.0,12.4,S
2021-06-18T09:23:33,200.0,12.5,B
2021-06-18T09:23:26,500.0,12.5,B
2021-06-18T09:23:24,1000.0,12.5,B
2021-06-18T09:23:16,100.0,12.5,B
2021-06-18T09:22:59,100.0,12.5,B
2021-06-18T09:22:48,100.0,12.5,B
2021-06-18T09:22:45,200.0,12.5,B
2021-06-18T09:22:45,500.0,12.5,B
2021-06-18T09:22:37,300.0,12.5,B
2021-06-18T09:22:21,10000.0,12.5,B
2021-06-18T09:22:16,200.0,12.5,B
2021-06-18T09:22:15,1000.0,12.5,B
2021-06-18T09:21:50,1000.0,12.5,B
2021-06-18T09:21:45,800.0,12.5,B
2021-06-18T09:21:32,100.0,12.5,B
2021-06-18T09:21:31,100.0,12.5,B
2021-06-18T09:21:28,400.0,12.5,B
2021-06-18T09:21:04,7000.0,12.5,B
2021-06-18T09:21:01,1100.0,12.4,B
2021-06-18T09:20:59,300.0,12.4,B
2021-06-18T09:20:58,300.0,12.4,B
2021-06-18T09:20:52,3000.0,12.4,B
2021-06-18T09:20:50,200.0,12.4,B
2021-06-18T09:20:35,10000.0,12.4,B
2021-06-18T09:20:27,300.0,12.4,B
2021-06-18T09:20:23,53400.0,12.4,S
2021-06-18T09:20:04,10000.0,12.5,B
2021-06-18T09:19:58,3000.0,12.5,B
2021-06-18T09:19:57,3000.0,12.5,B
2021-06-18T09:19:52,1000.0,12.5,B
2021-06-18T09:19:50,2200.0,12.4,S
2021-06-18T09:19:40,700.0,12.5,B
2021-06-18T09:19:33,1500.0,12.5,B
2021-06-18T09:19:33,100.0,12.5,B
2021-06-18T09:19:30,200.0,12.5,B
2021-06-18T09:19:22,100.0,12.5,B
2021-06-18T09:19:10,1000.0,12.5,B
2021-06-18T09:19:08,4000.0,12.5,B
2021-06-18T09:19:02,1100.0,12.4,S
2021-06-18T09:18:49,1000.0,12.5,B
2021-06-18T09:18:49,500.0,12.5,B
2021-06-18T09:18:23,500.0,12.5,B
2021-06-18T09:18:22,75600.0,12.5,B
2021-06-18T09:18:13,4100.0,12.5,B
2021-06-18T09:18:01,3000.0,12.5,B
2021-06-18T09:17:41,100.0,12.5,B
2021-06-18T09:17:37,100.0,12.5,B
2021-06-18T09:17:33,2100.0,12.5,B
2021-06-18T09:17:30,6200.0,12.4,S
2021-06-18T09:17:23,200.0,12.5,B
2021-06-18T09:17:17,5000.0,12.5,B
2021-06-18T09:17:16,400.0,12.4,S
2021-06-18T09:17:08,5000.0,12.5,B
2021-06-18T09:16:55,1000.0,12.5,B
2021-06-18T09:16:20,5000.0,12.4,S
2021-06-18T09:16:11,400.0,12.5,B
2021-06-18T09:15:52,5000.0,12.4,S
2021-06-18T09:15:46,10000.0,12.5,S
2021-06-18T09:15:41,4000.0,12.5,S
2021-06-18T09:15:39,500.0,12.5,S
2021-06-18T09:15:33,1000.0,12.5,S
2021-06-18T09:15:32,3000.0,12.5,S
2021-06-18T09:15:25,3000.0,12.5,S
2021-06-18T09:15:23,200.0,12.5,S
2021-06-18T09:15:21,500.0,12.5,S
2021-06-18T09:15:19,8700.0,12.5,B
2021-06-18T09:15:15,2000.0,12.5,B
2021-06-18T09:15:09,3500.0,12.5,B
2021-06-18T09:15:08,3000.0,12.5,B
2021-06-18T09:15:00,3000.0,12.5,B
2021-06-18T09:14:57,100.0,12.5,B
2021-06-18T09:14:55,16200.0,12.5,S
2021-06-18T09:14:50,200.0,12.5,S
2021-06-18T09:14:48,20000.0,12.5,S
2021-06-18T09:14:47,2200.0,12.5,S
2021-06-18T09:14:30,3000.0,12.5,S
2021-06-18T09:14:18,1000.0,12.5,S
2021-06-18T09:14:10,5000.0,12.5,S
2021-06-18T09:14:00,3000.0,12.5,S
2021-06-18T09:13:40,10000.0,12.5,S
2021-06-18T09:13:35,5000.0,12.5,S
2021-06-18T09:13:14,4000.0,12.5,S
2021-06-18T09:13:12,20000.0,12.5,B
2021-06-18T09:13:06,5000.0,12.4,S
2021-06-18T09:13:00,10000.0,12.5,B
2021-06-18T09:12:43,100.0,12.5,B
2021-06-18T09:12:39,300.0,12.4,S
2021-06-18T09:12:37,5000.0,12.5,B
2021-06-18T09:12:33,20000.0,12.5,B
2021-06-18T09:12:32,100.0,12.4,S
2021-06-18T09:12:31,2300.0,12.5,B
2021-06-18T09:12:30,5000.0,12.4,S
2021-06-18T09:12:14,100.0,12.4,S
2021-06-18T09:12:04,10000.0,12.5,B
2021-06-18T09:12:01,5000.0,12.4,S
2021-06-18T09:11:59,500.0,12.4,S
2021-06-18T09:11:58,3000.0,12.5,B
2021-06-18T09:11:48,200.0,12.5,B
2021-06-18T09:11:38,3500.0,12.5,B
2021-06-18T09:11:32,9000.0,12.4,S
2021-06-18T09:11:30,200.0,12.4,S
2021-06-18T09:11:20,5000.0,12.4,S
2021-06-18T09:11:16,400.0,12.4,S
2021-06-18T09:10:57,500.0,12.4,S
2021-06-18T09:10:39,200.0,12.4,S
2021-06-18T09:10:38,5000.0,12.4,S
2021-06-18T09:10:35,200.0,12.5,B
2021-06-18T09:10:18,5000.0,12.5,B
2021-06-18T09:10:16,100.0,12.4,S
2021-06-18T09:10:09,5000.0,12.4,S
2021-06-18T09:10:03,100.0,12.4,S
2021-06-18T09:09:50,1200.0,12.4,S
2021-06-18T09:09:49,500.0,12.4,S
2021-06-18T09:09:43,200.0,12.4,B
2021-06-18T09:09:40,1000.0,12.4,B
2021-06-18T09:09:39,5000.0,12.4,B
2021-06-18T09:09:37,10000.0,12.4,B
2021-06-18T09:09:36,1000.0,12.4,B
2021-06-18T09:09:20,5500.0,12.4,B
2021-06-18T09:09:17,100.0,12.4,B
2021-06-18T09:09:17,1200.0,12.4,B
2021-06-18T09:09:15,500.0,12.4,S
2021-06-18T09:09:15,500.0,12.4,S
2021-06-18T09:09:07,300.0,12.4,B
2021-06-18T09:09:02,1500.0,12.4,B
2021-06-18T09:08:56,100.0,12.4,B
2021-06-18T09:08:54,1000.0,12.4,B
2021-06-18T09:08:48,200.0,12.4,B
2021-06-18T09:08:41,4100.0,12.4,S
2021-06-18T09:08:33,3000.0,12.4,S
2021-06-18T09:08:29,5000.0,12.5,B
2021-06-18T09:08:25,200.0,12.4,S
2021-06-18T09:08:22,1000.0,12.5,B
2021-06-18T09:08:18,2000.0,12.5,B
2021-06-18T09:08:15,1000.0,12.5,B
2021-06-18T09:08:06,800.0,12.4,B
2021-06-18T09:08:02,1200.0,12.4,B
2021-06-18T09:07:34,3000.0,12.4,S
2021-06-18T09:07:28,200.0,12.4,B
2021-06-18T09:07:28,500.0,12.4,B
2021-06-18T09:07:12,300.0,12.4,B
2021-06-18T09:07:08,1000.0,12.4,B
2021-06-18T09:06:40,1000.0,12.5,B
2021-06-18T09:06:06,5000.0,12.5,B
2021-06-18T09:05:54,300.0,12.5,B
2021-06-18T09:05:48,100.0,12.2,S
2021-06-18T09:05:40,100.0,12.5,B
2021-06-18T09:05:31,3000.0,12.5,B
2021-06-18T09:05:25,5000.0,12.5,B
2021-06-18T09:05:20,25000.0,12.5,B
2021-06-18T09:05:18,29900.0,12.1,S
2021-06-18T09:05:11,500.0,12.3,S
2021-06-18T09:05:09,100.0,12.3,B
2021-06-18T09:05:09,500.0,12.3,B
2021-06-18T09:04:59,100.0,12.3,B
2021-06-18T09:04:48,5000.0,12.3,B
2021-06-18T09:04:30,1000.0,12.2,S
2021-06-18T09:04:15,4200.0,12.2,B
2021-06-18T09:04:09,30000.0,12.2,B
2021-06-18T09:03:54,400.0,12.2,B
2021-06-18T09:03:53,3000.0,12.2,B
2021-06-18T09:03:47,10000.0,12.2,B
2021-06-18T09:03:27,200.0,12.2,B
2021-06-18T09:03:18,100.0,12.2,B
2021-06-18T09:02:59,100.0,12.2,B
2021-06-18T09:02:42,200.0,12.1,S
2021-06-18T09:02:31,2000.0,12.2,B
2021-06-18T09:02:12,1000.0,12.2,B
2021-06-18T09:01:38,1000.0,12.2,B
2021-06-18T09:01:27,500.0,12.2,B
2021-06-18T09:01:11,2000.0,12.2,B
2021-06-18T09:01:08,900.0,12.2,B
2021-06-18T09:01:02,5000.0,12.2,B
2021-06-18T09:00:59,500.0,12.2,B
2021-06-18T09:00:57,1000.0,12.2,B
2021-06-18T09:00:52,1200.0,12.2,B
2021-06-18T09:00:52,700.0,12.1,S
2021-06-18T09:00:52,2000.0,12.2,B
2021-06-18T09:00:50,1000.0,12.2,B
2021-06-18T09:00:44,600.0,12.2,B
2021-06-18T09:00:42,200.0,12.2,B
2021-06-18T09:00:34,300.0,12.2,B
2021-06-18T09:00:26,700.0,12.0,B
2021-06-18T09:00:14,100.0,12.2,B
