tradingTime,volume,price,side
2021-06-18T14:28:49,1800.0,36.6,B
2021-06-18T14:25:53,300.0,36.4,S
2021-06-18T14:25:51,400.0,36.4,S
2021-06-18T14:24:53,700.0,36.4,S
2021-06-18T14:22:03,1300.0,36.4,B
2021-06-18T14:21:11,700.0,36.4,S
2021-06-18T14:20:48,300.0,36.4,B
2021-06-18T14:15:32,2200.0,36.3,S
2021-06-18T14:13:32,600.0,36.3,S
2021-06-18T14:12:24,5000.0,36.3,S
2021-06-18T14:11:49,500.0,36.4,B
2021-06-18T14:09:36,200.0,36.4,B
2021-06-18T14:09:05,700.0,36.4,S
2021-06-18T14:09:04,1300.0,36.4,S
2021-06-18T14:08:31,400.0,36.4,S
2021-06-18T14:08:24,4000.0,36.4,S
2021-06-18T14:07:26,2000.0,36.4,S
2021-06-18T14:07:14,100.0,36.5,B
2021-06-18T14:06:25,1000.0,36.4,S
2021-06-18T14:06:24,400.0,36.5,B
2021-06-18T14:05:55,1000.0,36.5,B
2021-06-18T14:05:27,11000.0,36.5,S
2021-06-18T14:05:04,1200.0,36.6,S
2021-06-18T14:03:13,100.0,36.7,B
2021-06-18T14:01:53,2800.0,36.6,B
2021-06-18T14:01:45,500.0,36.5,S
2021-06-18T14:00:54,200.0,36.6,S
2021-06-18T13:56:42,900.0,36.6,S
2021-06-18T13:54:21,100.0,36.6,S
2021-06-18T13:50:13,100.0,36.7,B
2021-06-18T13:46:14,500.0,36.7,B
2021-06-18T13:46:11,100.0,36.7,S
2021-06-18T13:45:57,3000.0,36.7,S
2021-06-18T13:45:07,400.0,36.7,B
2021-06-18T13:42:52,500.0,36.7,B
2021-06-18T13:41:48,400.0,36.7,B
2021-06-18T13:40:13,1000.0,36.6,S
2021-06-18T13:39:32,200.0,36.6,B
2021-06-18T13:38:08,4800.0,36.5,S
2021-06-18T13:38:04,300.0,36.6,B
2021-06-18T13:37:56,500.0,36.6,B
2021-06-18T13:35:34,100.0,36.6,B
2021-06-18T13:35:00,2600.0,36.6,S
2021-06-18T13:31:08,2100.0,36.6,B
2021-06-18T13:30:50,1000.0,36.6,B
2021-06-18T13:30:09,1000.0,36.6,B
2021-06-18T13:29:42,500.0,36.6,B
2021-06-18T13:29:37,400.0,36.6,B
2021-06-18T13:29:16,100.0,36.6,B
2021-06-18T13:27:35,500.0,36.6,B
2021-06-18T13:26:57,800.0,36.5,S
2021-06-18T13:26:21,1000.0,36.5,S
2021-06-18T13:23:54,200.0,36.5,S
2021-06-18T13:23:46,6000.0,36.5,S
2021-06-18T13:22:14,1400.0,36.6,B
2021-06-18T13:20:08,100.0,36.6,B
2021-06-18T13:20:01,100.0,36.6,B
2021-06-18T13:18:33,200.0,36.6,B
2021-06-18T13:16:21,2000.0,36.6,B
2021-06-18T13:15:01,1500.0,36.6,S
2021-06-18T13:11:38,100.0,36.6,B
2021-06-18T13:11:37,500.0,36.6,B
2021-06-18T13:11:28,2700.0,36.6,B
2021-06-18T13:10:30,500.0,36.6,B
2021-06-18T13:09:25,1000.0,36.6,S
2021-06-18T13:08:40,2600.0,36.7,S
2021-06-18T13:06:52,100.0,36.7,S
2021-06-18T13:06:12,300.0,36.9,B
2021-06-18T13:05:40,500.0,36.9,B
2021-06-18T13:04:40,500.0,36.8,S
2021-06-18T13:00:07,500.0,36.9,B
2021-06-18T11:29:41,400.0,36.9,B
2021-06-18T11:29:12,500.0,36.9,B
2021-06-18T11:28:39,1500.0,36.9,B
2021-06-18T11:25:58,100.0,36.8,S
2021-06-18T11:23:45,100.0,36.8,S
2021-06-18T11:22:42,200.0,36.8,B
2021-06-18T11:12:00,100.0,36.7,S
2021-06-18T11:08:17,500.0,36.7,S
2021-06-18T11:04:26,1000.0,36.7,B
2021-06-18T11:03:58,200.0,36.6,B
2021-06-18T11:03:27,100.0,36.5,S
2021-06-18T10:58:13,2400.0,36.5,S
2021-06-18T10:57:02,200.0,36.7,B
2021-06-18T10:55:59,2400.0,36.7,S
2021-06-18T10:55:24,100.0,36.8,S
2021-06-18T10:53:13,900.0,36.8,S
2021-06-18T10:51:35,100.0,36.9,B
2021-06-18T10:48:46,300.0,36.8,S
2021-06-18T10:46:07,100.0,36.8,B
2021-06-18T10:45:01,1000.0,36.8,B
2021-06-18T10:44:59,300.0,36.8,B
2021-06-18T10:44:04,1000.0,36.8,B
2021-06-18T10:43:03,100.0,36.8,B
2021-06-18T10:41:54,200.0,36.7,B
2021-06-18T10:41:31,800.0,36.5,S
2021-06-18T10:41:21,100.0,36.7,B
2021-06-18T10:40:26,1900.0,36.7,B
2021-06-18T10:40:16,2200.0,36.8,S
2021-06-18T10:38:12,1000.0,36.8,S
2021-06-18T10:35:46,500.0,37.0,B
2021-06-18T10:34:06,500.0,37.0,B
2021-06-18T10:31:41,300.0,37.0,B
2021-06-18T10:29:19,100.0,37.0,B
2021-06-18T10:28:04,2000.0,37.0,B
2021-06-18T10:27:02,500.0,37.0,S
2021-06-18T10:26:24,2500.0,37.0,S
2021-06-18T10:25:55,1000.0,37.0,S
2021-06-18T10:25:49,500.0,37.0,S
2021-06-18T10:25:36,2000.0,37.1,B
2021-06-18T10:25:25,2500.0,37.0,S
2021-06-18T10:23:54,100.0,37.1,B
2021-06-18T10:23:09,2500.0,37.0,S
2021-06-18T10:22:48,200.0,37.1,S
2021-06-18T10:22:26,500.0,37.1,S
2021-06-18T10:20:40,200.0,37.1,S
2021-06-18T10:19:38,1000.0,37.2,B
2021-06-18T10:19:19,900.0,37.2,B
2021-06-18T10:18:38,900.0,37.2,B
2021-06-18T10:18:26,1000.0,37.2,B
2021-06-18T10:18:10,500.0,37.2,B
2021-06-18T10:18:07,100.0,37.2,B
2021-06-18T10:17:46,800.0,37.2,S
2021-06-18T10:17:40,6900.0,37.3,B
2021-06-18T10:17:25,100.0,37.3,B
2021-06-18T10:16:12,1400.0,37.2,S
2021-06-18T10:15:45,900.0,37.2,B
2021-06-18T10:15:37,500.0,37.2,B
2021-06-18T10:14:30,2000.0,37.2,B
2021-06-18T10:13:50,100.0,37.1,B
2021-06-18T10:12:56,100.0,37.1,B
2021-06-18T10:12:46,300.0,37.1,B
2021-06-18T10:11:08,100.0,37.1,B
2021-06-18T10:11:03,500.0,37.1,S
2021-06-18T10:10:55,500.0,37.2,B
2021-06-18T10:10:25,2000.0,37.2,B
2021-06-18T10:10:06,600.0,37.1,B
2021-06-18T10:10:02,100.0,37.1,B
2021-06-18T10:09:56,300.0,37.1,S
2021-06-18T10:09:25,200.0,37.1,S
2021-06-18T10:09:13,100.0,37.1,S
2021-06-18T10:09:12,1900.0,37.1,B
2021-06-18T10:09:11,200.0,37.1,S
2021-06-18T10:08:59,1300.0,37.1,B
2021-06-18T10:08:53,500.0,37.1,B
2021-06-18T10:08:48,500.0,37.1,B
2021-06-18T10:08:47,200.0,37.1,B
2021-06-18T10:08:41,2000.0,37.1,B
2021-06-18T10:08:27,800.0,37.0,S
2021-06-18T10:07:46,1000.0,37.0,S
2021-06-18T10:07:10,3900.0,37.0,B
2021-06-18T10:06:41,100.0,37.0,B
2021-06-18T10:06:13,1400.0,36.9,S
2021-06-18T10:06:00,600.0,36.9,B
2021-06-18T10:05:55,100.0,36.9,B
2021-06-18T10:05:49,300.0,36.9,B
2021-06-18T10:05:31,700.0,36.8,B
2021-06-18T10:05:15,400.0,36.8,B
2021-06-18T10:05:13,500.0,36.8,B
2021-06-18T10:05:06,1000.0,36.8,B
2021-06-18T10:05:02,200.0,36.8,B
2021-06-18T10:04:59,1000.0,36.8,B
2021-06-18T10:04:47,600.0,36.8,B
2021-06-18T10:04:41,100.0,36.8,B
2021-06-18T10:04:37,700.0,36.7,S
2021-06-18T10:04:31,1000.0,36.7,B
2021-06-18T10:04:25,500.0,36.7,B
2021-06-18T10:04:01,800.0,36.6,B
2021-06-18T10:03:53,300.0,36.6,B
2021-06-18T10:03:36,500.0,36.6,B
2021-06-18T10:03:06,300.0,36.5,B
2021-06-18T10:02:41,200.0,36.5,B
2021-06-18T10:02:13,5000.0,36.5,B
2021-06-18T10:00:57,300.0,36.3,S
2021-06-18T10:00:05,200.0,36.3,B
2021-06-18T09:59:45,1000.0,36.3,B
2021-06-18T09:59:38,300.0,36.3,S
2021-06-18T09:59:33,1000.0,36.3,S
2021-06-18T09:58:37,1000.0,36.3,B
2021-06-18T09:57:51,1000.0,36.3,S
2021-06-18T09:56:40,500.0,36.3,S
2021-06-18T09:56:26,1500.0,36.3,B
2021-06-18T09:55:59,100.0,36.3,B
2021-06-18T09:55:30,100.0,36.3,B
2021-06-18T09:55:04,2800.0,36.3,B
2021-06-18T09:54:46,100.0,36.2,S
2021-06-18T09:54:16,100.0,36.2,B
2021-06-18T09:54:10,500.0,36.2,B
2021-06-18T09:52:29,700.0,36.2,B
2021-06-18T09:52:08,1000.0,36.2,S
2021-06-18T09:49:42,400.0,36.2,S
2021-06-18T09:47:28,2000.0,36.1,S
2021-06-18T09:46:53,200.0,36.1,S
2021-06-18T09:44:08,100.0,36.3,B
2021-06-18T09:43:42,800.0,36.3,S
2021-06-18T09:37:42,700.0,36.3,B
2021-06-18T09:37:35,100.0,36.1,S
2021-06-18T09:36:36,500.0,36.3,B
2021-06-18T09:35:13,13000.0,36.3,B
2021-06-18T09:33:37,100.0,36.0,S
2021-06-18T09:32:49,100.0,36.0,B
2021-06-18T09:32:00,500.0,36.0,S
2021-06-18T09:31:15,100.0,36.0,S
2021-06-18T09:31:11,500.0,36.0,S
2021-06-18T09:30:52,200.0,36.0,S
2021-06-18T09:30:21,2200.0,36.0,S
2021-06-18T09:30:00,900.0,36.0,S
2021-06-18T09:28:29,500.0,36.0,S
2021-06-18T09:27:55,5000.0,36.0,S
2021-06-18T09:27:05,100.0,36.2,B
2021-06-18T09:26:36,700.0,36.2,B
2021-06-18T09:26:16,100.0,36.3,B
2021-06-18T09:25:50,100.0,36.2,S
2021-06-18T09:23:45,500.0,36.3,B
2021-06-18T09:22:20,100.0,36.3,B
2021-06-18T09:21:25,300.0,36.3,B
2021-06-18T09:20:00,700.0,36.3,B
2021-06-18T09:18:40,100.0,36.3,B
2021-06-18T09:17:39,1000.0,36.3,B
2021-06-18T09:17:05,200.0,36.0,S
2021-06-18T09:16:37,100.0,36.0,S
2021-06-18T09:16:22,500.0,36.2,S
2021-06-18T09:13:31,200.0,36.2,S
2021-06-18T09:13:11,400.0,36.2,B
2021-06-18T09:12:25,400.0,36.2,B
2021-06-18T09:02:59,800.0,36.3,S
2021-06-18T09:02:34,600.0,36.3,S
2021-06-18T09:00:54,1200.0,36.3,S
2021-06-18T09:00:50,400.0,36.3,B
2021-06-18T09:00:30,200.0,36.3,B
