tradingTime,volume,price,side
2021-06-18T14:29:22,3100.0,24.0,B
2021-06-18T14:27:24,34600.0,23.0,S
2021-06-18T14:27:24,1200.0,23.0,S
2021-06-18T14:27:24,1500.0,23.0,S
2021-06-18T14:27:24,900.0,23.0,S
2021-06-18T14:27:24,1300.0,23.0,S
2021-06-18T14:27:24,3200.0,23.0,S
2021-06-18T14:27:24,3000.0,23.0,S
2021-06-18T14:27:24,1600.0,23.0,S
2021-06-18T14:27:24,2200.0,23.0,S
2021-06-18T14:27:24,400.0,23.0,S
2021-06-18T14:27:24,1000.0,23.0,S
2021-06-18T14:27:24,100.0,23.0,S
2021-06-18T14:27:24,400.0,23.0,S
2021-06-18T14:27:24,500.0,23.0,S
2021-06-18T14:27:24,600.0,23.0,S
2021-06-18T14:27:24,2500.0,23.0,S
2021-06-18T14:27:24,300.0,23.0,S
2021-06-18T14:27:24,8200.0,23.0,S
2021-06-18T14:27:24,1000.0,23.0,S
2021-06-18T14:27:24,4500.0,23.0,S
2021-06-18T14:27:24,200.0,23.0,S
2021-06-18T14:27:24,100.0,23.0,S
2021-06-18T14:27:24,1000.0,23.0,S
2021-06-18T14:27:24,13100.0,23.0,S
2021-06-18T14:27:24,1300.0,23.0,S
2021-06-18T14:27:24,200.0,23.0,S
2021-06-18T14:27:24,11900.0,23.0,S
2021-06-18T14:27:24,3600.0,23.0,S
2021-06-18T14:27:24,2100.0,23.0,S
2021-06-18T14:27:24,800.0,23.0,S
2021-06-18T14:27:24,2100.0,23.0,S
2021-06-18T14:27:24,5500.0,23.0,S
2021-06-18T14:27:24,3000.0,23.0,S
2021-06-18T14:27:24,400.0,23.0,S
2021-06-18T14:27:24,600.0,23.0,S
2021-06-18T14:27:24,800.0,23.0,S
2021-06-18T14:27:24,1500.0,23.0,S
2021-06-18T14:27:24,1000.0,23.0,S
2021-06-18T14:27:24,2000.0,23.0,S
2021-06-18T14:27:24,200.0,23.0,S
2021-06-18T14:27:24,2300.0,23.0,S
2021-06-18T14:27:24,2100.0,23.0,S
2021-06-18T14:27:24,3500.0,23.0,S
2021-06-18T14:27:24,500.0,23.0,S
2021-06-18T14:27:24,500.0,23.0,S
2021-06-18T14:27:24,2500.0,23.0,S
2021-06-18T14:27:24,100.0,23.0,S
2021-06-18T14:27:24,1200.0,23.0,S
2021-06-18T14:27:24,1000.0,23.0,S
2021-06-18T14:27:24,100.0,23.0,S
2021-06-18T14:27:24,4100.0,23.0,S
2021-06-18T14:27:24,700.0,23.0,S
2021-06-18T14:27:24,1500.0,23.0,S
2021-06-18T14:27:24,500.0,23.0,S
2021-06-18T14:27:24,400.0,23.0,S
2021-06-18T14:27:24,8400.0,23.0,S
2021-06-18T14:27:24,700.0,23.0,S
2021-06-18T14:27:24,500.0,23.0,S
2021-06-18T14:27:24,1000.0,23.0,S
2021-06-18T14:27:24,6400.0,23.0,S
2021-06-18T14:27:24,100.0,23.0,S
2021-06-18T14:27:24,6100.0,23.0,S
2021-06-18T14:27:24,100.0,23.0,S
2021-06-18T14:27:24,4700.0,23.0,S
2021-06-18T14:27:24,2000.0,23.0,S
2021-06-18T14:27:24,6800.0,23.0,S
2021-06-18T14:27:24,500.0,23.0,S
2021-06-18T14:27:24,3600.0,23.0,S
2021-06-18T14:27:24,2000.0,23.05,S
2021-06-18T14:27:24,15700.0,23.05,S
2021-06-18T14:27:24,300.0,24.05,S
2021-06-18T14:27:23,2000.0,23.05,S
2021-06-18T14:27:23,55300.0,23.05,S
2021-06-18T14:27:23,1000.0,23.1,S
2021-06-18T14:27:23,2700.0,23.1,S
2021-06-18T14:27:23,2000.0,23.1,S
2021-06-18T14:27:23,600.0,23.1,S
2021-06-18T14:27:23,1500.0,23.1,S
2021-06-18T14:27:23,2800.0,23.1,S
2021-06-18T14:27:23,100.0,23.1,S
2021-06-18T14:27:23,32000.0,23.1,S
2021-06-18T14:27:18,1000.0,23.1,S
2021-06-18T14:27:18,200.0,23.1,S
2021-06-18T14:27:18,900.0,23.1,S
2021-06-18T14:27:18,1400.0,23.1,S
2021-06-18T14:27:18,300.0,23.1,S
2021-06-18T14:27:18,1000.0,23.1,S
2021-06-18T14:27:18,40300.0,23.1,S
2021-06-18T14:27:18,1000.0,23.1,S
2021-06-18T14:27:18,2000.0,23.1,S
2021-06-18T14:27:18,600.0,23.1,S
2021-06-18T14:27:18,1500.0,23.1,S
2021-06-18T14:27:18,200.0,23.1,S
2021-06-18T14:27:18,1800.0,23.15,S
2021-06-18T14:27:18,100.0,23.15,S
2021-06-18T14:27:18,1100.0,23.15,S
2021-06-18T14:27:18,15300.0,23.15,S
2021-06-18T14:27:18,10000.0,23.2,S
2021-06-18T14:27:18,10000.0,23.2,S
2021-06-18T14:27:18,107500.0,23.2,S
2021-06-18T14:27:18,2300.0,23.8,S
2021-06-18T14:27:18,500.0,23.85,S
2021-06-18T14:27:18,1200.0,24.0,S
2021-06-18T14:27:18,300.0,24.05,B
2021-06-18T14:26:35,142500.0,23.2,S
2021-06-18T14:26:35,800.0,23.2,S
2021-06-18T14:26:35,4100.0,23.2,S
2021-06-18T14:26:35,6200.0,23.2,S
2021-06-18T14:26:35,1300.0,23.2,S
2021-06-18T14:26:35,100.0,23.2,S
2021-06-18T14:26:35,200.0,23.2,S
2021-06-18T14:26:35,2100.0,23.2,S
2021-06-18T14:26:35,1200.0,23.2,S
2021-06-18T14:26:35,6500.0,23.2,S
2021-06-18T14:26:35,500.0,23.2,S
2021-06-18T14:26:35,500.0,23.2,S
2021-06-18T14:26:35,2100.0,23.2,S
2021-06-18T14:26:35,2200.0,23.2,S
2021-06-18T14:26:35,9500.0,23.25,S
2021-06-18T14:26:35,18200.0,23.3,S
2021-06-18T14:26:35,2000.0,23.85,S
2021-06-18T14:26:34,100.0,24.05,B
2021-06-18T14:26:33,100.0,24.05,B
2021-06-18T14:26:30,268200.0,23.3,S
2021-06-18T14:26:30,1100.0,23.45,S
2021-06-18T14:26:30,2000.0,23.5,S
2021-06-18T14:26:30,300.0,23.8,S
2021-06-18T14:26:30,2400.0,23.85,S
2021-06-18T14:26:30,50600.0,23.95,S
2021-06-18T14:26:30,200.0,24.0,S
2021-06-18T14:26:30,8200.0,24.0,S
2021-06-18T14:26:29,600.0,24.05,B
2021-06-18T14:26:28,200.0,24.0,S
2021-06-18T14:26:28,300.0,24.0,S
2021-06-18T14:25:53,13600.0,23.3,S
2021-06-18T14:25:53,15000.0,23.3,S
2021-06-18T14:25:53,1100.0,23.3,S
2021-06-18T14:25:53,600.0,23.3,S
2021-06-18T14:25:53,400.0,23.3,S
2021-06-18T14:25:53,1500.0,23.3,S
2021-06-18T14:25:53,800.0,23.3,S
2021-06-18T14:25:53,2000.0,23.3,S
2021-06-18T14:25:53,3000.0,23.3,S
2021-06-18T14:25:53,1000.0,23.3,S
2021-06-18T14:25:53,11100.0,23.3,S
2021-06-18T14:25:53,1000.0,23.3,S
2021-06-18T14:25:53,1000.0,23.3,S
2021-06-18T14:25:53,2600.0,23.3,S
2021-06-18T14:25:53,600.0,23.35,S
2021-06-18T14:25:53,500.0,23.4,S
2021-06-18T14:25:53,100.0,23.4,S
2021-06-18T14:25:53,1000.0,23.4,S
2021-06-18T14:25:53,700.0,23.4,S
2021-06-18T14:25:53,2300.0,23.4,S
2021-06-18T14:25:53,1000.0,23.4,S
2021-06-18T14:25:53,500.0,23.4,S
2021-06-18T14:25:53,100.0,23.4,S
2021-06-18T14:25:53,3400.0,23.4,S
2021-06-18T14:25:53,1100.0,23.4,S
2021-06-18T14:25:53,5300.0,23.45,S
2021-06-18T14:25:53,10000.0,23.5,S
2021-06-18T14:25:53,20000.0,23.5,S
2021-06-18T14:25:53,6700.0,23.5,S
2021-06-18T14:25:53,300.0,23.5,S
2021-06-18T14:25:53,25500.0,23.5,S
2021-06-18T14:25:53,10000.0,23.5,S
2021-06-18T14:25:53,3800.0,23.5,S
2021-06-18T14:25:53,3000.0,23.5,S
2021-06-18T14:25:53,1700.0,23.5,S
2021-06-18T14:25:53,100000.0,23.5,S
2021-06-18T14:25:53,11300.0,23.5,S
2021-06-18T14:25:53,2000.0,23.5,S
2021-06-18T14:25:53,500.0,23.5,S
2021-06-18T14:25:53,8000.0,23.5,S
2021-06-18T14:25:53,500.0,23.5,S
2021-06-18T14:25:53,2200.0,23.5,S
2021-06-18T14:25:53,600.0,23.5,S
2021-06-18T14:25:53,1300.0,23.5,S
2021-06-18T14:25:53,100.0,23.5,S
2021-06-18T14:25:53,5000.0,23.5,S
2021-06-18T14:25:53,1500.0,23.5,S
2021-06-18T14:25:53,1200.0,23.5,S
2021-06-18T14:25:53,600.0,23.5,S
2021-06-18T14:25:53,1100.0,23.5,S
2021-06-18T14:25:53,1400.0,23.5,S
2021-06-18T14:25:53,1000.0,23.5,S
2021-06-18T14:25:53,900.0,23.5,S
2021-06-18T14:25:53,300.0,23.5,S
2021-06-18T14:25:53,7300.0,23.5,S
2021-06-18T14:25:53,2300.0,23.5,S
2021-06-18T14:25:53,5700.0,23.5,S
2021-06-18T14:25:53,200.0,23.5,S
2021-06-18T14:25:53,4100.0,23.5,S
2021-06-18T14:25:53,600.0,23.5,S
2021-06-18T14:25:53,2100.0,23.5,S
2021-06-18T14:25:53,100.0,23.5,S
2021-06-18T14:25:53,100.0,23.5,S
2021-06-18T14:25:53,2100.0,23.5,S
2021-06-18T14:25:53,1600.0,23.5,S
2021-06-18T14:25:53,1100.0,23.5,S
2021-06-18T14:25:53,1000.0,23.5,S
2021-06-18T14:25:53,2100.0,23.5,S
2021-06-18T14:25:53,400.0,23.5,S
2021-06-18T14:25:53,1600.0,23.5,S
2021-06-18T14:25:53,500.0,23.5,S
2021-06-18T14:25:53,500.0,23.5,S
2021-06-18T14:25:53,300.0,23.5,S
2021-06-18T14:25:53,1200.0,23.5,S
2021-06-18T14:25:53,100.0,23.5,S
2021-06-18T14:25:53,1500.0,23.5,S
2021-06-18T14:25:53,500.0,23.5,S
2021-06-18T14:25:53,1100.0,23.5,S
2021-06-18T14:25:53,6100.0,23.5,S
2021-06-18T14:25:53,800.0,23.5,S
2021-06-18T14:25:52,1200.0,23.5,S
2021-06-18T14:25:52,400.0,23.5,S
2021-06-18T14:25:52,1000.0,23.5,S
2021-06-18T14:25:52,1600.0,23.5,S
2021-06-18T14:25:52,1000.0,23.5,S
2021-06-18T14:25:52,2200.0,23.5,S
2021-06-18T14:25:52,2500.0,23.5,S
2021-06-18T14:25:52,1300.0,23.5,S
2021-06-18T14:25:52,400.0,23.5,S
2021-06-18T14:25:52,500.0,23.5,S
2021-06-18T14:25:52,300.0,23.5,S
2021-06-18T14:25:52,1100.0,23.5,S
2021-06-18T14:25:52,300.0,23.5,S
2021-06-18T14:25:52,3500.0,23.5,S
2021-06-18T14:25:52,800.0,23.5,S
2021-06-18T14:25:52,400.0,23.5,S
2021-06-18T14:25:52,1000.0,23.5,S
2021-06-18T14:25:52,7000.0,23.5,S
2021-06-18T14:25:52,1000.0,23.5,S
2021-06-18T14:25:52,500.0,23.5,S
2021-06-18T14:25:52,200.0,23.5,S
2021-06-18T14:25:52,400.0,23.5,S
2021-06-18T14:25:52,200.0,23.5,S
2021-06-18T14:25:52,5700.0,23.5,S
2021-06-18T14:25:52,3400.0,23.5,S
2021-06-18T14:25:52,1000.0,23.5,S
2021-06-18T14:25:52,80000.0,23.55,S
2021-06-18T14:25:52,39000.0,23.55,S
2021-06-18T14:25:52,5300.0,23.8,S
2021-06-18T14:25:47,100.0,24.0,S
2021-06-18T14:24:37,1800.0,24.1,B
2021-06-18T14:24:37,3200.0,24.1,B
2021-06-18T14:23:09,300.0,24.1,B
2021-06-18T14:22:37,500.0,24.0,B
2021-06-18T14:22:33,700.0,24.0,B
2021-06-18T14:22:33,84200.0,23.55,S
2021-06-18T14:22:33,6000.0,23.55,S
2021-06-18T14:22:33,100.0,23.55,S
2021-06-18T14:22:33,900.0,23.55,S
2021-06-18T14:22:33,4300.0,23.55,S
2021-06-18T14:22:33,2500.0,23.6,S
2021-06-18T14:22:33,10000.0,23.6,S
2021-06-18T14:22:33,2800.0,23.6,S
2021-06-18T14:22:33,800.0,23.6,S
2021-06-18T14:22:33,100.0,23.6,S
2021-06-18T14:22:33,1900.0,23.6,S
2021-06-18T14:22:33,1800.0,23.6,S
2021-06-18T14:22:33,300.0,23.6,S
2021-06-18T14:22:33,2500.0,23.6,S
2021-06-18T14:22:33,5300.0,23.6,S
2021-06-18T14:22:33,100.0,23.6,S
2021-06-18T14:22:33,1200.0,23.6,S
2021-06-18T14:22:33,800.0,23.65,S
2021-06-18T14:22:33,100.0,23.7,S
2021-06-18T14:22:33,10000.0,23.7,S
2021-06-18T14:22:33,1100.0,23.7,S
2021-06-18T14:22:33,100.0,23.7,S
2021-06-18T14:22:33,500.0,23.7,S
2021-06-18T14:22:33,2000.0,23.7,S
2021-06-18T14:22:33,1100.0,23.7,S
2021-06-18T14:22:33,1000.0,23.7,S
2021-06-18T14:22:33,100.0,23.7,S
2021-06-18T14:22:33,10100.0,23.7,S
2021-06-18T14:22:33,300.0,23.7,S
2021-06-18T14:22:33,1000.0,23.7,S
2021-06-18T14:22:33,2000.0,23.7,S
2021-06-18T14:22:33,3000.0,23.7,S
2021-06-18T14:22:33,5500.0,23.7,S
2021-06-18T14:22:33,700.0,23.7,S
2021-06-18T14:22:33,1700.0,23.7,S
2021-06-18T14:22:33,100.0,23.7,S
2021-06-18T14:22:33,600.0,23.7,S
2021-06-18T14:22:33,10200.0,23.7,S
2021-06-18T14:22:33,2200.0,23.7,S
2021-06-18T14:22:33,1200.0,23.7,S
2021-06-18T14:22:33,200.0,23.7,S
2021-06-18T14:22:33,100.0,23.7,S
2021-06-18T14:22:33,200.0,23.7,S
2021-06-18T14:22:33,3200.0,23.7,S
2021-06-18T14:22:33,300.0,23.7,S
2021-06-18T14:22:33,1000.0,23.7,S
2021-06-18T14:22:33,700.0,23.7,S
2021-06-18T14:22:33,2000.0,23.7,S
2021-06-18T14:22:33,800.0,23.7,S
2021-06-18T14:22:33,100.0,23.7,S
2021-06-18T14:22:33,300.0,23.7,S
2021-06-18T14:22:33,3400.0,23.7,S
2021-06-18T14:22:33,300.0,23.75,S
2021-06-18T14:22:33,5600.0,23.75,S
2021-06-18T14:22:33,5000.0,23.75,S
2021-06-18T14:22:33,100.0,23.75,S
2021-06-18T14:22:33,1800.0,23.75,S
2021-06-18T14:22:33,100.0,23.75,S
2021-06-18T14:22:33,500.0,23.75,S
2021-06-18T14:22:33,1000.0,23.75,S
2021-06-18T14:22:33,1000.0,23.75,S
2021-06-18T14:22:33,700.0,23.75,S
2021-06-18T14:22:33,200.0,23.75,S
2021-06-18T14:22:33,1100.0,23.75,S
2021-06-18T14:22:33,100.0,23.75,S
2021-06-18T14:22:33,2400.0,23.75,S
2021-06-18T14:22:33,400.0,23.75,S
2021-06-18T14:22:33,700.0,23.75,S
2021-06-18T14:22:33,2000.0,23.75,S
2021-06-18T14:22:33,4000.0,23.75,S
2021-06-18T14:22:33,400.0,23.8,S
2021-06-18T14:22:33,300.0,23.8,S
2021-06-18T14:22:33,1200.0,23.8,S
2021-06-18T14:22:33,100.0,23.8,S
2021-06-18T14:22:33,5200.0,23.8,S
2021-06-18T14:22:33,500.0,23.8,S
2021-06-18T14:22:33,300.0,23.8,S
2021-06-18T14:22:32,2000.0,23.8,S
2021-06-18T14:22:32,1100.0,23.8,S
2021-06-18T14:22:32,500.0,23.8,S
2021-06-18T14:22:32,600.0,23.8,S
2021-06-18T14:22:32,1000.0,23.8,S
2021-06-18T14:22:32,100.0,23.8,S
2021-06-18T14:22:32,600.0,23.8,S
2021-06-18T14:22:32,200.0,23.8,S
2021-06-18T14:22:32,1100.0,23.8,S
2021-06-18T14:22:32,10500.0,23.8,S
2021-06-18T14:22:32,1000.0,23.8,S
2021-06-18T14:22:32,1100.0,23.8,S
2021-06-18T14:22:32,3500.0,23.8,S
2021-06-18T14:22:32,1300.0,23.8,S
2021-06-18T14:22:32,1400.0,23.8,S
2021-06-18T14:22:32,100.0,23.8,S
2021-06-18T14:22:32,1200.0,23.8,S
2021-06-18T14:22:32,300.0,23.8,S
2021-06-18T14:22:32,600.0,23.8,S
2021-06-18T14:22:32,1100.0,23.8,S
2021-06-18T14:22:32,2000.0,23.8,S
2021-06-18T14:22:32,2100.0,23.8,S
2021-06-18T14:22:32,1000.0,23.8,S
2021-06-18T14:22:32,500.0,23.8,S
2021-06-18T14:22:32,300.0,23.8,S
2021-06-18T14:22:32,2700.0,23.8,S
2021-06-18T14:22:32,600.0,23.8,S
2021-06-18T14:22:32,10300.0,23.8,S
2021-06-18T14:22:32,1000.0,23.8,S
2021-06-18T14:22:32,100.0,23.8,S
2021-06-18T14:22:32,200.0,23.8,S
2021-06-18T14:22:32,300.0,23.8,S
2021-06-18T14:22:32,1100.0,23.8,S
2021-06-18T14:22:32,6300.0,23.8,S
2021-06-18T14:22:32,200.0,23.8,S
2021-06-18T14:22:32,1100.0,23.8,S
2021-06-18T14:22:32,9800.0,23.8,S
2021-06-18T14:22:32,2000.0,23.8,S
2021-06-18T14:22:32,2300.0,23.8,S
2021-06-18T14:22:32,600.0,23.8,S
2021-06-18T14:22:32,1000.0,23.8,S
2021-06-18T14:22:32,1600.0,23.8,S
2021-06-18T14:22:32,400.0,23.8,S
2021-06-18T14:22:32,6300.0,23.8,S
2021-06-18T14:22:32,300.0,23.8,S
2021-06-18T14:22:32,100.0,23.8,S
2021-06-18T14:22:32,700.0,23.8,S
2021-06-18T14:22:32,500.0,23.8,S
2021-06-18T14:22:32,700.0,23.8,S
2021-06-18T14:22:32,300.0,23.8,S
2021-06-18T14:22:32,1100.0,23.8,S
2021-06-18T14:22:32,400.0,23.8,S
2021-06-18T14:22:32,1000.0,23.8,S
2021-06-18T14:22:32,300.0,23.8,S
2021-06-18T14:22:32,1100.0,23.8,S
2021-06-18T14:22:32,1000.0,23.8,S
2021-06-18T14:22:32,400.0,23.8,S
2021-06-18T14:22:32,1100.0,23.8,S
2021-06-18T14:22:32,1800.0,23.8,S
2021-06-18T14:22:32,100.0,23.8,S
2021-06-18T14:22:32,1100.0,23.8,S
2021-06-18T14:22:32,500.0,23.8,S
2021-06-18T14:22:32,4100.0,23.8,S
2021-06-18T14:22:32,2100.0,23.8,S
2021-06-18T14:22:32,300.0,23.8,S
2021-06-18T14:22:32,800.0,23.8,S
2021-06-18T14:22:32,1100.0,23.8,S
2021-06-18T14:22:32,2500.0,23.8,S
2021-06-18T14:22:32,1200.0,23.8,S
2021-06-18T14:22:32,100.0,23.8,S
2021-06-18T14:22:32,500.0,23.8,S
2021-06-18T14:22:32,1500.0,23.8,S
2021-06-18T14:22:32,600.0,23.8,S
2021-06-18T14:22:32,2400.0,23.8,S
2021-06-18T14:22:32,100.0,23.8,S
2021-06-18T14:22:32,2100.0,23.8,S
2021-06-18T14:22:32,1200.0,23.8,S
2021-06-18T14:22:32,2600.0,23.8,S
2021-06-18T14:22:32,3000.0,23.8,S
2021-06-18T14:22:32,1800.0,23.8,S
2021-06-18T14:22:32,4600.0,23.8,S
2021-06-18T14:22:32,700.0,23.8,S
2021-06-18T14:22:32,200.0,23.8,S
2021-06-18T14:22:32,1000.0,23.8,S
2021-06-18T14:22:32,100.0,23.8,S
2021-06-18T14:22:32,600.0,23.8,S
2021-06-18T14:22:32,600.0,23.8,S
2021-06-18T14:22:32,5100.0,23.8,S
2021-06-18T14:22:32,200.0,23.8,S
2021-06-18T14:22:32,500.0,23.8,S
2021-06-18T14:22:32,10600.0,23.8,S
2021-06-18T14:22:32,4200.0,23.8,S
2021-06-18T14:22:32,600.0,23.8,S
2021-06-18T14:22:32,200.0,23.8,S
2021-06-18T14:22:32,1200.0,23.8,S
2021-06-18T14:22:32,2700.0,23.8,S
2021-06-18T14:22:32,1300.0,23.8,S
2021-06-18T14:22:32,500.0,23.8,S
2021-06-18T14:22:32,1000.0,23.8,S
2021-06-18T14:22:32,2400.0,23.8,S
2021-06-18T14:22:32,3000.0,23.8,S
2021-06-18T14:22:32,2500.0,23.8,S
2021-06-18T14:22:32,100.0,23.8,S
2021-06-18T14:22:32,2100.0,23.8,S
2021-06-18T14:22:32,5000.0,23.8,S
2021-06-18T14:22:32,2500.0,23.8,S
2021-06-18T14:22:32,6100.0,23.8,S
2021-06-18T14:22:32,5200.0,23.8,S
2021-06-18T14:22:32,100.0,23.8,S
2021-06-18T14:22:32,1100.0,23.8,S
2021-06-18T14:22:32,600.0,23.8,S
2021-06-18T14:22:32,1600.0,23.8,S
2021-06-18T14:22:32,100.0,23.8,S
2021-06-18T14:22:32,300.0,23.8,S
2021-06-18T14:22:32,1500.0,23.8,S
2021-06-18T14:22:32,800.0,23.8,S
2021-06-18T14:22:32,600.0,23.8,S
2021-06-18T14:22:32,900.0,23.8,S
2021-06-18T14:22:32,500.0,23.8,S
2021-06-18T14:22:32,100.0,23.8,S
2021-06-18T14:22:32,8000.0,23.8,S
2021-06-18T14:22:32,1100.0,23.8,S
2021-06-18T14:22:32,500.0,23.8,S
2021-06-18T14:22:32,100.0,23.8,S
2021-06-18T14:22:32,1000.0,23.8,S
2021-06-18T14:22:32,400.0,23.85,S
2021-06-18T14:22:32,200.0,23.85,S
2021-06-18T14:22:32,800.0,23.85,S
2021-06-18T14:22:32,200.0,23.85,S
2021-06-18T14:22:32,1200.0,23.85,S
2021-06-18T14:22:32,1000.0,23.85,S
2021-06-18T14:22:32,600.0,23.85,S
2021-06-18T14:22:32,2100.0,23.85,S
2021-06-18T14:22:32,100.0,23.85,S
2021-06-18T14:22:32,3500.0,23.85,S
2021-06-18T14:22:32,500.0,23.85,S
2021-06-18T14:22:32,1500.0,23.85,S
2021-06-18T14:22:32,100.0,23.85,S
2021-06-18T14:22:32,7000.0,23.85,S
2021-06-18T14:22:32,5000.0,23.85,S
2021-06-18T14:22:32,1100.0,23.85,S
2021-06-18T14:22:32,200.0,23.85,S
2021-06-18T14:22:32,100.0,23.85,S
2021-06-18T14:22:32,300.0,23.85,S
2021-06-18T14:22:32,200.0,23.85,S
2021-06-18T14:22:32,1500.0,23.85,S
2021-06-18T14:22:32,1600.0,23.85,S
2021-06-18T14:22:32,20000.0,23.85,S
2021-06-18T14:22:32,1600.0,23.85,S
2021-06-18T14:22:32,1000.0,23.85,S
2021-06-18T14:22:32,800.0,23.85,S
2021-06-18T14:22:32,2000.0,23.85,S
2021-06-18T14:22:32,100.0,23.85,S
2021-06-18T14:22:31,300.0,23.85,S
2021-06-18T14:22:31,200.0,23.85,S
2021-06-18T14:22:31,300.0,23.85,S
2021-06-18T14:22:31,200.0,23.85,S
2021-06-18T14:22:31,1100.0,23.85,S
2021-06-18T14:22:31,100.0,23.85,S
2021-06-18T14:22:31,3000.0,23.85,S
2021-06-18T14:22:31,2400.0,23.85,S
2021-06-18T14:22:31,2600.0,23.85,S
2021-06-18T14:22:31,200.0,23.9,S
2021-06-18T14:22:31,100.0,23.95,S
2021-06-18T14:22:26,1200.0,24.0,B
2021-06-18T14:22:26,100.0,24.0,B
2021-06-18T14:21:36,200.0,24.0,B
2021-06-18T14:21:35,100.0,24.0,B
2021-06-18T14:21:31,300.0,24.0,B
2021-06-18T14:20:28,10000.0,24.0,S
2021-06-18T14:20:27,200.0,24.0,S
2021-06-18T14:20:24,600.0,23.85,S
2021-06-18T14:20:24,1500.0,24.05,S
2021-06-18T14:20:23,500.0,24.05,S
2021-06-18T14:20:23,500.0,24.1,B
2021-06-18T14:20:21,1500.0,23.85,S
2021-06-18T14:20:21,200.0,23.85,S
2021-06-18T14:20:21,100.0,23.85,S
2021-06-18T14:20:21,600.0,23.85,S
2021-06-18T14:20:21,300.0,23.85,S
2021-06-18T14:20:21,2300.0,23.85,S
2021-06-18T14:20:21,1000.0,23.85,S
2021-06-18T14:20:21,6200.0,23.85,S
2021-06-18T14:20:21,1100.0,23.85,S
2021-06-18T14:20:21,4600.0,23.85,S
2021-06-18T14:20:21,100.0,23.85,S
2021-06-18T14:20:21,600.0,23.85,S
2021-06-18T14:20:21,1000.0,23.85,S
2021-06-18T14:20:21,1100.0,23.85,S
2021-06-18T14:20:21,1800.0,23.85,S
2021-06-18T14:20:21,200.0,23.9,S
2021-06-18T14:20:21,5200.0,23.9,S
2021-06-18T14:20:21,300.0,23.9,S
2021-06-18T14:20:21,1200.0,23.9,S
2021-06-18T14:20:21,2200.0,23.9,S
2021-06-18T14:20:21,500.0,23.9,S
2021-06-18T14:20:21,100.0,23.9,S
2021-06-18T14:20:21,3100.0,23.9,S
2021-06-18T14:20:21,600.0,23.9,S
2021-06-18T14:20:21,400.0,23.9,S
2021-06-18T14:20:21,200.0,23.9,S
2021-06-18T14:20:21,1000.0,23.9,S
2021-06-18T14:20:21,100.0,23.9,S
2021-06-18T14:20:21,2000.0,23.9,S
2021-06-18T14:20:21,600.0,23.9,S
2021-06-18T14:20:21,4400.0,23.9,S
2021-06-18T14:20:21,100.0,23.9,S
2021-06-18T14:20:21,1600.0,23.9,S
2021-06-18T14:20:21,1400.0,23.9,S
2021-06-18T14:20:21,1500.0,23.9,S
2021-06-18T14:20:21,200.0,23.9,S
2021-06-18T14:20:21,300.0,23.9,S
2021-06-18T14:20:21,20100.0,23.9,S
2021-06-18T14:20:21,1100.0,23.9,S
2021-06-18T14:20:21,400.0,23.9,S
2021-06-18T14:20:21,100.0,23.9,S
2021-06-18T14:20:21,100.0,23.9,S
2021-06-18T14:20:21,1100.0,23.9,S
2021-06-18T14:20:21,1400.0,23.9,S
2021-06-18T14:20:21,500.0,23.9,S
2021-06-18T14:20:21,400.0,23.9,S
2021-06-18T14:20:21,200.0,23.9,S
2021-06-18T14:20:21,3000.0,23.9,S
2021-06-18T14:20:21,1500.0,23.9,S
2021-06-18T14:20:21,1000.0,23.9,S
2021-06-18T14:20:21,500.0,23.9,S
2021-06-18T14:20:21,200.0,23.9,S
2021-06-18T14:20:21,2100.0,23.9,S
2021-06-18T14:20:21,2100.0,23.9,S
2021-06-18T14:20:21,1200.0,23.9,S
2021-06-18T14:20:21,300.0,23.9,S
2021-06-18T14:20:21,5000.0,23.9,S
2021-06-18T14:20:21,1000.0,23.9,S
2021-06-18T14:20:21,600.0,23.9,S
2021-06-18T14:20:21,300.0,23.9,S
2021-06-18T14:20:21,2500.0,23.9,S
2021-06-18T14:20:21,1000.0,23.9,S
2021-06-18T14:20:21,4300.0,23.9,S
2021-06-18T14:20:21,1100.0,23.9,S
2021-06-18T14:20:21,1200.0,23.9,S
2021-06-18T14:20:21,1000.0,23.9,S
2021-06-18T14:20:21,100.0,23.9,S
2021-06-18T14:20:21,500.0,23.9,S
2021-06-18T14:20:21,1500.0,23.9,S
2021-06-18T14:20:21,400.0,23.9,S
2021-06-18T14:20:21,1800.0,23.9,S
2021-06-18T14:20:21,100.0,23.9,S
2021-06-18T14:20:21,1100.0,23.9,S
2021-06-18T14:20:21,1100.0,23.9,S
2021-06-18T14:20:21,700.0,23.9,S
2021-06-18T14:20:21,4000.0,23.9,S
2021-06-18T14:20:21,200.0,23.9,S
2021-06-18T14:20:21,100.0,23.9,S
2021-06-18T14:20:21,2500.0,23.9,S
2021-06-18T14:20:21,4100.0,23.9,S
2021-06-18T14:20:21,800.0,23.9,S
2021-06-18T14:20:21,2000.0,23.9,S
2021-06-18T14:20:21,2100.0,23.9,S
2021-06-18T14:20:21,1100.0,23.9,S
2021-06-18T14:20:21,5500.0,23.9,S
2021-06-18T14:20:21,2100.0,23.9,S
2021-06-18T14:20:21,100.0,23.9,S
2021-06-18T14:20:21,600.0,23.9,S
2021-06-18T14:20:21,3100.0,23.9,S
2021-06-18T14:20:21,700.0,23.9,S
2021-06-18T14:20:21,300.0,23.9,S
2021-06-18T14:20:21,1500.0,23.9,S
2021-06-18T14:20:21,800.0,23.9,S
2021-06-18T14:20:21,200.0,23.9,S
2021-06-18T14:20:21,300.0,23.9,S
2021-06-18T14:20:21,4200.0,23.9,S
2021-06-18T14:20:21,200.0,23.9,S
2021-06-18T14:20:21,4400.0,23.9,S
2021-06-18T14:20:21,10300.0,23.9,S
2021-06-18T14:20:21,3700.0,23.9,S
2021-06-18T14:20:21,3000.0,23.9,S
2021-06-18T14:20:21,1100.0,23.9,S
2021-06-18T14:20:21,800.0,23.9,S
2021-06-18T14:20:21,14100.0,23.9,S
2021-06-18T14:20:21,100.0,23.9,S
2021-06-18T14:20:21,600.0,23.9,S
2021-06-18T14:20:21,25300.0,23.9,S
2021-06-18T14:20:21,300.0,23.9,S
2021-06-18T14:20:21,500.0,23.9,S
2021-06-18T14:20:21,300.0,23.95,S
2021-06-18T14:20:21,1000.0,23.95,S
2021-06-18T14:20:21,2300.0,23.95,S
2021-06-18T14:20:21,1100.0,23.95,S
2021-06-18T14:20:21,5400.0,23.95,S
2021-06-18T14:20:21,100.0,23.95,S
2021-06-18T14:20:21,100.0,23.95,S
2021-06-18T14:20:21,600.0,23.95,S
2021-06-18T14:20:21,500.0,23.95,S
2021-06-18T14:20:21,4800.0,23.95,S
2021-06-18T14:20:21,50000.0,23.95,S
2021-06-18T14:20:21,1000.0,23.95,S
2021-06-18T14:20:21,35900.0,23.95,S
2021-06-18T14:20:21,12000.0,24.0,S
2021-06-18T14:20:21,200.0,24.0,S
2021-06-18T14:20:21,4100.0,24.0,S
2021-06-18T14:20:21,1000.0,24.0,S
2021-06-18T14:20:21,100.0,24.0,S
2021-06-18T14:20:21,2000.0,24.0,S
2021-06-18T14:20:21,800.0,24.0,S
2021-06-18T14:20:21,4500.0,24.0,S
2021-06-18T14:20:21,500.0,24.0,S
2021-06-18T14:20:21,10000.0,24.0,S
2021-06-18T14:20:21,50600.0,24.0,S
2021-06-18T14:20:21,6500.0,24.0,S
2021-06-18T14:20:21,10000.0,24.0,S
2021-06-18T14:20:21,25600.0,24.0,S
2021-06-18T14:20:21,200.0,24.05,S
2021-06-18T14:20:21,3100.0,24.05,S
2021-06-18T14:20:21,50000.0,24.05,S
2021-06-18T14:20:21,2700.0,24.05,S
2021-06-18T14:20:21,8700.0,24.05,S
2021-06-18T14:20:21,1700.0,24.05,S
2021-06-18T14:20:21,10000.0,24.05,S
2021-06-18T14:20:20,2500.0,24.1,B
2021-06-18T14:20:08,100.0,24.1,S
2021-06-18T14:18:04,3000.0,24.1,S
2021-06-18T14:18:04,500.0,24.1,S
2021-06-18T14:18:04,4000.0,24.1,S
2021-06-18T14:18:04,200.0,24.1,S
2021-06-18T14:18:03,10000.0,24.1,S
2021-06-18T14:17:53,100.0,24.1,S
2021-06-18T14:17:46,1200.0,24.1,S
2021-06-18T14:17:11,3500.0,24.05,S
2021-06-18T14:17:10,3700.0,24.05,S
2021-06-18T14:17:03,500.0,24.1,S
2021-06-18T14:17:02,4000.0,24.1,S
2021-06-18T14:16:59,400.0,24.1,S
2021-06-18T14:16:59,300.0,24.1,S
2021-06-18T14:16:59,3000.0,24.1,S
2021-06-18T14:16:59,700.0,24.1,S
2021-06-18T14:16:59,10500.0,24.1,S
2021-06-18T14:16:59,200.0,24.1,S
2021-06-18T14:16:58,100.0,24.1,S
2021-06-18T14:16:58,1000.0,24.1,S
2021-06-18T14:16:58,1500.0,24.1,S
2021-06-18T14:16:58,2100.0,24.1,S
2021-06-18T14:16:58,21200.0,24.1,S
2021-06-18T14:16:58,500.0,24.1,S
2021-06-18T14:16:58,2200.0,24.1,S
2021-06-18T14:16:58,3700.0,24.05,S
2021-06-18T14:16:55,3500.0,24.05,S
2021-06-18T14:16:53,1000.0,24.05,S
2021-06-18T14:16:53,3700.0,24.05,S
2021-06-18T14:16:06,3500.0,24.05,S
2021-06-18T14:15:57,800.0,24.1,B
2021-06-18T14:15:52,1000.0,24.05,S
2021-06-18T14:15:48,500.0,24.05,S
2021-06-18T14:15:44,3500.0,24.05,S
2021-06-18T14:15:40,3700.0,24.05,S
2021-06-18T14:15:32,3500.0,24.05,S
2021-06-18T14:15:23,3700.0,24.05,S
2021-06-18T14:15:21,100.0,24.05,S
2021-06-18T14:15:21,900.0,24.05,S
2021-06-18T14:15:21,100.0,24.05,S
2021-06-18T14:15:20,2400.0,24.05,S
2021-06-18T14:15:17,200.0,24.05,S
2021-06-18T14:15:13,2000.0,24.1,B
2021-06-18T14:15:12,100.0,24.05,S
2021-06-18T14:15:10,3500.0,24.05,S
2021-06-18T14:15:08,3700.0,24.05,S
2021-06-18T14:14:58,400.0,24.05,S
2021-06-18T14:14:54,3500.0,24.05,S
2021-06-18T14:14:47,3700.0,24.05,S
2021-06-18T14:14:45,300.0,24.05,S
2021-06-18T14:14:43,1000.0,24.1,B
2021-06-18T14:14:41,100.0,24.05,S
2021-06-18T14:14:41,200.0,24.05,S
2021-06-18T14:14:40,3500.0,24.05,S
2021-06-18T14:14:39,600.0,24.05,S
2021-06-18T14:14:35,200.0,24.05,S
2021-06-18T14:14:28,3500.0,24.05,S
2021-06-18T14:14:27,2000.0,24.05,S
2021-06-18T14:14:27,3700.0,24.05,S
2021-06-18T14:14:26,5000.0,24.05,S
2021-06-18T14:14:24,200.0,24.05,S
2021-06-18T14:14:19,1000.0,24.05,S
2021-06-18T14:14:14,3000.0,24.05,S
2021-06-18T14:14:12,3500.0,24.05,S
2021-06-18T14:14:12,3200.0,24.05,S
2021-06-18T14:13:56,2500.0,24.05,S
2021-06-18T14:13:56,1500.0,24.05,S
2021-06-18T14:13:54,300.0,24.05,S
2021-06-18T14:13:49,1000.0,24.05,S
2021-06-18T14:13:49,3200.0,24.05,S
2021-06-18T14:13:41,300.0,24.05,S
2021-06-18T14:13:29,57200.0,24.05,S
2021-06-18T14:13:14,100.0,24.05,S
2021-06-18T14:13:14,1000.0,24.1,B
2021-06-18T14:13:10,1500.0,24.05,S
2021-06-18T14:13:08,3000.0,24.05,S
2021-06-18T14:13:07,500.0,24.1,B
2021-06-18T14:13:07,400.0,24.05,S
2021-06-18T14:13:01,3700.0,24.05,S
2021-06-18T14:12:56,100.0,24.05,S
2021-06-18T14:12:41,3000.0,24.05,S
2021-06-18T14:12:39,4000.0,24.05,S
2021-06-18T14:12:30,500.0,24.05,S
2021-06-18T14:12:29,100.0,24.05,S
2021-06-18T14:12:21,3100.0,24.05,S
2021-06-18T14:12:20,1000.0,24.05,S
2021-06-18T14:12:16,1000.0,24.05,S
2021-06-18T14:12:11,400.0,24.1,B
2021-06-18T14:12:11,300.0,24.1,B
2021-06-18T14:12:11,8500.0,24.1,B
2021-06-18T14:12:11,5100.0,24.1,B
2021-06-18T14:12:11,800.0,24.1,B
2021-06-18T14:12:11,2200.0,24.1,B
2021-06-18T14:12:10,700.0,24.1,B
2021-06-18T14:12:10,1100.0,24.1,B
2021-06-18T14:12:10,15800.0,24.1,B
2021-06-18T14:12:10,3000.0,24.1,B
2021-06-18T14:12:10,2300.0,24.1,B
2021-06-18T14:12:10,900.0,24.1,B
2021-06-18T14:12:10,2900.0,24.1,B
2021-06-18T14:12:10,600.0,24.1,B
2021-06-18T14:12:10,5400.0,24.1,B
2021-06-18T14:12:08,3700.0,24.05,S
2021-06-18T14:11:55,1500.0,24.05,S
2021-06-18T14:11:54,2900.0,24.05,S
2021-06-18T14:11:50,100.0,24.05,S
2021-06-18T14:11:35,5900.0,24.05,B
2021-06-18T14:11:35,100.0,24.05,B
2021-06-18T14:11:35,1100.0,24.05,B
2021-06-18T14:11:32,28800.0,24.05,B
2021-06-18T14:11:32,7900.0,24.05,B
2021-06-18T14:11:32,1600.0,24.05,B
2021-06-18T14:11:32,4700.0,24.05,B
2021-06-18T14:11:32,5700.0,24.05,B
2021-06-18T14:11:32,300.0,24.05,B
2021-06-18T14:11:32,45500.0,24.05,B
2021-06-18T14:11:32,7500.0,24.05,B
2021-06-18T14:11:32,2800.0,24.05,B
2021-06-18T14:11:32,800.0,24.05,B
2021-06-18T14:11:32,14000.0,24.05,B
2021-06-18T14:11:32,3700.0,24.05,B
2021-06-18T14:11:32,9100.0,24.05,B
2021-06-18T14:11:32,400.0,24.05,B
2021-06-18T14:11:32,15200.0,24.05,B
2021-06-18T14:11:32,1000.0,24.05,B
2021-06-18T14:11:32,4900.0,24.05,B
2021-06-18T14:11:32,6100.0,24.05,B
2021-06-18T14:11:32,2400.0,24.05,B
2021-06-18T14:11:32,2200.0,24.05,B
2021-06-18T14:11:32,1700.0,24.05,B
2021-06-18T14:11:32,3700.0,24.05,B
2021-06-18T14:11:32,3400.0,24.05,B
2021-06-18T14:11:32,2400.0,24.05,B
2021-06-18T14:11:32,2400.0,24.05,B
2021-06-18T14:11:32,22500.0,24.05,B
2021-06-18T14:11:32,12100.0,24.0,S
2021-06-18T14:11:20,3000.0,24.0,S
2021-06-18T14:11:18,300.0,24.0,S
2021-06-18T14:11:14,2900.0,24.0,S
2021-06-18T14:11:07,3700.0,24.0,S
2021-06-18T14:11:06,2000.0,24.0,S
2021-06-18T14:11:05,100.0,24.0,S
2021-06-18T14:11:01,200.0,24.0,S
2021-06-18T14:10:59,400.0,24.0,S
2021-06-18T14:10:59,100.0,24.0,S
2021-06-18T14:10:59,700.0,24.0,S
2021-06-18T14:10:59,1800.0,24.0,S
2021-06-18T14:10:59,100.0,24.0,S
2021-06-18T14:10:45,2000.0,24.0,S
2021-06-18T14:10:45,100.0,24.0,S
2021-06-18T14:10:41,100.0,24.0,S
2021-06-18T14:10:38,700.0,24.0,S
2021-06-18T14:10:34,2900.0,24.0,S
2021-06-18T14:10:29,2000.0,24.0,S
2021-06-18T14:10:20,5000.0,24.0,S
2021-06-18T14:10:17,100.0,24.0,S
2021-06-18T14:10:16,400.0,24.0,S
2021-06-18T14:10:08,3700.0,24.0,S
2021-06-18T14:10:06,6000.0,24.0,S
2021-06-18T14:10:05,2000.0,24.0,S
2021-06-18T14:10:05,100.0,24.0,S
2021-06-18T14:10:01,2000.0,24.0,S
2021-06-18T14:09:59,200.0,24.0,S
2021-06-18T14:09:59,400.0,24.0,S
2021-06-18T14:09:57,2900.0,24.0,S
2021-06-18T14:09:52,2000.0,24.0,S
2021-06-18T14:09:49,700.0,24.0,S
2021-06-18T14:09:48,5000.0,24.0,S
2021-06-18T14:09:43,300.0,24.0,S
2021-06-18T14:09:39,1700.0,24.0,S
2021-06-18T14:09:38,500.0,24.0,S
2021-06-18T14:09:35,500.0,24.0,S
2021-06-18T14:09:35,500.0,24.0,S
2021-06-18T14:09:35,1000.0,24.0,S
2021-06-18T14:09:34,3400.0,24.0,S
2021-06-18T14:09:32,5000.0,24.0,S
2021-06-18T14:09:23,1000.0,24.0,S
2021-06-18T14:09:23,2900.0,24.0,S
2021-06-18T14:09:23,1000.0,24.0,S
2021-06-18T14:09:22,3000.0,24.0,S
2021-06-18T14:09:21,3700.0,24.0,S
2021-06-18T14:09:20,2000.0,24.0,S
2021-06-18T14:09:13,1000.0,24.0,S
2021-06-18T14:08:52,1000.0,24.0,S
2021-06-18T14:08:51,900.0,24.0,S
2021-06-18T14:08:46,100.0,24.0,S
2021-06-18T14:08:45,500.0,24.0,S
2021-06-18T14:08:35,500.0,24.0,S
2021-06-18T14:08:32,2900.0,24.0,S
2021-06-18T14:08:27,1000.0,24.0,S
2021-06-18T14:08:26,2000.0,24.0,S
2021-06-18T14:08:22,200.0,24.0,S
2021-06-18T14:08:16,400.0,24.0,S
2021-06-18T14:08:14,1000.0,24.0,S
2021-06-18T14:08:11,3700.0,24.0,S
2021-06-18T14:08:01,400.0,24.0,B
2021-06-18T14:07:52,1000.0,24.0,B
2021-06-18T14:07:50,100.0,24.0,B
2021-06-18T14:07:50,400.0,24.0,B
2021-06-18T14:07:46,3300.0,24.0,B
2021-06-18T14:07:46,1600.0,24.0,B
2021-06-18T14:07:46,1100.0,24.0,B
2021-06-18T14:07:46,5400.0,24.0,B
2021-06-18T14:07:46,9500.0,24.0,B
2021-06-18T14:07:46,300.0,24.0,B
2021-06-18T14:07:45,100.0,24.0,B
2021-06-18T14:07:45,5900.0,24.0,B
2021-06-18T14:07:45,3000.0,24.0,B
2021-06-18T14:07:45,2000.0,24.0,B
2021-06-18T14:07:45,3300.0,24.0,B
2021-06-18T14:07:38,1000.0,24.0,B
2021-06-18T14:07:27,1000.0,24.0,B
2021-06-18T14:07:12,3700.0,23.95,S
2021-06-18T14:07:09,3400.0,23.95,S
2021-06-18T14:06:41,500.0,24.0,B
2021-06-18T14:06:23,2000.0,23.95,S
2021-06-18T14:06:13,500.0,23.95,S
2021-06-18T14:06:01,200.0,23.95,S
2021-06-18T14:05:52,1200.0,24.0,B
2021-06-18T14:05:52,100.0,24.0,B
2021-06-18T14:05:52,11600.0,24.0,B
2021-06-18T14:05:52,6000.0,24.0,B
2021-06-18T14:05:52,500.0,24.0,B
2021-06-18T14:05:52,5200.0,24.0,B
2021-06-18T14:05:52,2900.0,24.0,B
2021-06-18T14:05:52,1000.0,24.0,B
2021-06-18T14:05:51,1900.0,24.0,B
2021-06-18T14:05:51,13500.0,24.0,B
2021-06-18T14:05:51,500.0,24.0,B
2021-06-18T14:05:51,4000.0,24.0,B
2021-06-18T14:05:51,1600.0,24.0,B
2021-06-18T14:05:50,500.0,23.95,S
2021-06-18T14:05:46,3400.0,23.95,S
2021-06-18T14:05:41,1400.0,24.0,B
2021-06-18T14:05:41,2000.0,24.0,B
2021-06-18T14:05:40,1000.0,24.0,B
2021-06-18T14:05:40,10400.0,24.0,B
2021-06-18T14:05:40,1000.0,23.95,S
2021-06-18T14:05:40,34200.0,23.95,S
2021-06-18T14:05:40,200.0,23.95,S
2021-06-18T14:05:39,100.0,23.95,S
2021-06-18T14:05:39,100.0,23.95,S
2021-06-18T14:05:38,500.0,23.95,S
2021-06-18T14:05:33,200.0,23.95,S
2021-06-18T14:05:01,100.0,23.95,S
2021-06-18T14:04:53,100.0,23.95,S
2021-06-18T14:04:52,400.0,23.95,S
2021-06-18T14:04:52,4600.0,23.95,S
2021-06-18T14:04:36,200.0,23.9,S
2021-06-18T14:04:36,200.0,23.9,S
2021-06-18T14:04:36,1300.0,23.9,S
2021-06-18T14:04:36,100.0,23.9,S
2021-06-18T14:04:34,2200.0,23.9,S
2021-06-18T14:04:34,100.0,23.95,S
2021-06-18T14:04:31,300.0,23.95,S
2021-06-18T14:04:31,3300.0,23.95,S
2021-06-18T14:04:31,100.0,23.95,S
2021-06-18T14:04:31,13600.0,23.95,S
2021-06-18T14:04:28,200.0,23.95,S
2021-06-18T14:04:25,200.0,23.95,S
2021-06-18T14:04:23,3900.0,23.95,S
2021-06-18T14:04:08,300.0,23.95,S
2021-06-18T14:04:08,3100.0,23.95,S
2021-06-18T14:04:03,100.0,23.95,S
2021-06-18T14:03:54,3500.0,23.95,S
2021-06-18T14:03:41,100.0,23.95,S
2021-06-18T14:03:41,2000.0,23.95,S
2021-06-18T14:03:27,3400.0,23.95,S
2021-06-18T14:03:26,200.0,23.95,S
2021-06-18T14:03:19,900.0,23.95,S
2021-06-18T14:03:19,3500.0,23.95,S
2021-06-18T14:03:12,1000.0,23.95,S
2021-06-18T14:03:11,700.0,24.0,B
2021-06-18T14:03:02,100.0,23.95,S
2021-06-18T14:02:50,600.0,23.95,S
2021-06-18T14:02:50,400.0,23.95,S
2021-06-18T14:02:49,800.0,23.95,S
2021-06-18T14:02:47,3400.0,23.95,S
2021-06-18T14:02:36,500.0,24.0,B
2021-06-18T14:02:35,2000.0,23.95,S
2021-06-18T14:02:34,1000.0,23.95,S
2021-06-18T14:02:33,200.0,23.95,S
2021-06-18T14:02:23,1000.0,23.95,S
2021-06-18T14:02:21,6000.0,24.0,B
2021-06-18T14:02:17,4400.0,23.95,S
2021-06-18T14:02:14,500.0,23.95,S
2021-06-18T14:02:13,1300.0,24.0,B
2021-06-18T14:02:01,3400.0,23.95,S
2021-06-18T14:01:46,1200.0,23.95,S
2021-06-18T14:01:41,1000.0,23.95,S
2021-06-18T14:01:26,100.0,23.95,S
2021-06-18T14:01:22,1300.0,24.0,B
2021-06-18T14:01:22,5000.0,24.0,B
2021-06-18T14:01:22,1500.0,24.0,B
2021-06-18T14:01:22,500.0,24.0,B
2021-06-18T14:01:22,6400.0,24.0,B
2021-06-18T14:01:22,6000.0,24.0,B
2021-06-18T14:01:22,2600.0,24.0,B
2021-06-18T14:01:22,4700.0,24.0,B
2021-06-18T14:01:22,1500.0,24.0,B
2021-06-18T14:01:22,4000.0,24.0,B
2021-06-18T14:01:22,3100.0,24.0,B
2021-06-18T14:01:22,13400.0,24.0,B
2021-06-18T14:01:21,3600.0,23.95,S
2021-06-18T14:01:18,4400.0,23.95,S
2021-06-18T14:01:12,100.0,24.0,B
2021-06-18T14:01:04,5400.0,23.95,S
2021-06-18T14:00:59,3000.0,23.95,S
2021-06-18T14:00:58,200.0,23.95,S
2021-06-18T14:00:50,100.0,23.95,S
2021-06-18T14:00:48,5400.0,23.95,S
2021-06-18T14:00:38,100.0,23.95,S
2021-06-18T14:00:38,2000.0,23.95,S
2021-06-18T14:00:38,100.0,23.95,S
2021-06-18T14:00:38,500.0,23.95,S
2021-06-18T14:00:38,400.0,23.95,S
2021-06-18T14:00:37,2400.0,23.95,S
2021-06-18T14:00:37,4300.0,23.95,S
2021-06-18T14:00:26,1000.0,23.95,S
2021-06-18T14:00:22,500.0,23.95,S
2021-06-18T14:00:14,4400.0,23.95,S
2021-06-18T14:00:04,500.0,23.95,S
2021-06-18T13:59:54,4000.0,23.95,S
2021-06-18T13:59:48,5400.0,23.95,S
2021-06-18T13:59:45,5400.0,23.95,S
2021-06-18T13:59:37,5400.0,23.95,S
2021-06-18T13:59:34,4200.0,23.95,S
2021-06-18T13:59:27,5400.0,23.95,S
2021-06-18T13:59:18,2000.0,23.95,S
2021-06-18T13:59:13,4400.0,23.95,S
2021-06-18T13:59:13,5400.0,23.95,S
2021-06-18T13:59:13,4600.0,23.95,S
2021-06-18T13:59:09,600.0,23.95,S
2021-06-18T13:59:09,3400.0,23.95,S
2021-06-18T13:59:09,1000.0,23.95,S
2021-06-18T13:59:09,1000.0,23.95,S
2021-06-18T13:58:58,2500.0,23.95,S
2021-06-18T13:58:57,200.0,23.95,S
2021-06-18T13:58:56,200.0,23.95,S
2021-06-18T13:58:36,500.0,23.95,S
2021-06-18T13:58:33,4800.0,23.95,S
2021-06-18T13:58:13,700.0,23.95,S
2021-06-18T13:58:13,3700.0,23.95,S
2021-06-18T13:58:01,100.0,23.95,S
2021-06-18T13:57:55,4900.0,23.95,S
2021-06-18T13:57:52,3100.0,23.95,S
2021-06-18T13:57:52,2500.0,23.95,S
2021-06-18T13:57:46,600.0,23.95,S
2021-06-18T13:57:19,1800.0,23.95,B
2021-06-18T13:57:19,200.0,23.95,B
2021-06-18T13:57:08,100.0,23.95,B
2021-06-18T13:57:07,4500.0,23.95,B
2021-06-18T13:57:07,1000.0,23.95,B
2021-06-18T13:57:05,5400.0,23.95,B
2021-06-18T13:57:04,4900.0,23.95,B
2021-06-18T13:57:04,400.0,23.95,B
2021-06-18T13:56:48,5400.0,23.95,B
2021-06-18T13:56:44,5400.0,23.95,B
2021-06-18T13:56:36,6100.0,23.95,B
2021-06-18T13:56:33,100.0,23.95,B
2021-06-18T13:56:23,200.0,23.9,S
2021-06-18T13:56:23,700.0,23.9,S
2021-06-18T13:56:23,5300.0,23.9,S
2021-06-18T13:56:05,1100.0,23.9,S
2021-06-18T13:56:05,1600.0,23.9,S
2021-06-18T13:56:05,1000.0,23.9,S
2021-06-18T13:56:05,18200.0,23.9,S
2021-06-18T13:56:00,100.0,24.0,B
2021-06-18T13:55:59,5000.0,23.95,B
2021-06-18T13:55:55,9900.0,23.95,B
2021-06-18T13:55:49,800.0,23.95,B
2021-06-18T13:55:45,4300.0,23.95,B
2021-06-18T13:55:45,28800.0,23.95,B
2021-06-18T13:55:45,1100.0,23.95,B
2021-06-18T13:55:45,200.0,23.95,B
2021-06-18T13:55:45,2700.0,23.95,B
2021-06-18T13:55:33,100.0,23.95,B
2021-06-18T13:55:30,100.0,23.95,B
2021-06-18T13:55:29,500.0,23.9,S
2021-06-18T13:55:11,2000.0,23.95,B
2021-06-18T13:55:04,4700.0,23.9,S
2021-06-18T13:55:01,500.0,23.95,B
2021-06-18T13:55:01,100.0,23.95,B
2021-06-18T13:54:59,100.0,23.95,B
2021-06-18T13:54:57,1000.0,23.95,B
2021-06-18T13:54:50,100.0,23.95,B
2021-06-18T13:54:46,500.0,23.95,B
2021-06-18T13:54:39,6400.0,23.95,B
2021-06-18T13:54:35,500.0,23.95,B
2021-06-18T13:54:33,100.0,23.95,B
2021-06-18T13:54:31,100.0,23.95,B
2021-06-18T13:54:29,2000.0,23.95,B
2021-06-18T13:54:28,300.0,23.95,B
2021-06-18T13:54:04,100.0,23.95,B
2021-06-18T13:54:04,4900.0,23.9,S
2021-06-18T13:53:57,1000.0,23.95,B
2021-06-18T13:53:51,200.0,23.95,B
2021-06-18T13:53:44,9200.0,23.9,S
2021-06-18T13:53:44,200.0,23.9,S
2021-06-18T13:53:42,600.0,23.9,S
2021-06-18T13:53:37,100.0,23.95,B
2021-06-18T13:53:26,100.0,23.95,B
2021-06-18T13:53:26,400.0,23.95,B
2021-06-18T13:53:25,500.0,23.95,B
2021-06-18T13:53:15,100.0,23.95,B
2021-06-18T13:53:13,4000.0,23.95,B
2021-06-18T13:53:12,1000.0,23.95,B
2021-06-18T13:53:08,100.0,23.9,S
2021-06-18T13:53:07,200.0,23.95,B
2021-06-18T13:53:02,100.0,23.95,B
2021-06-18T13:53:00,4900.0,23.9,S
2021-06-18T13:52:58,1000.0,23.95,B
2021-06-18T13:52:57,200.0,23.95,B
2021-06-18T13:52:54,1900.0,23.95,B
2021-06-18T13:52:34,1800.0,23.95,B
2021-06-18T13:52:32,100.0,23.95,B
2021-06-18T13:52:31,100.0,23.95,B
2021-06-18T13:52:19,100.0,23.95,B
2021-06-18T13:52:18,50000.0,23.95,B
2021-06-18T13:52:09,20000.0,23.95,S
2021-06-18T13:52:09,1000.0,23.95,S
2021-06-18T13:52:09,200.0,23.95,S
2021-06-18T13:52:09,300.0,23.95,S
2021-06-18T13:52:09,34600.0,23.95,S
2021-06-18T13:52:09,2100.0,23.95,S
2021-06-18T13:51:59,4900.0,23.95,S
2021-06-18T13:51:57,2000.0,23.95,S
2021-06-18T13:51:54,100.0,23.95,S
2021-06-18T13:51:52,2000.0,23.95,S
2021-06-18T13:51:33,900.0,23.95,S
2021-06-18T13:51:29,5000.0,23.95,S
2021-06-18T13:51:25,2700.0,23.95,S
2021-06-18T13:51:23,500.0,23.95,S
2021-06-18T13:51:23,3300.0,23.95,S
2021-06-18T13:51:23,1800.0,23.95,S
2021-06-18T13:51:23,5200.0,23.95,S
2021-06-18T13:51:22,400.0,23.95,S
2021-06-18T13:51:22,19800.0,23.95,S
2021-06-18T13:51:18,100.0,23.95,S
2021-06-18T13:51:15,2000.0,23.95,S
2021-06-18T13:51:06,200.0,23.95,S
2021-06-18T13:51:02,300.0,23.95,B
2021-06-18T13:50:56,4900.0,23.95,B
2021-06-18T13:50:38,2000.0,23.95,B
2021-06-18T13:50:38,1300.0,23.95,B
2021-06-18T13:50:38,2000.0,23.95,B
2021-06-18T13:50:38,17900.0,23.95,B
2021-06-18T13:50:34,100.0,23.95,B
2021-06-18T13:50:30,200.0,23.95,B
2021-06-18T13:50:13,1000.0,23.95,B
2021-06-18T13:50:11,200.0,23.95,B
2021-06-18T13:50:03,4000.0,23.95,B
2021-06-18T13:49:59,1000.0,23.95,B
2021-06-18T13:49:52,200.0,23.95,B
2021-06-18T13:49:51,1000.0,23.95,S
2021-06-18T13:49:50,2000.0,23.95,S
2021-06-18T13:49:48,1000.0,23.95,S
2021-06-18T13:49:46,500.0,23.95,S
2021-06-18T13:49:46,1000.0,23.95,S
2021-06-18T13:49:42,1000.0,23.95,S
2021-06-18T13:49:36,100.0,23.95,S
2021-06-18T13:49:25,100.0,23.95,S
2021-06-18T13:49:24,200.0,23.95,S
2021-06-18T13:49:23,100.0,23.9,S
2021-06-18T13:49:23,1900.0,23.9,S
2021-06-18T13:49:23,100.0,23.9,S
2021-06-18T13:49:23,12900.0,23.9,S
2021-06-18T13:49:20,500.0,23.95,S
2021-06-18T13:49:20,500.0,23.95,S
2021-06-18T13:49:17,1000.0,23.95,S
2021-06-18T13:49:16,300.0,23.95,S
2021-06-18T13:49:16,2800.0,23.95,S
2021-06-18T13:49:16,13500.0,23.95,S
2021-06-18T13:49:16,400.0,23.95,S
2021-06-18T13:49:16,11200.0,23.95,S
2021-06-18T13:49:16,2000.0,23.95,S
2021-06-18T13:49:16,4100.0,23.95,S
2021-06-18T13:49:16,14000.0,23.95,S
2021-06-18T13:49:16,1200.0,23.95,S
2021-06-18T13:49:16,1800.0,23.95,S
2021-06-18T13:49:16,400.0,23.95,S
2021-06-18T13:49:16,500.0,23.95,S
2021-06-18T13:49:16,2500.0,23.95,S
2021-06-18T13:49:16,100.0,23.95,S
2021-06-18T13:49:15,5100.0,23.95,S
2021-06-18T13:49:15,25600.0,23.95,S
2021-06-18T13:49:15,2100.0,23.95,S
2021-06-18T13:49:15,200.0,23.95,S
2021-06-18T13:49:15,8500.0,23.95,S
2021-06-18T13:49:11,200.0,24.0,B
2021-06-18T13:49:04,200.0,24.0,B
2021-06-18T13:49:03,13600.0,23.95,S
2021-06-18T13:49:03,1000.0,23.95,S
2021-06-18T13:49:03,5600.0,23.95,S
2021-06-18T13:49:03,2000.0,23.95,S
2021-06-18T13:49:03,2800.0,23.95,S
2021-06-18T13:49:01,200.0,24.0,B
2021-06-18T13:48:56,1100.0,23.95,S
2021-06-18T13:48:56,1800.0,24.0,B
2021-06-18T13:48:56,1100.0,24.0,B
2021-06-18T13:48:56,1100.0,24.0,B
2021-06-18T13:48:55,7000.0,24.0,B
2021-06-18T13:48:55,1000.0,24.0,B
2021-06-18T13:48:55,4000.0,24.0,B
2021-06-18T13:48:52,1900.0,23.95,S
2021-06-18T13:48:52,200.0,23.95,S
2021-06-18T13:48:52,2800.0,23.95,S
2021-06-18T13:48:51,600.0,24.0,B
2021-06-18T13:48:51,1400.0,24.0,B
2021-06-18T13:48:51,1500.0,24.0,B
2021-06-18T13:48:51,700.0,24.0,B
2021-06-18T13:48:51,600.0,24.0,B
2021-06-18T13:48:51,8000.0,24.0,B
2021-06-18T13:48:51,37200.0,24.0,B
2021-06-18T13:48:49,100.0,24.0,B
2021-06-18T13:48:47,300.0,23.95,S
2021-06-18T13:48:36,200.0,24.0,B
2021-06-18T13:48:30,500.0,24.0,B
2021-06-18T13:48:13,700.0,24.0,B
2021-06-18T13:48:13,7000.0,24.0,B
2021-06-18T13:48:08,200.0,24.0,B
2021-06-18T13:47:50,4900.0,23.95,S
2021-06-18T13:47:46,2000.0,24.0,B
2021-06-18T13:47:44,200.0,24.0,B
2021-06-18T13:47:39,2400.0,24.0,B
2021-06-18T13:47:39,1900.0,24.0,B
2021-06-18T13:47:34,700.0,23.95,S
2021-06-18T13:47:33,1100.0,23.95,S
2021-06-18T13:47:30,1000.0,24.0,B
2021-06-18T13:47:28,5000.0,24.0,B
2021-06-18T13:47:27,300.0,24.0,B
2021-06-18T13:47:22,5000.0,24.0,B
2021-06-18T13:47:20,500.0,24.0,B
2021-06-18T13:47:18,200.0,24.0,B
2021-06-18T13:47:18,800.0,24.0,B
2021-06-18T13:47:15,900.0,24.0,B
2021-06-18T13:47:04,500.0,23.95,S
2021-06-18T13:47:02,100.0,24.0,B
2021-06-18T13:47:02,1000.0,24.0,B
2021-06-18T13:47:02,200.0,24.0,B
2021-06-18T13:46:57,1000.0,24.0,B
2021-06-18T13:46:55,200.0,24.0,B
2021-06-18T13:46:54,4600.0,23.95,S
2021-06-18T13:46:54,300.0,23.95,S
2021-06-18T13:46:51,200.0,24.0,B
2021-06-18T13:46:51,4300.0,24.0,B
2021-06-18T13:46:35,100.0,23.95,S
2021-06-18T13:46:35,1000.0,24.0,B
2021-06-18T13:46:34,1300.0,24.0,B
2021-06-18T13:46:33,100.0,24.0,B
2021-06-18T13:46:30,200.0,23.95,S
2021-06-18T13:46:30,200.0,23.95,S
2021-06-18T13:46:29,1000.0,23.95,S
2021-06-18T13:46:24,200.0,23.95,S
2021-06-18T13:46:09,4900.0,24.0,B
2021-06-18T13:46:09,1100.0,24.0,B
2021-06-18T13:46:09,8500.0,24.0,B
2021-06-18T13:46:09,100.0,24.0,B
2021-06-18T13:46:09,300.0,24.0,B
2021-06-18T13:46:09,500.0,24.0,B
2021-06-18T13:46:09,4600.0,24.0,B
2021-06-18T13:46:09,100.0,24.0,B
2021-06-18T13:45:46,4900.0,23.95,S
2021-06-18T13:45:38,1000.0,24.0,B
2021-06-18T13:45:37,600.0,24.0,B
2021-06-18T13:45:37,400.0,24.0,B
2021-06-18T13:45:33,300.0,24.0,B
2021-06-18T13:45:27,2000.0,24.0,B
2021-06-18T13:45:20,200.0,24.0,B
2021-06-18T13:45:08,100.0,24.0,B
2021-06-18T13:44:58,3000.0,23.95,S
2021-06-18T13:44:57,100.0,24.0,B
2021-06-18T13:44:53,4700.0,23.95,S
2021-06-18T13:44:50,2000.0,24.0,B
2021-06-18T13:44:32,1000.0,24.0,B
2021-06-18T13:44:24,200.0,23.95,S
2021-06-18T13:44:05,200.0,24.0,B
2021-06-18T13:43:58,600.0,24.0,B
2021-06-18T13:43:51,1000.0,24.0,B
2021-06-18T13:43:49,500.0,24.0,B
2021-06-18T13:43:47,500.0,24.0,B
2021-06-18T13:43:43,600.0,23.95,S
2021-06-18T13:43:43,4300.0,23.95,S
2021-06-18T13:43:33,5000.0,23.95,S
2021-06-18T13:43:25,200.0,24.0,B
2021-06-18T13:43:25,800.0,24.0,B
2021-06-18T13:43:25,10800.0,24.0,B
2021-06-18T13:43:25,1800.0,24.0,B
2021-06-18T13:43:25,300.0,24.0,B
2021-06-18T13:43:25,3100.0,24.0,B
2021-06-18T13:43:25,5600.0,24.0,B
2021-06-18T13:43:25,400.0,24.0,B
2021-06-18T13:43:25,6200.0,24.0,B
2021-06-18T13:43:25,200.0,24.0,B
2021-06-18T13:43:25,800.0,24.0,B
2021-06-18T13:43:21,600.0,23.95,S
2021-06-18T13:43:21,100.0,24.0,B
2021-06-18T13:43:21,900.0,24.0,B
2021-06-18T13:43:20,500.0,23.95,S
2021-06-18T13:43:07,200.0,24.0,B
2021-06-18T13:42:54,1500.0,23.95,S
2021-06-18T13:42:53,500.0,24.0,B
2021-06-18T13:42:42,1000.0,24.0,B
2021-06-18T13:42:41,1700.0,23.95,S
2021-06-18T13:42:41,3200.0,23.95,S
2021-06-18T13:42:41,100.0,24.0,B
2021-06-18T13:42:30,100.0,23.95,S
2021-06-18T13:42:24,600.0,24.0,B
2021-06-18T13:42:02,800.0,23.95,S
2021-06-18T13:41:57,50000.0,24.0,B
2021-06-18T13:41:55,100.0,24.0,B
2021-06-18T13:41:51,2000.0,23.95,S
2021-06-18T13:41:49,2000.0,23.95,S
2021-06-18T13:41:40,2300.0,23.95,S
2021-06-18T13:41:40,900.0,23.95,S
2021-06-18T13:41:40,1800.0,23.95,S
2021-06-18T13:41:38,400.0,24.0,B
2021-06-18T13:41:35,200.0,24.0,B
2021-06-18T13:41:35,8800.0,24.0,B
2021-06-18T13:41:28,500.0,23.95,S
2021-06-18T13:41:22,400.0,24.0,B
2021-06-18T13:41:04,800.0,24.0,B
2021-06-18T13:41:04,200.0,24.0,B
2021-06-18T13:41:01,500.0,24.0,B
2021-06-18T13:40:55,1000.0,23.95,S
2021-06-18T13:40:49,2000.0,23.95,S
2021-06-18T13:40:48,200.0,24.0,B
2021-06-18T13:40:42,1000.0,23.95,S
2021-06-18T13:40:38,2000.0,24.0,B
2021-06-18T13:40:38,8000.0,24.0,B
2021-06-18T13:40:35,500.0,23.95,S
2021-06-18T13:40:35,600.0,23.95,S
2021-06-18T13:40:35,3900.0,23.95,S
2021-06-18T13:40:29,300.0,23.95,S
2021-06-18T13:40:27,200.0,23.95,S
2021-06-18T13:40:24,1000.0,23.95,S
2021-06-18T13:40:23,1000.0,24.0,B
2021-06-18T13:40:10,1400.0,23.95,S
2021-06-18T13:40:02,100.0,24.0,B
2021-06-18T13:40:00,2000.0,24.0,B
2021-06-18T13:39:57,2000.0,24.0,B
2021-06-18T13:39:54,800.0,24.0,B
2021-06-18T13:39:48,3100.0,23.95,S
2021-06-18T13:39:48,100.0,23.95,S
2021-06-18T13:39:48,300.0,23.95,S
2021-06-18T13:39:48,700.0,23.95,S
2021-06-18T13:39:48,800.0,23.95,S
2021-06-18T13:39:45,100.0,23.95,S
2021-06-18T13:39:45,200.0,23.95,S
2021-06-18T13:39:45,24100.0,23.95,S
2021-06-18T13:39:42,1000.0,23.95,S
2021-06-18T13:39:38,500.0,23.95,S
2021-06-18T13:39:06,700.0,23.95,S
2021-06-18T13:38:36,4000.0,24.0,B
2021-06-18T13:38:33,3700.0,23.95,S
2021-06-18T13:38:33,1300.0,23.95,S
2021-06-18T13:38:25,100.0,23.95,S
2021-06-18T13:38:22,100.0,24.0,B
2021-06-18T13:38:21,1000.0,24.0,B
2021-06-18T13:38:12,500.0,23.95,S
2021-06-18T13:38:02,100.0,24.0,B
2021-06-18T13:37:41,200.0,24.0,B
2021-06-18T13:37:39,200.0,24.0,B
2021-06-18T13:37:29,3000.0,24.0,B
2021-06-18T13:37:29,5000.0,23.95,S
2021-06-18T13:37:27,100.0,23.95,S
2021-06-18T13:37:24,2000.0,24.0,B
2021-06-18T13:37:18,100.0,24.0,B
2021-06-18T13:37:16,1000.0,24.0,B
2021-06-18T13:37:11,700.0,24.0,B
2021-06-18T13:37:05,300.0,24.0,B
2021-06-18T13:37:05,500.0,24.0,B
2021-06-18T13:36:59,100.0,24.0,B
2021-06-18T13:36:53,100.0,24.0,B
2021-06-18T13:36:51,500.0,23.95,S
2021-06-18T13:36:51,2000.0,24.0,B
2021-06-18T13:36:39,400.0,24.0,B
2021-06-18T13:36:39,600.0,24.0,B
2021-06-18T13:36:38,1000.0,24.0,B
2021-06-18T13:36:30,1200.0,24.0,B
2021-06-18T13:36:27,5100.0,23.95,S
2021-06-18T13:36:26,2100.0,23.95,S
2021-06-18T13:36:24,100.0,23.95,S
2021-06-18T13:36:19,500.0,24.0,B
2021-06-18T13:36:19,1200.0,24.0,B
2021-06-18T13:36:19,200.0,24.0,B
2021-06-18T13:36:19,500.0,24.0,B
2021-06-18T13:36:18,5600.0,24.0,B
2021-06-18T13:36:17,1400.0,24.0,B
2021-06-18T13:36:17,2000.0,24.0,B
2021-06-18T13:36:07,3200.0,23.95,S
2021-06-18T13:35:47,400.0,23.95,S
2021-06-18T13:35:39,200.0,24.0,B
2021-06-18T13:35:33,4000.0,24.0,B
2021-06-18T13:35:28,5100.0,23.95,S
2021-06-18T13:35:24,1000.0,24.0,B
2021-06-18T13:35:14,100.0,24.0,B
2021-06-18T13:35:06,10000.0,23.95,S
2021-06-18T13:35:06,1500.0,24.0,B
2021-06-18T13:35:04,100.0,24.0,B
2021-06-18T13:35:03,400.0,23.95,S
2021-06-18T13:34:52,200.0,24.0,B
2021-06-18T13:34:47,1800.0,24.0,B
2021-06-18T13:34:47,500.0,23.95,S
2021-06-18T13:34:42,200.0,24.0,B
2021-06-18T13:34:31,4000.0,24.0,B
2021-06-18T13:34:29,5000.0,23.95,S
2021-06-18T13:34:27,100.0,24.0,B
2021-06-18T13:34:21,100.0,24.0,B
2021-06-18T13:34:14,8000.0,24.0,B
2021-06-18T13:34:11,100.0,24.0,B
2021-06-18T13:34:03,700.0,24.0,S
2021-06-18T13:34:02,4000.0,24.0,S
2021-06-18T13:33:58,500.0,24.0,S
2021-06-18T13:33:56,2000.0,24.0,S
2021-06-18T13:33:56,4000.0,24.0,S
2021-06-18T13:33:56,100.0,24.0,S
2021-06-18T13:33:56,1500.0,24.0,S
2021-06-18T13:33:56,2000.0,24.0,S
2021-06-18T13:33:55,3000.0,24.0,S
2021-06-18T13:33:55,800.0,24.0,S
2021-06-18T13:33:55,100.0,24.0,S
2021-06-18T13:33:55,3300.0,24.0,S
2021-06-18T13:33:55,100.0,24.0,S
2021-06-18T13:33:55,600.0,24.0,S
2021-06-18T13:33:47,4000.0,24.05,B
2021-06-18T13:33:44,100.0,24.05,B
2021-06-18T13:33:43,400.0,24.05,B
2021-06-18T13:33:39,500.0,24.05,B
2021-06-18T13:33:39,1800.0,24.0,S
2021-06-18T13:33:39,30000.0,24.0,S
2021-06-18T13:33:39,300.0,24.0,S
2021-06-18T13:33:38,900.0,24.0,S
2021-06-18T13:33:38,1000.0,24.0,S
2021-06-18T13:33:38,5200.0,24.0,S
2021-06-18T13:33:38,300.0,24.0,S
2021-06-18T13:33:38,8500.0,24.0,S
2021-06-18T13:33:38,2000.0,24.0,S
2021-06-18T13:33:27,2000.0,24.05,B
2021-06-18T13:33:25,1900.0,24.05,B
2021-06-18T13:33:23,5000.0,24.0,S
2021-06-18T13:33:21,700.0,24.0,S
2021-06-18T13:33:21,4500.0,24.05,B
2021-06-18T13:33:20,300.0,24.05,B
2021-06-18T13:33:17,200.0,24.05,B
2021-06-18T13:33:13,4500.0,24.0,S
2021-06-18T13:33:09,1300.0,24.05,B
2021-06-18T13:33:09,4100.0,24.05,B
2021-06-18T13:33:08,4200.0,24.05,B
2021-06-18T13:33:05,300.0,24.05,B
2021-06-18T13:32:52,5700.0,24.0,S
2021-06-18T13:32:50,300.0,24.05,B
2021-06-18T13:32:20,500.0,24.05,S
2021-06-18T13:32:20,1500.0,24.05,S
2021-06-18T13:32:20,200.0,24.05,S
2021-06-18T13:32:15,3400.0,24.0,S
2021-06-18T13:32:12,1300.0,24.0,S
2021-06-18T13:32:12,600.0,24.0,S
2021-06-18T13:32:12,5100.0,24.0,S
2021-06-18T13:32:10,1300.0,24.05,S
2021-06-18T13:32:10,500.0,24.05,S
2021-06-18T13:32:00,500.0,24.1,B
2021-06-18T13:31:56,3300.0,24.05,S
2021-06-18T13:31:54,500.0,24.1,B
2021-06-18T13:31:51,1500.0,24.0,S
2021-06-18T13:31:44,5700.0,24.05,S
2021-06-18T13:31:38,200.0,24.05,S
2021-06-18T13:31:32,300.0,24.05,S
2021-06-18T13:31:31,5000.0,24.05,B
2021-06-18T13:31:25,1500.0,24.05,B
2021-06-18T13:31:23,2800.0,24.05,B
2021-06-18T13:31:19,1000.0,24.05,B
2021-06-18T13:31:16,5200.0,24.0,S
2021-06-18T13:30:55,2000.0,24.05,S
2021-06-18T13:30:53,300.0,24.05,S
2021-06-18T13:30:39,1200.0,24.05,S
2021-06-18T13:30:38,500.0,24.05,S
2021-06-18T13:30:38,1100.0,24.05,S
2021-06-18T13:30:38,400.0,24.05,S
2021-06-18T13:30:33,1600.0,24.05,S
2021-06-18T13:30:25,100.0,24.05,S
2021-06-18T13:30:24,100.0,24.05,S
2021-06-18T13:30:24,5600.0,24.05,S
2021-06-18T13:30:18,2500.0,24.1,B
2021-06-18T13:30:17,2000.0,24.05,S
2021-06-18T13:30:15,5200.0,24.05,S
2021-06-18T13:30:14,2000.0,24.05,S
2021-06-18T13:30:01,1700.0,24.05,S
2021-06-18T13:29:57,1500.0,24.05,S
2021-06-18T13:29:55,2400.0,24.05,S
2021-06-18T13:29:49,2600.0,24.1,B
2021-06-18T13:29:49,7500.0,24.1,B
2021-06-18T13:29:49,1900.0,24.1,B
2021-06-18T13:29:33,300.0,24.05,S
2021-06-18T13:29:28,6000.0,24.05,S
2021-06-18T13:29:22,5800.0,24.05,S
2021-06-18T13:29:12,5200.0,24.05,S
2021-06-18T13:29:05,600.0,24.1,B
2021-06-18T13:29:02,2300.0,24.05,S
2021-06-18T13:28:56,400.0,24.05,S
2021-06-18T13:28:56,3500.0,24.05,S
2021-06-18T13:28:56,300.0,24.05,S
2021-06-18T13:28:50,1500.0,24.1,B
2021-06-18T13:28:50,2200.0,24.1,B
2021-06-18T13:28:50,4200.0,24.1,B
2021-06-18T13:28:49,9900.0,24.1,B
2021-06-18T13:28:45,200.0,24.05,S
2021-06-18T13:28:41,5900.0,24.05,S
2021-06-18T13:28:40,100.0,24.05,S
2021-06-18T13:28:39,6000.0,24.1,B
2021-06-18T13:28:38,2000.0,24.1,B
2021-06-18T13:28:30,5100.0,24.05,S
2021-06-18T13:28:14,5100.0,24.05,S
2021-06-18T13:28:06,1900.0,24.05,S
2021-06-18T13:27:59,10000.0,24.05,S
2021-06-18T13:27:57,500.0,24.05,S
2021-06-18T13:27:57,500.0,24.05,S
2021-06-18T13:27:57,3200.0,24.05,S
2021-06-18T13:27:52,600.0,24.1,B
2021-06-18T13:27:51,2100.0,24.05,S
2021-06-18T13:27:51,900.0,24.05,S
2021-06-18T13:27:50,1000.0,24.05,S
2021-06-18T13:27:47,500.0,24.05,S
2021-06-18T13:27:45,900.0,24.05,S
2021-06-18T13:27:44,2400.0,24.1,B
2021-06-18T13:27:39,1000.0,24.05,S
2021-06-18T13:27:28,5900.0,24.05,S
2021-06-18T13:27:26,2500.0,24.05,S
2021-06-18T13:27:21,2800.0,24.05,B
2021-06-18T13:27:11,5000.0,24.05,B
2021-06-18T13:27:09,5100.0,24.05,B
2021-06-18T13:27:04,500.0,24.05,B
2021-06-18T13:26:57,1400.0,24.05,B
2021-06-18T13:26:49,500.0,24.05,B
2021-06-18T13:26:42,2800.0,24.05,B
2021-06-18T13:26:41,2800.0,24.05,B
2021-06-18T13:26:41,1000.0,24.05,B
2021-06-18T13:26:40,2800.0,24.05,B
2021-06-18T13:26:26,12900.0,24.05,B
2021-06-18T13:26:26,200.0,24.05,B
2021-06-18T13:26:20,2800.0,24.05,B
2021-06-18T13:26:15,6800.0,24.05,B
2021-06-18T13:26:09,300.0,24.05,B
2021-06-18T13:26:07,3900.0,24.0,S
2021-06-18T13:26:07,1200.0,24.0,S
2021-06-18T13:25:57,3000.0,24.05,B
2021-06-18T13:25:55,1000.0,24.05,B
2021-06-18T13:25:53,500.0,24.05,B
2021-06-18T13:25:53,200.0,24.05,B
2021-06-18T13:25:50,100.0,24.05,B
2021-06-18T13:25:49,47700.0,24.05,B
2021-06-18T13:25:47,4300.0,24.0,S
2021-06-18T13:25:39,100.0,24.05,B
2021-06-18T13:25:36,800.0,24.0,S
2021-06-18T13:25:34,5500.0,24.0,S
2021-06-18T13:25:26,100.0,24.0,S
2021-06-18T13:25:24,1000.0,24.0,S
2021-06-18T13:25:19,5600.0,24.0,S
2021-06-18T13:25:19,200.0,24.05,B
2021-06-18T13:25:14,6900.0,24.05,B
2021-06-18T13:25:14,30600.0,24.05,B
2021-06-18T13:25:14,2400.0,24.05,B
2021-06-18T13:25:14,28900.0,24.05,B
2021-06-18T13:25:10,700.0,24.0,S
2021-06-18T13:25:10,500.0,24.0,S
2021-06-18T13:25:10,3900.0,24.0,S
2021-06-18T13:24:57,1200.0,24.0,S
2021-06-18T13:24:57,1000.0,24.0,S
2021-06-18T13:24:57,3200.0,24.0,S
2021-06-18T13:24:57,6000.0,24.0,S
2021-06-18T13:24:56,300.0,24.0,S
2021-06-18T13:24:56,2000.0,24.0,S
2021-06-18T13:24:56,1300.0,24.0,S
2021-06-18T13:24:56,24200.0,24.0,S
2021-06-18T13:24:56,1500.0,24.0,S
2021-06-18T13:24:56,20800.0,24.0,S
2021-06-18T13:24:56,13500.0,24.0,S
2021-06-18T13:24:55,1500.0,24.0,S
2021-06-18T13:24:36,900.0,24.05,B
2021-06-18T13:24:32,100.0,24.0,S
2021-06-18T13:24:32,2000.0,24.0,S
2021-06-18T13:24:29,1700.0,24.0,S
2021-06-18T13:24:29,1000.0,24.0,S
2021-06-18T13:24:28,1300.0,24.0,S
2021-06-18T13:24:28,400.0,24.0,S
2021-06-18T13:24:28,1700.0,24.0,S
2021-06-18T13:24:21,500.0,24.0,S
2021-06-18T13:24:18,200.0,24.0,S
2021-06-18T13:24:14,200.0,24.0,S
2021-06-18T13:24:14,800.0,24.0,S
2021-06-18T13:24:14,2300.0,24.0,S
2021-06-18T13:24:12,1000.0,24.0,S
2021-06-18T13:24:10,5100.0,24.0,S
2021-06-18T13:24:00,400.0,24.0,S
2021-06-18T13:24:00,1500.0,24.0,S
2021-06-18T13:23:54,200.0,24.0,S
2021-06-18T13:23:31,5000.0,24.0,S
2021-06-18T13:23:27,1000.0,24.0,S
2021-06-18T13:23:18,5000.0,24.0,S
2021-06-18T13:23:12,6100.0,24.0,S
2021-06-18T13:23:00,3500.0,24.0,S
2021-06-18T13:23:00,1100.0,24.0,S
2021-06-18T13:23:00,500.0,24.0,S
2021-06-18T13:23:00,700.0,24.05,B
2021-06-18T13:22:54,200.0,24.05,B
2021-06-18T13:22:48,300.0,24.0,S
2021-06-18T13:22:44,400.0,24.05,B
2021-06-18T13:22:33,900.0,24.0,S
2021-06-18T13:22:33,100.0,24.0,S
2021-06-18T13:22:25,5000.0,24.0,S
2021-06-18T13:22:20,16800.0,24.0,S
2021-06-18T13:22:18,500.0,24.05,B
2021-06-18T13:22:12,2400.0,24.05,B
2021-06-18T13:22:10,100.0,24.0,S
2021-06-18T13:22:02,6300.0,24.0,S
2021-06-18T13:22:01,5100.0,24.0,S
2021-06-18T13:21:58,100.0,24.05,B
2021-06-18T13:21:58,100.0,24.05,B
2021-06-18T13:21:58,1800.0,24.05,B
2021-06-18T13:21:55,4300.0,24.0,S
2021-06-18T13:21:54,700.0,24.05,B
2021-06-18T13:21:44,1700.0,24.0,S
2021-06-18T13:21:40,900.0,24.05,B
2021-06-18T13:21:33,2500.0,24.0,S
2021-06-18T13:21:29,5200.0,24.0,S
2021-06-18T13:21:16,1000.0,24.05,B
2021-06-18T13:21:12,3000.0,24.0,S
2021-06-18T13:21:09,100.0,24.0,S
2021-06-18T13:21:09,600.0,24.0,S
2021-06-18T13:21:09,2500.0,24.0,S
2021-06-18T13:21:09,1900.0,24.0,S
2021-06-18T13:21:05,200.0,24.05,B
2021-06-18T13:20:47,2000.0,24.1,B
2021-06-18T13:20:47,100.0,24.1,B
2021-06-18T13:20:47,7900.0,24.05,B
2021-06-18T13:20:26,100.0,24.05,S
2021-06-18T13:20:11,4000.0,24.05,S
2021-06-18T13:20:05,1200.0,24.05,S
2021-06-18T13:20:01,700.0,24.05,S
2021-06-18T13:19:55,1200.0,24.05,S
2021-06-18T13:19:55,300.0,24.05,S
2021-06-18T13:19:54,4900.0,24.05,S
2021-06-18T13:19:51,200.0,24.05,S
2021-06-18T13:19:50,1000.0,24.05,S
2021-06-18T13:19:47,800.0,24.05,S
2021-06-18T13:19:41,2000.0,24.05,S
2021-06-18T13:19:34,500.0,24.05,S
2021-06-18T13:19:26,1700.0,24.05,S
2021-06-18T13:19:23,1000.0,24.05,S
2021-06-18T13:19:01,3400.0,24.05,S
2021-06-18T13:18:59,2800.0,24.05,S
2021-06-18T13:18:59,2400.0,24.05,S
2021-06-18T13:18:49,100.0,24.1,B
2021-06-18T13:18:44,3900.0,24.1,B
2021-06-18T13:18:44,700.0,24.1,B
2021-06-18T13:18:43,1800.0,24.1,B
2021-06-18T13:18:40,5000.0,24.1,B
2021-06-18T13:18:40,100.0,24.1,B
2021-06-18T13:18:29,100.0,24.1,B
2021-06-18T13:18:25,5400.0,24.1,B
2021-06-18T13:18:19,100.0,24.1,B
2021-06-18T13:18:14,7500.0,24.1,B
2021-06-18T13:18:09,1000.0,24.1,B
2021-06-18T13:18:06,1000.0,24.1,S
2021-06-18T13:18:02,500.0,24.1,S
2021-06-18T13:18:01,1500.0,24.1,S
2021-06-18T13:18:01,100.0,24.1,S
2021-06-18T13:18:01,3600.0,24.1,S
2021-06-18T13:18:00,1000.0,24.1,S
2021-06-18T13:18:00,1000.0,24.1,S
2021-06-18T13:17:55,100.0,24.1,S
2021-06-18T13:17:54,2000.0,24.1,S
2021-06-18T13:17:52,6400.0,24.1,S
2021-06-18T13:17:51,100.0,24.1,S
2021-06-18T13:17:50,1500.0,24.1,S
2021-06-18T13:17:48,100.0,24.1,S
2021-06-18T13:17:47,4600.0,24.1,S
2021-06-18T13:17:41,1000.0,24.1,S
2021-06-18T13:17:41,2000.0,24.1,S
2021-06-18T13:17:02,5200.0,24.1,S
2021-06-18T13:17:02,100.0,24.1,S
2021-06-18T13:16:39,100.0,24.1,S
2021-06-18T13:16:38,1100.0,24.15,B
2021-06-18T13:16:31,200.0,24.1,S
2021-06-18T13:16:30,3000.0,24.1,S
2021-06-18T13:16:29,5000.0,24.1,S
2021-06-18T13:16:21,9600.0,24.1,S
2021-06-18T13:16:20,500.0,24.1,S
2021-06-18T13:16:15,300.0,24.1,S
2021-06-18T13:16:11,2000.0,24.1,S
2021-06-18T13:16:04,700.0,24.1,S
2021-06-18T13:15:55,1000.0,24.1,S
2021-06-18T13:15:48,5200.0,24.1,S
2021-06-18T13:15:39,3000.0,24.1,S
2021-06-18T13:15:34,900.0,24.15,B
2021-06-18T13:15:33,100.0,24.1,S
2021-06-18T13:15:24,2000.0,24.1,S
2021-06-18T13:15:23,2000.0,24.15,B
2021-06-18T13:15:19,9800.0,24.1,S
2021-06-18T13:15:12,300.0,24.1,S
2021-06-18T13:15:08,1000.0,24.1,S
2021-06-18T13:15:06,9800.0,24.1,S
2021-06-18T13:15:05,7500.0,24.15,B
2021-06-18T13:15:05,100.0,24.15,B
2021-06-18T13:15:05,2400.0,24.15,B
2021-06-18T13:15:01,1500.0,24.15,B
2021-06-18T13:15:01,1500.0,24.15,B
2021-06-18T13:15:01,300.0,24.15,B
2021-06-18T13:15:01,6700.0,24.15,B
2021-06-18T13:14:59,100.0,24.1,S
2021-06-18T13:14:56,5200.0,24.1,S
2021-06-18T13:14:53,1300.0,24.1,S
2021-06-18T13:14:53,1700.0,24.1,S
2021-06-18T13:14:49,3400.0,24.1,S
2021-06-18T13:14:49,2000.0,24.1,S
2021-06-18T13:14:49,3400.0,24.1,S
2021-06-18T13:14:45,100.0,24.1,S
2021-06-18T13:14:43,100.0,24.1,S
2021-06-18T13:14:25,1000.0,24.15,B
2021-06-18T13:14:20,300.0,24.1,S
2021-06-18T13:14:17,5200.0,24.1,S
2021-06-18T13:14:11,200.0,24.1,S
2021-06-18T13:14:00,2000.0,24.1,S
2021-06-18T13:13:32,1000.0,24.1,S
2021-06-18T13:13:22,1100.0,24.1,S
2021-06-18T13:13:20,900.0,24.15,B
2021-06-18T13:12:59,700.0,24.1,S
2021-06-18T13:12:58,100.0,24.1,S
2021-06-18T13:12:52,200.0,24.1,S
2021-06-18T13:12:42,500.0,24.1,S
2021-06-18T13:12:41,5200.0,24.1,S
2021-06-18T13:12:40,5000.0,24.15,B
2021-06-18T13:12:35,800.0,24.1,S
2021-06-18T13:12:30,100.0,24.1,S
2021-06-18T13:12:29,1000.0,24.1,S
2021-06-18T13:12:26,200.0,24.1,S
2021-06-18T13:12:22,3000.0,24.1,S
2021-06-18T13:12:15,500.0,24.1,S
2021-06-18T13:12:03,3700.0,24.1,B
2021-06-18T13:12:02,2000.0,24.1,B
2021-06-18T13:12:02,1400.0,24.1,B
2021-06-18T13:12:02,1600.0,24.1,B
2021-06-18T13:12:00,1200.0,24.1,B
2021-06-18T13:11:45,7200.0,24.1,B
2021-06-18T13:11:38,5200.0,24.05,S
2021-06-18T13:11:38,10000.0,24.1,B
2021-06-18T13:11:21,2000.0,24.1,B
2021-06-18T13:11:20,700.0,24.05,S
2021-06-18T13:11:18,1000.0,24.1,B
2021-06-18T13:10:49,100.0,24.1,B
2021-06-18T13:10:44,400.0,24.1,B
2021-06-18T13:10:37,5200.0,24.05,S
2021-06-18T13:10:29,200.0,24.1,B
2021-06-18T13:10:25,2500.0,24.05,S
2021-06-18T13:10:23,3000.0,24.05,S
2021-06-18T13:10:23,4000.0,24.1,B
2021-06-18T13:10:23,300.0,24.1,B
2021-06-18T13:10:23,300.0,24.1,B
2021-06-18T13:10:23,200.0,24.1,B
2021-06-18T13:10:23,1400.0,24.1,B
2021-06-18T13:10:23,200.0,24.1,B
2021-06-18T13:10:22,3500.0,24.1,B
2021-06-18T13:10:22,100.0,24.1,B
2021-06-18T13:10:22,5400.0,24.05,S
2021-06-18T13:09:54,1000.0,24.05,S
2021-06-18T13:09:44,3000.0,24.1,B
2021-06-18T13:09:38,5300.0,24.05,S
2021-06-18T13:09:36,1500.0,24.05,S
2021-06-18T13:09:30,5000.0,24.05,S
2021-06-18T13:09:04,1000.0,24.05,B
2021-06-18T13:09:00,10000.0,24.05,B
2021-06-18T13:09:00,1800.0,24.05,B
2021-06-18T13:09:00,5000.0,24.05,B
2021-06-18T13:08:57,400.0,24.0,S
2021-06-18T13:08:57,5000.0,24.0,S
2021-06-18T13:08:57,500.0,24.0,S
2021-06-18T13:08:57,6700.0,24.0,S
2021-06-18T13:08:57,13400.0,24.0,S
2021-06-18T13:08:54,1000.0,24.05,B
2021-06-18T13:08:54,500.0,24.05,B
2021-06-18T13:08:47,10000.0,24.05,B
2021-06-18T13:08:43,100.0,24.05,B
2021-06-18T13:08:38,500.0,24.05,B
2021-06-18T13:08:34,2000.0,24.05,B
2021-06-18T13:08:34,5300.0,24.0,S
2021-06-18T13:08:25,200.0,24.05,B
2021-06-18T13:08:03,1000.0,24.05,B
2021-06-18T13:08:03,500.0,24.05,B
2021-06-18T13:07:46,5000.0,24.05,B
2021-06-18T13:07:41,100.0,24.05,B
2021-06-18T13:07:37,10000.0,24.05,B
2021-06-18T13:07:35,3000.0,24.05,B
2021-06-18T13:07:32,5300.0,24.0,S
2021-06-18T13:07:09,300.0,24.05,B
2021-06-18T13:07:05,100.0,24.0,S
2021-06-18T13:07:05,1800.0,24.05,B
2021-06-18T13:07:00,1200.0,24.0,S
2021-06-18T13:07:00,1000.0,24.0,S
2021-06-18T13:06:56,200.0,24.0,S
2021-06-18T13:06:48,400.0,24.0,B
2021-06-18T13:06:42,500.0,24.0,B
2021-06-18T13:06:35,500.0,24.0,B
2021-06-18T13:06:30,5400.0,24.0,B
2021-06-18T13:06:30,1400.0,24.0,B
2021-06-18T13:06:04,600.0,24.0,B
2021-06-18T13:06:04,700.0,24.0,B
2021-06-18T13:06:04,1400.0,24.0,B
2021-06-18T13:06:04,4400.0,24.0,B
2021-06-18T13:06:04,500.0,24.0,B
2021-06-18T13:06:03,100.0,23.95,S
2021-06-18T13:05:46,200.0,23.95,S
2021-06-18T13:05:40,1000.0,23.95,S
2021-06-18T13:05:33,5400.0,23.95,S
2021-06-18T13:05:27,5000.0,24.0,B
2021-06-18T13:05:23,5000.0,24.0,B
2021-06-18T13:05:15,100.0,23.95,S
2021-06-18T13:05:15,2000.0,23.95,S
2021-06-18T13:05:14,5000.0,24.0,B
2021-06-18T13:05:02,2100.0,24.0,B
2021-06-18T13:05:02,1100.0,24.0,B
2021-06-18T13:05:01,300.0,24.0,B
2021-06-18T13:05:01,700.0,24.0,B
2021-06-18T13:05:01,1300.0,24.0,B
2021-06-18T13:05:01,2500.0,24.0,B
2021-06-18T13:05:01,500.0,24.0,B
2021-06-18T13:05:01,1000.0,24.0,B
2021-06-18T13:05:01,500.0,24.0,B
2021-06-18T13:04:54,1000.0,24.0,B
2021-06-18T13:04:52,300.0,24.0,B
2021-06-18T13:04:51,9700.0,24.0,B
2021-06-18T13:04:48,3900.0,23.95,S
2021-06-18T13:04:48,1100.0,23.95,S
2021-06-18T13:04:42,5400.0,23.95,S
2021-06-18T13:04:38,2000.0,23.95,S
2021-06-18T13:04:36,800.0,23.95,S
2021-06-18T13:04:29,2000.0,24.0,B
2021-06-18T13:04:25,300.0,24.0,B
2021-06-18T13:04:24,200.0,24.0,B
2021-06-18T13:04:20,200.0,24.0,B
2021-06-18T13:04:18,1200.0,23.95,S
2021-06-18T13:04:18,200.0,24.0,B
2021-06-18T13:04:18,1700.0,24.0,B
2021-06-18T13:04:14,600.0,24.0,B
2021-06-18T13:04:14,1500.0,24.0,B
2021-06-18T13:04:14,4100.0,24.0,B
2021-06-18T13:04:14,800.0,24.0,B
2021-06-18T13:04:14,1100.0,24.0,B
2021-06-18T13:04:14,1900.0,24.0,B
2021-06-18T13:04:10,3000.0,23.95,S
2021-06-18T13:04:09,100.0,24.0,B
2021-06-18T13:04:03,2500.0,23.95,S
2021-06-18T13:04:02,35300.0,24.0,B
2021-06-18T13:04:02,2500.0,24.0,B
2021-06-18T13:04:02,6200.0,24.0,B
2021-06-18T13:04:02,300.0,24.0,B
2021-06-18T13:04:01,5700.0,24.0,B
2021-06-18T13:03:53,2000.0,23.95,S
2021-06-18T13:03:52,1000.0,24.0,B
2021-06-18T13:03:52,200.0,23.95,S
2021-06-18T13:03:42,300.0,23.95,S
2021-06-18T13:03:23,5400.0,23.95,S
2021-06-18T13:03:04,1200.0,24.0,B
2021-06-18T13:03:03,100.0,23.95,S
2021-06-18T13:03:03,200.0,23.95,S
2021-06-18T13:02:38,5400.0,23.95,S
2021-06-18T13:02:30,100.0,23.95,S
2021-06-18T13:01:49,200.0,23.95,S
2021-06-18T13:01:45,3300.0,23.95,S
2021-06-18T13:01:21,5400.0,23.95,S
2021-06-18T13:01:01,1000.0,24.0,B
2021-06-18T13:00:44,100.0,24.0,B
2021-06-18T13:00:41,2000.0,23.95,S
2021-06-18T13:00:41,400.0,24.0,B
2021-06-18T13:00:40,1000.0,24.0,B
2021-06-18T13:00:40,800.0,24.0,B
2021-06-18T13:00:38,100.0,24.0,B
2021-06-18T13:00:35,1900.0,24.0,B
2021-06-18T13:00:35,200.0,24.0,B
2021-06-18T13:00:35,1000.0,24.0,B
2021-06-18T13:00:35,300.0,24.0,B
2021-06-18T13:00:34,700.0,24.0,B
2021-06-18T13:00:34,100.0,23.95,S
2021-06-18T13:00:32,100.0,24.0,B
2021-06-18T13:00:32,600.0,24.0,B
2021-06-18T13:00:31,100.0,24.0,B
2021-06-18T13:00:31,2100.0,24.0,B
2021-06-18T13:00:29,1000.0,23.9,S
2021-06-18T13:00:29,500.0,24.0,B
2021-06-18T13:00:27,100.0,23.95,S
2021-06-18T13:00:27,1600.0,23.95,S
2021-06-18T13:00:27,400.0,24.0,B
2021-06-18T11:30:11,5000.0,24.0,B
2021-06-18T11:30:11,500.0,23.95,S
2021-06-18T11:30:06,900.0,23.9,S
2021-06-18T11:29:57,1000.0,23.95,B
2021-06-18T11:29:45,100.0,23.95,B
2021-06-18T11:29:30,500.0,23.95,B
2021-06-18T11:29:21,4000.0,23.95,B
2021-06-18T11:29:10,2000.0,23.95,B
2021-06-18T11:29:06,400.0,23.9,S
2021-06-18T11:29:06,100.0,23.95,B
2021-06-18T11:28:41,1000.0,23.95,B
2021-06-18T11:28:27,2000.0,23.95,B
2021-06-18T11:28:17,800.0,23.95,B
2021-06-18T11:28:13,100.0,23.95,B
2021-06-18T11:28:08,2500.0,23.9,S
2021-06-18T11:27:58,100.0,23.95,B
2021-06-18T11:27:33,13100.0,23.95,B
2021-06-18T11:27:33,700.0,23.95,B
2021-06-18T11:27:33,5000.0,23.95,B
2021-06-18T11:27:29,2000.0,23.9,S
2021-06-18T11:27:26,1400.0,23.9,S
2021-06-18T11:27:10,400.0,23.9,S
2021-06-18T11:27:10,2000.0,23.9,S
2021-06-18T11:27:08,2000.0,23.9,S
2021-06-18T11:27:07,100.0,23.9,S
2021-06-18T11:26:45,1000.0,23.9,S
2021-06-18T11:26:38,100.0,23.95,B
2021-06-18T11:26:36,100.0,23.95,B
2021-06-18T11:26:35,4000.0,23.9,S
2021-06-18T11:26:12,1000.0,23.9,S
2021-06-18T11:26:12,1400.0,23.9,S
2021-06-18T11:25:33,300.0,23.9,S
2021-06-18T11:25:33,1700.0,23.9,S
2021-06-18T11:25:32,1000.0,23.9,S
2021-06-18T11:25:17,400.0,23.9,S
2021-06-18T11:25:17,300.0,23.9,S
2021-06-18T11:25:17,1700.0,23.9,S
2021-06-18T11:25:15,6000.0,23.9,S
2021-06-18T11:24:53,500.0,23.9,S
2021-06-18T11:24:38,1000.0,23.9,S
2021-06-18T11:24:34,300.0,23.95,B
2021-06-18T11:24:34,100.0,23.9,S
2021-06-18T11:24:30,400.0,23.9,S
2021-06-18T11:24:13,800.0,23.9,S
2021-06-18T11:24:13,1500.0,23.9,S
2021-06-18T11:24:11,100.0,23.9,S
2021-06-18T11:23:58,100.0,23.9,S
2021-06-18T11:23:53,500.0,23.9,S
2021-06-18T11:23:52,100.0,23.95,B
2021-06-18T11:23:18,2400.0,23.9,S
2021-06-18T11:22:51,3000.0,23.9,S
2021-06-18T11:22:36,100.0,23.9,S
2021-06-18T11:22:36,100.0,23.9,S
2021-06-18T11:22:36,4800.0,23.9,S
2021-06-18T11:22:16,2400.0,23.9,S
2021-06-18T11:22:08,100.0,23.9,S
2021-06-18T11:22:02,100.0,23.9,S
2021-06-18T11:21:59,6000.0,23.9,S
2021-06-18T11:21:59,3400.0,23.9,S
2021-06-18T11:21:59,800.0,23.9,S
2021-06-18T11:21:59,1300.0,23.9,S
2021-06-18T11:21:59,7000.0,23.9,S
2021-06-18T11:21:59,1300.0,23.9,S
2021-06-18T11:21:59,8100.0,23.9,S
2021-06-18T11:21:59,7200.0,23.9,S
2021-06-18T11:21:59,1200.0,23.9,S
2021-06-18T11:21:59,200.0,23.9,S
2021-06-18T11:21:58,10200.0,23.9,S
2021-06-18T11:21:58,2600.0,23.9,S
2021-06-18T11:21:58,700.0,23.9,S
2021-06-18T11:21:45,3900.0,23.9,S
2021-06-18T11:21:42,1000.0,23.95,B
2021-06-18T11:21:41,4300.0,23.9,S
2021-06-18T11:21:40,4300.0,23.9,S
2021-06-18T11:21:36,200.0,23.9,S
2021-06-18T11:21:20,4200.0,23.9,S
2021-06-18T11:20:53,1000.0,23.9,S
2021-06-18T11:20:48,100.0,23.95,B
2021-06-18T11:20:37,2000.0,23.9,S
2021-06-18T11:20:36,200.0,23.9,S
2021-06-18T11:20:21,4200.0,23.9,S
2021-06-18T11:19:57,4200.0,23.9,S
2021-06-18T11:19:57,700.0,23.9,S
2021-06-18T11:19:57,5100.0,23.9,S
2021-06-18T11:19:56,100.0,23.9,S
2021-06-18T11:19:55,2000.0,23.95,B
2021-06-18T11:19:46,1000.0,23.9,S
2021-06-18T11:19:20,4200.0,23.9,S
2021-06-18T11:19:19,5000.0,23.9,S
2021-06-18T11:19:12,500.0,23.9,S
2021-06-18T11:18:56,500.0,23.95,B
2021-06-18T11:18:34,2800.0,23.9,S
2021-06-18T11:18:23,4000.0,23.9,S
2021-06-18T11:18:23,300.0,23.9,S
2021-06-18T11:18:23,3900.0,23.9,S
2021-06-18T11:18:12,700.0,23.9,S
2021-06-18T11:18:09,1000.0,23.9,S
2021-06-18T11:17:58,700.0,23.9,S
2021-06-18T11:17:51,100.0,23.95,B
2021-06-18T11:17:44,100.0,23.95,B
2021-06-18T11:17:41,100.0,23.9,S
2021-06-18T11:17:25,4100.0,23.9,S
2021-06-18T11:17:21,100.0,23.95,B
2021-06-18T11:17:09,1000.0,23.95,B
2021-06-18T11:16:56,200.0,23.95,S
2021-06-18T11:16:56,100.0,23.95,S
2021-06-18T11:16:50,200.0,23.9,S
2021-06-18T11:16:50,2700.0,23.9,S
2021-06-18T11:16:50,100.0,23.9,S
2021-06-18T11:16:42,500.0,23.95,S
2021-06-18T11:16:42,2000.0,23.95,S
2021-06-18T11:16:39,300.0,23.95,S
2021-06-18T11:16:31,4100.0,23.95,S
2021-06-18T11:16:01,100.0,23.95,S
2021-06-18T11:15:49,1700.0,23.95,B
2021-06-18T11:15:36,3900.0,23.95,S
2021-06-18T11:15:26,400.0,23.95,S
2021-06-18T11:15:26,300.0,23.95,S
2021-06-18T11:15:26,3400.0,23.95,S
2021-06-18T11:15:25,300.0,23.95,S
2021-06-18T11:14:28,2300.0,23.95,S
2021-06-18T11:14:28,1800.0,23.95,S
2021-06-18T11:14:20,5000.0,24.0,B
2021-06-18T11:14:03,300.0,23.95,B
2021-06-18T11:13:55,100.0,23.95,B
2021-06-18T11:13:41,2000.0,23.95,S
2021-06-18T11:13:40,1000.0,23.95,S
2021-06-18T11:13:36,900.0,23.95,S
2021-06-18T11:13:33,1000.0,23.95,S
2021-06-18T11:13:29,4400.0,23.95,S
2021-06-18T11:13:23,3700.0,23.95,B
2021-06-18T11:13:23,1400.0,23.95,B
2021-06-18T11:13:17,500.0,23.95,B
2021-06-18T11:13:05,200.0,23.95,B
2021-06-18T11:13:02,4000.0,23.95,B
2021-06-18T11:12:46,1100.0,23.95,S
2021-06-18T11:12:43,900.0,23.95,B
2021-06-18T11:12:43,100.0,23.9,S
2021-06-18T11:12:39,49100.0,23.95,S
2021-06-18T11:12:31,10900.0,23.95,B
2021-06-18T11:12:28,3500.0,23.9,S
2021-06-18T11:12:28,100.0,23.9,S
2021-06-18T11:12:28,600.0,23.9,S
2021-06-18T11:12:28,200.0,23.9,S
2021-06-18T11:12:27,300.0,23.9,S
2021-06-18T11:12:26,300.0,23.9,S
2021-06-18T11:12:22,100.0,23.95,B
2021-06-18T11:11:36,400.0,23.9,S
2021-06-18T11:11:31,4400.0,23.9,S
2021-06-18T11:11:04,100.0,23.9,S
2021-06-18T11:10:58,100.0,23.9,S
2021-06-18T11:10:49,300.0,23.9,S
2021-06-18T11:10:43,100.0,23.95,B
2021-06-18T11:10:36,1400.0,23.9,S
2021-06-18T11:10:36,400.0,23.9,S
2021-06-18T11:10:35,300.0,23.9,S
2021-06-18T11:10:35,900.0,23.9,S
2021-06-18T11:10:35,1400.0,23.9,S
2021-06-18T11:10:35,100.0,23.9,S
2021-06-18T11:10:28,1000.0,23.9,S
2021-06-18T11:10:28,1100.0,23.9,S
2021-06-18T11:10:22,800.0,23.9,S
2021-06-18T11:10:22,1700.0,23.9,S
2021-06-18T11:10:21,100.0,23.95,B
2021-06-18T11:09:33,4400.0,23.9,S
2021-06-18T11:09:30,1500.0,23.95,B
2021-06-18T11:09:18,800.0,23.9,S
2021-06-18T11:09:16,500.0,23.95,B
2021-06-18T11:08:40,100.0,23.9,S
2021-06-18T11:08:36,4200.0,23.9,S
2021-06-18T11:08:34,200.0,23.9,S
2021-06-18T11:07:48,5000.0,23.95,B
2021-06-18T11:07:37,4400.0,23.9,S
2021-06-18T11:07:26,1000.0,23.9,S
2021-06-18T11:07:18,200.0,23.9,S
2021-06-18T11:07:07,400.0,23.95,B
2021-06-18T11:06:41,2100.0,23.9,S
2021-06-18T11:06:41,100.0,23.9,S
2021-06-18T11:06:41,2200.0,23.9,S
2021-06-18T11:06:35,500.0,23.9,S
2021-06-18T11:06:18,100.0,23.9,S
2021-06-18T11:05:39,1700.0,23.9,S
2021-06-18T11:05:39,100.0,23.9,S
2021-06-18T11:05:39,2600.0,23.9,S
2021-06-18T11:05:33,1300.0,23.95,B
2021-06-18T11:05:19,1000.0,23.95,B
2021-06-18T11:04:56,500.0,23.95,B
2021-06-18T11:04:51,300.0,23.95,B
2021-06-18T11:04:49,1500.0,23.95,B
2021-06-18T11:04:46,2000.0,23.9,S
2021-06-18T11:04:39,1700.0,23.9,S
2021-06-18T11:04:39,2700.0,23.9,S
2021-06-18T11:04:20,200.0,23.95,B
2021-06-18T11:04:13,1600.0,23.9,S
2021-06-18T11:04:01,1500.0,23.95,B
2021-06-18T11:03:41,4700.0,23.9,S
2021-06-18T11:03:33,100.0,23.9,S
2021-06-18T11:03:28,2200.0,23.95,B
2021-06-18T11:03:16,100.0,23.95,B
2021-06-18T11:03:15,1200.0,23.9,S
2021-06-18T11:03:15,200.0,23.9,S
2021-06-18T11:03:15,1500.0,23.9,S
2021-06-18T11:03:15,1000.0,23.9,S
2021-06-18T11:03:15,600.0,23.9,S
2021-06-18T11:03:15,2000.0,23.9,S
2021-06-18T11:03:15,1600.0,23.9,S
2021-06-18T11:03:15,1200.0,23.9,S
2021-06-18T11:03:15,700.0,23.9,S
2021-06-18T11:03:08,400.0,23.9,S
2021-06-18T11:03:08,100.0,23.9,S
2021-06-18T11:03:04,2500.0,23.95,B
2021-06-18T11:03:02,2000.0,23.95,B
2021-06-18T11:02:58,2000.0,23.9,S
2021-06-18T11:02:58,1200.0,23.9,S
2021-06-18T11:02:48,300.0,23.9,S
2021-06-18T11:02:40,100.0,23.9,S
2021-06-18T11:02:40,3900.0,23.9,S
2021-06-18T11:02:39,200.0,23.95,B
2021-06-18T11:02:37,3000.0,23.9,S
2021-06-18T11:02:30,1000.0,23.95,B
2021-06-18T11:02:25,900.0,23.9,S
2021-06-18T11:02:10,3200.0,23.9,S
2021-06-18T11:01:58,3000.0,23.9,S
2021-06-18T11:01:52,700.0,23.9,S
2021-06-18T11:01:46,4600.0,23.9,S
2021-06-18T11:01:41,100.0,23.9,S
2021-06-18T11:01:22,600.0,23.9,S
2021-06-18T11:01:21,100.0,23.95,B
2021-06-18T11:01:18,600.0,23.9,S
2021-06-18T11:01:18,100.0,23.9,S
2021-06-18T11:01:17,1400.0,23.9,S
2021-06-18T11:01:17,1900.0,23.9,S
2021-06-18T11:01:17,100.0,23.9,S
2021-06-18T11:01:17,400.0,23.9,S
2021-06-18T11:01:17,1300.0,23.9,S
2021-06-18T11:01:12,500.0,23.9,S
2021-06-18T11:01:04,1600.0,23.95,B
2021-06-18T11:00:53,2400.0,23.9,S
2021-06-18T11:00:53,400.0,23.9,S
2021-06-18T11:00:53,1800.0,23.9,S
2021-06-18T11:00:53,300.0,23.9,S
2021-06-18T11:00:45,100.0,23.95,B
2021-06-18T11:00:40,1000.0,23.9,S
2021-06-18T11:00:34,5000.0,23.95,B
2021-06-18T11:00:16,100.0,23.95,B
2021-06-18T11:00:12,500.0,23.9,S
2021-06-18T11:00:10,500.0,23.95,B
2021-06-18T10:59:46,1000.0,23.95,B
2021-06-18T10:59:42,500.0,23.95,B
2021-06-18T10:59:26,200.0,23.95,B
2021-06-18T10:59:19,100.0,23.95,B
2021-06-18T10:59:18,900.0,23.95,B
2021-06-18T10:59:00,500.0,23.95,B
2021-06-18T10:58:57,100.0,23.95,B
2021-06-18T10:58:50,600.0,23.95,S
2021-06-18T10:58:50,700.0,23.95,S
2021-06-18T10:58:41,2000.0,23.95,S
2021-06-18T10:58:02,4000.0,23.95,S
2021-06-18T10:58:01,2000.0,23.95,S
2021-06-18T10:57:57,100.0,24.0,B
2021-06-18T10:57:31,3000.0,23.95,S
2021-06-18T10:57:31,1000.0,24.0,B
2021-06-18T10:57:22,300.0,24.0,B
2021-06-18T10:57:17,300.0,24.0,B
2021-06-18T10:57:14,500.0,24.0,B
2021-06-18T10:57:12,1000.0,24.0,B
2021-06-18T10:57:12,600.0,24.0,B
2021-06-18T10:56:56,100.0,24.0,B
2021-06-18T10:56:47,200.0,24.0,B
2021-06-18T10:56:36,100.0,24.0,B
2021-06-18T10:55:44,100.0,24.0,B
2021-06-18T10:55:32,1000.0,24.0,B
2021-06-18T10:55:09,100.0,24.0,B
2021-06-18T10:55:07,100.0,24.0,B
2021-06-18T10:55:06,100.0,24.0,B
2021-06-18T10:54:48,3000.0,24.0,S
2021-06-18T10:54:48,200.0,24.0,S
2021-06-18T10:54:48,6700.0,24.0,S
2021-06-18T10:54:43,100.0,24.0,S
2021-06-18T10:54:37,1000.0,24.0,S
2021-06-18T10:54:33,1000.0,24.0,S
2021-06-18T10:54:31,2700.0,24.0,S
2021-06-18T10:54:31,1300.0,24.0,S
2021-06-18T10:54:27,100.0,24.0,S
2021-06-18T10:54:06,100.0,24.0,S
2021-06-18T10:54:03,3600.0,24.0,S
2021-06-18T10:54:00,400.0,24.0,S
2021-06-18T10:53:58,200.0,24.0,S
2021-06-18T10:53:51,200.0,24.0,S
2021-06-18T10:53:51,1200.0,24.0,S
2021-06-18T10:53:51,2200.0,24.0,S
2021-06-18T10:53:51,1600.0,24.0,S
2021-06-18T10:53:51,400.0,24.0,S
2021-06-18T10:53:44,800.0,24.0,S
2021-06-18T10:53:39,400.0,24.0,S
2021-06-18T10:53:36,300.0,24.05,B
2021-06-18T10:53:20,2000.0,24.0,S
2021-06-18T10:53:10,1800.0,24.0,S
2021-06-18T10:53:10,400.0,24.0,S
2021-06-18T10:53:10,1400.0,24.0,S
2021-06-18T10:52:59,2000.0,24.0,S
2021-06-18T10:52:51,100.0,24.0,S
2021-06-18T10:52:42,200.0,24.0,S
2021-06-18T10:52:33,1500.0,24.0,S
2021-06-18T10:52:32,8000.0,24.0,S
2021-06-18T10:52:29,300.0,24.0,S
2021-06-18T10:52:26,700.0,24.0,S
2021-06-18T10:52:23,1000.0,24.0,S
2021-06-18T10:52:21,100.0,24.05,B
2021-06-18T10:52:16,3600.0,24.0,S
2021-06-18T10:52:11,1000.0,24.0,S
2021-06-18T10:51:41,100.0,24.0,S
2021-06-18T10:51:32,100.0,24.05,B
2021-06-18T10:51:17,1500.0,24.0,S
2021-06-18T10:51:12,100.0,24.0,S
2021-06-18T10:51:11,3600.0,24.0,S
2021-06-18T10:51:02,100.0,24.05,B
2021-06-18T10:51:01,1000.0,24.0,S
2021-06-18T10:50:59,500.0,24.05,B
2021-06-18T10:50:37,500.0,24.0,S
2021-06-18T10:50:35,200.0,24.0,S
2021-06-18T10:50:24,7700.0,24.0,S
2021-06-18T10:50:24,300.0,24.0,S
2021-06-18T10:50:18,3600.0,24.0,S
2021-06-18T10:49:57,200.0,24.05,B
2021-06-18T10:49:51,1000.0,24.0,S
2021-06-18T10:49:49,200.0,24.0,S
2021-06-18T10:49:49,1000.0,24.0,S
2021-06-18T10:49:49,3000.0,24.0,S
2021-06-18T10:49:49,400.0,24.0,S
2021-06-18T10:49:38,200.0,24.0,S
2021-06-18T10:49:26,500.0,24.0,S
2021-06-18T10:49:23,900.0,24.0,S
2021-06-18T10:49:14,500.0,24.0,S
2021-06-18T10:49:13,3200.0,24.0,S
2021-06-18T10:49:13,100.0,24.0,S
2021-06-18T10:49:13,100.0,24.0,S
2021-06-18T10:49:13,500.0,24.0,S
2021-06-18T10:49:13,300.0,24.0,S
2021-06-18T10:49:13,300.0,24.0,S
2021-06-18T10:49:13,2300.0,24.0,S
2021-06-18T10:49:08,3600.0,24.0,S
2021-06-18T10:49:07,100.0,24.0,S
2021-06-18T10:48:41,200.0,24.0,S
2021-06-18T10:48:36,200.0,24.05,S
2021-06-18T10:48:25,2800.0,24.0,S
2021-06-18T10:48:16,2100.0,24.0,S
2021-06-18T10:47:47,1000.0,24.0,S
2021-06-18T10:47:47,100.0,24.05,S
2021-06-18T10:47:28,100.0,24.05,S
2021-06-18T10:47:27,500.0,24.0,S
2021-06-18T10:47:21,3400.0,24.05,S
2021-06-18T10:47:18,400.0,24.05,S
2021-06-18T10:47:18,400.0,24.05,S
2021-06-18T10:47:18,200.0,24.05,S
2021-06-18T10:47:17,2700.0,24.05,S
2021-06-18T10:47:17,10000.0,24.05,S
2021-06-18T10:47:13,500.0,24.05,S
2021-06-18T10:47:05,1000.0,24.05,S
2021-06-18T10:46:38,10000.0,24.05,S
2021-06-18T10:46:28,100.0,24.05,S
2021-06-18T10:46:21,3700.0,24.05,S
2021-06-18T10:46:03,4500.0,24.1,B
2021-06-18T10:45:21,2000.0,24.1,S
2021-06-18T10:45:21,300.0,24.1,S
2021-06-18T10:45:20,700.0,24.1,S
2021-06-18T10:44:32,100.0,24.15,B
2021-06-18T10:44:31,500.0,24.1,S
2021-06-18T10:44:25,200.0,24.1,S
2021-06-18T10:44:25,200.0,24.1,S
2021-06-18T10:44:24,3300.0,24.1,S
2021-06-18T10:44:18,100.0,24.1,S
2021-06-18T10:44:01,500.0,24.15,B
2021-06-18T10:43:59,1000.0,24.15,B
2021-06-18T10:43:55,100.0,24.1,S
2021-06-18T10:43:55,1200.0,24.1,S
2021-06-18T10:43:54,6300.0,24.1,S
2021-06-18T10:43:53,700.0,24.1,S
2021-06-18T10:43:44,1000.0,24.1,S
2021-06-18T10:43:34,500.0,24.1,S
2021-06-18T10:43:26,300.0,24.1,S
2021-06-18T10:43:23,3700.0,24.1,S
2021-06-18T10:43:22,300.0,24.1,S
2021-06-18T10:43:21,700.0,24.1,S
2021-06-18T10:43:12,100.0,24.1,S
2021-06-18T10:43:11,200.0,24.1,S
2021-06-18T10:43:07,500.0,24.1,S
2021-06-18T10:43:06,200.0,24.1,S
2021-06-18T10:43:00,1000.0,24.1,S
2021-06-18T10:42:50,1000.0,24.1,S
2021-06-18T10:42:47,500.0,24.1,S
2021-06-18T10:42:40,8000.0,24.1,S
2021-06-18T10:42:37,800.0,24.1,S
2021-06-18T10:42:25,5000.0,24.1,S
2021-06-18T10:42:24,3700.0,24.1,S
2021-06-18T10:42:23,500.0,24.1,S
2021-06-18T10:42:03,500.0,24.1,S
2021-06-18T10:42:01,200.0,24.1,S
2021-06-18T10:41:50,100.0,24.1,S
2021-06-18T10:41:46,500.0,24.1,S
2021-06-18T10:41:44,3400.0,24.1,S
2021-06-18T10:41:37,100.0,24.1,S
2021-06-18T10:41:35,1400.0,24.1,S
2021-06-18T10:41:27,8500.0,24.1,S
2021-06-18T10:41:26,100.0,24.15,B
2021-06-18T10:41:24,3700.0,24.1,S
2021-06-18T10:41:22,7300.0,24.1,S
2021-06-18T10:41:21,200.0,24.15,B
2021-06-18T10:41:20,5000.0,24.1,S
2021-06-18T10:41:13,10300.0,24.1,S
2021-06-18T10:41:08,5000.0,24.1,S
2021-06-18T10:41:08,5000.0,24.1,S
2021-06-18T10:41:07,3000.0,24.1,S
2021-06-18T10:41:03,1000.0,24.1,S
2021-06-18T10:41:01,3700.0,24.1,S
2021-06-18T10:40:56,2800.0,24.1,S
2021-06-18T10:40:54,2800.0,24.1,S
2021-06-18T10:40:54,200.0,24.1,S
2021-06-18T10:40:54,600.0,24.1,S
2021-06-18T10:40:54,1000.0,24.1,S
2021-06-18T10:40:52,600.0,24.1,S
2021-06-18T10:40:52,200.0,24.1,S
2021-06-18T10:40:52,200.0,24.1,S
2021-06-18T10:40:52,100.0,24.1,S
2021-06-18T10:40:52,100.0,24.1,S
2021-06-18T10:40:51,400.0,24.1,S
2021-06-18T10:40:51,100.0,24.1,S
2021-06-18T10:40:51,2300.0,24.1,S
2021-06-18T10:40:29,500.0,24.1,S
2021-06-18T10:40:29,400.0,24.1,S
2021-06-18T10:40:28,2100.0,24.1,S
2021-06-18T10:40:28,700.0,24.1,S
2021-06-18T10:40:24,2800.0,24.1,S
2021-06-18T10:40:21,300.0,24.1,S
2021-06-18T10:40:21,2900.0,24.1,S
2021-06-18T10:40:11,3400.0,24.1,S
2021-06-18T10:40:11,3400.0,24.1,S
2021-06-18T10:40:11,700.0,24.1,S
2021-06-18T10:40:09,3400.0,24.1,S
2021-06-18T10:39:59,4000.0,24.1,S
2021-06-18T10:39:49,2000.0,24.1,S
2021-06-18T10:39:47,100.0,24.1,S
2021-06-18T10:39:44,11000.0,24.1,S
2021-06-18T10:39:29,3700.0,24.1,S
2021-06-18T10:39:10,1000.0,24.1,S
2021-06-18T10:39:07,1000.0,24.1,S
2021-06-18T10:39:01,3000.0,24.1,S
2021-06-18T10:38:47,100.0,24.1,S
2021-06-18T10:38:39,12000.0,24.1,S
2021-06-18T10:38:32,2600.0,24.1,S
2021-06-18T10:38:32,300.0,24.1,S
2021-06-18T10:38:31,500.0,24.1,S
2021-06-18T10:38:31,14700.0,24.1,S
2021-06-18T10:38:30,3700.0,24.1,S
2021-06-18T10:38:27,1000.0,24.1,S
2021-06-18T10:38:23,1000.0,24.1,S
2021-06-18T10:38:22,1000.0,24.1,S
2021-06-18T10:38:17,900.0,24.15,B
2021-06-18T10:38:12,900.0,24.1,S
2021-06-18T10:38:07,300.0,24.1,S
2021-06-18T10:38:07,2000.0,24.1,S
2021-06-18T10:38:06,300.0,24.1,S
2021-06-18T10:37:58,1000.0,24.1,S
2021-06-18T10:37:44,200.0,24.1,S
2021-06-18T10:37:42,800.0,24.1,S
2021-06-18T10:37:35,3000.0,24.1,S
2021-06-18T10:37:32,3700.0,24.1,S
2021-06-18T10:37:27,700.0,24.1,S
2021-06-18T10:37:18,300.0,24.1,S
2021-06-18T10:37:15,2000.0,24.1,S
2021-06-18T10:36:41,1000.0,24.1,S
2021-06-18T10:36:39,100.0,24.1,S
2021-06-18T10:36:36,1300.0,24.1,S
2021-06-18T10:36:34,3700.0,24.1,S
2021-06-18T10:36:31,10000.0,24.15,B
2021-06-18T10:36:24,10000.0,24.1,S
2021-06-18T10:36:11,4000.0,24.1,S
2021-06-18T10:36:02,1000.0,24.1,S
2021-06-18T10:35:37,200.0,24.1,S
2021-06-18T10:35:35,3700.0,24.1,S
2021-06-18T10:35:18,500.0,24.1,S
2021-06-18T10:35:00,1000.0,24.15,B
2021-06-18T10:34:54,100.0,24.1,S
2021-06-18T10:34:43,3900.0,24.1,S
2021-06-18T10:34:40,1000.0,24.15,B
2021-06-18T10:34:38,3800.0,24.1,S
2021-06-18T10:34:29,4300.0,24.1,S
2021-06-18T10:34:26,600.0,24.15,B
2021-06-18T10:34:20,500.0,24.1,S
2021-06-18T10:34:08,3000.0,24.15,B
2021-06-18T10:34:07,4300.0,24.1,S
2021-06-18T10:34:04,4300.0,24.1,S
2021-06-18T10:34:01,4300.0,24.1,S
2021-06-18T10:33:56,4300.0,24.1,S
2021-06-18T10:33:51,2000.0,24.15,B
2021-06-18T10:33:38,4200.0,24.1,S
2021-06-18T10:33:33,1000.0,24.15,B
2021-06-18T10:33:32,600.0,24.1,S
2021-06-18T10:32:50,3200.0,24.15,B
2021-06-18T10:32:41,4200.0,24.1,S
2021-06-18T10:32:40,100.0,24.1,S
2021-06-18T10:32:32,100.0,24.15,B
2021-06-18T10:32:26,3300.0,24.1,S
2021-06-18T10:31:51,2000.0,24.15,B
2021-06-18T10:31:47,3800.0,24.1,S
2021-06-18T10:31:33,100.0,24.1,S
2021-06-18T10:31:28,2000.0,24.1,S
2021-06-18T10:31:22,500.0,24.1,S
2021-06-18T10:31:09,100.0,24.1,S
2021-06-18T10:31:09,600.0,24.1,S
2021-06-18T10:31:04,1000.0,24.1,S
2021-06-18T10:30:55,200.0,24.15,B
2021-06-18T10:30:49,3800.0,24.1,S
2021-06-18T10:30:46,1200.0,24.1,S
2021-06-18T10:30:39,200.0,24.1,S
2021-06-18T10:30:27,300.0,24.1,S
2021-06-18T10:30:26,2500.0,24.1,S
2021-06-18T10:30:24,1000.0,24.1,S
2021-06-18T10:30:20,500.0,24.1,S
2021-06-18T10:30:17,1000.0,24.1,S
2021-06-18T10:30:03,300.0,24.1,S
2021-06-18T10:29:51,3800.0,24.1,S
2021-06-18T10:29:33,700.0,24.1,S
2021-06-18T10:29:28,2200.0,24.1,S
2021-06-18T10:29:23,300.0,24.1,S
2021-06-18T10:29:16,2000.0,24.1,S
2021-06-18T10:29:09,300.0,24.1,S
2021-06-18T10:29:08,3000.0,24.1,S
2021-06-18T10:29:05,500.0,24.1,S
2021-06-18T10:29:00,900.0,24.1,S
2021-06-18T10:28:51,1000.0,24.1,S
2021-06-18T10:28:51,2300.0,24.1,S
2021-06-18T10:28:51,1500.0,24.1,S
2021-06-18T10:28:50,1000.0,24.1,S
2021-06-18T10:28:50,100.0,24.1,S
2021-06-18T10:28:47,100.0,24.1,S
2021-06-18T10:28:41,4000.0,24.1,S
2021-06-18T10:28:28,100.0,24.1,S
2021-06-18T10:28:17,100.0,24.1,S
2021-06-18T10:28:15,300.0,24.1,S
2021-06-18T10:28:01,4600.0,24.1,S
2021-06-18T10:28:01,200.0,24.1,S
2021-06-18T10:28:00,200.0,24.1,S
2021-06-18T10:27:55,500.0,24.1,S
2021-06-18T10:27:48,3800.0,24.1,S
2021-06-18T10:27:24,800.0,24.1,S
2021-06-18T10:27:21,500.0,24.15,S
2021-06-18T10:27:14,200.0,24.1,S
2021-06-18T10:27:14,500.0,24.15,S
2021-06-18T10:27:00,500.0,24.15,S
2021-06-18T10:27:00,5700.0,24.15,S
2021-06-18T10:27:00,900.0,24.15,S
2021-06-18T10:26:59,100.0,24.15,S
2021-06-18T10:26:59,5600.0,24.15,S
2021-06-18T10:26:59,3900.0,24.15,S
2021-06-18T10:26:59,15400.0,24.15,S
2021-06-18T10:26:50,3700.0,24.15,S
2021-06-18T10:26:44,800.0,24.2,B
2021-06-18T10:26:33,700.0,24.2,B
2021-06-18T10:26:30,200.0,24.15,S
2021-06-18T10:26:29,200.0,24.15,S
2021-06-18T10:26:28,400.0,24.15,S
2021-06-18T10:26:24,1000.0,24.15,S
2021-06-18T10:26:20,200.0,24.15,S
2021-06-18T10:26:17,200.0,24.15,S
2021-06-18T10:26:09,500.0,24.15,S
2021-06-18T10:26:01,100.0,24.15,S
2021-06-18T10:26:01,5000.0,24.15,S
2021-06-18T10:25:56,5000.0,24.15,S
2021-06-18T10:25:56,3800.0,24.15,S
2021-06-18T10:25:54,100.0,24.15,S
2021-06-18T10:25:44,1000.0,24.15,S
2021-06-18T10:25:37,2000.0,24.15,S
2021-06-18T10:25:27,500.0,24.15,S
2021-06-18T10:25:16,3000.0,24.15,S
2021-06-18T10:25:15,800.0,24.15,S
2021-06-18T10:25:10,1300.0,24.15,S
2021-06-18T10:24:59,5000.0,24.15,S
2021-06-18T10:24:58,100.0,24.15,S
2021-06-18T10:24:53,3800.0,24.15,S
2021-06-18T10:24:50,1900.0,24.15,S
2021-06-18T10:24:24,700.0,24.15,S
2021-06-18T10:24:23,300.0,24.15,S
2021-06-18T10:24:23,200.0,24.15,S
2021-06-18T10:24:14,2400.0,24.15,S
2021-06-18T10:23:58,200.0,24.15,S
2021-06-18T10:23:56,4000.0,24.15,S
2021-06-18T10:23:43,500.0,24.15,S
2021-06-18T10:23:38,1000.0,24.15,S
2021-06-18T10:23:32,500.0,24.15,S
2021-06-18T10:23:32,400.0,24.2,B
2021-06-18T10:23:22,2000.0,24.15,S
2021-06-18T10:22:56,500.0,24.15,S
2021-06-18T10:22:56,3800.0,24.15,S
2021-06-18T10:22:49,100.0,24.15,S
2021-06-18T10:22:46,100.0,24.2,B
2021-06-18T10:22:41,300.0,24.2,B
2021-06-18T10:22:39,10000.0,24.2,B
2021-06-18T10:22:39,1000.0,24.15,S
2021-06-18T10:22:36,500.0,24.2,B
2021-06-18T10:22:33,300.0,24.2,B
2021-06-18T10:22:31,200.0,24.2,B
2021-06-18T10:22:09,100.0,24.2,B
2021-06-18T10:22:07,400.0,24.2,B
2021-06-18T10:22:04,1000.0,24.15,S
2021-06-18T10:22:02,3900.0,24.15,S
2021-06-18T10:21:44,4200.0,24.2,B
2021-06-18T10:21:42,5000.0,24.25,B
2021-06-18T10:21:40,200.0,24.25,B
2021-06-18T10:21:40,3600.0,24.25,B
2021-06-18T10:21:40,800.0,24.25,B
2021-06-18T10:21:40,700.0,24.25,B
2021-06-18T10:21:40,1100.0,24.25,B
2021-06-18T10:21:40,600.0,24.25,B
2021-06-18T10:21:40,700.0,24.25,B
2021-06-18T10:21:39,1400.0,24.25,B
2021-06-18T10:21:39,12100.0,24.2,B
2021-06-18T10:21:31,18000.0,24.2,B
2021-06-18T10:21:31,1500.0,24.2,B
2021-06-18T10:21:31,1000.0,24.2,B
2021-06-18T10:21:28,200.0,24.2,B
2021-06-18T10:21:28,1000.0,24.2,B
2021-06-18T10:21:27,100.0,24.2,B
2021-06-18T10:21:21,5000.0,24.2,B
2021-06-18T10:21:19,1000.0,24.2,B
2021-06-18T10:21:13,200.0,24.2,B
2021-06-18T10:21:13,1000.0,24.2,B
2021-06-18T10:21:13,9500.0,24.2,B
2021-06-18T10:21:13,5200.0,24.2,B
2021-06-18T10:21:13,3000.0,24.2,B
2021-06-18T10:21:13,1300.0,24.2,B
2021-06-18T10:21:13,100.0,24.2,B
2021-06-18T10:21:12,3000.0,24.2,B
2021-06-18T10:21:11,1000.0,24.2,B
2021-06-18T10:21:10,100.0,24.15,S
2021-06-18T10:21:04,200.0,24.2,B
2021-06-18T10:20:59,3900.0,24.15,S
2021-06-18T10:20:52,4000.0,24.2,B
2021-06-18T10:20:48,100.0,24.2,B
2021-06-18T10:20:34,5000.0,24.2,B
2021-06-18T10:20:32,3000.0,24.2,B
2021-06-18T10:20:30,2700.0,24.2,B
2021-06-18T10:20:28,1000.0,24.15,S
2021-06-18T10:20:04,1000.0,24.2,S
2021-06-18T10:19:52,500.0,24.15,S
2021-06-18T10:19:51,3500.0,24.2,S
2021-06-18T10:19:51,13000.0,24.2,S
2021-06-18T10:19:42,200.0,24.2,S
2021-06-18T10:19:24,2000.0,24.2,S
2021-06-18T10:19:20,200.0,24.2,S
2021-06-18T10:19:19,100.0,24.2,S
2021-06-18T10:19:19,100.0,24.2,S
2021-06-18T10:19:19,200.0,24.25,B
2021-06-18T10:19:14,20000.0,24.2,S
2021-06-18T10:19:08,100.0,24.2,S
2021-06-18T10:19:05,3300.0,24.2,S
2021-06-18T10:19:04,700.0,24.2,S
2021-06-18T10:19:02,500.0,24.2,S
2021-06-18T10:19:00,400.0,24.25,B
2021-06-18T10:18:58,500.0,24.2,S
2021-06-18T10:18:56,200.0,24.2,S
2021-06-18T10:18:55,100.0,24.2,S
2021-06-18T10:18:51,1000.0,24.2,S
2021-06-18T10:18:50,400.0,24.2,S
2021-06-18T10:18:44,100.0,24.2,S
2021-06-18T10:18:42,1000.0,24.2,S
2021-06-18T10:18:34,100.0,24.2,S
2021-06-18T10:18:32,400.0,24.2,S
2021-06-18T10:18:32,1600.0,24.2,S
2021-06-18T10:18:32,100.0,24.2,S
2021-06-18T10:18:24,300.0,24.2,S
2021-06-18T10:18:04,4000.0,24.2,S
2021-06-18T10:18:02,200.0,24.2,S
2021-06-18T10:17:56,200.0,24.2,S
2021-06-18T10:17:55,200.0,24.2,S
2021-06-18T10:17:51,100.0,24.2,B
2021-06-18T10:17:47,1400.0,24.2,B
2021-06-18T10:17:41,100.0,24.2,B
2021-06-18T10:17:37,100.0,24.2,B
2021-06-18T10:17:33,200.0,24.2,B
2021-06-18T10:17:30,100.0,24.2,B
2021-06-18T10:17:30,2300.0,24.2,B
2021-06-18T10:17:30,700.0,24.2,B
2021-06-18T10:17:30,1000.0,24.2,B
2021-06-18T10:17:30,700.0,24.2,B
2021-06-18T10:17:30,4900.0,24.2,B
2021-06-18T10:17:29,8100.0,24.2,B
2021-06-18T10:17:27,1000.0,24.2,B
2021-06-18T10:17:24,3000.0,24.2,B
2021-06-18T10:17:15,800.0,24.2,B
2021-06-18T10:17:15,200.0,24.2,B
2021-06-18T10:17:15,1000.0,24.2,B
2021-06-18T10:17:15,600.0,24.2,B
2021-06-18T10:17:15,7400.0,24.2,B
2021-06-18T10:17:15,500.0,24.2,B
2021-06-18T10:17:06,200.0,24.2,B
2021-06-18T10:17:04,500.0,24.2,B
2021-06-18T10:17:04,100.0,24.2,B
2021-06-18T10:17:03,200.0,24.15,S
2021-06-18T10:17:01,200.0,24.2,B
2021-06-18T10:16:59,3000.0,24.2,B
2021-06-18T10:16:58,4000.0,24.2,B
2021-06-18T10:16:58,500.0,24.2,B
2021-06-18T10:16:57,500.0,24.2,B
2021-06-18T10:16:54,500.0,24.2,B
2021-06-18T10:16:54,5000.0,24.15,S
2021-06-18T10:16:53,500.0,24.2,B
2021-06-18T10:16:51,1400.0,24.2,B
2021-06-18T10:16:51,6200.0,24.2,B
2021-06-18T10:16:51,2400.0,24.2,B
2021-06-18T10:16:47,5000.0,24.2,B
2021-06-18T10:16:45,500.0,24.2,B
2021-06-18T10:16:42,1700.0,24.2,B
2021-06-18T10:16:42,3300.0,24.2,B
2021-06-18T10:16:41,600.0,24.2,B
2021-06-18T10:16:41,100.0,24.2,B
2021-06-18T10:16:41,800.0,24.2,B
2021-06-18T10:16:41,2500.0,24.2,B
2021-06-18T10:16:41,200.0,24.2,B
2021-06-18T10:16:39,900.0,24.2,B
2021-06-18T10:16:37,500.0,24.2,B
2021-06-18T10:16:27,4100.0,24.15,S
2021-06-18T10:16:24,500.0,24.2,B
2021-06-18T10:16:16,5000.0,24.2,B
2021-06-18T10:16:10,400.0,24.15,B
2021-06-18T10:16:06,5100.0,24.15,B
2021-06-18T10:15:58,100.0,24.15,B
2021-06-18T10:15:57,100.0,24.1,S
2021-06-18T10:15:47,900.0,24.15,B
2021-06-18T10:15:46,2400.0,24.15,B
2021-06-18T10:15:46,1000.0,24.15,B
2021-06-18T10:15:46,1200.0,24.15,B
2021-06-18T10:15:46,1100.0,24.15,B
2021-06-18T10:15:46,1300.0,24.15,B
2021-06-18T10:15:46,1000.0,24.15,B
2021-06-18T10:15:46,500.0,24.15,B
2021-06-18T10:15:46,1100.0,24.15,B
2021-06-18T10:15:46,1500.0,24.15,B
2021-06-18T10:15:46,100.0,24.15,B
2021-06-18T10:15:46,4000.0,24.15,B
2021-06-18T10:15:46,1800.0,24.15,B
2021-06-18T10:15:46,12200.0,24.15,B
2021-06-18T10:15:46,1500.0,24.15,B
2021-06-18T10:15:45,18400.0,24.15,B
2021-06-18T10:15:43,1000.0,24.05,S
2021-06-18T10:15:23,3000.0,24.15,B
2021-06-18T10:15:22,200.0,24.1,B
2021-06-18T10:15:10,1000.0,24.1,B
2021-06-18T10:15:10,3200.0,24.1,B
2021-06-18T10:15:05,1000.0,24.1,B
2021-06-18T10:14:59,800.0,24.1,B
2021-06-18T10:14:48,100.0,24.1,B
2021-06-18T10:14:46,2000.0,24.05,S
2021-06-18T10:14:44,500.0,24.1,B
2021-06-18T10:14:28,1100.0,24.1,B
2021-06-18T10:14:28,400.0,24.1,B
2021-06-18T10:14:17,500.0,24.1,B
2021-06-18T10:14:17,500.0,24.1,B
2021-06-18T10:14:10,4100.0,24.05,S
2021-06-18T10:14:00,2000.0,24.1,B
2021-06-18T10:13:44,600.0,24.05,B
2021-06-18T10:13:36,500.0,24.05,B
2021-06-18T10:13:27,200.0,24.05,B
2021-06-18T10:13:26,200.0,24.05,B
2021-06-18T10:13:19,2000.0,24.05,S
2021-06-18T10:13:18,6500.0,24.05,S
2021-06-18T10:13:16,100.0,24.1,B
2021-06-18T10:13:15,400.0,24.1,B
2021-06-18T10:13:14,2100.0,24.1,B
2021-06-18T10:13:13,3000.0,24.1,B
2021-06-18T10:13:11,1000.0,24.1,B
2021-06-18T10:13:11,1000.0,24.1,B
2021-06-18T10:13:10,4100.0,24.05,S
2021-06-18T10:13:03,100.0,24.05,S
2021-06-18T10:13:03,100.0,24.1,B
2021-06-18T10:12:59,1000.0,24.1,B
2021-06-18T10:12:58,1500.0,24.05,S
2021-06-18T10:12:55,2000.0,24.1,B
2021-06-18T10:12:48,6000.0,24.1,B
2021-06-18T10:12:46,2900.0,24.1,B
2021-06-18T10:12:46,3400.0,24.1,B
2021-06-18T10:12:45,3700.0,24.1,B
2021-06-18T10:12:39,2000.0,24.1,B
2021-06-18T10:12:34,1000.0,24.05,S
2021-06-18T10:12:32,100.0,24.1,B
2021-06-18T10:12:24,300.0,24.05,S
2021-06-18T10:12:22,100.0,24.1,B
2021-06-18T10:12:21,500.0,24.05,S
2021-06-18T10:12:11,600.0,24.05,S
2021-06-18T10:12:04,1000.0,24.05,B
2021-06-18T10:12:00,4300.0,24.05,B
2021-06-18T10:11:54,3000.0,24.05,B
2021-06-18T10:11:43,1100.0,24.05,B
2021-06-18T10:11:43,1000.0,24.1,B
2021-06-18T10:11:42,2500.0,24.05,B
2021-06-18T10:11:42,5700.0,24.05,B
2021-06-18T10:11:42,5100.0,24.05,B
2021-06-18T10:11:40,100.0,24.0,S
2021-06-18T10:11:40,1000.0,24.05,B
2021-06-18T10:11:38,400.0,24.0,S
2021-06-18T10:11:33,200.0,24.0,S
2021-06-18T10:11:23,100.0,24.0,B
2021-06-18T10:11:19,100.0,24.0,B
2021-06-18T10:11:12,100.0,24.0,B
2021-06-18T10:11:07,4300.0,24.0,B
2021-06-18T10:11:06,400.0,24.0,B
2021-06-18T10:11:04,1100.0,24.0,B
2021-06-18T10:11:04,5000.0,24.05,B
2021-06-18T10:11:04,300.0,24.0,B
2021-06-18T10:10:59,100.0,24.0,B
2021-06-18T10:10:58,700.0,24.0,B
2021-06-18T10:10:58,500.0,24.0,B
2021-06-18T10:10:58,1300.0,24.0,B
2021-06-18T10:10:58,500.0,24.0,B
2021-06-18T10:10:58,700.0,24.0,B
2021-06-18T10:10:58,600.0,24.0,B
2021-06-18T10:10:58,500.0,24.0,B
2021-06-18T10:10:58,800.0,24.0,B
2021-06-18T10:10:58,800.0,24.0,B
2021-06-18T10:10:58,10000.0,24.0,B
2021-06-18T10:10:58,1300.0,24.0,B
2021-06-18T10:10:58,200.0,24.0,B
2021-06-18T10:10:58,6800.0,24.0,B
2021-06-18T10:10:58,4400.0,24.0,B
2021-06-18T10:10:46,100.0,24.0,B
2021-06-18T10:10:46,8000.0,24.0,B
2021-06-18T10:10:45,3000.0,24.0,B
2021-06-18T10:10:45,29000.0,24.0,B
2021-06-18T10:10:45,9000.0,24.0,B
2021-06-18T10:10:40,2500.0,23.95,S
2021-06-18T10:10:36,50000.0,24.0,B
2021-06-18T10:10:30,800.0,23.95,S
2021-06-18T10:10:22,10000.0,24.0,B
2021-06-18T10:10:22,100.0,24.0,B
2021-06-18T10:10:22,500.0,24.0,B
2021-06-18T10:10:22,100.0,24.0,B
2021-06-18T10:10:22,1100.0,24.0,B
2021-06-18T10:10:21,5000.0,24.0,B
2021-06-18T10:10:21,18300.0,24.0,B
2021-06-18T10:10:08,400.0,23.95,S
2021-06-18T10:10:07,10000.0,24.0,B
2021-06-18T10:10:06,4300.0,23.95,S
2021-06-18T10:10:03,1000.0,23.95,B
2021-06-18T10:09:57,1000.0,24.0,B
2021-06-18T10:09:50,100.0,23.95,B
2021-06-18T10:09:49,700.0,23.95,B
2021-06-18T10:09:47,1200.0,23.95,B
2021-06-18T10:09:35,100.0,23.95,B
2021-06-18T10:09:33,300.0,23.95,B
2021-06-18T10:09:30,500.0,23.95,B
2021-06-18T10:09:29,1500.0,23.95,B
2021-06-18T10:09:27,200.0,23.95,B
2021-06-18T10:09:26,300.0,23.95,B
2021-06-18T10:09:04,4000.0,23.95,S
2021-06-18T10:09:04,100.0,23.9,S
2021-06-18T10:08:52,4300.0,23.9,S
2021-06-18T10:08:49,3900.0,23.9,S
2021-06-18T10:08:44,6000.0,23.9,S
2021-06-18T10:08:42,200.0,23.95,B
2021-06-18T10:08:40,4300.0,23.9,S
2021-06-18T10:08:40,6500.0,23.9,S
2021-06-18T10:08:38,5200.0,23.95,B
2021-06-18T10:08:26,5000.0,23.95,B
2021-06-18T10:08:25,800.0,23.9,S
2021-06-18T10:08:22,400.0,23.9,S
2021-06-18T10:08:22,4700.0,23.9,S
2021-06-18T10:08:19,1000.0,23.95,B
2021-06-18T10:08:16,500.0,23.9,S
2021-06-18T10:08:13,1000.0,23.9,B
2021-06-18T10:08:04,100.0,23.9,B
2021-06-18T10:08:04,400.0,23.9,B
2021-06-18T10:08:04,4200.0,23.9,B
2021-06-18T10:08:00,5000.0,23.95,B
2021-06-18T10:07:54,1000.0,23.9,B
2021-06-18T10:07:53,4300.0,23.9,B
2021-06-18T10:07:50,4300.0,23.9,B
2021-06-18T10:07:46,4300.0,23.9,B
2021-06-18T10:07:42,400.0,23.9,B
2021-06-18T10:07:42,1300.0,23.9,B
2021-06-18T10:07:42,1000.0,23.9,B
2021-06-18T10:07:42,300.0,23.9,B
2021-06-18T10:07:42,500.0,23.9,B
2021-06-18T10:07:42,4100.0,23.9,B
2021-06-18T10:07:39,4200.0,23.85,S
2021-06-18T10:07:31,200.0,23.9,B
2021-06-18T10:07:30,1000.0,23.85,S
2021-06-18T10:07:28,300.0,23.85,S
2021-06-18T10:07:19,1000.0,23.9,B
2021-06-18T10:07:18,1300.0,23.9,B
2021-06-18T10:07:18,100.0,23.9,B
2021-06-18T10:07:17,1600.0,23.9,B
2021-06-18T10:07:00,1000.0,23.9,B
2021-06-18T10:06:44,400.0,23.85,S
2021-06-18T10:06:40,4200.0,23.85,S
2021-06-18T10:06:37,1000.0,23.9,B
2021-06-18T10:06:20,1900.0,23.85,S
2021-06-18T10:06:20,2100.0,23.85,S
2021-06-18T10:06:11,1000.0,23.9,B
2021-06-18T10:06:04,1000.0,23.85,S
2021-06-18T10:05:57,4000.0,23.85,S
2021-06-18T10:05:55,1000.0,23.9,B
2021-06-18T10:05:48,4200.0,23.85,S
2021-06-18T10:05:45,300.0,23.9,B
2021-06-18T10:05:44,2100.0,23.9,B
2021-06-18T10:05:34,100.0,23.9,B
2021-06-18T10:05:28,200.0,23.85,S
2021-06-18T10:05:26,100.0,23.9,B
2021-06-18T10:05:11,1000.0,23.9,B
2021-06-18T10:05:11,500.0,23.85,S
2021-06-18T10:05:04,7900.0,23.85,S
2021-06-18T10:05:00,3800.0,23.9,B
2021-06-18T10:04:51,100.0,23.85,S
2021-06-18T10:04:47,4200.0,23.85,S
2021-06-18T10:04:41,4000.0,23.85,S
2021-06-18T10:04:27,1000.0,23.85,S
2021-06-18T10:04:08,2000.0,23.85,S
2021-06-18T10:04:08,6500.0,23.85,S
2021-06-18T10:04:07,1000.0,23.85,S
2021-06-18T10:03:59,500.0,23.85,S
2021-06-18T10:03:55,100.0,23.85,S
2021-06-18T10:03:54,1200.0,23.85,S
2021-06-18T10:03:54,2000.0,23.9,B
2021-06-18T10:03:50,1000.0,23.85,S
2021-06-18T10:03:14,1200.0,23.9,B
2021-06-18T10:02:56,1200.0,23.85,S
2021-06-18T10:02:56,500.0,23.85,S
2021-06-18T10:02:56,1500.0,23.85,S
2021-06-18T10:02:56,1000.0,23.85,S
2021-06-18T10:02:55,100.0,23.85,S
2021-06-18T10:02:43,3000.0,23.85,S
2021-06-18T10:02:40,2000.0,23.85,S
2021-06-18T10:02:36,700.0,23.8,S
2021-06-18T10:02:36,100.0,23.8,S
2021-06-18T10:02:36,6700.0,23.8,S
2021-06-18T10:02:34,1100.0,23.8,S
2021-06-18T10:02:34,1200.0,23.8,S
2021-06-18T10:02:34,200.0,23.8,S
2021-06-18T10:02:33,500.0,23.85,S
2021-06-18T10:02:32,1000.0,23.9,B
2021-06-18T10:02:30,2000.0,23.9,B
2021-06-18T10:02:30,100.0,23.85,S
2021-06-18T10:02:30,1100.0,23.85,S
2021-06-18T10:02:07,100.0,23.85,S
2021-06-18T10:02:02,200.0,23.85,S
2021-06-18T10:02:00,200.0,23.85,S
2021-06-18T10:02:00,200.0,23.8,S
2021-06-18T10:02:00,1700.0,23.8,S
2021-06-18T10:02:00,1000.0,23.85,S
2021-06-18T10:02:00,5000.0,23.85,S
2021-06-18T10:01:56,100.0,23.85,S
2021-06-18T10:01:54,500.0,23.85,S
2021-06-18T10:01:49,1000.0,23.85,S
2021-06-18T10:01:49,200.0,23.85,S
2021-06-18T10:01:49,2700.0,23.85,S
2021-06-18T10:01:49,100.0,23.85,S
2021-06-18T10:01:49,500.0,23.85,S
2021-06-18T10:01:49,400.0,23.85,S
2021-06-18T10:01:48,900.0,23.85,S
2021-06-18T10:01:48,500.0,23.85,S
2021-06-18T10:01:48,3700.0,23.85,S
2021-06-18T10:01:48,3300.0,23.85,S
2021-06-18T10:01:48,400.0,23.85,S
2021-06-18T10:01:48,100.0,23.85,S
2021-06-18T10:01:48,2200.0,23.85,S
2021-06-18T10:01:48,4200.0,23.85,S
2021-06-18T10:01:48,200.0,23.85,S
2021-06-18T10:01:47,16100.0,23.85,S
2021-06-18T10:01:47,1700.0,23.85,S
2021-06-18T10:01:47,700.0,23.85,S
2021-06-18T10:01:47,8600.0,23.85,S
2021-06-18T10:01:37,1900.0,23.85,S
2021-06-18T10:01:37,3800.0,23.85,S
2021-06-18T10:01:37,5800.0,23.85,S
2021-06-18T10:01:36,10000.0,23.9,B
2021-06-18T10:01:15,700.0,23.85,S
2021-06-18T10:01:15,100.0,23.85,S
2021-06-18T10:01:11,1000.0,23.85,S
2021-06-18T10:01:01,4300.0,23.85,S
2021-06-18T10:00:55,3200.0,23.85,S
2021-06-18T10:00:46,4000.0,23.9,B
2021-06-18T10:00:41,2000.0,23.85,S
2021-06-18T10:00:36,100.0,23.9,B
2021-06-18T10:00:15,200.0,23.9,B
2021-06-18T10:00:10,8000.0,23.85,S
2021-06-18T10:00:09,300.0,23.95,B
2021-06-18T10:00:03,600.0,23.85,S
2021-06-18T10:00:03,300.0,23.85,S
2021-06-18T10:00:03,3400.0,23.85,S
2021-06-18T09:59:59,100.0,23.9,B
2021-06-18T09:59:54,100.0,23.9,B
2021-06-18T09:59:50,1200.0,23.85,S
2021-06-18T09:59:50,600.0,23.85,S
2021-06-18T09:59:50,200.0,23.85,S
2021-06-18T09:59:50,4200.0,23.85,S
2021-06-18T09:59:47,500.0,23.9,B
2021-06-18T09:59:46,200.0,23.9,B
2021-06-18T09:59:39,1900.0,23.85,S
2021-06-18T09:59:39,100.0,23.85,S
2021-06-18T09:59:38,1000.0,23.85,S
2021-06-18T09:59:31,200.0,23.9,B
2021-06-18T09:59:13,2000.0,23.9,B
2021-06-18T09:59:04,1100.0,23.85,S
2021-06-18T09:59:04,500.0,23.85,S
2021-06-18T09:59:04,2700.0,23.85,S
2021-06-18T09:59:03,2000.0,23.9,B
2021-06-18T09:58:40,200.0,23.85,S
2021-06-18T09:58:31,600.0,23.85,S
2021-06-18T09:58:15,1100.0,23.9,B
2021-06-18T09:58:15,900.0,23.9,B
2021-06-18T09:58:12,100.0,23.9,B
2021-06-18T09:58:09,1000.0,23.85,S
2021-06-18T09:58:09,200.0,23.9,B
2021-06-18T09:58:09,4300.0,23.85,S
2021-06-18T09:57:59,300.0,23.85,S
2021-06-18T09:57:55,100.0,23.9,B
2021-06-18T09:57:54,300.0,23.9,B
2021-06-18T09:57:51,200.0,23.85,S
2021-06-18T09:57:48,1000.0,23.9,B
2021-06-18T09:57:46,2000.0,23.9,B
2021-06-18T09:57:39,300.0,23.85,S
2021-06-18T09:57:39,700.0,23.85,S
2021-06-18T09:57:39,1100.0,23.85,S
2021-06-18T09:57:39,400.0,23.85,S
2021-06-18T09:57:39,2300.0,23.85,S
2021-06-18T09:57:39,5200.0,23.85,S
2021-06-18T09:57:39,6900.0,23.85,S
2021-06-18T09:57:39,1000.0,23.85,S
2021-06-18T09:57:39,1500.0,23.85,S
2021-06-18T09:57:39,10600.0,23.85,S
2021-06-18T09:57:37,1000.0,23.9,B
2021-06-18T09:57:36,5000.0,23.85,S
2021-06-18T09:57:35,500.0,23.9,B
2021-06-18T09:57:28,700.0,23.9,B
2021-06-18T09:57:28,1300.0,23.9,B
2021-06-18T09:57:27,100.0,23.85,S
2021-06-18T09:57:26,1300.0,23.9,B
2021-06-18T09:57:26,1000.0,23.9,B
2021-06-18T09:57:25,700.0,23.9,B
2021-06-18T09:57:19,100.0,23.9,B
2021-06-18T09:57:14,500.0,23.9,B
2021-06-18T09:57:07,4500.0,23.9,B
2021-06-18T09:56:48,2300.0,23.9,B
2021-06-18T09:56:46,100.0,23.9,B
2021-06-18T09:56:43,200.0,23.9,B
2021-06-18T09:56:39,400.0,23.9,B
2021-06-18T09:56:39,500.0,23.9,B
2021-06-18T09:56:39,12600.0,23.9,B
2021-06-18T09:56:39,100.0,23.9,B
2021-06-18T09:56:38,2400.0,23.9,B
2021-06-18T09:56:37,600.0,23.85,S
2021-06-18T09:56:34,400.0,23.85,S
2021-06-18T09:56:34,100.0,23.85,S
2021-06-18T09:56:33,700.0,23.85,S
2021-06-18T09:56:33,1100.0,23.85,S
2021-06-18T09:56:33,100.0,23.85,S
2021-06-18T09:56:33,700.0,23.85,S
2021-06-18T09:56:33,500.0,23.85,S
2021-06-18T09:56:33,200.0,23.85,S
2021-06-18T09:56:33,500.0,23.85,S
2021-06-18T09:56:29,100.0,23.9,B
2021-06-18T09:56:20,1000.0,23.9,B
2021-06-18T09:56:18,100.0,23.9,B
2021-06-18T09:56:17,3000.0,23.85,S
2021-06-18T09:56:12,500.0,23.9,B
2021-06-18T09:55:31,5000.0,23.9,B
2021-06-18T09:55:29,500.0,23.85,S
2021-06-18T09:55:27,100.0,23.85,S
2021-06-18T09:55:25,100.0,23.85,S
2021-06-18T09:55:22,500.0,23.85,S
2021-06-18T09:55:22,500.0,23.85,S
2021-06-18T09:55:21,1000.0,23.85,S
2021-06-18T09:55:18,100.0,23.85,S
2021-06-18T09:55:17,400.0,23.9,B
2021-06-18T09:55:15,4300.0,23.85,S
2021-06-18T09:55:07,200.0,23.85,S
2021-06-18T09:55:06,100.0,23.85,S
2021-06-18T09:55:01,1000.0,23.9,B
2021-06-18T09:55:01,2000.0,23.85,S
2021-06-18T09:54:55,500.0,23.85,S
2021-06-18T09:54:55,500.0,23.85,S
2021-06-18T09:54:53,100.0,23.85,S
2021-06-18T09:54:52,300.0,23.85,S
2021-06-18T09:54:37,1000.0,23.85,S
2021-06-18T09:54:19,4300.0,23.85,S
2021-06-18T09:53:58,200.0,23.85,S
2021-06-18T09:53:50,1000.0,23.85,S
2021-06-18T09:53:44,3500.0,23.9,B
2021-06-18T09:53:42,200.0,23.9,B
2021-06-18T09:53:39,4300.0,23.85,S
2021-06-18T09:53:38,1000.0,23.85,S
2021-06-18T09:53:31,600.0,23.85,S
2021-06-18T09:53:31,100.0,23.9,B
2021-06-18T09:53:29,300.0,23.85,S
2021-06-18T09:53:27,3000.0,23.85,S
2021-06-18T09:53:24,100.0,23.85,S
2021-06-18T09:53:24,600.0,23.85,S
2021-06-18T09:53:24,1300.0,23.85,S
2021-06-18T09:53:13,400.0,23.85,S
2021-06-18T09:53:08,200.0,23.85,S
2021-06-18T09:53:05,100.0,23.85,S
2021-06-18T09:53:03,8000.0,23.9,B
2021-06-18T09:52:53,300.0,23.85,S
2021-06-18T09:52:46,1000.0,23.85,S
2021-06-18T09:52:46,300.0,23.85,S
2021-06-18T09:52:46,300.0,23.85,S
