tradingTime,volume,price,side
2021-06-18T14:26:33,1000.0,19.15,B
2021-06-18T14:23:36,400.0,19.15,B
2021-06-18T14:22:33,1000.0,19.1,S
2021-06-18T14:22:28,5000.0,19.15,B
2021-06-18T14:20:11,300.0,19.15,B
2021-06-18T14:17:01,500.0,19.15,B
2021-06-18T14:15:48,2000.0,19.15,B
2021-06-18T14:15:14,100.0,19.15,B
2021-06-18T14:14:28,600.0,19.15,B
2021-06-18T14:13:19,5500.0,19.15,B
2021-06-18T14:12:12,5000.0,19.15,B
2021-06-18T14:11:56,800.0,19.15,B
2021-06-18T14:11:36,500.0,19.15,B
2021-06-18T14:10:34,400.0,19.15,B
2021-06-18T14:09:00,100.0,19.15,B
2021-06-18T14:07:17,500.0,19.1,S
2021-06-18T14:07:10,5000.0,19.15,B
2021-06-18T14:02:15,500.0,19.15,B
2021-06-18T14:01:50,500.0,19.15,B
2021-06-18T14:00:49,300.0,19.15,B
2021-06-18T14:00:48,100.0,19.15,B
2021-06-18T13:59:54,100.0,19.15,B
2021-06-18T13:58:08,1000.0,19.15,B
2021-06-18T13:58:08,1300.0,19.15,B
2021-06-18T13:58:04,100.0,19.15,B
2021-06-18T13:57:47,1300.0,19.15,S
2021-06-18T13:56:38,300.0,19.15,S
2021-06-18T13:56:33,5000.0,19.15,S
2021-06-18T13:56:31,1500.0,19.15,S
2021-06-18T13:56:31,2400.0,19.15,S
2021-06-18T13:56:31,500.0,19.15,S
2021-06-18T13:56:31,400.0,19.15,S
2021-06-18T13:56:10,6700.0,19.15,S
2021-06-18T13:54:51,1500.0,19.15,S
2021-06-18T13:51:02,400.0,19.2,B
2021-06-18T13:50:50,600.0,19.2,B
2021-06-18T13:50:31,100.0,19.2,B
2021-06-18T13:50:16,100.0,19.2,B
2021-06-18T13:50:07,500.0,19.2,B
2021-06-18T13:49:44,500.0,19.2,S
2021-06-18T13:49:44,1100.0,19.2,S
2021-06-18T13:49:43,200.0,19.2,S
2021-06-18T13:49:43,4000.0,19.2,S
2021-06-18T13:49:35,500.0,19.2,S
2021-06-18T13:49:11,1200.0,19.2,S
2021-06-18T13:49:09,2000.0,19.2,S
2021-06-18T13:49:07,500.0,19.2,S
2021-06-18T13:48:56,10000.0,19.2,S
2021-06-18T13:48:56,2000.0,19.25,B
2021-06-18T13:48:37,100.0,19.2,S
2021-06-18T13:48:23,3000.0,19.2,S
2021-06-18T13:48:16,1000.0,19.2,S
2021-06-18T13:47:37,3000.0,19.2,S
2021-06-18T13:46:31,700.0,19.2,S
2021-06-18T13:45:47,10000.0,19.2,S
2021-06-18T13:44:51,2000.0,19.2,S
2021-06-18T13:44:17,400.0,19.2,S
2021-06-18T13:44:17,6600.0,19.2,S
2021-06-18T13:41:30,300.0,19.2,S
2021-06-18T13:40:56,2000.0,19.2,S
2021-06-18T13:39:12,500.0,19.2,B
2021-06-18T13:39:12,1600.0,19.2,B
2021-06-18T13:38:35,200.0,19.2,B
2021-06-18T13:38:23,5000.0,19.2,B
2021-06-18T13:38:14,500.0,19.2,B
2021-06-18T13:37:27,900.0,19.2,S
2021-06-18T13:36:59,3700.0,19.2,S
2021-06-18T13:36:17,3000.0,19.2,S
2021-06-18T13:35:49,2000.0,19.2,S
2021-06-18T13:35:22,5000.0,19.25,B
2021-06-18T13:33:29,500.0,19.25,B
2021-06-18T13:33:17,1000.0,19.25,B
2021-06-18T13:32:10,10000.0,19.25,B
2021-06-18T13:31:44,2600.0,19.2,S
2021-06-18T13:31:01,7700.0,19.2,S
2021-06-18T13:31:01,2700.0,19.2,S
2021-06-18T13:29:13,1000.0,19.25,B
2021-06-18T13:28:48,200.0,19.25,B
2021-06-18T13:28:18,300.0,19.25,B
2021-06-18T13:28:14,200.0,19.2,S
2021-06-18T13:26:24,16300.0,19.25,S
2021-06-18T13:25:41,1000.0,19.3,B
2021-06-18T13:24:14,500.0,19.3,B
2021-06-18T13:23:13,16000.0,19.3,S
2021-06-18T13:23:13,15000.0,19.3,S
2021-06-18T13:23:13,10500.0,19.3,S
2021-06-18T13:23:00,1000.0,19.35,B
2021-06-18T13:22:45,1000.0,19.35,B
2021-06-18T13:22:18,20100.0,19.35,S
2021-06-18T13:21:16,5000.0,19.35,S
2021-06-18T13:21:13,1000.0,19.35,S
2021-06-18T13:21:09,10000.0,19.4,B
2021-06-18T13:21:05,1000.0,19.35,S
2021-06-18T13:20:24,1500.0,19.35,B
2021-06-18T13:20:11,3000.0,19.35,B
2021-06-18T13:19:42,500.0,19.35,B
2021-06-18T13:19:08,400.0,19.35,B
2021-06-18T13:19:06,1900.0,19.35,B
2021-06-18T13:18:59,100.0,19.35,B
2021-06-18T13:18:59,400.0,19.35,B
2021-06-18T13:18:53,300.0,19.35,B
2021-06-18T13:18:36,300.0,19.35,B
2021-06-18T13:18:28,500.0,19.35,B
2021-06-18T13:18:19,1000.0,19.35,B
2021-06-18T13:17:17,500.0,19.35,B
2021-06-18T13:16:37,500.0,19.35,B
2021-06-18T13:16:37,3500.0,19.35,B
2021-06-18T13:16:36,300.0,19.35,B
2021-06-18T13:16:36,100.0,19.35,B
2021-06-18T13:16:19,5000.0,19.3,S
2021-06-18T13:16:14,1000.0,19.3,S
2021-06-18T13:15:18,100.0,19.3,B
2021-06-18T13:14:59,3400.0,19.3,B
2021-06-18T13:14:57,5000.0,19.3,B
2021-06-18T13:14:52,1000.0,19.3,B
2021-06-18T13:14:50,200.0,19.3,B
2021-06-18T13:14:49,400.0,19.3,B
2021-06-18T13:14:44,1500.0,19.3,B
2021-06-18T13:14:41,1000.0,19.3,B
2021-06-18T13:14:36,5000.0,19.3,B
2021-06-18T13:14:32,500.0,19.3,B
2021-06-18T13:14:30,2000.0,19.3,B
2021-06-18T13:14:22,1200.0,19.3,B
2021-06-18T13:14:16,5000.0,19.3,B
2021-06-18T13:14:13,2000.0,19.3,B
2021-06-18T13:14:00,1000.0,19.3,B
2021-06-18T13:13:56,5000.0,19.3,B
2021-06-18T13:13:29,2000.0,19.3,B
2021-06-18T13:13:12,10000.0,19.3,B
2021-06-18T13:13:08,2000.0,19.3,B
2021-06-18T13:12:55,3500.0,19.3,B
2021-06-18T13:12:51,1000.0,19.3,B
2021-06-18T13:12:46,5000.0,19.3,B
2021-06-18T13:12:45,500.0,19.3,B
2021-06-18T13:12:45,4500.0,19.3,B
2021-06-18T13:12:44,2000.0,19.3,B
2021-06-18T13:12:39,6000.0,19.3,B
2021-06-18T13:12:39,4000.0,19.3,B
2021-06-18T13:12:33,1100.0,19.3,B
2021-06-18T13:12:33,100.0,19.3,B
2021-06-18T13:12:33,1100.0,19.3,B
2021-06-18T13:12:33,4800.0,19.3,B
2021-06-18T13:12:33,2900.0,19.3,B
2021-06-18T13:12:29,1000.0,19.3,B
2021-06-18T13:12:19,800.0,19.3,B
2021-06-18T13:11:58,3000.0,19.3,B
2021-06-18T13:11:58,4400.0,19.3,B
2021-06-18T13:11:58,1000.0,19.3,B
2021-06-18T13:11:58,11600.0,19.3,B
2021-06-18T13:11:24,300.0,19.3,B
2021-06-18T13:10:53,1500.0,19.25,S
2021-06-18T13:10:52,500.0,19.25,S
2021-06-18T13:10:39,500.0,19.25,S
2021-06-18T13:10:19,100.0,19.3,B
2021-06-18T13:08:59,3700.0,19.25,S
2021-06-18T13:08:40,100.0,19.25,S
2021-06-18T13:08:26,1000.0,19.3,B
2021-06-18T13:08:05,100.0,19.25,S
2021-06-18T13:08:03,6500.0,19.25,S
2021-06-18T13:07:24,1300.0,19.25,B
2021-06-18T13:07:24,400.0,19.25,B
2021-06-18T13:07:01,1000.0,19.25,B
2021-06-18T13:06:05,2000.0,19.25,B
2021-06-18T13:05:56,3800.0,19.25,B
2021-06-18T13:05:56,3300.0,19.25,B
2021-06-18T13:05:56,2900.0,19.25,B
2021-06-18T13:05:52,20000.0,19.25,B
2021-06-18T13:05:30,5000.0,19.25,B
2021-06-18T13:04:36,2000.0,19.25,B
2021-06-18T13:04:19,4200.0,19.2,S
2021-06-18T13:04:04,100.0,19.2,S
2021-06-18T13:02:45,600.0,19.2,S
2021-06-18T13:02:44,400.0,19.2,S
2021-06-18T13:00:44,100.0,19.2,B
2021-06-18T13:00:35,3000.0,19.25,B
2021-06-18T13:00:33,600.0,19.2,B
2021-06-18T13:00:33,400.0,19.2,B
2021-06-18T13:00:32,1000.0,19.2,B
2021-06-18T13:00:27,3000.0,19.2,B
2021-06-18T13:00:27,500.0,19.2,B
2021-06-18T11:29:54,300.0,19.2,S
2021-06-18T11:29:52,100.0,19.2,S
2021-06-18T11:29:29,3000.0,19.2,S
2021-06-18T11:28:49,600.0,19.2,B
2021-06-18T11:28:12,1000.0,19.2,B
2021-06-18T11:27:17,3000.0,19.2,B
2021-06-18T11:26:49,300.0,19.2,S
2021-06-18T11:26:47,200.0,19.2,S
2021-06-18T11:26:06,200.0,19.2,S
2021-06-18T11:26:05,5800.0,19.2,S
2021-06-18T11:24:57,100.0,19.2,B
2021-06-18T11:24:23,800.0,19.2,B
2021-06-18T11:24:23,600.0,19.2,B
2021-06-18T11:24:23,200.0,19.2,B
2021-06-18T11:24:23,2100.0,19.2,B
2021-06-18T11:24:23,300.0,19.2,B
2021-06-18T11:24:02,1800.0,19.2,B
2021-06-18T11:23:01,12900.0,19.2,B
2021-06-18T11:22:38,1000.0,19.2,B
2021-06-18T11:22:30,500.0,19.2,B
2021-06-18T11:22:30,500.0,19.2,B
2021-06-18T11:22:30,1000.0,19.2,B
2021-06-18T11:20:21,1700.0,19.15,B
2021-06-18T11:18:12,5000.0,19.15,B
2021-06-18T11:17:26,1000.0,19.1,S
2021-06-18T11:15:33,100.0,19.1,B
2021-06-18T11:12:28,200.0,19.1,B
2021-06-18T11:12:28,100.0,19.1,B
2021-06-18T11:12:15,500.0,19.1,B
2021-06-18T11:11:51,500.0,19.05,S
2021-06-18T11:11:34,300.0,19.1,B
2021-06-18T11:10:51,100.0,19.1,B
2021-06-18T11:10:41,100.0,19.1,B
2021-06-18T11:10:32,500.0,19.1,B
2021-06-18T11:10:05,2000.0,19.1,B
2021-06-18T11:09:33,400.0,19.1,B
2021-06-18T11:09:02,1000.0,19.1,B
2021-06-18T11:08:36,10000.0,19.1,B
2021-06-18T11:05:06,200.0,19.05,S
2021-06-18T11:04:32,1700.0,19.05,S
2021-06-18T11:04:31,100.0,19.05,S
2021-06-18T11:03:52,800.0,19.05,S
2021-06-18T11:02:28,500.0,19.1,B
2021-06-18T11:02:02,500.0,19.1,B
2021-06-18T11:01:36,2000.0,19.1,B
2021-06-18T11:00:30,10000.0,19.1,B
2021-06-18T11:00:07,500.0,19.1,B
2021-06-18T10:59:52,1000.0,19.05,S
2021-06-18T10:59:32,500.0,19.05,S
2021-06-18T10:56:56,500.0,19.1,B
2021-06-18T10:55:21,100.0,19.1,B
2021-06-18T10:55:04,3600.0,19.1,B
2021-06-18T10:54:07,100.0,19.05,S
2021-06-18T10:53:44,300.0,19.05,S
2021-06-18T10:53:13,400.0,19.05,B
2021-06-18T10:51:39,1500.0,19.05,S
2021-06-18T10:51:13,100.0,19.1,B
2021-06-18T10:50:56,100.0,19.05,B
2021-06-18T10:50:21,100.0,19.05,S
2021-06-18T10:50:17,100.0,19.05,S
2021-06-18T10:48:56,100.0,19.1,B
2021-06-18T10:47:46,3000.0,19.1,B
2021-06-18T10:47:17,500.0,19.0,S
2021-06-18T10:47:04,5000.0,19.1,B
2021-06-18T10:46:26,700.0,19.0,S
2021-06-18T10:46:20,1200.0,19.0,S
2021-06-18T10:46:20,3700.0,19.0,S
2021-06-18T10:46:20,1300.0,19.0,S
2021-06-18T10:46:20,1600.0,19.0,S
2021-06-18T10:46:20,1000.0,19.0,S
2021-06-18T10:46:20,4000.0,19.0,S
2021-06-18T10:46:07,18300.0,19.0,S
2021-06-18T10:46:05,600.0,19.0,S
2021-06-18T10:46:05,400.0,19.0,S
2021-06-18T10:44:22,1200.0,19.05,S
2021-06-18T10:44:22,9000.0,19.05,S
2021-06-18T10:44:22,5500.0,19.05,S
2021-06-18T10:44:21,3500.0,19.1,B
2021-06-18T10:44:08,300.0,19.1,B
2021-06-18T10:43:42,500.0,19.1,B
2021-06-18T10:43:11,2000.0,19.1,B
2021-06-18T10:43:00,500.0,19.1,B
2021-06-18T10:42:03,100.0,19.1,B
2021-06-18T10:41:44,500.0,19.1,B
2021-06-18T10:41:14,8600.0,19.1,S
2021-06-18T10:41:11,100.0,19.15,B
2021-06-18T10:41:00,3000.0,19.15,B
2021-06-18T10:40:15,800.0,19.15,S
2021-06-18T10:40:15,7800.0,19.15,S
2021-06-18T10:40:00,20000.0,19.15,S
2021-06-18T10:39:09,500.0,19.15,S
2021-06-18T10:37:26,500.0,19.15,S
2021-06-18T10:36:36,200.0,19.15,S
2021-06-18T10:33:59,500.0,19.15,S
2021-06-18T10:33:21,100.0,19.15,S
2021-06-18T10:33:10,500.0,19.15,S
2021-06-18T10:32:04,100.0,19.15,S
2021-06-18T10:31:55,4000.0,19.15,S
2021-06-18T10:31:51,100.0,19.15,S
2021-06-18T10:30:55,800.0,19.15,B
2021-06-18T10:30:39,1000.0,19.15,B
2021-06-18T10:30:20,1500.0,19.15,B
2021-06-18T10:30:18,200.0,19.15,B
2021-06-18T10:29:28,100.0,19.15,B
2021-06-18T10:28:15,2000.0,19.15,B
2021-06-18T10:27:11,2500.0,19.1,S
2021-06-18T10:19:35,100.0,19.15,S
2021-06-18T10:18:21,2000.0,19.15,S
2021-06-18T10:16:26,2500.0,19.15,S
2021-06-18T10:15:52,400.0,19.2,B
2021-06-18T10:14:45,100.0,19.2,B
2021-06-18T10:14:43,1500.0,19.2,B
2021-06-18T10:14:22,100.0,19.2,B
2021-06-18T10:14:01,1000.0,19.2,S
2021-06-18T10:13:53,500.0,19.2,S
2021-06-18T10:13:37,300.0,19.2,S
2021-06-18T10:12:41,200.0,19.2,B
2021-06-18T10:12:37,200.0,19.2,B
2021-06-18T10:11:52,2700.0,19.25,B
2021-06-18T10:11:31,1500.0,19.2,S
2021-06-18T10:11:14,1000.0,19.2,S
2021-06-18T10:10:15,500.0,19.25,B
2021-06-18T10:10:01,2000.0,19.2,S
2021-06-18T10:09:24,1000.0,19.25,B
2021-06-18T10:09:01,100.0,19.2,S
2021-06-18T10:08:52,500.0,19.2,S
2021-06-18T10:08:46,900.0,19.2,S
2021-06-18T10:08:46,400.0,19.2,S
2021-06-18T10:08:37,500.0,19.2,S
2021-06-18T10:08:27,100.0,19.2,S
2021-06-18T10:07:10,1000.0,19.2,S
2021-06-18T10:07:10,2000.0,19.2,S
2021-06-18T10:06:44,5700.0,19.2,S
2021-06-18T10:06:33,1500.0,19.25,B
2021-06-18T10:04:42,300.0,19.2,S
2021-06-18T10:04:28,100.0,19.25,B
2021-06-18T10:04:21,9900.0,19.25,B
2021-06-18T10:03:59,200.0,19.2,S
2021-06-18T10:02:56,500.0,19.25,B
2021-06-18T10:02:33,1000.0,19.25,B
2021-06-18T10:01:41,300.0,19.25,S
2021-06-18T10:01:07,2000.0,19.25,S
2021-06-18T10:00:57,100.0,19.25,B
2021-06-18T09:59:47,2000.0,19.25,B
2021-06-18T09:59:47,1200.0,19.25,B
2021-06-18T09:59:47,4400.0,19.25,B
2021-06-18T09:59:39,100.0,19.2,S
2021-06-18T09:59:31,200.0,19.2,S
2021-06-18T09:59:09,700.0,19.2,S
2021-06-18T09:59:09,200.0,19.2,S
2021-06-18T09:59:09,1000.0,19.2,S
2021-06-18T09:58:38,700.0,19.25,S
2021-06-18T09:58:29,700.0,19.25,S
2021-06-18T09:58:26,2600.0,19.25,S
2021-06-18T09:58:09,200.0,19.25,S
2021-06-18T09:57:43,100.0,19.25,S
2021-06-18T09:57:31,100.0,19.25,S
2021-06-18T09:57:22,400.0,19.25,S
2021-06-18T09:57:22,1000.0,19.25,S
2021-06-18T09:57:08,100.0,19.25,S
2021-06-18T09:57:07,2000.0,19.25,S
2021-06-18T09:56:27,700.0,19.25,S
2021-06-18T09:56:08,500.0,19.25,S
2021-06-18T09:55:56,600.0,19.25,S
2021-06-18T09:55:18,800.0,19.25,S
2021-06-18T09:54:37,100.0,19.25,B
2021-06-18T09:54:36,10000.0,19.25,B
2021-06-18T09:54:18,1600.0,19.3,B
2021-06-18T09:53:58,1200.0,19.25,B
2021-06-18T09:53:58,7000.0,19.25,B
2021-06-18T09:53:57,100.0,19.2,S
2021-06-18T09:53:39,5000.0,19.2,S
2021-06-18T09:53:33,200.0,19.2,S
2021-06-18T09:53:20,200.0,19.25,B
2021-06-18T09:53:02,500.0,19.2,S
2021-06-18T09:52:55,1000.0,19.2,S
2021-06-18T09:52:55,600.0,19.2,S
2021-06-18T09:51:47,800.0,19.2,S
2021-06-18T09:51:27,200.0,19.2,S
2021-06-18T09:51:11,400.0,19.2,S
2021-06-18T09:50:39,300.0,19.25,B
2021-06-18T09:50:39,100.0,19.25,B
2021-06-18T09:50:39,1200.0,19.25,B
2021-06-18T09:50:22,1200.0,19.25,B
2021-06-18T09:50:16,100.0,19.25,B
2021-06-18T09:50:13,800.0,19.2,S
2021-06-18T09:50:06,1000.0,19.25,B
2021-06-18T09:50:04,500.0,19.25,B
2021-06-18T09:49:55,800.0,19.25,B
2021-06-18T09:49:34,100.0,19.2,S
2021-06-18T09:49:06,100.0,19.2,S
2021-06-18T09:48:54,500.0,19.2,S
2021-06-18T09:47:59,1000.0,19.2,S
2021-06-18T09:46:46,100.0,19.2,B
2021-06-18T09:46:36,1000.0,19.25,B
2021-06-18T09:46:16,100.0,19.2,B
2021-06-18T09:45:45,400.0,19.2,B
2021-06-18T09:45:37,1100.0,19.2,B
2021-06-18T09:45:16,100.0,19.2,B
2021-06-18T09:45:05,100.0,19.1,S
2021-06-18T09:45:05,900.0,19.1,S
2021-06-18T09:44:52,1900.0,19.2,B
2021-06-18T09:44:52,100.0,19.2,B
2021-06-18T09:44:52,3000.0,19.2,B
2021-06-18T09:44:38,1000.0,19.1,S
2021-06-18T09:44:28,400.0,19.15,B
2021-06-18T09:44:10,3200.0,19.15,B
2021-06-18T09:43:49,100.0,19.15,B
2021-06-18T09:43:33,100.0,19.1,S
2021-06-18T09:43:21,400.0,19.1,S
2021-06-18T09:42:24,1000.0,19.1,B
2021-06-18T09:42:24,300.0,19.1,B
2021-06-18T09:41:39,300.0,19.1,B
2021-06-18T09:41:32,500.0,19.05,B
2021-06-18T09:41:12,700.0,19.1,B
2021-06-18T09:41:12,400.0,19.1,B
2021-06-18T09:41:11,900.0,19.1,B
2021-06-18T09:41:09,500.0,19.05,B
2021-06-18T09:40:14,100.0,19.1,B
2021-06-18T09:40:13,200.0,19.1,B
2021-06-18T09:39:20,300.0,19.1,B
2021-06-18T09:39:20,800.0,19.0,S
2021-06-18T09:38:50,5000.0,19.0,S
2021-06-18T09:38:48,200.0,19.0,S
2021-06-18T09:38:39,800.0,19.0,S
2021-06-18T09:38:26,5000.0,19.1,B
2021-06-18T09:37:15,100.0,19.0,S
2021-06-18T09:37:05,300.0,19.0,S
2021-06-18T09:37:00,5000.0,18.95,S
2021-06-18T09:36:38,100.0,19.0,S
2021-06-18T09:36:26,700.0,19.0,S
2021-06-18T09:36:04,300.0,19.0,B
2021-06-18T09:36:04,100.0,19.0,B
2021-06-18T09:36:04,600.0,19.0,B
2021-06-18T09:36:04,600.0,19.0,B
2021-06-18T09:36:04,400.0,19.0,B
2021-06-18T09:35:55,100.0,19.0,B
2021-06-18T09:35:53,900.0,19.0,B
2021-06-18T09:34:42,500.0,19.0,B
2021-06-18T09:33:22,1200.0,19.0,B
2021-06-18T09:33:22,1800.0,19.0,B
2021-06-18T09:33:19,3000.0,19.0,B
2021-06-18T09:33:09,1400.0,19.0,B
2021-06-18T09:33:09,1200.0,19.0,B
2021-06-18T09:33:09,10300.0,19.0,B
2021-06-18T09:33:06,500.0,18.95,B
2021-06-18T09:33:02,500.0,19.0,B
2021-06-18T09:32:25,500.0,19.0,B
2021-06-18T09:32:23,600.0,19.0,B
2021-06-18T09:31:51,2000.0,19.0,B
2021-06-18T09:31:50,100.0,18.95,B
2021-06-18T09:31:50,100.0,18.95,B
2021-06-18T09:30:58,1000.0,19.0,B
2021-06-18T09:30:26,1000.0,19.0,B
2021-06-18T09:30:18,500.0,19.0,B
2021-06-18T09:30:17,900.0,19.0,B
2021-06-18T09:30:17,4300.0,19.0,B
2021-06-18T09:29:35,2800.0,19.0,B
2021-06-18T09:29:15,1000.0,19.0,B
2021-06-18T09:29:05,2600.0,19.0,B
2021-06-18T09:28:51,300.0,18.9,S
2021-06-18T09:28:47,1000.0,18.9,S
2021-06-18T09:27:34,400.0,18.9,B
2021-06-18T09:27:12,700.0,18.85,B
2021-06-18T09:27:05,1000.0,18.85,B
2021-06-18T09:26:41,100.0,18.85,B
2021-06-18T09:26:32,100.0,18.85,B
2021-06-18T09:25:35,1000.0,18.85,B
2021-06-18T09:25:18,100.0,18.85,B
2021-06-18T09:24:26,900.0,18.85,B
2021-06-18T09:23:28,2000.0,18.85,B
2021-06-18T09:23:09,700.0,18.8,S
2021-06-18T09:23:07,1000.0,18.85,B
2021-06-18T09:21:50,100.0,18.85,B
2021-06-18T09:21:40,1000.0,18.85,B
2021-06-18T09:21:28,800.0,18.85,B
2021-06-18T09:20:45,2600.0,18.85,B
2021-06-18T09:19:34,100.0,19.0,B
2021-06-18T09:19:30,100.0,18.85,B
2021-06-18T09:18:50,1000.0,18.85,B
2021-06-18T09:17:50,1000.0,18.85,B
2021-06-18T09:17:08,1000.0,18.85,B
