tradingTime,volume,price,side
2021-06-18T14:30:12,9400.0,4.67,B
2021-06-18T14:30:12,10600.0,4.67,S
2021-06-18T14:27:38,2000.0,4.68,B
2021-06-18T14:27:26,3000.0,4.68,B
2021-06-18T14:25:51,1500.0,4.68,B
2021-06-18T14:25:43,1400.0,4.67,S
2021-06-18T14:23:35,200.0,4.68,B
2021-06-18T14:22:42,3900.0,4.67,S
2021-06-18T14:22:42,1100.0,4.67,S
2021-06-18T14:21:31,100.0,4.68,B
2021-06-18T14:21:30,300.0,4.68,B
2021-06-18T14:20:21,1000.0,4.68,B
2021-06-18T14:20:11,5000.0,4.68,B
2021-06-18T14:17:20,300.0,4.68,B
2021-06-18T14:15:53,200.0,4.68,B
2021-06-18T14:15:46,600.0,4.68,B
2021-06-18T14:14:53,1000.0,4.68,B
2021-06-18T14:14:35,1000.0,4.67,S
2021-06-18T14:14:16,100.0,4.68,B
2021-06-18T14:13:40,5000.0,4.67,S
2021-06-18T14:13:36,1000.0,4.68,B
2021-06-18T14:13:33,300.0,4.68,B
2021-06-18T14:13:11,2900.0,4.67,B
2021-06-18T14:13:00,2000.0,4.67,B
2021-06-18T14:12:46,1000.0,4.67,B
2021-06-18T14:12:12,100.0,4.67,B
2021-06-18T14:11:12,600.0,4.65,S
2021-06-18T14:11:11,1000.0,4.66,B
2021-06-18T14:11:07,200.0,4.66,B
2021-06-18T14:11:02,10000.0,4.66,B
2021-06-18T14:10:48,200.0,4.66,B
2021-06-18T14:10:36,5000.0,4.65,S
2021-06-18T14:10:30,10000.0,4.66,B
2021-06-18T14:10:23,5000.0,4.65,S
2021-06-18T14:10:18,10200.0,4.66,B
2021-06-18T14:09:55,800.0,4.65,S
2021-06-18T14:09:55,100.0,4.66,B
2021-06-18T14:09:53,200.0,4.66,B
2021-06-18T14:09:43,1900.0,4.65,S
2021-06-18T14:09:43,6000.0,4.65,S
2021-06-18T14:09:43,22100.0,4.65,S
2021-06-18T14:09:38,1700.0,4.66,B
2021-06-18T14:09:35,10000.0,4.65,S
2021-06-18T14:09:33,300.0,4.66,B
2021-06-18T14:09:22,5200.0,4.65,S
2021-06-18T14:09:22,20000.0,4.65,S
2021-06-18T14:09:21,300.0,4.65,S
2021-06-18T14:09:21,34500.0,4.65,S
2021-06-18T14:08:45,5000.0,4.66,B
2021-06-18T14:08:41,900.0,4.66,B
2021-06-18T14:08:24,1000.0,4.66,S
2021-06-18T14:08:14,300.0,4.66,S
2021-06-18T14:08:12,200.0,4.66,S
2021-06-18T14:08:01,300.0,4.66,S
2021-06-18T14:07:56,200.0,4.66,S
2021-06-18T14:07:48,300.0,4.66,S
2021-06-18T14:07:39,300.0,4.66,S
2021-06-18T14:07:31,4500.0,4.66,S
2021-06-18T14:07:31,10100.0,4.66,S
2021-06-18T14:07:31,21900.0,4.67,S
2021-06-18T14:06:18,4300.0,4.67,S
2021-06-18T14:06:18,5700.0,4.67,S
2021-06-18T14:06:11,3000.0,4.68,B
2021-06-18T14:06:04,900.0,4.68,B
2021-06-18T14:05:55,300.0,4.68,B
2021-06-18T14:05:55,41100.0,4.68,B
2021-06-18T14:05:40,5400.0,4.68,B
2021-06-18T14:05:40,100.0,4.67,S
2021-06-18T14:05:39,100.0,4.67,S
2021-06-18T14:05:20,100.0,4.68,B
2021-06-18T14:05:20,1900.0,4.68,B
2021-06-18T14:04:56,300.0,4.68,B
2021-06-18T14:04:05,3300.0,4.67,S
2021-06-18T14:03:29,300.0,4.67,S
2021-06-18T14:03:22,5000.0,4.67,S
2021-06-18T14:03:07,200.0,4.68,S
2021-06-18T14:02:56,4400.0,4.67,S
2021-06-18T14:02:56,300.0,4.68,S
2021-06-18T14:02:54,5300.0,4.68,S
2021-06-18T14:02:54,1000.0,4.69,B
2021-06-18T14:02:36,5000.0,4.68,S
2021-06-18T14:02:21,2500.0,4.68,S
2021-06-18T14:02:14,6800.0,4.68,S
2021-06-18T14:02:14,300.0,4.68,S
2021-06-18T14:02:14,2900.0,4.68,S
2021-06-18T14:01:56,100.0,4.68,S
2021-06-18T14:00:40,1700.0,4.68,S
2021-06-18T14:00:40,3300.0,4.68,S
2021-06-18T14:00:31,2700.0,4.68,S
2021-06-18T14:00:31,2300.0,4.68,S
2021-06-18T14:00:31,2400.0,4.68,S
2021-06-18T14:00:31,1300.0,4.68,S
2021-06-18T14:00:31,100.0,4.68,S
2021-06-18T14:00:31,18100.0,4.68,S
2021-06-18T13:59:34,200.0,4.69,S
2021-06-18T13:59:24,10000.0,4.7,B
2021-06-18T13:59:17,8000.0,4.69,S
2021-06-18T13:59:14,800.0,4.7,B
2021-06-18T13:59:11,600.0,4.69,S
2021-06-18T13:58:52,400.0,4.69,S
2021-06-18T13:58:41,10000.0,4.69,S
2021-06-18T13:58:36,700.0,4.69,S
2021-06-18T13:58:36,1300.0,4.69,S
2021-06-18T13:57:52,300.0,4.69,S
2021-06-18T13:56:51,200.0,4.69,S
2021-06-18T13:56:31,100.0,4.69,S
2021-06-18T13:56:06,200.0,4.7,B
2021-06-18T13:55:56,100.0,4.7,S
2021-06-18T13:55:46,2100.0,4.7,S
2021-06-18T13:55:45,4000.0,4.7,S
2021-06-18T13:55:29,1000.0,4.7,S
2021-06-18T13:55:24,100.0,4.7,S
2021-06-18T13:54:59,500.0,4.7,S
2021-06-18T13:54:06,200.0,4.71,B
2021-06-18T13:53:47,200.0,4.7,B
2021-06-18T13:53:37,4200.0,4.7,B
2021-06-18T13:53:29,200.0,4.7,B
2021-06-18T13:53:07,1200.0,4.7,B
2021-06-18T13:52:30,300.0,4.7,B
2021-06-18T13:52:14,200.0,4.7,S
2021-06-18T13:52:00,9100.0,4.7,S
2021-06-18T13:51:32,900.0,4.7,S
2021-06-18T13:51:32,11500.0,4.7,S
2021-06-18T13:51:32,3000.0,4.7,S
2021-06-18T13:51:32,2000.0,4.7,S
2021-06-18T13:51:32,6000.0,4.7,S
2021-06-18T13:51:32,1600.0,4.7,S
2021-06-18T13:51:22,4800.0,4.72,S
2021-06-18T13:50:51,4000.0,4.72,S
2021-06-18T13:50:48,200.0,4.72,S
2021-06-18T13:50:45,1600.0,4.72,S
2021-06-18T13:50:41,1000.0,4.72,S
2021-06-18T13:50:34,3400.0,4.72,S
2021-06-18T13:50:25,2000.0,4.72,S
2021-06-18T13:49:52,2000.0,4.72,B
2021-06-18T13:49:46,2500.0,4.72,B
2021-06-18T13:49:46,400.0,4.72,B
2021-06-18T13:49:46,6700.0,4.72,B
2021-06-18T13:49:46,2600.0,4.72,B
2021-06-18T13:49:46,34400.0,4.71,B
2021-06-18T13:49:27,2500.0,4.7,B
2021-06-18T13:49:19,1000.0,4.7,B
2021-06-18T13:49:06,5000.0,4.7,B
2021-06-18T13:49:06,1500.0,4.7,B
2021-06-18T13:49:05,1000.0,4.7,B
2021-06-18T13:48:56,15000.0,4.69,S
2021-06-18T13:48:55,36000.0,4.7,B
2021-06-18T13:48:47,7000.0,4.7,B
2021-06-18T13:48:47,3700.0,4.7,B
2021-06-18T13:48:46,9300.0,4.7,B
2021-06-18T13:48:44,2000.0,4.7,B
2021-06-18T13:48:35,200.0,4.7,B
2021-06-18T13:47:55,100.0,4.7,B
2021-06-18T13:47:54,1000.0,4.7,B
2021-06-18T13:46:51,200.0,4.69,B
2021-06-18T13:46:44,1700.0,4.69,B
2021-06-18T13:46:44,2300.0,4.69,B
2021-06-18T13:46:43,4500.0,4.69,B
2021-06-18T13:46:38,100.0,4.69,B
2021-06-18T13:46:37,3000.0,4.69,B
2021-06-18T13:46:27,800.0,4.68,S
2021-06-18T13:46:27,9200.0,4.68,S
2021-06-18T13:46:22,5000.0,4.69,B
2021-06-18T13:46:20,1600.0,4.69,B
2021-06-18T13:46:12,11000.0,4.69,B
2021-06-18T13:46:09,100.0,4.69,B
2021-06-18T13:45:55,600.0,4.69,B
2021-06-18T13:45:53,50000.0,4.69,B
2021-06-18T13:45:45,100.0,4.69,B
2021-06-18T13:45:39,300.0,4.69,B
2021-06-18T13:45:28,100.0,4.69,B
2021-06-18T13:45:27,5000.0,4.69,B
2021-06-18T13:44:58,2000.0,4.69,B
2021-06-18T13:44:47,1000.0,4.68,S
2021-06-18T13:44:36,1000.0,4.69,B
2021-06-18T13:44:31,10000.0,4.68,S
2021-06-18T13:44:30,200.0,4.69,B
2021-06-18T13:44:24,100.0,4.69,B
2021-06-18T13:44:12,5500.0,4.69,B
2021-06-18T13:43:55,1000.0,4.69,B
2021-06-18T13:43:47,500.0,4.69,B
2021-06-18T13:43:39,300.0,4.69,B
2021-06-18T13:43:35,500.0,4.69,B
2021-06-18T13:43:12,10000.0,4.69,B
2021-06-18T13:42:55,500.0,4.69,B
2021-06-18T13:42:44,20000.0,4.69,B
2021-06-18T13:42:44,300.0,4.69,B
2021-06-18T13:42:25,500.0,4.69,S
2021-06-18T13:42:19,12000.0,4.69,S
2021-06-18T13:42:14,200.0,4.69,S
2021-06-18T13:42:13,2000.0,4.68,S
2021-06-18T13:41:55,5000.0,4.69,S
2021-06-18T13:41:44,2800.0,4.69,S
2021-06-18T13:41:44,1300.0,4.69,S
2021-06-18T13:41:44,6500.0,4.69,S
2021-06-18T13:41:26,4200.0,4.7,B
2021-06-18T13:41:21,100.0,4.7,B
2021-06-18T13:40:42,500.0,4.7,B
2021-06-18T13:40:14,1200.0,4.69,S
2021-06-18T13:39:56,500.0,4.7,B
2021-06-18T13:39:33,200.0,4.7,B
2021-06-18T13:39:22,200.0,4.7,B
2021-06-18T13:39:08,3000.0,4.7,B
2021-06-18T13:38:19,500.0,4.7,B
2021-06-18T13:38:07,200.0,4.7,B
2021-06-18T13:37:52,100.0,4.7,B
2021-06-18T13:37:33,4100.0,4.7,B
2021-06-18T13:37:09,100.0,4.7,B
2021-06-18T13:36:58,30000.0,4.69,S
2021-06-18T13:36:33,1000.0,4.69,S
2021-06-18T13:36:18,1000.0,4.69,S
2021-06-18T13:35:25,100.0,4.69,S
2021-06-18T13:33:54,300.0,4.7,B
2021-06-18T13:33:51,1000.0,4.7,B
2021-06-18T13:33:29,400.0,4.69,B
2021-06-18T13:33:17,100.0,4.69,B
2021-06-18T13:33:11,1700.0,4.7,B
2021-06-18T13:33:08,2000.0,4.69,B
2021-06-18T13:32:56,500.0,4.69,S
2021-06-18T13:32:44,200.0,4.69,S
2021-06-18T13:32:10,1600.0,4.69,B
2021-06-18T13:32:06,10300.0,4.69,B
2021-06-18T13:31:32,1000.0,4.69,B
2021-06-18T13:31:17,200.0,4.69,B
2021-06-18T13:31:11,300.0,4.69,B
2021-06-18T13:31:06,100.0,4.69,B
2021-06-18T13:31:02,1000.0,4.69,B
2021-06-18T13:30:54,10000.0,4.7,B
2021-06-18T13:30:47,13800.0,4.7,B
2021-06-18T13:30:37,3400.0,4.68,S
2021-06-18T13:30:14,1000.0,4.68,S
2021-06-18T13:29:46,1600.0,4.68,S
2021-06-18T13:29:46,2800.0,4.68,S
2021-06-18T13:29:44,8000.0,4.68,S
2021-06-18T13:29:21,1000.0,4.68,S
2021-06-18T13:29:14,100.0,4.69,B
2021-06-18T13:29:04,600.0,4.69,B
2021-06-18T13:28:50,500.0,4.69,B
2021-06-18T13:28:22,200.0,4.69,B
2021-06-18T13:28:09,100.0,4.69,B
2021-06-18T13:27:18,8000.0,4.69,B
2021-06-18T13:27:13,300.0,4.69,B
2021-06-18T13:26:55,2000.0,4.68,S
2021-06-18T13:26:55,500.0,4.69,B
2021-06-18T13:26:45,500.0,4.69,B
2021-06-18T13:26:11,1400.0,4.68,S
2021-06-18T13:25:43,5000.0,4.68,S
2021-06-18T13:25:36,200.0,4.69,B
2021-06-18T13:25:32,500.0,4.69,B
2021-06-18T13:24:44,100.0,4.69,B
2021-06-18T13:24:07,2000.0,4.68,S
2021-06-18T13:24:00,45000.0,4.68,S
2021-06-18T13:23:52,3000.0,4.68,S
2021-06-18T13:23:20,9000.0,4.7,B
2021-06-18T13:23:20,2900.0,4.7,B
2021-06-18T13:23:13,200.0,4.69,B
2021-06-18T13:23:07,1000.0,4.69,B
2021-06-18T13:22:55,3600.0,4.69,B
2021-06-18T13:22:55,1400.0,4.69,B
2021-06-18T13:22:39,100.0,4.69,S
2021-06-18T13:22:36,7500.0,4.69,S
2021-06-18T13:22:33,1000.0,4.69,S
2021-06-18T13:22:27,10000.0,4.68,S
2021-06-18T13:22:16,5000.0,4.69,S
2021-06-18T13:22:10,300.0,4.69,S
2021-06-18T13:21:45,4200.0,4.69,S
2021-06-18T13:21:44,2000.0,4.7,B
2021-06-18T13:21:40,300.0,4.69,S
2021-06-18T13:21:33,2000.0,4.69,S
2021-06-18T13:21:29,1500.0,4.69,S
2021-06-18T13:21:29,42000.0,4.69,S
2021-06-18T13:21:24,400.0,4.69,S
2021-06-18T13:21:16,100.0,4.69,S
2021-06-18T13:21:15,100.0,4.69,S
2021-06-18T13:21:11,100.0,4.69,S
2021-06-18T13:21:06,5100.0,4.69,S
2021-06-18T13:21:01,100.0,4.69,S
2021-06-18T13:20:53,10000.0,4.69,S
2021-06-18T13:20:48,1100.0,4.69,S
2021-06-18T13:20:25,8900.0,4.69,B
2021-06-18T13:20:09,500.0,4.69,B
2021-06-18T13:19:59,4000.0,4.69,B
2021-06-18T13:19:17,3500.0,4.69,S
2021-06-18T13:19:16,100.0,4.69,S
2021-06-18T13:18:40,9200.0,4.69,S
2021-06-18T13:18:40,3000.0,4.69,S
2021-06-18T13:18:34,2000.0,4.69,S
2021-06-18T13:18:31,2200.0,4.69,S
2021-06-18T13:18:23,100.0,4.69,S
2021-06-18T13:18:09,2900.0,4.69,S
2021-06-18T13:17:04,6400.0,4.69,S
2021-06-18T13:17:03,5000.0,4.7,B
2021-06-18T13:15:57,100.0,4.7,B
2021-06-18T13:15:04,6800.0,4.7,B
2021-06-18T13:15:04,3000.0,4.7,B
2021-06-18T13:15:04,500.0,4.7,B
2021-06-18T13:15:04,89700.0,4.7,B
2021-06-18T13:14:59,1000.0,4.69,S
2021-06-18T13:14:42,16300.0,4.69,S
2021-06-18T13:14:39,10000.0,4.69,S
2021-06-18T13:14:38,100.0,4.7,B
2021-06-18T13:14:12,7500.0,4.7,B
2021-06-18T13:14:00,7000.0,4.7,B
2021-06-18T13:13:11,2000.0,4.7,B
2021-06-18T13:11:30,1000.0,4.7,B
2021-06-18T13:10:59,9300.0,4.7,S
2021-06-18T13:10:34,100.0,4.71,B
2021-06-18T13:10:01,100.0,4.71,B
2021-06-18T13:09:59,900.0,4.7,S
2021-06-18T13:09:57,1000.0,4.71,B
2021-06-18T13:09:33,3100.0,4.69,S
2021-06-18T13:09:33,3300.0,4.7,S
2021-06-18T13:09:24,2000.0,4.7,S
2021-06-18T13:08:52,400.0,4.7,S
2021-06-18T13:08:45,6500.0,4.7,S
2021-06-18T13:08:39,500.0,4.71,B
2021-06-18T13:07:45,5000.0,4.71,B
2021-06-18T13:07:43,1000.0,4.7,S
2021-06-18T13:07:43,1000.0,4.7,S
2021-06-18T13:07:39,4500.0,4.7,S
2021-06-18T13:06:45,6500.0,4.7,S
2021-06-18T13:06:34,400.0,4.7,S
2021-06-18T13:06:27,800.0,4.7,S
2021-06-18T13:06:19,400.0,4.7,S
2021-06-18T13:06:10,700.0,4.7,S
2021-06-18T13:06:04,600.0,4.7,S
2021-06-18T13:05:52,9300.0,4.71,S
2021-06-18T13:05:51,1100.0,4.71,S
2021-06-18T13:05:39,500.0,4.71,S
2021-06-18T13:05:33,900.0,4.71,S
2021-06-18T13:05:25,200.0,4.71,S
2021-06-18T13:04:45,100.0,4.71,B
2021-06-18T13:04:26,100.0,4.72,B
2021-06-18T13:04:25,100.0,4.72,B
2021-06-18T13:04:15,300.0,4.72,B
2021-06-18T13:04:12,11000.0,4.71,B
2021-06-18T13:04:12,100.0,4.7,B
2021-06-18T13:04:03,100.0,4.7,B
2021-06-18T13:04:03,8000.0,4.7,B
2021-06-18T13:03:56,5000.0,4.7,B
2021-06-18T13:03:15,1000.0,4.69,S
2021-06-18T13:03:12,1000.0,4.7,B
2021-06-18T13:03:06,50000.0,4.7,B
2021-06-18T13:02:39,2600.0,4.7,B
2021-06-18T13:02:39,5600.0,4.7,B
2021-06-18T13:02:30,15000.0,4.7,S
2021-06-18T13:02:23,2300.0,4.7,S
2021-06-18T13:02:23,11200.0,4.7,S
2021-06-18T13:01:53,18000.0,4.7,S
2021-06-18T13:01:40,3600.0,4.7,S
2021-06-18T13:01:40,11400.0,4.7,S
2021-06-18T13:01:29,2200.0,4.71,S
2021-06-18T13:00:40,600.0,4.72,S
2021-06-18T13:00:37,100.0,4.72,S
2021-06-18T13:00:36,100.0,4.72,S
2021-06-18T13:00:34,800.0,4.72,S
2021-06-18T13:00:31,6500.0,4.71,S
2021-06-18T13:00:27,100.0,4.72,S
2021-06-18T13:00:27,5800.0,4.72,S
2021-06-18T11:29:31,300.0,4.72,S
2021-06-18T11:29:08,7600.0,4.71,S
2021-06-18T11:29:08,1100.0,4.72,S
2021-06-18T11:29:08,1300.0,4.72,S
2021-06-18T11:28:29,100.0,4.73,B
2021-06-18T11:25:56,100.0,4.73,B
2021-06-18T11:25:53,2000.0,4.72,S
2021-06-18T11:24:36,3000.0,4.72,S
2021-06-18T11:23:39,1300.0,4.72,S
2021-06-18T11:23:26,100.0,4.73,B
2021-06-18T11:21:32,1000.0,4.74,B
2021-06-18T11:21:16,900.0,4.72,S
2021-06-18T11:20:11,1500.0,4.74,B
2021-06-18T11:18:17,1500.0,4.74,B
2021-06-18T11:17:16,11200.0,4.72,S
2021-06-18T11:17:16,3800.0,4.72,S
2021-06-18T11:16:57,10000.0,4.72,S
2021-06-18T11:15:18,900.0,4.72,S
2021-06-18T11:14:32,300.0,4.74,B
2021-06-18T11:14:26,5000.0,4.73,S
2021-06-18T11:14:01,2000.0,4.73,S
2021-06-18T11:13:48,3500.0,4.74,B
2021-06-18T11:13:19,200.0,4.74,B
2021-06-18T11:13:11,8000.0,4.73,S
2021-06-18T11:12:31,2700.0,4.73,B
2021-06-18T11:12:24,2000.0,4.73,B
2021-06-18T11:11:00,2000.0,4.73,B
2021-06-18T11:10:49,1800.0,4.73,B
2021-06-18T11:09:37,100.0,4.73,B
2021-06-18T11:09:08,500.0,4.72,S
2021-06-18T11:08:55,200.0,4.72,S
2021-06-18T11:07:29,200.0,4.72,S
2021-06-18T11:07:21,100.0,4.72,S
2021-06-18T11:07:13,1100.0,4.72,S
2021-06-18T11:07:01,500.0,4.72,S
2021-06-18T11:06:22,1300.0,4.72,S
2021-06-18T11:06:22,1100.0,4.72,S
2021-06-18T11:05:47,300.0,4.72,S
2021-06-18T11:05:47,900.0,4.72,S
2021-06-18T11:05:13,1000.0,4.72,S
2021-06-18T11:04:21,100.0,4.72,S
2021-06-18T11:04:11,2600.0,4.72,S
2021-06-18T11:04:03,1700.0,4.72,S
2021-06-18T11:03:50,3000.0,4.72,B
2021-06-18T11:03:50,14800.0,4.71,B
2021-06-18T11:03:50,5400.0,4.7,B
2021-06-18T11:03:50,500.0,4.7,B
2021-06-18T11:03:45,1000.0,4.7,B
2021-06-18T11:03:39,1000.0,4.7,B
2021-06-18T11:03:36,500.0,4.7,B
2021-06-18T11:03:21,3000.0,4.7,B
2021-06-18T11:03:21,100.0,4.7,B
2021-06-18T11:02:53,5000.0,4.7,B
2021-06-18T11:02:48,100.0,4.7,B
2021-06-18T11:02:45,1000.0,4.7,B
2021-06-18T11:02:40,1000.0,4.7,B
2021-06-18T11:02:34,1000.0,4.7,B
2021-06-18T11:02:23,1000.0,4.7,B
2021-06-18T11:02:06,500.0,4.7,S
2021-06-18T11:02:06,1700.0,4.7,S
2021-06-18T11:02:06,13000.0,4.7,S
2021-06-18T11:02:01,21600.0,4.7,S
2021-06-18T11:02:01,100.0,4.7,S
2021-06-18T11:02:01,7200.0,4.7,S
2021-06-18T11:01:58,2000.0,4.7,S
2021-06-18T11:01:57,15000.0,4.7,S
2021-06-18T11:01:48,30000.0,4.7,S
2021-06-18T11:01:41,100.0,4.7,S
2021-06-18T11:01:35,2100.0,4.7,S
2021-06-18T11:01:35,5300.0,4.7,S
2021-06-18T11:01:35,1000.0,4.7,S
2021-06-18T11:01:35,11600.0,4.7,S
2021-06-18T11:01:35,800.0,4.71,B
2021-06-18T11:01:29,23800.0,4.7,S
2021-06-18T11:01:29,1700.0,4.7,S
2021-06-18T11:01:29,1000.0,4.7,S
2021-06-18T11:01:29,14000.0,4.7,S
2021-06-18T11:01:29,5700.0,4.7,S
2021-06-18T11:01:29,900.0,4.7,S
2021-06-18T11:01:29,2900.0,4.7,S
2021-06-18T11:01:15,9000.0,4.71,S
2021-06-18T11:00:47,28600.0,4.71,S
2021-06-18T11:00:47,1400.0,4.71,S
2021-06-18T11:00:42,50000.0,4.71,S
2021-06-18T11:00:27,5000.0,4.72,S
2021-06-18T11:00:27,5000.0,4.72,S
2021-06-18T11:00:18,30000.0,4.72,S
2021-06-18T11:00:08,4000.0,4.73,S
2021-06-18T11:00:02,6000.0,4.73,S
2021-06-18T10:59:52,100.0,4.73,S
2021-06-18T10:59:44,400.0,4.73,S
2021-06-18T10:59:42,1000.0,4.73,S
2021-06-18T10:59:29,600.0,4.73,S
2021-06-18T10:59:04,10000.0,4.73,S
2021-06-18T10:58:36,5900.0,4.73,S
2021-06-18T10:58:34,200.0,4.73,S
2021-06-18T10:58:02,3000.0,4.74,S
2021-06-18T10:57:57,500.0,4.74,S
2021-06-18T10:57:50,300.0,4.74,S
2021-06-18T10:57:26,5100.0,4.74,S
2021-06-18T10:57:24,14900.0,4.74,S
2021-06-18T10:57:24,2000.0,4.74,S
2021-06-18T10:57:24,500.0,4.74,S
2021-06-18T10:57:21,200.0,4.75,B
2021-06-18T10:56:37,10000.0,4.74,S
2021-06-18T10:55:21,500.0,4.74,S
2021-06-18T10:54:55,100.0,4.74,S
2021-06-18T10:54:33,700.0,4.74,S
2021-06-18T10:54:24,100.0,4.74,S
2021-06-18T10:54:24,800.0,4.74,S
2021-06-18T10:54:23,200.0,4.74,S
2021-06-18T10:54:22,2100.0,4.75,B
2021-06-18T10:53:48,100.0,4.74,S
2021-06-18T10:53:48,900.0,4.74,S
2021-06-18T10:53:43,3200.0,4.74,S
2021-06-18T10:52:38,1000.0,4.74,S
2021-06-18T10:52:23,5000.0,4.75,B
2021-06-18T10:52:11,400.0,4.74,S
2021-06-18T10:52:11,3600.0,4.74,S
2021-06-18T10:52:11,100.0,4.74,S
2021-06-18T10:52:11,900.0,4.74,S
2021-06-18T10:51:05,17100.0,4.75,S
2021-06-18T10:51:00,1400.0,4.75,S
2021-06-18T10:50:57,5000.0,4.76,B
2021-06-18T10:50:53,4700.0,4.75,S
2021-06-18T10:50:36,1000.0,4.76,B
2021-06-18T10:49:47,700.0,4.76,S
2021-06-18T10:49:33,2000.0,4.77,B
2021-06-18T10:48:04,1500.0,4.77,S
2021-06-18T10:47:40,14000.0,4.75,S
2021-06-18T10:47:27,100.0,4.78,B
2021-06-18T10:47:24,5000.0,4.77,S
2021-06-18T10:47:21,100.0,4.77,S
2021-06-18T10:47:17,500.0,4.77,S
2021-06-18T10:47:06,1000.0,4.77,S
2021-06-18T10:46:53,400.0,4.77,S
2021-06-18T10:46:53,600.0,4.77,S
2021-06-18T10:46:36,500.0,4.78,B
2021-06-18T10:46:31,100.0,4.78,B
2021-06-18T10:46:30,100.0,4.77,S
2021-06-18T10:46:08,400.0,4.77,S
2021-06-18T10:45:54,500.0,4.77,S
2021-06-18T10:45:50,200.0,4.77,S
2021-06-18T10:45:50,800.0,4.77,S
2021-06-18T10:45:25,500.0,4.77,S
2021-06-18T10:45:21,100.0,4.77,S
2021-06-18T10:45:04,100.0,4.77,S
2021-06-18T10:44:55,1500.0,4.78,B
2021-06-18T10:44:45,4400.0,4.77,S
2021-06-18T10:44:32,100.0,4.78,B
2021-06-18T10:43:50,200.0,4.77,S
2021-06-18T10:43:47,11300.0,4.77,S
2021-06-18T10:43:47,3000.0,4.78,B
2021-06-18T10:43:40,800.0,4.78,B
2021-06-18T10:43:40,9200.0,4.78,B
2021-06-18T10:43:23,5000.0,4.77,S
2021-06-18T10:43:21,200.0,4.77,S
2021-06-18T10:43:16,500.0,4.78,B
2021-06-18T10:43:03,1000.0,4.77,S
2021-06-18T10:42:56,100.0,4.77,S
2021-06-18T10:42:40,200.0,4.77,B
2021-06-18T10:42:35,100.0,4.77,B
2021-06-18T10:42:35,1000.0,4.77,B
2021-06-18T10:42:35,3000.0,4.77,B
2021-06-18T10:42:35,4700.0,4.77,B
2021-06-18T10:42:33,2000.0,4.76,S
2021-06-18T10:42:31,3000.0,4.76,S
2021-06-18T10:42:30,100.0,4.76,S
2021-06-18T10:42:27,2000.0,4.77,B
2021-06-18T10:41:45,400.0,4.76,S
2021-06-18T10:41:40,12200.0,4.77,B
2021-06-18T10:41:40,7800.0,4.77,B
2021-06-18T10:41:19,23600.0,4.76,S
2021-06-18T10:40:59,5100.0,4.76,B
2021-06-18T10:40:42,1200.0,4.76,B
2021-06-18T10:40:42,1800.0,4.76,B
2021-06-18T10:40:42,27000.0,4.76,B
2021-06-18T10:40:39,300.0,4.75,S
2021-06-18T10:40:17,5000.0,4.75,S
2021-06-18T10:40:17,5000.0,4.75,S
2021-06-18T10:39:33,19200.0,4.75,B
2021-06-18T10:39:21,3500.0,4.75,B
2021-06-18T10:39:04,2300.0,4.75,B
2021-06-18T10:39:01,1400.0,4.75,B
2021-06-18T10:38:57,100.0,4.75,B
2021-06-18T10:38:47,10000.0,4.75,B
2021-06-18T10:38:42,1000.0,4.75,B
2021-06-18T10:38:27,18300.0,4.75,B
2021-06-18T10:38:20,600.0,4.74,S
2021-06-18T10:38:04,300.0,4.75,B
2021-06-18T10:38:00,100.0,4.75,B
2021-06-18T10:37:59,400.0,4.74,S
2021-06-18T10:37:56,2000.0,4.75,B
2021-06-18T10:37:27,1000.0,4.75,B
2021-06-18T10:37:23,1000.0,4.75,B
2021-06-18T10:37:23,20000.0,4.75,B
2021-06-18T10:37:19,1100.0,4.75,B
2021-06-18T10:37:09,5000.0,4.75,B
2021-06-18T10:37:04,300.0,4.75,B
2021-06-18T10:37:04,200.0,4.75,B
2021-06-18T10:37:00,800.0,4.75,B
2021-06-18T10:37:00,1200.0,4.75,B
2021-06-18T10:36:56,1000.0,4.75,B
2021-06-18T10:36:22,10000.0,4.75,B
2021-06-18T10:36:22,2000.0,4.75,B
2021-06-18T10:36:08,5000.0,4.75,B
2021-06-18T10:35:57,200.0,4.74,S
2021-06-18T10:35:55,500.0,4.75,B
2021-06-18T10:35:51,200.0,4.75,B
2021-06-18T10:35:45,5200.0,4.75,B
2021-06-18T10:35:38,1900.0,4.74,S
2021-06-18T10:35:28,200.0,4.75,B
2021-06-18T10:34:52,4100.0,4.74,B
2021-06-18T10:34:02,300.0,4.74,B
2021-06-18T10:33:54,400.0,4.74,B
2021-06-18T10:33:51,100.0,4.74,B
2021-06-18T10:33:48,500.0,4.74,B
2021-06-18T10:33:29,8700.0,4.74,S
2021-06-18T10:33:29,1000.0,4.74,S
2021-06-18T10:33:28,22400.0,4.74,S
2021-06-18T10:33:25,200.0,4.75,B
2021-06-18T10:32:50,5000.0,4.74,S
2021-06-18T10:31:32,10000.0,4.74,S
2021-06-18T10:30:58,200.0,4.74,S
2021-06-18T10:30:44,7300.0,4.75,B
2021-06-18T10:30:10,2000.0,4.75,B
2021-06-18T10:29:41,800.0,4.75,B
2021-06-18T10:28:51,16400.0,4.75,B
2021-06-18T10:28:51,30600.0,4.75,B
2021-06-18T10:28:46,500.0,4.75,B
2021-06-18T10:28:35,5000.0,4.74,S
2021-06-18T10:28:25,100.0,4.75,B
2021-06-18T10:28:21,6800.0,4.75,B
2021-06-18T10:27:43,100.0,4.75,B
2021-06-18T10:27:30,3000.0,4.74,S
2021-06-18T10:27:27,700.0,4.75,B
2021-06-18T10:27:21,5000.0,4.74,S
2021-06-18T10:27:12,4000.0,4.75,B
2021-06-18T10:27:09,500.0,4.75,B
2021-06-18T10:26:23,100.0,4.74,S
2021-06-18T10:25:57,500.0,4.74,S
2021-06-18T10:25:54,600.0,4.74,S
2021-06-18T10:24:53,1100.0,4.74,B
2021-06-18T10:24:52,45600.0,4.74,B
2021-06-18T10:24:10,200.0,4.73,S
2021-06-18T10:23:18,15000.0,4.74,B
2021-06-18T10:23:12,1000.0,4.74,B
2021-06-18T10:23:01,300.0,4.73,S
2021-06-18T10:22:41,200.0,4.73,S
2021-06-18T10:22:39,500.0,4.73,S
2021-06-18T10:22:32,200.0,4.73,S
2021-06-18T10:22:16,100.0,4.73,S
2021-06-18T10:21:51,400.0,4.73,S
2021-06-18T10:21:44,500.0,4.73,S
2021-06-18T10:21:42,2500.0,4.73,S
2021-06-18T10:21:16,200.0,4.73,S
2021-06-18T10:21:15,10000.0,4.73,S
2021-06-18T10:21:13,2000.0,4.73,S
2021-06-18T10:21:00,1100.0,4.73,S
2021-06-18T10:20:50,400.0,4.73,S
2021-06-18T10:20:45,1400.0,4.73,S
2021-06-18T10:20:44,400.0,4.73,S
2021-06-18T10:20:36,1500.0,4.73,S
2021-06-18T10:20:33,900.0,4.73,S
2021-06-18T10:20:33,100.0,4.73,S
2021-06-18T10:20:12,100.0,4.73,S
2021-06-18T10:19:55,1300.0,4.73,S
2021-06-18T10:19:52,200.0,4.74,B
2021-06-18T10:19:49,100.0,4.73,S
2021-06-18T10:19:24,800.0,4.73,S
2021-06-18T10:19:09,1000.0,4.73,S
2021-06-18T10:18:24,200.0,4.74,B
2021-06-18T10:17:31,1000.0,4.74,B
2021-06-18T10:17:19,500.0,4.74,B
2021-06-18T10:16:28,500.0,4.74,S
2021-06-18T10:16:21,100.0,4.74,S
2021-06-18T10:16:20,1000.0,4.74,S
2021-06-18T10:16:20,21000.0,4.74,S
2021-06-18T10:16:20,26600.0,4.74,S
2021-06-18T10:16:20,10000.0,4.74,S
2021-06-18T10:15:10,400.0,4.75,B
2021-06-18T10:14:52,200.0,4.74,S
2021-06-18T10:14:50,700.0,4.74,S
2021-06-18T10:13:30,3000.0,4.75,S
2021-06-18T10:13:29,9800.0,4.75,S
2021-06-18T10:12:57,100.0,4.75,S
2021-06-18T10:12:53,500.0,4.75,S
2021-06-18T10:12:53,7000.0,4.75,S
2021-06-18T10:12:53,10000.0,4.75,S
2021-06-18T10:12:53,18500.0,4.75,S
2021-06-18T10:12:53,27500.0,4.75,S
2021-06-18T10:12:37,100.0,4.75,S
2021-06-18T10:12:13,500.0,4.76,B
2021-06-18T10:11:49,800.0,4.76,B
2021-06-18T10:11:16,2000.0,4.75,S
2021-06-18T10:11:12,2000.0,4.76,B
2021-06-18T10:10:29,2300.0,4.77,B
2021-06-18T10:10:29,500.0,4.76,B
2021-06-18T10:10:29,5500.0,4.76,B
2021-06-18T10:10:14,400.0,4.75,S
2021-06-18T10:10:11,1000.0,4.75,S
2021-06-18T10:10:02,4000.0,4.76,B
2021-06-18T10:09:15,5000.0,4.75,S
2021-06-18T10:08:45,1000.0,4.76,B
2021-06-18T10:08:16,200.0,4.76,B
2021-06-18T10:07:34,200.0,4.76,S
2021-06-18T10:07:34,9000.0,4.76,S
2021-06-18T10:06:58,100.0,4.76,S
2021-06-18T10:06:29,2700.0,4.76,S
2021-06-18T10:06:28,1800.0,4.76,S
2021-06-18T10:06:18,700.0,4.76,S
2021-06-18T10:05:38,1000.0,4.76,S
2021-06-18T10:05:37,300.0,4.76,S
2021-06-18T10:05:36,2800.0,4.77,B
2021-06-18T10:05:35,6200.0,4.77,B
2021-06-18T10:05:10,300.0,4.76,S
2021-06-18T10:05:02,1000.0,4.76,S
2021-06-18T10:04:30,400.0,4.77,B
2021-06-18T10:04:21,1000.0,4.77,B
2021-06-18T10:04:05,1100.0,4.76,S
2021-06-18T10:04:01,10000.0,4.76,S
2021-06-18T10:03:58,4000.0,4.76,S
2021-06-18T10:01:25,500.0,4.76,S
2021-06-18T10:01:25,5000.0,4.77,B
2021-06-18T10:00:23,100.0,4.77,B
2021-06-18T09:59:49,10000.0,4.77,B
2021-06-18T09:59:47,500.0,4.75,S
2021-06-18T09:59:10,300.0,4.75,S
2021-06-18T09:58:55,1000.0,4.75,S
2021-06-18T09:58:55,300.0,4.75,S
2021-06-18T09:58:49,100.0,4.76,B
2021-06-18T09:58:37,5000.0,4.76,B
2021-06-18T09:58:34,10000.0,4.76,B
2021-06-18T09:58:32,2000.0,4.75,S
2021-06-18T09:58:24,300.0,4.75,S
2021-06-18T09:58:12,700.0,4.76,B
2021-06-18T09:57:55,2300.0,4.76,B
2021-06-18T09:57:55,100.0,4.76,B
2021-06-18T09:57:55,22600.0,4.76,B
2021-06-18T09:57:33,1200.0,4.76,B
2021-06-18T09:57:27,30000.0,4.76,B
2021-06-18T09:57:12,1600.0,4.76,B
2021-06-18T09:57:12,18400.0,4.76,B
2021-06-18T09:56:49,2100.0,4.76,B
2021-06-18T09:56:49,1000.0,4.75,B
2021-06-18T09:56:49,5400.0,4.75,B
2021-06-18T09:56:49,1000.0,4.75,B
2021-06-18T09:56:49,15800.0,4.75,B
2021-06-18T09:56:49,4700.0,4.75,B
2021-06-18T09:56:34,1000.0,4.75,B
2021-06-18T09:56:18,1500.0,4.75,B
2021-06-18T09:56:12,1100.0,4.75,B
2021-06-18T09:56:12,3000.0,4.75,B
2021-06-18T09:56:12,5100.0,4.75,B
2021-06-18T09:54:42,500.0,4.74,B
2021-06-18T09:54:41,700.0,4.74,B
2021-06-18T09:54:36,10000.0,4.74,B
2021-06-18T09:54:36,2000.0,4.75,B
2021-06-18T09:53:53,500.0,4.74,B
2021-06-18T09:53:53,1500.0,4.75,B
2021-06-18T09:53:49,100.0,4.74,B
2021-06-18T09:53:30,1000.0,4.74,B
2021-06-18T09:53:14,400.0,4.74,B
2021-06-18T09:53:01,3700.0,4.74,B
2021-06-18T09:52:18,700.0,4.74,S
2021-06-18T09:52:16,3000.0,4.74,S
2021-06-18T09:52:16,100.0,4.74,S
2021-06-18T09:50:56,20000.0,4.74,S
2021-06-18T09:50:41,100.0,4.74,B
2021-06-18T09:50:32,38800.0,4.74,B
2021-06-18T09:50:29,100.0,4.73,B
2021-06-18T09:50:29,1500.0,4.73,B
2021-06-18T09:50:20,10400.0,4.72,S
2021-06-18T09:50:19,2000.0,4.71,S
2021-06-18T09:50:05,1000.0,4.72,S
2021-06-18T09:50:00,31400.0,4.72,S
2021-06-18T09:49:49,200.0,4.73,B
2021-06-18T09:49:35,1000.0,4.73,B
2021-06-18T09:49:35,4100.0,4.73,B
2021-06-18T09:49:24,20000.0,4.73,B
2021-06-18T09:49:22,7000.0,4.72,S
2021-06-18T09:48:56,7000.0,4.72,B
2021-06-18T09:48:55,10200.0,4.72,B
2021-06-18T09:48:26,500.0,4.72,B
2021-06-18T09:47:44,3000.0,4.72,B
2021-06-18T09:47:42,18800.0,4.72,B
2021-06-18T09:47:36,4000.0,4.71,S
2021-06-18T09:47:32,1000.0,4.71,S
2021-06-18T09:47:06,28300.0,4.71,S
2021-06-18T09:46:49,1000.0,4.7,S
2021-06-18T09:46:43,5000.0,4.71,S
2021-06-18T09:46:41,1000.0,4.71,S
2021-06-18T09:46:16,12000.0,4.71,S
2021-06-18T09:46:16,200.0,4.71,S
2021-06-18T09:46:03,11700.0,4.71,S
2021-06-18T09:46:00,1000.0,4.71,S
2021-06-18T09:45:56,10000.0,4.72,B
2021-06-18T09:45:54,20000.0,4.71,S
2021-06-18T09:45:53,200.0,4.72,B
2021-06-18T09:45:46,10000.0,4.72,B
2021-06-18T09:45:41,5000.0,4.71,S
2021-06-18T09:45:22,100.0,4.71,S
2021-06-18T09:45:22,200.0,4.72,B
2021-06-18T09:45:12,1000.0,4.71,S
2021-06-18T09:45:01,20000.0,4.72,S
2021-06-18T09:44:50,2000.0,4.71,S
2021-06-18T09:44:41,3000.0,4.72,S
2021-06-18T09:44:23,100.0,4.72,S
2021-06-18T09:44:23,6700.0,4.72,S
2021-06-18T09:44:10,100.0,4.72,S
2021-06-18T09:43:52,500.0,4.72,S
2021-06-18T09:43:25,100.0,4.73,B
2021-06-18T09:43:04,200.0,4.73,S
2021-06-18T09:41:07,16400.0,4.74,S
2021-06-18T09:41:07,1400.0,4.73,S
2021-06-18T09:41:07,100.0,4.73,S
2021-06-18T09:41:07,2100.0,4.73,S
2021-06-18T09:41:05,100.0,4.72,S
2021-06-18T09:40:50,500.0,4.72,S
2021-06-18T09:40:33,1100.0,4.73,S
2021-06-18T09:40:28,10700.0,4.71,S
2021-06-18T09:40:27,20000.0,4.73,S
2021-06-18T09:39:20,2000.0,4.73,S
2021-06-18T09:39:20,1000.0,4.73,S
2021-06-18T09:38:23,2000.0,4.73,S
2021-06-18T09:38:10,500.0,4.73,S
2021-06-18T09:37:58,5000.0,4.75,B
2021-06-18T09:37:47,1500.0,4.71,S
2021-06-18T09:37:47,300.0,4.71,S
2021-06-18T09:37:47,3200.0,4.72,S
2021-06-18T09:37:42,10000.0,4.75,B
2021-06-18T09:37:42,9500.0,4.75,B
2021-06-18T09:37:15,700.0,4.73,S
2021-06-18T09:37:09,100.0,4.75,B
2021-06-18T09:36:30,10000.0,4.75,B
2021-06-18T09:36:23,4000.0,4.75,B
2021-06-18T09:36:01,200.0,4.75,B
2021-06-18T09:35:53,11000.0,4.75,B
2021-06-18T09:35:48,3000.0,4.75,B
2021-06-18T09:35:48,100.0,4.75,B
2021-06-18T09:35:48,10000.0,4.75,B
2021-06-18T09:34:41,100.0,4.75,S
2021-06-18T09:34:33,500.0,4.75,S
2021-06-18T09:34:22,1100.0,4.75,S
2021-06-18T09:34:22,3000.0,4.75,S
2021-06-18T09:34:22,2400.0,4.75,S
2021-06-18T09:34:19,1000.0,4.75,S
2021-06-18T09:34:16,500.0,4.75,S
2021-06-18T09:34:12,3000.0,4.75,S
2021-06-18T09:34:12,13600.0,4.75,S
2021-06-18T09:34:12,1000.0,4.75,S
2021-06-18T09:34:12,2100.0,4.75,S
2021-06-18T09:34:12,700.0,4.75,S
2021-06-18T09:34:12,4000.0,4.75,S
2021-06-18T09:34:12,6100.0,4.75,S
2021-06-18T09:34:12,3100.0,4.75,S
2021-06-18T09:34:12,8300.0,4.75,S
2021-06-18T09:34:12,200.0,4.75,S
2021-06-18T09:34:12,1000.0,4.75,S
2021-06-18T09:34:11,3000.0,4.75,S
2021-06-18T09:34:06,300.0,4.76,B
2021-06-18T09:34:02,1000.0,4.76,B
2021-06-18T09:33:58,10000.0,4.75,S
2021-06-18T09:33:52,500.0,4.75,S
2021-06-18T09:33:33,400.0,4.76,B
2021-06-18T09:33:12,3900.0,4.76,S
2021-06-18T09:32:43,300.0,4.76,S
2021-06-18T09:32:33,600.0,4.76,S
2021-06-18T09:32:33,100.0,4.76,S
2021-06-18T09:32:32,2300.0,4.76,S
2021-06-18T09:32:19,14900.0,4.76,S
2021-06-18T09:32:19,1000.0,4.76,S
2021-06-18T09:32:19,14100.0,4.76,S
2021-06-18T09:32:09,4300.0,4.75,S
2021-06-18T09:32:09,8800.0,4.75,S
2021-06-18T09:32:05,100.0,4.76,S
2021-06-18T09:31:51,1000.0,4.76,S
2021-06-18T09:31:43,400.0,4.76,S
2021-06-18T09:31:43,300.0,4.75,S
2021-06-18T09:31:43,4300.0,4.75,S
2021-06-18T09:31:43,12300.0,4.75,S
2021-06-18T09:31:37,5000.0,4.75,S
2021-06-18T09:31:32,12000.0,4.76,S
2021-06-18T09:31:20,400.0,4.76,S
2021-06-18T09:30:52,400.0,4.76,S
2021-06-18T09:30:46,3200.0,4.75,S
2021-06-18T09:30:46,5100.0,4.75,S
2021-06-18T09:30:46,1700.0,4.75,S
2021-06-18T09:30:40,1000.0,4.76,S
2021-06-18T09:30:15,600.0,4.75,S
2021-06-18T09:30:15,1000.0,4.75,S
2021-06-18T09:30:15,1100.0,4.75,S
2021-06-18T09:30:15,1700.0,4.75,S
2021-06-18T09:30:15,2100.0,4.75,S
2021-06-18T09:30:15,2900.0,4.75,S
2021-06-18T09:30:15,600.0,4.75,S
2021-06-18T09:30:10,1000.0,4.76,S
2021-06-18T09:30:04,500.0,4.76,S
2021-06-18T09:29:59,100.0,4.76,S
2021-06-18T09:29:55,3000.0,4.76,S
2021-06-18T09:29:54,300.0,4.76,S
2021-06-18T09:29:54,1900.0,4.76,S
2021-06-18T09:29:54,1200.0,4.76,S
2021-06-18T09:29:46,3000.0,4.76,S
2021-06-18T09:29:35,100.0,4.76,S
2021-06-18T09:29:35,2000.0,4.76,S
2021-06-18T09:29:26,100.0,4.76,S
2021-06-18T09:29:17,300.0,4.76,S
2021-06-18T09:29:12,1000.0,4.76,S
2021-06-18T09:29:06,1000.0,4.76,S
2021-06-18T09:29:05,1100.0,4.76,S
2021-06-18T09:29:03,200.0,4.76,S
2021-06-18T09:28:44,900.0,4.76,S
2021-06-18T09:28:34,1900.0,4.77,B
2021-06-18T09:28:34,2100.0,4.77,B
2021-06-18T09:28:32,9000.0,4.76,S
2021-06-18T09:28:29,100.0,4.76,S
2021-06-18T09:28:25,500.0,4.76,S
2021-06-18T09:28:23,12000.0,4.76,S
2021-06-18T09:28:20,2000.0,4.76,S
2021-06-18T09:28:15,5000.0,4.76,S
2021-06-18T09:28:12,1200.0,4.76,S
2021-06-18T09:28:12,10100.0,4.76,S
2021-06-18T09:28:08,1000.0,4.77,B
2021-06-18T09:28:08,300.0,4.76,S
2021-06-18T09:28:05,9000.0,4.76,S
2021-06-18T09:28:04,8100.0,4.76,S
2021-06-18T09:28:03,5000.0,4.76,S
2021-06-18T09:28:01,5000.0,4.76,S
2021-06-18T09:27:57,1900.0,4.77,B
2021-06-18T09:27:39,10000.0,4.76,S
2021-06-18T09:27:37,30000.0,4.76,S
2021-06-18T09:27:33,900.0,4.76,S
2021-06-18T09:27:21,500.0,4.77,S
2021-06-18T09:27:16,100.0,4.77,S
2021-06-18T09:27:15,1500.0,4.77,S
2021-06-18T09:27:10,800.0,4.77,S
2021-06-18T09:27:09,900.0,4.77,S
2021-06-18T09:27:08,500.0,4.78,B
2021-06-18T09:27:04,5000.0,4.77,S
2021-06-18T09:26:57,5000.0,4.78,B
2021-06-18T09:26:54,500.0,4.78,B
2021-06-18T09:26:52,200.0,4.78,B
2021-06-18T09:26:45,14500.0,4.77,S
2021-06-18T09:26:36,10000.0,4.78,B
2021-06-18T09:25:27,24700.0,4.78,S
2021-06-18T09:25:21,8500.0,4.78,S
2021-06-18T09:25:02,700.0,4.79,S
2021-06-18T09:24:58,1200.0,4.79,S
2021-06-18T09:24:50,15000.0,4.79,S
2021-06-18T09:24:43,10000.0,4.8,B
2021-06-18T09:24:37,200.0,4.79,S
2021-06-18T09:24:35,900.0,4.79,S
2021-06-18T09:24:22,200.0,4.8,B
2021-06-18T09:24:20,500.0,4.8,B
2021-06-18T09:24:20,2000.0,4.79,S
2021-06-18T09:23:59,10000.0,4.8,B
2021-06-18T09:23:43,100.0,4.8,B
2021-06-18T09:23:12,500.0,4.8,B
2021-06-18T09:23:04,100.0,4.8,B
2021-06-18T09:23:03,1500.0,4.8,B
2021-06-18T09:23:01,200.0,4.8,B
2021-06-18T09:22:49,200.0,4.8,B
2021-06-18T09:22:47,300.0,4.8,B
2021-06-18T09:22:44,1000.0,4.8,B
2021-06-18T09:22:38,800.0,4.8,B
2021-06-18T09:22:36,1000.0,4.8,B
2021-06-18T09:22:19,10000.0,4.8,B
2021-06-18T09:22:09,400.0,4.8,B
2021-06-18T09:22:07,100.0,4.8,B
2021-06-18T09:21:59,2000.0,4.8,B
2021-06-18T09:21:52,100.0,4.8,B
2021-06-18T09:21:50,1000.0,4.8,B
2021-06-18T09:21:48,1000.0,4.8,B
2021-06-18T09:21:42,1000.0,4.8,B
2021-06-18T09:21:36,2200.0,4.8,B
2021-06-18T09:21:20,100.0,4.8,B
2021-06-18T09:21:17,100.0,4.8,B
2021-06-18T09:21:16,5000.0,4.8,B
2021-06-18T09:21:13,5000.0,4.8,B
2021-06-18T09:21:11,1000.0,4.8,B
2021-06-18T09:21:02,5000.0,4.8,B
2021-06-18T09:21:01,200.0,4.8,B
2021-06-18T09:20:59,200.0,4.79,S
2021-06-18T09:20:54,3000.0,4.8,B
2021-06-18T09:20:27,5000.0,4.8,B
2021-06-18T09:20:20,5000.0,4.8,B
2021-06-18T09:20:05,200.0,4.8,B
2021-06-18T09:20:01,7800.0,4.8,B
2021-06-18T09:19:50,100.0,4.8,B
2021-06-18T09:19:50,100.0,4.8,B
2021-06-18T09:19:50,13500.0,4.8,B
2021-06-18T09:19:41,10200.0,4.8,B
2021-06-18T09:19:32,100.0,4.8,B
2021-06-18T09:19:30,500.0,4.81,B
2021-06-18T09:19:27,200.0,4.8,B
2021-06-18T09:19:24,500.0,4.8,B
2021-06-18T09:19:23,500.0,4.8,B
2021-06-18T09:19:21,1900.0,4.8,B
2021-06-18T09:19:21,5000.0,4.8,B
2021-06-18T09:19:21,200.0,4.8,B
2021-06-18T09:18:58,800.0,4.8,B
2021-06-18T09:18:54,2100.0,4.8,B
2021-06-18T09:18:52,600.0,4.8,B
2021-06-18T09:18:46,5000.0,4.8,B
2021-06-18T09:18:44,1700.0,4.8,B
2021-06-18T09:18:36,3000.0,4.79,S
2021-06-18T09:18:26,1000.0,4.8,B
2021-06-18T09:18:20,300.0,4.8,B
2021-06-18T09:18:14,6300.0,4.8,B
2021-06-18T09:18:13,10000.0,4.8,B
2021-06-18T09:17:55,2700.0,4.8,B
2021-06-18T09:17:51,17600.0,4.8,B
2021-06-18T09:17:41,100.0,4.8,B
2021-06-18T09:17:34,200.0,4.8,B
2021-06-18T09:17:27,5000.0,4.8,B
2021-06-18T09:17:24,1000.0,4.8,B
2021-06-18T09:17:12,500.0,4.8,B
2021-06-18T09:17:07,400.0,4.8,B
2021-06-18T09:17:00,10000.0,4.79,S
2021-06-18T09:16:57,2000.0,4.8,B
2021-06-18T09:16:52,5000.0,4.79,S
2021-06-18T09:16:47,4000.0,4.8,B
2021-06-18T09:16:47,28900.0,4.8,B
2021-06-18T09:16:47,1100.0,4.8,B
2021-06-18T09:16:44,2000.0,4.79,S
2021-06-18T09:16:42,1000.0,4.79,S
2021-06-18T09:16:32,4300.0,4.8,B
2021-06-18T09:16:27,100.0,4.79,S
2021-06-18T09:16:19,700.0,4.8,B
2021-06-18T09:16:17,4000.0,4.79,S
2021-06-18T09:16:16,1500.0,4.8,B
2021-06-18T09:16:11,4900.0,4.79,S
2021-06-18T09:16:11,100.0,4.79,S
2021-06-18T09:16:11,900.0,4.79,S
2021-06-18T09:16:03,7400.0,4.79,S
2021-06-18T09:16:03,200.0,4.79,S
