tradingTime,volume,price,side
2021-06-18T14:27:52,100.0,7.44,S
2021-06-18T14:27:47,600.0,7.44,S
2021-06-18T14:27:28,1300.0,7.44,S
2021-06-18T14:27:28,3700.0,7.44,S
2021-06-18T14:26:33,4300.0,7.44,S
2021-06-18T14:26:33,700.0,7.44,S
2021-06-18T14:26:28,1000.0,7.44,S
2021-06-18T14:25:48,100.0,7.44,S
2021-06-18T14:23:10,1900.0,7.44,S
2021-06-18T14:22:26,300.0,7.44,S
2021-06-18T14:20:23,5000.0,7.44,S
2021-06-18T14:18:09,100.0,7.44,S
2021-06-18T14:17:55,900.0,7.44,S
2021-06-18T14:17:55,100.0,7.44,S
2021-06-18T14:17:13,200.0,7.44,S
2021-06-18T14:17:12,1100.0,7.44,S
2021-06-18T14:16:55,2000.0,7.44,S
2021-06-18T14:15:49,1000.0,7.44,S
2021-06-18T14:15:47,400.0,7.44,S
2021-06-18T14:15:25,400.0,7.44,S
2021-06-18T14:15:14,1000.0,7.44,S
2021-06-18T14:15:08,2000.0,7.44,S
2021-06-18T14:15:08,12500.0,7.44,S
2021-06-18T14:15:08,25000.0,7.44,S
2021-06-18T14:15:08,60500.0,7.44,S
2021-06-18T14:14:40,500.0,7.44,S
2021-06-18T14:14:32,200.0,7.44,S
2021-06-18T14:13:04,2000.0,7.44,S
2021-06-18T14:12:49,200.0,7.44,S
2021-06-18T14:12:32,700.0,7.44,S
2021-06-18T14:12:25,1000.0,7.44,S
2021-06-18T14:11:22,200.0,7.44,S
2021-06-18T14:11:13,200.0,7.44,S
2021-06-18T14:09:57,700.0,7.44,S
2021-06-18T14:09:22,200.0,7.44,S
2021-06-18T14:07:17,1000.0,7.44,S
2021-06-18T14:06:04,100.0,7.44,S
2021-06-18T14:05:55,300.0,7.44,S
2021-06-18T14:04:30,1000.0,7.44,S
2021-06-18T14:04:07,300.0,7.44,S
2021-06-18T14:03:37,2000.0,7.44,S
2021-06-18T14:02:50,2000.0,7.44,S
2021-06-18T14:00:48,500.0,7.44,S
2021-06-18T13:59:59,700.0,7.44,S
2021-06-18T13:59:41,2700.0,7.44,S
2021-06-18T13:59:26,5000.0,7.44,S
2021-06-18T13:59:24,500.0,7.44,S
2021-06-18T13:58:56,1000.0,7.44,S
2021-06-18T13:58:39,1000.0,7.44,S
2021-06-18T13:58:28,30000.0,7.44,S
2021-06-18T13:58:24,100.0,7.44,S
2021-06-18T13:58:08,500.0,7.44,S
2021-06-18T13:57:40,100.0,7.44,S
2021-06-18T13:56:46,4000.0,7.44,S
2021-06-18T13:55:58,1000.0,7.44,S
2021-06-18T13:55:56,400.0,7.44,S
2021-06-18T13:55:19,500.0,7.44,S
2021-06-18T13:54:36,1200.0,7.44,S
2021-06-18T13:54:36,1000.0,7.44,S
2021-06-18T13:54:24,2000.0,7.44,S
2021-06-18T13:54:17,1300.0,7.44,S
2021-06-18T13:54:16,1700.0,7.44,S
2021-06-18T13:52:56,100.0,7.44,S
2021-06-18T13:52:50,1000.0,7.44,S
2021-06-18T13:51:54,400.0,7.44,S
2021-06-18T13:51:45,1000.0,7.44,S
2021-06-18T13:51:01,500.0,7.44,S
2021-06-18T13:49:57,5000.0,7.44,S
2021-06-18T13:49:46,200.0,7.44,S
2021-06-18T13:49:44,20000.0,7.44,S
2021-06-18T13:47:51,200.0,7.44,S
2021-06-18T13:47:00,100.0,7.44,S
2021-06-18T13:46:31,5000.0,7.44,S
2021-06-18T13:45:59,2200.0,7.44,S
2021-06-18T13:45:38,1200.0,7.44,S
2021-06-18T13:45:09,100.0,7.44,S
2021-06-18T13:45:07,20000.0,7.44,S
2021-06-18T13:45:01,1000.0,7.44,S
2021-06-18T13:44:53,500.0,7.44,S
2021-06-18T13:44:36,4000.0,7.44,S
2021-06-18T13:44:14,1000.0,7.44,S
2021-06-18T13:44:06,100.0,7.44,S
2021-06-18T13:43:42,500.0,7.44,S
2021-06-18T13:43:16,100.0,7.44,S
2021-06-18T13:42:08,7000.0,7.44,S
2021-06-18T13:41:48,3000.0,7.44,S
2021-06-18T13:40:45,500.0,7.44,S
2021-06-18T13:40:40,500.0,7.44,S
2021-06-18T13:40:04,100.0,7.44,S
2021-06-18T13:40:03,100.0,7.44,S
2021-06-18T13:39:52,500.0,7.44,S
2021-06-18T13:39:50,4000.0,7.44,S
2021-06-18T13:38:48,100.0,7.44,S
2021-06-18T13:38:08,200.0,7.44,S
2021-06-18T13:38:07,100.0,7.44,S
2021-06-18T13:38:05,200.0,7.44,S
2021-06-18T13:38:04,10000.0,7.44,S
2021-06-18T13:37:46,1000.0,7.44,S
2021-06-18T13:37:29,100.0,7.44,S
2021-06-18T13:37:22,100.0,7.44,S
2021-06-18T13:37:14,400.0,7.44,S
2021-06-18T13:37:11,1000.0,7.44,S
2021-06-18T13:37:04,1000.0,7.44,S
2021-06-18T13:37:03,1000.0,7.44,S
2021-06-18T13:37:00,1000.0,7.44,S
2021-06-18T13:36:24,10000.0,7.44,S
2021-06-18T13:36:21,10000.0,7.44,S
2021-06-18T13:36:14,1300.0,7.44,S
2021-06-18T13:35:51,1000.0,7.44,S
2021-06-18T13:35:43,41000.0,7.44,S
2021-06-18T13:35:42,100.0,7.44,S
2021-06-18T13:34:47,800.0,7.44,S
2021-06-18T13:34:38,900.0,7.44,S
2021-06-18T13:34:33,5500.0,7.44,S
2021-06-18T13:34:21,1000.0,7.44,S
2021-06-18T13:33:39,100000.0,7.44,S
2021-06-18T13:33:20,1000.0,7.44,S
2021-06-18T13:32:57,500.0,7.44,S
2021-06-18T13:32:56,1000.0,7.44,S
2021-06-18T13:32:50,10000.0,7.44,S
2021-06-18T13:32:33,3000.0,7.44,S
2021-06-18T13:32:24,2000.0,7.44,S
2021-06-18T13:32:11,200.0,7.44,S
2021-06-18T13:31:57,5700.0,7.44,S
2021-06-18T13:31:57,1400.0,7.44,S
2021-06-18T13:31:57,200.0,7.44,S
2021-06-18T13:31:49,200.0,7.44,S
2021-06-18T13:31:32,1200.0,7.44,S
2021-06-18T13:31:15,2000.0,7.44,S
2021-06-18T13:30:55,1500.0,7.44,S
2021-06-18T13:30:23,3500.0,7.44,S
2021-06-18T13:30:20,1000.0,7.44,S
2021-06-18T13:30:10,300.0,7.44,S
2021-06-18T13:30:04,100.0,7.44,S
2021-06-18T13:30:00,1000.0,7.44,S
2021-06-18T13:29:29,300.0,7.44,S
2021-06-18T13:29:28,2000.0,7.44,S
2021-06-18T13:29:24,1000.0,7.44,S
2021-06-18T13:29:06,2500.0,7.44,S
2021-06-18T13:29:00,2000.0,7.44,S
2021-06-18T13:28:38,400.0,7.44,S
2021-06-18T13:27:47,1200.0,7.44,S
2021-06-18T13:26:50,1000.0,7.44,S
2021-06-18T13:26:24,1000.0,7.44,S
2021-06-18T13:26:19,1000.0,7.44,S
2021-06-18T13:26:07,100.0,7.44,S
2021-06-18T13:25:43,500.0,7.44,S
2021-06-18T13:25:36,500.0,7.44,S
2021-06-18T13:25:30,1000.0,7.44,S
2021-06-18T13:25:26,1600.0,7.44,S
2021-06-18T13:25:26,500.0,7.44,S
2021-06-18T13:25:20,500.0,7.44,S
2021-06-18T13:25:12,1200.0,7.44,S
2021-06-18T13:25:10,500.0,7.44,S
2021-06-18T13:25:05,5000.0,7.44,S
2021-06-18T13:24:14,6500.0,7.44,S
2021-06-18T13:24:13,20000.0,7.44,S
2021-06-18T13:24:10,5000.0,7.44,S
2021-06-18T13:23:57,500.0,7.44,S
2021-06-18T13:23:37,500.0,7.44,S
2021-06-18T13:23:28,100.0,7.44,S
2021-06-18T13:23:24,2900.0,7.44,S
2021-06-18T13:23:21,100.0,7.44,S
2021-06-18T13:23:19,1000.0,7.44,S
2021-06-18T13:23:14,1000.0,7.44,S
2021-06-18T13:23:10,900.0,7.44,S
2021-06-18T13:23:08,1000.0,7.44,S
2021-06-18T13:22:57,6000.0,7.44,S
2021-06-18T13:22:56,5000.0,7.44,S
2021-06-18T13:22:46,100.0,7.44,S
2021-06-18T13:22:33,11000.0,7.44,S
2021-06-18T13:22:27,300.0,7.44,S
2021-06-18T13:22:24,19200.0,7.44,S
2021-06-18T13:22:20,2000.0,7.44,S
2021-06-18T13:22:12,5000.0,7.44,S
2021-06-18T13:21:59,1000.0,7.44,S
2021-06-18T13:21:51,200.0,7.44,S
2021-06-18T13:21:47,2000.0,7.44,S
2021-06-18T13:21:45,600.0,7.44,S
2021-06-18T13:21:42,3000.0,7.44,S
2021-06-18T13:21:37,10000.0,7.44,S
2021-06-18T13:21:28,1000.0,7.44,S
2021-06-18T13:21:14,5000.0,7.44,S
2021-06-18T13:21:05,300.0,7.44,S
2021-06-18T13:21:01,5000.0,7.44,S
2021-06-18T13:20:58,9500.0,7.44,S
2021-06-18T13:20:30,300.0,7.44,S
2021-06-18T13:20:23,400.0,7.44,S
2021-06-18T13:20:21,1000.0,7.44,S
2021-06-18T13:20:20,20000.0,7.44,S
2021-06-18T13:20:13,4100.0,7.44,S
2021-06-18T13:20:09,200.0,7.44,S
2021-06-18T13:20:03,5000.0,7.44,S
2021-06-18T13:20:01,2000.0,7.44,S
2021-06-18T13:19:54,1000.0,7.44,S
2021-06-18T13:19:50,300.0,7.44,S
2021-06-18T13:19:47,4000.0,7.44,S
2021-06-18T13:19:42,20000.0,7.44,S
2021-06-18T13:19:41,200.0,7.44,S
2021-06-18T13:19:21,200.0,7.44,B
2021-06-18T13:19:15,1000.0,7.44,B
2021-06-18T13:19:13,2000.0,7.44,B
2021-06-18T13:19:12,100.0,7.44,B
2021-06-18T13:19:06,3000.0,7.44,B
2021-06-18T13:18:53,2100.0,7.44,B
2021-06-18T13:18:53,6000.0,7.44,B
2021-06-18T13:18:53,3000.0,7.44,B
2021-06-18T13:18:53,200.0,7.44,B
2021-06-18T13:18:53,4500.0,7.44,B
2021-06-18T13:18:53,1000.0,7.44,B
2021-06-18T13:18:53,500.0,7.44,B
2021-06-18T13:18:53,1500.0,7.44,B
2021-06-18T13:18:53,600.0,7.44,B
2021-06-18T13:18:53,9000.0,7.44,B
2021-06-18T13:18:53,2200.0,7.44,B
2021-06-18T13:18:53,300.0,7.44,B
2021-06-18T13:18:52,5100.0,7.44,B
2021-06-18T13:18:52,6300.0,7.44,B
2021-06-18T13:18:52,10000.0,7.44,B
2021-06-18T13:18:52,100.0,7.44,B
2021-06-18T13:18:52,5200.0,7.44,B
2021-06-18T13:18:52,800.0,7.44,B
2021-06-18T13:18:52,27600.0,7.44,B
2021-06-18T13:18:52,1000.0,7.44,B
2021-06-18T13:18:52,10500.0,7.44,B
2021-06-18T13:18:52,2500.0,7.44,B
2021-06-18T13:18:52,900.0,7.44,B
2021-06-18T13:18:52,500.0,7.44,B
2021-06-18T13:18:52,11500.0,7.44,B
2021-06-18T13:18:52,400.0,7.44,B
2021-06-18T13:18:52,1600.0,7.44,B
2021-06-18T13:18:52,2200.0,7.44,B
2021-06-18T13:18:52,2200.0,7.44,B
2021-06-18T13:18:52,10200.0,7.44,B
2021-06-18T13:18:52,1500.0,7.44,B
2021-06-18T13:18:52,2200.0,7.44,B
2021-06-18T13:18:52,100.0,7.44,B
2021-06-18T13:18:52,1000.0,7.44,B
2021-06-18T13:18:52,300.0,7.44,B
2021-06-18T13:18:52,10000.0,7.44,B
2021-06-18T13:18:52,500.0,7.44,B
2021-06-18T13:18:52,1100.0,7.44,B
2021-06-18T13:18:52,5200.0,7.44,B
2021-06-18T13:18:52,5500.0,7.44,B
2021-06-18T13:18:51,5100.0,7.44,B
2021-06-18T13:18:51,600.0,7.44,B
2021-06-18T13:18:51,90100.0,7.44,B
2021-06-18T13:18:51,10200.0,7.44,B
2021-06-18T13:18:51,100.0,7.44,B
2021-06-18T13:18:51,6000.0,7.44,B
2021-06-18T13:18:51,5700.0,7.44,B
2021-06-18T13:18:51,7100.0,7.44,B
2021-06-18T13:18:51,15000.0,7.44,B
2021-06-18T13:18:51,11000.0,7.44,B
2021-06-18T13:18:50,5000.0,7.44,B
2021-06-18T13:18:50,280000.0,7.44,B
2021-06-18T13:18:50,5000.0,7.44,B
2021-06-18T13:18:50,2000.0,7.44,B
2021-06-18T13:18:50,5700.0,7.44,B
2021-06-18T13:18:50,10300.0,7.44,B
2021-06-18T13:18:50,14100.0,7.44,B
2021-06-18T13:18:50,5400.0,7.44,B
2021-06-18T13:18:50,17500.0,7.44,B
2021-06-18T13:18:50,1000.0,7.44,B
2021-06-18T13:18:50,13300.0,7.44,B
2021-06-18T13:18:50,4400.0,7.44,B
2021-06-18T13:18:50,1000.0,7.44,B
2021-06-18T13:18:50,3700.0,7.44,B
2021-06-18T13:18:50,3300.0,7.44,B
2021-06-18T13:18:50,800.0,7.44,B
2021-06-18T13:18:49,16500.0,7.44,B
2021-06-18T13:18:49,58600.0,7.44,B
2021-06-18T13:18:49,78200.0,7.44,B
2021-06-18T13:18:49,1600.0,7.44,B
2021-06-18T13:18:49,3500.0,7.44,B
2021-06-18T13:18:49,1200.0,7.44,B
2021-06-18T13:18:49,1200.0,7.44,B
2021-06-18T13:18:49,72500.0,7.44,B
2021-06-18T13:18:49,8500.0,7.44,B
2021-06-18T13:18:49,10100.0,7.44,B
2021-06-18T13:18:49,5000.0,7.44,B
2021-06-18T13:18:49,35600.0,7.44,B
2021-06-18T13:18:45,10000.0,7.44,B
2021-06-18T13:18:44,100.0,7.44,B
2021-06-18T13:18:41,5200.0,7.44,B
2021-06-18T13:18:40,5000.0,7.44,B
2021-06-18T13:18:33,18900.0,7.44,B
2021-06-18T13:18:28,20000.0,7.44,B
2021-06-18T13:18:21,100.0,7.44,B
2021-06-18T13:18:16,43700.0,7.44,B
2021-06-18T13:18:16,56300.0,7.44,B
2021-06-18T13:18:15,41000.0,7.43,S
2021-06-18T13:18:12,100.0,7.44,B
2021-06-18T13:18:12,2000.0,7.43,S
2021-06-18T13:18:12,1000.0,7.43,S
2021-06-18T13:18:03,3000.0,7.44,B
2021-06-18T13:18:01,10000.0,7.43,S
2021-06-18T13:18:01,200.0,7.43,S
2021-06-18T13:18:00,5000.0,7.43,S
2021-06-18T13:17:52,300.0,7.44,B
2021-06-18T13:17:51,700.0,7.43,S
2021-06-18T13:17:49,1000.0,7.44,B
2021-06-18T13:17:48,1000.0,7.44,B
2021-06-18T13:17:48,1000.0,7.44,B
2021-06-18T13:17:45,1000.0,7.44,B
2021-06-18T13:17:44,1000.0,7.44,B
2021-06-18T13:17:42,3100.0,7.43,S
2021-06-18T13:17:29,1000.0,7.43,S
2021-06-18T13:17:29,7500.0,7.43,S
2021-06-18T13:17:29,8400.0,7.43,S
2021-06-18T13:17:21,100.0,7.44,B
2021-06-18T13:17:18,700.0,7.44,B
2021-06-18T13:17:09,900.0,7.44,B
2021-06-18T13:17:09,1100.0,7.44,B
2021-06-18T13:17:07,1100.0,7.44,B
2021-06-18T13:17:04,3200.0,7.44,B
2021-06-18T13:16:44,3400.0,7.44,B
2021-06-18T13:16:44,2500.0,7.44,B
2021-06-18T13:16:43,500.0,7.44,B
2021-06-18T13:16:43,11900.0,7.44,B
2021-06-18T13:16:43,10000.0,7.44,B
2021-06-18T13:16:43,1500.0,7.44,B
2021-06-18T13:16:43,4900.0,7.44,B
2021-06-18T13:16:43,5300.0,7.44,B
2021-06-18T13:16:38,4000.0,7.44,B
2021-06-18T13:16:35,900.0,7.44,B
2021-06-18T13:16:34,2500.0,7.43,B
2021-06-18T13:16:33,500.0,7.43,B
2021-06-18T13:16:31,500.0,7.43,B
2021-06-18T13:16:27,5000.0,7.44,B
2021-06-18T13:16:26,3700.0,7.44,B
2021-06-18T13:16:25,1600.0,7.43,B
2021-06-18T13:16:20,600.0,7.43,B
2021-06-18T13:16:19,1000.0,7.43,B
2021-06-18T13:16:18,1500.0,7.43,B
2021-06-18T13:16:18,1000.0,7.43,B
2021-06-18T13:16:17,3500.0,7.43,B
2021-06-18T13:16:16,1000.0,7.43,B
2021-06-18T13:16:15,4100.0,7.43,B
2021-06-18T13:16:15,900.0,7.43,B
2021-06-18T13:16:13,200.0,7.43,B
2021-06-18T13:16:13,1300.0,7.43,B
2021-06-18T13:16:07,2000.0,7.43,B
2021-06-18T13:16:05,3000.0,7.43,B
2021-06-18T13:15:59,100.0,7.42,S
2021-06-18T13:15:57,1000.0,7.43,B
2021-06-18T13:15:57,2800.0,7.43,B
2021-06-18T13:15:49,2700.0,7.44,B
2021-06-18T13:15:49,300.0,7.43,B
2021-06-18T13:15:47,1000.0,7.44,B
2021-06-18T13:15:45,1000.0,7.44,B
2021-06-18T13:15:41,100.0,7.44,B
2021-06-18T13:15:41,1600.0,7.44,B
2021-06-18T13:15:41,9100.0,7.44,B
2021-06-18T13:15:41,24200.0,7.44,B
2021-06-18T13:15:39,1000.0,7.43,B
2021-06-18T13:15:38,500.0,7.43,B
2021-06-18T13:15:38,10000.0,7.43,B
2021-06-18T13:15:37,1000.0,7.43,B
2021-06-18T13:15:36,500.0,7.43,B
2021-06-18T13:15:34,800.0,7.43,B
2021-06-18T13:15:32,1000.0,7.43,B
2021-06-18T13:15:30,900.0,7.43,B
2021-06-18T13:15:30,500.0,7.43,B
2021-06-18T13:15:27,1000.0,7.42,S
2021-06-18T13:15:27,1000.0,7.43,B
2021-06-18T13:15:26,1000.0,7.43,B
2021-06-18T13:15:26,800.0,7.43,B
2021-06-18T13:15:25,7200.0,7.43,B
2021-06-18T13:15:25,300.0,7.43,B
2021-06-18T13:15:23,2000.0,7.43,B
2021-06-18T13:15:23,5000.0,7.43,B
2021-06-18T13:15:22,100.0,7.43,B
2021-06-18T13:15:20,10000.0,7.42,S
2021-06-18T13:15:15,5000.0,7.43,B
2021-06-18T13:15:15,3000.0,7.43,B
2021-06-18T13:15:06,1000.0,7.43,B
2021-06-18T13:14:58,1000.0,7.43,B
2021-06-18T13:14:58,10000.0,7.43,B
2021-06-18T13:14:56,2000.0,7.42,S
2021-06-18T13:14:54,11100.0,7.43,B
2021-06-18T13:14:54,6400.0,7.43,B
2021-06-18T13:14:54,6900.0,7.43,B
2021-06-18T13:14:54,1000.0,7.43,B
2021-06-18T13:14:54,10800.0,7.43,B
2021-06-18T13:14:54,1900.0,7.43,B
2021-06-18T13:14:54,61900.0,7.43,B
2021-06-18T13:14:53,1000.0,7.43,B
2021-06-18T13:14:52,10000.0,7.43,B
2021-06-18T13:14:47,1000.0,7.43,B
2021-06-18T13:14:46,1100.0,7.42,S
2021-06-18T13:14:41,200.0,7.42,S
2021-06-18T13:14:40,400.0,7.42,S
2021-06-18T13:14:38,1000.0,7.42,S
2021-06-18T13:14:38,2700.0,7.42,S
2021-06-18T13:14:36,10000.0,7.42,S
2021-06-18T13:14:35,600.0,7.42,S
2021-06-18T13:14:33,500.0,7.42,B
2021-06-18T13:14:27,7000.0,7.42,B
2021-06-18T13:14:27,200.0,7.42,B
2021-06-18T13:14:27,4400.0,7.42,B
2021-06-18T13:14:19,5600.0,7.42,B
2021-06-18T13:14:10,800.0,7.4,S
2021-06-18T13:13:59,5000.0,7.42,B
2021-06-18T13:13:17,300.0,7.42,B
2021-06-18T13:13:10,2000.0,7.4,B
2021-06-18T13:13:07,5900.0,7.42,B
2021-06-18T13:13:07,2000.0,7.42,B
2021-06-18T13:13:07,300.0,7.42,B
2021-06-18T13:13:07,7000.0,7.42,B
2021-06-18T13:13:07,1800.0,7.41,B
2021-06-18T13:13:07,1800.0,7.41,B
2021-06-18T13:13:07,1100.0,7.41,B
2021-06-18T13:13:07,100.0,7.41,B
2021-06-18T13:13:05,1000.0,7.4,B
2021-06-18T13:13:05,1000.0,7.4,B
2021-06-18T13:13:05,4000.0,7.4,B
2021-06-18T13:13:04,4400.0,7.4,B
2021-06-18T13:13:02,100.0,7.4,B
2021-06-18T13:13:02,1900.0,7.4,B
2021-06-18T13:12:55,1200.0,7.4,B
2021-06-18T13:12:54,2400.0,7.4,B
2021-06-18T13:12:54,6000.0,7.4,B
2021-06-18T13:12:54,1200.0,7.4,B
2021-06-18T13:12:54,500.0,7.4,B
2021-06-18T13:12:52,8000.0,7.4,B
2021-06-18T13:12:52,8200.0,7.4,B
2021-06-18T13:12:52,600.0,7.4,B
2021-06-18T13:12:52,4200.0,7.4,B
2021-06-18T13:12:52,4800.0,7.4,B
2021-06-18T13:12:52,10200.0,7.4,B
2021-06-18T13:12:52,100.0,7.4,B
2021-06-18T13:12:52,2000.0,7.4,B
2021-06-18T13:12:52,200.0,7.4,B
2021-06-18T13:12:52,1500.0,7.4,B
2021-06-18T13:12:52,18200.0,7.4,B
2021-06-18T13:12:52,31900.0,7.4,B
2021-06-18T13:12:51,18000.0,7.4,B
2021-06-18T13:12:40,5000.0,7.4,B
2021-06-18T13:12:40,1000.0,7.4,B
2021-06-18T13:12:32,500.0,7.4,B
2021-06-18T13:12:31,20000.0,7.4,B
2021-06-18T13:12:31,6000.0,7.4,B
2021-06-18T13:12:30,1000.0,7.4,B
2021-06-18T13:12:28,3000.0,7.4,B
2021-06-18T13:12:26,1000.0,7.4,B
2021-06-18T13:12:26,6700.0,7.4,B
2021-06-18T13:12:24,5100.0,7.4,B
2021-06-18T13:12:22,5000.0,7.4,B
2021-06-18T13:12:22,10000.0,7.4,B
2021-06-18T13:12:21,5000.0,7.4,B
2021-06-18T13:12:21,10000.0,7.4,B
2021-06-18T13:12:21,50000.0,7.4,B
2021-06-18T13:12:07,2600.0,7.4,B
2021-06-18T13:12:06,10000.0,7.4,B
2021-06-18T13:12:06,20000.0,7.4,B
2021-06-18T13:11:59,500.0,7.4,B
2021-06-18T13:11:53,5000.0,7.4,B
2021-06-18T13:11:51,600.0,7.4,B
2021-06-18T13:11:29,5900.0,7.4,B
2021-06-18T13:11:29,4100.0,7.4,B
2021-06-18T13:11:28,10000.0,7.4,B
2021-06-18T13:11:27,2700.0,7.4,B
2021-06-18T13:11:27,17300.0,7.4,B
2021-06-18T13:11:17,100.0,7.4,B
2021-06-18T13:11:17,2600.0,7.4,B
2021-06-18T13:11:17,100.0,7.4,B
2021-06-18T13:11:17,2100.0,7.4,B
2021-06-18T13:11:17,300.0,7.4,B
2021-06-18T13:11:17,1200.0,7.4,B
2021-06-18T13:11:17,6000.0,7.4,B
2021-06-18T13:11:16,5000.0,7.4,B
2021-06-18T13:11:16,5000.0,7.4,B
2021-06-18T13:11:16,2400.0,7.4,B
2021-06-18T13:11:16,10000.0,7.4,B
2021-06-18T13:11:16,3300.0,7.4,B
2021-06-18T13:11:16,11000.0,7.4,B
2021-06-18T13:11:16,1000.0,7.4,B
2021-06-18T13:11:16,4900.0,7.4,B
2021-06-18T13:11:16,3500.0,7.4,B
2021-06-18T13:11:16,1900.0,7.4,B
2021-06-18T13:11:16,1500.0,7.4,B
2021-06-18T13:11:16,1700.0,7.4,B
2021-06-18T13:11:16,8000.0,7.4,B
2021-06-18T13:11:16,200.0,7.4,B
2021-06-18T13:11:16,8600.0,7.4,B
2021-06-18T13:11:16,2700.0,7.4,B
2021-06-18T13:11:16,3000.0,7.4,B
2021-06-18T13:11:16,6000.0,7.4,B
2021-06-18T13:11:16,1500.0,7.4,B
2021-06-18T13:11:16,300.0,7.4,B
2021-06-18T13:11:16,8800.0,7.4,B
2021-06-18T13:11:15,400.0,7.4,B
2021-06-18T13:11:15,3500.0,7.4,B
2021-06-18T13:11:15,11000.0,7.4,B
2021-06-18T13:11:15,1700.0,7.4,B
2021-06-18T13:11:15,27100.0,7.4,B
2021-06-18T13:11:15,700.0,7.4,B
2021-06-18T13:11:15,1600.0,7.4,B
2021-06-18T13:11:15,1100.0,7.4,B
2021-06-18T13:11:15,2900.0,7.4,B
2021-06-18T13:11:15,20000.0,7.39,S
2021-06-18T13:11:12,600.0,7.4,B
2021-06-18T13:11:12,2400.0,7.4,B
2021-06-18T13:11:07,8300.0,7.4,B
2021-06-18T13:11:03,2000.0,7.4,B
2021-06-18T13:11:00,400.0,7.4,B
2021-06-18T13:10:57,100.0,7.39,S
2021-06-18T13:10:57,1200.0,7.4,B
2021-06-18T13:10:57,1100.0,7.4,B
2021-06-18T13:10:57,2000.0,7.4,B
2021-06-18T13:10:57,8800.0,7.4,B
2021-06-18T13:10:57,2200.0,7.4,B
2021-06-18T13:10:57,1200.0,7.4,B
2021-06-18T13:10:57,20100.0,7.4,B
2021-06-18T13:10:57,8300.0,7.4,B
2021-06-18T13:10:57,3000.0,7.4,B
2021-06-18T13:10:54,2100.0,7.4,B
2021-06-18T13:10:54,500.0,7.4,B
2021-06-18T13:10:53,3000.0,7.4,B
2021-06-18T13:10:47,4900.0,7.4,B
2021-06-18T13:10:46,2400.0,7.4,B
2021-06-18T13:10:46,25200.0,7.4,B
2021-06-18T13:10:46,27000.0,7.4,B
2021-06-18T13:10:46,10000.0,7.4,B
2021-06-18T13:10:46,2200.0,7.4,B
2021-06-18T13:10:46,1100.0,7.4,B
2021-06-18T13:10:46,111000.0,7.4,B
2021-06-18T13:10:46,12000.0,7.4,B
2021-06-18T13:10:46,4200.0,7.4,B
2021-06-18T13:10:45,3000.0,7.39,S
2021-06-18T13:10:39,1000.0,7.4,B
2021-06-18T13:10:37,500.0,7.4,B
2021-06-18T13:10:36,1500.0,7.4,B
2021-06-18T13:10:28,1000.0,7.4,B
2021-06-18T13:10:27,1500.0,7.4,B
2021-06-18T13:10:09,300.0,7.4,B
2021-06-18T13:09:59,1000.0,7.4,B
2021-06-18T13:09:53,2000.0,7.39,S
2021-06-18T13:09:46,1000.0,7.4,B
2021-06-18T13:09:43,1000.0,7.4,B
2021-06-18T13:09:42,4000.0,7.4,B
2021-06-18T13:09:38,2500.0,7.4,B
2021-06-18T13:09:38,1400.0,7.4,B
2021-06-18T13:09:37,1000.0,7.4,B
2021-06-18T13:09:34,1000.0,7.39,S
2021-06-18T13:09:16,5000.0,7.4,B
2021-06-18T13:09:13,200.0,7.39,S
2021-06-18T13:09:01,5000.0,7.4,B
2021-06-18T13:09:01,1100.0,7.4,B
2021-06-18T13:09:01,7200.0,7.39,S
2021-06-18T13:09:00,2800.0,7.39,S
2021-06-18T13:08:38,13000.0,7.39,S
2021-06-18T13:08:34,600.0,7.39,S
2021-06-18T13:08:34,500.0,7.39,S
2021-06-18T13:08:31,500.0,7.39,S
2021-06-18T13:08:30,100.0,7.39,S
2021-06-18T13:08:27,700.0,7.4,B
2021-06-18T13:08:27,2000.0,7.4,B
2021-06-18T13:08:11,700.0,7.39,S
2021-06-18T13:08:11,200.0,7.39,S
2021-06-18T13:08:11,4100.0,7.39,S
2021-06-18T13:07:42,6900.0,7.39,B
2021-06-18T13:07:39,500.0,7.39,B
2021-06-18T13:07:34,2600.0,7.39,B
2021-06-18T13:07:32,1500.0,7.39,B
2021-06-18T13:07:23,5600.0,7.39,B
2021-06-18T13:07:23,200.0,7.39,B
2021-06-18T13:07:22,100.0,7.39,B
2021-06-18T13:07:17,1000.0,7.39,B
2021-06-18T13:07:03,5000.0,7.39,B
2021-06-18T13:06:50,5000.0,7.39,B
2021-06-18T13:06:42,100.0,7.38,B
2021-06-18T13:06:39,1000.0,7.39,B
2021-06-18T13:06:30,800.0,7.39,B
2021-06-18T13:06:28,12000.0,7.39,B
2021-06-18T13:06:25,1200.0,7.38,B
2021-06-18T13:06:25,3000.0,7.38,B
2021-06-18T13:06:22,4000.0,7.39,B
2021-06-18T13:06:21,200.0,7.38,B
2021-06-18T13:06:05,4000.0,7.39,B
2021-06-18T13:06:05,2300.0,7.39,B
2021-06-18T13:06:01,1000.0,7.38,B
2021-06-18T13:05:55,34500.0,7.39,B
2021-06-18T13:05:55,5000.0,7.39,B
2021-06-18T13:05:55,1300.0,7.39,B
2021-06-18T13:05:55,10600.0,7.39,B
2021-06-18T13:05:55,37300.0,7.39,B
2021-06-18T13:05:55,10000.0,7.39,B
2021-06-18T13:05:55,1300.0,7.39,B
2021-06-18T13:05:46,100.0,7.38,B
2021-06-18T13:05:34,1000.0,7.38,B
2021-06-18T13:05:23,5500.0,7.38,B
2021-06-18T13:05:23,3700.0,7.38,B
2021-06-18T13:05:23,200.0,7.38,B
2021-06-18T13:05:22,3300.0,7.38,B
2021-06-18T13:05:21,1700.0,7.38,B
2021-06-18T13:05:13,1300.0,7.38,B
2021-06-18T13:05:13,3700.0,7.38,B
2021-06-18T13:05:13,10000.0,7.38,B
2021-06-18T13:05:12,5000.0,7.37,S
2021-06-18T13:05:02,1000.0,7.38,B
2021-06-18T13:05:02,1000.0,7.38,B
2021-06-18T13:04:58,500.0,7.38,B
2021-06-18T13:04:45,5000.0,7.38,B
2021-06-18T13:04:42,500.0,7.38,B
2021-06-18T13:04:39,100.0,7.38,B
2021-06-18T13:04:36,46900.0,7.38,B
2021-06-18T13:04:36,1500.0,7.38,B
2021-06-18T13:04:36,1500.0,7.38,B
2021-06-18T13:04:36,100.0,7.38,B
2021-06-18T13:04:34,3800.0,7.36,S
2021-06-18T13:04:34,3600.0,7.36,S
2021-06-18T13:04:34,600.0,7.36,S
2021-06-18T13:04:34,10000.0,7.36,S
2021-06-18T13:04:34,5000.0,7.36,S
2021-06-18T13:04:34,14000.0,7.36,S
2021-06-18T13:04:22,5500.0,7.38,B
2021-06-18T13:04:16,100.0,7.37,S
2021-06-18T13:04:13,600.0,7.37,S
2021-06-18T13:04:04,200.0,7.37,S
2021-06-18T13:04:03,6300.0,7.37,S
2021-06-18T13:03:56,3700.0,7.37,S
2021-06-18T13:03:53,3000.0,7.38,B
2021-06-18T13:03:45,4000.0,7.38,B
2021-06-18T13:03:36,20000.0,7.38,B
2021-06-18T13:03:35,1000.0,7.37,S
2021-06-18T13:03:27,100.0,7.38,B
2021-06-18T13:03:18,10000.0,7.38,B
2021-06-18T13:03:04,3000.0,7.38,B
2021-06-18T13:03:03,8900.0,7.38,B
2021-06-18T13:03:03,3100.0,7.37,S
2021-06-18T13:03:03,1900.0,7.37,S
2021-06-18T13:03:01,8100.0,7.37,S
2021-06-18T13:02:54,2700.0,7.37,S
2021-06-18T13:02:54,300.0,7.37,S
2021-06-18T13:02:44,2500.0,7.37,S
2021-06-18T13:02:44,3000.0,7.38,B
2021-06-18T13:02:42,4800.0,7.38,B
2021-06-18T13:02:39,7200.0,7.38,B
2021-06-18T13:01:58,200.0,7.37,B
2021-06-18T13:01:58,1400.0,7.37,B
2021-06-18T13:01:50,600.0,7.37,B
2021-06-18T13:01:44,1000.0,7.37,B
2021-06-18T13:01:30,300.0,7.37,B
2021-06-18T13:01:21,300.0,7.37,B
2021-06-18T13:01:21,2400.0,7.37,B
2021-06-18T13:01:21,1000.0,7.37,B
2021-06-18T13:01:21,26300.0,7.37,B
2021-06-18T13:01:20,18400.0,7.37,B
2021-06-18T13:01:04,1000.0,7.36,B
2021-06-18T13:00:57,7000.0,7.37,B
2021-06-18T13:00:40,10000.0,7.36,B
2021-06-18T13:00:35,4000.0,7.36,B
2021-06-18T13:00:35,1000.0,7.36,B
2021-06-18T13:00:34,2000.0,7.36,B
2021-06-18T13:00:34,2100.0,7.36,B
2021-06-18T13:00:34,5100.0,7.36,B
2021-06-18T13:00:34,100.0,7.35,S
2021-06-18T13:00:33,1600.0,7.36,B
2021-06-18T13:00:33,2400.0,7.36,B
2021-06-18T13:00:33,3000.0,7.36,B
2021-06-18T13:00:33,400.0,7.36,B
2021-06-18T13:00:33,16300.0,7.36,B
2021-06-18T13:00:33,6400.0,7.36,B
2021-06-18T13:00:33,5200.0,7.36,B
2021-06-18T13:00:32,3000.0,7.35,S
2021-06-18T13:00:32,200.0,7.35,S
2021-06-18T13:00:31,500.0,7.35,S
2021-06-18T13:00:29,500.0,7.36,B
2021-06-18T13:00:29,3600.0,7.35,S
2021-06-18T13:00:29,100.0,7.35,S
2021-06-18T13:00:27,1000.0,7.35,S
2021-06-18T13:00:27,10000.0,7.36,B
2021-06-18T11:29:48,500.0,7.35,S
2021-06-18T11:29:40,2500.0,7.35,S
2021-06-18T11:29:28,500.0,7.35,S
2021-06-18T11:29:17,5500.0,7.35,B
2021-06-18T11:29:07,10000.0,7.35,B
2021-06-18T11:29:01,6000.0,7.35,B
2021-06-18T11:29:01,1000.0,7.35,B
2021-06-18T11:28:59,500.0,7.35,B
2021-06-18T11:28:41,1100.0,7.35,B
2021-06-18T11:28:41,1800.0,7.35,B
2021-06-18T11:28:41,7100.0,7.35,B
2021-06-18T11:28:22,300.0,7.35,B
2021-06-18T11:28:10,100.0,7.35,B
2021-06-18T11:28:08,1500.0,7.35,B
2021-06-18T11:28:02,5200.0,7.35,B
2021-06-18T11:28:02,200.0,7.35,B
2021-06-18T11:28:01,12400.0,7.35,B
2021-06-18T11:28:01,7200.0,7.35,B
2021-06-18T11:28:01,2000.0,7.35,B
2021-06-18T11:28:01,600.0,7.35,B
2021-06-18T11:28:01,2400.0,7.35,B
2021-06-18T11:27:31,8500.0,7.35,B
2021-06-18T11:27:11,2100.0,7.35,B
2021-06-18T11:26:44,1000.0,7.34,S
2021-06-18T11:26:41,2000.0,7.35,B
2021-06-18T11:26:40,2500.0,7.34,S
2021-06-18T11:26:38,2000.0,7.34,S
2021-06-18T11:26:30,10000.0,7.35,B
2021-06-18T11:26:13,20000.0,7.35,B
2021-06-18T11:25:59,200.0,7.34,S
2021-06-18T11:25:56,56600.0,7.34,S
2021-06-18T11:25:56,9400.0,7.34,S
2021-06-18T11:25:55,1000.0,7.35,B
2021-06-18T11:25:48,19200.0,7.35,B
2021-06-18T11:25:38,10000.0,7.35,B
2021-06-18T11:25:30,10000.0,7.35,B
2021-06-18T11:24:31,5000.0,7.35,B
2021-06-18T11:24:27,1000.0,7.34,S
2021-06-18T11:24:21,6800.0,7.35,B
2021-06-18T11:24:19,800.0,7.34,S
2021-06-18T11:23:59,40000.0,7.34,S
2021-06-18T11:23:43,100.0,7.35,B
2021-06-18T11:22:38,2000.0,7.35,B
2021-06-18T11:22:08,200.0,7.35,B
2021-06-18T11:21:53,700.0,7.35,B
2021-06-18T11:21:52,500.0,7.35,B
2021-06-18T11:21:41,200.0,7.35,B
2021-06-18T11:21:40,1500.0,7.35,B
2021-06-18T11:21:07,900.0,7.34,S
2021-06-18T11:21:06,1100.0,7.34,S
2021-06-18T11:20:40,300.0,7.34,S
2021-06-18T11:20:28,5000.0,7.35,B
2021-06-18T11:19:48,1500.0,7.33,S
2021-06-18T11:19:40,300.0,7.33,S
2021-06-18T11:19:40,9700.0,7.33,S
2021-06-18T11:19:37,800.0,7.35,B
2021-06-18T11:19:21,4600.0,7.35,B
2021-06-18T11:19:21,100.0,7.34,B
2021-06-18T11:19:21,300.0,7.34,B
2021-06-18T11:18:41,100.0,7.33,S
2021-06-18T11:18:36,2700.0,7.33,S
2021-06-18T11:18:36,2300.0,7.34,S
2021-06-18T11:18:21,4000.0,7.34,B
2021-06-18T11:18:21,200.0,7.34,B
2021-06-18T11:18:21,800.0,7.34,B
2021-06-18T11:18:21,7300.0,7.34,B
2021-06-18T11:18:21,2700.0,7.34,B
2021-06-18T11:18:21,300.0,7.34,B
2021-06-18T11:18:21,2400.0,7.34,B
2021-06-18T11:17:57,2000.0,7.34,B
2021-06-18T11:17:54,200.0,7.33,S
2021-06-18T11:17:48,1600.0,7.34,B
2021-06-18T11:17:48,4800.0,7.34,B
2021-06-18T11:17:48,300.0,7.34,B
2021-06-18T11:17:48,13300.0,7.34,B
2021-06-18T11:17:38,300.0,7.34,B
2021-06-18T11:17:01,2800.0,7.33,B
2021-06-18T11:16:59,700.0,7.33,B
2021-06-18T11:16:45,3400.0,7.33,B
2021-06-18T11:16:39,2000.0,7.32,S
2021-06-18T11:16:24,200.0,7.33,B
2021-06-18T11:16:19,1000.0,7.33,B
2021-06-18T11:15:41,1000.0,7.33,B
2021-06-18T11:15:36,300.0,7.33,B
2021-06-18T11:15:21,500.0,7.33,S
2021-06-18T11:15:19,1000.0,7.33,S
2021-06-18T11:15:13,7900.0,7.33,S
2021-06-18T11:14:37,2000.0,7.34,B
2021-06-18T11:14:30,600.0,7.33,S
2021-06-18T11:14:30,100.0,7.34,B
2021-06-18T11:14:21,2100.0,7.33,B
2021-06-18T11:14:17,500.0,7.32,S
2021-06-18T11:14:09,2100.0,7.33,B
2021-06-18T11:14:01,200.0,7.32,S
2021-06-18T11:13:57,100.0,7.33,B
2021-06-18T11:13:21,14600.0,7.32,S
2021-06-18T11:13:03,10000.0,7.32,S
2021-06-18T11:12:46,100.0,7.33,B
2021-06-18T11:12:40,8700.0,7.33,B
2021-06-18T11:12:40,1300.0,7.33,B
2021-06-18T11:12:31,400.0,7.32,S
2021-06-18T11:12:24,500.0,7.33,B
2021-06-18T11:12:02,700.0,7.33,B
2021-06-18T11:11:51,1000.0,7.33,B
2021-06-18T11:11:29,1000.0,7.33,B
2021-06-18T11:11:29,5000.0,7.33,B
2021-06-18T11:11:19,300.0,7.32,S
2021-06-18T11:11:19,15200.0,7.32,S
2021-06-18T11:11:19,3200.0,7.32,S
2021-06-18T11:11:19,100.0,7.32,S
2021-06-18T11:11:19,1200.0,7.32,S
2021-06-18T11:11:12,100.0,7.33,B
2021-06-18T11:11:04,2900.0,7.33,B
2021-06-18T11:11:04,17100.0,7.33,B
2021-06-18T11:11:02,1000.0,7.32,S
2021-06-18T11:11:00,100.0,7.32,S
2021-06-18T11:10:51,200.0,7.33,B
2021-06-18T11:10:31,2000.0,7.32,S
2021-06-18T11:10:17,1000.0,7.33,B
2021-06-18T11:09:52,300.0,7.32,S
2021-06-18T11:09:43,5400.0,7.32,S
2021-06-18T11:09:43,2500.0,7.32,S
2021-06-18T11:09:43,2100.0,7.32,S
2021-06-18T11:09:37,2000.0,7.32,S
2021-06-18T11:09:36,5000.0,7.32,S
2021-06-18T11:09:36,500.0,7.33,B
2021-06-18T11:09:16,400.0,7.32,S
2021-06-18T11:08:12,500.0,7.32,S
2021-06-18T11:07:55,9000.0,7.31,S
2021-06-18T11:07:47,4000.0,7.32,B
2021-06-18T11:07:38,7000.0,7.32,S
2021-06-18T11:07:28,5000.0,7.33,B
2021-06-18T11:07:16,2000.0,7.32,S
2021-06-18T11:07:13,500.0,7.33,B
2021-06-18T11:07:02,3100.0,7.33,B
2021-06-18T11:06:59,1000.0,7.32,S
2021-06-18T11:06:52,100.0,7.33,B
2021-06-18T11:06:42,2000.0,7.32,S
2021-06-18T11:06:36,1000.0,7.32,S
2021-06-18T11:06:34,1200.0,7.32,S
2021-06-18T11:06:33,1800.0,7.32,S
2021-06-18T11:06:32,100.0,7.32,S
2021-06-18T11:06:26,300.0,7.33,B
2021-06-18T11:06:26,5000.0,7.33,B
2021-06-18T11:06:11,2000.0,7.32,S
2021-06-18T11:05:56,1000.0,7.32,S
2021-06-18T11:05:52,15000.0,7.32,S
2021-06-18T11:05:39,5000.0,7.32,S
2021-06-18T11:05:36,11900.0,7.32,S
2021-06-18T11:05:13,2000.0,7.32,S
2021-06-18T11:05:08,100.0,7.32,S
2021-06-18T11:05:06,2000.0,7.33,B
2021-06-18T11:05:00,500.0,7.32,S
2021-06-18T11:04:42,100.0,7.33,B
2021-06-18T11:03:56,100.0,7.33,B
2021-06-18T11:03:49,100.0,7.32,S
2021-06-18T11:03:39,1000.0,7.33,B
2021-06-18T11:03:30,200.0,7.33,B
2021-06-18T11:02:59,2400.0,7.33,B
2021-06-18T11:02:57,100.0,7.33,B
2021-06-18T11:02:45,500.0,7.33,B
2021-06-18T11:02:36,20100.0,7.33,S
2021-06-18T11:02:36,700.0,7.33,S
2021-06-18T11:02:36,5300.0,7.33,S
2021-06-18T11:02:36,4900.0,7.33,S
2021-06-18T11:02:36,16900.0,7.33,S
2021-06-18T11:02:36,22900.0,7.33,S
2021-06-18T11:02:04,5000.0,7.33,S
2021-06-18T11:02:03,3700.0,7.33,S
2021-06-18T11:02:03,300.0,7.33,S
2021-06-18T11:01:51,100.0,7.34,B
2021-06-18T11:01:42,1000.0,7.33,S
2021-06-18T11:01:41,3000.0,7.34,B
2021-06-18T11:01:34,2000.0,7.34,B
2021-06-18T11:01:28,5000.0,7.33,S
2021-06-18T11:01:12,500.0,7.33,S
2021-06-18T11:01:06,700.0,7.34,B
2021-06-18T11:01:00,2000.0,7.34,B
2021-06-18T11:00:55,1000.0,7.34,B
2021-06-18T11:00:52,5000.0,7.34,B
2021-06-18T11:00:51,5000.0,7.34,B
2021-06-18T11:00:48,7100.0,7.33,S
2021-06-18T11:00:18,1000.0,7.34,B
2021-06-18T11:00:12,5000.0,7.34,B
2021-06-18T11:00:12,100.0,7.33,S
2021-06-18T11:00:04,2000.0,7.34,B
2021-06-18T10:59:52,1000.0,7.34,B
2021-06-18T10:59:42,1000.0,7.34,B
2021-06-18T10:59:09,1200.0,7.34,B
2021-06-18T10:58:58,10000.0,7.33,S
2021-06-18T10:58:58,1000.0,7.34,B
2021-06-18T10:58:54,300.0,7.34,B
2021-06-18T10:58:16,500.0,7.34,B
2021-06-18T10:57:57,100.0,7.33,S
2021-06-18T10:57:55,400.0,7.34,B
2021-06-18T10:57:42,5000.0,7.33,S
2021-06-18T10:57:21,1000.0,7.33,S
2021-06-18T10:57:20,400.0,7.34,S
2021-06-18T10:57:16,300.0,7.34,S
2021-06-18T10:57:16,700.0,7.34,S
2021-06-18T10:56:36,8000.0,7.33,S
2021-06-18T10:56:36,1000.0,7.33,S
2021-06-18T10:56:30,1000.0,7.34,B
2021-06-18T10:56:27,2000.0,7.34,B
2021-06-18T10:56:27,10400.0,7.34,B
2021-06-18T10:56:23,100.0,7.34,B
2021-06-18T10:56:07,20000.0,7.34,B
2021-06-18T10:56:03,400.0,7.34,B
2021-06-18T10:55:51,500.0,7.33,S
2021-06-18T10:55:41,9500.0,7.33,S
2021-06-18T10:55:41,400.0,7.33,S
2021-06-18T10:55:40,10100.0,7.33,S
2021-06-18T10:55:35,1000.0,7.33,S
2021-06-18T10:55:34,2600.0,7.34,B
2021-06-18T10:55:28,200.0,7.34,B
2021-06-18T10:55:11,2000.0,7.34,B
2021-06-18T10:55:07,100.0,7.34,B
2021-06-18T10:54:59,3600.0,7.34,S
2021-06-18T10:54:47,1000.0,7.34,S
2021-06-18T10:54:45,400.0,7.34,S
2021-06-18T10:54:45,14000.0,7.34,S
2021-06-18T10:54:13,2000.0,7.35,B
2021-06-18T10:54:13,10000.0,7.34,S
2021-06-18T10:54:00,6500.0,7.35,B
2021-06-18T10:53:59,500.0,7.34,S
2021-06-18T10:53:51,1000.0,7.35,B
2021-06-18T10:53:43,2500.0,7.35,B
2021-06-18T10:53:39,100.0,7.34,S
2021-06-18T10:53:38,3000.0,7.35,B
2021-06-18T10:53:26,100.0,7.34,S
2021-06-18T10:53:24,2000.0,7.35,B
2021-06-18T10:53:20,1000.0,7.34,S
2021-06-18T10:52:48,400.0,7.35,B
2021-06-18T10:52:47,900.0,7.34,S
2021-06-18T10:52:42,10000.0,7.35,B
2021-06-18T10:52:07,10000.0,7.35,B
2021-06-18T10:52:05,100.0,7.34,S
2021-06-18T10:51:55,600.0,7.35,B
2021-06-18T10:51:44,100.0,7.35,B
2021-06-18T10:51:41,1000.0,7.35,B
2021-06-18T10:51:41,5500.0,7.35,B
2021-06-18T10:51:12,100.0,7.35,B
2021-06-18T10:51:06,9000.0,7.34,S
2021-06-18T10:50:46,300.0,7.35,S
2021-06-18T10:50:43,2700.0,7.34,S
2021-06-18T10:50:40,16700.0,7.36,B
2021-06-18T10:50:40,7400.0,7.35,B
2021-06-18T10:50:37,1600.0,7.35,B
2021-06-18T10:50:37,8400.0,7.35,B
2021-06-18T10:50:30,400.0,7.34,B
2021-06-18T10:50:25,600.0,7.34,B
2021-06-18T10:50:19,1500.0,7.34,B
2021-06-18T10:50:17,1000.0,7.34,B
2021-06-18T10:50:10,10000.0,7.34,B
2021-06-18T10:50:04,500.0,7.34,B
2021-06-18T10:50:01,5000.0,7.34,B
2021-06-18T10:49:57,100.0,7.33,S
2021-06-18T10:49:51,2000.0,7.34,S
2021-06-18T10:49:47,1000.0,7.35,B
2021-06-18T10:49:46,5700.0,7.35,B
2021-06-18T10:49:45,300.0,7.35,B
2021-06-18T10:49:45,500.0,7.35,B
2021-06-18T10:49:45,11300.0,7.35,B
2021-06-18T10:49:45,500.0,7.35,B
2021-06-18T10:49:45,9000.0,7.35,B
2021-06-18T10:49:45,30000.0,7.35,B
2021-06-18T10:49:45,5000.0,7.35,B
2021-06-18T10:49:45,3100.0,7.35,B
2021-06-18T10:49:45,15000.0,7.35,B
2021-06-18T10:49:45,10400.0,7.35,B
2021-06-18T10:49:45,2700.0,7.35,B
2021-06-18T10:49:45,1800.0,7.35,B
2021-06-18T10:49:45,800.0,7.35,B
2021-06-18T10:49:44,3900.0,7.35,B
2021-06-18T10:49:36,400.0,7.35,B
2021-06-18T10:49:33,1000.0,7.34,S
2021-06-18T10:49:09,200.0,7.35,B
2021-06-18T10:48:44,1900.0,7.35,B
2021-06-18T10:48:44,1100.0,7.35,B
2021-06-18T10:48:44,3200.0,7.35,B
2021-06-18T10:48:44,500.0,7.35,B
2021-06-18T10:48:44,8300.0,7.35,B
2021-06-18T10:48:41,1000.0,7.33,S
2021-06-18T10:48:35,500.0,7.34,B
2021-06-18T10:48:30,10000.0,7.34,B
2021-06-18T10:48:03,2000.0,7.34,B
2021-06-18T10:46:54,100.0,7.34,B
2021-06-18T10:46:39,1000.0,7.34,B
2021-06-18T10:46:21,10000.0,7.34,B
2021-06-18T10:46:20,10000.0,7.34,B
2021-06-18T10:46:02,1000.0,7.34,B
2021-06-18T10:45:58,200.0,7.33,S
2021-06-18T10:45:50,1800.0,7.33,S
2021-06-18T10:45:50,200.0,7.33,S
2021-06-18T10:45:42,700.0,7.34,B
2021-06-18T10:45:30,2200.0,7.34,B
2021-06-18T10:45:29,100.0,7.34,B
2021-06-18T10:45:19,500.0,7.33,S
2021-06-18T10:45:08,6000.0,7.34,B
2021-06-18T10:44:42,100.0,7.33,S
2021-06-18T10:44:42,3500.0,7.34,B
2021-06-18T10:44:32,1000.0,7.34,B
2021-06-18T10:43:39,400.0,7.33,S
2021-06-18T10:43:16,3400.0,7.35,B
2021-06-18T10:42:57,3000.0,7.32,S
2021-06-18T10:42:57,700.0,7.34,B
2021-06-18T10:42:57,200.0,7.34,B
2021-06-18T10:42:57,3400.0,7.34,B
2021-06-18T10:42:57,700.0,7.34,B
2021-06-18T10:42:56,100.0,7.33,S
2021-06-18T10:42:41,500.0,7.33,S
2021-06-18T10:42:40,400.0,7.33,S
2021-06-18T10:42:35,3500.0,7.34,B
2021-06-18T10:42:21,2600.0,7.33,B
2021-06-18T10:42:19,300.0,7.33,B
2021-06-18T10:42:19,700.0,7.33,B
2021-06-18T10:41:59,300.0,7.33,B
2021-06-18T10:41:55,3400.0,7.33,B
2021-06-18T10:41:44,300.0,7.33,B
2021-06-18T10:41:41,1000.0,7.32,S
2021-06-18T10:41:34,3000.0,7.33,B
2021-06-18T10:41:34,200.0,7.33,B
2021-06-18T10:41:21,1100.0,7.33,B
2021-06-18T10:41:21,1000.0,7.33,B
2021-06-18T10:41:05,1000.0,7.32,B
2021-06-18T10:41:01,600.0,7.33,B
2021-06-18T10:40:56,500.0,7.32,B
2021-06-18T10:40:49,500.0,7.32,B
2021-06-18T10:40:46,500.0,7.32,B
2021-06-18T10:40:45,1500.0,7.32,B
2021-06-18T10:40:39,400.0,7.32,B
2021-06-18T10:40:33,100.0,7.31,S
2021-06-18T10:40:17,5000.0,7.32,B
2021-06-18T10:40:06,3100.0,7.32,B
2021-06-18T10:40:03,3000.0,7.32,B
2021-06-18T10:40:00,13900.0,7.32,B
2021-06-18T10:39:36,500.0,7.32,B
2021-06-18T10:39:33,100.0,7.31,S
2021-06-18T10:39:32,2000.0,7.32,B
2021-06-18T10:39:29,500.0,7.32,B
2021-06-18T10:39:21,1000.0,7.32,B
2021-06-18T10:39:19,500.0,7.32,B
2021-06-18T10:39:17,500.0,7.32,B
2021-06-18T10:39:16,1000.0,7.32,B
2021-06-18T10:39:00,9000.0,7.32,B
2021-06-18T10:38:57,300.0,7.32,B
2021-06-18T10:38:42,500.0,7.32,S
2021-06-18T10:38:41,800.0,7.32,S
2021-06-18T10:38:41,500.0,7.32,S
2021-06-18T10:38:40,100.0,7.32,S
2021-06-18T10:38:38,500.0,7.32,S
2021-06-18T10:38:36,2000.0,7.32,S
2021-06-18T10:38:27,5600.0,7.32,S
2021-06-18T10:38:25,1300.0,7.33,S
2021-06-18T10:38:24,1000.0,7.32,S
2021-06-18T10:38:16,10000.0,7.32,S
2021-06-18T10:38:09,20000.0,7.33,S
2021-06-18T10:38:09,5100.0,7.33,S
2021-06-18T10:38:09,100.0,7.33,S
2021-06-18T10:38:09,24800.0,7.33,S
2021-06-18T10:37:40,200.0,7.33,B
2021-06-18T10:37:32,100.0,7.33,B
2021-06-18T10:37:14,100.0,7.33,B
2021-06-18T10:37:08,2000.0,7.32,S
2021-06-18T10:37:05,1000.0,7.32,B
2021-06-18T10:37:05,400.0,7.32,B
2021-06-18T10:36:38,700.0,7.32,B
2021-06-18T10:36:32,2000.0,7.31,S
2021-06-18T10:36:27,100.0,7.31,S
2021-06-18T10:36:03,3000.0,7.3,S
2021-06-18T10:36:00,3700.0,7.31,S
2021-06-18T10:36:00,300.0,7.32,B
2021-06-18T10:35:56,2700.0,7.32,B
2021-06-18T10:35:47,300.0,7.32,B
2021-06-18T10:35:45,1000.0,7.32,B
2021-06-18T10:35:38,5000.0,7.32,B
2021-06-18T10:35:23,100.0,7.32,B
2021-06-18T10:35:17,1000.0,7.32,B
2021-06-18T10:35:06,5000.0,7.32,S
2021-06-18T10:34:59,2000.0,7.3,S
2021-06-18T10:34:53,1100.0,7.35,B
2021-06-18T10:34:44,1000.0,7.32,S
2021-06-18T10:34:30,2500.0,7.3,S
2021-06-18T10:34:29,7200.0,7.35,B
2021-06-18T10:34:29,7000.0,7.35,B
2021-06-18T10:34:29,2300.0,7.35,B
2021-06-18T10:34:29,5600.0,7.35,B
2021-06-18T10:34:29,10100.0,7.34,B
2021-06-18T10:34:29,1100.0,7.34,B
2021-06-18T10:34:28,13000.0,7.34,B
2021-06-18T10:34:28,53700.0,7.34,B
2021-06-18T10:34:24,100.0,7.32,B
2021-06-18T10:34:21,1000.0,7.32,B
2021-06-18T10:34:20,500.0,7.32,B
2021-06-18T10:34:17,10000.0,7.3,S
2021-06-18T10:34:06,3000.0,7.32,S
2021-06-18T10:33:53,20500.0,7.3,S
2021-06-18T10:33:53,1000.0,7.3,S
2021-06-18T10:33:53,13100.0,7.3,S
2021-06-18T10:33:53,6000.0,7.3,S
2021-06-18T10:33:53,44000.0,7.3,S
2021-06-18T10:33:53,12500.0,7.3,S
2021-06-18T10:33:53,61000.0,7.3,S
2021-06-18T10:33:53,1600.0,7.3,S
2021-06-18T10:33:51,4000.0,7.3,S
2021-06-18T10:33:51,6100.0,7.3,S
2021-06-18T10:33:51,1700.0,7.3,S
2021-06-18T10:33:51,1500.0,7.3,S
2021-06-18T10:33:51,3500.0,7.3,S
2021-06-18T10:33:51,40500.0,7.3,S
2021-06-18T10:33:51,4000.0,7.3,S
2021-06-18T10:33:51,10300.0,7.3,S
2021-06-18T10:33:51,29800.0,7.3,S
2021-06-18T10:33:51,12700.0,7.31,S
2021-06-18T10:33:51,1000.0,7.31,S
2021-06-18T10:33:51,500.0,7.31,S
2021-06-18T10:33:51,2600.0,7.31,S
2021-06-18T10:33:51,3400.0,7.31,S
2021-06-18T10:33:51,4200.0,7.31,S
2021-06-18T10:33:51,14500.0,7.31,S
2021-06-18T10:33:35,1400.0,7.32,S
2021-06-18T10:33:32,2000.0,7.32,B
2021-06-18T10:33:29,13800.0,7.32,B
2021-06-18T10:33:21,100.0,7.32,B
2021-06-18T10:33:09,1100.0,7.32,B
2021-06-18T10:33:09,600.0,7.32,B
2021-06-18T10:33:06,1300.0,7.32,B
2021-06-18T10:33:04,1000.0,7.32,B
2021-06-18T10:32:54,600.0,7.32,B
2021-06-18T10:32:50,500.0,7.32,B
2021-06-18T10:32:49,400.0,7.32,B
2021-06-18T10:32:37,1600.0,7.32,B
2021-06-18T10:32:29,5000.0,7.32,B
2021-06-18T10:32:09,1000.0,7.32,B
2021-06-18T10:32:07,900.0,7.31,S
2021-06-18T10:31:53,2000.0,7.32,B
2021-06-18T10:31:50,500.0,7.32,B
2021-06-18T10:31:47,1000.0,7.32,B
2021-06-18T10:31:31,5700.0,7.31,S
2021-06-18T10:31:28,1000.0,7.32,B
2021-06-18T10:31:26,11000.0,7.31,S
2021-06-18T10:31:22,2000.0,7.32,B
2021-06-18T10:31:21,1400.0,7.31,S
2021-06-18T10:31:21,1500.0,7.31,S
2021-06-18T10:31:15,3000.0,7.32,B
2021-06-18T10:31:14,1100.0,7.31,S
2021-06-18T10:30:39,100.0,7.32,S
2021-06-18T10:30:39,400.0,7.32,S
2021-06-18T10:30:39,5800.0,7.33,B
2021-06-18T10:30:35,100.0,7.33,B
2021-06-18T10:30:30,9100.0,7.33,B
2021-06-18T10:30:26,100.0,7.32,S
2021-06-18T10:30:25,4900.0,7.32,S
2021-06-18T10:30:24,1000.0,7.32,S
2021-06-18T10:30:10,5300.0,7.32,S
2021-06-18T10:30:04,5000.0,7.33,B
2021-06-18T10:30:02,2000.0,7.33,B
2021-06-18T10:30:00,7900.0,7.33,B
2021-06-18T10:30:00,1100.0,7.33,B
2021-06-18T10:29:53,100.0,7.32,S
2021-06-18T10:29:53,4200.0,7.32,S
2021-06-18T10:29:53,5700.0,7.32,S
2021-06-18T10:29:49,100.0,7.32,S
2021-06-18T10:29:48,1600.0,7.32,S
2021-06-18T10:29:38,100.0,7.33,B
2021-06-18T10:29:33,1000.0,7.33,B
2021-06-18T10:29:32,100.0,7.32,S
2021-06-18T10:29:32,100.0,7.33,B
2021-06-18T10:29:31,200.0,7.32,S
2021-06-18T10:29:26,2000.0,7.32,S
2021-06-18T10:29:23,4000.0,7.32,S
2021-06-18T10:28:49,500.0,7.32,S
2021-06-18T10:28:43,300.0,7.33,B
2021-06-18T10:28:40,200.0,7.33,B
2021-06-18T10:28:29,300.0,7.33,S
2021-06-18T10:28:19,1000.0,7.33,S
2021-06-18T10:28:15,300.0,7.33,S
2021-06-18T10:28:09,2800.0,7.33,S
2021-06-18T10:27:47,4300.0,7.34,B
2021-06-18T10:27:47,1100.0,7.34,B
2021-06-18T10:27:47,2600.0,7.34,B
2021-06-18T10:27:47,1000.0,7.34,B
2021-06-18T10:27:47,300.0,7.34,B
2021-06-18T10:27:47,200.0,7.34,B
2021-06-18T10:27:47,600.0,7.34,B
2021-06-18T10:27:47,2300.0,7.34,B
2021-06-18T10:27:47,37600.0,7.34,B
2021-06-18T10:27:46,200.0,7.33,S
2021-06-18T10:27:46,200.0,7.33,S
2021-06-18T10:27:46,100.0,7.33,S
2021-06-18T10:27:43,400.0,7.33,S
2021-06-18T10:27:42,1400.0,7.33,S
2021-06-18T10:27:42,200.0,7.33,S
2021-06-18T10:27:42,900.0,7.33,S
2021-06-18T10:27:42,7100.0,7.33,S
2021-06-18T10:27:24,300.0,7.34,B
2021-06-18T10:27:11,500.0,7.34,B
2021-06-18T10:27:08,1000.0,7.34,B
2021-06-18T10:27:00,100.0,7.34,B
2021-06-18T10:26:59,1000.0,7.34,B
2021-06-18T10:26:50,100.0,7.34,B
2021-06-18T10:26:45,1000.0,7.34,B
2021-06-18T10:26:42,200.0,7.34,B
2021-06-18T10:26:42,500.0,7.34,B
2021-06-18T10:26:40,500.0,7.33,S
2021-06-18T10:26:24,2000.0,7.34,B
2021-06-18T10:26:19,300.0,7.34,B
2021-06-18T10:26:06,1000.0,7.34,B
2021-06-18T10:26:01,3000.0,7.34,B
2021-06-18T10:25:58,3800.0,7.33,S
2021-06-18T10:25:58,2000.0,7.33,S
2021-06-18T10:25:58,1200.0,7.33,S
2021-06-18T10:25:58,2500.0,7.33,S
2021-06-18T10:25:58,1500.0,7.33,S
2021-06-18T10:25:51,500.0,7.34,B
2021-06-18T10:25:45,2000.0,7.34,B
2021-06-18T10:25:13,1000.0,7.34,B
2021-06-18T10:24:57,6800.0,7.33,S
2021-06-18T10:24:57,200.0,7.33,S
2021-06-18T10:24:57,500.0,7.33,S
2021-06-18T10:24:53,1400.0,7.33,S
2021-06-18T10:24:50,400.0,7.34,B
2021-06-18T10:24:48,500.0,7.33,S
2021-06-18T10:24:43,300.0,7.33,S
2021-06-18T10:24:29,900.0,7.33,S
2021-06-18T10:24:29,500.0,7.33,S
2021-06-18T10:24:27,3000.0,7.33,S
2021-06-18T10:24:10,400.0,7.33,S
2021-06-18T10:24:02,100.0,7.34,B
2021-06-18T10:23:43,500.0,7.34,B
2021-06-18T10:23:40,2000.0,7.33,S
2021-06-18T10:23:22,5000.0,7.33,S
2021-06-18T10:23:13,200.0,7.33,B
2021-06-18T10:23:11,3000.0,7.33,B
2021-06-18T10:23:00,400.0,7.33,B
2021-06-18T10:22:54,5000.0,7.33,B
2021-06-18T10:22:34,1000.0,7.33,B
2021-06-18T10:22:19,2500.0,7.33,B
2021-06-18T10:22:07,1000.0,7.33,B
2021-06-18T10:21:51,4800.0,7.33,B
2021-06-18T10:21:42,6500.0,7.32,S
2021-06-18T10:21:42,13500.0,7.32,S
2021-06-18T10:21:36,10000.0,7.33,B
2021-06-18T10:21:34,2200.0,7.32,S
2021-06-18T10:21:34,2000.0,7.32,S
2021-06-18T10:21:34,2000.0,7.32,S
2021-06-18T10:21:34,8600.0,7.32,S
2021-06-18T10:21:31,500.0,7.33,B
2021-06-18T10:21:27,5000.0,7.33,B
2021-06-18T10:21:26,100.0,7.33,B
2021-06-18T10:21:23,500.0,7.33,B
2021-06-18T10:21:22,100.0,7.32,S
2021-06-18T10:21:21,5000.0,7.33,B
2021-06-18T10:21:20,10000.0,7.33,B
2021-06-18T10:21:16,5000.0,7.33,B
2021-06-18T10:21:04,7000.0,7.33,B
2021-06-18T10:20:58,200.0,7.33,B
2021-06-18T10:20:54,1000.0,7.32,S
2021-06-18T10:20:50,5600.0,7.33,B
2021-06-18T10:20:50,1000.0,7.33,B
2021-06-18T10:20:50,500.0,7.32,S
2021-06-18T10:20:27,10500.0,7.32,S
2021-06-18T10:20:25,500.0,7.33,B
2021-06-18T10:20:21,5000.0,7.32,S
2021-06-18T10:20:20,5000.0,7.33,B
2021-06-18T10:20:17,1200.0,7.33,B
2021-06-18T10:20:13,1200.0,7.32,S
2021-06-18T10:20:08,2900.0,7.32,S
2021-06-18T10:20:07,1500.0,7.32,S
2021-06-18T10:19:57,1600.0,7.32,S
2021-06-18T10:19:51,2700.0,7.32,S
2021-06-18T10:19:47,1000.0,7.33,B
2021-06-18T10:19:39,200.0,7.32,B
2021-06-18T10:19:38,500.0,7.32,B
2021-06-18T10:19:36,200.0,7.31,S
2021-06-18T10:19:35,1300.0,7.31,S
2021-06-18T10:19:35,8500.0,7.31,S
2021-06-18T10:19:35,3000.0,7.32,B
2021-06-18T10:19:33,1400.0,7.32,B
2021-06-18T10:19:31,1000.0,7.33,B
2021-06-18T10:19:23,500.0,7.33,B
2021-06-18T10:19:21,5100.0,7.33,B
2021-06-18T10:19:21,300.0,7.33,B
2021-06-18T10:19:21,2100.0,7.33,B
2021-06-18T10:19:21,6500.0,7.33,B
2021-06-18T10:19:20,1000.0,7.32,B
2021-06-18T10:19:18,1700.0,7.32,B
2021-06-18T10:19:17,600.0,7.32,S
2021-06-18T10:19:17,3200.0,7.32,S
2021-06-18T10:19:17,1200.0,7.32,S
2021-06-18T10:19:17,16500.0,7.32,S
2021-06-18T10:19:17,1700.0,7.32,S
2021-06-18T10:19:15,1800.0,7.32,S
2021-06-18T10:19:06,1200.0,7.32,S
2021-06-18T10:19:06,3800.0,7.32,S
2021-06-18T10:19:03,400.0,7.33,B
2021-06-18T10:18:59,1000.0,7.32,S
2021-06-18T10:18:39,100.0,7.32,S
2021-06-18T10:18:33,1000.0,7.33,B
2021-06-18T10:18:27,1000.0,7.32,S
2021-06-18T10:18:24,100.0,7.33,B
2021-06-18T10:18:19,5000.0,7.33,B
2021-06-18T10:18:17,5000.0,7.33,B
2021-06-18T10:18:17,300.0,7.33,B
2021-06-18T10:18:08,900.0,7.32,S
2021-06-18T10:18:00,1000.0,7.32,S
2021-06-18T10:17:54,2500.0,7.33,S
2021-06-18T10:17:53,600.0,7.33,S
2021-06-18T10:17:51,100.0,7.32,S
2021-06-18T10:17:45,2100.0,7.33,S
2021-06-18T10:17:31,1000.0,7.32,S
2021-06-18T10:17:28,1500.0,7.32,S
2021-06-18T10:17:28,1500.0,7.32,S
2021-06-18T10:17:25,1000.0,7.33,S
2021-06-18T10:17:19,2000.0,7.33,S
2021-06-18T10:17:18,2100.0,7.33,S
2021-06-18T10:17:15,1300.0,7.33,S
2021-06-18T10:17:15,800.0,7.34,B
2021-06-18T10:17:14,700.0,7.33,S
2021-06-18T10:17:10,300.0,7.33,S
2021-06-18T10:17:06,200.0,7.33,S
2021-06-18T10:16:59,3400.0,7.33,S
2021-06-18T10:16:55,11500.0,7.33,S
2021-06-18T10:16:50,2000.0,7.34,B
2021-06-18T10:16:40,11000.0,7.33,S
2021-06-18T10:16:39,1000.0,7.33,S
2021-06-18T10:16:37,200.0,7.33,S
2021-06-18T10:16:37,500.0,7.33,S
2021-06-18T10:16:36,200.0,7.33,S
2021-06-18T10:16:29,1200.0,7.33,S
2021-06-18T10:16:29,2400.0,7.33,S
2021-06-18T10:16:25,100.0,7.33,S
2021-06-18T10:16:24,1000.0,7.33,S
2021-06-18T10:16:18,600.0,7.33,S
2021-06-18T10:16:18,17000.0,7.33,S
2021-06-18T10:16:03,200.0,7.33,S
2021-06-18T10:15:53,1000.0,7.34,B
2021-06-18T10:15:53,1400.0,7.33,S
2021-06-18T10:15:47,1000.0,7.33,S
2021-06-18T10:15:38,14300.0,7.33,S
2021-06-18T10:15:37,6000.0,7.34,B
2021-06-18T10:15:36,2000.0,7.34,B
2021-06-18T10:15:35,2000.0,7.33,S
2021-06-18T10:15:31,400.0,7.33,S
2021-06-18T10:15:24,900.0,7.34,B
2021-06-18T10:15:13,3000.0,7.34,B
2021-06-18T10:15:10,13100.0,7.33,S
2021-06-18T10:15:09,100.0,7.34,B
2021-06-18T10:15:09,2100.0,7.33,S
2021-06-18T10:15:09,5900.0,7.33,S
2021-06-18T10:15:07,2100.0,7.34,B
2021-06-18T10:15:00,900.0,7.34,B
2021-06-18T10:15:00,1000.0,7.34,B
2021-06-18T10:14:58,2000.0,7.34,B
2021-06-18T10:14:52,2000.0,7.34,B
2021-06-18T10:14:44,5000.0,7.34,B
2021-06-18T10:14:31,100.0,7.34,B
2021-06-18T10:14:30,6000.0,7.33,S
2021-06-18T10:14:26,5000.0,7.34,B
2021-06-18T10:14:15,5000.0,7.35,B
2021-06-18T10:14:13,2000.0,7.35,B
2021-06-18T10:14:11,100.0,7.34,B
2021-06-18T10:13:56,200.0,7.34,S
2021-06-18T10:13:44,12000.0,7.33,S
2021-06-18T10:13:40,300.0,7.35,B
2021-06-18T10:13:38,1000.0,7.35,B
2021-06-18T10:13:33,5000.0,7.35,B
2021-06-18T10:13:31,300.0,7.35,B
2021-06-18T10:13:31,1000.0,7.35,B
2021-06-18T10:13:26,2000.0,7.35,B
2021-06-18T10:13:22,4000.0,7.35,B
2021-06-18T10:13:17,6700.0,7.35,B
2021-06-18T10:13:16,800.0,7.34,S
2021-06-18T10:13:16,10000.0,7.35,B
2021-06-18T10:13:15,100.0,7.35,B
2021-06-18T10:13:14,1000.0,7.35,B
2021-06-18T10:12:56,900.0,7.35,B
2021-06-18T10:12:56,100.0,7.34,S
2021-06-18T10:12:55,3900.0,7.34,S
2021-06-18T10:12:45,5000.0,7.35,B
2021-06-18T10:12:34,1000.0,7.35,S
2021-06-18T10:12:33,300.0,7.34,S
2021-06-18T10:12:33,2000.0,7.35,S
2021-06-18T10:12:31,9300.0,7.35,S
2021-06-18T10:12:28,20000.0,7.35,S
2021-06-18T10:12:25,500.0,7.36,B
2021-06-18T10:12:23,1000.0,7.36,B
2021-06-18T10:12:20,500.0,7.36,B
2021-06-18T10:12:18,4800.0,7.36,B
2021-06-18T10:12:18,10700.0,7.36,B
2021-06-18T10:12:13,500.0,7.35,S
2021-06-18T10:12:05,4400.0,7.35,S
2021-06-18T10:12:01,2000.0,7.35,S
2021-06-18T10:12:01,200.0,7.35,S
2021-06-18T10:12:00,3400.0,7.35,S
2021-06-18T10:11:53,1000.0,7.36,B
2021-06-18T10:11:51,10000.0,7.34,S
2021-06-18T10:11:48,1100.0,7.35,S
2021-06-18T10:11:40,13600.0,7.35,S
2021-06-18T10:11:39,3000.0,7.35,S
2021-06-18T10:11:36,7000.0,7.37,B
2021-06-18T10:11:36,8600.0,7.37,B
2021-06-18T10:11:36,9400.0,7.36,B
2021-06-18T10:11:36,3400.0,7.36,B
2021-06-18T10:11:36,10600.0,7.36,B
2021-06-18T10:11:35,1000.0,7.36,B
2021-06-18T10:11:31,7100.0,7.35,B
2021-06-18T10:11:26,1000.0,7.34,S
2021-06-18T10:11:23,1000.0,7.35,B
2021-06-18T10:11:19,3200.0,7.34,S
2021-06-18T10:11:19,300.0,7.35,B
2021-06-18T10:11:18,200.0,7.35,B
2021-06-18T10:11:16,400.0,7.35,B
2021-06-18T10:11:16,200.0,7.35,B
2021-06-18T10:11:12,800.0,7.35,B
2021-06-18T10:11:01,300.0,7.35,B
2021-06-18T10:10:59,1000.0,7.34,S
2021-06-18T10:10:53,4000.0,7.34,S
2021-06-18T10:10:46,400.0,7.35,B
2021-06-18T10:10:45,1000.0,7.36,B
2021-06-18T10:10:45,100.0,7.36,B
2021-06-18T10:10:44,8900.0,7.36,B
2021-06-18T10:10:43,19000.0,7.35,B
2021-06-18T10:10:40,200.0,7.35,B
2021-06-18T10:10:33,300.0,7.35,B
2021-06-18T10:10:20,10000.0,7.34,S
2021-06-18T10:10:16,1000.0,7.35,S
2021-06-18T10:10:15,2000.0,7.35,S
2021-06-18T10:10:14,1000.0,7.35,S
2021-06-18T10:10:12,10000.0,7.34,S
2021-06-18T10:10:08,200.0,7.35,S
2021-06-18T10:10:07,1000.0,7.35,S
2021-06-18T10:10:04,300.0,7.35,S
2021-06-18T10:09:59,5000.0,7.35,S
2021-06-18T10:09:57,100.0,7.35,S
2021-06-18T10:09:57,6400.0,7.35,S
2021-06-18T10:09:54,3500.0,7.35,S
2021-06-18T10:09:53,500.0,7.35,S
2021-06-18T10:09:49,1000.0,7.35,S
2021-06-18T10:09:46,1000.0,7.35,S
2021-06-18T10:09:43,4000.0,7.35,S
2021-06-18T10:09:38,1000.0,7.36,S
2021-06-18T10:09:37,3000.0,7.36,S
2021-06-18T10:09:35,5000.0,7.34,S
2021-06-18T10:09:29,2200.0,7.35,S
2021-06-18T10:09:25,1800.0,7.35,S
2021-06-18T10:09:25,18200.0,7.35,S
2021-06-18T10:09:23,5000.0,7.36,B
2021-06-18T10:09:18,100.0,7.36,B
2021-06-18T10:09:17,3000.0,7.36,B
2021-06-18T10:09:16,5000.0,7.36,B
2021-06-18T10:09:15,10000.0,7.36,B
2021-06-18T10:09:15,200.0,7.36,B
2021-06-18T10:09:14,7200.0,7.36,B
2021-06-18T10:09:14,8300.0,7.36,B
2021-06-18T10:09:13,6300.0,7.36,B
2021-06-18T10:09:07,27800.0,7.36,B
2021-06-18T10:09:07,7700.0,7.35,S
2021-06-18T10:09:07,7300.0,7.35,S
2021-06-18T10:09:05,12000.0,7.36,B
2021-06-18T10:09:05,800.0,7.36,B
2021-06-18T10:09:05,1200.0,7.36,B
2021-06-18T10:09:04,100.0,7.35,S
2021-06-18T10:09:02,1600.0,7.35,S
2021-06-18T10:09:01,4800.0,7.35,S
2021-06-18T10:09:01,6100.0,7.35,S
2021-06-18T10:09:01,1200.0,7.35,S
2021-06-18T10:09:01,3300.0,7.35,S
2021-06-18T10:09:01,3000.0,7.35,S
2021-06-18T10:09:01,3000.0,7.35,S
2021-06-18T10:09:01,2000.0,7.35,S
2021-06-18T10:09:01,6600.0,7.35,S
2021-06-18T10:09:01,600.0,7.36,B
2021-06-18T10:08:57,10000.0,7.35,S
2021-06-18T10:08:49,4600.0,7.36,B
2021-06-18T10:08:46,20000.0,7.35,S
2021-06-18T10:08:41,5000.0,7.35,S
2021-06-18T10:08:38,5000.0,7.36,B
2021-06-18T10:08:37,4000.0,7.36,B
2021-06-18T10:08:37,5000.0,7.36,B
2021-06-18T10:08:34,500.0,7.36,B
2021-06-18T10:08:32,10000.0,7.35,S
2021-06-18T10:08:26,200.0,7.35,S
2021-06-18T10:08:26,5000.0,7.35,S
2021-06-18T10:08:25,8000.0,7.36,B
2021-06-18T10:08:23,1000.0,7.36,B
2021-06-18T10:08:20,1900.0,7.36,B
2021-06-18T10:08:14,2000.0,7.36,B
2021-06-18T10:08:07,1000.0,7.35,S
2021-06-18T10:08:04,1000.0,7.36,B
2021-06-18T10:08:04,10000.0,7.36,B
2021-06-18T10:08:02,300.0,7.36,B
2021-06-18T10:07:54,1500.0,7.36,B
2021-06-18T10:07:53,1000.0,7.36,B
2021-06-18T10:07:44,100.0,7.36,S
2021-06-18T10:07:42,300.0,7.36,S
2021-06-18T10:07:40,1000.0,7.36,S
2021-06-18T10:07:40,1000.0,7.36,S
2021-06-18T10:07:39,1000.0,7.36,S
2021-06-18T10:07:30,500.0,7.36,S
2021-06-18T10:07:27,100.0,7.36,S
2021-06-18T10:07:23,2000.0,7.36,S
2021-06-18T10:07:22,2000.0,7.36,S
2021-06-18T10:07:20,100.0,7.36,S
2021-06-18T10:07:18,100.0,7.36,S
2021-06-18T10:07:15,2000.0,7.36,S
2021-06-18T10:07:07,300.0,7.36,S
2021-06-18T10:06:55,1000.0,7.36,S
2021-06-18T10:06:54,100.0,7.36,S
2021-06-18T10:06:53,1700.0,7.36,S
2021-06-18T10:06:51,500.0,7.35,S
2021-06-18T10:06:48,600.0,7.36,S
2021-06-18T10:06:40,2800.0,7.36,S
2021-06-18T10:06:37,200.0,7.36,S
2021-06-18T10:06:37,4000.0,7.36,S
2021-06-18T10:06:33,1000.0,7.36,S
2021-06-18T10:06:30,200.0,7.36,S
2021-06-18T10:06:30,800.0,7.36,S
2021-06-18T10:06:29,9200.0,7.36,S
2021-06-18T10:06:24,500.0,7.37,B
2021-06-18T10:06:22,5000.0,7.36,S
2021-06-18T10:06:19,10000.0,7.36,S
2021-06-18T10:06:15,10000.0,7.36,S
2021-06-18T10:06:09,10500.0,7.36,S
2021-06-18T10:06:06,300.0,7.36,S
2021-06-18T10:06:01,3100.0,7.37,B
2021-06-18T10:06:01,25900.0,7.37,B
2021-06-18T10:05:55,400.0,7.36,S
2021-06-18T10:05:54,6000.0,7.36,S
2021-06-18T10:05:52,200.0,7.36,S
2021-06-18T10:05:52,200.0,7.36,S
2021-06-18T10:05:48,10000.0,7.35,S
2021-06-18T10:05:45,1300.0,7.37,B
2021-06-18T10:05:45,5800.0,7.37,B
2021-06-18T10:05:44,10000.0,7.37,B
2021-06-18T10:05:39,2800.0,7.37,B
2021-06-18T10:05:34,13200.0,7.37,B
2021-06-18T10:05:34,1000.0,7.37,B
2021-06-18T10:05:33,4100.0,7.37,B
2021-06-18T10:05:31,47400.0,7.35,S
2021-06-18T10:05:29,2000.0,7.37,B
2021-06-18T10:05:24,200.0,7.36,S
2021-06-18T10:05:11,10000.0,7.37,B
2021-06-18T10:05:10,5000.0,7.37,B
2021-06-18T10:05:06,15000.0,7.36,S
2021-06-18T10:05:04,10000.0,7.37,B
2021-06-18T10:05:03,2000.0,7.37,B
2021-06-18T10:05:03,1500.0,7.37,B
2021-06-18T10:05:03,6500.0,7.37,B
2021-06-18T10:05:01,300.0,7.36,S
2021-06-18T10:04:59,5000.0,7.36,S
2021-06-18T10:04:56,1000.0,7.37,B
2021-06-18T10:04:54,800.0,7.37,B
2021-06-18T10:04:51,100.0,7.37,B
2021-06-18T10:04:47,1000.0,7.36,S
2021-06-18T10:04:45,1000.0,7.37,B
2021-06-18T10:04:43,2000.0,7.37,B
2021-06-18T10:04:40,5000.0,7.36,S
2021-06-18T10:04:37,500.0,7.37,B
2021-06-18T10:04:35,100.0,7.36,S
2021-06-18T10:04:28,16000.0,7.37,B
2021-06-18T10:04:20,4200.0,7.36,S
2021-06-18T10:04:20,7400.0,7.37,B
2021-06-18T10:04:20,500.0,7.37,B
2021-06-18T10:04:19,8100.0,7.37,B
2021-06-18T10:04:16,5000.0,7.36,S
2021-06-18T10:04:16,500.0,7.36,S
2021-06-18T10:04:13,3200.0,7.36,S
2021-06-18T10:04:11,1000.0,7.36,S
2021-06-18T10:03:59,1000.0,7.37,B
2021-06-18T10:03:59,5000.0,7.36,S
2021-06-18T10:03:59,4000.0,7.37,B
2021-06-18T10:03:58,100.0,7.37,B
2021-06-18T10:03:51,3600.0,7.35,S
2021-06-18T10:03:51,11400.0,7.36,S
2021-06-18T10:03:47,2000.0,7.37,B
2021-06-18T10:03:19,100.0,7.37,B
2021-06-18T10:03:19,6700.0,7.37,B
2021-06-18T10:03:06,100.0,7.36,B
2021-06-18T10:02:58,4900.0,7.37,B
2021-06-18T10:02:57,4600.0,7.37,B
2021-06-18T10:02:54,1000.0,7.37,B
2021-06-18T10:02:54,500.0,7.36,B
2021-06-18T10:02:50,4000.0,7.37,B
2021-06-18T10:02:50,1000.0,7.36,B
2021-06-18T10:02:47,2000.0,7.36,B
2021-06-18T10:02:44,3000.0,7.37,B
2021-06-18T10:02:44,300.0,7.37,B
2021-06-18T10:02:41,100.0,7.37,B
2021-06-18T10:02:40,5000.0,7.37,B
2021-06-18T10:02:39,300.0,7.36,B
2021-06-18T10:02:39,4900.0,7.36,B
2021-06-18T10:02:39,10100.0,7.36,B
2021-06-18T10:02:34,500.0,7.35,S
2021-06-18T10:02:32,600.0,7.36,B
2021-06-18T10:02:30,100.0,7.35,S
2021-06-18T10:02:29,500.0,7.36,B
2021-06-18T10:02:14,3700.0,7.37,B
2021-06-18T10:02:14,5000.0,7.37,B
2021-06-18T10:02:14,100.0,7.36,S
2021-06-18T10:02:14,1400.0,7.36,S
2021-06-18T10:02:04,5000.0,7.37,B
2021-06-18T10:02:02,7000.0,7.35,S
2021-06-18T10:02:00,500.0,7.35,S
2021-06-18T10:02:00,13000.0,7.35,S
2021-06-18T10:02:00,2000.0,7.36,S
2021-06-18T10:01:59,2600.0,7.37,B
2021-06-18T10:01:56,5200.0,7.37,B
2021-06-18T10:01:53,200.0,7.36,S
2021-06-18T10:01:44,5000.0,7.35,S
2021-06-18T10:01:41,10000.0,7.35,S
2021-06-18T10:01:41,1000.0,7.37,B
2021-06-18T10:01:41,26900.0,7.35,S
2021-06-18T10:01:41,2000.0,7.35,S
2021-06-18T10:01:41,6600.0,7.35,S
2021-06-18T10:01:41,14600.0,7.35,S
2021-06-18T10:01:39,300.0,7.37,B
2021-06-18T10:01:39,1000.0,7.37,B
2021-06-18T10:01:33,1600.0,7.37,B
2021-06-18T10:01:26,300.0,7.35,S
2021-06-18T10:01:23,500.0,7.36,S
2021-06-18T10:01:22,1000.0,7.36,S
2021-06-18T10:01:22,1000.0,7.36,S
2021-06-18T10:01:17,30000.0,7.35,S
2021-06-18T10:01:15,10000.0,7.35,S
2021-06-18T10:01:07,10100.0,7.37,S
2021-06-18T10:01:07,400.0,7.37,S
2021-06-18T10:01:06,200.0,7.37,S
2021-06-18T10:01:04,500.0,7.37,S
2021-06-18T10:01:01,100.0,7.37,S
2021-06-18T10:00:50,7300.0,7.37,S
2021-06-18T10:00:48,100.0,7.38,S
2021-06-18T10:00:46,100.0,7.37,S
2021-06-18T10:00:43,3000.0,7.38,S
2021-06-18T10:00:42,600.0,7.37,S
2021-06-18T10:00:39,3000.0,7.38,S
2021-06-18T10:00:34,4800.0,7.38,S
2021-06-18T10:00:15,2000.0,7.37,S
2021-06-18T10:00:10,1200.0,7.38,S
2021-06-18T10:00:10,1000.0,7.36,S
2021-06-18T10:00:08,2000.0,7.38,S
2021-06-18T10:00:08,1000.0,7.37,S
2021-06-18T10:00:04,200.0,7.37,S
2021-06-18T09:59:59,100.0,7.36,S
2021-06-18T09:59:59,200.0,7.37,S
2021-06-18T09:59:59,3700.0,7.37,S
2021-06-18T09:59:59,1300.0,7.37,S
2021-06-18T09:59:54,1000.0,7.37,S
2021-06-18T09:59:34,1000.0,7.37,S
2021-06-18T09:59:26,700.0,7.37,S
2021-06-18T09:59:26,15000.0,7.37,S
2021-06-18T09:59:24,300.0,7.37,S
2021-06-18T09:59:18,13000.0,7.35,S
2021-06-18T09:59:18,2000.0,7.35,S
2021-06-18T09:59:18,11000.0,7.35,S
2021-06-18T09:59:18,14000.0,7.35,S
2021-06-18T09:59:16,7900.0,7.38,S
2021-06-18T09:59:16,5000.0,7.39,B
2021-06-18T09:59:15,200.0,7.39,B
2021-06-18T09:59:14,1000.0,7.39,B
2021-06-18T09:59:13,1000.0,7.38,B
2021-06-18T09:59:12,5000.0,7.39,B
2021-06-18T09:59:07,2900.0,7.38,B
2021-06-18T09:59:05,2000.0,7.36,S
2021-06-18T09:58:54,500.0,7.39,B
2021-06-18T09:58:50,1000.0,7.38,B
2021-06-18T09:58:49,1000.0,7.38,B
2021-06-18T09:58:43,5700.0,7.4,B
2021-06-18T09:58:34,1000.0,7.39,B
2021-06-18T09:58:31,200.0,7.36,S
2021-06-18T09:58:29,2000.0,7.38,B
2021-06-18T09:58:25,400.0,7.36,S
2021-06-18T09:58:14,300.0,7.35,B
2021-06-18T09:58:09,300.0,7.36,B
2021-06-18T09:57:54,4300.0,7.4,B
2021-06-18T09:57:49,3200.0,7.4,B
2021-06-18T09:57:46,100.0,7.35,B
2021-06-18T09:57:43,1000.0,7.35,B
2021-06-18T09:57:42,8200.0,7.4,B
2021-06-18T09:57:42,1500.0,7.4,B
2021-06-18T09:57:42,10300.0,7.4,B
2021-06-18T09:57:33,300.0,7.35,B
2021-06-18T09:57:31,200.0,7.35,B
2021-06-18T09:57:31,5000.0,7.4,B
2021-06-18T09:57:28,500.0,7.35,B
2021-06-18T09:57:26,3000.0,7.4,B
2021-06-18T09:57:25,10000.0,7.4,B
2021-06-18T09:57:25,1000.0,7.35,B
2021-06-18T09:57:25,2500.0,7.35,B
2021-06-18T09:57:22,10000.0,7.39,B
2021-06-18T09:57:19,1000.0,7.34,S
2021-06-18T09:57:17,12700.0,7.34,S
2021-06-18T09:57:17,2100.0,7.34,S
2021-06-18T09:57:17,15200.0,7.34,S
2021-06-18T09:57:15,1000.0,7.35,B
2021-06-18T09:57:13,14000.0,7.39,B
2021-06-18T09:57:09,800.0,7.35,B
2021-06-18T09:57:09,4200.0,7.36,B
2021-06-18T09:57:07,100.0,7.36,B
2021-06-18T09:57:06,200.0,7.36,B
2021-06-18T09:57:06,100.0,7.36,B
2021-06-18T09:57:05,100.0,7.36,B
2021-06-18T09:57:04,400.0,7.36,B
2021-06-18T09:57:02,700.0,7.35,B
2021-06-18T09:57:01,500.0,7.35,B
2021-06-18T09:57:00,3000.0,7.35,B
2021-06-18T09:56:58,10500.0,7.35,B
2021-06-18T09:56:58,300.0,7.35,B
2021-06-18T09:56:55,200.0,7.35,B
2021-06-18T09:56:55,200.0,7.35,B
2021-06-18T09:56:55,202100.0,7.35,B
2021-06-18T09:56:55,13800.0,7.35,B
2021-06-18T09:56:55,3000.0,7.35,B
2021-06-18T09:56:55,63000.0,7.35,B
2021-06-18T09:56:50,2000.0,7.34,S
2021-06-18T09:56:50,19000.0,7.35,B
2021-06-18T09:56:50,500.0,7.35,B
2021-06-18T09:56:50,100.0,7.35,B
2021-06-18T09:56:47,8000.0,7.34,S
2021-06-18T09:56:47,2000.0,7.34,S
2021-06-18T09:56:45,500.0,7.35,B
2021-06-18T09:56:44,200.0,7.35,B
2021-06-18T09:56:40,1300.0,7.34,S
2021-06-18T09:56:37,5000.0,7.35,B
2021-06-18T09:56:34,500.0,7.35,B
2021-06-18T09:56:30,20000.0,7.35,B
2021-06-18T09:56:30,1000.0,7.35,B
2021-06-18T09:56:29,2000.0,7.35,B
2021-06-18T09:56:25,1000.0,7.35,B
2021-06-18T09:56:24,500.0,7.35,B
2021-06-18T09:56:19,100.0,7.35,B
2021-06-18T09:56:19,300.0,7.34,B
2021-06-18T09:56:17,100.0,7.35,B
2021-06-18T09:56:12,4000.0,7.34,B
2021-06-18T09:56:08,400.0,7.35,B
2021-06-18T09:55:59,2000.0,7.33,B
2021-06-18T09:55:53,2000.0,7.33,B
2021-06-18T09:55:34,200.0,7.35,B
2021-06-18T09:55:34,6000.0,7.35,B
2021-06-18T09:55:34,44000.0,7.35,B
2021-06-18T09:55:31,500.0,7.3,S
2021-06-18T09:55:30,4400.0,7.33,B
2021-06-18T09:55:29,600.0,7.33,B
2021-06-18T09:55:29,1900.0,7.33,B
2021-06-18T09:55:24,100.0,7.33,B
2021-06-18T09:55:24,3000.0,7.33,B
2021-06-18T09:55:24,200.0,7.3,S
2021-06-18T09:55:23,4000.0,7.3,S
2021-06-18T09:55:21,900.0,7.31,S
2021-06-18T09:55:18,2000.0,7.33,B
2021-06-18T09:55:15,100.0,7.31,S
2021-06-18T09:55:06,1000.0,7.3,S
2021-06-18T09:55:04,7500.0,7.3,S
2021-06-18T09:55:04,500.0,7.3,S
2021-06-18T09:55:04,300.0,7.3,B
2021-06-18T09:54:55,2000.0,7.3,B
2021-06-18T09:54:53,1000.0,7.3,B
2021-06-18T09:54:52,500.0,7.3,B
2021-06-18T09:54:52,20000.0,7.34,B
2021-06-18T09:54:51,10000.0,7.34,B
2021-06-18T09:54:49,1000.0,7.3,B
2021-06-18T09:54:49,5200.0,7.3,B
2021-06-18T09:54:47,300.0,7.3,B
2021-06-18T09:54:46,1000.0,7.3,B
2021-06-18T09:54:46,1000.0,7.3,B
2021-06-18T09:54:46,200.0,7.3,B
2021-06-18T09:54:39,100.0,7.3,B
2021-06-18T09:54:35,200.0,7.3,B
2021-06-18T09:54:34,2000.0,7.3,B
2021-06-18T09:54:34,500.0,7.29,S
2021-06-18T09:54:34,3300.0,7.3,B
2021-06-18T09:54:24,100.0,7.3,B
2021-06-18T09:54:22,100.0,7.3,B
2021-06-18T09:54:21,4400.0,7.3,B
2021-06-18T09:54:20,1400.0,7.3,B
2021-06-18T09:54:20,1300.0,7.3,B
2021-06-18T09:54:20,5300.0,7.3,B
2021-06-18T09:54:20,100.0,7.3,B
2021-06-18T09:54:18,4000.0,7.3,B
2021-06-18T09:54:13,2500.0,7.3,B
2021-06-18T09:54:13,500.0,7.3,B
2021-06-18T09:54:08,5500.0,7.3,B
2021-06-18T09:54:07,2000.0,7.3,B
2021-06-18T09:54:07,200.0,7.3,B
2021-06-18T09:54:07,100.0,7.3,B
2021-06-18T09:54:07,1500.0,7.3,B
2021-06-18T09:54:06,3000.0,7.3,B
2021-06-18T09:54:05,1700.0,7.3,B
2021-06-18T09:54:05,700.0,7.3,B
2021-06-18T09:54:05,12100.0,7.3,B
2021-06-18T09:54:05,2500.0,7.3,B
2021-06-18T09:54:04,1000.0,7.3,B
2021-06-18T09:54:04,900.0,7.3,B
2021-06-18T09:54:04,100.0,7.3,B
2021-06-18T09:54:04,2800.0,7.3,B
2021-06-18T09:54:04,7000.0,7.3,B
2021-06-18T09:54:04,71200.0,7.3,B
2021-06-18T09:54:04,300.0,7.3,B
2021-06-18T09:54:04,4300.0,7.3,B
2021-06-18T09:54:04,10000.0,7.3,B
2021-06-18T09:54:03,15700.0,7.3,B
2021-06-18T09:54:02,20000.0,7.3,B
2021-06-18T09:54:02,3000.0,7.3,B
2021-06-18T09:54:01,8000.0,7.3,B
2021-06-18T09:54:01,1000.0,7.3,B
2021-06-18T09:54:00,1000.0,7.3,B
2021-06-18T09:54:00,100.0,7.29,S
2021-06-18T09:53:58,400.0,7.3,B
2021-06-18T09:53:55,2000.0,7.3,B
2021-06-18T09:53:52,200.0,7.3,B
2021-06-18T09:53:52,5300.0,7.3,B
2021-06-18T09:53:50,200.0,7.27,S
2021-06-18T09:53:49,300.0,7.28,S
2021-06-18T09:53:48,20000.0,7.3,B
2021-06-18T09:53:47,10000.0,7.3,B
2021-06-18T09:53:45,20000.0,7.3,B
2021-06-18T09:53:44,1800.0,7.3,B
2021-06-18T09:53:44,6100.0,7.3,B
2021-06-18T09:53:44,600.0,7.3,B
2021-06-18T09:53:44,1400.0,7.3,B
2021-06-18T09:53:42,200.0,7.29,S
2021-06-18T09:53:40,100.0,7.3,B
2021-06-18T09:53:39,1000.0,7.29,S
2021-06-18T09:53:38,4000.0,7.29,S
2021-06-18T09:53:34,1400.0,7.3,B
2021-06-18T09:53:31,5000.0,7.3,B
2021-06-18T09:53:30,500.0,7.3,B
2021-06-18T09:53:29,10000.0,7.3,B
2021-06-18T09:53:28,3000.0,7.26,S
2021-06-18T09:53:28,2200.0,7.3,B
2021-06-18T09:53:28,1000.0,7.29,S
2021-06-18T09:53:21,1200.0,7.3,B
2021-06-18T09:53:10,1000.0,7.3,B
2021-06-18T09:53:02,500.0,7.29,S
2021-06-18T09:53:01,1000.0,7.29,S
2021-06-18T09:53:01,300.0,7.29,S
2021-06-18T09:52:55,10000.0,7.3,B
2021-06-18T09:52:51,500.0,7.3,B
2021-06-18T09:52:50,500.0,7.3,B
2021-06-18T09:52:50,5000.0,7.3,B
2021-06-18T09:52:48,500.0,7.29,S
2021-06-18T09:52:46,200.0,7.29,S
2021-06-18T09:52:19,200.0,7.26,S
2021-06-18T09:52:13,5000.0,7.3,B
2021-06-18T09:52:05,1000.0,7.29,B
2021-06-18T09:52:05,500.0,7.3,B
2021-06-18T09:52:05,1000.0,7.29,B
2021-06-18T09:52:02,1200.0,7.3,B
2021-06-18T09:51:58,1400.0,7.3,B
2021-06-18T09:51:58,8600.0,7.3,B
2021-06-18T09:51:52,5000.0,7.25,S
2021-06-18T09:51:46,300.0,7.26,S
2021-06-18T09:51:46,100.0,7.3,B
2021-06-18T09:51:46,2600.0,7.3,B
2021-06-18T09:51:46,2000.0,7.3,B
2021-06-18T09:51:46,23400.0,7.29,B
2021-06-18T09:51:46,8500.0,7.29,B
2021-06-18T09:51:45,4100.0,7.28,S
2021-06-18T09:51:45,300.0,7.26,S
2021-06-18T09:51:40,100.0,7.25,S
2021-06-18T09:51:38,10000.0,7.25,S
2021-06-18T09:51:34,300.0,7.25,S
2021-06-18T09:51:31,15000.0,7.25,S
2021-06-18T09:51:29,700.0,7.24,S
2021-06-18T09:51:15,1000.0,7.24,S
2021-06-18T09:51:10,200.0,7.22,S
2021-06-18T09:50:54,200.0,7.22,B
2021-06-18T09:50:52,2300.0,7.29,B
2021-06-18T09:50:52,8700.0,7.29,B
2021-06-18T09:50:48,500.0,7.2,B
2021-06-18T09:50:47,300.0,7.22,B
2021-06-18T09:50:45,1100.0,7.28,B
2021-06-18T09:50:45,10000.0,7.26,B
2021-06-18T09:50:45,5000.0,7.26,B
2021-06-18T09:50:45,15300.0,7.25,B
2021-06-18T09:50:45,3000.0,7.25,B
2021-06-18T09:50:45,4300.0,7.25,B
2021-06-18T09:50:45,3200.0,7.25,B
2021-06-18T09:50:45,2200.0,7.25,B
2021-06-18T09:50:45,10900.0,7.25,B
2021-06-18T09:50:39,1500.0,7.25,B
2021-06-18T09:50:38,3000.0,7.25,B
2021-06-18T09:50:36,300.0,7.2,B
2021-06-18T09:50:36,500.0,7.2,B
2021-06-18T09:50:34,1000.0,7.2,B
2021-06-18T09:50:34,700.0,7.24,B
2021-06-18T09:50:33,9300.0,7.23,B
2021-06-18T09:50:24,2500.0,7.2,B
2021-06-18T09:50:21,6400.0,7.22,B
2021-06-18T09:50:20,200.0,7.2,B
2021-06-18T09:50:19,100.0,7.23,B
2021-06-18T09:50:19,600.0,7.2,B
2021-06-18T09:50:18,22000.0,7.2,B
2021-06-18T09:50:15,1600.0,7.25,B
2021-06-18T09:50:15,700.0,7.25,B
2021-06-18T09:50:15,15800.0,7.25,B
2021-06-18T09:50:15,500.0,7.2,B
2021-06-18T09:50:13,6700.0,7.22,B
2021-06-18T09:50:13,300.0,7.21,B
2021-06-18T09:50:13,4000.0,7.2,B
2021-06-18T09:50:12,600.0,7.2,B
2021-06-18T09:50:08,1800.0,7.22,B
2021-06-18T09:50:08,12200.0,7.22,B
2021-06-18T09:50:08,5600.0,7.2,B
2021-06-18T09:50:08,15600.0,7.2,B
2021-06-18T09:50:07,200.0,7.2,B
2021-06-18T09:50:07,6300.0,7.2,B
2021-06-18T09:50:07,3500.0,7.2,B
2021-06-18T09:50:07,20500.0,7.2,B
2021-06-18T09:50:07,12300.0,7.2,B
2021-06-18T09:50:07,5400.0,7.2,B
2021-06-18T09:50:07,5600.0,7.2,B
2021-06-18T09:50:07,4900.0,7.2,B
2021-06-18T09:50:07,15000.0,7.2,B
2021-06-18T09:50:07,18100.0,7.2,B
2021-06-18T09:50:05,200.0,7.18,S
2021-06-18T09:50:04,1000.0,7.2,B
2021-06-18T09:50:04,15000.0,7.2,B
2021-06-18T09:50:04,500.0,7.2,B
2021-06-18T09:50:04,500.0,7.2,B
2021-06-18T09:50:04,12600.0,7.2,B
2021-06-18T09:50:04,21400.0,7.2,B
2021-06-18T09:50:03,1000.0,7.2,B
2021-06-18T09:50:02,50000.0,7.2,B
2021-06-18T09:50:00,2000.0,7.2,B
2021-06-18T09:50:00,100.0,7.2,B
2021-06-18T09:49:59,5000.0,7.2,B
2021-06-18T09:49:58,1000.0,7.2,B
2021-06-18T09:49:57,700.0,7.2,B
2021-06-18T09:49:57,100.0,7.2,B
2021-06-18T09:49:57,3000.0,7.2,B
2021-06-18T09:49:57,1000.0,7.2,B
2021-06-18T09:49:54,100.0,7.18,S
2021-06-18T09:49:53,3000.0,7.2,B
2021-06-18T09:49:53,1000.0,7.2,B
2021-06-18T09:49:52,22000.0,7.2,B
2021-06-18T09:49:52,1000.0,7.2,B
2021-06-18T09:49:46,10000.0,7.2,B
2021-06-18T09:49:43,1600.0,7.19,S
2021-06-18T09:49:40,10000.0,7.2,B
2021-06-18T09:49:40,15000.0,7.2,B
2021-06-18T09:49:40,2000.0,7.2,B
2021-06-18T09:49:38,11100.0,7.2,B
2021-06-18T09:49:38,2900.0,7.2,B
2021-06-18T09:49:37,400.0,7.19,S
2021-06-18T09:49:37,200.0,7.19,S
2021-06-18T09:49:34,2000.0,7.2,B
2021-06-18T09:49:31,1000.0,7.2,B
2021-06-18T09:49:23,10500.0,7.2,B
2021-06-18T09:49:05,10000.0,7.2,B
2021-06-18T09:49:03,2000.0,7.2,B
2021-06-18T09:48:58,7400.0,7.2,B
2021-06-18T09:48:58,33300.0,7.2,B
2021-06-18T09:48:55,2700.0,7.18,B
2021-06-18T09:48:55,300.0,7.18,B
2021-06-18T09:48:53,2000.0,7.17,B
2021-06-18T09:48:48,10000.0,7.17,B
2021-06-18T09:48:38,16600.0,7.2,B
2021-06-18T09:48:38,1400.0,7.2,B
2021-06-18T09:48:38,1000.0,7.19,B
2021-06-18T09:48:38,1000.0,7.19,B
2021-06-18T09:48:36,100.0,7.18,B
2021-06-18T09:48:32,500.0,7.18,B
2021-06-18T09:48:21,700.0,7.18,B
2021-06-18T09:48:20,2800.0,7.18,B
2021-06-18T09:48:17,100.0,7.18,B
2021-06-18T09:48:15,7600.0,7.18,B
2021-06-18T09:48:15,5100.0,7.18,B
2021-06-18T09:48:15,2300.0,7.17,B
2021-06-18T09:48:13,200.0,7.17,B
2021-06-18T09:48:13,100.0,7.16,B
2021-06-18T09:48:05,2000.0,7.16,B
2021-06-18T09:48:01,3600.0,7.17,B
2021-06-18T09:47:58,10400.0,7.16,B
2021-06-18T09:47:56,2000.0,7.15,B
2021-06-18T09:47:56,1000.0,7.16,B
2021-06-18T09:47:55,2500.0,7.16,B
2021-06-18T09:47:54,100.0,7.15,B
2021-06-18T09:47:52,1000.0,7.15,B
2021-06-18T09:47:48,5000.0,7.16,B
2021-06-18T09:47:46,1500.0,7.16,B
2021-06-18T09:47:46,5000.0,7.16,B
2021-06-18T09:47:46,500.0,7.15,B
2021-06-18T09:47:44,3000.0,7.16,B
2021-06-18T09:47:43,3000.0,7.16,B
2021-06-18T09:47:41,8000.0,7.16,B
2021-06-18T09:47:41,1200.0,7.16,B
2021-06-18T09:47:41,3000.0,7.16,B
2021-06-18T09:47:40,5800.0,7.16,B
2021-06-18T09:47:37,300.0,7.15,B
2021-06-18T09:47:37,10000.0,7.16,B
2021-06-18T09:47:34,8000.0,7.15,B
2021-06-18T09:47:33,3800.0,7.15,B
2021-06-18T09:47:33,300.0,7.15,B
2021-06-18T09:47:32,15900.0,7.15,B
2021-06-18T09:47:31,5000.0,7.15,B
2021-06-18T09:47:30,7900.0,7.15,B
2021-06-18T09:47:28,500.0,7.15,B
2021-06-18T09:47:28,200.0,7.15,B
2021-06-18T09:47:28,5000.0,7.15,B
2021-06-18T09:47:28,44900.0,7.15,B
2021-06-18T09:47:27,10000.0,7.15,B
2021-06-18T09:47:25,2000.0,7.15,B
2021-06-18T09:47:25,4000.0,7.14,B
2021-06-18T09:47:24,10000.0,7.15,B
2021-06-18T09:47:19,2200.0,7.15,B
2021-06-18T09:47:17,4300.0,7.15,B
2021-06-18T09:47:17,5000.0,7.15,B
2021-06-18T09:47:11,10000.0,7.15,B
2021-06-18T09:47:09,100.0,7.13,B
2021-06-18T09:47:09,50000.0,7.15,B
2021-06-18T09:47:08,1000.0,7.15,B
2021-06-18T09:47:06,1000.0,7.13,B
2021-06-18T09:47:06,12500.0,7.15,B
2021-06-18T09:47:06,53500.0,7.15,B
2021-06-18T09:47:03,2000.0,7.14,B
2021-06-18T09:47:01,500.0,7.14,B
2021-06-18T09:46:59,5300.0,7.13,B
2021-06-18T09:46:58,15700.0,7.13,B
2021-06-18T09:46:49,1400.0,7.13,B
2021-06-18T09:46:46,3000.0,7.13,B
2021-06-18T09:46:46,4000.0,7.13,B
2021-06-18T09:46:45,10000.0,7.11,B
2021-06-18T09:46:43,600.0,7.11,B
2021-06-18T09:46:41,7000.0,7.13,B
2021-06-18T09:46:37,10000.0,7.13,B
2021-06-18T09:46:34,500.0,7.13,B
2021-06-18T09:46:32,5000.0,7.13,B
2021-06-18T09:46:32,2000.0,7.12,B
2021-06-18T09:46:29,400.0,7.12,B
2021-06-18T09:46:27,3800.0,7.12,B
2021-06-18T09:46:27,4000.0,7.12,B
2021-06-18T09:46:27,21000.0,7.12,B
2021-06-18T09:46:27,5900.0,7.12,B
2021-06-18T09:46:24,300.0,7.12,B
2021-06-18T09:46:24,2000.0,7.1,B
2021-06-18T09:46:16,10000.0,7.12,B
2021-06-18T09:46:16,14000.0,7.11,B
2021-06-18T09:46:16,1000.0,7.11,B
2021-06-18T09:46:15,10000.0,7.1,B
2021-06-18T09:46:15,10000.0,7.1,B
2021-06-18T09:46:07,2000.0,7.1,B
2021-06-18T09:46:02,100.0,7.1,B
2021-06-18T09:45:51,3000.0,7.1,B
2021-06-18T09:45:47,300.0,7.1,B
2021-06-18T09:45:47,2000.0,7.1,B
2021-06-18T09:45:45,500.0,7.1,B
2021-06-18T09:45:43,100.0,7.1,B
2021-06-18T09:45:42,10600.0,7.1,B
2021-06-18T09:45:42,9100.0,7.1,B
2021-06-18T09:45:41,4300.0,7.1,B
2021-06-18T09:45:41,8000.0,7.1,B
2021-06-18T09:45:41,10000.0,7.1,B
2021-06-18T09:45:41,10000.0,7.1,B
2021-06-18T09:45:41,5000.0,7.1,B
2021-06-18T09:45:41,15500.0,7.1,B
2021-06-18T09:45:41,3600.0,7.1,B
2021-06-18T09:45:33,15800.0,7.1,B
2021-06-18T09:45:33,3200.0,7.1,B
2021-06-18T09:45:32,3300.0,7.1,B
2021-06-18T09:45:32,2100.0,7.1,B
2021-06-18T09:45:32,1100.0,7.1,B
2021-06-18T09:45:32,1000.0,7.1,B
2021-06-18T09:45:32,600.0,7.1,B
2021-06-18T09:45:32,5300.0,7.1,B
2021-06-18T09:45:29,6800.0,7.1,B
2021-06-18T09:45:29,9600.0,7.1,B
2021-06-18T09:45:29,6000.0,7.1,B
2021-06-18T09:45:29,25500.0,7.1,B
2021-06-18T09:45:29,1100.0,7.1,B
2021-06-18T09:45:28,5000.0,7.1,B
2021-06-18T09:45:28,1500.0,7.1,B
2021-06-18T09:45:28,700.0,7.1,B
2021-06-18T09:45:28,11100.0,7.1,B
2021-06-18T09:45:28,2500.0,7.1,B
2021-06-18T09:45:28,2800.0,7.1,B
2021-06-18T09:45:28,2200.0,7.1,B
2021-06-18T09:45:28,900.0,7.1,B
2021-06-18T09:45:28,13500.0,7.09,B
2021-06-18T09:45:28,2300.0,7.09,B
2021-06-18T09:45:28,6100.0,7.09,B
2021-06-18T09:45:28,2400.0,7.09,B
2021-06-18T09:45:21,400.0,7.09,B
2021-06-18T09:45:20,50000.0,7.09,B
2021-06-18T09:45:18,700.0,7.08,S
2021-06-18T09:45:02,100.0,7.08,B
2021-06-18T09:44:53,200.0,7.09,B
2021-06-18T09:44:45,3400.0,7.08,B
2021-06-18T09:44:45,2200.0,7.08,B
2021-06-18T09:44:43,4000.0,7.08,B
2021-06-18T09:44:39,1300.0,7.08,B
2021-06-18T09:44:39,1700.0,7.08,B
2021-06-18T09:44:36,1000.0,7.08,B
2021-06-18T09:44:36,5000.0,7.08,B
2021-06-18T09:44:17,3000.0,7.08,B
2021-06-18T09:44:02,1000.0,7.08,B
2021-06-18T09:43:53,11000.0,7.06,B
2021-06-18T09:43:50,1000.0,7.06,B
2021-06-18T09:43:49,3000.0,7.08,B
2021-06-18T09:43:43,1000.0,7.06,B
2021-06-18T09:43:41,300.0,7.06,B
2021-06-18T09:43:36,50000.0,7.06,B
2021-06-18T09:43:32,1000.0,7.06,B
2021-06-18T09:43:11,1000.0,7.06,B
2021-06-18T09:43:11,2000.0,7.05,S
2021-06-18T09:43:01,92200.0,7.05,S
2021-06-18T09:43:01,3200.0,7.05,S
2021-06-18T09:43:01,4600.0,7.06,B
2021-06-18T09:42:57,5400.0,7.06,B
2021-06-18T09:42:43,1800.0,7.05,S
2021-06-18T09:42:43,6600.0,7.05,S
2021-06-18T09:42:43,2700.0,7.06,B
2021-06-18T09:42:41,2000.0,7.05,S
2021-06-18T09:42:39,3200.0,7.05,S
2021-06-18T09:42:27,15000.0,7.05,S
2021-06-18T09:42:13,3000.0,7.05,S
2021-06-18T09:42:13,14300.0,7.05,S
2021-06-18T09:42:12,33700.0,7.08,B
2021-06-18T09:42:12,100.0,7.07,B
2021-06-18T09:42:12,5000.0,7.07,B
2021-06-18T09:42:12,600.0,7.07,B
2021-06-18T09:42:12,5000.0,7.07,B
2021-06-18T09:42:12,15200.0,7.07,B
2021-06-18T09:42:12,31000.0,7.07,B
2021-06-18T09:42:12,12900.0,7.07,B
2021-06-18T09:42:12,500.0,7.07,B
2021-06-18T09:42:12,3200.0,7.07,B
2021-06-18T09:42:12,4000.0,7.07,B
2021-06-18T09:42:11,15000.0,7.07,B
2021-06-18T09:42:11,100.0,7.07,B
2021-06-18T09:42:11,1100.0,7.07,B
2021-06-18T09:42:11,700.0,7.07,B
2021-06-18T09:42:11,500.0,7.07,B
2021-06-18T09:42:11,1200.0,7.07,B
2021-06-18T09:42:11,9800.0,7.07,B
2021-06-18T09:42:11,100.0,7.06,B
2021-06-18T09:42:11,19000.0,7.06,B
2021-06-18T09:42:11,3500.0,7.06,B
2021-06-18T09:42:11,3200.0,7.06,B
2021-06-18T09:42:11,5500.0,7.06,B
2021-06-18T09:42:11,9100.0,7.06,B
2021-06-18T09:42:11,4000.0,7.06,B
2021-06-18T09:42:11,10000.0,7.06,B
2021-06-18T09:42:10,6000.0,7.06,B
2021-06-18T09:42:06,2000.0,7.05,S
2021-06-18T09:41:37,14000.0,7.05,S
2021-06-18T09:41:31,1900.0,7.05,S
2021-06-18T09:41:01,10000.0,7.05,S
2021-06-18T09:40:53,5000.0,7.05,S
2021-06-18T09:40:48,800.0,7.06,B
2021-06-18T09:40:48,200.0,7.06,B
2021-06-18T09:40:48,4000.0,7.06,B
2021-06-18T09:40:29,3000.0,7.06,B
2021-06-18T09:40:28,13000.0,7.05,S
2021-06-18T09:40:15,500.0,7.05,S
2021-06-18T09:40:13,100.0,7.06,B
2021-06-18T09:40:09,200.0,7.05,S
2021-06-18T09:40:06,1800.0,7.05,S
2021-06-18T09:40:05,200.0,7.06,B
2021-06-18T09:40:02,300.0,7.05,S
2021-06-18T09:40:01,15000.0,7.06,B
2021-06-18T09:40:01,5000.0,7.05,S
2021-06-18T09:39:59,500.0,7.05,S
2021-06-18T09:39:47,500.0,7.05,S
2021-06-18T09:39:44,200.0,7.05,S
2021-06-18T09:39:40,12000.0,7.05,S
2021-06-18T09:39:35,500.0,7.05,S
2021-06-18T09:39:20,10000.0,7.05,S
2021-06-18T09:39:18,5000.0,7.05,S
2021-06-18T09:39:17,100.0,7.05,S
2021-06-18T09:38:56,100.0,7.05,S
2021-06-18T09:38:53,3000.0,7.05,S
2021-06-18T09:38:42,1000.0,7.05,S
2021-06-18T09:38:40,900.0,7.05,S
2021-06-18T09:38:36,1000.0,7.05,S
2021-06-18T09:38:23,1000.0,7.05,S
2021-06-18T09:38:21,3000.0,7.05,S
2021-06-18T09:38:16,10000.0,7.05,S
2021-06-18T09:38:15,10000.0,7.05,S
2021-06-18T09:38:14,100.0,7.05,S
2021-06-18T09:38:06,4500.0,7.05,S
2021-06-18T09:38:06,21500.0,7.05,S
2021-06-18T09:38:06,8500.0,7.05,S
2021-06-18T09:38:06,14700.0,7.05,S
2021-06-18T09:38:06,2300.0,7.05,S
2021-06-18T09:38:06,3700.0,7.05,S
2021-06-18T09:38:06,500.0,7.05,S
2021-06-18T09:38:06,400.0,7.05,S
2021-06-18T09:38:06,21500.0,7.05,S
2021-06-18T09:38:06,20900.0,7.05,S
2021-06-18T09:38:06,50700.0,7.05,S
2021-06-18T09:38:06,15700.0,7.04,S
2021-06-18T09:38:06,100.0,7.03,S
2021-06-18T09:38:06,16300.0,7.03,S
2021-06-18T09:37:56,10000.0,7.02,S
2021-06-18T09:37:51,10000.0,7.02,S
2021-06-18T09:37:47,1000.0,7.02,S
2021-06-18T09:37:38,200.0,7.02,S
2021-06-18T09:37:37,200.0,7.02,S
2021-06-18T09:37:36,7000.0,7.02,S
2021-06-18T09:37:34,17500.0,7.02,S
2021-06-18T09:37:30,5000.0,7.01,S
2021-06-18T09:37:21,500.0,7.02,S
2021-06-18T09:37:17,19600.0,7.02,S
2021-06-18T09:37:11,600.0,7.02,S
2021-06-18T09:37:02,1000.0,7.03,B
2021-06-18T09:36:59,100.0,7.02,S
2021-06-18T09:36:36,800.0,7.02,S
2021-06-18T09:36:34,2500.0,7.02,S
2021-06-18T09:36:31,20000.0,7.02,S
2021-06-18T09:36:04,1000.0,7.02,S
2021-06-18T09:36:04,200.0,7.03,B
2021-06-18T09:36:01,200.0,7.02,S
2021-06-18T09:35:57,4800.0,7.02,S
2021-06-18T09:35:48,5000.0,7.02,S
2021-06-18T09:34:34,4200.0,7.03,S
2021-06-18T09:34:27,800.0,7.03,S
2021-06-18T09:34:26,500.0,7.02,S
2021-06-18T09:34:23,200.0,7.03,S
2021-06-18T09:34:16,4000.0,7.04,S
2021-06-18T09:34:01,100.0,7.03,S
2021-06-18T09:34:01,100.0,7.03,S
2021-06-18T09:33:55,1400.0,7.03,S
2021-06-18T09:33:41,500.0,7.05,B
2021-06-18T09:33:33,3500.0,7.03,S
2021-06-18T09:33:08,500.0,7.05,S
2021-06-18T09:33:07,10000.0,7.03,S
2021-06-18T09:33:03,500.0,7.04,S
2021-06-18T09:32:58,400.0,7.04,S
2021-06-18T09:32:41,600.0,7.04,S
2021-06-18T09:32:39,1500.0,7.04,S
2021-06-18T09:32:38,2000.0,7.05,S
2021-06-18T09:32:32,8000.0,7.05,S
2021-06-18T09:32:19,900.0,7.04,S
2021-06-18T09:32:19,5000.0,7.03,S
2021-06-18T09:32:14,100.0,7.04,S
2021-06-18T09:32:08,5000.0,7.04,S
2021-06-18T09:32:08,100.0,7.04,S
2021-06-18T09:31:59,1000.0,7.04,S
2021-06-18T09:31:45,500.0,7.04,S
2021-06-18T09:31:39,700.0,7.04,S
2021-06-18T09:31:24,100.0,7.04,S
2021-06-18T09:31:22,3000.0,7.05,S
2021-06-18T09:30:21,2000.0,7.05,S
2021-06-18T09:30:06,11700.0,7.03,S
2021-06-18T09:30:06,4500.0,7.03,S
2021-06-18T09:30:04,1000.0,7.04,S
2021-06-18T09:30:04,5000.0,7.04,S
2021-06-18T09:30:04,1300.0,7.04,S
2021-06-18T09:30:04,1200.0,7.04,S
2021-06-18T09:30:04,5300.0,7.04,S
2021-06-18T09:29:35,22000.0,7.05,S
2021-06-18T09:29:31,200.0,7.05,S
2021-06-18T09:29:27,10000.0,7.05,S
2021-06-18T09:29:21,3000.0,7.05,S
2021-06-18T09:29:12,1800.0,7.05,S
2021-06-18T09:29:11,1200.0,7.05,S
2021-06-18T09:29:11,3800.0,7.05,S
2021-06-18T09:29:10,10700.0,7.05,S
2021-06-18T09:29:06,20000.0,7.05,S
2021-06-18T09:29:00,300.0,7.05,S
2021-06-18T09:29:00,2900.0,7.05,S
2021-06-18T09:29:00,6800.0,7.05,S
2021-06-18T09:28:52,2000.0,7.05,S
2021-06-18T09:28:51,200.0,7.05,S
2021-06-18T09:28:50,2000.0,7.05,S
2021-06-18T09:28:44,1000.0,7.05,S
2021-06-18T09:28:36,100.0,7.05,S
2021-06-18T09:28:36,500.0,7.05,S
2021-06-18T09:28:36,2000.0,7.05,S
2021-06-18T09:28:35,700.0,7.05,S
2021-06-18T09:28:31,200.0,7.05,S
2021-06-18T09:28:24,5000.0,7.06,B
2021-06-18T09:28:03,10000.0,7.05,S
2021-06-18T09:27:17,2000.0,7.06,S
2021-06-18T09:27:15,2000.0,7.06,S
2021-06-18T09:27:09,1800.0,7.06,S
2021-06-18T09:27:07,2300.0,7.06,S
2021-06-18T09:27:03,100.0,7.06,S
2021-06-18T09:26:53,6800.0,7.06,S
2021-06-18T09:26:48,5000.0,7.06,S
2021-06-18T09:26:45,30200.0,7.06,S
2021-06-18T09:26:34,57900.0,7.05,S
2021-06-18T09:26:34,5000.0,7.06,S
2021-06-18T09:26:32,200.0,7.06,S
2021-06-18T09:26:27,2000.0,7.07,B
2021-06-18T09:26:26,1000.0,7.06,S
2021-06-18T09:26:20,200.0,7.06,S
2021-06-18T09:25:36,100.0,7.06,S
2021-06-18T09:25:29,1000.0,7.07,B
2021-06-18T09:25:25,1000.0,7.06,S
2021-06-18T09:25:22,500.0,7.06,S
2021-06-18T09:25:12,10000.0,7.07,B
2021-06-18T09:25:01,1900.0,7.06,S
2021-06-18T09:24:58,300.0,7.06,S
2021-06-18T09:24:53,100.0,7.06,S
2021-06-18T09:24:35,5000.0,7.06,S
2021-06-18T09:24:16,1000.0,7.06,B
2021-06-18T09:24:03,500.0,7.06,B
2021-06-18T09:23:50,500.0,7.07,B
2021-06-18T09:23:50,400.0,7.06,B
2021-06-18T09:23:40,2000.0,7.06,B
2021-06-18T09:23:39,800.0,7.06,B
2021-06-18T09:23:38,200.0,7.06,B
2021-06-18T09:23:36,1000.0,7.07,B
2021-06-18T09:23:34,500.0,7.07,B
2021-06-18T09:23:17,4200.0,7.05,S
2021-06-18T09:23:16,17800.0,7.05,S
2021-06-18T09:23:14,500.0,7.07,B
2021-06-18T09:23:13,5000.0,7.07,B
2021-06-18T09:23:05,600.0,7.06,B
2021-06-18T09:23:00,100.0,7.06,B
2021-06-18T09:22:55,9700.0,7.05,S
2021-06-18T09:22:55,2300.0,7.05,S
2021-06-18T09:22:50,10000.0,7.07,B
2021-06-18T09:22:49,4900.0,7.06,B
2021-06-18T09:22:48,100.0,7.06,B
2021-06-18T09:22:44,3000.0,7.07,B
2021-06-18T09:22:20,1400.0,7.06,B
2021-06-18T09:22:05,33600.0,7.07,B
2021-06-18T09:21:45,2000.0,7.06,B
2021-06-18T09:21:28,1000.0,7.06,B
2021-06-18T09:21:28,2100.0,7.06,B
2021-06-18T09:21:17,200.0,7.05,S
2021-06-18T09:21:14,25000.0,7.07,B
2021-06-18T09:21:04,100.0,7.05,S
2021-06-18T09:21:01,5000.0,7.05,S
2021-06-18T09:20:56,200.0,7.06,B
2021-06-18T09:20:48,3000.0,7.06,B
2021-06-18T09:20:46,3000.0,7.06,B
2021-06-18T09:20:42,1000.0,7.06,B
2021-06-18T09:20:41,10000.0,7.05,S
2021-06-18T09:20:39,2000.0,7.05,S
2021-06-18T09:20:34,200.0,7.06,B
2021-06-18T09:20:32,1300.0,7.06,B
2021-06-18T09:20:32,300.0,7.06,B
2021-06-18T09:20:31,1400.0,7.06,B
2021-06-18T09:20:25,900.0,7.05,S
2021-06-18T09:20:09,400.0,7.05,S
2021-06-18T09:19:57,100.0,7.05,S
2021-06-18T09:19:52,100.0,7.05,S
2021-06-18T09:19:50,500.0,7.05,S
2021-06-18T09:19:49,400.0,7.05,S
2021-06-18T09:19:45,500.0,7.05,S
2021-06-18T09:19:28,4200.0,7.05,S
2021-06-18T09:19:27,200.0,7.05,S
2021-06-18T09:19:04,10000.0,7.05,S
2021-06-18T09:18:50,3000.0,7.05,S
2021-06-18T09:18:48,5800.0,7.07,B
2021-06-18T09:18:48,2200.0,7.06,B
2021-06-18T09:18:40,7800.0,7.06,B
2021-06-18T09:18:40,2200.0,7.06,B
2021-06-18T09:18:08,200.0,7.05,B
2021-06-18T09:18:01,10000.0,7.06,B
2021-06-18T09:17:50,1600.0,7.04,S
2021-06-18T09:17:48,1600.0,7.04,S
2021-06-18T09:17:48,10100.0,7.06,B
2021-06-18T09:17:48,12700.0,7.05,B
2021-06-18T09:17:48,500.0,7.05,B
2021-06-18T09:17:46,500.0,7.04,S
2021-06-18T09:17:42,2100.0,7.04,S
2021-06-18T09:17:40,200.0,7.04,S
2021-06-18T09:17:40,1800.0,7.05,B
2021-06-18T09:17:37,15500.0,7.05,B
2021-06-18T09:17:37,1000.0,7.05,B
2021-06-18T09:17:37,6700.0,7.05,B
2021-06-18T09:17:18,10000.0,7.04,B
2021-06-18T09:17:16,10000.0,7.05,B
2021-06-18T09:17:07,200.0,7.04,B
2021-06-18T09:17:04,10200.0,7.04,B
2021-06-18T09:17:01,1000.0,7.04,B
2021-06-18T09:16:58,2500.0,7.04,B
2021-06-18T09:16:52,500.0,7.04,B
2021-06-18T09:16:52,1000.0,7.03,S
2021-06-18T09:16:31,500.0,7.04,B
2021-06-18T09:16:26,10000.0,7.04,B
2021-06-18T09:16:23,1000.0,7.04,B
