tradingTime,volume,price,side
2021-06-18T14:27:52,400.0,37.4,S
2021-06-18T14:27:52,300.0,37.4,S
2021-06-18T14:27:52,300.0,37.4,S
2021-06-18T14:27:27,100.0,37.5,B
2021-06-18T14:27:27,200.0,37.5,B
2021-06-18T14:27:27,400.0,37.5,B
2021-06-18T14:27:27,2500.0,37.45,B
2021-06-18T14:27:14,400.0,37.4,S
2021-06-18T14:25:44,800.0,37.4,S
2021-06-18T14:25:43,300.0,37.4,S
2021-06-18T14:25:43,100.0,37.4,S
2021-06-18T14:25:02,1200.0,37.4,S
2021-06-18T14:22:40,100.0,37.4,S
2021-06-18T14:20:26,100.0,37.4,S
2021-06-18T14:20:21,100.0,37.45,B
2021-06-18T14:20:09,900.0,37.4,S
2021-06-18T14:20:08,500.0,37.45,B
2021-06-18T14:17:46,200.0,37.4,S
2021-06-18T14:16:58,1000.0,37.4,S
2021-06-18T14:16:53,200.0,37.4,S
2021-06-18T14:15:35,1600.0,37.4,S
2021-06-18T14:15:14,2000.0,37.4,S
2021-06-18T14:15:12,1000.0,37.45,B
2021-06-18T14:14:26,1000.0,37.45,B
2021-06-18T14:14:08,900.0,37.45,B
2021-06-18T14:14:08,2000.0,37.45,B
2021-06-18T14:14:08,2100.0,37.45,B
2021-06-18T14:13:11,500.0,37.45,B
2021-06-18T14:12:35,1600.0,37.45,B
2021-06-18T14:12:13,1600.0,37.45,B
2021-06-18T14:12:01,700.0,37.4,S
2021-06-18T14:12:01,6000.0,37.4,S
2021-06-18T14:12:01,2100.0,37.4,S
2021-06-18T14:12:01,1000.0,37.4,S
2021-06-18T14:11:11,2000.0,37.4,S
2021-06-18T14:10:55,500.0,37.45,B
2021-06-18T14:10:05,900.0,37.4,S
2021-06-18T14:10:01,100.0,37.45,B
2021-06-18T14:09:55,100.0,37.4,S
2021-06-18T14:09:49,800.0,37.4,S
2021-06-18T14:09:49,9200.0,37.4,S
2021-06-18T14:09:47,200.0,37.4,S
2021-06-18T14:09:46,500.0,37.4,S
2021-06-18T14:09:21,1000.0,37.4,S
2021-06-18T14:08:29,100.0,37.4,S
2021-06-18T14:07:41,200.0,37.4,S
2021-06-18T14:07:20,2600.0,37.4,S
2021-06-18T14:07:20,500.0,37.4,S
2021-06-18T14:07:20,16900.0,37.4,S
2021-06-18T14:07:17,4000.0,37.4,S
2021-06-18T14:07:06,3100.0,37.4,S
2021-06-18T14:07:06,1100.0,37.4,S
2021-06-18T14:07:06,1500.0,37.4,S
2021-06-18T14:07:06,9300.0,37.4,S
2021-06-18T14:06:24,3000.0,37.45,B
2021-06-18T14:06:23,200.0,37.45,B
2021-06-18T14:05:24,3000.0,37.45,S
2021-06-18T14:05:18,1000.0,37.45,S
2021-06-18T14:05:11,600.0,37.45,S
2021-06-18T14:05:11,400.0,37.45,S
2021-06-18T14:05:10,5700.0,37.45,S
2021-06-18T14:04:59,1000.0,37.45,S
2021-06-18T14:04:40,1000.0,37.45,S
2021-06-18T14:04:34,100.0,37.45,S
2021-06-18T14:04:20,4200.0,37.45,S
2021-06-18T14:04:01,600.0,37.45,S
2021-06-18T14:03:54,400.0,37.45,S
2021-06-18T14:03:54,3300.0,37.45,S
2021-06-18T14:03:54,1700.0,37.45,S
2021-06-18T14:03:49,300.0,37.45,S
2021-06-18T14:03:40,100.0,37.45,S
2021-06-18T14:03:31,300.0,37.45,S
2021-06-18T14:03:24,300.0,37.45,S
2021-06-18T14:01:36,500.0,37.45,S
2021-06-18T14:01:33,100.0,37.45,S
2021-06-18T14:01:17,800.0,37.45,S
2021-06-18T14:01:03,1600.0,37.45,S
2021-06-18T14:00:56,100.0,37.45,S
2021-06-18T14:00:38,1000.0,37.45,B
2021-06-18T14:00:38,1000.0,37.45,B
2021-06-18T14:00:32,500.0,37.5,B
2021-06-18T14:00:15,1000.0,37.45,B
2021-06-18T14:00:08,300.0,37.45,B
2021-06-18T13:59:59,1500.0,37.45,B
2021-06-18T13:59:51,500.0,37.45,B
2021-06-18T13:59:40,100.0,37.5,B
2021-06-18T13:59:35,1300.0,37.5,B
2021-06-18T13:59:34,20700.0,37.5,B
2021-06-18T13:59:00,300.0,37.45,B
2021-06-18T13:58:46,4400.0,37.45,B
2021-06-18T13:58:46,600.0,37.45,B
2021-06-18T13:58:40,1100.0,37.45,B
2021-06-18T13:58:40,1100.0,37.45,B
2021-06-18T13:58:40,7800.0,37.45,B
2021-06-18T13:58:26,500.0,37.4,S
2021-06-18T13:57:48,200.0,37.4,S
2021-06-18T13:57:39,1000.0,37.45,B
2021-06-18T13:55:56,1000.0,37.4,S
2021-06-18T13:55:55,8000.0,37.45,B
2021-06-18T13:55:51,1600.0,37.45,B
2021-06-18T13:55:51,8400.0,37.45,B
2021-06-18T13:55:03,300.0,37.4,S
2021-06-18T13:54:59,2000.0,37.4,S
2021-06-18T13:53:51,500.0,37.4,S
2021-06-18T13:53:51,300.0,37.4,S
2021-06-18T13:53:18,3600.0,37.45,S
2021-06-18T13:53:13,200.0,37.45,S
2021-06-18T13:53:03,2200.0,37.45,S
2021-06-18T13:52:57,700.0,37.45,S
2021-06-18T13:52:57,200.0,37.45,S
2021-06-18T13:52:57,900.0,37.45,S
2021-06-18T13:52:57,1700.0,37.45,S
2021-06-18T13:52:57,1400.0,37.45,S
2021-06-18T13:52:57,3000.0,37.45,S
2021-06-18T13:52:57,2100.0,37.45,S
2021-06-18T13:52:34,500.0,37.45,S
2021-06-18T13:52:27,10000.0,37.45,S
2021-06-18T13:52:25,900.0,37.5,B
2021-06-18T13:51:39,6400.0,37.5,B
2021-06-18T13:51:39,3700.0,37.5,B
2021-06-18T13:51:39,700.0,37.5,B
2021-06-18T13:51:39,1200.0,37.5,B
2021-06-18T13:51:39,900.0,37.5,B
2021-06-18T13:51:39,300.0,37.5,B
2021-06-18T13:51:30,100.0,37.45,S
2021-06-18T13:51:20,7700.0,37.45,S
2021-06-18T13:51:12,1600.0,37.45,S
2021-06-18T13:50:50,100.0,37.45,S
2021-06-18T13:50:49,100.0,37.5,B
2021-06-18T13:49:57,700.0,37.45,S
2021-06-18T13:49:48,400.0,37.45,S
2021-06-18T13:49:48,1000.0,37.45,S
2021-06-18T13:49:48,200.0,37.45,S
2021-06-18T13:49:08,1600.0,37.45,S
2021-06-18T13:49:05,700.0,37.45,S
2021-06-18T13:49:04,300.0,37.45,S
2021-06-18T13:48:41,100.0,37.45,S
2021-06-18T13:48:23,2000.0,37.5,B
2021-06-18T13:46:56,300.0,37.5,B
2021-06-18T13:46:12,100.0,37.5,B
2021-06-18T13:45:30,1500.0,37.5,B
2021-06-18T13:45:27,1400.0,37.5,B
2021-06-18T13:45:26,100.0,37.5,B
2021-06-18T13:44:38,10000.0,37.5,B
2021-06-18T13:44:27,100.0,37.5,B
2021-06-18T13:44:07,12000.0,37.5,B
2021-06-18T13:43:54,600.0,37.45,S
2021-06-18T13:43:52,200.0,37.5,B
2021-06-18T13:43:01,100.0,37.45,S
2021-06-18T13:42:57,400.0,37.5,B
2021-06-18T13:42:55,1500.0,37.5,B
2021-06-18T13:42:43,200.0,37.45,S
2021-06-18T13:42:41,100.0,37.45,S
2021-06-18T13:42:13,3800.0,37.45,S
2021-06-18T13:42:13,3100.0,37.45,S
2021-06-18T13:42:13,2500.0,37.45,S
2021-06-18T13:42:13,500.0,37.45,S
2021-06-18T13:42:13,2600.0,37.45,S
2021-06-18T13:42:13,2500.0,37.45,S
2021-06-18T13:42:05,500.0,37.5,B
2021-06-18T13:41:59,100.0,37.5,B
2021-06-18T13:41:14,300.0,37.45,S
2021-06-18T13:40:58,300.0,37.45,S
2021-06-18T13:40:51,200.0,37.45,S
2021-06-18T13:40:49,800.0,37.45,S
2021-06-18T13:40:04,500.0,37.45,S
2021-06-18T13:39:44,100.0,37.5,S
2021-06-18T13:39:43,400.0,37.5,S
2021-06-18T13:39:41,100.0,37.5,S
2021-06-18T13:39:27,300.0,37.5,S
2021-06-18T13:38:55,4700.0,37.5,B
2021-06-18T13:38:54,1000.0,37.5,B
2021-06-18T13:38:16,1300.0,37.5,B
2021-06-18T13:36:57,5000.0,37.5,B
2021-06-18T13:36:48,900.0,37.5,B
2021-06-18T13:36:48,1500.0,37.5,B
2021-06-18T13:36:48,1800.0,37.5,B
2021-06-18T13:35:12,3000.0,37.5,B
2021-06-18T13:34:16,200.0,37.5,B
2021-06-18T13:33:11,1300.0,37.5,B
2021-06-18T13:32:54,500.0,37.5,B
2021-06-18T13:32:54,2500.0,37.5,B
2021-06-18T13:32:33,100.0,37.5,B
2021-06-18T13:32:21,200.0,37.45,S
2021-06-18T13:32:11,5000.0,37.5,B
2021-06-18T13:32:08,5000.0,37.45,S
2021-06-18T13:32:03,1700.0,37.45,S
2021-06-18T13:31:56,500.0,37.45,S
2021-06-18T13:31:56,3400.0,37.45,S
2021-06-18T13:31:56,100.0,37.45,S
2021-06-18T13:31:56,1000.0,37.45,S
2021-06-18T13:31:53,100.0,37.45,S
2021-06-18T13:31:08,1000.0,37.45,S
2021-06-18T13:31:02,500.0,37.45,S
2021-06-18T13:30:35,400.0,37.5,S
2021-06-18T13:30:22,100.0,37.5,S
2021-06-18T13:30:08,300.0,37.5,S
2021-06-18T13:30:02,100.0,37.5,S
2021-06-18T13:29:35,300.0,37.5,S
2021-06-18T13:29:14,100.0,37.5,S
2021-06-18T13:29:11,200.0,37.5,S
2021-06-18T13:29:00,300.0,37.5,S
2021-06-18T13:28:52,100.0,37.5,S
2021-06-18T13:28:46,500.0,37.5,S
2021-06-18T13:28:45,3800.0,37.5,S
2021-06-18T13:28:39,800.0,37.55,B
2021-06-18T13:28:28,10000.0,37.5,S
2021-06-18T13:28:25,800.0,37.5,S
2021-06-18T13:28:25,1700.0,37.5,S
2021-06-18T13:28:25,500.0,37.5,S
2021-06-18T13:28:04,100.0,37.5,S
2021-06-18T13:28:00,200.0,37.55,B
2021-06-18T13:27:43,200.0,37.55,B
2021-06-18T13:27:37,500.0,37.5,S
2021-06-18T13:27:19,1000.0,37.55,B
2021-06-18T13:26:49,1400.0,37.55,B
2021-06-18T13:26:48,800.0,37.5,S
2021-06-18T13:26:48,100.0,37.5,S
2021-06-18T13:26:48,4100.0,37.5,S
2021-06-18T13:26:25,100.0,37.55,B
2021-06-18T13:26:07,300.0,37.5,S
2021-06-18T13:25:48,1000.0,37.55,B
2021-06-18T13:25:27,1000.0,37.55,B
2021-06-18T13:24:59,1200.0,37.55,B
2021-06-18T13:24:58,1100.0,37.5,S
2021-06-18T13:24:48,600.0,37.5,S
2021-06-18T13:24:48,600.0,37.5,S
2021-06-18T13:24:44,1000.0,37.55,B
2021-06-18T13:24:37,1300.0,37.55,B
2021-06-18T13:24:26,1000.0,37.55,B
2021-06-18T13:24:10,400.0,37.5,S
2021-06-18T13:24:07,900.0,37.5,B
2021-06-18T13:24:07,5000.0,37.5,B
2021-06-18T13:24:04,400.0,37.5,B
2021-06-18T13:24:04,2000.0,37.5,B
2021-06-18T13:23:56,200.0,37.5,B
2021-06-18T13:23:54,3200.0,37.5,B
2021-06-18T13:23:28,1000.0,37.5,B
2021-06-18T13:23:24,2000.0,37.5,B
2021-06-18T13:22:33,10000.0,37.5,B
2021-06-18T13:22:22,100.0,37.5,B
2021-06-18T13:22:16,800.0,37.5,B
2021-06-18T13:22:10,500.0,37.45,S
2021-06-18T13:21:54,3000.0,37.5,B
2021-06-18T13:21:46,2000.0,37.5,B
2021-06-18T13:21:03,200.0,37.5,B
2021-06-18T13:21:03,500.0,37.5,B
2021-06-18T13:21:02,400.0,37.5,B
2021-06-18T13:20:56,900.0,37.5,B
2021-06-18T13:20:54,2000.0,37.5,B
2021-06-18T13:20:19,300.0,37.5,B
2021-06-18T13:20:17,200.0,37.5,B
2021-06-18T13:20:13,500.0,37.5,B
2021-06-18T13:19:57,100.0,37.5,B
2021-06-18T13:19:54,100.0,37.5,B
2021-06-18T13:19:42,300.0,37.5,B
2021-06-18T13:19:34,2700.0,37.5,S
2021-06-18T13:19:17,1100.0,37.5,S
2021-06-18T13:19:16,100.0,37.5,S
2021-06-18T13:19:15,200.0,37.5,S
2021-06-18T13:19:11,1100.0,37.5,S
2021-06-18T13:19:03,2000.0,37.5,S
2021-06-18T13:18:55,500.0,37.5,S
2021-06-18T13:18:55,300.0,37.5,S
2021-06-18T13:18:41,700.0,37.5,S
2021-06-18T13:18:31,200.0,37.5,S
2021-06-18T13:18:31,3400.0,37.5,S
2021-06-18T13:18:21,200.0,37.55,B
2021-06-18T13:18:13,2200.0,37.5,S
2021-06-18T13:18:13,400.0,37.5,S
2021-06-18T13:18:13,200.0,37.5,S
2021-06-18T13:18:13,200.0,37.5,S
2021-06-18T13:17:54,6000.0,37.5,S
2021-06-18T13:17:52,100.0,37.5,S
2021-06-18T13:17:45,5000.0,37.5,S
2021-06-18T13:16:30,10000.0,37.5,S
2021-06-18T13:16:09,100.0,37.55,B
2021-06-18T13:16:04,800.0,37.5,S
2021-06-18T13:15:56,3000.0,37.5,S
2021-06-18T13:15:50,200.0,37.55,B
2021-06-18T13:15:47,100.0,37.55,B
2021-06-18T13:15:47,500.0,37.55,B
2021-06-18T13:15:45,3000.0,37.5,S
2021-06-18T13:15:20,100.0,37.5,S
2021-06-18T13:15:15,500.0,37.55,B
2021-06-18T13:15:04,1000.0,37.5,S
2021-06-18T13:14:50,300.0,37.5,S
2021-06-18T13:14:48,1000.0,37.5,S
2021-06-18T13:14:44,300.0,37.5,S
2021-06-18T13:14:36,500.0,37.5,S
2021-06-18T13:14:25,2600.0,37.5,S
2021-06-18T13:14:13,9300.0,37.5,S
2021-06-18T13:13:22,900.0,37.5,B
2021-06-18T13:13:15,200.0,37.5,B
2021-06-18T13:13:09,500.0,37.45,S
2021-06-18T13:12:57,100.0,37.5,B
2021-06-18T13:12:55,500.0,37.5,B
2021-06-18T13:12:46,100.0,37.5,B
2021-06-18T13:12:43,200.0,37.5,B
2021-06-18T13:12:15,200.0,37.5,B
2021-06-18T13:12:15,100.0,37.5,B
2021-06-18T13:12:15,1000.0,37.5,B
2021-06-18T13:12:12,500.0,37.5,B
2021-06-18T13:11:15,2000.0,37.5,B
2021-06-18T13:10:54,500.0,37.5,B
2021-06-18T13:10:33,1800.0,37.45,S
2021-06-18T13:10:21,200.0,37.5,B
2021-06-18T13:09:59,200.0,37.5,B
2021-06-18T13:09:37,200.0,37.5,B
2021-06-18T13:08:54,800.0,37.5,B
2021-06-18T13:08:34,500.0,37.5,B
2021-06-18T13:08:25,2000.0,37.5,B
2021-06-18T13:08:05,400.0,37.5,B
2021-06-18T13:07:48,500.0,37.5,B
2021-06-18T13:07:13,800.0,37.5,B
2021-06-18T13:07:13,1200.0,37.5,B
2021-06-18T13:06:46,100.0,37.5,B
2021-06-18T13:06:40,700.0,37.5,B
2021-06-18T13:06:40,300.0,37.5,B
2021-06-18T13:06:39,1400.0,37.5,B
2021-06-18T13:06:37,500.0,37.5,B
2021-06-18T13:06:31,1000.0,37.5,B
2021-06-18T13:06:23,1000.0,37.5,B
2021-06-18T13:06:21,2000.0,37.5,B
2021-06-18T13:06:03,500.0,37.5,B
2021-06-18T13:05:46,200.0,37.5,B
2021-06-18T13:05:36,1000.0,37.5,B
2021-06-18T13:05:14,5000.0,37.5,B
2021-06-18T13:04:58,5000.0,37.5,B
2021-06-18T13:04:54,3000.0,37.5,B
2021-06-18T13:04:48,1600.0,37.5,B
2021-06-18T13:04:45,300.0,37.5,B
2021-06-18T13:04:44,1000.0,37.5,B
2021-06-18T13:04:34,500.0,37.5,B
2021-06-18T13:04:30,2100.0,37.5,B
2021-06-18T13:04:30,1100.0,37.5,B
2021-06-18T13:04:22,1000.0,37.5,B
2021-06-18T13:04:14,300.0,37.5,B
2021-06-18T13:04:07,300.0,37.5,B
2021-06-18T13:04:07,500.0,37.45,S
2021-06-18T13:03:59,2000.0,37.5,B
2021-06-18T13:03:49,3000.0,37.5,B
2021-06-18T13:03:47,1000.0,37.5,B
2021-06-18T13:03:34,1000.0,37.5,B
2021-06-18T13:03:31,300.0,37.5,B
2021-06-18T13:03:31,1000.0,37.5,B
2021-06-18T13:03:25,1000.0,37.5,B
2021-06-18T13:03:15,900.0,37.5,B
2021-06-18T13:03:03,2400.0,37.45,B
2021-06-18T13:02:48,100.0,37.45,B
2021-06-18T13:02:47,900.0,37.45,B
2021-06-18T13:02:46,15300.0,37.45,B
2021-06-18T13:02:46,2000.0,37.45,B
2021-06-18T13:02:46,2700.0,37.45,B
2021-06-18T13:02:39,900.0,37.45,B
2021-06-18T13:02:29,1000.0,37.45,B
2021-06-18T13:02:27,1200.0,37.45,B
2021-06-18T13:01:48,1000.0,37.45,B
2021-06-18T13:01:43,1100.0,37.45,B
2021-06-18T13:01:42,1000.0,37.45,B
2021-06-18T13:01:26,1300.0,37.45,B
2021-06-18T13:01:14,1000.0,37.45,B
2021-06-18T13:01:05,1200.0,37.45,B
2021-06-18T13:01:00,200.0,37.45,B
2021-06-18T13:00:46,200.0,37.45,B
2021-06-18T13:00:45,200.0,37.45,B
2021-06-18T13:00:40,200.0,37.4,S
2021-06-18T13:00:40,800.0,37.45,B
2021-06-18T13:00:40,700.0,37.45,B
2021-06-18T13:00:39,200.0,37.45,B
2021-06-18T13:00:39,300.0,37.4,S
2021-06-18T13:00:32,100.0,37.4,S
2021-06-18T13:00:32,100.0,37.45,B
2021-06-18T13:00:27,100.0,37.45,B
2021-06-18T13:00:27,100.0,37.45,B
2021-06-18T11:30:11,1000.0,37.45,B
2021-06-18T11:30:11,1300.0,37.45,B
2021-06-18T11:29:04,300.0,37.4,S
2021-06-18T11:28:59,100.0,37.45,B
2021-06-18T11:28:58,5000.0,37.45,B
2021-06-18T11:28:05,100.0,37.45,B
2021-06-18T11:27:56,300.0,37.45,B
2021-06-18T11:27:42,3000.0,37.45,B
2021-06-18T11:27:26,1000.0,37.45,B
2021-06-18T11:26:19,1500.0,37.45,B
2021-06-18T11:25:58,5000.0,37.45,B
2021-06-18T11:25:33,1000.0,37.45,B
2021-06-18T11:24:47,1000.0,37.45,B
2021-06-18T11:23:02,1000.0,37.45,B
2021-06-18T11:23:01,1000.0,37.45,B
2021-06-18T11:22:43,1200.0,37.45,B
2021-06-18T11:22:04,100.0,37.45,B
2021-06-18T11:21:39,200.0,37.45,B
2021-06-18T11:20:47,100.0,37.4,S
2021-06-18T11:20:43,1200.0,37.45,B
2021-06-18T11:19:35,2000.0,37.4,S
2021-06-18T11:19:29,1000.0,37.45,B
2021-06-18T11:19:26,300.0,37.45,B
2021-06-18T11:19:13,2000.0,37.45,B
2021-06-18T11:19:03,5000.0,37.4,S
2021-06-18T11:18:59,1200.0,37.45,B
2021-06-18T11:18:29,100.0,37.4,S
2021-06-18T11:18:09,1400.0,37.4,S
2021-06-18T11:18:09,500.0,37.4,S
2021-06-18T11:15:23,400.0,37.4,S
2021-06-18T11:14:30,500.0,37.4,S
2021-06-18T11:14:27,300.0,37.45,B
2021-06-18T11:14:01,800.0,37.45,B
2021-06-18T11:13:31,500.0,37.4,S
2021-06-18T11:12:46,400.0,37.4,S
2021-06-18T11:12:46,400.0,37.4,S
2021-06-18T11:12:26,2000.0,37.45,B
2021-06-18T11:12:03,100.0,37.45,B
2021-06-18T11:12:01,100.0,37.45,B
2021-06-18T11:11:51,1600.0,37.45,B
2021-06-18T11:11:19,8000.0,37.45,B
2021-06-18T11:11:19,400.0,37.4,S
2021-06-18T11:10:58,14400.0,37.45,B
2021-06-18T11:10:44,100.0,37.4,B
2021-06-18T11:10:31,7700.0,37.4,S
2021-06-18T11:10:20,300.0,37.4,S
2021-06-18T11:10:20,700.0,37.4,S
2021-06-18T11:09:48,500.0,37.4,B
2021-06-18T11:09:32,1200.0,37.4,B
2021-06-18T11:09:22,200.0,37.4,S
2021-06-18T11:09:22,2400.0,37.4,S
2021-06-18T11:09:05,300.0,37.4,S
2021-06-18T11:08:54,300.0,37.4,S
2021-06-18T11:08:12,1000.0,37.4,S
2021-06-18T11:08:08,100.0,37.4,S
2021-06-18T11:08:04,100.0,37.4,S
2021-06-18T11:07:42,900.0,37.4,B
2021-06-18T11:07:32,300.0,37.4,B
2021-06-18T11:07:32,1700.0,37.4,B
2021-06-18T11:07:30,200.0,37.4,B
2021-06-18T11:07:11,600.0,37.4,B
2021-06-18T11:06:11,100.0,37.4,B
2021-06-18T11:06:02,1100.0,37.4,S
2021-06-18T11:05:06,1200.0,37.4,S
2021-06-18T11:04:32,1000.0,37.4,S
2021-06-18T11:04:18,500.0,37.4,S
2021-06-18T11:03:22,400.0,37.45,B
2021-06-18T11:03:22,3000.0,37.45,B
2021-06-18T11:03:18,1200.0,37.4,S
2021-06-18T11:03:18,700.0,37.4,S
2021-06-18T11:03:18,2000.0,37.4,S
2021-06-18T11:03:18,9500.0,37.4,S
2021-06-18T11:03:18,11100.0,37.4,S
2021-06-18T11:03:18,500.0,37.4,S
2021-06-18T11:03:18,700.0,37.4,S
2021-06-18T11:03:18,1700.0,37.4,S
2021-06-18T11:03:17,100.0,37.45,B
2021-06-18T11:03:16,2600.0,37.45,B
2021-06-18T11:02:57,500.0,37.45,S
2021-06-18T11:02:56,600.0,37.45,S
2021-06-18T11:02:56,1200.0,37.45,S
2021-06-18T11:02:56,100.0,37.45,S
2021-06-18T11:02:56,600.0,37.45,S
2021-06-18T11:02:56,3700.0,37.45,S
2021-06-18T11:02:56,200.0,37.45,S
2021-06-18T11:02:56,17600.0,37.45,S
2021-06-18T11:02:11,5000.0,37.45,S
2021-06-18T11:01:52,1000.0,37.45,S
2021-06-18T11:01:44,2400.0,37.5,S
2021-06-18T11:01:44,6200.0,37.5,S
2021-06-18T11:01:44,1400.0,37.5,S
2021-06-18T11:01:44,3500.0,37.5,S
2021-06-18T11:01:44,2000.0,37.5,S
2021-06-18T11:01:44,1600.0,37.5,S
2021-06-18T11:01:37,100.0,37.5,S
2021-06-18T11:01:37,300.0,37.5,S
2021-06-18T11:01:26,2600.0,37.5,S
2021-06-18T11:01:26,4300.0,37.5,S
2021-06-18T11:01:26,13100.0,37.5,S
2021-06-18T11:01:04,15000.0,37.5,S
2021-06-18T11:00:36,1000.0,37.5,S
2021-06-18T11:00:36,1100.0,37.5,S
2021-06-18T11:00:34,900.0,37.5,S
2021-06-18T11:00:32,3000.0,37.55,B
2021-06-18T11:00:10,100.0,37.55,B
2021-06-18T10:58:35,500.0,37.55,B
2021-06-18T10:58:26,200.0,37.5,S
2021-06-18T10:58:21,1200.0,37.5,S
2021-06-18T10:57:47,200.0,37.5,S
2021-06-18T10:57:22,100.0,37.55,B
2021-06-18T10:57:17,500.0,37.55,B
2021-06-18T10:56:55,200.0,37.55,B
2021-06-18T10:56:32,2200.0,37.55,B
2021-06-18T10:56:30,1500.0,37.55,B
2021-06-18T10:56:25,600.0,37.6,B
2021-06-18T10:56:16,3000.0,37.55,S
2021-06-18T10:56:16,1300.0,37.55,S
2021-06-18T10:56:16,2900.0,37.55,S
2021-06-18T10:56:16,2300.0,37.55,S
2021-06-18T10:56:16,500.0,37.55,S
2021-06-18T10:56:08,1000.0,37.6,B
2021-06-18T10:55:21,800.0,37.6,B
2021-06-18T10:55:13,400.0,37.55,S
2021-06-18T10:54:32,1600.0,37.6,B
2021-06-18T10:54:19,1000.0,37.55,S
2021-06-18T10:54:15,100.0,37.55,S
2021-06-18T10:54:14,100.0,37.55,S
2021-06-18T10:54:14,100.0,37.55,S
2021-06-18T10:53:53,300.0,37.55,S
2021-06-18T10:53:36,100.0,37.55,B
2021-06-18T10:53:20,900.0,37.6,B
2021-06-18T10:53:11,3500.0,37.55,B
2021-06-18T10:53:11,3600.0,37.55,B
2021-06-18T10:52:38,2000.0,37.5,S
2021-06-18T10:52:18,400.0,37.5,S
2021-06-18T10:52:09,2200.0,37.55,S
2021-06-18T10:51:46,1000.0,37.5,S
2021-06-18T10:51:24,100.0,37.55,S
2021-06-18T10:50:58,3800.0,37.55,B
2021-06-18T10:50:51,5000.0,37.5,S
2021-06-18T10:50:39,6200.0,37.55,S
2021-06-18T10:50:28,100.0,37.55,S
2021-06-18T10:50:18,2000.0,37.6,B
2021-06-18T10:50:15,4000.0,37.55,S
2021-06-18T10:49:57,2800.0,37.55,S
2021-06-18T10:49:57,300.0,37.6,B
2021-06-18T10:49:51,1000.0,37.55,S
2021-06-18T10:49:42,7100.0,37.55,S
2021-06-18T10:49:32,300.0,37.55,S
2021-06-18T10:47:55,100.0,37.55,S
2021-06-18T10:47:48,1000.0,37.55,S
2021-06-18T10:47:45,200.0,37.6,B
2021-06-18T10:47:39,500.0,37.55,S
2021-06-18T10:47:24,1000.0,37.6,B
2021-06-18T10:47:19,500.0,37.6,B
2021-06-18T10:47:13,500.0,37.55,S
2021-06-18T10:47:10,100.0,37.55,S
2021-06-18T10:47:04,200.0,37.55,S
2021-06-18T10:46:46,200.0,37.55,S
2021-06-18T10:46:26,200.0,37.55,S
2021-06-18T10:46:22,1000.0,37.55,S
2021-06-18T10:46:21,100.0,37.55,S
2021-06-18T10:46:02,3000.0,37.55,S
2021-06-18T10:45:50,1000.0,37.55,B
2021-06-18T10:45:45,200.0,37.6,B
2021-06-18T10:45:41,1300.0,37.55,B
2021-06-18T10:45:40,200.0,37.55,B
2021-06-18T10:45:28,200.0,37.55,B
2021-06-18T10:45:24,1000.0,37.55,B
2021-06-18T10:45:19,600.0,37.55,B
2021-06-18T10:45:19,1000.0,37.5,S
2021-06-18T10:45:14,1000.0,37.55,B
2021-06-18T10:45:12,400.0,37.55,B
2021-06-18T10:45:08,100.0,37.55,B
2021-06-18T10:45:07,3100.0,37.55,B
2021-06-18T10:45:05,100.0,37.55,B
2021-06-18T10:44:56,1000.0,37.55,B
2021-06-18T10:44:43,3000.0,37.55,B
2021-06-18T10:44:43,2000.0,37.55,B
2021-06-18T10:44:39,4000.0,37.55,B
2021-06-18T10:44:23,100.0,37.55,B
2021-06-18T10:44:21,400.0,37.55,B
2021-06-18T10:43:59,100.0,37.55,B
2021-06-18T10:43:56,3000.0,37.55,B
2021-06-18T10:43:26,2000.0,37.5,S
2021-06-18T10:42:42,100.0,37.5,S
2021-06-18T10:42:37,200.0,37.55,B
2021-06-18T10:41:55,22900.0,37.5,S
2021-06-18T10:41:50,2000.0,37.55,B
2021-06-18T10:41:50,100.0,37.55,B
2021-06-18T10:41:22,100.0,37.5,S
2021-06-18T10:40:46,300.0,37.55,B
2021-06-18T10:40:27,3000.0,37.55,B
2021-06-18T10:40:12,1500.0,37.55,B
2021-06-18T10:39:37,300.0,37.55,S
2021-06-18T10:39:36,300.0,37.55,S
2021-06-18T10:39:35,8100.0,37.55,S
2021-06-18T10:39:20,3000.0,37.55,S
2021-06-18T10:39:16,1000.0,37.55,S
2021-06-18T10:38:47,3000.0,37.55,S
2021-06-18T10:38:41,1000.0,37.6,B
2021-06-18T10:38:30,200.0,37.55,S
2021-06-18T10:38:18,500.0,37.55,S
2021-06-18T10:37:13,500.0,37.55,S
2021-06-18T10:36:57,100.0,37.55,S
2021-06-18T10:36:42,100.0,37.55,S
2021-06-18T10:36:19,500.0,37.55,B
2021-06-18T10:36:15,2900.0,37.55,B
2021-06-18T10:35:44,300.0,37.5,S
2021-06-18T10:35:31,600.0,37.55,B
2021-06-18T10:35:18,300.0,37.55,B
2021-06-18T10:35:12,300.0,37.55,B
2021-06-18T10:34:41,1000.0,37.55,B
2021-06-18T10:34:33,1500.0,37.55,B
2021-06-18T10:34:19,500.0,37.55,B
2021-06-18T10:33:46,200.0,37.55,B
2021-06-18T10:33:37,5000.0,37.55,B
2021-06-18T10:33:33,1800.0,37.55,B
2021-06-18T10:33:12,500.0,37.55,B
2021-06-18T10:32:55,1000.0,37.55,B
2021-06-18T10:32:51,1600.0,37.55,B
2021-06-18T10:32:50,1000.0,37.55,B
2021-06-18T10:31:55,300.0,37.55,B
2021-06-18T10:31:53,200.0,37.55,B
2021-06-18T10:31:28,500.0,37.55,B
2021-06-18T10:31:17,400.0,37.55,B
2021-06-18T10:31:09,4000.0,37.5,S
2021-06-18T10:30:39,4500.0,37.55,B
2021-06-18T10:30:38,500.0,37.55,B
2021-06-18T10:30:28,200.0,37.55,B
2021-06-18T10:30:28,1000.0,37.55,B
2021-06-18T10:30:28,3800.0,37.55,B
2021-06-18T10:30:20,100.0,37.55,B
2021-06-18T10:30:20,100.0,37.55,B
2021-06-18T10:30:06,100.0,37.55,B
2021-06-18T10:30:01,300.0,37.55,B
2021-06-18T10:30:00,9900.0,37.5,S
2021-06-18T10:30:00,14800.0,37.5,S
2021-06-18T10:30:00,1100.0,37.5,S
2021-06-18T10:29:59,600.0,37.5,S
2021-06-18T10:29:59,1000.0,37.5,S
2021-06-18T10:29:59,22600.0,37.5,S
2021-06-18T10:29:46,300.0,37.55,B
2021-06-18T10:29:36,5000.0,37.5,S
2021-06-18T10:29:36,200.0,37.5,S
2021-06-18T10:29:36,200.0,37.5,S
2021-06-18T10:29:36,700.0,37.5,S
2021-06-18T10:29:36,3900.0,37.5,S
2021-06-18T10:29:35,15000.0,37.55,B
2021-06-18T10:29:33,100.0,37.55,B
2021-06-18T10:29:32,1200.0,37.55,B
2021-06-18T10:29:23,1100.0,37.55,B
2021-06-18T10:29:21,500.0,37.5,S
2021-06-18T10:29:13,2000.0,37.55,B
2021-06-18T10:29:06,100.0,37.5,S
2021-06-18T10:28:46,100.0,37.55,B
2021-06-18T10:28:27,1000.0,37.5,S
2021-06-18T10:28:08,1000.0,37.5,S
2021-06-18T10:27:56,700.0,37.55,B
2021-06-18T10:27:37,400.0,37.5,S
2021-06-18T10:27:17,100.0,37.5,S
2021-06-18T10:26:56,4000.0,37.5,S
2021-06-18T10:26:16,300.0,37.55,B
2021-06-18T10:26:06,300.0,37.55,B
2021-06-18T10:26:04,200.0,37.55,B
2021-06-18T10:26:00,100.0,37.55,B
2021-06-18T10:25:34,600.0,37.55,B
2021-06-18T10:25:01,20000.0,37.55,B
2021-06-18T10:24:35,300.0,37.55,B
2021-06-18T10:24:30,300.0,37.55,B
2021-06-18T10:24:11,1000.0,37.55,B
2021-06-18T10:24:11,1400.0,37.55,B
2021-06-18T10:23:56,1000.0,37.55,B
2021-06-18T10:23:32,1500.0,37.55,B
2021-06-18T10:23:23,200.0,37.55,B
2021-06-18T10:23:09,500.0,37.55,S
2021-06-18T10:22:55,200.0,37.55,S
2021-06-18T10:22:51,1000.0,37.55,S
2021-06-18T10:22:48,10000.0,37.6,B
2021-06-18T10:22:39,3000.0,37.6,B
2021-06-18T10:22:26,1000.0,37.55,S
2021-06-18T10:22:19,2000.0,37.55,S
2021-06-18T10:22:11,1000.0,37.55,S
2021-06-18T10:21:56,1800.0,37.55,S
2021-06-18T10:21:56,3500.0,37.55,S
2021-06-18T10:21:51,300.0,37.6,B
2021-06-18T10:21:16,1100.0,37.6,B
2021-06-18T10:21:03,200.0,37.55,S
2021-06-18T10:20:57,3000.0,37.55,S
2021-06-18T10:19:55,500.0,37.6,B
2021-06-18T10:19:33,100.0,37.6,B
2021-06-18T10:19:07,3800.0,37.6,B
2021-06-18T10:18:32,2500.0,37.55,B
2021-06-18T10:18:30,500.0,37.55,B
2021-06-18T10:18:15,100.0,37.55,B
2021-06-18T10:18:09,100.0,37.55,B
2021-06-18T10:18:06,100.0,37.55,B
2021-06-18T10:17:57,1000.0,37.55,B
2021-06-18T10:17:35,100.0,37.55,B
2021-06-18T10:17:22,1500.0,37.55,B
2021-06-18T10:17:20,10000.0,37.5,S
2021-06-18T10:16:37,3000.0,37.55,B
2021-06-18T10:16:36,1000.0,37.55,B
2021-06-18T10:16:19,6300.0,37.5,S
2021-06-18T10:16:19,1000.0,37.5,S
2021-06-18T10:16:19,2500.0,37.5,S
2021-06-18T10:16:19,20200.0,37.5,S
2021-06-18T10:16:15,14900.0,37.55,B
2021-06-18T10:16:04,1000.0,37.55,B
2021-06-18T10:15:55,300.0,37.5,S
2021-06-18T10:15:55,5300.0,37.5,S
2021-06-18T10:15:55,1700.0,37.5,S
2021-06-18T10:15:55,200.0,37.5,S
2021-06-18T10:15:55,2500.0,37.5,S
2021-06-18T10:15:55,1000.0,37.5,S
2021-06-18T10:15:53,19000.0,37.5,S
2021-06-18T10:15:34,300.0,37.55,S
2021-06-18T10:15:34,2000.0,37.55,S
2021-06-18T10:15:34,500.0,37.55,S
2021-06-18T10:15:34,2500.0,37.55,S
2021-06-18T10:15:34,3900.0,37.55,S
2021-06-18T10:15:28,200.0,37.6,B
2021-06-18T10:15:27,1000.0,37.6,B
2021-06-18T10:15:17,200.0,37.55,S
2021-06-18T10:15:08,300.0,37.55,S
2021-06-18T10:14:10,100.0,37.55,S
2021-06-18T10:13:33,100.0,37.55,S
2021-06-18T10:13:15,100.0,37.6,B
2021-06-18T10:13:04,200.0,37.6,B
2021-06-18T10:13:00,500.0,37.55,S
2021-06-18T10:12:54,1000.0,37.55,S
2021-06-18T10:12:51,1600.0,37.6,B
2021-06-18T10:12:23,100.0,37.55,S
2021-06-18T10:12:20,100.0,37.55,S
2021-06-18T10:12:11,2000.0,37.55,S
2021-06-18T10:12:01,1000.0,37.55,S
2021-06-18T10:11:32,100.0,37.55,B
2021-06-18T10:11:25,400.0,37.6,B
2021-06-18T10:11:18,900.0,37.55,B
2021-06-18T10:11:18,500.0,37.55,B
2021-06-18T10:11:18,1100.0,37.55,B
2021-06-18T10:11:18,400.0,37.55,B
2021-06-18T10:11:11,1600.0,37.6,B
2021-06-18T10:11:00,200.0,37.6,B
2021-06-18T10:10:45,100.0,37.55,B
2021-06-18T10:10:31,500.0,37.55,B
2021-06-18T10:10:25,100.0,37.55,B
2021-06-18T10:10:20,14400.0,37.55,S
2021-06-18T10:10:03,700.0,37.6,B
2021-06-18T10:09:43,1000.0,37.6,B
2021-06-18T10:09:15,10000.0,37.6,B
2021-06-18T10:09:15,600.0,37.6,B
2021-06-18T10:09:13,100.0,37.55,S
2021-06-18T10:08:58,2000.0,37.5,S
2021-06-18T10:08:58,5700.0,37.5,S
2021-06-18T10:08:58,2300.0,37.55,S
2021-06-18T10:08:58,800.0,37.6,B
2021-06-18T10:08:39,100.0,37.6,B
2021-06-18T10:08:37,5000.0,37.55,S
2021-06-18T10:08:37,500.0,37.55,S
2021-06-18T10:08:37,4500.0,37.55,S
2021-06-18T10:08:27,4000.0,37.6,B
2021-06-18T10:08:25,1500.0,37.6,B
2021-06-18T10:08:01,1000.0,37.55,S
2021-06-18T10:07:29,200.0,37.6,B
2021-06-18T10:07:11,1000.0,37.6,B
2021-06-18T10:06:37,10600.0,37.55,B
2021-06-18T10:06:09,1400.0,37.55,B
2021-06-18T10:05:54,1000.0,37.55,B
2021-06-18T10:05:47,100.0,37.55,B
2021-06-18T10:05:45,600.0,37.5,S
2021-06-18T10:05:11,700.0,37.55,B
2021-06-18T10:05:08,300.0,37.5,S
2021-06-18T10:05:04,300.0,37.55,B
2021-06-18T10:05:02,300.0,37.55,B
2021-06-18T10:04:56,200.0,37.5,S
2021-06-18T10:04:35,1000.0,37.5,S
2021-06-18T10:04:31,1000.0,37.55,B
2021-06-18T10:04:31,100.0,37.55,B
2021-06-18T10:04:27,100.0,37.5,S
2021-06-18T10:04:21,1000.0,37.55,B
2021-06-18T10:04:16,200.0,37.5,S
2021-06-18T10:04:15,100.0,37.5,S
2021-06-18T10:04:12,1000.0,37.5,S
2021-06-18T10:04:11,400.0,37.55,B
2021-06-18T10:04:06,100.0,37.5,S
2021-06-18T10:03:54,500.0,37.55,B
2021-06-18T10:03:54,3000.0,37.5,S
2021-06-18T10:02:53,100.0,37.5,S
2021-06-18T10:02:50,200.0,37.5,S
2021-06-18T10:02:40,1000.0,37.5,S
2021-06-18T10:02:34,500.0,37.5,S
2021-06-18T10:02:33,500.0,37.5,S
2021-06-18T10:02:31,700.0,37.5,S
2021-06-18T10:02:31,600.0,37.5,S
2021-06-18T10:02:31,5500.0,37.5,S
2021-06-18T10:02:29,500.0,37.5,B
2021-06-18T10:02:07,1000.0,37.5,B
2021-06-18T10:02:00,25100.0,37.5,B
2021-06-18T10:01:53,1000.0,37.5,B
2021-06-18T10:01:41,500.0,37.5,B
2021-06-18T10:01:37,500.0,37.5,B
2021-06-18T10:01:28,1000.0,37.5,B
2021-06-18T10:01:27,700.0,37.5,B
2021-06-18T10:01:26,100.0,37.5,B
2021-06-18T10:01:25,200.0,37.45,S
2021-06-18T10:01:21,3000.0,37.5,B
2021-06-18T10:01:21,200.0,37.5,B
2021-06-18T10:01:10,100.0,37.5,B
2021-06-18T10:01:02,3100.0,37.5,B
2021-06-18T10:01:02,5300.0,37.5,B
2021-06-18T10:01:01,700.0,37.5,B
2021-06-18T10:00:55,100.0,37.5,B
2021-06-18T10:00:37,1000.0,37.5,B
2021-06-18T10:00:08,500.0,37.5,B
2021-06-18T10:00:06,900.0,37.5,B
2021-06-18T09:59:56,100.0,37.5,B
2021-06-18T09:59:56,2800.0,37.5,B
2021-06-18T09:59:45,1000.0,37.5,B
2021-06-18T09:59:43,200.0,37.5,B
2021-06-18T09:59:43,600.0,37.5,B
2021-06-18T09:59:39,200.0,37.5,B
2021-06-18T09:59:37,100.0,37.5,B
2021-06-18T09:59:28,1000.0,37.5,B
2021-06-18T09:59:20,2000.0,37.5,S
2021-06-18T09:59:16,3000.0,37.5,S
2021-06-18T09:59:14,300.0,37.5,S
2021-06-18T09:59:09,8900.0,37.5,S
2021-06-18T09:58:54,100.0,37.5,S
2021-06-18T09:58:47,500.0,37.55,B
2021-06-18T09:58:46,400.0,37.5,S
2021-06-18T09:58:45,7600.0,37.5,S
2021-06-18T09:58:25,2600.0,37.5,S
2021-06-18T09:58:24,1400.0,37.5,S
2021-06-18T09:58:05,8000.0,37.5,S
2021-06-18T09:57:50,1300.0,37.55,B
2021-06-18T09:57:44,1000.0,37.55,B
2021-06-18T09:57:42,500.0,37.5,S
2021-06-18T09:57:38,2000.0,37.55,B
2021-06-18T09:57:37,4200.0,37.5,S
2021-06-18T09:57:37,2000.0,37.5,S
2021-06-18T09:57:37,1800.0,37.5,S
2021-06-18T09:57:33,200.0,37.5,S
2021-06-18T09:57:33,800.0,37.5,S
2021-06-18T09:57:19,200.0,37.5,S
2021-06-18T09:57:07,300.0,37.55,B
2021-06-18T09:57:07,100.0,37.55,B
2021-06-18T09:57:06,1000.0,37.5,S
2021-06-18T09:57:03,100.0,37.5,S
2021-06-18T09:56:58,100.0,37.5,S
2021-06-18T09:56:54,800.0,37.5,S
2021-06-18T09:56:40,900.0,37.5,B
2021-06-18T09:56:37,200.0,37.5,B
2021-06-18T09:56:27,100.0,37.5,B
2021-06-18T09:56:20,1500.0,37.5,B
2021-06-18T09:56:20,200.0,37.5,B
2021-06-18T09:56:17,800.0,37.5,B
2021-06-18T09:56:12,100.0,37.5,B
2021-06-18T09:56:11,1500.0,37.5,B
2021-06-18T09:55:34,300.0,37.5,B
2021-06-18T09:55:27,300.0,37.5,B
2021-06-18T09:55:12,1000.0,37.5,B
2021-06-18T09:55:11,2000.0,37.5,S
2021-06-18T09:54:59,200.0,37.5,S
2021-06-18T09:54:59,100.0,37.5,S
2021-06-18T09:54:57,100.0,37.5,S
2021-06-18T09:54:57,100.0,37.5,S
2021-06-18T09:54:55,1000.0,37.5,S
2021-06-18T09:54:45,1300.0,37.5,S
2021-06-18T09:54:39,1000.0,37.5,S
2021-06-18T09:54:37,900.0,37.5,S
2021-06-18T09:54:36,500.0,37.5,S
2021-06-18T09:54:25,500.0,37.5,S
2021-06-18T09:54:24,700.0,37.5,S
2021-06-18T09:54:20,1000.0,37.5,S
2021-06-18T09:54:15,100.0,37.5,S
2021-06-18T09:54:07,300.0,37.5,S
2021-06-18T09:54:05,700.0,37.5,S
2021-06-18T09:54:02,200.0,37.5,S
2021-06-18T09:54:01,2000.0,37.5,S
2021-06-18T09:54:00,2000.0,37.5,S
2021-06-18T09:53:52,2500.0,37.5,S
2021-06-18T09:53:49,3000.0,37.5,S
2021-06-18T09:53:49,2000.0,37.5,S
2021-06-18T09:53:49,500.0,37.5,S
2021-06-18T09:53:44,1000.0,37.6,B
2021-06-18T09:53:44,100.0,37.55,B
2021-06-18T09:53:42,900.0,37.5,S
2021-06-18T09:53:40,1000.0,37.5,S
2021-06-18T09:53:40,3100.0,37.55,B
2021-06-18T09:53:40,3500.0,37.6,B
2021-06-18T09:53:39,1000.0,37.55,B
2021-06-18T09:53:29,200.0,37.55,B
2021-06-18T09:53:29,500.0,37.55,B
2021-06-18T09:53:28,1700.0,37.5,S
2021-06-18T09:53:28,1000.0,37.5,S
2021-06-18T09:53:23,500.0,37.5,S
2021-06-18T09:53:22,100.0,37.5,S
2021-06-18T09:53:20,300.0,37.5,S
2021-06-18T09:53:20,8000.0,37.5,S
2021-06-18T09:53:19,1000.0,37.5,S
2021-06-18T09:53:13,500.0,37.5,S
2021-06-18T09:53:09,100.0,37.5,S
2021-06-18T09:53:06,100.0,37.5,S
2021-06-18T09:53:05,900.0,37.5,S
2021-06-18T09:53:05,200.0,37.5,S
2021-06-18T09:53:05,2700.0,37.5,S
2021-06-18T09:52:53,500.0,37.55,B
2021-06-18T09:52:51,500.0,37.55,B
2021-06-18T09:52:45,500.0,37.55,B
2021-06-18T09:52:19,1600.0,37.5,S
2021-06-18T09:52:19,4700.0,37.5,S
2021-06-18T09:52:19,1200.0,37.5,S
2021-06-18T09:52:19,7500.0,37.5,S
2021-06-18T09:52:16,500.0,37.5,S
2021-06-18T09:52:10,1000.0,37.55,S
2021-06-18T09:51:53,2000.0,37.55,S
2021-06-18T09:51:47,7400.0,37.5,S
2021-06-18T09:51:25,9000.0,37.55,S
2021-06-18T09:51:25,1000.0,37.55,S
2021-06-18T09:51:06,200.0,37.6,B
2021-06-18T09:51:04,2000.0,37.6,B
2021-06-18T09:51:02,1000.0,37.6,B
2021-06-18T09:51:00,3000.0,37.6,S
2021-06-18T09:50:56,200.0,37.6,S
2021-06-18T09:50:53,2000.0,37.6,S
2021-06-18T09:50:50,2500.0,37.6,S
2021-06-18T09:50:43,300.0,37.6,S
2021-06-18T09:50:39,3000.0,37.6,S
2021-06-18T09:50:36,1000.0,37.6,S
2021-06-18T09:50:34,24700.0,37.6,S
2021-06-18T09:50:30,100.0,37.65,B
2021-06-18T09:50:29,1200.0,37.65,B
2021-06-18T09:50:27,1000.0,37.65,B
2021-06-18T09:50:25,2000.0,37.65,B
2021-06-18T09:50:20,300.0,37.65,B
2021-06-18T09:50:17,900.0,37.65,B
2021-06-18T09:50:17,2300.0,37.65,B
2021-06-18T09:50:14,800.0,37.65,B
2021-06-18T09:50:13,500.0,37.65,B
2021-06-18T09:50:12,300.0,37.65,B
2021-06-18T09:50:10,6000.0,37.6,S
2021-06-18T09:50:06,300.0,37.65,B
2021-06-18T09:49:56,100.0,37.65,B
2021-06-18T09:49:54,4000.0,37.65,B
2021-06-18T09:49:52,500.0,37.65,B
2021-06-18T09:49:41,600.0,37.65,B
2021-06-18T09:49:40,5000.0,37.65,B
2021-06-18T09:49:31,100.0,37.65,B
2021-06-18T09:49:29,3000.0,37.65,B
2021-06-18T09:49:28,200.0,37.65,B
2021-06-18T09:49:27,500.0,37.65,B
2021-06-18T09:49:25,300.0,37.65,B
2021-06-18T09:49:24,500.0,37.65,B
2021-06-18T09:49:22,100.0,37.65,B
2021-06-18T09:49:21,200.0,37.65,B
2021-06-18T09:49:05,700.0,37.65,S
2021-06-18T09:49:05,500.0,37.65,S
2021-06-18T09:49:03,800.0,37.65,S
2021-06-18T09:48:58,300.0,37.65,S
2021-06-18T09:48:56,700.0,37.65,S
2021-06-18T09:48:55,4000.0,37.65,S
2021-06-18T09:48:54,3000.0,37.65,S
2021-06-18T09:48:51,4000.0,37.65,S
2021-06-18T09:48:41,200.0,37.65,S
2021-06-18T09:48:40,5000.0,37.65,S
2021-06-18T09:48:36,1500.0,37.65,S
2021-06-18T09:48:33,3000.0,37.65,S
2021-06-18T09:48:21,5700.0,37.65,S
2021-06-18T09:48:17,1000.0,37.7,B
2021-06-18T09:48:11,1500.0,37.65,S
2021-06-18T09:48:09,1000.0,37.6,S
2021-06-18T09:48:08,1000.0,37.65,S
2021-06-18T09:48:05,5000.0,37.65,S
2021-06-18T09:48:03,700.0,37.65,S
2021-06-18T09:47:59,1000.0,37.65,S
2021-06-18T09:47:59,800.0,37.65,S
2021-06-18T09:47:51,5000.0,37.7,B
2021-06-18T09:47:51,5000.0,37.65,S
2021-06-18T09:47:48,2000.0,37.7,B
2021-06-18T09:47:46,10000.0,37.7,B
2021-06-18T09:47:38,4000.0,37.7,B
2021-06-18T09:47:32,500.0,37.7,B
2021-06-18T09:47:29,5000.0,37.7,B
2021-06-18T09:47:28,1000.0,37.7,B
2021-06-18T09:47:27,900.0,37.7,B
2021-06-18T09:47:26,1000.0,37.7,B
2021-06-18T09:47:22,1100.0,37.7,B
2021-06-18T09:47:16,1000.0,37.7,B
2021-06-18T09:47:11,200.0,37.7,B
2021-06-18T09:47:10,2000.0,37.7,B
2021-06-18T09:47:02,500.0,37.7,B
2021-06-18T09:47:00,1000.0,37.7,B
2021-06-18T09:46:59,2000.0,37.7,B
2021-06-18T09:46:59,1000.0,37.7,B
2021-06-18T09:46:54,5000.0,37.65,S
2021-06-18T09:46:51,3000.0,37.7,B
2021-06-18T09:46:49,5000.0,37.7,B
2021-06-18T09:46:44,2000.0,37.7,B
2021-06-18T09:46:41,400.0,37.7,B
2021-06-18T09:46:40,100.0,37.7,B
2021-06-18T09:46:32,500.0,37.7,B
2021-06-18T09:46:30,1000.0,37.7,B
2021-06-18T09:46:26,200.0,37.7,B
2021-06-18T09:46:24,100.0,37.7,B
2021-06-18T09:46:24,2000.0,37.7,B
2021-06-18T09:46:22,1000.0,37.7,B
2021-06-18T09:46:22,200.0,37.7,B
2021-06-18T09:46:20,2000.0,37.7,B
2021-06-18T09:46:16,8000.0,37.7,B
2021-06-18T09:46:05,300.0,37.7,B
2021-06-18T09:46:04,100.0,37.7,B
2021-06-18T09:46:00,1000.0,37.7,B
2021-06-18T09:45:58,4000.0,37.7,B
2021-06-18T09:45:56,2000.0,37.7,B
2021-06-18T09:45:53,900.0,37.7,B
2021-06-18T09:45:51,1500.0,37.7,B
2021-06-18T09:45:51,100.0,37.7,B
2021-06-18T09:45:51,300.0,37.7,B
2021-06-18T09:45:50,3000.0,37.7,B
2021-06-18T09:45:48,1900.0,37.7,B
2021-06-18T09:45:47,1500.0,37.7,B
2021-06-18T09:45:46,1200.0,37.7,B
2021-06-18T09:45:43,1000.0,37.7,B
2021-06-18T09:45:43,100.0,37.7,B
2021-06-18T09:45:42,2000.0,37.7,B
2021-06-18T09:45:41,2100.0,37.7,B
2021-06-18T09:45:40,500.0,37.7,B
2021-06-18T09:45:31,100.0,37.7,B
2021-06-18T09:45:30,1000.0,37.7,B
2021-06-18T09:45:26,5000.0,37.7,B
2021-06-18T09:45:24,3000.0,37.7,S
2021-06-18T09:45:24,9800.0,37.8,B
2021-06-18T09:45:21,100.0,37.9,B
2021-06-18T09:45:18,1000.0,37.9,B
2021-06-18T09:45:17,600.0,37.7,S
2021-06-18T09:45:14,19400.0,37.7,S
2021-06-18T09:45:02,400.0,37.8,B
2021-06-18T09:45:02,700.0,37.7,S
2021-06-18T09:45:01,10000.0,37.7,S
2021-06-18T09:44:56,500.0,37.7,S
2021-06-18T09:44:53,1000.0,37.7,S
2021-06-18T09:44:52,600.0,37.7,S
2021-06-18T09:44:51,100.0,37.7,S
2021-06-18T09:44:50,5000.0,37.7,S
2021-06-18T09:44:50,1000.0,37.7,S
2021-06-18T09:44:49,1000.0,37.7,S
2021-06-18T09:44:49,1000.0,37.7,S
2021-06-18T09:44:47,3000.0,37.7,S
2021-06-18T09:44:45,3900.0,37.7,S
2021-06-18T09:44:44,100.0,37.7,S
2021-06-18T09:44:41,5000.0,37.7,S
2021-06-18T09:44:37,200.0,37.7,S
2021-06-18T09:44:36,200.0,37.7,S
2021-06-18T09:44:36,200.0,37.7,S
2021-06-18T09:44:35,1000.0,37.7,S
2021-06-18T09:44:32,100.0,37.7,S
2021-06-18T09:44:29,15800.0,37.8,B
2021-06-18T09:44:27,4200.0,37.8,B
2021-06-18T09:44:25,1000.0,37.7,S
2021-06-18T09:44:23,500.0,37.7,S
2021-06-18T09:44:22,2000.0,37.7,S
2021-06-18T09:44:20,1000.0,37.7,S
2021-06-18T09:44:17,20000.0,37.7,S
2021-06-18T09:44:11,1000.0,37.7,S
2021-06-18T09:44:07,400.0,37.7,S
2021-06-18T09:44:06,2000.0,37.9,B
2021-06-18T09:44:04,8000.0,37.9,B
2021-06-18T09:44:04,500.0,37.6,S
2021-06-18T09:44:04,800.0,37.6,S
2021-06-18T09:44:03,3000.0,37.6,S
2021-06-18T09:44:01,2700.0,37.6,S
2021-06-18T09:44:01,3100.0,37.6,S
2021-06-18T09:44:01,14400.0,37.65,S
2021-06-18T09:43:54,400.0,37.8,B
2021-06-18T09:43:54,100.0,37.7,S
2021-06-18T09:43:53,1100.0,37.7,S
2021-06-18T09:43:53,500.0,37.7,S
2021-06-18T09:43:53,200.0,37.7,S
2021-06-18T09:43:52,1000.0,37.7,S
2021-06-18T09:43:52,100.0,37.7,S
2021-06-18T09:43:50,3000.0,37.7,S
2021-06-18T09:43:50,2400.0,37.7,S
2021-06-18T09:43:48,10000.0,37.7,S
2021-06-18T09:43:39,500.0,37.7,S
2021-06-18T09:43:37,1000.0,37.7,S
2021-06-18T09:43:37,500.0,37.7,S
2021-06-18T09:43:36,2000.0,37.7,S
2021-06-18T09:43:36,2000.0,37.7,S
2021-06-18T09:43:32,100.0,37.7,S
2021-06-18T09:43:31,5500.0,37.7,S
2021-06-18T09:43:30,100.0,37.9,B
2021-06-18T09:43:30,400.0,37.8,B
2021-06-18T09:43:25,1500.0,37.8,B
2021-06-18T09:43:25,1100.0,37.8,B
2021-06-18T09:43:24,100.0,37.9,B
2021-06-18T09:43:21,8900.0,37.8,B
2021-06-18T09:43:20,1000.0,37.8,B
2021-06-18T09:43:13,200.0,37.7,B
2021-06-18T09:43:13,2000.0,37.8,B
2021-06-18T09:43:11,2000.0,37.8,B
2021-06-18T09:43:11,100.0,37.8,B
2021-06-18T09:43:07,8000.0,37.8,B
2021-06-18T09:43:07,6900.0,37.6,B
2021-06-18T09:43:06,300.0,37.6,B
2021-06-18T09:43:06,12800.0,37.6,B
2021-06-18T09:43:03,10000.0,37.8,B
2021-06-18T09:43:01,400.0,37.6,B
2021-06-18T09:43:01,5700.0,37.8,B
2021-06-18T09:42:59,5000.0,37.7,B
2021-06-18T09:42:49,700.0,37.7,B
2021-06-18T09:42:49,200.0,37.6,B
2021-06-18T09:42:49,200.0,37.6,B
2021-06-18T09:42:48,5000.0,37.7,B
2021-06-18T09:42:48,10000.0,37.5,B
2021-06-18T09:42:46,1000.0,37.7,B
2021-06-18T09:42:44,3000.0,37.7,B
2021-06-18T09:42:42,32000.0,37.5,B
2021-06-18T09:42:42,4700.0,37.6,B
2021-06-18T09:42:42,300.0,37.6,B
2021-06-18T09:42:40,300.0,37.5,B
2021-06-18T09:42:39,50000.0,37.5,B
2021-06-18T09:42:35,1500.0,37.6,B
2021-06-18T09:42:34,200.0,37.5,B
2021-06-18T09:42:33,500.0,37.5,B
2021-06-18T09:42:33,9900.0,37.5,B
2021-06-18T09:42:31,2000.0,37.5,B
2021-06-18T09:42:31,1000.0,37.5,B
2021-06-18T09:42:28,3900.0,37.5,B
2021-06-18T09:42:27,1000.0,37.5,B
2021-06-18T09:42:14,3000.0,37.5,B
2021-06-18T09:42:10,5000.0,37.5,B
2021-06-18T09:42:10,100.0,37.5,B
2021-06-18T09:42:10,200.0,37.5,B
2021-06-18T09:42:07,15200.0,37.5,B
2021-06-18T09:42:07,21400.0,37.5,B
2021-06-18T09:42:07,13400.0,37.4,B
2021-06-18T09:42:06,6000.0,37.4,B
2021-06-18T09:42:05,300.0,37.4,B
2021-06-18T09:42:01,500.0,37.4,B
2021-06-18T09:41:57,100.0,37.35,B
2021-06-18T09:41:57,100.0,37.4,B
2021-06-18T09:41:55,2000.0,37.4,B
2021-06-18T09:41:52,200.0,37.3,B
2021-06-18T09:41:47,1000.0,37.35,B
2021-06-18T09:41:46,100.0,37.35,B
2021-06-18T09:41:43,1000.0,37.3,B
2021-06-18T09:41:43,500.0,37.3,B
2021-06-18T09:41:36,1000.0,37.35,B
2021-06-18T09:41:35,500.0,37.35,B
2021-06-18T09:41:27,1200.0,37.3,B
2021-06-18T09:41:27,500.0,37.3,B
2021-06-18T09:41:27,16700.0,37.3,B
2021-06-18T09:41:25,100.0,37.25,B
2021-06-18T09:41:25,4000.0,37.3,B
2021-06-18T09:41:17,100.0,37.3,B
2021-06-18T09:41:17,300.0,37.3,B
2021-06-18T09:41:11,4700.0,37.3,B
2021-06-18T09:41:08,200.0,37.25,B
2021-06-18T09:41:04,200.0,37.3,B
2021-06-18T09:41:02,100.0,37.25,B
2021-06-18T09:40:48,19500.0,37.25,B
2021-06-18T09:40:36,1000.0,37.25,B
2021-06-18T09:40:32,100.0,37.2,B
2021-06-18T09:40:32,14000.0,37.2,B
2021-06-18T09:40:25,1000.0,37.2,B
2021-06-18T09:40:20,100.0,37.2,B
2021-06-18T09:40:15,100.0,37.2,B
2021-06-18T09:40:08,500.0,37.2,B
2021-06-18T09:40:08,700.0,37.2,B
2021-06-18T09:39:45,1400.0,37.2,B
2021-06-18T09:39:45,800.0,37.2,B
2021-06-18T09:39:45,600.0,37.2,B
2021-06-18T09:39:45,600.0,37.2,B
2021-06-18T09:39:45,1700.0,37.2,B
2021-06-18T09:39:32,9300.0,37.15,B
2021-06-18T09:39:25,600.0,37.15,B
2021-06-18T09:39:25,100.0,37.15,B
2021-06-18T09:39:21,3100.0,37.2,B
2021-06-18T09:39:18,300.0,37.2,B
2021-06-18T09:39:13,3000.0,37.2,B
2021-06-18T09:39:13,5000.0,37.2,B
2021-06-18T09:39:13,500.0,37.1,S
2021-06-18T09:39:00,500.0,37.1,S
2021-06-18T09:38:18,600.0,37.1,B
2021-06-18T09:38:16,100.0,37.1,B
2021-06-18T09:38:04,3200.0,37.2,B
2021-06-18T09:37:49,600.0,37.1,B
2021-06-18T09:37:46,9000.0,37.2,B
2021-06-18T09:37:29,100.0,37.1,B
2021-06-18T09:37:11,3000.0,37.1,B
2021-06-18T09:37:05,2000.0,37.15,B
2021-06-18T09:37:00,100.0,37.1,B
2021-06-18T09:36:57,200.0,37.1,B
2021-06-18T09:36:34,5000.0,37.1,S
2021-06-18T09:36:31,100.0,37.05,S
2021-06-18T09:36:28,4000.0,37.1,S
2021-06-18T09:36:28,100.0,37.1,S
2021-06-18T09:36:28,1000.0,37.1,S
2021-06-18T09:36:28,3600.0,37.1,S
2021-06-18T09:36:28,3200.0,37.1,S
2021-06-18T09:36:23,500.0,37.1,S
2021-06-18T09:35:56,100.0,37.1,S
2021-06-18T09:35:55,100.0,37.1,S
2021-06-18T09:35:48,8400.0,37.2,B
2021-06-18T09:35:48,21600.0,37.2,B
2021-06-18T09:35:48,500.0,37.1,S
2021-06-18T09:35:47,100.0,37.1,S
2021-06-18T09:35:47,100.0,37.15,B
2021-06-18T09:34:37,1000.0,37.1,S
2021-06-18T09:34:34,200.0,37.1,S
2021-06-18T09:34:34,4200.0,37.15,B
2021-06-18T09:34:33,500.0,37.15,B
2021-06-18T09:34:22,300.0,37.1,S
2021-06-18T09:34:21,500.0,37.1,S
2021-06-18T09:34:09,500.0,37.1,S
2021-06-18T09:34:06,5000.0,37.1,S
2021-06-18T09:33:53,500.0,37.1,B
2021-06-18T09:33:45,500.0,37.1,B
2021-06-18T09:33:34,1300.0,37.1,B
2021-06-18T09:33:16,1000.0,37.1,B
2021-06-18T09:33:15,100.0,37.1,B
2021-06-18T09:33:01,100.0,37.1,B
2021-06-18T09:32:44,10000.0,37.1,B
2021-06-18T09:32:40,100.0,37.15,B
2021-06-18T09:32:09,100.0,37.1,B
2021-06-18T09:31:12,1900.0,37.05,B
2021-06-18T09:31:12,100.0,37.05,B
2021-06-18T09:31:12,8000.0,37.05,B
2021-06-18T09:30:53,1200.0,37.1,B
2021-06-18T09:30:51,200.0,37.1,B
2021-06-18T09:30:38,1000.0,37.1,B
2021-06-18T09:30:36,100.0,37.1,B
2021-06-18T09:30:30,1000.0,37.1,B
2021-06-18T09:30:24,400.0,37.1,B
2021-06-18T09:30:24,100.0,37.1,B
2021-06-18T09:30:21,200.0,37.1,B
2021-06-18T09:30:19,100.0,37.1,B
2021-06-18T09:30:17,1400.0,37.1,B
2021-06-18T09:30:15,3000.0,37.1,B
2021-06-18T09:30:15,500.0,37.1,B
2021-06-18T09:30:15,1200.0,37.1,B
2021-06-18T09:30:14,2100.0,37.1,B
2021-06-18T09:30:02,100.0,37.05,B
2021-06-18T09:29:54,100.0,37.1,B
2021-06-18T09:29:14,400.0,37.05,B
2021-06-18T09:29:13,5000.0,37.05,B
2021-06-18T09:29:04,1000.0,37.1,B
2021-06-18T09:28:36,2400.0,37.1,B
2021-06-18T09:28:36,16700.0,37.1,B
2021-06-18T09:28:36,2900.0,37.05,B
2021-06-18T09:28:26,1000.0,37.05,S
2021-06-18T09:28:21,100.0,37.05,S
2021-06-18T09:28:18,200.0,37.05,S
2021-06-18T09:28:10,500.0,37.05,S
2021-06-18T09:28:07,100.0,37.05,S
2021-06-18T09:28:07,100.0,37.05,S
2021-06-18T09:28:00,1000.0,37.05,S
2021-06-18T09:27:55,500.0,37.05,S
2021-06-18T09:27:35,1000.0,37.05,S
2021-06-18T09:27:29,700.0,37.05,S
2021-06-18T09:27:09,1500.0,37.05,S
2021-06-18T09:27:09,100.0,37.05,S
2021-06-18T09:27:07,1000.0,37.05,S
2021-06-18T09:27:05,1400.0,37.05,S
2021-06-18T09:27:03,100.0,37.05,S
2021-06-18T09:27:02,4800.0,37.05,S
2021-06-18T09:27:00,1000.0,37.1,B
2021-06-18T09:27:00,20000.0,37.05,S
2021-06-18T09:26:53,2000.0,37.1,B
2021-06-18T09:26:53,4500.0,37.1,B
2021-06-18T09:26:38,100.0,37.1,B
2021-06-18T09:26:38,7600.0,37.1,B
2021-06-18T09:26:38,1000.0,37.1,B
2021-06-18T09:26:38,4600.0,37.1,B
2021-06-18T09:26:24,500.0,37.1,B
2021-06-18T09:26:21,500.0,37.1,B
2021-06-18T09:25:36,2000.0,37.1,B
2021-06-18T09:25:15,3000.0,37.1,B
2021-06-18T09:24:47,300.0,37.1,B
2021-06-18T09:24:43,500.0,37.1,S
2021-06-18T09:23:46,300.0,37.1,S
2021-06-18T09:23:36,600.0,37.1,S
2021-06-18T09:23:16,100.0,37.1,S
2021-06-18T09:23:09,400.0,37.1,S
2021-06-18T09:23:09,600.0,37.1,S
2021-06-18T09:23:06,100.0,37.1,S
2021-06-18T09:23:02,400.0,37.1,S
2021-06-18T09:23:00,100.0,37.1,S
2021-06-18T09:22:43,5000.0,37.1,S
2021-06-18T09:22:31,1000.0,37.1,S
2021-06-18T09:22:04,200.0,37.1,S
2021-06-18T09:21:55,12000.0,37.1,S
2021-06-18T09:21:55,3000.0,37.05,S
2021-06-18T09:21:54,1000.0,37.05,S
2021-06-18T09:21:40,500.0,37.05,S
2021-06-18T09:21:38,300.0,37.05,S
2021-06-18T09:21:20,500.0,37.05,S
2021-06-18T09:21:20,100.0,37.05,S
2021-06-18T09:21:19,100.0,37.05,S
2021-06-18T09:21:08,300.0,37.05,S
2021-06-18T09:21:06,2200.0,37.05,S
2021-06-18T09:21:03,300.0,37.1,S
2021-06-18T09:20:58,3000.0,37.1,S
2021-06-18T09:20:50,10000.0,37.1,S
2021-06-18T09:20:50,300.0,37.1,S
2021-06-18T09:20:42,400.0,37.1,S
2021-06-18T09:20:38,2000.0,37.1,S
2021-06-18T09:20:38,2000.0,37.1,S
2021-06-18T09:20:27,200.0,37.1,S
2021-06-18T09:20:24,1000.0,37.1,S
2021-06-18T09:20:16,3300.0,37.1,S
2021-06-18T09:20:10,100.0,37.1,S
2021-06-18T09:20:09,20000.0,37.2,B
2021-06-18T09:19:58,300.0,37.1,S
2021-06-18T09:19:56,5000.0,37.1,S
2021-06-18T09:19:50,1300.0,37.1,S
2021-06-18T09:19:42,700.0,37.0,S
2021-06-18T09:19:35,8000.0,37.0,S
2021-06-18T09:19:34,100.0,37.05,S
2021-06-18T09:19:27,100.0,37.05,S
2021-06-18T09:19:26,1000.0,37.05,S
2021-06-18T09:19:22,300.0,37.0,S
2021-06-18T09:19:19,8000.0,37.0,S
2021-06-18T09:19:15,2700.0,37.1,S
2021-06-18T09:19:10,32800.0,37.1,S
2021-06-18T09:18:58,10000.0,37.0,S
2021-06-18T09:18:57,100.0,37.0,S
2021-06-18T09:18:54,200.0,37.0,S
2021-06-18T09:18:54,100.0,37.0,S
2021-06-18T09:18:52,600.0,37.0,S
2021-06-18T09:18:32,6500.0,37.0,S
2021-06-18T09:18:27,1000.0,37.0,S
2021-06-18T09:18:09,1000.0,37.0,S
2021-06-18T09:18:04,3000.0,37.0,S
2021-06-18T09:18:01,600.0,37.0,S
2021-06-18T09:18:01,700.0,37.0,S
2021-06-18T09:18:01,4200.0,37.0,S
2021-06-18T09:18:01,2300.0,37.0,S
2021-06-18T09:18:00,2200.0,37.0,S
2021-06-18T09:17:58,300.0,37.1,B
2021-06-18T09:17:52,5000.0,37.0,S
2021-06-18T09:17:50,500.0,37.0,S
2021-06-18T09:17:48,1200.0,37.1,B
2021-06-18T09:17:20,200.0,37.0,S
2021-06-18T09:17:07,200.0,37.0,S
2021-06-18T09:17:07,1000.0,37.0,S
2021-06-18T09:17:07,1000.0,37.0,S
2021-06-18T09:16:50,1000.0,37.0,S
2021-06-18T09:16:47,300.0,37.05,B
2021-06-18T09:16:43,2000.0,37.0,S
2021-06-18T09:16:23,100.0,37.0,B
2021-06-18T09:16:22,10900.0,37.0,B
2021-06-18T09:16:21,300.0,37.0,B
2021-06-18T09:16:17,200.0,37.0,B
2021-06-18T09:16:14,1500.0,37.0,B
2021-06-18T09:16:10,2500.0,37.0,B
2021-06-18T09:16:07,100.0,37.0,B
2021-06-18T09:16:04,2000.0,37.0,B
2021-06-18T09:16:04,5000.0,37.0,B
2021-06-18T09:16:03,400.0,37.0,B
2021-06-18T09:16:03,3000.0,37.0,B
2021-06-18T09:16:03,400.0,37.0,B
2021-06-18T09:16:03,1000.0,37.0,B
2021-06-18T09:16:03,200.0,37.0,B
