tradingTime,volume,price,side
2021-06-18T14:26:33,100.0,8.32,S
2021-06-18T14:17:03,500.0,8.32,S
2021-06-18T14:16:05,1200.0,8.33,B
2021-06-18T14:15:54,2300.0,8.33,B
2021-06-18T14:15:14,3000.0,8.33,B
2021-06-18T14:15:10,700.0,8.32,S
2021-06-18T14:14:43,2000.0,8.32,S
2021-06-18T14:14:39,2000.0,8.33,B
2021-06-18T14:14:12,700.0,8.33,B
2021-06-18T14:12:03,700.0,8.33,S
2021-06-18T14:11:36,200.0,8.33,S
2021-06-18T14:11:10,2900.0,8.32,S
2021-06-18T14:11:01,800.0,8.33,S
2021-06-18T14:10:05,200.0,8.33,B
2021-06-18T14:09:01,4000.0,8.35,B
2021-06-18T14:09:01,9000.0,8.32,B
2021-06-18T14:08:16,1000.0,8.33,S
2021-06-18T14:08:07,1500.0,8.33,S
2021-06-18T14:06:19,500.0,8.33,S
2021-06-18T14:04:25,100.0,8.33,S
2021-06-18T14:03:16,800.0,8.35,B
2021-06-18T14:03:16,1200.0,8.35,B
2021-06-18T13:59:59,100.0,8.32,B
2021-06-18T13:59:56,100.0,8.31,S
2021-06-18T13:56:01,100.0,8.31,S
2021-06-18T13:54:26,400.0,8.31,S
2021-06-18T13:54:25,400.0,8.31,S
2021-06-18T13:53:36,700.0,8.31,S
2021-06-18T13:53:36,200.0,8.31,S
2021-06-18T13:53:35,300.0,8.31,S
2021-06-18T13:52:56,500.0,8.31,S
2021-06-18T13:49:05,200.0,8.31,S
2021-06-18T13:45:17,500.0,8.35,S
2021-06-18T13:42:31,100.0,8.36,B
2021-06-18T13:38:49,500.0,8.35,B
2021-06-18T13:38:39,100.0,8.3,S
2021-06-18T13:37:29,3200.0,8.3,S
2021-06-18T13:36:24,100.0,8.35,B
2021-06-18T13:36:24,700.0,8.35,B
2021-06-18T13:36:07,9000.0,8.3,S
2021-06-18T13:33:37,1000.0,8.3,S
2021-06-18T13:32:50,500.0,8.3,S
2021-06-18T13:31:21,1000.0,8.3,S
2021-06-18T13:30:17,700.0,8.3,B
2021-06-18T13:30:10,200.0,8.3,B
2021-06-18T13:29:57,500.0,8.3,S
2021-06-18T13:29:22,600.0,8.3,S
2021-06-18T13:29:14,2000.0,8.3,S
2021-06-18T13:29:04,4200.0,8.3,S
2021-06-18T13:27:36,1000.0,8.3,S
2021-06-18T13:25:44,500.0,8.3,S
2021-06-18T13:24:08,5000.0,8.3,S
2021-06-18T13:23:37,700.0,8.3,S
2021-06-18T13:23:29,900.0,8.3,S
2021-06-18T13:23:22,4400.0,8.3,S
2021-06-18T13:23:15,600.0,8.3,S
2021-06-18T13:22:25,17600.0,8.3,B
2021-06-18T13:22:25,1800.0,8.3,B
2021-06-18T13:21:24,300.0,8.3,B
2021-06-18T13:21:08,500.0,8.29,S
2021-06-18T13:20:19,500.0,8.29,S
2021-06-18T13:20:11,700.0,8.3,B
2021-06-18T13:20:01,500.0,8.3,B
2021-06-18T13:19:51,400.0,8.3,B
2021-06-18T13:19:46,500.0,8.3,B
2021-06-18T13:18:49,800.0,8.3,S
2021-06-18T13:18:44,5000.0,8.3,S
2021-06-18T13:15:48,1300.0,8.35,S
2021-06-18T13:13:05,200.0,8.36,B
2021-06-18T13:11:45,400.0,8.36,S
2021-06-18T13:11:33,1400.0,8.36,S
2021-06-18T13:09:31,1000.0,8.36,S
2021-06-18T13:07:58,100.0,8.36,S
2021-06-18T13:05:36,5000.0,8.39,B
2021-06-18T13:05:11,100.0,8.39,B
2021-06-18T13:03:15,400.0,8.39,B
2021-06-18T13:02:28,1000.0,8.39,B
2021-06-18T13:00:41,2800.0,8.36,B
2021-06-18T13:00:29,700.0,8.36,B
2021-06-18T11:30:11,8000.0,8.35,B
2021-06-18T11:28:55,3000.0,8.3,B
2021-06-18T11:26:02,3000.0,8.3,B
2021-06-18T11:24:23,1000.0,8.3,B
2021-06-18T11:22:44,800.0,8.3,B
2021-06-18T11:19:32,5000.0,8.3,B
2021-06-18T11:19:26,100.0,8.3,B
2021-06-18T11:16:39,200.0,8.3,B
2021-06-18T11:13:51,100.0,8.28,B
2021-06-18T11:11:51,1700.0,8.27,B
2021-06-18T11:10:58,400.0,8.27,B
2021-06-18T11:09:49,200.0,8.27,B
2021-06-18T11:09:02,4700.0,8.27,S
2021-06-18T11:05:39,2000.0,8.3,B
2021-06-18T11:04:20,9000.0,8.28,S
2021-06-18T11:02:31,100.0,8.29,B
2021-06-18T10:58:48,5000.0,8.3,B
2021-06-18T10:56:56,100.0,8.3,B
2021-06-18T10:56:22,100.0,8.28,S
2021-06-18T10:55:08,200.0,8.28,S
2021-06-18T10:52:21,5700.0,8.28,S
2021-06-18T10:50:39,900.0,8.28,S
2021-06-18T10:49:44,100.0,8.3,B
2021-06-18T10:49:24,100.0,8.3,B
2021-06-18T10:44:34,200.0,8.3,S
2021-06-18T10:40:54,1000.0,8.3,B
2021-06-18T10:38:59,100.0,8.32,B
2021-06-18T10:37:25,3800.0,8.26,S
2021-06-18T10:37:25,6300.0,8.27,S
2021-06-18T10:36:11,500.0,8.28,B
2021-06-18T10:35:11,100.0,8.28,B
2021-06-18T10:35:07,900.0,8.28,B
2021-06-18T10:34:21,1300.0,8.27,S
2021-06-18T10:33:18,3000.0,8.27,S
2021-06-18T10:32:43,1400.0,8.28,B
2021-06-18T10:30:53,100.0,8.28,S
2021-06-18T10:30:53,9200.0,8.28,S
2021-06-18T10:29:24,300.0,8.28,S
2021-06-18T10:26:51,6800.0,8.28,S
2021-06-18T10:26:50,4000.0,8.3,B
2021-06-18T10:24:43,4300.0,8.3,S
2021-06-18T10:20:03,400.0,8.35,B
2021-06-18T10:18:41,700.0,8.35,B
2021-06-18T10:17:00,1200.0,8.3,S
2021-06-18T10:16:26,100.0,8.3,S
2021-06-18T10:16:18,10000.0,8.3,S
2021-06-18T10:14:52,100.0,8.3,S
2021-06-18T10:13:05,3300.0,8.3,S
2021-06-18T10:13:05,9700.0,8.3,S
2021-06-18T10:11:45,100.0,8.32,B
2021-06-18T10:11:21,11900.0,8.32,S
2021-06-18T10:10:56,1000.0,8.32,S
2021-06-18T10:07:06,4000.0,8.32,S
2021-06-18T10:06:10,1100.0,8.35,S
2021-06-18T10:04:28,200.0,8.36,B
2021-06-18T10:03:51,100.0,8.35,S
2021-06-18T10:03:06,500.0,8.36,B
2021-06-18T10:02:36,6400.0,8.36,B
2021-06-18T09:58:49,300.0,8.36,S
2021-06-18T09:53:10,2200.0,8.35,S
2021-06-18T09:52:53,2800.0,8.35,S
2021-06-18T09:51:34,6600.0,8.35,S
2021-06-18T09:51:10,200.0,8.36,B
2021-06-18T09:51:08,3000.0,8.36,B
2021-06-18T09:50:57,200.0,8.36,S
2021-06-18T09:50:28,4000.0,8.4,B
2021-06-18T09:50:25,800.0,8.4,B
2021-06-18T09:50:19,300.0,8.4,B
2021-06-18T09:49:49,100.0,8.4,B
2021-06-18T09:47:32,1000.0,8.4,B
2021-06-18T09:46:03,800.0,8.4,B
2021-06-18T09:45:50,100.0,8.36,S
2021-06-18T09:36:23,200.0,8.35,S
2021-06-18T09:35:55,400.0,8.35,B
2021-06-18T09:34:46,400.0,8.35,B
2021-06-18T09:34:10,200.0,8.36,B
2021-06-18T09:34:00,200.0,8.35,B
2021-06-18T09:33:39,100.0,8.35,S
2021-06-18T09:32:58,100.0,8.35,S
2021-06-18T09:32:38,100.0,8.35,S
2021-06-18T09:32:32,300.0,8.35,S
2021-06-18T09:32:27,1900.0,8.35,S
2021-06-18T09:32:25,300.0,8.35,S
2021-06-18T09:32:10,200.0,8.35,S
2021-06-18T09:32:03,10000.0,8.35,S
2021-06-18T09:31:32,100.0,8.35,S
2021-06-18T09:30:57,300.0,8.35,S
2021-06-18T09:30:42,2400.0,8.35,S
2021-06-18T09:29:47,1000.0,8.35,S
2021-06-18T09:27:52,3300.0,8.35,B
2021-06-18T09:22:47,100.0,8.31,S
2021-06-18T09:19:41,100.0,8.3,S
2021-06-18T09:18:37,5000.0,8.3,S
