tradingTime,volume,price,side
2021-06-18T14:27:18,100.0,43.9,S
2021-06-18T14:20:24,1000.0,43.95,B
2021-06-18T14:18:08,100.0,43.9,S
2021-06-18T14:16:56,800.0,43.9,B
2021-06-18T14:15:34,100.0,43.9,B
2021-06-18T14:15:20,100.0,43.9,B
2021-06-18T14:14:20,100.0,43.9,B
2021-06-18T14:13:44,300.0,43.9,B
2021-06-18T14:12:55,500.0,43.9,S
2021-06-18T14:12:49,1000.0,43.9,S
2021-06-18T14:12:49,400.0,43.9,S
2021-06-18T14:12:42,500.0,43.9,S
2021-06-18T14:12:19,100.0,43.95,B
2021-06-18T14:12:07,300.0,43.95,B
2021-06-18T14:11:37,300.0,43.95,B
2021-06-18T14:11:20,1100.0,43.95,B
2021-06-18T14:10:59,100.0,43.95,B
2021-06-18T14:09:18,6000.0,43.95,B
2021-06-18T14:08:58,300.0,43.7,S
2021-06-18T14:08:45,200.0,43.7,S
2021-06-18T14:08:19,300.0,43.75,B
2021-06-18T14:06:32,500.0,43.75,B
2021-06-18T14:02:38,200.0,43.8,B
2021-06-18T14:01:56,200.0,43.8,S
2021-06-18T14:01:45,200.0,43.8,S
2021-06-18T14:01:44,100.0,43.8,S
2021-06-18T14:01:30,200.0,43.8,S
2021-06-18T14:01:11,500.0,43.9,B
2021-06-18T14:00:51,1800.0,43.8,B
2021-06-18T13:59:33,1000.0,43.8,B
2021-06-18T13:58:55,1700.0,43.7,S
2021-06-18T13:57:56,300.0,43.8,S
2021-06-18T13:56:51,2000.0,43.8,S
2021-06-18T13:56:43,1000.0,43.8,S
2021-06-18T13:54:42,500.0,43.8,S
2021-06-18T13:53:46,400.0,43.8,S
2021-06-18T13:52:42,3000.0,43.7,S
2021-06-18T13:51:24,200.0,43.8,S
2021-06-18T13:51:18,100.0,43.8,S
2021-06-18T13:51:13,9200.0,43.8,S
2021-06-18T13:50:36,900.0,43.95,B
2021-06-18T13:50:36,300.0,43.95,B
2021-06-18T13:50:36,100.0,43.9,B
2021-06-18T13:50:18,1800.0,43.8,S
2021-06-18T13:50:18,1200.0,43.8,S
2021-06-18T13:50:18,700.0,43.8,S
2021-06-18T13:50:18,1200.0,43.8,S
2021-06-18T13:48:52,400.0,43.9,S
2021-06-18T13:48:52,500.0,43.9,S
2021-06-18T13:48:51,1000.0,43.9,S
2021-06-18T13:48:51,6900.0,43.9,S
2021-06-18T13:48:51,12300.0,43.9,S
2021-06-18T13:47:02,400.0,43.95,B
2021-06-18T13:46:35,100.0,43.95,B
2021-06-18T13:44:36,3700.0,43.95,S
2021-06-18T13:44:04,500.0,43.95,S
2021-06-18T13:42:35,100.0,43.95,B
2021-06-18T13:41:22,1600.0,43.95,B
2021-06-18T13:41:16,100.0,43.95,B
2021-06-18T13:41:15,1000.0,43.95,B
2021-06-18T13:40:42,300.0,43.95,S
2021-06-18T13:40:35,2000.0,43.95,S
2021-06-18T13:40:13,2200.0,44.0,B
2021-06-18T13:39:48,400.0,44.0,B
2021-06-18T13:39:10,300.0,44.0,B
2021-06-18T13:39:10,300.0,44.0,B
2021-06-18T13:38:25,300.0,44.0,B
2021-06-18T13:38:25,200.0,44.0,B
2021-06-18T13:38:25,1100.0,44.0,B
2021-06-18T13:37:31,300.0,43.95,B
2021-06-18T13:37:27,1700.0,43.95,B
2021-06-18T13:37:22,2200.0,43.95,B
2021-06-18T13:37:13,2000.0,43.9,S
2021-06-18T13:36:52,500.0,43.95,B
2021-06-18T13:36:12,100.0,43.95,B
2021-06-18T13:36:05,100.0,43.95,B
2021-06-18T13:35:55,400.0,43.95,B
2021-06-18T13:35:38,500.0,43.95,B
2021-06-18T13:35:00,500.0,43.95,B
2021-06-18T13:34:27,1000.0,43.95,B
2021-06-18T13:33:53,1000.0,43.95,B
2021-06-18T13:33:51,400.0,43.9,S
2021-06-18T13:30:33,200.0,43.95,S
2021-06-18T13:29:46,1800.0,43.95,S
2021-06-18T13:29:40,200.0,43.95,S
2021-06-18T13:29:30,300.0,43.95,S
2021-06-18T13:29:27,100.0,43.95,S
2021-06-18T13:29:04,100.0,43.95,S
2021-06-18T13:28:14,2000.0,43.95,S
2021-06-18T13:27:51,300.0,44.0,B
2021-06-18T13:27:30,200.0,43.95,S
2021-06-18T13:27:29,100.0,43.95,S
2021-06-18T13:27:16,800.0,43.95,S
2021-06-18T13:26:50,100.0,43.95,S
2021-06-18T13:26:19,500.0,43.95,S
2021-06-18T13:26:18,500.0,43.95,S
2021-06-18T13:26:06,100.0,43.95,S
2021-06-18T13:25:47,100.0,44.0,B
2021-06-18T13:25:45,200.0,43.95,S
2021-06-18T13:25:43,100.0,43.95,S
2021-06-18T13:25:21,800.0,44.0,B
2021-06-18T13:25:21,500.0,44.0,B
2021-06-18T13:25:20,2000.0,44.0,B
2021-06-18T13:25:01,5000.0,43.95,S
2021-06-18T13:24:49,500.0,43.95,S
2021-06-18T13:24:44,2700.0,44.0,B
2021-06-18T13:24:44,1200.0,44.0,B
2021-06-18T13:24:44,1100.0,44.0,B
2021-06-18T13:24:37,200.0,44.0,B
2021-06-18T13:24:28,100.0,44.0,B
2021-06-18T13:23:10,1500.0,44.0,B
2021-06-18T13:23:06,200.0,44.0,B
2021-06-18T13:21:47,10000.0,44.0,B
2021-06-18T13:21:29,100.0,44.0,B
2021-06-18T13:21:29,300.0,43.95,S
2021-06-18T13:21:23,200.0,43.95,S
2021-06-18T13:21:19,200.0,43.95,S
2021-06-18T13:21:13,1700.0,44.0,B
2021-06-18T13:21:04,4000.0,43.95,S
2021-06-18T13:19:54,200.0,43.95,S
2021-06-18T13:19:42,500.0,43.95,S
2021-06-18T13:19:41,1000.0,44.0,B
2021-06-18T13:19:32,200.0,43.95,B
2021-06-18T13:19:08,1000.0,44.0,B
2021-06-18T13:18:57,500.0,43.95,B
2021-06-18T13:18:21,100.0,43.9,S
2021-06-18T13:18:00,1800.0,44.0,B
2021-06-18T13:18:00,1300.0,44.0,B
2021-06-18T13:18:00,500.0,44.0,B
2021-06-18T13:18:00,1400.0,44.0,B
2021-06-18T13:17:42,300.0,44.0,B
2021-06-18T13:16:29,300.0,44.0,B
2021-06-18T13:16:19,200.0,44.0,B
2021-06-18T13:16:16,600.0,44.0,B
2021-06-18T13:16:16,500.0,44.0,B
2021-06-18T13:16:16,100.0,44.0,B
2021-06-18T13:16:07,100.0,44.0,B
2021-06-18T13:15:37,900.0,44.0,B
2021-06-18T13:15:37,2100.0,44.0,B
2021-06-18T13:15:07,10000.0,44.0,B
2021-06-18T13:14:59,8300.0,43.9,B
2021-06-18T13:14:47,200.0,43.9,B
2021-06-18T13:14:42,10000.0,43.9,B
2021-06-18T13:14:22,2000.0,43.9,B
2021-06-18T13:12:52,300.0,43.9,B
2021-06-18T13:12:09,100.0,43.8,B
2021-06-18T13:11:59,200.0,43.8,B
2021-06-18T13:11:39,100.0,43.8,B
2021-06-18T13:11:20,1000.0,43.8,B
2021-06-18T13:11:07,100.0,43.8,B
2021-06-18T13:11:00,200.0,43.7,S
2021-06-18T13:10:27,200.0,43.7,S
2021-06-18T13:10:05,700.0,43.8,B
2021-06-18T13:10:04,500.0,43.8,B
2021-06-18T13:07:59,500.0,43.7,B
2021-06-18T13:07:58,2000.0,43.7,B
2021-06-18T13:06:43,400.0,43.7,B
2021-06-18T13:06:25,100.0,43.7,B
2021-06-18T13:06:12,200.0,43.7,B
2021-06-18T13:06:11,1000.0,43.7,B
2021-06-18T13:05:55,100.0,43.65,S
2021-06-18T13:05:10,1000.0,43.7,B
2021-06-18T13:00:31,500.0,43.6,B
2021-06-18T13:00:29,200.0,43.6,B
2021-06-18T13:00:27,100.0,43.55,S
2021-06-18T11:29:45,5000.0,43.6,B
2021-06-18T11:28:58,200.0,43.6,S
2021-06-18T11:27:03,1700.0,43.6,B
2021-06-18T11:27:00,200.0,43.6,B
2021-06-18T11:26:18,1100.0,43.6,B
2021-06-18T11:26:18,700.0,43.6,B
2021-06-18T11:23:54,300.0,43.55,B
2021-06-18T11:23:11,1200.0,43.55,B
2021-06-18T11:23:00,200.0,43.55,B
2021-06-18T11:22:33,100.0,43.55,B
2021-06-18T11:22:09,200.0,43.55,B
2021-06-18T11:21:39,500.0,43.55,B
2021-06-18T11:20:40,2600.0,43.55,B
2021-06-18T11:19:59,200.0,43.5,B
2021-06-18T11:19:59,1100.0,43.5,B
2021-06-18T11:19:59,2400.0,43.5,B
2021-06-18T11:16:36,200.0,43.5,B
2021-06-18T11:15:49,200.0,43.5,B
2021-06-18T11:15:19,200.0,43.5,B
2021-06-18T11:14:49,100.0,43.5,B
2021-06-18T11:14:46,100.0,43.5,B
2021-06-18T11:14:42,3000.0,43.5,B
2021-06-18T11:14:37,100.0,43.5,B
2021-06-18T11:07:57,1000.0,43.5,B
2021-06-18T11:06:24,2000.0,43.5,B
2021-06-18T11:05:51,200.0,43.5,B
2021-06-18T11:05:32,100.0,43.5,B
2021-06-18T11:04:57,3000.0,43.5,B
2021-06-18T11:04:41,800.0,43.4,B
2021-06-18T11:04:21,200.0,43.4,B
2021-06-18T11:03:11,100.0,43.35,S
2021-06-18T11:02:10,300.0,43.35,B
2021-06-18T11:01:28,700.0,43.35,S
2021-06-18T10:57:51,300.0,43.35,S
2021-06-18T10:55:44,1200.0,43.4,S
2021-06-18T10:55:07,200.0,43.45,B
2021-06-18T10:53:41,900.0,43.4,S
2021-06-18T10:53:08,300.0,43.4,S
2021-06-18T10:52:28,200.0,43.4,S
2021-06-18T10:51:51,700.0,43.4,S
2021-06-18T10:51:47,100.0,43.5,B
2021-06-18T10:51:47,300.0,43.5,B
2021-06-18T10:51:47,1600.0,43.5,B
2021-06-18T10:51:47,300.0,43.4,S
2021-06-18T10:50:16,2100.0,43.4,S
2021-06-18T10:49:49,200.0,43.4,S
2021-06-18T10:49:49,900.0,43.4,S
2021-06-18T10:49:37,1000.0,43.4,S
2021-06-18T10:49:17,500.0,43.4,S
2021-06-18T10:48:56,500.0,43.4,S
2021-06-18T10:48:47,1200.0,43.4,S
2021-06-18T10:47:27,400.0,43.5,B
2021-06-18T10:46:57,200.0,43.5,B
2021-06-18T10:46:57,700.0,43.5,B
2021-06-18T10:46:44,200.0,43.5,B
2021-06-18T10:46:26,300.0,43.4,S
2021-06-18T10:46:01,100.0,43.5,B
2021-06-18T10:45:18,100.0,43.4,S
2021-06-18T10:43:23,200.0,43.4,S
2021-06-18T10:43:23,300.0,43.4,S
2021-06-18T10:42:23,1000.0,43.4,S
2021-06-18T10:41:43,3000.0,43.4,S
2021-06-18T10:41:42,1500.0,43.4,S
2021-06-18T10:41:32,100.0,43.5,B
2021-06-18T10:40:12,400.0,43.4,S
2021-06-18T10:40:12,100.0,43.5,S
2021-06-18T10:38:21,10000.0,43.4,S
2021-06-18T10:38:09,100.0,43.5,S
2021-06-18T10:37:51,100.0,43.55,B
2021-06-18T10:37:34,1000.0,43.5,B
2021-06-18T10:37:26,5000.0,43.55,B
2021-06-18T10:37:20,800.0,43.5,B
2021-06-18T10:35:45,200.0,43.5,B
2021-06-18T10:35:23,3000.0,43.5,B
2021-06-18T10:35:18,4000.0,43.5,B
2021-06-18T10:35:18,1000.0,43.45,B
2021-06-18T10:34:40,200.0,43.5,B
2021-06-18T10:34:13,100.0,43.5,B
2021-06-18T10:33:00,1600.0,43.5,B
2021-06-18T10:33:00,2200.0,43.5,B
2021-06-18T10:32:59,400.0,43.5,B
2021-06-18T10:32:58,100.0,43.5,B
2021-06-18T10:32:44,5000.0,43.5,B
2021-06-18T10:32:28,1000.0,43.5,B
2021-06-18T10:32:25,1100.0,43.5,B
2021-06-18T10:31:22,2000.0,43.5,B
2021-06-18T10:29:57,2000.0,43.4,S
2021-06-18T10:29:31,1000.0,43.5,B
2021-06-18T10:29:31,1000.0,43.45,B
2021-06-18T10:29:31,300.0,43.45,B
2021-06-18T10:29:06,300.0,43.45,B
2021-06-18T10:29:03,500.0,43.45,B
2021-06-18T10:28:15,900.0,43.45,S
2021-06-18T10:27:44,200.0,43.45,B
2021-06-18T10:27:29,1700.0,43.4,S
2021-06-18T10:26:30,2000.0,43.4,S
2021-06-18T10:26:30,1600.0,43.4,S
2021-06-18T10:24:11,100.0,43.4,S
2021-06-18T10:20:50,5000.0,43.4,B
2021-06-18T10:20:50,100.0,43.4,B
2021-06-18T10:20:50,200.0,43.4,B
2021-06-18T10:20:48,1200.0,43.35,S
2021-06-18T10:19:59,1000.0,43.35,B
2021-06-18T10:19:27,500.0,43.35,B
2021-06-18T10:19:20,100.0,43.3,S
2021-06-18T10:19:07,100.0,43.35,B
2021-06-18T10:19:06,1000.0,43.35,B
2021-06-18T10:18:51,400.0,43.35,B
2021-06-18T10:18:24,500.0,43.35,B
2021-06-18T10:16:53,800.0,43.35,S
2021-06-18T10:16:34,3200.0,43.35,B
2021-06-18T10:16:26,200.0,43.35,B
2021-06-18T10:16:26,3800.0,43.35,B
2021-06-18T10:15:41,500.0,43.35,B
2021-06-18T10:15:35,100.0,43.35,B
2021-06-18T10:15:02,100.0,43.35,B
2021-06-18T10:14:19,500.0,43.35,B
2021-06-18T10:13:33,100.0,43.35,B
2021-06-18T10:13:17,100.0,43.35,B
2021-06-18T10:13:14,400.0,43.3,S
2021-06-18T10:12:26,200.0,43.35,B
2021-06-18T10:12:13,600.0,43.35,B
2021-06-18T10:12:13,400.0,43.35,B
2021-06-18T10:12:13,300.0,43.35,B
2021-06-18T10:11:26,500.0,43.35,B
2021-06-18T10:11:04,100.0,43.35,B
2021-06-18T10:09:32,500.0,43.35,B
2021-06-18T10:09:05,100.0,43.35,B
2021-06-18T10:08:33,100.0,43.35,B
2021-06-18T10:07:11,1000.0,43.4,B
2021-06-18T10:06:30,1000.0,43.4,B
2021-06-18T10:06:24,400.0,43.4,B
2021-06-18T10:06:18,300.0,43.35,S
2021-06-18T10:06:11,700.0,43.4,B
2021-06-18T10:05:54,100.0,43.5,B
2021-06-18T10:05:48,100.0,43.4,B
2021-06-18T10:05:45,200.0,43.4,B
2021-06-18T10:05:08,100.0,43.35,S
2021-06-18T10:04:34,800.0,43.5,S
2021-06-18T10:04:03,1600.0,43.5,S
2021-06-18T10:03:56,200.0,43.5,S
2021-06-18T10:03:21,2100.0,43.5,S
2021-06-18T10:03:19,200.0,43.5,S
2021-06-18T10:02:57,1400.0,43.5,S
2021-06-18T10:02:04,1500.0,43.5,S
2021-06-18T10:02:00,200.0,43.6,S
2021-06-18T10:01:30,200.0,43.7,B
2021-06-18T10:01:15,200.0,43.7,S
2021-06-18T10:00:54,500.0,43.9,B
2021-06-18T10:00:31,500.0,43.9,B
2021-06-18T10:00:24,500.0,43.9,B
2021-06-18T09:58:47,200.0,43.9,B
2021-06-18T09:57:46,1000.0,43.9,S
2021-06-18T09:57:42,1000.0,43.9,S
2021-06-18T09:57:06,200.0,43.9,S
2021-06-18T09:57:02,10000.0,43.9,S
2021-06-18T09:57:02,500.0,43.9,S
2021-06-18T09:56:46,200.0,43.9,S
2021-06-18T09:56:33,100.0,43.9,S
2021-06-18T09:56:32,100.0,43.9,S
2021-06-18T09:56:25,300.0,43.9,S
2021-06-18T09:56:21,1000.0,43.9,S
2021-06-18T09:55:18,500.0,43.9,S
2021-06-18T09:55:17,200.0,43.95,B
2021-06-18T09:55:09,500.0,43.9,S
2021-06-18T09:54:48,2000.0,43.95,B
2021-06-18T09:54:16,500.0,43.95,B
2021-06-18T09:53:59,600.0,43.9,S
2021-06-18T09:53:55,200.0,43.95,B
2021-06-18T09:53:44,300.0,43.9,S
2021-06-18T09:53:11,3000.0,43.95,B
2021-06-18T09:52:58,2000.0,44.0,B
2021-06-18T09:52:52,1700.0,43.9,S
2021-06-18T09:52:51,1300.0,43.9,S
2021-06-18T09:52:50,100.0,43.9,S
2021-06-18T09:52:48,600.0,43.95,B
2021-06-18T09:52:20,500.0,43.9,S
2021-06-18T09:51:58,500.0,43.9,S
2021-06-18T09:51:28,100.0,43.9,S
2021-06-18T09:51:17,500.0,43.9,S
2021-06-18T09:51:03,100.0,43.9,B
2021-06-18T09:50:45,1000.0,43.95,B
2021-06-18T09:50:04,2000.0,44.0,B
2021-06-18T09:50:03,1000.0,43.9,B
2021-06-18T09:49:57,1000.0,44.0,B
2021-06-18T09:49:40,2000.0,43.95,B
2021-06-18T09:49:36,600.0,43.9,B
2021-06-18T09:49:34,2600.0,43.9,B
2021-06-18T09:49:34,2000.0,43.9,B
2021-06-18T09:49:34,1000.0,43.9,B
2021-06-18T09:49:34,100.0,43.9,B
2021-06-18T09:49:28,200.0,43.9,B
2021-06-18T09:49:06,100.0,43.9,S
2021-06-18T09:48:49,100.0,43.9,S
2021-06-18T09:48:09,100.0,43.9,S
2021-06-18T09:47:56,200.0,43.9,S
2021-06-18T09:47:46,500.0,43.9,S
2021-06-18T09:47:38,100.0,44.0,B
2021-06-18T09:47:30,2700.0,43.0,S
2021-06-18T09:47:30,3300.0,43.1,S
2021-06-18T09:47:25,200.0,44.0,B
2021-06-18T09:47:19,1000.0,44.0,B
2021-06-18T09:47:14,2000.0,44.0,B
2021-06-18T09:47:04,1000.0,44.0,B
2021-06-18T09:46:54,1000.0,44.0,B
2021-06-18T09:46:15,300.0,44.0,B
2021-06-18T09:46:05,200.0,44.0,B
2021-06-18T09:46:04,200.0,44.0,B
2021-06-18T09:46:03,500.0,44.0,B
2021-06-18T09:45:56,200.0,44.0,B
2021-06-18T09:45:46,300.0,44.0,B
2021-06-18T09:45:42,100.0,44.0,B
2021-06-18T09:45:28,200.0,44.0,B
2021-06-18T09:45:17,2000.0,44.0,B
2021-06-18T09:45:11,2000.0,43.5,B
2021-06-18T09:44:51,4000.0,44.0,B
2021-06-18T09:44:49,500.0,43.05,B
2021-06-18T09:44:24,400.0,43.05,B
2021-06-18T09:44:17,100.0,43.05,B
2021-06-18T09:44:11,4200.0,44.0,B
2021-06-18T09:44:11,500.0,44.0,B
2021-06-18T09:44:11,1800.0,44.0,B
2021-06-18T09:44:11,2500.0,43.9,B
2021-06-18T09:44:03,1000.0,43.5,B
2021-06-18T09:43:53,500.0,43.0,B
2021-06-18T09:43:53,100.0,43.5,B
2021-06-18T09:43:53,2900.0,43.5,B
2021-06-18T09:43:48,1000.0,43.05,B
2021-06-18T09:43:36,1200.0,43.0,B
2021-06-18T09:43:36,600.0,43.0,B
2021-06-18T09:43:36,100.0,43.0,B
2021-06-18T09:43:36,200.0,43.0,B
2021-06-18T09:43:36,9700.0,43.0,B
2021-06-18T09:43:35,1000.0,43.0,B
2021-06-18T09:43:24,500.0,43.0,B
2021-06-18T09:43:21,500.0,43.0,B
2021-06-18T09:43:19,2000.0,43.0,B
2021-06-18T09:43:06,100.0,43.0,B
2021-06-18T09:43:05,3000.0,43.0,B
2021-06-18T09:42:54,1000.0,43.0,B
2021-06-18T09:42:53,2000.0,43.0,B
2021-06-18T09:42:53,500.0,43.0,B
2021-06-18T09:42:48,1700.0,43.0,B
2021-06-18T09:42:46,400.0,43.0,B
2021-06-18T09:42:45,1400.0,43.0,B
2021-06-18T09:42:45,700.0,43.0,B
2021-06-18T09:42:42,100.0,43.0,B
2021-06-18T09:42:41,1500.0,43.0,B
2021-06-18T09:42:38,2500.0,43.0,B
2021-06-18T09:42:36,200.0,43.0,B
2021-06-18T09:42:36,1800.0,43.0,B
2021-06-18T09:42:35,500.0,43.0,B
2021-06-18T09:42:33,100.0,42.9,S
2021-06-18T09:42:25,600.0,43.0,B
2021-06-18T09:42:03,2000.0,43.0,B
2021-06-18T09:41:39,1000.0,43.0,B
2021-06-18T09:41:30,3000.0,43.0,B
2021-06-18T09:41:20,200.0,42.9,B
2021-06-18T09:41:18,200.0,42.9,B
2021-06-18T09:40:55,100.0,42.9,B
2021-06-18T09:40:45,200.0,42.65,B
2021-06-18T09:40:38,1500.0,42.9,B
2021-06-18T09:40:32,500.0,42.9,B
2021-06-18T09:40:31,200.0,42.9,B
2021-06-18T09:40:17,3000.0,42.65,B
2021-06-18T09:40:15,2000.0,42.85,B
2021-06-18T09:40:09,2000.0,42.8,B
2021-06-18T09:39:58,500.0,42.8,B
2021-06-18T09:39:38,500.0,42.8,B
2021-06-18T09:39:18,300.0,42.6,S
2021-06-18T09:39:15,200.0,42.8,B
2021-06-18T09:39:13,900.0,42.8,B
2021-06-18T09:39:11,1000.0,42.8,B
2021-06-18T09:39:10,100.0,42.7,B
2021-06-18T09:38:54,1000.0,42.6,S
2021-06-18T09:38:52,1000.0,42.7,B
2021-06-18T09:38:52,1400.0,42.7,B
2021-06-18T09:38:52,6700.0,42.7,B
2021-06-18T09:38:52,300.0,42.7,B
2021-06-18T09:38:52,7100.0,42.7,B
2021-06-18T09:38:52,200.0,42.7,B
2021-06-18T09:38:52,200.0,42.65,B
2021-06-18T09:38:52,11500.0,42.65,B
2021-06-18T09:38:52,1100.0,42.65,B
2021-06-18T09:38:52,1500.0,42.65,B
2021-06-18T09:38:46,100.0,42.6,S
2021-06-18T09:38:29,100.0,42.6,S
2021-06-18T09:38:24,200.0,42.6,S
2021-06-18T09:37:35,300.0,42.6,S
2021-06-18T09:37:23,500.0,42.6,S
2021-06-18T09:37:13,300.0,42.6,S
2021-06-18T09:37:00,200.0,42.65,B
2021-06-18T09:36:55,1200.0,42.65,B
2021-06-18T09:36:31,1000.0,42.65,B
2021-06-18T09:36:30,600.0,42.5,S
2021-06-18T09:36:23,100.0,42.6,B
2021-06-18T09:36:01,500.0,42.5,S
2021-06-18T09:35:48,3000.0,42.5,S
2021-06-18T09:35:48,500.0,42.6,B
2021-06-18T09:34:15,2500.0,42.65,B
2021-06-18T09:33:50,300.0,42.5,B
2021-06-18T09:33:50,100.0,42.65,B
2021-06-18T09:33:29,1000.0,42.5,B
2021-06-18T09:32:14,500.0,42.65,B
2021-06-18T09:32:03,2000.0,42.65,B
2021-06-18T09:32:03,200.0,42.5,B
2021-06-18T09:31:41,1000.0,42.5,B
2021-06-18T09:31:32,2000.0,42.65,B
2021-06-18T09:31:25,100.0,42.5,B
2021-06-18T09:30:57,100.0,42.5,B
2021-06-18T09:30:45,1300.0,42.65,B
2021-06-18T09:30:42,100.0,42.5,B
2021-06-18T09:30:31,1000.0,42.65,B
2021-06-18T09:30:16,1800.0,42.5,B
2021-06-18T09:30:10,800.0,42.5,B
2021-06-18T09:30:10,200.0,42.45,S
2021-06-18T09:29:56,800.0,42.45,S
2021-06-18T09:29:52,300.0,42.5,B
2021-06-18T09:29:37,2000.0,42.5,B
2021-06-18T09:29:30,1000.0,42.5,B
2021-06-18T09:29:24,500.0,42.5,B
2021-06-18T09:29:11,300.0,42.5,B
2021-06-18T09:29:05,2000.0,42.5,B
2021-06-18T09:28:52,1000.0,42.5,B
2021-06-18T09:28:52,100.0,42.5,B
2021-06-18T09:28:52,1200.0,42.5,B
2021-06-18T09:28:52,1200.0,42.5,B
2021-06-18T09:28:46,200.0,42.45,S
2021-06-18T09:28:20,2000.0,42.5,B
2021-06-18T09:28:03,1000.0,42.5,B
2021-06-18T09:27:18,10000.0,42.5,B
2021-06-18T09:27:17,200.0,42.3,S
2021-06-18T09:27:04,500.0,42.3,S
2021-06-18T09:27:00,1000.0,42.35,B
2021-06-18T09:26:54,500.0,42.3,S
2021-06-18T09:26:50,200.0,42.3,S
2021-06-18T09:26:46,300.0,42.35,B
2021-06-18T09:25:23,100.0,42.3,S
2021-06-18T09:24:52,200.0,42.3,S
2021-06-18T09:24:37,100.0,42.3,S
2021-06-18T09:24:23,100.0,42.3,S
2021-06-18T09:23:50,300.0,42.35,S
2021-06-18T09:23:49,500.0,42.3,S
2021-06-18T09:23:40,400.0,42.35,S
2021-06-18T09:23:32,2000.0,42.4,S
2021-06-18T09:23:11,500.0,42.35,S
2021-06-18T09:21:28,7200.0,42.3,S
2021-06-18T09:21:24,6600.0,42.5,B
2021-06-18T09:21:06,100.0,42.3,S
2021-06-18T09:20:39,300.0,42.5,B
2021-06-18T09:20:39,800.0,42.5,B
2021-06-18T09:20:39,2200.0,42.45,S
2021-06-18T09:20:15,4800.0,42.5,B
2021-06-18T09:20:15,100.0,42.4,S
2021-06-18T09:20:15,100.0,42.4,S
2021-06-18T09:20:08,1800.0,42.4,S
2021-06-18T09:19:57,200.0,42.4,S
2021-06-18T09:19:50,6000.0,42.5,B
2021-06-18T09:19:40,1200.0,42.5,B
2021-06-18T09:19:21,100.0,42.5,B
2021-06-18T09:19:16,300.0,42.5,B
2021-06-18T09:18:53,500.0,42.5,B
2021-06-18T09:18:24,400.0,42.5,B
2021-06-18T09:18:23,2000.0,42.5,B
2021-06-18T09:18:20,700.0,42.5,B
2021-06-18T09:18:19,9500.0,42.5,B
2021-06-18T09:18:08,500.0,42.5,B
2021-06-18T09:17:53,1000.0,42.5,B
2021-06-18T09:17:44,200.0,42.5,B
2021-06-18T09:16:55,4000.0,42.5,B
2021-06-18T09:16:45,2300.0,42.25,B
2021-06-18T09:16:21,200.0,42.25,B
2021-06-18T09:16:14,500.0,42.2,S
2021-06-18T09:16:03,200.0,42.2,S
