tradingTime,volume,price,side
2021-06-18T14:51:08,2000.0,14.7,S
2021-06-18T14:50:38,1000.0,14.7,S
2021-06-18T14:50:04,500.0,14.7,S
2021-06-18T14:49:33,400.0,14.7,S
2021-06-18T14:49:13,5000.0,14.7,S
2021-06-18T14:49:08,800.0,14.8,B
2021-06-18T14:48:58,1000.0,14.7,S
2021-06-18T14:47:38,100.0,14.7,S
2021-06-18T14:45:58,42100.0,14.7,S
2021-06-18T14:45:48,100.0,14.7,B
2021-06-18T14:45:13,500.0,14.6,S
2021-06-18T14:44:48,500.0,14.6,S
2021-06-18T14:44:38,1400.0,14.7,B
2021-06-18T14:44:38,1000.0,14.7,B
2021-06-18T14:43:53,100.0,14.7,B
2021-06-18T14:43:38,100.0,14.7,B
2021-06-18T14:43:03,3000.0,14.7,B
2021-06-18T14:42:28,1500.0,14.7,B
2021-06-18T14:42:08,1500.0,14.7,B
2021-06-18T14:41:58,500.0,14.7,B
2021-06-18T14:41:22,100.0,14.7,B
2021-06-18T14:40:47,100.0,14.7,B
2021-06-18T14:40:22,1000.0,14.7,B
2021-06-18T14:40:22,100.0,14.7,B
2021-06-18T14:39:02,1100.0,14.7,B
2021-06-18T14:37:12,900.0,14.6,S
2021-06-18T14:35:42,1000.0,14.6,S
2021-06-18T14:35:22,2000.0,14.7,B
2021-06-18T14:35:02,9000.0,14.7,B
2021-06-18T14:34:47,300.0,14.6,S
2021-06-18T14:34:22,100.0,14.6,S
2021-06-18T14:34:11,200.0,14.7,B
2021-06-18T14:34:07,300.0,14.7,B
2021-06-18T14:34:02,300.0,14.7,B
2021-06-18T14:32:42,200.0,14.7,B
2021-06-18T14:32:32,1000.0,14.7,B
2021-06-18T14:32:22,200.0,14.7,B
2021-06-18T14:32:17,1400.0,14.7,B
2021-06-18T14:32:17,10000.0,14.6,S
2021-06-18T14:31:03,300.0,14.7,B
2021-06-18T14:30:52,400.0,14.7,B
2021-06-18T14:30:52,1000.0,14.6,S
2021-06-18T14:30:12,4000.0,14.7,B
2021-06-18T14:29:52,1000.0,14.7,B
2021-06-18T14:29:37,200.0,14.7,B
2021-06-18T14:29:32,5000.0,14.7,B
2021-06-18T14:29:21,3000.0,14.7,B
2021-06-18T14:29:11,1400.0,14.7,B
2021-06-18T14:28:36,200.0,14.7,B
2021-06-18T14:28:14,300.0,14.7,B
2021-06-18T14:28:05,200.0,14.7,B
2021-06-18T14:27:55,100.0,14.7,B
2021-06-18T14:27:54,500.0,14.7,B
2021-06-18T14:27:51,100.0,14.7,B
2021-06-18T14:27:50,100.0,14.7,B
2021-06-18T14:26:40,1000.0,14.7,B
2021-06-18T14:26:38,2000.0,14.7,B
2021-06-18T14:26:30,200.0,14.7,B
2021-06-18T14:26:30,100.0,14.7,B
2021-06-18T14:26:09,10000.0,14.7,B
2021-06-18T14:25:21,400.0,14.7,B
2021-06-18T14:25:01,1000.0,14.6,S
2021-06-18T14:24:35,2100.0,14.7,B
2021-06-18T14:24:21,200.0,14.6,S
2021-06-18T14:24:06,1000.0,14.7,B
2021-06-18T14:23:43,500.0,14.6,S
2021-06-18T14:23:37,30000.0,14.7,B
2021-06-18T14:23:24,1000.0,14.7,B
2021-06-18T14:23:16,100.0,14.7,B
2021-06-18T14:23:02,300.0,14.7,B
2021-06-18T14:22:57,100.0,14.7,B
2021-06-18T14:22:55,100.0,14.7,B
2021-06-18T14:22:48,500.0,14.7,B
2021-06-18T14:22:36,5000.0,14.7,B
2021-06-18T14:22:30,1000.0,14.7,B
2021-06-18T14:22:28,800.0,14.7,B
2021-06-18T14:22:24,600.0,14.7,B
2021-06-18T14:22:03,300.0,14.7,B
2021-06-18T14:21:57,100.0,14.7,B
2021-06-18T14:21:20,100.0,14.7,B
2021-06-18T14:21:17,500.0,14.7,B
2021-06-18T14:20:52,100.0,14.7,B
2021-06-18T14:20:50,4000.0,14.6,S
2021-06-18T14:19:25,800.0,14.7,B
2021-06-18T14:19:08,300.0,14.7,B
2021-06-18T14:18:56,5000.0,14.7,B
2021-06-18T14:18:42,500.0,14.7,B
2021-06-18T14:18:38,1000.0,14.7,B
2021-06-18T14:18:13,100.0,14.7,B
2021-06-18T14:18:11,1000.0,14.7,B
2021-06-18T14:17:43,2000.0,14.7,B
2021-06-18T14:17:41,1000.0,14.6,S
2021-06-18T14:17:28,500.0,14.7,B
2021-06-18T14:16:58,200.0,14.7,B
2021-06-18T14:16:35,2000.0,14.7,B
2021-06-18T14:15:46,100.0,14.7,B
2021-06-18T14:15:29,100.0,14.7,B
2021-06-18T14:15:26,100.0,14.6,S
2021-06-18T14:15:18,1900.0,14.7,B
2021-06-18T14:15:05,4200.0,14.7,B
2021-06-18T14:14:35,200.0,14.7,B
2021-06-18T14:13:45,500.0,14.7,B
2021-06-18T14:13:42,500.0,14.7,B
2021-06-18T14:13:21,5000.0,14.7,B
2021-06-18T14:13:00,2000.0,14.7,B
2021-06-18T14:12:53,300.0,14.7,B
2021-06-18T14:12:45,3000.0,14.7,B
2021-06-18T14:12:08,2000.0,14.7,B
2021-06-18T14:11:31,300.0,14.7,B
2021-06-18T14:11:07,1000.0,14.7,B
2021-06-18T14:10:16,1000.0,14.7,B
2021-06-18T14:10:08,5200.0,14.7,S
2021-06-18T14:09:42,100.0,14.7,S
2021-06-18T14:09:27,5000.0,14.7,S
2021-06-18T14:09:02,1300.0,14.7,B
2021-06-18T14:08:44,1300.0,14.7,B
2021-06-18T14:08:43,1000.0,14.7,B
2021-06-18T14:08:40,500.0,14.7,B
2021-06-18T14:08:37,5000.0,14.7,B
2021-06-18T14:08:09,2000.0,14.7,B
2021-06-18T14:08:08,1500.0,14.7,B
2021-06-18T14:06:55,1000.0,14.7,B
2021-06-18T14:06:22,100.0,14.6,S
2021-06-18T14:06:16,500.0,14.7,B
2021-06-18T14:06:08,900.0,14.7,B
2021-06-18T14:05:59,500.0,14.7,B
2021-06-18T14:05:39,1000.0,14.7,B
2021-06-18T14:05:37,1000.0,14.7,B
2021-06-18T14:05:29,2500.0,14.7,B
2021-06-18T14:05:14,1000.0,14.7,B
2021-06-18T14:04:56,400.0,14.7,B
2021-06-18T14:04:53,3700.0,14.7,B
2021-06-18T14:04:30,10000.0,14.7,S
2021-06-18T14:04:26,1500.0,14.7,S
2021-06-18T14:04:03,11500.0,14.7,S
2021-06-18T14:03:33,80000.0,14.7,S
2021-06-18T14:03:12,3500.0,14.8,B
2021-06-18T14:02:33,500.0,14.7,S
2021-06-18T14:02:28,10000.0,14.7,S
2021-06-18T14:02:16,100.0,14.7,S
2021-06-18T14:02:09,5900.0,14.7,S
2021-06-18T14:02:07,500.0,14.7,S
2021-06-18T14:02:03,5000.0,14.7,S
2021-06-18T14:01:57,200.0,14.7,S
2021-06-18T14:01:40,1000.0,14.7,S
2021-06-18T14:01:35,600.0,14.7,S
2021-06-18T14:00:52,200.0,14.7,S
2021-06-18T14:00:28,800.0,14.7,S
2021-06-18T13:59:59,100.0,14.7,S
2021-06-18T13:59:28,500.0,14.7,S
2021-06-18T13:59:22,3000.0,14.7,S
2021-06-18T13:59:17,1500.0,14.7,S
2021-06-18T13:59:09,100.0,14.7,S
2021-06-18T13:58:53,35000.0,14.7,S
2021-06-18T13:58:43,200.0,14.7,S
2021-06-18T13:58:37,1000.0,14.7,S
2021-06-18T13:58:10,1000.0,14.7,S
2021-06-18T13:57:57,500.0,14.7,S
2021-06-18T13:57:47,800.0,14.7,S
2021-06-18T13:57:37,2000.0,14.7,S
2021-06-18T13:57:27,4000.0,14.8,B
2021-06-18T13:57:06,500.0,14.8,B
2021-06-18T13:56:40,1000.0,14.8,B
2021-06-18T13:55:47,3000.0,14.7,S
2021-06-18T13:55:39,300.0,14.8,B
2021-06-18T13:55:21,500.0,14.8,B
2021-06-18T13:55:19,5000.0,14.8,B
2021-06-18T13:54:58,300.0,14.8,B
2021-06-18T13:54:16,15000.0,14.8,B
2021-06-18T13:53:54,200.0,14.8,B
2021-06-18T13:53:23,10600.0,14.7,S
2021-06-18T13:53:01,400.0,14.8,B
2021-06-18T13:52:39,200.0,14.8,B
2021-06-18T13:52:38,500.0,14.7,S
2021-06-18T13:52:19,1000.0,14.7,S
2021-06-18T13:52:03,200.0,14.7,S
2021-06-18T13:51:16,1800.0,14.7,S
2021-06-18T13:51:02,1500.0,14.7,S
2021-06-18T13:50:52,2000.0,14.7,S
2021-06-18T13:50:37,500.0,14.7,S
2021-06-18T13:50:31,100.0,14.7,S
2021-06-18T13:50:22,400.0,14.7,S
2021-06-18T13:49:57,100.0,14.7,S
2021-06-18T13:49:55,500.0,14.8,B
2021-06-18T13:49:51,1300.0,14.7,S
2021-06-18T13:49:22,100.0,14.7,S
2021-06-18T13:49:00,300.0,14.7,S
2021-06-18T13:48:54,300.0,14.7,S
2021-06-18T13:48:49,2900.0,14.7,S
2021-06-18T13:48:08,500.0,14.8,B
2021-06-18T13:47:46,100.0,14.8,B
2021-06-18T13:47:37,500.0,14.7,S
2021-06-18T13:47:32,100.0,14.7,S
2021-06-18T13:47:07,2800.0,14.7,S
2021-06-18T13:47:04,500.0,14.7,S
2021-06-18T13:47:00,200.0,14.7,S
2021-06-18T13:46:57,6800.0,14.7,S
2021-06-18T13:46:54,500.0,14.7,S
2021-06-18T13:46:46,600.0,14.7,S
2021-06-18T13:46:08,500.0,14.7,S
2021-06-18T13:45:37,200.0,14.7,S
2021-06-18T13:45:36,100.0,14.8,B
2021-06-18T13:45:02,1000.0,14.8,B
2021-06-18T13:44:57,1000.0,14.8,B
2021-06-18T13:44:56,3000.0,14.8,B
2021-06-18T13:44:37,1000.0,14.8,B
2021-06-18T13:44:04,200.0,14.8,B
2021-06-18T13:43:59,100.0,14.8,B
2021-06-18T13:42:52,1000.0,14.8,B
2021-06-18T13:42:45,100.0,14.8,B
2021-06-18T13:42:38,3600.0,14.8,B
2021-06-18T13:42:09,500.0,14.8,B
2021-06-18T13:41:27,300.0,14.8,B
2021-06-18T13:40:58,1000.0,14.8,B
2021-06-18T13:40:52,1000.0,14.7,S
2021-06-18T13:40:33,100.0,14.7,S
2021-06-18T13:40:32,7000.0,14.7,S
2021-06-18T13:40:28,200.0,14.7,S
2021-06-18T13:40:23,1000.0,14.7,S
2021-06-18T13:40:08,2000.0,14.7,S
2021-06-18T13:39:45,100.0,14.7,S
2021-06-18T13:39:36,200.0,14.7,S
2021-06-18T13:38:35,3000.0,14.7,S
2021-06-18T13:38:23,3800.0,14.7,S
2021-06-18T13:37:43,100.0,14.7,S
2021-06-18T13:37:11,100.0,14.7,S
2021-06-18T13:36:40,400.0,14.7,S
2021-06-18T13:36:31,6500.0,14.7,S
2021-06-18T13:36:06,500.0,14.7,S
2021-06-18T13:35:52,300.0,14.7,S
2021-06-18T13:35:47,300.0,14.7,S
2021-06-18T13:35:45,700.0,14.7,S
2021-06-18T13:35:32,100.0,14.7,S
2021-06-18T13:35:06,500.0,14.7,S
2021-06-18T13:34:35,400.0,14.8,B
2021-06-18T13:34:24,2000.0,14.8,B
2021-06-18T13:33:39,4500.0,14.8,B
2021-06-18T13:33:17,500.0,14.8,B
2021-06-18T13:32:47,1000.0,14.8,B
2021-06-18T13:32:39,500.0,14.7,S
2021-06-18T13:32:06,1000.0,14.8,B
2021-06-18T13:31:27,100.0,14.7,S
2021-06-18T13:30:36,5000.0,14.7,S
2021-06-18T13:29:44,500.0,14.8,B
2021-06-18T13:29:41,200.0,14.7,S
2021-06-18T13:29:29,1500.0,14.7,S
2021-06-18T13:29:07,100.0,14.8,B
2021-06-18T13:28:24,200.0,14.8,B
2021-06-18T13:28:07,800.0,14.8,B
2021-06-18T13:27:45,200.0,14.7,S
2021-06-18T13:27:30,500.0,14.7,S
2021-06-18T13:27:00,500.0,14.7,S
2021-06-18T13:26:56,1000.0,14.7,S
2021-06-18T13:26:28,8000.0,14.7,S
2021-06-18T13:25:09,100.0,14.7,S
2021-06-18T13:24:55,400.0,14.7,S
2021-06-18T13:24:52,5000.0,14.7,S
2021-06-18T13:24:21,100.0,14.8,B
2021-06-18T13:23:44,800.0,14.8,B
2021-06-18T13:23:37,10000.0,14.7,S
2021-06-18T13:23:08,100.0,14.7,S
2021-06-18T13:22:30,800.0,14.8,B
2021-06-18T13:21:38,2100.0,14.8,B
2021-06-18T13:20:46,800.0,14.8,B
2021-06-18T13:19:37,2000.0,14.8,B
2021-06-18T13:19:31,5300.0,14.7,S
2021-06-18T13:19:08,200.0,14.8,B
2021-06-18T13:19:04,100.0,14.8,B
2021-06-18T13:18:55,100.0,14.8,B
2021-06-18T13:18:43,100.0,14.8,B
2021-06-18T13:18:42,2100.0,14.8,B
2021-06-18T13:17:55,200.0,14.8,B
2021-06-18T13:17:30,1000.0,14.7,S
2021-06-18T13:17:27,500.0,14.7,S
2021-06-18T13:17:18,500.0,14.7,S
2021-06-18T13:16:58,8900.0,14.7,B
2021-06-18T13:16:54,2600.0,14.7,B
2021-06-18T13:16:32,200.0,14.7,B
2021-06-18T13:16:27,20000.0,14.7,B
2021-06-18T13:16:19,200.0,14.7,B
2021-06-18T13:16:07,700.0,14.7,B
2021-06-18T13:15:43,1000.0,14.7,B
2021-06-18T13:15:15,5000.0,14.7,B
2021-06-18T13:15:07,200.0,14.6,S
2021-06-18T13:14:56,100.0,14.7,B
2021-06-18T13:14:32,500.0,14.7,B
2021-06-18T13:14:05,100.0,14.7,B
2021-06-18T13:13:50,2300.0,14.7,B
2021-06-18T13:13:19,600.0,14.6,S
2021-06-18T13:13:12,3800.0,14.7,B
2021-06-18T13:12:55,40000.0,14.7,B
2021-06-18T13:12:45,300.0,14.7,B
2021-06-18T13:12:30,200.0,14.7,B
2021-06-18T13:12:08,1200.0,14.7,B
2021-06-18T13:12:06,2000.0,14.7,B
2021-06-18T13:11:48,300.0,14.6,S
2021-06-18T13:11:44,4000.0,14.7,B
2021-06-18T13:11:34,100.0,14.7,B
2021-06-18T13:10:27,100.0,14.7,B
2021-06-18T13:10:15,10000.0,14.7,B
2021-06-18T13:09:58,1000.0,14.6,S
2021-06-18T13:08:47,3000.0,14.7,B
2021-06-18T13:08:27,100.0,14.7,B
2021-06-18T13:08:09,100.0,14.7,B
2021-06-18T13:07:34,100.0,14.7,B
2021-06-18T13:07:31,1000.0,14.7,B
2021-06-18T13:07:28,3000.0,14.7,B
2021-06-18T13:07:00,2000.0,14.7,B
2021-06-18T13:06:43,1000.0,14.7,B
2021-06-18T13:06:39,2000.0,14.7,B
2021-06-18T13:06:34,8400.0,14.6,S
2021-06-18T13:06:26,2000.0,14.7,B
2021-06-18T13:06:05,1000.0,14.7,B
2021-06-18T13:05:23,500.0,14.7,B
2021-06-18T13:05:17,1000.0,14.7,B
2021-06-18T13:05:02,800.0,14.6,S
2021-06-18T13:04:28,500.0,14.7,B
2021-06-18T13:04:22,100.0,14.7,B
2021-06-18T13:04:06,1000.0,14.7,B
2021-06-18T13:03:54,1000.0,14.7,B
2021-06-18T13:03:48,500.0,14.7,B
2021-06-18T13:03:38,400.0,14.7,B
2021-06-18T13:03:30,100.0,14.7,S
2021-06-18T13:03:14,2000.0,14.7,B
2021-06-18T13:03:06,1000.0,14.7,B
2021-06-18T13:02:59,200.0,14.7,B
2021-06-18T13:02:44,400.0,14.7,B
2021-06-18T13:02:42,100.0,14.7,B
2021-06-18T13:02:39,2000.0,14.7,B
2021-06-18T13:02:19,1000.0,14.7,B
2021-06-18T13:02:14,5000.0,14.7,B
2021-06-18T13:02:00,300.0,14.7,B
2021-06-18T13:01:49,3000.0,14.7,B
2021-06-18T13:01:34,3000.0,14.7,B
2021-06-18T13:01:31,400.0,14.7,B
2021-06-18T13:01:09,200.0,14.7,B
2021-06-18T13:00:55,3000.0,14.7,B
2021-06-18T13:00:55,200.0,14.7,B
2021-06-18T13:00:39,2000.0,14.7,B
2021-06-18T13:00:27,200.0,14.7,B
2021-06-18T13:00:26,500.0,14.7,B
2021-06-18T13:00:21,1000.0,14.7,B
2021-06-18T13:00:21,3000.0,14.7,B
2021-06-18T13:00:19,100.0,14.6,S
2021-06-18T13:00:19,700.0,14.6,S
2021-06-18T13:00:19,1000.0,14.7,B
2021-06-18T11:25:31,200.0,14.6,S
2021-06-18T11:25:20,1000.0,14.6,S
2021-06-18T11:23:25,400.0,14.6,S
2021-06-18T11:23:07,400.0,14.6,S
2021-06-18T11:22:23,300.0,14.7,B
2021-06-18T11:22:11,500.0,14.7,B
2021-06-18T11:21:56,1000.0,14.7,B
2021-06-18T11:18:44,100.0,14.7,B
2021-06-18T11:17:33,200.0,14.7,B
2021-06-18T11:17:09,400.0,14.7,B
2021-06-18T11:15:11,500.0,14.7,B
2021-06-18T11:14:34,1300.0,14.7,B
2021-06-18T11:14:13,5000.0,14.7,B
2021-06-18T11:13:50,5000.0,14.7,B
2021-06-18T11:13:45,200.0,14.7,B
2021-06-18T11:13:33,1000.0,14.7,B
2021-06-18T11:13:15,100.0,14.7,B
2021-06-18T11:12:37,5000.0,14.7,B
2021-06-18T11:12:36,500.0,14.7,B
2021-06-18T11:12:11,900.0,14.7,B
2021-06-18T11:12:06,100.0,14.7,B
2021-06-18T11:11:33,3200.0,14.7,S
2021-06-18T11:11:29,1800.0,14.7,B
2021-06-18T11:11:19,300.0,14.7,B
2021-06-18T11:11:13,700.0,14.7,B
2021-06-18T11:11:02,200.0,14.7,B
2021-06-18T11:10:56,10000.0,14.7,B
2021-06-18T11:10:45,10000.0,14.7,B
2021-06-18T11:10:20,3000.0,14.7,B
2021-06-18T11:10:05,100.0,14.7,B
2021-06-18T11:09:50,1000.0,14.7,B
2021-06-18T11:09:45,100.0,14.7,B
2021-06-18T11:09:14,100.0,14.7,B
2021-06-18T11:09:11,300.0,14.7,B
2021-06-18T11:08:39,100.0,14.7,B
2021-06-18T11:08:21,1000.0,14.7,B
2021-06-18T11:08:19,200.0,14.7,B
2021-06-18T11:07:31,10000.0,14.7,B
2021-06-18T11:07:26,1000.0,14.6,S
2021-06-18T11:05:52,100.0,14.6,S
2021-06-18T11:05:09,100.0,14.6,S
2021-06-18T11:05:01,400.0,14.7,B
2021-06-18T11:04:53,2000.0,14.7,B
2021-06-18T11:04:48,100.0,14.7,B
2021-06-18T11:04:27,500.0,14.7,B
2021-06-18T11:04:10,5000.0,14.7,B
2021-06-18T11:04:04,300.0,14.6,S
2021-06-18T11:03:28,2500.0,14.6,S
2021-06-18T11:02:01,2000.0,14.7,B
2021-06-18T11:01:41,300.0,14.7,B
2021-06-18T11:01:33,200.0,14.7,B
2021-06-18T11:01:10,200.0,14.7,B
2021-06-18T11:00:38,200.0,14.6,S
2021-06-18T11:00:27,2000.0,14.7,B
2021-06-18T11:00:07,10700.0,14.7,S
2021-06-18T10:59:54,6200.0,14.7,S
2021-06-18T10:59:26,3000.0,14.7,S
2021-06-18T10:59:12,100.0,14.7,S
2021-06-18T10:59:07,500.0,14.7,S
2021-06-18T10:57:57,400.0,14.7,S
2021-06-18T10:57:12,5000.0,14.7,S
2021-06-18T10:57:11,2000.0,14.7,S
2021-06-18T10:56:50,5200.0,14.7,S
2021-06-18T10:56:47,3000.0,14.8,B
2021-06-18T10:56:30,1000.0,14.7,S
2021-06-18T10:56:22,100.0,14.7,S
2021-06-18T10:55:46,1300.0,14.7,S
2021-06-18T10:55:43,100.0,14.8,B
2021-06-18T10:55:27,4000.0,14.7,S
2021-06-18T10:55:25,500.0,14.7,S
2021-06-18T10:55:04,200.0,14.7,S
2021-06-18T10:54:56,1000.0,14.7,S
2021-06-18T10:54:41,3000.0,14.7,S
2021-06-18T10:53:56,200.0,14.8,B
2021-06-18T10:53:45,1000.0,14.7,S
2021-06-18T10:53:33,5000.0,14.7,S
2021-06-18T10:53:14,5000.0,14.7,S
2021-06-18T10:52:59,100.0,14.7,S
2021-06-18T10:52:52,2600.0,14.7,B
2021-06-18T10:52:48,2400.0,14.7,S
2021-06-18T10:52:31,20000.0,14.7,S
2021-06-18T10:52:07,10000.0,14.7,S
2021-06-18T10:52:02,5000.0,14.7,S
2021-06-18T10:51:25,1000.0,14.7,S
2021-06-18T10:51:17,11900.0,14.8,B
2021-06-18T10:50:49,1000.0,14.7,S
2021-06-18T10:50:15,16000.0,14.7,S
2021-06-18T10:49:52,2000.0,14.7,S
2021-06-18T10:48:56,2100.0,14.8,B
2021-06-18T10:48:53,100.0,14.7,S
2021-06-18T10:48:41,2200.0,14.7,S
2021-06-18T10:48:41,2000.0,14.7,S
2021-06-18T10:48:36,400.0,14.7,S
2021-06-18T10:47:30,3000.0,14.7,S
2021-06-18T10:47:03,700.0,14.7,S
2021-06-18T10:47:02,1000.0,14.7,S
2021-06-18T10:46:39,200.0,14.7,S
2021-06-18T10:46:22,8000.0,14.7,S
2021-06-18T10:46:19,5000.0,14.7,S
2021-06-18T10:46:10,1000.0,14.7,S
2021-06-18T10:46:06,10000.0,14.7,S
2021-06-18T10:46:03,5000.0,14.7,S
2021-06-18T10:45:54,200.0,14.7,S
2021-06-18T10:45:42,1500.0,14.7,S
2021-06-18T10:45:30,2000.0,14.7,S
2021-06-18T10:45:29,3000.0,14.7,S
2021-06-18T10:45:20,2300.0,14.7,S
2021-06-18T10:45:09,400.0,14.7,S
2021-06-18T10:45:05,5000.0,14.7,S
2021-06-18T10:44:50,1000.0,14.7,S
2021-06-18T10:44:37,3300.0,14.7,S
2021-06-18T10:44:09,5000.0,14.7,S
2021-06-18T10:41:21,30000.0,14.7,S
2021-06-18T10:41:12,1000.0,14.7,S
2021-06-18T10:40:23,1700.0,14.8,B
2021-06-18T10:39:42,1000.0,14.7,S
2021-06-18T10:39:23,1000.0,14.7,S
2021-06-18T10:39:06,5000.0,14.7,S
2021-06-18T10:38:36,1000.0,14.7,S
2021-06-18T10:38:20,500.0,14.8,B
2021-06-18T10:38:12,1000.0,14.8,B
2021-06-18T10:38:05,1000.0,14.8,B
2021-06-18T10:38:00,1000.0,14.8,B
2021-06-18T10:37:18,200.0,14.8,B
2021-06-18T10:36:37,1300.0,14.8,B
2021-06-18T10:36:32,100.0,14.7,S
2021-06-18T10:36:07,2000.0,14.7,S
2021-06-18T10:35:30,22500.0,14.7,S
2021-06-18T10:35:26,1000.0,14.7,S
2021-06-18T10:35:00,100.0,14.7,S
2021-06-18T10:34:39,2000.0,14.7,S
2021-06-18T10:34:35,100.0,14.7,S
2021-06-18T10:34:35,5000.0,14.8,B
2021-06-18T10:34:23,1000.0,14.7,S
2021-06-18T10:34:21,7000.0,14.8,B
2021-06-18T10:34:11,200.0,14.7,S
2021-06-18T10:34:02,100.0,14.7,S
2021-06-18T10:33:38,1000.0,14.7,S
2021-06-18T10:33:20,2000.0,14.7,S
2021-06-18T10:32:50,100.0,14.8,B
2021-06-18T10:32:49,1000.0,14.7,S
2021-06-18T10:31:21,300.0,14.7,S
2021-06-18T10:31:01,2000.0,14.7,S
2021-06-18T10:30:59,500.0,14.8,B
2021-06-18T10:30:28,100.0,14.7,S
2021-06-18T10:30:11,5000.0,14.7,S
2021-06-18T10:29:49,1000.0,14.7,S
2021-06-18T10:29:38,100.0,14.7,S
2021-06-18T10:29:36,2000.0,14.8,B
2021-06-18T10:29:11,2000.0,14.7,S
2021-06-18T10:28:42,1000.0,14.7,S
2021-06-18T10:28:36,6000.0,14.7,S
2021-06-18T10:28:29,3700.0,14.8,B
2021-06-18T10:27:56,1300.0,14.7,S
2021-06-18T10:27:34,200.0,14.8,B
2021-06-18T10:27:29,2000.0,14.8,B
2021-06-18T10:26:58,1000.0,14.8,B
2021-06-18T10:26:51,200.0,14.8,B
2021-06-18T10:26:42,100.0,14.8,B
2021-06-18T10:26:14,500.0,14.8,B
2021-06-18T10:26:05,500.0,14.8,B
2021-06-18T10:25:50,1000.0,14.8,B
2021-06-18T10:25:38,1200.0,14.8,B
2021-06-18T10:25:25,3000.0,14.8,B
2021-06-18T10:25:09,1000.0,14.8,B
2021-06-18T10:25:08,500.0,14.7,B
2021-06-18T10:24:59,2000.0,14.7,B
2021-06-18T10:24:31,1000.0,14.7,B
2021-06-18T10:24:25,500.0,14.7,B
2021-06-18T10:24:11,6000.0,14.7,B
2021-06-18T10:23:27,300.0,14.7,B
2021-06-18T10:23:01,1000.0,14.7,B
2021-06-18T10:22:46,11000.0,14.7,S
2021-06-18T10:22:07,100.0,14.7,S
2021-06-18T10:22:07,500.0,14.7,S
2021-06-18T10:22:04,500.0,14.8,B
2021-06-18T10:21:48,50000.0,14.7,S
2021-06-18T10:21:46,1000.0,14.7,S
2021-06-18T10:21:39,100.0,14.7,S
2021-06-18T10:21:12,200.0,14.7,S
2021-06-18T10:21:10,1500.0,14.7,S
2021-06-18T10:21:05,100.0,14.7,S
2021-06-18T10:20:45,600.0,14.7,S
2021-06-18T10:20:43,100.0,14.8,B
2021-06-18T10:20:21,3000.0,14.7,S
2021-06-18T10:19:54,1000.0,14.7,S
2021-06-18T10:18:56,1100.0,14.7,S
2021-06-18T10:18:56,10000.0,14.7,S
2021-06-18T10:18:13,5000.0,14.7,S
2021-06-18T10:17:58,9500.0,14.7,S
2021-06-18T10:17:51,24000.0,14.7,S
2021-06-18T10:17:36,2000.0,14.7,S
2021-06-18T10:17:29,200.0,14.7,S
2021-06-18T10:17:10,26000.0,14.7,S
2021-06-18T10:16:27,10000.0,14.7,S
2021-06-18T10:16:14,100.0,14.7,S
2021-06-18T10:16:06,400.0,14.7,S
2021-06-18T10:15:52,700.0,14.7,S
2021-06-18T10:15:40,200.0,14.7,S
2021-06-18T10:15:38,500.0,14.8,B
2021-06-18T10:15:10,800.0,14.8,B
2021-06-18T10:14:00,3000.0,14.8,B
2021-06-18T10:13:28,3000.0,14.7,S
2021-06-18T10:13:22,2000.0,14.7,S
2021-06-18T10:13:10,600.0,14.8,B
2021-06-18T10:12:58,3000.0,14.8,B
2021-06-18T10:12:36,500.0,14.8,B
2021-06-18T10:12:33,2100.0,14.8,B
2021-06-18T10:12:21,1000.0,14.8,B
2021-06-18T10:12:19,200.0,14.7,S
2021-06-18T10:12:04,2000.0,14.8,B
2021-06-18T10:12:02,100.0,14.8,B
2021-06-18T10:11:59,1800.0,14.8,B
2021-06-18T10:11:55,400.0,14.8,B
2021-06-18T10:11:53,5400.0,14.8,B
2021-06-18T10:11:32,300.0,14.8,B
2021-06-18T10:11:27,1000.0,14.7,S
2021-06-18T10:11:10,2000.0,14.8,B
2021-06-18T10:10:42,500.0,14.8,B
2021-06-18T10:10:22,1000.0,14.8,B
2021-06-18T10:10:17,200.0,14.8,B
2021-06-18T10:10:16,500.0,14.8,B
2021-06-18T10:10:16,3500.0,14.8,B
2021-06-18T10:10:15,300.0,14.8,B
2021-06-18T10:10:04,18900.0,14.8,B
2021-06-18T10:09:54,500.0,14.8,B
2021-06-18T10:09:44,1000.0,14.8,B
2021-06-18T10:09:42,1000.0,14.8,B
2021-06-18T10:09:35,1000.0,14.8,B
2021-06-18T10:09:32,600.0,14.8,B
2021-06-18T10:09:21,200.0,14.8,B
2021-06-18T10:09:04,200.0,14.8,B
2021-06-18T10:08:40,100.0,14.8,B
2021-06-18T10:08:37,1000.0,14.8,B
2021-06-18T10:08:24,10000.0,14.8,B
2021-06-18T10:08:16,600.0,14.8,B
2021-06-18T10:07:49,3400.0,14.8,B
2021-06-18T10:07:36,1500.0,14.8,B
2021-06-18T10:07:22,2000.0,14.8,B
2021-06-18T10:07:07,3000.0,14.8,B
2021-06-18T10:06:32,400.0,14.7,S
2021-06-18T10:06:00,1000.0,14.8,B
2021-06-18T10:05:47,200.0,14.8,B
2021-06-18T10:04:56,2000.0,14.8,B
2021-06-18T10:04:48,2000.0,14.7,S
2021-06-18T10:04:28,600.0,14.8,B
2021-06-18T10:04:11,5000.0,14.8,B
2021-06-18T10:04:07,100.0,14.7,S
2021-06-18T10:03:44,300.0,14.8,B
2021-06-18T10:03:41,500.0,14.8,B
2021-06-18T10:03:37,3400.0,14.8,B
2021-06-18T10:03:33,15000.0,14.7,S
2021-06-18T10:03:28,500.0,14.8,B
2021-06-18T10:03:26,2000.0,14.8,B
2021-06-18T10:03:20,400.0,14.8,B
2021-06-18T10:03:17,5000.0,14.8,B
2021-06-18T10:03:00,600.0,14.8,B
2021-06-18T10:02:54,1000.0,14.8,B
2021-06-18T10:02:50,200.0,14.8,B
2021-06-18T10:02:42,200.0,14.8,B
2021-06-18T10:02:41,300.0,14.8,B
2021-06-18T10:02:36,200.0,14.8,B
2021-06-18T10:02:19,2000.0,14.8,B
2021-06-18T10:02:16,300.0,14.8,B
2021-06-18T10:02:14,1000.0,14.8,B
2021-06-18T10:02:10,3000.0,14.8,B
2021-06-18T10:02:09,1000.0,14.7,S
2021-06-18T10:02:07,10200.0,14.8,B
2021-06-18T10:01:55,8800.0,14.8,B
2021-06-18T10:01:43,300.0,14.8,B
2021-06-18T10:01:34,500.0,14.8,B
2021-06-18T10:01:33,500.0,14.8,B
2021-06-18T10:00:49,500.0,14.8,B
2021-06-18T10:00:43,100.0,14.8,B
2021-06-18T10:00:43,300.0,14.8,B
2021-06-18T10:00:38,3000.0,14.8,B
2021-06-18T10:00:27,22900.0,14.8,B
2021-06-18T10:00:15,2000.0,14.8,B
2021-06-18T10:00:10,10000.0,14.8,B
2021-06-18T09:59:14,300.0,14.8,B
2021-06-18T09:59:10,5000.0,14.8,B
2021-06-18T09:59:08,500.0,14.8,B
2021-06-18T09:59:04,5000.0,14.8,B
2021-06-18T09:58:40,300.0,14.8,B
2021-06-18T09:58:32,500.0,14.8,B
2021-06-18T09:58:31,300.0,14.8,B
2021-06-18T09:57:15,2000.0,14.8,B
2021-06-18T09:56:37,1000.0,14.8,B
2021-06-18T09:56:17,3800.0,14.8,B
2021-06-18T09:56:14,200.0,14.8,B
2021-06-18T09:55:36,1000.0,14.8,B
2021-06-18T09:55:35,2000.0,14.8,B
2021-06-18T09:55:28,2000.0,14.8,B
2021-06-18T09:55:27,500.0,14.8,B
2021-06-18T09:55:19,500.0,14.8,B
2021-06-18T09:55:15,5000.0,14.8,B
2021-06-18T09:55:13,200.0,14.8,B
2021-06-18T09:55:04,300.0,14.8,B
2021-06-18T09:55:00,5500.0,14.8,B
2021-06-18T09:54:59,800.0,14.8,B
2021-06-18T09:54:57,10000.0,14.8,B
2021-06-18T09:54:55,1000.0,14.8,B
2021-06-18T09:54:50,15000.0,14.8,B
2021-06-18T09:54:42,700.0,14.8,B
2021-06-18T09:54:39,700.0,14.8,B
2021-06-18T09:54:38,900.0,14.8,B
2021-06-18T09:54:28,900.0,14.8,B
2021-06-18T09:54:08,2000.0,14.8,B
2021-06-18T09:53:58,500.0,14.7,S
2021-06-18T09:53:48,100.0,14.8,B
2021-06-18T09:53:39,700.0,14.7,S
2021-06-18T09:53:36,17500.0,14.7,S
2021-06-18T09:53:33,500.0,14.7,S
2021-06-18T09:53:21,900.0,14.7,S
2021-06-18T09:53:06,100.0,14.7,S
2021-06-18T09:52:53,5000.0,14.8,B
2021-06-18T09:52:48,500.0,14.8,B
2021-06-18T09:52:36,30000.0,14.8,B
2021-06-18T09:52:08,300.0,14.7,S
2021-06-18T09:51:45,2000.0,14.8,B
2021-06-18T09:51:02,9000.0,14.8,B
2021-06-18T09:50:36,900.0,14.8,B
2021-06-18T09:50:18,100.0,14.8,B
2021-06-18T09:49:46,7000.0,14.8,B
2021-06-18T09:48:19,500.0,14.7,S
2021-06-18T09:47:52,3700.0,14.7,S
2021-06-18T09:47:46,400.0,14.8,B
2021-06-18T09:47:27,200.0,14.8,B
2021-06-18T09:47:13,600.0,14.8,B
2021-06-18T09:46:41,3000.0,14.7,S
2021-06-18T09:46:35,2000.0,14.8,B
2021-06-18T09:45:55,10000.0,14.7,S
2021-06-18T09:45:19,4000.0,14.7,S
2021-06-18T09:44:45,500.0,14.7,S
2021-06-18T09:44:38,1100.0,14.7,S
2021-06-18T09:44:32,5000.0,14.7,S
2021-06-18T09:44:24,2800.0,14.7,B
2021-06-18T09:44:22,800.0,14.7,B
2021-06-18T09:44:06,1000.0,14.7,B
2021-06-18T09:44:01,700.0,14.7,B
2021-06-18T09:44:00,300.0,14.7,B
2021-06-18T09:43:58,200.0,14.7,B
2021-06-18T09:43:56,500.0,14.7,B
2021-06-18T09:43:52,200.0,14.7,B
2021-06-18T09:43:51,1000.0,14.7,B
2021-06-18T09:43:45,300.0,14.7,B
2021-06-18T09:43:37,300.0,14.7,B
2021-06-18T09:43:32,200.0,14.7,B
2021-06-18T09:43:30,10000.0,14.6,S
2021-06-18T09:43:29,900.0,14.7,B
2021-06-18T09:43:27,100.0,14.7,B
2021-06-18T09:43:21,200.0,14.7,B
2021-06-18T09:43:13,1500.0,14.7,B
2021-06-18T09:43:13,200.0,14.7,B
2021-06-18T09:43:11,600.0,14.7,B
2021-06-18T09:43:05,1000.0,14.7,B
2021-06-18T09:42:58,200.0,14.7,B
2021-06-18T09:42:58,1200.0,14.7,B
2021-06-18T09:42:50,2500.0,14.7,B
2021-06-18T09:42:45,1100.0,14.7,B
2021-06-18T09:42:43,100.0,14.7,B
2021-06-18T09:42:32,1000.0,14.7,B
2021-06-18T09:42:23,300.0,14.7,B
2021-06-18T09:42:23,500.0,14.7,B
2021-06-18T09:42:16,5000.0,14.7,B
2021-06-18T09:42:15,10200.0,14.7,B
2021-06-18T09:42:13,1500.0,14.7,B
2021-06-18T09:42:11,800.0,14.7,B
2021-06-18T09:42:09,300.0,14.7,B
2021-06-18T09:42:04,100.0,14.7,B
2021-06-18T09:41:59,300.0,14.7,B
2021-06-18T09:41:59,1000.0,14.7,B
2021-06-18T09:41:57,100.0,14.7,B
2021-06-18T09:41:37,2000.0,14.7,B
2021-06-18T09:41:33,1500.0,14.7,B
2021-06-18T09:41:27,1000.0,14.7,B
2021-06-18T09:41:24,1000.0,14.7,B
2021-06-18T09:41:19,1000.0,14.7,B
2021-06-18T09:41:04,2000.0,14.7,B
2021-06-18T09:40:38,500.0,14.7,B
2021-06-18T09:40:18,1000.0,14.7,B
2021-06-18T09:39:57,2500.0,14.7,B
2021-06-18T09:39:43,5000.0,14.6,S
2021-06-18T09:39:19,1000.0,14.7,B
2021-06-18T09:38:14,100.0,14.7,B
2021-06-18T09:37:19,100.0,14.7,B
2021-06-18T09:36:34,700.0,14.7,B
2021-06-18T09:36:30,200.0,14.7,B
2021-06-18T09:35:36,100.0,14.6,S
2021-06-18T09:35:28,700.0,14.6,S
2021-06-18T09:35:23,1000.0,14.6,S
2021-06-18T09:35:19,2000.0,14.6,S
2021-06-18T09:35:08,2000.0,14.6,S
2021-06-18T09:34:57,10000.0,14.6,S
2021-06-18T09:34:19,500.0,14.6,S
2021-06-18T09:34:06,200.0,14.7,B
2021-06-18T09:32:56,500.0,14.7,B
2021-06-18T09:32:13,500.0,14.7,B
2021-06-18T09:31:37,100.0,14.7,B
2021-06-18T09:30:59,700.0,14.7,B
2021-06-18T09:30:55,100.0,14.7,B
2021-06-18T09:30:48,38100.0,14.7,S
2021-06-18T09:30:47,1300.0,14.7,S
2021-06-18T09:30:43,7000.0,14.7,S
2021-06-18T09:30:34,3000.0,14.7,S
2021-06-18T09:30:33,100.0,14.7,S
2021-06-18T09:30:21,100.0,14.7,S
2021-06-18T09:30:20,500.0,14.7,S
2021-06-18T09:30:16,900.0,14.7,S
2021-06-18T09:30:16,1000.0,14.7,S
2021-06-18T09:30:11,200.0,14.7,S
2021-06-18T09:30:10,300.0,14.7,S
2021-06-18T09:29:52,3000.0,14.7,S
2021-06-18T09:29:28,14000.0,14.7,S
2021-06-18T09:29:26,1000.0,14.7,S
2021-06-18T09:28:44,5000.0,14.7,S
2021-06-18T09:28:38,200.0,14.7,S
2021-06-18T09:28:19,3000.0,14.7,S
2021-06-18T09:28:13,200.0,14.7,S
2021-06-18T09:28:12,1200.0,14.7,S
2021-06-18T09:27:57,2000.0,14.7,S
2021-06-18T09:27:57,1000.0,14.7,S
2021-06-18T09:27:41,600.0,14.7,S
2021-06-18T09:27:07,500.0,14.7,S
2021-06-18T09:26:36,300.0,14.7,S
2021-06-18T09:26:34,2000.0,14.8,B
2021-06-18T09:26:22,1000.0,14.8,B
2021-06-18T09:26:14,2000.0,14.8,B
2021-06-18T09:26:07,300.0,14.8,B
2021-06-18T09:25:25,1000.0,14.8,B
2021-06-18T09:25:23,200.0,14.8,B
2021-06-18T09:25:18,200.0,14.8,B
2021-06-18T09:24:58,3000.0,14.8,B
2021-06-18T09:24:53,1000.0,14.8,B
2021-06-18T09:24:43,500.0,14.8,B
2021-06-18T09:24:37,600.0,14.8,B
2021-06-18T09:24:35,1000.0,14.8,B
2021-06-18T09:24:27,1000.0,14.8,B
2021-06-18T09:24:23,1100.0,14.8,B
2021-06-18T09:24:19,300.0,14.8,B
2021-06-18T09:24:16,200.0,14.8,B
2021-06-18T09:24:05,2000.0,14.8,B
2021-06-18T09:23:58,10000.0,14.8,B
2021-06-18T09:23:40,6800.0,14.8,B
2021-06-18T09:23:18,5000.0,14.8,B
2021-06-18T09:23:14,300.0,14.8,B
2021-06-18T09:23:12,4000.0,14.8,B
2021-06-18T09:22:53,100.0,14.8,B
2021-06-18T09:22:49,10000.0,14.8,B
2021-06-18T09:22:47,5000.0,14.8,B
2021-06-18T09:22:45,200.0,14.8,B
2021-06-18T09:22:36,1900.0,14.8,B
2021-06-18T09:22:31,20000.0,14.8,B
2021-06-18T09:22:19,2000.0,14.8,B
2021-06-18T09:22:11,200.0,14.8,B
2021-06-18T09:22:00,100.0,14.8,B
2021-06-18T09:21:40,1000.0,14.8,B
2021-06-18T09:21:39,300.0,14.7,S
2021-06-18T09:21:20,100.0,14.8,B
2021-06-18T09:21:10,1600.0,14.8,B
2021-06-18T09:21:00,1000.0,14.8,B
2021-06-18T09:20:21,1300.0,14.7,S
2021-06-18T09:20:20,5500.0,14.8,B
2021-06-18T09:20:16,300.0,14.8,B
2021-06-18T09:20:07,2500.0,14.8,B
2021-06-18T09:19:33,500.0,14.8,B
2021-06-18T09:19:19,100.0,14.8,B
2021-06-18T09:19:16,7000.0,14.8,B
2021-06-18T09:18:55,600.0,14.8,B
2021-06-18T09:18:33,5000.0,14.8,B
2021-06-18T09:18:24,5000.0,14.8,B
2021-06-18T09:18:14,500.0,14.7,S
2021-06-18T09:17:57,100.0,14.8,B
2021-06-18T09:17:43,100.0,14.7,S
2021-06-18T09:17:26,800.0,14.8,B
2021-06-18T09:17:16,100.0,14.8,B
2021-06-18T09:17:09,1000.0,14.8,B
2021-06-18T09:17:00,1000.0,14.8,B
2021-06-18T09:16:55,2000.0,14.8,B
2021-06-18T09:16:53,800.0,14.8,B
2021-06-18T09:16:50,1500.0,14.8,B
2021-06-18T09:16:14,1000.0,14.8,B
2021-06-18T09:16:08,3000.0,14.7,S
2021-06-18T09:15:44,1000.0,14.7,S
2021-06-18T09:15:41,1000.0,14.8,B
2021-06-18T09:15:24,100.0,14.8,B
2021-06-18T09:15:09,400.0,14.7,S
2021-06-18T09:14:57,9200.0,14.7,B
2021-06-18T09:14:49,500.0,14.7,B
2021-06-18T09:14:44,10000.0,14.7,B
2021-06-18T09:14:29,1000.0,14.7,B
2021-06-18T09:14:28,3000.0,14.7,B
2021-06-18T09:14:26,500.0,14.7,B
2021-06-18T09:13:53,600.0,14.7,B
2021-06-18T09:13:49,1000.0,14.7,B
2021-06-18T09:13:36,100.0,14.7,B
2021-06-18T09:13:19,800.0,14.6,S
2021-06-18T09:13:11,100.0,14.7,B
2021-06-18T09:13:05,200.0,14.7,B
2021-06-18T09:12:53,20000.0,14.7,B
2021-06-18T09:12:51,100.0,14.7,B
2021-06-18T09:12:40,700.0,14.6,S
2021-06-18T09:12:29,500.0,14.7,B
2021-06-18T09:12:19,200.0,14.6,S
2021-06-18T09:12:12,3000.0,14.6,S
2021-06-18T09:11:28,1100.0,14.6,S
2021-06-18T09:11:04,4300.0,14.6,S
2021-06-18T09:11:04,300.0,14.6,S
2021-06-18T09:10:43,2000.0,14.6,S
2021-06-18T09:10:29,800.0,14.6,S
2021-06-18T09:10:11,3000.0,14.6,S
2021-06-18T09:09:49,7500.0,14.6,S
2021-06-18T09:09:38,1400.0,14.6,S
2021-06-18T09:09:19,2600.0,14.6,S
2021-06-18T09:09:15,100.0,14.6,B
2021-06-18T09:09:10,2200.0,14.5,S
2021-06-18T09:09:09,7100.0,14.6,B
2021-06-18T09:08:38,1000.0,14.6,S
2021-06-18T09:08:35,300.0,14.5,S
2021-06-18T09:08:33,600.0,14.6,B
2021-06-18T09:08:22,1000.0,14.6,B
2021-06-18T09:08:19,1600.0,14.6,B
2021-06-18T09:08:16,3000.0,14.6,B
2021-06-18T09:08:16,5000.0,14.6,B
2021-06-18T09:08:13,1000.0,14.6,B
2021-06-18T09:08:09,3000.0,14.6,B
2021-06-18T09:08:08,2000.0,14.6,B
2021-06-18T09:08:07,10000.0,14.6,B
2021-06-18T09:08:02,2000.0,14.6,B
2021-06-18T09:07:57,2000.0,14.6,B
2021-06-18T09:07:53,100.0,14.6,B
2021-06-18T09:07:51,1000.0,14.6,B
2021-06-18T09:07:43,1000.0,14.6,B
2021-06-18T09:07:41,200.0,14.6,B
2021-06-18T09:07:30,3000.0,14.6,B
2021-06-18T09:07:23,200.0,14.6,B
2021-06-18T09:07:09,5000.0,14.5,S
2021-06-18T09:07:08,2000.0,14.6,B
2021-06-18T09:07:01,200.0,14.6,B
2021-06-18T09:06:41,4000.0,14.6,B
2021-06-18T09:06:40,2000.0,14.5,S
2021-06-18T09:06:27,2800.0,14.6,B
2021-06-18T09:06:23,2000.0,14.6,B
2021-06-18T09:06:14,200.0,14.6,B
2021-06-18T09:06:13,500.0,14.6,B
2021-06-18T09:05:57,500.0,14.6,B
2021-06-18T09:05:49,100.0,14.6,B
2021-06-18T09:05:31,1000.0,14.6,B
2021-06-18T09:05:09,1000.0,14.5,S
2021-06-18T09:04:58,300.0,14.5,S
2021-06-18T09:04:53,500.0,14.6,B
2021-06-18T09:04:41,400.0,14.5,S
2021-06-18T09:04:40,100.0,14.6,B
2021-06-18T09:04:22,1200.0,14.6,B
2021-06-18T09:04:15,2000.0,14.5,S
2021-06-18T09:04:03,200.0,14.5,S
2021-06-18T09:03:52,6500.0,14.5,S
2021-06-18T09:03:42,3100.0,14.6,S
2021-06-18T09:03:37,100.0,14.6,S
2021-06-18T09:03:26,1100.0,14.6,S
2021-06-18T09:02:52,5000.0,14.6,S
2021-06-18T09:02:35,3600.0,14.7,B
2021-06-18T09:02:31,2000.0,14.6,S
2021-06-18T09:02:23,100.0,14.6,S
2021-06-18T09:02:20,500.0,14.6,S
2021-06-18T09:02:14,100.0,14.7,B
2021-06-18T09:02:01,500.0,14.7,B
2021-06-18T09:01:58,500.0,14.7,B
2021-06-18T09:01:35,1000.0,14.6,S
2021-06-18T09:01:35,300.0,14.6,S
2021-06-18T09:01:24,1000.0,14.7,B
2021-06-18T09:01:20,1000.0,14.6,S
2021-06-18T09:01:13,2000.0,14.6,S
2021-06-18T09:01:10,300.0,14.6,S
2021-06-18T09:00:57,700.0,14.8,B
2021-06-18T09:00:50,1500.0,14.8,B
2021-06-18T09:00:50,1500.0,14.8,B
2021-06-18T09:00:50,10000.0,14.8,B
2021-06-18T09:00:48,600.0,14.7,B
2021-06-18T09:00:46,100.0,14.7,B
2021-06-18T09:00:46,500.0,14.6,S
2021-06-18T09:00:42,900.0,14.7,B
2021-06-18T09:00:42,500.0,14.7,B
2021-06-18T09:00:42,1900.0,14.7,B
2021-06-18T09:00:38,500.0,14.7,B
2021-06-18T09:00:34,100.0,14.6,B
2021-06-18T09:00:32,2000.0,14.6,B
2021-06-18T09:00:32,200.0,14.6,B
2021-06-18T09:00:28,300.0,14.6,B
2021-06-18T09:00:26,200.0,14.6,B
2021-06-18T09:00:18,700.0,14.6,B
2021-06-18T09:00:18,300.0,14.6,B
2021-06-18T09:00:04,100.0,14.7,S
