tradingTime,volume,price,side
2021-06-18T14:44:38,10000.0,24.3,S
2021-06-18T14:38:27,100.0,24.4,B
2021-06-18T14:37:52,5000.0,24.4,B
2021-06-18T14:34:07,100.0,24.4,B
2021-06-18T14:31:03,2100.0,24.3,S
2021-06-18T14:26:32,300.0,24.4,B
2021-06-18T14:26:29,1000.0,24.3,S
2021-06-18T14:25:04,2100.0,24.3,S
2021-06-18T14:24:06,600.0,24.4,B
2021-06-18T14:22:09,200.0,24.4,B
2021-06-18T14:21:54,200.0,24.4,B
2021-06-18T14:20:31,500.0,24.4,B
2021-06-18T14:17:40,400.0,24.4,B
2021-06-18T14:16:06,1000.0,24.4,B
2021-06-18T14:15:35,300.0,24.4,B
2021-06-18T14:14:43,1000.0,24.3,S
2021-06-18T14:14:36,8000.0,24.3,S
2021-06-18T14:14:09,100.0,24.3,S
2021-06-18T14:09:28,100.0,24.3,S
2021-06-18T14:07:31,2000.0,24.3,S
2021-06-18T14:05:54,5000.0,24.3,S
2021-06-18T14:04:58,500.0,24.3,S
2021-06-18T14:03:29,3000.0,24.4,B
2021-06-18T14:03:25,100.0,24.3,S
2021-06-18T14:01:34,2000.0,24.3,S
2021-06-18T14:00:18,12000.0,24.3,S
2021-06-18T13:58:36,1000.0,24.3,S
2021-06-18T13:57:48,1200.0,24.4,B
2021-06-18T13:54:52,500.0,24.4,B
2021-06-18T13:54:04,300.0,24.4,B
2021-06-18T13:50:49,100.0,24.3,S
2021-06-18T13:48:57,6100.0,24.3,S
2021-06-18T13:48:17,2500.0,24.4,B
2021-06-18T13:48:05,1000.0,24.3,S
2021-06-18T13:47:23,100.0,24.4,B
2021-06-18T13:47:18,100.0,24.4,B
2021-06-18T13:46:00,200.0,24.4,B
2021-06-18T13:43:05,3200.0,24.4,S
2021-06-18T13:42:57,5000.0,24.4,S
2021-06-18T13:42:39,600.0,24.4,S
2021-06-18T13:42:10,1500.0,24.4,S
2021-06-18T13:42:02,2300.0,24.5,B
2021-06-18T13:39:33,2100.0,24.5,B
2021-06-18T13:37:52,3000.0,24.5,B
2021-06-18T13:37:00,7100.0,24.4,S
2021-06-18T13:33:28,1000.0,24.3,S
2021-06-18T13:32:39,300.0,24.3,S
2021-06-18T13:32:32,100.0,24.3,S
2021-06-18T13:31:51,500.0,24.3,S
2021-06-18T13:31:30,100.0,24.3,S
2021-06-18T13:30:27,1000.0,24.3,S
2021-06-18T13:26:38,500.0,24.3,S
2021-06-18T13:26:36,100.0,24.3,S
2021-06-18T13:25:56,1000.0,24.3,S
2021-06-18T13:24:49,100.0,24.4,B
2021-06-18T13:21:03,500.0,24.4,B
2021-06-18T13:17:28,400.0,24.3,S
2021-06-18T13:17:01,1300.0,24.4,B
2021-06-18T13:16:27,3800.0,24.3,S
2021-06-18T13:16:13,100.0,24.3,B
2021-06-18T13:14:34,900.0,24.3,B
2021-06-18T13:13:04,100.0,24.3,B
2021-06-18T13:10:32,300.0,24.3,B
2021-06-18T13:08:34,300.0,24.3,B
2021-06-18T13:07:53,7300.0,24.2,B
2021-06-18T13:05:50,2400.0,24.2,B
2021-06-18T13:05:36,100.0,24.1,S
2021-06-18T13:05:12,400.0,24.1,S
2021-06-18T13:04:30,200.0,24.2,B
2021-06-18T13:04:01,4000.0,24.2,B
2021-06-18T13:03:30,100.0,24.2,B
2021-06-18T13:02:23,100.0,24.2,B
2021-06-18T13:02:15,4000.0,24.2,B
2021-06-18T13:00:21,200.0,24.2,B
2021-06-18T11:28:25,500.0,24.2,B
2021-06-18T11:23:26,300.0,24.2,B
2021-06-18T11:23:12,200.0,24.2,B
2021-06-18T11:22:51,200.0,24.2,B
2021-06-18T11:22:25,6000.0,24.2,B
2021-06-18T11:21:43,200.0,24.2,B
2021-06-18T11:15:11,300.0,24.1,B
2021-06-18T11:14:48,100.0,24.1,B
2021-06-18T11:14:31,1000.0,24.1,B
2021-06-18T11:14:23,500.0,24.1,B
2021-06-18T11:14:21,2200.0,24.1,B
2021-06-18T11:13:56,1000.0,24.1,B
2021-06-18T11:13:04,10100.0,24.1,S
2021-06-18T11:12:31,1000.0,24.2,B
2021-06-18T11:09:32,3000.0,24.1,B
2021-06-18T11:09:08,4700.0,24.1,B
2021-06-18T11:07:38,500.0,24.0,S
2021-06-18T11:06:25,200.0,24.0,S
2021-06-18T11:05:23,1400.0,24.0,S
2021-06-18T11:04:12,2000.0,24.0,S
2021-06-18T11:03:53,6200.0,24.0,S
2021-06-18T11:03:43,100.0,24.1,B
2021-06-18T11:03:31,100.0,24.1,B
2021-06-18T11:03:19,200.0,24.1,B
2021-06-18T11:02:33,1000.0,24.1,S
2021-06-18T11:00:42,3200.0,24.1,B
2021-06-18T11:00:12,3000.0,24.1,B
2021-06-18T10:57:02,100.0,24.1,B
2021-06-18T10:56:51,1000.0,24.1,B
2021-06-18T10:56:36,100.0,24.1,B
2021-06-18T10:53:11,600.0,24.1,B
2021-06-18T10:52:46,100.0,24.1,B
2021-06-18T10:52:15,2400.0,24.2,B
2021-06-18T10:51:55,6700.0,24.1,B
2021-06-18T10:49:44,200.0,24.1,B
2021-06-18T10:48:57,13100.0,24.1,S
2021-06-18T10:47:58,1000.0,24.2,S
2021-06-18T10:44:33,1000.0,24.2,S
2021-06-18T10:42:31,10000.0,24.2,S
2021-06-18T10:37:48,200.0,24.3,B
2021-06-18T10:37:41,10000.0,24.2,S
2021-06-18T10:36:01,500.0,24.3,B
2021-06-18T10:34:46,1000.0,24.3,B
2021-06-18T10:34:32,100.0,24.3,B
2021-06-18T10:34:11,300.0,24.3,B
2021-06-18T10:33:16,200.0,24.3,B
2021-06-18T10:31:05,100.0,24.3,B
2021-06-18T10:29:19,300.0,24.3,B
2021-06-18T10:28:12,200.0,24.3,B
2021-06-18T10:28:10,2100.0,24.3,B
2021-06-18T10:27:38,300.0,24.3,B
2021-06-18T10:27:05,8500.0,24.3,B
2021-06-18T10:25:19,100.0,24.3,S
2021-06-18T10:25:14,1000.0,24.3,S
2021-06-18T10:25:02,7000.0,24.3,S
2021-06-18T10:23:53,700.0,24.4,S
2021-06-18T10:23:22,10700.0,24.4,S
2021-06-18T10:22:14,6000.0,24.4,B
2021-06-18T10:21:25,1000.0,24.3,S
2021-06-18T10:20:35,5900.0,24.3,S
2021-06-18T10:16:55,100.0,24.3,B
2021-06-18T10:16:18,3100.0,24.3,B
2021-06-18T10:15:27,5900.0,24.2,B
2021-06-18T10:15:15,1000.0,24.2,B
2021-06-18T10:15:04,14100.0,24.2,B
2021-06-18T10:14:52,4500.0,24.2,B
2021-06-18T10:14:46,100.0,24.2,B
2021-06-18T10:14:43,200.0,24.2,B
2021-06-18T10:14:19,6200.0,24.2,B
2021-06-18T10:14:17,100.0,24.2,B
2021-06-18T10:14:15,3200.0,24.2,S
2021-06-18T10:14:07,30000.0,24.2,S
2021-06-18T10:13:31,300.0,24.3,B
2021-06-18T10:12:55,4400.0,24.3,B
2021-06-18T10:11:03,700.0,24.2,S
2021-06-18T10:10:56,3000.0,24.3,B
2021-06-18T10:09:20,300.0,24.3,B
2021-06-18T10:08:10,200.0,24.3,B
2021-06-18T10:05:40,9300.0,24.3,S
2021-06-18T10:01:52,200.0,24.4,B
2021-06-18T10:01:18,800.0,24.4,B
2021-06-18T10:00:05,100.0,24.4,B
2021-06-18T09:59:49,1200.0,24.4,S
2021-06-18T09:59:37,100.0,24.4,S
2021-06-18T09:59:16,2200.0,24.4,S
2021-06-18T09:59:01,1000.0,24.4,B
2021-06-18T09:58:46,200.0,24.4,B
2021-06-18T09:58:44,1000.0,24.4,B
2021-06-18T09:58:36,300.0,24.4,B
2021-06-18T09:58:13,100.0,24.4,B
2021-06-18T09:57:42,1000.0,24.4,B
2021-06-18T09:57:21,100.0,24.4,B
2021-06-18T09:57:06,1100.0,24.4,B
2021-06-18T09:55:25,200.0,24.4,B
2021-06-18T09:55:02,300.0,24.4,B
2021-06-18T09:54:47,12000.0,24.4,B
2021-06-18T09:54:46,300.0,24.4,B
2021-06-18T09:54:04,2000.0,24.4,B
2021-06-18T09:54:02,300.0,24.4,B
2021-06-18T09:53:59,300.0,24.4,B
2021-06-18T09:53:53,3000.0,24.4,B
2021-06-18T09:53:50,200.0,24.4,B
2021-06-18T09:53:43,300.0,24.4,B
2021-06-18T09:53:38,4900.0,24.4,S
2021-06-18T09:53:04,5100.0,24.4,B
2021-06-18T09:52:38,5000.0,24.3,B
2021-06-18T09:52:31,200.0,24.3,B
2021-06-18T09:51:58,800.0,24.3,B
2021-06-18T09:51:57,300.0,24.3,B
2021-06-18T09:51:48,200.0,24.3,B
2021-06-18T09:51:43,100.0,24.3,B
2021-06-18T09:51:40,200.0,24.3,B
2021-06-18T09:50:58,2400.0,24.2,B
2021-06-18T09:50:48,300.0,24.2,B
2021-06-18T09:50:36,1000.0,24.2,B
2021-06-18T09:50:14,3100.0,24.2,B
2021-06-18T09:49:45,13200.0,24.2,S
2021-06-18T09:49:20,3200.0,24.3,S
2021-06-18T09:47:40,10000.0,24.3,S
2021-06-18T09:47:03,200.0,24.5,B
2021-06-18T09:46:59,500.0,24.5,B
2021-06-18T09:46:39,500.0,24.5,B
2021-06-18T09:46:30,5000.0,24.5,B
2021-06-18T09:46:20,100.0,24.5,B
2021-06-18T09:46:12,2000.0,24.5,B
2021-06-18T09:45:58,3000.0,24.4,S
2021-06-18T09:45:30,1200.0,24.4,B
2021-06-18T09:45:12,13800.0,24.4,S
2021-06-18T09:45:05,100.0,24.5,B
2021-06-18T09:44:46,800.0,24.5,B
2021-06-18T09:44:43,200.0,24.5,B
2021-06-18T09:44:40,200.0,24.5,B
2021-06-18T09:44:18,1500.0,24.5,B
2021-06-18T09:42:14,7700.0,24.4,B
2021-06-18T09:41:58,2600.0,24.4,S
2021-06-18T09:41:35,100.0,24.5,B
2021-06-18T09:41:05,100.0,24.5,B
2021-06-18T09:40:50,200.0,24.5,B
2021-06-18T09:40:49,500.0,24.5,B
2021-06-18T09:40:41,1000.0,24.5,B
2021-06-18T09:39:59,1000.0,24.5,B
2021-06-18T09:39:57,100.0,24.4,S
2021-06-18T09:38:55,2000.0,24.5,B
2021-06-18T09:37:01,100.0,24.5,B
2021-06-18T09:36:09,300.0,24.5,B
2021-06-18T09:35:36,5300.0,24.5,S
2021-06-18T09:35:36,200.0,24.6,B
2021-06-18T09:35:22,2700.0,24.6,S
2021-06-18T09:35:19,100.0,24.7,B
2021-06-18T09:35:07,12900.0,24.7,S
2021-06-18T09:34:57,7100.0,24.8,S
2021-06-18T09:34:34,300.0,24.8,S
2021-06-18T09:34:33,2900.0,24.9,S
2021-06-18T09:34:21,200.0,24.9,S
2021-06-18T09:34:00,500.0,24.9,S
2021-06-18T09:34:00,100.0,24.9,S
2021-06-18T09:33:59,3000.0,24.9,S
2021-06-18T09:33:08,300.0,24.9,S
2021-06-18T09:32:57,2000.0,25.0,B
2021-06-18T09:31:25,100.0,25.0,B
2021-06-18T09:30:29,400.0,25.0,B
2021-06-18T09:30:09,1000.0,25.0,B
2021-06-18T09:29:09,100.0,25.0,B
2021-06-18T09:28:59,400.0,25.0,B
2021-06-18T09:28:52,100.0,25.0,B
2021-06-18T09:25:32,1100.0,25.0,B
2021-06-18T09:24:34,4000.0,25.1,B
2021-06-18T09:23:40,2000.0,25.0,B
2021-06-18T09:23:33,300.0,25.0,B
2021-06-18T09:23:16,100.0,25.0,B
2021-06-18T09:22:40,200.0,25.0,B
2021-06-18T09:21:11,200.0,25.0,B
2021-06-18T09:19:03,1300.0,24.9,S
2021-06-18T09:19:01,2300.0,25.0,B
2021-06-18T09:17:36,100.0,25.0,B
2021-06-18T09:16:11,200.0,24.9,S
2021-06-18T09:14:29,1300.0,24.9,S
2021-06-18T09:14:25,4100.0,25.0,B
2021-06-18T09:14:21,500.0,25.0,B
2021-06-18T09:13:29,10000.0,25.1,B
2021-06-18T09:12:52,6100.0,24.9,B
2021-06-18T09:12:35,1000.0,24.9,B
2021-06-18T09:11:24,300.0,25.0,B
2021-06-18T09:11:10,5500.0,25.0,B
2021-06-18T09:10:59,1500.0,24.9,B
2021-06-18T09:10:19,2000.0,24.9,S
2021-06-18T09:09:39,200.0,24.9,S
2021-06-18T09:09:31,5000.0,25.0,B
2021-06-18T09:09:22,1800.0,25.0,B
2021-06-18T09:09:19,5100.0,25.0,B
2021-06-18T09:09:14,500.0,25.0,B
2021-06-18T09:09:10,1200.0,25.0,B
2021-06-18T09:09:07,1000.0,25.0,B
2021-06-18T09:09:04,4000.0,25.0,B
2021-06-18T09:08:50,9000.0,25.0,B
2021-06-18T09:08:16,500.0,25.0,B
2021-06-18T09:08:09,8000.0,25.0,B
2021-06-18T09:07:51,7400.0,25.0,B
2021-06-18T09:07:50,10000.0,25.0,B
2021-06-18T09:07:46,4000.0,25.0,B
2021-06-18T09:07:39,5900.0,25.0,B
2021-06-18T09:07:26,6000.0,25.0,B
2021-06-18T09:07:13,400.0,25.0,B
2021-06-18T09:07:00,1000.0,25.0,B
2021-06-18T09:06:48,50000.0,25.0,B
2021-06-18T09:06:35,20000.0,25.0,B
2021-06-18T09:06:33,3600.0,24.9,B
2021-06-18T09:06:19,1000.0,24.8,S
2021-06-18T09:05:59,10000.0,24.9,B
2021-06-18T09:05:43,200.0,24.8,B
2021-06-18T09:05:38,3600.0,24.8,B
2021-06-18T09:05:19,6200.0,24.7,B
2021-06-18T09:04:14,100.0,24.8,B
2021-06-18T09:03:50,1000.0,24.8,B
2021-06-18T09:03:38,6000.0,24.8,B
2021-06-18T09:03:15,2000.0,24.7,B
2021-06-18T09:03:01,10000.0,24.7,B
2021-06-18T09:02:14,100.0,24.6,B
2021-06-18T09:02:01,10000.0,24.6,B
2021-06-18T09:01:10,1000.0,24.5,B
2021-06-18T09:00:52,28000.0,24.3,S
2021-06-18T09:00:40,500.0,24.1,B
2021-06-18T09:00:24,6200.0,24.0,S
