tradingTime,volume,price,side
2021-06-18T14:29:59,2700.0,29.4,S
2021-06-18T14:29:44,2000.0,29.5,B
2021-06-18T14:28:56,100.0,29.5,B
2021-06-18T14:28:51,100.0,29.5,B
2021-06-18T14:28:29,1000.0,29.5,B
2021-06-18T14:28:27,100.0,29.4,S
2021-06-18T14:28:10,23400.0,29.4,S
2021-06-18T14:28:10,14000.0,29.4,S
2021-06-18T14:27:30,500.0,29.4,S
2021-06-18T14:27:20,1000.0,29.5,B
2021-06-18T14:27:17,1000.0,29.5,B
2021-06-18T14:27:07,100.0,29.5,B
2021-06-18T14:26:34,5000.0,29.5,B
2021-06-18T14:26:30,500.0,29.5,B
2021-06-18T14:26:05,1000.0,29.5,B
2021-06-18T14:26:05,100.0,29.5,B
2021-06-18T14:26:02,100.0,29.5,B
2021-06-18T14:25:58,100.0,29.5,B
2021-06-18T14:25:52,200.0,29.5,B
2021-06-18T14:25:49,5000.0,29.5,B
2021-06-18T14:25:43,500.0,29.5,B
2021-06-18T14:24:53,1000.0,29.5,B
2021-06-18T14:24:50,200.0,29.5,B
2021-06-18T14:24:33,200.0,29.5,B
2021-06-18T14:24:20,1000.0,29.5,B
2021-06-18T14:24:15,200.0,29.5,B
2021-06-18T14:23:53,500.0,29.5,B
2021-06-18T14:23:49,400.0,29.4,S
2021-06-18T14:22:40,5000.0,29.5,B
2021-06-18T14:22:19,2000.0,29.5,B
2021-06-18T14:22:15,500.0,29.4,S
2021-06-18T14:21:56,1000.0,29.4,S
2021-06-18T14:21:53,100.0,29.4,S
2021-06-18T14:21:49,300.0,29.4,S
2021-06-18T14:21:26,100.0,29.4,S
2021-06-18T14:20:42,400.0,29.4,S
2021-06-18T14:20:36,3500.0,29.4,S
2021-06-18T14:20:31,10000.0,29.4,S
2021-06-18T14:20:29,1000.0,29.5,B
2021-06-18T14:20:21,2000.0,29.4,S
2021-06-18T14:19:46,100.0,29.4,S
2021-06-18T14:19:28,1000.0,29.4,S
2021-06-18T14:19:22,5200.0,29.5,B
2021-06-18T14:18:24,500.0,29.5,B
2021-06-18T14:17:41,500.0,29.5,B
2021-06-18T14:17:20,10000.0,29.5,B
2021-06-18T14:17:12,1300.0,29.5,B
2021-06-18T14:17:09,400.0,29.5,S
2021-06-18T14:16:42,1800.0,29.5,S
2021-06-18T14:16:31,8200.0,29.5,S
2021-06-18T14:16:01,2900.0,29.5,B
2021-06-18T14:15:51,7100.0,29.5,S
2021-06-18T14:15:44,4300.0,29.5,S
2021-06-18T14:15:30,6400.0,29.6,B
2021-06-18T14:15:29,30000.0,29.5,S
2021-06-18T14:15:26,30000.0,29.5,S
2021-06-18T14:15:16,1000.0,29.6,B
2021-06-18T14:15:04,100.0,29.6,B
2021-06-18T14:15:02,100.0,29.6,B
2021-06-18T14:14:48,300.0,29.6,B
2021-06-18T14:14:35,500.0,29.6,B
2021-06-18T14:14:35,100.0,29.6,B
2021-06-18T14:14:20,300.0,29.6,B
2021-06-18T14:13:03,500.0,29.6,B
2021-06-18T14:12:20,400.0,29.6,B
2021-06-18T14:11:39,1000.0,29.5,S
2021-06-18T14:11:15,29500.0,29.5,B
2021-06-18T14:10:56,1000.0,29.5,B
2021-06-18T14:10:02,4000.0,29.5,B
2021-06-18T14:09:58,200.0,29.5,B
2021-06-18T14:09:18,100.0,29.5,B
2021-06-18T14:09:07,100.0,29.5,B
2021-06-18T14:09:01,100.0,29.5,B
2021-06-18T14:08:49,400.0,29.5,B
2021-06-18T14:08:03,200.0,29.5,B
2021-06-18T14:07:35,200.0,29.5,B
2021-06-18T14:07:01,1500.0,29.6,B
2021-06-18T14:06:50,2100.0,29.5,B
2021-06-18T14:06:49,1000.0,29.5,B
2021-06-18T14:06:47,100.0,29.5,B
2021-06-18T14:06:39,10000.0,29.6,B
2021-06-18T14:06:37,300.0,29.5,B
2021-06-18T14:06:37,400.0,29.5,B
2021-06-18T14:06:26,100.0,29.5,B
2021-06-18T14:06:26,100.0,29.5,B
2021-06-18T14:06:19,3000.0,29.5,B
2021-06-18T14:06:18,500.0,29.5,B
2021-06-18T14:06:13,500.0,29.5,B
2021-06-18T14:06:08,100.0,29.5,B
2021-06-18T14:06:01,3700.0,29.5,S
2021-06-18T14:05:55,2000.0,29.5,S
2021-06-18T14:05:41,3000.0,29.5,S
2021-06-18T14:05:40,200.0,29.5,S
2021-06-18T14:05:39,10000.0,29.5,S
2021-06-18T14:05:15,300.0,29.5,S
2021-06-18T14:04:58,500.0,29.6,B
2021-06-18T14:04:36,2000.0,29.6,B
2021-06-18T14:04:09,500.0,29.6,B
2021-06-18T14:04:07,2000.0,29.5,S
2021-06-18T14:03:57,1000.0,29.5,S
2021-06-18T14:03:42,100.0,29.5,S
2021-06-18T14:03:08,41100.0,29.5,B
2021-06-18T14:03:04,1400.0,29.4,S
2021-06-18T14:02:58,400.0,29.4,S
2021-06-18T14:02:45,1000.0,29.4,S
2021-06-18T14:02:37,2000.0,29.4,S
2021-06-18T14:02:20,300.0,29.4,S
2021-06-18T14:02:05,3000.0,29.4,S
2021-06-18T14:01:21,10000.0,29.4,S
2021-06-18T14:00:44,1000.0,29.4,S
2021-06-18T14:00:35,500.0,29.5,B
2021-06-18T14:00:33,100.0,29.5,B
2021-06-18T14:00:31,1000.0,29.5,B
2021-06-18T14:00:00,100.0,29.4,S
2021-06-18T13:59:56,2000.0,29.4,S
2021-06-18T13:59:43,2000.0,29.4,S
2021-06-18T13:58:41,1000.0,29.4,S
2021-06-18T13:58:08,1900.0,29.4,S
2021-06-18T13:57:27,500.0,29.4,S
2021-06-18T13:57:26,100.0,29.5,B
2021-06-18T13:57:21,500.0,29.5,B
2021-06-18T13:56:40,100.0,29.5,S
2021-06-18T13:56:36,500.0,29.5,S
2021-06-18T13:56:33,3000.0,29.5,S
2021-06-18T13:56:33,5000.0,29.5,S
2021-06-18T13:56:21,5000.0,29.5,S
2021-06-18T13:56:17,2500.0,29.5,S
2021-06-18T13:56:14,10000.0,29.5,S
2021-06-18T13:56:11,5000.0,29.5,S
2021-06-18T13:56:01,10000.0,29.5,S
2021-06-18T13:55:50,10000.0,29.6,B
2021-06-18T13:55:46,10000.0,29.5,S
2021-06-18T13:55:38,5000.0,29.6,B
2021-06-18T13:55:37,2000.0,29.5,S
2021-06-18T13:55:25,1000.0,29.6,B
2021-06-18T13:55:21,3000.0,29.6,B
2021-06-18T13:55:11,700.0,29.5,S
2021-06-18T13:55:05,300.0,29.6,B
2021-06-18T13:54:40,100.0,29.6,B
2021-06-18T13:54:35,500.0,29.5,S
2021-06-18T13:54:34,100.0,29.5,S
2021-06-18T13:54:22,1600.0,29.6,B
2021-06-18T13:54:09,4000.0,29.5,S
2021-06-18T13:53:53,1000.0,29.5,S
2021-06-18T13:53:35,7000.0,29.5,S
2021-06-18T13:53:30,100.0,29.6,B
2021-06-18T13:53:12,1900.0,29.6,B
2021-06-18T13:52:56,100.0,29.6,B
2021-06-18T13:52:42,200.0,29.6,B
2021-06-18T13:52:38,1000.0,29.6,B
2021-06-18T13:52:31,10000.0,29.5,S
2021-06-18T13:52:17,500.0,29.6,B
2021-06-18T13:52:11,100.0,29.6,B
2021-06-18T13:52:08,1000.0,29.5,S
2021-06-18T13:51:45,700.0,29.5,S
2021-06-18T13:51:36,200.0,29.6,B
2021-06-18T13:51:24,200.0,29.6,B
2021-06-18T13:51:14,800.0,29.6,B
2021-06-18T13:50:53,300.0,29.6,B
2021-06-18T13:50:52,100.0,29.6,B
2021-06-18T13:50:21,5000.0,29.6,B
2021-06-18T13:50:18,300.0,29.5,S
2021-06-18T13:50:14,100.0,29.5,S
2021-06-18T13:50:08,3900.0,29.5,S
2021-06-18T13:49:54,500.0,29.5,S
2021-06-18T13:49:16,1000.0,29.5,S
2021-06-18T13:48:31,2800.0,29.5,S
2021-06-18T13:48:03,1000.0,29.5,S
2021-06-18T13:47:49,20000.0,29.5,S
2021-06-18T13:47:28,100.0,29.6,B
2021-06-18T13:46:12,2100.0,29.6,B
2021-06-18T13:46:04,700.0,29.6,B
2021-06-18T13:46:01,200.0,29.5,S
2021-06-18T13:45:48,2400.0,29.6,B
2021-06-18T13:45:30,2000.0,29.6,B
2021-06-18T13:45:16,800.0,29.5,S
2021-06-18T13:45:06,200.0,29.6,B
2021-06-18T13:45:04,100.0,29.6,B
2021-06-18T13:45:00,1000.0,29.6,B
2021-06-18T13:44:53,500.0,29.5,S
2021-06-18T13:44:29,500.0,29.6,B
2021-06-18T13:44:04,100.0,29.6,B
2021-06-18T13:44:00,200.0,29.6,B
2021-06-18T13:43:42,1400.0,29.6,B
2021-06-18T13:43:07,200.0,29.6,B
2021-06-18T13:42:18,300.0,29.6,B
2021-06-18T13:42:07,100.0,29.6,B
2021-06-18T13:42:07,1000.0,29.6,B
2021-06-18T13:42:06,400.0,29.6,B
2021-06-18T13:41:57,100.0,29.6,B
2021-06-18T13:41:25,300.0,29.6,B
2021-06-18T13:40:57,5000.0,29.6,B
2021-06-18T13:40:52,1400.0,29.6,B
2021-06-18T13:39:58,200.0,29.6,B
2021-06-18T13:39:51,100.0,29.6,B
2021-06-18T13:38:50,300.0,29.6,B
2021-06-18T13:38:19,500.0,29.5,S
2021-06-18T13:38:03,1000.0,29.5,S
2021-06-18T13:37:58,600.0,29.5,S
2021-06-18T13:37:52,1800.0,29.5,S
2021-06-18T13:37:47,14400.0,29.5,S
2021-06-18T13:37:39,200.0,29.6,B
2021-06-18T13:37:27,500.0,29.6,B
2021-06-18T13:37:23,1000.0,29.6,B
2021-06-18T13:37:16,3000.0,29.6,B
2021-06-18T13:36:54,700.0,29.6,B
2021-06-18T13:36:49,2000.0,29.6,B
2021-06-18T13:36:15,13000.0,29.5,S
2021-06-18T13:36:13,1000.0,29.6,B
2021-06-18T13:35:57,2000.0,29.6,B
2021-06-18T13:35:30,100.0,29.6,B
2021-06-18T13:35:12,100.0,29.6,B
2021-06-18T13:35:10,500.0,29.5,S
2021-06-18T13:34:54,100.0,29.5,S
2021-06-18T13:34:46,100.0,29.5,S
2021-06-18T13:34:06,100.0,29.5,S
2021-06-18T13:33:58,1000.0,29.5,S
2021-06-18T13:33:52,200.0,29.5,S
2021-06-18T13:33:51,400.0,29.5,S
2021-06-18T13:33:34,2000.0,29.5,S
2021-06-18T13:33:28,500.0,29.5,S
2021-06-18T13:33:22,400.0,29.5,S
2021-06-18T13:33:15,1000.0,29.5,S
2021-06-18T13:33:12,2400.0,29.5,S
2021-06-18T13:33:03,500.0,29.5,S
2021-06-18T13:33:00,10000.0,29.5,S
2021-06-18T13:32:54,100.0,29.5,S
2021-06-18T13:32:52,1000.0,29.5,S
2021-06-18T13:32:50,10000.0,29.5,S
2021-06-18T13:32:41,600.0,29.5,S
2021-06-18T13:32:41,10000.0,29.5,S
2021-06-18T13:32:26,100.0,29.5,S
2021-06-18T13:32:25,900.0,29.5,S
2021-06-18T13:32:22,500.0,29.5,S
2021-06-18T13:32:16,100.0,29.5,S
2021-06-18T13:32:12,100.0,29.6,B
2021-06-18T13:32:04,500.0,29.5,S
2021-06-18T13:31:50,1500.0,29.5,S
2021-06-18T13:31:36,10000.0,29.5,S
2021-06-18T13:31:35,1000.0,29.5,S
2021-06-18T13:31:27,200.0,29.6,B
2021-06-18T13:31:03,600.0,29.6,B
2021-06-18T13:30:37,1000.0,29.5,S
2021-06-18T13:30:33,400.0,29.6,B
2021-06-18T13:30:27,1000.0,29.6,B
2021-06-18T13:30:26,1000.0,29.6,B
2021-06-18T13:30:10,300.0,29.6,B
2021-06-18T13:29:54,200.0,29.6,B
2021-06-18T13:29:50,6900.0,29.6,S
2021-06-18T13:29:40,3000.0,29.6,S
2021-06-18T13:29:31,500.0,29.7,B
2021-06-18T13:29:19,3000.0,29.7,B
2021-06-18T13:29:10,800.0,29.7,B
2021-06-18T13:28:53,200.0,29.7,B
2021-06-18T13:28:41,500.0,29.7,B
2021-06-18T13:28:34,1000.0,29.6,S
2021-06-18T13:28:14,100.0,29.6,S
2021-06-18T13:28:09,100.0,29.6,S
2021-06-18T13:27:55,800.0,29.6,S
2021-06-18T13:27:50,100.0,29.6,S
2021-06-18T13:27:44,700.0,29.7,B
2021-06-18T13:27:28,4000.0,29.6,S
2021-06-18T13:27:19,5000.0,29.6,S
2021-06-18T13:27:02,2100.0,29.6,S
2021-06-18T13:26:16,3000.0,29.6,S
2021-06-18T13:24:21,100.0,29.7,B
2021-06-18T13:23:54,500.0,29.7,B
2021-06-18T13:23:54,10000.0,29.6,S
2021-06-18T13:23:52,400.0,29.7,B
2021-06-18T13:23:40,800.0,29.7,B
2021-06-18T13:22:51,100.0,29.7,B
2021-06-18T13:22:17,100.0,29.6,S
2021-06-18T13:22:14,100.0,29.6,S
2021-06-18T13:21:56,20000.0,29.6,S
2021-06-18T13:21:49,100.0,29.7,B
2021-06-18T13:20:59,20000.0,29.6,S
2021-06-18T13:18:46,5000.0,29.6,S
2021-06-18T13:18:43,100.0,29.7,B
2021-06-18T13:18:39,300.0,29.7,B
2021-06-18T13:18:34,200.0,29.7,B
2021-06-18T13:18:34,700.0,29.7,B
2021-06-18T13:18:05,9600.0,29.7,B
2021-06-18T13:17:47,300.0,29.8,B
2021-06-18T13:17:45,15000.0,29.7,S
2021-06-18T13:17:23,500.0,29.7,S
2021-06-18T13:16:51,2100.0,29.8,B
2021-06-18T13:15:54,200.0,29.8,B
2021-06-18T13:15:27,10000.0,29.7,S
2021-06-18T13:14:58,200.0,29.7,S
2021-06-18T13:14:50,10000.0,29.7,S
2021-06-18T13:14:37,200.0,29.7,S
2021-06-18T13:14:11,200.0,29.7,S
2021-06-18T13:14:08,3000.0,29.8,B
2021-06-18T13:14:07,500.0,29.8,B
2021-06-18T13:14:03,400.0,29.8,B
2021-06-18T13:13:56,1000.0,29.8,B
2021-06-18T13:13:46,4400.0,29.8,S
2021-06-18T13:13:39,1000.0,29.9,B
2021-06-18T13:13:24,10000.0,29.8,S
2021-06-18T13:13:08,1000.0,29.9,B
2021-06-18T13:13:05,1000.0,29.8,S
2021-06-18T13:12:20,4700.0,29.8,B
2021-06-18T13:12:19,900.0,29.8,B
2021-06-18T13:12:18,3000.0,29.8,B
2021-06-18T13:12:13,500.0,29.8,B
2021-06-18T13:12:09,200.0,29.8,B
2021-06-18T13:12:08,500.0,29.8,B
2021-06-18T13:12:04,1800.0,29.8,B
2021-06-18T13:12:03,500.0,29.8,B
2021-06-18T13:11:59,500.0,29.8,B
2021-06-18T13:11:55,500.0,29.8,B
2021-06-18T13:11:53,300.0,29.8,B
2021-06-18T13:11:52,500.0,29.8,B
2021-06-18T13:11:45,500.0,29.8,B
2021-06-18T13:11:44,200.0,29.8,B
2021-06-18T13:11:41,500.0,29.8,B
2021-06-18T13:11:39,1300.0,29.8,B
2021-06-18T13:11:26,500.0,29.8,B
2021-06-18T13:11:19,500.0,29.8,B
2021-06-18T13:11:17,300.0,29.8,B
2021-06-18T13:11:06,100.0,29.8,B
2021-06-18T13:11:05,3700.0,29.8,S
2021-06-18T13:11:03,1000.0,29.9,B
2021-06-18T13:10:53,10000.0,29.8,S
2021-06-18T13:10:44,200.0,29.9,B
2021-06-18T13:10:35,4600.0,29.9,B
2021-06-18T13:10:29,2700.0,29.9,S
2021-06-18T13:10:16,1000.0,30.0,B
2021-06-18T13:10:09,4100.0,30.0,B
2021-06-18T13:09:59,100.0,30.0,B
2021-06-18T13:09:38,100.0,29.9,S
2021-06-18T13:09:32,1000.0,29.9,S
2021-06-18T13:09:24,800.0,29.9,B
2021-06-18T13:09:24,1700.0,29.9,B
2021-06-18T13:09:05,56100.0,29.9,B
2021-06-18T13:09:04,3900.0,29.9,B
2021-06-18T13:08:57,1500.0,29.9,B
2021-06-18T13:08:55,3000.0,29.9,B
2021-06-18T13:08:44,100.0,29.9,B
2021-06-18T13:08:22,4100.0,29.8,B
2021-06-18T13:08:13,3400.0,29.8,B
2021-06-18T13:08:05,5000.0,29.8,B
2021-06-18T13:07:52,700.0,29.8,B
2021-06-18T13:07:52,500.0,29.8,B
2021-06-18T13:07:48,700.0,29.8,S
2021-06-18T13:07:46,4100.0,29.8,B
2021-06-18T13:07:44,200.0,29.8,B
2021-06-18T13:07:36,500.0,29.8,B
2021-06-18T13:07:35,100.0,29.8,B
2021-06-18T13:07:31,1000.0,29.8,B
2021-06-18T13:07:29,1000.0,29.8,B
2021-06-18T13:07:24,1200.0,29.8,B
2021-06-18T13:07:18,200.0,29.8,B
2021-06-18T13:07:16,100.0,29.8,B
2021-06-18T13:06:54,500.0,29.8,B
2021-06-18T13:06:49,1000.0,29.8,B
2021-06-18T13:06:41,2000.0,29.8,B
2021-06-18T13:06:19,1000.0,29.7,S
2021-06-18T13:06:10,2000.0,29.8,B
2021-06-18T13:06:05,2000.0,29.8,B
2021-06-18T13:06:04,1000.0,29.8,B
2021-06-18T13:06:03,3000.0,29.8,B
2021-06-18T13:06:00,200.0,29.8,B
2021-06-18T13:05:50,200.0,29.8,B
2021-06-18T13:05:49,1000.0,29.8,B
2021-06-18T13:05:49,1000.0,29.8,B
2021-06-18T13:05:46,100.0,29.8,B
2021-06-18T13:05:41,1000.0,29.8,B
2021-06-18T13:05:27,500.0,29.8,B
2021-06-18T13:05:18,1000.0,29.8,B
2021-06-18T13:05:11,200.0,29.8,B
2021-06-18T13:05:07,1900.0,29.8,B
2021-06-18T13:05:04,300.0,29.8,B
2021-06-18T13:05:03,1000.0,29.7,S
2021-06-18T13:05:03,1000.0,29.8,B
2021-06-18T13:04:56,5900.0,29.8,B
2021-06-18T13:04:42,400.0,29.8,B
2021-06-18T13:04:39,2000.0,29.8,B
2021-06-18T13:04:00,100.0,29.7,S
2021-06-18T13:03:56,1000.0,29.8,B
2021-06-18T13:03:52,3000.0,29.8,B
2021-06-18T13:03:27,500.0,29.7,S
2021-06-18T13:03:23,1000.0,29.8,B
2021-06-18T13:02:54,1100.0,29.8,B
2021-06-18T13:02:18,500.0,29.8,B
2021-06-18T13:01:43,1000.0,29.8,B
2021-06-18T13:01:38,300.0,29.8,B
2021-06-18T13:01:32,100.0,29.8,B
2021-06-18T13:01:24,500.0,29.8,B
2021-06-18T13:01:15,100.0,29.7,S
2021-06-18T13:00:17,700.0,29.7,B
2021-06-18T13:00:13,300.0,29.7,B
2021-06-18T13:00:07,6300.0,29.8,B
2021-06-18T13:00:07,700.0,29.6,S
2021-06-18T13:00:07,500.0,29.7,B
2021-06-18T13:00:07,300.0,29.7,B
2021-06-18T13:00:07,200.0,29.7,B
2021-06-18T13:00:04,300.0,29.7,B
2021-06-18T13:00:02,500.0,29.7,S
2021-06-18T13:00:01,1200.0,29.6,S
2021-06-18T11:29:02,1000.0,29.6,S
2021-06-18T11:28:54,1000.0,29.8,B
2021-06-18T11:28:48,500.0,29.7,B
2021-06-18T11:28:12,500.0,29.7,S
2021-06-18T11:28:05,300.0,29.7,S
2021-06-18T11:27:46,1200.0,29.7,B
2021-06-18T11:27:39,1800.0,29.7,B
2021-06-18T11:27:23,200.0,29.7,B
2021-06-18T11:27:16,300.0,29.7,B
2021-06-18T11:26:38,100.0,29.7,B
2021-06-18T11:26:38,1500.0,29.7,S
2021-06-18T11:26:22,3900.0,29.7,B
2021-06-18T11:26:20,1000.0,29.7,B
2021-06-18T11:25:48,100.0,29.7,B
2021-06-18T11:25:21,1000.0,29.7,B
2021-06-18T11:25:12,1600.0,29.7,B
2021-06-18T11:24:42,200.0,29.7,B
2021-06-18T11:24:37,100.0,29.7,B
2021-06-18T11:24:14,300.0,29.7,B
2021-06-18T11:23:46,900.0,29.7,B
2021-06-18T11:23:43,200.0,29.7,B
2021-06-18T11:23:31,2000.0,29.7,B
2021-06-18T11:23:18,100.0,29.6,S
2021-06-18T11:23:09,500.0,29.7,B
2021-06-18T11:23:02,200.0,29.7,B
2021-06-18T11:22:53,2100.0,29.7,B
2021-06-18T11:22:51,16800.0,29.7,S
2021-06-18T11:22:48,1800.0,29.7,S
2021-06-18T11:22:44,500.0,29.8,B
2021-06-18T11:22:43,11700.0,29.7,S
2021-06-18T11:22:34,2000.0,29.8,B
2021-06-18T11:22:33,3000.0,29.8,B
2021-06-18T11:21:56,100.0,29.8,B
2021-06-18T11:21:54,600.0,29.8,B
2021-06-18T11:21:53,1500.0,29.8,B
2021-06-18T11:21:46,200.0,29.8,B
2021-06-18T11:21:39,500.0,29.8,B
2021-06-18T11:21:36,200.0,29.7,S
2021-06-18T11:21:36,1000.0,29.8,B
2021-06-18T11:20:52,1000.0,29.8,B
2021-06-18T11:20:47,200.0,29.8,B
2021-06-18T11:20:42,500.0,29.7,S
2021-06-18T11:20:27,500.0,29.8,B
2021-06-18T11:20:21,1000.0,29.8,B
2021-06-18T11:19:41,2000.0,29.8,B
2021-06-18T11:19:39,200.0,29.8,B
2021-06-18T11:19:31,500.0,29.8,B
2021-06-18T11:19:11,100.0,29.8,B
2021-06-18T11:18:59,6000.0,29.7,S
2021-06-18T11:18:45,14400.0,29.7,S
2021-06-18T11:18:43,2000.0,29.7,B
2021-06-18T11:18:42,1000.0,29.7,B
2021-06-18T11:18:32,100.0,29.7,B
2021-06-18T11:18:29,500.0,29.7,B
2021-06-18T11:18:27,300.0,29.7,B
2021-06-18T11:17:37,2000.0,29.7,B
2021-06-18T11:17:34,200.0,29.7,B
2021-06-18T11:17:34,300.0,29.7,B
2021-06-18T11:17:23,1200.0,29.7,S
2021-06-18T11:17:16,3800.0,29.7,B
2021-06-18T11:16:53,1300.0,29.7,B
2021-06-18T11:16:48,200.0,29.7,B
2021-06-18T11:16:22,100.0,29.7,B
2021-06-18T11:16:16,1000.0,29.6,S
2021-06-18T11:15:55,100.0,29.6,S
2021-06-18T11:15:13,200.0,29.6,S
2021-06-18T11:14:33,1000.0,29.6,S
2021-06-18T11:14:28,1000.0,29.7,B
2021-06-18T11:14:25,1500.0,29.6,S
2021-06-18T11:13:43,300.0,29.7,B
2021-06-18T11:13:27,3500.0,29.7,B
2021-06-18T11:13:17,3000.0,29.7,S
2021-06-18T11:13:08,100.0,29.7,S
2021-06-18T11:13:04,200.0,29.7,S
2021-06-18T11:12:49,100.0,29.7,S
2021-06-18T11:12:18,500.0,29.7,S
2021-06-18T11:11:58,5600.0,29.7,S
2021-06-18T11:11:43,100.0,29.7,S
2021-06-18T11:11:40,300.0,29.8,B
2021-06-18T11:11:25,1000.0,29.7,S
2021-06-18T11:11:15,1000.0,29.7,S
2021-06-18T11:10:59,2500.0,29.7,B
2021-06-18T11:10:50,300.0,29.7,S
2021-06-18T11:10:49,6000.0,29.7,S
2021-06-18T11:10:34,500.0,29.7,S
2021-06-18T11:10:23,20000.0,29.7,S
2021-06-18T11:09:32,2000.0,29.8,B
2021-06-18T11:09:19,300.0,29.7,S
2021-06-18T11:09:12,200.0,29.8,B
2021-06-18T11:09:08,1000.0,29.7,S
2021-06-18T11:08:59,500.0,29.8,B
2021-06-18T11:08:51,200.0,29.8,B
2021-06-18T11:08:51,1100.0,29.8,B
2021-06-18T11:08:08,100.0,29.8,B
2021-06-18T11:08:07,1000.0,29.8,B
2021-06-18T11:08:02,100.0,29.8,B
2021-06-18T11:07:58,200.0,29.8,B
2021-06-18T11:07:56,500.0,29.8,B
2021-06-18T11:07:54,3000.0,29.8,B
2021-06-18T11:07:53,1000.0,29.8,B
2021-06-18T11:07:39,1000.0,29.8,B
2021-06-18T11:07:28,1000.0,29.8,B
2021-06-18T11:07:28,200.0,29.8,B
2021-06-18T11:06:54,3800.0,29.8,S
2021-06-18T11:06:43,500.0,29.8,S
2021-06-18T11:06:25,100.0,29.8,S
2021-06-18T11:06:05,600.0,29.8,B
2021-06-18T11:06:01,21800.0,29.8,B
2021-06-18T11:05:51,500.0,29.8,B
2021-06-18T11:05:26,900.0,29.7,S
2021-06-18T11:05:09,100.0,29.8,B
2021-06-18T11:05:06,1000.0,29.8,B
2021-06-18T11:04:57,2600.0,29.8,B
2021-06-18T11:04:18,1000.0,29.8,B
2021-06-18T11:04:02,300.0,29.7,S
2021-06-18T11:03:49,200.0,29.7,B
2021-06-18T11:03:44,500.0,29.7,S
2021-06-18T11:03:41,4500.0,29.7,B
2021-06-18T11:03:41,1000.0,29.7,B
2021-06-18T11:03:33,900.0,29.7,B
2021-06-18T11:03:26,4600.0,29.7,B
2021-06-18T11:03:21,100.0,29.6,S
2021-06-18T11:03:17,100.0,29.7,B
2021-06-18T11:03:08,200.0,29.7,B
2021-06-18T11:02:57,8700.0,29.7,S
2021-06-18T11:02:54,100.0,29.7,S
2021-06-18T11:02:53,3500.0,29.7,S
2021-06-18T11:02:52,10000.0,29.7,S
2021-06-18T11:02:46,500.0,29.8,B
2021-06-18T11:02:43,1000.0,29.7,S
2021-06-18T11:02:43,1000.0,29.7,S
2021-06-18T11:02:27,2000.0,29.7,S
2021-06-18T11:02:11,10000.0,29.7,S
2021-06-18T11:02:04,1000.0,29.8,B
2021-06-18T11:02:04,8000.0,29.8,B
2021-06-18T11:01:58,2000.0,29.8,B
2021-06-18T11:01:47,1000.0,29.8,B
2021-06-18T11:01:43,200.0,29.8,B
2021-06-18T11:01:32,15000.0,29.8,B
2021-06-18T11:01:31,400.0,29.7,S
2021-06-18T11:01:23,500.0,29.8,B
2021-06-18T11:01:12,300.0,29.8,B
2021-06-18T11:01:02,10000.0,29.7,S
2021-06-18T11:00:58,3900.0,29.8,B
2021-06-18T11:00:55,2000.0,29.8,B
2021-06-18T11:00:38,1300.0,29.8,B
2021-06-18T11:00:36,3000.0,29.8,B
2021-06-18T11:00:34,10000.0,29.7,S
2021-06-18T11:00:27,1000.0,29.8,B
2021-06-18T11:00:26,1000.0,29.7,S
2021-06-18T11:00:24,1000.0,29.8,B
2021-06-18T11:00:22,200.0,29.8,B
2021-06-18T11:00:12,400.0,29.8,B
2021-06-18T11:00:02,800.0,29.8,B
2021-06-18T10:59:56,1000.0,29.8,B
2021-06-18T10:59:49,1000.0,29.8,B
2021-06-18T10:59:44,100.0,29.8,B
2021-06-18T10:59:40,3200.0,29.7,S
2021-06-18T10:59:38,600.0,29.8,B
2021-06-18T10:59:34,700.0,29.8,B
2021-06-18T10:59:24,1300.0,29.8,B
2021-06-18T10:59:11,200.0,29.7,S
2021-06-18T10:59:09,3800.0,29.7,B
2021-06-18T10:59:07,900.0,29.7,B
2021-06-18T10:59:05,5000.0,29.7,B
2021-06-18T10:59:02,1300.0,29.7,B
2021-06-18T10:59:02,1000.0,29.7,B
2021-06-18T10:59:02,200.0,29.7,B
2021-06-18T10:58:59,2000.0,29.7,B
2021-06-18T10:58:55,300.0,29.7,B
2021-06-18T10:58:52,100.0,29.7,B
2021-06-18T10:58:48,4100.0,29.7,B
2021-06-18T10:58:44,1900.0,29.7,B
2021-06-18T10:58:41,1000.0,29.7,B
2021-06-18T10:58:36,1000.0,29.7,B
2021-06-18T10:58:32,5000.0,29.7,B
2021-06-18T10:58:24,200.0,29.7,B
2021-06-18T10:58:13,400.0,29.6,S
2021-06-18T10:58:07,500.0,29.6,S
2021-06-18T10:58:02,10000.0,29.6,B
2021-06-18T10:57:48,3000.0,29.6,B
2021-06-18T10:57:48,500.0,29.6,B
2021-06-18T10:57:30,5000.0,29.6,B
2021-06-18T10:57:28,200.0,29.5,S
2021-06-18T10:57:16,2000.0,29.5,S
2021-06-18T10:57:10,1200.0,29.5,B
2021-06-18T10:57:08,300.0,29.5,B
2021-06-18T10:57:04,1000.0,29.5,B
2021-06-18T10:56:53,3600.0,29.5,B
2021-06-18T10:56:46,500.0,29.5,B
2021-06-18T10:56:44,500.0,29.5,B
2021-06-18T10:56:39,2000.0,29.5,B
2021-06-18T10:56:37,1000.0,29.5,B
2021-06-18T10:56:31,100.0,29.5,B
2021-06-18T10:56:29,2000.0,29.5,B
2021-06-18T10:56:27,1000.0,29.5,B
2021-06-18T10:56:27,500.0,29.5,B
2021-06-18T10:56:26,100.0,29.5,B
2021-06-18T10:56:25,1000.0,29.5,B
2021-06-18T10:56:22,1000.0,29.5,B
2021-06-18T10:56:21,400.0,29.4,S
2021-06-18T10:56:20,500.0,29.5,B
2021-06-18T10:56:12,1000.0,29.5,B
2021-06-18T10:55:50,500.0,29.5,B
2021-06-18T10:55:39,5100.0,29.4,B
2021-06-18T10:55:38,4300.0,29.4,B
2021-06-18T10:55:37,2000.0,29.4,B
2021-06-18T10:55:25,6800.0,29.4,B
2021-06-18T10:55:24,300.0,29.4,B
2021-06-18T10:55:23,1000.0,29.4,B
2021-06-18T10:55:14,1000.0,29.4,B
2021-06-18T10:55:13,500.0,29.4,B
2021-06-18T10:55:13,2000.0,29.4,B
2021-06-18T10:55:04,300.0,29.4,B
2021-06-18T10:54:53,400.0,29.4,B
2021-06-18T10:54:51,5000.0,29.4,B
2021-06-18T10:54:37,400.0,29.4,B
2021-06-18T10:54:35,1000.0,29.4,B
2021-06-18T10:54:32,4300.0,29.4,B
2021-06-18T10:54:27,300.0,29.4,B
2021-06-18T10:54:21,400.0,29.4,B
2021-06-18T10:54:12,100.0,29.4,B
2021-06-18T10:54:00,800.0,29.3,B
2021-06-18T10:53:43,2000.0,29.3,B
2021-06-18T10:53:31,200.0,29.3,B
2021-06-18T10:53:26,1000.0,29.3,B
2021-06-18T10:53:23,100.0,29.3,B
2021-06-18T10:52:59,400.0,29.3,B
2021-06-18T10:52:56,300.0,29.2,B
2021-06-18T10:52:54,4700.0,29.2,S
2021-06-18T10:52:45,1000.0,29.3,B
2021-06-18T10:52:39,1000.0,29.3,B
2021-06-18T10:52:28,8000.0,29.2,S
2021-06-18T10:52:15,500.0,29.2,S
2021-06-18T10:52:07,25000.0,29.2,S
2021-06-18T10:52:07,700.0,29.3,B
2021-06-18T10:51:56,1300.0,29.3,S
2021-06-18T10:51:51,10000.0,29.3,S
2021-06-18T10:51:37,100.0,29.4,B
2021-06-18T10:50:07,500.0,29.4,B
2021-06-18T10:49:50,2500.0,29.3,S
2021-06-18T10:49:28,100.0,29.4,B
2021-06-18T10:49:22,1000.0,29.3,S
2021-06-18T10:49:00,4000.0,29.4,B
2021-06-18T10:48:53,400.0,29.4,S
2021-06-18T10:48:40,2000.0,29.3,S
2021-06-18T10:48:26,1300.0,29.4,B
2021-06-18T10:48:22,3700.0,29.4,S
2021-06-18T10:48:03,2000.0,29.5,B
2021-06-18T10:47:06,2500.0,29.4,S
2021-06-18T10:47:00,3300.0,29.4,B
2021-06-18T10:46:51,4300.0,29.3,S
2021-06-18T10:46:48,1000.0,29.4,B
2021-06-18T10:46:41,100.0,29.4,B
2021-06-18T10:46:26,200.0,29.4,B
2021-06-18T10:46:14,100.0,29.4,B
2021-06-18T10:46:10,300.0,29.3,S
2021-06-18T10:46:05,300.0,29.4,B
2021-06-18T10:45:49,500.0,29.5,B
2021-06-18T10:45:48,2000.0,29.3,S
2021-06-18T10:45:46,1000.0,29.5,B
2021-06-18T10:45:41,200.0,29.3,S
2021-06-18T10:45:40,500.0,29.3,S
2021-06-18T10:45:33,900.0,29.4,B
2021-06-18T10:45:23,400.0,29.3,S
2021-06-18T10:45:16,100.0,29.3,S
2021-06-18T10:45:11,2000.0,29.4,B
2021-06-18T10:45:02,100.0,29.3,S
2021-06-18T10:44:50,500.0,29.3,S
2021-06-18T10:44:46,4000.0,29.3,B
2021-06-18T10:44:41,600.0,29.3,B
2021-06-18T10:44:38,1500.0,29.2,S
2021-06-18T10:44:21,3700.0,29.2,S
2021-06-18T10:43:58,200.0,29.2,S
2021-06-18T10:43:50,100.0,29.2,S
2021-06-18T10:43:26,500.0,29.2,S
2021-06-18T10:43:05,100.0,29.3,B
2021-06-18T10:42:52,100.0,29.3,B
2021-06-18T10:42:25,100.0,29.3,B
2021-06-18T10:42:05,100.0,29.3,B
2021-06-18T10:42:02,100.0,29.3,B
2021-06-18T10:41:52,5100.0,29.3,S
2021-06-18T10:41:49,10000.0,29.3,S
2021-06-18T10:41:45,2000.0,29.3,S
2021-06-18T10:41:32,1000.0,29.3,S
2021-06-18T10:41:30,200.0,29.3,S
2021-06-18T10:41:19,900.0,29.3,S
2021-06-18T10:41:07,1000.0,29.3,S
2021-06-18T10:41:07,2000.0,29.3,S
2021-06-18T10:41:06,100.0,29.4,B
2021-06-18T10:40:44,200.0,29.4,B
2021-06-18T10:40:39,100.0,29.4,B
2021-06-18T10:40:32,1900.0,29.4,B
2021-06-18T10:39:55,3700.0,29.4,B
2021-06-18T10:39:34,1000.0,29.4,B
2021-06-18T10:39:11,5200.0,29.4,B
2021-06-18T10:39:10,6000.0,29.4,S
2021-06-18T10:38:57,500.0,29.4,S
2021-06-18T10:38:53,5000.0,29.4,S
2021-06-18T10:38:49,10000.0,29.4,S
2021-06-18T10:38:34,4900.0,29.4,S
2021-06-18T10:38:22,4000.0,29.4,S
2021-06-18T10:38:19,10000.0,29.4,S
2021-06-18T10:38:08,500.0,29.4,S
2021-06-18T10:38:04,15000.0,29.4,S
2021-06-18T10:37:51,200.0,29.4,S
2021-06-18T10:37:47,40000.0,29.4,S
2021-06-18T10:37:39,1400.0,29.4,S
2021-06-18T10:37:01,3000.0,29.4,S
2021-06-18T10:36:49,200.0,29.5,B
2021-06-18T10:36:16,1000.0,29.5,B
2021-06-18T10:36:06,300.0,29.4,S
2021-06-18T10:35:55,2000.0,29.5,B
2021-06-18T10:35:49,500.0,29.5,B
2021-06-18T10:35:43,200.0,29.5,B
2021-06-18T10:35:43,20000.0,29.4,S
2021-06-18T10:35:41,200.0,29.5,B
2021-06-18T10:35:00,300.0,29.5,B
2021-06-18T10:35:00,600.0,29.5,B
2021-06-18T10:34:24,300.0,29.5,B
2021-06-18T10:33:59,600.0,29.5,S
2021-06-18T10:33:53,400.0,29.5,B
2021-06-18T10:33:52,1300.0,29.5,B
2021-06-18T10:33:38,8300.0,29.5,B
2021-06-18T10:33:28,4000.0,29.5,S
2021-06-18T10:33:26,500.0,29.5,S
2021-06-18T10:33:21,2000.0,29.6,B
2021-06-18T10:33:18,10900.0,29.5,S
2021-06-18T10:33:04,200.0,29.6,B
2021-06-18T10:32:41,400.0,29.6,B
2021-06-18T10:32:26,100.0,29.5,S
2021-06-18T10:32:04,500.0,29.6,B
2021-06-18T10:31:41,100.0,29.6,B
2021-06-18T10:31:33,4800.0,29.6,B
2021-06-18T10:31:20,500.0,29.5,S
2021-06-18T10:31:04,1000.0,29.5,S
2021-06-18T10:30:48,1000.0,29.5,S
2021-06-18T10:30:24,100.0,29.5,S
2021-06-18T10:30:10,1000.0,29.5,S
2021-06-18T10:29:10,200.0,29.5,S
2021-06-18T10:28:52,600.0,29.5,B
2021-06-18T10:28:45,300.0,29.5,B
2021-06-18T10:28:44,4100.0,29.5,S
2021-06-18T10:28:37,1000.0,29.5,S
2021-06-18T10:28:21,2400.0,29.5,S
2021-06-18T10:27:35,300.0,29.5,S
2021-06-18T10:27:26,500.0,29.5,B
2021-06-18T10:27:25,1000.0,29.5,B
2021-06-18T10:27:04,2000.0,29.5,B
2021-06-18T10:26:47,1000.0,29.5,B
2021-06-18T10:26:46,100.0,29.5,B
2021-06-18T10:26:30,3300.0,29.5,S
2021-06-18T10:26:20,10000.0,29.5,S
2021-06-18T10:25:49,500.0,29.6,B
2021-06-18T10:25:29,500.0,29.5,S
2021-06-18T10:25:28,2000.0,29.5,S
2021-06-18T10:25:08,5000.0,29.5,S
2021-06-18T10:24:51,500.0,29.5,S
2021-06-18T10:24:38,500.0,29.5,S
2021-06-18T10:24:34,1500.0,29.5,S
2021-06-18T10:24:20,3000.0,29.5,S
2021-06-18T10:24:17,500.0,29.5,S
2021-06-18T10:24:03,1000.0,29.5,S
2021-06-18T10:23:47,100.0,29.5,S
2021-06-18T10:22:59,200.0,29.5,S
2021-06-18T10:22:51,100.0,29.6,B
2021-06-18T10:22:41,50000.0,29.5,S
2021-06-18T10:22:29,100.0,29.6,B
2021-06-18T10:22:22,1300.0,29.6,S
2021-06-18T10:22:12,7000.0,29.6,S
2021-06-18T10:22:07,26000.0,29.6,S
2021-06-18T10:21:52,100.0,29.6,S
2021-06-18T10:21:50,500.0,29.6,S
2021-06-18T10:21:28,500.0,29.6,S
2021-06-18T10:20:56,300.0,29.6,S
2021-06-18T10:20:48,1000.0,29.7,B
2021-06-18T10:20:43,400.0,29.6,S
2021-06-18T10:20:40,2000.0,29.6,S
2021-06-18T10:20:24,500.0,29.6,S
2021-06-18T10:19:29,1100.0,29.6,S
2021-06-18T10:19:10,1000.0,29.6,S
2021-06-18T10:19:08,100.0,29.6,S
2021-06-18T10:18:22,1000.0,29.6,S
2021-06-18T10:18:00,1700.0,29.6,S
2021-06-18T10:17:45,100.0,29.6,S
2021-06-18T10:17:38,400.0,29.7,B
2021-06-18T10:17:11,3000.0,29.6,S
2021-06-18T10:16:30,1000.0,29.6,S
2021-06-18T10:15:50,500.0,29.6,S
2021-06-18T10:15:48,500.0,29.7,B
2021-06-18T10:15:39,100.0,29.6,S
2021-06-18T10:15:31,500.0,29.6,S
2021-06-18T10:14:54,700.0,29.6,S
2021-06-18T10:14:42,300.0,29.6,S
2021-06-18T10:14:24,1000.0,29.6,S
2021-06-18T10:13:55,3000.0,29.6,S
2021-06-18T10:13:52,2000.0,29.6,S
2021-06-18T10:13:36,2800.0,29.6,S
2021-06-18T10:13:33,2500.0,29.6,S
2021-06-18T10:13:25,100.0,29.7,B
2021-06-18T10:12:10,1000.0,29.6,S
2021-06-18T10:12:00,1000.0,29.6,S
2021-06-18T10:11:48,1000.0,29.6,S
2021-06-18T10:11:18,100.0,29.6,S
2021-06-18T10:10:42,300.0,29.7,B
2021-06-18T10:10:23,700.0,29.7,B
2021-06-18T10:09:56,100.0,29.7,B
2021-06-18T10:09:31,500.0,29.7,B
2021-06-18T10:09:30,200.0,29.6,S
2021-06-18T10:09:03,100.0,29.7,B
2021-06-18T10:08:51,2000.0,29.6,S
2021-06-18T10:08:49,1000.0,29.7,B
2021-06-18T10:07:50,500.0,29.7,B
2021-06-18T10:07:46,5000.0,29.7,B
2021-06-18T10:07:44,100.0,29.7,B
2021-06-18T10:07:42,300.0,29.7,B
2021-06-18T10:07:28,100.0,29.7,B
2021-06-18T10:07:24,800.0,29.7,B
2021-06-18T10:06:40,2000.0,29.7,B
2021-06-18T10:05:48,500.0,29.7,B
2021-06-18T10:05:47,2000.0,29.6,S
2021-06-18T10:05:44,3000.0,29.6,S
2021-06-18T10:05:24,200.0,29.7,B
2021-06-18T10:05:06,100.0,29.7,B
2021-06-18T10:04:38,100.0,29.7,B
2021-06-18T10:04:16,400.0,29.7,B
2021-06-18T10:03:28,3000.0,29.6,S
2021-06-18T10:02:56,200.0,29.7,B
2021-06-18T10:02:49,2000.0,29.7,B
2021-06-18T10:02:08,100.0,29.7,B
2021-06-18T10:00:47,16900.0,29.7,S
2021-06-18T10:00:46,500.0,29.8,B
2021-06-18T10:00:43,200.0,29.8,B
2021-06-18T10:00:36,1000.0,29.8,B
2021-06-18T09:59:49,1000.0,29.8,B
2021-06-18T09:59:47,5000.0,29.8,B
2021-06-18T09:59:20,200.0,29.8,B
2021-06-18T09:59:09,200.0,29.8,B
2021-06-18T09:58:34,500.0,29.8,B
2021-06-18T09:58:20,300.0,29.8,B
2021-06-18T09:58:16,100.0,29.8,S
2021-06-18T09:57:46,1300.0,29.8,S
2021-06-18T09:56:58,400.0,29.8,B
2021-06-18T09:56:55,5000.0,29.8,B
2021-06-18T09:56:45,4000.0,29.8,B
2021-06-18T09:56:36,800.0,29.8,B
2021-06-18T09:56:25,300.0,29.8,B
2021-06-18T09:56:11,2000.0,29.7,S
2021-06-18T09:55:55,2000.0,29.7,S
2021-06-18T09:55:48,500.0,29.8,B
2021-06-18T09:55:18,2100.0,29.8,B
2021-06-18T09:54:49,100.0,29.8,B
2021-06-18T09:54:28,1000.0,29.8,B
2021-06-18T09:54:18,1000.0,29.8,B
2021-06-18T09:53:37,2700.0,29.8,B
2021-06-18T09:53:33,200.0,29.8,B
2021-06-18T09:53:24,800.0,29.8,S
2021-06-18T09:53:18,1000.0,29.9,B
2021-06-18T09:53:17,1500.0,29.8,S
2021-06-18T09:52:51,1000.0,29.9,B
2021-06-18T09:52:35,400.0,29.8,S
2021-06-18T09:52:20,200.0,29.8,S
2021-06-18T09:51:56,1000.0,29.8,B
2021-06-18T09:51:53,2000.0,29.8,S
2021-06-18T09:51:52,2000.0,29.8,B
2021-06-18T09:51:38,3000.0,29.8,B
2021-06-18T09:51:37,5000.0,29.8,B
2021-06-18T09:51:21,400.0,29.8,B
2021-06-18T09:51:20,800.0,29.8,B
2021-06-18T09:51:19,5000.0,29.8,B
2021-06-18T09:50:40,500.0,29.8,B
2021-06-18T09:50:34,200.0,29.8,B
2021-06-18T09:50:30,7000.0,29.8,B
2021-06-18T09:50:26,500.0,29.7,S
2021-06-18T09:50:21,2100.0,29.8,B
2021-06-18T09:50:05,800.0,29.8,B
2021-06-18T09:49:58,1000.0,29.8,B
2021-06-18T09:49:54,500.0,29.8,B
2021-06-18T09:49:53,10000.0,29.8,B
2021-06-18T09:49:25,2000.0,29.8,B
2021-06-18T09:49:22,2000.0,29.8,B
2021-06-18T09:49:22,3000.0,29.8,B
2021-06-18T09:49:01,600.0,29.8,B
2021-06-18T09:48:54,1000.0,29.7,S
2021-06-18T09:48:45,10000.0,29.8,B
2021-06-18T09:48:42,200.0,29.7,S
2021-06-18T09:47:53,100.0,29.7,S
2021-06-18T09:47:49,1000.0,29.7,S
2021-06-18T09:47:46,400.0,29.7,S
2021-06-18T09:47:17,10000.0,29.7,S
2021-06-18T09:47:04,1000.0,29.7,S
2021-06-18T09:46:49,1800.0,29.8,B
2021-06-18T09:46:29,2200.0,29.8,B
2021-06-18T09:46:24,500.0,29.7,S
2021-06-18T09:46:16,1000.0,29.7,S
2021-06-18T09:46:14,5000.0,29.8,B
2021-06-18T09:45:49,500.0,29.7,S
2021-06-18T09:45:48,500.0,29.8,B
2021-06-18T09:44:50,5000.0,29.8,B
2021-06-18T09:44:45,200.0,29.7,S
2021-06-18T09:44:43,1000.0,29.8,B
2021-06-18T09:44:38,1000.0,29.8,B
2021-06-18T09:44:26,300.0,29.7,S
2021-06-18T09:44:01,1000.0,29.8,B
2021-06-18T09:43:53,15000.0,29.7,B
2021-06-18T09:43:50,100.0,29.7,B
2021-06-18T09:43:22,1200.0,29.7,B
2021-06-18T09:43:07,1000.0,29.7,B
2021-06-18T09:42:57,100.0,29.7,B
2021-06-18T09:42:56,100.0,29.6,S
2021-06-18T09:42:52,1000.0,29.7,B
2021-06-18T09:42:43,5000.0,29.6,S
2021-06-18T09:42:38,1000.0,29.7,B
2021-06-18T09:42:23,1000.0,29.7,B
2021-06-18T09:42:14,200.0,29.6,S
2021-06-18T09:41:33,1000.0,29.6,S
2021-06-18T09:41:28,100.0,29.7,B
2021-06-18T09:41:15,1000.0,29.7,B
2021-06-18T09:40:59,500.0,29.6,S
2021-06-18T09:40:38,6600.0,29.6,S
2021-06-18T09:40:38,700.0,29.6,S
2021-06-18T09:40:36,2000.0,29.7,B
2021-06-18T09:40:18,1000.0,29.7,B
2021-06-18T09:40:09,1000.0,29.7,B
2021-06-18T09:40:09,500.0,29.6,S
2021-06-18T09:40:08,1500.0,29.7,B
2021-06-18T09:39:49,500.0,29.6,S
2021-06-18T09:39:40,500.0,29.6,S
2021-06-18T09:39:32,2600.0,29.6,S
2021-06-18T09:38:48,400.0,29.6,S
2021-06-18T09:38:47,2300.0,29.6,S
2021-06-18T09:38:31,5000.0,29.6,S
2021-06-18T09:38:02,2000.0,29.6,S
2021-06-18T09:37:49,100.0,29.6,S
2021-06-18T09:37:23,1000.0,29.6,S
2021-06-18T09:36:35,400.0,29.6,S
2021-06-18T09:36:34,100.0,29.7,B
2021-06-18T09:36:28,1000.0,29.7,B
2021-06-18T09:35:47,500.0,29.7,B
2021-06-18T09:35:42,2000.0,29.6,S
2021-06-18T09:35:25,300.0,29.6,S
2021-06-18T09:35:20,5000.0,29.7,B
2021-06-18T09:34:35,5000.0,29.6,S
2021-06-18T09:34:22,3000.0,29.7,B
2021-06-18T09:34:13,100.0,29.6,S
2021-06-18T09:33:58,2300.0,29.6,S
2021-06-18T09:33:44,1000.0,29.6,S
2021-06-18T09:33:19,500.0,29.6,S
2021-06-18T09:32:52,600.0,29.6,S
2021-06-18T09:32:44,100.0,29.6,S
2021-06-18T09:32:42,1000.0,29.7,B
2021-06-18T09:32:31,200.0,29.7,B
2021-06-18T09:31:54,100.0,29.7,B
2021-06-18T09:31:48,800.0,29.7,B
2021-06-18T09:31:36,100.0,29.7,S
2021-06-18T09:31:35,200.0,29.7,S
2021-06-18T09:31:24,200.0,29.7,B
2021-06-18T09:31:08,100.0,29.7,B
2021-06-18T09:31:05,1500.0,29.8,B
2021-06-18T09:30:59,200.0,29.8,B
2021-06-18T09:30:52,3000.0,29.6,S
2021-06-18T09:30:41,600.0,29.8,B
2021-06-18T09:30:40,100.0,29.8,B
2021-06-18T09:30:39,500.0,29.8,S
2021-06-18T09:30:33,300.0,29.8,S
2021-06-18T09:30:30,1000.0,29.8,S
2021-06-18T09:30:24,1000.0,29.8,S
2021-06-18T09:30:18,200.0,29.8,S
2021-06-18T09:30:16,200.0,29.8,S
2021-06-18T09:30:11,100.0,29.8,S
2021-06-18T09:30:06,200.0,29.8,S
2021-06-18T09:30:04,1000.0,29.8,S
2021-06-18T09:30:03,200.0,29.8,S
2021-06-18T09:29:45,5300.0,29.8,B
2021-06-18T09:29:45,100.0,29.7,B
2021-06-18T09:29:40,900.0,29.7,S
2021-06-18T09:29:21,100.0,29.7,S
2021-06-18T09:29:05,3700.0,29.5,S
2021-06-18T09:29:02,100.0,29.8,B
2021-06-18T09:29:01,2000.0,29.7,S
2021-06-18T09:29:00,500.0,29.8,B
2021-06-18T09:28:57,9800.0,29.8,B
2021-06-18T09:28:55,500.0,29.8,S
2021-06-18T09:28:50,40600.0,29.8,B
2021-06-18T09:28:49,4000.0,29.7,S
2021-06-18T09:28:46,7700.0,29.7,S
2021-06-18T09:28:45,5000.0,29.7,S
2021-06-18T09:28:36,500.0,29.7,S
2021-06-18T09:28:36,700.0,29.7,S
2021-06-18T09:28:35,30100.0,29.7,S
2021-06-18T09:28:23,3900.0,29.6,S
2021-06-18T09:28:23,500.0,29.6,S
2021-06-18T09:28:20,2000.0,29.6,S
2021-06-18T09:28:10,5900.0,29.6,S
2021-06-18T09:27:59,10000.0,29.6,S
2021-06-18T09:27:51,4700.0,29.6,S
2021-06-18T09:27:48,400.0,29.6,S
2021-06-18T09:27:29,1000.0,29.6,S
2021-06-18T09:27:24,200.0,29.6,S
2021-06-18T09:27:03,2000.0,29.6,S
2021-06-18T09:26:57,400.0,29.7,B
2021-06-18T09:26:52,200.0,29.7,B
2021-06-18T09:26:48,2000.0,29.7,B
2021-06-18T09:26:41,100.0,29.7,B
2021-06-18T09:26:33,100.0,29.7,B
2021-06-18T09:26:25,2600.0,29.7,B
2021-06-18T09:26:25,100.0,29.7,B
2021-06-18T09:26:19,1000.0,29.7,B
2021-06-18T09:26:16,200.0,29.7,B
2021-06-18T09:25:50,1000.0,29.8,B
2021-06-18T09:25:48,1100.0,29.7,B
2021-06-18T09:25:47,500.0,29.8,B
2021-06-18T09:25:33,1500.0,29.8,B
2021-06-18T09:25:32,4000.0,29.7,S
2021-06-18T09:25:29,5000.0,29.6,S
2021-06-18T09:25:18,200.0,29.7,B
2021-06-18T09:25:06,7800.0,29.7,S
2021-06-18T09:25:05,5000.0,29.8,B
2021-06-18T09:24:48,300.0,29.8,B
2021-06-18T09:24:34,200.0,29.8,B
2021-06-18T09:24:27,2000.0,29.8,B
2021-06-18T09:24:26,20000.0,29.7,S
2021-06-18T09:24:19,800.0,29.8,B
2021-06-18T09:24:18,500.0,29.7,S
2021-06-18T09:24:13,2000.0,29.8,B
2021-06-18T09:24:11,2500.0,29.8,B
2021-06-18T09:23:43,2000.0,29.8,B
2021-06-18T09:23:31,1000.0,29.7,S
2021-06-18T09:23:14,400.0,29.7,S
2021-06-18T09:22:42,5000.0,29.7,S
2021-06-18T09:22:38,500.0,29.8,B
2021-06-18T09:22:36,400.0,29.8,B
2021-06-18T09:22:21,300.0,29.8,B
2021-06-18T09:22:19,4000.0,29.8,B
2021-06-18T09:22:06,700.0,29.8,B
2021-06-18T09:22:05,100.0,29.7,S
2021-06-18T09:21:59,200.0,29.7,S
2021-06-18T09:21:50,400.0,29.7,S
2021-06-18T09:21:44,200.0,29.8,B
2021-06-18T09:21:41,2000.0,29.8,S
2021-06-18T09:21:18,2000.0,29.9,B
2021-06-18T09:21:12,1000.0,29.9,B
2021-06-18T09:21:09,1400.0,29.8,S
2021-06-18T09:21:04,500.0,29.9,B
2021-06-18T09:21:03,3000.0,29.9,B
2021-06-18T09:20:57,2000.0,29.9,B
2021-06-18T09:20:43,1000.0,29.9,B
2021-06-18T09:20:40,1200.0,29.9,S
2021-06-18T09:20:38,5000.0,29.9,S
2021-06-18T09:20:32,2000.0,29.9,S
2021-06-18T09:20:31,1000.0,29.9,S
2021-06-18T09:20:24,300.0,29.9,S
2021-06-18T09:20:07,1000.0,29.9,S
2021-06-18T09:20:02,1400.0,30.0,B
2021-06-18T09:19:55,500.0,30.0,B
2021-06-18T09:19:50,3000.0,30.0,B
2021-06-18T09:19:45,1000.0,30.0,B
2021-06-18T09:19:44,1000.0,30.0,B
2021-06-18T09:19:44,1000.0,30.0,B
2021-06-18T09:19:39,3000.0,30.0,B
2021-06-18T09:19:36,200.0,30.0,B
2021-06-18T09:19:26,3600.0,30.0,B
2021-06-18T09:19:20,1800.0,30.0,B
2021-06-18T09:19:17,2000.0,30.0,B
2021-06-18T09:19:17,100.0,30.0,B
2021-06-18T09:19:15,1000.0,30.0,B
2021-06-18T09:19:13,300.0,30.0,B
2021-06-18T09:19:10,10000.0,30.0,B
2021-06-18T09:19:05,2000.0,30.0,B
2021-06-18T09:19:00,5000.0,30.0,B
2021-06-18T09:18:56,600.0,30.0,B
2021-06-18T09:18:52,5000.0,30.0,B
2021-06-18T09:18:49,200.0,30.0,B
2021-06-18T09:18:30,14000.0,30.0,B
2021-06-18T09:18:26,100.0,29.9,B
2021-06-18T09:18:26,1000.0,29.8,S
2021-06-18T09:18:25,1000.0,29.8,S
2021-06-18T09:18:20,1000.0,29.8,S
2021-06-18T09:18:19,100.0,29.8,S
2021-06-18T09:18:11,500.0,29.8,S
2021-06-18T09:17:54,200.0,29.8,S
2021-06-18T09:17:44,1000.0,29.8,S
2021-06-18T09:17:43,2000.0,29.8,S
2021-06-18T09:17:08,1000.0,29.8,S
2021-06-18T09:17:03,500.0,29.8,S
2021-06-18T09:17:02,500.0,29.9,B
2021-06-18T09:16:56,300.0,29.8,S
2021-06-18T09:16:56,200.0,29.8,S
2021-06-18T09:16:35,100.0,29.8,S
2021-06-18T09:16:20,2000.0,29.7,S
2021-06-18T09:16:17,10000.0,29.9,B
2021-06-18T09:16:14,2000.0,29.8,B
2021-06-18T09:16:03,10000.0,29.8,B
2021-06-18T09:16:03,2500.0,29.7,B
2021-06-18T09:16:02,3000.0,29.7,B
2021-06-18T09:15:49,800.0,29.7,B
2021-06-18T09:15:44,500.0,29.7,B
2021-06-18T09:15:21,5000.0,29.6,S
2021-06-18T09:15:09,2000.0,29.6,S
2021-06-18T09:15:08,500.0,29.7,B
2021-06-18T09:14:56,500.0,29.6,S
2021-06-18T09:14:44,300.0,29.6,S
2021-06-18T09:14:32,500.0,29.6,S
2021-06-18T09:14:20,3500.0,29.6,B
2021-06-18T09:14:04,500.0,29.6,B
2021-06-18T09:13:58,2000.0,29.6,B
2021-06-18T09:13:45,1500.0,29.6,B
2021-06-18T09:13:39,1000.0,29.6,S
2021-06-18T09:13:17,500.0,29.6,S
2021-06-18T09:13:08,1000.0,29.6,B
2021-06-18T09:12:27,1000.0,29.6,B
2021-06-18T09:12:20,3100.0,29.6,B
2021-06-18T09:11:45,600.0,29.5,S
2021-06-18T09:11:20,4600.0,29.4,S
2021-06-18T09:11:19,4300.0,29.5,S
2021-06-18T09:11:13,4200.0,29.6,B
2021-06-18T09:10:58,1000.0,29.5,S
2021-06-18T09:10:46,5000.0,29.5,S
2021-06-18T09:10:39,1900.0,29.6,B
2021-06-18T09:10:28,3000.0,29.6,S
2021-06-18T09:10:06,1100.0,29.6,S
2021-06-18T09:10:01,2500.0,29.6,S
2021-06-18T09:09:54,1500.0,29.6,S
2021-06-18T09:09:33,2000.0,29.7,B
2021-06-18T09:09:21,200.0,29.7,B
2021-06-18T09:08:57,500.0,29.7,B
2021-06-18T09:08:51,5000.0,29.7,B
2021-06-18T09:08:37,1000.0,29.7,B
2021-06-18T09:08:36,200.0,29.7,B
2021-06-18T09:08:34,100.0,29.7,B
2021-06-18T09:08:29,2700.0,29.7,B
2021-06-18T09:08:25,2000.0,29.7,S
2021-06-18T09:08:22,300.0,29.7,B
2021-06-18T09:08:21,100.0,29.7,B
2021-06-18T09:08:12,9600.0,29.7,S
2021-06-18T09:08:01,100.0,29.7,S
2021-06-18T09:07:54,1000.0,29.8,B
2021-06-18T09:07:44,2000.0,29.8,B
2021-06-18T09:07:40,200.0,29.7,S
2021-06-18T09:07:30,1100.0,29.7,S
2021-06-18T09:07:13,2400.0,29.7,S
2021-06-18T09:07:06,3000.0,29.7,B
2021-06-18T09:06:59,7000.0,29.7,S
2021-06-18T09:06:55,2900.0,29.6,S
2021-06-18T09:06:29,1000.0,29.8,B
2021-06-18T09:06:26,200.0,29.8,B
2021-06-18T09:06:17,400.0,29.7,S
2021-06-18T09:06:14,2000.0,29.7,S
2021-06-18T09:06:10,1000.0,29.7,S
2021-06-18T09:05:58,300.0,29.7,S
2021-06-18T09:05:55,2000.0,29.7,S
2021-06-18T09:05:50,1000.0,29.7,S
2021-06-18T09:05:44,800.0,29.8,B
2021-06-18T09:05:34,200.0,29.8,B
2021-06-18T09:05:10,500.0,29.7,S
2021-06-18T09:05:10,700.0,29.8,B
2021-06-18T09:05:08,500.0,29.8,S
2021-06-18T09:04:58,4000.0,29.8,S
2021-06-18T09:04:54,500.0,29.8,S
2021-06-18T09:04:53,2200.0,29.8,B
2021-06-18T09:04:49,1000.0,29.8,B
2021-06-18T09:04:21,100.0,29.8,B
2021-06-18T09:03:56,2000.0,29.8,B
2021-06-18T09:03:48,500.0,29.8,B
2021-06-18T09:03:44,1000.0,29.8,B
2021-06-18T09:03:39,200.0,29.8,B
2021-06-18T09:03:38,1000.0,29.8,B
2021-06-18T09:03:35,1000.0,29.8,B
2021-06-18T09:03:28,1000.0,29.7,S
2021-06-18T09:03:21,500.0,29.8,B
2021-06-18T09:03:19,5000.0,29.8,B
2021-06-18T09:03:18,200.0,29.8,B
2021-06-18T09:03:13,2000.0,29.8,B
2021-06-18T09:03:10,2000.0,29.8,B
2021-06-18T09:02:56,100.0,29.8,B
2021-06-18T09:02:42,200.0,29.8,B
2021-06-18T09:02:39,200.0,29.8,B
2021-06-18T09:02:14,1000.0,29.8,B
2021-06-18T09:01:54,2700.0,29.7,S
2021-06-18T09:01:51,200.0,29.7,B
2021-06-18T09:01:46,5000.0,29.6,B
2021-06-18T09:01:20,500.0,29.4,B
2021-06-18T09:01:10,500.0,29.4,B
2021-06-18T09:01:08,300.0,29.4,B
2021-06-18T09:00:54,100.0,29.4,B
2021-06-18T09:00:54,300.0,29.4,B
2021-06-18T09:00:54,8300.0,29.4,S
2021-06-18T09:00:44,1000.0,29.4,S
2021-06-18T09:00:40,6100.0,29.4,S
2021-06-18T09:00:20,1000.0,29.4,S
2021-06-18T09:00:10,12100.0,30.8,B
2021-06-18T09:00:08,200.0,29.4,S
