tradingTime,volume,price,side
2021-06-18T14:27:52,200.0,56.5,B
2021-06-18T14:27:29,1200.0,56.5,B
2021-06-18T14:25:49,700.0,56.3,S
2021-06-18T14:25:49,5400.0,56.3,S
2021-06-18T14:23:08,500.0,56.4,S
2021-06-18T14:22:29,300.0,56.4,S
2021-06-18T14:22:29,1000.0,56.5,S
2021-06-18T14:22:28,2300.0,56.5,S
2021-06-18T14:21:34,700.0,56.5,S
2021-06-18T14:21:32,200.0,56.5,B
2021-06-18T14:21:32,5000.0,56.3,S
2021-06-18T14:20:26,100.0,56.5,B
2021-06-18T14:20:26,900.0,56.6,B
2021-06-18T14:20:26,3100.0,56.6,B
2021-06-18T14:20:25,1700.0,56.6,B
2021-06-18T14:20:25,1000.0,56.6,B
2021-06-18T14:20:25,2600.0,56.6,B
2021-06-18T14:20:25,1400.0,56.5,B
2021-06-18T14:20:25,5000.0,56.5,B
2021-06-18T14:20:25,3700.0,56.5,B
2021-06-18T14:20:25,600.0,56.5,B
2021-06-18T14:20:25,14000.0,56.5,B
2021-06-18T14:20:24,3200.0,56.5,B
2021-06-18T14:20:23,200.0,56.4,S
2021-06-18T14:20:23,200.0,56.4,S
2021-06-18T14:20:23,3700.0,56.4,S
2021-06-18T14:20:23,5900.0,56.4,S
2021-06-18T14:20:23,600.0,56.4,S
2021-06-18T14:20:23,6200.0,56.4,S
2021-06-18T14:20:21,1000.0,56.5,B
2021-06-18T14:20:20,1000.0,56.5,B
2021-06-18T14:20:09,100.0,56.4,S
2021-06-18T14:18:09,800.0,56.5,B
2021-06-18T14:17:20,100.0,56.5,B
2021-06-18T14:17:08,3000.0,56.4,S
2021-06-18T14:16:57,700.0,56.4,S
2021-06-18T14:16:57,1100.0,56.4,S
2021-06-18T14:16:57,1100.0,56.4,S
2021-06-18T14:16:56,900.0,56.4,S
2021-06-18T14:16:08,200.0,56.4,S
2021-06-18T14:16:08,100.0,56.4,S
2021-06-18T14:16:08,7000.0,56.4,S
2021-06-18T14:15:50,900.0,56.5,B
2021-06-18T14:15:43,100.0,56.4,S
2021-06-18T14:15:41,1000.0,56.5,B
2021-06-18T14:15:35,2700.0,56.5,B
2021-06-18T14:15:35,400.0,56.5,B
2021-06-18T14:15:35,2400.0,56.5,B
2021-06-18T14:15:35,2000.0,56.4,S
2021-06-18T14:15:28,10000.0,56.5,B
2021-06-18T14:15:24,100.0,56.5,B
2021-06-18T14:15:15,100.0,56.5,B
2021-06-18T14:15:13,100.0,56.5,B
2021-06-18T14:15:13,100.0,56.5,B
2021-06-18T14:15:12,200.0,56.5,B
2021-06-18T14:15:06,400.0,56.5,B
2021-06-18T14:14:55,600.0,56.5,B
2021-06-18T14:14:55,1400.0,56.5,B
2021-06-18T14:14:41,200.0,56.5,B
2021-06-18T14:14:38,4500.0,56.4,S
2021-06-18T14:14:38,2000.0,56.4,S
2021-06-18T14:14:38,100.0,56.4,S
2021-06-18T14:14:38,3400.0,56.4,S
2021-06-18T14:14:31,500.0,56.4,S
2021-06-18T14:13:55,1500.0,56.4,S
2021-06-18T14:13:51,4000.0,56.4,S
2021-06-18T14:13:19,500.0,56.4,S
2021-06-18T14:13:19,300.0,56.4,S
2021-06-18T14:13:19,1200.0,56.4,S
2021-06-18T14:13:19,700.0,56.4,S
2021-06-18T14:13:19,1000.0,56.4,S
2021-06-18T14:13:18,600.0,56.4,S
2021-06-18T14:13:18,5700.0,56.4,S
2021-06-18T14:12:51,100.0,56.5,B
2021-06-18T14:12:38,500.0,56.4,S
2021-06-18T14:12:37,600.0,56.5,B
2021-06-18T14:12:29,100.0,56.5,B
2021-06-18T14:12:15,600.0,56.5,B
2021-06-18T14:12:03,300.0,56.5,B
2021-06-18T14:11:52,100.0,56.5,B
2021-06-18T14:11:52,1500.0,56.4,S
2021-06-18T14:11:37,100.0,56.4,S
2021-06-18T14:11:22,200.0,56.5,B
2021-06-18T14:11:16,600.0,56.5,B
2021-06-18T14:11:13,500.0,56.5,B
2021-06-18T14:10:59,100.0,56.5,B
2021-06-18T14:10:59,400.0,56.5,B
2021-06-18T14:10:45,500.0,56.5,B
2021-06-18T14:10:40,1000.0,56.4,S
2021-06-18T14:10:39,500.0,56.5,B
2021-06-18T14:10:27,100.0,56.5,S
2021-06-18T14:10:19,1500.0,56.4,S
2021-06-18T14:09:34,500.0,56.5,S
2021-06-18T14:09:26,100.0,56.5,S
2021-06-18T14:09:11,3100.0,56.5,S
2021-06-18T14:08:59,1000.0,56.5,S
2021-06-18T14:08:49,2000.0,56.5,S
2021-06-18T14:08:46,300.0,56.5,S
2021-06-18T14:08:46,2700.0,56.5,S
2021-06-18T14:08:41,100.0,56.5,S
2021-06-18T14:08:32,200.0,56.5,S
2021-06-18T14:08:14,300.0,56.5,S
2021-06-18T14:07:57,1000.0,56.5,S
2021-06-18T14:07:18,1800.0,56.5,S
2021-06-18T14:07:17,2000.0,56.5,S
2021-06-18T14:07:14,100.0,56.5,S
2021-06-18T14:07:12,1000.0,56.5,S
2021-06-18T14:07:10,500.0,56.5,S
2021-06-18T14:06:38,100.0,56.5,S
2021-06-18T14:06:26,200.0,56.5,S
2021-06-18T14:06:26,400.0,56.5,S
2021-06-18T14:06:26,1300.0,56.5,S
2021-06-18T14:06:26,3100.0,56.5,S
2021-06-18T14:04:56,1500.0,56.5,S
2021-06-18T14:04:56,900.0,56.5,S
2021-06-18T14:04:56,3000.0,56.5,S
2021-06-18T14:04:56,100.0,56.5,S
2021-06-18T14:04:56,1000.0,56.5,S
2021-06-18T14:04:49,100.0,56.5,S
2021-06-18T14:04:21,2000.0,56.5,S
2021-06-18T14:04:01,5000.0,56.5,S
2021-06-18T14:03:42,400.0,56.6,B
2021-06-18T14:03:33,2000.0,56.6,B
2021-06-18T14:03:27,100.0,56.6,B
2021-06-18T14:03:18,10000.0,56.6,B
2021-06-18T14:02:36,400.0,56.6,B
2021-06-18T14:01:01,200.0,56.6,S
2021-06-18T14:00:48,200.0,56.6,B
2021-06-18T14:00:45,200.0,56.6,B
2021-06-18T14:00:45,500.0,56.6,B
2021-06-18T14:00:34,100.0,56.6,B
2021-06-18T14:00:33,3000.0,56.6,B
2021-06-18T14:00:31,100.0,56.7,B
2021-06-18T14:00:10,2300.0,56.6,B
2021-06-18T14:00:04,100.0,56.6,B
2021-06-18T13:59:53,500.0,56.6,B
2021-06-18T13:59:40,300.0,56.6,B
2021-06-18T13:59:35,1300.0,56.5,S
2021-06-18T13:59:35,900.0,56.5,S
2021-06-18T13:59:34,200.0,56.6,B
2021-06-18T13:59:24,1100.0,56.6,B
2021-06-18T13:59:13,700.0,56.6,B
2021-06-18T13:59:12,5200.0,56.6,B
2021-06-18T13:59:03,200.0,56.6,B
2021-06-18T13:58:58,100.0,56.6,B
2021-06-18T13:58:57,3500.0,56.6,B
2021-06-18T13:58:51,10000.0,56.6,B
2021-06-18T13:58:24,2000.0,56.5,S
2021-06-18T13:58:21,100.0,56.5,S
2021-06-18T13:57:36,3000.0,56.5,S
2021-06-18T13:57:04,200.0,56.6,B
2021-06-18T13:56:52,200.0,56.6,B
2021-06-18T13:56:46,1000.0,56.5,S
2021-06-18T13:56:43,1200.0,56.6,B
2021-06-18T13:56:33,400.0,56.6,B
2021-06-18T13:56:33,200.0,56.6,B
2021-06-18T13:56:32,4300.0,56.6,B
2021-06-18T13:56:32,1100.0,56.6,B
2021-06-18T13:56:23,400.0,56.6,B
2021-06-18T13:56:23,12200.0,56.6,B
2021-06-18T13:56:23,1000.0,56.6,B
2021-06-18T13:56:23,200.0,56.6,B
2021-06-18T13:56:23,16200.0,56.6,B
2021-06-18T13:55:54,100.0,56.5,B
2021-06-18T13:55:48,500.0,56.5,B
2021-06-18T13:55:45,100.0,56.5,B
2021-06-18T13:55:22,400.0,56.5,B
2021-06-18T13:55:15,4500.0,56.5,B
2021-06-18T13:55:15,400.0,56.5,B
2021-06-18T13:55:02,1000.0,56.5,B
2021-06-18T13:54:49,1000.0,56.5,B
2021-06-18T13:54:48,5000.0,56.5,B
2021-06-18T13:53:54,100.0,56.5,B
2021-06-18T13:53:39,500.0,56.5,B
2021-06-18T13:53:32,100.0,56.5,B
2021-06-18T13:53:18,800.0,56.5,B
2021-06-18T13:53:16,100.0,56.5,B
2021-06-18T13:53:05,200.0,56.5,B
2021-06-18T13:52:54,800.0,56.5,B
2021-06-18T13:52:50,300.0,56.4,S
2021-06-18T13:52:45,100.0,56.5,B
2021-06-18T13:52:42,2000.0,56.5,B
2021-06-18T13:52:34,1000.0,56.5,S
2021-06-18T13:52:34,200.0,56.5,S
2021-06-18T13:52:34,300.0,56.5,S
2021-06-18T13:52:34,700.0,56.5,S
2021-06-18T13:52:25,3500.0,56.5,S
2021-06-18T13:52:25,1000.0,56.5,S
2021-06-18T13:52:25,5500.0,56.5,S
2021-06-18T13:52:12,500.0,56.5,S
2021-06-18T13:51:52,500.0,56.5,S
2021-06-18T13:51:37,2000.0,56.5,S
2021-06-18T13:51:17,100.0,56.6,B
2021-06-18T13:51:09,1000.0,56.5,S
2021-06-18T13:51:04,500.0,56.5,S
2021-06-18T13:51:01,200.0,56.6,B
2021-06-18T13:50:57,500.0,56.5,S
2021-06-18T13:50:55,100.0,56.5,S
2021-06-18T13:50:51,100.0,56.6,B
2021-06-18T13:50:46,1000.0,56.5,S
2021-06-18T13:50:44,500.0,56.6,B
2021-06-18T13:50:24,200.0,56.6,B
2021-06-18T13:50:09,1000.0,56.6,B
2021-06-18T13:49:49,600.0,56.5,S
2021-06-18T13:49:28,900.0,56.5,S
2021-06-18T13:49:25,200.0,56.5,S
2021-06-18T13:49:20,700.0,56.5,S
2021-06-18T13:49:20,1800.0,56.5,S
2021-06-18T13:49:18,2300.0,56.5,S
2021-06-18T13:49:18,2000.0,56.5,S
2021-06-18T13:49:17,4700.0,56.5,S
2021-06-18T13:49:12,400.0,56.5,S
2021-06-18T13:49:04,5000.0,56.5,S
2021-06-18T13:48:25,1000.0,56.5,S
2021-06-18T13:48:15,1400.0,56.5,S
2021-06-18T13:48:15,1000.0,56.5,S
2021-06-18T13:48:15,1600.0,56.5,S
2021-06-18T13:48:10,600.0,56.5,S
2021-06-18T13:48:10,1200.0,56.5,S
2021-06-18T13:47:44,300.0,56.5,S
2021-06-18T13:47:28,200.0,56.6,B
2021-06-18T13:47:18,100.0,56.5,S
2021-06-18T13:46:57,200.0,56.5,S
2021-06-18T13:46:50,100.0,56.6,B
2021-06-18T13:46:49,200.0,56.6,B
2021-06-18T13:46:44,500.0,56.5,S
2021-06-18T13:46:44,2500.0,56.5,S
2021-06-18T13:46:44,200.0,56.5,S
2021-06-18T13:46:36,300.0,56.6,B
2021-06-18T13:46:32,1000.0,56.6,B
2021-06-18T13:46:14,1500.0,56.6,B
2021-06-18T13:46:03,100.0,56.6,B
2021-06-18T13:45:57,100.0,56.5,S
2021-06-18T13:45:46,500.0,56.6,B
2021-06-18T13:45:44,10000.0,56.5,S
2021-06-18T13:45:19,100.0,56.6,B
2021-06-18T13:45:12,100.0,56.6,B
2021-06-18T13:44:58,400.0,56.6,B
2021-06-18T13:44:57,100.0,56.6,B
2021-06-18T13:44:51,100.0,56.6,B
2021-06-18T13:44:50,500.0,56.6,B
2021-06-18T13:44:33,700.0,56.6,B
2021-06-18T13:44:24,1300.0,56.6,B
2021-06-18T13:44:23,1200.0,56.6,B
2021-06-18T13:44:18,1000.0,56.6,B
2021-06-18T13:44:14,5000.0,56.6,B
2021-06-18T13:44:06,1300.0,56.6,B
2021-06-18T13:44:02,100.0,56.6,B
2021-06-18T13:44:02,200.0,56.6,B
2021-06-18T13:43:53,500.0,56.6,B
2021-06-18T13:43:52,100.0,56.6,B
2021-06-18T13:43:34,500.0,56.6,B
2021-06-18T13:43:21,400.0,56.6,B
2021-06-18T13:43:20,1300.0,56.5,S
2021-06-18T13:43:19,200.0,56.6,B
2021-06-18T13:43:17,600.0,56.6,B
2021-06-18T13:42:59,100.0,56.6,B
2021-06-18T13:42:55,3100.0,56.6,B
2021-06-18T13:42:35,200.0,56.6,B
2021-06-18T13:42:35,15500.0,56.6,B
2021-06-18T13:42:23,700.0,56.6,B
2021-06-18T13:42:23,300.0,56.6,B
2021-06-18T13:41:51,400.0,56.6,B
2021-06-18T13:41:43,600.0,56.6,B
2021-06-18T13:41:38,2000.0,56.6,B
2021-06-18T13:41:35,900.0,56.6,B
2021-06-18T13:41:35,200.0,56.6,B
2021-06-18T13:41:32,3000.0,56.6,B
2021-06-18T13:41:17,1000.0,56.6,B
2021-06-18T13:41:15,200.0,56.6,B
2021-06-18T13:41:14,200.0,56.6,B
2021-06-18T13:41:03,1000.0,56.6,B
2021-06-18T13:40:48,5000.0,56.6,B
2021-06-18T13:40:46,200.0,56.6,B
2021-06-18T13:40:31,1100.0,56.6,B
2021-06-18T13:40:18,4500.0,56.6,B
2021-06-18T13:40:18,100.0,56.6,B
2021-06-18T13:40:17,400.0,56.6,B
2021-06-18T13:40:15,100.0,56.5,S
2021-06-18T13:40:14,600.0,56.6,B
2021-06-18T13:39:57,100.0,56.6,B
2021-06-18T13:39:52,1000.0,56.5,S
2021-06-18T13:39:40,9000.0,56.5,S
2021-06-18T13:39:13,300.0,56.5,S
2021-06-18T13:39:12,300.0,56.5,S
2021-06-18T13:38:27,1000.0,56.5,S
2021-06-18T13:38:17,3000.0,56.5,S
2021-06-18T13:38:17,1000.0,56.5,S
2021-06-18T13:37:49,300.0,56.5,S
2021-06-18T13:37:40,800.0,56.5,S
2021-06-18T13:37:40,1100.0,56.5,S
2021-06-18T13:37:40,1300.0,56.5,S
2021-06-18T13:37:39,1800.0,56.5,S
2021-06-18T13:37:34,400.0,56.5,S
2021-06-18T13:36:57,200.0,56.5,S
2021-06-18T13:36:51,100.0,56.5,S
2021-06-18T13:36:50,100.0,56.5,S
2021-06-18T13:36:48,400.0,56.5,S
2021-06-18T13:36:43,200.0,56.5,S
2021-06-18T13:36:40,200.0,56.6,B
2021-06-18T13:36:32,1300.0,56.6,B
2021-06-18T13:36:21,100.0,56.6,B
2021-06-18T13:36:17,3700.0,56.6,B
2021-06-18T13:36:17,500.0,56.6,B
2021-06-18T13:36:16,800.0,56.6,B
2021-06-18T13:36:15,200.0,56.5,S
2021-06-18T13:36:14,1500.0,56.5,S
2021-06-18T13:36:09,100.0,56.6,B
2021-06-18T13:36:05,600.0,56.6,B
2021-06-18T13:36:02,300.0,56.5,S
2021-06-18T13:36:01,100.0,56.5,S
2021-06-18T13:35:52,1000.0,56.5,S
2021-06-18T13:35:46,1000.0,56.5,S
2021-06-18T13:35:46,1000.0,56.5,S
2021-06-18T13:35:45,200.0,56.5,S
2021-06-18T13:35:42,100.0,56.5,S
2021-06-18T13:34:50,3000.0,56.5,S
2021-06-18T13:34:46,3000.0,56.5,S
2021-06-18T13:34:38,100.0,56.5,S
2021-06-18T13:34:13,2500.0,56.5,S
2021-06-18T13:33:51,100.0,56.5,S
2021-06-18T13:32:50,200.0,56.6,B
2021-06-18T13:32:48,200.0,56.5,S
2021-06-18T13:32:40,1000.0,56.6,B
2021-06-18T13:32:29,5000.0,56.6,B
2021-06-18T13:32:24,100.0,56.5,S
2021-06-18T13:32:19,100.0,56.5,S
2021-06-18T13:32:16,200.0,56.6,B
2021-06-18T13:32:11,400.0,56.6,B
2021-06-18T13:32:02,900.0,56.6,B
2021-06-18T13:32:02,100.0,56.6,B
2021-06-18T13:31:58,1000.0,56.5,S
2021-06-18T13:31:51,200.0,56.6,B
2021-06-18T13:31:51,5000.0,56.6,B
2021-06-18T13:31:43,100.0,56.6,B
2021-06-18T13:31:41,1000.0,56.6,B
2021-06-18T13:31:30,400.0,56.6,B
2021-06-18T13:31:30,500.0,56.5,S
2021-06-18T13:31:23,1000.0,56.6,B
2021-06-18T13:30:45,200.0,56.6,B
2021-06-18T13:30:38,100.0,56.6,B
2021-06-18T13:30:34,100.0,56.5,S
2021-06-18T13:30:20,200.0,56.6,B
2021-06-18T13:30:18,200.0,56.6,B
2021-06-18T13:30:11,1200.0,56.6,B
2021-06-18T13:30:02,2700.0,56.6,B
2021-06-18T13:30:02,2300.0,56.6,B
2021-06-18T13:29:59,1000.0,56.6,B
2021-06-18T13:29:11,400.0,56.6,B
2021-06-18T13:28:37,100.0,56.6,B
2021-06-18T13:28:17,500.0,56.6,B
2021-06-18T13:28:00,900.0,56.6,B
2021-06-18T13:27:57,2000.0,56.5,S
2021-06-18T13:27:47,1700.0,56.5,S
2021-06-18T13:27:37,1000.0,56.5,S
2021-06-18T13:27:13,300.0,56.5,S
2021-06-18T13:27:11,5000.0,56.5,S
2021-06-18T13:26:55,100.0,56.5,S
2021-06-18T13:26:54,500.0,56.5,S
2021-06-18T13:26:42,4900.0,56.5,S
2021-06-18T13:26:41,300.0,56.5,S
2021-06-18T13:26:22,200.0,56.5,S
2021-06-18T13:26:22,100.0,56.5,S
2021-06-18T13:26:14,900.0,56.5,S
2021-06-18T13:26:07,1800.0,56.5,S
2021-06-18T13:26:00,2000.0,56.5,S
2021-06-18T13:25:42,100.0,56.5,S
2021-06-18T13:25:42,100.0,56.4,S
2021-06-18T13:25:31,100.0,56.5,S
2021-06-18T13:25:27,10600.0,56.6,B
2021-06-18T13:25:27,2000.0,56.6,B
2021-06-18T13:25:27,200.0,56.6,B
2021-06-18T13:25:27,5200.0,56.5,S
2021-06-18T13:25:23,600.0,56.5,S
2021-06-18T13:25:14,100.0,56.5,S
2021-06-18T13:25:10,500.0,56.5,S
2021-06-18T13:25:09,2800.0,56.5,S
2021-06-18T13:25:03,500.0,56.6,B
2021-06-18T13:24:59,100.0,56.6,B
2021-06-18T13:24:39,200.0,56.6,B
2021-06-18T13:24:37,600.0,56.6,B
2021-06-18T13:24:18,400.0,56.6,B
2021-06-18T13:24:17,500.0,56.6,B
2021-06-18T13:24:14,200.0,56.5,B
2021-06-18T13:24:08,200.0,56.5,B
2021-06-18T13:24:04,300.0,56.6,B
2021-06-18T13:24:04,600.0,56.6,B
2021-06-18T13:23:56,400.0,56.6,B
2021-06-18T13:23:54,800.0,56.6,B
2021-06-18T13:23:40,400.0,56.5,B
2021-06-18T13:23:40,100.0,56.5,B
2021-06-18T13:23:40,1100.0,56.5,B
2021-06-18T13:23:35,100.0,56.4,S
2021-06-18T13:23:33,500.0,56.5,B
2021-06-18T13:23:29,500.0,56.5,B
2021-06-18T13:22:48,500.0,56.4,S
2021-06-18T13:21:53,300.0,56.4,S
2021-06-18T13:21:29,200.0,56.4,S
2021-06-18T13:21:23,400.0,56.5,B
2021-06-18T13:21:21,100.0,56.5,B
2021-06-18T13:21:12,200.0,56.5,B
2021-06-18T13:20:50,300.0,56.5,B
2021-06-18T13:20:46,700.0,56.6,B
2021-06-18T13:20:23,500.0,56.6,B
2021-06-18T13:20:23,2500.0,56.6,B
2021-06-18T13:20:17,800.0,56.5,S
2021-06-18T13:20:12,300.0,56.6,B
2021-06-18T13:20:02,1300.0,56.6,B
2021-06-18T13:20:01,200.0,56.5,S
2021-06-18T13:19:51,500.0,56.6,B
2021-06-18T13:19:46,800.0,56.5,S
2021-06-18T13:19:45,2700.0,56.6,B
2021-06-18T13:19:45,500.0,56.6,B
2021-06-18T13:19:44,1000.0,56.6,B
2021-06-18T13:19:44,1400.0,56.6,B
2021-06-18T13:19:31,100.0,56.6,B
2021-06-18T13:19:28,1000.0,56.4,S
2021-06-18T13:19:28,4000.0,56.4,S
2021-06-18T13:19:28,200.0,56.4,S
2021-06-18T13:19:28,2300.0,56.4,S
2021-06-18T13:19:28,3500.0,56.4,S
2021-06-18T13:19:28,3000.0,56.5,S
2021-06-18T13:19:28,5500.0,56.5,S
2021-06-18T13:19:28,2000.0,56.5,S
2021-06-18T13:19:28,1100.0,56.5,S
2021-06-18T13:19:28,5400.0,56.5,S
2021-06-18T13:19:20,500.0,56.6,B
2021-06-18T13:19:12,1000.0,56.5,S
2021-06-18T13:19:11,4000.0,56.5,S
2021-06-18T13:18:55,200.0,56.6,B
2021-06-18T13:18:55,100.0,56.6,B
2021-06-18T13:18:29,100.0,56.6,B
2021-06-18T13:18:24,100.0,56.6,B
2021-06-18T13:18:21,100.0,56.6,B
2021-06-18T13:18:14,500.0,56.5,S
2021-06-18T13:18:13,200.0,56.6,B
2021-06-18T13:18:09,100.0,56.6,B
2021-06-18T13:18:06,300.0,56.6,B
2021-06-18T13:18:06,100.0,56.6,B
2021-06-18T13:18:03,1000.0,56.6,B
2021-06-18T13:17:50,2000.0,56.6,B
2021-06-18T13:16:41,200.0,56.6,B
2021-06-18T13:16:31,1000.0,56.6,B
2021-06-18T13:16:14,1300.0,56.6,B
2021-06-18T13:16:14,2200.0,56.5,S
2021-06-18T13:16:14,1000.0,56.5,S
2021-06-18T13:16:14,600.0,56.5,S
2021-06-18T13:16:04,100.0,56.6,B
2021-06-18T13:16:04,600.0,56.6,B
2021-06-18T13:15:37,200.0,56.6,B
2021-06-18T13:15:32,100.0,56.6,B
2021-06-18T13:15:21,400.0,56.6,B
2021-06-18T13:15:17,200.0,56.6,B
2021-06-18T13:15:13,100.0,56.6,B
2021-06-18T13:15:09,2000.0,56.6,B
2021-06-18T13:15:02,500.0,56.6,B
2021-06-18T13:14:59,300.0,56.6,B
2021-06-18T13:14:59,100.0,56.6,B
2021-06-18T13:14:53,200.0,56.6,B
2021-06-18T13:14:43,100.0,56.6,B
2021-06-18T13:14:37,500.0,56.6,B
2021-06-18T13:14:32,1000.0,56.6,B
2021-06-18T13:13:18,200.0,56.6,B
2021-06-18T13:12:38,300.0,56.7,B
2021-06-18T13:11:21,200.0,56.7,B
2021-06-18T13:11:12,1000.0,56.7,B
2021-06-18T13:10:52,10000.0,56.5,S
2021-06-18T13:10:23,1100.0,56.6,B
2021-06-18T13:10:04,1000.0,56.6,B
2021-06-18T13:08:24,500.0,56.5,S
2021-06-18T13:08:02,300.0,56.6,B
2021-06-18T13:07:44,100.0,56.6,B
2021-06-18T13:06:52,200.0,56.6,S
2021-06-18T13:06:43,800.0,56.6,S
2021-06-18T13:06:41,500.0,56.6,S
2021-06-18T13:06:31,3500.0,56.6,S
2021-06-18T13:06:31,500.0,56.7,B
2021-06-18T13:06:25,100.0,56.7,B
2021-06-18T13:06:19,500.0,56.7,B
2021-06-18T13:06:09,500.0,56.7,B
2021-06-18T13:06:08,100.0,56.7,B
2021-06-18T13:06:08,200.0,56.7,B
2021-06-18T13:06:01,1000.0,56.6,S
2021-06-18T13:05:45,300.0,56.7,B
2021-06-18T13:05:45,1600.0,56.7,B
2021-06-18T13:05:33,4000.0,56.7,B
2021-06-18T13:05:29,100.0,56.6,B
2021-06-18T13:05:29,2000.0,56.6,B
2021-06-18T13:05:29,3800.0,56.6,B
2021-06-18T13:05:20,100.0,56.5,B
2021-06-18T13:05:17,500.0,56.5,B
2021-06-18T13:05:09,300.0,56.6,B
2021-06-18T13:05:09,1000.0,56.6,B
2021-06-18T13:05:08,1500.0,56.6,B
2021-06-18T13:05:08,10300.0,56.6,B
2021-06-18T13:05:08,500.0,56.5,B
2021-06-18T13:05:08,2200.0,56.5,B
2021-06-18T13:05:08,900.0,56.5,B
2021-06-18T13:05:08,100.0,56.5,B
2021-06-18T13:05:08,100.0,56.5,B
2021-06-18T13:05:08,600.0,56.5,B
2021-06-18T13:05:08,5000.0,56.5,B
2021-06-18T13:05:08,5800.0,56.5,B
2021-06-18T13:05:08,10600.0,56.5,B
2021-06-18T13:05:08,800.0,56.5,B
2021-06-18T13:05:07,10300.0,56.5,B
2021-06-18T13:05:06,600.0,56.5,B
2021-06-18T13:04:58,600.0,56.5,B
2021-06-18T13:04:54,1000.0,56.5,B
2021-06-18T13:04:52,200.0,56.5,B
2021-06-18T13:04:49,500.0,56.5,B
2021-06-18T13:04:48,600.0,56.5,B
2021-06-18T13:04:47,200.0,56.5,B
2021-06-18T13:04:44,500.0,56.5,B
2021-06-18T13:04:43,200.0,56.5,B
2021-06-18T13:04:38,2100.0,56.4,S
2021-06-18T13:04:38,500.0,56.5,B
2021-06-18T13:04:32,1200.0,56.5,B
2021-06-18T13:04:29,100.0,56.5,B
2021-06-18T13:04:24,200.0,56.5,B
2021-06-18T13:04:24,500.0,56.5,B
2021-06-18T13:04:19,1000.0,56.5,B
2021-06-18T13:04:09,100.0,56.5,B
2021-06-18T13:03:52,400.0,56.5,B
2021-06-18T13:03:42,100.0,56.5,B
2021-06-18T13:03:34,200.0,56.5,B
2021-06-18T13:03:31,500.0,56.5,B
2021-06-18T13:03:23,500.0,56.5,B
2021-06-18T13:03:22,700.0,56.5,B
2021-06-18T13:03:19,100.0,56.5,B
2021-06-18T13:03:11,400.0,56.5,B
2021-06-18T13:03:10,100.0,56.5,B
2021-06-18T13:03:03,500.0,56.5,B
2021-06-18T13:03:00,200.0,56.5,B
2021-06-18T13:02:50,100.0,56.5,B
2021-06-18T13:02:48,400.0,56.5,B
2021-06-18T13:02:46,2200.0,56.5,B
2021-06-18T13:02:42,400.0,56.5,B
2021-06-18T13:02:42,400.0,56.5,B
2021-06-18T13:02:32,10000.0,56.5,B
2021-06-18T13:02:29,1000.0,56.5,B
2021-06-18T13:02:23,2200.0,56.5,B
2021-06-18T13:01:53,100.0,56.5,B
2021-06-18T13:01:50,10000.0,56.5,B
2021-06-18T13:01:49,500.0,56.5,B
2021-06-18T13:01:45,500.0,56.5,B
2021-06-18T13:01:43,200.0,56.5,B
2021-06-18T13:01:40,500.0,56.5,B
2021-06-18T13:01:28,600.0,56.5,B
2021-06-18T13:01:24,400.0,56.5,B
2021-06-18T13:01:09,400.0,56.5,B
2021-06-18T13:01:07,500.0,56.5,B
2021-06-18T13:01:04,100.0,56.5,B
2021-06-18T13:00:46,600.0,56.5,B
2021-06-18T13:00:43,2400.0,56.5,B
2021-06-18T13:00:39,500.0,56.4,S
2021-06-18T13:00:38,100.0,56.5,B
2021-06-18T13:00:32,8000.0,56.5,B
2021-06-18T13:00:32,1000.0,56.4,S
2021-06-18T13:00:29,1900.0,56.4,S
2021-06-18T13:00:27,400.0,56.5,B
2021-06-18T13:00:27,700.0,56.5,B
2021-06-18T11:30:11,400.0,56.5,B
2021-06-18T11:30:11,600.0,56.5,B
2021-06-18T11:29:36,3500.0,56.4,S
2021-06-18T11:29:36,6400.0,56.4,S
2021-06-18T11:29:36,100.0,56.4,S
2021-06-18T11:28:58,200.0,56.4,S
2021-06-18T11:28:35,200.0,56.4,S
2021-06-18T11:27:20,500.0,56.4,S
2021-06-18T11:27:20,2000.0,56.4,S
2021-06-18T11:27:13,300.0,56.4,S
2021-06-18T11:25:40,100.0,56.4,S
2021-06-18T11:25:26,1100.0,56.4,S
2021-06-18T11:24:53,1500.0,56.4,S
2021-06-18T11:24:53,500.0,56.4,S
2021-06-18T11:24:51,1000.0,56.4,S
2021-06-18T11:24:19,2000.0,56.4,S
2021-06-18T11:23:47,1000.0,56.4,S
2021-06-18T11:23:32,200.0,56.4,B
2021-06-18T11:23:23,200.0,56.4,S
2021-06-18T11:23:18,200.0,56.4,B
2021-06-18T11:23:18,400.0,56.4,B
2021-06-18T11:23:18,2700.0,56.4,B
2021-06-18T11:22:52,100.0,56.4,B
2021-06-18T11:22:45,300.0,56.4,B
2021-06-18T11:22:36,500.0,56.4,B
2021-06-18T11:22:11,400.0,56.4,B
2021-06-18T11:22:02,400.0,56.4,B
2021-06-18T11:22:01,2000.0,56.4,B
2021-06-18T11:21:54,1000.0,56.4,B
2021-06-18T11:21:53,400.0,56.4,B
2021-06-18T11:21:49,500.0,56.4,B
2021-06-18T11:21:45,400.0,56.4,B
2021-06-18T11:21:43,2000.0,56.4,B
2021-06-18T11:21:25,6000.0,56.4,B
2021-06-18T11:21:25,300.0,56.4,B
2021-06-18T11:21:25,3700.0,56.4,B
2021-06-18T11:20:24,200.0,56.4,B
2021-06-18T11:20:10,1000.0,56.4,B
2021-06-18T11:20:06,100.0,56.4,B
2021-06-18T11:19:15,500.0,56.3,S
2021-06-18T11:19:09,300.0,56.4,B
2021-06-18T11:18:26,600.0,56.3,S
2021-06-18T11:18:26,1000.0,56.3,S
2021-06-18T11:18:26,700.0,56.3,S
2021-06-18T11:18:26,400.0,56.3,S
2021-06-18T11:18:26,1100.0,56.4,S
2021-06-18T11:18:26,6200.0,56.4,S
2021-06-18T11:18:10,1000.0,56.4,S
2021-06-18T11:17:00,100.0,56.4,S
2021-06-18T11:16:52,200.0,56.5,B
2021-06-18T11:16:41,5000.0,56.4,S
2021-06-18T11:16:37,2000.0,56.4,S
2021-06-18T11:16:36,1000.0,56.5,B
2021-06-18T11:16:07,1000.0,56.4,S
2021-06-18T11:15:43,500.0,56.4,S
2021-06-18T11:15:43,500.0,56.4,S
2021-06-18T11:15:43,2000.0,56.4,S
2021-06-18T11:15:41,3000.0,56.4,S
2021-06-18T11:15:21,1400.0,56.4,S
2021-06-18T11:15:13,2000.0,56.4,S
2021-06-18T11:15:02,100.0,56.5,B
2021-06-18T11:14:51,300.0,56.5,B
2021-06-18T11:14:46,500.0,56.4,S
2021-06-18T11:14:40,1600.0,56.5,B
2021-06-18T11:14:03,500.0,56.4,S
2021-06-18T11:14:01,300.0,56.5,B
2021-06-18T11:13:40,500.0,56.4,S
2021-06-18T11:13:31,100.0,56.5,B
2021-06-18T11:13:22,400.0,56.5,B
2021-06-18T11:13:17,500.0,56.5,B
2021-06-18T11:13:14,1000.0,56.5,B
2021-06-18T11:13:11,1000.0,56.4,S
2021-06-18T11:12:02,100.0,56.5,B
2021-06-18T11:11:51,600.0,56.5,B
2021-06-18T11:11:42,200.0,56.5,B
2021-06-18T11:11:31,1200.0,56.5,B
2021-06-18T11:11:19,3000.0,56.5,B
2021-06-18T11:11:17,3000.0,56.3,S
2021-06-18T11:11:13,100.0,56.5,B
2021-06-18T11:11:02,500.0,56.5,B
2021-06-18T11:11:01,100.0,56.4,S
2021-06-18T11:10:54,3000.0,56.5,B
2021-06-18T11:10:41,100.0,56.4,B
2021-06-18T11:10:28,100.0,56.3,S
2021-06-18T11:09:20,100.0,56.3,S
2021-06-18T11:09:19,2000.0,56.4,B
2021-06-18T11:09:19,400.0,56.3,S
2021-06-18T11:09:04,1000.0,56.3,S
2021-06-18T11:09:04,600.0,56.3,S
2021-06-18T11:08:27,500.0,56.3,S
2021-06-18T11:08:14,100.0,56.3,S
2021-06-18T11:07:46,5000.0,56.3,S
2021-06-18T11:07:35,1000.0,56.3,S
2021-06-18T11:07:21,100.0,56.4,B
2021-06-18T11:07:06,500.0,56.4,B
2021-06-18T11:06:32,100.0,56.4,B
2021-06-18T11:06:13,100.0,56.4,B
2021-06-18T11:06:12,100.0,56.4,B
2021-06-18T11:05:56,900.0,56.4,B
2021-06-18T11:05:42,100.0,56.4,B
2021-06-18T11:05:32,800.0,56.4,B
2021-06-18T11:05:22,4400.0,56.4,B
2021-06-18T11:05:11,1000.0,56.4,S
2021-06-18T11:05:11,5000.0,56.4,S
2021-06-18T11:05:06,200.0,56.4,S
2021-06-18T11:05:06,6100.0,56.4,S
2021-06-18T11:05:06,2400.0,56.4,S
2021-06-18T11:05:06,3500.0,56.4,S
2021-06-18T11:05:06,1200.0,56.4,S
2021-06-18T11:05:06,500.0,56.4,S
2021-06-18T11:05:06,1000.0,56.4,S
2021-06-18T11:05:06,1200.0,56.4,S
2021-06-18T11:04:57,15800.0,56.4,S
2021-06-18T11:04:57,1500.0,56.4,S
2021-06-18T11:04:57,1900.0,56.4,S
2021-06-18T11:04:57,400.0,56.4,S
2021-06-18T11:04:56,5400.0,56.4,S
2021-06-18T11:04:54,1200.0,56.4,S
2021-06-18T11:04:51,100.0,56.5,B
2021-06-18T11:04:18,1300.0,56.4,S
2021-06-18T11:04:18,8700.0,56.4,S
2021-06-18T11:04:17,200.0,56.4,S
2021-06-18T11:04:17,100.0,56.4,S
2021-06-18T11:04:03,1000.0,56.4,S
2021-06-18T11:03:23,1000.0,56.4,S
2021-06-18T11:03:16,100.0,56.5,B
2021-06-18T11:03:13,1000.0,56.4,S
2021-06-18T11:02:53,400.0,56.5,B
2021-06-18T11:02:16,100.0,56.5,B
2021-06-18T11:02:11,200.0,56.5,B
2021-06-18T11:02:10,100.0,56.5,B
2021-06-18T11:01:17,200.0,56.5,B
2021-06-18T11:01:09,1000.0,56.5,B
2021-06-18T11:00:47,1000.0,56.4,S
2021-06-18T10:59:52,400.0,56.5,B
2021-06-18T10:59:42,2000.0,56.5,B
2021-06-18T10:59:24,200.0,56.5,B
2021-06-18T10:59:07,1000.0,56.5,B
2021-06-18T10:58:12,200.0,56.5,B
2021-06-18T10:58:01,1200.0,56.5,B
2021-06-18T10:57:54,100.0,56.5,B
2021-06-18T10:57:51,100.0,56.4,S
2021-06-18T10:57:51,300.0,56.4,S
2021-06-18T10:57:51,2100.0,56.4,S
2021-06-18T10:57:51,3600.0,56.4,S
2021-06-18T10:57:36,4000.0,56.4,S
2021-06-18T10:57:26,2000.0,56.4,S
2021-06-18T10:57:24,1900.0,56.4,S
2021-06-18T10:57:21,300.0,56.4,S
2021-06-18T10:57:05,5000.0,56.4,S
2021-06-18T10:56:23,300.0,56.5,B
2021-06-18T10:56:12,500.0,56.5,B
2021-06-18T10:56:10,1000.0,56.4,S
2021-06-18T10:55:51,1000.0,56.4,S
2021-06-18T10:55:41,300.0,56.4,S
2021-06-18T10:55:06,900.0,56.5,B
2021-06-18T10:54:47,1000.0,56.4,S
2021-06-18T10:54:31,600.0,56.5,B
2021-06-18T10:54:19,100.0,56.4,S
2021-06-18T10:54:06,1000.0,56.5,B
2021-06-18T10:53:55,3700.0,56.5,S
2021-06-18T10:53:55,4000.0,56.5,S
2021-06-18T10:53:55,2200.0,56.5,S
2021-06-18T10:53:55,2400.0,56.5,S
2021-06-18T10:53:55,100.0,56.5,S
2021-06-18T10:53:55,700.0,56.5,S
2021-06-18T10:53:55,10100.0,56.5,S
2021-06-18T10:53:55,1200.0,56.5,S
2021-06-18T10:53:55,1800.0,56.5,S
2021-06-18T10:53:55,300.0,56.5,S
2021-06-18T10:53:55,6200.0,56.5,S
2021-06-18T10:53:55,1700.0,56.5,S
2021-06-18T10:53:55,2000.0,56.5,S
2021-06-18T10:53:55,4100.0,56.5,S
2021-06-18T10:53:55,2300.0,56.5,S
2021-06-18T10:53:55,800.0,56.5,S
2021-06-18T10:53:55,1100.0,56.5,S
2021-06-18T10:53:55,1100.0,56.5,S
2021-06-18T10:53:55,900.0,56.5,S
2021-06-18T10:53:55,5400.0,56.5,S
2021-06-18T10:53:55,2500.0,56.5,S
2021-06-18T10:53:55,300.0,56.5,S
2021-06-18T10:53:53,1000.0,56.5,S
2021-06-18T10:53:53,8300.0,56.5,S
2021-06-18T10:53:31,10000.0,56.5,S
2021-06-18T10:53:31,1500.0,56.6,B
2021-06-18T10:53:31,500.0,56.6,B
2021-06-18T10:53:31,1000.0,56.6,B
2021-06-18T10:53:26,1000.0,56.5,S
2021-06-18T10:53:12,2000.0,56.5,S
2021-06-18T10:53:11,400.0,56.6,B
2021-06-18T10:53:08,3000.0,56.6,B
2021-06-18T10:53:08,100.0,56.6,B
2021-06-18T10:52:42,2000.0,56.6,B
2021-06-18T10:52:27,100.0,56.5,S
2021-06-18T10:52:26,3300.0,56.5,S
2021-06-18T10:51:47,200.0,56.5,S
2021-06-18T10:51:30,1000.0,56.6,B
2021-06-18T10:51:13,6000.0,56.5,S
2021-06-18T10:50:51,100.0,56.6,B
2021-06-18T10:50:36,500.0,56.6,S
2021-06-18T10:50:28,2700.0,56.6,S
2021-06-18T10:50:26,100.0,56.5,S
2021-06-18T10:50:24,11000.0,56.6,S
2021-06-18T10:49:51,1000.0,56.7,B
2021-06-18T10:49:32,2000.0,56.5,S
2021-06-18T10:49:13,100.0,56.6,B
2021-06-18T10:49:06,5000.0,56.6,B
2021-06-18T10:49:01,500.0,56.6,B
2021-06-18T10:48:41,100.0,56.6,B
2021-06-18T10:48:32,3100.0,56.6,B
2021-06-18T10:48:29,2700.0,56.6,B
2021-06-18T10:47:48,2400.0,56.6,B
2021-06-18T10:47:04,100.0,56.6,B
2021-06-18T10:46:44,2000.0,56.6,S
2021-06-18T10:46:34,2900.0,56.6,S
2021-06-18T10:46:34,700.0,56.6,S
2021-06-18T10:46:34,100.0,56.6,S
2021-06-18T10:46:34,600.0,56.6,S
2021-06-18T10:46:33,4600.0,56.6,S
2021-06-18T10:46:26,2700.0,56.7,B
2021-06-18T10:46:24,700.0,56.7,B
2021-06-18T10:46:23,300.0,56.7,B
2021-06-18T10:46:01,900.0,56.7,B
2021-06-18T10:45:05,100.0,56.7,B
2021-06-18T10:44:58,1500.0,56.7,B
2021-06-18T10:44:48,200.0,56.6,S
2021-06-18T10:44:24,500.0,56.7,B
2021-06-18T10:44:12,500.0,56.6,S
2021-06-18T10:43:59,5000.0,56.7,B
2021-06-18T10:43:58,1700.0,56.7,B
2021-06-18T10:43:58,200.0,56.7,B
2021-06-18T10:43:58,2100.0,56.7,B
2021-06-18T10:43:45,100.0,56.7,B
2021-06-18T10:43:44,900.0,56.7,B
2021-06-18T10:43:43,100.0,56.6,S
2021-06-18T10:43:43,900.0,56.6,S
2021-06-18T10:43:31,1000.0,56.6,S
2021-06-18T10:43:21,100.0,56.6,S
2021-06-18T10:43:16,100.0,56.6,S
2021-06-18T10:42:37,100.0,56.6,S
2021-06-18T10:42:36,100.0,56.6,S
2021-06-18T10:42:36,2800.0,56.6,S
2021-06-18T10:42:36,2200.0,56.6,S
2021-06-18T10:42:33,500.0,56.6,S
2021-06-18T10:42:27,300.0,56.6,S
2021-06-18T10:42:03,500.0,56.6,S
2021-06-18T10:41:50,2000.0,56.6,S
2021-06-18T10:41:41,1000.0,56.6,S
2021-06-18T10:41:37,1000.0,56.6,S
2021-06-18T10:41:36,100.0,56.6,S
2021-06-18T10:40:23,1000.0,56.6,S
2021-06-18T10:40:16,2900.0,56.7,B
2021-06-18T10:39:49,1000.0,56.7,B
2021-06-18T10:39:25,7000.0,56.6,S
2021-06-18T10:38:36,5000.0,56.7,B
2021-06-18T10:38:22,1300.0,56.6,S
2021-06-18T10:38:22,3000.0,56.6,S
2021-06-18T10:38:21,500.0,56.6,S
2021-06-18T10:38:21,200.0,56.6,S
2021-06-18T10:38:11,200.0,56.6,S
2021-06-18T10:37:45,1000.0,56.6,S
2021-06-18T10:37:29,100.0,56.6,S
2021-06-18T10:36:59,1000.0,56.6,S
2021-06-18T10:36:32,2400.0,56.6,S
2021-06-18T10:36:31,1200.0,56.6,S
2021-06-18T10:36:21,100.0,56.7,B
2021-06-18T10:36:21,900.0,56.7,B
2021-06-18T10:36:21,2100.0,56.7,B
2021-06-18T10:36:21,1300.0,56.7,B
2021-06-18T10:36:21,400.0,56.7,B
2021-06-18T10:36:21,200.0,56.7,B
2021-06-18T10:36:07,200.0,56.7,B
2021-06-18T10:35:50,400.0,56.6,S
2021-06-18T10:35:42,1000.0,56.7,B
2021-06-18T10:35:34,100.0,56.6,S
2021-06-18T10:35:26,1000.0,56.6,S
2021-06-18T10:34:38,1000.0,56.6,S
2021-06-18T10:33:51,400.0,56.6,S
2021-06-18T10:33:33,500.0,56.6,S
2021-06-18T10:33:29,1000.0,56.7,B
2021-06-18T10:33:27,10500.0,56.7,B
2021-06-18T10:32:59,200.0,56.7,B
2021-06-18T10:32:54,1200.0,56.6,S
2021-06-18T10:32:54,600.0,56.7,B
2021-06-18T10:32:38,100.0,56.6,S
2021-06-18T10:32:25,300.0,56.6,S
2021-06-18T10:32:17,1000.0,56.6,S
2021-06-18T10:32:04,1000.0,56.6,S
2021-06-18T10:31:58,500.0,56.6,S
2021-06-18T10:31:49,1000.0,56.6,S
2021-06-18T10:31:25,1000.0,56.7,B
2021-06-18T10:31:13,900.0,56.6,S
2021-06-18T10:31:13,100.0,56.6,S
2021-06-18T10:31:04,1000.0,56.7,B
2021-06-18T10:30:35,2000.0,56.6,S
2021-06-18T10:30:27,700.0,56.6,S
2021-06-18T10:30:23,100.0,56.7,B
2021-06-18T10:30:16,100.0,56.6,S
2021-06-18T10:30:09,400.0,56.6,S
2021-06-18T10:30:06,100.0,56.6,S
2021-06-18T10:30:03,100.0,56.6,S
2021-06-18T10:30:03,200.0,56.6,S
2021-06-18T10:29:48,800.0,56.6,S
2021-06-18T10:29:48,1500.0,56.6,S
2021-06-18T10:29:32,200.0,56.6,S
2021-06-18T10:29:30,700.0,56.6,S
2021-06-18T10:29:16,600.0,56.6,S
2021-06-18T10:29:16,4400.0,56.6,S
2021-06-18T10:29:06,700.0,56.6,S
2021-06-18T10:29:05,300.0,56.6,S
2021-06-18T10:29:03,1000.0,56.6,S
2021-06-18T10:28:05,500.0,56.6,S
2021-06-18T10:27:56,1000.0,56.6,S
2021-06-18T10:27:56,800.0,56.6,S
2021-06-18T10:27:55,200.0,56.6,S
2021-06-18T10:27:50,2000.0,56.6,S
2021-06-18T10:27:32,2400.0,56.6,S
2021-06-18T10:27:32,300.0,56.6,S
2021-06-18T10:27:32,300.0,56.6,S
2021-06-18T10:27:30,400.0,56.6,S
2021-06-18T10:27:25,500.0,56.6,S
2021-06-18T10:27:08,2000.0,56.6,S
2021-06-18T10:26:50,200.0,56.6,S
2021-06-18T10:26:40,2100.0,56.6,S
2021-06-18T10:26:39,500.0,56.6,S
2021-06-18T10:26:24,1000.0,56.7,B
2021-06-18T10:26:15,500.0,56.6,S
2021-06-18T10:26:15,100.0,56.6,S
2021-06-18T10:26:15,300.0,56.6,S
2021-06-18T10:26:15,700.0,56.6,S
2021-06-18T10:26:15,100.0,56.6,S
2021-06-18T10:26:15,300.0,56.6,S
2021-06-18T10:26:01,10000.0,56.6,S
2021-06-18T10:25:34,500.0,56.6,S
2021-06-18T10:25:34,500.0,56.6,S
2021-06-18T10:25:33,300.0,56.7,B
2021-06-18T10:25:18,2000.0,56.7,B
2021-06-18T10:24:39,200.0,56.6,S
2021-06-18T10:24:33,1000.0,56.7,B
2021-06-18T10:23:52,100.0,56.6,S
2021-06-18T10:23:51,2000.0,56.6,S
2021-06-18T10:23:47,5000.0,56.6,S
2021-06-18T10:23:33,500.0,56.6,S
2021-06-18T10:23:01,100.0,56.6,S
2021-06-18T10:22:59,100.0,56.6,S
2021-06-18T10:22:37,100.0,56.6,S
2021-06-18T10:22:33,500.0,56.6,S
2021-06-18T10:22:08,2000.0,56.6,S
2021-06-18T10:22:08,500.0,56.6,S
2021-06-18T10:22:08,3500.0,56.6,S
2021-06-18T10:22:08,1000.0,56.6,S
2021-06-18T10:22:08,10200.0,56.6,S
2021-06-18T10:22:08,2800.0,56.6,S
2021-06-18T10:21:58,200.0,56.6,S
2021-06-18T10:21:46,1000.0,56.6,S
2021-06-18T10:21:20,400.0,56.6,S
2021-06-18T10:21:13,200.0,56.6,S
2021-06-18T10:20:48,100.0,56.6,S
2021-06-18T10:20:47,5000.0,56.6,S
2021-06-18T10:20:26,2000.0,56.6,S
2021-06-18T10:20:22,1100.0,56.6,S
2021-06-18T10:20:13,400.0,56.6,S
2021-06-18T10:19:27,600.0,56.6,S
2021-06-18T10:19:23,400.0,56.7,B
2021-06-18T10:19:13,500.0,56.7,B
2021-06-18T10:19:04,1000.0,56.7,B
2021-06-18T10:19:04,500.0,56.7,B
2021-06-18T10:18:55,200.0,56.7,B
2021-06-18T10:18:36,200.0,56.7,B
2021-06-18T10:18:07,500.0,56.7,B
2021-06-18T10:18:04,100.0,56.7,B
2021-06-18T10:18:04,200.0,56.7,B
2021-06-18T10:18:04,1000.0,56.7,B
2021-06-18T10:18:02,1000.0,56.7,B
2021-06-18T10:17:48,1300.0,56.7,B
2021-06-18T10:17:47,1600.0,56.7,B
2021-06-18T10:17:43,2000.0,56.7,B
2021-06-18T10:17:34,10000.0,56.7,S
2021-06-18T10:17:11,6400.0,56.7,S
2021-06-18T10:17:01,1000.0,56.7,S
2021-06-18T10:16:57,600.0,56.7,S
2021-06-18T10:16:45,5000.0,56.8,B
2021-06-18T10:16:28,1000.0,56.8,B
2021-06-18T10:16:04,600.0,56.7,S
2021-06-18T10:15:38,500.0,56.8,B
2021-06-18T10:15:37,5000.0,56.7,S
2021-06-18T10:15:34,1000.0,56.7,S
2021-06-18T10:15:28,1000.0,56.8,B
2021-06-18T10:15:14,25000.0,56.7,S
2021-06-18T10:14:42,100.0,56.7,B
2021-06-18T10:14:34,700.0,56.7,B
2021-06-18T10:14:34,1100.0,56.7,B
2021-06-18T10:14:34,13200.0,56.7,B
2021-06-18T10:14:33,2400.0,56.7,B
2021-06-18T10:14:13,100.0,56.6,S
2021-06-18T10:13:54,500.0,56.7,B
2021-06-18T10:13:50,200.0,56.7,B
2021-06-18T10:13:40,2900.0,56.7,S
2021-06-18T10:13:35,100.0,56.7,S
2021-06-18T10:13:28,900.0,56.7,S
2021-06-18T10:13:23,1200.0,56.7,S
2021-06-18T10:13:14,500.0,56.7,S
2021-06-18T10:13:09,2000.0,56.7,S
2021-06-18T10:13:09,3400.0,56.7,S
2021-06-18T10:13:09,5900.0,56.7,S
2021-06-18T10:13:09,3900.0,56.7,S
2021-06-18T10:12:59,1100.0,56.7,S
2021-06-18T10:12:56,900.0,56.7,S
2021-06-18T10:12:51,600.0,56.8,B
2021-06-18T10:12:41,100.0,56.7,S
2021-06-18T10:12:39,1500.0,56.7,S
2021-06-18T10:12:32,1000.0,56.7,S
2021-06-18T10:12:11,800.0,56.7,S
2021-06-18T10:12:08,3000.0,56.7,S
2021-06-18T10:12:05,1000.0,56.8,B
2021-06-18T10:11:41,1000.0,56.7,S
2021-06-18T10:11:19,6700.0,56.7,S
2021-06-18T10:11:19,3800.0,56.7,S
2021-06-18T10:11:19,9500.0,56.7,S
2021-06-18T10:11:12,600.0,56.8,B
2021-06-18T10:10:53,500.0,56.7,S
2021-06-18T10:10:34,4700.0,56.8,B
2021-06-18T10:10:11,1000.0,56.8,B
2021-06-18T10:10:04,100.0,56.8,B
2021-06-18T10:09:50,200.0,56.8,B
2021-06-18T10:09:44,10000.0,56.7,S
2021-06-18T10:09:38,2800.0,56.8,B
2021-06-18T10:09:37,500.0,56.8,B
2021-06-18T10:09:29,5000.0,56.8,B
2021-06-18T10:09:11,5000.0,56.8,B
2021-06-18T10:09:10,1000.0,56.7,S
2021-06-18T10:09:03,5000.0,56.8,B
2021-06-18T10:08:52,1000.0,56.8,B
2021-06-18T10:08:42,1900.0,56.8,B
2021-06-18T10:08:41,100.0,56.8,B
2021-06-18T10:08:34,100.0,56.8,B
2021-06-18T10:08:18,100.0,56.8,B
2021-06-18T10:07:50,100.0,56.8,S
2021-06-18T10:07:39,400.0,56.8,S
2021-06-18T10:07:38,500.0,56.8,S
2021-06-18T10:07:36,2900.0,56.8,S
2021-06-18T10:07:27,100.0,56.8,S
2021-06-18T10:07:24,700.0,56.8,S
2021-06-18T10:07:16,300.0,56.8,S
2021-06-18T10:07:11,200.0,56.8,S
2021-06-18T10:07:09,500.0,56.8,S
2021-06-18T10:06:44,3000.0,56.8,S
2021-06-18T10:06:34,500.0,56.8,S
2021-06-18T10:06:32,100.0,56.8,S
2021-06-18T10:06:01,400.0,56.7,S
2021-06-18T10:06:01,800.0,56.7,S
2021-06-18T10:06:01,5800.0,56.7,S
2021-06-18T10:06:01,5000.0,56.7,S
2021-06-18T10:06:00,3000.0,56.7,S
2021-06-18T10:06:00,700.0,56.7,S
2021-06-18T10:06:00,4100.0,56.7,S
2021-06-18T10:06:00,3000.0,56.7,S
2021-06-18T10:06:00,1700.0,56.7,S
2021-06-18T10:06:00,5500.0,56.7,S
2021-06-18T10:05:55,3000.0,56.8,S
2021-06-18T10:05:55,100.0,56.8,S
2021-06-18T10:05:37,800.0,56.8,S
2021-06-18T10:05:35,1200.0,56.8,S
2021-06-18T10:05:26,1000.0,56.8,S
2021-06-18T10:05:26,400.0,56.8,S
2021-06-18T10:05:24,500.0,56.8,S
2021-06-18T10:04:36,500.0,56.8,S
2021-06-18T10:04:27,800.0,56.8,S
2021-06-18T10:04:20,100.0,56.8,S
2021-06-18T10:04:15,200.0,56.7,S
2021-06-18T10:03:59,1000.0,56.8,B
2021-06-18T10:03:56,300.0,56.7,S
2021-06-18T10:03:52,2800.0,56.8,B
2021-06-18T10:03:19,700.0,56.8,B
2021-06-18T10:03:15,300.0,56.8,B
2021-06-18T10:02:56,1000.0,56.8,B
2021-06-18T10:02:48,10000.0,56.8,B
2021-06-18T10:02:42,200.0,56.8,B
2021-06-18T10:02:41,800.0,56.8,B
2021-06-18T10:02:34,1000.0,56.7,S
2021-06-18T10:02:30,3000.0,56.8,B
2021-06-18T10:01:58,1000.0,56.8,B
2021-06-18T10:01:39,2000.0,56.8,B
2021-06-18T10:01:25,2900.0,56.8,S
2021-06-18T10:01:11,1000.0,56.8,S
2021-06-18T10:01:07,500.0,56.8,S
2021-06-18T10:00:55,100.0,56.8,S
2021-06-18T10:00:54,2000.0,56.8,S
2021-06-18T10:00:53,1000.0,56.8,S
2021-06-18T10:00:37,500.0,56.8,S
2021-06-18T10:00:35,2000.0,56.8,S
2021-06-18T10:00:10,500.0,56.8,S
2021-06-18T10:00:09,400.0,56.8,S
2021-06-18T10:00:09,600.0,56.8,S
2021-06-18T10:00:09,300.0,56.8,S
2021-06-18T10:00:08,500.0,56.8,S
2021-06-18T10:00:03,20000.0,56.9,B
2021-06-18T09:59:59,100.0,56.8,S
2021-06-18T09:59:58,300.0,56.8,S
2021-06-18T09:59:57,100.0,56.8,S
2021-06-18T09:59:44,300.0,56.8,S
2021-06-18T09:59:44,200.0,56.8,S
2021-06-18T09:59:43,500.0,56.9,B
2021-06-18T09:59:42,1500.0,56.8,S
2021-06-18T09:59:39,800.0,56.8,S
2021-06-18T09:59:39,1000.0,56.8,S
2021-06-18T09:59:35,100.0,56.8,S
2021-06-18T09:59:18,100.0,56.8,S
2021-06-18T09:59:14,100.0,56.8,S
2021-06-18T09:59:14,5000.0,56.8,S
2021-06-18T09:59:10,1000.0,56.9,B
2021-06-18T09:59:08,1000.0,56.8,S
2021-06-18T09:59:05,1000.0,56.8,S
2021-06-18T09:58:57,500.0,56.8,S
2021-06-18T09:58:57,100.0,56.8,S
2021-06-18T09:58:45,3000.0,56.8,S
2021-06-18T09:58:44,5000.0,56.8,S
2021-06-18T09:58:37,1500.0,56.8,S
2021-06-18T09:58:30,5000.0,56.8,S
2021-06-18T09:58:12,400.0,56.8,S
2021-06-18T09:58:05,3000.0,56.8,S
2021-06-18T09:57:56,1700.0,56.9,B
2021-06-18T09:57:55,1000.0,56.9,B
2021-06-18T09:57:46,500.0,56.8,S
2021-06-18T09:57:37,3000.0,56.8,S
2021-06-18T09:57:31,1000.0,56.9,B
2021-06-18T09:57:21,2900.0,56.9,B
2021-06-18T09:57:11,5000.0,56.9,B
2021-06-18T09:57:09,100.0,56.8,S
2021-06-18T09:57:03,5000.0,56.8,B
2021-06-18T09:57:01,5000.0,56.9,B
2021-06-18T09:56:58,1000.0,56.9,B
2021-06-18T09:56:55,5000.0,56.8,B
2021-06-18T09:56:54,100.0,56.8,B
2021-06-18T09:56:52,1000.0,56.9,B
2021-06-18T09:56:46,1500.0,56.8,B
2021-06-18T09:56:19,100.0,56.8,B
2021-06-18T09:56:19,100.0,56.8,B
2021-06-18T09:56:18,200.0,56.9,B
2021-06-18T09:55:56,100.0,56.8,B
2021-06-18T09:55:34,1000.0,56.8,B
2021-06-18T09:55:31,300.0,56.8,B
2021-06-18T09:55:17,100.0,56.8,S
2021-06-18T09:55:09,100.0,56.7,S
2021-06-18T09:55:08,600.0,56.8,S
2021-06-18T09:55:08,400.0,56.8,S
2021-06-18T09:55:08,1900.0,56.8,S
2021-06-18T09:55:08,2100.0,56.8,S
2021-06-18T09:55:07,8500.0,56.8,S
2021-06-18T09:54:59,2600.0,56.9,B
2021-06-18T09:54:57,100.0,56.9,B
2021-06-18T09:54:55,100.0,56.9,B
2021-06-18T09:54:37,2000.0,56.8,S
2021-06-18T09:54:36,300.0,56.9,B
2021-06-18T09:54:13,1000.0,56.9,B
2021-06-18T09:54:07,1400.0,56.9,B
2021-06-18T09:54:05,800.0,56.9,B
2021-06-18T09:54:03,100.0,56.9,B
2021-06-18T09:54:02,100.0,56.9,B
2021-06-18T09:53:57,100.0,56.8,S
2021-06-18T09:53:42,500.0,56.9,B
2021-06-18T09:53:34,2700.0,56.9,B
2021-06-18T09:53:31,1700.0,56.8,S
2021-06-18T09:53:31,100.0,56.9,B
2021-06-18T09:53:26,1200.0,56.9,B
2021-06-18T09:53:26,100.0,56.9,B
2021-06-18T09:53:25,3700.0,56.9,B
2021-06-18T09:53:17,1000.0,56.9,B
2021-06-18T09:53:15,500.0,56.9,B
2021-06-18T09:53:10,100.0,56.9,B
2021-06-18T09:53:09,1000.0,56.9,B
2021-06-18T09:52:52,5000.0,56.9,B
2021-06-18T09:52:20,1000.0,56.9,B
2021-06-18T09:51:46,1000.0,56.9,B
2021-06-18T09:51:46,100.0,56.8,S
2021-06-18T09:51:34,3000.0,56.8,S
2021-06-18T09:51:31,100.0,56.9,B
2021-06-18T09:51:20,1000.0,56.8,S
2021-06-18T09:51:19,300.0,56.8,S
2021-06-18T09:51:13,2800.0,56.9,B
2021-06-18T09:51:07,1000.0,56.9,B
2021-06-18T09:51:06,2000.0,56.9,B
2021-06-18T09:50:47,1000.0,56.9,B
2021-06-18T09:50:24,200.0,56.9,B
2021-06-18T09:50:21,10000.0,56.9,B
2021-06-18T09:50:07,500.0,56.9,B
2021-06-18T09:50:04,200.0,56.9,B
2021-06-18T09:49:58,100.0,56.9,B
2021-06-18T09:49:49,500.0,56.9,B
2021-06-18T09:49:36,100.0,56.9,B
2021-06-18T09:49:32,2800.0,56.9,B
2021-06-18T09:49:26,100.0,56.9,B
2021-06-18T09:49:26,2300.0,56.9,B
2021-06-18T09:49:25,600.0,56.9,B
2021-06-18T09:49:23,500.0,56.9,B
2021-06-18T09:49:06,200.0,56.9,B
2021-06-18T09:48:48,100.0,56.9,B
2021-06-18T09:48:46,2000.0,56.9,B
2021-06-18T09:48:43,400.0,56.9,B
2021-06-18T09:48:42,1000.0,56.9,B
2021-06-18T09:48:15,400.0,56.9,B
2021-06-18T09:48:10,400.0,56.9,B
2021-06-18T09:48:10,600.0,56.9,B
2021-06-18T09:48:10,1000.0,56.9,B
2021-06-18T09:48:00,200.0,56.9,B
2021-06-18T09:47:43,1000.0,56.9,B
2021-06-18T09:47:29,500.0,56.9,B
2021-06-18T09:47:28,500.0,56.9,B
2021-06-18T09:47:26,1000.0,56.9,B
2021-06-18T09:47:16,100.0,56.8,S
2021-06-18T09:47:10,700.0,56.9,B
2021-06-18T09:47:06,100.0,56.8,S
2021-06-18T09:47:05,5000.0,56.8,S
2021-06-18T09:46:40,500.0,56.8,S
2021-06-18T09:46:31,200.0,56.8,S
2021-06-18T09:46:29,100.0,56.8,S
2021-06-18T09:46:29,1000.0,56.9,B
2021-06-18T09:46:28,500.0,56.8,S
2021-06-18T09:46:14,100.0,56.8,S
2021-06-18T09:45:46,400.0,56.8,S
2021-06-18T09:45:26,300.0,56.8,B
2021-06-18T09:45:18,200.0,56.8,B
2021-06-18T09:45:16,1000.0,56.8,B
2021-06-18T09:45:14,300.0,56.8,B
2021-06-18T09:45:12,200.0,56.8,B
2021-06-18T09:45:10,1400.0,56.8,B
2021-06-18T09:45:10,2500.0,56.8,B
2021-06-18T09:45:10,1100.0,56.8,B
2021-06-18T09:45:10,2000.0,56.8,B
2021-06-18T09:45:10,200.0,56.8,B
2021-06-18T09:45:10,3100.0,56.8,B
2021-06-18T09:45:10,700.0,56.8,B
2021-06-18T09:45:10,600.0,56.7,B
2021-06-18T09:45:10,7100.0,56.7,B
2021-06-18T09:45:10,5500.0,56.7,B
2021-06-18T09:45:10,300.0,56.7,B
2021-06-18T09:45:09,15600.0,56.7,B
2021-06-18T09:45:08,2800.0,56.7,B
2021-06-18T09:44:59,400.0,56.7,B
2021-06-18T09:44:54,2100.0,56.7,B
2021-06-18T09:44:54,1400.0,56.7,B
2021-06-18T09:44:54,1500.0,56.7,B
2021-06-18T09:44:39,5500.0,56.7,B
2021-06-18T09:44:39,1600.0,56.7,B
2021-06-18T09:44:39,1400.0,56.7,B
2021-06-18T09:44:39,1500.0,56.7,B
2021-06-18T09:44:12,300.0,56.7,B
2021-06-18T09:44:09,100.0,56.7,B
2021-06-18T09:44:08,1000.0,56.7,B
2021-06-18T09:44:06,100.0,56.7,B
2021-06-18T09:43:57,2000.0,56.7,B
2021-06-18T09:43:39,1500.0,56.7,B
2021-06-18T09:43:02,400.0,56.6,S
2021-06-18T09:42:48,200.0,56.6,S
2021-06-18T09:42:46,200.0,56.7,B
2021-06-18T09:42:41,1000.0,56.6,S
2021-06-18T09:42:41,100.0,56.7,B
2021-06-18T09:42:36,500.0,56.7,B
2021-06-18T09:42:28,5000.0,56.6,S
2021-06-18T09:42:27,100.0,56.6,S
2021-06-18T09:42:21,200.0,56.7,B
2021-06-18T09:42:10,6400.0,56.6,S
2021-06-18T09:41:57,500.0,56.7,B
2021-06-18T09:41:52,200.0,56.6,B
2021-06-18T09:41:41,4000.0,56.7,B
2021-06-18T09:41:40,5000.0,56.5,S
2021-06-18T09:41:38,10300.0,56.5,S
2021-06-18T09:41:38,700.0,56.6,B
2021-06-18T09:41:34,100.0,56.6,B
2021-06-18T09:41:15,400.0,56.6,B
2021-06-18T09:41:15,1400.0,56.6,B
2021-06-18T09:41:15,1000.0,56.6,B
2021-06-18T09:41:14,3600.0,56.6,B
2021-06-18T09:40:50,4000.0,56.5,S
2021-06-18T09:40:50,200.0,56.5,S
2021-06-18T09:40:50,5800.0,56.5,S
2021-06-18T09:40:47,3800.0,56.6,B
2021-06-18T09:40:46,1300.0,56.5,S
2021-06-18T09:40:22,200.0,56.6,B
2021-06-18T09:40:17,500.0,56.5,S
2021-06-18T09:40:07,2300.0,56.6,B
2021-06-18T09:39:56,400.0,56.5,S
2021-06-18T09:39:56,100.0,56.5,S
2021-06-18T09:39:45,500.0,56.5,S
2021-06-18T09:39:34,2000.0,56.5,S
2021-06-18T09:39:21,500.0,56.5,S
2021-06-18T09:39:21,1000.0,56.5,S
2021-06-18T09:39:16,200.0,56.5,S
2021-06-18T09:39:15,100.0,56.5,S
2021-06-18T09:39:12,500.0,56.5,S
2021-06-18T09:38:50,200.0,56.5,S
2021-06-18T09:38:48,400.0,56.5,S
2021-06-18T09:38:44,2000.0,56.5,S
2021-06-18T09:38:37,1000.0,56.5,S
2021-06-18T09:38:23,200.0,56.5,S
2021-06-18T09:38:17,2300.0,56.5,S
2021-06-18T09:38:10,300.0,56.5,S
2021-06-18T09:38:10,1000.0,56.5,S
2021-06-18T09:38:05,1200.0,56.6,B
2021-06-18T09:38:03,11700.0,56.5,S
2021-06-18T09:38:03,1000.0,56.5,S
2021-06-18T09:38:03,100.0,56.5,S
2021-06-18T09:38:03,800.0,56.5,S
2021-06-18T09:38:00,1600.0,56.5,S
2021-06-18T09:37:57,2000.0,56.5,S
2021-06-18T09:37:35,100.0,56.5,S
2021-06-18T09:37:26,800.0,56.5,S
2021-06-18T09:37:20,3000.0,56.5,S
2021-06-18T09:37:19,500.0,56.5,S
2021-06-18T09:37:11,200.0,56.5,S
2021-06-18T09:37:09,100.0,56.5,S
2021-06-18T09:37:02,1000.0,56.5,S
2021-06-18T09:36:54,1000.0,56.5,S
2021-06-18T09:36:30,1000.0,56.5,S
2021-06-18T09:36:23,100.0,56.5,S
2021-06-18T09:36:23,3600.0,56.5,S
2021-06-18T09:36:23,1000.0,56.6,B
2021-06-18T09:36:23,200.0,56.5,S
2021-06-18T09:36:23,1000.0,56.5,S
2021-06-18T09:36:04,900.0,56.5,S
2021-06-18T09:36:02,2000.0,56.5,S
2021-06-18T09:35:55,2500.0,56.5,S
2021-06-18T09:35:51,500.0,56.5,S
2021-06-18T09:35:48,900.0,56.5,S
2021-06-18T09:35:47,1100.0,56.5,S
2021-06-18T09:34:33,1400.0,56.5,S
2021-06-18T09:34:33,2600.0,56.5,S
2021-06-18T09:34:22,500.0,56.5,S
2021-06-18T09:33:15,7200.0,56.5,S
2021-06-18T09:33:15,2000.0,56.5,S
2021-06-18T09:33:15,800.0,56.5,S
2021-06-18T09:33:14,2000.0,56.5,S
2021-06-18T09:33:03,200.0,56.5,S
2021-06-18T09:32:50,2900.0,56.7,B
2021-06-18T09:32:50,1000.0,56.7,B
2021-06-18T09:32:49,2800.0,56.5,S
2021-06-18T09:32:39,100.0,56.7,B
2021-06-18T09:32:33,1000.0,56.5,S
2021-06-18T09:32:23,2000.0,56.5,S
2021-06-18T09:32:23,500.0,56.5,S
2021-06-18T09:32:17,700.0,56.5,S
2021-06-18T09:32:02,16000.0,56.7,B
2021-06-18T09:31:58,5000.0,56.4,S
2021-06-18T09:31:53,1000.0,56.5,S
2021-06-18T09:31:49,1900.0,56.4,S
2021-06-18T09:31:49,1900.0,56.4,S
2021-06-18T09:31:49,4700.0,56.4,S
2021-06-18T09:31:49,300.0,56.4,S
2021-06-18T09:31:49,4000.0,56.4,S
2021-06-18T09:31:32,200.0,56.4,S
2021-06-18T09:31:21,300.0,56.5,S
2021-06-18T09:31:16,3600.0,56.4,S
2021-06-18T09:31:14,300.0,56.4,S
2021-06-18T09:31:12,100.0,56.5,S
2021-06-18T09:31:01,1000.0,56.5,S
2021-06-18T09:30:50,1900.0,56.5,S
2021-06-18T09:30:46,2800.0,56.5,S
2021-06-18T09:30:41,100.0,56.5,S
2021-06-18T09:30:26,100.0,56.4,S
2021-06-18T09:30:26,4000.0,56.7,B
2021-06-18T09:30:26,300.0,56.6,B
2021-06-18T09:30:26,10800.0,56.6,B
2021-06-18T09:30:26,2900.0,56.6,B
2021-06-18T09:30:26,500.0,56.5,S
2021-06-18T09:30:26,5900.0,56.5,S
2021-06-18T09:30:26,500.0,56.5,S
2021-06-18T09:30:26,7100.0,56.5,S
2021-06-18T09:30:21,400.0,56.5,S
2021-06-18T09:30:19,100.0,56.4,S
2021-06-18T09:30:08,500.0,56.4,S
2021-06-18T09:29:52,1000.0,56.5,S
2021-06-18T09:29:50,3000.0,56.5,S
2021-06-18T09:29:20,2000.0,56.4,S
2021-06-18T09:29:19,1000.0,56.5,S
2021-06-18T09:29:15,2700.0,56.5,S
2021-06-18T09:29:15,1000.0,56.6,B
2021-06-18T09:29:13,300.0,56.5,S
2021-06-18T09:28:49,800.0,56.5,B
2021-06-18T09:28:49,3200.0,56.5,B
2021-06-18T09:28:41,4100.0,56.4,S
2021-06-18T09:28:36,900.0,56.5,B
2021-06-18T09:28:18,900.0,56.4,S
2021-06-18T09:28:10,3500.0,56.3,S
2021-06-18T09:28:10,3400.0,56.4,S
2021-06-18T09:28:10,2100.0,56.4,S
2021-06-18T09:28:10,600.0,56.4,S
2021-06-18T09:28:10,4500.0,56.4,S
2021-06-18T09:28:10,400.0,56.4,S
2021-06-18T09:28:10,2500.0,56.4,S
2021-06-18T09:28:01,9600.0,56.4,S
2021-06-18T09:28:01,3500.0,56.5,B
2021-06-18T09:28:01,400.0,56.5,B
2021-06-18T09:28:01,6600.0,56.5,B
2021-06-18T09:28:01,1200.0,56.5,B
2021-06-18T09:28:01,900.0,56.5,B
2021-06-18T09:27:56,100.0,56.4,S
2021-06-18T09:27:19,200.0,56.5,B
2021-06-18T09:27:19,600.0,56.4,S
2021-06-18T09:27:10,100.0,56.5,B
2021-06-18T09:27:03,10800.0,56.5,B
2021-06-18T09:27:00,700.0,56.4,S
2021-06-18T09:26:58,1000.0,56.4,S
2021-06-18T09:26:53,1000.0,56.4,S
2021-06-18T09:26:52,100.0,56.5,B
2021-06-18T09:26:50,800.0,56.5,B
2021-06-18T09:26:41,100.0,56.5,B
2021-06-18T09:25:22,1000.0,56.5,B
2021-06-18T09:25:05,200.0,56.5,S
2021-06-18T09:25:03,1200.0,56.5,S
2021-06-18T09:25:02,1000.0,56.4,S
2021-06-18T09:24:59,300.0,56.5,S
2021-06-18T09:24:43,100.0,56.5,S
2021-06-18T09:24:38,5000.0,56.5,S
2021-06-18T09:24:27,500.0,56.5,S
2021-06-18T09:24:18,700.0,56.5,S
2021-06-18T09:24:10,100.0,56.4,S
2021-06-18T09:24:05,100.0,56.5,S
2021-06-18T09:24:04,200.0,56.5,S
2021-06-18T09:24:03,1300.0,56.5,S
2021-06-18T09:24:03,100.0,56.5,S
2021-06-18T09:23:58,4300.0,56.5,S
2021-06-18T09:23:58,100.0,56.5,S
2021-06-18T09:23:58,600.0,56.5,S
2021-06-18T09:23:57,200.0,56.6,B
2021-06-18T09:23:55,4400.0,56.5,S
2021-06-18T09:23:49,500.0,56.5,S
2021-06-18T09:23:47,500.0,56.5,S
2021-06-18T09:23:40,1000.0,56.5,S
2021-06-18T09:23:30,100.0,56.5,S
2021-06-18T09:23:28,1400.0,56.5,S
2021-06-18T09:23:25,100.0,56.5,S
2021-06-18T09:23:18,100.0,56.6,B
2021-06-18T09:23:18,900.0,56.6,B
2021-06-18T09:23:18,3000.0,56.5,S
2021-06-18T09:23:17,1000.0,56.5,S
2021-06-18T09:23:17,100.0,56.5,S
2021-06-18T09:23:06,100.0,56.5,S
2021-06-18T09:23:02,37200.0,56.5,S
2021-06-18T09:22:51,1000.0,56.5,S
2021-06-18T09:22:50,300.0,56.5,S
2021-06-18T09:22:45,5000.0,56.5,S
2021-06-18T09:22:16,100.0,56.5,S
2021-06-18T09:22:09,100.0,56.5,S
2021-06-18T09:22:07,300.0,56.5,S
2021-06-18T09:22:05,100.0,56.5,S
2021-06-18T09:21:52,100.0,56.5,S
2021-06-18T09:21:37,400.0,56.5,S
2021-06-18T09:21:36,400.0,56.6,B
2021-06-18T09:21:36,700.0,56.5,S
2021-06-18T09:21:32,300.0,56.5,S
2021-06-18T09:21:30,200.0,56.5,S
2021-06-18T09:21:23,200.0,56.5,S
2021-06-18T09:21:19,500.0,56.5,S
2021-06-18T09:21:16,100.0,56.5,S
2021-06-18T09:21:13,500.0,56.5,S
2021-06-18T09:21:06,3200.0,56.5,S
2021-06-18T09:21:04,200.0,56.5,S
2021-06-18T09:20:58,1100.0,56.5,S
2021-06-18T09:20:48,100.0,56.4,S
2021-06-18T09:20:48,100.0,56.6,B
2021-06-18T09:20:46,100.0,56.5,S
2021-06-18T09:20:35,100.0,56.6,B
2021-06-18T09:20:31,1200.0,56.4,S
2021-06-18T09:20:31,6500.0,56.4,S
2021-06-18T09:20:30,1000.0,56.6,B
2021-06-18T09:20:27,100.0,56.5,S
2021-06-18T09:20:27,100.0,56.5,S
2021-06-18T09:20:23,300.0,56.5,S
2021-06-18T09:20:23,700.0,56.5,S
2021-06-18T09:20:13,100.0,56.6,B
2021-06-18T09:20:05,2500.0,56.5,S
2021-06-18T09:20:03,100.0,56.5,S
2021-06-18T09:20:02,400.0,56.5,S
2021-06-18T09:20:02,10000.0,56.5,S
2021-06-18T09:19:58,500.0,56.5,S
2021-06-18T09:19:57,3200.0,56.5,S
2021-06-18T09:19:55,600.0,56.5,S
2021-06-18T09:19:41,2400.0,56.5,S
2021-06-18T09:19:36,100.0,56.5,S
2021-06-18T09:19:32,300.0,56.5,S
2021-06-18T09:19:25,300.0,56.5,S
2021-06-18T09:19:23,200.0,56.4,S
2021-06-18T09:19:19,3000.0,56.5,S
2021-06-18T09:19:12,300.0,56.5,S
2021-06-18T09:18:58,200.0,56.5,B
2021-06-18T09:18:57,400.0,56.5,B
2021-06-18T09:18:53,2000.0,56.4,S
2021-06-18T09:18:39,300.0,56.4,S
2021-06-18T09:18:28,100.0,56.4,S
2021-06-18T09:18:20,1000.0,56.4,S
2021-06-18T09:18:17,500.0,56.5,B
2021-06-18T09:18:16,500.0,56.5,B
2021-06-18T09:18:12,500.0,56.4,S
2021-06-18T09:18:08,500.0,56.4,S
2021-06-18T09:18:07,400.0,56.5,B
2021-06-18T09:18:03,1000.0,56.5,B
2021-06-18T09:17:58,300.0,56.4,S
2021-06-18T09:17:48,5000.0,56.5,B
2021-06-18T09:17:18,1000.0,56.5,B
2021-06-18T09:17:02,500.0,56.3,S
2021-06-18T09:17:01,700.0,56.3,S
2021-06-18T09:16:57,1600.0,56.5,B
2021-06-18T09:16:56,500.0,56.5,B
2021-06-18T09:16:50,100.0,56.3,B
2021-06-18T09:16:48,100.0,56.3,B
2021-06-18T09:16:46,2400.0,56.3,B
2021-06-18T09:16:46,1300.0,56.3,B
2021-06-18T09:16:44,500.0,56.2,S
2021-06-18T09:16:44,300.0,56.3,B
2021-06-18T09:16:38,1000.0,56.3,B
2021-06-18T09:16:35,2000.0,56.3,B
2021-06-18T09:16:30,16200.0,56.3,B
2021-06-18T09:16:26,100.0,56.3,B
2021-06-18T09:16:23,500.0,56.3,B
2021-06-18T09:16:14,2000.0,56.3,S
2021-06-18T09:16:12,500.0,56.3,S
2021-06-18T09:16:03,100.0,56.3,S
2021-06-18T09:16:03,9000.0,56.3,S
