tradingTime,volume,price,side
2021-06-18T14:29:05,900.0,22.8,B
2021-06-18T14:28:08,500.0,22.8,B
2021-06-18T14:28:00,500.0,22.8,B
2021-06-18T14:27:50,3000.0,22.8,B
2021-06-18T14:27:50,400.0,22.8,B
2021-06-18T14:27:43,500.0,22.8,B
2021-06-18T14:27:27,1600.0,22.8,B
2021-06-18T14:27:19,1000.0,22.6,S
2021-06-18T14:27:19,700.0,22.6,S
2021-06-18T14:27:19,2100.0,22.6,S
2021-06-18T14:27:19,500.0,22.6,S
2021-06-18T14:27:19,6400.0,22.6,S
2021-06-18T14:27:19,100.0,22.65,S
2021-06-18T14:27:19,500.0,22.65,S
2021-06-18T14:27:19,4700.0,22.7,S
2021-06-18T14:27:19,1200.0,22.7,S
2021-06-18T14:27:19,200.0,22.7,S
2021-06-18T14:27:19,12600.0,22.7,S
2021-06-18T14:27:18,500.0,22.8,B
2021-06-18T14:27:15,700.0,22.8,B
2021-06-18T14:26:33,1400.0,22.95,B
2021-06-18T14:26:28,1600.0,22.95,S
2021-06-18T14:26:27,100.0,22.95,S
2021-06-18T14:25:54,2000.0,23.0,B
2021-06-18T14:25:51,2100.0,22.7,S
2021-06-18T14:25:51,600.0,22.7,S
2021-06-18T14:25:51,300.0,22.7,S
2021-06-18T14:25:51,4000.0,22.7,S
2021-06-18T14:25:51,1300.0,22.7,S
2021-06-18T14:25:51,4700.0,22.7,S
2021-06-18T14:25:51,5500.0,22.7,S
2021-06-18T14:25:51,100.0,22.75,S
2021-06-18T14:25:51,1100.0,22.75,S
2021-06-18T14:25:51,1200.0,22.75,S
2021-06-18T14:25:51,500.0,22.8,S
2021-06-18T14:25:51,200.0,22.8,S
2021-06-18T14:25:51,100.0,22.8,S
2021-06-18T14:25:51,10800.0,22.8,S
2021-06-18T14:25:51,1400.0,22.8,S
2021-06-18T14:25:51,100.0,22.8,S
2021-06-18T14:25:51,100.0,22.8,S
2021-06-18T14:25:51,1400.0,22.8,S
2021-06-18T14:25:51,1300.0,22.8,S
2021-06-18T14:25:51,5100.0,22.8,S
2021-06-18T14:25:51,1400.0,22.8,S
2021-06-18T14:25:51,100.0,22.8,S
2021-06-18T14:25:51,9200.0,22.8,S
2021-06-18T14:25:51,6500.0,22.8,S
2021-06-18T14:25:51,5700.0,22.8,S
2021-06-18T14:25:51,300.0,22.8,S
2021-06-18T14:25:51,800.0,22.8,S
2021-06-18T14:25:51,3100.0,22.8,S
2021-06-18T14:25:51,2400.0,22.8,S
2021-06-18T14:25:51,700.0,22.9,S
2021-06-18T14:25:51,22000.0,22.9,S
2021-06-18T14:25:51,500.0,22.95,S
2021-06-18T14:25:51,5400.0,22.95,S
2021-06-18T14:25:48,100.0,22.95,S
2021-06-18T14:25:45,300.0,22.95,S
2021-06-18T14:24:36,200.0,22.95,S
2021-06-18T14:23:32,800.0,23.0,B
2021-06-18T14:23:32,100.0,22.95,S
2021-06-18T14:23:31,7000.0,22.95,S
2021-06-18T14:23:06,3000.0,22.95,S
2021-06-18T14:22:49,1000.0,23.0,B
2021-06-18T14:22:48,4300.0,22.95,S
2021-06-18T14:22:44,1800.0,22.95,S
2021-06-18T14:22:28,4100.0,22.8,S
2021-06-18T14:22:28,2100.0,22.8,S
2021-06-18T14:22:28,500.0,22.8,S
2021-06-18T14:22:28,5200.0,22.8,S
2021-06-18T14:22:28,200.0,22.8,S
2021-06-18T14:22:28,2600.0,22.8,S
2021-06-18T14:22:28,1000.0,22.8,S
2021-06-18T14:22:28,10400.0,22.8,S
2021-06-18T14:22:28,500.0,22.8,S
2021-06-18T14:22:28,10000.0,22.8,S
2021-06-18T14:22:28,1100.0,22.8,S
2021-06-18T14:22:28,1600.0,22.8,S
2021-06-18T14:22:28,200.0,22.8,S
2021-06-18T14:22:28,1000.0,22.8,S
2021-06-18T14:22:28,3000.0,22.8,S
2021-06-18T14:22:28,1100.0,22.8,S
2021-06-18T14:22:28,100.0,22.8,S
2021-06-18T14:22:28,10600.0,22.8,S
2021-06-18T14:22:28,500.0,22.85,S
2021-06-18T14:22:28,100.0,22.85,S
2021-06-18T14:22:28,2200.0,22.85,S
2021-06-18T14:22:28,300.0,22.85,S
2021-06-18T14:22:28,6000.0,22.85,S
2021-06-18T14:22:28,1000.0,22.85,S
2021-06-18T14:22:28,100.0,22.85,S
2021-06-18T14:22:28,500.0,22.85,S
2021-06-18T14:22:28,34000.0,22.9,S
2021-06-18T14:21:34,10000.0,23.0,B
2021-06-18T14:21:32,100.0,22.95,B
2021-06-18T14:21:31,500.0,22.95,B
2021-06-18T14:20:28,1000.0,22.95,B
2021-06-18T14:20:28,500.0,22.95,B
2021-06-18T14:20:23,100.0,22.95,B
2021-06-18T14:20:21,200.0,22.95,B
2021-06-18T14:20:21,500.0,22.85,S
2021-06-18T14:20:21,5000.0,22.85,S
2021-06-18T14:20:21,11500.0,22.85,S
2021-06-18T14:20:21,1000.0,22.85,S
2021-06-18T14:20:21,1100.0,22.85,S
2021-06-18T14:20:21,2100.0,22.85,S
2021-06-18T14:20:21,24200.0,22.85,S
2021-06-18T14:20:21,1000.0,22.9,S
2021-06-18T14:20:21,3600.0,22.9,S
2021-06-18T14:20:21,500.0,22.95,B
2021-06-18T14:20:21,1000.0,22.9,S
2021-06-18T14:20:11,200.0,22.95,B
2021-06-18T14:20:09,100.0,22.9,S
2021-06-18T14:18:08,1000.0,22.95,B
2021-06-18T14:18:06,300.0,22.95,B
2021-06-18T14:17:55,200.0,22.95,B
2021-06-18T14:17:55,5700.0,22.85,S
2021-06-18T14:17:55,100.0,22.9,S
2021-06-18T14:17:55,4000.0,22.9,S
2021-06-18T14:17:16,200.0,22.95,B
2021-06-18T14:17:08,500.0,22.95,B
2021-06-18T14:16:57,100.0,22.95,B
2021-06-18T14:16:54,20000.0,22.9,S
2021-06-18T14:16:53,100.0,22.95,B
2021-06-18T14:15:57,3400.0,23.0,B
2021-06-18T14:15:55,1200.0,22.95,S
2021-06-18T14:15:35,700.0,22.95,S
2021-06-18T14:15:30,600.0,22.95,S
2021-06-18T14:15:21,100.0,22.95,S
2021-06-18T14:15:18,100.0,22.95,S
2021-06-18T14:15:15,3000.0,22.95,S
2021-06-18T14:15:12,600.0,23.0,B
2021-06-18T14:14:51,3000.0,22.95,S
2021-06-18T14:14:32,400.0,22.95,B
2021-06-18T14:14:32,200.0,22.95,B
2021-06-18T14:14:32,3300.0,22.95,B
2021-06-18T14:14:28,500.0,22.9,S
2021-06-18T14:14:27,200.0,22.9,S
2021-06-18T14:14:14,2900.0,22.95,B
2021-06-18T14:14:14,2600.0,22.95,B
2021-06-18T14:14:14,33400.0,22.95,B
2021-06-18T14:14:14,1000.0,22.95,B
2021-06-18T14:14:14,10100.0,22.95,B
2021-06-18T14:14:08,500.0,22.9,S
2021-06-18T14:13:50,8500.0,22.9,S
2021-06-18T14:13:50,100.0,22.9,S
2021-06-18T14:13:50,6800.0,22.9,S
2021-06-18T14:13:50,400.0,22.9,S
2021-06-18T14:13:49,5200.0,22.9,S
2021-06-18T14:13:45,1400.0,22.9,S
2021-06-18T14:13:35,500.0,22.9,S
2021-06-18T14:13:33,2000.0,22.95,B
2021-06-18T14:13:16,300.0,22.9,S
2021-06-18T14:13:08,900.0,22.95,B
2021-06-18T14:13:02,100.0,22.95,B
2021-06-18T14:12:59,1000.0,22.9,S
2021-06-18T14:12:39,300.0,22.95,B
2021-06-18T14:12:34,800.0,22.95,B
2021-06-18T14:12:24,5900.0,22.9,S
2021-06-18T14:12:12,800.0,22.95,B
2021-06-18T14:12:05,100.0,22.9,S
2021-06-18T14:12:03,200.0,22.9,S
2021-06-18T14:11:55,5000.0,22.9,S
2021-06-18T14:11:48,2100.0,22.9,S
2021-06-18T14:11:48,5000.0,22.9,S
2021-06-18T14:11:29,200.0,22.9,S
2021-06-18T14:11:24,10000.0,22.95,B
2021-06-18T14:11:12,2000.0,22.9,S
2021-06-18T14:11:08,100.0,22.95,B
2021-06-18T14:10:53,500.0,22.9,S
2021-06-18T14:10:53,200.0,22.9,S
2021-06-18T14:10:53,14000.0,22.9,S
2021-06-18T14:10:53,200.0,22.9,S
2021-06-18T14:10:53,1200.0,22.9,S
2021-06-18T14:10:53,1700.0,22.9,S
2021-06-18T14:10:53,500.0,22.9,S
2021-06-18T14:10:53,300.0,22.9,S
2021-06-18T14:10:53,1000.0,22.9,S
2021-06-18T14:10:53,200.0,22.9,S
2021-06-18T14:10:53,1100.0,22.9,S
2021-06-18T14:10:53,300.0,22.9,S
2021-06-18T14:10:53,100.0,22.9,S
2021-06-18T14:10:53,500.0,22.9,S
2021-06-18T14:10:53,100.0,22.9,S
2021-06-18T14:10:53,300.0,22.9,S
2021-06-18T14:10:53,600.0,22.9,S
2021-06-18T14:10:53,2000.0,22.9,S
2021-06-18T14:10:53,500.0,22.9,S
2021-06-18T14:10:53,2000.0,22.9,S
2021-06-18T14:10:53,12700.0,22.9,S
2021-06-18T14:10:53,500.0,22.95,S
2021-06-18T14:10:53,100.0,22.95,S
2021-06-18T14:10:53,1000.0,22.95,S
2021-06-18T14:10:53,2100.0,22.95,S
2021-06-18T14:10:53,1600.0,22.95,S
2021-06-18T14:10:53,1000.0,22.95,S
2021-06-18T14:10:53,7200.0,22.95,S
2021-06-18T14:10:53,100.0,22.95,S
2021-06-18T14:10:52,300.0,22.95,S
2021-06-18T14:10:51,5000.0,22.95,S
2021-06-18T14:10:23,2000.0,23.0,S
2021-06-18T14:10:10,200.0,23.0,S
2021-06-18T14:10:05,200.0,23.0,S
2021-06-18T14:09:43,300.0,23.0,S
2021-06-18T14:09:40,2300.0,23.0,S
2021-06-18T14:09:40,200.0,23.0,S
2021-06-18T14:09:40,1100.0,23.0,S
2021-06-18T14:09:40,500.0,23.0,S
2021-06-18T14:09:40,100.0,23.0,S
2021-06-18T14:09:40,200.0,23.0,S
2021-06-18T14:09:40,900.0,23.0,S
2021-06-18T14:09:40,14000.0,23.0,S
2021-06-18T14:09:40,200.0,23.0,S
2021-06-18T14:09:39,1600.0,23.0,S
2021-06-18T14:09:39,5000.0,23.0,S
2021-06-18T14:09:39,3900.0,23.0,S
2021-06-18T14:09:32,1000.0,23.0,S
2021-06-18T14:09:32,200.0,23.0,S
2021-06-18T14:09:25,200.0,23.0,S
2021-06-18T14:09:23,200.0,23.0,S
2021-06-18T14:09:20,1000.0,23.0,S
2021-06-18T14:09:16,2000.0,23.05,B
2021-06-18T14:09:11,300.0,23.0,S
2021-06-18T14:09:10,10000.0,23.05,B
2021-06-18T14:09:04,1200.0,23.0,S
2021-06-18T14:09:04,200.0,23.0,S
2021-06-18T14:09:04,300.0,23.0,S
2021-06-18T14:09:04,3200.0,23.0,S
2021-06-18T14:09:04,100.0,23.0,S
2021-06-18T14:09:00,200.0,23.0,S
2021-06-18T14:08:59,300.0,23.0,S
2021-06-18T14:08:59,1200.0,23.0,S
2021-06-18T14:08:51,100.0,23.0,S
2021-06-18T14:08:44,500.0,23.0,S
2021-06-18T14:08:29,4000.0,23.0,S
2021-06-18T14:08:27,2000.0,23.0,S
2021-06-18T14:08:19,4000.0,23.0,S
2021-06-18T14:08:18,2800.0,23.0,S
2021-06-18T14:08:13,1000.0,23.0,S
2021-06-18T14:08:09,700.0,23.05,B
2021-06-18T14:08:08,100.0,23.0,S
2021-06-18T14:08:06,100.0,23.0,S
2021-06-18T14:07:56,100.0,23.0,S
2021-06-18T14:07:43,24400.0,23.0,S
2021-06-18T14:07:43,10500.0,23.0,S
2021-06-18T14:07:43,2300.0,23.0,S
2021-06-18T14:07:43,400.0,23.0,S
2021-06-18T14:07:43,1000.0,23.0,S
2021-06-18T14:07:43,7400.0,23.0,S
2021-06-18T14:07:43,3500.0,23.0,S
2021-06-18T14:07:43,500.0,23.0,S
2021-06-18T14:07:39,2000.0,23.05,B
2021-06-18T14:07:38,500.0,23.0,S
2021-06-18T14:07:29,1000.0,23.0,S
2021-06-18T14:07:27,1100.0,23.05,B
2021-06-18T14:07:27,300.0,23.0,S
2021-06-18T14:07:27,1200.0,23.0,S
2021-06-18T14:07:27,1300.0,23.0,S
2021-06-18T14:07:27,2800.0,23.0,S
2021-06-18T14:07:27,13400.0,23.0,S
2021-06-18T14:07:23,3000.0,23.05,B
2021-06-18T14:07:20,900.0,23.0,S
2021-06-18T14:07:12,100.0,23.0,S
2021-06-18T14:07:12,1000.0,23.05,B
2021-06-18T14:06:45,700.0,23.0,S
2021-06-18T14:06:07,5000.0,23.0,S
2021-06-18T14:06:03,2000.0,23.05,B
2021-06-18T14:06:03,100.0,23.05,B
2021-06-18T14:05:55,500.0,23.0,S
2021-06-18T14:05:42,500.0,23.0,S
2021-06-18T14:05:36,100.0,23.05,B
2021-06-18T14:05:25,2400.0,23.0,S
2021-06-18T14:05:25,300.0,23.0,S
2021-06-18T14:05:24,2400.0,23.0,S
2021-06-18T14:05:24,500.0,23.0,S
2021-06-18T14:05:24,300.0,23.0,S
2021-06-18T14:05:24,500.0,23.0,S
2021-06-18T14:05:24,1100.0,23.0,S
2021-06-18T14:05:24,1000.0,23.0,S
2021-06-18T14:05:24,1500.0,23.0,S
2021-06-18T14:04:56,100.0,23.0,S
2021-06-18T14:04:56,1000.0,23.0,S
2021-06-18T14:04:51,100.0,23.05,B
2021-06-18T14:04:21,100.0,23.05,B
2021-06-18T14:04:16,300.0,23.05,B
2021-06-18T14:04:07,100.0,23.0,S
2021-06-18T14:04:05,500.0,23.0,S
2021-06-18T14:03:47,500.0,23.0,S
2021-06-18T14:03:29,5000.0,23.0,S
2021-06-18T14:03:26,5000.0,23.0,S
2021-06-18T14:03:26,1500.0,23.05,S
2021-06-18T14:03:20,1500.0,23.05,S
2021-06-18T14:03:14,100.0,23.05,S
2021-06-18T14:03:12,500.0,23.05,S
2021-06-18T14:03:11,100.0,23.05,S
2021-06-18T14:03:04,1600.0,23.05,S
2021-06-18T14:02:54,100.0,23.05,S
2021-06-18T14:02:54,900.0,23.05,S
2021-06-18T14:02:54,600.0,23.05,S
2021-06-18T14:02:54,2900.0,23.05,S
2021-06-18T14:02:54,200.0,23.05,S
2021-06-18T14:02:54,3200.0,23.05,S
2021-06-18T14:02:53,10400.0,23.05,S
2021-06-18T14:02:32,1000.0,23.1,B
2021-06-18T14:02:14,1000.0,23.05,S
2021-06-18T14:02:12,1000.0,23.05,S
2021-06-18T14:02:08,5000.0,23.1,B
2021-06-18T14:01:56,900.0,23.1,B
2021-06-18T14:01:49,100.0,23.05,S
2021-06-18T14:01:42,500.0,23.05,S
2021-06-18T14:01:39,8800.0,23.05,S
2021-06-18T14:01:39,1200.0,23.05,S
2021-06-18T14:01:26,1000.0,23.05,S
2021-06-18T14:01:25,100.0,23.05,S
2021-06-18T14:01:18,1300.0,23.1,B
2021-06-18T14:01:18,8700.0,23.1,B
2021-06-18T14:01:17,1500.0,23.05,S
2021-06-18T14:01:04,200.0,23.05,S
2021-06-18T14:01:04,300.0,23.05,S
2021-06-18T14:00:41,4000.0,23.05,S
2021-06-18T14:00:11,1000.0,23.05,S
2021-06-18T14:00:10,200.0,23.1,B
2021-06-18T13:59:58,6000.0,23.05,S
2021-06-18T13:59:42,1000.0,23.05,S
2021-06-18T13:59:19,300.0,23.05,S
2021-06-18T13:59:11,500.0,23.05,S
2021-06-18T13:58:48,2000.0,23.05,S
2021-06-18T13:58:47,200.0,23.05,S
2021-06-18T13:58:42,1000.0,23.05,S
2021-06-18T13:58:41,300.0,23.1,B
2021-06-18T13:58:40,300.0,23.1,B
2021-06-18T13:58:40,1000.0,23.05,S
2021-06-18T13:58:34,100.0,23.05,S
2021-06-18T13:58:34,400.0,23.1,B
2021-06-18T13:58:06,100.0,23.1,B
2021-06-18T13:58:04,5000.0,23.05,S
2021-06-18T13:58:01,400.0,23.05,S
2021-06-18T13:58:01,200.0,23.1,B
2021-06-18T13:57:44,200.0,23.05,S
2021-06-18T13:57:44,500.0,23.05,S
2021-06-18T13:57:04,100.0,23.05,S
2021-06-18T13:56:48,500.0,23.05,S
2021-06-18T13:56:48,100.0,23.05,S
2021-06-18T13:56:46,500.0,23.05,S
2021-06-18T13:56:23,4000.0,23.05,S
2021-06-18T13:56:17,300.0,23.05,S
2021-06-18T13:56:06,800.0,23.05,S
2021-06-18T13:56:02,100.0,23.1,B
2021-06-18T13:55:58,200.0,23.05,S
2021-06-18T13:55:42,1000.0,23.05,S
2021-06-18T13:55:41,1000.0,23.05,S
2021-06-18T13:55:36,500.0,23.1,B
2021-06-18T13:55:16,1000.0,23.05,S
2021-06-18T13:55:08,1100.0,23.05,S
2021-06-18T13:55:08,1900.0,23.05,S
2021-06-18T13:54:49,1000.0,23.05,B
2021-06-18T13:54:36,500.0,23.1,B
2021-06-18T13:54:24,100.0,23.05,B
2021-06-18T13:54:16,1600.0,23.05,B
2021-06-18T13:54:10,1100.0,23.05,B
2021-06-18T13:54:01,100.0,23.05,B
2021-06-18T13:53:49,2800.0,23.05,B
2021-06-18T13:53:49,7200.0,23.05,B
2021-06-18T13:53:44,500.0,23.05,B
2021-06-18T13:53:32,700.0,23.05,B
2021-06-18T13:53:23,1000.0,23.05,B
2021-06-18T13:53:19,100.0,23.05,B
2021-06-18T13:53:05,400.0,23.05,B
2021-06-18T13:52:56,1100.0,23.0,S
2021-06-18T13:52:55,500.0,23.05,B
2021-06-18T13:52:54,100.0,23.05,B
2021-06-18T13:52:37,2600.0,23.05,B
2021-06-18T13:52:29,100.0,23.05,B
2021-06-18T13:52:20,5000.0,23.05,B
2021-06-18T13:52:14,1000.0,23.05,B
2021-06-18T13:52:14,2000.0,23.05,B
2021-06-18T13:52:14,400.0,23.05,B
2021-06-18T13:52:12,1000.0,23.05,B
2021-06-18T13:52:12,2400.0,23.05,B
2021-06-18T13:52:00,300.0,23.05,B
2021-06-18T13:51:56,300.0,23.05,B
2021-06-18T13:51:55,2200.0,23.05,B
2021-06-18T13:51:55,4300.0,23.05,B
2021-06-18T13:51:54,200.0,23.0,S
2021-06-18T13:51:51,200.0,23.0,S
2021-06-18T13:51:50,1000.0,23.0,S
2021-06-18T13:51:46,200.0,23.05,B
2021-06-18T13:51:37,600.0,23.05,B
2021-06-18T13:51:36,1000.0,23.05,B
2021-06-18T13:51:33,20000.0,23.05,B
2021-06-18T13:51:17,10000.0,23.05,B
2021-06-18T13:51:09,200.0,23.05,B
2021-06-18T13:51:00,6000.0,23.05,B
2021-06-18T13:50:59,400.0,23.05,B
2021-06-18T13:50:58,2200.0,23.05,B
2021-06-18T13:50:57,300.0,23.05,B
2021-06-18T13:50:57,100.0,23.05,B
2021-06-18T13:50:57,600.0,23.05,B
2021-06-18T13:50:49,2000.0,23.05,B
2021-06-18T13:50:43,100.0,23.0,S
2021-06-18T13:50:14,100.0,23.05,B
2021-06-18T13:50:14,5000.0,23.05,B
2021-06-18T13:50:10,200.0,23.05,B
2021-06-18T13:50:09,500.0,23.05,B
2021-06-18T13:50:07,900.0,23.05,B
2021-06-18T13:49:46,1000.0,23.0,S
2021-06-18T13:49:31,800.0,23.05,B
2021-06-18T13:49:09,1000.0,23.05,B
2021-06-18T13:49:08,1000.0,23.05,B
2021-06-18T13:49:08,300.0,23.0,S
2021-06-18T13:48:52,100.0,23.05,B
2021-06-18T13:48:35,1100.0,23.05,B
2021-06-18T13:48:32,100.0,23.05,B
2021-06-18T13:48:19,7400.0,23.05,B
2021-06-18T13:48:19,600.0,23.05,B
2021-06-18T13:48:16,500.0,23.05,B
2021-06-18T13:48:09,100.0,23.05,B
2021-06-18T13:48:06,1400.0,23.05,B
2021-06-18T13:48:05,100.0,23.05,B
2021-06-18T13:48:05,1200.0,23.05,B
2021-06-18T13:48:04,1100.0,23.0,S
2021-06-18T13:48:04,5700.0,23.0,S
2021-06-18T13:47:44,200.0,23.05,B
2021-06-18T13:47:43,400.0,23.05,B
2021-06-18T13:47:39,1000.0,23.0,S
2021-06-18T13:47:29,1000.0,23.05,B
2021-06-18T13:47:27,100.0,23.05,B
2021-06-18T13:47:24,200.0,23.05,B
2021-06-18T13:47:18,500.0,23.05,B
2021-06-18T13:47:17,4000.0,23.05,B
2021-06-18T13:47:04,1000.0,23.0,S
2021-06-18T13:47:01,200.0,23.0,S
2021-06-18T13:46:51,600.0,23.0,S
2021-06-18T13:46:48,300.0,23.0,S
2021-06-18T13:46:37,300.0,23.05,B
2021-06-18T13:45:30,1500.0,23.0,S
2021-06-18T13:45:19,200.0,23.0,S
2021-06-18T13:45:16,1000.0,23.05,B
2021-06-18T13:45:15,100.0,23.05,B
2021-06-18T13:45:13,300.0,23.05,B
2021-06-18T13:45:13,600.0,23.05,B
2021-06-18T13:45:08,300.0,23.05,B
2021-06-18T13:45:07,800.0,23.0,S
2021-06-18T13:45:07,9200.0,23.0,S
2021-06-18T13:44:56,100.0,23.05,B
2021-06-18T13:44:56,1000.0,23.05,B
2021-06-18T13:44:48,100.0,23.05,B
2021-06-18T13:44:30,100.0,23.05,B
2021-06-18T13:44:26,300.0,23.05,B
2021-06-18T13:44:23,400.0,23.05,B
2021-06-18T13:44:04,300.0,23.05,B
2021-06-18T13:43:44,500.0,23.05,S
2021-06-18T13:43:41,1000.0,23.05,S
2021-06-18T13:43:32,1000.0,23.05,S
2021-06-18T13:43:31,200.0,23.05,S
2021-06-18T13:43:19,3000.0,23.05,S
2021-06-18T13:43:07,500.0,23.05,S
2021-06-18T13:42:54,200.0,23.05,S
2021-06-18T13:42:19,1000.0,23.05,S
2021-06-18T13:42:00,100.0,23.05,S
2021-06-18T13:41:39,400.0,23.0,S
2021-06-18T13:41:39,1000.0,23.0,S
2021-06-18T13:41:27,2000.0,23.1,B
2021-06-18T13:41:01,100.0,23.0,S
2021-06-18T13:41:01,1100.0,23.0,S
2021-06-18T13:41:01,1800.0,23.0,S
2021-06-18T13:41:00,500.0,23.0,S
2021-06-18T13:41:00,1800.0,23.0,S
2021-06-18T13:41:00,1400.0,23.0,S
2021-06-18T13:41:00,2300.0,23.0,S
2021-06-18T13:41:00,2900.0,23.0,S
2021-06-18T13:41:00,1300.0,23.0,S
2021-06-18T13:41:00,200.0,23.0,S
2021-06-18T13:41:00,3400.0,23.0,S
2021-06-18T13:41:00,1200.0,23.0,S
2021-06-18T13:41:00,1000.0,23.0,S
2021-06-18T13:41:00,11100.0,23.0,S
2021-06-18T13:40:58,2000.0,23.1,B
2021-06-18T13:40:56,700.0,23.1,B
2021-06-18T13:40:52,600.0,23.05,S
2021-06-18T13:40:47,200.0,23.1,B
2021-06-18T13:40:26,5000.0,23.0,S
2021-06-18T13:40:26,200.0,23.05,S
2021-06-18T13:40:25,100.0,23.1,B
2021-06-18T13:40:21,1000.0,23.05,S
2021-06-18T13:39:58,2000.0,23.05,S
2021-06-18T13:39:50,3000.0,23.1,B
2021-06-18T13:39:30,5000.0,23.0,S
2021-06-18T13:39:11,300.0,23.1,B
2021-06-18T13:39:08,5000.0,23.1,B
2021-06-18T13:39:03,1000.0,23.0,S
2021-06-18T13:39:03,300.0,23.0,S
2021-06-18T13:39:03,100.0,23.0,S
2021-06-18T13:39:03,1200.0,23.0,S
2021-06-18T13:39:03,900.0,23.0,S
2021-06-18T13:39:03,400.0,23.0,S
2021-06-18T13:39:02,1100.0,23.0,S
2021-06-18T13:38:49,5000.0,23.0,S
2021-06-18T13:38:48,500.0,23.0,S
2021-06-18T13:38:36,5000.0,23.1,B
2021-06-18T13:38:31,100.0,23.1,B
2021-06-18T13:38:30,3000.0,23.0,S
2021-06-18T13:38:21,2000.0,23.0,S
2021-06-18T13:38:20,400.0,23.1,B
2021-06-18T13:38:00,2000.0,23.0,S
2021-06-18T13:37:58,900.0,23.1,B
2021-06-18T13:37:48,500.0,23.1,B
2021-06-18T13:37:48,300.0,23.1,B
2021-06-18T13:37:47,300.0,23.1,B
2021-06-18T13:37:47,1000.0,23.1,B
2021-06-18T13:37:11,1000.0,23.1,B
2021-06-18T13:37:01,200.0,23.05,S
2021-06-18T13:37:01,500.0,23.05,S
2021-06-18T13:36:31,200.0,23.1,S
2021-06-18T13:36:06,100.0,23.1,S
2021-06-18T13:36:05,10000.0,23.1,S
2021-06-18T13:36:02,1600.0,23.1,S
2021-06-18T13:36:01,4100.0,23.0,S
2021-06-18T13:36:01,3000.0,23.0,S
2021-06-18T13:36:01,10100.0,23.0,S
2021-06-18T13:35:54,100.0,23.1,S
2021-06-18T13:35:27,1100.0,23.1,S
2021-06-18T13:35:27,3000.0,23.1,S
2021-06-18T13:35:27,200.0,23.1,S
2021-06-18T13:35:27,3400.0,23.1,S
2021-06-18T13:35:27,1100.0,23.1,S
2021-06-18T13:35:27,1800.0,23.1,S
2021-06-18T13:35:27,800.0,23.1,S
2021-06-18T13:35:27,10100.0,23.1,S
2021-06-18T13:35:27,22600.0,23.1,S
2021-06-18T13:35:25,100.0,23.15,B
2021-06-18T13:35:25,900.0,23.15,B
2021-06-18T13:35:03,1000.0,23.1,S
2021-06-18T13:34:57,10000.0,23.15,B
2021-06-18T13:34:27,100.0,23.15,B
2021-06-18T13:34:07,100.0,23.1,S
2021-06-18T13:33:50,1600.0,23.1,S
2021-06-18T13:33:50,1100.0,23.1,S
2021-06-18T13:33:50,1100.0,23.1,S
2021-06-18T13:33:50,300.0,23.1,S
2021-06-18T13:33:50,900.0,23.1,S
2021-06-18T13:33:43,1000.0,23.1,S
2021-06-18T13:33:30,100.0,23.15,B
2021-06-18T13:33:12,100.0,23.1,S
2021-06-18T13:32:59,2000.0,23.1,S
2021-06-18T13:32:59,100.0,23.15,B
2021-06-18T13:32:43,100.0,23.15,B
2021-06-18T13:32:26,100.0,23.15,B
2021-06-18T13:32:24,100.0,23.15,B
2021-06-18T13:32:24,4900.0,23.15,B
2021-06-18T13:32:15,500.0,23.1,S
2021-06-18T13:32:12,100.0,23.1,S
2021-06-18T13:32:11,1000.0,23.15,B
2021-06-18T13:31:15,1100.0,23.15,S
2021-06-18T13:31:12,14000.0,23.15,S
2021-06-18T13:31:08,1000.0,23.15,S
2021-06-18T13:30:49,1000.0,23.15,S
2021-06-18T13:30:40,3000.0,23.15,B
2021-06-18T13:30:34,600.0,23.15,B
2021-06-18T13:30:34,1000.0,23.1,S
2021-06-18T13:30:12,1000.0,23.1,S
2021-06-18T13:30:11,400.0,23.15,B
2021-06-18T13:29:55,1000.0,23.1,S
2021-06-18T13:29:43,1000.0,23.1,S
2021-06-18T13:29:35,20000.0,23.2,B
2021-06-18T13:29:32,5000.0,23.1,S
2021-06-18T13:29:26,500.0,23.1,S
2021-06-18T13:29:23,10000.0,23.15,B
2021-06-18T13:29:12,1000.0,23.1,S
2021-06-18T13:28:56,10000.0,23.1,S
2021-06-18T13:28:49,1000.0,23.1,S
2021-06-18T13:28:45,200.0,23.1,S
2021-06-18T13:28:30,1000.0,23.1,S
2021-06-18T13:28:26,30300.0,23.1,S
2021-06-18T13:28:26,1000.0,23.1,S
2021-06-18T13:28:19,300.0,23.1,S
2021-06-18T13:28:07,100.0,23.1,S
2021-06-18T13:27:47,300.0,23.1,S
2021-06-18T13:27:26,500.0,23.1,S
2021-06-18T13:27:26,700.0,23.15,B
2021-06-18T13:27:20,1000.0,23.1,S
2021-06-18T13:26:56,100.0,23.1,S
2021-06-18T13:26:06,1000.0,23.1,B
2021-06-18T13:25:57,3600.0,23.1,B
2021-06-18T13:25:57,2100.0,23.1,B
2021-06-18T13:25:57,600.0,23.1,B
2021-06-18T13:25:57,42400.0,23.1,B
2021-06-18T13:25:54,2300.0,23.0,S
2021-06-18T13:25:33,600.0,23.1,B
2021-06-18T13:25:19,900.0,23.0,S
2021-06-18T13:25:00,700.0,23.1,B
2021-06-18T13:24:49,200.0,23.0,S
2021-06-18T13:24:46,200.0,23.0,S
2021-06-18T13:24:41,700.0,23.1,B
2021-06-18T13:24:37,700.0,23.1,B
2021-06-18T13:24:28,700.0,23.1,B
2021-06-18T13:24:19,700.0,23.1,B
2021-06-18T13:24:17,200.0,23.1,B
2021-06-18T13:24:09,600.0,23.1,B
2021-06-18T13:24:08,700.0,23.1,B
2021-06-18T13:24:00,1200.0,23.1,B
2021-06-18T13:24:00,1000.0,23.1,B
2021-06-18T13:23:54,1300.0,23.1,B
2021-06-18T13:23:51,1000.0,23.1,B
2021-06-18T13:23:50,600.0,23.05,S
2021-06-18T13:23:40,100.0,23.1,B
2021-06-18T13:23:39,600.0,23.1,B
2021-06-18T13:23:35,900.0,23.1,B
2021-06-18T13:23:31,700.0,23.1,B
2021-06-18T13:23:22,100.0,23.1,B
2021-06-18T13:23:21,100.0,23.1,B
2021-06-18T13:22:45,1000.0,23.1,B
2021-06-18T13:22:33,100.0,23.1,B
2021-06-18T13:22:10,200.0,23.1,B
2021-06-18T13:21:51,1500.0,23.0,S
2021-06-18T13:21:50,200.0,23.1,B
2021-06-18T13:21:46,300.0,23.1,B
2021-06-18T13:21:44,6700.0,23.1,B
2021-06-18T13:21:34,700.0,23.1,B
2021-06-18T13:21:28,1400.0,23.1,B
2021-06-18T13:21:27,2000.0,23.0,S
2021-06-18T13:21:13,200.0,23.1,B
2021-06-18T13:21:05,1800.0,23.1,B
2021-06-18T13:21:01,3200.0,23.0,S
2021-06-18T13:21:01,1000.0,23.0,S
2021-06-18T13:21:01,500.0,23.0,S
2021-06-18T13:21:01,600.0,23.0,S
2021-06-18T13:21:01,600.0,23.0,S
2021-06-18T13:21:01,10600.0,23.0,S
2021-06-18T13:21:01,1000.0,23.0,S
2021-06-18T13:21:00,32500.0,23.0,S
2021-06-18T13:20:58,1000.0,23.1,B
2021-06-18T13:20:49,600.0,23.05,S
2021-06-18T13:20:20,2000.0,23.1,B
2021-06-18T13:20:11,2000.0,23.1,B
2021-06-18T13:20:09,100.0,23.1,B
2021-06-18T13:19:42,6500.0,23.1,S
2021-06-18T13:19:42,6400.0,23.1,S
2021-06-18T13:19:41,500.0,23.1,S
2021-06-18T13:19:41,9000.0,23.1,S
2021-06-18T13:19:41,1000.0,23.1,S
2021-06-18T13:19:41,10600.0,23.1,S
2021-06-18T13:19:41,3900.0,23.15,S
2021-06-18T13:19:41,200.0,23.15,S
2021-06-18T13:19:41,5700.0,23.15,S
2021-06-18T13:19:39,500.0,23.2,B
2021-06-18T13:19:24,400.0,23.2,B
2021-06-18T13:18:37,500.0,23.15,S
2021-06-18T13:18:11,600.0,23.2,S
2021-06-18T13:18:11,3000.0,23.2,S
2021-06-18T13:18:11,200.0,23.2,S
2021-06-18T13:18:11,500.0,23.2,S
2021-06-18T13:18:11,7600.0,23.2,S
2021-06-18T13:18:11,700.0,23.2,S
2021-06-18T13:18:11,3100.0,23.2,S
2021-06-18T13:18:11,6000.0,23.2,S
2021-06-18T13:17:59,1000.0,23.2,S
2021-06-18T13:17:02,5000.0,23.2,S
2021-06-18T13:16:42,2000.0,23.2,S
2021-06-18T13:16:36,500.0,23.2,S
2021-06-18T13:16:36,5000.0,23.2,S
2021-06-18T13:16:24,1200.0,23.25,S
2021-06-18T13:16:24,900.0,23.25,S
2021-06-18T13:16:18,200.0,23.25,S
2021-06-18T13:16:10,200.0,23.2,S
2021-06-18T13:16:01,400.0,23.2,S
2021-06-18T13:15:53,1000.0,23.25,S
2021-06-18T13:15:53,100.0,23.25,S
2021-06-18T13:15:37,200.0,23.25,S
2021-06-18T13:15:13,1000.0,23.25,S
2021-06-18T13:15:12,2800.0,23.25,S
2021-06-18T13:15:12,2200.0,23.25,S
2021-06-18T13:15:08,1100.0,23.25,S
2021-06-18T13:15:04,1000.0,23.25,S
2021-06-18T13:15:03,1000.0,23.25,S
2021-06-18T13:15:01,200.0,23.3,B
2021-06-18T13:14:42,100.0,23.25,S
2021-06-18T13:14:32,1000.0,23.25,S
2021-06-18T13:14:32,300.0,23.25,S
2021-06-18T13:14:27,200.0,23.25,S
2021-06-18T13:14:27,200.0,23.25,S
2021-06-18T13:14:18,300.0,23.3,B
2021-06-18T13:13:29,1300.0,23.25,S
2021-06-18T13:13:29,100.0,23.3,B
2021-06-18T13:13:27,1000.0,23.25,S
2021-06-18T13:13:17,100.0,23.3,B
2021-06-18T13:13:01,1000.0,23.25,S
2021-06-18T13:12:55,500.0,23.25,S
2021-06-18T13:12:52,400.0,23.25,S
2021-06-18T13:12:51,200.0,23.3,B
2021-06-18T13:12:50,700.0,23.25,S
2021-06-18T13:12:40,1000.0,23.25,S
2021-06-18T13:12:10,500.0,23.25,S
2021-06-18T13:11:42,1000.0,23.25,S
2021-06-18T13:11:25,100.0,23.3,B
2021-06-18T13:11:22,200.0,23.25,S
2021-06-18T13:11:17,2000.0,23.3,B
2021-06-18T13:11:14,200.0,23.3,B
2021-06-18T13:10:36,200.0,23.3,B
2021-06-18T13:10:36,500.0,23.25,S
2021-06-18T13:10:36,1000.0,23.3,B
2021-06-18T13:10:32,8500.0,23.3,B
2021-06-18T13:10:32,600.0,23.3,B
2021-06-18T13:10:32,1100.0,23.3,B
2021-06-18T13:10:32,1000.0,23.3,B
2021-06-18T13:10:32,2300.0,23.3,B
2021-06-18T13:10:32,2500.0,23.3,B
2021-06-18T13:10:32,2000.0,23.3,B
2021-06-18T13:10:24,500.0,23.25,S
2021-06-18T13:10:13,2400.0,23.3,B
2021-06-18T13:10:12,200.0,23.25,S
2021-06-18T13:10:02,1500.0,23.25,S
2021-06-18T13:09:45,200.0,23.3,B
2021-06-18T13:09:33,200.0,23.3,B
2021-06-18T13:09:11,200.0,23.3,B
2021-06-18T13:09:09,600.0,23.25,S
2021-06-18T13:07:17,600.0,23.3,B
2021-06-18T13:07:10,500.0,23.3,B
2021-06-18T13:07:00,500.0,23.25,S
2021-06-18T13:06:41,1700.0,23.3,B
2021-06-18T13:06:33,700.0,23.3,B
2021-06-18T13:06:33,2000.0,23.3,B
2021-06-18T13:06:24,2300.0,23.25,S
2021-06-18T13:06:21,700.0,23.3,B
2021-06-18T13:06:14,500.0,23.25,S
2021-06-18T13:06:10,300.0,23.25,S
2021-06-18T13:06:02,8900.0,23.25,S
2021-06-18T13:05:32,100.0,23.25,S
2021-06-18T13:05:17,1000.0,23.25,S
2021-06-18T13:05:10,200.0,23.25,S
2021-06-18T13:05:10,5000.0,23.25,S
2021-06-18T13:05:05,1500.0,23.2,S
2021-06-18T13:05:05,1500.0,23.2,S
2021-06-18T13:05:04,600.0,23.2,S
2021-06-18T13:04:57,8200.0,23.25,S
2021-06-18T13:04:48,800.0,23.3,B
2021-06-18T13:04:47,2000.0,23.3,B
2021-06-18T13:04:47,200.0,23.25,S
2021-06-18T13:04:45,700.0,23.3,B
2021-06-18T13:04:44,200.0,23.3,B
2021-06-18T13:04:44,500.0,23.25,S
2021-06-18T13:04:43,10000.0,23.25,S
2021-06-18T13:04:40,400.0,23.3,B
2021-06-18T13:04:36,10000.0,23.3,B
2021-06-18T13:04:34,3000.0,23.3,B
2021-06-18T13:04:30,1600.0,23.3,B
2021-06-18T13:04:23,700.0,23.3,B
2021-06-18T13:04:22,200.0,23.25,S
2021-06-18T13:04:18,5000.0,23.3,B
2021-06-18T13:04:12,2000.0,23.3,B
2021-06-18T13:04:00,4000.0,23.3,B
2021-06-18T13:04:00,800.0,23.3,B
2021-06-18T13:03:59,100.0,23.3,B
2021-06-18T13:03:59,8300.0,23.3,B
2021-06-18T13:03:59,1000.0,23.3,B
2021-06-18T13:03:59,100.0,23.3,B
2021-06-18T13:03:59,1500.0,23.3,B
2021-06-18T13:03:59,5000.0,23.3,B
2021-06-18T13:03:59,2400.0,23.3,B
2021-06-18T13:03:59,3900.0,23.3,B
2021-06-18T13:03:59,200.0,23.3,B
2021-06-18T13:03:59,900.0,23.3,B
2021-06-18T13:03:59,54200.0,23.3,B
2021-06-18T13:03:58,300.0,23.3,B
2021-06-18T13:03:54,100.0,23.25,S
2021-06-18T13:03:52,10000.0,23.3,B
2021-06-18T13:03:46,600.0,23.3,B
2021-06-18T13:03:31,700.0,23.3,B
2021-06-18T13:03:23,700.0,23.3,B
2021-06-18T13:03:20,700.0,23.3,B
2021-06-18T13:03:11,2600.0,23.25,S
2021-06-18T13:03:11,2400.0,23.25,S
2021-06-18T13:03:10,600.0,23.3,B
2021-06-18T13:03:09,200.0,23.3,B
2021-06-18T13:03:00,100.0,23.3,B
2021-06-18T13:02:53,100.0,23.3,B
2021-06-18T13:02:47,500.0,23.3,B
2021-06-18T13:02:39,500.0,23.3,B
2021-06-18T13:02:35,300.0,23.3,B
2021-06-18T13:02:33,700.0,23.3,B
2021-06-18T13:02:30,700.0,23.3,B
2021-06-18T13:01:47,700.0,23.3,B
2021-06-18T13:01:43,600.0,23.3,B
2021-06-18T13:01:40,300.0,23.25,S
2021-06-18T13:01:30,700.0,23.3,B
2021-06-18T13:01:24,500.0,23.3,B
2021-06-18T13:01:20,600.0,23.3,B
2021-06-18T13:01:20,400.0,23.25,B
2021-06-18T13:01:19,600.0,23.25,B
2021-06-18T13:01:06,2100.0,23.25,B
2021-06-18T13:01:06,600.0,23.25,B
2021-06-18T13:01:06,1400.0,23.25,B
2021-06-18T13:01:06,500.0,23.25,B
2021-06-18T13:01:06,4400.0,23.25,B
2021-06-18T13:01:03,300.0,23.25,B
2021-06-18T13:00:44,1000.0,23.2,S
2021-06-18T13:00:43,5000.0,23.15,S
2021-06-18T13:00:41,500.0,23.15,S
2021-06-18T13:00:41,3000.0,23.15,S
2021-06-18T13:00:41,2900.0,23.15,S
2021-06-18T13:00:41,2100.0,23.2,S
2021-06-18T13:00:41,2000.0,23.2,S
2021-06-18T13:00:41,500.0,23.2,S
2021-06-18T13:00:41,1000.0,23.2,S
2021-06-18T13:00:41,500.0,23.25,B
2021-06-18T13:00:41,4000.0,23.2,S
2021-06-18T13:00:41,1000.0,23.2,S
2021-06-18T13:00:41,700.0,23.25,B
2021-06-18T13:00:40,500.0,23.2,S
2021-06-18T13:00:39,100.0,23.2,S
2021-06-18T13:00:39,21300.0,23.2,S
2021-06-18T13:00:39,100.0,23.2,S
2021-06-18T13:00:39,3600.0,23.2,S
2021-06-18T13:00:38,200.0,23.25,B
2021-06-18T13:00:37,2000.0,23.2,S
2021-06-18T13:00:36,1000.0,23.25,B
2021-06-18T13:00:36,500.0,23.2,S
2021-06-18T13:00:36,5000.0,23.25,B
2021-06-18T13:00:35,2000.0,23.25,B
2021-06-18T13:00:35,100.0,23.25,B
2021-06-18T13:00:35,100.0,23.25,B
2021-06-18T13:00:34,900.0,23.2,S
2021-06-18T13:00:33,800.0,23.2,S
2021-06-18T13:00:33,1000.0,23.25,B
2021-06-18T13:00:32,1000.0,23.2,S
2021-06-18T13:00:32,500.0,23.25,B
2021-06-18T13:00:32,2000.0,23.25,B
2021-06-18T13:00:31,100.0,23.25,B
2021-06-18T13:00:31,20000.0,23.25,B
2021-06-18T13:00:29,100.0,23.25,B
2021-06-18T13:00:29,16200.0,23.25,B
2021-06-18T13:00:29,2100.0,23.25,B
2021-06-18T13:00:29,11700.0,23.25,B
2021-06-18T13:00:29,600.0,23.25,B
2021-06-18T13:00:27,200.0,23.2,S
2021-06-18T13:00:27,20000.0,23.25,B
2021-06-18T11:30:11,400.0,23.25,B
2021-06-18T11:30:11,200.0,23.25,B
2021-06-18T11:30:11,100.0,23.25,B
2021-06-18T11:30:06,10000.0,23.2,S
2021-06-18T11:30:06,700.0,23.25,B
2021-06-18T11:28:13,500.0,23.25,B
2021-06-18T11:27:56,200.0,23.25,B
2021-06-18T11:27:53,1000.0,23.25,B
2021-06-18T11:27:39,100.0,23.2,S
2021-06-18T11:27:36,1000.0,23.25,B
2021-06-18T11:27:29,100.0,23.2,S
2021-06-18T11:27:11,300.0,23.2,S
2021-06-18T11:26:47,2600.0,23.25,B
2021-06-18T11:26:43,3000.0,23.2,B
2021-06-18T11:26:40,100.0,23.2,B
2021-06-18T11:26:34,500.0,23.2,S
2021-06-18T11:26:34,8900.0,23.2,S
2021-06-18T11:26:11,100.0,23.25,B
2021-06-18T11:25:56,3000.0,23.25,B
2021-06-18T11:25:32,5000.0,23.25,B
2021-06-18T11:25:00,2000.0,23.25,B
2021-06-18T11:24:31,30000.0,23.25,B
2021-06-18T11:24:03,2000.0,23.2,S
2021-06-18T11:23:49,300.0,23.2,S
2021-06-18T11:23:39,500.0,23.2,S
2021-06-18T11:23:02,100.0,23.2,B
2021-06-18T11:23:02,7800.0,23.25,B
2021-06-18T11:23:02,3900.0,23.25,B
2021-06-18T11:23:02,100.0,23.25,B
2021-06-18T11:23:02,3100.0,23.25,B
2021-06-18T11:23:02,2800.0,23.25,B
2021-06-18T11:23:02,800.0,23.25,B
2021-06-18T11:23:02,1500.0,23.25,B
2021-06-18T11:23:00,400.0,23.2,B
2021-06-18T11:23:00,500.0,23.2,B
2021-06-18T11:22:52,4100.0,23.2,S
2021-06-18T11:22:37,500.0,23.2,S
2021-06-18T11:22:29,14800.0,23.25,B
2021-06-18T11:22:28,500.0,23.25,B
2021-06-18T11:22:26,2000.0,23.2,S
2021-06-18T11:22:09,100.0,23.2,S
2021-06-18T11:21:17,1500.0,23.2,B
2021-06-18T11:21:17,600.0,23.2,B
2021-06-18T11:21:17,1200.0,23.2,B
2021-06-18T11:21:01,200.0,23.2,B
2021-06-18T11:20:43,500.0,23.2,B
2021-06-18T11:20:27,100.0,23.2,B
2021-06-18T11:20:00,7000.0,23.25,B
2021-06-18T11:19:52,5000.0,23.2,B
2021-06-18T11:19:40,100.0,23.2,S
2021-06-18T11:19:32,4200.0,23.2,S
2021-06-18T11:19:28,7700.0,23.2,S
2021-06-18T11:19:15,200.0,23.2,B
2021-06-18T11:19:15,8100.0,23.2,B
2021-06-18T11:18:58,900.0,23.2,B
2021-06-18T11:18:58,200.0,23.2,B
2021-06-18T11:18:57,700.0,23.2,B
2021-06-18T11:18:52,1000.0,23.2,B
2021-06-18T11:18:36,1000.0,23.2,B
2021-06-18T11:18:23,2000.0,23.15,S
2021-06-18T11:18:14,100.0,23.2,B
2021-06-18T11:17:55,2000.0,23.2,B
2021-06-18T11:17:20,900.0,23.2,B
2021-06-18T11:17:02,7300.0,23.2,B
2021-06-18T11:17:02,400.0,23.2,B
2021-06-18T11:17:02,2600.0,23.2,B
2021-06-18T11:17:02,8000.0,23.2,B
2021-06-18T11:17:02,9200.0,23.2,B
2021-06-18T11:17:01,500.0,23.2,B
2021-06-18T11:16:39,1600.0,23.15,S
2021-06-18T11:16:39,3400.0,23.15,S
2021-06-18T11:16:24,100.0,23.15,S
2021-06-18T11:15:50,6300.0,23.15,B
2021-06-18T11:15:50,200.0,23.15,B
2021-06-18T11:15:36,4700.0,23.15,B
2021-06-18T11:15:36,200.0,23.15,B
2021-06-18T11:15:36,100.0,23.15,B
2021-06-18T11:15:26,300.0,23.1,S
2021-06-18T11:15:05,100.0,23.1,S
2021-06-18T11:15:05,2000.0,23.1,S
2021-06-18T11:15:01,100.0,23.1,S
2021-06-18T11:14:57,1000.0,23.1,S
2021-06-18T11:14:45,3800.0,23.1,B
2021-06-18T11:14:36,3000.0,23.1,B
2021-06-18T11:14:36,1500.0,23.1,B
2021-06-18T11:14:36,500.0,23.1,B
2021-06-18T11:14:23,1000.0,23.1,B
2021-06-18T11:14:09,500.0,23.1,B
2021-06-18T11:14:08,100.0,23.1,B
2021-06-18T11:14:07,100.0,23.1,B
2021-06-18T11:14:06,200.0,23.1,B
2021-06-18T11:14:01,400.0,23.1,B
2021-06-18T11:13:56,400.0,23.1,B
2021-06-18T11:13:56,100.0,23.1,B
2021-06-18T11:13:23,200.0,23.1,B
2021-06-18T11:13:22,300.0,23.1,B
2021-06-18T11:13:00,500.0,23.1,B
2021-06-18T11:12:54,1300.0,23.1,B
2021-06-18T11:12:54,500.0,23.1,B
2021-06-18T11:12:54,3200.0,23.1,B
2021-06-18T11:12:31,100.0,23.1,B
2021-06-18T11:12:15,100.0,23.1,B
2021-06-18T11:11:57,1300.0,23.1,B
2021-06-18T11:11:49,800.0,23.1,B
2021-06-18T11:11:21,4000.0,23.1,B
2021-06-18T11:11:02,11000.0,23.05,S
2021-06-18T11:10:55,4000.0,23.1,B
2021-06-18T11:10:28,400.0,23.05,S
2021-06-18T11:09:20,10000.0,23.1,B
2021-06-18T11:09:20,300.0,23.05,S
2021-06-18T11:09:13,2000.0,23.1,B
2021-06-18T11:08:57,100.0,23.05,S
2021-06-18T11:08:51,400.0,23.1,B
2021-06-18T11:08:41,100.0,23.05,S
2021-06-18T11:08:27,300.0,23.05,S
2021-06-18T11:07:44,12200.0,23.05,B
2021-06-18T11:07:23,500.0,23.05,B
2021-06-18T11:07:22,1000.0,23.05,B
2021-06-18T11:06:52,100.0,23.05,B
2021-06-18T11:06:36,1000.0,23.05,B
2021-06-18T11:06:04,5000.0,23.05,B
2021-06-18T11:05:53,1000.0,23.05,B
2021-06-18T11:05:44,500.0,23.05,B
2021-06-18T11:05:29,1000.0,23.05,B
2021-06-18T11:05:26,1000.0,23.05,B
2021-06-18T11:04:35,1000.0,23.05,B
2021-06-18T11:04:30,200.0,23.05,B
2021-06-18T11:04:27,200.0,23.05,B
2021-06-18T11:04:18,500.0,23.05,S
2021-06-18T11:04:18,4900.0,23.05,S
2021-06-18T11:04:18,1000.0,23.05,S
2021-06-18T11:04:07,4300.0,23.1,B
2021-06-18T11:03:55,500.0,23.05,S
2021-06-18T11:03:30,500.0,23.05,S
2021-06-18T11:03:19,500.0,23.1,B
2021-06-18T11:03:03,500.0,23.1,B
2021-06-18T11:02:55,1000.0,23.1,B
2021-06-18T11:02:53,900.0,23.05,B
2021-06-18T11:02:48,4200.0,23.05,B
2021-06-18T11:02:37,5000.0,23.05,B
2021-06-18T11:02:37,12000.0,23.05,B
2021-06-18T11:02:37,100.0,23.05,B
2021-06-18T11:02:37,5000.0,23.05,B
2021-06-18T11:02:36,700.0,23.05,B
2021-06-18T11:02:34,100.0,23.05,B
2021-06-18T11:02:33,700.0,23.05,B
2021-06-18T11:02:31,1200.0,23.0,S
2021-06-18T11:02:23,100.0,23.05,B
2021-06-18T11:02:20,500.0,23.05,B
2021-06-18T11:02:16,500.0,23.05,B
2021-06-18T11:02:13,500.0,23.05,B
2021-06-18T11:02:11,4400.0,23.05,B
2021-06-18T11:02:10,10000.0,23.05,B
2021-06-18T11:02:02,200.0,23.05,B
2021-06-18T11:01:59,500.0,23.05,B
2021-06-18T11:01:49,500.0,23.05,B
2021-06-18T11:01:49,900.0,23.0,S
2021-06-18T11:01:49,4100.0,23.0,S
2021-06-18T11:01:47,200.0,23.05,B
2021-06-18T11:01:46,700.0,23.0,S
2021-06-18T11:01:38,1000.0,23.0,S
2021-06-18T11:01:36,100.0,23.0,S
2021-06-18T11:01:34,10000.0,23.05,B
2021-06-18T11:01:31,400.0,23.0,S
2021-06-18T11:01:12,1300.0,23.0,B
2021-06-18T11:01:12,800.0,23.0,B
2021-06-18T11:01:12,11600.0,23.0,B
2021-06-18T11:01:10,500.0,23.0,B
2021-06-18T11:01:09,2100.0,23.0,B
2021-06-18T11:01:08,3900.0,23.0,B
2021-06-18T11:01:08,3100.0,23.0,B
2021-06-18T11:01:08,1600.0,23.0,B
2021-06-18T11:01:08,1000.0,23.0,B
2021-06-18T11:01:08,500.0,23.0,B
2021-06-18T11:01:08,3200.0,23.0,B
2021-06-18T11:01:03,500.0,23.0,B
2021-06-18T11:01:03,200.0,23.0,B
2021-06-18T11:01:01,500.0,23.0,B
2021-06-18T11:00:52,3000.0,23.0,B
2021-06-18T11:00:51,1000.0,23.0,B
2021-06-18T11:00:47,200.0,23.0,B
2021-06-18T11:00:45,10000.0,23.0,B
2021-06-18T11:00:36,100.0,23.0,B
2021-06-18T11:00:34,4800.0,23.0,B
2021-06-18T11:00:25,2800.0,23.0,B
2021-06-18T11:00:24,5000.0,23.0,B
2021-06-18T11:00:22,2000.0,23.0,B
2021-06-18T11:00:12,500.0,23.0,B
2021-06-18T10:59:59,5000.0,23.0,B
2021-06-18T10:59:44,100.0,23.0,B
2021-06-18T10:59:42,2000.0,23.0,B
2021-06-18T10:59:35,100.0,23.0,B
2021-06-18T10:59:32,5000.0,23.0,B
2021-06-18T10:59:31,1000.0,23.0,B
2021-06-18T10:59:27,100.0,23.0,B
2021-06-18T10:59:21,10000.0,23.0,B
2021-06-18T10:59:20,5000.0,23.0,B
2021-06-18T10:59:20,13900.0,23.0,B
2021-06-18T10:59:20,11100.0,23.0,B
2021-06-18T10:59:20,100.0,23.0,B
2021-06-18T10:59:19,200.0,23.0,B
2021-06-18T10:59:13,3200.0,23.0,B
2021-06-18T10:59:06,5000.0,23.0,B
2021-06-18T10:59:02,1600.0,23.0,B
2021-06-18T10:59:02,400.0,23.0,B
2021-06-18T10:59:02,4200.0,22.95,S
2021-06-18T10:58:44,100.0,23.0,B
2021-06-18T10:58:17,4400.0,23.0,B
2021-06-18T10:58:10,600.0,22.95,S
2021-06-18T10:58:10,400.0,22.95,S
2021-06-18T10:58:09,4500.0,22.95,S
2021-06-18T10:58:01,1000.0,22.95,S
2021-06-18T10:57:55,1000.0,23.0,B
2021-06-18T10:57:34,900.0,22.95,B
2021-06-18T10:57:32,2000.0,22.95,B
2021-06-18T10:57:31,100.0,22.95,B
2021-06-18T10:57:28,1000.0,22.9,S
2021-06-18T10:56:59,900.0,22.9,S
2021-06-18T10:56:48,200.0,22.95,B
2021-06-18T10:56:37,100.0,22.95,B
2021-06-18T10:56:33,1000.0,22.95,B
2021-06-18T10:56:25,3000.0,22.95,B
2021-06-18T10:56:24,100.0,22.95,B
2021-06-18T10:56:22,900.0,22.95,B
2021-06-18T10:56:11,1100.0,22.95,B
2021-06-18T10:56:07,1000.0,22.95,B
2021-06-18T10:55:55,100.0,22.9,S
2021-06-18T10:55:46,1000.0,22.9,B
2021-06-18T10:55:46,12200.0,22.9,B
2021-06-18T10:55:46,500.0,22.9,B
2021-06-18T10:55:44,700.0,22.9,B
2021-06-18T10:55:44,1500.0,22.85,S
2021-06-18T10:55:34,100.0,22.9,B
2021-06-18T10:55:32,4500.0,22.9,B
2021-06-18T10:55:31,7400.0,22.9,B
2021-06-18T10:55:30,400.0,22.9,B
2021-06-18T10:55:30,700.0,22.9,B
2021-06-18T10:55:23,1000.0,22.85,S
2021-06-18T10:55:16,1000.0,22.9,B
2021-06-18T10:55:09,3300.0,22.9,B
2021-06-18T10:54:40,100.0,22.9,B
2021-06-18T10:54:39,20000.0,22.85,S
2021-06-18T10:54:33,7500.0,22.85,S
2021-06-18T10:54:30,100.0,22.85,S
2021-06-18T10:54:28,800.0,22.85,S
2021-06-18T10:54:25,1100.0,22.85,S
2021-06-18T10:54:25,500.0,22.85,S
2021-06-18T10:54:17,2000.0,22.85,S
2021-06-18T10:54:03,100.0,22.85,S
2021-06-18T10:54:00,4000.0,22.9,B
2021-06-18T10:53:44,500.0,22.85,S
2021-06-18T10:53:42,500.0,22.85,S
2021-06-18T10:53:31,4000.0,22.9,B
2021-06-18T10:53:29,200.0,22.85,S
2021-06-18T10:53:26,100.0,22.85,S
2021-06-18T10:53:25,1000.0,22.85,S
2021-06-18T10:53:24,500.0,22.85,S
2021-06-18T10:53:13,200.0,22.85,S
2021-06-18T10:53:09,5000.0,22.9,B
2021-06-18T10:53:09,200.0,22.85,S
2021-06-18T10:53:08,100.0,22.85,S
2021-06-18T10:53:06,4700.0,22.85,S
2021-06-18T10:52:58,8400.0,22.85,S
2021-06-18T10:52:57,10000.0,22.85,S
2021-06-18T10:52:54,1300.0,22.85,S
2021-06-18T10:52:52,300.0,22.85,S
2021-06-18T10:52:47,1000.0,22.85,S
2021-06-18T10:52:42,3000.0,22.9,B
2021-06-18T10:52:41,200.0,22.9,B
2021-06-18T10:52:38,200.0,22.85,S
2021-06-18T10:52:37,1900.0,22.9,B
2021-06-18T10:52:37,100.0,22.85,S
2021-06-18T10:52:33,100.0,22.85,S
2021-06-18T10:52:31,1000.0,22.85,S
2021-06-18T10:52:26,800.0,22.85,S
2021-06-18T10:52:19,500.0,22.9,B
2021-06-18T10:52:16,12500.0,22.9,B
2021-06-18T10:52:16,2200.0,22.9,B
2021-06-18T10:52:16,5300.0,22.9,B
2021-06-18T10:52:09,500.0,22.85,S
2021-06-18T10:52:02,15000.0,22.85,S
2021-06-18T10:52:02,3000.0,22.85,S
2021-06-18T10:52:02,1600.0,22.85,S
2021-06-18T10:52:01,2500.0,22.85,S
2021-06-18T10:52:01,3800.0,22.85,S
2021-06-18T10:51:59,500.0,22.9,B
2021-06-18T10:51:31,100.0,22.9,B
2021-06-18T10:51:26,2000.0,22.85,S
2021-06-18T10:51:16,600.0,22.9,B
2021-06-18T10:51:06,500.0,22.9,B
2021-06-18T10:51:02,300.0,22.9,B
2021-06-18T10:50:57,1700.0,22.9,B
2021-06-18T10:50:54,100.0,22.9,B
2021-06-18T10:50:49,200.0,22.9,B
2021-06-18T10:50:41,100.0,22.9,B
2021-06-18T10:50:37,2000.0,22.9,B
2021-06-18T10:50:36,200.0,22.9,B
2021-06-18T10:50:23,200.0,22.9,B
2021-06-18T10:50:23,500.0,22.9,B
2021-06-18T10:50:19,1000.0,22.9,B
2021-06-18T10:50:15,500.0,22.9,S
2021-06-18T10:50:10,100.0,22.9,S
2021-06-18T10:50:05,1500.0,22.9,S
2021-06-18T10:50:04,1000.0,22.9,S
2021-06-18T10:49:47,1300.0,22.9,S
2021-06-18T10:49:46,200.0,22.9,S
2021-06-18T10:49:43,1000.0,22.9,S
2021-06-18T10:49:33,2000.0,22.9,S
2021-06-18T10:49:33,500.0,23.0,B
2021-06-18T10:49:32,2000.0,23.0,B
2021-06-18T10:49:29,1000.0,23.0,B
2021-06-18T10:49:13,100.0,23.0,B
2021-06-18T10:49:06,700.0,23.0,B
2021-06-18T10:48:58,200.0,23.0,B
2021-06-18T10:48:57,200.0,23.0,B
2021-06-18T10:48:50,1000.0,23.0,B
2021-06-18T10:48:50,100.0,23.0,B
2021-06-18T10:48:30,2000.0,23.0,B
2021-06-18T10:48:28,100.0,23.0,B
2021-06-18T10:48:23,200.0,23.0,B
2021-06-18T10:48:16,300.0,23.0,B
2021-06-18T10:48:08,4600.0,22.8,S
2021-06-18T10:48:08,2800.0,22.8,S
2021-06-18T10:48:08,1200.0,22.8,S
2021-06-18T10:48:05,2000.0,22.8,S
2021-06-18T10:48:05,3500.0,22.8,S
2021-06-18T10:48:05,17900.0,22.9,S
2021-06-18T10:48:04,300.0,23.0,S
2021-06-18T10:48:02,25000.0,22.9,S
2021-06-18T10:48:02,3700.0,22.9,S
2021-06-18T10:48:02,1700.0,22.9,S
2021-06-18T10:48:02,2000.0,22.9,S
2021-06-18T10:48:02,3500.0,22.9,S
2021-06-18T10:48:02,100.0,22.95,S
2021-06-18T10:47:58,300.0,23.0,S
2021-06-18T10:47:56,700.0,23.0,S
2021-06-18T10:47:56,1100.0,23.0,S
2021-06-18T10:47:56,1500.0,23.0,S
2021-06-18T10:47:50,4000.0,23.0,S
2021-06-18T10:47:48,200.0,23.0,S
2021-06-18T10:47:48,1000.0,23.0,S
2021-06-18T10:47:48,3500.0,23.0,S
2021-06-18T10:47:48,300.0,23.0,S
2021-06-18T10:47:47,1200.0,23.0,S
2021-06-18T10:47:47,3800.0,23.0,S
2021-06-18T10:47:45,300.0,23.0,S
2021-06-18T10:47:42,7400.0,23.0,S
2021-06-18T10:47:28,5000.0,23.0,S
2021-06-18T10:47:25,5100.0,23.0,S
2021-06-18T10:47:25,200.0,23.0,S
2021-06-18T10:47:25,1800.0,23.0,S
2021-06-18T10:47:25,200.0,23.0,S
2021-06-18T10:47:25,12700.0,23.0,S
2021-06-18T10:47:21,100.0,23.05,B
2021-06-18T10:47:12,800.0,23.0,S
2021-06-18T10:47:12,3600.0,23.0,S
2021-06-18T10:47:12,2600.0,23.0,S
2021-06-18T10:47:12,5000.0,23.0,S
2021-06-18T10:47:12,1900.0,23.0,S
2021-06-18T10:47:12,500.0,23.0,S
2021-06-18T10:47:12,500.0,23.0,S
2021-06-18T10:47:12,400.0,23.0,S
2021-06-18T10:47:12,600.0,23.0,S
2021-06-18T10:47:12,500.0,23.0,S
2021-06-18T10:47:12,11600.0,23.0,S
2021-06-18T10:47:12,400.0,23.0,S
2021-06-18T10:47:12,6100.0,23.0,S
2021-06-18T10:47:12,2000.0,23.0,S
2021-06-18T10:47:12,300.0,23.0,S
2021-06-18T10:47:12,400.0,23.0,S
2021-06-18T10:47:12,1400.0,23.0,S
2021-06-18T10:47:11,11400.0,23.0,S
2021-06-18T10:46:57,1600.0,23.05,B
2021-06-18T10:46:50,11700.0,23.0,S
2021-06-18T10:46:50,5300.0,23.0,S
2021-06-18T10:46:50,600.0,23.0,S
2021-06-18T10:46:50,1000.0,23.0,S
2021-06-18T10:46:50,3100.0,23.0,S
2021-06-18T10:46:50,3700.0,23.0,S
2021-06-18T10:46:50,13000.0,23.0,S
2021-06-18T10:46:50,5800.0,23.0,S
2021-06-18T10:46:49,55800.0,23.0,S
2021-06-18T10:46:44,400.0,23.0,S
2021-06-18T10:46:40,10000.0,23.0,S
2021-06-18T10:46:40,5000.0,23.0,S
2021-06-18T10:46:39,5800.0,23.0,S
2021-06-18T10:46:33,400.0,23.05,S
2021-06-18T10:46:31,2600.0,23.0,S
2021-06-18T10:46:28,3000.0,23.05,S
2021-06-18T10:46:22,6000.0,23.0,S
2021-06-18T10:46:11,1000.0,23.1,B
2021-06-18T10:46:09,100.0,23.1,B
2021-06-18T10:45:58,12000.0,23.0,S
2021-06-18T10:45:35,12000.0,23.1,B
2021-06-18T10:44:49,4600.0,23.1,S
2021-06-18T10:44:49,400.0,23.1,S
2021-06-18T10:44:46,17100.0,23.0,S
2021-06-18T10:44:46,2600.0,23.05,S
2021-06-18T10:44:46,300.0,23.05,S
2021-06-18T10:44:43,2000.0,23.1,S
2021-06-18T10:44:43,100.0,23.1,S
2021-06-18T10:44:37,100.0,23.1,S
2021-06-18T10:44:36,300.0,23.1,S
2021-06-18T10:44:36,400.0,23.1,S
2021-06-18T10:44:36,1800.0,23.1,S
2021-06-18T10:44:24,2000.0,23.1,S
2021-06-18T10:44:24,7200.0,23.1,S
2021-06-18T10:44:24,1400.0,23.1,S
2021-06-18T10:44:24,5500.0,23.1,S
2021-06-18T10:44:23,3900.0,23.1,S
2021-06-18T10:44:18,2000.0,23.1,S
2021-06-18T10:44:18,500.0,23.1,S
2021-06-18T10:44:18,3100.0,23.1,S
2021-06-18T10:44:18,700.0,23.1,S
2021-06-18T10:44:18,7000.0,23.1,S
2021-06-18T10:44:12,100.0,23.1,S
2021-06-18T10:44:10,100.0,23.1,S
2021-06-18T10:44:04,4300.0,23.1,S
2021-06-18T10:44:04,500.0,23.1,S
2021-06-18T10:44:04,100.0,23.1,S
2021-06-18T10:44:04,1500.0,23.1,S
2021-06-18T10:44:04,6000.0,23.1,S
2021-06-18T10:44:04,2000.0,23.1,S
2021-06-18T10:44:03,5200.0,23.1,S
2021-06-18T10:43:45,400.0,23.1,S
2021-06-18T10:43:29,500.0,23.1,S
2021-06-18T10:43:26,100.0,23.1,S
2021-06-18T10:43:23,500.0,23.1,S
2021-06-18T10:43:06,100.0,23.15,B
2021-06-18T10:42:56,12000.0,23.1,S
2021-06-18T10:42:41,200.0,23.15,B
2021-06-18T10:42:41,100.0,23.15,B
2021-06-18T10:42:35,1000.0,23.15,B
2021-06-18T10:42:03,6000.0,23.15,S
2021-06-18T10:42:03,1400.0,23.15,S
2021-06-18T10:42:03,2300.0,23.15,S
2021-06-18T10:42:03,3100.0,23.15,S
2021-06-18T10:42:03,3300.0,23.15,S
2021-06-18T10:42:03,2100.0,23.15,S
2021-06-18T10:42:03,4000.0,23.15,S
2021-06-18T10:42:03,7200.0,23.15,S
2021-06-18T10:42:03,200.0,23.15,S
2021-06-18T10:42:02,500.0,23.15,S
2021-06-18T10:42:01,100.0,23.15,S
2021-06-18T10:41:59,100.0,23.15,S
2021-06-18T10:41:52,600.0,23.15,S
2021-06-18T10:41:51,2000.0,23.15,S
2021-06-18T10:41:44,5000.0,23.15,S
2021-06-18T10:41:34,100.0,23.15,S
2021-06-18T10:41:26,100.0,23.15,S
2021-06-18T10:41:24,1000.0,23.15,S
2021-06-18T10:41:22,1500.0,23.15,S
2021-06-18T10:41:20,1000.0,23.2,S
2021-06-18T10:41:14,1200.0,23.15,S
2021-06-18T10:41:14,1500.0,23.15,S
2021-06-18T10:41:14,6200.0,23.15,S
2021-06-18T10:41:01,2600.0,23.2,S
2021-06-18T10:41:01,600.0,23.2,S
2021-06-18T10:41:01,3400.0,23.2,S
2021-06-18T10:41:01,500.0,23.2,S
2021-06-18T10:41:01,5100.0,23.2,S
2021-06-18T10:41:01,600.0,23.2,S
2021-06-18T10:41:01,200.0,23.2,S
2021-06-18T10:41:01,7300.0,23.2,S
2021-06-18T10:41:01,300.0,23.2,S
2021-06-18T10:41:01,1200.0,23.2,S
2021-06-18T10:41:01,2200.0,23.2,S
2021-06-18T10:41:00,2100.0,23.2,S
2021-06-18T10:41:00,700.0,23.2,S
2021-06-18T10:41:00,200.0,23.2,S
2021-06-18T10:41:00,2000.0,23.2,S
2021-06-18T10:41:00,1700.0,23.2,S
2021-06-18T10:41:00,1200.0,23.2,S
2021-06-18T10:40:52,100.0,23.2,S
2021-06-18T10:40:49,500.0,23.2,S
2021-06-18T10:40:39,2000.0,23.2,S
2021-06-18T10:40:22,100.0,23.25,B
2021-06-18T10:40:15,2100.0,23.2,S
2021-06-18T10:40:10,1000.0,23.2,S
2021-06-18T10:40:08,1000.0,23.2,S
2021-06-18T10:40:00,800.0,23.2,S
2021-06-18T10:39:44,200.0,23.2,S
2021-06-18T10:39:33,3100.0,23.2,S
2021-06-18T10:39:33,1200.0,23.2,S
2021-06-18T10:39:33,800.0,23.2,S
2021-06-18T10:39:33,600.0,23.2,S
2021-06-18T10:39:33,9300.0,23.2,S
2021-06-18T10:39:33,800.0,23.2,S
2021-06-18T10:39:28,100.0,23.2,S
2021-06-18T10:39:26,100.0,23.2,S
2021-06-18T10:39:09,1000.0,23.2,S
2021-06-18T10:39:01,100.0,23.2,S
2021-06-18T10:38:55,1000.0,23.2,S
2021-06-18T10:38:36,300.0,23.2,S
2021-06-18T10:38:36,1500.0,23.2,S
2021-06-18T10:38:36,8200.0,23.2,S
2021-06-18T10:38:30,2000.0,23.2,S
2021-06-18T10:38:20,500.0,23.2,S
2021-06-18T10:38:09,2000.0,23.25,B
2021-06-18T10:37:59,1000.0,23.2,S
2021-06-18T10:37:42,300.0,23.2,S
2021-06-18T10:37:41,100.0,23.2,S
2021-06-18T10:37:40,2400.0,23.2,S
2021-06-18T10:37:40,6100.0,23.2,S
2021-06-18T10:37:40,800.0,23.2,S
2021-06-18T10:37:40,40700.0,23.2,S
2021-06-18T10:37:29,1000.0,23.2,S
2021-06-18T10:37:24,2000.0,23.2,S
2021-06-18T10:37:16,1000.0,23.2,S
2021-06-18T10:36:57,500.0,23.2,S
2021-06-18T10:36:57,300.0,23.2,S
2021-06-18T10:36:53,100.0,23.25,B
2021-06-18T10:36:38,600.0,23.2,S
2021-06-18T10:36:32,100.0,23.25,B
2021-06-18T10:36:32,15000.0,23.2,S
2021-06-18T10:36:18,200.0,23.2,S
2021-06-18T10:36:08,1000.0,23.25,B
2021-06-18T10:35:45,500.0,23.25,B
2021-06-18T10:35:43,100.0,23.25,B
2021-06-18T10:35:34,1000.0,23.25,B
2021-06-18T10:35:32,1000.0,23.25,B
2021-06-18T10:35:00,1200.0,23.25,B
2021-06-18T10:34:56,200.0,23.25,B
2021-06-18T10:34:33,400.0,23.25,B
2021-06-18T10:34:26,3000.0,23.2,S
2021-06-18T10:34:11,500.0,23.25,B
2021-06-18T10:33:56,200.0,23.25,B
2021-06-18T10:33:54,100.0,23.25,B
2021-06-18T10:33:29,100.0,23.25,S
2021-06-18T10:33:14,600.0,23.2,S
2021-06-18T10:33:14,1100.0,23.2,S
2021-06-18T10:33:13,11300.0,23.2,S
2021-06-18T10:33:13,100.0,23.25,S
2021-06-18T10:33:06,1600.0,23.25,S
2021-06-18T10:32:56,900.0,23.25,S
2021-06-18T10:32:56,100.0,23.25,S
2021-06-18T10:32:55,300.0,23.25,S
2021-06-18T10:32:55,7200.0,23.25,S
2021-06-18T10:32:55,100.0,23.25,S
2021-06-18T10:32:55,31400.0,23.25,S
2021-06-18T10:32:51,800.0,23.3,B
2021-06-18T10:32:50,300.0,23.25,S
2021-06-18T10:32:37,300.0,23.25,S
2021-06-18T10:32:34,1000.0,23.25,S
2021-06-18T10:32:30,100.0,23.25,S
2021-06-18T10:32:17,300.0,23.25,S
2021-06-18T10:32:05,1000.0,23.25,S
2021-06-18T10:31:55,5300.0,23.25,S
2021-06-18T10:31:55,2500.0,23.25,S
2021-06-18T10:31:55,12200.0,23.25,S
2021-06-18T10:31:53,100.0,23.25,S
2021-06-18T10:31:17,3600.0,23.25,S
2021-06-18T10:31:17,15400.0,23.25,S
2021-06-18T10:31:16,100.0,23.3,B
2021-06-18T10:31:09,100.0,23.3,B
2021-06-18T10:30:29,500.0,23.3,B
2021-06-18T10:30:28,500.0,23.3,B
2021-06-18T10:30:24,400.0,23.3,B
2021-06-18T10:30:19,900.0,23.25,S
2021-06-18T10:30:15,100.0,23.3,B
2021-06-18T10:29:58,1000.0,23.25,S
2021-06-18T10:29:44,1000.0,23.3,B
2021-06-18T10:29:41,1000.0,23.3,B
2021-06-18T10:28:46,300.0,23.3,B
2021-06-18T10:28:41,300.0,23.3,B
2021-06-18T10:28:29,100.0,23.3,B
2021-06-18T10:28:19,2000.0,23.25,S
2021-06-18T10:27:52,3000.0,23.3,B
2021-06-18T10:27:17,900.0,23.3,B
2021-06-18T10:27:13,400.0,23.3,B
2021-06-18T10:27:09,500.0,23.25,S
2021-06-18T10:27:08,2000.0,23.3,B
2021-06-18T10:27:07,3000.0,23.25,S
2021-06-18T10:27:03,900.0,23.3,B
2021-06-18T10:26:44,100.0,23.25,S
2021-06-18T10:26:40,10000.0,23.3,B
2021-06-18T10:26:33,200.0,23.3,B
2021-06-18T10:26:32,1000.0,23.25,S
2021-06-18T10:26:11,100.0,23.3,B
2021-06-18T10:25:57,300.0,23.3,B
2021-06-18T10:25:33,1000.0,23.3,B
2021-06-18T10:25:31,1800.0,23.3,B
2021-06-18T10:25:31,200.0,23.3,B
2021-06-18T10:25:26,400.0,23.25,S
2021-06-18T10:25:06,2000.0,23.3,B
2021-06-18T10:25:02,100.0,23.3,B
2021-06-18T10:24:51,2500.0,23.25,S
2021-06-18T10:24:47,1700.0,23.3,B
2021-06-18T10:24:44,100.0,23.3,B
2021-06-18T10:24:37,3800.0,23.3,B
2021-06-18T10:24:06,300.0,23.3,B
2021-06-18T10:24:03,500.0,23.25,S
2021-06-18T10:23:22,100.0,23.3,S
2021-06-18T10:23:22,10000.0,23.3,S
2021-06-18T10:23:16,1600.0,23.3,S
2021-06-18T10:23:14,2800.0,23.25,S
2021-06-18T10:22:52,500.0,23.3,S
2021-06-18T10:22:52,300.0,23.3,S
2021-06-18T10:22:44,100.0,23.3,S
2021-06-18T10:22:43,3300.0,23.3,S
2021-06-18T10:22:27,200.0,23.3,S
2021-06-18T10:22:26,800.0,23.3,S
2021-06-18T10:22:25,1400.0,23.3,S
2021-06-18T10:22:25,1500.0,23.3,S
2021-06-18T10:22:25,5100.0,23.3,S
2021-06-18T10:22:03,200.0,23.3,S
2021-06-18T10:22:02,300.0,23.35,B
2021-06-18T10:21:53,2000.0,23.3,S
2021-06-18T10:21:35,1200.0,23.3,S
2021-06-18T10:21:35,4800.0,23.3,S
2021-06-18T10:21:31,1000.0,23.35,B
2021-06-18T10:21:27,500.0,23.3,S
2021-06-18T10:21:00,100.0,23.35,B
2021-06-18T10:20:41,200.0,23.3,S
2021-06-18T10:20:35,200.0,23.35,B
2021-06-18T10:20:33,3000.0,23.35,B
2021-06-18T10:20:14,1000.0,23.3,S
2021-06-18T10:20:07,1000.0,23.3,S
2021-06-18T10:19:54,1000.0,23.3,B
2021-06-18T10:19:52,500.0,23.35,B
2021-06-18T10:19:51,7700.0,23.25,S
2021-06-18T10:19:50,900.0,23.3,B
2021-06-18T10:19:50,5900.0,23.3,B
2021-06-18T10:19:49,4100.0,23.3,B
2021-06-18T10:19:41,1000.0,23.3,B
2021-06-18T10:19:32,500.0,23.3,B
2021-06-18T10:19:30,100.0,23.3,B
2021-06-18T10:19:23,3100.0,23.3,B
2021-06-18T10:19:23,20500.0,23.3,B
2021-06-18T10:19:22,500.0,23.3,B
2021-06-18T10:19:22,13600.0,23.3,B
2021-06-18T10:19:22,2600.0,23.3,B
2021-06-18T10:19:22,3100.0,23.3,B
2021-06-18T10:19:22,11000.0,23.3,B
2021-06-18T10:19:22,6100.0,23.3,B
2021-06-18T10:19:22,5600.0,23.3,B
2021-06-18T10:19:22,5100.0,23.3,B
2021-06-18T10:19:22,1000.0,23.3,B
2021-06-18T10:19:22,8600.0,23.3,B
2021-06-18T10:19:22,1500.0,23.3,B
2021-06-18T10:19:22,4900.0,23.3,B
2021-06-18T10:19:22,100.0,23.3,B
2021-06-18T10:19:22,12000.0,23.3,B
2021-06-18T10:19:22,700.0,23.3,B
2021-06-18T10:19:20,200.0,23.3,B
2021-06-18T10:18:37,500.0,23.3,B
2021-06-18T10:18:32,800.0,23.3,B
2021-06-18T10:18:26,1000.0,23.25,S
2021-06-18T10:18:24,10000.0,23.25,S
2021-06-18T10:18:10,400.0,23.25,S
2021-06-18T10:18:09,200.0,23.3,B
2021-06-18T10:18:05,3000.0,23.25,S
2021-06-18T10:18:02,7000.0,23.3,B
2021-06-18T10:17:47,800.0,23.3,B
2021-06-18T10:17:47,11100.0,23.3,B
2021-06-18T10:17:47,700.0,23.3,B
2021-06-18T10:17:47,1000.0,23.3,B
2021-06-18T10:17:47,8500.0,23.3,B
2021-06-18T10:17:47,500.0,23.3,B
2021-06-18T10:17:47,7400.0,23.3,B
2021-06-18T10:17:28,800.0,23.3,B
2021-06-18T10:17:22,400.0,23.3,B
2021-06-18T10:17:19,900.0,23.3,B
2021-06-18T10:16:50,500.0,23.3,B
2021-06-18T10:16:45,100.0,23.3,B
2021-06-18T10:16:42,20000.0,23.25,S
2021-06-18T10:16:20,500.0,23.25,B
2021-06-18T10:16:13,800.0,23.3,B
2021-06-18T10:16:13,2200.0,23.3,B
2021-06-18T10:15:57,1000.0,23.25,B
2021-06-18T10:15:53,1700.0,23.25,B
2021-06-18T10:15:51,500.0,23.25,B
2021-06-18T10:15:41,8000.0,23.3,B
2021-06-18T10:15:35,100.0,23.25,B
2021-06-18T10:15:31,400.0,23.25,B
2021-06-18T10:15:20,100.0,23.25,B
2021-06-18T10:15:16,100.0,23.2,S
2021-06-18T10:15:07,6600.0,23.2,S
2021-06-18T10:14:52,1100.0,23.25,B
2021-06-18T10:14:50,4300.0,23.25,B
2021-06-18T10:14:49,3300.0,23.2,S
2021-06-18T10:14:49,2500.0,23.2,S
2021-06-18T10:14:49,3300.0,23.2,S
2021-06-18T10:14:49,700.0,23.2,S
2021-06-18T10:14:49,1800.0,23.2,S
2021-06-18T10:14:49,700.0,23.2,S
2021-06-18T10:14:49,2700.0,23.2,S
2021-06-18T10:14:44,500.0,23.25,B
2021-06-18T10:14:38,2400.0,23.25,B
2021-06-18T10:14:38,500.0,23.25,B
2021-06-18T10:14:38,100.0,23.25,B
2021-06-18T10:14:38,200.0,23.25,B
2021-06-18T10:14:38,1600.0,23.25,B
2021-06-18T10:14:38,4500.0,23.25,B
2021-06-18T10:14:38,2100.0,23.25,B
2021-06-18T10:14:38,3500.0,23.25,B
2021-06-18T10:14:38,700.0,23.25,B
2021-06-18T10:14:38,22900.0,23.25,B
2021-06-18T10:14:35,11000.0,23.25,B
2021-06-18T10:14:28,100.0,23.25,B
2021-06-18T10:14:22,1000.0,23.2,S
2021-06-18T10:14:07,700.0,23.25,B
2021-06-18T10:14:04,100.0,23.25,B
2021-06-18T10:14:01,100.0,23.2,S
2021-06-18T10:13:40,1000.0,23.2,S
2021-06-18T10:13:21,100.0,23.25,B
2021-06-18T10:13:19,1000.0,23.25,B
2021-06-18T10:13:18,500.0,23.25,B
2021-06-18T10:13:17,600.0,23.25,B
2021-06-18T10:13:16,5600.0,23.25,B
2021-06-18T10:13:03,500.0,23.25,B
2021-06-18T10:12:55,100.0,23.25,B
2021-06-18T10:12:52,2000.0,23.25,B
2021-06-18T10:12:50,800.0,23.25,B
2021-06-18T10:12:41,100.0,23.25,B
2021-06-18T10:12:38,400.0,23.25,B
2021-06-18T10:12:37,500.0,23.2,S
2021-06-18T10:12:24,300.0,23.25,B
2021-06-18T10:12:05,1000.0,23.25,B
2021-06-18T10:12:04,100.0,23.25,B
2021-06-18T10:12:01,1000.0,23.2,S
2021-06-18T10:12:01,200.0,23.25,B
2021-06-18T10:11:43,500.0,23.25,B
2021-06-18T10:11:39,2000.0,23.2,S
2021-06-18T10:11:39,200.0,23.2,S
2021-06-18T10:11:29,100.0,23.25,B
2021-06-18T10:11:26,8000.0,23.25,B
2021-06-18T10:11:12,300.0,23.2,S
2021-06-18T10:11:07,800.0,23.25,B
2021-06-18T10:11:01,200.0,23.25,B
2021-06-18T10:10:50,100.0,23.25,B
2021-06-18T10:10:48,5000.0,23.25,B
2021-06-18T10:10:48,100.0,23.25,B
2021-06-18T10:10:42,1000.0,23.25,B
2021-06-18T10:10:40,100.0,23.25,B
2021-06-18T10:10:38,1000.0,23.25,B
2021-06-18T10:10:36,1000.0,23.25,B
2021-06-18T10:10:34,5000.0,23.25,B
2021-06-18T10:10:26,1000.0,23.25,S
2021-06-18T10:10:24,900.0,23.25,S
2021-06-18T10:10:24,10000.0,23.25,S
2021-06-18T10:10:20,5000.0,23.25,S
2021-06-18T10:10:15,200.0,23.25,S
2021-06-18T10:10:12,1000.0,23.25,S
2021-06-18T10:10:12,500.0,23.25,S
2021-06-18T10:10:11,2000.0,23.25,S
2021-06-18T10:10:11,1300.0,23.25,S
2021-06-18T10:10:11,7400.0,23.25,S
2021-06-18T10:10:11,2300.0,23.25,S
2021-06-18T10:10:11,2200.0,23.25,S
2021-06-18T10:10:11,100.0,23.25,S
2021-06-18T10:10:11,600.0,23.25,S
2021-06-18T10:10:11,3500.0,23.25,S
2021-06-18T10:10:11,1500.0,23.25,S
2021-06-18T10:10:11,8200.0,23.25,S
2021-06-18T10:10:11,3900.0,23.25,S
2021-06-18T10:10:11,600.0,23.3,B
2021-06-18T10:10:11,4400.0,23.3,B
2021-06-18T10:10:04,3100.0,23.25,S
2021-06-18T10:10:01,10000.0,23.25,S
2021-06-18T10:09:49,100.0,23.25,S
2021-06-18T10:09:35,1800.0,23.25,S
2021-06-18T10:09:35,4000.0,23.25,S
2021-06-18T10:09:35,4200.0,23.25,S
2021-06-18T10:09:35,1000.0,23.3,B
2021-06-18T10:09:31,5800.0,23.25,S
2021-06-18T10:09:26,100.0,23.3,B
2021-06-18T10:09:25,100.0,23.25,S
2021-06-18T10:09:13,100.0,23.25,S
2021-06-18T10:09:06,2000.0,23.25,S
2021-06-18T10:09:02,900.0,23.3,B
2021-06-18T10:09:02,1100.0,23.3,B
2021-06-18T10:08:58,100.0,23.25,S
2021-06-18T10:08:52,2600.0,23.25,S
2021-06-18T10:08:52,1400.0,23.25,S
2021-06-18T10:08:37,5000.0,23.25,S
2021-06-18T10:08:35,2000.0,23.25,S
2021-06-18T10:08:30,1000.0,23.25,S
2021-06-18T10:08:26,500.0,23.25,S
2021-06-18T10:08:22,100.0,23.25,S
2021-06-18T10:08:21,500.0,23.25,S
2021-06-18T10:08:13,1300.0,23.25,S
2021-06-18T10:08:04,100.0,23.25,S
2021-06-18T10:07:35,500.0,23.25,S
2021-06-18T10:07:29,800.0,23.3,B
2021-06-18T10:07:22,100.0,23.3,B
2021-06-18T10:06:24,500.0,23.25,S
2021-06-18T10:06:15,1800.0,23.25,S
2021-06-18T10:06:08,500.0,23.3,B
2021-06-18T10:05:59,200.0,23.3,B
2021-06-18T10:05:54,200.0,23.25,S
2021-06-18T10:05:47,200.0,23.3,B
2021-06-18T10:05:45,200.0,23.3,B
2021-06-18T10:05:36,200.0,23.3,B
2021-06-18T10:05:31,100.0,23.3,B
2021-06-18T10:05:29,300.0,23.3,B
2021-06-18T10:05:26,2000.0,23.3,B
2021-06-18T10:05:24,2000.0,23.25,S
2021-06-18T10:05:11,200.0,23.3,B
2021-06-18T10:04:58,200.0,23.3,B
2021-06-18T10:04:45,200.0,23.3,B
2021-06-18T10:04:42,500.0,23.3,B
2021-06-18T10:04:37,1000.0,23.3,B
2021-06-18T10:04:31,10000.0,23.3,B
2021-06-18T10:04:25,2000.0,23.3,B
2021-06-18T10:04:08,100.0,23.3,B
2021-06-18T10:04:08,300.0,23.3,B
2021-06-18T10:04:04,500.0,23.3,B
2021-06-18T10:04:04,400.0,23.25,S
2021-06-18T10:03:59,2000.0,23.25,S
2021-06-18T10:03:56,100.0,23.25,S
2021-06-18T10:03:49,1500.0,23.3,B
2021-06-18T10:03:49,500.0,23.25,S
2021-06-18T10:03:48,700.0,23.25,S
2021-06-18T10:03:11,1000.0,23.3,B
2021-06-18T10:03:11,600.0,23.25,S
2021-06-18T10:03:07,200.0,23.25,S
2021-06-18T10:03:04,5000.0,23.25,S
2021-06-18T10:03:01,100.0,23.25,S
2021-06-18T10:02:57,2000.0,23.25,S
2021-06-18T10:02:54,2000.0,23.3,B
2021-06-18T10:02:53,2000.0,23.25,S
2021-06-18T10:02:53,300.0,23.3,B
2021-06-18T10:02:50,300.0,23.25,S
2021-06-18T10:02:49,800.0,23.25,S
2021-06-18T10:02:49,100.0,23.3,B
2021-06-18T10:02:48,200.0,23.3,B
2021-06-18T10:02:47,100.0,23.3,B
2021-06-18T10:02:44,100.0,23.3,B
2021-06-18T10:02:43,200.0,23.3,B
2021-06-18T10:02:40,10000.0,23.25,S
2021-06-18T10:02:31,500.0,23.25,S
2021-06-18T10:02:29,10000.0,23.3,B
2021-06-18T10:02:14,2000.0,23.3,B
2021-06-18T10:02:08,100.0,23.3,B
2021-06-18T10:01:58,200.0,23.25,S
2021-06-18T10:01:54,200.0,23.25,S
2021-06-18T10:01:52,500.0,23.3,B
2021-06-18T10:01:50,2000.0,23.25,S
2021-06-18T10:01:50,10000.0,23.25,S
2021-06-18T10:01:41,1100.0,23.3,B
2021-06-18T10:01:41,200.0,23.3,B
2021-06-18T10:01:41,1700.0,23.3,B
2021-06-18T10:01:26,200.0,23.25,S
2021-06-18T10:01:25,1500.0,23.25,S
2021-06-18T10:01:20,300.0,23.25,S
2021-06-18T10:01:15,500.0,23.3,B
2021-06-18T10:01:07,500.0,23.25,S
2021-06-18T10:01:01,500.0,23.25,S
2021-06-18T10:00:48,3000.0,23.25,S
2021-06-18T10:00:47,300.0,23.3,B
2021-06-18T10:00:46,500.0,23.25,S
2021-06-18T10:00:41,5000.0,23.3,B
2021-06-18T10:00:35,200.0,23.25,S
2021-06-18T10:00:27,100.0,23.25,S
2021-06-18T10:00:18,500.0,23.25,S
2021-06-18T10:00:12,800.0,23.3,B
2021-06-18T10:00:10,100.0,23.25,S
2021-06-18T10:00:00,100.0,23.3,B
2021-06-18T09:59:58,6500.0,23.3,B
2021-06-18T09:59:49,1500.0,23.25,S
2021-06-18T09:59:48,10000.0,23.3,B
2021-06-18T09:59:46,100.0,23.3,B
2021-06-18T09:59:43,200.0,23.3,B
2021-06-18T09:59:42,200.0,23.3,B
2021-06-18T09:59:33,5500.0,23.3,B
2021-06-18T09:59:33,200.0,23.3,B
2021-06-18T09:59:33,900.0,23.3,B
2021-06-18T09:59:33,600.0,23.3,B
2021-06-18T09:59:33,300.0,23.3,B
2021-06-18T09:59:33,22500.0,23.3,B
2021-06-18T09:59:25,100.0,23.3,B
2021-06-18T09:59:20,17100.0,23.3,B
2021-06-18T09:59:14,100.0,23.3,B
2021-06-18T09:59:08,200.0,23.25,S
2021-06-18T09:59:06,2000.0,23.3,B
2021-06-18T09:58:48,800.0,23.3,B
2021-06-18T09:58:48,500.0,23.3,B
2021-06-18T09:58:46,4000.0,23.25,S
2021-06-18T09:58:46,1000.0,23.25,S
2021-06-18T09:58:40,2500.0,23.3,B
2021-06-18T09:58:37,400.0,23.3,B
2021-06-18T09:58:36,500.0,23.3,B
2021-06-18T09:58:17,200.0,23.3,B
2021-06-18T09:58:17,100.0,23.25,S
2021-06-18T09:58:15,1000.0,23.3,B
2021-06-18T09:58:12,1000.0,23.25,S
2021-06-18T09:58:12,100.0,23.3,B
2021-06-18T09:58:06,4000.0,23.25,S
2021-06-18T09:58:05,200.0,23.25,S
2021-06-18T09:58:00,2000.0,23.25,S
2021-06-18T09:57:52,2000.0,23.3,B
2021-06-18T09:57:51,500.0,23.3,B
2021-06-18T09:57:46,1000.0,23.3,B
2021-06-18T09:57:42,2000.0,23.25,S
2021-06-18T09:57:41,200.0,23.3,B
2021-06-18T09:57:39,700.0,23.3,B
2021-06-18T09:57:39,4300.0,23.3,B
2021-06-18T09:57:39,1000.0,23.3,B
2021-06-18T09:57:39,18700.0,23.3,B
2021-06-18T09:57:39,100.0,23.25,S
2021-06-18T09:57:34,100.0,23.3,B
2021-06-18T09:57:31,1000.0,23.3,B
2021-06-18T09:57:31,1000.0,23.25,S
2021-06-18T09:57:30,500.0,23.25,S
2021-06-18T09:57:27,100.0,23.25,S
2021-06-18T09:57:26,800.0,23.25,S
2021-06-18T09:57:26,10000.0,23.3,B
2021-06-18T09:57:25,100.0,23.3,B
2021-06-18T09:57:24,500.0,23.25,S
2021-06-18T09:57:24,4300.0,23.25,S
2021-06-18T09:57:23,5200.0,23.25,S
2021-06-18T09:57:08,500.0,23.3,B
2021-06-18T09:57:07,200.0,23.25,S
2021-06-18T09:57:04,6000.0,23.3,B
2021-06-18T09:57:01,10000.0,23.25,S
2021-06-18T09:56:58,300.0,23.3,B
2021-06-18T09:56:52,400.0,23.3,B
2021-06-18T09:56:50,300.0,23.3,B
2021-06-18T09:56:40,400.0,23.3,B
2021-06-18T09:56:38,2100.0,23.3,B
2021-06-18T09:56:36,600.0,23.3,B
2021-06-18T09:56:36,500.0,23.3,B
2021-06-18T09:56:36,200.0,23.3,B
2021-06-18T09:56:34,400.0,23.25,S
2021-06-18T09:56:30,200.0,23.3,B
2021-06-18T09:56:29,1000.0,23.25,S
2021-06-18T09:56:24,300.0,23.3,B
2021-06-18T09:56:19,500.0,23.25,S
2021-06-18T09:56:19,5000.0,23.25,S
2021-06-18T09:56:08,100.0,23.3,B
2021-06-18T09:56:04,500.0,23.3,B
2021-06-18T09:55:57,500.0,23.3,B
2021-06-18T09:55:52,400.0,23.3,B
2021-06-18T09:55:26,100.0,23.3,B
2021-06-18T09:55:24,300.0,23.3,B
2021-06-18T09:55:23,14200.0,23.3,B
2021-06-18T09:55:23,4000.0,23.3,B
2021-06-18T09:55:22,1000.0,23.3,B
2021-06-18T09:55:22,2000.0,23.3,B
2021-06-18T09:55:22,500.0,23.3,B
2021-06-18T09:55:14,100.0,23.3,B
2021-06-18T09:55:11,3000.0,23.3,B
2021-06-18T09:55:01,100.0,23.3,B
2021-06-18T09:54:50,600.0,23.3,B
2021-06-18T09:54:47,500.0,23.25,S
2021-06-18T09:54:42,100.0,23.3,B
2021-06-18T09:54:42,200.0,23.3,B
2021-06-18T09:54:38,600.0,23.25,S
2021-06-18T09:54:38,500.0,23.25,S
2021-06-18T09:54:38,3100.0,23.25,S
2021-06-18T09:54:38,200.0,23.25,S
2021-06-18T09:54:38,5600.0,23.25,S
2021-06-18T09:54:38,4000.0,23.25,S
2021-06-18T09:54:35,1400.0,23.25,S
2021-06-18T09:54:22,6700.0,23.3,B
2021-06-18T09:54:21,2400.0,23.3,B
2021-06-18T09:54:01,1200.0,23.3,B
2021-06-18T09:53:58,500.0,23.25,S
2021-06-18T09:53:55,3000.0,23.25,S
2021-06-18T09:53:49,18200.0,23.3,B
2021-06-18T09:53:49,2100.0,23.25,S
2021-06-18T09:53:49,800.0,23.3,B
2021-06-18T09:53:45,400.0,23.3,B
2021-06-18T09:53:44,100.0,23.3,B
2021-06-18T09:53:44,2000.0,23.3,B
2021-06-18T09:53:41,4500.0,23.25,S
2021-06-18T09:53:39,2000.0,23.25,S
2021-06-18T09:53:38,400.0,23.3,B
2021-06-18T09:53:33,1000.0,23.3,B
2021-06-18T09:53:31,300.0,23.3,B
2021-06-18T09:53:29,100.0,23.3,B
2021-06-18T09:53:22,100.0,23.25,S
2021-06-18T09:53:15,1000.0,23.3,B
2021-06-18T09:52:48,400.0,23.25,S
2021-06-18T09:52:45,100.0,23.25,S
2021-06-18T09:52:45,300.0,23.3,B
2021-06-18T09:52:45,10000.0,23.25,S
2021-06-18T09:52:45,1000.0,23.3,B
2021-06-18T09:52:12,300.0,23.3,B
2021-06-18T09:51:45,400.0,23.25,S
2021-06-18T09:51:40,1000.0,23.3,B
2021-06-18T09:51:37,900.0,23.3,B
2021-06-18T09:51:35,300.0,23.25,S
2021-06-18T09:51:27,1500.0,23.3,B
2021-06-18T09:51:24,300.0,23.25,B
2021-06-18T09:51:24,400.0,23.25,B
2021-06-18T09:50:56,400.0,23.25,B
2021-06-18T09:50:45,8000.0,23.3,B
2021-06-18T09:50:45,3800.0,23.3,B
2021-06-18T09:50:45,10100.0,23.25,B
2021-06-18T09:50:45,3800.0,23.25,B
2021-06-18T09:50:36,600.0,23.25,B
2021-06-18T09:50:35,800.0,23.25,B
2021-06-18T09:50:34,1000.0,23.25,B
2021-06-18T09:50:30,400.0,23.25,B
2021-06-18T09:50:29,10000.0,23.25,B
2021-06-18T09:50:29,5800.0,23.25,B
2021-06-18T09:50:29,4200.0,23.25,B
2021-06-18T09:50:25,1000.0,23.25,B
2021-06-18T09:50:24,3200.0,23.25,B
2021-06-18T09:50:24,1000.0,23.25,B
2021-06-18T09:50:21,500.0,23.25,B
2021-06-18T09:50:20,100.0,23.2,S
2021-06-18T09:50:19,1000.0,23.25,B
2021-06-18T09:50:11,5000.0,23.25,B
2021-06-18T09:50:11,300.0,23.25,B
2021-06-18T09:50:11,700.0,23.25,B
2021-06-18T09:50:02,800.0,23.25,B
2021-06-18T09:50:02,3100.0,23.25,B
2021-06-18T09:50:02,100.0,23.25,B
2021-06-18T09:50:02,4400.0,23.25,B
2021-06-18T09:50:02,700.0,23.25,B
2021-06-18T09:50:02,10900.0,23.25,B
2021-06-18T09:49:59,1000.0,23.25,B
2021-06-18T09:49:58,5500.0,23.25,B
2021-06-18T09:49:57,1000.0,23.25,B
2021-06-18T09:49:57,200.0,23.25,B
2021-06-18T09:49:56,1000.0,23.25,B
2021-06-18T09:49:56,1000.0,23.25,B
2021-06-18T09:49:55,3000.0,23.25,B
2021-06-18T09:49:52,100.0,23.25,B
2021-06-18T09:49:46,700.0,23.2,S
2021-06-18T09:49:43,5000.0,23.25,B
2021-06-18T09:49:41,1300.0,23.25,B
2021-06-18T09:49:40,5000.0,23.25,B
2021-06-18T09:49:33,10000.0,23.25,B
2021-06-18T09:49:29,300.0,23.25,B
2021-06-18T09:49:29,5000.0,23.2,S
2021-06-18T09:49:27,200.0,23.25,B
2021-06-18T09:49:27,1000.0,23.2,S
2021-06-18T09:49:24,100.0,23.25,B
2021-06-18T09:49:24,700.0,23.25,B
2021-06-18T09:49:02,1000.0,23.2,S
2021-06-18T09:49:02,1000.0,23.25,B
2021-06-18T09:49:01,300.0,23.2,S
2021-06-18T09:48:01,10000.0,23.25,B
2021-06-18T09:48:00,100.0,23.25,B
2021-06-18T09:47:56,100.0,23.25,B
2021-06-18T09:47:55,3500.0,23.25,B
2021-06-18T09:47:42,1000.0,23.25,B
2021-06-18T09:47:36,900.0,23.2,S
2021-06-18T09:47:34,2800.0,23.25,B
2021-06-18T09:47:32,500.0,23.25,B
2021-06-18T09:47:30,1500.0,23.25,B
2021-06-18T09:47:29,100.0,23.25,B
2021-06-18T09:47:29,200.0,23.25,B
2021-06-18T09:47:23,5100.0,23.2,S
2021-06-18T09:47:22,100.0,23.25,B
2021-06-18T09:47:13,1000.0,23.25,B
2021-06-18T09:47:07,200.0,23.2,S
2021-06-18T09:47:07,400.0,23.25,B
2021-06-18T09:46:59,500.0,23.25,B
2021-06-18T09:46:54,500.0,23.2,S
2021-06-18T09:46:51,1000.0,23.25,B
2021-06-18T09:46:43,100.0,23.25,B
2021-06-18T09:46:42,600.0,23.2,S
2021-06-18T09:46:40,10000.0,23.2,S
2021-06-18T09:46:31,200.0,23.25,B
2021-06-18T09:46:30,2100.0,23.2,S
2021-06-18T09:46:30,7500.0,23.2,S
2021-06-18T09:46:18,200.0,23.25,B
2021-06-18T09:46:16,1800.0,23.2,S
2021-06-18T09:46:16,200.0,23.2,S
2021-06-18T09:46:16,1600.0,23.2,S
2021-06-18T09:46:16,10500.0,23.2,S
2021-06-18T09:46:16,4100.0,23.2,S
2021-06-18T09:46:16,3700.0,23.2,S
2021-06-18T09:46:16,500.0,23.2,S
2021-06-18T09:46:16,700.0,23.2,S
2021-06-18T09:46:16,6900.0,23.2,S
2021-06-18T09:46:16,1000.0,23.25,B
2021-06-18T09:46:15,400.0,23.25,B
2021-06-18T09:46:13,1300.0,23.25,B
2021-06-18T09:46:03,200.0,23.25,B
2021-06-18T09:46:02,2000.0,23.25,B
2021-06-18T09:46:02,30000.0,23.2,S
2021-06-18T09:45:58,1000.0,23.25,B
2021-06-18T09:45:47,3000.0,23.25,B
2021-06-18T09:45:46,1000.0,23.2,S
2021-06-18T09:45:43,500.0,23.2,S
2021-06-18T09:45:41,3000.0,23.25,B
2021-06-18T09:45:37,10000.0,23.2,S
2021-06-18T09:45:26,100.0,23.25,B
2021-06-18T09:45:19,1500.0,23.2,S
2021-06-18T09:45:14,300.0,23.25,B
2021-06-18T09:45:13,1300.0,23.25,B
2021-06-18T09:45:13,200.0,23.25,B
2021-06-18T09:45:11,100.0,23.2,S
2021-06-18T09:45:11,200.0,23.2,S
2021-06-18T09:45:06,300.0,23.2,S
2021-06-18T09:44:59,500.0,23.25,B
2021-06-18T09:44:59,2000.0,23.25,B
2021-06-18T09:44:59,7500.0,23.25,B
2021-06-18T09:44:58,100.0,23.2,S
2021-06-18T09:44:48,300.0,23.2,S
2021-06-18T09:44:47,400.0,23.2,S
2021-06-18T09:44:45,200.0,23.25,B
2021-06-18T09:44:43,20000.0,23.2,S
2021-06-18T09:44:36,500.0,23.25,B
2021-06-18T09:44:34,10000.0,23.25,B
2021-06-18T09:44:31,100.0,23.2,S
2021-06-18T09:44:22,1900.0,23.25,B
2021-06-18T09:44:22,5000.0,23.25,B
2021-06-18T09:44:11,400.0,23.25,B
2021-06-18T09:44:10,1000.0,23.2,S
2021-06-18T09:44:09,2000.0,23.25,B
2021-06-18T09:44:06,100.0,23.25,B
2021-06-18T09:44:04,500.0,23.2,S
2021-06-18T09:44:01,500.0,23.2,S
2021-06-18T09:43:56,100.0,23.2,S
2021-06-18T09:43:54,1100.0,23.2,S
2021-06-18T09:43:54,2100.0,23.25,B
2021-06-18T09:43:50,1000.0,23.2,S
2021-06-18T09:43:44,200.0,23.25,B
2021-06-18T09:43:37,700.0,23.2,S
2021-06-18T09:43:34,1000.0,23.2,S
2021-06-18T09:43:33,700.0,23.2,S
2021-06-18T09:43:29,10300.0,23.25,B
2021-06-18T09:43:27,600.0,23.2,S
2021-06-18T09:43:27,100.0,23.2,S
2021-06-18T09:43:13,3800.0,23.2,S
2021-06-18T09:43:13,2000.0,23.25,B
2021-06-18T09:43:12,300.0,23.25,B
2021-06-18T09:43:11,200.0,23.2,S
2021-06-18T09:43:07,700.0,23.2,S
2021-06-18T09:43:05,300.0,23.2,S
2021-06-18T09:43:00,300.0,23.25,B
2021-06-18T09:42:57,1000.0,23.2,S
2021-06-18T09:42:57,10000.0,23.2,S
2021-06-18T09:42:55,500.0,23.2,S
2021-06-18T09:42:55,500.0,23.2,S
2021-06-18T09:42:50,100.0,23.2,S
2021-06-18T09:42:50,1000.0,23.2,S
2021-06-18T09:42:49,500.0,23.2,S
2021-06-18T09:42:45,800.0,23.25,B
2021-06-18T09:42:44,2000.0,23.25,B
2021-06-18T09:42:43,500.0,23.2,S
2021-06-18T09:42:41,1500.0,23.2,S
2021-06-18T09:42:39,300.0,23.2,S
2021-06-18T09:42:36,100.0,23.25,B
2021-06-18T09:42:29,1000.0,23.2,S
2021-06-18T09:42:28,100.0,23.2,S
2021-06-18T09:42:27,100.0,23.2,S
2021-06-18T09:42:25,200.0,23.2,S
2021-06-18T09:42:22,200.0,23.2,S
2021-06-18T09:42:12,400.0,23.25,B
2021-06-18T09:42:10,7900.0,23.25,B
2021-06-18T09:42:10,200.0,23.25,B
2021-06-18T09:42:10,4400.0,23.25,B
2021-06-18T09:42:10,17500.0,23.25,B
2021-06-18T09:42:07,500.0,23.25,B
2021-06-18T09:42:06,300.0,23.2,S
2021-06-18T09:42:03,100.0,23.25,S
2021-06-18T09:42:01,800.0,23.25,S
2021-06-18T09:41:59,2000.0,23.25,S
2021-06-18T09:41:59,200.0,23.25,S
2021-06-18T09:41:57,1000.0,23.2,S
2021-06-18T09:41:57,300.0,23.25,S
2021-06-18T09:41:53,1000.0,23.25,S
2021-06-18T09:41:50,400.0,23.2,S
2021-06-18T09:41:47,100.0,23.2,S
2021-06-18T09:41:47,7900.0,23.2,S
2021-06-18T09:41:46,300.0,23.25,S
2021-06-18T09:41:41,3000.0,23.2,S
2021-06-18T09:41:40,1000.0,23.25,S
2021-06-18T09:41:40,1000.0,23.25,S
2021-06-18T09:41:34,1000.0,23.25,S
2021-06-18T09:41:30,10000.0,23.25,S
2021-06-18T09:41:23,2800.0,23.25,S
2021-06-18T09:41:21,100.0,23.25,S
2021-06-18T09:41:19,3000.0,23.25,S
2021-06-18T09:41:18,800.0,23.25,S
2021-06-18T09:41:17,1200.0,23.25,S
2021-06-18T09:41:11,1200.0,23.25,S
2021-06-18T09:41:06,100.0,23.25,S
2021-06-18T09:41:04,500.0,23.25,S
2021-06-18T09:41:03,300.0,23.25,S
2021-06-18T09:41:02,200.0,23.25,S
2021-06-18T09:41:02,200.0,23.25,S
2021-06-18T09:40:59,1000.0,23.25,S
2021-06-18T09:40:58,1300.0,23.25,S
2021-06-18T09:40:58,1100.0,23.25,S
2021-06-18T09:40:58,1500.0,23.25,S
2021-06-18T09:40:58,4900.0,23.25,S
2021-06-18T09:40:52,3000.0,23.25,S
2021-06-18T09:40:37,5000.0,23.25,S
2021-06-18T09:40:37,900.0,23.3,B
2021-06-18T09:40:34,4000.0,23.25,S
2021-06-18T09:40:33,100.0,23.25,S
2021-06-18T09:40:31,1500.0,23.3,B
2021-06-18T09:40:27,2000.0,23.25,S
2021-06-18T09:40:25,2000.0,23.25,S
2021-06-18T09:40:22,1000.0,23.25,S
2021-06-18T09:40:21,200.0,23.3,B
2021-06-18T09:40:16,200.0,23.3,B
2021-06-18T09:40:16,200.0,23.3,B
2021-06-18T09:40:16,2700.0,23.25,S
2021-06-18T09:40:16,1100.0,23.25,S
2021-06-18T09:40:16,1700.0,23.25,S
2021-06-18T09:40:15,300.0,23.3,B
2021-06-18T09:40:13,1000.0,23.25,S
2021-06-18T09:40:09,500.0,23.25,S
2021-06-18T09:40:09,200.0,23.25,S
2021-06-18T09:40:08,1000.0,23.3,B
2021-06-18T09:40:06,1000.0,23.25,S
2021-06-18T09:40:05,2000.0,23.3,B
2021-06-18T09:40:05,300.0,23.25,S
2021-06-18T09:40:05,200.0,23.25,S
2021-06-18T09:40:02,500.0,23.25,S
2021-06-18T09:40:00,2100.0,23.3,B
2021-06-18T09:39:59,10000.0,23.3,B
2021-06-18T09:39:59,1000.0,23.25,S
2021-06-18T09:39:57,500.0,23.25,S
2021-06-18T09:39:56,100.0,23.25,S
2021-06-18T09:39:47,200.0,23.3,B
2021-06-18T09:39:45,500.0,23.25,S
2021-06-18T09:39:44,1000.0,23.25,S
2021-06-18T09:39:38,600.0,23.25,S
2021-06-18T09:39:37,300.0,23.25,S
2021-06-18T09:39:37,1700.0,23.25,S
2021-06-18T09:39:23,10000.0,23.25,S
2021-06-18T09:39:18,300.0,23.3,B
2021-06-18T09:39:17,100.0,23.3,B
2021-06-18T09:39:17,100.0,23.3,B
2021-06-18T09:39:01,1600.0,23.25,S
2021-06-18T09:38:47,1800.0,23.3,S
2021-06-18T09:38:47,3000.0,23.3,S
2021-06-18T09:38:46,5500.0,23.3,S
2021-06-18T09:38:42,1200.0,23.3,S
2021-06-18T09:38:36,8300.0,23.3,S
2021-06-18T09:38:35,2500.0,23.3,S
2021-06-18T09:38:31,500.0,23.25,S
2021-06-18T09:38:27,2500.0,23.25,S
2021-06-18T09:38:23,6200.0,23.3,S
2021-06-18T09:38:23,2800.0,23.3,S
2021-06-18T09:38:23,10000.0,23.3,S
2021-06-18T09:38:22,21000.0,23.3,S
2021-06-18T09:38:18,2600.0,23.3,S
2021-06-18T09:38:15,100.0,23.25,S
2021-06-18T09:38:14,500.0,23.3,S
2021-06-18T09:38:13,400.0,23.3,S
2021-06-18T09:38:12,500.0,23.25,S
2021-06-18T09:38:11,500.0,23.25,S
2021-06-18T09:38:09,1000.0,23.3,S
2021-06-18T09:38:09,5000.0,23.3,S
2021-06-18T09:38:08,200.0,23.3,S
2021-06-18T09:38:03,200.0,23.25,S
2021-06-18T09:38:01,1600.0,23.3,S
2021-06-18T09:38:00,1600.0,23.3,S
2021-06-18T09:38:00,4500.0,23.3,S
2021-06-18T09:37:54,100.0,23.25,S
2021-06-18T09:37:51,500.0,23.3,S
2021-06-18T09:37:49,1000.0,23.25,S
2021-06-18T09:37:47,1000.0,23.35,B
2021-06-18T09:37:45,1400.0,23.35,B
2021-06-18T09:37:45,1000.0,23.35,B
2021-06-18T09:37:45,17600.0,23.35,B
2021-06-18T09:37:42,7000.0,23.3,S
2021-06-18T09:37:42,3700.0,23.3,S
2021-06-18T09:37:42,300.0,23.3,S
2021-06-18T09:37:41,1000.0,23.35,B
2021-06-18T09:37:40,1100.0,23.3,S
2021-06-18T09:37:40,1000.0,23.3,S
2021-06-18T09:37:39,100.0,23.3,S
2021-06-18T09:37:39,1300.0,23.3,S
2021-06-18T09:37:39,500.0,23.3,S
2021-06-18T09:37:39,100.0,23.3,S
2021-06-18T09:37:39,900.0,23.3,S
2021-06-18T09:37:39,1000.0,23.3,S
2021-06-18T09:37:39,1100.0,23.3,S
2021-06-18T09:37:38,1600.0,23.3,S
2021-06-18T09:37:36,100.0,23.3,S
2021-06-18T09:37:35,3000.0,23.35,B
2021-06-18T09:37:32,200.0,23.35,B
2021-06-18T09:37:27,200.0,23.3,S
2021-06-18T09:37:23,1000.0,23.35,B
2021-06-18T09:37:21,300.0,23.3,S
2021-06-18T09:37:20,500.0,23.3,S
2021-06-18T09:37:17,2000.0,23.35,B
2021-06-18T09:37:17,300.0,23.35,B
2021-06-18T09:37:13,300.0,23.3,S
2021-06-18T09:37:11,5000.0,23.35,B
2021-06-18T09:37:11,1000.0,23.35,B
2021-06-18T09:37:09,1000.0,23.35,B
2021-06-18T09:37:05,500.0,23.35,B
2021-06-18T09:36:38,200.0,23.3,S
2021-06-18T09:36:37,5000.0,23.35,S
2021-06-18T09:36:36,100.0,23.35,S
2021-06-18T09:36:36,4900.0,23.3,S
2021-06-18T09:36:30,300.0,23.35,S
2021-06-18T09:36:30,100.0,23.35,S
2021-06-18T09:36:30,1300.0,23.3,S
2021-06-18T09:36:30,2700.0,23.3,S
2021-06-18T09:36:27,2700.0,23.35,S
2021-06-18T09:36:27,1000.0,23.4,B
2021-06-18T09:36:23,500.0,23.4,B
2021-06-18T09:36:23,100.0,23.35,S
2021-06-18T09:36:06,100.0,23.4,B
2021-06-18T09:36:06,100.0,23.4,B
2021-06-18T09:36:04,2000.0,23.35,S
2021-06-18T09:36:04,2000.0,23.35,S
2021-06-18T09:36:02,100.0,23.4,B
2021-06-18T09:36:02,5300.0,23.35,S
2021-06-18T09:35:57,1900.0,23.35,S
2021-06-18T09:35:53,1000.0,23.35,S
2021-06-18T09:35:48,1000.0,23.4,B
2021-06-18T09:35:48,5800.0,23.35,S
2021-06-18T09:35:48,200.0,23.4,B
2021-06-18T09:35:48,2000.0,23.4,B
2021-06-18T09:34:45,100.0,23.4,S
2021-06-18T09:34:27,100.0,23.4,S
2021-06-18T09:34:26,3000.0,23.35,S
2021-06-18T09:34:22,4500.0,23.35,S
2021-06-18T09:34:19,500.0,23.4,S
2021-06-18T09:34:14,9100.0,23.4,S
2021-06-18T09:34:11,10000.0,23.4,S
2021-06-18T09:34:10,100.0,23.4,S
2021-06-18T09:34:09,3000.0,23.4,S
2021-06-18T09:34:09,2000.0,23.4,S
2021-06-18T09:34:06,300.0,23.35,S
2021-06-18T09:34:04,9300.0,23.4,S
2021-06-18T09:34:03,200.0,23.4,S
2021-06-18T09:33:57,100.0,23.35,S
2021-06-18T09:33:56,200.0,23.4,S
2021-06-18T09:33:54,500.0,23.4,S
2021-06-18T09:33:53,6500.0,23.35,S
2021-06-18T09:33:49,500.0,23.4,S
2021-06-18T09:33:45,2500.0,23.35,S
2021-06-18T09:33:39,100.0,23.35,S
2021-06-18T09:33:39,300.0,23.4,S
2021-06-18T09:33:25,2000.0,23.4,S
2021-06-18T09:33:25,500.0,23.4,S
2021-06-18T09:33:23,1000.0,23.4,S
2021-06-18T09:33:15,500.0,23.4,S
2021-06-18T09:33:14,500.0,23.4,S
2021-06-18T09:33:11,1000.0,23.4,S
2021-06-18T09:33:03,500.0,23.35,S
2021-06-18T09:33:00,100.0,23.4,S
2021-06-18T09:32:58,400.0,23.4,S
2021-06-18T09:32:56,100.0,23.4,S
2021-06-18T09:32:50,4800.0,23.4,S
2021-06-18T09:32:38,2000.0,23.4,S
2021-06-18T09:32:28,100.0,23.4,S
2021-06-18T09:32:23,100.0,23.4,S
2021-06-18T09:32:22,4000.0,23.4,S
2021-06-18T09:32:21,2000.0,23.4,S
2021-06-18T09:32:17,2500.0,23.4,S
2021-06-18T09:32:15,1000.0,23.4,S
2021-06-18T09:32:14,1400.0,23.4,S
2021-06-18T09:32:11,1700.0,23.4,S
2021-06-18T09:32:08,1000.0,23.4,S
2021-06-18T09:32:06,1500.0,23.4,S
2021-06-18T09:32:01,300.0,23.4,S
2021-06-18T09:32:00,200.0,23.4,S
2021-06-18T09:31:59,100.0,23.4,S
2021-06-18T09:31:58,1000.0,23.4,S
2021-06-18T09:31:51,200.0,23.4,S
2021-06-18T09:31:50,500.0,23.4,S
2021-06-18T09:31:48,200.0,23.4,S
2021-06-18T09:31:45,100.0,23.4,S
2021-06-18T09:31:41,200.0,23.4,S
2021-06-18T09:31:36,500.0,23.4,S
2021-06-18T09:31:34,100.0,23.4,S
2021-06-18T09:31:32,100.0,23.4,S
2021-06-18T09:31:30,100.0,23.4,S
2021-06-18T09:31:28,1000.0,23.4,S
2021-06-18T09:31:28,4000.0,23.4,S
2021-06-18T09:31:28,200.0,23.4,S
2021-06-18T09:31:27,1100.0,23.4,S
2021-06-18T09:31:27,2900.0,23.4,S
2021-06-18T09:31:27,200.0,23.4,S
2021-06-18T09:31:27,14000.0,23.4,S
2021-06-18T09:31:27,300.0,23.4,S
2021-06-18T09:31:23,900.0,23.45,B
2021-06-18T09:31:19,1300.0,23.4,S
2021-06-18T09:31:19,1700.0,23.4,S
2021-06-18T09:31:19,1900.0,23.4,S
2021-06-18T09:31:19,4200.0,23.4,S
2021-06-18T09:31:12,200.0,23.45,B
2021-06-18T09:31:06,100.0,23.4,S
2021-06-18T09:31:05,900.0,23.4,S
2021-06-18T09:31:05,800.0,23.4,S
2021-06-18T09:31:05,1300.0,23.4,S
2021-06-18T09:31:05,7000.0,23.4,S
2021-06-18T09:31:03,600.0,23.45,B
2021-06-18T09:30:59,100.0,23.4,S
2021-06-18T09:30:57,1000.0,23.45,B
2021-06-18T09:30:56,100.0,23.45,B
2021-06-18T09:30:55,600.0,23.45,B
2021-06-18T09:30:55,400.0,23.45,B
2021-06-18T09:30:53,200.0,23.4,S
2021-06-18T09:30:52,3800.0,23.45,B
2021-06-18T09:30:52,8000.0,23.45,B
2021-06-18T09:30:50,1000.0,23.4,S
2021-06-18T09:30:48,200.0,23.45,B
2021-06-18T09:30:46,2000.0,23.4,S
2021-06-18T09:30:45,200.0,23.4,S
2021-06-18T09:30:43,1000.0,23.45,B
2021-06-18T09:30:42,200.0,23.45,B
2021-06-18T09:30:42,20000.0,23.45,B
2021-06-18T09:30:33,100.0,23.4,S
2021-06-18T09:30:33,4600.0,23.45,B
2021-06-18T09:30:28,300.0,23.45,B
2021-06-18T09:30:28,200.0,23.45,B
2021-06-18T09:30:26,500.0,23.45,B
2021-06-18T09:30:21,500.0,23.4,S
2021-06-18T09:30:21,300.0,23.45,B
2021-06-18T09:30:21,400.0,23.45,B
2021-06-18T09:30:19,100.0,23.45,B
2021-06-18T09:30:19,100.0,23.45,B
2021-06-18T09:30:19,1000.0,23.4,S
2021-06-18T09:30:16,100.0,23.45,B
2021-06-18T09:30:16,400.0,23.45,B
2021-06-18T09:30:15,200.0,23.45,B
2021-06-18T09:30:11,1000.0,23.45,B
2021-06-18T09:30:10,700.0,23.4,S
2021-06-18T09:30:07,1000.0,23.45,B
2021-06-18T09:30:04,1100.0,23.4,S
2021-06-18T09:30:04,2400.0,23.4,S
2021-06-18T09:30:04,100.0,23.4,S
2021-06-18T09:30:04,400.0,23.4,S
2021-06-18T09:30:04,2000.0,23.4,S
2021-06-18T09:30:04,9200.0,23.4,S
2021-06-18T09:30:04,1200.0,23.4,S
2021-06-18T09:30:04,600.0,23.4,S
2021-06-18T09:30:03,600.0,23.4,S
2021-06-18T09:30:03,1400.0,23.4,S
2021-06-18T09:30:03,400.0,23.45,B
2021-06-18T09:29:53,300.0,23.45,B
2021-06-18T09:29:52,200.0,23.45,B
2021-06-18T09:29:45,10500.0,23.45,B
2021-06-18T09:29:43,1500.0,23.45,B
2021-06-18T09:29:43,500.0,23.45,B
2021-06-18T09:29:41,8400.0,23.45,B
2021-06-18T09:29:34,300.0,23.45,B
2021-06-18T09:29:33,200.0,23.45,B
2021-06-18T09:29:31,500.0,23.45,B
2021-06-18T09:29:31,500.0,23.45,B
2021-06-18T09:29:29,1000.0,23.45,B
2021-06-18T09:29:28,2900.0,23.4,S
2021-06-18T09:29:28,27100.0,23.4,S
2021-06-18T09:29:27,100.0,23.4,S
2021-06-18T09:29:26,3000.0,23.4,S
2021-06-18T09:29:24,100.0,23.45,B
2021-06-18T09:29:23,100.0,23.45,B
2021-06-18T09:29:21,10000.0,23.45,B
2021-06-18T09:29:21,2000.0,23.4,S
2021-06-18T09:29:19,200.0,23.45,B
2021-06-18T09:29:17,600.0,23.45,B
2021-06-18T09:29:17,100.0,23.45,B
2021-06-18T09:29:16,1000.0,23.45,B
2021-06-18T09:29:11,1000.0,23.45,B
2021-06-18T09:29:06,4900.0,23.4,S
2021-06-18T09:29:06,100.0,23.45,B
2021-06-18T09:29:06,200.0,23.45,B
2021-06-18T09:29:03,300.0,23.45,B
2021-06-18T09:29:00,5200.0,23.45,B
2021-06-18T09:28:50,500.0,23.45,B
2021-06-18T09:28:47,500.0,23.45,B
2021-06-18T09:28:46,500.0,23.45,B
2021-06-18T09:28:42,10000.0,23.45,B
2021-06-18T09:28:41,1000.0,23.45,B
2021-06-18T09:28:40,1000.0,23.5,B
2021-06-18T09:28:38,300.0,23.45,B
2021-06-18T09:28:37,2000.0,23.45,B
2021-06-18T09:28:36,100.0,23.5,B
2021-06-18T09:28:36,100.0,23.45,B
2021-06-18T09:28:35,3000.0,23.45,B
2021-06-18T09:28:31,500.0,23.45,B
2021-06-18T09:28:31,19800.0,23.45,B
2021-06-18T09:28:31,200.0,23.45,B
2021-06-18T09:28:30,1000.0,23.45,B
2021-06-18T09:28:25,6300.0,23.5,B
2021-06-18T09:28:25,59300.0,23.45,B
2021-06-18T09:28:25,5500.0,23.45,B
2021-06-18T09:28:25,2600.0,23.45,B
2021-06-18T09:28:25,1500.0,23.45,B
2021-06-18T09:28:25,23800.0,23.45,B
2021-06-18T09:28:23,5000.0,23.45,B
2021-06-18T09:28:23,1000.0,23.4,S
2021-06-18T09:28:21,5000.0,23.45,B
2021-06-18T09:28:18,400.0,23.45,B
2021-06-18T09:28:15,5100.0,23.45,B
2021-06-18T09:28:15,1000.0,23.45,B
2021-06-18T09:28:15,100.0,23.45,B
2021-06-18T09:28:14,200.0,23.45,B
2021-06-18T09:28:14,2200.0,23.45,B
2021-06-18T09:28:12,1000.0,23.45,B
2021-06-18T09:28:12,9300.0,23.45,B
2021-06-18T09:28:12,100.0,23.45,B
2021-06-18T09:28:10,2000.0,23.4,S
2021-06-18T09:28:07,5300.0,23.45,B
2021-06-18T09:28:05,1300.0,23.45,B
2021-06-18T09:28:02,1500.0,23.45,B
2021-06-18T09:28:01,2000.0,23.4,S
2021-06-18T09:27:59,500.0,23.4,S
2021-06-18T09:27:57,1100.0,23.45,B
2021-06-18T09:27:56,200.0,23.45,B
2021-06-18T09:27:55,100.0,23.4,S
2021-06-18T09:27:48,800.0,23.45,B
2021-06-18T09:27:47,1000.0,23.4,S
2021-06-18T09:27:46,100.0,23.4,S
2021-06-18T09:27:44,1000.0,23.45,B
2021-06-18T09:27:43,600.0,23.45,B
2021-06-18T09:27:41,1500.0,23.45,B
2021-06-18T09:27:41,1000.0,23.4,S
2021-06-18T09:27:39,100.0,23.4,S
2021-06-18T09:27:38,1000.0,23.45,B
2021-06-18T09:27:37,5400.0,23.45,B
2021-06-18T09:27:35,400.0,23.5,B
2021-06-18T09:27:35,500.0,23.45,B
2021-06-18T09:27:34,2000.0,23.45,B
2021-06-18T09:27:33,600.0,23.45,B
2021-06-18T09:27:33,400.0,23.45,B
2021-06-18T09:27:33,3600.0,23.45,B
2021-06-18T09:27:29,200.0,23.45,B
2021-06-18T09:27:29,600.0,23.45,B
2021-06-18T09:27:28,400.0,23.45,B
2021-06-18T09:27:25,1000.0,23.4,S
2021-06-18T09:27:24,200.0,23.45,B
2021-06-18T09:27:22,20000.0,23.45,B
2021-06-18T09:27:22,300.0,23.45,B
2021-06-18T09:27:19,100.0,23.45,B
2021-06-18T09:27:17,1700.0,23.45,B
2021-06-18T09:27:16,300.0,23.45,B
2021-06-18T09:27:16,300.0,23.5,B
2021-06-18T09:27:16,3100.0,23.45,B
2021-06-18T09:27:15,1700.0,23.45,B
2021-06-18T09:27:13,6000.0,23.45,B
2021-06-18T09:27:13,3000.0,23.4,S
2021-06-18T09:27:13,5900.0,23.4,S
2021-06-18T09:27:09,5000.0,23.45,B
2021-06-18T09:27:09,1600.0,23.45,B
2021-06-18T09:27:09,1100.0,23.45,B
2021-06-18T09:27:09,27300.0,23.45,B
2021-06-18T09:27:09,3000.0,23.4,S
2021-06-18T09:27:07,2000.0,23.45,B
2021-06-18T09:27:05,200.0,23.45,B
2021-06-18T09:27:04,100.0,23.4,S
2021-06-18T09:27:04,100.0,23.45,B
2021-06-18T09:27:04,1200.0,23.45,B
2021-06-18T09:27:01,100.0,23.45,B
2021-06-18T09:26:57,100.0,23.45,B
2021-06-18T09:26:55,10100.0,23.45,B
2021-06-18T09:26:50,400.0,23.45,B
2021-06-18T09:26:48,700.0,23.45,B
2021-06-18T09:26:45,1000.0,23.45,B
2021-06-18T09:26:41,200.0,23.45,B
2021-06-18T09:26:41,700.0,23.45,B
2021-06-18T09:26:41,100.0,23.4,S
2021-06-18T09:26:40,3000.0,23.45,B
2021-06-18T09:26:32,700.0,23.45,B
2021-06-18T09:26:29,3000.0,23.4,S
2021-06-18T09:26:22,300.0,23.45,B
2021-06-18T09:26:22,3000.0,23.45,B
2021-06-18T09:26:20,500.0,23.45,B
2021-06-18T09:25:35,200.0,23.45,S
2021-06-18T09:25:32,100.0,23.4,S
2021-06-18T09:25:27,1200.0,23.45,S
2021-06-18T09:25:23,2600.0,23.4,S
2021-06-18T09:25:21,1000.0,23.4,S
2021-06-18T09:25:18,2900.0,23.45,S
2021-06-18T09:25:18,1000.0,23.4,S
2021-06-18T09:25:15,1100.0,23.45,S
2021-06-18T09:25:14,500.0,23.4,S
2021-06-18T09:25:12,2000.0,23.45,S
2021-06-18T09:25:08,5000.0,23.4,S
2021-06-18T09:25:05,5000.0,23.45,S
2021-06-18T09:25:03,2000.0,23.45,S
2021-06-18T09:25:03,100.0,23.45,S
2021-06-18T09:25:02,1200.0,23.45,S
2021-06-18T09:24:55,4400.0,23.4,S
2021-06-18T09:24:55,1800.0,23.45,S
2021-06-18T09:24:53,100.0,23.4,S
2021-06-18T09:24:52,10000.0,23.4,S
2021-06-18T09:24:49,600.0,23.45,S
2021-06-18T09:24:49,200.0,23.4,S
2021-06-18T09:24:48,4800.0,23.4,S
2021-06-18T09:24:48,200.0,23.4,S
2021-06-18T09:24:48,200.0,23.4,S
2021-06-18T09:24:48,2200.0,23.4,S
2021-06-18T09:24:48,7400.0,23.4,S
2021-06-18T09:24:44,2000.0,23.45,S
2021-06-18T09:24:33,400.0,23.45,S
2021-06-18T09:24:31,500.0,23.4,S
2021-06-18T09:24:27,2000.0,23.4,S
2021-06-18T09:24:27,1300.0,23.45,S
2021-06-18T09:24:24,100.0,23.4,S
2021-06-18T09:24:23,6000.0,23.45,S
2021-06-18T09:24:18,10000.0,23.4,S
2021-06-18T09:24:16,1000.0,23.45,S
2021-06-18T09:24:12,100.0,23.4,S
2021-06-18T09:24:11,5000.0,23.4,S
2021-06-18T09:24:10,100.0,23.45,S
2021-06-18T09:24:02,100.0,23.45,S
2021-06-18T09:23:57,2300.0,23.45,S
2021-06-18T09:23:55,2000.0,23.4,S
2021-06-18T09:23:51,300.0,23.4,S
2021-06-18T09:23:50,1400.0,23.4,S
2021-06-18T09:23:47,600.0,23.45,S
2021-06-18T09:23:42,2000.0,23.5,B
2021-06-18T09:23:39,300.0,23.45,S
2021-06-18T09:23:34,200.0,23.45,S
2021-06-18T09:23:32,2200.0,23.45,S
2021-06-18T09:23:30,3900.0,23.45,S
2021-06-18T09:23:29,200.0,23.4,S
2021-06-18T09:23:29,100.0,23.4,S
2021-06-18T09:23:28,200.0,23.45,S
2021-06-18T09:23:24,500.0,23.45,S
2021-06-18T09:23:22,2300.0,23.45,S
2021-06-18T09:23:16,200.0,23.45,S
2021-06-18T09:23:14,100.0,23.45,S
2021-06-18T09:23:14,500.0,23.4,S
2021-06-18T09:23:11,100.0,23.5,B
2021-06-18T09:23:09,1400.0,23.5,B
2021-06-18T09:23:09,1000.0,23.5,B
2021-06-18T09:23:09,10600.0,23.5,B
2021-06-18T09:23:09,300.0,23.45,S
2021-06-18T09:23:06,3000.0,23.45,S
2021-06-18T09:23:06,1300.0,23.45,S
2021-06-18T09:23:05,200.0,23.45,S
2021-06-18T09:23:01,200.0,23.45,S
2021-06-18T09:23:01,500.0,23.4,S
2021-06-18T09:22:59,400.0,23.45,S
2021-06-18T09:22:57,3300.0,23.45,S
2021-06-18T09:22:55,100.0,23.5,B
2021-06-18T09:22:51,100.0,23.45,S
2021-06-18T09:22:48,100.0,23.45,S
2021-06-18T09:22:46,3400.0,23.5,B
2021-06-18T09:22:33,100.0,23.5,B
2021-06-18T09:22:29,9500.0,23.45,S
2021-06-18T09:22:26,500.0,23.4,S
2021-06-18T09:22:23,5000.0,23.4,S
2021-06-18T09:22:23,2100.0,23.45,S
2021-06-18T09:22:23,2900.0,23.45,S
2021-06-18T09:22:18,1000.0,23.45,S
2021-06-18T09:22:09,2000.0,23.45,S
2021-06-18T09:22:07,2100.0,23.5,B
2021-06-18T09:22:06,100.0,23.45,S
2021-06-18T09:22:05,1100.0,23.5,B
2021-06-18T09:22:04,100.0,23.5,B
2021-06-18T09:22:04,1000.0,23.45,S
2021-06-18T09:22:02,200.0,23.5,B
2021-06-18T09:22:02,100.0,23.5,B
2021-06-18T09:22:02,500.0,23.45,S
2021-06-18T09:22:01,3000.0,23.5,B
2021-06-18T09:21:58,200.0,23.5,B
2021-06-18T09:21:52,1000.0,23.5,B
2021-06-18T09:21:52,100.0,23.5,B
2021-06-18T09:21:50,800.0,23.5,B
2021-06-18T09:21:50,500.0,23.5,B
2021-06-18T09:21:49,500.0,23.5,B
2021-06-18T09:21:49,100.0,23.5,B
2021-06-18T09:21:45,10700.0,23.4,S
2021-06-18T09:21:45,100.0,23.4,S
2021-06-18T09:21:45,1100.0,23.4,S
2021-06-18T09:21:45,8000.0,23.4,S
2021-06-18T09:21:44,2000.0,23.4,S
2021-06-18T09:21:44,100.0,23.4,S
2021-06-18T09:21:44,5000.0,23.4,S
2021-06-18T09:21:44,4000.0,23.4,S
2021-06-18T09:21:44,1000.0,23.4,S
2021-06-18T09:21:44,500.0,23.4,S
2021-06-18T09:21:44,1100.0,23.4,S
2021-06-18T09:21:44,2100.0,23.4,S
2021-06-18T09:21:44,4200.0,23.4,S
2021-06-18T09:21:44,2100.0,23.4,S
2021-06-18T09:21:44,10700.0,23.4,S
2021-06-18T09:21:44,1100.0,23.4,S
2021-06-18T09:21:44,1000.0,23.4,S
2021-06-18T09:21:44,1000.0,23.4,S
2021-06-18T09:21:44,600.0,23.4,S
2021-06-18T09:21:44,29000.0,23.4,S
2021-06-18T09:21:44,1300.0,23.45,S
2021-06-18T09:21:44,13300.0,23.45,S
2021-06-18T09:21:40,3600.0,23.55,B
2021-06-18T09:21:40,2400.0,23.45,S
2021-06-18T09:21:40,2600.0,23.45,S
2021-06-18T09:21:39,9700.0,23.5,B
2021-06-18T09:21:39,8200.0,23.5,B
2021-06-18T09:21:39,3600.0,23.5,B
2021-06-18T09:21:39,2400.0,23.5,B
2021-06-18T09:21:39,5100.0,23.5,B
2021-06-18T09:21:39,21000.0,23.5,B
2021-06-18T09:21:38,20000.0,23.5,B
2021-06-18T09:21:38,2000.0,23.45,S
2021-06-18T09:21:36,7000.0,23.5,B
2021-06-18T09:21:35,3800.0,23.5,B
2021-06-18T09:21:31,500.0,23.45,S
2021-06-18T09:21:29,600.0,23.5,B
2021-06-18T09:21:25,400.0,23.45,S
2021-06-18T09:21:23,1000.0,23.5,B
2021-06-18T09:21:23,1000.0,23.5,B
2021-06-18T09:21:20,2000.0,23.5,B
2021-06-18T09:21:20,100.0,23.5,B
2021-06-18T09:21:18,600.0,23.5,B
2021-06-18T09:21:18,3400.0,23.5,B
2021-06-18T09:21:18,1000.0,23.5,B
2021-06-18T09:21:18,2000.0,23.5,B
2021-06-18T09:21:17,13600.0,23.5,B
2021-06-18T09:21:16,100.0,23.45,S
2021-06-18T09:21:16,100.0,23.5,B
2021-06-18T09:21:14,300.0,23.45,S
2021-06-18T09:21:14,1100.0,23.5,B
2021-06-18T09:21:14,200.0,23.5,B
2021-06-18T09:21:11,2900.0,23.45,S
2021-06-18T09:21:11,1100.0,23.45,S
2021-06-18T09:21:04,2000.0,23.5,B
2021-06-18T09:21:03,700.0,23.5,B
2021-06-18T09:20:59,3100.0,23.5,B
2021-06-18T09:20:58,1000.0,23.5,B
2021-06-18T09:20:54,4000.0,23.5,B
2021-06-18T09:20:54,2500.0,23.45,S
2021-06-18T09:20:54,100.0,23.45,S
2021-06-18T09:20:53,300.0,23.5,B
2021-06-18T09:20:52,500.0,23.5,B
2021-06-18T09:20:52,200.0,23.5,B
2021-06-18T09:20:52,500.0,23.5,B
2021-06-18T09:20:51,1000.0,23.5,B
2021-06-18T09:20:51,100.0,23.45,S
2021-06-18T09:20:50,100.0,23.5,B
2021-06-18T09:20:50,10000.0,23.5,B
2021-06-18T09:20:49,1000.0,23.5,B
2021-06-18T09:20:48,100.0,23.5,B
2021-06-18T09:20:48,100.0,23.5,B
2021-06-18T09:20:46,23300.0,23.5,B
2021-06-18T09:20:46,14100.0,23.5,B
2021-06-18T09:20:46,500.0,23.5,B
2021-06-18T09:20:45,12100.0,23.5,B
2021-06-18T09:20:42,200.0,23.5,B
2021-06-18T09:20:41,100.0,23.5,B
2021-06-18T09:20:41,900.0,23.5,B
2021-06-18T09:20:39,200.0,23.45,S
2021-06-18T09:20:39,10000.0,23.5,B
2021-06-18T09:20:39,500.0,23.5,B
2021-06-18T09:20:38,1100.0,23.5,B
2021-06-18T09:20:35,3000.0,23.5,B
2021-06-18T09:20:32,400.0,23.5,B
2021-06-18T09:20:31,1000.0,23.5,B
2021-06-18T09:20:23,4000.0,23.5,B
2021-06-18T09:20:21,2100.0,23.5,B
2021-06-18T09:20:21,1000.0,23.5,B
2021-06-18T09:20:19,1000.0,23.5,B
2021-06-18T09:20:18,1000.0,23.5,B
2021-06-18T09:20:15,1000.0,23.45,S
2021-06-18T09:20:13,5000.0,23.45,S
2021-06-18T09:20:13,200.0,23.5,B
2021-06-18T09:20:13,5000.0,23.45,S
2021-06-18T09:20:11,100.0,23.5,B
2021-06-18T09:20:10,500.0,23.45,S
2021-06-18T09:20:10,1700.0,23.5,B
2021-06-18T09:20:08,13500.0,23.5,B
2021-06-18T09:20:05,100.0,23.45,S
2021-06-18T09:20:05,1000.0,23.5,B
2021-06-18T09:20:03,3000.0,23.5,B
2021-06-18T09:19:58,10000.0,23.45,S
2021-06-18T09:19:57,17300.0,23.45,S
2021-06-18T09:19:57,1500.0,23.4,S
2021-06-18T09:19:56,100.0,23.45,S
2021-06-18T09:19:55,500.0,23.4,S
2021-06-18T09:19:54,600.0,23.4,S
2021-06-18T09:19:54,28000.0,23.4,S
2021-06-18T09:19:54,100.0,23.4,S
2021-06-18T09:19:53,100.0,23.45,S
2021-06-18T09:19:50,11000.0,23.45,S
2021-06-18T09:19:48,300.0,23.4,S
2021-06-18T09:19:47,100.0,23.4,S
2021-06-18T09:19:47,500.0,23.45,S
2021-06-18T09:19:42,1000.0,23.45,S
2021-06-18T09:19:41,400.0,23.5,B
2021-06-18T09:19:40,5000.0,23.5,B
2021-06-18T09:19:36,5000.0,23.4,S
2021-06-18T09:19:36,1000.0,23.5,B
2021-06-18T09:19:32,10000.0,23.4,S
2021-06-18T09:19:32,1000.0,23.4,S
2021-06-18T09:19:30,1000.0,23.5,B
2021-06-18T09:19:28,3000.0,23.4,S
2021-06-18T09:19:28,10000.0,23.4,S
2021-06-18T09:19:27,4400.0,23.4,S
2021-06-18T09:19:26,500.0,23.5,B
2021-06-18T09:19:24,1000.0,23.5,B
2021-06-18T09:19:23,18900.0,23.5,B
2021-06-18T09:19:23,5700.0,23.5,B
2021-06-18T09:19:23,1500.0,23.5,B
2021-06-18T09:19:23,5200.0,23.5,B
2021-06-18T09:19:23,1000.0,23.5,B
2021-06-18T09:19:23,7100.0,23.5,B
2021-06-18T09:19:23,1000.0,23.5,B
2021-06-18T09:19:23,13000.0,23.5,B
2021-06-18T09:19:23,2000.0,23.5,B
2021-06-18T09:19:23,3500.0,23.5,B
2021-06-18T09:19:23,11100.0,23.5,B
2021-06-18T09:19:22,200.0,23.45,S
2021-06-18T09:19:21,14000.0,23.4,S
2021-06-18T09:19:20,100.0,23.45,S
2021-06-18T09:19:16,1000.0,23.4,B
2021-06-18T09:19:12,200.0,23.4,B
2021-06-18T09:19:10,1000.0,23.5,B
2021-06-18T09:19:10,2000.0,23.4,B
2021-06-18T09:18:55,100.0,23.4,B
2021-06-18T09:18:55,1000.0,23.5,B
2021-06-18T09:18:49,5100.0,23.4,B
2021-06-18T09:18:43,2000.0,23.5,B
2021-06-18T09:18:40,600.0,23.45,B
2021-06-18T09:18:37,900.0,23.4,B
2021-06-18T09:18:30,1100.0,23.5,B
2021-06-18T09:18:30,300.0,23.5,B
2021-06-18T09:18:30,100.0,23.5,B
2021-06-18T09:18:30,500.0,23.45,B
2021-06-18T09:18:30,100.0,23.45,B
2021-06-18T09:18:28,100.0,23.4,B
2021-06-18T09:18:27,1000.0,23.4,B
2021-06-18T09:18:25,100.0,23.4,B
2021-06-18T09:18:16,1600.0,23.45,B
2021-06-18T09:18:15,500.0,23.25,B
2021-06-18T09:18:15,500.0,23.3,B
2021-06-18T09:18:13,600.0,23.45,B
2021-06-18T09:18:13,600.0,23.45,B
2021-06-18T09:18:13,400.0,23.45,B
2021-06-18T09:18:12,400.0,23.4,B
2021-06-18T09:18:11,4800.0,23.4,B
2021-06-18T09:18:11,5200.0,23.4,B
2021-06-18T09:18:10,13000.0,23.4,B
2021-06-18T09:18:10,15000.0,23.2,B
2021-06-18T09:18:09,4200.0,23.4,B
2021-06-18T09:18:08,700.0,23.2,B
2021-06-18T09:18:08,15000.0,23.4,B
2021-06-18T09:18:04,900.0,23.25,B
2021-06-18T09:18:04,100.0,23.25,B
2021-06-18T09:18:03,2000.0,23.25,B
2021-06-18T09:18:02,3000.0,23.25,B
2021-06-18T09:18:00,4000.0,23.25,B
2021-06-18T09:17:55,200.0,23.2,B
2021-06-18T09:17:52,1000.0,23.4,B
2021-06-18T09:17:51,7000.0,23.2,B
2021-06-18T09:17:51,3000.0,23.25,B
2021-06-18T09:17:49,1000.0,23.2,B
2021-06-18T09:17:47,500.0,23.4,B
2021-06-18T09:17:47,100.0,23.4,B
2021-06-18T09:17:47,400.0,23.4,B
2021-06-18T09:17:44,500.0,23.4,B
2021-06-18T09:17:44,700.0,23.4,B
2021-06-18T09:17:44,900.0,23.4,B
2021-06-18T09:17:44,200.0,23.4,B
2021-06-18T09:17:44,1200.0,23.4,B
2021-06-18T09:17:44,600.0,23.3,B
2021-06-18T09:17:43,1200.0,23.3,B
2021-06-18T09:17:41,100.0,23.25,B
2021-06-18T09:17:40,1000.0,23.25,B
2021-06-18T09:17:39,500.0,23.2,B
2021-06-18T09:17:36,1000.0,23.2,B
2021-06-18T09:17:36,1000.0,23.2,B
2021-06-18T09:17:35,800.0,23.2,B
2021-06-18T09:17:35,3200.0,23.2,B
2021-06-18T09:17:35,200.0,23.2,B
2021-06-18T09:17:35,1600.0,23.2,B
2021-06-18T09:17:32,100.0,23.2,B
2021-06-18T09:17:31,7300.0,23.2,B
2021-06-18T09:17:29,1000.0,23.2,B
2021-06-18T09:17:28,6000.0,23.2,B
2021-06-18T09:17:27,200.0,23.2,B
2021-06-18T09:17:26,500.0,23.1,S
2021-06-18T09:17:23,10000.0,23.2,B
2021-06-18T09:17:22,400.0,23.1,S
2021-06-18T09:17:22,400.0,23.1,S
2021-06-18T09:17:22,200.0,23.15,B
2021-06-18T09:17:22,5000.0,23.2,B
2021-06-18T09:17:20,200.0,23.15,B
2021-06-18T09:17:20,100.0,23.15,B
2021-06-18T09:17:18,2000.0,23.2,B
2021-06-18T09:17:18,1400.0,23.2,B
2021-06-18T09:17:18,1200.0,23.2,B
2021-06-18T09:17:18,200.0,23.15,B
2021-06-18T09:17:16,100.0,23.2,B
2021-06-18T09:17:16,1000.0,23.2,B
2021-06-18T09:17:13,300.0,23.2,B
2021-06-18T09:17:12,700.0,23.1,S
2021-06-18T09:17:08,1000.0,23.2,B
2021-06-18T09:17:07,1000.0,23.2,B
2021-06-18T09:17:03,700.0,23.15,B
2021-06-18T09:17:02,1000.0,23.15,B
2021-06-18T09:17:01,30100.0,23.1,B
2021-06-18T09:17:01,300.0,23.05,S
2021-06-18T09:17:00,100.0,23.1,B
2021-06-18T09:17:00,1300.0,23.05,S
2021-06-18T09:16:58,1000.0,23.05,S
2021-06-18T09:16:58,1000.0,23.1,B
2021-06-18T09:16:56,100.0,23.1,B
2021-06-18T09:16:55,500.0,23.1,B
2021-06-18T09:16:54,1000.0,23.1,B
2021-06-18T09:16:50,1000.0,23.1,B
2021-06-18T09:16:50,500.0,23.1,B
2021-06-18T09:16:48,700.0,23.05,S
2021-06-18T09:16:44,100.0,23.1,B
2021-06-18T09:16:42,100.0,23.05,S
2021-06-18T09:16:42,1000.0,23.05,S
2021-06-18T09:16:41,400.0,23.1,B
2021-06-18T09:16:39,100.0,23.05,B
2021-06-18T09:16:35,200.0,23.0,S
2021-06-18T09:16:33,200.0,23.0,S
2021-06-18T09:16:32,900.0,23.05,B
2021-06-18T09:16:30,200.0,23.0,S
2021-06-18T09:16:27,2300.0,23.0,S
2021-06-18T09:16:19,100.0,23.0,B
2021-06-18T09:16:19,100.0,23.0,B
2021-06-18T09:16:19,100.0,23.0,B
2021-06-18T09:16:19,42500.0,23.0,B
2021-06-18T09:16:17,1000.0,23.0,B
2021-06-18T09:16:17,100.0,22.9,S
2021-06-18T09:16:14,3300.0,22.9,S
2021-06-18T09:16:12,200.0,23.0,B
