tradingTime,volume,price,side
2021-06-18T14:14:19,200.0,38.6,S
2021-06-18T14:11:41,200.0,38.65,B
2021-06-18T14:10:52,5000.0,38.65,B
2021-06-18T14:10:29,100.0,38.6,B
2021-06-18T14:10:05,1000.0,38.6,B
2021-06-18T14:09:46,200.0,38.7,B
2021-06-18T14:09:46,3000.0,38.65,B
2021-06-18T14:09:45,1800.0,38.6,B
2021-06-18T14:08:45,5000.0,38.6,B
2021-06-18T14:07:57,1200.0,38.55,B
2021-06-18T14:07:41,400.0,38.4,B
2021-06-18T14:05:15,500.0,38.4,B
2021-06-18T14:04:55,200.0,38.4,B
2021-06-18T14:02:19,300.0,38.4,S
2021-06-18T14:01:23,300.0,38.5,B
2021-06-18T14:01:23,800.0,38.5,B
2021-06-18T14:01:23,600.0,38.5,B
2021-06-18T14:01:23,500.0,38.4,B
2021-06-18T13:56:33,100.0,38.4,S
2021-06-18T13:56:32,200.0,38.5,B
2021-06-18T13:55:39,1000.0,38.5,B
2021-06-18T13:54:59,1900.0,38.5,B
2021-06-18T13:54:17,500.0,38.4,S
2021-06-18T13:50:27,100.0,38.5,B
2021-06-18T13:48:23,300.0,38.5,B
2021-06-18T13:47:56,300.0,38.5,B
2021-06-18T13:46:30,100.0,38.5,B
2021-06-18T13:46:09,100.0,38.5,B
2021-06-18T13:45:04,2900.0,38.5,S
2021-06-18T13:43:36,100.0,38.6,S
2021-06-18T13:41:51,100.0,38.6,S
2021-06-18T13:40:05,1600.0,38.6,S
2021-06-18T13:39:43,1000.0,38.6,S
2021-06-18T13:37:56,100.0,38.6,S
2021-06-18T13:36:58,3300.0,38.6,B
2021-06-18T13:36:51,800.0,38.55,S
2021-06-18T13:36:38,100.0,38.6,B
2021-06-18T13:36:13,100.0,38.6,B
2021-06-18T13:35:54,300.0,38.6,B
2021-06-18T13:35:50,900.0,38.55,S
2021-06-18T13:35:29,100.0,38.6,B
2021-06-18T13:34:42,900.0,38.6,S
2021-06-18T13:33:50,100.0,38.6,B
2021-06-18T13:33:46,200.0,38.6,B
2021-06-18T13:33:44,200.0,38.6,B
2021-06-18T13:33:44,500.0,38.6,B
2021-06-18T13:33:44,100.0,38.6,B
2021-06-18T13:31:46,400.0,38.6,S
2021-06-18T13:30:57,100.0,38.6,S
2021-06-18T13:29:49,100.0,38.7,B
2021-06-18T13:28:05,500.0,38.7,B
2021-06-18T13:27:26,100.0,38.7,B
2021-06-18T13:27:25,4000.0,38.55,S
2021-06-18T13:27:22,100.0,38.7,B
2021-06-18T13:26:33,300.0,38.7,B
2021-06-18T13:25:45,100.0,38.7,B
2021-06-18T13:25:44,600.0,38.65,B
2021-06-18T13:24:59,1000.0,38.7,B
2021-06-18T13:24:40,700.0,38.7,B
2021-06-18T13:24:39,600.0,38.7,B
2021-06-18T13:24:37,100.0,38.7,B
2021-06-18T13:24:32,1000.0,38.6,S
2021-06-18T13:24:21,200.0,38.7,B
2021-06-18T13:24:10,700.0,38.7,B
2021-06-18T13:24:07,200.0,38.7,B
2021-06-18T13:22:50,200.0,38.7,B
2021-06-18T13:22:14,1000.0,38.7,B
2021-06-18T13:22:07,1000.0,38.7,B
2021-06-18T13:19:51,100.0,38.7,B
2021-06-18T13:19:06,700.0,38.7,B
2021-06-18T13:17:59,100.0,38.7,B
2021-06-18T13:17:45,100.0,38.55,S
2021-06-18T13:16:23,1000.0,38.7,B
2021-06-18T13:15:42,3000.0,38.7,B
2021-06-18T13:15:13,1000.0,38.55,B
2021-06-18T13:15:06,500.0,38.55,B
2021-06-18T13:14:32,5000.0,38.55,B
2021-06-18T13:13:11,100.0,38.5,S
2021-06-18T13:12:24,500.0,38.55,B
2021-06-18T13:12:18,800.0,38.5,S
2021-06-18T13:12:18,500.0,38.5,S
2021-06-18T13:12:18,300.0,38.5,S
2021-06-18T13:11:32,200.0,38.5,S
2021-06-18T13:11:12,200.0,38.55,B
2021-06-18T13:11:01,200.0,38.55,B
2021-06-18T13:10:38,1500.0,38.55,B
2021-06-18T13:10:18,100.0,38.55,B
2021-06-18T13:09:59,2000.0,38.5,S
2021-06-18T13:08:34,1000.0,38.5,S
2021-06-18T13:08:24,200.0,38.55,B
2021-06-18T13:07:17,200.0,38.5,B
2021-06-18T13:07:12,100.0,38.5,B
2021-06-18T13:07:11,100.0,38.5,B
2021-06-18T13:06:52,300.0,38.5,B
2021-06-18T13:06:49,100.0,38.5,B
2021-06-18T13:06:30,1500.0,38.5,B
2021-06-18T13:06:03,200.0,38.45,S
2021-06-18T13:05:29,1300.0,38.45,S
2021-06-18T13:05:29,2000.0,38.45,S
2021-06-18T13:05:12,100.0,38.45,S
2021-06-18T13:04:55,1000.0,38.45,S
2021-06-18T13:04:42,100.0,38.45,S
2021-06-18T13:04:42,200.0,38.45,S
2021-06-18T13:04:41,500.0,38.45,S
2021-06-18T13:04:36,300.0,38.45,S
2021-06-18T13:04:01,5000.0,38.5,B
2021-06-18T13:02:47,500.0,38.5,B
2021-06-18T13:01:01,2000.0,38.5,B
2021-06-18T13:00:45,100.0,38.15,B
2021-06-18T13:00:37,300.0,38.15,B
2021-06-18T13:00:35,1800.0,38.15,B
2021-06-18T13:00:35,100.0,38.15,B
2021-06-18T11:29:39,500.0,38.15,B
2021-06-18T11:28:18,400.0,38.15,B
2021-06-18T11:28:03,2400.0,38.0,S
2021-06-18T11:27:29,400.0,38.05,B
2021-06-18T11:27:09,600.0,38.0,B
2021-06-18T11:26:56,5000.0,38.0,B
2021-06-18T11:26:31,100.0,37.95,B
2021-06-18T11:26:27,1000.0,37.95,B
2021-06-18T11:26:11,1000.0,37.95,B
2021-06-18T11:25:49,300.0,37.9,S
2021-06-18T11:21:12,200.0,37.95,S
2021-06-18T11:21:04,1000.0,38.0,B
2021-06-18T11:20:26,1000.0,38.0,B
2021-06-18T11:20:07,200.0,38.0,B
2021-06-18T11:19:13,300.0,38.0,B
2021-06-18T11:19:13,100.0,37.6,B
2021-06-18T11:19:07,100.0,37.6,B
2021-06-18T11:18:55,100.0,37.6,B
2021-06-18T11:18:47,6200.0,37.6,S
2021-06-18T11:18:47,3500.0,37.6,S
2021-06-18T11:18:36,500.0,37.8,B
2021-06-18T11:16:57,1000.0,37.8,B
2021-06-18T11:13:27,1000.0,37.8,B
2021-06-18T11:13:21,2000.0,37.8,B
2021-06-18T11:09:37,2000.0,38.0,B
2021-06-18T11:08:42,1100.0,37.8,S
2021-06-18T11:07:31,900.0,37.9,S
2021-06-18T11:07:19,100.0,38.0,B
2021-06-18T11:06:23,300.0,38.0,B
2021-06-18T11:06:06,1500.0,38.0,B
2021-06-18T11:05:47,1900.0,38.0,S
2021-06-18T11:04:48,3100.0,38.0,B
2021-06-18T11:04:43,2000.0,38.0,B
2021-06-18T11:04:17,200.0,38.0,B
2021-06-18T11:01:35,100.0,38.0,B
2021-06-18T11:00:59,100.0,38.0,B
2021-06-18T10:59:45,2900.0,38.05,B
2021-06-18T10:59:45,2100.0,38.0,B
2021-06-18T10:59:11,1000.0,38.0,B
2021-06-18T10:59:09,2600.0,37.95,B
2021-06-18T10:59:09,100.0,37.9,B
2021-06-18T10:59:08,500.0,37.9,S
2021-06-18T10:59:08,3000.0,37.9,S
2021-06-18T10:58:42,4500.0,37.95,B
2021-06-18T10:58:01,3100.0,37.95,B
2021-06-18T10:57:31,3400.0,37.9,S
2021-06-18T10:57:24,500.0,37.95,B
2021-06-18T10:56:50,1700.0,37.9,B
2021-06-18T10:56:33,100.0,37.9,B
2021-06-18T10:56:27,100.0,37.9,B
2021-06-18T10:55:27,500.0,37.9,B
2021-06-18T10:55:04,600.0,37.9,S
2021-06-18T10:54:50,400.0,37.85,S
2021-06-18T10:54:47,100.0,37.85,S
2021-06-18T10:54:47,4500.0,37.85,S
2021-06-18T10:54:17,2100.0,37.9,B
2021-06-18T10:54:16,2000.0,37.9,B
2021-06-18T10:53:08,100.0,37.85,S
2021-06-18T10:52:41,300.0,37.8,S
2021-06-18T10:52:39,100.0,37.8,S
2021-06-18T10:52:38,200.0,37.8,S
2021-06-18T10:52:16,1400.0,37.8,S
2021-06-18T10:52:11,100.0,37.9,B
2021-06-18T10:52:11,200.0,37.85,B
2021-06-18T10:51:50,2000.0,37.85,B
2021-06-18T10:51:41,800.0,37.85,B
2021-06-18T10:51:41,300.0,37.8,B
2021-06-18T10:51:40,2800.0,37.8,B
2021-06-18T10:51:06,300.0,37.8,B
2021-06-18T10:50:02,5000.0,37.7,S
2021-06-18T10:49:49,1500.0,37.75,B
2021-06-18T10:49:41,100.0,37.75,B
2021-06-18T10:49:41,400.0,37.75,B
2021-06-18T10:49:23,1000.0,37.75,B
2021-06-18T10:48:49,5100.0,37.7,B
2021-06-18T10:48:41,300.0,37.65,B
2021-06-18T10:48:41,4000.0,37.65,B
2021-06-18T10:48:41,3400.0,37.55,S
2021-06-18T10:48:41,1600.0,37.55,S
2021-06-18T10:48:11,200.0,37.6,B
2021-06-18T10:47:28,3000.0,37.55,B
2021-06-18T10:47:13,500.0,37.5,S
2021-06-18T10:47:05,5000.0,37.5,S
2021-06-18T10:46:34,200.0,37.5,B
2021-06-18T10:46:07,500.0,37.5,B
2021-06-18T10:46:07,300.0,37.5,B
2021-06-18T10:46:00,2000.0,37.5,B
2021-06-18T10:45:56,700.0,37.5,B
2021-06-18T10:45:24,1400.0,37.45,B
2021-06-18T10:45:14,500.0,37.45,B
2021-06-18T10:44:56,400.0,37.45,B
2021-06-18T10:44:56,900.0,37.45,B
2021-06-18T10:44:08,1200.0,37.4,S
2021-06-18T10:44:08,800.0,37.4,S
2021-06-18T10:43:35,2500.0,37.4,B
2021-06-18T10:43:18,3500.0,37.3,S
2021-06-18T10:43:05,600.0,37.4,B
2021-06-18T10:42:45,1000.0,37.4,B
2021-06-18T10:42:37,100.0,37.4,B
2021-06-18T10:42:23,100.0,37.4,B
2021-06-18T10:42:07,100.0,37.4,B
2021-06-18T10:41:51,800.0,37.4,B
2021-06-18T10:40:24,200.0,37.25,B
2021-06-18T10:39:58,2000.0,37.25,S
2021-06-18T10:39:47,1100.0,37.25,S
2021-06-18T10:39:46,1300.0,37.4,B
2021-06-18T10:39:42,1000.0,37.4,B
2021-06-18T10:39:31,1000.0,37.4,B
2021-06-18T10:39:11,3000.0,37.4,B
2021-06-18T10:38:05,800.0,37.35,B
2021-06-18T10:38:05,2200.0,37.3,B
2021-06-18T10:37:39,2100.0,37.25,B
2021-06-18T10:37:06,100.0,37.25,B
2021-06-18T10:36:25,1000.0,37.25,B
2021-06-18T10:36:07,1000.0,37.25,B
2021-06-18T10:36:01,800.0,37.25,S
2021-06-18T10:35:34,2200.0,37.25,S
2021-06-18T10:35:32,2000.0,37.25,S
2021-06-18T10:35:28,300.0,37.25,S
2021-06-18T10:35:00,3000.0,37.3,B
2021-06-18T10:34:56,600.0,37.25,B
2021-06-18T10:34:41,500.0,37.3,B
2021-06-18T10:34:18,2700.0,37.3,B
2021-06-18T10:32:57,600.0,37.2,B
2021-06-18T10:32:33,1300.0,37.2,B
2021-06-18T10:32:22,700.0,37.2,B
2021-06-18T10:32:21,1000.0,37.2,B
2021-06-18T10:32:18,200.0,37.2,B
2021-06-18T10:31:46,1000.0,37.2,B
2021-06-18T10:30:15,800.0,37.2,B
2021-06-18T10:28:18,300.0,37.2,B
2021-06-18T10:26:55,100.0,37.15,S
2021-06-18T10:26:40,2300.0,37.15,S
2021-06-18T10:26:26,2700.0,37.15,S
2021-06-18T10:23:27,3500.0,37.25,B
2021-06-18T10:21:42,11500.0,37.2,B
2021-06-18T10:21:37,18300.0,36.9,S
2021-06-18T10:21:37,6700.0,36.9,S
2021-06-18T10:21:21,4800.0,37.0,S
2021-06-18T10:21:21,2700.0,37.0,S
2021-06-18T10:21:21,300.0,37.0,S
2021-06-18T10:21:21,600.0,37.0,S
2021-06-18T10:21:21,500.0,37.05,S
2021-06-18T10:21:21,1100.0,37.05,S
2021-06-18T10:20:41,200.0,37.15,B
2021-06-18T10:20:03,500.0,37.15,B
2021-06-18T10:17:31,100.0,37.15,B
2021-06-18T10:16:58,900.0,37.15,B
2021-06-18T10:16:43,100.0,37.1,B
2021-06-18T10:15:59,100.0,37.1,S
2021-06-18T10:15:55,200.0,37.1,S
2021-06-18T10:10:08,500.0,37.15,B
2021-06-18T10:07:54,2600.0,37.15,B
2021-06-18T10:07:43,400.0,37.0,S
2021-06-18T10:07:43,900.0,37.0,S
2021-06-18T10:07:43,1200.0,37.05,S
2021-06-18T10:07:43,500.0,37.05,S
2021-06-18T10:06:19,800.0,37.1,S
2021-06-18T10:06:16,100.0,37.15,B
2021-06-18T10:05:37,300.0,37.15,B
2021-06-18T10:04:52,100.0,37.15,B
2021-06-18T09:57:58,100.0,37.15,B
2021-06-18T09:57:45,1600.0,37.15,B
2021-06-18T09:55:07,3100.0,37.15,S
2021-06-18T09:54:38,1700.0,37.15,S
2021-06-18T09:53:48,500.0,37.15,S
2021-06-18T09:53:34,5200.0,37.15,S
2021-06-18T09:53:11,100.0,37.2,B
2021-06-18T09:52:14,2000.0,37.15,B
2021-06-18T09:50:26,100.0,37.15,S
2021-06-18T09:50:21,200.0,37.15,S
2021-06-18T09:50:15,100.0,37.15,S
2021-06-18T09:50:04,500.0,37.15,S
2021-06-18T09:49:34,100.0,37.15,S
2021-06-18T09:47:10,1900.0,37.15,B
2021-06-18T09:45:47,100.0,37.15,B
2021-06-18T09:44:16,1400.0,37.15,S
2021-06-18T09:44:10,600.0,37.15,S
2021-06-18T09:43:13,100.0,37.2,B
2021-06-18T09:41:10,300.0,37.2,B
2021-06-18T09:41:10,2800.0,37.15,B
2021-06-18T09:41:02,3500.0,37.0,S
2021-06-18T09:38:50,300.0,37.15,B
2021-06-18T09:38:38,2900.0,37.0,S
2021-06-18T09:38:38,2100.0,37.0,S
2021-06-18T09:36:33,100.0,37.15,B
2021-06-18T09:33:39,400.0,37.15,B
2021-06-18T09:29:29,200.0,37.15,B
2021-06-18T09:29:13,2500.0,37.0,S
2021-06-18T09:29:05,10000.0,37.0,S
2021-06-18T09:28:50,300.0,37.0,S
2021-06-18T09:28:50,5000.0,37.0,S
2021-06-18T09:28:50,3600.0,37.0,S
2021-06-18T09:28:50,1000.0,37.0,S
2021-06-18T09:28:50,1500.0,37.0,S
2021-06-18T09:28:50,1100.0,37.05,S
2021-06-18T09:27:03,100.0,37.15,B
2021-06-18T09:24:40,1000.0,37.15,B
2021-06-18T09:22:53,1000.0,37.15,B
2021-06-18T09:16:59,200.0,37.15,B
2021-06-18T09:16:03,5000.0,37.0,B
