tradingTime,volume,price,side
2021-07-07T14:29:59,150000.0,9.0,S
2021-07-07T14:29:58,200.0,9.1,S
2021-07-07T14:29:36,8700.0,9.1,S
2021-07-07T14:29:22,1000.0,9.1,S
2021-07-07T14:28:48,24800.0,9.1,B
2021-07-07T14:28:43,2300.0,9.1,B
2021-07-07T14:28:40,1300.0,9.1,B
2021-07-07T14:28:00,2700.0,9.1,B
2021-07-07T14:27:59,700.0,9.1,B
2021-07-07T14:27:44,5000.0,9.1,B
2021-07-07T14:27:31,500.0,9.1,B
2021-07-07T14:27:27,800.0,9.0,S
2021-07-07T14:27:22,200.0,9.1,B
2021-07-07T14:27:18,100.0,9.1,B
2021-07-07T14:27:15,300.0,9.1,B
2021-07-07T14:26:44,6700.0,9.1,S
2021-07-07T14:26:39,3300.0,9.1,B
2021-07-07T14:26:37,26700.0,9.1,S
2021-07-07T14:26:23,600.0,9.1,S
2021-07-07T14:25:32,3200.0,9.1,S
2021-07-07T14:25:08,100.0,9.1,S
2021-07-07T14:24:55,100.0,9.1,S
2021-07-07T14:24:43,3000.0,9.1,B
2021-07-07T14:24:32,12300.0,9.1,S
2021-07-07T14:24:16,20000.0,9.1,S
2021-07-07T14:23:50,1000.0,9.1,S
2021-07-07T14:23:26,5900.0,9.1,S
2021-07-07T14:23:24,1000.0,9.1,S
2021-07-07T14:23:20,2000.0,9.1,S
2021-07-07T14:23:11,5800.0,9.1,S
2021-07-07T14:23:05,500.0,9.1,B
2021-07-07T14:22:43,16000.0,9.1,S
2021-07-07T14:22:37,3500.0,9.1,S
2021-07-07T14:21:55,1000.0,9.1,S
2021-07-07T14:21:55,100.0,9.1,S
2021-07-07T14:21:41,5000.0,9.1,S
2021-07-07T14:21:28,1900.0,9.1,B
2021-07-07T14:21:27,1000.0,9.1,B
2021-07-07T14:21:26,100.0,9.1,B
2021-07-07T14:21:05,5000.0,9.1,B
2021-07-07T14:21:02,8800.0,9.1,B
2021-07-07T14:20:44,200.0,9.1,B
2021-07-07T14:20:37,5100.0,9.1,S
2021-07-07T14:20:23,2000.0,9.1,S
2021-07-07T14:20:20,800.0,9.1,S
2021-07-07T14:20:01,500.0,9.1,S
2021-07-07T14:19:24,9500.0,9.1,B
2021-07-07T14:19:13,1000.0,9.1,B
2021-07-07T14:19:12,100.0,9.1,B
2021-07-07T14:19:04,500.0,9.1,B
2021-07-07T14:19:03,100.0,9.1,B
2021-07-07T14:19:02,10000.0,9.1,B
2021-07-07T14:18:58,1200.0,9.1,B
2021-07-07T14:18:58,300.0,9.1,B
2021-07-07T14:18:57,100.0,9.1,B
2021-07-07T14:18:54,2900.0,9.1,B
2021-07-07T14:18:54,2000.0,9.1,B
2021-07-07T14:18:37,4000.0,9.1,B
2021-07-07T14:18:35,500.0,9.1,B
2021-07-07T14:18:33,2000.0,9.1,B
2021-07-07T14:18:33,20000.0,9.1,B
2021-07-07T14:18:19,10000.0,9.1,B
2021-07-07T14:17:53,18000.0,9.1,B
2021-07-07T14:17:28,3700.0,9.1,B
2021-07-07T14:17:18,200.0,9.1,B
2021-07-07T14:17:12,24000.0,9.0,S
2021-07-07T14:17:01,2000.0,9.1,B
2021-07-07T14:16:48,5000.0,9.1,B
2021-07-07T14:16:22,100.0,9.1,B
2021-07-07T14:15:57,100.0,9.1,B
2021-07-07T14:15:52,400.0,9.1,B
2021-07-07T14:15:33,200.0,9.1,B
2021-07-07T14:15:21,200.0,9.1,B
2021-07-07T14:14:52,10000.0,9.1,B
2021-07-07T14:14:41,5400.0,9.1,B
2021-07-07T14:13:23,300.0,9.0,S
2021-07-07T14:13:19,3000.0,9.1,B
2021-07-07T14:13:07,12700.0,9.1,B
2021-07-07T14:12:11,300.0,9.1,B
2021-07-07T14:12:07,300.0,9.1,B
2021-07-07T14:11:51,300.0,9.1,B
2021-07-07T14:11:50,1300.0,9.1,B
2021-07-07T14:11:28,10000.0,9.1,B
2021-07-07T14:11:13,1000.0,9.1,B
2021-07-07T14:10:38,500.0,9.1,B
2021-07-07T14:10:06,400.0,9.1,B
2021-07-07T14:09:41,200.0,9.1,B
2021-07-07T14:09:38,2000.0,9.0,S
2021-07-07T14:09:20,1000.0,9.1,B
2021-07-07T14:08:57,300.0,9.1,B
2021-07-07T14:08:16,100.0,9.1,B
2021-07-07T14:08:02,100.0,9.1,B
2021-07-07T14:07:42,400.0,9.1,B
2021-07-07T14:07:40,500.0,9.1,B
2021-07-07T14:06:56,1000.0,9.1,B
2021-07-07T14:06:45,9000.0,9.1,B
2021-07-07T14:06:39,20000.0,9.1,B
2021-07-07T14:06:15,1000.0,9.1,B
2021-07-07T14:05:45,9000.0,9.0,S
2021-07-07T14:05:37,500.0,9.1,B
2021-07-07T14:05:28,500.0,9.1,B
2021-07-07T14:05:15,3000.0,9.1,B
2021-07-07T14:04:37,9000.0,9.1,B
2021-07-07T14:04:15,8100.0,9.1,B
2021-07-07T14:04:00,1400.0,9.1,B
2021-07-07T14:03:31,1000.0,9.1,B
2021-07-07T14:02:41,500.0,9.0,S
2021-07-07T14:02:38,1000.0,9.0,S
2021-07-07T14:02:12,3000.0,9.0,S
2021-07-07T14:02:00,20000.0,9.1,B
2021-07-07T14:01:28,10000.0,9.0,S
2021-07-07T14:01:21,1000.0,9.1,B
2021-07-07T14:01:15,1500.0,9.1,B
2021-07-07T13:59:59,500.0,9.1,B
2021-07-07T13:59:49,1000.0,9.1,B
2021-07-07T13:59:20,100.0,9.1,B
2021-07-07T13:59:10,300.0,9.0,S
2021-07-07T13:58:54,100.0,9.1,B
2021-07-07T13:58:23,1000.0,9.1,B
2021-07-07T13:58:12,1400.0,9.0,S
2021-07-07T13:58:09,1000.0,9.1,B
2021-07-07T13:57:34,300.0,9.1,B
2021-07-07T13:57:31,100.0,9.0,S
2021-07-07T13:57:17,100.0,9.1,B
2021-07-07T13:56:49,1600.0,9.1,B
2021-07-07T13:56:36,5000.0,9.1,B
2021-07-07T13:56:11,100.0,9.1,B
2021-07-07T13:56:07,100.0,9.1,B
2021-07-07T13:55:58,3000.0,9.1,B
2021-07-07T13:55:57,3400.0,9.0,S
2021-07-07T13:55:32,1400.0,9.1,S
2021-07-07T13:55:32,7500.0,9.1,S
2021-07-07T13:55:28,20000.0,9.1,S
2021-07-07T13:55:22,20000.0,9.1,S
2021-07-07T13:55:21,6400.0,9.1,S
2021-07-07T13:55:05,500.0,9.1,S
2021-07-07T13:54:44,300.0,9.1,S
2021-07-07T13:54:40,3000.0,9.1,S
2021-07-07T13:54:31,500.0,9.1,S
2021-07-07T13:53:57,2000.0,9.1,S
2021-07-07T13:53:49,500.0,9.1,S
2021-07-07T13:53:41,100.0,9.2,B
2021-07-07T13:53:17,1000.0,9.1,S
2021-07-07T13:53:04,1000.0,9.1,S
2021-07-07T13:52:48,400.0,9.2,B
2021-07-07T13:52:43,100.0,9.2,B
2021-07-07T13:51:58,1100.0,9.2,B
2021-07-07T13:51:53,100.0,9.2,B
2021-07-07T13:51:28,1000.0,9.2,B
2021-07-07T13:51:25,100.0,9.2,B
2021-07-07T13:51:23,200.0,9.2,B
2021-07-07T13:51:17,200.0,9.2,B
2021-07-07T13:51:08,300.0,9.2,B
2021-07-07T13:51:06,100.0,9.2,B
2021-07-07T13:51:02,100.0,9.2,B
2021-07-07T13:50:40,1800.0,9.2,B
2021-07-07T13:50:22,2500.0,9.2,B
2021-07-07T13:50:16,30000.0,9.2,S
2021-07-07T13:50:16,9000.0,9.3,B
2021-07-07T13:49:58,16000.0,9.3,B
2021-07-07T13:49:56,500.0,9.3,B
2021-07-07T13:49:53,100.0,9.3,B
2021-07-07T13:49:50,2000.0,9.3,B
2021-07-07T13:49:42,5000.0,9.3,B
2021-07-07T13:49:41,1000.0,9.3,B
2021-07-07T13:49:40,8300.0,9.3,B
2021-07-07T13:48:54,20000.0,9.3,B
2021-07-07T13:48:36,500.0,9.2,S
2021-07-07T13:48:07,100.0,9.2,S
2021-07-07T13:48:01,5000.0,9.2,S
2021-07-07T13:48:01,100.0,9.2,S
2021-07-07T13:47:53,800.0,9.2,B
2021-07-07T13:47:32,4200.0,9.2,S
2021-07-07T13:47:29,1700.0,9.2,B
2021-07-07T13:47:27,1000.0,9.2,B
2021-07-07T13:47:14,5000.0,9.2,B
2021-07-07T13:47:10,1300.0,9.2,B
2021-07-07T13:47:09,1000.0,9.2,B
2021-07-07T13:47:00,50000.0,9.2,B
2021-07-07T13:46:48,2000.0,9.2,B
2021-07-07T13:46:42,1300.0,9.2,B
2021-07-07T13:46:33,900.0,9.2,B
2021-07-07T13:46:29,1500.0,9.2,B
2021-07-07T13:46:21,1000.0,9.2,B
2021-07-07T13:46:11,5000.0,9.2,B
2021-07-07T13:46:00,1000.0,9.2,B
2021-07-07T13:45:50,100.0,9.2,B
2021-07-07T13:45:30,1000.0,9.2,B
2021-07-07T13:45:15,84000.0,9.2,B
2021-07-07T13:45:05,4000.0,9.1,S
2021-07-07T13:44:55,4000.0,9.1,S
2021-07-07T13:44:12,1800.0,9.1,S
2021-07-07T13:44:06,200.0,9.1,S
2021-07-07T13:43:55,3700.0,9.1,S
2021-07-07T13:43:53,200.0,9.2,B
2021-07-07T13:42:03,5000.0,9.1,S
2021-07-07T13:41:46,1400.0,9.1,S
2021-07-07T13:41:12,7900.0,9.1,S
2021-07-07T13:40:26,200.0,9.1,S
2021-07-07T13:40:04,1000.0,9.1,S
2021-07-07T13:39:58,800.0,9.1,B
2021-07-07T13:39:55,10000.0,9.1,B
2021-07-07T13:39:46,20000.0,9.1,B
2021-07-07T13:39:29,100000.0,9.1,B
2021-07-07T13:38:48,1000.0,9.0,S
2021-07-07T13:37:50,39700.0,9.0,S
2021-07-07T13:37:18,700.0,9.0,S
2021-07-07T13:36:54,2000.0,9.0,S
2021-07-07T13:36:02,10000.0,9.0,S
2021-07-07T13:35:56,200.0,9.0,S
2021-07-07T13:35:05,10100.0,9.0,S
2021-07-07T13:34:47,1000.0,9.1,B
2021-07-07T13:34:45,39100.0,9.1,B
2021-07-07T13:34:34,5800.0,9.0,S
2021-07-07T13:34:15,500.0,9.0,S
2021-07-07T13:34:03,54600.0,9.0,B
2021-07-07T13:33:54,500.0,9.0,B
2021-07-07T13:33:39,500.0,9.0,B
2021-07-07T13:33:38,1000.0,9.0,B
2021-07-07T13:33:34,100.0,9.0,B
2021-07-07T13:33:13,7100.0,9.0,S
2021-07-07T13:33:04,1100.0,9.0,S
2021-07-07T13:32:57,900.0,9.0,S
2021-07-07T13:32:09,1000.0,9.0,S
2021-07-07T13:31:54,3000.0,9.0,S
2021-07-07T13:30:53,5400.0,9.0,S
2021-07-07T13:30:21,2600.0,9.0,S
2021-07-07T13:30:05,500.0,9.0,B
2021-07-07T13:30:02,1000.0,9.0,B
2021-07-07T13:29:57,300.0,9.0,B
2021-07-07T13:29:53,2200.0,9.0,B
2021-07-07T13:29:42,2800.0,9.0,S
2021-07-07T13:29:41,2000.0,9.0,B
2021-07-07T13:29:31,200.0,9.0,B
2021-07-07T13:29:31,3000.0,9.0,B
2021-07-07T13:29:29,1200.0,9.0,B
2021-07-07T13:29:24,600.0,9.0,B
2021-07-07T13:29:14,700.0,9.0,S
2021-07-07T13:29:14,140000.0,9.0,S
2021-07-07T13:29:12,100.0,9.1,B
2021-07-07T13:29:09,1500.0,9.0,S
2021-07-07T13:28:42,500.0,9.0,S
2021-07-07T13:28:41,1000.0,9.0,S
2021-07-07T13:28:37,200.0,9.0,S
2021-07-07T13:28:32,1000.0,9.0,S
2021-07-07T13:28:19,2000.0,9.0,S
2021-07-07T13:28:19,1500.0,9.0,S
2021-07-07T13:27:31,1000.0,9.0,S
2021-07-07T13:27:30,5400.0,9.0,S
2021-07-07T13:27:28,2000.0,9.0,S
2021-07-07T13:26:59,1000.0,9.0,S
2021-07-07T13:26:57,5000.0,9.0,S
2021-07-07T13:26:54,2500.0,9.0,S
2021-07-07T13:26:46,5000.0,9.0,S
2021-07-07T13:26:37,900.0,9.0,S
2021-07-07T13:26:37,6300.0,9.0,S
2021-07-07T13:26:35,5000.0,9.0,S
2021-07-07T13:26:34,300.0,9.0,S
2021-07-07T13:26:20,100.0,9.0,S
2021-07-07T13:25:16,8000.0,9.0,S
2021-07-07T13:25:08,1600.0,9.0,S
2021-07-07T13:25:04,500.0,9.1,B
2021-07-07T13:24:47,10000.0,9.0,S
2021-07-07T13:24:32,100.0,9.1,B
2021-07-07T13:24:19,2000.0,9.0,S
2021-07-07T13:24:06,600.0,9.0,S
2021-07-07T13:23:46,500.0,9.0,S
2021-07-07T13:23:41,2000.0,9.0,S
2021-07-07T13:23:28,200.0,9.0,S
2021-07-07T13:23:26,1400.0,9.0,S
2021-07-07T13:23:24,1000.0,9.0,S
2021-07-07T13:23:23,1000.0,9.0,S
2021-07-07T13:23:20,2000.0,9.0,S
2021-07-07T13:23:19,100.0,9.1,B
2021-07-07T13:22:38,100.0,9.0,S
2021-07-07T13:22:27,9000.0,9.1,B
2021-07-07T13:22:11,100.0,9.1,B
2021-07-07T13:21:36,4000.0,9.1,B
2021-07-07T13:20:49,3000.0,9.1,B
2021-07-07T13:20:46,1000.0,9.0,S
2021-07-07T13:19:47,3000.0,9.1,B
2021-07-07T13:19:41,200.0,9.1,B
2021-07-07T13:19:33,1000.0,9.1,B
2021-07-07T13:19:18,5500.0,9.1,B
2021-07-07T13:19:14,5000.0,9.1,B
2021-07-07T13:19:09,1000.0,9.0,S
2021-07-07T13:18:50,1000.0,9.1,B
2021-07-07T13:18:41,100.0,9.1,B
2021-07-07T13:17:57,500.0,9.1,B
2021-07-07T13:17:52,20000.0,9.0,S
2021-07-07T13:17:51,200.0,9.1,B
2021-07-07T13:17:41,200.0,9.1,B
2021-07-07T13:17:26,50000.0,9.1,B
2021-07-07T13:17:12,7000.0,9.1,B
2021-07-07T13:17:09,1800.0,9.0,S
2021-07-07T13:17:08,200.0,9.1,B
2021-07-07T13:16:49,100.0,9.1,B
2021-07-07T13:16:46,100.0,9.1,B
2021-07-07T13:16:20,3000.0,9.1,B
2021-07-07T13:16:16,100.0,9.1,B
2021-07-07T13:16:07,1000.0,9.0,S
2021-07-07T13:16:06,900.0,9.1,B
2021-07-07T13:15:39,500.0,9.1,B
2021-07-07T13:15:30,700.0,9.1,B
2021-07-07T13:15:14,300.0,9.1,B
2021-07-07T13:15:12,600.0,9.0,S
2021-07-07T13:15:00,1500.0,9.1,B
2021-07-07T13:14:55,2000.0,9.1,B
2021-07-07T13:14:53,10000.0,9.1,B
2021-07-07T13:14:26,500.0,9.1,B
2021-07-07T13:13:46,100.0,9.1,B
2021-07-07T13:13:36,100.0,9.1,B
2021-07-07T13:13:10,9000.0,9.0,S
2021-07-07T13:13:01,5000.0,9.0,S
2021-07-07T13:12:36,10800.0,9.0,S
2021-07-07T13:12:23,500.0,9.0,S
2021-07-07T13:11:46,5000.0,9.0,S
2021-07-07T13:11:34,100.0,9.1,B
2021-07-07T13:11:34,3000.0,9.0,S
2021-07-07T13:11:16,200.0,9.0,S
2021-07-07T13:10:54,1000.0,9.0,S
2021-07-07T13:10:11,13900.0,9.0,S
2021-07-07T13:09:48,1800.0,9.0,S
2021-07-07T13:09:47,1000.0,9.1,B
2021-07-07T13:09:40,500.0,9.1,B
2021-07-07T13:09:37,1000.0,9.1,B
2021-07-07T13:08:34,100.0,9.1,B
2021-07-07T13:08:21,1000.0,9.1,B
2021-07-07T13:08:00,200.0,9.1,B
2021-07-07T13:07:30,100.0,9.1,B
2021-07-07T13:06:49,200.0,9.0,S
2021-07-07T13:06:48,3000.0,9.0,S
2021-07-07T13:06:28,200.0,9.0,S
2021-07-07T13:06:09,1500.0,9.0,S
2021-07-07T13:05:19,100.0,9.0,S
2021-07-07T13:05:14,3000.0,9.0,S
2021-07-07T13:02:49,500.0,9.0,S
2021-07-07T13:02:34,1200.0,9.0,S
2021-07-07T13:01:51,100.0,9.0,S
2021-07-07T13:01:34,600.0,9.0,S
2021-07-07T13:01:02,1000.0,9.0,S
2021-07-07T13:00:15,1000.0,9.0,S
2021-07-07T13:00:07,3200.0,9.0,S
2021-07-07T13:00:07,2000.0,9.0,S
2021-07-07T13:00:04,100.0,9.0,S
2021-07-07T13:00:03,100.0,9.1,B
2021-07-07T13:00:02,10300.0,9.0,S
2021-07-07T11:29:34,500.0,9.0,S
2021-07-07T11:29:10,100.0,9.0,S
2021-07-07T11:28:58,2900.0,9.0,S
2021-07-07T11:28:41,1000.0,9.0,S
2021-07-07T11:27:38,1000.0,9.0,S
2021-07-07T11:27:32,1000.0,9.0,S
2021-07-07T11:27:16,500.0,9.0,S
2021-07-07T11:26:52,46600.0,9.0,B
2021-07-07T11:26:41,300.0,9.0,B
2021-07-07T11:26:39,100.0,9.0,B
2021-07-07T11:26:20,5000.0,9.0,B
2021-07-07T11:26:09,3500.0,9.0,B
2021-07-07T11:25:57,100.0,9.0,B
2021-07-07T11:25:50,200.0,9.0,B
2021-07-07T11:25:39,10000.0,9.0,B
2021-07-07T11:25:33,2000.0,9.0,B
2021-07-07T11:25:31,4000.0,9.0,B
2021-07-07T11:25:21,1000.0,9.0,B
2021-07-07T11:25:18,100.0,9.0,B
2021-07-07T11:25:12,500.0,9.0,B
2021-07-07T11:24:41,1000.0,9.0,B
2021-07-07T11:24:17,100.0,9.0,B
2021-07-07T11:24:09,4000.0,9.0,B
2021-07-07T11:23:58,20000.0,9.0,B
2021-07-07T11:23:47,200.0,9.0,B
2021-07-07T11:23:24,50000.0,9.0,B
2021-07-07T11:23:24,3000.0,8.9,S
2021-07-07T11:23:07,100.0,9.0,B
2021-07-07T11:22:51,700.0,9.0,B
2021-07-07T11:22:00,200.0,9.0,B
2021-07-07T11:21:21,300.0,9.0,B
2021-07-07T11:20:33,200.0,9.0,B
2021-07-07T11:19:38,200.0,8.9,S
2021-07-07T11:19:17,49000.0,8.9,S
2021-07-07T11:19:00,1000.0,9.0,B
2021-07-07T11:18:29,2000.0,9.0,B
2021-07-07T11:18:00,2000.0,9.0,B
2021-07-07T11:17:56,200.0,9.0,B
2021-07-07T11:17:39,2000.0,8.9,S
2021-07-07T11:17:37,500.0,9.0,B
2021-07-07T11:17:26,100.0,9.0,B
2021-07-07T11:17:08,100.0,9.0,B
2021-07-07T11:16:57,200.0,9.0,B
2021-07-07T11:16:52,5000.0,9.0,B
2021-07-07T11:16:52,9700.0,8.9,S
2021-07-07T11:16:47,200.0,9.0,B
2021-07-07T11:16:41,200.0,9.0,B
2021-07-07T11:16:19,2900.0,9.0,B
2021-07-07T11:16:19,700.0,9.0,B
2021-07-07T11:16:07,1000.0,9.0,B
2021-07-07T11:16:06,200.0,9.0,B
2021-07-07T11:16:03,1000.0,9.0,B
2021-07-07T11:15:53,200.0,9.0,B
2021-07-07T11:14:55,1000.0,9.0,B
2021-07-07T11:14:33,500.0,8.9,S
2021-07-07T11:12:55,4800.0,8.9,S
2021-07-07T11:12:41,500.0,8.9,S
2021-07-07T11:12:33,8000.0,8.9,S
2021-07-07T11:12:26,1400.0,8.9,S
2021-07-07T11:12:25,10000.0,8.9,S
2021-07-07T11:12:06,200.0,8.9,S
2021-07-07T11:11:08,1000.0,8.9,S
2021-07-07T11:11:06,500.0,9.0,B
2021-07-07T11:10:46,5000.0,9.0,B
2021-07-07T11:10:21,800.0,9.0,B
2021-07-07T11:09:48,5000.0,8.9,S
2021-07-07T11:08:40,5000.0,8.9,S
2021-07-07T11:08:15,2000.0,8.9,S
2021-07-07T11:07:46,100.0,9.0,B
2021-07-07T11:07:40,900.0,8.9,S
2021-07-07T11:07:18,1000.0,8.9,S
2021-07-07T11:05:59,1900.0,9.0,B
2021-07-07T11:05:54,1200.0,8.9,S
2021-07-07T11:05:53,1000.0,8.9,S
2021-07-07T11:05:26,500.0,9.0,B
2021-07-07T11:05:13,100.0,9.0,B
2021-07-07T11:04:51,4000.0,9.0,B
2021-07-07T11:03:53,1500.0,9.0,B
2021-07-07T11:03:23,30000.0,9.0,B
2021-07-07T11:02:42,1000.0,9.0,B
2021-07-07T11:01:41,300.0,9.0,B
2021-07-07T11:01:40,100.0,9.0,B
2021-07-07T11:01:25,500.0,9.0,B
2021-07-07T11:01:25,13700.0,9.0,S
2021-07-07T11:01:09,5000.0,9.0,S
2021-07-07T11:01:04,23500.0,9.0,S
2021-07-07T11:00:34,1000.0,9.0,S
2021-07-07T11:00:31,3000.0,9.0,S
2021-07-07T11:00:11,1000.0,9.0,S
2021-07-07T10:59:46,500.0,9.0,S
2021-07-07T10:59:36,1000.0,9.0,S
2021-07-07T10:59:31,5500.0,9.0,S
2021-07-07T10:59:06,1400.0,9.0,S
2021-07-07T10:58:39,5000.0,9.0,S
2021-07-07T10:58:37,2000.0,9.0,S
2021-07-07T10:58:13,100.0,9.0,S
2021-07-07T10:57:30,500.0,9.0,S
2021-07-07T10:57:17,2000.0,9.0,S
2021-07-07T10:56:23,5000.0,9.0,S
2021-07-07T10:56:08,800.0,9.0,S
2021-07-07T10:55:56,100.0,9.0,S
2021-07-07T10:55:56,500.0,9.0,S
2021-07-07T10:54:46,4000.0,9.0,S
2021-07-07T10:53:20,5000.0,9.0,S
2021-07-07T10:53:10,200.0,9.0,S
2021-07-07T10:53:04,1200.0,9.0,S
2021-07-07T10:53:03,200.0,9.0,B
2021-07-07T10:53:02,400.0,9.0,B
2021-07-07T10:53:01,1200.0,9.0,B
2021-07-07T10:53:00,1000.0,9.0,B
2021-07-07T10:52:50,10000.0,9.0,B
2021-07-07T10:52:42,1300.0,9.0,B
2021-07-07T10:52:39,1500.0,9.0,B
2021-07-07T10:52:36,300.0,9.0,B
2021-07-07T10:52:29,2500.0,9.0,B
2021-07-07T10:52:28,900.0,9.0,B
2021-07-07T10:52:27,100.0,9.0,B
2021-07-07T10:52:26,1000.0,9.0,B
2021-07-07T10:52:24,1500.0,9.0,B
2021-07-07T10:52:23,2000.0,9.0,B
2021-07-07T10:52:23,2000.0,9.0,B
2021-07-07T10:52:20,500.0,9.0,B
2021-07-07T10:52:16,10000.0,9.0,B
2021-07-07T10:52:14,1000.0,9.0,B
2021-07-07T10:52:13,2000.0,9.0,B
2021-07-07T10:52:08,10000.0,9.0,B
2021-07-07T10:52:06,5000.0,9.0,B
2021-07-07T10:52:04,2000.0,9.0,B
2021-07-07T10:52:04,2000.0,9.0,B
2021-07-07T10:52:01,6000.0,9.0,B
2021-07-07T10:51:54,200.0,9.0,B
2021-07-07T10:51:52,100.0,9.0,B
2021-07-07T10:51:39,5000.0,9.0,B
2021-07-07T10:51:27,600.0,9.0,B
2021-07-07T10:51:11,1000.0,9.0,B
2021-07-07T10:51:07,100.0,9.0,B
2021-07-07T10:51:05,3300.0,9.0,B
2021-07-07T10:50:41,500.0,9.0,B
2021-07-07T10:50:04,500.0,9.0,B
2021-07-07T10:49:35,1400.0,9.0,B
2021-07-07T10:48:41,2000.0,9.0,B
2021-07-07T10:48:27,10000.0,9.0,B
2021-07-07T10:48:19,3000.0,9.0,B
2021-07-07T10:48:15,100.0,9.0,B
2021-07-07T10:48:14,1000.0,9.0,B
2021-07-07T10:48:11,1000.0,9.0,B
2021-07-07T10:48:07,1000.0,8.9,S
2021-07-07T10:48:03,200.0,9.0,B
2021-07-07T10:47:52,10000.0,9.0,B
2021-07-07T10:47:05,100.0,9.0,B
2021-07-07T10:47:03,1000.0,9.0,B
2021-07-07T10:46:47,2000.0,9.0,B
2021-07-07T10:46:35,300.0,9.0,B
2021-07-07T10:46:22,800.0,9.0,S
2021-07-07T10:46:20,100.0,9.0,S
2021-07-07T10:46:15,4900.0,9.0,S
2021-07-07T10:46:12,100.0,9.0,S
2021-07-07T10:46:09,1500.0,9.0,S
2021-07-07T10:46:07,1100.0,9.0,S
2021-07-07T10:46:06,5900.0,9.0,S
2021-07-07T10:46:03,200.0,9.0,S
2021-07-07T10:46:02,300.0,9.0,S
2021-07-07T10:45:58,6500.0,9.0,S
2021-07-07T10:45:54,19000.0,9.0,S
2021-07-07T10:45:53,10000.0,9.0,S
2021-07-07T10:45:50,1000.0,9.0,S
2021-07-07T10:45:46,10000.0,9.0,S
2021-07-07T10:45:44,4000.0,9.0,S
2021-07-07T10:45:43,55000.0,9.0,S
2021-07-07T10:45:41,4000.0,9.0,S
2021-07-07T10:45:39,1000.0,9.0,S
2021-07-07T10:45:39,2500.0,9.0,S
2021-07-07T10:45:32,6800.0,9.0,S
2021-07-07T10:45:28,92700.0,9.0,S
2021-07-07T10:44:56,2300.0,9.0,S
2021-07-07T10:44:45,10000.0,9.0,S
2021-07-07T10:44:06,10000.0,9.0,S
2021-07-07T10:43:46,40000.0,9.0,S
2021-07-07T10:43:13,13700.0,9.1,B
2021-07-07T10:42:59,4900.0,9.0,S
2021-07-07T10:42:51,3000.0,9.0,S
2021-07-07T10:42:50,1000.0,9.0,S
2021-07-07T10:42:29,300.0,9.0,S
2021-07-07T10:42:01,2700.0,9.0,S
2021-07-07T10:41:53,5000.0,9.0,S
2021-07-07T10:41:52,5000.0,9.0,S
2021-07-07T10:41:25,1000.0,9.0,S
2021-07-07T10:39:53,5000.0,9.1,B
2021-07-07T10:39:53,1100.0,9.1,B
2021-07-07T10:39:51,1000.0,9.1,B
2021-07-07T10:39:38,100.0,9.1,B
2021-07-07T10:39:08,100.0,9.1,B
2021-07-07T10:39:03,500.0,9.0,S
2021-07-07T10:38:59,20000.0,9.0,S
2021-07-07T10:38:44,100.0,9.0,S
2021-07-07T10:37:55,2000.0,9.0,S
2021-07-07T10:37:48,1000.0,9.0,S
2021-07-07T10:36:52,600.0,9.0,S
2021-07-07T10:35:32,200.0,9.0,S
2021-07-07T10:35:17,50100.0,9.0,S
2021-07-07T10:34:29,1500.0,9.0,S
2021-07-07T10:34:22,1000.0,9.1,B
2021-07-07T10:34:16,5000.0,9.0,S
2021-07-07T10:34:13,10000.0,9.0,S
2021-07-07T10:33:50,2000.0,9.0,S
2021-07-07T10:33:44,100.0,9.1,B
2021-07-07T10:33:08,2000.0,9.1,B
2021-07-07T10:32:53,700.0,9.1,B
2021-07-07T10:32:23,200.0,9.1,B
2021-07-07T10:31:59,1300.0,9.0,S
2021-07-07T10:31:30,2000.0,9.1,B
2021-07-07T10:30:53,500.0,9.0,S
2021-07-07T10:30:40,200.0,9.1,B
2021-07-07T10:30:38,500.0,9.1,B
2021-07-07T10:29:43,500.0,9.1,B
2021-07-07T10:29:32,13700.0,9.1,B
2021-07-07T10:29:16,1000.0,9.1,B
2021-07-07T10:29:11,2000.0,9.1,B
2021-07-07T10:29:04,2000.0,9.0,S
2021-07-07T10:28:10,100.0,9.1,B
2021-07-07T10:28:03,1000.0,9.1,B
2021-07-07T10:27:21,100.0,9.1,B
2021-07-07T10:26:52,400.0,9.1,B
2021-07-07T10:26:47,100.0,9.1,B
2021-07-07T10:26:30,300.0,9.1,B
2021-07-07T10:26:19,2000.0,9.1,B
2021-07-07T10:26:09,100.0,9.0,S
2021-07-07T10:25:46,200.0,9.1,B
2021-07-07T10:25:45,1000.0,9.1,B
2021-07-07T10:24:52,5000.0,9.0,S
2021-07-07T10:24:39,100.0,9.1,B
2021-07-07T10:24:37,8000.0,9.0,S
2021-07-07T10:24:29,1000.0,9.1,B
2021-07-07T10:23:56,200.0,9.0,S
2021-07-07T10:23:43,100.0,9.1,B
2021-07-07T10:22:57,10000.0,9.1,B
2021-07-07T10:22:46,500.0,9.1,B
2021-07-07T10:22:30,1000.0,9.1,B
2021-07-07T10:22:26,5300.0,9.0,S
2021-07-07T10:21:37,4000.0,9.0,S
2021-07-07T10:21:14,5000.0,9.0,S
2021-07-07T10:20:35,1000.0,9.1,B
2021-07-07T10:20:27,100.0,9.1,B
2021-07-07T10:19:56,1000.0,9.1,B
2021-07-07T10:19:52,100.0,9.1,B
2021-07-07T10:19:45,700.0,9.1,B
2021-07-07T10:19:15,2000.0,9.1,B
2021-07-07T10:19:07,300.0,9.1,B
2021-07-07T10:19:04,100.0,9.1,B
2021-07-07T10:18:57,900.0,9.1,B
2021-07-07T10:18:55,1000.0,9.1,B
2021-07-07T10:17:56,100.0,9.1,B
2021-07-07T10:17:50,100.0,9.0,S
2021-07-07T10:17:09,500.0,9.0,S
2021-07-07T10:16:23,300.0,9.1,B
2021-07-07T10:16:13,400.0,9.1,B
2021-07-07T10:15:55,100.0,9.1,B
2021-07-07T10:15:54,10000.0,9.1,B
2021-07-07T10:14:59,100.0,9.1,B
2021-07-07T10:14:51,800.0,9.1,B
2021-07-07T10:14:51,77400.0,9.0,S
2021-07-07T10:14:34,3000.0,9.1,S
2021-07-07T10:14:23,22600.0,9.1,S
2021-07-07T10:14:09,100.0,9.2,B
2021-07-07T10:13:36,10800.0,9.1,B
2021-07-07T10:13:24,200.0,9.1,B
2021-07-07T10:13:21,72800.0,9.1,S
2021-07-07T10:12:57,1000.0,9.2,B
2021-07-07T10:12:39,2000.0,9.1,S
2021-07-07T10:11:48,3000.0,9.2,B
2021-07-07T10:11:44,1000.0,9.1,S
2021-07-07T10:11:27,1000.0,9.1,S
2021-07-07T10:11:13,2000.0,9.1,S
2021-07-07T10:11:11,2000.0,9.2,B
2021-07-07T10:10:32,100.0,9.2,B
2021-07-07T10:10:09,4000.0,9.1,S
2021-07-07T10:10:03,900.0,9.1,S
2021-07-07T10:09:32,100.0,9.1,S
2021-07-07T10:09:24,100.0,9.2,B
2021-07-07T10:08:58,1000.0,9.2,B
2021-07-07T10:08:49,1000.0,9.1,S
2021-07-07T10:08:41,2000.0,9.1,S
2021-07-07T10:08:37,1000.0,9.1,S
2021-07-07T10:08:12,20000.0,9.1,S
2021-07-07T10:07:47,100.0,9.1,S
2021-07-07T10:07:42,5000.0,9.1,S
2021-07-07T10:07:40,2000.0,9.1,S
2021-07-07T10:07:36,5000.0,9.1,S
2021-07-07T10:07:23,700.0,9.1,S
2021-07-07T10:07:15,5800.0,9.1,S
2021-07-07T10:07:09,10000.0,9.1,S
2021-07-07T10:06:53,400.0,9.1,S
2021-07-07T10:06:46,1000.0,9.1,S
2021-07-07T10:06:18,4000.0,9.1,S
2021-07-07T10:06:04,1000.0,9.1,S
2021-07-07T10:06:02,30000.0,9.1,S
2021-07-07T10:05:49,1000.0,9.1,S
2021-07-07T10:05:47,500.0,9.1,S
2021-07-07T10:05:27,2000.0,9.1,S
2021-07-07T10:05:10,500.0,9.2,B
2021-07-07T10:04:44,500.0,9.1,S
2021-07-07T10:04:19,500.0,9.1,S
2021-07-07T10:04:14,4000.0,9.2,B
2021-07-07T10:04:08,700.0,9.1,S
2021-07-07T10:02:51,800.0,9.1,S
2021-07-07T10:02:16,100.0,9.2,B
2021-07-07T10:02:11,100.0,9.2,B
2021-07-07T10:02:06,1000.0,9.2,B
2021-07-07T10:01:47,200.0,9.2,B
2021-07-07T10:01:43,500.0,9.2,B
2021-07-07T10:01:36,1000.0,9.1,S
2021-07-07T10:01:24,200.0,9.1,S
2021-07-07T10:01:23,3000.0,9.1,S
2021-07-07T10:01:03,4000.0,9.2,B
2021-07-07T10:00:26,300.0,9.1,S
2021-07-07T10:00:15,37200.0,9.1,B
2021-07-07T10:00:03,60000.0,9.1,B
2021-07-07T10:00:03,2000.0,9.0,S
2021-07-07T09:59:59,100.0,9.1,B
2021-07-07T09:59:55,100.0,9.1,B
2021-07-07T09:59:52,9000.0,9.1,B
2021-07-07T09:59:52,10000.0,9.1,B
2021-07-07T09:59:42,5500.0,9.1,B
2021-07-07T09:59:40,300.0,9.1,B
2021-07-07T09:59:33,5000.0,9.1,B
2021-07-07T09:59:28,3900.0,9.1,B
2021-07-07T09:59:28,10200.0,9.1,B
2021-07-07T09:59:28,1000.0,9.1,B
2021-07-07T09:59:14,1000.0,9.1,B
2021-07-07T09:59:14,500.0,9.1,B
2021-07-07T09:59:05,9000.0,9.1,B
2021-07-07T09:58:55,500.0,9.1,B
2021-07-07T09:58:46,5000.0,9.1,B
2021-07-07T09:58:32,300.0,9.1,B
2021-07-07T09:58:12,1400.0,9.1,B
2021-07-07T09:58:04,1000.0,9.1,B
2021-07-07T09:58:01,5000.0,9.1,B
2021-07-07T09:57:52,4500.0,9.1,B
2021-07-07T09:57:44,200.0,9.1,B
2021-07-07T09:57:42,100.0,9.1,B
2021-07-07T09:57:33,800.0,9.1,B
2021-07-07T09:57:13,1000.0,9.1,B
2021-07-07T09:57:00,10000.0,9.1,B
2021-07-07T09:56:55,300.0,9.1,B
2021-07-07T09:56:44,2000.0,9.0,S
2021-07-07T09:56:41,10000.0,9.1,B
2021-07-07T09:56:30,1000.0,9.1,B
2021-07-07T09:56:29,1000.0,9.0,S
2021-07-07T09:56:29,8800.0,9.1,B
2021-07-07T09:56:17,1900.0,9.1,B
2021-07-07T09:56:11,2400.0,9.1,B
2021-07-07T09:55:59,1000.0,9.1,B
2021-07-07T09:55:57,1000.0,9.1,B
2021-07-07T09:55:51,5000.0,9.1,B
2021-07-07T09:55:41,200.0,9.1,B
2021-07-07T09:55:31,500.0,9.1,B
2021-07-07T09:55:31,10400.0,9.1,B
2021-07-07T09:55:29,100.0,9.1,B
2021-07-07T09:55:22,3000.0,9.1,B
2021-07-07T09:54:54,1000.0,9.1,B
2021-07-07T09:53:56,100.0,9.0,S
2021-07-07T09:53:50,200.0,9.0,S
2021-07-07T09:53:31,100.0,9.0,S
2021-07-07T09:52:52,20000.0,9.0,S
2021-07-07T09:52:51,200.0,9.0,S
2021-07-07T09:52:51,100.0,9.1,B
2021-07-07T09:52:49,2000.0,9.0,S
2021-07-07T09:52:48,900.0,9.0,S
2021-07-07T09:52:47,2200.0,9.1,B
2021-07-07T09:52:43,100.0,9.0,S
2021-07-07T09:51:59,200.0,9.0,S
2021-07-07T09:51:49,100.0,9.1,B
2021-07-07T09:51:40,100.0,9.1,B
2021-07-07T09:51:13,10000.0,9.0,S
2021-07-07T09:50:53,100.0,9.1,B
2021-07-07T09:50:50,5000.0,9.0,S
2021-07-07T09:50:48,100.0,9.0,S
2021-07-07T09:50:32,36000.0,9.0,S
2021-07-07T09:50:31,2000.0,9.0,S
2021-07-07T09:50:08,4800.0,9.0,S
2021-07-07T09:50:00,3000.0,9.0,S
2021-07-07T09:49:57,2000.0,9.0,S
2021-07-07T09:49:44,1000.0,9.0,S
2021-07-07T09:49:43,500.0,9.0,S
2021-07-07T09:49:26,1700.0,9.0,S
2021-07-07T09:49:23,1000.0,9.0,S
2021-07-07T09:49:20,10000.0,9.0,S
2021-07-07T09:48:18,9700.0,9.0,S
2021-07-07T09:48:05,1000.0,9.0,S
2021-07-07T09:47:51,5000.0,9.0,S
2021-07-07T09:47:50,1000.0,9.0,S
2021-07-07T09:47:43,100.0,9.0,S
2021-07-07T09:47:15,2200.0,9.0,S
2021-07-07T09:47:06,1500.0,9.0,S
2021-07-07T09:47:02,1000.0,9.0,S
2021-07-07T09:46:47,200.0,9.0,S
2021-07-07T09:46:25,5000.0,9.1,B
2021-07-07T09:46:19,500.0,9.1,B
2021-07-07T09:46:13,400.0,9.1,B
2021-07-07T09:46:07,100.0,9.1,B
2021-07-07T09:46:02,200.0,9.1,B
2021-07-07T09:45:36,3600.0,9.1,S
2021-07-07T09:45:29,26400.0,9.1,B
2021-07-07T09:45:05,500.0,9.1,B
2021-07-07T09:45:03,16000.0,9.1,S
2021-07-07T09:45:03,70000.0,9.1,S
2021-07-07T09:45:00,1700.0,9.1,S
2021-07-07T09:44:59,4000.0,9.1,S
2021-07-07T09:44:56,600.0,9.1,S
2021-07-07T09:44:48,1000.0,9.1,S
2021-07-07T09:44:38,10000.0,9.1,S
2021-07-07T09:44:28,6000.0,9.1,S
2021-07-07T09:44:27,700.0,9.1,S
2021-07-07T09:44:27,2000.0,9.1,S
2021-07-07T09:44:19,10000.0,9.1,S
2021-07-07T09:44:13,200.0,9.1,S
2021-07-07T09:44:12,200.0,9.2,B
2021-07-07T09:43:40,20000.0,9.1,S
2021-07-07T09:43:07,9900.0,9.2,B
2021-07-07T09:42:51,100.0,9.2,B
2021-07-07T09:42:47,1000.0,9.2,B
2021-07-07T09:42:23,300.0,9.2,B
2021-07-07T09:42:18,1000.0,9.1,S
2021-07-07T09:41:49,100.0,9.2,B
2021-07-07T09:41:44,2200.0,9.1,S
2021-07-07T09:41:27,900.0,9.2,B
2021-07-07T09:41:05,100.0,9.2,B
2021-07-07T09:40:54,1000.0,9.2,B
2021-07-07T09:40:45,900.0,9.2,B
2021-07-07T09:40:16,5000.0,9.2,B
2021-07-07T09:40:03,2000.0,9.1,S
2021-07-07T09:39:53,2000.0,9.2,B
2021-07-07T09:39:34,5000.0,9.2,B
2021-07-07T09:39:25,10000.0,9.2,B
2021-07-07T09:39:22,100.0,9.2,B
2021-07-07T09:39:18,20000.0,9.2,B
2021-07-07T09:39:10,5000.0,9.2,B
2021-07-07T09:39:07,5000.0,9.2,B
2021-07-07T09:39:05,1000.0,9.1,S
2021-07-07T09:38:31,200.0,9.1,S
2021-07-07T09:37:31,100.0,9.1,S
2021-07-07T09:37:01,3000.0,9.1,S
2021-07-07T09:36:49,40900.0,9.1,B
2021-07-07T09:36:30,100.0,9.1,B
2021-07-07T09:36:15,100.0,9.1,B
2021-07-07T09:36:13,100000.0,9.0,S
2021-07-07T09:36:05,10000.0,9.1,B
2021-07-07T09:35:57,15000.0,9.1,B
2021-07-07T09:35:49,600.0,9.0,S
2021-07-07T09:35:45,400.0,9.1,B
2021-07-07T09:35:42,500.0,9.1,B
2021-07-07T09:35:17,1100.0,9.1,B
2021-07-07T09:35:03,2200.0,9.1,B
2021-07-07T09:35:02,900.0,9.1,B
2021-07-07T09:35:00,500.0,9.1,B
2021-07-07T09:34:45,1000.0,9.1,B
2021-07-07T09:34:43,7000.0,9.1,B
2021-07-07T09:34:34,2000.0,9.1,B
2021-07-07T09:34:32,500.0,9.0,S
2021-07-07T09:34:24,500.0,9.1,B
2021-07-07T09:34:13,300.0,9.1,B
2021-07-07T09:34:06,10000.0,9.1,B
2021-07-07T09:34:05,5500.0,9.1,B
2021-07-07T09:33:52,2000.0,9.1,B
2021-07-07T09:33:29,500.0,9.0,S
2021-07-07T09:33:25,500.0,9.1,B
2021-07-07T09:33:17,500.0,9.1,B
2021-07-07T09:33:13,100.0,9.1,B
2021-07-07T09:33:12,300.0,9.0,S
2021-07-07T09:33:11,1000.0,9.1,B
2021-07-07T09:33:04,200.0,9.1,B
2021-07-07T09:32:57,1000.0,9.0,S
2021-07-07T09:32:52,400.0,9.0,S
2021-07-07T09:32:41,3000.0,9.0,B
2021-07-07T09:32:40,3000.0,9.0,B
2021-07-07T09:32:35,100.0,9.0,B
2021-07-07T09:32:34,500.0,9.0,B
2021-07-07T09:32:26,50000.0,9.0,B
2021-07-07T09:32:24,400.0,9.0,B
2021-07-07T09:31:58,200.0,8.9,S
2021-07-07T09:31:54,5000.0,9.0,B
2021-07-07T09:31:51,5000.0,8.9,S
2021-07-07T09:31:41,2000.0,8.9,S
2021-07-07T09:31:40,300.0,8.9,S
2021-07-07T09:31:27,1800.0,8.9,S
2021-07-07T09:31:13,7000.0,8.9,S
2021-07-07T09:31:06,1000.0,8.9,S
2021-07-07T09:31:01,2500.0,8.9,S
2021-07-07T09:30:59,600.0,8.9,S
2021-07-07T09:30:58,900.0,8.9,S
2021-07-07T09:30:56,3000.0,8.9,S
2021-07-07T09:30:52,7300.0,8.9,B
2021-07-07T09:30:52,1000.0,8.9,B
2021-07-07T09:30:50,2000.0,8.9,B
2021-07-07T09:30:39,100.0,8.9,B
2021-07-07T09:30:34,7000.0,8.9,B
2021-07-07T09:30:26,3000.0,8.8,S
2021-07-07T09:30:25,100.0,8.9,B
2021-07-07T09:30:16,1000.0,8.9,B
2021-07-07T09:30:15,1000.0,8.9,B
2021-07-07T09:30:10,10000.0,8.8,S
2021-07-07T09:30:03,1000.0,8.9,B
2021-07-07T09:29:59,200.0,8.8,S
2021-07-07T09:29:56,1300.0,8.8,S
2021-07-07T09:29:52,300.0,8.9,B
2021-07-07T09:29:51,10000.0,8.9,B
2021-07-07T09:29:48,1800.0,8.8,S
2021-07-07T09:29:48,200.0,8.9,B
2021-07-07T09:29:48,2000.0,8.9,B
2021-07-07T09:29:47,2000.0,8.8,S
2021-07-07T09:29:46,20000.0,8.8,S
2021-07-07T09:29:45,500.0,8.8,S
2021-07-07T09:29:37,1000.0,8.9,B
2021-07-07T09:29:34,5000.0,8.8,S
2021-07-07T09:29:34,300.0,8.8,S
2021-07-07T09:29:22,1000.0,8.8,S
2021-07-07T09:29:09,1000.0,8.8,S
2021-07-07T09:29:08,24000.0,8.8,S
2021-07-07T09:29:05,1000.0,8.9,B
2021-07-07T09:29:02,6900.0,8.9,B
2021-07-07T09:28:59,1000.0,8.9,B
2021-07-07T09:28:43,800.0,8.9,S
2021-07-07T09:28:41,300.0,8.9,S
2021-07-07T09:28:39,2500.0,8.9,S
2021-07-07T09:28:33,10000.0,8.9,S
2021-07-07T09:28:33,6500.0,9.0,B
2021-07-07T09:28:32,2500.0,8.9,S
2021-07-07T09:28:29,3000.0,8.9,S
2021-07-07T09:28:28,7000.0,8.9,S
2021-07-07T09:28:23,1000.0,8.9,S
2021-07-07T09:28:18,200.0,8.9,S
2021-07-07T09:28:15,1000.0,8.9,S
2021-07-07T09:28:14,900.0,8.9,S
2021-07-07T09:28:13,9000.0,8.9,S
2021-07-07T09:28:11,7400.0,8.9,S
2021-07-07T09:28:06,3000.0,9.0,B
2021-07-07T09:28:03,4000.0,8.9,S
2021-07-07T09:27:59,10000.0,8.9,S
2021-07-07T09:27:53,1400.0,9.0,B
2021-07-07T09:27:52,2500.0,8.9,S
2021-07-07T09:27:45,600.0,9.0,B
2021-07-07T09:27:37,1000.0,9.0,B
2021-07-07T09:27:28,200.0,9.0,B
2021-07-07T09:27:28,3000.0,9.0,B
2021-07-07T09:27:23,500.0,9.0,B
2021-07-07T09:27:22,100.0,9.0,B
2021-07-07T09:27:13,21900.0,9.0,S
2021-07-07T09:27:13,6500.0,9.0,S
2021-07-07T09:27:12,1700.0,9.0,S
2021-07-07T09:27:12,700.0,9.0,S
2021-07-07T09:27:11,100.0,9.0,S
2021-07-07T09:27:05,100.0,9.0,S
2021-07-07T09:27:05,3000.0,9.0,S
2021-07-07T09:27:03,11000.0,9.0,S
2021-07-07T09:27:03,33200.0,9.0,S
2021-07-07T09:27:02,10000.0,9.0,S
2021-07-07T09:27:00,500.0,9.0,S
2021-07-07T09:26:59,1200.0,9.0,S
2021-07-07T09:26:59,500.0,9.1,B
2021-07-07T09:26:57,200.0,9.0,S
2021-07-07T09:26:56,700.0,9.0,S
2021-07-07T09:26:55,200.0,9.0,S
2021-07-07T09:26:55,5000.0,9.0,S
2021-07-07T09:26:54,10000.0,9.0,S
2021-07-07T09:26:52,500.0,9.0,S
2021-07-07T09:26:51,5000.0,9.0,S
2021-07-07T09:26:45,2000.0,9.0,S
2021-07-07T09:26:43,300.0,9.0,S
2021-07-07T09:26:43,1000.0,9.0,S
2021-07-07T09:26:35,200.0,9.0,S
2021-07-07T09:26:31,400.0,9.0,S
2021-07-07T09:26:29,500.0,9.0,S
2021-07-07T09:26:26,4300.0,9.0,S
2021-07-07T09:26:24,1000.0,9.1,B
2021-07-07T09:26:24,1000.0,9.0,S
2021-07-07T09:26:19,7000.0,9.0,S
2021-07-07T09:26:17,15000.0,9.0,S
2021-07-07T09:26:16,1800.0,9.0,S
2021-07-07T09:26:14,3000.0,9.1,B
2021-07-07T09:26:14,500.0,9.0,S
2021-07-07T09:26:03,2000.0,9.0,S
2021-07-07T09:26:02,1500.0,9.0,S
2021-07-07T09:26:01,2000.0,9.0,S
2021-07-07T09:26:01,500.0,9.0,S
2021-07-07T09:25:58,1000.0,9.1,B
2021-07-07T09:25:57,200.0,9.0,S
2021-07-07T09:25:55,13400.0,9.0,S
2021-07-07T09:25:44,5000.0,9.0,S
2021-07-07T09:25:43,800.0,9.0,S
2021-07-07T09:25:41,200.0,9.0,S
2021-07-07T09:25:35,1000.0,9.0,S
2021-07-07T09:25:29,7000.0,9.0,S
2021-07-07T09:25:29,500.0,9.1,B
2021-07-07T09:25:18,600.0,9.1,B
2021-07-07T09:25:12,1000.0,9.1,B
2021-07-07T09:25:10,100.0,9.1,B
2021-07-07T09:25:06,7800.0,9.1,B
2021-07-07T09:25:03,700.0,9.1,S
2021-07-07T09:25:00,5000.0,9.1,S
2021-07-07T09:24:59,48000.0,9.1,B
2021-07-07T09:24:54,2000.0,9.1,B
2021-07-07T09:24:53,20000.0,9.0,S
2021-07-07T09:24:51,1200.0,9.1,S
2021-07-07T09:24:51,7100.0,9.1,S
2021-07-07T09:24:50,1000.0,9.1,S
2021-07-07T09:24:48,10000.0,9.1,S
2021-07-07T09:24:45,5000.0,9.1,S
2021-07-07T09:24:43,200.0,9.1,S
2021-07-07T09:24:39,50000.0,9.1,S
2021-07-07T09:24:35,2900.0,9.1,S
2021-07-07T09:24:28,3000.0,9.1,S
2021-07-07T09:24:27,400.0,9.1,S
2021-07-07T09:24:26,1000.0,9.1,S
2021-07-07T09:24:22,50000.0,9.1,S
2021-07-07T09:24:08,2000.0,9.1,S
2021-07-07T09:24:07,2000.0,9.1,S
2021-07-07T09:24:01,5000.0,9.1,S
2021-07-07T09:23:50,1000.0,9.1,S
2021-07-07T09:23:50,2000.0,9.1,S
2021-07-07T09:23:47,3000.0,9.2,B
2021-07-07T09:23:44,500.0,9.2,B
2021-07-07T09:23:42,1500.0,9.1,S
2021-07-07T09:23:41,40000.0,9.2,B
2021-07-07T09:23:17,10000.0,9.2,B
2021-07-07T09:23:17,500.0,9.2,B
2021-07-07T09:23:03,40000.0,9.2,B
2021-07-07T09:22:56,2000.0,9.2,B
2021-07-07T09:22:51,100.0,9.2,B
2021-07-07T09:22:50,14500.0,9.2,B
2021-07-07T09:22:45,500.0,9.2,S
2021-07-07T09:22:40,3000.0,9.2,S
2021-07-07T09:22:39,100.0,9.2,S
2021-07-07T09:22:34,1000.0,9.2,S
2021-07-07T09:22:29,3000.0,9.3,B
2021-07-07T09:22:24,300.0,9.2,S
2021-07-07T09:22:19,200.0,9.2,S
2021-07-07T09:22:10,2500.0,9.3,B
2021-07-07T09:21:59,1000.0,9.2,S
2021-07-07T09:21:55,10000.0,9.2,S
2021-07-07T09:21:53,2000.0,9.2,S
2021-07-07T09:21:52,300.0,9.2,S
2021-07-07T09:21:51,100.0,9.3,B
2021-07-07T09:21:50,5000.0,9.2,S
2021-07-07T09:21:48,2200.0,9.2,S
2021-07-07T09:21:41,400.0,9.2,S
2021-07-07T09:21:31,200.0,9.2,S
2021-07-07T09:21:30,38100.0,9.2,S
2021-07-07T09:21:28,700.0,9.3,B
2021-07-07T09:21:27,2500.0,9.2,S
2021-07-07T09:21:21,5000.0,9.3,B
2021-07-07T09:21:03,100.0,9.3,B
2021-07-07T09:20:58,500.0,9.3,B
2021-07-07T09:20:52,500.0,9.3,B
2021-07-07T09:20:34,2000.0,9.3,B
2021-07-07T09:20:21,1500.0,9.3,B
2021-07-07T09:20:15,100.0,9.3,B
2021-07-07T09:20:15,300.0,9.2,S
2021-07-07T09:20:13,400.0,9.3,B
2021-07-07T09:20:13,200.0,9.3,B
2021-07-07T09:20:04,5000.0,9.3,B
2021-07-07T09:20:03,1200.0,9.3,B
2021-07-07T09:20:01,27400.0,9.3,S
2021-07-07T09:19:56,2000.0,9.3,S
2021-07-07T09:19:54,3000.0,9.3,S
2021-07-07T09:19:54,2000.0,9.4,B
2021-07-07T09:19:51,100.0,9.4,B
2021-07-07T09:19:47,30000.0,9.3,S
2021-07-07T09:19:45,5000.0,9.4,B
2021-07-07T09:19:32,500.0,9.4,B
2021-07-07T09:19:29,500.0,9.4,B
2021-07-07T09:19:15,400.0,9.4,B
2021-07-07T09:19:13,500.0,9.3,S
2021-07-07T09:18:45,2000.0,9.4,B
2021-07-07T09:18:43,2000.0,9.4,B
2021-07-07T09:18:43,1000.0,9.4,B
2021-07-07T09:18:23,200.0,9.4,B
2021-07-07T09:18:16,7000.0,9.4,B
2021-07-07T09:18:15,1000.0,9.4,B
2021-07-07T09:18:14,1000.0,9.4,B
2021-07-07T09:18:10,100.0,9.3,S
2021-07-07T09:18:09,100.0,9.4,B
2021-07-07T09:18:09,200.0,9.4,B
2021-07-07T09:18:06,100.0,9.4,B
2021-07-07T09:17:52,1000.0,9.4,B
2021-07-07T09:17:51,200.0,9.4,B
2021-07-07T09:17:48,4100.0,9.3,S
2021-07-07T09:17:45,979900.0,9.4,B
2021-07-07T09:17:32,1900.0,9.4,B
2021-07-07T09:17:31,100.0,9.3,S
2021-07-07T09:17:11,200.0,9.3,S
2021-07-07T09:16:52,200.0,9.3,S
2021-07-07T09:16:50,5000.0,9.3,S
2021-07-07T09:16:36,3000.0,9.3,S
2021-07-07T09:16:30,100.0,9.3,S
2021-07-07T09:16:27,30500.0,9.3,B
2021-07-07T09:16:21,1400.0,9.3,B
2021-07-07T09:16:18,1000.0,9.3,B
2021-07-07T09:16:08,300.0,9.3,B
2021-07-07T09:15:54,300.0,9.3,B
2021-07-07T09:15:50,21500.0,9.3,B
2021-07-07T09:15:46,500.0,9.3,B
2021-07-07T09:15:34,300.0,9.3,B
2021-07-07T09:15:29,1000.0,9.3,B
2021-07-07T09:15:24,1400.0,9.3,B
2021-07-07T09:15:20,1000.0,9.3,B
2021-07-07T09:15:01,100.0,9.3,B
2021-07-07T09:15:00,100.0,9.3,B
2021-07-07T09:14:59,1000.0,9.3,B
2021-07-07T09:14:58,7100.0,9.3,B
2021-07-07T09:14:58,200.0,9.3,B
2021-07-07T09:14:54,500.0,9.3,B
2021-07-07T09:14:49,500.0,9.3,B
2021-07-07T09:14:43,1000.0,9.3,B
2021-07-07T09:14:30,2000.0,9.3,B
2021-07-07T09:14:25,2800.0,9.3,B
2021-07-07T09:14:23,100.0,9.2,S
2021-07-07T09:14:21,200.0,9.3,B
2021-07-07T09:14:13,100.0,9.3,B
2021-07-07T09:14:08,1000.0,9.3,B
2021-07-07T09:13:58,800.0,9.3,B
2021-07-07T09:13:56,100.0,9.3,B
2021-07-07T09:13:41,5000.0,9.3,B
2021-07-07T09:13:17,5000.0,9.3,B
2021-07-07T09:13:17,2800.0,9.3,B
2021-07-07T09:13:14,500.0,9.3,B
2021-07-07T09:13:09,500.0,9.3,B
2021-07-07T09:12:52,1800.0,9.3,B
2021-07-07T09:12:51,19100.0,9.3,B
2021-07-07T09:12:32,500.0,9.3,B
2021-07-07T09:12:10,10000.0,9.2,S
2021-07-07T09:12:01,400.0,9.2,S
2021-07-07T09:11:49,3000.0,9.3,B
2021-07-07T09:11:41,100.0,9.2,S
2021-07-07T09:11:38,100.0,9.3,B
2021-07-07T09:11:31,300.0,9.3,B
2021-07-07T09:11:16,3000.0,9.2,S
2021-07-07T09:11:12,2000.0,9.2,S
2021-07-07T09:10:50,1000.0,9.2,S
2021-07-07T09:10:49,2000.0,9.2,S
2021-07-07T09:10:45,1000.0,9.3,B
2021-07-07T09:10:34,1000.0,9.2,S
2021-07-07T09:10:34,4000.0,9.2,S
2021-07-07T09:10:29,5400.0,9.2,S
2021-07-07T09:10:22,1000.0,9.2,B
2021-07-07T09:10:20,1300.0,9.2,B
2021-07-07T09:10:14,500.0,9.2,B
2021-07-07T09:10:13,5000.0,9.2,B
2021-07-07T09:10:00,500.0,9.2,B
2021-07-07T09:09:58,3000.0,9.2,B
2021-07-07T09:09:56,100.0,9.1,S
2021-07-07T09:09:54,500.0,9.1,S
2021-07-07T09:09:52,100.0,9.2,B
2021-07-07T09:09:48,100.0,9.2,B
2021-07-07T09:09:47,3000.0,9.1,S
2021-07-07T09:09:45,100.0,9.2,B
2021-07-07T09:09:44,2200.0,9.2,B
2021-07-07T09:09:40,100.0,9.2,B
2021-07-07T09:09:38,6000.0,9.2,S
2021-07-07T09:09:29,200.0,9.3,B
2021-07-07T09:09:27,500.0,9.3,B
2021-07-07T09:09:25,1000.0,9.2,S
2021-07-07T09:09:12,13800.0,9.2,S
2021-07-07T09:08:51,5000.0,9.3,B
2021-07-07T09:08:50,100.0,9.3,B
2021-07-07T09:08:47,26500.0,9.3,B
2021-07-07T09:08:38,5200.0,9.3,S
2021-07-07T09:08:35,2000.0,9.3,S
2021-07-07T09:08:34,2000.0,9.3,S
2021-07-07T09:08:26,100.0,9.4,B
2021-07-07T09:08:24,19900.0,9.3,S
2021-07-07T09:08:22,200.0,9.4,B
2021-07-07T09:08:19,6000.0,9.3,S
2021-07-07T09:08:17,2700.0,9.3,S
2021-07-07T09:08:12,800.0,9.4,B
2021-07-07T09:08:11,300.0,9.4,B
2021-07-07T09:08:07,29000.0,9.4,S
2021-07-07T09:08:07,30000.0,9.4,S
2021-07-07T09:08:05,200.0,9.4,S
2021-07-07T09:08:01,2000.0,9.4,S
2021-07-07T09:07:54,500.0,9.4,S
2021-07-07T09:07:52,10000.0,9.4,S
2021-07-07T09:07:45,5000.0,9.4,S
2021-07-07T09:07:45,300.0,9.4,S
2021-07-07T09:07:43,2800.0,9.4,S
2021-07-07T09:07:31,10000.0,9.4,S
2021-07-07T09:07:29,1000.0,9.5,B
2021-07-07T09:07:29,100.0,9.4,S
2021-07-07T09:07:27,10000.0,9.5,B
2021-07-07T09:07:23,100.0,9.5,B
2021-07-07T09:07:21,6000.0,9.4,S
2021-07-07T09:07:21,1000.0,9.5,B
2021-07-07T09:07:10,100.0,9.4,S
2021-07-07T09:07:09,3000.0,9.5,B
2021-07-07T09:07:07,200.0,9.5,B
2021-07-07T09:07:06,2000.0,9.5,B
2021-07-07T09:07:06,200.0,9.5,B
2021-07-07T09:07:04,1000.0,9.5,B
2021-07-07T09:07:04,5000.0,9.5,B
2021-07-07T09:07:01,400.0,9.5,B
2021-07-07T09:07:01,1300.0,9.5,B
2021-07-07T09:06:59,10100.0,9.5,B
2021-07-07T09:06:54,1500.0,9.5,B
2021-07-07T09:06:52,4000.0,9.5,B
2021-07-07T09:06:52,2000.0,9.5,B
2021-07-07T09:06:50,2000.0,9.5,B
2021-07-07T09:06:50,200.0,9.5,B
2021-07-07T09:06:47,5000.0,9.5,B
2021-07-07T09:06:45,3000.0,9.5,B
2021-07-07T09:06:42,10100.0,9.5,B
2021-07-07T09:06:38,300.0,9.5,B
2021-07-07T09:06:35,5000.0,9.5,B
2021-07-07T09:06:33,5000.0,9.5,B
2021-07-07T09:06:26,1000.0,9.5,B
2021-07-07T09:06:20,2000.0,9.5,B
2021-07-07T09:06:17,3500.0,9.5,B
2021-07-07T09:06:13,51000.0,9.4,S
2021-07-07T09:06:12,2000.0,9.4,S
2021-07-07T09:06:10,5000.0,9.5,B
2021-07-07T09:06:06,2000.0,9.5,B
2021-07-07T09:06:05,1900.0,9.5,B
2021-07-07T09:06:04,10000.0,9.5,B
2021-07-07T09:06:00,5000.0,9.5,B
2021-07-07T09:05:58,500.0,9.5,B
2021-07-07T09:05:55,3100.0,9.5,B
2021-07-07T09:05:53,800.0,9.4,S
2021-07-07T09:05:52,5100.0,9.4,S
2021-07-07T09:05:46,50000.0,9.5,B
2021-07-07T09:05:42,7500.0,9.4,S
2021-07-07T09:05:39,41800.0,9.4,S
2021-07-07T09:05:39,8200.0,9.4,S
2021-07-07T09:05:34,1300.0,9.4,S
2021-07-07T09:05:32,7000.0,9.4,B
2021-07-07T09:05:31,400.0,9.4,B
2021-07-07T09:05:29,500.0,9.4,B
2021-07-07T09:05:28,100.0,9.4,B
2021-07-07T09:05:28,100.0,9.4,B
2021-07-07T09:05:27,3200.0,9.4,B
2021-07-07T09:05:24,50000.0,9.4,B
2021-07-07T09:05:24,1000.0,9.4,B
2021-07-07T09:05:21,200.0,9.4,B
2021-07-07T09:05:20,2000.0,9.4,B
2021-07-07T09:05:17,5000.0,9.4,B
2021-07-07T09:05:15,100.0,9.4,B
2021-07-07T09:05:11,600.0,9.4,B
2021-07-07T09:05:10,1000.0,9.3,S
2021-07-07T09:05:09,1200.0,9.4,B
2021-07-07T09:05:07,100.0,9.4,B
2021-07-07T09:05:06,400.0,9.4,B
2021-07-07T09:05:00,1100.0,9.4,B
2021-07-07T09:04:59,100.0,9.4,B
2021-07-07T09:04:57,100.0,9.4,B
2021-07-07T09:04:57,200.0,9.4,B
2021-07-07T09:04:52,1000.0,9.4,B
2021-07-07T09:04:52,200.0,9.4,B
2021-07-07T09:04:48,3000.0,9.4,B
2021-07-07T09:04:40,100.0,9.4,B
2021-07-07T09:04:40,5000.0,9.4,B
2021-07-07T09:04:35,400.0,9.4,B
2021-07-07T09:04:34,3000.0,9.3,S
2021-07-07T09:04:34,400.0,9.4,B
2021-07-07T09:04:31,200.0,9.4,B
2021-07-07T09:04:25,3000.0,9.4,B
2021-07-07T09:04:11,12000.0,9.3,S
2021-07-07T09:04:10,500.0,9.4,B
2021-07-07T09:04:02,100.0,9.4,B
2021-07-07T09:04:01,5000.0,9.3,S
2021-07-07T09:04:01,600.0,9.4,B
2021-07-07T09:04:00,200.0,9.4,B
2021-07-07T09:03:52,100.0,9.3,S
2021-07-07T09:03:50,34300.0,9.3,S
2021-07-07T09:03:38,400.0,9.3,B
2021-07-07T09:03:31,2600.0,9.3,S
2021-07-07T09:03:25,400.0,9.3,B
2021-07-07T09:03:22,600.0,9.3,S
2021-07-07T09:03:14,1400.0,9.2,B
2021-07-07T09:03:09,100.0,9.2,B
2021-07-07T09:03:03,200.0,9.1,S
2021-07-07T09:03:02,3500.0,9.2,S
2021-07-07T09:03:00,200.0,9.3,S
2021-07-07T09:03:00,12000.0,9.2,S
2021-07-07T09:02:50,4000.0,9.2,S
2021-07-07T09:02:43,10000.0,9.3,B
2021-07-07T09:02:41,6100.0,9.2,B
2021-07-07T09:02:36,800.0,9.2,B
2021-07-07T09:02:22,5000.0,9.1,S
2021-07-07T09:02:10,2600.0,9.1,B
2021-07-07T09:02:09,2000.0,9.1,B
2021-07-07T09:02:07,2000.0,9.1,B
2021-07-07T09:02:06,6500.0,9.1,B
2021-07-07T09:02:01,200.0,9.1,B
2021-07-07T09:01:54,500.0,9.1,B
2021-07-07T09:01:41,100.0,9.1,B
2021-07-07T09:01:35,30000.0,9.0,S
2021-07-07T09:01:30,2000.0,9.1,S
2021-07-07T09:01:24,9400.0,9.1,S
2021-07-07T09:01:14,3200.0,9.0,S
2021-07-07T09:01:13,10000.0,9.0,B
2021-07-07T09:01:12,1000.0,9.0,B
2021-07-07T09:01:12,100.0,9.0,B
2021-07-07T09:01:05,1000.0,9.0,B
2021-07-07T09:00:48,500.0,9.0,B
2021-07-07T09:00:45,5100.0,9.0,B
2021-07-07T09:00:40,200.0,9.0,B
2021-07-07T09:00:40,2300.0,9.0,S
2021-07-07T09:00:35,2000.0,9.1,B
2021-07-07T09:00:35,10000.0,9.1,B
2021-07-07T09:00:33,2000.0,9.1,B
2021-07-07T09:00:30,200.0,9.0,S
2021-07-07T09:00:30,500.0,9.1,B
2021-07-07T09:00:25,1000.0,9.1,B
2021-07-07T09:00:20,700.0,9.1,B
2021-07-07T09:00:19,10000.0,8.9,S
2021-07-07T09:00:19,400.0,9.1,B
2021-07-07T09:00:15,1100.0,9.1,B
2021-07-07T09:00:15,3200.0,9.0,S
2021-07-07T09:00:13,1000.0,9.1,B
2021-07-07T09:00:13,12600.0,9.1,S
2021-07-07T09:00:13,3800.0,9.1,B
2021-07-07T09:00:10,1200.0,9.1,B
2021-07-07T09:00:08,10600.0,9.0,S
2021-07-07T09:00:08,100.0,9.1,S
2021-07-07T09:00:08,300.0,9.1,S
2021-07-07T09:00:05,3000.0,9.1,S
