tradingTime,volume,price,side
2021-07-07T14:29:48,5000.0,29.0,B
2021-07-07T14:29:33,1000.0,29.0,B
2021-07-07T14:28:39,500.0,28.9,S
2021-07-07T14:28:39,100.0,29.0,B
2021-07-07T14:28:38,1000.0,29.0,B
2021-07-07T14:28:37,4200.0,28.9,S
2021-07-07T14:28:37,500.0,28.95,S
2021-07-07T14:28:25,200.0,29.0,B
2021-07-07T14:28:22,1000.0,28.9,S
2021-07-07T14:27:55,5000.0,28.9,S
2021-07-07T14:27:54,15200.0,28.95,B
2021-07-07T14:27:40,1900.0,28.9,B
2021-07-07T14:27:40,1000.0,28.9,B
2021-07-07T14:27:37,500.0,28.9,B
2021-07-07T14:27:23,400.0,28.85,S
2021-07-07T14:27:07,500.0,28.9,B
2021-07-07T14:27:06,2000.0,28.9,B
2021-07-07T14:26:53,1000.0,28.9,B
2021-07-07T14:26:43,2000.0,28.9,B
2021-07-07T14:26:41,900.0,28.9,B
2021-07-07T14:26:37,2000.0,28.9,B
2021-07-07T14:26:25,100.0,28.9,B
2021-07-07T14:26:16,1600.0,28.85,S
2021-07-07T14:25:54,100.0,28.85,S
2021-07-07T14:25:53,200.0,28.85,B
2021-07-07T14:25:42,3500.0,28.85,B
2021-07-07T14:25:42,100.0,28.85,B
2021-07-07T14:25:28,5000.0,28.85,B
2021-07-07T14:25:21,1000.0,28.85,B
2021-07-07T14:25:11,1000.0,28.85,B
2021-07-07T14:24:59,200.0,28.85,S
2021-07-07T14:24:59,1200.0,28.85,S
2021-07-07T14:24:59,300.0,28.85,S
2021-07-07T14:24:59,2500.0,28.85,S
2021-07-07T14:24:36,1000.0,28.85,S
2021-07-07T14:24:26,1800.0,28.85,S
2021-07-07T14:24:11,1300.0,28.85,S
2021-07-07T14:23:25,500.0,28.85,S
2021-07-07T14:23:08,300.0,28.85,S
2021-07-07T14:23:00,700.0,28.85,S
2021-07-07T14:22:59,200.0,28.85,S
2021-07-07T14:22:57,17200.0,28.85,B
2021-07-07T14:22:40,12800.0,28.85,S
2021-07-07T14:21:26,2000.0,28.85,S
2021-07-07T14:21:25,1300.0,28.85,B
2021-07-07T14:21:06,100.0,28.8,S
2021-07-07T14:20:31,1000.0,28.85,S
2021-07-07T14:20:17,3700.0,28.8,S
2021-07-07T14:20:17,200.0,28.8,S
2021-07-07T14:20:17,500.0,28.8,S
2021-07-07T14:20:17,15600.0,28.8,S
2021-07-07T14:19:48,1200.0,28.85,B
2021-07-07T14:19:46,400.0,28.85,B
2021-07-07T14:19:31,300.0,28.85,B
2021-07-07T14:19:11,2100.0,28.85,S
2021-07-07T14:19:07,500.0,28.85,S
2021-07-07T14:18:29,500.0,28.85,S
2021-07-07T14:18:10,2000.0,28.85,S
2021-07-07T14:18:10,1000.0,28.85,S
2021-07-07T14:17:08,1000.0,28.8,S
2021-07-07T14:17:08,14000.0,28.8,S
2021-07-07T14:16:49,3400.0,28.95,B
2021-07-07T14:16:05,1000.0,28.95,B
2021-07-07T14:16:01,2000.0,28.9,S
2021-07-07T14:15:54,300.0,28.8,S
2021-07-07T14:15:49,4700.0,28.8,S
2021-07-07T14:15:14,1000.0,28.8,S
2021-07-07T14:14:38,4600.0,28.9,B
2021-07-07T14:14:31,1600.0,28.9,S
2021-07-07T14:14:19,1500.0,28.9,S
2021-07-07T14:14:14,100.0,28.9,S
2021-07-07T14:14:13,3700.0,28.9,S
2021-07-07T14:12:31,100.0,28.95,B
2021-07-07T14:11:40,500.0,28.95,B
2021-07-07T14:11:38,300.0,28.95,B
2021-07-07T14:11:14,500.0,28.95,B
2021-07-07T14:10:44,5000.0,29.0,B
2021-07-07T14:10:30,11200.0,28.9,S
2021-07-07T14:10:09,5000.0,29.0,B
2021-07-07T14:10:03,200.0,28.9,S
2021-07-07T14:09:55,1300.0,28.9,S
2021-07-07T14:09:35,600.0,28.9,S
2021-07-07T14:09:22,3000.0,28.9,B
2021-07-07T14:09:02,1700.0,28.9,B
2021-07-07T14:08:37,3400.0,28.9,B
2021-07-07T14:08:35,2800.0,28.9,B
2021-07-07T14:08:35,200.0,28.9,S
2021-07-07T14:08:35,300.0,28.9,S
2021-07-07T14:08:35,300.0,28.9,S
2021-07-07T14:07:58,500.0,28.9,S
2021-07-07T14:07:48,400.0,28.9,S
2021-07-07T14:07:13,100.0,29.0,B
2021-07-07T14:06:33,100.0,28.9,S
2021-07-07T14:06:11,2600.0,28.9,S
2021-07-07T14:05:59,300.0,28.9,S
2021-07-07T14:05:51,100.0,28.9,S
2021-07-07T14:05:39,1000.0,29.0,B
2021-07-07T14:05:08,300.0,28.9,S
2021-07-07T14:04:12,400.0,28.9,S
2021-07-07T14:03:56,2500.0,29.0,B
2021-07-07T14:02:55,200.0,28.8,S
2021-07-07T14:02:30,500.0,29.0,B
2021-07-07T14:02:23,300.0,28.8,S
2021-07-07T14:02:22,100.0,28.8,S
2021-07-07T14:02:13,1000.0,28.8,S
2021-07-07T14:02:04,100.0,28.8,S
2021-07-07T14:01:21,2200.0,28.8,S
2021-07-07T14:01:21,1300.0,28.8,S
2021-07-07T14:01:21,1500.0,28.9,S
2021-07-07T14:01:20,500.0,28.9,S
2021-07-07T14:01:20,4500.0,28.9,S
2021-07-07T14:01:07,10000.0,29.0,B
2021-07-07T14:00:29,8400.0,29.0,S
2021-07-07T13:59:32,200.0,29.0,S
2021-07-07T13:59:23,200.0,29.0,S
2021-07-07T13:58:30,400.0,29.0,B
2021-07-07T13:58:30,5700.0,29.0,B
2021-07-07T13:57:36,10000.0,28.9,S
2021-07-07T13:56:42,300.0,28.95,S
2021-07-07T13:56:36,1000.0,29.0,B
2021-07-07T13:56:02,300.0,29.0,B
2021-07-07T13:55:31,2000.0,29.0,B
2021-07-07T13:55:03,6500.0,29.0,B
2021-07-07T13:54:54,3300.0,29.0,S
2021-07-07T13:54:49,500.0,29.0,S
2021-07-07T13:54:46,300.0,29.0,S
2021-07-07T13:54:43,2000.0,29.0,S
2021-07-07T13:54:32,1200.0,29.0,S
2021-07-07T13:54:32,100.0,29.0,S
2021-07-07T13:54:32,6000.0,29.0,S
2021-07-07T13:54:32,1500.0,29.0,S
2021-07-07T13:54:32,400.0,29.0,S
2021-07-07T13:54:05,500.0,29.1,B
2021-07-07T13:54:02,2900.0,29.0,S
2021-07-07T13:53:57,200.0,29.0,S
2021-07-07T13:53:52,300.0,29.0,S
2021-07-07T13:53:44,7100.0,29.0,S
2021-07-07T13:53:40,15000.0,29.0,S
2021-07-07T13:53:26,300.0,29.0,S
2021-07-07T13:53:26,1300.0,29.0,S
2021-07-07T13:53:26,700.0,29.0,S
2021-07-07T13:53:22,1000.0,29.0,S
2021-07-07T13:53:13,1700.0,29.0,S
2021-07-07T13:53:13,10500.0,29.0,S
2021-07-07T13:53:05,400.0,29.0,S
2021-07-07T13:52:48,5000.0,29.0,S
2021-07-07T13:52:42,2000.0,29.0,S
2021-07-07T13:52:08,6400.0,29.0,S
2021-07-07T13:52:08,11600.0,29.05,S
2021-07-07T13:51:33,300.0,29.2,S
2021-07-07T13:51:33,500.0,29.2,S
2021-07-07T13:51:33,400.0,29.25,B
2021-07-07T13:51:33,500.0,29.25,S
2021-07-07T13:51:33,1400.0,29.25,S
2021-07-07T13:51:30,2000.0,29.25,S
2021-07-07T13:51:23,5000.0,29.25,S
2021-07-07T13:51:21,3100.0,29.3,B
2021-07-07T13:51:14,5000.0,29.25,S
2021-07-07T13:51:10,300.0,29.25,S
2021-07-07T13:51:07,3500.0,29.25,S
2021-07-07T13:51:02,3000.0,29.25,S
2021-07-07T13:50:54,200.0,29.3,B
2021-07-07T13:50:30,2800.0,29.3,B
2021-07-07T13:50:30,1300.0,29.3,S
2021-07-07T13:50:25,100.0,29.35,B
2021-07-07T13:50:01,10000.0,29.3,B
2021-07-07T13:50:01,5200.0,29.3,B
2021-07-07T13:50:01,500.0,29.3,B
2021-07-07T13:50:01,3500.0,29.3,B
2021-07-07T13:49:42,200.0,29.3,B
2021-07-07T13:49:34,1400.0,29.3,B
2021-07-07T13:49:28,2300.0,29.3,B
2021-07-07T13:49:21,2300.0,29.3,B
2021-07-07T13:49:13,2300.0,29.3,B
2021-07-07T13:48:46,100.0,29.25,S
2021-07-07T13:48:29,200.0,29.25,S
2021-07-07T13:48:21,1000.0,29.25,S
2021-07-07T13:48:16,1300.0,29.25,B
2021-07-07T13:48:07,1000.0,29.25,B
2021-07-07T13:48:07,5500.0,29.25,B
2021-07-07T13:48:06,2300.0,29.25,B
2021-07-07T13:47:52,1000.0,29.25,B
2021-07-07T13:47:45,100.0,29.25,B
2021-07-07T13:47:45,1000.0,29.25,B
2021-07-07T13:47:42,100.0,29.25,B
2021-07-07T13:47:32,1200.0,29.25,B
2021-07-07T13:46:57,100.0,29.25,B
2021-07-07T13:46:25,1000.0,29.25,B
2021-07-07T13:46:00,100.0,29.2,S
2021-07-07T13:45:58,1000.0,29.25,B
2021-07-07T13:45:56,300.0,29.2,S
2021-07-07T13:45:50,500.0,29.2,S
2021-07-07T13:45:31,1100.0,29.2,S
2021-07-07T13:45:31,900.0,29.2,S
2021-07-07T13:45:05,500.0,29.2,S
2021-07-07T13:45:05,400.0,29.2,B
2021-07-07T13:45:05,1300.0,29.2,B
2021-07-07T13:45:05,500.0,29.2,B
2021-07-07T13:45:04,1800.0,29.2,B
2021-07-07T13:44:56,2300.0,29.2,B
2021-07-07T13:44:45,2300.0,29.2,B
2021-07-07T13:44:31,2300.0,29.2,B
2021-07-07T13:44:29,5700.0,29.2,B
2021-07-07T13:44:22,200.0,29.15,S
2021-07-07T13:44:18,2300.0,29.2,B
2021-07-07T13:44:09,1500.0,29.2,B
2021-07-07T13:44:08,10000.0,29.2,B
2021-07-07T13:43:58,800.0,29.2,B
2021-07-07T13:43:58,700.0,29.2,B
2021-07-07T13:43:50,10000.0,29.15,B
2021-07-07T13:43:42,4900.0,29.15,B
2021-07-07T13:43:36,1000.0,29.15,B
2021-07-07T13:43:13,1000.0,29.15,B
2021-07-07T13:43:05,4700.0,29.15,B
2021-07-07T13:43:05,3500.0,29.15,B
2021-07-07T13:43:05,6800.0,29.15,B
2021-07-07T13:42:47,600.0,29.05,S
2021-07-07T13:42:11,300.0,29.05,B
2021-07-07T13:41:44,200.0,29.05,B
2021-07-07T13:41:23,2200.0,29.1,S
2021-07-07T13:41:16,600.0,29.1,S
2021-07-07T13:41:02,2700.0,29.1,B
2021-07-07T13:40:50,2000.0,29.1,B
2021-07-07T13:40:44,1000.0,29.1,B
2021-07-07T13:40:30,4000.0,29.1,B
2021-07-07T13:39:37,3500.0,29.0,S
2021-07-07T13:39:30,400.0,29.1,B
2021-07-07T13:39:29,5000.0,29.0,S
2021-07-07T13:39:14,2000.0,29.1,B
2021-07-07T13:39:03,5000.0,29.0,S
2021-07-07T13:38:55,5000.0,29.1,B
2021-07-07T13:38:22,1400.0,28.9,S
2021-07-07T13:37:44,1100.0,28.9,S
2021-07-07T13:37:16,1400.0,29.05,B
2021-07-07T13:37:16,8600.0,29.0,B
2021-07-07T13:37:16,200.0,28.95,B
2021-07-07T13:37:01,100.0,28.95,B
2021-07-07T13:36:59,400.0,28.95,B
2021-07-07T13:35:36,200.0,28.95,S
2021-07-07T13:35:36,800.0,28.95,S
2021-07-07T13:35:36,200.0,28.95,S
2021-07-07T13:35:13,2800.0,29.0,S
2021-07-07T13:35:13,4200.0,29.0,S
2021-07-07T13:35:13,200.0,29.0,S
2021-07-07T13:35:13,4600.0,29.0,S
2021-07-07T13:35:05,4000.0,29.1,B
2021-07-07T13:34:56,300.0,29.1,B
2021-07-07T13:34:36,1000.0,29.1,B
2021-07-07T13:34:35,300.0,29.0,S
2021-07-07T13:34:32,200.0,29.0,S
2021-07-07T13:34:18,16400.0,29.0,S
2021-07-07T13:34:18,3600.0,29.0,S
2021-07-07T13:33:37,1000.0,29.1,S
2021-07-07T13:32:56,100.0,29.1,S
2021-07-07T13:32:55,1000.0,29.1,B
2021-07-07T13:32:48,5000.0,29.1,B
2021-07-07T13:32:34,5000.0,29.0,S
2021-07-07T13:32:29,1500.0,29.1,B
2021-07-07T13:32:29,7300.0,29.1,B
2021-07-07T13:32:29,2000.0,29.1,B
2021-07-07T13:32:29,7100.0,29.1,B
2021-07-07T13:32:15,200.0,29.1,B
2021-07-07T13:31:44,6500.0,29.05,S
2021-07-07T13:31:23,4000.0,29.05,B
2021-07-07T13:31:23,1000.0,29.05,B
2021-07-07T13:31:23,5000.0,29.05,B
2021-07-07T13:31:06,100.0,29.0,S
2021-07-07T13:30:34,100.0,29.0,S
2021-07-07T13:30:16,12300.0,29.0,S
2021-07-07T13:30:11,2500.0,29.0,B
2021-07-07T13:29:44,2000.0,29.0,B
2021-07-07T13:29:44,10000.0,28.9,S
2021-07-07T13:29:38,10000.0,29.0,B
2021-07-07T13:29:30,100.0,29.0,B
2021-07-07T13:29:20,3900.0,29.0,B
2021-07-07T13:28:47,300.0,29.0,B
2021-07-07T13:28:47,500.0,29.0,B
2021-07-07T13:28:44,1000.0,29.0,B
2021-07-07T13:28:22,2700.0,28.9,S
2021-07-07T13:28:22,3100.0,28.9,S
2021-07-07T13:28:14,1000.0,29.0,B
2021-07-07T13:28:08,1900.0,29.0,B
2021-07-07T13:28:08,1400.0,29.0,B
2021-07-07T13:28:08,1700.0,29.0,B
2021-07-07T13:28:07,5000.0,29.0,B
2021-07-07T13:28:03,5000.0,29.0,B
2021-07-07T13:27:57,1000.0,29.0,B
2021-07-07T13:27:54,2000.0,29.0,B
2021-07-07T13:27:50,5000.0,29.0,B
2021-07-07T13:26:48,1900.0,28.9,S
2021-07-07T13:26:48,5000.0,28.9,B
2021-07-07T13:26:42,5000.0,28.9,B
2021-07-07T13:26:36,700.0,28.9,B
2021-07-07T13:26:34,500.0,28.85,B
2021-07-07T13:25:57,100.0,28.85,B
2021-07-07T13:25:23,3000.0,28.8,B
2021-07-07T13:25:07,1000.0,28.8,B
2021-07-07T13:24:43,100.0,28.75,S
2021-07-07T13:24:27,400.0,28.75,S
2021-07-07T13:23:52,300.0,28.75,S
2021-07-07T13:23:44,100.0,28.8,S
2021-07-07T13:23:43,100.0,28.8,S
2021-07-07T13:23:40,500.0,28.8,S
2021-07-07T13:22:56,1600.0,28.8,S
2021-07-07T13:22:56,8400.0,28.8,S
2021-07-07T13:22:53,500.0,28.8,S
2021-07-07T13:22:40,7300.0,28.8,S
2021-07-07T13:22:39,500.0,28.8,S
2021-07-07T13:21:29,100.0,28.8,S
2021-07-07T13:21:25,300.0,28.8,S
2021-07-07T13:20:13,7200.0,28.8,S
2021-07-07T13:20:13,8900.0,28.8,S
2021-07-07T13:20:00,3900.0,28.9,S
2021-07-07T13:19:56,800.0,29.0,B
2021-07-07T13:19:55,200.0,29.0,B
2021-07-07T13:19:07,3500.0,28.9,S
2021-07-07T13:19:05,1000.0,28.9,S
2021-07-07T13:18:53,2000.0,28.9,S
2021-07-07T13:18:39,200.0,28.9,S
2021-07-07T13:18:39,200.0,28.9,S
2021-07-07T13:18:37,100.0,29.0,S
2021-07-07T13:18:34,500.0,29.0,S
2021-07-07T13:18:26,1100.0,29.0,S
2021-07-07T13:18:24,1000.0,29.0,S
2021-07-07T13:18:20,4300.0,29.0,B
2021-07-07T13:18:17,700.0,29.0,S
2021-07-07T13:18:17,100.0,29.0,S
2021-07-07T13:18:14,1000.0,29.0,S
2021-07-07T13:18:09,500.0,29.0,S
2021-07-07T13:17:54,3000.0,29.0,S
2021-07-07T13:17:50,10200.0,29.0,S
2021-07-07T13:17:43,1000.0,29.0,S
2021-07-07T13:17:41,1000.0,29.0,S
2021-07-07T13:17:40,200.0,29.0,S
2021-07-07T13:17:38,1000.0,29.0,S
2021-07-07T13:17:34,2000.0,29.0,S
2021-07-07T13:17:26,1100.0,29.0,S
2021-07-07T13:17:23,1000.0,29.0,S
2021-07-07T13:17:19,500.0,29.0,S
2021-07-07T13:17:08,5000.0,29.0,S
2021-07-07T13:17:02,5000.0,29.0,S
2021-07-07T13:17:01,500.0,29.0,S
2021-07-07T13:16:53,2500.0,29.0,S
2021-07-07T13:16:35,600.0,29.0,S
2021-07-07T13:16:24,500.0,29.0,S
2021-07-07T13:16:11,200.0,29.0,S
2021-07-07T13:15:57,10300.0,29.0,S
2021-07-07T13:15:53,2000.0,29.05,B
2021-07-07T13:15:43,2000.0,29.05,B
2021-07-07T13:15:11,400.0,29.05,B
2021-07-07T13:14:28,400.0,29.05,B
2021-07-07T13:14:26,200.0,29.0,S
2021-07-07T13:14:21,900.0,29.05,B
2021-07-07T13:14:05,500.0,29.0,S
2021-07-07T13:13:46,100.0,29.0,S
2021-07-07T13:13:31,100.0,29.0,S
2021-07-07T13:13:28,300.0,29.0,S
2021-07-07T13:13:26,2400.0,29.0,B
2021-07-07T13:13:23,200.0,29.0,B
2021-07-07T13:13:11,1000.0,28.9,S
2021-07-07T13:13:10,500.0,29.0,B
2021-07-07T13:13:10,1000.0,29.0,B
2021-07-07T13:12:56,100.0,29.0,B
2021-07-07T13:12:49,800.0,29.0,B
2021-07-07T13:12:48,200.0,28.9,S
2021-07-07T13:12:04,100.0,29.0,B
2021-07-07T13:11:38,3300.0,29.0,B
2021-07-07T13:11:38,4200.0,29.0,B
2021-07-07T13:11:17,1000.0,29.0,B
2021-07-07T13:10:59,800.0,28.9,S
2021-07-07T13:10:58,2000.0,29.0,B
2021-07-07T13:10:17,300.0,29.0,S
2021-07-07T13:10:17,100.0,29.0,S
2021-07-07T13:10:17,25900.0,29.0,S
2021-07-07T13:10:15,200.0,29.1,B
2021-07-07T13:10:08,10000.0,29.1,B
2021-07-07T13:10:08,100.0,29.1,B
2021-07-07T13:09:53,100.0,29.1,B
2021-07-07T13:09:37,500.0,29.1,B
2021-07-07T13:09:36,300.0,29.1,B
2021-07-07T13:08:58,5000.0,29.1,B
2021-07-07T13:08:48,400.0,29.1,B
2021-07-07T13:08:48,2000.0,29.1,B
2021-07-07T13:08:48,300.0,29.05,B
2021-07-07T13:08:46,100.0,29.0,B
2021-07-07T13:08:41,3800.0,29.0,B
2021-07-07T13:08:26,100.0,29.0,B
2021-07-07T13:08:21,500.0,28.95,B
2021-07-07T13:08:21,1000.0,28.9,S
2021-07-07T13:08:03,1100.0,28.95,B
2021-07-07T13:07:59,100.0,28.95,S
2021-07-07T13:07:53,4000.0,29.0,B
2021-07-07T13:07:53,300.0,29.0,B
2021-07-07T13:07:53,500.0,29.0,B
2021-07-07T13:07:53,1300.0,29.0,B
2021-07-07T13:07:53,1200.0,29.0,B
2021-07-07T13:07:53,100.0,29.0,B
2021-07-07T13:07:53,1600.0,29.0,B
2021-07-07T13:07:53,100.0,29.0,B
2021-07-07T13:07:53,5500.0,29.0,B
2021-07-07T13:07:53,3000.0,29.0,B
2021-07-07T13:07:53,700.0,29.0,B
2021-07-07T13:07:53,1900.0,29.0,B
2021-07-07T13:07:53,2800.0,29.0,B
2021-07-07T13:07:53,600.0,29.0,B
2021-07-07T13:07:27,1200.0,28.95,B
2021-07-07T13:07:27,500.0,28.95,B
2021-07-07T13:07:21,6300.0,28.9,B
2021-07-07T13:07:17,6800.0,28.9,B
2021-07-07T13:07:07,500.0,28.8,S
2021-07-07T13:07:05,600.0,28.9,B
2021-07-07T13:06:49,300.0,28.9,B
2021-07-07T13:06:37,700.0,28.9,B
2021-07-07T13:06:37,300.0,28.9,B
2021-07-07T13:05:58,500.0,28.8,B
2021-07-07T13:05:58,200.0,28.8,B
2021-07-07T13:05:44,500.0,28.8,B
2021-07-07T13:05:33,1000.0,28.75,S
2021-07-07T13:05:25,4000.0,28.8,B
2021-07-07T13:05:19,100.0,28.75,S
2021-07-07T13:05:00,600.0,28.7,S
2021-07-07T13:04:14,3000.0,28.8,B
2021-07-07T13:04:05,500.0,28.7,S
2021-07-07T13:02:49,3000.0,28.7,S
2021-07-07T13:01:24,200.0,28.7,S
2021-07-07T13:01:23,5000.0,28.7,B
2021-07-07T13:01:23,600.0,28.7,B
2021-07-07T13:01:23,4400.0,28.7,B
2021-07-07T13:01:21,2600.0,28.7,B
2021-07-07T13:01:21,2400.0,28.7,B
2021-07-07T13:00:51,200.0,28.65,S
2021-07-07T13:00:17,300.0,28.65,S
2021-07-07T13:00:15,700.0,28.65,S
2021-07-07T13:00:15,3200.0,28.6,S
2021-07-07T13:00:07,10000.0,28.6,S
2021-07-07T13:00:04,100.0,28.65,B
2021-07-07T13:00:03,600.0,28.6,S
2021-07-07T13:00:03,1000.0,28.6,S
2021-07-07T11:29:56,200.0,28.65,B
2021-07-07T11:29:24,200.0,28.6,S
2021-07-07T11:28:44,2000.0,28.6,S
2021-07-07T11:28:42,100.0,28.65,B
2021-07-07T11:27:54,100.0,28.65,B
2021-07-07T11:27:41,500.0,28.65,B
2021-07-07T11:27:37,300.0,28.65,S
2021-07-07T11:27:26,300.0,28.65,S
2021-07-07T11:27:21,500.0,28.65,B
2021-07-07T11:27:21,4000.0,28.65,B
2021-07-07T11:26:41,600.0,28.6,S
2021-07-07T11:26:01,300.0,28.65,B
2021-07-07T11:25:22,4400.0,28.65,S
2021-07-07T11:24:53,700.0,28.65,S
2021-07-07T11:24:11,100.0,28.7,B
2021-07-07T11:23:11,500.0,28.7,B
2021-07-07T11:23:06,600.0,28.65,S
2021-07-07T11:22:02,3300.0,28.65,S
2021-07-07T11:22:02,1000.0,28.65,S
2021-07-07T11:22:02,600.0,28.7,S
2021-07-07T11:22:02,100.0,28.75,S
2021-07-07T11:21:17,500.0,28.75,S
2021-07-07T11:21:10,100.0,28.75,S
2021-07-07T11:21:10,500.0,28.75,S
2021-07-07T11:20:18,5000.0,28.75,S
2021-07-07T11:19:10,1000.0,28.8,B
2021-07-07T11:18:56,4000.0,28.75,S
2021-07-07T11:18:56,200.0,28.75,S
2021-07-07T11:18:18,2900.0,28.75,B
2021-07-07T11:18:12,800.0,28.75,B
2021-07-07T11:17:47,400.0,28.7,B
2021-07-07T11:17:47,1900.0,28.7,B
2021-07-07T11:17:34,1100.0,28.7,B
2021-07-07T11:17:21,300.0,28.65,S
2021-07-07T11:17:16,1000.0,28.7,B
2021-07-07T11:16:00,1000.0,28.65,S
2021-07-07T11:15:45,3000.0,28.65,S
2021-07-07T11:15:33,400.0,28.65,S
2021-07-07T11:15:09,200.0,28.65,S
2021-07-07T11:14:01,200.0,28.65,S
2021-07-07T11:13:44,400.0,28.65,S
2021-07-07T11:13:43,2500.0,28.65,S
2021-07-07T11:13:09,300.0,28.65,S
2021-07-07T11:13:09,600.0,28.65,S
2021-07-07T11:13:07,1400.0,28.65,S
2021-07-07T11:12:26,5000.0,28.65,S
2021-07-07T11:12:20,200.0,28.65,S
2021-07-07T11:11:50,300.0,28.65,S
2021-07-07T11:10:56,100.0,28.75,B
2021-07-07T11:10:42,2000.0,28.65,S
2021-07-07T11:10:34,3000.0,28.75,B
2021-07-07T11:09:53,500.0,28.65,S
2021-07-07T11:09:51,1100.0,28.7,B
2021-07-07T11:09:44,12500.0,28.7,S
2021-07-07T11:09:38,2000.0,28.7,S
2021-07-07T11:08:05,300.0,28.7,S
2021-07-07T11:06:17,400.0,28.7,S
2021-07-07T11:06:11,3000.0,28.7,S
2021-07-07T11:05:55,2800.0,28.7,S
2021-07-07T11:05:55,200.0,28.7,S
2021-07-07T11:04:43,1000.0,28.7,S
2021-07-07T11:04:29,400.0,28.7,S
2021-07-07T11:04:27,1000.0,28.75,B
2021-07-07T11:04:18,3900.0,28.7,S
2021-07-07T11:04:06,3500.0,28.75,B
2021-07-07T11:03:03,3000.0,28.75,B
2021-07-07T11:02:41,400.0,28.75,S
2021-07-07T11:02:16,6100.0,28.8,S
2021-07-07T11:01:49,200.0,28.8,S
2021-07-07T11:00:54,600.0,28.8,S
2021-07-07T10:59:48,500.0,28.9,B
2021-07-07T10:59:18,2000.0,28.9,B
2021-07-07T10:59:14,1000.0,28.9,B
2021-07-07T10:59:06,100.0,28.85,B
2021-07-07T10:57:23,600.0,28.9,B
2021-07-07T10:56:33,1700.0,28.9,S
2021-07-07T10:56:33,600.0,28.9,S
2021-07-07T10:56:28,300.0,28.9,S
2021-07-07T10:56:12,800.0,28.9,S
2021-07-07T10:55:20,300.0,28.9,S
2021-07-07T10:55:10,100.0,28.9,S
2021-07-07T10:55:03,3600.0,28.9,B
2021-07-07T10:54:39,3200.0,28.9,S
2021-07-07T10:54:34,100.0,28.85,B
2021-07-07T10:54:34,2400.0,28.85,B
2021-07-07T10:54:24,100.0,28.8,S
2021-07-07T10:53:31,500.0,28.8,S
2021-07-07T10:53:24,800.0,28.85,B
2021-07-07T10:53:17,1000.0,28.85,B
2021-07-07T10:53:12,300.0,28.8,S
2021-07-07T10:53:05,100.0,28.85,B
2021-07-07T10:52:57,5000.0,28.85,B
2021-07-07T10:52:46,1100.0,28.85,B
2021-07-07T10:52:46,6300.0,28.85,B
2021-07-07T10:52:22,4000.0,28.85,B
2021-07-07T10:52:08,1000.0,28.85,B
2021-07-07T10:52:07,2000.0,28.85,B
2021-07-07T10:52:04,1000.0,28.85,B
2021-07-07T10:51:54,200.0,28.85,B
2021-07-07T10:51:15,700.0,28.8,S
2021-07-07T10:51:12,200.0,28.8,B
2021-07-07T10:51:02,1300.0,28.75,B
2021-07-07T10:50:58,2000.0,28.75,B
2021-07-07T10:50:55,800.0,28.75,B
2021-07-07T10:50:43,500.0,28.75,B
2021-07-07T10:50:27,500.0,28.7,S
2021-07-07T10:50:25,500.0,28.75,B
2021-07-07T10:50:24,100.0,28.75,B
2021-07-07T10:50:13,100.0,28.75,B
2021-07-07T10:50:08,6000.0,28.75,B
2021-07-07T10:49:57,500.0,28.7,S
2021-07-07T10:49:48,200.0,28.65,S
2021-07-07T10:49:44,1300.0,28.7,B
2021-07-07T10:49:40,300.0,28.65,S
2021-07-07T10:49:35,500.0,28.65,S
2021-07-07T10:49:35,500.0,28.65,S
2021-07-07T10:49:31,2500.0,28.65,B
2021-07-07T10:49:20,100.0,28.65,B
2021-07-07T10:49:04,300.0,28.6,S
2021-07-07T10:49:03,1000.0,28.65,B
2021-07-07T10:49:01,1000.0,28.6,S
2021-07-07T10:48:58,500.0,28.6,S
2021-07-07T10:48:47,500.0,28.65,S
2021-07-07T10:48:04,200.0,28.6,S
2021-07-07T10:47:53,1000.0,28.65,B
2021-07-07T10:47:42,500.0,28.65,S
2021-07-07T10:47:37,500.0,28.65,S
2021-07-07T10:47:23,33900.0,28.6,S
2021-07-07T10:47:23,1100.0,28.65,S
2021-07-07T10:47:09,500.0,28.65,S
2021-07-07T10:47:06,200.0,28.65,S
2021-07-07T10:46:56,500.0,28.65,S
2021-07-07T10:46:27,300.0,28.65,S
2021-07-07T10:46:25,200.0,28.65,S
2021-07-07T10:46:12,200.0,28.65,S
2021-07-07T10:46:10,100.0,28.65,S
2021-07-07T10:45:45,2000.0,28.65,S
2021-07-07T10:45:31,4500.0,28.65,S
2021-07-07T10:45:31,4500.0,28.65,S
2021-07-07T10:45:23,5000.0,28.7,S
2021-07-07T10:45:21,300.0,28.7,S
2021-07-07T10:45:21,2700.0,28.7,S
2021-07-07T10:45:21,500.0,28.7,S
2021-07-07T10:45:21,100.0,28.7,S
2021-07-07T10:45:08,800.0,28.7,S
2021-07-07T10:45:03,1000.0,28.7,S
2021-07-07T10:45:00,3000.0,28.75,B
2021-07-07T10:44:49,100.0,28.7,S
2021-07-07T10:44:31,2100.0,28.75,S
2021-07-07T10:44:24,11500.0,28.75,S
2021-07-07T10:42:22,2800.0,28.8,S
2021-07-07T10:42:17,100.0,28.8,S
2021-07-07T10:42:11,600.0,28.8,S
2021-07-07T10:42:11,1600.0,28.8,S
2021-07-07T10:42:11,1200.0,28.8,S
2021-07-07T10:42:11,100.0,28.8,S
2021-07-07T10:42:11,12800.0,28.8,S
2021-07-07T10:42:01,2000.0,28.85,B
2021-07-07T10:41:59,100.0,28.8,S
2021-07-07T10:41:44,3500.0,28.85,B
2021-07-07T10:41:41,5000.0,28.8,S
2021-07-07T10:41:30,400.0,28.8,S
2021-07-07T10:41:15,4000.0,28.8,S
2021-07-07T10:41:12,500.0,28.85,S
2021-07-07T10:40:41,5000.0,28.85,S
2021-07-07T10:40:27,200.0,28.85,S
2021-07-07T10:40:27,1500.0,28.85,S
2021-07-07T10:40:12,2800.0,28.9,S
2021-07-07T10:40:04,2000.0,28.9,S
2021-07-07T10:39:59,600.0,28.9,S
2021-07-07T10:39:42,300.0,28.9,S
2021-07-07T10:39:22,2300.0,29.0,B
2021-07-07T10:39:22,4900.0,29.0,B
2021-07-07T10:39:22,2800.0,29.0,B
2021-07-07T10:39:17,5000.0,28.9,S
2021-07-07T10:39:15,1800.0,28.9,S
2021-07-07T10:39:15,6300.0,28.9,S
2021-07-07T10:39:15,3900.0,28.9,S
2021-07-07T10:38:24,1000.0,28.9,S
2021-07-07T10:37:54,500.0,28.9,S
2021-07-07T10:36:46,300.0,28.9,S
2021-07-07T10:36:36,500.0,28.9,S
2021-07-07T10:36:06,200.0,28.9,S
2021-07-07T10:36:06,200.0,28.9,S
2021-07-07T10:35:56,700.0,28.9,S
2021-07-07T10:34:49,2000.0,29.0,B
2021-07-07T10:34:42,100.0,29.0,B
2021-07-07T10:34:16,200.0,29.0,B
2021-07-07T10:34:16,300.0,28.9,S
2021-07-07T10:34:16,100.0,28.9,S
2021-07-07T10:32:50,400.0,28.9,S
2021-07-07T10:32:29,500.0,28.9,S
2021-07-07T10:31:35,12000.0,28.9,S
2021-07-07T10:30:57,4000.0,29.1,B
2021-07-07T10:30:50,10000.0,29.0,S
2021-07-07T10:30:42,400.0,29.0,S
2021-07-07T10:30:39,200.0,29.0,S
2021-07-07T10:30:23,1500.0,29.0,S
2021-07-07T10:29:56,5000.0,29.0,S
2021-07-07T10:29:50,100.0,29.0,S
2021-07-07T10:29:48,300.0,29.0,S
2021-07-07T10:29:41,4800.0,29.0,S
2021-07-07T10:29:16,2000.0,29.0,S
2021-07-07T10:28:58,200.0,29.0,S
2021-07-07T10:28:04,2000.0,29.0,S
2021-07-07T10:27:45,3000.0,29.0,S
2021-07-07T10:27:43,300.0,29.1,B
2021-07-07T10:27:32,1000.0,29.0,S
2021-07-07T10:27:09,100.0,29.1,B
2021-07-07T10:26:58,500.0,29.1,B
2021-07-07T10:26:49,1500.0,29.1,B
2021-07-07T10:26:49,500.0,29.1,B
2021-07-07T10:26:35,100.0,29.0,S
2021-07-07T10:26:35,900.0,29.0,S
2021-07-07T10:26:15,200.0,29.0,S
2021-07-07T10:26:11,1500.0,29.0,S
2021-07-07T10:25:57,1000.0,29.0,S
2021-07-07T10:25:34,3000.0,29.0,S
2021-07-07T10:25:22,300.0,29.0,S
2021-07-07T10:25:16,2000.0,29.0,B
2021-07-07T10:25:15,2000.0,29.0,B
2021-07-07T10:25:12,1400.0,29.0,B
2021-07-07T10:25:12,600.0,29.0,B
2021-07-07T10:25:12,2700.0,29.0,B
2021-07-07T10:25:02,800.0,29.0,B
2021-07-07T10:25:02,500.0,29.0,B
2021-07-07T10:24:41,600.0,28.9,S
2021-07-07T10:24:31,2400.0,28.9,S
2021-07-07T10:24:31,1600.0,28.9,S
2021-07-07T10:23:57,400.0,28.9,S
2021-07-07T10:23:46,600.0,28.9,S
2021-07-07T10:23:46,400.0,28.9,S
2021-07-07T10:23:40,400.0,28.9,S
2021-07-07T10:22:54,600.0,28.9,S
2021-07-07T10:22:34,100.0,29.0,B
2021-07-07T10:21:27,1000.0,29.0,B
2021-07-07T10:20:51,200.0,28.9,S
2021-07-07T10:20:47,200.0,28.9,S
2021-07-07T10:20:42,3200.0,28.9,S
2021-07-07T10:20:42,5300.0,28.9,S
2021-07-07T10:20:39,500.0,28.9,S
2021-07-07T10:20:07,10900.0,29.0,B
2021-07-07T10:20:07,9100.0,29.0,B
2021-07-07T10:19:47,500.0,28.9,S
2021-07-07T10:19:24,200.0,28.9,S
2021-07-07T10:19:10,5000.0,28.9,S
2021-07-07T10:19:10,100.0,28.9,S
2021-07-07T10:19:10,2500.0,28.9,S
2021-07-07T10:19:10,1300.0,28.9,S
2021-07-07T10:19:10,5100.0,28.9,S
2021-07-07T10:19:02,1500.0,28.95,S
2021-07-07T10:19:02,500.0,28.95,S
2021-07-07T10:18:21,1600.0,28.95,S
2021-07-07T10:18:20,1000.0,28.95,S
2021-07-07T10:18:14,500.0,28.95,S
2021-07-07T10:17:47,1000.0,28.95,S
2021-07-07T10:17:32,900.0,28.95,S
2021-07-07T10:17:29,100.0,29.0,B
2021-07-07T10:17:18,2000.0,29.0,B
2021-07-07T10:17:13,1500.0,28.95,S
2021-07-07T10:17:11,2400.0,29.0,S
2021-07-07T10:17:05,2600.0,29.0,B
2021-07-07T10:17:04,500.0,28.95,S
2021-07-07T10:16:49,1000.0,28.95,S
2021-07-07T10:16:40,500.0,29.0,B
2021-07-07T10:16:38,3000.0,29.0,B
2021-07-07T10:16:31,500.0,29.0,B
2021-07-07T10:16:16,1500.0,29.0,S
2021-07-07T10:16:04,2000.0,29.0,S
2021-07-07T10:15:56,4400.0,29.0,S
2021-07-07T10:15:55,4000.0,29.0,S
2021-07-07T10:15:50,5000.0,29.0,S
2021-07-07T10:15:44,500.0,29.0,S
2021-07-07T10:15:20,500.0,29.0,S
2021-07-07T10:15:00,1000.0,29.0,S
2021-07-07T10:14:50,1900.0,29.0,B
2021-07-07T10:14:35,10000.0,29.0,B
2021-07-07T10:13:40,100.0,28.95,S
2021-07-07T10:13:13,3000.0,29.0,B
2021-07-07T10:12:51,500.0,29.0,B
2021-07-07T10:12:38,900.0,29.0,S
2021-07-07T10:11:58,300.0,29.0,S
2021-07-07T10:11:48,2000.0,29.0,S
2021-07-07T10:11:15,400.0,29.0,B
2021-07-07T10:11:15,2500.0,29.0,B
2021-07-07T10:11:09,600.0,28.9,S
2021-07-07T10:10:22,100.0,28.9,S
2021-07-07T10:10:16,600.0,29.0,B
2021-07-07T10:10:16,400.0,29.0,B
2021-07-07T10:09:34,3000.0,28.9,S
2021-07-07T10:09:22,300.0,29.0,B
2021-07-07T10:09:21,600.0,28.9,S
2021-07-07T10:08:59,300.0,29.0,B
2021-07-07T10:08:40,100.0,29.0,B
2021-07-07T10:08:35,900.0,29.0,S
2021-07-07T10:08:33,2000.0,29.0,S
2021-07-07T10:08:27,8000.0,29.0,S
2021-07-07T10:08:02,8100.0,29.0,S
2021-07-07T10:08:02,1100.0,29.0,S
2021-07-07T10:08:02,200.0,29.0,S
2021-07-07T10:08:02,10600.0,29.0,S
2021-07-07T10:07:54,300.0,29.0,S
2021-07-07T10:07:40,3000.0,29.0,S
2021-07-07T10:07:34,500.0,29.0,S
2021-07-07T10:07:29,30000.0,29.0,S
2021-07-07T10:07:15,3000.0,29.15,S
2021-07-07T10:07:12,2000.0,29.15,S
2021-07-07T10:07:01,800.0,29.1,S
2021-07-07T10:06:59,1000.0,29.1,S
2021-07-07T10:06:46,7000.0,29.1,S
2021-07-07T10:06:25,4500.0,29.0,S
2021-07-07T10:06:25,7000.0,29.0,S
2021-07-07T10:06:25,8500.0,29.1,S
2021-07-07T10:06:18,5000.0,29.1,S
2021-07-07T10:05:57,5000.0,29.1,S
2021-07-07T10:05:52,1000.0,29.1,S
2021-07-07T10:05:45,600.0,29.1,S
2021-07-07T10:05:26,200.0,29.0,S
2021-07-07T10:05:21,10000.0,29.0,S
2021-07-07T10:04:37,4200.0,29.0,S
2021-07-07T10:04:37,800.0,29.1,S
2021-07-07T10:04:37,1000.0,29.1,S
2021-07-07T10:04:29,100.0,29.1,S
2021-07-07T10:04:29,100.0,29.1,S
2021-07-07T10:04:29,2100.0,29.1,S
2021-07-07T10:04:29,2700.0,29.15,S
2021-07-07T10:04:28,1000.0,29.4,S
2021-07-07T10:03:53,1600.0,29.4,S
2021-07-07T10:03:15,10400.0,29.4,S
2021-07-07T10:02:26,2000.0,29.45,B
2021-07-07T10:02:13,700.0,29.4,S
2021-07-07T10:02:10,4200.0,29.4,B
2021-07-07T10:01:56,10000.0,29.4,B
2021-07-07T10:01:41,200.0,29.4,B
2021-07-07T10:01:03,700.0,29.1,S
2021-07-07T10:01:01,100.0,29.3,B
2021-07-07T10:00:47,10000.0,29.1,S
2021-07-07T10:00:46,7600.0,29.35,S
2021-07-07T10:00:17,700.0,29.35,B
2021-07-07T10:00:09,1000.0,29.35,B
2021-07-07T10:00:05,200.0,29.3,B
2021-07-07T09:59:46,6900.0,29.35,B
2021-07-07T09:59:46,200.0,29.35,B
2021-07-07T09:59:46,200.0,29.3,B
2021-07-07T09:59:46,100.0,29.3,B
2021-07-07T09:59:29,300.0,29.3,B
2021-07-07T09:59:20,300.0,29.3,B
2021-07-07T09:59:11,2000.0,29.3,B
2021-07-07T09:59:09,1000.0,29.25,B
2021-07-07T09:59:05,2000.0,29.25,B
2021-07-07T09:59:01,500.0,29.25,B
2021-07-07T09:58:55,500.0,29.2,S
2021-07-07T09:58:43,500.0,29.25,B
2021-07-07T09:58:33,5000.0,29.2,S
2021-07-07T09:58:23,500.0,29.25,B
2021-07-07T09:58:18,200.0,29.2,S
2021-07-07T09:58:11,1800.0,29.2,S
2021-07-07T09:57:39,800.0,29.2,S
2021-07-07T09:57:28,600.0,29.2,S
2021-07-07T09:57:22,3000.0,29.2,S
2021-07-07T09:57:07,4800.0,29.1,S
2021-07-07T09:57:07,2100.0,29.2,S
2021-07-07T09:57:07,3100.0,29.2,S
2021-07-07T09:57:00,100.0,29.3,B
2021-07-07T09:56:43,1000.0,29.2,S
2021-07-07T09:56:32,1500.0,29.2,B
2021-07-07T09:56:22,1500.0,29.2,S
2021-07-07T09:55:57,6000.0,29.2,S
2021-07-07T09:55:44,400.0,29.2,S
2021-07-07T09:55:19,7800.0,29.2,B
2021-07-07T09:55:15,100.0,29.2,B
2021-07-07T09:55:06,3000.0,29.2,B
2021-07-07T09:54:57,9100.0,29.2,S
2021-07-07T09:54:56,1000.0,29.2,S
2021-07-07T09:54:49,300.0,29.2,S
2021-07-07T09:54:46,100.0,29.2,S
2021-07-07T09:54:30,100.0,29.2,S
2021-07-07T09:53:56,400.0,29.2,S
2021-07-07T09:53:56,3800.0,29.2,S
2021-07-07T09:53:24,10000.0,29.2,S
2021-07-07T09:53:20,600.0,29.3,B
2021-07-07T09:53:14,1400.0,29.3,B
2021-07-07T09:53:14,600.0,29.3,B
2021-07-07T09:53:14,900.0,29.3,B
2021-07-07T09:53:14,500.0,29.3,B
2021-07-07T09:53:09,400.0,29.3,B
2021-07-07T09:53:02,400.0,29.2,S
2021-07-07T09:52:47,500.0,29.25,S
2021-07-07T09:52:13,100.0,29.2,S
2021-07-07T09:52:09,500.0,29.2,S
2021-07-07T09:52:07,1100.0,29.2,S
2021-07-07T09:51:56,1800.0,29.2,B
2021-07-07T09:51:50,1400.0,29.1,S
2021-07-07T09:51:49,1000.0,29.1,S
2021-07-07T09:51:41,11100.0,29.1,B
2021-07-07T09:51:23,4400.0,29.0,B
2021-07-07T09:51:19,10000.0,29.0,B
2021-07-07T09:50:54,3000.0,28.95,B
2021-07-07T09:50:46,800.0,28.95,S
2021-07-07T09:50:41,500.0,28.8,S
2021-07-07T09:50:41,3000.0,28.9,S
2021-07-07T09:50:33,100.0,28.95,B
2021-07-07T09:50:33,400.0,28.95,B
2021-07-07T09:50:31,500.0,28.9,S
2021-07-07T09:50:27,2800.0,28.9,S
2021-07-07T09:50:13,100.0,28.9,S
2021-07-07T09:50:02,1000.0,28.9,S
2021-07-07T09:49:57,1400.0,28.9,S
2021-07-07T09:49:52,100.0,28.9,S
2021-07-07T09:49:48,300.0,28.9,S
2021-07-07T09:49:45,1000.0,28.9,S
2021-07-07T09:49:37,100.0,28.9,S
2021-07-07T09:49:22,400.0,28.9,S
2021-07-07T09:49:21,100.0,28.9,S
2021-07-07T09:49:02,500.0,28.8,S
2021-07-07T09:49:00,10000.0,29.0,B
2021-07-07T09:48:32,500.0,28.9,B
2021-07-07T09:48:23,500.0,28.9,S
2021-07-07T09:48:23,2400.0,28.9,S
2021-07-07T09:48:23,1600.0,28.95,S
2021-07-07T09:47:33,400.0,28.95,S
2021-07-07T09:47:13,1500.0,28.9,S
2021-07-07T09:47:08,1000.0,28.9,S
2021-07-07T09:47:04,1000.0,29.0,B
2021-07-07T09:46:54,100.0,28.9,S
2021-07-07T09:46:40,1400.0,29.0,B
2021-07-07T09:46:38,100.0,28.8,S
2021-07-07T09:46:26,1300.0,28.8,S
2021-07-07T09:46:26,400.0,28.8,S
2021-07-07T09:46:25,500.0,28.8,S
2021-07-07T09:46:15,500.0,29.0,B
2021-07-07T09:46:02,100.0,28.8,S
2021-07-07T09:45:57,1500.0,28.8,S
2021-07-07T09:45:56,1000.0,28.8,S
2021-07-07T09:45:45,500.0,28.8,S
2021-07-07T09:44:55,200.0,29.0,B
2021-07-07T09:44:41,200.0,29.0,B
2021-07-07T09:44:28,100.0,29.0,S
2021-07-07T09:44:26,2800.0,29.0,S
2021-07-07T09:44:26,3000.0,29.0,S
2021-07-07T09:44:23,1000.0,29.0,S
2021-07-07T09:44:21,1000.0,29.0,S
2021-07-07T09:44:16,1000.0,29.0,S
2021-07-07T09:44:13,400.0,29.0,S
2021-07-07T09:43:56,5000.0,29.0,S
2021-07-07T09:43:53,6300.0,29.05,S
2021-07-07T09:43:53,1000.0,29.05,S
2021-07-07T09:43:43,200.0,29.05,S
2021-07-07T09:43:25,2500.0,29.1,S
2021-07-07T09:43:18,1000.0,29.1,S
2021-07-07T09:43:12,100.0,29.1,S
2021-07-07T09:43:06,100.0,29.1,S
2021-07-07T09:43:05,2700.0,29.1,S
2021-07-07T09:43:05,300.0,29.15,S
2021-07-07T09:42:53,100.0,29.2,S
2021-07-07T09:42:53,500.0,29.2,S
2021-07-07T09:42:53,2800.0,29.2,S
2021-07-07T09:42:50,2000.0,29.2,S
2021-07-07T09:42:40,2400.0,29.2,S
2021-07-07T09:42:40,800.0,29.2,S
2021-07-07T09:42:40,16800.0,29.2,S
2021-07-07T09:42:38,100.0,29.2,S
2021-07-07T09:42:15,300.0,29.3,B
2021-07-07T09:41:55,2000.0,29.3,B
2021-07-07T09:41:51,700.0,29.2,S
2021-07-07T09:41:36,300.0,29.25,B
2021-07-07T09:41:36,100.0,29.2,S
2021-07-07T09:41:25,7000.0,29.2,S
2021-07-07T09:41:09,2000.0,29.2,S
2021-07-07T09:41:07,200.0,29.2,S
2021-07-07T09:40:56,200.0,29.2,S
2021-07-07T09:40:36,5000.0,29.2,S
2021-07-07T09:40:35,300.0,29.2,S
2021-07-07T09:40:04,600.0,29.2,S
2021-07-07T09:40:04,200.0,29.2,S
2021-07-07T09:40:01,3400.0,29.2,S
2021-07-07T09:40:01,200.0,29.2,S
2021-07-07T09:39:56,200.0,29.2,S
2021-07-07T09:39:55,100.0,29.2,S
2021-07-07T09:39:53,100.0,29.2,S
2021-07-07T09:39:17,500.0,29.2,S
2021-07-07T09:39:16,300.0,29.2,S
2021-07-07T09:39:11,1500.0,29.2,S
2021-07-07T09:38:58,900.0,29.2,S
2021-07-07T09:38:41,300.0,29.2,S
2021-07-07T09:38:24,10000.0,29.2,S
2021-07-07T09:38:15,300.0,29.25,S
2021-07-07T09:37:53,400.0,29.25,S
2021-07-07T09:37:17,2400.0,29.25,S
2021-07-07T09:37:01,200.0,29.3,B
2021-07-07T09:36:42,200.0,29.3,B
2021-07-07T09:36:41,8000.0,29.25,S
2021-07-07T09:35:58,100.0,29.2,S
2021-07-07T09:35:48,1000.0,29.2,S
2021-07-07T09:35:43,100.0,29.2,S
2021-07-07T09:35:42,500.0,29.2,S
2021-07-07T09:35:26,200.0,29.2,S
2021-07-07T09:35:23,2000.0,29.3,S
2021-07-07T09:35:12,17400.0,29.2,B
2021-07-07T09:35:03,1500.0,29.2,B
2021-07-07T09:34:48,100.0,29.1,B
2021-07-07T09:34:27,100.0,29.05,S
2021-07-07T09:34:20,2300.0,29.05,B
2021-07-07T09:34:13,3000.0,29.05,B
2021-07-07T09:34:12,200.0,29.0,S
2021-07-07T09:34:07,100.0,29.0,S
2021-07-07T09:34:04,900.0,29.0,B
2021-07-07T09:34:04,1300.0,29.0,B
2021-07-07T09:34:04,2000.0,29.0,B
2021-07-07T09:33:56,1000.0,29.0,B
2021-07-07T09:33:52,500.0,28.8,S
2021-07-07T09:33:45,1000.0,29.0,B
2021-07-07T09:33:39,300.0,28.8,S
2021-07-07T09:33:29,100.0,28.8,S
2021-07-07T09:33:20,2000.0,29.0,B
2021-07-07T09:32:28,300.0,28.7,S
2021-07-07T09:32:17,800.0,28.7,S
2021-07-07T09:32:14,100.0,28.7,B
2021-07-07T09:32:14,3400.0,28.7,B
2021-07-07T09:32:14,200.0,28.7,B
2021-07-07T09:32:11,3000.0,28.7,B
2021-07-07T09:32:07,5000.0,28.7,B
2021-07-07T09:32:04,600.0,28.6,S
2021-07-07T09:32:04,1000.0,28.7,B
2021-07-07T09:32:03,3000.0,28.7,B
2021-07-07T09:31:58,1000.0,28.7,B
2021-07-07T09:31:57,100.0,28.7,B
2021-07-07T09:31:50,10300.0,28.7,B
2021-07-07T09:31:47,500.0,28.6,S
2021-07-07T09:31:46,500.0,28.6,S
2021-07-07T09:31:34,300.0,28.55,B
2021-07-07T09:31:33,100.0,28.5,S
2021-07-07T09:31:31,100.0,28.55,B
2021-07-07T09:31:25,100.0,28.6,S
2021-07-07T09:31:22,2000.0,28.6,S
2021-07-07T09:31:06,2400.0,28.6,B
2021-07-07T09:30:58,3900.0,28.5,B
2021-07-07T09:30:58,100.0,28.5,B
2021-07-07T09:30:42,2200.0,28.5,S
2021-07-07T09:30:42,2000.0,28.6,B
2021-07-07T09:30:36,500.0,28.5,S
2021-07-07T09:30:29,500.0,28.5,S
2021-07-07T09:30:24,3400.0,28.5,B
2021-07-07T09:30:13,1000.0,28.5,B
2021-07-07T09:30:12,500.0,28.4,B
2021-07-07T09:30:08,100.0,28.2,S
2021-07-07T09:30:04,500.0,28.2,S
2021-07-07T09:29:59,500.0,28.15,S
2021-07-07T09:29:56,100.0,28.4,B
2021-07-07T09:29:56,300.0,28.1,S
2021-07-07T09:29:55,700.0,28.1,S
2021-07-07T09:29:51,100.0,28.1,S
2021-07-07T09:29:48,3000.0,28.1,S
2021-07-07T09:29:44,500.0,28.1,S
2021-07-07T09:29:41,800.0,28.1,S
2021-07-07T09:29:41,500.0,28.1,S
2021-07-07T09:29:40,3000.0,28.1,S
2021-07-07T09:29:37,5000.0,28.6,B
2021-07-07T09:29:36,1500.0,28.1,S
2021-07-07T09:29:36,100.0,28.4,B
2021-07-07T09:29:28,200.0,28.1,S
2021-07-07T09:29:21,300.0,28.1,S
2021-07-07T09:29:01,300.0,28.5,S
2021-07-07T09:28:51,22400.0,28.0,S
2021-07-07T09:28:51,6000.0,28.0,S
2021-07-07T09:28:51,1600.0,28.5,S
2021-07-07T09:28:41,500.0,28.5,S
2021-07-07T09:28:35,2600.0,28.5,S
2021-07-07T09:28:35,400.0,28.55,S
2021-07-07T09:28:23,100.0,28.55,S
2021-07-07T09:28:20,2000.0,28.5,S
2021-07-07T09:28:06,4000.0,28.5,S
2021-07-07T09:27:58,600.0,28.5,S
2021-07-07T09:27:49,500.0,28.6,B
2021-07-07T09:27:48,14100.0,28.0,S
2021-07-07T09:27:48,3500.0,28.3,S
2021-07-07T09:27:48,12400.0,28.4,S
2021-07-07T09:27:39,500.0,28.5,S
2021-07-07T09:27:38,2000.0,28.5,S
2021-07-07T09:27:36,500.0,28.6,B
2021-07-07T09:27:30,500.0,28.5,S
2021-07-07T09:27:29,500.0,28.5,S
2021-07-07T09:27:26,2000.0,28.6,B
2021-07-07T09:27:20,500.0,28.5,B
2021-07-07T09:27:15,700.0,28.5,S
2021-07-07T09:27:15,13400.0,28.5,S
2021-07-07T09:27:11,300.0,28.5,S
2021-07-07T09:27:02,700.0,28.5,S
2021-07-07T09:26:40,700.0,28.5,S
2021-07-07T09:26:33,10000.0,28.5,S
2021-07-07T09:26:31,800.0,28.5,S
2021-07-07T09:26:30,200.0,28.5,S
2021-07-07T09:26:23,100.0,28.5,S
2021-07-07T09:26:09,1300.0,28.5,S
2021-07-07T09:26:08,1000.0,28.7,S
2021-07-07T09:26:06,5000.0,28.7,S
2021-07-07T09:26:01,100.0,28.85,S
2021-07-07T09:25:56,500.0,28.7,S
2021-07-07T09:25:56,5000.0,28.7,S
2021-07-07T09:25:45,600.0,28.7,S
2021-07-07T09:25:44,700.0,28.7,S
2021-07-07T09:25:42,26400.0,28.7,S
2021-07-07T09:25:40,700.0,28.8,S
2021-07-07T09:25:39,3000.0,28.8,B
2021-07-07T09:25:34,100.0,28.7,S
2021-07-07T09:25:30,1500.0,28.7,S
2021-07-07T09:25:28,18000.0,28.7,S
2021-07-07T09:25:23,500.0,28.7,S
2021-07-07T09:25:20,500.0,28.7,S
2021-07-07T09:25:18,100.0,28.7,S
2021-07-07T09:25:15,1000.0,28.7,S
2021-07-07T09:25:15,100.0,28.7,S
2021-07-07T09:25:15,500.0,28.7,B
2021-07-07T09:25:07,1000.0,28.7,S
2021-07-07T09:25:07,1000.0,28.7,S
2021-07-07T09:24:58,3000.0,28.7,S
2021-07-07T09:24:53,2000.0,28.5,S
2021-07-07T09:24:51,3000.0,28.5,S
2021-07-07T09:24:50,200.0,28.5,S
2021-07-07T09:24:49,200.0,28.5,S
2021-07-07T09:24:43,1000.0,28.5,S
2021-07-07T09:24:39,700.0,28.7,B
2021-07-07T09:24:37,5100.0,28.5,S
2021-07-07T09:24:36,200.0,28.5,S
2021-07-07T09:24:35,500.0,28.7,B
2021-07-07T09:24:35,1300.0,28.7,B
2021-07-07T09:24:35,700.0,28.7,B
2021-07-07T09:24:28,300.0,28.7,B
2021-07-07T09:24:18,3000.0,28.5,S
2021-07-07T09:24:17,3000.0,28.7,S
2021-07-07T09:24:15,900.0,28.7,S
2021-07-07T09:24:15,100.0,28.9,S
2021-07-07T09:24:12,300.0,28.7,S
2021-07-07T09:24:09,500.0,28.7,B
2021-07-07T09:23:59,10000.0,28.5,S
2021-07-07T09:23:59,300.0,28.5,S
2021-07-07T09:23:58,2500.0,28.5,S
2021-07-07T09:23:57,200.0,28.7,S
2021-07-07T09:23:52,600.0,28.7,S
2021-07-07T09:23:52,500.0,28.7,S
2021-07-07T09:23:52,2900.0,28.7,S
2021-07-07T09:23:48,900.0,28.7,S
2021-07-07T09:23:36,500.0,28.7,S
2021-07-07T09:23:34,2000.0,29.05,B
2021-07-07T09:23:29,2200.0,28.7,S
2021-07-07T09:23:29,400.0,28.8,S
2021-07-07T09:23:29,3400.0,28.9,S
2021-07-07T09:23:25,400.0,29.0,B
2021-07-07T09:23:23,4400.0,29.0,S
2021-07-07T09:23:23,19000.0,29.0,S
2021-07-07T09:23:22,200.0,29.05,B
2021-07-07T09:23:18,1600.0,29.0,S
2021-07-07T09:23:16,1900.0,29.05,S
2021-07-07T09:23:14,2000.0,29.05,S
2021-07-07T09:23:12,1000.0,29.05,S
2021-07-07T09:23:12,1000.0,29.15,B
2021-07-07T09:23:10,1000.0,29.05,S
2021-07-07T09:23:03,1000.0,29.05,S
2021-07-07T09:23:01,2000.0,29.05,S
2021-07-07T09:22:48,5000.0,29.2,B
2021-07-07T09:22:47,500.0,29.05,S
2021-07-07T09:22:40,100.0,29.05,S
2021-07-07T09:22:32,1000.0,29.05,S
2021-07-07T09:22:29,200.0,29.05,S
2021-07-07T09:22:22,2000.0,29.05,S
2021-07-07T09:22:16,1400.0,29.05,S
2021-07-07T09:22:09,400.0,29.05,S
2021-07-07T09:22:09,100.0,29.05,S
2021-07-07T09:22:04,200.0,29.2,S
2021-07-07T09:22:04,1000.0,29.2,S
2021-07-07T09:22:04,400.0,29.2,S
2021-07-07T09:22:04,5300.0,29.2,S
2021-07-07T09:22:04,1500.0,29.2,S
2021-07-07T09:22:03,1800.0,29.2,S
2021-07-07T09:22:03,1000.0,29.2,S
2021-07-07T09:22:03,200.0,29.2,S
2021-07-07T09:22:03,200.0,29.2,S
2021-07-07T09:22:03,100.0,29.2,S
2021-07-07T09:22:03,1500.0,29.2,S
2021-07-07T09:22:00,3000.0,29.2,S
2021-07-07T09:21:58,200.0,29.2,S
2021-07-07T09:21:56,1000.0,29.2,S
2021-07-07T09:21:55,300.0,29.3,S
2021-07-07T09:21:50,1400.0,29.3,B
2021-07-07T09:21:49,700.0,29.2,S
2021-07-07T09:21:43,5000.0,29.2,S
2021-07-07T09:21:36,300.0,29.2,S
2021-07-07T09:21:24,100.0,29.3,S
2021-07-07T09:21:20,100.0,29.2,S
2021-07-07T09:21:02,100.0,29.25,S
2021-07-07T09:21:02,400.0,29.25,S
2021-07-07T09:21:02,600.0,29.25,S
2021-07-07T09:20:58,100.0,29.4,B
2021-07-07T09:20:55,3000.0,29.4,B
2021-07-07T09:20:49,1000.0,29.4,S
2021-07-07T09:20:47,10000.0,29.4,S
2021-07-07T09:20:01,800.0,29.45,B
2021-07-07T09:19:58,100.0,29.45,B
2021-07-07T09:19:57,100.0,29.45,B
2021-07-07T09:19:51,12700.0,29.45,S
2021-07-07T09:19:46,1000.0,29.5,B
2021-07-07T09:19:40,300.0,29.45,S
2021-07-07T09:19:35,1000.0,29.45,S
2021-07-07T09:19:32,2200.0,29.45,S
2021-07-07T09:19:32,2800.0,29.45,S
2021-07-07T09:19:32,3100.0,29.5,S
2021-07-07T09:19:32,1000.0,29.5,S
2021-07-07T09:19:32,400.0,29.5,S
2021-07-07T09:19:32,2500.0,29.5,S
2021-07-07T09:19:30,100.0,29.5,S
2021-07-07T09:19:24,4000.0,29.5,S
2021-07-07T09:19:15,1000.0,29.55,S
2021-07-07T09:19:15,2700.0,29.55,S
2021-07-07T09:19:14,2500.0,29.6,B
2021-07-07T09:19:08,100.0,29.55,S
2021-07-07T09:19:06,500.0,29.6,B
2021-07-07T09:19:06,7000.0,29.6,S
2021-07-07T09:19:06,1500.0,29.6,S
2021-07-07T09:19:03,1500.0,29.6,S
2021-07-07T09:19:01,900.0,29.6,S
2021-07-07T09:19:01,5000.0,29.6,S
2021-07-07T09:18:59,100.0,29.6,S
2021-07-07T09:18:41,5000.0,29.6,B
2021-07-07T09:18:36,200.0,29.7,B
2021-07-07T09:18:19,5000.0,29.7,B
2021-07-07T09:18:17,500.0,29.6,B
2021-07-07T09:18:15,100.0,29.55,S
2021-07-07T09:17:51,500.0,29.5,S
2021-07-07T09:17:48,200.0,29.6,S
2021-07-07T09:17:44,200.0,29.6,S
2021-07-07T09:17:41,88000.0,29.6,B
2021-07-07T09:17:36,400.0,29.6,B
2021-07-07T09:17:18,3000.0,29.5,S
2021-07-07T09:17:14,500.0,29.5,S
2021-07-07T09:17:14,2400.0,29.5,B
2021-07-07T09:17:11,500.0,29.5,B
2021-07-07T09:17:09,500.0,29.5,B
2021-07-07T09:17:03,1000.0,29.5,B
2021-07-07T09:16:49,200.0,29.45,S
2021-07-07T09:16:44,1000.0,29.45,S
2021-07-07T09:16:26,100.0,29.45,B
2021-07-07T09:16:26,200.0,29.45,B
2021-07-07T09:16:26,5700.0,29.45,B
2021-07-07T09:16:22,3000.0,29.45,B
2021-07-07T09:16:20,2800.0,29.3,B
2021-07-07T09:16:16,700.0,29.2,S
2021-07-07T09:16:14,2500.0,29.2,S
2021-07-07T09:16:13,900.0,29.4,S
2021-07-07T09:15:54,200.0,29.4,B
2021-07-07T09:15:42,3000.0,29.2,S
2021-07-07T09:15:08,3000.0,29.2,S
