tradingTime,volume,price,side
2021-07-07T14:39:56,100.0,9.8,S
2021-07-07T14:33:21,800.0,9.8,S
2021-07-07T14:31:06,9300.0,9.8,S
2021-07-07T14:29:02,4000.0,9.9,B
2021-07-07T14:28:53,1500.0,9.8,S
2021-07-07T14:28:38,3300.0,9.9,B
2021-07-07T14:27:24,19000.0,9.8,S
2021-07-07T14:25:38,300.0,9.8,S
2021-07-07T14:22:50,100.0,9.8,S
2021-07-07T14:22:49,200.0,9.8,S
2021-07-07T14:21:29,200.0,9.8,S
2021-07-07T14:21:23,400.0,9.8,S
2021-07-07T14:20:48,1200.0,9.8,B
2021-07-07T14:20:22,5000.0,9.8,B
2021-07-07T14:19:59,100.0,9.8,B
2021-07-07T14:17:53,100.0,9.8,B
2021-07-07T14:17:23,1600.0,9.8,B
2021-07-07T14:16:39,2000.0,9.8,S
2021-07-07T14:15:20,500.0,9.8,S
2021-07-07T14:14:59,1000.0,9.8,S
2021-07-07T14:14:21,200.0,9.8,S
2021-07-07T14:14:06,200.0,9.9,B
2021-07-07T14:12:37,1300.0,9.8,B
2021-07-07T14:10:41,100.0,9.8,B
2021-07-07T14:10:28,300.0,9.8,B
2021-07-07T14:10:23,200.0,9.8,B
2021-07-07T14:08:20,100.0,9.8,B
2021-07-07T14:07:17,300.0,9.8,S
2021-07-07T14:07:13,500.0,9.9,B
2021-07-07T14:05:44,20000.0,9.9,B
2021-07-07T14:05:23,200.0,9.8,S
2021-07-07T14:05:22,100.0,9.8,B
2021-07-07T14:04:59,5000.0,9.8,B
2021-07-07T14:04:49,1500.0,9.8,B
2021-07-07T14:00:20,100.0,9.8,B
2021-07-07T13:58:45,100.0,9.8,B
2021-07-07T13:58:39,2000.0,9.8,B
2021-07-07T13:58:12,4200.0,9.8,S
2021-07-07T13:57:46,200.0,9.8,S
2021-07-07T13:56:54,300.0,9.8,S
2021-07-07T13:56:51,900.0,9.8,S
2021-07-07T13:56:49,100.0,9.8,B
2021-07-07T13:56:43,100.0,9.8,B
2021-07-07T13:56:43,100.0,9.8,B
2021-07-07T13:56:41,100.0,9.8,B
2021-07-07T13:55:36,1000.0,9.8,S
2021-07-07T13:55:11,500.0,9.8,S
2021-07-07T13:54:54,2000.0,9.9,B
2021-07-07T13:54:26,200.0,9.9,B
2021-07-07T13:53:06,200.0,9.9,B
2021-07-07T13:53:05,300.0,9.8,S
2021-07-07T13:52:39,10000.0,9.8,S
2021-07-07T13:51:02,100.0,9.8,S
2021-07-07T13:49:46,1000.0,9.8,S
2021-07-07T13:49:11,800.0,9.8,S
2021-07-07T13:48:58,2000.0,9.8,S
2021-07-07T13:48:27,100.0,9.8,B
2021-07-07T13:48:15,100.0,9.8,S
2021-07-07T13:48:11,900.0,9.8,B
2021-07-07T13:48:04,2000.0,9.8,B
2021-07-07T13:48:00,1000.0,9.8,B
2021-07-07T13:47:32,300.0,9.8,B
2021-07-07T13:47:24,1000.0,9.8,B
2021-07-07T13:47:08,5000.0,9.8,B
2021-07-07T13:46:58,10000.0,9.8,B
2021-07-07T13:45:36,10000.0,9.8,B
2021-07-07T13:45:34,200.0,9.8,B
2021-07-07T13:42:42,100.0,9.7,S
2021-07-07T13:42:37,7000.0,9.7,S
2021-07-07T13:42:21,1000.0,9.7,B
2021-07-07T13:42:18,1000.0,9.7,B
2021-07-07T13:42:06,800.0,9.7,B
2021-07-07T13:41:35,3600.0,9.7,B
2021-07-07T13:41:26,100.0,9.7,B
2021-07-07T13:41:19,1000.0,9.7,B
2021-07-07T13:41:13,1000.0,9.7,B
2021-07-07T13:40:26,100.0,9.7,B
2021-07-07T13:40:03,5000.0,9.7,B
2021-07-07T13:39:23,1000.0,9.7,B
2021-07-07T13:39:10,1500.0,9.7,B
2021-07-07T13:38:59,1000.0,9.7,B
2021-07-07T13:36:22,1000.0,9.7,B
2021-07-07T13:36:22,300.0,9.7,B
2021-07-07T13:35:21,1000.0,9.7,B
2021-07-07T13:35:12,700.0,9.7,B
2021-07-07T13:34:45,1000.0,9.7,B
2021-07-07T13:34:43,3100.0,9.6,S
2021-07-07T13:34:39,1100.0,9.7,B
2021-07-07T13:33:44,500.0,9.7,B
2021-07-07T13:33:43,1000.0,9.7,B
2021-07-07T13:33:27,3000.0,9.7,B
2021-07-07T13:32:46,100.0,9.7,B
2021-07-07T13:31:59,100.0,9.7,B
2021-07-07T13:31:02,1000.0,9.7,B
2021-07-07T13:30:52,100.0,9.7,B
2021-07-07T13:29:51,1000.0,9.7,B
2021-07-07T13:29:38,300.0,9.7,B
2021-07-07T13:29:24,10800.0,9.7,S
2021-07-07T13:28:31,1000.0,9.8,B
2021-07-07T13:28:24,1000.0,9.8,B
2021-07-07T13:28:00,100.0,9.7,S
2021-07-07T13:27:41,100.0,9.7,S
2021-07-07T13:27:23,100.0,9.7,S
2021-07-07T13:23:54,100.0,9.8,B
2021-07-07T13:23:32,100.0,9.8,B
2021-07-07T13:23:23,100.0,9.8,B
2021-07-07T13:23:14,100.0,9.8,B
2021-07-07T13:22:14,1000.0,9.8,B
2021-07-07T13:21:33,1000.0,9.8,B
2021-07-07T13:19:10,4000.0,9.7,S
2021-07-07T13:18:57,1000.0,9.7,S
2021-07-07T13:17:25,1000.0,9.7,S
2021-07-07T13:16:52,15000.0,9.7,S
2021-07-07T13:16:18,1000.0,9.8,B
2021-07-07T13:15:35,1000.0,9.8,B
2021-07-07T13:15:31,100.0,9.8,B
2021-07-07T13:15:23,100.0,9.8,B
2021-07-07T13:14:38,1000.0,9.8,B
2021-07-07T13:14:12,100.0,9.8,B
2021-07-07T13:13:46,500.0,9.8,B
2021-07-07T13:09:33,10000.0,9.7,S
2021-07-07T13:09:31,3900.0,9.7,S
2021-07-07T13:01:59,1100.0,9.7,S
2021-07-07T13:00:29,100.0,9.8,B
2021-07-07T13:00:23,500.0,9.7,S
2021-07-07T11:29:38,500.0,9.7,S
2021-07-07T11:28:32,1000.0,9.7,S
2021-07-07T11:25:50,2100.0,9.7,B
2021-07-07T11:23:51,100.0,9.7,B
2021-07-07T11:23:48,2000.0,9.7,B
2021-07-07T11:23:38,5000.0,9.7,B
2021-07-07T11:23:15,300.0,9.7,B
2021-07-07T11:22:45,100.0,9.7,B
2021-07-07T11:22:17,3200.0,9.7,S
2021-07-07T11:20:03,800.0,9.7,B
2021-07-07T11:19:41,1600.0,9.7,S
2021-07-07T11:19:36,3400.0,9.7,B
2021-07-07T11:19:02,2000.0,9.7,B
2021-07-07T11:18:59,600.0,9.7,B
2021-07-07T11:17:57,600.0,9.7,B
2021-07-07T11:17:39,1000.0,9.7,B
2021-07-07T11:17:31,10000.0,9.7,B
2021-07-07T11:17:22,400.0,9.7,B
2021-07-07T11:17:14,1800.0,9.7,B
2021-07-07T11:17:09,300.0,9.7,B
2021-07-07T11:16:56,1200.0,9.7,B
2021-07-07T11:16:16,2500.0,9.7,B
2021-07-07T11:16:16,19200.0,9.7,S
2021-07-07T11:16:15,29200.0,9.7,S
2021-07-07T11:14:44,200.0,9.8,B
2021-07-07T11:12:22,2000.0,9.8,B
2021-07-07T11:11:39,100.0,9.8,B
2021-07-07T11:10:46,500.0,9.8,B
2021-07-07T11:10:10,500.0,9.8,B
2021-07-07T11:08:59,4000.0,9.8,S
2021-07-07T11:01:49,4000.0,9.8,S
2021-07-07T11:00:55,2700.0,9.8,B
2021-07-07T11:00:13,6300.0,9.8,S
2021-07-07T10:54:08,200.0,9.8,S
2021-07-07T10:53:59,300.0,9.8,S
2021-07-07T10:53:55,2000.0,9.7,S
2021-07-07T10:53:36,5000.0,9.8,B
2021-07-07T10:53:16,100.0,9.8,B
2021-07-07T10:51:22,200.0,9.8,B
2021-07-07T10:49:42,100.0,9.8,B
2021-07-07T10:48:54,1000.0,9.7,S
2021-07-07T10:48:47,100.0,9.8,B
2021-07-07T10:48:35,1000.0,9.7,S
2021-07-07T10:46:51,500.0,9.8,B
2021-07-07T10:46:36,5300.0,9.7,S
2021-07-07T10:46:35,6300.0,9.8,S
2021-07-07T10:46:15,3000.0,9.8,S
2021-07-07T10:40:21,1500.0,9.8,S
2021-07-07T10:39:53,2000.0,9.8,S
2021-07-07T10:38:47,100.0,9.9,B
2021-07-07T10:36:32,200.0,9.9,B
2021-07-07T10:35:52,1500.0,9.8,S
2021-07-07T10:35:08,2000.0,9.8,S
2021-07-07T10:34:41,4600.0,9.8,B
2021-07-07T10:34:29,200.0,9.8,B
2021-07-07T10:34:22,100.0,9.8,B
2021-07-07T10:34:05,200.0,9.8,B
2021-07-07T10:34:00,5000.0,9.8,B
2021-07-07T10:33:26,19900.0,9.8,S
2021-07-07T10:33:23,200.0,9.9,B
2021-07-07T10:32:52,100.0,9.9,B
2021-07-07T10:32:09,100.0,9.9,B
2021-07-07T10:31:58,5000.0,9.9,B
2021-07-07T10:29:02,1000.0,9.8,S
2021-07-07T10:28:31,10000.0,9.8,S
2021-07-07T10:28:17,200.0,9.8,S
2021-07-07T10:27:44,1000.0,9.8,S
2021-07-07T10:26:53,500.0,9.8,S
2021-07-07T10:26:35,200.0,9.8,S
2021-07-07T10:26:04,1000.0,9.8,S
2021-07-07T10:25:50,13600.0,9.9,B
2021-07-07T10:22:10,100.0,9.9,B
2021-07-07T10:21:53,5000.0,9.9,B
2021-07-07T10:20:13,600.0,9.9,S
2021-07-07T10:18:54,500.0,9.9,S
2021-07-07T10:17:02,100.0,10.0,B
2021-07-07T10:07:18,1800.0,10.0,S
2021-07-07T10:05:59,500.0,10.0,S
2021-07-07T10:05:31,100.0,10.0,S
2021-07-07T10:05:29,100.0,10.0,S
2021-07-07T10:05:20,100.0,10.0,S
2021-07-07T10:04:04,400.0,10.0,S
2021-07-07T10:03:57,500.0,10.0,S
2021-07-07T10:03:47,17500.0,10.0,B
2021-07-07T10:03:12,5000.0,10.0,B
2021-07-07T10:02:12,4200.0,9.9,S
2021-07-07T10:02:11,500.0,9.8,S
2021-07-07T09:59:16,2000.0,9.8,S
2021-07-07T09:57:49,100.0,9.8,S
2021-07-07T09:57:39,100.0,9.8,S
2021-07-07T09:57:01,100.0,9.8,S
2021-07-07T09:56:58,100.0,9.8,S
2021-07-07T09:56:11,500.0,9.8,S
2021-07-07T09:55:27,2100.0,9.8,S
2021-07-07T09:54:06,3100.0,9.8,S
2021-07-07T09:52:41,100.0,9.8,S
2021-07-07T09:51:57,200.0,9.8,S
2021-07-07T09:51:41,1000.0,9.8,S
2021-07-07T09:50:31,100.0,9.8,S
2021-07-07T09:48:25,100.0,9.8,S
2021-07-07T09:48:09,1200.0,9.8,S
2021-07-07T09:48:02,100.0,9.8,B
2021-07-07T09:47:22,2000.0,9.8,B
2021-07-07T09:47:15,6700.0,9.8,S
2021-07-07T09:47:13,5500.0,9.8,S
2021-07-07T09:45:35,2500.0,9.8,S
2021-07-07T09:45:01,400.0,9.8,S
2021-07-07T09:44:41,200.0,9.9,B
2021-07-07T09:44:36,2100.0,9.9,S
2021-07-07T09:44:30,1000.0,9.9,S
2021-07-07T09:44:03,400.0,9.9,S
2021-07-07T09:43:42,1600.0,9.9,S
2021-07-07T09:43:21,1000.0,9.9,S
2021-07-07T09:42:41,200.0,9.9,S
2021-07-07T09:41:46,1000.0,9.9,S
2021-07-07T09:40:01,3000.0,9.9,S
2021-07-07T09:39:49,2400.0,9.9,S
2021-07-07T09:38:25,8600.0,9.9,B
2021-07-07T09:38:01,400.0,9.8,S
2021-07-07T09:36:22,100.0,9.9,B
2021-07-07T09:35:54,4700.0,9.8,S
2021-07-07T09:35:41,5000.0,9.8,B
2021-07-07T09:35:31,5000.0,9.8,B
2021-07-07T09:35:05,4900.0,9.8,S
2021-07-07T09:34:29,400.0,9.8,S
2021-07-07T09:33:51,200.0,9.8,S
2021-07-07T09:33:48,200.0,9.8,B
2021-07-07T09:33:27,100.0,9.7,S
2021-07-07T09:32:45,100.0,9.7,S
2021-07-07T09:32:30,1000.0,9.7,S
2021-07-07T09:31:47,3000.0,9.7,S
2021-07-07T09:31:16,200.0,9.7,S
2021-07-07T09:30:53,200.0,9.7,S
2021-07-07T09:30:33,200.0,9.7,S
2021-07-07T09:30:08,500.0,9.7,S
2021-07-07T09:29:37,1000.0,9.7,S
2021-07-07T09:29:34,46000.0,9.9,B
2021-07-07T09:29:32,300.0,9.7,S
2021-07-07T09:29:29,100.0,9.7,S
2021-07-07T09:29:10,100.0,9.7,S
2021-07-07T09:29:04,400.0,9.7,S
2021-07-07T09:28:48,500.0,9.7,S
2021-07-07T09:28:47,500.0,9.8,S
2021-07-07T09:26:13,5000.0,9.9,B
2021-07-07T09:25:24,3900.0,9.9,B
2021-07-07T09:25:23,2000.0,9.9,S
2021-07-07T09:25:20,100.0,9.9,S
2021-07-07T09:24:58,500.0,9.9,S
2021-07-07T09:24:56,100.0,10.0,B
2021-07-07T09:24:22,300.0,9.9,S
2021-07-07T09:24:13,100.0,9.9,S
2021-07-07T09:24:03,100.0,9.9,S
2021-07-07T09:23:38,400.0,9.9,S
2021-07-07T09:23:19,1000.0,10.0,B
2021-07-07T09:23:14,5200.0,10.0,B
2021-07-07T09:22:50,3000.0,10.0,S
2021-07-07T09:22:16,200.0,10.0,S
2021-07-07T09:22:11,2000.0,10.0,S
2021-07-07T09:21:23,500.0,10.0,S
2021-07-07T09:20:31,100.0,10.0,S
2021-07-07T09:19:32,2000.0,10.0,S
2021-07-07T09:19:18,900.0,10.0,S
2021-07-07T09:17:55,17000.0,10.0,S
2021-07-07T09:17:18,1600.0,10.1,S
2021-07-07T09:17:02,200.0,10.1,S
2021-07-07T09:15:54,500.0,10.1,S
2021-07-07T09:15:01,500.0,10.1,S
2021-07-07T09:14:55,200.0,10.1,S
2021-07-07T09:14:52,400.0,10.1,S
2021-07-07T09:14:43,800.0,10.1,S
2021-07-07T09:13:37,100.0,10.1,S
2021-07-07T09:11:06,800.0,10.1,S
2021-07-07T09:11:00,2300.0,10.1,S
2021-07-07T09:10:32,1500.0,10.1,S
2021-07-07T09:10:29,1000.0,10.1,S
2021-07-07T09:09:33,400.0,10.1,S
2021-07-07T09:08:46,500.0,10.1,B
2021-07-07T09:07:22,400.0,10.1,B
2021-07-07T09:07:07,1400.0,10.1,S
2021-07-07T09:05:45,100.0,10.1,S
2021-07-07T09:05:26,500.0,10.1,B
2021-07-07T09:03:40,500.0,10.0,S
2021-07-07T09:03:21,600.0,10.0,S
2021-07-07T09:00:20,500.0,10.0,S
2021-07-07T09:00:13,200.0,9.9,S
