tradingTime,volume,price,side
2021-07-07T14:29:16,500.0,2.92,S
2021-07-07T14:29:16,5000.0,2.92,S
2021-07-07T14:28:56,500.0,2.95,B
2021-07-07T14:26:08,500.0,2.95,B
2021-07-07T14:23:05,6300.0,2.95,S
2021-07-07T14:21:41,1700.0,2.95,B
2021-07-07T14:20:29,2500.0,2.95,B
2021-07-07T14:20:06,100.0,2.95,B
2021-07-07T14:19:48,3000.0,2.95,B
2021-07-07T14:19:33,100.0,2.95,B
2021-07-07T14:14:10,100.0,2.95,B
2021-07-07T14:11:20,500.0,2.95,B
2021-07-07T14:10:48,100.0,2.95,B
2021-07-07T14:10:01,100.0,2.95,B
2021-07-07T14:08:11,100.0,2.91,B
2021-07-07T14:06:20,4700.0,2.86,B
2021-07-07T14:06:09,10000.0,2.86,B
2021-07-07T14:05:21,500.0,2.86,B
2021-07-07T14:05:19,300.0,2.86,B
2021-07-07T14:02:53,3300.0,2.86,S
2021-07-07T13:57:45,1200.0,2.85,S
2021-07-07T13:57:45,9500.0,2.85,S
2021-07-07T13:57:45,11000.0,2.85,S
2021-07-07T13:57:45,4800.0,2.85,S
2021-07-07T13:57:45,19500.0,2.85,S
2021-07-07T13:57:37,300.0,2.9,S
2021-07-07T13:57:02,500.0,2.91,S
2021-07-07T13:56:58,100.0,2.95,B
2021-07-07T13:55:17,400.0,2.95,B
2021-07-07T13:54:39,1000.0,2.95,B
2021-07-07T13:53:39,100.0,2.95,S
2021-07-07T13:52:52,900.0,2.95,B
2021-07-07T13:51:37,200.0,2.95,B
2021-07-07T13:50:28,100.0,2.95,B
2021-07-07T13:50:22,500.0,2.95,B
2021-07-07T13:49:59,2000.0,2.95,B
2021-07-07T13:49:34,6600.0,2.95,S
2021-07-07T13:47:24,1700.0,2.95,B
2021-07-07T13:45:55,100.0,2.95,B
2021-07-07T13:45:10,200.0,2.95,B
2021-07-07T13:45:01,700.0,2.91,S
2021-07-07T13:44:42,100.0,2.96,B
2021-07-07T13:44:06,100.0,2.91,S
2021-07-07T13:42:11,4900.0,2.9,B
2021-07-07T13:40:10,100.0,2.9,B
2021-07-07T13:33:26,14500.0,2.85,S
2021-07-07T13:33:26,21100.0,2.85,S
2021-07-07T13:33:26,14400.0,2.86,S
2021-07-07T13:31:22,900.0,2.88,S
2021-07-07T13:30:23,10000.0,2.88,S
2021-07-07T13:26:24,500.0,2.98,B
2021-07-07T13:24:11,600.0,2.98,B
2021-07-07T13:18:21,100.0,2.98,B
2021-07-07T13:09:43,38000.0,2.92,S
2021-07-07T13:09:28,100.0,2.9,B
2021-07-07T13:08:27,300.0,2.9,B
2021-07-07T13:07:54,400.0,2.9,B
2021-07-07T13:07:43,1000.0,2.9,B
2021-07-07T13:07:42,600.0,2.9,B
2021-07-07T13:07:13,200.0,2.9,B
2021-07-07T13:06:55,100.0,2.9,B
2021-07-07T13:06:41,2000.0,2.9,B
2021-07-07T13:06:19,200.0,2.9,B
2021-07-07T13:06:11,800.0,2.9,B
2021-07-07T13:05:46,200.0,2.9,B
2021-07-07T13:05:33,100.0,2.9,B
2021-07-07T13:05:24,300.0,2.9,B
2021-07-07T13:05:13,100.0,2.9,B
2021-07-07T13:05:00,300.0,2.9,B
2021-07-07T13:04:44,800.0,2.9,B
2021-07-07T13:02:35,100.0,2.9,B
2021-07-07T13:01:37,100.0,2.9,B
2021-07-07T13:00:28,800.0,2.9,B
2021-07-07T13:00:23,500.0,2.9,B
2021-07-07T13:00:07,300.0,2.9,B
2021-07-07T13:00:03,100.0,2.9,B
2021-07-07T13:00:03,200.0,2.9,B
2021-07-07T13:00:03,1000.0,2.9,B
2021-07-07T13:00:03,1200.0,2.9,S
2021-07-07T11:29:58,6300.0,2.91,B
2021-07-07T11:29:34,2900.0,2.9,S
2021-07-07T11:29:34,7100.0,2.9,S
2021-07-07T11:28:57,10000.0,2.9,S
2021-07-07T11:28:22,10000.0,2.9,S
2021-07-07T11:27:48,3200.0,2.91,S
2021-07-07T11:23:50,100.0,2.91,S
2021-07-07T11:17:42,100.0,2.9,B
2021-07-07T11:17:29,10000.0,2.9,B
2021-07-07T11:15:53,100.0,2.9,B
2021-07-07T11:15:09,3000.0,2.9,B
2021-07-07T11:13:11,100.0,2.9,B
2021-07-07T11:12:16,100.0,2.9,B
2021-07-07T11:12:01,200.0,2.9,S
2021-07-07T11:12:01,200.0,2.9,S
2021-07-07T11:11:12,100.0,2.9,S
2021-07-07T11:11:12,9900.0,2.9,S
2021-07-07T11:11:08,1000.0,2.9,S
2021-07-07T11:10:24,10000.0,2.9,S
2021-07-07T11:09:33,1000.0,2.9,S
2021-07-07T11:06:32,100.0,2.9,S
2021-07-07T11:05:17,100.0,2.92,B
2021-07-07T11:04:12,2000.0,2.92,B
2021-07-07T11:03:11,100.0,2.9,S
2021-07-07T11:02:29,5000.0,2.9,B
2021-07-07T11:02:29,1000.0,2.9,B
2021-07-07T11:02:22,100.0,2.88,S
2021-07-07T10:58:37,4000.0,2.88,B
2021-07-07T10:58:37,500.0,2.88,B
2021-07-07T10:56:58,200.0,2.88,B
2021-07-07T10:56:53,100.0,2.86,S
2021-07-07T10:55:37,1000.0,2.86,S
2021-07-07T10:52:43,3400.0,2.87,S
2021-07-07T10:50:44,2000.0,2.86,S
2021-07-07T10:45:41,100.0,2.86,S
2021-07-07T10:44:12,38000.0,2.85,S
2021-07-07T10:44:04,100.0,2.88,B
2021-07-07T10:43:05,2400.0,2.88,S
2021-07-07T10:43:05,100.0,2.88,S
2021-07-07T10:43:05,100.0,2.89,S
2021-07-07T10:41:46,1500.0,2.9,B
2021-07-07T10:40:14,500.0,2.9,B
2021-07-07T10:39:18,3200.0,2.9,S
2021-07-07T10:38:42,200.0,2.9,S
2021-07-07T10:34:49,800.0,2.9,S
2021-07-07T10:34:39,1000.0,2.9,S
2021-07-07T10:33:02,4400.0,2.9,B
2021-07-07T10:30:00,500.0,2.9,S
2021-07-07T10:29:56,600.0,2.9,S
2021-07-07T10:29:56,10400.0,2.9,S
2021-07-07T10:29:12,100.0,2.91,S
2021-07-07T10:29:00,300.0,2.92,B
2021-07-07T10:28:33,200.0,2.92,B
2021-07-07T10:28:20,400.0,2.92,B
2021-07-07T10:26:34,1100.0,2.92,S
2021-07-07T10:26:24,4000.0,2.92,S
2021-07-07T10:24:21,100.0,2.93,B
2021-07-07T10:21:27,100.0,2.94,B
2021-07-07T10:19:48,100.0,2.94,B
2021-07-07T10:19:44,200.0,2.94,B
2021-07-07T10:19:33,100.0,2.94,B
2021-07-07T10:18:15,100.0,2.94,B
2021-07-07T10:16:10,900.0,2.9,S
2021-07-07T10:16:10,800.0,2.9,S
2021-07-07T10:13:29,2000.0,2.9,S
2021-07-07T10:12:04,100.0,2.9,S
2021-07-07T10:12:04,100.0,2.95,B
2021-07-07T10:11:17,400.0,2.9,S
2021-07-07T10:09:34,200.0,2.9,S
2021-07-07T10:06:01,700.0,2.9,S
2021-07-07T10:04:47,1200.0,2.9,S
2021-07-07T10:04:47,200.0,2.9,S
2021-07-07T10:04:47,1900.0,2.9,S
2021-07-07T10:04:40,100.0,2.91,B
2021-07-07T10:00:03,200.0,2.9,B
2021-07-07T09:59:50,300.0,2.9,B
2021-07-07T09:59:36,10000.0,2.9,B
2021-07-07T09:57:05,2100.0,2.85,S
2021-07-07T09:57:03,100.0,2.86,B
2021-07-07T09:57:02,500.0,2.86,B
2021-07-07T09:56:39,800.0,2.86,B
2021-07-07T09:56:32,1000.0,2.86,B
2021-07-07T09:56:25,6000.0,2.86,B
2021-07-07T09:55:57,1000.0,2.86,B
2021-07-07T09:55:21,300.0,2.86,B
2021-07-07T09:54:52,400.0,2.86,B
2021-07-07T09:54:46,200.0,2.86,B
2021-07-07T09:54:22,5000.0,2.86,B
2021-07-07T09:54:05,5000.0,2.86,B
2021-07-07T09:54:03,100.0,2.86,B
2021-07-07T09:54:03,3000.0,2.86,S
2021-07-07T09:53:56,700.0,2.88,B
2021-07-07T09:53:48,200.0,2.88,B
2021-07-07T09:53:48,200.0,2.88,B
2021-07-07T09:53:47,5000.0,2.88,B
2021-07-07T09:53:30,5000.0,2.9,B
2021-07-07T09:52:56,4500.0,2.9,B
2021-07-07T09:48:49,500.0,2.9,B
2021-07-07T09:47:54,12600.0,2.85,S
2021-07-07T09:47:54,13800.0,2.86,S
2021-07-07T09:47:54,2400.0,2.89,S
2021-07-07T09:47:54,1200.0,2.9,S
2021-07-07T09:44:57,500.0,2.9,S
2021-07-07T09:43:53,1000.0,2.9,S
2021-07-07T09:43:26,5000.0,2.9,S
2021-07-07T09:40:44,4300.0,3.0,B
2021-07-07T09:40:44,700.0,3.0,B
2021-07-07T09:40:22,5000.0,2.99,B
2021-07-07T09:38:50,700.0,2.9,S
2021-07-07T09:37:45,1400.0,2.89,S
2021-07-07T09:35:57,500.0,2.89,B
2021-07-07T09:35:30,300.0,2.89,B
2021-07-07T09:35:08,500.0,2.89,B
2021-07-07T09:35:05,100.0,2.86,S
2021-07-07T09:34:49,100.0,2.89,B
2021-07-07T09:34:25,100.0,2.89,B
2021-07-07T09:34:25,400.0,2.89,B
2021-07-07T09:34:09,100.0,2.89,B
2021-07-07T09:33:22,200.0,2.89,B
2021-07-07T09:33:08,200.0,2.89,B
2021-07-07T09:31:36,500.0,2.89,B
2021-07-07T09:30:53,500.0,2.89,B
2021-07-07T09:30:20,300.0,2.85,S
2021-07-07T09:29:34,9700.0,2.85,S
2021-07-07T09:29:18,500.0,2.89,B
2021-07-07T09:28:27,6200.0,2.85,S
2021-07-07T09:26:35,200.0,2.85,S
2021-07-07T09:24:42,200.0,2.83,S
2021-07-07T09:23:00,100.0,2.89,B
2021-07-07T09:22:42,200.0,2.9,B
2021-07-07T09:22:40,300.0,2.9,S
2021-07-07T09:22:40,17300.0,2.9,S
2021-07-07T09:22:24,100.0,2.91,B
2021-07-07T09:22:21,7000.0,2.91,S
2021-07-07T09:22:21,6400.0,2.91,S
2021-07-07T09:20:03,500.0,2.91,S
2021-07-07T09:20:03,100.0,2.91,S
2021-07-07T09:20:03,200.0,2.91,S
2021-07-07T09:19:34,100.0,2.99,B
2021-07-07T09:19:34,26000.0,2.9,S
2021-07-07T09:16:46,700.0,2.9,S
2021-07-07T09:16:07,800.0,2.81,S
2021-07-07T09:16:07,5500.0,2.81,S
