tradingTime,volume,price,side
2021-07-07T14:28:51,3300.0,49.4,B
2021-07-07T14:28:21,1000.0,49.4,B
2021-07-07T14:28:10,1000.0,49.4,B
2021-07-07T14:28:02,800.0,49.4,B
2021-07-07T14:27:04,1000.0,49.35,B
2021-07-07T14:26:15,1400.0,49.35,B
2021-07-07T14:25:40,600.0,49.35,S
2021-07-07T14:24:59,100.0,49.35,S
2021-07-07T14:24:43,1000.0,49.35,B
2021-07-07T14:24:16,900.0,49.35,S
2021-07-07T14:22:10,100.0,49.4,B
2021-07-07T14:22:04,600.0,49.35,S
2021-07-07T14:21:35,100.0,49.4,B
2021-07-07T14:21:27,1000.0,49.4,B
2021-07-07T14:20:29,500.0,49.4,B
2021-07-07T14:20:15,800.0,49.4,B
2021-07-07T14:19:28,200.0,49.4,B
2021-07-07T14:19:16,1000.0,49.4,B
2021-07-07T14:18:30,300.0,49.4,B
2021-07-07T14:17:59,500.0,49.4,B
2021-07-07T14:17:43,800.0,49.4,B
2021-07-07T14:17:39,100.0,49.4,B
2021-07-07T14:17:14,500.0,49.4,B
2021-07-07T14:17:05,100.0,49.4,B
2021-07-07T14:16:50,3600.0,49.4,S
2021-07-07T14:15:31,100.0,49.4,S
2021-07-07T14:13:57,100.0,49.4,S
2021-07-07T14:13:55,1400.0,49.45,S
2021-07-07T14:13:13,6000.0,49.45,S
2021-07-07T14:12:44,1000.0,49.4,S
2021-07-07T14:12:17,800.0,49.45,B
2021-07-07T14:12:09,1000.0,49.4,S
2021-07-07T14:11:50,1000.0,49.4,S
2021-07-07T14:11:37,200.0,49.45,B
2021-07-07T14:10:12,100.0,49.4,S
2021-07-07T14:09:13,500.0,49.4,S
2021-07-07T14:08:59,1000.0,49.4,S
2021-07-07T14:08:21,300.0,49.4,B
2021-07-07T14:07:29,200.0,49.4,S
2021-07-07T14:06:26,400.0,49.35,S
2021-07-07T14:04:24,800.0,49.5,B
2021-07-07T14:04:00,600.0,49.35,S
2021-07-07T14:03:49,100.0,49.5,B
2021-07-07T14:03:00,1200.0,49.5,B
2021-07-07T14:03:00,3800.0,49.5,B
2021-07-07T14:02:25,200.0,49.5,B
2021-07-07T14:01:23,3000.0,49.5,B
2021-07-07T14:01:21,1000.0,49.5,B
2021-07-07T14:00:58,1000.0,49.5,B
2021-07-07T14:00:57,1000.0,49.5,S
2021-07-07T14:00:47,3000.0,49.5,S
2021-07-07T14:00:45,2800.0,49.5,S
2021-07-07T14:00:34,1000.0,49.5,S
2021-07-07T14:00:09,2000.0,49.5,S
2021-07-07T13:59:10,1000.0,49.55,B
2021-07-07T13:58:47,1000.0,49.55,B
2021-07-07T13:58:25,300.0,49.55,B
2021-07-07T13:58:24,100.0,49.55,S
2021-07-07T13:58:24,800.0,49.55,S
2021-07-07T13:58:14,600.0,49.6,S
2021-07-07T13:57:39,1000.0,49.6,S
2021-07-07T13:57:18,1000.0,49.6,S
2021-07-07T13:57:04,3100.0,49.6,S
2021-07-07T13:57:00,2000.0,49.6,B
2021-07-07T13:56:31,800.0,49.6,B
2021-07-07T13:54:01,100.0,49.55,S
2021-07-07T13:53:31,100.0,49.6,S
2021-07-07T13:52:21,10000.0,49.6,S
2021-07-07T13:51:35,100.0,49.9,B
2021-07-07T13:51:17,200.0,49.9,B
2021-07-07T13:51:05,200.0,49.9,S
2021-07-07T13:51:05,2400.0,49.9,S
2021-07-07T13:50:54,1000.0,49.9,S
2021-07-07T13:50:38,500.0,49.95,B
2021-07-07T13:50:31,100.0,49.95,B
2021-07-07T13:50:28,1000.0,49.9,S
2021-07-07T13:49:45,900.0,49.95,S
2021-07-07T13:49:12,600.0,49.95,B
2021-07-07T13:48:38,800.0,49.95,B
2021-07-07T13:48:34,6800.0,49.6,S
2021-07-07T13:48:34,200.0,49.6,S
2021-07-07T13:48:09,1000.0,49.95,B
2021-07-07T13:47:48,1000.0,49.9,B
2021-07-07T13:47:16,300.0,49.8,S
2021-07-07T13:46:43,1000.0,49.8,S
2021-07-07T13:46:39,100.0,49.95,B
2021-07-07T13:46:32,2700.0,49.95,B
2021-07-07T13:46:21,5000.0,49.95,B
2021-07-07T13:44:29,200.0,49.95,B
2021-07-07T13:43:34,800.0,49.95,B
2021-07-07T13:43:22,8400.0,49.95,B
2021-07-07T13:43:05,9000.0,49.9,B
2021-07-07T13:42:36,700.0,49.9,B
2021-07-07T13:42:34,10000.0,49.5,S
2021-07-07T13:42:32,1200.0,49.7,B
2021-07-07T13:42:29,400.0,49.7,B
2021-07-07T13:42:25,400.0,49.7,B
2021-07-07T13:42:13,800.0,49.7,B
2021-07-07T13:42:06,2200.0,49.7,B
2021-07-07T13:42:06,100.0,49.7,B
2021-07-07T13:41:58,100.0,49.7,B
2021-07-07T13:41:58,200.0,49.7,B
2021-07-07T13:41:52,300.0,49.7,B
2021-07-07T13:41:10,500.0,49.6,B
2021-07-07T13:40:55,2500.0,49.5,B
2021-07-07T13:40:52,1200.0,49.5,B
2021-07-07T13:40:45,800.0,49.5,B
2021-07-07T13:40:43,500.0,49.5,B
2021-07-07T13:40:23,5000.0,49.6,B
2021-07-07T13:40:06,5000.0,49.5,B
2021-07-07T13:39:48,100.0,49.5,B
2021-07-07T13:38:08,8000.0,49.5,B
2021-07-07T13:36:59,5600.0,49.5,B
2021-07-07T13:36:21,6100.0,49.5,B
2021-07-07T13:36:21,6900.0,49.5,B
2021-07-07T13:32:55,500.0,49.2,B
2021-07-07T13:32:55,300.0,49.1,B
2021-07-07T13:32:35,700.0,49.1,B
2021-07-07T13:32:14,300.0,49.0,B
2021-07-07T13:32:03,500.0,48.95,S
2021-07-07T13:31:41,500.0,48.95,S
2021-07-07T13:31:09,400.0,48.95,S
2021-07-07T13:30:27,100.0,49.0,B
2021-07-07T13:30:22,1000.0,49.0,B
2021-07-07T13:30:03,800.0,49.0,B
2021-07-07T13:30:00,500.0,49.0,B
2021-07-07T13:29:44,300.0,49.0,S
2021-07-07T13:29:41,700.0,49.0,S
2021-07-07T13:29:41,500.0,49.0,B
2021-07-07T13:29:33,2600.0,49.0,B
2021-07-07T13:29:31,1000.0,49.0,B
2021-07-07T13:29:27,1700.0,49.0,B
2021-07-07T13:29:24,100.0,49.0,B
2021-07-07T13:29:18,200.0,49.0,B
2021-07-07T13:29:09,1200.0,49.0,B
2021-07-07T13:29:05,1000.0,49.0,B
2021-07-07T13:29:00,600.0,49.0,B
2021-07-07T13:28:55,100.0,49.0,B
2021-07-07T13:28:20,1200.0,48.95,S
2021-07-07T13:27:29,1000.0,48.95,B
2021-07-07T13:27:22,200.0,48.95,B
2021-07-07T13:27:14,1200.0,48.95,B
2021-07-07T13:27:10,500.0,48.95,B
2021-07-07T13:27:05,100.0,48.95,B
2021-07-07T13:26:28,100.0,49.0,B
2021-07-07T13:25:43,1000.0,49.0,S
2021-07-07T13:25:43,800.0,49.0,S
2021-07-07T13:25:42,2500.0,49.0,S
2021-07-07T13:25:17,2800.0,49.05,S
2021-07-07T13:25:04,100.0,49.1,S
2021-07-07T13:25:04,1700.0,49.1,S
2021-07-07T13:25:04,200.0,49.15,S
2021-07-07T13:24:59,800.0,49.2,B
2021-07-07T13:24:47,100.0,49.2,B
2021-07-07T13:24:45,100.0,49.2,S
2021-07-07T13:24:45,1000.0,49.2,S
2021-07-07T13:24:34,100.0,49.3,B
2021-07-07T13:23:46,500.0,49.3,B
2021-07-07T13:23:40,2100.0,49.2,S
2021-07-07T13:23:08,100.0,49.3,S
2021-07-07T13:23:05,200.0,49.3,S
2021-07-07T13:22:09,100.0,49.2,S
2021-07-07T13:21:39,100.0,49.4,B
2021-07-07T13:21:05,100.0,49.5,S
2021-07-07T13:21:00,500.0,49.5,S
2021-07-07T13:19:51,200.0,49.5,S
2021-07-07T13:18:11,400.0,49.6,B
2021-07-07T13:17:11,3000.0,49.6,B
2021-07-07T13:17:06,800.0,49.5,B
2021-07-07T13:17:01,100.0,49.3,B
2021-07-07T13:16:47,300.0,49.3,S
2021-07-07T13:16:45,3000.0,49.5,B
2021-07-07T13:16:29,1000.0,49.4,B
2021-07-07T13:16:25,1000.0,49.3,B
2021-07-07T13:16:17,1000.0,49.3,B
2021-07-07T13:16:01,200.0,49.3,B
2021-07-07T13:15:35,700.0,49.3,S
2021-07-07T13:14:39,1000.0,49.5,B
2021-07-07T13:13:04,5900.0,49.5,B
2021-07-07T13:11:35,1000.0,49.5,B
2021-07-07T13:11:22,4700.0,49.45,S
2021-07-07T13:11:19,200.0,49.5,B
2021-07-07T13:10:58,1300.0,49.5,B
2021-07-07T13:10:50,2400.0,49.5,B
2021-07-07T13:10:38,500.0,49.45,B
2021-07-07T13:10:30,400.0,49.45,B
2021-07-07T13:10:11,100.0,49.45,B
2021-07-07T13:10:03,900.0,49.45,B
2021-07-07T13:09:49,8300.0,49.45,B
2021-07-07T13:09:47,2000.0,49.35,S
2021-07-07T13:09:42,3200.0,49.4,B
2021-07-07T13:09:13,600.0,49.4,B
2021-07-07T13:09:13,200.0,49.4,B
2021-07-07T13:09:10,200.0,49.4,B
2021-07-07T13:08:45,4700.0,49.4,B
2021-07-07T13:08:45,600.0,49.4,B
2021-07-07T13:08:45,1200.0,49.4,B
2021-07-07T13:08:38,500.0,49.35,B
2021-07-07T13:06:32,600.0,49.4,B
2021-07-07T13:06:12,100.0,49.1,S
2021-07-07T13:06:12,1400.0,49.1,S
2021-07-07T13:05:29,800.0,49.1,S
2021-07-07T13:04:42,800.0,49.4,B
2021-07-07T13:04:35,1000.0,49.4,B
2021-07-07T13:03:59,500.0,49.4,B
2021-07-07T13:01:43,100.0,49.4,S
2021-07-07T13:01:35,100.0,49.4,B
2021-07-07T13:01:20,800.0,49.4,B
2021-07-07T13:00:34,1000.0,49.4,B
2021-07-07T13:00:29,900.0,49.4,B
2021-07-07T13:00:11,200.0,49.3,B
2021-07-07T13:00:11,100.0,49.3,B
2021-07-07T13:00:03,200.0,49.4,B
2021-07-07T11:25:08,4900.0,49.5,B
2021-07-07T11:23:28,400.0,49.5,B
2021-07-07T11:23:28,400.0,49.3,B
2021-07-07T11:21:51,900.0,49.4,B
2021-07-07T11:21:20,2000.0,49.3,S
2021-07-07T11:21:01,1000.0,49.3,S
2021-07-07T11:19:33,300.0,49.0,S
2021-07-07T11:19:33,200.0,49.0,S
2021-07-07T11:19:33,2500.0,49.0,S
2021-07-07T11:19:23,100.0,49.0,S
2021-07-07T11:18:58,100.0,49.0,S
2021-07-07T11:18:27,200.0,49.0,S
2021-07-07T11:18:00,6000.0,49.0,S
2021-07-07T11:17:40,800.0,49.1,B
2021-07-07T11:17:16,1200.0,49.1,B
2021-07-07T11:16:28,2900.0,49.1,S
2021-07-07T11:16:28,100.0,49.1,S
2021-07-07T11:15:36,800.0,49.5,B
2021-07-07T11:15:18,100.0,49.3,B
2021-07-07T11:15:15,1400.0,49.3,B
2021-07-07T11:14:47,2000.0,49.1,S
2021-07-07T11:14:41,800.0,49.3,S
2021-07-07T11:14:21,10000.0,49.3,S
2021-07-07T11:13:43,1000.0,49.3,S
2021-07-07T11:13:27,100.0,49.3,S
2021-07-07T11:13:21,2000.0,49.3,S
2021-07-07T11:12:34,1000.0,49.3,S
2021-07-07T11:12:30,200.0,49.4,S
2021-07-07T11:11:51,100.0,49.4,S
2021-07-07T11:11:40,100.0,49.4,S
2021-07-07T11:11:23,200.0,49.3,S
2021-07-07T11:11:17,1900.0,49.6,B
2021-07-07T11:11:17,1800.0,49.6,B
2021-07-07T11:11:17,800.0,49.5,B
2021-07-07T11:11:17,1000.0,49.4,B
2021-07-07T11:11:17,100.0,49.4,B
2021-07-07T11:11:15,1200.0,49.3,S
2021-07-07T11:11:02,200.0,49.3,S
2021-07-07T11:10:51,100.0,49.3,S
2021-07-07T11:10:40,3000.0,49.3,S
2021-07-07T11:10:19,1000.0,49.3,S
2021-07-07T11:09:55,2000.0,49.3,S
2021-07-07T11:08:36,700.0,49.3,S
2021-07-07T11:07:43,800.0,49.4,B
2021-07-07T11:07:14,200.0,49.4,B
2021-07-07T11:04:08,100.0,49.4,B
2021-07-07T10:59:51,300.0,49.5,S
2021-07-07T10:59:50,800.0,49.6,B
2021-07-07T10:59:45,2000.0,49.5,S
2021-07-07T10:59:21,3000.0,49.5,S
2021-07-07T10:59:12,1000.0,49.6,B
2021-07-07T10:59:12,2000.0,49.5,S
2021-07-07T10:58:43,1000.0,49.6,B
2021-07-07T10:58:02,100.0,49.6,B
2021-07-07T10:55:32,200.0,49.6,S
2021-07-07T10:55:09,2000.0,49.6,S
2021-07-07T10:55:06,200.0,49.6,S
2021-07-07T10:54:39,2000.0,49.6,S
2021-07-07T10:54:32,100.0,49.6,S
2021-07-07T10:54:13,1000.0,49.6,S
2021-07-07T10:53:55,1000.0,49.7,B
2021-07-07T10:53:46,1000.0,49.6,S
2021-07-07T10:53:29,1000.0,49.7,B
2021-07-07T10:53:10,200.0,49.6,S
2021-07-07T10:53:02,200.0,49.6,S
2021-07-07T10:52:47,500.0,49.6,B
2021-07-07T10:52:43,1000.0,49.6,B
2021-07-07T10:52:37,1000.0,49.5,S
2021-07-07T10:52:33,400.0,49.55,B
2021-07-07T10:52:26,13600.0,49.5,B
2021-07-07T10:52:16,700.0,49.5,B
2021-07-07T10:51:57,800.0,49.5,B
2021-07-07T10:51:54,1000.0,49.2,B
2021-07-07T10:51:54,300.0,49.2,B
2021-07-07T10:51:42,500.0,49.1,S
2021-07-07T10:51:28,7600.0,49.0,B
2021-07-07T10:51:26,100.0,49.0,B
2021-07-07T10:51:19,1700.0,49.0,B
2021-07-07T10:51:11,1100.0,49.0,B
2021-07-07T10:51:02,900.0,49.0,B
2021-07-07T10:50:33,1000.0,49.0,B
2021-07-07T10:50:32,2600.0,48.9,B
2021-07-07T10:50:17,800.0,48.9,B
2021-07-07T10:49:56,600.0,48.7,S
2021-07-07T10:49:55,1100.0,48.8,B
2021-07-07T10:49:38,200.0,48.7,S
2021-07-07T10:48:30,1000.0,48.6,S
2021-07-07T10:48:29,1000.0,48.7,B
2021-07-07T10:47:44,1200.0,48.7,S
2021-07-07T10:47:23,3900.0,48.7,S
2021-07-07T10:47:22,1000.0,48.7,S
2021-07-07T10:47:19,900.0,48.7,S
2021-07-07T10:46:51,1500.0,48.7,S
2021-07-07T10:46:34,300.0,48.8,S
2021-07-07T10:44:05,800.0,48.9,B
2021-07-07T10:43:06,200.0,48.8,B
2021-07-07T10:43:05,800.0,48.8,S
2021-07-07T10:42:41,500.0,48.9,S
2021-07-07T10:42:17,200.0,48.8,B
2021-07-07T10:41:51,300.0,48.8,S
2021-07-07T10:41:41,1000.0,48.8,S
2021-07-07T10:41:13,200.0,48.9,S
2021-07-07T10:41:06,200.0,48.9,S
2021-07-07T10:39:35,600.0,48.9,S
2021-07-07T10:39:32,100.0,49.0,B
2021-07-07T10:38:26,1100.0,49.0,B
2021-07-07T10:38:26,200.0,49.0,S
2021-07-07T10:38:26,4100.0,49.0,S
2021-07-07T10:38:26,2800.0,49.0,S
2021-07-07T10:38:17,5000.0,49.0,S
2021-07-07T10:38:09,200.0,49.0,S
2021-07-07T10:37:40,600.0,49.0,S
2021-07-07T10:37:04,2200.0,49.0,S
2021-07-07T10:37:04,2800.0,49.0,S
2021-07-07T10:36:12,2000.0,49.0,S
2021-07-07T10:36:12,100.0,49.05,S
2021-07-07T10:36:12,900.0,49.05,S
2021-07-07T10:36:12,800.0,49.3,B
2021-07-07T10:35:25,1000.0,49.15,S
2021-07-07T10:35:03,500.0,49.05,S
2021-07-07T10:34:22,500.0,49.15,S
2021-07-07T10:32:01,300.0,49.5,B
2021-07-07T10:31:22,2000.0,49.5,B
2021-07-07T10:31:11,2000.0,49.5,B
2021-07-07T10:31:02,2000.0,49.5,B
2021-07-07T10:30:22,4200.0,49.45,S
2021-07-07T10:30:07,1000.0,49.45,S
2021-07-07T10:29:55,2000.0,49.5,B
2021-07-07T10:29:28,1000.0,49.45,S
2021-07-07T10:28:59,300.0,49.45,S
2021-07-07T10:28:51,700.0,49.4,S
2021-07-07T10:28:19,700.0,49.4,B
2021-07-07T10:28:19,100.0,49.3,B
2021-07-07T10:28:18,1000.0,49.3,B
2021-07-07T10:27:08,200.0,49.05,S
2021-07-07T10:27:06,200.0,49.25,B
2021-07-07T10:25:38,300.0,49.0,S
2021-07-07T10:25:35,100.0,49.0,S
2021-07-07T10:24:43,1000.0,49.0,S
2021-07-07T10:24:02,1000.0,49.05,S
2021-07-07T10:23:12,100.0,49.3,S
2021-07-07T10:22:45,300.0,49.3,S
2021-07-07T10:22:30,1000.0,49.5,B
2021-07-07T10:22:20,1000.0,49.5,B
2021-07-07T10:22:10,1000.0,49.5,B
2021-07-07T10:22:02,1000.0,49.4,B
2021-07-07T10:21:53,1000.0,49.4,B
2021-07-07T10:21:40,300.0,49.3,S
2021-07-07T10:20:57,500.0,49.3,S
2021-07-07T10:20:50,1000.0,49.4,B
2021-07-07T10:20:25,800.0,49.4,B
2021-07-07T10:20:07,500.0,49.3,S
2021-07-07T10:20:00,1000.0,49.4,B
2021-07-07T10:19:31,400.0,49.4,B
2021-07-07T10:18:57,600.0,49.4,B
2021-07-07T10:18:45,2000.0,49.4,B
2021-07-07T10:18:19,200.0,49.4,B
2021-07-07T10:15:40,500.0,49.5,S
2021-07-07T10:15:32,400.0,49.5,S
2021-07-07T10:15:32,100.0,49.5,S
2021-07-07T10:15:17,5000.0,49.5,S
2021-07-07T10:15:05,1000.0,49.5,S
2021-07-07T10:14:08,500.0,49.7,S
2021-07-07T10:14:04,100.0,49.8,B
2021-07-07T10:13:34,600.0,49.7,S
2021-07-07T10:12:33,800.0,49.9,B
2021-07-07T10:12:11,100.0,49.8,B
2021-07-07T10:11:19,300.0,49.8,S
2021-07-07T10:11:10,1700.0,49.8,S
2021-07-07T10:10:15,800.0,49.6,S
2021-07-07T10:10:00,1200.0,49.6,S
2021-07-07T10:09:20,500.0,49.8,B
2021-07-07T10:08:43,500.0,49.9,B
2021-07-07T10:08:04,1000.0,49.95,B
2021-07-07T10:07:51,500.0,49.55,S
2021-07-07T10:07:25,1100.0,50.0,B
2021-07-07T10:07:25,900.0,49.6,B
2021-07-07T10:07:16,100.0,49.6,S
2021-07-07T10:06:43,1000.0,49.6,S
2021-07-07T10:06:22,100.0,50.0,B
2021-07-07T10:05:59,500.0,50.0,B
2021-07-07T10:05:48,1000.0,50.1,B
2021-07-07T10:05:35,4900.0,50.1,B
2021-07-07T10:05:35,100.0,50.1,B
2021-07-07T10:05:31,200.0,50.0,B
2021-07-07T10:05:21,5000.0,50.0,B
2021-07-07T10:05:08,2000.0,50.0,B
2021-07-07T10:05:05,400.0,50.0,B
2021-07-07T10:05:05,3300.0,50.0,B
2021-07-07T10:05:05,100.0,50.0,B
2021-07-07T10:05:05,500.0,50.0,B
2021-07-07T10:04:50,10000.0,50.0,B
2021-07-07T10:04:40,800.0,49.95,B
2021-07-07T10:04:38,10000.0,49.6,S
2021-07-07T10:04:15,5000.0,49.95,B
2021-07-07T10:04:14,20000.0,49.6,B
2021-07-07T10:04:09,500.0,49.5,S
2021-07-07T10:04:08,100.0,49.8,B
2021-07-07T10:03:52,500.0,49.5,S
2021-07-07T10:03:37,100.0,49.8,S
2021-07-07T10:02:57,1000.0,49.8,S
2021-07-07T10:02:46,1900.0,49.8,B
2021-07-07T10:02:46,700.0,49.8,B
2021-07-07T10:02:18,2200.0,49.8,B
2021-07-07T10:02:18,1000.0,49.7,B
2021-07-07T10:02:18,1800.0,49.5,B
2021-07-07T10:01:59,400.0,49.3,B
2021-07-07T10:01:56,2000.0,49.3,B
2021-07-07T10:01:55,3000.0,49.3,B
2021-07-07T10:01:47,300.0,49.3,B
2021-07-07T10:01:39,2000.0,49.3,B
2021-07-07T10:01:16,900.0,49.2,B
2021-07-07T10:01:15,5000.0,49.2,B
2021-07-07T10:00:50,10000.0,49.1,S
2021-07-07T10:00:08,1000.0,49.05,S
2021-07-07T09:59:36,1700.0,49.0,B
2021-07-07T09:59:36,100.0,49.0,B
2021-07-07T09:59:36,600.0,49.0,B
2021-07-07T09:59:29,8000.0,49.0,B
2021-07-07T09:58:56,3000.0,49.0,B
2021-07-07T09:58:56,2000.0,49.0,B
2021-07-07T09:58:46,5000.0,48.9,B
2021-07-07T09:58:18,300.0,48.9,B
2021-07-07T09:58:17,5000.0,48.6,S
2021-07-07T09:57:54,400.0,48.9,B
2021-07-07T09:57:54,4600.0,48.9,B
2021-07-07T09:57:47,1200.0,48.9,B
2021-07-07T09:57:23,3000.0,48.9,B
2021-07-07T09:57:19,300.0,48.9,B
2021-07-07T09:57:11,1000.0,48.9,B
2021-07-07T09:57:07,3100.0,48.9,S
2021-07-07T09:57:07,700.0,49.0,B
2021-07-07T09:57:07,600.0,49.0,B
2021-07-07T09:57:07,3100.0,49.0,B
2021-07-07T09:57:07,3000.0,49.0,B
2021-07-07T09:57:07,900.0,49.0,B
2021-07-07T09:57:07,300.0,49.0,B
2021-07-07T09:57:07,1000.0,49.0,B
2021-07-07T09:57:07,900.0,49.0,B
2021-07-07T09:57:07,500.0,49.0,B
2021-07-07T09:57:07,9000.0,49.0,B
2021-07-07T09:57:05,10000.0,48.9,S
2021-07-07T09:56:47,800.0,49.0,B
2021-07-07T09:56:39,500.0,48.9,S
2021-07-07T09:56:29,2000.0,48.9,S
2021-07-07T09:55:47,1000.0,48.9,S
2021-07-07T09:55:45,1000.0,48.9,S
2021-07-07T09:55:12,1900.0,48.9,B
2021-07-07T09:54:41,5000.0,48.5,S
2021-07-07T09:54:30,5000.0,48.9,B
2021-07-07T09:54:28,300.0,48.7,B
2021-07-07T09:54:14,5000.0,48.7,B
2021-07-07T09:54:11,5000.0,48.7,B
2021-07-07T09:53:43,5000.0,48.7,B
2021-07-07T09:53:27,7500.0,48.6,B
2021-07-07T09:53:25,100.0,48.6,B
2021-07-07T09:53:20,200.0,48.6,B
2021-07-07T09:53:09,5000.0,48.6,B
2021-07-07T09:53:03,2000.0,48.6,B
2021-07-07T09:52:53,5000.0,48.6,B
2021-07-07T09:52:41,5000.0,48.5,B
2021-07-07T09:49:26,5000.0,48.6,B
2021-07-07T09:49:16,100.0,48.5,B
2021-07-07T09:49:04,300.0,48.5,S
2021-07-07T09:48:55,800.0,48.6,B
2021-07-07T09:48:53,5000.0,48.6,B
2021-07-07T09:48:42,1200.0,48.5,S
2021-07-07T09:48:37,3000.0,48.5,S
2021-07-07T09:48:34,100.0,48.5,S
2021-07-07T09:48:23,2000.0,48.5,S
2021-07-07T09:48:02,400.0,48.5,S
2021-07-07T09:47:58,200.0,48.6,B
2021-07-07T09:47:42,200.0,48.6,B
2021-07-07T09:47:34,100.0,48.6,B
2021-07-07T09:47:05,400.0,48.5,S
2021-07-07T09:47:05,600.0,48.6,S
2021-07-07T09:47:04,1600.0,48.7,S
2021-07-07T09:47:00,100.0,48.7,S
2021-07-07T09:46:36,500.0,48.7,S
2021-07-07T09:46:11,2800.0,48.7,B
2021-07-07T09:45:59,1000.0,48.6,S
2021-07-07T09:45:52,2000.0,48.6,S
2021-07-07T09:45:29,5000.0,48.6,S
2021-07-07T09:45:29,1000.0,48.6,S
2021-07-07T09:45:09,100.0,48.6,S
2021-07-07T09:44:42,1000.0,48.6,S
2021-07-07T09:44:35,1000.0,48.6,S
2021-07-07T09:44:20,100.0,48.6,B
2021-07-07T09:44:08,900.0,48.6,S
2021-07-07T09:43:43,1600.0,48.6,S
2021-07-07T09:43:32,200.0,48.6,S
2021-07-07T09:43:15,3000.0,48.6,S
2021-07-07T09:42:45,200.0,48.7,B
2021-07-07T09:42:37,3000.0,48.6,S
2021-07-07T09:42:36,500.0,48.9,B
2021-07-07T09:42:36,1000.0,48.9,B
2021-07-07T09:42:36,2200.0,48.9,B
2021-07-07T09:42:36,1300.0,48.8,B
2021-07-07T09:42:31,100.0,48.6,S
2021-07-07T09:41:57,3000.0,48.6,S
2021-07-07T09:41:17,200.0,48.8,B
2021-07-07T09:41:02,800.0,48.9,B
2021-07-07T09:40:51,100.0,48.9,B
2021-07-07T09:40:09,100.0,48.9,B
2021-07-07T09:39:57,5000.0,48.9,B
2021-07-07T09:39:17,300.0,48.9,B
2021-07-07T09:39:09,600.0,48.9,B
2021-07-07T09:39:09,3500.0,48.9,B
2021-07-07T09:39:08,900.0,48.9,B
2021-07-07T09:38:53,5000.0,48.9,B
2021-07-07T09:38:23,5000.0,48.9,B
2021-07-07T09:38:18,3700.0,48.5,S
2021-07-07T09:38:02,1500.0,48.8,B
2021-07-07T09:38:02,3500.0,48.8,B
2021-07-07T09:37:18,4100.0,48.5,S
2021-07-07T09:37:18,200.0,48.5,S
2021-07-07T09:37:01,400.0,48.8,B
2021-07-07T09:36:59,500.0,48.8,B
2021-07-07T09:36:36,300.0,48.7,S
2021-07-07T09:36:14,10000.0,48.8,B
2021-07-07T09:35:55,3000.0,48.8,B
2021-07-07T09:35:27,3100.0,48.8,B
2021-07-07T09:35:27,1900.0,48.8,B
2021-07-07T09:35:22,100.0,48.5,S
2021-07-07T09:35:19,6500.0,48.4,S
2021-07-07T09:35:16,900.0,48.5,S
2021-07-07T09:35:16,1000.0,48.5,B
2021-07-07T09:35:03,800.0,48.5,B
2021-07-07T09:34:52,1000.0,48.5,B
2021-07-07T09:34:39,5000.0,48.5,B
2021-07-07T09:34:37,200.0,48.5,B
2021-07-07T09:34:30,5000.0,48.4,S
2021-07-07T09:33:47,2000.0,48.5,B
2021-07-07T09:33:36,2700.0,48.4,S
2021-07-07T09:33:36,300.0,48.4,S
2021-07-07T09:33:35,500.0,48.4,S
2021-07-07T09:33:34,200.0,48.5,B
2021-07-07T09:33:29,3000.0,48.5,B
2021-07-07T09:33:24,4700.0,48.5,B
2021-07-07T09:33:24,300.0,48.5,B
2021-07-07T09:33:09,200.0,48.5,B
2021-07-07T09:33:08,800.0,48.5,B
2021-07-07T09:32:59,800.0,48.5,B
2021-07-07T09:32:55,1000.0,48.5,B
2021-07-07T09:32:55,200.0,48.5,B
2021-07-07T09:32:51,3000.0,48.4,S
2021-07-07T09:32:51,1000.0,48.5,B
2021-07-07T09:32:44,1300.0,48.5,B
2021-07-07T09:32:36,1200.0,48.4,B
2021-07-07T09:32:26,5000.0,48.4,B
2021-07-07T09:32:13,300.0,48.1,B
2021-07-07T09:32:13,200.0,48.1,B
2021-07-07T09:32:13,3100.0,48.1,B
2021-07-07T09:32:06,200.0,48.0,S
2021-07-07T09:32:03,4900.0,48.0,B
2021-07-07T09:31:59,5000.0,48.0,B
2021-07-07T09:31:26,1000.0,48.0,B
2021-07-07T09:31:15,100.0,47.6,S
2021-07-07T09:31:10,4000.0,48.0,B
2021-07-07T09:30:31,5000.0,48.0,B
2021-07-07T09:30:19,1000.0,47.5,B
2021-07-07T09:30:16,100.0,47.5,B
2021-07-07T09:30:11,500.0,47.4,B
2021-07-07T09:29:57,500.0,47.4,B
2021-07-07T09:29:48,1000.0,47.5,B
2021-07-07T09:29:48,4000.0,47.5,B
2021-07-07T09:29:47,3000.0,47.3,S
2021-07-07T09:29:45,1300.0,47.5,B
2021-07-07T09:29:39,1000.0,47.5,B
2021-07-07T09:29:20,300.0,47.5,S
2021-07-07T09:29:12,1500.0,47.5,S
2021-07-07T09:29:03,200.0,47.5,B
2021-07-07T09:28:59,1100.0,47.5,B
2021-07-07T09:28:59,1700.0,47.5,B
2021-07-07T09:28:59,2200.0,47.5,B
2021-07-07T09:28:55,1200.0,47.5,B
2021-07-07T09:28:55,3000.0,47.5,B
2021-07-07T09:28:55,800.0,47.5,B
2021-07-07T09:28:49,700.0,47.5,B
2021-07-07T09:28:37,200.0,47.4,S
2021-07-07T09:28:18,5000.0,47.5,B
2021-07-07T09:28:18,600.0,47.4,S
2021-07-07T09:28:16,2000.0,47.4,S
2021-07-07T09:28:04,100.0,47.4,S
2021-07-07T09:27:49,500.0,47.3,S
2021-07-07T09:27:47,500.0,47.3,S
2021-07-07T09:27:20,3000.0,47.2,S
2021-07-07T09:27:19,1000.0,47.2,S
2021-07-07T09:27:13,600.0,47.5,B
2021-07-07T09:27:06,500.0,47.5,B
2021-07-07T09:27:02,2000.0,47.5,B
2021-07-07T09:26:38,500.0,47.1,S
2021-07-07T09:26:38,1500.0,47.1,S
2021-07-07T09:26:36,500.0,47.2,S
2021-07-07T09:26:35,500.0,47.5,B
2021-07-07T09:26:14,100.0,47.2,S
2021-07-07T09:26:14,300.0,47.2,S
2021-07-07T09:26:14,1100.0,47.2,S
2021-07-07T09:26:14,1500.0,47.2,S
2021-07-07T09:26:09,4100.0,47.5,B
2021-07-07T09:26:09,900.0,47.5,B
2021-07-07T09:25:56,100.0,47.5,B
2021-07-07T09:25:51,1000.0,47.2,S
2021-07-07T09:25:34,100.0,47.2,S
2021-07-07T09:25:27,900.0,47.2,S
2021-07-07T09:25:27,800.0,47.2,S
2021-07-07T09:25:27,1500.0,47.2,S
2021-07-07T09:25:27,700.0,47.3,S
2021-07-07T09:25:27,500.0,47.4,S
2021-07-07T09:25:27,600.0,47.7,S
2021-07-07T09:25:25,500.0,48.0,B
2021-07-07T09:25:25,300.0,48.0,B
2021-07-07T09:25:11,200.0,47.5,S
2021-07-07T09:24:54,1300.0,47.5,S
2021-07-07T09:24:50,600.0,47.5,S
2021-07-07T09:24:50,2400.0,47.5,S
2021-07-07T09:24:50,800.0,47.5,S
2021-07-07T09:24:20,400.0,47.5,S
2021-07-07T09:24:03,1000.0,47.5,S
2021-07-07T09:24:01,700.0,48.1,B
2021-07-07T09:23:51,5000.0,47.5,S
2021-07-07T09:23:51,100.0,48.0,S
2021-07-07T09:23:49,500.0,48.1,B
2021-07-07T09:23:47,100.0,48.1,B
2021-07-07T09:23:43,900.0,48.1,S
2021-07-07T09:23:33,100.0,48.1,B
2021-07-07T09:23:33,100.0,48.1,B
2021-07-07T09:23:25,400.0,48.0,S
2021-07-07T09:23:25,3000.0,48.0,S
2021-07-07T09:23:25,2400.0,48.0,S
2021-07-07T09:23:25,4200.0,48.0,S
2021-07-07T09:23:20,200.0,48.05,S
2021-07-07T09:23:20,300.0,48.05,S
2021-07-07T09:23:18,1000.0,48.4,B
2021-07-07T09:23:15,500.0,48.1,S
2021-07-07T09:23:04,2000.0,48.1,S
2021-07-07T09:23:00,400.0,48.4,S
2021-07-07T09:22:43,500.0,48.5,B
2021-07-07T09:22:40,500.0,48.4,S
2021-07-07T09:22:20,400.0,48.5,B
2021-07-07T09:22:16,5000.0,48.5,B
2021-07-07T09:21:52,500.0,48.5,B
2021-07-07T09:21:47,1000.0,48.5,B
2021-07-07T09:21:44,500.0,48.5,S
2021-07-07T09:21:44,2100.0,48.5,S
2021-07-07T09:21:44,1900.0,48.5,S
2021-07-07T09:21:44,6100.0,48.5,S
2021-07-07T09:21:41,100.0,48.6,S
2021-07-07T09:21:38,1000.0,48.8,B
2021-07-07T09:21:36,500.0,48.6,S
2021-07-07T09:21:28,300.0,48.8,B
2021-07-07T09:21:25,4600.0,48.6,S
2021-07-07T09:21:16,200.0,48.6,B
2021-07-07T09:21:15,600.0,48.6,S
2021-07-07T09:21:15,1600.0,48.6,S
2021-07-07T09:21:02,200.0,48.8,B
2021-07-07T09:21:00,100.0,48.8,B
2021-07-07T09:20:33,100.0,48.8,B
2021-07-07T09:20:25,200.0,48.6,S
2021-07-07T09:20:25,200.0,48.6,S
2021-07-07T09:20:20,12000.0,48.5,S
2021-07-07T09:20:13,100.0,48.6,B
2021-07-07T09:20:07,500.0,48.6,B
2021-07-07T09:19:59,100.0,48.6,B
2021-07-07T09:19:51,5300.0,48.6,S
2021-07-07T09:19:48,400.0,48.6,S
2021-07-07T09:19:39,200.0,48.6,S
2021-07-07T09:19:35,400.0,48.9,B
2021-07-07T09:19:33,500.0,48.9,B
2021-07-07T09:19:28,1200.0,48.9,B
2021-07-07T09:19:28,800.0,48.8,B
2021-07-07T09:19:25,1200.0,48.8,S
2021-07-07T09:19:20,300.0,48.8,B
2021-07-07T09:19:13,200.0,48.8,B
2021-07-07T09:19:11,100.0,48.8,B
2021-07-07T09:19:08,100.0,48.6,S
2021-07-07T09:19:07,400.0,48.8,B
2021-07-07T09:19:04,200.0,48.6,S
2021-07-07T09:19:01,100.0,48.8,B
2021-07-07T09:18:52,1000.0,48.6,S
2021-07-07T09:18:52,2000.0,49.0,B
2021-07-07T09:18:51,100.0,48.9,B
2021-07-07T09:18:39,400.0,48.9,S
2021-07-07T09:18:36,200.0,48.9,B
2021-07-07T09:18:25,5000.0,48.9,B
2021-07-07T09:18:22,400.0,48.6,B
2021-07-07T09:18:20,500.0,48.6,B
2021-07-07T09:18:17,1800.0,48.6,B
2021-07-07T09:18:14,200.0,48.5,S
2021-07-07T09:18:07,300.0,48.6,B
2021-07-07T09:18:05,400.0,48.5,S
2021-07-07T09:17:55,800.0,48.9,B
2021-07-07T09:17:52,1000.0,48.5,S
2021-07-07T09:17:46,1600.0,48.5,S
2021-07-07T09:17:46,1200.0,48.5,S
2021-07-07T09:17:46,54300.0,48.5,S
2021-07-07T09:17:23,800.0,48.9,B
2021-07-07T09:17:23,200.0,48.5,S
2021-07-07T09:17:17,3000.0,48.5,S
2021-07-07T09:17:12,700.0,48.5,S
2021-07-07T09:17:12,100.0,48.9,B
2021-07-07T09:17:12,5100.0,48.5,B
2021-07-07T09:16:55,400.0,48.5,B
2021-07-07T09:16:46,100.0,48.5,B
2021-07-07T09:16:36,100.0,48.5,B
2021-07-07T09:16:26,500.0,48.5,B
2021-07-07T09:16:23,7900.0,48.5,S
2021-07-07T09:16:23,700.0,48.5,S
2021-07-07T09:16:23,8200.0,48.5,S
2021-07-07T09:16:21,100.0,49.0,B
2021-07-07T09:16:12,100.0,49.0,B
2021-07-07T09:15:58,1000.0,49.0,B
2021-07-07T09:15:42,100.0,48.5,S
2021-07-07T09:15:26,500.0,48.5,B
2021-07-07T09:15:26,1200.0,48.5,B
