tradingTime,volume,price,side
2021-07-07T14:29:57,2000.0,4.6,B
2021-07-07T14:29:53,29600.0,4.5,B
2021-07-07T14:29:52,300.0,4.5,B
2021-07-07T14:29:38,3000.0,4.5,B
2021-07-07T14:29:32,167100.0,4.5,S
2021-07-07T14:29:16,20000.0,4.5,S
2021-07-07T14:29:00,100000.0,4.5,S
2021-07-07T14:28:48,2000.0,4.6,B
2021-07-07T14:27:54,1000.0,4.6,B
2021-07-07T14:27:24,1000.0,4.5,S
2021-07-07T14:27:00,1000.0,4.6,B
2021-07-07T14:26:51,5500.0,4.5,S
2021-07-07T14:26:39,3000.0,4.5,S
2021-07-07T14:25:14,205000.0,4.6,B
2021-07-07T14:24:31,10000.0,4.5,S
2021-07-07T14:24:14,59600.0,4.5,S
2021-07-07T14:22:27,100.0,4.6,B
2021-07-07T14:22:25,100.0,4.6,B
2021-07-07T14:22:16,2000.0,4.6,B
2021-07-07T14:22:09,8000.0,4.5,S
2021-07-07T14:21:59,500.0,4.6,B
2021-07-07T14:20:43,200.0,4.6,B
2021-07-07T14:20:09,10000.0,4.5,S
2021-07-07T14:19:55,10000.0,4.6,B
2021-07-07T14:18:46,3000.0,4.6,B
2021-07-07T14:18:33,20000.0,4.5,S
2021-07-07T14:18:03,100.0,4.6,B
2021-07-07T14:17:43,100.0,4.6,B
2021-07-07T14:16:43,1000.0,4.6,B
2021-07-07T14:15:35,1000.0,4.6,B
2021-07-07T14:14:53,3000.0,4.5,S
2021-07-07T14:14:18,600.0,4.5,S
2021-07-07T14:13:32,1500.0,4.5,S
2021-07-07T14:13:21,10000.0,4.5,S
2021-07-07T14:13:15,4000.0,4.5,S
2021-07-07T14:12:19,900.0,4.5,S
2021-07-07T14:11:32,10000.0,4.5,S
2021-07-07T14:11:12,1000.0,4.6,B
2021-07-07T14:10:50,1000.0,4.5,S
2021-07-07T14:09:01,300.0,4.5,S
2021-07-07T14:08:50,10000.0,4.5,S
2021-07-07T14:08:36,4800.0,4.5,S
2021-07-07T14:08:21,2000.0,4.6,B
2021-07-07T14:08:12,400.0,4.5,S
2021-07-07T14:08:10,1000.0,4.5,S
2021-07-07T14:07:25,500.0,4.5,S
2021-07-07T14:06:53,100.0,4.5,S
2021-07-07T14:06:50,5000.0,4.5,S
2021-07-07T14:06:45,400.0,4.6,B
2021-07-07T14:05:24,100.0,4.6,B
2021-07-07T14:04:54,500.0,4.6,B
2021-07-07T14:04:12,900.0,4.6,B
2021-07-07T14:03:35,400.0,4.6,B
2021-07-07T14:02:55,11000.0,4.6,B
2021-07-07T14:02:42,10000.0,4.6,B
2021-07-07T14:01:54,10000.0,4.6,B
2021-07-07T13:59:33,10000.0,4.6,B
2021-07-07T13:59:03,100.0,4.5,S
2021-07-07T13:58:42,200.0,4.5,S
2021-07-07T13:58:37,1900.0,4.5,S
2021-07-07T13:58:25,20000.0,4.5,S
2021-07-07T13:58:18,100.0,4.5,S
2021-07-07T13:56:32,2000.0,4.5,S
2021-07-07T13:56:27,14900.0,4.5,S
2021-07-07T13:56:16,400.0,4.5,S
2021-07-07T13:55:03,7000.0,4.5,S
2021-07-07T13:53:52,15000.0,4.5,S
2021-07-07T13:53:35,6000.0,4.6,B
2021-07-07T13:53:28,1000.0,4.6,B
2021-07-07T13:53:23,300.0,4.6,B
2021-07-07T13:53:07,1000.0,4.6,B
2021-07-07T13:52:42,54700.0,4.6,B
2021-07-07T13:52:35,5000.0,4.6,B
2021-07-07T13:52:32,600.0,4.6,B
2021-07-07T13:52:25,100.0,4.6,B
2021-07-07T13:51:27,4500.0,4.6,S
2021-07-07T13:51:13,1100.0,4.6,S
2021-07-07T13:51:11,1000.0,4.6,S
2021-07-07T13:50:59,2000.0,4.6,S
2021-07-07T13:50:54,20000.0,4.6,S
2021-07-07T13:50:46,2000.0,4.6,S
2021-07-07T13:50:28,3000.0,4.6,S
2021-07-07T13:50:28,100.0,4.6,S
2021-07-07T13:50:25,300.0,4.6,S
2021-07-07T13:50:11,100.0,4.6,S
2021-07-07T13:50:07,4900.0,4.6,B
2021-07-07T13:50:03,15000.0,4.6,S
2021-07-07T13:49:59,600.0,4.6,S
2021-07-07T13:49:49,1500.0,4.6,S
2021-07-07T13:49:44,500.0,4.6,S
2021-07-07T13:49:44,100.0,4.7,B
2021-07-07T13:49:38,2000.0,4.6,S
2021-07-07T13:49:31,2000.0,4.6,S
2021-07-07T13:49:28,12400.0,4.6,S
2021-07-07T13:49:03,1000.0,4.6,S
2021-07-07T13:49:01,1700.0,4.7,B
2021-07-07T13:48:59,800.0,4.7,B
2021-07-07T13:47:55,1500.0,4.6,S
2021-07-07T13:47:29,900.0,4.6,S
2021-07-07T13:47:20,10000.0,4.6,S
2021-07-07T13:47:02,1200.0,4.6,S
2021-07-07T13:46:33,100.0,4.6,S
2021-07-07T13:46:17,5000.0,4.6,S
2021-07-07T13:46:13,30000.0,4.6,S
2021-07-07T13:45:31,18100.0,4.6,S
2021-07-07T13:45:25,1000.0,4.6,S
2021-07-07T13:44:45,500.0,4.6,S
2021-07-07T13:44:15,400.0,4.6,S
2021-07-07T13:44:12,20000.0,4.6,S
2021-07-07T13:43:52,10000.0,4.6,S
2021-07-07T13:43:40,2000.0,4.6,S
2021-07-07T13:43:25,200.0,4.6,S
2021-07-07T13:43:15,2000.0,4.6,S
2021-07-07T13:43:09,5000.0,4.6,S
2021-07-07T13:42:34,1000.0,4.6,S
2021-07-07T13:42:27,1300.0,4.6,S
2021-07-07T13:42:25,1600.0,4.6,S
2021-07-07T13:42:21,100700.0,4.6,S
2021-07-07T13:41:52,100.0,4.6,S
2021-07-07T13:41:04,1000.0,4.6,S
2021-07-07T13:40:11,1000.0,4.6,S
2021-07-07T13:39:49,2000.0,4.6,S
2021-07-07T13:39:15,1800.0,4.6,S
2021-07-07T13:39:15,1000.0,4.6,B
2021-07-07T13:39:13,1000.0,4.6,B
2021-07-07T13:39:11,4000.0,4.6,B
2021-07-07T13:39:10,100.0,4.6,B
2021-07-07T13:39:09,1000.0,4.6,B
2021-07-07T13:39:08,100.0,4.6,B
2021-07-07T13:39:00,5000.0,4.6,B
2021-07-07T13:38:59,1000.0,4.6,B
2021-07-07T13:38:58,200.0,4.6,B
2021-07-07T13:38:45,64200.0,4.6,B
2021-07-07T13:38:40,10000.0,4.6,B
2021-07-07T13:38:35,2100.0,4.6,B
2021-07-07T13:38:32,20000.0,4.6,B
2021-07-07T13:38:28,300.0,4.6,B
2021-07-07T13:38:22,50000.0,4.6,B
2021-07-07T13:38:15,100.0,4.6,B
2021-07-07T13:38:04,20000.0,4.6,B
2021-07-07T13:37:56,2000.0,4.6,B
2021-07-07T13:37:55,100.0,4.6,B
2021-07-07T13:37:52,2000.0,4.6,B
2021-07-07T13:37:43,10000.0,4.6,B
2021-07-07T13:37:34,5600.0,4.6,B
2021-07-07T13:37:33,3000.0,4.6,B
2021-07-07T13:37:25,18900.0,4.6,B
2021-07-07T13:37:22,42100.0,4.6,B
2021-07-07T13:37:20,80000.0,4.6,B
2021-07-07T13:37:19,2000.0,4.6,B
2021-07-07T13:37:15,12000.0,4.6,B
2021-07-07T13:37:14,5300.0,4.6,B
2021-07-07T13:37:11,1000.0,4.6,B
2021-07-07T13:37:08,5100.0,4.6,B
2021-07-07T13:37:05,6500.0,4.6,B
2021-07-07T13:36:59,5400.0,4.6,B
2021-07-07T13:36:57,1000.0,4.6,B
2021-07-07T13:36:56,10000.0,4.6,B
2021-07-07T13:36:50,50000.0,4.6,B
2021-07-07T13:36:48,900.0,4.6,B
2021-07-07T13:36:47,20000.0,4.6,B
2021-07-07T13:36:45,4000.0,4.6,B
2021-07-07T13:36:41,40000.0,4.6,B
2021-07-07T13:36:40,2600.0,4.6,B
2021-07-07T13:36:32,10000.0,4.6,B
2021-07-07T13:36:27,20000.0,4.6,B
2021-07-07T13:36:23,124000.0,4.6,B
2021-07-07T13:36:16,100000.0,4.6,B
2021-07-07T13:36:05,100.0,4.6,B
2021-07-07T13:36:03,1000.0,4.6,B
2021-07-07T13:35:48,10600.0,4.6,B
2021-07-07T13:35:47,2100.0,4.6,B
2021-07-07T13:35:19,8000.0,4.6,B
2021-07-07T13:34:59,200.0,4.6,B
2021-07-07T13:34:51,100.0,4.6,B
2021-07-07T13:34:45,500.0,4.6,B
2021-07-07T13:34:36,50000.0,4.6,B
2021-07-07T13:34:19,200.0,4.6,B
2021-07-07T13:33:46,100.0,4.6,B
2021-07-07T13:33:43,1000.0,4.6,B
2021-07-07T13:33:36,10000.0,4.6,B
2021-07-07T13:33:21,100.0,4.6,B
2021-07-07T13:32:44,100000.0,4.6,B
2021-07-07T13:32:19,1000.0,4.6,B
2021-07-07T13:31:28,5000.0,4.5,S
2021-07-07T13:30:35,100.0,4.6,B
2021-07-07T13:30:22,1000.0,4.6,B
2021-07-07T13:30:18,2000.0,4.6,B
2021-07-07T13:29:47,30000.0,4.6,B
2021-07-07T13:29:00,1000.0,4.5,S
2021-07-07T13:28:54,14000.0,4.5,S
2021-07-07T13:28:42,200.0,4.5,S
2021-07-07T13:28:36,10000.0,4.5,S
2021-07-07T13:28:12,200.0,4.5,S
2021-07-07T13:27:26,1000.0,4.5,S
2021-07-07T13:27:09,200.0,4.5,S
2021-07-07T13:26:36,100.0,4.5,S
2021-07-07T13:26:12,1000.0,4.5,S
2021-07-07T13:26:05,100.0,4.5,S
2021-07-07T13:25:08,6500.0,4.5,S
2021-07-07T13:25:04,10000.0,4.5,S
2021-07-07T13:24:41,10000.0,4.5,S
2021-07-07T13:24:17,900.0,4.5,S
2021-07-07T13:22:31,1000.0,4.5,S
2021-07-07T13:21:43,1000.0,4.5,S
2021-07-07T13:21:33,200.0,4.5,S
2021-07-07T13:20:43,3500.0,4.5,S
2021-07-07T13:20:42,1000.0,4.5,S
2021-07-07T13:20:39,300.0,4.6,B
2021-07-07T13:20:29,300.0,4.6,B
2021-07-07T13:20:22,5000.0,4.5,S
2021-07-07T13:20:14,600.0,4.6,B
2021-07-07T13:20:06,200.0,4.6,B
2021-07-07T13:20:00,20000.0,4.6,B
2021-07-07T13:19:42,3000.0,4.5,S
2021-07-07T13:19:21,500.0,4.6,B
2021-07-07T13:19:05,22000.0,4.5,S
2021-07-07T13:18:56,400.0,4.5,S
2021-07-07T13:18:25,5000.0,4.6,B
2021-07-07T13:17:49,200.0,4.6,B
2021-07-07T13:17:26,1000.0,4.5,S
2021-07-07T13:17:11,4000.0,4.5,S
2021-07-07T13:16:10,1000.0,4.6,B
2021-07-07T13:15:34,1000.0,4.6,B
2021-07-07T13:15:11,1000.0,4.6,B
2021-07-07T13:15:03,400.0,4.6,B
2021-07-07T13:14:32,100.0,4.6,B
2021-07-07T13:14:19,10000.0,4.6,B
2021-07-07T13:14:00,1000.0,4.5,S
2021-07-07T13:12:50,3500.0,4.5,S
2021-07-07T13:11:38,700.0,4.6,B
2021-07-07T13:11:25,3800.0,4.5,S
2021-07-07T13:10:50,2500.0,4.5,S
2021-07-07T13:10:40,5000.0,4.5,S
2021-07-07T13:10:22,40500.0,4.5,B
2021-07-07T13:10:17,1500.0,4.5,B
2021-07-07T13:10:09,100.0,4.5,B
2021-07-07T13:09:59,1000.0,4.5,B
2021-07-07T13:09:53,800.0,4.5,B
2021-07-07T13:09:47,13000.0,4.5,B
2021-07-07T13:09:42,20000.0,4.5,B
2021-07-07T13:09:35,100.0,4.5,B
2021-07-07T13:09:34,9900.0,4.5,B
2021-07-07T13:09:33,1000.0,4.5,B
2021-07-07T13:09:23,4000.0,4.5,B
2021-07-07T13:09:17,500.0,4.5,B
2021-07-07T13:09:17,10000.0,4.5,B
2021-07-07T13:09:12,20000.0,4.5,B
2021-07-07T13:09:08,10000.0,4.5,B
2021-07-07T13:09:05,2200.0,4.5,B
2021-07-07T13:08:33,10000.0,4.5,B
2021-07-07T13:08:32,300.0,4.5,B
2021-07-07T13:08:23,1800.0,4.4,S
2021-07-07T13:08:15,100.0,4.5,B
2021-07-07T13:07:55,30000.0,4.5,B
2021-07-07T13:07:46,1000.0,4.4,S
2021-07-07T13:06:44,900.0,4.5,B
2021-07-07T13:06:02,200.0,4.5,B
2021-07-07T13:05:44,1500.0,4.4,S
2021-07-07T13:03:52,200.0,4.5,B
2021-07-07T13:03:40,10000.0,4.5,B
2021-07-07T13:02:27,100.0,4.5,B
2021-07-07T13:01:51,1400.0,4.5,B
2021-07-07T13:01:37,200.0,4.5,B
2021-07-07T13:00:17,100.0,4.5,B
2021-07-07T13:00:15,200.0,4.4,S
2021-07-07T13:00:11,18100.0,4.5,B
2021-07-07T13:00:11,1000.0,4.5,B
2021-07-07T13:00:07,1200.0,4.5,B
2021-07-07T13:00:04,2600.0,4.5,B
2021-07-07T13:00:03,18600.0,4.5,B
2021-07-07T13:00:03,500.0,4.5,B
2021-07-07T13:00:02,100.0,4.5,B
2021-07-07T11:28:58,300.0,4.5,B
2021-07-07T11:27:51,300.0,4.4,S
2021-07-07T11:27:47,400.0,4.5,B
2021-07-07T11:27:18,1000.0,4.5,B
2021-07-07T11:26:38,70000.0,4.5,B
2021-07-07T11:26:06,1600.0,4.5,B
2021-07-07T11:24:59,10000.0,4.5,B
2021-07-07T11:24:41,71000.0,4.5,B
2021-07-07T11:24:26,100.0,4.5,B
2021-07-07T11:24:16,9000.0,4.5,B
2021-07-07T11:22:58,1000.0,4.5,B
2021-07-07T11:22:53,10000.0,4.5,B
2021-07-07T11:22:29,5000.0,4.5,B
2021-07-07T11:22:17,600.0,4.5,B
2021-07-07T11:22:07,1200.0,4.5,B
2021-07-07T11:21:55,200.0,4.5,B
2021-07-07T11:21:45,1500.0,4.4,S
2021-07-07T11:21:17,300.0,4.4,S
2021-07-07T11:20:50,1000.0,4.5,B
2021-07-07T11:20:50,400.0,4.5,B
2021-07-07T11:20:44,500.0,4.5,B
2021-07-07T11:20:41,50000.0,4.5,B
2021-07-07T11:20:30,100.0,4.5,B
2021-07-07T11:20:03,1000.0,4.5,B
2021-07-07T11:19:44,1000.0,4.5,B
2021-07-07T11:19:23,22000.0,4.5,B
2021-07-07T11:19:10,15000.0,4.4,S
2021-07-07T11:18:40,3000.0,4.5,B
2021-07-07T11:18:38,100.0,4.5,B
2021-07-07T11:18:27,700.0,4.5,B
2021-07-07T11:18:03,200.0,4.5,B
2021-07-07T11:17:57,40000.0,4.4,S
2021-07-07T11:16:58,1000.0,4.5,B
2021-07-07T11:16:43,1000.0,4.5,B
2021-07-07T11:16:36,1000.0,4.5,B
2021-07-07T11:16:19,1000.0,4.4,S
2021-07-07T11:16:15,500.0,4.4,S
2021-07-07T11:16:01,1000.0,4.4,S
2021-07-07T11:15:49,40000.0,4.4,S
2021-07-07T11:15:43,25000.0,4.4,S
2021-07-07T11:14:50,5000.0,4.4,S
2021-07-07T11:14:32,400.0,4.4,S
2021-07-07T11:12:57,500.0,4.5,B
2021-07-07T11:12:42,2000.0,4.4,S
2021-07-07T11:12:12,100.0,4.5,B
2021-07-07T11:12:02,60000.0,4.4,S
2021-07-07T11:11:01,500.0,4.5,B
2021-07-07T11:10:58,100.0,4.5,B
2021-07-07T11:10:55,200.0,4.5,B
2021-07-07T11:10:46,300.0,4.5,B
2021-07-07T11:10:44,20000.0,4.5,B
2021-07-07T11:10:39,2000.0,4.5,B
2021-07-07T11:09:55,1000.0,4.5,B
2021-07-07T11:09:54,300000.0,4.4,S
2021-07-07T11:09:35,9100.0,4.5,B
2021-07-07T11:09:24,3000.0,4.5,S
2021-07-07T11:09:13,1000.0,4.5,S
2021-07-07T11:08:06,5400.0,4.5,S
2021-07-07T11:08:00,1000.0,4.6,B
2021-07-07T11:07:53,1400.0,4.5,S
2021-07-07T11:07:50,300.0,4.5,S
2021-07-07T11:07:41,10000.0,4.5,S
2021-07-07T11:07:12,500.0,4.5,S
2021-07-07T11:06:42,200.0,4.5,S
2021-07-07T11:06:13,14500.0,4.5,S
2021-07-07T11:05:34,1600.0,4.5,S
2021-07-07T11:04:44,1100.0,4.5,S
2021-07-07T11:03:54,500.0,4.5,S
2021-07-07T11:02:45,2500.0,4.5,S
2021-07-07T11:02:43,15000.0,4.5,S
2021-07-07T11:02:42,26000.0,4.5,S
2021-07-07T11:02:29,200.0,4.5,S
2021-07-07T11:02:22,1300.0,4.5,S
2021-07-07T11:01:46,200.0,4.5,S
2021-07-07T11:01:02,700.0,4.5,S
2021-07-07T11:00:09,200.0,4.5,S
2021-07-07T10:58:14,2000.0,4.5,S
2021-07-07T10:57:46,1000.0,4.5,S
2021-07-07T10:57:41,5000.0,4.5,S
2021-07-07T10:56:54,600.0,4.5,S
2021-07-07T10:56:29,500.0,4.5,S
2021-07-07T10:56:14,500.0,4.5,S
2021-07-07T10:56:08,3000.0,4.5,S
2021-07-07T10:55:22,100.0,4.5,S
2021-07-07T10:53:49,2500.0,4.5,S
2021-07-07T10:53:42,100.0,4.5,S
2021-07-07T10:53:33,400.0,4.5,S
2021-07-07T10:53:07,100.0,4.5,S
2021-07-07T10:52:53,100.0,4.5,S
2021-07-07T10:52:52,1000.0,4.5,S
2021-07-07T10:52:37,1700.0,4.5,S
2021-07-07T10:52:15,2000.0,4.5,S
2021-07-07T10:52:00,700.0,4.5,S
2021-07-07T10:51:46,21600.0,4.5,S
2021-07-07T10:51:02,10000.0,4.5,S
2021-07-07T10:50:42,10000.0,4.5,S
2021-07-07T10:50:20,1000.0,4.5,S
2021-07-07T10:50:16,7900.0,4.5,S
2021-07-07T10:50:14,100.0,4.5,S
2021-07-07T10:50:10,1000.0,4.5,S
2021-07-07T10:49:03,5000.0,4.5,S
2021-07-07T10:48:44,500.0,4.5,S
2021-07-07T10:48:22,300.0,4.5,S
2021-07-07T10:47:42,4500.0,4.5,S
2021-07-07T10:47:27,4400.0,4.5,S
2021-07-07T10:47:23,10000.0,4.5,S
2021-07-07T10:47:13,30000.0,4.5,S
2021-07-07T10:47:11,500.0,4.5,S
2021-07-07T10:46:46,100.0,4.5,S
2021-07-07T10:46:31,5000.0,4.5,S
2021-07-07T10:46:21,10000.0,4.5,S
2021-07-07T10:45:57,200.0,4.5,S
2021-07-07T10:45:54,1500.0,4.5,S
2021-07-07T10:45:51,100.0,4.5,S
2021-07-07T10:45:33,80000.0,4.5,S
2021-07-07T10:44:48,3900.0,4.5,S
2021-07-07T10:44:46,2000.0,4.5,S
2021-07-07T10:44:21,2000.0,4.5,S
2021-07-07T10:44:16,2000.0,4.5,S
2021-07-07T10:44:04,10000.0,4.5,S
2021-07-07T10:43:48,300.0,4.5,S
2021-07-07T10:43:21,5000.0,4.5,S
2021-07-07T10:43:20,6000.0,4.5,S
2021-07-07T10:42:59,1000.0,4.5,S
2021-07-07T10:42:44,4800.0,4.5,S
2021-07-07T10:42:41,2000.0,4.5,S
2021-07-07T10:42:38,8000.0,4.5,S
2021-07-07T10:42:25,400.0,4.5,S
2021-07-07T10:42:14,600.0,4.5,S
2021-07-07T10:42:12,10000.0,4.5,S
2021-07-07T10:42:06,3000.0,4.5,S
2021-07-07T10:42:06,700.0,4.5,S
2021-07-07T10:41:56,30000.0,4.5,S
2021-07-07T10:41:45,2000.0,4.5,S
2021-07-07T10:41:42,100.0,4.5,S
2021-07-07T10:41:36,1000.0,4.5,S
2021-07-07T10:41:35,8000.0,4.5,S
2021-07-07T10:41:33,160000.0,4.5,S
2021-07-07T10:41:05,398000.0,4.5,S
2021-07-07T10:40:26,100.0,4.6,B
2021-07-07T10:40:21,3000.0,4.5,S
2021-07-07T10:40:21,100.0,4.5,S
2021-07-07T10:40:09,500.0,4.5,S
2021-07-07T10:40:08,5000.0,4.5,S
2021-07-07T10:39:59,7500.0,4.5,S
2021-07-07T10:39:49,100.0,4.5,S
2021-07-07T10:39:35,500.0,4.5,S
2021-07-07T10:38:59,50000.0,4.5,S
2021-07-07T10:38:49,1500.0,4.5,S
2021-07-07T10:38:20,5000.0,4.5,S
2021-07-07T10:38:17,5000.0,4.5,S
2021-07-07T10:38:16,1800.0,4.5,S
2021-07-07T10:37:18,10000.0,4.5,S
2021-07-07T10:37:16,200.0,4.6,B
2021-07-07T10:36:32,300.0,4.5,S
2021-07-07T10:34:11,400.0,4.6,B
2021-07-07T10:32:50,5000.0,4.5,S
2021-07-07T10:32:49,200.0,4.5,S
2021-07-07T10:32:01,1600.0,4.6,B
2021-07-07T10:31:38,10100.0,4.6,B
2021-07-07T10:31:26,10000.0,4.6,B
2021-07-07T10:30:54,1300.0,4.6,B
2021-07-07T10:29:43,100.0,4.6,B
2021-07-07T10:29:35,5000.0,4.6,B
2021-07-07T10:29:28,200.0,4.6,B
2021-07-07T10:28:58,300.0,4.6,S
2021-07-07T10:28:44,300.0,4.6,S
2021-07-07T10:28:28,1200.0,4.6,S
2021-07-07T10:28:15,900.0,4.6,S
2021-07-07T10:28:12,700.0,4.6,S
2021-07-07T10:27:47,10000.0,4.6,S
2021-07-07T10:27:19,400.0,4.6,S
2021-07-07T10:27:08,200000.0,4.6,S
2021-07-07T10:25:22,2000.0,4.6,S
2021-07-07T10:25:14,800.0,4.6,S
2021-07-07T10:25:14,2000.0,4.6,S
2021-07-07T10:25:08,5000.0,4.6,S
2021-07-07T10:24:59,100.0,4.6,S
2021-07-07T10:24:50,500.0,4.6,S
2021-07-07T10:24:23,10000.0,4.6,S
2021-07-07T10:24:09,84000.0,4.6,B
2021-07-07T10:24:09,900.0,4.6,B
2021-07-07T10:23:05,189500.0,4.6,B
2021-07-07T10:23:01,300.0,4.6,S
2021-07-07T10:22:57,400.0,4.6,S
2021-07-07T10:22:14,200.0,4.6,S
2021-07-07T10:22:12,1000.0,4.6,S
2021-07-07T10:20:15,2000.0,4.6,S
2021-07-07T10:20:14,10000.0,4.6,S
2021-07-07T10:20:10,1000.0,4.6,S
2021-07-07T10:19:45,10000.0,4.6,S
2021-07-07T10:19:24,500.0,4.6,S
2021-07-07T10:18:24,500.0,4.6,S
2021-07-07T10:18:07,40000.0,4.6,S
2021-07-07T10:18:06,20000.0,4.6,S
2021-07-07T10:17:45,100.0,4.7,B
2021-07-07T10:17:43,100.0,4.6,S
2021-07-07T10:17:31,3000.0,4.6,S
2021-07-07T10:17:07,3000.0,4.6,S
2021-07-07T10:16:57,100.0,4.7,B
2021-07-07T10:15:57,2000.0,4.7,B
2021-07-07T10:15:57,1000.0,4.6,S
2021-07-07T10:15:49,3000.0,4.6,S
2021-07-07T10:15:19,500.0,4.6,S
2021-07-07T10:14:47,500.0,4.6,S
2021-07-07T10:14:38,1000.0,4.6,S
2021-07-07T10:13:57,10000.0,4.6,S
2021-07-07T10:13:49,1000.0,4.6,S
2021-07-07T10:12:47,26000.0,4.6,S
2021-07-07T10:12:09,200.0,4.6,S
2021-07-07T10:11:44,300.0,4.7,B
2021-07-07T10:11:44,800.0,4.6,S
2021-07-07T10:10:38,300.0,4.7,B
2021-07-07T10:10:22,100.0,4.6,S
2021-07-07T10:09:32,10000.0,4.6,S
2021-07-07T10:09:08,100.0,4.7,B
2021-07-07T10:09:04,500.0,4.7,B
2021-07-07T10:08:54,16000.0,4.6,S
2021-07-07T10:08:22,1000.0,4.6,S
2021-07-07T10:07:53,300.0,4.6,S
2021-07-07T10:07:38,2000.0,4.6,S
2021-07-07T10:07:15,500.0,4.6,S
2021-07-07T10:06:55,900.0,4.6,S
2021-07-07T10:06:48,2500.0,4.6,S
2021-07-07T10:06:41,5000.0,4.6,S
2021-07-07T10:06:36,100.0,4.7,B
2021-07-07T10:06:16,500.0,4.6,S
2021-07-07T10:05:49,500.0,4.7,B
2021-07-07T10:04:57,100.0,4.7,B
2021-07-07T10:04:55,100.0,4.7,B
2021-07-07T10:04:38,100.0,4.7,B
2021-07-07T10:04:33,1000.0,4.7,B
2021-07-07T10:04:31,500.0,4.7,B
2021-07-07T10:03:28,100.0,4.7,B
2021-07-07T10:02:10,1000.0,4.6,S
2021-07-07T10:00:29,200.0,4.6,S
2021-07-07T10:00:25,10000.0,4.6,S
2021-07-07T10:00:16,400.0,4.6,B
2021-07-07T10:00:15,700.0,4.6,B
2021-07-07T10:00:14,10000.0,4.6,B
2021-07-07T10:00:06,5000.0,4.6,B
2021-07-07T10:00:02,100.0,4.6,B
2021-07-07T09:59:59,50000.0,4.6,B
2021-07-07T09:59:57,700.0,4.6,B
2021-07-07T09:59:55,300.0,4.6,B
2021-07-07T09:59:46,48000.0,4.5,S
2021-07-07T09:59:21,500.0,4.6,B
2021-07-07T09:59:19,200.0,4.6,B
2021-07-07T09:59:13,1000.0,4.6,B
2021-07-07T09:59:08,300.0,4.6,B
2021-07-07T09:58:53,2000.0,4.5,S
2021-07-07T09:58:52,4100.0,4.6,B
2021-07-07T09:58:48,100.0,4.6,B
2021-07-07T09:58:48,1000.0,4.6,B
2021-07-07T09:58:30,700.0,4.6,B
2021-07-07T09:58:12,2000.0,4.6,B
2021-07-07T09:58:01,1800.0,4.6,B
2021-07-07T09:58:01,200.0,4.6,B
2021-07-07T09:57:34,500.0,4.6,B
2021-07-07T09:57:33,900.0,4.6,B
2021-07-07T09:57:13,300.0,4.6,B
2021-07-07T09:57:10,2100.0,4.6,B
2021-07-07T09:56:52,1000.0,4.6,B
2021-07-07T09:56:38,2500.0,4.6,B
2021-07-07T09:56:06,200.0,4.6,B
2021-07-07T09:56:05,1700.0,4.6,B
2021-07-07T09:55:45,100.0,4.6,B
2021-07-07T09:55:24,1000.0,4.6,B
2021-07-07T09:55:19,1000.0,4.6,B
2021-07-07T09:55:11,10000.0,4.6,B
2021-07-07T09:55:07,30000.0,4.6,B
2021-07-07T09:54:51,9000.0,4.5,S
2021-07-07T09:54:49,12000.0,4.6,B
2021-07-07T09:54:42,10000.0,4.6,B
2021-07-07T09:54:29,4000.0,4.5,S
2021-07-07T09:54:22,100.0,4.6,B
2021-07-07T09:53:45,200.0,4.5,S
2021-07-07T09:53:45,500.0,4.6,B
2021-07-07T09:53:20,200.0,4.6,B
2021-07-07T09:53:20,200.0,4.5,S
2021-07-07T09:53:11,5000.0,4.5,S
2021-07-07T09:53:09,6000.0,4.6,B
2021-07-07T09:53:00,100.0,4.6,B
2021-07-07T09:52:35,10000.0,4.6,B
2021-07-07T09:52:09,200.0,4.6,B
2021-07-07T09:52:05,10000.0,4.6,B
2021-07-07T09:52:01,100.0,4.5,S
2021-07-07T09:51:51,4700.0,4.6,B
2021-07-07T09:51:45,100.0,4.5,S
2021-07-07T09:51:37,1000.0,4.5,S
2021-07-07T09:51:27,1000.0,4.5,S
2021-07-07T09:51:24,200.0,4.6,B
2021-07-07T09:51:16,2300.0,4.6,B
2021-07-07T09:50:52,1200.0,4.5,S
2021-07-07T09:50:37,300.0,4.6,B
2021-07-07T09:50:09,10000.0,4.6,B
2021-07-07T09:49:57,9400.0,4.5,S
2021-07-07T09:49:34,300.0,4.6,B
2021-07-07T09:49:04,500.0,4.6,B
2021-07-07T09:48:44,20000.0,4.6,B
2021-07-07T09:48:37,1000.0,4.5,S
2021-07-07T09:48:28,100.0,4.6,B
2021-07-07T09:48:25,200.0,4.6,B
2021-07-07T09:46:45,200.0,4.6,B
2021-07-07T09:46:43,200.0,4.6,B
2021-07-07T09:46:27,10000.0,4.6,B
2021-07-07T09:46:14,2000.0,4.6,B
2021-07-07T09:46:04,300.0,4.6,B
2021-07-07T09:45:56,2000.0,4.6,B
2021-07-07T09:45:53,1900.0,4.5,S
2021-07-07T09:45:45,500.0,4.6,B
2021-07-07T09:45:36,3700.0,4.6,S
2021-07-07T09:45:26,300.0,4.6,S
2021-07-07T09:45:26,1000.0,4.6,S
2021-07-07T09:45:12,1000.0,4.6,S
2021-07-07T09:44:46,100.0,4.6,B
2021-07-07T09:44:42,2500.0,4.6,S
2021-07-07T09:44:40,1000.0,4.6,S
2021-07-07T09:44:37,10000.0,4.6,S
2021-07-07T09:44:09,3000.0,4.6,S
2021-07-07T09:44:03,6000.0,4.6,S
2021-07-07T09:43:56,28000.0,4.6,S
2021-07-07T09:43:27,500.0,4.6,S
2021-07-07T09:43:26,1000.0,4.6,S
2021-07-07T09:43:10,10000.0,4.6,S
2021-07-07T09:43:07,1000.0,4.6,S
2021-07-07T09:42:52,10000.0,4.6,S
2021-07-07T09:42:16,500.0,4.6,S
2021-07-07T09:42:14,10000.0,4.6,S
2021-07-07T09:41:22,600.0,4.7,B
2021-07-07T09:41:00,6000.0,4.6,S
2021-07-07T09:40:40,15400.0,4.6,S
2021-07-07T09:39:56,500.0,4.6,S
2021-07-07T09:38:30,100.0,4.7,B
2021-07-07T09:38:01,20000.0,4.6,S
2021-07-07T09:37:42,500.0,4.6,S
2021-07-07T09:37:06,200.0,4.6,S
2021-07-07T09:36:51,100.0,4.6,S
2021-07-07T09:36:32,1400.0,4.6,B
2021-07-07T09:36:10,100.0,4.6,B
2021-07-07T09:36:00,2000.0,4.6,B
2021-07-07T09:35:53,200.0,4.6,B
2021-07-07T09:35:50,500.0,4.6,B
2021-07-07T09:35:46,20200.0,4.6,B
2021-07-07T09:35:43,500.0,4.6,S
2021-07-07T09:35:38,1500.0,4.6,S
2021-07-07T09:35:17,50000.0,4.6,S
2021-07-07T09:34:46,100.0,4.6,S
2021-07-07T09:34:40,9100.0,4.6,B
2021-07-07T09:34:37,2000.0,4.6,B
2021-07-07T09:34:37,10000.0,4.6,B
2021-07-07T09:34:35,100.0,4.5,S
2021-07-07T09:34:34,600.0,4.6,B
2021-07-07T09:34:32,2000.0,4.6,B
2021-07-07T09:34:31,1000.0,4.6,B
2021-07-07T09:34:18,8900.0,4.6,B
2021-07-07T09:34:16,500.0,4.6,B
2021-07-07T09:34:10,100.0,4.6,B
2021-07-07T09:34:09,300.0,4.6,B
2021-07-07T09:34:08,200.0,4.6,B
2021-07-07T09:34:07,500.0,4.6,B
2021-07-07T09:34:05,5000.0,4.6,B
2021-07-07T09:33:58,5000.0,4.6,B
2021-07-07T09:33:55,2000.0,4.6,B
2021-07-07T09:33:55,7500.0,4.6,B
2021-07-07T09:33:54,10000.0,4.6,B
2021-07-07T09:33:42,200.0,4.6,B
2021-07-07T09:33:41,2000.0,4.6,B
2021-07-07T09:33:39,500.0,4.6,B
2021-07-07T09:33:20,11500.0,4.6,B
2021-07-07T09:33:06,1200.0,4.6,B
2021-07-07T09:33:06,200.0,4.6,B
2021-07-07T09:32:52,2100.0,4.5,S
2021-07-07T09:32:49,100.0,4.6,B
2021-07-07T09:32:44,1800.0,4.5,S
2021-07-07T09:32:42,2000.0,4.6,B
2021-07-07T09:32:32,3000.0,4.5,S
2021-07-07T09:32:26,20000.0,4.6,B
2021-07-07T09:32:13,200.0,4.6,B
2021-07-07T09:32:02,1000.0,4.5,S
2021-07-07T09:31:57,1200.0,4.6,B
2021-07-07T09:31:55,2000.0,4.6,B
2021-07-07T09:31:51,100.0,4.6,B
2021-07-07T09:31:47,2900.0,4.6,B
2021-07-07T09:31:38,20000.0,4.6,B
2021-07-07T09:31:34,500.0,4.5,S
2021-07-07T09:31:23,2800.0,4.6,B
2021-07-07T09:31:19,500.0,4.6,B
2021-07-07T09:31:14,500.0,4.6,B
2021-07-07T09:30:45,20000.0,4.6,B
2021-07-07T09:30:34,200.0,4.5,S
2021-07-07T09:30:26,6000.0,4.6,B
2021-07-07T09:30:19,20000.0,4.6,B
2021-07-07T09:30:16,20000.0,4.6,B
2021-07-07T09:30:15,200.0,4.5,S
2021-07-07T09:30:11,500.0,4.5,S
2021-07-07T09:30:09,500.0,4.5,S
2021-07-07T09:29:53,1800.0,4.5,S
2021-07-07T09:29:46,3000.0,4.5,S
2021-07-07T09:29:34,1000.0,4.5,S
2021-07-07T09:29:27,500.0,4.5,S
2021-07-07T09:29:17,10000.0,4.5,S
2021-07-07T09:29:14,300.0,4.5,S
2021-07-07T09:29:05,5000.0,4.5,S
2021-07-07T09:29:04,3900.0,4.5,S
2021-07-07T09:28:58,5000.0,4.5,S
2021-07-07T09:28:52,15000.0,4.5,S
2021-07-07T09:28:41,20000.0,4.5,S
2021-07-07T09:28:41,1300.0,4.5,S
2021-07-07T09:27:51,10000.0,4.6,B
2021-07-07T09:27:49,10000.0,4.6,B
2021-07-07T09:27:46,100.0,4.5,S
2021-07-07T09:27:45,1300.0,4.5,S
2021-07-07T09:27:40,3000.0,4.5,S
2021-07-07T09:27:37,20000.0,4.5,S
2021-07-07T09:27:35,30000.0,4.5,S
2021-07-07T09:27:27,1000.0,4.5,S
2021-07-07T09:27:23,50000.0,4.5,S
2021-07-07T09:27:22,1000.0,4.5,S
2021-07-07T09:27:16,5000.0,4.5,S
2021-07-07T09:26:55,2000.0,4.5,S
2021-07-07T09:26:51,1000.0,4.5,S
2021-07-07T09:26:44,10000.0,4.5,S
2021-07-07T09:26:29,3000.0,4.5,S
2021-07-07T09:26:27,2000.0,4.5,S
2021-07-07T09:26:21,49000.0,4.5,S
2021-07-07T09:26:17,100.0,4.6,B
2021-07-07T09:25:54,128900.0,4.6,S
2021-07-07T09:25:40,87000.0,4.6,S
2021-07-07T09:25:36,10000.0,4.6,S
2021-07-07T09:25:35,10000.0,4.6,S
2021-07-07T09:25:34,800.0,4.6,S
2021-07-07T09:25:25,200.0,4.6,S
2021-07-07T09:25:23,50000.0,4.6,S
2021-07-07T09:25:17,1000.0,4.6,S
2021-07-07T09:25:12,2500.0,4.6,S
2021-07-07T09:25:05,300.0,4.6,S
2021-07-07T09:25:03,10000.0,4.6,S
2021-07-07T09:24:56,1000.0,4.6,S
2021-07-07T09:24:46,8500.0,4.6,S
2021-07-07T09:24:39,5000.0,4.6,S
2021-07-07T09:24:30,1000.0,4.6,S
2021-07-07T09:24:26,1500.0,4.6,S
2021-07-07T09:24:07,1100.0,4.6,S
2021-07-07T09:24:07,5000.0,4.6,S
2021-07-07T09:23:52,200.0,4.7,B
2021-07-07T09:23:33,1000.0,4.7,B
2021-07-07T09:23:30,1000.0,4.7,B
2021-07-07T09:23:28,500.0,4.7,B
2021-07-07T09:23:12,7200.0,4.7,B
2021-07-07T09:23:08,2000.0,4.7,S
2021-07-07T09:23:07,400.0,4.7,S
2021-07-07T09:23:05,1000.0,4.7,S
2021-07-07T09:23:05,50000.0,4.7,S
2021-07-07T09:22:59,19000.0,4.7,S
2021-07-07T09:22:56,1200.0,4.7,S
2021-07-07T09:22:51,19400.0,4.7,S
2021-07-07T09:22:49,10000.0,4.7,S
2021-07-07T09:22:45,20000.0,4.7,S
2021-07-07T09:22:42,5000.0,4.7,S
2021-07-07T09:22:39,10000.0,4.7,S
2021-07-07T09:22:39,10000.0,4.7,S
2021-07-07T09:22:30,30000.0,4.7,S
2021-07-07T09:22:17,1000.0,4.7,S
2021-07-07T09:22:15,100.0,4.8,B
2021-07-07T09:22:12,1000.0,4.7,S
2021-07-07T09:22:11,4000.0,4.7,S
2021-07-07T09:22:00,3000.0,4.7,S
2021-07-07T09:21:27,2400.0,4.7,S
2021-07-07T09:21:20,7000.0,4.7,S
2021-07-07T09:21:10,4300.0,4.7,S
2021-07-07T09:20:38,1000.0,4.7,S
2021-07-07T09:20:25,4000.0,4.7,S
2021-07-07T09:20:01,1000.0,4.7,S
2021-07-07T09:19:59,6700.0,4.7,S
2021-07-07T09:19:56,10000.0,4.7,S
2021-07-07T09:19:53,30000.0,4.7,S
2021-07-07T09:19:48,500.0,4.7,S
2021-07-07T09:19:45,800.0,4.7,S
2021-07-07T09:19:35,600.0,4.7,S
2021-07-07T09:19:33,1000.0,4.7,S
2021-07-07T09:19:27,300.0,4.7,S
2021-07-07T09:19:21,4000.0,4.7,S
2021-07-07T09:18:41,5000.0,4.7,S
2021-07-07T09:18:29,6000.0,4.7,S
2021-07-07T09:17:47,5000.0,4.7,S
2021-07-07T09:17:46,500.0,4.8,B
2021-07-07T09:17:44,2000.0,4.7,S
2021-07-07T09:17:43,255400.0,4.7,S
2021-07-07T09:17:30,10000.0,4.8,B
2021-07-07T09:17:21,400.0,4.8,B
2021-07-07T09:17:16,500.0,4.8,B
2021-07-07T09:17:11,600.0,4.7,S
2021-07-07T09:16:17,100.0,4.8,B
2021-07-07T09:16:14,3000.0,4.8,B
2021-07-07T09:15:50,600.0,4.8,B
2021-07-07T09:15:48,600.0,4.7,S
2021-07-07T09:15:39,100.0,4.7,S
2021-07-07T09:13:52,8000.0,4.7,S
2021-07-07T09:13:27,600.0,4.7,S
2021-07-07T09:12:49,500.0,4.7,S
2021-07-07T09:12:21,100.0,4.7,S
2021-07-07T09:11:38,600.0,4.7,S
2021-07-07T09:08:55,1200.0,4.7,S
2021-07-07T09:08:38,2000.0,4.7,S
2021-07-07T09:08:01,8000.0,4.7,S
2021-07-07T09:07:27,2000.0,4.7,S
2021-07-07T09:07:25,5000.0,4.7,S
2021-07-07T09:05:29,4700.0,4.7,S
2021-07-07T09:05:17,1000.0,4.7,S
2021-07-07T09:05:00,6000.0,4.7,S
2021-07-07T09:05:00,100.0,4.7,S
2021-07-07T09:05:00,3000.0,4.8,B
2021-07-07T09:04:51,500.0,4.7,S
2021-07-07T09:04:47,5200.0,4.8,B
2021-07-07T09:04:41,19000.0,4.7,S
2021-07-07T09:04:36,30600.0,4.7,S
2021-07-07T09:04:32,3000.0,4.7,S
2021-07-07T09:04:02,2000.0,4.7,S
2021-07-07T09:03:49,55100.0,4.7,S
2021-07-07T09:03:48,5000.0,4.7,S
2021-07-07T09:03:39,10000.0,4.7,S
2021-07-07T09:03:04,40000.0,4.7,S
2021-07-07T09:03:01,500.0,4.8,B
2021-07-07T09:02:52,100.0,4.8,B
2021-07-07T09:01:47,200.0,4.8,B
2021-07-07T09:01:24,1000.0,4.8,B
2021-07-07T09:00:25,6300.0,4.7,B
2021-07-07T09:00:20,4800.0,4.7,B
2021-07-07T09:00:15,5000.0,4.7,B
2021-07-07T09:00:15,1000.0,4.7,B
2021-07-07T09:00:13,200.0,4.7,B
2021-07-07T09:00:13,1000.0,4.7,B
2021-07-07T09:00:10,300.0,4.7,B
2021-07-07T09:00:08,3300.0,4.7,B
2021-07-07T09:00:08,1000.0,4.7,B
2021-07-07T09:00:08,300.0,4.7,B
2021-07-07T09:00:05,100.0,4.7,B
2021-07-07T09:00:05,200.0,4.7,B
