tradingTime,volume,price,side
2021-07-07T14:29:58,100.0,11.75,S
2021-07-07T14:29:39,300.0,11.8,B
2021-07-07T14:29:16,200.0,11.75,S
2021-07-07T14:28:43,100.0,11.8,B
2021-07-07T14:28:39,200.0,11.8,B
2021-07-07T14:28:16,21000.0,11.75,S
2021-07-07T14:28:10,400.0,11.8,B
2021-07-07T14:28:02,500.0,11.8,B
2021-07-07T14:28:01,1000.0,11.8,B
2021-07-07T14:27:25,1000.0,11.8,B
2021-07-07T14:27:01,200.0,11.8,B
2021-07-07T14:26:03,100.0,11.8,B
2021-07-07T14:26:01,1000.0,11.75,S
2021-07-07T14:25:53,100.0,11.75,B
2021-07-07T14:25:53,100.0,11.75,B
2021-07-07T14:25:37,100.0,11.75,B
2021-07-07T14:25:24,500.0,11.75,B
2021-07-07T14:25:08,100.0,11.75,B
2021-07-07T14:23:38,200.0,11.8,B
2021-07-07T14:23:13,100.0,11.8,B
2021-07-07T14:23:06,2000.0,11.8,B
2021-07-07T14:22:45,100.0,11.8,B
2021-07-07T14:22:36,5000.0,11.75,B
2021-07-07T14:22:16,2000.0,11.75,B
2021-07-07T14:21:43,100.0,11.75,B
2021-07-07T14:21:26,5000.0,11.75,B
2021-07-07T14:20:51,1000.0,11.75,B
2021-07-07T14:20:46,1000.0,11.75,B
2021-07-07T14:20:20,200.0,11.75,B
2021-07-07T14:20:20,500.0,11.75,B
2021-07-07T14:20:09,400.0,11.75,B
2021-07-07T14:19:58,4300.0,11.7,S
2021-07-07T14:19:54,200.0,11.75,B
2021-07-07T14:17:47,100.0,11.75,B
2021-07-07T14:17:37,100.0,11.75,B
2021-07-07T14:17:23,2400.0,11.75,B
2021-07-07T14:17:08,500.0,11.75,B
2021-07-07T14:17:08,500.0,11.75,B
2021-07-07T14:17:00,500.0,11.7,S
2021-07-07T14:16:24,2500.0,11.75,B
2021-07-07T14:15:21,1000.0,11.75,B
2021-07-07T14:13:55,7900.0,11.7,S
2021-07-07T14:13:55,500.0,11.7,S
2021-07-07T14:12:41,2300.0,11.7,S
2021-07-07T14:12:41,7400.0,11.7,S
2021-07-07T14:12:41,300.0,11.7,S
2021-07-07T14:12:18,400.0,11.75,B
2021-07-07T14:12:01,3000.0,11.7,S
2021-07-07T14:11:47,500.0,11.75,B
2021-07-07T14:11:25,300.0,11.75,B
2021-07-07T14:11:03,5000.0,11.75,B
2021-07-07T14:10:51,1500.0,11.75,S
2021-07-07T14:10:25,100.0,11.8,B
2021-07-07T14:10:16,8500.0,11.75,B
2021-07-07T14:08:43,1000.0,11.75,B
2021-07-07T14:08:30,500.0,11.7,S
2021-07-07T14:08:27,800.0,11.75,B
2021-07-07T14:08:24,10000.0,11.75,B
2021-07-07T14:06:58,100.0,11.75,B
2021-07-07T14:06:50,500.0,11.7,S
2021-07-07T14:06:40,500.0,11.7,S
2021-07-07T14:06:15,12000.0,11.7,S
2021-07-07T14:05:59,2000.0,11.7,S
2021-07-07T14:05:48,500.0,11.7,S
2021-07-07T14:05:39,2000.0,11.75,B
2021-07-07T14:04:24,500.0,11.75,B
2021-07-07T14:04:12,2600.0,11.75,B
2021-07-07T14:03:46,5700.0,11.75,B
2021-07-07T14:02:46,1000.0,11.75,B
2021-07-07T14:01:53,800.0,11.75,B
2021-07-07T14:01:41,1800.0,11.7,B
2021-07-07T14:01:28,500.0,11.7,B
2021-07-07T14:01:19,3300.0,11.7,S
2021-07-07T14:00:25,2700.0,11.7,S
2021-07-07T14:00:19,100.0,11.7,S
2021-07-07T13:59:42,1000.0,11.7,S
2021-07-07T13:59:42,10700.0,11.7,S
2021-07-07T13:58:51,10000.0,11.7,S
2021-07-07T13:58:46,1800.0,11.75,B
2021-07-07T13:58:22,1000.0,11.75,B
2021-07-07T13:57:58,300.0,11.75,B
2021-07-07T13:57:46,1000.0,11.75,B
2021-07-07T13:57:43,100.0,11.75,B
2021-07-07T13:57:32,1000.0,11.75,B
2021-07-07T13:57:32,10000.0,11.7,S
2021-07-07T13:56:53,2500.0,11.75,B
2021-07-07T13:56:42,1000.0,11.75,S
2021-07-07T13:56:30,500.0,11.8,B
2021-07-07T13:56:11,7000.0,11.75,B
2021-07-07T13:55:17,1000.0,11.7,S
2021-07-07T13:54:02,19400.0,11.7,S
2021-07-07T13:54:02,4500.0,11.7,S
2021-07-07T13:54:02,15600.0,11.75,S
2021-07-07T13:54:02,8000.0,11.75,S
2021-07-07T13:54:02,2500.0,11.75,S
2021-07-07T13:52:16,7400.0,11.8,S
2021-07-07T13:52:12,5000.0,11.8,S
2021-07-07T13:51:47,1000.0,11.8,S
2021-07-07T13:50:25,2500.0,11.85,B
2021-07-07T13:49:54,3000.0,11.8,B
2021-07-07T13:49:41,200.0,11.8,B
2021-07-07T13:49:34,10000.0,11.8,B
2021-07-07T13:49:34,20000.0,11.8,B
2021-07-07T13:49:19,5000.0,11.8,B
2021-07-07T13:49:15,500.0,11.8,B
2021-07-07T13:49:13,600.0,11.8,B
2021-07-07T13:49:08,1600.0,11.8,B
2021-07-07T13:49:07,500.0,11.8,B
2021-07-07T13:49:01,20000.0,11.8,B
2021-07-07T13:48:50,200.0,11.8,B
2021-07-07T13:48:42,50000.0,11.8,B
2021-07-07T13:48:38,400.0,11.8,B
2021-07-07T13:48:08,100.0,11.8,B
2021-07-07T13:47:59,1000.0,11.8,B
2021-07-07T13:46:41,2000.0,11.8,B
2021-07-07T13:46:20,200.0,11.8,B
2021-07-07T13:46:14,100.0,11.8,B
2021-07-07T13:45:53,2000.0,11.8,B
2021-07-07T13:45:08,2100.0,11.8,B
2021-07-07T13:45:01,2000.0,11.8,B
2021-07-07T13:44:57,100.0,11.8,B
2021-07-07T13:44:52,2900.0,11.8,B
2021-07-07T13:44:49,1100.0,11.75,S
2021-07-07T13:44:25,39400.0,11.75,B
2021-07-07T13:44:21,10000.0,11.75,B
2021-07-07T13:44:07,500.0,11.75,B
2021-07-07T13:43:55,3000.0,11.75,B
2021-07-07T13:42:54,5000.0,11.75,B
2021-07-07T13:42:32,1000.0,11.7,S
2021-07-07T13:42:32,100.0,11.7,S
2021-07-07T13:42:21,100.0,11.7,S
2021-07-07T13:41:03,500.0,11.7,B
2021-07-07T13:40:59,200.0,11.7,B
2021-07-07T13:40:55,2000.0,11.7,B
2021-07-07T13:40:45,500.0,11.7,B
2021-07-07T13:40:21,1000.0,11.7,B
2021-07-07T13:40:13,500.0,11.7,S
2021-07-07T13:40:12,3300.0,11.7,S
2021-07-07T13:39:51,2000.0,11.7,S
2021-07-07T13:39:11,200.0,11.7,S
2021-07-07T13:38:59,800.0,11.7,S
2021-07-07T13:38:58,200.0,11.7,S
2021-07-07T13:38:51,200.0,11.7,S
2021-07-07T13:38:46,200.0,11.7,S
2021-07-07T13:38:39,200.0,11.7,S
2021-07-07T13:37:09,500.0,11.7,S
2021-07-07T13:36:40,100.0,11.7,S
2021-07-07T13:36:38,1000.0,11.7,S
2021-07-07T13:35:47,1600.0,11.7,B
2021-07-07T13:35:40,600.0,11.7,B
2021-07-07T13:35:40,2000.0,11.7,S
2021-07-07T13:35:39,15800.0,11.7,S
2021-07-07T13:35:32,200.0,11.7,S
2021-07-07T13:35:11,7000.0,11.7,S
2021-07-07T13:33:33,500.0,11.7,S
2021-07-07T13:32:54,400.0,11.75,B
2021-07-07T13:31:29,200.0,11.75,B
2021-07-07T13:31:14,7600.0,11.7,B
2021-07-07T13:30:53,100.0,11.7,B
2021-07-07T13:30:39,2300.0,11.7,B
2021-07-07T13:30:03,200.0,11.7,B
2021-07-07T13:29:42,400.0,11.7,B
2021-07-07T13:28:55,200.0,11.7,B
2021-07-07T13:28:21,3100.0,11.65,S
2021-07-07T13:28:19,200.0,11.7,B
2021-07-07T13:28:13,1400.0,11.7,B
2021-07-07T13:28:03,500.0,11.7,B
2021-07-07T13:28:01,500.0,11.7,B
2021-07-07T13:27:57,4000.0,11.7,B
2021-07-07T13:27:40,500.0,11.7,B
2021-07-07T13:27:37,100.0,11.7,B
2021-07-07T13:27:30,500.0,11.7,B
2021-07-07T13:27:15,100.0,11.7,B
2021-07-07T13:27:08,300.0,11.7,B
2021-07-07T13:26:57,100.0,11.7,B
2021-07-07T13:26:38,1700.0,11.7,B
2021-07-07T13:26:34,500.0,11.7,B
2021-07-07T13:26:10,1700.0,11.7,B
2021-07-07T13:26:06,800.0,11.7,B
2021-07-07T13:26:05,300.0,11.7,B
2021-07-07T13:25:57,100.0,11.7,B
2021-07-07T13:25:45,200.0,11.7,B
2021-07-07T13:25:35,4700.0,11.65,S
2021-07-07T13:25:34,1000.0,11.7,B
2021-07-07T13:25:11,2700.0,11.7,B
2021-07-07T13:25:08,1000.0,11.65,S
2021-07-07T13:24:59,500.0,11.7,B
2021-07-07T13:23:37,3200.0,11.65,S
2021-07-07T13:23:29,500.0,11.7,B
2021-07-07T13:23:04,1700.0,11.7,S
2021-07-07T13:23:01,25000.0,11.7,S
2021-07-07T13:21:56,1400.0,11.7,S
2021-07-07T13:20:32,2600.0,11.7,S
2021-07-07T13:20:31,100.0,11.7,S
2021-07-07T13:20:15,16300.0,11.7,S
2021-07-07T13:20:15,900.0,11.7,S
2021-07-07T13:20:15,8000.0,11.7,S
2021-07-07T13:20:15,10000.0,11.7,S
2021-07-07T13:20:15,6000.0,11.7,S
2021-07-07T13:20:15,8800.0,11.7,S
2021-07-07T13:19:48,1000.0,11.8,B
2021-07-07T13:19:26,300.0,11.75,B
2021-07-07T13:19:18,100.0,11.75,B
2021-07-07T13:19:05,200.0,11.75,B
2021-07-07T13:18:56,1000.0,11.75,B
2021-07-07T13:18:46,2700.0,11.75,S
2021-07-07T13:18:33,400.0,11.8,B
2021-07-07T13:18:10,1000.0,11.8,B
2021-07-07T13:18:05,1000.0,11.8,B
2021-07-07T13:17:41,2000.0,11.8,B
2021-07-07T13:17:26,1000.0,11.8,B
2021-07-07T13:17:23,100.0,11.75,S
2021-07-07T13:17:06,400.0,11.8,B
2021-07-07T13:16:46,30000.0,11.8,B
2021-07-07T13:16:42,1800.0,11.75,B
2021-07-07T13:16:24,200.0,11.75,B
2021-07-07T13:16:21,300.0,11.75,S
2021-07-07T13:14:57,300.0,11.75,B
2021-07-07T13:14:49,200.0,11.75,B
2021-07-07T13:14:44,100.0,11.75,B
2021-07-07T13:14:20,100.0,11.75,B
2021-07-07T13:13:58,2000.0,11.75,B
2021-07-07T13:13:54,25000.0,11.75,B
2021-07-07T13:13:31,5000.0,11.75,B
2021-07-07T13:12:49,100.0,11.75,B
2021-07-07T13:12:21,100.0,11.75,B
2021-07-07T13:12:13,100.0,11.75,B
2021-07-07T13:11:07,7100.0,11.7,B
2021-07-07T13:11:07,14100.0,11.7,B
2021-07-07T13:11:05,1000.0,11.7,B
2021-07-07T13:11:00,400.0,11.7,B
2021-07-07T13:10:49,5000.0,11.7,B
2021-07-07T13:10:26,3000.0,11.7,B
2021-07-07T13:10:24,700.0,11.7,B
2021-07-07T13:10:18,400.0,11.7,B
2021-07-07T13:10:00,100.0,11.7,B
2021-07-07T13:10:00,100.0,11.7,B
2021-07-07T13:09:51,700.0,11.7,B
2021-07-07T13:09:42,100.0,11.7,B
2021-07-07T13:09:13,500.0,11.7,B
2021-07-07T13:09:01,1900.0,11.7,B
2021-07-07T13:08:57,1600.0,11.65,S
2021-07-07T13:08:42,500.0,11.65,B
2021-07-07T13:08:42,2000.0,11.65,B
2021-07-07T13:08:35,1500.0,11.65,S
2021-07-07T13:08:29,2000.0,11.65,S
2021-07-07T13:08:28,1000.0,11.65,S
2021-07-07T13:07:30,1200.0,11.6,S
2021-07-07T13:06:59,1300.0,11.6,S
2021-07-07T13:06:59,800.0,11.6,S
2021-07-07T13:06:59,1000.0,11.6,S
2021-07-07T13:06:59,13800.0,11.6,S
2021-07-07T13:06:59,6600.0,11.6,S
2021-07-07T13:06:59,21500.0,11.65,S
2021-07-07T13:06:54,3000.0,11.7,B
2021-07-07T13:06:09,100.0,11.7,B
2021-07-07T13:04:59,3000.0,11.65,S
2021-07-07T13:04:58,5000.0,11.65,S
2021-07-07T13:04:34,1700.0,11.7,B
2021-07-07T13:04:31,1000.0,11.65,S
2021-07-07T13:04:10,5000.0,11.65,S
2021-07-07T13:03:16,1000.0,11.65,S
2021-07-07T13:02:51,100.0,11.65,S
2021-07-07T13:02:26,1000.0,11.7,B
2021-07-07T13:01:20,500.0,11.7,B
2021-07-07T13:01:11,5000.0,11.7,B
2021-07-07T13:00:33,100.0,11.7,B
2021-07-07T13:00:23,2000.0,11.7,B
2021-07-07T13:00:21,100.0,11.7,B
2021-07-07T13:00:17,100.0,11.65,S
2021-07-07T13:00:15,1000.0,11.7,B
2021-07-07T13:00:15,500.0,11.7,B
2021-07-07T13:00:11,100.0,11.65,S
2021-07-07T13:00:11,100.0,11.7,B
2021-07-07T13:00:07,5000.0,11.7,B
2021-07-07T13:00:03,100.0,11.7,B
2021-07-07T13:00:03,200.0,11.7,B
2021-07-07T13:00:03,600.0,11.7,B
2021-07-07T11:27:06,100.0,11.7,B
2021-07-07T11:25:49,100.0,11.7,B
2021-07-07T11:25:13,200.0,11.7,B
2021-07-07T11:24:59,16800.0,11.7,B
2021-07-07T11:24:28,200.0,11.65,S
2021-07-07T11:23:28,400.0,11.7,B
2021-07-07T11:23:28,4000.0,11.7,B
2021-07-07T11:23:10,3000.0,11.7,B
2021-07-07T11:22:53,3000.0,11.65,S
2021-07-07T11:22:41,2000.0,11.65,S
2021-07-07T11:21:35,1500.0,11.65,S
2021-07-07T11:20:54,3000.0,11.65,S
2021-07-07T11:20:10,800.0,11.65,S
2021-07-07T11:19:31,100.0,11.65,S
2021-07-07T11:19:30,500.0,11.7,B
2021-07-07T11:19:24,1000.0,11.7,B
2021-07-07T11:19:14,5000.0,11.7,B
2021-07-07T11:19:07,100.0,11.7,B
2021-07-07T11:18:04,100.0,11.65,S
2021-07-07T11:18:04,3500.0,11.65,S
2021-07-07T11:18:04,1200.0,11.65,S
2021-07-07T11:17:50,800.0,11.65,S
2021-07-07T11:17:50,200.0,11.65,S
2021-07-07T11:17:34,200.0,11.65,S
2021-07-07T11:16:40,1000.0,11.65,S
2021-07-07T11:16:10,200.0,11.7,B
2021-07-07T11:15:36,500.0,11.7,B
2021-07-07T11:14:53,1000.0,11.7,S
2021-07-07T11:14:10,2600.0,11.7,S
2021-07-07T11:13:19,3000.0,11.7,S
2021-07-07T11:13:01,2000.0,11.7,S
2021-07-07T11:12:12,100.0,11.75,B
2021-07-07T11:09:09,400.0,11.75,B
2021-07-07T11:08:55,3000.0,11.7,S
2021-07-07T11:07:42,400.0,11.75,B
2021-07-07T11:06:26,2700.0,11.7,S
2021-07-07T11:05:14,100.0,11.7,S
2021-07-07T11:04:49,1100.0,11.75,B
2021-07-07T11:03:34,100.0,11.7,S
2021-07-07T11:03:33,200.0,11.7,S
2021-07-07T11:03:27,200.0,11.7,B
2021-07-07T11:03:11,2000.0,11.7,B
2021-07-07T11:02:28,500.0,11.65,S
2021-07-07T11:02:16,100.0,11.7,B
2021-07-07T11:01:59,100.0,11.7,B
2021-07-07T11:01:49,1100.0,11.7,S
2021-07-07T11:01:46,4000.0,11.7,S
2021-07-07T11:01:35,2000.0,11.7,S
2021-07-07T11:01:29,3000.0,11.7,S
2021-07-07T11:00:31,10000.0,11.7,S
2021-07-07T10:59:52,2000.0,11.7,S
2021-07-07T10:59:50,500.0,11.75,B
2021-07-07T10:59:17,700.0,11.7,S
2021-07-07T10:58:47,500.0,11.7,S
2021-07-07T10:58:29,15000.0,11.7,S
2021-07-07T10:57:24,100.0,11.75,B
2021-07-07T10:56:26,500.0,11.7,S
2021-07-07T10:56:21,300.0,11.75,B
2021-07-07T10:54:49,100.0,11.75,B
2021-07-07T10:54:28,100.0,11.75,B
2021-07-07T10:54:03,1800.0,11.75,S
2021-07-07T10:52:17,500.0,11.75,S
2021-07-07T10:52:14,2000.0,11.75,S
2021-07-07T10:52:10,500.0,11.75,S
2021-07-07T10:51:57,400.0,11.8,B
2021-07-07T10:51:12,15600.0,11.75,B
2021-07-07T10:50:28,2400.0,11.7,S
2021-07-07T10:49:51,500.0,11.7,S
2021-07-07T10:49:00,500.0,11.7,S
2021-07-07T10:48:01,9000.0,11.7,S
2021-07-07T10:48:01,1500.0,11.7,S
2021-07-07T10:48:01,100.0,11.7,S
2021-07-07T10:48:01,19400.0,11.7,S
2021-07-07T10:47:14,1400.0,11.7,S
2021-07-07T10:46:31,100.0,11.75,S
2021-07-07T10:46:31,6200.0,11.75,S
2021-07-07T10:46:31,100.0,11.75,S
2021-07-07T10:45:44,3100.0,11.75,S
2021-07-07T10:45:05,100.0,11.8,B
2021-07-07T10:45:03,1000.0,11.75,S
2021-07-07T10:44:31,500.0,11.75,S
2021-07-07T10:44:24,600.0,11.8,B
2021-07-07T10:44:19,1000.0,11.8,B
2021-07-07T10:44:04,500.0,11.8,B
2021-07-07T10:43:57,300.0,11.75,S
2021-07-07T10:43:57,3700.0,11.75,S
2021-07-07T10:43:23,10000.0,11.75,S
2021-07-07T10:43:08,3000.0,11.8,B
2021-07-07T10:42:50,500.0,11.75,S
2021-07-07T10:42:07,2000.0,11.75,S
2021-07-07T10:41:37,500.0,11.75,S
2021-07-07T10:41:27,20700.0,11.75,S
2021-07-07T10:41:16,3000.0,11.75,S
2021-07-07T10:41:15,2000.0,11.75,S
2021-07-07T10:40:36,4600.0,11.8,B
2021-07-07T10:40:32,100.0,11.8,B
2021-07-07T10:40:30,19600.0,11.8,S
2021-07-07T10:40:22,2500.0,11.8,S
2021-07-07T10:40:22,500.0,11.8,S
2021-07-07T10:40:03,200.0,11.8,S
2021-07-07T10:39:30,1000.0,11.8,S
2021-07-07T10:37:24,1000.0,11.8,S
2021-07-07T10:36:45,1000.0,11.8,S
2021-07-07T10:36:12,500.0,11.85,B
2021-07-07T10:35:14,800.0,11.85,B
2021-07-07T10:35:14,200.0,11.85,B
2021-07-07T10:33:40,100.0,11.7,S
2021-07-07T10:33:21,10000.0,11.7,S
2021-07-07T10:31:51,2000.0,11.7,S
2021-07-07T10:31:24,2000.0,11.75,S
2021-07-07T10:31:22,100.0,11.75,S
2021-07-07T10:31:00,200.0,11.75,S
2021-07-07T10:30:05,200.0,11.75,B
2021-07-07T10:29:55,400.0,11.75,B
2021-07-07T10:29:52,100.0,11.75,B
2021-07-07T10:29:41,100.0,11.75,B
2021-07-07T10:29:30,100.0,11.75,S
2021-07-07T10:29:19,100.0,11.75,B
2021-07-07T10:28:18,400.0,11.75,B
2021-07-07T10:28:10,200.0,11.7,S
2021-07-07T10:26:46,600.0,11.7,S
2021-07-07T10:26:16,2000.0,11.7,S
2021-07-07T10:25:28,4400.0,11.7,B
2021-07-07T10:25:28,100.0,11.7,B
2021-07-07T10:25:24,200.0,11.7,B
2021-07-07T10:25:22,1000.0,11.7,S
2021-07-07T10:25:22,12100.0,11.7,S
2021-07-07T10:25:22,500.0,11.7,S
2021-07-07T10:25:22,8800.0,11.7,S
2021-07-07T10:25:22,100.0,11.75,S
2021-07-07T10:25:22,300.0,11.75,S
2021-07-07T10:25:22,2500.0,11.75,S
2021-07-07T10:24:51,1900.0,11.8,S
2021-07-07T10:24:27,1100.0,11.8,S
2021-07-07T10:22:36,300.0,11.8,S
2021-07-07T10:22:36,3100.0,11.8,S
2021-07-07T10:22:24,1300.0,11.8,S
2021-07-07T10:21:54,200.0,11.8,S
2021-07-07T10:21:08,700.0,11.85,B
2021-07-07T10:21:00,200.0,11.85,B
2021-07-07T10:20:44,3000.0,11.8,S
2021-07-07T10:20:35,11600.0,11.8,B
2021-07-07T10:20:25,500.0,11.8,B
2021-07-07T10:20:21,500.0,11.8,B
2021-07-07T10:18:49,500.0,11.8,B
2021-07-07T10:18:29,1000.0,11.8,B
2021-07-07T10:18:27,200.0,11.8,B
2021-07-07T10:18:23,100.0,11.8,B
2021-07-07T10:18:19,200.0,11.8,B
2021-07-07T10:18:04,200.0,11.8,S
2021-07-07T10:18:04,7400.0,11.8,S
2021-07-07T10:18:04,3800.0,11.8,S
2021-07-07T10:17:58,16200.0,11.8,S
2021-07-07T10:17:58,16800.0,11.8,S
2021-07-07T10:17:44,300.0,11.8,S
2021-07-07T10:17:00,500.0,11.8,S
2021-07-07T10:16:57,1000.0,11.85,B
2021-07-07T10:16:44,1000.0,11.8,S
2021-07-07T10:15:48,2000.0,11.8,S
2021-07-07T10:15:16,400.0,11.8,S
2021-07-07T10:14:57,500.0,11.85,B
2021-07-07T10:14:51,7400.0,11.85,S
2021-07-07T10:14:19,5000.0,11.85,S
2021-07-07T10:13:40,300.0,11.85,S
2021-07-07T10:12:32,400.0,11.9,B
2021-07-07T10:10:22,10300.0,11.9,S
2021-07-07T10:10:20,300.0,11.9,S
2021-07-07T10:09:20,100.0,11.9,S
2021-07-07T10:09:07,400.0,11.9,S
2021-07-07T10:09:07,2000.0,11.9,S
2021-07-07T10:08:52,2000.0,11.9,B
2021-07-07T10:08:52,500.0,11.9,B
2021-07-07T10:08:52,3700.0,11.9,B
2021-07-07T10:08:46,1000.0,11.85,S
2021-07-07T10:08:37,10000.0,11.85,S
2021-07-07T10:08:34,10000.0,11.85,S
2021-07-07T10:08:19,1000.0,11.85,S
2021-07-07T10:08:16,300.0,11.85,S
2021-07-07T10:08:09,100.0,11.85,S
2021-07-07T10:06:03,10000.0,11.85,S
2021-07-07T10:05:35,1000.0,11.9,B
2021-07-07T10:05:04,100.0,11.9,B
2021-07-07T10:05:03,1700.0,11.9,B
2021-07-07T10:04:49,20000.0,11.9,B
2021-07-07T10:04:42,300.0,11.85,S
2021-07-07T10:04:40,500.0,11.9,B
2021-07-07T10:04:28,100.0,11.85,S
2021-07-07T10:03:49,100.0,11.85,S
2021-07-07T10:03:19,2000.0,11.85,S
2021-07-07T10:03:01,100.0,11.85,S
2021-07-07T10:02:13,1000.0,11.85,S
2021-07-07T10:02:07,500.0,11.85,S
2021-07-07T10:02:06,200.0,11.85,S
2021-07-07T10:01:15,500.0,11.85,S
2021-07-07T10:01:11,7000.0,11.85,B
2021-07-07T10:00:21,100.0,11.85,B
2021-07-07T10:00:07,3300.0,11.85,S
2021-07-07T09:59:40,300.0,11.85,S
2021-07-07T09:59:35,500.0,11.85,S
2021-07-07T09:59:21,500.0,11.85,S
2021-07-07T09:59:10,5000.0,11.85,S
2021-07-07T09:58:29,200.0,11.85,S
2021-07-07T09:58:26,100.0,11.85,S
2021-07-07T09:58:19,400.0,11.85,S
2021-07-07T09:57:53,600.0,11.85,S
2021-07-07T09:57:11,2000.0,11.85,S
2021-07-07T09:57:02,3000.0,11.85,S
2021-07-07T09:57:01,1000.0,11.85,S
2021-07-07T09:56:56,4100.0,11.85,B
2021-07-07T09:56:51,1000.0,11.8,S
2021-07-07T09:56:47,400.0,11.85,B
2021-07-07T09:56:09,100.0,11.8,S
2021-07-07T09:55:57,200.0,11.8,B
2021-07-07T09:55:54,16000.0,11.8,B
2021-07-07T09:54:56,100.0,11.75,S
2021-07-07T09:54:37,800.0,11.75,B
2021-07-07T09:54:07,2800.0,11.7,S
2021-07-07T09:54:07,200.0,11.7,S
2021-07-07T09:53:53,10000.0,11.7,S
2021-07-07T09:53:52,200.0,11.75,B
2021-07-07T09:53:13,10000.0,11.75,B
2021-07-07T09:53:05,300.0,11.7,B
2021-07-07T09:52:46,300.0,11.7,B
2021-07-07T09:52:32,100.0,11.7,B
2021-07-07T09:51:54,1000.0,11.7,B
2021-07-07T09:51:16,1300.0,11.7,S
2021-07-07T09:51:12,5000.0,11.7,S
2021-07-07T09:51:06,1000.0,11.75,B
2021-07-07T09:51:04,200.0,11.7,S
2021-07-07T09:50:48,100.0,11.75,B
2021-07-07T09:49:52,100.0,11.75,B
2021-07-07T09:49:44,1000.0,11.7,S
2021-07-07T09:49:11,3000.0,11.75,B
2021-07-07T09:49:05,1000.0,11.75,B
2021-07-07T09:49:03,100.0,11.75,B
2021-07-07T09:48:54,500.0,11.75,B
2021-07-07T09:48:41,100.0,11.75,B
2021-07-07T09:48:32,3300.0,11.7,S
2021-07-07T09:48:32,1300.0,11.7,S
2021-07-07T09:48:32,400.0,11.7,S
2021-07-07T09:47:32,100.0,11.75,B
2021-07-07T09:47:31,400.0,11.7,S
2021-07-07T09:47:06,100.0,11.75,B
2021-07-07T09:46:22,100.0,11.75,B
2021-07-07T09:46:12,500.0,11.75,B
2021-07-07T09:45:28,200.0,11.75,S
2021-07-07T09:45:03,300.0,11.75,S
2021-07-07T09:44:34,2100.0,11.8,B
2021-07-07T09:44:28,1000.0,11.7,S
2021-07-07T09:44:25,500.0,11.75,S
2021-07-07T09:43:54,1400.0,11.7,S
2021-07-07T09:43:53,200.0,11.75,B
2021-07-07T09:43:32,1400.0,11.75,B
2021-07-07T09:43:27,1000.0,11.8,B
2021-07-07T09:43:10,700.0,11.8,B
2021-07-07T09:43:10,400.0,11.8,S
2021-07-07T09:43:10,2300.0,11.8,S
2021-07-07T09:43:03,100.0,11.85,B
2021-07-07T09:42:37,200.0,11.85,B
2021-07-07T09:42:37,2000.0,11.8,S
2021-07-07T09:42:26,200.0,11.85,B
2021-07-07T09:42:03,2000.0,11.8,S
2021-07-07T09:41:48,1600.0,11.8,S
2021-07-07T09:41:44,1000.0,11.85,B
2021-07-07T09:41:13,2000.0,11.85,B
2021-07-07T09:41:07,500.0,11.8,S
2021-07-07T09:41:01,500.0,11.85,B
2021-07-07T09:40:41,1000.0,11.85,B
2021-07-07T09:40:02,100.0,11.85,B
2021-07-07T09:39:51,100.0,11.85,B
2021-07-07T09:39:43,600.0,11.85,S
2021-07-07T09:39:03,5700.0,11.9,S
2021-07-07T09:38:38,1000.0,11.9,S
2021-07-07T09:37:30,1000.0,11.9,S
2021-07-07T09:36:58,10000.0,11.9,S
2021-07-07T09:36:48,6400.0,11.9,S
2021-07-07T09:35:37,200.0,11.9,S
2021-07-07T09:35:22,2200.0,11.9,B
2021-07-07T09:35:10,500.0,11.9,B
2021-07-07T09:34:53,500.0,11.9,B
2021-07-07T09:34:23,300.0,11.8,S
2021-07-07T09:34:14,200.0,11.8,S
2021-07-07T09:34:03,200.0,11.8,S
2021-07-07T09:33:56,500.0,11.8,S
2021-07-07T09:33:41,100.0,11.8,B
2021-07-07T09:33:14,4100.0,11.8,S
2021-07-07T09:33:13,1000.0,11.75,S
2021-07-07T09:33:08,400.0,11.8,B
2021-07-07T09:32:52,500.0,11.75,S
2021-07-07T09:32:08,1200.0,11.75,S
2021-07-07T09:32:03,1000.0,11.75,S
2021-07-07T09:31:22,6400.0,11.75,B
2021-07-07T09:31:15,1000.0,11.75,B
2021-07-07T09:30:59,700.0,11.75,B
2021-07-07T09:30:40,1000.0,11.75,B
2021-07-07T09:30:33,2200.0,11.75,S
2021-07-07T09:30:17,100.0,11.75,S
2021-07-07T09:30:08,500.0,11.75,S
2021-07-07T09:29:59,2200.0,11.75,B
2021-07-07T09:29:55,2000.0,11.6,S
2021-07-07T09:29:52,500.0,11.7,B
2021-07-07T09:29:39,1500.0,11.65,B
2021-07-07T09:29:28,16900.0,11.6,B
2021-07-07T09:29:19,3900.0,11.55,B
2021-07-07T09:29:19,1200.0,11.55,B
2021-07-07T09:29:19,1500.0,11.55,B
2021-07-07T09:29:02,100.0,11.5,S
2021-07-07T09:28:49,2200.0,11.55,S
2021-07-07T09:28:49,300.0,11.55,S
2021-07-07T09:28:49,3000.0,11.55,S
2021-07-07T09:28:19,4000.0,11.55,S
2021-07-07T09:27:41,100.0,11.6,B
2021-07-07T09:27:40,3000.0,11.6,B
2021-07-07T09:27:23,6000.0,11.6,S
2021-07-07T09:27:13,5500.0,11.65,S
2021-07-07T09:27:12,3200.0,11.65,S
2021-07-07T09:26:41,100.0,11.65,S
2021-07-07T09:26:41,3500.0,11.65,S
2021-07-07T09:26:29,5000.0,11.75,B
2021-07-07T09:26:16,400.0,11.65,S
2021-07-07T09:26:13,1300.0,11.65,S
2021-07-07T09:25:55,7700.0,11.65,S
2021-07-07T09:25:28,500.0,11.7,B
2021-07-07T09:25:27,500.0,11.7,B
2021-07-07T09:25:22,1300.0,11.7,S
2021-07-07T09:25:19,2000.0,11.75,B
2021-07-07T09:25:05,1000.0,11.7,S
2021-07-07T09:24:44,2700.0,11.7,B
2021-07-07T09:24:43,3000.0,11.65,S
2021-07-07T09:24:38,500.0,11.7,B
2021-07-07T09:24:28,1100.0,11.65,S
2021-07-07T09:24:28,800.0,11.7,B
2021-07-07T09:24:16,5000.0,11.75,B
2021-07-07T09:24:15,1000.0,11.65,S
2021-07-07T09:24:11,500.0,11.7,S
2021-07-07T09:24:00,900.0,11.7,S
2021-07-07T09:24:00,1500.0,11.7,S
2021-07-07T09:24:00,600.0,11.7,S
2021-07-07T09:23:56,100.0,11.7,S
2021-07-07T09:23:52,1000.0,11.7,S
2021-07-07T09:23:41,700.0,11.7,S
2021-07-07T09:22:57,1300.0,11.75,S
2021-07-07T09:22:45,500.0,11.75,S
2021-07-07T09:22:43,1000.0,11.8,B
2021-07-07T09:22:37,1000.0,11.75,S
2021-07-07T09:22:29,100.0,11.8,B
2021-07-07T09:22:26,100.0,11.8,B
2021-07-07T09:22:02,3000.0,11.8,S
2021-07-07T09:22:02,800.0,11.8,S
2021-07-07T09:21:42,4100.0,11.9,B
2021-07-07T09:21:42,900.0,11.85,B
2021-07-07T09:21:16,8000.0,11.8,S
2021-07-07T09:21:15,200.0,11.8,S
2021-07-07T09:21:15,500.0,11.85,S
2021-07-07T09:21:15,7300.0,11.85,S
2021-07-07T09:21:11,500.0,11.95,S
2021-07-07T09:21:09,3000.0,11.95,S
2021-07-07T09:21:07,1000.0,11.95,B
2021-07-07T09:21:07,8500.0,11.95,B
2021-07-07T09:21:05,1200.0,11.9,B
2021-07-07T09:20:45,1000.0,11.9,S
2021-07-07T09:20:38,200.0,11.9,B
2021-07-07T09:20:18,900.0,11.85,S
2021-07-07T09:20:18,100.0,11.85,S
2021-07-07T09:20:18,9000.0,11.85,S
2021-07-07T09:20:09,500.0,11.9,S
2021-07-07T09:20:08,800.0,11.9,S
2021-07-07T09:19:35,1000.0,11.95,B
2021-07-07T09:19:34,10000.0,11.95,B
2021-07-07T09:19:23,800.0,11.9,S
2021-07-07T09:18:57,400.0,11.95,B
2021-07-07T09:18:35,7800.0,11.95,B
2021-07-07T09:18:33,1000.0,11.9,S
2021-07-07T09:18:30,200.0,11.95,B
2021-07-07T09:18:16,200.0,11.95,B
2021-07-07T09:18:09,1000.0,11.95,B
2021-07-07T09:17:52,3600.0,11.95,B
2021-07-07T09:17:49,100.0,11.9,B
2021-07-07T09:17:42,100.0,11.9,B
2021-07-07T09:17:40,110000.0,11.9,B
2021-07-07T09:17:23,400.0,11.95,B
2021-07-07T09:17:22,100.0,11.9,S
2021-07-07T09:17:17,100.0,11.95,B
2021-07-07T09:16:50,200.0,11.9,B
2021-07-07T09:16:35,300.0,11.85,B
2021-07-07T09:16:35,400.0,11.85,B
2021-07-07T09:16:10,100.0,11.85,B
2021-07-07T09:15:56,100.0,11.75,B
2021-07-07T09:15:55,300.0,11.75,B
2021-07-07T09:15:50,100.0,11.75,B
2021-07-07T09:15:08,100.0,11.65,B
2021-07-07T09:15:08,4900.0,11.6,S
