tradingTime,volume,price,side
2021-07-07T14:49:11,800.0,36.4,S
2021-07-07T14:47:41,900.0,36.4,B
2021-07-07T14:47:21,500.0,36.4,S
2021-07-07T14:45:46,800.0,36.4,B
2021-07-07T14:44:16,3800.0,36.3,S
2021-07-07T14:43:26,1500.0,36.3,S
2021-07-07T14:42:31,100.0,36.3,S
2021-07-07T14:42:31,500.0,36.4,B
2021-07-07T14:42:16,2000.0,36.4,B
2021-07-07T14:41:31,100.0,36.4,B
2021-07-07T14:39:26,100.0,36.3,S
2021-07-07T14:37:01,100.0,36.3,S
2021-07-07T14:36:51,5000.0,36.3,S
2021-07-07T14:36:26,500.0,36.3,S
2021-07-07T14:36:16,500.0,36.3,S
2021-07-07T14:35:31,10000.0,36.3,S
2021-07-07T14:34:26,200.0,36.4,B
2021-07-07T14:34:21,5500.0,36.4,B
2021-07-07T14:33:41,100.0,36.4,B
2021-07-07T14:32:01,500.0,36.3,S
2021-07-07T14:31:26,800.0,36.3,S
2021-07-07T14:30:41,300.0,36.3,S
2021-07-07T14:29:47,200.0,36.3,S
2021-07-07T14:28:34,1000.0,36.3,S
2021-07-07T14:27:23,3300.0,36.3,B
2021-07-07T14:27:17,200.0,36.3,B
2021-07-07T14:27:10,500.0,36.3,B
2021-07-07T14:25:44,100.0,36.3,B
2021-07-07T14:24:34,200.0,36.3,B
2021-07-07T14:23:48,300.0,36.3,S
2021-07-07T14:23:32,400.0,36.3,B
2021-07-07T14:22:49,6600.0,36.3,B
2021-07-07T14:21:38,7700.0,36.2,B
2021-07-07T14:21:03,1000.0,36.1,S
2021-07-07T14:20:54,100.0,36.2,B
2021-07-07T14:20:49,300.0,36.2,B
2021-07-07T14:20:06,300.0,36.2,B
2021-07-07T14:19:34,500.0,36.2,B
2021-07-07T14:19:31,5000.0,36.1,S
2021-07-07T14:19:21,200.0,36.2,B
2021-07-07T14:18:18,3000.0,36.1,S
2021-07-07T14:18:04,500.0,36.2,B
2021-07-07T14:17:43,100.0,36.2,B
2021-07-07T14:17:41,1000.0,36.1,S
2021-07-07T14:16:08,500.0,36.1,S
2021-07-07T14:16:03,2000.0,36.1,S
2021-07-07T14:15:53,500.0,36.1,S
2021-07-07T14:15:26,1000.0,36.1,S
2021-07-07T14:14:48,4000.0,36.1,S
2021-07-07T14:14:25,1000.0,36.2,B
2021-07-07T14:12:37,700.0,36.2,S
2021-07-07T14:11:50,500.0,36.2,S
2021-07-07T14:11:27,2000.0,36.2,S
2021-07-07T14:11:14,900.0,36.2,S
2021-07-07T14:10:00,2000.0,36.2,S
2021-07-07T14:09:30,700.0,36.2,S
2021-07-07T14:08:59,600.0,36.2,B
2021-07-07T14:08:43,100.0,36.2,B
2021-07-07T14:06:39,400.0,36.2,B
2021-07-07T14:06:21,100.0,36.2,S
2021-07-07T14:06:08,600.0,36.2,S
2021-07-07T14:04:38,100.0,36.2,S
2021-07-07T14:04:00,700.0,36.2,S
2021-07-07T14:03:40,100.0,36.2,S
2021-07-07T14:02:58,1000.0,36.2,S
2021-07-07T13:59:05,1000.0,36.3,B
2021-07-07T13:57:53,2600.0,36.3,B
2021-07-07T13:57:25,300.0,36.2,B
2021-07-07T13:56:50,500.0,36.2,B
2021-07-07T13:56:07,200.0,36.2,S
2021-07-07T13:55:44,500.0,36.2,S
2021-07-07T13:55:32,200.0,36.2,S
2021-07-07T13:54:50,400.0,36.2,B
2021-07-07T13:54:43,200.0,36.2,B
2021-07-07T13:54:41,100.0,36.2,B
2021-07-07T13:53:50,500.0,36.2,B
2021-07-07T13:53:33,100.0,36.2,B
2021-07-07T13:53:24,800.0,36.2,B
2021-07-07T13:52:19,100.0,36.2,B
2021-07-07T13:52:16,1000.0,36.2,S
2021-07-07T13:51:18,5000.0,36.2,S
2021-07-07T13:50:16,1500.0,36.3,B
2021-07-07T13:49:54,100.0,36.3,B
2021-07-07T13:48:44,100.0,36.3,B
2021-07-07T13:47:32,100.0,36.3,B
2021-07-07T13:45:46,2000.0,36.3,B
2021-07-07T13:45:26,2000.0,36.3,B
2021-07-07T13:45:17,100.0,36.3,B
2021-07-07T13:44:47,200.0,36.3,B
2021-07-07T13:43:40,300.0,36.3,B
2021-07-07T13:41:26,100.0,36.3,B
2021-07-07T13:41:01,400.0,36.2,B
2021-07-07T13:40:48,400.0,36.2,S
2021-07-07T13:38:38,500.0,36.2,S
2021-07-07T13:37:39,500.0,36.3,B
2021-07-07T13:37:03,100.0,36.3,B
2021-07-07T13:34:58,1700.0,36.2,B
2021-07-07T13:33:48,2000.0,36.2,B
2021-07-07T13:33:40,2000.0,36.2,B
2021-07-07T13:32:54,1000.0,36.1,S
2021-07-07T13:30:56,300.0,36.1,S
2021-07-07T13:30:56,100.0,36.2,B
2021-07-07T13:29:48,100.0,36.2,B
2021-07-07T13:27:16,100.0,36.2,B
2021-07-07T13:24:44,300.0,36.2,B
2021-07-07T13:24:26,200.0,36.2,B
2021-07-07T13:22:31,100.0,36.2,S
2021-07-07T13:21:39,200.0,36.3,B
2021-07-07T13:21:23,200.0,36.2,B
2021-07-07T13:19:39,6200.0,36.1,S
2021-07-07T13:19:19,100.0,36.2,B
2021-07-07T13:17:50,1100.0,36.2,S
2021-07-07T13:17:04,400.0,36.2,B
2021-07-07T13:17:01,100.0,36.2,B
2021-07-07T13:16:35,1000.0,36.2,B
2021-07-07T13:16:29,100.0,36.2,B
2021-07-07T13:16:20,200.0,36.2,B
2021-07-07T13:16:04,8100.0,36.1,B
2021-07-07T13:15:03,1500.0,36.1,B
2021-07-07T13:14:54,2200.0,36.1,S
2021-07-07T13:14:10,2000.0,36.1,B
2021-07-07T13:13:47,100.0,36.0,S
2021-07-07T13:13:43,900.0,36.1,B
2021-07-07T13:12:34,500.0,36.1,B
2021-07-07T13:12:12,4600.0,36.1,S
2021-07-07T13:11:56,200.0,36.2,B
2021-07-07T13:10:36,1000.0,36.4,B
2021-07-07T13:09:52,15000.0,36.4,B
2021-07-07T13:09:35,100.0,36.1,S
2021-07-07T13:08:58,600.0,36.1,B
2021-07-07T13:07:48,9000.0,36.0,S
2021-07-07T13:06:24,600.0,36.0,S
2021-07-07T13:05:54,200.0,36.1,B
2021-07-07T13:05:28,10000.0,36.1,B
2021-07-07T13:05:13,2000.0,36.1,B
2021-07-07T13:04:08,1000.0,36.1,B
2021-07-07T13:02:57,500.0,36.1,B
2021-07-07T13:00:39,200.0,36.1,B
2021-07-07T13:00:23,200.0,36.0,S
2021-07-07T11:28:32,10000.0,36.0,S
2021-07-07T11:27:56,500.0,36.1,S
2021-07-07T11:27:21,1000.0,36.1,S
2021-07-07T11:27:09,100.0,36.2,B
2021-07-07T11:26:29,700.0,36.1,S
2021-07-07T11:24:30,800.0,36.2,S
2021-07-07T11:24:13,500.0,36.2,S
2021-07-07T11:23:50,5000.0,36.2,S
2021-07-07T11:22:24,5000.0,36.2,S
2021-07-07T11:21:37,2100.0,36.3,B
2021-07-07T11:20:57,2000.0,36.2,S
2021-07-07T11:20:50,1400.0,36.2,B
2021-07-07T11:19:41,200.0,36.1,S
2021-07-07T11:19:34,500.0,36.1,B
2021-07-07T11:19:11,100.0,36.1,B
2021-07-07T11:18:40,900.0,36.1,B
2021-07-07T11:18:04,100.0,36.0,S
2021-07-07T11:17:43,1700.0,36.0,S
2021-07-07T11:17:31,500.0,36.0,S
2021-07-07T11:16:07,1000.0,36.0,S
2021-07-07T11:14:02,1500.0,36.0,S
2021-07-07T11:13:02,3500.0,36.0,B
2021-07-07T11:12:49,1000.0,36.0,B
2021-07-07T11:12:16,1100.0,35.9,S
2021-07-07T11:10:56,3000.0,35.9,S
2021-07-07T11:10:13,1200.0,35.9,S
2021-07-07T11:05:17,1000.0,35.9,S
2021-07-07T11:05:12,500.0,36.0,B
2021-07-07T11:04:57,200.0,36.0,B
2021-07-07T11:04:32,1000.0,36.0,B
2021-07-07T11:00:45,500.0,36.0,B
2021-07-07T10:59:05,100.0,35.9,B
2021-07-07T10:58:43,500.0,35.9,B
2021-07-07T10:58:43,100.0,35.9,B
2021-07-07T10:58:37,500.0,35.9,B
2021-07-07T10:58:28,600.0,35.8,S
2021-07-07T10:57:30,100.0,35.9,B
2021-07-07T10:57:27,4400.0,35.9,B
2021-07-07T10:57:26,100.0,35.9,B
2021-07-07T10:56:20,600.0,35.9,B
2021-07-07T10:56:19,100.0,35.9,B
2021-07-07T10:55:01,1800.0,35.8,S
2021-07-07T10:53:58,2000.0,35.7,S
2021-07-07T10:53:19,100.0,35.8,S
2021-07-07T10:53:17,100.0,35.8,B
2021-07-07T10:53:15,200.0,35.8,B
2021-07-07T10:52:02,1600.0,35.8,S
2021-07-07T10:50:51,1000.0,35.8,S
2021-07-07T10:50:34,1000.0,35.8,S
2021-07-07T10:49:24,1000.0,35.8,S
2021-07-07T10:48:41,1000.0,35.9,B
2021-07-07T10:48:07,200.0,35.9,B
2021-07-07T10:47:58,1000.0,35.9,B
2021-07-07T10:47:50,300.0,35.8,S
2021-07-07T10:47:08,500.0,35.9,B
2021-07-07T10:47:02,100.0,35.9,B
2021-07-07T10:46:17,200.0,35.9,B
2021-07-07T10:45:54,3000.0,35.9,B
2021-07-07T10:45:04,1000.0,35.9,B
2021-07-07T10:44:14,2200.0,35.9,B
2021-07-07T10:44:06,1000.0,35.9,B
2021-07-07T10:43:39,100.0,35.9,B
2021-07-07T10:42:51,100.0,35.9,S
2021-07-07T10:42:39,900.0,35.9,S
2021-07-07T10:41:57,5000.0,36.0,S
2021-07-07T10:41:50,7500.0,36.0,S
2021-07-07T10:41:30,9100.0,36.1,B
2021-07-07T10:41:21,800.0,36.1,S
2021-07-07T10:41:13,200.0,36.1,S
2021-07-07T10:39:49,500.0,36.1,S
2021-07-07T10:39:48,200.0,36.2,B
2021-07-07T10:38:52,200.0,36.2,B
2021-07-07T10:38:42,100.0,36.2,B
2021-07-07T10:38:06,1300.0,36.2,B
2021-07-07T10:37:29,2000.0,36.2,S
2021-07-07T10:32:06,3500.0,36.2,S
2021-07-07T10:30:45,100.0,36.2,B
2021-07-07T10:30:42,3800.0,36.1,S
2021-07-07T10:30:42,100.0,36.2,B
2021-07-07T10:30:09,2100.0,36.2,B
2021-07-07T10:29:34,20000.0,36.2,S
2021-07-07T10:25:12,30000.0,36.2,S
2021-07-07T10:24:43,500.0,36.3,S
2021-07-07T10:23:23,1200.0,36.4,S
2021-07-07T10:23:01,100.0,36.5,B
2021-07-07T10:21:19,100.0,36.5,B
2021-07-07T10:19:42,300.0,36.4,B
2021-07-07T10:19:40,200.0,36.4,S
2021-07-07T10:19:09,2000.0,36.4,S
2021-07-07T10:18:53,5800.0,36.4,B
2021-07-07T10:17:46,5000.0,36.4,B
2021-07-07T10:16:47,7200.0,36.4,B
2021-07-07T10:14:49,100.0,36.5,B
2021-07-07T10:14:47,300.0,36.5,B
2021-07-07T10:14:30,500.0,36.5,B
2021-07-07T10:13:32,100.0,36.4,S
2021-07-07T10:12:10,200.0,36.5,S
2021-07-07T10:11:35,100.0,36.5,B
2021-07-07T10:11:33,200.0,36.4,S
2021-07-07T10:11:26,100.0,36.5,S
2021-07-07T10:10:35,6300.0,36.5,B
2021-07-07T10:10:01,100.0,36.5,B
2021-07-07T10:09:02,7900.0,36.5,B
2021-07-07T10:08:51,5100.0,36.4,B
2021-07-07T10:07:23,500.0,36.3,B
2021-07-07T10:07:05,2000.0,36.3,B
2021-07-07T10:06:46,100.0,36.3,B
2021-07-07T10:06:29,1500.0,36.3,B
2021-07-07T10:05:42,2000.0,36.3,B
2021-07-07T10:05:18,1000.0,36.3,B
2021-07-07T10:03:58,300.0,36.2,B
2021-07-07T10:03:40,1000.0,36.2,S
2021-07-07T10:03:35,100.0,36.3,B
2021-07-07T10:03:06,1000.0,36.2,S
2021-07-07T10:02:40,1000.0,36.2,S
2021-07-07T10:02:27,600.0,36.2,S
2021-07-07T10:02:03,2000.0,36.2,S
2021-07-07T10:00:54,2700.0,36.2,B
2021-07-07T10:00:43,5000.0,36.2,B
2021-07-07T09:59:46,500.0,36.2,B
2021-07-07T09:59:32,500.0,36.2,B
2021-07-07T09:58:01,700.0,36.2,B
2021-07-07T09:57:10,700.0,36.2,S
2021-07-07T09:57:08,8500.0,36.2,B
2021-07-07T09:55:14,100.0,36.2,B
2021-07-07T09:54:47,5000.0,36.2,B
2021-07-07T09:53:58,300.0,36.0,S
2021-07-07T09:53:22,100.0,36.0,S
2021-07-07T09:52:49,2000.0,36.0,S
2021-07-07T09:51:38,100.0,36.2,B
2021-07-07T09:51:33,200.0,36.0,S
2021-07-07T09:49:40,100.0,36.2,S
2021-07-07T09:49:02,1900.0,36.2,B
2021-07-07T09:48:47,10300.0,36.0,S
2021-07-07T09:48:26,12200.0,36.0,S
2021-07-07T09:48:17,800.0,36.2,B
2021-07-07T09:48:10,1000.0,36.1,S
2021-07-07T09:48:00,300.0,36.2,B
2021-07-07T09:47:31,500.0,36.2,S
2021-07-07T09:47:18,100.0,36.3,S
2021-07-07T09:46:19,200.0,36.3,S
2021-07-07T09:46:16,100.0,36.3,S
2021-07-07T09:46:11,100.0,36.3,S
2021-07-07T09:45:57,7000.0,36.3,S
2021-07-07T09:45:38,1400.0,36.3,S
2021-07-07T09:45:30,1800.0,36.3,S
2021-07-07T09:45:28,600.0,36.3,S
2021-07-07T09:45:27,2000.0,36.3,S
2021-07-07T09:45:03,300.0,36.4,B
2021-07-07T09:44:46,300.0,36.3,S
2021-07-07T09:44:28,400.0,36.3,S
2021-07-07T09:43:46,3000.0,36.2,S
2021-07-07T09:43:39,300.0,36.4,B
2021-07-07T09:43:38,100.0,36.4,S
2021-07-07T09:42:36,400.0,36.5,B
2021-07-07T09:42:29,300.0,36.5,B
2021-07-07T09:41:48,9000.0,36.5,B
2021-07-07T09:41:37,4900.0,36.4,B
2021-07-07T09:41:31,700.0,36.3,S
2021-07-07T09:41:25,200.0,36.3,S
2021-07-07T09:40:18,700.0,36.3,B
2021-07-07T09:40:08,100.0,36.2,S
2021-07-07T09:39:39,100.0,36.2,S
2021-07-07T09:38:56,3000.0,36.0,S
2021-07-07T09:38:52,1000.0,36.0,S
2021-07-07T09:36:37,1000.0,36.0,S
2021-07-07T09:35:47,400.0,36.3,B
2021-07-07T09:34:48,200.0,36.2,B
2021-07-07T09:34:12,100.0,36.0,S
2021-07-07T09:34:02,800.0,36.0,B
2021-07-07T09:33:52,1000.0,36.0,B
2021-07-07T09:33:39,2400.0,35.9,B
2021-07-07T09:33:31,100.0,35.9,S
2021-07-07T09:33:25,500.0,35.9,B
2021-07-07T09:33:07,500.0,35.9,B
2021-07-07T09:32:46,2000.0,36.0,B
2021-07-07T09:32:31,500.0,35.9,S
2021-07-07T09:32:16,1600.0,35.9,S
2021-07-07T09:32:11,100.0,35.9,S
2021-07-07T09:32:08,300.0,35.9,S
2021-07-07T09:32:08,500.0,36.0,B
2021-07-07T09:32:02,200.0,36.0,B
2021-07-07T09:31:29,1000.0,35.9,S
2021-07-07T09:30:49,100.0,35.9,S
2021-07-07T09:30:40,100.0,35.9,S
2021-07-07T09:30:19,1800.0,35.9,B
2021-07-07T09:30:18,500.0,35.7,S
2021-07-07T09:30:13,2000.0,35.9,B
2021-07-07T09:29:53,600.0,35.7,S
2021-07-07T09:29:48,5000.0,35.9,B
2021-07-07T09:29:47,1400.0,35.9,B
2021-07-07T09:29:45,300.0,35.7,S
2021-07-07T09:29:22,300.0,35.7,S
2021-07-07T09:29:12,2000.0,35.9,B
2021-07-07T09:29:07,500.0,35.7,S
2021-07-07T09:28:40,800.0,36.0,B
2021-07-07T09:28:38,300.0,35.9,S
2021-07-07T09:28:22,2000.0,35.9,S
2021-07-07T09:28:17,200.0,36.0,S
2021-07-07T09:28:02,300.0,36.0,S
2021-07-07T09:28:00,200.0,36.0,S
2021-07-07T09:27:53,100.0,36.1,B
2021-07-07T09:27:52,5000.0,36.0,S
2021-07-07T09:27:42,800.0,36.0,S
2021-07-07T09:27:23,600.0,36.1,S
2021-07-07T09:27:20,1500.0,36.1,S
2021-07-07T09:26:55,300.0,36.1,S
2021-07-07T09:26:55,2600.0,36.1,S
2021-07-07T09:26:47,1000.0,36.0,S
2021-07-07T09:26:29,10000.0,36.0,S
2021-07-07T09:26:20,5000.0,36.0,S
2021-07-07T09:26:16,2300.0,36.3,B
2021-07-07T09:26:12,200.0,36.2,S
2021-07-07T09:25:51,100.0,36.3,B
2021-07-07T09:25:45,100.0,36.2,S
2021-07-07T09:25:38,100.0,36.2,S
2021-07-07T09:25:31,300.0,36.2,S
2021-07-07T09:25:29,300.0,36.2,S
2021-07-07T09:25:03,400.0,36.3,S
2021-07-07T09:24:51,200.0,36.3,S
2021-07-07T09:24:35,1000.0,36.3,S
2021-07-07T09:24:29,100.0,36.4,B
2021-07-07T09:24:21,800.0,36.4,S
2021-07-07T09:24:19,200.0,36.4,S
2021-07-07T09:24:16,5000.0,36.5,B
2021-07-07T09:24:15,3000.0,36.4,S
2021-07-07T09:24:15,500.0,36.4,S
2021-07-07T09:24:06,500.0,36.4,S
2021-07-07T09:23:46,100.0,36.4,S
2021-07-07T09:23:45,300.0,36.4,S
2021-07-07T09:23:43,2100.0,36.4,S
2021-07-07T09:23:31,2200.0,36.5,S
2021-07-07T09:23:18,2800.0,36.5,B
2021-07-07T09:22:40,600.0,36.5,B
2021-07-07T09:22:30,100.0,36.5,S
2021-07-07T09:22:29,800.0,36.5,S
2021-07-07T09:22:25,2800.0,36.5,S
2021-07-07T09:22:10,100.0,36.5,S
2021-07-07T09:22:07,1000.0,36.5,S
2021-07-07T09:22:00,1500.0,36.5,S
2021-07-07T09:21:59,4300.0,36.6,S
2021-07-07T09:21:57,2000.0,36.5,S
2021-07-07T09:21:38,300.0,36.5,S
2021-07-07T09:21:30,500.0,36.5,S
2021-07-07T09:21:21,100.0,36.5,S
2021-07-07T09:20:42,200.0,36.5,S
2021-07-07T09:20:36,200.0,36.5,S
2021-07-07T09:20:11,1400.0,36.5,S
2021-07-07T09:19:41,800.0,36.5,B
2021-07-07T09:19:32,100.0,36.5,B
2021-07-07T09:18:59,100.0,36.5,S
2021-07-07T09:18:53,200.0,36.5,S
2021-07-07T09:18:40,100.0,36.4,B
2021-07-07T09:18:32,100.0,36.4,B
2021-07-07T09:18:08,900.0,36.4,B
2021-07-07T09:17:43,43000.0,36.5,S
2021-07-07T09:17:26,900.0,36.4,S
2021-07-07T09:15:38,200.0,36.5,S
2021-07-07T09:14:11,300.0,36.4,B
2021-07-07T09:13:31,4700.0,36.4,S
2021-07-07T09:13:13,2400.0,36.4,S
2021-07-07T09:13:13,1400.0,36.5,B
2021-07-07T09:13:12,100.0,36.5,S
2021-07-07T09:13:04,100.0,36.6,B
2021-07-07T09:12:50,4000.0,36.5,S
2021-07-07T09:11:54,100.0,36.6,S
2021-07-07T09:11:31,200.0,36.6,S
2021-07-07T09:11:20,100.0,36.6,S
2021-07-07T09:10:29,1000.0,36.6,S
2021-07-07T09:09:53,100.0,36.6,S
2021-07-07T09:09:21,400.0,36.6,B
2021-07-07T09:09:05,100.0,36.6,B
2021-07-07T09:08:15,300.0,36.6,B
2021-07-07T09:07:40,100.0,36.6,B
2021-07-07T09:07:37,300.0,36.6,B
2021-07-07T09:07:34,700.0,36.5,S
2021-07-07T09:07:27,100.0,36.6,B
2021-07-07T09:07:26,100.0,36.6,B
2021-07-07T09:06:39,1800.0,36.5,B
2021-07-07T09:06:25,200.0,36.5,S
2021-07-07T09:06:13,14800.0,36.5,B
2021-07-07T09:06:01,700.0,36.4,B
2021-07-07T09:05:41,100.0,36.4,B
2021-07-07T09:04:24,100.0,36.4,B
2021-07-07T09:04:14,200.0,36.4,B
2021-07-07T09:03:52,200.0,36.4,S
2021-07-07T09:03:52,100.0,36.4,S
2021-07-07T09:03:35,100.0,36.5,B
2021-07-07T09:03:22,200.0,36.4,B
2021-07-07T09:03:15,300.0,36.4,S
2021-07-07T09:02:37,300.0,36.5,B
2021-07-07T09:02:15,200.0,36.4,S
2021-07-07T09:01:31,2000.0,36.5,B
2021-07-07T09:00:48,100.0,36.5,B
2021-07-07T09:00:48,1000.0,36.4,S
2021-07-07T09:00:40,1000.0,36.5,B
2021-07-07T09:00:25,100.0,36.5,B
2021-07-07T09:00:20,100.0,36.5,B
2021-07-07T09:00:19,300.0,36.5,B
2021-07-07T09:00:15,1000.0,36.5,B
