tradingTime,volume,price,side
2021-07-07T14:29:52,11600.0,34.8,S
2021-07-07T14:29:28,500.0,34.8,B
2021-07-07T14:29:28,7100.0,34.8,B
2021-07-07T14:29:28,2200.0,34.8,B
2021-07-07T14:29:28,4700.0,34.8,B
2021-07-07T14:29:27,300.0,34.8,B
2021-07-07T14:29:24,1900.0,34.8,B
2021-07-07T14:29:24,1100.0,34.8,B
2021-07-07T14:29:15,1400.0,34.8,B
2021-07-07T14:29:14,5000.0,34.8,B
2021-07-07T14:28:52,1400.0,34.8,B
2021-07-07T14:28:52,500.0,34.8,B
2021-07-07T14:28:41,100.0,34.8,B
2021-07-07T14:28:21,500.0,34.8,B
2021-07-07T14:28:05,20000.0,34.8,B
2021-07-07T14:27:39,300.0,34.75,S
2021-07-07T14:27:24,6500.0,34.75,B
2021-07-07T14:27:22,1000.0,34.75,B
2021-07-07T14:27:16,7500.0,34.75,S
2021-07-07T14:27:08,1000.0,34.8,B
2021-07-07T14:26:58,600.0,34.75,S
2021-07-07T14:26:24,600.0,34.8,B
2021-07-07T14:26:17,1000.0,34.8,B
2021-07-07T14:26:15,200.0,34.8,B
2021-07-07T14:26:00,400.0,34.8,B
2021-07-07T14:25:40,20000.0,34.75,B
2021-07-07T14:25:27,1000.0,34.75,B
2021-07-07T14:24:54,200.0,34.75,B
2021-07-07T14:24:43,1000.0,34.7,S
2021-07-07T14:24:43,11900.0,34.7,B
2021-07-07T14:24:36,3000.0,34.7,B
2021-07-07T14:23:53,500.0,34.65,S
2021-07-07T14:23:13,2000.0,34.7,B
2021-07-07T14:23:07,10000.0,34.7,B
2021-07-07T14:22:43,8000.0,34.65,B
2021-07-07T14:22:24,3000.0,34.65,B
2021-07-07T14:22:17,7600.0,34.6,S
2021-07-07T14:21:13,300.0,34.65,B
2021-07-07T14:20:42,100.0,34.6,S
2021-07-07T14:20:28,2400.0,34.6,S
2021-07-07T14:20:28,1600.0,34.6,S
2021-07-07T14:20:28,1600.0,34.6,S
2021-07-07T14:20:28,1500.0,34.6,S
2021-07-07T14:20:28,12900.0,34.6,S
2021-07-07T14:20:18,4000.0,34.6,S
2021-07-07T14:18:15,500.0,34.6,S
2021-07-07T14:18:04,6000.0,34.6,S
2021-07-07T14:17:31,1700.0,34.65,B
2021-07-07T14:16:31,100.0,34.65,B
2021-07-07T14:16:22,1600.0,34.65,S
2021-07-07T14:15:53,1000.0,34.65,S
2021-07-07T14:15:43,1700.0,34.7,B
2021-07-07T14:15:35,10000.0,34.7,B
2021-07-07T14:15:27,1000.0,34.65,S
2021-07-07T14:15:23,1000.0,34.65,S
2021-07-07T14:15:23,1000.0,34.7,B
2021-07-07T14:14:41,500.0,34.7,B
2021-07-07T14:14:14,100.0,34.7,B
2021-07-07T14:14:03,100.0,34.7,B
2021-07-07T14:13:46,500.0,34.65,S
2021-07-07T14:13:35,100.0,34.65,S
2021-07-07T14:13:08,2600.0,34.65,S
2021-07-07T14:12:47,100.0,34.65,S
2021-07-07T14:11:14,900.0,34.65,S
2021-07-07T14:10:42,2000.0,34.7,B
2021-07-07T14:10:34,1000.0,34.7,B
2021-07-07T14:10:32,1600.0,34.6,S
2021-07-07T14:10:32,2200.0,34.6,S
2021-07-07T14:10:32,1500.0,34.65,S
2021-07-07T14:10:32,3200.0,34.65,S
2021-07-07T14:10:29,1000.0,34.7,B
2021-07-07T14:09:45,100.0,34.7,B
2021-07-07T14:09:42,1200.0,34.65,S
2021-07-07T14:09:42,1000.0,34.65,S
2021-07-07T14:09:42,100.0,34.65,S
2021-07-07T14:08:12,2000.0,34.65,S
2021-07-07T14:08:10,100.0,34.7,B
2021-07-07T14:08:02,100.0,34.7,B
2021-07-07T14:07:57,100.0,34.7,B
2021-07-07T14:07:50,500.0,34.7,B
2021-07-07T14:07:32,1000.0,34.7,S
2021-07-07T14:06:42,700.0,34.65,S
2021-07-07T14:06:16,500.0,34.8,B
2021-07-07T14:05:52,700.0,34.8,B
2021-07-07T14:05:48,300.0,34.8,B
2021-07-07T14:05:46,1000.0,34.7,S
2021-07-07T14:05:33,5000.0,34.8,B
2021-07-07T14:05:19,1100.0,34.8,B
2021-07-07T14:05:11,5000.0,34.75,S
2021-07-07T14:05:09,1000.0,34.75,S
2021-07-07T14:05:01,300.0,34.75,S
2021-07-07T14:04:24,3000.0,34.75,S
2021-07-07T14:03:46,500.0,34.75,S
2021-07-07T14:03:35,5100.0,34.75,B
2021-07-07T14:03:31,200.0,34.7,B
2021-07-07T14:03:15,1000.0,34.7,B
2021-07-07T14:02:48,300.0,34.65,S
2021-07-07T14:02:44,400.0,34.7,B
2021-07-07T14:02:10,1000.0,34.65,S
2021-07-07T14:02:00,500.0,34.7,B
2021-07-07T14:01:49,2300.0,34.7,S
2021-07-07T14:01:41,1200.0,34.7,S
2021-07-07T14:01:41,2200.0,34.7,S
2021-07-07T14:01:00,300.0,34.7,S
2021-07-07T14:00:50,4900.0,34.7,B
2021-07-07T14:00:46,1000.0,34.65,S
2021-07-07T14:00:45,100.0,34.65,S
2021-07-07T14:00:34,2000.0,34.7,B
2021-07-07T14:00:28,100.0,34.7,B
2021-07-07T14:00:09,1400.0,34.7,B
2021-07-07T13:58:28,1000.0,34.65,S
2021-07-07T13:58:24,2000.0,34.65,S
2021-07-07T13:58:07,5000.0,34.7,B
2021-07-07T13:58:00,500.0,34.65,S
2021-07-07T13:57:45,25000.0,34.7,B
2021-07-07T13:57:21,1000.0,34.7,B
2021-07-07T13:57:15,10100.0,34.7,S
2021-07-07T13:56:57,32100.0,34.8,B
2021-07-07T13:56:52,200.0,34.8,S
2021-07-07T13:56:41,400.0,34.8,S
2021-07-07T13:56:40,100.0,34.8,S
2021-07-07T13:56:33,100.0,34.8,S
2021-07-07T13:56:21,300.0,34.8,S
2021-07-07T13:56:01,100.0,34.8,S
2021-07-07T13:56:00,6000.0,34.8,S
2021-07-07T13:55:57,500.0,34.8,S
2021-07-07T13:55:52,2200.0,34.8,S
2021-07-07T13:55:44,10000.0,34.8,S
2021-07-07T13:55:40,2300.0,34.7,S
2021-07-07T13:55:32,1100.0,34.8,S
2021-07-07T13:55:32,3900.0,34.8,S
2021-07-07T13:55:30,1000.0,34.8,S
2021-07-07T13:55:30,13600.0,34.8,S
2021-07-07T13:55:05,100.0,34.8,S
2021-07-07T13:55:03,1000.0,34.8,S
2021-07-07T13:54:59,100.0,34.8,S
2021-07-07T13:54:48,10300.0,34.8,B
2021-07-07T13:54:43,1000.0,34.8,B
2021-07-07T13:54:26,100.0,34.7,S
2021-07-07T13:54:12,500.0,34.7,S
2021-07-07T13:54:10,5900.0,34.75,S
2021-07-07T13:53:56,11200.0,34.8,S
2021-07-07T13:53:49,100.0,34.8,S
2021-07-07T13:53:39,2000.0,34.8,S
2021-07-07T13:53:32,2000.0,34.8,S
2021-07-07T13:53:31,500.0,34.8,S
2021-07-07T13:53:13,1000.0,34.8,S
2021-07-07T13:53:10,500.0,34.85,B
2021-07-07T13:53:01,200.0,34.85,B
2021-07-07T13:52:56,600.0,34.85,B
2021-07-07T13:52:55,500.0,34.85,B
2021-07-07T13:52:54,100.0,34.85,S
2021-07-07T13:52:46,500.0,34.85,S
2021-07-07T13:52:43,100.0,34.85,S
2021-07-07T13:52:43,200.0,34.9,B
2021-07-07T13:52:39,200.0,34.9,B
2021-07-07T13:52:37,1500.0,34.9,B
2021-07-07T13:52:09,200.0,34.95,B
2021-07-07T13:51:58,12000.0,34.95,B
2021-07-07T13:51:47,500.0,34.85,B
2021-07-07T13:51:44,100.0,34.8,S
2021-07-07T13:51:43,1000.0,34.85,B
2021-07-07T13:51:32,500.0,34.85,B
2021-07-07T13:51:19,100.0,34.85,B
2021-07-07T13:51:12,100.0,34.9,B
2021-07-07T13:51:11,1000.0,34.8,S
2021-07-07T13:51:07,100.0,34.9,B
2021-07-07T13:51:05,1000.0,34.9,S
2021-07-07T13:51:05,4000.0,34.9,S
2021-07-07T13:50:51,100.0,34.95,B
2021-07-07T13:50:42,100.0,34.95,B
2021-07-07T13:50:29,400.0,34.95,B
2021-07-07T13:50:24,51000.0,34.95,B
2021-07-07T13:49:37,500.0,34.9,S
2021-07-07T13:49:31,1500.0,34.9,B
2021-07-07T13:49:16,500.0,34.9,B
2021-07-07T13:49:02,200.0,34.9,B
2021-07-07T13:49:02,100.0,34.9,B
2021-07-07T13:49:00,1000.0,34.9,B
2021-07-07T13:49:00,2900.0,34.9,B
2021-07-07T13:48:56,500.0,34.9,B
2021-07-07T13:48:50,1000.0,34.9,B
2021-07-07T13:48:48,2000.0,34.9,B
2021-07-07T13:48:44,200.0,34.9,B
2021-07-07T13:48:35,1000.0,34.9,B
2021-07-07T13:48:19,1000.0,34.85,B
2021-07-07T13:48:12,5000.0,34.85,B
2021-07-07T13:48:07,1700.0,34.85,B
2021-07-07T13:47:56,3000.0,34.85,B
2021-07-07T13:47:45,1000.0,34.85,B
2021-07-07T13:47:20,10000.0,34.85,B
2021-07-07T13:47:14,500.0,34.85,B
2021-07-07T13:47:14,400.0,34.85,B
2021-07-07T13:47:10,100.0,34.85,B
2021-07-07T13:47:08,100.0,34.8,S
2021-07-07T13:47:08,500.0,34.8,S
2021-07-07T13:47:03,100.0,34.8,B
2021-07-07T13:47:03,200.0,34.8,B
2021-07-07T13:47:03,1200.0,34.8,B
2021-07-07T13:46:40,2000.0,34.8,B
2021-07-07T13:46:38,1000.0,34.8,B
2021-07-07T13:46:31,2500.0,34.8,B
2021-07-07T13:46:25,500.0,34.8,B
2021-07-07T13:46:13,500.0,34.8,B
2021-07-07T13:45:58,100.0,34.8,B
2021-07-07T13:45:53,600.0,34.8,B
2021-07-07T13:45:49,1000.0,34.75,S
2021-07-07T13:45:43,5000.0,34.8,B
2021-07-07T13:45:26,1500.0,34.8,B
2021-07-07T13:44:53,8500.0,34.8,B
2021-07-07T13:44:50,1500.0,34.8,B
2021-07-07T13:44:49,2000.0,34.75,S
2021-07-07T13:44:43,20000.0,34.8,B
2021-07-07T13:44:43,100.0,34.8,B
2021-07-07T13:44:33,5000.0,34.8,B
2021-07-07T13:44:28,10000.0,34.8,B
2021-07-07T13:43:56,1900.0,34.75,S
2021-07-07T13:43:43,400.0,34.75,B
2021-07-07T13:43:36,200.0,34.75,B
2021-07-07T13:43:28,2500.0,34.75,B
2021-07-07T13:43:20,100.0,34.75,B
2021-07-07T13:43:15,100.0,34.75,B
2021-07-07T13:43:03,1000.0,34.75,B
2021-07-07T13:42:58,5000.0,34.75,B
2021-07-07T13:42:54,1700.0,34.75,B
2021-07-07T13:42:23,2000.0,34.75,B
2021-07-07T13:42:21,1300.0,34.75,B
2021-07-07T13:42:17,500.0,34.75,B
2021-07-07T13:42:15,21300.0,34.75,B
2021-07-07T13:42:09,1000.0,34.75,B
2021-07-07T13:42:06,1600.0,34.75,B
2021-07-07T13:42:00,5400.0,34.75,B
2021-07-07T13:41:56,1000.0,34.75,B
2021-07-07T13:41:50,2900.0,34.75,B
2021-07-07T13:41:43,5000.0,34.75,B
2021-07-07T13:41:35,1000.0,34.75,B
2021-07-07T13:41:27,200.0,34.75,B
2021-07-07T13:41:04,300.0,34.7,S
2021-07-07T13:40:54,1000.0,34.7,S
2021-07-07T13:40:43,200.0,34.7,S
2021-07-07T13:40:30,100.0,34.7,B
2021-07-07T13:40:30,600.0,34.7,B
2021-07-07T13:40:29,4000.0,34.7,B
2021-07-07T13:40:20,1400.0,34.7,B
2021-07-07T13:40:13,200.0,34.7,B
2021-07-07T13:39:56,5000.0,34.7,B
2021-07-07T13:39:49,1000.0,34.6,S
2021-07-07T13:39:43,200.0,34.7,B
2021-07-07T13:39:40,100.0,34.7,B
2021-07-07T13:39:34,5000.0,34.7,B
2021-07-07T13:39:31,10000.0,34.7,B
2021-07-07T13:39:25,10000.0,34.7,B
2021-07-07T13:39:19,10000.0,34.7,B
2021-07-07T13:39:12,10000.0,34.7,B
2021-07-07T13:39:07,500.0,34.7,B
2021-07-07T13:38:59,1000.0,34.7,B
2021-07-07T13:38:48,400.0,34.7,B
2021-07-07T13:38:04,1000.0,34.7,B
2021-07-07T13:38:02,3000.0,34.7,B
2021-07-07T13:37:56,200.0,34.7,B
2021-07-07T13:37:53,200.0,34.7,B
2021-07-07T13:37:47,1000.0,34.7,B
2021-07-07T13:37:44,2500.0,34.7,B
2021-07-07T13:37:34,3000.0,34.7,B
2021-07-07T13:37:27,7900.0,34.7,B
2021-07-07T13:37:27,2100.0,34.7,B
2021-07-07T13:37:22,100.0,34.7,B
2021-07-07T13:37:16,600.0,34.7,B
2021-07-07T13:37:12,400.0,34.6,B
2021-07-07T13:37:08,4300.0,34.6,B
2021-07-07T13:37:08,5700.0,34.6,B
2021-07-07T13:37:03,200.0,34.6,B
2021-07-07T13:37:02,500.0,34.6,B
2021-07-07T13:36:52,5000.0,34.6,B
2021-07-07T13:35:52,300.0,34.55,B
2021-07-07T13:35:49,10000.0,34.55,B
2021-07-07T13:35:36,10000.0,34.55,B
2021-07-07T13:35:27,6000.0,34.55,B
2021-07-07T13:35:23,200.0,34.55,B
2021-07-07T13:35:21,500.0,34.55,B
2021-07-07T13:35:10,200.0,34.5,S
2021-07-07T13:35:09,200.0,34.55,B
2021-07-07T13:34:42,500.0,34.5,S
2021-07-07T13:34:38,200.0,34.5,S
2021-07-07T13:34:19,1000.0,34.5,S
2021-07-07T13:34:05,1000.0,34.55,B
2021-07-07T13:33:38,300.0,34.55,B
2021-07-07T13:33:34,5000.0,34.55,B
2021-07-07T13:33:22,200.0,34.55,B
2021-07-07T13:33:19,500.0,34.55,B
2021-07-07T13:33:16,2000.0,34.5,S
2021-07-07T13:33:04,2000.0,34.55,B
2021-07-07T13:33:01,4000.0,34.55,B
2021-07-07T13:32:55,1500.0,34.55,B
2021-07-07T13:32:41,400.0,34.55,B
2021-07-07T13:32:33,3000.0,34.55,B
2021-07-07T13:32:32,1000.0,34.55,B
2021-07-07T13:32:02,1000.0,34.55,B
2021-07-07T13:31:30,2000.0,34.55,B
2021-07-07T13:31:18,1900.0,34.5,B
2021-07-07T13:31:15,1400.0,34.5,B
2021-07-07T13:31:05,500.0,34.55,B
2021-07-07T13:30:43,1000.0,34.55,B
2021-07-07T13:30:39,300.0,34.55,B
2021-07-07T13:30:22,3400.0,34.55,S
2021-07-07T13:30:21,500.0,34.55,S
2021-07-07T13:30:00,5000.0,34.6,B
2021-07-07T13:29:50,300.0,34.6,B
2021-07-07T13:29:45,30000.0,34.6,B
2021-07-07T13:29:30,200.0,34.55,B
2021-07-07T13:29:28,1000.0,34.55,B
2021-07-07T13:29:19,500.0,34.55,B
2021-07-07T13:29:09,200.0,34.5,S
2021-07-07T13:28:43,200.0,34.5,S
2021-07-07T13:28:22,1000.0,34.5,S
2021-07-07T13:28:11,1300.0,34.5,B
2021-07-07T13:27:59,10000.0,34.5,B
2021-07-07T13:27:59,1000.0,34.5,B
2021-07-07T13:27:57,800.0,34.5,B
2021-07-07T13:27:55,500.0,34.5,B
2021-07-07T13:27:51,3000.0,34.5,B
2021-07-07T13:27:37,200.0,34.5,B
2021-07-07T13:27:21,4000.0,34.5,B
2021-07-07T13:27:02,600.0,34.45,S
2021-07-07T13:26:34,500.0,34.45,S
2021-07-07T13:26:34,3000.0,34.45,S
2021-07-07T13:26:28,1000.0,34.45,S
2021-07-07T13:26:17,10000.0,34.5,B
2021-07-07T13:26:09,5000.0,34.5,B
2021-07-07T13:26:06,100.0,34.45,S
2021-07-07T13:26:00,600.0,34.5,B
2021-07-07T13:25:59,500.0,34.5,B
2021-07-07T13:25:21,100.0,34.5,B
2021-07-07T13:25:14,100.0,34.5,B
2021-07-07T13:25:06,2000.0,34.5,S
2021-07-07T13:24:47,3000.0,34.5,B
2021-07-07T13:24:46,2000.0,34.5,B
2021-07-07T13:24:34,1500.0,34.5,B
2021-07-07T13:24:33,300.0,34.45,S
2021-07-07T13:24:28,9000.0,34.5,B
2021-07-07T13:24:23,5000.0,34.45,S
2021-07-07T13:23:59,100.0,34.5,B
2021-07-07T13:23:56,200.0,34.45,S
2021-07-07T13:23:53,2000.0,34.45,S
2021-07-07T13:23:45,100.0,34.5,B
2021-07-07T13:23:23,100.0,34.5,B
2021-07-07T13:23:23,100.0,34.5,B
2021-07-07T13:23:06,100.0,34.5,S
2021-07-07T13:23:02,100.0,34.6,B
2021-07-07T13:22:59,1400.0,34.5,B
2021-07-07T13:22:56,800.0,34.5,B
2021-07-07T13:22:50,2000.0,34.5,B
2021-07-07T13:22:40,800.0,34.5,S
2021-07-07T13:22:23,1500.0,34.5,S
2021-07-07T13:22:22,3500.0,34.5,S
2021-07-07T13:22:21,4200.0,34.5,S
2021-07-07T13:21:59,5000.0,34.5,S
2021-07-07T13:21:25,8700.0,34.6,B
2021-07-07T13:20:37,1300.0,34.6,S
2021-07-07T13:20:20,1500.0,34.6,S
2021-07-07T13:20:13,1000.0,34.6,S
2021-07-07T13:20:04,300.0,34.6,B
2021-07-07T13:20:04,700.0,34.6,S
2021-07-07T13:20:00,1400.0,34.7,B
2021-07-07T13:19:58,1100.0,34.7,B
2021-07-07T13:19:58,500.0,34.7,B
2021-07-07T13:19:53,5000.0,34.6,S
2021-07-07T13:19:12,100.0,34.7,B
2021-07-07T13:18:36,2000.0,34.7,B
2021-07-07T13:17:42,3700.0,34.7,B
2021-07-07T13:17:42,300.0,34.7,B
2021-07-07T13:17:26,900.0,34.5,S
2021-07-07T13:17:26,5100.0,34.6,S
2021-07-07T13:17:25,5700.0,34.7,S
2021-07-07T13:17:25,4000.0,34.7,S
2021-07-07T13:17:23,400.0,34.7,S
2021-07-07T13:17:17,10000.0,34.7,S
2021-07-07T13:17:12,1700.0,34.7,S
2021-07-07T13:17:03,3000.0,34.7,S
2021-07-07T13:16:54,5000.0,34.7,S
2021-07-07T13:16:47,3500.0,34.75,B
2021-07-07T13:16:28,1000.0,34.75,B
2021-07-07T13:15:57,100.0,34.75,B
2021-07-07T13:15:49,1500.0,34.75,B
2021-07-07T13:15:45,100.0,34.75,B
2021-07-07T13:15:14,3600.0,34.75,S
2021-07-07T13:14:53,1000.0,34.8,B
2021-07-07T13:14:52,600.0,34.75,S
2021-07-07T13:14:50,1000.0,34.75,S
2021-07-07T13:14:35,200.0,34.75,S
2021-07-07T13:14:34,500.0,34.75,B
2021-07-07T13:14:33,2600.0,34.75,B
2021-07-07T13:14:29,1000.0,34.75,B
2021-07-07T13:14:17,500.0,34.7,S
2021-07-07T13:14:06,400.0,34.7,B
2021-07-07T13:13:55,10000.0,34.7,B
2021-07-07T13:13:50,700.0,34.6,S
2021-07-07T13:13:39,3000.0,34.65,B
2021-07-07T13:13:23,500.0,34.6,S
2021-07-07T13:13:23,1100.0,34.6,B
2021-07-07T13:13:23,14600.0,34.6,B
2021-07-07T13:13:22,700.0,34.6,B
2021-07-07T13:13:19,3000.0,34.6,B
2021-07-07T13:13:17,500.0,34.6,B
2021-07-07T13:13:10,19900.0,34.6,B
2021-07-07T13:13:09,1000.0,34.6,B
2021-07-07T13:13:07,100.0,34.6,B
2021-07-07T13:13:06,1200.0,34.6,B
2021-07-07T13:13:04,400.0,34.6,B
2021-07-07T13:12:48,8600.0,34.6,B
2021-07-07T13:12:48,11500.0,34.6,B
2021-07-07T13:12:48,7600.0,34.6,B
2021-07-07T13:12:48,10300.0,34.6,B
2021-07-07T13:12:36,100.0,34.55,B
2021-07-07T13:12:28,500.0,34.55,B
2021-07-07T13:12:24,9200.0,34.55,B
2021-07-07T13:12:24,800.0,34.55,B
2021-07-07T13:12:13,100.0,34.5,B
2021-07-07T13:12:10,200.0,34.5,B
2021-07-07T13:12:06,2700.0,34.5,S
2021-07-07T13:12:00,1000.0,34.55,B
2021-07-07T13:11:51,17500.0,34.5,B
2021-07-07T13:11:41,1000.0,34.5,B
2021-07-07T13:11:35,1000.0,34.5,B
2021-07-07T13:11:35,2000.0,34.5,B
2021-07-07T13:11:33,2500.0,34.5,B
2021-07-07T13:11:32,100.0,34.5,B
2021-07-07T13:11:31,1000.0,34.5,B
2021-07-07T13:11:22,500.0,34.5,B
2021-07-07T13:11:17,500.0,34.5,B
2021-07-07T13:11:13,5100.0,34.5,B
2021-07-07T13:11:13,2000.0,34.5,B
2021-07-07T13:11:13,400.0,34.5,B
2021-07-07T13:11:09,1000.0,34.5,B
2021-07-07T13:11:06,900.0,34.4,B
2021-07-07T13:11:06,2000.0,34.4,B
2021-07-07T13:10:42,300.0,34.35,S
2021-07-07T13:10:34,1200.0,34.3,B
2021-07-07T13:10:34,1700.0,34.3,B
2021-07-07T13:10:34,500.0,34.3,B
2021-07-07T13:10:34,10600.0,34.3,B
2021-07-07T13:10:27,200.0,34.3,B
2021-07-07T13:10:10,7000.0,34.3,B
2021-07-07T13:10:08,500.0,34.3,B
2021-07-07T13:10:05,6000.0,34.3,B
2021-07-07T13:10:02,5000.0,34.3,B
2021-07-07T13:10:00,100.0,34.3,B
2021-07-07T13:09:49,1000.0,34.3,B
2021-07-07T13:09:36,5000.0,34.3,B
2021-07-07T13:09:36,3000.0,34.25,S
2021-07-07T13:09:23,100.0,34.3,B
2021-07-07T13:09:22,200.0,34.3,B
2021-07-07T13:09:21,1000.0,34.3,B
2021-07-07T13:09:10,1000.0,34.3,B
2021-07-07T13:09:00,800.0,34.3,B
2021-07-07T13:08:52,700.0,34.3,B
2021-07-07T13:08:51,500.0,34.3,B
2021-07-07T13:08:41,100.0,34.3,B
2021-07-07T13:08:40,5000.0,34.3,B
2021-07-07T13:08:21,200.0,34.3,B
2021-07-07T13:08:05,500.0,34.25,S
2021-07-07T13:07:59,800.0,34.25,S
2021-07-07T13:07:56,500.0,34.3,B
2021-07-07T13:07:55,2000.0,34.25,S
2021-07-07T13:07:49,300.0,34.2,S
2021-07-07T13:07:42,4000.0,34.25,B
2021-07-07T13:07:42,1000.0,34.25,B
2021-07-07T13:07:42,500.0,34.25,B
2021-07-07T13:07:42,1600.0,34.25,B
2021-07-07T13:07:42,100.0,34.25,B
2021-07-07T13:07:42,8200.0,34.25,B
2021-07-07T13:07:36,100.0,34.25,B
2021-07-07T13:07:29,2000.0,34.25,B
2021-07-07T13:07:25,3500.0,34.25,B
2021-07-07T13:07:19,1000.0,34.25,B
2021-07-07T13:07:17,200.0,34.25,B
2021-07-07T13:07:16,5100.0,34.25,B
2021-07-07T13:06:58,300.0,34.25,B
2021-07-07T13:06:55,100.0,34.25,B
2021-07-07T13:06:51,1000.0,34.2,S
2021-07-07T13:06:23,3800.0,34.2,B
2021-07-07T13:06:22,1000.0,34.2,B
2021-07-07T13:06:21,2000.0,34.2,B
2021-07-07T13:06:15,200.0,34.2,B
2021-07-07T13:06:14,2500.0,34.2,B
2021-07-07T13:05:58,5000.0,34.2,B
2021-07-07T13:05:48,900.0,34.2,B
2021-07-07T13:05:36,1000.0,34.2,B
2021-07-07T13:05:00,2000.0,34.15,S
2021-07-07T13:04:55,3000.0,34.2,B
2021-07-07T13:04:54,500.0,34.15,B
2021-07-07T13:04:49,1000.0,34.1,S
2021-07-07T13:04:34,1600.0,34.15,S
2021-07-07T13:04:34,700.0,34.15,S
2021-07-07T13:04:07,1700.0,34.2,B
2021-07-07T13:03:57,100.0,34.15,S
2021-07-07T13:03:45,1500.0,34.2,S
2021-07-07T13:03:42,4300.0,34.2,B
2021-07-07T13:03:27,1000.0,34.2,B
2021-07-07T13:03:20,500.0,34.2,S
2021-07-07T13:03:20,200.0,34.2,S
2021-07-07T13:03:20,10300.0,34.2,S
2021-07-07T13:03:20,1000.0,34.2,S
2021-07-07T13:03:20,200.0,34.2,S
2021-07-07T13:03:20,200.0,34.2,S
2021-07-07T13:03:20,2600.0,34.2,S
2021-07-07T13:03:20,900.0,34.2,S
2021-07-07T13:02:27,1000.0,34.2,S
2021-07-07T13:02:12,200.0,34.2,S
2021-07-07T13:01:38,500.0,34.2,S
2021-07-07T13:00:55,500.0,34.2,S
2021-07-07T13:00:44,3000.0,34.2,S
2021-07-07T13:00:23,200.0,34.25,B
2021-07-07T13:00:21,1000.0,34.2,S
2021-07-07T13:00:17,500.0,34.25,B
2021-07-07T13:00:17,500.0,34.2,S
2021-07-07T13:00:15,100.0,34.2,S
2021-07-07T13:00:11,1000.0,34.2,S
2021-07-07T13:00:11,500.0,34.25,B
2021-07-07T13:00:03,4000.0,34.2,S
2021-07-07T13:00:03,300.0,34.25,B
2021-07-07T11:28:58,100.0,34.25,B
2021-07-07T11:28:50,200.0,34.25,B
2021-07-07T11:28:37,12700.0,34.25,S
2021-07-07T11:27:32,100.0,34.25,S
2021-07-07T11:27:29,10200.0,34.25,B
2021-07-07T11:27:24,9800.0,34.25,S
2021-07-07T11:26:06,1000.0,34.25,S
2021-07-07T11:25:32,2000.0,34.25,S
2021-07-07T11:25:06,100.0,34.3,B
2021-07-07T11:24:53,2800.0,34.25,B
2021-07-07T11:24:08,1000.0,34.25,B
2021-07-07T11:24:03,1200.0,34.25,S
2021-07-07T11:23:43,1300.0,34.25,S
2021-07-07T11:23:39,8700.0,34.25,S
2021-07-07T11:23:17,500.0,34.3,B
2021-07-07T11:23:10,100.0,34.3,B
2021-07-07T11:22:28,3000.0,34.3,B
2021-07-07T11:22:21,200.0,34.3,B
2021-07-07T11:22:13,500.0,34.25,S
2021-07-07T11:22:08,800.0,34.25,S
2021-07-07T11:22:01,5000.0,34.25,S
2021-07-07T11:21:59,300.0,34.25,B
2021-07-07T11:21:54,10500.0,34.25,B
2021-07-07T11:21:45,400.0,34.25,B
2021-07-07T11:21:21,11800.0,34.25,S
2021-07-07T11:20:57,6000.0,34.3,B
2021-07-07T11:20:39,900.0,34.25,S
2021-07-07T11:20:21,6000.0,34.25,S
2021-07-07T11:18:51,10000.0,34.25,S
2021-07-07T11:18:16,200.0,34.25,S
2021-07-07T11:18:10,500.0,34.25,S
2021-07-07T11:17:23,600.0,34.25,S
2021-07-07T11:17:09,500.0,34.25,S
2021-07-07T11:17:04,1200.0,34.25,S
2021-07-07T11:16:39,300.0,34.2,S
2021-07-07T11:16:03,100.0,34.25,B
2021-07-07T11:16:02,500.0,34.25,B
2021-07-07T11:15:46,200.0,34.25,B
2021-07-07T11:15:21,400.0,34.25,S
2021-07-07T11:15:02,300.0,34.3,S
2021-07-07T11:14:02,3300.0,34.3,S
2021-07-07T11:13:39,100.0,34.3,S
2021-07-07T11:13:23,7200.0,34.4,B
2021-07-07T11:12:53,100.0,34.5,B
2021-07-07T11:12:39,5000.0,34.4,S
2021-07-07T11:12:21,1900.0,34.4,S
2021-07-07T11:12:09,15400.0,34.4,S
2021-07-07T11:12:07,5000.0,34.4,S
2021-07-07T11:12:00,500.0,34.4,S
2021-07-07T11:11:58,500.0,34.4,S
2021-07-07T11:11:58,29500.0,34.4,B
2021-07-07T11:11:49,900.0,34.4,B
2021-07-07T11:11:15,200.0,34.35,S
2021-07-07T11:10:39,1000.0,34.35,S
2021-07-07T11:10:17,400.0,34.4,B
2021-07-07T11:10:09,2000.0,34.35,S
2021-07-07T11:08:58,100.0,34.4,B
2021-07-07T11:08:50,400.0,34.35,B
2021-07-07T11:08:50,100.0,34.35,B
2021-07-07T11:08:40,200.0,34.3,S
2021-07-07T11:08:20,500.0,34.3,S
2021-07-07T11:07:51,400.0,34.3,B
2021-07-07T11:07:40,800.0,34.25,B
2021-07-07T11:07:29,100.0,34.25,B
2021-07-07T11:07:14,300.0,34.25,S
2021-07-07T11:06:52,500.0,34.25,S
2021-07-07T11:06:39,100.0,34.25,B
2021-07-07T11:06:25,1000.0,34.2,S
2021-07-07T11:06:11,700.0,34.25,B
2021-07-07T11:05:54,100.0,34.25,S
2021-07-07T11:05:23,500.0,34.25,S
2021-07-07T11:04:28,200.0,34.25,S
2021-07-07T11:03:59,1000.0,34.25,S
2021-07-07T11:03:10,4700.0,34.25,S
2021-07-07T11:02:25,200.0,34.2,S
2021-07-07T11:02:24,500.0,34.25,B
2021-07-07T11:02:22,1000.0,34.25,B
2021-07-07T11:02:19,100.0,34.25,B
2021-07-07T11:02:13,300.0,34.25,B
2021-07-07T11:02:11,1400.0,34.25,B
2021-07-07T11:02:04,100.0,34.25,B
2021-07-07T11:01:46,500.0,34.25,B
2021-07-07T11:01:44,1000.0,34.25,B
2021-07-07T11:01:20,5300.0,34.25,B
2021-07-07T11:01:13,100.0,34.25,B
2021-07-07T11:01:03,5500.0,34.25,B
2021-07-07T11:01:01,1000.0,34.25,B
2021-07-07T11:01:00,500.0,34.25,S
2021-07-07T11:01:00,21000.0,34.25,S
2021-07-07T11:00:37,300.0,34.25,S
2021-07-07T11:00:36,800.0,34.25,S
2021-07-07T11:00:33,400.0,34.25,S
2021-07-07T11:00:03,400.0,34.25,S
2021-07-07T11:00:02,100.0,34.3,B
2021-07-07T10:59:38,400.0,34.25,S
2021-07-07T10:59:25,37300.0,34.25,S
2021-07-07T10:58:54,2000.0,34.3,B
2021-07-07T10:58:21,200.0,34.3,S
2021-07-07T10:57:03,400.0,34.35,B
2021-07-07T10:55:58,2000.0,34.35,S
2021-07-07T10:55:58,300.0,34.35,S
2021-07-07T10:55:54,400.0,34.35,S
2021-07-07T10:55:50,10000.0,34.35,S
2021-07-07T10:55:30,800.0,34.35,B
2021-07-07T10:55:30,2500.0,34.35,B
2021-07-07T10:55:20,500.0,34.35,B
2021-07-07T10:53:58,5000.0,34.35,S
2021-07-07T10:53:54,5000.0,34.35,S
2021-07-07T10:53:53,1000.0,34.45,B
2021-07-07T10:53:51,5000.0,34.35,S
2021-07-07T10:53:46,5000.0,34.35,S
2021-07-07T10:53:42,5000.0,34.35,S
2021-07-07T10:53:37,5000.0,34.35,S
2021-07-07T10:53:35,200.0,34.35,S
2021-07-07T10:53:26,9400.0,34.35,S
2021-07-07T10:53:17,1700.0,34.35,S
2021-07-07T10:53:17,300.0,34.35,S
2021-07-07T10:53:01,3800.0,34.5,B
2021-07-07T10:53:01,200.0,34.5,B
2021-07-07T10:52:22,2300.0,34.5,B
2021-07-07T10:51:59,900.0,34.5,B
2021-07-07T10:51:59,200.0,34.5,B
2021-07-07T10:51:59,1000.0,34.5,B
2021-07-07T10:51:46,100.0,34.5,B
2021-07-07T10:51:19,10000.0,34.15,S
2021-07-07T10:51:08,8400.0,34.1,S
2021-07-07T10:51:08,1500.0,34.1,S
2021-07-07T10:51:08,13900.0,34.1,S
2021-07-07T10:51:08,1000.0,34.3,S
2021-07-07T10:51:08,25200.0,34.3,S
2021-07-07T10:51:02,500.0,34.4,B
2021-07-07T10:51:00,500.0,34.4,B
2021-07-07T10:51:00,500.0,34.4,B
2021-07-07T10:50:57,1000.0,34.4,B
2021-07-07T10:50:45,800.0,34.3,B
2021-07-07T10:50:30,100.0,34.25,B
2021-07-07T10:50:21,7600.0,34.3,B
2021-07-07T10:50:11,300.0,34.25,B
2021-07-07T10:50:08,500.0,34.25,B
2021-07-07T10:49:53,200.0,34.25,B
2021-07-07T10:49:40,300.0,34.2,B
2021-07-07T10:49:38,1500.0,34.2,B
2021-07-07T10:49:35,1000.0,34.2,B
2021-07-07T10:49:34,1000.0,34.2,B
2021-07-07T10:49:32,100.0,34.2,B
2021-07-07T10:49:31,1000.0,34.2,B
2021-07-07T10:49:23,1000.0,34.2,B
2021-07-07T10:48:41,300.0,34.05,S
2021-07-07T10:48:06,2900.0,34.0,S
2021-07-07T10:48:06,2000.0,34.0,S
2021-07-07T10:48:06,2200.0,34.0,S
2021-07-07T10:48:06,2000.0,34.0,S
2021-07-07T10:48:06,2000.0,34.0,S
2021-07-07T10:48:06,3000.0,34.1,S
2021-07-07T10:48:06,400.0,34.1,S
2021-07-07T10:48:06,1100.0,34.2,S
2021-07-07T10:48:06,1200.0,34.2,S
2021-07-07T10:48:06,10300.0,34.2,S
2021-07-07T10:48:06,500.0,34.25,S
2021-07-07T10:48:06,2400.0,34.25,S
2021-07-07T10:48:01,100.0,34.25,S
2021-07-07T10:47:55,800.0,34.25,S
2021-07-07T10:47:44,100.0,34.25,S
2021-07-07T10:47:34,400.0,34.3,B
2021-07-07T10:47:28,100.0,34.25,S
2021-07-07T10:47:27,1000.0,34.25,S
2021-07-07T10:47:16,500.0,34.25,S
2021-07-07T10:47:16,300.0,34.25,S
2021-07-07T10:47:14,200.0,34.25,S
2021-07-07T10:47:10,2600.0,34.25,S
2021-07-07T10:47:10,600.0,34.25,S
2021-07-07T10:46:01,2400.0,34.25,S
2021-07-07T10:46:01,1600.0,34.25,S
2021-07-07T10:46:00,82000.0,34.3,B
2021-07-07T10:45:56,20000.0,34.3,S
2021-07-07T10:45:56,10000.0,34.3,S
2021-07-07T10:45:46,800.0,34.4,B
2021-07-07T10:45:36,51000.0,34.4,S
2021-07-07T10:45:34,5000.0,34.4,S
2021-07-07T10:45:23,500.0,34.4,S
2021-07-07T10:45:11,4000.0,34.4,S
2021-07-07T10:44:10,5000.0,34.4,S
2021-07-07T10:44:04,40700.0,34.4,S
2021-07-07T10:44:04,38300.0,34.4,S
2021-07-07T10:43:54,11800.0,34.5,B
2021-07-07T10:43:49,200.0,34.5,S
2021-07-07T10:43:48,10000.0,34.5,S
2021-07-07T10:43:38,1000.0,34.5,S
2021-07-07T10:43:33,1000.0,34.5,S
2021-07-07T10:43:26,50000.0,34.5,S
2021-07-07T10:43:11,26000.0,34.5,B
2021-07-07T10:43:11,100.0,34.45,B
2021-07-07T10:43:11,1600.0,34.45,S
2021-07-07T10:42:52,5000.0,34.45,S
2021-07-07T10:42:38,50000.0,34.45,S
2021-07-07T10:42:19,3400.0,34.45,S
2021-07-07T10:42:19,1600.0,34.45,S
2021-07-07T10:42:13,2000.0,34.45,S
2021-07-07T10:42:04,500.0,34.45,S
2021-07-07T10:41:55,100.0,34.45,S
2021-07-07T10:41:51,1000.0,34.45,S
2021-07-07T10:41:27,5000.0,34.45,S
2021-07-07T10:41:16,3800.0,34.5,B
2021-07-07T10:40:50,100.0,34.5,S
2021-07-07T10:40:50,6800.0,34.5,S
2021-07-07T10:40:41,1000.0,34.5,S
2021-07-07T10:40:41,8000.0,34.5,S
2021-07-07T10:40:41,200.0,34.5,S
2021-07-07T10:40:36,20000.0,34.5,S
2021-07-07T10:40:34,200.0,34.5,S
2021-07-07T10:40:31,5800.0,34.5,S
2021-07-07T10:40:29,3900.0,34.5,S
2021-07-07T10:40:23,3000.0,34.55,B
2021-07-07T10:40:11,4700.0,34.5,S
2021-07-07T10:40:09,3000.0,34.55,B
2021-07-07T10:40:07,100.0,34.55,B
2021-07-07T10:40:06,1000.0,34.55,B
2021-07-07T10:39:48,7000.0,34.5,S
2021-07-07T10:39:23,1100.0,34.55,S
2021-07-07T10:39:03,1500.0,34.55,S
2021-07-07T10:38:49,3000.0,34.55,S
2021-07-07T10:37:36,1000.0,34.55,S
2021-07-07T10:37:21,3000.0,34.55,S
2021-07-07T10:37:15,1000.0,34.6,B
2021-07-07T10:37:07,1000.0,34.55,S
2021-07-07T10:36:56,1000.0,34.55,S
2021-07-07T10:36:29,3000.0,34.55,S
2021-07-07T10:36:06,100.0,34.6,B
2021-07-07T10:35:53,100.0,34.6,B
2021-07-07T10:35:05,1000.0,34.6,B
2021-07-07T10:33:02,3000.0,34.6,B
2021-07-07T10:32:26,8000.0,34.6,B
2021-07-07T10:32:25,500.0,34.6,B
2021-07-07T10:32:25,800.0,34.6,B
2021-07-07T10:32:25,1700.0,34.6,B
2021-07-07T10:31:56,3000.0,34.6,B
2021-07-07T10:31:56,500.0,34.55,S
2021-07-07T10:31:52,500.0,34.55,S
2021-07-07T10:31:30,1000.0,34.55,S
2021-07-07T10:30:34,300.0,34.6,S
2021-07-07T10:30:09,20000.0,34.6,S
2021-07-07T10:30:09,100.0,34.6,S
2021-07-07T10:30:09,3100.0,34.6,S
2021-07-07T10:29:06,600.0,34.65,S
2021-07-07T10:28:21,200.0,34.65,S
2021-07-07T10:28:01,1400.0,34.65,S
2021-07-07T10:26:52,3600.0,34.65,S
2021-07-07T10:25:55,400.0,34.65,S
2021-07-07T10:25:08,1000.0,34.5,S
2021-07-07T10:25:03,8100.0,34.7,B
2021-07-07T10:25:03,800.0,34.7,B
2021-07-07T10:25:03,3500.0,34.7,B
2021-07-07T10:25:03,2600.0,34.7,B
2021-07-07T10:25:03,1400.0,34.7,B
2021-07-07T10:25:03,600.0,34.65,B
2021-07-07T10:24:57,4900.0,34.6,B
2021-07-07T10:24:49,2200.0,34.6,B
2021-07-07T10:24:40,30000.0,34.5,S
2021-07-07T10:24:39,10000.0,34.6,B
2021-07-07T10:24:37,8800.0,34.6,B
2021-07-07T10:24:31,1400.0,34.6,B
2021-07-07T10:23:41,100.0,34.5,S
2021-07-07T10:23:35,10000.0,34.6,B
2021-07-07T10:23:25,1200.0,34.5,S
2021-07-07T10:23:23,9500.0,34.6,B
2021-07-07T10:23:20,5000.0,34.6,B
2021-07-07T10:23:15,200.0,34.6,B
2021-07-07T10:23:15,1500.0,34.6,B
2021-07-07T10:23:06,700.0,34.6,B
2021-07-07T10:22:51,100.0,34.55,B
2021-07-07T10:22:45,6600.0,34.5,B
2021-07-07T10:22:45,2500.0,34.5,B
2021-07-07T10:22:31,1000.0,34.4,S
2021-07-07T10:22:04,500.0,34.4,S
2021-07-07T10:21:55,1000.0,34.4,S
2021-07-07T10:21:12,500.0,34.4,S
2021-07-07T10:20:45,20000.0,34.4,S
2021-07-07T10:20:32,200.0,34.5,B
2021-07-07T10:20:27,100.0,34.5,B
2021-07-07T10:20:10,100.0,34.5,S
2021-07-07T10:20:10,1200.0,34.5,S
2021-07-07T10:19:50,5000.0,34.5,S
2021-07-07T10:19:32,1000.0,34.6,B
2021-07-07T10:19:23,100.0,34.5,S
2021-07-07T10:19:23,500.0,34.5,S
2021-07-07T10:19:21,1000.0,34.5,S
2021-07-07T10:19:12,200.0,34.6,B
2021-07-07T10:18:50,200.0,34.6,B
2021-07-07T10:18:43,600.0,34.6,S
2021-07-07T10:18:28,1000.0,34.6,S
2021-07-07T10:18:27,3000.0,34.6,S
2021-07-07T10:18:19,200.0,34.6,S
2021-07-07T10:18:04,200.0,34.6,S
2021-07-07T10:17:55,500.0,34.6,S
2021-07-07T10:17:36,600.0,34.6,S
2021-07-07T10:16:59,200.0,34.6,S
2021-07-07T10:16:51,200.0,34.6,S
2021-07-07T10:16:42,500.0,34.6,B
2021-07-07T10:15:48,100.0,34.7,B
2021-07-07T10:15:37,100.0,34.5,S
2021-07-07T10:15:25,4500.0,34.5,S
2021-07-07T10:15:25,10800.0,34.6,S
2021-07-07T10:15:25,2300.0,34.65,S
2021-07-07T10:15:25,1400.0,34.65,S
2021-07-07T10:15:25,2700.0,34.7,B
2021-07-07T10:15:25,300.0,34.7,B
2021-07-07T10:15:18,100.0,34.65,S
2021-07-07T10:15:01,200.0,34.65,S
2021-07-07T10:14:46,500.0,34.65,S
2021-07-07T10:14:17,3000.0,34.65,S
2021-07-07T10:13:50,100.0,34.65,S
2021-07-07T10:13:06,100.0,34.65,S
2021-07-07T10:13:03,100.0,34.65,S
2021-07-07T10:12:57,1000.0,34.65,S
2021-07-07T10:12:56,7000.0,34.7,B
2021-07-07T10:12:54,100.0,34.7,B
2021-07-07T10:12:41,500.0,34.7,B
2021-07-07T10:12:16,1500.0,34.7,B
2021-07-07T10:12:06,200.0,34.7,B
2021-07-07T10:11:54,400.0,34.7,B
2021-07-07T10:11:42,100.0,34.7,S
2021-07-07T10:11:29,3500.0,34.7,S
2021-07-07T10:11:29,1500.0,34.7,S
2021-07-07T10:11:06,1700.0,34.7,S
2021-07-07T10:11:02,200.0,34.75,B
2021-07-07T10:10:53,2000.0,34.7,S
2021-07-07T10:10:17,100.0,34.75,B
2021-07-07T10:10:16,2100.0,34.75,B
2021-07-07T10:10:05,300.0,34.75,S
2021-07-07T10:09:57,2000.0,34.75,S
2021-07-07T10:09:51,1000.0,34.75,S
2021-07-07T10:09:42,100.0,34.75,S
2021-07-07T10:09:30,4500.0,34.75,B
2021-07-07T10:09:11,1300.0,34.75,B
2021-07-07T10:09:09,200.0,34.7,S
2021-07-07T10:08:54,1000.0,34.7,S
2021-07-07T10:08:24,200.0,34.7,S
2021-07-07T10:08:20,1000.0,34.7,S
2021-07-07T10:08:05,1000.0,34.7,S
2021-07-07T10:07:31,100.0,34.7,S
2021-07-07T10:07:23,2800.0,34.7,B
2021-07-07T10:07:03,7700.0,34.7,S
2021-07-07T10:07:01,10000.0,34.7,S
2021-07-07T10:06:44,25000.0,34.7,S
2021-07-07T10:06:39,10000.0,34.7,S
2021-07-07T10:06:30,500.0,34.8,B
2021-07-07T10:06:27,300.0,34.7,S
2021-07-07T10:06:19,100.0,34.8,B
2021-07-07T10:06:11,500.0,34.8,B
2021-07-07T10:05:42,300.0,34.8,S
2021-07-07T10:05:37,5000.0,34.8,S
2021-07-07T10:05:23,500.0,34.85,B
2021-07-07T10:05:22,100.0,34.85,S
2021-07-07T10:05:20,300.0,34.85,S
2021-07-07T10:05:08,2200.0,34.85,S
2021-07-07T10:05:08,800.0,34.85,S
2021-07-07T10:05:03,100.0,34.9,B
2021-07-07T10:05:02,1000.0,34.85,S
2021-07-07T10:04:58,1200.0,34.85,S
2021-07-07T10:04:55,100.0,34.9,B
2021-07-07T10:04:45,200.0,34.9,B
2021-07-07T10:04:45,1500.0,34.9,B
2021-07-07T10:04:17,100.0,34.9,B
2021-07-07T10:04:13,1300.0,34.9,B
2021-07-07T10:04:09,500.0,34.9,B
2021-07-07T10:04:04,11000.0,34.9,S
2021-07-07T10:04:04,5000.0,34.9,S
2021-07-07T10:04:04,2100.0,34.9,S
2021-07-07T10:03:52,100.0,34.95,B
2021-07-07T10:03:41,5000.0,34.95,B
2021-07-07T10:03:41,10000.0,34.95,B
2021-07-07T10:02:59,6000.0,34.95,B
2021-07-07T10:02:55,5000.0,34.95,B
2021-07-07T10:02:42,5000.0,34.95,B
2021-07-07T10:02:29,100.0,34.9,S
2021-07-07T10:02:23,100.0,34.95,B
2021-07-07T10:02:18,9900.0,34.95,B
2021-07-07T10:02:15,100.0,34.9,S
2021-07-07T10:02:03,3000.0,34.9,S
2021-07-07T10:01:59,3800.0,34.95,B
2021-07-07T10:01:59,1200.0,34.95,B
2021-07-07T10:01:55,5700.0,34.9,S
2021-07-07T10:01:55,500.0,34.9,S
2021-07-07T10:01:40,1000.0,34.95,B
2021-07-07T10:01:27,5000.0,34.95,B
2021-07-07T10:01:25,800.0,34.9,B
2021-07-07T10:01:21,500.0,34.9,B
2021-07-07T10:01:04,1000.0,34.9,B
2021-07-07T10:01:02,1000.0,34.9,B
2021-07-07T10:01:01,1000.0,34.9,B
2021-07-07T10:00:40,300.0,34.9,B
2021-07-07T10:00:27,200.0,34.9,B
2021-07-07T10:00:13,100.0,34.85,S
2021-07-07T10:00:09,100.0,34.9,S
2021-07-07T10:00:08,400.0,34.9,B
2021-07-07T09:59:48,400.0,34.9,B
2021-07-07T09:59:42,100.0,34.9,B
2021-07-07T09:59:40,600.0,34.9,B
2021-07-07T09:59:38,2000.0,34.9,B
2021-07-07T09:59:38,1000.0,34.9,B
2021-07-07T09:59:32,100.0,34.9,B
2021-07-07T09:59:25,1000.0,34.9,B
2021-07-07T09:59:25,4500.0,34.85,S
2021-07-07T09:59:25,500.0,34.85,S
2021-07-07T09:59:13,200.0,34.85,S
2021-07-07T09:59:10,4500.0,34.9,B
2021-07-07T09:59:05,200.0,34.85,S
2021-07-07T09:58:51,1600.0,34.85,B
2021-07-07T09:58:32,100.0,34.85,B
2021-07-07T09:58:26,100.0,34.85,B
2021-07-07T09:58:18,100.0,34.85,B
2021-07-07T09:58:09,1100.0,34.8,S
2021-07-07T09:57:54,700.0,34.8,B
2021-07-07T09:57:53,200.0,34.8,B
2021-07-07T09:57:48,1000.0,34.7,S
2021-07-07T09:57:39,2900.0,34.7,B
2021-07-07T09:57:37,100.0,34.65,S
2021-07-07T09:57:27,200.0,34.65,S
2021-07-07T09:57:27,500.0,34.65,S
2021-07-07T09:57:24,1400.0,34.7,B
2021-07-07T09:57:24,5100.0,34.7,B
2021-07-07T09:57:24,1900.0,34.7,B
2021-07-07T09:57:24,41600.0,34.7,B
2021-07-07T09:57:23,500.0,34.7,B
2021-07-07T09:57:17,300.0,34.65,S
2021-07-07T09:57:11,1000.0,34.65,S
2021-07-07T09:56:59,100.0,34.65,B
2021-07-07T09:56:59,100.0,34.65,B
2021-07-07T09:56:30,500.0,34.6,S
2021-07-07T09:56:25,200.0,34.65,B
2021-07-07T09:56:24,500.0,34.65,B
2021-07-07T09:56:16,300.0,34.65,S
2021-07-07T09:56:02,100.0,34.65,S
2021-07-07T09:56:02,100.0,34.65,S
2021-07-07T09:55:44,600.0,34.65,S
2021-07-07T09:55:43,7900.0,34.7,B
2021-07-07T09:55:43,700.0,34.7,B
2021-07-07T09:55:31,200.0,34.7,B
2021-07-07T09:55:24,100.0,34.7,B
2021-07-07T09:55:23,100.0,34.65,S
2021-07-07T09:54:39,1000.0,34.65,B
2021-07-07T09:54:16,400.0,34.6,S
2021-07-07T09:54:14,2000.0,34.6,S
2021-07-07T09:54:12,200.0,34.6,B
2021-07-07T09:54:02,5600.0,34.6,B
2021-07-07T09:54:02,1000.0,34.6,B
2021-07-07T09:54:02,3400.0,34.6,B
2021-07-07T09:53:50,1000.0,34.5,B
2021-07-07T09:53:48,2300.0,34.5,B
2021-07-07T09:53:45,2700.0,34.5,S
2021-07-07T09:53:35,500.0,34.5,B
2021-07-07T09:53:27,5000.0,34.5,B
2021-07-07T09:53:15,400.0,34.5,B
2021-07-07T09:53:05,1500.0,34.4,S
2021-07-07T09:53:00,800.0,34.5,B
2021-07-07T09:52:47,500.0,34.4,B
2021-07-07T09:52:47,4000.0,34.4,B
2021-07-07T09:52:33,200.0,34.3,S
2021-07-07T09:52:17,700.0,34.3,B
2021-07-07T09:52:17,400.0,34.3,B
2021-07-07T09:51:36,2000.0,34.3,B
2021-07-07T09:51:26,500.0,34.2,S
2021-07-07T09:51:21,800.0,34.3,B
2021-07-07T09:51:21,4200.0,34.3,B
2021-07-07T09:51:13,500.0,34.3,B
2021-07-07T09:50:46,600.0,34.3,B
2021-07-07T09:50:28,400.0,34.2,S
2021-07-07T09:50:21,400.0,34.2,S
2021-07-07T09:50:13,100.0,34.2,S
2021-07-07T09:50:02,300.0,34.15,B
2021-07-07T09:49:43,1000.0,34.2,B
2021-07-07T09:49:43,4000.0,34.2,B
2021-07-07T09:49:38,800.0,34.1,S
2021-07-07T09:49:32,1800.0,34.1,S
2021-07-07T09:49:25,100.0,34.1,S
2021-07-07T09:49:23,200.0,34.05,B
2021-07-07T09:49:15,500.0,34.0,S
2021-07-07T09:48:45,1900.0,34.0,S
2021-07-07T09:48:37,200.0,34.0,S
2021-07-07T09:48:35,500.0,34.0,S
2021-07-07T09:47:50,1100.0,34.0,S
2021-07-07T09:47:50,1000.0,34.0,S
2021-07-07T09:47:50,1100.0,34.0,S
2021-07-07T09:47:50,3600.0,34.0,S
2021-07-07T09:47:50,20000.0,34.0,S
2021-07-07T09:47:50,163200.0,34.0,S
2021-07-07T09:47:34,800.0,34.3,B
2021-07-07T09:47:09,1000.0,34.4,B
2021-07-07T09:47:02,100.0,34.4,B
2021-07-07T09:46:45,100.0,34.4,B
2021-07-07T09:46:33,19200.0,34.25,S
2021-07-07T09:46:33,800.0,34.35,S
2021-07-07T09:46:23,200.0,34.4,B
2021-07-07T09:46:15,2200.0,34.4,S
2021-07-07T09:46:04,600.0,34.4,S
2021-07-07T09:46:01,2000.0,34.4,S
2021-07-07T09:45:59,200.0,34.4,S
2021-07-07T09:45:59,500.0,34.4,S
2021-07-07T09:45:30,500.0,34.4,S
2021-07-07T09:45:30,3000.0,34.4,S
2021-07-07T09:45:30,300.0,34.4,S
2021-07-07T09:45:21,100.0,34.6,B
2021-07-07T09:45:07,200.0,34.6,B
2021-07-07T09:45:06,1300.0,34.6,S
2021-07-07T09:45:06,500.0,34.6,S
2021-07-07T09:45:03,800.0,34.6,S
2021-07-07T09:45:03,200.0,34.6,S
2021-07-07T09:45:02,100.0,34.6,S
2021-07-07T09:44:42,700.0,34.6,S
2021-07-07T09:44:39,100.0,34.6,S
2021-07-07T09:44:38,200.0,34.6,S
2021-07-07T09:44:33,100.0,34.6,S
2021-07-07T09:44:23,5000.0,34.6,S
2021-07-07T09:44:21,500.0,34.6,S
2021-07-07T09:44:17,1000.0,34.6,S
2021-07-07T09:44:16,100.0,34.6,B
2021-07-07T09:44:16,2900.0,34.6,B
2021-07-07T09:44:16,1300.0,34.6,B
2021-07-07T09:44:16,500.0,34.6,B
2021-07-07T09:44:16,30000.0,34.6,B
2021-07-07T09:44:16,8300.0,34.6,B
2021-07-07T09:44:16,500.0,34.5,B
2021-07-07T09:44:16,500.0,34.5,B
2021-07-07T09:44:16,500.0,34.5,B
2021-07-07T09:44:16,2600.0,34.5,B
2021-07-07T09:44:16,1000.0,34.5,B
2021-07-07T09:44:16,41300.0,34.5,B
2021-07-07T09:44:15,1400.0,34.4,S
2021-07-07T09:44:02,1000.0,34.4,S
2021-07-07T09:43:57,300.0,34.4,S
2021-07-07T09:43:53,400.0,34.4,S
2021-07-07T09:43:45,3300.0,34.4,S
2021-07-07T09:43:12,3800.0,34.4,S
2021-07-07T09:43:10,5000.0,34.45,B
2021-07-07T09:43:10,1000.0,34.4,S
2021-07-07T09:43:08,500.0,34.45,B
2021-07-07T09:43:07,2000.0,34.4,S
2021-07-07T09:43:01,3800.0,34.45,S
2021-07-07T09:43:01,1000.0,34.5,B
2021-07-07T09:42:59,500.0,34.45,S
2021-07-07T09:42:57,500.0,34.45,S
2021-07-07T09:42:54,100.0,34.5,B
2021-07-07T09:42:45,1000.0,34.45,S
2021-07-07T09:42:35,100.0,34.45,S
2021-07-07T09:42:15,100.0,34.5,B
2021-07-07T09:42:00,300.0,34.45,S
2021-07-07T09:41:42,3000.0,34.5,B
2021-07-07T09:41:34,1200.0,34.5,B
2021-07-07T09:41:34,1300.0,34.5,B
2021-07-07T09:41:16,200.0,34.6,B
2021-07-07T09:40:49,11000.0,34.5,S
2021-07-07T09:40:43,1100.0,34.5,B
2021-07-07T09:40:21,1000.0,34.6,B
2021-07-07T09:40:16,12000.0,34.5,S
2021-07-07T09:40:09,1000.0,34.5,S
2021-07-07T09:40:01,3900.0,34.5,S
2021-07-07T09:39:46,1000.0,34.5,S
2021-07-07T09:39:45,1000.0,34.5,S
2021-07-07T09:39:26,100.0,34.5,S
2021-07-07T09:39:26,1000.0,34.5,S
2021-07-07T09:39:23,500.0,34.5,B
2021-07-07T09:39:23,17100.0,34.4,B
2021-07-07T09:39:05,100.0,34.4,B
2021-07-07T09:38:56,300.0,34.35,S
2021-07-07T09:38:24,1000.0,34.4,B
2021-07-07T09:38:15,26900.0,34.4,S
2021-07-07T09:38:14,19400.0,34.5,S
2021-07-07T09:38:09,100.0,34.5,S
2021-07-07T09:38:04,100.0,34.5,S
2021-07-07T09:37:53,100.0,34.6,B
2021-07-07T09:37:15,200.0,34.5,S
2021-07-07T09:36:09,500.0,34.5,S
2021-07-07T09:36:09,200.0,34.5,S
2021-07-07T09:36:03,1000.0,34.5,S
2021-07-07T09:36:03,100.0,34.5,B
2021-07-07T09:36:03,1000.0,34.45,S
2021-07-07T09:36:03,5000.0,34.45,S
2021-07-07T09:36:02,2000.0,34.45,S
2021-07-07T09:36:01,1300.0,34.5,B
2021-07-07T09:35:58,8000.0,34.45,S
2021-07-07T09:35:57,1000.0,34.6,B
2021-07-07T09:35:54,200.0,34.5,B
2021-07-07T09:35:54,1000.0,34.5,B
2021-07-07T09:35:54,5200.0,34.5,B
2021-07-07T09:35:51,100000.0,34.5,B
2021-07-07T09:35:45,100.0,34.5,B
2021-07-07T09:35:39,200.0,34.5,B
2021-07-07T09:35:36,200.0,34.5,B
2021-07-07T09:35:32,600.0,34.5,B
2021-07-07T09:35:32,300.0,34.5,B
2021-07-07T09:35:24,500.0,34.5,B
2021-07-07T09:35:18,1000.0,34.45,S
2021-07-07T09:35:07,500.0,34.4,S
2021-07-07T09:35:05,100.0,34.4,S
2021-07-07T09:34:53,800.0,34.4,S
2021-07-07T09:34:52,100.0,34.4,S
2021-07-07T09:34:49,200.0,34.4,B
2021-07-07T09:34:49,13200.0,34.4,B
2021-07-07T09:34:46,3000.0,34.3,S
2021-07-07T09:34:46,400.0,34.3,S
2021-07-07T09:34:46,600.0,34.35,S
2021-07-07T09:34:45,100.0,34.35,S
2021-07-07T09:34:43,4800.0,34.4,B
2021-07-07T09:34:43,1000.0,34.4,B
2021-07-07T09:34:43,4200.0,34.4,B
2021-07-07T09:34:43,1500.0,34.35,S
2021-07-07T09:34:42,100.0,34.4,B
2021-07-07T09:34:39,700.0,34.4,B
2021-07-07T09:34:36,10000.0,34.4,B
2021-07-07T09:34:27,10000.0,34.4,B
2021-07-07T09:34:09,400.0,34.35,S
2021-07-07T09:34:08,100.0,34.35,S
2021-07-07T09:33:39,900.0,34.3,B
2021-07-07T09:33:33,100.0,34.3,B
2021-07-07T09:33:29,5600.0,34.35,B
2021-07-07T09:33:22,1000.0,34.3,B
2021-07-07T09:33:14,100.0,34.3,B
2021-07-07T09:33:06,400.0,34.3,B
2021-07-07T09:32:59,800.0,34.25,B
2021-07-07T09:32:47,1000.0,34.25,B
2021-07-07T09:32:35,2000.0,34.25,B
2021-07-07T09:32:31,400.0,34.2,S
2021-07-07T09:32:31,700.0,34.2,B
2021-07-07T09:32:31,3900.0,34.2,B
2021-07-07T09:32:23,12300.0,34.0,B
2021-07-07T09:32:23,500.0,33.5,S
2021-07-07T09:32:22,100.0,34.0,B
2021-07-07T09:32:05,1000.0,34.0,B
2021-07-07T09:32:03,131800.0,33.5,B
2021-07-07T09:32:03,100.0,33.5,B
2021-07-07T09:31:57,3000.0,33.5,B
2021-07-07T09:31:55,50000.0,33.5,B
2021-07-07T09:31:55,5000.0,33.5,B
2021-07-07T09:31:47,10300.0,33.5,B
2021-07-07T09:31:45,200.0,33.5,S
2021-07-07T09:31:45,119600.0,33.5,S
2021-07-07T09:31:40,100.0,34.0,B
2021-07-07T09:31:32,400.0,34.0,B
2021-07-07T09:31:29,400.0,34.0,B
2021-07-07T09:31:27,1000.0,34.0,B
2021-07-07T09:31:26,300.0,34.0,B
2021-07-07T09:31:26,27500.0,33.5,S
2021-07-07T09:31:26,100.0,34.0,B
2021-07-07T09:31:25,1500.0,34.0,B
2021-07-07T09:31:19,1000.0,34.0,B
2021-07-07T09:31:18,100.0,34.0,S
2021-07-07T09:31:18,300.0,34.0,S
2021-07-07T09:31:18,31300.0,34.0,S
2021-07-07T09:31:18,700.0,34.05,S
2021-07-07T09:31:12,200.0,34.05,S
2021-07-07T09:31:06,300.0,34.05,S
2021-07-07T09:31:05,600.0,34.05,S
2021-07-07T09:31:01,600.0,34.05,B
2021-07-07T09:30:58,200.0,34.0,S
2021-07-07T09:30:51,200.0,34.0,S
2021-07-07T09:30:34,2000.0,34.0,S
2021-07-07T09:30:32,200.0,34.0,S
2021-07-07T09:30:20,1000.0,34.0,S
2021-07-07T09:30:18,1000.0,34.0,S
2021-07-07T09:29:59,200.0,34.0,S
2021-07-07T09:29:59,100.0,34.0,S
2021-07-07T09:29:58,800.0,34.0,B
2021-07-07T09:29:58,1300.0,34.0,B
2021-07-07T09:29:58,4500.0,34.0,B
2021-07-07T09:29:58,4300.0,33.6,B
2021-07-07T09:29:58,4500.0,33.55,B
2021-07-07T09:29:58,1400.0,33.35,B
2021-07-07T09:29:56,1000.0,33.35,B
2021-07-07T09:29:56,3000.0,33.35,B
2021-07-07T09:29:55,300.0,33.35,B
2021-07-07T09:29:48,500.0,33.35,B
2021-07-07T09:29:48,200.0,33.35,B
2021-07-07T09:29:43,4400.0,33.35,S
2021-07-07T09:29:34,200.0,33.55,S
2021-07-07T09:29:33,500.0,33.55,B
2021-07-07T09:29:33,6000.0,33.2,S
2021-07-07T09:29:19,1000.0,33.55,B
2021-07-07T09:29:15,600.0,33.35,S
2021-07-07T09:28:59,300.0,33.35,S
2021-07-07T09:28:51,900.0,33.55,B
2021-07-07T09:28:49,200.0,33.5,B
2021-07-07T09:28:43,6600.0,33.2,S
2021-07-07T09:28:37,10000.0,34.0,B
2021-07-07T09:28:30,2000.0,33.55,S
2021-07-07T09:28:26,200.0,33.55,S
2021-07-07T09:28:23,50000.0,34.0,B
2021-07-07T09:28:18,2100.0,33.55,S
2021-07-07T09:28:16,100.0,33.55,S
2021-07-07T09:28:14,600.0,33.55,S
2021-07-07T09:28:02,500.0,33.55,S
2021-07-07T09:27:57,400.0,33.55,S
2021-07-07T09:27:49,1000.0,33.55,S
2021-07-07T09:27:48,2300.0,33.5,B
2021-07-07T09:27:47,200.0,33.3,S
2021-07-07T09:27:45,1000.0,33.3,S
2021-07-07T09:27:45,2000.0,33.3,S
2021-07-07T09:27:44,1000.0,33.3,S
2021-07-07T09:27:40,700.0,33.3,S
2021-07-07T09:27:34,6800.0,33.2,B
2021-07-07T09:27:24,200.0,33.2,B
2021-07-07T09:27:13,100.0,33.2,S
2021-07-07T09:27:09,1100.0,33.2,S
2021-07-07T09:26:45,5000.0,33.2,S
2021-07-07T09:26:39,500.0,34.0,B
2021-07-07T09:26:36,800.0,33.5,S
2021-07-07T09:26:35,200.0,33.5,S
2021-07-07T09:26:30,300.0,34.0,S
2021-07-07T09:26:28,1000.0,34.0,S
2021-07-07T09:26:26,400.0,34.0,S
2021-07-07T09:26:25,17500.0,34.0,S
2021-07-07T09:26:24,3000.0,34.0,S
2021-07-07T09:26:22,32600.0,34.0,S
2021-07-07T09:26:20,25000.0,34.0,S
2021-07-07T09:26:17,500.0,34.0,S
2021-07-07T09:26:14,100.0,34.0,S
2021-07-07T09:26:13,800.0,34.0,S
2021-07-07T09:26:09,11500.0,34.0,B
2021-07-07T09:26:09,7600.0,34.0,B
2021-07-07T09:26:03,200.0,33.5,S
2021-07-07T09:26:03,500.0,33.5,S
2021-07-07T09:26:02,300.0,34.0,B
2021-07-07T09:25:57,500.0,33.5,S
2021-07-07T09:25:54,100.0,33.5,S
2021-07-07T09:25:53,5300.0,33.5,S
2021-07-07T09:25:51,100.0,33.5,S
2021-07-07T09:25:50,100.0,33.5,S
2021-07-07T09:25:50,5300.0,33.5,S
2021-07-07T09:25:49,100.0,34.0,B
2021-07-07T09:25:35,13500.0,33.5,S
2021-07-07T09:25:35,5500.0,33.5,S
2021-07-07T09:25:32,200.0,34.0,S
2021-07-07T09:25:32,50000.0,34.0,S
2021-07-07T09:25:32,3500.0,34.0,S
2021-07-07T09:25:29,800.0,34.0,S
2021-07-07T09:25:25,5300.0,34.0,S
2021-07-07T09:25:17,500.0,34.0,S
2021-07-07T09:25:10,200.0,34.2,S
2021-07-07T09:25:10,100.0,34.2,S
2021-07-07T09:25:09,200.0,34.2,S
2021-07-07T09:25:07,300.0,34.2,S
2021-07-07T09:25:03,600.0,34.2,S
2021-07-07T09:25:00,1000.0,34.2,S
2021-07-07T09:24:59,4500.0,34.25,S
2021-07-07T09:24:57,1000.0,34.3,B
2021-07-07T09:24:54,1500.0,34.25,S
2021-07-07T09:24:54,2800.0,34.2,S
2021-07-07T09:24:54,2500.0,34.25,S
2021-07-07T09:24:54,50000.0,34.25,S
2021-07-07T09:24:54,3200.0,34.25,S
2021-07-07T09:24:54,1500.0,34.25,S
2021-07-07T09:24:53,3100.0,34.3,S
2021-07-07T09:24:44,5000.0,34.3,S
2021-07-07T09:24:42,600.0,34.4,B
2021-07-07T09:24:41,1500.0,34.3,S
2021-07-07T09:24:37,300.0,34.4,B
2021-07-07T09:24:35,1700.0,34.3,S
2021-07-07T09:24:35,100.0,34.3,S
2021-07-07T09:24:35,3200.0,34.3,S
2021-07-07T09:24:34,1000.0,34.35,S
2021-07-07T09:24:33,300.0,34.35,S
2021-07-07T09:24:32,1000.0,34.35,S
2021-07-07T09:24:30,100.0,34.35,S
2021-07-07T09:24:30,300.0,34.35,S
2021-07-07T09:24:27,5000.0,34.35,S
2021-07-07T09:24:26,3700.0,34.35,S
2021-07-07T09:24:26,2000.0,34.35,S
2021-07-07T09:24:23,200.0,34.35,S
2021-07-07T09:24:21,2000.0,34.35,S
2021-07-07T09:24:16,500.0,34.35,S
2021-07-07T09:24:08,2000.0,34.35,S
2021-07-07T09:24:03,7400.0,34.4,S
2021-07-07T09:24:02,100.0,34.4,S
2021-07-07T09:24:00,200.0,34.4,S
2021-07-07T09:23:55,2000.0,34.4,S
2021-07-07T09:23:50,300.0,34.4,S
2021-07-07T09:23:48,1200.0,34.45,S
2021-07-07T09:23:48,600.0,34.45,S
2021-07-07T09:23:46,100.0,34.45,S
2021-07-07T09:23:45,5200.0,34.45,S
2021-07-07T09:23:44,800.0,34.45,S
2021-07-07T09:23:43,300.0,34.45,S
2021-07-07T09:23:42,500.0,34.45,S
2021-07-07T09:23:40,2000.0,34.45,S
2021-07-07T09:23:39,5000.0,34.45,S
2021-07-07T09:23:35,700.0,34.45,S
2021-07-07T09:23:35,500.0,34.45,S
2021-07-07T09:23:27,400.0,34.45,S
2021-07-07T09:23:22,1800.0,34.45,S
2021-07-07T09:23:16,1000.0,34.45,S
2021-07-07T09:23:16,1200.0,34.5,S
2021-07-07T09:23:16,5100.0,34.5,S
2021-07-07T09:23:16,9500.0,34.5,S
2021-07-07T09:23:16,200.0,34.5,S
2021-07-07T09:23:16,2500.0,34.5,S
2021-07-07T09:23:16,15500.0,34.5,S
2021-07-07T09:23:14,600.0,34.55,S
2021-07-07T09:23:09,3600.0,34.55,S
2021-07-07T09:23:04,500.0,34.55,S
2021-07-07T09:23:03,20100.0,34.6,S
2021-07-07T09:23:03,600.0,34.8,B
2021-07-07T09:23:03,600.0,34.8,B
2021-07-07T09:23:03,300.0,34.8,B
2021-07-07T09:23:03,5400.0,34.75,B
2021-07-07T09:23:03,2000.0,34.7,B
2021-07-07T09:23:02,200.0,34.6,S
2021-07-07T09:23:01,3000.0,34.6,S
2021-07-07T09:22:59,1000.0,34.6,S
2021-07-07T09:22:58,1500.0,34.7,B
2021-07-07T09:22:58,400.0,34.7,B
2021-07-07T09:22:58,6600.0,34.7,B
2021-07-07T09:22:58,1500.0,34.7,B
2021-07-07T09:22:53,200.0,34.6,S
2021-07-07T09:22:51,2000.0,34.6,S
2021-07-07T09:22:45,600.0,34.6,S
2021-07-07T09:22:44,300.0,34.6,S
2021-07-07T09:22:37,5800.0,34.6,S
2021-07-07T09:22:37,8700.0,34.6,S
2021-07-07T09:22:32,6800.0,34.65,S
2021-07-07T09:22:29,3800.0,34.65,S
2021-07-07T09:22:26,9800.0,34.7,B
2021-07-07T09:22:24,2000.0,34.65,S
2021-07-07T09:22:24,1000.0,34.65,S
2021-07-07T09:22:22,400.0,34.7,B
2021-07-07T09:22:21,500.0,34.7,B
2021-07-07T09:22:20,3000.0,34.7,B
2021-07-07T09:22:07,100.0,34.7,B
2021-07-07T09:22:06,2500.0,34.7,S
2021-07-07T09:22:04,800.0,34.75,S
2021-07-07T09:22:03,7000.0,34.75,S
2021-07-07T09:22:03,2500.0,34.8,S
2021-07-07T09:22:03,5000.0,34.8,S
2021-07-07T09:22:01,100.0,34.8,S
2021-07-07T09:22:00,100.0,34.85,B
2021-07-07T09:21:59,300.0,34.8,S
2021-07-07T09:21:59,200.0,34.8,S
2021-07-07T09:21:58,400.0,34.8,S
2021-07-07T09:21:57,1000.0,34.8,S
2021-07-07T09:21:52,500.0,34.8,S
2021-07-07T09:21:50,29000.0,34.75,S
2021-07-07T09:21:49,2000.0,34.8,S
2021-07-07T09:21:49,500.0,34.8,S
2021-07-07T09:21:48,5000.0,34.8,S
2021-07-07T09:21:48,1800.0,34.8,S
2021-07-07T09:21:43,5400.0,34.95,B
2021-07-07T09:21:43,10000.0,34.8,S
2021-07-07T09:21:38,500.0,34.8,S
2021-07-07T09:21:36,20100.0,34.8,B
2021-07-07T09:21:34,3000.0,34.75,S
2021-07-07T09:21:33,5000.0,34.75,S
2021-07-07T09:21:27,500.0,34.8,B
2021-07-07T09:21:24,500.0,34.75,S
2021-07-07T09:21:22,400.0,34.8,B
2021-07-07T09:21:19,500.0,34.8,S
2021-07-07T09:21:18,9100.0,34.8,B
2021-07-07T09:21:16,100.0,34.8,B
2021-07-07T09:21:16,900.0,34.8,B
2021-07-07T09:21:10,100.0,34.75,S
2021-07-07T09:21:08,1000.0,34.75,S
2021-07-07T09:21:06,10000.0,34.75,S
2021-07-07T09:20:52,100.0,34.8,B
2021-07-07T09:20:50,2000.0,34.8,B
2021-07-07T09:20:47,7600.0,34.75,S
2021-07-07T09:20:46,200.0,34.8,B
2021-07-07T09:20:40,500.0,34.8,B
2021-07-07T09:20:33,5000.0,34.8,B
2021-07-07T09:20:30,3300.0,34.8,S
2021-07-07T09:20:23,400.0,34.85,S
2021-07-07T09:20:14,300.0,34.8,S
2021-07-07T09:20:09,3000.0,34.8,S
2021-07-07T09:20:08,200.0,35.0,B
2021-07-07T09:20:08,10600.0,35.0,B
2021-07-07T09:20:08,8200.0,34.95,B
2021-07-07T09:20:02,1700.0,34.8,S
2021-07-07T09:20:01,4000.0,34.8,S
2021-07-07T09:20:01,1000.0,34.8,S
2021-07-07T09:19:48,2000.0,34.8,S
2021-07-07T09:19:47,10000.0,34.85,S
2021-07-07T09:19:47,100.0,34.9,S
2021-07-07T09:19:46,2000.0,34.85,S
2021-07-07T09:19:45,9000.0,34.95,B
2021-07-07T09:19:30,300.0,34.85,S
2021-07-07T09:19:24,2000.0,34.85,S
2021-07-07T09:19:23,7000.0,34.85,S
2021-07-07T09:19:20,4800.0,34.9,B
2021-07-07T09:19:17,4900.0,34.85,S
2021-07-07T09:19:17,5100.0,34.95,S
2021-07-07T09:19:16,1000.0,34.95,S
2021-07-07T09:19:10,1100.0,34.95,S
2021-07-07T09:19:09,400.0,34.95,S
2021-07-07T09:18:55,1000.0,34.95,S
2021-07-07T09:18:52,7400.0,34.95,S
2021-07-07T09:18:47,10800.0,35.0,B
2021-07-07T09:18:41,300.0,34.95,S
2021-07-07T09:18:39,5000.0,34.95,S
2021-07-07T09:18:39,200.0,35.0,B
2021-07-07T09:18:35,200.0,35.0,B
2021-07-07T09:18:31,100.0,35.0,B
2021-07-07T09:18:21,100.0,35.0,B
2021-07-07T09:18:15,500.0,35.0,S
2021-07-07T09:18:15,4600.0,35.0,S
2021-07-07T09:18:15,500.0,35.0,S
2021-07-07T09:18:14,100.0,35.0,S
2021-07-07T09:18:13,1300.0,35.0,S
2021-07-07T09:18:13,2200.0,35.0,S
2021-07-07T09:18:13,400.0,35.0,S
2021-07-07T09:18:06,400.0,35.0,S
2021-07-07T09:17:56,300.0,35.0,S
2021-07-07T09:17:45,2400.0,35.0,B
2021-07-07T09:17:44,316300.0,35.0,B
2021-07-07T09:17:28,1200.0,35.0,S
2021-07-07T09:17:26,500.0,35.0,S
2021-07-07T09:17:24,2200.0,35.0,B
2021-07-07T09:17:24,600.0,35.0,B
2021-07-07T09:17:24,7000.0,35.0,B
2021-07-07T09:17:24,1500.0,35.0,B
2021-07-07T09:17:24,8000.0,35.0,B
2021-07-07T09:17:24,71000.0,35.0,B
2021-07-07T09:17:24,7800.0,34.85,B
2021-07-07T09:17:24,200.0,34.8,B
2021-07-07T09:17:20,2000.0,34.8,B
2021-07-07T09:17:20,100.0,34.8,B
2021-07-07T09:17:14,7000.0,34.8,S
2021-07-07T09:17:12,1300.0,34.8,S
2021-07-07T09:17:07,1000.0,34.8,S
2021-07-07T09:17:04,400.0,34.85,B
2021-07-07T09:16:59,1000.0,34.85,B
2021-07-07T09:16:55,600.0,34.85,S
2021-07-07T09:16:50,1000.0,35.0,B
2021-07-07T09:16:50,10000.0,35.0,B
2021-07-07T09:16:31,1000.0,35.0,B
2021-07-07T09:16:29,1300.0,34.85,S
2021-07-07T09:16:28,300.0,35.0,B
2021-07-07T09:16:20,10000.0,34.85,S
2021-07-07T09:16:20,700.0,35.0,B
2021-07-07T09:16:14,5000.0,35.0,S
2021-07-07T09:16:14,20600.0,35.0,S
2021-07-07T09:16:12,2000.0,35.0,S
2021-07-07T09:16:11,1000.0,35.2,B
2021-07-07T09:16:11,8000.0,35.0,S
2021-07-07T09:16:09,800.0,35.0,S
2021-07-07T09:16:07,300.0,35.0,S
2021-07-07T09:16:05,500.0,35.0,S
2021-07-07T09:16:05,39000.0,35.5,B
2021-07-07T09:15:57,1000.0,35.0,S
2021-07-07T09:15:55,100.0,35.0,S
2021-07-07T09:15:54,2000.0,35.0,S
2021-07-07T09:15:43,1000.0,35.0,S
2021-07-07T09:15:39,1000.0,35.2,B
2021-07-07T09:15:31,1500.0,35.0,B
2021-07-07T09:15:31,800.0,35.0,B
2021-07-07T09:15:31,6000.0,35.0,B
2021-07-07T09:15:31,1800.0,35.0,B
2021-07-07T09:15:31,2000.0,35.0,B
2021-07-07T09:15:31,5500.0,35.0,B
2021-07-07T09:15:27,1000.0,34.85,S
2021-07-07T09:15:22,100.0,34.85,S
2021-07-07T09:15:13,4000.0,34.85,S
2021-07-07T09:15:12,1000.0,34.85,S
2021-07-07T09:15:11,300.0,34.85,S
