tradingTime,volume,price,side
2021-07-07T14:29:46,400.0,52.6,B
2021-07-07T14:29:24,400.0,52.6,B
2021-07-07T14:29:06,600.0,52.6,B
2021-07-07T14:28:47,500.0,52.6,B
2021-07-07T14:28:47,500.0,52.5,B
2021-07-07T14:28:24,500.0,52.6,B
2021-07-07T14:28:11,600.0,52.6,B
2021-07-07T14:28:08,100.0,52.6,B
2021-07-07T14:28:01,200.0,52.5,B
2021-07-07T14:27:58,500.0,52.5,B
2021-07-07T14:27:57,200.0,52.5,B
2021-07-07T14:27:54,1100.0,52.5,S
2021-07-07T14:27:54,1500.0,52.5,S
2021-07-07T14:27:54,6500.0,52.5,S
2021-07-07T14:27:49,1000.0,52.6,B
2021-07-07T14:27:45,400.0,52.6,B
2021-07-07T14:27:14,600.0,52.6,B
2021-07-07T14:27:10,1500.0,52.6,B
2021-07-07T14:27:09,300.0,52.6,B
2021-07-07T14:26:56,7000.0,52.5,S
2021-07-07T14:26:41,1000.0,52.5,S
2021-07-07T14:26:33,1000.0,52.5,S
2021-07-07T14:26:29,100.0,52.6,B
2021-07-07T14:26:02,3000.0,52.6,B
2021-07-07T14:25:35,1000.0,52.6,B
2021-07-07T14:25:29,300.0,52.6,B
2021-07-07T14:25:21,1500.0,52.6,B
2021-07-07T14:25:01,300.0,52.6,B
2021-07-07T14:24:34,200.0,52.6,B
2021-07-07T14:24:28,100.0,52.6,B
2021-07-07T14:24:17,500.0,52.6,B
2021-07-07T14:24:13,500.0,52.6,B
2021-07-07T14:24:03,100.0,52.5,S
2021-07-07T14:23:35,2000.0,52.5,S
2021-07-07T14:23:31,100.0,52.5,S
2021-07-07T14:23:20,400.0,52.6,B
2021-07-07T14:23:11,100.0,52.6,B
2021-07-07T14:23:03,500.0,52.6,B
2021-07-07T14:22:57,300.0,52.6,B
2021-07-07T14:22:51,400.0,52.6,B
2021-07-07T14:22:47,100.0,52.5,S
2021-07-07T14:22:45,400.0,52.6,B
2021-07-07T14:22:31,400.0,52.6,B
2021-07-07T14:22:27,100.0,52.6,B
2021-07-07T14:22:27,400.0,52.6,B
2021-07-07T14:22:17,100.0,52.5,S
2021-07-07T14:22:14,600.0,52.6,B
2021-07-07T14:22:08,300.0,52.6,B
2021-07-07T14:22:03,500.0,52.6,B
2021-07-07T14:22:00,100.0,52.5,S
2021-07-07T14:21:56,500.0,52.6,B
2021-07-07T14:21:49,1000.0,52.6,B
2021-07-07T14:21:41,200.0,52.6,B
2021-07-07T14:21:32,200.0,52.5,S
2021-07-07T14:21:27,100.0,52.6,B
2021-07-07T14:21:19,100.0,52.6,B
2021-07-07T14:21:09,200.0,52.6,B
2021-07-07T14:20:40,1300.0,52.6,B
2021-07-07T14:20:09,100.0,52.6,B
2021-07-07T14:20:05,1400.0,52.5,B
2021-07-07T14:19:56,800.0,52.5,B
2021-07-07T14:19:53,100.0,52.5,B
2021-07-07T14:19:45,100.0,52.5,B
2021-07-07T14:19:41,1100.0,52.5,B
2021-07-07T14:19:40,6000.0,52.5,B
2021-07-07T14:19:40,4000.0,52.5,B
2021-07-07T14:19:27,1500.0,52.4,S
2021-07-07T14:19:24,300.0,52.5,B
2021-07-07T14:19:13,300.0,52.5,B
2021-07-07T14:18:57,500.0,52.4,S
2021-07-07T14:18:39,1000.0,52.4,S
2021-07-07T14:18:38,500.0,52.5,B
2021-07-07T14:18:25,500.0,52.5,B
2021-07-07T14:18:08,600.0,52.5,B
2021-07-07T14:17:53,400.0,52.5,B
2021-07-07T14:17:44,400.0,52.5,B
2021-07-07T14:17:34,400.0,52.5,B
2021-07-07T14:17:30,100.0,52.5,B
2021-07-07T14:16:20,300.0,52.5,B
2021-07-07T14:16:02,200.0,52.4,S
2021-07-07T14:15:52,100.0,52.5,B
2021-07-07T14:13:45,12000.0,52.5,B
2021-07-07T14:13:27,900.0,52.4,B
2021-07-07T14:13:26,300.0,52.4,B
2021-07-07T14:13:14,15000.0,52.3,S
2021-07-07T14:12:50,800.0,52.4,S
2021-07-07T14:12:39,200.0,52.4,B
2021-07-07T14:12:39,3400.0,52.4,B
2021-07-07T14:12:39,1100.0,52.4,B
2021-07-07T14:12:39,4100.0,52.4,B
2021-07-07T14:12:39,600.0,52.4,B
2021-07-07T14:12:22,4000.0,52.4,B
2021-07-07T14:12:17,200.0,52.4,B
2021-07-07T14:11:48,200.0,52.4,B
2021-07-07T14:11:48,200.0,52.3,S
2021-07-07T14:11:40,200.0,52.4,B
2021-07-07T14:11:37,1300.0,52.4,B
2021-07-07T14:11:13,100.0,52.4,B
2021-07-07T14:11:06,500.0,52.4,B
2021-07-07T14:10:39,500.0,52.4,B
2021-07-07T14:10:32,300.0,52.4,B
2021-07-07T14:09:57,800.0,52.4,B
2021-07-07T14:09:49,300.0,52.4,B
2021-07-07T14:09:29,5000.0,52.3,S
2021-07-07T14:09:28,200.0,52.4,B
2021-07-07T14:08:50,500.0,52.4,B
2021-07-07T14:08:44,2000.0,52.3,S
2021-07-07T14:08:06,600.0,52.4,B
2021-07-07T14:07:51,500.0,52.3,S
2021-07-07T14:07:39,2000.0,52.4,B
2021-07-07T14:07:38,300.0,52.4,B
2021-07-07T14:07:33,500.0,52.4,B
2021-07-07T14:07:25,400.0,52.4,B
2021-07-07T14:07:05,400.0,52.4,B
2021-07-07T14:06:54,400.0,52.4,B
2021-07-07T14:06:40,400.0,52.4,B
2021-07-07T14:06:15,600.0,52.3,S
2021-07-07T14:06:06,100.0,52.4,B
2021-07-07T14:05:42,500.0,52.3,S
2021-07-07T14:05:36,500.0,52.4,B
2021-07-07T14:04:59,500.0,52.4,B
2021-07-07T14:04:45,100.0,52.4,B
2021-07-07T14:04:45,300.0,52.4,B
2021-07-07T14:04:33,600.0,52.4,B
2021-07-07T14:04:23,100.0,52.4,B
2021-07-07T14:03:37,100.0,52.4,B
2021-07-07T14:03:35,100.0,52.4,S
2021-07-07T14:03:11,900.0,52.4,B
2021-07-07T14:03:01,100.0,52.4,B
2021-07-07T14:02:49,1000.0,52.4,B
2021-07-07T14:02:27,1700.0,52.4,B
2021-07-07T14:02:16,1300.0,52.4,B
2021-07-07T14:02:14,1000.0,52.3,S
2021-07-07T14:02:08,200.0,52.4,B
2021-07-07T14:02:05,400.0,52.4,B
2021-07-07T14:01:59,200.0,52.4,B
2021-07-07T14:01:51,300.0,52.4,B
2021-07-07T14:01:10,100.0,52.4,B
2021-07-07T14:01:09,100.0,52.4,B
2021-07-07T14:01:01,1000.0,52.4,B
2021-07-07T14:00:57,500.0,52.4,B
2021-07-07T14:00:54,5000.0,52.4,B
2021-07-07T14:00:41,500.0,52.4,B
2021-07-07T14:00:37,1000.0,52.4,B
2021-07-07T14:00:34,600.0,52.4,B
2021-07-07T14:00:28,100.0,52.3,S
2021-07-07T14:00:22,400.0,52.4,B
2021-07-07T14:00:02,600.0,52.4,B
2021-07-07T13:59:44,400.0,52.4,B
2021-07-07T13:59:32,400.0,52.4,B
2021-07-07T13:59:19,400.0,52.4,B
2021-07-07T13:59:10,200.0,52.3,S
2021-07-07T13:59:00,1000.0,52.3,S
2021-07-07T13:58:58,300.0,52.4,B
2021-07-07T13:58:54,1000.0,52.3,S
2021-07-07T13:58:43,500.0,52.4,B
2021-07-07T13:57:34,10000.0,52.2,S
2021-07-07T13:57:01,10000.0,52.2,S
2021-07-07T13:56:30,200.0,52.4,B
2021-07-07T13:56:26,4600.0,52.4,B
2021-07-07T13:56:26,600.0,52.3,B
2021-07-07T13:56:26,100.0,52.3,B
2021-07-07T13:56:16,300.0,52.3,B
2021-07-07T13:56:02,300.0,52.4,B
2021-07-07T13:55:42,500.0,52.3,S
2021-07-07T13:55:32,1000.0,52.3,S
2021-07-07T13:55:11,1000.0,52.3,S
2021-07-07T13:55:10,1000.0,52.3,S
2021-07-07T13:55:08,10000.0,52.4,B
2021-07-07T13:54:31,5000.0,52.3,S
2021-07-07T13:54:24,300.0,52.3,S
2021-07-07T13:54:08,300.0,52.3,S
2021-07-07T13:53:36,500.0,52.3,S
2021-07-07T13:53:25,400.0,52.4,B
2021-07-07T13:53:09,300.0,52.4,B
2021-07-07T13:52:53,1000.0,52.3,S
2021-07-07T13:52:36,1000.0,52.3,S
2021-07-07T13:52:33,100.0,52.3,S
2021-07-07T13:52:18,100.0,52.4,B
2021-07-07T13:52:07,2400.0,52.4,S
2021-07-07T13:52:03,200.0,52.4,S
2021-07-07T13:51:56,200.0,52.4,S
2021-07-07T13:51:35,200.0,52.4,S
2021-07-07T13:51:08,4100.0,52.5,S
2021-07-07T13:51:03,500.0,52.5,S
2021-07-07T13:50:57,900.0,52.5,S
2021-07-07T13:50:56,500.0,52.5,S
2021-07-07T13:50:34,1000.0,52.6,B
2021-07-07T13:50:32,100.0,52.6,B
2021-07-07T13:50:24,500.0,52.6,B
2021-07-07T13:50:15,300.0,52.6,B
2021-07-07T13:50:13,200.0,52.6,B
2021-07-07T13:50:08,600.0,52.5,S
2021-07-07T13:50:06,100.0,52.6,B
2021-07-07T13:49:47,1000.0,52.6,B
2021-07-07T13:49:44,500.0,52.5,S
2021-07-07T13:49:22,100.0,52.6,B
2021-07-07T13:49:15,2500.0,52.6,S
2021-07-07T13:49:12,900.0,52.6,S
2021-07-07T13:49:11,600.0,52.6,S
2021-07-07T13:49:02,500.0,52.6,S
2021-07-07T13:48:56,500.0,52.6,S
2021-07-07T13:48:52,600.0,52.6,S
2021-07-07T13:48:44,1000.0,52.6,S
2021-07-07T13:48:43,500.0,52.6,S
2021-07-07T13:48:38,200.0,52.7,B
2021-07-07T13:48:35,1700.0,52.7,B
2021-07-07T13:48:16,600.0,52.6,S
2021-07-07T13:48:08,1500.0,52.7,S
2021-07-07T13:48:08,200.0,52.7,S
2021-07-07T13:47:42,200.0,52.8,B
2021-07-07T13:47:22,300.0,52.8,B
2021-07-07T13:47:11,3000.0,52.7,S
2021-07-07T13:46:59,1000.0,52.8,B
2021-07-07T13:46:54,100.0,52.8,B
2021-07-07T13:46:53,2000.0,52.8,B
2021-07-07T13:46:49,1000.0,52.8,B
2021-07-07T13:45:54,100.0,52.8,B
2021-07-07T13:45:47,1000.0,52.8,B
2021-07-07T13:45:09,3000.0,52.8,B
2021-07-07T13:45:05,500.0,52.7,S
2021-07-07T13:45:03,200.0,52.7,S
2021-07-07T13:44:32,2100.0,52.7,B
2021-07-07T13:44:28,300.0,52.7,B
2021-07-07T13:44:15,1000.0,52.7,B
2021-07-07T13:44:07,2100.0,52.7,B
2021-07-07T13:44:07,1100.0,52.7,B
2021-07-07T13:44:07,100.0,52.7,B
2021-07-07T13:44:07,400.0,52.7,B
2021-07-07T13:44:05,1000.0,52.6,B
2021-07-07T13:44:05,600.0,52.6,B
2021-07-07T13:44:05,1700.0,52.6,B
2021-07-07T13:43:42,6000.0,52.6,B
2021-07-07T13:43:42,500.0,52.6,B
2021-07-07T13:43:03,100.0,52.6,B
2021-07-07T13:42:53,100.0,52.5,S
2021-07-07T13:42:47,200.0,52.6,B
2021-07-07T13:42:34,400.0,52.6,B
2021-07-07T13:42:23,3300.0,52.6,B
2021-07-07T13:42:23,100.0,52.6,B
2021-07-07T13:42:23,300.0,52.6,B
2021-07-07T13:42:23,1200.0,52.6,B
2021-07-07T13:42:23,1100.0,52.6,B
2021-07-07T13:41:55,4000.0,52.5,B
2021-07-07T13:41:55,100.0,52.5,B
2021-07-07T13:41:40,400.0,52.5,B
2021-07-07T13:41:40,600.0,52.5,B
2021-07-07T13:41:40,400.0,52.5,B
2021-07-07T13:41:34,200.0,52.5,B
2021-07-07T13:41:23,300.0,52.5,S
2021-07-07T13:41:23,2000.0,52.5,B
2021-07-07T13:41:23,100.0,52.5,B
2021-07-07T13:41:23,400.0,52.5,B
2021-07-07T13:41:23,200.0,52.5,B
2021-07-07T13:41:23,1000.0,52.5,B
2021-07-07T13:41:23,2500.0,52.5,B
2021-07-07T13:41:23,100.0,52.5,B
2021-07-07T13:41:23,1000.0,52.5,B
2021-07-07T13:41:23,100.0,52.5,B
2021-07-07T13:41:23,1700.0,52.5,B
2021-07-07T13:41:20,600.0,52.5,B
2021-07-07T13:40:52,500.0,52.5,B
2021-07-07T13:40:44,100.0,52.5,B
2021-07-07T13:40:43,600.0,52.5,B
2021-07-07T13:40:42,3000.0,52.5,B
2021-07-07T13:40:35,600.0,52.5,B
2021-07-07T13:40:31,300.0,52.5,B
2021-07-07T13:40:25,3900.0,52.4,B
2021-07-07T13:40:19,500.0,52.4,B
2021-07-07T13:40:19,1000.0,52.4,B
2021-07-07T13:40:17,500.0,52.4,B
2021-07-07T13:40:17,900.0,52.4,B
2021-07-07T13:40:13,100.0,52.4,B
2021-07-07T13:40:08,500.0,52.4,B
2021-07-07T13:39:59,500.0,52.4,B
2021-07-07T13:39:45,400.0,52.4,B
2021-07-07T13:39:45,7000.0,52.4,B
2021-07-07T13:39:35,500.0,52.4,B
2021-07-07T13:39:21,600.0,52.4,B
2021-07-07T13:39:06,600.0,52.4,B
2021-07-07T13:38:59,200.0,52.4,B
2021-07-07T13:38:56,100.0,52.4,B
2021-07-07T13:38:47,2000.0,52.4,B
2021-07-07T13:38:40,200.0,52.4,B
2021-07-07T13:38:30,2000.0,52.4,B
2021-07-07T13:38:13,600.0,52.4,B
2021-07-07T13:38:03,100.0,52.4,S
2021-07-07T13:38:03,500.0,52.4,S
2021-07-07T13:37:15,1300.0,52.5,B
2021-07-07T13:37:15,700.0,52.5,B
2021-07-07T13:37:15,100.0,52.5,B
2021-07-07T13:37:15,700.0,52.5,B
2021-07-07T13:37:15,3200.0,52.4,B
2021-07-07T13:36:48,100.0,52.4,B
2021-07-07T13:36:33,1000.0,52.4,B
2021-07-07T13:36:32,300.0,52.4,B
2021-07-07T13:36:29,9200.0,52.4,B
2021-07-07T13:36:29,800.0,52.4,B
2021-07-07T13:36:20,100.0,52.4,B
2021-07-07T13:36:17,500.0,52.4,B
2021-07-07T13:36:06,500.0,52.4,B
2021-07-07T13:36:03,10000.0,52.4,B
2021-07-07T13:35:49,1000.0,52.4,B
2021-07-07T13:35:47,200.0,52.4,B
2021-07-07T13:35:45,500.0,52.4,B
2021-07-07T13:34:12,1000.0,52.4,B
2021-07-07T13:34:07,100.0,52.3,B
2021-07-07T13:34:07,900.0,52.3,S
2021-07-07T13:34:06,1900.0,52.3,S
2021-07-07T13:34:06,8100.0,52.3,S
2021-07-07T13:33:33,600.0,52.3,S
2021-07-07T13:33:03,900.0,52.4,B
2021-07-07T13:33:01,1000.0,52.3,S
2021-07-07T13:32:53,200.0,52.4,B
2021-07-07T13:32:52,200.0,52.4,B
2021-07-07T13:32:49,1000.0,52.4,B
2021-07-07T13:32:35,4100.0,52.4,B
2021-07-07T13:32:35,1900.0,52.4,B
2021-07-07T13:32:19,100.0,52.4,B
2021-07-07T13:32:12,1000.0,52.4,B
2021-07-07T13:32:05,1000.0,52.3,S
2021-07-07T13:32:02,200.0,52.3,S
2021-07-07T13:32:02,1000.0,52.3,S
2021-07-07T13:31:59,2500.0,52.3,B
2021-07-07T13:31:59,5600.0,52.3,B
2021-07-07T13:31:58,1000.0,52.3,B
2021-07-07T13:31:38,1000.0,52.3,B
2021-07-07T13:31:31,1000.0,52.3,B
2021-07-07T13:31:18,1000.0,52.3,B
2021-07-07T13:31:14,100.0,52.2,S
2021-07-07T13:31:05,500.0,52.2,B
2021-07-07T13:31:05,1000.0,52.2,B
2021-07-07T13:30:02,100.0,52.2,S
2021-07-07T13:29:59,100.0,52.2,B
2021-07-07T13:29:52,200.0,52.2,B
2021-07-07T13:29:28,1000.0,52.2,B
2021-07-07T13:29:18,400.0,52.2,B
2021-07-07T13:29:11,100.0,52.2,B
2021-07-07T13:28:58,100.0,52.2,B
2021-07-07T13:28:58,500.0,52.2,B
2021-07-07T13:28:43,500.0,52.2,B
2021-07-07T13:28:09,1000.0,52.1,S
2021-07-07T13:27:58,900.0,52.1,B
2021-07-07T13:27:50,400.0,52.1,B
2021-07-07T13:27:36,500.0,52.1,B
2021-07-07T13:27:29,2100.0,52.0,B
2021-07-07T13:27:29,500.0,52.0,B
2021-07-07T13:27:29,600.0,52.0,B
2021-07-07T13:27:29,200.0,52.0,B
2021-07-07T13:27:29,1400.0,52.0,B
2021-07-07T13:27:29,600.0,52.0,B
2021-07-07T13:27:24,2300.0,52.0,B
2021-07-07T13:27:20,200.0,52.0,B
2021-07-07T13:27:19,4300.0,52.0,B
2021-07-07T13:27:17,100.0,52.0,B
2021-07-07T13:27:09,400.0,52.0,B
2021-07-07T13:27:06,4800.0,52.0,B
2021-07-07T13:27:05,200.0,52.0,B
2021-07-07T13:27:03,400.0,52.0,B
2021-07-07T13:26:55,3500.0,52.0,B
2021-07-07T13:26:49,7700.0,52.0,B
2021-07-07T13:26:41,600.0,52.0,B
2021-07-07T13:26:39,300.0,52.0,B
2021-07-07T13:26:39,700.0,52.0,B
2021-07-07T13:26:33,500.0,52.0,B
2021-07-07T13:26:26,500.0,52.0,B
2021-07-07T13:26:18,800.0,52.0,B
2021-07-07T13:26:10,600.0,52.0,B
2021-07-07T13:25:57,500.0,52.0,B
2021-07-07T13:25:53,1000.0,51.9,S
2021-07-07T13:25:51,400.0,51.9,S
2021-07-07T13:25:22,2000.0,52.0,B
2021-07-07T13:25:20,2000.0,52.0,B
2021-07-07T13:25:03,200.0,52.0,B
2021-07-07T13:24:59,200.0,52.0,B
2021-07-07T13:24:15,100.0,52.0,B
2021-07-07T13:24:11,200.0,52.0,B
2021-07-07T13:24:05,500.0,52.0,B
2021-07-07T13:23:46,400.0,51.9,S
2021-07-07T13:23:45,500.0,52.0,B
2021-07-07T13:23:41,100.0,51.9,S
2021-07-07T13:23:32,2000.0,51.9,S
2021-07-07T13:23:18,100.0,52.0,B
2021-07-07T13:22:57,400.0,52.0,B
2021-07-07T13:22:25,5000.0,52.0,B
2021-07-07T13:21:37,500.0,51.9,S
2021-07-07T13:21:18,200.0,52.0,B
2021-07-07T13:21:16,400.0,51.9,S
2021-07-07T13:21:16,500.0,52.0,B
2021-07-07T13:21:01,5000.0,52.0,B
2021-07-07T13:20:51,200.0,52.0,B
2021-07-07T13:20:50,200.0,52.0,B
2021-07-07T13:20:43,1000.0,52.0,B
2021-07-07T13:20:33,300.0,52.0,B
2021-07-07T13:20:33,200.0,52.0,B
2021-07-07T13:20:25,2800.0,52.0,S
2021-07-07T13:20:21,1200.0,52.0,S
2021-07-07T13:20:21,1300.0,52.0,S
2021-07-07T13:20:21,2500.0,52.0,S
2021-07-07T13:20:18,10000.0,52.0,S
2021-07-07T13:19:43,800.0,52.1,S
2021-07-07T13:19:43,100.0,52.2,B
2021-07-07T13:19:33,1000.0,52.1,S
2021-07-07T13:19:31,100.0,52.2,B
2021-07-07T13:19:22,200.0,52.1,S
2021-07-07T13:19:02,100.0,52.2,B
2021-07-07T13:18:55,500.0,52.2,B
2021-07-07T13:18:24,200.0,52.2,B
2021-07-07T13:18:03,500.0,52.2,B
2021-07-07T13:17:58,1600.0,52.2,S
2021-07-07T13:17:58,1500.0,52.2,S
2021-07-07T13:17:54,500.0,52.3,B
2021-07-07T13:17:23,500.0,52.3,B
2021-07-07T13:17:22,400.0,52.3,S
2021-07-07T13:17:06,100.0,52.4,B
2021-07-07T13:17:06,100.0,52.4,B
2021-07-07T13:17:02,200.0,52.3,S
2021-07-07T13:16:22,2500.0,52.4,B
2021-07-07T13:16:17,600.0,52.2,S
2021-07-07T13:16:14,1000.0,52.3,B
2021-07-07T13:16:07,100.0,52.3,B
2021-07-07T13:16:06,600.0,52.3,S
2021-07-07T13:16:06,500.0,52.3,S
2021-07-07T13:16:06,400.0,52.3,S
2021-07-07T13:16:06,1300.0,52.3,S
2021-07-07T13:15:55,3000.0,52.4,B
2021-07-07T13:15:43,1000.0,52.4,B
2021-07-07T13:15:42,1000.0,52.4,B
2021-07-07T13:15:29,200.0,52.4,B
2021-07-07T13:15:19,1600.0,52.3,S
2021-07-07T13:15:19,300.0,52.3,S
2021-07-07T13:15:18,100.0,52.3,S
2021-07-07T13:15:06,300.0,52.4,B
2021-07-07T13:15:04,300.0,52.4,B
2021-07-07T13:14:58,18200.0,52.4,S
2021-07-07T13:14:44,100.0,52.4,S
2021-07-07T13:14:40,9000.0,52.4,S
2021-07-07T13:14:15,400.0,52.4,S
2021-07-07T13:13:55,400.0,52.4,B
2021-07-07T13:13:52,600.0,52.3,S
2021-07-07T13:13:44,1300.0,52.4,B
2021-07-07T13:13:35,2000.0,52.4,B
2021-07-07T13:13:25,400.0,52.4,B
2021-07-07T13:13:25,4000.0,52.4,B
2021-07-07T13:13:23,200.0,52.4,B
2021-07-07T13:13:22,200.0,52.4,B
2021-07-07T13:12:50,400.0,52.4,B
2021-07-07T13:12:41,200.0,52.4,B
2021-07-07T13:12:36,200.0,52.4,B
2021-07-07T13:12:33,1000.0,52.4,S
2021-07-07T13:12:25,2000.0,52.3,S
2021-07-07T13:11:54,200.0,52.4,B
2021-07-07T13:11:47,2000.0,52.4,B
2021-07-07T13:11:47,3000.0,52.4,B
2021-07-07T13:11:47,300.0,52.4,B
2021-07-07T13:11:47,100.0,52.4,B
2021-07-07T13:11:47,700.0,52.4,B
2021-07-07T13:11:47,600.0,52.4,B
2021-07-07T13:11:47,3100.0,52.4,B
2021-07-07T13:11:39,7100.0,52.3,B
2021-07-07T13:11:39,1200.0,52.3,B
2021-07-07T13:11:39,1000.0,52.3,B
2021-07-07T13:11:24,500.0,52.3,B
2021-07-07T13:11:01,100.0,52.3,B
2021-07-07T13:10:56,8900.0,52.3,B
2021-07-07T13:10:45,400.0,52.3,B
2021-07-07T13:10:13,100.0,52.3,B
2021-07-07T13:10:09,1000.0,52.3,B
2021-07-07T13:10:06,500.0,52.3,B
2021-07-07T13:10:00,2000.0,52.3,B
2021-07-07T13:09:52,1000.0,52.3,B
2021-07-07T13:09:42,200.0,52.3,B
2021-07-07T13:09:32,1000.0,52.3,B
2021-07-07T13:09:20,2000.0,52.3,B
2021-07-07T13:09:17,5000.0,52.3,B
2021-07-07T13:09:13,100.0,52.3,B
2021-07-07T13:09:10,100.0,52.3,B
2021-07-07T13:09:05,2000.0,52.2,S
2021-07-07T13:09:03,100.0,52.2,S
2021-07-07T13:08:58,1000.0,52.3,B
2021-07-07T13:08:05,100.0,52.2,B
2021-07-07T13:07:57,1600.0,52.3,B
2021-07-07T13:07:47,200.0,52.2,S
2021-07-07T13:07:47,500.0,52.2,B
2021-07-07T13:07:47,2700.0,52.2,B
2021-07-07T13:07:23,400.0,52.2,B
2021-07-07T13:07:15,10000.0,52.0,S
2021-07-07T13:07:08,400.0,52.2,B
2021-07-07T13:06:53,400.0,52.2,B
2021-07-07T13:06:49,200.0,52.2,B
2021-07-07T13:06:49,600.0,52.2,B
2021-07-07T13:06:35,500.0,52.2,B
2021-07-07T13:06:30,700.0,52.2,B
2021-07-07T13:06:30,3500.0,52.2,B
2021-07-07T13:06:30,800.0,52.2,B
2021-07-07T13:06:21,300.0,52.2,B
2021-07-07T13:06:21,200.0,52.2,B
2021-07-07T13:06:11,500.0,52.2,B
2021-07-07T13:06:05,500.0,52.2,B
2021-07-07T13:05:57,500.0,52.2,B
2021-07-07T13:05:53,4200.0,52.1,B
2021-07-07T13:05:53,600.0,52.1,B
2021-07-07T13:05:50,400.0,52.1,B
2021-07-07T13:05:50,600.0,52.1,B
2021-07-07T13:05:46,700.0,52.1,B
2021-07-07T13:05:46,600.0,52.1,B
2021-07-07T13:05:45,500.0,52.1,B
2021-07-07T13:05:37,500.0,52.1,B
2021-07-07T13:05:26,400.0,52.1,B
2021-07-07T13:05:22,500.0,52.1,B
2021-07-07T13:05:14,100.0,52.1,B
2021-07-07T13:05:14,400.0,52.1,B
2021-07-07T13:05:12,500.0,52.1,B
2021-07-07T13:05:11,1000.0,52.1,B
2021-07-07T13:05:10,400.0,52.0,B
2021-07-07T13:05:04,100.0,52.0,B
2021-07-07T13:05:03,500.0,52.0,B
2021-07-07T13:05:00,4300.0,52.0,B
2021-07-07T13:04:55,500.0,52.0,B
2021-07-07T13:04:52,600.0,52.0,B
2021-07-07T13:04:44,500.0,52.0,B
2021-07-07T13:04:39,100.0,52.0,B
2021-07-07T13:04:34,600.0,52.0,B
2021-07-07T13:04:26,500.0,52.0,B
2021-07-07T13:04:17,600.0,52.0,B
2021-07-07T13:03:56,500.0,52.0,B
2021-07-07T13:03:54,200.0,52.0,B
2021-07-07T13:03:51,10000.0,52.0,B
2021-07-07T13:03:45,500.0,52.0,B
2021-07-07T13:03:23,400.0,52.0,B
2021-07-07T13:03:17,400.0,51.9,S
2021-07-07T13:03:05,500.0,52.0,B
2021-07-07T13:03:00,200.0,52.0,B
2021-07-07T13:02:49,600.0,52.0,B
2021-07-07T13:02:37,500.0,52.0,B
2021-07-07T13:02:13,400.0,52.1,B
2021-07-07T13:02:05,100.0,52.0,B
2021-07-07T13:01:57,400.0,52.0,B
2021-07-07T13:01:44,500.0,52.0,B
2021-07-07T13:01:41,200.0,52.0,B
2021-07-07T13:01:25,600.0,52.0,B
2021-07-07T13:01:20,200.0,52.0,B
2021-07-07T13:01:03,400.0,52.0,B
2021-07-07T13:01:01,200.0,52.0,B
2021-07-07T13:00:57,200.0,52.0,B
2021-07-07T13:00:55,500.0,52.0,B
2021-07-07T13:00:49,100.0,51.9,S
2021-07-07T13:00:39,200.0,52.0,B
2021-07-07T13:00:32,100.0,52.0,B
2021-07-07T13:00:29,1100.0,52.0,S
2021-07-07T13:00:17,6400.0,52.0,S
2021-07-07T13:00:17,1100.0,52.0,S
2021-07-07T13:00:15,100.0,52.0,S
2021-07-07T13:00:15,300.0,52.0,S
2021-07-07T13:00:15,600.0,52.0,S
2021-07-07T13:00:15,400.0,52.0,S
2021-07-07T13:00:11,900.0,52.0,S
2021-07-07T13:00:11,900.0,52.0,S
2021-07-07T13:00:11,1000.0,52.0,S
2021-07-07T13:00:07,500.0,52.0,S
2021-07-07T13:00:03,200.0,52.0,B
2021-07-07T13:00:03,4600.0,52.0,B
2021-07-07T13:00:03,500.0,52.0,B
2021-07-07T13:00:03,500.0,52.0,B
2021-07-07T13:00:03,2500.0,52.0,B
2021-07-07T13:00:03,100.0,52.0,B
2021-07-07T13:00:03,2700.0,52.0,B
2021-07-07T13:00:00,100.0,52.0,B
2021-07-07T11:29:31,2000.0,52.0,B
2021-07-07T11:28:38,100.0,51.9,S
2021-07-07T11:28:30,2500.0,51.9,S
2021-07-07T11:26:47,900.0,52.0,B
2021-07-07T11:25:01,400.0,52.0,B
2021-07-07T11:24:25,200.0,52.0,B
2021-07-07T11:24:21,600.0,52.0,B
2021-07-07T11:23:28,200.0,52.0,B
2021-07-07T11:21:29,400.0,52.0,B
2021-07-07T11:21:15,12000.0,51.7,S
2021-07-07T11:21:15,16000.0,51.7,S
2021-07-07T11:21:00,1500.0,51.8,S
2021-07-07T11:20:34,400.0,52.0,B
2021-07-07T11:20:23,1000.0,52.0,B
2021-07-07T11:20:23,1100.0,52.0,B
2021-07-07T11:19:29,3000.0,52.0,B
2021-07-07T11:19:21,400.0,52.0,B
2021-07-07T11:18:56,1100.0,52.0,B
2021-07-07T11:18:42,500.0,52.0,B
2021-07-07T11:18:38,500.0,52.0,B
2021-07-07T11:18:29,500.0,52.0,B
2021-07-07T11:18:21,500.0,52.0,B
2021-07-07T11:18:15,500.0,52.0,B
2021-07-07T11:17:59,500.0,52.0,B
2021-07-07T11:17:52,500.0,52.0,B
2021-07-07T11:17:40,500.0,52.0,B
2021-07-07T11:17:39,500.0,52.0,B
2021-07-07T11:17:29,500.0,52.0,B
2021-07-07T11:17:20,500.0,52.0,B
2021-07-07T11:16:59,500.0,52.0,B
2021-07-07T11:16:36,500.0,52.0,B
2021-07-07T11:16:25,500.0,52.0,B
2021-07-07T11:16:23,500.0,52.0,B
2021-07-07T11:16:17,500.0,52.0,B
2021-07-07T11:16:07,400.0,52.0,B
2021-07-07T11:16:04,500.0,52.0,B
2021-07-07T11:16:03,500.0,52.0,B
2021-07-07T11:16:02,600.0,52.0,B
2021-07-07T11:15:53,500.0,52.0,B
2021-07-07T11:15:46,500.0,52.0,B
2021-07-07T11:15:41,3000.0,52.0,B
2021-07-07T11:15:38,500.0,51.8,S
2021-07-07T11:15:36,100.0,52.0,B
2021-07-07T11:15:35,500.0,52.0,B
2021-07-07T11:15:22,500.0,52.0,B
2021-07-07T11:15:17,500.0,52.0,B
2021-07-07T11:14:33,200.0,52.0,B
2021-07-07T11:13:40,12000.0,51.8,S
2021-07-07T11:13:40,1300.0,51.8,S
2021-07-07T11:13:40,2200.0,51.8,S
2021-07-07T11:13:40,800.0,51.8,S
2021-07-07T11:13:40,1700.0,51.8,S
2021-07-07T11:13:40,17000.0,51.8,S
2021-07-07T11:13:24,35000.0,51.8,S
2021-07-07T11:12:46,1100.0,51.9,S
2021-07-07T11:12:14,100.0,52.0,B
2021-07-07T11:12:11,1900.0,52.0,S
2021-07-07T11:12:09,500.0,52.1,B
2021-07-07T11:11:40,400.0,52.1,B
2021-07-07T11:11:40,500.0,52.0,S
2021-07-07T11:10:52,800.0,52.0,S
2021-07-07T11:10:34,800.0,52.0,B
2021-07-07T11:10:24,200.0,52.0,S
2021-07-07T11:10:15,1500.0,52.0,B
2021-07-07T11:10:15,200.0,52.0,B
2021-07-07T11:10:02,1000.0,52.0,B
2021-07-07T11:09:58,100.0,52.0,B
2021-07-07T11:09:46,100.0,52.0,B
2021-07-07T11:09:36,100.0,52.0,B
2021-07-07T11:09:29,400.0,52.0,S
2021-07-07T11:09:17,5000.0,52.0,S
2021-07-07T11:08:05,100.0,52.0,B
2021-07-07T11:07:59,1900.0,52.0,B
2021-07-07T11:07:42,200.0,52.1,B
2021-07-07T11:07:13,400.0,52.1,B
2021-07-07T11:07:00,100.0,52.1,B
2021-07-07T11:06:39,100.0,52.1,B
2021-07-07T11:06:28,400.0,52.1,S
2021-07-07T11:05:44,2000.0,52.2,B
2021-07-07T11:05:03,600.0,52.2,B
2021-07-07T11:04:58,100.0,52.2,B
2021-07-07T11:03:50,100.0,52.2,B
2021-07-07T11:03:48,100.0,52.1,S
2021-07-07T11:03:47,200.0,52.2,B
2021-07-07T11:03:46,1600.0,52.0,S
2021-07-07T11:03:46,1000.0,52.0,S
2021-07-07T11:03:46,300.0,52.0,S
2021-07-07T11:03:46,2000.0,52.0,S
2021-07-07T11:03:46,200.0,52.0,S
2021-07-07T11:03:46,1100.0,52.0,S
2021-07-07T11:03:46,1800.0,52.0,S
2021-07-07T11:03:42,500.0,52.1,S
2021-07-07T11:02:47,400.0,52.2,B
2021-07-07T11:02:47,100.0,52.1,S
2021-07-07T11:02:04,100.0,52.2,B
2021-07-07T11:01:53,100.0,52.1,S
2021-07-07T11:00:19,100.0,52.2,S
2021-07-07T11:00:19,1500.0,52.2,S
2021-07-07T11:00:17,500.0,52.2,S
2021-07-07T11:00:00,100.0,52.2,S
2021-07-07T10:59:49,200.0,52.3,B
2021-07-07T10:59:48,200.0,52.2,S
2021-07-07T10:59:32,1000.0,52.2,S
2021-07-07T10:59:21,100.0,52.2,S
2021-07-07T10:58:58,300.0,52.2,S
2021-07-07T10:58:57,100.0,52.2,S
2021-07-07T10:58:24,700.0,52.2,S
2021-07-07T10:58:24,800.0,52.2,S
2021-07-07T10:58:23,3000.0,52.2,S
2021-07-07T10:58:20,400.0,52.3,B
2021-07-07T10:58:09,2000.0,52.2,S
2021-07-07T10:57:51,300.0,52.2,S
2021-07-07T10:56:55,100.0,52.2,S
2021-07-07T10:55:58,300.0,52.3,B
2021-07-07T10:54:19,200.0,52.3,B
2021-07-07T10:54:19,2600.0,52.3,B
2021-07-07T10:54:19,6000.0,52.3,B
2021-07-07T10:54:19,1000.0,52.3,B
2021-07-07T10:54:19,200.0,52.3,B
2021-07-07T10:53:53,400.0,52.3,B
2021-07-07T10:53:33,200.0,52.2,S
2021-07-07T10:53:24,100.0,52.3,B
2021-07-07T10:53:22,200.0,52.3,B
2021-07-07T10:53:12,100.0,52.2,S
2021-07-07T10:52:33,2000.0,52.2,S
2021-07-07T10:52:22,100.0,52.2,S
2021-07-07T10:52:12,2400.0,52.2,B
2021-07-07T10:52:07,500.0,52.2,B
2021-07-07T10:51:57,100.0,52.2,B
2021-07-07T10:51:57,100.0,52.2,B
2021-07-07T10:51:44,4000.0,52.2,B
2021-07-07T10:51:44,1000.0,52.2,B
2021-07-07T10:51:44,3100.0,52.2,B
2021-07-07T10:51:44,2000.0,52.2,B
2021-07-07T10:51:44,1100.0,52.2,B
2021-07-07T10:51:44,200.0,52.2,B
2021-07-07T10:51:44,1400.0,52.2,B
2021-07-07T10:51:44,500.0,52.2,B
2021-07-07T10:51:44,6300.0,52.2,B
2021-07-07T10:51:36,1000.0,52.2,B
2021-07-07T10:51:32,500.0,52.2,B
2021-07-07T10:51:26,1000.0,52.2,B
2021-07-07T10:51:02,100.0,52.1,B
2021-07-07T10:51:02,500.0,52.1,B
2021-07-07T10:51:02,2300.0,52.1,B
2021-07-07T10:50:48,1700.0,52.1,B
2021-07-07T10:50:43,500.0,52.1,B
2021-07-07T10:50:31,500.0,52.1,B
2021-07-07T10:50:24,1900.0,52.0,B
2021-07-07T10:50:24,100.0,52.0,B
2021-07-07T10:50:24,2400.0,52.0,B
2021-07-07T10:50:23,500.0,52.0,B
2021-07-07T10:50:19,3400.0,52.0,B
2021-07-07T10:50:19,2100.0,52.0,B
2021-07-07T10:50:19,1200.0,52.0,B
2021-07-07T10:50:14,3400.0,52.0,B
2021-07-07T10:50:14,500.0,52.0,B
2021-07-07T10:50:14,3400.0,52.0,B
2021-07-07T10:50:13,500.0,52.0,B
2021-07-07T10:50:13,500.0,52.0,B
2021-07-07T10:50:05,4800.0,52.0,B
2021-07-07T10:50:05,200.0,52.0,B
2021-07-07T10:50:05,3600.0,52.0,B
2021-07-07T10:50:05,500.0,52.0,B
2021-07-07T10:49:59,700.0,52.0,B
2021-07-07T10:49:59,1400.0,52.0,B
2021-07-07T10:49:54,500.0,52.0,B
2021-07-07T10:49:54,500.0,52.0,B
2021-07-07T10:49:47,1500.0,52.0,B
2021-07-07T10:49:40,500.0,52.0,B
2021-07-07T10:49:40,500.0,52.0,B
2021-07-07T10:49:31,500.0,52.0,B
2021-07-07T10:49:27,500.0,52.0,B
2021-07-07T10:49:26,400.0,52.0,B
2021-07-07T10:49:16,500.0,52.0,B
2021-07-07T10:49:11,300.0,51.9,S
2021-07-07T10:49:09,500.0,52.0,B
2021-07-07T10:49:06,3000.0,51.9,B
2021-07-07T10:48:57,7000.0,51.9,S
2021-07-07T10:48:35,500.0,52.0,B
2021-07-07T10:48:20,1000.0,51.9,S
2021-07-07T10:48:05,500.0,52.0,B
2021-07-07T10:47:43,500.0,52.0,B
2021-07-07T10:47:33,100.0,51.9,S
2021-07-07T10:47:11,500.0,51.9,S
2021-07-07T10:47:06,100.0,51.9,S
2021-07-07T10:46:49,1200.0,51.9,S
2021-07-07T10:46:42,300.0,51.9,S
2021-07-07T10:46:28,100.0,51.9,S
2021-07-07T10:46:27,300.0,52.0,B
2021-07-07T10:46:21,200.0,51.9,S
2021-07-07T10:46:11,2400.0,51.9,S
2021-07-07T10:45:53,100.0,51.9,S
2021-07-07T10:45:00,400.0,52.0,B
2021-07-07T10:44:05,100.0,52.0,B
2021-07-07T10:43:56,1800.0,51.9,S
2021-07-07T10:43:56,200.0,51.9,S
2021-07-07T10:43:39,100.0,52.0,B
2021-07-07T10:43:37,300.0,52.0,S
2021-07-07T10:43:32,4500.0,52.0,S
2021-07-07T10:43:32,5500.0,52.0,S
2021-07-07T10:43:32,500.0,52.0,S
2021-07-07T10:43:24,1000.0,52.0,S
2021-07-07T10:43:11,100.0,52.0,S
2021-07-07T10:43:07,6500.0,52.0,S
2021-07-07T10:42:43,20000.0,52.0,S
2021-07-07T10:42:42,200.0,52.0,S
2021-07-07T10:42:38,100.0,52.0,S
2021-07-07T10:42:33,24500.0,52.0,S
2021-07-07T10:42:33,1000.0,52.0,S
2021-07-07T10:42:29,500.0,52.0,S
2021-07-07T10:42:16,500.0,52.0,S
2021-07-07T10:41:53,500.0,52.0,S
2021-07-07T10:41:45,7200.0,52.0,S
2021-07-07T10:41:30,15000.0,52.0,S
2021-07-07T10:41:23,500.0,52.0,S
2021-07-07T10:41:23,1000.0,52.0,S
2021-07-07T10:40:59,1000.0,52.0,S
2021-07-07T10:40:51,200.0,52.0,S
2021-07-07T10:40:49,100.0,52.0,S
2021-07-07T10:40:49,100.0,52.1,B
2021-07-07T10:40:37,200.0,52.0,S
2021-07-07T10:40:36,1800.0,52.0,S
2021-07-07T10:40:32,300.0,52.1,B
2021-07-07T10:40:25,3000.0,52.0,S
2021-07-07T10:40:20,2000.0,52.0,S
2021-07-07T10:39:42,4000.0,52.0,S
2021-07-07T10:39:40,500.0,52.1,B
2021-07-07T10:39:35,1000.0,52.1,B
2021-07-07T10:39:30,100.0,52.1,B
2021-07-07T10:39:27,1000.0,52.1,S
2021-07-07T10:39:27,7100.0,52.1,S
2021-07-07T10:39:13,600.0,52.1,S
2021-07-07T10:39:04,2500.0,52.1,S
2021-07-07T10:38:54,100.0,52.1,B
2021-07-07T10:38:45,600.0,52.1,B
2021-07-07T10:38:45,11200.0,52.1,S
2021-07-07T10:38:45,5100.0,52.1,S
2021-07-07T10:38:06,6000.0,52.2,B
2021-07-07T10:36:17,1000.0,52.2,B
2021-07-07T10:36:12,200.0,52.2,B
2021-07-07T10:36:05,300.0,52.2,B
2021-07-07T10:35:52,1200.0,52.2,B
2021-07-07T10:35:37,100.0,52.2,S
2021-07-07T10:35:26,1000.0,52.2,S
2021-07-07T10:35:25,400.0,52.2,S
2021-07-07T10:35:11,500.0,52.2,S
2021-07-07T10:35:04,3000.0,52.2,S
2021-07-07T10:34:59,500.0,52.3,B
2021-07-07T10:34:06,900.0,52.2,B
2021-07-07T10:34:00,100.0,52.2,B
2021-07-07T10:34:00,400.0,52.2,B
2021-07-07T10:34:00,1500.0,52.2,B
2021-07-07T10:33:53,6400.0,52.2,B
2021-07-07T10:33:35,500.0,52.2,B
2021-07-07T10:33:35,300.0,52.2,B
2021-07-07T10:33:00,1500.0,52.2,B
2021-07-07T10:32:37,15900.0,52.2,S
2021-07-07T10:32:36,100.0,52.3,B
2021-07-07T10:32:32,100.0,52.2,S
2021-07-07T10:32:23,100.0,52.2,S
2021-07-07T10:31:49,1000.0,52.2,S
2021-07-07T10:31:42,100.0,52.2,S
2021-07-07T10:31:38,300.0,52.3,B
2021-07-07T10:30:40,1000.0,52.2,S
2021-07-07T10:30:05,100.0,52.2,S
2021-07-07T10:30:03,1000.0,52.3,B
2021-07-07T10:29:50,200.0,52.2,S
2021-07-07T10:29:45,300.0,52.2,S
2021-07-07T10:29:27,100.0,52.2,S
2021-07-07T10:29:12,200.0,52.2,S
2021-07-07T10:29:12,100.0,52.2,S
2021-07-07T10:29:01,500.0,52.2,S
2021-07-07T10:28:54,300.0,52.2,S
2021-07-07T10:28:37,500.0,52.2,B
2021-07-07T10:28:19,200.0,52.2,B
2021-07-07T10:27:57,200.0,52.2,B
2021-07-07T10:27:55,4600.0,52.2,B
2021-07-07T10:27:55,1400.0,52.2,B
2021-07-07T10:27:39,5000.0,52.2,B
2021-07-07T10:27:38,100.0,52.2,B
2021-07-07T10:27:17,500.0,52.2,B
2021-07-07T10:27:16,200.0,52.1,S
2021-07-07T10:27:12,2000.0,52.1,S
2021-07-07T10:27:10,300.0,52.2,B
2021-07-07T10:27:06,300.0,52.1,S
2021-07-07T10:27:04,1000.0,52.1,S
2021-07-07T10:26:51,1000.0,52.1,S
2021-07-07T10:26:38,600.0,52.1,B
2021-07-07T10:26:37,2000.0,52.1,B
2021-07-07T10:26:32,500.0,52.1,B
2021-07-07T10:26:24,100.0,52.0,S
2021-07-07T10:26:09,6000.0,52.0,B
2021-07-07T10:26:09,2100.0,52.0,B
2021-07-07T10:26:09,2500.0,52.0,B
2021-07-07T10:26:09,1100.0,52.0,B
2021-07-07T10:26:09,700.0,52.0,B
2021-07-07T10:26:09,2500.0,52.0,B
2021-07-07T10:26:08,300.0,52.0,B
2021-07-07T10:26:08,300.0,52.0,B
2021-07-07T10:26:08,2300.0,52.0,B
2021-07-07T10:26:08,12100.0,52.0,B
2021-07-07T10:26:06,800.0,52.0,B
2021-07-07T10:26:06,3000.0,52.0,B
2021-07-07T10:26:06,5300.0,52.0,B
2021-07-07T10:26:06,200.0,52.0,B
2021-07-07T10:26:06,800.0,52.0,B
2021-07-07T10:25:42,2700.0,52.0,B
2021-07-07T10:25:42,300.0,52.0,B
2021-07-07T10:25:42,500.0,52.0,B
2021-07-07T10:25:42,500.0,52.0,B
2021-07-07T10:25:25,100.0,52.0,B
2021-07-07T10:25:25,5500.0,52.0,B
2021-07-07T10:25:25,600.0,52.0,B
2021-07-07T10:25:18,3800.0,51.9,B
2021-07-07T10:25:08,1200.0,51.9,B
2021-07-07T10:24:57,3500.0,51.9,B
2021-07-07T10:24:44,700.0,51.9,B
2021-07-07T10:24:32,400.0,51.9,B
2021-07-07T10:24:30,100.0,51.9,B
2021-07-07T10:24:03,500.0,51.9,B
2021-07-07T10:23:43,2000.0,51.9,B
2021-07-07T10:23:24,4000.0,51.9,B
2021-07-07T10:22:57,100.0,51.9,B
2021-07-07T10:22:57,500.0,51.9,B
2021-07-07T10:22:48,300.0,51.9,B
2021-07-07T10:22:44,300.0,51.9,B
2021-07-07T10:22:31,500.0,51.9,B
2021-07-07T10:22:12,1000.0,51.9,B
2021-07-07T10:21:59,500.0,51.9,B
2021-07-07T10:21:48,500.0,51.9,B
2021-07-07T10:21:37,500.0,51.9,B
2021-07-07T10:21:26,300.0,51.9,B
2021-07-07T10:21:26,200.0,51.9,B
2021-07-07T10:21:24,1000.0,51.9,B
2021-07-07T10:21:15,500.0,51.9,B
2021-07-07T10:21:05,500.0,51.9,B
2021-07-07T10:20:39,200.0,51.9,B
2021-07-07T10:20:27,100.0,51.9,B
2021-07-07T10:20:25,100.0,51.9,B
2021-07-07T10:20:21,1200.0,51.9,S
2021-07-07T10:19:50,1500.0,51.9,S
2021-07-07T10:19:48,5000.0,51.9,S
2021-07-07T10:19:18,400.0,52.0,B
2021-07-07T10:19:18,100.0,52.0,B
2021-07-07T10:19:13,1000.0,51.9,S
2021-07-07T10:18:46,500.0,52.0,B
2021-07-07T10:18:39,100.0,52.0,B
2021-07-07T10:18:18,300.0,52.0,B
2021-07-07T10:18:12,600.0,51.9,S
2021-07-07T10:18:10,1000.0,51.9,S
2021-07-07T10:17:47,7800.0,51.9,B
2021-07-07T10:17:43,100.0,51.9,B
2021-07-07T10:17:34,300.0,51.8,S
2021-07-07T10:17:19,300.0,51.8,S
2021-07-07T10:17:00,2000.0,51.9,B
2021-07-07T10:16:35,200.0,51.9,B
2021-07-07T10:16:03,1000.0,51.9,B
2021-07-07T10:15:25,2000.0,51.9,B
2021-07-07T10:15:24,5000.0,51.9,B
2021-07-07T10:15:20,1900.0,51.9,B
2021-07-07T10:15:19,100.0,51.8,S
2021-07-07T10:15:19,4900.0,51.8,S
2021-07-07T10:14:45,100.0,51.8,S
2021-07-07T10:14:33,100.0,51.9,B
2021-07-07T10:14:17,1000.0,51.9,B
2021-07-07T10:14:02,300.0,51.9,B
2021-07-07T10:14:02,1000.0,51.9,B
2021-07-07T10:13:59,100.0,51.8,S
2021-07-07T10:13:50,300.0,51.9,B
2021-07-07T10:13:47,100.0,51.9,B
2021-07-07T10:13:30,500.0,51.9,B
2021-07-07T10:13:09,100.0,51.8,S
2021-07-07T10:12:46,200.0,51.9,B
2021-07-07T10:12:32,200.0,51.9,B
2021-07-07T10:12:10,300.0,51.9,B
2021-07-07T10:11:57,2000.0,51.9,B
2021-07-07T10:11:06,100.0,51.9,B
2021-07-07T10:10:51,300.0,51.8,S
2021-07-07T10:10:50,600.0,51.8,S
2021-07-07T10:10:46,300.0,51.8,S
2021-07-07T10:10:32,10000.0,51.8,S
2021-07-07T10:10:27,100.0,51.8,S
2021-07-07T10:10:13,200.0,51.8,S
2021-07-07T10:10:03,10000.0,51.8,S
2021-07-07T10:09:34,200.0,51.9,B
2021-07-07T10:09:24,300.0,51.9,B
2021-07-07T10:09:24,300.0,51.9,B
2021-07-07T10:09:22,100.0,51.9,S
2021-07-07T10:09:13,100.0,51.9,B
2021-07-07T10:09:07,1900.0,51.9,S
2021-07-07T10:08:52,200.0,51.9,S
2021-07-07T10:08:52,200.0,51.9,S
2021-07-07T10:08:43,1000.0,52.0,B
2021-07-07T10:08:32,500.0,52.0,B
2021-07-07T10:08:16,1200.0,52.0,B
2021-07-07T10:08:01,2100.0,51.9,S
2021-07-07T10:08:00,500.0,52.0,B
2021-07-07T10:07:53,500.0,52.0,B
2021-07-07T10:07:53,1000.0,52.0,B
2021-07-07T10:07:40,500.0,52.0,B
2021-07-07T10:07:40,500.0,52.0,B
2021-07-07T10:07:35,200.0,52.0,B
2021-07-07T10:07:33,2000.0,51.9,S
2021-07-07T10:07:33,500.0,52.0,B
2021-07-07T10:07:24,500.0,52.0,B
2021-07-07T10:07:13,500.0,52.0,B
2021-07-07T10:07:08,500.0,52.0,B
2021-07-07T10:07:04,1200.0,52.0,B
2021-07-07T10:06:59,200.0,51.9,S
2021-07-07T10:06:57,500.0,52.0,B
2021-07-07T10:06:57,500.0,52.0,B
2021-07-07T10:06:52,500.0,52.0,B
2021-07-07T10:06:41,1700.0,52.0,B
2021-07-07T10:06:40,500.0,52.0,B
2021-07-07T10:06:34,500.0,51.9,S
2021-07-07T10:06:34,1000.0,51.9,S
2021-07-07T10:06:29,500.0,52.0,B
2021-07-07T10:06:23,900.0,52.0,B
2021-07-07T10:06:20,500.0,52.0,B
2021-07-07T10:06:20,300.0,51.9,S
2021-07-07T10:06:13,1000.0,51.9,S
2021-07-07T10:06:11,500.0,52.0,B
2021-07-07T10:06:04,500.0,52.0,B
2021-07-07T10:06:04,100.0,51.9,S
2021-07-07T10:05:49,500.0,52.0,B
2021-07-07T10:05:45,1000.0,51.9,S
2021-07-07T10:05:37,1000.0,51.9,S
2021-07-07T10:05:16,200.0,52.0,B
2021-07-07T10:05:15,5000.0,51.9,S
2021-07-07T10:05:08,100.0,52.0,B
2021-07-07T10:05:04,900.0,52.0,B
2021-07-07T10:04:58,200.0,51.9,S
2021-07-07T10:04:56,300.0,52.0,B
2021-07-07T10:04:52,500.0,51.9,S
2021-07-07T10:04:47,1000.0,52.0,B
2021-07-07T10:04:46,2000.0,51.9,S
2021-07-07T10:04:40,200.0,52.0,B
2021-07-07T10:04:36,100.0,51.9,S
2021-07-07T10:04:35,10000.0,52.0,B
2021-07-07T10:04:32,100.0,52.0,B
2021-07-07T10:04:30,1000.0,51.9,S
2021-07-07T10:04:17,200.0,52.0,B
2021-07-07T10:04:14,100.0,52.0,B
2021-07-07T10:04:03,900.0,52.0,B
2021-07-07T10:03:53,100.0,52.0,B
2021-07-07T10:03:51,500.0,52.0,B
2021-07-07T10:03:50,200.0,52.0,B
2021-07-07T10:03:40,200.0,52.0,B
2021-07-07T10:03:35,200.0,52.0,B
2021-07-07T10:03:28,4500.0,52.0,S
2021-07-07T10:03:02,100.0,52.0,B
2021-07-07T10:03:02,6700.0,52.0,B
2021-07-07T10:03:02,1600.0,52.0,B
2021-07-07T10:03:02,100.0,52.0,B
2021-07-07T10:03:02,4300.0,52.0,B
2021-07-07T10:02:59,100.0,52.0,B
2021-07-07T10:02:57,400.0,52.0,B
2021-07-07T10:02:46,1600.0,52.0,B
2021-07-07T10:02:29,200.0,52.0,B
2021-07-07T10:02:25,200.0,52.0,B
2021-07-07T10:02:13,200.0,52.0,B
2021-07-07T10:02:07,400.0,52.0,B
2021-07-07T10:02:03,100.0,52.0,B
2021-07-07T10:01:59,200.0,52.0,B
2021-07-07T10:01:53,4100.0,52.0,B
2021-07-07T10:01:50,200.0,52.0,B
2021-07-07T10:01:50,2800.0,52.0,B
2021-07-07T10:01:36,900.0,52.0,B
2021-07-07T10:01:35,2000.0,52.0,B
2021-07-07T10:01:35,8000.0,52.0,B
2021-07-07T10:01:23,100.0,52.0,B
2021-07-07T10:01:21,1000.0,52.0,B
2021-07-07T10:00:47,2000.0,52.0,B
2021-07-07T10:00:46,300.0,51.9,S
2021-07-07T10:00:30,300.0,52.0,B
2021-07-07T10:00:21,100.0,52.0,B
2021-07-07T10:00:12,400.0,52.0,B
2021-07-07T10:00:12,200.0,52.0,B
2021-07-07T10:00:12,8700.0,52.0,B
2021-07-07T10:00:02,2600.0,51.9,S
2021-07-07T10:00:02,5400.0,51.9,S
2021-07-07T09:59:58,300.0,52.0,B
2021-07-07T09:59:49,1000.0,51.9,S
2021-07-07T09:59:40,3000.0,51.9,S
2021-07-07T09:59:30,1000.0,51.9,S
2021-07-07T09:59:19,100.0,51.9,B
2021-07-07T09:59:19,2400.0,51.9,B
2021-07-07T09:59:19,1400.0,51.9,B
2021-07-07T09:59:19,6100.0,51.9,B
2021-07-07T09:59:16,1000.0,51.9,B
2021-07-07T09:59:15,200.0,51.9,B
2021-07-07T09:59:11,400.0,51.9,B
2021-07-07T09:59:04,5200.0,51.9,B
2021-07-07T09:58:58,200.0,51.9,B
2021-07-07T09:58:55,1900.0,51.9,B
2021-07-07T09:58:55,2000.0,51.9,B
2021-07-07T09:58:55,1200.0,51.9,B
2021-07-07T09:58:55,500.0,51.8,S
2021-07-07T09:58:49,700.0,51.9,B
2021-07-07T09:58:42,200.0,51.9,B
2021-07-07T09:58:37,500.0,51.9,B
2021-07-07T09:58:30,1200.0,51.9,B
2021-07-07T09:58:19,400.0,51.8,B
2021-07-07T09:58:14,1100.0,51.8,B
2021-07-07T09:58:11,2800.0,51.8,B
2021-07-07T09:58:11,5100.0,51.8,B
2021-07-07T09:57:46,500.0,51.8,B
2021-07-07T09:57:38,1700.0,51.8,B
2021-07-07T09:57:38,300.0,51.8,B
2021-07-07T09:57:31,500.0,51.8,B
2021-07-07T09:57:23,100.0,51.7,B
2021-07-07T09:57:15,800.0,51.7,B
2021-07-07T09:56:48,2300.0,51.7,S
2021-07-07T09:56:48,100.0,51.7,S
2021-07-07T09:56:48,200.0,51.7,S
2021-07-07T09:56:47,200.0,51.8,B
2021-07-07T09:56:27,2000.0,51.8,B
2021-07-07T09:56:02,300.0,51.8,B
2021-07-07T09:55:43,1000.0,51.8,B
2021-07-07T09:55:30,100.0,51.8,B
2021-07-07T09:55:12,600.0,51.8,B
2021-07-07T09:55:12,1300.0,51.8,B
2021-07-07T09:55:11,400.0,51.7,S
2021-07-07T09:55:11,100.0,51.7,S
2021-07-07T09:55:11,500.0,51.7,S
2021-07-07T09:55:04,400.0,51.8,B
2021-07-07T09:54:58,300.0,51.8,B
2021-07-07T09:54:53,100.0,51.8,B
2021-07-07T09:54:41,600.0,51.8,B
2021-07-07T09:54:26,300.0,51.6,S
2021-07-07T09:54:10,500.0,51.7,B
2021-07-07T09:53:57,100.0,51.7,B
2021-07-07T09:53:56,2300.0,51.7,B
2021-07-07T09:53:52,200.0,51.7,B
2021-07-07T09:53:43,500.0,51.7,B
2021-07-07T09:53:41,300.0,51.7,B
2021-07-07T09:53:05,1500.0,51.6,B
2021-07-07T09:52:52,100.0,51.6,S
2021-07-07T09:52:50,700.0,51.7,B
2021-07-07T09:52:49,800.0,51.7,B
2021-07-07T09:52:31,600.0,51.7,B
2021-07-07T09:52:03,400.0,51.5,S
2021-07-07T09:51:52,900.0,51.6,S
2021-07-07T09:51:36,300.0,51.7,B
2021-07-07T09:51:31,500.0,51.5,S
2021-07-07T09:51:31,600.0,51.7,B
2021-07-07T09:51:28,500.0,51.5,S
2021-07-07T09:51:20,2000.0,51.6,S
2021-07-07T09:51:02,500.0,51.6,S
2021-07-07T09:51:02,100.0,51.6,S
2021-07-07T09:50:48,300.0,51.6,S
2021-07-07T09:50:42,2400.0,51.6,S
2021-07-07T09:49:48,400.0,51.6,S
2021-07-07T09:49:32,1200.0,51.7,B
2021-07-07T09:49:15,3000.0,51.7,S
2021-07-07T09:49:15,3500.0,51.7,S
2021-07-07T09:49:15,1000.0,51.7,S
2021-07-07T09:49:15,2000.0,51.7,S
2021-07-07T09:48:54,100.0,51.9,B
2021-07-07T09:48:14,600.0,51.9,B
2021-07-07T09:48:12,500.0,51.7,S
2021-07-07T09:47:32,500.0,51.7,S
2021-07-07T09:47:29,100.0,51.7,S
2021-07-07T09:47:24,1000.0,51.7,S
2021-07-07T09:47:14,500.0,51.7,S
2021-07-07T09:47:09,300.0,51.9,B
2021-07-07T09:46:59,500.0,51.7,S
2021-07-07T09:46:36,1000.0,51.7,S
2021-07-07T09:45:57,600.0,51.7,S
2021-07-07T09:45:55,1200.0,51.9,B
2021-07-07T09:45:06,10500.0,51.7,S
2021-07-07T09:44:50,200.0,51.8,B
2021-07-07T09:44:32,2000.0,51.9,B
2021-07-07T09:44:16,800.0,51.8,S
2021-07-07T09:44:15,1200.0,51.9,B
2021-07-07T09:44:03,100.0,51.8,S
2021-07-07T09:43:57,500.0,51.8,S
2021-07-07T09:43:53,300.0,51.8,S
2021-07-07T09:43:43,300.0,51.8,S
2021-07-07T09:43:09,500.0,51.8,S
2021-07-07T09:42:41,300.0,51.9,B
2021-07-07T09:42:41,500.0,51.8,B
2021-07-07T09:42:33,1200.0,51.8,B
2021-07-07T09:42:15,1000.0,51.8,B
2021-07-07T09:41:57,1000.0,51.8,B
2021-07-07T09:41:52,2500.0,51.7,B
2021-07-07T09:41:16,100.0,51.7,B
2021-07-07T09:41:01,200.0,51.7,B
2021-07-07T09:40:50,400.0,51.7,B
2021-07-07T09:40:34,500.0,51.7,B
2021-07-07T09:40:31,400.0,51.7,B
2021-07-07T09:40:23,500.0,51.7,B
2021-07-07T09:40:13,100.0,51.7,B
2021-07-07T09:40:10,1200.0,51.7,B
2021-07-07T09:40:03,800.0,51.7,B
2021-07-07T09:39:53,200.0,51.7,B
2021-07-07T09:39:23,200.0,51.7,B
2021-07-07T09:39:21,900.0,51.7,S
2021-07-07T09:38:59,500.0,51.7,S
2021-07-07T09:38:48,300.0,51.8,S
2021-07-07T09:38:30,400.0,51.8,S
2021-07-07T09:38:16,800.0,51.8,S
2021-07-07T09:38:15,300.0,52.0,B
2021-07-07T09:38:01,500.0,51.8,S
2021-07-07T09:38:00,1200.0,52.0,B
2021-07-07T09:37:58,1000.0,51.8,S
2021-07-07T09:37:56,2400.0,51.8,S
2021-07-07T09:37:43,500.0,51.8,S
2021-07-07T09:37:32,100.0,51.8,S
2021-07-07T09:37:28,200.0,51.8,S
2021-07-07T09:37:14,300.0,51.9,B
2021-07-07T09:37:02,600.0,51.9,B
2021-07-07T09:36:27,500.0,51.9,B
2021-07-07T09:36:14,500.0,51.8,S
2021-07-07T09:36:13,1200.0,51.9,B
2021-07-07T09:36:13,1000.0,51.9,B
2021-07-07T09:36:01,500.0,51.8,B
2021-07-07T09:35:58,500.0,51.8,B
2021-07-07T09:35:54,1000.0,51.8,B
2021-07-07T09:35:46,1200.0,51.9,B
2021-07-07T09:35:42,1000.0,51.9,B
2021-07-07T09:35:42,500.0,51.9,B
2021-07-07T09:35:39,1900.0,51.9,B
2021-07-07T09:35:33,300.0,51.9,B
2021-07-07T09:35:25,100.0,51.9,B
2021-07-07T09:35:23,400.0,51.9,B
2021-07-07T09:35:23,3100.0,51.9,B
2021-07-07T09:35:20,100.0,51.9,B
2021-07-07T09:35:18,300.0,51.9,B
2021-07-07T09:35:07,1000.0,51.3,S
2021-07-07T09:34:55,600.0,51.9,B
2021-07-07T09:34:39,100.0,51.9,B
2021-07-07T09:34:31,200.0,51.8,S
2021-07-07T09:34:31,200.0,51.8,S
2021-07-07T09:34:24,500.0,51.9,B
2021-07-07T09:33:48,300.0,51.9,B
2021-07-07T09:33:47,700.0,51.1,S
2021-07-07T09:33:36,200.0,51.1,B
2021-07-07T09:33:34,500.0,51.1,B
2021-07-07T09:33:33,1600.0,51.1,S
2021-07-07T09:33:33,5000.0,51.1,S
2021-07-07T09:33:33,2200.0,51.1,S
2021-07-07T09:33:33,200.0,51.2,S
2021-07-07T09:33:33,4100.0,51.2,S
2021-07-07T09:33:33,18000.0,51.2,S
2021-07-07T09:33:33,14100.0,51.4,S
2021-07-07T09:33:33,16600.0,51.6,S
2021-07-07T09:33:33,500.0,51.7,S
2021-07-07T09:33:33,14500.0,51.8,S
2021-07-07T09:33:33,6800.0,51.8,S
2021-07-07T09:33:08,200.0,52.0,B
2021-07-07T09:33:05,100.0,52.0,B
2021-07-07T09:32:54,100.0,52.0,B
2021-07-07T09:32:53,100.0,51.9,B
2021-07-07T09:32:49,900.0,51.8,S
2021-07-07T09:32:44,2300.0,51.8,B
2021-07-07T09:32:42,2100.0,51.8,B
2021-07-07T09:32:41,5600.0,51.8,B
2021-07-07T09:32:37,100.0,51.8,B
2021-07-07T09:32:35,100.0,51.8,B
2021-07-07T09:32:32,100.0,51.8,B
2021-07-07T09:32:25,200.0,51.8,B
2021-07-07T09:32:20,100.0,51.8,B
2021-07-07T09:32:12,3000.0,51.7,S
2021-07-07T09:32:12,100.0,51.8,B
2021-07-07T09:31:55,1000.0,51.6,S
2021-07-07T09:31:49,3500.0,51.7,B
2021-07-07T09:31:49,1200.0,51.7,B
2021-07-07T09:31:49,1600.0,51.7,B
2021-07-07T09:31:49,5000.0,51.7,B
2021-07-07T09:31:49,200.0,51.6,S
2021-07-07T09:31:49,500.0,51.6,S
2021-07-07T09:31:37,1000.0,51.6,S
2021-07-07T09:31:34,100.0,51.6,S
2021-07-07T09:31:32,1000.0,51.6,B
2021-07-07T09:31:32,5100.0,51.6,B
2021-07-07T09:31:32,700.0,51.6,B
2021-07-07T09:31:30,300.0,51.6,B
2021-07-07T09:31:29,5100.0,51.6,B
2021-07-07T09:31:24,4300.0,51.6,B
2021-07-07T09:31:14,200.0,51.6,B
2021-07-07T09:31:11,800.0,51.6,B
2021-07-07T09:31:11,200.0,51.6,B
2021-07-07T09:31:11,500.0,51.6,B
2021-07-07T09:31:11,600.0,51.6,B
2021-07-07T09:31:09,100.0,51.5,B
2021-07-07T09:31:01,200.0,51.5,B
2021-07-07T09:30:43,800.0,51.2,S
2021-07-07T09:30:26,100.0,51.2,S
2021-07-07T09:30:26,1400.0,51.5,B
2021-07-07T09:30:26,1000.0,51.4,B
2021-07-07T09:30:00,100.0,51.1,S
2021-07-07T09:29:59,100.0,51.1,S
2021-07-07T09:29:55,500.0,51.6,B
2021-07-07T09:29:39,1500.0,51.6,B
2021-07-07T09:29:32,5000.0,51.1,S
2021-07-07T09:29:21,300.0,51.6,B
2021-07-07T09:29:20,200.0,51.1,S
2021-07-07T09:29:18,700.0,51.6,B
2021-07-07T09:29:18,500.0,51.6,B
2021-07-07T09:29:13,3500.0,51.1,S
2021-07-07T09:29:09,300.0,51.1,S
2021-07-07T09:29:08,2000.0,51.1,S
2021-07-07T09:29:05,1500.0,51.6,B
2021-07-07T09:29:04,1000.0,51.1,S
2021-07-07T09:28:58,300.0,51.0,S
2021-07-07T09:28:58,1700.0,51.0,S
2021-07-07T09:28:49,2000.0,51.6,B
2021-07-07T09:28:47,1100.0,51.0,S
2021-07-07T09:28:41,1500.0,51.0,S
2021-07-07T09:28:35,700.0,51.0,S
2021-07-07T09:28:34,100.0,51.1,B
2021-07-07T09:28:26,700.0,51.0,S
2021-07-07T09:28:21,2900.0,51.1,S
2021-07-07T09:28:20,200.0,51.1,S
2021-07-07T09:28:18,100.0,51.5,B
2021-07-07T09:28:11,500.0,51.1,S
2021-07-07T09:28:08,100.0,51.5,B
2021-07-07T09:27:47,6000.0,51.1,S
2021-07-07T09:27:21,13500.0,51.1,S
2021-07-07T09:27:21,1500.0,51.5,S
2021-07-07T09:27:20,400.0,51.5,S
2021-07-07T09:27:13,200.0,51.6,B
2021-07-07T09:27:12,300.0,51.5,S
2021-07-07T09:27:11,100.0,51.6,B
2021-07-07T09:27:06,700.0,51.5,S
2021-07-07T09:26:55,900.0,51.6,B
2021-07-07T09:26:55,200.0,51.6,B
2021-07-07T09:26:50,7000.0,51.5,S
2021-07-07T09:26:41,100.0,51.6,B
2021-07-07T09:26:33,100.0,51.6,B
2021-07-07T09:26:17,200.0,51.6,S
2021-07-07T09:26:16,2000.0,51.7,B
2021-07-07T09:26:14,100.0,51.6,S
2021-07-07T09:26:09,2300.0,51.6,S
2021-07-07T09:26:09,1100.0,51.6,S
2021-07-07T09:26:08,400.0,51.6,S
2021-07-07T09:26:08,100.0,51.6,S
2021-07-07T09:26:06,200.0,51.6,S
2021-07-07T09:26:06,500.0,51.6,S
2021-07-07T09:26:06,500.0,51.6,S
2021-07-07T09:26:05,5000.0,51.7,B
2021-07-07T09:26:03,600.0,51.6,S
2021-07-07T09:26:01,1000.0,51.6,S
2021-07-07T09:26:00,600.0,51.7,B
2021-07-07T09:25:59,300.0,51.6,S
2021-07-07T09:25:54,500.0,51.6,S
2021-07-07T09:25:51,2000.0,51.7,B
2021-07-07T09:25:48,100.0,51.6,S
2021-07-07T09:25:48,200.0,51.6,S
2021-07-07T09:25:37,1000.0,51.6,S
2021-07-07T09:25:28,900.0,51.6,S
2021-07-07T09:25:28,1100.0,51.6,S
2021-07-07T09:25:25,1000.0,51.7,B
2021-07-07T09:25:25,100.0,51.7,B
2021-07-07T09:25:23,2000.0,51.7,B
2021-07-07T09:25:00,300.0,51.7,B
2021-07-07T09:24:54,300.0,51.7,B
2021-07-07T09:24:54,900.0,51.7,B
2021-07-07T09:24:51,300.0,51.7,B
2021-07-07T09:24:45,100.0,51.7,B
2021-07-07T09:24:45,200.0,51.7,S
2021-07-07T09:24:45,1200.0,51.7,S
2021-07-07T09:24:45,2000.0,51.7,S
2021-07-07T09:24:45,700.0,51.7,S
2021-07-07T09:24:45,500.0,51.7,S
2021-07-07T09:24:45,5700.0,51.7,S
2021-07-07T09:24:43,100.0,51.7,S
2021-07-07T09:24:42,2000.0,51.7,S
2021-07-07T09:24:39,1000.0,51.7,S
2021-07-07T09:24:34,1200.0,51.8,B
2021-07-07T09:24:33,100.0,51.8,B
2021-07-07T09:24:32,2500.0,51.7,S
2021-07-07T09:24:31,2000.0,51.7,S
2021-07-07T09:24:28,1000.0,51.7,S
2021-07-07T09:24:26,300.0,51.7,S
2021-07-07T09:24:18,5000.0,51.7,S
2021-07-07T09:24:17,100.0,51.8,B
2021-07-07T09:24:13,100.0,51.7,S
2021-07-07T09:24:13,2000.0,51.7,S
2021-07-07T09:24:08,1700.0,51.7,S
2021-07-07T09:24:03,1400.0,51.7,S
2021-07-07T09:24:00,5000.0,51.7,S
2021-07-07T09:23:56,5000.0,51.7,S
2021-07-07T09:23:54,500.0,51.7,S
2021-07-07T09:23:51,400.0,51.7,S
2021-07-07T09:23:48,2400.0,51.7,S
2021-07-07T09:23:48,900.0,51.7,S
2021-07-07T09:23:36,500.0,51.7,S
2021-07-07T09:23:35,1400.0,51.7,S
2021-07-07T09:23:35,600.0,51.7,S
2021-07-07T09:23:34,3800.0,51.8,B
2021-07-07T09:23:30,900.0,51.8,B
2021-07-07T09:23:28,13800.0,51.8,S
2021-07-07T09:23:25,1000.0,51.8,S
2021-07-07T09:23:23,1100.0,51.8,S
2021-07-07T09:23:20,500.0,51.9,S
2021-07-07T09:23:17,500.0,51.9,B
2021-07-07T09:23:15,1000.0,51.9,B
2021-07-07T09:23:14,500.0,51.9,B
2021-07-07T09:23:11,3000.0,51.8,S
2021-07-07T09:23:05,200.0,51.9,B
2021-07-07T09:23:04,1000.0,51.8,S
2021-07-07T09:23:03,600.0,51.9,B
2021-07-07T09:22:55,100.0,51.9,B
2021-07-07T09:22:43,2300.0,51.9,S
2021-07-07T09:22:41,100.0,52.0,B
2021-07-07T09:22:38,1200.0,52.0,B
2021-07-07T09:22:36,500.0,52.0,B
2021-07-07T09:22:17,900.0,52.0,S
2021-07-07T09:22:15,100.0,52.0,B
2021-07-07T09:22:12,4900.0,52.0,S
2021-07-07T09:22:11,100.0,52.3,B
2021-07-07T09:22:11,800.0,52.3,B
2021-07-07T09:22:06,2000.0,52.3,B
2021-07-07T09:22:03,200.0,52.0,S
2021-07-07T09:21:48,2200.0,52.3,B
2021-07-07T09:21:48,800.0,52.3,B
2021-07-07T09:21:48,2000.0,52.3,B
2021-07-07T09:21:44,900.0,52.3,B
2021-07-07T09:21:43,100.0,52.0,S
2021-07-07T09:21:38,1300.0,52.0,S
2021-07-07T09:21:38,300.0,52.0,S
2021-07-07T09:21:25,10000.0,52.3,B
2021-07-07T09:21:22,100.0,52.0,S
2021-07-07T09:21:20,500.0,52.0,S
2021-07-07T09:21:20,2100.0,52.0,S
2021-07-07T09:21:18,300.0,52.2,B
2021-07-07T09:21:18,500.0,52.2,B
2021-07-07T09:21:15,300.0,52.0,S
2021-07-07T09:21:15,1800.0,52.0,S
2021-07-07T09:21:15,300.0,52.0,S
2021-07-07T09:21:15,4400.0,52.0,S
2021-07-07T09:20:59,500.0,52.0,S
2021-07-07T09:20:59,100.0,52.3,B
2021-07-07T09:20:55,500.0,52.3,B
2021-07-07T09:20:27,300.0,52.3,B
2021-07-07T09:20:19,100.0,52.0,S
2021-07-07T09:20:10,300.0,52.3,B
2021-07-07T09:20:09,100.0,52.3,B
2021-07-07T09:20:05,100.0,52.3,B
2021-07-07T09:20:03,300.0,52.3,B
2021-07-07T09:19:58,100.0,52.3,B
2021-07-07T09:19:50,100.0,52.4,B
2021-07-07T09:19:47,300.0,52.4,B
2021-07-07T09:19:41,400.0,52.4,B
2021-07-07T09:19:23,500.0,52.5,B
2021-07-07T09:19:18,100.0,52.5,B
2021-07-07T09:19:15,500.0,52.5,B
2021-07-07T09:19:08,100.0,52.0,S
2021-07-07T09:18:55,2000.0,52.5,B
2021-07-07T09:18:53,3500.0,52.5,B
2021-07-07T09:18:53,1500.0,52.5,B
2021-07-07T09:18:52,1200.0,52.5,B
2021-07-07T09:18:45,100.0,52.5,B
2021-07-07T09:18:35,500.0,52.5,B
2021-07-07T09:18:30,500.0,51.9,S
2021-07-07T09:18:30,200.0,52.0,S
2021-07-07T09:18:29,800.0,52.5,B
2021-07-07T09:18:29,100.0,52.5,B
2021-07-07T09:18:20,1800.0,52.0,B
2021-07-07T09:18:20,200.0,52.0,B
2021-07-07T09:18:19,200.0,52.0,B
2021-07-07T09:18:14,1100.0,51.8,S
2021-07-07T09:18:13,100.0,52.0,B
2021-07-07T09:18:10,600.0,52.0,B
2021-07-07T09:18:08,4100.0,52.0,S
2021-07-07T09:18:03,500.0,52.5,B
2021-07-07T09:17:48,217500.0,52.5,B
2021-07-07T09:17:38,2000.0,52.5,B
2021-07-07T09:17:35,100.0,52.5,B
2021-07-07T09:17:35,500.0,51.8,S
2021-07-07T09:17:29,200.0,52.5,B
2021-07-07T09:17:28,100.0,52.5,B
2021-07-07T09:17:23,100.0,52.5,B
2021-07-07T09:17:23,200.0,52.5,B
2021-07-07T09:17:21,100.0,52.5,B
2021-07-07T09:17:21,500.0,52.5,B
2021-07-07T09:17:17,100.0,51.8,S
2021-07-07T09:17:12,400.0,52.0,S
2021-07-07T09:17:05,200.0,52.5,B
2021-07-07T09:17:01,100.0,52.5,B
2021-07-07T09:17:01,800.0,52.5,B
2021-07-07T09:16:57,1000.0,52.5,B
2021-07-07T09:16:49,200.0,52.5,B
2021-07-07T09:16:44,10000.0,52.5,B
2021-07-07T09:16:43,2800.0,52.5,B
2021-07-07T09:16:43,2200.0,52.5,B
2021-07-07T09:16:43,800.0,52.0,S
2021-07-07T09:16:40,500.0,52.5,B
2021-07-07T09:16:23,100.0,52.8,B
2021-07-07T09:16:22,200.0,52.5,S
2021-07-07T09:16:21,300.0,52.8,B
2021-07-07T09:16:20,1000.0,52.8,B
2021-07-07T09:16:12,1200.0,52.8,B
2021-07-07T09:16:08,300.0,52.5,B
2021-07-07T09:16:03,200.0,52.0,S
2021-07-07T09:16:00,100.0,52.0,B
2021-07-07T09:15:58,400.0,51.7,B
2021-07-07T09:15:53,1000.0,51.7,B
2021-07-07T09:15:53,1000.0,51.7,B
2021-07-07T09:15:51,200.0,51.7,B
2021-07-07T09:15:51,100.0,51.7,B
2021-07-07T09:15:44,10000.0,51.7,B
2021-07-07T09:15:44,300.0,51.7,B
2021-07-07T09:15:42,200.0,51.7,B
2021-07-07T09:15:36,500.0,51.7,B
2021-07-07T09:15:35,3000.0,51.7,B
2021-07-07T09:15:25,10000.0,51.7,B
2021-07-07T09:15:17,100.0,51.7,B
2021-07-07T09:15:08,1000.0,51.7,B
