tradingTime,volume,price,side
2021-07-07T14:26:19,1000.0,14.9,B
2021-07-07T14:24:43,800.0,14.9,B
2021-07-07T14:23:28,3000.0,14.9,S
2021-07-07T14:21:52,1000.0,14.9,S
2021-07-07T14:19:00,2000.0,15.0,B
2021-07-07T14:18:26,200.0,14.9,S
2021-07-07T14:16:02,1000.0,14.9,S
2021-07-07T14:15:22,200.0,15.0,B
2021-07-07T14:13:58,600.0,15.0,B
2021-07-07T14:08:30,5000.0,15.0,B
2021-07-07T14:01:07,2600.0,14.9,B
2021-07-07T13:56:54,600.0,14.8,S
2021-07-07T13:51:55,2200.0,14.8,S
2021-07-07T13:47:51,1200.0,14.7,B
2021-07-07T13:46:33,3000.0,14.7,B
2021-07-07T13:46:09,1000.0,14.7,B
2021-07-07T13:42:26,100.0,14.7,B
2021-07-07T13:42:25,100.0,14.7,B
2021-07-07T13:42:11,2000.0,14.7,B
2021-07-07T13:40:26,700.0,14.6,S
2021-07-07T13:36:09,3000.0,14.5,S
2021-07-07T13:34:35,500.0,14.6,S
2021-07-07T13:34:25,1000.0,14.6,B
2021-07-07T13:33:26,800.0,14.6,S
2021-07-07T13:33:03,4000.0,14.6,S
2021-07-07T13:31:54,200.0,14.6,B
2021-07-07T13:31:28,100.0,14.6,B
2021-07-07T13:31:14,3000.0,14.6,B
2021-07-07T13:30:45,6400.0,14.6,S
2021-07-07T13:30:28,14000.0,14.6,S
2021-07-07T13:29:48,100.0,14.7,B
2021-07-07T13:28:57,5100.0,14.7,S
2021-07-07T13:27:32,1600.0,14.7,B
2021-07-07T13:27:14,3000.0,14.7,B
2021-07-07T13:27:11,100.0,14.7,B
2021-07-07T13:26:24,100.0,14.7,B
2021-07-07T13:25:49,5000.0,14.6,S
2021-07-07T13:25:45,500.0,14.7,B
2021-07-07T13:22:16,3000.0,14.7,B
2021-07-07T13:21:42,1000.0,14.7,B
2021-07-07T13:21:42,100.0,14.7,B
2021-07-07T13:19:44,10600.0,14.7,S
2021-07-07T13:19:19,7800.0,14.8,S
2021-07-07T13:18:57,4200.0,14.8,S
2021-07-07T13:18:16,300.0,14.9,S
2021-07-07T13:14:43,200.0,15.0,B
2021-07-07T13:14:00,500.0,14.9,S
2021-07-07T13:13:55,500.0,15.0,B
2021-07-07T13:13:03,500.0,14.9,S
2021-07-07T13:12:47,100.0,14.9,S
2021-07-07T13:11:19,900.0,14.9,S
2021-07-07T13:07:51,100.0,14.9,S
2021-07-07T13:07:33,200.0,14.9,S
2021-07-07T13:05:52,100.0,14.9,S
2021-07-07T13:00:04,100.0,15.0,B
2021-07-07T11:27:12,100.0,15.0,B
2021-07-07T11:21:35,1300.0,15.0,B
2021-07-07T11:11:04,2000.0,15.0,B
2021-07-07T11:09:55,200.0,15.0,B
2021-07-07T11:05:21,6600.0,15.0,B
2021-07-07T11:05:14,100.0,14.9,B
2021-07-07T11:01:27,500.0,14.8,S
2021-07-07T11:00:08,4000.0,14.8,S
2021-07-07T10:55:14,200.0,14.8,S
2021-07-07T10:55:04,1000.0,14.8,S
2021-07-07T10:54:43,500.0,14.8,S
2021-07-07T10:53:16,500.0,14.8,S
2021-07-07T10:52:50,3000.0,14.8,B
2021-07-07T10:46:55,3600.0,14.7,S
2021-07-07T10:45:44,400.0,14.8,B
2021-07-07T10:45:43,5000.0,14.8,S
2021-07-07T10:43:50,500.0,14.8,S
2021-07-07T10:41:33,500.0,14.9,B
2021-07-07T10:37:51,100.0,14.9,B
2021-07-07T10:33:53,1000.0,14.8,S
2021-07-07T10:30:02,300.0,14.9,B
2021-07-07T10:27:28,100.0,14.9,S
2021-07-07T10:27:27,2000.0,14.9,S
2021-07-07T10:25:34,2500.0,14.9,B
2021-07-07T10:23:25,400.0,14.9,B
2021-07-07T10:22:09,1000.0,14.8,S
2021-07-07T10:22:05,100.0,14.8,S
2021-07-07T10:18:54,500.0,14.8,S
2021-07-07T10:16:24,100.0,14.8,S
2021-07-07T10:15:57,800.0,14.8,S
2021-07-07T10:14:17,1000.0,14.8,S
2021-07-07T10:12:28,100.0,14.8,S
2021-07-07T10:10:53,500.0,14.8,S
2021-07-07T10:03:35,2100.0,14.8,B
2021-07-07T10:02:40,200.0,14.8,B
2021-07-07T10:02:31,500.0,14.8,B
2021-07-07T10:01:07,400.0,14.8,B
2021-07-07T09:58:29,200.0,14.8,B
2021-07-07T09:58:09,500.0,14.7,S
2021-07-07T09:55:51,500.0,14.7,S
2021-07-07T09:55:16,100.0,14.8,B
2021-07-07T09:54:53,1800.0,14.7,S
2021-07-07T09:53:32,1000.0,14.8,B
2021-07-07T09:53:29,1000.0,14.7,S
2021-07-07T09:51:11,3000.0,14.8,S
2021-07-07T09:48:37,500.0,14.8,S
2021-07-07T09:46:56,1000.0,14.8,S
2021-07-07T09:45:08,100.0,14.9,B
2021-07-07T09:44:13,900.0,14.9,B
2021-07-07T09:43:14,1000.0,14.9,S
2021-07-07T09:41:31,1000.0,15.0,B
2021-07-07T09:40:50,500.0,15.0,B
2021-07-07T09:39:24,100.0,15.0,B
2021-07-07T09:36:50,1000.0,15.0,B
2021-07-07T09:34:23,600.0,14.9,B
2021-07-07T09:33:52,1000.0,14.8,S
2021-07-07T09:33:23,700.0,14.8,S
2021-07-07T09:33:17,1600.0,14.8,B
2021-07-07T09:33:09,100.0,14.8,B
2021-07-07T09:33:07,700.0,14.8,B
2021-07-07T09:33:01,1000.0,14.8,B
2021-07-07T09:32:26,2000.0,14.8,B
2021-07-07T09:32:13,1000.0,14.8,B
2021-07-07T09:30:59,500.0,14.8,B
2021-07-07T09:30:41,600.0,14.8,B
2021-07-07T09:30:22,1700.0,14.8,S
2021-07-07T09:29:16,2000.0,14.8,S
2021-07-07T09:28:40,100.0,14.8,S
2021-07-07T09:28:26,900.0,14.9,B
2021-07-07T09:28:03,200.0,14.9,S
2021-07-07T09:27:54,300.0,14.9,S
2021-07-07T09:27:27,1300.0,14.9,S
2021-07-07T09:26:03,900.0,15.0,S
2021-07-07T09:25:41,600.0,15.0,S
2021-07-07T09:24:15,1000.0,15.1,S
2021-07-07T09:24:14,10000.0,15.0,S
2021-07-07T09:24:06,4500.0,15.1,B
2021-07-07T09:22:20,100.0,15.4,B
2021-07-07T09:21:19,2000.0,15.4,B
2021-07-07T09:20:21,10000.0,15.4,B
2021-07-07T09:18:57,200.0,15.2,B
2021-07-07T09:18:10,200.0,15.2,B
2021-07-07T09:17:58,6700.0,15.1,S
2021-07-07T09:16:03,100.0,15.0,S
2021-07-07T09:15:13,100.0,15.0,S
2021-07-07T09:13:19,500.0,15.1,S
2021-07-07T09:13:15,1000.0,15.1,S
2021-07-07T09:09:13,500.0,15.1,S
2021-07-07T09:08:59,100.0,15.2,B
2021-07-07T09:08:24,1000.0,15.1,B
2021-07-07T09:07:02,200.0,15.0,S
2021-07-07T09:06:29,1000.0,15.1,B
2021-07-07T09:05:09,500.0,15.0,S
2021-07-07T09:02:36,200.0,15.0,S
2021-07-07T09:02:30,200.0,15.0,B
2021-07-07T09:02:10,1100.0,15.0,S
2021-07-07T09:00:08,100.0,15.2,S
