tradingTime,volume,price,side
2021-07-07T14:29:36,500.0,9.7,B
2021-07-07T14:28:47,300.0,9.7,B
2021-07-07T14:28:35,2800.0,9.7,B
2021-07-07T14:28:15,20000.0,9.6,S
2021-07-07T14:28:06,700.0,9.7,B
2021-07-07T14:27:58,1000.0,9.7,B
2021-07-07T14:27:52,200.0,9.7,B
2021-07-07T14:27:41,2000.0,9.7,B
2021-07-07T14:27:24,100.0,9.7,B
2021-07-07T14:27:23,3000.0,9.7,B
2021-07-07T14:27:07,3000.0,9.7,B
2021-07-07T14:26:52,100.0,9.7,B
2021-07-07T14:26:31,200.0,9.7,B
2021-07-07T14:26:10,300.0,9.7,B
2021-07-07T14:25:52,1000.0,9.7,B
2021-07-07T14:25:32,9100.0,9.7,S
2021-07-07T14:25:30,700.0,9.8,B
2021-07-07T14:25:08,200.0,9.8,B
2021-07-07T14:22:59,200.0,9.8,B
2021-07-07T14:22:44,1500.0,9.7,S
2021-07-07T14:21:44,100.0,9.8,B
2021-07-07T14:21:30,2000.0,9.7,S
2021-07-07T14:21:18,200.0,9.7,B
2021-07-07T14:20:55,100.0,9.7,B
2021-07-07T14:20:47,1000.0,9.7,B
2021-07-07T14:20:41,1400.0,9.7,B
2021-07-07T14:19:39,500.0,9.7,B
2021-07-07T14:19:28,100.0,9.7,B
2021-07-07T14:19:21,1300.0,9.7,B
2021-07-07T14:17:38,3000.0,9.7,B
2021-07-07T14:17:09,300.0,9.7,B
2021-07-07T14:16:40,1100.0,9.7,B
2021-07-07T14:16:34,1500.0,9.7,B
2021-07-07T14:16:19,10000.0,9.6,S
2021-07-07T14:14:52,1800.0,9.7,S
2021-07-07T14:13:16,3200.0,9.7,B
2021-07-07T14:13:09,2300.0,9.7,S
2021-07-07T14:12:22,900.0,9.7,S
2021-07-07T14:11:38,3000.0,9.8,B
2021-07-07T14:10:42,100.0,9.8,B
2021-07-07T14:10:14,1600.0,9.7,B
2021-07-07T14:10:06,1000.0,9.7,B
2021-07-07T14:10:02,200.0,9.7,B
2021-07-07T14:09:41,500.0,9.7,B
2021-07-07T14:08:56,300.0,9.7,B
2021-07-07T14:07:52,10000.0,9.7,B
2021-07-07T14:07:12,100.0,9.6,S
2021-07-07T14:06:30,2000.0,9.7,B
2021-07-07T14:05:25,100.0,9.7,B
2021-07-07T14:03:49,100.0,9.7,B
2021-07-07T14:03:29,1000.0,9.6,S
2021-07-07T14:03:13,500.0,9.6,S
2021-07-07T14:00:55,1500.0,9.6,S
2021-07-07T13:59:24,100.0,9.7,B
2021-07-07T13:58:37,800.0,9.6,S
2021-07-07T13:58:10,300.0,9.7,B
2021-07-07T13:58:01,6000.0,9.7,B
2021-07-07T13:57:12,5000.0,9.7,B
2021-07-07T13:57:07,14300.0,9.7,S
2021-07-07T13:56:53,1000.0,9.7,S
2021-07-07T13:56:15,10000.0,9.8,B
2021-07-07T13:55:59,600.0,9.7,S
2021-07-07T13:55:47,3600.0,9.7,S
2021-07-07T13:55:20,800.0,9.8,B
2021-07-07T13:55:17,200.0,9.8,B
2021-07-07T13:54:41,100.0,9.8,B
2021-07-07T13:54:29,100.0,9.7,S
2021-07-07T13:54:15,10000.0,9.7,S
2021-07-07T13:54:02,1000.0,9.8,B
2021-07-07T13:52:58,500.0,9.8,B
2021-07-07T13:52:37,1000.0,9.8,B
2021-07-07T13:52:32,100.0,9.8,B
2021-07-07T13:52:19,10000.0,9.8,B
2021-07-07T13:51:50,2000.0,9.8,B
2021-07-07T13:51:02,10000.0,9.8,B
2021-07-07T13:50:30,100.0,9.8,B
2021-07-07T13:50:25,100.0,9.8,B
2021-07-07T13:49:29,100.0,9.8,B
2021-07-07T13:49:16,500.0,9.7,S
2021-07-07T13:48:44,1700.0,9.7,B
2021-07-07T13:48:33,500.0,9.7,B
2021-07-07T13:48:32,2000.0,9.7,B
2021-07-07T13:48:05,300.0,9.7,B
2021-07-07T13:48:00,500.0,9.7,B
2021-07-07T13:47:56,1000.0,9.7,B
2021-07-07T13:47:53,1000.0,9.7,B
2021-07-07T13:47:45,2000.0,9.7,B
2021-07-07T13:46:30,200.0,9.7,B
2021-07-07T13:46:28,1000.0,9.7,B
2021-07-07T13:45:53,100.0,9.7,B
2021-07-07T13:45:50,1000.0,9.7,B
2021-07-07T13:45:30,100.0,9.7,B
2021-07-07T13:45:25,1000.0,9.7,B
2021-07-07T13:45:24,2000.0,9.7,B
2021-07-07T13:45:04,500.0,9.7,B
2021-07-07T13:45:03,10000.0,9.7,B
2021-07-07T13:44:59,1000.0,9.7,B
2021-07-07T13:44:55,200.0,9.7,B
2021-07-07T13:44:52,3000.0,9.7,B
2021-07-07T13:44:34,300.0,9.7,B
2021-07-07T13:44:00,500.0,9.7,B
2021-07-07T13:43:53,1000.0,9.7,B
2021-07-07T13:43:48,10000.0,9.7,B
2021-07-07T13:43:32,200.0,9.7,B
2021-07-07T13:43:07,1000.0,9.7,B
2021-07-07T13:42:48,100.0,9.7,B
2021-07-07T13:42:33,1200.0,9.7,B
2021-07-07T13:42:12,300.0,9.7,B
2021-07-07T13:42:01,1000.0,9.7,B
2021-07-07T13:41:54,300.0,9.7,B
2021-07-07T13:41:38,100.0,9.7,B
2021-07-07T13:39:44,500.0,9.6,S
2021-07-07T13:37:39,300.0,9.7,B
2021-07-07T13:36:43,100.0,9.7,B
2021-07-07T13:35:51,10000.0,9.7,B
2021-07-07T13:35:36,400.0,9.7,B
2021-07-07T13:34:35,100.0,9.7,B
2021-07-07T13:33:50,300.0,9.6,S
2021-07-07T13:33:09,20400.0,9.6,S
2021-07-07T13:33:01,5000.0,9.6,B
2021-07-07T13:32:48,5000.0,9.6,B
2021-07-07T13:32:41,3500.0,9.6,B
2021-07-07T13:32:06,900.0,9.6,B
2021-07-07T13:31:53,500.0,9.5,S
2021-07-07T13:31:21,1000.0,9.5,S
2021-07-07T13:31:02,200.0,9.6,B
2021-07-07T13:31:02,500.0,9.6,B
2021-07-07T13:30:24,600.0,9.6,B
2021-07-07T13:30:22,200.0,9.6,B
2021-07-07T13:30:06,1000.0,9.6,B
2021-07-07T13:29:38,400.0,9.6,B
2021-07-07T13:29:11,1000.0,9.6,B
2021-07-07T13:28:44,100.0,9.6,B
2021-07-07T13:28:35,500.0,9.6,B
2021-07-07T13:27:04,600.0,9.6,B
2021-07-07T13:26:53,1000.0,9.6,B
2021-07-07T13:26:43,2000.0,9.6,B
2021-07-07T13:26:28,100.0,9.6,B
2021-07-07T13:26:21,2000.0,9.6,B
2021-07-07T13:25:50,2000.0,9.5,S
2021-07-07T13:24:52,5000.0,9.5,S
2021-07-07T13:24:47,500.0,9.6,B
2021-07-07T13:24:08,1200.0,9.6,B
2021-07-07T13:24:00,1000.0,9.5,S
2021-07-07T13:23:26,5000.0,9.5,S
2021-07-07T13:23:02,1000.0,9.5,S
2021-07-07T13:22:42,200.0,9.6,B
2021-07-07T13:22:01,10000.0,9.5,S
2021-07-07T13:21:44,200.0,9.6,B
2021-07-07T13:21:35,300.0,9.5,S
2021-07-07T13:21:28,100.0,9.6,B
2021-07-07T13:20:51,200.0,9.5,S
2021-07-07T13:20:40,1000.0,9.6,B
2021-07-07T13:20:06,1000.0,9.6,B
2021-07-07T13:20:01,500.0,9.6,B
2021-07-07T13:18:45,1000.0,9.6,B
2021-07-07T13:18:25,100.0,9.6,B
2021-07-07T13:17:51,500.0,9.6,B
2021-07-07T13:17:38,5000.0,9.5,S
2021-07-07T13:17:36,2000.0,9.5,S
2021-07-07T13:17:18,500.0,9.5,S
2021-07-07T13:17:16,400.0,9.6,B
2021-07-07T13:16:57,300.0,9.6,B
2021-07-07T13:16:56,400.0,9.6,B
2021-07-07T13:16:44,200.0,9.6,B
2021-07-07T13:16:34,1000.0,9.6,B
2021-07-07T13:16:27,200.0,9.6,B
2021-07-07T13:16:22,5000.0,9.6,B
2021-07-07T13:15:25,2000.0,9.6,B
2021-07-07T13:14:28,100.0,9.6,B
2021-07-07T13:14:00,500.0,9.5,S
2021-07-07T13:13:40,200.0,9.6,B
2021-07-07T13:13:16,3000.0,9.5,S
2021-07-07T13:12:59,1000.0,9.5,S
2021-07-07T13:12:28,300.0,9.5,S
2021-07-07T13:12:10,15000.0,9.5,S
2021-07-07T13:11:57,100.0,9.6,B
2021-07-07T13:11:47,200.0,9.6,B
2021-07-07T13:11:40,100.0,9.6,B
2021-07-07T13:11:38,200.0,9.6,B
2021-07-07T13:11:35,1000.0,9.6,B
2021-07-07T13:10:09,300.0,9.6,B
2021-07-07T13:09:56,2000.0,9.6,B
2021-07-07T13:09:51,500.0,9.6,B
2021-07-07T13:09:43,500.0,9.6,B
2021-07-07T13:09:11,5000.0,9.6,B
2021-07-07T13:08:51,10000.0,9.5,S
2021-07-07T13:08:34,100.0,9.6,B
2021-07-07T13:07:09,600.0,9.5,S
2021-07-07T13:06:50,200.0,9.6,B
2021-07-07T13:05:43,100.0,9.6,B
2021-07-07T13:04:40,900.0,9.5,S
2021-07-07T13:04:27,900.0,9.6,B
2021-07-07T13:04:13,1200.0,9.6,B
2021-07-07T13:03:45,1000.0,9.6,B
2021-07-07T13:02:34,700.0,9.5,S
2021-07-07T13:02:18,1000.0,9.6,B
2021-07-07T13:00:17,200.0,9.5,S
2021-07-07T13:00:15,500.0,9.5,S
2021-07-07T13:00:11,1100.0,9.6,B
2021-07-07T13:00:11,1200.0,9.6,B
2021-07-07T13:00:11,1000.0,9.6,B
2021-07-07T13:00:04,500.0,9.6,B
2021-07-07T13:00:04,500.0,9.6,B
2021-07-07T13:00:03,2500.0,9.6,B
2021-07-07T13:00:03,500.0,9.6,B
2021-07-07T13:00:02,100.0,9.6,B
2021-07-07T11:28:35,2900.0,9.6,S
2021-07-07T11:25:53,1600.0,9.6,S
2021-07-07T11:24:48,1000.0,9.6,S
2021-07-07T11:24:32,9600.0,9.6,B
2021-07-07T11:23:10,13000.0,9.5,S
2021-07-07T11:22:46,300.0,9.6,B
2021-07-07T11:22:36,10100.0,9.6,S
2021-07-07T11:21:35,300.0,9.6,S
2021-07-07T11:20:58,1000.0,9.6,S
2021-07-07T11:18:16,7800.0,9.6,S
2021-07-07T11:17:22,500.0,9.6,S
2021-07-07T11:17:21,29900.0,9.6,S
2021-07-07T11:17:14,3000.0,9.6,S
2021-07-07T11:16:19,300.0,9.7,B
2021-07-07T11:16:07,200.0,9.7,B
2021-07-07T11:15:32,600.0,9.7,B
2021-07-07T11:14:38,300.0,9.7,B
2021-07-07T11:13:40,5000.0,9.7,B
2021-07-07T11:13:16,100.0,9.6,S
2021-07-07T11:12:37,2000.0,9.6,S
2021-07-07T11:12:06,1000.0,9.6,S
2021-07-07T11:09:37,20000.0,9.6,S
2021-07-07T11:07:05,200.0,9.6,S
2021-07-07T11:06:31,100.0,9.7,B
2021-07-07T11:06:10,100.0,9.7,B
2021-07-07T11:04:54,2500.0,9.6,S
2021-07-07T11:04:21,6400.0,9.6,S
2021-07-07T11:04:06,200.0,9.7,B
2021-07-07T11:01:57,100.0,9.7,B
2021-07-07T11:01:38,100.0,9.7,B
2021-07-07T11:01:16,2700.0,9.7,B
2021-07-07T10:57:59,3000.0,9.7,B
2021-07-07T10:57:46,2000.0,9.7,B
2021-07-07T10:56:43,600.0,9.7,B
2021-07-07T10:55:25,2700.0,9.7,B
2021-07-07T10:54:52,600.0,9.7,B
2021-07-07T10:53:55,14700.0,9.7,B
2021-07-07T10:53:37,3000.0,9.6,S
2021-07-07T10:53:18,6000.0,9.6,S
2021-07-07T10:52:46,2600.0,9.6,S
2021-07-07T10:51:23,1300.0,9.6,B
2021-07-07T10:51:13,11000.0,9.6,B
2021-07-07T10:48:33,100.0,9.6,B
2021-07-07T10:48:05,2000.0,9.6,B
2021-07-07T10:47:55,18600.0,9.6,S
2021-07-07T10:47:05,90000.0,9.6,S
2021-07-07T10:46:47,5000.0,9.6,S
2021-07-07T10:46:20,3000.0,9.6,S
2021-07-07T10:46:12,300.0,9.7,B
2021-07-07T10:46:09,1500.0,9.6,S
2021-07-07T10:46:00,10000.0,9.6,S
2021-07-07T10:45:22,100.0,9.6,S
2021-07-07T10:45:03,200.0,9.6,S
2021-07-07T10:43:23,1000.0,9.7,B
2021-07-07T10:42:43,400.0,9.6,S
2021-07-07T10:41:50,100.0,9.7,B
2021-07-07T10:39:56,1000.0,9.7,B
2021-07-07T10:37:29,200.0,9.6,S
2021-07-07T10:37:11,1800.0,9.6,S
2021-07-07T10:37:10,100.0,9.6,S
2021-07-07T10:37:05,1000.0,9.6,S
2021-07-07T10:36:21,6500.0,9.6,S
2021-07-07T10:34:25,4000.0,9.6,S
2021-07-07T10:31:58,2500.0,9.6,S
2021-07-07T10:31:09,3000.0,9.6,S
2021-07-07T10:30:09,200.0,9.6,S
2021-07-07T10:29:16,100.0,9.7,B
2021-07-07T10:28:09,5400.0,9.6,B
2021-07-07T10:27:54,100.0,9.6,B
2021-07-07T10:27:53,100.0,9.6,B
2021-07-07T10:27:50,2100.0,9.6,B
2021-07-07T10:27:45,1000.0,9.6,B
2021-07-07T10:27:31,100.0,9.6,B
2021-07-07T10:27:24,300.0,9.6,B
2021-07-07T10:27:13,2000.0,9.6,B
2021-07-07T10:26:27,200.0,9.6,B
2021-07-07T10:26:06,100.0,9.6,B
2021-07-07T10:25:55,1000.0,9.6,B
2021-07-07T10:25:45,300.0,9.6,B
2021-07-07T10:25:24,100.0,9.6,B
2021-07-07T10:23:45,100.0,9.6,B
2021-07-07T10:23:39,5000.0,9.6,B
2021-07-07T10:23:21,1200.0,9.6,B
2021-07-07T10:23:19,100.0,9.6,B
2021-07-07T10:22:50,12000.0,9.6,S
2021-07-07T10:22:16,4000.0,9.6,S
2021-07-07T10:21:39,10000.0,9.6,S
2021-07-07T10:21:12,8500.0,9.6,S
2021-07-07T10:20:20,1000.0,9.6,S
2021-07-07T10:18:55,100.0,9.6,S
2021-07-07T10:18:48,400.0,9.6,S
2021-07-07T10:18:43,100.0,9.6,S
2021-07-07T10:18:31,3100.0,9.6,S
2021-07-07T10:18:12,3900.0,9.6,S
2021-07-07T10:17:00,1000.0,9.6,S
2021-07-07T10:16:27,9000.0,9.6,S
2021-07-07T10:15:54,1000.0,9.6,S
2021-07-07T10:15:46,1000.0,9.6,S
2021-07-07T10:15:45,5000.0,9.6,S
2021-07-07T10:15:41,1000.0,9.7,B
2021-07-07T10:15:28,1000.0,9.6,S
2021-07-07T10:15:25,10000.0,9.7,B
2021-07-07T10:15:20,1000.0,9.7,B
2021-07-07T10:14:30,100.0,9.7,B
2021-07-07T10:14:25,5000.0,9.7,B
2021-07-07T10:13:36,4000.0,9.6,S
2021-07-07T10:13:33,1000.0,9.6,S
2021-07-07T10:13:09,500.0,9.6,S
2021-07-07T10:13:08,4000.0,9.7,B
2021-07-07T10:10:17,100.0,9.6,S
2021-07-07T10:10:14,200.0,9.7,B
2021-07-07T10:09:21,500.0,9.6,S
2021-07-07T10:08:44,2800.0,9.6,S
2021-07-07T10:07:43,9700.0,9.7,S
2021-07-07T10:07:35,1900.0,9.7,S
2021-07-07T10:05:43,2000.0,9.7,B
2021-07-07T10:05:41,1000.0,9.7,B
2021-07-07T10:05:26,400.0,9.7,S
2021-07-07T10:05:14,400.0,9.7,B
2021-07-07T10:05:07,1000.0,9.7,B
2021-07-07T10:04:38,3000.0,9.7,B
2021-07-07T10:04:30,500.0,9.7,B
2021-07-07T10:03:40,500.0,9.7,B
2021-07-07T10:03:33,2000.0,9.7,B
2021-07-07T10:03:32,200.0,9.6,S
2021-07-07T10:03:29,400.0,9.7,B
2021-07-07T10:03:15,100.0,9.7,B
2021-07-07T10:03:11,6600.0,9.7,B
2021-07-07T10:03:06,1300.0,9.7,B
2021-07-07T10:03:03,500.0,9.6,S
2021-07-07T10:02:46,500.0,9.7,B
2021-07-07T10:02:33,1000.0,9.7,B
2021-07-07T10:02:30,3000.0,9.7,B
2021-07-07T10:02:26,3000.0,9.7,B
2021-07-07T10:01:55,3000.0,9.7,B
2021-07-07T10:01:34,300.0,9.7,B
2021-07-07T10:01:06,500.0,9.6,S
2021-07-07T10:00:51,100.0,9.7,B
2021-07-07T10:00:50,200.0,9.7,B
2021-07-07T10:00:50,7000.0,9.6,S
2021-07-07T10:00:37,3000.0,9.7,B
2021-07-07T10:00:27,200.0,9.7,B
2021-07-07T10:00:26,1000.0,9.7,B
2021-07-07T09:59:32,500.0,9.7,B
2021-07-07T09:59:28,100.0,9.7,B
2021-07-07T09:58:55,500.0,9.7,B
2021-07-07T09:58:28,500.0,9.7,B
2021-07-07T09:57:59,4800.0,9.6,S
2021-07-07T09:57:55,10000.0,9.6,S
2021-07-07T09:56:51,400.0,9.6,S
2021-07-07T09:56:48,100.0,9.7,B
2021-07-07T09:56:11,500.0,9.7,B
2021-07-07T09:55:20,100.0,9.7,B
2021-07-07T09:55:04,2000.0,9.7,B
2021-07-07T09:53:07,100.0,9.7,B
2021-07-07T09:51:28,2000.0,9.7,B
2021-07-07T09:50:10,10000.0,9.6,S
2021-07-07T09:50:00,100.0,9.6,S
2021-07-07T09:49:44,500.0,9.7,B
2021-07-07T09:49:42,100.0,9.6,S
2021-07-07T09:48:58,200.0,9.6,S
2021-07-07T09:48:48,100.0,9.7,B
2021-07-07T09:48:01,400.0,9.7,B
2021-07-07T09:45:57,100.0,9.7,B
2021-07-07T09:45:46,300.0,9.7,S
2021-07-07T09:44:57,2700.0,9.7,B
2021-07-07T09:44:20,5600.0,9.7,B
2021-07-07T09:44:13,1000.0,9.7,S
2021-07-07T09:44:02,2400.0,9.7,B
2021-07-07T09:44:01,2000.0,9.7,B
2021-07-07T09:43:56,500.0,9.7,B
2021-07-07T09:43:54,3000.0,9.7,B
2021-07-07T09:43:46,3000.0,9.7,B
2021-07-07T09:43:05,300.0,9.6,S
2021-07-07T09:42:42,100.0,9.7,B
2021-07-07T09:42:35,100.0,9.7,B
2021-07-07T09:42:28,1000.0,9.6,S
2021-07-07T09:41:42,1500.0,9.6,S
2021-07-07T09:40:53,2000.0,9.6,S
2021-07-07T09:40:10,5000.0,9.6,S
2021-07-07T09:39:32,100.0,9.7,B
2021-07-07T09:39:15,1300.0,9.7,S
2021-07-07T09:39:14,100.0,9.7,S
2021-07-07T09:37:27,18600.0,9.7,B
2021-07-07T09:36:56,1000.0,9.7,B
2021-07-07T09:36:30,2000.0,9.6,S
2021-07-07T09:36:17,100.0,9.7,B
2021-07-07T09:36:11,100.0,9.7,B
2021-07-07T09:35:42,100.0,9.7,B
2021-07-07T09:35:13,100.0,9.7,B
2021-07-07T09:34:57,1000.0,9.6,S
2021-07-07T09:34:56,500.0,9.6,S
2021-07-07T09:34:50,3300.0,9.6,B
2021-07-07T09:34:47,5000.0,9.6,B
2021-07-07T09:34:40,200.0,9.6,B
2021-07-07T09:34:37,300.0,9.6,B
2021-07-07T09:34:35,2100.0,9.6,B
2021-07-07T09:34:31,900.0,9.6,B
2021-07-07T09:34:29,1000.0,9.6,B
2021-07-07T09:34:18,1400.0,9.6,B
2021-07-07T09:34:11,1000.0,9.6,B
2021-07-07T09:33:20,500.0,9.5,S
2021-07-07T09:33:13,1000.0,9.5,S
2021-07-07T09:32:22,200.0,9.6,B
2021-07-07T09:32:19,10000.0,9.6,B
2021-07-07T09:32:18,100.0,9.5,S
2021-07-07T09:32:07,100.0,9.6,B
2021-07-07T09:32:03,800.0,9.5,S
2021-07-07T09:31:59,100.0,9.5,S
2021-07-07T09:31:51,100.0,9.6,B
2021-07-07T09:31:49,100.0,9.6,B
2021-07-07T09:31:44,100.0,9.5,S
2021-07-07T09:31:42,1000.0,9.6,B
2021-07-07T09:31:35,500.0,9.6,B
2021-07-07T09:31:33,200.0,9.6,B
2021-07-07T09:30:56,1000.0,9.6,B
2021-07-07T09:30:39,100.0,9.6,B
2021-07-07T09:30:25,3000.0,9.5,S
2021-07-07T09:30:13,5000.0,9.6,B
2021-07-07T09:29:38,4700.0,9.6,S
2021-07-07T09:29:13,20000.0,9.6,S
2021-07-07T09:29:08,200.0,9.7,B
2021-07-07T09:28:40,800.0,9.7,B
2021-07-07T09:28:39,5100.0,9.6,S
2021-07-07T09:28:37,1000.0,9.7,B
2021-07-07T09:28:35,2300.0,9.6,S
2021-07-07T09:28:20,900.0,9.6,S
2021-07-07T09:27:59,10000.0,9.6,S
2021-07-07T09:27:57,500.0,9.6,S
2021-07-07T09:27:56,3000.0,9.6,S
2021-07-07T09:27:36,4000.0,9.6,B
2021-07-07T09:27:30,3000.0,9.5,S
2021-07-07T09:26:58,9800.0,9.6,S
2021-07-07T09:26:50,5000.0,9.6,S
2021-07-07T09:26:49,300.0,9.6,S
2021-07-07T09:26:46,2600.0,9.6,S
2021-07-07T09:26:00,500.0,9.7,S
2021-07-07T09:25:59,1500.0,9.7,S
2021-07-07T09:25:53,2000.0,9.7,S
2021-07-07T09:25:25,4000.0,9.7,S
2021-07-07T09:25:15,5000.0,9.7,S
2021-07-07T09:25:07,200.0,9.7,S
2021-07-07T09:25:06,700.0,9.7,S
2021-07-07T09:24:23,3000.0,9.7,S
2021-07-07T09:24:02,6900.0,9.8,B
2021-07-07T09:24:00,200.0,9.7,S
2021-07-07T09:23:38,3600.0,9.8,S
2021-07-07T09:23:29,12000.0,9.8,S
2021-07-07T09:23:28,600.0,9.8,S
2021-07-07T09:23:18,10000.0,9.8,S
2021-07-07T09:23:18,1500.0,9.8,S
2021-07-07T09:23:17,200.0,9.8,S
2021-07-07T09:23:12,1000.0,9.8,S
2021-07-07T09:23:09,20000.0,9.8,S
2021-07-07T09:23:07,18000.0,9.8,S
2021-07-07T09:22:33,4000.0,9.8,S
2021-07-07T09:22:30,900.0,9.8,S
2021-07-07T09:22:27,1000.0,9.8,S
2021-07-07T09:22:20,2800.0,9.8,S
2021-07-07T09:21:54,1000.0,9.8,S
2021-07-07T09:21:33,2400.0,9.8,S
2021-07-07T09:21:26,1400.0,9.8,S
2021-07-07T09:20:58,100.0,9.8,S
2021-07-07T09:20:40,2500.0,9.8,B
2021-07-07T09:20:38,1000.0,9.8,B
2021-07-07T09:20:13,4500.0,9.8,B
2021-07-07T09:19:59,2000.0,9.8,B
2021-07-07T09:19:48,100.0,9.8,B
2021-07-07T09:19:35,4100.0,9.7,S
2021-07-07T09:19:32,100.0,9.8,B
2021-07-07T09:19:16,3000.0,9.8,B
2021-07-07T09:19:15,1000.0,9.8,B
2021-07-07T09:18:58,11800.0,9.8,B
2021-07-07T09:18:57,1000.0,9.8,B
2021-07-07T09:18:55,200.0,9.8,B
2021-07-07T09:18:17,100.0,9.8,B
2021-07-07T09:18:15,200.0,9.8,B
2021-07-07T09:18:13,109200.0,9.8,B
2021-07-07T09:17:32,4000.0,9.8,B
2021-07-07T09:17:26,1000.0,9.8,B
2021-07-07T09:17:25,100.0,9.8,B
2021-07-07T09:17:22,300.0,9.7,S
2021-07-07T09:17:18,2000.0,9.8,B
2021-07-07T09:17:16,1000.0,9.8,B
2021-07-07T09:17:14,200.0,9.8,B
2021-07-07T09:16:43,500.0,9.8,B
2021-07-07T09:16:30,1500.0,9.8,B
2021-07-07T09:16:22,100.0,9.8,B
2021-07-07T09:16:05,300.0,9.8,B
2021-07-07T09:15:20,100.0,9.8,B
2021-07-07T09:15:13,100.0,9.8,B
2021-07-07T09:15:10,5000.0,9.8,B
2021-07-07T09:15:00,8000.0,9.8,S
2021-07-07T09:14:48,500.0,9.8,S
2021-07-07T09:14:47,100.0,9.9,B
2021-07-07T09:14:45,1000.0,9.8,S
2021-07-07T09:14:25,8000.0,9.8,S
2021-07-07T09:14:23,200.0,9.9,B
2021-07-07T09:14:18,100.0,9.9,B
2021-07-07T09:14:06,100.0,9.9,B
2021-07-07T09:13:53,10000.0,9.8,S
2021-07-07T09:13:53,200.0,9.9,B
2021-07-07T09:13:37,100.0,9.9,B
2021-07-07T09:13:04,5300.0,9.9,B
2021-07-07T09:12:48,300.0,10.0,B
2021-07-07T09:12:29,100.0,10.0,B
2021-07-07T09:12:14,200.0,10.0,B
2021-07-07T09:11:47,500.0,9.9,B
2021-07-07T09:11:41,100.0,9.9,B
2021-07-07T09:11:22,1000.0,9.9,B
2021-07-07T09:10:58,1000.0,9.9,B
2021-07-07T09:10:55,2000.0,9.9,B
2021-07-07T09:10:47,200.0,9.9,B
2021-07-07T09:10:40,100.0,9.9,B
2021-07-07T09:10:13,2000.0,9.9,B
2021-07-07T09:10:11,4000.0,9.8,S
2021-07-07T09:09:49,1000.0,9.8,S
2021-07-07T09:07:43,200.0,9.8,S
2021-07-07T09:07:16,200.0,9.8,S
2021-07-07T09:06:41,2000.0,9.8,S
2021-07-07T09:06:24,1000.0,9.8,S
2021-07-07T09:05:17,2000.0,9.8,S
2021-07-07T09:05:00,300.0,9.8,S
2021-07-07T09:04:47,3000.0,9.8,S
2021-07-07T09:04:40,100.0,9.9,B
2021-07-07T09:04:20,1000.0,9.8,S
2021-07-07T09:03:44,1400.0,9.8,S
2021-07-07T09:03:40,200.0,9.8,B
2021-07-07T09:03:37,100.0,9.8,B
2021-07-07T09:03:24,5000.0,9.8,B
2021-07-07T09:03:08,100.0,9.8,B
2021-07-07T09:02:16,300.0,9.8,B
2021-07-07T09:02:03,600.0,9.8,B
2021-07-07T09:01:55,5000.0,9.8,B
2021-07-07T09:01:51,1000.0,9.8,B
2021-07-07T09:01:37,100.0,9.8,B
2021-07-07T09:00:56,6200.0,9.8,S
2021-07-07T09:00:30,3000.0,9.8,S
2021-07-07T09:00:20,2700.0,9.8,S
2021-07-07T09:00:10,500.0,10.0,S
2021-07-07T09:00:08,4100.0,9.8,S
2021-07-07T09:00:05,400.0,9.8,S
2021-07-07T09:00:05,300.0,9.8,B
