tradingTime,volume,price,side
2021-07-07T14:50:51,300.0,39.7,S
2021-07-07T14:49:16,1000.0,39.7,S
2021-07-07T14:46:51,900.0,39.7,S
2021-07-07T14:46:01,2000.0,39.7,S
2021-07-07T14:43:41,100.0,39.7,S
2021-07-07T14:40:51,300.0,39.7,S
2021-07-07T14:40:06,4200.0,39.8,B
2021-07-07T14:39:51,500.0,39.8,B
2021-07-07T14:38:51,1300.0,39.7,S
2021-07-07T14:38:21,1000.0,39.7,S
2021-07-07T14:38:06,1000.0,39.7,S
2021-07-07T14:36:16,100.0,39.7,B
2021-07-07T14:36:00,900.0,39.7,S
2021-07-07T14:35:11,100.0,39.7,S
2021-07-07T14:35:01,7000.0,39.7,B
2021-07-07T14:32:51,1100.0,39.6,S
2021-07-07T14:32:36,1000.0,39.6,S
2021-07-07T14:32:11,1500.0,39.6,S
2021-07-07T14:31:26,1000.0,39.7,B
2021-07-07T14:31:01,1000.0,39.7,B
2021-07-07T14:30:51,1300.0,39.6,S
2021-07-07T14:30:51,200.0,39.6,S
2021-07-07T14:30:36,300.0,39.6,S
2021-07-07T14:30:06,1000.0,39.6,S
2021-07-07T14:29:47,2000.0,39.6,S
2021-07-07T14:29:41,1000.0,39.6,S
2021-07-07T14:29:34,1000.0,39.6,S
2021-07-07T14:28:55,200.0,39.7,S
2021-07-07T14:28:54,1000.0,39.7,S
2021-07-07T14:28:18,1000.0,39.7,S
2021-07-07T14:28:01,6000.0,39.7,S
2021-07-07T14:27:19,100.0,39.7,S
2021-07-07T14:26:56,200.0,39.7,S
2021-07-07T14:24:54,1200.0,39.7,S
2021-07-07T14:24:37,200.0,39.7,S
2021-07-07T14:23:36,2000.0,39.7,S
2021-07-07T14:22:55,1700.0,39.7,S
2021-07-07T14:22:34,2500.0,39.7,S
2021-07-07T14:21:44,700.0,39.7,S
2021-07-07T14:21:32,3700.0,39.7,S
2021-07-07T14:19:44,200.0,39.7,S
2021-07-07T14:16:53,200.0,39.7,S
2021-07-07T14:16:08,9000.0,39.8,B
2021-07-07T14:15:41,300.0,39.8,B
2021-07-07T14:14:54,100.0,39.7,S
2021-07-07T14:14:40,1500.0,39.7,S
2021-07-07T14:08:21,500.0,39.8,B
2021-07-07T14:06:54,600.0,39.7,S
2021-07-07T14:06:25,400.0,39.8,S
2021-07-07T14:04:59,2000.0,39.8,S
2021-07-07T14:04:13,100.0,39.8,S
2021-07-07T14:00:54,400.0,39.8,S
2021-07-07T13:59:39,3400.0,39.9,S
2021-07-07T13:56:54,200.0,39.9,S
2021-07-07T13:56:50,1000.0,39.9,S
2021-07-07T13:55:30,500.0,39.8,S
2021-07-07T13:54:56,1000.0,39.8,S
2021-07-07T13:54:12,700.0,39.8,S
2021-07-07T13:50:54,400.0,39.7,S
2021-07-07T13:50:00,400.0,39.8,S
2021-07-07T13:49:27,200.0,39.8,S
2021-07-07T13:49:04,500.0,39.8,S
2021-07-07T13:45:27,1000.0,39.8,B
2021-07-07T13:45:10,1700.0,39.8,B
2021-07-07T13:44:57,800.0,39.8,B
2021-07-07T13:43:50,10000.0,39.8,B
2021-07-07T13:41:30,100.0,39.8,B
2021-07-07T13:40:54,200.0,39.7,S
2021-07-07T13:39:49,1000.0,39.7,S
2021-07-07T13:38:54,1000.0,39.7,S
2021-07-07T13:38:27,400.0,39.8,B
2021-07-07T13:37:33,1000.0,39.7,S
2021-07-07T13:34:53,2100.0,39.7,S
2021-07-07T13:34:02,3600.0,39.7,S
2021-07-07T13:33:43,2000.0,39.7,S
2021-07-07T13:30:53,600.0,39.7,S
2021-07-07T13:30:03,11000.0,39.7,S
2021-07-07T13:29:36,1000.0,39.7,S
2021-07-07T13:28:53,200.0,39.7,S
2021-07-07T13:28:49,2900.0,39.8,B
2021-07-07T13:26:53,1100.0,39.8,S
2021-07-07T13:26:24,1000.0,39.8,S
2021-07-07T13:25:00,300.0,39.9,S
2021-07-07T13:22:12,100.0,39.9,S
2021-07-07T13:20:53,400.0,39.8,S
2021-07-07T13:19:19,100.0,39.8,S
2021-07-07T13:19:00,6000.0,39.8,S
2021-07-07T13:16:22,200.0,39.8,S
2021-07-07T13:14:53,300.0,39.8,S
2021-07-07T13:14:50,1000.0,40.0,B
2021-07-07T13:14:00,1000.0,39.8,S
2021-07-07T13:08:54,100.0,39.8,S
2021-07-07T13:06:57,2000.0,39.8,S
2021-07-07T13:04:53,600.0,39.8,S
2021-07-07T13:04:25,700.0,39.8,S
2021-07-07T13:00:53,100.0,39.8,S
2021-07-07T11:29:46,1000.0,39.8,S
2021-07-07T11:28:26,1000.0,39.8,S
2021-07-07T11:23:19,100.0,39.8,S
2021-07-07T11:22:50,400.0,39.8,S
2021-07-07T11:21:56,100.0,39.8,S
2021-07-07T11:19:19,600.0,39.8,S
2021-07-07T11:18:03,1000.0,39.8,S
2021-07-07T11:17:19,200.0,39.8,S
2021-07-07T11:17:16,3300.0,39.9,S
2021-07-07T11:13:19,700.0,39.9,S
2021-07-07T11:12:30,1000.0,39.9,S
2021-07-07T11:09:19,900.0,39.8,S
2021-07-07T11:08:46,3500.0,39.9,B
2021-07-07T11:08:34,500.0,39.9,B
2021-07-07T11:03:19,700.0,39.8,S
2021-07-07T11:03:06,2000.0,39.8,S
2021-07-07T11:02:50,3000.0,39.8,S
2021-07-07T10:59:19,300.0,39.8,S
2021-07-07T10:57:49,4000.0,39.8,S
2021-07-07T10:55:19,300.0,39.8,S
2021-07-07T10:54:39,2000.0,39.8,S
2021-07-07T10:49:18,700.0,39.8,S
2021-07-07T10:48:20,1500.0,39.8,S
2021-07-07T10:45:36,200.0,39.8,S
2021-07-07T10:45:16,4400.0,39.8,S
2021-07-07T10:44:40,700.0,39.8,S
2021-07-07T10:44:26,800.0,39.8,S
2021-07-07T10:43:21,2000.0,39.8,S
2021-07-07T10:26:32,100.0,40.5,B
2021-07-07T10:24:28,40000.0,40.5,B
2021-07-07T10:18:31,40000.0,40.5,B
2021-07-07T10:17:45,1000.0,40.3,S
2021-07-07T10:17:33,49000.0,40.3,B
2021-07-07T10:08:43,40000.0,40.2,B
2021-07-07T10:05:48,20000.0,40.1,B
2021-07-07T10:00:52,4900.0,39.7,B
2021-07-07T09:59:43,1000.0,39.7,B
2021-07-07T09:57:18,100.0,39.6,S
2021-07-07T09:55:33,3000.0,39.6,S
2021-07-07T09:55:18,100.0,39.6,S
2021-07-07T09:53:37,500.0,39.6,S
2021-07-07T09:50:36,500.0,39.7,B
2021-07-07T09:49:59,300.0,39.7,B
2021-07-07T09:49:55,500.0,39.7,B
2021-07-07T09:49:18,100.0,39.7,S
2021-07-07T09:49:00,400.0,39.7,B
2021-07-07T09:47:38,100.0,39.7,B
2021-07-07T09:47:17,300.0,39.7,S
2021-07-07T09:47:05,300.0,39.7,S
2021-07-07T09:45:26,5000.0,39.7,S
2021-07-07T09:45:18,200.0,39.7,S
2021-07-07T09:44:48,100.0,39.7,S
2021-07-07T09:44:15,2500.0,39.7,S
2021-07-07T09:43:35,500.0,39.7,S
2021-07-07T09:43:17,2700.0,39.7,S
2021-07-07T09:43:06,300.0,39.8,S
2021-07-07T09:42:38,1000.0,39.8,S
2021-07-07T09:42:10,200.0,39.8,S
2021-07-07T09:39:27,12500.0,39.8,S
2021-07-07T09:39:18,3000.0,39.8,B
2021-07-07T09:35:17,500.0,39.7,S
2021-07-07T09:35:11,1200.0,39.7,S
2021-07-07T09:34:24,300.0,39.7,S
2021-07-07T09:34:01,2000.0,39.7,S
2021-07-07T09:33:17,2500.0,39.7,S
2021-07-07T09:33:09,100.0,39.7,S
2021-07-07T09:32:45,1000.0,39.8,B
2021-07-07T09:31:45,300.0,39.7,S
2021-07-07T09:31:18,400.0,39.7,S
2021-07-07T09:30:51,1000.0,39.7,S
2021-07-07T09:30:29,400.0,39.7,S
2021-07-07T09:30:04,100.0,39.8,B
2021-07-07T09:29:17,10000.0,39.7,S
2021-07-07T09:28:56,1300.0,39.8,B
2021-07-07T09:28:53,2000.0,39.7,S
2021-07-07T09:28:37,1000.0,39.7,S
2021-07-07T09:28:03,100.0,39.7,S
2021-07-07T09:27:08,1200.0,39.8,S
2021-07-07T09:26:41,1800.0,39.8,B
2021-07-07T09:25:35,1000.0,39.7,S
2021-07-07T09:25:07,3700.0,39.7,S
2021-07-07T09:24:48,1300.0,39.7,S
2021-07-07T09:24:37,200.0,39.8,B
2021-07-07T09:24:28,200.0,39.7,S
2021-07-07T09:23:15,100.0,39.8,S
2021-07-07T09:21:46,200.0,39.8,B
2021-07-07T09:21:37,200.0,39.8,B
2021-07-07T09:21:21,100.0,39.8,B
2021-07-07T09:20:46,19500.0,39.8,S
2021-07-07T09:20:27,500.0,39.8,S
2021-07-07T09:18:45,18300.0,40.0,B
2021-07-07T09:16:23,100.0,39.5,S
2021-07-07T09:15:13,600.0,39.4,S
2021-07-07T09:14:11,400.0,39.4,B
2021-07-07T09:14:00,200.0,39.4,B
2021-07-07T09:14:00,2400.0,39.4,S
2021-07-07T09:13:35,5000.0,39.4,S
2021-07-07T09:13:04,300.0,39.5,S
2021-07-07T09:12:59,3000.0,39.5,S
2021-07-07T09:12:54,400.0,39.6,S
2021-07-07T09:12:51,400.0,39.6,S
2021-07-07T09:12:22,800.0,39.5,S
2021-07-07T09:09:43,400.0,39.5,S
2021-07-07T09:09:28,1100.0,39.5,S
