tradingTime,volume,price,side
2021-06-29T10:20:12,2000.0,54.3,S
2021-06-29T10:20:10,2500.0,54.3,S
2021-06-29T10:20:04,6000.0,54.3,S
2021-06-29T10:19:49,2000.0,54.3,S
2021-06-29T10:19:40,600.0,54.4,B
2021-06-29T10:19:29,200.0,54.3,S
2021-06-29T10:19:19,2000.0,54.4,B
2021-06-29T10:19:18,1500.0,54.3,S
2021-06-29T10:19:14,1500.0,54.3,S
2021-06-29T10:19:13,900.0,54.3,S
2021-06-29T10:19:13,400.0,54.3,S
2021-06-29T10:19:13,100.0,54.3,S
2021-06-29T10:19:13,4600.0,54.3,S
2021-06-29T10:19:06,100.0,54.3,S
2021-06-29T10:19:04,200.0,54.4,B
2021-06-29T10:18:59,500.0,54.3,S
2021-06-29T10:18:59,300.0,54.3,S
2021-06-29T10:18:54,300.0,54.3,S
2021-06-29T10:18:48,600.0,54.3,S
2021-06-29T10:18:48,200.0,54.4,B
2021-06-29T10:18:47,100.0,54.3,S
2021-06-29T10:18:45,100.0,54.3,S
2021-06-29T10:18:41,2000.0,54.3,S
2021-06-29T10:18:38,100.0,54.4,B
2021-06-29T10:18:36,1500.0,54.3,S
2021-06-29T10:18:36,500.0,54.3,S
2021-06-29T10:18:26,1000.0,54.3,S
2021-06-29T10:18:26,300.0,54.3,S
2021-06-29T10:18:17,1600.0,54.3,S
2021-06-29T10:18:17,600.0,54.3,S
2021-06-29T10:18:16,7800.0,54.3,S
2021-06-29T10:18:07,500.0,54.4,B
2021-06-29T10:18:06,400.0,54.4,B
2021-06-29T10:18:06,100.0,54.4,B
2021-06-29T10:18:03,400.0,54.3,S
2021-06-29T10:18:03,100.0,54.3,S
2021-06-29T10:18:03,100.0,54.3,S
2021-06-29T10:17:56,4900.0,54.3,S
2021-06-29T10:17:56,900.0,54.3,S
2021-06-29T10:17:56,6200.0,54.3,S
2021-06-29T10:17:53,1400.0,54.3,S
2021-06-29T10:17:48,100.0,54.4,B
2021-06-29T10:17:44,200.0,54.3,S
2021-06-29T10:17:40,1000.0,54.3,S
2021-06-29T10:17:36,100.0,54.3,S
2021-06-29T10:17:36,2500.0,54.3,S
2021-06-29T10:17:34,2000.0,54.3,S
2021-06-29T10:17:32,1500.0,54.3,S
2021-06-29T10:17:32,100.0,54.3,S
2021-06-29T10:17:27,4400.0,54.3,S
2021-06-29T10:17:27,100.0,54.3,S
2021-06-29T10:17:24,5500.0,54.3,S
2021-06-29T10:17:24,3300.0,54.3,S
2021-06-29T10:17:20,1800.0,54.3,S
2021-06-29T10:17:10,200.0,54.3,S
2021-06-29T10:17:00,3300.0,54.3,S
2021-06-29T10:17:00,200.0,54.3,S
2021-06-29T10:16:58,400.0,54.4,B
2021-06-29T10:16:50,100.0,54.4,B
2021-06-29T10:16:43,300.0,54.3,S
2021-06-29T10:16:38,400.0,54.3,S
2021-06-29T10:16:36,10000.0,54.4,B
2021-06-29T10:16:34,1100.0,54.3,S
2021-06-29T10:16:31,200.0,54.3,S
2021-06-29T10:16:29,1000.0,54.3,S
2021-06-29T10:16:26,2600.0,54.3,S
2021-06-29T10:16:17,1500.0,54.3,S
2021-06-29T10:16:00,500.0,54.3,S
2021-06-29T10:16:00,10000.0,54.4,B
2021-06-29T10:16:00,4300.0,54.3,S
2021-06-29T10:16:00,500.0,54.3,S
2021-06-29T10:16:00,2200.0,54.3,S
2021-06-29T10:15:59,100.0,54.4,B
2021-06-29T10:15:49,500.0,54.3,S
2021-06-29T10:15:44,200.0,54.3,S
2021-06-29T10:15:39,2000.0,54.3,S
2021-06-29T10:15:27,100.0,54.4,B
2021-06-29T10:15:22,1000.0,54.3,S
2021-06-29T10:15:19,200.0,54.3,S
2021-06-29T10:15:19,2000.0,54.3,S
2021-06-29T10:15:18,2000.0,54.3,S
2021-06-29T10:15:12,10100.0,54.3,S
2021-06-29T10:15:09,1500.0,54.3,S
2021-06-29T10:15:00,200.0,54.3,S
2021-06-29T10:14:55,2000.0,54.3,S
2021-06-29T10:14:53,300.0,54.3,S
2021-06-29T10:14:49,100.0,54.3,S
2021-06-29T10:14:44,1700.0,54.3,S
2021-06-29T10:14:44,2000.0,54.3,S
2021-06-29T10:14:44,1600.0,54.3,S
2021-06-29T10:14:44,100.0,54.3,S
2021-06-29T10:14:43,1000.0,54.3,S
2021-06-29T10:14:43,1000.0,54.3,S
2021-06-29T10:14:43,2800.0,54.3,S
2021-06-29T10:14:39,400.0,54.3,S
2021-06-29T10:14:39,200.0,54.3,S
2021-06-29T10:14:39,2900.0,54.3,S
2021-06-29T10:14:39,1300.0,54.3,S
2021-06-29T10:14:39,400.0,54.4,B
2021-06-29T10:14:30,700.0,54.3,S
2021-06-29T10:14:30,100.0,54.3,S
2021-06-29T10:14:30,1000.0,54.3,S
2021-06-29T10:14:30,1000.0,54.3,S
2021-06-29T10:14:30,1200.0,54.3,S
2021-06-29T10:14:26,5000.0,54.3,S
2021-06-29T10:14:19,2000.0,54.3,S
2021-06-29T10:14:16,1300.0,54.4,B
2021-06-29T10:14:10,100.0,54.3,S
2021-06-29T10:14:10,1000.0,54.4,B
2021-06-29T10:14:09,1000.0,54.4,B
2021-06-29T10:14:09,100.0,54.3,S
2021-06-29T10:14:08,1000.0,54.3,S
2021-06-29T10:14:04,3000.0,54.3,S
2021-06-29T10:13:48,100.0,54.3,S
2021-06-29T10:13:47,1200.0,54.4,B
2021-06-29T10:13:47,300.0,54.3,S
2021-06-29T10:13:44,100.0,54.3,S
2021-06-29T10:13:35,1400.0,54.4,B
2021-06-29T10:13:35,500.0,54.4,B
2021-06-29T10:13:35,4000.0,54.3,S
2021-06-29T10:13:34,400.0,54.3,S
2021-06-29T10:13:31,3000.0,54.3,S
2021-06-29T10:13:25,10000.0,54.3,S
2021-06-29T10:13:19,10000.0,54.3,S
2021-06-29T10:13:19,3600.0,54.4,B
2021-06-29T10:13:19,800.0,54.4,B
2021-06-29T10:13:19,5600.0,54.4,B
2021-06-29T10:13:15,200.0,54.3,S
2021-06-29T10:13:08,100.0,54.4,B
2021-06-29T10:12:59,500.0,54.4,B
2021-06-29T10:12:47,100.0,54.4,B
2021-06-29T10:12:45,1900.0,54.3,S
2021-06-29T10:12:45,700.0,54.3,S
2021-06-29T10:12:42,1300.0,54.3,S
2021-06-29T10:12:42,8700.0,54.3,S
2021-06-29T10:12:39,100.0,54.4,B
2021-06-29T10:12:36,2000.0,54.4,B
2021-06-29T10:12:36,100.0,54.4,B
2021-06-29T10:12:28,300.0,54.4,B
2021-06-29T10:12:28,200.0,54.4,B
2021-06-29T10:12:27,100.0,54.4,B
2021-06-29T10:12:14,200.0,54.3,S
2021-06-29T10:12:10,200.0,54.3,S
2021-06-29T10:12:08,100.0,54.4,B
2021-06-29T10:12:05,1000.0,54.3,S
2021-06-29T10:11:52,500.0,54.3,S
2021-06-29T10:11:50,1000.0,54.4,B
2021-06-29T10:11:50,200.0,54.3,S
2021-06-29T10:11:47,300.0,54.3,S
2021-06-29T10:11:40,100.0,54.4,B
2021-06-29T10:11:38,5000.0,54.3,S
2021-06-29T10:11:36,100.0,54.3,S
2021-06-29T10:11:35,200.0,54.4,B
2021-06-29T10:11:30,100.0,54.3,S
2021-06-29T10:11:30,100.0,54.3,S
2021-06-29T10:11:29,500.0,54.3,S
2021-06-29T10:11:29,200.0,54.4,B
2021-06-29T10:11:28,700.0,54.3,S
2021-06-29T10:11:26,3000.0,54.3,S
2021-06-29T10:11:23,400.0,54.4,B
2021-06-29T10:11:08,200.0,54.3,S
2021-06-29T10:11:03,400.0,54.4,B
2021-06-29T10:10:38,900.0,54.3,S
2021-06-29T10:10:34,500.0,54.3,B
2021-06-29T10:10:30,1000.0,54.3,B
2021-06-29T10:10:30,1100.0,54.3,B
2021-06-29T10:10:27,4400.0,54.3,B
2021-06-29T10:10:27,600.0,54.3,B
2021-06-29T10:10:27,300.0,54.3,B
2021-06-29T10:10:27,5100.0,54.3,B
2021-06-29T10:10:27,3600.0,54.3,B
2021-06-29T10:10:27,200.0,54.3,B
2021-06-29T10:10:24,1000.0,54.2,S
2021-06-29T10:10:23,1000.0,54.3,B
2021-06-29T10:10:23,200.0,54.2,S
2021-06-29T10:10:22,500.0,54.3,B
2021-06-29T10:10:21,3400.0,54.3,B
2021-06-29T10:10:20,3000.0,54.3,B
2021-06-29T10:10:20,2800.0,54.3,B
2021-06-29T10:10:20,2500.0,54.3,B
2021-06-29T10:10:20,3600.0,54.3,B
2021-06-29T10:10:20,14700.0,54.3,B
2021-06-29T10:10:19,1000.0,54.3,B
2021-06-29T10:10:19,300.0,54.3,B
2021-06-29T10:10:18,5800.0,54.3,B
2021-06-29T10:10:18,1200.0,54.3,B
2021-06-29T10:10:18,5100.0,54.3,B
2021-06-29T10:10:14,100.0,54.3,B
2021-06-29T10:10:13,300.0,54.3,B
2021-06-29T10:10:09,5000.0,54.3,B
2021-06-29T10:10:08,2000.0,54.3,B
2021-06-29T10:10:06,4500.0,54.3,B
2021-06-29T10:10:06,2500.0,54.3,B
2021-06-29T10:10:06,2000.0,54.3,B
2021-06-29T10:10:06,5800.0,54.3,B
2021-06-29T10:10:06,35200.0,54.3,B
2021-06-29T10:10:06,3500.0,54.3,B
2021-06-29T10:10:01,7000.0,54.3,B
2021-06-29T10:10:01,200.0,54.3,B
2021-06-29T10:10:00,200.0,54.3,B
2021-06-29T10:09:59,5000.0,54.3,B
2021-06-29T10:09:59,2700.0,54.3,B
2021-06-29T10:09:59,200.0,54.3,B
2021-06-29T10:09:59,10000.0,54.3,B
2021-06-29T10:09:50,300.0,54.3,B
2021-06-29T10:09:50,9100.0,54.3,B
2021-06-29T10:09:48,3400.0,54.3,B
2021-06-29T10:09:45,1000.0,54.3,B
2021-06-29T10:09:43,400.0,54.3,B
2021-06-29T10:09:43,700.0,54.3,B
2021-06-29T10:09:38,15000.0,54.3,B
2021-06-29T10:09:36,1000.0,54.3,B
2021-06-29T10:09:30,5000.0,54.3,B
2021-06-29T10:09:30,2100.0,54.3,B
2021-06-29T10:09:29,8000.0,54.3,B
2021-06-29T10:09:27,10000.0,54.3,B
2021-06-29T10:09:13,400.0,54.2,S
2021-06-29T10:09:12,100.0,54.2,S
2021-06-29T10:09:10,10000.0,54.2,S
2021-06-29T10:09:09,2700.0,54.3,B
2021-06-29T10:09:07,1000.0,54.2,S
2021-06-29T10:09:05,3000.0,54.3,B
2021-06-29T10:09:01,2000.0,54.3,B
2021-06-29T10:09:01,1000.0,54.3,B
2021-06-29T10:08:59,800.0,54.3,B
2021-06-29T10:08:59,4500.0,54.3,B
2021-06-29T10:08:59,4400.0,54.2,S
2021-06-29T10:08:59,500.0,54.3,B
2021-06-29T10:08:57,500.0,54.2,S
2021-06-29T10:08:53,200.0,54.3,B
2021-06-29T10:08:52,6000.0,54.2,S
2021-06-29T10:08:43,1500.0,54.2,S
2021-06-29T10:08:43,15000.0,54.3,B
2021-06-29T10:08:43,500.0,54.2,S
2021-06-29T10:08:40,1000.0,54.3,B
2021-06-29T10:08:40,2000.0,54.2,S
2021-06-29T10:08:38,600.0,54.3,B
2021-06-29T10:08:37,500.0,54.2,S
2021-06-29T10:08:37,500.0,54.3,B
2021-06-29T10:08:33,1500.0,54.3,B
2021-06-29T10:08:29,1800.0,54.3,B
2021-06-29T10:08:20,9000.0,54.3,B
2021-06-29T10:08:13,1000.0,54.2,S
2021-06-29T10:08:09,1000.0,54.3,B
2021-06-29T10:08:04,200.0,54.2,S
2021-06-29T10:07:59,12000.0,54.2,S
2021-06-29T10:07:59,1000.0,54.2,S
2021-06-29T10:07:58,13200.0,54.3,B
2021-06-29T10:07:58,1500.0,54.2,S
2021-06-29T10:07:51,4100.0,54.3,B
2021-06-29T10:07:51,5200.0,54.3,B
2021-06-29T10:07:51,700.0,54.3,B
2021-06-29T10:07:49,9500.0,54.3,B
2021-06-29T10:07:49,36000.0,54.3,B
2021-06-29T10:07:49,4500.0,54.3,B
2021-06-29T10:07:46,6000.0,54.2,S
2021-06-29T10:07:46,100.0,54.2,S
2021-06-29T10:07:44,600.0,54.2,S
2021-06-29T10:07:43,2000.0,54.2,S
2021-06-29T10:07:38,3000.0,54.2,S
2021-06-29T10:07:28,400.0,54.3,B
2021-06-29T10:07:23,10000.0,54.2,S
2021-06-29T10:07:23,1000.0,54.2,S
2021-06-29T10:07:23,2600.0,54.2,S
2021-06-29T10:07:23,800.0,54.2,S
2021-06-29T10:07:23,5600.0,54.2,S
2021-06-29T10:07:20,200.0,54.2,S
2021-06-29T10:07:20,1700.0,54.2,S
2021-06-29T10:07:20,400.0,54.2,S
2021-06-29T10:07:20,100.0,54.2,S
2021-06-29T10:07:19,1000.0,54.2,S
2021-06-29T10:07:19,100.0,54.2,S
2021-06-29T10:07:19,1700.0,54.2,S
2021-06-29T10:07:02,1000.0,54.2,S
2021-06-29T10:07:01,100.0,54.2,S
2021-06-29T10:07:00,500.0,54.2,S
2021-06-29T10:06:57,1000.0,54.2,S
2021-06-29T10:06:56,6000.0,54.2,S
2021-06-29T10:06:54,1000.0,54.2,S
2021-06-29T10:06:54,800.0,54.2,S
2021-06-29T10:06:39,200.0,54.2,S
2021-06-29T10:06:38,100.0,54.2,S
2021-06-29T10:06:38,1800.0,54.3,B
2021-06-29T10:06:35,1400.0,54.2,S
2021-06-29T10:06:35,8600.0,54.2,S
2021-06-29T10:06:27,500.0,54.2,S
2021-06-29T10:06:13,100.0,54.3,B
2021-06-29T10:06:09,1000.0,54.3,B
2021-06-29T10:06:09,300.0,54.3,B
2021-06-29T10:06:00,200.0,54.3,B
2021-06-29T10:05:53,500.0,54.3,B
2021-06-29T10:05:53,100.0,54.3,B
2021-06-29T10:05:48,600.0,54.3,B
2021-06-29T10:05:27,2600.0,54.3,B
2021-06-29T10:05:23,1000.0,54.3,B
2021-06-29T10:05:20,100.0,54.3,B
2021-06-29T10:05:20,200.0,54.2,S
2021-06-29T10:05:00,1000.0,54.3,B
2021-06-29T10:04:54,200.0,54.3,B
2021-06-29T10:04:47,400.0,54.2,S
2021-06-29T10:04:45,700.0,54.3,B
2021-06-29T10:04:45,8800.0,54.3,B
2021-06-29T10:04:45,600.0,54.3,B
2021-06-29T10:04:45,19900.0,54.3,B
2021-06-29T10:04:40,500.0,54.3,B
2021-06-29T10:04:40,300.0,54.3,B
2021-06-29T10:04:37,2000.0,54.3,B
2021-06-29T10:04:15,600.0,54.3,B
2021-06-29T10:04:15,900.0,54.3,B
2021-06-29T10:04:13,100.0,54.3,B
2021-06-29T10:04:04,1000.0,54.3,B
2021-06-29T10:04:03,100.0,54.2,S
2021-06-29T10:03:51,300.0,54.3,B
2021-06-29T10:03:48,400.0,54.3,B
2021-06-29T10:03:45,1500.0,54.3,B
2021-06-29T10:03:44,400.0,54.2,S
2021-06-29T10:03:40,500.0,54.3,B
2021-06-29T10:03:38,2000.0,54.3,B
2021-06-29T10:03:38,1000.0,54.2,S
2021-06-29T10:03:35,500.0,54.2,S
2021-06-29T10:03:34,100.0,54.3,B
2021-06-29T10:03:28,100.0,54.3,B
2021-06-29T10:03:28,400.0,54.2,S
2021-06-29T10:03:19,400.0,54.2,S
2021-06-29T10:03:18,3000.0,54.3,B
2021-06-29T10:03:10,400.0,54.2,S
2021-06-29T10:03:10,400.0,54.3,B
2021-06-29T10:03:03,2000.0,54.3,B
2021-06-29T10:03:03,400.0,54.3,B
2021-06-29T10:03:03,500.0,54.2,S
2021-06-29T10:02:50,500.0,54.3,B
2021-06-29T10:02:48,500.0,54.2,S
2021-06-29T10:02:43,5800.0,54.2,S
2021-06-29T10:02:39,200.0,54.3,B
2021-06-29T10:02:39,1200.0,54.3,B
2021-06-29T10:02:38,500.0,54.3,B
2021-06-29T10:02:35,500.0,54.2,S
2021-06-29T10:02:24,200.0,54.3,B
2021-06-29T10:02:19,1000.0,54.3,B
2021-06-29T10:02:12,19000.0,54.2,S
2021-06-29T10:02:09,100.0,54.3,B
2021-06-29T10:02:09,700.0,54.3,B
2021-06-29T10:02:08,100.0,54.3,B
2021-06-29T10:02:04,1000.0,54.3,B
2021-06-29T10:02:04,100.0,54.2,S
2021-06-29T10:01:55,100.0,54.2,S
2021-06-29T10:01:55,1900.0,54.2,S
2021-06-29T10:01:54,100.0,54.2,S
2021-06-29T10:01:53,10100.0,54.3,B
2021-06-29T10:01:49,200.0,54.3,B
2021-06-29T10:01:45,6000.0,54.3,B
2021-06-29T10:01:44,100.0,54.3,B
2021-06-29T10:01:43,12100.0,54.3,B
2021-06-29T10:01:42,7900.0,54.3,B
2021-06-29T10:01:42,100.0,54.3,B
2021-06-29T10:01:36,100.0,54.3,B
2021-06-29T10:01:30,500.0,54.3,B
2021-06-29T10:01:27,1000.0,54.3,B
2021-06-29T10:01:27,300.0,54.3,B
2021-06-29T10:01:26,500.0,54.3,B
2021-06-29T10:01:17,100.0,54.3,S
2021-06-29T10:01:14,100.0,54.3,S
2021-06-29T10:01:13,300.0,54.3,S
2021-06-29T10:01:08,300.0,54.3,S
2021-06-29T10:01:06,1000.0,54.3,S
2021-06-29T10:00:59,500.0,54.3,S
2021-06-29T10:00:54,10000.0,54.2,S
2021-06-29T10:00:54,1000.0,54.3,S
2021-06-29T10:00:54,100.0,54.3,S
2021-06-29T10:00:49,500.0,54.3,S
2021-06-29T10:00:46,3900.0,54.3,S
2021-06-29T10:00:45,100.0,54.4,B
2021-06-29T10:00:45,5000.0,54.3,S
2021-06-29T10:00:42,1500.0,54.3,S
2021-06-29T10:00:42,500.0,54.3,S
2021-06-29T10:00:42,300.0,54.3,S
2021-06-29T10:00:42,900.0,54.3,S
2021-06-29T10:00:41,5000.0,54.3,S
2021-06-29T10:00:38,1300.0,54.3,S
2021-06-29T10:00:38,6900.0,54.3,S
2021-06-29T10:00:38,1200.0,54.3,S
2021-06-29T10:00:38,4200.0,54.3,S
2021-06-29T10:00:34,400.0,54.3,S
2021-06-29T10:00:34,100.0,54.3,S
2021-06-29T10:00:34,4000.0,54.3,S
2021-06-29T10:00:34,400.0,54.3,S
2021-06-29T10:00:34,7300.0,54.3,S
2021-06-29T10:00:34,2100.0,54.3,S
2021-06-29T10:00:34,2700.0,54.3,S
2021-06-29T10:00:34,2200.0,54.3,S
2021-06-29T10:00:34,1900.0,54.3,S
2021-06-29T10:00:34,100.0,54.3,S
2021-06-29T10:00:34,700.0,54.3,S
2021-06-29T10:00:34,2600.0,54.3,S
2021-06-29T10:00:34,2000.0,54.3,S
2021-06-29T10:00:34,3500.0,54.3,S
2021-06-29T10:00:34,4200.0,54.3,S
2021-06-29T10:00:34,3000.0,54.3,S
2021-06-29T10:00:34,11300.0,54.3,S
2021-06-29T10:00:34,200.0,54.3,S
2021-06-29T10:00:34,3000.0,54.3,S
2021-06-29T10:00:34,1200.0,54.3,S
2021-06-29T10:00:33,1600.0,54.3,S
2021-06-29T10:00:32,5500.0,54.3,S
2021-06-29T10:00:26,500.0,54.3,S
2021-06-29T10:00:25,2000.0,54.3,S
2021-06-29T10:00:25,10000.0,54.3,S
2021-06-29T10:00:23,100.0,54.3,S
2021-06-29T10:00:22,400.0,54.3,S
2021-06-29T10:00:20,100.0,54.3,S
2021-06-29T10:00:20,100.0,54.3,S
2021-06-29T10:00:20,600.0,54.3,S
2021-06-29T10:00:20,3500.0,54.3,S
2021-06-29T10:00:20,1000.0,54.3,S
2021-06-29T10:00:20,900.0,54.3,S
2021-06-29T10:00:20,3900.0,54.3,S
2021-06-29T10:00:15,400.0,54.4,B
2021-06-29T10:00:15,900.0,54.3,S
2021-06-29T10:00:15,1800.0,54.3,S
2021-06-29T10:00:13,200.0,54.3,S
2021-06-29T10:00:13,25000.0,54.3,S
2021-06-29T10:00:12,1000.0,54.3,S
2021-06-29T10:00:12,5000.0,54.3,S
2021-06-29T10:00:10,1000.0,54.3,S
2021-06-29T10:00:10,400.0,54.3,S
2021-06-29T10:00:10,10500.0,54.3,S
2021-06-29T10:00:10,3100.0,54.3,S
2021-06-29T10:00:10,1000.0,54.3,S
2021-06-29T10:00:10,1000.0,54.3,S
2021-06-29T10:00:10,1000.0,54.3,S
2021-06-29T10:00:10,300.0,54.3,S
2021-06-29T10:00:10,5000.0,54.3,S
2021-06-29T10:00:10,3000.0,54.3,S
2021-06-29T10:00:08,300.0,54.3,S
2021-06-29T10:00:07,100.0,54.3,S
2021-06-29T10:00:07,200.0,54.3,S
2021-06-29T10:00:07,4500.0,54.3,S
2021-06-29T10:00:07,5300.0,54.3,S
2021-06-29T09:59:58,1000.0,54.3,S
2021-06-29T09:59:53,20000.0,54.3,S
2021-06-29T09:59:52,1100.0,54.3,S
2021-06-29T09:59:50,5000.0,54.3,S
2021-06-29T09:59:45,100.0,54.3,S
2021-06-29T09:59:43,100.0,54.3,S
2021-06-29T09:59:35,5800.0,54.4,B
2021-06-29T09:59:32,5000.0,54.3,S
2021-06-29T09:59:28,600.0,54.3,S
2021-06-29T09:59:27,1000.0,54.4,B
2021-06-29T09:59:25,800.0,54.3,S
2021-06-29T09:59:25,1000.0,54.3,S
2021-06-29T09:59:19,500.0,54.3,S
2021-06-29T09:59:19,5000.0,54.3,S
2021-06-29T09:59:19,1000.0,54.4,B
2021-06-29T09:59:14,1500.0,54.3,S
2021-06-29T09:59:09,200.0,54.3,S
2021-06-29T09:59:08,300.0,54.3,S
2021-06-29T09:58:55,2800.0,54.3,S
2021-06-29T09:58:44,1000.0,54.3,S
2021-06-29T09:58:44,700.0,54.3,S
2021-06-29T09:58:42,500.0,54.3,S
2021-06-29T09:58:40,700.0,54.4,B
2021-06-29T09:58:40,500.0,54.3,S
2021-06-29T09:58:38,400.0,54.3,S
2021-06-29T09:58:38,300.0,54.3,S
2021-06-29T09:58:38,1300.0,54.3,S
2021-06-29T09:58:38,600.0,54.3,S
2021-06-29T09:58:38,5200.0,54.3,S
2021-06-29T09:58:38,1100.0,54.3,S
2021-06-29T09:58:38,3800.0,54.3,S
2021-06-29T09:58:38,300.0,54.3,S
2021-06-29T09:58:38,3000.0,54.3,S
2021-06-29T09:58:38,100.0,54.3,S
2021-06-29T09:58:36,10000.0,54.3,S
2021-06-29T09:58:33,1000.0,54.3,S
2021-06-29T09:58:33,1700.0,54.3,S
2021-06-29T09:58:30,300.0,54.4,B
2021-06-29T09:58:28,2000.0,54.3,S
2021-06-29T09:58:28,300.0,54.3,S
2021-06-29T09:58:28,600.0,54.3,S
2021-06-29T09:58:27,100.0,54.3,S
2021-06-29T09:58:26,3000.0,54.3,S
2021-06-29T09:58:13,300.0,54.3,S
2021-06-29T09:58:10,500.0,54.3,S
2021-06-29T09:58:07,100.0,54.3,S
2021-06-29T09:58:04,800.0,54.3,S
2021-06-29T09:58:04,100.0,54.3,S
2021-06-29T09:58:00,400.0,54.4,B
2021-06-29T09:57:56,100.0,54.3,S
2021-06-29T09:57:54,600.0,54.4,B
2021-06-29T09:57:54,5500.0,54.3,S
2021-06-29T09:57:50,400.0,54.3,S
2021-06-29T09:57:44,500.0,54.3,S
2021-06-29T09:57:43,500.0,54.3,S
2021-06-29T09:57:43,1000.0,54.3,S
2021-06-29T09:57:38,100.0,54.3,S
2021-06-29T09:57:38,2000.0,54.3,S
2021-06-29T09:57:38,200.0,54.4,B
2021-06-29T09:57:32,5000.0,54.3,S
2021-06-29T09:57:32,500.0,54.4,B
2021-06-29T09:57:32,2000.0,54.3,S
2021-06-29T09:57:25,1000.0,54.3,S
2021-06-29T09:57:22,1000.0,54.3,S
2021-06-29T09:57:20,400.0,54.3,S
2021-06-29T09:57:14,1000.0,54.3,S
2021-06-29T09:57:13,5100.0,54.4,B
2021-06-29T09:57:10,200.0,54.4,B
2021-06-29T09:57:02,400.0,54.3,S
2021-06-29T09:56:57,1000.0,54.3,S
2021-06-29T09:56:52,400.0,54.4,B
2021-06-29T09:56:50,100.0,54.3,S
2021-06-29T09:56:48,700.0,54.3,S
2021-06-29T09:56:48,4300.0,54.3,S
2021-06-29T09:56:37,100.0,54.3,S
2021-06-29T09:56:31,100.0,54.4,B
2021-06-29T09:56:27,200.0,54.3,S
2021-06-29T09:56:25,100.0,54.4,B
2021-06-29T09:56:22,100.0,54.3,S
2021-06-29T09:56:22,200.0,54.3,S
2021-06-29T09:56:22,700.0,54.3,S
2021-06-29T09:56:20,100.0,54.3,S
2021-06-29T09:56:18,100.0,54.3,S
2021-06-29T09:56:18,1000.0,54.3,S
2021-06-29T09:56:17,500.0,54.4,B
2021-06-29T09:56:16,100.0,54.4,B
2021-06-29T09:56:15,900.0,54.4,B
2021-06-29T09:56:11,1000.0,54.4,B
2021-06-29T09:56:09,100.0,54.3,S
2021-06-29T09:55:58,400.0,54.3,S
2021-06-29T09:55:49,1600.0,54.4,B
2021-06-29T09:55:49,100.0,54.4,B
2021-06-29T09:55:49,500.0,54.4,B
2021-06-29T09:55:49,2800.0,54.4,B
2021-06-29T09:55:49,1000.0,54.3,S
2021-06-29T09:55:43,400.0,54.3,S
2021-06-29T09:55:41,1100.0,54.3,S
2021-06-29T09:55:40,1000.0,54.4,B
2021-06-29T09:55:40,2400.0,54.3,S
2021-06-29T09:55:34,4600.0,54.3,S
2021-06-29T09:55:34,2000.0,54.3,S
2021-06-29T09:55:34,3400.0,54.3,S
2021-06-29T09:55:34,100.0,54.3,S
2021-06-29T09:55:25,100.0,54.3,S
2021-06-29T09:55:23,300.0,54.4,B
2021-06-29T09:55:10,1800.0,54.3,S
2021-06-29T09:55:02,2600.0,54.4,B
2021-06-29T09:54:59,500.0,54.4,B
2021-06-29T09:54:59,100.0,54.3,S
2021-06-29T09:54:58,300.0,54.4,B
2021-06-29T09:54:58,100.0,54.3,S
2021-06-29T09:54:52,2000.0,54.4,B
2021-06-29T09:54:39,100.0,54.3,S
2021-06-29T09:54:39,400.0,54.3,S
2021-06-29T09:54:39,1300.0,54.3,S
2021-06-29T09:54:39,2100.0,54.3,S
2021-06-29T09:54:39,1100.0,54.3,S
2021-06-29T09:54:36,1000.0,54.4,B
2021-06-29T09:54:34,200.0,54.4,B
2021-06-29T09:54:32,200.0,54.4,B
2021-06-29T09:54:32,200.0,54.4,B
2021-06-29T09:54:23,800.0,54.4,B
2021-06-29T09:54:23,600.0,54.4,B
2021-06-29T09:54:23,1000.0,54.4,B
2021-06-29T09:54:18,100.0,54.4,B
2021-06-29T09:54:17,200.0,54.3,S
2021-06-29T09:54:12,600.0,54.4,B
2021-06-29T09:54:12,100.0,54.4,B
2021-06-29T09:54:05,3000.0,54.4,B
2021-06-29T09:54:04,500.0,54.4,B
2021-06-29T09:54:02,500.0,54.4,B
2021-06-29T09:54:01,1000.0,54.4,B
2021-06-29T09:53:56,200.0,54.4,B
2021-06-29T09:53:53,400.0,54.4,B
2021-06-29T09:53:44,300.0,54.4,B
2021-06-29T09:53:44,300.0,54.3,S
2021-06-29T09:53:44,100.0,54.3,S
2021-06-29T09:53:43,100.0,54.3,S
2021-06-29T09:53:42,400.0,54.4,B
2021-06-29T09:53:40,3900.0,54.3,S
2021-06-29T09:53:40,200.0,54.3,S
2021-06-29T09:53:40,1000.0,54.3,S
2021-06-29T09:53:40,5200.0,54.3,S
2021-06-29T09:53:40,5200.0,54.3,S
2021-06-29T09:53:40,4500.0,54.3,S
2021-06-29T09:53:38,900.0,54.4,B
2021-06-29T09:53:38,2000.0,54.3,S
2021-06-29T09:53:38,100.0,54.4,B
2021-06-29T09:53:36,1800.0,54.4,B
2021-06-29T09:53:36,4200.0,54.4,B
2021-06-29T09:53:22,500.0,54.4,B
2021-06-29T09:53:22,500.0,54.4,B
2021-06-29T09:53:19,200.0,54.4,B
2021-06-29T09:53:19,500.0,54.3,S
2021-06-29T09:53:19,1000.0,54.4,B
2021-06-29T09:53:18,1600.0,54.4,B
2021-06-29T09:53:18,1000.0,54.4,B
2021-06-29T09:53:16,100.0,54.4,B
2021-06-29T09:53:14,200.0,54.4,B
2021-06-29T09:53:14,400.0,54.4,B
2021-06-29T09:53:09,200.0,54.4,B
2021-06-29T09:53:04,21100.0,54.4,B
2021-06-29T09:53:04,8900.0,54.4,B
2021-06-29T09:53:02,3000.0,54.4,B
2021-06-29T09:53:01,500.0,54.4,B
2021-06-29T09:52:54,100.0,54.3,S
2021-06-29T09:52:53,10000.0,54.4,B
2021-06-29T09:52:51,200.0,54.4,B
2021-06-29T09:52:49,600.0,54.4,B
2021-06-29T09:52:49,1000.0,54.4,B
2021-06-29T09:52:47,100.0,54.4,B
2021-06-29T09:52:47,1000.0,54.4,B
2021-06-29T09:52:40,10300.0,54.4,B
2021-06-29T09:52:39,600.0,54.4,B
2021-06-29T09:52:39,900.0,54.4,B
2021-06-29T09:52:37,100.0,54.4,B
2021-06-29T09:52:31,200.0,54.4,B
2021-06-29T09:52:30,2600.0,54.4,B
2021-06-29T09:52:26,1000.0,54.4,B
2021-06-29T09:52:12,1100.0,54.4,B
2021-06-29T09:52:12,1000.0,54.4,B
2021-06-29T09:52:09,1000.0,54.4,B
2021-06-29T09:52:07,200.0,54.4,B
2021-06-29T09:52:03,100.0,54.4,B
2021-06-29T09:51:58,800.0,54.4,B
2021-06-29T09:51:52,10000.0,54.4,B
2021-06-29T09:51:52,8200.0,54.4,B
2021-06-29T09:51:50,3100.0,54.4,B
2021-06-29T09:51:50,100.0,54.4,B
2021-06-29T09:51:48,200.0,54.4,S
2021-06-29T09:51:46,2000.0,54.4,S
2021-06-29T09:51:43,200.0,54.3,S
2021-06-29T09:51:43,1500.0,54.3,S
2021-06-29T09:51:40,100.0,54.4,S
2021-06-29T09:51:38,300.0,54.4,S
2021-06-29T09:51:37,1000.0,54.4,S
2021-06-29T09:51:37,4500.0,54.4,S
2021-06-29T09:51:37,1100.0,54.4,S
2021-06-29T09:51:37,2300.0,54.4,S
2021-06-29T09:51:33,2000.0,54.4,S
2021-06-29T09:51:30,2600.0,54.4,S
2021-06-29T09:51:30,400.0,54.4,S
2021-06-29T09:51:28,1000.0,54.4,S
2021-06-29T09:51:28,500.0,54.4,S
2021-06-29T09:51:25,1000.0,54.4,S
2021-06-29T09:51:24,100.0,54.5,B
2021-06-29T09:51:18,10000.0,54.4,S
2021-06-29T09:51:16,100.0,54.4,S
2021-06-29T09:51:15,6000.0,54.5,B
2021-06-29T09:51:15,100.0,54.4,S
2021-06-29T09:51:15,100.0,54.4,S
2021-06-29T09:51:01,1800.0,54.4,S
2021-06-29T09:50:57,3000.0,54.4,S
2021-06-29T09:50:56,3000.0,54.4,S
2021-06-29T09:50:47,100.0,54.4,S
2021-06-29T09:50:45,200.0,54.4,S
2021-06-29T09:50:45,1000.0,54.4,S
2021-06-29T09:50:42,1000.0,54.5,B
2021-06-29T09:50:40,100.0,54.4,S
2021-06-29T09:50:40,400.0,54.4,S
2021-06-29T09:50:40,1000.0,54.4,S
2021-06-29T09:50:40,2200.0,54.3,S
2021-06-29T09:50:35,200.0,54.4,S
2021-06-29T09:50:35,300.0,54.4,S
2021-06-29T09:50:35,500.0,54.4,S
2021-06-29T09:50:34,100.0,54.4,S
2021-06-29T09:50:33,200.0,54.4,S
2021-06-29T09:50:33,8500.0,54.4,S
2021-06-29T09:50:27,1000.0,54.4,S
2021-06-29T09:50:24,400.0,54.4,B
2021-06-29T09:50:21,2000.0,54.4,B
2021-06-29T09:50:18,1700.0,54.4,B
2021-06-29T09:50:17,2600.0,54.4,B
2021-06-29T09:50:15,100.0,54.4,B
2021-06-29T09:50:12,1000.0,54.4,B
2021-06-29T09:50:12,5000.0,54.4,B
2021-06-29T09:50:11,1000.0,54.4,B
2021-06-29T09:50:05,2100.0,54.4,B
2021-06-29T09:50:04,1800.0,54.4,B
2021-06-29T09:49:57,600.0,54.4,B
2021-06-29T09:49:53,10900.0,54.5,B
2021-06-29T09:49:52,1900.0,54.4,B
2021-06-29T09:49:51,1600.0,54.5,B
2021-06-29T09:49:49,7300.0,54.3,S
2021-06-29T09:49:49,400.0,54.3,S
2021-06-29T09:49:48,1200.0,54.3,S
2021-06-29T09:49:48,21100.0,54.3,S
2021-06-29T09:49:48,100.0,54.4,B
2021-06-29T09:49:42,1200.0,54.5,B
2021-06-29T09:49:40,1500.0,54.4,B
2021-06-29T09:49:37,11000.0,54.4,B
2021-06-29T09:49:35,800.0,54.4,B
2021-06-29T09:49:34,4500.0,54.4,B
2021-06-29T09:49:34,4900.0,54.4,B
2021-06-29T09:49:33,300.0,54.4,B
2021-06-29T09:49:30,1000.0,54.4,B
2021-06-29T09:49:30,2500.0,54.4,B
2021-06-29T09:49:28,1000.0,54.4,B
2021-06-29T09:49:27,24500.0,54.4,B
2021-06-29T09:49:27,7500.0,54.4,B
2021-06-29T09:49:27,200.0,54.4,B
2021-06-29T09:49:26,300.0,54.4,B
2021-06-29T09:49:26,100.0,54.4,B
2021-06-29T09:49:25,100.0,54.5,B
2021-06-29T09:49:20,500.0,54.4,B
2021-06-29T09:49:20,100.0,54.4,B
2021-06-29T09:49:20,900.0,54.4,B
2021-06-29T09:49:19,400.0,54.4,B
2021-06-29T09:49:17,1000.0,54.4,B
2021-06-29T09:49:12,1400.0,54.4,B
2021-06-29T09:49:06,800.0,54.4,B
2021-06-29T09:49:05,400.0,54.4,B
2021-06-29T09:48:59,1000.0,54.4,B
2021-06-29T09:48:57,300.0,54.4,B
2021-06-29T09:48:53,1500.0,54.4,B
2021-06-29T09:48:52,2000.0,54.4,B
2021-06-29T09:48:51,200.0,54.4,B
2021-06-29T09:48:50,1000.0,54.4,B
2021-06-29T09:48:50,1500.0,54.4,B
2021-06-29T09:48:45,500.0,54.4,B
2021-06-29T09:48:40,49700.0,54.3,S
2021-06-29T09:48:39,1000.0,54.3,S
2021-06-29T09:48:30,5000.0,54.4,B
2021-06-29T09:48:30,2900.0,54.4,B
2021-06-29T09:48:30,1000.0,54.4,B
2021-06-29T09:48:30,1300.0,54.4,B
2021-06-29T09:48:30,100.0,54.4,B
2021-06-29T09:48:30,1200.0,54.4,B
2021-06-29T09:48:30,13500.0,54.4,B
2021-06-29T09:48:24,10000.0,54.3,S
2021-06-29T09:48:24,200.0,54.4,B
2021-06-29T09:48:09,10000.0,54.3,S
2021-06-29T09:48:07,1000.0,54.4,B
2021-06-29T09:48:03,5000.0,54.4,B
2021-06-29T09:48:00,700.0,54.3,S
2021-06-29T09:48:00,1000.0,54.4,B
2021-06-29T09:47:52,18400.0,54.4,B
2021-06-29T09:47:52,100.0,54.4,B
2021-06-29T09:47:52,13400.0,54.4,B
2021-06-29T09:47:52,10200.0,54.4,B
2021-06-29T09:47:51,7900.0,54.4,B
2021-06-29T09:47:49,200.0,54.4,B
2021-06-29T09:47:33,1800.0,54.3,S
2021-06-29T09:47:30,500.0,54.4,B
2021-06-29T09:47:29,500.0,54.4,B
2021-06-29T09:47:28,800.0,54.3,S
2021-06-29T09:47:24,800.0,54.3,S
2021-06-29T09:47:13,3000.0,54.4,B
2021-06-29T09:47:12,500.0,54.4,B
2021-06-29T09:47:10,100.0,54.4,B
2021-06-29T09:47:10,900.0,54.4,B
2021-06-29T09:47:05,400.0,54.3,S
2021-06-29T09:46:59,100.0,54.4,B
2021-06-29T09:46:57,300.0,54.4,B
2021-06-29T09:46:51,3000.0,54.4,B
2021-06-29T09:46:45,100.0,54.4,B
2021-06-29T09:46:45,900.0,54.4,B
2021-06-29T09:46:44,5500.0,54.3,S
2021-06-29T09:46:42,5000.0,54.4,B
2021-06-29T09:46:39,200.0,54.4,B
2021-06-29T09:46:37,5700.0,54.4,B
2021-06-29T09:46:35,200.0,54.4,B
2021-06-29T09:46:34,800.0,54.4,B
2021-06-29T09:46:34,3000.0,54.4,B
2021-06-29T09:46:30,500.0,54.4,B
2021-06-29T09:46:26,300.0,54.4,B
2021-06-29T09:46:21,100.0,54.4,B
2021-06-29T09:46:14,1600.0,54.4,B
2021-06-29T09:46:09,2000.0,54.4,B
2021-06-29T09:46:05,1000.0,54.4,B
2021-06-29T09:46:04,2200.0,54.4,B
2021-06-29T09:46:02,6000.0,54.4,B
2021-06-29T09:45:59,300.0,54.4,B
2021-06-29T09:45:54,100.0,54.4,B
2021-06-29T09:45:52,2000.0,54.4,B
2021-06-29T09:45:47,2100.0,54.3,S
2021-06-29T09:45:45,500.0,54.4,B
2021-06-29T09:45:45,100.0,54.4,B
2021-06-29T09:45:42,400.0,54.4,B
2021-06-29T09:45:33,500.0,54.4,B
2021-06-29T09:45:32,10000.0,54.3,S
2021-06-29T09:45:27,100.0,54.4,B
2021-06-29T09:45:26,200.0,54.4,B
2021-06-29T09:45:25,2000.0,54.4,B
2021-06-29T09:45:20,500.0,54.4,B
2021-06-29T09:45:18,1000.0,54.4,B
2021-06-29T09:45:18,100.0,54.4,B
2021-06-29T09:45:15,200.0,54.4,B
2021-06-29T09:45:15,500.0,54.4,B
2021-06-29T09:45:15,200.0,54.3,S
2021-06-29T09:45:09,300.0,54.4,B
2021-06-29T09:45:06,1200.0,54.4,S
2021-06-29T09:45:06,100.0,54.4,S
2021-06-29T09:45:04,100.0,54.4,S
2021-06-29T09:45:00,100.0,54.4,S
2021-06-29T09:44:54,500.0,54.3,S
2021-06-29T09:44:53,1800.0,54.5,B
2021-06-29T09:44:53,3200.0,54.4,S
2021-06-29T09:44:53,3800.0,54.4,S
2021-06-29T09:44:50,1200.0,54.4,S
2021-06-29T09:44:50,300.0,54.4,S
2021-06-29T09:44:50,400.0,54.4,S
2021-06-29T09:44:50,3000.0,54.4,S
2021-06-29T09:44:50,800.0,54.4,S
2021-06-29T09:44:50,300.0,54.4,S
2021-06-29T09:44:50,600.0,54.4,S
2021-06-29T09:44:50,400.0,54.4,S
2021-06-29T09:44:50,10200.0,54.4,S
2021-06-29T09:44:50,300.0,54.4,S
2021-06-29T09:44:50,100.0,54.4,S
2021-06-29T09:44:50,3500.0,54.4,S
2021-06-29T09:44:50,200.0,54.4,S
2021-06-29T09:44:50,900.0,54.4,S
2021-06-29T09:44:50,5200.0,54.4,S
2021-06-29T09:44:50,1000.0,54.4,S
2021-06-29T09:44:50,1000.0,54.4,S
2021-06-29T09:44:50,2200.0,54.4,S
2021-06-29T09:44:50,200.0,54.4,S
2021-06-29T09:44:50,700.0,54.4,S
2021-06-29T09:44:50,200.0,54.4,S
2021-06-29T09:44:50,20500.0,54.4,S
2021-06-29T09:44:50,7000.0,54.4,S
2021-06-29T09:44:47,15000.0,54.4,S
2021-06-29T09:44:40,300.0,54.4,S
2021-06-29T09:44:33,200.0,54.4,S
2021-06-29T09:44:30,4000.0,54.4,S
2021-06-29T09:44:30,400.0,54.4,S
2021-06-29T09:44:18,800.0,54.4,S
2021-06-29T09:44:17,700.0,54.4,S
2021-06-29T09:44:17,2500.0,54.4,S
2021-06-29T09:44:17,500.0,54.4,S
2021-06-29T09:44:17,6300.0,54.4,S
2021-06-29T09:44:16,500.0,54.4,S
2021-06-29T09:44:16,3000.0,54.4,S
2021-06-29T09:44:16,7000.0,54.4,S
2021-06-29T09:44:10,6000.0,54.4,S
2021-06-29T09:44:05,5000.0,54.4,S
2021-06-29T09:43:54,3000.0,54.4,S
2021-06-29T09:43:53,100.0,54.5,B
2021-06-29T09:43:49,1000.0,54.4,S
2021-06-29T09:43:47,100.0,54.5,B
2021-06-29T09:43:43,10000.0,54.4,S
2021-06-29T09:43:42,100.0,54.4,S
2021-06-29T09:43:39,10000.0,54.4,S
2021-06-29T09:43:34,2000.0,54.4,S
2021-06-29T09:43:30,300.0,54.5,B
2021-06-29T09:43:29,1400.0,54.4,S
2021-06-29T09:43:29,2600.0,54.4,S
2021-06-29T09:43:28,2500.0,54.4,S
2021-06-29T09:43:27,3100.0,54.4,S
2021-06-29T09:43:26,4900.0,54.4,S
2021-06-29T09:43:26,4900.0,54.4,S
2021-06-29T09:43:26,2100.0,54.4,S
2021-06-29T09:43:24,100.0,54.5,B
2021-06-29T09:43:20,2000.0,54.5,B
2021-06-29T09:43:15,400.0,54.4,S
2021-06-29T09:43:12,1000.0,54.4,S
2021-06-29T09:43:12,300.0,54.4,S
2021-06-29T09:43:12,600.0,54.4,S
2021-06-29T09:43:12,4000.0,54.4,S
2021-06-29T09:43:03,100.0,54.4,S
2021-06-29T09:42:53,300.0,54.4,S
2021-06-29T09:42:52,700.0,54.5,B
2021-06-29T09:42:39,500.0,54.4,S
2021-06-29T09:42:35,4100.0,54.4,S
2021-06-29T09:42:35,100.0,54.4,S
2021-06-29T09:42:35,3100.0,54.4,S
2021-06-29T09:42:35,2300.0,54.4,S
2021-06-29T09:42:35,1300.0,54.4,S
2021-06-29T09:42:35,2600.0,54.4,S
2021-06-29T09:42:35,1500.0,54.4,S
2021-06-29T09:42:35,3800.0,54.4,S
2021-06-29T09:42:35,700.0,54.4,S
2021-06-29T09:42:34,500.0,54.4,S
2021-06-29T09:42:34,200.0,54.5,B
2021-06-29T09:42:32,500.0,54.4,S
2021-06-29T09:42:27,200.0,54.4,S
2021-06-29T09:42:27,2300.0,54.4,S
2021-06-29T09:42:22,5000.0,54.4,S
2021-06-29T09:42:17,100.0,54.5,B
2021-06-29T09:42:16,11900.0,54.4,S
2021-06-29T09:42:16,100.0,54.4,S
2021-06-29T09:42:15,2400.0,54.4,S
2021-06-29T09:42:14,1500.0,54.4,S
2021-06-29T09:42:14,100.0,54.4,S
2021-06-29T09:42:14,2700.0,54.4,S
2021-06-29T09:42:14,700.0,54.4,S
2021-06-29T09:42:08,1500.0,54.4,S
2021-06-29T09:42:03,100.0,54.5,B
2021-06-29T09:41:59,5000.0,54.4,S
2021-06-29T09:41:59,9400.0,54.4,S
2021-06-29T09:41:59,2600.0,54.4,S
2021-06-29T09:41:59,8000.0,54.4,S
2021-06-29T09:41:58,1100.0,54.4,S
2021-06-29T09:41:57,3100.0,54.5,B
2021-06-29T09:41:53,10000.0,54.4,S
2021-06-29T09:41:51,1000.0,54.5,B
2021-06-29T09:41:48,300.0,54.4,S
2021-06-29T09:41:31,100.0,54.5,B
2021-06-29T09:41:29,100.0,54.4,S
2021-06-29T09:41:27,2000.0,54.4,S
2021-06-29T09:41:19,500.0,54.4,S
2021-06-29T09:41:13,700.0,54.4,S
2021-06-29T09:41:11,300.0,54.5,B
2021-06-29T09:41:10,100.0,54.4,S
2021-06-29T09:41:09,100.0,54.4,S
2021-06-29T09:41:09,300.0,54.4,S
2021-06-29T09:41:08,300.0,54.4,S
2021-06-29T09:41:05,200.0,54.5,B
2021-06-29T09:41:03,500.0,54.4,S
2021-06-29T09:41:02,18300.0,54.5,B
2021-06-29T09:40:50,1000.0,54.4,S
2021-06-29T09:40:50,500.0,54.4,S
2021-06-29T09:40:50,1000.0,54.4,S
2021-06-29T09:40:49,2000.0,54.4,S
2021-06-29T09:40:47,500.0,54.4,S
2021-06-29T09:40:47,1900.0,54.4,S
2021-06-29T09:40:47,2600.0,54.4,S
2021-06-29T09:40:46,700.0,54.5,B
2021-06-29T09:40:37,2000.0,54.5,B
2021-06-29T09:40:37,2000.0,54.5,B
2021-06-29T09:40:34,100.0,54.5,B
2021-06-29T09:40:33,2600.0,54.4,S
2021-06-29T09:40:33,1100.0,54.4,S
2021-06-29T09:40:33,1300.0,54.4,S
2021-06-29T09:40:33,5000.0,54.4,S
2021-06-29T09:40:32,3200.0,54.4,S
2021-06-29T09:40:30,400.0,54.4,S
2021-06-29T09:40:22,200.0,54.5,B
2021-06-29T09:40:14,500.0,54.4,S
2021-06-29T09:40:11,200.0,54.5,B
2021-06-29T09:40:09,7600.0,54.4,S
2021-06-29T09:40:08,600.0,54.4,S
2021-06-29T09:40:03,4000.0,54.4,S
2021-06-29T09:39:53,500.0,54.5,B
2021-06-29T09:39:51,2500.0,54.4,S
2021-06-29T09:39:50,500.0,54.5,B
2021-06-29T09:39:44,10000.0,54.5,B
2021-06-29T09:39:42,8400.0,54.4,S
2021-06-29T09:39:41,600.0,54.4,S
2021-06-29T09:39:39,100.0,54.4,S
2021-06-29T09:39:33,900.0,54.4,S
2021-06-29T09:39:33,1300.0,54.4,S
2021-06-29T09:39:33,5300.0,54.4,S
2021-06-29T09:39:33,1600.0,54.4,S
2021-06-29T09:39:33,800.0,54.4,S
2021-06-29T09:39:33,8100.0,54.4,S
2021-06-29T09:39:33,1500.0,54.4,S
2021-06-29T09:39:28,100.0,54.5,B
2021-06-29T09:39:26,500.0,54.4,S
2021-06-29T09:39:22,100.0,54.4,S
2021-06-29T09:39:19,100.0,54.5,B
2021-06-29T09:39:14,400.0,54.4,S
2021-06-29T09:39:06,1000.0,54.4,S
2021-06-29T09:39:06,500.0,54.4,S
2021-06-29T09:39:06,3000.0,54.5,B
2021-06-29T09:39:06,200.0,54.5,B
2021-06-29T09:39:06,9400.0,54.5,B
2021-06-29T09:39:06,5900.0,54.5,B
2021-06-29T09:39:06,100.0,54.5,B
2021-06-29T09:39:06,200.0,54.5,B
2021-06-29T09:39:06,6600.0,54.5,B
2021-06-29T09:39:06,1000.0,54.5,B
2021-06-29T09:39:06,300.0,54.5,B
2021-06-29T09:39:06,200.0,54.5,B
2021-06-29T09:39:06,500.0,54.5,B
2021-06-29T09:39:06,500.0,54.5,B
2021-06-29T09:39:06,3500.0,54.5,B
2021-06-29T09:39:06,18600.0,54.5,B
2021-06-29T09:38:51,3000.0,54.4,S
2021-06-29T09:38:50,400.0,54.4,S
2021-06-29T09:38:45,1100.0,54.5,B
2021-06-29T09:38:44,500.0,54.4,S
2021-06-29T09:38:42,1800.0,54.4,S
2021-06-29T09:38:37,100.0,54.4,S
2021-06-29T09:38:33,100.0,54.4,S
2021-06-29T09:38:29,2000.0,54.4,S
2021-06-29T09:38:22,1000.0,54.4,S
2021-06-29T09:38:17,500.0,54.4,S
2021-06-29T09:38:15,200.0,54.4,S
2021-06-29T09:37:59,500.0,54.4,S
2021-06-29T09:37:59,2000.0,54.5,B
2021-06-29T09:37:54,200.0,54.5,B
2021-06-29T09:37:52,300.0,54.5,B
2021-06-29T09:37:49,10000.0,54.5,B
2021-06-29T09:37:45,1800.0,54.5,B
2021-06-29T09:37:45,100.0,54.5,B
2021-06-29T09:37:45,500.0,54.5,B
2021-06-29T09:37:42,400.0,54.5,B
2021-06-29T09:37:34,100.0,54.5,B
2021-06-29T09:37:34,300.0,54.5,B
2021-06-29T09:37:34,100.0,54.5,B
2021-06-29T09:37:30,10000.0,54.5,B
2021-06-29T09:37:24,700.0,54.5,B
2021-06-29T09:37:23,400.0,54.5,B
2021-06-29T09:37:23,100.0,54.5,B
2021-06-29T09:37:19,900.0,54.4,S
2021-06-29T09:37:16,500.0,54.5,B
2021-06-29T09:37:13,700.0,54.5,B
2021-06-29T09:37:09,4000.0,54.5,B
2021-06-29T09:37:05,600.0,54.5,B
2021-06-29T09:37:00,1000.0,54.5,B
2021-06-29T09:37:00,500.0,54.4,S
2021-06-29T09:36:55,200.0,54.5,B
2021-06-29T09:36:51,500.0,54.5,B
2021-06-29T09:36:46,600.0,54.5,B
2021-06-29T09:36:45,100.0,54.5,B
2021-06-29T09:36:45,100.0,54.5,B
2021-06-29T09:36:45,2600.0,54.5,B
2021-06-29T09:36:42,1200.0,54.4,S
2021-06-29T09:36:42,11000.0,54.4,S
2021-06-29T09:36:42,500.0,54.4,S
2021-06-29T09:36:42,800.0,54.4,S
2021-06-29T09:36:42,1000.0,54.4,S
2021-06-29T09:36:42,6700.0,54.4,S
2021-06-29T09:36:36,2600.0,54.5,B
2021-06-29T09:36:35,400.0,54.5,B
2021-06-29T09:36:27,100.0,54.4,S
2021-06-29T09:36:25,500.0,54.5,B
2021-06-29T09:36:19,200.0,54.5,B
2021-06-29T09:36:13,300.0,54.4,S
2021-06-29T09:36:07,300.0,54.4,S
2021-06-29T09:36:06,600.0,54.4,S
2021-06-29T09:36:02,400.0,54.4,S
2021-06-29T09:36:00,2000.0,54.5,B
2021-06-29T09:35:56,100.0,54.5,B
2021-06-29T09:35:55,200.0,54.5,B
2021-06-29T09:35:50,4300.0,54.5,B
2021-06-29T09:35:50,700.0,54.5,B
2021-06-29T09:35:48,100.0,54.4,S
2021-06-29T09:35:45,4000.0,54.4,S
2021-06-29T09:35:44,600.0,54.5,B
2021-06-29T09:35:40,1300.0,54.5,B
2021-06-29T09:35:40,2900.0,54.5,B
2021-06-29T09:35:40,800.0,54.5,B
2021-06-29T09:35:40,5400.0,54.5,B
2021-06-29T09:35:38,3800.0,54.4,S
2021-06-29T09:35:38,7200.0,54.4,S
2021-06-29T09:35:38,100.0,54.5,B
2021-06-29T09:35:36,100.0,54.5,B
2021-06-29T09:35:35,100.0,54.5,B
2021-06-29T09:35:33,400.0,54.4,S
2021-06-29T09:35:23,3000.0,54.4,S
2021-06-29T09:35:23,700.0,54.4,S
2021-06-29T09:35:16,300.0,54.4,S
2021-06-29T09:35:15,100.0,54.4,S
2021-06-29T09:35:13,4800.0,54.5,B
2021-06-29T09:35:13,1400.0,54.5,B
2021-06-29T09:35:13,2500.0,54.5,B
2021-06-29T09:35:13,600.0,54.5,B
2021-06-29T09:35:13,500.0,54.5,B
2021-06-29T09:35:13,3700.0,54.5,B
2021-06-29T09:35:13,200.0,54.5,B
2021-06-29T09:35:13,300.0,54.5,B
2021-06-29T09:35:13,5500.0,54.5,B
2021-06-29T09:35:13,600.0,54.5,B
2021-06-29T09:35:13,600.0,54.5,B
2021-06-29T09:35:13,9300.0,54.5,B
2021-06-29T09:35:09,200.0,54.5,B
2021-06-29T09:35:07,200.0,54.5,B
2021-06-29T09:35:07,10000.0,54.5,B
2021-06-29T09:34:56,300.0,54.5,B
2021-06-29T09:34:50,500.0,54.4,S
2021-06-29T09:34:41,2000.0,54.5,B
2021-06-29T09:34:37,1700.0,54.5,B
2021-06-29T09:34:37,500.0,54.5,B
2021-06-29T09:34:36,100.0,54.5,B
2021-06-29T09:34:34,400.0,54.4,S
2021-06-29T09:34:32,3000.0,54.4,S
2021-06-29T09:34:24,100.0,54.5,B
2021-06-29T09:34:23,5100.0,54.4,S
2021-06-29T09:34:22,4000.0,54.4,S
2021-06-29T09:34:17,200.0,54.4,S
2021-06-29T09:34:16,100.0,54.5,B
2021-06-29T09:34:16,500.0,54.5,B
2021-06-29T09:34:15,1100.0,54.4,S
2021-06-29T09:34:14,200.0,54.5,B
2021-06-29T09:34:14,1000.0,54.4,S
2021-06-29T09:34:13,500.0,54.5,B
2021-06-29T09:34:11,1300.0,54.5,B
2021-06-29T09:34:09,1000.0,54.5,B
2021-06-29T09:34:08,2000.0,54.5,B
2021-06-29T09:34:05,300.0,54.5,B
2021-06-29T09:34:00,500.0,54.4,S
2021-06-29T09:33:43,500.0,54.5,B
2021-06-29T09:33:42,300.0,54.4,S
2021-06-29T09:33:42,1400.0,54.4,S
2021-06-29T09:33:42,10000.0,54.5,B
2021-06-29T09:33:37,200.0,54.5,B
2021-06-29T09:33:31,500.0,54.4,S
2021-06-29T09:33:30,1000.0,54.5,B
2021-06-29T09:33:29,500.0,54.5,B
2021-06-29T09:33:26,100.0,54.4,S
2021-06-29T09:33:26,700.0,54.4,S
2021-06-29T09:33:26,200.0,54.4,S
2021-06-29T09:33:22,1000.0,54.4,S
2021-06-29T09:33:22,500.0,54.4,S
2021-06-29T09:33:21,7100.0,54.4,S
2021-06-29T09:33:19,2000.0,54.5,B
2021-06-29T09:33:17,500.0,54.5,B
2021-06-29T09:33:17,500.0,54.5,B
2021-06-29T09:33:14,100.0,54.4,S
2021-06-29T09:33:13,500.0,54.5,B
2021-06-29T09:33:12,10000.0,54.4,S
2021-06-29T09:33:07,5000.0,54.5,B
2021-06-29T09:33:04,500.0,54.5,B
2021-06-29T09:33:03,1000.0,54.5,B
2021-06-29T09:33:02,300.0,54.5,B
2021-06-29T09:33:00,2200.0,54.4,S
2021-06-29T09:33:00,2800.0,54.4,S
2021-06-29T09:33:00,2000.0,54.5,B
2021-06-29T09:32:57,400.0,54.5,B
2021-06-29T09:32:53,300.0,54.4,S
2021-06-29T09:32:51,1700.0,54.5,B
2021-06-29T09:32:49,100.0,54.5,B
2021-06-29T09:32:48,1700.0,54.5,B
2021-06-29T09:32:45,200.0,54.5,B
2021-06-29T09:32:43,4800.0,54.5,B
2021-06-29T09:32:43,200.0,54.5,B
2021-06-29T09:32:42,1000.0,54.5,B
2021-06-29T09:32:42,200.0,54.5,B
2021-06-29T09:32:39,100.0,54.5,B
2021-06-29T09:32:38,800.0,54.4,S
2021-06-29T09:32:36,200.0,54.5,B
2021-06-29T09:32:23,100.0,54.5,B
2021-06-29T09:32:17,3000.0,54.5,B
2021-06-29T09:32:08,300.0,54.5,B
2021-06-29T09:32:08,300.0,54.4,S
2021-06-29T09:32:05,300.0,54.4,S
2021-06-29T09:32:01,100.0,54.5,B
2021-06-29T09:32:01,2000.0,54.4,S
2021-06-29T09:31:59,100.0,54.4,S
2021-06-29T09:31:58,900.0,54.4,S
2021-06-29T09:31:55,600.0,54.5,B
2021-06-29T09:31:55,400.0,54.5,B
2021-06-29T09:31:54,2500.0,54.5,B
2021-06-29T09:31:53,300.0,54.4,S
2021-06-29T09:31:52,500.0,54.5,B
2021-06-29T09:31:51,2400.0,54.4,S
2021-06-29T09:31:46,500.0,54.5,B
2021-06-29T09:31:46,100.0,54.5,B
2021-06-29T09:31:46,200.0,54.4,S
2021-06-29T09:31:43,100.0,54.4,S
2021-06-29T09:31:43,6000.0,54.5,B
2021-06-29T09:31:41,100.0,54.5,B
2021-06-29T09:31:39,600.0,54.4,S
2021-06-29T09:31:36,400.0,54.4,S
2021-06-29T09:31:35,900.0,54.5,B
2021-06-29T09:31:34,2600.0,54.5,B
2021-06-29T09:31:31,200.0,54.4,S
2021-06-29T09:31:31,1200.0,54.5,B
2021-06-29T09:31:31,200.0,54.5,B
2021-06-29T09:31:31,1500.0,54.5,B
2021-06-29T09:31:28,100.0,54.4,S
2021-06-29T09:31:25,100.0,54.5,B
2021-06-29T09:31:23,200.0,54.5,B
2021-06-29T09:31:23,2600.0,54.5,B
2021-06-29T09:31:21,500.0,54.4,S
2021-06-29T09:31:17,400.0,54.4,S
2021-06-29T09:31:16,400.0,54.5,B
2021-06-29T09:31:13,1100.0,54.4,S
2021-06-29T09:31:12,200.0,54.4,S
2021-06-29T09:31:11,100.0,54.5,B
2021-06-29T09:31:10,2000.0,54.5,B
2021-06-29T09:31:09,5000.0,54.5,B
2021-06-29T09:31:05,2900.0,54.4,S
2021-06-29T09:31:04,700.0,54.4,S
2021-06-29T09:31:02,100.0,54.5,B
2021-06-29T09:30:57,6000.0,54.4,S
2021-06-29T09:30:56,1400.0,54.5,B
2021-06-29T09:30:56,1800.0,54.4,S
2021-06-29T09:30:53,1000.0,54.5,B
2021-06-29T09:30:42,100.0,54.4,S
2021-06-29T09:30:41,600.0,54.5,B
2021-06-29T09:30:41,100.0,54.5,B
2021-06-29T09:30:41,4900.0,54.5,B
2021-06-29T09:30:41,2400.0,54.5,B
2021-06-29T09:30:40,7700.0,54.5,B
2021-06-29T09:30:39,300.0,54.5,B
2021-06-29T09:30:39,30000.0,54.4,S
2021-06-29T09:30:36,300.0,54.4,S
2021-06-29T09:30:32,1400.0,54.5,B
2021-06-29T09:30:28,800.0,54.4,S
2021-06-29T09:30:27,600.0,54.5,B
2021-06-29T09:30:27,400.0,54.4,S
2021-06-29T09:30:26,500.0,54.5,B
2021-06-29T09:30:24,1000.0,54.5,B
2021-06-29T09:30:23,100.0,54.5,B
2021-06-29T09:30:22,2100.0,54.4,S
2021-06-29T09:30:20,100.0,54.4,S
2021-06-29T09:30:20,1000.0,54.4,S
2021-06-29T09:30:15,200.0,54.5,B
2021-06-29T09:30:15,200.0,54.4,S
2021-06-29T09:30:15,12500.0,54.4,S
2021-06-29T09:30:15,7200.0,54.4,S
2021-06-29T09:30:15,2000.0,54.4,S
2021-06-29T09:30:15,1200.0,54.4,S
2021-06-29T09:30:15,11500.0,54.4,S
2021-06-29T09:30:15,4900.0,54.4,S
2021-06-29T09:30:14,200.0,54.5,B
2021-06-29T09:30:13,100.0,54.5,B
2021-06-29T09:30:12,4900.0,54.5,B
2021-06-29T09:30:11,400.0,54.4,S
2021-06-29T09:30:10,1500.0,54.5,B
2021-06-29T09:30:10,100.0,54.5,B
2021-06-29T09:30:09,1000.0,54.5,B
2021-06-29T09:30:08,200.0,54.4,S
2021-06-29T09:30:04,100.0,54.5,B
2021-06-29T09:30:01,1200.0,54.5,B
2021-06-29T09:30:00,400.0,54.5,B
2021-06-29T09:30:00,100.0,54.5,B
2021-06-29T09:30:00,700.0,54.5,B
2021-06-29T09:30:00,800.0,54.5,B
2021-06-29T09:30:00,5100.0,54.4,S
2021-06-29T09:30:00,500.0,54.4,S
2021-06-29T09:30:00,4400.0,54.4,S
2021-06-29T09:29:59,500.0,54.5,B
2021-06-29T09:29:59,3000.0,54.5,B
2021-06-29T09:29:58,100.0,54.4,S
2021-06-29T09:29:57,1000.0,54.5,B
2021-06-29T09:29:57,100.0,54.4,S
2021-06-29T09:29:56,500.0,54.5,B
2021-06-29T09:29:54,500.0,54.4,S
2021-06-29T09:29:52,100.0,54.5,B
2021-06-29T09:29:51,3100.0,54.5,B
2021-06-29T09:29:51,1100.0,54.5,B
2021-06-29T09:29:51,6800.0,54.5,B
2021-06-29T09:29:50,200.0,54.5,B
2021-06-29T09:29:47,5000.0,54.5,B
2021-06-29T09:29:45,2200.0,54.5,B
2021-06-29T09:29:44,400.0,54.4,S
2021-06-29T09:29:38,1000.0,54.5,B
2021-06-29T09:29:38,400.0,54.5,B
2021-06-29T09:29:37,600.0,54.5,B
2021-06-29T09:29:35,100.0,54.5,B
2021-06-29T09:29:35,7400.0,54.5,B
2021-06-29T09:29:35,1300.0,54.5,B
2021-06-29T09:29:35,1100.0,54.5,B
2021-06-29T09:29:34,200.0,54.5,B
2021-06-29T09:29:30,100.0,54.4,S
2021-06-29T09:29:28,200.0,54.4,S
2021-06-29T09:29:24,2500.0,54.5,B
2021-06-29T09:29:24,3900.0,54.5,B
2021-06-29T09:29:24,1000.0,54.5,B
2021-06-29T09:29:24,2600.0,54.5,B
2021-06-29T09:29:24,100.0,54.5,B
2021-06-29T09:29:24,900.0,54.5,B
2021-06-29T09:29:23,300.0,54.4,S
2021-06-29T09:29:22,500.0,54.4,S
2021-06-29T09:29:21,200.0,54.5,B
2021-06-29T09:29:18,2000.0,54.5,B
2021-06-29T09:29:18,800.0,54.4,S
2021-06-29T09:29:14,1000.0,54.5,B
2021-06-29T09:29:12,2000.0,54.4,S
2021-06-29T09:29:08,10000.0,54.5,B
2021-06-29T09:29:08,700.0,54.5,B
2021-06-29T09:29:05,100.0,54.4,S
2021-06-29T09:29:02,300.0,54.5,B
2021-06-29T09:29:00,300.0,54.4,S
2021-06-29T09:28:59,1000.0,54.5,B
2021-06-29T09:28:58,3200.0,54.4,S
2021-06-29T09:28:54,400.0,54.4,S
2021-06-29T09:28:54,100.0,54.5,B
2021-06-29T09:28:54,300.0,54.4,S
2021-06-29T09:28:52,8000.0,54.4,S
2021-06-29T09:28:51,300.0,54.5,B
2021-06-29T09:28:50,200.0,54.5,B
2021-06-29T09:28:49,900.0,54.4,S
2021-06-29T09:28:47,200.0,54.4,S
2021-06-29T09:28:47,6500.0,54.4,S
2021-06-29T09:28:47,3500.0,54.4,S
2021-06-29T09:28:47,600.0,54.4,S
2021-06-29T09:28:46,9400.0,54.4,S
2021-06-29T09:28:44,100.0,54.4,S
2021-06-29T09:28:43,1000.0,54.4,S
2021-06-29T09:28:41,500.0,54.4,S
2021-06-29T09:28:41,1600.0,54.4,S
2021-06-29T09:28:41,10000.0,54.5,B
2021-06-29T09:28:41,28500.0,54.5,B
2021-06-29T09:28:39,10000.0,54.4,S
2021-06-29T09:28:39,200.0,54.4,S
2021-06-29T09:28:38,100.0,54.4,S
2021-06-29T09:28:38,200.0,54.5,B
2021-06-29T09:28:33,400.0,54.4,S
2021-06-29T09:28:30,800.0,54.5,B
2021-06-29T09:28:30,6300.0,54.5,B
2021-06-29T09:28:29,300.0,54.5,B
2021-06-29T09:28:29,4600.0,54.5,B
2021-06-29T09:28:29,700.0,54.5,B
2021-06-29T09:28:29,4300.0,54.5,B
2021-06-29T09:28:26,800.0,54.4,S
2021-06-29T09:28:26,400.0,54.4,S
2021-06-29T09:28:20,200.0,54.4,S
2021-06-29T09:28:19,2000.0,54.4,B
2021-06-29T09:28:18,1000.0,54.4,B
2021-06-29T09:28:16,600.0,54.4,B
2021-06-29T09:28:14,200.0,54.4,B
2021-06-29T09:28:13,1000.0,54.5,B
2021-06-29T09:28:13,1600.0,54.4,B
2021-06-29T09:28:11,1500.0,54.4,B
2021-06-29T09:28:09,200.0,54.4,B
2021-06-29T09:28:09,400.0,54.5,B
2021-06-29T09:28:07,600.0,54.4,B
2021-06-29T09:28:07,700.0,54.4,B
2021-06-29T09:28:07,2800.0,54.4,B
2021-06-29T09:28:06,3900.0,54.4,B
2021-06-29T09:28:04,600.0,54.4,B
2021-06-29T09:28:03,200.0,54.4,B
2021-06-29T09:28:02,700.0,54.4,B
2021-06-29T09:28:02,5000.0,54.4,B
2021-06-29T09:28:02,2100.0,54.4,B
2021-06-29T09:28:02,100.0,54.4,B
2021-06-29T09:28:02,900.0,54.4,B
2021-06-29T09:28:01,9000.0,54.5,B
2021-06-29T09:28:00,400.0,54.4,B
2021-06-29T09:28:00,300.0,54.4,B
2021-06-29T09:27:59,800.0,54.4,B
2021-06-29T09:27:58,600.0,54.4,B
2021-06-29T09:27:57,1400.0,54.4,B
2021-06-29T09:27:57,400.0,54.4,B
2021-06-29T09:27:57,5400.0,54.4,B
2021-06-29T09:27:55,2300.0,54.4,B
2021-06-29T09:27:55,1100.0,54.4,B
2021-06-29T09:27:54,100.0,54.4,B
2021-06-29T09:27:53,600.0,54.5,B
2021-06-29T09:27:52,2000.0,54.4,B
2021-06-29T09:27:50,1000.0,54.4,B
2021-06-29T09:27:49,700.0,54.4,B
2021-06-29T09:27:48,1200.0,54.4,B
2021-06-29T09:27:48,1100.0,54.5,B
2021-06-29T09:27:47,1000.0,54.4,B
2021-06-29T09:27:46,100.0,54.4,B
2021-06-29T09:27:46,4700.0,54.5,B
2021-06-29T09:27:46,10100.0,54.5,B
2021-06-29T09:27:46,1700.0,54.5,B
2021-06-29T09:27:46,3000.0,54.4,B
2021-06-29T09:27:46,700.0,54.4,B
2021-06-29T09:27:46,1100.0,54.4,B
2021-06-29T09:27:46,600.0,54.4,B
2021-06-29T09:27:46,1000.0,54.4,B
2021-06-29T09:27:45,100.0,54.4,B
2021-06-29T09:27:44,400.0,54.4,B
2021-06-29T09:27:42,600.0,54.4,B
2021-06-29T09:27:41,2100.0,54.4,B
2021-06-29T09:27:41,1500.0,54.4,B
2021-06-29T09:27:40,400.0,54.4,B
2021-06-29T09:27:39,300.0,54.3,S
2021-06-29T09:27:38,2700.0,54.4,B
2021-06-29T09:27:36,1000.0,54.4,B
2021-06-29T09:27:35,700.0,54.4,B
2021-06-29T09:27:34,4700.0,54.4,B
2021-06-29T09:27:34,1000.0,54.4,B
2021-06-29T09:27:32,1600.0,54.4,B
2021-06-29T09:27:31,2400.0,54.4,B
2021-06-29T09:27:29,1000.0,54.4,B
2021-06-29T09:27:29,6000.0,54.4,B
2021-06-29T09:27:28,1000.0,54.4,B
2021-06-29T09:27:27,2500.0,54.4,B
2021-06-29T09:27:27,1800.0,54.4,B
2021-06-29T09:27:26,800.0,54.4,B
2021-06-29T09:27:25,2800.0,54.4,B
2021-06-29T09:27:25,8200.0,54.4,B
2021-06-29T09:27:23,3100.0,54.4,B
2021-06-29T09:27:23,900.0,54.4,B
2021-06-29T09:27:22,400.0,54.4,B
2021-06-29T09:27:22,700.0,54.4,B
2021-06-29T09:27:22,4900.0,54.4,B
2021-06-29T09:27:22,200.0,54.4,B
2021-06-29T09:27:21,200.0,54.3,S
2021-06-29T09:27:19,15100.0,54.4,B
2021-06-29T09:27:18,1000.0,54.4,B
2021-06-29T09:27:17,3700.0,54.3,S
2021-06-29T09:27:16,2000.0,54.4,B
2021-06-29T09:27:16,6300.0,54.4,B
2021-06-29T09:27:15,800.0,54.4,B
2021-06-29T09:27:14,2600.0,54.4,B
2021-06-29T09:27:12,100.0,54.4,B
2021-06-29T09:27:10,400.0,54.3,S
2021-06-29T09:27:10,7600.0,54.3,S
2021-06-29T09:27:08,3700.0,54.4,B
2021-06-29T09:27:08,1400.0,54.4,B
2021-06-29T09:27:08,5900.0,54.4,B
2021-06-29T09:27:07,200.0,54.4,B
2021-06-29T09:27:07,1000.0,54.4,B
2021-06-29T09:27:07,1000.0,54.4,B
2021-06-29T09:27:04,5000.0,54.4,B
2021-06-29T09:27:03,300.0,54.3,S
2021-06-29T09:27:02,1200.0,54.4,B
2021-06-29T09:27:00,200.0,54.3,S
2021-06-29T09:27:00,1000.0,54.4,B
2021-06-29T09:26:58,100.0,54.3,S
2021-06-29T09:26:58,700.0,54.4,B
2021-06-29T09:26:56,100.0,54.4,B
2021-06-29T09:26:56,200.0,54.3,S
2021-06-29T09:26:54,200.0,54.4,B
2021-06-29T09:26:54,700.0,54.3,S
2021-06-29T09:26:53,2000.0,54.4,B
2021-06-29T09:26:51,100.0,54.3,S
2021-06-29T09:26:50,200.0,54.3,S
2021-06-29T09:26:49,400.0,54.3,S
2021-06-29T09:26:47,500.0,54.3,S
2021-06-29T09:26:44,200.0,54.3,S
2021-06-29T09:26:44,40100.0,54.4,B
2021-06-29T09:26:44,10400.0,54.4,B
2021-06-29T09:26:44,3200.0,54.4,B
2021-06-29T09:26:44,3300.0,54.4,B
2021-06-29T09:26:44,3600.0,54.4,B
2021-06-29T09:26:43,39400.0,54.4,B
2021-06-29T09:26:39,1200.0,54.4,B
2021-06-29T09:26:38,100.0,54.3,S
2021-06-29T09:26:38,400.0,54.4,B
2021-06-29T09:26:38,500.0,54.3,S
2021-06-29T09:26:37,500.0,54.3,S
2021-06-29T09:26:35,100.0,54.3,S
2021-06-29T09:26:34,1400.0,54.3,S
2021-06-29T09:26:29,200.0,54.3,B
2021-06-29T09:26:29,100.0,54.4,B
2021-06-29T09:26:27,100.0,54.4,B
2021-06-29T09:26:23,1000.0,54.4,B
2021-06-29T09:26:22,200.0,54.3,B
2021-06-29T09:26:19,3600.0,54.3,B
2021-06-29T09:26:13,500.0,54.3,B
2021-06-29T09:26:12,100.0,54.3,B
2021-06-29T09:26:09,600.0,54.3,B
2021-06-29T09:26:07,9000.0,54.3,B
2021-06-29T09:26:05,200.0,54.3,B
2021-06-29T09:26:05,3000.0,54.4,B
2021-06-29T09:26:04,8100.0,54.3,B
2021-06-29T09:26:03,400.0,54.3,B
2021-06-29T09:26:00,1700.0,54.3,B
2021-06-29T09:25:59,100.0,54.3,B
2021-06-29T09:25:58,22600.0,54.3,B
2021-06-29T09:25:56,600.0,54.3,B
2021-06-29T09:25:55,200.0,54.3,B
2021-06-29T09:25:55,5600.0,54.3,B
2021-06-29T09:25:55,14600.0,54.3,B
2021-06-29T09:25:54,1000.0,54.3,B
2021-06-29T09:25:52,4300.0,54.3,B
2021-06-29T09:25:49,6600.0,54.2,S
2021-06-29T09:25:49,28400.0,54.3,B
2021-06-29T09:25:49,2800.0,54.3,B
2021-06-29T09:25:49,18800.0,54.3,B
2021-06-29T09:25:46,200.0,54.3,B
2021-06-29T09:25:46,300.0,54.3,B
2021-06-29T09:25:45,10000.0,54.2,S
2021-06-29T09:25:44,5000.0,54.3,B
2021-06-29T09:25:44,600.0,54.2,S
2021-06-29T09:25:44,1000.0,54.3,B
2021-06-29T09:25:43,200.0,54.2,S
2021-06-29T09:25:40,200.0,54.2,S
2021-06-29T09:25:37,1600.0,54.2,S
2021-06-29T09:25:35,500.0,54.2,S
2021-06-29T09:25:32,200.0,54.2,S
2021-06-29T09:25:32,10000.0,54.3,B
2021-06-29T09:25:30,4000.0,54.2,S
2021-06-29T09:25:30,3500.0,54.3,B
2021-06-29T09:25:27,700.0,54.2,S
2021-06-29T09:25:26,9100.0,54.2,S
2021-06-29T09:25:24,1000.0,54.2,S
2021-06-29T09:25:22,1800.0,54.2,S
2021-06-29T09:25:21,22300.0,54.3,B
2021-06-29T09:25:21,28000.0,54.3,B
2021-06-29T09:25:21,10000.0,54.3,B
2021-06-29T09:25:21,5500.0,54.3,B
2021-06-29T09:25:21,200.0,54.3,B
2021-06-29T09:25:21,1200.0,54.3,B
2021-06-29T09:25:21,32800.0,54.3,B
2021-06-29T09:25:21,500.0,54.2,S
2021-06-29T09:25:21,7000.0,54.3,B
2021-06-29T09:25:19,10000.0,54.2,S
2021-06-29T09:25:15,4500.0,54.2,S
2021-06-29T09:25:14,100.0,54.3,B
2021-06-29T09:25:14,200.0,54.2,S
2021-06-29T09:25:14,7000.0,54.3,B
2021-06-29T09:25:12,200.0,54.3,B
2021-06-29T09:25:12,800.0,54.3,B
2021-06-29T09:25:12,2100.0,54.3,B
2021-06-29T09:25:12,800.0,54.3,B
2021-06-29T09:25:12,1000.0,54.3,B
2021-06-29T09:25:12,300.0,54.3,B
2021-06-29T09:25:11,200.0,54.2,S
2021-06-29T09:25:07,700.0,54.2,S
2021-06-29T09:25:04,200.0,54.2,S
2021-06-29T09:25:03,200.0,54.2,S
2021-06-29T09:25:03,300.0,54.2,S
2021-06-29T09:25:02,100.0,54.2,S
2021-06-29T09:25:02,100.0,54.2,S
2021-06-29T09:25:02,1000.0,54.2,S
2021-06-29T09:25:01,900.0,54.2,S
2021-06-29T09:25:00,100.0,54.2,S
2021-06-29T09:24:59,500.0,54.2,S
2021-06-29T09:24:57,200.0,54.2,S
2021-06-29T09:24:54,300.0,54.2,S
2021-06-29T09:24:54,1500.0,54.2,S
2021-06-29T09:24:54,100.0,54.2,S
2021-06-29T09:24:54,400.0,54.2,S
2021-06-29T09:24:48,500.0,54.2,S
2021-06-29T09:24:43,200.0,54.2,B
2021-06-29T09:24:42,1400.0,54.2,B
2021-06-29T09:24:38,100.0,54.2,B
2021-06-29T09:24:38,700.0,54.2,B
2021-06-29T09:24:36,3600.0,54.2,B
2021-06-29T09:24:32,1800.0,54.2,B
2021-06-29T09:24:30,9200.0,54.2,B
2021-06-29T09:24:30,100.0,54.2,B
2021-06-29T09:24:25,4700.0,54.2,B
2021-06-29T09:24:24,400.0,54.2,B
2021-06-29T09:24:24,22600.0,54.2,B
2021-06-29T09:24:23,300.0,54.2,B
2021-06-29T09:24:22,100.0,54.2,B
2021-06-29T09:24:21,200.0,54.2,B
2021-06-29T09:24:19,100.0,54.2,B
2021-06-29T09:24:19,500.0,54.2,B
2021-06-29T09:24:19,100.0,54.2,B
2021-06-29T09:24:19,11100.0,54.2,B
2021-06-29T09:24:19,100.0,54.2,B
2021-06-29T09:24:19,1400.0,54.2,B
2021-06-29T09:24:19,10000.0,54.2,B
2021-06-29T09:24:19,600.0,54.2,B
2021-06-29T09:24:19,500.0,54.2,B
2021-06-29T09:24:19,10300.0,54.2,B
2021-06-29T09:24:19,900.0,54.2,B
2021-06-29T09:24:19,7100.0,54.2,B
2021-06-29T09:24:19,13400.0,54.2,B
2021-06-29T09:24:19,4600.0,54.2,B
2021-06-29T09:24:19,800.0,54.1,S
2021-06-29T09:24:18,6800.0,54.2,B
2021-06-29T09:24:18,200.0,54.2,B
2021-06-29T09:24:18,100.0,54.2,B
2021-06-29T09:24:18,100.0,54.2,B
2021-06-29T09:24:18,800.0,54.2,B
2021-06-29T09:24:16,600.0,54.1,S
2021-06-29T09:24:13,200.0,54.1,S
2021-06-29T09:24:12,2000.0,54.1,S
2021-06-29T09:24:09,1600.0,54.1,S
2021-06-29T09:24:04,4000.0,54.1,S
2021-06-29T09:24:02,500.0,54.2,B
2021-06-29T09:23:59,200.0,54.1,S
2021-06-29T09:23:58,200.0,54.1,S
2021-06-29T09:23:55,200.0,54.1,S
2021-06-29T09:23:54,100.0,54.2,B
2021-06-29T09:23:53,500.0,54.1,S
2021-06-29T09:23:52,600.0,54.1,S
2021-06-29T09:23:50,500.0,54.1,S
2021-06-29T09:23:46,1600.0,54.1,S
2021-06-29T09:23:45,100.0,54.1,S
2021-06-29T09:23:44,600.0,54.2,B
2021-06-29T09:23:44,1900.0,54.2,B
2021-06-29T09:23:44,7500.0,54.2,B
2021-06-29T09:23:42,1000.0,54.2,B
2021-06-29T09:23:41,3000.0,54.2,B
2021-06-29T09:23:41,10000.0,54.1,S
2021-06-29T09:23:40,4000.0,54.1,S
2021-06-29T09:23:37,100.0,54.1,S
2021-06-29T09:23:32,100.0,54.1,S
2021-06-29T09:23:30,400.0,54.1,S
2021-06-29T09:23:29,300.0,54.2,B
2021-06-29T09:23:29,3200.0,54.1,S
2021-06-29T09:23:26,400.0,54.1,S
2021-06-29T09:23:24,1000.0,54.1,S
2021-06-29T09:23:22,8000.0,54.1,S
2021-06-29T09:23:19,1000.0,54.1,S
2021-06-29T09:23:18,100.0,54.1,S
2021-06-29T09:23:18,2600.0,54.1,S
2021-06-29T09:23:17,100.0,54.1,S
2021-06-29T09:23:16,3300.0,54.1,S
2021-06-29T09:23:16,8700.0,54.1,S
2021-06-29T09:23:16,7900.0,54.1,S
2021-06-29T09:23:16,300.0,54.2,B
2021-06-29T09:23:15,100.0,54.1,S
2021-06-29T09:23:13,6000.0,54.1,S
2021-06-29T09:23:13,500.0,54.1,S
2021-06-29T09:23:12,400.0,54.1,S
2021-06-29T09:23:10,200.0,54.1,S
2021-06-29T09:23:09,200.0,54.1,S
2021-06-29T09:23:09,100.0,54.1,S
2021-06-29T09:23:09,1200.0,54.1,S
2021-06-29T09:23:08,1000.0,54.2,B
2021-06-29T09:23:07,1400.0,54.1,S
2021-06-29T09:23:06,1200.0,54.1,S
2021-06-29T09:23:04,400.0,54.1,S
2021-06-29T09:23:04,200.0,54.1,S
2021-06-29T09:23:03,700.0,54.1,S
2021-06-29T09:23:02,300.0,54.1,S
2021-06-29T09:23:01,200.0,54.1,S
2021-06-29T09:23:01,3000.0,54.1,S
2021-06-29T09:23:00,1200.0,54.1,S
2021-06-29T09:23:00,2000.0,54.1,S
2021-06-29T09:22:59,500.0,54.1,S
2021-06-29T09:22:59,600.0,54.1,S
2021-06-29T09:22:58,300.0,54.1,S
2021-06-29T09:22:58,400.0,54.1,S
2021-06-29T09:22:58,200.0,54.1,S
2021-06-29T09:22:57,1600.0,54.1,S
2021-06-29T09:22:56,800.0,54.1,S
2021-06-29T09:22:54,500.0,54.1,S
2021-06-29T09:22:53,200.0,54.1,S
2021-06-29T09:22:51,1300.0,54.1,S
2021-06-29T09:22:51,1700.0,54.1,S
2021-06-29T09:22:48,200.0,54.1,S
2021-06-29T09:22:48,500.0,54.2,B
2021-06-29T09:22:48,200.0,54.1,S
2021-06-29T09:22:47,600.0,54.1,S
2021-06-29T09:22:47,400.0,54.1,S
2021-06-29T09:22:46,4000.0,54.1,S
2021-06-29T09:22:43,2000.0,54.1,S
2021-06-29T09:22:42,200.0,54.1,S
2021-06-29T09:22:42,100.0,54.2,B
2021-06-29T09:22:42,2000.0,54.1,S
2021-06-29T09:22:39,500.0,54.1,S
2021-06-29T09:22:39,3100.0,54.1,S
2021-06-29T09:22:38,300.0,54.1,S
2021-06-29T09:22:37,100.0,54.1,S
2021-06-29T09:22:37,100.0,54.1,S
2021-06-29T09:22:37,500.0,54.1,S
2021-06-29T09:22:36,200.0,54.1,S
2021-06-29T09:22:35,1000.0,54.1,S
2021-06-29T09:22:34,500.0,54.1,S
2021-06-29T09:22:34,1000.0,54.1,S
2021-06-29T09:22:32,6600.0,54.1,S
2021-06-29T09:22:32,3400.0,54.1,S
2021-06-29T09:22:32,100.0,54.1,S
2021-06-29T09:22:29,1600.0,54.1,S
2021-06-29T09:22:29,3500.0,54.1,S
2021-06-29T09:22:28,8700.0,54.2,B
2021-06-29T09:22:28,2200.0,54.2,B
2021-06-29T09:22:28,3300.0,54.2,B
2021-06-29T09:22:28,400.0,54.1,S
2021-06-29T09:22:27,500.0,54.1,S
2021-06-29T09:22:26,1800.0,54.1,S
2021-06-29T09:22:22,200.0,54.1,S
2021-06-29T09:22:21,400.0,54.1,S
2021-06-29T09:22:19,200.0,54.1,S
2021-06-29T09:22:18,200.0,54.1,S
2021-06-29T09:22:18,100.0,54.2,B
2021-06-29T09:22:18,200.0,54.2,B
2021-06-29T09:22:18,2300.0,54.2,B
2021-06-29T09:22:18,1300.0,54.2,B
2021-06-29T09:22:18,6100.0,54.2,B
2021-06-29T09:22:16,100.0,54.1,S
2021-06-29T09:22:16,1000.0,54.1,S
2021-06-29T09:22:14,4600.0,54.1,S
2021-06-29T09:22:13,100.0,54.1,S
2021-06-29T09:22:12,300.0,54.1,S
2021-06-29T09:22:11,100.0,54.1,S
2021-06-29T09:22:11,100.0,54.1,S
2021-06-29T09:22:11,200.0,54.1,S
2021-06-29T09:22:09,1000.0,54.1,S
2021-06-29T09:22:08,500.0,54.1,S
2021-06-29T09:22:08,400.0,54.1,S
2021-06-29T09:22:07,200.0,54.1,S
2021-06-29T09:22:06,400.0,54.1,S
2021-06-29T09:22:05,11500.0,54.1,S
2021-06-29T09:22:04,400.0,54.1,S
2021-06-29T09:22:03,800.0,54.1,S
2021-06-29T09:22:02,1000.0,54.1,S
2021-06-29T09:22:02,100.0,54.1,S
2021-06-29T09:22:01,100.0,54.2,B
2021-06-29T09:22:00,1000.0,54.1,S
2021-06-29T09:21:57,200.0,54.1,S
2021-06-29T09:21:56,1100.0,54.1,S
2021-06-29T09:21:55,2000.0,54.1,S
2021-06-29T09:21:53,300.0,54.1,S
2021-06-29T09:21:51,2600.0,54.1,S
2021-06-29T09:21:48,300.0,54.1,S
2021-06-29T09:21:47,5000.0,54.1,S
2021-06-29T09:21:46,400.0,54.2,B
2021-06-29T09:21:45,100.0,54.1,S
2021-06-29T09:21:45,100.0,54.1,S
2021-06-29T09:21:45,300.0,54.1,S
2021-06-29T09:21:45,400.0,54.1,S
2021-06-29T09:21:43,6400.0,54.1,S
2021-06-29T09:21:42,100.0,54.1,S
2021-06-29T09:21:41,300.0,54.2,S
2021-06-29T09:21:41,800.0,54.1,S
2021-06-29T09:21:40,100.0,54.1,S
2021-06-29T09:21:39,200.0,54.1,S
2021-06-29T09:21:39,100.0,54.1,S
2021-06-29T09:21:38,200.0,54.1,S
2021-06-29T09:21:37,100.0,54.1,S
2021-06-29T09:21:37,300.0,54.1,S
2021-06-29T09:21:37,600.0,54.1,S
2021-06-29T09:21:36,400.0,54.1,S
2021-06-29T09:21:35,16000.0,54.1,S
2021-06-29T09:21:33,2100.0,54.1,S
2021-06-29T09:21:31,300.0,54.1,S
2021-06-29T09:21:30,500.0,54.1,S
2021-06-29T09:21:29,1500.0,54.1,S
2021-06-29T09:21:27,700.0,54.1,S
2021-06-29T09:21:27,500.0,54.1,S
2021-06-29T09:21:27,200.0,54.1,S
2021-06-29T09:21:26,1200.0,54.1,S
2021-06-29T09:21:26,2800.0,54.1,S
2021-06-29T09:21:26,500.0,54.1,S
2021-06-29T09:21:25,900.0,54.1,S
2021-06-29T09:21:23,200.0,54.1,S
2021-06-29T09:21:22,3000.0,54.1,S
2021-06-29T09:21:22,800.0,54.1,S
2021-06-29T09:21:21,500.0,54.1,S
2021-06-29T09:21:21,900.0,54.1,S
2021-06-29T09:21:20,700.0,54.1,S
2021-06-29T09:21:19,100.0,54.1,S
2021-06-29T09:21:19,3000.0,54.1,S
2021-06-29T09:21:19,7000.0,54.1,S
2021-06-29T09:21:17,700.0,54.1,S
2021-06-29T09:21:16,1700.0,54.1,S
2021-06-29T09:21:15,500.0,54.1,S
2021-06-29T09:21:13,2000.0,54.1,S
2021-06-29T09:21:13,5600.0,54.1,S
2021-06-29T09:21:12,2000.0,54.1,S
2021-06-29T09:21:10,1300.0,54.1,S
2021-06-29T09:21:10,2400.0,54.1,S
2021-06-29T09:21:08,400.0,54.1,S
2021-06-29T09:21:07,5800.0,54.1,S
2021-06-29T09:21:07,1400.0,54.1,S
2021-06-29T09:21:07,200.0,54.1,S
2021-06-29T09:21:07,2600.0,54.1,S
2021-06-29T09:21:07,5400.0,54.0,S
2021-06-29T09:21:05,200.0,54.1,S
2021-06-29T09:21:05,4200.0,54.0,S
2021-06-29T09:21:05,100.0,54.1,S
2021-06-29T09:21:04,200.0,54.1,S
2021-06-29T09:21:01,300.0,54.0,S
2021-06-29T09:21:01,2600.0,54.0,S
2021-06-29T09:21:01,2300.0,54.0,S
2021-06-29T09:20:58,3000.0,54.0,S
2021-06-29T09:20:57,1100.0,54.0,S
2021-06-29T09:20:56,1900.0,54.1,S
2021-06-29T09:20:55,500.0,54.1,S
2021-06-29T09:20:52,500.0,54.0,S
2021-06-29T09:20:52,5400.0,54.1,S
2021-06-29T09:20:52,4600.0,54.1,S
2021-06-29T09:20:51,200.0,54.1,S
2021-06-29T09:20:49,200.0,54.1,S
2021-06-29T09:20:49,600.0,54.0,S
2021-06-29T09:20:49,1000.0,54.0,S
2021-06-29T09:20:48,11600.0,54.0,S
2021-06-29T09:20:46,9400.0,54.1,S
2021-06-29T09:20:46,1000.0,54.0,S
2021-06-29T09:20:46,1400.0,54.0,S
2021-06-29T09:20:46,5800.0,54.0,S
2021-06-29T09:20:46,300.0,54.1,S
2021-06-29T09:20:45,1700.0,54.1,S
2021-06-29T09:20:45,1100.0,54.0,S
2021-06-29T09:20:44,7700.0,54.0,S
2021-06-29T09:20:44,2700.0,54.0,S
2021-06-29T09:20:43,100.0,54.0,S
2021-06-29T09:20:39,800.0,54.1,S
2021-06-29T09:20:38,200.0,54.1,S
2021-06-29T09:20:38,400.0,54.1,S
2021-06-29T09:20:38,2300.0,54.1,S
2021-06-29T09:20:37,200.0,54.1,S
2021-06-29T09:20:36,7100.0,54.0,S
2021-06-29T09:20:36,400.0,54.0,S
2021-06-29T09:20:36,2100.0,54.0,S
2021-06-29T09:20:36,1000.0,54.0,S
2021-06-29T09:20:36,600.0,54.0,S
2021-06-29T09:20:36,500.0,54.0,S
2021-06-29T09:20:35,400.0,54.0,S
2021-06-29T09:20:35,800.0,54.0,S
2021-06-29T09:20:35,3200.0,54.0,S
2021-06-29T09:20:35,2300.0,54.0,S
2021-06-29T09:20:35,1900.0,54.0,S
2021-06-29T09:20:35,700.0,54.0,S
2021-06-29T09:20:35,3000.0,54.0,S
2021-06-29T09:20:35,20700.0,54.0,S
2021-06-29T09:20:35,1000.0,54.0,S
2021-06-29T09:20:34,800.0,54.0,S
2021-06-29T09:20:34,200.0,54.0,S
2021-06-29T09:20:34,3100.0,54.0,S
2021-06-29T09:20:34,1100.0,54.0,S
2021-06-29T09:20:34,200.0,54.0,S
2021-06-29T09:20:34,4000.0,54.0,S
2021-06-29T09:20:34,2100.0,54.0,S
2021-06-29T09:20:34,3100.0,54.0,S
2021-06-29T09:20:34,3700.0,54.0,S
2021-06-29T09:20:34,400.0,54.0,S
2021-06-29T09:20:33,600.0,54.0,S
2021-06-29T09:20:33,1100.0,54.0,S
2021-06-29T09:20:33,1000.0,54.0,S
2021-06-29T09:20:33,800.0,54.0,S
2021-06-29T09:20:33,600.0,54.0,S
2021-06-29T09:20:33,6200.0,54.0,S
2021-06-29T09:20:33,500.0,54.0,S
2021-06-29T09:20:32,9700.0,54.0,S
2021-06-29T09:20:32,800.0,54.0,S
2021-06-29T09:20:32,1500.0,54.0,S
2021-06-29T09:20:32,6200.0,54.0,S
2021-06-29T09:20:32,2800.0,54.0,S
2021-06-29T09:20:32,2000.0,54.0,S
2021-06-29T09:20:31,300.0,54.0,S
2021-06-29T09:20:31,1500.0,54.0,S
2021-06-29T09:20:30,900.0,54.1,S
2021-06-29T09:20:30,200.0,54.1,S
2021-06-29T09:20:30,1400.0,54.1,S
2021-06-29T09:20:29,1400.0,54.1,S
2021-06-29T09:20:29,3000.0,54.1,S
2021-06-29T09:20:28,100.0,54.2,S
2021-06-29T09:20:27,3100.0,54.1,S
2021-06-29T09:20:26,4500.0,54.1,S
2021-06-29T09:20:25,200.0,54.1,S
2021-06-29T09:20:24,100.0,54.1,S
2021-06-29T09:20:23,200.0,54.1,S
2021-06-29T09:20:23,200.0,54.1,S
2021-06-29T09:20:22,100.0,54.1,S
2021-06-29T09:20:21,14900.0,54.1,S
2021-06-29T09:20:19,800.0,54.1,S
2021-06-29T09:20:18,6000.0,54.1,S
2021-06-29T09:20:18,600.0,54.1,S
2021-06-29T09:20:18,400.0,54.1,S
2021-06-29T09:20:17,100.0,54.2,S
2021-06-29T09:20:14,500.0,54.1,S
2021-06-29T09:20:11,500.0,54.2,S
2021-06-29T09:20:08,100.0,54.1,S
2021-06-29T09:20:08,2000.0,54.1,S
2021-06-29T09:20:08,1000.0,54.1,S
2021-06-29T09:20:04,500.0,54.2,S
2021-06-29T09:20:04,1200.0,54.1,S
2021-06-29T09:20:04,500.0,54.1,S
2021-06-29T09:20:02,100.0,54.1,S
2021-06-29T09:20:02,12400.0,54.1,S
2021-06-29T09:20:00,2700.0,54.1,S
2021-06-29T09:19:56,600.0,54.1,S
2021-06-29T09:19:53,11700.0,54.1,S
2021-06-29T09:19:53,1000.0,54.1,S
2021-06-29T09:19:53,1200.0,54.1,S
2021-06-29T09:19:53,300.0,54.1,S
2021-06-29T09:19:52,400.0,54.1,S
2021-06-29T09:19:52,10100.0,54.1,S
2021-06-29T09:19:52,800.0,54.1,S
2021-06-29T09:19:52,4800.0,54.1,S
2021-06-29T09:19:52,700.0,54.1,S
2021-06-29T09:19:52,6900.0,54.1,S
2021-06-29T09:19:47,100.0,54.1,S
2021-06-29T09:19:45,200.0,54.0,S
2021-06-29T09:19:44,300.0,54.1,S
2021-06-29T09:19:43,100.0,54.0,S
2021-06-29T09:19:43,200.0,54.0,S
2021-06-29T09:19:43,100.0,54.0,S
2021-06-29T09:19:43,2600.0,54.0,S
2021-06-29T09:19:43,8800.0,54.0,S
2021-06-29T09:19:42,200.0,54.0,S
2021-06-29T09:19:40,100.0,54.0,S
2021-06-29T09:19:36,100.0,54.0,S
2021-06-29T09:19:32,400.0,54.0,S
2021-06-29T09:19:32,500.0,54.0,S
2021-06-29T09:19:29,400.0,54.0,S
2021-06-29T09:19:27,100.0,54.1,S
2021-06-29T09:19:27,300.0,54.0,S
2021-06-29T09:19:25,1000.0,54.1,S
2021-06-29T09:19:25,1000.0,54.1,S
2021-06-29T09:19:25,100.0,54.1,S
2021-06-29T09:19:24,1000.0,54.1,S
2021-06-29T09:19:24,1000.0,54.0,S
2021-06-29T09:19:24,100.0,54.1,S
2021-06-29T09:19:22,1400.0,54.0,S
2021-06-29T09:19:21,100.0,54.1,S
2021-06-29T09:19:20,1900.0,54.0,S
2021-06-29T09:19:19,200.0,54.1,S
2021-06-29T09:19:17,1100.0,54.0,S
2021-06-29T09:19:16,100.0,54.0,S
2021-06-29T09:19:15,800.0,54.0,S
2021-06-29T09:19:14,100.0,54.0,S
2021-06-29T09:19:14,600.0,54.1,S
2021-06-29T09:19:12,100.0,54.0,S
2021-06-29T09:19:09,100.0,54.0,S
2021-06-29T09:19:09,1100.0,54.0,S
2021-06-29T09:19:07,100.0,54.0,S
2021-06-29T09:19:07,800.0,54.0,S
2021-06-29T09:19:06,4000.0,54.0,S
2021-06-29T09:19:04,100.0,54.0,S
2021-06-29T09:19:04,500.0,54.0,S
2021-06-29T09:19:04,1400.0,54.0,S
2021-06-29T09:19:03,1000.0,54.1,S
2021-06-29T09:19:02,1000.0,54.1,S
2021-06-29T09:19:02,100.0,54.1,S
2021-06-29T09:19:00,2100.0,54.0,S
2021-06-29T09:18:59,1500.0,54.1,S
2021-06-29T09:18:59,200.0,54.1,S
2021-06-29T09:18:59,100.0,54.0,S
2021-06-29T09:18:58,400.0,54.0,S
2021-06-29T09:18:54,200.0,54.1,S
2021-06-29T09:18:52,2800.0,54.0,S
2021-06-29T09:18:52,1000.0,54.1,S
2021-06-29T09:18:52,1600.0,54.0,S
2021-06-29T09:18:50,500.0,54.0,S
2021-06-29T09:18:50,300.0,54.0,S
2021-06-29T09:18:50,1100.0,54.0,S
2021-06-29T09:18:50,100.0,54.0,S
2021-06-29T09:18:50,10200.0,54.0,S
2021-06-29T09:18:47,500.0,54.1,S
2021-06-29T09:18:47,2000.0,54.1,S
2021-06-29T09:18:46,3700.0,54.0,S
2021-06-29T09:18:45,1000.0,54.1,S
2021-06-29T09:18:45,5900.0,54.1,S
2021-06-29T09:18:44,800.0,54.0,S
2021-06-29T09:18:43,1400.0,54.0,S
2021-06-29T09:18:43,3100.0,54.0,S
2021-06-29T09:18:41,200.0,54.1,S
2021-06-29T09:18:40,1000.0,54.0,S
2021-06-29T09:18:35,1200.0,54.0,S
2021-06-29T09:18:35,5000.0,54.0,S
2021-06-29T09:18:35,1000.0,54.0,S
2021-06-29T09:18:34,21300.0,54.0,S
2021-06-29T09:18:34,2300.0,54.0,S
2021-06-29T09:18:34,2100.0,54.0,S
2021-06-29T09:18:34,500.0,54.0,S
2021-06-29T09:18:34,3100.0,54.0,S
2021-06-29T09:18:34,100.0,54.0,S
2021-06-29T09:18:33,100.0,54.0,S
2021-06-29T09:18:32,500.0,54.1,S
2021-06-29T09:18:32,500.0,54.1,S
2021-06-29T09:18:30,600.0,54.0,S
2021-06-29T09:18:30,1500.0,54.0,S
2021-06-29T09:18:30,300.0,54.0,S
2021-06-29T09:18:30,3400.0,54.0,S
2021-06-29T09:18:30,2500.0,54.0,S
2021-06-29T09:18:30,1000.0,54.0,S
2021-06-29T09:18:30,500.0,54.0,S
2021-06-29T09:18:30,3100.0,54.0,S
2021-06-29T09:18:30,2000.0,54.0,S
2021-06-29T09:18:29,2000.0,54.0,S
2021-06-29T09:18:29,1100.0,54.0,S
2021-06-29T09:18:29,700.0,54.0,S
2021-06-29T09:18:29,2600.0,54.0,S
2021-06-29T09:18:29,600.0,54.0,S
2021-06-29T09:18:29,1000.0,54.0,S
2021-06-29T09:18:29,1100.0,54.0,S
2021-06-29T09:18:28,1000.0,54.0,S
2021-06-29T09:18:25,300.0,54.1,S
2021-06-29T09:18:24,3200.0,54.2,S
2021-06-29T09:18:24,400.0,54.2,S
2021-06-29T09:18:23,100.0,54.2,S
2021-06-29T09:18:22,400.0,54.2,S
2021-06-29T09:18:22,2000.0,54.3,B
2021-06-29T09:18:20,500.0,54.2,S
2021-06-29T09:18:18,200.0,54.0,S
2021-06-29T09:18:18,200.0,54.0,S
2021-06-29T09:18:18,4400.0,54.0,S
2021-06-29T09:18:18,13700.0,54.0,S
2021-06-29T09:18:18,1100.0,54.0,S
2021-06-29T09:18:18,40400.0,54.0,S
2021-06-29T09:18:17,1500.0,54.2,S
2021-06-29T09:18:17,100.0,54.2,S
2021-06-29T09:18:16,13000.0,54.1,S
2021-06-29T09:18:16,100.0,54.1,S
2021-06-29T09:18:16,6200.0,54.1,S
2021-06-29T09:18:15,14700.0,54.1,S
2021-06-29T09:18:15,100.0,54.3,B
2021-06-29T09:18:13,1300.0,54.2,S
2021-06-29T09:18:13,100.0,54.2,S
2021-06-29T09:18:09,100.0,54.2,S
2021-06-29T09:18:09,3900.0,54.2,S
2021-06-29T09:18:08,200.0,54.3,B
2021-06-29T09:18:06,1500.0,54.2,S
2021-06-29T09:18:06,1500.0,54.2,S
2021-06-29T09:18:06,300.0,54.2,S
2021-06-29T09:18:05,300.0,54.2,S
2021-06-29T09:18:00,100.0,54.2,S
2021-06-29T09:18:00,700.0,54.2,S
2021-06-29T09:18:00,100.0,54.2,S
2021-06-29T09:18:00,7500.0,54.2,S
2021-06-29T09:17:59,800.0,54.2,S
2021-06-29T09:17:53,300.0,54.3,B
2021-06-29T09:17:52,11100.0,54.2,S
2021-06-29T09:17:52,200.0,54.2,S
2021-06-29T09:17:52,8700.0,54.2,S
2021-06-29T09:17:52,800.0,54.3,B
2021-06-29T09:17:52,200.0,54.2,S
2021-06-29T09:17:52,100.0,54.3,B
2021-06-29T09:17:52,2200.0,54.2,S
2021-06-29T09:17:48,1000.0,54.3,B
2021-06-29T09:17:46,100.0,54.3,B
2021-06-29T09:17:45,100.0,54.3,B
2021-06-29T09:17:43,6900.0,54.3,B
2021-06-29T09:17:41,1300.0,54.3,B
2021-06-29T09:17:41,100.0,54.3,B
2021-06-29T09:17:39,400.0,54.3,B
2021-06-29T09:17:39,100.0,54.3,B
2021-06-29T09:17:38,200.0,54.3,B
2021-06-29T09:17:37,11700.0,54.3,B
2021-06-29T09:17:35,1000.0,54.3,B
2021-06-29T09:17:33,200.0,54.3,B
2021-06-29T09:17:30,300.0,54.3,B
2021-06-29T09:17:27,500.0,54.3,S
2021-06-29T09:17:25,500.0,54.3,S
2021-06-29T09:17:22,1000.0,54.3,S
2021-06-29T09:17:19,400.0,54.3,S
2021-06-29T09:17:17,2000.0,54.3,S
2021-06-29T09:17:16,100.0,54.3,S
2021-06-29T09:17:16,1500.0,54.3,S
2021-06-29T09:17:16,5500.0,54.3,S
2021-06-29T09:17:15,1100.0,54.3,S
2021-06-29T09:17:14,3200.0,54.3,S
2021-06-29T09:17:12,300.0,54.3,S
2021-06-29T09:17:10,5000.0,54.3,S
2021-06-29T09:17:10,100.0,54.3,S
2021-06-29T09:17:10,300.0,54.3,S
2021-06-29T09:17:09,18000.0,54.4,B
2021-06-29T09:17:08,7000.0,54.3,S
2021-06-29T09:17:08,1100.0,54.3,S
2021-06-29T09:17:06,200.0,54.3,S
2021-06-29T09:17:05,800.0,54.3,S
2021-06-29T09:17:04,1000.0,54.3,S
2021-06-29T09:17:03,500.0,54.3,S
2021-06-29T09:17:02,1500.0,54.3,S
2021-06-29T09:17:00,500.0,54.3,S
2021-06-29T09:16:59,800.0,54.3,S
2021-06-29T09:16:58,200.0,54.3,S
2021-06-29T09:16:55,900.0,54.3,S
2021-06-29T09:16:55,2800.0,54.3,S
2021-06-29T09:16:55,200.0,54.3,S
2021-06-29T09:16:53,1300.0,54.3,S
2021-06-29T09:16:53,800.0,54.3,S
2021-06-29T09:16:52,700.0,54.3,S
2021-06-29T09:16:50,400.0,54.3,S
2021-06-29T09:16:50,2000.0,54.3,S
2021-06-29T09:16:50,400.0,54.3,S
2021-06-29T09:16:49,100.0,54.3,S
2021-06-29T09:16:47,2000.0,54.3,S
2021-06-29T09:16:46,100.0,54.4,B
2021-06-29T09:16:45,1900.0,54.3,S
2021-06-29T09:16:42,1000.0,54.3,S
2021-06-29T09:16:42,1000.0,54.3,S
2021-06-29T09:16:42,100.0,54.3,S
2021-06-29T09:16:40,300.0,54.3,S
2021-06-29T09:16:34,100.0,54.3,S
2021-06-29T09:16:31,300.0,54.3,S
2021-06-29T09:16:28,900.0,54.3,S
2021-06-29T09:16:26,100.0,54.3,S
2021-06-29T09:16:25,2300.0,54.3,S
2021-06-29T09:16:25,300.0,54.3,S
2021-06-29T09:16:24,100.0,54.3,S
2021-06-29T09:16:24,700.0,54.3,S
2021-06-29T09:16:24,300.0,54.3,S
2021-06-29T09:16:21,200.0,54.3,S
2021-06-29T09:16:21,600.0,54.3,S
2021-06-29T09:16:18,600.0,54.4,B
2021-06-29T09:16:18,500.0,54.3,S
2021-06-29T09:16:17,100.0,54.3,S
2021-06-29T09:16:17,300.0,54.3,S
2021-06-29T09:16:17,1000.0,54.3,S
2021-06-29T09:16:15,100.0,54.3,S
2021-06-29T09:16:13,300.0,54.3,S
2021-06-29T09:16:13,500.0,54.3,S
2021-06-29T09:16:13,500.0,54.3,S
2021-06-29T09:16:13,1400.0,54.3,S
2021-06-29T09:16:12,8000.0,54.3,S
2021-06-29T09:16:11,15000.0,54.3,S
2021-06-29T09:16:11,5000.0,54.3,S
2021-06-29T09:16:11,100.0,54.4,B
2021-06-29T09:16:05,1000.0,54.4,B
2021-06-29T09:16:02,200.0,54.3,S
2021-06-29T09:16:00,200.0,54.3,S
2021-06-29T09:16:00,300.0,54.3,S
2021-06-29T09:15:44,100.0,54.4,B
2021-06-29T09:15:43,200.0,54.3,S
2021-06-29T09:15:33,100.0,54.3,S
2021-06-29T09:15:33,400.0,54.3,S
2021-06-29T09:15:33,1100.0,54.3,S
2021-06-29T09:15:33,2900.0,54.3,S
2021-06-29T09:15:33,6400.0,54.3,S
2021-06-29T09:15:33,1000.0,54.4,S
2021-06-29T09:15:32,1000.0,54.3,S
2021-06-29T09:15:32,1100.0,54.4,S
2021-06-29T09:15:32,2500.0,54.4,S
2021-06-29T09:15:32,11500.0,54.4,S
