tradingTime,volume,price,side
2021-06-29T10:20:27,2000.0,22.5,B
2021-06-29T10:20:17,200.0,22.5,B
2021-06-29T10:19:57,1000.0,22.5,B
2021-06-29T10:19:42,100.0,22.5,B
2021-06-29T10:18:54,200.0,22.5,B
2021-06-29T10:18:51,100.0,22.5,B
2021-06-29T10:18:32,1000.0,22.5,B
2021-06-29T10:18:10,800.0,22.45,S
2021-06-29T10:18:07,1000.0,22.5,B
2021-06-29T10:18:01,100.0,22.5,B
2021-06-29T10:17:47,5000.0,22.5,B
2021-06-29T10:17:39,2000.0,22.45,S
2021-06-29T10:17:32,100.0,22.5,B
2021-06-29T10:17:24,21000.0,22.5,B
2021-06-29T10:17:24,2400.0,22.5,B
2021-06-29T10:17:24,6600.0,22.5,B
2021-06-29T10:17:08,6300.0,22.45,B
2021-06-29T10:17:08,5000.0,22.45,B
2021-06-29T10:17:08,2000.0,22.45,B
2021-06-29T10:17:07,1100.0,22.45,B
2021-06-29T10:17:04,500.0,22.45,B
2021-06-29T10:17:03,1000.0,22.45,B
2021-06-29T10:17:02,800.0,22.45,B
2021-06-29T10:17:00,400.0,22.45,B
2021-06-29T10:16:59,20000.0,22.45,B
2021-06-29T10:16:40,1000.0,22.45,B
2021-06-29T10:16:16,1000.0,22.45,B
2021-06-29T10:16:05,1000.0,22.45,B
2021-06-29T10:15:42,100.0,22.45,B
2021-06-29T10:15:23,200.0,22.45,B
2021-06-29T10:15:20,500.0,22.45,B
2021-06-29T10:14:25,1000.0,22.45,S
2021-06-29T10:14:25,6700.0,22.45,S
2021-06-29T10:14:18,100.0,22.45,S
2021-06-29T10:12:16,100.0,22.5,B
2021-06-29T10:11:40,4500.0,22.5,B
2021-06-29T10:11:30,100.0,22.5,B
2021-06-29T10:11:29,400.0,22.5,B
2021-06-29T10:10:30,200.0,22.5,B
2021-06-29T10:10:30,400.0,22.5,B
2021-06-29T10:09:42,700.0,22.45,S
2021-06-29T10:09:41,2700.0,22.45,S
2021-06-29T10:09:10,200.0,22.45,S
2021-06-29T10:09:09,500.0,22.45,S
2021-06-29T10:08:59,100.0,22.5,B
2021-06-29T10:08:23,3300.0,22.45,S
2021-06-29T10:08:07,1300.0,22.45,S
2021-06-29T10:07:19,1000.0,22.45,S
2021-06-29T10:07:07,3300.0,22.45,S
2021-06-29T10:06:48,8300.0,22.45,B
2021-06-29T10:06:48,48000.0,22.45,B
2021-06-29T10:06:48,13200.0,22.45,B
2021-06-29T10:06:26,1000.0,22.45,B
2021-06-29T10:06:00,200.0,22.45,B
2021-06-29T10:06:00,300.0,22.45,B
2021-06-29T10:05:40,1300.0,22.4,S
2021-06-29T10:05:28,1000.0,22.45,B
2021-06-29T10:05:20,500.0,22.4,S
2021-06-29T10:05:18,20000.0,22.45,B
2021-06-29T10:05:12,200.0,22.4,S
2021-06-29T10:05:10,400.0,22.45,B
2021-06-29T10:04:20,5000.0,22.45,B
2021-06-29T10:03:56,500.0,22.45,B
2021-06-29T10:03:48,1000.0,22.45,B
2021-06-29T10:03:31,300.0,22.4,S
2021-06-29T10:03:26,800.0,22.45,B
2021-06-29T10:02:05,200.0,22.45,B
2021-06-29T10:01:42,500.0,22.45,B
2021-06-29T10:01:27,200.0,22.45,B
2021-06-29T10:01:02,2000.0,22.45,B
2021-06-29T10:00:59,400.0,22.4,S
2021-06-29T10:00:59,3000.0,22.4,S
2021-06-29T10:00:59,2000.0,22.4,S
2021-06-29T10:00:59,44600.0,22.4,S
2021-06-29T10:00:56,500.0,22.45,B
2021-06-29T10:00:53,100.0,22.45,B
2021-06-29T10:00:34,100.0,22.45,S
2021-06-29T10:00:33,5000.0,22.45,S
2021-06-29T10:00:32,200.0,22.4,S
2021-06-29T10:00:26,3300.0,22.4,S
2021-06-29T10:00:04,4600.0,22.4,S
2021-06-29T09:59:59,1000.0,22.45,S
2021-06-29T09:59:56,100.0,22.45,S
2021-06-29T09:59:55,200.0,22.45,S
2021-06-29T09:59:53,300.0,22.45,S
2021-06-29T09:59:53,800.0,22.45,S
2021-06-29T09:59:30,12000.0,22.45,S
2021-06-29T09:59:30,90000.0,22.45,S
2021-06-29T09:59:30,58000.0,22.45,S
2021-06-29T09:59:14,5000.0,22.45,S
2021-06-29T09:58:59,1000.0,22.5,B
2021-06-29T09:58:46,500.0,22.5,B
2021-06-29T09:58:30,100.0,22.5,S
2021-06-29T09:58:19,500.0,22.5,S
2021-06-29T09:58:06,300.0,22.5,S
2021-06-29T09:58:05,200.0,22.5,S
2021-06-29T09:57:54,100.0,22.5,S
2021-06-29T09:57:51,200.0,22.5,S
2021-06-29T09:57:32,5000.0,22.5,S
2021-06-29T09:57:31,100.0,22.5,S
2021-06-29T09:57:26,1000.0,22.55,B
2021-06-29T09:57:02,100.0,22.55,B
2021-06-29T09:57:02,1000.0,22.55,B
2021-06-29T09:56:53,100.0,22.55,B
2021-06-29T09:56:52,500.0,22.5,S
2021-06-29T09:56:52,1400.0,22.5,S
2021-06-29T09:56:52,1300.0,22.5,S
2021-06-29T09:56:52,5200.0,22.5,S
2021-06-29T09:56:50,211600.0,22.5,S
2021-06-29T09:56:31,9200.0,22.55,S
2021-06-29T09:56:30,3300.0,22.55,S
2021-06-29T09:56:25,100.0,22.6,B
2021-06-29T09:56:23,500.0,22.55,S
2021-06-29T09:55:57,400.0,22.55,S
2021-06-29T09:55:57,100.0,22.55,S
2021-06-29T09:55:41,1900.0,22.6,B
2021-06-29T09:55:19,6000.0,22.6,B
2021-06-29T09:55:05,200.0,22.6,S
2021-06-29T09:55:05,1300.0,22.6,S
2021-06-29T09:55:05,56800.0,22.6,S
2021-06-29T09:54:59,1000.0,22.6,S
2021-06-29T09:54:43,200.0,22.65,S
2021-06-29T09:54:32,500.0,22.65,S
2021-06-29T09:54:27,5000.0,22.65,S
2021-06-29T09:54:15,200.0,22.7,B
2021-06-29T09:53:49,20000.0,22.7,B
2021-06-29T09:53:27,100.0,22.7,B
2021-06-29T09:53:24,70000.0,22.65,S
2021-06-29T09:53:23,500.0,22.7,B
2021-06-29T09:53:16,500.0,22.7,B
2021-06-29T09:52:50,2000.0,22.7,B
2021-06-29T09:52:20,100.0,22.7,B
2021-06-29T09:52:20,2200.0,22.75,B
2021-06-29T09:52:20,10500.0,22.75,B
2021-06-29T09:52:19,27600.0,22.75,B
2021-06-29T09:52:19,100.0,22.7,B
2021-06-29T09:52:13,900.0,22.7,B
2021-06-29T09:52:13,3000.0,22.7,B
2021-06-29T09:52:03,1100.0,22.7,S
2021-06-29T09:52:03,500.0,22.7,S
2021-06-29T09:51:46,200.0,22.75,B
2021-06-29T09:51:43,9100.0,22.7,S
2021-06-29T09:51:43,2000.0,22.7,S
2021-06-29T09:51:43,100.0,22.7,S
2021-06-29T09:51:43,38800.0,22.7,S
2021-06-29T09:51:30,200.0,22.75,B
2021-06-29T09:51:28,100.0,22.75,B
2021-06-29T09:51:25,400.0,22.75,B
2021-06-29T09:51:20,1500.0,22.75,B
2021-06-29T09:51:16,2000.0,22.75,B
2021-06-29T09:51:13,4400.0,22.75,B
2021-06-29T09:51:09,500.0,22.75,B
2021-06-29T09:51:02,100.0,22.75,B
2021-06-29T09:51:02,1000.0,22.7,S
2021-06-29T09:50:58,1800.0,22.75,B
2021-06-29T09:50:57,8200.0,22.75,B
2021-06-29T09:50:54,400.0,22.7,S
2021-06-29T09:50:53,500.0,22.75,B
2021-06-29T09:50:52,200.0,22.75,B
2021-06-29T09:50:42,1000.0,22.7,S
2021-06-29T09:50:33,4000.0,22.75,B
2021-06-29T09:50:27,1400.0,22.75,B
2021-06-29T09:50:25,1600.0,22.75,B
2021-06-29T09:50:19,100.0,22.7,S
2021-06-29T09:50:07,800.0,22.75,B
2021-06-29T09:50:05,1700.0,22.75,B
2021-06-29T09:50:04,100.0,22.75,B
2021-06-29T09:50:04,1000.0,22.7,S
2021-06-29T09:49:52,3400.0,22.7,S
2021-06-29T09:49:40,100.0,22.7,S
2021-06-29T09:49:37,2400.0,22.7,S
2021-06-29T09:49:32,3000.0,22.7,B
2021-06-29T09:49:20,200.0,22.7,B
2021-06-29T09:49:15,20000.0,22.7,B
2021-06-29T09:49:15,1000.0,22.7,B
2021-06-29T09:49:12,10000.0,22.7,B
2021-06-29T09:49:06,5000.0,22.7,B
2021-06-29T09:49:03,2000.0,22.7,B
2021-06-29T09:49:02,500.0,22.75,B
2021-06-29T09:48:55,100.0,22.7,B
2021-06-29T09:48:48,10000.0,22.7,B
2021-06-29T09:48:47,2500.0,22.7,B
2021-06-29T09:48:44,4200.0,22.7,B
2021-06-29T09:48:42,300.0,22.7,B
2021-06-29T09:48:32,18300.0,22.7,B
2021-06-29T09:48:11,10000.0,22.7,B
2021-06-29T09:47:59,3100.0,22.7,B
2021-06-29T09:47:59,14700.0,22.7,B
2021-06-29T09:47:59,700.0,22.7,B
2021-06-29T09:47:59,17400.0,22.7,B
2021-06-29T09:47:59,5700.0,22.7,B
2021-06-29T09:47:59,100.0,22.7,B
2021-06-29T09:47:58,1000.0,22.7,B
2021-06-29T09:47:58,5000.0,22.7,B
2021-06-29T09:47:33,4000.0,22.7,B
2021-06-29T09:47:24,1000.0,22.65,S
2021-06-29T09:47:14,3300.0,22.65,S
2021-06-29T09:47:11,100.0,22.65,S
2021-06-29T09:46:52,2000.0,22.65,B
2021-06-29T09:46:49,1000.0,22.65,B
2021-06-29T09:46:25,500.0,22.65,B
2021-06-29T09:46:25,1100.0,22.65,B
2021-06-29T09:46:25,3900.0,22.65,B
2021-06-29T09:46:08,500.0,22.65,B
2021-06-29T09:45:59,2700.0,22.65,B
2021-06-29T09:45:59,12500.0,22.65,B
2021-06-29T09:45:59,34800.0,22.65,B
2021-06-29T09:45:55,3400.0,22.6,S
2021-06-29T09:45:29,12400.0,22.6,B
2021-06-29T09:45:29,1700.0,22.6,B
2021-06-29T09:45:29,3000.0,22.6,B
2021-06-29T09:45:29,500.0,22.6,B
2021-06-29T09:45:29,1500.0,22.6,B
2021-06-29T09:45:12,600.0,22.6,B
2021-06-29T09:45:12,1100.0,22.6,B
2021-06-29T09:45:10,1000.0,22.6,B
2021-06-29T09:45:10,100.0,22.6,B
2021-06-29T09:45:06,1300.0,22.6,B
2021-06-29T09:45:06,1700.0,22.6,B
2021-06-29T09:45:06,5800.0,22.6,B
2021-06-29T09:45:04,600.0,22.6,B
2021-06-29T09:44:40,900.0,22.6,B
2021-06-29T09:44:40,2100.0,22.6,B
2021-06-29T09:44:19,200.0,22.6,B
2021-06-29T09:44:19,1400.0,22.6,B
2021-06-29T09:44:19,2400.0,22.6,B
2021-06-29T09:44:19,4500.0,22.6,B
2021-06-29T09:44:19,11500.0,22.6,B
2021-06-29T09:44:18,3000.0,22.6,B
2021-06-29T09:44:06,1400.0,22.6,B
2021-06-29T09:44:06,100.0,22.6,B
2021-06-29T09:44:06,8100.0,22.6,B
2021-06-29T09:44:06,400.0,22.6,B
2021-06-29T09:44:04,2000.0,22.55,S
2021-06-29T09:43:56,300.0,22.55,S
2021-06-29T09:43:39,2000.0,22.55,B
2021-06-29T09:43:37,2500.0,22.55,B
2021-06-29T09:43:35,200.0,22.5,S
2021-06-29T09:43:28,2000.0,22.55,B
2021-06-29T09:43:28,5900.0,22.55,B
2021-06-29T09:43:23,100.0,22.5,S
2021-06-29T09:43:18,11000.0,22.55,B
2021-06-29T09:43:18,2100.0,22.55,B
2021-06-29T09:43:18,5500.0,22.55,B
2021-06-29T09:43:18,31400.0,22.55,B
2021-06-29T09:43:07,100.0,22.55,B
2021-06-29T09:43:00,1400.0,22.5,S
2021-06-29T09:42:58,100.0,22.5,S
2021-06-29T09:42:42,500.0,22.5,S
2021-06-29T09:42:41,100.0,22.55,B
2021-06-29T09:42:30,17800.0,22.5,S
2021-06-29T09:42:16,300.0,22.5,S
2021-06-29T09:42:07,5400.0,22.5,S
2021-06-29T09:41:55,3400.0,22.5,B
2021-06-29T09:41:52,100.0,22.5,B
2021-06-29T09:41:52,21100.0,22.5,B
2021-06-29T09:41:29,400.0,22.5,B
2021-06-29T09:41:29,200.0,22.5,B
2021-06-29T09:40:36,500.0,22.5,B
2021-06-29T09:40:36,100.0,22.5,B
2021-06-29T09:40:30,4800.0,22.5,B
2021-06-29T09:39:47,500.0,22.5,B
2021-06-29T09:39:36,500.0,22.5,B
2021-06-29T09:39:36,19000.0,22.5,B
2021-06-29T09:39:36,2500.0,22.5,B
2021-06-29T09:39:36,500.0,22.5,B
2021-06-29T09:39:35,7500.0,22.45,S
2021-06-29T09:39:32,500.0,22.45,S
2021-06-29T09:39:23,17000.0,22.45,S
2021-06-29T09:39:18,300.0,22.5,B
2021-06-29T09:38:32,20000.0,22.5,B
2021-06-29T09:38:30,100.0,22.5,B
2021-06-29T09:38:12,3000.0,22.5,B
2021-06-29T09:38:01,3000.0,22.5,B
2021-06-29T09:37:48,1000.0,22.5,B
2021-06-29T09:37:40,100.0,22.5,B
2021-06-29T09:37:30,2000.0,22.5,B
2021-06-29T09:37:21,200.0,22.5,B
2021-06-29T09:37:14,4700.0,22.45,S
2021-06-29T09:37:14,10100.0,22.45,S
2021-06-29T09:37:14,1500.0,22.45,S
2021-06-29T09:37:14,2600.0,22.45,S
2021-06-29T09:37:14,11100.0,22.45,S
2021-06-29T09:37:07,10000.0,22.45,S
2021-06-29T09:37:05,20000.0,22.5,B
2021-06-29T09:36:51,100.0,22.5,B
2021-06-29T09:36:13,100.0,22.5,B
2021-06-29T09:36:09,800.0,22.5,B
2021-06-29T09:36:04,500.0,22.5,B
2021-06-29T09:35:55,100.0,22.5,B
2021-06-29T09:35:38,1200.0,22.5,B
2021-06-29T09:35:23,1000.0,22.5,B
2021-06-29T09:35:19,1000.0,22.5,B
2021-06-29T09:35:12,200.0,22.5,B
2021-06-29T09:34:59,800.0,22.5,B
2021-06-29T09:34:58,100.0,22.5,B
2021-06-29T09:34:38,200.0,22.5,S
2021-06-29T09:34:37,1000.0,22.5,S
2021-06-29T09:34:34,300.0,22.5,S
2021-06-29T09:34:19,2400.0,22.5,S
2021-06-29T09:34:15,2000.0,22.5,S
2021-06-29T09:34:13,100.0,22.5,S
2021-06-29T09:34:08,1600.0,22.5,S
2021-06-29T09:34:03,100.0,22.5,S
2021-06-29T09:33:54,200.0,22.5,S
2021-06-29T09:33:27,100.0,22.5,S
2021-06-29T09:33:19,100.0,22.5,S
2021-06-29T09:33:18,400.0,22.5,S
2021-06-29T09:33:01,900.0,22.5,S
2021-06-29T09:32:55,100.0,22.55,B
2021-06-29T09:32:36,100.0,22.5,S
2021-06-29T09:32:28,10000.0,22.5,S
2021-06-29T09:32:06,100.0,22.55,S
2021-06-29T09:31:39,1300.0,22.55,S
2021-06-29T09:31:36,1000.0,22.55,S
2021-06-29T09:31:22,1000.0,22.55,S
2021-06-29T09:31:09,700.0,22.55,S
2021-06-29T09:31:01,500.0,22.55,S
2021-06-29T09:30:59,100.0,22.6,B
2021-06-29T09:30:53,500.0,22.55,S
2021-06-29T09:30:51,900.0,22.55,S
2021-06-29T09:30:14,300.0,22.55,B
2021-06-29T09:29:56,100.0,22.55,B
2021-06-29T09:29:51,1000.0,22.55,B
2021-06-29T09:29:40,3600.0,22.55,B
2021-06-29T09:29:40,5500.0,22.55,B
2021-06-29T09:29:40,10000.0,22.55,B
2021-06-29T09:29:40,5500.0,22.55,B
2021-06-29T09:29:28,1000.0,22.5,S
2021-06-29T09:29:26,400.0,22.5,S
2021-06-29T09:29:18,13400.0,22.5,S
2021-06-29T09:29:16,3000.0,22.5,S
2021-06-29T09:29:14,100.0,22.5,S
2021-06-29T09:29:12,200.0,22.55,B
2021-06-29T09:29:04,1000.0,22.55,B
2021-06-29T09:28:55,10000.0,22.5,S
2021-06-29T09:28:47,100.0,22.55,B
2021-06-29T09:28:44,2000.0,22.5,S
2021-06-29T09:28:16,1000.0,22.5,S
2021-06-29T09:28:14,2500.0,22.5,S
2021-06-29T09:28:05,700.0,22.5,S
2021-06-29T09:27:59,900.0,22.55,B
2021-06-29T09:27:57,100.0,22.5,S
2021-06-29T09:27:43,1000.0,22.5,S
2021-06-29T09:27:42,100.0,22.55,B
2021-06-29T09:27:39,1500.0,22.5,S
2021-06-29T09:27:27,300.0,22.5,S
2021-06-29T09:27:22,100.0,22.5,S
2021-06-29T09:27:06,9800.0,22.5,B
2021-06-29T09:27:04,600.0,22.5,B
2021-06-29T09:26:57,10900.0,22.5,B
2021-06-29T09:26:57,7600.0,22.5,B
2021-06-29T09:26:57,2700.0,22.5,B
2021-06-29T09:26:57,8100.0,22.5,B
2021-06-29T09:26:57,1500.0,22.5,B
2021-06-29T09:26:57,3700.0,22.5,B
2021-06-29T09:26:56,15500.0,22.5,B
2021-06-29T09:26:54,200.0,22.45,S
2021-06-29T09:26:53,100.0,22.5,B
2021-06-29T09:26:34,1000.0,22.5,B
2021-06-29T09:26:19,1500.0,22.5,B
2021-06-29T09:26:17,500.0,22.5,B
2021-06-29T09:26:16,500.0,22.5,B
2021-06-29T09:25:59,100.0,22.5,B
2021-06-29T09:25:55,500.0,22.5,B
2021-06-29T09:25:54,4500.0,22.5,B
2021-06-29T09:25:45,1000.0,22.5,B
2021-06-29T09:25:38,200.0,22.5,B
2021-06-29T09:25:30,2300.0,22.5,B
2021-06-29T09:25:30,17700.0,22.5,B
2021-06-29T09:25:11,200.0,22.5,B
2021-06-29T09:24:56,5000.0,22.5,B
2021-06-29T09:24:48,17400.0,22.5,B
2021-06-29T09:24:48,2600.0,22.5,B
2021-06-29T09:24:28,100.0,22.5,B
2021-06-29T09:24:26,4900.0,22.45,S
2021-06-29T09:24:25,1000.0,22.45,S
2021-06-29T09:24:21,200.0,22.45,B
2021-06-29T09:24:21,500.0,22.45,B
2021-06-29T09:24:21,23100.0,22.45,B
2021-06-29T09:23:55,100.0,22.45,B
2021-06-29T09:23:32,8400.0,22.4,S
2021-06-29T09:23:32,12600.0,22.4,S
2021-06-29T09:23:29,4000.0,22.45,B
2021-06-29T09:23:23,3400.0,22.45,B
2021-06-29T09:22:21,10000.0,22.45,B
2021-06-29T09:22:03,100.0,22.45,B
2021-06-29T09:22:01,6600.0,22.4,B
2021-06-29T09:22:01,100.0,22.4,B
2021-06-29T09:22:01,600.0,22.4,B
2021-06-29T09:22:01,4100.0,22.4,B
2021-06-29T09:20:51,5000.0,22.35,S
2021-06-29T09:20:44,1000.0,22.4,B
2021-06-29T09:20:38,400.0,22.4,B
2021-06-29T09:19:48,2500.0,22.4,B
2021-06-29T09:19:32,200.0,22.35,S
2021-06-29T09:19:30,4000.0,22.4,B
2021-06-29T09:19:30,1000.0,22.4,B
2021-06-29T09:19:20,13400.0,22.45,B
2021-06-29T09:19:13,100.0,22.4,B
2021-06-29T09:18:57,200.0,22.4,B
2021-06-29T09:18:44,3000.0,22.4,B
2021-06-29T09:18:35,500.0,22.4,B
2021-06-29T09:17:57,100.0,22.4,B
2021-06-29T09:17:56,1600.0,22.4,B
2021-06-29T09:17:49,8000.0,22.4,B
2021-06-29T09:17:48,200.0,22.35,S
2021-06-29T09:17:47,1000.0,22.4,B
2021-06-29T09:17:45,2200.0,22.4,B
2021-06-29T09:17:34,3000.0,22.4,B
2021-06-29T09:17:20,1000.0,22.4,B
2021-06-29T09:17:08,500.0,22.35,S
2021-06-29T09:17:04,300.0,22.4,B
2021-06-29T09:16:52,100.0,22.4,B
2021-06-29T09:16:48,1000.0,22.4,B
2021-06-29T09:16:28,1000.0,22.4,B
2021-06-29T09:16:27,100.0,22.4,B
2021-06-29T09:16:21,100.0,22.4,B
2021-06-29T09:16:11,1500.0,22.4,S
2021-06-29T09:15:50,7400.0,22.45,B
2021-06-29T09:15:50,900.0,22.4,B
2021-06-29T09:15:50,1000.0,22.4,B
2021-06-29T09:15:50,700.0,22.4,B
2021-06-29T09:15:33,300.0,22.4,B
