tradingTime,volume,price,side
2021-06-29T10:19:10,100.0,43.7,S
2021-06-29T10:18:54,300.0,43.7,S
2021-06-29T10:18:30,500.0,43.7,B
2021-06-29T10:18:15,800.0,43.6,S
2021-06-29T10:18:15,1100.0,43.6,S
2021-06-29T10:18:15,3800.0,43.6,S
2021-06-29T10:18:15,1000.0,43.6,S
2021-06-29T10:18:15,1200.0,43.6,S
2021-06-29T10:18:15,1800.0,43.6,S
2021-06-29T10:17:37,5000.0,43.6,S
2021-06-29T10:17:37,1500.0,43.6,S
2021-06-29T10:17:37,1200.0,43.65,S
2021-06-29T10:17:37,200.0,43.65,S
2021-06-29T10:17:37,300.0,43.65,S
2021-06-29T10:17:37,300.0,43.65,S
2021-06-29T10:17:37,1600.0,43.65,S
2021-06-29T10:17:37,2700.0,43.65,S
2021-06-29T10:17:37,7200.0,43.65,S
2021-06-29T10:17:28,700.0,43.75,B
2021-06-29T10:16:48,700.0,43.8,B
2021-06-29T10:15:56,1800.0,43.8,B
2021-06-29T10:15:56,1000.0,43.75,B
2021-06-29T10:15:56,500.0,43.75,B
2021-06-29T10:15:56,1700.0,43.75,B
2021-06-29T10:15:28,200.0,43.7,B
2021-06-29T10:15:13,1600.0,43.7,S
2021-06-29T10:15:12,300.0,43.75,B
2021-06-29T10:14:58,800.0,43.75,B
2021-06-29T10:14:40,100.0,43.7,S
2021-06-29T10:14:30,1000.0,43.75,B
2021-06-29T10:14:25,2000.0,43.75,B
2021-06-29T10:14:03,700.0,43.75,B
2021-06-29T10:13:23,300.0,43.75,B
2021-06-29T10:13:17,100.0,43.75,S
2021-06-29T10:12:57,100.0,43.75,S
2021-06-29T10:12:57,1900.0,43.75,S
2021-06-29T10:11:42,100.0,43.75,S
2021-06-29T10:11:29,100.0,43.75,S
2021-06-29T10:11:28,800.0,43.8,B
2021-06-29T10:10:27,200.0,43.75,S
2021-06-29T10:10:23,1000.0,43.75,S
2021-06-29T10:10:04,500.0,43.75,S
2021-06-29T10:09:54,1000.0,43.75,S
2021-06-29T10:09:50,300.0,43.75,S
2021-06-29T10:09:30,1400.0,43.75,B
2021-06-29T10:09:09,600.0,43.75,S
2021-06-29T10:08:55,1900.0,43.75,B
2021-06-29T10:08:55,4300.0,43.7,S
2021-06-29T10:08:30,100.0,43.75,B
2021-06-29T10:08:28,1000.0,43.75,B
2021-06-29T10:08:28,1000.0,43.75,B
2021-06-29T10:07:49,700.0,43.75,B
2021-06-29T10:07:19,300.0,43.75,B
2021-06-29T10:07:17,2000.0,43.7,S
2021-06-29T10:07:15,5400.0,43.7,S
2021-06-29T10:07:15,2600.0,43.7,S
2021-06-29T10:07:15,700.0,43.7,S
2021-06-29T10:07:09,500.0,43.75,B
2021-06-29T10:06:50,600.0,43.75,B
2021-06-29T10:06:50,400.0,43.75,B
2021-06-29T10:06:00,600.0,43.75,B
2021-06-29T10:05:34,500.0,43.75,B
2021-06-29T10:05:23,100.0,43.75,B
2021-06-29T10:05:01,700.0,43.75,S
2021-06-29T10:04:36,2000.0,43.75,S
2021-06-29T10:04:23,700.0,43.8,B
2021-06-29T10:02:46,100.0,43.8,B
2021-06-29T10:02:35,5600.0,43.8,S
2021-06-29T10:02:18,200.0,43.85,B
2021-06-29T10:01:56,500.0,43.85,S
2021-06-29T10:01:45,5000.0,43.85,S
2021-06-29T10:01:10,500.0,43.9,B
2021-06-29T10:00:58,900.0,43.85,S
2021-06-29T10:00:22,1500.0,43.9,B
2021-06-29T10:00:15,5000.0,43.85,S
2021-06-29T10:00:10,1000.0,43.85,S
2021-06-29T10:00:00,1000.0,43.85,S
2021-06-29T09:59:53,2000.0,43.85,S
2021-06-29T09:59:25,1000.0,43.85,S
2021-06-29T09:59:04,100.0,43.85,S
2021-06-29T09:58:44,500.0,43.85,S
2021-06-29T09:58:38,200.0,43.85,S
2021-06-29T09:57:48,1000.0,43.85,S
2021-06-29T09:57:29,200.0,43.9,B
2021-06-29T09:57:26,800.0,43.9,B
2021-06-29T09:57:10,300.0,43.9,B
2021-06-29T09:56:56,100.0,43.9,B
2021-06-29T09:56:42,200.0,43.9,B
2021-06-29T09:55:54,100.0,43.9,B
2021-06-29T09:55:13,100.0,43.85,B
2021-06-29T09:55:13,1400.0,43.85,B
2021-06-29T09:55:03,200.0,43.8,S
2021-06-29T09:54:56,100.0,43.8,S
2021-06-29T09:54:37,800.0,43.8,S
2021-06-29T09:54:36,1500.0,43.8,S
2021-06-29T09:54:27,300.0,43.85,B
2021-06-29T09:54:14,200.0,43.85,B
2021-06-29T09:54:09,300.0,43.8,S
2021-06-29T09:54:07,200.0,43.8,S
2021-06-29T09:53:57,500.0,43.8,S
2021-06-29T09:53:53,300.0,43.8,S
2021-06-29T09:53:35,200.0,43.8,S
2021-06-29T09:53:19,300.0,43.8,S
2021-06-29T09:53:10,500.0,43.85,B
2021-06-29T09:52:57,100.0,43.85,B
2021-06-29T09:52:47,100.0,43.8,S
2021-06-29T09:52:29,500.0,43.8,S
2021-06-29T09:52:03,100.0,43.8,S
2021-06-29T09:51:52,100.0,43.8,S
2021-06-29T09:51:25,1000.0,43.8,S
2021-06-29T09:51:00,100.0,43.85,B
2021-06-29T09:50:59,400.0,43.8,S
2021-06-29T09:50:59,200.0,43.8,S
2021-06-29T09:50:48,400.0,43.8,B
2021-06-29T09:50:42,1000.0,43.7,S
2021-06-29T09:50:42,300.0,43.7,S
2021-06-29T09:50:35,100.0,43.7,S
2021-06-29T09:50:35,600.0,43.8,B
2021-06-29T09:50:22,100.0,43.8,B
2021-06-29T09:50:18,500.0,43.8,B
2021-06-29T09:49:17,500.0,43.7,B
2021-06-29T09:49:10,900.0,43.7,B
2021-06-29T09:48:59,1000.0,43.7,B
2021-06-29T09:48:19,200.0,43.7,B
2021-06-29T09:47:45,600.0,43.65,S
2021-06-29T09:46:32,1500.0,43.65,S
2021-06-29T09:46:32,500.0,43.65,S
2021-06-29T09:46:31,1000.0,43.7,B
2021-06-29T09:46:30,500.0,43.7,B
2021-06-29T09:46:30,100.0,43.7,B
2021-06-29T09:46:08,100.0,43.7,B
2021-06-29T09:45:46,100.0,43.7,B
2021-06-29T09:45:32,1000.0,43.7,B
2021-06-29T09:44:30,400.0,43.65,S
2021-06-29T09:44:24,100.0,43.7,B
2021-06-29T09:44:19,100.0,43.65,S
2021-06-29T09:43:52,100.0,43.65,S
2021-06-29T09:43:03,100.0,43.7,B
2021-06-29T09:42:28,300.0,43.7,S
2021-06-29T09:42:16,100.0,43.7,S
2021-06-29T09:42:08,100.0,43.7,S
2021-06-29T09:42:08,700.0,43.7,S
2021-06-29T09:42:07,900.0,43.7,S
2021-06-29T09:42:07,100.0,43.7,S
2021-06-29T09:42:07,1000.0,43.7,S
2021-06-29T09:41:32,400.0,43.7,S
2021-06-29T09:40:40,2900.0,43.7,S
2021-06-29T09:39:49,1000.0,43.85,S
2021-06-29T09:39:44,7100.0,43.7,S
2021-06-29T09:39:09,500.0,43.85,S
2021-06-29T09:39:05,100.0,43.85,S
2021-06-29T09:39:04,1000.0,43.85,S
2021-06-29T09:38:17,2000.0,43.85,S
2021-06-29T09:37:48,100.0,43.9,S
2021-06-29T09:37:35,1000.0,43.95,S
2021-06-29T09:37:27,300.0,43.95,S
2021-06-29T09:37:21,200.0,43.95,S
2021-06-29T09:37:19,100.0,44.0,B
2021-06-29T09:37:07,4800.0,43.95,S
2021-06-29T09:37:07,5200.0,43.95,S
2021-06-29T09:37:02,500.0,43.95,S
2021-06-29T09:36:22,800.0,43.95,S
2021-06-29T09:36:20,1000.0,43.95,S
2021-06-29T09:36:04,100.0,43.95,S
2021-06-29T09:35:57,500.0,43.95,S
2021-06-29T09:35:30,100.0,43.95,S
2021-06-29T09:35:09,600.0,43.95,S
2021-06-29T09:35:04,200.0,43.95,S
2021-06-29T09:34:07,2800.0,43.95,B
2021-06-29T09:33:30,2900.0,43.95,B
2021-06-29T09:33:08,1000.0,43.95,B
2021-06-29T09:32:46,1000.0,43.95,B
2021-06-29T09:32:25,1000.0,43.85,S
2021-06-29T09:32:16,300.0,43.95,B
2021-06-29T09:30:30,1900.0,43.8,S
2021-06-29T09:30:30,200.0,43.8,S
2021-06-29T09:30:30,6900.0,43.8,S
2021-06-29T09:30:23,3800.0,43.95,B
2021-06-29T09:30:23,2100.0,43.95,B
2021-06-29T09:30:22,3100.0,43.9,B
2021-06-29T09:29:49,1000.0,43.8,S
2021-06-29T09:29:34,200.0,43.8,S
2021-06-29T09:29:00,900.0,43.8,B
2021-06-29T09:29:00,1000.0,43.8,B
2021-06-29T09:28:45,100.0,43.7,S
2021-06-29T09:28:44,500.0,43.8,B
2021-06-29T09:28:43,200.0,43.7,S
2021-06-29T09:28:43,800.0,43.7,S
2021-06-29T09:28:16,200.0,43.7,B
2021-06-29T09:27:31,500.0,43.7,B
2021-06-29T09:27:04,1000.0,43.6,B
2021-06-29T09:27:02,200.0,43.6,B
2021-06-29T09:27:00,400.0,43.55,S
2021-06-29T09:27:00,100.0,43.55,S
2021-06-29T09:26:57,100.0,43.6,B
2021-06-29T09:26:51,500.0,43.6,B
2021-06-29T09:26:48,1000.0,43.6,B
2021-06-29T09:26:46,200.0,43.6,B
2021-06-29T09:26:25,1100.0,43.6,B
2021-06-29T09:26:23,200.0,43.55,S
2021-06-29T09:26:21,3000.0,43.55,S
2021-06-29T09:26:02,4500.0,43.6,B
2021-06-29T09:26:00,100.0,43.6,B
2021-06-29T09:25:49,500.0,43.6,B
2021-06-29T09:25:47,100.0,43.6,B
2021-06-29T09:25:37,100.0,43.6,B
2021-06-29T09:25:22,100.0,43.6,B
2021-06-29T09:25:19,500.0,43.6,B
2021-06-29T09:25:12,1000.0,43.6,B
2021-06-29T09:24:53,100.0,43.6,S
2021-06-29T09:24:51,1000.0,43.55,S
2021-06-29T09:24:38,100.0,43.6,S
2021-06-29T09:24:19,4800.0,43.5,S
2021-06-29T09:24:17,100.0,43.65,S
2021-06-29T09:23:52,1000.0,43.65,S
2021-06-29T09:23:34,1000.0,43.65,S
2021-06-29T09:23:11,8000.0,43.5,S
2021-06-29T09:22:56,400.0,43.8,B
2021-06-29T09:22:22,500.0,43.8,B
2021-06-29T09:22:06,2000.0,43.6,S
2021-06-29T09:22:02,11000.0,43.8,S
2021-06-29T09:22:01,100.0,43.8,S
2021-06-29T09:21:52,600.0,43.8,S
2021-06-29T09:21:13,500.0,43.8,S
2021-06-29T09:20:09,1000.0,43.5,S
2021-06-29T09:20:09,1000.0,43.6,S
2021-06-29T09:19:50,800.0,43.8,S
2021-06-29T09:19:44,1000.0,43.8,S
2021-06-29T09:19:40,100.0,43.8,S
2021-06-29T09:19:30,100.0,43.8,S
2021-06-29T09:18:28,500.0,43.8,S
2021-06-29T09:18:25,100.0,43.9,S
2021-06-29T09:18:23,100.0,43.95,B
2021-06-29T09:17:51,1000.0,43.8,S
2021-06-29T09:17:50,100.0,43.9,S
2021-06-29T09:17:49,100.0,43.9,S
2021-06-29T09:17:19,100.0,43.95,S
2021-06-29T09:16:55,900.0,43.95,B
2021-06-29T09:16:37,300.0,43.95,B
