tradingTime,volume,price,side
2021-06-29T10:19:47,200.0,6.04,B
2021-06-29T10:19:12,500.0,6.04,B
2021-06-29T10:17:59,100.0,6.03,S
2021-06-29T10:17:40,200.0,6.04,B
2021-06-29T10:15:16,14000.0,6.03,S
2021-06-29T10:15:00,1000.0,6.04,B
2021-06-29T10:15:00,1000.0,6.04,B
2021-06-29T10:14:59,3000.0,6.04,B
2021-06-29T10:14:59,1000.0,6.04,B
2021-06-29T10:14:58,1000.0,6.04,B
2021-06-29T10:14:58,1000.0,6.04,B
2021-06-29T10:14:57,2000.0,6.04,B
2021-06-29T10:14:57,2000.0,6.04,B
2021-06-29T10:14:56,2000.0,6.04,B
2021-06-29T10:14:56,2000.0,6.04,B
2021-06-29T10:14:55,1000.0,6.04,B
2021-06-29T10:14:53,1000.0,6.04,B
2021-06-29T10:14:53,2000.0,6.04,B
2021-06-29T10:14:26,10000.0,6.04,B
2021-06-29T10:13:44,100.0,6.04,B
2021-06-29T10:13:30,2000.0,6.03,S
2021-06-29T10:13:28,4000.0,6.03,S
2021-06-29T10:13:20,5700.0,6.03,B
2021-06-29T10:13:09,1000.0,6.03,B
2021-06-29T10:12:59,200.0,6.03,B
2021-06-29T10:12:57,600.0,6.03,B
2021-06-29T10:12:55,2000.0,6.03,B
2021-06-29T10:12:53,500.0,6.03,B
2021-06-29T10:12:52,600.0,6.03,B
2021-06-29T10:12:48,2000.0,6.03,B
2021-06-29T10:12:48,200.0,6.03,B
2021-06-29T10:12:38,11800.0,6.03,B
2021-06-29T10:12:36,200.0,6.03,B
2021-06-29T10:12:34,10000.0,6.03,B
2021-06-29T10:12:24,100.0,6.03,B
2021-06-29T10:12:24,1000.0,6.03,B
2021-06-29T10:12:22,200.0,6.03,B
2021-06-29T10:12:19,8900.0,6.03,B
2021-06-29T10:12:19,18000.0,6.03,B
2021-06-29T10:12:19,600.0,6.03,B
2021-06-29T10:12:19,1400.0,6.03,B
2021-06-29T10:12:19,1100.0,6.03,B
2021-06-29T10:12:10,800.0,6.03,B
2021-06-29T10:12:06,1000.0,6.03,B
2021-06-29T10:12:05,1000.0,6.03,B
2021-06-29T10:12:05,1000.0,6.03,B
2021-06-29T10:12:03,1000.0,6.03,B
2021-06-29T10:12:03,1000.0,6.03,B
2021-06-29T10:12:03,1000.0,6.03,B
2021-06-29T10:12:03,1000.0,6.03,B
2021-06-29T10:12:03,1000.0,6.03,B
2021-06-29T10:12:03,1000.0,6.03,B
2021-06-29T10:12:02,1000.0,6.03,B
2021-06-29T10:12:02,1000.0,6.03,B
2021-06-29T10:12:02,1000.0,6.03,B
2021-06-29T10:12:00,1000.0,6.03,B
2021-06-29T10:12:00,1000.0,6.03,B
2021-06-29T10:12:00,1000.0,6.03,B
2021-06-29T10:12:00,1000.0,6.03,B
2021-06-29T10:11:59,1000.0,6.03,B
2021-06-29T10:11:59,1000.0,6.03,B
2021-06-29T10:11:58,1000.0,6.03,B
2021-06-29T10:11:58,1000.0,6.03,B
2021-06-29T10:11:38,600.0,6.03,B
2021-06-29T10:11:23,500.0,6.03,B
2021-06-29T10:10:16,7200.0,6.03,B
2021-06-29T10:10:16,200.0,6.02,B
2021-06-29T10:10:16,2400.0,6.02,B
2021-06-29T10:10:14,200.0,6.02,B
2021-06-29T10:09:19,11000.0,6.02,B
2021-06-29T10:09:19,6300.0,6.02,B
2021-06-29T10:09:19,12700.0,6.02,B
2021-06-29T10:09:19,500.0,6.02,B
2021-06-29T10:09:12,800.0,6.02,B
2021-06-29T10:08:20,200.0,6.02,B
2021-06-29T10:06:46,600.0,6.02,B
2021-06-29T10:06:42,800.0,6.02,B
2021-06-29T10:05:48,100.0,6.02,B
2021-06-29T10:04:49,1000.0,6.01,S
2021-06-29T10:04:12,100.0,6.02,B
2021-06-29T10:03:50,100.0,6.02,B
2021-06-29T10:03:00,200.0,6.02,B
2021-06-29T10:02:43,28000.0,6.01,S
2021-06-29T10:00:24,300.0,6.02,B
2021-06-29T09:59:32,700.0,6.02,B
2021-06-29T09:59:00,1000.0,6.02,B
2021-06-29T09:58:50,8000.0,6.01,S
2021-06-29T09:58:30,100.0,6.02,B
2021-06-29T09:58:19,1100.0,6.02,B
2021-06-29T09:57:20,5500.0,6.01,S
2021-06-29T09:57:16,2000.0,6.01,S
2021-06-29T09:56:50,2800.0,6.01,S
2021-06-29T09:56:21,3000.0,6.01,S
2021-06-29T09:56:09,2000.0,6.02,B
2021-06-29T09:55:53,1800.0,6.02,B
2021-06-29T09:55:43,100.0,6.01,S
2021-06-29T09:55:32,200.0,6.02,B
2021-06-29T09:54:56,500.0,6.02,B
2021-06-29T09:54:25,200.0,6.02,S
2021-06-29T09:54:09,1300.0,6.02,S
2021-06-29T09:53:15,4000.0,6.02,B
2021-06-29T09:52:33,600.0,6.02,B
2021-06-29T09:52:00,2000.0,6.02,B
2021-06-29T09:51:45,200.0,6.01,B
2021-06-29T09:51:30,3600.0,6.02,B
2021-06-29T09:51:20,2400.0,6.01,S
2021-06-29T09:51:16,10300.0,6.01,S
2021-06-29T09:51:16,99100.0,6.01,S
2021-06-29T09:50:25,1100.0,6.02,S
2021-06-29T09:50:20,4400.0,6.02,S
2021-06-29T09:50:18,300.0,6.02,S
2021-06-29T09:50:05,600.0,6.02,S
2021-06-29T09:49:40,400.0,6.02,S
2021-06-29T09:49:00,1000.0,6.02,S
2021-06-29T09:48:42,5000.0,6.02,S
2021-06-29T09:48:39,600.0,6.02,S
2021-06-29T09:48:15,8300.0,6.03,B
2021-06-29T09:47:57,4100.0,6.01,S
2021-06-29T09:47:57,4000.0,6.01,S
2021-06-29T09:47:56,41900.0,6.01,S
2021-06-29T09:47:39,2000.0,6.02,B
2021-06-29T09:47:31,1000.0,6.02,B
2021-06-29T09:47:31,200.0,6.02,B
2021-06-29T09:47:31,3000.0,6.02,B
2021-06-29T09:46:58,2000.0,6.02,B
2021-06-29T09:46:55,5000.0,6.02,B
2021-06-29T09:45:59,27000.0,6.03,B
2021-06-29T09:45:19,6000.0,6.02,B
2021-06-29T09:44:57,700.0,6.02,B
2021-06-29T09:44:57,200.0,6.02,B
2021-06-29T09:44:45,1000.0,6.01,S
2021-06-29T09:44:25,4000.0,6.02,B
2021-06-29T09:43:15,300.0,6.02,B
2021-06-29T09:42:49,500.0,6.02,B
2021-06-29T09:42:30,2000.0,6.02,B
2021-06-29T09:41:03,9000.0,6.02,B
2021-06-29T09:41:00,100.0,6.02,B
2021-06-29T09:40:13,2500.0,6.02,B
2021-06-29T09:39:35,800.0,6.02,B
2021-06-29T09:39:29,100.0,6.02,B
2021-06-29T09:39:28,6100.0,6.01,S
2021-06-29T09:39:27,2000.0,6.01,S
2021-06-29T09:38:57,200.0,6.02,B
2021-06-29T09:38:21,1000.0,6.02,B
2021-06-29T09:37:56,400.0,6.02,S
2021-06-29T09:37:06,2900.0,6.02,S
2021-06-29T09:36:58,2000.0,6.02,S
2021-06-29T09:36:58,100.0,6.02,S
2021-06-29T09:36:20,500.0,6.02,B
2021-06-29T09:35:30,1000.0,6.02,B
2021-06-29T09:35:04,1000.0,6.02,B
2021-06-29T09:34:55,2100.0,6.02,B
2021-06-29T09:34:37,1500.0,6.01,S
2021-06-29T09:34:24,1200.0,6.02,S
2021-06-29T09:33:26,100.0,6.02,S
2021-06-29T09:33:03,100.0,6.02,S
2021-06-29T09:32:56,3700.0,6.02,S
2021-06-29T09:32:43,100.0,6.02,S
2021-06-29T09:32:43,100.0,6.03,B
2021-06-29T09:31:57,500.0,6.02,S
2021-06-29T09:31:55,100.0,6.03,B
2021-06-29T09:31:46,200.0,6.02,S
2021-06-29T09:31:42,500.0,6.03,B
2021-06-29T09:30:26,500.0,6.02,S
2021-06-29T09:30:13,6000.0,6.02,S
2021-06-29T09:29:54,300.0,6.02,S
2021-06-29T09:29:36,700.0,6.02,S
2021-06-29T09:27:39,3000.0,6.02,S
2021-06-29T09:27:16,1200.0,6.02,B
2021-06-29T09:27:04,100.0,6.02,B
2021-06-29T09:26:47,300.0,6.02,B
2021-06-29T09:26:11,5000.0,6.02,B
2021-06-29T09:26:07,5000.0,6.01,S
2021-06-29T09:25:45,100.0,6.02,B
2021-06-29T09:25:41,2900.0,6.01,S
2021-06-29T09:25:40,1100.0,6.01,S
2021-06-29T09:24:12,1000.0,6.02,B
2021-06-29T09:23:38,100.0,6.01,S
2021-06-29T09:22:49,200.0,6.03,B
2021-06-29T09:21:41,2000.0,6.03,B
2021-06-29T09:21:23,5000.0,6.01,S
2021-06-29T09:21:12,1000.0,6.01,S
2021-06-29T09:20:48,400.0,6.01,S
2021-06-29T09:20:20,100.0,6.01,S
2021-06-29T09:19:30,100.0,6.03,B
2021-06-29T09:18:53,300.0,6.03,B
2021-06-29T09:18:07,4000.0,6.01,S
2021-06-29T09:17:41,10000.0,6.01,S
2021-06-29T09:17:03,600.0,6.01,B
2021-06-29T09:15:32,1000.0,6.01,B
