tradingTime,volume,price,side
2021-06-29T10:20:26,100.0,49.8,B
2021-06-29T10:20:22,5400.0,49.85,B
2021-06-29T10:20:22,4600.0,49.8,B
2021-06-29T10:20:21,200.0,49.7,S
2021-06-29T10:20:18,5700.0,49.8,B
2021-06-29T10:20:17,500.0,49.8,B
2021-06-29T10:20:15,2500.0,49.8,S
2021-06-29T10:20:14,4200.0,49.8,S
2021-06-29T10:20:10,900.0,49.8,S
2021-06-29T10:20:07,2200.0,49.8,S
2021-06-29T10:20:05,600.0,49.8,S
2021-06-29T10:20:00,1500.0,49.8,B
2021-06-29T10:19:52,3000.0,49.8,B
2021-06-29T10:19:42,3900.0,49.8,B
2021-06-29T10:19:42,1500.0,49.8,B
2021-06-29T10:19:42,300.0,49.8,B
2021-06-29T10:19:42,2600.0,49.8,B
2021-06-29T10:19:42,300.0,49.8,B
2021-06-29T10:19:42,6400.0,49.8,B
2021-06-29T10:19:42,1000.0,49.7,S
2021-06-29T10:19:37,100.0,49.7,S
2021-06-29T10:19:20,800.0,49.7,S
2021-06-29T10:18:58,500.0,49.7,S
2021-06-29T10:18:51,200.0,49.7,B
2021-06-29T10:18:50,100.0,49.75,B
2021-06-29T10:18:30,100.0,49.7,B
2021-06-29T10:18:29,500.0,49.75,B
2021-06-29T10:18:27,2100.0,49.7,B
2021-06-29T10:18:27,300.0,49.7,B
2021-06-29T10:18:27,1500.0,49.7,B
2021-06-29T10:18:27,1400.0,49.7,B
2021-06-29T10:18:27,1200.0,49.7,B
2021-06-29T10:18:26,100.0,49.7,B
2021-06-29T10:18:26,200.0,49.7,B
2021-06-29T10:18:26,5000.0,49.7,B
2021-06-29T10:18:07,1000.0,49.7,B
2021-06-29T10:18:03,200.0,49.65,S
2021-06-29T10:17:51,200.0,49.65,S
2021-06-29T10:17:50,800.0,49.7,B
2021-06-29T10:17:36,2500.0,49.65,B
2021-06-29T10:17:36,900.0,49.65,B
2021-06-29T10:17:30,500.0,49.6,S
2021-06-29T10:17:24,100.0,49.65,B
2021-06-29T10:17:24,300.0,49.65,B
2021-06-29T10:17:24,100.0,49.65,B
2021-06-29T10:17:24,900.0,49.65,B
2021-06-29T10:17:15,400.0,49.65,B
2021-06-29T10:17:08,1000.0,49.6,S
2021-06-29T10:16:50,2700.0,49.6,B
2021-06-29T10:16:50,500.0,49.55,S
2021-06-29T10:16:49,100.0,49.6,B
2021-06-29T10:16:45,2500.0,49.6,B
2021-06-29T10:16:44,1500.0,49.6,B
2021-06-29T10:16:41,11000.0,49.6,B
2021-06-29T10:16:40,300.0,49.6,B
2021-06-29T10:16:35,500.0,49.6,B
2021-06-29T10:16:34,100.0,49.6,B
2021-06-29T10:16:32,100.0,49.6,B
2021-06-29T10:16:29,500.0,49.6,B
2021-06-29T10:16:24,100.0,49.6,B
2021-06-29T10:16:21,1000.0,49.55,S
2021-06-29T10:16:19,100.0,49.6,B
2021-06-29T10:16:14,500.0,49.55,S
2021-06-29T10:16:11,200.0,49.6,B
2021-06-29T10:16:09,100.0,49.6,B
2021-06-29T10:16:09,400.0,49.6,B
2021-06-29T10:16:06,900.0,49.55,S
2021-06-29T10:16:04,1000.0,49.6,B
2021-06-29T10:15:55,200.0,49.6,B
2021-06-29T10:15:54,300.0,49.6,B
2021-06-29T10:15:40,100.0,49.6,B
2021-06-29T10:15:40,100.0,49.6,B
2021-06-29T10:15:30,100.0,49.55,S
2021-06-29T10:15:29,500.0,49.55,S
2021-06-29T10:15:14,2000.0,49.55,B
2021-06-29T10:15:10,400.0,49.5,S
2021-06-29T10:15:00,200.0,49.5,S
2021-06-29T10:14:58,100.0,49.5,S
2021-06-29T10:14:55,100.0,49.5,S
2021-06-29T10:14:53,4000.0,49.5,S
2021-06-29T10:14:53,200.0,49.5,S
2021-06-29T10:14:36,100.0,49.5,B
2021-06-29T10:14:36,200.0,49.5,B
2021-06-29T10:14:36,600.0,49.5,B
2021-06-29T10:14:36,9000.0,49.5,B
2021-06-29T10:14:36,900.0,49.5,B
2021-06-29T10:14:33,2500.0,49.5,B
2021-06-29T10:14:33,1300.0,49.5,B
2021-06-29T10:14:25,200.0,49.4,S
2021-06-29T10:14:24,5000.0,49.5,B
2021-06-29T10:14:24,100.0,49.5,B
2021-06-29T10:14:23,1000.0,49.5,B
2021-06-29T10:14:21,600.0,49.5,B
2021-06-29T10:14:20,9500.0,49.45,S
2021-06-29T10:14:19,3000.0,49.5,B
2021-06-29T10:14:19,900.0,49.5,B
2021-06-29T10:14:19,2100.0,49.5,B
2021-06-29T10:14:19,1200.0,49.5,B
2021-06-29T10:14:19,800.0,49.5,B
2021-06-29T10:14:16,4400.0,49.5,B
2021-06-29T10:14:16,500.0,49.5,B
2021-06-29T10:14:16,4300.0,49.5,B
2021-06-29T10:14:08,1500.0,49.5,B
2021-06-29T10:14:06,7400.0,49.5,B
2021-06-29T10:13:50,100.0,49.5,B
2021-06-29T10:13:47,200.0,49.5,B
2021-06-29T10:13:43,13600.0,49.45,B
2021-06-29T10:13:42,200.0,49.45,B
2021-06-29T10:13:38,5000.0,49.45,B
2021-06-29T10:13:24,13700.0,49.45,B
2021-06-29T10:13:20,100.0,49.45,B
2021-06-29T10:13:18,100.0,49.4,S
2021-06-29T10:13:14,10000.0,49.45,B
2021-06-29T10:13:14,4000.0,49.45,B
2021-06-29T10:12:57,2000.0,49.45,B
2021-06-29T10:12:57,200.0,49.4,S
2021-06-29T10:12:55,1000.0,49.4,S
2021-06-29T10:12:53,500.0,49.45,B
2021-06-29T10:12:40,100.0,49.4,S
2021-06-29T10:12:38,500.0,49.4,S
2021-06-29T10:12:37,100.0,49.45,B
2021-06-29T10:12:08,3000.0,49.4,S
2021-06-29T10:11:36,2000.0,49.35,B
2021-06-29T10:11:27,2000.0,49.4,B
2021-06-29T10:11:23,400.0,49.4,B
2021-06-29T10:11:23,400.0,49.4,B
2021-06-29T10:11:23,15800.0,49.4,B
2021-06-29T10:11:23,200.0,49.35,B
2021-06-29T10:11:08,600.0,49.35,B
2021-06-29T10:11:06,100.0,49.35,B
2021-06-29T10:11:06,400.0,49.3,S
2021-06-29T10:10:40,5000.0,49.35,B
2021-06-29T10:10:14,500.0,49.3,S
2021-06-29T10:10:01,2000.0,49.25,S
2021-06-29T10:09:57,3800.0,49.3,S
2021-06-29T10:09:37,200.0,49.25,S
2021-06-29T10:09:37,1300.0,49.25,S
2021-06-29T10:09:35,5000.0,49.3,B
2021-06-29T10:09:29,2000.0,49.3,B
2021-06-29T10:09:22,100.0,49.25,B
2021-06-29T10:09:22,500.0,49.25,B
2021-06-29T10:09:15,500.0,49.25,B
2021-06-29T10:09:04,100.0,49.2,B
2021-06-29T10:08:47,2200.0,49.2,B
2021-06-29T10:08:46,4800.0,49.2,B
2021-06-29T10:08:37,500.0,49.15,S
2021-06-29T10:08:37,3000.0,49.2,B
2021-06-29T10:08:32,100.0,49.2,B
2021-06-29T10:08:28,1000.0,49.15,S
2021-06-29T10:08:18,4000.0,49.2,B
2021-06-29T10:08:17,4000.0,49.2,B
2021-06-29T10:08:16,1000.0,49.15,S
2021-06-29T10:08:09,2000.0,49.15,S
2021-06-29T10:07:59,5000.0,49.2,B
2021-06-29T10:07:54,1000.0,49.15,S
2021-06-29T10:07:46,500.0,49.2,B
2021-06-29T10:07:45,300.0,49.2,B
2021-06-29T10:07:44,100.0,49.2,B
2021-06-29T10:07:31,700.0,49.2,S
2021-06-29T10:07:30,100.0,49.2,S
2021-06-29T10:07:28,100.0,49.2,S
2021-06-29T10:07:28,9000.0,49.2,S
2021-06-29T10:07:19,1000.0,49.2,S
2021-06-29T10:07:18,100.0,49.2,S
2021-06-29T10:07:18,100.0,49.2,S
2021-06-29T10:07:15,100.0,49.2,S
2021-06-29T10:07:15,1600.0,49.2,S
2021-06-29T10:07:12,100.0,49.2,S
2021-06-29T10:07:09,100.0,49.2,S
2021-06-29T10:07:02,900.0,49.2,S
2021-06-29T10:07:02,26800.0,49.2,S
2021-06-29T10:07:01,100.0,49.3,B
2021-06-29T10:07:00,500.0,49.3,B
2021-06-29T10:06:51,2000.0,49.2,S
2021-06-29T10:06:50,100.0,49.25,B
2021-06-29T10:06:50,100.0,49.25,B
2021-06-29T10:06:50,200.0,49.25,B
2021-06-29T10:06:43,100.0,49.25,S
2021-06-29T10:06:36,100.0,49.3,B
2021-06-29T10:06:26,100.0,49.3,B
2021-06-29T10:06:20,800.0,49.2,S
2021-06-29T10:06:06,100.0,49.3,B
2021-06-29T10:06:03,100.0,49.3,B
2021-06-29T10:05:57,100.0,49.3,B
2021-06-29T10:05:55,100.0,49.3,B
2021-06-29T10:05:50,3900.0,49.2,S
2021-06-29T10:05:49,100.0,49.3,B
2021-06-29T10:05:34,100.0,49.3,S
2021-06-29T10:05:28,3000.0,49.3,S
2021-06-29T10:05:28,100.0,49.3,S
2021-06-29T10:05:27,1500.0,49.3,S
2021-06-29T10:05:18,300.0,49.35,B
2021-06-29T10:05:14,100.0,49.35,B
2021-06-29T10:05:00,100.0,49.35,S
2021-06-29T10:04:56,300.0,49.4,B
2021-06-29T10:04:50,100.0,49.4,B
2021-06-29T10:04:50,1900.0,49.4,B
2021-06-29T10:04:40,600.0,49.4,B
2021-06-29T10:04:19,1000.0,49.4,B
2021-06-29T10:04:09,13300.0,49.2,S
2021-06-29T10:03:52,100.0,49.4,B
2021-06-29T10:03:43,5200.0,49.2,S
2021-06-29T10:03:43,300.0,49.25,S
2021-06-29T10:03:43,23000.0,49.25,S
2021-06-29T10:03:43,1300.0,49.3,S
2021-06-29T10:03:43,5000.0,49.3,S
2021-06-29T10:03:43,6000.0,49.3,S
2021-06-29T10:03:43,300.0,49.3,S
2021-06-29T10:03:43,8900.0,49.3,S
2021-06-29T10:03:42,400.0,49.35,S
2021-06-29T10:03:27,1900.0,49.4,B
2021-06-29T10:03:27,200.0,49.4,B
2021-06-29T10:03:27,3900.0,49.4,B
2021-06-29T10:03:07,6900.0,49.4,S
2021-06-29T10:03:05,10000.0,49.4,S
2021-06-29T10:02:50,400.0,49.4,S
2021-06-29T10:02:49,1000.0,49.4,S
2021-06-29T10:02:39,100.0,49.4,S
2021-06-29T10:02:27,300.0,49.4,S
2021-06-29T10:02:09,100.0,49.4,S
2021-06-29T10:02:03,1000.0,49.45,B
2021-06-29T10:01:58,200.0,49.4,S
2021-06-29T10:01:46,600.0,49.4,S
2021-06-29T10:01:45,1000.0,49.4,S
2021-06-29T10:01:39,500.0,49.4,S
2021-06-29T10:01:38,100.0,49.4,S
2021-06-29T10:01:02,4000.0,49.4,B
2021-06-29T10:00:59,200.0,49.4,B
2021-06-29T10:00:57,2900.0,49.4,B
2021-06-29T10:00:38,2000.0,49.4,B
2021-06-29T10:00:24,3900.0,49.35,B
2021-06-29T10:00:20,1000.0,49.3,S
2021-06-29T10:00:08,3400.0,49.35,B
2021-06-29T10:00:00,200.0,49.3,S
2021-06-29T09:59:50,100.0,49.35,B
2021-06-29T09:59:47,300.0,49.35,B
2021-06-29T09:59:40,1200.0,49.3,S
2021-06-29T09:59:19,500.0,49.3,S
2021-06-29T09:59:11,200.0,49.35,B
2021-06-29T09:59:05,300.0,49.3,S
2021-06-29T09:59:05,3100.0,49.3,S
2021-06-29T09:58:36,100.0,49.3,S
2021-06-29T09:58:28,200.0,49.3,S
2021-06-29T09:58:26,1000.0,49.3,S
2021-06-29T09:58:07,200.0,49.3,S
2021-06-29T09:57:35,3000.0,49.3,S
2021-06-29T09:57:32,5000.0,49.3,S
2021-06-29T09:57:27,500.0,49.3,S
2021-06-29T09:57:26,500.0,49.3,S
2021-06-29T09:57:19,100.0,49.3,S
2021-06-29T09:57:13,5000.0,49.3,S
2021-06-29T09:56:57,8000.0,49.3,S
2021-06-29T09:56:52,3500.0,49.35,B
2021-06-29T09:56:46,100.0,49.35,B
2021-06-29T09:56:37,1200.0,49.3,S
2021-06-29T09:56:37,1800.0,49.3,S
2021-06-29T09:56:35,100.0,49.3,S
2021-06-29T09:56:32,900.0,49.3,S
2021-06-29T09:56:31,200.0,49.35,B
2021-06-29T09:56:20,9800.0,49.35,B
2021-06-29T09:56:19,200.0,49.35,B
2021-06-29T09:56:17,200.0,49.3,S
2021-06-29T09:56:14,1000.0,49.3,S
2021-06-29T09:56:04,7000.0,49.3,S
2021-06-29T09:55:57,5000.0,49.3,S
2021-06-29T09:55:52,900.0,49.3,S
2021-06-29T09:55:52,1500.0,49.3,S
2021-06-29T09:55:28,100.0,49.3,S
2021-06-29T09:55:25,5000.0,49.3,S
2021-06-29T09:55:21,2000.0,49.3,S
2021-06-29T09:55:10,2000.0,49.3,S
2021-06-29T09:54:47,10000.0,49.3,B
2021-06-29T09:54:39,300.0,49.3,B
2021-06-29T09:54:39,1000.0,49.3,B
2021-06-29T09:54:35,15900.0,49.3,B
2021-06-29T09:54:09,3100.0,49.3,B
2021-06-29T09:54:04,1000.0,49.2,S
2021-06-29T09:53:55,1000.0,49.2,S
2021-06-29T09:53:54,1600.0,49.2,S
2021-06-29T09:53:53,5000.0,49.3,S
2021-06-29T09:53:36,6500.0,49.2,S
2021-06-29T09:53:24,1000.0,49.3,S
2021-06-29T09:53:23,6000.0,49.2,S
2021-06-29T09:53:19,600.0,49.3,S
2021-06-29T09:53:02,300.0,49.4,B
2021-06-29T09:52:59,1000.0,49.3,S
2021-06-29T09:52:56,10000.0,49.3,S
2021-06-29T09:52:53,5300.0,49.2,S
2021-06-29T09:52:53,800.0,49.2,S
2021-06-29T09:52:53,700.0,49.2,S
2021-06-29T09:52:53,3600.0,49.2,S
2021-06-29T09:52:53,4500.0,49.25,S
2021-06-29T09:52:53,1000.0,49.3,S
2021-06-29T09:52:53,100.0,49.3,S
2021-06-29T09:52:53,2000.0,49.3,S
2021-06-29T09:52:53,1900.0,49.3,S
2021-06-29T09:52:26,1400.0,49.3,S
2021-06-29T09:52:26,1600.0,49.3,S
2021-06-29T09:52:26,1000.0,49.35,S
2021-06-29T09:52:24,1000.0,49.4,B
2021-06-29T09:52:20,1000.0,49.4,S
2021-06-29T09:52:10,100.0,49.45,S
2021-06-29T09:52:09,1000.0,49.45,S
2021-06-29T09:52:09,3000.0,49.45,S
2021-06-29T09:51:46,2000.0,49.5,B
2021-06-29T09:51:45,3000.0,49.5,B
2021-06-29T09:51:33,2000.0,49.5,B
2021-06-29T09:51:30,500.0,49.5,B
2021-06-29T09:51:27,1900.0,49.5,S
2021-06-29T09:51:20,1000.0,49.6,S
2021-06-29T09:51:16,2300.0,49.6,S
2021-06-29T09:51:12,3000.0,49.6,S
2021-06-29T09:50:46,4000.0,49.65,B
2021-06-29T09:50:45,200.0,49.5,S
2021-06-29T09:50:40,100.0,49.6,S
2021-06-29T09:50:40,100.0,49.6,S
2021-06-29T09:50:33,6700.0,49.6,S
2021-06-29T09:50:25,1000.0,49.6,S
2021-06-29T09:50:13,5000.0,49.65,B
2021-06-29T09:50:10,600.0,49.6,S
2021-06-29T09:49:49,500.0,49.6,S
2021-06-29T09:49:48,200.0,49.6,S
2021-06-29T09:49:47,700.0,49.65,B
2021-06-29T09:49:46,2300.0,49.65,B
2021-06-29T09:49:30,1000.0,49.6,B
2021-06-29T09:49:28,1700.0,49.6,B
2021-06-29T09:49:28,500.0,49.6,B
2021-06-29T09:49:28,200.0,49.6,B
2021-06-29T09:49:28,900.0,49.6,B
2021-06-29T09:49:28,4600.0,49.6,B
2021-06-29T09:49:28,3800.0,49.5,B
2021-06-29T09:49:28,6400.0,49.5,B
2021-06-29T09:49:20,10000.0,49.5,B
2021-06-29T09:49:14,1400.0,49.45,S
2021-06-29T09:49:00,2000.0,49.5,B
2021-06-29T09:48:50,100.0,49.5,B
2021-06-29T09:48:46,400.0,49.45,S
2021-06-29T09:48:42,100.0,49.5,B
2021-06-29T09:48:39,10000.0,49.45,S
2021-06-29T09:48:30,200.0,49.5,B
2021-06-29T09:48:28,500.0,49.5,B
2021-06-29T09:48:23,5000.0,49.5,B
2021-06-29T09:48:09,300.0,49.5,B
2021-06-29T09:48:03,5600.0,49.5,B
2021-06-29T09:48:03,300.0,49.5,B
2021-06-29T09:48:02,100.0,49.45,S
2021-06-29T09:48:02,300.0,49.5,B
2021-06-29T09:48:01,100.0,49.45,S
2021-06-29T09:47:58,100.0,49.5,B
2021-06-29T09:47:39,100.0,49.5,B
2021-06-29T09:47:30,500.0,49.5,B
2021-06-29T09:47:23,2000.0,49.5,B
2021-06-29T09:47:19,5000.0,49.5,B
2021-06-29T09:47:14,1300.0,49.5,B
2021-06-29T09:47:13,200.0,49.5,B
2021-06-29T09:47:12,100.0,49.5,B
2021-06-29T09:47:11,1000.0,49.5,B
2021-06-29T09:47:05,100.0,49.5,B
2021-06-29T09:47:05,1800.0,49.5,B
2021-06-29T09:47:05,200.0,49.5,B
2021-06-29T09:47:03,1000.0,49.5,B
2021-06-29T09:46:59,500.0,49.5,B
2021-06-29T09:46:55,500.0,49.5,B
2021-06-29T09:46:55,12300.0,49.5,B
2021-06-29T09:46:55,1200.0,49.5,B
2021-06-29T09:46:54,900.0,49.5,B
2021-06-29T09:46:50,200.0,49.5,B
2021-06-29T09:46:46,300.0,49.6,B
2021-06-29T09:46:42,1000.0,49.5,B
2021-06-29T09:46:22,10000.0,49.5,B
2021-06-29T09:46:22,500.0,49.5,B
2021-06-29T09:46:14,200.0,49.5,B
2021-06-29T09:46:07,1600.0,49.6,B
2021-06-29T09:46:07,3500.0,49.5,B
2021-06-29T09:46:05,1800.0,49.5,B
2021-06-29T09:46:05,600.0,49.5,B
2021-06-29T09:46:05,1500.0,49.5,B
2021-06-29T09:46:05,2600.0,49.5,B
2021-06-29T09:46:05,2500.0,49.5,B
2021-06-29T09:46:05,1300.0,49.5,B
2021-06-29T09:46:05,3000.0,49.5,B
2021-06-29T09:46:05,1400.0,49.5,B
2021-06-29T09:46:05,7200.0,49.5,B
2021-06-29T09:46:05,200.0,49.5,B
2021-06-29T09:46:02,3300.0,49.5,B
2021-06-29T09:46:02,3200.0,49.5,B
2021-06-29T09:46:01,3500.0,49.5,B
2021-06-29T09:46:00,100.0,49.45,S
2021-06-29T09:45:54,2300.0,49.45,S
2021-06-29T09:45:52,1000.0,49.45,S
2021-06-29T09:45:42,4000.0,49.5,B
2021-06-29T09:45:40,1900.0,49.45,B
2021-06-29T09:45:37,200.0,49.4,S
2021-06-29T09:45:37,3000.0,49.4,S
2021-06-29T09:45:28,300.0,49.4,S
2021-06-29T09:45:26,200.0,49.45,B
2021-06-29T09:45:19,2000.0,49.45,B
2021-06-29T09:45:15,400.0,49.4,S
2021-06-29T09:44:55,1000.0,49.4,S
2021-06-29T09:44:54,26100.0,49.5,B
2021-06-29T09:44:54,23900.0,49.5,B
2021-06-29T09:44:53,200.0,49.45,B
2021-06-29T09:44:49,100.0,49.45,B
2021-06-29T09:44:49,100.0,49.45,B
2021-06-29T09:44:49,600.0,49.45,B
2021-06-29T09:44:12,5000.0,49.45,B
2021-06-29T09:43:56,100.0,49.45,B
2021-06-29T09:43:54,2000.0,49.4,S
2021-06-29T09:43:53,100.0,49.4,S
2021-06-29T09:43:47,200.0,49.45,B
2021-06-29T09:43:45,100.0,49.4,S
2021-06-29T09:43:41,200.0,49.45,B
2021-06-29T09:43:41,1400.0,49.45,B
2021-06-29T09:43:29,1000.0,49.4,B
2021-06-29T09:43:28,2000.0,49.4,B
2021-06-29T09:43:27,500.0,49.35,B
2021-06-29T09:43:27,500.0,49.35,B
2021-06-29T09:43:26,12000.0,49.35,B
2021-06-29T09:43:26,200.0,49.35,B
2021-06-29T09:43:22,5100.0,49.35,S
2021-06-29T09:43:19,200.0,49.4,B
2021-06-29T09:43:09,200.0,49.45,B
2021-06-29T09:43:08,4200.0,49.45,B
2021-06-29T09:43:07,2000.0,49.4,B
2021-06-29T09:43:07,13800.0,49.4,B
2021-06-29T09:43:07,100.0,49.35,S
2021-06-29T09:43:04,200.0,49.4,B
2021-06-29T09:43:03,100.0,49.4,B
2021-06-29T09:42:54,4000.0,49.4,B
2021-06-29T09:42:48,3000.0,49.4,B
2021-06-29T09:42:32,2000.0,49.4,B
2021-06-29T09:42:07,10000.0,49.4,B
2021-06-29T09:42:03,300.0,49.3,S
2021-06-29T09:42:02,200.0,49.3,S
2021-06-29T09:41:54,100.0,49.3,B
2021-06-29T09:41:51,1000.0,49.3,B
2021-06-29T09:41:07,700.0,49.3,B
2021-06-29T09:41:07,500.0,49.3,B
2021-06-29T09:41:07,3500.0,49.3,B
2021-06-29T09:41:02,100.0,49.3,B
2021-06-29T09:40:49,500.0,49.25,S
2021-06-29T09:40:48,200.0,49.3,B
2021-06-29T09:40:24,100.0,49.25,B
2021-06-29T09:40:17,500.0,49.3,B
2021-06-29T09:39:57,300.0,49.25,B
2021-06-29T09:39:48,400.0,49.25,B
2021-06-29T09:39:47,5700.0,49.25,B
2021-06-29T09:39:41,2000.0,49.25,B
2021-06-29T09:39:33,6000.0,49.25,B
2021-06-29T09:39:32,500.0,49.25,B
2021-06-29T09:39:32,500.0,49.25,B
2021-06-29T09:39:31,10000.0,49.2,S
2021-06-29T09:39:31,100.0,49.25,B
2021-06-29T09:39:29,400.0,49.25,B
2021-06-29T09:39:28,4100.0,49.25,B
2021-06-29T09:39:23,200.0,49.25,B
2021-06-29T09:39:22,6700.0,49.25,B
2021-06-29T09:39:19,1000.0,49.25,B
2021-06-29T09:39:10,1500.0,49.25,B
2021-06-29T09:39:00,100.0,49.25,B
2021-06-29T09:38:47,1000.0,49.25,B
2021-06-29T09:38:39,200.0,49.2,B
2021-06-29T09:38:34,500.0,49.2,B
2021-06-29T09:38:28,600.0,49.2,B
2021-06-29T09:38:25,500.0,49.2,B
2021-06-29T09:38:23,100.0,49.2,B
2021-06-29T09:38:22,100.0,49.2,B
2021-06-29T09:38:02,100.0,49.2,B
2021-06-29T09:38:02,2000.0,49.2,B
2021-06-29T09:38:01,2000.0,49.2,B
2021-06-29T09:37:42,3000.0,49.2,B
2021-06-29T09:37:36,100.0,49.15,B
2021-06-29T09:37:30,1300.0,49.1,S
2021-06-29T09:37:30,700.0,49.1,S
2021-06-29T09:37:29,1000.0,49.1,S
2021-06-29T09:37:25,400.0,49.15,B
2021-06-29T09:37:24,300.0,49.2,B
2021-06-29T09:37:23,100.0,49.15,B
2021-06-29T09:37:21,1200.0,49.2,B
2021-06-29T09:37:18,6300.0,49.2,B
2021-06-29T09:37:15,500.0,49.15,B
2021-06-29T09:37:09,7200.0,49.1,S
2021-06-29T09:37:06,400.0,49.15,B
2021-06-29T09:37:05,1500.0,49.15,B
2021-06-29T09:37:02,300.0,49.1,S
2021-06-29T09:37:00,100.0,49.1,S
2021-06-29T09:36:56,200.0,49.1,S
2021-06-29T09:36:55,1800.0,49.1,S
2021-06-29T09:36:48,100.0,49.15,B
2021-06-29T09:36:46,2000.0,49.1,S
2021-06-29T09:36:37,100.0,49.1,S
2021-06-29T09:36:31,3100.0,49.15,B
2021-06-29T09:36:31,2800.0,49.15,B
2021-06-29T09:36:31,1600.0,49.15,B
2021-06-29T09:36:15,100.0,49.1,B
2021-06-29T09:36:10,1000.0,49.1,B
2021-06-29T09:36:06,200.0,49.15,B
2021-06-29T09:35:55,200.0,49.1,B
2021-06-29T09:35:30,300.0,49.1,B
2021-06-29T09:35:22,200.0,49.1,B
2021-06-29T09:35:15,5000.0,49.0,S
2021-06-29T09:35:14,2700.0,49.1,B
2021-06-29T09:34:50,1500.0,49.0,B
2021-06-29T09:34:38,1000.0,49.0,B
2021-06-29T09:34:38,5000.0,49.1,B
2021-06-29T09:34:34,100.0,49.1,B
2021-06-29T09:34:34,3000.0,49.05,B
2021-06-29T09:34:14,100.0,49.1,B
2021-06-29T09:34:11,200.0,49.1,B
2021-06-29T09:33:37,100.0,49.1,B
2021-06-29T09:33:30,200.0,49.1,B
2021-06-29T09:33:19,1000.0,49.1,B
2021-06-29T09:32:46,1300.0,49.15,B
2021-06-29T09:32:45,200.0,49.15,B
2021-06-29T09:32:36,26700.0,49.5,B
2021-06-29T09:32:36,2400.0,49.5,B
2021-06-29T09:32:35,1000.0,49.5,B
2021-06-29T09:32:35,10600.0,49.45,B
2021-06-29T09:32:35,2200.0,49.4,B
2021-06-29T09:32:35,4600.0,49.4,B
2021-06-29T09:32:35,5400.0,49.3,B
2021-06-29T09:32:35,100.0,49.3,B
2021-06-29T09:32:35,2600.0,49.3,B
2021-06-29T09:32:35,2400.0,49.3,B
2021-06-29T09:32:35,1100.0,49.2,B
2021-06-29T09:32:35,3000.0,49.2,B
2021-06-29T09:32:35,8300.0,49.1,B
2021-06-29T09:32:35,1900.0,49.05,B
2021-06-29T09:32:34,2500.0,49.0,B
2021-06-29T09:32:34,25200.0,49.0,B
2021-06-29T09:32:26,100.0,49.0,B
2021-06-29T09:32:19,500.0,48.95,S
2021-06-29T09:32:11,5000.0,49.0,B
2021-06-29T09:32:11,2000.0,49.0,B
2021-06-29T09:32:08,200.0,49.0,B
2021-06-29T09:32:02,5000.0,48.95,S
2021-06-29T09:31:48,100.0,49.0,B
2021-06-29T09:31:46,1000.0,48.95,S
2021-06-29T09:31:43,4000.0,49.0,B
2021-06-29T09:31:43,200.0,49.0,B
2021-06-29T09:31:42,300.0,49.0,B
2021-06-29T09:31:39,400.0,49.0,B
2021-06-29T09:31:39,1600.0,49.0,B
2021-06-29T09:31:38,100.0,48.95,S
2021-06-29T09:31:33,100.0,49.0,B
2021-06-29T09:31:25,1000.0,49.0,B
2021-06-29T09:31:25,200.0,49.0,B
2021-06-29T09:31:18,500.0,49.0,B
2021-06-29T09:31:12,5000.0,49.0,B
2021-06-29T09:31:11,100.0,49.0,B
2021-06-29T09:31:08,1000.0,49.0,B
2021-06-29T09:31:03,1000.0,49.0,B
2021-06-29T09:31:02,200.0,49.0,B
2021-06-29T09:31:01,200.0,49.0,B
2021-06-29T09:30:55,2400.0,49.0,B
2021-06-29T09:30:53,1900.0,49.0,B
2021-06-29T09:30:43,15000.0,49.0,B
2021-06-29T09:30:39,1000.0,49.0,B
2021-06-29T09:30:24,3000.0,49.0,B
2021-06-29T09:30:21,5000.0,48.95,S
2021-06-29T09:30:08,300.0,48.95,S
2021-06-29T09:30:08,2700.0,48.95,S
2021-06-29T09:29:51,300.0,48.95,S
2021-06-29T09:29:51,2700.0,48.95,S
2021-06-29T09:29:48,500.0,49.0,B
2021-06-29T09:29:38,500.0,49.0,B
2021-06-29T09:29:36,1400.0,49.0,B
2021-06-29T09:29:36,300.0,48.95,S
2021-06-29T09:29:36,2700.0,48.95,S
2021-06-29T09:29:29,1000.0,49.0,B
2021-06-29T09:29:28,200.0,49.0,B
2021-06-29T09:29:28,600.0,49.0,B
2021-06-29T09:29:23,200.0,49.0,B
2021-06-29T09:29:21,500.0,49.0,B
2021-06-29T09:29:15,500.0,49.0,B
2021-06-29T09:29:14,200.0,49.0,B
2021-06-29T09:29:13,1100.0,49.0,B
2021-06-29T09:29:10,500.0,49.0,B
2021-06-29T09:29:09,5000.0,49.0,B
2021-06-29T09:29:09,100.0,49.0,B
2021-06-29T09:29:07,200.0,49.0,B
2021-06-29T09:28:57,2000.0,49.0,B
2021-06-29T09:28:49,500.0,49.0,B
2021-06-29T09:28:27,500.0,49.0,B
2021-06-29T09:28:24,4000.0,48.95,B
2021-06-29T09:28:19,2000.0,48.95,B
2021-06-29T09:28:11,4100.0,48.95,B
2021-06-29T09:28:11,1000.0,48.95,B
2021-06-29T09:28:11,9900.0,48.95,B
2021-06-29T09:28:01,200.0,48.9,S
2021-06-29T09:28:00,200.0,48.95,B
2021-06-29T09:27:55,1000.0,48.95,B
2021-06-29T09:27:35,100.0,48.9,S
2021-06-29T09:27:30,600.0,48.9,S
2021-06-29T09:27:28,900.0,48.9,S
2021-06-29T09:27:26,400.0,48.9,S
2021-06-29T09:27:17,400.0,48.9,B
2021-06-29T09:27:16,5000.0,48.9,B
2021-06-29T09:27:14,500.0,48.9,B
2021-06-29T09:27:07,4000.0,48.8,S
2021-06-29T09:26:57,1000.0,48.9,B
2021-06-29T09:26:49,500.0,48.8,S
2021-06-29T09:26:48,5000.0,48.9,B
2021-06-29T09:26:48,1400.0,48.9,B
2021-06-29T09:26:46,200.0,48.8,S
2021-06-29T09:26:46,200.0,48.8,S
2021-06-29T09:26:45,600.0,48.8,S
2021-06-29T09:26:43,500.0,48.9,B
2021-06-29T09:26:40,500.0,48.8,S
2021-06-29T09:26:39,200.0,48.9,B
2021-06-29T09:26:38,200.0,48.8,S
2021-06-29T09:26:33,600.0,48.9,B
2021-06-29T09:26:33,2000.0,48.8,S
2021-06-29T09:26:24,500.0,48.9,B
2021-06-29T09:26:12,900.0,48.8,S
2021-06-29T09:26:03,10500.0,48.9,B
2021-06-29T09:26:00,1000.0,48.8,S
2021-06-29T09:25:57,400.0,48.8,S
2021-06-29T09:25:35,500.0,48.8,S
2021-06-29T09:25:32,5200.0,48.8,S
2021-06-29T09:25:26,4800.0,48.8,S
2021-06-29T09:25:24,10400.0,48.8,S
2021-06-29T09:25:21,4000.0,48.8,S
2021-06-29T09:24:47,600.0,48.8,S
2021-06-29T09:24:42,3000.0,48.9,B
2021-06-29T09:24:41,4500.0,48.8,S
2021-06-29T09:24:26,2800.0,48.8,S
2021-06-29T09:24:25,1000.0,48.8,S
2021-06-29T09:24:19,100.0,48.8,B
2021-06-29T09:24:11,1000.0,48.9,B
2021-06-29T09:24:10,2200.0,48.8,B
2021-06-29T09:24:10,100.0,48.8,B
2021-06-29T09:24:10,500.0,48.8,B
2021-06-29T09:24:06,6000.0,48.8,B
2021-06-29T09:24:04,200.0,48.8,B
2021-06-29T09:23:57,1000.0,48.8,B
2021-06-29T09:23:53,100.0,48.8,B
2021-06-29T09:23:47,100.0,48.8,B
2021-06-29T09:23:32,3000.0,48.8,B
2021-06-29T09:23:21,400.0,48.8,B
2021-06-29T09:23:18,100.0,48.8,B
2021-06-29T09:23:18,100.0,48.8,B
2021-06-29T09:23:10,2300.0,48.8,B
2021-06-29T09:23:10,1400.0,48.8,B
2021-06-29T09:23:10,900.0,48.8,B
2021-06-29T09:23:10,2000.0,48.8,B
2021-06-29T09:23:08,300.0,48.8,B
2021-06-29T09:23:08,900.0,48.8,B
2021-06-29T09:23:00,100.0,48.8,B
2021-06-29T09:22:59,1000.0,48.8,B
2021-06-29T09:22:56,3000.0,48.8,B
2021-06-29T09:22:46,500.0,48.8,B
2021-06-29T09:22:22,100.0,48.8,B
2021-06-29T09:22:21,100.0,48.8,B
2021-06-29T09:22:06,500.0,48.8,S
2021-06-29T09:22:04,400.0,48.8,S
2021-06-29T09:21:56,2000.0,48.8,S
2021-06-29T09:21:41,700.0,48.8,S
2021-06-29T09:21:39,700.0,48.75,S
2021-06-29T09:21:29,500.0,48.8,S
2021-06-29T09:21:26,100.0,48.8,S
2021-06-29T09:21:23,1200.0,48.8,S
2021-06-29T09:21:03,200.0,48.8,S
2021-06-29T09:21:01,100.0,48.8,S
2021-06-29T09:20:56,20000.0,48.8,S
2021-06-29T09:20:55,500.0,48.75,S
2021-06-29T09:20:43,100.0,48.75,S
2021-06-29T09:20:39,400.0,48.75,S
2021-06-29T09:20:29,500.0,48.8,S
2021-06-29T09:20:22,1000.0,48.8,S
2021-06-29T09:20:06,100.0,48.75,S
2021-06-29T09:20:02,100.0,48.8,S
2021-06-29T09:20:02,3400.0,48.8,S
2021-06-29T09:20:02,500.0,48.8,S
2021-06-29T09:20:02,200.0,48.8,S
2021-06-29T09:20:02,1200.0,48.8,S
2021-06-29T09:19:59,400.0,48.8,S
2021-06-29T09:19:58,300.0,48.85,S
2021-06-29T09:19:57,2700.0,48.8,S
2021-06-29T09:19:56,5000.0,48.8,S
2021-06-29T09:19:49,1000.0,48.8,S
2021-06-29T09:19:48,1000.0,48.8,S
2021-06-29T09:19:47,9000.0,48.8,S
2021-06-29T09:19:45,400.0,48.8,S
2021-06-29T09:19:44,500.0,48.8,S
2021-06-29T09:19:41,500.0,48.8,S
2021-06-29T09:19:41,1500.0,48.8,S
2021-06-29T09:19:40,1200.0,48.8,S
2021-06-29T09:19:37,1100.0,48.8,S
2021-06-29T09:19:32,400.0,48.8,S
2021-06-29T09:19:20,10000.0,48.8,S
2021-06-29T09:19:06,100.0,48.8,S
2021-06-29T09:19:05,500.0,48.8,S
2021-06-29T09:19:03,300.0,48.8,S
2021-06-29T09:18:59,500.0,48.8,S
2021-06-29T09:18:58,300.0,48.8,S
2021-06-29T09:18:33,500.0,48.8,S
2021-06-29T09:18:33,500.0,48.8,S
2021-06-29T09:18:26,100.0,48.8,S
2021-06-29T09:18:12,5000.0,48.8,S
2021-06-29T09:17:59,9800.0,48.8,S
2021-06-29T09:17:49,200.0,48.9,B
2021-06-29T09:17:46,300.0,48.9,B
2021-06-29T09:17:40,200.0,48.8,S
2021-06-29T09:17:36,500.0,48.9,B
2021-06-29T09:17:29,100.0,48.9,B
2021-06-29T09:17:24,300.0,48.9,B
2021-06-29T09:17:23,500.0,48.9,B
2021-06-29T09:17:22,100.0,48.8,S
2021-06-29T09:17:15,300.0,48.9,B
2021-06-29T09:17:07,700.0,48.9,S
2021-06-29T09:17:06,800.0,48.9,S
2021-06-29T09:16:55,20000.0,49.0,B
2021-06-29T09:16:53,100.0,48.95,B
2021-06-29T09:16:32,200.0,48.95,S
2021-06-29T09:16:31,100.0,48.95,S
2021-06-29T09:16:31,10100.0,49.0,B
2021-06-29T09:16:25,500.0,49.0,B
2021-06-29T09:16:17,4200.0,49.0,B
2021-06-29T09:16:13,1000.0,49.0,B
2021-06-29T09:16:11,2300.0,49.0,S
2021-06-29T09:16:11,1000.0,49.0,S
2021-06-29T09:16:11,5600.0,49.0,S
2021-06-29T09:16:11,4200.0,49.0,S
2021-06-29T09:16:11,900.0,49.0,S
2021-06-29T09:16:11,2000.0,49.0,S
2021-06-29T09:16:11,900.0,49.0,S
2021-06-29T09:16:11,2000.0,49.0,S
2021-06-29T09:16:11,1100.0,49.0,S
2021-06-29T09:16:11,1100.0,49.0,S
2021-06-29T09:16:11,300.0,49.0,S
2021-06-29T09:16:11,600.0,49.0,S
2021-06-29T09:16:11,14300.0,49.0,S
2021-06-29T09:16:03,700.0,49.0,S
2021-06-29T09:15:51,400.0,49.05,B
2021-06-29T09:15:45,1000.0,49.0,S
2021-06-29T09:15:40,500.0,49.0,S
2021-06-29T09:15:39,100.0,49.0,S
2021-06-29T09:15:33,500.0,49.0,S
