tradingTime,volume,price,side
2021-06-29T10:20:07,100.0,38.6,B
2021-06-29T10:19:40,600.0,38.6,B
2021-06-29T10:19:36,1000.0,38.6,B
2021-06-29T10:19:19,4000.0,38.6,B
2021-06-29T10:18:25,1000.0,38.6,B
2021-06-29T10:18:18,1000.0,38.6,B
2021-06-29T10:17:53,300.0,38.6,B
2021-06-29T10:16:57,100.0,38.6,B
2021-06-29T10:16:16,900.0,38.6,S
2021-06-29T10:16:08,200.0,38.6,B
2021-06-29T10:16:06,4200.0,38.6,B
2021-06-29T10:16:00,600.0,38.6,B
2021-06-29T10:15:58,5000.0,38.6,B
2021-06-29T10:15:46,200.0,38.6,B
2021-06-29T10:15:18,500.0,38.6,B
2021-06-29T10:15:10,2200.0,38.6,B
2021-06-29T10:15:00,2200.0,38.6,B
2021-06-29T10:14:56,1000.0,38.6,S
2021-06-29T10:14:56,2600.0,38.6,S
2021-06-29T10:14:56,9000.0,38.6,S
2021-06-29T10:14:56,300.0,38.6,S
2021-06-29T10:14:56,2100.0,38.6,S
2021-06-29T10:13:44,1300.0,38.6,S
2021-06-29T10:13:33,300.0,38.6,S
2021-06-29T10:13:25,1000.0,38.6,S
2021-06-29T10:12:50,100.0,38.6,S
2021-06-29T10:12:40,500.0,38.65,B
2021-06-29T10:12:23,600.0,38.65,B
2021-06-29T10:11:33,500.0,38.6,S
2021-06-29T10:11:23,100.0,38.6,S
2021-06-29T10:11:08,1500.0,38.6,S
2021-06-29T10:10:59,100.0,38.6,S
2021-06-29T10:10:42,100.0,38.6,S
2021-06-29T10:09:58,600.0,38.6,S
2021-06-29T10:09:52,100.0,38.6,S
2021-06-29T10:08:55,600.0,38.65,B
2021-06-29T10:08:09,400.0,38.65,B
2021-06-29T10:07:59,1000.0,38.6,S
2021-06-29T10:07:49,500.0,38.65,B
2021-06-29T10:07:28,600.0,38.65,B
2021-06-29T10:07:28,13400.0,38.6,S
2021-06-29T10:07:24,100.0,38.6,S
2021-06-29T10:07:05,900.0,38.6,S
2021-06-29T10:06:55,2000.0,38.6,S
2021-06-29T10:06:51,900.0,38.65,B
2021-06-29T10:06:48,400.0,38.6,S
2021-06-29T10:06:39,300.0,38.65,B
2021-06-29T10:06:36,2700.0,38.6,S
2021-06-29T10:06:27,300.0,38.65,B
2021-06-29T10:06:24,1000.0,38.6,S
2021-06-29T10:06:20,2000.0,38.6,S
2021-06-29T10:05:40,500.0,38.6,S
2021-06-29T10:05:40,100.0,38.6,S
2021-06-29T10:05:40,1400.0,38.6,S
2021-06-29T10:05:40,200.0,38.6,S
2021-06-29T10:05:37,200.0,38.65,B
2021-06-29T10:05:20,600.0,38.65,B
2021-06-29T10:05:01,100.0,38.65,B
2021-06-29T10:03:57,1500.0,38.65,B
2021-06-29T10:03:44,1800.0,38.6,S
2021-06-29T10:03:03,100.0,38.6,S
2021-06-29T10:02:27,200.0,38.65,B
2021-06-29T10:02:15,100.0,38.65,B
2021-06-29T10:02:09,700.0,38.6,S
2021-06-29T10:01:54,600.0,38.65,B
2021-06-29T10:00:03,6000.0,38.6,S
2021-06-29T10:00:00,200.0,38.65,B
2021-06-29T10:00:00,10200.0,38.6,S
2021-06-29T10:00:00,600.0,38.6,S
2021-06-29T10:00:00,500.0,38.6,S
2021-06-29T10:00:00,700.0,38.6,S
2021-06-29T10:00:00,1000.0,38.6,S
2021-06-29T09:59:59,7000.0,38.6,S
2021-06-29T09:58:43,600.0,38.6,S
2021-06-29T09:58:26,600.0,38.7,B
2021-06-29T09:58:00,500.0,38.65,B
2021-06-29T09:57:44,500.0,38.65,B
2021-06-29T09:57:38,1500.0,38.65,B
2021-06-29T09:57:20,1100.0,38.65,B
2021-06-29T09:57:02,1300.0,38.65,B
2021-06-29T09:56:59,100.0,38.65,B
2021-06-29T09:56:47,400.0,38.65,B
2021-06-29T09:56:47,300.0,38.6,S
2021-06-29T09:56:37,100.0,38.65,B
2021-06-29T09:56:22,400.0,38.6,S
2021-06-29T09:55:53,100.0,38.65,B
2021-06-29T09:54:40,100.0,38.65,S
2021-06-29T09:54:27,100.0,38.65,S
2021-06-29T09:54:27,900.0,38.65,S
2021-06-29T09:54:27,1200.0,38.65,S
2021-06-29T09:54:27,1000.0,38.65,S
2021-06-29T09:54:15,2000.0,38.65,S
2021-06-29T09:53:21,100.0,38.65,S
2021-06-29T09:52:53,800.0,38.65,S
2021-06-29T09:52:50,600.0,38.65,S
2021-06-29T09:52:44,1400.0,38.7,B
2021-06-29T09:52:44,600.0,38.7,B
2021-06-29T09:52:07,5000.0,38.65,S
2021-06-29T09:51:37,2000.0,38.65,S
2021-06-29T09:51:17,300.0,38.7,B
2021-06-29T09:51:15,700.0,38.7,B
2021-06-29T09:51:15,3200.0,38.7,B
2021-06-29T09:51:15,1200.0,38.7,B
2021-06-29T09:51:15,9600.0,38.7,B
2021-06-29T09:50:48,700.0,38.65,B
2021-06-29T09:50:42,3000.0,38.65,B
2021-06-29T09:50:37,1000.0,38.65,B
2021-06-29T09:50:13,200.0,38.65,B
2021-06-29T09:50:13,500.0,38.65,B
2021-06-29T09:50:10,700.0,38.65,B
2021-06-29T09:50:10,1500.0,38.65,B
2021-06-29T09:49:55,200.0,38.65,B
2021-06-29T09:49:55,5200.0,38.65,B
2021-06-29T09:49:55,4000.0,38.65,B
2021-06-29T09:49:55,400.0,38.65,B
2021-06-29T09:49:14,200.0,38.65,B
2021-06-29T09:48:28,100.0,38.65,B
2021-06-29T09:48:03,1000.0,38.65,B
2021-06-29T09:47:38,100.0,38.65,B
2021-06-29T09:47:35,500.0,38.65,B
2021-06-29T09:47:25,400.0,38.6,S
2021-06-29T09:47:07,800.0,38.65,B
2021-06-29T09:46:42,500.0,38.6,S
2021-06-29T09:46:42,2500.0,38.6,S
2021-06-29T09:46:40,4000.0,38.65,B
2021-06-29T09:46:27,1000.0,38.65,B
2021-06-29T09:45:49,500.0,38.65,B
2021-06-29T09:45:29,200.0,38.65,B
2021-06-29T09:45:15,200.0,38.65,B
2021-06-29T09:45:15,1000.0,38.65,B
2021-06-29T09:44:07,300.0,38.65,B
2021-06-29T09:43:41,300.0,38.6,S
2021-06-29T09:43:00,100.0,38.6,S
2021-06-29T09:42:26,1000.0,38.6,S
2021-06-29T09:42:11,1500.0,38.7,B
2021-06-29T09:41:54,100.0,38.7,B
2021-06-29T09:41:46,1000.0,38.6,S
2021-06-29T09:41:35,2000.0,38.7,B
2021-06-29T09:41:24,900.0,38.6,S
2021-06-29T09:41:24,100.0,38.6,S
2021-06-29T09:41:03,300.0,38.7,B
2021-06-29T09:40:17,500.0,38.7,B
2021-06-29T09:39:42,10000.0,38.7,B
2021-06-29T09:39:32,4000.0,38.7,B
2021-06-29T09:39:10,500.0,38.6,S
2021-06-29T09:39:08,100.0,38.6,S
2021-06-29T09:38:49,300.0,38.6,B
2021-06-29T09:38:46,400.0,38.6,B
2021-06-29T09:38:20,200.0,38.6,B
2021-06-29T09:38:16,100.0,38.6,B
2021-06-29T09:38:16,900.0,38.6,B
2021-06-29T09:37:40,200.0,38.6,S
2021-06-29T09:37:40,200.0,38.6,S
2021-06-29T09:37:38,2500.0,38.6,S
2021-06-29T09:37:38,100.0,38.6,S
2021-06-29T09:37:35,1100.0,38.6,S
2021-06-29T09:36:17,200.0,38.65,B
2021-06-29T09:35:47,1000.0,38.6,S
2021-06-29T09:35:37,300.0,38.6,S
2021-06-29T09:35:33,100.0,38.7,B
2021-06-29T09:35:27,400.0,38.7,B
2021-06-29T09:35:19,1500.0,38.6,S
2021-06-29T09:35:17,1000.0,38.65,B
2021-06-29T09:35:01,100.0,38.7,S
2021-06-29T09:34:22,2600.0,38.6,S
2021-06-29T09:34:17,2200.0,38.7,S
2021-06-29T09:34:16,200.0,38.7,S
2021-06-29T09:34:05,42000.0,38.6,S
2021-06-29T09:33:19,500.0,38.7,S
2021-06-29T09:33:13,200.0,38.65,S
2021-06-29T09:32:57,100.0,38.7,S
2021-06-29T09:32:57,100.0,38.7,S
2021-06-29T09:32:57,4300.0,38.7,S
2021-06-29T09:32:52,100.0,38.7,S
2021-06-29T09:32:17,2000.0,38.7,S
2021-06-29T09:32:07,200.0,38.8,S
2021-06-29T09:32:05,300.0,38.8,S
2021-06-29T09:31:43,1800.0,38.8,S
2021-06-29T09:31:43,1000.0,38.8,S
2021-06-29T09:31:39,1000.0,38.8,S
2021-06-29T09:31:35,200.0,38.8,S
2021-06-29T09:31:32,2000.0,38.8,S
2021-06-29T09:31:30,3200.0,38.8,S
2021-06-29T09:31:21,2000.0,38.8,S
2021-06-29T09:31:19,100.0,38.8,S
2021-06-29T09:31:19,2000.0,38.8,S
2021-06-29T09:31:14,400.0,38.8,S
2021-06-29T09:31:04,500.0,38.8,S
2021-06-29T09:30:29,1400.0,38.8,S
2021-06-29T09:30:27,2000.0,38.85,S
2021-06-29T09:30:23,200.0,38.85,S
2021-06-29T09:30:19,100.0,38.85,S
2021-06-29T09:30:16,800.0,38.85,S
2021-06-29T09:30:16,1200.0,38.85,S
2021-06-29T09:29:58,2000.0,38.9,B
2021-06-29T09:29:58,8000.0,38.9,B
2021-06-29T09:29:48,1800.0,38.85,S
2021-06-29T09:29:38,100.0,38.85,S
2021-06-29T09:29:23,800.0,38.85,S
2021-06-29T09:29:15,1000.0,38.85,S
2021-06-29T09:29:10,500.0,38.85,S
2021-06-29T09:29:10,500.0,38.85,S
2021-06-29T09:28:56,900.0,38.9,B
2021-06-29T09:28:55,100.0,38.9,B
2021-06-29T09:28:54,2600.0,38.85,S
2021-06-29T09:28:46,100.0,38.85,B
2021-06-29T09:28:30,100.0,38.85,B
2021-06-29T09:28:21,100.0,38.85,B
2021-06-29T09:28:14,100.0,38.85,B
2021-06-29T09:27:39,800.0,38.9,B
2021-06-29T09:27:36,400.0,38.8,B
2021-06-29T09:27:36,200.0,38.9,B
2021-06-29T09:27:27,1000.0,38.8,B
2021-06-29T09:27:04,100.0,38.9,B
2021-06-29T09:26:56,6000.0,38.7,S
2021-06-29T09:26:54,700.0,38.8,B
2021-06-29T09:26:48,1000.0,38.8,B
2021-06-29T09:26:39,100.0,38.8,B
2021-06-29T09:26:38,200.0,38.8,B
2021-06-29T09:26:36,1500.0,38.8,B
2021-06-29T09:26:17,300.0,38.8,B
2021-06-29T09:26:13,200.0,38.8,B
2021-06-29T09:26:11,500.0,38.8,B
2021-06-29T09:26:08,300.0,38.8,B
2021-06-29T09:26:02,200.0,38.8,B
2021-06-29T09:25:32,1700.0,38.8,B
2021-06-29T09:25:32,1300.0,38.75,B
2021-06-29T09:25:30,1000.0,38.75,B
2021-06-29T09:25:24,100.0,38.75,B
2021-06-29T09:25:22,100.0,38.75,B
2021-06-29T09:25:21,200.0,38.75,B
2021-06-29T09:25:19,100.0,38.75,B
2021-06-29T09:25:18,100.0,38.75,B
2021-06-29T09:25:13,5000.0,38.7,S
2021-06-29T09:25:05,100.0,38.75,B
2021-06-29T09:24:48,2000.0,38.7,B
2021-06-29T09:24:26,300.0,38.7,B
2021-06-29T09:24:24,700.0,38.7,B
2021-06-29T09:24:19,4000.0,38.7,B
2021-06-29T09:24:06,1300.0,38.7,B
2021-06-29T09:24:03,3000.0,38.7,B
2021-06-29T09:23:51,100.0,38.7,B
2021-06-29T09:23:40,1000.0,38.7,B
2021-06-29T09:23:39,200.0,38.7,B
2021-06-29T09:23:32,100.0,38.7,B
2021-06-29T09:23:32,1000.0,38.7,B
2021-06-29T09:23:10,1500.0,38.7,B
2021-06-29T09:23:00,400.0,38.7,B
2021-06-29T09:22:58,300.0,38.6,B
2021-06-29T09:22:45,200.0,38.6,B
2021-06-29T09:22:31,5000.0,38.6,B
2021-06-29T09:21:45,200.0,38.6,B
2021-06-29T09:21:37,2000.0,38.6,B
2021-06-29T09:21:37,200.0,38.6,B
2021-06-29T09:21:23,200.0,38.6,B
2021-06-29T09:21:20,400.0,38.7,B
2021-06-29T09:21:19,100.0,38.7,B
2021-06-29T09:20:55,3100.0,38.6,B
2021-06-29T09:20:52,200.0,38.6,B
2021-06-29T09:20:52,100.0,38.6,B
2021-06-29T09:20:46,100.0,38.6,B
2021-06-29T09:20:44,4700.0,38.5,S
2021-06-29T09:20:38,200.0,38.6,B
2021-06-29T09:20:08,1000.0,38.5,B
2021-06-29T09:20:00,100.0,38.5,B
2021-06-29T09:19:49,300.0,38.5,B
2021-06-29T09:19:20,600.0,38.5,B
2021-06-29T09:19:07,400.0,38.4,S
2021-06-29T09:19:07,600.0,38.5,B
2021-06-29T09:19:07,500.0,38.5,B
2021-06-29T09:18:43,2800.0,38.5,B
2021-06-29T09:18:33,300.0,38.5,B
2021-06-29T09:18:32,300.0,38.5,B
2021-06-29T09:18:28,1000.0,38.5,B
2021-06-29T09:18:22,2100.0,38.4,S
2021-06-29T09:18:17,1100.0,38.5,B
2021-06-29T09:18:06,100.0,38.5,B
2021-06-29T09:17:56,400.0,38.5,B
2021-06-29T09:17:46,600.0,38.5,B
2021-06-29T09:17:44,200.0,38.5,B
2021-06-29T09:17:41,100.0,38.5,B
2021-06-29T09:17:34,700.0,38.4,S
2021-06-29T09:17:25,1000.0,38.5,B
2021-06-29T09:17:22,600.0,38.4,S
2021-06-29T09:17:02,1000.0,38.4,S
2021-06-29T09:16:54,200.0,38.4,S
2021-06-29T09:16:24,1000.0,38.4,S
2021-06-29T09:16:21,300.0,38.5,B
2021-06-29T09:16:21,100.0,38.5,B
2021-06-29T09:16:11,100.0,38.5,B
2021-06-29T09:16:02,200.0,38.4,B
2021-06-29T09:15:47,200.0,38.4,B
2021-06-29T09:15:32,100.0,38.25,S
