tradingTime,volume,price,side
2021-06-29T10:21:00,1000.0,25.8,B
2021-06-29T10:20:57,100.0,25.8,B
2021-06-29T10:20:53,100.0,25.8,B
2021-06-29T10:20:52,1000.0,25.8,B
2021-06-29T10:20:43,400.0,25.8,B
2021-06-29T10:20:41,12600.0,25.8,S
2021-06-29T10:20:36,15100.0,25.8,S
2021-06-29T10:20:14,2000.0,25.9,B
2021-06-29T10:20:14,6200.0,25.9,S
2021-06-29T10:19:35,3200.0,26.0,S
2021-06-29T10:18:09,200.0,26.0,S
2021-06-29T10:18:08,2000.0,26.1,B
2021-06-29T10:17:40,400.0,26.1,B
2021-06-29T10:17:28,3000.0,26.0,B
2021-06-29T10:17:15,2000.0,26.0,B
2021-06-29T10:17:11,1000.0,26.0,B
2021-06-29T10:15:56,100.0,26.0,S
2021-06-29T10:14:52,800.0,26.0,B
2021-06-29T10:14:44,100.0,26.0,B
2021-06-29T10:13:30,200.0,26.0,B
2021-06-29T10:13:27,100.0,26.0,B
2021-06-29T10:12:09,100.0,26.0,B
2021-06-29T10:11:40,1000.0,26.0,B
2021-06-29T10:11:05,100.0,26.0,B
2021-06-29T10:10:58,500.0,26.0,B
2021-06-29T10:10:25,1100.0,26.0,S
2021-06-29T10:09:50,100.0,26.0,B
2021-06-29T10:09:48,100.0,26.0,B
2021-06-29T10:09:30,600.0,26.0,B
2021-06-29T10:09:10,200.0,26.0,B
2021-06-29T10:08:57,1000.0,26.0,B
2021-06-29T10:08:55,500.0,26.0,B
2021-06-29T10:08:27,200.0,26.0,B
2021-06-29T10:08:14,100.0,26.0,B
2021-06-29T10:08:08,1000.0,26.0,B
2021-06-29T10:07:34,200.0,26.0,B
2021-06-29T10:07:05,2000.0,26.0,B
2021-06-29T10:07:01,100.0,26.0,B
2021-06-29T10:06:37,500.0,26.0,B
2021-06-29T10:06:30,100.0,26.0,B
2021-06-29T10:05:43,5000.0,26.0,B
2021-06-29T10:05:14,1100.0,25.9,S
2021-06-29T10:04:26,100.0,25.9,S
2021-06-29T10:04:25,1100.0,25.9,S
2021-06-29T10:04:02,2200.0,25.9,B
2021-06-29T10:03:54,1000.0,25.9,B
2021-06-29T10:03:53,1000.0,25.9,B
2021-06-29T10:03:48,6900.0,25.8,S
2021-06-29T10:03:19,100.0,25.8,S
2021-06-29T10:03:05,2800.0,25.8,S
2021-06-29T10:02:59,100.0,25.8,S
2021-06-29T10:02:35,22200.0,25.9,B
2021-06-29T10:02:33,1000.0,26.0,B
2021-06-29T10:02:16,200.0,26.0,B
2021-06-29T10:02:05,3600.0,26.1,S
2021-06-29T10:02:03,1400.0,26.1,S
2021-06-29T10:02:02,10700.0,26.0,S
2021-06-29T10:02:01,20300.0,26.0,S
2021-06-29T10:01:52,1000.0,26.1,B
2021-06-29T10:01:36,300.0,26.1,B
2021-06-29T10:01:27,800.0,26.1,S
2021-06-29T10:01:16,1500.0,26.1,S
2021-06-29T10:00:44,100.0,26.1,S
2021-06-29T10:00:26,14300.0,26.1,S
2021-06-29T10:00:25,200.0,26.1,S
2021-06-29T09:59:03,400.0,26.1,S
2021-06-29T09:58:49,200.0,26.2,B
2021-06-29T09:55:57,700.0,26.2,S
2021-06-29T09:55:32,8700.0,26.2,S
2021-06-29T09:54:40,3800.0,26.2,S
2021-06-29T09:54:03,1000.0,26.3,S
2021-06-29T09:53:28,5000.0,26.2,S
2021-06-29T09:52:47,5000.0,26.2,S
2021-06-29T09:51:28,100.0,26.3,S
2021-06-29T09:51:10,900.0,26.3,B
2021-06-29T09:51:05,100.0,26.3,B
2021-06-29T09:50:15,1000.0,26.3,B
2021-06-29T09:49:54,500.0,26.3,B
2021-06-29T09:49:38,1000.0,26.3,B
2021-06-29T09:48:42,1800.0,26.3,S
2021-06-29T09:47:46,100.0,26.4,B
2021-06-29T09:47:17,700.0,26.4,S
2021-06-29T09:47:02,300.0,26.4,S
2021-06-29T09:46:40,5700.0,26.5,B
2021-06-29T09:45:59,400.0,26.4,S
2021-06-29T09:45:43,3000.0,26.4,S
2021-06-29T09:45:15,300.0,26.4,S
2021-06-29T09:45:00,700.0,26.4,S
2021-06-29T09:43:51,100.0,26.4,S
2021-06-29T09:41:24,100.0,26.4,B
2021-06-29T09:41:14,100.0,26.4,S
2021-06-29T09:40:19,100.0,26.4,S
2021-06-29T09:40:18,100.0,26.4,B
2021-06-29T09:40:00,100.0,26.4,B
2021-06-29T09:39:57,1000.0,26.4,B
2021-06-29T09:39:20,200.0,26.4,B
2021-06-29T09:39:16,4000.0,26.4,B
2021-06-29T09:38:53,200.0,26.4,B
2021-06-29T09:38:41,1000.0,26.4,B
2021-06-29T09:36:32,200.0,26.4,B
2021-06-29T09:32:46,100.0,26.4,S
2021-06-29T09:32:35,900.0,26.4,S
2021-06-29T09:32:33,900.0,26.4,B
2021-06-29T09:32:28,200.0,26.4,B
2021-06-29T09:32:13,100.0,26.4,B
2021-06-29T09:32:00,700.0,26.4,B
2021-06-29T09:31:50,1000.0,26.4,B
2021-06-29T09:31:23,100.0,26.4,B
2021-06-29T09:31:10,500.0,26.4,B
2021-06-29T09:30:25,400.0,26.4,B
2021-06-29T09:30:02,300.0,26.3,B
2021-06-29T09:29:47,200.0,26.2,S
2021-06-29T09:29:09,200.0,26.2,S
2021-06-29T09:29:09,200.0,26.2,S
2021-06-29T09:28:50,100.0,26.3,S
2021-06-29T09:28:21,600.0,26.3,S
2021-06-29T09:28:05,100.0,26.3,S
2021-06-29T09:27:44,400.0,26.3,S
2021-06-29T09:27:20,100.0,26.3,S
2021-06-29T09:27:13,2000.0,26.3,S
2021-06-29T09:26:58,100.0,26.3,S
2021-06-29T09:26:49,4100.0,26.3,S
2021-06-29T09:26:46,1500.0,26.3,S
2021-06-29T09:26:37,200.0,26.3,S
2021-06-29T09:26:34,3000.0,26.3,S
2021-06-29T09:26:19,1800.0,26.3,S
2021-06-29T09:26:07,4900.0,26.4,S
2021-06-29T09:25:32,1000.0,26.4,S
2021-06-29T09:25:26,9600.0,26.4,S
2021-06-29T09:25:16,100.0,26.4,S
2021-06-29T09:25:15,2200.0,26.4,S
2021-06-29T09:23:06,200.0,26.4,S
2021-06-29T09:22:32,400.0,26.4,S
2021-06-29T09:22:17,200.0,26.4,S
2021-06-29T09:21:53,5200.0,26.4,S
2021-06-29T09:21:17,15600.0,26.5,S
2021-06-29T09:21:00,14300.0,26.6,B
2021-06-29T09:20:05,500.0,26.7,S
2021-06-29T09:19:57,1000.0,26.7,S
2021-06-29T09:19:37,100.0,26.7,S
2021-06-29T09:19:21,100.0,26.7,S
2021-06-29T09:19:20,100.0,26.7,S
2021-06-29T09:19:03,500.0,26.7,S
2021-06-29T09:18:58,2400.0,26.7,S
2021-06-29T09:18:16,500.0,26.8,B
2021-06-29T09:18:15,5000.0,26.7,S
2021-06-29T09:17:20,200.0,26.8,B
2021-06-29T09:17:03,1000.0,26.8,B
2021-06-29T09:16:29,3100.0,26.8,S
2021-06-29T09:16:07,1000.0,26.8,S
2021-06-29T09:16:03,100.0,26.8,S
2021-06-29T09:15:14,2000.0,26.8,S
2021-06-29T09:15:12,200.0,26.9,B
2021-06-29T09:14:51,100.0,26.9,B
2021-06-29T09:14:19,2100.0,26.8,S
2021-06-29T09:14:11,4000.0,26.8,S
2021-06-29T09:13:59,500.0,26.9,B
2021-06-29T09:13:45,2300.0,26.9,B
2021-06-29T09:13:45,1000.0,26.8,S
2021-06-29T09:13:23,200.0,26.9,B
2021-06-29T09:12:20,100.0,26.9,B
2021-06-29T09:11:40,500.0,26.9,B
2021-06-29T09:10:46,500.0,27.0,B
2021-06-29T09:10:35,200.0,27.0,B
2021-06-29T09:10:13,13000.0,27.1,B
2021-06-29T09:10:10,100.0,26.9,B
2021-06-29T09:09:50,500.0,26.9,S
2021-06-29T09:09:45,40000.0,27.1,B
2021-06-29T09:09:39,60000.0,27.1,B
2021-06-29T09:09:04,11000.0,26.9,B
2021-06-29T09:06:20,300.0,26.7,B
2021-06-29T09:06:01,100.0,26.6,S
2021-06-29T09:05:48,500.0,26.6,S
2021-06-29T09:04:54,100.0,26.6,S
2021-06-29T09:04:35,300.0,26.7,B
2021-06-29T09:03:57,100.0,26.6,S
2021-06-29T09:03:50,200.0,26.6,S
2021-06-29T09:03:03,2000.0,26.6,S
2021-06-29T09:02:56,200.0,26.7,B
2021-06-29T09:01:30,2900.0,26.7,B
2021-06-29T09:01:26,55800.0,26.8,B
2021-06-29T09:01:26,10000.0,26.7,S
2021-06-29T09:01:17,600.0,26.7,S
2021-06-29T09:01:02,1000.0,26.8,B
2021-06-29T09:00:42,2200.0,26.7,S
2021-06-29T09:00:30,1500.0,26.9,S
