tradingTime,volume,price,side
2021-06-29T10:20:38,100.0,44.1,B
2021-06-29T10:20:34,5000.0,44.1,B
2021-06-29T10:20:19,500.0,44.1,B
2021-06-29T10:20:17,1000.0,44.0,S
2021-06-29T10:20:11,100.0,44.1,B
2021-06-29T10:20:09,8000.0,44.1,B
2021-06-29T10:19:44,1900.0,44.1,B
2021-06-29T10:19:24,1600.0,44.1,B
2021-06-29T10:18:56,1000.0,44.1,B
2021-06-29T10:18:40,500.0,44.1,B
2021-06-29T10:18:32,500.0,44.1,B
2021-06-29T10:18:28,3000.0,44.0,S
2021-06-29T10:18:19,600.0,44.0,S
2021-06-29T10:18:16,1000.0,44.0,S
2021-06-29T10:18:09,500.0,44.1,B
2021-06-29T10:18:00,400.0,44.0,B
2021-06-29T10:17:51,700.0,44.0,S
2021-06-29T10:17:50,5000.0,44.0,S
2021-06-29T10:17:49,300.0,44.1,B
2021-06-29T10:17:36,8000.0,44.0,S
2021-06-29T10:17:23,5000.0,44.0,S
2021-06-29T10:17:05,3000.0,44.0,S
2021-06-29T10:16:58,1000.0,44.0,S
2021-06-29T10:16:51,500.0,44.0,S
2021-06-29T10:16:49,2700.0,44.0,B
2021-06-29T10:16:45,500.0,44.0,B
2021-06-29T10:16:38,200.0,44.0,B
2021-06-29T10:16:36,2000.0,44.0,B
2021-06-29T10:16:35,100.0,44.0,B
2021-06-29T10:16:31,2500.0,44.0,B
2021-06-29T10:16:27,4000.0,44.0,B
2021-06-29T10:16:24,500.0,44.0,B
2021-06-29T10:16:10,500.0,44.0,B
2021-06-29T10:15:58,1600.0,44.0,B
2021-06-29T10:15:57,1500.0,44.0,B
2021-06-29T10:15:54,13700.0,43.9,S
2021-06-29T10:15:52,200.0,44.0,B
2021-06-29T10:15:34,200.0,44.0,B
2021-06-29T10:15:30,100.0,44.0,B
2021-06-29T10:15:29,100.0,44.0,B
2021-06-29T10:15:20,1100.0,44.0,B
2021-06-29T10:15:14,400.0,44.0,B
2021-06-29T10:15:10,500.0,44.0,B
2021-06-29T10:15:09,1000.0,44.0,B
2021-06-29T10:15:06,1000.0,44.0,B
2021-06-29T10:15:03,10800.0,44.0,B
2021-06-29T10:15:00,100.0,44.0,B
2021-06-29T10:14:56,4400.0,44.0,B
2021-06-29T10:14:34,2400.0,44.0,B
2021-06-29T10:14:27,2000.0,44.0,B
2021-06-29T10:14:24,2300.0,44.0,B
2021-06-29T10:14:22,3000.0,44.0,B
2021-06-29T10:14:13,4000.0,44.0,B
2021-06-29T10:14:13,100.0,44.0,B
2021-06-29T10:14:10,100.0,44.0,B
2021-06-29T10:14:04,1000.0,44.0,B
2021-06-29T10:14:04,900.0,43.9,S
2021-06-29T10:14:02,700.0,44.0,B
2021-06-29T10:13:54,100.0,44.0,B
2021-06-29T10:13:53,1200.0,44.0,B
2021-06-29T10:13:36,100.0,44.0,B
2021-06-29T10:13:26,500.0,44.0,B
2021-06-29T10:13:25,500.0,44.0,B
2021-06-29T10:13:20,3000.0,44.0,B
2021-06-29T10:12:54,100.0,44.0,B
2021-06-29T10:12:50,100.0,44.0,B
2021-06-29T10:12:40,1500.0,44.0,B
2021-06-29T10:12:40,500.0,44.0,B
2021-06-29T10:12:36,800.0,44.0,B
2021-06-29T10:12:36,1200.0,44.0,B
2021-06-29T10:12:34,1000.0,44.0,B
2021-06-29T10:12:31,100.0,44.0,B
2021-06-29T10:12:28,100.0,44.0,B
2021-06-29T10:12:20,200.0,44.0,B
2021-06-29T10:12:17,5000.0,44.0,B
2021-06-29T10:12:10,10200.0,44.0,B
2021-06-29T10:12:10,1000.0,44.0,B
2021-06-29T10:12:07,500.0,44.0,B
2021-06-29T10:11:58,500.0,44.0,B
2021-06-29T10:11:55,1000.0,44.0,B
2021-06-29T10:11:50,2700.0,44.0,B
2021-06-29T10:11:47,1500.0,44.0,B
2021-06-29T10:11:16,700.0,44.0,B
2021-06-29T10:11:12,100.0,44.0,B
2021-06-29T10:11:07,1000.0,44.0,B
2021-06-29T10:10:59,3000.0,44.0,B
2021-06-29T10:10:56,1000.0,44.0,B
2021-06-29T10:10:52,1100.0,44.0,B
2021-06-29T10:10:43,1000.0,44.0,B
2021-06-29T10:10:39,2000.0,43.9,S
2021-06-29T10:10:30,200.0,44.0,B
2021-06-29T10:10:28,200.0,44.0,B
2021-06-29T10:10:18,100.0,44.0,B
2021-06-29T10:10:13,1000.0,44.0,B
2021-06-29T10:10:08,300.0,44.0,B
2021-06-29T10:10:00,500.0,44.0,B
2021-06-29T10:09:41,200.0,44.0,B
2021-06-29T10:09:39,300.0,44.0,B
2021-06-29T10:09:36,500.0,44.0,B
2021-06-29T10:09:32,300.0,44.0,B
2021-06-29T10:09:22,100.0,44.0,B
2021-06-29T10:09:21,100.0,44.0,B
2021-06-29T10:09:08,500.0,44.0,B
2021-06-29T10:09:06,1000.0,44.0,B
2021-06-29T10:08:58,4000.0,44.0,B
2021-06-29T10:08:55,500.0,44.0,B
2021-06-29T10:08:55,500.0,44.0,B
2021-06-29T10:08:40,100.0,44.0,B
2021-06-29T10:08:34,500.0,44.0,B
2021-06-29T10:08:34,6300.0,44.0,B
2021-06-29T10:08:13,1200.0,44.0,B
2021-06-29T10:07:49,400.0,43.9,S
2021-06-29T10:07:46,500.0,43.9,S
2021-06-29T10:07:39,100.0,44.0,B
2021-06-29T10:07:26,100.0,43.9,S
2021-06-29T10:07:24,200.0,43.9,S
2021-06-29T10:07:15,3000.0,44.0,B
2021-06-29T10:07:11,100.0,43.9,S
2021-06-29T10:07:09,1000.0,43.9,S
2021-06-29T10:07:00,2000.0,43.9,S
2021-06-29T10:06:39,500.0,43.9,S
2021-06-29T10:06:28,2000.0,43.9,B
2021-06-29T10:06:28,600.0,43.9,B
2021-06-29T10:06:22,200.0,43.9,B
2021-06-29T10:06:19,100.0,43.9,B
2021-06-29T10:06:18,1800.0,43.9,B
2021-06-29T10:06:16,100.0,43.9,B
2021-06-29T10:06:15,200.0,43.9,B
2021-06-29T10:06:14,1600.0,43.9,B
2021-06-29T10:06:13,300.0,43.9,B
2021-06-29T10:06:08,100.0,43.9,B
2021-06-29T10:06:02,100.0,43.9,B
2021-06-29T10:05:56,300.0,43.9,B
2021-06-29T10:05:52,400.0,43.9,B
2021-06-29T10:05:43,100.0,43.9,B
2021-06-29T10:05:42,100.0,43.8,S
2021-06-29T10:05:22,1000.0,43.8,S
2021-06-29T10:05:17,1000.0,43.8,S
2021-06-29T10:05:10,4500.0,43.8,S
2021-06-29T10:05:07,1000.0,43.9,B
2021-06-29T10:04:52,1200.0,43.8,S
2021-06-29T10:04:42,200.0,43.9,B
2021-06-29T10:04:37,300.0,43.9,S
2021-06-29T10:04:36,2000.0,43.9,S
2021-06-29T10:04:33,10300.0,43.9,S
2021-06-29T10:04:26,300.0,44.0,B
2021-06-29T10:04:07,1200.0,44.0,B
2021-06-29T10:03:58,100.0,44.0,B
2021-06-29T10:03:56,5000.0,43.9,S
2021-06-29T10:03:56,300.0,44.0,B
2021-06-29T10:03:35,500.0,44.0,B
2021-06-29T10:03:24,100.0,44.0,B
2021-06-29T10:03:14,500.0,44.0,B
2021-06-29T10:03:01,500.0,44.0,B
2021-06-29T10:02:59,5000.0,43.9,S
2021-06-29T10:02:58,3000.0,43.9,S
2021-06-29T10:02:53,100.0,44.0,B
2021-06-29T10:02:47,200.0,44.0,B
2021-06-29T10:02:43,100.0,44.0,B
2021-06-29T10:02:42,10000.0,43.9,S
2021-06-29T10:02:40,5200.0,44.0,B
2021-06-29T10:02:28,500.0,44.0,B
2021-06-29T10:02:10,10000.0,43.9,S
2021-06-29T10:02:01,100.0,44.0,B
2021-06-29T10:01:57,1600.0,44.0,S
2021-06-29T10:01:52,100.0,44.0,S
2021-06-29T10:01:49,1100.0,44.0,S
2021-06-29T10:01:46,2000.0,44.0,S
2021-06-29T10:01:40,100.0,44.0,S
2021-06-29T10:01:40,1000.0,44.0,S
2021-06-29T10:01:38,3000.0,44.0,S
2021-06-29T10:01:38,1500.0,44.0,S
2021-06-29T10:01:34,2000.0,44.0,S
2021-06-29T10:01:31,2500.0,44.0,S
2021-06-29T10:01:30,200.0,44.0,S
2021-06-29T10:01:29,500.0,44.0,S
2021-06-29T10:01:26,2000.0,44.0,S
2021-06-29T10:01:19,45000.0,44.0,S
2021-06-29T10:01:18,200.0,44.0,S
2021-06-29T10:00:34,2000.0,44.0,S
2021-06-29T10:00:34,300.0,44.0,S
2021-06-29T10:00:30,15000.0,44.0,S
2021-06-29T10:00:29,1000.0,44.0,S
2021-06-29T10:00:15,500.0,44.0,S
2021-06-29T10:00:10,1000.0,44.0,S
2021-06-29T10:00:07,300.0,44.0,S
2021-06-29T10:00:06,10000.0,44.0,S
2021-06-29T09:59:59,300.0,44.0,S
2021-06-29T09:59:58,1000.0,44.0,S
2021-06-29T09:59:56,1000.0,44.0,S
2021-06-29T09:59:47,2000.0,44.0,S
2021-06-29T09:59:44,1900.0,44.0,S
2021-06-29T09:59:35,2000.0,44.0,S
2021-06-29T09:59:34,300.0,44.0,S
2021-06-29T09:59:29,1000.0,44.0,S
2021-06-29T09:59:28,200.0,44.0,S
2021-06-29T09:59:24,500.0,44.0,S
2021-06-29T09:59:13,10000.0,44.0,S
2021-06-29T09:58:58,15000.0,44.0,S
2021-06-29T09:58:53,4500.0,44.0,S
2021-06-29T09:58:51,500.0,44.0,S
2021-06-29T09:58:48,500.0,44.1,B
2021-06-29T09:58:47,3000.0,44.1,B
2021-06-29T09:58:31,10000.0,44.0,S
2021-06-29T09:58:23,2000.0,44.1,B
2021-06-29T09:58:06,2000.0,44.1,B
2021-06-29T09:57:54,500.0,44.1,B
2021-06-29T09:57:35,500.0,44.1,B
2021-06-29T09:57:28,100.0,44.1,S
2021-06-29T09:57:16,100.0,44.1,S
2021-06-29T09:57:09,300.0,44.1,S
2021-06-29T09:57:08,3000.0,44.1,S
2021-06-29T09:56:52,200.0,44.1,S
2021-06-29T09:56:51,100.0,44.1,S
2021-06-29T09:56:41,4800.0,44.1,B
2021-06-29T09:56:25,300.0,44.1,B
2021-06-29T09:56:20,100.0,44.1,B
2021-06-29T09:56:02,300.0,44.1,S
2021-06-29T09:55:58,500.0,44.1,B
2021-06-29T09:55:52,200.0,44.1,S
2021-06-29T09:55:51,500.0,44.1,S
2021-06-29T09:55:38,100.0,44.1,B
2021-06-29T09:55:37,3000.0,44.1,B
2021-06-29T09:55:32,2700.0,44.1,S
2021-06-29T09:55:31,500.0,44.1,S
2021-06-29T09:55:27,1500.0,44.1,B
2021-06-29T09:55:18,200.0,44.1,B
2021-06-29T09:55:14,200.0,44.1,B
2021-06-29T09:55:11,1200.0,44.1,S
2021-06-29T09:55:05,1000.0,44.2,B
2021-06-29T09:54:57,300.0,44.1,S
2021-06-29T09:54:52,1000.0,44.1,S
2021-06-29T09:54:26,200.0,44.1,S
2021-06-29T09:54:23,200.0,44.1,S
2021-06-29T09:54:21,500.0,44.1,S
2021-06-29T09:54:19,100.0,44.1,S
2021-06-29T09:54:09,100.0,44.1,S
2021-06-29T09:54:07,800.0,44.1,B
2021-06-29T09:54:04,400.0,44.1,B
2021-06-29T09:53:51,200.0,44.1,S
2021-06-29T09:53:48,100.0,44.1,S
2021-06-29T09:53:47,200.0,44.1,S
2021-06-29T09:53:41,500.0,44.1,S
2021-06-29T09:53:39,100.0,44.1,S
2021-06-29T09:53:34,200.0,44.1,B
2021-06-29T09:53:28,1000.0,44.1,B
2021-06-29T09:53:22,20000.0,44.0,S
2021-06-29T09:53:17,200.0,44.1,B
2021-06-29T09:53:14,800.0,44.1,B
2021-06-29T09:53:12,1000.0,44.0,S
2021-06-29T09:53:05,800.0,44.1,B
2021-06-29T09:53:02,3000.0,44.1,B
2021-06-29T09:52:56,1700.0,44.0,S
2021-06-29T09:52:50,1000.0,44.1,B
2021-06-29T09:52:47,500.0,44.1,B
2021-06-29T09:52:37,500.0,44.1,B
2021-06-29T09:52:34,100.0,44.1,B
2021-06-29T09:52:33,3300.0,44.1,B
2021-06-29T09:52:28,400.0,44.1,B
2021-06-29T09:52:22,1000.0,44.1,B
2021-06-29T09:52:20,400.0,44.1,B
2021-06-29T09:52:18,300.0,44.1,B
2021-06-29T09:52:09,1000.0,44.1,B
2021-06-29T09:52:07,300.0,44.1,B
2021-06-29T09:52:03,200.0,44.1,B
2021-06-29T09:52:01,700.0,44.1,B
2021-06-29T09:51:59,4600.0,44.1,B
2021-06-29T09:51:58,200.0,44.1,B
2021-06-29T09:51:54,600.0,44.1,B
2021-06-29T09:51:51,100.0,44.1,B
2021-06-29T09:51:51,500.0,44.1,B
2021-06-29T09:51:48,300.0,44.1,B
2021-06-29T09:51:44,100.0,44.1,B
2021-06-29T09:51:39,18400.0,44.1,S
2021-06-29T09:51:37,200.0,44.2,B
2021-06-29T09:51:32,5000.0,44.1,S
2021-06-29T09:51:23,500.0,44.1,S
2021-06-29T09:51:15,1000.0,44.1,S
2021-06-29T09:51:10,100.0,44.1,S
2021-06-29T09:50:59,3000.0,44.1,S
2021-06-29T09:50:58,1200.0,44.1,S
2021-06-29T09:50:48,1000.0,44.1,S
2021-06-29T09:50:46,2000.0,44.1,S
2021-06-29T09:50:37,100.0,44.1,S
2021-06-29T09:50:29,1000.0,44.1,S
2021-06-29T09:50:18,100.0,44.1,S
2021-06-29T09:50:05,48100.0,44.1,B
2021-06-29T09:50:02,100.0,44.1,B
2021-06-29T09:50:02,300.0,44.1,B
2021-06-29T09:50:00,100.0,44.1,B
2021-06-29T09:49:40,1000.0,44.1,B
2021-06-29T09:49:12,1000.0,44.1,B
2021-06-29T09:49:10,2000.0,44.1,B
2021-06-29T09:48:50,200.0,44.1,B
2021-06-29T09:48:47,100.0,44.1,B
2021-06-29T09:48:38,100.0,44.1,B
2021-06-29T09:48:26,1800.0,44.1,B
2021-06-29T09:48:26,1000.0,44.0,S
2021-06-29T09:48:12,100.0,44.1,B
2021-06-29T09:48:10,200.0,44.1,B
2021-06-29T09:48:02,1000.0,44.1,B
2021-06-29T09:47:37,100.0,44.1,B
2021-06-29T09:47:35,5000.0,44.1,B
2021-06-29T09:47:30,800.0,44.1,B
2021-06-29T09:47:24,200.0,44.1,B
2021-06-29T09:47:14,200.0,44.1,B
2021-06-29T09:47:13,2000.0,44.1,B
2021-06-29T09:47:12,2500.0,44.1,B
2021-06-29T09:47:07,2000.0,44.1,B
2021-06-29T09:47:03,400.0,44.1,B
2021-06-29T09:47:02,100.0,44.1,B
2021-06-29T09:46:56,1000.0,44.1,B
2021-06-29T09:46:40,700.0,44.1,B
2021-06-29T09:46:17,800.0,44.1,B
2021-06-29T09:46:12,4300.0,44.0,S
2021-06-29T09:45:45,15000.0,44.0,S
2021-06-29T09:45:45,200.0,44.1,B
2021-06-29T09:45:32,1100.0,44.0,S
2021-06-29T09:45:23,4500.0,44.0,S
2021-06-29T09:45:22,10000.0,44.1,B
2021-06-29T09:45:18,1000.0,44.1,B
2021-06-29T09:45:17,3000.0,44.1,B
2021-06-29T09:45:11,5000.0,44.1,B
2021-06-29T09:44:57,10000.0,44.1,B
2021-06-29T09:44:50,300.0,44.1,B
2021-06-29T09:44:50,100.0,44.1,B
2021-06-29T09:44:49,100.0,44.1,B
2021-06-29T09:44:40,300.0,44.1,B
2021-06-29T09:44:34,2000.0,44.1,B
2021-06-29T09:44:33,2000.0,44.1,B
2021-06-29T09:44:21,200.0,44.1,B
2021-06-29T09:44:17,100.0,44.1,B
2021-06-29T09:44:15,700.0,44.1,B
2021-06-29T09:44:08,100.0,44.0,S
2021-06-29T09:43:50,500.0,44.1,B
2021-06-29T09:43:29,1000.0,44.0,S
2021-06-29T09:43:23,500.0,44.1,B
2021-06-29T09:43:16,500.0,44.1,B
2021-06-29T09:43:08,200.0,44.1,S
2021-06-29T09:43:01,100.0,44.1,S
2021-06-29T09:42:58,700.0,44.1,B
2021-06-29T09:42:52,100.0,44.1,B
2021-06-29T09:42:38,2000.0,44.1,B
2021-06-29T09:42:35,100.0,44.1,B
2021-06-29T09:42:28,2000.0,44.1,B
2021-06-29T09:42:00,100.0,44.1,B
2021-06-29T09:42:00,7100.0,44.1,S
2021-06-29T09:41:44,200.0,44.1,S
2021-06-29T09:41:37,5000.0,44.1,S
2021-06-29T09:41:36,100.0,44.1,S
2021-06-29T09:41:17,20000.0,44.1,S
2021-06-29T09:41:17,1000.0,44.1,S
2021-06-29T09:41:14,700.0,44.1,S
2021-06-29T09:41:09,1000.0,44.2,B
2021-06-29T09:41:01,500.0,44.1,S
2021-06-29T09:40:53,100.0,44.1,S
2021-06-29T09:40:49,1200.0,44.1,S
2021-06-29T09:40:41,500.0,44.1,S
2021-06-29T09:40:28,500.0,44.1,S
2021-06-29T09:40:06,100.0,44.1,S
2021-06-29T09:39:57,700.0,44.1,S
2021-06-29T09:39:57,600.0,44.1,S
2021-06-29T09:39:42,300.0,44.1,S
2021-06-29T09:39:35,500.0,44.1,S
2021-06-29T09:39:29,3000.0,44.1,S
2021-06-29T09:39:27,900.0,44.1,B
2021-06-29T09:39:26,3000.0,44.1,B
2021-06-29T09:39:25,400.0,44.1,B
2021-06-29T09:39:18,1000.0,44.1,B
2021-06-29T09:39:09,5500.0,44.1,B
2021-06-29T09:39:07,500.0,44.1,B
2021-06-29T09:39:04,200.0,44.1,B
2021-06-29T09:39:03,2000.0,44.1,B
2021-06-29T09:38:56,500.0,44.1,B
2021-06-29T09:38:55,2000.0,44.1,B
2021-06-29T09:38:52,1000.0,44.1,B
2021-06-29T09:38:40,4000.0,44.1,B
2021-06-29T09:38:36,900.0,44.1,B
2021-06-29T09:38:26,500.0,44.1,B
2021-06-29T09:38:23,1600.0,44.1,B
2021-06-29T09:38:19,700.0,44.1,B
2021-06-29T09:38:15,7500.0,44.1,S
2021-06-29T09:38:12,1000.0,44.1,S
2021-06-29T09:38:07,25000.0,44.1,S
2021-06-29T09:38:05,500.0,44.2,B
2021-06-29T09:38:04,5000.0,44.1,S
2021-06-29T09:38:03,500.0,44.1,S
2021-06-29T09:38:02,300.0,44.1,S
2021-06-29T09:37:56,100.0,44.1,S
2021-06-29T09:37:38,100.0,44.1,S
2021-06-29T09:37:23,100.0,44.1,S
2021-06-29T09:37:19,500.0,44.1,S
2021-06-29T09:37:17,700.0,44.1,S
2021-06-29T09:37:04,500.0,44.1,S
2021-06-29T09:36:45,2600.0,44.1,S
2021-06-29T09:36:29,100.0,44.1,S
2021-06-29T09:36:17,1000.0,44.1,S
2021-06-29T09:36:14,300.0,44.1,S
2021-06-29T09:35:48,200.0,44.1,S
2021-06-29T09:35:46,1000.0,44.1,S
2021-06-29T09:35:40,200.0,44.1,S
2021-06-29T09:35:38,600.0,44.1,S
2021-06-29T09:35:35,1000.0,44.1,S
2021-06-29T09:35:30,100.0,44.1,S
2021-06-29T09:35:22,500.0,44.1,S
2021-06-29T09:35:14,100.0,44.1,S
2021-06-29T09:35:13,4500.0,44.1,B
2021-06-29T09:35:09,500.0,44.1,B
2021-06-29T09:35:09,1000.0,44.1,B
2021-06-29T09:34:54,500.0,44.1,B
2021-06-29T09:34:48,400.0,44.1,B
2021-06-29T09:34:48,2000.0,44.1,B
2021-06-29T09:34:46,400.0,44.1,B
2021-06-29T09:34:41,100.0,44.1,B
2021-06-29T09:34:40,500.0,44.1,B
2021-06-29T09:34:30,100.0,44.1,B
2021-06-29T09:34:19,500.0,44.1,S
2021-06-29T09:34:19,2000.0,44.2,B
2021-06-29T09:34:13,1000.0,44.1,S
2021-06-29T09:34:10,1000.0,44.1,S
2021-06-29T09:33:53,100.0,44.1,S
2021-06-29T09:33:50,200.0,44.1,B
2021-06-29T09:33:45,500.0,44.1,B
2021-06-29T09:33:42,100.0,44.1,B
2021-06-29T09:33:42,100.0,44.1,B
2021-06-29T09:33:37,9100.0,44.1,S
2021-06-29T09:33:30,2000.0,44.1,S
2021-06-29T09:33:27,100.0,44.1,S
2021-06-29T09:33:26,100.0,44.2,B
2021-06-29T09:33:20,2000.0,44.1,S
2021-06-29T09:33:19,500.0,44.1,S
2021-06-29T09:33:13,600.0,44.2,B
2021-06-29T09:33:01,500.0,44.1,S
2021-06-29T09:33:00,500.0,44.1,S
2021-06-29T09:32:58,300.0,44.1,S
2021-06-29T09:32:52,100.0,44.1,S
2021-06-29T09:32:35,100.0,44.1,S
2021-06-29T09:32:31,100.0,44.1,S
2021-06-29T09:32:25,200.0,44.1,B
2021-06-29T09:32:23,700.0,44.1,B
2021-06-29T09:32:22,100.0,44.1,S
2021-06-29T09:32:21,500.0,44.1,S
2021-06-29T09:32:18,4400.0,44.1,B
2021-06-29T09:32:16,500.0,44.0,S
2021-06-29T09:32:16,2000.0,44.1,B
2021-06-29T09:32:12,20000.0,44.1,B
2021-06-29T09:32:11,4500.0,44.1,B
2021-06-29T09:32:05,200.0,44.1,B
2021-06-29T09:32:03,300.0,44.1,B
2021-06-29T09:31:51,100.0,44.1,B
2021-06-29T09:31:49,6000.0,44.1,B
2021-06-29T09:31:40,100.0,44.0,S
2021-06-29T09:31:34,1000.0,44.1,B
2021-06-29T09:31:30,2000.0,44.1,B
2021-06-29T09:31:25,500.0,44.0,S
2021-06-29T09:31:23,500.0,44.1,B
2021-06-29T09:31:23,100.0,44.1,B
2021-06-29T09:31:22,100.0,44.1,B
2021-06-29T09:31:20,300.0,44.1,B
2021-06-29T09:31:19,20000.0,44.1,B
2021-06-29T09:31:16,200.0,44.1,B
2021-06-29T09:31:13,400.0,44.1,B
2021-06-29T09:31:10,1000.0,44.1,B
2021-06-29T09:31:09,1000.0,44.1,B
2021-06-29T09:31:08,1400.0,44.1,B
2021-06-29T09:31:07,3100.0,44.1,B
2021-06-29T09:31:02,5000.0,44.1,B
2021-06-29T09:31:01,1000.0,44.1,B
2021-06-29T09:30:59,10000.0,44.1,B
2021-06-29T09:30:51,100.0,44.1,B
2021-06-29T09:30:50,200.0,44.1,B
2021-06-29T09:30:48,3000.0,44.1,B
2021-06-29T09:30:46,2000.0,44.1,B
2021-06-29T09:30:37,1000.0,44.1,B
2021-06-29T09:30:35,300.0,44.1,B
2021-06-29T09:30:34,100.0,44.1,B
2021-06-29T09:30:33,12000.0,44.1,B
2021-06-29T09:30:32,1000.0,44.1,B
2021-06-29T09:30:25,2000.0,44.1,B
2021-06-29T09:30:24,500.0,44.1,B
2021-06-29T09:30:20,100.0,44.1,B
2021-06-29T09:30:16,300.0,44.0,S
2021-06-29T09:30:14,500.0,44.1,B
2021-06-29T09:30:12,300.0,44.0,S
2021-06-29T09:30:10,200.0,44.1,B
2021-06-29T09:30:05,300.0,44.1,B
2021-06-29T09:29:49,1900.0,44.1,B
2021-06-29T09:29:40,200.0,44.0,S
2021-06-29T09:29:30,1200.0,44.1,B
2021-06-29T09:29:28,500.0,44.1,B
2021-06-29T09:29:27,5000.0,44.1,B
2021-06-29T09:29:20,10000.0,44.1,B
2021-06-29T09:29:19,10000.0,44.0,S
2021-06-29T09:29:13,3200.0,44.1,B
2021-06-29T09:29:04,300.0,44.1,B
2021-06-29T09:28:51,1000.0,44.1,B
2021-06-29T09:28:45,1000.0,44.1,B
2021-06-29T09:28:40,2000.0,44.0,S
2021-06-29T09:28:39,500.0,44.0,S
2021-06-29T09:28:37,1000.0,44.1,B
2021-06-29T09:28:32,2200.0,44.0,S
2021-06-29T09:28:30,6200.0,44.0,B
2021-06-29T09:28:27,400.0,44.0,B
2021-06-29T09:28:24,600.0,44.0,B
2021-06-29T09:28:12,200.0,44.0,B
2021-06-29T09:28:11,2000.0,44.0,B
2021-06-29T09:28:07,500.0,44.0,B
2021-06-29T09:28:05,500.0,44.0,B
2021-06-29T09:28:05,700.0,44.0,B
2021-06-29T09:28:04,200.0,44.0,B
2021-06-29T09:28:02,1800.0,44.0,B
2021-06-29T09:27:59,1000.0,44.0,B
2021-06-29T09:27:59,100.0,44.0,B
2021-06-29T09:27:58,10000.0,44.0,B
2021-06-29T09:27:57,300.0,44.0,B
2021-06-29T09:27:56,300.0,44.0,B
2021-06-29T09:27:55,2000.0,44.0,B
2021-06-29T09:27:53,1000.0,43.9,S
2021-06-29T09:27:48,400.0,44.0,B
2021-06-29T09:27:43,1000.0,44.0,B
2021-06-29T09:27:42,200.0,44.0,B
2021-06-29T09:27:42,19800.0,44.0,B
2021-06-29T09:27:40,2100.0,44.0,B
2021-06-29T09:27:34,1400.0,44.0,B
2021-06-29T09:27:32,100.0,44.0,B
2021-06-29T09:27:31,200.0,44.0,B
2021-06-29T09:27:27,500.0,44.0,B
2021-06-29T09:27:24,1200.0,44.0,B
2021-06-29T09:27:21,6400.0,44.0,B
2021-06-29T09:27:20,200.0,44.0,B
2021-06-29T09:27:19,10000.0,44.0,B
2021-06-29T09:27:19,2300.0,44.0,B
2021-06-29T09:27:16,200.0,44.0,B
2021-06-29T09:27:07,28200.0,44.0,B
2021-06-29T09:27:03,2200.0,44.0,B
2021-06-29T09:26:56,500.0,44.0,B
2021-06-29T09:26:51,300.0,43.9,S
2021-06-29T09:26:50,100.0,44.0,B
2021-06-29T09:26:48,1400.0,44.0,B
2021-06-29T09:26:40,200.0,43.9,S
2021-06-29T09:26:29,100.0,44.0,B
2021-06-29T09:26:28,200.0,44.0,B
2021-06-29T09:26:28,500.0,44.0,B
2021-06-29T09:26:24,5000.0,44.0,B
2021-06-29T09:26:12,400.0,44.0,B
2021-06-29T09:26:08,100.0,44.0,B
2021-06-29T09:26:06,1000.0,44.0,B
2021-06-29T09:26:02,6400.0,43.9,S
2021-06-29T09:25:57,500.0,43.9,S
2021-06-29T09:25:53,2300.0,43.9,S
2021-06-29T09:25:51,7900.0,43.9,B
2021-06-29T09:25:48,2000.0,43.9,B
2021-06-29T09:25:43,100.0,43.8,S
2021-06-29T09:25:37,500.0,43.9,B
2021-06-29T09:25:30,600.0,43.9,B
2021-06-29T09:25:26,600.0,43.9,B
2021-06-29T09:25:24,200.0,43.9,B
2021-06-29T09:25:22,2000.0,43.9,B
2021-06-29T09:25:21,500.0,43.9,B
2021-06-29T09:25:18,100.0,43.9,B
2021-06-29T09:25:16,100.0,43.9,B
2021-06-29T09:25:12,500.0,43.9,B
2021-06-29T09:25:10,300.0,43.9,B
2021-06-29T09:25:09,300.0,43.8,S
2021-06-29T09:25:05,10000.0,43.9,B
2021-06-29T09:24:54,200.0,43.8,S
2021-06-29T09:24:50,500.0,43.9,B
2021-06-29T09:24:38,600.0,43.9,B
2021-06-29T09:24:36,3100.0,43.9,S
2021-06-29T09:24:34,200.0,43.9,S
2021-06-29T09:24:34,300.0,43.9,S
2021-06-29T09:24:22,100.0,43.9,S
2021-06-29T09:24:12,800.0,43.9,S
2021-06-29T09:24:11,200.0,43.9,S
2021-06-29T09:24:05,500.0,43.9,S
2021-06-29T09:24:03,600.0,43.9,S
2021-06-29T09:24:01,500.0,43.9,S
2021-06-29T09:23:59,1200.0,43.9,S
2021-06-29T09:23:57,300.0,43.9,S
2021-06-29T09:23:56,100.0,43.9,S
2021-06-29T09:23:55,1000.0,43.9,S
2021-06-29T09:23:41,300.0,43.9,S
2021-06-29T09:23:39,1000.0,43.8,S
2021-06-29T09:23:38,100.0,43.9,B
2021-06-29T09:23:35,100.0,43.9,B
2021-06-29T09:23:29,1100.0,43.9,S
2021-06-29T09:23:24,5000.0,43.9,S
2021-06-29T09:23:23,2000.0,43.9,S
2021-06-29T09:23:22,5500.0,43.9,S
2021-06-29T09:23:22,8000.0,43.9,S
2021-06-29T09:23:16,200.0,43.9,S
2021-06-29T09:23:15,1100.0,43.9,S
2021-06-29T09:23:07,600.0,43.9,S
2021-06-29T09:23:00,1100.0,43.9,S
2021-06-29T09:22:54,100.0,43.9,S
2021-06-29T09:22:46,300.0,43.9,S
2021-06-29T09:22:42,100.0,43.9,S
2021-06-29T09:22:38,100.0,43.9,S
2021-06-29T09:22:28,400.0,43.9,S
2021-06-29T09:22:27,3000.0,43.9,S
2021-06-29T09:22:27,200.0,43.9,S
2021-06-29T09:22:06,500.0,43.9,S
2021-06-29T09:22:05,500.0,44.0,B
2021-06-29T09:21:54,300.0,44.0,B
2021-06-29T09:21:50,1300.0,44.0,B
2021-06-29T09:21:38,5000.0,44.0,B
2021-06-29T09:21:36,300.0,44.0,B
2021-06-29T09:21:29,500.0,44.0,B
2021-06-29T09:21:14,2000.0,44.1,B
2021-06-29T09:21:13,700.0,44.0,B
2021-06-29T09:21:10,300.0,44.0,S
2021-06-29T09:21:08,600.0,44.0,S
2021-06-29T09:21:08,2000.0,44.0,S
2021-06-29T09:21:06,2000.0,44.0,S
2021-06-29T09:21:05,100.0,44.0,S
2021-06-29T09:21:00,900.0,44.1,B
2021-06-29T09:20:59,500.0,44.0,S
2021-06-29T09:20:57,1000.0,44.0,S
2021-06-29T09:20:51,200.0,44.0,S
2021-06-29T09:20:50,200.0,44.0,S
2021-06-29T09:20:49,2000.0,44.0,S
2021-06-29T09:20:47,500.0,44.0,S
2021-06-29T09:20:45,5000.0,44.0,S
2021-06-29T09:20:44,300.0,44.0,S
2021-06-29T09:20:40,1000.0,44.0,S
2021-06-29T09:20:39,500.0,44.0,S
2021-06-29T09:20:39,200.0,44.0,S
2021-06-29T09:20:38,100.0,44.0,S
2021-06-29T09:20:37,1000.0,44.0,S
2021-06-29T09:20:35,200.0,44.0,S
2021-06-29T09:20:33,2000.0,44.0,S
2021-06-29T09:20:29,3200.0,44.0,B
2021-06-29T09:20:28,100.0,44.0,B
2021-06-29T09:20:23,300.0,44.0,B
2021-06-29T09:20:20,100.0,44.0,B
2021-06-29T09:20:15,200.0,44.0,B
2021-06-29T09:20:12,500.0,44.0,B
2021-06-29T09:20:05,2000.0,44.0,B
2021-06-29T09:20:00,100.0,44.0,B
2021-06-29T09:19:52,500.0,44.0,B
2021-06-29T09:19:47,1000.0,44.0,B
2021-06-29T09:19:44,1000.0,44.0,B
2021-06-29T09:19:38,100.0,44.0,B
2021-06-29T09:19:35,400.0,44.0,B
2021-06-29T09:19:28,500.0,44.0,B
2021-06-29T09:19:27,5000.0,44.0,B
2021-06-29T09:19:20,800.0,44.0,S
2021-06-29T09:19:19,100.0,44.0,S
2021-06-29T09:19:15,600.0,44.0,S
2021-06-29T09:19:12,300.0,44.0,S
2021-06-29T09:19:06,2000.0,44.0,S
2021-06-29T09:19:03,33000.0,44.0,S
2021-06-29T09:19:01,900.0,44.0,S
2021-06-29T09:18:59,400.0,44.0,S
2021-06-29T09:18:58,5200.0,44.0,S
2021-06-29T09:18:55,100.0,44.1,B
2021-06-29T09:18:53,500.0,44.1,B
2021-06-29T09:18:52,5200.0,44.0,S
2021-06-29T09:18:52,100.0,44.1,B
2021-06-29T09:18:49,5000.0,44.0,S
2021-06-29T09:18:24,1000.0,44.1,B
2021-06-29T09:18:18,200.0,44.1,B
2021-06-29T09:18:18,200.0,44.0,S
2021-06-29T09:18:13,6300.0,44.1,B
2021-06-29T09:17:52,600.0,44.1,B
2021-06-29T09:17:34,1000.0,44.1,B
2021-06-29T09:17:22,100.0,44.1,B
2021-06-29T09:17:20,300.0,44.0,S
2021-06-29T09:17:18,600.0,44.1,B
2021-06-29T09:17:12,100.0,44.0,S
2021-06-29T09:17:08,500.0,44.1,B
2021-06-29T09:17:06,500.0,44.1,B
2021-06-29T09:17:01,100.0,44.1,B
2021-06-29T09:16:56,200.0,44.1,B
2021-06-29T09:16:51,500.0,44.1,B
2021-06-29T09:16:49,500.0,44.1,B
2021-06-29T09:16:46,500.0,44.1,B
2021-06-29T09:16:43,200.0,44.1,B
2021-06-29T09:16:41,8700.0,44.1,B
2021-06-29T09:16:34,100.0,44.1,B
2021-06-29T09:16:31,100.0,44.1,B
2021-06-29T09:16:29,100.0,44.1,B
2021-06-29T09:16:27,700.0,44.1,B
2021-06-29T09:16:13,100.0,44.1,B
2021-06-29T09:16:09,500.0,44.1,B
2021-06-29T09:16:08,1600.0,44.1,B
2021-06-29T09:15:56,10100.0,44.1,S
2021-06-29T09:15:44,100.0,44.1,S
2021-06-29T09:15:41,1000.0,44.2,B
2021-06-29T09:15:33,7000.0,44.1,S
2021-06-29T09:15:15,200.0,44.1,S
2021-06-29T09:15:14,4000.0,44.1,S
2021-06-29T09:14:57,300.0,44.2,B
2021-06-29T09:14:49,100.0,44.2,B
2021-06-29T09:14:35,400.0,44.2,B
2021-06-29T09:14:33,100.0,44.1,S
2021-06-29T09:14:22,500.0,44.2,B
2021-06-29T09:14:03,300.0,44.2,B
2021-06-29T09:13:56,2300.0,44.2,S
2021-06-29T09:13:55,200.0,44.2,S
2021-06-29T09:13:55,100.0,44.2,S
2021-06-29T09:13:52,400.0,44.2,S
2021-06-29T09:13:45,600.0,44.2,B
2021-06-29T09:13:39,2400.0,44.2,B
2021-06-29T09:13:38,800.0,44.1,S
2021-06-29T09:13:34,100.0,44.2,B
2021-06-29T09:13:29,100.0,44.1,S
2021-06-29T09:13:28,1400.0,44.2,B
2021-06-29T09:13:20,200.0,44.2,B
2021-06-29T09:13:13,1000.0,44.2,S
2021-06-29T09:13:06,500.0,44.2,S
2021-06-29T09:13:06,2300.0,44.2,S
2021-06-29T09:12:54,6500.0,44.2,S
2021-06-29T09:12:54,1000.0,44.2,S
2021-06-29T09:12:52,1500.0,44.2,S
2021-06-29T09:12:48,100.0,44.2,S
2021-06-29T09:12:47,2000.0,44.2,S
2021-06-29T09:12:41,500.0,44.2,S
2021-06-29T09:12:38,1000.0,44.2,S
2021-06-29T09:12:38,1000.0,44.2,S
2021-06-29T09:12:35,2000.0,44.2,S
2021-06-29T09:12:22,700.0,44.2,S
2021-06-29T09:12:20,10000.0,44.2,S
2021-06-29T09:12:14,3000.0,44.2,S
2021-06-29T09:12:11,1000.0,44.2,S
2021-06-29T09:12:02,6000.0,44.2,S
2021-06-29T09:12:01,1000.0,44.2,S
2021-06-29T09:11:48,100.0,44.2,S
2021-06-29T09:11:45,2500.0,44.2,S
2021-06-29T09:11:38,12000.0,44.2,B
2021-06-29T09:11:36,4000.0,44.2,B
2021-06-29T09:11:28,2600.0,44.1,S
2021-06-29T09:11:26,16000.0,44.2,B
2021-06-29T09:11:26,200.0,44.1,S
2021-06-29T09:11:24,200.0,44.1,S
2021-06-29T09:11:23,500.0,44.1,S
2021-06-29T09:11:19,6000.0,44.2,B
2021-06-29T09:11:12,10000.0,44.1,S
2021-06-29T09:11:05,29000.0,44.1,S
2021-06-29T09:10:58,1000.0,44.2,B
2021-06-29T09:10:56,300.0,44.1,S
2021-06-29T09:10:48,200.0,44.2,B
2021-06-29T09:10:45,100.0,44.2,B
2021-06-29T09:10:40,100.0,44.2,B
2021-06-29T09:10:38,1000.0,44.1,S
2021-06-29T09:10:36,500.0,44.2,B
2021-06-29T09:10:26,1000.0,44.2,B
2021-06-29T09:10:12,100.0,44.2,B
2021-06-29T09:10:06,2000.0,44.2,B
2021-06-29T09:10:05,300.0,44.2,S
2021-06-29T09:10:04,200.0,44.2,S
2021-06-29T09:10:00,2100.0,44.2,S
2021-06-29T09:09:57,100.0,44.2,S
2021-06-29T09:09:56,3000.0,44.2,S
2021-06-29T09:09:54,40000.0,44.2,S
2021-06-29T09:09:50,3000.0,44.2,S
2021-06-29T09:09:49,700.0,44.2,S
2021-06-29T09:09:47,7800.0,44.2,S
2021-06-29T09:09:46,10000.0,44.3,B
2021-06-29T09:09:43,100.0,44.2,S
2021-06-29T09:09:42,100.0,44.2,S
2021-06-29T09:09:38,1000.0,44.2,S
2021-06-29T09:09:32,800.0,44.2,S
2021-06-29T09:09:30,2500.0,44.3,B
2021-06-29T09:09:30,800.0,44.3,B
2021-06-29T09:09:14,100.0,44.2,S
2021-06-29T09:09:10,100.0,44.3,B
2021-06-29T09:09:02,5000.0,44.3,B
2021-06-29T09:09:01,4000.0,44.3,B
2021-06-29T09:08:46,5000.0,44.3,B
2021-06-29T09:08:45,200.0,44.3,B
2021-06-29T09:08:35,900.0,44.3,B
2021-06-29T09:08:31,500.0,44.3,B
2021-06-29T09:08:29,5000.0,44.3,B
2021-06-29T09:08:20,100.0,44.2,S
2021-06-29T09:08:14,1000.0,44.3,B
2021-06-29T09:08:05,1500.0,44.3,B
2021-06-29T09:08:01,100.0,44.2,S
2021-06-29T09:08:00,400.0,44.3,B
2021-06-29T09:07:56,200.0,44.2,S
2021-06-29T09:07:49,900.0,44.3,B
2021-06-29T09:07:44,200.0,44.3,B
2021-06-29T09:07:37,1000.0,44.2,S
2021-06-29T09:07:28,1500.0,44.2,S
2021-06-29T09:07:27,1000.0,44.3,B
2021-06-29T09:07:15,200.0,44.2,S
2021-06-29T09:07:14,200.0,44.3,B
2021-06-29T09:07:14,500.0,44.2,S
2021-06-29T09:07:10,500.0,44.3,B
2021-06-29T09:07:05,500.0,44.2,S
2021-06-29T09:07:04,300.0,44.3,B
2021-06-29T09:06:51,8000.0,44.3,B
2021-06-29T09:06:50,800.0,44.3,B
2021-06-29T09:06:39,300.0,44.3,B
2021-06-29T09:06:38,100.0,44.2,S
2021-06-29T09:06:38,500.0,44.2,S
2021-06-29T09:06:28,2000.0,44.2,S
2021-06-29T09:06:25,1000.0,44.2,S
2021-06-29T09:06:23,300.0,44.2,S
2021-06-29T09:06:21,100.0,44.2,S
2021-06-29T09:06:21,1000.0,44.2,S
2021-06-29T09:06:19,3100.0,44.2,B
2021-06-29T09:06:17,2000.0,44.2,B
2021-06-29T09:06:15,3100.0,44.2,B
2021-06-29T09:06:13,100.0,44.2,B
2021-06-29T09:06:10,300.0,44.2,B
2021-06-29T09:06:04,1000.0,44.2,B
2021-06-29T09:06:02,100.0,44.1,S
2021-06-29T09:05:56,500.0,44.2,B
2021-06-29T09:05:49,3000.0,44.2,B
2021-06-29T09:05:46,1000.0,44.2,B
2021-06-29T09:05:40,100.0,44.2,B
2021-06-29T09:05:38,1000.0,44.2,B
2021-06-29T09:05:34,600.0,44.2,B
2021-06-29T09:05:31,400.0,44.2,B
2021-06-29T09:05:29,200.0,44.2,B
2021-06-29T09:05:27,2000.0,44.2,B
2021-06-29T09:05:27,100.0,44.1,S
2021-06-29T09:05:21,900.0,44.2,B
2021-06-29T09:05:20,300.0,44.1,S
2021-06-29T09:05:16,8000.0,44.2,B
2021-06-29T09:04:40,500.0,44.2,B
2021-06-29T09:04:38,900.0,44.1,B
2021-06-29T09:04:34,500.0,44.1,S
2021-06-29T09:04:29,100.0,44.1,S
2021-06-29T09:04:22,1400.0,44.1,B
2021-06-29T09:04:20,200.0,44.0,S
2021-06-29T09:04:17,1000.0,44.0,S
2021-06-29T09:04:02,400.0,44.0,S
2021-06-29T09:04:00,1000.0,44.2,B
2021-06-29T09:03:58,300.0,44.1,B
2021-06-29T09:03:55,200.0,44.1,B
2021-06-29T09:03:51,3400.0,44.0,S
2021-06-29T09:03:51,2000.0,44.0,S
2021-06-29T09:03:45,200.0,44.1,B
2021-06-29T09:03:45,1000.0,44.0,S
2021-06-29T09:03:41,800.0,44.1,B
2021-06-29T09:03:34,200.0,44.1,B
2021-06-29T09:03:33,5000.0,44.0,S
2021-06-29T09:03:19,400.0,44.1,S
2021-06-29T09:03:16,2600.0,44.1,S
2021-06-29T09:03:15,7400.0,44.1,S
2021-06-29T09:03:12,900.0,44.1,S
2021-06-29T09:03:03,1300.0,44.1,S
2021-06-29T09:02:53,5000.0,44.1,S
2021-06-29T09:02:52,500.0,44.2,B
2021-06-29T09:02:51,500.0,44.2,B
2021-06-29T09:02:45,100.0,44.2,B
2021-06-29T09:02:41,100.0,44.2,B
2021-06-29T09:02:30,1000.0,44.2,S
2021-06-29T09:02:29,100.0,44.2,S
2021-06-29T09:02:22,600.0,44.2,S
2021-06-29T09:02:17,100.0,44.2,S
2021-06-29T09:02:10,500.0,44.2,S
2021-06-29T09:02:07,800.0,44.2,B
2021-06-29T09:02:04,200.0,44.2,B
2021-06-29T09:01:58,1000.0,44.3,B
2021-06-29T09:01:54,2000.0,44.3,B
2021-06-29T09:01:49,2000.0,44.3,B
2021-06-29T09:01:46,2200.0,44.3,B
2021-06-29T09:01:42,500.0,44.3,B
2021-06-29T09:01:37,1700.0,44.3,B
2021-06-29T09:01:37,1000.0,44.4,B
2021-06-29T09:01:31,400.0,44.3,S
2021-06-29T09:01:15,5000.0,44.3,S
2021-06-29T09:01:03,500.0,44.4,B
2021-06-29T09:00:58,40000.0,44.5,B
2021-06-29T09:00:56,200.0,44.3,S
2021-06-29T09:00:54,1000.0,44.3,S
2021-06-29T09:00:50,2000.0,44.4,B
2021-06-29T09:00:48,100.0,44.3,S
2021-06-29T09:00:48,500.0,44.3,S
2021-06-29T09:00:34,1700.0,44.3,B
2021-06-29T09:00:32,3900.0,44.1,B
2021-06-29T09:00:16,2500.0,44.0,S
2021-06-29T09:00:12,100.0,44.4,S
2021-06-29T09:00:11,1000.0,44.4,S
2021-06-29T09:00:10,300.0,44.4,S
2021-06-29T09:00:04,100.0,44.4,S
