tradingTime,volume,price,side
2021-06-29T10:21:32,300.0,116.3,S
2021-06-29T10:21:11,100.0,116.3,S
2021-06-29T10:21:08,100.0,116.3,B
2021-06-29T10:21:07,1500.0,116.4,B
2021-06-29T10:21:07,3500.0,116.4,B
2021-06-29T10:20:58,1000.0,116.2,S
2021-06-29T10:20:57,200.0,116.3,B
2021-06-29T10:20:56,1000.0,116.2,S
2021-06-29T10:20:35,500.0,116.3,B
2021-06-29T10:20:29,1000.0,116.2,S
2021-06-29T10:20:28,500.0,116.3,B
2021-06-29T10:20:28,10500.0,116.3,B
2021-06-29T10:20:17,100.0,116.3,B
2021-06-29T10:20:05,100.0,116.3,B
2021-06-29T10:20:00,5000.0,116.3,B
2021-06-29T10:19:56,200.0,116.3,B
2021-06-29T10:19:52,100.0,116.3,B
2021-06-29T10:19:50,800.0,116.2,S
2021-06-29T10:19:48,200.0,116.2,S
2021-06-29T10:19:42,1000.0,116.2,S
2021-06-29T10:19:40,300.0,116.2,S
2021-06-29T10:19:37,3600.0,116.2,S
2021-06-29T10:19:18,1000.0,116.2,S
2021-06-29T10:19:13,1000.0,116.2,S
2021-06-29T10:18:51,200.0,116.3,B
2021-06-29T10:18:48,100.0,116.2,S
2021-06-29T10:18:47,200.0,116.3,B
2021-06-29T10:18:41,100.0,116.3,B
2021-06-29T10:18:30,500.0,116.2,S
2021-06-29T10:18:30,400.0,116.2,S
2021-06-29T10:18:30,100.0,116.2,S
2021-06-29T10:18:30,16000.0,116.2,S
2021-06-29T10:18:30,100.0,116.2,S
2021-06-29T10:18:30,2900.0,116.2,S
2021-06-29T10:18:30,2200.0,116.3,S
2021-06-29T10:18:29,400.0,116.3,S
2021-06-29T10:18:25,2000.0,116.3,S
2021-06-29T10:18:25,1000.0,116.3,S
2021-06-29T10:18:25,3300.0,116.3,S
2021-06-29T10:18:25,2100.0,116.3,S
2021-06-29T10:18:25,2500.0,116.3,S
2021-06-29T10:18:25,100.0,116.4,B
2021-06-29T10:18:09,1500.0,116.4,B
2021-06-29T10:18:04,100.0,116.4,B
2021-06-29T10:18:03,100.0,116.4,B
2021-06-29T10:18:01,3000.0,116.3,S
2021-06-29T10:17:59,100.0,116.4,B
2021-06-29T10:17:50,100.0,116.4,B
2021-06-29T10:17:47,100.0,116.4,B
2021-06-29T10:17:37,1900.0,116.4,B
2021-06-29T10:17:36,100.0,116.4,B
2021-06-29T10:17:34,100.0,116.4,B
2021-06-29T10:17:32,1000.0,116.3,S
2021-06-29T10:17:17,2000.0,116.4,B
2021-06-29T10:17:00,10000.0,116.4,B
2021-06-29T10:16:57,100.0,116.3,S
2021-06-29T10:16:53,1000.0,116.4,B
2021-06-29T10:16:45,200.0,116.4,B
2021-06-29T10:16:44,1000.0,116.4,B
2021-06-29T10:16:44,500.0,116.4,B
2021-06-29T10:16:43,500.0,116.4,B
2021-06-29T10:16:25,1800.0,116.3,S
2021-06-29T10:16:21,600.0,116.4,B
2021-06-29T10:16:16,1000.0,116.3,S
2021-06-29T10:16:06,2000.0,116.3,B
2021-06-29T10:16:06,1400.0,116.3,B
2021-06-29T10:16:06,1000.0,116.3,B
2021-06-29T10:16:06,10000.0,116.3,B
2021-06-29T10:16:06,22000.0,116.3,B
2021-06-29T10:16:06,100.0,116.3,B
2021-06-29T10:16:06,4100.0,116.3,B
2021-06-29T10:16:03,1000.0,116.3,B
2021-06-29T10:15:49,100.0,116.3,B
2021-06-29T10:15:49,200.0,116.3,B
2021-06-29T10:15:45,2100.0,116.3,B
2021-06-29T10:15:44,200.0,116.3,B
2021-06-29T10:15:33,100.0,116.2,S
2021-06-29T10:15:30,10000.0,116.3,B
2021-06-29T10:15:22,1900.0,116.3,B
2021-06-29T10:15:16,5200.0,116.3,B
2021-06-29T10:14:50,100.0,116.3,B
2021-06-29T10:14:48,100.0,116.2,S
2021-06-29T10:14:37,300.0,116.3,B
2021-06-29T10:14:35,500.0,116.3,B
2021-06-29T10:14:10,600.0,116.3,B
2021-06-29T10:14:04,100.0,116.2,B
2021-06-29T10:13:58,2900.0,116.2,B
2021-06-29T10:13:50,200.0,116.2,B
2021-06-29T10:13:49,200.0,116.2,B
2021-06-29T10:13:42,100.0,116.2,B
2021-06-29T10:13:36,500.0,116.2,B
2021-06-29T10:13:35,1600.0,116.2,B
2021-06-29T10:13:35,100.0,116.2,B
2021-06-29T10:13:25,100.0,116.2,B
2021-06-29T10:13:25,1000.0,116.2,B
2021-06-29T10:13:20,1500.0,116.1,S
2021-06-29T10:13:19,3000.0,116.1,S
2021-06-29T10:13:15,4000.0,116.2,B
2021-06-29T10:13:15,2100.0,116.2,B
2021-06-29T10:13:15,1000.0,116.2,B
2021-06-29T10:13:15,12900.0,116.2,B
2021-06-29T10:13:15,200.0,116.1,S
2021-06-29T10:13:13,400.0,116.1,S
2021-06-29T10:13:09,900.0,116.1,S
2021-06-29T10:13:08,1900.0,116.2,B
2021-06-29T10:13:02,4300.0,116.2,B
2021-06-29T10:12:54,100.0,116.1,S
2021-06-29T10:12:47,800.0,116.2,B
2021-06-29T10:12:43,100.0,116.1,S
2021-06-29T10:12:42,100.0,116.2,B
2021-06-29T10:12:34,200.0,116.2,B
2021-06-29T10:12:28,200.0,116.0,S
2021-06-29T10:12:22,1300.0,116.0,S
2021-06-29T10:12:14,200.0,116.0,S
2021-06-29T10:12:12,5800.0,116.0,S
2021-06-29T10:12:10,100.0,116.1,B
2021-06-29T10:12:09,100.0,116.1,B
2021-06-29T10:12:07,900.0,116.1,B
2021-06-29T10:12:06,25300.0,116.1,B
2021-06-29T10:12:03,400.0,116.1,B
2021-06-29T10:12:02,200.0,116.0,S
2021-06-29T10:11:59,4000.0,116.1,B
2021-06-29T10:11:54,1100.0,116.0,S
2021-06-29T10:11:52,100.0,116.0,S
2021-06-29T10:11:48,800.0,116.1,B
2021-06-29T10:11:48,4200.0,116.1,B
2021-06-29T10:11:36,100.0,116.1,B
2021-06-29T10:11:31,200.0,116.0,S
2021-06-29T10:11:31,200.0,116.0,S
2021-06-29T10:11:29,100.0,116.1,B
2021-06-29T10:11:27,400.0,116.0,S
2021-06-29T10:11:25,1100.0,116.0,S
2021-06-29T10:11:23,1000.0,116.0,S
2021-06-29T10:11:23,200.0,116.0,S
2021-06-29T10:11:12,2000.0,116.0,S
2021-06-29T10:11:08,5000.0,116.0,S
2021-06-29T10:11:06,1100.0,116.0,S
2021-06-29T10:10:58,5000.0,116.0,S
2021-06-29T10:10:50,200.0,116.0,S
2021-06-29T10:10:42,900.0,116.0,B
2021-06-29T10:10:41,200.0,116.0,B
2021-06-29T10:10:37,100.0,116.0,B
2021-06-29T10:10:37,4200.0,116.0,B
2021-06-29T10:10:37,300.0,116.0,B
2021-06-29T10:10:37,300.0,116.0,B
2021-06-29T10:10:36,400.0,116.0,B
2021-06-29T10:10:30,800.0,116.0,B
2021-06-29T10:10:28,400.0,116.0,B
2021-06-29T10:10:23,200.0,116.0,B
2021-06-29T10:10:19,100.0,116.0,B
2021-06-29T10:10:06,2000.0,116.0,B
2021-06-29T10:09:59,500.0,116.0,B
2021-06-29T10:09:59,800.0,116.0,B
2021-06-29T10:09:59,200.0,116.0,B
2021-06-29T10:09:59,600.0,116.0,B
2021-06-29T10:09:57,1400.0,116.0,B
2021-06-29T10:09:57,300.0,116.0,B
2021-06-29T10:09:56,1300.0,116.0,B
2021-06-29T10:09:48,400.0,116.0,B
2021-06-29T10:09:45,2000.0,116.0,B
2021-06-29T10:09:43,2000.0,116.0,B
2021-06-29T10:09:42,5000.0,116.0,B
2021-06-29T10:09:39,800.0,116.0,B
2021-06-29T10:09:37,1000.0,116.0,B
2021-06-29T10:09:30,100.0,116.0,B
2021-06-29T10:09:27,300.0,116.0,B
2021-06-29T10:09:27,200.0,116.0,B
2021-06-29T10:09:25,900.0,116.0,B
2021-06-29T10:09:24,2500.0,116.0,B
2021-06-29T10:09:24,2800.0,116.0,B
2021-06-29T10:09:24,1600.0,116.0,B
2021-06-29T10:09:24,2000.0,116.0,B
2021-06-29T10:09:24,200.0,116.0,B
2021-06-29T10:09:24,400.0,116.0,B
2021-06-29T10:09:24,600.0,116.0,B
2021-06-29T10:09:24,600.0,116.0,B
2021-06-29T10:09:24,200.0,116.0,B
2021-06-29T10:09:24,900.0,116.0,B
2021-06-29T10:09:24,300.0,116.0,B
2021-06-29T10:09:24,100.0,116.0,B
2021-06-29T10:09:24,1800.0,116.0,B
2021-06-29T10:09:19,800.0,116.0,B
2021-06-29T10:09:19,600.0,116.0,B
2021-06-29T10:09:19,2600.0,116.0,B
2021-06-29T10:09:17,1700.0,116.0,B
2021-06-29T10:09:17,500.0,116.0,B
2021-06-29T10:09:17,1500.0,116.0,B
2021-06-29T10:09:17,1300.0,116.0,B
2021-06-29T10:09:17,700.0,116.0,B
2021-06-29T10:09:17,1100.0,116.0,B
2021-06-29T10:09:16,600.0,116.0,B
2021-06-29T10:09:16,3900.0,116.0,B
2021-06-29T10:09:16,700.0,116.0,B
2021-06-29T10:09:16,100.0,116.0,B
2021-06-29T10:09:16,900.0,116.0,B
2021-06-29T10:09:16,7000.0,116.0,B
2021-06-29T10:09:16,500.0,116.0,B
2021-06-29T10:09:13,1300.0,116.0,B
2021-06-29T10:09:06,1200.0,116.0,B
2021-06-29T10:09:06,1100.0,116.0,B
2021-06-29T10:09:06,200.0,116.0,B
2021-06-29T10:09:06,9500.0,116.0,B
2021-06-29T10:08:54,300.0,115.9,S
2021-06-29T10:08:49,3800.0,116.0,B
2021-06-29T10:08:49,3400.0,116.0,B
2021-06-29T10:08:49,900.0,116.0,B
2021-06-29T10:08:49,200.0,116.0,B
2021-06-29T10:08:47,1700.0,116.0,B
2021-06-29T10:08:41,1900.0,116.0,B
2021-06-29T10:08:40,400.0,116.0,B
2021-06-29T10:08:38,1000.0,116.0,B
2021-06-29T10:08:23,7000.0,116.0,B
2021-06-29T10:08:18,200.0,116.0,B
2021-06-29T10:08:13,2000.0,116.0,B
2021-06-29T10:08:04,100.0,116.0,B
2021-06-29T10:08:04,1000.0,116.0,B
2021-06-29T10:07:48,100.0,116.0,B
2021-06-29T10:07:46,700.0,116.0,B
2021-06-29T10:07:42,1400.0,116.0,B
2021-06-29T10:07:25,2500.0,116.0,B
2021-06-29T10:07:23,100.0,116.0,B
2021-06-29T10:07:23,100.0,116.0,B
2021-06-29T10:07:20,500.0,116.0,B
2021-06-29T10:07:17,100.0,116.0,B
2021-06-29T10:07:00,100.0,116.0,B
2021-06-29T10:06:48,100.0,116.0,B
2021-06-29T10:06:43,100.0,116.0,B
2021-06-29T10:06:43,100.0,116.0,B
2021-06-29T10:06:36,100.0,116.0,B
2021-06-29T10:06:30,1900.0,116.0,B
2021-06-29T10:06:22,100.0,116.0,B
2021-06-29T10:06:13,200.0,116.0,B
2021-06-29T10:06:06,1000.0,116.0,B
2021-06-29T10:06:05,100.0,116.0,B
2021-06-29T10:06:03,100.0,116.0,B
2021-06-29T10:05:59,500.0,116.0,B
2021-06-29T10:05:52,100.0,116.0,B
2021-06-29T10:05:40,400.0,116.0,B
2021-06-29T10:05:28,100.0,116.0,B
2021-06-29T10:05:27,500.0,115.9,S
2021-06-29T10:05:20,100.0,116.0,B
2021-06-29T10:05:16,100.0,115.9,S
2021-06-29T10:05:08,1000.0,115.9,S
2021-06-29T10:05:01,100.0,116.0,B
2021-06-29T10:05:00,100.0,116.0,B
2021-06-29T10:04:49,1100.0,116.0,B
2021-06-29T10:04:48,100.0,116.0,B
2021-06-29T10:04:40,1500.0,116.0,B
2021-06-29T10:04:37,1600.0,116.0,B
2021-06-29T10:04:35,1000.0,116.0,B
2021-06-29T10:04:27,100.0,116.0,B
2021-06-29T10:04:16,500.0,116.0,B
2021-06-29T10:04:16,1400.0,116.0,B
2021-06-29T10:04:12,300.0,116.0,B
2021-06-29T10:04:11,1200.0,115.9,S
2021-06-29T10:04:04,6000.0,116.0,B
2021-06-29T10:03:59,100.0,116.0,B
2021-06-29T10:03:48,200.0,116.0,B
2021-06-29T10:03:47,500.0,115.9,S
2021-06-29T10:03:43,100.0,116.0,B
2021-06-29T10:03:38,400.0,116.0,B
2021-06-29T10:03:32,1100.0,116.0,B
2021-06-29T10:03:20,100.0,116.0,B
2021-06-29T10:02:50,500.0,116.0,B
2021-06-29T10:02:47,100.0,116.0,B
2021-06-29T10:02:43,100.0,116.0,B
2021-06-29T10:02:35,200.0,116.0,B
2021-06-29T10:02:31,3000.0,116.0,B
2021-06-29T10:02:28,1500.0,116.0,B
2021-06-29T10:02:27,1000.0,116.0,B
2021-06-29T10:02:25,100.0,116.0,B
2021-06-29T10:02:25,300.0,116.0,B
2021-06-29T10:02:24,300.0,116.0,B
2021-06-29T10:02:20,300.0,116.0,B
2021-06-29T10:02:17,10000.0,116.0,B
2021-06-29T10:02:12,200.0,116.0,B
2021-06-29T10:02:05,1900.0,116.0,B
2021-06-29T10:02:04,2200.0,116.0,B
2021-06-29T10:01:59,500.0,116.0,B
2021-06-29T10:01:49,100.0,116.0,B
2021-06-29T10:01:49,2000.0,115.9,S
2021-06-29T10:01:39,1800.0,116.0,B
2021-06-29T10:01:30,400.0,116.0,B
2021-06-29T10:01:28,100.0,115.9,S
2021-06-29T10:01:08,100.0,116.0,B
2021-06-29T10:01:03,1100.0,115.9,S
2021-06-29T10:00:58,100.0,116.0,B
2021-06-29T10:00:36,10000.0,115.9,S
2021-06-29T10:00:24,300.0,115.9,S
2021-06-29T10:00:20,200.0,116.0,B
2021-06-29T10:00:18,200.0,116.0,B
2021-06-29T10:00:15,300.0,115.9,S
2021-06-29T10:00:08,200.0,116.0,B
2021-06-29T10:00:08,300.0,116.0,B
2021-06-29T10:00:04,500.0,115.9,S
2021-06-29T10:00:03,200.0,115.9,S
2021-06-29T09:59:36,100.0,115.9,S
2021-06-29T09:59:33,1000.0,116.0,B
2021-06-29T09:59:30,500.0,116.0,B
2021-06-29T09:59:19,100.0,115.9,S
2021-06-29T09:59:04,100.0,115.9,S
2021-06-29T09:59:04,900.0,115.9,S
2021-06-29T09:58:59,100.0,116.0,B
2021-06-29T09:58:55,1000.0,116.0,B
2021-06-29T09:58:44,1000.0,115.9,S
2021-06-29T09:58:33,300.0,116.0,B
2021-06-29T09:58:12,100.0,116.0,B
2021-06-29T09:58:10,14000.0,116.0,B
2021-06-29T09:57:59,1000.0,116.0,B
2021-06-29T09:57:56,200.0,116.0,B
2021-06-29T09:57:54,100.0,115.9,B
2021-06-29T09:57:54,500.0,115.9,B
2021-06-29T09:57:53,100.0,115.9,B
2021-06-29T09:57:48,500.0,115.9,B
2021-06-29T09:57:38,500.0,116.0,B
2021-06-29T09:57:38,200.0,115.9,B
2021-06-29T09:57:38,1100.0,115.9,B
2021-06-29T09:57:35,800.0,115.9,B
2021-06-29T09:57:22,400.0,115.9,S
2021-06-29T09:57:21,300.0,115.9,S
2021-06-29T09:57:13,100.0,115.9,S
2021-06-29T09:57:05,1100.0,115.9,S
2021-06-29T09:57:05,30000.0,115.9,S
2021-06-29T09:57:05,5400.0,115.9,S
2021-06-29T09:57:05,10900.0,115.9,S
2021-06-29T09:56:58,100.0,116.0,B
2021-06-29T09:56:42,500.0,116.0,B
2021-06-29T09:56:37,500.0,116.0,B
2021-06-29T09:56:34,200.0,116.0,S
2021-06-29T09:56:29,100.0,116.0,S
2021-06-29T09:56:27,500.0,116.0,S
2021-06-29T09:56:27,1000.0,116.0,S
2021-06-29T09:56:20,800.0,116.0,S
2021-06-29T09:56:19,500.0,116.0,S
2021-06-29T09:56:19,300.0,116.0,S
2021-06-29T09:56:19,200.0,116.0,S
2021-06-29T09:56:19,900.0,116.0,S
2021-06-29T09:56:19,30100.0,116.0,S
2021-06-29T09:56:19,3100.0,116.0,S
2021-06-29T09:56:18,15500.0,116.0,S
2021-06-29T09:56:18,500.0,116.0,S
2021-06-29T09:56:18,2000.0,116.0,S
2021-06-29T09:56:18,1000.0,116.0,S
2021-06-29T09:56:18,200.0,116.0,S
2021-06-29T09:56:18,500.0,116.0,S
2021-06-29T09:56:18,500.0,116.0,S
2021-06-29T09:56:16,1000.0,116.1,B
2021-06-29T09:56:00,100.0,116.0,S
2021-06-29T09:55:58,100.0,116.1,B
2021-06-29T09:55:56,200.0,116.1,B
2021-06-29T09:55:49,600.0,116.0,S
2021-06-29T09:55:49,200.0,116.0,S
2021-06-29T09:55:49,100.0,116.0,S
2021-06-29T09:55:48,100.0,116.0,S
2021-06-29T09:55:42,4000.0,116.0,S
2021-06-29T09:55:40,500.0,116.0,S
2021-06-29T09:55:32,2400.0,116.0,S
2021-06-29T09:55:28,100.0,116.0,S
2021-06-29T09:55:26,1900.0,116.1,S
2021-06-29T09:55:19,500.0,116.0,S
2021-06-29T09:55:13,400.0,116.1,S
2021-06-29T09:55:13,1200.0,116.1,S
2021-06-29T09:55:13,800.0,116.1,S
2021-06-29T09:55:03,100.0,116.1,S
2021-06-29T09:55:01,200.0,116.1,S
2021-06-29T09:54:59,100.0,116.3,B
2021-06-29T09:54:54,300.0,116.1,S
2021-06-29T09:54:47,1500.0,116.1,S
2021-06-29T09:54:39,6900.0,116.1,S
2021-06-29T09:54:35,100.0,116.1,S
2021-06-29T09:54:32,200.0,116.1,S
2021-06-29T09:54:32,400.0,116.1,S
2021-06-29T09:54:32,28600.0,116.1,S
2021-06-29T09:54:32,800.0,116.2,S
2021-06-29T09:54:27,400.0,116.3,B
2021-06-29T09:54:27,600.0,116.3,B
2021-06-29T09:54:04,200.0,116.3,S
2021-06-29T09:54:01,200.0,116.2,S
2021-06-29T09:53:59,100.0,116.3,S
2021-06-29T09:53:53,1000.0,116.2,S
2021-06-29T09:53:49,200.0,116.3,S
2021-06-29T09:53:44,100.0,116.3,S
2021-06-29T09:53:40,200.0,116.3,S
2021-06-29T09:53:22,400.0,116.1,S
2021-06-29T09:53:15,1900.0,116.4,B
2021-06-29T09:53:12,100.0,116.1,S
2021-06-29T09:53:10,100.0,116.1,S
2021-06-29T09:53:04,500.0,116.4,B
2021-06-29T09:53:02,300.0,116.1,S
2021-06-29T09:52:57,100.0,116.1,S
2021-06-29T09:52:56,600.0,116.1,S
2021-06-29T09:52:55,800.0,116.1,S
2021-06-29T09:52:53,100.0,116.4,B
2021-06-29T09:52:49,600.0,116.1,S
2021-06-29T09:52:49,900.0,116.1,S
2021-06-29T09:52:49,1800.0,116.1,S
2021-06-29T09:52:41,200.0,116.1,S
2021-06-29T09:52:40,100.0,116.1,S
2021-06-29T09:52:33,3000.0,116.1,S
2021-06-29T09:52:33,12100.0,116.1,S
2021-06-29T09:52:30,400.0,116.3,B
2021-06-29T09:52:29,200.0,116.3,B
2021-06-29T09:52:28,100.0,116.3,B
2021-06-29T09:52:27,1000.0,116.3,B
2021-06-29T09:52:24,500.0,116.3,B
2021-06-29T09:52:20,200.0,116.3,B
2021-06-29T09:52:20,200.0,116.3,B
2021-06-29T09:52:20,9500.0,116.3,B
2021-06-29T09:52:20,1300.0,116.3,B
2021-06-29T09:52:20,5700.0,116.3,B
2021-06-29T09:52:20,19800.0,116.3,B
2021-06-29T09:52:20,7100.0,116.2,B
2021-06-29T09:52:20,100.0,116.2,B
2021-06-29T09:52:20,22000.0,116.2,B
2021-06-29T09:52:04,100.0,116.2,B
2021-06-29T09:52:03,400.0,116.1,S
2021-06-29T09:52:00,200.0,116.2,B
2021-06-29T09:51:57,100.0,116.1,S
2021-06-29T09:51:54,1900.0,116.1,S
2021-06-29T09:51:50,700.0,116.1,S
2021-06-29T09:51:48,200.0,116.1,S
2021-06-29T09:51:44,400.0,116.1,S
2021-06-29T09:51:43,1000.0,116.1,S
2021-06-29T09:51:40,300.0,116.1,S
2021-06-29T09:51:39,2000.0,116.1,S
2021-06-29T09:51:37,200.0,116.2,B
2021-06-29T09:51:35,1700.0,116.1,S
2021-06-29T09:51:30,100.0,116.2,B
2021-06-29T09:51:20,100.0,116.1,S
2021-06-29T09:51:13,500.0,116.1,S
2021-06-29T09:51:09,300.0,116.1,S
2021-06-29T09:51:09,200.0,116.1,S
2021-06-29T09:51:02,300.0,116.2,B
2021-06-29T09:50:59,200.0,116.1,S
2021-06-29T09:50:58,1200.0,116.1,S
2021-06-29T09:50:53,1100.0,116.1,S
2021-06-29T09:50:52,100.0,116.1,S
2021-06-29T09:50:48,5000.0,116.1,S
2021-06-29T09:50:45,300.0,116.1,S
2021-06-29T09:50:45,500.0,116.1,S
2021-06-29T09:50:42,100.0,116.1,S
2021-06-29T09:50:40,300.0,116.0,S
2021-06-29T09:50:40,700.0,116.1,S
2021-06-29T09:50:40,500.0,116.1,S
2021-06-29T09:50:39,100.0,116.2,B
2021-06-29T09:50:25,100.0,116.1,S
2021-06-29T09:50:25,300.0,116.1,S
2021-06-29T09:50:18,1800.0,116.1,S
2021-06-29T09:50:05,300.0,116.2,S
2021-06-29T09:49:56,100.0,116.1,S
2021-06-29T09:49:56,100.0,116.1,S
2021-06-29T09:49:48,1300.0,116.1,S
2021-06-29T09:49:47,200.0,116.1,S
2021-06-29T09:49:41,200.0,116.1,S
2021-06-29T09:49:40,1000.0,116.2,S
2021-06-29T09:49:34,900.0,116.2,S
2021-06-29T09:49:33,100.0,116.2,S
2021-06-29T09:49:20,100.0,116.2,S
2021-06-29T09:49:04,200.0,116.1,S
2021-06-29T09:48:57,400.0,116.2,S
2021-06-29T09:48:53,1000.0,116.1,S
2021-06-29T09:48:51,500.0,116.2,S
2021-06-29T09:48:50,1900.0,116.2,S
2021-06-29T09:48:35,100.0,116.2,S
2021-06-29T09:48:32,2200.0,116.2,S
2021-06-29T09:48:09,100.0,116.2,B
2021-06-29T09:48:04,200.0,116.2,B
2021-06-29T09:47:45,300.0,116.2,B
2021-06-29T09:47:38,1000.0,116.2,B
2021-06-29T09:47:38,500.0,116.2,B
2021-06-29T09:47:27,200.0,116.2,B
2021-06-29T09:47:23,100.0,116.3,B
2021-06-29T09:47:22,200.0,116.2,B
2021-06-29T09:47:16,4800.0,116.2,B
2021-06-29T09:47:05,100.0,116.2,B
2021-06-29T09:47:03,1000.0,116.2,B
2021-06-29T09:46:40,300.0,116.2,B
2021-06-29T09:46:32,1900.0,116.2,B
2021-06-29T09:46:27,2000.0,116.2,B
2021-06-29T09:46:24,100.0,116.2,S
2021-06-29T09:46:22,7000.0,116.2,S
2021-06-29T09:46:10,1500.0,116.2,S
2021-06-29T09:46:08,300.0,116.2,S
2021-06-29T09:46:05,200.0,116.2,S
2021-06-29T09:45:57,6000.0,116.2,S
2021-06-29T09:45:25,2200.0,116.3,B
2021-06-29T09:45:25,16800.0,116.3,B
2021-06-29T09:45:22,300.0,116.1,S
2021-06-29T09:45:19,300.0,116.1,S
2021-06-29T09:45:19,100.0,116.1,S
2021-06-29T09:45:17,10000.0,116.0,S
2021-06-29T09:45:15,100.0,116.1,S
2021-06-29T09:45:13,200.0,116.1,S
2021-06-29T09:45:10,14100.0,116.0,S
2021-06-29T09:45:10,1600.0,116.0,S
2021-06-29T09:45:10,100.0,116.0,S
2021-06-29T09:45:10,2600.0,116.0,S
2021-06-29T09:45:10,1200.0,116.0,S
2021-06-29T09:45:10,400.0,116.0,S
2021-06-29T09:45:04,2100.0,116.1,S
2021-06-29T09:45:04,600.0,116.1,S
2021-06-29T09:45:04,17100.0,116.1,S
2021-06-29T09:44:59,600.0,116.3,B
2021-06-29T09:44:57,15300.0,116.1,S
2021-06-29T09:44:57,300.0,116.2,S
2021-06-29T09:44:56,4400.0,116.2,S
2021-06-29T09:44:55,600.0,116.3,B
2021-06-29T09:44:47,8600.0,116.2,S
2021-06-29T09:44:47,1600.0,116.2,S
2021-06-29T09:44:47,100.0,116.2,S
2021-06-29T09:44:47,100.0,116.2,S
2021-06-29T09:44:47,9600.0,116.2,S
2021-06-29T09:44:43,100.0,116.2,S
2021-06-29T09:44:40,100.0,116.3,B
2021-06-29T09:44:40,200.0,116.3,B
2021-06-29T09:44:24,200.0,116.2,S
2021-06-29T09:44:22,200.0,116.2,S
2021-06-29T09:44:16,100.0,116.3,B
2021-06-29T09:43:59,600.0,116.2,B
2021-06-29T09:43:59,3300.0,116.2,B
2021-06-29T09:43:57,1000.0,116.2,B
2021-06-29T09:43:56,300.0,116.2,B
2021-06-29T09:43:52,200.0,116.2,B
2021-06-29T09:43:43,500.0,116.2,B
2021-06-29T09:43:41,200.0,116.2,B
2021-06-29T09:43:39,4600.0,116.2,B
2021-06-29T09:43:38,100.0,116.2,B
2021-06-29T09:43:34,200.0,116.2,B
2021-06-29T09:43:26,500.0,116.2,B
2021-06-29T09:43:20,600.0,116.2,B
2021-06-29T09:43:05,200.0,116.2,B
2021-06-29T09:42:54,200.0,116.2,B
2021-06-29T09:42:49,600.0,116.2,B
2021-06-29T09:42:49,400.0,116.1,B
2021-06-29T09:42:49,1700.0,116.1,B
2021-06-29T09:42:48,200.0,116.1,B
2021-06-29T09:42:39,100.0,116.1,B
2021-06-29T09:42:33,400.0,116.1,B
2021-06-29T09:42:27,2000.0,116.1,B
2021-06-29T09:42:19,200.0,116.1,B
2021-06-29T09:42:19,5000.0,116.1,B
2021-06-29T09:42:14,3000.0,116.1,B
2021-06-29T09:42:08,100.0,116.1,B
2021-06-29T09:42:06,2000.0,116.1,B
2021-06-29T09:42:06,200.0,116.1,B
2021-06-29T09:41:49,1900.0,116.1,B
2021-06-29T09:41:28,1000.0,116.1,B
2021-06-29T09:41:27,500.0,116.1,B
2021-06-29T09:41:22,100.0,116.1,B
2021-06-29T09:41:21,1000.0,116.0,S
2021-06-29T09:41:19,1400.0,116.1,B
2021-06-29T09:41:11,900.0,116.1,B
2021-06-29T09:41:05,300.0,116.1,B
2021-06-29T09:40:50,300.0,116.0,S
2021-06-29T09:40:42,4000.0,116.0,S
2021-06-29T09:40:30,100.0,116.1,B
2021-06-29T09:40:26,400.0,116.1,B
2021-06-29T09:40:16,1000.0,116.0,S
2021-06-29T09:39:59,100.0,116.0,B
2021-06-29T09:39:59,3100.0,116.0,B
2021-06-29T09:39:58,100.0,116.0,B
2021-06-29T09:39:53,1000.0,116.0,B
2021-06-29T09:39:52,1000.0,115.9,S
2021-06-29T09:39:52,2500.0,116.0,B
2021-06-29T09:39:50,3300.0,116.0,B
2021-06-29T09:39:37,600.0,116.0,B
2021-06-29T09:39:36,6000.0,115.9,S
2021-06-29T09:39:32,700.0,116.0,B
2021-06-29T09:39:05,1000.0,116.0,B
2021-06-29T09:39:02,4000.0,116.0,B
2021-06-29T09:38:58,200.0,116.0,B
2021-06-29T09:38:50,400.0,116.0,B
2021-06-29T09:38:47,600.0,116.0,B
2021-06-29T09:38:40,100.0,115.9,S
2021-06-29T09:38:36,5000.0,116.0,B
2021-06-29T09:38:36,5000.0,116.0,B
2021-06-29T09:38:24,100.0,115.9,B
2021-06-29T09:38:23,200.0,116.0,B
2021-06-29T09:38:20,400.0,116.0,B
2021-06-29T09:38:17,100.0,116.0,B
2021-06-29T09:38:10,200.0,115.9,B
2021-06-29T09:38:08,100.0,115.9,B
2021-06-29T09:38:04,500.0,116.0,B
2021-06-29T09:37:59,1200.0,115.9,B
2021-06-29T09:37:50,500.0,115.9,B
2021-06-29T09:37:50,100.0,116.0,B
2021-06-29T09:37:48,100.0,115.9,B
2021-06-29T09:37:43,1000.0,116.0,B
2021-06-29T09:37:42,200.0,115.9,B
2021-06-29T09:37:42,1800.0,115.9,B
2021-06-29T09:37:35,200.0,115.9,B
2021-06-29T09:37:18,200.0,115.9,S
2021-06-29T09:37:14,800.0,115.9,S
2021-06-29T09:36:51,200.0,116.0,B
2021-06-29T09:36:40,1000.0,115.8,S
2021-06-29T09:36:37,100.0,116.0,B
2021-06-29T09:36:17,5000.0,115.8,S
2021-06-29T09:36:10,500.0,116.0,B
2021-06-29T09:36:07,1100.0,116.0,B
2021-06-29T09:36:02,100.0,116.0,B
2021-06-29T09:36:02,100.0,116.0,B
2021-06-29T09:35:56,400.0,116.0,B
2021-06-29T09:35:47,200.0,116.0,S
2021-06-29T09:35:47,100.0,116.0,S
2021-06-29T09:35:40,100.0,116.0,S
2021-06-29T09:35:35,3000.0,116.1,S
2021-06-29T09:35:34,7600.0,116.0,S
2021-06-29T09:35:29,2500.0,116.0,S
2021-06-29T09:35:29,5700.0,116.0,S
2021-06-29T09:35:29,1000.0,116.0,S
2021-06-29T09:35:29,2000.0,116.0,S
2021-06-29T09:35:29,2300.0,116.0,S
2021-06-29T09:35:29,200.0,116.0,S
2021-06-29T09:35:29,300.0,116.0,S
2021-06-29T09:35:29,400.0,116.0,S
2021-06-29T09:35:29,1000.0,116.0,S
2021-06-29T09:35:29,4600.0,116.0,S
2021-06-29T09:35:27,3000.0,116.1,S
2021-06-29T09:35:23,500.0,116.0,S
2021-06-29T09:35:23,2200.0,116.0,S
2021-06-29T09:35:23,11500.0,116.0,S
2021-06-29T09:35:23,5800.0,116.0,S
2021-06-29T09:35:17,3100.0,116.1,S
2021-06-29T09:35:11,7500.0,116.2,S
2021-06-29T09:34:45,200.0,116.3,B
2021-06-29T09:34:30,1600.0,116.2,S
2021-06-29T09:34:23,1400.0,116.2,S
2021-06-29T09:34:22,400.0,116.2,S
2021-06-29T09:34:17,500.0,116.2,S
2021-06-29T09:34:08,100.0,116.1,S
2021-06-29T09:34:05,100.0,116.2,S
2021-06-29T09:34:04,200.0,116.3,B
2021-06-29T09:34:03,300.0,116.3,B
2021-06-29T09:34:03,1700.0,116.3,B
2021-06-29T09:34:00,100.0,116.2,S
2021-06-29T09:33:59,300.0,116.2,S
2021-06-29T09:33:59,200.0,116.2,S
2021-06-29T09:33:52,100.0,116.2,S
2021-06-29T09:33:52,100.0,116.0,S
2021-06-29T09:33:45,200.0,116.2,S
2021-06-29T09:33:42,100.0,116.2,S
2021-06-29T09:33:36,200.0,116.2,S
2021-06-29T09:33:34,200.0,116.2,S
2021-06-29T09:33:20,1000.0,116.2,S
2021-06-29T09:33:08,100.0,116.3,B
2021-06-29T09:33:06,5000.0,116.0,S
2021-06-29T09:33:06,4100.0,116.1,S
2021-06-29T09:33:06,1000.0,116.1,S
2021-06-29T09:33:06,500.0,116.1,S
2021-06-29T09:33:06,16000.0,116.1,S
2021-06-29T09:33:06,100.0,116.2,S
2021-06-29T09:33:06,3300.0,116.2,S
2021-06-29T09:32:56,200.0,116.2,S
2021-06-29T09:32:42,100.0,116.2,S
2021-06-29T09:32:36,200.0,116.3,B
2021-06-29T09:32:36,100.0,116.3,B
2021-06-29T09:32:28,500.0,116.2,S
2021-06-29T09:32:27,100.0,116.3,B
2021-06-29T09:32:23,200.0,116.2,S
2021-06-29T09:32:05,100.0,116.2,S
2021-06-29T09:32:05,2000.0,116.3,B
2021-06-29T09:32:04,400.0,116.3,B
2021-06-29T09:31:52,500.0,116.3,B
2021-06-29T09:31:42,300.0,116.3,B
2021-06-29T09:31:42,100.0,116.3,S
2021-06-29T09:31:37,100.0,116.3,S
2021-06-29T09:31:23,100.0,116.3,S
2021-06-29T09:31:22,3000.0,116.3,S
2021-06-29T09:31:17,500.0,116.2,S
2021-06-29T09:30:56,1000.0,116.3,S
2021-06-29T09:30:55,200.0,116.3,S
2021-06-29T09:30:51,1600.0,116.3,S
2021-06-29T09:30:47,200.0,116.3,S
2021-06-29T09:30:44,1000.0,116.3,S
2021-06-29T09:30:30,1000.0,116.3,S
2021-06-29T09:30:29,100.0,116.3,S
2021-06-29T09:30:27,100.0,116.3,S
2021-06-29T09:30:12,1200.0,116.3,S
2021-06-29T09:30:11,300.0,116.3,S
2021-06-29T09:30:11,400.0,116.3,S
2021-06-29T09:30:11,100.0,116.3,S
2021-06-29T09:30:11,700.0,116.3,S
2021-06-29T09:30:11,3700.0,116.3,S
2021-06-29T09:30:09,300.0,116.3,S
2021-06-29T09:29:56,1300.0,116.3,S
2021-06-29T09:29:56,100.0,116.3,S
2021-06-29T09:29:39,500.0,116.3,S
2021-06-29T09:29:32,200.0,116.3,S
2021-06-29T09:29:30,600.0,116.4,B
2021-06-29T09:29:22,100.0,116.4,B
2021-06-29T09:29:17,100.0,116.3,B
2021-06-29T09:29:16,300.0,116.4,B
2021-06-29T09:29:16,200.0,116.4,B
2021-06-29T09:29:14,100.0,116.3,B
2021-06-29T09:29:09,300.0,116.4,B
2021-06-29T09:29:08,200.0,116.4,B
2021-06-29T09:29:08,4600.0,116.3,B
2021-06-29T09:29:00,100.0,116.3,B
2021-06-29T09:28:57,300.0,116.3,B
2021-06-29T09:28:43,900.0,116.4,B
2021-06-29T09:28:19,600.0,116.4,B
2021-06-29T09:28:18,100.0,116.2,B
2021-06-29T09:28:14,100.0,116.3,S
2021-06-29T09:28:08,2000.0,116.3,S
2021-06-29T09:27:55,400.0,116.1,S
2021-06-29T09:27:48,100.0,116.2,S
2021-06-29T09:27:46,100.0,116.3,S
2021-06-29T09:27:31,100.0,116.3,S
2021-06-29T09:27:19,1000.0,116.4,S
2021-06-29T09:27:19,2500.0,116.4,S
2021-06-29T09:27:13,2000.0,116.4,S
2021-06-29T09:27:11,100.0,116.4,S
2021-06-29T09:27:03,16500.0,116.1,S
2021-06-29T09:27:00,400.0,116.3,S
2021-06-29T09:26:58,3000.0,116.2,S
2021-06-29T09:26:57,500.0,116.3,S
2021-06-29T09:26:54,100.0,116.3,S
2021-06-29T09:26:54,18200.0,116.2,S
2021-06-29T09:26:54,900.0,116.2,S
2021-06-29T09:26:53,900.0,116.2,S
2021-06-29T09:26:53,200.0,116.2,S
2021-06-29T09:26:50,13000.0,116.3,S
2021-06-29T09:26:46,6000.0,116.4,S
2021-06-29T09:26:42,500.0,116.2,S
2021-06-29T09:26:36,1700.0,116.3,S
2021-06-29T09:26:34,1300.0,116.3,S
2021-06-29T09:26:34,1700.0,116.3,S
2021-06-29T09:26:34,200.0,116.3,S
2021-06-29T09:26:34,100.0,116.3,S
2021-06-29T09:26:33,300.0,116.4,S
2021-06-29T09:26:00,1500.0,116.3,S
2021-06-29T09:26:00,1200.0,116.3,S
2021-06-29T09:26:00,200.0,116.4,S
2021-06-29T09:25:57,100.0,116.3,S
2021-06-29T09:25:57,300.0,116.3,S
2021-06-29T09:25:56,4600.0,116.3,S
2021-06-29T09:25:55,100.0,116.4,S
2021-06-29T09:25:46,200.0,116.4,S
2021-06-29T09:25:45,1000.0,116.4,S
2021-06-29T09:25:45,500.0,116.4,S
2021-06-29T09:25:42,100.0,116.4,S
2021-06-29T09:25:32,500.0,116.4,S
2021-06-29T09:25:30,3000.0,116.4,S
2021-06-29T09:25:27,200.0,116.4,B
2021-06-29T09:25:26,100.0,116.4,B
2021-06-29T09:25:24,600.0,116.4,B
2021-06-29T09:25:22,500.0,116.3,S
2021-06-29T09:25:14,100.0,116.3,S
2021-06-29T09:25:11,1500.0,116.3,S
2021-06-29T09:25:11,400.0,116.3,S
2021-06-29T09:25:11,3100.0,116.3,S
2021-06-29T09:25:11,100.0,116.3,S
2021-06-29T09:25:11,400.0,116.3,S
2021-06-29T09:25:11,500.0,116.3,S
2021-06-29T09:25:11,4300.0,116.3,S
2021-06-29T09:25:11,4700.0,116.3,S
2021-06-29T09:25:05,400.0,116.4,B
2021-06-29T09:25:03,1000.0,116.3,S
2021-06-29T09:24:59,100.0,116.4,B
2021-06-29T09:24:58,100.0,116.4,B
2021-06-29T09:24:48,1000.0,116.4,B
2021-06-29T09:24:46,100.0,116.3,S
2021-06-29T09:24:43,300.0,116.4,B
2021-06-29T09:24:34,100.0,116.4,S
2021-06-29T09:24:33,700.0,116.4,S
2021-06-29T09:24:33,400.0,116.4,S
2021-06-29T09:24:31,700.0,116.5,B
2021-06-29T09:24:30,5000.0,116.4,S
2021-06-29T09:24:17,200.0,116.5,B
2021-06-29T09:23:54,100.0,116.5,S
2021-06-29T09:23:52,600.0,116.5,S
2021-06-29T09:23:47,2000.0,116.6,B
2021-06-29T09:23:40,2700.0,116.5,S
2021-06-29T09:23:40,100.0,116.5,S
2021-06-29T09:23:40,500.0,116.5,S
2021-06-29T09:23:40,500.0,116.5,S
2021-06-29T09:23:40,6200.0,116.5,S
2021-06-29T09:23:38,4700.0,116.5,S
2021-06-29T09:23:37,200.0,116.6,B
2021-06-29T09:23:34,100.0,116.5,S
2021-06-29T09:23:28,900.0,116.5,S
2021-06-29T09:23:25,200.0,116.6,B
2021-06-29T09:23:24,100.0,116.6,B
2021-06-29T09:23:23,400.0,116.6,S
2021-06-29T09:23:20,500.0,116.5,S
2021-06-29T09:23:18,300.0,116.5,S
2021-06-29T09:23:16,500.0,116.5,S
2021-06-29T09:23:15,1000.0,116.6,S
2021-06-29T09:23:14,100.0,116.5,S
2021-06-29T09:23:08,100.0,116.5,S
2021-06-29T09:23:07,1000.0,116.5,S
2021-06-29T09:23:00,100.0,116.6,S
2021-06-29T09:22:59,200.0,116.6,S
2021-06-29T09:22:58,3000.0,116.5,S
2021-06-29T09:22:58,100.0,116.6,S
2021-06-29T09:22:55,100.0,116.5,S
2021-06-29T09:22:54,1900.0,116.5,S
2021-06-29T09:22:54,300.0,116.6,S
2021-06-29T09:22:52,100.0,116.6,S
2021-06-29T09:22:49,100.0,116.5,S
2021-06-29T09:22:48,6000.0,116.6,S
2021-06-29T09:22:48,1700.0,116.5,S
2021-06-29T09:22:33,500.0,116.5,S
2021-06-29T09:22:33,100.0,116.5,S
2021-06-29T09:22:31,3900.0,116.5,S
2021-06-29T09:22:30,5300.0,116.5,S
2021-06-29T09:22:28,300.0,116.5,S
2021-06-29T09:22:21,2400.0,116.5,S
2021-06-29T09:22:21,500.0,116.5,S
2021-06-29T09:22:21,7100.0,116.5,S
2021-06-29T09:22:17,2000.0,116.5,S
2021-06-29T09:22:12,500.0,116.5,S
2021-06-29T09:22:07,10000.0,116.5,S
2021-06-29T09:21:48,1000.0,116.6,S
2021-06-29T09:21:47,4000.0,116.6,S
2021-06-29T09:21:41,500.0,116.6,S
2021-06-29T09:21:37,2900.0,116.5,S
2021-06-29T09:21:36,200.0,116.6,S
2021-06-29T09:21:25,200.0,116.7,B
2021-06-29T09:21:22,100.0,116.7,B
2021-06-29T09:21:22,3000.0,116.7,B
2021-06-29T09:21:05,1000.0,116.7,B
2021-06-29T09:20:52,1000.0,116.7,B
2021-06-29T09:20:44,200.0,116.7,B
2021-06-29T09:20:39,100.0,116.5,B
2021-06-29T09:20:38,100.0,116.7,B
2021-06-29T09:20:31,500.0,116.7,B
2021-06-29T09:20:29,100.0,116.7,B
2021-06-29T09:20:23,7100.0,116.5,B
2021-06-29T09:20:12,20000.0,116.7,B
2021-06-29T09:20:11,800.0,116.6,B
2021-06-29T09:20:07,100.0,116.6,B
2021-06-29T09:20:00,1000.0,116.6,B
2021-06-29T09:19:58,900.0,116.6,B
2021-06-29T09:19:55,500.0,116.6,B
2021-06-29T09:19:53,2000.0,116.6,B
2021-06-29T09:19:36,1000.0,116.8,B
2021-06-29T09:19:34,100.0,116.6,B
2021-06-29T09:19:21,400.0,116.5,B
2021-06-29T09:19:21,11900.0,116.5,B
2021-06-29T09:19:20,10000.0,116.2,S
2021-06-29T09:19:17,2000.0,116.5,B
2021-06-29T09:19:15,1000.0,116.3,B
2021-06-29T09:19:06,1400.0,116.3,B
2021-06-29T09:18:57,16300.0,116.5,B
2021-06-29T09:18:57,2100.0,116.5,B
2021-06-29T09:18:57,11600.0,116.5,B
2021-06-29T09:18:53,200.0,116.5,B
2021-06-29T09:18:47,100.0,116.5,B
2021-06-29T09:18:42,100.0,116.3,B
2021-06-29T09:18:35,200.0,116.3,B
2021-06-29T09:18:33,2000.0,116.2,S
2021-06-29T09:18:25,4100.0,116.3,B
2021-06-29T09:18:24,500.0,116.2,S
2021-06-29T09:18:22,100.0,116.3,B
2021-06-29T09:18:15,100.0,116.2,S
2021-06-29T09:18:08,100.0,116.2,S
2021-06-29T09:18:03,100.0,116.5,B
2021-06-29T09:18:02,8500.0,116.5,B
2021-06-29T09:18:00,100.0,116.2,B
2021-06-29T09:18:00,2100.0,116.2,B
2021-06-29T09:17:58,100.0,116.2,B
2021-06-29T09:17:56,1000.0,116.2,B
2021-06-29T09:17:51,800.0,116.2,B
2021-06-29T09:17:38,1000.0,116.2,B
2021-06-29T09:17:37,1000.0,116.2,B
2021-06-29T09:17:37,1000.0,116.2,B
2021-06-29T09:17:37,200.0,116.2,B
2021-06-29T09:17:25,200.0,116.1,S
2021-06-29T09:17:18,1000.0,116.2,B
2021-06-29T09:17:10,200.0,116.2,B
2021-06-29T09:17:04,10000.0,116.0,S
2021-06-29T09:17:03,200.0,116.1,B
2021-06-29T09:16:55,300.0,116.1,B
2021-06-29T09:16:32,100.0,116.0,S
2021-06-29T09:16:27,100.0,116.0,S
2021-06-29T09:16:21,300.0,116.0,S
2021-06-29T09:16:18,100.0,116.0,S
2021-06-29T09:16:17,9800.0,116.0,B
2021-06-29T09:16:13,2200.0,116.0,B
2021-06-29T09:16:12,1300.0,116.0,B
2021-06-29T09:16:08,500.0,116.0,B
2021-06-29T09:16:04,100.0,116.0,B
2021-06-29T09:16:00,200.0,116.0,B
2021-06-29T09:16:00,300.0,116.0,B
2021-06-29T09:15:50,1000.0,116.0,B
2021-06-29T09:15:49,1000.0,116.0,B
2021-06-29T09:15:43,800.0,116.0,B
