tradingTime,volume,price,side
2021-06-29T10:21:27,400.0,45.6,B
2021-06-29T10:21:23,100.0,45.5,S
2021-06-29T10:21:19,2000.0,45.5,S
2021-06-29T10:20:57,200.0,45.5,S
2021-06-29T10:20:54,500.0,45.5,S
2021-06-29T10:20:45,1000.0,45.6,B
2021-06-29T10:20:31,600.0,45.5,S
2021-06-29T10:20:30,5900.0,45.5,S
2021-06-29T10:20:29,300.0,45.6,B
2021-06-29T10:20:26,1000.0,45.6,B
2021-06-29T10:20:11,300.0,45.6,B
2021-06-29T10:20:03,400.0,45.6,B
2021-06-29T10:20:00,100.0,45.6,B
2021-06-29T10:19:56,12400.0,45.6,B
2021-06-29T10:19:54,300.0,45.6,B
2021-06-29T10:19:25,100.0,45.6,B
2021-06-29T10:19:24,100.0,45.5,S
2021-06-29T10:19:16,100.0,45.6,B
2021-06-29T10:19:08,400.0,45.6,B
2021-06-29T10:19:07,200.0,45.5,S
2021-06-29T10:19:06,1000.0,45.6,B
2021-06-29T10:19:02,300.0,45.6,B
2021-06-29T10:18:54,300.0,45.6,B
2021-06-29T10:18:46,200.0,45.6,B
2021-06-29T10:18:43,100.0,45.6,B
2021-06-29T10:18:41,2000.0,45.5,S
2021-06-29T10:18:36,400.0,45.6,B
2021-06-29T10:18:32,400.0,45.5,S
2021-06-29T10:18:31,300.0,45.6,B
2021-06-29T10:18:28,2000.0,45.6,B
2021-06-29T10:18:20,1000.0,45.6,B
2021-06-29T10:18:12,500.0,45.6,B
2021-06-29T10:18:10,600.0,45.5,S
2021-06-29T10:18:09,200.0,45.6,B
2021-06-29T10:18:01,3000.0,45.6,B
2021-06-29T10:18:01,3000.0,45.5,S
2021-06-29T10:18:01,100.0,45.6,B
2021-06-29T10:17:53,200.0,45.6,B
2021-06-29T10:17:41,800.0,45.6,B
2021-06-29T10:17:28,500.0,45.6,B
2021-06-29T10:17:21,3000.0,45.6,B
2021-06-29T10:17:10,200.0,45.6,B
2021-06-29T10:16:44,500.0,45.6,B
2021-06-29T10:16:22,3600.0,45.5,B
2021-06-29T10:16:20,1000.0,45.5,B
2021-06-29T10:16:20,200.0,45.5,B
2021-06-29T10:16:16,200.0,45.5,B
2021-06-29T10:16:15,7000.0,45.5,B
2021-06-29T10:16:13,100.0,45.5,B
2021-06-29T10:16:09,100.0,45.5,B
2021-06-29T10:16:02,100.0,45.5,B
2021-06-29T10:15:52,100.0,45.5,B
2021-06-29T10:15:49,500.0,45.4,S
2021-06-29T10:15:45,200.0,45.5,B
2021-06-29T10:15:41,1000.0,45.5,B
2021-06-29T10:15:39,1000.0,45.5,B
2021-06-29T10:15:32,400.0,45.5,B
2021-06-29T10:15:32,200.0,45.5,B
2021-06-29T10:15:30,1000.0,45.5,B
2021-06-29T10:15:27,500.0,45.5,B
2021-06-29T10:15:07,100.0,45.5,B
2021-06-29T10:15:06,100.0,45.5,B
2021-06-29T10:15:04,100.0,45.5,B
2021-06-29T10:15:04,200.0,45.5,B
2021-06-29T10:15:00,5100.0,45.5,B
2021-06-29T10:14:58,1000.0,45.5,B
2021-06-29T10:14:57,2000.0,45.5,B
2021-06-29T10:14:51,300.0,45.5,B
2021-06-29T10:14:48,5800.0,45.5,B
2021-06-29T10:14:44,400.0,45.5,B
2021-06-29T10:14:41,2000.0,45.5,B
2021-06-29T10:14:40,100.0,45.5,B
2021-06-29T10:14:36,2900.0,45.5,B
2021-06-29T10:14:29,1200.0,45.5,B
2021-06-29T10:14:27,100.0,45.5,B
2021-06-29T10:14:26,200.0,45.5,B
2021-06-29T10:14:13,1500.0,45.5,B
2021-06-29T10:14:13,500.0,45.5,B
2021-06-29T10:14:10,100.0,45.5,B
2021-06-29T10:14:08,200.0,45.5,B
2021-06-29T10:14:07,300.0,45.4,S
2021-06-29T10:14:04,100.0,45.5,B
2021-06-29T10:13:55,100.0,45.5,B
2021-06-29T10:13:54,20000.0,45.5,B
2021-06-29T10:13:49,500.0,45.5,B
2021-06-29T10:13:48,200.0,45.4,S
2021-06-29T10:13:47,300.0,45.5,B
2021-06-29T10:13:44,100.0,45.5,B
2021-06-29T10:13:43,100.0,45.5,B
2021-06-29T10:13:39,700.0,45.5,B
2021-06-29T10:13:36,400.0,45.5,B
2021-06-29T10:13:35,500.0,45.5,B
2021-06-29T10:13:33,500.0,45.5,B
2021-06-29T10:13:30,1600.0,45.5,B
2021-06-29T10:13:24,100.0,45.5,B
2021-06-29T10:13:20,100.0,45.5,B
2021-06-29T10:13:19,200.0,45.5,B
2021-06-29T10:13:05,600.0,45.5,B
2021-06-29T10:13:02,200.0,45.5,B
2021-06-29T10:12:57,100.0,45.5,B
2021-06-29T10:12:57,1000.0,45.5,B
2021-06-29T10:12:52,2000.0,45.4,S
2021-06-29T10:12:43,1400.0,45.5,B
2021-06-29T10:11:53,2000.0,45.5,B
2021-06-29T10:11:52,600.0,45.4,B
2021-06-29T10:11:49,100.0,45.4,B
2021-06-29T10:11:47,8000.0,45.4,B
2021-06-29T10:11:46,200.0,45.4,B
2021-06-29T10:11:43,100.0,45.3,S
2021-06-29T10:11:40,700.0,45.4,B
2021-06-29T10:11:40,500.0,45.4,B
2021-06-29T10:11:38,800.0,45.4,B
2021-06-29T10:11:26,1800.0,45.4,B
2021-06-29T10:11:24,400.0,45.4,B
2021-06-29T10:11:20,300.0,45.4,B
2021-06-29T10:11:08,500.0,45.3,S
2021-06-29T10:11:08,2100.0,45.4,B
2021-06-29T10:11:02,100.0,45.4,B
2021-06-29T10:11:00,100.0,45.4,B
2021-06-29T10:10:59,2000.0,45.4,B
2021-06-29T10:10:55,200.0,45.4,B
2021-06-29T10:10:53,200.0,45.4,B
2021-06-29T10:10:52,7200.0,45.4,S
2021-06-29T10:10:30,15000.0,45.4,S
2021-06-29T10:10:24,100.0,45.4,B
2021-06-29T10:10:23,200.0,45.4,B
2021-06-29T10:10:19,100.0,45.4,B
2021-06-29T10:10:18,100.0,45.4,B
2021-06-29T10:09:44,100.0,45.4,S
2021-06-29T10:09:38,200.0,45.4,S
2021-06-29T10:09:25,50000.0,45.3,S
2021-06-29T10:09:23,100.0,45.4,S
2021-06-29T10:09:04,1000.0,45.4,S
2021-06-29T10:08:57,200.0,45.4,S
2021-06-29T10:08:51,200.0,45.4,S
2021-06-29T10:08:49,600.0,45.4,S
2021-06-29T10:08:29,3500.0,45.4,S
2021-06-29T10:08:20,1000.0,45.4,S
2021-06-29T10:08:15,200.0,45.4,S
2021-06-29T10:08:06,1000.0,45.4,S
2021-06-29T10:08:01,15800.0,45.4,S
2021-06-29T10:08:00,300.0,45.5,B
2021-06-29T10:07:58,9200.0,45.4,S
2021-06-29T10:07:55,1000.0,45.4,S
2021-06-29T10:07:45,200.0,45.4,S
2021-06-29T10:07:27,1000.0,45.4,S
2021-06-29T10:07:15,2000.0,45.4,S
2021-06-29T10:07:15,500.0,45.4,S
2021-06-29T10:07:07,200.0,45.4,S
2021-06-29T10:06:40,100.0,45.4,S
2021-06-29T10:06:39,400.0,45.4,S
2021-06-29T10:06:35,1300.0,45.5,B
2021-06-29T10:06:28,600.0,45.4,S
2021-06-29T10:06:22,5000.0,45.4,S
2021-06-29T10:06:21,100.0,45.5,B
2021-06-29T10:06:11,1500.0,45.4,S
2021-06-29T10:06:06,14500.0,45.4,S
2021-06-29T10:05:54,200.0,45.5,B
2021-06-29T10:05:42,500.0,45.5,B
2021-06-29T10:05:34,200.0,45.5,B
2021-06-29T10:05:32,500.0,45.5,B
2021-06-29T10:05:28,200.0,45.5,B
2021-06-29T10:05:19,1100.0,45.5,B
2021-06-29T10:05:15,500.0,45.5,B
2021-06-29T10:05:10,500.0,45.5,B
2021-06-29T10:04:50,1100.0,45.5,B
2021-06-29T10:04:47,1100.0,45.5,B
2021-06-29T10:04:36,200.0,45.5,B
2021-06-29T10:04:30,100.0,45.5,B
2021-06-29T10:04:26,500.0,45.5,B
2021-06-29T10:04:12,700.0,45.5,B
2021-06-29T10:04:09,500.0,45.5,B
2021-06-29T10:04:07,500.0,45.4,S
2021-06-29T10:04:06,100.0,45.5,B
2021-06-29T10:04:06,200.0,45.5,B
2021-06-29T10:03:51,5000.0,45.5,B
2021-06-29T10:03:36,700.0,45.5,B
2021-06-29T10:03:27,2900.0,45.5,B
2021-06-29T10:03:23,100.0,45.5,B
2021-06-29T10:03:16,5300.0,45.5,B
2021-06-29T10:03:14,500.0,45.5,B
2021-06-29T10:03:05,2500.0,45.5,B
2021-06-29T10:02:50,1000.0,45.5,B
2021-06-29T10:02:42,2000.0,45.4,S
2021-06-29T10:02:41,2000.0,45.4,S
2021-06-29T10:02:39,700.0,45.5,B
2021-06-29T10:02:28,1000.0,45.5,B
2021-06-29T10:02:21,500.0,45.5,B
2021-06-29T10:02:13,100.0,45.5,B
2021-06-29T10:01:56,100.0,45.5,B
2021-06-29T10:01:53,500.0,45.5,B
2021-06-29T10:01:46,600.0,45.4,S
2021-06-29T10:01:39,1300.0,45.5,B
2021-06-29T10:01:38,20600.0,45.5,S
2021-06-29T10:01:37,500.0,45.5,S
2021-06-29T10:01:32,100.0,45.5,S
2021-06-29T10:01:25,300.0,45.5,S
2021-06-29T10:01:14,500.0,45.5,S
2021-06-29T10:01:11,400.0,45.5,S
2021-06-29T10:01:07,100.0,45.5,S
2021-06-29T10:01:00,1000.0,45.5,S
2021-06-29T10:00:57,100.0,45.6,B
2021-06-29T10:00:56,500.0,45.5,S
2021-06-29T10:00:53,3000.0,45.5,S
2021-06-29T10:00:44,200.0,45.5,S
2021-06-29T10:00:38,500.0,45.5,S
2021-06-29T10:00:25,2700.0,45.5,S
2021-06-29T10:00:20,100.0,45.5,S
2021-06-29T10:00:08,3600.0,45.5,S
2021-06-29T10:00:03,200.0,45.6,B
2021-06-29T10:00:02,100.0,45.6,B
2021-06-29T10:00:00,200.0,45.6,B
2021-06-29T09:59:55,400.0,45.6,B
2021-06-29T09:59:29,100.0,45.6,B
2021-06-29T09:59:25,500.0,45.5,S
2021-06-29T09:59:25,500.0,45.6,B
2021-06-29T09:59:14,1000.0,45.6,B
2021-06-29T09:59:04,100.0,45.5,S
2021-06-29T09:58:52,300.0,45.6,S
2021-06-29T09:58:41,100.0,45.6,S
2021-06-29T09:58:37,150000.0,45.5,S
2021-06-29T09:58:27,2500.0,45.6,S
2021-06-29T09:58:20,1000.0,45.6,S
2021-06-29T09:58:07,500.0,45.7,B
2021-06-29T09:58:01,400.0,45.6,S
2021-06-29T09:57:43,200.0,45.6,S
2021-06-29T09:57:41,200.0,45.7,B
2021-06-29T09:57:26,100.0,45.6,S
2021-06-29T09:57:10,500.0,45.7,B
2021-06-29T09:57:07,600.0,45.6,S
2021-06-29T09:57:01,100.0,45.6,S
2021-06-29T09:56:57,800.0,45.7,B
2021-06-29T09:56:41,400.0,45.6,S
2021-06-29T09:56:36,20000.0,45.6,S
2021-06-29T09:56:31,1000.0,45.6,S
2021-06-29T09:56:14,100.0,45.7,B
2021-06-29T09:56:09,400.0,45.7,B
2021-06-29T09:55:55,500.0,45.7,B
2021-06-29T09:55:27,500.0,45.7,B
2021-06-29T09:54:46,100.0,45.6,S
2021-06-29T09:54:44,600.0,45.6,S
2021-06-29T09:54:40,100.0,45.7,B
2021-06-29T09:54:40,100.0,45.7,B
2021-06-29T09:54:31,2600.0,45.7,B
2021-06-29T09:54:29,100.0,45.7,B
2021-06-29T09:54:22,100.0,45.7,B
2021-06-29T09:54:17,300.0,45.6,S
2021-06-29T09:54:15,200.0,45.7,B
2021-06-29T09:54:03,200.0,45.7,B
2021-06-29T09:54:00,700.0,45.7,B
2021-06-29T09:53:38,500.0,45.7,B
2021-06-29T09:53:38,1000.0,45.7,B
2021-06-29T09:53:27,1000.0,45.7,B
2021-06-29T09:53:23,8400.0,45.7,B
2021-06-29T09:53:19,400.0,45.7,S
2021-06-29T09:53:17,300.0,45.7,S
2021-06-29T09:53:16,4000.0,45.7,S
2021-06-29T09:53:12,3000.0,45.7,S
2021-06-29T09:53:05,3000.0,45.7,S
2021-06-29T09:52:56,1600.0,45.7,S
2021-06-29T09:52:55,100.0,45.7,S
2021-06-29T09:52:47,500.0,45.8,B
2021-06-29T09:52:37,1000.0,45.7,S
2021-06-29T09:52:32,2000.0,45.7,S
2021-06-29T09:52:25,500.0,45.7,S
2021-06-29T09:52:20,100.0,45.7,S
2021-06-29T09:52:11,100.0,45.7,S
2021-06-29T09:51:50,200.0,45.7,S
2021-06-29T09:51:31,700.0,45.7,S
2021-06-29T09:51:27,500.0,45.7,S
2021-06-29T09:51:15,200.0,45.8,B
2021-06-29T09:51:13,400.0,45.7,S
2021-06-29T09:51:10,2000.0,45.7,S
2021-06-29T09:51:07,100.0,45.7,S
2021-06-29T09:51:00,800.0,45.7,S
2021-06-29T09:50:59,1000.0,45.8,B
2021-06-29T09:50:55,900.0,45.7,S
2021-06-29T09:50:54,3000.0,45.7,S
2021-06-29T09:50:53,100.0,45.7,S
2021-06-29T09:50:46,500.0,45.8,B
2021-06-29T09:50:24,200.0,45.8,B
2021-06-29T09:50:14,100.0,45.7,S
2021-06-29T09:50:08,900.0,45.8,B
2021-06-29T09:50:04,600.0,45.7,S
2021-06-29T09:49:57,500.0,45.7,S
2021-06-29T09:49:42,100.0,45.8,B
2021-06-29T09:49:30,500.0,45.7,S
2021-06-29T09:49:14,10000.0,45.7,S
2021-06-29T09:49:07,100.0,45.7,S
2021-06-29T09:49:04,2000.0,45.7,S
2021-06-29T09:49:02,100.0,45.8,B
2021-06-29T09:48:35,300.0,45.7,S
2021-06-29T09:48:23,300.0,45.8,B
2021-06-29T09:48:22,1000.0,45.7,S
2021-06-29T09:48:09,200.0,45.7,S
2021-06-29T09:47:48,300.0,45.7,S
2021-06-29T09:47:44,500.0,45.7,S
2021-06-29T09:47:38,1000.0,45.7,S
2021-06-29T09:47:32,600.0,45.7,S
2021-06-29T09:47:32,600.0,45.7,S
2021-06-29T09:47:28,6000.0,45.6,S
2021-06-29T09:47:24,200.0,45.7,S
2021-06-29T09:47:19,500.0,45.8,B
2021-06-29T09:47:00,100.0,45.8,B
2021-06-29T09:46:52,100.0,45.8,B
2021-06-29T09:46:44,4300.0,45.7,S
2021-06-29T09:46:21,11700.0,45.7,S
2021-06-29T09:46:14,500.0,45.9,B
2021-06-29T09:46:14,900.0,45.8,S
2021-06-29T09:46:12,5000.0,45.9,B
2021-06-29T09:46:11,100.0,45.9,B
2021-06-29T09:46:03,100.0,45.8,S
2021-06-29T09:45:53,1000.0,45.9,B
2021-06-29T09:45:51,800.0,45.9,B
2021-06-29T09:45:40,10000.0,45.9,B
2021-06-29T09:45:40,500.0,45.9,B
2021-06-29T09:45:35,400.0,45.9,B
2021-06-29T09:45:29,200.0,45.9,B
2021-06-29T09:45:28,2000.0,45.9,B
2021-06-29T09:45:28,2000.0,45.9,B
2021-06-29T09:45:27,11000.0,45.9,S
2021-06-29T09:45:23,700.0,45.9,S
2021-06-29T09:45:22,2000.0,45.9,S
2021-06-29T09:45:15,3000.0,45.9,S
2021-06-29T09:45:08,2000.0,46.0,B
2021-06-29T09:45:04,1500.0,45.9,S
2021-06-29T09:45:02,3000.0,45.9,S
2021-06-29T09:45:01,1800.0,45.9,S
2021-06-29T09:45:01,400.0,45.9,S
2021-06-29T09:44:46,100.0,45.9,S
2021-06-29T09:44:45,500.0,46.0,B
2021-06-29T09:44:42,2000.0,45.9,S
2021-06-29T09:44:38,5700.0,45.9,S
2021-06-29T09:44:36,600.0,45.9,S
2021-06-29T09:44:35,11700.0,45.9,B
2021-06-29T09:44:22,800.0,45.9,B
2021-06-29T09:44:18,100.0,45.9,B
2021-06-29T09:44:16,200.0,45.9,B
2021-06-29T09:44:14,1000.0,45.8,S
2021-06-29T09:43:58,500.0,45.9,B
2021-06-29T09:43:53,300.0,45.9,B
2021-06-29T09:43:53,1000.0,45.9,B
2021-06-29T09:43:46,20000.0,45.9,B
2021-06-29T09:43:45,100.0,45.9,B
2021-06-29T09:43:38,100.0,45.9,B
2021-06-29T09:43:29,1000.0,45.9,B
2021-06-29T09:43:25,12000.0,45.9,S
2021-06-29T09:43:21,200.0,45.9,S
2021-06-29T09:43:17,1800.0,45.9,B
2021-06-29T09:43:15,100.0,45.9,B
2021-06-29T09:43:14,200.0,45.9,B
2021-06-29T09:43:12,100.0,45.9,B
2021-06-29T09:43:08,400.0,45.9,B
2021-06-29T09:43:03,1300.0,45.9,B
2021-06-29T09:43:02,200.0,45.9,B
2021-06-29T09:42:59,5800.0,45.9,B
2021-06-29T09:42:55,11400.0,45.9,S
2021-06-29T09:42:54,20000.0,45.9,S
2021-06-29T09:42:54,400.0,45.9,S
2021-06-29T09:42:53,1000.0,45.9,S
2021-06-29T09:42:47,800.0,46.0,B
2021-06-29T09:42:46,3000.0,46.0,B
2021-06-29T09:42:38,300.0,46.0,B
2021-06-29T09:42:33,600.0,45.9,S
2021-06-29T09:42:30,100.0,45.9,S
2021-06-29T09:42:29,400.0,45.9,S
2021-06-29T09:42:28,100.0,45.9,S
2021-06-29T09:42:28,3000.0,46.0,B
2021-06-29T09:42:22,1800.0,45.9,S
2021-06-29T09:42:22,2000.0,45.9,S
2021-06-29T09:42:21,2100.0,45.9,S
2021-06-29T09:42:12,19700.0,45.9,S
2021-06-29T09:42:10,300.0,45.9,B
2021-06-29T09:42:08,4000.0,45.9,B
2021-06-29T09:42:07,4000.0,45.9,B
2021-06-29T09:41:58,2600.0,45.9,S
2021-06-29T09:41:58,400.0,45.9,B
2021-06-29T09:41:54,500.0,45.9,B
2021-06-29T09:41:53,2200.0,45.9,B
2021-06-29T09:41:52,16900.0,45.9,S
2021-06-29T09:41:47,2000.0,45.9,S
2021-06-29T09:41:46,100.0,46.0,B
2021-06-29T09:41:42,600.0,45.9,S
2021-06-29T09:41:32,100.0,46.0,B
2021-06-29T09:41:32,10000.0,45.9,S
2021-06-29T09:41:32,3000.0,45.9,S
2021-06-29T09:41:31,2000.0,46.0,B
2021-06-29T09:41:30,500.0,45.9,S
2021-06-29T09:41:30,800.0,46.0,B
2021-06-29T09:41:16,4500.0,45.9,S
2021-06-29T09:41:14,300.0,46.0,B
2021-06-29T09:41:14,500.0,46.0,B
2021-06-29T09:41:13,2600.0,45.9,S
2021-06-29T09:41:11,3000.0,45.9,S
2021-06-29T09:40:59,100.0,45.9,S
2021-06-29T09:40:56,100.0,45.9,S
2021-06-29T09:40:54,2000.0,45.9,S
2021-06-29T09:40:48,2000.0,46.0,B
2021-06-29T09:40:42,500.0,45.9,S
2021-06-29T09:40:32,1500.0,46.0,B
2021-06-29T09:40:28,100.0,46.0,B
2021-06-29T09:40:26,400.0,45.9,S
2021-06-29T09:40:20,200.0,46.0,B
2021-06-29T09:40:12,100.0,46.0,B
2021-06-29T09:40:07,3000.0,46.0,B
2021-06-29T09:40:00,100.0,45.9,S
2021-06-29T09:39:51,3000.0,45.9,S
2021-06-29T09:39:49,2000.0,46.0,B
2021-06-29T09:39:49,200.0,46.0,B
2021-06-29T09:39:46,1600.0,45.9,S
2021-06-29T09:39:44,100.0,46.0,B
2021-06-29T09:39:29,4000.0,46.0,B
2021-06-29T09:39:29,500.0,45.9,B
2021-06-29T09:39:28,2000.0,45.8,S
2021-06-29T09:39:28,500.0,45.9,B
2021-06-29T09:39:27,1000.0,45.9,S
2021-06-29T09:39:25,100.0,46.0,B
2021-06-29T09:39:24,5000.0,46.0,B
2021-06-29T09:39:21,100.0,46.0,B
2021-06-29T09:39:18,500.0,46.0,B
2021-06-29T09:39:16,1000.0,46.0,B
2021-06-29T09:39:14,800.0,46.0,B
2021-06-29T09:39:12,400.0,46.0,B
2021-06-29T09:39:07,500.0,45.8,S
2021-06-29T09:39:04,2000.0,46.0,B
2021-06-29T09:39:04,1400.0,45.9,S
2021-06-29T09:38:54,1000.0,46.0,B
2021-06-29T09:38:48,5000.0,46.0,B
2021-06-29T09:38:48,100.0,46.0,B
2021-06-29T09:38:47,500.0,46.0,B
2021-06-29T09:38:46,800.0,45.9,S
2021-06-29T09:38:41,300.0,45.9,S
2021-06-29T09:38:41,2500.0,46.0,B
2021-06-29T09:38:40,10000.0,46.0,B
2021-06-29T09:38:39,800.0,45.9,S
2021-06-29T09:38:37,100.0,46.0,B
2021-06-29T09:38:34,100.0,46.0,B
2021-06-29T09:38:30,2000.0,46.0,B
2021-06-29T09:38:28,1000.0,46.0,B
2021-06-29T09:38:25,1900.0,45.9,B
2021-06-29T09:38:22,600.0,45.8,S
2021-06-29T09:38:15,30000.0,45.9,B
2021-06-29T09:38:10,200.0,45.9,B
2021-06-29T09:38:08,7300.0,45.8,S
2021-06-29T09:38:07,3000.0,45.8,B
2021-06-29T09:38:06,1000.0,45.8,B
2021-06-29T09:38:05,3000.0,45.8,B
2021-06-29T09:37:57,10000.0,45.8,B
2021-06-29T09:37:55,1000.0,45.8,B
2021-06-29T09:37:52,5000.0,45.8,B
2021-06-29T09:37:47,100.0,45.7,S
2021-06-29T09:37:43,2600.0,45.8,B
2021-06-29T09:37:43,1000.0,45.8,B
2021-06-29T09:37:36,2800.0,45.8,B
2021-06-29T09:37:33,400.0,45.8,B
2021-06-29T09:37:30,2500.0,45.8,B
2021-06-29T09:37:20,3000.0,45.8,B
2021-06-29T09:37:16,800.0,45.7,S
2021-06-29T09:37:15,1200.0,45.8,B
2021-06-29T09:37:14,100.0,45.7,S
2021-06-29T09:37:13,4900.0,45.7,S
2021-06-29T09:37:12,100.0,45.7,S
2021-06-29T09:37:09,3000.0,45.7,S
2021-06-29T09:37:08,1000.0,45.7,S
2021-06-29T09:36:58,400.0,45.7,S
2021-06-29T09:36:51,200.0,45.7,S
2021-06-29T09:36:44,18600.0,45.7,B
2021-06-29T09:36:39,200.0,45.7,B
2021-06-29T09:36:35,1500.0,45.7,B
2021-06-29T09:36:33,500.0,45.7,B
2021-06-29T09:36:33,1000.0,45.7,B
2021-06-29T09:36:27,2400.0,45.7,B
2021-06-29T09:36:25,100.0,45.7,B
2021-06-29T09:36:24,4500.0,45.7,B
2021-06-29T09:36:23,1300.0,45.7,B
2021-06-29T09:36:20,200.0,45.6,S
2021-06-29T09:36:07,1000.0,45.7,B
2021-06-29T09:36:04,900.0,45.7,B
2021-06-29T09:36:03,500.0,45.6,S
2021-06-29T09:35:59,200.0,45.7,B
2021-06-29T09:35:55,1300.0,45.7,B
2021-06-29T09:35:52,2000.0,45.7,B
2021-06-29T09:35:46,500.0,45.7,B
2021-06-29T09:35:33,200.0,45.7,B
2021-06-29T09:35:20,100.0,45.7,B
2021-06-29T09:35:19,1000.0,45.7,B
2021-06-29T09:35:11,400.0,45.7,B
2021-06-29T09:35:07,1000.0,45.7,B
2021-06-29T09:35:05,100.0,45.7,B
2021-06-29T09:34:58,1000.0,45.7,B
2021-06-29T09:34:57,1000.0,45.6,S
2021-06-29T09:34:55,1000.0,45.7,B
2021-06-29T09:34:19,3000.0,45.6,S
2021-06-29T09:34:19,100.0,45.7,B
2021-06-29T09:33:58,3000.0,45.7,B
2021-06-29T09:33:47,500.0,45.6,S
2021-06-29T09:33:46,33000.0,45.6,B
2021-06-29T09:33:45,200.0,45.6,B
2021-06-29T09:33:42,2500.0,45.6,B
2021-06-29T09:33:41,600.0,45.5,S
2021-06-29T09:33:40,600.0,45.6,B
2021-06-29T09:33:34,1000.0,45.6,B
2021-06-29T09:33:34,3000.0,45.5,S
2021-06-29T09:33:23,5000.0,45.6,B
2021-06-29T09:32:56,500.0,45.5,S
2021-06-29T09:32:44,1300.0,45.6,B
2021-06-29T09:32:38,500.0,45.5,S
2021-06-29T09:32:32,1000.0,45.5,S
2021-06-29T09:32:25,1000.0,45.6,B
2021-06-29T09:32:19,200.0,45.5,S
2021-06-29T09:32:12,2000.0,45.5,S
2021-06-29T09:32:04,1400.0,45.5,S
2021-06-29T09:32:03,100.0,45.5,S
2021-06-29T09:31:48,2300.0,45.5,B
2021-06-29T09:31:48,500.0,45.5,B
2021-06-29T09:31:46,700.0,45.5,B
2021-06-29T09:31:45,100.0,45.5,B
2021-06-29T09:31:40,200.0,45.5,B
2021-06-29T09:31:39,400.0,45.5,B
2021-06-29T09:31:37,1000.0,45.5,B
2021-06-29T09:31:35,400.0,45.5,B
2021-06-29T09:31:34,1000.0,45.5,B
2021-06-29T09:31:31,300.0,45.5,B
2021-06-29T09:31:29,100.0,45.5,B
2021-06-29T09:31:25,1000.0,45.5,B
2021-06-29T09:31:23,1000.0,45.5,B
2021-06-29T09:31:21,600.0,45.4,S
2021-06-29T09:31:16,2000.0,45.5,B
2021-06-29T09:31:15,200.0,45.5,B
2021-06-29T09:31:12,10000.0,45.5,B
2021-06-29T09:31:10,400.0,45.5,B
2021-06-29T09:31:08,5500.0,45.5,B
2021-06-29T09:31:06,5000.0,45.5,B
2021-06-29T09:31:04,1000.0,45.5,B
2021-06-29T09:31:02,4000.0,45.5,B
2021-06-29T09:30:59,500.0,45.5,B
2021-06-29T09:30:57,10000.0,45.5,B
2021-06-29T09:30:55,100.0,45.5,B
2021-06-29T09:30:51,11300.0,45.5,B
2021-06-29T09:30:49,100.0,45.5,B
2021-06-29T09:30:48,1000.0,45.5,B
2021-06-29T09:30:46,1300.0,45.5,B
2021-06-29T09:30:43,8700.0,45.5,B
2021-06-29T09:30:35,1000.0,45.5,B
2021-06-29T09:30:33,200.0,45.5,B
2021-06-29T09:30:32,500.0,45.5,B
2021-06-29T09:30:30,100.0,45.5,B
2021-06-29T09:30:29,1000.0,45.5,B
2021-06-29T09:30:26,1000.0,45.5,B
2021-06-29T09:30:25,10000.0,45.4,S
2021-06-29T09:30:17,500.0,45.5,B
2021-06-29T09:30:15,100.0,45.4,S
2021-06-29T09:30:10,400.0,45.5,B
2021-06-29T09:30:09,1000.0,45.5,B
2021-06-29T09:30:06,1000.0,45.5,B
2021-06-29T09:30:03,700.0,45.4,S
2021-06-29T09:30:01,1000.0,45.4,S
2021-06-29T09:30:00,1000.0,45.4,S
2021-06-29T09:29:59,5000.0,45.5,B
2021-06-29T09:29:56,200.0,45.4,S
2021-06-29T09:29:51,1000.0,45.5,B
2021-06-29T09:29:44,100.0,45.4,S
2021-06-29T09:29:34,100.0,45.4,S
2021-06-29T09:29:33,800.0,45.4,B
2021-06-29T09:29:31,200.0,45.4,B
2021-06-29T09:29:22,2000.0,45.4,B
2021-06-29T09:29:21,500.0,45.4,B
2021-06-29T09:29:19,10000.0,45.4,B
2021-06-29T09:29:18,100.0,45.3,S
2021-06-29T09:29:14,100.0,45.4,B
2021-06-29T09:29:13,500.0,45.4,B
2021-06-29T09:29:05,5000.0,45.4,B
2021-06-29T09:29:01,100.0,45.4,B
2021-06-29T09:29:00,500.0,45.3,S
2021-06-29T09:28:59,500.0,45.4,B
2021-06-29T09:28:58,6300.0,45.4,B
2021-06-29T09:28:57,200.0,45.4,B
2021-06-29T09:28:57,100.0,45.4,B
2021-06-29T09:28:56,200.0,45.3,S
2021-06-29T09:28:54,15000.0,45.4,B
2021-06-29T09:28:54,700.0,45.4,B
2021-06-29T09:28:47,500.0,45.4,B
2021-06-29T09:28:39,12000.0,45.4,B
2021-06-29T09:28:34,100.0,45.4,B
2021-06-29T09:28:33,1500.0,45.4,B
2021-06-29T09:28:31,1000.0,45.4,B
2021-06-29T09:28:30,100.0,45.3,S
2021-06-29T09:28:29,200.0,45.4,B
2021-06-29T09:28:25,100.0,45.4,B
2021-06-29T09:28:20,100.0,45.3,S
2021-06-29T09:28:17,100.0,45.4,B
2021-06-29T09:28:14,6400.0,45.4,B
2021-06-29T09:28:14,400.0,45.4,B
2021-06-29T09:28:03,200.0,45.4,B
2021-06-29T09:27:53,500.0,45.3,S
2021-06-29T09:27:48,21200.0,45.3,S
2021-06-29T09:27:47,5000.0,45.3,B
2021-06-29T09:27:46,1100.0,45.3,B
2021-06-29T09:27:46,1500.0,45.3,B
2021-06-29T09:27:41,200.0,45.3,B
2021-06-29T09:27:41,2000.0,45.3,B
2021-06-29T09:27:36,1000.0,45.3,B
2021-06-29T09:27:35,300.0,45.3,B
2021-06-29T09:27:32,1000.0,45.3,B
2021-06-29T09:27:31,200.0,45.3,B
2021-06-29T09:27:28,700.0,45.3,B
2021-06-29T09:27:28,100.0,45.3,B
2021-06-29T09:27:23,3100.0,45.3,B
2021-06-29T09:27:20,700.0,45.2,S
2021-06-29T09:27:17,200.0,45.3,B
2021-06-29T09:27:13,4000.0,45.3,B
2021-06-29T09:27:13,100.0,45.3,B
2021-06-29T09:27:02,100.0,45.3,B
2021-06-29T09:26:53,1000.0,45.3,B
2021-06-29T09:26:45,100.0,45.2,S
2021-06-29T09:26:41,600.0,45.2,S
2021-06-29T09:26:33,500.0,45.2,S
2021-06-29T09:26:32,100.0,45.2,S
2021-06-29T09:26:29,800.0,45.2,S
2021-06-29T09:26:20,1000.0,45.2,S
2021-06-29T09:26:20,300.0,45.3,B
2021-06-29T09:26:17,100.0,45.2,S
2021-06-29T09:26:13,1000.0,45.2,S
2021-06-29T09:26:04,200.0,45.2,S
2021-06-29T09:25:59,500.0,45.2,S
2021-06-29T09:25:58,500.0,45.2,S
2021-06-29T09:25:53,300.0,45.2,S
2021-06-29T09:25:53,1000.0,45.2,S
2021-06-29T09:25:40,500.0,45.2,S
2021-06-29T09:25:37,1100.0,45.2,S
2021-06-29T09:25:34,100.0,45.3,B
2021-06-29T09:25:34,300.0,45.2,S
2021-06-29T09:25:28,100.0,45.2,S
2021-06-29T09:25:27,100.0,45.2,S
2021-06-29T09:25:24,900.0,45.2,S
2021-06-29T09:25:21,100.0,45.2,S
2021-06-29T09:25:16,8000.0,45.2,S
2021-06-29T09:25:15,600.0,45.2,S
2021-06-29T09:25:08,7000.0,45.2,S
2021-06-29T09:25:07,300.0,45.2,S
2021-06-29T09:25:06,300.0,45.2,S
2021-06-29T09:25:05,400.0,45.2,S
2021-06-29T09:25:03,1000.0,45.2,S
2021-06-29T09:25:02,1100.0,45.2,S
2021-06-29T09:24:56,1000.0,45.2,S
2021-06-29T09:24:50,400.0,45.2,S
2021-06-29T09:24:48,500.0,45.2,S
2021-06-29T09:24:43,1600.0,45.2,S
2021-06-29T09:24:37,100.0,45.2,S
2021-06-29T09:24:35,100.0,45.2,S
2021-06-29T09:24:31,1000.0,45.2,S
2021-06-29T09:24:22,200.0,45.2,S
2021-06-29T09:24:21,3500.0,45.2,S
2021-06-29T09:24:21,100.0,45.2,B
2021-06-29T09:24:20,1000.0,45.2,B
2021-06-29T09:24:19,700.0,45.2,B
2021-06-29T09:24:19,200.0,45.2,B
2021-06-29T09:24:17,2000.0,45.2,B
2021-06-29T09:24:12,100.0,45.2,B
2021-06-29T09:24:11,500.0,45.2,B
2021-06-29T09:24:10,3600.0,45.2,B
2021-06-29T09:24:10,1000.0,45.2,B
2021-06-29T09:24:06,18700.0,45.2,B
2021-06-29T09:24:05,5000.0,45.3,B
2021-06-29T09:24:02,1100.0,45.2,S
2021-06-29T09:23:59,3000.0,45.3,B
2021-06-29T09:23:56,100.0,45.2,S
2021-06-29T09:23:54,100.0,45.2,S
2021-06-29T09:23:53,100.0,45.2,S
2021-06-29T09:23:52,100.0,45.2,S
2021-06-29T09:23:49,500.0,45.2,S
2021-06-29T09:23:46,200.0,45.2,S
2021-06-29T09:23:45,500.0,45.2,S
2021-06-29T09:23:45,300.0,45.2,S
2021-06-29T09:23:40,2000.0,45.2,S
2021-06-29T09:23:39,200.0,45.2,S
2021-06-29T09:23:27,300.0,45.2,S
2021-06-29T09:23:25,100.0,45.2,S
2021-06-29T09:23:21,5000.0,45.2,S
2021-06-29T09:23:10,1700.0,45.2,S
2021-06-29T09:23:06,100.0,45.3,B
2021-06-29T09:23:04,100.0,45.2,S
2021-06-29T09:22:59,100.0,45.2,S
2021-06-29T09:22:55,200.0,45.2,S
2021-06-29T09:22:51,100.0,45.3,B
2021-06-29T09:22:48,200.0,45.2,S
2021-06-29T09:22:46,100.0,45.3,B
2021-06-29T09:22:45,200.0,45.3,B
2021-06-29T09:22:31,500.0,45.3,S
2021-06-29T09:22:31,1000.0,45.3,S
2021-06-29T09:22:26,500.0,45.3,S
2021-06-29T09:22:17,800.0,45.3,S
2021-06-29T09:22:16,200.0,45.3,S
2021-06-29T09:22:13,300.0,45.3,S
2021-06-29T09:22:09,1000.0,45.3,S
2021-06-29T09:22:07,1000.0,45.3,S
2021-06-29T09:22:03,1000.0,45.3,S
2021-06-29T09:22:03,200.0,45.4,B
2021-06-29T09:22:02,3000.0,45.3,S
2021-06-29T09:22:01,2000.0,45.3,S
2021-06-29T09:21:59,600.0,45.3,S
2021-06-29T09:21:58,800.0,45.3,S
2021-06-29T09:21:50,1100.0,45.3,S
2021-06-29T09:21:48,3000.0,45.3,S
2021-06-29T09:21:46,100.0,45.4,B
2021-06-29T09:21:42,500.0,45.3,S
2021-06-29T09:21:39,1000.0,45.3,S
2021-06-29T09:21:32,100.0,45.3,S
2021-06-29T09:21:27,100.0,45.3,S
2021-06-29T09:21:27,400.0,45.4,B
2021-06-29T09:21:23,500.0,45.3,S
2021-06-29T09:21:19,500.0,45.3,S
2021-06-29T09:21:16,1000.0,45.4,B
2021-06-29T09:21:12,400.0,45.4,B
2021-06-29T09:21:10,600.0,45.3,S
2021-06-29T09:21:08,500.0,45.3,S
2021-06-29T09:21:07,100.0,45.3,S
2021-06-29T09:21:07,1000.0,45.3,S
2021-06-29T09:20:59,100.0,45.3,S
2021-06-29T09:20:55,1300.0,45.3,S
2021-06-29T09:20:54,1300.0,45.3,S
2021-06-29T09:20:54,2000.0,45.3,S
2021-06-29T09:20:49,100.0,45.3,S
2021-06-29T09:20:48,100.0,45.4,B
2021-06-29T09:20:29,800.0,45.3,S
2021-06-29T09:20:18,3700.0,45.4,S
2021-06-29T09:20:10,600.0,45.5,B
2021-06-29T09:20:06,500.0,45.5,B
2021-06-29T09:19:55,5000.0,45.5,S
2021-06-29T09:19:55,14000.0,45.5,S
2021-06-29T09:19:53,500.0,45.5,S
2021-06-29T09:19:51,1900.0,45.5,S
2021-06-29T09:19:48,100.0,45.5,S
2021-06-29T09:19:42,100.0,45.5,S
2021-06-29T09:19:40,5000.0,45.5,S
2021-06-29T09:19:38,800.0,45.5,S
2021-06-29T09:19:37,1500.0,45.5,S
2021-06-29T09:19:27,100.0,45.5,S
2021-06-29T09:19:27,200.0,45.6,B
2021-06-29T09:19:25,2000.0,45.5,S
2021-06-29T09:19:22,400.0,45.5,S
2021-06-29T09:19:21,400.0,45.5,S
2021-06-29T09:19:17,500.0,45.5,S
2021-06-29T09:19:12,500.0,45.5,S
2021-06-29T09:19:09,200.0,45.5,S
2021-06-29T09:19:07,400.0,45.5,S
2021-06-29T09:19:02,2000.0,45.5,S
2021-06-29T09:19:02,2000.0,45.5,S
2021-06-29T09:18:54,100.0,45.5,S
2021-06-29T09:18:45,700.0,45.5,S
2021-06-29T09:18:45,1000.0,45.5,S
2021-06-29T09:18:44,200.0,45.5,S
2021-06-29T09:18:40,1100.0,45.5,S
2021-06-29T09:18:39,200.0,45.5,S
2021-06-29T09:18:39,100.0,45.5,S
2021-06-29T09:18:35,4000.0,45.5,S
2021-06-29T09:18:35,1500.0,45.5,S
2021-06-29T09:18:33,1000.0,45.5,S
2021-06-29T09:18:32,1000.0,45.5,S
2021-06-29T09:18:31,200.0,45.5,S
2021-06-29T09:18:17,100.0,45.5,S
2021-06-29T09:18:13,10000.0,45.5,S
2021-06-29T09:18:08,10000.0,45.6,B
2021-06-29T09:18:04,700.0,45.5,S
2021-06-29T09:18:02,100.0,45.6,B
2021-06-29T09:17:58,500.0,45.6,B
2021-06-29T09:17:56,200.0,45.5,S
2021-06-29T09:17:19,1400.0,45.6,S
2021-06-29T09:17:19,500.0,45.6,S
2021-06-29T09:17:02,100.0,45.6,S
2021-06-29T09:16:59,200.0,45.6,S
2021-06-29T09:16:55,500.0,45.6,S
2021-06-29T09:16:50,300.0,45.6,S
2021-06-29T09:16:42,1800.0,45.6,S
2021-06-29T09:16:38,500.0,45.6,S
2021-06-29T09:16:35,600.0,45.6,S
2021-06-29T09:16:30,600.0,45.6,S
2021-06-29T09:16:25,1000.0,45.6,S
2021-06-29T09:16:18,1100.0,45.6,S
2021-06-29T09:16:15,200.0,45.7,B
2021-06-29T09:15:54,2000.0,45.6,S
2021-06-29T09:15:42,1000.0,45.7,B
2021-06-29T09:15:35,200.0,45.6,S
2021-06-29T09:15:25,100.0,45.6,S
2021-06-29T09:15:21,2000.0,45.6,S
2021-06-29T09:15:18,11000.0,45.6,S
2021-06-29T09:15:12,2400.0,45.6,S
2021-06-29T09:15:12,500.0,45.6,S
2021-06-29T09:15:10,200.0,45.6,S
2021-06-29T09:14:57,600.0,45.6,S
2021-06-29T09:14:56,300.0,45.6,S
2021-06-29T09:14:52,300.0,45.7,B
2021-06-29T09:14:47,1000.0,45.6,S
2021-06-29T09:14:43,400.0,45.7,B
2021-06-29T09:14:42,7700.0,45.6,S
2021-06-29T09:14:39,100.0,45.6,S
2021-06-29T09:14:31,1000.0,45.6,S
2021-06-29T09:14:25,200.0,45.6,S
2021-06-29T09:14:15,900.0,45.6,S
2021-06-29T09:14:14,700.0,45.7,B
2021-06-29T09:14:05,1000.0,45.6,S
2021-06-29T09:13:58,200.0,45.6,S
2021-06-29T09:13:44,1000.0,45.6,S
2021-06-29T09:13:44,1000.0,45.6,S
2021-06-29T09:13:17,900.0,45.6,S
2021-06-29T09:13:16,300.0,45.6,S
2021-06-29T09:13:12,3000.0,45.6,S
2021-06-29T09:12:37,500.0,45.5,S
2021-06-29T09:11:57,600.0,45.7,B
2021-06-29T09:11:51,2000.0,45.5,S
2021-06-29T09:11:51,1000.0,45.6,B
2021-06-29T09:11:44,2900.0,45.6,B
2021-06-29T09:11:40,3000.0,45.6,S
2021-06-29T09:11:21,500.0,45.6,S
2021-06-29T09:11:20,1000.0,45.6,S
2021-06-29T09:11:17,500.0,45.6,S
2021-06-29T09:11:07,100.0,45.6,S
2021-06-29T09:11:04,100.0,45.6,S
2021-06-29T09:11:01,100.0,45.6,S
2021-06-29T09:10:56,100.0,45.6,S
2021-06-29T09:10:48,200.0,45.6,S
2021-06-29T09:10:38,1000.0,45.6,S
2021-06-29T09:10:15,600.0,45.6,S
2021-06-29T09:10:02,200.0,45.7,B
2021-06-29T09:09:54,100.0,45.6,S
2021-06-29T09:09:42,200.0,45.7,B
2021-06-29T09:09:34,2600.0,45.7,S
2021-06-29T09:09:31,300.0,45.7,S
2021-06-29T09:09:24,100.0,45.7,S
2021-06-29T09:09:20,400.0,45.7,S
2021-06-29T09:09:16,100.0,45.7,S
2021-06-29T09:09:00,4300.0,45.7,B
2021-06-29T09:08:46,100.0,45.7,B
2021-06-29T09:08:40,3600.0,45.7,S
2021-06-29T09:08:38,2100.0,45.7,B
2021-06-29T09:08:36,1000.0,45.7,B
2021-06-29T09:08:31,4500.0,45.7,B
2021-06-29T09:08:29,1000.0,45.7,B
2021-06-29T09:08:22,5000.0,45.7,B
2021-06-29T09:08:13,100.0,45.7,B
2021-06-29T09:08:08,200.0,45.7,B
2021-06-29T09:08:07,7400.0,45.7,S
2021-06-29T09:07:56,600.0,45.7,S
2021-06-29T09:07:52,100.0,45.8,B
2021-06-29T09:07:47,300.0,45.8,B
2021-06-29T09:07:34,600.0,45.7,B
2021-06-29T09:07:23,600.0,45.7,B
2021-06-29T09:07:10,4100.0,45.7,S
2021-06-29T09:07:04,9000.0,45.8,B
2021-06-29T09:06:49,500.0,45.8,B
2021-06-29T09:06:28,1000.0,45.8,B
2021-06-29T09:06:25,300.0,45.7,S
2021-06-29T09:06:05,100.0,45.7,S
2021-06-29T09:05:46,100.0,45.8,B
2021-06-29T09:05:35,500.0,45.7,S
2021-06-29T09:05:29,100.0,45.8,B
2021-06-29T09:05:27,400.0,45.8,B
2021-06-29T09:05:17,2400.0,45.8,B
2021-06-29T09:05:04,400.0,45.8,B
2021-06-29T09:05:04,200.0,45.8,B
2021-06-29T09:05:00,100.0,45.8,B
2021-06-29T09:04:50,1800.0,45.8,B
2021-06-29T09:04:42,100.0,45.8,B
2021-06-29T09:04:31,1100.0,45.8,B
2021-06-29T09:04:24,4000.0,45.8,B
2021-06-29T09:04:11,1100.0,45.7,S
2021-06-29T09:04:06,6000.0,45.8,B
2021-06-29T09:04:04,100.0,45.7,B
2021-06-29T09:04:01,1000.0,45.7,B
2021-06-29T09:03:53,2200.0,45.7,B
2021-06-29T09:03:31,1100.0,45.7,B
2021-06-29T09:03:22,100.0,45.7,B
2021-06-29T09:03:19,1000.0,45.7,B
2021-06-29T09:03:15,600.0,45.6,S
2021-06-29T09:03:13,100.0,45.7,B
2021-06-29T09:03:06,200.0,45.7,B
2021-06-29T09:03:03,1200.0,45.7,S
2021-06-29T09:02:57,200.0,45.8,B
2021-06-29T09:02:53,600.0,45.8,B
2021-06-29T09:02:36,5000.0,45.8,B
2021-06-29T09:02:26,100.0,45.7,B
2021-06-29T09:02:17,1900.0,45.7,B
2021-06-29T09:01:58,300.0,45.5,S
2021-06-29T09:01:56,700.0,45.5,S
2021-06-29T09:01:44,100.0,45.5,S
2021-06-29T09:01:40,4000.0,45.5,S
2021-06-29T09:01:38,200.0,45.7,B
2021-06-29T09:00:56,100.0,45.7,B
2021-06-29T09:00:56,3100.0,45.7,B
2021-06-29T09:00:52,2000.0,45.7,B
2021-06-29T09:00:44,100.0,45.6,B
2021-06-29T09:00:40,500.0,45.6,B
2021-06-29T09:00:40,200.0,45.5,S
2021-06-29T09:00:38,800.0,45.6,S
2021-06-29T09:00:36,500.0,45.5,S
2021-06-29T09:00:32,500.0,45.5,S
2021-06-29T09:00:30,1000.0,45.5,S
2021-06-29T09:00:28,500.0,45.6,S
2021-06-29T09:00:26,100.0,45.7,S
2021-06-29T09:00:18,10000.0,46.0,B
2021-06-29T09:00:11,300.0,45.6,B
