tradingTime,volume,price,side
2021-07-27T14:29:47,500.0,28.0,B
2021-07-27T14:29:24,300.0,28.0,B
2021-07-27T14:28:34,300.0,27.95,S
2021-07-27T14:27:53,100.0,27.95,S
2021-07-27T14:27:45,100.0,27.95,S
2021-07-27T14:27:39,200.0,28.0,B
2021-07-27T14:27:36,100.0,27.95,S
2021-07-27T14:26:59,100.0,28.0,B
2021-07-27T14:26:51,300.0,28.0,B
2021-07-27T14:26:02,100.0,28.0,B
2021-07-27T14:24:12,100.0,28.0,B
2021-07-27T14:24:06,500.0,28.0,B
2021-07-27T14:24:03,100.0,28.0,B
2021-07-27T14:23:42,100.0,28.0,B
2021-07-27T14:23:34,100.0,28.0,B
2021-07-27T14:22:49,900.0,28.0,B
2021-07-27T14:20:26,200.0,27.9,S
2021-07-27T14:17:28,500.0,27.8,S
2021-07-27T14:16:59,100.0,27.95,B
2021-07-27T14:16:04,1400.0,28.0,S
2021-07-27T14:15:35,5000.0,28.0,S
2021-07-27T14:15:03,700.0,28.05,S
2021-07-27T14:13:39,500.0,28.05,S
2021-07-27T14:10:15,2100.0,28.05,S
2021-07-27T14:04:17,1100.0,28.2,B
2021-07-27T14:04:17,100.0,28.2,B
2021-07-27T14:04:17,1300.0,28.2,B
2021-07-27T14:04:01,100.0,28.05,S
2021-07-27T14:03:45,100.0,28.05,S
2021-07-27T14:03:24,200.0,28.05,S
2021-07-27T14:03:01,100.0,28.05,S
2021-07-27T14:02:47,100.0,28.05,S
2021-07-27T14:02:03,200.0,28.05,S
2021-07-27T14:01:33,900.0,28.05,S
2021-07-27T14:01:33,100.0,28.05,S
2021-07-27T13:58:41,2800.0,28.05,S
2021-07-27T13:58:30,100.0,28.1,B
2021-07-27T13:58:10,100.0,28.1,B
2021-07-27T13:56:31,1000.0,28.1,S
2021-07-27T13:54:49,500.0,28.05,S
2021-07-27T13:54:03,300.0,28.05,S
2021-07-27T13:53:37,5000.0,28.05,S
2021-07-27T13:53:31,500.0,28.05,S
2021-07-27T13:52:35,500.0,28.05,S
2021-07-27T13:52:34,200.0,28.1,S
2021-07-27T13:52:34,100.0,28.1,S
2021-07-27T13:51:43,100.0,28.15,S
2021-07-27T13:47:53,500.0,28.15,S
2021-07-27T13:46:05,100.0,28.15,S
2021-07-27T13:45:47,900.0,28.15,S
2021-07-27T13:45:47,100.0,28.15,S
2021-07-27T13:45:08,4600.0,28.2,B
2021-07-27T13:44:42,200.0,28.2,S
2021-07-27T13:43:07,1800.0,28.25,S
2021-07-27T13:42:32,100.0,28.25,S
2021-07-27T13:42:13,100.0,28.25,S
2021-07-27T13:36:58,400.0,28.3,B
2021-07-27T13:36:04,100.0,28.3,B
2021-07-27T13:29:47,200.0,28.3,S
2021-07-27T13:29:38,100.0,28.3,S
2021-07-27T13:29:26,100.0,28.3,S
2021-07-27T13:29:13,1100.0,28.3,B
2021-07-27T13:28:55,400.0,28.2,B
2021-07-27T13:26:56,100.0,28.2,B
2021-07-27T13:26:51,100.0,28.2,B
2021-07-27T13:25:01,200.0,28.2,S
2021-07-27T13:25:01,7500.0,28.2,S
2021-07-27T13:25:01,300.0,28.2,S
2021-07-27T13:24:35,1500.0,28.3,S
2021-07-27T13:24:25,100.0,28.3,S
2021-07-27T13:23:25,3000.0,28.3,S
2021-07-27T13:23:11,400.0,28.35,S
2021-07-27T13:19:59,1400.0,28.35,S
2021-07-27T13:19:34,100.0,28.35,S
2021-07-27T13:19:25,100.0,28.35,S
2021-07-27T13:19:18,100.0,28.35,S
2021-07-27T13:19:12,1400.0,28.35,S
2021-07-27T13:19:02,200.0,28.35,S
2021-07-27T13:18:44,100.0,28.35,S
2021-07-27T13:18:27,600.0,28.35,S
2021-07-27T13:18:26,1400.0,28.35,S
2021-07-27T13:17:42,500.0,28.4,B
2021-07-27T13:17:31,4900.0,28.4,B
2021-07-27T13:17:04,1600.0,28.4,S
2021-07-27T13:16:49,300.0,28.4,S
2021-07-27T13:15:27,100.0,28.4,S
2021-07-27T13:13:17,700.0,28.4,S
2021-07-27T13:12:23,100.0,28.4,S
2021-07-27T13:12:17,1400.0,28.4,S
2021-07-27T13:12:15,100.0,28.4,S
2021-07-27T13:12:12,100.0,28.4,S
2021-07-27T13:11:42,100.0,28.4,S
2021-07-27T13:11:28,200.0,28.4,S
2021-07-27T13:11:17,200.0,28.4,S
2021-07-27T13:11:00,300.0,28.4,S
2021-07-27T13:10:50,600.0,28.4,S
2021-07-27T13:10:36,100.0,28.4,S
2021-07-27T13:09:44,800.0,28.4,S
2021-07-27T13:00:10,100.0,28.45,B
2021-07-27T11:29:46,500.0,28.4,S
2021-07-27T11:29:43,1400.0,28.4,S
2021-07-27T11:27:58,300.0,28.4,S
2021-07-27T11:27:24,100.0,28.4,S
2021-07-27T11:25:59,1000.0,28.4,S
2021-07-27T11:24:54,3500.0,28.4,S
2021-07-27T11:22:54,1600.0,28.4,S
2021-07-27T11:20:40,100.0,28.4,S
2021-07-27T11:19:15,300.0,28.4,S
2021-07-27T11:19:09,100.0,28.4,S
2021-07-27T11:18:57,300.0,28.4,S
2021-07-27T11:18:49,200.0,28.4,S
2021-07-27T11:13:54,9300.0,28.45,B
2021-07-27T11:13:15,600.0,28.45,S
2021-07-27T11:12:52,100.0,28.45,S
2021-07-27T11:12:40,3000.0,28.4,S
2021-07-27T11:11:53,3500.0,28.4,S
2021-07-27T11:11:53,4600.0,28.4,S
2021-07-27T11:11:19,400.0,28.45,S
2021-07-27T11:11:12,100.0,28.45,S
2021-07-27T11:11:07,5000.0,28.45,S
2021-07-27T11:08:14,100.0,28.45,S
2021-07-27T11:06:46,700.0,28.45,S
2021-07-27T11:05:57,1600.0,28.45,S
2021-07-27T11:05:47,100.0,28.45,S
2021-07-27T11:03:39,500.0,28.45,S
2021-07-27T11:03:18,200.0,28.45,S
2021-07-27T11:03:10,100.0,28.45,S
2021-07-27T10:49:04,400.0,28.5,S
2021-07-27T10:48:44,1600.0,28.5,S
2021-07-27T10:48:44,2100.0,28.5,S
2021-07-27T10:48:44,1300.0,28.5,S
2021-07-27T10:47:22,100.0,28.5,S
2021-07-27T10:43:33,600.0,28.5,B
2021-07-27T10:40:24,800.0,28.5,B
2021-07-27T10:40:24,2600.0,28.5,B
2021-07-27T10:40:24,1600.0,28.5,B
2021-07-27T10:38:19,1000.0,28.4,S
2021-07-27T10:37:29,100.0,28.4,S
2021-07-27T10:33:21,500.0,28.4,S
2021-07-27T10:32:06,2400.0,28.4,S
2021-07-27T10:31:18,100.0,28.4,S
2021-07-27T10:31:04,100.0,28.4,S
2021-07-27T10:30:50,100.0,28.4,S
2021-07-27T10:30:49,500.0,28.4,S
2021-07-27T10:30:29,200.0,28.4,S
2021-07-27T10:30:02,300.0,28.4,S
2021-07-27T10:28:52,500.0,28.4,S
2021-07-27T10:28:44,200.0,28.4,S
2021-07-27T10:27:57,2000.0,28.4,S
2021-07-27T10:27:46,200.0,28.4,S
2021-07-27T10:27:31,500.0,28.4,S
2021-07-27T10:23:37,5300.0,28.4,S
2021-07-27T10:23:37,4700.0,28.4,S
2021-07-27T10:21:10,100.0,28.45,S
2021-07-27T10:21:10,100.0,28.45,S
2021-07-27T10:14:54,500.0,28.45,S
2021-07-27T10:12:41,1000.0,28.5,B
2021-07-27T10:12:39,1000.0,28.5,B
2021-07-27T10:11:35,100.0,28.5,B
2021-07-27T10:10:30,100.0,28.5,B
2021-07-27T10:09:40,1000.0,28.5,B
2021-07-27T10:08:10,2500.0,28.5,B
2021-07-27T10:07:36,500.0,28.5,B
2021-07-27T10:07:13,100.0,28.5,B
2021-07-27T10:05:59,1100.0,28.5,B
2021-07-27T10:04:55,100.0,28.5,B
2021-07-27T10:04:54,200.0,28.5,B
2021-07-27T10:02:49,200.0,28.5,B
2021-07-27T10:02:21,100.0,28.5,B
2021-07-27T10:02:07,200.0,28.5,B
2021-07-27T09:59:13,300.0,28.45,S
2021-07-27T09:58:40,1000.0,28.45,S
2021-07-27T09:55:39,3000.0,28.4,S
2021-07-27T09:54:50,2000.0,28.4,S
2021-07-27T09:54:30,100.0,28.5,S
2021-07-27T09:53:59,300.0,28.5,S
2021-07-27T09:53:25,400.0,28.5,S
2021-07-27T09:53:09,100.0,28.5,S
2021-07-27T09:52:43,100.0,28.55,B
2021-07-27T09:52:42,2000.0,28.5,S
2021-07-27T09:50:53,300.0,28.5,S
2021-07-27T09:48:57,1200.0,28.5,B
2021-07-27T09:48:51,200.0,28.4,S
2021-07-27T09:48:28,500.0,28.5,B
2021-07-27T09:48:03,500.0,28.5,B
2021-07-27T09:47:27,500.0,28.5,B
2021-07-27T09:47:09,100.0,28.5,B
2021-07-27T09:46:26,200.0,28.5,S
2021-07-27T09:44:40,1900.0,28.4,S
2021-07-27T09:44:25,2000.0,28.5,S
2021-07-27T09:42:55,1300.0,28.5,S
2021-07-27T09:42:18,200.0,28.6,B
2021-07-27T09:41:41,300.0,28.6,B
2021-07-27T09:40:54,3700.0,28.6,S
2021-07-27T09:38:38,500.0,28.7,S
2021-07-27T09:38:28,1000.0,28.7,S
2021-07-27T09:38:10,500.0,28.7,B
2021-07-27T09:37:58,500.0,28.7,B
2021-07-27T09:36:11,2000.0,28.7,B
2021-07-27T09:33:25,800.0,28.6,B
2021-07-27T09:32:02,200.0,28.6,S
2021-07-27T09:31:21,1800.0,28.6,B
2021-07-27T09:29:50,100.0,28.6,B
2021-07-27T09:29:37,1000.0,28.6,B
2021-07-27T09:28:29,200.0,28.6,S
2021-07-27T09:28:19,500.0,28.6,S
2021-07-27T09:28:16,400.0,28.6,S
2021-07-27T09:27:51,500.0,28.6,S
2021-07-27T09:27:34,100.0,28.7,B
2021-07-27T09:25:10,300.0,28.7,S
2021-07-27T09:25:02,100.0,28.7,B
2021-07-27T09:24:58,100.0,28.7,B
2021-07-27T09:23:25,2000.0,28.7,S
2021-07-27T09:22:22,200.0,28.7,B
2021-07-27T09:21:25,100.0,28.75,B
2021-07-27T09:21:18,100.0,28.75,B
2021-07-27T09:21:04,300.0,28.75,S
2021-07-27T09:20:52,700.0,28.75,B
2021-07-27T09:20:50,300.0,28.75,B
2021-07-27T09:20:18,100.0,28.75,B
2021-07-27T09:19:07,800.0,28.9,S
2021-07-27T09:18:56,1000.0,28.9,S
2021-07-27T09:18:48,500.0,28.95,B
2021-07-27T09:18:43,100.0,28.95,B
2021-07-27T09:18:20,100.0,28.95,S
2021-07-27T09:18:17,900.0,28.95,B
2021-07-27T09:17:53,100.0,28.95,B
2021-07-27T09:17:45,1000.0,28.95,B
2021-07-27T09:17:05,500.0,28.95,S
2021-07-27T09:17:03,100.0,29.0,B
2021-07-27T09:16:52,500.0,29.0,B
2021-07-27T09:16:41,900.0,29.0,S
2021-07-27T09:16:36,3500.0,29.2,B
2021-07-27T09:16:36,1700.0,29.2,B
2021-07-27T09:16:36,4800.0,29.2,B
2021-07-27T09:16:19,100.0,29.0,B
2021-07-27T09:16:06,2500.0,29.0,B
2021-07-27T09:16:06,9000.0,29.0,B
2021-07-27T09:16:06,2500.0,28.9,B
2021-07-27T09:15:40,100.0,28.95,B
2021-07-27T09:15:05,100.0,29.0,B
