tradingTime,volume,price,side
2021-07-27T14:29:35,1000.0,54.1,S
2021-07-27T14:29:35,200.0,54.1,S
2021-07-27T14:29:35,1800.0,54.1,S
2021-07-27T14:29:35,1000.0,54.1,S
2021-07-27T14:29:35,1200.0,54.1,S
2021-07-27T14:29:35,1100.0,54.1,S
2021-07-27T14:29:35,2100.0,54.2,S
2021-07-27T14:29:35,1700.0,54.2,S
2021-07-27T14:29:13,100.0,54.2,S
2021-07-27T14:28:28,2000.0,54.2,S
2021-07-27T14:28:21,9300.0,54.2,B
2021-07-27T14:28:14,1300.0,54.2,B
2021-07-27T14:28:03,500.0,54.1,S
2021-07-27T14:27:53,200.0,54.1,S
2021-07-27T14:27:33,500.0,54.1,S
2021-07-27T14:25:51,100.0,54.1,S
2021-07-27T14:24:43,1800.0,54.1,S
2021-07-27T14:24:43,700.0,54.1,S
2021-07-27T14:24:26,900.0,54.1,S
2021-07-27T14:24:02,100.0,54.1,S
2021-07-27T14:23:55,2500.0,54.2,S
2021-07-27T14:23:17,100.0,54.2,S
2021-07-27T14:21:19,1000.0,54.2,S
2021-07-27T14:21:07,500.0,54.2,S
2021-07-27T14:20:58,500.0,54.2,S
2021-07-27T14:19:07,1000.0,54.2,S
2021-07-27T14:19:00,200.0,54.2,S
2021-07-27T14:18:32,500.0,54.3,B
2021-07-27T14:18:19,5000.0,54.3,B
2021-07-27T14:17:38,2900.0,54.2,B
2021-07-27T14:17:33,100.0,54.2,B
2021-07-27T14:17:33,3000.0,54.2,B
2021-07-27T14:17:33,1900.0,54.2,B
2021-07-27T14:17:32,400.0,54.1,S
2021-07-27T14:17:30,200.0,54.2,B
2021-07-27T14:17:16,200.0,54.1,S
2021-07-27T14:17:14,200.0,54.1,S
2021-07-27T14:16:54,1000.0,54.1,B
2021-07-27T14:16:29,6200.0,54.0,B
2021-07-27T14:16:29,100.0,54.0,B
2021-07-27T14:16:20,1000.0,54.0,B
2021-07-27T14:16:06,500.0,54.0,B
2021-07-27T14:16:05,500.0,54.0,B
2021-07-27T14:16:05,100.0,54.0,B
2021-07-27T14:15:57,300.0,54.0,B
2021-07-27T14:15:40,100.0,54.0,B
2021-07-27T14:15:20,100.0,54.0,B
2021-07-27T14:15:16,1900.0,54.0,B
2021-07-27T14:14:55,200.0,54.0,B
2021-07-27T14:14:49,1000.0,54.0,B
2021-07-27T14:14:49,1300.0,53.9,S
2021-07-27T14:14:29,100.0,54.0,B
2021-07-27T14:14:24,300.0,54.0,B
2021-07-27T14:14:22,2000.0,53.9,S
2021-07-27T14:14:12,5000.0,53.9,S
2021-07-27T14:14:07,300.0,53.9,S
2021-07-27T14:14:04,500.0,53.9,S
2021-07-27T14:14:01,200.0,53.9,S
2021-07-27T14:14:00,5000.0,54.0,B
2021-07-27T14:13:42,400.0,53.9,S
2021-07-27T14:13:24,400.0,54.0,B
2021-07-27T14:13:21,2500.0,54.0,S
2021-07-27T14:13:21,300.0,54.0,S
2021-07-27T14:13:21,1100.0,54.0,S
2021-07-27T14:13:21,1600.0,54.0,S
2021-07-27T14:13:21,900.0,54.0,S
2021-07-27T14:13:21,1000.0,54.0,S
2021-07-27T14:13:21,3700.0,54.0,S
2021-07-27T14:13:15,2000.0,54.0,S
2021-07-27T14:13:09,1000.0,54.0,S
2021-07-27T14:13:07,200.0,54.0,S
2021-07-27T14:13:07,800.0,54.0,S
2021-07-27T14:12:57,1000.0,54.0,S
2021-07-27T14:12:20,100.0,54.1,B
2021-07-27T14:12:14,300.0,54.1,B
2021-07-27T14:11:58,500.0,54.0,S
2021-07-27T14:11:55,2000.0,54.0,S
2021-07-27T14:11:53,400.0,54.0,S
2021-07-27T14:11:38,100.0,54.1,B
2021-07-27T14:11:36,4000.0,54.0,S
2021-07-27T14:11:31,300.0,54.1,B
2021-07-27T14:11:24,2000.0,54.0,S
2021-07-27T14:11:05,600.0,54.1,S
2021-07-27T14:10:56,1000.0,54.1,S
2021-07-27T14:10:45,100.0,54.1,S
2021-07-27T14:10:44,1000.0,54.1,S
2021-07-27T14:10:40,6700.0,54.1,S
2021-07-27T14:10:37,200.0,54.1,S
2021-07-27T14:10:35,100.0,54.1,S
2021-07-27T14:10:21,1000.0,54.1,S
2021-07-27T14:10:06,1500.0,54.1,S
2021-07-27T14:10:03,200.0,54.1,S
2021-07-27T14:09:59,200.0,54.1,S
2021-07-27T14:09:55,100.0,54.1,S
2021-07-27T14:09:39,500.0,54.1,S
2021-07-27T14:09:22,20000.0,54.1,S
2021-07-27T14:09:20,1600.0,54.2,S
2021-07-27T14:09:13,800.0,54.2,S
2021-07-27T14:09:13,500.0,54.2,S
2021-07-27T14:09:03,100.0,54.3,B
2021-07-27T14:08:53,200.0,54.3,B
2021-07-27T14:08:52,1000.0,54.2,S
2021-07-27T14:08:38,300.0,54.2,S
2021-07-27T14:08:16,500.0,54.2,S
2021-07-27T14:08:01,10000.0,54.2,S
2021-07-27T14:07:52,1000.0,54.2,S
2021-07-27T14:07:28,1800.0,54.3,S
2021-07-27T14:07:16,3000.0,54.3,S
2021-07-27T14:07:12,100.0,54.3,S
2021-07-27T14:07:10,500.0,54.3,S
2021-07-27T14:07:03,300.0,54.3,S
2021-07-27T14:07:03,700.0,54.3,S
2021-07-27T14:07:01,300.0,54.3,S
2021-07-27T14:06:55,200.0,54.3,S
2021-07-27T14:06:47,4400.0,54.3,S
2021-07-27T14:06:47,5600.0,54.3,S
2021-07-27T14:06:24,5000.0,54.4,B
2021-07-27T14:05:50,200.0,54.4,B
2021-07-27T14:05:47,100.0,54.4,B
2021-07-27T14:04:32,600.0,54.4,S
2021-07-27T14:04:21,2100.0,54.4,B
2021-07-27T14:04:21,2500.0,54.4,B
2021-07-27T14:04:20,200.0,54.4,B
2021-07-27T14:03:46,3200.0,54.4,S
2021-07-27T14:03:04,800.0,54.5,S
2021-07-27T14:02:44,100.0,54.5,B
2021-07-27T14:02:43,100.0,54.5,B
2021-07-27T14:02:25,14000.0,54.4,S
2021-07-27T14:02:20,3700.0,54.5,B
2021-07-27T14:01:02,100.0,54.5,B
2021-07-27T14:00:57,4000.0,54.5,B
2021-07-27T14:00:52,2000.0,54.5,S
2021-07-27T14:00:21,3000.0,54.5,B
2021-07-27T14:00:20,5000.0,54.5,B
2021-07-27T13:59:53,2100.0,54.5,S
2021-07-27T13:59:30,7000.0,54.5,B
2021-07-27T13:59:18,2000.0,54.5,B
2021-07-27T13:59:00,500.0,54.5,B
2021-07-27T13:58:58,500.0,54.5,S
2021-07-27T13:58:53,2000.0,54.5,B
2021-07-27T13:58:53,2500.0,54.5,B
2021-07-27T13:58:04,9400.0,54.5,S
2021-07-27T13:58:00,1500.0,54.5,B
2021-07-27T13:57:40,1800.0,54.5,B
2021-07-27T13:57:40,500.0,54.5,B
2021-07-27T13:57:40,2700.0,54.5,B
2021-07-27T13:57:36,500.0,54.5,B
2021-07-27T13:57:14,4000.0,54.4,B
2021-07-27T13:56:49,100.0,54.4,B
2021-07-27T13:56:17,200.0,54.3,S
2021-07-27T13:56:09,1000.0,54.4,B
2021-07-27T13:55:52,1000.0,54.4,B
2021-07-27T13:55:20,100.0,54.4,B
2021-07-27T13:55:17,300.0,54.4,B
2021-07-27T13:55:08,2500.0,54.4,B
2021-07-27T13:54:03,9700.0,54.3,B
2021-07-27T13:53:47,300.0,54.3,B
2021-07-27T13:53:32,700.0,54.3,B
2021-07-27T13:53:17,1000.0,54.2,S
2021-07-27T13:52:53,1000.0,54.3,B
2021-07-27T13:52:50,300.0,54.3,B
2021-07-27T13:52:24,8000.0,54.3,B
2021-07-27T13:50:29,3900.0,54.4,S
2021-07-27T13:50:24,1100.0,54.4,S
2021-07-27T13:50:15,5000.0,54.4,B
2021-07-27T13:49:57,1000.0,54.4,B
2021-07-27T13:49:38,500.0,54.3,S
2021-07-27T13:48:53,1000.0,54.3,S
2021-07-27T13:48:46,200.0,54.4,B
2021-07-27T13:48:03,100.0,54.4,B
2021-07-27T13:46:37,200.0,54.4,S
2021-07-27T13:45:45,10700.0,54.5,S
2021-07-27T13:45:02,400.0,54.6,B
2021-07-27T13:44:52,400.0,54.6,B
2021-07-27T13:44:17,1700.0,54.6,S
2021-07-27T13:44:17,9200.0,54.6,S
2021-07-27T13:43:56,10000.0,54.6,S
2021-07-27T13:43:39,200.0,54.6,S
2021-07-27T13:43:25,1000.0,54.6,S
2021-07-27T13:43:22,500.0,54.7,B
2021-07-27T13:43:00,1000.0,54.7,S
2021-07-27T13:43:00,700.0,54.7,S
2021-07-27T13:43:00,100.0,54.7,S
2021-07-27T13:42:52,100.0,54.7,S
2021-07-27T13:42:50,100.0,54.7,S
2021-07-27T13:42:47,100.0,54.7,S
2021-07-27T13:42:45,500.0,54.7,S
2021-07-27T13:42:30,600.0,54.7,S
2021-07-27T13:42:24,10000.0,54.8,B
2021-07-27T13:42:11,100.0,54.8,B
2021-07-27T13:41:57,4300.0,54.7,B
2021-07-27T13:41:09,100.0,54.6,B
2021-07-27T13:41:09,1700.0,54.6,B
2021-07-27T13:41:05,900.0,54.6,B
2021-07-27T13:41:05,6000.0,54.6,B
2021-07-27T13:41:05,4900.0,54.6,B
2021-07-27T13:40:56,1000.0,54.5,B
2021-07-27T13:40:56,900.0,54.5,B
2021-07-27T13:40:56,1100.0,54.5,B
2021-07-27T13:40:56,1000.0,54.5,B
2021-07-27T13:40:56,300.0,54.5,B
2021-07-27T13:40:56,2000.0,54.5,B
2021-07-27T13:40:56,1300.0,54.5,B
2021-07-27T13:40:56,100.0,54.5,B
2021-07-27T13:40:56,400.0,54.5,B
2021-07-27T13:40:56,1000.0,54.5,B
2021-07-27T13:40:56,4000.0,54.5,B
2021-07-27T13:40:56,7200.0,54.5,B
2021-07-27T13:40:56,100.0,54.5,B
2021-07-27T13:40:56,300.0,54.5,B
2021-07-27T13:40:56,300.0,54.5,B
2021-07-27T13:40:56,200.0,54.5,B
2021-07-27T13:40:56,500.0,54.5,B
2021-07-27T13:40:56,800.0,54.5,B
2021-07-27T13:40:56,100.0,54.5,B
2021-07-27T13:40:56,300.0,54.5,B
2021-07-27T13:40:56,1500.0,54.5,B
2021-07-27T13:40:56,400.0,54.5,B
2021-07-27T13:40:56,100.0,54.5,B
2021-07-27T13:40:56,200.0,54.5,B
2021-07-27T13:40:56,2600.0,54.5,B
2021-07-27T13:40:56,2000.0,54.5,B
2021-07-27T13:40:56,900.0,54.5,B
2021-07-27T13:40:56,2000.0,54.5,B
2021-07-27T13:40:56,2000.0,54.5,B
2021-07-27T13:40:56,100.0,54.5,B
2021-07-27T13:40:56,100.0,54.5,B
2021-07-27T13:40:56,5000.0,54.5,B
2021-07-27T13:40:56,100.0,54.5,B
2021-07-27T13:40:56,10600.0,54.5,B
2021-07-27T13:40:56,100.0,54.5,B
2021-07-27T13:40:56,200.0,54.5,B
2021-07-27T13:40:56,1100.0,54.5,B
2021-07-27T13:40:56,21300.0,54.5,B
2021-07-27T13:40:56,600.0,54.5,B
2021-07-27T13:40:56,1000.0,54.5,B
2021-07-27T13:40:56,800.0,54.5,B
2021-07-27T13:40:56,3000.0,54.4,B
2021-07-27T13:40:56,800.0,54.4,B
2021-07-27T13:40:56,100.0,54.4,B
2021-07-27T13:40:56,3400.0,54.4,B
2021-07-27T13:40:56,100.0,54.4,B
2021-07-27T13:40:56,4700.0,54.4,B
2021-07-27T13:40:53,9800.0,54.4,B
2021-07-27T13:40:38,5000.0,54.4,B
2021-07-27T13:40:33,2000.0,54.4,B
2021-07-27T13:40:25,300.0,54.4,B
2021-07-27T13:40:25,2400.0,54.4,B
2021-07-27T13:40:10,4900.0,54.4,B
2021-07-27T13:39:53,3000.0,54.3,B
2021-07-27T13:39:53,2000.0,54.3,B
2021-07-27T13:39:53,1300.0,54.3,B
2021-07-27T13:39:53,1500.0,54.3,B
2021-07-27T13:39:47,1200.0,54.3,B
2021-07-27T13:39:47,200.0,54.3,B
2021-07-27T13:39:47,2000.0,54.3,B
2021-07-27T13:39:47,4500.0,54.3,B
2021-07-27T13:39:38,3000.0,54.2,S
2021-07-27T13:37:27,600.0,54.2,S
2021-07-27T13:37:23,300.0,54.2,S
2021-07-27T13:36:52,11800.0,54.2,B
2021-07-27T13:36:36,200.0,54.1,S
2021-07-27T13:34:53,100.0,54.1,S
2021-07-27T13:34:24,200.0,54.1,S
2021-07-27T13:34:14,1000.0,54.1,S
2021-07-27T13:34:00,5000.0,54.1,S
2021-07-27T13:33:44,3000.0,54.1,S
2021-07-27T13:33:41,4000.0,54.2,B
2021-07-27T13:32:22,1000.0,54.1,S
2021-07-27T13:32:13,100.0,54.1,S
2021-07-27T13:32:13,800.0,54.1,B
2021-07-27T13:32:05,700.0,54.1,S
2021-07-27T13:32:00,3000.0,54.1,S
2021-07-27T13:31:18,100.0,54.1,S
2021-07-27T13:31:06,100.0,54.1,S
2021-07-27T13:30:54,100.0,54.1,S
2021-07-27T13:30:24,500.0,54.1,S
2021-07-27T13:30:07,300.0,54.1,S
2021-07-27T13:29:39,500.0,54.1,S
2021-07-27T13:29:36,500.0,54.1,S
2021-07-27T13:28:58,10000.0,54.1,S
2021-07-27T13:28:55,500.0,54.1,S
2021-07-27T13:27:48,200.0,54.2,S
2021-07-27T13:27:46,7000.0,54.2,S
2021-07-27T13:27:25,1000.0,54.2,S
2021-07-27T13:27:22,2000.0,54.3,B
2021-07-27T13:26:53,100.0,54.2,S
2021-07-27T13:26:23,1300.0,54.2,B
2021-07-27T13:26:23,14100.0,54.2,B
2021-07-27T13:26:11,200.0,54.2,B
2021-07-27T13:26:11,8400.0,54.2,B
2021-07-27T13:26:11,1400.0,54.2,B
2021-07-27T13:26:04,200.0,54.1,B
2021-07-27T13:25:20,600.0,54.1,S
2021-07-27T13:25:18,100.0,54.1,S
2021-07-27T13:25:17,200.0,54.1,S
2021-07-27T13:25:11,1000.0,54.1,B
2021-07-27T13:25:11,300.0,54.0,S
2021-07-27T13:25:04,2100.0,54.1,S
2021-07-27T13:25:04,100.0,54.1,S
2021-07-27T13:25:02,1500.0,54.1,B
2021-07-27T13:25:02,300.0,54.1,B
2021-07-27T13:23:30,200.0,54.0,S
2021-07-27T13:23:30,500.0,54.0,B
2021-07-27T13:23:28,200.0,54.0,B
2021-07-27T13:23:27,100.0,53.9,S
2021-07-27T13:23:04,6000.0,54.0,B
2021-07-27T13:23:01,300.0,54.0,B
2021-07-27T13:22:55,100.0,54.0,B
2021-07-27T13:22:25,100.0,54.0,B
2021-07-27T13:22:24,1000.0,53.9,S
2021-07-27T13:22:24,1000.0,53.9,S
2021-07-27T13:22:10,3600.0,54.0,S
2021-07-27T13:21:58,200.0,54.0,S
2021-07-27T13:21:52,5000.0,54.0,S
2021-07-27T13:21:43,3600.0,54.0,S
2021-07-27T13:21:30,1000.0,54.0,S
2021-07-27T13:21:16,2700.0,54.0,S
2021-07-27T13:21:16,1000.0,54.0,S
2021-07-27T13:21:16,2300.0,54.0,S
2021-07-27T13:20:56,200.0,54.0,S
2021-07-27T13:20:37,7800.0,54.0,S
2021-07-27T13:20:37,200.0,54.1,S
2021-07-27T13:20:37,2000.0,54.1,S
2021-07-27T13:20:32,1000.0,54.1,S
2021-07-27T13:20:14,300.0,54.2,S
2021-07-27T13:20:01,1000.0,54.2,S
2021-07-27T13:19:56,2200.0,54.2,S
2021-07-27T13:19:48,3000.0,54.2,S
2021-07-27T13:19:43,3000.0,54.2,S
2021-07-27T13:19:38,1500.0,54.3,B
2021-07-27T13:19:14,100.0,54.3,B
2021-07-27T13:18:40,100.0,54.3,B
2021-07-27T13:18:11,4700.0,54.3,S
2021-07-27T13:17:58,100.0,54.3,S
2021-07-27T13:17:52,5000.0,54.3,S
2021-07-27T13:17:48,100.0,54.3,S
2021-07-27T13:17:25,100.0,54.4,B
2021-07-27T13:17:10,100.0,54.4,B
2021-07-27T13:16:58,100.0,54.4,B
2021-07-27T13:15:55,300.0,54.4,B
2021-07-27T13:15:49,300.0,54.4,B
2021-07-27T13:15:33,100.0,54.4,B
2021-07-27T13:15:06,100.0,54.4,B
2021-07-27T13:14:43,200.0,54.4,B
2021-07-27T13:14:24,2000.0,54.4,B
2021-07-27T13:14:16,1500.0,54.4,B
2021-07-27T13:14:15,3500.0,54.4,B
2021-07-27T13:13:41,3100.0,54.4,B
2021-07-27T13:13:41,3100.0,54.4,B
2021-07-27T13:13:41,2200.0,54.4,B
2021-07-27T13:13:41,5300.0,54.4,B
2021-07-27T13:13:41,6300.0,54.4,B
2021-07-27T13:13:36,3000.0,54.3,S
2021-07-27T13:13:34,1300.0,54.4,B
2021-07-27T13:13:21,200.0,54.3,S
2021-07-27T13:13:02,700.0,54.3,B
2021-07-27T13:12:57,400.0,54.3,B
2021-07-27T13:12:42,100.0,54.3,B
2021-07-27T13:12:38,300.0,54.3,B
2021-07-27T13:12:37,2300.0,54.3,B
2021-07-27T13:12:37,100.0,54.3,B
2021-07-27T13:12:37,100.0,54.3,B
2021-07-27T13:12:37,3000.0,54.3,B
2021-07-27T13:12:37,27700.0,54.3,B
2021-07-27T13:12:37,300.0,54.3,B
2021-07-27T13:12:37,15000.0,54.3,B
2021-07-27T13:12:37,9200.0,54.3,B
2021-07-27T13:12:26,600.0,54.2,B
2021-07-27T13:12:26,6400.0,54.2,B
2021-07-27T13:12:19,8000.0,54.2,B
2021-07-27T13:12:13,500.0,54.2,B
2021-07-27T13:12:08,7300.0,54.2,B
2021-07-27T13:12:08,200.0,54.2,B
2021-07-27T13:12:08,500.0,54.2,B
2021-07-27T13:12:08,400.0,54.2,B
2021-07-27T13:12:08,11600.0,54.2,B
2021-07-27T13:11:50,200.0,54.1,S
2021-07-27T13:11:11,1500.0,54.1,S
2021-07-27T13:10:32,10000.0,54.1,B
2021-07-27T13:10:23,5200.0,54.1,B
2021-07-27T13:08:53,200.0,54.0,S
2021-07-27T13:08:45,1000.0,54.1,B
2021-07-27T13:08:07,1000.0,54.0,S
2021-07-27T13:07:54,100.0,54.0,S
2021-07-27T13:07:28,500.0,54.0,S
2021-07-27T13:06:39,3000.0,54.0,B
2021-07-27T13:06:24,200.0,54.0,B
2021-07-27T13:06:13,200.0,54.0,B
2021-07-27T13:06:06,300.0,54.0,B
2021-07-27T13:05:57,200.0,54.0,B
2021-07-27T13:04:56,300.0,54.0,B
2021-07-27T13:04:45,500.0,54.0,B
2021-07-27T13:04:31,200.0,54.0,B
2021-07-27T13:04:05,100.0,54.0,B
2021-07-27T13:03:57,6000.0,54.0,B
2021-07-27T13:03:51,500.0,54.0,B
2021-07-27T13:02:21,300.0,54.0,B
2021-07-27T13:02:21,700.0,54.0,B
2021-07-27T13:02:17,500.0,54.0,B
2021-07-27T13:02:03,300.0,54.0,B
2021-07-27T13:02:02,1400.0,54.0,B
2021-07-27T13:02:02,3300.0,54.0,B
2021-07-27T13:00:56,1200.0,54.0,B
2021-07-27T13:00:43,200.0,54.0,B
2021-07-27T13:00:12,1000.0,54.0,B
2021-07-27T13:00:12,200.0,54.0,B
2021-07-27T13:00:11,200.0,54.0,B
2021-07-27T13:00:09,100.0,54.0,B
2021-07-27T13:00:08,1200.0,54.0,S
2021-07-27T13:00:08,700.0,54.0,S
2021-07-27T13:00:06,2000.0,54.1,B
2021-07-27T13:00:04,500.0,54.0,S
2021-07-27T13:00:04,100.0,54.0,S
2021-07-27T13:00:02,1000.0,54.0,S
2021-07-27T11:29:37,200.0,54.0,S
2021-07-27T11:29:35,200.0,54.0,S
2021-07-27T11:29:32,800.0,54.1,B
2021-07-27T11:29:32,1200.0,54.0,S
2021-07-27T11:29:29,200.0,54.0,S
2021-07-27T11:29:24,500.0,54.0,S
2021-07-27T11:28:32,1000.0,54.0,S
2021-07-27T11:28:24,800.0,54.1,B
2021-07-27T11:28:02,8700.0,54.0,B
2021-07-27T11:27:50,200.0,53.9,S
2021-07-27T11:27:20,100.0,53.9,S
2021-07-27T11:25:49,200.0,53.9,S
2021-07-27T11:25:40,3000.0,54.0,B
2021-07-27T11:25:11,2600.0,54.0,S
2021-07-27T11:25:04,1000.0,54.0,S
2021-07-27T11:24:55,7400.0,54.0,B
2021-07-27T11:24:33,1000.0,54.0,B
2021-07-27T11:24:21,400.0,54.0,B
2021-07-27T11:24:09,7000.0,54.0,B
2021-07-27T11:23:07,100.0,54.0,B
2021-07-27T11:22:52,300.0,53.9,S
2021-07-27T11:22:47,100.0,53.9,S
2021-07-27T11:22:00,200.0,53.9,S
2021-07-27T11:21:10,100.0,54.0,B
2021-07-27T11:20:46,1400.0,53.9,S
2021-07-27T11:20:39,200.0,54.0,S
2021-07-27T11:20:33,1000.0,54.0,S
2021-07-27T11:20:28,800.0,54.0,B
2021-07-27T11:20:19,200.0,54.0,S
2021-07-27T11:20:08,100.0,54.0,S
2021-07-27T11:19:54,5100.0,54.0,S
2021-07-27T11:19:54,1100.0,54.0,S
2021-07-27T11:19:54,2400.0,54.0,S
2021-07-27T11:19:54,1400.0,54.0,S
2021-07-27T11:19:54,100.0,54.0,S
2021-07-27T11:19:31,800.0,54.0,S
2021-07-27T11:19:29,7400.0,54.0,S
2021-07-27T11:18:57,1400.0,54.0,S
2021-07-27T11:18:15,200.0,54.0,S
2021-07-27T11:17:49,200.0,54.0,S
2021-07-27T11:17:38,3400.0,54.0,S
2021-07-27T11:17:28,1000.0,54.0,S
2021-07-27T11:16:49,500.0,54.0,S
2021-07-27T11:16:28,100.0,54.1,S
2021-07-27T11:15:10,1000.0,54.2,B
2021-07-27T11:14:03,100.0,54.2,B
2021-07-27T11:13:46,600.0,54.2,B
2021-07-27T11:13:28,4600.0,54.1,S
2021-07-27T11:13:10,100.0,54.1,B
2021-07-27T11:13:09,1600.0,54.1,S
2021-07-27T11:12:53,5500.0,54.1,S
2021-07-27T11:12:32,300.0,54.1,S
2021-07-27T11:11:52,200.0,54.2,B
2021-07-27T11:11:30,100.0,54.1,S
2021-07-27T11:09:57,500.0,54.1,S
2021-07-27T11:09:51,100.0,54.1,S
2021-07-27T11:09:21,4400.0,54.1,B
2021-07-27T11:08:46,1200.0,54.2,B
2021-07-27T11:08:28,300.0,54.2,B
2021-07-27T11:08:28,1700.0,54.2,B
2021-07-27T11:06:43,100.0,54.1,B
2021-07-27T11:06:28,300.0,54.1,S
2021-07-27T11:06:23,100.0,54.1,S
2021-07-27T11:06:08,100.0,54.1,S
2021-07-27T11:05:59,300.0,54.1,S
2021-07-27T11:05:59,700.0,54.1,S
2021-07-27T11:04:45,200.0,54.1,S
2021-07-27T11:04:31,100.0,54.1,S
2021-07-27T11:04:19,600.0,54.3,B
2021-07-27T11:04:01,300.0,54.1,B
2021-07-27T11:03:56,500.0,54.1,B
2021-07-27T11:03:33,1200.0,54.1,S
2021-07-27T11:03:06,5600.0,54.1,S
2021-07-27T11:02:47,400.0,54.3,B
2021-07-27T11:02:39,100.0,54.2,B
2021-07-27T11:02:38,1900.0,54.2,B
2021-07-27T11:02:33,1000.0,54.2,B
2021-07-27T11:02:16,100.0,54.2,B
2021-07-27T11:01:37,6000.0,54.3,B
2021-07-27T11:01:08,3100.0,54.2,B
2021-07-27T11:01:08,1000.0,54.2,B
2021-07-27T11:01:08,900.0,54.2,B
2021-07-27T11:00:23,200.0,54.1,S
2021-07-27T10:59:55,1000.0,54.2,B
2021-07-27T10:59:42,3000.0,54.2,B
2021-07-27T10:59:06,1000.0,54.2,B
2021-07-27T10:59:05,2000.0,54.2,B
2021-07-27T10:57:35,800.0,54.2,B
2021-07-27T10:57:35,2200.0,54.2,B
2021-07-27T10:57:03,400.0,54.2,B
2021-07-27T10:56:23,700.0,54.2,S
2021-07-27T10:56:08,1100.0,54.2,S
2021-07-27T10:55:14,4200.0,54.0,S
2021-07-27T10:55:11,1000.0,54.0,S
2021-07-27T10:54:50,300.0,54.1,S
2021-07-27T10:54:48,10000.0,54.1,S
2021-07-27T10:54:33,1100.0,54.2,B
2021-07-27T10:54:26,300.0,54.2,S
2021-07-27T10:54:25,100.0,54.2,S
2021-07-27T10:54:24,100.0,54.2,S
2021-07-27T10:54:24,500.0,54.2,S
2021-07-27T10:54:18,500.0,54.2,S
2021-07-27T10:54:16,100.0,54.2,S
2021-07-27T10:54:00,100.0,54.2,S
2021-07-27T10:53:59,100.0,54.2,S
2021-07-27T10:53:30,500.0,54.3,S
2021-07-27T10:53:16,100.0,54.3,S
2021-07-27T10:53:16,100.0,54.3,S
2021-07-27T10:53:07,100.0,54.3,S
2021-07-27T10:53:00,500.0,54.3,S
2021-07-27T10:52:56,3000.0,54.3,B
2021-07-27T10:52:56,1200.0,54.3,B
2021-07-27T10:52:55,100.0,54.2,S
2021-07-27T10:52:46,100.0,54.2,S
2021-07-27T10:52:38,300.0,54.3,B
2021-07-27T10:52:37,100.0,54.3,S
2021-07-27T10:52:32,200.0,54.3,S
2021-07-27T10:52:30,100.0,54.3,S
2021-07-27T10:52:14,100.0,54.3,S
2021-07-27T10:51:59,100.0,54.3,S
2021-07-27T10:51:59,1000.0,54.3,S
2021-07-27T10:51:33,700.0,54.3,B
2021-07-27T10:51:33,2300.0,54.3,B
2021-07-27T10:51:29,5000.0,54.3,B
2021-07-27T10:51:20,3000.0,54.3,B
2021-07-27T10:51:18,100.0,54.2,S
2021-07-27T10:50:52,1000.0,54.3,B
2021-07-27T10:50:44,1000.0,54.3,B
2021-07-27T10:50:43,5000.0,54.2,S
2021-07-27T10:50:30,300.0,54.3,B
2021-07-27T10:50:30,200.0,54.3,B
2021-07-27T10:50:16,2000.0,54.2,B
2021-07-27T10:50:16,1100.0,54.2,B
2021-07-27T10:50:16,100.0,54.2,B
2021-07-27T10:50:16,6800.0,54.2,B
2021-07-27T10:50:11,1400.0,54.1,B
2021-07-27T10:50:08,100.0,54.0,S
2021-07-27T10:49:52,300.0,54.0,B
2021-07-27T10:49:52,800.0,54.0,B
2021-07-27T10:49:52,300.0,54.0,B
2021-07-27T10:49:52,4000.0,54.0,B
2021-07-27T10:49:39,9000.0,54.0,B
2021-07-27T10:49:25,1000.0,53.9,S
2021-07-27T10:49:23,19000.0,53.9,B
2021-07-27T10:49:13,1000.0,53.9,S
2021-07-27T10:49:01,5000.0,54.0,B
2021-07-27T10:48:50,500.0,53.9,S
2021-07-27T10:48:48,400.0,54.0,B
2021-07-27T10:48:39,1900.0,54.0,B
2021-07-27T10:48:39,800.0,54.0,B
2021-07-27T10:48:39,3200.0,54.0,B
2021-07-27T10:48:39,400.0,54.0,B
2021-07-27T10:48:39,200.0,54.0,B
2021-07-27T10:48:39,200.0,54.0,B
2021-07-27T10:48:39,200.0,54.0,B
2021-07-27T10:48:39,7500.0,54.0,B
2021-07-27T10:48:39,2500.0,54.0,B
2021-07-27T10:48:39,400.0,54.0,B
2021-07-27T10:48:39,3800.0,54.0,B
2021-07-27T10:48:39,100.0,54.0,B
2021-07-27T10:48:39,7400.0,54.0,B
2021-07-27T10:48:39,3200.0,54.0,B
2021-07-27T10:48:39,1900.0,54.0,B
2021-07-27T10:48:39,2000.0,54.0,B
2021-07-27T10:48:39,3300.0,54.0,B
2021-07-27T10:48:39,5100.0,54.0,B
2021-07-27T10:48:39,600.0,54.0,B
2021-07-27T10:48:39,500.0,54.0,B
2021-07-27T10:48:39,400.0,54.0,B
2021-07-27T10:48:39,600.0,54.0,B
2021-07-27T10:48:39,3900.0,54.0,B
2021-07-27T10:48:39,700.0,54.0,B
2021-07-27T10:48:39,9200.0,54.0,B
2021-07-27T10:48:24,300.0,54.0,B
2021-07-27T10:48:18,100.0,53.9,S
2021-07-27T10:48:14,700.0,53.9,S
2021-07-27T10:48:13,1100.0,53.9,S
2021-07-27T10:47:50,100.0,53.9,S
2021-07-27T10:47:47,4100.0,53.9,S
2021-07-27T10:47:38,1400.0,53.9,B
2021-07-27T10:47:38,3300.0,53.9,B
2021-07-27T10:47:38,500.0,53.9,B
2021-07-27T10:47:38,600.0,53.9,B
2021-07-27T10:47:38,2000.0,53.9,B
2021-07-27T10:47:38,6000.0,53.9,B
2021-07-27T10:47:38,1200.0,53.9,B
2021-07-27T10:46:40,5000.0,53.8,S
2021-07-27T10:46:25,500.0,53.8,S
2021-07-27T10:46:03,7000.0,53.8,B
2021-07-27T10:46:03,3800.0,53.8,B
2021-07-27T10:46:03,300.0,53.8,B
2021-07-27T10:46:03,12900.0,53.8,B
2021-07-27T10:45:45,800.0,53.7,S
2021-07-27T10:45:29,17400.0,53.7,B
2021-07-27T10:45:20,200.0,53.7,B
2021-07-27T10:45:17,8700.0,53.6,S
2021-07-27T10:45:17,600.0,53.6,S
2021-07-27T10:44:54,1300.0,53.7,B
2021-07-27T10:44:50,100.0,53.6,S
2021-07-27T10:44:24,1300.0,53.6,S
2021-07-27T10:43:33,300.0,53.6,S
2021-07-27T10:42:06,2700.0,53.6,B
2021-07-27T10:41:42,500.0,53.6,B
2021-07-27T10:41:35,11800.0,53.6,S
2021-07-27T10:39:12,5000.0,53.6,S
2021-07-27T10:36:36,2400.0,53.6,S
2021-07-27T10:36:06,200.0,53.7,B
2021-07-27T10:35:14,5500.0,53.7,S
2021-07-27T10:34:38,100.0,53.7,S
2021-07-27T10:34:11,100.0,53.7,S
2021-07-27T10:33:37,400.0,53.7,B
2021-07-27T10:33:36,1600.0,53.7,B
2021-07-27T10:32:30,100.0,53.7,B
2021-07-27T10:32:17,2800.0,53.8,B
2021-07-27T10:32:17,5000.0,53.8,B
2021-07-27T10:32:17,7000.0,53.8,B
2021-07-27T10:32:17,1200.0,53.7,B
2021-07-27T10:32:17,1100.0,53.7,B
2021-07-27T10:32:07,100.0,53.6,S
2021-07-27T10:30:51,2000.0,53.7,B
2021-07-27T10:30:44,300.0,53.7,B
2021-07-27T10:30:36,300.0,53.7,B
2021-07-27T10:29:55,2000.0,53.7,B
2021-07-27T10:29:42,2000.0,53.7,B
2021-07-27T10:29:40,100.0,53.7,B
2021-07-27T10:28:58,2000.0,53.7,S
2021-07-27T10:28:48,3000.0,53.7,S
2021-07-27T10:27:59,300.0,53.7,S
2021-07-27T10:27:50,100.0,53.7,S
2021-07-27T10:27:21,2800.0,53.7,S
2021-07-27T10:27:07,2000.0,53.7,B
2021-07-27T10:26:40,1000.0,53.7,S
2021-07-27T10:26:30,300.0,53.6,S
2021-07-27T10:26:30,8600.0,53.6,S
2021-07-27T10:26:30,1100.0,53.7,S
2021-07-27T10:26:22,100.0,53.7,S
2021-07-27T10:26:00,500.0,53.7,S
2021-07-27T10:25:57,1500.0,53.7,S
2021-07-27T10:25:35,1000.0,53.7,B
2021-07-27T10:24:53,100.0,53.7,B
2021-07-27T10:24:11,10000.0,53.7,B
2021-07-27T10:24:10,300.0,53.6,S
2021-07-27T10:24:06,300.0,53.7,B
2021-07-27T10:24:05,1000.0,53.7,B
2021-07-27T10:23:31,2000.0,53.7,B
2021-07-27T10:22:38,3100.0,53.7,S
2021-07-27T10:22:25,1000.0,53.7,S
2021-07-27T10:21:59,100.0,53.7,B
2021-07-27T10:21:10,400.0,53.7,S
2021-07-27T10:21:07,4600.0,53.7,S
2021-07-27T10:21:07,300.0,53.7,S
2021-07-27T10:21:07,100.0,53.7,S
2021-07-27T10:20:17,900.0,53.7,S
2021-07-27T10:20:13,4400.0,53.7,B
2021-07-27T10:20:13,600.0,53.7,B
2021-07-27T10:20:02,1000.0,53.7,B
2021-07-27T10:19:53,500.0,53.7,B
2021-07-27T10:19:44,1000.0,53.7,B
2021-07-27T10:19:39,100.0,53.7,B
2021-07-27T10:19:37,1000.0,53.7,B
2021-07-27T10:19:23,1000.0,53.7,B
2021-07-27T10:19:10,200.0,53.7,B
2021-07-27T10:18:57,200.0,53.6,S
2021-07-27T10:18:43,1000.0,53.6,B
2021-07-27T10:18:43,1100.0,53.6,B
2021-07-27T10:18:33,400.0,53.6,B
2021-07-27T10:18:13,2000.0,53.6,B
2021-07-27T10:18:10,4000.0,53.6,B
2021-07-27T10:17:59,1600.0,53.6,B
2021-07-27T10:16:14,20000.0,53.6,B
2021-07-27T10:16:00,100.0,53.5,B
2021-07-27T10:15:44,100.0,53.5,B
2021-07-27T10:15:30,1000.0,53.5,B
2021-07-27T10:14:30,400.0,53.5,S
2021-07-27T10:14:02,1600.0,53.5,B
2021-07-27T10:13:23,200.0,53.5,B
2021-07-27T10:13:04,500.0,53.5,B
2021-07-27T10:12:58,100.0,53.4,S
2021-07-27T10:10:45,100.0,53.3,S
2021-07-27T10:10:14,4500.0,53.3,S
2021-07-27T10:10:14,100.0,53.3,B
2021-07-27T10:10:10,100.0,53.3,B
2021-07-27T10:10:04,1000.0,53.3,B
2021-07-27T10:10:00,2000.0,53.3,B
2021-07-27T10:09:43,1300.0,53.3,S
2021-07-27T10:09:43,2700.0,53.3,S
2021-07-27T10:09:43,1400.0,53.3,S
2021-07-27T10:09:43,9400.0,53.3,S
2021-07-27T10:08:58,1300.0,53.6,B
2021-07-27T10:08:58,500.0,53.6,B
2021-07-27T10:08:58,18800.0,53.6,B
2021-07-27T10:07:47,500.0,53.3,S
2021-07-27T10:07:39,100.0,53.4,B
2021-07-27T10:06:34,1200.0,53.4,S
2021-07-27T10:05:34,1000.0,53.4,S
2021-07-27T10:04:59,100.0,53.4,S
2021-07-27T10:04:50,800.0,53.5,B
2021-07-27T10:04:41,100.0,53.5,B
2021-07-27T10:03:41,2000.0,53.4,S
2021-07-27T10:03:22,6300.0,53.5,S
2021-07-27T10:02:30,1500.0,53.6,B
2021-07-27T10:02:21,5000.0,53.6,B
2021-07-27T10:02:13,1500.0,53.6,B
2021-07-27T10:02:03,1500.0,53.5,S
2021-07-27T10:01:33,300.0,53.5,B
2021-07-27T10:01:33,1200.0,53.5,B
2021-07-27T10:01:33,2500.0,53.5,B
2021-07-27T10:01:33,6300.0,53.5,B
2021-07-27T10:01:24,2400.0,53.5,B
2021-07-27T10:01:00,400.0,53.5,B
2021-07-27T10:00:55,300.0,53.5,B
2021-07-27T10:00:44,200.0,53.5,B
2021-07-27T10:00:15,100.0,53.5,B
2021-07-27T10:00:02,100.0,53.5,B
2021-07-27T09:59:30,3000.0,53.3,S
2021-07-27T09:58:43,2100.0,53.3,B
2021-07-27T09:58:41,5000.0,53.3,B
2021-07-27T09:58:14,300.0,53.3,B
2021-07-27T09:57:45,100.0,53.3,B
2021-07-27T09:57:34,9900.0,53.2,S
2021-07-27T09:57:26,1000.0,53.3,B
2021-07-27T09:56:40,100.0,53.3,B
2021-07-27T09:56:32,500.0,53.3,B
2021-07-27T09:56:30,400.0,53.3,S
2021-07-27T09:56:30,900.0,53.3,S
2021-07-27T09:56:30,11000.0,53.3,S
2021-07-27T09:56:26,1000.0,53.4,S
2021-07-27T09:56:20,2000.0,53.4,S
2021-07-27T09:55:54,100.0,53.5,B
2021-07-27T09:55:38,1000.0,53.5,B
2021-07-27T09:54:11,4000.0,53.5,B
2021-07-27T09:51:29,1000.0,53.5,B
2021-07-27T09:50:36,1800.0,53.3,B
2021-07-27T09:49:47,9200.0,53.3,S
2021-07-27T09:49:32,100.0,53.4,B
2021-07-27T09:49:20,100.0,53.3,S
2021-07-27T09:49:05,1000.0,53.3,S
2021-07-27T09:48:57,1000.0,53.3,S
2021-07-27T09:48:51,700.0,53.3,S
2021-07-27T09:48:33,1000.0,53.3,S
2021-07-27T09:47:42,700.0,53.4,S
2021-07-27T09:47:42,300.0,53.5,B
2021-07-27T09:47:31,200.0,53.4,S
2021-07-27T09:47:23,200.0,53.4,S
2021-07-27T09:47:03,100.0,53.4,S
2021-07-27T09:46:49,100.0,53.4,S
2021-07-27T09:46:37,1300.0,53.5,B
2021-07-27T09:46:37,5500.0,53.5,S
2021-07-27T09:46:15,6800.0,53.5,S
2021-07-27T09:46:15,500.0,53.5,S
2021-07-27T09:46:15,1600.0,53.5,S
2021-07-27T09:46:15,2100.0,53.5,S
2021-07-27T09:46:15,300.0,53.5,S
2021-07-27T09:45:00,200.0,53.6,S
2021-07-27T09:44:40,2300.0,53.6,S
2021-07-27T09:44:14,5000.0,53.6,S
2021-07-27T09:42:57,1000.0,53.6,S
2021-07-27T09:42:08,100.0,53.6,S
2021-07-27T09:41:52,100.0,53.6,B
2021-07-27T09:41:37,100.0,53.6,S
2021-07-27T09:41:32,1000.0,53.6,S
2021-07-27T09:41:19,100.0,53.6,B
2021-07-27T09:41:14,100.0,53.6,S
2021-07-27T09:41:06,1000.0,53.6,S
2021-07-27T09:41:00,5900.0,53.6,B
2021-07-27T09:40:43,500.0,53.6,B
2021-07-27T09:40:31,1900.0,53.6,B
2021-07-27T09:40:24,200.0,53.6,B
2021-07-27T09:39:57,100.0,53.6,B
2021-07-27T09:39:24,1000.0,53.6,B
2021-07-27T09:39:15,100.0,53.6,B
2021-07-27T09:39:06,200.0,53.6,B
2021-07-27T09:38:10,300.0,53.6,B
2021-07-27T09:37:25,1000.0,53.6,B
2021-07-27T09:36:14,100.0,53.6,B
2021-07-27T09:35:58,2700.0,53.5,S
2021-07-27T09:35:28,1000.0,53.6,B
2021-07-27T09:35:20,100.0,53.6,B
2021-07-27T09:35:11,4000.0,53.7,B
2021-07-27T09:34:56,800.0,53.6,S
2021-07-27T09:34:56,8800.0,53.6,S
2021-07-27T09:34:47,2000.0,53.7,B
2021-07-27T09:34:46,200.0,53.7,B
2021-07-27T09:34:05,200.0,53.7,B
2021-07-27T09:32:51,100.0,53.7,B
2021-07-27T09:32:32,100.0,53.7,B
2021-07-27T09:32:20,5000.0,53.6,S
2021-07-27T09:32:15,100.0,53.7,B
2021-07-27T09:32:13,100.0,53.6,S
2021-07-27T09:32:11,200.0,53.7,B
2021-07-27T09:32:04,100.0,53.7,B
2021-07-27T09:31:52,2100.0,53.7,S
2021-07-27T09:31:08,100.0,53.7,S
2021-07-27T09:30:56,1000.0,53.7,B
2021-07-27T09:29:06,100.0,53.7,B
2021-07-27T09:28:53,100.0,53.7,B
2021-07-27T09:28:31,4900.0,53.7,S
2021-07-27T09:28:20,500.0,53.9,B
2021-07-27T09:28:15,100.0,53.8,S
2021-07-27T09:28:10,2100.0,53.8,S
2021-07-27T09:28:06,1000.0,53.8,B
2021-07-27T09:27:45,2000.0,53.8,B
2021-07-27T09:27:20,100.0,53.7,B
2021-07-27T09:27:11,200.0,53.6,S
2021-07-27T09:27:02,100.0,53.6,S
2021-07-27T09:26:55,300.0,53.7,B
2021-07-27T09:26:47,200.0,53.7,B
2021-07-27T09:26:30,900.0,53.7,B
2021-07-27T09:26:19,400.0,53.7,B
2021-07-27T09:26:14,300.0,53.7,B
2021-07-27T09:25:19,500.0,53.7,B
2021-07-27T09:25:02,1000.0,53.7,B
2021-07-27T09:24:49,200.0,53.7,B
2021-07-27T09:23:11,2000.0,53.5,S
2021-07-27T09:22:40,500.0,53.5,S
2021-07-27T09:22:11,100.0,53.5,S
2021-07-27T09:22:11,2400.0,53.5,S
2021-07-27T09:22:11,500.0,53.6,S
2021-07-27T09:22:11,500.0,53.7,S
2021-07-27T09:22:11,1500.0,53.7,S
2021-07-27T09:22:10,1600.0,53.8,B
2021-07-27T09:22:07,1000.0,53.7,S
2021-07-27T09:22:02,500.0,53.7,S
2021-07-27T09:22:00,400.0,53.8,S
2021-07-27T09:21:55,1000.0,53.9,B
2021-07-27T09:21:54,600.0,53.8,B
2021-07-27T09:21:48,500.0,53.7,S
2021-07-27T09:21:44,1000.0,53.8,B
2021-07-27T09:21:42,1000.0,53.7,S
2021-07-27T09:21:37,100.0,53.8,B
2021-07-27T09:21:27,600.0,53.8,B
2021-07-27T09:21:15,200.0,53.7,S
2021-07-27T09:21:14,100.0,53.7,S
2021-07-27T09:20:48,100.0,53.7,S
2021-07-27T09:20:25,300.0,53.7,S
2021-07-27T09:20:12,200.0,53.8,B
2021-07-27T09:19:43,100.0,53.7,B
2021-07-27T09:19:27,100.0,53.7,B
2021-07-27T09:18:44,600.0,53.6,B
2021-07-27T09:18:44,600.0,53.6,B
2021-07-27T09:18:37,1000.0,53.5,S
2021-07-27T09:18:22,500.0,53.6,B
2021-07-27T09:17:47,2000.0,53.6,B
2021-07-27T09:17:44,100.0,53.5,B
2021-07-27T09:17:41,1600.0,53.5,B
2021-07-27T09:17:41,1200.0,53.5,S
2021-07-27T09:17:31,10000.0,53.5,S
2021-07-27T09:17:24,19700.0,53.5,S
2021-07-27T09:17:24,800.0,53.5,S
2021-07-27T09:17:24,100.0,53.5,S
2021-07-27T09:17:23,200.0,53.6,B
2021-07-27T09:17:23,500.0,53.6,S
2021-07-27T09:17:09,1400.0,53.5,S
2021-07-27T09:17:08,500.0,53.7,B
2021-07-27T09:17:04,700.0,53.6,B
2021-07-27T09:17:04,9000.0,53.6,B
2021-07-27T09:16:52,300.0,53.6,B
2021-07-27T09:16:49,500.0,53.6,B
2021-07-27T09:16:45,400.0,53.6,B
2021-07-27T09:16:36,1900.0,53.6,S
2021-07-27T09:16:34,1000.0,53.6,S
2021-07-27T09:16:29,500.0,53.6,S
2021-07-27T09:16:28,200.0,53.6,S
2021-07-27T09:16:17,100.0,53.7,B
2021-07-27T09:16:12,3000.0,53.7,S
2021-07-27T09:15:50,1400.0,53.8,S
2021-07-27T09:15:27,500.0,53.8,S
2021-07-27T09:15:07,100.0,53.9,B
2021-07-27T09:15:06,100.0,53.8,S
