tradingTime,volume,price,side
2021-07-27T14:27:53,1000.0,11.5,B
2021-07-27T14:24:05,500.0,11.45,S
2021-07-27T14:22:41,100.0,11.45,S
2021-07-27T14:19:50,500.0,11.45,B
2021-07-27T14:18:28,300.0,11.45,B
2021-07-27T14:18:03,1000.0,11.45,B
2021-07-27T14:17:08,2100.0,11.4,B
2021-07-27T14:14:20,3000.0,11.4,B
2021-07-27T14:13:59,900.0,11.35,B
2021-07-27T14:13:47,3000.0,11.35,B
2021-07-27T14:13:17,1000.0,11.3,S
2021-07-27T14:10:57,100.0,11.3,S
2021-07-27T14:10:32,1200.0,11.3,B
2021-07-27T14:10:18,3000.0,11.3,B
2021-07-27T14:10:10,2200.0,11.25,B
2021-07-27T14:10:09,2800.0,11.25,S
2021-07-27T14:09:11,3000.0,11.25,S
2021-07-27T14:08:21,3000.0,11.3,B
2021-07-27T14:07:51,100.0,11.25,S
2021-07-27T14:07:38,1000.0,11.25,S
2021-07-27T14:07:10,1000.0,11.25,S
2021-07-27T14:06:36,2800.0,11.3,S
2021-07-27T14:03:10,100.0,11.35,B
2021-07-27T14:00:54,300.0,11.35,B
2021-07-27T14:00:38,700.0,11.35,B
2021-07-27T14:00:23,2000.0,11.35,B
2021-07-27T13:59:23,2300.0,11.35,S
2021-07-27T13:57:25,1700.0,11.35,B
2021-07-27T13:53:45,2000.0,11.35,B
2021-07-27T13:53:14,4000.0,11.35,B
2021-07-27T13:49:59,2300.0,11.35,S
2021-07-27T13:49:42,700.0,11.35,B
2021-07-27T13:46:49,4000.0,11.35,B
2021-07-27T13:46:39,3000.0,11.35,B
2021-07-27T13:46:12,3000.0,11.35,B
2021-07-27T13:45:17,3000.0,11.35,B
2021-07-27T13:44:27,3000.0,11.35,B
2021-07-27T13:44:17,3000.0,11.35,B
2021-07-27T13:43:58,300.0,11.35,S
2021-07-27T13:41:34,2700.0,11.35,S
2021-07-27T13:39:48,1300.0,11.35,B
2021-07-27T13:39:48,1700.0,11.35,B
2021-07-27T13:39:39,3000.0,11.35,B
2021-07-27T13:36:57,300.0,11.35,S
2021-07-27T13:36:03,3700.0,11.35,B
2021-07-27T13:35:47,3000.0,11.35,B
2021-07-27T13:33:45,3000.0,11.35,B
2021-07-27T13:33:36,3000.0,11.35,B
2021-07-27T13:31:34,2200.0,11.35,S
2021-07-27T13:30:41,2800.0,11.35,S
2021-07-27T13:29:56,3000.0,11.35,B
2021-07-27T13:27:21,2000.0,11.35,B
2021-07-27T13:27:02,2200.0,11.35,S
2021-07-27T13:23:54,800.0,11.35,B
2021-07-27T13:23:45,3000.0,11.35,B
2021-07-27T13:19:57,1200.0,11.3,S
2021-07-27T13:19:52,2000.0,11.3,B
2021-07-27T13:19:45,3000.0,11.3,B
2021-07-27T13:19:10,2100.0,11.25,B
2021-07-27T13:12:21,1900.0,11.2,B
2021-07-27T13:12:15,3000.0,11.2,B
2021-07-27T13:10:54,4000.0,11.2,B
2021-07-27T13:10:47,3000.0,11.2,B
2021-07-27T13:10:42,600.0,11.15,S
2021-07-27T13:10:33,100.0,11.15,S
2021-07-27T13:10:00,3000.0,11.2,S
2021-07-27T13:06:48,3000.0,11.25,B
2021-07-27T13:05:03,2000.0,11.2,S
2021-07-27T13:03:15,200.0,11.2,S
2021-07-27T13:02:45,3000.0,11.2,S
2021-07-27T13:00:06,1100.0,11.2,S
2021-07-27T11:28:55,1600.0,11.25,S
2021-07-27T11:20:51,800.0,11.3,S
2021-07-27T11:20:51,700.0,11.3,S
2021-07-27T11:16:40,2000.0,11.3,S
2021-07-27T11:14:15,400.0,11.3,B
2021-07-27T11:11:39,2800.0,11.3,S
2021-07-27T11:10:43,1200.0,11.35,B
2021-07-27T11:00:19,800.0,11.35,B
2021-07-27T10:58:46,3700.0,11.35,B
2021-07-27T10:58:31,300.0,11.35,S
2021-07-27T10:57:07,1000.0,11.35,B
2021-07-27T10:52:39,500.0,11.3,S
2021-07-27T10:52:11,500.0,11.3,S
2021-07-27T10:47:50,300.0,11.3,B
2021-07-27T10:45:27,400.0,11.3,B
2021-07-27T10:44:42,3000.0,11.3,B
2021-07-27T10:41:19,1300.0,11.3,S
2021-07-27T10:39:48,3100.0,11.3,S
2021-07-27T10:39:16,1900.0,11.35,S
2021-07-27T10:36:51,1100.0,11.35,B
2021-07-27T10:36:24,100.0,11.35,B
2021-07-27T10:33:06,2000.0,11.35,B
2021-07-27T10:32:22,1800.0,11.35,S
2021-07-27T10:32:01,3000.0,11.35,S
2021-07-27T10:31:54,200.0,11.35,B
2021-07-27T10:29:45,100.0,11.35,B
2021-07-27T10:29:34,100.0,11.4,B
2021-07-27T10:26:08,100.0,11.35,S
2021-07-27T10:25:42,200.0,11.35,S
2021-07-27T10:20:06,2800.0,11.35,B
2021-07-27T10:14:48,700.0,11.3,B
2021-07-27T10:14:38,2000.0,11.3,B
2021-07-27T10:12:52,300.0,11.3,B
2021-07-27T10:12:01,1000.0,11.3,B
2021-07-27T10:11:51,2000.0,11.25,B
2021-07-27T10:11:42,3000.0,11.25,B
2021-07-27T10:11:21,1000.0,11.2,S
2021-07-27T10:11:05,2000.0,11.25,S
2021-07-27T10:10:56,3000.0,11.25,S
2021-07-27T10:09:08,1000.0,11.3,B
2021-07-27T10:08:54,1000.0,11.3,S
2021-07-27T10:08:40,2200.0,11.35,S
2021-07-27T10:01:47,300.0,11.4,B
2021-07-27T10:00:15,3000.0,11.4,B
2021-07-27T09:57:16,2600.0,11.4,S
2021-07-27T09:54:13,2600.0,11.4,S
2021-07-27T09:53:39,2000.0,11.4,B
2021-07-27T09:53:33,3000.0,11.4,B
2021-07-27T09:47:43,300.0,11.4,B
2021-07-27T09:47:37,2100.0,11.4,B
2021-07-27T09:43:37,900.0,11.4,B
2021-07-27T09:43:30,2000.0,11.4,B
2021-07-27T09:41:28,1000.0,11.4,B
2021-07-27T09:41:21,2800.0,11.35,B
2021-07-27T09:41:12,500.0,11.3,S
2021-07-27T09:41:09,4000.0,11.3,S
2021-07-27T09:40:54,2200.0,11.35,B
2021-07-27T09:40:32,5000.0,11.35,S
2021-07-27T09:40:14,100.0,11.4,S
2021-07-27T09:40:02,3000.0,11.4,S
2021-07-27T09:39:24,2400.0,11.4,S
2021-07-27T09:37:22,100.0,11.45,B
2021-07-27T09:37:20,2600.0,11.4,B
2021-07-27T09:37:18,100.0,11.4,B
2021-07-27T09:37:07,2300.0,11.4,S
2021-07-27T09:36:58,100.0,11.45,B
2021-07-27T09:36:51,5000.0,11.4,S
2021-07-27T09:36:15,500.0,11.45,B
2021-07-27T09:35:00,2200.0,11.4,S
2021-07-27T09:30:26,2500.0,11.45,S
2021-07-27T09:29:50,3000.0,11.45,S
2021-07-27T09:29:17,2200.0,11.45,B
2021-07-27T09:28:27,2800.0,11.45,S
2021-07-27T09:27:32,200.0,11.45,S
2021-07-27T09:26:59,5000.0,11.45,S
2021-07-27T09:26:15,4000.0,11.5,S
2021-07-27T09:25:05,500.0,11.55,B
2021-07-27T09:24:54,3000.0,11.55,S
2021-07-27T09:20:48,2000.0,11.55,S
2021-07-27T09:20:27,4000.0,11.6,S
2021-07-27T09:17:58,1000.0,11.65,S
2021-07-27T09:17:44,2000.0,11.65,S
2021-07-27T09:17:44,1000.0,11.65,S
