tradingTime,volume,price,side
2021-07-27T14:29:50,300.0,36.2,B
2021-07-27T14:29:44,500.0,36.2,B
2021-07-27T14:29:35,500.0,36.2,B
2021-07-27T14:29:35,1500.0,36.2,B
2021-07-27T14:29:21,1000.0,36.2,B
2021-07-27T14:29:19,200.0,36.2,B
2021-07-27T14:29:16,1000.0,36.2,B
2021-07-27T14:29:16,100.0,36.2,B
2021-07-27T14:29:14,1000.0,36.15,S
2021-07-27T14:29:09,1000.0,36.15,S
2021-07-27T14:29:04,300.0,36.2,B
2021-07-27T14:29:04,100.0,36.2,B
2021-07-27T14:28:57,2000.0,36.2,B
2021-07-27T14:28:44,2000.0,36.2,B
2021-07-27T14:28:30,100.0,36.2,B
2021-07-27T14:28:20,100.0,36.2,B
2021-07-27T14:28:11,2000.0,36.2,B
2021-07-27T14:28:10,500.0,36.2,B
2021-07-27T14:28:08,200.0,36.15,S
2021-07-27T14:27:55,100.0,36.2,B
2021-07-27T14:27:43,2600.0,36.2,S
2021-07-27T14:27:38,500.0,36.25,B
2021-07-27T14:27:38,1000.0,36.25,B
2021-07-27T14:27:29,1600.0,36.2,S
2021-07-27T14:27:29,400.0,36.2,S
2021-07-27T14:27:13,600.0,36.2,S
2021-07-27T14:27:13,200.0,36.2,S
2021-07-27T14:27:13,4500.0,36.2,S
2021-07-27T14:27:13,1000.0,36.2,S
2021-07-27T14:27:13,200.0,36.2,S
2021-07-27T14:27:11,1000.0,36.25,B
2021-07-27T14:27:10,1000.0,36.3,B
2021-07-27T14:27:01,3200.0,36.25,S
2021-07-27T14:26:50,1900.0,36.3,B
2021-07-27T14:26:48,500.0,36.25,S
2021-07-27T14:26:35,1300.0,36.3,B
2021-07-27T14:26:07,1000.0,36.2,S
2021-07-27T14:25:38,600.0,36.3,B
2021-07-27T14:25:38,300.0,36.3,B
2021-07-27T14:25:33,100.0,36.3,B
2021-07-27T14:25:20,200.0,36.3,B
2021-07-27T14:24:59,2000.0,36.3,B
2021-07-27T14:24:57,300.0,36.25,B
2021-07-27T14:24:54,7000.0,36.2,S
2021-07-27T14:24:50,100.0,36.25,B
2021-07-27T14:24:31,500.0,36.25,B
2021-07-27T14:24:15,3000.0,36.2,S
2021-07-27T14:24:08,100.0,36.2,B
2021-07-27T14:24:05,100.0,36.2,B
2021-07-27T14:24:03,900.0,36.2,B
2021-07-27T14:23:56,300.0,36.2,B
2021-07-27T14:23:52,300.0,36.2,B
2021-07-27T14:23:34,100.0,36.2,B
2021-07-27T14:23:28,3500.0,36.15,S
2021-07-27T14:23:14,300.0,36.2,B
2021-07-27T14:23:07,900.0,36.2,S
2021-07-27T14:22:52,500.0,36.25,B
2021-07-27T14:22:52,500.0,36.25,B
2021-07-27T14:22:45,400.0,36.2,S
2021-07-27T14:22:45,2600.0,36.2,S
2021-07-27T14:22:35,1000.0,36.3,S
2021-07-27T14:22:35,3000.0,36.3,S
2021-07-27T14:22:27,5100.0,36.3,S
2021-07-27T14:22:25,1300.0,36.3,S
2021-07-27T14:22:20,100.0,36.3,S
2021-07-27T14:22:15,200.0,36.4,B
2021-07-27T14:22:15,1700.0,36.4,B
2021-07-27T14:22:11,200.0,36.3,S
2021-07-27T14:22:10,100.0,36.35,B
2021-07-27T14:22:05,1000.0,36.3,S
2021-07-27T14:21:48,4600.0,36.4,B
2021-07-27T14:21:35,700.0,36.4,B
2021-07-27T14:21:32,2000.0,36.4,B
2021-07-27T14:21:32,400.0,36.35,S
2021-07-27T14:21:32,1000.0,36.35,S
2021-07-27T14:21:32,1000.0,36.35,S
2021-07-27T14:21:12,500.0,36.35,S
2021-07-27T14:21:07,2000.0,36.4,S
2021-07-27T14:20:56,3000.0,36.4,S
2021-07-27T14:20:55,2000.0,36.4,S
2021-07-27T14:20:15,2000.0,36.4,S
2021-07-27T14:20:15,200.0,36.5,B
2021-07-27T14:20:05,300.0,36.5,S
2021-07-27T14:19:56,1800.0,36.45,S
2021-07-27T14:19:56,200.0,36.5,S
2021-07-27T14:19:50,2000.0,36.45,S
2021-07-27T14:19:50,600.0,36.5,B
2021-07-27T14:19:50,400.0,36.5,S
2021-07-27T14:19:49,700.0,36.6,B
2021-07-27T14:19:49,300.0,36.6,B
2021-07-27T14:19:45,600.0,36.5,S
2021-07-27T14:19:45,400.0,36.5,S
2021-07-27T14:19:41,100.0,36.5,S
2021-07-27T14:19:38,800.0,36.5,S
2021-07-27T14:19:30,500.0,36.5,S
2021-07-27T14:19:21,300.0,36.5,S
2021-07-27T14:19:11,1500.0,36.5,B
2021-07-27T14:19:11,200.0,36.5,B
2021-07-27T14:19:11,3800.0,36.5,B
2021-07-27T14:19:11,200.0,36.5,B
2021-07-27T14:19:10,1900.0,36.5,B
2021-07-27T14:19:10,2500.0,36.5,B
2021-07-27T14:19:10,200.0,36.5,B
2021-07-27T14:19:06,5500.0,36.5,B
2021-07-27T14:19:06,1500.0,36.5,B
2021-07-27T14:19:06,23000.0,36.5,B
2021-07-27T14:18:51,100.0,36.5,B
2021-07-27T14:18:49,2000.0,36.45,S
2021-07-27T14:18:19,2000.0,36.45,S
2021-07-27T14:18:10,26900.0,36.5,B
2021-07-27T14:18:08,3200.0,36.45,B
2021-07-27T14:18:04,2000.0,36.45,B
2021-07-27T14:17:59,1000.0,36.4,S
2021-07-27T14:17:57,9600.0,36.45,B
2021-07-27T14:17:57,3300.0,36.45,B
2021-07-27T14:17:57,100.0,36.45,B
2021-07-27T14:17:44,100.0,36.4,S
2021-07-27T14:17:36,6700.0,36.4,B
2021-07-27T14:17:14,1000.0,36.35,B
2021-07-27T14:17:13,1400.0,36.3,B
2021-07-27T14:17:06,1000.0,36.3,B
2021-07-27T14:17:05,700.0,36.25,B
2021-07-27T14:17:02,300.0,36.25,S
2021-07-27T14:16:40,1100.0,36.3,B
2021-07-27T14:16:40,3900.0,36.25,B
2021-07-27T14:16:37,2000.0,36.25,B
2021-07-27T14:16:35,4000.0,36.2,S
2021-07-27T14:16:18,700.0,36.3,B
2021-07-27T14:16:18,300.0,36.25,B
2021-07-27T14:16:18,200.0,36.2,B
2021-07-27T14:16:18,500.0,36.2,B
2021-07-27T14:16:18,1300.0,36.2,B
2021-07-27T14:16:13,200.0,36.15,S
2021-07-27T14:16:06,400.0,36.15,B
2021-07-27T14:16:05,100.0,36.15,B
2021-07-27T14:16:02,2000.0,36.15,B
2021-07-27T14:15:57,100.0,36.15,B
2021-07-27T14:15:51,2700.0,36.15,B
2021-07-27T14:15:43,900.0,36.1,B
2021-07-27T14:15:36,100.0,36.1,B
2021-07-27T14:15:34,400.0,36.1,B
2021-07-27T14:15:34,600.0,36.1,B
2021-07-27T14:15:32,1000.0,36.0,S
2021-07-27T14:15:23,100.0,36.1,B
2021-07-27T14:15:18,100.0,36.1,B
2021-07-27T14:15:11,200.0,36.1,B
2021-07-27T14:15:01,100.0,36.0,S
2021-07-27T14:14:55,1700.0,36.0,B
2021-07-27T14:14:53,2000.0,36.0,B
2021-07-27T14:14:31,1000.0,35.9,S
2021-07-27T14:14:16,2000.0,35.9,S
2021-07-27T14:13:55,1000.0,35.9,S
2021-07-27T14:13:50,800.0,35.9,S
2021-07-27T14:13:50,200.0,35.95,S
2021-07-27T14:13:50,700.0,35.95,S
2021-07-27T14:13:17,300.0,35.9,S
2021-07-27T14:13:14,500.0,35.9,S
2021-07-27T14:13:04,700.0,36.0,B
2021-07-27T14:12:58,100.0,35.95,S
2021-07-27T14:12:30,1500.0,35.95,S
2021-07-27T14:12:26,100.0,36.0,B
2021-07-27T14:12:14,1300.0,36.1,B
2021-07-27T14:12:14,600.0,36.1,B
2021-07-27T14:11:48,1500.0,35.8,S
2021-07-27T14:11:38,1200.0,35.8,S
2021-07-27T14:11:38,2300.0,35.8,S
2021-07-27T14:11:38,1300.0,35.8,S
2021-07-27T14:11:38,2400.0,35.8,S
2021-07-27T14:11:38,2700.0,35.8,S
2021-07-27T14:11:38,100.0,35.9,S
2021-07-27T14:11:32,400.0,35.9,S
2021-07-27T14:11:29,4100.0,35.8,S
2021-07-27T14:11:27,100.0,35.9,B
2021-07-27T14:11:23,400.0,35.9,S
2021-07-27T14:11:18,600.0,35.9,B
2021-07-27T14:11:17,200.0,35.8,S
2021-07-27T14:11:17,1500.0,35.8,S
2021-07-27T14:11:17,1500.0,35.8,S
2021-07-27T14:11:17,4800.0,35.8,S
2021-07-27T14:11:17,2200.0,35.85,S
2021-07-27T14:11:17,1000.0,35.85,S
2021-07-27T14:11:17,4800.0,35.85,S
2021-07-27T14:11:10,1400.0,35.9,B
2021-07-27T14:11:05,500.0,35.9,S
2021-07-27T14:11:03,1600.0,36.0,S
2021-07-27T14:11:01,18400.0,36.0,B
2021-07-27T14:10:59,200.0,35.9,S
2021-07-27T14:10:54,500.0,35.9,S
2021-07-27T14:10:54,500.0,35.9,B
2021-07-27T14:10:36,300.0,35.9,B
2021-07-27T14:10:36,200.0,35.9,S
2021-07-27T14:10:32,100.0,35.9,B
2021-07-27T14:10:32,100.0,35.9,S
2021-07-27T14:10:26,900.0,35.9,B
2021-07-27T14:10:25,1000.0,35.9,B
2021-07-27T14:10:25,3100.0,35.9,S
2021-07-27T14:10:13,400.0,35.9,S
2021-07-27T14:10:13,600.0,35.9,S
2021-07-27T14:10:10,4000.0,35.9,S
2021-07-27T14:10:09,500.0,35.9,S
2021-07-27T14:10:08,1000.0,35.9,S
2021-07-27T14:10:06,100.0,35.9,S
2021-07-27T14:09:58,200.0,35.9,S
2021-07-27T14:09:56,500.0,35.9,S
2021-07-27T14:09:54,100.0,35.9,S
2021-07-27T14:09:44,1900.0,35.9,S
2021-07-27T14:09:42,1000.0,35.95,S
2021-07-27T14:09:37,3000.0,35.95,S
2021-07-27T14:09:33,500.0,36.0,B
2021-07-27T14:09:32,100.0,35.95,S
2021-07-27T14:09:31,100.0,36.0,B
2021-07-27T14:09:28,700.0,35.95,S
2021-07-27T14:09:28,300.0,35.95,S
2021-07-27T14:09:23,300.0,36.0,B
2021-07-27T14:09:08,100.0,36.0,B
2021-07-27T14:09:06,1000.0,36.0,B
2021-07-27T14:09:01,100.0,36.0,B
2021-07-27T14:09:01,1000.0,36.0,B
2021-07-27T14:09:01,2000.0,36.0,S
2021-07-27T14:09:01,100.0,36.0,S
2021-07-27T14:09:01,500.0,36.0,S
2021-07-27T14:09:01,8700.0,36.0,S
2021-07-27T14:09:01,10800.0,36.0,S
2021-07-27T14:09:01,600.0,36.0,S
2021-07-27T14:09:01,3000.0,36.0,S
2021-07-27T14:09:01,6100.0,36.0,S
2021-07-27T14:09:01,100.0,36.0,S
2021-07-27T14:09:01,1100.0,36.0,S
2021-07-27T14:09:01,500.0,36.0,S
2021-07-27T14:09:01,45400.0,36.0,S
2021-07-27T14:08:38,1000.0,36.05,S
2021-07-27T14:08:34,1000.0,36.1,B
2021-07-27T14:08:33,1000.0,36.05,S
2021-07-27T14:08:28,300.0,36.1,B
2021-07-27T14:08:28,1000.0,36.1,S
2021-07-27T14:08:28,200.0,36.1,S
2021-07-27T14:08:28,2900.0,36.1,S
2021-07-27T14:08:28,200.0,36.1,S
2021-07-27T14:08:28,5200.0,36.1,S
2021-07-27T14:08:24,200.0,36.1,S
2021-07-27T14:07:54,1000.0,36.15,B
2021-07-27T14:07:43,200.0,36.15,B
2021-07-27T14:07:42,100.0,36.1,S
2021-07-27T14:07:32,4000.0,36.15,B
2021-07-27T14:07:22,900.0,36.15,S
2021-07-27T14:07:16,700.0,36.15,S
2021-07-27T14:07:16,1300.0,36.15,S
2021-07-27T14:07:02,3300.0,36.15,S
2021-07-27T14:07:02,1500.0,36.15,S
2021-07-27T14:07:02,200.0,36.15,S
2021-07-27T14:07:02,600.0,36.2,S
2021-07-27T14:07:02,4400.0,36.2,S
2021-07-27T14:07:00,200.0,36.2,S
2021-07-27T14:06:58,1000.0,36.2,S
2021-07-27T14:06:55,1000.0,36.2,S
2021-07-27T14:06:55,1200.0,36.2,S
2021-07-27T14:06:55,800.0,36.2,S
2021-07-27T14:06:50,100.0,36.2,S
2021-07-27T14:06:47,1100.0,36.2,S
2021-07-27T14:06:47,900.0,36.2,S
2021-07-27T14:06:44,2000.0,36.2,S
2021-07-27T14:06:41,100.0,36.2,S
2021-07-27T14:06:41,1900.0,36.2,S
2021-07-27T14:06:37,600.0,36.25,S
2021-07-27T14:06:22,500.0,36.25,S
2021-07-27T14:06:06,100.0,36.3,B
2021-07-27T14:06:04,800.0,36.3,S
2021-07-27T14:06:02,1900.0,36.3,S
2021-07-27T14:06:02,1300.0,36.3,S
2021-07-27T14:06:00,2700.0,36.3,S
2021-07-27T14:05:52,500.0,36.3,S
2021-07-27T14:05:51,500.0,36.3,S
2021-07-27T14:05:27,1000.0,36.35,B
2021-07-27T14:05:20,100.0,36.35,B
2021-07-27T14:04:28,600.0,36.35,B
2021-07-27T14:04:24,2000.0,36.4,B
2021-07-27T14:04:05,100.0,36.35,S
2021-07-27T14:04:04,100.0,36.4,B
2021-07-27T14:03:57,2000.0,36.35,S
2021-07-27T14:03:20,500.0,36.4,B
2021-07-27T14:02:13,1900.0,36.4,B
2021-07-27T14:01:42,3000.0,36.2,S
2021-07-27T14:00:57,1000.0,36.2,S
2021-07-27T14:00:36,100.0,36.35,S
2021-07-27T14:00:27,800.0,36.35,S
2021-07-27T14:00:27,200.0,36.35,S
2021-07-27T14:00:11,600.0,36.2,S
2021-07-27T14:00:11,1700.0,36.2,S
2021-07-27T14:00:11,10100.0,36.2,S
2021-07-27T14:00:11,1300.0,36.2,S
2021-07-27T14:00:11,5300.0,36.25,S
2021-07-27T14:00:11,1500.0,36.25,S
2021-07-27T14:00:11,400.0,36.3,S
2021-07-27T14:00:11,3000.0,36.3,S
2021-07-27T14:00:11,200.0,36.35,S
2021-07-27T14:00:11,5900.0,36.4,S
2021-07-27T14:00:00,1000.0,36.4,B
2021-07-27T14:00:00,400.0,36.4,B
2021-07-27T13:59:33,4600.0,36.4,S
2021-07-27T13:59:28,3000.0,36.45,B
2021-07-27T13:59:14,200.0,36.4,S
2021-07-27T13:59:02,2000.0,36.4,S
2021-07-27T13:58:53,1000.0,36.45,B
2021-07-27T13:58:30,100.0,36.4,S
2021-07-27T13:58:04,2000.0,36.4,S
2021-07-27T13:57:26,800.0,36.4,B
2021-07-27T13:57:26,1200.0,36.4,B
2021-07-27T13:57:10,300.0,36.4,B
2021-07-27T13:56:55,400.0,36.3,B
2021-07-27T13:56:43,500.0,36.3,B
2021-07-27T13:56:27,2000.0,36.3,B
2021-07-27T13:56:06,200.0,36.3,B
2021-07-27T13:55:53,400.0,36.3,B
2021-07-27T13:55:46,1000.0,36.3,B
2021-07-27T13:55:44,2000.0,36.3,B
2021-07-27T13:55:30,4300.0,36.3,B
2021-07-27T13:55:28,300.0,36.2,S
2021-07-27T13:55:10,200.0,36.3,B
2021-07-27T13:54:59,100.0,36.2,S
2021-07-27T13:54:48,1000.0,36.3,B
2021-07-27T13:54:41,2000.0,36.3,B
2021-07-27T13:54:34,500.0,36.3,B
2021-07-27T13:54:20,300.0,36.3,B
2021-07-27T13:54:20,100.0,36.2,S
2021-07-27T13:54:12,2000.0,36.3,B
2021-07-27T13:53:58,3700.0,36.3,S
2021-07-27T13:53:58,500.0,36.3,S
2021-07-27T13:53:58,5000.0,36.3,S
2021-07-27T13:53:54,2000.0,36.3,S
2021-07-27T13:53:47,1200.0,36.35,B
2021-07-27T13:53:32,5700.0,36.35,B
2021-07-27T13:53:32,200.0,36.35,S
2021-07-27T13:53:27,1000.0,36.35,S
2021-07-27T13:53:03,600.0,36.4,S
2021-07-27T13:52:44,500.0,36.4,S
2021-07-27T13:52:24,1200.0,36.4,B
2021-07-27T13:52:20,1400.0,36.35,S
2021-07-27T13:52:12,1100.0,36.4,B
2021-07-27T13:52:12,800.0,36.35,B
2021-07-27T13:52:12,100.0,36.35,B
2021-07-27T13:52:08,100.0,36.35,S
2021-07-27T13:51:31,300.0,36.4,S
2021-07-27T13:51:31,500.0,36.35,S
2021-07-27T13:51:17,25000.0,36.3,S
2021-07-27T13:51:17,400.0,36.35,S
2021-07-27T13:51:17,4600.0,36.35,S
2021-07-27T13:51:13,100.0,36.4,S
2021-07-27T13:51:08,200.0,36.4,S
2021-07-27T13:51:01,1500.0,36.4,S
2021-07-27T13:50:57,5000.0,36.4,S
2021-07-27T13:50:52,1900.0,36.4,S
2021-07-27T13:50:52,100.0,36.4,S
2021-07-27T13:50:40,500.0,36.45,B
2021-07-27T13:50:40,700.0,36.45,B
2021-07-27T13:50:40,2000.0,36.4,S
2021-07-27T13:50:32,300.0,36.45,S
2021-07-27T13:50:25,5000.0,36.45,S
2021-07-27T13:49:59,300.0,36.5,S
2021-07-27T13:49:52,500.0,36.6,B
2021-07-27T13:49:48,100.0,36.6,B
2021-07-27T13:49:07,1000.0,36.6,B
2021-07-27T13:49:04,300.0,36.55,S
2021-07-27T13:48:41,300.0,36.6,B
2021-07-27T13:48:17,500.0,36.55,S
2021-07-27T13:48:17,1500.0,36.55,S
2021-07-27T13:47:36,1200.0,36.6,B
2021-07-27T13:47:07,3300.0,36.55,S
2021-07-27T13:47:02,500.0,36.55,S
2021-07-27T13:46:34,400.0,36.6,S
2021-07-27T13:46:34,300.0,36.6,S
2021-07-27T13:46:34,4100.0,36.6,S
2021-07-27T13:46:32,1000.0,36.65,S
2021-07-27T13:46:30,2000.0,36.65,S
2021-07-27T13:45:58,100.0,36.75,B
2021-07-27T13:45:58,200.0,36.75,B
2021-07-27T13:45:56,100.0,36.75,B
2021-07-27T13:45:52,300.0,36.75,B
2021-07-27T13:45:45,2200.0,36.75,S
2021-07-27T13:45:39,800.0,36.75,S
2021-07-27T13:45:33,1000.0,36.75,B
2021-07-27T13:45:22,600.0,36.75,S
2021-07-27T13:45:03,1000.0,36.75,S
2021-07-27T13:45:01,200.0,36.75,S
2021-07-27T13:44:48,400.0,36.75,S
2021-07-27T13:44:33,100.0,36.75,B
2021-07-27T13:44:29,1200.0,36.8,B
2021-07-27T13:44:14,200.0,36.6,S
2021-07-27T13:44:10,200.0,36.8,B
2021-07-27T13:44:10,600.0,36.75,B
2021-07-27T13:44:10,200.0,36.7,B
2021-07-27T13:43:54,100.0,36.55,S
2021-07-27T13:43:52,100.0,36.55,B
2021-07-27T13:43:28,1700.0,36.5,S
2021-07-27T13:43:28,3000.0,36.5,B
2021-07-27T13:43:18,2000.0,36.5,B
2021-07-27T13:43:04,900.0,36.4,S
2021-07-27T13:43:04,100.0,36.5,S
2021-07-27T13:43:03,200.0,36.5,B
2021-07-27T13:42:50,300.0,36.4,B
2021-07-27T13:42:46,500.0,36.3,S
2021-07-27T13:42:40,100.0,36.4,B
2021-07-27T13:42:32,1300.0,36.3,B
2021-07-27T13:42:30,1000.0,36.3,B
2021-07-27T13:42:22,300.0,36.3,B
2021-07-27T13:42:20,100.0,36.3,B
2021-07-27T13:42:13,1900.0,36.3,B
2021-07-27T13:42:08,1000.0,36.3,B
2021-07-27T13:42:07,1000.0,36.2,S
2021-07-27T13:41:53,100.0,36.2,B
2021-07-27T13:41:37,300.0,36.2,S
2021-07-27T13:41:36,500.0,36.2,S
2021-07-27T13:41:30,5000.0,36.2,S
2021-07-27T13:41:27,200.0,36.25,B
2021-07-27T13:41:27,300.0,36.25,S
2021-07-27T13:41:26,400.0,36.25,S
2021-07-27T13:41:22,500.0,36.25,S
2021-07-27T13:41:09,300.0,36.25,B
2021-07-27T13:41:07,100.0,36.25,B
2021-07-27T13:41:07,100.0,36.25,S
2021-07-27T13:41:02,200.0,36.3,B
2021-07-27T13:41:00,1000.0,36.3,B
2021-07-27T13:40:54,1000.0,36.3,B
2021-07-27T13:40:54,200.0,36.3,S
2021-07-27T13:40:47,1400.0,36.3,S
2021-07-27T13:40:37,200.0,36.3,S
2021-07-27T13:40:28,100.0,36.4,B
2021-07-27T13:40:28,500.0,36.4,S
2021-07-27T13:40:17,3500.0,36.55,S
2021-07-27T13:40:12,300.0,36.6,B
2021-07-27T13:40:06,700.0,36.6,S
2021-07-27T13:40:04,200.0,36.7,B
2021-07-27T13:40:02,2000.0,36.6,S
2021-07-27T13:39:53,900.0,36.7,S
2021-07-27T13:39:42,10000.0,36.7,S
2021-07-27T13:39:39,4800.0,36.85,B
2021-07-27T13:39:39,500.0,36.9,B
2021-07-27T13:39:39,500.0,36.9,B
2021-07-27T13:39:38,1500.0,36.9,B
2021-07-27T13:39:19,3700.0,36.9,S
2021-07-27T13:39:17,600.0,36.95,B
2021-07-27T13:39:01,1400.0,36.95,S
2021-07-27T13:38:57,2000.0,36.95,S
2021-07-27T13:38:57,800.0,37.0,B
2021-07-27T13:38:55,100.0,37.0,B
2021-07-27T13:38:48,3900.0,37.0,S
2021-07-27T13:38:45,200.0,37.05,B
2021-07-27T13:38:32,500.0,37.0,B
2021-07-27T13:38:28,2000.0,37.0,B
2021-07-27T13:38:27,700.0,37.0,B
2021-07-27T13:38:25,100.0,37.0,B
2021-07-27T13:38:23,1000.0,37.0,B
2021-07-27T13:38:23,1000.0,37.0,B
2021-07-27T13:38:22,1600.0,37.0,B
2021-07-27T13:38:22,1200.0,37.0,B
2021-07-27T13:38:22,100.0,37.0,B
2021-07-27T13:38:22,100.0,37.0,B
2021-07-27T13:38:17,1200.0,37.0,B
2021-07-27T13:38:17,100.0,37.0,B
2021-07-27T13:38:12,300.0,37.0,B
2021-07-27T13:38:08,300.0,37.0,B
2021-07-27T13:38:03,1000.0,37.0,B
2021-07-27T13:37:59,200.0,37.0,B
2021-07-27T13:37:59,500.0,37.0,B
2021-07-27T13:37:57,1000.0,37.0,B
2021-07-27T13:37:56,500.0,37.0,B
2021-07-27T13:37:56,2000.0,36.95,S
2021-07-27T13:37:55,500.0,37.0,B
2021-07-27T13:37:55,5000.0,37.0,B
2021-07-27T13:37:52,1400.0,37.0,B
2021-07-27T13:37:52,100.0,37.0,B
2021-07-27T13:37:52,1000.0,37.0,B
2021-07-27T13:37:50,3900.0,37.0,B
2021-07-27T13:37:49,3200.0,37.0,B
2021-07-27T13:37:49,1800.0,37.0,B
2021-07-27T13:37:44,500.0,37.0,B
2021-07-27T13:37:43,1000.0,37.0,B
2021-07-27T13:37:37,500.0,37.0,B
2021-07-27T13:37:36,1000.0,37.0,B
2021-07-27T13:37:27,1000.0,37.0,B
2021-07-27T13:37:25,700.0,37.0,B
2021-07-27T13:37:25,1300.0,37.0,B
2021-07-27T13:37:25,100.0,37.0,B
2021-07-27T13:37:25,2700.0,37.0,B
2021-07-27T13:37:23,300.0,37.0,B
2021-07-27T13:37:21,400.0,37.0,B
2021-07-27T13:37:20,500.0,37.0,B
2021-07-27T13:37:19,1000.0,37.0,B
2021-07-27T13:37:13,500.0,37.0,B
2021-07-27T13:37:12,1100.0,37.0,B
2021-07-27T13:37:11,900.0,37.0,B
2021-07-27T13:37:07,1000.0,37.0,B
2021-07-27T13:37:06,5000.0,37.0,B
2021-07-27T13:37:00,700.0,37.0,B
2021-07-27T13:36:59,2000.0,37.0,B
2021-07-27T13:36:59,300.0,37.0,B
2021-07-27T13:36:58,100.0,37.0,B
2021-07-27T13:36:55,6700.0,37.0,B
2021-07-27T13:36:55,3300.0,37.0,B
2021-07-27T13:36:55,1000.0,37.0,B
2021-07-27T13:36:50,300.0,37.0,B
2021-07-27T13:36:50,100.0,37.0,B
2021-07-27T13:36:43,2100.0,37.0,B
2021-07-27T13:36:40,3600.0,37.0,B
2021-07-27T13:36:40,5700.0,37.0,B
2021-07-27T13:36:37,100.0,36.95,S
2021-07-27T13:36:29,100.0,37.0,B
2021-07-27T13:36:25,100.0,36.95,S
2021-07-27T13:36:22,3100.0,37.0,B
2021-07-27T13:36:22,700.0,37.0,B
2021-07-27T13:36:22,1200.0,37.0,B
2021-07-27T13:36:22,400.0,36.95,S
2021-07-27T13:36:19,200.0,37.0,B
2021-07-27T13:36:17,1000.0,37.0,B
2021-07-27T13:36:08,2000.0,37.0,B
2021-07-27T13:36:01,1700.0,36.95,S
2021-07-27T13:36:01,1300.0,36.95,S
2021-07-27T13:35:59,400.0,37.0,B
2021-07-27T13:35:57,200.0,36.95,S
2021-07-27T13:35:56,400.0,37.0,B
2021-07-27T13:35:49,1700.0,37.0,B
2021-07-27T13:35:43,600.0,36.95,B
2021-07-27T13:35:43,900.0,36.95,B
2021-07-27T13:35:41,2700.0,36.95,B
2021-07-27T13:35:41,3000.0,36.95,B
2021-07-27T13:35:39,1000.0,36.9,S
2021-07-27T13:35:36,200.0,36.95,B
2021-07-27T13:35:36,4900.0,36.95,B
2021-07-27T13:35:36,100.0,36.95,B
2021-07-27T13:35:32,100.0,36.9,S
2021-07-27T13:35:25,500.0,36.9,B
2021-07-27T13:35:25,5100.0,36.9,B
2021-07-27T13:35:19,2300.0,36.9,B
2021-07-27T13:35:19,700.0,36.9,B
2021-07-27T13:35:15,100.0,36.85,S
2021-07-27T13:35:07,1200.0,36.9,B
2021-07-27T13:34:59,1000.0,36.85,S
2021-07-27T13:34:55,100.0,36.9,B
2021-07-27T13:34:53,100.0,36.85,B
2021-07-27T13:34:50,200.0,36.85,B
2021-07-27T13:34:49,400.0,36.85,B
2021-07-27T13:34:46,500.0,36.85,B
2021-07-27T13:34:42,100.0,36.85,B
2021-07-27T13:34:39,500.0,36.85,B
2021-07-27T13:34:37,400.0,36.8,S
2021-07-27T13:34:37,300.0,36.8,S
2021-07-27T13:34:33,1900.0,36.85,B
2021-07-27T13:34:33,100.0,36.85,B
2021-07-27T13:34:32,300.0,36.85,B
2021-07-27T13:34:28,300.0,36.8,S
2021-07-27T13:34:25,100.0,36.85,B
2021-07-27T13:34:09,100.0,36.8,B
2021-07-27T13:34:07,100.0,36.8,B
2021-07-27T13:34:01,400.0,36.8,B
2021-07-27T13:34:01,1300.0,36.8,B
2021-07-27T13:34:01,900.0,36.8,B
2021-07-27T13:34:01,700.0,36.8,B
2021-07-27T13:34:01,400.0,36.8,B
2021-07-27T13:34:01,1300.0,36.8,B
2021-07-27T13:34:00,900.0,36.7,S
2021-07-27T13:33:54,1400.0,36.7,B
2021-07-27T13:33:50,1000.0,36.7,B
2021-07-27T13:33:46,200.0,36.7,B
2021-07-27T13:33:46,2400.0,36.7,B
2021-07-27T13:33:46,300.0,36.7,B
2021-07-27T13:33:38,300.0,36.6,S
2021-07-27T13:33:37,700.0,36.7,B
2021-07-27T13:33:37,1900.0,36.7,B
2021-07-27T13:33:37,100.0,36.7,B
2021-07-27T13:33:30,500.0,36.7,B
2021-07-27T13:33:28,100.0,36.65,B
2021-07-27T13:33:28,1300.0,36.6,B
2021-07-27T13:33:27,300.0,36.6,B
2021-07-27T13:33:25,500.0,36.6,B
2021-07-27T13:33:16,800.0,36.6,B
2021-07-27T13:33:07,6000.0,36.6,B
2021-07-27T13:33:06,600.0,36.55,B
2021-07-27T13:33:02,1000.0,36.55,B
2021-07-27T13:32:57,2600.0,36.55,B
2021-07-27T13:32:56,3500.0,36.5,B
2021-07-27T13:32:56,100.0,36.5,B
2021-07-27T13:32:56,1000.0,36.5,B
2021-07-27T13:32:54,3000.0,36.5,B
2021-07-27T13:32:54,2000.0,36.5,B
2021-07-27T13:32:50,1000.0,36.5,B
2021-07-27T13:32:49,200.0,36.5,B
2021-07-27T13:32:42,1500.0,36.5,B
2021-07-27T13:32:40,100.0,36.5,B
2021-07-27T13:32:40,100.0,36.5,B
2021-07-27T13:32:40,200.0,36.5,B
2021-07-27T13:32:40,600.0,36.5,B
2021-07-27T13:32:39,500.0,36.5,B
2021-07-27T13:32:21,700.0,36.5,B
2021-07-27T13:32:20,2000.0,36.4,B
2021-07-27T13:32:18,1700.0,36.4,B
2021-07-27T13:32:18,300.0,36.4,B
2021-07-27T13:32:18,1400.0,36.3,S
2021-07-27T13:32:18,100.0,36.35,S
2021-07-27T13:32:13,1900.0,36.4,B
2021-07-27T13:32:09,2000.0,36.4,B
2021-07-27T13:32:03,1100.0,36.35,S
2021-07-27T13:32:01,1000.0,36.35,B
2021-07-27T13:31:51,5700.0,36.3,B
2021-07-27T13:31:49,2700.0,36.3,B
2021-07-27T13:31:43,200.0,36.3,B
2021-07-27T13:31:43,100.0,36.25,S
2021-07-27T13:31:34,1000.0,36.25,B
2021-07-27T13:31:34,600.0,36.25,B
2021-07-27T13:31:33,1000.0,36.25,B
2021-07-27T13:31:24,1100.0,36.25,B
2021-07-27T13:31:19,200.0,36.25,B
2021-07-27T13:30:54,700.0,36.2,B
2021-07-27T13:30:51,200.0,36.2,B
2021-07-27T13:30:50,100.0,36.2,B
2021-07-27T13:30:40,300.0,36.2,B
2021-07-27T13:30:12,5000.0,36.2,B
2021-07-27T13:30:12,500.0,36.2,B
2021-07-27T13:30:12,300.0,36.2,B
2021-07-27T13:30:12,1600.0,36.2,B
2021-07-27T13:30:12,500.0,36.2,B
2021-07-27T13:30:12,3100.0,36.2,B
2021-07-27T13:30:03,800.0,36.1,S
2021-07-27T13:30:03,1000.0,36.1,S
2021-07-27T13:30:03,200.0,36.15,S
2021-07-27T13:30:03,1800.0,36.15,B
2021-07-27T13:30:03,700.0,36.15,B
2021-07-27T13:30:02,5000.0,36.15,B
2021-07-27T13:29:56,1000.0,36.15,B
2021-07-27T13:29:50,2000.0,36.15,B
2021-07-27T13:29:47,500.0,36.15,B
2021-07-27T13:29:47,100.0,36.15,B
2021-07-27T13:29:47,700.0,36.15,B
2021-07-27T13:29:43,2200.0,36.15,B
2021-07-27T13:29:33,500.0,36.15,B
2021-07-27T13:29:17,200.0,36.15,B
2021-07-27T13:29:13,1000.0,36.15,B
2021-07-27T13:29:07,500.0,36.15,B
2021-07-27T13:28:57,100.0,36.15,B
2021-07-27T13:28:57,1100.0,36.15,B
2021-07-27T13:28:53,200.0,36.15,B
2021-07-27T13:28:43,1300.0,36.15,B
2021-07-27T13:28:40,1000.0,36.1,S
2021-07-27T13:28:28,1700.0,36.1,B
2021-07-27T13:28:24,400.0,36.1,B
2021-07-27T13:28:24,1000.0,36.1,B
2021-07-27T13:28:11,1500.0,36.1,B
2021-07-27T13:28:02,100.0,36.0,S
2021-07-27T13:27:58,300.0,36.05,B
2021-07-27T13:27:50,100.0,36.0,B
2021-07-27T13:27:50,2100.0,36.0,B
2021-07-27T13:27:50,5400.0,36.0,B
2021-07-27T13:27:50,6100.0,36.0,B
2021-07-27T13:27:50,300.0,36.0,B
2021-07-27T13:27:50,600.0,36.0,B
2021-07-27T13:27:50,1400.0,36.0,B
2021-07-27T13:27:50,300.0,36.0,B
2021-07-27T13:27:50,300.0,36.0,B
2021-07-27T13:27:50,1300.0,36.0,B
2021-07-27T13:27:50,2500.0,36.0,B
2021-07-27T13:27:50,400.0,36.0,B
2021-07-27T13:27:50,2200.0,36.0,B
2021-07-27T13:27:29,400.0,35.95,S
2021-07-27T13:27:26,1000.0,36.0,B
2021-07-27T13:27:11,600.0,35.95,B
2021-07-27T13:27:11,500.0,35.95,B
2021-07-27T13:27:06,1000.0,35.95,B
2021-07-27T13:27:00,100.0,35.95,B
2021-07-27T13:26:48,200.0,35.9,S
2021-07-27T13:26:26,1400.0,35.9,B
2021-07-27T13:26:26,1100.0,35.9,B
2021-07-27T13:26:26,1000.0,35.85,S
2021-07-27T13:26:19,100.0,35.9,B
2021-07-27T13:26:11,200.0,35.9,B
2021-07-27T13:26:11,3000.0,35.9,B
2021-07-27T13:26:09,10000.0,35.9,B
2021-07-27T13:26:04,200.0,35.9,B
2021-07-27T13:25:52,900.0,35.9,B
2021-07-27T13:25:52,200.0,35.9,B
2021-07-27T13:25:52,100.0,35.9,B
2021-07-27T13:25:39,700.0,35.9,B
2021-07-27T13:25:32,1000.0,35.85,S
2021-07-27T13:25:26,100.0,35.85,S
2021-07-27T13:25:20,1000.0,35.9,B
2021-07-27T13:25:11,200.0,35.85,S
2021-07-27T13:25:08,600.0,35.85,S
2021-07-27T13:25:07,9400.0,35.85,S
2021-07-27T13:25:02,4000.0,35.85,S
2021-07-27T13:24:59,4000.0,35.85,S
2021-07-27T13:24:59,300.0,35.9,B
2021-07-27T13:24:59,100.0,35.9,B
2021-07-27T13:24:59,95800.0,35.9,B
2021-07-27T13:24:52,100.0,35.85,S
2021-07-27T13:24:52,5800.0,35.85,S
2021-07-27T13:24:39,500.0,35.85,S
2021-07-27T13:24:36,3000.0,35.85,S
2021-07-27T13:24:35,2000.0,35.85,S
2021-07-27T13:24:27,2000.0,35.85,S
2021-07-27T13:24:25,3000.0,35.85,S
2021-07-27T13:24:19,500.0,35.85,S
2021-07-27T13:24:16,5000.0,35.85,S
2021-07-27T13:24:14,100.0,35.9,B
2021-07-27T13:24:11,2700.0,35.9,B
2021-07-27T13:23:55,200.0,35.85,S
2021-07-27T13:23:55,800.0,35.85,S
2021-07-27T13:23:23,100.0,35.9,B
2021-07-27T13:23:14,200.0,35.9,B
2021-07-27T13:22:44,1200.0,35.9,B
2021-07-27T13:22:34,500.0,35.9,B
2021-07-27T13:22:30,2500.0,35.9,B
2021-07-27T13:22:26,400.0,35.85,S
2021-07-27T13:22:16,600.0,35.9,B
2021-07-27T13:22:14,1900.0,35.9,B
2021-07-27T13:22:10,400.0,35.9,B
2021-07-27T13:22:05,2800.0,35.85,S
2021-07-27T13:21:44,500.0,35.85,S
2021-07-27T13:21:43,100.0,35.9,B
2021-07-27T13:21:01,100.0,35.9,B
2021-07-27T13:20:46,600.0,35.9,B
2021-07-27T13:20:44,200.0,35.85,S
2021-07-27T13:20:39,900.0,35.85,S
2021-07-27T13:20:38,4100.0,35.85,S
2021-07-27T13:20:24,200.0,35.9,B
2021-07-27T13:19:52,3000.0,35.85,S
2021-07-27T13:19:51,1700.0,35.85,S
2021-07-27T13:19:38,1200.0,35.9,B
2021-07-27T13:19:37,300.0,35.9,B
2021-07-27T13:19:22,600.0,35.9,B
2021-07-27T13:19:15,2700.0,35.9,B
2021-07-27T13:19:12,200.0,35.9,B
2021-07-27T13:19:07,1300.0,35.9,B
2021-07-27T13:19:03,100.0,35.9,B
2021-07-27T13:18:41,1000.0,35.9,B
2021-07-27T13:18:37,2500.0,35.85,S
2021-07-27T13:18:36,3000.0,35.9,B
2021-07-27T13:18:23,400.0,35.9,B
2021-07-27T13:18:20,200.0,35.9,B
2021-07-27T13:18:10,200.0,35.9,B
2021-07-27T13:18:03,100.0,35.9,B
2021-07-27T13:17:35,200.0,35.9,B
2021-07-27T13:17:30,2000.0,35.85,S
2021-07-27T13:17:27,500.0,35.85,S
2021-07-27T13:17:22,2700.0,35.9,B
2021-07-27T13:17:17,200.0,35.85,S
2021-07-27T13:17:04,50000.0,35.9,B
2021-07-27T13:17:02,1000.0,35.8,S
2021-07-27T13:16:36,2000.0,35.8,S
2021-07-27T13:16:34,2700.0,35.9,B
2021-07-27T13:16:33,1200.0,35.9,B
2021-07-27T13:16:26,100.0,35.85,B
2021-07-27T13:16:26,300.0,35.85,B
2021-07-27T13:16:26,100.0,35.85,B
2021-07-27T13:16:10,100.0,35.85,B
2021-07-27T13:16:08,2000.0,35.8,S
2021-07-27T13:16:05,2000.0,35.85,B
2021-07-27T13:15:49,700.0,35.8,S
2021-07-27T13:15:36,1000.0,35.8,S
2021-07-27T13:15:28,300.0,35.8,S
2021-07-27T13:15:25,1000.0,35.8,S
2021-07-27T13:15:17,300.0,35.8,S
2021-07-27T13:15:07,5000.0,35.8,S
2021-07-27T13:15:06,79100.0,35.9,B
2021-07-27T13:15:06,1300.0,35.85,B
2021-07-27T13:15:06,19600.0,35.85,B
2021-07-27T13:14:55,1000.0,35.8,S
2021-07-27T13:14:52,200.0,35.8,S
2021-07-27T13:14:43,200.0,35.85,B
2021-07-27T13:14:29,1000.0,35.8,S
2021-07-27T13:14:26,200.0,35.8,S
2021-07-27T13:14:04,800.0,35.8,S
2021-07-27T13:13:29,1000.0,35.8,S
2021-07-27T13:13:26,1200.0,35.9,B
2021-07-27T13:13:22,700.0,35.85,S
2021-07-27T13:13:22,300.0,35.85,S
2021-07-27T13:12:59,100.0,35.85,S
2021-07-27T13:12:56,200.0,35.85,S
2021-07-27T13:12:54,2000.0,35.85,S
2021-07-27T13:12:52,500.0,35.9,B
2021-07-27T13:12:50,200.0,35.85,S
2021-07-27T13:12:40,800.0,35.85,S
2021-07-27T13:12:27,1500.0,35.8,S
2021-07-27T13:12:13,500.0,35.85,S
2021-07-27T13:12:12,1900.0,35.9,B
2021-07-27T13:11:54,200.0,35.9,B
2021-07-27T13:11:52,2000.0,35.85,S
2021-07-27T13:11:46,2000.0,35.85,S
2021-07-27T13:11:41,5000.0,35.85,S
2021-07-27T13:11:38,1000.0,35.9,B
2021-07-27T13:11:33,2700.0,35.9,B
2021-07-27T13:11:24,500.0,35.85,S
2021-07-27T13:11:04,100.0,35.85,S
2021-07-27T13:10:57,100.0,35.85,S
2021-07-27T13:10:54,800.0,35.85,B
2021-07-27T13:10:47,100.0,35.85,B
2021-07-27T13:10:39,100.0,35.85,B
2021-07-27T13:10:34,2000.0,35.85,B
2021-07-27T13:10:22,5000.0,35.8,S
2021-07-27T13:10:20,100.0,35.85,B
2021-07-27T13:10:20,200.0,35.85,B
2021-07-27T13:10:20,500.0,35.85,B
2021-07-27T13:10:08,500.0,35.85,B
2021-07-27T13:10:05,200.0,35.85,B
2021-07-27T13:09:53,1600.0,35.85,B
2021-07-27T13:09:53,300.0,35.85,B
2021-07-27T13:09:53,800.0,35.85,B
2021-07-27T13:09:44,200.0,35.85,B
2021-07-27T13:09:18,200.0,35.85,B
2021-07-27T13:09:16,100.0,35.85,B
2021-07-27T13:09:15,100.0,35.85,B
2021-07-27T13:09:13,200.0,35.85,B
2021-07-27T13:09:06,1000.0,35.85,B
2021-07-27T13:09:05,200.0,35.85,B
2021-07-27T13:08:55,2000.0,35.85,B
2021-07-27T13:08:55,2000.0,35.85,B
2021-07-27T13:08:40,300.0,35.85,B
2021-07-27T13:08:34,2000.0,35.85,B
2021-07-27T13:08:20,200.0,35.85,B
2021-07-27T13:08:10,300.0,35.85,B
2021-07-27T13:08:02,1000.0,35.8,S
2021-07-27T13:07:57,200.0,35.85,B
2021-07-27T13:07:57,100.0,35.85,B
2021-07-27T13:07:57,300.0,35.85,B
2021-07-27T13:07:38,2000.0,35.85,B
2021-07-27T13:07:34,1000.0,35.85,B
2021-07-27T13:07:33,200.0,35.85,B
2021-07-27T13:07:21,300.0,35.85,B
2021-07-27T13:07:17,100.0,35.85,B
2021-07-27T13:07:17,200.0,35.85,B
2021-07-27T13:07:13,1200.0,35.85,B
2021-07-27T13:06:53,1000.0,35.85,B
2021-07-27T13:06:15,200.0,35.85,B
2021-07-27T13:06:00,5000.0,35.85,B
2021-07-27T13:05:50,1000.0,35.85,B
2021-07-27T13:05:33,3600.0,35.8,S
2021-07-27T13:05:23,900.0,35.85,B
2021-07-27T13:05:00,600.0,35.8,S
2021-07-27T13:04:32,2300.0,35.8,S
2021-07-27T13:04:32,2700.0,35.8,S
2021-07-27T13:04:06,1200.0,35.85,B
2021-07-27T13:03:49,2000.0,35.85,B
2021-07-27T13:03:26,5500.0,35.85,B
2021-07-27T13:03:16,100.0,35.85,B
2021-07-27T13:03:04,500.0,35.85,B
2021-07-27T13:02:57,200.0,35.85,B
2021-07-27T13:02:57,100.0,35.85,B
2021-07-27T13:02:50,1000.0,35.85,B
2021-07-27T13:02:45,500.0,35.85,B
2021-07-27T13:02:25,300.0,35.85,B
2021-07-27T13:02:11,1900.0,35.9,B
2021-07-27T13:01:16,1000.0,35.85,B
2021-07-27T13:01:08,1000.0,35.8,S
2021-07-27T13:01:00,1200.0,35.85,B
2021-07-27T13:00:31,2100.0,35.8,B
2021-07-27T13:00:31,1300.0,35.8,B
2021-07-27T13:00:26,300.0,35.8,B
2021-07-27T13:00:22,2000.0,35.8,B
2021-07-27T13:00:15,100.0,35.8,B
2021-07-27T13:00:15,100.0,35.8,B
2021-07-27T13:00:15,2500.0,35.8,B
2021-07-27T13:00:12,200.0,35.8,B
2021-07-27T13:00:11,500.0,35.8,B
2021-07-27T13:00:10,2000.0,35.8,B
2021-07-27T13:00:08,200.0,35.8,B
2021-07-27T13:00:08,1700.0,35.8,S
2021-07-27T13:00:08,800.0,35.9,B
2021-07-27T13:00:08,200.0,35.9,B
2021-07-27T13:00:04,5100.0,35.75,S
2021-07-27T13:00:04,200.0,35.8,S
2021-07-27T13:00:04,400.0,35.8,S
2021-07-27T13:00:04,400.0,35.8,S
2021-07-27T13:00:01,500.0,35.8,S
2021-07-27T11:30:01,100.0,35.8,S
2021-07-27T11:30:00,1000.0,35.8,S
2021-07-27T11:29:29,100.0,35.8,S
2021-07-27T11:28:56,400.0,35.8,S
2021-07-27T11:28:54,300.0,35.8,S
2021-07-27T11:28:47,7000.0,35.75,S
2021-07-27T11:28:32,8000.0,35.8,S
2021-07-27T11:28:25,200.0,35.8,S
2021-07-27T11:28:10,100.0,35.8,S
2021-07-27T11:27:52,400.0,35.8,S
2021-07-27T11:27:52,11100.0,35.8,S
2021-07-27T11:27:52,1500.0,35.8,S
2021-07-27T11:27:22,200.0,35.8,S
2021-07-27T11:27:15,100.0,35.8,S
2021-07-27T11:27:07,300.0,35.8,S
2021-07-27T11:26:55,2600.0,35.8,S
2021-07-27T11:26:42,200.0,35.8,S
2021-07-27T11:26:40,200.0,35.8,S
2021-07-27T11:26:31,100.0,35.9,B
2021-07-27T11:26:14,600.0,35.8,B
2021-07-27T11:26:12,400.0,35.8,B
2021-07-27T11:26:06,500.0,35.8,B
2021-07-27T11:26:06,1000.0,35.8,B
2021-07-27T11:25:49,100.0,35.8,B
2021-07-27T11:25:19,300.0,35.8,S
2021-07-27T11:25:18,600.0,35.8,S
2021-07-27T11:25:02,500.0,35.8,B
2021-07-27T11:24:55,300.0,35.8,S
2021-07-27T11:24:44,1500.0,35.75,S
2021-07-27T11:24:35,500.0,35.8,B
2021-07-27T11:24:10,200.0,35.8,S
2021-07-27T11:24:00,400.0,35.8,S
2021-07-27T11:23:55,600.0,35.8,B
2021-07-27T11:23:54,9400.0,35.8,B
2021-07-27T11:23:54,500.0,35.8,B
2021-07-27T11:23:46,3700.0,35.75,S
2021-07-27T11:23:35,800.0,35.8,B
2021-07-27T11:23:33,500.0,35.8,B
2021-07-27T11:23:07,1000.0,35.8,B
2021-07-27T11:22:59,100.0,35.75,S
2021-07-27T11:22:38,100.0,35.8,B
2021-07-27T11:22:36,300.0,35.8,B
2021-07-27T11:22:29,100.0,35.8,B
2021-07-27T11:22:25,600.0,35.8,B
2021-07-27T11:22:23,200.0,35.8,S
2021-07-27T11:22:23,300.0,35.8,S
2021-07-27T11:22:23,600.0,35.8,S
2021-07-27T11:22:10,1000.0,35.8,S
2021-07-27T11:22:10,6000.0,35.8,S
2021-07-27T11:22:10,3700.0,35.8,S
2021-07-27T11:22:10,100.0,35.8,S
2021-07-27T11:22:10,1000.0,35.8,S
2021-07-27T11:22:10,400.0,35.8,S
2021-07-27T11:22:10,6000.0,35.8,S
2021-07-27T11:22:10,11700.0,35.8,S
2021-07-27T11:22:10,100.0,35.9,B
2021-07-27T11:22:10,100.0,35.9,B
2021-07-27T11:22:10,600.0,35.9,B
2021-07-27T11:22:06,500.0,35.9,B
2021-07-27T11:21:59,500.0,35.85,S
2021-07-27T11:21:56,4000.0,35.9,B
2021-07-27T11:21:41,4000.0,35.8,S
2021-07-27T11:21:25,1500.0,35.85,S
2021-07-27T11:21:19,500.0,35.85,S
2021-07-27T11:21:06,1000.0,35.85,S
2021-07-27T11:20:57,100.0,35.9,B
2021-07-27T11:20:44,400.0,35.9,B
2021-07-27T11:20:44,400.0,35.9,B
2021-07-27T11:20:38,500.0,35.9,B
2021-07-27T11:20:36,100.0,35.9,B
2021-07-27T11:19:36,400.0,35.9,B
2021-07-27T11:19:29,1300.0,35.85,S
2021-07-27T11:19:29,3700.0,35.85,S
2021-07-27T11:19:18,800.0,35.9,B
2021-07-27T11:19:10,500.0,35.9,B
2021-07-27T11:18:56,300.0,35.9,B
2021-07-27T11:18:38,3000.0,35.85,S
2021-07-27T11:18:32,4800.0,35.85,S
2021-07-27T11:18:24,1000.0,35.9,B
2021-07-27T11:18:23,400.0,35.85,S
2021-07-27T11:18:00,12000.0,35.9,B
2021-07-27T11:17:52,800.0,35.9,B
2021-07-27T11:17:44,500.0,35.9,B
2021-07-27T11:17:32,300.0,35.85,S
2021-07-27T11:17:32,1100.0,35.85,S
2021-07-27T11:17:32,1600.0,35.85,S
2021-07-27T11:16:41,2000.0,35.9,B
2021-07-27T11:16:27,700.0,35.9,B
2021-07-27T11:16:27,100.0,35.9,B
2021-07-27T11:16:27,10000.0,35.9,B
2021-07-27T11:16:26,4000.0,35.85,S
2021-07-27T11:16:15,500.0,35.9,B
2021-07-27T11:16:06,200.0,35.9,B
2021-07-27T11:15:55,1000.0,35.85,S
2021-07-27T11:15:54,300.0,35.85,S
2021-07-27T11:15:50,100.0,35.85,B
2021-07-27T11:15:48,400.0,35.85,B
2021-07-27T11:15:32,200.0,35.85,B
2021-07-27T11:15:32,300.0,35.85,S
2021-07-27T11:15:30,2200.0,35.85,S
2021-07-27T11:15:01,800.0,35.9,B
2021-07-27T11:14:54,1700.0,35.85,B
2021-07-27T11:14:48,500.0,35.85,B
2021-07-27T11:14:42,5000.0,35.85,B
2021-07-27T11:14:30,100.0,35.85,B
2021-07-27T11:14:19,200.0,35.85,B
2021-07-27T11:14:12,500.0,35.8,S
2021-07-27T11:14:09,2400.0,35.8,S
2021-07-27T11:14:03,1000.0,35.8,S
2021-07-27T11:14:03,600.0,35.8,S
2021-07-27T11:13:56,200.0,35.8,S
2021-07-27T11:13:56,300.0,35.8,S
2021-07-27T11:13:53,200.0,35.8,S
2021-07-27T11:13:50,900.0,35.85,B
2021-07-27T11:13:40,300.0,35.85,B
2021-07-27T11:13:38,200.0,35.85,B
2021-07-27T11:13:35,800.0,35.85,B
2021-07-27T11:13:29,500.0,35.85,B
2021-07-27T11:13:21,100.0,35.85,B
2021-07-27T11:13:20,500.0,35.85,B
2021-07-27T11:13:10,200.0,35.85,B
2021-07-27T11:13:03,2600.0,35.85,B
2021-07-27T11:13:03,300.0,35.85,B
2021-07-27T11:13:00,3000.0,35.85,B
2021-07-27T11:12:44,1000.0,35.8,S
2021-07-27T11:12:44,900.0,35.8,S
2021-07-27T11:12:44,500.0,35.8,S
2021-07-27T11:12:44,600.0,35.8,S
2021-07-27T11:12:39,100.0,35.85,B
2021-07-27T11:12:39,400.0,35.85,S
2021-07-27T11:12:24,500.0,35.8,S
2021-07-27T11:12:24,9500.0,35.8,S
2021-07-27T11:12:20,1000.0,35.9,B
2021-07-27T11:12:18,100.0,35.9,B
2021-07-27T11:12:14,100.0,35.9,B
2021-07-27T11:12:09,400.0,35.8,S
2021-07-27T11:12:09,6000.0,35.85,S
2021-07-27T11:12:09,2800.0,35.85,S
2021-07-27T11:12:09,800.0,35.85,S
2021-07-27T11:12:08,800.0,35.9,B
2021-07-27T11:12:07,900.0,35.85,S
2021-07-27T11:12:07,300.0,35.85,S
2021-07-27T11:12:03,500.0,35.9,B
2021-07-27T11:11:57,4200.0,35.9,S
2021-07-27T11:11:57,400.0,35.9,S
2021-07-27T11:11:54,3600.0,35.9,S
2021-07-27T11:11:54,900.0,35.9,S
2021-07-27T11:11:54,1400.0,35.9,S
2021-07-27T11:11:54,1300.0,35.9,S
2021-07-27T11:11:54,500.0,35.9,S
2021-07-27T11:11:54,2300.0,35.9,S
2021-07-27T11:11:52,500.0,35.95,B
2021-07-27T11:11:50,100.0,35.95,B
2021-07-27T11:11:39,500.0,35.95,B
2021-07-27T11:11:32,400.0,35.9,S
2021-07-27T11:11:26,500.0,35.9,S
2021-07-27T11:11:05,300.0,36.0,B
2021-07-27T11:11:02,1000.0,35.9,S
2021-07-27T11:10:43,800.0,36.0,B
2021-07-27T11:10:26,900.0,36.0,B
2021-07-27T11:10:25,500.0,36.0,B
2021-07-27T11:10:11,1000.0,36.0,B
2021-07-27T11:09:17,800.0,36.0,B
2021-07-27T11:09:16,4700.0,35.9,S
2021-07-27T11:09:16,3400.0,35.95,S
2021-07-27T11:09:16,1100.0,35.95,S
2021-07-27T11:09:16,200.0,35.95,S
2021-07-27T11:09:16,600.0,35.95,S
2021-07-27T11:09:14,3000.0,36.0,B
2021-07-27T11:09:10,500.0,36.0,B
2021-07-27T11:09:08,3000.0,35.95,S
2021-07-27T11:08:57,500.0,36.0,B
2021-07-27T11:08:51,600.0,36.0,S
2021-07-27T11:08:48,500.0,36.0,S
2021-07-27T11:08:47,700.0,36.0,B
2021-07-27T11:08:42,100.0,36.0,B
2021-07-27T11:08:31,1000.0,36.0,S
2021-07-27T11:08:31,2100.0,36.0,S
2021-07-27T11:08:30,1100.0,36.0,S
2021-07-27T11:08:19,100.0,36.0,S
2021-07-27T11:08:01,100.0,36.0,S
2021-07-27T11:08:01,500.0,36.0,B
2021-07-27T11:07:56,500.0,36.0,B
2021-07-27T11:07:51,800.0,36.0,B
2021-07-27T11:07:49,200.0,36.0,B
2021-07-27T11:07:49,200.0,36.0,B
2021-07-27T11:07:39,500.0,36.0,B
2021-07-27T11:07:38,100.0,36.0,B
2021-07-27T11:07:30,500.0,36.0,B
2021-07-27T11:07:30,2500.0,36.0,B
2021-07-27T11:07:28,1000.0,35.95,S
2021-07-27T11:07:21,800.0,36.0,B
2021-07-27T11:07:14,1000.0,36.0,B
2021-07-27T11:07:07,900.0,36.0,B
2021-07-27T11:06:50,200.0,36.0,B
2021-07-27T11:06:27,100.0,36.0,B
2021-07-27T11:06:23,800.0,36.0,B
2021-07-27T11:06:19,1000.0,36.0,B
2021-07-27T11:06:13,5300.0,36.0,S
2021-07-27T11:06:13,6600.0,36.0,S
2021-07-27T11:06:13,2000.0,36.1,B
2021-07-27T11:06:05,1300.0,36.0,S
2021-07-27T11:06:05,8700.0,36.0,S
2021-07-27T11:06:02,500.0,36.1,B
2021-07-27T11:05:56,200.0,36.0,S
2021-07-27T11:05:22,2000.0,36.0,S
2021-07-27T11:05:19,700.0,36.0,S
2021-07-27T11:04:59,700.0,36.1,B
2021-07-27T11:04:59,100.0,36.1,B
2021-07-27T11:04:41,1000.0,36.1,B
2021-07-27T11:04:34,500.0,36.1,B
2021-07-27T11:04:20,10000.0,36.0,S
2021-07-27T11:04:15,400.0,36.1,S
2021-07-27T11:03:56,500.0,36.1,S
2021-07-27T11:03:54,100.0,36.1,S
2021-07-27T11:03:45,300.0,36.15,B
2021-07-27T11:03:44,700.0,36.1,B
2021-07-27T11:03:44,300.0,36.1,B
2021-07-27T11:03:41,4000.0,36.1,S
2021-07-27T11:03:33,800.0,36.15,B
2021-07-27T11:03:27,2000.0,36.1,S
2021-07-27T11:03:26,7000.0,36.1,B
2021-07-27T11:03:23,100.0,36.1,B
2021-07-27T11:03:15,100.0,36.05,S
2021-07-27T11:03:15,3000.0,36.05,B
2021-07-27T11:03:11,500.0,36.0,S
2021-07-27T11:03:07,500.0,36.05,S
2021-07-27T11:03:07,500.0,36.1,B
2021-07-27T11:02:37,600.0,36.05,S
2021-07-27T11:02:35,200.0,36.1,B
2021-07-27T11:02:32,100.0,36.1,B
2021-07-27T11:02:26,5000.0,36.1,B
2021-07-27T11:02:25,200.0,36.1,B
2021-07-27T11:02:15,1200.0,36.1,S
2021-07-27T11:02:15,5400.0,36.1,S
2021-07-27T11:02:07,800.0,36.15,B
2021-07-27T11:02:07,2000.0,36.15,B
2021-07-27T11:02:05,100.0,36.1,S
2021-07-27T11:01:53,100.0,36.15,B
2021-07-27T11:01:49,1000.0,36.1,S
2021-07-27T11:01:39,500.0,36.15,B
2021-07-27T11:01:26,1000.0,36.1,S
2021-07-27T11:01:10,900.0,36.1,S
2021-07-27T11:01:10,100.0,36.1,S
2021-07-27T11:00:45,1000.0,36.1,S
2021-07-27T11:00:42,800.0,36.15,B
2021-07-27T11:00:37,500.0,36.1,S
2021-07-27T11:00:32,3000.0,36.15,B
2021-07-27T11:00:21,1900.0,36.15,B
2021-07-27T11:00:15,5000.0,36.15,B
2021-07-27T11:00:11,500.0,36.15,B
2021-07-27T11:00:03,100.0,36.1,B
2021-07-27T11:00:02,200.0,36.1,B
2021-07-27T10:59:57,5000.0,36.15,B
2021-07-27T10:59:53,100.0,36.0,S
2021-07-27T10:59:46,1800.0,36.0,S
2021-07-27T10:59:46,3100.0,36.0,S
2021-07-27T10:59:46,600.0,36.0,S
2021-07-27T10:59:46,4000.0,36.0,S
2021-07-27T10:59:36,500.0,36.15,B
2021-07-27T10:59:28,100.0,36.1,S
2021-07-27T10:59:15,800.0,36.15,B
2021-07-27T10:58:45,100.0,36.1,S
2021-07-27T10:58:44,500.0,36.1,B
2021-07-27T10:58:39,400.0,36.1,S
2021-07-27T10:58:37,100.0,36.1,S
2021-07-27T10:58:24,1500.0,36.15,B
2021-07-27T10:58:22,2000.0,36.15,B
2021-07-27T10:58:16,1700.0,36.1,S
2021-07-27T10:58:06,300.0,36.1,S
2021-07-27T10:58:04,1000.0,36.1,S
2021-07-27T10:58:03,100.0,36.1,S
2021-07-27T10:58:00,1900.0,36.1,B
2021-07-27T10:57:56,100.0,36.0,S
2021-07-27T10:57:56,600.0,36.0,S
2021-07-27T10:57:56,2300.0,36.0,S
2021-07-27T10:57:50,800.0,36.1,B
2021-07-27T10:57:34,300.0,36.0,S
2021-07-27T10:57:33,2800.0,36.0,B
2021-07-27T10:57:20,100.0,36.0,B
2021-07-27T10:57:16,500.0,36.0,S
2021-07-27T10:57:16,400.0,36.0,S
2021-07-27T10:57:16,1000.0,36.0,S
2021-07-27T10:57:16,1000.0,36.0,S
2021-07-27T10:57:16,4300.0,36.0,S
2021-07-27T10:57:10,100.0,36.1,B
2021-07-27T10:56:58,5000.0,36.1,B
2021-07-27T10:56:57,100.0,36.0,S
2021-07-27T10:56:47,500.0,36.0,S
2021-07-27T10:56:42,300.0,36.0,S
2021-07-27T10:56:34,2200.0,36.0,S
2021-07-27T10:56:34,500.0,36.0,S
2021-07-27T10:56:25,500.0,36.0,S
2021-07-27T10:56:17,1500.0,36.0,B
2021-07-27T10:56:16,1300.0,36.0,B
2021-07-27T10:56:14,500.0,36.0,B
2021-07-27T10:56:08,1800.0,36.0,B
2021-07-27T10:56:01,400.0,36.0,B
2021-07-27T10:56:01,500.0,36.0,B
2021-07-27T10:56:01,200.0,36.0,B
2021-07-27T10:56:01,1100.0,36.0,B
2021-07-27T10:56:01,1100.0,36.0,B
2021-07-27T10:56:01,11100.0,36.0,B
2021-07-27T10:56:01,1200.0,36.0,B
2021-07-27T10:56:01,2200.0,36.0,B
2021-07-27T10:56:01,32200.0,36.0,B
2021-07-27T10:55:55,7100.0,35.95,S
2021-07-27T10:55:33,1000.0,36.0,B
2021-07-27T10:55:30,100.0,36.0,B
2021-07-27T10:55:30,100.0,36.0,B
2021-07-27T10:55:28,100.0,36.0,B
2021-07-27T10:55:28,1000.0,36.0,B
2021-07-27T10:55:18,1900.0,36.0,B
2021-07-27T10:55:15,1000.0,36.0,B
2021-07-27T10:55:15,1000.0,36.0,B
2021-07-27T10:55:08,200.0,36.0,B
2021-07-27T10:54:59,500.0,36.0,B
2021-07-27T10:54:54,100.0,36.0,B
2021-07-27T10:54:54,1000.0,36.0,B
2021-07-27T10:54:51,100.0,36.0,B
2021-07-27T10:54:51,100.0,36.0,B
2021-07-27T10:54:50,300.0,36.0,B
2021-07-27T10:54:20,1000.0,36.0,B
2021-07-27T10:54:18,100.0,36.0,B
2021-07-27T10:54:17,1200.0,36.0,B
2021-07-27T10:54:16,200.0,36.0,B
2021-07-27T10:53:57,300.0,36.0,B
2021-07-27T10:53:47,200.0,35.95,S
2021-07-27T10:53:38,800.0,36.0,B
2021-07-27T10:53:35,200.0,36.0,B
2021-07-27T10:53:30,100.0,35.95,S
2021-07-27T10:53:27,100.0,36.0,B
2021-07-27T10:53:25,500.0,36.0,B
2021-07-27T10:53:24,1100.0,36.0,B
2021-07-27T10:53:18,2000.0,35.95,S
2021-07-27T10:53:16,100.0,36.0,B
2021-07-27T10:53:14,200.0,35.95,S
2021-07-27T10:53:13,1000.0,35.95,S
2021-07-27T10:52:51,200.0,36.0,B
2021-07-27T10:52:50,800.0,36.0,B
2021-07-27T10:52:40,100.0,36.0,B
2021-07-27T10:52:40,1000.0,35.9,S
2021-07-27T10:52:31,500.0,36.0,B
2021-07-27T10:52:29,1000.0,35.9,S
2021-07-27T10:52:13,900.0,36.0,B
2021-07-27T10:52:05,100.0,35.95,S
2021-07-27T10:52:05,400.0,35.95,S
2021-07-27T10:51:55,300.0,35.9,S
2021-07-27T10:51:54,800.0,35.9,S
2021-07-27T10:51:52,1000.0,35.9,S
2021-07-27T10:51:50,2000.0,36.0,B
2021-07-27T10:51:34,1000.0,35.9,S
2021-07-27T10:51:30,300.0,35.9,B
2021-07-27T10:51:28,2800.0,35.9,B
2021-07-27T10:51:26,2000.0,35.8,S
2021-07-27T10:51:24,1800.0,35.9,B
2021-07-27T10:51:21,1500.0,35.9,B
2021-07-27T10:51:20,400.0,35.85,S
2021-07-27T10:51:10,100.0,35.9,B
2021-07-27T10:51:10,300.0,35.85,S
2021-07-27T10:51:10,500.0,35.9,B
2021-07-27T10:51:04,2000.0,35.8,S
2021-07-27T10:50:55,500.0,35.85,S
2021-07-27T10:50:54,100.0,35.8,S
2021-07-27T10:50:52,500.0,35.85,S
2021-07-27T10:50:52,500.0,35.85,B
2021-07-27T10:50:49,1000.0,35.85,B
2021-07-27T10:50:49,100.0,35.8,S
2021-07-27T10:50:43,7900.0,35.75,B
2021-07-27T10:50:42,500.0,35.75,S
2021-07-27T10:50:42,600.0,35.75,S
2021-07-27T10:50:42,3000.0,35.75,S
2021-07-27T10:50:41,900.0,35.8,S
2021-07-27T10:50:37,1800.0,35.8,B
2021-07-27T10:50:37,300.0,35.8,B
2021-07-27T10:50:35,700.0,35.75,S
2021-07-27T10:50:35,3300.0,35.75,S
2021-07-27T10:50:34,200.0,35.8,B
2021-07-27T10:50:32,100.0,35.8,B
2021-07-27T10:50:30,100.0,35.8,B
2021-07-27T10:50:26,4000.0,35.8,B
2021-07-27T10:50:25,200.0,35.8,B
2021-07-27T10:50:23,6900.0,35.8,B
2021-07-27T10:50:23,100.0,35.8,B
2021-07-27T10:50:23,8000.0,35.8,B
2021-07-27T10:50:21,400.0,35.8,B
2021-07-27T10:50:09,100.0,35.8,B
2021-07-27T10:50:06,500.0,35.75,S
2021-07-27T10:50:02,500.0,35.75,S
2021-07-27T10:49:57,500.0,35.75,S
2021-07-27T10:49:55,500.0,35.8,B
2021-07-27T10:49:48,500.0,35.75,S
2021-07-27T10:49:40,2400.0,35.8,B
2021-07-27T10:49:40,2600.0,35.8,B
2021-07-27T10:49:34,9800.0,35.8,B
2021-07-27T10:49:34,100.0,35.8,B
2021-07-27T10:49:34,1200.0,35.8,B
2021-07-27T10:49:34,700.0,35.6,S
2021-07-27T10:49:34,1300.0,35.6,S
2021-07-27T10:49:34,100.0,35.6,S
2021-07-27T10:49:34,400.0,35.6,S
2021-07-27T10:49:34,600.0,35.6,S
2021-07-27T10:49:34,15200.0,35.6,S
2021-07-27T10:49:34,1000.0,35.65,S
2021-07-27T10:49:34,200.0,35.65,S
2021-07-27T10:49:34,1700.0,35.65,S
2021-07-27T10:49:34,2100.0,35.65,S
2021-07-27T10:49:34,30600.0,35.7,S
2021-07-27T10:49:34,700.0,35.7,S
2021-07-27T10:49:34,100.0,35.7,S
2021-07-27T10:49:34,700.0,35.7,S
2021-07-27T10:49:34,200.0,35.7,S
2021-07-27T10:49:34,2200.0,35.7,S
2021-07-27T10:49:34,1600.0,35.7,S
2021-07-27T10:49:34,500.0,35.75,S
2021-07-27T10:49:33,300.0,35.75,S
2021-07-27T10:49:29,200.0,35.75,S
2021-07-27T10:49:22,100.0,35.75,S
2021-07-27T10:49:19,400.0,35.75,B
2021-07-27T10:49:19,100.0,35.75,B
2021-07-27T10:49:19,4100.0,35.7,S
2021-07-27T10:49:16,7500.0,35.8,B
2021-07-27T10:49:16,700.0,35.75,B
2021-07-27T10:49:16,1800.0,35.75,B
2021-07-27T10:48:58,100.0,35.7,S
2021-07-27T10:48:58,1600.0,35.75,B
2021-07-27T10:48:58,3400.0,35.75,B
2021-07-27T10:48:58,100.0,35.75,B
2021-07-27T10:48:57,100.0,35.75,B
2021-07-27T10:48:50,500.0,35.7,S
2021-07-27T10:48:50,300.0,35.75,B
2021-07-27T10:48:49,500.0,35.75,B
2021-07-27T10:48:49,100.0,35.75,B
2021-07-27T10:48:49,1000.0,35.7,S
2021-07-27T10:48:47,300.0,35.75,B
2021-07-27T10:48:45,1100.0,35.75,S
2021-07-27T10:48:35,100.0,35.8,B
2021-07-27T10:48:33,500.0,35.8,B
2021-07-27T10:48:30,2000.0,35.75,S
2021-07-27T10:48:30,500.0,35.8,B
2021-07-27T10:48:30,1000.0,35.8,B
2021-07-27T10:48:28,200.0,35.75,S
2021-07-27T10:48:25,4000.0,35.75,S
2021-07-27T10:48:25,900.0,35.75,S
2021-07-27T10:48:25,2500.0,35.75,S
2021-07-27T10:48:25,1700.0,35.75,S
2021-07-27T10:48:24,400.0,35.8,B
2021-07-27T10:48:21,1600.0,35.75,S
2021-07-27T10:48:21,1500.0,35.75,S
2021-07-27T10:48:19,100.0,35.8,B
2021-07-27T10:48:15,2000.0,35.75,S
2021-07-27T10:48:13,1000.0,35.75,S
2021-07-27T10:48:01,1000.0,35.8,B
2021-07-27T10:47:56,500.0,35.75,S
2021-07-27T10:47:55,100.0,35.8,B
2021-07-27T10:47:55,500.0,35.75,S
2021-07-27T10:47:51,500.0,35.75,S
2021-07-27T10:47:45,1000.0,35.8,B
2021-07-27T10:47:41,300.0,35.8,B
2021-07-27T10:47:39,500.0,35.8,B
2021-07-27T10:47:26,400.0,35.8,S
2021-07-27T10:47:26,6200.0,35.8,S
2021-07-27T10:47:26,10000.0,35.8,S
2021-07-27T10:47:26,200.0,35.8,S
2021-07-27T10:47:25,900.0,35.8,S
2021-07-27T10:47:23,2000.0,35.8,S
2021-07-27T10:47:22,2000.0,35.8,S
2021-07-27T10:47:19,900.0,35.8,S
2021-07-27T10:47:19,100.0,35.8,S
2021-07-27T10:47:19,1300.0,35.8,S
2021-07-27T10:47:19,700.0,35.8,S
2021-07-27T10:47:10,3000.0,35.8,S
2021-07-27T10:47:09,1000.0,35.8,S
2021-07-27T10:47:09,2000.0,35.8,S
2021-07-27T10:47:07,1000.0,35.8,S
2021-07-27T10:47:05,4000.0,35.8,S
2021-07-27T10:47:03,4900.0,35.8,S
2021-07-27T10:47:00,4000.0,35.8,S
2021-07-27T10:46:53,1200.0,35.8,S
2021-07-27T10:46:47,800.0,35.8,S
2021-07-27T10:46:45,400.0,35.8,S
2021-07-27T10:46:43,200.0,35.9,B
2021-07-27T10:46:42,5000.0,35.8,S
2021-07-27T10:46:38,100.0,35.8,S
2021-07-27T10:46:38,100.0,35.8,S
2021-07-27T10:46:35,300.0,35.9,B
2021-07-27T10:46:34,200.0,35.9,S
2021-07-27T10:46:32,31800.0,35.8,S
2021-07-27T10:46:32,200.0,35.8,S
2021-07-27T10:46:32,1100.0,35.8,S
2021-07-27T10:46:32,100.0,35.8,S
2021-07-27T10:46:32,1500.0,35.8,S
2021-07-27T10:46:32,3300.0,35.8,S
2021-07-27T10:46:32,22000.0,35.85,S
2021-07-27T10:46:27,2200.0,35.9,S
2021-07-27T10:46:21,200.0,35.9,B
2021-07-27T10:46:21,100.0,35.9,B
2021-07-27T10:46:18,100.0,35.85,S
2021-07-27T10:46:17,2300.0,35.85,S
2021-07-27T10:46:17,500.0,35.9,S
2021-07-27T10:46:17,5100.0,35.9,S
2021-07-27T10:46:14,100.0,35.95,B
2021-07-27T10:46:11,100.0,35.95,B
2021-07-27T10:46:06,900.0,35.95,B
2021-07-27T10:46:04,1200.0,35.95,S
2021-07-27T10:45:58,1000.0,36.0,B
2021-07-27T10:45:48,3000.0,35.95,S
2021-07-27T10:45:42,200.0,35.95,S
2021-07-27T10:45:33,4200.0,35.95,S
2021-07-27T10:45:30,1300.0,35.95,S
2021-07-27T10:45:26,1000.0,36.0,B
2021-07-27T10:45:24,200.0,35.95,S
2021-07-27T10:45:22,200.0,36.0,B
2021-07-27T10:45:21,5000.0,36.0,B
2021-07-27T10:45:20,2000.0,36.0,B
2021-07-27T10:45:20,1600.0,36.0,B
2021-07-27T10:45:17,100.0,36.0,B
2021-07-27T10:45:17,1000.0,35.9,B
2021-07-27T10:45:16,2800.0,35.85,S
2021-07-27T10:45:16,1800.0,35.85,S
2021-07-27T10:45:16,5400.0,35.9,S
2021-07-27T10:45:16,900.0,35.9,S
2021-07-27T10:45:16,1100.0,35.95,S
2021-07-27T10:45:16,100.0,36.0,B
2021-07-27T10:45:10,500.0,36.0,B
2021-07-27T10:45:08,400.0,36.0,S
2021-07-27T10:45:03,200.0,36.0,S
2021-07-27T10:45:03,500.0,36.0,S
2021-07-27T10:45:03,1700.0,36.0,S
2021-07-27T10:45:03,22900.0,36.0,S
2021-07-27T10:45:03,2600.0,36.0,S
2021-07-27T10:45:03,100.0,36.0,S
2021-07-27T10:45:03,100.0,36.0,S
2021-07-27T10:45:03,2500.0,36.0,S
2021-07-27T10:45:03,100.0,36.0,S
2021-07-27T10:45:03,1200.0,36.0,S
2021-07-27T10:45:03,700.0,36.0,S
2021-07-27T10:45:03,400.0,36.0,S
2021-07-27T10:45:03,2000.0,36.0,S
2021-07-27T10:45:03,2200.0,36.0,S
2021-07-27T10:45:03,200.0,36.0,S
2021-07-27T10:45:03,1400.0,36.0,S
2021-07-27T10:45:03,11200.0,36.0,S
2021-07-27T10:45:02,9000.0,36.0,S
2021-07-27T10:44:59,100.0,36.1,B
2021-07-27T10:44:59,200.0,36.1,B
2021-07-27T10:44:38,600.0,36.0,S
2021-07-27T10:44:38,2000.0,36.0,S
2021-07-27T10:44:38,500.0,36.0,S
2021-07-27T10:44:38,2000.0,36.0,S
2021-07-27T10:44:38,200.0,36.0,S
2021-07-27T10:44:38,7600.0,36.0,S
2021-07-27T10:44:38,600.0,36.0,S
2021-07-27T10:44:38,4600.0,36.0,S
2021-07-27T10:44:38,300.0,36.0,S
2021-07-27T10:44:38,600.0,36.0,S
2021-07-27T10:44:38,300.0,36.0,S
2021-07-27T10:44:38,1200.0,36.0,S
2021-07-27T10:44:38,1000.0,36.0,S
2021-07-27T10:44:38,3400.0,36.0,S
2021-07-27T10:44:38,2000.0,36.0,S
2021-07-27T10:44:38,1000.0,36.0,S
2021-07-27T10:44:38,2000.0,36.0,S
2021-07-27T10:44:38,11600.0,36.0,S
2021-07-27T10:44:38,1000.0,36.0,S
2021-07-27T10:44:38,3500.0,36.0,S
2021-07-27T10:44:38,10000.0,36.0,S
2021-07-27T10:44:38,100.0,36.0,S
2021-07-27T10:44:38,1900.0,36.0,S
2021-07-27T10:44:38,600.0,36.0,S
2021-07-27T10:44:38,800.0,36.0,S
2021-07-27T10:44:38,2000.0,36.0,S
2021-07-27T10:44:38,400.0,36.0,S
2021-07-27T10:44:38,5100.0,36.0,S
2021-07-27T10:44:38,1000.0,36.0,S
2021-07-27T10:44:38,600.0,36.0,S
2021-07-27T10:44:38,10800.0,36.0,S
2021-07-27T10:44:38,200.0,36.0,S
2021-07-27T10:44:38,5300.0,36.0,S
2021-07-27T10:44:38,300.0,36.0,S
2021-07-27T10:44:38,300.0,36.0,S
2021-07-27T10:44:38,35600.0,36.0,S
2021-07-27T10:44:38,200.0,36.0,S
2021-07-27T10:44:38,700.0,36.0,S
2021-07-27T10:44:38,2300.0,36.0,S
2021-07-27T10:44:38,1000.0,36.0,S
2021-07-27T10:44:38,13200.0,36.05,S
2021-07-27T10:44:38,200.0,36.05,S
2021-07-27T10:44:38,300.0,36.05,S
2021-07-27T10:44:38,4000.0,36.05,S
2021-07-27T10:44:38,3100.0,36.05,S
2021-07-27T10:44:33,500.0,36.05,S
2021-07-27T10:44:23,4000.0,36.1,S
2021-07-27T10:44:18,200.0,36.1,S
2021-07-27T10:44:12,1100.0,36.1,S
2021-07-27T10:44:08,200.0,36.1,S
2021-07-27T10:44:06,100.0,36.1,S
2021-07-27T10:44:06,100.0,36.1,S
2021-07-27T10:44:00,100.0,36.1,S
2021-07-27T10:43:57,1000.0,36.1,S
2021-07-27T10:43:49,600.0,36.1,S
2021-07-27T10:43:33,500.0,36.1,S
2021-07-27T10:43:23,100.0,36.1,S
2021-07-27T10:43:23,300.0,36.1,S
2021-07-27T10:43:23,900.0,36.1,S
2021-07-27T10:43:23,100.0,36.1,S
2021-07-27T10:43:23,2600.0,36.1,S
2021-07-27T10:43:23,2900.0,36.1,S
2021-07-27T10:43:22,8000.0,36.1,S
2021-07-27T10:43:18,500.0,36.1,S
2021-07-27T10:43:17,1000.0,36.1,S
2021-07-27T10:43:12,3600.0,36.1,S
2021-07-27T10:43:12,800.0,36.1,S
2021-07-27T10:43:12,4000.0,36.1,S
2021-07-27T10:43:12,1200.0,36.1,S
2021-07-27T10:43:12,10600.0,36.1,S
2021-07-27T10:43:12,500.0,36.1,S
2021-07-27T10:43:12,100.0,36.1,S
2021-07-27T10:43:12,400.0,36.1,S
2021-07-27T10:43:12,1100.0,36.1,S
2021-07-27T10:43:12,500.0,36.1,S
2021-07-27T10:43:12,1500.0,36.1,S
2021-07-27T10:43:12,5700.0,36.1,S
2021-07-27T10:43:11,100.0,36.15,B
2021-07-27T10:43:10,1000.0,36.15,B
2021-07-27T10:43:03,100.0,36.15,B
2021-07-27T10:42:55,3300.0,36.15,S
2021-07-27T10:42:55,1200.0,36.15,S
2021-07-27T10:42:55,3500.0,36.15,S
2021-07-27T10:42:53,1000.0,36.15,S
2021-07-27T10:42:46,4100.0,36.15,S
2021-07-27T10:42:36,6900.0,36.15,S
2021-07-27T10:42:36,2700.0,36.15,S
2021-07-27T10:42:36,2200.0,36.15,S
2021-07-27T10:42:36,1100.0,36.15,S
2021-07-27T10:42:36,2000.0,36.15,S
2021-07-27T10:42:36,1800.0,36.15,S
2021-07-27T10:42:36,200.0,36.15,S
2021-07-27T10:42:36,1100.0,36.15,S
2021-07-27T10:42:30,1000.0,36.15,S
2021-07-27T10:42:16,1000.0,36.15,S
2021-07-27T10:42:13,500.0,36.15,S
2021-07-27T10:42:05,100.0,36.15,S
2021-07-27T10:42:00,500.0,36.2,B
2021-07-27T10:41:55,300.0,36.15,S
2021-07-27T10:41:51,100.0,36.15,S
2021-07-27T10:41:39,100.0,36.15,S
2021-07-27T10:41:31,1000.0,36.15,S
2021-07-27T10:41:30,100.0,36.15,S
2021-07-27T10:41:13,3900.0,36.15,S
2021-07-27T10:41:13,100.0,36.15,S
2021-07-27T10:41:13,500.0,36.15,S
2021-07-27T10:41:13,1500.0,36.15,S
2021-07-27T10:41:13,4500.0,36.15,S
2021-07-27T10:41:10,1900.0,36.15,S
2021-07-27T10:41:03,3000.0,36.15,S
2021-07-27T10:40:59,2000.0,36.15,S
2021-07-27T10:40:44,500.0,36.15,S
2021-07-27T10:40:18,1700.0,36.2,B
2021-07-27T10:39:57,200.0,36.2,B
2021-07-27T10:39:54,200.0,36.2,B
2021-07-27T10:39:50,200.0,36.2,B
2021-07-27T10:39:48,100.0,36.2,B
2021-07-27T10:39:46,400.0,36.2,B
2021-07-27T10:39:30,600.0,36.2,S
2021-07-27T10:39:30,300.0,36.2,S
2021-07-27T10:39:30,200.0,36.2,S
2021-07-27T10:39:27,500.0,36.2,S
2021-07-27T10:39:26,1300.0,36.2,S
2021-07-27T10:39:19,100.0,36.2,S
2021-07-27T10:39:12,900.0,36.2,S
2021-07-27T10:39:09,1000.0,36.2,S
2021-07-27T10:39:00,1300.0,36.2,S
2021-07-27T10:38:57,500.0,36.2,S
2021-07-27T10:38:55,600.0,36.2,S
2021-07-27T10:38:55,1900.0,36.2,S
2021-07-27T10:38:50,2000.0,36.2,S
2021-07-27T10:38:43,7200.0,36.2,S
2021-07-27T10:38:43,1900.0,36.2,S
2021-07-27T10:38:43,900.0,36.2,S
2021-07-27T10:38:10,3400.0,36.2,S
2021-07-27T10:38:02,1000.0,36.25,B
2021-07-27T10:37:57,1600.0,36.2,S
2021-07-27T10:37:47,1000.0,36.25,B
2021-07-27T10:37:36,200.0,36.2,S
2021-07-27T10:37:16,1000.0,36.2,S
2021-07-27T10:37:04,500.0,36.25,B
2021-07-27T10:36:34,500.0,36.2,S
2021-07-27T10:36:24,1500.0,36.25,B
2021-07-27T10:36:05,200.0,36.2,S
2021-07-27T10:36:03,100.0,36.25,B
2021-07-27T10:35:40,4500.0,36.25,B
2021-07-27T10:35:32,5000.0,36.25,B
2021-07-27T10:35:00,300.0,36.25,B
2021-07-27T10:34:54,2000.0,36.25,B
2021-07-27T10:34:35,2000.0,36.25,B
2021-07-27T10:34:30,300.0,36.15,S
2021-07-27T10:34:30,1900.0,36.2,S
2021-07-27T10:34:30,1100.0,36.2,S
2021-07-27T10:34:30,11500.0,36.2,S
2021-07-27T10:34:25,200.0,36.25,B
2021-07-27T10:34:16,2000.0,36.25,B
2021-07-27T10:34:04,100.0,36.25,B
2021-07-27T10:33:51,1500.0,36.25,B
2021-07-27T10:33:23,400.0,36.25,B
2021-07-27T10:33:17,500.0,36.25,B
2021-07-27T10:33:08,300.0,36.2,S
2021-07-27T10:33:00,500.0,36.3,B
2021-07-27T10:33:00,7500.0,36.3,B
2021-07-27T10:32:59,2000.0,36.2,S
2021-07-27T10:32:50,12100.0,36.2,S
2021-07-27T10:32:50,100.0,36.25,B
2021-07-27T10:32:40,200.0,36.25,S
2021-07-27T10:32:40,3100.0,36.25,S
2021-07-27T10:32:40,3900.0,36.25,S
2021-07-27T10:32:34,1000.0,36.3,B
2021-07-27T10:32:22,400.0,36.3,B
2021-07-27T10:32:10,400.0,36.3,B
2021-07-27T10:31:30,500.0,36.25,S
2021-07-27T10:31:22,1000.0,36.25,B
2021-07-27T10:31:21,5000.0,36.25,B
2021-07-27T10:31:13,200.0,36.2,S
2021-07-27T10:31:08,1100.0,36.25,B
2021-07-27T10:31:02,500.0,36.2,S
2021-07-27T10:30:49,4700.0,36.2,S
2021-07-27T10:30:48,200.0,36.2,B
2021-07-27T10:30:39,200.0,36.2,B
2021-07-27T10:30:37,100.0,36.2,B
2021-07-27T10:30:36,100.0,36.2,B
2021-07-27T10:30:35,500.0,36.2,B
2021-07-27T10:30:30,2500.0,36.2,B
2021-07-27T10:30:30,7500.0,36.2,B
2021-07-27T10:30:26,1000.0,36.2,B
2021-07-27T10:30:26,800.0,36.2,B
2021-07-27T10:30:08,800.0,36.2,B
2021-07-27T10:30:06,300.0,36.2,B
2021-07-27T10:29:53,10000.0,36.2,B
2021-07-27T10:29:26,300.0,36.2,B
2021-07-27T10:29:26,700.0,36.2,B
2021-07-27T10:29:15,200.0,36.15,S
2021-07-27T10:29:09,1000.0,36.2,B
2021-07-27T10:29:01,100.0,36.15,S
2021-07-27T10:28:57,200.0,36.2,B
2021-07-27T10:28:41,100.0,36.2,B
2021-07-27T10:28:27,2000.0,36.15,S
2021-07-27T10:28:21,500.0,36.2,S
2021-07-27T10:28:16,1300.0,36.15,S
2021-07-27T10:28:16,1700.0,36.15,S
2021-07-27T10:28:10,100.0,36.2,S
2021-07-27T10:27:57,500.0,36.2,S
2021-07-27T10:27:54,400.0,36.2,B
2021-07-27T10:27:38,400.0,36.2,S
2021-07-27T10:27:38,200.0,36.2,S
2021-07-27T10:27:11,1000.0,36.2,S
2021-07-27T10:27:07,500.0,36.2,S
2021-07-27T10:27:04,100.0,36.2,S
2021-07-27T10:27:01,100.0,36.2,S
2021-07-27T10:26:43,5100.0,36.2,B
2021-07-27T10:26:38,5800.0,36.2,B
2021-07-27T10:26:38,4200.0,36.2,B
2021-07-27T10:26:37,500.0,36.15,S
2021-07-27T10:26:32,1000.0,36.2,B
2021-07-27T10:26:25,2000.0,36.15,S
2021-07-27T10:26:23,1000.0,36.2,B
2021-07-27T10:26:21,100.0,36.2,B
2021-07-27T10:26:15,700.0,36.2,B
2021-07-27T10:26:14,500.0,36.2,B
2021-07-27T10:26:13,5000.0,36.2,B
2021-07-27T10:26:06,2500.0,36.2,S
2021-07-27T10:26:04,100.0,36.25,B
2021-07-27T10:25:59,500.0,36.2,B
2021-07-27T10:25:51,2200.0,36.2,S
2021-07-27T10:25:45,1000.0,36.2,S
2021-07-27T10:25:37,3200.0,36.2,B
2021-07-27T10:25:37,100.0,36.2,B
2021-07-27T10:25:28,500.0,36.2,B
2021-07-27T10:25:25,200.0,36.2,B
2021-07-27T10:25:25,1200.0,36.2,B
2021-07-27T10:25:24,800.0,36.2,S
2021-07-27T10:25:21,1200.0,36.2,B
2021-07-27T10:25:21,100.0,36.2,B
2021-07-27T10:25:21,3700.0,36.2,S
2021-07-27T10:25:17,1300.0,36.2,B
2021-07-27T10:25:13,800.0,36.2,B
2021-07-27T10:25:04,2000.0,36.2,B
2021-07-27T10:25:02,1000.0,36.2,B
2021-07-27T10:24:56,5000.0,36.2,B
2021-07-27T10:24:52,100.0,36.2,B
2021-07-27T10:24:43,100.0,36.15,S
2021-07-27T10:24:39,100.0,36.2,B
2021-07-27T10:24:37,10000.0,36.2,B
2021-07-27T10:24:16,1500.0,36.15,S
2021-07-27T10:24:08,5400.0,36.15,S
2021-07-27T10:24:08,900.0,36.15,S
2021-07-27T10:24:08,100.0,36.15,S
2021-07-27T10:24:06,3600.0,36.15,S
2021-07-27T10:24:05,100.0,36.2,B
2021-07-27T10:24:01,500.0,36.15,S
2021-07-27T10:23:45,500.0,36.2,B
2021-07-27T10:23:44,1000.0,36.15,S
2021-07-27T10:23:34,100.0,36.15,S
2021-07-27T10:23:23,100.0,36.15,S
2021-07-27T10:23:14,500.0,36.15,S
2021-07-27T10:23:10,600.0,36.15,S
2021-07-27T10:23:06,10000.0,36.2,B
2021-07-27T10:23:05,200.0,36.2,B
2021-07-27T10:23:03,13700.0,36.15,S
2021-07-27T10:22:59,200.0,36.15,S
2021-07-27T10:22:53,1000.0,36.2,B
2021-07-27T10:22:42,100.0,36.2,B
2021-07-27T10:22:40,200.0,36.2,S
2021-07-27T10:22:40,1000.0,36.2,S
2021-07-27T10:22:39,300.0,36.2,S
2021-07-27T10:22:39,2300.0,36.2,S
2021-07-27T10:22:39,500.0,36.2,S
2021-07-27T10:22:39,3100.0,36.2,S
2021-07-27T10:22:15,600.0,36.25,B
2021-07-27T10:22:08,300.0,36.2,S
2021-07-27T10:22:08,200.0,36.2,S
2021-07-27T10:22:08,4500.0,36.2,S
2021-07-27T10:22:03,1000.0,36.25,B
2021-07-27T10:22:01,200.0,36.25,B
2021-07-27T10:21:52,300.0,36.25,B
2021-07-27T10:21:50,100.0,36.2,S
2021-07-27T10:21:43,900.0,36.2,S
2021-07-27T10:21:33,1000.0,36.2,S
2021-07-27T10:21:33,5000.0,36.2,S
2021-07-27T10:21:29,100.0,36.25,B
2021-07-27T10:21:29,200.0,36.25,B
2021-07-27T10:21:21,2000.0,36.25,B
2021-07-27T10:21:08,1000.0,36.2,S
2021-07-27T10:20:59,11700.0,36.25,S
2021-07-27T10:20:55,100.0,36.3,B
2021-07-27T10:20:50,2000.0,36.3,B
2021-07-27T10:20:50,3000.0,36.3,S
2021-07-27T10:20:50,1000.0,36.3,S
2021-07-27T10:20:50,200.0,36.3,S
2021-07-27T10:20:28,400.0,36.3,S
2021-07-27T10:20:25,1600.0,36.3,S
2021-07-27T10:20:25,1300.0,36.3,S
2021-07-27T10:20:25,100.0,36.3,S
2021-07-27T10:20:18,300.0,36.35,S
2021-07-27T10:20:11,2000.0,36.4,B
2021-07-27T10:20:11,1000.0,36.4,B
2021-07-27T10:19:59,100.0,36.4,B
2021-07-27T10:19:41,100.0,36.4,B
2021-07-27T10:19:33,100.0,36.4,B
2021-07-27T10:19:29,3000.0,36.4,B
2021-07-27T10:19:24,1000.0,36.4,S
2021-07-27T10:18:58,200.0,36.4,S
2021-07-27T10:18:44,200.0,36.4,S
2021-07-27T10:18:29,100.0,36.4,B
2021-07-27T10:18:25,400.0,36.4,S
2021-07-27T10:18:23,1100.0,36.4,B
2021-07-27T10:18:23,1000.0,36.4,B
2021-07-27T10:18:23,100.0,36.4,B
2021-07-27T10:18:20,200.0,36.4,B
2021-07-27T10:18:11,200.0,36.4,B
2021-07-27T10:18:09,200.0,36.35,S
2021-07-27T10:17:51,200.0,36.35,B
2021-07-27T10:17:49,500.0,36.35,B
2021-07-27T10:17:44,500.0,36.35,B
2021-07-27T10:17:28,100.0,36.35,B
2021-07-27T10:17:27,100.0,36.35,B
2021-07-27T10:17:23,200.0,36.35,B
2021-07-27T10:17:06,1900.0,36.3,B
2021-07-27T10:17:06,500.0,36.3,B
2021-07-27T10:17:01,200.0,36.3,B
2021-07-27T10:16:44,17600.0,36.3,B
2021-07-27T10:16:44,32400.0,36.3,B
2021-07-27T10:16:21,100.0,36.25,B
2021-07-27T10:16:18,100.0,36.25,B
2021-07-27T10:16:08,700.0,36.25,B
2021-07-27T10:16:03,2000.0,36.25,B
2021-07-27T10:15:49,1000.0,36.25,B
2021-07-27T10:15:45,4000.0,36.2,S
2021-07-27T10:15:44,200.0,36.25,B
2021-07-27T10:15:36,5000.0,36.25,B
2021-07-27T10:15:35,1800.0,36.25,B
2021-07-27T10:15:33,300.0,36.2,S
2021-07-27T10:15:30,500.0,36.25,B
2021-07-27T10:15:28,3000.0,36.25,B
2021-07-27T10:15:25,100.0,36.25,B
2021-07-27T10:15:20,300.0,36.25,B
2021-07-27T10:15:18,100.0,36.25,B
2021-07-27T10:15:15,1000.0,36.25,B
2021-07-27T10:15:09,2000.0,36.25,B
2021-07-27T10:15:01,8000.0,36.25,B
2021-07-27T10:15:00,100.0,36.25,B
2021-07-27T10:14:57,200.0,36.25,B
2021-07-27T10:14:30,100.0,36.25,B
2021-07-27T10:14:20,100.0,36.2,S
2021-07-27T10:14:19,100.0,36.25,B
2021-07-27T10:14:11,1000.0,36.25,B
2021-07-27T10:14:00,700.0,36.25,B
2021-07-27T10:13:38,900.0,36.2,S
2021-07-27T10:13:36,700.0,36.25,B
2021-07-27T10:13:25,1000.0,36.25,B
2021-07-27T10:13:19,100.0,36.2,B
2021-07-27T10:13:13,1000.0,36.2,B
2021-07-27T10:13:12,1000.0,36.2,B
2021-07-27T10:13:12,100.0,36.2,B
2021-07-27T10:13:11,300.0,36.2,B
2021-07-27T10:13:01,100.0,36.2,B
2021-07-27T10:12:54,1000.0,36.2,B
2021-07-27T10:12:49,1000.0,36.2,B
2021-07-27T10:12:49,300.0,36.2,B
2021-07-27T10:12:45,1200.0,36.2,B
2021-07-27T10:12:43,300.0,36.2,B
2021-07-27T10:12:37,1000.0,36.2,B
2021-07-27T10:12:35,600.0,36.2,B
2021-07-27T10:12:31,2400.0,36.2,B
2021-07-27T10:12:06,400.0,36.2,B
2021-07-27T10:12:06,100.0,36.2,B
2021-07-27T10:12:02,100.0,36.15,S
2021-07-27T10:11:59,6000.0,36.15,S
2021-07-27T10:11:58,100.0,36.2,B
2021-07-27T10:11:44,200.0,36.15,S
2021-07-27T10:11:42,3000.0,36.15,S
2021-07-27T10:11:40,4200.0,36.15,B
2021-07-27T10:11:40,500.0,36.1,S
2021-07-27T10:11:35,800.0,36.15,S
2021-07-27T10:11:29,1000.0,36.15,S
2021-07-27T10:11:29,100.0,36.15,S
2021-07-27T10:11:28,200.0,36.2,B
2021-07-27T10:11:22,5000.0,36.15,S
2021-07-27T10:11:18,100.0,36.15,S
2021-07-27T10:11:16,100.0,36.15,S
2021-07-27T10:11:00,500.0,36.1,S
2021-07-27T10:10:59,8100.0,36.1,S
2021-07-27T10:10:59,1700.0,36.1,S
2021-07-27T10:10:59,4300.0,36.1,S
2021-07-27T10:10:59,5600.0,36.1,S
2021-07-27T10:10:59,700.0,36.1,S
2021-07-27T10:10:59,3600.0,36.1,S
2021-07-27T10:10:50,10000.0,36.1,S
2021-07-27T10:10:47,100.0,36.2,B
2021-07-27T10:10:39,2500.0,36.1,S
2021-07-27T10:10:39,2000.0,36.1,S
2021-07-27T10:10:39,200.0,36.1,S
2021-07-27T10:10:39,5300.0,36.15,S
2021-07-27T10:10:38,5800.0,36.15,S
2021-07-27T10:10:38,1000.0,36.15,S
2021-07-27T10:10:38,1400.0,36.15,S
2021-07-27T10:10:38,100.0,36.15,S
2021-07-27T10:10:38,200.0,36.15,S
2021-07-27T10:10:38,200.0,36.15,S
2021-07-27T10:10:38,1100.0,36.15,S
2021-07-27T10:10:38,3200.0,36.15,S
2021-07-27T10:10:38,3000.0,36.15,S
2021-07-27T10:10:38,500.0,36.15,S
2021-07-27T10:10:38,300.0,36.15,S
2021-07-27T10:10:38,300.0,36.15,S
2021-07-27T10:10:38,4900.0,36.15,S
2021-07-27T10:10:38,600.0,36.15,S
2021-07-27T10:10:38,800.0,36.15,S
2021-07-27T10:10:38,3600.0,36.15,S
2021-07-27T10:10:38,1900.0,36.15,S
2021-07-27T10:10:31,2200.0,36.15,S
2021-07-27T10:10:31,1500.0,36.15,S
2021-07-27T10:10:31,1300.0,36.15,S
2021-07-27T10:10:30,300.0,36.2,B
2021-07-27T10:10:13,300.0,36.2,B
2021-07-27T10:10:06,200.0,36.15,S
2021-07-27T10:09:58,200.0,36.2,B
2021-07-27T10:09:55,3000.0,36.2,B
2021-07-27T10:09:55,100.0,36.2,B
2021-07-27T10:09:55,1000.0,36.2,B
2021-07-27T10:09:52,300.0,36.2,S
2021-07-27T10:09:44,300.0,36.25,B
2021-07-27T10:09:43,500.0,36.2,B
2021-07-27T10:09:43,800.0,36.2,S
2021-07-27T10:09:43,1100.0,36.2,S
2021-07-27T10:09:43,7400.0,36.2,S
2021-07-27T10:09:41,100.0,36.2,S
2021-07-27T10:09:41,200.0,36.2,S
2021-07-27T10:09:31,200.0,36.2,S
2021-07-27T10:09:30,100.0,36.2,S
2021-07-27T10:09:30,6100.0,36.2,S
2021-07-27T10:09:22,300.0,36.2,S
2021-07-27T10:09:19,200.0,36.2,S
2021-07-27T10:09:09,1500.0,36.2,S
2021-07-27T10:09:08,1000.0,36.2,S
2021-07-27T10:09:08,1400.0,36.2,S
2021-07-27T10:08:58,3000.0,36.2,S
2021-07-27T10:08:58,4700.0,36.2,S
2021-07-27T10:08:49,1000.0,36.2,S
2021-07-27T10:08:38,100.0,36.2,S
2021-07-27T10:08:31,2000.0,36.2,S
2021-07-27T10:08:28,1000.0,36.2,S
2021-07-27T10:08:28,1900.0,36.2,S
2021-07-27T10:08:20,500.0,36.25,B
2021-07-27T10:08:08,500.0,36.25,B
2021-07-27T10:07:55,100.0,36.25,B
2021-07-27T10:07:54,1000.0,36.2,S
2021-07-27T10:07:48,2000.0,36.2,S
2021-07-27T10:07:47,100.0,36.2,S
2021-07-27T10:07:47,200.0,36.2,S
2021-07-27T10:07:47,800.0,36.2,S
2021-07-27T10:07:47,3100.0,36.2,S
2021-07-27T10:07:47,800.0,36.2,S
2021-07-27T10:07:39,1000.0,36.25,B
2021-07-27T10:07:38,3900.0,36.25,S
2021-07-27T10:07:34,400.0,36.25,S
2021-07-27T10:07:24,2500.0,36.25,S
2021-07-27T10:07:22,100.0,36.3,B
2021-07-27T10:07:01,200.0,36.3,B
2021-07-27T10:06:54,300.0,36.25,S
2021-07-27T10:06:50,300.0,36.2,S
2021-07-27T10:06:37,300.0,36.3,B
2021-07-27T10:06:37,500.0,36.3,B
2021-07-27T10:06:32,2000.0,36.25,B
2021-07-27T10:06:30,1000.0,36.2,S
2021-07-27T10:06:27,100.0,36.25,B
2021-07-27T10:06:27,500.0,36.25,B
2021-07-27T10:06:20,1000.0,36.2,S
2021-07-27T10:06:16,1000.0,36.25,B
2021-07-27T10:06:15,3000.0,36.25,S
2021-07-27T10:06:04,400.0,36.3,B
2021-07-27T10:05:56,1000.0,36.25,S
2021-07-27T10:05:56,2000.0,36.25,S
2021-07-27T10:05:54,200.0,36.3,B
2021-07-27T10:05:52,200.0,36.3,B
2021-07-27T10:05:08,200.0,36.3,S
2021-07-27T10:05:04,200.0,36.3,S
2021-07-27T10:04:52,900.0,36.3,S
2021-07-27T10:04:52,200.0,36.3,S
2021-07-27T10:04:47,100.0,36.35,B
2021-07-27T10:04:43,800.0,36.3,S
2021-07-27T10:04:43,2100.0,36.3,S
2021-07-27T10:04:43,400.0,36.3,S
2021-07-27T10:04:43,2100.0,36.3,S
2021-07-27T10:04:42,1000.0,36.3,S
2021-07-27T10:04:40,1000.0,36.3,S
2021-07-27T10:04:37,5000.0,36.3,S
2021-07-27T10:04:37,500.0,36.3,S
2021-07-27T10:04:37,500.0,36.3,S
2021-07-27T10:04:37,4200.0,36.3,S
2021-07-27T10:04:36,500.0,36.3,S
2021-07-27T10:04:35,9900.0,36.3,S
2021-07-27T10:04:31,1500.0,36.3,S
2021-07-27T10:04:19,100.0,36.35,S
2021-07-27T10:04:19,900.0,36.35,S
2021-07-27T10:04:19,300.0,36.35,S
2021-07-27T10:04:19,200.0,36.35,S
2021-07-27T10:04:12,1000.0,36.35,S
2021-07-27T10:04:00,900.0,36.4,S
2021-07-27T10:03:55,2000.0,36.4,S
2021-07-27T10:03:53,100.0,36.5,B
2021-07-27T10:03:51,600.0,36.4,S
2021-07-27T10:03:51,100.0,36.4,S
2021-07-27T10:03:47,1000.0,36.4,S
2021-07-27T10:03:33,100.0,36.5,B
2021-07-27T10:03:17,200.0,36.5,B
2021-07-27T10:02:49,100.0,36.5,B
2021-07-27T10:02:41,100.0,36.4,S
2021-07-27T10:02:41,1600.0,36.4,S
2021-07-27T10:02:41,1300.0,36.4,S
2021-07-27T10:02:41,3100.0,36.4,S
2021-07-27T10:02:41,100.0,36.45,S
2021-07-27T10:02:41,400.0,36.45,S
2021-07-27T10:02:41,300.0,36.45,S
2021-07-27T10:02:41,1100.0,36.45,S
2021-07-27T10:02:41,12000.0,36.5,S
2021-07-27T10:02:39,1300.0,36.5,S
2021-07-27T10:02:39,8700.0,36.5,S
2021-07-27T10:02:39,5000.0,36.5,S
2021-07-27T10:02:36,3000.0,36.5,S
2021-07-27T10:02:36,500.0,36.5,S
2021-07-27T10:02:36,500.0,36.5,S
2021-07-27T10:02:36,200.0,36.5,S
2021-07-27T10:02:36,200.0,36.5,S
2021-07-27T10:02:36,400.0,36.5,S
2021-07-27T10:02:36,300.0,36.5,S
2021-07-27T10:02:36,2200.0,36.5,S
2021-07-27T10:02:36,300.0,36.5,S
2021-07-27T10:02:36,100.0,36.5,S
2021-07-27T10:02:36,1500.0,36.5,S
2021-07-27T10:02:36,600.0,36.5,S
2021-07-27T10:02:36,100.0,36.5,S
2021-07-27T10:02:36,1500.0,36.5,S
2021-07-27T10:02:36,1400.0,36.5,S
2021-07-27T10:02:36,100.0,36.5,S
2021-07-27T10:02:36,300.0,36.5,S
2021-07-27T10:02:36,5600.0,36.5,S
2021-07-27T10:02:35,500.0,36.5,S
2021-07-27T10:02:29,5900.0,36.5,S
2021-07-27T10:02:27,1000.0,36.5,S
2021-07-27T10:02:17,5000.0,36.5,S
2021-07-27T10:02:13,100.0,36.55,B
2021-07-27T10:01:52,1000.0,36.5,S
2021-07-27T10:01:38,1000.0,36.55,B
2021-07-27T10:01:28,1000.0,36.55,B
2021-07-27T10:01:08,200.0,36.5,S
2021-07-27T10:01:06,1000.0,36.55,B
2021-07-27T10:01:05,2000.0,36.55,B
2021-07-27T10:00:55,100.0,36.55,B
2021-07-27T10:00:53,500.0,36.55,B
2021-07-27T10:00:52,5500.0,36.55,B
2021-07-27T10:00:44,1000.0,36.55,S
2021-07-27T10:00:25,400.0,36.55,B
2021-07-27T10:00:20,100.0,36.55,B
2021-07-27T09:59:55,100.0,36.55,B
2021-07-27T09:59:52,1000.0,36.55,B
2021-07-27T09:59:36,1400.0,36.55,S
2021-07-27T09:59:06,500.0,36.55,B
2021-07-27T09:58:33,200.0,36.6,B
2021-07-27T09:58:29,2000.0,36.5,S
2021-07-27T09:58:20,700.0,36.6,S
2021-07-27T09:58:14,100.0,36.6,S
2021-07-27T09:57:57,500.0,36.6,S
2021-07-27T09:57:32,19400.0,36.6,B
2021-07-27T09:57:26,300.0,36.55,B
2021-07-27T09:57:07,1000.0,36.55,B
2021-07-27T09:57:03,200.0,36.55,B
2021-07-27T09:56:58,1000.0,36.55,B
2021-07-27T09:56:44,1000.0,36.5,S
2021-07-27T09:56:39,200.0,36.55,B
2021-07-27T09:56:37,24700.0,36.6,B
2021-07-27T09:56:37,2700.0,36.6,B
2021-07-27T09:56:36,2600.0,36.55,B
2021-07-27T09:56:33,1000.0,36.55,B
2021-07-27T09:56:25,500.0,36.55,B
2021-07-27T09:56:19,1300.0,36.55,B
2021-07-27T09:56:17,1000.0,36.55,B
2021-07-27T09:56:05,100.0,36.55,B
2021-07-27T09:56:04,500.0,36.55,B
2021-07-27T09:55:36,100.0,36.55,B
2021-07-27T09:55:18,900.0,36.55,S
2021-07-27T09:55:17,4100.0,36.55,S
2021-07-27T09:55:17,700.0,36.55,S
2021-07-27T09:54:43,200.0,36.55,S
2021-07-27T09:54:42,100.0,36.55,S
2021-07-27T09:54:40,200.0,36.55,S
2021-07-27T09:54:40,1800.0,36.55,S
2021-07-27T09:54:30,600.0,36.55,S
2021-07-27T09:54:02,800.0,36.55,S
2021-07-27T09:53:57,300.0,36.55,S
2021-07-27T09:53:19,2000.0,36.55,S
2021-07-27T09:53:18,2200.0,36.6,B
2021-07-27T09:53:18,4200.0,36.6,B
2021-07-27T09:53:18,400.0,36.6,B
2021-07-27T09:53:18,2800.0,36.6,B
2021-07-27T09:53:18,2000.0,36.6,B
2021-07-27T09:53:18,8400.0,36.6,B
2021-07-27T09:53:17,3300.0,36.55,S
2021-07-27T09:52:58,100.0,36.6,B
2021-07-27T09:52:58,100.0,36.6,B
2021-07-27T09:52:44,11300.0,36.55,B
2021-07-27T09:52:43,500.0,36.55,B
2021-07-27T09:52:23,1000.0,36.5,S
2021-07-27T09:52:21,6200.0,36.5,S
2021-07-27T09:52:03,1000.0,36.55,B
2021-07-27T09:52:00,200.0,36.55,S
2021-07-27T09:51:44,1000.0,36.6,B
2021-07-27T09:51:01,100.0,36.6,B
2021-07-27T09:50:58,100.0,36.6,B
2021-07-27T09:50:57,100.0,36.55,S
2021-07-27T09:50:57,1000.0,36.6,B
2021-07-27T09:50:50,200.0,36.6,B
2021-07-27T09:50:50,3000.0,36.6,B
2021-07-27T09:50:47,1000.0,36.6,S
2021-07-27T09:50:47,9300.0,36.6,S
2021-07-27T09:50:47,500.0,36.6,S
2021-07-27T09:50:06,100.0,36.6,S
2021-07-27T09:49:52,2000.0,36.6,S
2021-07-27T09:49:50,1500.0,36.6,S
2021-07-27T09:49:24,500.0,36.6,S
2021-07-27T09:49:22,100.0,36.6,S
2021-07-27T09:49:12,800.0,36.6,B
2021-07-27T09:49:11,400.0,36.6,B
2021-07-27T09:49:10,200.0,36.6,S
2021-07-27T09:48:59,800.0,36.6,B
2021-07-27T09:48:59,200.0,36.6,S
2021-07-27T09:48:45,2000.0,36.5,S
2021-07-27T09:48:44,100.0,36.6,S
2021-07-27T09:48:30,3800.0,36.6,B
2021-07-27T09:48:27,200.0,36.5,S
2021-07-27T09:48:22,100.0,36.6,B
2021-07-27T09:47:38,100.0,36.6,B
2021-07-27T09:47:34,500.0,36.5,B
2021-07-27T09:47:31,1000.0,36.5,S
2021-07-27T09:47:30,100.0,36.5,S
2021-07-27T09:47:05,1200.0,36.5,S
2021-07-27T09:47:05,200.0,36.5,S
2021-07-27T09:47:05,12600.0,36.5,S
2021-07-27T09:47:03,3200.0,36.6,S
2021-07-27T09:47:02,100.0,36.6,S
2021-07-27T09:46:53,500.0,36.6,S
2021-07-27T09:46:41,1000.0,36.6,S
2021-07-27T09:46:40,1200.0,36.6,S
2021-07-27T09:46:15,600.0,36.6,S
2021-07-27T09:46:12,1000.0,36.7,B
2021-07-27T09:45:59,500.0,36.65,B
2021-07-27T09:45:58,1000.0,36.65,B
2021-07-27T09:45:54,800.0,36.65,B
2021-07-27T09:45:38,1900.0,36.6,B
2021-07-27T09:45:37,1000.0,36.5,S
2021-07-27T09:45:19,100.0,36.6,B
2021-07-27T09:45:04,3000.0,36.6,B
2021-07-27T09:45:00,100.0,36.5,B
2021-07-27T09:45:00,2300.0,36.5,S
2021-07-27T09:45:00,500.0,36.6,B
2021-07-27T09:44:57,100.0,36.55,B
2021-07-27T09:44:55,2000.0,36.55,B
2021-07-27T09:44:22,2700.0,36.5,S
2021-07-27T09:44:18,1000.0,36.45,S
2021-07-27T09:44:15,100.0,36.5,B
2021-07-27T09:44:10,1000.0,36.5,B
2021-07-27T09:43:46,400.0,36.5,B
2021-07-27T09:43:42,500.0,36.5,B
2021-07-27T09:43:33,800.0,36.5,B
2021-07-27T09:43:28,200.0,36.5,B
2021-07-27T09:43:07,1200.0,36.5,B
2021-07-27T09:43:07,2300.0,36.5,B
2021-07-27T09:42:59,3000.0,36.45,B
2021-07-27T09:42:57,2000.0,36.4,B
2021-07-27T09:42:55,700.0,36.4,B
2021-07-27T09:42:54,200.0,36.35,B
2021-07-27T09:42:53,200.0,36.35,S
2021-07-27T09:42:44,5500.0,36.4,B
2021-07-27T09:42:40,200.0,36.4,B
2021-07-27T09:42:35,2500.0,36.4,S
2021-07-27T09:42:35,13700.0,36.4,S
2021-07-27T09:42:35,2900.0,36.45,S
2021-07-27T09:42:35,3000.0,36.45,S
2021-07-27T09:42:06,2000.0,36.5,B
2021-07-27T09:42:01,300.0,36.5,B
2021-07-27T09:41:52,1000.0,36.5,B
2021-07-27T09:41:52,300.0,36.45,S
2021-07-27T09:41:50,1000.0,36.5,B
2021-07-27T09:41:40,1200.0,36.5,B
2021-07-27T09:41:37,1500.0,36.5,B
2021-07-27T09:41:26,300.0,36.5,S
2021-07-27T09:41:15,5000.0,36.4,S
2021-07-27T09:41:12,1900.0,36.5,S
2021-07-27T09:41:06,1000.0,36.5,S
2021-07-27T09:40:59,500.0,36.5,S
2021-07-27T09:40:56,2600.0,36.65,B
2021-07-27T09:40:56,2400.0,36.65,B
2021-07-27T09:40:43,4500.0,36.55,B
2021-07-27T09:40:42,600.0,36.5,B
2021-07-27T09:40:39,300.0,36.5,B
2021-07-27T09:40:27,500.0,36.5,B
2021-07-27T09:40:27,100.0,36.5,B
2021-07-27T09:40:24,200.0,36.5,S
2021-07-27T09:40:24,400.0,36.5,S
2021-07-27T09:40:24,5000.0,36.5,S
2021-07-27T09:40:23,100.0,36.5,S
2021-07-27T09:40:22,600.0,36.5,S
2021-07-27T09:40:22,500.0,36.5,S
2021-07-27T09:40:22,1400.0,36.5,S
2021-07-27T09:40:22,700.0,36.5,S
2021-07-27T09:40:21,6800.0,36.5,S
2021-07-27T09:40:17,2300.0,36.5,S
2021-07-27T09:40:17,700.0,36.5,S
2021-07-27T09:40:16,8900.0,36.5,S
2021-07-27T09:40:14,100.0,36.55,B
2021-07-27T09:39:59,300.0,36.55,S
2021-07-27T09:39:54,2100.0,36.5,S
2021-07-27T09:39:47,500.0,36.55,S
2021-07-27T09:39:44,800.0,36.55,S
2021-07-27T09:39:40,1000.0,36.55,S
2021-07-27T09:39:23,700.0,36.55,S
2021-07-27T09:39:16,100.0,36.55,S
2021-07-27T09:39:09,20000.0,36.5,S
2021-07-27T09:39:00,2000.0,36.7,B
2021-07-27T09:39:00,600.0,36.55,S
2021-07-27T09:39:00,1900.0,36.55,S
2021-07-27T09:38:59,2500.0,36.6,S
2021-07-27T09:38:51,1000.0,36.7,B
2021-07-27T09:38:50,200.0,36.7,B
2021-07-27T09:38:44,300.0,36.7,B
2021-07-27T09:38:42,1100.0,36.7,S
2021-07-27T09:38:42,900.0,36.7,S
2021-07-27T09:38:36,100.0,36.7,S
2021-07-27T09:38:30,200.0,36.7,S
2021-07-27T09:38:28,200.0,36.8,B
2021-07-27T09:38:15,1000.0,36.8,B
2021-07-27T09:38:10,2100.0,36.8,B
2021-07-27T09:38:06,2100.0,36.8,B
2021-07-27T09:37:50,200.0,36.8,B
2021-07-27T09:37:47,1000.0,36.7,S
2021-07-27T09:37:45,1100.0,36.7,B
2021-07-27T09:37:45,800.0,36.7,B
2021-07-27T09:37:42,100.0,36.7,B
2021-07-27T09:37:41,1000.0,36.7,B
2021-07-27T09:37:39,500.0,36.65,S
2021-07-27T09:37:27,2000.0,36.7,B
2021-07-27T09:37:24,500.0,36.7,B
2021-07-27T09:37:20,100.0,36.6,B
2021-07-27T09:37:18,100.0,36.6,S
2021-07-27T09:37:16,1000.0,36.7,B
2021-07-27T09:37:14,1100.0,36.55,S
2021-07-27T09:37:14,18900.0,36.55,S
2021-07-27T09:37:07,100.0,36.6,S
2021-07-27T09:37:07,100.0,36.65,S
2021-07-27T09:37:00,500.0,36.6,S
2021-07-27T09:36:56,300.0,36.6,S
2021-07-27T09:36:49,400.0,36.6,S
2021-07-27T09:36:48,800.0,36.7,B
2021-07-27T09:36:48,100.0,36.7,B
2021-07-27T09:36:46,1000.0,36.6,S
2021-07-27T09:36:34,500.0,36.6,S
2021-07-27T09:36:30,300.0,36.6,S
2021-07-27T09:36:21,100.0,36.55,S
2021-07-27T09:36:19,300.0,36.7,B
2021-07-27T09:36:19,500.0,36.7,B
2021-07-27T09:36:19,100.0,36.7,B
2021-07-27T09:36:14,3800.0,36.55,S
2021-07-27T09:36:14,1300.0,36.6,S
2021-07-27T09:36:14,3900.0,36.6,S
2021-07-27T09:36:14,1000.0,36.7,S
2021-07-27T09:36:03,500.0,36.7,S
2021-07-27T09:36:03,300.0,36.8,B
2021-07-27T09:35:59,1800.0,36.8,S
2021-07-27T09:35:54,400.0,36.8,S
2021-07-27T09:35:52,1000.0,36.8,S
2021-07-27T09:35:51,500.0,36.85,B
2021-07-27T09:35:37,3000.0,36.85,B
2021-07-27T09:35:26,1000.0,36.8,B
2021-07-27T09:35:23,200.0,36.7,S
2021-07-27T09:35:21,700.0,36.8,S
2021-07-27T09:35:11,500.0,36.85,B
2021-07-27T09:35:09,800.0,36.7,S
2021-07-27T09:34:58,1200.0,36.85,B
2021-07-27T09:34:48,100.0,36.85,B
2021-07-27T09:34:38,1200.0,36.85,B
2021-07-27T09:34:38,1000.0,36.8,B
2021-07-27T09:34:34,10000.0,36.6,S
2021-07-27T09:34:23,600.0,36.55,S
2021-07-27T09:34:23,4000.0,36.85,B
2021-07-27T09:34:22,9600.0,36.6,S
2021-07-27T09:34:19,4700.0,36.6,S
2021-07-27T09:34:11,200.0,36.6,S
2021-07-27T09:34:11,200.0,36.6,S
2021-07-27T09:34:04,1000.0,36.7,S
2021-07-27T09:33:52,200.0,36.8,B
2021-07-27T09:33:51,100.0,36.8,S
2021-07-27T09:33:48,100.0,36.85,B
2021-07-27T09:33:46,200.0,36.8,S
2021-07-27T09:33:42,1000.0,36.8,S
2021-07-27T09:33:36,800.0,36.8,S
2021-07-27T09:33:35,200.0,36.8,S
2021-07-27T09:33:27,400.0,36.8,S
2021-07-27T09:33:19,600.0,36.8,S
2021-07-27T09:33:00,5000.0,36.9,B
2021-07-27T09:32:59,200.0,36.8,B
2021-07-27T09:32:58,300.0,36.6,S
2021-07-27T09:32:58,100.0,36.6,S
2021-07-27T09:32:58,600.0,36.7,S
2021-07-27T09:32:55,200.0,36.8,B
2021-07-27T09:32:55,3900.0,36.8,S
2021-07-27T09:32:55,5000.0,36.8,S
2021-07-27T09:32:53,700.0,37.0,B
2021-07-27T09:32:51,200.0,37.0,B
2021-07-27T09:32:50,5000.0,36.8,S
2021-07-27T09:32:41,100.0,37.0,B
2021-07-27T09:32:40,1000.0,37.0,B
2021-07-27T09:32:39,1400.0,36.8,S
2021-07-27T09:32:39,1200.0,37.0,B
2021-07-27T09:32:35,2000.0,37.0,B
2021-07-27T09:32:34,200.0,37.0,B
2021-07-27T09:32:34,100.0,37.0,B
2021-07-27T09:32:31,200.0,36.8,S
2021-07-27T09:32:29,1200.0,37.0,B
2021-07-27T09:32:29,1800.0,37.0,B
2021-07-27T09:32:29,500.0,36.85,B
2021-07-27T09:32:26,500.0,36.85,S
2021-07-27T09:32:24,2200.0,36.9,B
2021-07-27T09:32:22,2000.0,36.9,B
2021-07-27T09:32:16,2100.0,36.85,S
2021-07-27T09:32:16,300.0,37.0,B
2021-07-27T09:32:13,600.0,37.0,B
2021-07-27T09:32:12,200.0,37.0,B
2021-07-27T09:32:10,200.0,37.0,S
2021-07-27T09:32:07,5000.0,37.2,B
2021-07-27T09:32:05,200.0,37.0,S
2021-07-27T09:32:05,700.0,37.0,B
2021-07-27T09:32:04,1000.0,37.0,B
2021-07-27T09:32:02,1000.0,37.0,B
2021-07-27T09:32:01,800.0,37.0,B
2021-07-27T09:32:01,300.0,37.0,B
2021-07-27T09:32:01,200.0,37.0,B
2021-07-27T09:32:01,300.0,37.0,B
2021-07-27T09:32:00,2000.0,37.0,B
2021-07-27T09:31:59,1000.0,37.0,B
2021-07-27T09:31:57,100.0,37.0,B
2021-07-27T09:31:56,900.0,36.9,S
2021-07-27T09:31:56,600.0,36.9,S
2021-07-27T09:31:55,100.0,37.0,B
2021-07-27T09:31:54,4100.0,37.0,S
2021-07-27T09:31:52,2000.0,37.0,S
2021-07-27T09:31:51,100.0,37.05,S
2021-07-27T09:31:51,100.0,37.0,S
2021-07-27T09:31:50,200.0,37.2,B
2021-07-27T09:31:50,200.0,37.2,B
2021-07-27T09:31:50,300.0,37.15,B
2021-07-27T09:31:50,5800.0,37.1,B
2021-07-27T09:31:50,2000.0,37.1,B
2021-07-27T09:31:50,1500.0,37.1,B
2021-07-27T09:31:46,100.0,37.0,S
2021-07-27T09:31:46,1000.0,37.0,S
2021-07-27T09:31:44,100.0,37.05,B
2021-07-27T09:31:40,3600.0,37.0,S
2021-07-27T09:31:33,100.0,37.0,S
2021-07-27T09:31:30,1000.0,37.0,S
2021-07-27T09:31:23,1000.0,37.0,S
2021-07-27T09:31:11,200.0,37.0,S
2021-07-27T09:31:10,2000.0,37.0,S
2021-07-27T09:31:10,200.0,37.0,S
2021-07-27T09:31:05,1000.0,37.1,B
2021-07-27T09:31:04,1800.0,37.0,B
2021-07-27T09:31:02,200.0,37.0,B
2021-07-27T09:31:02,2200.0,37.0,B
2021-07-27T09:31:01,500.0,37.0,B
2021-07-27T09:30:59,3000.0,37.0,B
2021-07-27T09:30:52,500.0,37.0,B
2021-07-27T09:30:52,500.0,37.0,B
2021-07-27T09:30:52,4000.0,37.0,B
2021-07-27T09:30:52,1000.0,36.85,B
2021-07-27T09:30:49,100.0,37.0,B
2021-07-27T09:30:49,2300.0,37.0,B
2021-07-27T09:30:49,900.0,37.0,B
2021-07-27T09:30:49,1200.0,37.0,B
2021-07-27T09:30:49,2400.0,37.0,B
2021-07-27T09:30:49,10000.0,36.9,S
2021-07-27T09:30:48,200.0,36.9,S
2021-07-27T09:30:42,1000.0,37.0,B
2021-07-27T09:30:41,100.0,37.0,B
2021-07-27T09:30:41,100.0,37.0,B
2021-07-27T09:30:37,2000.0,36.8,S
2021-07-27T09:30:36,100.0,36.9,S
2021-07-27T09:30:33,400.0,37.0,B
2021-07-27T09:30:33,500.0,37.0,B
2021-07-27T09:30:33,2100.0,37.0,B
2021-07-27T09:30:33,500.0,37.0,B
2021-07-27T09:30:33,3500.0,37.0,B
2021-07-27T09:30:32,3000.0,36.85,S
2021-07-27T09:30:31,200.0,36.9,S
2021-07-27T09:30:30,500.0,37.0,B
2021-07-27T09:30:25,9000.0,36.9,B
2021-07-27T09:30:25,2000.0,36.85,S
2021-07-27T09:30:25,2100.0,36.9,B
2021-07-27T09:30:24,300.0,36.85,S
2021-07-27T09:30:24,400.0,36.9,B
2021-07-27T09:30:24,700.0,36.9,B
2021-07-27T09:30:24,900.0,36.9,B
2021-07-27T09:30:24,700.0,36.9,B
2021-07-27T09:30:17,100.0,36.85,S
2021-07-27T09:30:14,600.0,36.85,B
2021-07-27T09:30:13,500.0,36.85,B
2021-07-27T09:30:04,300.0,36.8,B
2021-07-27T09:30:00,800.0,36.8,B
2021-07-27T09:29:56,5000.0,36.8,B
2021-07-27T09:29:55,5000.0,36.8,B
2021-07-27T09:29:55,300.0,36.7,S
2021-07-27T09:29:46,300.0,36.8,B
2021-07-27T09:29:43,300.0,36.8,B
2021-07-27T09:29:43,1000.0,36.8,B
2021-07-27T09:29:43,3000.0,36.8,B
2021-07-27T09:29:43,2300.0,36.7,B
2021-07-27T09:29:31,100.0,36.7,B
2021-07-27T09:29:24,1400.0,36.7,B
2021-07-27T09:29:21,600.0,36.6,S
2021-07-27T09:29:16,100.0,36.6,B
2021-07-27T09:29:16,3900.0,36.6,B
2021-07-27T09:29:14,200.0,36.5,S
2021-07-27T09:29:13,200.0,36.6,B
2021-07-27T09:29:09,1000.0,36.6,B
2021-07-27T09:29:05,1000.0,36.6,B
2021-07-27T09:29:03,3600.0,36.4,S
2021-07-27T09:29:03,200.0,36.4,S
2021-07-27T09:29:03,8200.0,36.4,S
2021-07-27T09:29:02,200.0,36.6,B
2021-07-27T09:29:00,2400.0,36.6,B
2021-07-27T09:28:58,1500.0,36.5,B
2021-07-27T09:28:58,1000.0,36.5,B
2021-07-27T09:28:58,400.0,36.5,B
2021-07-27T09:28:57,2900.0,36.5,B
2021-07-27T09:28:57,100.0,36.5,B
2021-07-27T09:28:57,100.0,36.5,B
2021-07-27T09:28:57,1000.0,36.5,B
2021-07-27T09:28:55,1000.0,36.5,B
2021-07-27T09:28:54,400.0,36.5,B
2021-07-27T09:28:51,1000.0,36.5,B
2021-07-27T09:28:50,200.0,36.5,B
2021-07-27T09:28:47,1000.0,36.5,B
2021-07-27T09:28:45,400.0,36.5,B
2021-07-27T09:28:39,1000.0,36.45,B
2021-07-27T09:28:38,1000.0,36.4,S
2021-07-27T09:28:33,2000.0,36.5,B
2021-07-27T09:28:31,900.0,36.45,B
2021-07-27T09:28:30,4100.0,36.45,B
2021-07-27T09:28:29,500.0,36.4,S
2021-07-27T09:28:25,500.0,36.4,S
2021-07-27T09:28:25,1000.0,36.45,B
2021-07-27T09:28:23,7200.0,36.45,B
2021-07-27T09:28:17,500.0,36.4,B
2021-07-27T09:28:17,4500.0,36.4,B
2021-07-27T09:28:17,900.0,36.4,B
2021-07-27T09:28:14,2000.0,36.4,B
2021-07-27T09:28:14,1000.0,36.35,B
2021-07-27T09:28:12,900.0,36.35,B
2021-07-27T09:28:12,100.0,36.35,B
2021-07-27T09:28:07,1000.0,36.3,B
2021-07-27T09:28:07,6700.0,36.3,B
2021-07-27T09:28:07,500.0,36.3,B
2021-07-27T09:28:06,2100.0,36.3,B
2021-07-27T09:28:05,500.0,36.3,B
2021-07-27T09:28:02,1000.0,36.3,B
2021-07-27T09:28:02,2000.0,36.3,B
2021-07-27T09:28:02,2000.0,36.3,B
2021-07-27T09:28:01,1000.0,36.3,B
2021-07-27T09:27:59,500.0,36.3,B
2021-07-27T09:27:58,1000.0,36.3,B
2021-07-27T09:27:55,2500.0,36.3,B
2021-07-27T09:27:55,100.0,36.25,S
2021-07-27T09:27:55,100.0,36.3,B
2021-07-27T09:27:54,800.0,36.3,B
2021-07-27T09:27:52,100.0,36.3,B
2021-07-27T09:27:49,1000.0,36.3,B
2021-07-27T09:27:47,1000.0,36.3,B
2021-07-27T09:27:45,500.0,36.25,S
2021-07-27T09:27:29,700.0,36.25,B
2021-07-27T09:27:29,2000.0,36.25,B
2021-07-27T09:27:27,2000.0,36.25,B
2021-07-27T09:27:27,200.0,36.25,B
2021-07-27T09:27:22,200.0,36.2,B
2021-07-27T09:27:20,300.0,36.2,B
2021-07-27T09:27:19,1000.0,36.2,B
2021-07-27T09:27:19,500.0,36.2,B
2021-07-27T09:27:19,500.0,36.2,B
2021-07-27T09:27:17,10000.0,36.2,B
2021-07-27T09:27:15,100.0,36.2,B
2021-07-27T09:27:15,1000.0,36.2,B
2021-07-27T09:27:14,100.0,36.2,B
2021-07-27T09:27:14,100.0,36.2,B
2021-07-27T09:27:14,1000.0,36.2,B
2021-07-27T09:27:13,100.0,36.2,B
2021-07-27T09:27:11,2500.0,36.2,B
2021-07-27T09:27:11,2500.0,36.2,B
2021-07-27T09:27:10,100.0,36.2,B
2021-07-27T09:27:07,1900.0,36.2,B
2021-07-27T09:27:05,1000.0,36.2,B
2021-07-27T09:27:04,4500.0,36.2,B
2021-07-27T09:27:01,2800.0,36.2,B
2021-07-27T09:26:56,500.0,36.2,B
2021-07-27T09:26:55,200.0,36.2,B
2021-07-27T09:26:54,300.0,36.2,B
2021-07-27T09:26:52,1000.0,36.2,B
2021-07-27T09:26:51,100.0,36.2,B
2021-07-27T09:26:51,200.0,36.2,B
2021-07-27T09:26:49,200.0,36.2,B
2021-07-27T09:26:47,200.0,36.2,B
2021-07-27T09:26:45,1000.0,36.15,S
2021-07-27T09:26:45,300.0,36.2,B
2021-07-27T09:26:40,300.0,36.2,B
2021-07-27T09:26:38,100.0,36.2,B
2021-07-27T09:26:35,3000.0,36.15,S
2021-07-27T09:26:32,500.0,36.2,B
2021-07-27T09:26:31,1000.0,36.2,B
2021-07-27T09:26:27,700.0,36.15,S
2021-07-27T09:26:24,5000.0,36.2,B
2021-07-27T09:26:16,500.0,36.2,B
2021-07-27T09:26:16,300.0,36.15,S
2021-07-27T09:26:14,4400.0,36.15,B
2021-07-27T09:26:14,200.0,36.15,B
2021-07-27T09:26:14,1500.0,36.15,B
2021-07-27T09:25:57,5000.0,36.05,S
2021-07-27T09:25:54,500.0,36.1,S
2021-07-27T09:25:52,100.0,36.1,B
2021-07-27T09:25:52,6000.0,36.1,B
2021-07-27T09:25:52,400.0,36.1,B
2021-07-27T09:25:52,500.0,36.1,B
2021-07-27T09:25:50,100.0,36.1,B
2021-07-27T09:25:46,100.0,36.1,B
2021-07-27T09:25:44,1000.0,36.1,B
2021-07-27T09:25:42,300.0,36.05,S
2021-07-27T09:25:42,700.0,36.05,S
2021-07-27T09:25:35,400.0,36.05,B
2021-07-27T09:25:31,100.0,36.05,S
2021-07-27T09:25:27,200.0,36.1,B
2021-07-27T09:25:27,5000.0,36.05,S
2021-07-27T09:25:27,100.0,36.1,B
2021-07-27T09:25:19,1200.0,36.1,B
2021-07-27T09:25:18,500.0,36.1,B
2021-07-27T09:25:16,100.0,36.1,B
2021-07-27T09:25:09,100.0,36.1,B
2021-07-27T09:25:09,2100.0,36.0,S
2021-07-27T09:25:09,9400.0,36.0,S
2021-07-27T09:25:09,12600.0,36.0,S
2021-07-27T09:25:09,700.0,36.0,S
2021-07-27T09:25:09,1200.0,36.0,S
2021-07-27T09:25:09,1000.0,36.0,S
2021-07-27T09:25:09,1200.0,36.0,S
2021-07-27T09:25:09,500.0,36.0,S
2021-07-27T09:25:09,100.0,36.0,S
2021-07-27T09:25:09,3000.0,36.0,S
2021-07-27T09:25:09,1100.0,36.0,S
2021-07-27T09:25:09,100.0,36.0,S
2021-07-27T09:25:09,500.0,36.0,S
2021-07-27T09:25:09,8200.0,36.0,S
2021-07-27T09:25:09,900.0,36.05,S
2021-07-27T09:25:09,1600.0,36.05,S
2021-07-27T09:25:09,3100.0,36.05,S
2021-07-27T09:25:09,300.0,36.05,S
2021-07-27T09:25:09,2400.0,36.05,S
2021-07-27T09:25:08,5000.0,36.1,B
2021-07-27T09:25:06,2000.0,36.1,B
2021-07-27T09:25:06,500.0,36.1,B
2021-07-27T09:25:05,200.0,36.1,B
2021-07-27T09:25:02,500.0,36.1,B
2021-07-27T09:25:02,8000.0,36.1,B
2021-07-27T09:24:52,100.0,36.1,B
2021-07-27T09:24:51,5000.0,36.1,B
2021-07-27T09:24:49,200.0,36.1,B
2021-07-27T09:24:47,5700.0,36.1,B
2021-07-27T09:24:46,2000.0,36.05,S
2021-07-27T09:24:45,1800.0,36.1,S
2021-07-27T09:24:45,15600.0,36.1,S
2021-07-27T09:24:44,500.0,36.15,B
2021-07-27T09:24:44,1000.0,36.15,B
2021-07-27T09:24:44,1000.0,36.15,B
2021-07-27T09:24:44,1500.0,36.15,B
2021-07-27T09:24:43,200.0,36.15,B
2021-07-27T09:24:42,100.0,36.15,B
2021-07-27T09:24:39,200.0,36.15,B
2021-07-27T09:24:35,700.0,36.1,S
2021-07-27T09:24:35,500.0,36.1,S
2021-07-27T09:24:34,1000.0,36.1,S
2021-07-27T09:24:29,200.0,36.15,B
2021-07-27T09:24:28,200.0,36.15,B
2021-07-27T09:24:28,100.0,36.15,B
2021-07-27T09:24:28,500.0,36.15,B
2021-07-27T09:24:28,1400.0,36.15,B
2021-07-27T09:24:26,500.0,36.15,B
2021-07-27T09:24:24,1100.0,36.15,B
2021-07-27T09:24:24,3200.0,36.15,B
2021-07-27T09:24:22,300.0,36.1,S
2021-07-27T09:24:15,2200.0,36.05,S
2021-07-27T09:24:10,1000.0,36.15,B
2021-07-27T09:24:07,1000.0,36.15,B
2021-07-27T09:24:04,500.0,36.1,S
2021-07-27T09:24:02,300.0,36.1,S
2021-07-27T09:24:02,200.0,36.1,S
2021-07-27T09:24:00,100.0,36.1,S
2021-07-27T09:23:59,100.0,36.1,S
2021-07-27T09:23:54,700.0,36.05,S
2021-07-27T09:23:53,1000.0,36.15,B
2021-07-27T09:23:52,13000.0,36.05,S
2021-07-27T09:23:51,200.0,36.05,S
2021-07-27T09:23:50,1000.0,36.1,B
2021-07-27T09:23:48,1400.0,36.1,S
2021-07-27T09:23:48,300.0,36.15,B
2021-07-27T09:23:42,2600.0,36.1,S
2021-07-27T09:23:38,900.0,36.1,S
2021-07-27T09:23:35,300.0,36.1,B
2021-07-27T09:23:34,200.0,36.1,B
2021-07-27T09:23:34,1500.0,36.0,S
2021-07-27T09:23:34,100.0,36.1,B
2021-07-27T09:23:33,4000.0,36.1,B
2021-07-27T09:23:33,22700.0,36.0,S
2021-07-27T09:23:33,400.0,36.0,S
2021-07-27T09:23:33,1400.0,36.0,S
2021-07-27T09:23:33,2800.0,36.0,S
2021-07-27T09:23:33,4100.0,36.0,S
2021-07-27T09:23:33,300.0,36.0,S
2021-07-27T09:23:33,800.0,36.0,S
2021-07-27T09:23:33,14000.0,36.05,S
2021-07-27T09:23:33,3500.0,36.05,S
2021-07-27T09:23:33,200.0,36.1,B
2021-07-27T09:23:31,1000.0,36.1,B
2021-07-27T09:23:29,200.0,36.1,B
2021-07-27T09:23:21,500.0,36.05,S
2021-07-27T09:23:20,100.0,36.05,S
2021-07-27T09:23:20,100.0,36.05,S
2021-07-27T09:23:18,400.0,36.1,S
2021-07-27T09:23:18,100.0,36.1,S
2021-07-27T09:23:18,100.0,36.15,B
2021-07-27T09:23:08,5900.0,36.2,B
2021-07-27T09:23:07,7300.0,36.15,B
2021-07-27T09:23:07,6800.0,36.15,B
2021-07-27T09:23:05,200.0,36.1,S
2021-07-27T09:23:05,2200.0,36.1,S
2021-07-27T09:22:59,3300.0,36.1,S
2021-07-27T09:22:58,400.0,36.15,B
2021-07-27T09:22:53,1000.0,36.15,B
2021-07-27T09:22:48,500.0,36.15,B
2021-07-27T09:22:46,200.0,36.15,B
2021-07-27T09:22:44,100.0,36.15,S
2021-07-27T09:22:44,1000.0,36.15,S
2021-07-27T09:22:44,2100.0,36.15,S
2021-07-27T09:22:44,100.0,36.15,S
2021-07-27T09:22:44,1700.0,36.15,S
2021-07-27T09:22:44,400.0,36.15,S
2021-07-27T09:22:44,100.0,36.15,S
2021-07-27T09:22:44,4700.0,36.15,S
2021-07-27T09:22:42,3000.0,36.15,S
2021-07-27T09:22:42,500.0,36.15,S
2021-07-27T09:22:42,700.0,36.15,S
2021-07-27T09:22:42,100.0,36.15,S
2021-07-27T09:22:42,300.0,36.15,S
2021-07-27T09:22:41,300.0,36.15,S
2021-07-27T09:22:39,1100.0,36.15,S
2021-07-27T09:22:39,3900.0,36.15,S
2021-07-27T09:22:39,2000.0,36.2,B
2021-07-27T09:22:38,1500.0,36.15,S
2021-07-27T09:22:37,200.0,36.2,B
2021-07-27T09:22:36,400.0,36.15,S
2021-07-27T09:22:34,100.0,36.2,B
2021-07-27T09:22:34,2900.0,36.15,S
2021-07-27T09:22:34,5100.0,36.15,S
2021-07-27T09:22:34,600.0,36.15,S
2021-07-27T09:22:34,2400.0,36.15,S
2021-07-27T09:22:33,500.0,36.15,S
2021-07-27T09:22:30,600.0,36.15,S
2021-07-27T09:22:30,1400.0,36.15,S
2021-07-27T09:22:30,700.0,36.15,S
2021-07-27T09:22:30,500.0,36.15,S
2021-07-27T09:22:24,1000.0,36.2,B
2021-07-27T09:22:22,100.0,36.2,B
2021-07-27T09:22:21,500.0,36.2,B
2021-07-27T09:22:21,1000.0,36.2,B
2021-07-27T09:22:18,100.0,36.2,B
2021-07-27T09:22:18,400.0,36.2,S
2021-07-27T09:22:18,1300.0,36.2,S
2021-07-27T09:22:18,1000.0,36.2,S
2021-07-27T09:22:18,1600.0,36.2,S
2021-07-27T09:22:18,2100.0,36.2,S
2021-07-27T09:22:18,12500.0,36.2,S
2021-07-27T09:22:15,800.0,36.25,S
2021-07-27T09:22:10,100.0,36.25,S
2021-07-27T09:22:10,500.0,36.3,B
2021-07-27T09:22:09,200.0,36.3,B
2021-07-27T09:22:05,500.0,36.3,B
2021-07-27T09:22:05,100.0,36.3,B
2021-07-27T09:22:03,100.0,36.3,B
2021-07-27T09:22:00,200.0,36.3,B
2021-07-27T09:22:00,500.0,36.3,B
2021-07-27T09:21:54,4000.0,36.3,B
2021-07-27T09:21:53,600.0,36.3,S
2021-07-27T09:21:53,2200.0,36.3,S
2021-07-27T09:21:53,1200.0,36.3,S
2021-07-27T09:21:52,3300.0,36.3,S
2021-07-27T09:21:52,1900.0,36.3,S
2021-07-27T09:21:52,1200.0,36.3,S
2021-07-27T09:21:52,300.0,36.3,S
2021-07-27T09:21:52,500.0,36.3,S
2021-07-27T09:21:52,6100.0,36.3,S
2021-07-27T09:21:50,100.0,36.35,B
2021-07-27T09:21:49,2000.0,36.3,S
2021-07-27T09:21:43,1000.0,36.3,S
2021-07-27T09:21:36,500.0,36.3,S
2021-07-27T09:21:35,2000.0,36.35,B
2021-07-27T09:21:34,2000.0,36.35,B
2021-07-27T09:21:33,1000.0,36.35,B
2021-07-27T09:21:29,200.0,36.35,B
2021-07-27T09:21:28,800.0,36.3,S
2021-07-27T09:21:24,500.0,36.35,B
2021-07-27T09:21:23,300.0,36.35,B
2021-07-27T09:21:23,200.0,36.35,B
2021-07-27T09:21:22,20000.0,36.3,S
2021-07-27T09:21:17,1000.0,36.35,B
2021-07-27T09:21:15,100.0,36.35,B
2021-07-27T09:21:15,1000.0,36.35,S
2021-07-27T09:21:15,2000.0,36.35,S
2021-07-27T09:21:09,600.0,36.35,B
2021-07-27T09:21:08,100.0,36.35,B
2021-07-27T09:21:08,1000.0,36.35,B
2021-07-27T09:21:07,3300.0,36.35,S
2021-07-27T09:21:04,2000.0,36.35,S
2021-07-27T09:21:00,100.0,36.4,B
2021-07-27T09:21:00,2900.0,36.35,S
2021-07-27T09:20:57,500.0,36.35,S
2021-07-27T09:20:57,1200.0,36.35,S
2021-07-27T09:20:57,3900.0,36.35,S
2021-07-27T09:20:57,600.0,36.35,S
2021-07-27T09:20:57,5800.0,36.35,S
2021-07-27T09:20:55,1000.0,36.35,S
2021-07-27T09:20:51,800.0,36.35,S
2021-07-27T09:20:49,100.0,36.4,B
2021-07-27T09:20:38,100.0,36.4,B
2021-07-27T09:20:38,1500.0,36.3,S
2021-07-27T09:20:37,2500.0,36.35,B
2021-07-27T09:20:36,200.0,36.3,S
2021-07-27T09:20:36,10000.0,36.4,B
2021-07-27T09:20:31,200.0,36.35,B
2021-07-27T09:20:30,500.0,36.35,B
2021-07-27T09:20:28,4900.0,36.3,S
2021-07-27T09:20:28,2100.0,36.3,S
2021-07-27T09:20:28,3000.0,36.3,S
2021-07-27T09:20:21,600.0,36.35,S
2021-07-27T09:20:21,5700.0,36.35,S
2021-07-27T09:20:17,1000.0,36.35,S
2021-07-27T09:20:15,200.0,36.4,B
2021-07-27T09:20:13,8000.0,36.35,S
2021-07-27T09:20:11,10000.0,36.35,S
2021-07-27T09:20:05,3000.0,36.35,S
2021-07-27T09:20:03,400.0,36.35,S
2021-07-27T09:20:00,200.0,36.4,B
2021-07-27T09:19:59,900.0,36.4,B
2021-07-27T09:19:59,3000.0,36.4,B
2021-07-27T09:19:59,200.0,36.4,B
2021-07-27T09:19:59,8400.0,36.4,B
2021-07-27T09:19:59,4000.0,36.4,B
2021-07-27T09:19:59,13500.0,36.4,B
2021-07-27T09:19:58,100.0,36.35,B
2021-07-27T09:19:56,200.0,36.35,B
2021-07-27T09:19:55,900.0,36.4,B
2021-07-27T09:19:53,1000.0,36.4,B
2021-07-27T09:19:53,500.0,36.4,B
2021-07-27T09:19:52,5000.0,36.35,S
2021-07-27T09:19:51,100.0,36.4,B
2021-07-27T09:19:48,5000.0,36.35,S
2021-07-27T09:19:47,1000.0,36.4,B
2021-07-27T09:19:46,11700.0,36.4,B
2021-07-27T09:19:45,500.0,36.35,S
2021-07-27T09:19:45,2000.0,36.4,B
2021-07-27T09:19:45,2000.0,36.4,B
2021-07-27T09:19:44,10000.0,36.4,B
2021-07-27T09:19:44,500.0,36.4,B
2021-07-27T09:19:38,100.0,36.4,B
2021-07-27T09:19:38,200.0,36.4,B
2021-07-27T09:19:34,100.0,36.4,S
2021-07-27T09:19:34,1000.0,36.4,S
2021-07-27T09:19:32,2000.0,36.45,B
2021-07-27T09:19:32,4400.0,36.4,B
2021-07-27T09:19:32,1000.0,36.4,B
2021-07-27T09:19:32,2600.0,36.4,B
2021-07-27T09:19:27,100.0,36.4,B
2021-07-27T09:19:24,500.0,36.35,S
2021-07-27T09:19:23,200.0,36.35,S
2021-07-27T09:19:22,3000.0,36.35,S
2021-07-27T09:19:18,1000.0,36.4,B
2021-07-27T09:19:18,1000.0,36.35,S
2021-07-27T09:19:17,400.0,36.4,B
2021-07-27T09:19:11,3000.0,36.35,S
2021-07-27T09:19:10,500.0,36.35,S
2021-07-27T09:19:09,500.0,36.4,B
2021-07-27T09:19:07,200.0,36.4,B
2021-07-27T09:19:05,1200.0,36.35,S
2021-07-27T09:19:03,1000.0,36.4,B
2021-07-27T09:19:03,200.0,36.4,B
2021-07-27T09:19:02,100.0,36.35,S
2021-07-27T09:19:02,500.0,36.4,B
2021-07-27T09:18:59,200.0,36.4,B
2021-07-27T09:18:59,1800.0,36.4,B
2021-07-27T09:18:57,700.0,36.4,B
2021-07-27T09:18:57,1000.0,36.35,S
2021-07-27T09:18:57,200.0,36.4,B
2021-07-27T09:18:56,600.0,36.4,B
2021-07-27T09:18:50,500.0,36.4,B
2021-07-27T09:18:45,100.0,36.4,B
2021-07-27T09:18:45,1000.0,36.4,S
2021-07-27T09:18:45,700.0,36.4,S
2021-07-27T09:18:45,2400.0,36.4,S
2021-07-27T09:18:45,300.0,36.4,S
2021-07-27T09:18:44,2600.0,36.4,S
2021-07-27T09:18:44,300.0,36.4,S
2021-07-27T09:18:43,100.0,36.45,B
2021-07-27T09:18:42,500.0,36.4,S
2021-07-27T09:18:40,100.0,36.4,S
2021-07-27T09:18:39,3000.0,36.45,B
2021-07-27T09:18:37,1000.0,36.4,S
2021-07-27T09:18:36,300.0,36.45,B
2021-07-27T09:18:30,800.0,36.4,S
2021-07-27T09:18:30,700.0,36.45,B
2021-07-27T09:18:24,2400.0,36.5,B
2021-07-27T09:18:23,500.0,36.4,S
2021-07-27T09:18:22,200.0,36.45,B
2021-07-27T09:18:15,600.0,36.5,B
2021-07-27T09:18:13,100.0,36.4,S
2021-07-27T09:18:12,1600.0,36.5,B
2021-07-27T09:18:11,100.0,36.45,B
2021-07-27T09:18:10,200.0,36.45,B
2021-07-27T09:18:10,100.0,36.45,B
2021-07-27T09:18:05,100.0,36.35,S
2021-07-27T09:18:04,300.0,36.35,B
2021-07-27T09:18:03,1000.0,36.35,B
2021-07-27T09:18:02,300.0,36.4,S
2021-07-27T09:17:58,1000.0,36.5,B
2021-07-27T09:17:57,3000.0,36.5,B
2021-07-27T09:17:57,2000.0,36.45,B
2021-07-27T09:17:56,100.0,36.4,B
2021-07-27T09:17:53,800.0,36.5,B
2021-07-27T09:17:53,100.0,36.5,B
2021-07-27T09:17:52,200.0,36.5,B
2021-07-27T09:17:51,6000.0,36.3,S
2021-07-27T09:17:49,1000.0,36.45,S
2021-07-27T09:17:39,3700.0,36.5,S
2021-07-27T09:17:39,1000.0,36.5,S
2021-07-27T09:17:38,8000.0,36.5,S
2021-07-27T09:17:38,1000.0,36.5,S
2021-07-27T09:17:33,200.0,36.6,B
2021-07-27T09:17:32,3000.0,36.6,B
2021-07-27T09:17:32,100.0,36.5,S
2021-07-27T09:17:31,3000.0,36.6,B
2021-07-27T09:17:30,100.0,36.6,B
2021-07-27T09:17:30,100.0,36.5,S
2021-07-27T09:17:30,300.0,36.5,S
2021-07-27T09:17:30,19500.0,36.5,S
2021-07-27T09:17:30,15700.0,36.5,S
2021-07-27T09:17:29,1200.0,36.6,B
2021-07-27T09:17:29,500.0,36.6,B
2021-07-27T09:17:27,20000.0,36.5,S
2021-07-27T09:17:24,17300.0,36.5,S
2021-07-27T09:17:22,100.0,36.6,B
2021-07-27T09:17:22,50000.0,36.5,S
2021-07-27T09:17:20,100.0,36.6,B
2021-07-27T09:17:19,1000.0,36.6,B
2021-07-27T09:17:18,100.0,36.6,B
2021-07-27T09:17:14,100.0,36.6,B
2021-07-27T09:17:13,200.0,36.5,S
2021-07-27T09:17:08,100.0,36.5,S
2021-07-27T09:17:08,100.0,36.6,B
2021-07-27T09:17:07,800.0,36.5,S
2021-07-27T09:17:07,900.0,36.6,S
2021-07-27T09:17:07,2800.0,36.6,S
2021-07-27T09:17:05,500.0,36.65,B
2021-07-27T09:16:59,200.0,36.6,S
2021-07-27T09:16:59,5000.0,36.65,B
2021-07-27T09:16:57,400.0,36.65,B
2021-07-27T09:16:55,5000.0,36.6,S
2021-07-27T09:16:50,100.0,36.6,S
2021-07-27T09:16:49,2500.0,36.7,B
2021-07-27T09:16:48,10000.0,36.7,B
2021-07-27T09:16:47,500.0,36.6,S
2021-07-27T09:16:45,10000.0,36.7,B
2021-07-27T09:16:40,900.0,36.7,B
2021-07-27T09:16:40,100.0,36.7,S
2021-07-27T09:16:40,400.0,36.7,S
2021-07-27T09:16:40,10300.0,36.7,S
2021-07-27T09:16:40,2000.0,36.7,S
2021-07-27T09:16:40,1000.0,36.75,S
2021-07-27T09:16:40,100.0,36.75,S
2021-07-27T09:16:38,200.0,36.8,B
2021-07-27T09:16:36,300.0,36.8,B
2021-07-27T09:16:36,3000.0,36.8,B
2021-07-27T09:16:34,2000.0,36.8,B
2021-07-27T09:16:34,1500.0,36.8,B
2021-07-27T09:16:29,100.0,36.8,B
2021-07-27T09:16:29,300.0,36.8,B
2021-07-27T09:16:28,1000.0,36.8,B
2021-07-27T09:16:26,500.0,36.8,B
2021-07-27T09:16:24,500.0,36.8,B
2021-07-27T09:16:24,200.0,36.8,S
2021-07-27T09:16:24,1900.0,36.8,S
2021-07-27T09:16:23,100.0,36.8,S
2021-07-27T09:16:21,500.0,36.8,S
2021-07-27T09:16:20,100.0,36.8,S
2021-07-27T09:16:17,5000.0,36.8,S
2021-07-27T09:16:17,200.0,36.8,S
2021-07-27T09:16:15,1200.0,36.8,S
2021-07-27T09:16:13,500.0,36.8,S
2021-07-27T09:16:11,100.0,36.8,S
2021-07-27T09:16:10,200.0,36.8,B
2021-07-27T09:16:09,1500.0,36.8,B
2021-07-27T09:16:07,1300.0,36.8,S
2021-07-27T09:16:03,1000.0,36.8,S
2021-07-27T09:15:58,400.0,36.8,S
2021-07-27T09:15:57,5000.0,36.9,B
2021-07-27T09:15:54,400.0,36.8,B
2021-07-27T09:15:54,1600.0,36.8,S
2021-07-27T09:15:54,800.0,36.85,B
2021-07-27T09:15:52,200.0,36.9,B
2021-07-27T09:15:51,900.0,36.8,S
2021-07-27T09:15:51,1100.0,36.8,S
2021-07-27T09:15:51,100.0,36.8,S
2021-07-27T09:15:49,600.0,36.8,S
2021-07-27T09:15:48,200.0,36.8,S
2021-07-27T09:15:44,200.0,36.8,S
2021-07-27T09:15:44,5800.0,36.8,B
2021-07-27T09:15:41,1000.0,36.8,B
2021-07-27T09:15:41,200.0,36.8,S
2021-07-27T09:15:41,3000.0,36.8,S
2021-07-27T09:15:41,400.0,36.9,B
2021-07-27T09:15:39,200.0,36.8,S
2021-07-27T09:15:36,100.0,36.8,S
2021-07-27T09:15:35,200.0,36.9,B
2021-07-27T09:15:35,200.0,36.8,S
2021-07-27T09:15:35,300.0,36.8,S
2021-07-27T09:15:33,100.0,36.8,S
2021-07-27T09:15:31,1000.0,36.8,S
2021-07-27T09:15:31,1000.0,36.8,S
2021-07-27T09:15:21,100.0,36.8,S
2021-07-27T09:15:16,500.0,36.8,S
2021-07-27T09:15:10,300.0,36.8,S
2021-07-27T09:15:05,1000.0,36.9,B
