tradingTime,volume,price,side
2021-07-27T14:29:50,200.0,4.97,B
2021-07-27T14:29:06,1000.0,4.97,B
2021-07-27T14:28:55,200.0,4.97,B
2021-07-27T14:28:46,1000.0,4.97,B
2021-07-27T14:28:41,5000.0,4.97,B
2021-07-27T14:28:13,1000.0,4.97,B
2021-07-27T14:27:38,800.0,4.97,B
2021-07-27T14:24:48,2000.0,4.94,S
2021-07-27T14:24:38,39800.0,4.94,B
2021-07-27T14:24:22,10200.0,4.94,S
2021-07-27T14:22:24,14900.0,4.94,S
2021-07-27T14:22:01,5000.0,4.94,S
2021-07-27T14:22:01,5400.0,4.94,S
2021-07-27T14:22:01,2000.0,4.94,S
2021-07-27T14:22:01,3000.0,4.94,S
2021-07-27T14:22:01,3000.0,4.94,S
2021-07-27T14:22:01,2000.0,4.94,S
2021-07-27T14:22:01,14700.0,4.94,S
2021-07-27T14:21:32,2000.0,4.94,S
2021-07-27T14:20:32,300.0,4.94,B
2021-07-27T14:20:20,200.0,4.94,B
2021-07-27T14:20:20,5400.0,4.94,S
2021-07-27T14:20:20,1600.0,4.94,S
2021-07-27T14:20:04,500.0,4.94,S
2021-07-27T14:19:28,2900.0,4.94,B
2021-07-27T14:19:16,2000.0,4.93,S
2021-07-27T14:18:58,10000.0,4.94,B
2021-07-27T14:18:34,2500.0,4.94,S
2021-07-27T14:18:33,44500.0,4.94,S
2021-07-27T14:18:33,40100.0,4.94,S
2021-07-27T14:17:57,1000.0,4.99,B
2021-07-27T14:17:54,2000.0,4.99,B
2021-07-27T14:17:25,100.0,4.99,B
2021-07-27T14:15:43,3900.0,4.94,B
2021-07-27T14:15:29,10000.0,4.94,B
2021-07-27T14:15:28,1000.0,4.94,B
2021-07-27T14:15:17,20000.0,4.94,B
2021-07-27T14:15:00,100.0,4.94,B
2021-07-27T14:14:06,100.0,4.95,B
2021-07-27T14:13:49,33000.0,4.95,B
2021-07-27T14:13:49,17000.0,4.93,B
2021-07-27T14:13:46,18000.0,4.93,S
2021-07-27T14:13:32,1000.0,4.95,B
2021-07-27T14:12:30,200.0,4.98,B
2021-07-27T14:10:17,1000.0,4.9,S
2021-07-27T14:09:35,2000.0,4.9,B
2021-07-27T14:09:24,48000.0,4.9,S
2021-07-27T14:08:38,5400.0,4.9,B
2021-07-27T14:08:08,17100.0,4.9,S
2021-07-27T14:08:08,1000.0,4.98,S
2021-07-27T14:07:35,25600.0,4.9,S
2021-07-27T14:07:35,5000.0,4.9,S
2021-07-27T14:07:35,2200.0,4.9,S
2021-07-27T14:07:35,7200.0,4.9,S
2021-07-27T14:07:21,16800.0,4.9,S
2021-07-27T14:07:21,33200.0,4.9,S
2021-07-27T14:07:00,14900.0,4.9,S
2021-07-27T14:07:00,1600.0,4.9,S
2021-07-27T14:07:00,12000.0,4.9,S
2021-07-27T14:07:00,2400.0,4.9,S
2021-07-27T14:07:00,10700.0,4.9,S
2021-07-27T14:07:00,7000.0,4.9,S
2021-07-27T14:07:00,900.0,4.9,S
2021-07-27T14:07:00,2000.0,4.91,S
2021-07-27T14:07:00,21300.0,4.91,S
2021-07-27T14:07:00,8200.0,4.91,S
2021-07-27T14:07:00,800.0,4.92,S
2021-07-27T14:06:58,17600.0,4.93,S
2021-07-27T14:06:47,300.0,4.99,B
2021-07-27T14:05:04,50000.0,4.95,S
2021-07-27T14:04:15,11300.0,4.95,S
2021-07-27T14:04:15,1000.0,4.96,S
2021-07-27T14:04:15,20700.0,4.96,S
2021-07-27T14:04:15,1200.0,4.97,S
2021-07-27T14:04:15,20000.0,4.97,S
2021-07-27T14:04:15,25800.0,4.98,S
2021-07-27T14:02:31,500.0,4.98,S
2021-07-27T14:02:30,8100.0,4.99,S
2021-07-27T14:02:24,900.0,4.99,B
2021-07-27T14:02:17,5000.0,4.99,B
2021-07-27T14:02:09,500.0,4.99,B
2021-07-27T14:01:57,4400.0,4.99,B
2021-07-27T14:01:57,1500.0,4.99,B
2021-07-27T14:01:57,1100.0,4.99,B
2021-07-27T14:01:45,2000.0,4.99,S
2021-07-27T14:01:45,6900.0,4.99,S
2021-07-27T14:01:39,100.0,5.0,B
2021-07-27T14:01:23,3100.0,4.99,B
2021-07-27T14:01:19,1700.0,4.98,B
2021-07-27T14:01:08,35500.0,4.98,S
2021-07-27T14:01:07,13200.0,4.98,S
2021-07-27T14:00:33,26900.0,4.99,S
2021-07-27T14:00:29,100.0,5.0,B
2021-07-27T13:59:53,100.0,5.0,B
2021-07-27T13:59:50,4000.0,5.0,B
2021-07-27T13:59:08,5000.0,5.0,B
2021-07-27T13:59:04,10000.0,5.0,B
2021-07-27T13:58:58,1000.0,5.0,B
2021-07-27T13:58:57,10300.0,5.0,S
2021-07-27T13:58:38,34700.0,5.0,B
2021-07-27T13:58:34,1000.0,5.0,B
2021-07-27T13:58:10,1000.0,5.0,B
2021-07-27T13:57:45,2000.0,5.0,B
2021-07-27T13:57:23,200.0,4.99,B
2021-07-27T13:56:33,100.0,4.99,B
2021-07-27T13:56:24,18300.0,4.98,S
2021-07-27T13:56:24,20100.0,4.98,S
2021-07-27T13:56:24,61600.0,4.98,S
2021-07-27T13:56:22,1000.0,5.0,B
2021-07-27T13:55:32,3000.0,4.99,S
2021-07-27T13:55:16,12000.0,5.0,S
2021-07-27T13:54:58,7700.0,5.0,B
2021-07-27T13:54:50,6000.0,5.0,S
2021-07-27T13:54:50,6300.0,5.0,S
2021-07-27T13:54:20,2000.0,5.0,S
2021-07-27T13:54:17,5000.0,5.01,B
2021-07-27T13:54:02,16800.0,5.0,S
2021-07-27T13:54:02,4200.0,5.0,S
2021-07-27T13:54:02,25100.0,5.0,S
2021-07-27T13:54:02,1100.0,5.0,S
2021-07-27T13:54:02,1600.0,5.0,S
2021-07-27T13:54:02,1200.0,5.0,S
2021-07-27T13:53:50,3000.0,5.01,B
2021-07-27T13:53:43,100.0,5.01,B
2021-07-27T13:52:21,1100.0,5.0,S
2021-07-27T13:52:21,3000.0,5.0,S
2021-07-27T13:52:21,200.0,5.0,S
2021-07-27T13:52:21,4400.0,5.0,S
2021-07-27T13:52:21,8900.0,5.0,S
2021-07-27T13:52:21,200.0,5.0,S
2021-07-27T13:52:21,1500.0,5.0,S
2021-07-27T13:52:21,2000.0,5.0,S
2021-07-27T13:52:21,36400.0,5.0,S
2021-07-27T13:52:21,13400.0,5.0,S
2021-07-27T13:52:21,25100.0,5.01,S
2021-07-27T13:52:21,3700.0,5.01,S
2021-07-27T13:52:21,100.0,5.02,S
2021-07-27T13:52:00,1400.0,5.04,B
2021-07-27T13:51:40,200.0,5.04,B
2021-07-27T13:50:40,5000.0,5.02,B
2021-07-27T13:50:24,200.0,5.02,B
2021-07-27T13:48:29,300.0,5.02,B
2021-07-27T13:47:23,200.0,5.02,B
2021-07-27T13:47:17,1000.0,5.02,B
2021-07-27T13:47:03,3500.0,5.02,S
2021-07-27T13:46:37,20000.0,5.02,S
2021-07-27T13:46:27,4900.0,5.02,S
2021-07-27T13:45:35,100.0,5.03,S
2021-07-27T13:44:11,19000.0,5.03,S
2021-07-27T13:42:42,200.0,5.04,B
2021-07-27T13:42:22,400.0,5.04,B
2021-07-27T13:41:37,1700.0,5.04,S
2021-07-27T13:41:25,500.0,5.05,B
2021-07-27T13:40:52,2000.0,5.05,B
2021-07-27T13:40:36,500.0,5.05,B
2021-07-27T13:40:00,1000.0,5.05,B
2021-07-27T13:38:12,200.0,5.04,S
2021-07-27T13:37:58,300.0,5.04,B
2021-07-27T13:37:45,700.0,5.04,B
2021-07-27T13:37:32,4400.0,5.04,S
2021-07-27T13:37:32,5600.0,5.04,S
2021-07-27T13:36:36,400.0,5.05,B
2021-07-27T13:35:17,1000.0,5.04,S
2021-07-27T13:34:59,10000.0,5.04,S
2021-07-27T13:34:28,5000.0,5.04,S
2021-07-27T13:34:24,500.0,5.04,S
2021-07-27T13:34:02,400.0,5.04,S
2021-07-27T13:33:44,6300.0,5.04,B
2021-07-27T13:33:25,200.0,5.03,B
2021-07-27T13:32:53,5800.0,5.03,B
2021-07-27T13:32:28,500.0,5.03,B
2021-07-27T13:32:25,100.0,5.03,B
2021-07-27T13:31:56,100.0,5.03,B
2021-07-27T13:31:23,2500.0,5.03,B
2021-07-27T13:31:23,2500.0,5.03,B
2021-07-27T13:30:55,500.0,5.03,S
2021-07-27T13:30:55,10000.0,5.03,S
2021-07-27T13:30:41,300.0,5.04,B
2021-07-27T13:29:26,1000.0,5.03,S
2021-07-27T13:28:22,400.0,5.04,S
2021-07-27T13:27:42,100.0,5.04,S
2021-07-27T13:27:34,2900.0,5.04,B
2021-07-27T13:27:10,22000.0,5.04,S
2021-07-27T13:27:10,30100.0,5.04,S
2021-07-27T13:26:48,2900.0,5.05,B
2021-07-27T13:26:48,100.0,5.05,B
2021-07-27T13:26:11,300.0,5.04,S
2021-07-27T13:25:10,8100.0,5.04,S
2021-07-27T13:24:52,500.0,5.04,S
2021-07-27T13:24:14,100.0,5.05,B
2021-07-27T13:23:22,900.0,5.05,B
2021-07-27T13:23:11,2000.0,5.04,S
2021-07-27T13:22:13,100.0,5.05,B
2021-07-27T13:21:40,500.0,5.04,S
2021-07-27T13:21:35,100.0,5.05,B
2021-07-27T13:20:46,300.0,5.05,B
2021-07-27T13:20:15,500.0,5.05,B
2021-07-27T13:20:10,2000.0,5.05,B
2021-07-27T13:19:45,100.0,5.05,B
2021-07-27T13:19:45,100.0,5.05,B
2021-07-27T13:19:15,300.0,5.05,S
2021-07-27T13:18:43,7900.0,5.05,B
2021-07-27T13:18:39,100.0,5.05,B
2021-07-27T13:18:19,500.0,5.05,S
2021-07-27T13:18:14,200.0,5.05,S
2021-07-27T13:17:46,100.0,5.05,S
2021-07-27T13:17:45,200.0,5.05,S
2021-07-27T13:17:35,9300.0,5.05,S
2021-07-27T13:16:35,1000.0,5.05,B
2021-07-27T13:16:22,1000.0,5.05,B
2021-07-27T13:16:03,100.0,5.05,B
2021-07-27T13:15:45,3700.0,5.05,B
2021-07-27T13:15:42,2200.0,5.05,B
2021-07-27T13:15:42,800.0,5.05,B
2021-07-27T13:15:41,500.0,5.05,B
2021-07-27T13:15:33,500.0,5.05,B
2021-07-27T13:15:08,20000.0,5.05,B
2021-07-27T13:14:53,800.0,5.05,B
2021-07-27T13:14:49,1000.0,5.05,B
2021-07-27T13:14:06,10000.0,5.05,B
2021-07-27T13:13:56,500.0,5.05,B
2021-07-27T13:13:38,700.0,5.04,S
2021-07-27T13:13:08,100.0,5.04,S
2021-07-27T13:12:51,500.0,5.04,S
2021-07-27T13:10:49,200.0,5.04,S
2021-07-27T13:10:40,300.0,5.05,B
2021-07-27T13:10:31,1100.0,5.05,S
2021-07-27T13:09:10,5000.0,5.06,B
2021-07-27T13:08:02,1000.0,5.06,B
2021-07-27T13:06:21,100.0,5.06,B
2021-07-27T13:06:09,1000.0,5.06,B
2021-07-27T13:05:11,100.0,5.06,B
2021-07-27T13:04:53,400.0,5.06,B
2021-07-27T13:04:32,1900.0,5.05,B
2021-07-27T13:04:26,100.0,5.05,B
2021-07-27T13:04:21,800.0,5.05,B
2021-07-27T13:04:19,100.0,5.05,B
2021-07-27T13:04:12,100.0,5.05,B
2021-07-27T13:04:03,10000.0,5.05,B
2021-07-27T13:03:57,400.0,5.05,B
2021-07-27T13:03:53,1000.0,5.05,B
2021-07-27T13:03:46,5000.0,5.04,S
2021-07-27T13:03:37,100.0,5.05,B
2021-07-27T13:03:20,100.0,5.05,B
2021-07-27T13:03:17,500.0,5.05,B
2021-07-27T13:02:55,1000.0,5.05,B
2021-07-27T13:01:22,10000.0,5.03,S
2021-07-27T13:00:53,5000.0,5.04,S
2021-07-27T13:00:27,1000.0,5.04,B
2021-07-27T13:00:25,700.0,5.04,B
2021-07-27T13:00:25,1300.0,5.04,B
2021-07-27T13:00:11,100.0,5.03,S
2021-07-27T13:00:11,300.0,5.04,B
2021-07-27T13:00:09,1000.0,5.04,B
2021-07-27T13:00:09,1100.0,5.04,B
2021-07-27T13:00:09,300.0,5.04,B
2021-07-27T13:00:09,200.0,5.04,B
2021-07-27T13:00:09,1000.0,5.04,B
2021-07-27T13:00:09,4000.0,5.04,B
2021-07-27T13:00:08,6000.0,5.0,S
2021-07-27T13:00:04,11200.0,5.04,B
2021-07-27T13:00:04,3000.0,5.04,B
2021-07-27T13:00:04,1000.0,5.04,B
2021-07-27T13:00:02,2100.0,5.04,B
2021-07-27T11:26:44,100.0,5.0,S
2021-07-27T11:25:28,2000.0,5.0,S
2021-07-27T11:24:38,400.0,5.0,S
2021-07-27T11:24:16,100.0,5.0,B
2021-07-27T11:24:00,2000.0,5.0,B
2021-07-27T11:23:40,5500.0,5.0,B
2021-07-27T11:23:12,3300.0,5.0,S
2021-07-27T11:23:12,2600.0,5.0,S
2021-07-27T11:22:44,2400.0,5.0,S
2021-07-27T11:22:28,900.0,5.01,S
2021-07-27T11:20:46,100.0,5.01,S
2021-07-27T11:20:03,13400.0,5.0,S
2021-07-27T11:20:03,2700.0,5.0,S
2021-07-27T11:20:03,500.0,5.0,S
2021-07-27T11:20:03,33400.0,5.0,S
2021-07-27T11:19:36,25000.0,5.01,S
2021-07-27T11:19:34,3000.0,5.01,S
2021-07-27T11:19:10,21100.0,5.01,S
2021-07-27T11:19:10,100.0,5.02,S
2021-07-27T11:19:10,8800.0,5.02,S
2021-07-27T11:19:04,400.0,5.03,S
2021-07-27T11:18:57,400.0,5.03,S
2021-07-27T11:18:32,9300.0,5.03,S
2021-07-27T11:18:32,5000.0,5.03,S
2021-07-27T11:18:32,700.0,5.03,S
2021-07-27T11:18:24,700.0,5.04,S
2021-07-27T11:18:22,2000.0,5.04,S
2021-07-27T11:17:35,15000.0,5.04,S
2021-07-27T11:16:55,2000.0,5.04,S
2021-07-27T11:15:48,300.0,5.05,B
2021-07-27T11:15:34,500.0,5.05,B
2021-07-27T11:15:22,1000.0,5.05,B
2021-07-27T11:15:03,32600.0,5.05,S
2021-07-27T11:14:00,100.0,5.06,S
2021-07-27T11:13:49,11800.0,5.07,B
2021-07-27T11:13:49,1000.0,5.07,B
2021-07-27T11:13:49,1700.0,5.07,B
2021-07-27T11:13:49,5500.0,5.07,B
2021-07-27T11:12:30,10000.0,5.07,B
2021-07-27T11:11:50,100.0,5.06,B
2021-07-27T11:11:24,6900.0,5.06,S
2021-07-27T11:10:55,2000.0,5.07,B
2021-07-27T11:10:50,200.0,5.06,B
2021-07-27T11:10:50,500.0,5.05,B
2021-07-27T11:10:50,2400.0,5.05,B
2021-07-27T11:10:35,7600.0,5.05,S
2021-07-27T11:10:11,3400.0,5.05,B
2021-07-27T11:09:51,500.0,5.05,S
2021-07-27T11:09:51,200.0,5.05,S
2021-07-27T11:09:51,2600.0,5.05,S
2021-07-27T11:09:51,30600.0,5.05,S
2021-07-27T11:09:51,600.0,5.05,S
2021-07-27T11:09:51,1000.0,5.05,S
2021-07-27T11:09:51,13600.0,5.05,S
2021-07-27T11:09:41,100.0,5.06,B
2021-07-27T11:09:05,800.0,5.06,S
2021-07-27T11:09:04,100.0,5.06,B
2021-07-27T11:08:51,100.0,5.06,S
2021-07-27T11:08:48,1600.0,5.06,S
2021-07-27T11:08:37,800.0,5.06,S
2021-07-27T11:08:25,1000.0,5.06,S
2021-07-27T11:07:58,1000.0,5.06,S
2021-07-27T11:07:57,1000.0,5.06,S
2021-07-27T11:07:06,700.0,5.06,B
2021-07-27T11:07:03,100.0,5.06,S
2021-07-27T11:06:15,2400.0,5.06,B
2021-07-27T11:05:58,5000.0,5.06,B
2021-07-27T11:05:14,2000.0,5.06,B
2021-07-27T11:05:04,300.0,5.06,B
2021-07-27T11:04:01,100.0,5.06,B
2021-07-27T11:03:04,700.0,5.06,S
2021-07-27T11:01:49,1700.0,5.06,S
2021-07-27T10:58:29,6000.0,5.05,S
2021-07-27T10:58:14,4900.0,5.06,B
2021-07-27T10:57:46,100.0,5.06,S
2021-07-27T10:57:44,4500.0,5.06,S
2021-07-27T10:57:44,5500.0,5.06,S
2021-07-27T10:57:21,1600.0,5.06,S
2021-07-27T10:57:21,400.0,5.06,S
2021-07-27T10:56:20,300.0,5.06,S
2021-07-27T10:55:41,500.0,5.06,S
2021-07-27T10:54:06,500.0,5.05,S
2021-07-27T10:53:46,9200.0,5.07,B
2021-07-27T10:53:46,800.0,5.07,B
2021-07-27T10:53:46,1700.0,5.07,B
2021-07-27T10:53:10,5000.0,5.05,S
2021-07-27T10:53:01,100.0,5.06,B
2021-07-27T10:53:01,500.0,5.06,S
2021-07-27T10:51:15,600.0,5.07,B
2021-07-27T10:50:30,700.0,5.07,B
2021-07-27T10:50:20,31700.0,5.07,S
2021-07-27T10:50:01,2700.0,5.07,S
2021-07-27T10:49:20,1800.0,5.08,B
2021-07-27T10:49:16,100.0,5.08,B
2021-07-27T10:49:04,500.0,5.07,S
2021-07-27T10:49:01,100.0,5.07,S
2021-07-27T10:48:46,1500.0,5.07,B
2021-07-27T10:48:46,400.0,5.07,B
2021-07-27T10:48:46,1500.0,5.07,B
2021-07-27T10:48:46,100.0,5.07,B
2021-07-27T10:48:46,33400.0,5.07,B
2021-07-27T10:48:46,6000.0,5.07,B
2021-07-27T10:48:46,22100.0,5.06,B
2021-07-27T10:48:34,800.0,5.05,B
2021-07-27T10:47:26,2000.0,5.05,B
2021-07-27T10:47:12,2000.0,5.05,B
2021-07-27T10:45:55,10000.0,5.05,B
2021-07-27T10:45:02,700.0,5.05,B
2021-07-27T10:43:47,7100.0,5.04,S
2021-07-27T10:43:46,12200.0,5.05,B
2021-07-27T10:43:40,100.0,5.04,S
2021-07-27T10:43:10,12400.0,5.05,S
2021-07-27T10:43:10,2200.0,5.05,S
2021-07-27T10:43:10,1500.0,5.05,S
2021-07-27T10:43:10,500.0,5.05,S
2021-07-27T10:43:10,1200.0,5.05,S
2021-07-27T10:43:08,200.0,5.06,B
2021-07-27T10:42:30,600.0,5.06,B
2021-07-27T10:42:28,400.0,5.06,B
2021-07-27T10:42:16,10000.0,5.06,B
2021-07-27T10:41:56,4000.0,5.06,B
2021-07-27T10:41:42,200.0,5.05,S
2021-07-27T10:41:29,400.0,5.06,B
2021-07-27T10:41:22,5000.0,5.05,S
2021-07-27T10:41:12,1000.0,5.05,S
2021-07-27T10:41:04,700.0,5.06,B
2021-07-27T10:40:58,3000.0,5.07,B
2021-07-27T10:40:52,200.0,5.07,B
2021-07-27T10:40:52,200.0,5.06,B
2021-07-27T10:40:36,900.0,5.07,B
2021-07-27T10:40:28,5000.0,5.05,S
2021-07-27T10:40:22,1300.0,5.06,B
2021-07-27T10:40:17,1000.0,5.06,B
2021-07-27T10:40:15,600.0,5.06,B
2021-07-27T10:40:11,100.0,5.06,B
2021-07-27T10:39:58,24900.0,5.06,B
2021-07-27T10:39:55,100.0,5.06,B
2021-07-27T10:39:27,100.0,5.05,S
2021-07-27T10:39:13,1000.0,5.05,S
2021-07-27T10:38:56,300.0,5.05,B
2021-07-27T10:38:53,9000.0,5.05,B
2021-07-27T10:38:53,10200.0,5.05,B
2021-07-27T10:38:53,6900.0,5.05,B
2021-07-27T10:38:34,500.0,5.05,B
2021-07-27T10:38:19,1000.0,5.05,B
2021-07-27T10:37:54,1000.0,5.05,B
2021-07-27T10:37:42,200.0,5.05,B
2021-07-27T10:37:40,900.0,5.05,B
2021-07-27T10:37:34,5000.0,5.05,B
2021-07-27T10:37:13,200.0,5.05,B
2021-07-27T10:37:02,1000.0,5.05,B
2021-07-27T10:36:46,100.0,5.04,S
2021-07-27T10:36:25,200.0,5.04,B
2021-07-27T10:35:55,500.0,5.03,S
2021-07-27T10:35:27,1000.0,5.03,B
2021-07-27T10:35:17,100.0,5.03,S
2021-07-27T10:35:17,1000.0,5.03,S
2021-07-27T10:35:17,1100.0,5.03,S
2021-07-27T10:35:17,6800.0,5.03,S
2021-07-27T10:35:13,500.0,5.04,S
2021-07-27T10:35:10,100.0,5.04,S
2021-07-27T10:35:02,1800.0,5.04,S
2021-07-27T10:34:30,1400.0,5.04,S
2021-07-27T10:33:58,2000.0,5.04,S
2021-07-27T10:33:32,600.0,5.04,S
2021-07-27T10:33:30,1000.0,5.05,B
2021-07-27T10:33:18,200.0,5.04,S
2021-07-27T10:33:15,500.0,5.04,S
2021-07-27T10:33:08,1400.0,5.04,B
2021-07-27T10:33:02,300.0,5.04,B
2021-07-27T10:32:28,200.0,5.04,B
2021-07-27T10:31:58,1100.0,5.04,S
2021-07-27T10:31:58,600.0,5.04,S
2021-07-27T10:31:20,2000.0,5.04,S
2021-07-27T10:29:55,500.0,5.04,S
2021-07-27T10:29:55,500.0,5.04,S
2021-07-27T10:28:46,100.0,5.05,B
2021-07-27T10:28:08,200.0,5.05,B
2021-07-27T10:27:50,2000.0,5.04,S
2021-07-27T10:26:48,600.0,5.05,S
2021-07-27T10:26:48,9400.0,5.05,S
2021-07-27T10:26:46,300.0,5.06,B
2021-07-27T10:26:45,600.0,5.05,S
2021-07-27T10:25:52,2100.0,5.05,S
2021-07-27T10:24:58,400.0,5.05,S
2021-07-27T10:24:54,400.0,5.05,B
2021-07-27T10:24:50,100.0,5.05,S
2021-07-27T10:24:38,500.0,5.05,B
2021-07-27T10:24:27,1000.0,5.04,S
2021-07-27T10:24:15,500.0,5.05,B
2021-07-27T10:23:58,100.0,5.05,S
2021-07-27T10:23:54,900.0,5.05,B
2021-07-27T10:23:42,10000.0,5.05,B
2021-07-27T10:23:25,7100.0,5.05,B
2021-07-27T10:23:19,1000.0,5.06,B
2021-07-27T10:23:00,3900.0,5.05,S
2021-07-27T10:23:00,6100.0,5.05,S
2021-07-27T10:22:58,300.0,5.05,S
2021-07-27T10:22:32,26200.0,5.06,S
2021-07-27T10:22:26,600.0,5.07,B
2021-07-27T10:22:21,400.0,5.07,B
2021-07-27T10:22:19,400.0,5.07,B
2021-07-27T10:22:17,2000.0,5.07,B
2021-07-27T10:22:00,300.0,5.07,B
2021-07-27T10:21:56,2000.0,5.07,B
2021-07-27T10:21:53,3800.0,5.07,B
2021-07-27T10:21:48,400.0,5.07,S
2021-07-27T10:21:31,2000.0,5.07,S
2021-07-27T10:21:26,51300.0,5.08,B
2021-07-27T10:21:26,7900.0,5.08,B
2021-07-27T10:20:50,5000.0,5.08,B
2021-07-27T10:20:33,1600.0,5.07,S
2021-07-27T10:20:11,100.0,5.07,S
2021-07-27T10:19:48,500.0,5.07,S
2021-07-27T10:19:41,100.0,5.08,B
2021-07-27T10:19:37,400.0,5.07,S
2021-07-27T10:19:36,100.0,5.08,B
2021-07-27T10:19:29,200.0,5.07,S
2021-07-27T10:19:27,600.0,5.08,B
2021-07-27T10:19:26,600.0,5.07,S
2021-07-27T10:19:24,1500.0,5.07,B
2021-07-27T10:19:14,1100.0,5.07,B
2021-07-27T10:19:07,100.0,5.08,B
2021-07-27T10:19:07,2000.0,5.08,B
2021-07-27T10:19:07,2900.0,5.08,B
2021-07-27T10:18:58,2300.0,5.07,S
2021-07-27T10:18:49,3000.0,5.07,S
2021-07-27T10:18:38,3800.0,5.07,B
2021-07-27T10:18:38,2700.0,5.07,B
2021-07-27T10:18:35,3000.0,5.06,S
2021-07-27T10:18:17,100.0,5.06,S
2021-07-27T10:18:14,1600.0,5.06,S
2021-07-27T10:18:14,200.0,5.06,B
2021-07-27T10:18:14,6100.0,5.06,B
2021-07-27T10:18:11,200.0,5.06,B
2021-07-27T10:17:55,200.0,5.05,S
2021-07-27T10:17:51,1000.0,5.06,B
2021-07-27T10:17:49,500.0,5.06,B
2021-07-27T10:17:45,1000.0,5.06,B
2021-07-27T10:17:38,100.0,5.06,B
2021-07-27T10:17:37,12000.0,5.06,B
2021-07-27T10:17:36,2000.0,5.06,B
2021-07-27T10:17:26,1000.0,5.06,B
2021-07-27T10:17:09,1400.0,5.05,B
2021-07-27T10:17:09,1100.0,5.05,B
2021-07-27T10:17:09,200.0,5.05,B
2021-07-27T10:17:09,4900.0,5.05,B
2021-07-27T10:17:09,6100.0,5.05,B
2021-07-27T10:17:09,100.0,5.05,B
2021-07-27T10:17:09,16400.0,5.05,B
2021-07-27T10:17:09,14500.0,5.05,B
2021-07-27T10:17:06,600.0,5.05,B
2021-07-27T10:16:53,3400.0,5.05,B
2021-07-27T10:16:53,1400.0,5.05,B
2021-07-27T10:16:53,15200.0,5.05,B
2021-07-27T10:16:45,30100.0,5.04,B
2021-07-27T10:16:45,5800.0,5.04,B
2021-07-27T10:16:44,3000.0,5.03,S
2021-07-27T10:16:41,20000.0,5.04,B
2021-07-27T10:16:02,2000.0,5.03,S
2021-07-27T10:15:54,100.0,5.03,B
2021-07-27T10:15:51,1000.0,5.03,B
2021-07-27T10:15:28,1000.0,5.03,B
2021-07-27T10:15:27,5000.0,5.03,B
2021-07-27T10:15:01,600.0,5.02,S
2021-07-27T10:14:35,400.0,5.02,B
2021-07-27T10:14:25,10000.0,5.02,B
2021-07-27T10:13:45,3000.0,5.02,B
2021-07-27T10:13:42,10000.0,5.02,B
2021-07-27T10:13:30,2000.0,5.02,B
2021-07-27T10:13:29,200.0,5.02,B
2021-07-27T10:13:22,9000.0,5.02,B
2021-07-27T10:13:10,500.0,5.01,B
2021-07-27T10:12:57,100.0,5.0,S
2021-07-27T10:12:45,100.0,5.0,S
2021-07-27T10:12:34,100.0,5.01,B
2021-07-27T10:12:33,4000.0,5.01,S
2021-07-27T10:12:23,3000.0,5.02,B
2021-07-27T10:12:04,5000.0,5.01,S
2021-07-27T10:11:47,21100.0,5.01,B
2021-07-27T10:11:45,5000.0,5.0,S
2021-07-27T10:11:23,5000.0,5.0,S
2021-07-27T10:11:09,100.0,5.0,B
2021-07-27T10:11:09,1300.0,5.0,B
2021-07-27T10:11:09,1500.0,5.0,B
2021-07-27T10:11:09,1100.0,5.0,B
2021-07-27T10:11:09,23900.0,5.0,B
2021-07-27T10:10:46,100.0,5.0,B
2021-07-27T10:10:45,10000.0,5.0,B
2021-07-27T10:10:25,2900.0,5.0,B
2021-07-27T10:10:25,1000.0,5.0,B
2021-07-27T10:10:25,200.0,5.0,B
2021-07-27T10:10:25,600.0,5.0,B
2021-07-27T10:10:25,5100.0,5.0,B
2021-07-27T10:10:25,1100.0,5.0,B
2021-07-27T10:10:25,19100.0,5.0,B
2021-07-27T10:10:03,300.0,5.0,B
2021-07-27T10:09:22,9600.0,4.99,B
2021-07-27T10:09:14,30000.0,4.99,B
2021-07-27T10:09:05,2000.0,4.98,S
2021-07-27T10:08:40,400.0,4.99,B
2021-07-27T10:08:25,900.0,4.99,B
2021-07-27T10:08:25,9100.0,4.99,S
2021-07-27T10:08:14,500.0,5.0,B
2021-07-27T10:08:06,400.0,5.0,B
2021-07-27T10:08:06,600.0,5.0,B
2021-07-27T10:07:56,8400.0,5.0,B
2021-07-27T10:07:56,1100.0,5.0,B
2021-07-27T10:07:56,10500.0,5.0,B
2021-07-27T10:07:30,200.0,4.99,S
2021-07-27T10:07:25,100.0,4.99,S
2021-07-27T10:07:02,10100.0,4.99,S
2021-07-27T10:06:42,200.0,4.99,B
2021-07-27T10:06:41,26400.0,4.99,B
2021-07-27T10:06:37,100.0,4.99,B
2021-07-27T10:05:57,4600.0,4.99,B
2021-07-27T10:05:57,1500.0,4.99,B
2021-07-27T10:05:57,8900.0,4.98,B
2021-07-27T10:05:41,1900.0,4.97,S
2021-07-27T10:05:18,1000.0,4.97,S
2021-07-27T10:04:55,10000.0,4.98,B
2021-07-27T10:04:38,1000.0,4.98,B
2021-07-27T10:04:34,500.0,4.98,B
2021-07-27T10:03:20,600.0,4.97,S
2021-07-27T10:03:12,7600.0,4.96,B
2021-07-27T10:03:05,5000.0,4.96,B
2021-07-27T10:02:56,1100.0,4.96,B
2021-07-27T10:02:45,300.0,4.95,S
2021-07-27T10:02:08,100.0,4.95,S
2021-07-27T10:01:56,12400.0,4.95,B
2021-07-27T10:01:54,10000.0,4.95,B
2021-07-27T10:01:40,5000.0,4.95,B
2021-07-27T10:01:38,100.0,4.95,B
2021-07-27T10:01:28,1100.0,4.95,B
2021-07-27T10:01:21,100.0,4.95,B
2021-07-27T10:01:16,9500.0,4.95,B
2021-07-27T10:01:11,100.0,4.95,B
2021-07-27T10:00:49,3200.0,4.95,B
2021-07-27T10:00:38,100.0,4.95,B
2021-07-27T09:59:52,100.0,4.95,B
2021-07-27T09:59:27,1700.0,4.95,B
2021-07-27T09:58:54,100.0,4.95,B
2021-07-27T09:58:51,3700.0,4.95,B
2021-07-27T09:58:51,1200.0,4.95,B
2021-07-27T09:58:51,100.0,4.95,B
2021-07-27T09:56:25,100.0,4.95,B
2021-07-27T09:55:58,4000.0,4.95,B
2021-07-27T09:55:56,500.0,4.95,B
2021-07-27T09:55:54,400.0,4.95,B
2021-07-27T09:55:04,100.0,4.95,B
2021-07-27T09:54:36,20000.0,4.95,B
2021-07-27T09:54:29,2500.0,4.95,B
2021-07-27T09:54:28,200.0,4.92,S
2021-07-27T09:53:27,10000.0,4.95,B
2021-07-27T09:53:16,200.0,4.93,S
2021-07-27T09:52:45,5000.0,4.93,B
2021-07-27T09:52:12,8000.0,4.91,S
2021-07-27T09:52:12,1000.0,4.91,S
2021-07-27T09:52:12,500.0,4.91,S
2021-07-27T09:51:20,1400.0,4.93,B
2021-07-27T09:51:16,200.0,4.95,B
2021-07-27T09:50:47,5000.0,4.95,B
2021-07-27T09:50:15,500.0,4.93,S
2021-07-27T09:49:59,4300.0,4.93,B
2021-07-27T09:48:21,4700.0,4.93,B
2021-07-27T09:48:01,100.0,4.91,S
2021-07-27T09:47:52,100.0,4.91,S
2021-07-27T09:47:30,1000.0,4.91,S
2021-07-27T09:47:13,200.0,4.91,S
2021-07-27T09:44:23,100.0,4.91,S
2021-07-27T09:43:42,200.0,4.92,B
2021-07-27T09:43:24,3000.0,4.92,B
2021-07-27T09:42:53,100.0,4.92,S
2021-07-27T09:42:53,1900.0,4.92,S
2021-07-27T09:42:36,1100.0,4.92,B
2021-07-27T09:42:31,500.0,4.92,B
2021-07-27T09:42:24,3400.0,4.92,S
2021-07-27T09:42:07,1000.0,4.92,S
2021-07-27T09:42:06,600.0,4.95,B
2021-07-27T09:41:41,300.0,4.92,S
2021-07-27T09:41:23,500.0,4.95,B
2021-07-27T09:41:12,1000.0,4.95,B
2021-07-27T09:40:34,100.0,4.95,B
2021-07-27T09:40:14,5000.0,4.95,B
2021-07-27T09:40:04,700.0,4.95,B
2021-07-27T09:39:32,1600.0,4.95,B
2021-07-27T09:39:31,300.0,4.95,B
2021-07-27T09:39:23,44500.0,4.95,S
2021-07-27T09:39:02,400.0,4.95,S
2021-07-27T09:38:19,100.0,4.96,B
2021-07-27T09:38:16,200.0,4.96,B
2021-07-27T09:37:36,100.0,4.96,B
2021-07-27T09:37:31,2000.0,4.96,B
2021-07-27T09:37:11,4900.0,4.96,S
2021-07-27T09:36:02,1000.0,4.96,S
2021-07-27T09:35:41,3600.0,4.96,S
2021-07-27T09:35:41,200.0,4.96,S
2021-07-27T09:34:31,400.0,4.95,S
2021-07-27T09:34:31,2500.0,4.95,S
2021-07-27T09:34:31,100.0,4.96,S
2021-07-27T09:34:31,500.0,4.96,S
2021-07-27T09:34:31,1200.0,4.97,S
2021-07-27T09:34:31,5300.0,4.97,S
2021-07-27T09:34:27,3000.0,4.99,B
2021-07-27T09:34:24,5000.0,4.99,B
2021-07-27T09:34:00,3000.0,4.99,B
2021-07-27T09:33:40,5000.0,4.99,B
2021-07-27T09:33:28,1000.0,4.97,S
2021-07-27T09:33:11,500.0,4.97,S
2021-07-27T09:32:50,100.0,4.97,S
2021-07-27T09:32:38,1000.0,4.98,B
2021-07-27T09:31:46,3000.0,4.97,S
2021-07-27T09:31:39,4800.0,4.98,B
2021-07-27T09:31:36,500.0,4.98,B
2021-07-27T09:31:08,500.0,4.98,B
2021-07-27T09:31:06,100.0,4.98,B
2021-07-27T09:29:51,500.0,4.97,S
2021-07-27T09:28:46,2000.0,4.95,S
2021-07-27T09:28:41,1400.0,4.98,B
2021-07-27T09:27:47,100.0,4.98,B
2021-07-27T09:27:19,1000.0,4.95,S
2021-07-27T09:27:17,1000.0,4.95,S
2021-07-27T09:26:23,600.0,4.95,S
2021-07-27T09:26:16,10000.0,4.95,S
2021-07-27T09:26:10,200.0,4.95,S
2021-07-27T09:25:52,100.0,4.98,B
2021-07-27T09:25:16,9800.0,4.95,S
2021-07-27T09:25:14,1000.0,4.95,S
2021-07-27T09:25:11,1000.0,4.95,S
2021-07-27T09:24:35,500.0,4.95,S
2021-07-27T09:24:33,100.0,4.95,S
2021-07-27T09:24:03,1000.0,4.95,S
2021-07-27T09:23:11,2400.0,4.95,S
2021-07-27T09:22:38,100.0,4.95,S
2021-07-27T09:22:38,8000.0,5.0,B
2021-07-27T09:22:38,12000.0,5.0,B
2021-07-27T09:21:30,100.0,4.95,S
2021-07-27T09:21:23,1000.0,4.95,S
2021-07-27T09:21:15,1000.0,5.0,B
2021-07-27T09:21:06,6000.0,5.0,B
2021-07-27T09:20:43,2000.0,5.0,B
2021-07-27T09:20:22,1000.0,4.95,S
2021-07-27T09:20:05,100.0,4.95,S
2021-07-27T09:19:56,200.0,5.0,B
2021-07-27T09:19:36,2500.0,5.0,B
2021-07-27T09:19:29,10000.0,5.0,B
2021-07-27T09:19:21,11300.0,5.0,B
2021-07-27T09:19:12,300.0,5.0,B
2021-07-27T09:18:57,900.0,5.0,B
2021-07-27T09:18:16,200.0,5.0,B
2021-07-27T09:18:08,500.0,4.99,B
2021-07-27T09:17:41,18200.0,5.0,B
2021-07-27T09:17:37,900.0,4.95,B
2021-07-27T09:17:35,500.0,4.86,S
2021-07-27T09:16:50,300.0,4.85,S
2021-07-27T09:16:50,100.0,4.85,S
2021-07-27T09:16:50,100.0,4.85,S
2021-07-27T09:15:55,100.0,4.85,S
2021-07-27T09:15:46,100.0,5.0,B
2021-07-27T09:15:45,100.0,5.0,B
2021-07-27T09:15:30,5000.0,5.0,B
2021-07-27T09:15:10,6000.0,5.0,B
2021-07-27T09:15:07,19000.0,5.0,B
