tradingTime,volume,price,side
2021-07-27T14:29:06,100.0,19.35,B
2021-07-27T14:29:04,500.0,19.3,S
2021-07-27T14:27:27,700.0,19.4,B
2021-07-27T14:27:27,300.0,19.4,B
2021-07-27T14:26:20,100.0,19.4,B
2021-07-27T14:26:09,2200.0,19.3,B
2021-07-27T14:26:07,1000.0,19.3,B
2021-07-27T14:25:36,700.0,19.25,S
2021-07-27T14:25:35,1300.0,19.25,S
2021-07-27T14:24:53,100.0,19.3,B
2021-07-27T14:24:44,200.0,19.3,B
2021-07-27T14:24:05,1000.0,19.3,B
2021-07-27T14:21:42,200.0,19.3,B
2021-07-27T14:19:45,1000.0,19.3,B
2021-07-27T14:18:05,100.0,19.3,B
2021-07-27T14:17:35,500.0,19.3,B
2021-07-27T14:17:03,100.0,19.3,B
2021-07-27T14:16:12,100.0,19.3,B
2021-07-27T14:15:42,500.0,19.25,S
2021-07-27T14:12:10,100.0,19.3,B
2021-07-27T14:11:48,600.0,19.25,S
2021-07-27T14:10:51,100.0,19.35,B
2021-07-27T14:10:37,100.0,19.35,B
2021-07-27T14:10:35,13100.0,19.25,B
2021-07-27T14:10:19,100.0,19.25,B
2021-07-27T14:09:57,800.0,19.2,S
2021-07-27T14:09:53,300.0,19.25,B
2021-07-27T14:09:23,100.0,19.25,B
2021-07-27T14:07:06,200.0,19.2,S
2021-07-27T14:06:55,200.0,19.2,S
2021-07-27T14:06:55,4200.0,19.2,S
2021-07-27T14:06:55,600.0,19.2,S
2021-07-27T14:06:47,600.0,19.2,S
2021-07-27T14:06:25,300.0,19.25,B
2021-07-27T14:06:19,500.0,19.25,S
2021-07-27T14:06:19,300.0,19.25,S
2021-07-27T14:06:19,3000.0,19.25,S
2021-07-27T14:06:19,2500.0,19.25,S
2021-07-27T14:06:19,700.0,19.25,S
2021-07-27T14:06:19,500.0,19.25,S
2021-07-27T14:06:19,6700.0,19.25,S
2021-07-27T14:06:13,1500.0,19.35,S
2021-07-27T14:06:00,1000.0,19.35,S
2021-07-27T14:05:48,1500.0,19.35,S
2021-07-27T14:02:11,100.0,19.4,B
2021-07-27T14:02:05,1400.0,19.35,B
2021-07-27T14:01:25,100.0,19.35,B
2021-07-27T14:01:08,300.0,19.3,S
2021-07-27T14:00:37,1000.0,19.3,S
2021-07-27T14:00:25,700.0,19.35,B
2021-07-27T13:58:33,400.0,19.35,S
2021-07-27T13:57:52,300.0,19.35,S
2021-07-27T13:56:49,500.0,19.35,S
2021-07-27T13:56:49,1000.0,19.35,S
2021-07-27T13:55:30,100.0,19.35,S
2021-07-27T13:51:07,800.0,19.35,S
2021-07-27T13:50:26,500.0,19.35,S
2021-07-27T13:49:49,100.0,19.4,B
2021-07-27T13:49:38,7700.0,19.35,B
2021-07-27T13:48:34,1200.0,19.35,S
2021-07-27T13:48:34,3500.0,19.35,S
2021-07-27T13:48:01,100.0,19.45,B
2021-07-27T13:47:39,100.0,19.4,B
2021-07-27T13:47:26,100.0,19.35,S
2021-07-27T13:47:00,100.0,19.45,B
2021-07-27T13:46:40,1000.0,19.35,S
2021-07-27T13:46:06,100.0,19.45,B
2021-07-27T13:45:27,200.0,19.35,S
2021-07-27T13:44:15,100.0,19.45,B
2021-07-27T13:42:08,100.0,19.35,S
2021-07-27T13:41:55,100.0,19.35,B
2021-07-27T13:41:04,600.0,19.25,S
2021-07-27T13:41:04,800.0,19.25,S
2021-07-27T13:41:04,2200.0,19.25,S
2021-07-27T13:41:04,3000.0,19.25,S
2021-07-27T13:41:04,2100.0,19.3,S
2021-07-27T13:41:04,1000.0,19.3,S
2021-07-27T13:41:04,5100.0,19.3,S
2021-07-27T13:41:04,1400.0,19.3,S
2021-07-27T13:41:04,3000.0,19.35,S
2021-07-27T13:41:02,800.0,19.35,S
2021-07-27T13:40:49,100.0,19.5,B
2021-07-27T13:39:49,1000.0,19.35,S
2021-07-27T13:39:27,300.0,19.35,S
2021-07-27T13:38:57,100.0,19.5,B
2021-07-27T13:38:49,700.0,19.35,S
2021-07-27T13:38:49,2300.0,19.35,S
2021-07-27T13:38:00,1500.0,19.4,S
2021-07-27T13:37:25,2000.0,19.4,S
2021-07-27T13:36:58,1000.0,19.35,S
2021-07-27T13:36:46,300.0,19.45,S
2021-07-27T13:36:00,900.0,19.4,S
2021-07-27T13:35:06,400.0,19.5,B
2021-07-27T13:35:06,100.0,19.5,B
2021-07-27T13:35:03,300.0,19.4,S
2021-07-27T13:34:28,100.0,19.5,B
2021-07-27T13:34:24,100.0,19.45,B
2021-07-27T13:34:22,100.0,19.45,B
2021-07-27T13:33:45,400.0,19.4,B
2021-07-27T13:33:01,300.0,19.35,S
2021-07-27T13:32:05,200.0,19.35,S
2021-07-27T13:31:15,600.0,19.4,B
2021-07-27T13:31:15,6600.0,19.4,S
2021-07-27T13:31:15,2500.0,19.45,S
2021-07-27T13:31:03,400.0,19.5,B
2021-07-27T13:28:28,1000.0,19.5,S
2021-07-27T13:27:50,1000.0,19.5,S
2021-07-27T13:27:43,2000.0,19.5,S
2021-07-27T13:27:32,1000.0,19.5,S
2021-07-27T13:27:08,2000.0,19.5,S
2021-07-27T13:26:56,2000.0,19.5,S
2021-07-27T13:25:23,100.0,19.5,S
2021-07-27T13:24:06,100.0,19.5,S
2021-07-27T13:23:41,400.0,19.55,S
2021-07-27T13:22:44,100.0,19.55,S
2021-07-27T13:22:23,1000.0,19.5,S
2021-07-27T13:20:41,1000.0,19.55,S
2021-07-27T13:20:37,1000.0,19.55,S
2021-07-27T13:20:17,100.0,19.55,S
2021-07-27T13:18:28,2200.0,19.6,S
2021-07-27T13:18:27,800.0,19.6,S
2021-07-27T13:18:27,1200.0,19.6,S
2021-07-27T13:18:07,200.0,19.6,S
2021-07-27T13:17:38,500.0,19.6,S
2021-07-27T13:17:36,1300.0,19.6,S
2021-07-27T13:16:40,100.0,19.6,S
2021-07-27T13:16:28,300.0,19.6,B
2021-07-27T13:16:28,2400.0,19.6,B
2021-07-27T13:16:03,500.0,19.6,B
2021-07-27T13:15:33,3300.0,19.6,S
2021-07-27T13:15:33,2600.0,19.6,S
2021-07-27T13:15:33,500.0,19.6,S
2021-07-27T13:15:33,1200.0,19.6,S
2021-07-27T13:15:10,100.0,19.6,S
2021-07-27T13:15:03,100.0,19.6,S
2021-07-27T13:13:44,1700.0,19.6,S
2021-07-27T13:11:08,100.0,19.65,B
2021-07-27T13:11:07,200.0,19.65,B
2021-07-27T13:10:47,1100.0,19.65,S
2021-07-27T13:09:50,200.0,19.65,S
2021-07-27T13:09:42,500.0,19.65,B
2021-07-27T13:09:10,100.0,19.65,S
2021-07-27T13:08:25,1400.0,19.65,S
2021-07-27T13:08:24,1000.0,19.65,S
2021-07-27T13:04:03,100.0,19.6,S
2021-07-27T13:03:32,1000.0,19.6,S
2021-07-27T13:03:29,1300.0,19.6,S
2021-07-27T13:03:04,800.0,19.6,S
2021-07-27T13:02:41,300.0,19.7,B
2021-07-27T13:02:36,500.0,19.6,S
2021-07-27T13:02:36,1800.0,19.6,S
2021-07-27T13:02:11,1000.0,19.6,S
2021-07-27T13:02:11,1300.0,19.6,S
2021-07-27T13:00:09,300.0,19.7,B
2021-07-27T13:00:09,200.0,19.6,S
2021-07-27T13:00:04,100.0,19.6,S
2021-07-27T13:00:02,900.0,19.6,S
2021-07-27T11:29:23,500.0,19.6,S
2021-07-27T11:28:55,600.0,19.7,B
2021-07-27T11:28:55,900.0,19.65,S
2021-07-27T11:28:51,100.0,19.65,S
2021-07-27T11:28:20,100.0,19.7,B
2021-07-27T11:28:15,100.0,19.65,S
2021-07-27T11:27:55,100.0,19.7,B
2021-07-27T11:26:49,100.0,19.65,S
2021-07-27T11:26:30,100.0,19.7,B
2021-07-27T11:26:26,1800.0,19.65,B
2021-07-27T11:25:40,600.0,19.65,B
2021-07-27T11:25:06,100.0,19.65,B
2021-07-27T11:24:52,500.0,19.6,S
2021-07-27T11:24:38,700.0,19.6,B
2021-07-27T11:24:10,1000.0,19.6,B
2021-07-27T11:24:10,400.0,19.6,S
2021-07-27T11:24:00,100.0,19.65,B
2021-07-27T11:23:55,500.0,19.6,S
2021-07-27T11:23:46,100.0,19.6,S
2021-07-27T11:23:32,1000.0,19.6,B
2021-07-27T11:23:23,100.0,19.6,B
2021-07-27T11:23:17,100.0,19.55,S
2021-07-27T11:23:06,2000.0,19.6,B
2021-07-27T11:22:24,100.0,19.6,B
2021-07-27T11:22:21,100.0,19.55,S
2021-07-27T11:22:20,100.0,19.6,B
2021-07-27T11:22:20,900.0,19.55,S
2021-07-27T11:22:20,100.0,19.55,S
2021-07-27T11:22:11,400.0,19.55,B
2021-07-27T11:22:01,100.0,19.55,B
2021-07-27T11:20:40,100.0,19.6,B
2021-07-27T11:20:36,100.0,19.55,B
2021-07-27T11:20:34,100.0,19.5,S
2021-07-27T11:20:18,700.0,19.5,B
2021-07-27T11:20:18,3200.0,19.5,B
2021-07-27T11:20:07,1400.0,19.5,B
2021-07-27T11:20:07,100.0,19.5,B
2021-07-27T11:20:07,1300.0,19.5,B
2021-07-27T11:20:07,4500.0,19.5,B
2021-07-27T11:19:49,100.0,19.45,B
2021-07-27T11:19:36,200.0,19.4,S
2021-07-27T11:19:36,2900.0,19.4,B
2021-07-27T11:19:35,900.0,19.4,B
2021-07-27T11:19:32,1600.0,19.4,B
2021-07-27T11:19:16,100.0,19.4,B
2021-07-27T11:19:15,500.0,19.4,B
2021-07-27T11:19:05,900.0,19.4,B
2021-07-27T11:18:58,2000.0,19.4,B
2021-07-27T11:18:31,100.0,19.35,S
2021-07-27T11:18:25,500.0,19.35,S
2021-07-27T11:17:57,5800.0,19.35,B
2021-07-27T11:17:41,100.0,19.35,B
2021-07-27T11:17:33,400.0,19.35,B
2021-07-27T11:17:24,200.0,19.35,B
2021-07-27T11:16:43,1000.0,19.35,B
2021-07-27T11:16:33,500.0,19.35,B
2021-07-27T11:15:42,100.0,19.35,B
2021-07-27T11:15:30,200.0,19.35,B
2021-07-27T11:13:52,100.0,19.4,B
2021-07-27T11:13:29,2100.0,19.35,S
2021-07-27T11:13:13,100.0,19.35,B
2021-07-27T11:13:09,400.0,19.3,B
2021-07-27T11:12:31,300.0,19.3,B
2021-07-27T11:12:25,300.0,19.3,S
2021-07-27T11:12:18,400.0,19.3,B
2021-07-27T11:12:18,500.0,19.3,B
2021-07-27T11:12:16,300.0,19.3,B
2021-07-27T11:12:07,500.0,19.3,B
2021-07-27T11:11:56,100.0,19.3,B
2021-07-27T11:11:54,100.0,19.3,B
2021-07-27T11:11:50,1600.0,19.25,B
2021-07-27T11:11:50,2700.0,19.25,B
2021-07-27T11:11:15,100.0,19.25,B
2021-07-27T11:11:00,400.0,19.2,S
2021-07-27T11:11:00,100.0,19.2,S
2021-07-27T11:11:00,1100.0,19.2,S
2021-07-27T11:11:00,400.0,19.2,S
2021-07-27T11:10:00,800.0,19.2,B
2021-07-27T11:09:59,600.0,19.2,B
2021-07-27T11:09:59,500.0,19.2,B
2021-07-27T11:09:51,100.0,19.2,B
2021-07-27T11:09:40,800.0,19.2,B
2021-07-27T11:09:18,100.0,19.2,B
2021-07-27T11:08:43,1500.0,19.15,S
2021-07-27T11:08:27,100.0,19.2,B
2021-07-27T11:08:23,100.0,19.15,B
2021-07-27T11:08:18,400.0,19.15,B
2021-07-27T11:08:16,100.0,19.15,B
2021-07-27T11:08:14,500.0,19.15,B
2021-07-27T11:07:58,400.0,19.15,S
2021-07-27T11:07:47,1600.0,19.15,B
2021-07-27T11:07:35,200.0,19.15,B
2021-07-27T11:07:33,100.0,19.15,B
2021-07-27T11:07:26,800.0,19.1,S
2021-07-27T11:07:03,3600.0,19.15,S
2021-07-27T11:06:37,500.0,19.2,B
2021-07-27T11:04:06,100.0,19.2,B
2021-07-27T11:02:58,100.0,19.2,B
2021-07-27T11:01:39,1400.0,19.2,B
2021-07-27T11:01:03,1000.0,19.2,B
2021-07-27T10:59:38,4000.0,19.2,S
2021-07-27T10:59:14,1000.0,19.2,B
2021-07-27T10:58:29,100.0,19.2,S
2021-07-27T10:58:09,400.0,19.2,S
2021-07-27T10:57:49,200.0,19.2,S
2021-07-27T10:57:05,2000.0,19.2,S
2021-07-27T10:53:09,400.0,19.2,B
2021-07-27T10:52:02,100.0,19.2,B
2021-07-27T10:50:37,100.0,19.2,B
2021-07-27T10:49:50,400.0,19.2,S
2021-07-27T10:43:42,100.0,19.2,S
2021-07-27T10:43:41,900.0,19.2,S
2021-07-27T10:43:08,2000.0,19.2,S
2021-07-27T10:42:35,100.0,19.25,B
2021-07-27T10:39:58,100.0,19.25,B
2021-07-27T10:38:50,100.0,19.25,B
2021-07-27T10:37:13,200.0,19.2,S
2021-07-27T10:36:10,100.0,19.2,S
2021-07-27T10:33:33,100.0,19.25,B
2021-07-27T10:32:47,500.0,19.2,S
2021-07-27T10:29:55,400.0,19.2,S
2021-07-27T10:26:05,2600.0,19.25,B
2021-07-27T10:21:34,100.0,19.25,B
2021-07-27T10:21:22,100.0,19.2,B
2021-07-27T10:21:14,300.0,19.2,B
2021-07-27T10:20:41,200.0,19.2,S
2021-07-27T10:19:47,100.0,19.2,S
2021-07-27T10:17:38,400.0,19.2,B
2021-07-27T10:13:16,300.0,19.15,B
2021-07-27T10:13:10,500.0,19.15,B
2021-07-27T10:12:57,100.0,19.15,S
2021-07-27T10:12:12,400.0,19.2,B
2021-07-27T10:11:05,200.0,19.2,B
2021-07-27T10:10:30,1000.0,19.15,S
2021-07-27T10:10:30,800.0,19.15,S
2021-07-27T10:10:07,200.0,19.2,S
2021-07-27T10:09:36,1500.0,19.2,S
2021-07-27T10:09:06,100.0,19.2,S
2021-07-27T10:07:05,1000.0,19.2,S
2021-07-27T10:07:00,700.0,19.2,S
2021-07-27T10:06:49,100.0,19.25,B
2021-07-27T10:05:55,200.0,19.2,B
2021-07-27T10:05:41,500.0,19.2,B
2021-07-27T10:05:33,600.0,19.2,B
2021-07-27T10:05:14,3000.0,19.2,B
2021-07-27T10:04:34,300.0,19.2,B
2021-07-27T10:00:30,1900.0,19.2,B
2021-07-27T10:00:11,600.0,19.2,B
2021-07-27T09:59:06,1000.0,19.1,S
2021-07-27T09:58:20,1000.0,19.1,S
2021-07-27T09:57:57,1000.0,19.1,S
2021-07-27T09:57:19,4300.0,19.1,S
2021-07-27T09:55:45,700.0,19.15,S
2021-07-27T09:53:59,100.0,19.15,S
2021-07-27T09:53:06,300.0,19.2,S
2021-07-27T09:52:54,300.0,19.2,S
2021-07-27T09:52:38,1000.0,19.2,S
2021-07-27T09:52:37,100.0,19.2,S
2021-07-27T09:51:49,300.0,19.2,S
2021-07-27T09:51:12,100.0,19.2,S
2021-07-27T09:51:12,800.0,19.2,S
2021-07-27T09:51:06,100.0,19.2,S
2021-07-27T09:48:17,700.0,19.2,S
2021-07-27T09:46:04,100.0,19.25,S
2021-07-27T09:45:38,900.0,19.25,S
2021-07-27T09:44:36,100.0,19.25,S
2021-07-27T09:41:22,100.0,19.3,S
2021-07-27T09:41:22,100.0,19.3,S
2021-07-27T09:41:16,1000.0,19.3,S
2021-07-27T09:39:43,100.0,19.3,S
2021-07-27T09:39:34,2000.0,19.35,B
2021-07-27T09:39:32,100.0,19.3,S
2021-07-27T09:39:28,1000.0,19.3,S
2021-07-27T09:39:14,400.0,19.35,B
2021-07-27T09:39:10,1000.0,19.35,B
2021-07-27T09:39:06,1000.0,19.35,B
2021-07-27T09:38:29,100.0,19.35,B
2021-07-27T09:38:16,300.0,19.35,S
2021-07-27T09:38:12,600.0,19.4,B
2021-07-27T09:38:12,100.0,19.4,B
2021-07-27T09:38:12,300.0,19.4,B
2021-07-27T09:37:44,300.0,19.35,S
2021-07-27T09:37:16,500.0,19.35,S
2021-07-27T09:36:54,1000.0,19.3,S
2021-07-27T09:36:46,100.0,19.3,S
2021-07-27T09:36:44,300.0,19.35,B
2021-07-27T09:36:19,500.0,19.3,S
2021-07-27T09:35:53,200.0,19.3,S
2021-07-27T09:35:52,100.0,19.3,S
2021-07-27T09:35:21,2000.0,19.3,B
2021-07-27T09:35:14,500.0,19.2,S
2021-07-27T09:35:10,200.0,19.25,B
2021-07-27T09:34:22,500.0,19.2,B
2021-07-27T09:33:59,100.0,19.2,B
2021-07-27T09:33:34,400.0,19.2,B
2021-07-27T09:33:04,100.0,19.2,B
2021-07-27T09:32:49,600.0,19.2,B
2021-07-27T09:32:06,900.0,19.15,B
2021-07-27T09:31:45,1000.0,19.15,B
2021-07-27T09:31:26,3300.0,19.1,B
2021-07-27T09:31:03,100.0,19.05,S
2021-07-27T09:28:38,1000.0,19.05,B
2021-07-27T09:27:50,200.0,19.05,B
2021-07-27T09:27:39,100.0,19.05,B
2021-07-27T09:27:30,600.0,19.05,B
2021-07-27T09:27:17,300.0,19.05,B
2021-07-27T09:27:05,700.0,19.05,B
2021-07-27T09:26:45,400.0,19.05,B
2021-07-27T09:26:38,600.0,19.05,B
2021-07-27T09:26:31,800.0,19.05,B
2021-07-27T09:26:20,200.0,19.05,B
2021-07-27T09:26:00,1100.0,19.05,S
2021-07-27T09:25:50,1000.0,19.1,B
2021-07-27T09:25:20,200.0,19.05,S
2021-07-27T09:25:12,200.0,19.05,S
2021-07-27T09:24:20,1000.0,19.05,S
2021-07-27T09:23:59,200.0,19.1,B
2021-07-27T09:23:05,1100.0,19.1,S
2021-07-27T09:21:53,2500.0,19.1,S
2021-07-27T09:21:39,100.0,19.1,B
2021-07-27T09:21:39,1800.0,19.1,B
2021-07-27T09:21:29,300.0,19.05,S
2021-07-27T09:21:26,1000.0,19.05,S
2021-07-27T09:21:15,300.0,19.05,S
2021-07-27T09:20:36,100.0,19.1,B
2021-07-27T09:20:24,600.0,19.1,S
2021-07-27T09:20:24,2800.0,19.1,S
2021-07-27T09:20:24,5700.0,19.1,S
2021-07-27T09:18:35,1000.0,19.15,S
2021-07-27T09:17:41,200.0,19.1,S
2021-07-27T09:17:41,100.0,19.15,B
2021-07-27T09:16:59,100.0,19.1,S
2021-07-27T09:15:34,100.0,19.0,B
2021-07-27T09:15:27,200.0,19.0,B
