tradingTime,volume,price,side
2021-07-27T14:29:58,400.0,13.0,B
2021-07-27T14:29:42,4800.0,13.0,B
2021-07-27T14:29:34,100.0,12.95,B
2021-07-27T14:29:26,1000.0,12.95,B
2021-07-27T14:29:25,200.0,12.95,B
2021-07-27T14:29:25,3300.0,12.95,B
2021-07-27T14:29:25,16000.0,12.95,B
2021-07-27T14:29:25,700.0,12.95,B
2021-07-27T14:29:04,100.0,12.95,B
2021-07-27T14:29:01,100.0,12.95,B
2021-07-27T14:27:02,1000.0,12.95,B
2021-07-27T14:26:01,400.0,12.95,B
2021-07-27T14:25:35,2900.0,12.9,S
2021-07-27T14:25:24,1000.0,12.95,B
2021-07-27T14:24:30,3000.0,12.95,B
2021-07-27T14:24:10,10000.0,12.95,B
2021-07-27T14:24:08,500.0,12.95,B
2021-07-27T14:23:59,500.0,12.95,B
2021-07-27T14:23:42,200.0,12.95,B
2021-07-27T14:23:37,2000.0,12.95,B
2021-07-27T14:23:30,10000.0,12.95,B
2021-07-27T14:23:21,300.0,12.95,B
2021-07-27T14:23:15,100.0,12.95,B
2021-07-27T14:23:07,1000.0,12.95,B
2021-07-27T14:23:05,600.0,12.9,S
2021-07-27T14:22:58,100.0,12.95,B
2021-07-27T14:22:40,5000.0,12.95,S
2021-07-27T14:22:40,3000.0,12.95,S
2021-07-27T14:22:40,600.0,12.95,S
2021-07-27T14:22:40,500.0,12.95,S
2021-07-27T14:22:40,60400.0,12.95,S
2021-07-27T14:22:17,300.0,12.95,S
2021-07-27T14:22:15,4000.0,12.95,S
2021-07-27T14:21:38,2000.0,12.95,S
2021-07-27T14:21:31,200.0,12.95,S
2021-07-27T14:20:44,500.0,12.95,S
2021-07-27T14:19:33,200.0,12.95,S
2021-07-27T14:19:27,100.0,12.95,S
2021-07-27T14:17:48,100.0,12.95,S
2021-07-27T14:17:13,100.0,13.0,B
2021-07-27T14:17:11,100.0,13.0,B
2021-07-27T14:17:02,1000.0,13.0,B
2021-07-27T14:16:45,8800.0,12.95,B
2021-07-27T14:16:45,10000.0,12.95,B
2021-07-27T14:16:43,500.0,12.95,B
2021-07-27T14:16:39,100.0,12.95,B
2021-07-27T14:16:35,1000.0,12.95,B
2021-07-27T14:16:29,600.0,12.95,B
2021-07-27T14:16:26,1000.0,12.95,B
2021-07-27T14:16:25,100.0,12.95,B
2021-07-27T14:15:05,400.0,12.95,B
2021-07-27T14:15:01,5000.0,12.95,B
2021-07-27T14:14:57,2000.0,12.95,B
2021-07-27T14:14:50,600.0,12.95,S
2021-07-27T14:14:48,1000.0,12.95,S
2021-07-27T14:14:41,20000.0,12.95,S
2021-07-27T14:14:33,8500.0,12.95,S
2021-07-27T14:14:16,5000.0,12.95,S
2021-07-27T14:14:04,3000.0,12.95,S
2021-07-27T14:13:36,7600.0,12.95,S
2021-07-27T14:13:36,3100.0,12.95,S
2021-07-27T14:13:36,16900.0,12.95,S
2021-07-27T14:13:35,10200.0,12.95,S
2021-07-27T14:13:35,7200.0,12.95,S
2021-07-27T14:12:09,400.0,13.0,S
2021-07-27T14:12:08,500.0,13.0,S
2021-07-27T14:12:05,2000.0,13.0,S
2021-07-27T14:12:03,400.0,13.0,S
2021-07-27T14:12:03,1300.0,13.0,S
2021-07-27T14:12:03,18300.0,13.0,S
2021-07-27T14:12:03,10000.0,13.0,S
2021-07-27T14:11:59,3000.0,13.0,S
2021-07-27T14:11:53,500.0,13.0,S
2021-07-27T14:11:52,1000.0,13.0,S
2021-07-27T14:11:45,1000.0,13.0,S
2021-07-27T14:11:44,3000.0,13.0,S
2021-07-27T14:11:40,10000.0,13.0,S
2021-07-27T14:11:38,400.0,13.0,S
2021-07-27T14:11:36,3000.0,13.0,S
2021-07-27T14:11:35,5000.0,13.0,S
2021-07-27T14:11:31,4000.0,13.0,S
2021-07-27T14:11:30,10000.0,13.0,S
2021-07-27T14:11:23,1000.0,13.0,S
2021-07-27T14:11:21,500.0,13.0,S
2021-07-27T14:11:20,1500.0,13.0,S
2021-07-27T14:11:10,9000.0,13.0,S
2021-07-27T14:11:08,5700.0,13.0,S
2021-07-27T14:11:08,200.0,13.0,S
2021-07-27T14:11:08,700.0,13.0,S
2021-07-27T14:11:08,2200.0,13.0,S
2021-07-27T14:11:08,300.0,13.0,S
2021-07-27T14:11:08,900.0,13.0,S
2021-07-27T14:11:08,2000.0,13.0,S
2021-07-27T14:11:07,200.0,13.0,S
2021-07-27T14:11:01,1000.0,13.0,S
2021-07-27T14:11:00,2000.0,13.0,S
2021-07-27T14:10:56,1500.0,13.0,S
2021-07-27T14:10:56,1800.0,13.0,S
2021-07-27T14:10:56,3700.0,13.0,S
2021-07-27T14:10:36,800.0,13.0,S
2021-07-27T14:10:36,200.0,13.0,S
2021-07-27T14:10:32,900.0,13.05,B
2021-07-27T14:10:31,3000.0,13.0,S
2021-07-27T14:10:17,1000.0,13.05,B
2021-07-27T14:10:12,1000.0,13.0,S
2021-07-27T14:10:03,3000.0,13.0,S
2021-07-27T14:09:48,1600.0,13.0,S
2021-07-27T14:09:48,400.0,13.0,S
2021-07-27T14:09:37,2000.0,13.0,S
2021-07-27T14:09:37,1000.0,13.0,S
2021-07-27T14:09:37,4000.0,13.0,S
2021-07-27T14:09:33,1000.0,13.0,S
2021-07-27T14:09:28,800.0,13.0,S
2021-07-27T14:09:14,800.0,13.0,S
2021-07-27T14:09:04,2000.0,13.0,S
2021-07-27T14:08:54,2000.0,13.0,S
2021-07-27T14:08:47,3000.0,13.0,S
2021-07-27T14:08:44,1000.0,13.0,S
2021-07-27T14:08:32,1000.0,13.0,S
2021-07-27T14:08:32,3300.0,13.0,S
2021-07-27T14:08:32,3400.0,13.0,S
2021-07-27T14:08:32,3500.0,13.0,S
2021-07-27T14:08:32,800.0,13.0,S
2021-07-27T14:08:31,3000.0,13.0,S
2021-07-27T14:08:18,100.0,13.0,S
2021-07-27T14:07:55,200.0,13.0,S
2021-07-27T14:07:42,100.0,13.0,S
2021-07-27T14:07:22,3000.0,13.05,B
2021-07-27T14:07:12,3400.0,13.0,S
2021-07-27T14:07:12,2000.0,13.0,S
2021-07-27T14:07:12,3700.0,13.0,S
2021-07-27T14:07:12,500.0,13.0,S
2021-07-27T14:07:12,400.0,13.0,S
2021-07-27T14:06:58,100.0,13.0,S
2021-07-27T14:06:42,2000.0,13.0,S
2021-07-27T14:06:25,3000.0,13.0,S
2021-07-27T14:05:55,2000.0,13.05,B
2021-07-27T14:05:26,10000.0,13.0,S
2021-07-27T14:05:17,3000.0,13.0,S
2021-07-27T14:04:30,200.0,13.0,S
2021-07-27T14:04:27,100.0,13.0,S
2021-07-27T14:04:22,2000.0,13.0,S
2021-07-27T14:04:00,600.0,13.0,S
2021-07-27T14:03:32,500.0,13.0,S
2021-07-27T14:03:22,1100.0,13.0,S
2021-07-27T14:01:01,200.0,13.0,S
2021-07-27T14:00:20,100.0,13.0,S
2021-07-27T13:59:05,1000.0,13.0,S
2021-07-27T13:58:41,1000.0,13.0,S
2021-07-27T13:57:16,100.0,13.0,S
2021-07-27T13:56:55,2000.0,13.0,S
2021-07-27T13:56:37,2000.0,13.0,S
2021-07-27T13:56:24,100.0,13.05,B
2021-07-27T13:55:28,100.0,13.05,B
2021-07-27T13:55:16,500.0,13.05,B
2021-07-27T13:53:53,100.0,13.05,B
2021-07-27T13:52:24,1000.0,13.05,B
2021-07-27T13:52:00,1000.0,13.05,B
2021-07-27T13:51:14,1000.0,13.05,B
2021-07-27T13:50:28,1200.0,13.0,S
2021-07-27T13:50:10,10000.0,13.05,B
2021-07-27T13:50:08,100.0,13.05,B
2021-07-27T13:49:52,300.0,13.05,B
2021-07-27T13:49:45,100.0,13.05,B
2021-07-27T13:49:22,100.0,13.05,B
2021-07-27T13:49:13,100.0,13.05,B
2021-07-27T13:48:10,2000.0,13.05,B
2021-07-27T13:48:06,2000.0,13.05,B
2021-07-27T13:47:43,2000.0,13.05,B
2021-07-27T13:47:05,2000.0,13.05,B
2021-07-27T13:45:40,1000.0,13.0,S
2021-07-27T13:44:45,200.0,13.05,B
2021-07-27T13:44:25,500.0,13.05,B
2021-07-27T13:44:23,4100.0,13.05,S
2021-07-27T13:43:51,500.0,13.05,S
2021-07-27T13:43:20,700.0,13.05,B
2021-07-27T13:43:20,300.0,13.05,B
2021-07-27T13:43:17,2800.0,13.05,B
2021-07-27T13:42:46,1000.0,13.05,B
2021-07-27T13:42:41,1000.0,13.05,B
2021-07-27T13:41:53,300.0,13.05,B
2021-07-27T13:40:06,3000.0,13.05,B
2021-07-27T13:40:03,5000.0,13.05,B
2021-07-27T13:40:01,3000.0,13.05,B
2021-07-27T13:39:57,10800.0,13.0,S
2021-07-27T13:39:57,6500.0,13.0,S
2021-07-27T13:39:57,2000.0,13.0,S
2021-07-27T13:39:57,10700.0,13.0,S
2021-07-27T13:38:27,800.0,13.05,B
2021-07-27T13:38:17,300.0,13.05,B
2021-07-27T13:38:15,300.0,13.05,B
2021-07-27T13:37:58,100.0,13.05,B
2021-07-27T13:37:46,400.0,13.05,B
2021-07-27T13:35:40,100.0,13.05,B
2021-07-27T13:35:27,5000.0,13.05,B
2021-07-27T13:35:25,5000.0,13.05,B
2021-07-27T13:35:20,200.0,13.05,B
2021-07-27T13:35:17,3000.0,13.05,B
2021-07-27T13:34:37,100.0,13.05,B
2021-07-27T13:34:11,100.0,13.05,B
2021-07-27T13:34:09,300.0,13.05,B
2021-07-27T13:34:04,500.0,13.05,B
2021-07-27T13:33:30,20100.0,13.05,S
2021-07-27T13:33:21,29400.0,13.05,S
2021-07-27T13:33:21,1200.0,13.05,S
2021-07-27T13:33:21,19400.0,13.05,S
2021-07-27T13:32:58,200.0,13.05,S
2021-07-27T13:32:20,100.0,13.05,S
2021-07-27T13:31:40,500.0,13.05,S
2021-07-27T13:31:39,500.0,13.05,S
2021-07-27T13:31:15,3000.0,13.05,S
2021-07-27T13:31:07,2000.0,13.05,S
2021-07-27T13:30:36,500.0,13.1,B
2021-07-27T13:30:26,600.0,13.05,S
2021-07-27T13:30:20,1800.0,13.05,S
2021-07-27T13:30:16,500.0,13.05,S
2021-07-27T13:30:10,5000.0,13.05,S
2021-07-27T13:30:00,10000.0,13.05,S
2021-07-27T13:29:32,1200.0,13.1,B
2021-07-27T13:29:32,48000.0,13.05,S
2021-07-27T13:29:32,2000.0,13.05,S
2021-07-27T13:29:30,1000.0,13.1,B
2021-07-27T13:29:18,11900.0,13.1,B
2021-07-27T13:29:18,1000.0,13.1,B
2021-07-27T13:29:18,11100.0,13.1,B
2021-07-27T13:29:18,10300.0,13.1,B
2021-07-27T13:29:18,300.0,13.1,B
2021-07-27T13:29:18,100.0,13.1,B
2021-07-27T13:29:18,100.0,13.1,B
2021-07-27T13:29:18,600.0,13.1,B
2021-07-27T13:29:18,2600.0,13.1,B
2021-07-27T13:29:18,2300.0,13.1,B
2021-07-27T13:29:18,6400.0,13.1,B
2021-07-27T13:29:18,9900.0,13.1,B
2021-07-27T13:29:18,2400.0,13.1,B
2021-07-27T13:29:07,600.0,13.1,B
2021-07-27T13:29:07,1500.0,13.1,B
2021-07-27T13:29:07,2900.0,13.1,B
2021-07-27T13:29:02,2000.0,13.1,B
2021-07-27T13:28:20,1400.0,13.1,B
2021-07-27T13:27:58,2600.0,13.1,B
2021-07-27T13:27:58,100.0,13.1,B
2021-07-27T13:27:58,2500.0,13.1,B
2021-07-27T13:27:58,2100.0,13.1,B
2021-07-27T13:27:58,400.0,13.1,B
2021-07-27T13:27:58,2300.0,13.1,B
2021-07-27T13:27:51,1000.0,13.05,S
2021-07-27T13:27:36,1000.0,13.05,S
2021-07-27T13:26:48,500.0,13.05,S
2021-07-27T13:26:32,200.0,13.1,B
2021-07-27T13:26:32,100.0,13.05,S
2021-07-27T13:26:19,1100.0,13.05,S
2021-07-27T13:25:55,400.0,13.05,S
2021-07-27T13:25:48,1000.0,13.05,S
2021-07-27T13:25:23,200.0,13.05,S
2021-07-27T13:25:11,10300.0,13.05,B
2021-07-27T13:25:11,36500.0,13.05,B
2021-07-27T13:24:16,1000.0,13.05,B
2021-07-27T13:23:48,5000.0,13.05,B
2021-07-27T13:23:43,100.0,13.0,S
2021-07-27T13:23:16,2000.0,13.0,S
2021-07-27T13:23:11,2000.0,13.05,B
2021-07-27T13:22:04,100.0,13.0,S
2021-07-27T13:21:50,300.0,13.05,B
2021-07-27T13:21:40,100.0,13.05,B
2021-07-27T13:21:24,200.0,13.05,B
2021-07-27T13:20:29,3000.0,13.05,B
2021-07-27T13:20:14,2000.0,13.05,B
2021-07-27T13:20:12,3000.0,13.05,S
2021-07-27T13:20:06,300.0,13.05,S
2021-07-27T13:19:50,1000.0,13.05,S
2021-07-27T13:19:50,1000.0,13.05,S
2021-07-27T13:19:50,6300.0,13.05,S
2021-07-27T13:19:50,1300.0,13.05,S
2021-07-27T13:19:50,5100.0,13.05,S
2021-07-27T13:19:50,5100.0,13.05,S
2021-07-27T13:19:50,6000.0,13.05,S
2021-07-27T13:19:50,14200.0,13.05,S
2021-07-27T13:19:34,2000.0,13.05,S
2021-07-27T13:19:07,200.0,13.05,S
2021-07-27T13:17:55,5000.0,13.1,B
2021-07-27T13:17:36,5000.0,13.1,B
2021-07-27T13:16:35,400.0,13.1,B
2021-07-27T13:15:50,1000.0,13.1,B
2021-07-27T13:15:45,2000.0,13.1,B
2021-07-27T13:15:09,1000.0,13.1,B
2021-07-27T13:15:07,500.0,13.1,B
2021-07-27T13:14:42,2600.0,13.1,B
2021-07-27T13:14:38,500.0,13.1,B
2021-07-27T13:13:31,1000.0,13.05,S
2021-07-27T13:13:08,300.0,13.05,S
2021-07-27T13:12:20,1500.0,13.1,B
2021-07-27T13:12:20,500.0,13.1,B
2021-07-27T13:11:56,300.0,13.1,B
2021-07-27T13:11:35,100.0,13.05,S
2021-07-27T13:11:28,1000.0,13.05,S
2021-07-27T13:09:56,1000.0,13.05,S
2021-07-27T13:09:49,1700.0,13.05,B
2021-07-27T13:09:48,100.0,13.05,B
2021-07-27T13:09:48,1000.0,13.05,B
2021-07-27T13:09:46,200.0,13.05,B
2021-07-27T13:09:45,4800.0,13.05,B
2021-07-27T13:09:42,1000.0,13.05,B
2021-07-27T13:09:37,100.0,13.05,B
2021-07-27T13:09:31,500.0,13.05,B
2021-07-27T13:09:26,1700.0,13.05,B
2021-07-27T13:09:26,200.0,13.05,B
2021-07-27T13:09:26,800.0,13.05,B
2021-07-27T13:09:26,2400.0,13.05,B
2021-07-27T13:09:26,1000.0,13.05,B
2021-07-27T13:09:26,3900.0,13.05,B
2021-07-27T13:09:24,1000.0,13.05,B
2021-07-27T13:09:19,5000.0,13.05,B
2021-07-27T13:09:10,1000.0,13.05,B
2021-07-27T13:09:03,2000.0,13.05,B
2021-07-27T13:09:01,1000.0,13.05,B
2021-07-27T13:08:52,500.0,13.05,B
2021-07-27T13:08:51,500.0,13.05,B
2021-07-27T13:08:51,1500.0,13.05,B
2021-07-27T13:08:47,300.0,13.05,B
2021-07-27T13:08:02,100.0,13.05,B
2021-07-27T13:07:53,1000.0,13.05,B
2021-07-27T13:07:50,100.0,13.05,B
2021-07-27T13:07:49,4000.0,13.05,B
2021-07-27T13:07:25,100.0,13.05,B
2021-07-27T13:07:25,900.0,13.05,B
2021-07-27T13:07:20,700.0,13.05,B
2021-07-27T13:07:16,3000.0,13.05,B
2021-07-27T13:07:15,3000.0,13.05,B
2021-07-27T13:07:15,100.0,13.05,B
2021-07-27T13:07:11,200.0,13.05,B
2021-07-27T13:06:58,800.0,13.05,B
2021-07-27T13:06:53,2000.0,13.05,B
2021-07-27T13:06:42,500.0,13.05,B
2021-07-27T13:06:39,2000.0,13.05,B
2021-07-27T13:06:38,700.0,13.05,B
2021-07-27T13:06:26,5000.0,13.05,B
2021-07-27T13:06:06,5000.0,13.05,B
2021-07-27T13:06:04,3000.0,13.05,B
2021-07-27T13:05:41,5700.0,13.05,B
2021-07-27T13:05:40,5000.0,13.05,B
2021-07-27T13:05:16,300.0,13.05,B
2021-07-27T13:05:15,3000.0,13.05,B
2021-07-27T13:05:15,100.0,13.05,B
2021-07-27T13:05:13,5000.0,13.05,B
2021-07-27T13:05:11,100.0,13.05,B
2021-07-27T13:05:11,400.0,13.05,B
2021-07-27T13:04:53,200.0,13.05,B
2021-07-27T13:04:46,100.0,13.05,B
2021-07-27T13:04:30,20000.0,13.05,B
2021-07-27T13:03:57,100.0,13.05,B
2021-07-27T13:03:57,5000.0,13.05,B
2021-07-27T13:03:50,200.0,13.05,B
2021-07-27T13:03:46,2000.0,13.05,B
2021-07-27T13:03:45,2200.0,13.05,B
2021-07-27T13:03:34,2200.0,13.05,B
2021-07-27T13:03:17,500.0,13.05,B
2021-07-27T13:03:16,500.0,13.05,B
2021-07-27T13:03:04,2000.0,13.05,B
2021-07-27T13:02:52,3000.0,13.05,B
2021-07-27T13:02:47,100.0,13.05,B
2021-07-27T13:02:46,1000.0,13.05,B
2021-07-27T13:02:41,51000.0,13.05,B
2021-07-27T13:02:21,1200.0,13.05,B
2021-07-27T13:01:54,1000.0,13.05,B
2021-07-27T13:01:08,1400.0,13.05,B
2021-07-27T13:00:59,200.0,13.0,S
2021-07-27T13:00:46,300.0,13.05,B
2021-07-27T13:00:20,300.0,13.05,B
2021-07-27T13:00:20,100.0,13.05,B
2021-07-27T13:00:15,6000.0,13.05,B
2021-07-27T13:00:12,100.0,13.05,B
2021-07-27T13:00:12,300.0,13.05,B
2021-07-27T13:00:11,1500.0,13.05,B
2021-07-27T13:00:09,600.0,13.05,B
2021-07-27T13:00:09,200.0,13.05,B
2021-07-27T13:00:09,100.0,13.05,B
2021-07-27T13:00:08,100.0,13.0,S
2021-07-27T13:00:04,2000.0,13.05,B
2021-07-27T13:00:04,3000.0,13.05,B
2021-07-27T13:00:04,500.0,13.05,B
2021-07-27T13:00:04,100.0,13.05,B
2021-07-27T13:00:04,100.0,13.05,B
2021-07-27T13:00:04,200.0,13.05,B
2021-07-27T13:00:02,100.0,13.0,S
2021-07-27T11:29:55,1500.0,13.05,B
2021-07-27T11:29:53,1000.0,13.05,B
2021-07-27T11:29:45,800.0,13.05,B
2021-07-27T11:28:35,100.0,13.05,B
2021-07-27T11:28:15,100.0,13.0,S
2021-07-27T11:26:42,100.0,13.0,S
2021-07-27T11:26:21,200.0,13.0,S
2021-07-27T11:24:59,3000.0,13.05,B
2021-07-27T11:24:40,100.0,13.05,B
2021-07-27T11:22:20,200.0,13.05,B
2021-07-27T11:22:11,10000.0,13.0,S
2021-07-27T11:22:03,2000.0,13.05,B
2021-07-27T11:21:51,3000.0,13.0,S
2021-07-27T11:21:42,5000.0,13.0,S
2021-07-27T11:21:40,500.0,13.0,S
2021-07-27T11:21:29,500.0,13.0,S
2021-07-27T11:21:21,100.0,13.0,S
2021-07-27T11:21:15,10000.0,13.0,S
2021-07-27T11:21:01,2000.0,13.0,S
2021-07-27T11:19:55,12600.0,13.0,B
2021-07-27T11:19:41,12200.0,13.0,S
2021-07-27T11:19:41,20000.0,13.0,S
2021-07-27T11:19:41,8800.0,13.0,S
2021-07-27T11:19:41,7000.0,13.0,S
2021-07-27T11:19:41,2100.0,13.0,S
2021-07-27T11:18:37,1500.0,13.0,S
2021-07-27T11:17:54,2000.0,13.0,B
2021-07-27T11:17:54,2400.0,13.0,B
2021-07-27T11:17:54,12000.0,13.0,B
2021-07-27T11:17:47,13000.0,13.0,B
2021-07-27T11:17:35,600.0,13.0,B
2021-07-27T11:17:22,5400.0,13.0,B
2021-07-27T11:17:09,3000.0,13.0,B
2021-07-27T11:16:58,5000.0,13.0,B
2021-07-27T11:16:38,4000.0,13.0,B
2021-07-27T11:16:28,20000.0,13.0,B
2021-07-27T11:16:22,2000.0,13.0,B
2021-07-27T11:16:13,500.0,13.0,B
2021-07-27T11:16:07,700.0,13.0,B
2021-07-27T11:16:07,3000.0,13.0,B
2021-07-27T11:15:35,300.0,13.0,B
2021-07-27T11:15:31,3000.0,12.95,S
2021-07-27T11:15:11,500.0,13.0,B
2021-07-27T11:14:48,100.0,13.0,B
2021-07-27T11:14:44,3000.0,13.0,B
2021-07-27T11:14:30,20000.0,13.0,B
2021-07-27T11:14:15,200.0,13.0,B
2021-07-27T11:13:34,100.0,13.0,B
2021-07-27T11:13:27,5000.0,13.0,B
2021-07-27T11:13:09,3600.0,13.0,S
2021-07-27T11:12:47,200.0,13.0,B
2021-07-27T11:11:50,6000.0,13.0,S
2021-07-27T11:11:49,200.0,13.0,S
2021-07-27T11:10:46,1000.0,13.05,B
2021-07-27T11:10:44,25000.0,13.0,S
2021-07-27T11:10:37,100.0,13.05,B
2021-07-27T11:10:06,100.0,13.05,B
2021-07-27T11:09:51,300.0,13.0,S
2021-07-27T11:09:31,5000.0,13.05,B
2021-07-27T11:09:14,1000.0,13.0,S
2021-07-27T11:09:05,15000.0,13.0,B
2021-07-27T11:08:59,300.0,13.0,B
2021-07-27T11:08:58,15000.0,13.0,B
2021-07-27T11:08:42,30000.0,13.0,B
2021-07-27T11:08:37,11600.0,13.0,S
2021-07-27T11:07:58,500.0,13.0,S
2021-07-27T11:07:51,300.0,13.0,B
2021-07-27T11:06:42,1200.0,13.0,B
2021-07-27T11:06:37,500.0,13.0,B
2021-07-27T11:06:08,500.0,13.0,S
2021-07-27T11:06:08,700.0,13.0,S
2021-07-27T11:05:22,1000.0,13.0,S
2021-07-27T11:04:51,400.0,13.0,B
2021-07-27T11:04:46,100.0,13.0,B
2021-07-27T11:04:46,200.0,13.0,B
2021-07-27T11:04:24,4400.0,13.0,B
2021-07-27T11:04:12,5000.0,13.0,B
2021-07-27T11:03:51,33600.0,13.0,S
2021-07-27T11:03:32,1700.0,13.05,B
2021-07-27T11:03:12,1000.0,13.05,B
2021-07-27T11:02:59,100.0,13.05,B
2021-07-27T11:02:09,100.0,13.0,S
2021-07-27T11:02:00,100.0,13.0,S
2021-07-27T11:01:14,1000.0,13.0,S
2021-07-27T11:00:50,5000.0,13.05,B
2021-07-27T11:00:27,600.0,13.0,S
2021-07-27T11:00:14,100.0,13.05,B
2021-07-27T10:58:56,100.0,13.0,S
2021-07-27T10:58:50,2000.0,13.0,S
2021-07-27T10:58:26,300.0,13.0,B
2021-07-27T10:58:26,8500.0,13.0,B
2021-07-27T10:58:26,200.0,13.0,B
2021-07-27T10:58:26,15300.0,13.0,B
2021-07-27T10:58:14,100.0,13.0,B
2021-07-27T10:58:01,1800.0,12.95,S
2021-07-27T10:57:05,200.0,12.95,S
2021-07-27T10:54:58,800.0,12.95,B
2021-07-27T10:54:44,100.0,12.95,B
2021-07-27T10:54:40,500.0,12.95,B
2021-07-27T10:54:29,100.0,12.95,B
2021-07-27T10:54:11,1600.0,12.95,B
2021-07-27T10:54:00,1500.0,13.0,B
2021-07-27T10:53:49,2000.0,13.0,B
2021-07-27T10:53:49,7100.0,12.95,S
2021-07-27T10:53:49,2400.0,12.95,S
2021-07-27T10:53:49,15000.0,12.95,S
2021-07-27T10:53:48,26500.0,12.95,S
2021-07-27T10:53:36,2100.0,13.0,S
2021-07-27T10:53:36,200.0,13.0,S
2021-07-27T10:53:36,7000.0,13.0,S
2021-07-27T10:53:36,3900.0,13.0,S
2021-07-27T10:53:36,400.0,13.0,S
2021-07-27T10:53:36,700.0,13.0,S
2021-07-27T10:53:36,1000.0,13.0,S
2021-07-27T10:53:36,300.0,13.0,S
2021-07-27T10:53:36,600.0,13.0,S
2021-07-27T10:53:36,26200.0,13.0,S
2021-07-27T10:53:36,5600.0,13.0,S
2021-07-27T10:53:36,1000.0,13.0,S
2021-07-27T10:53:36,600.0,13.0,S
2021-07-27T10:53:36,1600.0,13.0,S
2021-07-27T10:53:36,1100.0,13.0,S
2021-07-27T10:53:36,100.0,13.0,S
2021-07-27T10:53:36,12400.0,13.0,S
2021-07-27T10:53:12,100.0,13.0,S
2021-07-27T10:52:50,39400.0,13.0,S
2021-07-27T10:52:50,2100.0,13.0,S
2021-07-27T10:52:50,300.0,13.0,S
2021-07-27T10:52:50,1100.0,13.0,S
2021-07-27T10:52:50,1000.0,13.0,S
2021-07-27T10:52:50,1000.0,13.0,S
2021-07-27T10:52:50,1300.0,13.0,S
2021-07-27T10:52:50,1000.0,13.0,S
2021-07-27T10:52:50,1000.0,13.0,S
2021-07-27T10:52:50,1800.0,13.0,S
2021-07-27T10:52:33,100.0,13.0,S
2021-07-27T10:52:29,1000.0,13.0,S
2021-07-27T10:50:00,1900.0,13.05,B
2021-07-27T10:49:35,200.0,13.05,B
2021-07-27T10:49:33,1600.0,13.0,S
2021-07-27T10:49:19,100.0,13.05,B
2021-07-27T10:48:55,200.0,13.05,B
2021-07-27T10:48:37,100.0,13.05,B
2021-07-27T10:48:02,300.0,13.05,B
2021-07-27T10:47:52,300.0,13.05,B
2021-07-27T10:47:26,30500.0,13.05,B
2021-07-27T10:47:26,19500.0,13.05,B
2021-07-27T10:46:51,2300.0,13.05,B
2021-07-27T10:46:14,800.0,13.05,B
2021-07-27T10:45:51,500.0,13.05,B
2021-07-27T10:44:28,200.0,13.05,B
2021-07-27T10:43:38,500.0,13.05,B
2021-07-27T10:43:31,600.0,13.05,B
2021-07-27T10:43:02,100.0,13.0,S
2021-07-27T10:42:47,100.0,13.05,B
2021-07-27T10:42:43,100.0,13.05,B
2021-07-27T10:42:38,100.0,13.05,B
2021-07-27T10:42:30,100.0,13.05,B
2021-07-27T10:41:33,1900.0,13.05,B
2021-07-27T10:40:41,200.0,13.05,S
2021-07-27T10:40:18,100.0,13.05,S
2021-07-27T10:39:52,100.0,13.05,S
2021-07-27T10:39:05,10000.0,13.05,B
2021-07-27T10:38:37,3000.0,13.05,B
2021-07-27T10:38:15,200.0,13.05,B
2021-07-27T10:38:07,5000.0,13.05,B
2021-07-27T10:37:28,1000.0,13.05,B
2021-07-27T10:37:18,1000.0,13.0,S
2021-07-27T10:37:11,1000.0,13.05,B
2021-07-27T10:36:31,100.0,13.05,B
2021-07-27T10:36:23,200.0,13.05,B
2021-07-27T10:35:38,300.0,13.05,B
2021-07-27T10:35:23,500.0,13.0,S
2021-07-27T10:35:10,500.0,13.05,B
2021-07-27T10:34:47,100.0,13.05,B
2021-07-27T10:34:30,1000.0,13.05,B
2021-07-27T10:33:49,1500.0,13.0,S
2021-07-27T10:33:43,1000.0,13.0,S
2021-07-27T10:31:56,3000.0,13.0,S
2021-07-27T10:31:13,400.0,13.0,S
2021-07-27T10:30:48,1000.0,13.0,S
2021-07-27T10:29:35,100.0,13.05,B
2021-07-27T10:28:04,800.0,13.0,S
2021-07-27T10:27:04,200.0,13.05,B
2021-07-27T10:27:03,1000.0,13.05,S
2021-07-27T10:27:03,500.0,13.05,S
2021-07-27T10:26:29,600.0,13.05,S
2021-07-27T10:26:21,300.0,13.05,S
2021-07-27T10:26:05,1400.0,13.05,B
2021-07-27T10:26:05,400.0,13.05,B
2021-07-27T10:25:57,46700.0,13.0,S
2021-07-27T10:25:28,100.0,13.05,B
2021-07-27T10:25:20,100.0,13.05,B
2021-07-27T10:24:08,3800.0,13.05,S
2021-07-27T10:24:08,3600.0,13.05,S
2021-07-27T10:24:08,42200.0,13.05,S
2021-07-27T10:24:04,700.0,13.1,B
2021-07-27T10:22:16,100.0,13.1,B
2021-07-27T10:21:32,400.0,13.1,B
2021-07-27T10:21:27,200.0,13.1,B
2021-07-27T10:21:12,1000.0,13.1,B
2021-07-27T10:20:33,1000.0,13.1,B
2021-07-27T10:20:21,700.0,13.05,S
2021-07-27T10:20:21,1800.0,13.05,S
2021-07-27T10:20:17,800.0,13.1,B
2021-07-27T10:19:45,700.0,13.05,S
2021-07-27T10:19:45,900.0,13.05,S
2021-07-27T10:18:56,200.0,13.1,B
2021-07-27T10:18:41,1400.0,13.1,S
2021-07-27T10:18:33,3600.0,13.1,B
2021-07-27T10:18:14,200.0,13.05,S
2021-07-27T10:18:00,100.0,13.1,B
2021-07-27T10:17:53,1000.0,13.1,B
2021-07-27T10:17:24,1000.0,13.1,B
2021-07-27T10:17:08,2000.0,13.1,B
2021-07-27T10:16:49,800.0,13.1,B
2021-07-27T10:16:41,5600.0,13.1,S
2021-07-27T10:16:38,800.0,13.1,B
2021-07-27T10:16:38,2300.0,13.1,B
2021-07-27T10:16:38,21300.0,13.1,B
2021-07-27T10:16:23,1000.0,13.1,B
2021-07-27T10:16:22,2400.0,13.1,B
2021-07-27T10:16:21,10200.0,13.1,B
2021-07-27T10:15:56,1000.0,13.1,B
2021-07-27T10:15:52,1800.0,13.1,B
2021-07-27T10:15:52,4600.0,13.1,B
2021-07-27T10:15:23,800.0,13.1,B
2021-07-27T10:15:02,1000.0,13.1,B
2021-07-27T10:14:32,500.0,13.1,B
2021-07-27T10:14:24,200.0,13.1,B
2021-07-27T10:14:20,1000.0,13.1,B
2021-07-27T10:14:05,700.0,13.1,B
2021-07-27T10:13:46,500.0,13.1,B
2021-07-27T10:13:30,1000.0,13.1,B
2021-07-27T10:13:12,200.0,13.1,B
2021-07-27T10:12:43,200.0,13.1,B
2021-07-27T10:12:43,3800.0,13.1,B
2021-07-27T10:12:34,1100.0,13.05,B
2021-07-27T10:12:33,2800.0,13.05,B
2021-07-27T10:12:19,400.0,13.05,B
2021-07-27T10:11:55,100.0,13.05,B
2021-07-27T10:11:51,1000.0,13.0,S
2021-07-27T10:11:15,100.0,13.0,S
2021-07-27T10:10:55,500.0,13.0,S
2021-07-27T10:10:21,100.0,13.0,S
2021-07-27T10:10:06,1000.0,13.05,B
2021-07-27T10:10:00,100.0,13.0,S
2021-07-27T10:09:09,10000.0,13.05,B
2021-07-27T10:08:25,100.0,13.05,B
2021-07-27T10:08:21,300.0,13.05,B
2021-07-27T10:08:20,100.0,13.05,B
2021-07-27T10:08:06,600.0,13.05,B
2021-07-27T10:08:05,38400.0,13.0,S
2021-07-27T10:08:05,100.0,13.0,S
2021-07-27T10:08:02,3000.0,13.05,B
2021-07-27T10:08:02,500.0,13.05,B
2021-07-27T10:07:59,300.0,13.05,B
2021-07-27T10:07:34,7300.0,13.05,S
2021-07-27T10:07:30,4000.0,13.05,S
2021-07-27T10:07:25,500.0,13.05,S
2021-07-27T10:07:03,10000.0,13.05,S
2021-07-27T10:06:34,10000.0,13.05,S
2021-07-27T10:06:24,1000.0,13.05,S
2021-07-27T10:06:12,4100.0,13.05,S
2021-07-27T10:06:12,600.0,13.05,S
2021-07-27T10:05:06,2500.0,13.05,S
2021-07-27T10:05:06,500.0,13.05,S
2021-07-27T10:05:06,2000.0,13.05,S
2021-07-27T10:04:51,2800.0,13.05,S
2021-07-27T10:04:15,2000.0,13.05,S
2021-07-27T10:03:48,1000.0,13.1,B
2021-07-27T10:03:26,400.0,13.1,B
2021-07-27T10:03:03,2000.0,13.1,B
2021-07-27T10:03:02,10100.0,13.1,B
2021-07-27T10:03:02,100.0,13.1,B
2021-07-27T10:03:02,2000.0,13.1,B
2021-07-27T10:03:02,10200.0,13.1,B
2021-07-27T10:03:02,13000.0,13.1,B
2021-07-27T10:03:02,1000.0,13.1,B
2021-07-27T10:03:02,10000.0,13.1,B
2021-07-27T10:03:02,1600.0,13.1,B
2021-07-27T10:02:50,10000.0,13.1,B
2021-07-27T10:02:38,300.0,13.1,B
2021-07-27T10:02:38,700.0,13.1,B
2021-07-27T10:02:18,1000.0,13.1,B
2021-07-27T10:02:15,1000.0,13.1,B
2021-07-27T10:02:04,3300.0,13.05,S
2021-07-27T10:02:04,1700.0,13.05,S
2021-07-27T10:01:26,100.0,13.1,B
2021-07-27T10:00:23,100.0,13.1,B
2021-07-27T10:00:14,500.0,13.05,S
2021-07-27T10:00:09,12400.0,13.05,S
2021-07-27T10:00:08,5000.0,13.1,B
2021-07-27T09:59:49,200.0,13.1,B
2021-07-27T09:58:20,1000.0,13.1,B
2021-07-27T09:57:20,100.0,13.1,B
2021-07-27T09:56:58,100.0,13.1,B
2021-07-27T09:56:06,1000.0,13.05,S
2021-07-27T09:55:51,7000.0,13.1,B
2021-07-27T09:55:22,3500.0,13.0,S
2021-07-27T09:55:18,100.0,13.05,B
2021-07-27T09:55:09,500.0,13.0,S
2021-07-27T09:54:41,1000.0,13.0,S
2021-07-27T09:54:40,100.0,13.05,B
2021-07-27T09:54:16,2000.0,13.0,S
2021-07-27T09:53:46,100.0,13.0,S
2021-07-27T09:52:31,100.0,13.05,S
2021-07-27T09:51:34,1000.0,13.1,B
2021-07-27T09:51:33,1000.0,13.1,B
2021-07-27T09:51:28,1000.0,13.1,B
2021-07-27T09:51:25,300.0,13.1,B
2021-07-27T09:51:24,1000.0,13.1,B
2021-07-27T09:51:10,700.0,13.1,B
2021-07-27T09:51:03,500.0,13.1,B
2021-07-27T09:50:32,8300.0,13.1,S
2021-07-27T09:50:29,600.0,13.1,S
2021-07-27T09:50:23,500.0,13.15,B
2021-07-27T09:50:22,100.0,13.1,S
2021-07-27T09:50:17,4200.0,13.1,S
2021-07-27T09:50:16,300.0,13.1,S
2021-07-27T09:49:34,10000.0,13.1,S
2021-07-27T09:49:30,200.0,13.15,B
2021-07-27T09:49:15,1000.0,13.15,S
2021-07-27T09:49:14,5000.0,13.15,S
2021-07-27T09:49:07,5000.0,13.15,S
2021-07-27T09:48:57,3000.0,13.15,S
2021-07-27T09:48:46,200.0,13.15,S
2021-07-27T09:48:41,4600.0,13.2,B
2021-07-27T09:48:41,300.0,13.2,B
2021-07-27T09:48:41,100.0,13.2,B
2021-07-27T09:48:38,3000.0,13.15,S
2021-07-27T09:48:36,100.0,13.15,S
2021-07-27T09:48:17,700.0,13.15,B
2021-07-27T09:48:17,10000.0,13.15,B
2021-07-27T09:48:17,3000.0,13.15,B
2021-07-27T09:48:17,3000.0,13.15,B
2021-07-27T09:48:11,500.0,13.15,B
2021-07-27T09:48:06,1000.0,13.15,B
2021-07-27T09:47:58,2600.0,13.15,B
2021-07-27T09:47:58,4400.0,13.15,B
2021-07-27T09:47:47,20000.0,13.15,B
2021-07-27T09:47:41,6100.0,13.1,B
2021-07-27T09:47:34,15700.0,13.1,B
2021-07-27T09:47:11,2000.0,13.1,B
2021-07-27T09:47:04,10000.0,13.1,B
2021-07-27T09:46:52,1900.0,13.1,B
2021-07-27T09:46:52,1500.0,13.1,B
2021-07-27T09:46:52,100.0,13.1,B
2021-07-27T09:46:52,2300.0,13.1,B
2021-07-27T09:46:52,600.0,13.1,B
2021-07-27T09:46:52,3100.0,13.1,B
2021-07-27T09:46:52,10500.0,13.1,B
2021-07-27T09:46:37,200.0,13.05,S
2021-07-27T09:46:25,200.0,13.05,S
2021-07-27T09:46:24,2000.0,13.05,B
2021-07-27T09:46:24,2200.0,13.05,B
2021-07-27T09:46:24,10200.0,13.05,B
2021-07-27T09:46:24,27200.0,13.05,B
2021-07-27T09:46:24,14100.0,13.05,B
2021-07-27T09:46:24,1000.0,13.0,B
2021-07-27T09:46:24,35500.0,13.0,B
2021-07-27T09:45:38,1600.0,12.95,S
2021-07-27T09:45:38,13400.0,12.95,S
2021-07-27T09:44:40,400.0,12.95,S
2021-07-27T09:43:50,500.0,12.95,S
2021-07-27T09:43:26,200.0,12.95,S
2021-07-27T09:43:09,3000.0,12.95,S
2021-07-27T09:43:06,200.0,12.95,S
2021-07-27T09:42:57,4900.0,13.0,B
2021-07-27T09:42:37,7000.0,13.0,S
2021-07-27T09:42:37,2400.0,13.0,S
2021-07-27T09:42:37,15500.0,13.0,S
2021-07-27T09:42:36,200.0,13.0,S
2021-07-27T09:42:36,100.0,13.0,S
2021-07-27T09:42:34,5000.0,13.0,S
2021-07-27T09:42:22,2000.0,13.0,S
2021-07-27T09:42:22,100.0,13.0,S
2021-07-27T09:42:06,800.0,13.0,S
2021-07-27T09:41:58,20000.0,13.0,S
2021-07-27T09:41:54,100.0,13.0,S
2021-07-27T09:41:39,5000.0,13.0,S
2021-07-27T09:41:35,200.0,13.0,S
2021-07-27T09:41:35,1000.0,13.0,S
2021-07-27T09:41:15,1000.0,13.0,S
2021-07-27T09:41:06,20000.0,13.0,S
2021-07-27T09:40:36,200.0,13.05,B
2021-07-27T09:40:30,2000.0,13.0,S
2021-07-27T09:40:17,200.0,13.05,B
2021-07-27T09:40:12,1400.0,13.05,B
2021-07-27T09:39:43,6900.0,13.05,B
2021-07-27T09:39:19,500.0,13.0,S
2021-07-27T09:38:59,1900.0,13.0,S
2021-07-27T09:38:37,10000.0,13.05,B
2021-07-27T09:38:34,1000.0,13.05,B
2021-07-27T09:38:28,3000.0,13.05,B
2021-07-27T09:38:21,100.0,13.05,B
2021-07-27T09:38:16,100.0,13.05,B
2021-07-27T09:38:10,100.0,13.05,B
2021-07-27T09:38:09,500.0,13.05,B
2021-07-27T09:38:00,100.0,13.05,B
2021-07-27T09:37:57,1000.0,13.05,B
2021-07-27T09:37:50,4600.0,13.05,B
2021-07-27T09:37:47,100.0,13.05,B
2021-07-27T09:37:25,500.0,13.05,B
2021-07-27T09:37:20,300.0,13.05,B
2021-07-27T09:37:16,2000.0,13.05,B
2021-07-27T09:37:09,500.0,13.05,B
2021-07-27T09:36:57,200.0,13.05,B
2021-07-27T09:36:47,200.0,13.05,B
2021-07-27T09:36:40,100.0,13.05,B
2021-07-27T09:36:35,300.0,13.0,S
2021-07-27T09:36:31,100.0,13.0,S
2021-07-27T09:36:12,100.0,13.0,B
2021-07-27T09:36:12,100.0,13.0,B
2021-07-27T09:36:12,400.0,13.0,B
2021-07-27T09:36:12,17200.0,13.0,B
2021-07-27T09:36:12,5500.0,13.0,B
2021-07-27T09:36:12,1100.0,13.0,B
2021-07-27T09:36:12,15600.0,13.0,B
2021-07-27T09:35:30,20000.0,12.95,S
2021-07-27T09:35:25,500.0,13.0,B
2021-07-27T09:35:22,100.0,13.0,B
2021-07-27T09:35:10,1100.0,13.0,B
2021-07-27T09:35:10,1900.0,13.0,B
2021-07-27T09:35:06,100.0,13.0,B
2021-07-27T09:35:06,2100.0,13.0,B
2021-07-27T09:35:00,500.0,13.0,B
2021-07-27T09:34:48,800.0,13.0,B
2021-07-27T09:34:48,200.0,13.0,B
2021-07-27T09:34:46,1000.0,13.0,B
2021-07-27T09:34:46,1000.0,13.0,B
2021-07-27T09:34:46,500.0,13.0,B
2021-07-27T09:34:06,3000.0,13.0,B
2021-07-27T09:33:55,300.0,12.95,S
2021-07-27T09:33:40,1500.0,13.0,B
2021-07-27T09:33:40,8500.0,13.0,B
2021-07-27T09:33:15,100.0,12.95,S
2021-07-27T09:33:13,3500.0,13.0,B
2021-07-27T09:33:13,700.0,13.0,B
2021-07-27T09:33:13,5800.0,13.0,B
2021-07-27T09:33:07,100.0,13.0,B
2021-07-27T09:32:55,200.0,12.95,B
2021-07-27T09:32:55,100.0,12.95,B
2021-07-27T09:32:55,2400.0,12.95,B
2021-07-27T09:32:44,1200.0,12.95,B
2021-07-27T09:32:42,5000.0,12.95,B
2021-07-27T09:32:39,2000.0,12.95,B
2021-07-27T09:32:32,5000.0,12.95,B
2021-07-27T09:32:30,3000.0,12.95,B
2021-07-27T09:32:30,1000.0,12.9,S
2021-07-27T09:32:26,2000.0,12.9,S
2021-07-27T09:32:25,200.0,12.95,B
2021-07-27T09:32:23,100.0,12.95,B
2021-07-27T09:32:06,2000.0,12.95,B
2021-07-27T09:31:54,15000.0,12.95,B
2021-07-27T09:31:32,4000.0,12.95,B
2021-07-27T09:31:11,1000.0,12.9,S
2021-07-27T09:31:07,1200.0,12.9,B
2021-07-27T09:31:07,200.0,12.9,B
2021-07-27T09:31:07,19200.0,12.9,B
2021-07-27T09:30:45,100.0,12.9,B
2021-07-27T09:30:41,500.0,12.85,S
2021-07-27T09:30:31,13500.0,12.9,B
2021-07-27T09:29:05,300.0,12.85,S
2021-07-27T09:29:01,500.0,12.85,S
2021-07-27T09:28:31,12700.0,12.85,S
2021-07-27T09:28:03,4000.0,12.85,S
2021-07-27T09:27:39,200.0,12.85,S
2021-07-27T09:27:32,6000.0,12.85,S
2021-07-27T09:27:23,200.0,12.85,S
2021-07-27T09:26:41,1200.0,12.85,S
2021-07-27T09:26:41,5000.0,12.85,S
2021-07-27T09:25:20,100.0,12.85,S
2021-07-27T09:25:10,100.0,12.85,S
2021-07-27T09:25:10,4900.0,12.85,S
2021-07-27T09:24:29,1500.0,12.85,S
2021-07-27T09:24:29,3000.0,12.85,S
2021-07-27T09:24:29,500.0,12.85,S
2021-07-27T09:24:17,2000.0,12.85,S
2021-07-27T09:24:13,2000.0,12.85,S
2021-07-27T09:23:08,5300.0,12.9,B
2021-07-27T09:22:26,500.0,12.9,B
2021-07-27T09:22:10,200.0,12.85,S
2021-07-27T09:22:01,11200.0,12.9,B
2021-07-27T09:21:59,100.0,12.9,S
2021-07-27T09:21:49,1800.0,12.9,S
2021-07-27T09:21:44,500.0,12.9,S
2021-07-27T09:21:34,500.0,12.9,S
2021-07-27T09:21:18,400.0,12.9,S
2021-07-27T09:21:18,1600.0,12.9,S
2021-07-27T09:21:06,5000.0,12.9,S
2021-07-27T09:21:04,500.0,12.9,S
2021-07-27T09:20:33,500.0,12.9,S
2021-07-27T09:20:14,400.0,12.9,S
2021-07-27T09:20:09,1000.0,12.9,S
2021-07-27T09:20:05,500.0,12.9,S
2021-07-27T09:20:00,500.0,12.9,S
2021-07-27T09:19:34,1000.0,12.9,S
2021-07-27T09:19:32,100.0,12.9,S
2021-07-27T09:19:32,200.0,12.95,B
2021-07-27T09:19:16,400.0,12.9,B
2021-07-27T09:19:14,1000.0,12.9,B
2021-07-27T09:18:44,1000.0,12.9,B
2021-07-27T09:18:38,200.0,12.9,B
2021-07-27T09:18:28,12500.0,12.9,S
2021-07-27T09:17:45,2000.0,12.95,B
2021-07-27T09:17:15,1000.0,12.9,S
2021-07-27T09:16:48,1000.0,12.95,S
2021-07-27T09:16:45,2000.0,12.95,B
2021-07-27T09:16:38,500.0,12.95,B
2021-07-27T09:16:21,2000.0,12.95,B
2021-07-27T09:16:21,500.0,12.95,B
2021-07-27T09:15:13,200.0,13.0,B
2021-07-27T09:15:06,5000.0,13.0,B
