tradingTime,volume,price,side
2021-07-27T14:29:54,100.0,39.25,B
2021-07-27T14:29:50,11000.0,39.2,S
2021-07-27T14:29:44,700.0,39.25,B
2021-07-27T14:29:43,1000.0,39.25,B
2021-07-27T14:29:40,600.0,39.25,B
2021-07-27T14:29:33,1000.0,39.25,B
2021-07-27T14:29:29,500.0,39.25,B
2021-07-27T14:29:26,1200.0,39.25,B
2021-07-27T14:29:24,1000.0,39.25,B
2021-07-27T14:29:00,1500.0,39.25,B
2021-07-27T14:28:41,100.0,39.25,S
2021-07-27T14:28:30,400.0,39.25,B
2021-07-27T14:28:25,100.0,39.2,S
2021-07-27T14:28:24,100.0,39.25,B
2021-07-27T14:28:02,3000.0,39.2,S
2021-07-27T14:27:55,600.0,39.2,S
2021-07-27T14:27:48,500.0,39.2,S
2021-07-27T14:27:04,3700.0,39.2,S
2021-07-27T14:27:04,5300.0,39.2,S
2021-07-27T14:26:56,1000.0,39.2,S
2021-07-27T14:26:55,1000.0,39.2,S
2021-07-27T14:26:51,1000.0,39.2,S
2021-07-27T14:26:48,300.0,39.2,S
2021-07-27T14:26:44,500.0,39.2,S
2021-07-27T14:26:44,2600.0,39.2,S
2021-07-27T14:26:39,500.0,39.2,S
2021-07-27T14:26:35,100.0,39.2,S
2021-07-27T14:26:35,1000.0,39.3,B
2021-07-27T14:26:23,1000.0,39.2,S
2021-07-27T14:26:19,500.0,39.2,S
2021-07-27T14:26:06,2000.0,39.2,S
2021-07-27T14:26:01,400.0,39.2,S
2021-07-27T14:25:50,100.0,39.2,S
2021-07-27T14:25:46,300.0,39.2,S
2021-07-27T14:25:44,300.0,39.2,S
2021-07-27T14:25:39,1500.0,39.2,S
2021-07-27T14:25:28,1300.0,39.2,B
2021-07-27T14:25:22,6000.0,39.2,B
2021-07-27T14:25:19,300.0,39.2,B
2021-07-27T14:25:11,1000.0,39.2,B
2021-07-27T14:25:02,1300.0,39.15,S
2021-07-27T14:25:02,700.0,39.15,S
2021-07-27T14:24:49,5000.0,39.2,B
2021-07-27T14:24:36,2000.0,39.15,S
2021-07-27T14:24:26,5100.0,39.2,B
2021-07-27T14:24:18,500.0,39.2,B
2021-07-27T14:24:16,1000.0,39.2,B
2021-07-27T14:24:15,500.0,39.2,B
2021-07-27T14:24:11,200.0,39.2,B
2021-07-27T14:24:10,1000.0,39.2,B
2021-07-27T14:23:56,1000.0,39.2,B
2021-07-27T14:23:52,1000.0,39.2,B
2021-07-27T14:23:52,1000.0,39.2,B
2021-07-27T14:23:33,300.0,39.2,B
2021-07-27T14:23:22,5000.0,39.2,B
2021-07-27T14:23:17,100.0,39.2,B
2021-07-27T14:23:16,800.0,39.2,B
2021-07-27T14:23:00,1800.0,39.15,S
2021-07-27T14:23:00,4200.0,39.15,S
2021-07-27T14:22:57,400.0,39.15,S
2021-07-27T14:22:50,800.0,39.15,S
2021-07-27T14:22:50,1100.0,39.15,S
2021-07-27T14:22:40,100.0,39.15,S
2021-07-27T14:22:32,100.0,39.15,S
2021-07-27T14:21:55,500.0,39.2,B
2021-07-27T14:21:51,3200.0,39.15,S
2021-07-27T14:21:49,200.0,39.15,S
2021-07-27T14:21:48,500.0,39.2,B
2021-07-27T14:21:43,500.0,39.15,S
2021-07-27T14:21:43,200.0,39.15,S
2021-07-27T14:20:53,600.0,39.15,S
2021-07-27T14:20:38,1900.0,39.15,S
2021-07-27T14:20:29,200.0,39.2,S
2021-07-27T14:20:20,1400.0,39.2,S
2021-07-27T14:20:10,100.0,39.2,S
2021-07-27T14:20:07,1000.0,39.3,B
2021-07-27T14:20:00,200.0,39.3,B
2021-07-27T14:19:50,300.0,39.3,B
2021-07-27T14:19:36,300.0,39.3,B
2021-07-27T14:19:27,500.0,39.3,B
2021-07-27T14:18:49,500.0,39.3,B
2021-07-27T14:18:49,5000.0,39.3,B
2021-07-27T14:18:37,500.0,39.3,B
2021-07-27T14:18:26,1900.0,39.15,S
2021-07-27T14:18:11,100.0,39.3,B
2021-07-27T14:17:04,500.0,39.15,S
2021-07-27T14:16:57,100.0,39.15,S
2021-07-27T14:16:48,3000.0,39.15,B
2021-07-27T14:16:44,1200.0,39.15,B
2021-07-27T14:16:40,100.0,39.15,B
2021-07-27T14:16:40,200.0,39.15,B
2021-07-27T14:16:13,1700.0,39.1,S
2021-07-27T14:16:13,200.0,39.1,S
2021-07-27T14:15:59,1800.0,39.05,S
2021-07-27T14:15:59,3200.0,39.05,S
2021-07-27T14:15:49,1100.0,39.1,S
2021-07-27T14:15:49,100.0,39.1,B
2021-07-27T14:15:49,100.0,39.1,B
2021-07-27T14:15:48,1900.0,39.1,B
2021-07-27T14:15:42,300.0,39.1,B
2021-07-27T14:15:38,600.0,39.1,B
2021-07-27T14:15:35,500.0,39.1,B
2021-07-27T14:15:26,1000.0,39.05,B
2021-07-27T14:15:13,1000.0,39.05,B
2021-07-27T14:15:13,2000.0,39.0,S
2021-07-27T14:15:10,1000.0,39.0,S
2021-07-27T14:15:10,600.0,39.0,S
2021-07-27T14:15:09,1000.0,39.0,S
2021-07-27T14:15:03,3300.0,39.0,S
2021-07-27T14:14:58,3900.0,39.0,B
2021-07-27T14:14:58,2100.0,39.0,B
2021-07-27T14:14:58,13000.0,39.0,B
2021-07-27T14:14:58,2000.0,39.0,B
2021-07-27T14:14:58,3700.0,39.0,B
2021-07-27T14:14:57,500.0,39.0,B
2021-07-27T14:14:57,500.0,38.95,S
2021-07-27T14:14:57,500.0,39.0,B
2021-07-27T14:14:55,200.0,39.0,B
2021-07-27T14:14:55,100.0,39.0,B
2021-07-27T14:14:54,16200.0,38.95,S
2021-07-27T14:14:53,500.0,38.95,S
2021-07-27T14:14:51,2000.0,39.0,B
2021-07-27T14:14:48,5000.0,39.0,B
2021-07-27T14:14:47,100.0,39.0,B
2021-07-27T14:14:43,100.0,39.0,B
2021-07-27T14:14:42,5000.0,39.0,B
2021-07-27T14:14:41,1100.0,39.0,B
2021-07-27T14:14:40,1000.0,38.95,S
2021-07-27T14:14:37,6000.0,38.95,S
2021-07-27T14:14:35,1000.0,38.95,S
2021-07-27T14:14:35,400.0,38.95,S
2021-07-27T14:14:31,200.0,38.95,S
2021-07-27T14:14:20,5000.0,38.95,S
2021-07-27T14:14:16,1500.0,38.95,S
2021-07-27T14:14:15,1400.0,38.95,S
2021-07-27T14:14:12,100.0,38.95,B
2021-07-27T14:14:11,300.0,38.95,B
2021-07-27T14:14:07,200.0,38.95,S
2021-07-27T14:14:03,1900.0,38.9,S
2021-07-27T14:14:01,8000.0,39.0,B
2021-07-27T14:14:01,5000.0,38.9,S
2021-07-27T14:14:00,600.0,38.9,S
2021-07-27T14:14:00,3000.0,38.95,S
2021-07-27T14:13:54,3300.0,38.95,S
2021-07-27T14:13:54,500.0,38.95,S
2021-07-27T14:13:54,200.0,38.95,S
2021-07-27T14:13:53,16200.0,38.95,S
2021-07-27T14:13:46,5000.0,38.95,S
2021-07-27T14:13:46,5000.0,38.95,S
2021-07-27T14:13:44,100.0,39.0,B
2021-07-27T14:13:43,1000.0,38.95,S
2021-07-27T14:13:43,100.0,39.0,B
2021-07-27T14:13:42,1500.0,38.95,S
2021-07-27T14:13:38,3000.0,39.0,B
2021-07-27T14:13:37,2000.0,38.95,S
2021-07-27T14:13:37,10300.0,39.0,B
2021-07-27T14:13:35,1300.0,38.95,S
2021-07-27T14:13:35,1000.0,39.0,B
2021-07-27T14:13:33,10000.0,39.0,B
2021-07-27T14:13:33,5000.0,38.95,S
2021-07-27T14:13:32,15100.0,38.95,S
2021-07-27T14:13:32,4900.0,38.95,S
2021-07-27T14:13:28,1000.0,39.0,B
2021-07-27T14:13:24,600.0,38.95,S
2021-07-27T14:13:14,400.0,39.0,B
2021-07-27T14:13:14,2000.0,38.95,S
2021-07-27T14:13:05,1000.0,38.95,S
2021-07-27T14:13:05,1000.0,38.95,S
2021-07-27T14:13:03,3100.0,39.0,B
2021-07-27T14:13:01,9600.0,39.0,B
2021-07-27T14:13:01,3000.0,38.95,S
2021-07-27T14:12:52,500.0,39.0,B
2021-07-27T14:12:49,100.0,39.0,B
2021-07-27T14:12:49,2000.0,38.95,S
2021-07-27T14:12:47,2000.0,38.95,S
2021-07-27T14:12:45,600.0,38.95,S
2021-07-27T14:12:43,2000.0,38.95,S
2021-07-27T14:12:41,100.0,39.0,B
2021-07-27T14:12:41,1200.0,38.95,S
2021-07-27T14:12:32,1000.0,39.0,B
2021-07-27T14:12:31,100.0,39.0,B
2021-07-27T14:12:30,200.0,39.0,S
2021-07-27T14:12:30,400.0,39.0,S
2021-07-27T14:12:30,700.0,39.0,S
2021-07-27T14:12:30,1300.0,39.0,S
2021-07-27T14:12:30,100.0,39.0,S
2021-07-27T14:12:30,6600.0,39.0,S
2021-07-27T14:12:29,2700.0,39.0,S
2021-07-27T14:12:29,5500.0,39.0,S
2021-07-27T14:12:29,1800.0,39.0,S
2021-07-27T14:12:28,1500.0,39.0,S
2021-07-27T14:12:27,700.0,39.0,S
2021-07-27T14:12:27,2500.0,39.0,S
2021-07-27T14:12:26,8700.0,39.0,S
2021-07-27T14:12:26,1300.0,39.0,S
2021-07-27T14:12:26,1000.0,39.0,S
2021-07-27T14:12:25,1000.0,39.0,S
2021-07-27T14:12:25,300.0,39.0,S
2021-07-27T14:12:25,100.0,39.0,S
2021-07-27T14:12:25,600.0,39.0,S
2021-07-27T14:12:25,2200.0,39.0,S
2021-07-27T14:12:25,2100.0,39.0,S
2021-07-27T14:12:25,7000.0,39.0,S
2021-07-27T14:12:24,700.0,39.0,S
2021-07-27T14:12:24,1600.0,39.0,S
2021-07-27T14:12:24,1800.0,39.0,S
2021-07-27T14:12:24,2000.0,39.0,S
2021-07-27T14:12:24,3900.0,39.0,S
2021-07-27T14:12:21,1200.0,39.0,S
2021-07-27T14:12:19,2000.0,39.0,S
2021-07-27T14:12:19,500.0,39.0,S
2021-07-27T14:12:19,2000.0,39.0,S
2021-07-27T14:12:14,1600.0,39.0,S
2021-07-27T14:12:13,1200.0,39.0,S
2021-07-27T14:12:13,2500.0,39.0,S
2021-07-27T14:12:12,100.0,39.0,S
2021-07-27T14:12:12,1000.0,39.0,S
2021-07-27T14:12:11,1000.0,39.0,S
2021-07-27T14:12:07,1000.0,39.0,S
2021-07-27T14:12:06,3000.0,39.0,S
2021-07-27T14:12:01,600.0,39.0,S
2021-07-27T14:12:00,700.0,39.0,S
2021-07-27T14:12:00,300.0,39.0,S
2021-07-27T14:11:59,100.0,39.0,S
2021-07-27T14:11:59,900.0,39.0,S
2021-07-27T14:11:58,300.0,39.0,S
2021-07-27T14:11:58,700.0,39.0,S
2021-07-27T14:11:58,1100.0,39.0,S
2021-07-27T14:11:58,100.0,39.0,S
2021-07-27T14:11:58,400.0,39.0,S
2021-07-27T14:11:58,100.0,39.0,S
2021-07-27T14:11:58,2500.0,39.0,S
2021-07-27T14:11:56,600.0,39.0,S
2021-07-27T14:11:53,3000.0,39.0,S
2021-07-27T14:11:48,1500.0,39.0,S
2021-07-27T14:11:48,1700.0,39.0,S
2021-07-27T14:11:48,200.0,39.0,S
2021-07-27T14:11:48,100.0,39.0,S
2021-07-27T14:11:48,1000.0,39.0,S
2021-07-27T14:11:48,600.0,39.0,S
2021-07-27T14:11:48,400.0,39.0,S
2021-07-27T14:11:48,300.0,39.0,S
2021-07-27T14:11:47,1300.0,39.0,S
2021-07-27T14:11:38,1000.0,39.0,S
2021-07-27T14:11:38,2000.0,39.05,B
2021-07-27T14:11:33,200.0,39.0,S
2021-07-27T14:11:32,100.0,39.0,S
2021-07-27T14:11:31,500.0,39.0,S
2021-07-27T14:11:29,7700.0,39.0,S
2021-07-27T14:11:29,1600.0,39.0,S
2021-07-27T14:11:29,600.0,39.0,S
2021-07-27T14:11:29,1100.0,39.0,S
2021-07-27T14:11:29,700.0,39.0,S
2021-07-27T14:11:29,2600.0,39.0,S
2021-07-27T14:11:24,2600.0,39.05,B
2021-07-27T14:11:24,400.0,39.0,S
2021-07-27T14:11:16,500.0,39.05,S
2021-07-27T14:11:08,2000.0,39.0,S
2021-07-27T14:11:05,2000.0,39.0,S
2021-07-27T14:10:58,500.0,39.0,S
2021-07-27T14:10:57,500.0,39.05,S
2021-07-27T14:10:51,2000.0,39.0,S
2021-07-27T14:10:51,3000.0,39.05,S
2021-07-27T14:10:50,2000.0,39.05,B
2021-07-27T14:10:49,3000.0,39.0,S
2021-07-27T14:10:46,2000.0,39.0,S
2021-07-27T14:10:46,3300.0,39.0,S
2021-07-27T14:10:44,100.0,39.05,B
2021-07-27T14:10:36,2000.0,39.05,B
2021-07-27T14:10:30,4000.0,39.05,B
2021-07-27T14:10:29,1000.0,39.05,B
2021-07-27T14:10:26,5000.0,39.0,S
2021-07-27T14:10:26,500.0,39.0,S
2021-07-27T14:10:26,500.0,39.0,S
2021-07-27T14:10:26,100.0,39.0,S
2021-07-27T14:10:23,5000.0,39.05,B
2021-07-27T14:10:13,100.0,39.05,S
2021-07-27T14:10:13,4300.0,39.05,S
2021-07-27T14:10:13,1000.0,39.05,S
2021-07-27T14:10:12,100.0,39.05,S
2021-07-27T14:10:08,300.0,39.05,S
2021-07-27T14:10:08,1700.0,39.05,S
2021-07-27T14:10:08,3400.0,39.05,S
2021-07-27T14:10:08,800.0,39.05,S
2021-07-27T14:10:03,200.0,39.05,S
2021-07-27T14:10:03,300.0,39.05,S
2021-07-27T14:10:03,500.0,39.05,S
2021-07-27T14:09:56,2000.0,39.05,S
2021-07-27T14:09:51,100.0,39.1,B
2021-07-27T14:09:51,12600.0,39.05,S
2021-07-27T14:09:45,4000.0,39.05,S
2021-07-27T14:09:37,700.0,39.05,S
2021-07-27T14:09:37,1200.0,39.05,S
2021-07-27T14:09:36,3300.0,39.05,S
2021-07-27T14:09:28,1300.0,39.05,S
2021-07-27T14:09:26,16500.0,39.05,S
2021-07-27T14:09:26,100.0,39.1,B
2021-07-27T14:09:18,3000.0,39.05,S
2021-07-27T14:09:17,2000.0,39.1,B
2021-07-27T14:09:16,2000.0,39.05,S
2021-07-27T14:09:14,500.0,39.1,B
2021-07-27T14:09:10,500.0,39.1,B
2021-07-27T14:09:08,100.0,39.1,B
2021-07-27T14:09:08,100.0,39.05,S
2021-07-27T14:09:06,200.0,39.1,B
2021-07-27T14:09:04,300.0,39.1,B
2021-07-27T14:09:04,30000.0,39.05,S
2021-07-27T14:08:51,100.0,39.1,B
2021-07-27T14:08:38,1000.0,39.1,B
2021-07-27T14:08:37,1000.0,39.1,B
2021-07-27T14:08:37,700.0,39.1,S
2021-07-27T14:08:36,1000.0,39.1,S
2021-07-27T14:08:35,10000.0,39.1,S
2021-07-27T14:08:34,300.0,39.1,S
2021-07-27T14:08:33,3000.0,39.1,S
2021-07-27T14:08:32,200.0,39.1,S
2021-07-27T14:08:32,1800.0,39.1,S
2021-07-27T14:08:31,1200.0,39.1,S
2021-07-27T14:08:31,200.0,39.1,S
2021-07-27T14:08:31,200.0,39.1,S
2021-07-27T14:08:29,400.0,39.1,S
2021-07-27T14:08:29,100.0,39.1,S
2021-07-27T14:08:29,11400.0,39.1,S
2021-07-27T14:08:29,10100.0,39.1,S
2021-07-27T14:08:22,800.0,39.1,S
2021-07-27T14:08:13,5000.0,39.1,S
2021-07-27T14:08:10,25000.0,39.1,S
2021-07-27T14:08:08,1200.0,39.1,S
2021-07-27T14:08:08,300.0,39.1,S
2021-07-27T14:07:51,1000.0,39.1,S
2021-07-27T14:07:46,800.0,39.1,S
2021-07-27T14:07:45,3000.0,39.1,S
2021-07-27T14:07:37,300.0,39.1,S
2021-07-27T14:07:36,2100.0,39.1,S
2021-07-27T14:07:36,1900.0,39.1,S
2021-07-27T14:07:35,800.0,39.15,B
2021-07-27T14:07:34,500.0,39.15,S
2021-07-27T14:07:32,8700.0,39.15,S
2021-07-27T14:07:28,1000.0,39.1,S
2021-07-27T14:07:25,1900.0,39.1,S
2021-07-27T14:07:25,1400.0,39.15,S
2021-07-27T14:07:25,200.0,39.15,S
2021-07-27T14:07:25,21100.0,39.15,S
2021-07-27T14:07:25,9700.0,39.15,S
2021-07-27T14:07:25,900.0,39.15,S
2021-07-27T14:07:25,200.0,39.15,S
2021-07-27T14:07:25,5200.0,39.15,S
2021-07-27T14:07:17,1000.0,39.15,S
2021-07-27T14:07:17,1500.0,39.15,S
2021-07-27T14:07:16,2000.0,39.2,B
2021-07-27T14:07:12,100.0,39.2,B
2021-07-27T14:07:12,100.0,39.15,S
2021-07-27T14:07:11,5000.0,39.15,S
2021-07-27T14:07:06,100.0,39.2,B
2021-07-27T14:07:05,3300.0,39.15,S
2021-07-27T14:07:05,1700.0,39.15,S
2021-07-27T14:07:03,500.0,39.15,S
2021-07-27T14:07:01,10000.0,39.2,B
2021-07-27T14:07:00,1000.0,39.2,B
2021-07-27T14:06:47,1700.0,39.2,S
2021-07-27T14:06:44,700.0,39.2,S
2021-07-27T14:06:44,1000.0,39.2,S
2021-07-27T14:06:44,500.0,39.2,S
2021-07-27T14:06:44,3200.0,39.2,S
2021-07-27T14:06:44,1000.0,39.2,S
2021-07-27T14:06:44,1000.0,39.2,S
2021-07-27T14:06:44,300.0,39.2,S
2021-07-27T14:06:44,400.0,39.2,S
2021-07-27T14:06:44,200.0,39.2,S
2021-07-27T14:06:44,7700.0,39.2,S
2021-07-27T14:06:40,9000.0,39.2,S
2021-07-27T14:06:32,100.0,39.25,B
2021-07-27T14:06:30,800.0,39.2,S
2021-07-27T14:06:26,2200.0,39.2,S
2021-07-27T14:06:18,200.0,39.25,S
2021-07-27T14:06:18,600.0,39.25,S
2021-07-27T14:06:18,100.0,39.25,S
2021-07-27T14:06:18,1100.0,39.25,S
2021-07-27T14:06:18,600.0,39.25,S
2021-07-27T14:06:18,200.0,39.25,S
2021-07-27T14:06:18,3300.0,39.25,S
2021-07-27T14:06:14,13700.0,39.25,S
2021-07-27T14:06:10,1000.0,39.25,S
2021-07-27T14:06:08,500.0,39.25,S
2021-07-27T14:06:04,1600.0,39.25,S
2021-07-27T14:05:55,300.0,39.3,S
2021-07-27T14:05:55,5000.0,39.3,S
2021-07-27T14:05:55,2600.0,39.3,S
2021-07-27T14:05:55,1100.0,39.3,S
2021-07-27T14:05:55,15300.0,39.3,S
2021-07-27T14:05:55,13100.0,39.3,S
2021-07-27T14:05:52,2300.0,39.3,S
2021-07-27T14:05:52,7700.0,39.3,S
2021-07-27T14:05:42,4400.0,39.3,S
2021-07-27T14:05:42,600.0,39.3,S
2021-07-27T14:05:42,2600.0,39.3,S
2021-07-27T14:05:42,2400.0,39.3,S
2021-07-27T14:05:41,100.0,39.3,S
2021-07-27T14:05:40,1000.0,39.3,S
2021-07-27T14:05:35,100.0,39.3,S
2021-07-27T14:05:31,1600.0,39.3,S
2021-07-27T14:05:29,1000.0,39.3,S
2021-07-27T14:05:27,500.0,39.3,S
2021-07-27T14:05:25,800.0,39.3,S
2021-07-27T14:05:20,1600.0,39.3,S
2021-07-27T14:05:12,1900.0,39.3,S
2021-07-27T14:05:09,500.0,39.3,S
2021-07-27T14:05:07,500.0,39.3,S
2021-07-27T14:05:07,1100.0,39.3,S
2021-07-27T14:04:57,1600.0,39.3,S
2021-07-27T14:04:45,1500.0,39.3,S
2021-07-27T14:04:45,100.0,39.3,S
2021-07-27T14:04:34,1600.0,39.3,S
2021-07-27T14:04:29,1600.0,39.3,S
2021-07-27T14:04:24,800.0,39.3,S
2021-07-27T14:04:22,800.0,39.3,S
2021-07-27T14:04:14,800.0,39.35,S
2021-07-27T14:04:09,400.0,39.35,S
2021-07-27T14:04:05,400.0,39.35,S
2021-07-27T14:03:59,100.0,39.35,S
2021-07-27T14:03:46,200.0,39.4,B
2021-07-27T14:03:25,300.0,39.35,S
2021-07-27T14:03:20,400.0,39.35,S
2021-07-27T14:03:16,400.0,39.35,S
2021-07-27T14:03:12,400.0,39.35,S
2021-07-27T14:03:07,100.0,39.35,S
2021-07-27T14:03:01,9000.0,39.35,B
2021-07-27T14:03:01,1900.0,39.3,S
2021-07-27T14:02:53,200.0,39.35,B
2021-07-27T14:02:51,200.0,39.35,B
2021-07-27T14:02:47,300.0,39.35,B
2021-07-27T14:02:30,300.0,39.35,B
2021-07-27T14:02:30,2000.0,39.35,B
2021-07-27T14:02:16,1000.0,39.35,B
2021-07-27T14:02:15,2500.0,39.35,B
2021-07-27T14:02:13,100.0,39.35,B
2021-07-27T14:02:12,100.0,39.35,B
2021-07-27T14:01:40,100.0,39.35,B
2021-07-27T14:00:59,3000.0,39.35,S
2021-07-27T14:00:49,1900.0,39.3,S
2021-07-27T14:00:46,4000.0,39.35,B
2021-07-27T14:00:03,100.0,39.3,S
2021-07-27T13:59:15,700.0,39.35,B
2021-07-27T13:58:55,100.0,39.35,B
2021-07-27T13:58:43,1400.0,39.35,B
2021-07-27T13:58:38,2000.0,39.35,S
2021-07-27T13:58:34,1000.0,39.35,S
2021-07-27T13:58:20,1000.0,39.35,S
2021-07-27T13:58:18,100.0,39.35,S
2021-07-27T13:58:08,1300.0,39.35,S
2021-07-27T13:57:28,800.0,39.35,S
2021-07-27T13:57:23,500.0,39.35,S
2021-07-27T13:57:23,2900.0,39.35,B
2021-07-27T13:57:02,500.0,39.3,S
2021-07-27T13:56:55,14500.0,39.35,B
2021-07-27T13:56:55,500.0,39.35,B
2021-07-27T13:56:43,1000.0,39.3,S
2021-07-27T13:56:31,1000.0,39.35,B
2021-07-27T13:56:25,800.0,39.3,S
2021-07-27T13:56:24,1400.0,39.3,S
2021-07-27T13:56:24,500.0,39.3,S
2021-07-27T13:56:11,1100.0,39.3,S
2021-07-27T13:56:00,200.0,39.3,S
2021-07-27T13:55:46,200.0,39.3,S
2021-07-27T13:55:44,1600.0,39.3,S
2021-07-27T13:55:42,200.0,39.3,S
2021-07-27T13:55:37,200.0,39.3,S
2021-07-27T13:55:33,200.0,39.3,S
2021-07-27T13:55:29,200.0,39.3,S
2021-07-27T13:55:28,900.0,39.3,S
2021-07-27T13:55:22,200.0,39.3,S
2021-07-27T13:55:16,200.0,39.3,S
2021-07-27T13:55:11,200.0,39.3,S
2021-07-27T13:54:32,100.0,39.3,S
2021-07-27T13:54:28,500.0,39.3,S
2021-07-27T13:54:27,100.0,39.35,B
2021-07-27T13:54:12,1000.0,39.3,S
2021-07-27T13:54:12,1900.0,39.3,S
2021-07-27T13:54:03,400.0,39.3,S
2021-07-27T13:53:40,400.0,39.3,S
2021-07-27T13:52:00,1900.0,39.3,S
2021-07-27T13:51:55,100.0,39.35,B
2021-07-27T13:51:42,100.0,39.35,B
2021-07-27T13:51:40,700.0,39.35,B
2021-07-27T13:51:23,200.0,39.35,B
2021-07-27T13:51:17,100.0,39.35,B
2021-07-27T13:51:16,5000.0,39.35,B
2021-07-27T13:50:45,400.0,39.3,S
2021-07-27T13:50:40,300.0,39.3,S
2021-07-27T13:50:38,4000.0,39.35,B
2021-07-27T13:50:32,5000.0,39.35,B
2021-07-27T13:50:26,300.0,39.3,S
2021-07-27T13:50:19,400.0,39.3,S
2021-07-27T13:50:08,300.0,39.35,S
2021-07-27T13:50:08,1100.0,39.35,S
2021-07-27T13:50:08,1500.0,39.35,S
2021-07-27T13:50:08,1500.0,39.35,S
2021-07-27T13:50:05,5000.0,39.35,S
2021-07-27T13:50:03,100.0,39.35,S
2021-07-27T13:50:03,100.0,39.35,S
2021-07-27T13:49:59,500.0,39.35,S
2021-07-27T13:49:50,400.0,39.35,S
2021-07-27T13:49:49,1900.0,39.35,S
2021-07-27T13:49:42,200.0,39.35,S
2021-07-27T13:49:35,500.0,39.35,S
2021-07-27T13:49:35,300.0,39.35,S
2021-07-27T13:49:35,100.0,39.35,S
2021-07-27T13:49:32,400.0,39.35,S
2021-07-27T13:49:30,800.0,39.35,S
2021-07-27T13:49:27,400.0,39.35,S
2021-07-27T13:49:22,400.0,39.35,S
2021-07-27T13:49:22,400.0,39.35,S
2021-07-27T13:49:17,200.0,39.35,S
2021-07-27T13:49:12,100.0,39.35,S
2021-07-27T13:48:57,200.0,39.4,B
2021-07-27T13:48:20,500.0,39.4,B
2021-07-27T13:48:05,400.0,39.4,B
2021-07-27T13:48:01,200.0,39.35,S
2021-07-27T13:47:58,400.0,39.35,S
2021-07-27T13:47:57,400.0,39.35,S
2021-07-27T13:47:54,400.0,39.35,S
2021-07-27T13:47:47,400.0,39.35,S
2021-07-27T13:47:40,200.0,39.35,S
2021-07-27T13:47:36,2000.0,39.35,S
2021-07-27T13:46:28,100.0,39.35,S
2021-07-27T13:46:15,200.0,39.35,S
2021-07-27T13:46:10,500.0,39.35,S
2021-07-27T13:46:06,200.0,39.35,S
2021-07-27T13:46:06,1000.0,39.4,B
2021-07-27T13:46:05,300.0,39.35,S
2021-07-27T13:46:02,400.0,39.35,S
2021-07-27T13:46:00,5400.0,39.4,B
2021-07-27T13:46:00,2600.0,39.4,B
2021-07-27T13:45:57,400.0,39.35,S
2021-07-27T13:45:53,400.0,39.35,S
2021-07-27T13:45:47,200.0,39.35,S
2021-07-27T13:45:22,1900.0,39.3,S
2021-07-27T13:45:19,600.0,39.35,B
2021-07-27T13:45:03,100.0,39.3,S
2021-07-27T13:44:41,8000.0,39.4,B
2021-07-27T13:44:41,9800.0,39.3,S
2021-07-27T13:44:41,2300.0,39.35,S
2021-07-27T13:44:40,1100.0,39.35,S
2021-07-27T13:44:30,100.0,39.35,S
2021-07-27T13:44:30,300.0,39.35,S
2021-07-27T13:44:18,100.0,39.35,S
2021-07-27T13:44:02,200.0,39.35,S
2021-07-27T13:43:25,400.0,39.35,S
2021-07-27T13:43:24,5000.0,39.35,S
2021-07-27T13:43:22,3000.0,39.35,S
2021-07-27T13:43:21,200.0,39.35,S
2021-07-27T13:43:15,200.0,39.35,S
2021-07-27T13:43:13,200.0,39.35,S
2021-07-27T13:43:11,1900.0,39.35,S
2021-07-27T13:43:09,2000.0,39.4,B
2021-07-27T13:43:07,200.0,39.35,S
2021-07-27T13:43:04,200.0,39.35,S
2021-07-27T13:42:58,400.0,39.4,B
2021-07-27T13:42:58,200.0,39.35,S
2021-07-27T13:42:54,800.0,39.35,S
2021-07-27T13:42:52,200.0,39.35,S
2021-07-27T13:42:48,100.0,39.4,S
2021-07-27T13:42:46,1000.0,39.4,S
2021-07-27T13:42:46,200.0,39.4,S
2021-07-27T13:42:43,1000.0,39.4,S
2021-07-27T13:42:39,400.0,39.4,S
2021-07-27T13:42:36,300.0,39.4,S
2021-07-27T13:42:32,500.0,39.4,S
2021-07-27T13:42:29,100.0,39.4,S
2021-07-27T13:42:27,200.0,39.4,S
2021-07-27T13:42:27,300.0,39.4,S
2021-07-27T13:42:26,100.0,39.4,S
2021-07-27T13:42:22,600.0,39.4,B
2021-07-27T13:42:19,500.0,39.35,S
2021-07-27T13:42:18,100.0,39.35,S
2021-07-27T13:42:18,200.0,39.35,S
2021-07-27T13:42:16,500.0,39.4,B
2021-07-27T13:42:14,600.0,39.35,S
2021-07-27T13:42:13,200.0,39.4,B
2021-07-27T13:42:09,200.0,39.35,S
2021-07-27T13:42:08,400.0,39.4,S
2021-07-27T13:42:06,200.0,39.4,S
2021-07-27T13:42:06,300.0,39.4,B
2021-07-27T13:42:02,200.0,39.35,S
2021-07-27T13:41:55,100.0,39.4,B
2021-07-27T13:41:53,200.0,39.35,S
2021-07-27T13:41:53,2000.0,39.4,B
2021-07-27T13:41:51,300.0,39.4,S
2021-07-27T13:41:51,1800.0,39.4,S
2021-07-27T13:41:51,500.0,39.4,S
2021-07-27T13:41:47,100.0,39.4,S
2021-07-27T13:41:45,2000.0,39.4,S
2021-07-27T13:41:43,10000.0,39.4,S
2021-07-27T13:41:35,200.0,39.45,B
2021-07-27T13:41:28,500.0,39.4,S
2021-07-27T13:41:25,200.0,39.4,S
2021-07-27T13:41:10,100.0,39.45,B
2021-07-27T13:41:08,100.0,39.4,S
2021-07-27T13:41:00,500.0,39.4,S
2021-07-27T13:41:00,1400.0,39.4,S
2021-07-27T13:40:42,2900.0,39.45,B
2021-07-27T13:40:18,100.0,39.4,S
2021-07-27T13:40:02,100.0,39.4,S
2021-07-27T13:39:59,200.0,39.4,S
2021-07-27T13:39:57,2000.0,39.4,S
2021-07-27T13:39:56,400.0,39.4,S
2021-07-27T13:39:55,400.0,39.4,S
2021-07-27T13:39:53,400.0,39.4,S
2021-07-27T13:39:53,100.0,39.4,S
2021-07-27T13:39:50,500.0,39.4,S
2021-07-27T13:39:42,400.0,39.4,S
2021-07-27T13:39:39,500.0,39.4,S
2021-07-27T13:39:37,200.0,39.4,S
2021-07-27T13:39:34,400.0,39.4,S
2021-07-27T13:39:29,1000.0,39.45,B
2021-07-27T13:39:25,400.0,39.45,S
2021-07-27T13:39:22,400.0,39.45,S
2021-07-27T13:39:21,500.0,39.45,S
2021-07-27T13:39:17,400.0,39.45,S
2021-07-27T13:39:15,400.0,39.45,S
2021-07-27T13:39:14,300.0,39.45,S
2021-07-27T13:39:13,1300.0,39.45,S
2021-07-27T13:39:10,400.0,39.45,S
2021-07-27T13:39:07,400.0,39.45,S
2021-07-27T13:39:06,200.0,39.45,S
2021-07-27T13:39:03,200.0,39.45,S
2021-07-27T13:39:03,500.0,39.45,S
2021-07-27T13:39:00,200.0,39.45,S
2021-07-27T13:38:59,200.0,39.45,S
2021-07-27T13:38:52,10000.0,39.45,S
2021-07-27T13:38:50,400.0,39.45,S
2021-07-27T13:38:47,1900.0,39.45,S
2021-07-27T13:38:43,500.0,39.45,S
2021-07-27T13:38:42,100.0,39.45,S
2021-07-27T13:38:37,300.0,39.45,S
2021-07-27T13:38:35,200.0,39.45,S
2021-07-27T13:38:28,300.0,39.45,S
2021-07-27T13:38:26,500.0,39.45,B
2021-07-27T13:38:23,100.0,39.4,S
2021-07-27T13:38:20,400.0,39.4,S
2021-07-27T13:38:11,300.0,39.4,S
2021-07-27T13:38:06,400.0,39.4,S
2021-07-27T13:37:58,400.0,39.4,S
2021-07-27T13:37:47,500.0,39.4,S
2021-07-27T13:37:41,1000.0,39.4,S
2021-07-27T13:37:40,400.0,39.4,S
2021-07-27T13:37:32,400.0,39.4,S
2021-07-27T13:37:25,500.0,39.4,S
2021-07-27T13:37:15,400.0,39.4,S
2021-07-27T13:37:10,300.0,39.4,S
2021-07-27T13:37:01,400.0,39.4,S
2021-07-27T13:36:53,300.0,39.4,S
2021-07-27T13:36:50,500.0,39.5,B
2021-07-27T13:36:48,100.0,39.45,B
2021-07-27T13:36:47,200.0,39.4,S
2021-07-27T13:36:47,500.0,39.4,S
2021-07-27T13:36:39,300.0,39.4,S
2021-07-27T13:36:36,2000.0,39.4,S
2021-07-27T13:36:35,100.0,39.45,S
2021-07-27T13:36:30,500.0,39.45,S
2021-07-27T13:36:26,200.0,39.45,B
2021-07-27T13:36:22,400.0,39.4,S
2021-07-27T13:36:19,200.0,39.45,B
2021-07-27T13:36:19,9800.0,39.45,B
2021-07-27T13:36:10,200.0,39.4,S
2021-07-27T13:36:04,200.0,39.4,S
2021-07-27T13:35:53,300.0,39.4,S
2021-07-27T13:35:37,500.0,39.4,S
2021-07-27T13:35:36,2700.0,39.4,B
2021-07-27T13:35:19,100.0,39.35,S
2021-07-27T13:34:58,500.0,39.4,B
2021-07-27T13:34:58,3000.0,39.4,B
2021-07-27T13:34:58,8500.0,39.4,B
2021-07-27T13:34:55,15000.0,39.35,B
2021-07-27T13:34:46,200.0,39.3,S
2021-07-27T13:34:30,3000.0,39.3,S
2021-07-27T13:34:24,1900.0,39.3,S
2021-07-27T13:34:23,800.0,39.3,S
2021-07-27T13:34:14,1100.0,39.3,S
2021-07-27T13:34:13,200.0,39.3,S
2021-07-27T13:34:13,400.0,39.3,S
2021-07-27T13:34:04,1000.0,39.3,S
2021-07-27T13:34:02,2900.0,39.3,B
2021-07-27T13:34:02,500.0,39.3,B
2021-07-27T13:34:02,6200.0,39.3,B
2021-07-27T13:33:56,100.0,39.3,B
2021-07-27T13:33:53,500.0,39.25,S
2021-07-27T13:33:49,200.0,39.25,S
2021-07-27T13:33:34,10000.0,39.3,B
2021-07-27T13:33:15,1000.0,39.3,B
2021-07-27T13:33:13,600.0,39.25,S
2021-07-27T13:33:00,100.0,39.3,B
2021-07-27T13:32:25,200.0,39.3,B
2021-07-27T13:32:22,2700.0,39.3,B
2021-07-27T13:32:16,1000.0,39.3,B
2021-07-27T13:32:11,1900.0,39.25,S
2021-07-27T13:32:00,500.0,39.25,S
2021-07-27T13:31:53,100.0,39.3,B
2021-07-27T13:31:51,1500.0,39.35,B
2021-07-27T13:31:46,1000.0,39.3,S
2021-07-27T13:31:19,1000.0,39.3,S
2021-07-27T13:31:09,2200.0,39.3,B
2021-07-27T13:30:30,100.0,39.25,S
2021-07-27T13:30:27,7800.0,39.3,B
2021-07-27T13:30:26,500.0,39.25,S
2021-07-27T13:30:17,500.0,39.25,S
2021-07-27T13:30:11,2500.0,39.3,B
2021-07-27T13:30:00,1900.0,39.25,S
2021-07-27T13:29:57,800.0,39.25,S
2021-07-27T13:29:52,21200.0,39.25,S
2021-07-27T13:29:50,10000.0,39.3,B
2021-07-27T13:29:32,100.0,39.25,S
2021-07-27T13:29:07,300.0,39.25,S
2021-07-27T13:29:01,500.0,39.25,S
2021-07-27T13:28:52,400.0,39.25,S
2021-07-27T13:28:51,1000.0,39.25,S
2021-07-27T13:28:46,200.0,39.25,S
2021-07-27T13:28:38,500.0,39.25,S
2021-07-27T13:28:30,300.0,39.25,S
2021-07-27T13:28:29,5600.0,39.25,S
2021-07-27T13:28:23,300.0,39.25,S
2021-07-27T13:28:14,300.0,39.25,S
2021-07-27T13:28:03,300.0,39.3,B
2021-07-27T13:28:01,500.0,39.25,S
2021-07-27T13:28:00,100.0,39.3,B
2021-07-27T13:27:51,100.0,39.3,B
2021-07-27T13:27:46,1900.0,39.25,S
2021-07-27T13:27:43,300.0,39.25,S
2021-07-27T13:27:33,100.0,39.3,B
2021-07-27T13:27:28,300.0,39.25,S
2021-07-27T13:27:23,1000.0,39.3,B
2021-07-27T13:27:21,500.0,39.25,S
2021-07-27T13:27:16,2800.0,39.3,B
2021-07-27T13:27:14,400.0,39.25,S
2021-07-27T13:27:03,100.0,39.3,S
2021-07-27T13:27:03,3800.0,39.3,S
2021-07-27T13:26:57,500.0,39.3,S
2021-07-27T13:26:57,400.0,39.3,S
2021-07-27T13:26:55,100.0,39.3,B
2021-07-27T13:26:55,200.0,39.3,B
2021-07-27T13:26:55,1000.0,39.3,B
2021-07-27T13:26:51,5000.0,39.3,B
2021-07-27T13:26:45,200.0,39.25,S
2021-07-27T13:26:40,15700.0,39.3,B
2021-07-27T13:26:40,200.0,39.3,B
2021-07-27T13:26:40,3000.0,39.3,B
2021-07-27T13:26:40,500.0,39.3,B
2021-07-27T13:26:40,600.0,39.3,B
2021-07-27T13:26:31,5000.0,39.25,S
2021-07-27T13:26:06,200.0,39.25,S
2021-07-27T13:26:02,300.0,39.3,B
2021-07-27T13:25:57,100.0,39.25,S
2021-07-27T13:25:36,1900.0,39.25,S
2021-07-27T13:25:24,100.0,39.25,S
2021-07-27T13:25:11,100.0,39.25,S
2021-07-27T13:25:02,200.0,39.25,S
2021-07-27T13:24:55,100.0,39.25,S
2021-07-27T13:24:33,5000.0,39.25,S
2021-07-27T13:24:27,400.0,39.25,S
2021-07-27T13:24:21,4000.0,39.25,S
2021-07-27T13:23:56,200.0,39.25,S
2021-07-27T13:23:56,3000.0,39.25,S
2021-07-27T13:23:47,200.0,39.25,S
2021-07-27T13:23:42,500.0,39.25,S
2021-07-27T13:23:28,100.0,39.25,S
2021-07-27T13:23:23,10000.0,39.25,S
2021-07-27T13:23:23,200.0,39.25,S
2021-07-27T13:23:22,2000.0,39.25,S
2021-07-27T13:23:10,10000.0,39.25,S
2021-07-27T13:23:07,4400.0,39.25,S
2021-07-27T13:22:52,2000.0,39.25,S
2021-07-27T13:22:25,200.0,39.3,B
2021-07-27T13:22:25,1000.0,39.3,B
2021-07-27T13:22:07,3200.0,39.3,S
2021-07-27T13:22:05,500.0,39.3,S
2021-07-27T13:21:59,500.0,39.3,S
2021-07-27T13:21:59,700.0,39.3,B
2021-07-27T13:21:59,2100.0,39.3,B
2021-07-27T13:21:59,5000.0,39.3,B
2021-07-27T13:21:54,300.0,39.3,B
2021-07-27T13:21:30,200.0,39.3,B
2021-07-27T13:21:29,300.0,39.3,S
2021-07-27T13:21:28,2000.0,39.3,S
2021-07-27T13:21:27,400.0,39.3,S
2021-07-27T13:21:24,1000.0,39.3,S
2021-07-27T13:21:23,400.0,39.3,S
2021-07-27T13:21:21,500.0,39.3,S
2021-07-27T13:21:13,500.0,39.3,S
2021-07-27T13:21:10,1900.0,39.3,S
2021-07-27T13:21:03,500.0,39.3,S
2021-07-27T13:21:02,600.0,39.3,S
2021-07-27T13:20:58,300.0,39.3,S
2021-07-27T13:20:51,500.0,39.3,S
2021-07-27T13:20:41,500.0,39.3,S
2021-07-27T13:20:41,100.0,39.3,S
2021-07-27T13:20:38,1500.0,39.3,S
2021-07-27T13:20:32,400.0,39.3,S
2021-07-27T13:20:32,100.0,39.3,S
2021-07-27T13:20:21,500.0,39.3,S
2021-07-27T13:20:21,600.0,39.3,S
2021-07-27T13:20:11,500.0,39.3,S
2021-07-27T13:20:06,500.0,39.3,S
2021-07-27T13:20:01,400.0,39.3,S
2021-07-27T13:19:53,300.0,39.3,S
2021-07-27T13:19:53,100.0,39.35,B
2021-07-27T13:19:51,300.0,39.3,S
2021-07-27T13:19:48,1100.0,39.35,B
2021-07-27T13:19:48,900.0,39.35,B
2021-07-27T13:19:48,500.0,39.3,S
2021-07-27T13:19:40,400.0,39.3,S
2021-07-27T13:19:38,400.0,39.3,S
2021-07-27T13:19:37,1300.0,39.3,S
2021-07-27T13:19:31,500.0,39.3,S
2021-07-27T13:19:30,500.0,39.3,S
2021-07-27T13:19:28,1000.0,39.3,S
2021-07-27T13:19:25,300.0,39.3,S
2021-07-27T13:19:20,500.0,39.3,S
2021-07-27T13:19:16,400.0,39.3,S
2021-07-27T13:19:14,400.0,39.3,S
2021-07-27T13:19:09,400.0,39.3,S
2021-07-27T13:19:05,4400.0,39.3,B
2021-07-27T13:19:03,78300.0,39.25,S
2021-07-27T13:18:57,500.0,39.3,B
2021-07-27T13:18:57,1900.0,39.25,S
2021-07-27T13:18:56,100.0,39.3,B
2021-07-27T13:18:49,400.0,39.25,S
2021-07-27T13:18:47,10000.0,39.25,S
2021-07-27T13:18:38,500.0,39.25,S
2021-07-27T13:18:31,1000.0,39.25,S
2021-07-27T13:18:27,500.0,39.25,S
2021-07-27T13:18:17,400.0,39.25,S
2021-07-27T13:18:07,500.0,39.25,S
2021-07-27T13:18:05,300.0,39.25,S
2021-07-27T13:17:59,500.0,39.25,S
2021-07-27T13:17:57,3200.0,39.3,S
2021-07-27T13:17:56,400.0,39.3,S
2021-07-27T13:17:50,300.0,39.3,S
2021-07-27T13:17:47,500.0,39.3,S
2021-07-27T13:17:42,100.0,39.3,S
2021-07-27T13:17:42,200.0,39.3,S
2021-07-27T13:17:40,300.0,39.3,S
2021-07-27T13:17:40,4500.0,39.3,S
2021-07-27T13:17:40,200.0,39.3,S
2021-07-27T13:17:36,500.0,39.3,S
2021-07-27T13:17:36,4500.0,39.3,S
2021-07-27T13:17:33,100.0,39.3,S
2021-07-27T13:17:31,300.0,39.3,S
2021-07-27T13:17:25,400.0,39.3,S
2021-07-27T13:17:22,400.0,39.3,S
2021-07-27T13:17:22,500.0,39.3,S
2021-07-27T13:17:16,42500.0,39.3,S
2021-07-27T13:17:15,500.0,39.3,S
2021-07-27T13:17:05,400.0,39.3,S
2021-07-27T13:16:56,1000.0,39.3,S
2021-07-27T13:16:55,500.0,39.3,S
2021-07-27T13:16:46,1900.0,39.3,S
2021-07-27T13:16:26,6700.0,39.35,S
2021-07-27T13:16:22,500.0,39.35,S
2021-07-27T13:16:21,2000.0,39.35,S
2021-07-27T13:16:13,400.0,39.35,S
2021-07-27T13:16:12,5600.0,39.35,S
2021-07-27T13:16:03,500.0,39.35,S
2021-07-27T13:16:03,2000.0,39.35,S
2021-07-27T13:15:52,500.0,39.35,S
2021-07-27T13:15:46,100.0,39.35,S
2021-07-27T13:15:42,400.0,39.35,S
2021-07-27T13:15:35,3000.0,39.35,S
2021-07-27T13:15:26,3800.0,39.4,S
2021-07-27T13:15:23,200.0,39.4,S
2021-07-27T13:15:21,100.0,39.4,S
2021-07-27T13:15:21,400.0,39.4,S
2021-07-27T13:15:11,500.0,39.4,S
2021-07-27T13:15:06,1600.0,39.4,S
2021-07-27T13:15:02,500.0,39.4,S
2021-07-27T13:14:56,400.0,39.4,S
2021-07-27T13:14:55,500.0,39.45,B
2021-07-27T13:14:52,100.0,39.45,B
2021-07-27T13:14:51,400.0,39.45,S
2021-07-27T13:14:50,400.0,39.45,S
2021-07-27T13:14:48,300.0,39.45,S
2021-07-27T13:14:42,400.0,39.45,S
2021-07-27T13:14:40,500.0,39.45,S
2021-07-27T13:14:33,1900.0,39.45,S
2021-07-27T13:14:33,400.0,39.45,S
2021-07-27T13:14:30,400.0,39.45,S
2021-07-27T13:14:21,1000.0,39.45,B
2021-07-27T13:14:21,200.0,39.4,S
2021-07-27T13:14:14,2000.0,39.45,B
2021-07-27T13:14:07,1000.0,39.45,B
2021-07-27T13:14:05,200.0,39.45,B
2021-07-27T13:13:57,200.0,39.45,B
2021-07-27T13:13:56,500.0,39.45,B
2021-07-27T13:13:47,100.0,39.45,B
2021-07-27T13:13:38,400.0,39.4,S
2021-07-27T13:13:38,400.0,39.4,S
2021-07-27T13:13:38,200.0,39.45,B
2021-07-27T13:13:38,500.0,39.45,B
2021-07-27T13:13:38,1300.0,39.45,B
2021-07-27T13:13:38,2000.0,39.45,B
2021-07-27T13:13:24,100.0,39.45,B
2021-07-27T13:13:08,800.0,39.45,B
2021-07-27T13:13:08,4200.0,39.45,B
2021-07-27T13:13:04,500.0,39.45,B
2021-07-27T13:13:01,200.0,39.45,B
2021-07-27T13:12:57,500.0,39.35,S
2021-07-27T13:12:46,400.0,39.35,S
2021-07-27T13:12:45,200.0,39.35,S
2021-07-27T13:12:36,500.0,39.35,S
2021-07-27T13:12:32,400.0,39.35,S
2021-07-27T13:12:30,1500.0,39.35,S
2021-07-27T13:12:27,10000.0,39.45,B
2021-07-27T13:12:26,500.0,39.35,S
2021-07-27T13:12:23,500.0,39.35,S
2021-07-27T13:12:22,2000.0,39.35,S
2021-07-27T13:12:22,1000.0,39.4,S
2021-07-27T13:12:16,300.0,39.35,S
2021-07-27T13:12:16,1400.0,39.45,B
2021-07-27T13:12:16,5600.0,39.45,B
2021-07-27T13:12:16,500.0,39.45,B
2021-07-27T13:12:16,2100.0,39.4,B
2021-07-27T13:12:12,1000.0,39.4,B
2021-07-27T13:12:11,10000.0,39.4,B
2021-07-27T13:12:06,500.0,39.35,S
2021-07-27T13:12:06,500.0,39.35,S
2021-07-27T13:12:00,400.0,39.35,S
2021-07-27T13:11:56,400.0,39.35,S
2021-07-27T13:11:55,500.0,39.35,B
2021-07-27T13:11:52,10000.0,39.35,B
2021-07-27T13:11:47,400.0,39.3,S
2021-07-27T13:11:44,500.0,39.3,S
2021-07-27T13:11:41,500.0,39.3,S
2021-07-27T13:11:33,500.0,39.3,S
2021-07-27T13:11:33,300.0,39.3,S
2021-07-27T13:11:33,1500.0,39.3,B
2021-07-27T13:11:33,400.0,39.3,B
2021-07-27T13:11:33,600.0,39.3,B
2021-07-27T13:11:33,1300.0,39.3,B
2021-07-27T13:11:33,1300.0,39.3,B
2021-07-27T13:11:24,500.0,39.25,S
2021-07-27T13:11:23,400.0,39.25,S
2021-07-27T13:11:14,400.0,39.25,S
2021-07-27T13:11:13,500.0,39.25,S
2021-07-27T13:11:04,400.0,39.25,S
2021-07-27T13:11:03,400.0,39.25,S
2021-07-27T13:11:01,500.0,39.25,S
2021-07-27T13:10:51,500.0,39.25,S
2021-07-27T13:10:43,500.0,39.25,S
2021-07-27T13:10:32,400.0,39.25,S
2021-07-27T13:10:29,300.0,39.25,S
2021-07-27T13:10:24,500.0,39.25,S
2021-07-27T13:10:22,500.0,39.25,S
2021-07-27T13:10:16,200.0,39.25,S
2021-07-27T13:10:11,400.0,39.25,S
2021-07-27T13:10:11,1900.0,39.25,S
2021-07-27T13:10:07,300.0,39.25,S
2021-07-27T13:10:03,1600.0,39.25,S
2021-07-27T13:10:03,100.0,39.25,S
2021-07-27T13:10:02,100.0,39.25,S
2021-07-27T13:10:00,500.0,39.25,S
2021-07-27T13:09:57,400.0,39.25,S
2021-07-27T13:09:50,500.0,39.25,S
2021-07-27T13:09:41,400.0,39.25,B
2021-07-27T13:09:40,1500.0,39.25,B
2021-07-27T13:09:39,1400.0,39.25,B
2021-07-27T13:09:39,6400.0,39.25,B
2021-07-27T13:09:39,2200.0,39.25,B
2021-07-27T13:09:31,500.0,39.25,B
2021-07-27T13:09:30,800.0,39.2,S
2021-07-27T13:09:25,1000.0,39.25,B
2021-07-27T13:09:10,5000.0,39.25,B
2021-07-27T13:09:09,500.0,39.2,S
2021-07-27T13:08:59,500.0,39.2,S
2021-07-27T13:08:48,400.0,39.2,S
2021-07-27T13:08:36,500.0,39.2,S
2021-07-27T13:08:31,300.0,39.2,S
2021-07-27T13:08:27,400.0,39.2,S
2021-07-27T13:08:17,500.0,39.2,S
2021-07-27T13:08:07,500.0,39.2,S
2021-07-27T13:07:57,1900.0,39.2,S
2021-07-27T13:07:57,400.0,39.2,S
2021-07-27T13:07:56,9800.0,39.2,S
2021-07-27T13:07:31,500.0,39.25,B
2021-07-27T13:07:26,500.0,39.2,S
2021-07-27T13:07:15,500.0,39.2,S
2021-07-27T13:07:05,400.0,39.2,S
2021-07-27T13:06:59,2700.0,39.2,B
2021-07-27T13:06:52,1000.0,39.2,B
2021-07-27T13:06:52,5000.0,39.2,B
2021-07-27T13:06:44,100.0,39.2,B
2021-07-27T13:06:39,500.0,39.2,B
2021-07-27T13:06:03,3500.0,39.2,S
2021-07-27T13:05:56,600.0,39.2,S
2021-07-27T13:05:53,400.0,39.2,S
2021-07-27T13:05:46,1900.0,39.2,S
2021-07-27T13:05:43,200.0,39.2,S
2021-07-27T13:05:42,500.0,39.2,S
2021-07-27T13:05:32,500.0,39.2,S
2021-07-27T13:05:31,100.0,39.2,B
2021-07-27T13:05:26,300.0,39.2,B
2021-07-27T13:05:26,700.0,39.2,B
2021-07-27T13:05:18,2000.0,39.2,B
2021-07-27T13:05:18,200.0,39.2,B
2021-07-27T13:05:18,800.0,39.2,B
2021-07-27T13:05:06,500.0,39.2,B
2021-07-27T13:04:57,2000.0,39.2,B
2021-07-27T13:04:52,100.0,39.2,B
2021-07-27T13:04:38,200.0,39.2,B
2021-07-27T13:04:32,200.0,39.2,B
2021-07-27T13:04:12,300.0,39.2,B
2021-07-27T13:04:09,400.0,39.15,S
2021-07-27T13:04:00,500.0,39.15,S
2021-07-27T13:03:47,500.0,39.15,S
2021-07-27T13:03:45,500.0,39.15,S
2021-07-27T13:03:38,400.0,39.15,S
2021-07-27T13:03:34,1900.0,39.15,S
2021-07-27T13:03:28,500.0,39.15,S
2021-07-27T13:03:26,100.0,39.15,S
2021-07-27T13:03:23,3000.0,39.2,B
2021-07-27T13:03:18,400.0,39.15,S
2021-07-27T13:03:14,100.0,39.15,S
2021-07-27T13:03:08,500.0,39.15,S
2021-07-27T13:02:57,500.0,39.15,S
2021-07-27T13:02:47,1300.0,39.15,B
2021-07-27T13:02:47,2200.0,39.15,B
2021-07-27T13:02:47,200.0,39.15,B
2021-07-27T13:02:47,9500.0,39.15,B
2021-07-27T13:02:47,100.0,39.15,B
2021-07-27T13:02:45,1000.0,39.15,B
2021-07-27T13:02:41,500.0,39.15,B
2021-07-27T13:02:39,200.0,39.15,B
2021-07-27T13:02:26,100.0,39.15,B
2021-07-27T13:02:23,1000.0,39.15,B
2021-07-27T13:02:07,100.0,39.15,B
2021-07-27T13:01:57,500.0,39.15,B
2021-07-27T13:01:55,200.0,39.15,B
2021-07-27T13:01:47,1000.0,39.15,B
2021-07-27T13:01:37,300.0,39.15,B
2021-07-27T13:01:22,1000.0,39.1,S
2021-07-27T13:01:22,100.0,39.15,B
2021-07-27T13:01:22,1900.0,39.1,S
2021-07-27T13:01:14,500.0,39.15,B
2021-07-27T13:00:47,200.0,39.15,B
2021-07-27T13:00:43,400.0,39.15,B
2021-07-27T13:00:21,300.0,39.15,S
2021-07-27T13:00:20,2000.0,39.15,S
2021-07-27T13:00:11,15000.0,39.2,B
2021-07-27T13:00:09,200.0,39.2,B
2021-07-27T13:00:09,3900.0,39.15,B
2021-07-27T13:00:09,1000.0,39.15,S
2021-07-27T13:00:09,3800.0,39.15,S
2021-07-27T13:00:09,2200.0,39.15,S
2021-07-27T13:00:09,700.0,39.15,S
2021-07-27T13:00:09,6400.0,39.15,S
2021-07-27T13:00:09,1000.0,39.15,S
2021-07-27T13:00:09,100.0,39.15,S
2021-07-27T13:00:09,500.0,39.15,S
2021-07-27T13:00:08,2500.0,39.15,S
2021-07-27T13:00:04,300.0,39.15,B
2021-07-27T13:00:01,1200.0,39.15,B
2021-07-27T11:30:01,100.0,39.15,S
2021-07-27T11:29:57,100.0,39.15,S
2021-07-27T11:29:10,2000.0,39.1,S
2021-07-27T11:29:08,100.0,39.15,S
2021-07-27T11:28:51,25000.0,39.15,S
2021-07-27T11:28:27,700.0,39.15,S
2021-07-27T11:28:22,7700.0,39.15,S
2021-07-27T11:28:20,100.0,39.15,B
2021-07-27T11:28:11,2000.0,39.15,B
2021-07-27T11:28:08,5000.0,39.15,B
2021-07-27T11:27:58,500.0,39.15,B
2021-07-27T11:27:57,2100.0,39.15,S
2021-07-27T11:27:57,1400.0,39.15,S
2021-07-27T11:27:57,100.0,39.15,S
2021-07-27T11:27:57,1100.0,39.15,S
2021-07-27T11:27:57,6000.0,39.15,S
2021-07-27T11:27:57,15000.0,39.15,S
2021-07-27T11:27:57,1000.0,39.15,S
2021-07-27T11:27:57,5600.0,39.15,S
2021-07-27T11:27:57,200.0,39.15,S
2021-07-27T11:27:57,2300.0,39.15,S
2021-07-27T11:27:50,300.0,39.2,B
2021-07-27T11:27:48,3600.0,39.2,B
2021-07-27T11:27:41,200.0,39.2,B
2021-07-27T11:27:38,1100.0,39.2,S
2021-07-27T11:27:30,900.0,39.2,B
2021-07-27T11:27:25,100.0,39.2,B
2021-07-27T11:27:15,500.0,39.2,B
2021-07-27T11:27:03,500.0,39.2,B
2021-07-27T11:27:01,100.0,39.15,S
2021-07-27T11:27:01,300.0,39.15,S
2021-07-27T11:27:01,400.0,39.15,S
2021-07-27T11:27:00,200.0,39.15,S
2021-07-27T11:26:58,1900.0,39.15,S
2021-07-27T11:26:51,700.0,39.15,S
2021-07-27T11:26:51,100.0,39.2,B
2021-07-27T11:26:50,600.0,39.2,B
2021-07-27T11:26:50,200.0,39.2,B
2021-07-27T11:26:50,1000.0,39.15,S
2021-07-27T11:26:45,1400.0,39.2,B
2021-07-27T11:26:42,800.0,39.15,S
2021-07-27T11:26:38,100.0,39.2,B
2021-07-27T11:26:31,700.0,39.15,S
2021-07-27T11:26:28,100.0,39.2,B
2021-07-27T11:26:21,100.0,39.2,B
2021-07-27T11:26:21,800.0,39.15,S
2021-07-27T11:26:21,100.0,39.2,B
2021-07-27T11:26:18,300.0,39.2,B
2021-07-27T11:26:17,3000.0,39.2,B
2021-07-27T11:26:15,100.0,39.2,B
2021-07-27T11:26:10,800.0,39.15,S
2021-07-27T11:26:05,200.0,39.2,B
2021-07-27T11:26:00,800.0,39.15,S
2021-07-27T11:25:50,800.0,39.15,S
2021-07-27T11:25:50,400.0,39.15,S
2021-07-27T11:25:40,700.0,39.15,S
2021-07-27T11:25:35,800.0,39.15,S
2021-07-27T11:25:30,800.0,39.15,S
2021-07-27T11:25:20,800.0,39.15,S
2021-07-27T11:25:11,800.0,39.15,S
2021-07-27T11:25:10,1000.0,39.15,B
2021-07-27T11:25:10,800.0,39.15,B
2021-07-27T11:25:10,700.0,39.15,B
2021-07-27T11:25:06,1000.0,39.15,B
2021-07-27T11:25:05,200.0,39.15,B
2021-07-27T11:25:03,500.0,39.15,B
2021-07-27T11:25:01,500.0,39.15,B
2021-07-27T11:24:59,100.0,39.15,B
2021-07-27T11:24:59,800.0,39.15,B
2021-07-27T11:24:54,2200.0,39.15,B
2021-07-27T11:24:54,700.0,39.15,B
2021-07-27T11:24:54,5100.0,39.15,B
2021-07-27T11:24:49,2000.0,39.15,B
2021-07-27T11:24:47,300.0,39.15,B
2021-07-27T11:24:47,700.0,39.15,B
2021-07-27T11:24:47,800.0,39.15,B
2021-07-27T11:24:47,2000.0,39.15,B
2021-07-27T11:24:47,16200.0,39.15,B
2021-07-27T11:24:46,2400.0,39.1,S
2021-07-27T11:24:46,1800.0,39.1,S
2021-07-27T11:24:46,100.0,39.1,S
2021-07-27T11:24:46,1600.0,39.1,S
2021-07-27T11:24:38,1000.0,39.1,S
2021-07-27T11:24:35,900.0,39.1,S
2021-07-27T11:24:35,500.0,39.1,S
2021-07-27T11:24:35,1600.0,39.1,S
2021-07-27T11:24:35,500.0,39.1,S
2021-07-27T11:24:35,300.0,39.1,S
2021-07-27T11:24:28,300.0,39.1,S
2021-07-27T11:24:28,2500.0,39.1,S
2021-07-27T11:24:28,2000.0,39.1,S
2021-07-27T11:24:28,1100.0,39.1,S
2021-07-27T11:24:28,1500.0,39.1,S
2021-07-27T11:24:28,600.0,39.1,S
2021-07-27T11:24:28,500.0,39.1,S
2021-07-27T11:24:28,1500.0,39.1,S
2021-07-27T11:24:24,2000.0,39.1,S
2021-07-27T11:24:21,300.0,39.15,B
2021-07-27T11:24:21,1000.0,39.15,B
2021-07-27T11:24:20,10000.0,39.15,B
2021-07-27T11:24:10,100.0,39.1,S
2021-07-27T11:24:07,800.0,39.15,B
2021-07-27T11:24:03,300.0,39.15,B
2021-07-27T11:23:57,3000.0,39.15,B
2021-07-27T11:23:46,200.0,39.15,B
2021-07-27T11:23:46,1400.0,39.15,B
2021-07-27T11:23:46,1500.0,39.15,B
2021-07-27T11:23:46,600.0,39.15,B
2021-07-27T11:23:40,100.0,39.15,B
2021-07-27T11:23:30,1000.0,39.1,S
2021-07-27T11:23:28,3000.0,39.1,S
2021-07-27T11:23:26,300.0,39.1,S
2021-07-27T11:23:20,100.0,39.15,B
2021-07-27T11:23:12,500.0,39.1,S
2021-07-27T11:23:03,100.0,39.1,S
2021-07-27T11:22:46,4000.0,39.15,B
2021-07-27T11:22:34,1900.0,39.1,S
2021-07-27T11:22:23,500.0,39.15,B
2021-07-27T11:22:20,300.0,39.1,S
2021-07-27T11:22:17,100.0,39.15,B
2021-07-27T11:22:15,1000.0,39.1,S
2021-07-27T11:22:15,10000.0,39.15,B
2021-07-27T11:22:09,300.0,39.1,S
2021-07-27T11:22:01,200.0,39.15,B
2021-07-27T11:21:44,3600.0,39.1,S
2021-07-27T11:21:38,4000.0,39.15,B
2021-07-27T11:21:36,400.0,39.1,S
2021-07-27T11:21:35,2600.0,39.1,S
2021-07-27T11:21:20,1300.0,39.15,B
2021-07-27T11:21:20,200.0,39.1,S
2021-07-27T11:21:19,100.0,39.15,B
2021-07-27T11:21:16,5600.0,39.1,S
2021-07-27T11:21:16,3100.0,39.1,S
2021-07-27T11:21:16,6300.0,39.1,S
2021-07-27T11:21:16,1000.0,39.15,B
2021-07-27T11:21:06,200.0,39.1,S
2021-07-27T11:21:05,1500.0,39.1,S
2021-07-27T11:20:55,500.0,39.1,S
2021-07-27T11:20:54,3000.0,39.1,S
2021-07-27T11:20:52,4300.0,39.1,S
2021-07-27T11:20:52,500.0,39.1,S
2021-07-27T11:20:49,100.0,39.1,S
2021-07-27T11:20:40,800.0,39.1,S
2021-07-27T11:20:30,800.0,39.1,S
2021-07-27T11:20:22,1900.0,39.1,S
2021-07-27T11:20:20,1000.0,39.15,B
2021-07-27T11:20:18,800.0,39.1,S
2021-07-27T11:20:18,1000.0,39.15,B
2021-07-27T11:20:02,2000.0,39.15,B
2021-07-27T11:20:01,100.0,39.15,B
2021-07-27T11:19:55,1100.0,39.1,S
2021-07-27T11:19:55,900.0,39.15,S
2021-07-27T11:19:54,700.0,39.15,S
2021-07-27T11:19:52,600.0,39.15,S
2021-07-27T11:19:49,9500.0,39.15,S
2021-07-27T11:19:49,500.0,39.15,S
2021-07-27T11:19:45,500.0,39.15,B
2021-07-27T11:19:43,200.0,39.15,B
2021-07-27T11:19:41,800.0,39.15,B
2021-07-27T11:19:38,1000.0,39.15,B
2021-07-27T11:19:26,200.0,39.15,B
2021-07-27T11:19:23,500.0,39.15,B
2021-07-27T11:19:11,600.0,39.15,B
2021-07-27T11:19:10,600.0,39.1,S
2021-07-27T11:18:58,600.0,39.1,S
2021-07-27T11:18:53,200.0,39.1,S
2021-07-27T11:18:49,700.0,39.1,S
2021-07-27T11:18:43,22000.0,39.1,S
2021-07-27T11:18:39,1000.0,39.2,B
2021-07-27T11:18:38,600.0,39.15,S
2021-07-27T11:18:37,400.0,39.15,B
2021-07-27T11:18:34,100.0,39.15,B
2021-07-27T11:18:30,100.0,39.15,B
2021-07-27T11:18:30,200.0,39.15,B
2021-07-27T11:18:30,700.0,39.15,B
2021-07-27T11:18:29,100.0,39.15,B
2021-07-27T11:18:26,900.0,39.15,B
2021-07-27T11:18:26,600.0,39.15,B
2021-07-27T11:18:26,2600.0,39.15,B
2021-07-27T11:18:26,900.0,39.15,B
2021-07-27T11:18:26,200.0,39.15,B
2021-07-27T11:18:15,10000.0,39.15,B
2021-07-27T11:18:11,500.0,39.1,S
2021-07-27T11:18:10,2000.0,39.1,S
2021-07-27T11:18:08,500.0,39.1,S
2021-07-27T11:18:07,200.0,39.1,S
2021-07-27T11:18:06,600.0,39.1,S
2021-07-27T11:17:55,600.0,39.1,S
2021-07-27T11:17:50,3000.0,39.1,S
2021-07-27T11:17:28,1000.0,39.15,B
2021-07-27T11:17:23,500.0,39.1,S
2021-07-27T11:17:17,2600.0,39.15,S
2021-07-27T11:17:17,400.0,39.15,S
2021-07-27T11:17:17,3100.0,39.15,S
2021-07-27T11:17:17,300.0,39.15,S
2021-07-27T11:17:15,500.0,39.15,S
2021-07-27T11:17:15,300.0,39.15,S
2021-07-27T11:17:15,400.0,39.15,S
2021-07-27T11:17:15,8800.0,39.15,S
2021-07-27T11:17:13,5000.0,39.15,S
2021-07-27T11:17:13,18400.0,39.15,S
2021-07-27T11:17:13,800.0,39.15,S
2021-07-27T11:17:13,9000.0,39.15,S
2021-07-27T11:17:12,600.0,39.15,S
2021-07-27T11:17:11,100.0,39.15,S
2021-07-27T11:17:03,1000.0,39.15,S
2021-07-27T11:17:01,400.0,39.15,S
2021-07-27T11:17:01,200.0,39.15,S
2021-07-27T11:16:54,11000.0,39.15,S
2021-07-27T11:16:54,5000.0,39.2,B
2021-07-27T11:16:28,300.0,39.2,B
2021-07-27T11:16:19,2100.0,39.2,S
2021-07-27T11:16:18,600.0,39.2,S
2021-07-27T11:16:17,2300.0,39.2,B
2021-07-27T11:16:12,5000.0,39.2,B
2021-07-27T11:16:02,11200.0,39.2,B
2021-07-27T11:15:57,1000.0,39.15,S
2021-07-27T11:15:57,1400.0,39.15,S
2021-07-27T11:15:57,10200.0,39.15,S
2021-07-27T11:15:57,100.0,39.15,S
2021-07-27T11:15:57,2300.0,39.15,S
2021-07-27T11:15:46,300.0,39.2,S
2021-07-27T11:15:46,100.0,39.2,S
2021-07-27T11:15:36,600.0,39.2,S
2021-07-27T11:15:28,2300.0,39.2,S
2021-07-27T11:15:23,100.0,39.2,S
2021-07-27T11:15:23,500.0,39.2,S
2021-07-27T11:15:16,700.0,39.2,S
2021-07-27T11:15:16,9500.0,39.2,S
2021-07-27T11:15:16,700.0,39.2,S
2021-07-27T11:15:16,1500.0,39.2,S
2021-07-27T11:15:16,3500.0,39.2,S
2021-07-27T11:15:16,5300.0,39.2,S
2021-07-27T11:15:16,3000.0,39.2,S
2021-07-27T11:15:16,2200.0,39.2,S
2021-07-27T11:15:16,4200.0,39.2,S
2021-07-27T11:15:16,10400.0,39.2,S
2021-07-27T11:15:16,10300.0,39.2,S
2021-07-27T11:15:16,13700.0,39.2,S
2021-07-27T11:15:14,600.0,39.25,S
2021-07-27T11:15:03,600.0,39.25,S
2021-07-27T11:14:53,600.0,39.25,S
2021-07-27T11:14:43,1000.0,39.25,S
2021-07-27T11:14:43,1400.0,39.25,S
2021-07-27T11:14:43,1200.0,39.25,S
2021-07-27T11:14:40,1000.0,39.25,S
2021-07-27T11:14:30,2200.0,39.25,S
2021-07-27T11:14:30,2300.0,39.25,S
2021-07-27T11:14:30,600.0,39.25,S
2021-07-27T11:14:26,500.0,39.25,S
2021-07-27T11:14:20,600.0,39.25,S
2021-07-27T11:14:14,8300.0,39.25,S
2021-07-27T11:14:14,1300.0,39.25,S
2021-07-27T11:14:14,1100.0,39.25,S
2021-07-27T11:14:14,1600.0,39.25,S
2021-07-27T11:14:14,1000.0,39.25,S
2021-07-27T11:14:14,100.0,39.25,S
2021-07-27T11:14:14,600.0,39.25,S
2021-07-27T11:14:14,6000.0,39.25,S
2021-07-27T11:14:10,600.0,39.25,S
2021-07-27T11:14:03,3400.0,39.25,S
2021-07-27T11:14:03,100.0,39.25,S
2021-07-27T11:14:03,1500.0,39.25,S
2021-07-27T11:14:02,500.0,39.25,S
2021-07-27T11:13:56,2000.0,39.3,B
2021-07-27T11:13:48,10000.0,39.25,S
2021-07-27T11:13:31,1000.0,39.3,B
2021-07-27T11:13:16,200.0,39.3,B
2021-07-27T11:12:38,4300.0,39.3,B
2021-07-27T11:12:33,600.0,39.3,S
2021-07-27T11:12:32,1900.0,39.3,S
2021-07-27T11:12:25,200.0,39.3,S
2021-07-27T11:12:23,3000.0,39.3,B
2021-07-27T11:12:16,1200.0,39.3,B
2021-07-27T11:12:05,900.0,39.3,B
2021-07-27T11:12:05,100.0,39.3,B
2021-07-27T11:11:59,100.0,39.3,B
2021-07-27T11:11:52,1000.0,39.3,B
2021-07-27T11:11:50,200.0,39.3,B
2021-07-27T11:11:32,700.0,39.3,S
2021-07-27T11:11:29,700.0,39.3,S
2021-07-27T11:11:20,1000.0,39.3,B
2021-07-27T11:11:13,2000.0,39.3,B
2021-07-27T11:11:07,1000.0,39.3,B
2021-07-27T11:10:58,400.0,39.3,B
2021-07-27T11:10:29,300.0,39.3,B
2021-07-27T11:10:25,1000.0,39.25,S
2021-07-27T11:10:04,3000.0,39.3,B
2021-07-27T11:09:54,1600.0,39.3,B
2021-07-27T11:09:53,600.0,39.25,S
2021-07-27T11:09:51,1900.0,39.25,S
2021-07-27T11:09:39,300.0,39.3,B
2021-07-27T11:09:21,3700.0,39.3,S
2021-07-27T11:09:20,600.0,39.3,S
2021-07-27T11:09:13,500.0,39.3,B
2021-07-27T11:09:13,5200.0,39.3,B
2021-07-27T11:09:12,3800.0,39.25,S
2021-07-27T11:09:10,700.0,39.25,S
2021-07-27T11:09:10,300.0,39.25,S
2021-07-27T11:09:09,1600.0,39.3,B
2021-07-27T11:09:09,300.0,39.3,B
2021-07-27T11:09:09,1100.0,39.3,B
2021-07-27T11:09:09,1100.0,39.3,B
2021-07-27T11:09:09,3900.0,39.3,B
2021-07-27T11:09:01,2800.0,39.3,B
2021-07-27T11:08:53,500.0,39.3,B
2021-07-27T11:08:51,4800.0,39.25,S
2021-07-27T11:08:51,200.0,39.25,S
2021-07-27T11:08:22,500.0,39.3,B
2021-07-27T11:08:05,200.0,39.3,B
2021-07-27T11:07:56,100.0,39.3,B
2021-07-27T11:07:53,3000.0,39.3,B
2021-07-27T11:07:50,100.0,39.3,B
2021-07-27T11:07:46,100.0,39.25,S
2021-07-27T11:07:41,100.0,39.3,B
2021-07-27T11:07:37,1000.0,39.3,B
2021-07-27T11:07:32,2000.0,39.3,B
2021-07-27T11:07:31,10000.0,39.3,B
2021-07-27T11:07:19,1000.0,39.3,B
2021-07-27T11:07:04,300.0,39.3,B
2021-07-27T11:07:02,500.0,39.3,B
2021-07-27T11:07:02,100.0,39.3,B
2021-07-27T11:06:52,900.0,39.3,S
2021-07-27T11:06:52,1400.0,39.3,S
2021-07-27T11:06:52,500.0,39.3,S
2021-07-27T11:06:52,10400.0,39.3,S
2021-07-27T11:06:52,300.0,39.3,S
2021-07-27T11:06:52,5900.0,39.3,S
2021-07-27T11:06:50,600.0,39.3,S
2021-07-27T11:06:46,200.0,39.3,S
2021-07-27T11:06:44,1500.0,39.3,S
2021-07-27T11:06:42,1000.0,39.3,S
2021-07-27T11:06:37,500.0,39.35,S
2021-07-27T11:06:29,22300.0,39.3,S
2021-07-27T11:06:28,600.0,39.35,S
2021-07-27T11:06:27,100.0,39.35,B
2021-07-27T11:06:27,3500.0,39.35,B
2021-07-27T11:06:27,1500.0,39.35,B
2021-07-27T11:06:25,900.0,39.3,S
2021-07-27T11:06:25,900.0,39.3,S
2021-07-27T11:06:25,3800.0,39.3,S
2021-07-27T11:06:18,1600.0,39.3,S
2021-07-27T11:06:15,200.0,39.3,S
2021-07-27T11:06:13,500.0,39.3,S
2021-07-27T11:06:06,600.0,39.3,S
2021-07-27T11:06:01,500.0,39.3,S
2021-07-27T11:05:58,1000.0,39.35,B
2021-07-27T11:05:47,200.0,39.35,B
2021-07-27T11:05:46,600.0,39.3,S
2021-07-27T11:05:35,600.0,39.3,S
2021-07-27T11:05:23,500.0,39.3,S
2021-07-27T11:05:13,600.0,39.3,S
2021-07-27T11:05:03,600.0,39.3,S
2021-07-27T11:04:54,1000.0,39.3,S
2021-07-27T11:04:54,4500.0,39.3,S
2021-07-27T11:04:53,500.0,39.3,S
2021-07-27T11:04:51,500.0,39.3,S
2021-07-27T11:04:44,1000.0,39.3,S
2021-07-27T11:04:44,600.0,39.3,S
2021-07-27T11:04:44,3700.0,39.3,S
2021-07-27T11:04:44,300.0,39.35,S
2021-07-27T11:04:44,1000.0,39.35,S
2021-07-27T11:04:41,600.0,39.35,S
2021-07-27T11:04:31,600.0,39.35,S
2021-07-27T11:04:22,1500.0,39.35,B
2021-07-27T11:04:22,4000.0,39.35,B
2021-07-27T11:04:22,400.0,39.35,B
2021-07-27T11:04:22,1900.0,39.35,B
2021-07-27T11:04:12,100.0,39.35,B
2021-07-27T11:04:01,100.0,39.35,B
2021-07-27T11:03:57,700.0,39.35,B
2021-07-27T11:03:56,100.0,39.35,B
2021-07-27T11:03:45,500.0,39.35,B
2021-07-27T11:03:36,200.0,39.35,B
2021-07-27T11:03:31,500.0,39.35,B
2021-07-27T11:03:27,100.0,39.35,B
2021-07-27T11:03:21,400.0,39.35,S
2021-07-27T11:03:21,400.0,39.35,S
2021-07-27T11:03:20,3000.0,39.35,S
2021-07-27T11:03:16,500.0,39.35,S
2021-07-27T11:03:13,200.0,39.35,S
2021-07-27T11:03:05,500.0,39.35,S
2021-07-27T11:03:05,400.0,39.35,S
2021-07-27T11:03:04,1000.0,39.35,S
2021-07-27T11:02:54,500.0,39.35,S
2021-07-27T11:02:51,1200.0,39.35,S
2021-07-27T11:02:44,400.0,39.35,S
2021-07-27T11:02:42,100.0,39.35,S
2021-07-27T11:02:32,500.0,39.35,S
2021-07-27T11:02:22,400.0,39.35,S
2021-07-27T11:02:11,500.0,39.35,S
2021-07-27T11:02:09,1000.0,39.35,S
2021-07-27T11:02:00,400.0,39.35,S
2021-07-27T11:01:50,500.0,39.35,S
2021-07-27T11:01:39,400.0,39.35,S
2021-07-27T11:01:39,500.0,39.35,S
2021-07-27T11:01:34,3000.0,39.35,S
2021-07-27T11:01:28,700.0,39.35,S
2021-07-27T11:01:27,500.0,39.35,S
2021-07-27T11:01:23,400.0,39.35,S
2021-07-27T11:01:23,1100.0,39.35,S
2021-07-27T11:01:23,1200.0,39.35,S
2021-07-27T11:01:23,100.0,39.35,S
2021-07-27T11:01:23,4400.0,39.35,S
2021-07-27T11:01:18,400.0,39.35,S
2021-07-27T11:01:10,3600.0,39.35,S
2021-07-27T11:01:07,500.0,39.35,S
2021-07-27T11:01:03,200.0,39.35,S
2021-07-27T11:00:56,400.0,39.35,S
2021-07-27T11:00:54,10000.0,39.35,S
2021-07-27T11:00:54,100.0,39.35,S
2021-07-27T11:00:46,500.0,39.35,S
2021-07-27T11:00:32,400.0,39.35,S
2021-07-27T11:00:32,1000.0,39.35,S
2021-07-27T11:00:21,2000.0,39.4,B
2021-07-27T11:00:06,200.0,39.4,B
2021-07-27T11:00:03,400.0,39.35,S
2021-07-27T11:00:03,2000.0,39.35,S
2021-07-27T11:00:02,2500.0,39.35,S
2021-07-27T10:59:51,400.0,39.35,S
2021-07-27T10:59:50,300.0,39.35,S
2021-07-27T10:59:40,5000.0,39.35,S
2021-07-27T10:59:23,100.0,39.4,S
2021-07-27T10:59:23,200.0,39.4,S
2021-07-27T10:59:23,4900.0,39.4,S
2021-07-27T10:59:18,500.0,39.4,S
2021-07-27T10:59:09,2000.0,39.4,S
2021-07-27T10:59:08,200.0,39.4,S
2021-07-27T10:59:08,200.0,39.4,S
2021-07-27T10:59:08,6900.0,39.4,S
2021-07-27T10:58:58,500.0,39.4,S
2021-07-27T10:58:48,400.0,39.4,S
2021-07-27T10:58:38,700.0,39.4,S
2021-07-27T10:58:37,500.0,39.4,S
2021-07-27T10:58:26,400.0,39.4,S
2021-07-27T10:58:15,500.0,39.4,S
2021-07-27T10:58:04,400.0,39.4,S
2021-07-27T10:57:53,500.0,39.4,S
2021-07-27T10:57:44,400.0,39.4,S
2021-07-27T10:57:19,100.0,39.45,B
2021-07-27T10:57:15,800.0,39.4,S
2021-07-27T10:57:11,500.0,39.4,S
2021-07-27T10:57:11,500.0,39.4,S
2021-07-27T10:57:07,1600.0,39.4,S
2021-07-27T10:57:01,1000.0,39.4,S
2021-07-27T10:57:00,400.0,39.4,S
2021-07-27T10:56:50,500.0,39.4,S
2021-07-27T10:56:43,1200.0,39.4,S
2021-07-27T10:56:41,200.0,39.4,S
2021-07-27T10:56:38,400.0,39.4,S
2021-07-27T10:56:36,10000.0,39.4,S
2021-07-27T10:56:28,500.0,39.4,S
2021-07-27T10:56:17,400.0,39.4,S
2021-07-27T10:56:06,500.0,39.4,S
2021-07-27T10:56:02,500.0,39.4,S
2021-07-27T10:55:41,300.0,39.45,B
2021-07-27T10:55:41,700.0,39.45,B
2021-07-27T10:55:28,10000.0,39.45,B
2021-07-27T10:55:24,500.0,39.4,S
2021-07-27T10:55:17,300.0,39.4,S
2021-07-27T10:55:15,1200.0,39.45,B
2021-07-27T10:55:13,400.0,39.4,S
2021-07-27T10:55:10,200.0,39.4,S
2021-07-27T10:55:06,300.0,39.4,S
2021-07-27T10:55:05,100.0,39.4,S
2021-07-27T10:55:02,500.0,39.4,S
2021-07-27T10:54:51,100.0,39.4,S
2021-07-27T10:54:51,500.0,39.4,S
2021-07-27T10:54:51,400.0,39.4,S
2021-07-27T10:54:41,500.0,39.4,S
2021-07-27T10:54:30,400.0,39.4,S
2021-07-27T10:54:20,500.0,39.4,S
2021-07-27T10:54:08,400.0,39.4,S
2021-07-27T10:54:01,5000.0,39.4,S
2021-07-27T10:53:54,5000.0,39.45,B
2021-07-27T10:53:46,400.0,39.4,S
2021-07-27T10:53:39,1600.0,39.4,S
2021-07-27T10:53:37,500.0,39.4,S
2021-07-27T10:53:34,300.0,39.4,S
2021-07-27T10:53:26,400.0,39.4,S
2021-07-27T10:53:23,700.0,39.4,S
2021-07-27T10:53:22,4100.0,39.4,S
2021-07-27T10:53:15,500.0,39.4,S
2021-07-27T10:53:09,600.0,39.4,S
2021-07-27T10:53:05,1900.0,39.4,S
2021-07-27T10:53:05,200.0,39.4,B
2021-07-27T10:53:03,2300.0,39.4,S
2021-07-27T10:52:59,500.0,39.4,B
2021-07-27T10:52:59,4200.0,39.4,B
2021-07-27T10:52:58,100.0,39.4,B
2021-07-27T10:52:40,1500.0,39.4,B
2021-07-27T10:52:38,1300.0,39.4,B
2021-07-27T10:52:38,500.0,39.4,B
2021-07-27T10:52:38,200.0,39.4,B
2021-07-27T10:52:33,100.0,39.4,B
2021-07-27T10:52:24,100.0,39.4,B
2021-07-27T10:51:50,10000.0,39.4,B
2021-07-27T10:51:29,5300.0,39.4,S
2021-07-27T10:51:27,500.0,39.4,S
2021-07-27T10:51:16,400.0,39.4,S
2021-07-27T10:51:14,3200.0,39.4,B
2021-07-27T10:51:14,100.0,39.4,B
2021-07-27T10:51:10,100.0,39.4,B
2021-07-27T10:50:55,200.0,39.4,B
2021-07-27T10:50:45,500.0,39.4,S
2021-07-27T10:50:34,400.0,39.4,S
2021-07-27T10:50:32,5000.0,39.4,S
2021-07-27T10:50:30,500.0,39.4,S
2021-07-27T10:50:28,900.0,39.4,B
2021-07-27T10:50:28,2600.0,39.4,B
2021-07-27T10:50:26,800.0,39.4,B
2021-07-27T10:50:26,2000.0,39.4,B
2021-07-27T10:50:23,800.0,39.4,B
2021-07-27T10:50:21,5400.0,39.4,B
2021-07-27T10:50:21,200.0,39.4,B
2021-07-27T10:50:21,8000.0,39.4,B
2021-07-27T10:50:18,1100.0,39.4,B
2021-07-27T10:50:13,400.0,39.4,B
2021-07-27T10:49:58,200.0,39.4,B
2021-07-27T10:49:48,100.0,39.4,B
2021-07-27T10:49:46,100.0,39.4,B
2021-07-27T10:49:40,10000.0,39.4,B
2021-07-27T10:49:15,3000.0,39.4,B
2021-07-27T10:48:57,1000.0,39.4,S
2021-07-27T10:48:48,1000.0,39.4,B
2021-07-27T10:48:41,2000.0,39.4,B
2021-07-27T10:48:39,1200.0,39.4,B
2021-07-27T10:48:20,100.0,39.4,B
2021-07-27T10:48:20,300.0,39.4,S
2021-07-27T10:48:18,4000.0,39.4,S
2021-07-27T10:48:16,1000.0,39.4,S
2021-07-27T10:48:14,500.0,39.4,S
2021-07-27T10:48:08,200.0,39.4,S
2021-07-27T10:48:08,3800.0,39.4,S
2021-07-27T10:48:06,200.0,39.4,S
2021-07-27T10:48:03,400.0,39.4,S
2021-07-27T10:48:03,1000.0,39.4,S
2021-07-27T10:47:54,500.0,39.4,S
2021-07-27T10:47:50,4000.0,39.4,S
2021-07-27T10:47:44,300.0,39.4,S
2021-07-27T10:47:41,400.0,39.4,S
2021-07-27T10:47:33,300.0,39.4,S
2021-07-27T10:47:33,100.0,39.4,S
2021-07-27T10:47:33,700.0,39.4,S
2021-07-27T10:47:31,500.0,39.4,S
2021-07-27T10:47:31,1000.0,39.4,S
2021-07-27T10:47:23,3400.0,39.4,S
2021-07-27T10:47:23,1400.0,39.4,S
2021-07-27T10:47:23,200.0,39.4,S
2021-07-27T10:47:22,100.0,39.4,S
2021-07-27T10:47:21,400.0,39.4,S
2021-07-27T10:47:14,200.0,39.4,S
2021-07-27T10:47:13,5000.0,39.4,S
2021-07-27T10:47:12,200.0,39.4,S
2021-07-27T10:47:11,500.0,39.4,S
2021-07-27T10:47:01,200.0,39.4,S
2021-07-27T10:46:58,400.0,39.4,S
2021-07-27T10:46:49,500.0,39.4,S
2021-07-27T10:46:47,100.0,39.4,S
2021-07-27T10:46:47,500.0,39.4,S
2021-07-27T10:46:47,1100.0,39.4,S
2021-07-27T10:46:47,3200.0,39.4,S
2021-07-27T10:46:47,1600.0,39.4,S
2021-07-27T10:46:47,1100.0,39.4,S
2021-07-27T10:46:46,2400.0,39.4,S
2021-07-27T10:46:38,100.0,39.45,B
2021-07-27T10:46:38,400.0,39.4,S
2021-07-27T10:46:30,100.0,39.4,S
2021-07-27T10:46:27,500.0,39.4,S
2021-07-27T10:46:18,1000.0,39.4,S
2021-07-27T10:46:17,400.0,39.4,S
2021-07-27T10:46:15,200.0,39.4,S
2021-07-27T10:46:05,500.0,39.4,S
2021-07-27T10:46:04,1200.0,39.4,S
2021-07-27T10:46:03,100.0,39.45,B
2021-07-27T10:45:46,2000.0,39.45,B
2021-07-27T10:45:31,2000.0,39.45,B
2021-07-27T10:45:30,500.0,39.4,S
2021-07-27T10:45:29,2000.0,39.4,S
2021-07-27T10:45:27,900.0,39.4,S
2021-07-27T10:45:24,12700.0,39.4,S
2021-07-27T10:45:24,500.0,39.4,S
2021-07-27T10:45:12,400.0,39.4,S
2021-07-27T10:45:02,500.0,39.4,S
2021-07-27T10:44:50,400.0,39.4,S
2021-07-27T10:44:40,500.0,39.4,S
2021-07-27T10:44:31,500.0,39.4,S
2021-07-27T10:44:29,400.0,39.4,S
2021-07-27T10:44:25,3000.0,39.4,S
2021-07-27T10:44:18,500.0,39.4,S
2021-07-27T10:44:13,2000.0,39.4,S
2021-07-27T10:44:08,400.0,39.4,S
2021-07-27T10:43:57,500.0,39.4,S
2021-07-27T10:43:47,400.0,39.4,S
2021-07-27T10:43:40,100.0,39.4,S
2021-07-27T10:43:36,500.0,39.4,S
2021-07-27T10:43:28,1000.0,39.4,S
2021-07-27T10:43:23,400.0,39.4,S
2021-07-27T10:43:15,500.0,39.4,S
2021-07-27T10:43:03,400.0,39.4,S
2021-07-27T10:42:53,500.0,39.4,S
2021-07-27T10:42:50,100.0,39.4,S
2021-07-27T10:42:42,100.0,39.45,B
2021-07-27T10:42:42,400.0,39.4,S
2021-07-27T10:42:41,500.0,39.4,S
2021-07-27T10:42:28,400.0,39.45,B
2021-07-27T10:42:25,300.0,39.45,B
2021-07-27T10:42:21,100.0,39.45,B
2021-07-27T10:41:37,1000.0,39.45,B
2021-07-27T10:41:27,500.0,39.45,B
2021-07-27T10:41:23,1200.0,39.45,B
2021-07-27T10:41:23,1300.0,39.45,B
2021-07-27T10:41:23,2500.0,39.45,B
2021-07-27T10:41:22,100.0,39.45,B
2021-07-27T10:41:16,600.0,39.45,B
2021-07-27T10:41:06,200.0,39.45,B
2021-07-27T10:41:06,800.0,39.45,B
2021-07-27T10:40:29,100.0,39.45,B
2021-07-27T10:39:58,1000.0,39.45,B
2021-07-27T10:39:56,1600.0,39.45,S
2021-07-27T10:39:55,1500.0,39.45,S
2021-07-27T10:39:50,400.0,39.45,S
2021-07-27T10:39:40,300.0,39.45,S
2021-07-27T10:39:38,500.0,39.45,S
2021-07-27T10:39:30,400.0,39.45,S
2021-07-27T10:39:29,400.0,39.45,S
2021-07-27T10:39:19,500.0,39.45,S
2021-07-27T10:39:07,400.0,39.45,S
2021-07-27T10:39:02,100.0,39.45,S
2021-07-27T10:38:53,900.0,39.5,B
2021-07-27T10:38:53,5200.0,39.5,B
2021-07-27T10:38:53,1900.0,39.5,B
2021-07-27T10:38:46,400.0,39.45,S
2021-07-27T10:38:37,2800.0,39.45,B
2021-07-27T10:38:29,300.0,39.45,B
2021-07-27T10:38:08,1000.0,39.45,B
2021-07-27T10:37:41,100.0,39.45,S
2021-07-27T10:37:41,200.0,39.45,S
2021-07-27T10:37:38,700.0,39.45,S
2021-07-27T10:37:31,500.0,39.45,S
2021-07-27T10:37:22,400.0,39.45,S
2021-07-27T10:37:18,4600.0,39.45,S
2021-07-27T10:37:13,200.0,39.5,B
2021-07-27T10:36:48,10000.0,39.5,B
2021-07-27T10:36:25,200.0,39.5,B
2021-07-27T10:36:14,10000.0,39.5,B
2021-07-27T10:36:09,1400.0,39.45,S
2021-07-27T10:35:47,6300.0,39.5,B
2021-07-27T10:35:47,900.0,39.5,B
2021-07-27T10:35:47,200.0,39.5,B
2021-07-27T10:35:47,1000.0,39.5,B
2021-07-27T10:35:47,1600.0,39.5,B
2021-07-27T10:35:47,100.0,39.45,B
2021-07-27T10:35:45,1000.0,39.45,B
2021-07-27T10:35:40,100.0,39.45,B
2021-07-27T10:35:15,200.0,39.45,B
2021-07-27T10:35:11,200.0,39.45,S
2021-07-27T10:35:05,300.0,39.45,B
2021-07-27T10:35:00,200.0,39.45,S
2021-07-27T10:34:59,500.0,39.45,S
2021-07-27T10:34:51,400.0,39.45,S
2021-07-27T10:34:40,500.0,39.45,S
2021-07-27T10:34:35,500.0,39.45,S
2021-07-27T10:34:32,2300.0,39.45,S
2021-07-27T10:34:28,400.0,39.5,B
2021-07-27T10:34:28,400.0,39.45,S
2021-07-27T10:34:21,200.0,39.45,S
2021-07-27T10:34:18,500.0,39.45,S
2021-07-27T10:34:18,1100.0,39.5,B
2021-07-27T10:34:10,400.0,39.45,S
2021-07-27T10:34:06,400.0,39.45,S
2021-07-27T10:33:57,500.0,39.45,S
2021-07-27T10:33:55,500.0,39.45,S
2021-07-27T10:33:46,400.0,39.45,S
2021-07-27T10:33:36,500.0,39.45,S
2021-07-27T10:33:24,400.0,39.45,S
2021-07-27T10:33:20,3800.0,39.45,S
2021-07-27T10:33:13,500.0,39.45,S
2021-07-27T10:33:10,500.0,39.45,B
2021-07-27T10:33:08,4000.0,39.4,S
2021-07-27T10:33:04,400.0,39.45,S
2021-07-27T10:33:02,300.0,39.45,S
2021-07-27T10:32:52,500.0,39.45,S
2021-07-27T10:32:49,800.0,39.45,B
2021-07-27T10:32:44,200.0,39.45,B
2021-07-27T10:32:40,400.0,39.4,S
2021-07-27T10:32:34,200.0,39.4,S
2021-07-27T10:32:27,200.0,39.45,B
2021-07-27T10:32:12,100.0,39.45,B
2021-07-27T10:32:10,100.0,39.45,S
2021-07-27T10:32:10,300.0,39.45,S
2021-07-27T10:31:58,400.0,39.45,S
2021-07-27T10:31:48,500.0,39.45,S
2021-07-27T10:31:44,1100.0,39.45,S
2021-07-27T10:31:43,400.0,39.45,B
2021-07-27T10:31:43,3300.0,39.45,B
2021-07-27T10:31:38,400.0,39.45,B
2021-07-27T10:31:38,4600.0,39.45,B
2021-07-27T10:31:33,1000.0,39.45,B
2021-07-27T10:31:18,1100.0,39.45,B
2021-07-27T10:31:13,100.0,39.45,B
2021-07-27T10:31:12,1000.0,39.45,B
2021-07-27T10:31:07,100.0,39.45,B
2021-07-27T10:31:06,500.0,39.45,S
2021-07-27T10:31:06,300.0,39.45,S
2021-07-27T10:31:06,500.0,39.45,S
2021-07-27T10:31:06,9600.0,39.45,S
2021-07-27T10:30:45,100.0,39.5,B
2021-07-27T10:30:22,1000.0,39.5,B
2021-07-27T10:30:09,400.0,39.5,B
2021-07-27T10:30:00,400.0,39.5,S
2021-07-27T10:30:00,300.0,39.55,B
2021-07-27T10:29:58,800.0,39.5,B
2021-07-27T10:29:51,300.0,39.5,B
2021-07-27T10:29:50,500.0,39.45,S
2021-07-27T10:29:39,400.0,39.45,S
2021-07-27T10:29:31,300.0,39.45,S
2021-07-27T10:29:27,400.0,39.45,S
2021-07-27T10:29:27,100.0,39.5,S
2021-07-27T10:29:18,400.0,39.45,S
2021-07-27T10:29:09,1000.0,39.45,S
2021-07-27T10:29:08,300.0,39.55,B
2021-07-27T10:29:08,1400.0,39.55,B
2021-07-27T10:29:08,500.0,39.55,B
2021-07-27T10:29:08,1900.0,39.55,B
2021-07-27T10:29:07,3900.0,39.55,B
2021-07-27T10:29:07,100.0,39.5,S
2021-07-27T10:29:07,100.0,39.5,S
2021-07-27T10:28:56,400.0,39.5,S
2021-07-27T10:28:53,5000.0,39.5,S
2021-07-27T10:28:50,1000.0,39.5,S
2021-07-27T10:28:46,500.0,39.5,S
2021-07-27T10:28:43,300.0,39.5,S
2021-07-27T10:28:34,400.0,39.5,S
2021-07-27T10:28:25,1200.0,39.5,S
2021-07-27T10:28:24,1000.0,39.5,S
2021-07-27T10:28:15,3000.0,39.5,S
2021-07-27T10:28:14,400.0,39.5,S
2021-07-27T10:28:02,500.0,39.5,S
2021-07-27T10:27:57,1400.0,39.5,S
2021-07-27T10:27:57,600.0,39.5,S
2021-07-27T10:27:52,400.0,39.5,S
2021-07-27T10:27:49,6000.0,39.5,S
2021-07-27T10:27:41,500.0,39.5,S
2021-07-27T10:27:39,300.0,39.5,S
2021-07-27T10:27:33,300.0,39.5,S
2021-07-27T10:27:31,700.0,39.5,S
2021-07-27T10:27:30,400.0,39.5,S
2021-07-27T10:27:19,500.0,39.5,S
2021-07-27T10:27:09,400.0,39.5,S
2021-07-27T10:27:08,4000.0,39.5,S
2021-07-27T10:26:40,2000.0,39.55,B
2021-07-27T10:26:20,14900.0,39.55,S
2021-07-27T10:26:18,700.0,39.55,S
2021-07-27T10:26:16,200.0,39.55,S
2021-07-27T10:26:15,500.0,39.55,S
2021-07-27T10:26:12,3600.0,39.55,S
2021-07-27T10:26:04,400.0,39.55,S
2021-07-27T10:25:55,500.0,39.55,S
2021-07-27T10:25:47,1500.0,39.55,S
2021-07-27T10:25:44,400.0,39.55,S
2021-07-27T10:25:42,300.0,39.55,S
2021-07-27T10:25:41,200.0,39.6,B
2021-07-27T10:25:36,300.0,39.55,S
2021-07-27T10:25:31,500.0,39.55,S
2021-07-27T10:25:28,500.0,39.55,S
2021-07-27T10:25:28,700.0,39.55,S
2021-07-27T10:25:28,3800.0,39.55,S
2021-07-27T10:25:21,400.0,39.55,S
2021-07-27T10:25:20,2000.0,39.55,S
2021-07-27T10:25:15,1400.0,39.6,B
2021-07-27T10:25:15,400.0,39.6,B
2021-07-27T10:25:15,200.0,39.6,B
2021-07-27T10:25:12,500.0,39.55,S
2021-07-27T10:25:00,500.0,39.55,S
2021-07-27T10:24:50,500.0,39.55,S
2021-07-27T10:24:40,400.0,39.55,S
2021-07-27T10:24:35,1000.0,39.55,S
2021-07-27T10:24:30,200.0,39.6,B
2021-07-27T10:24:11,300.0,39.6,B
2021-07-27T10:24:08,500.0,39.6,B
2021-07-27T10:24:06,500.0,39.55,S
2021-07-27T10:24:04,100.0,39.55,S
2021-07-27T10:23:58,100.0,39.6,B
2021-07-27T10:23:45,1000.0,39.6,B
2021-07-27T10:23:45,500.0,39.55,S
2021-07-27T10:23:34,400.0,39.55,S
2021-07-27T10:23:24,500.0,39.55,S
2021-07-27T10:23:15,500.0,39.55,S
2021-07-27T10:22:40,200.0,39.6,B
2021-07-27T10:22:35,400.0,39.55,S
2021-07-27T10:22:32,3000.0,39.6,B
2021-07-27T10:22:30,400.0,39.55,S
2021-07-27T10:22:19,500.0,39.55,S
2021-07-27T10:22:08,400.0,39.55,S
2021-07-27T10:22:01,100.0,39.55,S
2021-07-27T10:22:00,10000.0,39.6,B
2021-07-27T10:21:53,200.0,39.6,B
2021-07-27T10:21:47,400.0,39.55,S
2021-07-27T10:21:40,1600.0,39.55,S
2021-07-27T10:21:36,500.0,39.55,S
2021-07-27T10:21:27,3000.0,39.55,S
2021-07-27T10:21:07,10000.0,39.6,B
2021-07-27T10:21:05,100.0,39.55,S
2021-07-27T10:20:50,3000.0,39.6,B
2021-07-27T10:20:43,400.0,39.55,S
2021-07-27T10:20:33,1000.0,39.55,S
2021-07-27T10:20:32,500.0,39.55,S
2021-07-27T10:20:26,2000.0,39.55,S
2021-07-27T10:20:21,400.0,39.55,S
2021-07-27T10:20:18,5000.0,39.55,S
2021-07-27T10:20:10,500.0,39.55,S
2021-07-27T10:20:05,100.0,39.55,S
2021-07-27T10:20:04,100.0,39.55,S
2021-07-27T10:20:02,100.0,39.55,S
2021-07-27T10:19:51,500.0,39.6,B
2021-07-27T10:19:49,500.0,39.6,B
2021-07-27T10:19:44,200.0,39.55,S
2021-07-27T10:19:42,4000.0,39.6,B
2021-07-27T10:19:42,600.0,39.6,B
2021-07-27T10:19:42,5400.0,39.6,B
2021-07-27T10:19:39,400.0,39.55,S
2021-07-27T10:19:28,500.0,39.55,S
2021-07-27T10:19:27,3000.0,39.55,S
2021-07-27T10:19:07,200.0,39.6,B
2021-07-27T10:19:00,200.0,39.6,B
2021-07-27T10:18:54,400.0,39.55,S
2021-07-27T10:18:51,1400.0,39.55,S
2021-07-27T10:18:45,500.0,39.55,S
2021-07-27T10:18:44,2000.0,39.55,S
2021-07-27T10:18:43,1500.0,39.6,B
2021-07-27T10:18:35,300.0,39.55,B
2021-07-27T10:18:34,1000.0,39.55,B
2021-07-27T10:18:22,1100.0,39.55,B
2021-07-27T10:18:19,500.0,39.55,S
2021-07-27T10:18:19,100.0,39.55,S
2021-07-27T10:18:11,1500.0,39.6,B
2021-07-27T10:18:09,300.0,39.55,S
2021-07-27T10:18:07,100.0,39.55,S
2021-07-27T10:18:07,3000.0,39.55,S
2021-07-27T10:18:07,2000.0,39.55,S
2021-07-27T10:18:03,1000.0,39.55,S
2021-07-27T10:18:01,500.0,39.55,S
2021-07-27T10:17:54,200.0,39.55,S
2021-07-27T10:17:51,400.0,39.55,S
2021-07-27T10:17:49,3000.0,39.55,S
2021-07-27T10:17:48,500.0,39.55,S
2021-07-27T10:17:48,1000.0,39.55,S
2021-07-27T10:17:40,500.0,39.55,S
2021-07-27T10:17:30,400.0,39.55,S
2021-07-27T10:17:19,500.0,39.55,S
2021-07-27T10:17:08,400.0,39.55,S
2021-07-27T10:17:06,100.0,39.55,S
2021-07-27T10:17:05,1000.0,39.6,B
2021-07-27T10:17:03,900.0,39.6,B
2021-07-27T10:16:31,500.0,39.6,B
2021-07-27T10:16:21,500.0,39.6,B
2021-07-27T10:16:09,500.0,39.6,B
2021-07-27T10:15:52,500.0,39.6,B
2021-07-27T10:15:52,500.0,39.6,B
2021-07-27T10:15:52,1000.0,39.6,B
2021-07-27T10:15:52,400.0,39.6,B
2021-07-27T10:15:36,300.0,39.6,B
2021-07-27T10:15:15,400.0,39.6,B
2021-07-27T10:15:07,100.0,39.6,B
2021-07-27T10:15:04,100.0,39.6,B
2021-07-27T10:14:56,1000.0,39.6,S
2021-07-27T10:14:54,2500.0,39.5,S
2021-07-27T10:14:52,500.0,39.6,B
2021-07-27T10:14:50,1000.0,39.6,B
2021-07-27T10:14:49,100.0,39.6,B
2021-07-27T10:14:32,300.0,39.6,B
2021-07-27T10:14:31,100.0,39.65,B
2021-07-27T10:14:29,500.0,39.6,S
2021-07-27T10:14:17,400.0,39.6,S
2021-07-27T10:14:10,1900.0,39.6,B
2021-07-27T10:14:10,200.0,39.6,B
2021-07-27T10:14:10,11000.0,39.6,B
2021-07-27T10:14:09,1800.0,39.6,B
2021-07-27T10:14:07,500.0,39.6,B
2021-07-27T10:14:03,100.0,39.6,B
2021-07-27T10:14:03,1000.0,39.6,B
2021-07-27T10:14:03,800.0,39.6,B
2021-07-27T10:13:52,1100.0,39.6,B
2021-07-27T10:13:41,1100.0,39.6,B
2021-07-27T10:13:31,1100.0,39.6,B
2021-07-27T10:13:23,500.0,39.5,S
2021-07-27T10:13:20,1000.0,39.5,S
2021-07-27T10:13:19,1100.0,39.6,B
2021-07-27T10:13:17,3000.0,39.5,S
2021-07-27T10:13:13,400.0,39.5,B
2021-07-27T10:13:09,500.0,39.5,B
2021-07-27T10:13:09,700.0,39.5,B
2021-07-27T10:13:08,600.0,39.5,B
2021-07-27T10:13:08,500.0,39.5,B
2021-07-27T10:12:58,1100.0,39.5,B
2021-07-27T10:12:56,500.0,39.5,B
2021-07-27T10:12:47,1100.0,39.5,B
2021-07-27T10:12:19,100.0,39.5,B
2021-07-27T10:11:56,500.0,39.5,B
2021-07-27T10:11:54,100.0,39.5,B
2021-07-27T10:11:54,100.0,39.5,B
2021-07-27T10:11:53,300.0,39.5,B
2021-07-27T10:11:53,700.0,39.5,B
2021-07-27T10:11:30,1100.0,39.5,B
2021-07-27T10:11:25,500.0,39.45,S
2021-07-27T10:11:22,100.0,39.45,S
2021-07-27T10:11:22,200.0,39.45,B
2021-07-27T10:11:18,200.0,39.45,B
2021-07-27T10:11:15,3500.0,39.5,B
2021-07-27T10:11:15,200.0,39.5,B
2021-07-27T10:11:15,100.0,39.5,B
2021-07-27T10:11:15,2500.0,39.5,B
2021-07-27T10:11:15,13500.0,39.5,B
2021-07-27T10:11:15,1300.0,39.5,B
2021-07-27T10:11:15,400.0,39.5,B
2021-07-27T10:11:10,2000.0,39.45,B
2021-07-27T10:11:10,500.0,39.45,B
2021-07-27T10:11:10,6500.0,39.45,B
2021-07-27T10:11:04,400.0,39.4,S
2021-07-27T10:11:01,1000.0,39.4,S
2021-07-27T10:10:53,200.0,39.4,S
2021-07-27T10:10:53,100.0,39.4,S
2021-07-27T10:10:47,300.0,39.4,S
2021-07-27T10:10:42,400.0,39.4,S
2021-07-27T10:10:31,400.0,39.4,S
2021-07-27T10:10:28,100.0,39.4,B
2021-07-27T10:10:28,700.0,39.4,B
2021-07-27T10:10:23,800.0,39.4,B
2021-07-27T10:10:23,200.0,39.4,B
2021-07-27T10:10:15,100.0,39.4,B
2021-07-27T10:10:14,900.0,39.4,B
2021-07-27T10:10:14,4100.0,39.4,B
2021-07-27T10:10:08,100.0,39.4,B
2021-07-27T10:10:03,200.0,39.4,B
2021-07-27T10:09:32,5000.0,39.4,B
2021-07-27T10:09:28,400.0,39.35,S
2021-07-27T10:09:25,5000.0,39.35,S
2021-07-27T10:09:22,2000.0,39.4,B
2021-07-27T10:09:19,500.0,39.35,S
2021-07-27T10:09:16,400.0,39.35,S
2021-07-27T10:09:12,400.0,39.35,S
2021-07-27T10:09:06,400.0,39.35,S
2021-07-27T10:09:03,1000.0,39.35,S
2021-07-27T10:09:01,1000.0,39.35,S
2021-07-27T10:09:00,2000.0,39.35,S
2021-07-27T10:08:58,2600.0,39.35,S
2021-07-27T10:08:55,400.0,39.35,S
2021-07-27T10:08:49,500.0,39.35,S
2021-07-27T10:08:45,400.0,39.35,S
2021-07-27T10:08:33,500.0,39.35,S
2021-07-27T10:08:28,1000.0,39.35,S
2021-07-27T10:08:23,400.0,39.35,S
2021-07-27T10:08:20,1000.0,39.35,S
2021-07-27T10:08:20,1000.0,39.35,S
2021-07-27T10:08:19,600.0,39.35,S
2021-07-27T10:08:19,500.0,39.4,B
2021-07-27T10:08:19,2500.0,39.4,B
2021-07-27T10:08:12,400.0,39.35,S
2021-07-27T10:08:05,900.0,39.35,S
2021-07-27T10:08:02,1500.0,39.35,S
2021-07-27T10:08:01,400.0,39.35,S
2021-07-27T10:07:53,2000.0,39.35,S
2021-07-27T10:07:50,400.0,39.35,S
2021-07-27T10:07:50,500.0,39.35,S
2021-07-27T10:07:40,400.0,39.35,S
2021-07-27T10:07:37,1500.0,39.35,S
2021-07-27T10:07:34,1000.0,39.4,S
2021-07-27T10:07:34,2000.0,39.4,S
2021-07-27T10:07:28,1000.0,39.45,B
2021-07-27T10:07:28,200.0,39.4,S
2021-07-27T10:07:27,1300.0,39.4,S
2021-07-27T10:07:27,100.0,39.4,S
2021-07-27T10:07:27,1100.0,39.4,S
2021-07-27T10:07:27,900.0,39.4,S
2021-07-27T10:07:25,600.0,39.4,S
2021-07-27T10:07:25,300.0,39.4,S
2021-07-27T10:07:25,1100.0,39.4,S
2021-07-27T10:07:22,500.0,39.4,S
2021-07-27T10:07:22,10100.0,39.4,S
2021-07-27T10:07:22,9400.0,39.4,S
2021-07-27T10:07:18,400.0,39.4,S
2021-07-27T10:07:14,600.0,39.4,S
2021-07-27T10:07:09,8000.0,39.45,B
2021-07-27T10:07:01,100.0,39.45,B
2021-07-27T10:06:51,500.0,39.45,B
2021-07-27T10:06:48,3200.0,39.45,B
2021-07-27T10:06:38,500.0,39.45,B
2021-07-27T10:06:37,5000.0,39.45,B
2021-07-27T10:06:31,100.0,39.45,B
2021-07-27T10:06:30,400.0,39.45,B
2021-07-27T10:06:26,500.0,39.45,S
2021-07-27T10:06:24,500.0,39.45,B
2021-07-27T10:06:21,100.0,39.45,B
2021-07-27T10:06:21,400.0,39.45,B
2021-07-27T10:06:21,500.0,39.45,B
2021-07-27T10:06:12,100.0,39.45,B
2021-07-27T10:06:09,100.0,39.45,B
2021-07-27T10:06:01,15000.0,39.45,B
2021-07-27T10:05:52,300.0,39.45,B
2021-07-27T10:05:52,700.0,39.45,B
2021-07-27T10:05:49,200.0,39.45,B
2021-07-27T10:05:49,100.0,39.45,B
2021-07-27T10:05:48,2000.0,39.45,B
2021-07-27T10:05:46,200.0,39.45,B
2021-07-27T10:05:45,5000.0,39.45,B
2021-07-27T10:05:40,200.0,39.45,B
2021-07-27T10:05:39,300.0,39.45,B
2021-07-27T10:05:29,1300.0,39.45,S
2021-07-27T10:05:28,600.0,39.45,S
2021-07-27T10:05:26,1100.0,39.5,B
2021-07-27T10:05:22,10000.0,39.45,S
2021-07-27T10:05:21,500.0,39.45,S
2021-07-27T10:05:20,400.0,39.45,S
2021-07-27T10:05:20,2000.0,39.45,S
2021-07-27T10:05:14,5000.0,39.45,S
2021-07-27T10:05:14,2000.0,39.45,S
2021-07-27T10:05:10,500.0,39.45,S
2021-07-27T10:05:07,400.0,39.45,S
2021-07-27T10:05:01,1700.0,39.45,S
2021-07-27T10:05:00,500.0,39.45,S
2021-07-27T10:05:00,400.0,39.45,S
2021-07-27T10:04:59,2000.0,39.45,S
2021-07-27T10:04:57,5000.0,39.45,S
2021-07-27T10:04:49,400.0,39.45,S
2021-07-27T10:04:49,500.0,39.45,S
2021-07-27T10:04:41,1000.0,39.45,S
2021-07-27T10:04:41,900.0,39.5,B
2021-07-27T10:04:39,500.0,39.45,S
2021-07-27T10:04:35,200.0,39.5,B
2021-07-27T10:04:19,300.0,39.5,B
2021-07-27T10:04:04,100.0,39.5,B
2021-07-27T10:03:54,100.0,39.5,B
2021-07-27T10:03:47,100.0,39.5,B
2021-07-27T10:03:47,200.0,39.5,S
2021-07-27T10:03:44,400.0,39.45,S
2021-07-27T10:03:43,4400.0,39.45,S
2021-07-27T10:03:38,1000.0,39.5,S
2021-07-27T10:03:35,400.0,39.5,B
2021-07-27T10:03:35,3100.0,39.5,B
2021-07-27T10:03:34,200.0,39.5,B
2021-07-27T10:03:26,500.0,39.5,B
2021-07-27T10:03:24,1000.0,39.5,S
2021-07-27T10:03:23,400.0,39.5,S
2021-07-27T10:03:23,100.0,39.5,S
2021-07-27T10:03:23,500.0,39.5,S
2021-07-27T10:03:22,400.0,39.5,S
2021-07-27T10:03:19,3900.0,39.5,S
2021-07-27T10:03:15,1500.0,39.5,S
2021-07-27T10:03:12,10000.0,39.5,S
2021-07-27T10:03:12,400.0,39.5,S
2021-07-27T10:03:05,2000.0,39.5,S
2021-07-27T10:03:05,800.0,39.5,S
2021-07-27T10:03:05,200.0,39.5,S
2021-07-27T10:03:02,500.0,39.5,S
2021-07-27T10:02:56,200.0,39.5,S
2021-07-27T10:02:56,1600.0,39.5,S
2021-07-27T10:02:56,200.0,39.5,S
2021-07-27T10:02:56,3000.0,39.5,S
2021-07-27T10:02:50,500.0,39.5,S
2021-07-27T10:02:40,400.0,39.5,S
2021-07-27T10:02:40,5000.0,39.55,B
2021-07-27T10:02:35,200.0,39.5,S
2021-07-27T10:02:27,1000.0,39.55,S
2021-07-27T10:02:19,10000.0,39.55,S
2021-07-27T10:02:18,400.0,39.55,S
2021-07-27T10:02:11,400.0,39.55,S
2021-07-27T10:02:11,2000.0,39.6,B
2021-07-27T10:01:55,200.0,39.6,B
2021-07-27T10:01:50,2400.0,39.55,S
2021-07-27T10:01:46,400.0,39.55,S
2021-07-27T10:01:39,100.0,39.55,S
2021-07-27T10:01:28,500.0,39.6,B
2021-07-27T10:01:27,400.0,39.6,B
2021-07-27T10:01:24,500.0,39.55,S
2021-07-27T10:01:24,2000.0,39.55,S
2021-07-27T10:01:22,5900.0,39.55,B
2021-07-27T10:01:16,300.0,39.5,S
2021-07-27T10:01:14,100.0,39.55,S
2021-07-27T10:01:08,1000.0,39.55,S
2021-07-27T10:00:46,400.0,39.6,S
2021-07-27T10:00:46,1200.0,39.6,S
2021-07-27T10:00:44,300.0,39.6,B
2021-07-27T10:00:42,200.0,39.6,S
2021-07-27T10:00:40,300.0,39.6,S
2021-07-27T10:00:34,200.0,39.6,B
2021-07-27T10:00:31,300.0,39.6,S
2021-07-27T10:00:28,700.0,39.6,B
2021-07-27T10:00:17,100.0,39.6,S
2021-07-27T10:00:11,800.0,39.65,B
2021-07-27T10:00:11,300.0,39.6,S
2021-07-27T10:00:09,500.0,39.6,S
2021-07-27T10:00:06,100.0,39.6,B
2021-07-27T10:00:01,21800.0,39.5,S
2021-07-27T10:00:01,2300.0,39.5,S
2021-07-27T10:00:01,200.0,39.5,S
2021-07-27T10:00:01,1500.0,39.5,S
2021-07-27T10:00:01,7000.0,39.5,S
2021-07-27T10:00:01,4200.0,39.6,S
2021-07-27T09:59:59,500.0,39.6,S
2021-07-27T09:59:58,500.0,39.6,S
2021-07-27T09:59:55,400.0,39.6,S
2021-07-27T09:59:55,100.0,39.6,S
2021-07-27T09:59:54,3500.0,39.65,B
2021-07-27T09:59:49,600.0,39.6,S
2021-07-27T09:59:49,500.0,39.6,S
2021-07-27T09:59:37,500.0,39.6,S
2021-07-27T09:59:27,500.0,39.6,S
2021-07-27T09:59:26,1000.0,39.6,B
2021-07-27T09:59:26,1800.0,39.6,B
2021-07-27T09:59:26,100.0,39.6,B
2021-07-27T09:59:26,1600.0,39.6,B
2021-07-27T09:59:15,300.0,39.6,B
2021-07-27T09:59:14,1000.0,39.55,S
2021-07-27T09:58:38,400.0,39.6,S
2021-07-27T09:58:38,2200.0,39.6,S
2021-07-27T09:58:38,200.0,39.6,S
2021-07-27T09:58:38,26300.0,39.6,S
2021-07-27T09:58:28,800.0,39.65,B
2021-07-27T09:58:28,7200.0,39.65,B
2021-07-27T09:58:24,400.0,39.6,S
2021-07-27T09:58:24,600.0,39.6,S
2021-07-27T09:58:22,600.0,39.65,B
2021-07-27T09:58:11,200.0,39.65,B
2021-07-27T09:58:07,500.0,39.65,B
2021-07-27T09:58:01,8500.0,39.65,S
2021-07-27T09:57:59,900.0,39.65,S
2021-07-27T09:57:59,4000.0,39.65,S
2021-07-27T09:57:50,500.0,39.65,S
2021-07-27T09:57:33,2000.0,39.65,S
2021-07-27T09:57:25,1000.0,39.65,S
2021-07-27T09:57:21,2000.0,39.7,B
2021-07-27T09:57:21,200.0,39.65,S
2021-07-27T09:57:14,16000.0,39.65,S
2021-07-27T09:57:11,1000.0,39.65,S
2021-07-27T09:57:00,4300.0,39.65,B
2021-07-27T09:56:51,300.0,39.6,S
2021-07-27T09:56:46,1000.0,39.65,B
2021-07-27T09:56:34,300.0,39.6,S
2021-07-27T09:56:20,1800.0,39.65,B
2021-07-27T09:56:20,1700.0,39.65,S
2021-07-27T09:56:20,2000.0,39.65,S
2021-07-27T09:56:19,5000.0,39.65,S
2021-07-27T09:56:09,1800.0,39.65,S
2021-07-27T09:55:51,10000.0,39.65,S
2021-07-27T09:55:47,10000.0,39.65,S
2021-07-27T09:55:47,1400.0,39.65,S
2021-07-27T09:55:45,1000.0,39.65,S
2021-07-27T09:55:42,1000.0,39.65,S
2021-07-27T09:55:41,500.0,39.65,S
2021-07-27T09:55:39,1000.0,39.65,S
2021-07-27T09:55:27,2000.0,39.65,S
2021-07-27T09:55:14,200.0,39.65,S
2021-07-27T09:55:04,100.0,39.65,S
2021-07-27T09:55:04,100.0,39.65,S
2021-07-27T09:55:02,100.0,39.65,S
2021-07-27T09:54:19,300.0,39.7,S
2021-07-27T09:54:19,1200.0,39.7,S
2021-07-27T09:54:19,300.0,39.7,S
2021-07-27T09:54:19,8000.0,39.7,S
2021-07-27T09:54:00,1300.0,39.75,B
2021-07-27T09:54:00,1300.0,39.75,S
2021-07-27T09:53:40,100.0,39.8,B
2021-07-27T09:53:34,500.0,39.8,B
2021-07-27T09:53:14,700.0,39.8,B
2021-07-27T09:53:13,300.0,39.8,B
2021-07-27T09:53:08,2300.0,39.8,S
2021-07-27T09:53:02,200.0,39.8,S
2021-07-27T09:52:59,500.0,39.8,S
2021-07-27T09:52:56,1000.0,39.8,B
2021-07-27T09:52:56,2100.0,39.8,B
2021-07-27T09:52:54,1000.0,39.8,B
2021-07-27T09:52:38,3000.0,39.8,B
2021-07-27T09:52:32,100.0,39.8,S
2021-07-27T09:52:27,1000.0,39.8,S
2021-07-27T09:52:21,500.0,39.8,S
2021-07-27T09:52:15,500.0,39.8,B
2021-07-27T09:52:14,500.0,39.8,S
2021-07-27T09:52:13,1500.0,39.8,B
2021-07-27T09:51:54,300.0,39.8,B
2021-07-27T09:51:50,1000.0,39.8,B
2021-07-27T09:51:49,3200.0,39.8,S
2021-07-27T09:51:41,1500.0,39.8,S
2021-07-27T09:51:41,300.0,39.8,S
2021-07-27T09:51:39,200.0,39.85,B
2021-07-27T09:51:37,100.0,39.8,S
2021-07-27T09:51:37,100.0,39.8,S
2021-07-27T09:51:34,1000.0,39.8,S
2021-07-27T09:51:33,500.0,39.8,S
2021-07-27T09:51:33,1800.0,39.8,S
2021-07-27T09:51:32,1000.0,39.8,S
2021-07-27T09:51:24,2300.0,39.8,S
2021-07-27T09:51:19,1000.0,39.8,S
2021-07-27T09:50:51,100.0,39.8,S
2021-07-27T09:50:44,1000.0,39.8,S
2021-07-27T09:50:35,1000.0,39.8,S
2021-07-27T09:50:32,2000.0,39.8,S
2021-07-27T09:50:29,500.0,39.8,S
2021-07-27T09:50:13,1000.0,39.8,B
2021-07-27T09:50:13,500.0,39.8,B
2021-07-27T09:50:13,6200.0,39.8,B
2021-07-27T09:50:04,100.0,39.75,S
2021-07-27T09:49:59,100.0,39.8,B
2021-07-27T09:49:59,200.0,39.8,B
2021-07-27T09:49:34,1000.0,39.8,B
2021-07-27T09:49:31,100.0,39.8,B
2021-07-27T09:49:28,900.0,39.8,B
2021-07-27T09:49:23,200.0,39.8,B
2021-07-27T09:49:03,100.0,39.8,B
2021-07-27T09:48:32,200.0,39.85,B
2021-07-27T09:48:32,600.0,39.85,B
2021-07-27T09:48:20,5000.0,39.8,S
2021-07-27T09:48:18,5000.0,39.8,B
2021-07-27T09:48:03,200.0,39.8,S
2021-07-27T09:48:02,1000.0,39.85,B
2021-07-27T09:47:49,22000.0,39.75,S
2021-07-27T09:47:40,3000.0,39.8,B
2021-07-27T09:47:40,1300.0,39.8,B
2021-07-27T09:47:40,1200.0,39.8,B
2021-07-27T09:47:39,3000.0,39.75,S
2021-07-27T09:47:34,2000.0,39.8,B
2021-07-27T09:47:30,1500.0,39.8,B
2021-07-27T09:47:23,100.0,39.75,S
2021-07-27T09:47:15,3000.0,39.8,B
2021-07-27T09:47:15,500.0,39.8,B
2021-07-27T09:47:09,1300.0,39.8,B
2021-07-27T09:47:07,100.0,39.8,B
2021-07-27T09:46:54,300.0,39.75,S
2021-07-27T09:46:42,200.0,39.75,S
2021-07-27T09:46:27,400.0,39.75,S
2021-07-27T09:45:54,700.0,39.8,B
2021-07-27T09:45:54,500.0,39.8,B
2021-07-27T09:45:54,3100.0,39.8,B
2021-07-27T09:45:54,5200.0,39.8,B
2021-07-27T09:45:54,100.0,39.8,B
2021-07-27T09:45:54,1900.0,39.8,B
2021-07-27T09:45:54,3600.0,39.8,B
2021-07-27T09:45:54,9100.0,39.8,B
2021-07-27T09:45:54,600.0,39.8,B
2021-07-27T09:45:54,5200.0,39.8,B
2021-07-27T09:45:52,500.0,39.75,B
2021-07-27T09:45:50,500.0,39.75,S
2021-07-27T09:45:45,500.0,39.75,S
2021-07-27T09:45:42,100.0,39.75,S
2021-07-27T09:45:32,5000.0,39.75,S
2021-07-27T09:45:24,1000.0,39.75,S
2021-07-27T09:45:09,900.0,39.75,S
2021-07-27T09:45:02,500.0,39.75,S
2021-07-27T09:44:58,500.0,39.8,B
2021-07-27T09:44:46,900.0,39.75,B
2021-07-27T09:44:43,100.0,39.75,B
2021-07-27T09:44:09,200.0,39.75,B
2021-07-27T09:43:58,500.0,39.7,S
2021-07-27T09:43:57,2000.0,39.7,S
2021-07-27T09:43:50,10000.0,39.8,B
2021-07-27T09:43:44,10000.0,39.7,B
2021-07-27T09:43:44,200.0,39.7,B
2021-07-27T09:43:44,900.0,39.7,B
2021-07-27T09:43:44,35000.0,39.7,B
2021-07-27T09:43:43,13900.0,39.7,B
2021-07-27T09:43:24,300.0,39.65,S
2021-07-27T09:43:17,500.0,39.65,S
2021-07-27T09:43:15,9300.0,39.65,S
2021-07-27T09:43:07,12700.0,39.65,B
2021-07-27T09:42:54,200.0,39.6,B
2021-07-27T09:42:54,1500.0,39.6,B
2021-07-27T09:42:54,12100.0,39.6,B
2021-07-27T09:42:54,3300.0,39.6,B
2021-07-27T09:42:54,2500.0,39.6,B
2021-07-27T09:42:54,5200.0,39.6,B
2021-07-27T09:42:50,9600.0,39.55,S
2021-07-27T09:42:44,100.0,39.55,S
2021-07-27T09:42:30,100.0,39.55,S
2021-07-27T09:42:30,3200.0,39.55,S
2021-07-27T09:42:27,300.0,39.55,S
2021-07-27T09:42:17,200.0,39.55,S
2021-07-27T09:42:14,5000.0,39.6,B
2021-07-27T09:42:06,2000.0,39.55,S
2021-07-27T09:42:03,12100.0,39.55,B
2021-07-27T09:41:49,1100.0,39.55,B
2021-07-27T09:41:40,1100.0,39.55,B
2021-07-27T09:41:30,1100.0,39.55,B
2021-07-27T09:41:29,1000.0,39.55,B
2021-07-27T09:41:23,1000.0,39.55,B
2021-07-27T09:41:20,1100.0,39.55,B
2021-07-27T09:41:09,1100.0,39.55,B
2021-07-27T09:40:58,300.0,39.55,B
2021-07-27T09:40:58,800.0,39.55,B
2021-07-27T09:40:44,1100.0,39.55,B
2021-07-27T09:40:36,1100.0,39.55,B
2021-07-27T09:40:29,900.0,39.5,S
2021-07-27T09:40:24,1100.0,39.55,B
2021-07-27T09:40:19,700.0,39.55,B
2021-07-27T09:40:16,1100.0,39.55,B
2021-07-27T09:40:06,1100.0,39.55,B
2021-07-27T09:40:02,100.0,39.5,S
2021-07-27T09:39:59,200.0,39.5,B
2021-07-27T09:39:56,1100.0,39.5,B
2021-07-27T09:39:53,400.0,39.5,B
2021-07-27T09:39:41,1100.0,39.5,B
2021-07-27T09:39:41,300.0,39.5,B
2021-07-27T09:39:40,1100.0,39.4,S
2021-07-27T09:39:40,3200.0,39.4,S
2021-07-27T09:39:40,1000.0,39.4,S
2021-07-27T09:39:40,500.0,39.4,S
2021-07-27T09:39:40,1800.0,39.45,S
2021-07-27T09:39:40,500.0,39.45,S
2021-07-27T09:39:40,9500.0,39.45,S
2021-07-27T09:39:37,3300.0,39.45,S
2021-07-27T09:39:32,1300.0,39.55,B
2021-07-27T09:39:28,300.0,39.5,B
2021-07-27T09:39:19,100.0,39.5,B
2021-07-27T09:39:14,200.0,39.5,S
2021-07-27T09:39:04,100.0,39.5,S
2021-07-27T09:38:54,6000.0,39.45,S
2021-07-27T09:38:53,1400.0,39.5,B
2021-07-27T09:38:51,400.0,39.5,S
2021-07-27T09:38:51,4600.0,39.5,B
2021-07-27T09:38:42,1000.0,39.5,B
2021-07-27T09:38:41,400.0,39.5,B
2021-07-27T09:38:39,3300.0,39.5,B
2021-07-27T09:38:39,1700.0,39.5,B
2021-07-27T09:38:30,600.0,39.5,S
2021-07-27T09:38:30,900.0,39.5,S
2021-07-27T09:38:30,400.0,39.5,S
2021-07-27T09:38:30,500.0,39.5,S
2021-07-27T09:38:30,2700.0,39.5,S
2021-07-27T09:38:28,3900.0,39.5,S
2021-07-27T09:38:27,4000.0,39.5,S
2021-07-27T09:38:27,1000.0,39.5,S
2021-07-27T09:38:25,1000.0,39.5,S
2021-07-27T09:38:22,100.0,39.5,S
2021-07-27T09:38:22,5000.0,39.5,S
2021-07-27T09:38:21,2000.0,39.5,S
2021-07-27T09:38:19,200.0,39.5,S
2021-07-27T09:38:16,200.0,39.5,S
2021-07-27T09:38:12,1000.0,39.5,S
2021-07-27T09:37:51,1000.0,39.5,S
2021-07-27T09:37:50,1100.0,39.55,B
2021-07-27T09:37:48,400.0,39.55,B
2021-07-27T09:37:44,500.0,39.5,S
2021-07-27T09:37:32,300.0,39.5,S
2021-07-27T09:37:26,600.0,39.5,S
2021-07-27T09:37:23,600.0,39.55,B
2021-07-27T09:37:18,500.0,39.5,S
2021-07-27T09:37:14,1000.0,39.5,S
2021-07-27T09:37:04,2400.0,39.5,S
2021-07-27T09:37:03,200.0,39.55,B
2021-07-27T09:36:46,1000.0,39.55,B
2021-07-27T09:36:36,100.0,39.55,B
2021-07-27T09:36:35,7200.0,39.55,S
2021-07-27T09:36:27,2900.0,39.55,B
2021-07-27T09:36:25,100.0,39.55,B
2021-07-27T09:36:21,1000.0,39.5,S
2021-07-27T09:36:14,7500.0,39.55,S
2021-07-27T09:36:11,1000.0,39.55,S
2021-07-27T09:36:07,1000.0,39.55,S
2021-07-27T09:36:06,500.0,39.55,B
2021-07-27T09:35:56,300.0,39.55,S
2021-07-27T09:35:52,200.0,39.55,S
2021-07-27T09:35:44,200.0,39.55,S
2021-07-27T09:35:34,200.0,39.6,B
2021-07-27T09:35:30,100.0,39.6,B
2021-07-27T09:35:26,500.0,39.6,S
2021-07-27T09:35:26,500.0,39.6,S
2021-07-27T09:35:25,200.0,39.6,S
2021-07-27T09:35:18,500.0,39.6,S
2021-07-27T09:35:18,1000.0,39.6,S
2021-07-27T09:35:18,2500.0,39.6,S
2021-07-27T09:35:18,2000.0,39.6,S
2021-07-27T09:35:17,1000.0,39.6,S
2021-07-27T09:35:16,200.0,39.6,S
2021-07-27T09:35:11,500.0,39.65,B
2021-07-27T09:35:10,100.0,39.65,B
2021-07-27T09:35:03,100.0,39.6,S
2021-07-27T09:35:01,100.0,39.6,S
2021-07-27T09:34:53,400.0,39.65,S
2021-07-27T09:34:41,100.0,39.65,S
2021-07-27T09:34:32,500.0,39.65,S
2021-07-27T09:34:27,200.0,39.65,S
2021-07-27T09:34:19,100.0,39.65,S
2021-07-27T09:34:14,1000.0,39.7,B
2021-07-27T09:33:57,100.0,39.7,B
2021-07-27T09:33:55,200.0,39.7,B
2021-07-27T09:33:55,1800.0,39.6,S
2021-07-27T09:33:55,3200.0,39.6,S
2021-07-27T09:33:49,100.0,39.6,S
2021-07-27T09:33:32,500.0,39.7,B
2021-07-27T09:33:28,500.0,39.7,B
2021-07-27T09:33:17,100.0,39.7,B
2021-07-27T09:33:13,2800.0,39.7,S
2021-07-27T09:33:10,100.0,39.7,S
2021-07-27T09:33:07,100.0,39.8,B
2021-07-27T09:33:05,500.0,39.7,S
2021-07-27T09:33:04,2000.0,39.7,B
2021-07-27T09:33:04,2900.0,39.7,B
2021-07-27T09:33:04,700.0,39.7,B
2021-07-27T09:33:03,200.0,39.6,S
2021-07-27T09:32:59,500.0,39.7,B
2021-07-27T09:32:59,3000.0,39.7,B
2021-07-27T09:32:55,500.0,39.7,B
2021-07-27T09:32:32,100.0,39.7,B
2021-07-27T09:32:21,3500.0,39.6,B
2021-07-27T09:32:21,1000.0,39.6,B
2021-07-27T09:32:20,200.0,39.6,B
2021-07-27T09:32:20,500.0,39.6,B
2021-07-27T09:32:19,100.0,39.5,S
2021-07-27T09:31:55,6500.0,39.6,B
2021-07-27T09:31:52,10000.0,39.5,S
2021-07-27T09:31:51,1000.0,39.6,B
2021-07-27T09:31:45,4000.0,39.6,B
2021-07-27T09:31:44,2000.0,39.6,B
2021-07-27T09:31:34,1500.0,39.6,S
2021-07-27T09:31:32,300.0,39.6,S
2021-07-27T09:31:29,500.0,39.6,S
2021-07-27T09:31:27,14300.0,39.6,B
2021-07-27T09:31:27,2100.0,39.6,B
2021-07-27T09:31:27,1300.0,39.6,B
2021-07-27T09:31:25,100.0,39.5,S
2021-07-27T09:31:18,500.0,39.5,S
2021-07-27T09:31:13,21500.0,39.5,B
2021-07-27T09:31:11,10000.0,39.45,S
2021-07-27T09:31:07,6000.0,39.5,B
2021-07-27T09:31:07,1000.0,39.5,B
2021-07-27T09:31:05,2000.0,39.5,B
2021-07-27T09:30:53,500.0,39.5,B
2021-07-27T09:30:39,100.0,39.5,B
2021-07-27T09:30:24,200.0,39.5,S
2021-07-27T09:30:24,900.0,39.5,S
2021-07-27T09:30:21,900.0,39.5,S
2021-07-27T09:30:19,1000.0,39.5,S
2021-07-27T09:30:17,300.0,39.5,S
2021-07-27T09:30:16,200.0,39.5,S
2021-07-27T09:29:59,1000.0,39.5,S
2021-07-27T09:29:52,2300.0,39.5,S
2021-07-27T09:29:52,700.0,39.5,S
2021-07-27T09:29:52,7000.0,39.5,S
2021-07-27T09:29:36,100.0,39.5,S
2021-07-27T09:29:33,2000.0,39.4,S
2021-07-27T09:29:32,5000.0,39.5,S
2021-07-27T09:29:31,4500.0,39.55,B
2021-07-27T09:29:20,2700.0,39.5,S
2021-07-27T09:29:09,400.0,39.5,S
2021-07-27T09:29:04,200.0,39.5,S
2021-07-27T09:29:01,1000.0,39.5,B
2021-07-27T09:29:01,11500.0,39.5,B
2021-07-27T09:28:50,1000.0,39.5,B
2021-07-27T09:28:47,1100.0,39.45,S
2021-07-27T09:28:34,100.0,39.4,B
2021-07-27T09:28:28,100.0,39.4,B
2021-07-27T09:28:23,1300.0,39.45,B
2021-07-27T09:28:23,3400.0,39.45,B
2021-07-27T09:28:23,300.0,39.45,B
2021-07-27T09:28:19,3100.0,39.4,S
2021-07-27T09:28:04,500.0,39.35,S
2021-07-27T09:28:04,1800.0,39.35,S
2021-07-27T09:28:01,100.0,39.45,B
2021-07-27T09:27:53,200.0,39.45,B
2021-07-27T09:27:45,1100.0,39.45,B
2021-07-27T09:27:45,20000.0,39.4,S
2021-07-27T09:27:39,400.0,39.45,B
2021-07-27T09:27:30,200.0,39.45,B
2021-07-27T09:27:20,2800.0,39.4,B
2021-07-27T09:27:19,1000.0,39.4,B
2021-07-27T09:27:15,3000.0,39.4,B
2021-07-27T09:27:14,1000.0,39.4,B
2021-07-27T09:26:51,900.0,39.4,B
2021-07-27T09:26:47,3200.0,39.4,B
2021-07-27T09:26:44,800.0,39.35,S
2021-07-27T09:26:35,2000.0,39.35,B
2021-07-27T09:26:33,200.0,39.35,B
2021-07-27T09:26:24,500.0,39.35,S
2021-07-27T09:26:24,7300.0,39.35,S
2021-07-27T09:26:19,100.0,39.4,B
2021-07-27T09:26:14,100.0,39.4,B
2021-07-27T09:26:06,200.0,39.4,B
2021-07-27T09:25:57,100.0,39.4,B
2021-07-27T09:25:51,9300.0,39.4,S
2021-07-27T09:25:51,100.0,39.4,S
2021-07-27T09:25:51,400.0,39.4,S
2021-07-27T09:25:39,200.0,39.4,S
2021-07-27T09:25:38,2400.0,39.4,B
2021-07-27T09:25:38,400.0,39.4,B
2021-07-27T09:25:37,200.0,39.4,B
2021-07-27T09:25:35,100.0,39.4,B
2021-07-27T09:25:34,600.0,39.4,B
2021-07-27T09:25:33,500.0,39.4,B
2021-07-27T09:25:28,600.0,39.4,B
2021-07-27T09:25:22,600.0,39.4,B
2021-07-27T09:25:18,1500.0,39.3,S
2021-07-27T09:25:14,1300.0,39.3,B
2021-07-27T09:25:13,600.0,39.3,B
2021-07-27T09:25:11,1600.0,39.3,B
2021-07-27T09:25:11,1100.0,39.3,B
2021-07-27T09:25:08,600.0,39.3,B
2021-07-27T09:25:02,1000.0,39.25,S
2021-07-27T09:25:02,5000.0,39.3,B
2021-07-27T09:25:01,2400.0,39.25,S
2021-07-27T09:25:00,2500.0,39.25,S
2021-07-27T09:24:53,2000.0,39.25,S
2021-07-27T09:24:50,600.0,39.3,B
2021-07-27T09:24:46,200.0,39.3,B
2021-07-27T09:24:43,700.0,39.25,B
2021-07-27T09:24:42,600.0,39.25,B
2021-07-27T09:24:37,600.0,39.25,B
2021-07-27T09:24:34,500.0,39.25,B
2021-07-27T09:24:34,400.0,39.25,B
2021-07-27T09:24:29,1000.0,39.2,B
2021-07-27T09:24:29,400.0,39.2,B
2021-07-27T09:24:25,400.0,39.2,B
2021-07-27T09:24:21,400.0,39.2,B
2021-07-27T09:24:21,1100.0,39.2,S
2021-07-27T09:24:21,200.0,39.25,B
2021-07-27T09:24:21,400.0,39.15,S
2021-07-27T09:24:21,1300.0,39.15,S
2021-07-27T09:24:21,200.0,39.15,S
2021-07-27T09:24:21,600.0,39.15,S
2021-07-27T09:24:21,17500.0,39.15,S
2021-07-27T09:24:14,5000.0,39.2,S
2021-07-27T09:24:14,5000.0,39.25,B
2021-07-27T09:24:12,100.0,39.25,B
2021-07-27T09:24:11,400.0,39.25,B
2021-07-27T09:24:09,1100.0,39.25,B
2021-07-27T09:24:07,100.0,39.25,B
2021-07-27T09:24:05,200.0,39.2,S
2021-07-27T09:24:03,500.0,39.25,B
2021-07-27T09:24:02,400.0,39.25,B
2021-07-27T09:24:00,200.0,39.25,S
2021-07-27T09:23:57,1100.0,39.3,B
2021-07-27T09:23:56,15000.0,39.25,S
2021-07-27T09:23:56,300.0,39.3,B
2021-07-27T09:23:56,4200.0,39.3,B
2021-07-27T09:23:56,200.0,39.3,B
2021-07-27T09:23:54,200.0,39.3,B
2021-07-27T09:23:50,3000.0,39.3,B
2021-07-27T09:23:50,200.0,39.3,B
2021-07-27T09:23:49,700.0,39.3,S
2021-07-27T09:23:47,1000.0,39.3,S
2021-07-27T09:23:46,2000.0,39.3,S
2021-07-27T09:23:44,1100.0,39.35,B
2021-07-27T09:23:42,100.0,39.3,S
2021-07-27T09:23:33,10000.0,39.3,S
2021-07-27T09:23:31,100.0,39.4,B
2021-07-27T09:23:29,1100.0,39.4,B
2021-07-27T09:23:27,500.0,39.4,B
2021-07-27T09:23:26,3000.0,39.35,S
2021-07-27T09:23:26,5000.0,39.35,S
2021-07-27T09:23:25,500.0,39.35,S
2021-07-27T09:23:21,300.0,39.4,B
2021-07-27T09:23:16,6000.0,39.35,S
2021-07-27T09:23:15,1100.0,39.4,B
2021-07-27T09:23:12,300.0,39.4,B
2021-07-27T09:23:12,1000.0,39.4,B
2021-07-27T09:23:09,100.0,39.4,B
2021-07-27T09:23:07,200.0,39.4,S
2021-07-27T09:23:07,200.0,39.4,S
2021-07-27T09:23:07,200.0,39.4,S
2021-07-27T09:23:02,600.0,39.4,S
2021-07-27T09:23:02,1500.0,39.4,S
2021-07-27T09:23:02,900.0,39.4,S
2021-07-27T09:22:57,200.0,39.4,S
2021-07-27T09:22:57,700.0,39.4,S
2021-07-27T09:22:57,500.0,39.4,S
2021-07-27T09:22:57,100.0,39.4,S
2021-07-27T09:22:57,10200.0,39.4,S
2021-07-27T09:22:57,1400.0,39.4,S
2021-07-27T09:22:57,600.0,39.4,S
2021-07-27T09:22:57,8200.0,39.4,S
2021-07-27T09:22:54,300.0,39.45,S
2021-07-27T09:22:52,300.0,39.45,S
2021-07-27T09:22:52,200.0,39.45,S
2021-07-27T09:22:52,1000.0,39.45,S
2021-07-27T09:22:46,1600.0,39.5,B
2021-07-27T09:22:46,3000.0,39.45,S
2021-07-27T09:22:42,200.0,39.45,S
2021-07-27T09:22:41,100.0,39.5,B
2021-07-27T09:22:30,500.0,39.5,B
2021-07-27T09:22:28,100.0,39.45,S
2021-07-27T09:22:20,3000.0,39.45,S
2021-07-27T09:22:18,500.0,39.5,S
2021-07-27T09:22:18,1600.0,39.5,S
2021-07-27T09:22:18,500.0,39.5,S
2021-07-27T09:22:16,100.0,39.5,S
2021-07-27T09:22:15,5800.0,39.5,B
2021-07-27T09:22:11,1000.0,39.5,B
2021-07-27T09:21:58,300.0,39.45,S
2021-07-27T09:21:46,300.0,39.5,S
2021-07-27T09:21:42,800.0,39.5,S
2021-07-27T09:21:42,300.0,39.5,S
2021-07-27T09:21:40,200.0,39.5,S
2021-07-27T09:21:33,200.0,39.5,S
2021-07-27T09:21:31,300.0,39.5,B
2021-07-27T09:21:28,100.0,39.5,S
2021-07-27T09:21:23,1900.0,39.5,B
2021-07-27T09:21:22,100.0,39.5,S
2021-07-27T09:21:20,1000.0,39.5,S
2021-07-27T09:21:18,1000.0,39.5,S
2021-07-27T09:21:18,2000.0,39.5,S
2021-07-27T09:21:14,1000.0,39.5,S
2021-07-27T09:21:12,2000.0,39.5,B
2021-07-27T09:21:09,100.0,39.5,B
2021-07-27T09:21:08,100.0,39.5,B
2021-07-27T09:21:06,300.0,39.5,S
2021-07-27T09:21:06,2500.0,39.5,S
2021-07-27T09:21:06,200.0,39.5,S
2021-07-27T09:21:06,200.0,39.5,S
2021-07-27T09:21:06,22500.0,39.5,S
2021-07-27T09:21:06,200.0,39.5,S
2021-07-27T09:21:06,4200.0,39.5,S
2021-07-27T09:21:06,17700.0,39.5,S
2021-07-27T09:21:02,100.0,39.5,S
2021-07-27T09:21:02,2000.0,39.5,S
2021-07-27T09:20:56,1000.0,39.6,B
2021-07-27T09:20:47,100.0,39.5,S
2021-07-27T09:20:45,6000.0,39.5,S
2021-07-27T09:20:43,300.0,39.6,B
2021-07-27T09:20:37,100.0,39.5,S
2021-07-27T09:20:26,100.0,39.6,B
2021-07-27T09:20:20,2000.0,39.6,B
2021-07-27T09:20:17,100.0,39.6,B
2021-07-27T09:20:15,1000.0,39.6,B
2021-07-27T09:20:14,2000.0,39.6,S
2021-07-27T09:20:13,100.0,39.6,S
2021-07-27T09:20:06,1000.0,39.7,B
2021-07-27T09:20:04,5000.0,39.7,B
2021-07-27T09:20:03,2900.0,39.6,S
2021-07-27T09:20:03,100.0,39.6,S
2021-07-27T09:20:00,500.0,39.7,B
2021-07-27T09:19:57,2000.0,39.7,B
2021-07-27T09:19:54,100.0,39.7,B
2021-07-27T09:19:45,800.0,39.7,B
2021-07-27T09:19:41,500.0,39.7,B
2021-07-27T09:19:41,5100.0,39.7,S
2021-07-27T09:19:39,1000.0,39.7,S
2021-07-27T09:19:34,100.0,39.7,S
2021-07-27T09:19:29,4700.0,39.7,B
2021-07-27T09:19:24,900.0,39.7,S
2021-07-27T09:19:24,4400.0,39.7,S
2021-07-27T09:19:24,1000.0,39.8,B
2021-07-27T09:19:19,100.0,39.7,S
2021-07-27T09:19:11,400.0,39.7,S
2021-07-27T09:19:09,100.0,39.7,S
2021-07-27T09:19:06,500.0,39.7,S
2021-07-27T09:19:03,1000.0,39.7,S
2021-07-27T09:19:01,100.0,39.7,S
2021-07-27T09:18:59,21900.0,39.7,B
2021-07-27T09:18:55,10000.0,39.5,S
2021-07-27T09:18:53,300.0,39.7,B
2021-07-27T09:18:42,7800.0,39.5,S
2021-07-27T09:18:40,100.0,39.5,S
2021-07-27T09:18:40,500.0,39.7,B
2021-07-27T09:18:35,300.0,39.5,S
2021-07-27T09:18:35,100.0,39.5,S
2021-07-27T09:18:32,200.0,39.5,S
2021-07-27T09:18:27,2000.0,39.5,S
2021-07-27T09:18:20,1200.0,39.5,B
2021-07-27T09:18:19,200.0,39.5,B
2021-07-27T09:18:14,700.0,39.5,B
2021-07-27T09:18:13,500.0,39.5,B
2021-07-27T09:18:12,100.0,39.45,S
2021-07-27T09:18:05,200.0,39.5,B
2021-07-27T09:18:02,100.0,39.45,S
2021-07-27T09:18:02,100.0,39.5,B
2021-07-27T09:18:00,400.0,39.45,S
2021-07-27T09:17:58,1100.0,39.45,S
2021-07-27T09:17:57,3600.0,39.45,B
2021-07-27T09:17:56,1000.0,39.45,B
2021-07-27T09:17:47,1000.0,39.45,B
2021-07-27T09:17:46,2000.0,39.4,S
2021-07-27T09:17:41,2000.0,39.45,B
2021-07-27T09:17:38,500.0,39.45,B
2021-07-27T09:17:34,2200.0,39.5,B
2021-07-27T09:17:34,12800.0,39.5,B
2021-07-27T09:17:30,100.0,39.45,B
2021-07-27T09:17:24,1200.0,39.45,B
2021-07-27T09:17:24,1900.0,39.45,B
2021-07-27T09:17:20,300.0,39.45,B
2021-07-27T09:17:18,100.0,39.4,S
2021-07-27T09:17:14,1000.0,39.4,S
2021-07-27T09:17:01,800.0,39.45,B
2021-07-27T09:17:01,200.0,39.45,B
2021-07-27T09:16:55,200.0,39.4,B
2021-07-27T09:16:53,300.0,39.4,S
2021-07-27T09:16:50,800.0,39.45,B
2021-07-27T09:16:50,200.0,39.45,B
2021-07-27T09:16:48,400.0,39.4,S
2021-07-27T09:16:48,100.0,39.4,S
2021-07-27T09:16:45,1000.0,39.45,B
2021-07-27T09:16:44,1000.0,39.4,S
2021-07-27T09:16:36,200.0,39.45,B
2021-07-27T09:16:32,100.0,39.45,B
2021-07-27T09:16:31,100.0,39.45,B
2021-07-27T09:16:31,1000.0,39.45,B
2021-07-27T09:16:27,200.0,39.45,S
2021-07-27T09:16:27,1600.0,39.45,S
2021-07-27T09:16:21,2600.0,39.45,S
2021-07-27T09:16:21,100.0,39.45,S
2021-07-27T09:16:21,2100.0,39.45,S
2021-07-27T09:16:21,1800.0,39.45,S
2021-07-27T09:16:19,1000.0,39.5,B
2021-07-27T09:16:11,2000.0,39.45,S
2021-07-27T09:16:07,100.0,39.5,B
2021-07-27T09:16:07,100.0,39.5,B
2021-07-27T09:15:58,100.0,39.5,B
2021-07-27T09:15:57,500.0,39.5,B
2021-07-27T09:15:53,500.0,39.45,S
2021-07-27T09:15:53,900.0,39.5,B
2021-07-27T09:15:40,600.0,39.5,B
2021-07-27T09:15:37,100.0,39.45,B
2021-07-27T09:15:37,500.0,39.45,B
2021-07-27T09:15:31,400.0,39.45,S
2021-07-27T09:15:27,100.0,39.45,S
2021-07-27T09:15:25,1000.0,39.5,B
2021-07-27T09:15:22,500.0,39.45,S
2021-07-27T09:15:05,1000.0,39.5,B
