tradingTime,volume,price,side
2021-07-27T14:29:54,100.0,5.94,B
2021-07-27T14:28:49,1000.0,5.93,S
2021-07-27T14:28:31,5100.0,5.93,S
2021-07-27T14:28:31,3000.0,5.93,S
2021-07-27T14:28:31,3000.0,5.93,S
2021-07-27T14:28:09,1100.0,5.94,B
2021-07-27T14:26:11,900.0,5.94,S
2021-07-27T14:25:43,2000.0,5.94,B
2021-07-27T14:25:43,7100.0,5.94,B
2021-07-27T14:25:26,400.0,5.94,B
2021-07-27T14:22:43,10000.0,5.94,B
2021-07-27T14:22:25,100.0,5.93,S
2021-07-27T14:20:04,100.0,5.94,B
2021-07-27T14:20:01,100.0,5.94,B
2021-07-27T14:19:41,100.0,5.94,B
2021-07-27T14:19:38,400.0,5.94,B
2021-07-27T14:19:22,200.0,5.93,S
2021-07-27T14:19:06,5000.0,5.92,S
2021-07-27T14:19:05,6200.0,5.93,B
2021-07-27T14:18:21,600.0,5.93,B
2021-07-27T14:17:50,2500.0,5.92,S
2021-07-27T14:17:28,3100.0,5.92,B
2021-07-27T14:17:16,4900.0,5.92,S
2021-07-27T14:17:14,500.0,5.92,S
2021-07-27T14:15:57,100.0,5.92,S
2021-07-27T14:15:44,200.0,5.92,B
2021-07-27T14:15:30,1800.0,5.92,S
2021-07-27T14:15:16,2000.0,5.92,B
2021-07-27T14:15:11,200.0,5.92,B
2021-07-27T14:15:04,5000.0,5.92,B
2021-07-27T14:14:55,300.0,5.92,B
2021-07-27T14:14:30,400.0,5.92,B
2021-07-27T14:14:23,100.0,5.92,B
2021-07-27T14:13:56,1000.0,5.9,S
2021-07-27T14:13:03,1900.0,5.9,B
2021-07-27T14:12:53,2000.0,5.9,B
2021-07-27T14:12:34,5000.0,5.9,B
2021-07-27T14:12:20,2000.0,5.9,B
2021-07-27T14:12:09,5000.0,5.9,B
2021-07-27T14:12:03,6900.0,5.9,S
2021-07-27T14:11:55,4500.0,5.9,S
2021-07-27T14:11:26,3800.0,5.9,S
2021-07-27T14:11:26,1200.0,5.9,S
2021-07-27T14:11:20,1000.0,5.9,S
2021-07-27T14:11:05,1900.0,5.9,S
2021-07-27T14:11:05,2000.0,5.9,S
2021-07-27T14:11:05,2100.0,5.9,S
2021-07-27T14:10:43,1000.0,5.91,S
2021-07-27T14:10:33,5000.0,5.92,B
2021-07-27T14:09:49,5000.0,5.91,S
2021-07-27T14:09:46,300.0,5.92,B
2021-07-27T14:09:22,1000.0,5.91,S
2021-07-27T14:08:44,900.0,5.9,S
2021-07-27T14:08:44,200.0,5.9,S
2021-07-27T14:08:44,2000.0,5.9,S
2021-07-27T14:08:44,1900.0,5.9,S
2021-07-27T14:08:32,500.0,5.9,S
2021-07-27T14:08:27,2000.0,5.92,B
2021-07-27T14:07:49,500.0,5.9,S
2021-07-27T14:07:30,2500.0,5.9,S
2021-07-27T14:07:25,6000.0,5.9,S
2021-07-27T14:06:48,8000.0,5.9,S
2021-07-27T14:06:42,1400.0,5.9,S
2021-07-27T14:06:38,2000.0,5.9,S
2021-07-27T14:06:35,10000.0,5.9,S
2021-07-27T14:06:35,3500.0,5.9,S
2021-07-27T14:06:35,16500.0,5.9,S
2021-07-27T14:06:32,8000.0,5.9,S
2021-07-27T14:06:27,800.0,5.92,B
2021-07-27T14:06:21,800.0,5.9,S
2021-07-27T14:06:06,800.0,5.9,S
2021-07-27T14:05:53,23500.0,5.9,S
2021-07-27T14:05:53,4900.0,5.9,S
2021-07-27T14:05:53,6900.0,5.9,S
2021-07-27T14:05:53,1700.0,5.9,S
2021-07-27T14:05:53,7100.0,5.9,S
2021-07-27T14:05:53,600.0,5.9,S
2021-07-27T14:05:53,1600.0,5.9,S
2021-07-27T14:05:53,5100.0,5.9,S
2021-07-27T14:05:53,3100.0,5.9,S
2021-07-27T14:05:53,700.0,5.9,S
2021-07-27T14:05:53,400.0,5.9,S
2021-07-27T14:05:53,1600.0,5.9,S
2021-07-27T14:05:53,1300.0,5.9,S
2021-07-27T14:05:53,24000.0,5.9,S
2021-07-27T14:05:53,3100.0,5.9,S
2021-07-27T14:05:53,10300.0,5.91,S
2021-07-27T14:05:53,2000.0,5.91,S
2021-07-27T14:05:53,200.0,5.91,S
2021-07-27T14:05:53,14200.0,5.91,S
2021-07-27T14:05:53,1300.0,5.91,S
2021-07-27T14:05:53,3500.0,5.91,S
2021-07-27T14:05:53,100.0,5.91,S
2021-07-27T14:05:53,5500.0,5.91,S
2021-07-27T14:05:53,3100.0,5.91,S
2021-07-27T14:05:53,1300.0,5.91,S
2021-07-27T14:05:53,3100.0,5.91,S
2021-07-27T14:05:53,200.0,5.91,S
2021-07-27T14:05:41,200.0,5.92,B
2021-07-27T14:05:40,1200.0,5.91,S
2021-07-27T14:05:21,1800.0,5.92,S
2021-07-27T14:05:15,1200.0,5.92,S
2021-07-27T14:04:41,3000.0,5.93,B
2021-07-27T14:04:37,2000.0,5.92,S
2021-07-27T14:04:24,2000.0,5.92,S
2021-07-27T14:04:11,200.0,5.92,S
2021-07-27T14:03:50,1000.0,5.93,B
2021-07-27T14:03:42,100.0,5.93,B
2021-07-27T14:03:06,1000.0,5.92,S
2021-07-27T14:02:56,3900.0,5.92,S
2021-07-27T14:02:56,200.0,5.92,S
2021-07-27T14:02:22,2500.0,5.92,S
2021-07-27T14:02:22,3500.0,5.92,S
2021-07-27T14:02:22,2400.0,5.92,S
2021-07-27T14:02:22,600.0,5.92,S
2021-07-27T14:02:21,5000.0,5.92,S
2021-07-27T14:02:21,400.0,5.92,S
2021-07-27T14:02:21,10300.0,5.92,S
2021-07-27T14:02:21,1000.0,5.92,S
2021-07-27T14:02:21,5000.0,5.92,S
2021-07-27T14:02:21,17200.0,5.92,S
2021-07-27T14:02:21,1100.0,5.92,S
2021-07-27T14:02:09,300.0,5.93,B
2021-07-27T14:01:48,4800.0,5.93,B
2021-07-27T14:01:48,2100.0,5.93,S
2021-07-27T14:01:48,6000.0,5.93,S
2021-07-27T14:01:48,7500.0,5.93,S
2021-07-27T14:01:48,8400.0,5.93,S
2021-07-27T14:01:47,3000.0,5.93,S
2021-07-27T14:01:01,100.0,5.94,B
2021-07-27T14:00:43,400.0,5.94,B
2021-07-27T14:00:14,100.0,5.94,B
2021-07-27T13:59:08,200.0,5.94,B
2021-07-27T13:58:37,1000.0,5.94,B
2021-07-27T13:57:55,100.0,5.94,B
2021-07-27T13:57:30,600.0,5.94,B
2021-07-27T13:57:10,1000.0,5.94,B
2021-07-27T13:57:00,200.0,5.94,B
2021-07-27T13:56:54,500.0,5.94,B
2021-07-27T13:56:37,200.0,5.94,B
2021-07-27T13:55:00,2000.0,5.94,B
2021-07-27T13:54:26,800.0,5.94,B
2021-07-27T13:53:35,2000.0,5.94,B
2021-07-27T13:53:35,200.0,5.93,S
2021-07-27T13:52:10,1000.0,5.94,B
2021-07-27T13:51:17,4600.0,5.93,S
2021-07-27T13:51:17,100.0,5.93,S
2021-07-27T13:51:17,3100.0,5.93,S
2021-07-27T13:51:17,3500.0,5.93,S
2021-07-27T13:51:17,1200.0,5.93,S
2021-07-27T13:51:17,200.0,5.93,S
2021-07-27T13:51:17,900.0,5.93,S
2021-07-27T13:51:17,5000.0,5.93,S
2021-07-27T13:51:17,6900.0,5.93,S
2021-07-27T13:51:17,500.0,5.93,S
2021-07-27T13:51:17,1300.0,5.93,S
2021-07-27T13:51:17,400.0,5.93,S
2021-07-27T13:51:17,1100.0,5.93,S
2021-07-27T13:51:17,300.0,5.93,S
2021-07-27T13:51:17,4400.0,5.93,S
2021-07-27T13:51:17,600.0,5.93,S
2021-07-27T13:51:17,700.0,5.93,S
2021-07-27T13:51:17,1500.0,5.93,S
2021-07-27T13:51:17,1100.0,5.94,S
2021-07-27T13:51:17,12600.0,5.94,S
2021-07-27T13:51:13,3000.0,5.95,B
2021-07-27T13:50:15,1000.0,5.95,B
2021-07-27T13:49:34,100.0,5.95,B
2021-07-27T13:48:56,5000.0,5.95,B
2021-07-27T13:48:12,100.0,5.95,B
2021-07-27T13:47:04,1500.0,5.95,B
2021-07-27T13:46:25,400.0,5.94,S
2021-07-27T13:45:54,300.0,5.94,S
2021-07-27T13:45:42,300.0,5.94,S
2021-07-27T13:45:39,6300.0,5.95,B
2021-07-27T13:45:31,200.0,5.94,S
2021-07-27T13:45:19,1000.0,5.95,B
2021-07-27T13:45:06,400.0,5.95,B
2021-07-27T13:44:45,100.0,5.95,B
2021-07-27T13:44:27,300.0,5.95,S
2021-07-27T13:42:52,500.0,5.96,B
2021-07-27T13:42:16,4800.0,5.95,B
2021-07-27T13:41:07,5000.0,5.95,B
2021-07-27T13:40:53,10000.0,5.94,S
2021-07-27T13:40:13,100.0,5.95,B
2021-07-27T13:39:41,100.0,5.95,B
2021-07-27T13:37:49,500.0,5.94,S
2021-07-27T13:37:29,200.0,5.94,B
2021-07-27T13:37:21,100.0,5.94,B
2021-07-27T13:37:15,800.0,5.94,B
2021-07-27T13:37:07,100.0,5.94,B
2021-07-27T13:37:01,5000.0,5.94,B
2021-07-27T13:36:53,100.0,5.94,B
2021-07-27T13:36:43,300.0,5.93,S
2021-07-27T13:36:36,1000.0,5.94,B
2021-07-27T13:36:35,1000.0,5.94,B
2021-07-27T13:35:51,300.0,5.94,B
2021-07-27T13:35:43,100.0,5.94,B
2021-07-27T13:35:29,3000.0,5.94,B
2021-07-27T13:34:28,500.0,5.94,B
2021-07-27T13:34:18,2800.0,5.94,S
2021-07-27T13:33:40,200.0,5.94,B
2021-07-27T13:33:33,200.0,5.94,B
2021-07-27T13:33:32,200.0,5.94,B
2021-07-27T13:32:42,100.0,5.94,B
2021-07-27T13:32:42,100.0,5.93,S
2021-07-27T13:32:37,1000.0,5.94,B
2021-07-27T13:32:00,100.0,5.94,B
2021-07-27T13:31:35,200.0,5.94,B
2021-07-27T13:31:15,200.0,5.94,B
2021-07-27T13:30:51,100.0,5.94,B
2021-07-27T13:30:36,200.0,5.94,B
2021-07-27T13:30:32,100.0,5.94,B
2021-07-27T13:30:28,6000.0,5.94,B
2021-07-27T13:30:13,1000.0,5.94,B
2021-07-27T13:29:48,1000.0,5.94,S
2021-07-27T13:29:48,500.0,5.94,S
2021-07-27T13:29:48,2400.0,5.94,S
2021-07-27T13:29:48,8800.0,5.94,S
2021-07-27T13:29:48,2800.0,5.94,S
2021-07-27T13:29:48,2000.0,5.95,S
2021-07-27T13:29:48,5000.0,5.95,S
2021-07-27T13:29:48,17900.0,5.95,S
2021-07-27T13:28:30,100.0,5.96,S
2021-07-27T13:28:14,200.0,5.96,B
2021-07-27T13:28:08,300.0,5.96,B
2021-07-27T13:28:06,300.0,5.95,S
2021-07-27T13:27:59,2000.0,5.95,S
2021-07-27T13:27:56,4400.0,5.95,S
2021-07-27T13:27:56,500.0,5.96,S
2021-07-27T13:27:56,2100.0,5.96,S
2021-07-27T13:27:17,500.0,5.96,S
2021-07-27T13:27:04,100.0,5.96,S
2021-07-27T13:26:50,100.0,5.97,B
2021-07-27T13:25:46,100.0,5.97,B
2021-07-27T13:25:44,800.0,5.96,B
2021-07-27T13:25:44,300.0,5.96,B
2021-07-27T13:25:41,100.0,5.95,S
2021-07-27T13:25:08,300.0,5.95,S
2021-07-27T13:23:55,100.0,5.96,S
2021-07-27T13:23:48,500.0,5.96,S
2021-07-27T13:22:47,2000.0,5.97,B
2021-07-27T13:22:13,500.0,5.96,B
2021-07-27T13:20:59,1000.0,5.96,B
2021-07-27T13:20:51,2000.0,5.96,B
2021-07-27T13:20:37,1000.0,5.96,B
2021-07-27T13:20:27,100.0,5.96,B
2021-07-27T13:20:20,400.0,5.96,B
2021-07-27T13:19:13,600.0,5.96,B
2021-07-27T13:18:31,2000.0,5.96,B
2021-07-27T13:17:45,5000.0,5.96,B
2021-07-27T13:17:29,500.0,5.96,B
2021-07-27T13:17:22,100.0,5.96,B
2021-07-27T13:17:06,400.0,5.96,B
2021-07-27T13:16:46,1000.0,5.96,B
2021-07-27T13:15:49,500.0,5.96,B
2021-07-27T13:15:04,1000.0,5.95,S
2021-07-27T13:14:26,100.0,5.95,S
2021-07-27T13:13:59,2500.0,5.95,S
2021-07-27T13:13:43,300.0,5.95,S
2021-07-27T13:13:29,8000.0,5.96,B
2021-07-27T13:13:00,100.0,5.96,B
2021-07-27T13:12:59,2100.0,5.96,B
2021-07-27T13:12:49,200.0,5.96,B
2021-07-27T13:12:39,4800.0,5.96,B
2021-07-27T13:12:39,100.0,5.96,B
2021-07-27T13:12:39,4400.0,5.96,B
2021-07-27T13:12:39,700.0,5.96,B
2021-07-27T13:12:35,500.0,5.96,B
2021-07-27T13:12:12,100.0,5.96,B
2021-07-27T13:12:00,500.0,5.95,S
2021-07-27T13:11:55,400.0,5.95,S
2021-07-27T13:11:52,8500.0,5.95,S
2021-07-27T13:11:48,1300.0,5.95,B
2021-07-27T13:11:23,200.0,5.95,B
2021-07-27T13:10:45,10000.0,5.95,B
2021-07-27T13:10:38,200.0,5.95,B
2021-07-27T13:10:21,600.0,5.95,B
2021-07-27T13:10:13,500.0,5.95,B
2021-07-27T13:10:09,1000.0,5.95,B
2021-07-27T13:10:03,15000.0,5.95,B
2021-07-27T13:09:49,30000.0,5.95,B
2021-07-27T13:09:42,20000.0,5.95,B
2021-07-27T13:09:28,100.0,5.95,B
2021-07-27T13:08:06,300.0,5.95,B
2021-07-27T13:07:28,100.0,5.95,B
2021-07-27T13:07:17,1000.0,5.95,B
2021-07-27T13:06:24,100.0,5.94,S
2021-07-27T13:04:52,100.0,5.94,S
2021-07-27T13:03:18,1000.0,5.94,S
2021-07-27T13:02:41,2700.0,5.94,S
2021-07-27T13:01:33,5200.0,5.94,S
2021-07-27T13:01:33,1000.0,5.94,S
2021-07-27T13:00:06,800.0,5.94,B
2021-07-27T11:29:51,50000.0,5.94,B
2021-07-27T11:29:19,100.0,5.94,B
2021-07-27T11:27:55,3000.0,5.94,B
2021-07-27T11:27:17,4400.0,5.93,S
2021-07-27T11:27:02,9000.0,5.93,S
2021-07-27T11:26:21,5900.0,5.93,S
2021-07-27T11:26:21,4100.0,5.93,S
2021-07-27T11:25:27,2000.0,5.94,B
2021-07-27T11:24:21,2500.0,5.94,B
2021-07-27T11:24:05,1000.0,5.94,B
2021-07-27T11:22:45,2600.0,5.94,B
2021-07-27T11:22:34,300.0,5.94,B
2021-07-27T11:22:34,3000.0,5.94,B
2021-07-27T11:21:33,2000.0,5.94,B
2021-07-27T11:21:26,3000.0,5.94,B
2021-07-27T11:21:24,1000.0,5.94,B
2021-07-27T11:20:47,2600.0,5.94,B
2021-07-27T11:19:57,400.0,5.94,S
2021-07-27T11:19:44,1600.0,5.94,S
2021-07-27T11:19:44,300.0,5.94,S
2021-07-27T11:19:44,2200.0,5.94,S
2021-07-27T11:19:44,5700.0,5.94,S
2021-07-27T11:19:44,10200.0,5.94,S
2021-07-27T11:19:34,8000.0,5.94,S
2021-07-27T11:19:19,3000.0,5.94,S
2021-07-27T11:18:47,200.0,5.94,S
2021-07-27T11:17:57,2000.0,5.94,S
2021-07-27T11:17:23,100.0,5.95,B
2021-07-27T11:17:00,200.0,5.95,B
2021-07-27T11:16:33,1000.0,5.94,S
2021-07-27T11:16:32,200.0,5.95,B
2021-07-27T11:16:26,500.0,5.95,B
2021-07-27T11:15:23,500.0,5.94,S
2021-07-27T11:15:22,2000.0,5.95,B
2021-07-27T11:13:56,5000.0,5.95,B
2021-07-27T11:13:52,5000.0,5.95,B
2021-07-27T11:13:46,2000.0,5.95,B
2021-07-27T11:13:33,100.0,5.95,B
2021-07-27T11:12:50,1000.0,5.95,B
2021-07-27T11:12:48,1000.0,5.94,S
2021-07-27T11:12:23,100.0,5.95,B
2021-07-27T11:12:20,1000.0,5.95,B
2021-07-27T11:12:14,9200.0,5.95,S
2021-07-27T11:10:20,2000.0,5.96,B
2021-07-27T11:10:20,100.0,5.96,B
2021-07-27T11:10:19,200.0,5.95,B
2021-07-27T11:10:08,2500.0,5.95,B
2021-07-27T11:10:00,500.0,5.95,B
2021-07-27T11:10:00,100.0,5.95,B
2021-07-27T11:09:38,300.0,5.95,B
2021-07-27T11:09:28,1000.0,5.95,B
2021-07-27T11:09:15,500.0,5.94,S
2021-07-27T11:09:11,5000.0,5.94,B
2021-07-27T11:09:04,2000.0,5.94,B
2021-07-27T11:08:54,3000.0,5.94,B
2021-07-27T11:08:53,100.0,5.94,B
2021-07-27T11:08:38,18400.0,5.94,S
2021-07-27T11:08:21,18600.0,5.95,B
2021-07-27T11:08:21,11400.0,5.95,B
2021-07-27T11:08:18,100.0,5.95,B
2021-07-27T11:06:37,300.0,5.95,B
2021-07-27T11:06:30,5000.0,5.95,B
2021-07-27T11:06:03,3000.0,5.93,S
2021-07-27T11:05:52,6100.0,5.94,B
2021-07-27T11:05:49,2000.0,5.94,B
2021-07-27T11:05:31,3900.0,5.94,S
2021-07-27T11:05:29,1100.0,5.94,S
2021-07-27T11:05:28,3900.0,5.94,S
2021-07-27T11:05:27,3500.0,5.95,B
2021-07-27T11:05:16,10400.0,5.94,S
2021-07-27T11:05:16,900.0,5.95,B
2021-07-27T11:05:13,2000.0,5.95,B
2021-07-27T11:05:07,2900.0,5.95,B
2021-07-27T11:05:05,5000.0,5.95,B
2021-07-27T11:04:58,800.0,5.94,S
2021-07-27T11:04:55,2300.0,5.94,S
2021-07-27T11:04:55,7700.0,5.94,S
2021-07-27T11:04:51,3700.0,5.95,B
2021-07-27T11:04:08,5800.0,5.94,B
2021-07-27T11:04:08,5000.0,5.94,B
2021-07-27T11:04:06,500.0,5.94,B
2021-07-27T11:03:50,700.0,5.94,B
2021-07-27T11:03:48,1000.0,5.94,B
2021-07-27T11:03:29,800.0,5.94,B
2021-07-27T11:03:26,500.0,5.94,B
2021-07-27T11:03:22,3100.0,5.94,S
2021-07-27T11:03:22,5600.0,5.94,S
2021-07-27T11:03:22,700.0,5.94,S
2021-07-27T11:03:22,400.0,5.94,S
2021-07-27T11:03:22,19000.0,5.94,S
2021-07-27T11:03:13,100.0,5.94,S
2021-07-27T11:03:12,5000.0,5.95,B
2021-07-27T11:03:09,100.0,5.95,B
2021-07-27T11:02:54,1000.0,5.95,B
2021-07-27T11:02:42,100.0,5.95,B
2021-07-27T11:02:33,100.0,5.95,B
2021-07-27T11:02:18,4000.0,5.95,B
2021-07-27T11:02:14,1000.0,5.95,B
2021-07-27T11:02:14,200.0,5.95,B
2021-07-27T11:02:06,100.0,5.95,B
2021-07-27T11:02:02,1000.0,5.95,B
2021-07-27T11:02:01,3000.0,5.95,B
2021-07-27T11:02:00,2500.0,5.95,B
2021-07-27T11:01:58,100.0,5.95,B
2021-07-27T11:01:54,100.0,5.95,B
2021-07-27T11:01:45,500.0,5.95,B
2021-07-27T11:01:40,300.0,5.95,B
2021-07-27T11:01:34,35100.0,5.95,S
2021-07-27T11:01:30,8100.0,5.96,S
2021-07-27T11:00:40,500.0,5.96,S
2021-07-27T11:00:12,5000.0,5.96,S
2021-07-27T11:00:08,2000.0,5.96,S
2021-07-27T10:59:51,8000.0,5.96,S
2021-07-27T10:59:46,3000.0,5.96,S
2021-07-27T10:58:54,2000.0,5.96,B
2021-07-27T10:58:54,3600.0,5.96,B
2021-07-27T10:58:35,3000.0,5.96,B
2021-07-27T10:58:35,300.0,5.96,B
2021-07-27T10:58:35,500.0,5.96,B
2021-07-27T10:58:26,5000.0,5.96,B
2021-07-27T10:58:19,3800.0,5.96,B
2021-07-27T10:58:12,800.0,5.96,B
2021-07-27T10:58:10,1000.0,5.97,B
2021-07-27T10:58:04,2000.0,5.96,S
2021-07-27T10:57:55,1000.0,5.96,S
2021-07-27T10:57:44,10000.0,5.96,S
2021-07-27T10:57:32,2000.0,5.96,S
2021-07-27T10:57:17,400.0,5.96,S
2021-07-27T10:56:57,200.0,5.97,B
2021-07-27T10:56:38,100.0,5.97,B
2021-07-27T10:55:51,200.0,5.96,S
2021-07-27T10:55:45,100.0,5.97,B
2021-07-27T10:55:06,400.0,5.96,B
2021-07-27T10:54:57,10000.0,5.96,B
2021-07-27T10:54:51,2700.0,5.96,B
2021-07-27T10:54:50,100.0,5.96,B
2021-07-27T10:54:18,1300.0,5.96,B
2021-07-27T10:54:10,100.0,5.96,B
2021-07-27T10:53:58,2500.0,5.95,S
2021-07-27T10:53:58,3300.0,5.95,S
2021-07-27T10:52:51,100.0,5.96,B
2021-07-27T10:52:41,1000.0,5.95,S
2021-07-27T10:52:41,9000.0,5.95,S
2021-07-27T10:52:25,10000.0,5.95,S
2021-07-27T10:51:18,1000.0,5.95,S
2021-07-27T10:50:57,17500.0,5.95,B
2021-07-27T10:50:32,1000.0,5.95,B
2021-07-27T10:50:13,2000.0,5.95,B
2021-07-27T10:48:50,400.0,5.95,B
2021-07-27T10:47:47,200.0,5.95,B
2021-07-27T10:47:07,1000.0,5.95,B
2021-07-27T10:46:36,200.0,5.95,B
2021-07-27T10:46:13,500.0,5.95,B
2021-07-27T10:44:46,100.0,5.95,B
2021-07-27T10:44:36,500.0,5.94,S
2021-07-27T10:44:18,500.0,5.95,B
2021-07-27T10:44:12,100.0,5.95,B
2021-07-27T10:44:02,500.0,5.95,B
2021-07-27T10:43:35,100.0,5.95,B
2021-07-27T10:43:23,5200.0,5.95,B
2021-07-27T10:43:23,1000.0,5.94,S
2021-07-27T10:43:18,300.0,5.95,B
2021-07-27T10:43:16,3000.0,5.95,B
2021-07-27T10:43:08,400.0,5.95,B
2021-07-27T10:42:49,100.0,5.95,B
2021-07-27T10:42:43,200.0,5.95,B
2021-07-27T10:42:36,500.0,5.95,B
2021-07-27T10:42:34,1000.0,5.95,B
2021-07-27T10:42:24,5000.0,5.95,B
2021-07-27T10:42:23,8600.0,5.95,S
2021-07-27T10:41:49,5800.0,5.95,S
2021-07-27T10:41:49,4200.0,5.95,S
2021-07-27T10:39:30,2000.0,5.96,B
2021-07-27T10:39:10,100.0,5.95,S
2021-07-27T10:38:43,1000.0,5.95,S
2021-07-27T10:38:29,500.0,5.95,S
2021-07-27T10:38:21,100.0,5.96,B
2021-07-27T10:38:06,1000.0,5.95,S
2021-07-27T10:36:19,200.0,5.95,S
2021-07-27T10:36:17,100.0,5.95,S
2021-07-27T10:34:44,200.0,5.95,B
2021-07-27T10:34:39,800.0,5.95,S
2021-07-27T10:33:16,500.0,5.96,B
2021-07-27T10:32:53,6700.0,5.94,S
2021-07-27T10:32:53,2000.0,5.94,S
2021-07-27T10:32:53,800.0,5.95,S
2021-07-27T10:32:53,2500.0,5.95,S
2021-07-27T10:32:41,4000.0,5.95,S
2021-07-27T10:32:13,100.0,5.95,S
2021-07-27T10:31:43,500.0,5.95,S
2021-07-27T10:31:18,100.0,5.95,S
2021-07-27T10:31:13,400.0,5.95,S
2021-07-27T10:30:43,400.0,5.95,S
2021-07-27T10:30:36,100.0,5.96,B
2021-07-27T10:30:36,1400.0,5.96,B
2021-07-27T10:30:31,1000.0,5.96,B
2021-07-27T10:29:04,200.0,5.96,B
2021-07-27T10:28:57,300.0,5.95,B
2021-07-27T10:28:57,3000.0,5.95,B
2021-07-27T10:28:40,700.0,5.94,S
2021-07-27T10:27:35,4000.0,5.96,B
2021-07-27T10:26:52,200.0,5.96,B
2021-07-27T10:26:48,500.0,5.94,S
2021-07-27T10:24:45,4000.0,5.96,B
2021-07-27T10:23:34,200.0,5.96,B
2021-07-27T10:23:25,1300.0,5.93,S
2021-07-27T10:23:25,8500.0,5.93,S
2021-07-27T10:23:25,3700.0,5.93,S
2021-07-27T10:23:25,3400.0,5.93,S
2021-07-27T10:23:25,12800.0,5.94,S
2021-07-27T10:23:25,2000.0,5.95,S
2021-07-27T10:23:25,18300.0,5.95,S
2021-07-27T10:22:48,1000.0,5.96,S
2021-07-27T10:22:47,1000.0,5.96,B
2021-07-27T10:22:40,2200.0,5.96,B
2021-07-27T10:21:58,100.0,5.96,B
2021-07-27T10:21:52,300.0,5.95,S
2021-07-27T10:21:48,1300.0,5.95,S
2021-07-27T10:20:57,2200.0,5.95,S
2021-07-27T10:19:13,500.0,5.95,S
2021-07-27T10:18:37,1000.0,5.95,S
2021-07-27T10:18:32,5800.0,5.95,B
2021-07-27T10:18:23,4200.0,5.95,S
2021-07-27T10:17:45,200.0,5.95,B
2021-07-27T10:17:29,17800.0,5.95,S
2021-07-27T10:17:28,2100.0,5.96,B
2021-07-27T10:16:23,1800.0,5.95,B
2021-07-27T10:16:19,3000.0,5.95,B
2021-07-27T10:16:16,200.0,5.95,B
2021-07-27T10:16:09,3000.0,5.95,B
2021-07-27T10:15:59,3000.0,5.95,B
2021-07-27T10:15:56,1200.0,5.95,B
2021-07-27T10:15:55,1800.0,5.95,B
2021-07-27T10:13:32,200.0,5.93,S
2021-07-27T10:13:32,8000.0,5.93,S
2021-07-27T10:13:32,11800.0,5.93,S
2021-07-27T10:11:31,700.0,5.94,B
2021-07-27T10:11:26,100.0,5.93,S
2021-07-27T10:11:16,200.0,5.94,B
2021-07-27T10:10:31,100.0,5.94,B
2021-07-27T10:09:54,2900.0,5.93,B
2021-07-27T10:09:48,1200.0,5.93,B
2021-07-27T10:09:41,500.0,5.93,B
2021-07-27T10:09:14,5400.0,5.93,S
2021-07-27T10:08:00,200.0,5.93,B
2021-07-27T10:07:56,1700.0,5.93,B
2021-07-27T10:07:22,200.0,5.93,S
2021-07-27T10:07:08,800.0,5.93,B
2021-07-27T10:06:35,5000.0,5.93,B
2021-07-27T10:06:31,5000.0,5.93,B
2021-07-27T10:06:24,24200.0,5.93,B
2021-07-27T10:06:17,300.0,5.95,B
2021-07-27T10:06:15,300.0,5.94,S
2021-07-27T10:05:57,3000.0,5.95,B
2021-07-27T10:05:55,200.0,5.94,B
2021-07-27T10:05:44,4000.0,5.93,S
2021-07-27T10:05:40,100.0,5.93,S
2021-07-27T10:05:32,1000.0,5.94,B
2021-07-27T10:05:24,1400.0,5.94,S
2021-07-27T10:05:21,1300.0,5.94,S
2021-07-27T10:05:16,2300.0,5.94,B
2021-07-27T10:05:14,3000.0,5.94,B
2021-07-27T10:04:39,3400.0,5.93,B
2021-07-27T10:04:35,100.0,5.93,B
2021-07-27T10:04:25,200.0,5.93,B
2021-07-27T10:03:52,600.0,5.93,S
2021-07-27T10:03:11,500.0,5.93,S
2021-07-27T10:02:54,2000.0,5.94,B
2021-07-27T10:02:52,500.0,5.94,B
2021-07-27T10:02:50,2500.0,5.94,B
2021-07-27T10:02:34,100.0,5.94,S
2021-07-27T10:02:29,6400.0,5.94,S
2021-07-27T10:01:45,5000.0,5.94,S
2021-07-27T10:01:10,2300.0,5.94,S
2021-07-27T10:00:45,3000.0,5.94,B
2021-07-27T09:58:13,2700.0,5.94,B
2021-07-27T09:57:51,1100.0,5.91,S
2021-07-27T09:57:51,6000.0,5.91,S
2021-07-27T09:57:51,3000.0,5.92,S
2021-07-27T09:57:41,400.0,5.94,B
2021-07-27T09:57:24,3300.0,5.91,S
2021-07-27T09:57:24,3000.0,5.91,S
2021-07-27T09:57:24,2300.0,5.91,S
2021-07-27T09:57:24,300.0,5.92,S
2021-07-27T09:57:24,5600.0,5.92,S
2021-07-27T09:57:24,4500.0,5.92,S
2021-07-27T09:57:10,200.0,5.94,B
2021-07-27T09:56:46,400.0,5.94,B
2021-07-27T09:56:20,400.0,5.94,B
2021-07-27T09:55:54,9200.0,5.94,S
2021-07-27T09:55:43,1900.0,5.94,S
2021-07-27T09:55:08,500.0,5.94,S
2021-07-27T09:54:51,100.0,5.95,B
2021-07-27T09:54:47,4800.0,5.95,B
2021-07-27T09:54:47,200.0,5.95,B
2021-07-27T09:53:39,100.0,5.95,B
2021-07-27T09:53:31,11500.0,5.95,S
2021-07-27T09:53:31,1600.0,5.95,S
2021-07-27T09:53:30,6600.0,5.95,S
2021-07-27T09:52:45,400.0,5.95,S
2021-07-27T09:52:25,1000.0,5.95,S
2021-07-27T09:51:19,1000.0,5.95,S
2021-07-27T09:51:12,500.0,5.95,S
2021-07-27T09:51:06,100.0,5.96,B
2021-07-27T09:49:55,7000.0,5.95,S
2021-07-27T09:49:45,5000.0,5.95,S
2021-07-27T09:49:31,100.0,5.96,B
2021-07-27T09:49:07,6000.0,5.95,S
2021-07-27T09:48:57,100.0,5.95,B
2021-07-27T09:48:54,5000.0,5.95,B
2021-07-27T09:48:51,1000.0,5.95,B
2021-07-27T09:48:50,200.0,5.95,B
2021-07-27T09:48:44,100.0,5.95,B
2021-07-27T09:48:40,9700.0,5.95,S
2021-07-27T09:48:10,400.0,5.95,S
2021-07-27T09:48:04,5400.0,5.95,B
2021-07-27T09:47:37,3000.0,5.95,B
2021-07-27T09:47:25,1000.0,5.95,B
2021-07-27T09:46:39,2000.0,5.95,S
2021-07-27T09:46:39,800.0,5.95,S
2021-07-27T09:46:39,100.0,5.95,S
2021-07-27T09:46:39,3100.0,5.95,S
2021-07-27T09:46:39,800.0,5.95,S
2021-07-27T09:46:39,1500.0,5.95,S
2021-07-27T09:46:39,32600.0,5.95,S
2021-07-27T09:46:21,500.0,5.96,S
2021-07-27T09:46:20,6500.0,5.96,S
2021-07-27T09:46:04,400.0,5.97,B
2021-07-27T09:44:14,1000.0,5.97,B
2021-07-27T09:41:04,1000.0,5.96,S
2021-07-27T09:40:08,1000.0,5.96,S
2021-07-27T09:40:02,1000.0,5.97,B
2021-07-27T09:39:53,13000.0,5.96,S
2021-07-27T09:39:13,8500.0,5.97,B
2021-07-27T09:38:54,100.0,5.97,B
2021-07-27T09:37:37,1400.0,5.96,S
2021-07-27T09:37:37,13100.0,5.96,S
2021-07-27T09:37:37,30500.0,5.96,S
2021-07-27T09:37:36,100.0,5.97,S
2021-07-27T09:37:19,12500.0,5.96,S
2021-07-27T09:37:19,400.0,5.96,S
2021-07-27T09:37:19,2800.0,5.96,S
2021-07-27T09:37:18,1000.0,5.97,S
2021-07-27T09:37:09,5000.0,5.97,S
2021-07-27T09:37:05,6700.0,5.97,S
2021-07-27T09:37:05,3000.0,5.97,S
2021-07-27T09:37:05,300.0,5.97,S
2021-07-27T09:37:04,100.0,5.97,S
2021-07-27T09:37:01,200.0,5.97,S
2021-07-27T09:36:47,1000.0,5.98,B
2021-07-27T09:36:22,1000.0,5.98,B
2021-07-27T09:35:45,2600.0,5.97,S
2021-07-27T09:35:45,400.0,5.97,S
2021-07-27T09:35:21,100.0,5.98,B
2021-07-27T09:35:01,200.0,5.98,B
2021-07-27T09:35:00,200.0,5.98,B
2021-07-27T09:35:00,200.0,5.98,B
2021-07-27T09:34:41,500.0,5.98,B
2021-07-27T09:33:51,700.0,5.97,S
2021-07-27T09:32:59,1600.0,5.97,S
2021-07-27T09:32:56,100.0,5.97,S
2021-07-27T09:32:44,200.0,5.97,S
2021-07-27T09:32:33,1000.0,5.97,S
2021-07-27T09:31:40,100.0,5.97,S
2021-07-27T09:31:35,300.0,5.97,S
2021-07-27T09:31:26,1000.0,5.96,S
2021-07-27T09:31:25,10000.0,5.97,B
2021-07-27T09:31:18,300.0,5.97,B
2021-07-27T09:30:42,300.0,5.97,B
2021-07-27T09:30:37,1000.0,5.96,S
2021-07-27T09:29:54,200.0,5.97,S
2021-07-27T09:29:10,100.0,5.97,S
2021-07-27T09:29:10,100.0,5.97,S
2021-07-27T09:28:42,1000.0,5.97,S
2021-07-27T09:28:28,8700.0,5.97,B
2021-07-27T09:28:20,100.0,5.96,S
2021-07-27T09:27:44,200.0,5.97,B
2021-07-27T09:27:27,100.0,5.96,S
2021-07-27T09:27:25,200.0,5.97,B
2021-07-27T09:27:20,300.0,5.97,B
2021-07-27T09:27:05,1000.0,5.97,B
2021-07-27T09:27:05,2700.0,5.97,S
2021-07-27T09:26:09,400.0,5.98,S
2021-07-27T09:26:03,5000.0,5.98,S
2021-07-27T09:26:03,200.0,5.98,S
2021-07-27T09:26:01,800.0,5.98,S
2021-07-27T09:25:57,200.0,5.98,S
2021-07-27T09:25:52,100.0,5.98,S
2021-07-27T09:25:39,50000.0,5.98,S
2021-07-27T09:25:28,10000.0,5.98,S
2021-07-27T09:24:47,100.0,5.98,S
2021-07-27T09:24:42,100.0,5.98,S
2021-07-27T09:24:25,200.0,5.99,B
2021-07-27T09:22:54,5000.0,5.98,S
2021-07-27T09:22:34,6600.0,5.98,S
2021-07-27T09:22:14,100.0,5.98,S
2021-07-27T09:22:14,1600.0,5.99,S
2021-07-27T09:22:08,8400.0,5.99,B
2021-07-27T09:21:59,500.0,5.99,B
2021-07-27T09:21:53,200.0,5.97,S
2021-07-27T09:21:52,5800.0,5.99,B
2021-07-27T09:21:51,2100.0,5.97,S
2021-07-27T09:21:51,55700.0,5.97,S
2021-07-27T09:21:51,2100.0,5.98,S
2021-07-27T09:21:51,100.0,5.98,S
2021-07-27T09:21:32,2000.0,5.99,B
2021-07-27T09:21:30,10000.0,5.98,S
2021-07-27T09:21:14,200.0,5.98,S
2021-07-27T09:21:13,400.0,5.99,B
2021-07-27T09:21:00,1000.0,5.98,S
2021-07-27T09:21:00,2000.0,5.98,S
2021-07-27T09:20:59,3800.0,5.98,S
2021-07-27T09:19:58,500.0,5.98,S
2021-07-27T09:19:32,500.0,5.98,S
2021-07-27T09:19:25,500.0,5.99,B
2021-07-27T09:18:47,400.0,5.98,B
2021-07-27T09:18:44,200.0,5.98,B
2021-07-27T09:18:22,1000.0,5.97,S
2021-07-27T09:18:04,100.0,5.97,B
2021-07-27T09:17:57,100.0,5.97,B
2021-07-27T09:17:46,10000.0,5.97,B
2021-07-27T09:17:43,100.0,5.97,B
2021-07-27T09:17:38,2700.0,5.96,S
2021-07-27T09:17:21,2000.0,5.97,B
2021-07-27T09:17:09,2000.0,5.96,S
2021-07-27T09:16:58,1800.0,5.96,B
2021-07-27T09:16:52,100.0,5.96,B
2021-07-27T09:16:44,200.0,5.97,B
2021-07-27T09:16:38,8000.0,5.96,S
2021-07-27T09:16:28,400.0,5.97,B
2021-07-27T09:16:27,100.0,5.97,B
2021-07-27T09:16:15,200.0,5.97,B
2021-07-27T09:16:12,400.0,5.97,S
2021-07-27T09:16:03,1100.0,5.98,S
2021-07-27T09:15:58,500.0,5.99,B
2021-07-27T09:15:53,500.0,5.99,B
2021-07-27T09:15:45,100.0,5.99,B
2021-07-27T09:15:24,500.0,5.99,B
2021-07-27T09:15:07,200.0,5.99,B
