tradingTime,volume,price,side
2021-07-27T14:48:30,100.0,38.3,B
2021-07-27T14:47:10,100.0,38.2,B
2021-07-27T14:47:01,1000.0,38.2,B
2021-07-27T14:47:01,11400.0,38.1,B
2021-07-27T14:45:40,100.0,38.2,B
2021-07-27T14:45:35,300.0,38.2,S
2021-07-27T14:45:20,200.0,38.2,S
2021-07-27T14:44:53,2000.0,38.3,B
2021-07-27T14:44:50,300.0,38.2,S
2021-07-27T14:44:08,200.0,38.2,S
2021-07-27T14:42:00,500.0,38.2,S
2021-07-27T14:40:40,1000.0,38.2,S
2021-07-27T14:34:20,100.0,38.3,B
2021-07-27T14:30:09,300.0,38.3,B
2021-07-27T14:29:13,100.0,38.2,B
2021-07-27T14:29:01,100.0,38.2,B
2021-07-27T14:28:38,100.0,38.2,B
2021-07-27T14:28:22,200.0,38.2,B
2021-07-27T14:28:13,200.0,38.2,B
2021-07-27T14:27:49,9300.0,38.2,S
2021-07-27T14:27:10,1500.0,38.3,S
2021-07-27T14:26:11,500.0,38.3,S
2021-07-27T14:22:04,300.0,38.3,S
2021-07-27T14:20:29,1500.0,38.3,S
2021-07-27T14:20:20,500.0,38.3,S
2021-07-27T14:19:38,100.0,38.3,S
2021-07-27T14:19:19,2000.0,38.3,B
2021-07-27T14:19:07,100.0,38.3,B
2021-07-27T14:18:58,2000.0,38.3,B
2021-07-27T14:18:48,100.0,38.3,B
2021-07-27T14:18:35,100.0,38.3,B
2021-07-27T14:18:33,300.0,38.3,B
2021-07-27T14:17:44,2000.0,38.3,B
2021-07-27T14:17:42,300.0,38.2,S
2021-07-27T14:15:53,1000.0,38.2,S
2021-07-27T14:15:47,700.0,38.3,B
2021-07-27T14:15:23,5200.0,38.3,S
2021-07-27T14:13:11,2600.0,38.4,B
2021-07-27T14:11:48,500.0,38.4,B
2021-07-27T14:10:46,200.0,38.4,S
2021-07-27T14:10:36,9800.0,38.4,S
2021-07-27T14:07:38,800.0,38.4,S
2021-07-27T14:07:31,200.0,38.4,S
2021-07-27T14:06:40,1000.0,38.4,S
2021-07-27T14:03:40,400.0,38.5,B
2021-07-27T14:03:29,1000.0,38.5,B
2021-07-27T14:02:36,20000.0,38.5,B
2021-07-27T14:01:52,1300.0,38.4,S
2021-07-27T14:01:48,1000.0,38.4,S
2021-07-27T14:01:12,2000.0,38.4,S
2021-07-27T14:00:33,700.0,38.4,S
2021-07-27T14:00:31,100.0,38.4,S
2021-07-27T13:59:48,1500.0,38.4,S
2021-07-27T13:59:14,500.0,38.4,S
2021-07-27T13:58:49,100.0,38.4,S
2021-07-27T13:58:41,1000.0,38.4,S
2021-07-27T13:58:27,1000.0,38.4,S
2021-07-27T13:58:24,200.0,38.4,S
2021-07-27T13:57:59,1000.0,38.5,B
2021-07-27T13:55:17,200.0,38.5,B
2021-07-27T13:51:53,1000.0,38.5,B
2021-07-27T13:50:48,100.0,38.5,B
2021-07-27T13:50:17,2000.0,38.4,S
2021-07-27T13:49:22,500.0,38.4,S
2021-07-27T13:48:53,100.0,38.4,S
2021-07-27T13:48:08,100.0,38.5,B
2021-07-27T13:47:39,1000.0,38.5,B
2021-07-27T13:46:47,2000.0,38.5,B
2021-07-27T13:46:41,200.0,38.4,S
2021-07-27T13:44:47,100.0,38.4,B
2021-07-27T13:44:45,1500.0,38.4,B
2021-07-27T13:43:02,200.0,38.4,B
2021-07-27T13:42:56,200.0,38.4,B
2021-07-27T13:40:54,100.0,38.4,B
2021-07-27T13:38:27,1000.0,38.4,B
2021-07-27T13:36:13,1500.0,38.3,S
2021-07-27T13:36:02,100.0,38.4,S
2021-07-27T13:35:49,4900.0,38.4,S
2021-07-27T13:35:42,100.0,38.4,S
2021-07-27T13:35:37,1000.0,38.3,S
2021-07-27T13:35:35,6900.0,38.4,B
2021-07-27T13:34:49,400.0,38.4,B
2021-07-27T13:34:16,800.0,38.3,S
2021-07-27T13:33:52,1200.0,38.3,S
2021-07-27T13:33:49,500.0,38.3,S
2021-07-27T13:33:21,100.0,38.3,S
2021-07-27T13:33:20,2500.0,38.3,S
2021-07-27T13:33:17,100.0,38.3,S
2021-07-27T13:33:13,1500.0,38.3,S
2021-07-27T13:33:05,100.0,38.3,S
2021-07-27T13:32:37,100.0,38.3,S
2021-07-27T13:31:45,300.0,38.3,S
2021-07-27T13:31:10,1500.0,38.3,S
2021-07-27T13:30:22,400.0,38.3,S
2021-07-27T13:29:19,500.0,38.4,B
2021-07-27T13:29:06,100.0,38.3,S
2021-07-27T13:22:15,1000.0,38.4,S
2021-07-27T13:20:24,2400.0,38.4,S
2021-07-27T13:20:21,500.0,38.4,B
2021-07-27T13:20:02,2100.0,38.4,B
2021-07-27T13:19:55,4000.0,38.4,S
2021-07-27T13:18:44,2000.0,38.4,S
2021-07-27T13:18:13,700.0,38.4,S
2021-07-27T13:18:09,2500.0,38.4,S
2021-07-27T13:13:24,2200.0,38.4,S
2021-07-27T13:12:18,300.0,38.4,S
2021-07-27T13:12:04,100.0,38.4,S
2021-07-27T13:12:04,900.0,38.4,S
2021-07-27T13:11:17,3800.0,38.4,B
2021-07-27T13:10:39,200.0,38.4,B
2021-07-27T13:10:34,100.0,38.3,S
2021-07-27T13:08:51,1000.0,38.3,S
2021-07-27T13:07:34,500.0,38.3,S
2021-07-27T13:06:25,100.0,38.3,S
2021-07-27T13:04:26,500.0,38.3,S
2021-07-27T13:04:01,200.0,38.3,S
2021-07-27T13:03:44,100.0,38.3,B
2021-07-27T13:03:38,500.0,38.3,B
2021-07-27T13:02:34,4200.0,38.3,S
2021-07-27T13:02:21,100.0,38.4,B
2021-07-27T13:02:10,300.0,38.4,B
2021-07-27T13:01:11,500.0,38.4,B
2021-07-27T11:29:21,100.0,38.3,B
2021-07-27T11:29:03,300.0,38.3,B
2021-07-27T11:28:56,500.0,38.3,B
2021-07-27T11:28:55,100.0,38.3,B
2021-07-27T11:28:36,500.0,38.3,B
2021-07-27T11:28:30,500.0,38.3,B
2021-07-27T11:28:13,100.0,38.3,B
2021-07-27T11:27:35,2900.0,38.3,S
2021-07-27T11:26:52,100.0,38.4,B
2021-07-27T11:26:37,300.0,38.4,B
2021-07-27T11:26:17,3800.0,38.4,S
2021-07-27T11:26:01,300.0,38.5,B
2021-07-27T11:25:59,1700.0,38.5,B
2021-07-27T11:25:42,200.0,38.5,B
2021-07-27T11:23:26,1000.0,38.5,B
2021-07-27T11:21:20,300.0,38.5,B
2021-07-27T11:20:48,1300.0,38.5,S
2021-07-27T11:20:40,5000.0,38.5,S
2021-07-27T11:20:33,5000.0,38.5,S
2021-07-27T11:20:25,2000.0,38.6,S
2021-07-27T11:17:07,300.0,38.6,B
2021-07-27T11:16:41,100.0,38.6,B
2021-07-27T11:15:46,200.0,38.6,B
2021-07-27T11:07:15,2000.0,38.6,B
2021-07-27T11:05:04,100.0,38.5,S
2021-07-27T11:04:55,4700.0,38.5,S
2021-07-27T11:04:46,100.0,38.6,B
2021-07-27T11:01:34,3000.0,38.5,S
2021-07-27T11:00:58,3000.0,38.5,S
2021-07-27T11:00:32,100.0,38.6,S
2021-07-27T10:57:38,100.0,38.5,S
2021-07-27T10:54:49,300.0,38.5,S
2021-07-27T10:52:59,3000.0,38.6,S
2021-07-27T10:51:23,500.0,38.6,B
2021-07-27T10:50:10,25000.0,38.5,S
2021-07-27T10:49:12,1000.0,38.6,S
2021-07-27T10:48:41,2000.0,38.6,S
2021-07-27T10:47:58,1000.0,38.7,B
2021-07-27T10:47:56,4300.0,38.7,B
2021-07-27T10:46:41,1000.0,38.8,B
2021-07-27T10:46:23,300.0,38.8,B
2021-07-27T10:45:51,1000.0,38.8,B
2021-07-27T10:41:56,200.0,38.8,B
2021-07-27T10:41:23,700.0,38.8,S
2021-07-27T10:41:05,500.0,38.8,S
2021-07-27T10:40:57,200.0,38.8,S
2021-07-27T10:40:12,100.0,38.8,S
2021-07-27T10:40:03,1800.0,38.8,S
2021-07-27T10:39:46,500.0,38.8,B
2021-07-27T10:39:31,200.0,38.8,B
2021-07-27T10:39:24,2100.0,38.8,S
2021-07-27T10:38:18,500.0,38.8,S
2021-07-27T10:37:57,1000.0,38.8,S
2021-07-27T10:35:34,1000.0,38.8,B
2021-07-27T10:35:10,100.0,38.8,B
2021-07-27T10:35:09,100.0,38.8,B
2021-07-27T10:34:37,800.0,38.8,B
2021-07-27T10:34:36,400.0,38.8,B
2021-07-27T10:33:58,1000.0,38.8,B
2021-07-27T10:33:39,100.0,38.8,B
2021-07-27T10:32:53,300.0,38.8,B
2021-07-27T10:30:01,200.0,38.7,S
2021-07-27T10:28:35,300.0,38.7,S
2021-07-27T10:26:39,300.0,38.8,B
2021-07-27T10:25:05,200.0,38.8,B
2021-07-27T10:24:32,1000.0,38.9,B
2021-07-27T10:24:22,2000.0,38.8,S
2021-07-27T10:24:15,200.0,38.8,S
2021-07-27T10:23:29,300.0,38.8,S
2021-07-27T10:21:53,100.0,38.9,B
2021-07-27T10:21:38,100.0,38.9,S
2021-07-27T10:21:37,2000.0,38.9,S
2021-07-27T10:18:16,100.0,38.9,S
2021-07-27T10:18:00,100.0,38.9,S
2021-07-27T10:16:30,400.0,38.9,B
2021-07-27T10:15:51,1100.0,38.9,B
2021-07-27T10:15:45,700.0,38.9,B
2021-07-27T10:15:42,1200.0,38.8,S
2021-07-27T10:15:18,1800.0,38.9,B
2021-07-27T10:14:38,300.0,38.9,B
2021-07-27T10:14:32,1800.0,38.8,S
2021-07-27T10:14:05,3000.0,38.9,B
2021-07-27T10:13:39,2900.0,38.9,B
2021-07-27T10:13:32,500.0,38.9,B
2021-07-27T10:12:10,500.0,38.9,B
2021-07-27T10:11:44,100.0,38.9,B
2021-07-27T10:10:28,1200.0,38.9,B
2021-07-27T10:10:03,100.0,38.9,B
2021-07-27T10:09:49,100.0,38.8,S
2021-07-27T10:09:33,1000.0,38.9,B
2021-07-27T10:09:13,100.0,38.9,B
2021-07-27T10:07:42,300.0,38.9,B
2021-07-27T10:07:29,500.0,38.9,B
2021-07-27T10:07:05,200.0,38.9,B
2021-07-27T10:06:20,800.0,38.8,B
2021-07-27T10:04:59,500.0,38.8,B
2021-07-27T09:57:58,2700.0,38.6,S
2021-07-27T09:57:11,500.0,38.7,B
2021-07-27T09:56:58,100.0,38.7,B
2021-07-27T09:56:57,100.0,38.7,B
2021-07-27T09:56:49,300.0,38.7,S
2021-07-27T09:56:47,2200.0,38.7,B
2021-07-27T09:56:39,300.0,38.7,B
2021-07-27T09:56:30,10000.0,38.7,B
2021-07-27T09:56:13,2000.0,38.7,B
2021-07-27T09:56:09,500.0,38.7,B
2021-07-27T09:54:31,200.0,38.7,B
2021-07-27T09:53:57,200.0,38.6,B
2021-07-27T09:53:45,300.0,38.5,S
2021-07-27T09:53:29,5000.0,38.5,S
2021-07-27T09:53:06,1000.0,38.5,S
2021-07-27T09:52:34,300.0,38.5,S
2021-07-27T09:52:07,400.0,38.5,S
2021-07-27T09:51:28,500.0,38.5,S
2021-07-27T09:51:04,500.0,38.7,B
2021-07-27T09:50:24,900.0,38.7,S
2021-07-27T09:50:21,100.0,38.8,B
2021-07-27T09:50:17,100.0,38.7,B
2021-07-27T09:50:13,7400.0,38.6,S
2021-07-27T09:50:11,2800.0,38.7,B
2021-07-27T09:49:52,7100.0,38.7,S
2021-07-27T09:49:42,500.0,38.8,S
2021-07-27T09:49:28,3500.0,38.8,S
2021-07-27T09:49:15,300.0,38.8,S
2021-07-27T09:48:36,1000.0,38.8,S
2021-07-27T09:48:24,1400.0,38.8,S
2021-07-27T09:47:34,500.0,38.8,S
2021-07-27T09:47:18,200.0,38.8,S
2021-07-27T09:45:27,1000.0,38.8,S
2021-07-27T09:44:24,500.0,38.8,S
2021-07-27T09:44:19,10000.0,38.8,S
2021-07-27T09:43:52,1000.0,38.9,B
2021-07-27T09:43:40,300.0,38.9,B
2021-07-27T09:43:32,2000.0,38.8,S
2021-07-27T09:43:22,700.0,38.9,B
2021-07-27T09:43:10,100.0,38.9,B
2021-07-27T09:42:27,100.0,38.9,B
2021-07-27T09:42:25,300.0,38.9,B
2021-07-27T09:42:20,1000.0,38.9,B
2021-07-27T09:42:16,2000.0,38.8,S
2021-07-27T09:42:03,500.0,38.8,S
2021-07-27T09:41:50,2100.0,38.8,B
2021-07-27T09:41:39,6900.0,38.8,B
2021-07-27T09:41:35,800.0,38.9,B
2021-07-27T09:41:08,1000.0,38.9,B
2021-07-27T09:41:05,2300.0,38.8,S
2021-07-27T09:40:34,100.0,38.9,B
2021-07-27T09:40:23,500.0,38.8,S
2021-07-27T09:40:05,1000.0,38.8,S
2021-07-27T09:38:37,300.0,38.9,B
2021-07-27T09:38:12,200.0,38.9,S
2021-07-27T09:37:47,1000.0,38.9,S
2021-07-27T09:37:12,200.0,39.0,B
2021-07-27T09:35:44,500.0,39.0,B
2021-07-27T09:35:40,500.0,39.0,B
2021-07-27T09:35:28,4000.0,39.0,B
2021-07-27T09:34:28,4500.0,39.0,B
2021-07-27T09:34:14,200.0,39.0,B
2021-07-27T09:34:06,200.0,39.0,B
2021-07-27T09:34:04,300.0,39.0,B
2021-07-27T09:34:01,1000.0,39.0,B
2021-07-27T09:33:59,4700.0,39.0,B
2021-07-27T09:33:57,1000.0,39.0,S
2021-07-27T09:33:49,2000.0,39.0,S
2021-07-27T09:33:46,5000.0,39.0,S
2021-07-27T09:33:41,7300.0,39.0,S
2021-07-27T09:33:36,1000.0,39.0,S
2021-07-27T09:33:34,100.0,39.0,S
2021-07-27T09:33:10,1000.0,39.1,B
2021-07-27T09:33:07,2400.0,39.1,S
2021-07-27T09:32:50,100.0,39.1,S
2021-07-27T09:32:39,300.0,39.1,S
2021-07-27T09:32:36,500.0,39.1,S
2021-07-27T09:32:23,300.0,39.1,B
2021-07-27T09:32:20,200.0,39.1,S
2021-07-27T09:32:16,500.0,39.1,S
2021-07-27T09:31:53,3900.0,39.1,S
2021-07-27T09:30:43,1400.0,39.2,S
2021-07-27T09:30:43,2000.0,39.3,B
2021-07-27T09:30:43,600.0,39.2,S
2021-07-27T09:30:34,300.0,39.2,S
2021-07-27T09:30:09,500.0,39.2,S
2021-07-27T09:30:04,1400.0,39.2,S
2021-07-27T09:29:59,3000.0,39.2,S
2021-07-27T09:29:52,100.0,39.2,S
2021-07-27T09:29:38,1000.0,39.2,S
2021-07-27T09:29:19,200.0,39.2,S
2021-07-27T09:29:03,100.0,39.2,S
2021-07-27T09:28:58,100.0,39.2,S
2021-07-27T09:28:29,100.0,39.2,S
2021-07-27T09:28:18,100.0,39.2,S
2021-07-27T09:28:17,8500.0,39.2,B
2021-07-27T09:27:59,900.0,39.1,S
2021-07-27T09:27:51,1000.0,39.1,S
2021-07-27T09:27:49,1300.0,39.1,S
2021-07-27T09:27:41,200.0,39.1,B
2021-07-27T09:27:27,600.0,39.1,B
2021-07-27T09:27:20,300.0,39.1,B
2021-07-27T09:27:17,1000.0,39.1,B
2021-07-27T09:26:51,1600.0,39.1,S
2021-07-27T09:26:47,2000.0,39.1,S
2021-07-27T09:26:10,500.0,39.2,B
2021-07-27T09:26:07,800.0,39.1,S
2021-07-27T09:25:40,2400.0,39.1,B
2021-07-27T09:25:31,3000.0,39.0,S
2021-07-27T09:25:31,10000.0,39.0,B
2021-07-27T09:25:29,1500.0,39.0,B
2021-07-27T09:25:04,1400.0,39.0,B
2021-07-27T09:24:58,500.0,39.0,B
2021-07-27T09:24:38,12200.0,39.0,S
2021-07-27T09:24:25,10000.0,39.0,S
2021-07-27T09:24:18,500.0,39.1,S
2021-07-27T09:24:13,2400.0,39.1,B
2021-07-27T09:24:02,100.0,39.0,S
2021-07-27T09:23:59,100.0,39.0,S
2021-07-27T09:23:54,200.0,39.1,B
2021-07-27T09:23:35,37800.0,39.0,S
2021-07-27T09:23:20,500.0,38.8,S
2021-07-27T09:23:18,100.0,38.8,S
2021-07-27T09:23:10,6600.0,38.8,B
2021-07-27T09:23:00,600.0,38.7,S
2021-07-27T09:22:53,1000.0,38.8,B
2021-07-27T09:22:46,500.0,38.7,S
2021-07-27T09:22:46,100.0,38.7,S
2021-07-27T09:22:44,200.0,38.7,S
2021-07-27T09:21:50,500.0,38.7,S
2021-07-27T09:21:30,100.0,38.7,S
2021-07-27T09:20:07,500.0,38.7,S
2021-07-27T09:19:44,100.0,38.7,S
2021-07-27T09:19:16,200.0,38.7,S
2021-07-27T09:17:39,2000.0,38.7,B
2021-07-27T09:15:41,500.0,38.6,S
2021-07-27T09:14:56,100.0,38.6,S
2021-07-27T09:14:30,3500.0,38.7,S
2021-07-27T09:13:36,200.0,38.8,B
2021-07-27T09:12:41,100.0,38.8,B
2021-07-27T09:12:02,200.0,38.8,B
2021-07-27T09:11:51,500.0,38.7,S
2021-07-27T09:11:31,2000.0,38.9,B
2021-07-27T09:11:29,100.0,38.8,S
2021-07-27T09:11:11,100.0,38.8,S
2021-07-27T09:10:55,800.0,38.8,B
2021-07-27T09:10:41,100.0,38.8,B
2021-07-27T09:10:41,200.0,38.8,B
2021-07-27T09:10:39,200.0,38.8,B
2021-07-27T09:10:12,100.0,38.8,B
2021-07-27T09:09:06,200.0,38.8,B
2021-07-27T09:08:53,200.0,38.8,B
2021-07-27T09:08:19,1200.0,38.8,B
2021-07-27T09:08:16,100.0,38.8,B
2021-07-27T09:08:09,200.0,38.8,B
2021-07-27T09:07:47,2000.0,38.8,B
2021-07-27T09:07:36,300.0,38.8,B
2021-07-27T09:06:55,2000.0,38.8,B
2021-07-27T09:06:49,1000.0,38.8,B
2021-07-27T09:06:48,100.0,38.7,B
2021-07-27T09:06:44,300.0,38.7,B
2021-07-27T09:06:36,1800.0,38.7,S
2021-07-27T09:06:03,500.0,38.8,B
2021-07-27T09:05:46,100.0,38.8,B
2021-07-27T09:05:45,400.0,38.8,B
2021-07-27T09:05:32,700.0,38.8,S
2021-07-27T09:05:24,1600.0,38.8,S
2021-07-27T09:04:52,100.0,38.8,B
2021-07-27T09:04:50,300.0,38.8,S
2021-07-27T09:04:40,200.0,38.8,B
2021-07-27T09:04:22,2000.0,38.8,B
2021-07-27T09:04:13,200.0,38.8,B
2021-07-27T09:04:05,2000.0,38.8,B
2021-07-27T09:04:00,1000.0,38.8,B
2021-07-27T09:03:55,2000.0,38.8,B
2021-07-27T09:03:54,300.0,38.8,B
2021-07-27T09:03:42,200.0,38.8,B
2021-07-27T09:03:37,1000.0,38.8,B
2021-07-27T09:03:35,200.0,38.8,B
2021-07-27T09:03:33,1500.0,38.8,B
2021-07-27T09:03:25,300.0,38.8,B
2021-07-27T09:02:45,500.0,38.8,B
2021-07-27T09:02:15,3000.0,38.8,B
2021-07-27T09:02:02,200.0,38.5,B
2021-07-27T09:01:54,500.0,38.4,B
2021-07-27T09:01:11,100.0,38.3,S
2021-07-27T09:00:45,300.0,38.3,B
2021-07-27T09:00:40,200.0,38.3,B
2021-07-27T09:00:32,100.0,38.3,B
2021-07-27T09:00:26,100.0,38.1,S
2021-07-27T09:00:06,300.0,38.1,B
