tradingTime,volume,price,side
2021-07-27T14:29:33,100.0,26.85,B
2021-07-27T14:29:01,400.0,26.8,S
2021-07-27T14:28:36,1000.0,26.8,S
2021-07-27T14:28:31,200.0,26.8,S
2021-07-27T14:28:28,5000.0,26.8,S
2021-07-27T14:28:23,500.0,26.85,B
2021-07-27T14:27:43,5000.0,26.8,S
2021-07-27T14:27:37,1000.0,26.8,S
2021-07-27T14:27:32,3000.0,26.8,B
2021-07-27T14:27:30,1500.0,26.8,B
2021-07-27T14:27:27,1500.0,26.8,B
2021-07-27T14:27:27,8500.0,26.8,B
2021-07-27T14:27:24,100.0,26.75,S
2021-07-27T14:27:18,200.0,26.75,S
2021-07-27T14:27:07,2000.0,26.75,S
2021-07-27T14:24:35,3000.0,26.75,S
2021-07-27T14:24:28,500.0,26.75,S
2021-07-27T14:24:12,200.0,26.75,S
2021-07-27T14:23:58,500.0,26.75,S
2021-07-27T14:23:37,700.0,26.75,S
2021-07-27T14:23:09,700.0,26.75,S
2021-07-27T14:22:58,1600.0,26.75,S
2021-07-27T14:22:58,400.0,26.75,S
2021-07-27T14:22:56,1000.0,26.75,S
2021-07-27T14:22:11,200.0,26.75,S
2021-07-27T14:21:11,300.0,26.75,S
2021-07-27T14:21:11,3200.0,26.75,S
2021-07-27T14:20:45,1000.0,26.8,B
2021-07-27T14:20:35,600.0,26.8,B
2021-07-27T14:20:30,3500.0,26.8,B
2021-07-27T14:19:30,500.0,26.75,S
2021-07-27T14:19:01,500.0,26.75,S
2021-07-27T14:19:01,1300.0,26.75,S
2021-07-27T14:19:01,3200.0,26.75,S
2021-07-27T14:18:28,600.0,26.8,B
2021-07-27T14:17:49,2000.0,26.75,S
2021-07-27T14:17:37,500.0,26.75,B
2021-07-27T14:16:55,100.0,26.7,S
2021-07-27T14:16:53,500.0,26.7,B
2021-07-27T14:16:47,1000.0,26.7,B
2021-07-27T14:16:42,5000.0,26.7,B
2021-07-27T14:16:36,2000.0,26.7,B
2021-07-27T14:16:30,100.0,26.7,B
2021-07-27T14:16:30,1000.0,26.7,B
2021-07-27T14:16:27,800.0,26.7,B
2021-07-27T14:16:25,200.0,26.7,B
2021-07-27T14:16:22,100.0,26.7,B
2021-07-27T14:16:06,600.0,26.7,B
2021-07-27T14:16:05,1000.0,26.7,B
2021-07-27T14:16:01,100.0,26.7,B
2021-07-27T14:15:51,300.0,26.7,B
2021-07-27T14:15:48,100.0,26.7,B
2021-07-27T14:15:43,100.0,26.65,S
2021-07-27T14:15:26,4400.0,26.7,S
2021-07-27T14:15:13,900.0,26.8,B
2021-07-27T14:15:13,100.0,26.75,B
2021-07-27T14:15:05,100.0,26.7,S
2021-07-27T14:14:58,1000.0,26.75,B
2021-07-27T14:14:50,6500.0,26.7,B
2021-07-27T14:14:48,1000.0,26.65,S
2021-07-27T14:14:32,7200.0,26.65,B
2021-07-27T14:14:30,1300.0,26.6,S
2021-07-27T14:14:18,1300.0,26.6,S
2021-07-27T14:14:08,100.0,26.6,S
2021-07-27T14:14:03,1000.0,26.6,S
2021-07-27T14:13:48,300.0,26.6,S
2021-07-27T14:13:46,3300.0,26.6,S
2021-07-27T14:13:46,6700.0,26.6,S
2021-07-27T14:13:43,500.0,26.6,S
2021-07-27T14:13:42,400.0,26.65,B
2021-07-27T14:13:37,1000.0,26.65,B
2021-07-27T14:13:37,100.0,26.6,S
2021-07-27T14:13:27,1400.0,26.65,S
2021-07-27T14:13:21,100.0,26.65,S
2021-07-27T14:13:16,1700.0,26.65,S
2021-07-27T14:13:07,2000.0,26.7,S
2021-07-27T14:13:07,1200.0,26.7,S
2021-07-27T14:13:07,100.0,26.7,S
2021-07-27T14:13:07,700.0,26.7,S
2021-07-27T14:13:06,500.0,26.7,S
2021-07-27T14:13:04,200.0,26.7,S
2021-07-27T14:13:01,100.0,26.7,S
2021-07-27T14:12:54,2000.0,26.7,S
2021-07-27T14:12:51,2000.0,26.7,S
2021-07-27T14:12:51,1000.0,26.7,S
2021-07-27T14:12:42,300.0,26.7,S
2021-07-27T14:12:37,700.0,26.7,S
2021-07-27T14:12:37,1300.0,26.7,S
2021-07-27T14:12:34,1000.0,26.75,B
2021-07-27T14:12:32,300.0,26.75,B
2021-07-27T14:12:25,300.0,26.75,B
2021-07-27T14:12:23,1600.0,26.75,S
2021-07-27T14:12:23,1000.0,26.75,S
2021-07-27T14:12:09,900.0,26.75,S
2021-07-27T14:12:07,300.0,26.8,S
2021-07-27T14:12:02,3500.0,26.8,S
2021-07-27T14:12:02,500.0,26.8,S
2021-07-27T14:11:58,200.0,26.8,S
2021-07-27T14:11:50,500.0,26.8,S
2021-07-27T14:11:48,2800.0,26.8,S
2021-07-27T14:11:46,2000.0,26.8,S
2021-07-27T14:11:44,200.0,26.85,B
2021-07-27T14:11:43,2000.0,26.8,S
2021-07-27T14:11:38,500.0,26.8,S
2021-07-27T14:11:26,400.0,26.8,S
2021-07-27T14:11:15,2300.0,26.8,S
2021-07-27T14:11:15,2200.0,26.8,S
2021-07-27T14:11:15,5400.0,26.8,S
2021-07-27T14:11:15,100.0,26.8,S
2021-07-27T14:11:07,1700.0,26.8,S
2021-07-27T14:11:07,1200.0,26.8,S
2021-07-27T14:11:05,700.0,26.8,S
2021-07-27T14:11:05,2200.0,26.8,S
2021-07-27T14:11:03,200.0,26.8,S
2021-07-27T14:11:03,600.0,26.8,S
2021-07-27T14:11:03,9200.0,26.8,S
2021-07-27T14:10:49,10000.0,26.8,S
2021-07-27T14:10:48,500.0,26.8,S
2021-07-27T14:10:28,5000.0,26.8,S
2021-07-27T14:10:28,100.0,26.8,S
2021-07-27T14:10:28,14900.0,26.8,S
2021-07-27T14:09:57,1500.0,26.85,B
2021-07-27T14:09:54,300.0,26.8,S
2021-07-27T14:09:54,4200.0,26.8,S
2021-07-27T14:08:56,100.0,26.85,B
2021-07-27T14:08:38,2000.0,26.85,B
2021-07-27T14:08:29,200.0,26.85,B
2021-07-27T14:08:10,5000.0,26.85,B
2021-07-27T14:07:46,100.0,26.85,B
2021-07-27T14:07:46,500.0,26.85,B
2021-07-27T14:07:39,500.0,26.85,B
2021-07-27T14:07:32,5000.0,26.85,B
2021-07-27T14:07:28,500.0,26.85,B
2021-07-27T14:07:17,200.0,26.85,B
2021-07-27T14:07:17,100.0,26.85,B
2021-07-27T14:07:00,200.0,26.85,B
2021-07-27T14:06:58,5000.0,26.85,B
2021-07-27T14:06:38,600.0,26.85,S
2021-07-27T14:06:38,300.0,26.85,S
2021-07-27T14:06:38,700.0,26.85,S
2021-07-27T14:06:27,1300.0,26.85,S
2021-07-27T14:06:22,200.0,26.85,S
2021-07-27T14:06:22,4200.0,26.85,S
2021-07-27T14:06:22,2000.0,26.85,S
2021-07-27T14:06:22,3600.0,26.85,S
2021-07-27T14:06:22,2100.0,26.85,S
2021-07-27T14:06:22,2200.0,26.85,S
2021-07-27T14:06:22,700.0,26.85,S
2021-07-27T14:06:21,200.0,26.85,S
2021-07-27T14:06:04,10000.0,26.85,S
2021-07-27T14:05:25,100.0,26.85,S
2021-07-27T14:05:17,500.0,26.9,B
2021-07-27T14:05:07,1700.0,26.9,B
2021-07-27T14:05:06,600.0,26.9,S
2021-07-27T14:05:06,400.0,26.9,S
2021-07-27T14:05:06,1200.0,26.9,S
2021-07-27T14:05:02,100.0,26.9,S
2021-07-27T14:04:30,5000.0,26.9,S
2021-07-27T14:04:30,3000.0,26.9,S
2021-07-27T14:04:30,7000.0,26.9,S
2021-07-27T14:04:17,300.0,26.95,B
2021-07-27T14:03:10,300.0,26.95,B
2021-07-27T14:03:07,200.0,26.95,B
2021-07-27T14:02:35,1000.0,26.9,S
2021-07-27T14:02:20,1000.0,26.9,S
2021-07-27T14:01:57,300.0,26.9,S
2021-07-27T14:01:55,1800.0,26.9,S
2021-07-27T14:00:37,5500.0,26.9,S
2021-07-27T14:00:00,3000.0,26.9,S
2021-07-27T13:59:48,500.0,26.9,S
2021-07-27T13:58:49,100.0,26.9,S
2021-07-27T13:57:41,900.0,26.9,S
2021-07-27T13:57:00,500.0,26.9,S
2021-07-27T13:55:20,200.0,26.9,S
2021-07-27T13:53:19,2000.0,26.9,S
2021-07-27T13:53:17,5000.0,26.95,B
2021-07-27T13:52:59,3000.0,26.95,B
2021-07-27T13:52:38,1200.0,26.95,B
2021-07-27T13:51:43,100.0,26.95,B
2021-07-27T13:50:37,100.0,26.95,B
2021-07-27T13:50:15,300.0,26.95,B
2021-07-27T13:48:35,300.0,26.95,B
2021-07-27T13:48:08,400.0,26.95,B
2021-07-27T13:47:23,1000.0,26.9,S
2021-07-27T13:47:04,300.0,26.9,S
2021-07-27T13:46:04,1100.0,26.9,S
2021-07-27T13:46:03,1000.0,26.95,B
2021-07-27T13:45:29,200.0,26.9,S
2021-07-27T13:43:50,5000.0,26.9,S
2021-07-27T13:43:09,500.0,26.9,B
2021-07-27T13:42:53,500.0,26.9,B
2021-07-27T13:42:41,1000.0,26.9,B
2021-07-27T13:42:37,1000.0,26.9,B
2021-07-27T13:42:31,200.0,26.9,B
2021-07-27T13:42:28,2000.0,26.9,B
2021-07-27T13:42:22,100.0,26.9,B
2021-07-27T13:42:17,1400.0,26.9,B
2021-07-27T13:42:14,100.0,26.9,B
2021-07-27T13:41:55,5000.0,26.9,B
2021-07-27T13:41:50,2000.0,26.9,B
2021-07-27T13:41:37,100.0,26.9,B
2021-07-27T13:41:27,300.0,26.9,B
2021-07-27T13:40:53,100.0,26.9,B
2021-07-27T13:39:34,1000.0,26.85,S
2021-07-27T13:38:49,5000.0,26.85,S
2021-07-27T13:38:25,4000.0,26.85,S
2021-07-27T13:36:55,2000.0,26.85,S
2021-07-27T13:36:51,100.0,26.9,B
2021-07-27T13:36:48,100.0,26.9,B
2021-07-27T13:36:38,100.0,26.9,B
2021-07-27T13:35:35,200.0,26.9,B
2021-07-27T13:35:02,300.0,26.9,B
2021-07-27T13:34:21,100.0,26.9,B
2021-07-27T13:34:02,6800.0,26.85,B
2021-07-27T13:33:48,1000.0,26.85,B
2021-07-27T13:33:33,200.0,26.85,S
2021-07-27T13:33:33,1100.0,26.85,S
2021-07-27T13:33:20,500.0,26.85,S
2021-07-27T13:31:35,100.0,26.85,S
2021-07-27T13:30:12,500.0,26.85,S
2021-07-27T13:29:38,5000.0,26.85,S
2021-07-27T13:29:06,300.0,26.85,S
2021-07-27T13:28:54,1000.0,26.85,S
2021-07-27T13:28:03,1000.0,26.85,S
2021-07-27T13:27:29,20000.0,26.85,S
2021-07-27T13:26:52,7600.0,26.85,S
2021-07-27T13:26:48,100.0,26.9,B
2021-07-27T13:26:48,2000.0,26.9,B
2021-07-27T13:26:07,5000.0,26.85,S
2021-07-27T13:25:41,1000.0,26.9,B
2021-07-27T13:24:56,500.0,26.85,S
2021-07-27T13:24:56,1000.0,26.9,B
2021-07-27T13:24:41,500.0,26.9,S
2021-07-27T13:24:41,8100.0,26.9,S
2021-07-27T13:24:39,2000.0,26.9,S
2021-07-27T13:24:35,500.0,26.9,S
2021-07-27T13:24:28,500.0,26.9,S
2021-07-27T13:24:14,5000.0,26.9,S
2021-07-27T13:22:47,6000.0,26.9,S
2021-07-27T13:22:35,6000.0,26.9,S
2021-07-27T13:21:22,100.0,26.95,B
2021-07-27T13:20:43,100.0,26.95,B
2021-07-27T13:20:43,100.0,26.95,B
2021-07-27T13:20:41,200.0,26.95,B
2021-07-27T13:18:50,2000.0,26.95,B
2021-07-27T13:17:33,500.0,26.9,S
2021-07-27T13:16:58,4000.0,26.9,S
2021-07-27T13:15:56,10500.0,26.9,S
2021-07-27T13:15:56,2300.0,26.9,S
2021-07-27T13:15:56,1500.0,26.95,S
2021-07-27T13:15:56,5700.0,26.95,S
2021-07-27T13:15:12,500.0,27.0,B
2021-07-27T13:12:55,2100.0,27.0,B
2021-07-27T13:12:43,100.0,27.0,B
2021-07-27T13:12:17,1000.0,27.0,B
2021-07-27T13:11:10,4300.0,27.0,S
2021-07-27T13:10:09,300.0,27.0,S
2021-07-27T13:09:21,800.0,27.0,B
2021-07-27T13:07:56,1000.0,27.0,B
2021-07-27T13:07:28,11900.0,26.95,S
2021-07-27T13:06:38,200.0,27.0,B
2021-07-27T13:05:18,200.0,27.0,B
2021-07-27T13:04:57,1800.0,27.0,B
2021-07-27T13:04:57,2000.0,27.0,B
2021-07-27T13:04:57,6200.0,27.0,B
2021-07-27T13:04:38,800.0,27.0,B
2021-07-27T13:03:32,900.0,27.0,B
2021-07-27T13:03:22,600.0,27.0,B
2021-07-27T13:02:11,100.0,27.0,B
2021-07-27T13:00:18,5000.0,27.0,B
2021-07-27T13:00:09,800.0,26.95,S
2021-07-27T13:00:09,1500.0,26.95,S
2021-07-27T11:29:46,1000.0,26.95,S
2021-07-27T11:28:34,100.0,26.95,S
2021-07-27T11:28:20,5000.0,26.95,S
2021-07-27T11:27:24,4000.0,26.95,S
2021-07-27T11:27:17,100.0,27.0,B
2021-07-27T11:26:01,300.0,26.95,S
2021-07-27T11:24:27,11500.0,26.95,S
2021-07-27T11:22:09,1000.0,27.0,B
2021-07-27T11:21:15,100.0,27.0,B
2021-07-27T11:20:54,5500.0,26.95,S
2021-07-27T11:19:40,100.0,27.0,B
2021-07-27T11:18:41,500.0,27.0,B
2021-07-27T11:18:19,100.0,27.0,B
2021-07-27T11:17:28,2000.0,27.0,B
2021-07-27T11:17:26,100.0,27.0,B
2021-07-27T11:17:15,2500.0,27.0,S
2021-07-27T11:15:07,200.0,27.05,B
2021-07-27T11:15:05,100.0,27.05,B
2021-07-27T11:14:41,2000.0,27.05,B
2021-07-27T11:13:47,300.0,27.0,S
2021-07-27T11:13:28,900.0,27.0,S
2021-07-27T11:13:28,3600.0,27.0,S
2021-07-27T11:13:22,2000.0,27.0,S
2021-07-27T11:12:56,500.0,27.0,S
2021-07-27T11:12:43,100.0,27.0,S
2021-07-27T11:12:07,500.0,27.0,S
2021-07-27T11:12:00,200.0,27.0,S
2021-07-27T11:11:55,3000.0,27.05,B
2021-07-27T11:09:40,2000.0,27.05,B
2021-07-27T11:09:39,1700.0,27.05,B
2021-07-27T11:07:01,3000.0,27.05,B
2021-07-27T11:06:17,900.0,27.05,B
2021-07-27T11:05:27,500.0,27.05,B
2021-07-27T11:03:36,400.0,27.05,S
2021-07-27T11:03:15,100.0,27.05,B
2021-07-27T11:02:36,9000.0,27.05,B
2021-07-27T11:02:02,500.0,27.0,S
2021-07-27T11:01:50,700.0,27.0,B
2021-07-27T11:01:44,100.0,27.0,B
2021-07-27T11:01:36,100.0,27.0,B
2021-07-27T11:01:35,4000.0,27.0,B
2021-07-27T11:01:11,3400.0,26.95,B
2021-07-27T11:01:07,3000.0,26.95,B
2021-07-27T11:00:49,500.0,26.95,B
2021-07-27T11:00:36,1000.0,26.95,B
2021-07-27T11:00:23,100.0,26.95,B
2021-07-27T10:59:14,1900.0,26.95,B
2021-07-27T10:58:55,500.0,26.95,B
2021-07-27T10:58:41,1000.0,26.95,B
2021-07-27T10:58:06,500.0,26.95,B
2021-07-27T10:57:20,200.0,26.9,S
2021-07-27T10:57:06,1100.0,26.95,S
2021-07-27T10:56:33,300.0,26.95,S
2021-07-27T10:56:07,1600.0,26.95,S
2021-07-27T10:55:55,400.0,26.95,S
2021-07-27T10:55:06,800.0,26.95,S
2021-07-27T10:55:06,100.0,27.0,B
2021-07-27T10:54:30,200.0,26.95,B
2021-07-27T10:54:15,300.0,26.95,B
2021-07-27T10:54:15,700.0,26.95,B
2021-07-27T10:53:57,400.0,26.95,B
2021-07-27T10:53:49,200.0,26.95,B
2021-07-27T10:53:38,1000.0,26.95,B
2021-07-27T10:53:24,200.0,26.95,B
2021-07-27T10:53:03,1000.0,26.95,B
2021-07-27T10:53:00,500.0,26.95,B
2021-07-27T10:52:42,1000.0,26.95,B
2021-07-27T10:52:10,100.0,26.95,B
2021-07-27T10:52:04,2000.0,26.95,B
2021-07-27T10:51:41,100.0,26.95,B
2021-07-27T10:51:40,500.0,26.95,B
2021-07-27T10:51:30,500.0,26.95,B
2021-07-27T10:50:58,2000.0,26.95,S
2021-07-27T10:50:44,500.0,27.0,B
2021-07-27T10:50:05,100.0,27.0,B
2021-07-27T10:50:04,100.0,27.0,B
2021-07-27T10:49:49,400.0,27.0,B
2021-07-27T10:49:49,5100.0,27.0,S
2021-07-27T10:49:49,4900.0,27.0,S
2021-07-27T10:49:34,1000.0,27.0,S
2021-07-27T10:49:32,2000.0,27.0,S
2021-07-27T10:49:28,700.0,27.0,S
2021-07-27T10:49:02,500.0,27.0,S
2021-07-27T10:48:34,500.0,27.0,S
2021-07-27T10:47:56,500.0,27.05,B
2021-07-27T10:46:36,500.0,27.05,B
2021-07-27T10:46:28,100.0,27.05,B
2021-07-27T10:46:01,1000.0,27.0,S
2021-07-27T10:45:16,1000.0,27.0,S
2021-07-27T10:45:12,200.0,27.0,S
2021-07-27T10:45:07,100.0,27.05,B
2021-07-27T10:45:05,100.0,27.05,B
2021-07-27T10:45:03,2500.0,27.0,S
2021-07-27T10:45:03,100.0,27.0,S
2021-07-27T10:44:09,700.0,27.0,S
2021-07-27T10:43:47,300.0,27.0,S
2021-07-27T10:43:47,2100.0,27.0,S
2021-07-27T10:43:47,2600.0,27.0,S
2021-07-27T10:42:36,500.0,27.0,S
2021-07-27T10:42:13,6000.0,27.0,S
2021-07-27T10:41:53,500.0,27.0,S
2021-07-27T10:41:44,2000.0,27.0,S
2021-07-27T10:41:06,5000.0,27.0,S
2021-07-27T10:40:45,500.0,27.0,S
2021-07-27T10:40:18,100.0,27.05,B
2021-07-27T10:40:17,1100.0,27.05,S
2021-07-27T10:40:08,100.0,27.1,B
2021-07-27T10:38:57,1600.0,27.05,S
2021-07-27T10:38:01,1000.0,27.05,S
2021-07-27T10:37:51,2000.0,27.1,B
2021-07-27T10:37:33,1000.0,27.1,B
2021-07-27T10:37:17,5000.0,27.1,B
2021-07-27T10:37:10,200.0,27.05,S
2021-07-27T10:36:40,300.0,27.05,S
2021-07-27T10:35:37,300.0,27.05,S
2021-07-27T10:35:29,1300.0,27.1,B
2021-07-27T10:35:25,2000.0,27.1,S
2021-07-27T10:35:06,400.0,27.1,S
2021-07-27T10:33:46,1100.0,27.1,S
2021-07-27T10:33:46,3900.0,27.1,S
2021-07-27T10:33:36,1500.0,27.1,S
2021-07-27T10:32:47,100.0,27.1,S
2021-07-27T10:32:44,1000.0,27.1,S
2021-07-27T10:31:52,1900.0,27.1,S
2021-07-27T10:31:44,100.0,27.1,S
2021-07-27T10:30:56,1000.0,27.1,B
2021-07-27T10:30:48,3000.0,27.1,B
2021-07-27T10:30:45,1000.0,27.1,B
2021-07-27T10:30:22,2000.0,27.1,B
2021-07-27T10:30:07,200.0,27.1,B
2021-07-27T10:30:06,400.0,27.1,B
2021-07-27T10:29:57,100.0,27.05,S
2021-07-27T10:29:44,1000.0,27.1,B
2021-07-27T10:29:43,3000.0,27.05,S
2021-07-27T10:29:40,700.0,27.05,S
2021-07-27T10:29:12,2900.0,27.05,S
2021-07-27T10:29:02,300.0,27.1,B
2021-07-27T10:28:35,600.0,27.05,S
2021-07-27T10:28:34,100.0,27.05,S
2021-07-27T10:28:19,4000.0,27.05,S
2021-07-27T10:27:27,200.0,27.05,S
2021-07-27T10:27:24,2000.0,27.05,S
2021-07-27T10:27:18,400.0,27.05,S
2021-07-27T10:26:25,3000.0,27.05,S
2021-07-27T10:25:56,200.0,27.05,S
2021-07-27T10:25:42,8100.0,27.1,S
2021-07-27T10:24:50,500.0,27.1,S
2021-07-27T10:24:06,200.0,27.1,S
2021-07-27T10:23:48,500.0,27.1,S
2021-07-27T10:23:45,1000.0,27.1,S
2021-07-27T10:23:39,700.0,27.1,S
2021-07-27T10:23:00,100.0,27.15,B
2021-07-27T10:22:43,500.0,27.15,B
2021-07-27T10:21:37,500.0,27.15,B
2021-07-27T10:21:31,100.0,27.15,B
2021-07-27T10:21:23,200.0,27.15,B
2021-07-27T10:21:23,500.0,27.15,B
2021-07-27T10:21:22,1000.0,27.15,B
2021-07-27T10:21:14,1100.0,27.15,S
2021-07-27T10:21:06,100.0,27.15,S
2021-07-27T10:21:05,1000.0,27.15,B
2021-07-27T10:21:02,2500.0,27.15,B
2021-07-27T10:21:02,300.0,27.1,S
2021-07-27T10:21:00,2000.0,27.15,B
2021-07-27T10:21:00,1400.0,27.15,B
2021-07-27T10:21:00,900.0,27.15,B
2021-07-27T10:20:55,1000.0,27.15,B
2021-07-27T10:20:54,500.0,27.15,B
2021-07-27T10:20:43,500.0,27.15,B
2021-07-27T10:20:29,5000.0,27.15,B
2021-07-27T10:20:27,3600.0,27.1,S
2021-07-27T10:20:13,10000.0,27.1,S
2021-07-27T10:19:32,200.0,27.15,B
2021-07-27T10:19:30,2000.0,27.1,S
2021-07-27T10:19:05,1000.0,27.15,B
2021-07-27T10:18:44,500.0,27.1,S
2021-07-27T10:18:37,3500.0,27.1,S
2021-07-27T10:18:35,1000.0,27.15,B
2021-07-27T10:18:23,1100.0,27.1,S
2021-07-27T10:18:07,1700.0,27.1,S
2021-07-27T10:17:43,300.0,27.1,S
2021-07-27T10:17:11,200.0,27.1,S
2021-07-27T10:16:14,2200.0,27.1,S
2021-07-27T10:16:10,1000.0,27.1,B
2021-07-27T10:16:09,900.0,27.1,B
2021-07-27T10:15:56,10000.0,27.1,B
2021-07-27T10:15:36,800.0,27.1,B
2021-07-27T10:15:36,200.0,27.1,B
2021-07-27T10:15:21,300.0,27.1,B
2021-07-27T10:15:21,500.0,27.1,B
2021-07-27T10:15:01,100.0,27.05,S
2021-07-27T10:14:36,400.0,27.05,S
2021-07-27T10:12:52,200.0,27.05,S
2021-07-27T10:12:42,1000.0,27.1,B
2021-07-27T10:12:34,1300.0,27.1,B
2021-07-27T10:12:19,400.0,27.05,S
2021-07-27T10:12:17,1900.0,27.05,B
2021-07-27T10:12:10,100.0,27.05,B
2021-07-27T10:11:58,100.0,27.05,B
2021-07-27T10:11:55,1000.0,27.0,S
2021-07-27T10:11:29,13000.0,27.0,B
2021-07-27T10:11:19,500.0,27.0,B
2021-07-27T10:10:45,900.0,27.0,B
2021-07-27T10:10:43,1000.0,27.0,B
2021-07-27T10:10:14,2800.0,26.95,B
2021-07-27T10:10:06,200.0,26.95,B
2021-07-27T10:10:04,100.0,26.95,B
2021-07-27T10:09:39,5000.0,26.95,B
2021-07-27T10:09:26,1000.0,26.95,B
2021-07-27T10:09:18,500.0,26.9,S
2021-07-27T10:09:14,200.0,26.9,S
2021-07-27T10:09:14,300.0,26.9,S
2021-07-27T10:09:09,1000.0,26.9,S
2021-07-27T10:09:08,2000.0,26.9,S
2021-07-27T10:07:39,2100.0,26.9,S
2021-07-27T10:06:41,1500.0,26.9,S
2021-07-27T10:06:41,2000.0,26.9,S
2021-07-27T10:06:41,400.0,26.9,S
2021-07-27T10:06:39,100.0,26.9,S
2021-07-27T10:05:59,100.0,26.9,S
2021-07-27T10:05:51,4400.0,26.9,B
2021-07-27T10:05:29,100.0,26.9,B
2021-07-27T10:05:17,1000.0,26.9,B
2021-07-27T10:05:06,100.0,26.85,B
2021-07-27T10:05:06,1600.0,26.85,B
2021-07-27T10:05:04,200.0,26.85,B
2021-07-27T10:05:03,100.0,26.85,B
2021-07-27T10:05:01,1000.0,26.85,B
2021-07-27T10:04:55,500.0,26.85,B
2021-07-27T10:04:50,200.0,26.85,B
2021-07-27T10:04:48,500.0,26.85,B
2021-07-27T10:04:33,100.0,26.85,B
2021-07-27T10:04:23,500.0,26.8,S
2021-07-27T10:04:05,1500.0,26.8,B
2021-07-27T10:04:01,3500.0,26.8,S
2021-07-27T10:03:49,200.0,26.85,B
2021-07-27T10:03:34,400.0,26.85,S
2021-07-27T10:03:31,100.0,26.85,S
2021-07-27T10:03:11,100.0,26.8,S
2021-07-27T10:03:09,100.0,26.8,S
2021-07-27T10:03:09,700.0,26.8,S
2021-07-27T10:03:09,4200.0,26.8,S
2021-07-27T10:03:00,1400.0,26.85,S
2021-07-27T10:02:57,500.0,26.85,S
2021-07-27T10:02:50,200.0,26.8,S
2021-07-27T10:02:46,500.0,26.8,S
2021-07-27T10:02:43,300.0,26.85,S
2021-07-27T10:02:29,6400.0,26.8,S
2021-07-27T10:02:29,1400.0,26.8,S
2021-07-27T10:02:14,600.0,26.85,B
2021-07-27T10:01:59,100.0,26.85,B
2021-07-27T10:01:56,200.0,26.8,S
2021-07-27T10:01:55,200.0,26.8,S
2021-07-27T10:01:54,1500.0,26.8,S
2021-07-27T10:01:46,800.0,26.8,S
2021-07-27T10:01:33,100.0,26.85,S
2021-07-27T10:01:33,3500.0,26.85,S
2021-07-27T10:01:33,2000.0,26.85,S
2021-07-27T10:01:20,300.0,26.85,S
2021-07-27T10:01:18,300.0,26.85,S
2021-07-27T10:01:01,400.0,26.85,S
2021-07-27T10:00:46,600.0,26.9,S
2021-07-27T10:00:43,400.0,26.9,B
2021-07-27T10:00:42,1100.0,26.9,S
2021-07-27T10:00:39,6300.0,26.9,S
2021-07-27T10:00:35,500.0,26.9,S
2021-07-27T10:00:32,100.0,26.95,B
2021-07-27T10:00:16,200.0,26.95,B
2021-07-27T10:00:15,700.0,26.95,S
2021-07-27T10:00:06,300.0,27.0,B
2021-07-27T10:00:04,100.0,27.0,B
2021-07-27T10:00:04,11500.0,27.0,S
2021-07-27T10:00:04,100.0,27.05,B
2021-07-27T10:00:02,100.0,27.0,S
2021-07-27T10:00:01,4100.0,27.0,S
2021-07-27T10:00:01,10900.0,27.0,S
2021-07-27T10:00:01,3900.0,27.0,S
2021-07-27T10:00:01,500.0,27.0,S
2021-07-27T09:59:58,100.0,27.0,S
2021-07-27T09:59:57,1000.0,27.0,S
2021-07-27T09:59:54,500.0,27.0,S
2021-07-27T09:59:45,100.0,27.0,S
2021-07-27T09:59:44,6800.0,27.0,S
2021-07-27T09:59:22,1200.0,27.0,S
2021-07-27T09:59:22,2200.0,27.0,S
2021-07-27T09:59:22,1100.0,27.0,S
2021-07-27T09:59:22,5500.0,27.0,S
2021-07-27T09:58:55,500.0,27.05,B
2021-07-27T09:58:49,1500.0,27.0,S
2021-07-27T09:58:34,1000.0,27.0,S
2021-07-27T09:57:46,2800.0,27.05,S
2021-07-27T09:57:32,10000.0,27.05,S
2021-07-27T09:56:53,500.0,27.1,B
2021-07-27T09:56:39,1000.0,27.1,B
2021-07-27T09:55:17,500.0,27.1,B
2021-07-27T09:55:12,1000.0,27.1,B
2021-07-27T09:55:02,200.0,27.1,B
2021-07-27T09:54:58,1000.0,27.1,B
2021-07-27T09:54:56,2000.0,27.1,B
2021-07-27T09:54:53,100.0,27.1,B
2021-07-27T09:54:04,100.0,27.1,B
2021-07-27T09:53:36,500.0,27.1,B
2021-07-27T09:53:33,100.0,27.1,B
2021-07-27T09:53:14,1000.0,27.1,B
2021-07-27T09:53:12,900.0,27.1,B
2021-07-27T09:53:12,100.0,27.05,S
2021-07-27T09:52:12,1000.0,27.1,B
2021-07-27T09:51:39,100.0,27.1,B
2021-07-27T09:51:25,600.0,27.1,B
2021-07-27T09:51:25,200.0,27.1,B
2021-07-27T09:51:25,200.0,27.1,B
2021-07-27T09:51:19,200.0,27.1,B
2021-07-27T09:51:09,100.0,27.1,B
2021-07-27T09:50:19,2500.0,27.1,B
2021-07-27T09:50:07,100.0,27.1,B
2021-07-27T09:50:04,300.0,27.1,B
2021-07-27T09:50:03,100.0,27.1,B
2021-07-27T09:49:47,500.0,27.1,B
2021-07-27T09:49:46,200.0,27.05,S
2021-07-27T09:48:29,500.0,27.1,B
2021-07-27T09:48:18,200.0,27.05,S
2021-07-27T09:48:15,1500.0,27.1,B
2021-07-27T09:48:11,200.0,27.1,B
2021-07-27T09:47:50,3800.0,27.1,S
2021-07-27T09:47:09,11200.0,27.1,B
2021-07-27T09:46:19,500.0,27.1,B
2021-07-27T09:46:16,300.0,27.1,B
2021-07-27T09:45:37,500.0,27.1,B
2021-07-27T09:45:21,1000.0,27.1,B
2021-07-27T09:45:03,300.0,27.1,B
2021-07-27T09:45:03,100.0,27.1,B
2021-07-27T09:45:02,100.0,27.1,B
2021-07-27T09:45:00,500.0,27.05,S
2021-07-27T09:44:22,300.0,27.05,S
2021-07-27T09:44:18,300.0,27.05,S
2021-07-27T09:43:19,500.0,27.05,S
2021-07-27T09:43:05,3500.0,27.1,S
2021-07-27T09:43:02,100.0,27.15,B
2021-07-27T09:42:57,5200.0,27.1,S
2021-07-27T09:42:57,500.0,27.1,S
2021-07-27T09:42:57,200.0,27.1,S
2021-07-27T09:42:57,3300.0,27.1,S
2021-07-27T09:42:57,800.0,27.1,S
2021-07-27T09:42:50,100.0,27.15,B
2021-07-27T09:42:29,1000.0,27.1,S
2021-07-27T09:42:16,1200.0,27.1,S
2021-07-27T09:41:58,1500.0,27.1,S
2021-07-27T09:41:41,2900.0,27.15,S
2021-07-27T09:41:25,100.0,27.15,S
2021-07-27T09:41:24,9700.0,27.15,S
2021-07-27T09:40:50,200.0,27.15,B
2021-07-27T09:40:24,200.0,27.15,S
2021-07-27T09:40:19,300.0,27.15,S
2021-07-27T09:40:14,200.0,27.15,S
2021-07-27T09:40:03,200.0,27.2,B
2021-07-27T09:40:02,100.0,27.2,B
2021-07-27T09:39:45,200.0,27.15,S
2021-07-27T09:39:43,2000.0,27.15,S
2021-07-27T09:39:20,1000.0,27.15,S
2021-07-27T09:37:50,1000.0,27.2,B
2021-07-27T09:37:47,1400.0,27.15,B
2021-07-27T09:37:45,2000.0,27.15,S
2021-07-27T09:37:45,3000.0,27.15,S
2021-07-27T09:37:15,6000.0,27.15,S
2021-07-27T09:37:04,500.0,27.2,B
2021-07-27T09:37:01,1000.0,27.2,B
2021-07-27T09:36:56,500.0,27.2,B
2021-07-27T09:36:48,100.0,27.2,B
2021-07-27T09:36:43,8000.0,27.2,S
2021-07-27T09:36:42,3000.0,27.2,S
2021-07-27T09:36:15,100.0,27.2,S
2021-07-27T09:35:45,200.0,27.2,S
2021-07-27T09:34:45,200.0,27.25,B
2021-07-27T09:34:17,100.0,27.25,B
2021-07-27T09:34:10,1400.0,27.25,B
2021-07-27T09:34:05,6100.0,27.2,S
2021-07-27T09:33:57,100.0,27.25,B
2021-07-27T09:33:36,3600.0,27.2,S
2021-07-27T09:33:35,400.0,27.2,S
2021-07-27T09:33:03,500.0,27.2,S
2021-07-27T09:32:55,400.0,27.2,S
2021-07-27T09:32:35,9000.0,27.2,S
2021-07-27T09:31:48,500.0,27.2,S
2021-07-27T09:31:31,1400.0,27.2,S
2021-07-27T09:31:16,200.0,27.2,S
2021-07-27T09:31:03,200.0,27.2,S
2021-07-27T09:31:02,200.0,27.2,B
2021-07-27T09:30:52,300.0,27.2,S
2021-07-27T09:30:20,300.0,27.2,S
2021-07-27T09:30:01,300.0,27.2,B
2021-07-27T09:29:52,1000.0,27.2,B
2021-07-27T09:29:41,800.0,27.2,S
2021-07-27T09:29:40,200.0,27.2,S
2021-07-27T09:29:40,1500.0,27.2,B
2021-07-27T09:29:36,1000.0,27.2,B
2021-07-27T09:29:19,2500.0,27.2,B
2021-07-27T09:28:55,500.0,27.15,B
2021-07-27T09:28:54,300.0,27.15,B
2021-07-27T09:28:51,500.0,27.15,B
2021-07-27T09:28:44,1000.0,27.15,B
2021-07-27T09:28:39,2000.0,27.15,B
2021-07-27T09:28:34,500.0,27.15,B
2021-07-27T09:28:29,5000.0,27.15,B
2021-07-27T09:28:16,500.0,27.15,B
2021-07-27T09:28:09,100.0,27.15,B
2021-07-27T09:28:05,1000.0,27.15,B
2021-07-27T09:27:56,7000.0,27.15,S
2021-07-27T09:27:52,2500.0,27.2,B
2021-07-27T09:27:26,1000.0,27.15,S
2021-07-27T09:27:13,5100.0,27.15,S
2021-07-27T09:26:07,500.0,27.15,S
2021-07-27T09:26:05,100.0,27.15,S
2021-07-27T09:25:55,2700.0,27.15,B
2021-07-27T09:25:16,100.0,27.15,B
2021-07-27T09:25:15,2200.0,27.15,S
2021-07-27T09:25:00,200.0,27.15,S
2021-07-27T09:24:50,100.0,27.15,S
2021-07-27T09:24:39,100.0,27.15,S
2021-07-27T09:24:25,400.0,27.15,S
2021-07-27T09:24:09,1000.0,27.15,S
2021-07-27T09:24:07,500.0,27.15,S
2021-07-27T09:23:18,300.0,27.15,S
2021-07-27T09:23:03,500.0,27.25,B
2021-07-27T09:23:02,700.0,27.15,S
2021-07-27T09:22:48,100.0,27.25,B
2021-07-27T09:22:36,400.0,27.15,S
2021-07-27T09:22:21,1000.0,27.15,S
2021-07-27T09:21:35,700.0,27.25,S
2021-07-27T09:21:23,10000.0,27.25,S
2021-07-27T09:20:56,200.0,27.25,S
2021-07-27T09:20:37,500.0,27.3,B
2021-07-27T09:20:32,1000.0,27.25,S
2021-07-27T09:20:31,2000.0,27.3,B
2021-07-27T09:20:22,300.0,27.25,S
2021-07-27T09:20:20,4000.0,27.25,S
2021-07-27T09:19:40,200.0,27.25,S
2021-07-27T09:19:12,100.0,27.25,S
2021-07-27T09:19:10,500.0,27.3,B
2021-07-27T09:19:00,500.0,27.25,S
2021-07-27T09:18:52,100.0,27.25,S
2021-07-27T09:18:49,100.0,27.25,S
2021-07-27T09:18:39,600.0,27.3,B
2021-07-27T09:18:11,800.0,27.3,S
2021-07-27T09:18:08,200.0,27.3,B
2021-07-27T09:17:56,1000.0,27.3,B
2021-07-27T09:17:53,2000.0,27.3,B
2021-07-27T09:17:40,1300.0,27.3,B
2021-07-27T09:17:39,1500.0,27.3,B
2021-07-27T09:17:38,500.0,27.3,S
2021-07-27T09:17:27,200.0,27.3,S
2021-07-27T09:17:27,1700.0,27.3,S
2021-07-27T09:17:27,1000.0,27.3,S
2021-07-27T09:16:21,100.0,27.3,S
2021-07-27T09:15:50,1000.0,27.3,S
2021-07-27T09:15:43,300.0,27.3,S
2021-07-27T09:15:39,500.0,27.3,B
2021-07-27T09:15:29,3200.0,27.3,S
