tradingTime,volume,price,side
2021-07-27T14:29:41,200.0,105.8,S
2021-07-27T14:29:31,2000.0,106.0,B
2021-07-27T14:29:20,1400.0,105.8,S
2021-07-27T14:29:01,800.0,105.9,S
2021-07-27T14:29:01,2800.0,105.9,S
2021-07-27T14:28:57,600.0,106.0,B
2021-07-27T14:27:41,100.0,106.0,B
2021-07-27T14:27:27,300.0,106.0,B
2021-07-27T14:27:24,100.0,105.9,S
2021-07-27T14:27:07,300.0,105.9,S
2021-07-27T14:27:07,2300.0,106.0,B
2021-07-27T14:26:41,200.0,105.9,S
2021-07-27T14:26:27,1400.0,106.0,S
2021-07-27T14:26:01,100.0,106.1,B
2021-07-27T14:25:35,100.0,106.1,B
2021-07-27T14:25:32,1200.0,106.1,B
2021-07-27T14:25:32,400.0,106.0,B
2021-07-27T14:25:10,100.0,106.0,B
2021-07-27T14:25:09,100.0,106.0,B
2021-07-27T14:25:03,2000.0,106.0,B
2021-07-27T14:24:57,2000.0,106.0,B
2021-07-27T14:24:54,500.0,105.9,S
2021-07-27T14:24:51,5000.0,106.0,B
2021-07-27T14:24:43,100.0,106.0,B
2021-07-27T14:24:35,200.0,106.0,B
2021-07-27T14:24:32,3000.0,106.0,B
2021-07-27T14:24:23,100.0,105.9,S
2021-07-27T14:24:11,1700.0,105.9,B
2021-07-27T14:23:56,400.0,105.9,B
2021-07-27T14:23:51,100.0,106.0,B
2021-07-27T14:23:25,100.0,106.0,B
2021-07-27T14:23:04,400.0,106.0,B
2021-07-27T14:22:59,500.0,106.0,B
2021-07-27T14:22:33,100.0,105.8,S
2021-07-27T14:22:20,3000.0,105.8,S
2021-07-27T14:22:19,500.0,106.0,B
2021-07-27T14:22:08,100.0,106.0,B
2021-07-27T14:21:57,1000.0,106.0,B
2021-07-27T14:21:57,100.0,105.9,S
2021-07-27T14:21:50,100.0,105.9,B
2021-07-27T14:21:50,600.0,105.9,B
2021-07-27T14:21:43,100.0,105.9,B
2021-07-27T14:21:36,700.0,105.9,B
2021-07-27T14:21:36,300.0,105.9,B
2021-07-27T14:21:36,3000.0,105.9,B
2021-07-27T14:21:16,100.0,105.9,B
2021-07-27T14:21:12,300.0,105.9,B
2021-07-27T14:21:00,200.0,105.9,B
2021-07-27T14:20:50,100.0,105.9,B
2021-07-27T14:20:24,100.0,105.9,B
2021-07-27T14:19:56,100.0,105.9,B
2021-07-27T14:19:32,100.0,105.9,B
2021-07-27T14:19:30,500.0,105.9,B
2021-07-27T14:19:25,400.0,105.9,B
2021-07-27T14:19:06,100.0,105.9,B
2021-07-27T14:18:46,100.0,105.9,B
2021-07-27T14:18:40,100.0,105.9,B
2021-07-27T14:18:28,400.0,105.9,B
2021-07-27T14:18:21,100.0,105.9,B
2021-07-27T14:18:14,100.0,105.9,B
2021-07-27T14:17:48,100.0,105.9,B
2021-07-27T14:17:22,100.0,105.9,B
2021-07-27T14:17:08,400.0,105.9,B
2021-07-27T14:16:59,800.0,105.5,S
2021-07-27T14:16:59,300.0,105.5,S
2021-07-27T14:16:59,7300.0,105.5,S
2021-07-27T14:16:59,1600.0,105.6,S
2021-07-27T14:16:56,100.0,105.9,B
2021-07-27T14:16:55,400.0,105.9,B
2021-07-27T14:16:30,100.0,105.9,B
2021-07-27T14:16:24,400.0,105.9,B
2021-07-27T14:16:07,400.0,105.9,B
2021-07-27T14:15:49,6100.0,105.6,S
2021-07-27T14:15:49,100.0,105.7,S
2021-07-27T14:15:49,3800.0,105.7,S
2021-07-27T14:15:37,100.0,105.7,S
2021-07-27T14:15:13,100.0,105.9,B
2021-07-27T14:15:00,900.0,105.9,B
2021-07-27T14:15:00,100.0,105.9,B
2021-07-27T14:14:47,100.0,105.9,B
2021-07-27T14:14:44,500.0,105.9,B
2021-07-27T14:14:20,100.0,105.9,B
2021-07-27T14:14:13,300.0,105.9,B
2021-07-27T14:14:03,7400.0,105.9,B
2021-07-27T14:14:03,3600.0,105.8,B
2021-07-27T14:13:55,100.0,105.8,B
2021-07-27T14:13:29,100.0,105.8,B
2021-07-27T14:13:27,1100.0,105.8,B
2021-07-27T14:13:12,400.0,105.8,B
2021-07-27T14:13:04,100.0,105.8,B
2021-07-27T14:12:54,400.0,105.8,B
2021-07-27T14:12:37,100.0,105.8,B
2021-07-27T14:12:11,100.0,105.8,B
2021-07-27T14:12:10,600.0,105.8,B
2021-07-27T14:12:07,100.0,105.7,B
2021-07-27T14:11:52,2000.0,105.6,B
2021-07-27T14:11:45,100.0,105.6,B
2021-07-27T14:11:25,200.0,105.6,S
2021-07-27T14:11:22,300.0,105.7,B
2021-07-27T14:11:21,100.0,105.6,S
2021-07-27T14:10:56,100.0,105.6,S
2021-07-27T14:10:53,100.0,105.7,B
2021-07-27T14:10:30,100.0,105.7,B
2021-07-27T14:10:01,100.0,105.7,B
2021-07-27T14:09:48,800.0,105.7,B
2021-07-27T14:09:45,100.0,105.5,S
2021-07-27T14:09:44,1100.0,105.7,B
2021-07-27T14:09:38,500.0,105.7,B
2021-07-27T14:09:21,1600.0,105.5,S
2021-07-27T14:09:21,6000.0,105.5,S
2021-07-27T14:09:11,500.0,105.5,S
2021-07-27T14:09:11,2000.0,105.5,S
2021-07-27T14:09:11,100.0,105.5,S
2021-07-27T14:09:11,6700.0,105.6,S
2021-07-27T14:09:11,900.0,105.6,S
2021-07-27T14:09:11,100.0,105.6,S
2021-07-27T14:09:11,2000.0,105.6,S
2021-07-27T14:09:10,100.0,105.7,B
2021-07-27T14:08:51,100.0,105.7,S
2021-07-27T14:08:40,400.0,105.7,S
2021-07-27T14:08:29,500.0,105.7,S
2021-07-27T14:08:28,100.0,105.7,S
2021-07-27T14:08:24,300.0,105.8,B
2021-07-27T14:08:21,300.0,105.7,S
2021-07-27T14:08:10,100.0,105.7,S
2021-07-27T14:07:53,600.0,105.7,S
2021-07-27T14:07:52,100.0,105.8,B
2021-07-27T14:07:36,300.0,105.8,B
2021-07-27T14:07:21,1100.0,105.7,S
2021-07-27T14:07:21,4900.0,105.7,S
2021-07-27T14:07:20,2000.0,105.8,B
2021-07-27T14:07:09,3000.0,105.7,S
2021-07-27T14:06:52,100.0,105.7,S
2021-07-27T14:06:52,1900.0,105.7,S
2021-07-27T14:06:29,1100.0,105.7,S
2021-07-27T14:06:22,500.0,105.8,B
2021-07-27T14:06:17,400.0,105.8,B
2021-07-27T14:06:08,100.0,105.8,B
2021-07-27T14:06:06,3000.0,105.8,B
2021-07-27T14:06:04,2200.0,105.7,S
2021-07-27T14:06:00,3000.0,105.8,B
2021-07-27T14:05:31,2200.0,105.7,S
2021-07-27T14:05:27,1100.0,105.7,S
2021-07-27T14:05:20,2200.0,105.7,S
2021-07-27T14:05:11,1300.0,105.8,S
2021-07-27T14:05:09,300.0,105.8,S
2021-07-27T14:05:07,100.0,105.8,S
2021-07-27T14:05:07,700.0,105.8,S
2021-07-27T14:05:07,1500.0,105.8,S
2021-07-27T14:05:00,500.0,105.9,B
2021-07-27T14:04:57,2200.0,105.8,S
2021-07-27T14:04:45,2200.0,105.8,S
2021-07-27T14:04:44,300.0,105.8,S
2021-07-27T14:04:33,2200.0,105.8,S
2021-07-27T14:04:29,1000.0,105.8,S
2021-07-27T14:04:29,1200.0,105.8,S
2021-07-27T14:04:24,1200.0,106.0,B
2021-07-27T14:04:21,400.0,106.0,B
2021-07-27T14:04:21,1100.0,105.8,S
2021-07-27T14:04:14,1000.0,105.8,S
2021-07-27T14:04:10,300.0,105.9,S
2021-07-27T14:04:10,1000.0,105.9,S
2021-07-27T14:04:10,300.0,105.9,S
2021-07-27T14:04:08,600.0,105.9,S
2021-07-27T14:04:04,600.0,105.9,S
2021-07-27T14:03:59,500.0,105.9,S
2021-07-27T14:03:59,100.0,105.9,S
2021-07-27T14:03:59,100.0,105.9,S
2021-07-27T14:03:55,100.0,105.9,S
2021-07-27T14:03:54,100.0,105.9,S
2021-07-27T14:03:53,600.0,105.9,S
2021-07-27T14:03:42,600.0,105.9,S
2021-07-27T14:03:30,700.0,105.9,S
2021-07-27T14:03:25,400.0,105.9,S
2021-07-27T14:03:20,300.0,105.9,S
2021-07-27T14:03:20,200.0,105.9,S
2021-07-27T14:03:16,500.0,105.9,S
2021-07-27T14:03:12,600.0,106.0,B
2021-07-27T14:03:11,3100.0,106.0,S
2021-07-27T14:03:11,300.0,106.0,S
2021-07-27T14:03:11,500.0,106.0,S
2021-07-27T14:03:07,200.0,106.0,S
2021-07-27T14:03:03,100.0,106.0,S
2021-07-27T14:02:53,1100.0,106.0,S
2021-07-27T14:02:53,2400.0,106.0,S
2021-07-27T14:02:37,100.0,106.0,S
2021-07-27T14:02:20,1400.0,106.0,S
2021-07-27T14:02:15,100.0,106.1,B
2021-07-27T14:02:01,300.0,106.1,B
2021-07-27T14:01:57,400.0,106.1,B
2021-07-27T14:01:49,100.0,106.1,B
2021-07-27T14:01:23,100.0,106.1,B
2021-07-27T14:00:57,100.0,106.1,B
2021-07-27T14:00:31,100.0,106.1,B
2021-07-27T14:00:16,100.0,106.1,B
2021-07-27T14:00:10,100.0,106.0,S
2021-07-27T13:59:59,100.0,106.0,B
2021-07-27T13:59:59,2000.0,106.0,B
2021-07-27T13:59:59,500.0,106.0,B
2021-07-27T13:59:59,100.0,106.0,B
2021-07-27T13:59:59,400.0,106.0,B
2021-07-27T13:59:55,10000.0,106.0,B
2021-07-27T13:59:51,700.0,106.0,B
2021-07-27T13:59:43,200.0,106.0,B
2021-07-27T13:59:43,100.0,106.0,B
2021-07-27T13:59:43,300.0,106.0,B
2021-07-27T13:59:43,1000.0,106.0,B
2021-07-27T13:59:36,2300.0,105.9,S
2021-07-27T13:59:36,500.0,105.9,S
2021-07-27T13:59:22,300.0,105.9,S
2021-07-27T13:59:22,200.0,106.0,B
2021-07-27T13:58:55,100.0,105.9,S
2021-07-27T13:58:43,100.0,105.9,S
2021-07-27T13:58:23,100.0,106.0,B
2021-07-27T13:58:16,400.0,106.0,B
2021-07-27T13:58:09,400.0,106.0,B
2021-07-27T13:57:55,100.0,106.0,B
2021-07-27T13:57:30,100.0,106.0,B
2021-07-27T13:57:03,100.0,106.0,B
2021-07-27T13:56:38,100.0,106.0,B
2021-07-27T13:56:33,1100.0,106.0,B
2021-07-27T13:56:25,100.0,105.8,S
2021-07-27T13:56:25,1800.0,105.8,S
2021-07-27T13:56:25,1200.0,105.8,S
2021-07-27T13:56:20,100.0,105.9,S
2021-07-27T13:56:19,100.0,105.9,S
2021-07-27T13:56:15,400.0,105.9,S
2021-07-27T13:56:14,2600.0,105.9,S
2021-07-27T13:56:14,1000.0,106.0,B
2021-07-27T13:56:12,100.0,106.0,B
2021-07-27T13:56:08,500.0,106.0,B
2021-07-27T13:55:42,300.0,105.9,S
2021-07-27T13:55:37,300.0,105.9,S
2021-07-27T13:55:33,300.0,105.9,S
2021-07-27T13:55:29,300.0,105.9,S
2021-07-27T13:55:22,300.0,105.9,S
2021-07-27T13:55:15,300.0,105.9,S
2021-07-27T13:55:11,100.0,105.9,S
2021-07-27T13:55:10,300.0,105.9,S
2021-07-27T13:55:05,100.0,105.9,S
2021-07-27T13:54:54,100.0,106.0,B
2021-07-27T13:54:42,200.0,106.0,B
2021-07-27T13:54:20,100.0,105.9,S
2021-07-27T13:54:01,600.0,105.9,S
2021-07-27T13:53:57,100.0,105.9,S
2021-07-27T13:53:35,600.0,105.9,S
2021-07-27T13:53:34,1700.0,105.9,S
2021-07-27T13:53:34,1300.0,105.9,S
2021-07-27T13:53:30,100.0,105.9,S
2021-07-27T13:53:30,500.0,105.9,S
2021-07-27T13:53:22,100.0,105.9,S
2021-07-27T13:53:22,300.0,106.0,B
2021-07-27T13:53:10,100.0,106.0,B
2021-07-27T13:52:44,100.0,106.0,B
2021-07-27T13:52:18,100.0,106.0,B
2021-07-27T13:51:53,100.0,106.0,B
2021-07-27T13:51:27,100.0,106.0,B
2021-07-27T13:51:07,100.0,106.0,B
2021-07-27T13:50:47,600.0,105.8,S
2021-07-27T13:50:38,300.0,105.8,S
2021-07-27T13:50:25,500.0,105.8,S
2021-07-27T13:50:15,500.0,105.8,S
2021-07-27T13:50:12,300.0,106.0,B
2021-07-27T13:50:08,100.0,105.9,S
2021-07-27T13:50:07,400.0,105.9,B
2021-07-27T13:49:58,700.0,105.8,S
2021-07-27T13:49:50,100.0,105.9,S
2021-07-27T13:49:50,200.0,105.9,S
2021-07-27T13:49:50,200.0,105.9,S
2021-07-27T13:49:44,400.0,105.9,S
2021-07-27T13:49:35,100.0,105.9,S
2021-07-27T13:49:34,600.0,105.9,S
2021-07-27T13:49:32,500.0,105.9,S
2021-07-27T13:49:27,500.0,105.9,S
2021-07-27T13:49:25,600.0,105.9,S
2021-07-27T13:49:22,500.0,105.9,S
2021-07-27T13:49:17,300.0,105.9,S
2021-07-27T13:49:11,200.0,105.9,S
2021-07-27T13:49:05,100.0,105.9,S
2021-07-27T13:48:51,100.0,106.0,B
2021-07-27T13:48:42,1000.0,106.0,B
2021-07-27T13:48:01,300.0,105.9,S
2021-07-27T13:47:59,500.0,105.9,S
2021-07-27T13:47:57,500.0,105.9,S
2021-07-27T13:47:53,500.0,105.9,S
2021-07-27T13:47:47,500.0,105.9,S
2021-07-27T13:47:47,300.0,105.9,S
2021-07-27T13:47:43,100.0,105.9,S
2021-07-27T13:47:40,300.0,105.9,S
2021-07-27T13:47:36,100.0,105.9,S
2021-07-27T13:47:32,100.0,106.0,B
2021-07-27T13:47:30,600.0,106.0,B
2021-07-27T13:47:07,100.0,106.0,B
2021-07-27T13:46:54,500.0,106.0,B
2021-07-27T13:46:41,100.0,106.0,B
2021-07-27T13:46:17,1200.0,106.0,B
2021-07-27T13:46:13,400.0,105.7,S
2021-07-27T13:46:10,100.0,106.0,B
2021-07-27T13:46:07,600.0,106.0,B
2021-07-27T13:46:06,300.0,105.7,S
2021-07-27T13:46:05,300.0,105.7,S
2021-07-27T13:46:01,100.0,105.6,S
2021-07-27T13:46:01,100.0,105.6,S
2021-07-27T13:46:01,300.0,105.6,S
2021-07-27T13:45:57,500.0,105.6,S
2021-07-27T13:45:52,500.0,105.6,S
2021-07-27T13:45:47,300.0,105.6,S
2021-07-27T13:45:41,100.0,105.6,S
2021-07-27T13:45:22,100.0,106.0,B
2021-07-27T13:44:58,100.0,106.0,B
2021-07-27T13:44:42,2700.0,106.0,B
2021-07-27T13:44:42,2100.0,105.9,B
2021-07-27T13:44:42,6200.0,105.9,B
2021-07-27T13:44:32,100.0,105.9,B
2021-07-27T13:44:06,100.0,105.9,B
2021-07-27T13:43:49,2300.0,105.9,B
2021-07-27T13:43:21,100.0,105.6,S
2021-07-27T13:43:15,300.0,105.6,S
2021-07-27T13:43:11,300.0,105.6,S
2021-07-27T13:43:07,300.0,105.6,S
2021-07-27T13:43:05,100.0,105.6,S
2021-07-27T13:43:03,300.0,105.6,S
2021-07-27T13:42:57,300.0,105.6,S
2021-07-27T13:42:56,3000.0,105.9,B
2021-07-27T13:42:56,3300.0,105.8,B
2021-07-27T13:42:56,600.0,105.8,B
2021-07-27T13:42:54,1100.0,105.6,S
2021-07-27T13:42:52,300.0,105.6,S
2021-07-27T13:42:45,300.0,105.6,S
2021-07-27T13:42:36,100.0,105.8,B
2021-07-27T13:42:36,100.0,105.8,B
2021-07-27T13:42:36,900.0,105.8,B
2021-07-27T13:42:35,500.0,105.6,S
2021-07-27T13:42:30,2000.0,105.8,B
2021-07-27T13:42:27,700.0,105.6,S
2021-07-27T13:42:22,100.0,105.6,S
2021-07-27T13:42:20,600.0,105.6,S
2021-07-27T13:42:17,300.0,105.6,S
2021-07-27T13:42:13,300.0,105.6,S
2021-07-27T13:42:09,300.0,105.6,S
2021-07-27T13:42:08,500.0,105.6,S
2021-07-27T13:42:06,300.0,105.6,S
2021-07-27T13:41:58,300.0,105.6,S
2021-07-27T13:41:53,300.0,105.6,S
2021-07-27T13:41:47,200.0,105.6,S
2021-07-27T13:41:44,100.0,105.6,S
2021-07-27T13:41:30,100.0,105.8,B
2021-07-27T13:41:22,700.0,105.8,B
2021-07-27T13:41:04,100.0,105.8,B
2021-07-27T13:40:47,300.0,105.8,B
2021-07-27T13:40:38,100.0,105.8,B
2021-07-27T13:40:12,100.0,105.8,B
2021-07-27T13:40:04,100.0,105.8,B
2021-07-27T13:39:57,500.0,105.6,S
2021-07-27T13:39:57,100.0,105.6,S
2021-07-27T13:39:57,100.0,105.6,S
2021-07-27T13:39:57,400.0,105.6,S
2021-07-27T13:39:53,500.0,105.6,S
2021-07-27T13:39:49,500.0,105.6,S
2021-07-27T13:39:48,600.0,105.6,S
2021-07-27T13:39:46,100.0,105.6,S
2021-07-27T13:39:46,400.0,105.6,S
2021-07-27T13:39:46,600.0,105.6,S
2021-07-27T13:39:42,500.0,105.6,S
2021-07-27T13:39:41,700.0,105.6,S
2021-07-27T13:39:36,300.0,105.6,S
2021-07-27T13:39:33,200.0,105.8,B
2021-07-27T13:39:32,500.0,105.6,S
2021-07-27T13:39:32,1000.0,105.6,S
2021-07-27T13:39:25,100.0,105.6,S
2021-07-27T13:39:23,700.0,105.6,S
2021-07-27T13:39:21,500.0,105.6,S
2021-07-27T13:39:17,500.0,105.6,S
2021-07-27T13:39:16,500.0,105.6,S
2021-07-27T13:39:10,500.0,105.6,S
2021-07-27T13:39:08,900.0,105.8,B
2021-07-27T13:39:03,300.0,105.6,S
2021-07-27T13:39:01,100.0,105.6,S
2021-07-27T13:38:59,300.0,105.6,S
2021-07-27T13:38:57,100.0,105.8,B
2021-07-27T13:38:57,300.0,105.6,S
2021-07-27T13:38:50,600.0,105.6,S
2021-07-27T13:38:49,600.0,105.6,S
2021-07-27T13:38:45,1500.0,105.8,B
2021-07-27T13:38:43,600.0,105.6,S
2021-07-27T13:38:40,200.0,105.6,S
2021-07-27T13:38:37,400.0,105.6,S
2021-07-27T13:38:37,500.0,105.6,S
2021-07-27T13:38:34,500.0,105.6,S
2021-07-27T13:38:30,500.0,105.6,S
2021-07-27T13:38:30,500.0,105.6,S
2021-07-27T13:38:27,500.0,105.6,S
2021-07-27T13:38:21,500.0,105.7,S
2021-07-27T13:38:20,100.0,105.8,B
2021-07-27T13:38:17,200.0,105.7,S
2021-07-27T13:38:14,400.0,105.7,S
2021-07-27T13:38:14,500.0,105.7,S
2021-07-27T13:38:09,500.0,105.7,S
2021-07-27T13:38:05,500.0,105.7,S
2021-07-27T13:38:04,500.0,105.7,S
2021-07-27T13:38:00,500.0,105.7,S
2021-07-27T13:37:56,600.0,105.7,S
2021-07-27T13:37:47,500.0,105.7,S
2021-07-27T13:37:47,200.0,105.7,S
2021-07-27T13:37:43,100.0,105.8,B
2021-07-27T13:37:42,500.0,105.8,B
2021-07-27T13:37:42,500.0,105.7,S
2021-07-27T13:37:40,600.0,105.7,S
2021-07-27T13:37:37,100.0,105.8,S
2021-07-27T13:37:37,5000.0,105.8,S
2021-07-27T13:37:37,800.0,105.8,S
2021-07-27T13:37:37,5000.0,105.8,S
2021-07-27T13:37:37,2000.0,106.0,B
2021-07-27T13:37:34,500.0,105.8,S
2021-07-27T13:37:32,500.0,105.8,S
2021-07-27T13:37:29,500.0,105.8,S
2021-07-27T13:37:25,500.0,105.8,S
2021-07-27T13:37:24,500.0,106.0,B
2021-07-27T13:37:23,600.0,105.8,S
2021-07-27T13:37:23,1500.0,105.8,S
2021-07-27T13:37:15,4100.0,105.8,S
2021-07-27T13:37:15,600.0,105.8,S
2021-07-27T13:37:13,200.0,105.8,S
2021-07-27T13:37:13,100.0,106.0,B
2021-07-27T13:37:11,500.0,105.8,S
2021-07-27T13:37:11,500.0,105.8,S
2021-07-27T13:37:07,500.0,105.8,S
2021-07-27T13:37:03,500.0,105.8,S
2021-07-27T13:36:59,500.0,105.8,S
2021-07-27T13:36:59,500.0,106.0,S
2021-07-27T13:36:52,400.0,106.0,S
2021-07-27T13:36:48,400.0,106.0,S
2021-07-27T13:36:47,700.0,106.0,S
2021-07-27T13:36:44,500.0,106.0,S
2021-07-27T13:36:43,100.0,106.1,B
2021-07-27T13:36:41,200.0,106.1,B
2021-07-27T13:36:40,200.0,106.0,S
2021-07-27T13:36:40,500.0,106.0,S
2021-07-27T13:36:37,400.0,106.0,S
2021-07-27T13:36:37,500.0,106.0,S
2021-07-27T13:36:32,100.0,106.0,S
2021-07-27T13:36:32,200.0,106.0,S
2021-07-27T13:36:30,700.0,106.0,S
2021-07-27T13:36:30,1600.0,106.0,B
2021-07-27T13:36:26,100.0,105.8,S
2021-07-27T13:36:20,600.0,106.0,B
2021-07-27T13:36:20,500.0,105.8,S
2021-07-27T13:35:55,500.0,105.8,S
2021-07-27T13:35:54,100.0,106.0,B
2021-07-27T13:35:50,300.0,106.0,B
2021-07-27T13:35:43,100.0,106.0,B
2021-07-27T13:35:37,5200.0,106.0,B
2021-07-27T13:35:37,5800.0,105.9,B
2021-07-27T13:35:27,100.0,105.9,B
2021-07-27T13:35:06,100.0,105.9,S
2021-07-27T13:35:01,100.0,106.0,B
2021-07-27T13:34:59,1200.0,106.0,B
2021-07-27T13:34:59,9800.0,106.0,B
2021-07-27T13:34:55,1000.0,105.9,S
2021-07-27T13:34:55,4000.0,105.9,S
2021-07-27T13:34:27,5000.0,105.9,S
2021-07-27T13:34:21,1900.0,106.0,B
2021-07-27T13:34:21,500.0,106.0,B
2021-07-27T13:34:21,600.0,106.0,B
2021-07-27T13:34:09,100.0,106.0,B
2021-07-27T13:34:08,800.0,106.0,B
2021-07-27T13:33:44,100.0,106.0,B
2021-07-27T13:33:28,1500.0,106.0,B
2021-07-27T13:33:18,100.0,106.0,B
2021-07-27T13:33:12,400.0,106.0,B
2021-07-27T13:32:51,100.0,105.9,B
2021-07-27T13:32:31,1100.0,105.9,B
2021-07-27T13:32:26,100.0,105.9,B
2021-07-27T13:32:20,200.0,105.9,B
2021-07-27T13:32:00,100.0,105.9,B
2021-07-27T13:31:34,100.0,105.9,B
2021-07-27T13:31:11,200.0,105.9,B
2021-07-27T13:31:09,100.0,105.9,B
2021-07-27T13:31:01,100.0,105.9,B
2021-07-27T13:30:56,1900.0,105.8,S
2021-07-27T13:30:56,1100.0,105.8,S
2021-07-27T13:30:45,800.0,106.0,B
2021-07-27T13:30:24,600.0,105.8,S
2021-07-27T13:30:23,100.0,105.9,B
2021-07-27T13:30:19,100.0,105.9,S
2021-07-27T13:29:56,100.0,105.9,S
2021-07-27T13:29:31,500.0,105.9,S
2021-07-27T13:29:24,100.0,106.0,B
2021-07-27T13:29:21,300.0,106.0,B
2021-07-27T13:29:15,700.0,106.0,B
2021-07-27T13:29:11,1200.0,106.0,B
2021-07-27T13:29:07,500.0,105.7,S
2021-07-27T13:29:06,500.0,106.0,B
2021-07-27T13:29:05,100.0,105.9,S
2021-07-27T13:29:02,1700.0,105.9,S
2021-07-27T13:29:01,700.0,105.9,S
2021-07-27T13:29:00,100.0,105.9,S
2021-07-27T13:28:57,500.0,105.9,S
2021-07-27T13:28:53,500.0,105.9,B
2021-07-27T13:28:53,400.0,105.9,B
2021-07-27T13:28:53,500.0,105.7,S
2021-07-27T13:28:51,500.0,105.8,S
2021-07-27T13:28:44,300.0,105.8,S
2021-07-27T13:28:43,300.0,105.8,S
2021-07-27T13:28:40,100.0,105.9,B
2021-07-27T13:28:38,300.0,105.8,S
2021-07-27T13:28:38,700.0,105.8,S
2021-07-27T13:28:28,400.0,105.8,S
2021-07-27T13:28:25,300.0,105.8,S
2021-07-27T13:28:24,100.0,105.8,S
2021-07-27T13:28:21,500.0,105.8,S
2021-07-27T13:28:20,400.0,105.8,S
2021-07-27T13:28:17,400.0,105.8,S
2021-07-27T13:28:16,100.0,105.8,S
2021-07-27T13:28:13,700.0,105.8,S
2021-07-27T13:28:12,500.0,105.8,S
2021-07-27T13:28:10,500.0,105.8,S
2021-07-27T13:28:06,300.0,105.8,S
2021-07-27T13:28:02,100.0,105.8,S
2021-07-27T13:27:59,700.0,105.8,S
2021-07-27T13:27:49,100.0,105.8,S
2021-07-27T13:27:43,100.0,105.8,S
2021-07-27T13:27:43,200.0,105.8,S
2021-07-27T13:27:42,200.0,105.8,S
2021-07-27T13:27:37,400.0,105.8,S
2021-07-27T13:27:35,700.0,105.9,S
2021-07-27T13:27:34,500.0,105.9,S
2021-07-27T13:27:30,100.0,105.9,S
2021-07-27T13:27:30,400.0,105.9,S
2021-07-27T13:27:26,500.0,105.9,S
2021-07-27T13:27:26,500.0,105.9,S
2021-07-27T13:27:22,300.0,105.9,S
2021-07-27T13:27:20,1100.0,106.0,B
2021-07-27T13:27:18,100.0,105.9,S
2021-07-27T13:27:13,500.0,105.9,S
2021-07-27T13:27:11,200.0,105.9,S
2021-07-27T13:27:05,100.0,105.9,S
2021-07-27T13:27:04,100.0,105.9,S
2021-07-27T13:27:02,300.0,105.9,S
2021-07-27T13:26:59,300.0,105.9,S
2021-07-27T13:26:56,300.0,105.8,S
2021-07-27T13:26:56,400.0,105.8,S
2021-07-27T13:26:56,100.0,105.9,S
2021-07-27T13:26:52,100.0,105.9,S
2021-07-27T13:26:50,300.0,105.9,S
2021-07-27T13:26:46,200.0,105.9,S
2021-07-27T13:26:44,2000.0,106.0,B
2021-07-27T13:26:41,200.0,105.9,S
2021-07-27T13:26:35,100.0,105.9,S
2021-07-27T13:26:35,200.0,105.9,S
2021-07-27T13:26:31,200.0,105.9,S
2021-07-27T13:26:25,100.0,105.9,S
2021-07-27T13:26:07,100.0,105.9,S
2021-07-27T13:25:57,100.0,106.0,B
2021-07-27T13:25:48,200.0,106.0,S
2021-07-27T13:25:48,100.0,106.0,S
2021-07-27T13:25:48,1100.0,106.0,S
2021-07-27T13:25:41,100.0,106.1,S
2021-07-27T13:25:22,500.0,106.1,S
2021-07-27T13:25:21,100.0,106.0,S
2021-07-27T13:25:18,2200.0,106.0,S
2021-07-27T13:24:13,200.0,106.0,S
2021-07-27T13:24:13,100.0,106.2,B
2021-07-27T13:23:47,100.0,106.2,B
2021-07-27T13:23:41,200.0,106.2,B
2021-07-27T13:23:39,3000.0,106.0,S
2021-07-27T13:23:28,9300.0,106.0,B
2021-07-27T13:23:28,1200.0,105.9,B
2021-07-27T13:23:26,200.0,105.9,B
2021-07-27T13:23:21,100.0,105.9,B
2021-07-27T13:22:58,3000.0,105.9,B
2021-07-27T13:22:58,500.0,105.9,B
2021-07-27T13:22:55,100.0,105.9,B
2021-07-27T13:22:53,100.0,105.9,B
2021-07-27T13:22:43,100.0,105.9,S
2021-07-27T13:22:43,800.0,105.9,S
2021-07-27T13:22:40,200.0,105.9,S
2021-07-27T13:22:36,200.0,105.9,S
2021-07-27T13:22:36,800.0,105.9,S
2021-07-27T13:22:36,1200.0,105.9,S
2021-07-27T13:22:35,800.0,106.0,B
2021-07-27T13:22:31,200.0,105.9,S
2021-07-27T13:22:30,400.0,106.0,B
2021-07-27T13:22:30,3000.0,105.9,S
2021-07-27T13:22:28,200.0,105.9,S
2021-07-27T13:22:24,200.0,105.9,S
2021-07-27T13:22:21,200.0,105.9,S
2021-07-27T13:22:15,200.0,105.9,S
2021-07-27T13:22:10,200.0,105.9,S
2021-07-27T13:22:04,200.0,105.9,S
2021-07-27T13:21:58,200.0,105.9,S
2021-07-27T13:21:52,100.0,105.9,S
2021-07-27T13:21:50,100.0,105.9,S
2021-07-27T13:21:47,1000.0,106.1,B
2021-07-27T13:21:44,300.0,106.0,B
2021-07-27T13:21:41,1000.0,106.0,S
2021-07-27T13:21:37,1000.0,106.0,S
2021-07-27T13:21:36,100.0,106.0,S
2021-07-27T13:21:23,300.0,106.0,S
2021-07-27T13:21:23,1700.0,106.0,S
2021-07-27T13:21:06,1700.0,106.0,S
2021-07-27T13:20:52,500.0,106.1,B
2021-07-27T13:20:46,300.0,106.1,B
2021-07-27T13:20:35,2500.0,106.0,S
2021-07-27T13:20:35,22500.0,106.0,S
2021-07-27T13:20:20,100.0,106.2,B
2021-07-27T13:20:15,300.0,106.2,B
2021-07-27T13:20:08,5000.0,106.2,B
2021-07-27T13:19:56,500.0,106.0,S
2021-07-27T13:19:52,500.0,106.0,S
2021-07-27T13:19:51,800.0,106.0,S
2021-07-27T13:19:49,5000.0,106.0,S
2021-07-27T13:19:46,700.0,106.0,S
2021-07-27T13:19:45,4400.0,106.0,S
2021-07-27T13:19:45,4600.0,106.0,S
2021-07-27T13:19:37,100.0,106.0,S
2021-07-27T13:19:37,500.0,106.0,S
2021-07-27T13:19:34,100.0,106.0,S
2021-07-27T13:19:34,100.0,106.1,S
2021-07-27T13:19:34,300.0,106.1,S
2021-07-27T13:19:30,400.0,106.1,S
2021-07-27T13:19:30,300.0,106.1,S
2021-07-27T13:19:30,100.0,106.1,S
2021-07-27T13:19:29,400.0,106.2,B
2021-07-27T13:19:25,100.0,106.1,S
2021-07-27T13:19:23,400.0,106.1,S
2021-07-27T13:19:23,100.0,106.1,S
2021-07-27T13:19:22,1800.0,106.1,S
2021-07-27T13:19:22,2200.0,106.1,S
2021-07-27T13:19:20,100.0,106.1,S
2021-07-27T13:19:16,100.0,106.1,S
2021-07-27T13:19:15,600.0,106.1,S
2021-07-27T13:19:13,5600.0,106.1,S
2021-07-27T13:19:13,500.0,106.1,S
2021-07-27T13:19:13,1800.0,106.1,S
2021-07-27T13:19:12,100.0,106.1,S
2021-07-27T13:19:09,100.0,106.1,S
2021-07-27T13:19:07,100.0,106.1,S
2021-07-27T13:19:05,100.0,106.1,S
2021-07-27T13:19:01,100.0,106.1,S
2021-07-27T13:18:45,600.0,106.2,B
2021-07-27T13:18:41,1200.0,106.2,S
2021-07-27T13:18:41,200.0,106.2,S
2021-07-27T13:18:41,3000.0,106.2,S
2021-07-27T13:18:41,300.0,106.2,S
2021-07-27T13:18:36,5700.0,106.2,S
2021-07-27T13:18:36,1100.0,106.2,S
2021-07-27T13:18:36,2000.0,106.2,S
2021-07-27T13:18:36,100.0,106.2,S
2021-07-27T13:18:36,100.0,106.3,B
2021-07-27T13:18:23,1700.0,106.3,S
2021-07-27T13:18:22,2800.0,106.4,B
2021-07-27T13:18:03,400.0,106.3,S
2021-07-27T13:18:02,300.0,106.4,B
2021-07-27T13:18:01,1700.0,106.4,B
2021-07-27T13:18:01,100.0,106.3,S
2021-07-27T13:18:00,700.0,106.3,S
2021-07-27T13:17:55,200.0,106.3,S
2021-07-27T13:17:53,100.0,106.3,S
2021-07-27T13:17:52,100.0,106.3,S
2021-07-27T13:17:49,400.0,106.3,S
2021-07-27T13:17:49,100.0,106.3,S
2021-07-27T13:17:47,500.0,106.4,B
2021-07-27T13:17:45,100.0,106.3,S
2021-07-27T13:17:42,400.0,106.3,S
2021-07-27T13:17:41,100.0,106.3,S
2021-07-27T13:17:37,100.0,106.3,S
2021-07-27T13:17:33,100.0,106.3,S
2021-07-27T13:17:31,400.0,106.3,S
2021-07-27T13:17:30,200.0,106.4,B
2021-07-27T13:17:29,100.0,106.3,S
2021-07-27T13:17:22,600.0,106.3,S
2021-07-27T13:17:22,100.0,106.3,S
2021-07-27T13:17:20,100.0,106.3,S
2021-07-27T13:16:54,2000.0,106.3,S
2021-07-27T13:16:52,100.0,106.4,B
2021-07-27T13:16:40,2400.0,106.4,B
2021-07-27T13:16:38,100.0,106.3,S
2021-07-27T13:16:22,3000.0,106.3,S
2021-07-27T13:16:09,300.0,106.4,B
2021-07-27T13:15:34,200.0,106.2,S
2021-07-27T13:15:29,100.0,106.2,S
2021-07-27T13:15:26,100.0,106.2,S
2021-07-27T13:15:23,100.0,106.2,S
2021-07-27T13:15:21,100.0,106.2,S
2021-07-27T13:15:19,100.0,106.2,S
2021-07-27T13:15:14,100.0,106.2,S
2021-07-27T13:15:10,100.0,106.3,S
2021-07-27T13:15:09,300.0,106.3,S
2021-07-27T13:15:09,200.0,106.3,S
2021-07-27T13:15:09,200.0,106.3,S
2021-07-27T13:15:09,500.0,106.3,S
2021-07-27T13:15:09,300.0,106.3,S
2021-07-27T13:15:06,100.0,106.3,S
2021-07-27T13:15:05,2200.0,106.3,S
2021-07-27T13:15:02,100.0,106.3,S
2021-07-27T13:15:01,500.0,106.3,S
2021-07-27T13:15:01,1100.0,106.3,S
2021-07-27T13:14:58,1300.0,106.3,S
2021-07-27T13:14:56,100.0,106.3,S
2021-07-27T13:14:56,600.0,106.3,S
2021-07-27T13:14:50,400.0,106.3,S
2021-07-27T13:14:46,100.0,106.4,B
2021-07-27T13:14:41,500.0,106.3,S
2021-07-27T13:14:33,600.0,106.3,S
2021-07-27T13:14:30,300.0,106.3,S
2021-07-27T13:14:25,100.0,106.3,S
2021-07-27T13:14:20,100.0,106.3,S
2021-07-27T13:14:17,100.0,106.3,S
2021-07-27T13:14:13,100.0,106.3,S
2021-07-27T13:14:10,100.0,106.3,S
2021-07-27T13:14:09,100.0,106.3,S
2021-07-27T13:14:06,100.0,106.3,S
2021-07-27T13:14:03,200.0,106.4,B
2021-07-27T13:14:02,100.0,106.3,S
2021-07-27T13:13:57,100.0,106.3,S
2021-07-27T13:13:51,100.0,106.4,B
2021-07-27T13:13:24,100.0,106.4,B
2021-07-27T13:13:04,400.0,106.4,B
2021-07-27T13:12:56,400.0,106.3,S
2021-07-27T13:12:54,100.0,106.3,S
2021-07-27T13:12:54,200.0,106.4,B
2021-07-27T13:12:54,300.0,106.4,B
2021-07-27T13:12:35,500.0,106.3,S
2021-07-27T13:12:33,100.0,106.4,B
2021-07-27T13:12:32,100.0,106.4,B
2021-07-27T13:12:23,700.0,106.3,S
2021-07-27T13:12:21,400.0,106.3,S
2021-07-27T13:12:21,100.0,106.3,S
2021-07-27T13:12:17,300.0,106.3,S
2021-07-27T13:12:17,400.0,106.3,S
2021-07-27T13:12:10,100.0,106.3,S
2021-07-27T13:12:08,100.0,106.3,S
2021-07-27T13:12:08,700.0,106.3,S
2021-07-27T13:12:04,100.0,106.3,S
2021-07-27T13:12:00,100.0,106.3,S
2021-07-27T13:11:57,600.0,106.3,S
2021-07-27T13:11:56,100.0,106.3,S
2021-07-27T13:11:55,300.0,106.4,S
2021-07-27T13:11:51,100.0,106.4,S
2021-07-27T13:11:46,500.0,106.4,S
2021-07-27T13:11:45,100.0,106.4,S
2021-07-27T13:11:40,100.0,106.4,S
2021-07-27T13:11:40,100.0,106.4,S
2021-07-27T13:11:39,700.0,106.4,S
2021-07-27T13:11:30,500.0,106.4,S
2021-07-27T13:11:25,600.0,106.4,S
2021-07-27T13:11:15,500.0,106.4,S
2021-07-27T13:11:15,100.0,106.5,B
2021-07-27T13:11:07,300.0,106.5,B
2021-07-27T13:11:02,600.0,106.4,S
2021-07-27T13:10:57,800.0,106.5,B
2021-07-27T13:10:47,300.0,106.4,S
2021-07-27T13:10:32,500.0,106.4,S
2021-07-27T13:10:25,100.0,106.4,S
2021-07-27T13:10:22,600.0,106.4,S
2021-07-27T13:10:17,300.0,106.4,S
2021-07-27T13:10:06,500.0,106.4,S
2021-07-27T13:10:03,300.0,106.4,S
2021-07-27T13:10:03,300.0,106.4,S
2021-07-27T13:10:03,100.0,106.4,S
2021-07-27T13:10:03,1500.0,106.4,S
2021-07-27T13:09:57,100.0,106.5,B
2021-07-27T13:09:57,500.0,106.4,S
2021-07-27T13:09:31,100.0,106.5,B
2021-07-27T13:09:30,1100.0,106.4,S
2021-07-27T13:09:06,100.0,106.5,B
2021-07-27T13:08:37,100.0,106.5,B
2021-07-27T13:08:14,100.0,106.5,B
2021-07-27T13:08:06,300.0,106.5,B
2021-07-27T13:08:06,500.0,106.5,B
2021-07-27T13:08:06,500.0,106.5,B
2021-07-27T13:07:56,100.0,106.4,S
2021-07-27T13:07:49,300.0,106.4,S
2021-07-27T13:07:39,1000.0,106.4,S
2021-07-27T13:07:33,200.0,106.5,B
2021-07-27T13:06:41,100.0,106.4,S
2021-07-27T13:05:47,1000.0,106.4,S
2021-07-27T13:05:39,100.0,106.4,B
2021-07-27T13:05:37,100.0,106.4,B
2021-07-27T13:05:36,800.0,106.4,S
2021-07-27T13:05:35,200.0,106.4,B
2021-07-27T13:05:35,200.0,106.4,B
2021-07-27T13:05:35,100.0,106.4,B
2021-07-27T13:05:35,1700.0,106.4,B
2021-07-27T13:05:12,100.0,106.4,B
2021-07-27T13:04:46,100.0,106.4,B
2021-07-27T13:04:39,1000.0,106.4,B
2021-07-27T13:04:34,200.0,106.4,B
2021-07-27T13:04:21,500.0,106.4,B
2021-07-27T13:04:20,100.0,106.4,B
2021-07-27T13:03:54,100.0,106.4,B
2021-07-27T13:03:28,100.0,106.4,B
2021-07-27T13:03:03,100.0,106.4,B
2021-07-27T13:02:36,100.0,106.4,B
2021-07-27T13:02:11,100.0,106.4,B
2021-07-27T13:01:45,100.0,106.4,B
2021-07-27T13:01:19,100.0,106.4,B
2021-07-27T13:00:53,100.0,106.4,B
2021-07-27T13:00:36,400.0,106.4,B
2021-07-27T13:00:27,100.0,106.4,B
2021-07-27T13:00:12,300.0,106.4,B
2021-07-27T13:00:12,100.0,106.4,B
2021-07-27T13:00:09,1000.0,106.4,B
2021-07-27T13:00:08,1000.0,106.4,B
2021-07-27T13:00:06,100.0,106.4,B
2021-07-27T13:00:04,100.0,106.4,B
2021-07-27T13:00:04,200.0,106.4,B
2021-07-27T13:00:02,100.0,106.4,B
2021-07-27T11:28:58,6000.0,106.4,S
2021-07-27T11:28:58,1000.0,106.4,S
2021-07-27T11:28:54,300.0,106.5,B
2021-07-27T11:28:27,400.0,106.4,S
2021-07-27T11:28:15,300.0,106.4,S
2021-07-27T11:28:00,300.0,106.5,B
2021-07-27T11:28:00,1700.0,106.5,B
2021-07-27T11:27:32,400.0,106.5,B
2021-07-27T11:27:25,2000.0,106.5,B
2021-07-27T11:27:25,1000.0,106.5,B
2021-07-27T11:27:20,400.0,106.5,B
2021-07-27T11:27:02,300.0,106.5,B
2021-07-27T11:26:55,3000.0,106.5,B
2021-07-27T11:26:45,100.0,106.4,S
2021-07-27T11:26:21,200.0,106.4,S
2021-07-27T11:26:10,500.0,106.4,S
2021-07-27T11:25:54,400.0,106.5,B
2021-07-27T11:24:48,200.0,106.5,B
2021-07-27T11:24:30,200.0,106.5,B
2021-07-27T11:24:19,100.0,106.4,B
2021-07-27T11:24:19,2000.0,106.4,B
2021-07-27T11:24:15,1000.0,106.4,B
2021-07-27T11:24:10,1000.0,106.4,B
2021-07-27T11:23:58,400.0,106.4,B
2021-07-27T11:23:58,1000.0,106.4,B
2021-07-27T11:23:19,600.0,106.4,S
2021-07-27T11:23:06,7000.0,106.4,S
2021-07-27T11:23:05,500.0,106.4,S
2021-07-27T11:23:00,100.0,106.4,S
2021-07-27T11:22:47,500.0,106.4,S
2021-07-27T11:22:24,400.0,106.5,B
2021-07-27T11:22:24,100.0,106.5,B
2021-07-27T11:22:24,100.0,106.5,B
2021-07-27T11:22:24,400.0,106.5,B
2021-07-27T11:22:09,200.0,106.5,B
2021-07-27T11:22:05,400.0,106.5,B
2021-07-27T11:22:01,200.0,106.5,B
2021-07-27T11:22:00,700.0,106.5,B
2021-07-27T11:21:47,100.0,106.4,S
2021-07-27T11:21:47,100.0,106.5,B
2021-07-27T11:21:32,500.0,106.4,S
2021-07-27T11:21:20,300.0,106.4,B
2021-07-27T11:19:52,100.0,106.5,B
2021-07-27T11:19:03,100.0,106.5,B
2021-07-27T11:18:57,100.0,106.5,B
2021-07-27T11:18:52,100.0,106.3,S
2021-07-27T11:18:47,1300.0,106.3,B
2021-07-27T11:18:41,400.0,106.3,B
2021-07-27T11:18:32,3000.0,106.3,B
2021-07-27T11:18:26,300.0,106.3,B
2021-07-27T11:18:20,400.0,106.3,B
2021-07-27T11:18:15,1900.0,106.3,B
2021-07-27T11:18:09,4500.0,106.2,S
2021-07-27T11:17:57,1000.0,106.3,B
2021-07-27T11:17:52,1700.0,106.3,S
2021-07-27T11:17:42,1800.0,106.3,S
2021-07-27T11:17:33,600.0,106.3,S
2021-07-27T11:17:33,4900.0,106.3,S
2021-07-27T11:17:27,500.0,106.3,S
2021-07-27T11:17:12,100.0,106.3,S
2021-07-27T11:17:00,100.0,106.3,S
2021-07-27T11:15:21,5600.0,106.5,B
2021-07-27T11:15:09,100.0,106.3,S
2021-07-27T11:14:43,300.0,106.3,S
2021-07-27T11:14:36,6000.0,106.4,S
2021-07-27T11:14:19,100.0,106.4,S
2021-07-27T11:14:15,400.0,106.4,S
2021-07-27T11:13:46,100.0,106.5,B
2021-07-27T11:12:53,3000.0,106.5,S
2021-07-27T11:12:53,3300.0,106.5,S
2021-07-27T11:12:16,2400.0,106.6,B
2021-07-27T11:11:50,100.0,106.5,S
2021-07-27T11:11:26,600.0,106.5,S
2021-07-27T11:10:37,2000.0,106.5,B
2021-07-27T11:10:29,500.0,106.5,B
2021-07-27T11:10:29,600.0,106.5,B
2021-07-27T11:10:29,400.0,106.5,B
2021-07-27T11:10:29,800.0,106.5,B
2021-07-27T11:10:29,700.0,106.5,B
2021-07-27T11:10:29,3100.0,106.5,B
2021-07-27T11:10:28,300.0,106.5,B
2021-07-27T11:10:26,200.0,106.5,B
2021-07-27T11:10:05,800.0,106.5,B
2021-07-27T11:10:04,500.0,106.5,B
2021-07-27T11:10:04,700.0,106.5,B
2021-07-27T11:10:04,600.0,106.5,B
2021-07-27T11:10:04,400.0,106.5,B
2021-07-27T11:10:03,300.0,106.5,B
2021-07-27T11:10:01,2000.0,106.4,S
2021-07-27T11:09:58,2500.0,106.4,S
2021-07-27T11:09:58,2000.0,106.4,S
2021-07-27T11:09:58,1800.0,106.4,S
2021-07-27T11:09:21,2000.0,106.4,S
2021-07-27T11:09:21,1600.0,106.5,S
2021-07-27T11:09:20,1300.0,106.5,S
2021-07-27T11:09:20,300.0,106.5,S
2021-07-27T11:09:20,600.0,106.5,S
2021-07-27T11:09:20,100.0,106.5,S
2021-07-27T11:09:18,1000.0,106.8,B
2021-07-27T11:09:18,700.0,106.5,S
2021-07-27T11:09:04,2000.0,106.5,S
2021-07-27T11:09:04,1800.0,106.5,S
2021-07-27T11:09:04,500.0,106.5,S
2021-07-27T11:09:04,700.0,106.6,S
2021-07-27T11:09:04,400.0,106.6,S
2021-07-27T11:09:04,1400.0,106.6,S
2021-07-27T11:09:04,2200.0,106.6,S
2021-07-27T11:09:04,800.0,106.7,S
2021-07-27T11:09:03,1000.0,106.7,S
2021-07-27T11:09:03,200.0,106.7,S
2021-07-27T11:08:06,100.0,106.7,S
2021-07-27T11:06:52,100.0,106.7,S
2021-07-27T11:06:39,500.0,106.7,S
2021-07-27T11:05:52,1000.0,106.7,B
2021-07-27T11:05:11,100.0,106.7,B
2021-07-27T11:04:58,1900.0,106.8,B
2021-07-27T11:04:58,2600.0,106.7,B
2021-07-27T11:04:43,6700.0,106.6,S
2021-07-27T11:04:03,100.0,106.7,B
2021-07-27T11:03:34,500.0,106.7,B
2021-07-27T11:03:16,300.0,106.5,S
2021-07-27T11:03:16,200.0,106.5,S
2021-07-27T11:01:44,1000.0,106.8,B
2021-07-27T11:01:08,2000.0,106.8,B
2021-07-27T11:01:00,300.0,106.5,S
2021-07-27T10:59:28,500.0,106.6,B
2021-07-27T10:59:16,1000.0,106.6,B
2021-07-27T10:59:14,1000.0,106.6,B
2021-07-27T10:59:14,2600.0,106.6,S
2021-07-27T10:58:14,500.0,106.6,S
2021-07-27T10:57:35,500.0,106.8,B
2021-07-27T10:57:07,800.0,106.6,S
2021-07-27T10:57:07,1400.0,106.8,S
2021-07-27T10:56:55,100.0,106.8,S
2021-07-27T10:56:28,9000.0,106.8,S
2021-07-27T10:56:13,1100.0,106.8,B
2021-07-27T10:56:13,3300.0,106.8,B
2021-07-27T10:56:13,7600.0,106.7,B
2021-07-27T10:55:58,900.0,106.7,B
2021-07-27T10:55:51,100.0,106.7,S
2021-07-27T10:55:40,100.0,106.7,S
2021-07-27T10:55:32,10100.0,106.7,B
2021-07-27T10:55:32,200.0,106.6,B
2021-07-27T10:55:32,500.0,106.6,B
2021-07-27T10:55:32,7000.0,106.6,B
2021-07-27T10:55:32,1500.0,106.5,B
2021-07-27T10:55:01,500.0,106.5,B
2021-07-27T10:54:59,5000.0,106.5,B
2021-07-27T10:54:41,200.0,106.5,B
2021-07-27T10:54:31,500.0,106.4,S
2021-07-27T10:54:28,300.0,106.5,B
2021-07-27T10:54:25,100.0,106.4,S
2021-07-27T10:53:43,100.0,106.4,S
2021-07-27T10:53:34,100.0,106.5,B
2021-07-27T10:53:06,5000.0,106.5,B
2021-07-27T10:52:59,2000.0,106.5,B
2021-07-27T10:52:45,3000.0,106.4,B
2021-07-27T10:52:45,2400.0,106.4,B
2021-07-27T10:52:45,100.0,106.4,B
2021-07-27T10:52:45,1600.0,106.4,B
2021-07-27T10:52:45,100.0,106.4,B
2021-07-27T10:52:45,600.0,106.4,B
2021-07-27T10:52:45,400.0,106.4,B
2021-07-27T10:50:28,1100.0,106.4,B
2021-07-27T10:50:20,1100.0,106.4,B
2021-07-27T10:50:18,1500.0,106.4,B
2021-07-27T10:50:13,600.0,106.4,B
2021-07-27T10:50:06,300.0,106.4,B
2021-07-27T10:50:01,100.0,106.4,B
2021-07-27T10:50:01,500.0,106.4,B
2021-07-27T10:48:50,1000.0,106.4,B
2021-07-27T10:48:42,300.0,106.4,B
2021-07-27T10:48:42,300.0,106.3,B
2021-07-27T10:48:21,3800.0,106.3,B
2021-07-27T10:47:03,2300.0,106.3,B
2021-07-27T10:46:58,100.0,106.2,S
2021-07-27T10:46:38,6800.0,106.1,S
2021-07-27T10:46:15,8500.0,106.3,B
2021-07-27T10:46:05,4000.0,106.2,S
2021-07-27T10:46:05,3500.0,106.2,S
2021-07-27T10:46:05,600.0,106.2,S
2021-07-27T10:46:05,900.0,106.2,S
2021-07-27T10:45:56,100.0,106.3,B
2021-07-27T10:45:51,2500.0,106.2,S
2021-07-27T10:44:38,500.0,106.4,B
2021-07-27T10:44:18,200.0,106.3,B
2021-07-27T10:43:41,100.0,106.3,B
2021-07-27T10:43:00,900.0,106.3,B
2021-07-27T10:42:38,2000.0,106.3,B
2021-07-27T10:42:25,100.0,106.3,B
2021-07-27T10:42:16,100.0,106.3,B
2021-07-27T10:41:20,100.0,106.3,B
2021-07-27T10:40:46,200.0,106.3,B
2021-07-27T10:39:46,800.0,106.4,B
2021-07-27T10:38:41,200.0,106.4,B
2021-07-27T10:37:16,4500.0,106.4,B
2021-07-27T10:37:13,3800.0,106.3,S
2021-07-27T10:37:13,1100.0,106.3,S
2021-07-27T10:37:02,1900.0,106.3,S
2021-07-27T10:37:02,3900.0,106.3,S
2021-07-27T10:35:49,100.0,106.4,B
2021-07-27T10:35:43,1000.0,106.4,B
2021-07-27T10:35:25,500.0,106.3,S
2021-07-27T10:35:03,100.0,106.3,S
2021-07-27T10:34:59,200.0,106.4,B
2021-07-27T10:34:39,1600.0,106.4,B
2021-07-27T10:34:18,100.0,106.4,B
2021-07-27T10:34:08,200.0,106.4,B
2021-07-27T10:33:51,100.0,106.4,B
2021-07-27T10:31:46,200.0,106.4,B
2021-07-27T10:31:32,700.0,106.4,B
2021-07-27T10:31:25,100.0,106.4,B
2021-07-27T10:31:10,500.0,106.4,B
2021-07-27T10:31:06,200.0,106.4,B
2021-07-27T10:30:56,100.0,106.3,B
2021-07-27T10:30:56,7900.0,106.3,B
2021-07-27T10:30:38,200.0,106.3,B
2021-07-27T10:30:33,600.0,106.3,S
2021-07-27T10:30:24,100.0,106.3,B
2021-07-27T10:30:24,300.0,106.3,B
2021-07-27T10:30:23,100.0,106.3,B
2021-07-27T10:30:00,2200.0,106.3,B
2021-07-27T10:29:58,500.0,106.3,B
2021-07-27T10:29:51,400.0,106.3,B
2021-07-27T10:29:27,100.0,106.3,B
2021-07-27T10:29:09,11000.0,106.3,B
2021-07-27T10:28:35,500.0,106.3,B
2021-07-27T10:28:29,4100.0,106.2,B
2021-07-27T10:28:20,100.0,106.2,B
2021-07-27T10:28:17,7200.0,106.2,B
2021-07-27T10:27:46,100.0,106.2,B
2021-07-27T10:27:36,100.0,106.2,B
2021-07-27T10:25:59,100.0,106.2,B
2021-07-27T10:25:56,1200.0,106.2,B
2021-07-27T10:25:25,1000.0,106.2,B
2021-07-27T10:25:21,1000.0,106.2,B
2021-07-27T10:25:16,3000.0,106.2,B
2021-07-27T10:25:15,400.0,106.2,B
2021-07-27T10:25:15,500.0,106.2,B
2021-07-27T10:25:15,600.0,106.2,B
2021-07-27T10:25:14,700.0,106.2,B
2021-07-27T10:25:14,300.0,106.2,B
2021-07-27T10:25:14,100.0,106.2,B
2021-07-27T10:25:13,200.0,106.2,B
2021-07-27T10:25:04,100.0,106.1,S
2021-07-27T10:25:01,3000.0,106.2,B
2021-07-27T10:24:50,700.0,106.2,B
2021-07-27T10:24:50,800.0,106.2,B
2021-07-27T10:24:50,500.0,106.2,B
2021-07-27T10:24:50,600.0,106.2,B
2021-07-27T10:24:50,400.0,106.2,B
2021-07-27T10:24:50,300.0,106.2,B
2021-07-27T10:24:50,200.0,106.2,B
2021-07-27T10:24:33,6100.0,106.3,B
2021-07-27T10:24:27,1300.0,106.2,S
2021-07-27T10:24:11,4000.0,106.2,S
2021-07-27T10:24:00,3800.0,106.2,B
2021-07-27T10:23:53,1200.0,106.2,B
2021-07-27T10:23:44,4800.0,106.2,B
2021-07-27T10:23:37,9000.0,106.2,B
2021-07-27T10:23:14,3200.0,106.2,B
2021-07-27T10:23:07,2700.0,106.2,S
2021-07-27T10:22:53,1300.0,106.2,B
2021-07-27T10:22:49,3000.0,106.2,B
2021-07-27T10:22:42,3200.0,106.2,S
2021-07-27T10:22:38,100.0,106.2,S
2021-07-27T10:22:28,1700.0,106.2,B
2021-07-27T10:22:21,1600.0,106.2,B
2021-07-27T10:22:11,300.0,106.2,B
2021-07-27T10:22:08,6400.0,106.2,S
2021-07-27T10:22:07,8500.0,106.3,B
2021-07-27T10:21:49,200.0,106.3,B
2021-07-27T10:21:25,4200.0,106.3,B
2021-07-27T10:20:23,200.0,106.3,B
2021-07-27T10:19:40,100.0,106.2,S
2021-07-27T10:19:28,2800.0,106.3,B
2021-07-27T10:19:07,3000.0,106.3,B
2021-07-27T10:19:01,100.0,106.3,B
2021-07-27T10:18:53,5000.0,106.2,S
2021-07-27T10:18:31,100.0,106.3,B
2021-07-27T10:18:23,1500.0,106.3,B
2021-07-27T10:17:59,600.0,106.3,B
2021-07-27T10:17:42,1000.0,106.2,S
2021-07-27T10:17:20,200.0,106.2,B
2021-07-27T10:17:20,14400.0,106.2,B
2021-07-27T10:17:05,500.0,106.2,B
2021-07-27T10:16:49,500.0,106.2,B
2021-07-27T10:16:26,200.0,106.1,S
2021-07-27T10:16:11,100.0,106.2,B
2021-07-27T10:15:03,400.0,106.2,B
2021-07-27T10:14:52,500.0,106.2,B
2021-07-27T10:14:48,4100.0,106.1,S
2021-07-27T10:14:37,3400.0,106.1,S
2021-07-27T10:14:37,100.0,106.1,S
2021-07-27T10:14:27,2500.0,106.1,B
2021-07-27T10:14:19,1000.0,106.1,B
2021-07-27T10:14:10,600.0,106.1,B
2021-07-27T10:14:09,3700.0,106.1,B
2021-07-27T10:13:59,3000.0,106.1,B
2021-07-27T10:13:52,700.0,106.1,B
2021-07-27T10:13:52,1500.0,106.1,B
2021-07-27T10:13:41,1500.0,106.1,B
2021-07-27T10:13:41,3200.0,106.1,B
2021-07-27T10:13:31,1200.0,106.1,B
2021-07-27T10:13:31,300.0,106.1,B
2021-07-27T10:13:30,500.0,106.1,B
2021-07-27T10:13:28,3000.0,106.1,B
2021-07-27T10:13:19,1500.0,106.1,B
2021-07-27T10:13:17,200.0,106.1,B
2021-07-27T10:13:17,4700.0,106.1,S
2021-07-27T10:13:12,400.0,106.2,B
2021-07-27T10:13:05,3300.0,106.1,B
2021-07-27T10:12:58,1500.0,106.1,B
2021-07-27T10:12:55,2500.0,106.1,B
2021-07-27T10:12:47,1500.0,106.1,B
2021-07-27T10:12:46,5000.0,106.1,B
2021-07-27T10:12:40,2400.0,106.0,S
2021-07-27T10:12:40,100.0,106.0,S
2021-07-27T10:12:40,1400.0,106.0,S
2021-07-27T10:12:30,100.0,106.1,B
2021-07-27T10:12:27,3400.0,106.1,B
2021-07-27T10:12:16,500.0,106.1,B
2021-07-27T10:12:13,3200.0,106.1,B
2021-07-27T10:12:09,100.0,106.1,S
2021-07-27T10:12:03,6700.0,106.1,S
2021-07-27T10:11:53,300.0,106.1,B
2021-07-27T10:11:35,100.0,106.1,B
2021-07-27T10:11:31,100.0,106.1,B
2021-07-27T10:11:30,1500.0,106.1,B
2021-07-27T10:11:08,400.0,106.1,B
2021-07-27T10:10:51,300.0,106.1,B
2021-07-27T10:10:36,100.0,106.0,S
2021-07-27T10:10:33,7000.0,106.1,B
2021-07-27T10:10:20,100.0,106.1,B
2021-07-27T10:10:09,100.0,106.1,B
2021-07-27T10:10:05,300.0,106.1,B
2021-07-27T10:09:49,200.0,106.1,B
2021-07-27T10:09:41,400.0,106.1,B
2021-07-27T10:09:35,100.0,106.1,B
2021-07-27T10:09:31,600.0,106.1,S
2021-07-27T10:09:31,500.0,106.1,S
2021-07-27T10:09:31,3900.0,106.1,S
2021-07-27T10:09:00,200.0,106.2,B
2021-07-27T10:08:53,2000.0,106.1,S
2021-07-27T10:08:51,400.0,106.2,B
2021-07-27T10:08:24,100.0,106.1,S
2021-07-27T10:07:31,100.0,106.1,S
2021-07-27T10:07:11,100.0,106.1,S
2021-07-27T10:07:10,1000.0,106.1,B
2021-07-27T10:07:10,3800.0,106.1,B
2021-07-27T10:06:03,10000.0,106.0,S
2021-07-27T10:05:56,100.0,106.0,S
2021-07-27T10:05:10,2000.0,106.0,S
2021-07-27T10:04:44,1000.0,106.0,S
2021-07-27T10:04:40,100.0,106.0,S
2021-07-27T10:04:26,3000.0,106.0,S
2021-07-27T10:04:09,100.0,106.0,S
2021-07-27T10:03:46,300.0,106.0,S
2021-07-27T10:03:26,100.0,106.0,S
2021-07-27T10:02:09,4200.0,106.1,S
2021-07-27T10:01:55,1100.0,106.2,B
2021-07-27T10:01:05,100.0,106.2,B
2021-07-27T10:00:11,1100.0,106.2,B
2021-07-27T09:59:53,500.0,106.0,S
2021-07-27T09:59:07,100.0,106.1,B
2021-07-27T09:59:07,1900.0,106.1,B
2021-07-27T09:58:51,100.0,106.0,S
2021-07-27T09:58:27,100.0,106.0,S
2021-07-27T09:58:25,100.0,106.0,S
2021-07-27T09:57:57,200.0,106.1,B
2021-07-27T09:57:56,100.0,106.0,S
2021-07-27T09:57:45,2000.0,106.0,S
2021-07-27T09:57:30,3500.0,106.0,S
2021-07-27T09:57:14,100.0,106.1,S
2021-07-27T09:57:07,100.0,106.1,B
2021-07-27T09:56:33,100.0,106.1,B
2021-07-27T09:56:30,100.0,106.0,S
2021-07-27T09:56:20,100.0,106.1,B
2021-07-27T09:55:47,400.0,106.1,B
2021-07-27T09:55:44,1000.0,106.0,S
2021-07-27T09:55:43,200.0,106.1,B
2021-07-27T09:55:20,100.0,106.0,S
2021-07-27T09:54:32,400.0,106.1,B
2021-07-27T09:54:24,300.0,106.0,S
2021-07-27T09:54:18,1000.0,106.0,S
2021-07-27T09:54:17,200.0,106.0,S
2021-07-27T09:54:03,300.0,106.0,S
2021-07-27T09:54:02,700.0,106.0,S
2021-07-27T09:53:50,800.0,106.2,B
2021-07-27T09:52:41,100.0,106.2,B
2021-07-27T09:52:03,2000.0,106.2,B
2021-07-27T09:52:03,200.0,106.2,B
2021-07-27T09:52:03,800.0,106.2,B
2021-07-27T09:51:59,5500.0,105.9,S
2021-07-27T09:50:46,1000.0,106.2,B
2021-07-27T09:50:36,1500.0,105.8,S
2021-07-27T09:50:36,2500.0,105.9,S
2021-07-27T09:50:36,1000.0,105.9,S
2021-07-27T09:50:25,3000.0,106.0,S
2021-07-27T09:50:24,300.0,106.0,S
2021-07-27T09:50:24,5600.0,106.0,S
2021-07-27T09:50:24,4300.0,106.0,S
2021-07-27T09:50:24,700.0,106.0,S
2021-07-27T09:49:47,100.0,106.1,B
2021-07-27T09:49:46,100.0,106.1,S
2021-07-27T09:49:02,100.0,106.1,S
2021-07-27T09:48:59,2400.0,106.1,S
2021-07-27T09:48:11,100.0,106.2,B
2021-07-27T09:47:57,900.0,106.2,B
2021-07-27T09:47:39,100.0,106.2,B
2021-07-27T09:47:25,100.0,106.2,B
2021-07-27T09:47:07,500.0,106.2,B
2021-07-27T09:46:57,1000.0,106.2,B
2021-07-27T09:46:21,100.0,106.2,B
2021-07-27T09:46:17,200.0,106.2,B
2021-07-27T09:46:02,2500.0,106.3,S
2021-07-27T09:46:01,100.0,106.3,S
2021-07-27T09:45:56,100.0,106.3,B
2021-07-27T09:45:56,7300.0,106.3,B
2021-07-27T09:45:51,5000.0,106.0,S
2021-07-27T09:45:32,200.0,106.3,B
2021-07-27T09:45:00,5300.0,106.0,S
2021-07-27T09:45:00,200.0,106.1,S
2021-07-27T09:44:57,2900.0,106.3,B
2021-07-27T09:44:57,15100.0,106.2,B
2021-07-27T09:44:55,2000.0,106.0,S
2021-07-27T09:44:55,500.0,106.0,S
2021-07-27T09:44:47,100.0,106.0,S
2021-07-27T09:44:32,300.0,106.0,S
2021-07-27T09:44:15,1100.0,106.0,B
2021-07-27T09:44:03,200.0,106.0,B
2021-07-27T09:43:55,500.0,106.0,B
2021-07-27T09:43:55,2100.0,106.0,B
2021-07-27T09:43:49,500.0,106.0,B
2021-07-27T09:43:47,2500.0,106.0,B
2021-07-27T09:43:44,1100.0,106.0,B
2021-07-27T09:43:44,100.0,106.0,B
2021-07-27T09:43:44,300.0,106.0,B
2021-07-27T09:43:44,1000.0,106.0,B
2021-07-27T09:43:44,800.0,106.0,B
2021-07-27T09:43:40,1000.0,106.0,B
2021-07-27T09:43:33,200.0,106.0,B
2021-07-27T09:43:33,700.0,106.0,B
2021-07-27T09:43:33,400.0,106.0,B
2021-07-27T09:43:33,3700.0,106.0,B
2021-07-27T09:43:24,7900.0,106.0,B
2021-07-27T09:43:00,1000.0,106.0,B
2021-07-27T09:42:48,100.0,106.0,B
2021-07-27T09:42:42,1100.0,106.0,B
2021-07-27T09:42:31,1000.0,106.0,B
2021-07-27T09:42:14,100.0,106.0,B
2021-07-27T09:42:08,200.0,106.0,B
2021-07-27T09:41:50,100.0,106.0,B
2021-07-27T09:41:50,1500.0,106.0,B
2021-07-27T09:41:47,1000.0,106.0,B
2021-07-27T09:41:40,1500.0,106.0,B
2021-07-27T09:41:30,1500.0,106.0,B
2021-07-27T09:41:20,1500.0,106.0,B
2021-07-27T09:41:09,1500.0,106.0,B
2021-07-27T09:40:58,1500.0,106.0,B
2021-07-27T09:40:45,1500.0,106.0,B
2021-07-27T09:40:39,1000.0,105.9,B
2021-07-27T09:40:36,1500.0,105.9,B
2021-07-27T09:40:28,100.0,105.9,B
2021-07-27T09:40:27,100.0,105.9,B
2021-07-27T09:40:27,1500.0,105.9,B
2021-07-27T09:40:22,100.0,105.9,B
2021-07-27T09:40:20,1000.0,105.9,S
2021-07-27T09:40:19,800.0,105.9,S
2021-07-27T09:40:16,1500.0,106.0,B
2021-07-27T09:40:06,1500.0,106.0,B
2021-07-27T09:40:00,200.0,105.9,S
2021-07-27T09:39:56,500.0,105.9,S
2021-07-27T09:39:52,5000.0,105.9,B
2021-07-27T09:39:43,1500.0,105.9,B
2021-07-27T09:39:41,800.0,105.9,B
2021-07-27T09:39:40,100.0,105.8,B
2021-07-27T09:39:32,1500.0,105.8,B
2021-07-27T09:38:38,100.0,105.6,S
2021-07-27T09:37:50,1500.0,105.8,B
2021-07-27T09:37:14,1000.0,105.8,B
2021-07-27T09:37:01,2200.0,105.5,S
2021-07-27T09:37:01,800.0,105.5,S
2021-07-27T09:36:57,1900.0,105.5,S
2021-07-27T09:36:57,1900.0,105.5,S
2021-07-27T09:36:20,300.0,105.5,S
2021-07-27T09:36:09,400.0,105.5,S
2021-07-27T09:35:48,100.0,105.7,B
2021-07-27T09:35:21,100.0,105.7,B
2021-07-27T09:33:44,200.0,105.7,B
2021-07-27T09:33:43,500.0,105.7,B
2021-07-27T09:33:32,800.0,105.7,B
2021-07-27T09:32:21,100.0,105.5,S
2021-07-27T09:32:12,300.0,105.5,S
2021-07-27T09:32:12,3400.0,105.5,S
2021-07-27T09:32:02,1300.0,105.7,S
2021-07-27T09:31:48,500.0,105.8,B
2021-07-27T09:31:29,400.0,105.8,B
2021-07-27T09:31:18,2000.0,105.8,B
2021-07-27T09:31:06,100.0,105.8,S
2021-07-27T09:30:50,400.0,105.8,S
2021-07-27T09:30:42,600.0,105.8,B
2021-07-27T09:28:36,100.0,105.9,B
2021-07-27T09:28:31,500.0,105.9,B
2021-07-27T09:28:09,1000.0,105.9,B
2021-07-27T09:27:39,1000.0,105.9,B
2021-07-27T09:27:35,400.0,105.9,B
2021-07-27T09:27:10,3000.0,105.9,B
2021-07-27T09:26:45,100.0,105.9,B
2021-07-27T09:26:40,100.0,105.9,B
2021-07-27T09:26:29,500.0,105.9,B
2021-07-27T09:25:49,100.0,105.9,B
2021-07-27T09:25:38,700.0,105.9,B
2021-07-27T09:25:34,800.0,105.9,B
2021-07-27T09:25:34,1000.0,105.9,B
2021-07-27T09:25:29,1400.0,105.1,S
2021-07-27T09:25:29,1200.0,105.1,S
2021-07-27T09:25:29,1000.0,105.1,S
2021-07-27T09:25:29,600.0,105.1,S
2021-07-27T09:25:29,800.0,105.6,S
2021-07-27T09:25:29,400.0,105.8,S
2021-07-27T09:25:29,200.0,105.8,S
2021-07-27T09:25:27,800.0,105.9,B
2021-07-27T09:25:22,800.0,105.9,B
2021-07-27T09:25:18,800.0,105.9,B
2021-07-27T09:25:13,800.0,105.9,B
2021-07-27T09:25:11,2200.0,105.9,B
2021-07-27T09:25:11,1500.0,105.9,B
2021-07-27T09:25:10,600.0,105.8,B
2021-07-27T09:25:07,800.0,105.9,B
2021-07-27T09:24:58,1200.0,105.8,B
2021-07-27T09:24:53,100.0,105.6,S
2021-07-27T09:24:52,100.0,105.6,S
2021-07-27T09:24:45,500.0,105.8,B
2021-07-27T09:24:42,1500.0,105.8,B
2021-07-27T09:24:40,800.0,105.8,B
2021-07-27T09:24:37,800.0,105.8,B
2021-07-27T09:24:34,500.0,105.8,B
2021-07-27T09:24:28,500.0,105.8,B
2021-07-27T09:24:24,500.0,105.7,B
2021-07-27T09:24:20,500.0,105.7,B
2021-07-27T09:24:12,500.0,105.1,S
2021-07-27T09:24:10,600.0,105.6,B
2021-07-27T09:24:09,1500.0,105.6,B
2021-07-27T09:24:01,600.0,105.6,B
2021-07-27T09:23:57,1500.0,105.6,B
2021-07-27T09:23:56,200.0,105.6,B
2021-07-27T09:23:50,500.0,105.7,B
2021-07-27T09:23:49,100.0,105.0,S
2021-07-27T09:23:45,1500.0,105.7,B
2021-07-27T09:23:38,100.0,105.7,B
2021-07-27T09:23:30,1500.0,105.7,B
2021-07-27T09:23:15,1500.0,105.8,B
2021-07-27T09:23:10,700.0,105.0,S
2021-07-27T09:23:10,1400.0,105.0,S
2021-07-27T09:23:10,1000.0,105.0,S
2021-07-27T09:23:10,500.0,105.0,S
2021-07-27T09:23:10,1500.0,105.0,S
2021-07-27T09:23:10,600.0,105.0,S
2021-07-27T09:23:09,2300.0,105.0,S
2021-07-27T09:23:09,1300.0,105.0,S
2021-07-27T09:23:09,1500.0,105.0,S
2021-07-27T09:23:08,2000.0,105.0,S
2021-07-27T09:23:08,1200.0,105.0,S
2021-07-27T09:23:07,400.0,105.1,S
2021-07-27T09:22:46,2200.0,105.8,B
2021-07-27T09:22:42,1200.0,105.0,S
2021-07-27T09:22:42,100.0,105.0,S
2021-07-27T09:22:42,1000.0,105.0,S
2021-07-27T09:22:42,1000.0,105.0,S
2021-07-27T09:22:42,800.0,105.0,S
2021-07-27T09:22:42,700.0,105.0,S
2021-07-27T09:22:42,500.0,105.0,S
2021-07-27T09:22:42,400.0,105.0,S
2021-07-27T09:22:41,300.0,105.0,S
2021-07-27T09:22:41,900.0,105.0,S
2021-07-27T09:22:41,600.0,105.0,S
2021-07-27T09:22:34,500.0,105.8,B
2021-07-27T09:22:27,1400.0,105.0,S
2021-07-27T09:22:27,1200.0,105.0,S
2021-07-27T09:22:27,1000.0,105.0,S
2021-07-27T09:22:27,400.0,105.1,S
2021-07-27T09:22:27,200.0,105.1,S
2021-07-27T09:22:27,1400.0,105.1,S
2021-07-27T09:21:56,500.0,105.8,B
2021-07-27T09:21:55,2000.0,105.1,S
2021-07-27T09:21:40,200.0,105.4,B
2021-07-27T09:21:24,100.0,105.0,S
2021-07-27T09:21:15,1700.0,105.0,S
2021-07-27T09:21:15,300.0,105.0,S
2021-07-27T09:21:15,1600.0,105.0,S
2021-07-27T09:21:15,1400.0,105.0,S
2021-07-27T09:21:15,100.0,105.0,S
2021-07-27T09:21:15,1800.0,105.0,S
2021-07-27T09:21:15,500.0,105.0,S
2021-07-27T09:21:15,900.0,105.0,S
2021-07-27T09:21:15,1400.0,105.0,S
2021-07-27T09:21:15,200.0,105.1,S
2021-07-27T09:21:15,100.0,105.2,S
2021-07-27T09:21:09,100.0,105.1,S
2021-07-27T09:20:57,1900.0,105.0,S
2021-07-27T09:20:57,1700.0,105.0,S
2021-07-27T09:20:57,1300.0,105.0,S
2021-07-27T09:20:56,2200.0,105.0,S
2021-07-27T09:20:56,300.0,105.0,S
2021-07-27T09:20:56,500.0,105.0,S
2021-07-27T09:20:56,100.0,105.1,S
2021-07-27T09:20:56,1200.0,105.1,S
2021-07-27T09:20:56,100.0,105.1,S
2021-07-27T09:20:56,700.0,105.1,S
2021-07-27T09:20:53,1000.0,105.8,B
2021-07-27T09:20:32,2000.0,105.1,S
2021-07-27T09:20:32,1600.0,105.1,S
2021-07-27T09:20:32,1400.0,105.1,S
2021-07-27T09:20:32,1200.0,105.1,S
2021-07-27T09:20:32,1000.0,105.1,S
2021-07-27T09:20:32,200.0,105.1,S
2021-07-27T09:20:32,2000.0,105.1,S
2021-07-27T09:20:31,2600.0,105.6,S
2021-07-27T09:20:31,600.0,105.6,S
2021-07-27T09:20:31,400.0,105.6,S
2021-07-27T09:20:31,200.0,105.6,S
2021-07-27T09:20:12,100.0,105.8,B
2021-07-27T09:20:03,1000.0,105.8,B
2021-07-27T09:19:49,600.0,105.8,S
2021-07-27T09:19:44,400.0,105.8,S
2021-07-27T09:19:03,200.0,105.8,B
2021-07-27T09:19:03,1000.0,105.8,B
2021-07-27T09:18:51,100.0,105.8,S
2021-07-27T09:18:41,200.0,105.2,S
2021-07-27T09:18:24,2100.0,105.0,S
2021-07-27T09:18:24,1900.0,105.1,S
2021-07-27T09:18:24,2400.0,105.1,S
2021-07-27T09:18:24,600.0,105.1,S
2021-07-27T09:18:24,1000.0,105.1,S
2021-07-27T09:18:23,300.0,105.1,S
2021-07-27T09:18:23,1300.0,105.1,S
2021-07-27T09:18:23,1100.0,105.1,S
2021-07-27T09:18:23,900.0,105.1,S
2021-07-27T09:18:22,500.0,105.9,S
2021-07-27T09:18:07,800.0,106.0,B
2021-07-27T09:18:03,200.0,106.0,B
2021-07-27T09:18:01,1000.0,106.0,B
2021-07-27T09:17:47,2000.0,105.1,S
2021-07-27T09:17:47,3200.0,105.1,S
2021-07-27T09:17:47,2800.0,105.6,S
2021-07-27T09:17:47,1000.0,105.8,S
2021-07-27T09:17:47,100.0,106.0,B
2021-07-27T09:17:47,800.0,105.8,S
2021-07-27T09:17:47,600.0,105.8,S
2021-07-27T09:17:46,600.0,105.8,S
2021-07-27T09:17:45,500.0,106.0,B
2021-07-27T09:17:43,1500.0,106.0,B
2021-07-27T09:17:43,500.0,106.0,B
2021-07-27T09:17:41,200.0,106.0,B
2021-07-27T09:17:36,200.0,106.0,B
2021-07-27T09:17:35,100.0,106.0,B
2021-07-27T09:17:33,2100.0,106.0,B
2021-07-27T09:17:32,200.0,106.0,B
2021-07-27T09:17:29,1000.0,106.0,B
2021-07-27T09:17:26,200.0,106.0,B
2021-07-27T09:17:24,100.0,105.9,S
2021-07-27T09:17:24,900.0,105.9,S
2021-07-27T09:17:24,700.0,105.9,S
2021-07-27T09:17:24,2000.0,106.0,B
2021-07-27T09:17:24,1100.0,105.9,S
2021-07-27T09:17:24,1000.0,105.9,S
2021-07-27T09:17:24,400.0,105.9,S
2021-07-27T09:17:24,800.0,105.9,S
2021-07-27T09:17:24,200.0,105.9,S
2021-07-27T09:17:23,300.0,105.9,S
2021-07-27T09:17:23,100.0,105.9,S
2021-07-27T09:17:23,2300.0,106.0,B
2021-07-27T09:17:21,1000.0,106.0,B
2021-07-27T09:17:21,500.0,106.0,B
2021-07-27T09:17:21,100.0,106.0,B
2021-07-27T09:17:16,2000.0,106.0,B
2021-07-27T09:17:14,4200.0,106.0,B
2021-07-27T09:17:13,200.0,106.0,B
2021-07-27T09:17:11,200.0,106.0,B
2021-07-27T09:17:11,1500.0,106.0,B
2021-07-27T09:16:58,100.0,106.0,B
2021-07-27T09:16:54,100.0,106.0,B
2021-07-27T09:16:54,1900.0,105.6,S
2021-07-27T09:16:54,1500.0,105.8,S
2021-07-27T09:16:54,1700.0,105.8,S
2021-07-27T09:16:53,1300.0,105.8,S
2021-07-27T09:16:53,1100.0,105.8,S
2021-07-27T09:16:53,900.0,105.9,S
2021-07-27T09:16:53,700.0,105.9,S
2021-07-27T09:16:52,500.0,105.9,S
2021-07-27T09:16:52,100.0,105.9,S
2021-07-27T09:16:52,300.0,105.9,S
2021-07-27T09:16:51,400.0,106.0,B
2021-07-27T09:16:49,4600.0,105.9,B
2021-07-27T09:16:48,100.0,105.9,B
2021-07-27T09:16:48,300.0,105.9,B
2021-07-27T09:16:47,200.0,105.9,B
2021-07-27T09:16:41,2000.0,105.9,B
2021-07-27T09:16:41,100.0,105.9,B
2021-07-27T09:16:41,2400.0,105.9,B
2021-07-27T09:16:39,400.0,105.9,B
2021-07-27T09:16:37,200.0,105.9,B
2021-07-27T09:16:32,500.0,105.9,B
2021-07-27T09:16:28,100.0,105.8,S
2021-07-27T09:16:26,1000.0,105.8,B
2021-07-27T09:16:24,1800.0,105.8,B
2021-07-27T09:16:23,1600.0,105.8,B
2021-07-27T09:16:21,500.0,105.8,S
2021-07-27T09:16:21,500.0,105.8,S
2021-07-27T09:16:20,200.0,105.8,B
2021-07-27T09:16:16,1000.0,105.8,B
2021-07-27T09:16:15,200.0,105.8,B
2021-07-27T09:16:13,100.0,105.6,S
2021-07-27T09:16:01,1200.0,105.6,B
2021-07-27T09:16:00,200.0,105.6,B
2021-07-27T09:15:55,700.0,105.5,S
2021-07-27T09:15:49,1000.0,105.5,B
2021-07-27T09:15:37,400.0,105.0,S
2021-07-27T09:15:37,300.0,105.0,B
2021-07-27T09:15:37,100.0,105.0,B
2021-07-27T09:15:35,5000.0,105.0,B
2021-07-27T09:15:33,900.0,105.0,B
2021-07-27T09:15:31,400.0,105.0,B
2021-07-27T09:15:26,5000.0,105.0,B
2021-07-27T09:15:22,300.0,105.0,B
2021-07-27T09:15:21,100.0,105.0,B
2021-07-27T09:15:20,7500.0,105.0,S
2021-07-27T09:15:20,300.0,105.3,S
2021-07-27T09:15:13,400.0,105.3,B
2021-07-27T09:15:05,2000.0,105.2,B
