tradingTime,volume,price,side
2021-07-27T14:29:47,2000.0,26.3,B
2021-07-27T14:29:40,6700.0,26.3,B
2021-07-27T14:29:40,1000.0,26.3,B
2021-07-27T14:29:40,3200.0,26.3,B
2021-07-27T14:29:36,4100.0,26.3,B
2021-07-27T14:29:29,1000.0,26.3,B
2021-07-27T14:28:57,2000.0,26.3,B
2021-07-27T14:28:41,1000.0,26.25,S
2021-07-27T14:28:13,200.0,26.25,S
2021-07-27T14:28:02,1200.0,26.25,S
2021-07-27T14:28:01,10000.0,26.25,B
2021-07-27T14:28:01,200.0,26.25,B
2021-07-27T14:27:43,500.0,26.25,S
2021-07-27T14:27:21,500.0,26.3,B
2021-07-27T14:27:09,100.0,26.3,B
2021-07-27T14:27:02,7000.0,26.25,S
2021-07-27T14:26:27,1000.0,26.25,S
2021-07-27T14:25:08,7700.0,26.25,B
2021-07-27T14:24:57,1100.0,26.25,B
2021-07-27T14:24:56,4800.0,26.25,B
2021-07-27T14:24:50,1900.0,26.25,B
2021-07-27T14:24:41,1000.0,26.15,S
2021-07-27T14:23:30,300.0,26.15,S
2021-07-27T14:23:30,500.0,26.15,S
2021-07-27T14:23:29,400.0,26.15,S
2021-07-27T14:22:20,4200.0,26.15,S
2021-07-27T14:22:18,500.0,26.2,B
2021-07-27T14:22:18,1200.0,26.2,B
2021-07-27T14:22:17,100.0,26.2,B
2021-07-27T14:22:08,100.0,26.2,B
2021-07-27T14:21:51,5900.0,26.2,B
2021-07-27T14:21:47,200.0,26.2,B
2021-07-27T14:21:14,100.0,26.15,S
2021-07-27T14:21:12,4900.0,26.15,S
2021-07-27T14:20:36,1000.0,26.15,S
2021-07-27T14:20:20,100.0,26.15,B
2021-07-27T14:19:56,100.0,26.15,B
2021-07-27T14:19:38,100.0,26.15,B
2021-07-27T14:18:58,1200.0,26.1,S
2021-07-27T14:18:23,1200.0,26.1,S
2021-07-27T14:18:23,300.0,26.1,S
2021-07-27T14:17:32,1800.0,26.1,B
2021-07-27T14:17:30,800.0,26.05,S
2021-07-27T14:17:30,800.0,26.05,S
2021-07-27T14:17:30,6000.0,26.05,S
2021-07-27T14:17:30,2400.0,26.05,S
2021-07-27T14:17:22,200.0,26.1,B
2021-07-27T14:17:16,500.0,26.1,B
2021-07-27T14:17:15,6000.0,26.1,B
2021-07-27T14:17:14,100.0,26.1,B
2021-07-27T14:17:05,100.0,26.1,B
2021-07-27T14:16:55,100.0,26.1,B
2021-07-27T14:16:52,100.0,26.1,B
2021-07-27T14:16:22,200.0,26.05,S
2021-07-27T14:15:37,1000.0,26.05,S
2021-07-27T14:14:31,500.0,26.05,S
2021-07-27T14:14:25,1300.0,26.05,S
2021-07-27T14:14:18,2000.0,26.05,S
2021-07-27T14:12:48,1000.0,26.05,S
2021-07-27T14:12:36,4800.0,26.05,S
2021-07-27T14:12:36,200.0,26.05,S
2021-07-27T14:12:36,100.0,26.1,B
2021-07-27T14:12:17,3700.0,26.1,S
2021-07-27T14:12:17,300.0,26.1,S
2021-07-27T14:12:17,200.0,26.1,S
2021-07-27T14:12:17,11200.0,26.1,S
2021-07-27T14:12:17,600.0,26.1,S
2021-07-27T14:12:17,100.0,26.1,S
2021-07-27T14:12:17,400.0,26.1,S
2021-07-27T14:12:17,1200.0,26.1,S
2021-07-27T14:12:17,2200.0,26.1,S
2021-07-27T14:12:17,100.0,26.1,S
2021-07-27T14:12:17,100.0,26.1,S
2021-07-27T14:12:17,200.0,26.1,S
2021-07-27T14:12:17,200.0,26.1,S
2021-07-27T14:12:17,1500.0,26.1,S
2021-07-27T14:12:10,100.0,26.15,B
2021-07-27T14:11:59,8600.0,26.15,S
2021-07-27T14:11:55,500.0,26.15,S
2021-07-27T14:11:43,100.0,26.2,B
2021-07-27T14:11:32,6200.0,26.2,S
2021-07-27T14:11:32,2400.0,26.2,S
2021-07-27T14:11:24,5800.0,26.2,S
2021-07-27T14:11:24,200.0,26.2,S
2021-07-27T14:11:23,8000.0,26.2,S
2021-07-27T14:11:15,6200.0,26.2,S
2021-07-27T14:11:15,3800.0,26.2,S
2021-07-27T14:11:10,2000.0,26.2,S
2021-07-27T14:11:05,100.0,26.2,S
2021-07-27T14:10:51,4700.0,26.2,S
2021-07-27T14:10:51,700.0,26.2,S
2021-07-27T14:10:29,100.0,26.25,B
2021-07-27T14:10:00,100.0,26.25,B
2021-07-27T14:09:33,6000.0,26.25,B
2021-07-27T14:09:33,100.0,26.25,B
2021-07-27T14:09:08,100.0,26.25,B
2021-07-27T14:08:42,200.0,26.25,B
2021-07-27T14:08:16,100.0,26.25,B
2021-07-27T14:08:10,3700.0,26.25,S
2021-07-27T14:08:09,2600.0,26.3,B
2021-07-27T14:08:01,500.0,26.25,B
2021-07-27T14:08:01,400.0,26.25,B
2021-07-27T14:08:01,200.0,26.25,B
2021-07-27T14:08:01,200.0,26.25,B
2021-07-27T14:08:01,1000.0,26.25,B
2021-07-27T14:07:59,300.0,26.25,B
2021-07-27T14:07:49,100.0,26.25,B
2021-07-27T14:07:22,100.0,26.25,B
2021-07-27T14:07:14,3300.0,26.25,B
2021-07-27T14:07:14,100.0,26.25,B
2021-07-27T14:07:14,500.0,26.25,B
2021-07-27T14:07:14,1100.0,26.25,B
2021-07-27T14:07:14,1000.0,26.25,B
2021-07-27T14:07:14,4000.0,26.25,B
2021-07-27T14:06:51,200.0,26.2,S
2021-07-27T14:06:38,1000.0,26.2,S
2021-07-27T14:06:36,500.0,26.2,S
2021-07-27T14:06:17,100.0,26.2,S
2021-07-27T14:06:03,500.0,26.2,S
2021-07-27T14:05:55,200.0,26.2,S
2021-07-27T14:05:54,100.0,26.25,B
2021-07-27T14:05:39,200.0,26.25,B
2021-07-27T14:05:12,100.0,26.25,B
2021-07-27T14:04:57,800.0,26.25,B
2021-07-27T14:04:57,100.0,26.25,B
2021-07-27T14:04:57,200.0,26.25,B
2021-07-27T14:04:57,1700.0,26.25,B
2021-07-27T14:04:57,200.0,26.25,B
2021-07-27T14:04:57,3600.0,26.25,B
2021-07-27T14:04:47,100.0,26.25,B
2021-07-27T14:04:30,100.0,26.25,B
2021-07-27T14:04:22,100.0,26.25,B
2021-07-27T14:03:56,100.0,26.25,B
2021-07-27T14:03:29,100.0,26.25,B
2021-07-27T14:03:25,5900.0,26.25,B
2021-07-27T14:03:25,800.0,26.25,B
2021-07-27T14:03:16,100.0,26.25,B
2021-07-27T14:03:04,100.0,26.25,B
2021-07-27T14:02:37,500.0,26.25,B
2021-07-27T14:02:32,100.0,26.2,S
2021-07-27T14:02:17,300.0,26.2,S
2021-07-27T14:02:12,100.0,26.25,B
2021-07-27T14:02:05,300.0,26.25,B
2021-07-27T14:01:58,500.0,26.2,S
2021-07-27T14:01:05,200.0,26.2,S
2021-07-27T14:00:49,1000.0,26.2,S
2021-07-27T14:00:46,100.0,26.2,S
2021-07-27T14:00:46,2900.0,26.2,S
2021-07-27T14:00:17,100.0,26.2,S
2021-07-27T14:00:13,300.0,26.2,S
2021-07-27T13:59:25,100.0,26.2,S
2021-07-27T13:57:41,400.0,26.2,S
2021-07-27T13:57:32,100.0,26.2,S
2021-07-27T13:56:45,500.0,26.2,S
2021-07-27T13:56:17,800.0,26.2,S
2021-07-27T13:56:17,200.0,26.2,S
2021-07-27T13:52:59,1000.0,26.2,B
2021-07-27T13:52:50,200.0,26.2,B
2021-07-27T13:52:43,2000.0,26.2,B
2021-07-27T13:51:57,300.0,26.15,S
2021-07-27T13:51:45,1000.0,26.15,S
2021-07-27T13:50:58,5000.0,26.15,B
2021-07-27T13:50:15,100.0,26.1,S
2021-07-27T13:50:15,800.0,26.1,S
2021-07-27T13:49:50,200.0,26.1,S
2021-07-27T13:47:11,1000.0,26.1,S
2021-07-27T13:44:13,900.0,26.1,S
2021-07-27T13:42:39,1000.0,26.1,S
2021-07-27T13:42:02,5500.0,26.1,S
2021-07-27T13:41:53,5100.0,26.2,B
2021-07-27T13:41:50,100.0,26.2,B
2021-07-27T13:41:37,1000.0,26.2,B
2021-07-27T13:41:30,1200.0,26.2,S
2021-07-27T13:41:26,3700.0,26.2,S
2021-07-27T13:41:26,5100.0,26.2,S
2021-07-27T13:41:26,1200.0,26.2,S
2021-07-27T13:40:47,4400.0,26.2,S
2021-07-27T13:40:47,400.0,26.2,S
2021-07-27T13:40:28,1500.0,26.2,S
2021-07-27T13:40:11,200.0,26.2,S
2021-07-27T13:40:05,100.0,26.2,S
2021-07-27T13:39:50,3500.0,26.2,S
2021-07-27T13:39:50,100.0,26.2,S
2021-07-27T13:39:50,1400.0,26.2,S
2021-07-27T13:39:47,100.0,26.2,S
2021-07-27T13:39:40,100.0,26.25,B
2021-07-27T13:39:31,2000.0,26.25,B
2021-07-27T13:39:14,300.0,26.2,S
2021-07-27T13:39:13,100.0,26.2,S
2021-07-27T13:39:11,3600.0,26.2,S
2021-07-27T13:39:11,5800.0,26.2,S
2021-07-27T13:38:40,100.0,26.2,S
2021-07-27T13:38:16,200.0,26.2,S
2021-07-27T13:38:07,1000.0,26.2,S
2021-07-27T13:34:40,300.0,26.2,S
2021-07-27T13:34:25,600.0,26.2,S
2021-07-27T13:34:25,4400.0,26.2,S
2021-07-27T13:34:12,300.0,26.2,S
2021-07-27T13:33:36,1000.0,26.2,S
2021-07-27T13:32:50,100.0,26.2,S
2021-07-27T13:32:41,100.0,26.2,S
2021-07-27T13:31:37,100.0,26.2,S
2021-07-27T13:30:32,500.0,26.2,S
2021-07-27T13:30:27,100.0,26.2,S
2021-07-27T13:30:15,8900.0,26.2,B
2021-07-27T13:30:09,100.0,26.2,B
2021-07-27T13:29:42,100.0,26.2,B
2021-07-27T13:29:33,4900.0,26.2,B
2021-07-27T13:29:33,500.0,26.2,B
2021-07-27T13:29:23,5600.0,26.2,S
2021-07-27T13:29:23,100.0,26.2,S
2021-07-27T13:29:22,1800.0,26.2,S
2021-07-27T13:29:18,500.0,26.2,S
2021-07-27T13:29:18,200.0,26.2,S
2021-07-27T13:29:03,1000.0,26.2,S
2021-07-27T13:28:53,1000.0,26.2,S
2021-07-27T13:28:49,100.0,26.2,S
2021-07-27T13:28:46,100.0,26.2,S
2021-07-27T13:28:25,100.0,26.25,B
2021-07-27T13:28:17,100.0,26.25,B
2021-07-27T13:27:53,1400.0,26.2,S
2021-07-27T13:27:53,2600.0,26.2,S
2021-07-27T13:26:04,2800.0,26.2,S
2021-07-27T13:26:02,2200.0,26.2,S
2021-07-27T13:24:55,500.0,26.2,S
2021-07-27T13:24:30,100.0,26.25,B
2021-07-27T13:24:29,100.0,26.25,B
2021-07-27T13:23:58,100.0,26.2,S
2021-07-27T13:23:37,200.0,26.2,S
2021-07-27T13:23:25,2900.0,26.2,B
2021-07-27T13:23:18,2100.0,26.2,S
2021-07-27T13:23:10,2000.0,26.2,B
2021-07-27T13:22:52,1300.0,26.1,S
2021-07-27T13:22:52,6700.0,26.1,S
2021-07-27T13:20:15,3300.0,26.1,S
2021-07-27T13:20:15,700.0,26.1,S
2021-07-27T13:20:15,100.0,26.2,S
2021-07-27T13:20:15,400.0,26.2,S
2021-07-27T13:20:15,500.0,26.2,S
2021-07-27T13:19:57,1000.0,26.2,S
2021-07-27T13:19:44,6000.0,26.2,S
2021-07-27T13:18:29,17900.0,26.2,B
2021-07-27T13:18:26,100.0,26.2,B
2021-07-27T13:18:02,7000.0,26.2,S
2021-07-27T13:17:59,5000.0,26.25,S
2021-07-27T13:17:57,1000.0,26.25,S
2021-07-27T13:16:22,300.0,26.25,S
2021-07-27T13:15:55,200.0,26.25,S
2021-07-27T13:15:44,1200.0,26.25,B
2021-07-27T13:15:44,200.0,26.25,B
2021-07-27T13:15:27,300.0,26.25,B
2021-07-27T13:15:24,100.0,26.25,B
2021-07-27T13:15:18,1400.0,26.25,B
2021-07-27T13:15:18,1600.0,26.25,B
2021-07-27T13:14:58,100.0,26.25,B
2021-07-27T13:14:38,3400.0,26.25,B
2021-07-27T13:14:31,100.0,26.25,B
2021-07-27T13:14:18,100.0,26.25,B
2021-07-27T13:13:54,1800.0,26.2,B
2021-07-27T13:13:40,100.0,26.2,B
2021-07-27T13:13:40,1600.0,26.2,S
2021-07-27T13:13:07,1900.0,26.2,B
2021-07-27T13:12:57,200.0,26.2,B
2021-07-27T13:12:51,100.0,26.2,B
2021-07-27T13:12:48,100.0,26.2,B
2021-07-27T13:12:42,2000.0,26.2,B
2021-07-27T13:12:22,100.0,26.2,B
2021-07-27T13:12:18,3700.0,26.2,S
2021-07-27T13:12:18,400.0,26.2,S
2021-07-27T13:12:04,100.0,26.25,B
2021-07-27T13:10:58,2900.0,26.2,S
2021-07-27T13:10:58,300.0,26.2,S
2021-07-27T13:10:58,500.0,26.2,S
2021-07-27T13:10:58,3700.0,26.2,S
2021-07-27T13:10:58,2000.0,26.2,S
2021-07-27T13:10:58,300.0,26.2,S
2021-07-27T13:10:58,2300.0,26.2,S
2021-07-27T13:10:56,1000.0,26.25,B
2021-07-27T13:10:56,100.0,26.25,B
2021-07-27T13:10:43,200.0,26.25,B
2021-07-27T13:10:43,1800.0,26.25,B
2021-07-27T13:10:38,100.0,26.25,B
2021-07-27T13:10:35,500.0,26.25,B
2021-07-27T13:10:31,100.0,26.25,B
2021-07-27T13:10:14,1000.0,26.25,B
2021-07-27T13:10:12,200.0,26.25,B
2021-07-27T13:10:03,3300.0,26.25,B
2021-07-27T13:09:55,1000.0,26.25,B
2021-07-27T13:09:46,100.0,26.25,B
2021-07-27T13:09:20,100.0,26.25,B
2021-07-27T13:09:13,4000.0,26.25,B
2021-07-27T13:08:55,100.0,26.25,B
2021-07-27T13:08:52,400.0,26.25,B
2021-07-27T13:07:03,100.0,26.2,S
2021-07-27T13:06:28,200.0,26.2,S
2021-07-27T13:06:22,1000.0,26.2,S
2021-07-27T13:05:56,100.0,26.2,S
2021-07-27T13:05:15,100.0,26.2,S
2021-07-27T13:04:09,100.0,26.2,S
2021-07-27T13:04:00,100.0,26.2,B
2021-07-27T13:02:50,900.0,26.1,B
2021-07-27T13:02:25,3300.0,26.1,B
2021-07-27T13:02:25,100.0,26.1,B
2021-07-27T13:01:58,100.0,26.1,B
2021-07-27T13:01:33,200.0,26.1,B
2021-07-27T13:01:07,100.0,26.1,B
2021-07-27T13:00:57,100.0,26.1,B
2021-07-27T13:00:53,3300.0,26.1,B
2021-07-27T13:00:41,100.0,26.1,B
2021-07-27T13:00:31,100.0,26.1,B
2021-07-27T13:00:21,2700.0,26.1,S
2021-07-27T13:00:11,7400.0,26.1,B
2021-07-27T13:00:11,900.0,26.1,B
2021-07-27T13:00:09,7700.0,26.1,B
2021-07-27T13:00:09,100.0,26.2,B
2021-07-27T13:00:09,100.0,26.1,S
2021-07-27T13:00:08,2000.0,26.1,S
2021-07-27T13:00:06,500.0,26.1,S
2021-07-27T11:29:54,10000.0,26.1,S
2021-07-27T11:29:36,100.0,26.2,S
2021-07-27T11:29:23,700.0,26.2,B
2021-07-27T11:29:23,800.0,26.2,B
2021-07-27T11:28:58,100.0,26.2,B
2021-07-27T11:28:57,400.0,26.2,B
2021-07-27T11:28:57,4600.0,26.2,B
2021-07-27T11:28:57,100.0,26.2,B
2021-07-27T11:28:57,4900.0,26.2,B
2021-07-27T11:28:32,200.0,26.2,B
2021-07-27T11:28:08,500.0,26.2,B
2021-07-27T11:28:07,100.0,26.2,B
2021-07-27T11:28:01,200.0,26.2,B
2021-07-27T11:28:01,2300.0,26.2,B
2021-07-27T11:27:40,100.0,26.2,B
2021-07-27T11:27:14,100.0,26.2,B
2021-07-27T11:27:05,1900.0,26.2,B
2021-07-27T11:26:15,5000.0,26.1,S
2021-07-27T11:24:31,5000.0,26.1,S
2021-07-27T11:24:10,500.0,26.1,S
2021-07-27T11:23:10,600.0,26.1,B
2021-07-27T11:22:46,1000.0,26.05,S
2021-07-27T11:20:30,3500.0,26.05,S
2021-07-27T11:19:34,1500.0,26.05,B
2021-07-27T11:18:49,100.0,26.0,S
2021-07-27T11:18:30,14000.0,26.0,S
2021-07-27T11:18:28,100.0,26.0,S
2021-07-27T11:18:24,13000.0,26.0,S
2021-07-27T11:18:24,7000.0,26.0,S
2021-07-27T11:18:08,100.0,26.05,B
2021-07-27T11:18:02,200.0,26.05,S
2021-07-27T11:18:02,10100.0,26.05,S
2021-07-27T11:18:02,5100.0,26.05,S
2021-07-27T11:17:56,300.0,26.1,S
2021-07-27T11:17:20,1100.0,26.1,B
2021-07-27T11:17:15,100.0,26.1,B
2021-07-27T11:17:00,13300.0,26.1,S
2021-07-27T11:17:00,10200.0,26.1,S
2021-07-27T11:17:00,100.0,26.1,S
2021-07-27T11:17:00,300.0,26.1,S
2021-07-27T11:16:58,100.0,26.2,B
2021-07-27T11:16:58,100.0,26.1,S
2021-07-27T11:16:51,200.0,26.2,B
2021-07-27T11:16:37,2500.0,26.2,B
2021-07-27T11:16:28,900.0,26.2,S
2021-07-27T11:16:28,100.0,26.2,S
2021-07-27T11:16:28,7000.0,26.2,S
2021-07-27T11:16:28,2600.0,26.2,S
2021-07-27T11:16:28,8200.0,26.2,S
2021-07-27T11:16:24,100.0,26.25,B
2021-07-27T11:15:58,100.0,26.25,B
2021-07-27T11:15:48,2500.0,26.25,B
2021-07-27T11:15:33,100.0,26.25,B
2021-07-27T11:15:06,100.0,26.25,B
2021-07-27T11:14:40,100.0,26.25,B
2021-07-27T11:14:17,2500.0,26.25,B
2021-07-27T11:14:16,200.0,26.2,S
2021-07-27T11:14:14,200.0,26.25,B
2021-07-27T11:13:49,100.0,26.25,B
2021-07-27T11:13:21,100.0,26.25,B
2021-07-27T11:12:56,100.0,26.25,B
2021-07-27T11:12:44,2600.0,26.25,B
2021-07-27T11:12:30,100.0,26.25,B
2021-07-27T11:12:20,600.0,26.25,S
2021-07-27T11:12:07,200.0,26.25,S
2021-07-27T11:12:03,1000.0,26.25,S
2021-07-27T11:11:55,100.0,26.25,S
2021-07-27T11:11:14,800.0,26.25,S
2021-07-27T11:11:12,200.0,26.25,B
2021-07-27T11:11:07,200.0,26.25,B
2021-07-27T11:10:37,100.0,26.2,S
2021-07-27T11:09:30,500.0,26.2,S
2021-07-27T11:09:15,500.0,26.2,S
2021-07-27T11:09:09,600.0,26.2,S
2021-07-27T11:09:09,400.0,26.2,S
2021-07-27T11:08:42,100.0,26.2,S
2021-07-27T11:08:22,200.0,26.2,S
2021-07-27T11:08:20,5000.0,26.3,B
2021-07-27T11:07:26,100.0,26.2,S
2021-07-27T11:07:10,500.0,26.2,S
2021-07-27T11:07:05,200.0,26.2,S
2021-07-27T11:06:34,600.0,26.2,S
2021-07-27T11:06:34,3100.0,26.2,S
2021-07-27T11:06:34,300.0,26.2,S
2021-07-27T11:06:25,3000.0,26.2,S
2021-07-27T11:05:52,500.0,26.2,S
2021-07-27T11:05:37,1000.0,26.2,S
2021-07-27T11:04:53,1100.0,26.2,B
2021-07-27T11:04:53,500.0,26.2,B
2021-07-27T11:04:53,500.0,26.2,B
2021-07-27T11:04:53,600.0,26.2,B
2021-07-27T11:04:53,3800.0,26.2,B
2021-07-27T11:04:53,2000.0,26.2,B
2021-07-27T11:04:53,3000.0,26.2,B
2021-07-27T11:04:53,4700.0,26.2,B
2021-07-27T11:04:41,100.0,26.2,B
2021-07-27T11:04:16,100.0,26.2,B
2021-07-27T11:03:50,100.0,26.2,B
2021-07-27T11:03:36,2900.0,26.2,B
2021-07-27T11:03:25,100.0,26.2,B
2021-07-27T11:02:57,100.0,26.2,B
2021-07-27T11:02:31,200.0,26.2,B
2021-07-27T11:02:06,100.0,26.2,B
2021-07-27T11:02:05,200.0,26.1,S
2021-07-27T11:02:04,3000.0,26.2,B
2021-07-27T11:01:40,100.0,26.2,B
2021-07-27T11:01:14,100.0,26.2,B
2021-07-27T11:00:48,100.0,26.2,B
2021-07-27T11:00:32,2900.0,26.2,B
2021-07-27T11:00:21,100.0,26.2,B
2021-07-27T11:00:03,100.0,26.2,B
2021-07-27T10:59:49,400.0,26.1,B
2021-07-27T10:59:30,100.0,26.1,B
2021-07-27T10:57:34,400.0,26.05,S
2021-07-27T10:57:03,10000.0,26.0,S
2021-07-27T10:56:59,600.0,26.0,S
2021-07-27T10:56:54,100.0,26.2,B
2021-07-27T10:56:47,1000.0,26.2,B
2021-07-27T10:56:23,700.0,26.0,S
2021-07-27T10:56:23,800.0,26.0,S
2021-07-27T10:56:14,8000.0,26.0,S
2021-07-27T10:55:45,500.0,26.0,S
2021-07-27T10:55:42,400.0,26.0,S
2021-07-27T10:55:36,5000.0,26.0,S
2021-07-27T10:55:35,1000.0,26.0,S
2021-07-27T10:54:56,100.0,26.0,S
2021-07-27T10:54:54,1200.0,26.0,B
2021-07-27T10:54:43,100.0,26.0,B
2021-07-27T10:54:17,100.0,26.0,B
2021-07-27T10:54:08,1600.0,26.0,B
2021-07-27T10:54:08,400.0,26.0,B
2021-07-27T10:53:52,200.0,26.0,B
2021-07-27T10:53:46,600.0,26.0,S
2021-07-27T10:53:46,1400.0,26.0,S
2021-07-27T10:53:46,4500.0,26.0,S
2021-07-27T10:53:46,700.0,26.0,S
2021-07-27T10:53:46,12200.0,26.0,S
2021-07-27T10:53:39,2200.0,26.1,S
2021-07-27T10:53:34,100.0,26.1,S
2021-07-27T10:53:26,100.0,26.2,B
2021-07-27T10:53:12,200.0,26.2,S
2021-07-27T10:52:59,100.0,26.3,B
2021-07-27T10:52:42,400.0,26.3,S
2021-07-27T10:52:41,200.0,26.3,S
2021-07-27T10:52:36,1500.0,26.3,S
2021-07-27T10:52:33,100.0,26.3,B
2021-07-27T10:52:32,1400.0,26.3,S
2021-07-27T10:52:31,300.0,26.4,B
2021-07-27T10:52:26,200.0,26.3,S
2021-07-27T10:52:07,500.0,26.3,S
2021-07-27T10:51:43,3700.0,26.4,S
2021-07-27T10:51:43,200.0,26.4,S
2021-07-27T10:51:40,200.0,26.4,S
2021-07-27T10:51:35,200.0,26.4,S
2021-07-27T10:51:29,500.0,26.4,S
2021-07-27T10:51:00,1000.0,26.4,S
2021-07-27T10:50:57,100.0,26.4,S
2021-07-27T10:50:21,3300.0,26.4,B
2021-07-27T10:50:18,1100.0,26.4,S
2021-07-27T10:50:18,3900.0,26.4,B
2021-07-27T10:50:16,100.0,26.4,B
2021-07-27T10:50:04,100.0,26.4,B
2021-07-27T10:50:00,5000.0,26.4,B
2021-07-27T10:49:33,600.0,26.3,B
2021-07-27T10:49:32,100.0,26.3,B
2021-07-27T10:49:15,600.0,26.3,B
2021-07-27T10:49:10,500.0,26.3,B
2021-07-27T10:49:05,100.0,26.3,B
2021-07-27T10:49:04,100.0,26.3,B
2021-07-27T10:48:54,1800.0,26.3,B
2021-07-27T10:48:54,3200.0,26.3,B
2021-07-27T10:48:47,100.0,26.2,S
2021-07-27T10:48:35,300.0,26.2,B
2021-07-27T10:48:35,9600.0,26.2,B
2021-07-27T10:48:23,500.0,26.1,S
2021-07-27T10:48:14,1000.0,26.1,B
2021-07-27T10:48:14,10100.0,26.1,B
2021-07-27T10:48:02,500.0,26.1,B
2021-07-27T10:47:56,500.0,26.0,S
2021-07-27T10:47:48,200.0,26.1,B
2021-07-27T10:47:40,500.0,26.1,B
2021-07-27T10:47:23,200.0,26.1,B
2021-07-27T10:46:44,3500.0,26.0,B
2021-07-27T10:46:30,100.0,26.0,B
2021-07-27T10:46:28,1400.0,26.0,B
2021-07-27T10:46:28,200.0,26.0,B
2021-07-27T10:46:28,200.0,26.0,B
2021-07-27T10:46:25,5000.0,26.0,B
2021-07-27T10:46:23,1000.0,26.0,B
2021-07-27T10:46:04,100.0,26.0,B
2021-07-27T10:45:57,200.0,26.0,B
2021-07-27T10:45:57,3800.0,26.0,B
2021-07-27T10:45:44,600.0,26.0,B
2021-07-27T10:45:44,200.0,26.0,B
2021-07-27T10:45:44,1600.0,26.0,B
2021-07-27T10:45:44,5300.0,26.0,B
2021-07-27T10:45:44,11800.0,26.0,B
2021-07-27T10:45:44,500.0,26.0,B
2021-07-27T10:45:44,2500.0,26.0,B
2021-07-27T10:45:42,2000.0,26.0,B
2021-07-27T10:45:05,400.0,25.95,B
2021-07-27T10:44:59,5000.0,25.95,B
2021-07-27T10:44:12,500.0,25.9,S
2021-07-27T10:44:03,1400.0,25.9,B
2021-07-27T10:43:59,600.0,25.9,B
2021-07-27T10:43:50,1500.0,25.9,B
2021-07-27T10:43:44,100.0,25.9,B
2021-07-27T10:43:27,100.0,25.9,B
2021-07-27T10:43:25,1800.0,25.9,B
2021-07-27T10:43:21,200.0,25.9,B
2021-07-27T10:43:02,500.0,25.9,B
2021-07-27T10:43:02,100.0,25.9,B
2021-07-27T10:42:51,800.0,25.9,B
2021-07-27T10:42:51,400.0,25.9,B
2021-07-27T10:42:51,900.0,25.9,B
2021-07-27T10:42:51,3000.0,25.9,B
2021-07-27T10:42:51,700.0,25.9,B
2021-07-27T10:42:36,100.0,25.9,B
2021-07-27T10:42:10,200.0,25.9,B
2021-07-27T10:42:06,100.0,25.9,B
2021-07-27T10:41:55,300.0,25.8,S
2021-07-27T10:41:55,100.0,25.8,S
2021-07-27T10:41:55,600.0,25.8,S
2021-07-27T10:41:31,1400.0,25.8,B
2021-07-27T10:41:23,800.0,25.8,B
2021-07-27T10:41:18,100.0,25.8,B
2021-07-27T10:41:16,100.0,25.8,B
2021-07-27T10:41:12,3000.0,25.8,B
2021-07-27T10:40:52,10700.0,25.8,B
2021-07-27T10:40:52,9300.0,25.8,B
2021-07-27T10:40:49,300.0,25.75,S
2021-07-27T10:40:40,100.0,25.75,S
2021-07-27T10:40:22,500.0,25.75,S
2021-07-27T10:40:02,100.0,25.75,S
2021-07-27T10:39:45,500.0,25.75,B
2021-07-27T10:39:43,200.0,25.75,B
2021-07-27T10:39:35,100.0,25.75,B
2021-07-27T10:39:32,100.0,25.75,B
2021-07-27T10:39:15,1000.0,25.75,B
2021-07-27T10:39:09,200.0,25.75,B
2021-07-27T10:38:50,300.0,25.75,B
2021-07-27T10:38:50,500.0,25.75,B
2021-07-27T10:38:50,1000.0,25.75,B
2021-07-27T10:38:45,400.0,25.75,B
2021-07-27T10:38:28,200.0,25.7,S
2021-07-27T10:37:23,1000.0,25.7,S
2021-07-27T10:36:19,2100.0,25.7,S
2021-07-27T10:35:36,700.0,25.65,S
2021-07-27T10:33:55,100.0,25.65,B
2021-07-27T10:33:31,100.0,25.65,B
2021-07-27T10:33:05,200.0,25.65,B
2021-07-27T10:32:54,100.0,25.65,B
2021-07-27T10:32:51,600.0,25.65,B
2021-07-27T10:32:43,1300.0,25.65,S
2021-07-27T10:32:37,100.0,25.65,B
2021-07-27T10:32:12,100.0,25.65,B
2021-07-27T10:31:47,100.0,25.65,B
2021-07-27T10:31:21,100.0,25.65,B
2021-07-27T10:31:12,1900.0,25.7,B
2021-07-27T10:30:55,100.0,25.7,B
2021-07-27T10:30:50,100.0,25.7,B
2021-07-27T10:30:28,200.0,25.7,B
2021-07-27T10:30:01,100.0,25.7,B
2021-07-27T10:29:43,200.0,25.7,B
2021-07-27T10:28:19,400.0,25.5,S
2021-07-27T10:28:19,100.0,25.5,S
2021-07-27T10:28:19,500.0,25.5,S
2021-07-27T10:28:17,9500.0,25.5,S
2021-07-27T10:28:17,300.0,25.5,S
2021-07-27T10:28:17,800.0,25.5,S
2021-07-27T10:28:17,5100.0,25.5,S
2021-07-27T10:28:17,200.0,25.5,S
2021-07-27T10:28:17,11900.0,25.6,S
2021-07-27T10:28:17,2200.0,25.65,S
2021-07-27T10:27:54,1000.0,25.7,B
2021-07-27T10:27:54,7300.0,25.65,S
2021-07-27T10:26:46,3500.0,25.65,S
2021-07-27T10:26:46,400.0,25.65,S
2021-07-27T10:26:46,200.0,25.65,S
2021-07-27T10:26:46,4600.0,25.65,S
2021-07-27T10:26:46,2100.0,25.7,S
2021-07-27T10:26:46,1200.0,25.7,S
2021-07-27T10:26:46,100.0,25.7,S
2021-07-27T10:26:46,5000.0,25.7,S
2021-07-27T10:26:44,1000.0,25.7,S
2021-07-27T10:26:36,2100.0,25.75,B
2021-07-27T10:26:35,100.0,25.75,B
2021-07-27T10:26:09,100.0,25.75,B
2021-07-27T10:25:43,100.0,25.75,B
2021-07-27T10:25:17,100.0,25.75,B
2021-07-27T10:24:50,100.0,25.75,B
2021-07-27T10:24:24,200.0,25.75,B
2021-07-27T10:23:59,100.0,25.75,B
2021-07-27T10:23:45,300.0,25.75,S
2021-07-27T10:23:45,200.0,25.75,S
2021-07-27T10:22:35,800.0,25.75,B
2021-07-27T10:22:14,100.0,25.75,B
2021-07-27T10:22:05,500.0,25.75,B
2021-07-27T10:21:48,200.0,25.75,B
2021-07-27T10:21:41,3900.0,25.75,B
2021-07-27T10:21:32,400.0,25.75,B
2021-07-27T10:21:31,1000.0,25.75,B
2021-07-27T10:21:24,1200.0,25.75,B
2021-07-27T10:21:22,100.0,25.75,B
2021-07-27T10:21:13,4800.0,25.75,B
2021-07-27T10:19:27,2700.0,25.7,B
2021-07-27T10:19:13,10000.0,25.7,B
2021-07-27T10:16:28,100.0,25.65,S
2021-07-27T10:15:09,1000.0,25.65,B
2021-07-27T10:15:09,700.0,25.65,B
2021-07-27T10:14:52,100.0,25.65,B
2021-07-27T10:14:25,100.0,25.65,B
2021-07-27T10:14:01,100.0,25.65,B
2021-07-27T10:13:34,100.0,25.65,B
2021-07-27T10:13:08,100.0,25.65,B
2021-07-27T10:12:54,1000.0,25.65,B
2021-07-27T10:12:50,100.0,25.6,S
2021-07-27T10:12:42,200.0,25.65,B
2021-07-27T10:12:16,100.0,25.65,B
2021-07-27T10:12:03,2000.0,25.65,B
2021-07-27T10:11:56,1000.0,25.6,B
2021-07-27T10:11:50,100.0,25.6,B
2021-07-27T10:11:24,100.0,25.6,B
2021-07-27T10:10:59,100.0,25.6,B
2021-07-27T10:10:56,3200.0,25.6,B
2021-07-27T10:10:56,1400.0,25.6,B
2021-07-27T10:10:56,1000.0,25.6,B
2021-07-27T10:10:56,500.0,25.6,B
2021-07-27T10:10:56,800.0,25.6,B
2021-07-27T10:10:56,3100.0,25.6,B
2021-07-27T10:10:10,500.0,25.5,S
2021-07-27T10:10:10,100.0,25.5,S
2021-07-27T10:10:10,100.0,25.5,S
2021-07-27T10:10:10,300.0,25.5,S
2021-07-27T10:09:03,1000.0,25.5,S
2021-07-27T10:08:46,200.0,25.5,S
2021-07-27T10:07:58,3000.0,25.5,S
2021-07-27T10:07:36,2000.0,25.5,S
2021-07-27T10:07:25,1000.0,25.5,S
2021-07-27T10:07:10,1000.0,25.5,S
2021-07-27T10:06:43,100.0,25.5,S
2021-07-27T10:06:38,100.0,25.6,B
2021-07-27T10:06:12,100.0,25.6,B
2021-07-27T10:05:46,100.0,25.6,B
2021-07-27T10:05:20,100.0,25.6,B
2021-07-27T10:05:10,1000.0,25.6,B
2021-07-27T10:04:54,100.0,25.6,B
2021-07-27T10:04:29,100.0,25.6,B
2021-07-27T10:04:04,200.0,25.6,B
2021-07-27T10:03:36,100.0,25.6,B
2021-07-27T10:03:10,100.0,25.6,B
2021-07-27T10:03:08,200.0,25.6,B
2021-07-27T10:03:00,200.0,25.6,B
2021-07-27T10:02:45,100.0,25.6,B
2021-07-27T10:02:21,200.0,25.6,B
2021-07-27T10:02:18,100.0,25.6,B
2021-07-27T10:01:52,100.0,25.6,B
2021-07-27T10:01:27,100.0,25.6,B
2021-07-27T10:01:01,200.0,25.6,B
2021-07-27T10:00:35,100.0,25.6,B
2021-07-27T10:00:29,500.0,25.6,B
2021-07-27T10:00:08,100.0,25.6,B
2021-07-27T09:59:43,100.0,25.6,B
2021-07-27T09:59:16,100.0,25.6,B
2021-07-27T09:58:50,100.0,25.6,B
2021-07-27T09:58:24,200.0,25.6,B
2021-07-27T09:58:22,100.0,25.6,B
2021-07-27T09:57:58,100.0,25.6,B
2021-07-27T09:57:37,1000.0,25.6,B
2021-07-27T09:57:32,100.0,25.6,B
2021-07-27T09:57:32,3000.0,25.6,B
2021-07-27T09:57:06,100.0,25.6,B
2021-07-27T09:57:02,4000.0,25.6,B
2021-07-27T09:56:52,8400.0,25.5,S
2021-07-27T09:56:52,1600.0,25.5,S
2021-07-27T09:56:40,1000.0,25.6,B
2021-07-27T09:56:40,100.0,25.6,B
2021-07-27T09:56:14,100.0,25.6,B
2021-07-27T09:56:08,3500.0,25.6,B
2021-07-27T09:56:02,2000.0,25.6,S
2021-07-27T09:55:52,1400.0,25.6,S
2021-07-27T09:55:49,100.0,25.65,B
2021-07-27T09:55:45,500.0,25.65,B
2021-07-27T09:54:54,7400.0,25.6,B
2021-07-27T09:54:36,1000.0,25.6,B
2021-07-27T09:54:30,100.0,25.6,B
2021-07-27T09:54:27,100.0,25.6,B
2021-07-27T09:54:04,100.0,25.6,B
2021-07-27T09:53:38,100.0,25.6,B
2021-07-27T09:53:38,100.0,25.6,B
2021-07-27T09:53:12,100.0,25.6,B
2021-07-27T09:52:46,100.0,25.6,B
2021-07-27T09:52:19,200.0,25.6,B
2021-07-27T09:51:54,100.0,25.6,B
2021-07-27T09:51:28,100.0,25.6,B
2021-07-27T09:51:03,100.0,25.6,B
2021-07-27T09:50:36,100.0,25.6,B
2021-07-27T09:50:11,100.0,25.6,B
2021-07-27T09:49:44,200.0,25.6,B
2021-07-27T09:49:32,100.0,25.6,B
2021-07-27T09:49:20,100.0,25.6,B
2021-07-27T09:49:18,400.0,25.6,B
2021-07-27T09:49:17,6300.0,25.6,B
2021-07-27T09:49:10,400.0,25.6,B
2021-07-27T09:48:52,100.0,25.6,B
2021-07-27T09:48:26,100.0,25.6,B
2021-07-27T09:48:00,100.0,25.6,B
2021-07-27T09:48:00,100.0,25.6,B
2021-07-27T09:47:34,100.0,25.6,B
2021-07-27T09:47:09,100.0,25.6,B
2021-07-27T09:46:45,200.0,25.6,B
2021-07-27T09:46:17,100.0,25.6,B
2021-07-27T09:46:04,400.0,25.6,B
2021-07-27T09:45:51,100.0,25.6,B
2021-07-27T09:45:36,1000.0,25.6,B
2021-07-27T09:44:12,500.0,25.5,S
2021-07-27T09:42:57,1000.0,25.5,S
2021-07-27T09:41:42,300.0,25.5,S
2021-07-27T09:41:37,100.0,25.6,B
2021-07-27T09:41:20,1600.0,25.5,S
2021-07-27T09:41:05,100.0,25.6,B
2021-07-27T09:40:57,200.0,25.5,S
2021-07-27T09:40:41,100.0,25.5,S
2021-07-27T09:39:58,100.0,25.5,B
2021-07-27T09:39:47,100.0,25.5,B
2021-07-27T09:39:21,100.0,25.5,B
2021-07-27T09:39:05,100.0,25.5,B
2021-07-27T09:38:50,1000.0,25.5,B
2021-07-27T09:38:43,200.0,25.5,B
2021-07-27T09:38:29,100.0,25.5,B
2021-07-27T09:38:03,200.0,25.5,B
2021-07-27T09:38:02,400.0,25.5,B
2021-07-27T09:38:00,300.0,25.5,S
2021-07-27T09:38:00,100.0,25.5,S
2021-07-27T09:38:00,1500.0,25.5,S
2021-07-27T09:38:00,900.0,25.5,S
2021-07-27T09:38:00,2300.0,25.5,S
2021-07-27T09:37:40,400.0,25.6,B
2021-07-27T09:37:37,100.0,25.6,B
2021-07-27T09:37:11,100.0,25.6,B
2021-07-27T09:37:04,300.0,25.6,B
2021-07-27T09:36:15,100.0,25.5,S
2021-07-27T09:35:50,600.0,25.5,B
2021-07-27T09:35:34,600.0,25.5,S
2021-07-27T09:35:34,2200.0,25.5,S
2021-07-27T09:35:34,6400.0,25.5,S
2021-07-27T09:35:34,100.0,25.5,S
2021-07-27T09:35:34,100.0,25.5,S
2021-07-27T09:35:26,100.0,25.6,B
2021-07-27T09:35:01,200.0,25.6,B
2021-07-27T09:34:56,2000.0,25.6,B
2021-07-27T09:34:36,100.0,25.6,B
2021-07-27T09:34:32,600.0,25.6,S
2021-07-27T09:34:32,1300.0,25.6,S
2021-07-27T09:34:31,4000.0,25.6,S
2021-07-27T09:34:09,100.0,25.7,B
2021-07-27T09:33:53,400.0,25.7,S
2021-07-27T09:33:50,10000.0,25.7,S
2021-07-27T09:33:43,100.0,25.75,B
2021-07-27T09:33:34,100.0,25.75,B
2021-07-27T09:33:17,100.0,25.75,B
2021-07-27T09:32:51,100.0,25.75,B
2021-07-27T09:32:42,100.0,25.75,S
2021-07-27T09:32:15,300.0,25.75,S
2021-07-27T09:31:31,2000.0,25.75,B
2021-07-27T09:31:07,100.0,25.75,B
2021-07-27T09:31:01,100.0,25.75,B
2021-07-27T09:30:56,800.0,25.75,S
2021-07-27T09:29:58,100.0,25.75,S
2021-07-27T09:29:21,1000.0,25.7,S
2021-07-27T09:28:47,200.0,25.7,S
2021-07-27T09:28:20,200.0,25.7,S
2021-07-27T09:28:18,500.0,25.7,S
2021-07-27T09:28:09,2000.0,25.7,S
2021-07-27T09:27:56,400.0,25.7,B
2021-07-27T09:27:49,600.0,25.7,S
2021-07-27T09:27:47,1000.0,25.7,S
2021-07-27T09:27:07,100.0,25.7,S
2021-07-27T09:26:53,2000.0,25.8,B
2021-07-27T09:26:51,5000.0,25.7,S
2021-07-27T09:26:42,5000.0,25.7,S
2021-07-27T09:25:57,500.0,25.7,S
2021-07-27T09:24:49,300.0,25.7,S
2021-07-27T09:24:48,1000.0,25.7,S
2021-07-27T09:24:45,200.0,25.7,S
2021-07-27T09:24:20,2800.0,25.7,S
2021-07-27T09:24:12,100.0,25.8,B
2021-07-27T09:23:54,100.0,25.8,B
2021-07-27T09:23:49,500.0,25.8,B
2021-07-27T09:23:45,100.0,25.8,B
2021-07-27T09:23:40,600.0,25.8,B
2021-07-27T09:23:30,1500.0,25.8,S
2021-07-27T09:23:28,100.0,25.8,S
2021-07-27T09:23:27,8600.0,25.8,B
2021-07-27T09:23:19,200.0,25.8,B
2021-07-27T09:22:53,200.0,25.8,B
2021-07-27T09:22:41,2000.0,25.8,S
2021-07-27T09:22:27,3000.0,25.8,S
2021-07-27T09:21:48,100.0,25.8,S
2021-07-27T09:21:34,1000.0,25.8,S
2021-07-27T09:21:23,7000.0,25.9,B
2021-07-27T09:21:09,4100.0,25.9,B
2021-07-27T09:21:00,100.0,25.8,S
2021-07-27T09:20:55,2200.0,25.8,B
2021-07-27T09:20:38,100.0,25.7,S
2021-07-27T09:20:30,800.0,25.7,B
2021-07-27T09:20:28,5000.0,25.7,B
2021-07-27T09:20:22,3000.0,25.7,B
2021-07-27T09:20:16,1000.0,25.55,S
2021-07-27T09:19:55,2000.0,25.5,S
2021-07-27T09:19:54,800.0,25.5,S
2021-07-27T09:18:07,4900.0,25.5,S
2021-07-27T09:17:50,2000.0,25.5,S
2021-07-27T09:16:16,1900.0,25.7,B
2021-07-27T09:16:16,1000.0,25.6,B
2021-07-27T09:16:16,1100.0,25.6,B
2021-07-27T09:15:45,5000.0,25.6,B
2021-07-27T09:15:34,1000.0,25.6,B
2021-07-27T09:15:24,700.0,25.6,B
2021-07-27T09:15:11,2800.0,25.6,B
