tradingTime,volume,price,side
2021-07-27T14:29:48,100.0,24.3,B
2021-07-27T14:29:43,100.0,24.3,B
2021-07-27T14:29:42,500.0,24.3,B
2021-07-27T14:29:36,1000.0,24.3,B
2021-07-27T14:29:35,5000.0,24.3,B
2021-07-27T14:29:32,100.0,24.3,B
2021-07-27T14:29:27,6000.0,24.3,B
2021-07-27T14:29:21,200.0,24.3,B
2021-07-27T14:29:16,2000.0,24.3,B
2021-07-27T14:29:11,10700.0,24.3,B
2021-07-27T14:29:06,1500.0,24.3,S
2021-07-27T14:29:05,500.0,24.3,S
2021-07-27T14:29:05,500.0,24.3,S
2021-07-27T14:28:52,500.0,24.3,S
2021-07-27T14:28:49,7300.0,24.3,B
2021-07-27T14:28:45,22000.0,24.3,B
2021-07-27T14:28:43,2000.0,24.3,B
2021-07-27T14:28:40,2100.0,24.3,B
2021-07-27T14:28:29,500.0,24.3,B
2021-07-27T14:28:24,100.0,24.3,B
2021-07-27T14:28:22,500.0,24.3,B
2021-07-27T14:28:20,300.0,24.3,B
2021-07-27T14:28:17,600.0,24.3,B
2021-07-27T14:28:08,500.0,24.3,B
2021-07-27T14:28:07,100.0,24.3,B
2021-07-27T14:28:02,16300.0,24.3,S
2021-07-27T14:27:51,9800.0,24.3,S
2021-07-27T14:27:46,500.0,24.3,S
2021-07-27T14:27:41,32500.0,24.3,S
2021-07-27T14:27:36,300.0,24.3,B
2021-07-27T14:27:30,2000.0,24.3,B
2021-07-27T14:27:19,2000.0,24.3,B
2021-07-27T14:27:01,300.0,24.3,B
2021-07-27T14:27:00,3000.0,24.3,B
2021-07-27T14:26:58,1000.0,24.3,S
2021-07-27T14:26:58,11900.0,24.3,S
2021-07-27T14:26:43,9300.0,24.3,B
2021-07-27T14:26:40,200.0,24.3,B
2021-07-27T14:26:36,400.0,24.3,B
2021-07-27T14:26:33,15000.0,24.3,B
2021-07-27T14:26:11,500.0,24.3,B
2021-07-27T14:26:09,1300.0,24.3,B
2021-07-27T14:26:03,500.0,24.3,B
2021-07-27T14:26:02,400.0,24.3,B
2021-07-27T14:26:00,100.0,24.3,B
2021-07-27T14:25:54,1000.0,24.3,B
2021-07-27T14:25:51,5000.0,24.3,B
2021-07-27T14:25:50,5000.0,24.3,B
2021-07-27T14:25:44,20000.0,24.3,B
2021-07-27T14:25:25,800.0,24.3,B
2021-07-27T14:25:24,20000.0,24.3,B
2021-07-27T14:24:53,100.0,24.3,B
2021-07-27T14:24:49,400.0,24.3,B
2021-07-27T14:24:40,5000.0,24.2,S
2021-07-27T14:24:38,1000.0,24.3,B
2021-07-27T14:24:32,3500.0,24.3,B
2021-07-27T14:24:32,500.0,24.3,B
2021-07-27T14:24:21,10000.0,24.3,B
2021-07-27T14:23:29,700.0,24.3,B
2021-07-27T14:23:25,500.0,24.2,S
2021-07-27T14:23:22,300.0,24.3,B
2021-07-27T14:23:17,1000.0,24.3,B
2021-07-27T14:23:08,100.0,24.3,B
2021-07-27T14:22:53,100.0,24.3,B
2021-07-27T14:22:43,100.0,24.3,B
2021-07-27T14:22:37,100.0,24.3,B
2021-07-27T14:22:36,4600.0,24.3,B
2021-07-27T14:22:35,200.0,24.3,B
2021-07-27T14:22:27,100.0,24.3,B
2021-07-27T14:22:05,200.0,24.3,B
2021-07-27T14:22:00,22100.0,24.3,S
2021-07-27T14:22:00,300.0,24.4,B
2021-07-27T14:21:39,200.0,24.4,B
2021-07-27T14:21:32,13600.0,24.3,B
2021-07-27T14:21:32,400.0,24.3,B
2021-07-27T14:21:27,36000.0,24.3,S
2021-07-27T14:21:05,600.0,24.3,S
2021-07-27T14:21:04,100.0,24.4,B
2021-07-27T14:20:32,1000.0,24.4,B
2021-07-27T14:20:26,8600.0,24.4,B
2021-07-27T14:20:10,500.0,24.4,B
2021-07-27T14:19:58,100.0,24.4,B
2021-07-27T14:19:38,1000.0,24.4,B
2021-07-27T14:19:36,3300.0,24.4,B
2021-07-27T14:19:30,5000.0,24.4,B
2021-07-27T14:19:29,10000.0,24.4,B
2021-07-27T14:19:17,1200.0,24.4,B
2021-07-27T14:19:11,200.0,24.4,B
2021-07-27T14:19:07,4000.0,24.4,B
2021-07-27T14:19:04,200.0,24.4,B
2021-07-27T14:18:57,100.0,24.4,B
2021-07-27T14:18:54,5000.0,24.4,B
2021-07-27T14:18:48,3500.0,24.4,B
2021-07-27T14:18:43,1000.0,24.4,B
2021-07-27T14:18:41,2000.0,24.4,B
2021-07-27T14:18:39,600.0,24.4,B
2021-07-27T14:18:34,400.0,24.4,B
2021-07-27T14:18:27,11200.0,24.4,B
2021-07-27T14:18:23,19200.0,24.4,B
2021-07-27T14:18:23,400.0,24.4,B
2021-07-27T14:18:19,100.0,24.4,B
2021-07-27T14:18:08,8100.0,24.4,B
2021-07-27T14:18:06,1000.0,24.4,B
2021-07-27T14:18:05,30000.0,24.4,B
2021-07-27T14:18:05,100.0,24.4,B
2021-07-27T14:18:03,3600.0,24.4,B
2021-07-27T14:17:57,500.0,24.4,B
2021-07-27T14:17:50,2000.0,24.4,B
2021-07-27T14:17:25,2000.0,24.4,B
2021-07-27T14:16:57,1000.0,24.3,S
2021-07-27T14:16:47,2000.0,24.3,S
2021-07-27T14:16:34,100.0,24.3,S
2021-07-27T14:16:30,100.0,24.3,S
2021-07-27T14:16:19,1000.0,24.3,S
2021-07-27T14:16:18,3000.0,24.4,B
2021-07-27T14:16:11,10000.0,24.3,S
2021-07-27T14:16:04,4000.0,24.3,S
2021-07-27T14:16:04,100.0,24.3,S
2021-07-27T14:16:03,200.0,24.3,S
2021-07-27T14:15:47,5000.0,24.3,S
2021-07-27T14:15:44,1400.0,24.3,S
2021-07-27T14:15:43,600.0,24.3,S
2021-07-27T14:15:20,1000.0,24.3,S
2021-07-27T14:15:13,400.0,24.3,S
2021-07-27T14:15:07,2000.0,24.3,S
2021-07-27T14:15:05,2500.0,24.3,B
2021-07-27T14:15:00,500.0,24.3,B
2021-07-27T14:14:50,500.0,24.3,B
2021-07-27T14:14:44,2000.0,24.2,S
2021-07-27T14:14:43,2500.0,24.3,B
2021-07-27T14:14:42,800.0,24.3,B
2021-07-27T14:14:41,500.0,24.3,B
2021-07-27T14:14:37,2000.0,24.3,B
2021-07-27T14:14:30,10000.0,24.3,B
2021-07-27T14:14:22,20200.0,24.3,B
2021-07-27T14:14:06,900.0,24.2,S
2021-07-27T14:14:01,10000.0,24.2,S
2021-07-27T14:14:00,4000.0,24.2,S
2021-07-27T14:13:59,1300.0,24.3,B
2021-07-27T14:13:48,500.0,24.3,B
2021-07-27T14:13:45,100.0,24.3,B
2021-07-27T14:13:33,200.0,24.3,B
2021-07-27T14:13:33,500.0,24.2,S
2021-07-27T14:13:32,1000.0,24.2,S
2021-07-27T14:13:27,200.0,24.2,S
2021-07-27T14:13:22,10000.0,24.2,S
2021-07-27T14:13:18,400.0,24.2,S
2021-07-27T14:13:00,200.0,24.2,S
2021-07-27T14:12:51,800.0,24.2,S
2021-07-27T14:12:49,20000.0,24.2,S
2021-07-27T14:12:49,3300.0,24.2,S
2021-07-27T14:12:47,10000.0,24.2,S
2021-07-27T14:12:26,200.0,24.2,S
2021-07-27T14:12:23,7600.0,24.2,S
2021-07-27T14:12:23,700.0,24.2,S
2021-07-27T14:12:17,2000.0,24.2,S
2021-07-27T14:12:13,1300.0,24.2,S
2021-07-27T14:12:08,15000.0,24.2,S
2021-07-27T14:12:05,1000.0,24.3,B
2021-07-27T14:11:52,500.0,24.2,S
2021-07-27T14:11:16,2000.0,24.2,S
2021-07-27T14:11:04,700.0,24.2,S
2021-07-27T14:10:47,700.0,24.2,S
2021-07-27T14:10:45,10000.0,24.2,S
2021-07-27T14:10:30,100.0,24.2,S
2021-07-27T14:10:25,500.0,24.2,S
2021-07-27T14:10:23,1000.0,24.2,S
2021-07-27T14:10:20,200.0,24.2,S
2021-07-27T14:10:17,8000.0,24.2,S
2021-07-27T14:10:16,5000.0,24.2,S
2021-07-27T14:10:15,3000.0,24.2,S
2021-07-27T14:10:10,50000.0,24.2,S
2021-07-27T14:10:10,5800.0,24.2,S
2021-07-27T14:10:05,20000.0,24.3,B
2021-07-27T14:09:55,10400.0,24.2,S
2021-07-27T14:09:54,10000.0,24.2,S
2021-07-27T14:09:41,1000.0,24.3,B
2021-07-27T14:09:37,3600.0,24.3,S
2021-07-27T14:09:36,500.0,24.3,S
2021-07-27T14:09:33,500.0,24.3,S
2021-07-27T14:09:33,1000.0,24.3,S
2021-07-27T14:09:30,100.0,24.3,S
2021-07-27T14:09:29,500.0,24.3,S
2021-07-27T14:09:27,4800.0,24.3,S
2021-07-27T14:09:26,200.0,24.3,S
2021-07-27T14:09:24,15000.0,24.3,S
2021-07-27T14:09:22,19600.0,24.3,S
2021-07-27T14:09:20,9500.0,24.3,S
2021-07-27T14:09:18,3500.0,24.3,S
2021-07-27T14:09:18,10000.0,24.3,S
2021-07-27T14:09:17,3200.0,24.3,S
2021-07-27T14:09:15,1000.0,24.3,S
2021-07-27T14:09:14,20000.0,24.3,S
2021-07-27T14:09:08,11700.0,24.3,S
2021-07-27T14:09:08,2000.0,24.3,S
2021-07-27T14:09:06,200.0,24.3,S
2021-07-27T14:09:01,1000.0,24.3,S
2021-07-27T14:08:57,500.0,24.3,S
2021-07-27T14:08:54,2000.0,24.4,B
2021-07-27T14:08:50,2000.0,24.3,S
2021-07-27T14:08:40,2600.0,24.3,S
2021-07-27T14:08:34,2000.0,24.3,S
2021-07-27T14:08:34,2000.0,24.3,S
2021-07-27T14:07:58,3000.0,24.3,S
2021-07-27T14:07:54,5000.0,24.3,S
2021-07-27T14:07:53,5000.0,24.3,S
2021-07-27T14:07:27,1000.0,24.3,S
2021-07-27T14:07:17,5900.0,24.3,S
2021-07-27T14:07:09,35000.0,24.3,S
2021-07-27T14:07:02,500.0,24.4,B
2021-07-27T14:06:46,100.0,24.4,B
2021-07-27T14:06:26,300.0,24.3,S
2021-07-27T14:06:19,26400.0,24.4,S
2021-07-27T14:06:13,5000.0,24.4,S
2021-07-27T14:06:05,15000.0,24.4,S
2021-07-27T14:06:01,5000.0,24.4,S
2021-07-27T14:05:53,8100.0,24.4,S
2021-07-27T14:05:38,1000.0,24.5,B
2021-07-27T14:05:38,6000.0,24.4,S
2021-07-27T14:05:06,400.0,24.5,B
2021-07-27T14:05:02,1500.0,24.4,S
2021-07-27T14:04:15,5400.0,24.5,B
2021-07-27T14:03:57,94600.0,24.5,B
2021-07-27T14:03:50,2000.0,24.4,S
2021-07-27T14:03:49,10000.0,24.4,S
2021-07-27T14:03:35,1000.0,24.4,S
2021-07-27T14:03:32,900.0,24.5,B
2021-07-27T14:03:17,1000.0,24.5,B
2021-07-27T14:03:06,500.0,24.4,S
2021-07-27T14:02:48,2000.0,24.5,B
2021-07-27T14:02:47,2000.0,24.4,S
2021-07-27T14:02:46,1100.0,24.4,S
2021-07-27T14:02:15,400.0,24.4,S
2021-07-27T14:02:13,200.0,24.5,B
2021-07-27T14:01:50,1000.0,24.5,B
2021-07-27T14:01:31,100.0,24.5,B
2021-07-27T14:01:25,5000.0,24.5,B
2021-07-27T14:01:15,2000.0,24.5,B
2021-07-27T14:00:57,2900.0,24.5,B
2021-07-27T14:00:55,80000.0,24.5,S
2021-07-27T14:00:49,500.0,24.5,S
2021-07-27T14:00:46,100.0,24.5,S
2021-07-27T14:00:45,3200.0,24.5,S
2021-07-27T14:00:38,3000.0,24.5,S
2021-07-27T14:00:13,2000.0,24.5,S
2021-07-27T13:59:53,3000.0,24.5,S
2021-07-27T13:59:53,500.0,24.5,S
2021-07-27T13:59:53,2000.0,24.5,S
2021-07-27T13:59:02,2000.0,24.5,S
2021-07-27T13:58:52,1000.0,24.5,S
2021-07-27T13:58:49,3000.0,24.5,S
2021-07-27T13:58:48,200.0,24.5,S
2021-07-27T13:58:48,5000.0,24.6,B
2021-07-27T13:57:28,200.0,24.5,S
2021-07-27T13:57:16,1000.0,24.5,S
2021-07-27T13:57:07,1000.0,24.5,S
2021-07-27T13:57:05,100.0,24.6,B
2021-07-27T13:56:55,100.0,24.5,S
2021-07-27T13:56:50,300.0,24.5,S
2021-07-27T13:56:40,200.0,24.5,S
2021-07-27T13:56:17,200.0,24.5,S
2021-07-27T13:55:58,1000.0,24.5,S
2021-07-27T13:55:32,2000.0,24.5,S
2021-07-27T13:55:29,100.0,24.5,S
2021-07-27T13:55:20,100.0,24.5,S
2021-07-27T13:54:49,100.0,24.5,S
2021-07-27T13:54:46,76700.0,24.5,B
2021-07-27T13:54:19,2000.0,24.5,B
2021-07-27T13:54:18,1000.0,24.4,S
2021-07-27T13:54:08,200.0,24.5,B
2021-07-27T13:53:22,200.0,24.5,B
2021-07-27T13:53:20,100.0,24.4,S
2021-07-27T13:53:00,500.0,24.4,S
2021-07-27T13:52:47,100.0,24.5,B
2021-07-27T13:52:21,65900.0,24.5,S
2021-07-27T13:51:44,2000.0,24.5,S
2021-07-27T13:51:35,500.0,24.5,S
2021-07-27T13:51:27,2000.0,24.5,S
2021-07-27T13:51:22,100.0,24.5,S
2021-07-27T13:51:20,1000.0,24.5,S
2021-07-27T13:51:19,81500.0,24.5,S
2021-07-27T13:51:19,2000.0,24.4,S
2021-07-27T13:51:17,100.0,24.4,S
2021-07-27T13:51:14,3000.0,24.4,S
2021-07-27T13:51:07,200.0,24.4,S
2021-07-27T13:50:53,1000.0,24.4,S
2021-07-27T13:50:28,100.0,24.4,S
2021-07-27T13:50:10,20000.0,24.4,S
2021-07-27T13:50:08,2000.0,24.4,S
2021-07-27T13:50:00,4000.0,24.5,B
2021-07-27T13:49:49,100.0,24.4,S
2021-07-27T13:49:32,12400.0,24.4,B
2021-07-27T13:49:22,500.0,24.4,B
2021-07-27T13:49:21,2000.0,24.4,B
2021-07-27T13:49:17,100.0,24.4,B
2021-07-27T13:49:12,900.0,24.4,B
2021-07-27T13:48:58,10000.0,24.4,B
2021-07-27T13:48:57,1000.0,24.4,B
2021-07-27T13:48:42,500.0,24.4,B
2021-07-27T13:48:38,16000.0,24.4,S
2021-07-27T13:48:33,1400.0,24.4,S
2021-07-27T13:48:31,23900.0,24.5,B
2021-07-27T13:48:30,500.0,24.4,S
2021-07-27T13:48:29,2000.0,24.4,S
2021-07-27T13:48:25,4000.0,24.4,S
2021-07-27T13:48:06,100.0,24.4,S
2021-07-27T13:47:47,100.0,24.4,S
2021-07-27T13:47:41,5000.0,24.4,S
2021-07-27T13:46:42,2000.0,24.4,S
2021-07-27T13:46:28,1000.0,24.4,S
2021-07-27T13:46:12,46500.0,24.4,S
2021-07-27T13:45:25,1000.0,24.3,S
2021-07-27T13:45:06,1000.0,24.3,S
2021-07-27T13:44:27,300.0,24.3,S
2021-07-27T13:44:12,400.0,24.4,B
2021-07-27T13:43:11,400.0,24.4,B
2021-07-27T13:43:10,1000.0,24.4,B
2021-07-27T13:42:49,500.0,24.4,B
2021-07-27T13:42:29,100.0,24.4,B
2021-07-27T13:42:27,100.0,24.4,B
2021-07-27T13:42:13,100.0,24.4,B
2021-07-27T13:41:52,1000.0,24.4,B
2021-07-27T13:41:51,5000.0,24.3,S
2021-07-27T13:41:45,500.0,24.4,B
2021-07-27T13:41:38,100.0,24.4,B
2021-07-27T13:41:18,1000.0,24.4,B
2021-07-27T13:40:46,200.0,24.4,B
2021-07-27T13:40:26,500.0,24.4,B
2021-07-27T13:40:22,10000.0,24.3,S
2021-07-27T13:40:18,100.0,24.4,B
2021-07-27T13:39:56,28800.0,24.4,S
2021-07-27T13:39:42,100.0,24.4,S
2021-07-27T13:39:41,600.0,24.4,S
2021-07-27T13:39:23,400.0,24.4,S
2021-07-27T13:39:12,500.0,24.4,S
2021-07-27T13:39:07,300.0,24.4,S
2021-07-27T13:38:57,2500.0,24.4,S
2021-07-27T13:38:45,100.0,24.4,S
2021-07-27T13:38:18,200.0,24.4,S
2021-07-27T13:38:03,20300.0,24.4,B
2021-07-27T13:38:02,200.0,24.4,B
2021-07-27T13:37:53,500.0,24.4,B
2021-07-27T13:37:45,5000.0,24.4,B
2021-07-27T13:37:43,200.0,24.4,B
2021-07-27T13:37:37,200.0,24.3,S
2021-07-27T13:37:37,400.0,24.4,B
2021-07-27T13:37:25,2000.0,24.4,B
2021-07-27T13:37:23,100.0,24.4,B
2021-07-27T13:37:12,13900.0,24.4,S
2021-07-27T13:37:11,200.0,24.4,S
2021-07-27T13:37:10,300.0,24.4,S
2021-07-27T13:36:57,500.0,24.4,S
2021-07-27T13:36:40,100.0,24.4,S
2021-07-27T13:36:34,3000.0,24.4,S
2021-07-27T13:36:33,500.0,24.4,S
2021-07-27T13:36:30,400.0,24.4,S
2021-07-27T13:36:15,1000.0,24.4,S
2021-07-27T13:36:07,11000.0,24.4,B
2021-07-27T13:36:02,500.0,24.4,B
2021-07-27T13:35:52,200.0,24.4,B
2021-07-27T13:35:51,20000.0,24.4,B
2021-07-27T13:35:29,3000.0,24.4,B
2021-07-27T13:35:22,3000.0,24.4,B
2021-07-27T13:35:05,2800.0,24.4,B
2021-07-27T13:35:03,10000.0,24.4,S
2021-07-27T13:34:59,100.0,24.4,S
2021-07-27T13:34:53,1000.0,24.4,S
2021-07-27T13:34:25,500.0,24.4,S
2021-07-27T13:34:24,5000.0,24.4,S
2021-07-27T13:34:13,16100.0,24.4,S
2021-07-27T13:34:09,10400.0,24.4,B
2021-07-27T13:34:09,1000.0,24.4,B
2021-07-27T13:34:06,15000.0,24.4,B
2021-07-27T13:34:05,2100.0,24.4,B
2021-07-27T13:33:56,33400.0,24.4,B
2021-07-27T13:33:51,3300.0,24.4,B
2021-07-27T13:33:38,1000.0,24.4,B
2021-07-27T13:33:34,100.0,24.3,S
2021-07-27T13:33:27,10000.0,24.4,B
2021-07-27T13:33:22,300.0,24.3,S
2021-07-27T13:33:19,100.0,24.3,S
2021-07-27T13:33:02,200.0,24.3,S
2021-07-27T13:32:53,10000.0,24.4,B
2021-07-27T13:32:29,2000.0,24.3,S
2021-07-27T13:32:21,95000.0,24.3,S
2021-07-27T13:32:08,1000.0,24.4,B
2021-07-27T13:32:00,3000.0,24.3,S
2021-07-27T13:31:46,1700.0,24.3,S
2021-07-27T13:31:33,6000.0,24.4,B
2021-07-27T13:31:25,2000.0,24.3,S
2021-07-27T13:31:14,2000.0,24.4,B
2021-07-27T13:30:41,1000.0,24.4,B
2021-07-27T13:30:36,10000.0,24.3,S
2021-07-27T13:30:31,2000.0,24.4,B
2021-07-27T13:30:05,1800.0,24.4,S
2021-07-27T13:30:00,20000.0,24.4,S
2021-07-27T13:29:54,5000.0,24.4,S
2021-07-27T13:29:53,100.0,24.4,S
2021-07-27T13:29:53,100.0,24.4,S
2021-07-27T13:29:45,1000.0,24.4,S
2021-07-27T13:29:36,3500.0,24.4,S
2021-07-27T13:28:57,100.0,24.4,S
2021-07-27T13:28:53,34700.0,24.4,S
2021-07-27T13:28:35,1600.0,24.4,S
2021-07-27T13:28:33,11000.0,24.4,S
2021-07-27T13:28:30,10000.0,24.4,S
2021-07-27T13:28:20,2000.0,24.4,S
2021-07-27T13:28:15,200.0,24.4,S
2021-07-27T13:27:54,500.0,24.4,S
2021-07-27T13:27:52,200.0,24.4,S
2021-07-27T13:27:50,600.0,24.4,S
2021-07-27T13:27:43,100.0,24.4,S
2021-07-27T13:27:32,1200.0,24.4,S
2021-07-27T13:27:20,10000.0,24.4,S
2021-07-27T13:27:01,1000.0,24.4,S
2021-07-27T13:27:00,500.0,24.4,S
2021-07-27T13:26:40,200.0,24.4,S
2021-07-27T13:26:38,500.0,24.4,S
2021-07-27T13:26:37,600.0,24.4,S
2021-07-27T13:26:27,500.0,24.4,S
2021-07-27T13:26:20,200.0,24.4,S
2021-07-27T13:26:11,100.0,24.4,S
2021-07-27T13:26:05,500.0,24.4,S
2021-07-27T13:26:01,1000.0,24.4,S
2021-07-27T13:25:54,700.0,24.4,S
2021-07-27T13:25:53,200.0,24.5,B
2021-07-27T13:24:45,900.0,24.4,B
2021-07-27T13:24:33,200.0,24.4,S
2021-07-27T13:24:28,2000.0,24.4,S
2021-07-27T13:24:21,500.0,24.4,S
2021-07-27T13:24:20,7300.0,24.4,B
2021-07-27T13:24:16,2000.0,24.4,B
2021-07-27T13:23:53,4000.0,24.4,B
2021-07-27T13:23:46,2000.0,24.3,S
2021-07-27T13:23:18,100.0,24.4,B
2021-07-27T13:23:14,15000.0,24.3,S
2021-07-27T13:23:05,600.0,24.4,B
2021-07-27T13:23:04,1200.0,24.4,S
2021-07-27T13:22:56,10000.0,24.3,S
2021-07-27T13:22:52,3000.0,24.4,S
2021-07-27T13:22:51,2000.0,24.4,S
2021-07-27T13:22:51,2000.0,24.4,S
2021-07-27T13:22:45,1000.0,24.4,S
2021-07-27T13:22:43,11300.0,24.4,S
2021-07-27T13:22:34,5000.0,24.4,S
2021-07-27T13:22:28,1700.0,24.4,S
2021-07-27T13:22:26,3200.0,24.4,S
2021-07-27T13:22:25,1000.0,24.4,S
2021-07-27T13:22:20,2000.0,24.4,S
2021-07-27T13:22:17,300.0,24.4,S
2021-07-27T13:22:11,2500.0,24.4,S
2021-07-27T13:22:01,100.0,24.4,S
2021-07-27T13:21:12,20000.0,24.4,S
2021-07-27T13:21:08,10000.0,24.5,B
2021-07-27T13:20:56,300.0,24.4,S
2021-07-27T13:20:54,100.0,24.4,S
2021-07-27T13:20:52,1000.0,24.4,S
2021-07-27T13:20:46,200.0,24.4,S
2021-07-27T13:20:37,2000.0,24.4,S
2021-07-27T13:20:32,2000.0,24.4,S
2021-07-27T13:20:31,2300.0,24.4,S
2021-07-27T13:20:21,600.0,24.4,S
2021-07-27T13:20:16,700.0,24.4,S
2021-07-27T13:20:15,1000.0,24.4,S
2021-07-27T13:20:15,1000.0,24.4,S
2021-07-27T13:19:59,1000.0,24.4,S
2021-07-27T13:19:45,1500.0,24.4,S
2021-07-27T13:19:38,1000.0,24.4,S
2021-07-27T13:19:15,15500.0,24.4,S
2021-07-27T13:18:59,500.0,24.4,S
2021-07-27T13:18:49,100.0,24.4,S
2021-07-27T13:18:48,5000.0,24.4,S
2021-07-27T13:18:45,33100.0,24.4,B
2021-07-27T13:18:42,300.0,24.4,B
2021-07-27T13:17:57,300.0,24.4,B
2021-07-27T13:17:37,500.0,24.4,B
2021-07-27T13:17:35,1000.0,24.4,B
2021-07-27T13:17:20,800.0,24.4,B
2021-07-27T13:17:11,100.0,24.4,B
2021-07-27T13:17:03,1000.0,24.4,B
2021-07-27T13:17:01,15000.0,24.4,B
2021-07-27T13:16:53,200.0,24.4,B
2021-07-27T13:16:44,10000.0,24.3,S
2021-07-27T13:16:27,3300.0,24.4,B
2021-07-27T13:16:17,200.0,24.3,S
2021-07-27T13:16:02,20000.0,24.3,S
2021-07-27T13:15:53,100.0,24.4,B
2021-07-27T13:15:45,100.0,24.4,B
2021-07-27T13:15:27,62700.0,24.4,S
2021-07-27T13:15:23,20000.0,24.4,S
2021-07-27T13:15:21,800.0,24.4,S
2021-07-27T13:15:11,10000.0,24.4,S
2021-07-27T13:15:02,100.0,24.5,B
2021-07-27T13:14:49,5000.0,24.4,S
2021-07-27T13:14:46,10000.0,24.4,S
2021-07-27T13:13:56,200.0,24.4,S
2021-07-27T13:13:52,300.0,24.5,B
2021-07-27T13:13:07,100.0,24.4,S
2021-07-27T13:12:56,100.0,24.5,B
2021-07-27T13:12:54,100.0,24.5,B
2021-07-27T13:12:48,200.0,24.5,B
2021-07-27T13:12:43,1000.0,24.5,B
2021-07-27T13:12:37,400.0,24.5,B
2021-07-27T13:12:23,26600.0,24.5,S
2021-07-27T13:12:19,500.0,24.5,S
2021-07-27T13:12:18,1000.0,24.5,S
2021-07-27T13:12:12,5000.0,24.5,S
2021-07-27T13:12:09,2000.0,24.5,S
2021-07-27T13:12:09,10000.0,24.5,S
2021-07-27T13:12:07,10000.0,24.5,S
2021-07-27T13:12:04,100.0,24.5,S
2021-07-27T13:12:00,5000.0,24.5,S
2021-07-27T13:11:47,1000.0,24.5,S
2021-07-27T13:11:42,15000.0,24.5,S
2021-07-27T13:11:00,5000.0,24.6,B
2021-07-27T13:10:33,75000.0,24.5,S
2021-07-27T13:10:08,10000.0,24.5,S
2021-07-27T13:09:58,1000.0,24.6,B
2021-07-27T13:09:14,300.0,24.6,B
2021-07-27T13:09:12,500.0,24.6,B
2021-07-27T13:08:01,1000.0,24.6,B
2021-07-27T13:07:57,5000.0,24.6,B
2021-07-27T13:07:51,200.0,24.6,B
2021-07-27T13:07:44,300.0,24.6,B
2021-07-27T13:07:26,1100.0,24.6,B
2021-07-27T13:07:05,5000.0,24.6,B
2021-07-27T13:06:56,500.0,24.5,S
2021-07-27T13:06:42,100.0,24.6,B
2021-07-27T13:06:37,100.0,24.6,B
2021-07-27T13:06:35,500.0,24.5,S
2021-07-27T13:06:30,300.0,24.6,B
2021-07-27T13:06:25,2000.0,24.6,B
2021-07-27T13:06:22,100.0,24.6,B
2021-07-27T13:06:17,10000.0,24.6,B
2021-07-27T13:06:10,2000.0,24.6,B
2021-07-27T13:06:08,1000.0,24.6,B
2021-07-27T13:06:02,200.0,24.6,B
2021-07-27T13:05:46,500.0,24.6,B
2021-07-27T13:05:43,100.0,24.6,B
2021-07-27T13:05:13,200.0,24.6,B
2021-07-27T13:05:02,200.0,24.6,B
2021-07-27T13:03:30,5000.0,24.6,B
2021-07-27T13:03:04,5000.0,24.6,B
2021-07-27T13:02:57,100.0,24.6,B
2021-07-27T13:02:52,5000.0,24.5,S
2021-07-27T13:02:46,200.0,24.6,B
2021-07-27T13:02:45,7000.0,24.5,S
2021-07-27T13:02:31,100.0,24.6,B
2021-07-27T13:02:07,1400.0,24.6,B
2021-07-27T13:01:40,3600.0,24.6,B
2021-07-27T13:01:33,10000.0,24.5,S
2021-07-27T13:01:07,1600.0,24.6,B
2021-07-27T13:00:26,200.0,24.6,B
2021-07-27T13:00:25,200.0,24.5,S
2021-07-27T13:00:06,10000.0,24.6,B
2021-07-27T13:00:06,800.0,24.5,S
2021-07-27T13:00:03,800.0,24.6,B
2021-07-27T13:00:03,1000.0,24.6,B
2021-07-27T13:00:02,600.0,24.5,S
2021-07-27T13:00:02,300.0,24.5,S
2021-07-27T13:00:01,35000.0,24.6,B
2021-07-27T11:29:29,10000.0,24.5,S
2021-07-27T11:29:29,1100.0,24.6,B
2021-07-27T11:29:24,500.0,24.5,S
2021-07-27T11:29:16,2600.0,24.6,B
2021-07-27T11:28:57,1000.0,24.6,B
2021-07-27T11:28:54,500.0,24.6,B
2021-07-27T11:28:42,1000.0,24.6,B
2021-07-27T11:28:25,2000.0,24.6,B
2021-07-27T11:28:07,100.0,24.5,S
2021-07-27T11:27:59,500.0,24.5,S
2021-07-27T11:27:57,1000.0,24.6,B
2021-07-27T11:27:42,10000.0,24.5,S
2021-07-27T11:27:41,10000.0,24.5,S
2021-07-27T11:27:33,4000.0,24.5,S
2021-07-27T11:25:56,100.0,24.5,S
2021-07-27T11:25:30,20000.0,24.5,S
2021-07-27T11:25:12,1700.0,24.6,B
2021-07-27T11:25:00,500.0,24.5,S
2021-07-27T11:24:43,5000.0,24.5,S
2021-07-27T11:24:35,300.0,24.5,S
2021-07-27T11:23:48,2000.0,24.5,S
2021-07-27T11:23:36,200.0,24.5,S
2021-07-27T11:23:31,200.0,24.5,S
2021-07-27T11:23:28,100.0,24.5,S
2021-07-27T11:23:05,200.0,24.5,S
2021-07-27T11:22:30,12500.0,24.5,S
2021-07-27T11:22:08,2000.0,24.5,S
2021-07-27T11:22:05,500.0,24.5,S
2021-07-27T11:21:59,1500.0,24.5,S
2021-07-27T11:21:53,300.0,24.5,S
2021-07-27T11:21:50,400.0,24.5,S
2021-07-27T11:21:33,2000.0,24.5,S
2021-07-27T11:21:16,1000.0,24.5,S
2021-07-27T11:21:15,3400.0,24.5,S
2021-07-27T11:21:02,200.0,24.5,S
2021-07-27T11:20:48,300.0,24.5,S
2021-07-27T11:20:44,100.0,24.5,S
2021-07-27T11:20:29,2000.0,24.5,S
2021-07-27T11:19:59,100.0,24.5,S
2021-07-27T11:19:52,100.0,24.6,B
2021-07-27T11:19:06,4000.0,24.6,B
2021-07-27T11:19:03,400.0,24.5,S
2021-07-27T11:18:28,100.0,24.5,S
2021-07-27T11:18:25,100.0,24.5,S
2021-07-27T11:18:15,100.0,24.5,S
2021-07-27T11:17:41,100.0,24.5,S
2021-07-27T11:17:34,500.0,24.5,S
2021-07-27T11:17:14,100.0,24.5,S
2021-07-27T11:17:11,1000.0,24.5,S
2021-07-27T11:17:09,2000.0,24.5,S
2021-07-27T11:17:06,2000.0,24.5,S
2021-07-27T11:17:03,100.0,24.5,S
2021-07-27T11:17:00,500.0,24.5,S
2021-07-27T11:15:57,5000.0,24.5,S
2021-07-27T11:15:36,300.0,24.6,B
2021-07-27T11:15:22,10000.0,24.6,B
2021-07-27T11:15:16,100.0,24.6,B
2021-07-27T11:14:43,3000.0,24.6,B
2021-07-27T11:14:13,4800.0,24.6,B
2021-07-27T11:14:09,10000.0,24.6,B
2021-07-27T11:13:48,200.0,24.6,B
2021-07-27T11:13:27,1900.0,24.6,B
2021-07-27T11:13:23,4400.0,24.6,S
2021-07-27T11:13:16,2000.0,24.6,S
2021-07-27T11:13:11,1000.0,24.6,S
2021-07-27T11:13:06,200.0,24.6,S
2021-07-27T11:13:01,3000.0,24.6,S
2021-07-27T11:12:49,200.0,24.6,S
2021-07-27T11:12:48,2400.0,24.6,S
2021-07-27T11:12:43,2100.0,24.6,S
2021-07-27T11:12:42,1000.0,24.6,S
2021-07-27T11:12:40,100.0,24.6,S
2021-07-27T11:12:35,1000.0,24.6,S
2021-07-27T11:12:30,3000.0,24.6,S
2021-07-27T11:12:22,500.0,24.6,S
2021-07-27T11:12:15,500.0,24.6,S
2021-07-27T11:11:55,600.0,24.6,S
2021-07-27T11:11:54,1000.0,24.6,S
2021-07-27T11:11:52,200.0,24.6,S
2021-07-27T11:11:50,2000.0,24.6,S
2021-07-27T11:11:48,18300.0,24.6,B
2021-07-27T11:11:42,600.0,24.6,B
2021-07-27T11:11:40,100.0,24.5,S
2021-07-27T11:11:40,300.0,24.5,S
2021-07-27T11:11:21,3000.0,24.6,B
2021-07-27T11:11:04,600.0,24.5,S
2021-07-27T11:11:03,200.0,24.6,B
2021-07-27T11:10:59,2000.0,24.6,B
2021-07-27T11:10:25,100.0,24.6,B
2021-07-27T11:10:16,14100.0,24.5,S
2021-07-27T11:10:15,500.0,24.6,B
2021-07-27T11:10:14,100.0,24.6,B
2021-07-27T11:10:03,300.0,24.5,S
2021-07-27T11:09:36,600.0,24.6,S
2021-07-27T11:09:16,1000.0,24.6,S
2021-07-27T11:09:15,2000.0,24.6,S
2021-07-27T11:08:58,200.0,24.6,S
2021-07-27T11:08:50,700.0,24.6,B
2021-07-27T11:08:34,600.0,24.6,S
2021-07-27T11:08:20,1400.0,24.6,B
2021-07-27T11:08:13,300.0,24.6,B
2021-07-27T11:08:05,1000.0,24.6,B
2021-07-27T11:07:53,700.0,24.6,B
2021-07-27T11:07:45,400.0,24.6,B
2021-07-27T11:07:43,12100.0,24.6,B
2021-07-27T11:07:21,2700.0,24.6,B
2021-07-27T11:06:25,5200.0,24.6,B
2021-07-27T11:06:18,1200.0,24.6,B
2021-07-27T11:06:13,200.0,24.6,B
2021-07-27T11:05:29,500.0,24.6,B
2021-07-27T11:04:49,37000.0,24.6,B
2021-07-27T11:04:45,600.0,24.6,B
2021-07-27T11:04:29,4000.0,24.6,B
2021-07-27T11:03:46,200.0,24.6,B
2021-07-27T11:03:40,300.0,24.6,B
2021-07-27T11:03:30,500.0,24.6,B
2021-07-27T11:03:11,20000.0,24.6,B
2021-07-27T11:02:52,200.0,24.6,B
2021-07-27T11:02:49,3000.0,24.5,S
2021-07-27T11:02:40,500.0,24.5,S
2021-07-27T11:02:39,200.0,24.6,B
2021-07-27T11:02:18,200.0,24.6,B
2021-07-27T11:02:17,500.0,24.6,B
2021-07-27T11:02:00,100.0,24.6,B
2021-07-27T11:01:56,1000.0,24.6,B
2021-07-27T11:01:54,200.0,24.6,B
2021-07-27T11:01:31,100.0,24.6,B
2021-07-27T11:01:27,1400.0,24.6,B
2021-07-27T11:01:09,1500.0,24.6,B
2021-07-27T11:00:47,100.0,24.6,B
2021-07-27T11:00:44,300.0,24.6,B
2021-07-27T11:00:17,1000.0,24.6,B
2021-07-27T11:00:16,1000.0,24.6,B
2021-07-27T11:00:11,400.0,24.6,B
2021-07-27T11:00:08,1000.0,24.6,B
2021-07-27T11:00:06,100.0,24.6,B
2021-07-27T11:00:05,100.0,24.6,B
2021-07-27T11:00:03,200.0,24.6,B
2021-07-27T11:00:00,1000.0,24.6,B
2021-07-27T10:59:59,2000.0,24.6,B
2021-07-27T10:59:35,100.0,24.6,B
2021-07-27T10:59:15,200.0,24.6,B
2021-07-27T10:59:10,2000.0,24.6,B
2021-07-27T10:59:09,3000.0,24.6,B
2021-07-27T10:59:02,39800.0,24.6,B
2021-07-27T10:59:02,5000.0,24.7,B
2021-07-27T10:58:51,5000.0,24.6,S
2021-07-27T10:58:51,500.0,24.6,S
2021-07-27T10:58:48,4500.0,24.7,B
2021-07-27T10:58:43,800.0,24.6,S
2021-07-27T10:58:39,2000.0,24.6,S
2021-07-27T10:58:34,5000.0,24.6,S
2021-07-27T10:58:29,2000.0,24.6,S
2021-07-27T10:58:25,2000.0,24.6,S
2021-07-27T10:58:08,100.0,24.6,S
2021-07-27T10:58:04,500.0,24.6,S
2021-07-27T10:57:53,400.0,24.6,S
2021-07-27T10:57:42,200.0,24.6,S
2021-07-27T10:57:35,2000.0,24.6,S
2021-07-27T10:57:27,5000.0,24.7,B
2021-07-27T10:57:20,2000.0,24.6,S
2021-07-27T10:57:12,600.0,24.6,S
2021-07-27T10:57:08,500.0,24.6,S
2021-07-27T10:57:06,1000.0,24.6,S
2021-07-27T10:57:05,32100.0,24.6,B
2021-07-27T10:56:41,5000.0,24.6,B
2021-07-27T10:56:40,100.0,24.6,B
2021-07-27T10:56:37,2000.0,24.6,B
2021-07-27T10:56:36,500.0,24.6,B
2021-07-27T10:56:31,10000.0,24.6,B
2021-07-27T10:56:27,300.0,24.6,B
2021-07-27T10:56:25,5000.0,24.6,B
2021-07-27T10:56:15,200.0,24.6,B
2021-07-27T10:56:12,500.0,24.6,B
2021-07-27T10:56:00,100.0,24.6,B
2021-07-27T10:55:51,3000.0,24.6,B
2021-07-27T10:55:36,2300.0,24.6,B
2021-07-27T10:55:36,50000.0,24.6,B
2021-07-27T10:55:30,500.0,24.5,S
2021-07-27T10:54:03,800.0,24.5,S
2021-07-27T10:53:44,200.0,24.5,S
2021-07-27T10:53:37,200.0,24.5,S
2021-07-27T10:53:34,3000.0,24.5,B
2021-07-27T10:53:31,1000.0,24.5,B
2021-07-27T10:53:23,200.0,24.5,B
2021-07-27T10:53:23,1000.0,24.5,B
2021-07-27T10:53:18,500.0,24.5,B
2021-07-27T10:53:15,100.0,24.5,B
2021-07-27T10:53:11,1200.0,24.5,B
2021-07-27T10:53:11,200.0,24.5,B
2021-07-27T10:53:09,2000.0,24.5,B
2021-07-27T10:53:07,100.0,24.5,B
2021-07-27T10:52:58,300.0,24.5,B
2021-07-27T10:52:57,200.0,24.5,B
2021-07-27T10:52:49,500.0,24.5,B
2021-07-27T10:52:47,300.0,24.5,B
2021-07-27T10:52:45,1800.0,24.5,B
2021-07-27T10:52:20,500.0,24.5,B
2021-07-27T10:52:07,3000.0,24.5,B
2021-07-27T10:52:00,200.0,24.5,B
2021-07-27T10:51:48,6000.0,24.5,B
2021-07-27T10:51:41,43800.0,24.5,S
2021-07-27T10:51:35,100.0,24.6,B
2021-07-27T10:50:52,100.0,24.5,S
2021-07-27T10:50:28,3000.0,24.5,S
2021-07-27T10:49:44,800.0,24.5,S
2021-07-27T10:49:32,500.0,24.5,S
2021-07-27T10:49:29,200.0,24.5,S
2021-07-27T10:49:27,400.0,24.5,S
2021-07-27T10:48:58,100.0,24.5,S
2021-07-27T10:48:42,200.0,24.5,S
2021-07-27T10:48:23,10000.0,24.5,S
2021-07-27T10:47:58,100.0,24.5,S
2021-07-27T10:47:19,100.0,24.5,S
2021-07-27T10:47:17,300.0,24.5,S
2021-07-27T10:47:12,5000.0,24.5,S
2021-07-27T10:46:49,2500.0,24.5,B
2021-07-27T10:46:45,10000.0,24.5,B
2021-07-27T10:46:44,30300.0,24.5,B
2021-07-27T10:46:43,2000.0,24.5,B
2021-07-27T10:46:38,200.0,24.5,B
2021-07-27T10:46:36,1000.0,24.5,B
2021-07-27T10:46:34,1000.0,24.5,B
2021-07-27T10:46:33,10000.0,24.5,B
2021-07-27T10:46:28,11000.0,24.5,B
2021-07-27T10:46:27,2000.0,24.5,B
2021-07-27T10:46:25,3500.0,24.5,B
2021-07-27T10:46:18,12000.0,24.5,B
2021-07-27T10:46:03,100.0,24.5,B
2021-07-27T10:46:02,100.0,24.5,B
2021-07-27T10:45:56,100.0,24.5,B
2021-07-27T10:45:49,2700.0,24.5,B
2021-07-27T10:45:34,100.0,24.5,B
2021-07-27T10:45:28,2200.0,24.5,B
2021-07-27T10:45:27,8000.0,24.4,S
2021-07-27T10:45:25,1000.0,24.5,B
2021-07-27T10:45:20,300.0,24.4,S
2021-07-27T10:45:18,1700.0,24.5,B
2021-07-27T10:45:15,400.0,24.5,B
2021-07-27T10:44:55,2000.0,24.5,B
2021-07-27T10:44:54,500.0,24.5,B
2021-07-27T10:44:46,1000.0,24.5,B
2021-07-27T10:44:31,100.0,24.5,B
2021-07-27T10:44:23,3000.0,24.5,B
2021-07-27T10:44:05,4200.0,24.4,S
2021-07-27T10:44:01,100.0,24.5,B
2021-07-27T10:43:47,300.0,24.5,B
2021-07-27T10:43:45,100.0,24.5,B
2021-07-27T10:43:39,2000.0,24.5,B
2021-07-27T10:43:37,2000.0,24.4,S
2021-07-27T10:43:36,100.0,24.5,B
2021-07-27T10:43:27,1400.0,24.5,B
2021-07-27T10:43:16,1000.0,24.5,B
2021-07-27T10:42:58,300.0,24.5,B
2021-07-27T10:42:47,700.0,24.5,B
2021-07-27T10:42:41,5500.0,24.5,B
2021-07-27T10:42:38,200.0,24.5,B
2021-07-27T10:42:29,500.0,24.5,B
2021-07-27T10:42:10,1000.0,24.4,S
2021-07-27T10:42:04,100.0,24.5,B
2021-07-27T10:42:02,500.0,24.5,B
2021-07-27T10:41:55,500.0,24.4,S
2021-07-27T10:41:43,100.0,24.5,B
2021-07-27T10:41:31,1000.0,24.4,S
2021-07-27T10:41:27,200.0,24.5,B
2021-07-27T10:41:25,1000.0,24.5,B
2021-07-27T10:41:17,300.0,24.5,B
2021-07-27T10:41:10,100.0,24.5,B
2021-07-27T10:40:43,200.0,24.5,B
2021-07-27T10:40:41,500.0,24.5,B
2021-07-27T10:40:24,300.0,24.5,B
2021-07-27T10:40:22,100.0,24.5,B
2021-07-27T10:40:21,500.0,24.5,B
2021-07-27T10:40:06,100.0,24.5,B
2021-07-27T10:40:02,1100.0,24.5,B
2021-07-27T10:39:58,2000.0,24.5,B
2021-07-27T10:39:55,5000.0,24.5,B
2021-07-27T10:39:52,1000.0,24.5,B
2021-07-27T10:39:50,500.0,24.5,B
2021-07-27T10:39:48,200.0,24.5,B
2021-07-27T10:39:46,17500.0,24.5,S
2021-07-27T10:39:36,4600.0,24.5,S
2021-07-27T10:39:36,300.0,24.6,B
2021-07-27T10:39:34,100.0,24.5,S
2021-07-27T10:39:22,1000.0,24.6,B
2021-07-27T10:39:11,1400.0,24.5,S
2021-07-27T10:38:55,4200.0,24.5,B
2021-07-27T10:38:49,1000.0,24.5,B
2021-07-27T10:38:41,1000.0,24.5,B
2021-07-27T10:38:41,1500.0,24.5,B
2021-07-27T10:38:40,1100.0,24.5,B
2021-07-27T10:38:21,1200.0,24.5,B
2021-07-27T10:38:14,3100.0,24.5,S
2021-07-27T10:38:13,10000.0,24.5,S
2021-07-27T10:38:04,20000.0,24.5,S
2021-07-27T10:37:41,5500.0,24.5,S
2021-07-27T10:37:25,100.0,24.5,S
2021-07-27T10:37:22,200.0,24.5,B
2021-07-27T10:37:19,100.0,24.5,B
2021-07-27T10:37:18,600.0,24.5,B
2021-07-27T10:37:17,1000.0,24.5,S
2021-07-27T10:37:16,8400.0,24.5,B
2021-07-27T10:37:15,1700.0,24.5,B
2021-07-27T10:37:07,300.0,24.5,B
2021-07-27T10:37:07,100.0,24.5,B
2021-07-27T10:37:05,3100.0,24.5,B
2021-07-27T10:37:01,2000.0,24.5,B
2021-07-27T10:36:59,1000.0,24.5,B
2021-07-27T10:36:58,2100.0,24.5,B
2021-07-27T10:36:54,100.0,24.5,B
2021-07-27T10:36:50,100.0,24.5,B
2021-07-27T10:36:44,1000.0,24.5,B
2021-07-27T10:36:42,1000.0,24.5,B
2021-07-27T10:36:34,500.0,24.5,B
2021-07-27T10:36:31,147500.0,24.5,S
2021-07-27T10:36:30,10200.0,24.6,B
2021-07-27T10:36:18,500.0,24.5,S
2021-07-27T10:36:17,30000.0,24.5,S
2021-07-27T10:36:12,4600.0,24.5,S
2021-07-27T10:36:08,100.0,24.5,S
2021-07-27T10:36:00,3000.0,24.5,S
2021-07-27T10:35:53,300.0,24.5,S
2021-07-27T10:35:32,200.0,24.5,S
2021-07-27T10:35:09,1000.0,24.6,B
2021-07-27T10:35:08,3000.0,24.5,S
2021-07-27T10:35:06,500.0,24.6,B
2021-07-27T10:34:50,500.0,24.6,B
2021-07-27T10:34:47,1000.0,24.5,S
2021-07-27T10:34:46,300.0,24.5,S
2021-07-27T10:34:41,7600.0,24.6,B
2021-07-27T10:34:26,2000.0,24.6,B
2021-07-27T10:34:23,200.0,24.6,B
2021-07-27T10:33:58,500.0,24.6,B
2021-07-27T10:33:57,1000.0,24.6,B
2021-07-27T10:33:57,900.0,24.6,B
2021-07-27T10:33:48,1000.0,24.6,B
2021-07-27T10:33:48,2300.0,24.6,B
2021-07-27T10:33:45,3000.0,24.6,B
2021-07-27T10:33:43,3000.0,24.6,B
2021-07-27T10:33:31,2400.0,24.6,B
2021-07-27T10:33:29,100.0,24.6,B
2021-07-27T10:33:27,700.0,24.6,B
2021-07-27T10:33:25,1000.0,24.5,S
2021-07-27T10:33:17,100.0,24.6,B
2021-07-27T10:33:02,7000.0,24.6,B
2021-07-27T10:32:58,100.0,24.6,B
2021-07-27T10:32:56,700.0,24.6,B
2021-07-27T10:32:50,2000.0,24.6,B
2021-07-27T10:32:46,100.0,24.6,B
2021-07-27T10:32:44,1000.0,24.6,B
2021-07-27T10:32:30,500.0,24.6,B
2021-07-27T10:32:19,100.0,24.6,B
2021-07-27T10:32:14,1000.0,24.6,B
2021-07-27T10:32:06,300.0,24.6,B
2021-07-27T10:32:05,3000.0,24.6,B
2021-07-27T10:32:01,700.0,24.6,B
2021-07-27T10:31:57,2000.0,24.6,B
2021-07-27T10:31:52,4600.0,24.6,B
2021-07-27T10:31:46,500.0,24.6,B
2021-07-27T10:31:40,20000.0,24.6,B
2021-07-27T10:31:35,700.0,24.6,B
2021-07-27T10:31:23,100.0,24.6,B
2021-07-27T10:31:21,500.0,24.6,B
2021-07-27T10:31:17,16600.0,24.6,S
2021-07-27T10:31:14,75800.0,24.6,S
2021-07-27T10:31:09,5000.0,24.6,S
2021-07-27T10:31:09,100.0,24.6,S
2021-07-27T10:31:07,2000.0,24.6,S
2021-07-27T10:31:04,300.0,24.7,B
2021-07-27T10:31:03,31500.0,24.6,S
2021-07-27T10:30:59,2000.0,24.6,S
2021-07-27T10:30:58,3100.0,24.7,B
2021-07-27T10:30:57,3000.0,24.6,S
2021-07-27T10:30:50,63200.0,24.6,S
2021-07-27T10:30:48,7800.0,24.6,S
2021-07-27T10:30:46,1000.0,24.6,S
2021-07-27T10:30:42,500.0,24.6,S
2021-07-27T10:30:41,2000.0,24.6,S
2021-07-27T10:30:33,200.0,24.7,B
2021-07-27T10:30:30,1000.0,24.7,B
2021-07-27T10:29:49,1000.0,24.7,B
2021-07-27T10:29:42,5000.0,24.6,S
2021-07-27T10:29:41,9000.0,24.6,S
2021-07-27T10:29:41,100.0,24.6,S
2021-07-27T10:29:40,500.0,24.6,S
2021-07-27T10:29:23,1500.0,24.6,S
2021-07-27T10:29:17,100.0,24.7,B
2021-07-27T10:29:06,100.0,24.7,B
2021-07-27T10:29:04,200.0,24.7,B
2021-07-27T10:29:02,500.0,24.7,B
2021-07-27T10:28:56,200.0,24.7,B
2021-07-27T10:28:55,200.0,24.6,S
2021-07-27T10:28:50,1000.0,24.7,B
2021-07-27T10:28:48,300.0,24.7,B
2021-07-27T10:28:40,2100.0,24.7,B
2021-07-27T10:28:36,1600.0,24.7,B
2021-07-27T10:28:34,2700.0,24.7,B
2021-07-27T10:28:32,1000.0,24.7,B
2021-07-27T10:28:24,19900.0,24.7,B
2021-07-27T10:28:22,1200.0,24.7,S
2021-07-27T10:28:21,500.0,24.8,B
2021-07-27T10:28:19,1100.0,24.7,S
2021-07-27T10:28:17,500.0,24.7,S
2021-07-27T10:28:15,100.0,24.7,S
2021-07-27T10:28:13,3000.0,24.7,S
2021-07-27T10:28:12,1000.0,24.7,S
2021-07-27T10:28:09,1000.0,24.7,S
2021-07-27T10:28:02,3000.0,24.7,S
2021-07-27T10:28:00,300.0,24.7,S
2021-07-27T10:27:52,14000.0,24.7,S
2021-07-27T10:27:50,600.0,24.7,S
2021-07-27T10:27:49,2000.0,24.8,B
2021-07-27T10:27:46,400.0,24.7,S
2021-07-27T10:27:38,1000.0,24.7,S
2021-07-27T10:27:34,300.0,24.7,S
2021-07-27T10:27:30,800.0,24.7,S
2021-07-27T10:27:28,200.0,24.7,S
2021-07-27T10:27:26,100.0,24.7,S
2021-07-27T10:27:22,200.0,24.7,S
2021-07-27T10:27:22,1500.0,24.7,S
2021-07-27T10:27:13,200.0,24.7,S
2021-07-27T10:27:09,22500.0,24.7,S
2021-07-27T10:27:09,400.0,24.7,B
2021-07-27T10:27:09,200.0,24.7,B
2021-07-27T10:27:02,2000.0,24.7,B
2021-07-27T10:27:01,100.0,24.7,B
2021-07-27T10:27:00,8000.0,24.7,B
2021-07-27T10:26:56,6000.0,24.7,B
2021-07-27T10:26:54,1000.0,24.7,B
2021-07-27T10:26:53,1000.0,24.7,B
2021-07-27T10:26:52,1300.0,24.7,B
2021-07-27T10:26:48,37700.0,24.7,B
2021-07-27T10:26:44,300.0,24.7,B
2021-07-27T10:26:40,200.0,24.7,B
2021-07-27T10:26:40,5600.0,24.7,B
2021-07-27T10:26:39,100.0,24.7,B
2021-07-27T10:26:32,200.0,24.6,S
2021-07-27T10:26:30,100.0,24.6,S
2021-07-27T10:26:21,1400.0,24.7,B
2021-07-27T10:26:18,500.0,24.7,B
2021-07-27T10:26:18,100.0,24.6,S
2021-07-27T10:26:10,500.0,24.6,S
2021-07-27T10:26:07,5000.0,24.7,B
2021-07-27T10:26:04,2000.0,24.7,B
2021-07-27T10:25:58,900.0,24.7,B
2021-07-27T10:25:51,10000.0,24.7,B
2021-07-27T10:25:50,900.0,24.7,B
2021-07-27T10:25:42,100.0,24.7,B
2021-07-27T10:25:35,200.0,24.7,B
2021-07-27T10:25:33,300.0,24.7,B
2021-07-27T10:25:21,12500.0,24.7,B
2021-07-27T10:25:17,100.0,24.7,B
2021-07-27T10:25:10,1000.0,24.7,B
2021-07-27T10:25:03,500.0,24.7,B
2021-07-27T10:25:03,1000.0,24.7,B
2021-07-27T10:25:00,1100.0,24.7,B
2021-07-27T10:25:00,3000.0,24.7,B
2021-07-27T10:24:59,500.0,24.6,S
2021-07-27T10:24:50,500.0,24.7,B
2021-07-27T10:24:37,700.0,24.7,B
2021-07-27T10:24:37,100.0,24.7,B
2021-07-27T10:24:36,300.0,24.7,B
2021-07-27T10:24:34,10000.0,24.7,B
2021-07-27T10:24:31,600.0,24.7,B
2021-07-27T10:24:30,200.0,24.7,B
2021-07-27T10:24:28,1000.0,24.7,B
2021-07-27T10:24:15,11000.0,24.7,B
2021-07-27T10:24:11,10000.0,24.7,B
2021-07-27T10:24:02,200.0,24.7,B
2021-07-27T10:23:50,1000.0,24.7,B
2021-07-27T10:23:45,100.0,24.7,B
2021-07-27T10:23:45,4000.0,24.7,B
2021-07-27T10:23:42,800.0,24.7,B
2021-07-27T10:23:34,200.0,24.7,B
2021-07-27T10:23:25,100.0,24.7,B
2021-07-27T10:23:13,1200.0,24.7,B
2021-07-27T10:23:06,500.0,24.6,S
2021-07-27T10:23:01,1000.0,24.7,B
2021-07-27T10:22:41,100.0,24.7,B
2021-07-27T10:22:40,200.0,24.7,B
2021-07-27T10:22:34,5000.0,24.7,B
2021-07-27T10:22:27,100.0,24.7,B
2021-07-27T10:22:21,100.0,24.7,B
2021-07-27T10:22:17,500.0,24.7,B
2021-07-27T10:22:16,1000.0,24.6,S
2021-07-27T10:22:15,500.0,24.7,B
2021-07-27T10:22:14,400.0,24.7,B
2021-07-27T10:22:05,3100.0,24.7,B
2021-07-27T10:22:01,900.0,24.7,S
2021-07-27T10:21:58,1000.0,24.7,S
2021-07-27T10:21:55,9200.0,24.7,S
2021-07-27T10:21:54,500.0,24.7,S
2021-07-27T10:21:52,1000.0,24.7,S
2021-07-27T10:21:49,1800.0,24.7,S
2021-07-27T10:21:46,2000.0,24.7,S
2021-07-27T10:21:46,200.0,24.7,S
2021-07-27T10:21:45,1000.0,24.7,S
2021-07-27T10:21:44,200.0,24.7,S
2021-07-27T10:21:43,5000.0,24.7,S
2021-07-27T10:21:41,100.0,24.7,S
2021-07-27T10:21:41,2000.0,24.7,S
2021-07-27T10:21:39,10000.0,24.7,S
2021-07-27T10:21:32,1000.0,24.7,S
2021-07-27T10:21:30,12000.0,24.7,S
2021-07-27T10:21:26,100.0,24.7,S
2021-07-27T10:21:25,1000.0,24.7,S
2021-07-27T10:21:20,600.0,24.7,S
2021-07-27T10:21:19,300.0,24.7,S
2021-07-27T10:21:08,5000.0,24.7,S
2021-07-27T10:21:07,15000.0,24.7,S
2021-07-27T10:21:00,3000.0,24.7,S
2021-07-27T10:20:56,2300.0,24.7,S
2021-07-27T10:20:41,3000.0,24.7,S
2021-07-27T10:20:41,1700.0,24.7,S
2021-07-27T10:20:39,500.0,24.7,S
2021-07-27T10:20:28,1300.0,24.7,S
2021-07-27T10:20:19,1000.0,24.8,B
2021-07-27T10:20:13,1000.0,24.8,B
2021-07-27T10:20:11,400.0,24.8,B
2021-07-27T10:20:04,100.0,24.8,B
2021-07-27T10:20:01,300.0,24.7,S
2021-07-27T10:19:55,500.0,24.8,B
2021-07-27T10:19:49,1000.0,24.8,B
2021-07-27T10:19:42,12900.0,24.8,B
2021-07-27T10:19:13,500.0,24.8,B
2021-07-27T10:18:53,500.0,24.7,S
2021-07-27T10:18:48,200.0,24.7,S
2021-07-27T10:18:43,2500.0,24.8,B
2021-07-27T10:18:38,300.0,24.8,B
2021-07-27T10:18:34,1000.0,24.7,S
2021-07-27T10:18:24,5000.0,24.8,B
2021-07-27T10:18:15,100.0,24.7,S
2021-07-27T10:18:06,4800.0,24.7,S
2021-07-27T10:17:32,200.0,24.7,S
2021-07-27T10:17:31,5000.0,24.8,B
2021-07-27T10:17:22,5000.0,24.7,S
2021-07-27T10:17:19,300.0,24.8,B
2021-07-27T10:17:12,5300.0,24.7,S
2021-07-27T10:16:57,5200.0,24.8,B
2021-07-27T10:16:56,500.0,24.7,B
2021-07-27T10:16:54,6700.0,24.7,S
2021-07-27T10:16:44,3000.0,24.8,B
2021-07-27T10:16:41,10000.0,24.7,S
2021-07-27T10:16:38,100.0,24.8,B
2021-07-27T10:16:32,100.0,24.8,B
2021-07-27T10:16:31,5000.0,24.7,S
2021-07-27T10:16:27,50000.0,24.8,B
2021-07-27T10:16:24,2500.0,24.8,B
2021-07-27T10:16:24,4300.0,24.8,B
2021-07-27T10:16:21,200.0,24.8,B
2021-07-27T10:16:16,500.0,24.8,B
2021-07-27T10:16:11,10000.0,24.8,B
2021-07-27T10:16:05,1500.0,24.8,B
2021-07-27T10:15:57,20000.0,24.7,S
2021-07-27T10:15:53,200.0,24.8,B
2021-07-27T10:15:50,100.0,24.8,B
2021-07-27T10:15:41,5000.0,24.8,B
2021-07-27T10:15:34,100.0,24.8,B
2021-07-27T10:15:31,20000.0,24.8,B
2021-07-27T10:15:23,1000.0,24.8,B
2021-07-27T10:15:20,900.0,24.8,B
2021-07-27T10:15:18,100.0,24.8,B
2021-07-27T10:15:15,100.0,24.8,B
2021-07-27T10:15:13,800.0,24.8,B
2021-07-27T10:15:13,4200.0,24.8,B
2021-07-27T10:15:09,100.0,24.8,B
2021-07-27T10:15:07,100.0,24.8,B
2021-07-27T10:15:03,500.0,24.7,S
2021-07-27T10:14:47,1500.0,24.8,B
2021-07-27T10:14:37,200.0,24.7,S
2021-07-27T10:14:31,200.0,24.7,B
2021-07-27T10:14:30,8200.0,24.7,B
2021-07-27T10:14:25,600.0,24.7,B
2021-07-27T10:14:22,800.0,24.7,B
2021-07-27T10:14:20,1000.0,24.7,B
2021-07-27T10:14:18,1000.0,24.7,B
2021-07-27T10:14:16,100.0,24.7,B
2021-07-27T10:14:16,700.0,24.7,B
2021-07-27T10:14:11,500.0,24.7,B
2021-07-27T10:14:10,2000.0,24.7,B
2021-07-27T10:14:06,3100.0,24.7,B
2021-07-27T10:14:05,1400.0,24.7,B
2021-07-27T10:14:04,100.0,24.7,B
2021-07-27T10:14:03,300.0,24.7,B
2021-07-27T10:14:01,2800.0,24.7,B
2021-07-27T10:13:58,5000.0,24.7,B
2021-07-27T10:13:57,1000.0,24.7,B
2021-07-27T10:13:56,1000.0,24.7,B
2021-07-27T10:13:55,6100.0,24.7,S
2021-07-27T10:13:49,400.0,24.7,B
2021-07-27T10:13:48,9600.0,24.7,B
2021-07-27T10:13:45,200.0,24.7,S
2021-07-27T10:13:42,2000.0,24.7,S
2021-07-27T10:13:41,500.0,24.7,S
2021-07-27T10:13:36,40200.0,24.7,B
2021-07-27T10:13:36,3200.0,24.7,B
2021-07-27T10:13:34,2000.0,24.6,S
2021-07-27T10:13:32,3000.0,24.7,B
2021-07-27T10:13:32,3000.0,24.7,B
2021-07-27T10:13:32,100.0,24.7,B
2021-07-27T10:13:30,50000.0,24.7,B
2021-07-27T10:13:26,10000.0,24.7,B
2021-07-27T10:13:21,3000.0,24.7,B
2021-07-27T10:13:21,100.0,24.6,S
2021-07-27T10:13:19,1700.0,24.7,B
2021-07-27T10:13:13,1000.0,24.6,S
2021-07-27T10:13:12,50000.0,24.7,B
2021-07-27T10:13:10,5100.0,24.6,S
2021-07-27T10:13:02,28700.0,24.6,B
2021-07-27T10:13:01,17500.0,24.6,B
2021-07-27T10:13:00,14300.0,24.6,B
2021-07-27T10:12:59,2000.0,24.6,B
2021-07-27T10:12:58,4100.0,24.6,B
2021-07-27T10:12:56,5100.0,24.6,B
2021-07-27T10:12:55,1000.0,24.6,B
2021-07-27T10:12:53,3000.0,24.6,B
2021-07-27T10:12:52,10000.0,24.5,S
2021-07-27T10:12:51,10000.0,24.6,B
2021-07-27T10:12:46,4700.0,24.6,B
2021-07-27T10:12:46,100.0,24.6,B
2021-07-27T10:12:45,500.0,24.6,B
2021-07-27T10:12:44,9000.0,24.5,S
2021-07-27T10:12:43,10000.0,24.6,B
2021-07-27T10:12:40,100.0,24.6,B
2021-07-27T10:12:38,50000.0,24.6,B
2021-07-27T10:12:34,1800.0,24.6,B
2021-07-27T10:12:31,5000.0,24.6,B
2021-07-27T10:12:28,500.0,24.6,B
2021-07-27T10:12:23,100.0,24.6,B
2021-07-27T10:12:22,48000.0,24.6,B
2021-07-27T10:12:22,2000.0,24.6,B
2021-07-27T10:12:16,100.0,24.6,B
2021-07-27T10:12:07,8000.0,24.6,B
2021-07-27T10:12:06,2000.0,24.6,B
2021-07-27T10:11:58,2000.0,24.6,B
2021-07-27T10:11:57,100.0,24.5,S
2021-07-27T10:11:56,400.0,24.6,B
2021-07-27T10:11:54,1000.0,24.6,B
2021-07-27T10:11:51,300.0,24.6,B
2021-07-27T10:11:50,500.0,24.5,S
2021-07-27T10:11:42,100.0,24.5,S
2021-07-27T10:11:41,1500.0,24.6,B
2021-07-27T10:11:29,200.0,24.6,B
2021-07-27T10:11:25,1000.0,24.5,S
2021-07-27T10:11:23,600.0,24.6,B
2021-07-27T10:11:19,4500.0,24.6,B
2021-07-27T10:11:10,400.0,24.6,B
2021-07-27T10:11:03,100.0,24.5,S
2021-07-27T10:11:03,4500.0,24.5,S
2021-07-27T10:10:58,1000.0,24.6,B
2021-07-27T10:10:52,2300.0,24.6,B
2021-07-27T10:10:48,1000.0,24.5,S
2021-07-27T10:10:41,3000.0,24.5,S
2021-07-27T10:10:41,3000.0,24.5,S
2021-07-27T10:10:26,1000.0,24.5,S
2021-07-27T10:10:24,200.0,24.6,B
2021-07-27T10:10:19,400.0,24.6,B
2021-07-27T10:10:18,7200.0,24.6,B
2021-07-27T10:10:17,100.0,24.6,B
2021-07-27T10:10:17,900.0,24.6,B
2021-07-27T10:10:09,300.0,24.6,B
2021-07-27T10:10:04,10000.0,24.6,B
2021-07-27T10:10:00,100.0,24.5,S
2021-07-27T10:09:58,200.0,24.6,B
2021-07-27T10:09:40,3000.0,24.5,S
2021-07-27T10:09:35,400.0,24.5,S
2021-07-27T10:09:34,500.0,24.6,B
2021-07-27T10:09:32,55600.0,24.5,S
2021-07-27T10:09:28,2000.0,24.5,S
2021-07-27T10:09:26,2000.0,24.5,S
2021-07-27T10:09:19,1000.0,24.5,S
2021-07-27T10:09:17,200.0,24.5,S
2021-07-27T10:09:14,1000.0,24.5,S
2021-07-27T10:08:55,2000.0,24.5,S
2021-07-27T10:08:54,10000.0,24.6,B
2021-07-27T10:08:51,1000.0,24.5,S
2021-07-27T10:08:45,1000.0,24.6,B
2021-07-27T10:08:40,500.0,24.5,S
2021-07-27T10:08:36,100.0,24.6,B
2021-07-27T10:08:35,3000.0,24.6,B
2021-07-27T10:08:31,800.0,24.5,S
2021-07-27T10:08:25,4000.0,24.5,S
2021-07-27T10:08:20,100.0,24.5,S
2021-07-27T10:08:17,100.0,24.6,B
2021-07-27T10:08:10,2700.0,24.5,S
2021-07-27T10:08:05,100.0,24.5,S
2021-07-27T10:08:04,1300.0,24.5,B
2021-07-27T10:08:03,3700.0,24.5,S
2021-07-27T10:08:02,5400.0,24.5,B
2021-07-27T10:08:01,200.0,24.5,B
2021-07-27T10:08:00,200.0,24.5,B
2021-07-27T10:07:59,3000.0,24.5,B
2021-07-27T10:07:56,700.0,24.5,B
2021-07-27T10:07:54,4000.0,24.5,B
2021-07-27T10:07:53,2200.0,24.5,B
2021-07-27T10:07:50,5000.0,24.5,B
2021-07-27T10:07:46,100.0,24.5,B
2021-07-27T10:07:45,200.0,24.5,B
2021-07-27T10:07:44,20000.0,24.5,B
2021-07-27T10:07:44,500.0,24.5,B
2021-07-27T10:07:41,2900.0,24.5,B
2021-07-27T10:07:33,5000.0,24.5,B
2021-07-27T10:07:29,1000.0,24.5,B
2021-07-27T10:07:27,500.0,24.5,B
2021-07-27T10:07:24,700.0,24.5,B
2021-07-27T10:07:20,2000.0,24.5,B
2021-07-27T10:07:19,200.0,24.5,B
2021-07-27T10:07:17,400.0,24.5,B
2021-07-27T10:07:14,100.0,24.5,B
2021-07-27T10:07:13,13000.0,24.5,B
2021-07-27T10:07:09,10000.0,24.5,B
2021-07-27T10:07:08,1000.0,24.4,S
2021-07-27T10:07:07,500.0,24.5,B
2021-07-27T10:07:05,1700.0,24.5,B
2021-07-27T10:07:04,100.0,24.5,B
2021-07-27T10:07:03,100.0,24.5,B
2021-07-27T10:06:59,4000.0,24.5,B
2021-07-27T10:06:57,1400.0,24.5,B
2021-07-27T10:06:56,500.0,24.5,B
2021-07-27T10:06:48,2500.0,24.5,B
2021-07-27T10:06:48,1300.0,24.5,B
2021-07-27T10:06:46,9500.0,24.5,B
2021-07-27T10:06:44,2000.0,24.5,B
2021-07-27T10:06:43,1000.0,24.5,B
2021-07-27T10:06:42,1000.0,24.5,B
2021-07-27T10:06:40,1000.0,24.5,B
2021-07-27T10:06:40,1400.0,24.5,B
2021-07-27T10:06:39,300.0,24.5,B
2021-07-27T10:06:38,10000.0,24.5,B
2021-07-27T10:06:37,2000.0,24.5,B
2021-07-27T10:06:35,8700.0,24.5,B
2021-07-27T10:06:33,500.0,24.5,B
2021-07-27T10:06:31,3000.0,24.5,B
2021-07-27T10:06:25,6000.0,24.4,S
2021-07-27T10:06:24,100.0,24.5,B
2021-07-27T10:06:23,500.0,24.5,B
2021-07-27T10:06:21,12000.0,24.5,B
2021-07-27T10:06:19,500.0,24.5,B
2021-07-27T10:06:16,5000.0,24.5,B
2021-07-27T10:06:13,1000.0,24.5,B
2021-07-27T10:06:07,1700.0,24.5,B
2021-07-27T10:06:01,600.0,24.5,B
2021-07-27T10:06:01,1800.0,24.5,B
2021-07-27T10:05:56,800.0,24.5,B
2021-07-27T10:05:55,300.0,24.5,B
2021-07-27T10:05:51,600.0,24.5,B
2021-07-27T10:05:49,400.0,24.5,B
2021-07-27T10:05:49,400.0,24.5,B
2021-07-27T10:05:46,100.0,24.5,B
2021-07-27T10:05:40,500.0,24.5,B
2021-07-27T10:05:39,1000.0,24.5,B
2021-07-27T10:05:38,100.0,24.5,B
2021-07-27T10:05:34,900.0,24.5,B
2021-07-27T10:05:28,200.0,24.5,B
2021-07-27T10:05:23,4000.0,24.5,B
2021-07-27T10:05:18,5000.0,24.4,S
2021-07-27T10:05:16,1200.0,24.5,B
2021-07-27T10:05:16,1000.0,24.4,S
2021-07-27T10:05:09,2000.0,24.5,B
2021-07-27T10:05:07,3000.0,24.4,S
2021-07-27T10:05:03,3700.0,24.4,S
2021-07-27T10:05:00,5000.0,24.5,B
2021-07-27T10:04:59,73000.0,24.5,B
2021-07-27T10:04:56,1000.0,24.5,B
2021-07-27T10:04:55,200.0,24.5,B
2021-07-27T10:04:53,200.0,24.5,B
2021-07-27T10:04:52,1000.0,24.4,S
2021-07-27T10:04:51,1500.0,24.5,B
2021-07-27T10:04:45,21600.0,24.5,S
2021-07-27T10:04:44,2000.0,24.5,S
2021-07-27T10:04:43,2000.0,24.5,S
2021-07-27T10:04:42,1100.0,24.5,S
2021-07-27T10:04:40,20000.0,24.5,S
2021-07-27T10:04:38,2800.0,24.5,S
2021-07-27T10:04:35,30000.0,24.5,S
2021-07-27T10:04:32,2000.0,24.6,B
2021-07-27T10:04:30,300.0,24.5,S
2021-07-27T10:04:27,300.0,24.5,S
2021-07-27T10:04:25,10000.0,24.5,S
2021-07-27T10:04:24,400.0,24.5,S
2021-07-27T10:04:23,500.0,24.6,B
2021-07-27T10:04:21,600.0,24.6,B
2021-07-27T10:04:18,1400.0,24.6,B
2021-07-27T10:04:12,100.0,24.6,B
2021-07-27T10:03:59,200.0,24.6,B
2021-07-27T10:03:58,2600.0,24.6,B
2021-07-27T10:03:54,100.0,24.6,B
2021-07-27T10:03:50,1000.0,24.6,B
2021-07-27T10:03:50,500.0,24.6,B
2021-07-27T10:03:49,2000.0,24.6,B
2021-07-27T10:03:40,1000.0,24.6,B
2021-07-27T10:03:38,500.0,24.5,S
2021-07-27T10:03:38,200.0,24.6,B
2021-07-27T10:03:33,1000.0,24.6,B
2021-07-27T10:03:31,700.0,24.6,B
2021-07-27T10:03:30,100.0,24.6,B
2021-07-27T10:03:26,10000.0,24.6,B
2021-07-27T10:03:24,500.0,24.6,B
2021-07-27T10:03:20,2400.0,24.6,B
2021-07-27T10:03:20,200.0,24.6,B
2021-07-27T10:03:17,2000.0,24.6,B
2021-07-27T10:03:17,3000.0,24.6,B
2021-07-27T10:03:15,5000.0,24.6,B
2021-07-27T10:03:13,2000.0,24.6,B
2021-07-27T10:03:12,600.0,24.6,B
2021-07-27T10:03:12,2700.0,24.6,S
2021-07-27T10:03:05,50000.0,24.5,S
2021-07-27T10:03:03,100.0,24.6,B
2021-07-27T10:03:00,2000.0,24.6,B
2021-07-27T10:02:59,160000.0,24.8,B
2021-07-27T10:02:55,2800.0,24.6,B
2021-07-27T10:02:49,1000.0,24.6,B
2021-07-27T10:02:45,12500.0,24.6,S
2021-07-27T10:02:45,5000.0,24.6,S
2021-07-27T10:02:44,500.0,24.7,B
2021-07-27T10:02:43,700.0,24.6,B
2021-07-27T10:02:43,2000.0,24.6,B
2021-07-27T10:02:42,2000.0,24.6,S
2021-07-27T10:02:42,3000.0,24.6,S
2021-07-27T10:02:40,20500.0,24.6,S
2021-07-27T10:02:38,5000.0,24.7,B
2021-07-27T10:02:37,40000.0,24.5,S
2021-07-27T10:02:37,100.0,24.7,B
2021-07-27T10:02:36,4000.0,24.6,S
2021-07-27T10:02:20,300.0,24.7,B
2021-07-27T10:02:19,100.0,24.7,B
2021-07-27T10:02:17,24500.0,24.7,B
2021-07-27T10:02:15,1100.0,24.7,B
2021-07-27T10:02:13,100.0,24.7,B
2021-07-27T10:02:11,100.0,24.6,S
2021-07-27T10:02:11,100.0,24.7,S
2021-07-27T10:02:10,500.0,24.7,S
2021-07-27T10:02:09,10000.0,24.7,S
2021-07-27T10:02:08,64800.0,24.7,S
2021-07-27T10:02:07,500.0,24.7,B
2021-07-27T10:01:58,1000.0,24.7,B
2021-07-27T10:01:57,30000.0,24.7,B
2021-07-27T10:01:51,500.0,24.6,S
2021-07-27T10:01:50,300.0,24.7,B
2021-07-27T10:01:49,1000.0,24.7,B
2021-07-27T10:01:49,13500.0,24.7,B
2021-07-27T10:01:47,3400.0,24.7,B
2021-07-27T10:01:46,2000.0,24.7,B
2021-07-27T10:01:45,1000.0,24.7,B
2021-07-27T10:01:45,100.0,24.7,B
2021-07-27T10:01:40,400.0,24.6,S
2021-07-27T10:01:39,500.0,24.7,B
2021-07-27T10:01:38,200.0,24.7,B
2021-07-27T10:01:37,1000.0,24.7,B
2021-07-27T10:01:36,100.0,24.7,B
2021-07-27T10:01:31,1000.0,24.7,B
2021-07-27T10:01:30,6000.0,24.7,B
2021-07-27T10:01:29,1000.0,24.7,B
2021-07-27T10:01:28,200.0,24.7,B
2021-07-27T10:01:28,1000.0,24.7,B
2021-07-27T10:01:27,6300.0,24.7,B
2021-07-27T10:01:26,100.0,24.7,B
2021-07-27T10:01:26,500.0,24.7,B
2021-07-27T10:01:22,500.0,24.7,B
2021-07-27T10:01:22,3000.0,24.7,B
2021-07-27T10:01:21,500.0,24.7,B
2021-07-27T10:01:18,31000.0,24.7,B
2021-07-27T10:01:16,2900.0,24.7,B
2021-07-27T10:01:16,300.0,24.8,S
2021-07-27T10:01:16,71400.0,24.8,S
2021-07-27T10:01:14,4000.0,24.7,B
2021-07-27T10:01:13,11900.0,24.7,S
2021-07-27T10:01:11,500.0,24.7,S
2021-07-27T10:01:10,4800.0,24.7,S
2021-07-27T10:01:09,3500.0,24.7,B
2021-07-27T10:01:08,1000.0,24.7,B
2021-07-27T10:01:07,10000.0,24.7,B
2021-07-27T10:01:06,51000.0,24.7,B
2021-07-27T10:01:05,1200.0,24.7,B
2021-07-27T10:01:04,500.0,24.7,B
2021-07-27T10:01:03,800.0,24.7,B
2021-07-27T10:01:03,15000.0,24.7,B
2021-07-27T10:01:01,500.0,24.7,B
2021-07-27T10:01:00,3000.0,24.7,B
2021-07-27T10:01:00,1500.0,24.7,B
2021-07-27T10:00:55,2000.0,24.7,B
2021-07-27T10:00:49,1000.0,24.7,B
2021-07-27T10:00:49,2000.0,24.7,B
2021-07-27T10:00:48,3000.0,24.6,S
2021-07-27T10:00:45,500.0,24.7,B
2021-07-27T10:00:44,200.0,24.7,B
2021-07-27T10:00:44,5000.0,24.7,B
2021-07-27T10:00:43,2000.0,24.6,S
2021-07-27T10:00:41,10000.0,24.7,B
2021-07-27T10:00:40,50000.0,24.6,S
2021-07-27T10:00:36,700.0,24.6,S
2021-07-27T10:00:35,100.0,24.6,S
2021-07-27T10:00:32,200.0,24.7,B
2021-07-27T10:00:31,1900.0,24.6,S
2021-07-27T10:00:30,1000.0,24.7,B
2021-07-27T10:00:30,5000.0,24.7,B
2021-07-27T10:00:28,2000.0,24.6,S
2021-07-27T10:00:26,300.0,24.6,S
2021-07-27T10:00:23,2000.0,24.6,S
2021-07-27T10:00:20,3000.0,24.6,S
2021-07-27T10:00:18,200.0,24.6,B
2021-07-27T10:00:17,1900.0,24.6,B
2021-07-27T10:00:16,2500.0,24.6,B
2021-07-27T10:00:15,4000.0,24.6,B
2021-07-27T10:00:14,3000.0,24.6,B
2021-07-27T10:00:14,300.0,24.6,B
2021-07-27T10:00:13,3000.0,24.6,B
2021-07-27T10:00:11,6000.0,24.6,B
2021-07-27T10:00:11,9800.0,24.6,B
2021-07-27T10:00:11,15000.0,24.6,B
2021-07-27T10:00:10,800.0,24.6,B
2021-07-27T10:00:09,2500.0,24.6,B
2021-07-27T10:00:09,3400.0,24.6,B
2021-07-27T10:00:08,11000.0,24.6,B
2021-07-27T10:00:08,1000.0,24.5,S
2021-07-27T10:00:07,13000.0,24.6,B
2021-07-27T10:00:06,68100.0,24.6,B
2021-07-27T10:00:06,4000.0,24.6,B
2021-07-27T10:00:04,1000.0,24.6,B
2021-07-27T10:00:04,700.0,24.6,B
2021-07-27T10:00:03,3300.0,24.6,B
2021-07-27T10:00:02,1000.0,24.6,B
2021-07-27T10:00:02,1000.0,24.6,B
2021-07-27T10:00:01,30000.0,24.6,B
2021-07-27T10:00:00,1400.0,24.6,B
2021-07-27T10:00:00,5000.0,24.6,B
2021-07-27T09:59:58,100.0,24.6,B
2021-07-27T09:59:57,5100.0,24.6,B
2021-07-27T09:59:55,100.0,24.6,B
2021-07-27T09:59:55,1500.0,24.6,B
2021-07-27T09:59:54,5500.0,24.6,B
2021-07-27T09:59:54,18100.0,24.5,S
2021-07-27T09:59:52,1500.0,24.6,B
2021-07-27T09:59:50,2000.0,24.6,B
2021-07-27T09:59:49,300.0,24.6,B
2021-07-27T09:59:48,1000.0,24.5,S
2021-07-27T09:59:47,900.0,24.6,B
2021-07-27T09:59:45,200.0,24.5,S
2021-07-27T09:59:45,400.0,24.6,B
2021-07-27T09:59:43,2000.0,24.5,S
2021-07-27T09:59:43,200.0,24.6,B
2021-07-27T09:59:42,1000.0,24.5,S
2021-07-27T09:59:40,3300.0,24.6,B
2021-07-27T09:59:39,2000.0,24.6,B
2021-07-27T09:59:39,1800.0,24.5,S
2021-07-27T09:59:37,3000.0,24.6,B
2021-07-27T09:59:36,2000.0,24.6,B
2021-07-27T09:59:35,5500.0,24.6,B
2021-07-27T09:59:34,2000.0,24.6,B
2021-07-27T09:59:30,1000.0,24.5,S
2021-07-27T09:59:29,32800.0,24.6,B
2021-07-27T09:59:25,100.0,24.5,S
2021-07-27T09:59:24,400.0,24.5,S
2021-07-27T09:59:24,200.0,24.6,B
2021-07-27T09:59:19,500.0,24.5,S
2021-07-27T09:59:19,100.0,24.5,S
2021-07-27T09:59:16,500.0,24.5,S
2021-07-27T09:59:12,100.0,24.5,S
2021-07-27T09:59:11,10000.0,24.5,S
2021-07-27T09:59:09,100.0,24.5,S
2021-07-27T09:59:06,5000.0,24.5,B
2021-07-27T09:59:05,45100.0,24.5,B
2021-07-27T09:59:05,1600.0,24.5,B
2021-07-27T09:59:04,1700.0,24.5,B
2021-07-27T09:59:03,1100.0,24.5,B
2021-07-27T09:59:02,10000.0,24.5,B
2021-07-27T09:59:00,10000.0,24.5,B
2021-07-27T09:58:59,100.0,24.5,B
2021-07-27T09:58:59,500.0,24.5,B
2021-07-27T09:58:58,5000.0,24.5,B
2021-07-27T09:58:58,2000.0,24.5,B
2021-07-27T09:58:57,20000.0,24.5,B
2021-07-27T09:58:56,300.0,24.5,B
2021-07-27T09:58:55,500.0,24.5,B
2021-07-27T09:58:54,14000.0,24.5,B
2021-07-27T09:58:52,2600.0,24.5,B
2021-07-27T09:58:52,200.0,24.5,B
2021-07-27T09:58:50,3000.0,24.5,B
2021-07-27T09:58:50,5000.0,24.5,B
2021-07-27T09:58:50,5000.0,24.5,B
2021-07-27T09:58:48,1500.0,24.5,B
2021-07-27T09:58:47,500.0,24.5,B
2021-07-27T09:58:46,300.0,24.5,B
2021-07-27T09:58:45,400.0,24.5,B
2021-07-27T09:58:44,2100.0,24.5,B
2021-07-27T09:58:44,100.0,24.5,B
2021-07-27T09:58:43,3000.0,24.5,B
2021-07-27T09:58:41,4300.0,24.5,B
2021-07-27T09:58:40,500.0,24.5,B
2021-07-27T09:58:39,29000.0,24.5,B
2021-07-27T09:58:37,4000.0,24.5,B
2021-07-27T09:58:36,36000.0,24.5,B
2021-07-27T09:58:34,1000.0,24.5,B
2021-07-27T09:58:34,10500.0,24.5,B
2021-07-27T09:58:33,10000.0,24.5,B
2021-07-27T09:58:31,10600.0,24.5,B
2021-07-27T09:58:30,600.0,24.4,S
2021-07-27T09:58:29,200.0,24.5,B
2021-07-27T09:58:27,5100.0,24.5,B
2021-07-27T09:58:27,5500.0,24.4,S
2021-07-27T09:58:25,500.0,24.5,B
2021-07-27T09:58:22,200.0,24.5,B
2021-07-27T09:58:20,2000.0,24.5,B
2021-07-27T09:58:20,8200.0,24.5,B
2021-07-27T09:58:20,300.0,24.5,B
2021-07-27T09:58:11,600.0,24.5,B
2021-07-27T09:58:10,100.0,24.5,B
2021-07-27T09:58:07,300.0,24.5,B
2021-07-27T09:58:06,400.0,24.5,B
2021-07-27T09:58:03,500.0,24.5,B
2021-07-27T09:57:58,4800.0,24.5,B
2021-07-27T09:57:56,100.0,24.5,B
2021-07-27T09:57:53,5800.0,24.5,B
2021-07-27T09:57:53,200.0,24.4,S
2021-07-27T09:57:53,1500.0,24.5,B
2021-07-27T09:57:50,2000.0,24.4,S
2021-07-27T09:57:49,3900.0,24.5,B
2021-07-27T09:57:47,300.0,24.4,S
2021-07-27T09:57:45,100.0,24.4,S
2021-07-27T09:57:41,9500.0,24.4,S
2021-07-27T09:57:40,3000.0,24.5,B
2021-07-27T09:57:39,300.0,24.4,S
2021-07-27T09:57:38,2000.0,24.4,S
2021-07-27T09:57:32,4900.0,24.4,B
2021-07-27T09:57:30,16000.0,24.4,B
2021-07-27T09:57:30,8000.0,24.4,B
2021-07-27T09:57:30,10000.0,24.4,B
2021-07-27T09:57:29,300.0,24.4,B
2021-07-27T09:57:29,300.0,24.4,B
2021-07-27T09:57:28,2000.0,24.4,B
2021-07-27T09:57:28,100.0,24.4,B
2021-07-27T09:57:26,2000.0,24.4,B
2021-07-27T09:57:26,3000.0,24.4,B
2021-07-27T09:57:25,1100.0,24.3,S
2021-07-27T09:57:23,6000.0,24.4,B
2021-07-27T09:57:23,200.0,24.4,B
2021-07-27T09:57:22,10300.0,24.4,B
2021-07-27T09:57:21,400.0,24.4,B
2021-07-27T09:57:21,1000.0,24.3,S
2021-07-27T09:57:18,1000.0,24.4,B
2021-07-27T09:57:17,2800.0,24.4,B
2021-07-27T09:57:14,100.0,24.3,S
2021-07-27T09:57:14,200.0,24.3,S
2021-07-27T09:57:12,500.0,24.3,S
2021-07-27T09:57:07,20900.0,24.3,S
2021-07-27T09:57:07,98700.0,24.3,B
2021-07-27T09:57:06,100.0,24.2,S
2021-07-27T09:57:06,200000.0,24.3,B
2021-07-27T09:57:03,100.0,24.2,S
2021-07-27T09:57:01,400.0,24.3,B
2021-07-27T09:57:00,500.0,24.3,B
2021-07-27T09:56:56,100.0,24.2,S
2021-07-27T09:56:55,500.0,24.2,S
2021-07-27T09:56:54,2000.0,24.2,S
2021-07-27T09:56:52,300.0,24.2,S
2021-07-27T09:56:51,66100.0,24.2,B
2021-07-27T09:56:50,1600.0,24.2,B
2021-07-27T09:56:49,100.0,24.2,B
2021-07-27T09:56:49,2000.0,24.2,B
2021-07-27T09:56:48,600.0,24.2,B
2021-07-27T09:56:48,10000.0,24.2,B
2021-07-27T09:56:47,5000.0,24.2,B
2021-07-27T09:56:47,400.0,24.2,B
2021-07-27T09:56:44,4000.0,24.2,B
2021-07-27T09:56:44,6500.0,24.2,B
2021-07-27T09:56:43,5000.0,24.2,B
2021-07-27T09:56:40,3000.0,24.2,B
2021-07-27T09:56:40,1000.0,24.2,B
2021-07-27T09:56:40,100.0,24.2,B
2021-07-27T09:56:38,100.0,24.2,B
2021-07-27T09:56:37,10000.0,24.2,B
2021-07-27T09:56:37,5400.0,24.2,B
2021-07-27T09:56:37,100.0,24.2,B
2021-07-27T09:56:35,20100.0,24.2,B
2021-07-27T09:56:33,6000.0,24.2,B
2021-07-27T09:56:32,2100.0,24.2,B
2021-07-27T09:56:29,1000.0,24.2,B
2021-07-27T09:56:28,300.0,24.2,B
2021-07-27T09:56:24,2000.0,24.2,B
2021-07-27T09:56:20,500.0,24.2,B
2021-07-27T09:56:18,10000.0,24.2,B
2021-07-27T09:56:15,200.0,24.1,S
2021-07-27T09:56:14,6000.0,24.2,B
2021-07-27T09:56:10,10000.0,24.2,B
2021-07-27T09:55:54,200.0,24.1,S
2021-07-27T09:55:52,300.0,24.2,B
2021-07-27T09:55:42,2000.0,24.1,S
2021-07-27T09:55:41,37000.0,24.2,B
2021-07-27T09:55:39,1000.0,24.1,B
2021-07-27T09:55:39,4000.0,24.1,B
2021-07-27T09:55:37,500.0,24.1,B
2021-07-27T09:55:35,5000.0,24.1,B
2021-07-27T09:55:35,1800.0,24.1,B
2021-07-27T09:55:34,3000.0,24.1,B
2021-07-27T09:55:33,200.0,24.1,B
2021-07-27T09:55:31,50000.0,24.1,B
2021-07-27T09:55:29,3000.0,24.1,B
2021-07-27T09:55:29,3000.0,24.1,B
2021-07-27T09:55:29,2300.0,24.1,B
2021-07-27T09:55:24,2500.0,24.1,B
2021-07-27T09:55:16,5000.0,24.1,B
2021-07-27T09:55:16,3000.0,24.1,B
2021-07-27T09:55:15,15000.0,24.1,B
2021-07-27T09:55:09,5100.0,24.1,B
2021-07-27T09:55:08,5000.0,24.1,B
2021-07-27T09:55:04,4200.0,24.1,B
2021-07-27T09:55:01,4900.0,24.1,B
2021-07-27T09:54:54,20000.0,24.1,B
2021-07-27T09:54:45,30000.0,24.1,B
2021-07-27T09:54:40,300.0,24.0,S
2021-07-27T09:54:38,100.0,24.0,S
2021-07-27T09:54:33,600.0,24.0,S
2021-07-27T09:54:32,1000.0,24.0,S
2021-07-27T09:54:27,400.0,24.0,S
2021-07-27T09:54:27,100.0,24.1,B
2021-07-27T09:54:25,5000.0,24.0,S
2021-07-27T09:54:19,30000.0,24.0,S
2021-07-27T09:54:08,200.0,24.0,S
2021-07-27T09:54:00,500.0,24.0,S
2021-07-27T09:53:50,10000.0,24.0,S
2021-07-27T09:53:45,200.0,24.0,S
2021-07-27T09:53:42,1000.0,24.0,S
2021-07-27T09:53:38,3000.0,24.0,S
2021-07-27T09:53:36,700.0,24.0,S
2021-07-27T09:53:25,5000.0,24.0,S
2021-07-27T09:53:21,5000.0,24.0,S
2021-07-27T09:53:08,1000.0,24.0,S
2021-07-27T09:53:08,3000.0,24.0,S
2021-07-27T09:52:57,100.0,24.0,S
2021-07-27T09:52:55,1000.0,24.0,S
2021-07-27T09:52:51,200.0,24.0,S
2021-07-27T09:52:36,15000.0,24.0,S
2021-07-27T09:52:29,3000.0,24.0,S
2021-07-27T09:52:14,200.0,24.0,S
2021-07-27T09:51:58,5000.0,24.0,S
2021-07-27T09:51:50,200.0,24.0,S
2021-07-27T09:51:43,2000.0,24.0,S
2021-07-27T09:51:33,100.0,24.1,B
2021-07-27T09:51:31,5000.0,24.0,S
2021-07-27T09:51:29,400.0,24.0,S
2021-07-27T09:51:24,1000.0,24.0,S
2021-07-27T09:51:15,2000.0,24.0,S
2021-07-27T09:51:03,1000.0,24.0,S
2021-07-27T09:51:03,10000.0,24.0,S
2021-07-27T09:50:57,400.0,24.0,S
2021-07-27T09:50:27,25000.0,24.0,S
2021-07-27T09:50:27,1000.0,24.1,B
2021-07-27T09:50:24,10000.0,24.1,B
2021-07-27T09:50:15,400.0,24.0,S
2021-07-27T09:50:09,200.0,24.0,S
2021-07-27T09:49:55,5000.0,24.1,B
2021-07-27T09:49:54,300.0,24.0,S
2021-07-27T09:49:47,1000.0,24.1,B
2021-07-27T09:49:46,200.0,24.1,B
2021-07-27T09:49:37,300.0,24.0,S
2021-07-27T09:49:34,100.0,24.0,S
2021-07-27T09:49:30,100.0,24.0,S
2021-07-27T09:49:20,300.0,24.0,S
2021-07-27T09:49:09,1000.0,24.0,S
2021-07-27T09:49:08,900.0,24.0,S
2021-07-27T09:49:04,5000.0,24.0,S
2021-07-27T09:48:44,105500.0,24.0,B
2021-07-27T09:48:42,5000.0,24.0,B
2021-07-27T09:48:29,10000.0,24.0,B
2021-07-27T09:48:26,2000.0,23.9,S
2021-07-27T09:48:12,1000.0,24.0,B
2021-07-27T09:47:59,1000.0,23.9,S
2021-07-27T09:47:42,1000.0,23.9,S
2021-07-27T09:47:25,1000.0,23.9,S
2021-07-27T09:47:25,3300.0,24.0,S
2021-07-27T09:47:24,100.0,24.0,S
2021-07-27T09:47:19,200.0,24.0,S
2021-07-27T09:47:18,1000.0,24.0,S
2021-07-27T09:47:13,2000.0,24.0,S
2021-07-27T09:47:11,1600.0,24.0,S
2021-07-27T09:47:07,5000.0,24.0,S
2021-07-27T09:47:03,100.0,24.0,S
2021-07-27T09:47:02,200.0,24.0,S
2021-07-27T09:46:57,500.0,24.0,S
2021-07-27T09:46:50,100.0,24.0,S
2021-07-27T09:46:46,500.0,24.0,S
2021-07-27T09:46:37,500.0,24.0,S
2021-07-27T09:46:36,1000.0,24.0,S
2021-07-27T09:46:34,500.0,24.0,S
2021-07-27T09:46:29,7500.0,24.0,S
2021-07-27T09:46:26,100.0,24.0,S
2021-07-27T09:46:23,10000.0,24.0,S
2021-07-27T09:46:21,100.0,24.0,S
2021-07-27T09:46:19,1000.0,24.0,S
2021-07-27T09:46:14,200.0,24.0,S
2021-07-27T09:46:12,5000.0,24.0,S
2021-07-27T09:45:38,2000.0,24.0,S
2021-07-27T09:45:33,200.0,24.0,S
2021-07-27T09:45:22,5000.0,24.0,S
2021-07-27T09:45:17,4000.0,24.0,S
2021-07-27T09:45:09,600.0,24.0,S
2021-07-27T09:45:07,400.0,24.0,S
2021-07-27T09:44:53,2000.0,24.0,S
2021-07-27T09:44:53,400.0,24.0,S
2021-07-27T09:44:52,800.0,24.0,S
2021-07-27T09:44:51,100.0,24.0,S
2021-07-27T09:44:40,4700.0,24.0,B
2021-07-27T09:44:39,48000.0,24.0,B
2021-07-27T09:44:36,5000.0,24.0,B
2021-07-27T09:44:31,1900.0,24.0,B
2021-07-27T09:44:19,10000.0,24.0,B
2021-07-27T09:44:18,10000.0,24.0,B
2021-07-27T09:44:18,400.0,24.0,B
2021-07-27T09:44:05,5000.0,24.0,B
2021-07-27T09:43:53,10000.0,24.0,B
2021-07-27T09:43:39,200.0,23.9,S
2021-07-27T09:43:35,500.0,24.0,B
2021-07-27T09:43:24,2000.0,23.9,S
2021-07-27T09:42:52,800.0,23.9,B
2021-07-27T09:42:43,100.0,23.9,B
2021-07-27T09:42:35,1500.0,23.9,B
2021-07-27T09:42:34,2000.0,23.9,B
2021-07-27T09:42:30,1000.0,23.8,S
2021-07-27T09:42:27,2000.0,23.9,B
2021-07-27T09:42:15,100.0,23.9,B
2021-07-27T09:42:11,100.0,23.8,S
2021-07-27T09:41:47,10000.0,23.9,B
2021-07-27T09:41:40,400.0,23.9,B
2021-07-27T09:41:07,1000.0,23.9,B
2021-07-27T09:40:50,2000.0,23.8,S
2021-07-27T09:40:36,100.0,23.9,B
2021-07-27T09:40:27,10000.0,23.9,B
2021-07-27T09:40:07,500.0,23.9,S
2021-07-27T09:40:03,1500.0,23.9,S
2021-07-27T09:39:58,3000.0,23.9,S
2021-07-27T09:39:57,4000.0,23.9,B
2021-07-27T09:39:55,700.0,23.9,B
2021-07-27T09:39:53,600.0,23.9,B
2021-07-27T09:39:50,300.0,23.9,B
2021-07-27T09:39:44,100.0,23.9,B
2021-07-27T09:39:20,400.0,23.9,B
2021-07-27T09:39:15,12500.0,23.9,B
2021-07-27T09:39:05,300.0,23.9,B
2021-07-27T09:38:47,41700.0,23.9,S
2021-07-27T09:38:43,1000.0,23.9,S
2021-07-27T09:38:37,2700.0,23.9,S
2021-07-27T09:38:36,4000.0,23.9,S
2021-07-27T09:38:36,1000.0,23.9,S
2021-07-27T09:38:32,1000.0,23.9,S
2021-07-27T09:38:29,5000.0,23.9,S
2021-07-27T09:38:15,5000.0,23.9,S
2021-07-27T09:38:06,10000.0,23.9,S
2021-07-27T09:37:58,5000.0,23.9,S
2021-07-27T09:37:36,4000.0,23.9,S
2021-07-27T09:37:30,200.0,23.9,S
2021-07-27T09:37:17,1000.0,23.9,S
2021-07-27T09:37:09,200.0,23.9,S
2021-07-27T09:36:43,300.0,23.9,S
2021-07-27T09:36:42,100.0,23.9,B
2021-07-27T09:36:40,25000.0,23.9,B
2021-07-27T09:36:38,24600.0,23.9,S
2021-07-27T09:36:37,1000.0,23.9,S
2021-07-27T09:36:21,45000.0,23.9,S
2021-07-27T09:36:20,500.0,23.9,S
2021-07-27T09:36:19,1000.0,23.9,S
2021-07-27T09:36:12,10300.0,23.9,S
2021-07-27T09:36:10,2000.0,23.9,S
2021-07-27T09:36:04,15000.0,24.0,B
2021-07-27T09:35:56,6000.0,23.9,S
2021-07-27T09:35:51,2000.0,23.9,S
2021-07-27T09:35:51,1000.0,23.9,S
2021-07-27T09:35:48,4000.0,23.9,S
2021-07-27T09:35:47,200.0,23.9,S
2021-07-27T09:35:41,300.0,23.9,S
2021-07-27T09:35:32,5200.0,23.9,S
2021-07-27T09:35:28,10000.0,23.9,S
2021-07-27T09:35:25,100.0,23.9,S
2021-07-27T09:35:19,300.0,23.9,S
2021-07-27T09:35:03,2000.0,23.9,S
2021-07-27T09:34:57,5000.0,23.9,S
2021-07-27T09:34:52,18000.0,23.9,S
2021-07-27T09:34:50,2000.0,23.9,S
2021-07-27T09:34:48,100.0,24.0,B
2021-07-27T09:34:40,200.0,23.9,S
2021-07-27T09:34:31,500.0,24.0,B
2021-07-27T09:34:13,2000.0,24.0,B
2021-07-27T09:34:10,1000.0,24.0,B
2021-07-27T09:34:05,2500.0,24.0,B
2021-07-27T09:34:05,200.0,23.9,S
2021-07-27T09:33:59,3300.0,23.9,S
2021-07-27T09:33:38,5500.0,24.0,B
2021-07-27T09:33:32,10000.0,24.0,B
2021-07-27T09:33:21,100.0,24.0,B
2021-07-27T09:33:15,2000.0,24.0,B
2021-07-27T09:33:02,10000.0,24.0,B
2021-07-27T09:32:40,5000.0,24.0,B
2021-07-27T09:32:38,200.0,23.9,S
2021-07-27T09:32:33,600.0,24.0,B
2021-07-27T09:32:21,1000.0,23.9,S
2021-07-27T09:32:02,42400.0,23.9,S
2021-07-27T09:31:52,300.0,23.9,S
2021-07-27T09:31:48,2400.0,24.0,B
2021-07-27T09:31:44,500.0,23.9,S
2021-07-27T09:31:09,900.0,23.9,S
2021-07-27T09:31:07,200.0,24.0,B
2021-07-27T09:31:04,3000.0,24.0,B
2021-07-27T09:30:37,20000.0,24.0,B
2021-07-27T09:30:12,500.0,24.0,B
2021-07-27T09:30:09,1000.0,23.9,S
2021-07-27T09:29:29,2100.0,24.0,B
2021-07-27T09:29:28,500.0,24.0,B
2021-07-27T09:29:15,2400.0,24.0,S
2021-07-27T09:29:10,1000.0,24.0,S
2021-07-27T09:29:08,1500.0,24.0,S
2021-07-27T09:29:04,4000.0,24.0,S
2021-07-27T09:28:55,9000.0,24.0,S
2021-07-27T09:28:40,3000.0,24.0,S
2021-07-27T09:28:40,100.0,24.0,S
2021-07-27T09:28:35,3800.0,24.0,S
2021-07-27T09:28:34,500.0,24.0,S
2021-07-27T09:28:17,1000.0,24.1,B
2021-07-27T09:28:16,100.0,24.0,S
2021-07-27T09:28:10,2000.0,24.0,S
2021-07-27T09:28:09,5000.0,24.0,S
2021-07-27T09:27:57,1000.0,24.0,S
2021-07-27T09:27:55,300.0,24.0,S
2021-07-27T09:27:51,7000.0,24.0,S
2021-07-27T09:27:45,200.0,24.0,S
2021-07-27T09:27:32,8000.0,24.0,S
2021-07-27T09:27:25,1000.0,24.0,S
2021-07-27T09:27:24,1000.0,24.0,S
2021-07-27T09:27:19,500.0,24.0,S
2021-07-27T09:27:13,2000.0,24.0,S
2021-07-27T09:27:04,100.0,24.0,S
2021-07-27T09:26:59,10000.0,24.0,S
2021-07-27T09:26:53,1500.0,24.0,S
2021-07-27T09:26:44,500.0,24.0,S
2021-07-27T09:26:35,2000.0,24.0,S
2021-07-27T09:26:32,10000.0,24.0,S
2021-07-27T09:26:16,2000.0,24.0,S
2021-07-27T09:26:09,10000.0,24.0,S
2021-07-27T09:26:07,1500.0,24.0,S
2021-07-27T09:26:01,2000.0,24.0,S
2021-07-27T09:25:48,1700.0,24.0,B
2021-07-27T09:25:47,3300.0,24.0,S
2021-07-27T09:25:46,20000.0,24.0,S
2021-07-27T09:25:37,1000.0,24.1,B
2021-07-27T09:25:35,100.0,24.0,S
2021-07-27T09:25:24,200.0,24.0,S
2021-07-27T09:25:20,8300.0,24.0,B
2021-07-27T09:25:15,500.0,24.0,B
2021-07-27T09:25:08,200.0,24.0,B
2021-07-27T09:25:08,5000.0,24.0,B
2021-07-27T09:25:02,9000.0,24.0,S
2021-07-27T09:25:00,500.0,24.0,S
2021-07-27T09:24:59,400.0,24.0,S
2021-07-27T09:24:51,4200.0,24.0,S
2021-07-27T09:24:50,2000.0,24.0,S
2021-07-27T09:24:45,16900.0,24.0,S
2021-07-27T09:24:23,10000.0,24.0,B
2021-07-27T09:24:18,1000.0,24.0,B
2021-07-27T09:24:08,100.0,24.0,B
2021-07-27T09:24:00,100.0,23.9,S
2021-07-27T09:23:42,300.0,23.9,S
2021-07-27T09:23:34,100.0,24.0,B
2021-07-27T09:23:25,10000.0,24.0,B
2021-07-27T09:23:20,1100.0,24.0,B
2021-07-27T09:23:18,1000.0,23.9,S
2021-07-27T09:22:44,1000.0,23.9,S
2021-07-27T09:22:30,10000.0,23.9,S
2021-07-27T09:22:29,7000.0,23.9,S
2021-07-27T09:22:27,300.0,23.9,S
2021-07-27T09:22:26,2000.0,23.9,S
2021-07-27T09:22:23,2500.0,23.9,S
2021-07-27T09:22:16,1000.0,23.9,S
2021-07-27T09:22:08,100.0,23.9,S
2021-07-27T09:22:07,300.0,23.9,S
2021-07-27T09:21:59,3000.0,23.9,S
2021-07-27T09:21:56,300.0,23.9,S
2021-07-27T09:21:49,1000.0,24.0,B
2021-07-27T09:21:48,4000.0,23.9,S
2021-07-27T09:21:46,2000.0,23.9,S
2021-07-27T09:21:44,300.0,23.9,S
2021-07-27T09:21:38,1200.0,23.9,S
2021-07-27T09:21:29,1500.0,23.9,S
2021-07-27T09:21:27,3000.0,24.0,B
2021-07-27T09:21:15,2000.0,23.9,S
2021-07-27T09:21:12,100.0,24.0,B
2021-07-27T09:21:04,6000.0,24.0,S
2021-07-27T09:21:02,3500.0,24.0,S
2021-07-27T09:21:01,30000.0,24.0,S
2021-07-27T09:21:00,2500.0,24.0,S
2021-07-27T09:20:57,100.0,24.0,S
2021-07-27T09:20:55,1200.0,24.0,S
2021-07-27T09:20:51,3000.0,24.0,S
2021-07-27T09:20:48,1000.0,24.0,S
2021-07-27T09:20:47,400.0,24.0,S
2021-07-27T09:20:46,1000.0,24.0,S
2021-07-27T09:20:45,2000.0,24.0,S
2021-07-27T09:20:42,500.0,24.0,S
2021-07-27T09:20:30,500.0,24.0,S
2021-07-27T09:20:22,600.0,24.0,S
2021-07-27T09:20:17,300.0,24.1,B
2021-07-27T09:20:07,600.0,24.1,B
2021-07-27T09:19:59,1000.0,24.0,S
2021-07-27T09:19:59,100.0,24.1,B
2021-07-27T09:19:48,2000.0,24.1,B
2021-07-27T09:19:47,1800.0,24.0,S
2021-07-27T09:19:44,200.0,24.0,S
2021-07-27T09:19:43,69800.0,24.0,S
2021-07-27T09:19:41,100.0,24.1,B
2021-07-27T09:19:34,10000.0,24.0,S
2021-07-27T09:19:32,100.0,24.1,B
2021-07-27T09:19:27,3000.0,24.1,B
2021-07-27T09:19:17,200.0,24.1,B
2021-07-27T09:19:00,400.0,24.1,B
2021-07-27T09:18:53,5000.0,24.0,S
2021-07-27T09:18:51,2100.0,24.1,B
2021-07-27T09:18:50,20000.0,24.1,S
2021-07-27T09:18:37,1500.0,24.1,S
2021-07-27T09:18:27,8000.0,24.2,B
2021-07-27T09:18:10,500.0,24.2,B
2021-07-27T09:17:58,5000.0,24.2,B
2021-07-27T09:17:52,100.0,24.2,B
2021-07-27T09:17:47,100.0,24.2,B
2021-07-27T09:17:39,5000.0,24.2,B
2021-07-27T09:17:31,2000.0,24.2,B
2021-07-27T09:17:30,100.0,24.2,B
2021-07-27T09:17:27,1000.0,24.2,B
2021-07-27T09:17:15,100.0,24.2,B
2021-07-27T09:17:09,6400.0,24.1,S
2021-07-27T09:17:08,2000.0,24.2,B
2021-07-27T09:16:55,1000.0,24.1,S
2021-07-27T09:16:54,5000.0,24.1,S
2021-07-27T09:16:51,3000.0,24.1,S
2021-07-27T09:16:45,100.0,24.1,S
2021-07-27T09:16:40,500.0,24.1,S
2021-07-27T09:16:24,800.0,24.1,B
2021-07-27T09:16:21,200.0,24.1,B
2021-07-27T09:16:20,300.0,24.1,B
2021-07-27T09:16:19,20000.0,24.1,B
2021-07-27T09:16:15,11000.0,24.1,B
2021-07-27T09:16:14,2100.0,24.1,B
2021-07-27T09:16:12,3000.0,24.1,B
2021-07-27T09:16:09,2000.0,24.1,B
2021-07-27T09:16:09,300.0,24.1,B
2021-07-27T09:16:01,10000.0,24.1,B
2021-07-27T09:15:55,300.0,24.1,B
2021-07-27T09:15:51,400.0,24.1,B
2021-07-27T09:15:50,500.0,24.1,B
2021-07-27T09:15:48,1000.0,24.1,B
2021-07-27T09:15:47,3000.0,24.1,B
2021-07-27T09:15:44,500.0,24.1,B
2021-07-27T09:15:32,2700.0,24.1,B
2021-07-27T09:15:12,1200.0,24.1,B
2021-07-27T09:14:51,100.0,24.0,S
2021-07-27T09:14:50,1200.0,24.0,S
2021-07-27T09:14:46,2000.0,24.1,B
2021-07-27T09:14:44,10000.0,24.1,B
2021-07-27T09:14:25,700.0,24.1,B
2021-07-27T09:14:12,10000.0,24.1,B
2021-07-27T09:14:05,1100.0,24.1,B
2021-07-27T09:14:03,200.0,24.1,B
2021-07-27T09:13:40,100.0,24.1,B
2021-07-27T09:13:39,700.0,24.1,B
2021-07-27T09:13:17,15400.0,24.1,B
2021-07-27T09:13:10,4000.0,24.1,B
2021-07-27T09:13:06,2500.0,24.1,B
2021-07-27T09:13:06,3000.0,24.1,B
2021-07-27T09:13:04,4000.0,24.1,B
2021-07-27T09:12:56,100.0,24.1,B
2021-07-27T09:12:55,300.0,24.1,B
2021-07-27T09:12:54,1000.0,24.1,B
2021-07-27T09:12:50,500.0,24.1,B
2021-07-27T09:12:48,300.0,24.1,B
2021-07-27T09:12:45,15400.0,24.1,S
2021-07-27T09:12:39,19800.0,24.1,B
2021-07-27T09:12:36,1000.0,24.1,B
2021-07-27T09:12:32,4000.0,24.1,B
2021-07-27T09:12:24,1200.0,24.1,B
2021-07-27T09:12:24,500.0,24.1,B
2021-07-27T09:12:16,10000.0,24.1,B
2021-07-27T09:12:13,2000.0,24.1,B
2021-07-27T09:12:10,50000.0,24.1,B
2021-07-27T09:12:06,2000.0,24.0,S
2021-07-27T09:12:02,1000.0,24.0,S
2021-07-27T09:11:56,20000.0,24.1,B
2021-07-27T09:11:46,3800.0,24.0,S
2021-07-27T09:11:44,500.0,24.0,S
2021-07-27T09:11:29,26000.0,24.0,S
2021-07-27T09:11:28,100.0,24.1,B
2021-07-27T09:11:27,10000.0,24.1,B
2021-07-27T09:11:24,1000.0,24.0,S
2021-07-27T09:11:23,500.0,24.0,S
2021-07-27T09:11:19,10000.0,24.0,S
2021-07-27T09:11:01,30000.0,24.0,S
2021-07-27T09:10:49,27600.0,24.0,B
2021-07-27T09:10:46,10000.0,24.0,B
2021-07-27T09:10:43,29800.0,24.0,B
2021-07-27T09:10:40,5000.0,24.0,B
2021-07-27T09:10:39,5000.0,24.0,B
2021-07-27T09:10:37,200.0,24.0,B
2021-07-27T09:10:36,2000.0,24.0,B
2021-07-27T09:10:34,800.0,23.9,S
2021-07-27T09:10:33,16000.0,24.0,B
2021-07-27T09:10:25,12500.0,24.0,B
2021-07-27T09:10:21,2000.0,24.0,B
2021-07-27T09:10:17,300.0,24.0,B
2021-07-27T09:10:14,1800.0,24.0,B
2021-07-27T09:10:00,200.0,24.0,B
2021-07-27T09:09:59,1000.0,24.0,B
2021-07-27T09:09:51,2100.0,24.0,B
2021-07-27T09:09:47,2000.0,24.0,B
2021-07-27T09:09:34,1000.0,23.9,S
2021-07-27T09:09:28,5000.0,24.0,B
2021-07-27T09:09:19,200.0,24.0,B
2021-07-27T09:09:19,600.0,23.9,S
2021-07-27T09:09:18,100.0,23.9,S
2021-07-27T09:09:18,900.0,24.0,B
2021-07-27T09:09:12,1000.0,24.0,B
2021-07-27T09:08:56,500.0,24.0,B
2021-07-27T09:08:52,1800.0,24.0,B
2021-07-27T09:08:44,5000.0,24.0,B
2021-07-27T09:08:30,1000.0,24.0,B
2021-07-27T09:08:13,800.0,24.0,B
2021-07-27T09:08:07,1000.0,24.0,B
2021-07-27T09:08:06,200.0,23.9,S
2021-07-27T09:08:03,100.0,23.9,S
2021-07-27T09:07:45,1000.0,24.0,B
2021-07-27T09:07:32,900.0,24.0,B
2021-07-27T09:07:31,300.0,24.0,B
2021-07-27T09:07:25,100.0,24.0,B
2021-07-27T09:06:57,500.0,24.0,B
2021-07-27T09:06:48,100.0,24.0,B
2021-07-27T09:06:42,5000.0,23.9,S
2021-07-27T09:06:39,10000.0,24.0,B
2021-07-27T09:06:36,100.0,24.0,B
2021-07-27T09:06:26,100.0,24.0,B
2021-07-27T09:06:25,500.0,24.0,B
2021-07-27T09:06:23,700.0,24.0,B
2021-07-27T09:06:19,100.0,24.0,B
2021-07-27T09:06:16,16000.0,24.0,B
2021-07-27T09:06:14,4000.0,24.0,B
2021-07-27T09:06:12,68700.0,24.0,S
2021-07-27T09:06:02,100.0,24.0,S
2021-07-27T09:06:00,20000.0,24.1,B
2021-07-27T09:05:59,2500.0,24.0,S
2021-07-27T09:05:50,4000.0,24.1,B
2021-07-27T09:05:32,100.0,24.0,S
2021-07-27T09:05:31,3000.0,24.1,B
2021-07-27T09:05:27,100.0,24.0,S
2021-07-27T09:05:26,17700.0,24.1,B
2021-07-27T09:05:24,1000.0,24.1,B
2021-07-27T09:05:21,100.0,24.1,B
2021-07-27T09:05:21,2000.0,24.1,B
2021-07-27T09:05:20,300.0,24.1,B
2021-07-27T09:05:17,2000.0,24.1,B
2021-07-27T09:05:16,21000.0,24.1,B
2021-07-27T09:05:15,1000.0,24.1,B
2021-07-27T09:05:14,200.0,24.1,B
2021-07-27T09:05:11,100.0,24.1,B
2021-07-27T09:05:05,1000.0,24.1,B
2021-07-27T09:05:04,1000.0,24.1,B
2021-07-27T09:05:00,2000.0,24.1,B
2021-07-27T09:04:56,5000.0,24.1,B
2021-07-27T09:04:54,19700.0,24.1,B
2021-07-27T09:04:48,500.0,24.1,B
2021-07-27T09:04:39,11000.0,24.1,B
2021-07-27T09:04:38,100.0,24.0,S
2021-07-27T09:04:31,300.0,24.0,S
2021-07-27T09:04:21,163800.0,24.0,B
2021-07-27T09:04:21,1800.0,24.0,B
2021-07-27T09:04:17,10000.0,24.0,B
2021-07-27T09:04:15,200.0,24.0,B
2021-07-27T09:04:14,700.0,24.0,B
2021-07-27T09:04:14,4000.0,24.0,B
2021-07-27T09:04:13,100.0,24.0,B
2021-07-27T09:04:08,800.0,24.0,B
2021-07-27T09:04:05,20000.0,24.0,B
2021-07-27T09:03:57,1000.0,24.0,B
2021-07-27T09:03:57,1000.0,24.0,B
2021-07-27T09:03:42,200.0,24.0,B
2021-07-27T09:03:39,300.0,23.9,S
2021-07-27T09:03:15,100.0,23.9,S
2021-07-27T09:03:11,10000.0,23.9,S
2021-07-27T09:03:03,5000.0,23.9,S
2021-07-27T09:02:54,16000.0,23.9,S
2021-07-27T09:02:50,2100.0,23.9,B
2021-07-27T09:02:48,17900.0,23.9,S
2021-07-27T09:02:46,3600.0,23.9,B
2021-07-27T09:02:45,500.0,23.9,B
2021-07-27T09:02:45,15900.0,23.9,S
2021-07-27T09:02:43,100.0,23.9,S
2021-07-27T09:02:38,3100.0,23.9,B
2021-07-27T09:02:38,1900.0,23.9,B
2021-07-27T09:02:36,100.0,23.9,S
2021-07-27T09:02:32,8000.0,23.9,B
2021-07-27T09:02:31,22000.0,23.9,S
2021-07-27T09:02:31,11300.0,23.9,B
2021-07-27T09:02:30,400.0,23.9,B
2021-07-27T09:02:29,10000.0,23.9,B
2021-07-27T09:02:25,5000.0,23.9,B
2021-07-27T09:02:23,1000.0,23.9,B
2021-07-27T09:02:21,1000.0,23.9,B
2021-07-27T09:02:19,50000.0,23.9,B
2021-07-27T09:02:18,100.0,23.9,B
2021-07-27T09:02:18,100.0,23.9,B
2021-07-27T09:02:12,400.0,23.9,B
2021-07-27T09:02:08,5000.0,23.9,B
2021-07-27T09:02:05,8000.0,23.9,B
2021-07-27T09:02:02,2000.0,23.9,B
2021-07-27T09:01:56,1000.0,23.8,S
2021-07-27T09:01:51,1000.0,23.9,B
2021-07-27T09:01:46,2000.0,23.9,B
2021-07-27T09:01:44,2000.0,23.9,B
2021-07-27T09:01:42,10000.0,23.9,B
2021-07-27T09:01:32,100.0,23.8,S
2021-07-27T09:01:22,15700.0,23.8,B
2021-07-27T09:01:20,2000.0,23.8,B
2021-07-27T09:01:05,1000.0,23.8,B
2021-07-27T09:01:01,1000.0,23.8,B
2021-07-27T09:00:58,3000.0,23.8,B
2021-07-27T09:00:56,3000.0,23.8,B
2021-07-27T09:00:46,1000.0,23.8,B
2021-07-27T09:00:44,1100.0,23.8,B
2021-07-27T09:00:44,2000.0,23.8,B
2021-07-27T09:00:40,200.0,23.8,B
2021-07-27T09:00:36,1600.0,23.8,B
2021-07-27T09:00:36,400.0,23.8,B
2021-07-27T09:00:30,10000.0,23.7,S
2021-07-27T09:00:24,600.0,23.8,B
2021-07-27T09:00:16,10000.0,23.7,B
2021-07-27T09:00:06,1600.0,23.6,S
