tradingTime,volume,price,side
2021-07-27T14:29:14,300.0,9.77,B
2021-07-27T14:29:01,3000.0,9.75,S
2021-07-27T14:28:57,100.0,9.77,B
2021-07-27T14:27:39,3100.0,9.75,S
2021-07-27T14:27:37,1500.0,9.75,B
2021-07-27T14:27:31,200.0,9.74,S
2021-07-27T14:27:29,95400.0,9.75,S
2021-07-27T14:27:29,500.0,9.78,B
2021-07-27T14:27:24,20000.0,9.77,S
2021-07-27T14:27:01,300.0,9.78,B
2021-07-27T14:26:56,500.0,9.78,B
2021-07-27T14:26:43,400.0,9.77,S
2021-07-27T14:26:38,700.0,9.78,B
2021-07-27T14:26:07,5000.0,9.77,S
2021-07-27T14:26:00,900.0,9.78,B
2021-07-27T14:25:40,400.0,9.77,B
2021-07-27T14:25:04,6400.0,9.78,B
2021-07-27T14:24:24,12100.0,9.75,B
2021-07-27T14:24:16,1300.0,9.75,B
2021-07-27T14:23:50,5000.0,9.75,B
2021-07-27T14:23:48,800.0,9.75,B
2021-07-27T14:23:41,5500.0,9.75,B
2021-07-27T14:23:31,10600.0,9.75,S
2021-07-27T14:23:31,37500.0,9.75,S
2021-07-27T14:23:31,27700.0,9.75,S
2021-07-27T14:22:05,100.0,9.78,B
2021-07-27T14:22:02,1100.0,9.78,B
2021-07-27T14:21:38,50000.0,9.75,S
2021-07-27T14:21:29,7100.0,9.77,B
2021-07-27T14:21:20,10500.0,9.77,B
2021-07-27T14:21:06,1000.0,9.77,B
2021-07-27T14:20:37,1500.0,9.77,B
2021-07-27T14:20:20,5500.0,9.76,S
2021-07-27T14:20:02,800.0,9.77,B
2021-07-27T14:20:02,100.0,9.77,S
2021-07-27T14:20:02,17000.0,9.77,S
2021-07-27T14:19:50,1200.0,9.78,B
2021-07-27T14:19:30,600.0,9.78,B
2021-07-27T14:19:06,2000.0,9.77,S
2021-07-27T14:18:58,100.0,9.78,B
2021-07-27T14:18:57,1100.0,9.77,S
2021-07-27T14:18:28,100.0,9.78,B
2021-07-27T14:17:43,2000.0,9.78,B
2021-07-27T14:17:42,500.0,9.78,B
2021-07-27T14:17:38,38700.0,9.78,S
2021-07-27T14:17:32,4100.0,9.78,S
2021-07-27T14:17:14,20000.0,9.78,S
2021-07-27T14:17:10,10000.0,9.79,B
2021-07-27T14:16:54,7200.0,9.78,B
2021-07-27T14:16:42,5000.0,9.77,S
2021-07-27T14:16:40,23000.0,9.78,B
2021-07-27T14:16:37,5000.0,9.78,B
2021-07-27T14:16:30,100.0,9.77,S
2021-07-27T14:16:27,3700.0,9.77,S
2021-07-27T14:16:18,4100.0,9.75,S
2021-07-27T14:16:18,100.0,9.75,S
2021-07-27T14:16:18,10500.0,9.75,S
2021-07-27T14:16:18,45300.0,9.76,S
2021-07-27T14:16:16,2000.0,9.77,S
2021-07-27T14:16:07,3900.0,9.77,B
2021-07-27T14:16:01,100.0,9.77,B
2021-07-27T14:15:55,1000.0,9.77,B
2021-07-27T14:15:32,700.0,9.77,B
2021-07-27T14:15:25,300.0,9.77,B
2021-07-27T14:14:18,100.0,9.77,B
2021-07-27T14:14:03,2900.0,9.75,B
2021-07-27T14:13:51,1000.0,9.75,B
2021-07-27T14:13:42,400.0,9.75,B
2021-07-27T14:13:07,500.0,9.75,B
2021-07-27T14:13:07,1500.0,9.75,B
2021-07-27T14:12:49,100.0,9.75,B
2021-07-27T14:12:40,10000.0,9.74,S
2021-07-27T14:12:31,100.0,9.74,B
2021-07-27T14:12:16,100.0,9.74,B
2021-07-27T14:12:14,9700.0,9.74,S
2021-07-27T14:12:08,300.0,9.74,S
2021-07-27T14:12:07,1700.0,9.74,S
2021-07-27T14:11:52,800.0,9.74,B
2021-07-27T14:11:48,1000.0,9.74,B
2021-07-27T14:11:46,500.0,9.74,B
2021-07-27T14:11:45,2000.0,9.73,S
2021-07-27T14:11:30,2000.0,9.74,B
2021-07-27T14:11:29,3000.0,9.74,B
2021-07-27T14:11:12,100.0,9.74,B
2021-07-27T14:11:08,100.0,9.74,S
2021-07-27T14:11:04,200.0,9.74,B
2021-07-27T14:10:56,1000.0,9.74,B
2021-07-27T14:10:53,5000.0,9.74,B
2021-07-27T14:10:40,100.0,9.74,B
2021-07-27T14:10:40,400.0,9.74,B
2021-07-27T14:10:40,1000.0,9.73,S
2021-07-27T14:10:40,2100.0,9.74,B
2021-07-27T14:10:30,100.0,9.74,B
2021-07-27T14:10:30,100.0,9.73,S
2021-07-27T14:10:28,2000.0,9.74,B
2021-07-27T14:10:26,20000.0,9.73,S
2021-07-27T14:10:03,1000.0,9.73,S
2021-07-27T14:09:59,6600.0,9.73,S
2021-07-27T14:09:58,500.0,9.73,S
2021-07-27T14:09:49,15000.0,9.73,S
2021-07-27T14:09:42,21000.0,9.73,S
2021-07-27T14:09:33,400.0,9.74,B
2021-07-27T14:09:31,1900.0,9.75,B
2021-07-27T14:09:29,600.0,9.74,B
2021-07-27T14:09:29,200.0,9.74,S
2021-07-27T14:09:29,6200.0,9.74,S
2021-07-27T14:09:29,600.0,9.74,S
2021-07-27T14:09:28,2400.0,9.74,S
2021-07-27T14:09:10,700.0,9.74,S
2021-07-27T14:09:05,10000.0,9.75,B
2021-07-27T14:08:40,12800.0,9.74,S
2021-07-27T14:08:09,500.0,9.75,B
2021-07-27T14:07:27,2800.0,9.74,S
2021-07-27T14:06:50,2500.0,9.74,S
2021-07-27T14:06:50,3500.0,9.74,S
2021-07-27T14:06:44,10000.0,9.74,S
2021-07-27T14:06:26,2000.0,9.74,S
2021-07-27T14:06:20,4500.0,9.74,S
2021-07-27T14:06:13,300.0,9.74,S
2021-07-27T14:06:07,1000.0,9.74,S
2021-07-27T14:05:54,300.0,9.74,S
2021-07-27T14:05:52,3000.0,9.74,S
2021-07-27T14:05:26,5000.0,9.74,S
2021-07-27T14:05:22,10000.0,9.74,S
2021-07-27T14:05:14,55000.0,9.74,S
2021-07-27T14:05:11,15000.0,9.74,S
2021-07-27T14:05:06,200.0,9.74,S
2021-07-27T14:05:00,29500.0,9.74,S
2021-07-27T14:04:57,18200.0,9.74,S
2021-07-27T14:04:47,5000.0,9.74,S
2021-07-27T14:04:47,45000.0,9.74,S
2021-07-27T14:04:39,900.0,9.75,S
2021-07-27T14:04:35,200.0,9.75,S
2021-07-27T14:04:32,600.0,9.75,S
2021-07-27T14:04:30,700.0,9.75,S
2021-07-27T14:04:27,3500.0,9.75,S
2021-07-27T14:04:27,1400.0,9.75,S
2021-07-27T14:04:27,4100.0,9.75,S
2021-07-27T14:04:24,5000.0,9.75,S
2021-07-27T14:03:57,2100.0,9.75,S
2021-07-27T14:03:43,1000.0,9.75,S
2021-07-27T14:03:43,1000.0,9.75,S
2021-07-27T14:03:43,1000.0,9.75,S
2021-07-27T14:03:39,2000.0,9.76,B
2021-07-27T14:03:25,100.0,9.76,B
2021-07-27T14:03:22,100.0,9.76,B
2021-07-27T14:03:18,300.0,9.76,S
2021-07-27T14:03:05,2100.0,9.75,S
2021-07-27T14:03:05,3500.0,9.75,S
2021-07-27T14:03:05,31100.0,9.75,S
2021-07-27T14:03:03,800.0,9.78,B
2021-07-27T14:02:53,2500.0,9.77,S
2021-07-27T14:00:09,8300.0,9.76,S
2021-07-27T13:59:48,1000.0,9.76,B
2021-07-27T13:59:45,300.0,9.76,B
2021-07-27T13:58:53,1900.0,9.75,S
2021-07-27T13:58:48,100.0,9.76,B
2021-07-27T13:58:41,200.0,9.76,B
2021-07-27T13:58:14,1700.0,9.76,B
2021-07-27T13:57:36,100.0,9.76,B
2021-07-27T13:57:25,3000.0,9.75,S
2021-07-27T13:57:16,100.0,9.76,B
2021-07-27T13:57:03,3000.0,9.75,S
2021-07-27T13:56:49,20000.0,9.75,S
2021-07-27T13:56:48,10000.0,9.76,B
2021-07-27T13:56:31,48500.0,9.75,S
2021-07-27T13:56:18,100.0,9.76,B
2021-07-27T13:55:38,8000.0,9.75,S
2021-07-27T13:55:12,100.0,9.76,B
2021-07-27T13:55:12,700.0,9.76,S
2021-07-27T13:55:12,10300.0,9.76,S
2021-07-27T13:55:12,10100.0,9.76,S
2021-07-27T13:55:12,4000.0,9.76,S
2021-07-27T13:55:12,1200.0,9.76,S
2021-07-27T13:55:12,11400.0,9.76,S
2021-07-27T13:55:03,100.0,9.78,B
2021-07-27T13:53:50,1400.0,9.78,B
2021-07-27T13:52:53,300.0,9.79,B
2021-07-27T13:52:31,1000.0,9.78,S
2021-07-27T13:52:31,5000.0,9.78,B
2021-07-27T13:52:31,2600.0,9.78,B
2021-07-27T13:52:08,2000.0,9.78,B
2021-07-27T13:51:52,600.0,9.78,B
2021-07-27T13:51:43,200.0,9.78,B
2021-07-27T13:51:26,2000.0,9.78,B
2021-07-27T13:51:12,500.0,9.78,B
2021-07-27T13:51:08,100.0,9.78,B
2021-07-27T13:50:54,2000.0,9.76,S
2021-07-27T13:50:03,100.0,9.79,B
2021-07-27T13:49:48,100.0,9.79,B
2021-07-27T13:49:30,2900.0,9.79,B
2021-07-27T13:48:56,200.0,9.79,B
2021-07-27T13:48:24,2000.0,9.79,B
2021-07-27T13:46:37,100.0,9.79,B
2021-07-27T13:46:06,6000.0,9.75,S
2021-07-27T13:46:06,6000.0,9.76,S
2021-07-27T13:46:06,8800.0,9.76,S
2021-07-27T13:45:45,200.0,9.76,S
2021-07-27T13:45:42,100.0,9.79,B
2021-07-27T13:44:28,6800.0,9.75,S
2021-07-27T13:44:28,23200.0,9.75,S
2021-07-27T13:44:24,6000.0,9.79,B
2021-07-27T13:44:12,1000.0,9.75,S
2021-07-27T13:44:11,8200.0,9.8,B
2021-07-27T13:44:06,10000.0,9.79,B
2021-07-27T13:43:49,100.0,9.79,B
2021-07-27T13:43:23,3000.0,9.75,S
2021-07-27T13:43:23,34900.0,9.75,S
2021-07-27T13:43:23,200.0,9.76,S
2021-07-27T13:43:23,11900.0,9.76,S
2021-07-27T13:43:15,5000.0,9.79,S
2021-07-27T13:42:57,800.0,9.79,B
2021-07-27T13:42:44,100.0,9.79,B
2021-07-27T13:42:42,9600.0,9.79,B
2021-07-27T13:42:42,400.0,9.79,B
2021-07-27T13:41:51,10000.0,9.79,B
2021-07-27T13:41:32,100.0,9.79,B
2021-07-27T13:41:30,10000.0,9.79,B
2021-07-27T13:41:29,1200.0,9.79,B
2021-07-27T13:41:22,100.0,9.79,S
2021-07-27T13:41:13,500.0,9.8,B
2021-07-27T13:40:54,3000.0,9.79,B
2021-07-27T13:40:54,7000.0,9.79,B
2021-07-27T13:40:35,200.0,9.79,B
2021-07-27T13:40:10,100.0,9.79,B
2021-07-27T13:40:02,100.0,9.79,B
2021-07-27T13:39:41,100.0,9.79,B
2021-07-27T13:39:25,1300.0,9.78,S
2021-07-27T13:39:17,4200.0,9.78,S
2021-07-27T13:39:16,100.0,9.79,B
2021-07-27T13:38:59,2400.0,9.79,S
2021-07-27T13:38:57,200.0,9.79,S
2021-07-27T13:38:50,7400.0,9.79,B
2021-07-27T13:38:49,1700.0,9.79,B
2021-07-27T13:38:42,1000.0,9.79,B
2021-07-27T13:38:28,8800.0,9.79,B
2021-07-27T13:38:24,1000.0,9.79,B
2021-07-27T13:38:17,1000.0,9.79,B
2021-07-27T13:38:10,100.0,9.79,B
2021-07-27T13:38:03,300.0,9.76,S
2021-07-27T13:37:47,300.0,9.79,B
2021-07-27T13:37:18,1000.0,9.75,S
2021-07-27T13:36:51,6000.0,9.75,S
2021-07-27T13:36:43,4900.0,9.78,B
2021-07-27T13:36:39,200.0,9.78,B
2021-07-27T13:36:26,1900.0,9.78,S
2021-07-27T13:36:15,9100.0,9.78,B
2021-07-27T13:35:57,500.0,9.78,B
2021-07-27T13:35:41,2500.0,9.78,B
2021-07-27T13:35:34,2500.0,9.78,B
2021-07-27T13:34:24,600.0,9.73,S
2021-07-27T13:34:24,800.0,9.73,S
2021-07-27T13:34:24,11000.0,9.73,S
2021-07-27T13:34:24,12000.0,9.73,S
2021-07-27T13:34:24,15900.0,9.73,S
2021-07-27T13:34:24,5000.0,9.74,S
2021-07-27T13:34:24,500.0,9.74,S
2021-07-27T13:34:24,4200.0,9.74,S
2021-07-27T13:34:15,26000.0,9.74,S
2021-07-27T13:33:34,25000.0,9.75,S
2021-07-27T13:33:23,2300.0,9.75,S
2021-07-27T13:33:08,100.0,9.76,S
2021-07-27T13:32:23,1000.0,9.78,B
2021-07-27T13:31:50,1000.0,9.75,S
2021-07-27T13:31:41,1600.0,9.75,S
2021-07-27T13:31:41,2400.0,9.75,S
2021-07-27T13:31:41,1700.0,9.75,S
2021-07-27T13:31:41,2500.0,9.75,S
2021-07-27T13:31:41,11000.0,9.75,S
2021-07-27T13:31:41,3500.0,9.75,S
2021-07-27T13:31:41,200.0,9.75,S
2021-07-27T13:31:41,2000.0,9.75,S
2021-07-27T13:31:41,3000.0,9.76,S
2021-07-27T13:31:41,10200.0,9.76,S
2021-07-27T13:31:41,100.0,9.76,S
2021-07-27T13:31:41,11800.0,9.76,S
2021-07-27T13:31:37,2000.0,9.77,S
2021-07-27T13:31:27,2700.0,9.77,S
2021-07-27T13:30:02,100.0,9.79,B
2021-07-27T13:29:32,100.0,9.79,S
2021-07-27T13:29:28,3100.0,9.8,S
2021-07-27T13:29:23,4000.0,9.8,S
2021-07-27T13:29:15,3000.0,9.8,S
2021-07-27T13:29:13,100.0,9.8,S
2021-07-27T13:29:01,200.0,9.83,B
2021-07-27T13:28:28,100.0,9.83,B
2021-07-27T13:27:34,7800.0,9.8,B
2021-07-27T13:27:18,4900.0,9.78,B
2021-07-27T13:27:15,2700.0,9.76,S
2021-07-27T13:26:47,100.0,9.78,B
2021-07-27T13:26:43,10000.0,9.8,B
2021-07-27T13:26:31,400.0,9.78,S
2021-07-27T13:26:26,10000.0,9.8,B
2021-07-27T13:26:23,2800.0,9.8,B
2021-07-27T13:26:14,10000.0,9.8,B
2021-07-27T13:25:40,4600.0,9.78,B
2021-07-27T13:25:38,500.0,9.78,B
2021-07-27T13:25:20,500.0,9.78,B
2021-07-27T13:25:08,900.0,9.75,S
2021-07-27T13:24:08,17000.0,9.78,B
2021-07-27T13:24:01,3900.0,9.75,S
2021-07-27T13:24:01,100.0,9.75,S
2021-07-27T13:24:01,1000.0,9.75,S
2021-07-27T13:24:01,200.0,9.75,S
2021-07-27T13:24:01,15000.0,9.75,S
2021-07-27T13:24:01,100.0,9.75,S
2021-07-27T13:24:01,1800.0,9.75,S
2021-07-27T13:24:01,200.0,9.75,S
2021-07-27T13:24:01,7700.0,9.75,S
2021-07-27T13:23:55,1000.0,9.76,S
2021-07-27T13:23:50,100.0,9.78,B
2021-07-27T13:23:25,1000.0,9.76,S
2021-07-27T13:23:05,1000.0,9.76,S
2021-07-27T13:21:56,4300.0,9.75,S
2021-07-27T13:21:56,2700.0,9.75,S
2021-07-27T13:21:56,500.0,9.75,S
2021-07-27T13:21:56,11400.0,9.75,S
2021-07-27T13:21:56,1000.0,9.75,S
2021-07-27T13:21:56,11800.0,9.75,S
2021-07-27T13:21:56,12600.0,9.76,S
2021-07-27T13:21:51,500.0,9.76,S
2021-07-27T13:20:55,200.0,9.76,S
2021-07-27T13:20:02,27000.0,9.76,B
2021-07-27T13:19:35,1100.0,9.76,S
2021-07-27T13:18:57,1700.0,9.75,S
2021-07-27T13:18:57,400.0,9.75,S
2021-07-27T13:18:57,400.0,9.75,S
2021-07-27T13:18:56,100.0,9.75,S
2021-07-27T13:18:56,12000.0,9.75,S
2021-07-27T13:18:56,1100.0,9.75,S
2021-07-27T13:18:56,3000.0,9.75,S
2021-07-27T13:18:56,11300.0,9.75,S
2021-07-27T13:18:43,1400.0,9.75,S
2021-07-27T13:18:39,600.0,9.77,B
2021-07-27T13:18:35,4200.0,9.75,S
2021-07-27T13:18:35,8200.0,9.75,S
2021-07-27T13:18:27,200.0,9.76,S
2021-07-27T13:18:27,9000.0,9.76,S
2021-07-27T13:18:27,45200.0,9.76,S
2021-07-27T13:18:23,1000.0,9.77,B
2021-07-27T13:18:20,10000.0,9.76,S
2021-07-27T13:17:52,5000.0,9.77,B
2021-07-27T13:17:49,1000.0,9.77,B
2021-07-27T13:17:33,900.0,9.77,S
2021-07-27T13:17:17,100.0,9.78,B
2021-07-27T13:17:17,100.0,9.78,B
2021-07-27T13:16:38,100.0,9.77,S
2021-07-27T13:16:30,400.0,9.77,S
2021-07-27T13:16:30,2000.0,9.77,S
2021-07-27T13:16:29,600.0,9.77,S
2021-07-27T13:16:22,2800.0,9.77,S
2021-07-27T13:16:22,11000.0,9.77,S
2021-07-27T13:16:22,16200.0,9.77,S
2021-07-27T13:15:53,5000.0,9.77,S
2021-07-27T13:15:43,2000.0,9.78,S
2021-07-27T13:15:43,100.0,9.78,S
2021-07-27T13:15:43,3100.0,9.78,S
2021-07-27T13:15:43,300.0,9.78,S
2021-07-27T13:15:43,2600.0,9.78,S
2021-07-27T13:15:43,500.0,9.78,S
2021-07-27T13:15:43,21400.0,9.78,S
2021-07-27T13:14:19,3000.0,9.78,S
2021-07-27T13:13:33,1000.0,9.79,B
2021-07-27T13:13:27,100.0,9.79,B
2021-07-27T13:13:06,200.0,9.79,B
2021-07-27T13:13:02,500.0,9.79,B
2021-07-27T13:12:31,500.0,9.79,B
2021-07-27T13:12:18,100.0,9.8,B
2021-07-27T13:12:13,1700.0,9.79,S
2021-07-27T13:12:13,2000.0,9.79,S
2021-07-27T13:12:13,16900.0,9.79,S
2021-07-27T13:12:12,100.0,9.8,B
2021-07-27T13:12:11,11300.0,9.8,S
2021-07-27T13:11:51,1100.0,9.8,S
2021-07-27T13:11:51,3600.0,9.8,S
2021-07-27T13:11:51,100.0,9.8,S
2021-07-27T13:11:51,5200.0,9.8,S
2021-07-27T13:11:02,100.0,9.82,S
2021-07-27T13:10:49,100.0,9.82,S
2021-07-27T13:10:39,4100.0,9.82,S
2021-07-27T13:10:28,3700.0,9.82,S
2021-07-27T13:10:22,1200.0,9.82,S
2021-07-27T13:09:55,400.0,9.82,S
2021-07-27T13:09:41,3000.0,9.82,S
2021-07-27T13:08:40,8400.0,9.82,B
2021-07-27T13:08:20,20000.0,9.82,B
2021-07-27T13:07:42,5000.0,9.82,B
2021-07-27T13:07:39,500.0,9.81,S
2021-07-27T13:07:32,2600.0,9.82,S
2021-07-27T13:07:31,10700.0,9.83,S
2021-07-27T13:07:16,2300.0,9.83,S
2021-07-27T13:05:37,1000.0,9.82,S
2021-07-27T13:05:13,2200.0,9.82,S
2021-07-27T13:05:05,400.0,9.82,S
2021-07-27T13:04:55,900.0,9.82,S
2021-07-27T13:04:28,1500.0,9.82,S
2021-07-27T13:04:28,300.0,9.82,S
2021-07-27T13:04:28,700.0,9.82,S
2021-07-27T13:04:16,400.0,9.82,S
2021-07-27T13:04:07,500.0,9.83,S
2021-07-27T13:03:56,1000.0,9.83,S
2021-07-27T13:03:47,1100.0,9.83,S
2021-07-27T13:03:46,500.0,9.84,B
2021-07-27T13:03:45,300.0,9.84,B
2021-07-27T13:02:52,17000.0,9.84,B
2021-07-27T13:02:21,100.0,9.83,B
2021-07-27T13:02:06,2000.0,9.83,B
2021-07-27T13:01:38,3000.0,9.83,B
2021-07-27T13:01:13,200.0,9.83,B
2021-07-27T13:00:42,3000.0,9.83,B
2021-07-27T13:00:09,1300.0,9.82,B
2021-07-27T13:00:06,100.0,9.82,B
2021-07-27T13:00:04,6000.0,9.82,B
2021-07-27T11:29:30,100.0,9.82,B
2021-07-27T11:29:19,11400.0,9.82,B
2021-07-27T11:29:04,100.0,9.82,B
2021-07-27T11:29:00,6400.0,9.8,S
2021-07-27T11:28:57,500.0,9.82,B
2021-07-27T11:28:47,100.0,9.79,S
2021-07-27T11:28:45,100.0,9.82,B
2021-07-27T11:28:44,400.0,9.82,B
2021-07-27T11:28:25,100.0,9.82,B
2021-07-27T11:28:10,800.0,9.82,B
2021-07-27T11:27:42,7300.0,9.79,S
2021-07-27T11:27:33,600.0,9.8,S
2021-07-27T11:27:30,100.0,9.82,B
2021-07-27T11:26:45,5000.0,9.79,S
2021-07-27T11:26:31,1300.0,9.8,S
2021-07-27T11:26:18,700.0,9.8,S
2021-07-27T11:26:18,300.0,9.8,S
2021-07-27T11:25:40,100.0,9.79,S
2021-07-27T11:25:33,100.0,9.79,S
2021-07-27T11:25:24,1300.0,9.79,S
2021-07-27T11:25:10,1000.0,9.79,S
2021-07-27T11:23:33,600.0,9.78,S
2021-07-27T11:23:33,1300.0,9.78,S
2021-07-27T11:22:35,4000.0,9.77,S
2021-07-27T11:22:35,5700.0,9.77,S
2021-07-27T11:22:35,5100.0,9.78,S
2021-07-27T11:22:35,3900.0,9.78,S
2021-07-27T11:21:48,100.0,9.83,B
2021-07-27T11:21:28,1000.0,9.83,B
2021-07-27T11:20:56,3700.0,9.78,S
2021-07-27T11:20:56,27600.0,9.79,S
2021-07-27T11:20:36,1000.0,9.8,B
2021-07-27T11:20:24,10000.0,9.8,B
2021-07-27T11:20:02,100.0,9.8,B
2021-07-27T11:20:00,100.0,9.8,B
2021-07-27T11:20:00,100.0,9.8,B
2021-07-27T11:19:57,300.0,9.8,B
2021-07-27T11:19:26,5000.0,9.8,B
2021-07-27T11:19:17,500.0,9.78,S
2021-07-27T11:19:17,100.0,9.78,S
2021-07-27T11:19:16,700.0,9.78,S
2021-07-27T11:19:09,2100.0,9.79,S
2021-07-27T11:19:05,1000.0,9.8,B
2021-07-27T11:18:56,3800.0,9.8,S
2021-07-27T11:18:56,1600.0,9.8,S
2021-07-27T11:18:32,1900.0,9.8,S
2021-07-27T11:18:32,600.0,9.8,S
2021-07-27T11:18:32,4600.0,9.8,S
2021-07-27T11:18:32,22900.0,9.8,S
2021-07-27T11:18:11,22000.0,9.8,S
2021-07-27T11:18:07,100.0,9.82,B
2021-07-27T11:17:54,1000.0,9.82,B
2021-07-27T11:17:34,200.0,9.82,S
2021-07-27T11:17:34,5000.0,9.82,S
2021-07-27T11:17:34,2600.0,9.82,S
2021-07-27T11:17:34,3000.0,9.82,S
2021-07-27T11:17:34,11400.0,9.82,S
2021-07-27T11:17:33,2000.0,9.82,S
2021-07-27T11:17:29,20000.0,9.82,S
2021-07-27T11:17:14,5000.0,9.82,S
2021-07-27T11:17:04,1000.0,9.83,S
2021-07-27T11:16:54,500.0,9.84,B
2021-07-27T11:16:51,1500.0,9.84,B
2021-07-27T11:16:51,1100.0,9.84,S
2021-07-27T11:16:51,6000.0,9.84,S
2021-07-27T11:16:43,3000.0,9.84,S
2021-07-27T11:16:35,500.0,9.84,S
2021-07-27T11:16:10,3000.0,9.84,S
2021-07-27T11:16:05,1000.0,9.84,S
2021-07-27T11:15:27,3700.0,9.84,S
2021-07-27T11:15:22,1000.0,9.84,S
2021-07-27T11:15:19,300.0,9.84,S
2021-07-27T11:15:07,100.0,9.85,B
2021-07-27T11:15:07,1200.0,9.84,S
2021-07-27T11:14:30,400.0,9.84,S
2021-07-27T11:13:08,1100.0,9.85,S
2021-07-27T11:13:00,1400.0,9.85,S
2021-07-27T11:12:27,5000.0,9.85,S
2021-07-27T11:12:12,50000.0,9.85,S
2021-07-27T11:12:09,200.0,9.86,S
2021-07-27T11:12:05,800.0,9.86,S
2021-07-27T11:12:00,300.0,9.86,S
2021-07-27T11:11:40,1000.0,9.86,S
2021-07-27T11:11:32,800.0,9.86,S
2021-07-27T11:11:28,4200.0,9.86,S
2021-07-27T11:11:19,1000.0,9.86,S
2021-07-27T11:10:57,2000.0,9.86,S
2021-07-27T11:10:52,1000.0,9.86,S
2021-07-27T11:10:08,1100.0,9.88,B
2021-07-27T11:10:06,400.0,9.86,B
2021-07-27T11:10:06,200.0,9.86,B
2021-07-27T11:10:02,4700.0,9.85,S
2021-07-27T11:09:55,300.0,9.85,S
2021-07-27T11:09:51,4000.0,9.86,B
2021-07-27T11:09:26,400.0,9.86,B
2021-07-27T11:09:23,2800.0,9.85,S
2021-07-27T11:09:23,4400.0,9.85,S
2021-07-27T11:09:16,400.0,9.85,S
2021-07-27T11:08:55,2300.0,9.86,B
2021-07-27T11:08:45,4000.0,9.86,S
2021-07-27T11:08:25,3000.0,9.86,S
2021-07-27T11:08:19,5800.0,9.88,B
2021-07-27T11:08:18,14200.0,9.88,B
2021-07-27T11:08:11,100.0,9.86,S
2021-07-27T11:08:04,7000.0,9.86,S
2021-07-27T11:07:37,4900.0,9.86,S
2021-07-27T11:07:37,1800.0,9.87,S
2021-07-27T11:07:35,200.0,9.87,S
2021-07-27T11:07:05,2700.0,9.86,S
2021-07-27T11:06:53,200.0,9.86,S
2021-07-27T11:06:03,6000.0,9.88,B
2021-07-27T11:05:57,2600.0,9.86,S
2021-07-27T11:05:57,2400.0,9.86,S
2021-07-27T11:05:07,2900.0,9.88,B
2021-07-27T11:05:07,1000.0,9.88,B
2021-07-27T11:05:05,400.0,9.88,B
2021-07-27T11:04:48,5000.0,9.86,S
2021-07-27T11:04:18,200.0,9.86,S
2021-07-27T11:04:09,200.0,9.86,S
2021-07-27T11:03:26,22000.0,9.86,S
2021-07-27T11:03:21,4600.0,9.87,B
2021-07-27T11:03:13,3000.0,9.87,B
2021-07-27T11:02:23,3000.0,9.87,S
2021-07-27T11:02:03,1500.0,9.88,B
2021-07-27T11:01:40,900.0,9.88,S
2021-07-27T11:01:22,10000.0,9.88,S
2021-07-27T11:00:48,18300.0,9.88,B
2021-07-27T11:00:37,600.0,9.88,S
2021-07-27T11:00:19,100.0,9.88,S
2021-07-27T11:00:12,57300.0,9.88,B
2021-07-27T11:00:12,1000.0,9.87,B
2021-07-27T11:00:03,2000.0,9.87,B
2021-07-27T10:59:55,5000.0,9.86,S
2021-07-27T10:59:52,500.0,9.87,S
2021-07-27T10:59:52,500.0,9.87,S
2021-07-27T10:59:52,6000.0,9.87,S
2021-07-27T10:59:39,5000.0,9.87,S
2021-07-27T10:59:34,1000.0,9.87,S
2021-07-27T10:59:32,2000.0,9.88,B
2021-07-27T10:59:28,2400.0,9.88,B
2021-07-27T10:58:28,5000.0,9.88,B
2021-07-27T10:58:21,5000.0,9.87,B
2021-07-27T10:58:14,3000.0,9.86,S
2021-07-27T10:57:12,200.0,9.86,S
2021-07-27T10:56:32,200.0,9.86,S
2021-07-27T10:56:31,1100.0,9.88,S
2021-07-27T10:56:04,100.0,9.88,S
2021-07-27T10:56:01,700.0,9.88,S
2021-07-27T10:55:00,19500.0,9.88,B
2021-07-27T10:54:22,3600.0,9.86,B
2021-07-27T10:54:14,300.0,9.86,B
2021-07-27T10:53:48,200.0,9.85,B
2021-07-27T10:52:42,600.0,9.84,B
2021-07-27T10:52:33,10000.0,9.85,B
2021-07-27T10:52:10,200.0,9.84,B
2021-07-27T10:51:57,100.0,9.84,B
2021-07-27T10:51:48,1000.0,9.82,S
2021-07-27T10:51:43,200.0,9.84,B
2021-07-27T10:51:20,100.0,9.84,B
2021-07-27T10:51:04,900.0,9.82,S
2021-07-27T10:51:00,500.0,9.84,B
2021-07-27T10:50:37,100.0,9.82,S
2021-07-27T10:50:18,2000.0,9.84,S
2021-07-27T10:50:14,10900.0,9.82,S
2021-07-27T10:50:14,1100.0,9.82,S
2021-07-27T10:50:10,100.0,9.84,S
2021-07-27T10:50:06,1400.0,9.85,B
2021-07-27T10:50:05,500.0,9.85,B
2021-07-27T10:50:05,200.0,9.85,B
2021-07-27T10:49:59,500.0,9.85,S
2021-07-27T10:49:59,1000.0,9.85,S
2021-07-27T10:49:59,1000.0,9.85,S
2021-07-27T10:49:59,58300.0,9.85,S
2021-07-27T10:49:52,5000.0,9.85,S
2021-07-27T10:49:28,100.0,9.86,B
2021-07-27T10:49:15,5900.0,9.85,S
2021-07-27T10:47:55,13500.0,9.86,S
2021-07-27T10:47:55,91200.0,9.88,B
2021-07-27T10:47:55,8800.0,9.88,B
2021-07-27T10:47:18,3000.0,9.86,S
2021-07-27T10:46:23,200.0,9.88,B
2021-07-27T10:44:45,22000.0,9.89,B
2021-07-27T10:44:45,78000.0,9.88,B
2021-07-27T10:44:40,1000.0,9.85,S
2021-07-27T10:44:16,4000.0,9.85,S
2021-07-27T10:44:06,6000.0,9.85,S
2021-07-27T10:43:57,30400.0,9.86,S
2021-07-27T10:43:21,10000.0,9.86,S
2021-07-27T10:43:06,600.0,9.88,B
2021-07-27T10:42:51,50000.0,9.88,B
2021-07-27T10:42:30,100.0,9.86,S
2021-07-27T10:42:28,1000.0,9.88,B
2021-07-27T10:42:10,23500.0,9.88,B
2021-07-27T10:42:10,56500.0,9.88,B
2021-07-27T10:42:01,6800.0,9.86,S
2021-07-27T10:41:49,10000.0,9.88,B
2021-07-27T10:41:27,100.0,9.88,B
2021-07-27T10:41:18,100.0,9.86,S
2021-07-27T10:40:55,3000.0,9.88,B
2021-07-27T10:40:43,7000.0,9.88,B
2021-07-27T10:40:29,11000.0,9.88,B
2021-07-27T10:40:21,5000.0,9.88,B
2021-07-27T10:39:50,100.0,9.86,S
2021-07-27T10:39:30,1300.0,9.86,S
2021-07-27T10:39:29,700.0,9.88,B
2021-07-27T10:39:25,7000.0,9.88,B
2021-07-27T10:39:04,3900.0,9.88,B
2021-07-27T10:38:59,600.0,9.88,B
2021-07-27T10:38:53,11000.0,9.88,B
2021-07-27T10:38:39,100.0,9.86,B
2021-07-27T10:38:05,7800.0,9.85,B
2021-07-27T10:37:52,7000.0,9.85,B
2021-07-27T10:37:46,2000.0,9.85,B
2021-07-27T10:37:40,1500.0,9.85,B
2021-07-27T10:37:31,10000.0,9.85,B
2021-07-27T10:37:06,3400.0,9.84,S
2021-07-27T10:36:44,4600.0,9.84,B
2021-07-27T10:36:43,1500.0,9.84,B
2021-07-27T10:36:35,100.0,9.82,S
2021-07-27T10:36:34,1000.0,9.82,B
2021-07-27T10:35:43,1000.0,9.82,B
2021-07-27T10:35:42,1400.0,9.8,S
2021-07-27T10:35:32,1700.0,9.81,B
2021-07-27T10:35:32,200.0,9.81,B
2021-07-27T10:35:22,3000.0,9.8,S
2021-07-27T10:35:15,34800.0,9.8,B
2021-07-27T10:35:15,300.0,9.8,B
2021-07-27T10:35:06,700.0,9.8,B
2021-07-27T10:35:05,100.0,9.8,B
2021-07-27T10:35:05,200.0,9.8,B
2021-07-27T10:35:04,100.0,9.8,B
2021-07-27T10:34:44,11100.0,9.78,B
2021-07-27T10:34:44,63500.0,9.78,B
2021-07-27T10:34:44,300.0,9.78,B
2021-07-27T10:34:16,800.0,9.77,S
2021-07-27T10:34:15,10000.0,9.78,B
2021-07-27T10:34:14,2200.0,9.77,B
2021-07-27T10:34:03,1800.0,9.77,S
2021-07-27T10:33:58,1000.0,9.77,S
2021-07-27T10:33:42,400.0,9.77,S
2021-07-27T10:33:42,600.0,9.77,S
2021-07-27T10:33:16,5000.0,9.77,S
2021-07-27T10:33:06,1000.0,9.77,S
2021-07-27T10:33:03,1800.0,9.77,S
2021-07-27T10:32:55,1300.0,9.77,S
2021-07-27T10:32:55,1200.0,9.77,S
2021-07-27T10:32:55,500.0,9.77,S
2021-07-27T10:32:43,2000.0,9.77,S
2021-07-27T10:32:37,2000.0,9.78,B
2021-07-27T10:32:23,3000.0,9.77,S
2021-07-27T10:32:00,500.0,9.78,B
2021-07-27T10:31:58,5000.0,9.77,S
2021-07-27T10:31:23,100.0,9.78,B
2021-07-27T10:31:07,300.0,9.78,B
2021-07-27T10:31:01,4500.0,9.77,S
2021-07-27T10:30:56,2000.0,9.78,B
2021-07-27T10:30:55,3000.0,9.77,S
2021-07-27T10:30:53,1000.0,9.78,B
2021-07-27T10:30:51,500.0,9.78,B
2021-07-27T10:30:42,1000.0,9.78,B
2021-07-27T10:30:41,900.0,9.78,B
2021-07-27T10:30:35,37900.0,9.78,S
2021-07-27T10:30:26,8500.0,9.8,B
2021-07-27T10:30:26,200.0,9.8,B
2021-07-27T10:30:14,1400.0,9.8,B
2021-07-27T10:30:06,100.0,9.8,B
2021-07-27T10:30:06,400.0,9.8,B
2021-07-27T10:30:02,200.0,9.8,B
2021-07-27T10:30:01,100.0,9.8,B
2021-07-27T10:29:54,1000.0,9.8,B
2021-07-27T10:29:49,5000.0,9.8,S
2021-07-27T10:29:34,1600.0,9.8,S
2021-07-27T10:29:17,500.0,9.8,S
2021-07-27T10:28:45,29100.0,9.8,B
2021-07-27T10:28:36,3000.0,9.78,S
2021-07-27T10:28:22,2800.0,9.78,B
2021-07-27T10:28:17,800.0,9.78,B
2021-07-27T10:28:07,1000.0,9.78,B
2021-07-27T10:27:52,100.0,9.78,B
2021-07-27T10:27:45,4000.0,9.78,B
2021-07-27T10:27:34,800.0,9.78,S
2021-07-27T10:27:33,200.0,9.78,S
2021-07-27T10:27:02,1000.0,9.77,S
2021-07-27T10:27:01,1000.0,9.8,B
2021-07-27T10:26:50,200.0,9.8,B
2021-07-27T10:26:00,700.0,9.8,B
2021-07-27T10:25:45,400.0,9.8,B
2021-07-27T10:25:19,1000.0,9.8,B
2021-07-27T10:25:15,1000.0,9.77,S
2021-07-27T10:25:05,700.0,9.8,B
2021-07-27T10:25:04,100.0,9.79,B
2021-07-27T10:25:04,100.0,9.79,B
2021-07-27T10:25:01,1000.0,9.79,B
2021-07-27T10:24:50,1000.0,9.75,S
2021-07-27T10:24:50,500.0,9.75,S
2021-07-27T10:24:50,500.0,9.76,S
2021-07-27T10:24:50,2000.0,9.76,S
2021-07-27T10:24:38,700.0,9.75,S
2021-07-27T10:24:38,100.0,9.75,S
2021-07-27T10:24:38,1100.0,9.75,S
2021-07-27T10:24:38,2200.0,9.75,S
2021-07-27T10:24:38,2500.0,9.75,S
2021-07-27T10:24:38,2100.0,9.75,S
2021-07-27T10:24:38,21700.0,9.75,S
2021-07-27T10:24:38,21000.0,9.76,S
2021-07-27T10:24:36,1000.0,9.76,S
2021-07-27T10:24:35,20000.0,9.77,B
2021-07-27T10:24:17,100.0,9.76,B
2021-07-27T10:24:16,6000.0,9.76,B
2021-07-27T10:24:11,1000.0,9.76,B
2021-07-27T10:24:10,1000.0,9.76,B
2021-07-27T10:24:08,200.0,9.76,B
2021-07-27T10:24:08,100.0,9.76,B
2021-07-27T10:24:06,500.0,9.76,B
2021-07-27T10:24:05,1000.0,9.76,B
2021-07-27T10:24:02,10000.0,9.76,B
2021-07-27T10:24:00,400.0,9.76,B
2021-07-27T10:23:55,200.0,9.76,B
2021-07-27T10:23:48,500.0,9.76,B
2021-07-27T10:23:40,100.0,9.75,S
2021-07-27T10:23:37,500.0,9.76,B
2021-07-27T10:23:35,5000.0,9.75,S
2021-07-27T10:23:31,1200.0,9.75,S
2021-07-27T10:23:23,300.0,9.76,B
2021-07-27T10:23:17,500.0,9.76,B
2021-07-27T10:23:17,200.0,9.76,B
2021-07-27T10:23:16,1200.0,9.76,S
2021-07-27T10:23:14,400.0,9.76,S
2021-07-27T10:23:14,4600.0,9.76,S
2021-07-27T10:23:14,600.0,9.76,S
2021-07-27T10:23:14,1700.0,9.76,S
2021-07-27T10:23:12,1000.0,9.76,S
2021-07-27T10:23:07,1000.0,9.77,B
2021-07-27T10:23:01,300.0,9.76,S
2021-07-27T10:23:00,500.0,9.76,S
2021-07-27T10:22:58,3000.0,9.76,S
2021-07-27T10:22:48,300.0,9.76,S
2021-07-27T10:22:46,2500.0,9.76,S
2021-07-27T10:22:43,5000.0,9.76,S
2021-07-27T10:22:43,200.0,9.77,B
2021-07-27T10:22:40,1000.0,9.77,B
2021-07-27T10:22:39,500.0,9.77,B
2021-07-27T10:22:34,500.0,9.77,B
2021-07-27T10:22:34,3000.0,9.77,B
2021-07-27T10:22:32,500.0,9.77,B
2021-07-27T10:22:31,700.0,9.76,S
2021-07-27T10:22:25,100.0,9.77,B
2021-07-27T10:22:22,10500.0,9.77,S
2021-07-27T10:22:22,1000.0,9.77,S
2021-07-27T10:22:22,2700.0,9.77,S
2021-07-27T10:22:15,1100.0,9.79,S
2021-07-27T10:22:10,500.0,9.8,B
2021-07-27T10:21:50,1200.0,9.79,S
2021-07-27T10:21:48,200.0,9.79,S
2021-07-27T10:21:40,1200.0,9.79,S
2021-07-27T10:21:37,4400.0,9.79,B
2021-07-27T10:21:32,2900.0,9.78,S
2021-07-27T10:21:29,400.0,9.79,B
2021-07-27T10:21:07,200.0,9.79,B
2021-07-27T10:21:00,5000.0,9.79,S
2021-07-27T10:20:45,100.0,9.8,B
2021-07-27T10:20:33,5100.0,9.8,S
2021-07-27T10:20:33,500.0,9.8,S
2021-07-27T10:20:33,4600.0,9.8,S
2021-07-27T10:20:26,1300.0,9.8,S
2021-07-27T10:20:13,1000.0,9.81,B
2021-07-27T10:20:08,5000.0,9.8,S
2021-07-27T10:20:04,400.0,9.81,B
2021-07-27T10:20:04,5000.0,9.81,B
2021-07-27T10:20:02,100.0,9.81,B
2021-07-27T10:19:31,1000.0,9.81,B
2021-07-27T10:19:28,100.0,9.81,B
2021-07-27T10:19:02,400.0,9.81,B
2021-07-27T10:18:50,800.0,9.8,S
2021-07-27T10:18:44,7400.0,9.76,S
2021-07-27T10:18:44,1700.0,9.78,S
2021-07-27T10:18:44,1800.0,9.79,S
2021-07-27T10:18:44,7100.0,9.8,S
2021-07-27T10:18:44,10000.0,9.8,S
2021-07-27T10:18:35,500.0,9.8,S
2021-07-27T10:18:31,2400.0,9.8,B
2021-07-27T10:18:23,300.0,9.8,B
2021-07-27T10:18:21,300.0,9.8,B
2021-07-27T10:18:19,1300.0,9.8,S
2021-07-27T10:18:10,100.0,9.8,S
2021-07-27T10:18:10,700.0,9.8,S
2021-07-27T10:18:10,2100.0,9.8,S
2021-07-27T10:17:59,15900.0,9.8,S
2021-07-27T10:17:59,100.0,9.8,S
2021-07-27T10:17:58,3300.0,9.8,S
2021-07-27T10:17:54,14000.0,9.8,S
2021-07-27T10:17:37,2200.0,9.8,S
2021-07-27T10:17:26,1000.0,9.83,B
2021-07-27T10:17:24,1400.0,9.8,S
2021-07-27T10:17:24,600.0,9.82,S
2021-07-27T10:17:24,3000.0,9.82,S
2021-07-27T10:17:17,3400.0,9.83,B
2021-07-27T10:17:14,1000.0,9.82,S
2021-07-27T10:17:05,2000.0,9.82,B
2021-07-27T10:17:01,10300.0,9.8,S
2021-07-27T10:17:01,3000.0,9.8,S
2021-07-27T10:17:01,6000.0,9.8,S
2021-07-27T10:17:01,1700.0,9.8,S
2021-07-27T10:17:01,7100.0,9.8,S
2021-07-27T10:17:01,600.0,9.8,S
2021-07-27T10:17:01,300.0,9.8,S
2021-07-27T10:17:01,100.0,9.8,S
2021-07-27T10:17:01,20900.0,9.8,S
2021-07-27T10:16:45,100.0,9.81,S
2021-07-27T10:16:29,300.0,9.81,S
2021-07-27T10:16:28,800.0,9.81,S
2021-07-27T10:16:15,900.0,9.81,S
2021-07-27T10:16:10,1000.0,9.81,S
2021-07-27T10:16:09,100.0,9.8,S
2021-07-27T10:16:03,7000.0,9.8,S
2021-07-27T10:16:01,200.0,9.82,B
2021-07-27T10:15:50,2000.0,9.8,S
2021-07-27T10:15:36,1800.0,9.82,B
2021-07-27T10:15:27,200.0,9.8,S
2021-07-27T10:15:21,100.0,9.81,B
2021-07-27T10:15:05,1100.0,9.82,B
2021-07-27T10:15:04,400.0,9.82,B
2021-07-27T10:15:04,300.0,9.82,B
2021-07-27T10:15:04,200.0,9.81,B
2021-07-27T10:14:58,200.0,9.8,S
2021-07-27T10:14:58,1000.0,9.8,S
2021-07-27T10:14:49,10300.0,9.8,S
2021-07-27T10:14:49,2000.0,9.8,S
2021-07-27T10:14:49,1200.0,9.8,S
2021-07-27T10:14:49,3800.0,9.8,S
2021-07-27T10:14:49,2000.0,9.8,S
2021-07-27T10:14:49,1000.0,9.8,S
2021-07-27T10:14:49,1300.0,9.8,S
2021-07-27T10:14:49,20400.0,9.8,S
2021-07-27T10:14:49,8000.0,9.8,S
2021-07-27T10:14:22,2900.0,9.8,S
2021-07-27T10:14:22,24100.0,9.8,S
2021-07-27T10:14:22,2300.0,9.81,S
2021-07-27T10:14:22,700.0,9.81,S
2021-07-27T10:14:15,100.0,9.81,S
2021-07-27T10:14:08,1500.0,9.81,S
2021-07-27T10:14:08,1800.0,9.81,S
2021-07-27T10:13:58,800.0,9.81,S
2021-07-27T10:13:38,2000.0,9.81,S
2021-07-27T10:13:36,700.0,9.82,B
2021-07-27T10:13:36,2200.0,9.82,B
2021-07-27T10:13:24,2000.0,9.82,B
2021-07-27T10:13:23,300.0,9.82,B
2021-07-27T10:13:23,100.0,9.82,B
2021-07-27T10:13:13,100.0,9.82,B
2021-07-27T10:13:13,100.0,9.82,B
2021-07-27T10:13:08,1000.0,9.82,B
2021-07-27T10:12:58,200.0,9.82,B
2021-07-27T10:12:47,1000.0,9.82,S
2021-07-27T10:12:33,5000.0,9.83,B
2021-07-27T10:12:28,1000.0,9.83,B
2021-07-27T10:12:09,100.0,9.83,B
2021-07-27T10:12:07,100.0,9.83,B
2021-07-27T10:12:04,48700.0,9.81,S
2021-07-27T10:12:04,1000.0,9.82,S
2021-07-27T10:12:04,30300.0,9.82,S
2021-07-27T10:11:47,100.0,9.83,B
2021-07-27T10:11:40,100.0,9.83,B
2021-07-27T10:11:04,500.0,9.83,B
2021-07-27T10:10:45,500.0,9.83,B
2021-07-27T10:10:45,1000.0,9.82,S
2021-07-27T10:10:30,100.0,9.83,B
2021-07-27T10:10:09,500.0,9.83,B
2021-07-27T10:10:06,1800.0,9.82,S
2021-07-27T10:10:05,500.0,9.83,B
2021-07-27T10:10:00,300.0,9.83,B
2021-07-27T10:09:50,1000.0,9.83,B
2021-07-27T10:09:43,100.0,9.83,B
2021-07-27T10:09:43,1000.0,9.82,S
2021-07-27T10:09:39,100.0,9.82,S
2021-07-27T10:09:31,200.0,9.83,B
2021-07-27T10:09:26,1000.0,9.83,B
2021-07-27T10:08:51,1500.0,9.83,B
2021-07-27T10:08:49,100.0,9.82,S
2021-07-27T10:08:25,300.0,9.83,B
2021-07-27T10:08:16,600.0,9.83,B
2021-07-27T10:08:03,1000.0,9.83,S
2021-07-27T10:07:50,1100.0,9.83,S
2021-07-27T10:07:50,2000.0,9.83,S
2021-07-27T10:07:50,1700.0,9.83,S
2021-07-27T10:07:50,200.0,9.83,S
2021-07-27T10:07:50,4600.0,9.83,S
2021-07-27T10:07:31,100.0,9.83,S
2021-07-27T10:07:08,500.0,9.83,S
2021-07-27T10:06:58,500.0,9.84,S
2021-07-27T10:06:53,100.0,9.83,S
2021-07-27T10:06:42,400.0,9.84,S
2021-07-27T10:06:34,500.0,9.84,S
2021-07-27T10:05:48,1500.0,9.83,S
2021-07-27T10:05:39,400.0,9.83,S
2021-07-27T10:05:14,1000.0,9.85,B
2021-07-27T10:05:04,600.0,9.85,B
2021-07-27T10:05:03,200.0,9.85,B
2021-07-27T10:05:03,100.0,9.85,B
2021-07-27T10:04:38,5000.0,9.83,S
2021-07-27T10:04:17,500.0,9.85,B
2021-07-27T10:04:09,200.0,9.85,B
2021-07-27T10:03:57,100.0,9.85,B
2021-07-27T10:03:55,5800.0,9.85,S
2021-07-27T10:03:41,7800.0,9.85,S
2021-07-27T10:03:36,100.0,9.86,B
2021-07-27T10:03:24,100.0,9.86,S
2021-07-27T10:03:11,100.0,9.86,S
2021-07-27T10:03:10,4800.0,9.86,B
2021-07-27T10:02:52,5000.0,9.86,B
2021-07-27T10:02:41,300.0,9.86,B
2021-07-27T10:02:27,1000.0,9.86,B
2021-07-27T10:02:21,7700.0,9.85,B
2021-07-27T10:02:07,500.0,9.85,B
2021-07-27T10:01:44,200.0,9.85,B
2021-07-27T10:00:54,200.0,9.85,B
2021-07-27T10:00:42,500.0,9.85,B
2021-07-27T10:00:24,1400.0,9.85,B
2021-07-27T10:00:11,200.0,9.85,B
2021-07-27T10:00:06,600.0,9.85,B
2021-07-27T10:00:05,200.0,9.85,B
2021-07-27T10:00:04,100.0,9.85,B
2021-07-27T10:00:03,100.0,9.85,B
2021-07-27T09:59:50,5000.0,9.85,B
2021-07-27T09:59:44,5000.0,9.82,S
2021-07-27T09:59:43,5000.0,9.85,B
2021-07-27T09:59:30,100.0,9.82,B
2021-07-27T09:59:27,500.0,9.82,B
2021-07-27T09:59:16,200.0,9.82,B
2021-07-27T09:58:50,1000.0,9.8,S
2021-07-27T09:58:22,100.0,9.8,S
2021-07-27T09:58:20,200.0,9.82,B
2021-07-27T09:58:19,3000.0,9.8,S
2021-07-27T09:58:13,6400.0,9.8,S
2021-07-27T09:58:07,17000.0,9.8,S
2021-07-27T09:58:05,7400.0,9.81,B
2021-07-27T09:58:01,5000.0,9.8,S
2021-07-27T09:57:56,3200.0,9.81,S
2021-07-27T09:57:50,50000.0,9.81,S
2021-07-27T09:57:48,500.0,9.84,B
2021-07-27T09:57:48,2900.0,9.83,S
2021-07-27T09:57:41,100.0,9.84,B
2021-07-27T09:57:35,500.0,9.82,S
2021-07-27T09:57:32,200.0,9.84,S
2021-07-27T09:57:30,1000.0,9.85,B
2021-07-27T09:56:58,100.0,9.85,B
2021-07-27T09:56:41,200.0,9.85,B
2021-07-27T09:56:40,4700.0,9.85,S
2021-07-27T09:56:40,16300.0,9.85,S
2021-07-27T09:56:40,21300.0,9.85,S
2021-07-27T09:56:38,500.0,9.86,S
2021-07-27T09:56:38,34100.0,9.86,S
2021-07-27T09:56:16,1200.0,9.86,S
2021-07-27T09:56:16,3500.0,9.86,S
2021-07-27T09:56:16,1600.0,9.87,S
2021-07-27T09:56:16,700.0,9.87,S
2021-07-27T09:56:16,2000.0,9.87,S
2021-07-27T09:56:16,11000.0,9.88,S
2021-07-27T09:56:08,1000.0,9.88,S
2021-07-27T09:56:03,8000.0,9.88,S
2021-07-27T09:55:59,2000.0,9.88,S
2021-07-27T09:55:41,200.0,9.9,B
2021-07-27T09:55:22,34900.0,9.87,S
2021-07-27T09:55:22,6100.0,9.88,S
2021-07-27T09:55:04,5000.0,9.88,S
2021-07-27T09:54:59,200.0,9.9,B
2021-07-27T09:54:52,100.0,9.89,S
2021-07-27T09:54:21,1500.0,9.9,B
2021-07-27T09:54:04,11400.0,9.9,B
2021-07-27T09:53:54,1000.0,9.9,S
2021-07-27T09:52:34,7000.0,9.9,S
2021-07-27T09:52:34,3000.0,9.9,B
2021-07-27T09:52:34,9200.0,9.9,B
2021-07-27T09:52:32,1000.0,9.9,B
2021-07-27T09:52:07,100.0,9.9,B
2021-07-27T09:51:34,800.0,9.9,B
2021-07-27T09:51:34,100.0,9.9,B
2021-07-27T09:51:25,300.0,9.9,B
2021-07-27T09:51:05,500.0,9.9,B
2021-07-27T09:51:01,2000.0,9.9,B
2021-07-27T09:50:22,100.0,9.9,B
2021-07-27T09:50:05,900.0,9.9,B
2021-07-27T09:49:53,900.0,9.9,B
2021-07-27T09:49:15,2000.0,9.9,B
2021-07-27T09:48:44,200.0,9.9,S
2021-07-27T09:48:42,4800.0,9.9,S
2021-07-27T09:48:11,2500.0,9.9,S
2021-07-27T09:48:09,1300.0,9.88,S
2021-07-27T09:47:51,800.0,9.9,B
2021-07-27T09:47:42,2700.0,9.9,B
2021-07-27T09:47:42,100.0,9.9,B
2021-07-27T09:47:42,600.0,9.9,B
2021-07-27T09:47:42,9800.0,9.9,B
2021-07-27T09:47:42,800.0,9.9,B
2021-07-27T09:46:32,5000.0,9.9,B
2021-07-27T09:46:23,400.0,9.9,B
2021-07-27T09:45:51,400.0,9.9,B
2021-07-27T09:45:51,4800.0,9.9,B
2021-07-27T09:45:41,400.0,9.9,B
2021-07-27T09:45:03,1100.0,9.9,B
2021-07-27T09:45:03,500.0,9.9,B
2021-07-27T09:45:02,200.0,9.89,B
2021-07-27T09:44:06,700.0,9.86,S
2021-07-27T09:43:47,100.0,9.86,S
2021-07-27T09:43:34,600.0,9.87,S
2021-07-27T09:43:30,7400.0,9.87,S
2021-07-27T09:43:16,3000.0,9.87,S
2021-07-27T09:43:07,100.0,9.87,S
2021-07-27T09:43:01,500.0,9.87,B
2021-07-27T09:42:56,800.0,9.87,B
2021-07-27T09:42:27,1700.0,9.87,B
2021-07-27T09:42:27,2000.0,9.87,S
2021-07-27T09:41:50,7900.0,9.87,B
2021-07-27T09:41:47,200.0,9.87,B
2021-07-27T09:41:35,500.0,9.87,B
2021-07-27T09:41:34,500.0,9.87,B
2021-07-27T09:41:32,100.0,9.87,B
2021-07-27T09:41:22,3900.0,9.87,S
2021-07-27T09:40:52,5000.0,9.87,S
2021-07-27T09:40:41,500.0,9.87,B
2021-07-27T09:40:41,1200.0,9.87,B
2021-07-27T09:40:41,300.0,9.87,B
2021-07-27T09:40:37,1000.0,9.87,B
2021-07-27T09:40:34,900.0,9.87,B
2021-07-27T09:40:34,100.0,9.87,B
2021-07-27T09:40:29,20000.0,9.87,B
2021-07-27T09:40:03,1000.0,9.87,B
2021-07-27T09:40:02,100.0,9.87,B
2021-07-27T09:40:02,100.0,9.87,B
2021-07-27T09:39:48,1000.0,9.86,S
2021-07-27T09:39:45,600.0,9.86,B
2021-07-27T09:39:45,3600.0,9.86,B
2021-07-27T09:39:21,2800.0,9.86,S
2021-07-27T09:39:21,14800.0,9.86,S
2021-07-27T09:39:10,500.0,9.87,B
2021-07-27T09:39:01,700.0,9.87,S
2021-07-27T09:38:59,700.0,9.87,S
2021-07-27T09:38:57,1000.0,9.87,B
2021-07-27T09:38:57,3600.0,9.87,B
2021-07-27T09:38:46,10000.0,9.87,B
2021-07-27T09:38:44,5000.0,9.86,S
2021-07-27T09:38:32,3300.0,9.87,B
2021-07-27T09:38:05,200.0,9.87,B
2021-07-27T09:37:57,200.0,9.87,B
2021-07-27T09:37:31,13000.0,9.87,B
2021-07-27T09:37:26,400.0,9.87,B
2021-07-27T09:37:25,400.0,9.87,B
2021-07-27T09:37:00,1700.0,9.87,S
2021-07-27T09:36:52,1600.0,9.87,S
2021-07-27T09:36:52,1200.0,9.88,B
2021-07-27T09:36:51,2000.0,9.87,S
2021-07-27T09:36:32,100.0,9.88,B
2021-07-27T09:36:30,100.0,9.88,S
2021-07-27T09:36:22,200.0,9.88,S
2021-07-27T09:35:54,5200.0,9.88,S
2021-07-27T09:35:45,1400.0,9.87,S
2021-07-27T09:35:30,2800.0,9.87,S
2021-07-27T09:35:15,10500.0,9.87,S
2021-07-27T09:35:15,1000.0,9.89,B
2021-07-27T09:35:11,100.0,9.89,B
2021-07-27T09:35:03,1300.0,9.9,B
2021-07-27T09:35:03,500.0,9.9,B
2021-07-27T09:35:01,200.0,9.9,B
2021-07-27T09:35:01,200.0,9.88,B
2021-07-27T09:34:50,200.0,9.88,S
2021-07-27T09:34:41,100.0,9.89,S
2021-07-27T09:34:39,200.0,9.9,B
2021-07-27T09:33:40,1000.0,9.9,B
2021-07-27T09:33:16,500.0,9.9,B
2021-07-27T09:33:03,10000.0,9.9,B
2021-07-27T09:32:42,100.0,9.9,B
2021-07-27T09:32:42,100.0,9.9,S
2021-07-27T09:32:42,21600.0,9.9,S
2021-07-27T09:32:12,100.0,9.9,S
2021-07-27T09:32:03,5000.0,9.92,B
2021-07-27T09:32:03,5000.0,9.9,S
2021-07-27T09:31:59,3000.0,9.9,S
2021-07-27T09:31:53,5000.0,9.9,S
2021-07-27T09:31:26,25000.0,9.9,S
2021-07-27T09:31:21,400.0,9.92,B
2021-07-27T09:31:21,1700.0,9.92,B
2021-07-27T09:30:52,1300.0,9.92,S
2021-07-27T09:30:45,100.0,9.93,B
2021-07-27T09:30:20,1000.0,9.93,B
2021-07-27T09:30:14,100.0,9.93,B
2021-07-27T09:30:14,100.0,9.93,B
2021-07-27T09:30:08,100.0,9.93,B
2021-07-27T09:29:52,2000.0,9.93,B
2021-07-27T09:29:47,200.0,9.93,B
2021-07-27T09:29:44,200.0,9.93,B
2021-07-27T09:29:40,200.0,9.93,B
2021-07-27T09:29:29,25000.0,9.93,B
2021-07-27T09:29:29,800.0,9.93,B
2021-07-27T09:29:16,40000.0,9.93,B
2021-07-27T09:29:06,29300.0,9.9,S
2021-07-27T09:29:06,700.0,9.92,S
2021-07-27T09:28:47,500.0,9.92,B
2021-07-27T09:28:38,300.0,9.9,S
2021-07-27T09:27:53,2200.0,9.9,B
2021-07-27T09:27:53,12700.0,9.9,B
2021-07-27T09:27:53,11900.0,9.9,B
2021-07-27T09:27:50,100.0,9.88,S
2021-07-27T09:27:42,500.0,9.9,B
2021-07-27T09:27:42,700.0,9.9,B
2021-07-27T09:27:39,300.0,9.9,B
2021-07-27T09:27:15,1000.0,9.9,B
2021-07-27T09:27:11,1000.0,9.87,S
2021-07-27T09:27:00,1000.0,9.87,S
2021-07-27T09:26:39,5000.0,9.87,S
2021-07-27T09:26:35,300.0,9.87,S
2021-07-27T09:26:31,1000.0,9.87,S
2021-07-27T09:26:23,100.0,9.87,S
2021-07-27T09:26:17,200.0,9.87,B
2021-07-27T09:26:05,24700.0,9.86,S
2021-07-27T09:25:52,5000.0,9.87,S
2021-07-27T09:25:46,10000.0,9.89,B
2021-07-27T09:25:40,100.0,9.87,S
2021-07-27T09:25:35,1100.0,9.87,S
2021-07-27T09:24:45,1800.0,9.87,S
2021-07-27T09:24:42,1500.0,9.87,B
2021-07-27T09:24:42,300.0,9.86,S
2021-07-27T09:24:32,100.0,9.87,B
2021-07-27T09:24:16,38600.0,9.87,S
2021-07-27T09:23:26,300.0,9.9,B
2021-07-27T09:23:18,100.0,9.87,S
2021-07-27T09:23:18,50000.0,9.87,S
2021-07-27T09:22:24,100.0,9.87,S
2021-07-27T09:22:22,20000.0,9.9,B
2021-07-27T09:22:07,4500.0,9.87,S
2021-07-27T09:22:02,1000.0,9.9,B
2021-07-27T09:21:56,200.0,9.87,S
2021-07-27T09:21:54,200.0,9.87,S
2021-07-27T09:21:40,1000.0,9.87,S
2021-07-27T09:21:19,100.0,9.87,S
2021-07-27T09:21:05,100.0,9.87,S
2021-07-27T09:20:51,2000.0,9.9,B
2021-07-27T09:20:26,1000.0,9.86,S
2021-07-27T09:20:16,15000.0,9.86,S
2021-07-27T09:20:14,1800.0,9.9,B
2021-07-27T09:20:14,8200.0,9.9,B
2021-07-27T09:20:10,200.0,9.9,B
2021-07-27T09:20:00,400.0,9.89,S
2021-07-27T09:19:58,800.0,9.9,B
2021-07-27T09:19:51,200.0,9.9,B
2021-07-27T09:19:48,100.0,9.9,S
2021-07-27T09:19:48,24000.0,9.9,S
2021-07-27T09:19:48,19000.0,9.9,S
2021-07-27T09:19:47,2000.0,9.9,S
2021-07-27T09:19:37,5000.0,9.9,S
2021-07-27T09:19:36,200.0,9.9,S
2021-07-27T09:19:25,100000.0,9.9,S
2021-07-27T09:19:24,2200.0,9.93,B
2021-07-27T09:19:17,100.0,9.93,S
2021-07-27T09:19:15,700.0,9.93,S
2021-07-27T09:19:14,100000.0,9.9,S
2021-07-27T09:19:01,14700.0,9.91,S
2021-07-27T09:18:57,5000.0,9.92,S
2021-07-27T09:18:55,7200.0,9.93,B
2021-07-27T09:18:54,2000.0,9.93,B
2021-07-27T09:18:52,2000.0,9.92,S
2021-07-27T09:18:42,800.0,9.93,S
2021-07-27T09:18:30,1000.0,9.93,B
2021-07-27T09:18:28,300.0,9.92,S
2021-07-27T09:18:28,10000.0,9.93,B
2021-07-27T09:18:17,1500.0,9.92,S
2021-07-27T09:18:13,6000.0,9.93,S
2021-07-27T09:18:09,2000.0,9.95,B
2021-07-27T09:18:07,200.0,9.95,B
2021-07-27T09:18:04,100.0,9.95,B
2021-07-27T09:18:00,100.0,9.95,B
2021-07-27T09:17:54,2000.0,9.95,S
2021-07-27T09:17:43,2000.0,9.97,B
2021-07-27T09:17:41,100.0,9.97,S
2021-07-27T09:17:27,200.0,9.98,B
2021-07-27T09:17:23,5000.0,9.97,S
2021-07-27T09:17:03,10000.0,9.99,B
2021-07-27T09:17:02,5000.0,9.97,S
2021-07-27T09:16:56,1600.0,9.98,S
2021-07-27T09:16:48,100.0,9.99,B
2021-07-27T09:16:29,5600.0,9.99,S
2021-07-27T09:16:24,18400.0,9.99,B
2021-07-27T09:16:21,1300.0,9.98,B
2021-07-27T09:16:03,300.0,9.99,B
2021-07-27T09:15:43,20000.0,10.0,B
2021-07-27T09:15:21,5000.0,9.91,S
2021-07-27T09:15:21,5000.0,9.95,S
2021-07-27T09:15:19,100000.0,10.0,S
2021-07-27T09:15:09,2400.0,10.0,B
2021-07-27T09:15:09,400.0,10.0,B
2021-07-27T09:15:09,93400.0,10.0,B
