tradingTime,volume,price,side
2021-07-27T14:29:42,500.0,30.6,S
2021-07-27T14:29:31,1000.0,30.6,S
2021-07-27T14:29:20,500.0,30.6,B
2021-07-27T14:28:41,1600.0,30.55,S
2021-07-27T14:28:41,100.0,30.55,S
2021-07-27T14:28:41,4000.0,30.55,S
2021-07-27T14:28:41,1200.0,30.6,S
2021-07-27T14:28:40,3100.0,30.6,S
2021-07-27T14:28:28,600.0,30.65,S
2021-07-27T14:28:28,2200.0,30.65,S
2021-07-27T14:28:00,600.0,30.65,S
2021-07-27T14:28:00,200.0,30.65,B
2021-07-27T14:27:43,1000.0,30.6,S
2021-07-27T14:27:33,1800.0,30.65,S
2021-07-27T14:26:58,1000.0,30.65,S
2021-07-27T14:26:39,1000.0,30.65,S
2021-07-27T14:26:27,200.0,30.65,S
2021-07-27T14:26:16,200.0,30.65,S
2021-07-27T14:25:59,100.0,30.7,B
2021-07-27T14:25:58,1000.0,30.7,B
2021-07-27T14:25:52,100.0,30.7,B
2021-07-27T14:25:38,100.0,30.7,B
2021-07-27T14:24:59,100.0,30.65,B
2021-07-27T14:24:51,200.0,30.6,S
2021-07-27T14:24:45,400.0,30.65,B
2021-07-27T14:23:59,10000.0,30.7,B
2021-07-27T14:22:04,400.0,30.6,S
2021-07-27T14:22:04,600.0,30.6,S
2021-07-27T14:21:32,600.0,30.6,S
2021-07-27T14:21:32,2100.0,30.6,S
2021-07-27T14:20:26,200.0,30.7,B
2021-07-27T14:20:11,100.0,30.65,S
2021-07-27T14:19:26,300.0,30.6,S
2021-07-27T14:19:26,3000.0,30.65,S
2021-07-27T14:19:11,900.0,30.65,S
2021-07-27T14:18:19,200.0,30.65,B
2021-07-27T14:18:11,200.0,30.65,B
2021-07-27T14:18:10,2000.0,30.65,B
2021-07-27T14:18:05,100.0,30.65,B
2021-07-27T14:17:50,200.0,30.65,B
2021-07-27T14:17:50,1600.0,30.65,B
2021-07-27T14:16:44,3700.0,30.65,B
2021-07-27T14:16:30,2700.0,30.6,S
2021-07-27T14:16:27,1800.0,30.6,S
2021-07-27T14:16:27,100.0,30.6,S
2021-07-27T14:15:29,100.0,30.6,B
2021-07-27T14:15:28,900.0,30.6,B
2021-07-27T14:15:17,100.0,30.6,S
2021-07-27T14:15:08,1000.0,30.6,S
2021-07-27T14:14:47,10000.0,30.5,S
2021-07-27T14:14:42,4300.0,30.65,B
2021-07-27T14:14:42,700.0,30.65,B
2021-07-27T14:14:07,1000.0,30.5,S
2021-07-27T14:14:00,400.0,30.5,S
2021-07-27T14:13:47,500.0,30.5,S
2021-07-27T14:13:47,1000.0,30.5,S
2021-07-27T14:13:47,3000.0,30.5,S
2021-07-27T14:13:47,6200.0,30.5,S
2021-07-27T14:13:41,10600.0,30.5,S
2021-07-27T14:13:17,500.0,30.6,S
2021-07-27T14:13:10,8200.0,30.5,S
2021-07-27T14:13:10,11800.0,30.5,S
2021-07-27T14:12:45,3000.0,30.5,S
2021-07-27T14:12:45,10300.0,30.5,S
2021-07-27T14:12:45,300.0,30.5,S
2021-07-27T14:12:45,3500.0,30.5,S
2021-07-27T14:12:45,400.0,30.5,S
2021-07-27T14:12:45,2000.0,30.5,S
2021-07-27T14:12:45,1100.0,30.55,S
2021-07-27T14:12:45,4300.0,30.55,S
2021-07-27T14:12:45,100.0,30.6,S
2021-07-27T14:12:30,1600.0,30.6,S
2021-07-27T14:11:59,1000.0,30.65,B
2021-07-27T14:11:37,1000.0,30.65,B
2021-07-27T14:11:26,100.0,30.6,B
2021-07-27T14:10:40,500.0,30.6,B
2021-07-27T14:10:21,2000.0,30.6,B
2021-07-27T14:10:04,100.0,30.6,B
2021-07-27T14:10:01,200.0,30.55,S
2021-07-27T14:09:59,500.0,30.6,S
2021-07-27T14:09:55,2900.0,30.6,B
2021-07-27T14:09:43,1100.0,30.6,S
2021-07-27T14:09:43,700.0,30.6,S
2021-07-27T14:09:43,800.0,30.6,S
2021-07-27T14:09:40,1000.0,30.6,S
2021-07-27T14:09:30,600.0,30.6,S
2021-07-27T14:09:30,4100.0,30.6,S
2021-07-27T14:09:30,100.0,30.6,S
2021-07-27T14:09:30,6000.0,30.6,S
2021-07-27T14:09:30,1500.0,30.6,S
2021-07-27T14:09:30,600.0,30.6,S
2021-07-27T14:09:30,17100.0,30.6,S
2021-07-27T14:09:18,200.0,30.65,B
2021-07-27T14:09:09,3100.0,30.6,S
2021-07-27T14:08:45,500.0,30.65,S
2021-07-27T14:08:45,2100.0,30.65,S
2021-07-27T14:08:44,100.0,30.65,S
2021-07-27T14:08:33,100.0,30.65,S
2021-07-27T14:08:20,4300.0,30.7,S
2021-07-27T14:08:19,3000.0,30.7,S
2021-07-27T14:08:19,500.0,30.7,S
2021-07-27T14:08:16,200.0,30.7,S
2021-07-27T14:08:10,3000.0,30.75,B
2021-07-27T14:07:52,3200.0,30.7,S
2021-07-27T14:07:52,1800.0,30.7,S
2021-07-27T14:07:52,200.0,30.7,S
2021-07-27T14:07:52,5500.0,30.7,S
2021-07-27T14:07:52,14300.0,30.7,S
2021-07-27T14:07:49,100.0,30.7,S
2021-07-27T14:07:32,100.0,30.7,S
2021-07-27T14:07:28,1000.0,30.7,S
2021-07-27T14:07:19,300.0,30.7,S
2021-07-27T14:07:12,300.0,30.7,S
2021-07-27T14:07:07,1500.0,30.7,S
2021-07-27T14:06:03,500.0,30.75,S
2021-07-27T14:05:48,400.0,30.75,S
2021-07-27T14:05:45,100.0,30.75,S
2021-07-27T14:05:45,4900.0,30.75,S
2021-07-27T14:05:37,2000.0,30.75,S
2021-07-27T14:05:33,1000.0,30.75,S
2021-07-27T14:05:12,500.0,30.8,B
2021-07-27T14:05:04,1000.0,30.8,B
2021-07-27T14:05:00,1800.0,30.8,S
2021-07-27T14:04:29,300.0,30.8,S
2021-07-27T14:02:30,300.0,30.8,S
2021-07-27T14:02:27,100.0,30.8,S
2021-07-27T14:00:50,1000.0,30.8,S
2021-07-27T14:00:39,500.0,30.8,S
2021-07-27T13:58:53,2000.0,30.8,S
2021-07-27T13:57:59,7300.0,30.8,S
2021-07-27T13:57:59,4600.0,30.8,S
2021-07-27T13:57:59,6600.0,30.8,S
2021-07-27T13:57:59,300.0,30.8,S
2021-07-27T13:57:59,4200.0,30.8,S
2021-07-27T13:57:40,1000.0,30.85,B
2021-07-27T13:57:23,1700.0,30.85,B
2021-07-27T13:57:08,800.0,30.85,S
2021-07-27T13:56:30,2500.0,30.85,S
2021-07-27T13:55:55,500.0,30.85,S
2021-07-27T13:52:22,1000.0,30.85,S
2021-07-27T13:50:00,500.0,30.8,S
2021-07-27T13:50:00,500.0,30.8,S
2021-07-27T13:49:55,1300.0,30.9,S
2021-07-27T13:49:38,600.0,30.9,B
2021-07-27T13:48:49,200.0,30.85,S
2021-07-27T13:46:08,400.0,30.85,S
2021-07-27T13:44:58,200.0,30.85,S
2021-07-27T13:44:52,500.0,30.85,S
2021-07-27T13:44:45,600.0,30.9,B
2021-07-27T13:44:45,400.0,30.9,B
2021-07-27T13:43:58,100.0,30.85,B
2021-07-27T13:43:07,1000.0,30.85,S
2021-07-27T13:43:07,700.0,30.9,B
2021-07-27T13:43:07,2800.0,30.9,B
2021-07-27T13:43:07,500.0,30.9,B
2021-07-27T13:42:39,3700.0,30.9,B
2021-07-27T13:41:47,800.0,30.9,B
2021-07-27T13:41:12,4000.0,30.85,S
2021-07-27T13:37:01,100.0,30.85,B
2021-07-27T13:37:01,1200.0,30.85,B
2021-07-27T13:36:36,100.0,30.85,B
2021-07-27T13:36:22,3000.0,30.8,S
2021-07-27T13:35:13,500.0,30.8,S
2021-07-27T13:34:35,1000.0,30.8,B
2021-07-27T13:34:31,5000.0,30.8,B
2021-07-27T13:33:56,500.0,30.8,B
2021-07-27T13:33:02,200.0,30.8,B
2021-07-27T13:32:29,4100.0,30.75,S
2021-07-27T13:32:21,2300.0,30.75,S
2021-07-27T13:31:58,1100.0,30.8,S
2021-07-27T13:31:58,1900.0,30.8,S
2021-07-27T13:31:50,1100.0,30.8,S
2021-07-27T13:31:50,1000.0,30.8,S
2021-07-27T13:31:50,900.0,30.8,S
2021-07-27T13:31:29,800.0,30.8,S
2021-07-27T13:31:24,400.0,30.8,S
2021-07-27T13:30:32,100.0,30.8,S
2021-07-27T13:30:21,100.0,30.85,B
2021-07-27T13:30:21,100.0,30.8,S
2021-07-27T13:30:12,100.0,30.8,S
2021-07-27T13:30:12,500.0,30.8,S
2021-07-27T13:30:07,300.0,30.8,S
2021-07-27T13:29:42,600.0,30.8,S
2021-07-27T13:29:41,4400.0,30.8,S
2021-07-27T13:29:33,300.0,30.85,B
2021-07-27T13:27:31,1000.0,30.85,B
2021-07-27T13:26:50,100.0,30.85,B
2021-07-27T13:25:28,200.0,30.85,B
2021-07-27T13:25:18,1000.0,30.85,B
2021-07-27T13:24:36,400.0,30.85,B
2021-07-27T13:24:36,600.0,30.85,B
2021-07-27T13:24:16,100.0,30.8,S
2021-07-27T13:23:47,100.0,30.8,S
2021-07-27T13:23:43,700.0,30.8,S
2021-07-27T13:23:18,5000.0,30.8,S
2021-07-27T13:23:17,1000.0,30.85,B
2021-07-27T13:22:58,1500.0,30.8,S
2021-07-27T13:22:17,300.0,30.85,B
2021-07-27T13:22:12,100.0,30.85,S
2021-07-27T13:21:21,2500.0,30.85,S
2021-07-27T13:20:10,300.0,30.85,S
2021-07-27T13:19:29,1000.0,30.9,B
2021-07-27T13:18:42,1000.0,30.9,B
2021-07-27T13:18:07,1000.0,30.9,B
2021-07-27T13:17:13,400.0,30.9,B
2021-07-27T13:14:06,5000.0,30.8,S
2021-07-27T13:13:11,500.0,30.8,S
2021-07-27T13:13:01,300.0,30.8,S
2021-07-27T13:13:01,500.0,30.8,S
2021-07-27T13:13:00,2100.0,30.8,S
2021-07-27T13:12:59,200.0,30.85,B
2021-07-27T13:12:59,1600.0,30.85,B
2021-07-27T13:12:47,1000.0,30.85,B
2021-07-27T13:11:46,300.0,30.85,S
2021-07-27T13:11:28,1000.0,30.85,S
2021-07-27T13:10:10,2000.0,30.85,S
2021-07-27T13:09:17,100.0,30.9,B
2021-07-27T13:08:56,500.0,30.9,B
2021-07-27T13:08:45,1000.0,30.9,B
2021-07-27T13:08:44,500.0,30.85,S
2021-07-27T13:08:02,100.0,30.9,S
2021-07-27T13:07:40,1000.0,30.9,S
2021-07-27T13:06:24,100.0,31.0,B
2021-07-27T13:05:51,1000.0,31.0,B
2021-07-27T13:03:42,500.0,30.9,B
2021-07-27T13:03:10,300.0,30.9,B
2021-07-27T13:02:31,500.0,30.9,B
2021-07-27T13:02:15,100.0,30.9,S
2021-07-27T13:01:19,100.0,30.95,S
2021-07-27T13:00:12,100.0,31.0,B
2021-07-27T13:00:11,100.0,31.0,B
2021-07-27T13:00:10,500.0,31.0,B
2021-07-27T13:00:09,1000.0,31.0,B
2021-07-27T13:00:09,100.0,31.0,B
2021-07-27T13:00:04,200.0,31.0,B
2021-07-27T11:29:13,5000.0,31.0,B
2021-07-27T11:28:50,400.0,31.0,B
2021-07-27T11:28:11,9000.0,31.0,B
2021-07-27T11:28:00,2300.0,30.95,S
2021-07-27T11:27:30,18000.0,30.95,S
2021-07-27T11:25:47,100.0,30.8,B
2021-07-27T11:25:23,200.0,30.8,S
2021-07-27T11:24:51,200.0,30.7,S
2021-07-27T11:24:06,500.0,30.7,S
2021-07-27T11:23:19,900.0,30.6,S
2021-07-27T11:23:19,2200.0,30.6,S
2021-07-27T11:23:19,200.0,30.65,S
2021-07-27T11:23:19,400.0,30.7,S
2021-07-27T11:23:19,100.0,30.7,S
2021-07-27T11:23:19,1100.0,30.7,S
2021-07-27T11:23:19,1500.0,30.7,S
2021-07-27T11:23:19,2000.0,30.7,S
2021-07-27T11:23:19,600.0,30.7,S
2021-07-27T11:23:19,10300.0,30.7,S
2021-07-27T11:23:19,1300.0,30.7,S
2021-07-27T11:23:19,28000.0,30.75,S
2021-07-27T11:23:19,500.0,30.75,S
2021-07-27T11:23:19,700.0,30.75,S
2021-07-27T11:23:19,3400.0,30.8,S
2021-07-27T11:23:19,2800.0,30.8,S
2021-07-27T11:23:19,700.0,30.8,S
2021-07-27T11:23:19,2400.0,30.8,S
2021-07-27T11:22:57,1000.0,30.8,S
2021-07-27T11:22:08,200.0,30.8,S
2021-07-27T11:22:08,700.0,30.8,S
2021-07-27T11:21:55,1000.0,30.8,S
2021-07-27T11:20:21,1000.0,30.8,S
2021-07-27T11:18:41,800.0,30.8,S
2021-07-27T11:18:20,1000.0,30.8,S
2021-07-27T11:17:40,700.0,30.8,S
2021-07-27T11:17:33,500.0,30.8,S
2021-07-27T11:16:26,100.0,30.9,B
2021-07-27T11:16:13,3000.0,30.8,S
2021-07-27T11:15:45,100.0,30.9,B
2021-07-27T11:15:32,100.0,30.9,S
2021-07-27T11:14:45,100.0,30.9,S
2021-07-27T11:14:43,400.0,30.9,S
2021-07-27T11:14:42,1000.0,30.95,B
2021-07-27T11:13:37,100.0,30.95,B
2021-07-27T11:13:19,200.0,30.95,B
2021-07-27T11:13:05,200.0,30.8,S
2021-07-27T11:12:13,3000.0,30.8,S
2021-07-27T11:12:13,300.0,30.85,S
2021-07-27T11:12:13,100.0,30.85,S
2021-07-27T11:12:13,1000.0,30.85,S
2021-07-27T11:12:13,2000.0,30.85,S
2021-07-27T11:12:13,800.0,30.85,S
2021-07-27T11:12:13,3000.0,30.85,S
2021-07-27T11:12:13,500.0,30.85,S
2021-07-27T11:12:13,300.0,30.85,S
2021-07-27T11:12:13,1100.0,30.85,S
2021-07-27T11:12:13,200.0,30.85,S
2021-07-27T11:12:13,800.0,30.85,S
2021-07-27T11:12:13,3000.0,30.9,S
2021-07-27T11:12:13,400.0,30.9,S
2021-07-27T11:12:13,200.0,30.9,S
2021-07-27T11:12:13,1700.0,30.9,S
2021-07-27T11:12:13,100.0,30.9,S
2021-07-27T11:12:13,3000.0,30.9,S
2021-07-27T11:12:13,1200.0,30.9,S
2021-07-27T11:12:13,100.0,30.9,S
2021-07-27T11:12:13,200.0,30.9,S
2021-07-27T11:12:13,100.0,30.9,S
2021-07-27T11:12:13,1500.0,30.9,S
2021-07-27T11:12:13,1000.0,30.9,S
2021-07-27T11:12:13,500.0,30.9,S
2021-07-27T11:12:13,300.0,30.9,S
2021-07-27T11:12:13,2200.0,30.9,S
2021-07-27T11:12:13,100.0,30.9,S
2021-07-27T11:12:13,500.0,30.9,S
2021-07-27T11:12:13,800.0,30.9,S
2021-07-27T11:11:54,600.0,30.95,S
2021-07-27T11:11:54,300.0,30.95,S
2021-07-27T11:11:54,700.0,30.95,S
2021-07-27T11:11:54,300.0,30.95,S
2021-07-27T11:11:52,900.0,30.95,S
2021-07-27T11:11:48,3300.0,30.95,S
2021-07-27T11:11:48,700.0,30.95,S
2021-07-27T11:10:41,100.0,30.95,S
2021-07-27T11:10:27,1000.0,30.95,S
2021-07-27T11:10:14,1000.0,31.0,B
2021-07-27T11:09:49,2000.0,31.0,B
2021-07-27T11:09:46,500.0,31.0,B
2021-07-27T11:09:26,1000.0,30.95,S
2021-07-27T11:06:56,100.0,31.0,B
2021-07-27T11:05:49,200.0,30.95,S
2021-07-27T11:03:55,400.0,31.0,B
2021-07-27T11:03:48,200.0,31.0,B
2021-07-27T11:03:33,100.0,31.0,B
2021-07-27T11:03:31,600.0,31.0,S
2021-07-27T11:02:54,1700.0,31.0,S
2021-07-27T11:02:54,300.0,31.0,S
2021-07-27T11:02:50,500.0,31.1,B
2021-07-27T11:02:40,2000.0,31.0,S
2021-07-27T11:02:35,900.0,31.0,S
2021-07-27T11:01:54,5000.0,31.0,S
2021-07-27T11:01:05,100.0,31.0,S
2021-07-27T10:58:21,100.0,31.0,S
2021-07-27T10:56:17,2400.0,31.0,B
2021-07-27T10:56:03,200.0,31.0,B
2021-07-27T10:55:51,1500.0,31.0,B
2021-07-27T10:55:48,200.0,31.0,B
2021-07-27T10:54:56,100.0,31.0,B
2021-07-27T10:54:51,200.0,31.0,B
2021-07-27T10:54:51,900.0,31.0,B
2021-07-27T10:54:44,600.0,31.0,B
2021-07-27T10:54:36,300.0,31.0,B
2021-07-27T10:54:06,100.0,31.0,B
2021-07-27T10:53:55,100.0,31.0,B
2021-07-27T10:53:19,1000.0,31.0,B
2021-07-27T10:52:57,800.0,31.0,B
2021-07-27T10:52:35,200.0,31.0,B
2021-07-27T10:51:15,300.0,31.0,B
2021-07-27T10:50:41,10000.0,31.0,B
2021-07-27T10:49:32,1000.0,31.0,B
2021-07-27T10:49:27,100.0,30.95,S
2021-07-27T10:46:40,2600.0,30.95,S
2021-07-27T10:45:49,3200.0,30.95,S
2021-07-27T10:44:25,2000.0,30.95,S
2021-07-27T10:44:22,500.0,30.95,S
2021-07-27T10:44:17,2000.0,30.95,S
2021-07-27T10:43:34,600.0,30.95,B
2021-07-27T10:43:31,1500.0,30.95,B
2021-07-27T10:43:22,900.0,30.95,S
2021-07-27T10:42:10,100.0,30.95,B
2021-07-27T10:39:33,1000.0,30.9,S
2021-07-27T10:39:20,300.0,30.95,S
2021-07-27T10:39:00,300.0,30.95,B
2021-07-27T10:38:59,400.0,30.95,B
2021-07-27T10:38:09,300.0,30.95,S
2021-07-27T10:37:29,100.0,30.95,B
2021-07-27T10:37:22,200.0,30.95,S
2021-07-27T10:37:08,300.0,30.95,S
2021-07-27T10:36:50,500.0,30.9,S
2021-07-27T10:36:49,100.0,30.9,S
2021-07-27T10:36:02,1000.0,30.9,S
2021-07-27T10:34:35,1000.0,30.9,S
2021-07-27T10:34:18,3100.0,30.9,B
2021-07-27T10:34:11,200.0,30.9,B
2021-07-27T10:34:08,200.0,30.9,S
2021-07-27T10:34:08,1500.0,30.9,S
2021-07-27T10:34:08,100.0,30.9,S
2021-07-27T10:34:08,200.0,30.9,S
2021-07-27T10:34:08,1700.0,30.9,S
2021-07-27T10:34:08,1100.0,30.9,S
2021-07-27T10:34:08,4400.0,30.9,S
2021-07-27T10:34:08,2400.0,30.9,S
2021-07-27T10:34:08,5100.0,30.95,S
2021-07-27T10:34:06,200.0,31.0,S
2021-07-27T10:34:06,800.0,31.0,S
2021-07-27T10:33:39,200.0,31.0,S
2021-07-27T10:32:54,100.0,31.05,B
2021-07-27T10:32:46,1000.0,31.05,B
2021-07-27T10:32:45,1000.0,31.05,B
2021-07-27T10:32:40,500.0,31.05,B
2021-07-27T10:32:06,200.0,31.05,B
2021-07-27T10:30:53,300.0,31.05,B
2021-07-27T10:30:24,800.0,31.0,B
2021-07-27T10:30:24,1000.0,31.0,B
2021-07-27T10:30:23,400.0,30.95,S
2021-07-27T10:30:23,500.0,30.95,S
2021-07-27T10:30:23,100.0,30.95,S
2021-07-27T10:30:17,100.0,31.0,B
2021-07-27T10:30:01,1400.0,31.0,B
2021-07-27T10:29:31,5000.0,31.0,B
2021-07-27T10:29:14,100.0,31.0,B
2021-07-27T10:28:50,800.0,31.0,B
2021-07-27T10:28:45,1500.0,31.0,S
2021-07-27T10:28:45,800.0,31.0,S
2021-07-27T10:28:31,1200.0,31.0,B
2021-07-27T10:28:28,1000.0,31.0,B
2021-07-27T10:28:26,300.0,31.0,B
2021-07-27T10:27:26,1400.0,31.0,B
2021-07-27T10:26:56,3100.0,31.0,S
2021-07-27T10:26:50,2100.0,31.0,S
2021-07-27T10:26:50,100.0,31.0,S
2021-07-27T10:26:50,800.0,31.0,S
2021-07-27T10:26:29,5000.0,31.0,S
2021-07-27T10:26:08,500.0,31.0,S
2021-07-27T10:26:08,100.0,31.1,B
2021-07-27T10:25:48,200.0,31.0,S
2021-07-27T10:25:47,1000.0,31.0,S
2021-07-27T10:25:43,500.0,31.1,B
2021-07-27T10:25:17,2000.0,31.1,B
2021-07-27T10:24:33,300.0,31.1,B
2021-07-27T10:23:23,500.0,31.1,B
2021-07-27T10:22:59,800.0,31.0,S
2021-07-27T10:22:13,500.0,31.0,B
2021-07-27T10:22:01,2900.0,31.0,B
2021-07-27T10:22:01,1800.0,31.0,B
2021-07-27T10:22:01,300.0,31.0,B
2021-07-27T10:21:47,1000.0,31.0,B
2021-07-27T10:21:27,1000.0,31.0,B
2021-07-27T10:20:18,1800.0,30.95,S
2021-07-27T10:19:15,100.0,30.95,S
2021-07-27T10:19:08,200.0,30.95,B
2021-07-27T10:19:05,100.0,30.95,B
2021-07-27T10:18:47,600.0,30.95,S
2021-07-27T10:18:44,400.0,30.95,S
2021-07-27T10:17:57,500.0,30.95,B
2021-07-27T10:17:44,500.0,30.9,S
2021-07-27T10:16:32,3200.0,30.9,B
2021-07-27T10:16:32,300.0,30.9,B
2021-07-27T10:16:18,700.0,30.9,B
2021-07-27T10:16:18,300.0,30.9,B
2021-07-27T10:16:14,3000.0,30.9,B
2021-07-27T10:16:09,1000.0,30.9,B
2021-07-27T10:15:51,300.0,30.9,B
2021-07-27T10:15:36,2000.0,30.9,B
2021-07-27T10:15:33,200.0,30.9,B
2021-07-27T10:15:25,1600.0,30.9,B
2021-07-27T10:15:23,100.0,30.9,B
2021-07-27T10:15:21,300.0,30.9,B
2021-07-27T10:15:12,700.0,30.9,B
2021-07-27T10:15:10,1000.0,30.9,S
2021-07-27T10:15:10,9500.0,30.9,S
2021-07-27T10:14:58,200.0,31.0,B
2021-07-27T10:14:56,1200.0,30.95,B
2021-07-27T10:14:51,800.0,30.95,B
2021-07-27T10:14:38,1000.0,30.95,B
2021-07-27T10:14:19,1000.0,30.95,S
2021-07-27T10:13:38,200.0,30.95,B
2021-07-27T10:13:04,100.0,30.95,B
2021-07-27T10:13:02,1000.0,30.95,B
2021-07-27T10:13:01,500.0,30.95,B
2021-07-27T10:12:52,100.0,30.95,B
2021-07-27T10:11:30,100.0,30.9,B
2021-07-27T10:11:24,100.0,30.9,S
2021-07-27T10:11:24,800.0,30.9,S
2021-07-27T10:11:24,4500.0,30.9,S
2021-07-27T10:11:03,200.0,30.95,B
2021-07-27T10:10:58,2000.0,30.95,B
2021-07-27T10:10:57,100.0,30.9,S
2021-07-27T10:10:47,100.0,30.9,S
2021-07-27T10:10:38,100.0,30.95,B
2021-07-27T10:10:09,100.0,30.95,B
2021-07-27T10:09:28,1000.0,30.95,B
2021-07-27T10:08:30,100.0,30.95,B
2021-07-27T10:08:19,300.0,30.95,B
2021-07-27T10:08:19,500.0,30.95,B
2021-07-27T10:07:58,200.0,30.9,B
2021-07-27T10:07:47,100.0,30.9,B
2021-07-27T10:07:38,100.0,30.9,B
2021-07-27T10:07:30,100.0,30.9,B
2021-07-27T10:07:27,500.0,30.9,S
2021-07-27T10:07:20,600.0,30.9,S
2021-07-27T10:06:44,100.0,30.9,S
2021-07-27T10:06:44,100.0,30.9,S
2021-07-27T10:06:44,800.0,30.9,S
2021-07-27T10:06:32,500.0,30.9,S
2021-07-27T10:05:22,200.0,30.9,S
2021-07-27T10:05:21,200.0,30.9,S
2021-07-27T10:05:19,400.0,30.9,B
2021-07-27T10:05:12,1600.0,30.9,S
2021-07-27T10:04:32,500.0,30.9,S
2021-07-27T10:03:59,300.0,30.9,S
2021-07-27T10:03:49,100.0,30.95,B
2021-07-27T10:03:46,1000.0,30.9,S
2021-07-27T10:03:46,100.0,30.9,S
2021-07-27T10:03:36,100.0,30.95,B
2021-07-27T10:02:59,100.0,31.0,S
2021-07-27T10:02:59,1500.0,31.0,S
2021-07-27T10:02:59,1100.0,31.0,S
2021-07-27T10:02:31,1900.0,31.0,S
2021-07-27T10:02:31,300.0,31.0,S
2021-07-27T10:02:31,3500.0,31.0,S
2021-07-27T10:02:31,2200.0,31.0,S
2021-07-27T10:02:31,200.0,31.0,S
2021-07-27T10:02:31,1700.0,31.0,S
2021-07-27T10:02:31,1000.0,31.0,S
2021-07-27T10:02:31,6200.0,31.0,S
2021-07-27T10:02:15,100.0,31.0,S
2021-07-27T10:01:54,1400.0,31.0,S
2021-07-27T10:01:54,400.0,31.0,S
2021-07-27T10:01:54,1300.0,31.05,S
2021-07-27T10:01:54,1900.0,31.1,S
2021-07-27T10:01:20,800.0,31.1,S
2021-07-27T10:01:20,3200.0,31.1,S
2021-07-27T10:01:16,200.0,31.1,S
2021-07-27T10:00:54,500.0,31.1,S
2021-07-27T10:00:25,200.0,31.1,S
2021-07-27T10:00:01,700.0,31.1,S
2021-07-27T09:59:50,700.0,31.1,S
2021-07-27T09:59:50,600.0,31.1,S
2021-07-27T09:59:50,100.0,31.1,S
2021-07-27T09:59:50,2200.0,31.1,S
2021-07-27T09:59:50,100.0,31.1,S
2021-07-27T09:59:50,1300.0,31.1,S
2021-07-27T09:59:33,1000.0,31.1,S
2021-07-27T09:59:00,500.0,31.1,S
2021-07-27T09:58:37,600.0,31.1,S
2021-07-27T09:58:07,400.0,31.15,B
2021-07-27T09:57:38,500.0,31.15,B
2021-07-27T09:57:29,400.0,31.15,B
2021-07-27T09:57:12,100.0,31.15,B
2021-07-27T09:55:41,1600.0,31.15,S
2021-07-27T09:54:54,300.0,31.15,S
2021-07-27T09:54:54,300.0,31.15,S
2021-07-27T09:54:36,100.0,31.2,B
2021-07-27T09:54:32,300.0,31.2,S
2021-07-27T09:54:31,5000.0,31.2,S
2021-07-27T09:54:14,5900.0,31.2,S
2021-07-27T09:54:06,300.0,31.25,B
2021-07-27T09:54:00,500.0,31.25,B
2021-07-27T09:54:00,200.0,31.2,S
2021-07-27T09:54:00,300.0,31.2,S
2021-07-27T09:52:51,1000.0,31.25,B
2021-07-27T09:52:26,500.0,31.2,S
2021-07-27T09:50:44,2000.0,31.2,S
2021-07-27T09:50:13,100.0,31.2,S
2021-07-27T09:49:42,1200.0,31.2,S
2021-07-27T09:49:27,600.0,31.2,S
2021-07-27T09:49:14,1700.0,31.15,S
2021-07-27T09:49:14,300.0,31.2,S
2021-07-27T09:49:00,400.0,31.2,S
2021-07-27T09:48:59,200.0,31.25,B
2021-07-27T09:48:48,1900.0,31.2,B
2021-07-27T09:48:46,1100.0,31.2,S
2021-07-27T09:48:18,200.0,31.2,B
2021-07-27T09:48:18,1300.0,31.2,B
2021-07-27T09:48:18,100.0,31.2,B
2021-07-27T09:48:18,17300.0,31.2,B
2021-07-27T09:48:12,300.0,31.15,S
2021-07-27T09:47:38,200.0,31.15,S
2021-07-27T09:47:31,500.0,31.15,S
2021-07-27T09:47:05,200.0,31.15,S
2021-07-27T09:46:31,2100.0,31.1,S
2021-07-27T09:46:30,7900.0,31.1,S
2021-07-27T09:46:22,100.0,31.2,B
2021-07-27T09:46:22,100.0,31.15,S
2021-07-27T09:45:50,100.0,31.15,B
2021-07-27T09:45:49,1900.0,31.15,S
2021-07-27T09:45:47,200.0,31.15,S
2021-07-27T09:45:39,3100.0,31.15,S
2021-07-27T09:45:39,900.0,31.15,S
2021-07-27T09:45:37,100.0,31.15,S
2021-07-27T09:44:39,1000.0,31.15,S
2021-07-27T09:44:37,500.0,31.2,B
2021-07-27T09:44:27,100.0,31.2,B
2021-07-27T09:43:52,1000.0,31.2,B
2021-07-27T09:43:38,900.0,31.2,S
2021-07-27T09:43:38,800.0,31.2,S
2021-07-27T09:43:24,200.0,31.2,S
2021-07-27T09:43:07,200.0,31.25,B
2021-07-27T09:42:59,2600.0,31.2,S
2021-07-27T09:42:59,1100.0,31.2,S
2021-07-27T09:42:59,800.0,31.2,S
2021-07-27T09:42:16,400.0,31.2,S
2021-07-27T09:42:15,500.0,31.2,S
2021-07-27T09:42:08,300.0,31.2,S
2021-07-27T09:41:49,10000.0,31.2,S
2021-07-27T09:41:41,2000.0,31.25,B
2021-07-27T09:41:32,1000.0,31.25,B
2021-07-27T09:41:32,2000.0,31.25,B
2021-07-27T09:40:49,100.0,31.25,S
2021-07-27T09:40:48,900.0,31.25,S
2021-07-27T09:40:22,1000.0,31.25,S
2021-07-27T09:39:54,100.0,31.25,S
2021-07-27T09:39:47,100.0,31.25,S
2021-07-27T09:39:41,1000.0,31.25,S
2021-07-27T09:39:35,1000.0,31.25,S
2021-07-27T09:39:26,900.0,31.25,B
2021-07-27T09:39:12,300.0,31.3,B
2021-07-27T09:39:02,200.0,31.25,S
2021-07-27T09:38:36,5000.0,31.35,B
2021-07-27T09:38:22,500.0,31.3,B
2021-07-27T09:38:16,100.0,31.3,B
2021-07-27T09:38:04,100.0,31.3,S
2021-07-27T09:38:00,600.0,31.3,S
2021-07-27T09:37:56,1000.0,31.3,S
2021-07-27T09:37:30,100.0,31.3,S
2021-07-27T09:37:26,100.0,31.3,S
2021-07-27T09:37:10,1100.0,31.3,S
2021-07-27T09:37:06,500.0,31.35,B
2021-07-27T09:37:06,500.0,31.35,B
2021-07-27T09:36:19,100.0,31.35,B
2021-07-27T09:36:13,1000.0,31.3,S
2021-07-27T09:35:48,200.0,31.35,B
2021-07-27T09:35:41,2500.0,31.3,S
2021-07-27T09:35:17,2000.0,31.3,S
2021-07-27T09:35:17,200.0,31.35,B
2021-07-27T09:35:13,200.0,31.3,S
2021-07-27T09:35:11,300.0,31.3,S
2021-07-27T09:34:58,200.0,31.3,S
2021-07-27T09:34:56,1000.0,31.3,B
2021-07-27T09:34:51,200.0,31.3,B
2021-07-27T09:34:48,100.0,31.2,S
2021-07-27T09:34:41,300.0,31.2,S
2021-07-27T09:34:09,6200.0,31.3,S
2021-07-27T09:34:09,200.0,31.3,S
2021-07-27T09:34:09,1900.0,31.3,S
2021-07-27T09:33:53,800.0,31.3,S
2021-07-27T09:33:31,500.0,31.3,S
2021-07-27T09:32:59,500.0,31.3,S
2021-07-27T09:32:54,100.0,31.35,B
2021-07-27T09:32:11,100.0,31.35,B
2021-07-27T09:31:56,3000.0,31.4,B
2021-07-27T09:31:23,100.0,31.35,B
2021-07-27T09:31:18,2800.0,31.35,S
2021-07-27T09:31:13,300.0,31.35,S
2021-07-27T09:30:50,1000.0,31.4,B
2021-07-27T09:30:41,1000.0,31.4,B
2021-07-27T09:30:37,200.0,31.4,B
2021-07-27T09:30:00,400.0,31.4,B
2021-07-27T09:29:25,100.0,31.4,S
2021-07-27T09:29:25,100.0,31.4,B
2021-07-27T09:29:21,100.0,31.4,B
2021-07-27T09:29:06,300.0,31.4,B
2021-07-27T09:28:46,1700.0,31.4,S
2021-07-27T09:28:22,1700.0,31.4,S
2021-07-27T09:28:22,8300.0,31.4,S
2021-07-27T09:28:20,100.0,31.45,B
2021-07-27T09:28:10,800.0,31.45,B
2021-07-27T09:28:05,1100.0,31.45,S
2021-07-27T09:27:47,200.0,31.5,B
2021-07-27T09:27:37,500.0,31.5,B
2021-07-27T09:27:17,1200.0,31.5,B
2021-07-27T09:27:10,300.0,31.45,S
2021-07-27T09:26:10,100.0,31.4,S
2021-07-27T09:25:54,10000.0,31.4,S
2021-07-27T09:25:49,1800.0,31.5,B
2021-07-27T09:25:42,200.0,31.45,B
2021-07-27T09:25:40,300.0,31.45,B
2021-07-27T09:25:22,100.0,31.45,B
2021-07-27T09:25:21,5000.0,31.45,B
2021-07-27T09:25:07,1000.0,31.4,S
2021-07-27T09:24:58,500.0,31.45,B
2021-07-27T09:24:50,400.0,31.45,B
2021-07-27T09:24:46,5300.0,31.4,S
2021-07-27T09:24:34,4100.0,31.4,B
2021-07-27T09:24:25,500.0,31.4,B
2021-07-27T09:24:11,200.0,31.4,B
2021-07-27T09:24:10,200.0,31.4,B
2021-07-27T09:23:54,300.0,31.4,B
2021-07-27T09:23:50,200.0,31.35,S
2021-07-27T09:23:49,2900.0,31.4,S
2021-07-27T09:23:48,5000.0,31.45,B
2021-07-27T09:23:40,1000.0,31.4,S
2021-07-27T09:23:24,1000.0,31.4,S
2021-07-27T09:23:11,2000.0,31.45,B
2021-07-27T09:22:58,2900.0,31.45,S
2021-07-27T09:22:48,2100.0,31.45,B
2021-07-27T09:22:38,1000.0,31.4,S
2021-07-27T09:22:38,1400.0,31.4,S
2021-07-27T09:22:37,5600.0,31.45,S
2021-07-27T09:22:28,200.0,31.45,S
2021-07-27T09:22:15,2000.0,31.45,B
2021-07-27T09:22:09,700.0,31.4,S
2021-07-27T09:22:09,1400.0,31.4,S
2021-07-27T09:22:09,1900.0,31.45,S
2021-07-27T09:22:02,100.0,31.45,S
2021-07-27T09:21:53,100.0,31.45,S
2021-07-27T09:21:50,1500.0,31.45,S
2021-07-27T09:21:44,1400.0,31.45,B
2021-07-27T09:21:40,1000.0,31.4,S
2021-07-27T09:21:36,200.0,31.4,S
2021-07-27T09:21:27,1000.0,31.4,S
2021-07-27T09:21:23,1400.0,31.4,S
2021-07-27T09:21:23,3000.0,31.4,S
2021-07-27T09:21:23,600.0,31.4,S
2021-07-27T09:21:21,1000.0,31.45,B
2021-07-27T09:21:19,300.0,31.45,B
2021-07-27T09:21:00,500.0,31.45,B
2021-07-27T09:20:48,500.0,31.45,B
2021-07-27T09:20:44,1500.0,31.45,S
2021-07-27T09:20:41,1000.0,31.45,S
2021-07-27T09:20:15,500.0,31.45,S
2021-07-27T09:20:10,3100.0,31.6,B
2021-07-27T09:20:00,300.0,31.6,B
2021-07-27T09:19:58,500.0,31.45,B
2021-07-27T09:19:54,1000.0,31.45,B
2021-07-27T09:19:44,100.0,31.45,B
2021-07-27T09:19:38,300.0,31.45,B
2021-07-27T09:19:37,200.0,31.45,B
2021-07-27T09:19:32,2700.0,31.45,S
2021-07-27T09:18:57,300.0,31.6,B
2021-07-27T09:18:48,1000.0,31.6,B
2021-07-27T09:18:43,6900.0,31.6,S
2021-07-27T09:18:43,11700.0,31.6,S
2021-07-27T09:18:37,100.0,31.6,S
2021-07-27T09:18:29,1000.0,31.65,S
2021-07-27T09:17:53,500.0,31.6,S
2021-07-27T09:17:46,500.0,31.6,S
2021-07-27T09:17:38,8700.0,31.6,B
2021-07-27T09:17:35,200.0,31.5,S
2021-07-27T09:17:24,2000.0,31.6,B
2021-07-27T09:17:22,500.0,31.6,B
2021-07-27T09:17:21,500.0,31.6,B
2021-07-27T09:17:16,1000.0,31.5,S
2021-07-27T09:16:52,100.0,31.6,B
2021-07-27T09:16:38,200.0,31.6,S
2021-07-27T09:16:38,2000.0,31.6,S
2021-07-27T09:16:38,1000.0,31.6,S
2021-07-27T09:16:30,5000.0,31.8,B
2021-07-27T09:16:21,300.0,31.7,B
2021-07-27T09:16:17,8800.0,31.7,B
2021-07-27T09:16:14,1000.0,31.7,B
2021-07-27T09:16:13,500.0,31.6,S
2021-07-27T09:16:00,3800.0,31.6,B
2021-07-27T09:15:41,100.0,31.45,S
