tradingTime,volume,price,side
2021-07-27T14:29:47,200.0,9.25,B
2021-07-27T14:28:52,200.0,9.25,B
2021-07-27T14:26:27,200.0,9.25,B
2021-07-27T14:25:38,100.0,9.25,B
2021-07-27T14:24:43,9700.0,9.25,S
2021-07-27T14:24:18,200.0,9.3,S
2021-07-27T14:23:47,2000.0,9.3,S
2021-07-27T14:22:27,400.0,9.25,B
2021-07-27T14:22:05,14600.0,9.25,S
2021-07-27T14:21:36,500.0,9.3,S
2021-07-27T14:20:23,300.0,9.37,B
2021-07-27T14:20:12,600.0,9.37,B
2021-07-27T14:18:34,200.0,9.37,B
2021-07-27T14:18:14,10000.0,9.25,S
2021-07-27T14:15:59,1000.0,9.25,S
2021-07-27T14:15:34,2000.0,9.25,B
2021-07-27T14:15:26,500.0,9.25,B
2021-07-27T14:14:13,200.0,9.25,B
2021-07-27T14:12:51,6300.0,9.25,S
2021-07-27T14:12:30,3700.0,9.25,B
2021-07-27T14:12:09,11700.0,9.25,S
2021-07-27T14:12:09,200.0,9.25,S
2021-07-27T14:12:09,4400.0,9.26,S
2021-07-27T14:10:04,1000.0,9.3,S
2021-07-27T14:09:45,100.0,9.38,S
2021-07-27T14:09:25,1000.0,9.38,S
2021-07-27T14:09:22,20000.0,9.38,S
2021-07-27T14:09:13,5000.0,9.38,S
2021-07-27T14:08:46,100.0,9.39,S
2021-07-27T14:08:36,1000.0,9.39,S
2021-07-27T14:08:32,28000.0,9.39,S
2021-07-27T14:08:09,600.0,9.4,B
2021-07-27T14:07:39,1200.0,9.4,B
2021-07-27T14:07:22,1500.0,9.4,B
2021-07-27T14:07:13,300.0,9.4,B
2021-07-27T14:07:07,1000.0,9.4,B
2021-07-27T14:07:04,4000.0,9.4,B
2021-07-27T14:06:52,5000.0,9.4,B
2021-07-27T14:06:48,20000.0,9.4,B
2021-07-27T14:06:37,1800.0,9.4,B
2021-07-27T14:06:29,10000.0,9.4,B
2021-07-27T14:05:55,1000.0,9.4,B
2021-07-27T14:05:51,15000.0,9.4,B
2021-07-27T14:05:26,14500.0,9.4,B
2021-07-27T14:05:26,500.0,9.4,B
2021-07-27T14:05:12,11300.0,9.39,B
2021-07-27T14:04:55,5000.0,9.39,B
2021-07-27T14:04:39,10000.0,9.39,B
2021-07-27T14:04:30,2000.0,9.39,B
2021-07-27T14:04:21,5000.0,9.39,B
2021-07-27T14:04:10,5000.0,9.38,S
2021-07-27T14:03:55,8200.0,9.38,B
2021-07-27T14:03:22,2000.0,9.37,S
2021-07-27T14:01:47,10100.0,9.36,B
2021-07-27T14:01:02,10000.0,9.36,B
2021-07-27T14:00:37,5000.0,9.36,B
2021-07-27T13:59:38,2000.0,9.36,B
2021-07-27T13:59:04,2000.0,9.36,B
2021-07-27T13:58:53,100.0,9.35,S
2021-07-27T13:58:45,3600.0,9.35,B
2021-07-27T13:57:27,1000.0,9.31,S
2021-07-27T13:57:26,400.0,9.35,B
2021-07-27T13:57:05,500.0,9.31,B
2021-07-27T13:56:15,20000.0,9.31,B
2021-07-27T13:55:11,3400.0,9.3,B
2021-07-27T13:54:50,2100.0,9.3,B
2021-07-27T13:54:50,4900.0,9.3,B
2021-07-27T13:53:55,5600.0,9.28,B
2021-07-27T13:53:43,5000.0,9.28,B
2021-07-27T13:53:25,14400.0,9.28,S
2021-07-27T13:51:56,10000.0,9.28,S
2021-07-27T13:51:33,5000.0,9.3,B
2021-07-27T13:51:17,3000.0,9.3,B
2021-07-27T13:51:04,100.0,9.3,B
2021-07-27T13:51:03,5000.0,9.3,B
2021-07-27T13:48:53,13000.0,9.3,B
2021-07-27T13:48:47,8000.0,9.3,S
2021-07-27T13:48:35,9500.0,9.31,S
2021-07-27T13:47:36,100.0,9.31,B
2021-07-27T13:47:36,6400.0,9.31,B
2021-07-27T13:45:17,18600.0,9.31,S
2021-07-27T13:45:15,1000.0,9.31,S
2021-07-27T13:44:51,1000.0,9.31,S
2021-07-27T13:44:49,200.0,9.35,B
2021-07-27T13:43:58,200.0,9.31,S
2021-07-27T13:43:24,200.0,9.36,B
2021-07-27T13:43:07,1000.0,9.36,B
2021-07-27T13:42:01,1800.0,9.36,S
2021-07-27T13:40:58,8200.0,9.36,B
2021-07-27T13:40:43,2000.0,9.36,B
2021-07-27T13:40:26,1000.0,9.36,B
2021-07-27T13:39:52,18800.0,9.36,S
2021-07-27T13:39:38,7000.0,9.37,S
2021-07-27T13:39:10,600.0,9.38,S
2021-07-27T13:38:34,4000.0,9.38,S
2021-07-27T13:38:25,100.0,9.38,S
2021-07-27T13:37:38,5300.0,9.38,B
2021-07-27T13:37:15,4700.0,9.38,S
2021-07-27T13:36:53,1000.0,9.38,S
2021-07-27T13:36:50,4300.0,9.38,B
2021-07-27T13:36:39,10000.0,9.38,B
2021-07-27T13:36:17,10700.0,9.38,S
2021-07-27T13:36:02,2000.0,9.39,B
2021-07-27T13:35:57,100.0,9.38,S
2021-07-27T13:35:45,5000.0,9.39,B
2021-07-27T13:35:25,7000.0,9.38,B
2021-07-27T13:34:34,3000.0,9.38,B
2021-07-27T13:34:13,2000.0,9.38,S
2021-07-27T13:33:23,3200.0,9.36,B
2021-07-27T13:33:16,5000.0,9.36,B
2021-07-27T13:33:06,7900.0,9.36,B
2021-07-27T13:32:06,1000.0,9.36,B
2021-07-27T13:31:51,5000.0,9.36,B
2021-07-27T13:31:45,10000.0,9.36,B
2021-07-27T13:31:32,3000.0,9.36,B
2021-07-27T13:31:13,2900.0,9.35,B
2021-07-27T13:30:30,3300.0,9.35,B
2021-07-27T13:30:13,4000.0,9.35,B
2021-07-27T13:29:51,1000.0,9.35,B
2021-07-27T13:29:13,1000.0,9.32,S
2021-07-27T13:29:01,2200.0,9.3,S
2021-07-27T13:28:12,5500.0,9.3,B
2021-07-27T13:27:34,500.0,9.3,B
2021-07-27T13:27:21,300.0,9.3,B
2021-07-27T13:27:13,500.0,9.3,B
2021-07-27T13:27:12,20000.0,9.3,B
2021-07-27T13:26:48,20000.0,9.3,B
2021-07-27T13:26:35,5000.0,9.3,B
2021-07-27T13:25:57,600.0,9.3,B
2021-07-27T13:24:15,1500.0,9.3,B
2021-07-27T13:23:58,500.0,9.3,B
2021-07-27T13:21:00,3500.0,9.3,B
2021-07-27T13:19:35,3900.0,9.3,B
2021-07-27T13:19:35,6100.0,9.3,B
2021-07-27T13:18:40,2000.0,9.3,B
2021-07-27T13:17:44,100.0,9.3,B
2021-07-27T13:17:01,2600.0,9.28,B
2021-07-27T13:16:54,500.0,9.28,B
2021-07-27T13:16:27,10000.0,9.28,B
2021-07-27T13:16:20,10000.0,9.28,B
2021-07-27T13:16:16,500.0,9.26,S
2021-07-27T13:14:03,3000.0,9.28,B
2021-07-27T13:12:40,5000.0,9.28,B
2021-07-27T13:11:13,800.0,9.25,S
2021-07-27T13:11:13,500.0,9.25,S
2021-07-27T13:06:46,100.0,9.25,B
2021-07-27T13:06:42,100.0,9.25,B
2021-07-27T13:06:11,100.0,9.25,B
2021-07-27T13:05:47,500.0,9.23,S
2021-07-27T13:04:43,200.0,9.23,S
2021-07-27T13:00:31,100.0,9.23,S
2021-07-27T13:00:04,1000.0,9.25,B
2021-07-27T13:00:04,500.0,9.25,B
2021-07-27T13:00:04,2000.0,9.25,S
2021-07-27T13:00:02,1500.0,9.25,S
2021-07-27T13:00:01,200.0,9.25,S
2021-07-27T11:29:32,2000.0,9.25,S
2021-07-27T11:27:27,2000.0,9.28,S
2021-07-27T11:23:46,500.0,9.3,B
2021-07-27T11:21:50,3000.0,9.28,S
2021-07-27T11:21:06,100.0,9.3,B
2021-07-27T11:20:38,1000.0,9.3,B
2021-07-27T11:19:32,10000.0,9.3,B
2021-07-27T11:15:50,1000.0,9.28,S
2021-07-27T11:15:40,5000.0,9.3,B
2021-07-27T11:15:20,5000.0,9.3,B
2021-07-27T11:14:24,7000.0,9.3,B
2021-07-27T11:13:52,9700.0,9.27,B
2021-07-27T11:13:46,800.0,9.27,B
2021-07-27T11:13:01,8000.0,9.27,B
2021-07-27T11:11:54,300.0,9.25,S
2021-07-27T11:11:13,8400.0,9.25,B
2021-07-27T11:10:33,1600.0,9.25,B
2021-07-27T11:10:33,500.0,9.25,B
2021-07-27T11:10:33,5800.0,9.25,B
2021-07-27T11:10:33,100.0,9.25,B
2021-07-27T11:10:33,2000.0,9.25,B
2021-07-27T11:10:25,10000.0,9.22,S
2021-07-27T11:10:11,5000.0,9.25,B
2021-07-27T11:09:38,5000.0,9.25,B
2021-07-27T11:09:36,12500.0,9.22,S
2021-07-27T11:09:36,9800.0,9.22,S
2021-07-27T11:09:36,1500.0,9.23,S
2021-07-27T11:09:12,400.0,9.24,S
2021-07-27T11:09:01,100.0,9.25,B
2021-07-27T11:07:50,100.0,9.25,B
2021-07-27T11:06:22,1000.0,9.25,B
2021-07-27T11:06:11,4200.0,9.24,S
2021-07-27T11:06:08,700.0,9.25,B
2021-07-27T11:05:10,100.0,9.25,B
2021-07-27T11:03:49,1000.0,9.24,S
2021-07-27T11:03:32,800.0,9.24,S
2021-07-27T11:01:59,300.0,9.25,B
2021-07-27T11:00:22,7300.0,9.25,B
2021-07-27T11:00:22,2700.0,9.25,B
2021-07-27T10:58:18,4000.0,9.24,S
2021-07-27T10:56:55,5000.0,9.25,B
2021-07-27T10:56:41,800.0,9.25,B
2021-07-27T10:56:20,6000.0,9.25,B
2021-07-27T10:55:51,5700.0,9.24,B
2021-07-27T10:55:19,33700.0,9.23,S
2021-07-27T10:55:14,3000.0,9.24,B
2021-07-27T10:54:54,500.0,9.24,B
2021-07-27T10:53:30,1000.0,9.24,B
2021-07-27T10:52:39,100.0,9.24,B
2021-07-27T10:52:36,1000.0,9.24,B
2021-07-27T10:51:08,3300.0,9.24,B
2021-07-27T10:50:59,10000.0,9.24,B
2021-07-27T10:50:26,1300.0,9.23,S
2021-07-27T10:49:59,5000.0,9.23,S
2021-07-27T10:48:10,7000.0,9.24,S
2021-07-27T10:47:08,200.0,9.25,B
2021-07-27T10:47:05,3000.0,9.24,S
2021-07-27T10:45:57,2000.0,9.24,S
2021-07-27T10:45:42,100.0,9.24,S
2021-07-27T10:45:25,1000.0,9.24,S
2021-07-27T10:44:26,2400.0,9.24,B
2021-07-27T10:43:49,7700.0,9.24,S
2021-07-27T10:43:49,200.0,9.24,S
2021-07-27T10:43:49,14700.0,9.24,S
2021-07-27T10:43:47,600.0,9.25,B
2021-07-27T10:41:20,200.0,9.25,B
2021-07-27T10:41:10,100.0,9.25,B
2021-07-27T10:38:51,1000.0,9.25,B
2021-07-27T10:38:45,200.0,9.25,B
2021-07-27T10:36:31,3000.0,9.25,S
2021-07-27T10:36:12,300.0,9.25,S
2021-07-27T10:35:57,6700.0,9.25,B
2021-07-27T10:35:28,500.0,9.25,B
2021-07-27T10:35:05,1600.0,9.25,S
2021-07-27T10:34:20,2300.0,9.25,B
2021-07-27T10:33:39,2000.0,9.25,B
2021-07-27T10:31:23,2900.0,9.25,S
2021-07-27T10:30:59,10000.0,9.25,S
2021-07-27T10:30:51,400.0,9.25,S
2021-07-27T10:30:06,4000.0,9.25,S
2021-07-27T10:29:04,1000.0,9.26,B
2021-07-27T10:24:16,300.0,9.25,B
2021-07-27T10:24:15,200.0,9.25,S
2021-07-27T10:23:42,1800.0,9.25,S
2021-07-27T10:23:39,200.0,9.25,B
2021-07-27T10:21:58,4600.0,9.25,B
2021-07-27T10:21:40,800.0,9.25,S
2021-07-27T10:21:31,1200.0,9.25,S
2021-07-27T10:19:15,1000.0,9.25,S
2021-07-27T10:17:20,9500.0,9.24,S
2021-07-27T10:17:20,5000.0,9.25,S
2021-07-27T10:17:20,25500.0,9.25,S
2021-07-27T10:16:57,500.0,9.27,B
2021-07-27T10:16:08,6000.0,9.26,B
2021-07-27T10:15:48,4000.0,9.26,B
2021-07-27T10:14:11,1000.0,9.25,S
2021-07-27T10:12:46,4500.0,9.25,B
2021-07-27T10:12:36,1200.0,9.25,B
2021-07-27T10:12:07,3000.0,9.25,B
2021-07-27T10:12:04,4000.0,9.24,S
2021-07-27T10:11:40,11300.0,9.25,S
2021-07-27T10:10:25,200.0,9.27,B
2021-07-27T10:06:38,2000.0,9.25,S
2021-07-27T10:05:39,500.0,9.25,S
2021-07-27T10:05:18,1500.0,9.25,B
2021-07-27T10:04:59,1000.0,9.25,B
2021-07-27T10:04:46,1000.0,9.25,B
2021-07-27T10:04:32,1000.0,9.25,B
2021-07-27T10:04:23,5000.0,9.25,B
2021-07-27T10:03:58,3000.0,9.25,B
2021-07-27T10:03:26,500.0,9.25,B
2021-07-27T10:02:29,5000.0,9.25,B
2021-07-27T10:01:46,5000.0,9.24,S
2021-07-27T10:01:36,2100.0,9.25,B
2021-07-27T10:01:30,200.0,9.25,B
2021-07-27T10:00:46,2400.0,9.25,B
2021-07-27T10:00:26,3000.0,9.25,B
2021-07-27T10:00:23,1200.0,9.24,S
2021-07-27T10:00:07,500.0,9.24,S
2021-07-27T10:00:03,300.0,9.24,S
2021-07-27T09:58:26,600.0,9.24,S
2021-07-27T09:55:47,9800.0,9.25,S
2021-07-27T09:55:15,30000.0,9.25,S
2021-07-27T09:54:56,2200.0,9.26,S
2021-07-27T09:54:04,300.0,9.27,B
2021-07-27T09:53:47,100.0,9.27,B
2021-07-27T09:53:00,100.0,9.27,S
2021-07-27T09:49:03,2400.0,9.26,S
2021-07-27T09:49:03,600.0,9.26,S
2021-07-27T09:48:05,1500.0,9.26,S
2021-07-27T09:46:40,20700.0,9.29,S
2021-07-27T09:44:36,200.0,9.29,S
2021-07-27T09:44:24,100.0,9.29,S
2021-07-27T09:44:05,500.0,9.3,B
2021-07-27T09:41:59,500.0,9.3,B
2021-07-27T09:41:22,6000.0,9.3,B
2021-07-27T09:38:29,10000.0,9.3,B
2021-07-27T09:38:27,8900.0,9.26,S
2021-07-27T09:38:27,1000.0,9.26,S
2021-07-27T09:38:27,4600.0,9.27,S
2021-07-27T09:38:27,2000.0,9.28,S
2021-07-27T09:38:27,7200.0,9.28,S
2021-07-27T09:38:19,800.0,9.28,S
2021-07-27T09:37:38,200.0,9.3,B
2021-07-27T09:37:21,10100.0,9.3,B
2021-07-27T09:37:18,2000.0,9.3,B
2021-07-27T09:36:24,9900.0,9.3,S
2021-07-27T09:36:23,30000.0,9.3,S
2021-07-27T09:36:02,10000.0,9.3,S
2021-07-27T09:35:24,500.0,9.35,B
2021-07-27T09:35:24,25000.0,9.35,B
2021-07-27T09:35:07,100.0,9.3,S
2021-07-27T09:34:51,5000.0,9.3,B
2021-07-27T09:34:18,9200.0,9.3,B
2021-07-27T09:33:36,1000.0,9.3,B
2021-07-27T09:33:32,5000.0,9.29,S
2021-07-27T09:33:09,1600.0,9.3,B
2021-07-27T09:31:13,2000.0,9.3,B
2021-07-27T09:30:34,12900.0,9.28,S
2021-07-27T09:30:10,2900.0,9.29,S
2021-07-27T09:29:17,300.0,9.3,B
2021-07-27T09:27:04,100.0,9.3,B
2021-07-27T09:26:46,1400.0,9.29,S
2021-07-27T09:24:45,100.0,9.28,S
2021-07-27T09:24:20,200.0,9.28,S
2021-07-27T09:23:47,200.0,9.28,S
2021-07-27T09:23:35,500.0,9.29,S
2021-07-27T09:23:19,20400.0,9.3,S
2021-07-27T09:23:16,200.0,9.3,S
2021-07-27T09:23:01,200.0,9.3,S
2021-07-27T09:22:44,200.0,9.3,S
2021-07-27T09:22:40,1000.0,9.4,B
2021-07-27T09:22:08,3500.0,9.4,B
2021-07-27T09:20:53,5000.0,9.4,S
2021-07-27T09:19:36,2000.0,9.45,B
2021-07-27T09:19:34,5000.0,9.4,B
2021-07-27T09:16:36,100.0,9.4,S
2021-07-27T09:16:28,500.0,9.45,S
2021-07-27T09:16:03,2000.0,9.45,S
2021-07-27T09:16:00,2000.0,9.45,S
2021-07-27T09:15:58,500.0,9.45,S
2021-07-27T09:15:55,10000.0,9.45,S
2021-07-27T09:15:16,10000.0,9.49,B
