tradingTime,volume,price,side
2021-07-27T14:29:48,5000.0,13.2,S
2021-07-27T14:29:37,300.0,13.2,S
2021-07-27T14:29:07,50000.0,13.2,S
2021-07-27T14:28:01,400.0,13.2,B
2021-07-27T14:27:51,100.0,13.2,B
2021-07-27T14:27:49,1500.0,13.2,B
2021-07-27T14:27:46,100.0,13.2,B
2021-07-27T14:27:41,100.0,13.2,B
2021-07-27T14:27:26,600.0,13.2,B
2021-07-27T14:27:10,200.0,13.2,B
2021-07-27T14:27:09,9400.0,13.2,S
2021-07-27T14:26:49,300.0,13.2,S
2021-07-27T14:26:21,2900.0,13.2,B
2021-07-27T14:26:08,1000.0,13.2,B
2021-07-27T14:25:47,1000.0,13.2,B
2021-07-27T14:25:35,5100.0,13.2,S
2021-07-27T14:24:59,8500.0,13.2,B
2021-07-27T14:24:57,5000.0,13.2,B
2021-07-27T14:24:46,4000.0,13.2,B
2021-07-27T14:24:42,100.0,13.2,B
2021-07-27T14:24:22,12400.0,13.2,B
2021-07-27T14:24:08,3500.0,13.2,S
2021-07-27T14:23:23,500.0,13.3,B
2021-07-27T14:23:10,100.0,13.3,B
2021-07-27T14:22:57,10000.0,13.3,B
2021-07-27T14:22:11,5000.0,13.3,B
2021-07-27T14:21:50,2100.0,13.2,S
2021-07-27T14:21:37,100.0,13.2,B
2021-07-27T14:21:22,87800.0,13.2,S
2021-07-27T14:21:16,800.0,13.3,B
2021-07-27T14:21:14,500.0,13.3,B
2021-07-27T14:20:24,500.0,13.3,B
2021-07-27T14:20:18,100.0,13.3,B
2021-07-27T14:20:08,1000.0,13.3,B
2021-07-27T14:19:56,4900.0,13.3,S
2021-07-27T14:19:41,200.0,13.3,S
2021-07-27T14:17:53,100.0,13.3,S
2021-07-27T14:17:13,1100.0,13.3,B
2021-07-27T14:16:52,500.0,13.3,B
2021-07-27T14:16:48,1000.0,13.3,B
2021-07-27T14:16:31,5400.0,13.3,S
2021-07-27T14:13:22,200.0,13.2,S
2021-07-27T14:13:16,2000.0,13.2,B
2021-07-27T14:12:57,2000.0,13.2,B
2021-07-27T14:12:54,1100.0,13.2,B
2021-07-27T14:12:09,3200.0,13.2,S
2021-07-27T14:12:08,500.0,13.2,S
2021-07-27T14:11:50,50000.0,13.2,S
2021-07-27T14:11:29,2500.0,13.3,S
2021-07-27T14:10:58,2500.0,13.3,S
2021-07-27T14:07:56,18000.0,13.3,S
2021-07-27T14:07:21,300.0,13.4,S
2021-07-27T14:06:01,2700.0,13.4,B
2021-07-27T14:03:55,20000.0,13.3,S
2021-07-27T14:03:30,400.0,13.4,S
2021-07-27T14:02:34,9600.0,13.4,S
2021-07-27T14:01:44,2500.0,13.3,B
2021-07-27T14:01:32,100.0,13.3,B
2021-07-27T14:01:30,1500.0,13.3,B
2021-07-27T14:01:21,100.0,13.3,B
2021-07-27T14:00:54,2000.0,13.3,B
2021-07-27T14:00:50,200.0,13.3,B
2021-07-27T14:00:49,23600.0,13.3,S
2021-07-27T13:59:32,800.0,13.3,S
2021-07-27T13:56:28,500.0,13.3,B
2021-07-27T13:56:22,300.0,13.3,B
2021-07-27T13:55:57,39200.0,13.3,S
2021-07-27T13:55:07,2300.0,13.4,B
2021-07-27T13:55:05,2700.0,13.4,S
2021-07-27T13:52:34,2300.0,13.4,S
2021-07-27T13:51:31,1000.0,13.4,B
2021-07-27T13:50:02,100.0,13.4,B
2021-07-27T13:48:32,700.0,13.4,B
2021-07-27T13:48:10,4000.0,13.4,S
2021-07-27T13:43:02,5800.0,13.4,B
2021-07-27T13:41:20,1000.0,13.4,B
2021-07-27T13:41:18,5000.0,13.4,B
2021-07-27T13:40:35,400.0,13.4,B
2021-07-27T13:40:28,200.0,13.3,S
2021-07-27T13:37:52,500.0,13.2,S
2021-07-27T13:37:50,1000.0,13.4,B
2021-07-27T13:37:32,400.0,13.4,B
2021-07-27T13:37:31,500.0,13.3,S
2021-07-27T13:37:13,400.0,13.4,B
2021-07-27T13:37:02,500.0,13.4,B
2021-07-27T13:36:27,170000.0,13.2,S
2021-07-27T13:36:27,300.0,13.4,B
2021-07-27T13:36:05,2000.0,13.4,B
2021-07-27T13:36:02,1000.0,13.4,B
2021-07-27T13:35:54,100.0,13.4,B
2021-07-27T13:35:45,4600.0,13.4,B
2021-07-27T13:35:40,1600.0,13.4,S
2021-07-27T13:34:43,5000.0,13.4,S
2021-07-27T13:34:39,7700.0,13.4,S
2021-07-27T13:32:08,30000.0,13.4,S
2021-07-27T13:29:54,500.0,13.5,B
2021-07-27T13:29:25,500.0,13.5,B
2021-07-27T13:28:19,100.0,13.5,B
2021-07-27T13:25:47,2000.0,13.5,B
2021-07-27T13:25:38,2400.0,13.5,S
2021-07-27T13:24:52,5000.0,13.5,B
2021-07-27T13:24:07,500.0,13.5,B
2021-07-27T13:23:23,400.0,13.4,S
2021-07-27T13:23:19,3000.0,13.5,B
2021-07-27T13:23:15,3600.0,13.5,S
2021-07-27T13:22:23,1400.0,13.5,B
2021-07-27T13:22:12,3000.0,13.5,B
2021-07-27T13:21:59,100.0,13.5,B
2021-07-27T13:21:13,2000.0,13.5,B
2021-07-27T13:20:00,2300.0,13.5,S
2021-07-27T13:18:29,100.0,13.5,S
2021-07-27T13:17:52,1000.0,13.5,B
2021-07-27T13:17:36,1000.0,13.5,B
2021-07-27T13:17:19,1900.0,13.5,B
2021-07-27T13:17:12,4500.0,13.5,S
2021-07-27T13:17:04,2000.0,13.5,S
2021-07-27T13:16:44,3400.0,13.5,S
2021-07-27T13:16:38,4000.0,13.5,S
2021-07-27T13:16:00,3300.0,13.5,S
2021-07-27T13:15:16,1200.0,13.5,B
2021-07-27T13:14:55,4000.0,13.5,S
2021-07-27T13:14:00,1000.0,13.5,B
2021-07-27T13:13:12,500.0,13.5,B
2021-07-27T13:12:27,1700.0,13.5,S
2021-07-27T13:11:56,20300.0,13.5,B
2021-07-27T13:10:15,200.0,13.6,B
2021-07-27T13:10:10,1000.0,13.6,B
2021-07-27T13:10:07,1000.0,13.6,B
2021-07-27T13:09:28,5000.0,13.6,B
2021-07-27T13:08:31,100.0,13.6,B
2021-07-27T13:08:30,200.0,13.6,B
2021-07-27T13:04:16,500.0,13.6,B
2021-07-27T13:03:59,100.0,13.6,B
2021-07-27T13:02:33,1000.0,13.6,B
2021-07-27T13:02:18,500.0,13.6,B
2021-07-27T13:01:31,500.0,13.6,B
2021-07-27T13:00:40,500.0,13.6,B
2021-07-27T13:00:06,1700.0,13.6,B
2021-07-27T13:00:03,1000.0,13.6,B
2021-07-27T13:00:02,1000.0,13.6,B
2021-07-27T11:29:11,2000.0,13.6,B
2021-07-27T11:28:17,7800.0,13.5,S
2021-07-27T11:28:02,7200.0,13.5,S
2021-07-27T11:27:57,23000.0,13.5,S
2021-07-27T11:24:45,1000.0,13.6,B
2021-07-27T11:23:26,100.0,13.6,B
2021-07-27T11:22:57,500.0,13.6,B
2021-07-27T11:20:33,5000.0,13.6,B
2021-07-27T11:20:29,100.0,13.6,B
2021-07-27T11:16:43,100.0,13.5,B
2021-07-27T11:16:23,300.0,13.5,B
2021-07-27T11:16:21,300.0,13.5,B
2021-07-27T11:16:20,300.0,13.5,B
2021-07-27T11:16:15,1000.0,13.5,B
2021-07-27T11:16:10,800.0,13.5,B
2021-07-27T11:16:06,200.0,13.5,B
2021-07-27T11:15:50,1000.0,13.5,B
2021-07-27T11:15:42,100.0,13.5,B
2021-07-27T11:15:39,5000.0,13.5,B
2021-07-27T11:15:32,700.0,13.5,B
2021-07-27T11:15:28,100.0,13.5,B
2021-07-27T11:15:23,1400.0,13.5,B
2021-07-27T11:15:14,5000.0,13.5,B
2021-07-27T11:14:51,3700.0,13.5,S
2021-07-27T11:14:43,1000.0,13.6,B
2021-07-27T11:14:43,30000.0,13.5,S
2021-07-27T11:12:53,300.0,13.6,B
2021-07-27T11:12:25,1000.0,13.6,B
2021-07-27T11:11:49,5000.0,13.6,B
2021-07-27T11:11:07,500.0,13.6,B
2021-07-27T11:10:58,800.0,13.6,B
2021-07-27T11:07:13,800.0,13.6,B
2021-07-27T11:06:55,100.0,13.6,B
2021-07-27T11:06:50,300.0,13.6,B
2021-07-27T11:06:42,100.0,13.6,B
2021-07-27T11:06:31,15000.0,13.6,B
2021-07-27T11:06:11,2000.0,13.6,B
2021-07-27T11:04:29,1000.0,13.6,B
2021-07-27T11:03:22,500.0,13.6,B
2021-07-27T11:03:16,3300.0,13.6,B
2021-07-27T11:02:19,200.0,13.6,S
2021-07-27T11:01:45,100.0,13.6,B
2021-07-27T11:01:17,900.0,13.6,B
2021-07-27T11:01:06,1000.0,13.6,B
2021-07-27T11:00:58,500.0,13.6,B
2021-07-27T11:00:57,1000.0,13.6,B
2021-07-27T11:00:30,2000.0,13.6,B
2021-07-27T11:00:27,4000.0,13.6,B
2021-07-27T10:59:40,1000.0,13.6,B
2021-07-27T10:59:37,9300.0,13.6,S
2021-07-27T10:58:58,300.0,13.7,B
2021-07-27T10:55:13,500.0,13.6,B
2021-07-27T10:53:57,8500.0,13.6,S
2021-07-27T10:52:55,800.0,13.6,S
2021-07-27T10:52:38,3000.0,13.6,B
2021-07-27T10:52:11,2200.0,13.6,B
2021-07-27T10:49:35,3200.0,13.6,S
2021-07-27T10:49:01,200.0,13.6,S
2021-07-27T10:48:49,100.0,13.6,S
2021-07-27T10:48:46,8300.0,13.6,B
2021-07-27T10:41:31,8200.0,13.5,S
2021-07-27T10:41:13,36800.0,13.5,S
2021-07-27T10:40:40,2000.0,13.6,B
2021-07-27T10:39:49,900.0,13.6,B
2021-07-27T10:36:27,3300.0,13.6,S
2021-07-27T10:34:56,8700.0,13.6,B
2021-07-27T10:31:47,100.0,13.6,B
2021-07-27T10:31:46,11200.0,13.6,S
2021-07-27T10:28:19,8000.0,13.6,S
2021-07-27T10:26:25,200.0,13.7,B
2021-07-27T10:24:41,10000.0,13.7,B
2021-07-27T10:22:21,100.0,13.7,B
2021-07-27T10:22:06,2000.0,13.7,B
2021-07-27T10:21:47,100.0,13.7,B
2021-07-27T10:21:40,100.0,13.7,B
2021-07-27T10:21:31,1000.0,13.7,B
2021-07-27T10:20:58,5000.0,13.7,B
2021-07-27T10:20:11,200.0,13.7,B
2021-07-27T10:19:01,1000.0,13.7,B
2021-07-27T10:18:30,800.0,13.6,S
2021-07-27T10:17:40,2000.0,13.6,B
2021-07-27T10:17:04,1200.0,13.6,S
2021-07-27T10:16:27,3000.0,13.6,S
2021-07-27T10:16:04,100.0,13.6,S
2021-07-27T10:14:04,200.0,13.6,B
2021-07-27T10:14:02,3300.0,13.6,B
2021-07-27T10:13:42,10000.0,13.6,B
2021-07-27T10:12:51,100.0,13.6,B
2021-07-27T10:11:11,400.0,13.6,B
2021-07-27T10:10:25,200.0,13.5,S
2021-07-27T10:10:03,100.0,13.5,B
2021-07-27T10:09:59,1000.0,13.5,B
2021-07-27T10:09:16,100.0,13.5,B
2021-07-27T10:09:13,1000.0,13.5,B
2021-07-27T10:09:10,3000.0,13.5,B
2021-07-27T10:09:08,1300.0,13.5,B
2021-07-27T10:08:01,400.0,13.5,B
2021-07-27T10:07:56,1000.0,13.5,B
2021-07-27T10:07:50,5000.0,13.5,B
2021-07-27T10:07:49,1000.0,13.5,B
2021-07-27T10:07:31,6100.0,13.5,S
2021-07-27T10:06:42,5000.0,13.5,S
2021-07-27T10:06:30,8500.0,13.5,S
2021-07-27T10:06:27,5000.0,13.5,B
2021-07-27T10:06:08,36500.0,13.5,S
2021-07-27T10:06:07,1000.0,13.6,B
2021-07-27T10:04:10,1500.0,13.6,B
2021-07-27T10:01:38,100.0,13.6,S
2021-07-27T10:01:09,2000.0,13.6,B
2021-07-27T10:00:55,1000.0,13.6,B
2021-07-27T10:00:42,1000.0,13.6,S
2021-07-27T09:59:54,2000.0,13.6,S
2021-07-27T09:59:47,12000.0,13.6,S
2021-07-27T09:58:58,500.0,13.7,B
2021-07-27T09:58:51,2500.0,13.7,B
2021-07-27T09:57:20,1300.0,13.7,B
2021-07-27T09:55:39,2000.0,13.7,S
2021-07-27T09:54:46,100.0,13.7,S
2021-07-27T09:50:23,1100.0,13.7,B
2021-07-27T09:47:55,1000.0,13.7,B
2021-07-27T09:47:07,1000.0,13.7,B
2021-07-27T09:46:48,100.0,13.7,B
2021-07-27T09:46:28,500.0,13.7,B
2021-07-27T09:46:10,200.0,13.7,B
2021-07-27T09:44:42,100.0,13.7,B
2021-07-27T09:44:10,1000.0,13.7,S
2021-07-27T09:42:24,300.0,13.7,S
2021-07-27T09:42:22,500.0,13.7,B
2021-07-27T09:41:39,9200.0,13.7,S
2021-07-27T09:39:49,200.0,13.7,S
2021-07-27T09:39:04,100.0,13.7,S
2021-07-27T09:38:50,600.0,13.7,B
2021-07-27T09:35:48,900.0,13.7,S
2021-07-27T09:34:50,6500.0,13.7,B
2021-07-27T09:27:05,500.0,13.6,S
2021-07-27T09:26:17,700.0,13.7,S
2021-07-27T09:26:07,100.0,13.7,S
2021-07-27T09:23:33,200.0,13.6,S
2021-07-27T09:22:07,1200.0,13.6,S
2021-07-27T09:21:39,1000.0,13.6,S
2021-07-27T09:21:04,3000.0,13.6,S
2021-07-27T09:17:24,2000.0,13.8,B
2021-07-27T09:15:41,100.0,13.8,B
2021-07-27T09:13:14,2000.0,13.7,S
2021-07-27T09:12:45,1000.0,13.7,B
2021-07-27T09:12:37,1000.0,13.7,B
2021-07-27T09:11:41,1600.0,13.7,S
2021-07-27T09:08:41,600.0,13.8,B
2021-07-27T09:05:49,700.0,13.8,S
2021-07-27T09:05:47,500.0,13.9,B
2021-07-27T09:04:18,2000.0,13.9,B
2021-07-27T09:04:08,9300.0,13.8,B
2021-07-27T09:03:22,5000.0,13.8,B
2021-07-27T09:02:52,1000.0,13.8,B
2021-07-27T09:02:46,3000.0,13.8,B
2021-07-27T09:02:14,6400.0,13.7,B
2021-07-27T09:01:46,10000.0,13.7,B
2021-07-27T09:01:38,1000.0,13.6,S
2021-07-27T09:00:08,200.0,13.5,S
