tradingTime,volume,price,side
2021-07-27T14:49:30,100.0,16.3,B
2021-07-27T14:47:20,100.0,16.2,S
2021-07-27T14:46:40,100.0,16.2,S
2021-07-27T14:45:35,10000.0,16.3,B
2021-07-27T14:45:02,500.0,16.2,S
2021-07-27T14:44:50,300.0,16.3,B
2021-07-27T14:43:00,200.0,16.2,S
2021-07-27T14:43:00,1000.0,16.3,B
2021-07-27T14:42:10,100.0,16.2,B
2021-07-27T14:42:10,100.0,16.2,B
2021-07-27T14:41:35,200.0,16.2,B
2021-07-27T14:41:00,19000.0,16.1,S
2021-07-27T14:40:05,100.0,16.2,S
2021-07-27T14:39:15,400.0,16.3,B
2021-07-27T14:38:10,5000.0,16.2,S
2021-07-27T14:37:45,3000.0,16.2,S
2021-07-27T14:37:25,2000.0,16.2,S
2021-07-27T14:36:55,3000.0,16.2,S
2021-07-27T14:36:50,300.0,16.3,B
2021-07-27T14:36:15,1000.0,16.2,S
2021-07-27T14:35:50,1000.0,16.2,S
2021-07-27T14:35:05,1000.0,16.2,S
2021-07-27T14:34:55,2000.0,16.2,S
2021-07-27T14:34:25,3600.0,16.2,S
2021-07-27T14:31:35,5800.0,16.2,B
2021-07-27T14:31:20,100.0,16.2,B
2021-07-27T14:31:20,2000.0,16.2,B
2021-07-27T14:31:15,1000.0,16.2,B
2021-07-27T14:31:05,10000.0,16.2,B
2021-07-27T14:31:05,100.0,16.2,B
2021-07-27T14:31:00,2000.0,16.2,B
2021-07-27T14:30:30,10000.0,16.2,B
2021-07-27T14:30:25,1000.0,16.2,B
2021-07-27T14:30:15,500.0,16.1,S
2021-07-27T14:30:09,500.0,16.2,B
2021-07-27T14:29:44,100.0,16.2,B
2021-07-27T14:29:32,100.0,16.2,B
2021-07-27T14:29:16,200.0,16.2,B
2021-07-27T14:28:44,100.0,16.2,B
2021-07-27T14:28:40,10000.0,16.2,B
2021-07-27T14:28:25,400.0,16.2,B
2021-07-27T14:28:20,400.0,16.2,B
2021-07-27T14:28:02,1000.0,16.2,B
2021-07-27T14:27:59,1000.0,16.2,B
2021-07-27T14:27:56,200.0,16.2,B
2021-07-27T14:27:53,100.0,16.2,B
2021-07-27T14:27:49,300.0,16.2,B
2021-07-27T14:27:33,500.0,16.2,B
2021-07-27T14:27:13,200.0,16.2,B
2021-07-27T14:26:56,8800.0,16.2,S
2021-07-27T14:26:55,2000.0,16.2,S
2021-07-27T14:26:38,1000.0,16.2,S
2021-07-27T14:26:25,300.0,16.2,S
2021-07-27T14:24:14,1000.0,16.2,S
2021-07-27T14:24:10,30000.0,16.2,S
2021-07-27T14:24:00,200.0,16.2,S
2021-07-27T14:23:35,5000.0,16.2,S
2021-07-27T14:23:30,500.0,16.2,S
2021-07-27T14:22:55,10000.0,16.2,S
2021-07-27T14:21:22,500.0,16.2,S
2021-07-27T14:19:49,5000.0,16.2,S
2021-07-27T14:19:38,500.0,16.3,B
2021-07-27T14:19:32,2500.0,16.2,S
2021-07-27T14:18:43,30000.0,16.2,S
2021-07-27T14:17:40,200.0,16.2,S
2021-07-27T14:17:02,1000.0,16.2,S
2021-07-27T14:16:49,2000.0,16.2,S
2021-07-27T14:15:57,2600.0,16.2,B
2021-07-27T14:15:52,700.0,16.2,B
2021-07-27T14:15:49,26000.0,16.2,B
2021-07-27T14:15:40,100.0,16.2,B
2021-07-27T14:15:35,500.0,16.2,B
2021-07-27T14:15:23,3000.0,16.2,B
2021-07-27T14:15:20,200.0,16.2,B
2021-07-27T14:15:05,100.0,16.2,B
2021-07-27T14:15:03,1800.0,16.1,S
2021-07-27T14:14:51,1800.0,16.2,B
2021-07-27T14:13:45,2800.0,16.1,S
2021-07-27T14:13:30,100.0,16.2,B
2021-07-27T14:13:01,1000.0,16.2,B
2021-07-27T14:12:14,200.0,16.1,S
2021-07-27T14:11:28,2000.0,16.1,S
2021-07-27T14:11:12,34500.0,16.1,S
2021-07-27T14:11:11,2500.0,16.2,S
2021-07-27T14:11:08,500.0,16.2,S
2021-07-27T14:10:40,500.0,16.2,S
2021-07-27T14:10:28,2900.0,16.2,S
2021-07-27T14:10:18,700.0,16.2,S
2021-07-27T14:10:15,10300.0,16.2,S
2021-07-27T14:10:15,9700.0,16.2,S
2021-07-27T14:10:12,5000.0,16.2,S
2021-07-27T14:10:06,2000.0,16.2,S
2021-07-27T14:10:01,19000.0,16.2,S
2021-07-27T14:09:49,2000.0,16.2,S
2021-07-27T14:09:36,5000.0,16.2,S
2021-07-27T14:09:19,2300.0,16.2,S
2021-07-27T14:08:51,1800.0,16.2,S
2021-07-27T14:07:21,2000.0,16.3,B
2021-07-27T14:06:22,500.0,16.2,S
2021-07-27T14:06:01,500.0,16.2,S
2021-07-27T14:05:16,30000.0,16.2,S
2021-07-27T14:05:12,500.0,16.2,S
2021-07-27T14:04:27,1000.0,16.2,S
2021-07-27T14:04:05,200.0,16.2,S
2021-07-27T14:03:21,300.0,16.3,B
2021-07-27T14:02:37,100.0,16.3,B
2021-07-27T14:02:27,3000.0,16.2,S
2021-07-27T14:01:52,100.0,16.2,S
2021-07-27T14:01:15,100.0,16.2,S
2021-07-27T14:00:20,17000.0,16.2,S
2021-07-27T14:00:06,2000.0,16.3,B
2021-07-27T13:59:47,1000.0,16.3,B
2021-07-27T13:59:26,2000.0,16.3,S
2021-07-27T13:58:57,3800.0,16.3,S
2021-07-27T13:58:17,500.0,16.3,S
2021-07-27T13:58:03,10000.0,16.3,S
2021-07-27T13:57:21,600.0,16.3,S
2021-07-27T13:57:20,1500.0,16.3,S
2021-07-27T13:57:17,700.0,16.3,S
2021-07-27T13:57:08,700.0,16.3,S
2021-07-27T13:57:07,2000.0,16.3,S
2021-07-27T13:57:03,2000.0,16.3,S
2021-07-27T13:57:01,400.0,16.3,S
2021-07-27T13:56:41,300.0,16.3,S
2021-07-27T13:56:25,5000.0,16.3,S
2021-07-27T13:56:19,1800.0,16.3,S
2021-07-27T13:55:11,200.0,16.3,S
2021-07-27T13:54:50,25000.0,16.3,S
2021-07-27T13:52:21,200.0,16.3,S
2021-07-27T13:52:11,500.0,16.3,S
2021-07-27T13:51:07,14000.0,16.3,S
2021-07-27T13:50:36,2000.0,16.3,B
2021-07-27T13:50:30,1000.0,16.3,B
2021-07-27T13:50:12,100.0,16.3,B
2021-07-27T13:49:22,1000.0,16.3,B
2021-07-27T13:49:12,1000.0,16.3,B
2021-07-27T13:48:56,1000.0,16.3,B
2021-07-27T13:48:06,1000.0,16.3,B
2021-07-27T13:47:52,100.0,16.3,B
2021-07-27T13:47:32,200.0,16.3,B
2021-07-27T13:47:13,5000.0,16.3,B
2021-07-27T13:46:07,500.0,16.3,B
2021-07-27T13:45:35,1100.0,16.2,S
2021-07-27T13:44:42,1500.0,16.2,S
2021-07-27T13:42:08,10000.0,16.2,S
2021-07-27T13:41:58,500.0,16.3,B
2021-07-27T13:41:52,10000.0,16.2,S
2021-07-27T13:41:41,3000.0,16.3,B
2021-07-27T13:41:38,300.0,16.2,S
2021-07-27T13:41:37,16500.0,16.2,S
2021-07-27T13:40:20,200.0,16.2,S
2021-07-27T13:40:15,1000.0,16.2,S
2021-07-27T13:39:46,200.0,16.2,S
2021-07-27T13:39:27,1000.0,16.2,S
2021-07-27T13:39:07,100.0,16.2,S
2021-07-27T13:38:03,10000.0,16.2,S
2021-07-27T13:37:52,1500.0,16.3,B
2021-07-27T13:37:07,500.0,16.3,B
2021-07-27T13:34:37,5000.0,16.3,B
2021-07-27T13:34:32,500.0,16.3,B
2021-07-27T13:34:05,100.0,16.3,B
2021-07-27T13:33:28,2100.0,16.3,B
2021-07-27T13:33:22,300.0,16.2,S
2021-07-27T13:33:18,10000.0,16.3,B
2021-07-27T13:32:45,200.0,16.3,B
2021-07-27T13:32:37,500.0,16.3,B
2021-07-27T13:32:19,2500.0,16.3,B
2021-07-27T13:31:58,100.0,16.3,B
2021-07-27T13:30:00,5000.0,16.3,B
2021-07-27T13:29:33,1000.0,16.3,S
2021-07-27T13:29:26,10000.0,16.3,S
2021-07-27T13:29:19,1000.0,16.3,S
2021-07-27T13:29:13,200.0,16.3,S
2021-07-27T13:29:10,1000.0,16.3,S
2021-07-27T13:28:27,2000.0,16.3,S
2021-07-27T13:28:27,1200.0,16.3,S
2021-07-27T13:28:02,1000.0,16.3,S
2021-07-27T13:27:42,16500.0,16.3,S
2021-07-27T13:27:29,500.0,16.4,B
2021-07-27T13:27:18,500.0,16.3,S
2021-07-27T13:26:06,300.0,16.3,S
2021-07-27T13:25:52,1000.0,16.3,S
2021-07-27T13:24:37,5000.0,16.3,S
2021-07-27T13:24:31,100.0,16.3,S
2021-07-27T13:24:23,5000.0,16.3,S
2021-07-27T13:24:07,1000.0,16.3,S
2021-07-27T13:23:42,100.0,16.3,S
2021-07-27T13:22:52,1000.0,16.3,S
2021-07-27T13:21:38,500.0,16.3,S
2021-07-27T13:21:02,600.0,16.3,S
2021-07-27T13:20:20,300.0,16.3,S
2021-07-27T13:20:03,300.0,16.3,S
2021-07-27T13:19:07,1700.0,16.3,S
2021-07-27T13:18:10,5000.0,16.4,B
2021-07-27T13:17:13,1500.0,16.3,S
2021-07-27T13:16:25,100.0,16.3,S
2021-07-27T13:16:22,600.0,16.3,S
2021-07-27T13:15:51,2000.0,16.3,S
2021-07-27T13:15:49,200.0,16.3,S
2021-07-27T13:15:46,3000.0,16.3,S
2021-07-27T13:14:58,400.0,16.3,S
2021-07-27T13:14:29,200.0,16.3,S
2021-07-27T13:14:05,200.0,16.3,B
2021-07-27T13:14:04,300.0,16.3,B
2021-07-27T13:13:46,200.0,16.3,B
2021-07-27T13:13:35,20000.0,16.2,S
2021-07-27T13:13:31,1000.0,16.3,B
2021-07-27T13:13:26,100.0,16.3,B
2021-07-27T13:13:11,200.0,16.3,B
2021-07-27T13:13:02,200.0,16.3,B
2021-07-27T13:12:59,400.0,16.3,B
2021-07-27T13:12:56,100.0,16.3,B
2021-07-27T13:12:51,300.0,16.3,B
2021-07-27T13:12:48,300.0,16.3,B
2021-07-27T13:12:35,100.0,16.3,B
2021-07-27T13:12:34,300.0,16.3,B
2021-07-27T13:12:27,6000.0,16.2,S
2021-07-27T13:12:26,500.0,16.3,B
2021-07-27T13:12:17,1000.0,16.3,B
2021-07-27T13:12:11,100.0,16.3,B
2021-07-27T13:12:00,900.0,16.3,B
2021-07-27T13:11:41,100.0,16.3,B
2021-07-27T13:11:35,500.0,16.3,B
2021-07-27T13:11:33,100.0,16.3,B
2021-07-27T13:11:33,1000.0,16.3,B
2021-07-27T13:11:31,1500.0,16.3,B
2021-07-27T13:11:25,10000.0,16.3,B
2021-07-27T13:11:19,100.0,16.3,B
2021-07-27T13:11:17,1000.0,16.3,B
2021-07-27T13:11:16,200.0,16.3,B
2021-07-27T13:10:58,20000.0,16.3,B
2021-07-27T13:10:47,500.0,16.3,B
2021-07-27T13:10:43,100.0,16.3,B
2021-07-27T13:10:39,100.0,16.3,B
2021-07-27T13:10:15,1000.0,16.3,B
2021-07-27T13:09:49,9700.0,16.3,S
2021-07-27T13:09:40,2000.0,16.3,S
2021-07-27T13:09:07,100.0,16.4,B
2021-07-27T13:09:00,6100.0,16.4,B
2021-07-27T13:08:55,50000.0,16.3,S
2021-07-27T13:08:30,1100.0,16.4,B
2021-07-27T13:07:57,100.0,16.4,B
2021-07-27T13:07:33,1000.0,16.4,B
2021-07-27T13:07:08,1000.0,16.4,B
2021-07-27T13:06:59,100.0,16.4,B
2021-07-27T13:06:55,89800.0,16.3,S
2021-07-27T13:06:22,2000.0,16.4,B
2021-07-27T13:05:41,300.0,16.4,B
2021-07-27T13:05:23,1000.0,16.4,B
2021-07-27T13:05:18,7700.0,16.4,S
2021-07-27T13:04:59,4500.0,16.4,B
2021-07-27T13:04:57,5000.0,16.4,B
2021-07-27T13:04:42,300.0,16.4,B
2021-07-27T13:04:35,15000.0,16.4,B
2021-07-27T13:04:15,5000.0,16.4,B
2021-07-27T13:04:10,1000.0,16.4,B
2021-07-27T13:04:05,200.0,16.4,B
2021-07-27T13:03:58,1000.0,16.4,B
2021-07-27T13:03:55,300.0,16.4,B
2021-07-27T13:03:51,20000.0,16.4,B
2021-07-27T13:03:46,10000.0,16.4,B
2021-07-27T13:03:41,500.0,16.4,B
2021-07-27T13:03:23,2000.0,16.4,B
2021-07-27T13:03:18,1000.0,16.4,B
2021-07-27T13:03:01,1000.0,16.4,B
2021-07-27T13:02:47,3000.0,16.4,B
2021-07-27T13:02:06,100.0,16.4,B
2021-07-27T13:02:01,5000.0,16.4,B
2021-07-27T13:01:44,100.0,16.4,B
2021-07-27T13:01:41,100.0,16.4,B
2021-07-27T13:01:11,900.0,16.4,B
2021-07-27T13:00:34,500.0,16.4,B
2021-07-27T13:00:18,2500.0,16.4,B
2021-07-27T11:29:10,500.0,16.3,S
2021-07-27T11:27:24,200.0,16.3,S
2021-07-27T11:26:58,200.0,16.3,S
2021-07-27T11:26:42,2800.0,16.3,B
2021-07-27T11:26:36,500.0,16.3,B
2021-07-27T11:26:15,300.0,16.3,B
2021-07-27T11:26:06,200.0,16.3,B
2021-07-27T11:25:51,200.0,16.3,B
2021-07-27T11:25:42,200.0,16.3,B
2021-07-27T11:25:31,45800.0,16.3,S
2021-07-27T11:25:28,200.0,16.4,B
2021-07-27T11:23:22,200.0,16.4,B
2021-07-27T11:22:57,800.0,16.4,B
2021-07-27T11:22:38,1000.0,16.3,S
2021-07-27T11:22:12,2100.0,16.4,B
2021-07-27T11:22:09,1000.0,16.4,B
2021-07-27T11:21:24,100.0,16.4,B
2021-07-27T11:21:20,90000.0,16.3,S
2021-07-27T11:21:16,100.0,16.4,B
2021-07-27T11:20:20,200.0,16.4,B
2021-07-27T11:18:00,500.0,16.4,B
2021-07-27T11:17:49,5900.0,16.3,S
2021-07-27T11:17:24,100.0,16.4,B
2021-07-27T11:17:21,500.0,16.4,B
2021-07-27T11:16:43,3500.0,16.4,S
2021-07-27T11:15:51,1000.0,16.4,S
2021-07-27T11:15:40,700.0,16.4,B
2021-07-27T11:15:25,300.0,16.4,B
2021-07-27T11:15:15,300.0,16.4,S
2021-07-27T11:14:51,7000.0,16.4,S
2021-07-27T11:13:00,2000.0,16.5,B
2021-07-27T11:12:12,50000.0,16.4,S
2021-07-27T11:11:45,20000.0,16.4,S
2021-07-27T11:11:38,1700.0,16.4,S
2021-07-27T11:11:33,68700.0,16.5,B
2021-07-27T11:11:05,1000.0,16.4,S
2021-07-27T11:10:54,800.0,16.4,S
2021-07-27T11:10:36,1000.0,16.4,S
2021-07-27T11:09:22,400.0,16.5,B
2021-07-27T11:09:06,500.0,16.5,B
2021-07-27T11:08:43,4500.0,16.4,S
2021-07-27T11:08:19,20000.0,16.4,S
2021-07-27T11:07:55,200.0,16.4,S
2021-07-27T11:07:33,5100.0,16.4,S
2021-07-27T11:06:53,1500.0,16.4,S
2021-07-27T11:06:49,2000.0,16.5,B
2021-07-27T11:06:01,2000.0,16.5,B
2021-07-27T11:05:27,4000.0,16.5,B
2021-07-27T11:05:27,2000.0,16.5,B
2021-07-27T11:05:06,100.0,16.5,B
2021-07-27T11:04:59,1000.0,16.5,B
2021-07-27T11:04:44,2000.0,16.5,B
2021-07-27T11:04:20,600.0,16.5,B
2021-07-27T11:04:06,100.0,16.5,B
2021-07-27T11:04:01,400.0,16.5,B
2021-07-27T11:03:18,800.0,16.5,B
2021-07-27T11:03:09,600.0,16.5,S
2021-07-27T11:03:05,200.0,16.5,S
2021-07-27T11:02:54,20000.0,16.5,S
2021-07-27T11:02:53,1000.0,16.5,S
2021-07-27T11:02:41,1000.0,16.5,S
2021-07-27T11:02:39,200.0,16.5,S
2021-07-27T11:02:27,500.0,16.5,S
2021-07-27T11:02:17,2000.0,16.5,S
2021-07-27T11:01:45,2600.0,16.5,B
2021-07-27T11:01:37,1200.0,16.5,B
2021-07-27T11:01:28,200.0,16.5,B
2021-07-27T11:01:22,200.0,16.5,B
2021-07-27T11:01:19,500.0,16.5,B
2021-07-27T11:01:18,6500.0,16.5,B
2021-07-27T11:01:18,200.0,16.5,B
2021-07-27T11:01:17,200.0,16.5,B
2021-07-27T11:01:05,4200.0,16.5,B
2021-07-27T11:01:03,1900.0,16.5,B
2021-07-27T11:01:01,500.0,16.5,B
2021-07-27T11:00:57,2500.0,16.5,B
2021-07-27T11:00:54,2000.0,16.5,B
2021-07-27T11:00:51,500.0,16.5,B
2021-07-27T11:00:51,100.0,16.4,S
2021-07-27T11:00:46,2900.0,16.5,B
2021-07-27T11:00:42,200.0,16.5,B
2021-07-27T11:00:37,500.0,16.5,B
2021-07-27T11:00:32,100.0,16.5,B
2021-07-27T11:00:25,9000.0,16.5,B
2021-07-27T11:00:24,200.0,16.5,B
2021-07-27T11:00:18,300.0,16.5,B
2021-07-27T11:00:07,30000.0,16.5,B
2021-07-27T11:00:01,6000.0,16.5,B
2021-07-27T11:00:00,500.0,16.5,B
2021-07-27T10:59:32,500.0,16.5,B
2021-07-27T10:59:11,100.0,16.5,B
2021-07-27T10:59:04,2000.0,16.5,B
2021-07-27T10:58:46,1400.0,16.5,B
2021-07-27T10:58:42,300.0,16.5,B
2021-07-27T10:58:38,2000.0,16.5,B
2021-07-27T10:58:24,700.0,16.5,B
2021-07-27T10:57:42,2000.0,16.5,B
2021-07-27T10:57:29,200.0,16.5,B
2021-07-27T10:57:06,100.0,16.5,B
2021-07-27T10:56:37,100.0,16.5,B
2021-07-27T10:56:24,1000.0,16.4,S
2021-07-27T10:56:22,100.0,16.5,B
2021-07-27T10:56:13,200.0,16.5,B
2021-07-27T10:56:05,2000.0,16.5,B
2021-07-27T10:55:45,100.0,16.5,B
2021-07-27T10:55:10,1300.0,16.5,B
2021-07-27T10:54:56,300.0,16.5,B
2021-07-27T10:54:46,400.0,16.4,S
2021-07-27T10:54:26,200.0,16.4,S
2021-07-27T10:53:44,2000.0,16.4,S
2021-07-27T10:53:36,16500.0,16.4,S
2021-07-27T10:53:28,1000.0,16.5,B
2021-07-27T10:53:26,400.0,16.4,S
2021-07-27T10:53:00,6000.0,16.4,S
2021-07-27T10:52:55,2000.0,16.4,S
2021-07-27T10:52:52,1000.0,16.4,S
2021-07-27T10:52:49,200.0,16.4,S
2021-07-27T10:52:47,100.0,16.4,S
2021-07-27T10:52:42,800.0,16.4,S
2021-07-27T10:52:42,500.0,16.4,S
2021-07-27T10:52:38,10000.0,16.4,S
2021-07-27T10:52:33,500.0,16.5,B
2021-07-27T10:52:31,800.0,16.4,S
2021-07-27T10:52:24,10000.0,16.4,S
2021-07-27T10:52:03,41600.0,16.5,S
2021-07-27T10:51:56,2200.0,16.5,S
2021-07-27T10:51:54,1800.0,16.5,S
2021-07-27T10:51:53,20000.0,16.5,S
2021-07-27T10:51:50,300.0,16.5,S
2021-07-27T10:51:46,5000.0,16.5,S
2021-07-27T10:51:43,9700.0,16.5,S
2021-07-27T10:51:43,1000.0,16.6,B
2021-07-27T10:51:36,200.0,16.5,S
2021-07-27T10:51:36,200.0,16.5,S
2021-07-27T10:51:35,500.0,16.5,S
2021-07-27T10:51:27,2500.0,16.5,S
2021-07-27T10:51:13,4000.0,16.5,S
2021-07-27T10:51:13,5000.0,16.5,S
2021-07-27T10:51:10,100.0,16.5,S
2021-07-27T10:51:09,10000.0,16.5,S
2021-07-27T10:51:06,800.0,16.5,S
2021-07-27T10:51:02,500.0,16.5,S
2021-07-27T10:50:50,300.0,16.5,S
2021-07-27T10:50:45,3000.0,16.5,S
2021-07-27T10:50:32,200.0,16.5,S
2021-07-27T10:50:28,1000.0,16.5,S
2021-07-27T10:50:13,1000.0,16.5,S
2021-07-27T10:50:13,500.0,16.5,S
2021-07-27T10:50:11,1000.0,16.5,S
2021-07-27T10:50:06,100.0,16.5,S
2021-07-27T10:50:06,5000.0,16.5,S
2021-07-27T10:50:01,100.0,16.5,S
2021-07-27T10:49:58,1000.0,16.5,S
2021-07-27T10:49:52,1400.0,16.5,S
2021-07-27T10:49:41,500.0,16.5,S
2021-07-27T10:49:33,100.0,16.6,B
2021-07-27T10:49:29,1000.0,16.5,S
2021-07-27T10:49:25,1000.0,16.6,B
2021-07-27T10:49:20,1000.0,16.5,S
2021-07-27T10:49:16,100.0,16.6,B
2021-07-27T10:49:16,1000.0,16.5,S
2021-07-27T10:49:07,100.0,16.6,B
2021-07-27T10:49:06,600.0,16.6,B
2021-07-27T10:49:05,100.0,16.6,B
2021-07-27T10:48:58,1000.0,16.6,B
2021-07-27T10:48:49,300.0,16.5,S
2021-07-27T10:48:48,100.0,16.6,B
2021-07-27T10:48:41,100.0,16.6,B
2021-07-27T10:48:34,20500.0,16.6,B
2021-07-27T10:48:29,500.0,16.6,B
2021-07-27T10:48:27,1000.0,16.6,B
2021-07-27T10:48:25,100.0,16.6,B
2021-07-27T10:48:24,1000.0,16.5,S
2021-07-27T10:48:21,1000.0,16.5,S
2021-07-27T10:48:20,100.0,16.6,B
2021-07-27T10:48:16,100.0,16.6,B
2021-07-27T10:48:10,500.0,16.6,B
2021-07-27T10:48:08,8500.0,16.6,B
2021-07-27T10:48:03,100.0,16.6,B
2021-07-27T10:48:00,200.0,16.6,B
2021-07-27T10:47:47,1000.0,16.6,B
2021-07-27T10:47:46,500.0,16.5,S
2021-07-27T10:47:43,200.0,16.6,B
2021-07-27T10:47:41,12200.0,16.6,B
2021-07-27T10:47:33,1000.0,16.6,B
2021-07-27T10:47:30,1600.0,16.6,B
2021-07-27T10:47:23,500.0,16.6,B
2021-07-27T10:47:08,600.0,16.6,B
2021-07-27T10:47:06,16200.0,16.6,S
2021-07-27T10:47:06,5900.0,16.6,S
2021-07-27T10:46:58,200.0,16.6,S
2021-07-27T10:46:58,6400.0,16.6,S
2021-07-27T10:46:56,700.0,16.6,S
2021-07-27T10:46:55,100.0,16.6,S
2021-07-27T10:46:49,2000.0,16.6,S
2021-07-27T10:46:47,1000.0,16.6,S
2021-07-27T10:46:46,5200.0,16.6,S
2021-07-27T10:46:42,3000.0,16.6,S
2021-07-27T10:46:38,2000.0,16.6,S
2021-07-27T10:46:37,1000.0,16.6,S
2021-07-27T10:46:34,500.0,16.6,S
2021-07-27T10:46:31,2000.0,16.6,S
2021-07-27T10:46:28,1000.0,16.6,S
2021-07-27T10:46:21,500.0,16.7,B
2021-07-27T10:46:21,35000.0,16.6,S
2021-07-27T10:46:15,1000.0,16.6,S
2021-07-27T10:46:05,100.0,16.7,B
2021-07-27T10:46:03,6000.0,16.7,B
2021-07-27T10:46:03,200.0,16.7,B
2021-07-27T10:45:53,1000.0,16.7,B
2021-07-27T10:45:47,200.0,16.7,B
2021-07-27T10:45:47,12200.0,16.6,S
2021-07-27T10:45:42,300.0,16.7,B
2021-07-27T10:45:42,100.0,16.6,S
2021-07-27T10:45:33,500.0,16.7,B
2021-07-27T10:45:31,1000.0,16.7,B
2021-07-27T10:45:31,700.0,16.7,B
2021-07-27T10:45:28,200.0,16.7,B
2021-07-27T10:45:16,2000.0,16.7,B
2021-07-27T10:45:12,100.0,16.7,B
2021-07-27T10:45:10,100.0,16.7,B
2021-07-27T10:45:09,5000.0,16.7,B
2021-07-27T10:45:08,4500.0,16.7,B
2021-07-27T10:45:02,1000.0,16.7,B
2021-07-27T10:44:54,100.0,16.7,B
2021-07-27T10:44:49,1100.0,16.7,B
2021-07-27T10:44:40,400.0,16.7,B
2021-07-27T10:44:33,200.0,16.7,B
2021-07-27T10:44:31,300.0,16.6,S
2021-07-27T10:44:29,1000.0,16.6,S
2021-07-27T10:44:29,1300.0,16.6,S
2021-07-27T10:44:27,300.0,16.7,B
2021-07-27T10:44:25,10000.0,16.7,B
2021-07-27T10:44:25,200.0,16.6,S
2021-07-27T10:44:16,1000.0,16.6,S
2021-07-27T10:44:14,2000.0,16.7,B
2021-07-27T10:44:13,500.0,16.6,S
2021-07-27T10:44:12,1200.0,16.7,B
2021-07-27T10:44:06,100.0,16.7,B
2021-07-27T10:44:05,2500.0,16.7,B
2021-07-27T10:44:05,10100.0,16.7,B
2021-07-27T10:44:01,10300.0,16.7,B
2021-07-27T10:44:00,300.0,16.7,B
2021-07-27T10:43:57,10000.0,16.7,S
2021-07-27T10:43:57,7500.0,16.7,S
2021-07-27T10:43:49,3000.0,16.7,S
2021-07-27T10:43:43,13400.0,16.7,B
2021-07-27T10:43:41,3000.0,16.7,B
2021-07-27T10:43:38,30000.0,16.7,B
2021-07-27T10:43:37,500.0,16.7,B
2021-07-27T10:43:35,900.0,16.7,B
2021-07-27T10:43:35,400.0,16.7,B
2021-07-27T10:43:33,6500.0,16.7,B
2021-07-27T10:43:31,100.0,16.7,B
2021-07-27T10:43:31,10000.0,16.6,S
2021-07-27T10:43:30,200.0,16.7,B
2021-07-27T10:43:29,1000.0,16.7,B
2021-07-27T10:43:22,5000.0,16.7,B
2021-07-27T10:43:20,200.0,16.7,B
2021-07-27T10:43:18,200.0,16.7,B
2021-07-27T10:43:18,100.0,16.7,B
2021-07-27T10:43:17,5000.0,16.7,B
2021-07-27T10:43:12,100.0,16.7,B
2021-07-27T10:43:08,200.0,16.7,B
2021-07-27T10:43:06,5000.0,16.7,B
2021-07-27T10:43:06,500.0,16.7,B
2021-07-27T10:43:05,1000.0,16.7,B
2021-07-27T10:43:04,100.0,16.7,B
2021-07-27T10:43:03,500.0,16.7,B
2021-07-27T10:42:58,4100.0,16.7,B
2021-07-27T10:42:57,500.0,16.7,B
2021-07-27T10:42:57,2100.0,16.7,B
2021-07-27T10:42:54,500.0,16.7,B
2021-07-27T10:42:52,10000.0,16.7,B
2021-07-27T10:42:47,4100.0,16.7,B
2021-07-27T10:42:46,2000.0,16.7,B
2021-07-27T10:42:43,15000.0,16.7,B
2021-07-27T10:42:38,100.0,16.7,B
2021-07-27T10:42:37,500.0,16.6,S
2021-07-27T10:42:27,300.0,16.6,S
2021-07-27T10:42:26,400.0,16.7,B
2021-07-27T10:42:25,200.0,16.6,S
2021-07-27T10:42:22,200.0,16.7,B
2021-07-27T10:42:19,300.0,16.6,S
2021-07-27T10:42:18,50000.0,16.7,B
2021-07-27T10:42:18,400.0,16.6,S
2021-07-27T10:42:13,5000.0,16.6,S
2021-07-27T10:42:12,10100.0,16.7,B
2021-07-27T10:42:12,5000.0,16.6,S
2021-07-27T10:42:10,5000.0,16.7,B
2021-07-27T10:42:10,3000.0,16.7,B
2021-07-27T10:42:07,700.0,16.7,B
2021-07-27T10:42:04,1700.0,16.7,B
2021-07-27T10:42:02,200.0,16.7,B
2021-07-27T10:42:01,300.0,16.7,B
2021-07-27T10:41:59,600.0,16.7,B
2021-07-27T10:41:58,400.0,16.7,B
2021-07-27T10:41:58,1000.0,16.7,B
2021-07-27T10:41:58,5000.0,16.7,B
2021-07-27T10:41:56,12000.0,16.7,B
2021-07-27T10:41:53,200.0,16.7,B
2021-07-27T10:41:51,2000.0,16.7,B
2021-07-27T10:41:50,10000.0,16.7,B
2021-07-27T10:41:50,1800.0,16.7,B
2021-07-27T10:41:49,200.0,16.7,B
2021-07-27T10:41:49,200.0,16.7,B
2021-07-27T10:41:44,4400.0,16.7,B
2021-07-27T10:41:42,5000.0,16.7,B
2021-07-27T10:41:42,1000.0,16.7,B
2021-07-27T10:41:41,1000.0,16.7,B
2021-07-27T10:41:41,800.0,16.7,B
2021-07-27T10:41:38,50700.0,16.7,B
2021-07-27T10:41:35,200.0,16.7,B
2021-07-27T10:41:30,600.0,16.7,B
2021-07-27T10:41:27,2000.0,16.7,B
2021-07-27T10:41:26,200.0,16.7,B
2021-07-27T10:41:23,100.0,16.7,B
2021-07-27T10:41:23,2000.0,16.7,B
2021-07-27T10:41:23,2500.0,16.7,B
2021-07-27T10:41:20,1600.0,16.7,B
2021-07-27T10:41:13,1000.0,16.7,B
2021-07-27T10:41:13,500.0,16.6,S
2021-07-27T10:41:12,4100.0,16.7,B
2021-07-27T10:41:12,100.0,16.7,B
2021-07-27T10:41:10,1000.0,16.7,B
2021-07-27T10:41:04,5000.0,16.7,B
2021-07-27T10:41:02,500.0,16.6,B
2021-07-27T10:41:01,4600.0,16.6,B
2021-07-27T10:41:01,2000.0,16.6,B
2021-07-27T10:41:00,500.0,16.6,B
2021-07-27T10:40:59,1000.0,16.6,B
2021-07-27T10:40:56,500.0,16.6,B
2021-07-27T10:40:53,50300.0,16.6,B
2021-07-27T10:40:42,400.0,16.5,S
2021-07-27T10:40:38,7400.0,16.5,S
2021-07-27T10:40:36,200.0,16.5,S
2021-07-27T10:40:36,16700.0,16.5,B
2021-07-27T10:40:36,90000.0,16.5,B
2021-07-27T10:40:29,200.0,16.5,B
2021-07-27T10:40:21,300.0,16.5,B
2021-07-27T10:40:17,2000.0,16.4,S
2021-07-27T10:40:14,800.0,16.5,B
2021-07-27T10:40:11,5100.0,16.5,B
2021-07-27T10:40:11,800.0,16.5,B
2021-07-27T10:40:10,100.0,16.5,B
2021-07-27T10:40:06,400.0,16.5,B
2021-07-27T10:40:06,1000.0,16.5,B
2021-07-27T10:40:06,500.0,16.5,B
2021-07-27T10:40:04,300.0,16.5,B
2021-07-27T10:40:02,1500.0,16.5,B
2021-07-27T10:40:02,100.0,16.5,B
2021-07-27T10:40:00,2000.0,16.5,B
2021-07-27T10:39:58,2000.0,16.5,B
2021-07-27T10:39:57,10100.0,16.5,B
2021-07-27T10:39:57,10000.0,16.5,B
2021-07-27T10:39:55,4100.0,16.5,B
2021-07-27T10:39:55,300.0,16.4,S
2021-07-27T10:39:52,1400.0,16.5,B
2021-07-27T10:39:52,3500.0,16.5,B
2021-07-27T10:39:47,7000.0,16.5,B
2021-07-27T10:39:46,12000.0,16.5,B
2021-07-27T10:39:40,500.0,16.5,B
2021-07-27T10:39:40,4500.0,16.5,B
2021-07-27T10:39:32,1000.0,16.4,S
2021-07-27T10:39:29,100.0,16.5,B
2021-07-27T10:39:25,500.0,16.4,S
2021-07-27T10:39:20,100.0,16.4,S
2021-07-27T10:39:15,200.0,16.4,S
2021-07-27T10:39:11,2000.0,16.4,S
2021-07-27T10:39:10,41800.0,16.4,B
2021-07-27T10:39:04,3100.0,16.4,B
2021-07-27T10:39:02,500.0,16.4,B
2021-07-27T10:38:55,200.0,16.4,B
2021-07-27T10:38:52,1000.0,16.4,B
2021-07-27T10:38:50,100.0,16.4,B
2021-07-27T10:38:50,300.0,16.4,B
2021-07-27T10:38:49,300.0,16.4,B
2021-07-27T10:38:48,500.0,16.4,B
2021-07-27T10:38:43,1000.0,16.4,B
2021-07-27T10:38:43,100.0,16.4,B
2021-07-27T10:38:42,200.0,16.4,B
2021-07-27T10:38:41,200.0,16.4,B
2021-07-27T10:38:40,300.0,16.4,B
2021-07-27T10:38:39,1000.0,16.4,B
2021-07-27T10:38:36,100.0,16.4,B
2021-07-27T10:38:35,1500.0,16.4,B
2021-07-27T10:38:35,500.0,16.4,B
2021-07-27T10:38:31,1000.0,16.4,B
2021-07-27T10:38:22,200.0,16.4,B
2021-07-27T10:38:20,5000.0,16.4,B
2021-07-27T10:37:56,5300.0,16.3,B
2021-07-27T10:37:55,2300.0,16.3,B
2021-07-27T10:37:54,700.0,16.3,B
2021-07-27T10:37:52,500.0,16.3,B
2021-07-27T10:37:52,1000.0,16.3,B
2021-07-27T10:37:49,15000.0,16.3,B
2021-07-27T10:37:49,10000.0,16.3,B
2021-07-27T10:37:47,500.0,16.3,B
2021-07-27T10:37:47,300.0,16.3,B
2021-07-27T10:37:47,12000.0,16.3,B
2021-07-27T10:37:46,1100.0,16.3,B
2021-07-27T10:37:45,3100.0,16.3,B
2021-07-27T10:37:44,1000.0,16.3,B
2021-07-27T10:37:41,5000.0,16.3,B
2021-07-27T10:37:38,5000.0,16.3,B
2021-07-27T10:37:36,4500.0,16.3,B
2021-07-27T10:37:35,200.0,16.3,B
2021-07-27T10:37:34,200.0,16.3,B
2021-07-27T10:37:33,10000.0,16.2,S
2021-07-27T10:37:31,3000.0,16.3,B
2021-07-27T10:37:28,100.0,16.3,B
2021-07-27T10:37:27,1100.0,16.3,B
2021-07-27T10:37:25,100.0,16.3,B
2021-07-27T10:37:24,200.0,16.3,B
2021-07-27T10:37:20,500.0,16.3,B
2021-07-27T10:37:15,200.0,16.3,B
2021-07-27T10:37:13,1500.0,16.3,B
2021-07-27T10:37:11,2200.0,16.3,B
2021-07-27T10:37:11,1000.0,16.3,B
2021-07-27T10:37:08,1500.0,16.3,B
2021-07-27T10:37:08,6000.0,16.3,B
2021-07-27T10:37:06,100.0,16.3,B
2021-07-27T10:36:31,1000.0,16.3,B
2021-07-27T10:36:20,200.0,16.3,B
2021-07-27T10:36:19,500.0,16.3,B
2021-07-27T10:36:14,400.0,16.3,B
2021-07-27T10:35:58,5400.0,16.3,B
2021-07-27T10:35:55,100.0,16.3,B
2021-07-27T10:35:52,1000.0,16.3,B
2021-07-27T10:35:14,200.0,16.3,B
2021-07-27T10:35:08,500.0,16.3,B
2021-07-27T10:34:54,100.0,16.3,B
2021-07-27T10:34:52,4000.0,16.3,B
2021-07-27T10:34:52,1000.0,16.3,B
2021-07-27T10:34:34,100.0,16.3,B
2021-07-27T10:34:25,100.0,16.3,B
2021-07-27T10:34:15,2000.0,16.3,B
2021-07-27T10:33:58,200.0,16.3,B
2021-07-27T10:33:57,5000.0,16.2,S
2021-07-27T10:33:55,200.0,16.3,B
2021-07-27T10:33:28,100.0,16.3,B
2021-07-27T10:33:25,4800.0,16.2,B
2021-07-27T10:33:24,100.0,16.2,B
2021-07-27T10:33:19,100.0,16.2,B
2021-07-27T10:33:06,3500.0,16.2,B
2021-07-27T10:33:01,1000.0,16.2,B
2021-07-27T10:32:58,200.0,16.2,B
2021-07-27T10:32:54,1000.0,16.2,B
2021-07-27T10:32:50,8000.0,16.2,B
2021-07-27T10:32:47,200.0,16.2,B
2021-07-27T10:32:40,1100.0,16.2,B
2021-07-27T10:32:40,500.0,16.2,B
2021-07-27T10:32:37,1200.0,16.2,B
2021-07-27T10:32:33,400.0,16.2,B
2021-07-27T10:32:32,2000.0,16.2,B
2021-07-27T10:32:28,5000.0,16.2,B
2021-07-27T10:32:28,100.0,16.2,B
2021-07-27T10:32:23,15000.0,16.2,B
2021-07-27T10:32:17,3300.0,16.2,S
2021-07-27T10:32:10,5700.0,16.2,B
2021-07-27T10:32:08,5000.0,16.2,B
2021-07-27T10:32:01,400.0,16.2,B
2021-07-27T10:32:00,1000.0,16.2,B
2021-07-27T10:31:46,300.0,16.2,B
2021-07-27T10:31:32,500.0,16.2,B
2021-07-27T10:31:29,200.0,16.2,B
2021-07-27T10:31:09,2000.0,16.2,B
2021-07-27T10:31:06,1000.0,16.2,B
2021-07-27T10:31:01,200.0,16.2,B
2021-07-27T10:30:59,500.0,16.2,B
2021-07-27T10:30:53,3000.0,16.2,B
2021-07-27T10:30:39,200.0,16.2,B
2021-07-27T10:30:26,500.0,16.2,B
2021-07-27T10:30:21,1000.0,16.1,S
2021-07-27T10:30:17,100.0,16.2,B
2021-07-27T10:29:59,100.0,16.2,B
2021-07-27T10:29:55,700.0,16.2,B
2021-07-27T10:29:51,1000.0,16.2,B
2021-07-27T10:29:31,5200.0,16.2,S
2021-07-27T10:29:30,100.0,16.2,S
2021-07-27T10:29:27,1000.0,16.2,S
2021-07-27T10:29:20,500.0,16.2,S
2021-07-27T10:29:19,38200.0,16.2,B
2021-07-27T10:28:48,500.0,16.1,S
2021-07-27T10:28:40,7000.0,16.1,S
2021-07-27T10:28:36,2500.0,16.1,S
2021-07-27T10:28:35,2000.0,16.1,S
2021-07-27T10:28:32,300.0,16.2,B
2021-07-27T10:28:30,1000.0,16.1,S
2021-07-27T10:27:57,3000.0,16.1,S
2021-07-27T10:27:14,100.0,16.1,S
2021-07-27T10:27:01,1200.0,16.2,B
2021-07-27T10:26:56,3000.0,16.2,B
2021-07-27T10:26:40,9500.0,16.2,B
2021-07-27T10:26:24,5300.0,16.2,B
2021-07-27T10:24:41,4000.0,16.2,B
2021-07-27T10:24:20,1000.0,16.1,S
2021-07-27T10:24:16,1000.0,16.2,B
2021-07-27T10:24:00,42500.0,16.1,S
2021-07-27T10:23:58,2000.0,16.2,B
2021-07-27T10:23:55,1400.0,16.2,B
2021-07-27T10:23:52,1000.0,16.2,B
2021-07-27T10:23:45,100.0,16.2,B
2021-07-27T10:23:33,1000.0,16.1,S
2021-07-27T10:23:31,2000.0,16.2,B
2021-07-27T10:23:28,1000.0,16.2,B
2021-07-27T10:23:27,1000.0,16.2,B
2021-07-27T10:23:25,1500.0,16.2,B
2021-07-27T10:23:21,15000.0,16.2,B
2021-07-27T10:23:20,10000.0,16.2,B
2021-07-27T10:23:20,2000.0,16.1,S
2021-07-27T10:23:18,1000.0,16.2,B
2021-07-27T10:23:07,1000.0,16.2,B
2021-07-27T10:23:02,15000.0,16.2,B
2021-07-27T10:22:41,200.0,16.2,B
2021-07-27T10:22:39,100.0,16.2,B
2021-07-27T10:22:29,20000.0,16.2,B
2021-07-27T10:22:28,2000.0,16.2,B
2021-07-27T10:22:26,10000.0,16.2,B
2021-07-27T10:22:24,500.0,16.1,S
2021-07-27T10:22:13,400.0,16.2,B
2021-07-27T10:22:07,1000.0,16.2,B
2021-07-27T10:22:06,100.0,16.1,S
2021-07-27T10:21:48,2000.0,16.2,B
2021-07-27T10:21:46,3000.0,16.2,B
2021-07-27T10:21:32,500.0,16.2,B
2021-07-27T10:20:47,1000.0,16.2,B
2021-07-27T10:20:23,1000.0,16.2,B
2021-07-27T10:20:17,200.0,16.2,B
2021-07-27T10:19:47,2000.0,16.2,B
2021-07-27T10:19:30,2000.0,16.2,B
2021-07-27T10:18:52,500.0,16.2,B
2021-07-27T10:18:05,100.0,16.2,B
2021-07-27T10:17:49,1000.0,16.2,B
2021-07-27T10:17:38,100.0,16.2,B
2021-07-27T10:17:38,2000.0,16.2,B
2021-07-27T10:17:13,1000.0,16.2,B
2021-07-27T10:17:01,3000.0,16.2,B
2021-07-27T10:16:49,700.0,16.2,B
2021-07-27T10:16:32,3000.0,16.2,B
2021-07-27T10:16:26,1500.0,16.2,B
2021-07-27T10:16:14,200.0,16.2,B
2021-07-27T10:16:13,100.0,16.2,B
2021-07-27T10:15:40,2000.0,16.2,B
2021-07-27T10:15:28,100.0,16.2,B
2021-07-27T10:15:24,1000.0,16.2,B
2021-07-27T10:15:11,100.0,16.2,B
2021-07-27T10:14:52,100.0,16.2,B
2021-07-27T10:14:39,7000.0,16.2,B
2021-07-27T10:14:31,100.0,16.2,B
2021-07-27T10:14:25,200.0,16.1,B
2021-07-27T10:14:25,2000.0,16.1,B
2021-07-27T10:14:22,3000.0,16.1,B
2021-07-27T10:14:19,15300.0,16.1,B
2021-07-27T10:14:03,100.0,16.1,B
2021-07-27T10:13:52,2000.0,16.1,B
2021-07-27T10:13:49,1000.0,16.1,B
2021-07-27T10:13:08,1500.0,16.1,B
2021-07-27T10:12:58,2000.0,16.0,S
2021-07-27T10:12:52,2000.0,16.0,S
2021-07-27T10:12:34,100.0,16.1,B
2021-07-27T10:12:29,100.0,16.1,B
2021-07-27T10:11:50,1000.0,16.0,S
2021-07-27T10:11:23,10000.0,15.9,S
2021-07-27T10:11:16,100.0,16.1,B
2021-07-27T10:11:14,2000.0,16.0,S
2021-07-27T10:11:05,700.0,16.0,B
2021-07-27T10:10:59,200.0,16.0,B
2021-07-27T10:10:53,3000.0,16.0,B
2021-07-27T10:10:35,1000.0,16.0,B
2021-07-27T10:10:23,300.0,16.0,B
2021-07-27T10:10:20,3000.0,16.0,B
2021-07-27T10:10:17,1000.0,15.9,S
2021-07-27T10:10:07,55000.0,15.9,S
2021-07-27T10:08:49,300.0,15.9,S
2021-07-27T10:08:02,1000.0,15.9,S
2021-07-27T10:07:54,400.0,15.9,S
2021-07-27T10:07:31,500.0,15.9,S
2021-07-27T10:06:38,100.0,15.9,S
2021-07-27T10:06:26,200.0,15.9,S
2021-07-27T10:06:15,500.0,15.9,S
2021-07-27T10:06:13,100.0,15.9,S
2021-07-27T10:05:57,3000.0,15.9,S
2021-07-27T10:05:55,1000.0,15.9,S
2021-07-27T10:05:31,1000.0,15.9,S
2021-07-27T10:05:05,8000.0,16.0,B
2021-07-27T10:04:12,100.0,15.9,S
2021-07-27T10:03:53,1000.0,15.9,S
2021-07-27T10:03:36,2000.0,15.9,S
2021-07-27T10:03:01,500.0,15.9,S
2021-07-27T10:01:09,5000.0,15.9,S
2021-07-27T10:01:08,100.0,15.9,S
2021-07-27T10:00:52,300.0,15.9,S
2021-07-27T10:00:34,500.0,15.9,S
2021-07-27T10:00:32,400.0,16.0,B
2021-07-27T09:59:09,1500.0,16.0,B
2021-07-27T09:58:56,200.0,15.9,B
2021-07-27T09:58:28,500.0,15.9,B
2021-07-27T09:58:22,2000.0,15.9,B
2021-07-27T09:57:39,100.0,15.9,B
2021-07-27T09:57:33,900.0,15.9,B
2021-07-27T09:57:24,1000.0,15.9,B
2021-07-27T09:55:51,2000.0,16.0,B
2021-07-27T09:55:45,300.0,15.9,B
2021-07-27T09:54:31,100.0,15.9,S
2021-07-27T09:54:29,3000.0,15.9,S
2021-07-27T09:54:19,200.0,15.9,S
2021-07-27T09:54:09,100.0,15.9,S
2021-07-27T09:54:03,600.0,15.9,B
2021-07-27T09:53:53,500.0,15.9,B
2021-07-27T09:53:48,1000.0,15.9,B
2021-07-27T09:53:42,200.0,15.9,B
2021-07-27T09:53:24,700.0,15.9,B
2021-07-27T09:53:17,100.0,15.9,S
2021-07-27T09:53:14,1000.0,15.9,S
2021-07-27T09:53:13,500.0,15.9,S
2021-07-27T09:53:07,500.0,15.9,S
2021-07-27T09:52:12,1000.0,15.9,S
2021-07-27T09:52:04,900.0,16.0,B
2021-07-27T09:52:04,3200.0,15.9,S
2021-07-27T09:51:46,400.0,15.9,S
2021-07-27T09:51:37,43700.0,15.9,S
2021-07-27T09:51:28,5000.0,15.9,S
2021-07-27T09:51:23,500.0,15.9,S
2021-07-27T09:50:52,12000.0,15.9,S
2021-07-27T09:50:32,2400.0,15.9,S
2021-07-27T09:50:24,200.0,16.0,B
2021-07-27T09:50:12,100.0,15.9,S
2021-07-27T09:49:58,500.0,16.0,B
2021-07-27T09:49:51,200.0,16.0,B
2021-07-27T09:49:28,300.0,16.0,B
2021-07-27T09:48:45,600.0,15.9,S
2021-07-27T09:48:27,1400.0,15.9,S
2021-07-27T09:48:25,200.0,15.9,S
2021-07-27T09:48:08,600.0,15.9,S
2021-07-27T09:47:22,100.0,15.9,S
2021-07-27T09:46:52,100.0,16.0,B
2021-07-27T09:46:34,100.0,16.0,B
2021-07-27T09:46:25,100.0,16.0,B
2021-07-27T09:45:57,4000.0,16.0,B
2021-07-27T09:44:34,16000.0,16.0,B
2021-07-27T09:44:33,200.0,16.0,B
2021-07-27T09:43:57,500.0,16.0,B
2021-07-27T09:43:30,1000.0,16.0,B
2021-07-27T09:43:21,500.0,16.0,B
2021-07-27T09:43:12,600.0,16.0,B
2021-07-27T09:42:48,500.0,16.0,B
2021-07-27T09:42:43,3000.0,15.9,S
2021-07-27T09:42:36,1000.0,16.0,B
2021-07-27T09:41:32,200.0,16.0,B
2021-07-27T09:41:17,1600.0,16.0,B
2021-07-27T09:41:12,200.0,16.0,B
2021-07-27T09:41:08,500.0,15.9,S
2021-07-27T09:41:05,200.0,16.0,B
2021-07-27T09:40:47,700.0,16.0,B
2021-07-27T09:40:30,100.0,16.0,B
2021-07-27T09:40:07,600.0,15.9,S
2021-07-27T09:40:04,500.0,15.9,S
2021-07-27T09:39:43,200.0,16.0,B
2021-07-27T09:39:21,100.0,16.0,B
2021-07-27T09:39:10,100.0,16.0,B
2021-07-27T09:39:04,500.0,15.9,S
2021-07-27T09:38:29,100.0,16.0,B
2021-07-27T09:38:03,5000.0,15.9,S
2021-07-27T09:37:35,400.0,15.9,S
2021-07-27T09:37:17,200.0,15.9,S
2021-07-27T09:36:54,100.0,15.9,S
2021-07-27T09:36:35,500.0,15.9,S
2021-07-27T09:36:14,300.0,15.9,S
2021-07-27T09:36:13,10000.0,15.9,S
2021-07-27T09:34:55,1000.0,15.9,S
2021-07-27T09:34:36,2000.0,16.0,B
2021-07-27T09:34:31,600.0,15.9,S
2021-07-27T09:34:10,400.0,16.0,B
2021-07-27T09:34:08,10000.0,15.9,S
2021-07-27T09:33:25,300.0,16.0,B
2021-07-27T09:33:21,14600.0,15.9,S
2021-07-27T09:32:05,300.0,16.0,B
2021-07-27T09:31:39,500.0,15.9,S
2021-07-27T09:31:35,100.0,15.9,S
2021-07-27T09:31:31,25000.0,15.9,S
2021-07-27T09:31:17,2000.0,15.9,S
2021-07-27T09:30:32,8000.0,15.9,S
2021-07-27T09:30:08,100.0,15.9,S
2021-07-27T09:28:18,1000.0,15.9,S
2021-07-27T09:27:12,2000.0,15.9,S
2021-07-27T09:26:56,300.0,16.0,B
2021-07-27T09:26:26,2000.0,16.0,B
2021-07-27T09:26:03,6200.0,16.0,B
2021-07-27T09:25:57,1000.0,15.9,S
2021-07-27T09:25:25,500.0,15.9,S
2021-07-27T09:24:54,300.0,16.0,B
2021-07-27T09:24:37,1000.0,16.0,B
2021-07-27T09:24:08,100.0,15.9,S
2021-07-27T09:24:07,200.0,15.9,S
2021-07-27T09:24:06,1000.0,16.0,B
2021-07-27T09:23:38,200.0,16.0,B
2021-07-27T09:23:15,1000.0,16.0,B
2021-07-27T09:22:54,200.0,16.0,B
2021-07-27T09:21:49,100.0,16.0,B
2021-07-27T09:21:15,100.0,16.0,B
2021-07-27T09:20:27,2000.0,16.0,B
2021-07-27T09:20:14,100.0,16.0,B
2021-07-27T09:19:48,100.0,16.0,B
2021-07-27T09:19:25,52500.0,16.0,S
2021-07-27T09:19:22,300.0,16.0,S
2021-07-27T09:19:22,1000.0,16.0,S
2021-07-27T09:19:04,1900.0,16.0,S
2021-07-27T09:19:02,5000.0,16.1,B
2021-07-27T09:18:48,1000.0,16.1,B
2021-07-27T09:18:41,5000.0,16.1,B
2021-07-27T09:18:18,500.0,16.1,B
2021-07-27T09:18:01,3000.0,16.0,S
2021-07-27T09:17:36,100.0,16.1,B
2021-07-27T09:17:14,1000.0,16.0,S
2021-07-27T09:17:13,300.0,16.1,B
2021-07-27T09:16:41,100.0,16.1,B
2021-07-27T09:16:30,200.0,16.1,B
2021-07-27T09:16:12,10000.0,16.1,B
2021-07-27T09:15:54,3000.0,16.1,B
2021-07-27T09:15:30,200.0,16.1,B
2021-07-27T09:15:21,2000.0,16.1,B
2021-07-27T09:15:19,200.0,16.1,B
2021-07-27T09:15:03,200.0,16.1,B
2021-07-27T09:14:50,2000.0,16.1,B
2021-07-27T09:14:26,2000.0,16.1,B
2021-07-27T09:14:18,1000.0,16.1,B
2021-07-27T09:13:36,100.0,16.1,B
2021-07-27T09:13:34,2000.0,16.1,B
2021-07-27T09:13:33,1000.0,16.1,B
2021-07-27T09:13:30,300.0,16.1,B
2021-07-27T09:13:21,10000.0,16.1,B
2021-07-27T09:13:07,28000.0,16.1,S
2021-07-27T09:11:57,100.0,16.1,S
2021-07-27T09:11:57,1000.0,16.1,S
2021-07-27T09:11:44,200.0,16.2,B
2021-07-27T09:11:38,1700.0,16.1,S
2021-07-27T09:11:37,8300.0,16.1,S
2021-07-27T09:11:24,1700.0,16.1,B
2021-07-27T09:11:23,100.0,16.1,B
2021-07-27T09:11:20,300.0,16.1,B
2021-07-27T09:11:19,10000.0,16.1,B
2021-07-27T09:11:03,10000.0,16.1,B
2021-07-27T09:10:54,5000.0,16.1,B
2021-07-27T09:10:50,1000.0,16.1,B
2021-07-27T09:10:40,600.0,16.1,B
2021-07-27T09:10:39,700.0,16.1,B
2021-07-27T09:10:38,200.0,16.1,B
2021-07-27T09:10:24,1000.0,16.1,B
2021-07-27T09:10:18,100.0,16.1,B
2021-07-27T09:10:16,900.0,16.1,B
2021-07-27T09:09:44,4600.0,16.0,S
2021-07-27T09:09:42,10000.0,16.0,B
2021-07-27T09:09:41,2000.0,16.0,B
2021-07-27T09:09:40,200.0,16.0,B
2021-07-27T09:09:37,1000.0,16.0,B
2021-07-27T09:09:34,200.0,16.0,B
2021-07-27T09:09:29,300.0,16.0,B
2021-07-27T09:09:25,1000.0,16.0,B
2021-07-27T09:09:06,20000.0,16.0,B
2021-07-27T09:09:01,2000.0,16.0,B
2021-07-27T09:08:47,2000.0,16.0,B
2021-07-27T09:08:30,1000.0,15.9,S
2021-07-27T09:07:27,100.0,15.9,S
2021-07-27T09:07:03,100.0,15.9,S
2021-07-27T09:06:06,7500.0,15.8,S
2021-07-27T09:05:39,16900.0,15.9,B
2021-07-27T09:04:00,6200.0,15.8,S
2021-07-27T09:02:06,100.0,15.8,S
2021-07-27T09:00:44,200.0,15.8,S
2021-07-27T09:00:34,100.0,15.8,S
2021-07-27T09:00:32,500.0,16.0,B
