tradingTime,volume,price,side
2021-07-27T14:29:55,500.0,41.0,S
2021-07-27T14:29:43,100.0,41.1,B
2021-07-27T14:28:55,100.0,41.1,B
2021-07-27T14:28:46,1500.0,41.1,B
2021-07-27T14:28:40,15000.0,41.0,S
2021-07-27T14:28:34,200.0,41.0,S
2021-07-27T14:28:33,100.0,41.1,B
2021-07-27T14:28:28,4900.0,41.0,S
2021-07-27T14:26:40,100.0,41.1,B
2021-07-27T14:24:54,100.0,41.1,B
2021-07-27T14:24:49,2500.0,41.1,B
2021-07-27T14:24:49,100.0,41.1,S
2021-07-27T14:24:21,1000.0,41.1,S
2021-07-27T14:23:48,100.0,41.1,S
2021-07-27T14:22:23,5000.0,41.1,S
2021-07-27T14:21:36,3700.0,41.1,S
2021-07-27T14:21:35,100.0,41.2,B
2021-07-27T14:20:51,2400.0,41.2,B
2021-07-27T14:20:19,1100.0,41.2,S
2021-07-27T14:20:04,500.0,41.1,S
2021-07-27T14:19:19,500.0,41.1,S
2021-07-27T14:18:36,200.0,41.1,S
2021-07-27T14:18:10,200.0,41.2,S
2021-07-27T14:17:33,10000.0,41.1,S
2021-07-27T14:16:59,700.0,41.1,B
2021-07-27T14:16:34,1700.0,41.25,B
2021-07-27T14:16:34,3300.0,41.2,B
2021-07-27T14:16:31,300.0,41.1,B
2021-07-27T14:16:17,1000.0,41.1,B
2021-07-27T14:16:02,900.0,41.0,B
2021-07-27T14:15:53,100.0,41.0,B
2021-07-27T14:15:16,700.0,40.9,S
2021-07-27T14:15:09,200.0,41.0,B
2021-07-27T14:15:07,600.0,40.9,S
2021-07-27T14:14:53,300.0,41.0,B
2021-07-27T14:13:37,400.0,41.0,B
2021-07-27T14:13:32,1000.0,40.9,S
2021-07-27T14:13:28,1000.0,40.9,S
2021-07-27T14:12:20,400.0,40.9,B
2021-07-27T14:12:13,100.0,40.9,B
2021-07-27T14:12:08,1000.0,40.9,B
2021-07-27T14:11:38,500.0,40.9,S
2021-07-27T14:11:34,2000.0,40.9,S
2021-07-27T14:11:34,200.0,40.9,S
2021-07-27T14:11:34,300.0,40.9,S
2021-07-27T14:11:11,500.0,40.9,S
2021-07-27T14:11:01,300.0,40.9,S
2021-07-27T14:10:37,5000.0,40.9,S
2021-07-27T14:10:14,10000.0,40.9,S
2021-07-27T14:10:09,100.0,41.0,B
2021-07-27T14:10:00,1500.0,40.95,S
2021-07-27T14:09:16,1000.0,40.95,S
2021-07-27T14:09:11,5000.0,40.95,S
2021-07-27T14:08:29,1000.0,40.95,S
2021-07-27T14:08:21,1500.0,41.0,S
2021-07-27T14:07:53,100.0,41.0,S
2021-07-27T14:07:53,2300.0,41.0,S
2021-07-27T14:07:53,800.0,41.0,S
2021-07-27T14:07:53,2900.0,41.0,S
2021-07-27T14:07:44,2400.0,41.0,S
2021-07-27T14:07:44,600.0,41.0,S
2021-07-27T14:07:44,23500.0,41.0,S
2021-07-27T14:07:44,500.0,41.05,S
2021-07-27T14:07:11,1000.0,41.1,B
2021-07-27T14:07:10,500.0,41.1,B
2021-07-27T14:07:10,100.0,41.1,S
2021-07-27T14:07:10,800.0,41.1,S
2021-07-27T14:07:07,2300.0,41.1,S
2021-07-27T14:07:03,1000.0,41.1,S
2021-07-27T14:06:45,100.0,41.1,S
2021-07-27T14:06:31,5000.0,41.1,S
2021-07-27T14:06:17,1000.0,41.1,S
2021-07-27T14:06:04,3400.0,41.1,S
2021-07-27T14:06:04,1600.0,41.1,S
2021-07-27T14:05:16,100.0,41.2,B
2021-07-27T14:04:10,200.0,41.2,B
2021-07-27T14:04:01,200.0,41.2,B
2021-07-27T14:03:52,500.0,41.2,B
2021-07-27T14:03:11,1000.0,41.15,S
2021-07-27T14:01:30,100.0,41.2,S
2021-07-27T14:00:33,100.0,41.2,S
2021-07-27T14:00:16,500.0,41.2,S
2021-07-27T13:59:53,500.0,41.2,S
2021-07-27T13:59:29,6000.0,41.2,S
2021-07-27T13:55:04,500.0,41.2,S
2021-07-27T13:55:03,3000.0,41.2,S
2021-07-27T13:54:15,500.0,41.2,S
2021-07-27T13:53:07,100.0,41.2,S
2021-07-27T13:51:57,2300.0,41.2,S
2021-07-27T13:51:49,100.0,41.25,B
2021-07-27T13:50:22,100.0,41.25,B
2021-07-27T13:50:19,100.0,41.2,S
2021-07-27T13:50:03,100.0,41.2,S
2021-07-27T13:49:34,300.0,41.2,S
2021-07-27T13:49:34,1100.0,41.2,B
2021-07-27T13:49:19,100.0,41.2,B
2021-07-27T13:49:05,1900.0,41.2,B
2021-07-27T13:49:05,400.0,41.2,B
2021-07-27T13:49:00,100.0,41.2,B
2021-07-27T13:48:35,100.0,41.2,B
2021-07-27T13:48:26,200.0,41.15,S
2021-07-27T13:47:27,1000.0,41.15,S
2021-07-27T13:45:27,500.0,41.2,B
2021-07-27T13:45:17,200.0,41.2,B
2021-07-27T13:45:02,200.0,41.2,B
2021-07-27T13:44:17,500.0,41.2,B
2021-07-27T13:43:27,3000.0,41.1,S
2021-07-27T13:43:10,1000.0,41.1,S
2021-07-27T13:43:05,1000.0,41.2,B
2021-07-27T13:42:25,200.0,41.2,B
2021-07-27T13:42:18,200.0,41.2,B
2021-07-27T13:42:10,200.0,41.2,B
2021-07-27T13:41:44,100.0,41.2,B
2021-07-27T13:41:26,100.0,41.1,S
2021-07-27T13:41:25,1000.0,41.1,S
2021-07-27T13:40:50,3000.0,41.1,S
2021-07-27T13:40:08,500.0,41.1,S
2021-07-27T13:36:22,900.0,41.1,B
2021-07-27T13:36:22,2200.0,41.0,S
2021-07-27T13:36:01,11900.0,40.95,S
2021-07-27T13:35:59,200.0,41.1,B
2021-07-27T13:35:59,900.0,41.1,B
2021-07-27T13:35:45,1500.0,41.0,B
2021-07-27T13:35:37,1000.0,41.0,B
2021-07-27T13:35:31,100.0,41.0,B
2021-07-27T13:35:21,400.0,41.0,S
2021-07-27T13:35:17,1100.0,41.0,B
2021-07-27T13:35:06,100.0,40.9,B
2021-07-27T13:35:01,400.0,40.9,B
2021-07-27T13:35:00,100.0,40.9,B
2021-07-27T13:34:52,200.0,40.9,B
2021-07-27T13:34:50,1000.0,40.9,B
2021-07-27T13:34:49,500.0,40.9,S
2021-07-27T13:34:49,8500.0,40.9,S
2021-07-27T13:34:49,600.0,40.9,S
2021-07-27T13:34:49,1000.0,40.9,S
2021-07-27T13:34:49,1300.0,40.9,S
2021-07-27T13:34:49,1000.0,40.9,S
2021-07-27T13:34:49,6500.0,40.9,S
2021-07-27T13:34:20,100.0,41.0,B
2021-07-27T13:34:03,2700.0,41.0,S
2021-07-27T13:33:56,900.0,41.0,S
2021-07-27T13:33:52,500.0,41.0,B
2021-07-27T13:33:49,100.0,40.9,S
2021-07-27T13:33:43,5500.0,41.0,B
2021-07-27T13:33:19,100.0,41.0,B
2021-07-27T13:33:08,1000.0,41.0,B
2021-07-27T13:32:57,1000.0,41.0,B
2021-07-27T13:32:51,2400.0,41.0,S
2021-07-27T13:32:41,300.0,41.0,B
2021-07-27T13:32:41,400.0,41.0,B
2021-07-27T13:32:06,3500.0,41.0,S
2021-07-27T13:31:30,3700.0,41.0,B
2021-07-27T13:31:15,1000.0,41.0,B
2021-07-27T13:31:02,2000.0,41.0,B
2021-07-27T13:30:56,500.0,41.0,B
2021-07-27T13:30:50,33100.0,41.0,S
2021-07-27T13:30:50,2500.0,41.0,S
2021-07-27T13:30:27,100.0,41.1,S
2021-07-27T13:30:23,4900.0,41.1,B
2021-07-27T13:30:12,100.0,41.1,B
2021-07-27T13:29:47,3000.0,41.0,S
2021-07-27T13:29:47,5000.0,41.05,S
2021-07-27T13:29:47,12100.0,41.05,S
2021-07-27T13:29:36,3400.0,41.1,B
2021-07-27T13:29:20,2600.0,41.1,S
2021-07-27T13:29:07,2400.0,41.1,B
2021-07-27T13:28:48,1000.0,41.1,B
2021-07-27T13:28:40,2600.0,41.1,S
2021-07-27T13:28:17,1300.0,41.1,B
2021-07-27T13:28:16,200.0,41.1,B
2021-07-27T13:28:05,2000.0,41.1,B
2021-07-27T13:27:18,3000.0,41.2,B
2021-07-27T13:27:10,5000.0,41.0,S
2021-07-27T13:27:00,4100.0,41.0,B
2021-07-27T13:26:54,3000.0,41.0,B
2021-07-27T13:26:39,800.0,40.9,B
2021-07-27T13:26:38,200.0,40.9,B
2021-07-27T13:26:36,200.0,40.9,B
2021-07-27T13:26:32,100.0,40.9,B
2021-07-27T13:26:05,200.0,40.9,B
2021-07-27T13:26:00,100.0,40.9,B
2021-07-27T13:25:38,100.0,40.9,B
2021-07-27T13:25:22,1000.0,40.75,S
2021-07-27T13:25:18,100.0,40.8,S
2021-07-27T13:25:16,15000.0,40.8,B
2021-07-27T13:25:11,300.0,40.8,B
2021-07-27T13:25:08,1000.0,40.75,S
2021-07-27T13:25:04,100.0,40.8,B
2021-07-27T13:24:56,100.0,40.8,B
2021-07-27T13:24:55,200.0,40.8,B
2021-07-27T13:24:52,100.0,40.8,S
2021-07-27T13:24:52,9000.0,40.8,S
2021-07-27T13:24:47,1000.0,40.85,S
2021-07-27T13:24:47,1000.0,40.85,S
2021-07-27T13:24:25,100.0,40.8,S
2021-07-27T13:24:22,100.0,40.85,B
2021-07-27T13:24:05,3400.0,40.8,S
2021-07-27T13:24:05,600.0,40.8,S
2021-07-27T13:23:47,1600.0,40.8,B
2021-07-27T13:23:46,500.0,40.8,B
2021-07-27T13:23:37,1000.0,40.8,B
2021-07-27T13:23:34,200.0,40.8,S
2021-07-27T13:23:34,800.0,40.8,S
2021-07-27T13:23:34,1000.0,40.8,S
2021-07-27T13:23:34,1100.0,40.8,S
2021-07-27T13:23:34,1100.0,40.8,S
2021-07-27T13:23:34,900.0,40.8,S
2021-07-27T13:23:34,600.0,40.8,S
2021-07-27T13:23:34,1000.0,40.85,S
2021-07-27T13:23:34,200.0,40.85,S
2021-07-27T13:23:33,400.0,40.85,S
2021-07-27T13:23:26,500.0,40.85,S
2021-07-27T13:23:21,200.0,40.85,S
2021-07-27T13:22:58,600.0,40.85,S
2021-07-27T13:22:57,500.0,40.9,B
2021-07-27T13:22:52,1100.0,40.85,S
2021-07-27T13:22:50,1000.0,40.9,B
2021-07-27T13:22:46,100.0,40.9,B
2021-07-27T13:22:43,3000.0,40.9,S
2021-07-27T13:22:41,100.0,41.0,B
2021-07-27T13:22:41,100.0,40.9,S
2021-07-27T13:22:24,500.0,40.9,B
2021-07-27T13:22:23,17700.0,40.9,B
2021-07-27T13:22:21,100.0,40.9,B
2021-07-27T13:22:19,100.0,40.9,B
2021-07-27T13:22:16,200.0,40.9,B
2021-07-27T13:22:01,200.0,40.9,B
2021-07-27T13:21:58,100.0,40.9,B
2021-07-27T13:21:58,100.0,40.9,B
2021-07-27T13:21:56,1000.0,40.9,B
2021-07-27T13:21:52,100.0,40.9,B
2021-07-27T13:21:52,600.0,40.9,S
2021-07-27T13:21:52,9900.0,40.9,S
2021-07-27T13:21:51,4400.0,41.0,S
2021-07-27T13:21:47,25600.0,41.0,B
2021-07-27T13:21:43,2200.0,40.9,S
2021-07-27T13:21:36,500.0,41.0,B
2021-07-27T13:21:31,100.0,41.0,B
2021-07-27T13:21:27,100.0,41.0,B
2021-07-27T13:21:24,300.0,41.0,B
2021-07-27T13:21:06,100.0,41.0,B
2021-07-27T13:21:06,200.0,41.0,B
2021-07-27T13:21:04,100.0,41.0,B
2021-07-27T13:21:01,100.0,41.0,B
2021-07-27T13:20:45,100.0,41.0,S
2021-07-27T13:20:35,900.0,41.0,B
2021-07-27T13:20:30,3000.0,41.0,B
2021-07-27T13:20:30,500.0,41.0,B
2021-07-27T13:20:22,200.0,41.0,B
2021-07-27T13:20:12,100.0,41.0,B
2021-07-27T13:20:09,500.0,41.0,B
2021-07-27T13:19:52,1000.0,41.0,B
2021-07-27T13:19:48,2000.0,41.0,B
2021-07-27T13:19:41,500.0,41.0,B
2021-07-27T13:19:41,100.0,41.0,B
2021-07-27T13:19:37,100.0,41.0,B
2021-07-27T13:19:34,1000.0,41.0,B
2021-07-27T13:19:18,200.0,41.0,B
2021-07-27T13:19:16,100.0,41.0,B
2021-07-27T13:19:16,500.0,41.0,B
2021-07-27T13:19:15,100.0,41.0,S
2021-07-27T13:19:15,2500.0,41.0,S
2021-07-27T13:19:15,800.0,41.0,S
2021-07-27T13:19:15,900.0,41.0,S
2021-07-27T13:19:15,1200.0,41.0,S
2021-07-27T13:19:15,100.0,41.0,S
2021-07-27T13:19:15,700.0,41.0,S
2021-07-27T13:19:15,10200.0,41.0,S
2021-07-27T13:19:15,100.0,41.0,S
2021-07-27T13:19:15,500.0,41.0,S
2021-07-27T13:19:15,1800.0,41.0,S
2021-07-27T13:19:15,700.0,41.0,S
2021-07-27T13:19:15,1600.0,41.0,S
2021-07-27T13:19:15,700.0,41.0,S
2021-07-27T13:19:15,900.0,41.0,S
2021-07-27T13:19:15,1200.0,41.0,S
2021-07-27T13:19:15,900.0,41.0,S
2021-07-27T13:19:15,200.0,41.0,S
2021-07-27T13:19:15,300.0,41.0,S
2021-07-27T13:19:15,1300.0,41.0,S
2021-07-27T13:19:15,3500.0,41.0,S
2021-07-27T13:19:15,1400.0,41.0,S
2021-07-27T13:19:15,5700.0,41.0,S
2021-07-27T13:19:15,100.0,41.0,S
2021-07-27T13:19:15,1100.0,41.0,S
2021-07-27T13:19:15,500.0,41.0,S
2021-07-27T13:19:15,2300.0,41.0,S
2021-07-27T13:19:15,500.0,41.0,S
2021-07-27T13:19:15,100.0,41.0,S
2021-07-27T13:19:15,100.0,41.0,S
2021-07-27T13:19:15,400.0,41.0,S
2021-07-27T13:19:15,5000.0,41.05,S
2021-07-27T13:19:15,1300.0,41.05,S
2021-07-27T13:19:15,400.0,41.05,S
2021-07-27T13:19:15,1100.0,41.05,S
2021-07-27T13:19:11,100.0,41.1,B
2021-07-27T13:19:10,500.0,41.1,B
2021-07-27T13:19:07,1900.0,41.1,S
2021-07-27T13:19:07,900.0,41.1,S
2021-07-27T13:19:07,1300.0,41.1,S
2021-07-27T13:19:07,200.0,41.1,S
2021-07-27T13:19:07,600.0,41.1,S
2021-07-27T13:19:07,3300.0,41.1,S
2021-07-27T13:18:19,1000.0,41.15,B
2021-07-27T13:17:50,3600.0,41.15,S
2021-07-27T13:17:50,300.0,41.15,S
2021-07-27T13:17:50,600.0,41.15,S
2021-07-27T13:17:50,1000.0,41.15,S
2021-07-27T13:17:50,2200.0,41.15,S
2021-07-27T13:17:50,100.0,41.15,S
2021-07-27T13:17:50,8600.0,41.15,S
2021-07-27T13:17:29,200.0,41.25,B
2021-07-27T13:17:27,200.0,41.2,S
2021-07-27T13:17:08,400.0,41.2,S
2021-07-27T13:16:26,300.0,41.2,S
2021-07-27T13:16:03,200.0,41.2,S
2021-07-27T13:15:28,100.0,41.2,S
2021-07-27T13:15:02,100.0,41.2,S
2021-07-27T13:14:33,2400.0,41.2,B
2021-07-27T13:14:13,2000.0,41.2,B
2021-07-27T13:13:53,100.0,41.2,B
2021-07-27T13:13:43,200.0,41.2,B
2021-07-27T13:13:33,200.0,41.2,B
2021-07-27T13:13:24,200.0,41.2,S
2021-07-27T13:13:24,4800.0,41.2,S
2021-07-27T13:13:19,500.0,41.2,S
2021-07-27T13:13:17,1000.0,41.2,S
2021-07-27T13:13:00,5700.0,41.2,B
2021-07-27T13:12:50,2500.0,41.2,B
2021-07-27T13:12:01,2400.0,41.15,B
2021-07-27T13:11:59,1000.0,41.15,B
2021-07-27T13:11:57,5000.0,41.1,S
2021-07-27T13:11:56,200.0,41.15,B
2021-07-27T13:11:45,100.0,41.15,B
2021-07-27T13:11:41,5000.0,41.15,B
2021-07-27T13:11:24,500.0,41.15,B
2021-07-27T13:11:08,1000.0,41.15,B
2021-07-27T13:11:04,2500.0,41.1,S
2021-07-27T13:11:04,1500.0,41.1,S
2021-07-27T13:11:01,1200.0,41.15,B
2021-07-27T13:10:53,3200.0,41.15,S
2021-07-27T13:10:53,1600.0,41.15,S
2021-07-27T13:10:51,2000.0,41.15,S
2021-07-27T13:10:43,100.0,41.15,S
2021-07-27T13:10:43,500.0,41.15,S
2021-07-27T13:10:41,100.0,41.2,B
2021-07-27T13:10:35,300.0,41.15,S
2021-07-27T13:10:17,400.0,41.2,B
2021-07-27T13:10:03,1000.0,41.15,S
2021-07-27T13:10:03,1100.0,41.15,S
2021-07-27T13:10:03,1900.0,41.15,S
2021-07-27T13:09:42,100.0,41.2,B
2021-07-27T13:09:40,1300.0,41.2,B
2021-07-27T13:09:20,100.0,41.2,B
2021-07-27T13:09:05,500.0,41.2,B
2021-07-27T13:08:59,200.0,41.2,B
2021-07-27T13:08:32,100.0,41.2,B
2021-07-27T13:08:14,1500.0,41.2,S
2021-07-27T13:08:14,500.0,41.2,S
2021-07-27T13:08:14,3200.0,41.2,S
2021-07-27T13:07:08,500.0,41.25,B
2021-07-27T13:06:45,100.0,41.25,B
2021-07-27T13:05:51,400.0,41.25,B
2021-07-27T13:05:48,1000.0,41.25,S
2021-07-27T13:05:37,4300.0,41.25,B
2021-07-27T13:05:21,100.0,41.25,B
2021-07-27T13:05:10,100.0,41.25,S
2021-07-27T13:05:10,500.0,41.25,S
2021-07-27T13:04:26,100.0,41.25,S
2021-07-27T13:03:20,300.0,41.25,S
2021-07-27T13:02:36,100.0,41.25,S
2021-07-27T13:02:31,300.0,41.25,S
2021-07-27T13:00:40,500.0,41.2,S
2021-07-27T13:00:09,500.0,41.2,S
2021-07-27T13:00:09,100.0,41.2,S
2021-07-27T13:00:04,100.0,41.2,B
2021-07-27T11:29:46,900.0,41.2,B
2021-07-27T11:29:20,1100.0,41.2,B
2021-07-27T11:29:16,200.0,41.15,S
2021-07-27T11:29:00,200.0,41.2,B
2021-07-27T11:28:50,500.0,41.15,S
2021-07-27T11:28:13,2000.0,41.2,B
2021-07-27T11:28:10,6300.0,41.2,S
2021-07-27T11:27:26,3700.0,41.2,B
2021-07-27T11:27:21,400.0,41.15,S
2021-07-27T11:27:21,200.0,41.15,S
2021-07-27T11:27:21,400.0,41.15,S
2021-07-27T11:27:05,500.0,41.2,B
2021-07-27T11:26:55,200.0,41.2,B
2021-07-27T11:26:54,200.0,41.2,B
2021-07-27T11:26:21,300.0,41.2,B
2021-07-27T11:25:50,200.0,41.2,B
2021-07-27T11:25:33,100.0,41.2,B
2021-07-27T11:25:29,3000.0,41.15,S
2021-07-27T11:25:27,100.0,41.2,B
2021-07-27T11:25:21,100.0,41.2,B
2021-07-27T11:25:20,2000.0,41.15,S
2021-07-27T11:24:47,5000.0,41.2,S
2021-07-27T11:24:25,1000.0,41.25,B
2021-07-27T11:24:23,1000.0,41.2,S
2021-07-27T11:21:16,100.0,41.2,B
2021-07-27T11:21:05,300.0,41.2,B
2021-07-27T11:20:56,600.0,41.2,S
2021-07-27T11:19:20,200.0,41.15,B
2021-07-27T11:19:20,500.0,41.15,B
2021-07-27T11:19:18,100.0,41.15,B
2021-07-27T11:19:14,2000.0,41.15,B
2021-07-27T11:18:57,200.0,41.15,B
2021-07-27T11:18:57,200.0,41.15,B
2021-07-27T11:18:47,1800.0,41.15,S
2021-07-27T11:18:20,200.0,41.15,B
2021-07-27T11:18:20,300.0,41.15,B
2021-07-27T11:18:07,200.0,41.15,B
2021-07-27T11:18:05,1000.0,41.15,B
2021-07-27T11:18:00,1000.0,41.15,B
2021-07-27T11:17:47,100.0,41.15,B
2021-07-27T11:17:34,1000.0,41.15,S
2021-07-27T11:17:29,1000.0,41.15,B
2021-07-27T11:17:22,200.0,41.15,B
2021-07-27T11:17:20,200.0,41.15,B
2021-07-27T11:17:12,200.0,41.15,B
2021-07-27T11:17:08,100.0,41.15,B
2021-07-27T11:17:08,300.0,41.15,S
2021-07-27T11:17:08,8000.0,41.15,S
2021-07-27T11:17:08,100.0,41.15,S
2021-07-27T11:17:08,100.0,41.15,S
2021-07-27T11:17:08,6000.0,41.15,S
2021-07-27T11:17:08,1500.0,41.15,S
2021-07-27T11:17:08,1200.0,41.15,S
2021-07-27T11:17:08,100.0,41.15,S
2021-07-27T11:17:08,200.0,41.15,S
2021-07-27T11:17:08,1000.0,41.15,S
2021-07-27T11:17:08,1000.0,41.15,S
2021-07-27T11:17:08,100.0,41.2,S
2021-07-27T11:17:08,1500.0,41.2,S
2021-07-27T11:17:08,100.0,41.2,S
2021-07-27T11:17:08,2500.0,41.2,S
2021-07-27T11:17:08,1100.0,41.2,S
2021-07-27T11:17:08,3600.0,41.2,S
2021-07-27T11:17:08,9900.0,41.2,S
2021-07-27T11:16:24,4200.0,41.3,S
2021-07-27T11:16:04,100.0,41.35,B
2021-07-27T11:16:03,700.0,41.3,S
2021-07-27T11:16:03,2800.0,41.3,S
2021-07-27T11:14:14,200.0,41.35,B
2021-07-27T11:13:51,100.0,41.35,B
2021-07-27T11:13:51,100.0,41.35,B
2021-07-27T11:13:40,100.0,41.35,B
2021-07-27T11:13:12,1800.0,41.35,S
2021-07-27T11:12:40,2100.0,41.35,S
2021-07-27T11:12:39,200.0,41.4,B
2021-07-27T11:12:12,100.0,41.4,B
2021-07-27T11:12:11,100.0,41.4,B
2021-07-27T11:12:05,100.0,41.4,B
2021-07-27T11:11:48,200.0,41.4,S
2021-07-27T11:11:32,600.0,41.4,S
2021-07-27T11:11:32,100.0,41.4,S
2021-07-27T11:11:25,1100.0,41.4,S
2021-07-27T11:11:10,500.0,41.4,S
2021-07-27T11:10:58,2300.0,41.4,S
2021-07-27T11:10:52,100.0,41.4,S
2021-07-27T11:10:49,800.0,41.4,S
2021-07-27T11:10:43,200.0,41.4,S
2021-07-27T11:10:24,100.0,41.4,S
2021-07-27T11:10:24,100.0,41.45,B
2021-07-27T11:10:05,100.0,41.45,B
2021-07-27T11:10:04,1500.0,41.45,S
2021-07-27T11:10:04,2500.0,41.45,S
2021-07-27T11:10:03,800.0,41.45,S
2021-07-27T11:09:43,1000.0,41.45,S
2021-07-27T11:08:48,100.0,41.45,S
2021-07-27T11:08:27,1000.0,41.5,B
2021-07-27T11:07:41,200.0,41.5,B
2021-07-27T11:07:38,1000.0,41.45,S
2021-07-27T11:07:28,100.0,41.45,S
2021-07-27T11:07:07,9000.0,41.5,S
2021-07-27T11:07:07,200.0,41.5,S
2021-07-27T11:07:07,8400.0,41.5,S
2021-07-27T11:07:07,22500.0,41.6,S
2021-07-27T11:07:06,100.0,41.6,S
2021-07-27T11:05:56,20000.0,41.6,S
2021-07-27T11:04:49,200.0,41.65,S
2021-07-27T11:04:28,1000.0,41.7,B
2021-07-27T11:04:20,100.0,41.65,S
2021-07-27T11:04:17,200.0,41.7,B
2021-07-27T11:03:59,1000.0,41.65,S
2021-07-27T11:02:59,2000.0,41.65,S
2021-07-27T11:02:32,1000.0,41.65,S
2021-07-27T11:02:26,300.0,41.65,S
2021-07-27T11:01:05,100.0,41.6,B
2021-07-27T11:01:05,100.0,41.6,B
2021-07-27T11:01:05,8600.0,41.6,B
2021-07-27T10:59:50,600.0,41.5,S
2021-07-27T10:59:10,200.0,41.5,S
2021-07-27T10:58:30,1000.0,41.5,S
2021-07-27T10:57:46,500.0,41.5,S
2021-07-27T10:57:08,200.0,41.5,S
2021-07-27T10:57:08,800.0,41.5,S
2021-07-27T10:56:44,2400.0,41.5,S
2021-07-27T10:56:44,12600.0,41.5,S
2021-07-27T10:55:46,100.0,41.55,S
2021-07-27T10:55:26,800.0,41.6,B
2021-07-27T10:54:35,500.0,41.6,B
2021-07-27T10:53:46,100.0,41.6,B
2021-07-27T10:52:19,200.0,41.6,B
2021-07-27T10:51:15,200.0,41.6,B
2021-07-27T10:51:00,500.0,41.6,B
2021-07-27T10:50:44,4600.0,41.6,B
2021-07-27T10:50:37,2000.0,41.6,S
2021-07-27T10:50:32,500.0,41.6,S
2021-07-27T10:50:28,6300.0,41.6,B
2021-07-27T10:49:24,11800.0,41.6,B
2021-07-27T10:49:15,1000.0,41.5,S
2021-07-27T10:48:21,2600.0,41.5,B
2021-07-27T10:48:16,100.0,41.45,S
2021-07-27T10:48:10,3000.0,41.5,B
2021-07-27T10:47:58,100.0,41.45,S
2021-07-27T10:47:52,2000.0,41.5,B
2021-07-27T10:47:46,4600.0,41.5,S
2021-07-27T10:47:29,5500.0,41.5,B
2021-07-27T10:47:28,2000.0,41.5,B
2021-07-27T10:46:58,800.0,41.5,S
2021-07-27T10:46:23,200.0,41.4,S
2021-07-27T10:44:27,200.0,41.4,S
2021-07-27T10:44:27,2500.0,41.4,S
2021-07-27T10:44:27,400.0,41.4,S
2021-07-27T10:44:27,3200.0,41.45,S
2021-07-27T10:44:27,1100.0,41.45,S
2021-07-27T10:44:27,400.0,41.5,S
2021-07-27T10:44:27,300.0,41.5,S
2021-07-27T10:44:26,5100.0,41.5,S
2021-07-27T10:44:21,500.0,41.55,S
2021-07-27T10:44:11,300.0,41.55,S
2021-07-27T10:44:06,2000.0,41.55,S
2021-07-27T10:43:56,200.0,41.55,S
2021-07-27T10:43:56,200.0,41.55,S
2021-07-27T10:43:22,100.0,41.55,S
2021-07-27T10:43:10,2700.0,41.55,B
2021-07-27T10:41:19,500.0,41.5,S
2021-07-27T10:41:06,100.0,41.5,S
2021-07-27T10:40:46,2000.0,41.5,S
2021-07-27T10:40:31,2000.0,41.5,S
2021-07-27T10:39:57,300.0,41.5,B
2021-07-27T10:39:46,1000.0,41.5,B
2021-07-27T10:39:45,1000.0,41.5,B
2021-07-27T10:39:37,200.0,41.5,B
2021-07-27T10:39:25,100.0,41.5,B
2021-07-27T10:39:25,100.0,41.5,B
2021-07-27T10:38:03,200.0,41.5,B
2021-07-27T10:37:57,100.0,41.5,B
2021-07-27T10:37:37,500.0,41.5,B
2021-07-27T10:37:36,1100.0,41.45,S
2021-07-27T10:37:25,600.0,41.45,S
2021-07-27T10:37:17,1400.0,41.45,S
2021-07-27T10:37:05,4500.0,41.5,S
2021-07-27T10:36:33,5000.0,41.5,S
2021-07-27T10:36:03,300.0,41.5,S
2021-07-27T10:36:03,1900.0,41.5,S
2021-07-27T10:36:03,900.0,41.5,S
2021-07-27T10:36:03,4300.0,41.5,S
2021-07-27T10:36:03,12600.0,41.55,S
2021-07-27T10:34:44,1000.0,41.55,S
2021-07-27T10:34:43,700.0,41.55,S
2021-07-27T10:34:43,1300.0,41.55,S
2021-07-27T10:32:40,100.0,41.55,S
2021-07-27T10:32:03,100.0,41.55,S
2021-07-27T10:31:58,200.0,41.55,S
2021-07-27T10:30:58,700.0,41.5,S
2021-07-27T10:30:58,800.0,41.5,S
2021-07-27T10:30:58,2100.0,41.5,S
2021-07-27T10:30:58,2300.0,41.5,S
2021-07-27T10:30:58,200.0,41.55,S
2021-07-27T10:30:58,3900.0,41.55,S
2021-07-27T10:29:17,1000.0,41.55,S
2021-07-27T10:28:51,100.0,41.55,B
2021-07-27T10:28:40,1000.0,41.55,B
2021-07-27T10:28:20,500.0,41.55,B
2021-07-27T10:28:10,1000.0,41.55,B
2021-07-27T10:27:58,8400.0,41.55,S
2021-07-27T10:27:34,3000.0,41.55,S
2021-07-27T10:26:57,800.0,41.55,S
2021-07-27T10:26:36,2000.0,41.55,S
2021-07-27T10:25:17,1000.0,41.55,S
2021-07-27T10:24:43,21300.0,41.55,S
2021-07-27T10:24:43,9700.0,41.6,S
2021-07-27T10:24:21,900.0,41.7,S
2021-07-27T10:23:58,100.0,41.7,S
2021-07-27T10:23:49,200.0,41.7,S
2021-07-27T10:23:39,900.0,41.7,S
2021-07-27T10:23:33,1100.0,41.7,S
2021-07-27T10:23:18,200.0,41.7,S
2021-07-27T10:22:50,2500.0,41.7,B
2021-07-27T10:22:13,1100.0,41.7,S
2021-07-27T10:21:56,100.0,41.7,S
2021-07-27T10:21:35,200.0,41.7,S
2021-07-27T10:21:32,400.0,41.7,S
2021-07-27T10:21:27,800.0,41.7,S
2021-07-27T10:21:15,2200.0,41.7,B
2021-07-27T10:21:12,500.0,41.7,B
2021-07-27T10:21:02,1000.0,41.7,B
2021-07-27T10:21:02,1000.0,41.7,S
2021-07-27T10:21:02,300.0,41.7,S
2021-07-27T10:21:02,5000.0,41.7,S
2021-07-27T10:20:52,100.0,41.75,B
2021-07-27T10:20:13,200.0,41.75,B
2021-07-27T10:19:41,300.0,41.75,B
2021-07-27T10:19:41,2900.0,41.75,B
2021-07-27T10:19:20,1000.0,41.75,B
2021-07-27T10:19:17,100.0,41.75,B
2021-07-27T10:19:00,2000.0,41.75,B
2021-07-27T10:18:29,500.0,41.75,B
2021-07-27T10:18:29,1000.0,41.75,B
2021-07-27T10:18:22,500.0,41.75,B
2021-07-27T10:16:36,200.0,41.75,B
2021-07-27T10:14:56,800.0,41.75,S
2021-07-27T10:14:32,200.0,41.7,B
2021-07-27T10:14:27,9800.0,41.7,S
2021-07-27T10:13:59,500.0,41.7,B
2021-07-27T10:13:49,500.0,41.7,B
2021-07-27T10:13:44,15000.0,41.7,B
2021-07-27T10:13:26,100.0,41.7,B
2021-07-27T10:13:10,500.0,41.7,B
2021-07-27T10:13:07,100.0,41.7,B
2021-07-27T10:12:59,8400.0,41.7,S
2021-07-27T10:12:58,4100.0,41.85,B
2021-07-27T10:12:55,300.0,41.8,B
2021-07-27T10:12:45,8400.0,41.75,B
2021-07-27T10:12:13,700.0,41.7,B
2021-07-27T10:12:01,500.0,41.7,B
2021-07-27T10:11:50,300.0,41.7,B
2021-07-27T10:11:43,30000.0,41.7,B
2021-07-27T10:11:02,2200.0,41.7,B
2021-07-27T10:09:44,100.0,41.7,B
2021-07-27T10:09:26,500.0,41.65,S
2021-07-27T10:08:58,500.0,41.7,B
2021-07-27T10:08:43,200.0,41.7,B
2021-07-27T10:08:14,900.0,41.7,B
2021-07-27T10:07:11,1000.0,41.7,B
2021-07-27T10:06:46,800.0,41.65,B
2021-07-27T10:06:46,7600.0,41.65,B
2021-07-27T10:06:30,1000.0,41.65,B
2021-07-27T10:06:02,1200.0,41.65,B
2021-07-27T10:06:01,500.0,41.6,S
2021-07-27T10:05:21,200.0,41.65,S
2021-07-27T10:04:24,1000.0,41.65,S
2021-07-27T10:04:10,600.0,41.7,S
2021-07-27T10:04:04,1000.0,41.7,S
2021-07-27T10:04:01,1100.0,41.7,S
2021-07-27T10:03:54,300.0,41.7,S
2021-07-27T10:03:36,3000.0,41.7,B
2021-07-27T10:03:24,200.0,41.75,B
2021-07-27T10:03:14,1500.0,41.7,B
2021-07-27T10:02:55,3000.0,41.7,S
2021-07-27T10:02:46,1000.0,41.75,B
2021-07-27T10:02:14,3000.0,41.6,S
2021-07-27T10:01:57,1000.0,41.75,B
2021-07-27T10:01:47,1800.0,41.75,S
2021-07-27T10:01:22,100.0,41.75,S
2021-07-27T10:01:04,200.0,41.75,S
2021-07-27T10:01:03,100.0,41.75,S
2021-07-27T10:00:36,1000.0,41.75,B
2021-07-27T10:00:27,400.0,41.75,S
2021-07-27T10:00:27,600.0,41.75,S
2021-07-27T10:00:04,10100.0,41.75,S
2021-07-27T10:00:01,4500.0,41.75,S
2021-07-27T09:59:21,400.0,41.85,S
2021-07-27T09:59:04,100.0,41.9,B
2021-07-27T09:58:50,100.0,41.9,B
2021-07-27T09:58:37,300.0,41.9,S
2021-07-27T09:58:34,4500.0,41.9,S
2021-07-27T09:58:22,300.0,41.9,S
2021-07-27T09:57:56,300.0,41.9,S
2021-07-27T09:57:53,1000.0,41.95,B
2021-07-27T09:57:50,900.0,41.9,S
2021-07-27T09:57:45,200.0,41.9,S
2021-07-27T09:57:38,600.0,41.95,B
2021-07-27T09:57:38,700.0,41.95,B
2021-07-27T09:57:38,700.0,41.95,B
2021-07-27T09:57:37,700.0,41.9,S
2021-07-27T09:57:30,1000.0,41.95,B
2021-07-27T09:57:11,1000.0,41.95,B
2021-07-27T09:57:02,100.0,41.9,S
2021-07-27T09:56:51,300.0,41.9,S
2021-07-27T09:56:49,1300.0,41.9,S
2021-07-27T09:56:44,2800.0,41.95,B
2021-07-27T09:56:40,200.0,41.9,S
2021-07-27T09:56:37,300.0,41.95,B
2021-07-27T09:56:36,1000.0,41.9,S
2021-07-27T09:56:27,5200.0,41.9,B
2021-07-27T09:56:18,100.0,41.85,S
2021-07-27T09:56:10,700.0,41.9,B
2021-07-27T09:56:10,2500.0,41.9,B
2021-07-27T09:56:10,4400.0,41.9,B
2021-07-27T09:56:06,100.0,41.85,B
2021-07-27T09:56:06,500.0,41.85,B
2021-07-27T09:55:59,100.0,41.85,B
2021-07-27T09:55:41,300.0,41.75,B
2021-07-27T09:55:24,100.0,41.7,S
2021-07-27T09:55:04,4500.0,41.85,B
2021-07-27T09:54:36,1600.0,41.7,S
2021-07-27T09:53:54,400.0,41.8,S
2021-07-27T09:53:35,600.0,41.8,B
2021-07-27T09:53:26,400.0,41.65,S
2021-07-27T09:53:08,3500.0,41.8,B
2021-07-27T09:52:52,5000.0,41.8,B
2021-07-27T09:52:52,100.0,41.8,B
2021-07-27T09:52:52,4200.0,41.8,B
2021-07-27T09:52:21,300.0,41.7,B
2021-07-27T09:51:47,200.0,41.7,B
2021-07-27T09:51:47,9800.0,41.7,B
2021-07-27T09:51:47,3000.0,41.6,S
2021-07-27T09:51:38,2100.0,41.65,B
2021-07-27T09:51:14,900.0,41.6,B
2021-07-27T09:51:00,300.0,41.6,B
2021-07-27T09:50:47,1000.0,41.6,B
2021-07-27T09:50:31,1500.0,41.6,B
2021-07-27T09:50:04,100.0,41.5,S
2021-07-27T09:49:38,100.0,41.5,S
2021-07-27T09:49:38,1500.0,41.5,S
2021-07-27T09:49:38,500.0,41.5,S
2021-07-27T09:48:40,5000.0,41.5,S
2021-07-27T09:48:22,100.0,41.7,B
2021-07-27T09:47:50,100.0,41.7,B
2021-07-27T09:47:31,1000.0,41.7,B
2021-07-27T09:46:43,700.0,41.7,B
2021-07-27T09:46:30,700.0,41.5,B
2021-07-27T09:46:10,300.0,41.65,B
2021-07-27T09:45:53,200.0,41.65,S
2021-07-27T09:45:53,2500.0,41.65,B
2021-07-27T09:45:39,300.0,41.6,B
2021-07-27T09:45:35,5000.0,41.35,S
2021-07-27T09:45:28,3000.0,41.6,B
2021-07-27T09:45:12,300.0,41.55,B
2021-07-27T09:45:10,100.0,41.45,B
2021-07-27T09:44:53,1000.0,41.5,B
2021-07-27T09:44:35,3000.0,41.45,B
2021-07-27T09:43:57,100.0,41.35,S
2021-07-27T09:43:40,700.0,41.35,B
2021-07-27T09:43:37,200.0,41.35,S
2021-07-27T09:43:37,100.0,41.35,S
2021-07-27T09:43:13,900.0,41.35,B
2021-07-27T09:42:17,600.0,41.35,B
2021-07-27T09:41:47,100.0,41.35,B
2021-07-27T09:41:42,500.0,41.25,S
2021-07-27T09:41:41,100.0,41.4,S
2021-07-27T09:41:11,500.0,41.25,S
2021-07-27T09:41:00,1800.0,41.35,S
2021-07-27T09:39:40,200.0,41.15,S
2021-07-27T09:38:46,1700.0,41.15,S
2021-07-27T09:38:46,300.0,41.15,S
2021-07-27T09:38:46,100.0,41.15,S
2021-07-27T09:38:46,500.0,41.15,S
2021-07-27T09:38:46,1000.0,41.15,S
2021-07-27T09:38:46,600.0,41.2,S
2021-07-27T09:38:46,2000.0,41.2,S
2021-07-27T09:38:46,2000.0,41.2,S
2021-07-27T09:38:46,1800.0,41.2,S
2021-07-27T09:38:16,100.0,41.3,S
2021-07-27T09:38:16,1200.0,41.3,S
2021-07-27T09:38:16,3400.0,41.3,S
2021-07-27T09:38:16,100.0,41.3,S
2021-07-27T09:38:15,200.0,41.3,S
2021-07-27T09:37:53,200.0,41.35,B
2021-07-27T09:37:29,1000.0,41.35,B
2021-07-27T09:36:57,100.0,41.35,B
2021-07-27T09:36:53,400.0,41.35,B
2021-07-27T09:36:53,100.0,41.35,B
2021-07-27T09:36:53,500.0,41.35,B
2021-07-27T09:36:45,300.0,41.35,B
2021-07-27T09:36:43,700.0,41.35,S
2021-07-27T09:36:43,1500.0,41.35,S
2021-07-27T09:36:38,100.0,41.4,B
2021-07-27T09:36:13,500.0,41.4,B
2021-07-27T09:36:01,1000.0,41.4,S
2021-07-27T09:35:42,3000.0,41.45,B
2021-07-27T09:35:42,1000.0,41.4,S
2021-07-27T09:35:32,600.0,41.45,B
2021-07-27T09:35:26,400.0,41.4,S
2021-07-27T09:35:26,1000.0,41.4,S
2021-07-27T09:35:26,200.0,41.4,S
2021-07-27T09:35:15,100.0,41.45,S
2021-07-27T09:35:11,5000.0,41.45,S
2021-07-27T09:35:06,500.0,41.5,S
2021-07-27T09:34:42,100.0,41.5,S
2021-07-27T09:34:31,1500.0,41.5,S
2021-07-27T09:34:17,200.0,41.5,S
2021-07-27T09:33:41,1000.0,41.5,B
2021-07-27T09:33:39,200.0,41.5,B
2021-07-27T09:32:54,100.0,41.5,B
2021-07-27T09:32:48,400.0,41.45,S
2021-07-27T09:32:48,200.0,41.45,S
2021-07-27T09:32:42,4000.0,41.5,B
2021-07-27T09:32:36,1000.0,41.45,S
2021-07-27T09:31:44,400.0,41.45,S
2021-07-27T09:31:19,100.0,41.5,B
2021-07-27T09:31:03,1100.0,41.5,S
2021-07-27T09:30:53,1400.0,41.5,B
2021-07-27T09:30:40,1500.0,41.5,B
2021-07-27T09:30:24,100.0,41.5,B
2021-07-27T09:30:24,100.0,41.5,B
2021-07-27T09:30:20,200.0,41.5,B
2021-07-27T09:30:05,400.0,41.5,B
2021-07-27T09:30:05,200.0,41.5,B
2021-07-27T09:29:57,1700.0,41.5,B
2021-07-27T09:29:54,100.0,41.5,S
2021-07-27T09:29:54,500.0,41.5,S
2021-07-27T09:29:36,100.0,41.5,S
2021-07-27T09:29:10,1400.0,41.5,B
2021-07-27T09:28:57,1000.0,41.5,B
2021-07-27T09:28:49,200.0,41.5,B
2021-07-27T09:28:40,300.0,41.5,B
2021-07-27T09:28:34,200.0,41.5,B
2021-07-27T09:27:59,500.0,41.5,S
2021-07-27T09:27:47,2200.0,41.5,S
2021-07-27T09:27:39,300.0,41.45,S
2021-07-27T09:27:38,300.0,41.5,B
2021-07-27T09:27:08,100.0,41.45,S
2021-07-27T09:26:56,2000.0,41.35,S
2021-07-27T09:26:50,1200.0,41.5,B
2021-07-27T09:26:50,300.0,41.5,B
2021-07-27T09:26:50,5100.0,41.5,B
2021-07-27T09:26:50,500.0,41.45,B
2021-07-27T09:26:06,100.0,41.45,B
2021-07-27T09:26:06,100.0,41.45,B
2021-07-27T09:26:04,1500.0,41.35,S
2021-07-27T09:25:38,1100.0,41.35,S
2021-07-27T09:25:00,500.0,41.35,B
2021-07-27T09:25:00,700.0,41.35,B
2021-07-27T09:24:46,1000.0,41.35,B
2021-07-27T09:24:30,200.0,41.35,B
2021-07-27T09:24:29,500.0,41.35,S
2021-07-27T09:24:22,500.0,41.35,B
2021-07-27T09:24:12,3700.0,41.35,S
2021-07-27T09:24:03,3000.0,41.4,B
2021-07-27T09:23:57,500.0,41.35,S
2021-07-27T09:23:24,600.0,41.35,S
2021-07-27T09:23:19,100.0,41.35,S
2021-07-27T09:23:14,1100.0,41.4,B
2021-07-27T09:23:12,600.0,41.35,S
2021-07-27T09:23:10,100.0,41.35,S
2021-07-27T09:22:17,100.0,41.4,B
2021-07-27T09:22:06,300.0,41.4,B
2021-07-27T09:22:05,1300.0,41.35,S
2021-07-27T09:22:00,200.0,41.4,B
2021-07-27T09:21:56,600.0,41.35,S
2021-07-27T09:21:42,200.0,41.4,S
2021-07-27T09:21:27,300.0,41.4,S
2021-07-27T09:21:24,2000.0,41.4,S
2021-07-27T09:20:49,1000.0,41.4,S
2021-07-27T09:20:41,1000.0,41.4,S
2021-07-27T09:20:34,400.0,41.5,S
2021-07-27T09:20:31,1600.0,41.5,B
2021-07-27T09:20:06,200.0,41.5,B
2021-07-27T09:20:05,1000.0,41.5,B
2021-07-27T09:20:04,100.0,41.4,S
2021-07-27T09:19:59,1000.0,41.5,B
2021-07-27T09:19:55,300.0,41.5,S
2021-07-27T09:19:52,1700.0,41.5,B
2021-07-27T09:19:46,3000.0,41.5,B
2021-07-27T09:19:37,600.0,41.5,B
2021-07-27T09:19:32,1500.0,41.5,S
2021-07-27T09:19:29,1200.0,41.5,S
2021-07-27T09:19:19,300.0,41.5,S
2021-07-27T09:18:57,100.0,41.55,S
2021-07-27T09:18:55,100.0,41.55,S
2021-07-27T09:18:41,900.0,41.55,S
2021-07-27T09:18:04,3000.0,41.55,S
2021-07-27T09:17:30,100.0,41.55,S
2021-07-27T09:17:30,900.0,41.55,S
2021-07-27T09:17:17,2000.0,41.55,S
2021-07-27T09:16:21,1000.0,41.55,S
2021-07-27T09:15:26,300.0,41.5,S
2021-07-27T09:15:13,500.0,41.5,S
