tradingTime,volume,price,side
2021-06-09T14:29:43,5000.0,49.6,B
2021-06-09T14:29:16,400.0,49.55,B
2021-06-09T14:28:53,5000.0,49.55,B
2021-06-09T14:27:39,3700.0,49.55,B
2021-06-09T14:27:37,8300.0,49.4,B
2021-06-09T14:26:31,200.0,49.4,B
2021-06-09T14:23:12,500.0,49.4,B
2021-06-09T14:21:08,1500.0,49.55,B
2021-06-09T14:20:17,4900.0,49.55,B
2021-06-09T14:19:39,4500.0,49.55,B
2021-06-09T14:19:28,6100.0,49.6,B
2021-06-09T14:19:11,6200.0,49.55,B
2021-06-09T14:19:08,500.0,49.55,B
2021-06-09T14:18:54,4500.0,49.55,B
2021-06-09T14:18:43,3100.0,49.55,B
2021-06-09T14:18:43,6100.0,49.5,B
2021-06-09T14:18:41,500.0,49.4,B
2021-06-09T14:17:52,8200.0,49.5,B
2021-06-09T14:17:44,10200.0,49.4,B
2021-06-09T14:17:14,1700.0,49.4,B
2021-06-09T14:17:08,300.0,49.4,S
2021-06-09T14:16:58,1000.0,49.4,S
2021-06-09T14:16:57,100.0,49.4,S
2021-06-09T14:16:36,1000.0,49.4,S
2021-06-09T14:16:26,1200.0,49.4,S
2021-06-09T14:16:04,1700.0,49.4,S
2021-06-09T14:15:59,1200.0,49.4,S
2021-06-09T14:15:53,1900.0,49.4,S
2021-06-09T14:15:46,200.0,49.3,S
2021-06-09T14:15:45,1400.0,49.4,S
2021-06-09T14:15:36,1000.0,49.4,S
2021-06-09T14:15:34,6000.0,49.4,S
2021-06-09T14:15:16,1200.0,49.5,B
2021-06-09T14:15:15,3000.0,49.4,S
2021-06-09T14:14:52,1700.0,49.5,B
2021-06-09T14:14:42,2500.0,49.5,B
2021-06-09T14:14:26,1900.0,49.4,B
2021-06-09T14:14:16,900.0,49.4,B
2021-06-09T14:14:10,1900.0,49.4,B
2021-06-09T14:14:01,1200.0,49.4,B
2021-06-09T14:13:58,1000.0,49.4,B
2021-06-09T14:13:34,100.0,49.4,B
2021-06-09T14:13:31,5600.0,49.4,B
2021-06-09T14:13:20,5100.0,49.5,S
2021-06-09T14:12:50,1200.0,49.55,B
2021-06-09T14:12:28,5000.0,49.4,B
2021-06-09T14:12:16,500.0,49.4,B
2021-06-09T14:11:22,1000.0,49.25,S
2021-06-09T14:11:17,500.0,49.4,B
2021-06-09T14:09:46,15000.0,49.55,B
2021-06-09T14:08:46,1200.0,49.4,S
2021-06-09T14:07:57,5000.0,49.5,B
2021-06-09T14:07:42,200.0,49.5,B
2021-06-09T14:07:37,3000.0,49.4,S
2021-06-09T14:07:18,10000.0,49.5,B
2021-06-09T14:06:54,1500.0,49.45,B
2021-06-09T14:06:40,2300.0,49.4,S
2021-06-09T14:05:39,3200.0,49.45,S
2021-06-09T14:03:07,200.0,49.5,B
2021-06-09T14:02:56,9900.0,49.5,B
2021-06-09T14:02:40,7500.0,49.5,B
2021-06-09T14:02:27,8600.0,49.3,S
2021-06-09T14:02:18,6700.0,49.5,B
2021-06-09T14:01:34,5600.0,49.5,B
2021-06-09T14:01:22,10900.0,49.5,B
2021-06-09T14:00:21,300.0,49.3,S
2021-06-09T14:00:05,2000.0,49.4,S
2021-06-09T14:00:05,1800.0,49.4,S
2021-06-09T13:58:32,3900.0,49.5,B
2021-06-09T13:58:19,3900.0,49.5,B
2021-06-09T13:58:12,4300.0,49.5,B
2021-06-09T13:58:08,7000.0,49.5,B
2021-06-09T13:58:02,3600.0,49.5,B
2021-06-09T13:57:53,3200.0,49.5,B
2021-06-09T13:57:44,3400.0,49.5,B
2021-06-09T13:57:25,3500.0,49.5,B
2021-06-09T13:57:22,2000.0,49.45,B
2021-06-09T13:57:14,4100.0,49.45,B
2021-06-09T13:56:52,3800.0,49.45,B
2021-06-09T13:56:33,3200.0,49.5,B
2021-06-09T13:56:26,4500.0,49.45,B
2021-06-09T13:56:18,1400.0,49.45,B
2021-06-09T13:56:13,3400.0,49.45,B
2021-06-09T13:55:46,3400.0,49.45,B
2021-06-09T13:55:36,1000.0,49.4,S
2021-06-09T13:54:55,2500.0,49.4,S
2021-06-09T13:54:35,3000.0,49.45,B
2021-06-09T13:54:16,1200.0,49.45,B
2021-06-09T13:54:08,800.0,49.4,S
2021-06-09T13:53:58,200.0,49.4,S
2021-06-09T13:53:53,1500.0,49.45,B
2021-06-09T13:53:05,15900.0,49.3,S
2021-06-09T13:53:05,7100.0,49.3,S
2021-06-09T13:53:03,1500.0,49.4,S
2021-06-09T13:52:25,1000.0,49.45,B
2021-06-09T13:52:20,1900.0,49.45,B
2021-06-09T13:52:10,1700.0,49.45,B
2021-06-09T13:51:45,1500.0,49.45,B
2021-06-09T13:51:37,1000.0,49.4,S
2021-06-09T13:51:36,1900.0,49.45,B
2021-06-09T13:50:41,200.0,49.45,S
2021-06-09T13:50:39,1200.0,49.45,S
2021-06-09T13:50:32,900.0,49.45,S
2021-06-09T13:50:20,1000.0,49.45,S
2021-06-09T13:50:19,1000.0,49.45,S
2021-06-09T13:50:03,1300.0,49.45,S
2021-06-09T13:49:37,1200.0,49.45,S
2021-06-09T13:49:28,1000.0,49.45,S
2021-06-09T13:48:56,4500.0,49.5,B
2021-06-09T13:48:51,1000.0,49.5,B
2021-06-09T13:48:48,2900.0,49.5,B
2021-06-09T13:48:43,1900.0,49.5,B
2021-06-09T13:48:36,500.0,49.5,B
2021-06-09T13:48:33,1200.0,49.5,B
2021-06-09T13:47:52,13200.0,49.5,B
2021-06-09T13:47:44,4700.0,49.3,S
2021-06-09T13:47:44,100.0,49.4,S
2021-06-09T13:47:44,5200.0,49.4,S
2021-06-09T13:47:25,15600.0,49.45,B
2021-06-09T13:47:13,1100.0,49.45,B
2021-06-09T13:47:01,10000.0,49.45,B
2021-06-09T13:47:00,300.0,49.4,B
2021-06-09T13:45:55,500.0,49.4,B
2021-06-09T13:44:36,100.0,49.35,S
2021-06-09T13:43:28,2000.0,49.4,B
2021-06-09T13:42:18,700.0,49.4,B
2021-06-09T13:42:12,1000.0,49.4,B
2021-06-09T13:42:07,5000.0,49.4,B
2021-06-09T13:42:00,1000.0,49.4,B
2021-06-09T13:41:47,1200.0,49.4,B
2021-06-09T13:41:39,1600.0,49.4,B
2021-06-09T13:41:21,2000.0,49.4,B
2021-06-09T13:41:13,1000.0,49.4,B
2021-06-09T13:41:13,1700.0,49.4,B
2021-06-09T13:41:05,200.0,49.3,S
2021-06-09T13:40:55,1000.0,49.4,B
2021-06-09T13:40:49,1200.0,49.4,B
2021-06-09T13:40:48,3000.0,49.4,B
2021-06-09T13:40:43,1900.0,49.4,B
2021-06-09T13:40:33,1200.0,49.4,B
2021-06-09T13:40:21,1700.0,49.4,B
2021-06-09T13:40:10,1900.0,49.4,B
2021-06-09T13:40:01,2100.0,49.4,B
2021-06-09T13:39:54,1200.0,49.4,B
2021-06-09T13:39:38,1200.0,49.4,B
2021-06-09T13:39:29,1900.0,49.4,B
2021-06-09T13:39:10,1000.0,49.4,B
2021-06-09T13:39:01,1200.0,49.4,B
2021-06-09T13:38:23,1000.0,49.4,B
2021-06-09T13:38:16,1900.0,49.4,B
2021-06-09T13:38:08,2400.0,49.4,B
2021-06-09T13:37:40,1900.0,49.4,B
2021-06-09T13:37:34,1000.0,49.3,S
2021-06-09T13:37:14,1900.0,49.4,B
2021-06-09T13:37:08,1400.0,49.4,S
2021-06-09T13:37:04,1000.0,49.3,S
2021-06-09T13:36:09,1700.0,49.4,S
2021-06-09T13:36:01,1000.0,49.45,B
2021-06-09T13:35:58,2000.0,49.45,B
2021-06-09T13:34:59,1500.0,49.45,B
2021-06-09T13:34:42,400.0,49.45,B
2021-06-09T13:34:35,800.0,49.45,B
2021-06-09T13:34:30,2000.0,49.45,B
2021-06-09T13:34:26,900.0,49.4,S
2021-06-09T13:34:23,7200.0,49.4,S
2021-06-09T13:33:14,200.0,49.45,B
2021-06-09T13:32:47,9800.0,49.4,B
2021-06-09T13:30:18,1900.0,49.4,B
2021-06-09T13:30:11,900.0,49.4,B
2021-06-09T13:28:55,3600.0,49.2,S
2021-06-09T13:28:55,3500.0,49.2,S
2021-06-09T13:28:55,2000.0,49.2,S
2021-06-09T13:28:54,900.0,49.2,S
2021-06-09T13:28:46,1900.0,49.4,B
2021-06-09T13:28:35,1500.0,49.4,B
2021-06-09T13:28:19,1900.0,49.4,B
2021-06-09T13:28:11,1500.0,49.4,B
2021-06-09T13:28:08,2600.0,49.3,S
2021-06-09T13:28:03,1200.0,49.3,S
2021-06-09T13:27:56,100.0,49.3,S
2021-06-09T13:27:38,1900.0,49.3,S
2021-06-09T13:27:23,1700.0,49.3,S
2021-06-09T13:27:01,1900.0,49.3,S
2021-06-09T13:26:58,5600.0,49.3,S
2021-06-09T13:26:34,600.0,49.4,B
2021-06-09T13:26:27,1900.0,49.4,B
2021-06-09T13:26:21,900.0,49.4,B
2021-06-09T13:26:12,10000.0,49.3,S
2021-06-09T13:25:56,1000.0,49.4,B
2021-06-09T13:25:52,5000.0,49.4,B
2021-06-09T13:25:45,800.0,49.4,B
2021-06-09T13:25:36,700.0,49.4,B
2021-06-09T13:25:27,1000.0,49.4,B
2021-06-09T13:25:20,900.0,49.4,B
2021-06-09T13:25:13,400.0,49.4,B
2021-06-09T13:24:55,1200.0,49.4,B
2021-06-09T13:24:48,600.0,49.4,B
2021-06-09T13:24:42,1200.0,49.4,B
2021-06-09T13:24:30,4000.0,49.4,B
2021-06-09T13:24:30,6800.0,49.2,B
2021-06-09T13:24:30,5200.0,49.3,B
2021-06-09T13:24:02,200.0,49.2,B
2021-06-09T13:23:46,1000.0,49.2,B
2021-06-09T13:23:33,1700.0,49.2,S
2021-06-09T13:23:26,1200.0,49.2,S
2021-06-09T13:23:21,10900.0,49.2,S
2021-06-09T13:23:03,1200.0,49.4,B
2021-06-09T13:22:51,4300.0,49.3,B
2021-06-09T13:22:43,500.0,49.3,B
2021-06-09T13:21:55,5200.0,49.3,S
2021-06-09T13:20:03,100.0,49.3,S
2021-06-09T13:19:57,7000.0,49.4,B
2021-06-09T13:19:49,20100.0,49.4,B
2021-06-09T13:19:12,1200.0,49.4,B
2021-06-09T13:18:39,10200.0,49.4,B
2021-06-09T13:18:36,200.0,49.3,S
2021-06-09T13:18:26,5100.0,49.15,S
2021-06-09T13:18:26,1700.0,49.2,S
2021-06-09T13:18:26,1000.0,49.2,S
2021-06-09T13:18:26,7200.0,49.2,S
2021-06-09T13:18:21,20100.0,49.4,B
2021-06-09T13:18:18,6100.0,49.3,S
2021-06-09T13:18:16,600.0,49.4,B
2021-06-09T13:17:43,1600.0,49.4,B
2021-06-09T13:16:21,100.0,49.4,B
2021-06-09T13:16:16,6600.0,49.4,B
2021-06-09T13:15:57,12300.0,49.4,B
2021-06-09T13:15:53,500.0,49.4,B
2021-06-09T13:15:50,13900.0,49.4,B
2021-06-09T13:15:40,6900.0,49.4,B
2021-06-09T13:15:33,15900.0,49.4,B
2021-06-09T13:14:54,2000.0,49.4,B
2021-06-09T13:14:33,17000.0,49.4,B
2021-06-09T13:13:37,10100.0,49.4,B
2021-06-09T13:13:25,15000.0,49.4,B
2021-06-09T13:13:08,10100.0,49.4,B
2021-06-09T13:12:38,2600.0,49.4,B
2021-06-09T13:12:24,15900.0,49.4,B
2021-06-09T13:12:05,7200.0,49.4,B
2021-06-09T13:11:56,5600.0,49.4,B
2021-06-09T13:11:40,15800.0,49.4,B
2021-06-09T13:11:28,6700.0,49.4,B
2021-06-09T13:11:27,5100.0,49.3,S
2021-06-09T13:11:18,9200.0,49.4,B
2021-06-09T13:11:11,5900.0,49.4,B
2021-06-09T13:10:56,15000.0,49.4,B
2021-06-09T13:10:20,5000.0,49.4,B
2021-06-09T13:10:02,300.0,49.3,B
2021-06-09T13:09:37,700.0,49.3,S
2021-06-09T13:09:37,3300.0,49.3,S
2021-06-09T13:09:37,12400.0,49.3,S
2021-06-09T13:09:31,300.0,49.4,S
2021-06-09T13:09:31,1000.0,49.4,S
2021-06-09T13:09:22,5200.0,49.4,S
2021-06-09T13:09:20,9000.0,49.4,S
2021-06-09T13:08:49,1000.0,49.5,S
2021-06-09T13:08:38,1000.0,49.5,S
2021-06-09T13:08:35,5300.0,49.5,S
2021-06-09T13:08:28,1800.0,49.5,B
2021-06-09T13:07:54,4500.0,49.5,B
2021-06-09T13:06:06,4500.0,49.5,B
2021-06-09T13:05:46,1900.0,49.5,B
2021-06-09T13:05:41,10000.0,49.4,S
2021-06-09T13:05:35,1400.0,49.5,B
2021-06-09T13:04:53,900.0,49.5,B
2021-06-09T13:03:19,5100.0,49.5,B
2021-06-09T13:02:29,600.0,49.5,S
2021-06-09T13:01:12,5000.0,49.5,S
2021-06-09T13:01:08,100.0,49.55,B
2021-06-09T13:01:04,400.0,49.55,B
2021-06-09T13:01:00,400.0,49.55,B
2021-06-09T11:29:20,15000.0,49.6,B
2021-06-09T11:29:02,15000.0,49.55,B
2021-06-09T11:28:57,800.0,49.55,B
2021-06-09T11:28:47,10800.0,49.55,B
2021-06-09T11:28:24,7600.0,49.55,B
2021-06-09T11:28:24,3300.0,49.5,B
2021-06-09T11:27:58,500.0,49.4,S
2021-06-09T11:27:46,4700.0,49.4,S
2021-06-09T11:27:01,4900.0,49.55,B
2021-06-09T11:26:45,10800.0,49.55,B
2021-06-09T11:26:39,16000.0,49.5,B
2021-06-09T11:26:31,10900.0,49.45,B
2021-06-09T11:24:45,600.0,49.5,B
2021-06-09T11:24:38,600.0,49.5,B
2021-06-09T11:24:17,200.0,49.5,B
2021-06-09T11:24:03,1000.0,49.4,S
2021-06-09T11:23:33,700.0,49.5,B
2021-06-09T11:23:25,500.0,49.5,S
2021-06-09T11:23:19,5200.0,49.5,S
2021-06-09T11:22:46,600.0,49.55,B
2021-06-09T11:22:38,700.0,49.55,B
2021-06-09T11:22:28,400.0,49.55,B
2021-06-09T11:21:39,300.0,49.55,B
2021-06-09T11:21:34,700.0,49.55,B
2021-06-09T11:20:49,600.0,49.55,B
2021-06-09T11:20:44,3500.0,49.4,S
2021-06-09T11:20:41,300.0,49.55,B
2021-06-09T11:20:31,3500.0,49.5,S
2021-06-09T11:20:21,900.0,49.55,B
2021-06-09T11:19:42,1200.0,49.55,B
2021-06-09T11:19:31,900.0,49.55,B
2021-06-09T11:19:08,500.0,49.55,B
2021-06-09T11:19:00,500.0,49.5,S
2021-06-09T11:18:43,900.0,49.55,B
2021-06-09T11:18:12,700.0,49.55,B
2021-06-09T11:17:21,900.0,49.55,B
2021-06-09T11:17:13,400.0,49.55,B
2021-06-09T11:16:59,600.0,49.55,B
2021-06-09T11:16:54,5900.0,49.4,S
2021-06-09T11:16:54,4100.0,49.5,S
2021-06-09T11:15:47,4500.0,49.55,B
2021-06-09T11:14:24,2000.0,49.5,S
2021-06-09T11:13:46,100.0,49.55,B
2021-06-09T11:11:12,100.0,49.55,B
2021-06-09T11:11:03,3900.0,49.6,B
2021-06-09T11:10:43,10900.0,49.6,B
2021-06-09T11:10:27,5600.0,49.5,S
2021-06-09T11:10:25,10200.0,49.55,B
2021-06-09T11:10:10,200.0,49.55,B
2021-06-09T11:09:32,10900.0,49.55,B
2021-06-09T11:08:29,15000.0,49.55,S
2021-06-09T11:08:26,1000.0,49.4,S
2021-06-09T11:08:13,400.0,49.4,S
2021-06-09T11:07:22,100.0,49.4,S
2021-06-09T11:07:00,700.0,49.4,S
2021-06-09T11:06:45,11400.0,49.4,S
2021-06-09T11:06:28,500.0,49.55,S
2021-06-09T11:06:25,10900.0,49.55,S
2021-06-09T11:06:06,600.0,49.55,S
2021-06-09T11:05:36,500.0,49.55,S
2021-06-09T11:05:30,4000.0,49.55,S
2021-06-09T11:04:36,300.0,49.6,B
2021-06-09T11:04:21,400.0,49.5,S
2021-06-09T11:04:11,900.0,49.6,B
2021-06-09T11:03:38,300.0,49.6,B
2021-06-09T11:03:16,400.0,49.6,B
2021-06-09T11:03:06,900.0,49.6,B
2021-06-09T11:02:59,700.0,49.6,B
2021-06-09T11:02:18,600.0,49.6,B
2021-06-09T11:02:06,600.0,49.6,B
2021-06-09T11:01:50,600.0,49.6,B
2021-06-09T11:01:03,1000.0,49.6,B
2021-06-09T11:00:25,3000.0,49.6,B
2021-06-09T11:00:09,900.0,49.55,S
2021-06-09T10:59:36,300.0,49.6,B
2021-06-09T10:59:31,400.0,49.6,B
2021-06-09T10:59:17,2000.0,49.6,B
2021-06-09T10:59:12,2000.0,49.6,B
2021-06-09T10:59:10,5000.0,49.4,S
2021-06-09T10:59:10,400.0,49.4,S
2021-06-09T10:59:10,4200.0,49.4,S
2021-06-09T10:59:10,600.0,49.5,S
2021-06-09T10:59:10,4800.0,49.5,S
2021-06-09T10:58:46,400.0,49.6,B
2021-06-09T10:58:20,400.0,49.6,B
2021-06-09T10:56:50,600.0,49.6,B
2021-06-09T10:56:42,1000.0,49.6,B
2021-06-09T10:56:32,900.0,49.6,B
2021-06-09T10:56:02,500.0,49.55,S
2021-06-09T10:55:58,600.0,49.5,S
2021-06-09T10:55:48,400.0,49.55,S
2021-06-09T10:55:21,300.0,49.55,S
2021-06-09T10:54:39,1000.0,49.55,S
2021-06-09T10:54:05,600.0,49.55,S
2021-06-09T10:53:23,300.0,49.5,S
2021-06-09T10:50:41,6000.0,49.6,B
2021-06-09T10:50:22,300.0,49.6,B
2021-06-09T10:50:14,900.0,49.6,B
2021-06-09T10:50:08,1200.0,49.6,B
2021-06-09T10:49:47,2000.0,49.5,B
2021-06-09T10:49:28,4500.0,49.3,B
2021-06-09T10:49:08,5100.0,49.3,B
2021-06-09T10:48:57,1200.0,49.3,B
2021-06-09T10:48:43,700.0,49.3,B
2021-06-09T10:48:37,300.0,49.3,B
2021-06-09T10:48:17,1000.0,49.3,S
2021-06-09T10:48:14,17200.0,49.3,S
2021-06-09T10:47:49,1500.0,49.6,S
2021-06-09T10:47:43,1000.0,49.6,S
2021-06-09T10:47:42,500.0,49.5,S
2021-06-09T10:47:37,900.0,49.6,S
2021-06-09T10:47:27,600.0,49.6,S
2021-06-09T10:47:02,1200.0,49.6,S
2021-06-09T10:46:32,100.0,49.6,S
2021-06-09T10:46:10,2000.0,49.6,S
2021-06-09T10:46:10,1000.0,49.6,S
2021-06-09T10:46:00,600.0,49.6,S
2021-06-09T10:45:53,100.0,49.6,S
2021-06-09T10:45:47,200.0,49.6,S
2021-06-09T10:45:46,1900.0,49.6,S
2021-06-09T10:45:41,3000.0,49.3,S
2021-06-09T10:45:41,1000.0,49.3,S
2021-06-09T10:45:41,16000.0,49.3,S
2021-06-09T10:45:37,5600.0,49.6,S
2021-06-09T10:45:23,2000.0,49.6,S
2021-06-09T10:45:23,1100.0,49.6,S
2021-06-09T10:45:22,400.0,49.65,S
2021-06-09T10:44:56,300.0,49.7,B
2021-06-09T10:44:47,200.0,49.6,S
2021-06-09T10:44:45,1100.0,49.7,B
2021-06-09T10:44:42,2000.0,49.6,S
2021-06-09T10:44:30,600.0,49.6,S
2021-06-09T10:44:25,300.0,49.6,S
2021-06-09T10:44:24,700.0,49.7,B
2021-06-09T10:44:16,1200.0,49.7,B
2021-06-09T10:44:05,1200.0,49.7,B
2021-06-09T10:44:02,100.0,49.7,B
2021-06-09T10:43:50,1000.0,49.6,S
2021-06-09T10:42:56,100.0,49.7,B
2021-06-09T10:42:53,2000.0,49.7,B
2021-06-09T10:42:20,600.0,49.7,B
2021-06-09T10:42:12,1000.0,49.7,B
2021-06-09T10:42:04,900.0,49.7,B
2021-06-09T10:41:59,500.0,49.7,B
2021-06-09T10:41:57,2000.0,49.7,B
2021-06-09T10:41:31,900.0,49.7,B
2021-06-09T10:41:07,100.0,49.7,B
2021-06-09T10:40:54,700.0,49.7,B
2021-06-09T10:40:30,400.0,49.75,B
2021-06-09T10:40:26,800.0,49.75,B
2021-06-09T10:40:26,400.0,49.7,B
2021-06-09T10:40:20,1000.0,49.75,B
2021-06-09T10:40:19,5000.0,49.5,S
2021-06-09T10:40:17,500.0,49.75,B
2021-06-09T10:40:13,5000.0,49.55,S
2021-06-09T10:40:08,3900.0,49.6,S
2021-06-09T10:40:07,1100.0,49.7,B
2021-06-09T10:39:58,5000.0,49.7,B
2021-06-09T10:39:05,1000.0,49.7,B
2021-06-09T10:38:32,2000.0,49.8,B
2021-06-09T10:38:32,600.0,49.8,B
2021-06-09T10:38:32,8600.0,49.8,B
2021-06-09T10:38:24,10900.0,49.75,B
2021-06-09T10:38:14,15000.0,49.75,B
2021-06-09T10:36:54,10900.0,49.75,B
2021-06-09T10:36:41,8900.0,49.6,B
2021-06-09T10:36:34,5200.0,49.6,B
2021-06-09T10:36:25,5100.0,49.6,B
2021-06-09T10:36:20,300.0,49.6,B
2021-06-09T10:34:50,11800.0,49.75,B
2021-06-09T10:34:49,200.0,49.5,B
2021-06-09T10:34:38,5500.0,49.7,B
2021-06-09T10:34:32,14300.0,49.7,B
2021-06-09T10:34:32,100.0,49.7,B
2021-06-09T10:34:31,600.0,49.7,B
2021-06-09T10:34:25,10900.0,49.7,B
2021-06-09T10:34:18,5100.0,49.6,B
2021-06-09T10:34:01,10900.0,49.7,B
2021-06-09T10:33:26,2100.0,49.5,B
2021-06-09T10:32:50,2900.0,49.5,B
2021-06-09T10:32:36,5000.0,49.5,B
2021-06-09T10:32:33,10200.0,49.65,B
2021-06-09T10:32:20,1400.0,49.65,B
2021-06-09T10:32:20,4000.0,49.6,B
2021-06-09T10:32:20,4700.0,49.6,B
2021-06-09T10:32:20,400.0,49.6,B
2021-06-09T10:32:20,400.0,49.6,B
2021-06-09T10:31:35,100.0,49.5,B
2021-06-09T10:31:31,15200.0,49.6,B
2021-06-09T10:31:24,10700.0,49.55,B
2021-06-09T10:30:59,5700.0,49.55,B
2021-06-09T10:30:59,800.0,49.5,B
2021-06-09T10:30:59,4400.0,49.5,B
2021-06-09T10:30:33,8900.0,49.5,B
2021-06-09T10:29:52,100.0,49.5,B
2021-06-09T10:29:31,4100.0,49.5,B
2021-06-09T10:29:23,4900.0,49.5,B
2021-06-09T10:29:18,2100.0,49.5,B
2021-06-09T10:29:17,2300.0,49.5,B
2021-06-09T10:29:17,3100.0,49.5,B
2021-06-09T10:29:11,5700.0,49.5,B
2021-06-09T10:28:48,100.0,49.3,S
2021-06-09T10:27:47,4000.0,49.5,B
2021-06-09T10:27:25,100.0,49.5,B
2021-06-09T10:27:18,500.0,49.3,S
2021-06-09T10:26:40,5600.0,49.5,B
2021-06-09T10:26:25,1000.0,49.5,B
2021-06-09T10:25:05,5600.0,49.5,B
2021-06-09T10:24:14,5600.0,49.5,B
2021-06-09T10:24:06,10000.0,49.3,S
2021-06-09T10:23:16,2800.0,49.5,B
2021-06-09T10:23:16,2900.0,49.5,B
2021-06-09T10:22:34,400.0,49.3,S
2021-06-09T10:22:14,5600.0,49.5,B
2021-06-09T10:21:56,2000.0,49.3,S
2021-06-09T10:20:45,10600.0,49.5,B
2021-06-09T10:20:30,500.0,49.4,B
2021-06-09T10:20:24,400.0,49.5,B
2021-06-09T10:20:13,400.0,49.4,B
2021-06-09T10:19:47,100.0,49.1,S
2021-06-09T10:19:31,100.0,49.1,S
2021-06-09T10:19:19,2700.0,48.9,S
2021-06-09T10:19:19,4700.0,48.9,S
2021-06-09T10:19:19,5000.0,49.0,S
2021-06-09T10:19:19,6000.0,49.0,S
2021-06-09T10:19:19,2000.0,49.0,S
2021-06-09T10:19:19,29600.0,49.0,S
2021-06-09T10:18:10,12900.0,49.5,B
2021-06-09T10:18:09,1000.0,49.3,B
2021-06-09T10:17:40,200.0,49.3,B
2021-06-09T10:17:31,8300.0,49.5,B
2021-06-09T10:17:31,900.0,49.4,B
2021-06-09T10:17:31,3700.0,49.4,B
2021-06-09T10:17:24,1300.0,49.4,B
2021-06-09T10:17:24,4400.0,49.4,B
2021-06-09T10:17:02,200.0,49.3,B
2021-06-09T10:17:00,1700.0,49.4,B
2021-06-09T10:16:56,1200.0,49.4,B
2021-06-09T10:16:49,4000.0,49.4,B
2021-06-09T10:16:09,400.0,49.4,B
2021-06-09T10:16:09,300.0,49.4,B
2021-06-09T10:16:09,1000.0,49.4,B
2021-06-09T10:15:45,2400.0,49.4,B
2021-06-09T10:14:58,3400.0,49.1,S
2021-06-09T10:14:53,1900.0,49.2,B
2021-06-09T10:13:50,1900.0,49.2,S
2021-06-09T10:13:45,4200.0,49.2,S
2021-06-09T10:13:37,400.0,49.2,S
2021-06-09T10:13:35,2400.0,49.3,S
2021-06-09T10:13:26,1500.0,49.3,S
2021-06-09T10:13:09,500.0,49.3,S
2021-06-09T10:13:03,100.0,49.3,S
2021-06-09T10:12:58,400.0,49.3,S
2021-06-09T10:11:45,2600.0,49.2,S
2021-06-09T10:11:20,200.0,49.2,S
2021-06-09T10:09:32,500.0,49.2,S
2021-06-09T10:09:31,1500.0,49.3,S
2021-06-09T10:09:28,1000.0,49.4,B
2021-06-09T10:08:28,1000.0,49.3,S
2021-06-09T10:08:27,700.0,49.4,B
2021-06-09T10:08:15,1000.0,49.3,S
2021-06-09T10:07:38,100.0,49.4,B
2021-06-09T10:07:21,5100.0,49.5,B
2021-06-09T10:06:14,2400.0,49.5,B
2021-06-09T10:05:24,1000.0,49.3,S
2021-06-09T10:05:24,300.0,49.3,S
2021-06-09T10:05:19,1700.0,49.5,B
2021-06-09T10:05:13,1200.0,49.5,B
2021-06-09T10:04:49,6300.0,49.5,B
2021-06-09T10:04:49,4600.0,49.5,B
2021-06-09T10:04:37,200.0,49.5,B
2021-06-09T10:04:36,9800.0,49.5,B
2021-06-09T10:03:57,900.0,49.3,S
2021-06-09T10:03:54,200.0,49.3,S
2021-06-09T10:03:40,2000.0,49.3,S
2021-06-09T10:03:31,4900.0,49.5,B
2021-06-09T10:03:24,5600.0,49.5,B
2021-06-09T10:02:32,2000.0,49.3,S
2021-06-09T10:01:50,200.0,49.2,S
2021-06-09T10:00:47,3000.0,49.2,S
2021-06-09T10:00:29,200.0,49.3,S
2021-06-09T10:00:25,5100.0,49.4,S
2021-06-09T09:59:55,5000.0,49.3,S
2021-06-09T09:59:50,400.0,49.4,S
2021-06-09T09:58:21,300.0,49.4,S
2021-06-09T09:58:17,4400.0,49.4,S
2021-06-09T09:57:29,100.0,49.3,S
2021-06-09T09:56:35,5000.0,49.1,S
2021-06-09T09:56:12,10000.0,49.2,S
2021-06-09T09:55:40,300.0,49.4,S
2021-06-09T09:55:26,100.0,49.4,S
2021-06-09T09:54:59,400.0,49.4,S
2021-06-09T09:54:58,1500.0,49.4,S
2021-06-09T09:53:17,1900.0,49.55,B
2021-06-09T09:53:05,1600.0,49.55,B
2021-06-09T09:52:57,800.0,49.5,B
2021-06-09T09:52:40,500.0,49.4,S
2021-06-09T09:52:29,1200.0,49.55,B
2021-06-09T09:52:21,500.0,49.55,B
2021-06-09T09:52:21,1800.0,49.5,B
2021-06-09T09:52:14,1200.0,49.5,B
2021-06-09T09:52:10,200.0,49.4,S
2021-06-09T09:51:17,1500.0,49.55,B
2021-06-09T09:51:05,1500.0,49.5,B
2021-06-09T09:50:53,1000.0,49.4,S
2021-06-09T09:50:42,4400.0,49.2,S
2021-06-09T09:50:35,5600.0,49.2,S
2021-06-09T09:50:21,1200.0,49.4,S
2021-06-09T09:50:11,500.0,49.4,S
2021-06-09T09:48:45,1200.0,48.9,S
2021-06-09T09:48:45,1100.0,48.95,S
2021-06-09T09:48:45,4300.0,49.0,S
2021-06-09T09:48:45,28400.0,49.0,S
2021-06-09T09:48:44,5000.0,49.65,B
2021-06-09T09:48:39,300.0,49.4,S
2021-06-09T09:48:36,10000.0,49.65,B
2021-06-09T09:48:12,200.0,49.3,S
2021-06-09T09:48:01,1500.0,49.5,B
2021-06-09T09:47:44,1000.0,49.3,S
2021-06-09T09:47:17,1200.0,49.5,B
2021-06-09T09:47:01,2000.0,49.3,S
2021-06-09T09:46:24,1000.0,49.4,B
2021-06-09T09:46:24,2400.0,49.5,B
2021-06-09T09:46:18,1000.0,49.4,B
2021-06-09T09:45:22,1400.0,49.5,B
2021-06-09T09:45:06,1200.0,49.5,B
2021-06-09T09:45:05,4000.0,49.4,B
2021-06-09T09:45:01,300.0,49.4,B
2021-06-09T09:44:56,2600.0,49.5,B
2021-06-09T09:44:17,100.0,49.4,B
2021-06-09T09:44:16,300.0,49.4,B
2021-06-09T09:43:57,10800.0,49.5,B
2021-06-09T09:43:37,300.0,49.6,B
2021-06-09T09:43:37,2100.0,49.6,B
2021-06-09T09:43:26,100.0,49.4,B
2021-06-09T09:43:24,200.0,49.4,B
2021-06-09T09:43:10,300.0,49.4,B
2021-06-09T09:43:00,1000.0,49.4,B
2021-06-09T09:42:13,1000.0,49.4,B
2021-06-09T09:42:00,2300.0,49.6,B
2021-06-09T09:41:52,2500.0,49.5,B
2021-06-09T09:41:46,100.0,49.4,B
2021-06-09T09:41:25,10200.0,49.5,B
2021-06-09T09:41:21,500.0,49.4,B
2021-06-09T09:41:14,1900.0,49.5,B
2021-06-09T09:41:09,2100.0,49.5,B
2021-06-09T09:41:07,1000.0,49.4,B
2021-06-09T09:40:39,1700.0,49.5,B
2021-06-09T09:40:36,1200.0,49.5,B
2021-06-09T09:40:32,2900.0,49.5,B
2021-06-09T09:40:29,1500.0,49.5,B
2021-06-09T09:40:21,2600.0,49.5,B
2021-06-09T09:39:26,600.0,49.05,S
2021-06-09T09:39:12,1200.0,49.5,B
2021-06-09T09:39:04,200.0,49.1,S
2021-06-09T09:39:00,600.0,49.5,B
2021-06-09T09:39:00,1500.0,49.5,B
2021-06-09T09:38:59,200.0,49.5,B
2021-06-09T09:38:55,500.0,49.5,B
2021-06-09T09:38:49,1900.0,49.5,B
2021-06-09T09:38:41,2000.0,49.5,B
2021-06-09T09:38:39,1200.0,49.5,B
2021-06-09T09:38:35,10000.0,49.1,S
2021-06-09T09:38:33,1300.0,49.5,B
2021-06-09T09:38:33,200.0,49.3,B
2021-06-09T09:38:17,200.0,49.3,S
2021-06-09T09:38:01,100.0,49.3,S
2021-06-09T09:38:01,200.0,49.4,B
2021-06-09T09:37:51,1300.0,49.5,B
2021-06-09T09:37:43,1200.0,49.5,B
2021-06-09T09:37:40,600.0,49.5,B
2021-06-09T09:37:37,1500.0,49.5,B
2021-06-09T09:37:34,100.0,49.3,S
2021-06-09T09:37:34,1000.0,49.3,S
2021-06-09T09:37:33,4000.0,49.3,S
2021-06-09T09:36:52,1300.0,49.3,S
2021-06-09T09:36:46,1500.0,49.3,S
2021-06-09T09:35:56,1000.0,49.3,S
2021-06-09T09:35:42,5400.0,49.3,S
2021-06-09T09:35:17,5800.0,49.0,S
2021-06-09T09:35:17,5200.0,49.05,S
2021-06-09T09:35:16,19000.0,49.05,S
2021-06-09T09:35:14,500.0,49.2,S
2021-06-09T09:35:04,300.0,49.3,S
2021-06-09T09:34:53,1400.0,49.3,S
2021-06-09T09:34:49,400.0,49.3,S
2021-06-09T09:34:46,1500.0,49.3,S
2021-06-09T09:34:25,1200.0,49.3,S
2021-06-09T09:34:05,3000.0,49.3,S
2021-06-09T09:33:49,2200.0,49.4,B
2021-06-09T09:33:33,100.0,49.4,B
2021-06-09T09:33:19,400.0,49.4,B
2021-06-09T09:33:18,100.0,49.4,B
2021-06-09T09:33:09,100.0,49.4,B
2021-06-09T09:32:52,300.0,49.4,B
2021-06-09T09:32:49,700.0,49.4,B
2021-06-09T09:32:08,400.0,49.5,B
2021-06-09T09:32:00,1200.0,49.5,B
2021-06-09T09:31:34,100.0,49.4,B
2021-06-09T09:30:58,100.0,49.4,B
2021-06-09T09:30:50,4500.0,49.3,S
2021-06-09T09:30:36,1200.0,49.5,B
2021-06-09T09:30:33,1000.0,49.5,B
2021-06-09T09:30:27,1200.0,49.4,B
2021-06-09T09:30:22,900.0,49.4,B
2021-06-09T09:29:52,400.0,49.4,B
2021-06-09T09:29:39,1400.0,49.5,B
2021-06-09T09:29:32,1000.0,49.3,S
2021-06-09T09:29:31,1900.0,49.5,B
2021-06-09T09:28:43,400.0,49.4,S
2021-06-09T09:28:37,10000.0,49.1,S
2021-06-09T09:28:36,1000.0,49.3,S
2021-06-09T09:28:27,900.0,49.4,S
2021-06-09T09:27:40,1300.0,49.4,S
2021-06-09T09:27:38,400.0,49.3,S
2021-06-09T09:27:32,800.0,49.4,S
2021-06-09T09:27:26,1500.0,49.4,S
2021-06-09T09:27:18,1600.0,49.4,S
2021-06-09T09:26:55,1700.0,49.3,S
2021-06-09T09:25:14,200.0,48.9,S
2021-06-09T09:25:12,700.0,49.4,S
2021-06-09T09:25:02,1500.0,49.4,S
2021-06-09T09:24:57,17100.0,48.9,S
2021-06-09T09:24:57,5700.0,49.0,S
2021-06-09T09:24:56,1000.0,49.2,S
2021-06-09T09:24:56,5800.0,49.2,S
2021-06-09T09:24:56,400.0,49.3,S
2021-06-09T09:24:55,1400.0,49.4,S
2021-06-09T09:24:40,500.0,49.4,S
2021-06-09T09:24:34,1200.0,49.4,S
2021-06-09T09:24:32,1000.0,49.4,S
2021-06-09T09:24:13,3000.0,49.3,S
2021-06-09T09:23:56,500.0,49.3,S
2021-06-09T09:23:50,500.0,49.5,B
2021-06-09T09:23:22,2900.0,49.5,B
2021-06-09T09:22:14,5000.0,49.3,S
2021-06-09T09:21:55,900.0,49.4,S
2021-06-09T09:21:48,5000.0,49.5,S
2021-06-09T09:21:37,300.0,49.5,S
2021-06-09T09:21:37,900.0,49.5,S
2021-06-09T09:21:20,700.0,49.5,S
2021-06-09T09:21:12,2000.0,49.4,S
2021-06-09T09:21:04,400.0,49.5,S
2021-06-09T09:20:51,600.0,49.5,S
2021-06-09T09:20:45,1000.0,49.5,S
2021-06-09T09:20:04,100.0,49.5,S
2021-06-09T09:19:34,1000.0,49.5,S
2021-06-09T09:19:11,100.0,49.5,S
2021-06-09T09:19:02,100.0,49.5,S
2021-06-09T09:18:56,1700.0,49.5,S
2021-06-09T09:18:47,900.0,49.5,S
2021-06-09T09:18:37,700.0,49.5,S
2021-06-09T09:18:26,1200.0,49.5,S
2021-06-09T09:17:26,5700.0,49.5,S
2021-06-09T09:17:23,1600.0,49.5,S
2021-06-09T09:17:14,3500.0,49.5,S
2021-06-09T09:17:08,100.0,49.5,S
2021-06-09T09:17:02,1400.0,49.5,S
2021-06-09T09:16:50,400.0,49.5,S
2021-06-09T09:16:45,200.0,49.8,B
2021-06-09T09:16:45,300.0,49.8,B
2021-06-09T09:16:45,200.0,49.7,B
2021-06-09T09:16:45,500.0,49.7,B
2021-06-09T09:16:25,100.0,49.5,S
2021-06-09T09:16:25,4900.0,49.6,S
2021-06-09T09:16:04,1000.0,49.6,S
2021-06-09T09:16:01,2400.0,49.7,S
2021-06-09T09:15:57,900.0,49.8,B
2021-06-09T09:15:45,3000.0,49.7,S
2021-06-09T09:15:45,500.0,49.8,B
