tradingTime,volume,price,side
2021-06-09T14:26:16,2800.0,27.1,B
2021-06-09T14:25:00,100.0,27.0,S
2021-06-09T14:23:42,1000.0,27.0,S
2021-06-09T14:23:20,1000.0,27.0,S
2021-06-09T14:22:09,10000.0,27.0,S
2021-06-09T14:21:46,200.0,27.0,S
2021-06-09T14:21:46,2000.0,27.0,S
2021-06-09T14:20:40,100.0,27.0,S
2021-06-09T14:18:35,200.0,27.0,S
2021-06-09T14:18:04,800.0,27.0,S
2021-06-09T14:17:05,100.0,27.0,S
2021-06-09T14:16:20,300.0,27.1,B
2021-06-09T14:12:11,5000.0,27.15,B
2021-06-09T14:12:05,1100.0,26.9,B
2021-06-09T14:11:14,2600.0,26.9,S
2021-06-09T14:10:22,1000.0,26.9,S
2021-06-09T14:10:14,100.0,26.9,S
2021-06-09T14:09:35,1000.0,26.9,S
2021-06-09T14:08:11,1000.0,26.9,S
2021-06-09T14:07:48,2000.0,26.9,S
2021-06-09T14:07:46,300.0,26.9,S
2021-06-09T14:06:52,300.0,27.0,B
2021-06-09T14:06:27,1400.0,26.9,S
2021-06-09T14:06:26,1000.0,26.9,S
2021-06-09T14:06:23,500.0,27.0,B
2021-06-09T14:05:48,200.0,27.0,S
2021-06-09T14:05:42,1200.0,27.0,S
2021-06-09T14:05:40,9000.0,27.0,S
2021-06-09T14:05:35,12000.0,27.0,S
2021-06-09T14:05:30,8000.0,27.0,S
2021-06-09T14:05:21,4700.0,27.0,S
2021-06-09T14:05:21,1300.0,27.0,S
2021-06-09T14:05:06,2000.0,27.0,S
2021-06-09T14:03:50,3000.0,27.0,S
2021-06-09T14:03:46,4000.0,27.0,S
2021-06-09T14:03:46,1000.0,27.0,S
2021-06-09T14:02:30,200.0,27.1,S
2021-06-09T14:02:25,100.0,27.1,S
2021-06-09T14:02:19,500.0,27.1,S
2021-06-09T14:02:19,500.0,27.1,S
2021-06-09T14:02:07,1000.0,27.1,S
2021-06-09T14:01:30,1000.0,27.15,S
2021-06-09T14:01:22,100.0,27.15,S
2021-06-09T14:01:03,1000.0,27.15,S
2021-06-09T14:00:52,1000.0,27.15,S
2021-06-09T14:00:14,1000.0,27.15,S
2021-06-09T13:59:57,1000.0,27.15,S
2021-06-09T13:59:46,1000.0,27.15,S
2021-06-09T13:58:32,1000.0,27.15,B
2021-06-09T13:58:05,5000.0,27.15,B
2021-06-09T13:57:56,100.0,27.15,B
2021-06-09T13:57:54,6200.0,27.15,B
2021-06-09T13:56:39,600.0,27.15,B
2021-06-09T13:56:05,3200.0,27.2,B
2021-06-09T13:55:07,400.0,27.2,B
2021-06-09T13:55:07,3100.0,27.2,B
2021-06-09T13:55:07,200.0,27.2,B
2021-06-09T13:55:07,4100.0,27.2,B
2021-06-09T13:55:07,2500.0,27.2,B
2021-06-09T13:55:07,3100.0,27.2,B
2021-06-09T13:55:07,3400.0,27.15,B
2021-06-09T13:54:56,100.0,27.1,B
2021-06-09T13:54:50,100.0,27.1,B
2021-06-09T13:52:58,100.0,27.1,S
2021-06-09T13:52:22,1100.0,27.15,B
2021-06-09T13:50:34,500.0,27.1,S
2021-06-09T13:50:28,100.0,27.15,B
2021-06-09T13:50:25,500.0,27.15,B
2021-06-09T13:50:22,1000.0,27.1,S
2021-06-09T13:50:08,1000.0,27.1,S
2021-06-09T13:49:56,800.0,27.1,S
2021-06-09T13:49:56,200.0,27.1,S
2021-06-09T13:49:54,3000.0,27.15,B
2021-06-09T13:49:26,1000.0,27.1,S
2021-06-09T13:49:16,500.0,27.1,S
2021-06-09T13:48:52,700.0,27.1,S
2021-06-09T13:48:01,100.0,27.15,B
2021-06-09T13:47:42,500.0,27.15,B
2021-06-09T13:47:18,500.0,27.15,B
2021-06-09T13:46:27,200.0,27.15,B
2021-06-09T13:45:12,400.0,27.15,B
2021-06-09T13:44:28,1000.0,27.15,B
2021-06-09T13:43:54,1300.0,27.15,B
2021-06-09T13:43:20,1300.0,27.15,S
2021-06-09T13:42:55,2400.0,27.15,S
2021-06-09T13:41:52,2700.0,27.15,B
2021-06-09T13:41:51,500.0,27.15,B
2021-06-09T13:41:40,1000.0,27.15,B
2021-06-09T13:41:31,300.0,27.15,B
2021-06-09T13:41:06,100.0,27.15,B
2021-06-09T13:40:38,100.0,27.15,B
2021-06-09T13:39:22,100.0,27.15,B
2021-06-09T13:37:02,5000.0,27.15,B
2021-06-09T13:36:05,1600.0,27.1,S
2021-06-09T13:36:05,7100.0,27.1,S
2021-06-09T13:36:05,1300.0,27.1,S
2021-06-09T13:35:52,600.0,27.15,B
2021-06-09T13:34:20,400.0,27.15,S
2021-06-09T13:32:53,5000.0,27.15,B
2021-06-09T13:31:51,10000.0,27.2,B
2021-06-09T13:31:43,100.0,27.2,B
2021-06-09T13:31:27,300.0,27.2,B
2021-06-09T13:30:33,2000.0,27.2,B
2021-06-09T13:30:11,5000.0,27.15,B
2021-06-09T13:30:08,700.0,27.1,B
2021-06-09T13:29:19,4300.0,27.1,S
2021-06-09T13:28:59,400.0,27.1,S
2021-06-09T13:28:59,5000.0,27.1,S
2021-06-09T13:28:15,5000.0,27.1,B
2021-06-09T13:27:53,800.0,27.1,B
2021-06-09T13:27:41,300.0,27.05,S
2021-06-09T13:27:16,1000.0,27.05,S
2021-06-09T13:27:10,3000.0,27.05,S
2021-06-09T13:27:06,2200.0,27.1,B
2021-06-09T13:27:06,1300.0,27.1,B
2021-06-09T13:26:59,300.0,27.1,B
2021-06-09T13:26:49,100.0,27.1,B
2021-06-09T13:26:45,100.0,27.1,B
2021-06-09T13:26:23,200.0,27.1,B
2021-06-09T13:25:47,1000.0,27.1,B
2021-06-09T13:25:45,100.0,27.1,B
2021-06-09T13:24:32,8500.0,27.05,B
2021-06-09T13:24:02,400.0,27.05,B
2021-06-09T13:23:27,3700.0,27.0,B
2021-06-09T13:23:19,2300.0,27.0,B
2021-06-09T13:23:11,300.0,27.0,B
2021-06-09T13:23:05,4500.0,27.0,B
2021-06-09T13:20:05,200.0,27.0,B
2021-06-09T13:18:22,11300.0,26.6,S
2021-06-09T13:18:22,17700.0,26.7,S
2021-06-09T13:17:15,300.0,26.8,B
2021-06-09T13:17:04,100.0,26.8,B
2021-06-09T13:16:09,1000.0,26.8,B
2021-06-09T13:15:37,1000.0,26.8,B
2021-06-09T13:14:57,2000.0,26.8,B
2021-06-09T13:13:52,100.0,26.8,B
2021-06-09T13:12:51,200.0,26.7,S
2021-06-09T13:12:38,1000.0,26.8,B
2021-06-09T13:12:21,1700.0,26.8,B
2021-06-09T13:09:39,100.0,26.8,S
2021-06-09T13:09:39,500.0,26.8,S
2021-06-09T13:09:20,1800.0,27.05,B
2021-06-09T13:09:20,1200.0,27.0,B
2021-06-09T13:09:12,800.0,27.0,B
2021-06-09T13:09:12,100.0,27.0,B
2021-06-09T13:09:11,800.0,27.0,B
2021-06-09T13:09:11,1000.0,27.0,B
2021-06-09T13:09:11,1400.0,27.0,B
2021-06-09T13:09:11,200.0,27.0,B
2021-06-09T13:09:11,12000.0,27.0,B
2021-06-09T13:09:11,200.0,27.0,B
2021-06-09T13:09:11,2800.0,27.0,B
2021-06-09T13:09:11,3500.0,27.0,B
2021-06-09T13:09:11,6200.0,27.0,B
2021-06-09T13:09:11,1000.0,26.95,B
2021-06-09T13:08:49,500.0,26.8,S
2021-06-09T13:08:17,2000.0,26.8,B
2021-06-09T13:07:04,3000.0,26.8,S
2021-06-09T13:05:05,100.0,26.95,B
2021-06-09T13:05:02,10000.0,26.95,B
2021-06-09T13:03:10,200.0,26.7,B
2021-06-09T13:03:01,1500.0,26.7,S
2021-06-09T13:02:59,300.0,26.7,S
2021-06-09T13:02:11,400.0,26.7,B
2021-06-09T13:02:05,200.0,26.7,B
2021-06-09T13:02:05,300.0,26.7,B
2021-06-09T13:01:13,2200.0,26.7,B
2021-06-09T13:00:15,300.0,26.7,B
2021-06-09T11:29:50,1000.0,26.6,S
2021-06-09T11:26:13,100.0,26.7,B
2021-06-09T11:25:57,700.0,26.7,B
2021-06-09T11:25:48,100.0,26.7,B
2021-06-09T11:24:56,1000.0,26.7,B
2021-06-09T11:21:03,9000.0,26.6,S
2021-06-09T11:21:02,5600.0,26.7,S
2021-06-09T11:20:50,500.0,26.9,S
2021-06-09T11:19:28,500.0,26.7,S
2021-06-09T11:19:21,5000.0,26.7,S
2021-06-09T11:18:09,5000.0,26.7,S
2021-06-09T11:17:27,300.0,26.95,B
2021-06-09T11:17:10,900.0,26.95,B
2021-06-09T11:17:10,100.0,26.95,B
2021-06-09T11:15:50,4100.0,26.95,B
2021-06-09T11:14:58,100.0,26.95,B
2021-06-09T11:13:22,300.0,26.95,B
2021-06-09T11:13:07,3500.0,26.7,S
2021-06-09T11:13:06,5000.0,26.7,S
2021-06-09T11:13:06,22800.0,26.7,S
2021-06-09T11:13:06,5000.0,26.75,S
2021-06-09T11:12:26,100.0,26.9,S
2021-06-09T11:11:19,300.0,26.9,S
2021-06-09T11:11:15,100.0,26.95,B
2021-06-09T11:10:14,500.0,26.95,B
2021-06-09T11:09:53,100.0,26.9,S
2021-06-09T11:09:40,1000.0,26.95,B
2021-06-09T11:08:50,300.0,26.95,B
2021-06-09T11:08:31,100.0,26.95,B
2021-06-09T11:07:59,100.0,26.95,B
2021-06-09T11:07:34,100.0,26.95,B
2021-06-09T11:05:48,1000.0,26.95,B
2021-06-09T11:05:38,300.0,26.9,S
2021-06-09T11:05:01,300.0,26.75,S
2021-06-09T11:04:11,3000.0,26.95,B
2021-06-09T11:02:52,10000.0,27.0,B
2021-06-09T11:00:37,2000.0,26.95,B
2021-06-09T11:00:30,500.0,26.7,S
2021-06-09T11:00:04,2700.0,26.7,B
2021-06-09T10:59:51,400.0,26.6,S
2021-06-09T10:59:31,100.0,26.6,S
2021-06-09T10:58:16,2500.0,26.6,S
2021-06-09T10:58:09,300.0,27.0,B
2021-06-09T10:58:09,700.0,27.0,B
2021-06-09T10:57:39,100.0,26.65,S
2021-06-09T10:57:36,100.0,26.6,S
2021-06-09T10:57:19,20000.0,27.0,B
2021-06-09T10:57:00,2000.0,26.7,B
2021-06-09T10:56:55,200.0,26.7,B
2021-06-09T10:56:22,100.0,26.7,B
2021-06-09T10:55:54,200.0,26.7,B
2021-06-09T10:55:31,400.0,26.7,B
2021-06-09T10:55:10,21700.0,26.7,B
2021-06-09T10:55:04,100.0,26.7,B
2021-06-09T10:55:04,8500.0,26.7,B
2021-06-09T10:54:12,10000.0,26.7,B
2021-06-09T10:53:29,2000.0,26.7,B
2021-06-09T10:53:20,2400.0,26.7,B
2021-06-09T10:52:28,1500.0,26.7,B
2021-06-09T10:51:51,1200.0,26.7,S
2021-06-09T10:51:47,4400.0,26.7,S
2021-06-09T10:50:20,2700.0,26.85,B
2021-06-09T10:49:49,500.0,26.85,B
2021-06-09T10:49:47,19000.0,26.85,B
2021-06-09T10:49:45,7000.0,26.7,S
2021-06-09T10:49:06,1000.0,26.7,S
2021-06-09T10:49:05,100.0,26.8,S
2021-06-09T10:48:07,200.0,27.0,B
2021-06-09T10:48:04,500.0,27.0,B
2021-06-09T10:47:46,100.0,27.0,B
2021-06-09T10:47:46,4000.0,27.0,B
2021-06-09T10:47:46,3900.0,27.0,B
2021-06-09T10:47:29,1000.0,26.9,B
2021-06-09T10:47:23,12000.0,26.9,B
2021-06-09T10:46:15,100.0,26.7,S
2021-06-09T10:45:34,1000.0,26.7,S
2021-06-09T10:45:33,100.0,26.95,B
2021-06-09T10:45:19,13700.0,27.0,B
2021-06-09T10:45:10,600.0,26.7,S
2021-06-09T10:44:55,7400.0,26.7,S
2021-06-09T10:44:32,1000.0,26.9,B
2021-06-09T10:44:08,200.0,26.9,S
2021-06-09T10:43:44,3500.0,26.9,S
2021-06-09T10:43:44,300.0,26.95,B
2021-06-09T10:42:44,11000.0,26.9,S
2021-06-09T10:42:17,4000.0,26.95,B
2021-06-09T10:41:30,5000.0,26.7,S
2021-06-09T10:41:27,600.0,26.95,B
2021-06-09T10:41:15,500.0,26.95,B
2021-06-09T10:40:49,100.0,26.9,S
2021-06-09T10:39:07,200.0,26.7,S
2021-06-09T10:39:07,200.0,26.7,S
2021-06-09T10:39:07,400.0,26.9,S
2021-06-09T10:38:40,100.0,26.9,S
2021-06-09T10:37:04,1000.0,26.95,B
2021-06-09T10:35:28,5000.0,26.95,B
2021-06-09T10:35:14,100.0,26.9,B
2021-06-09T10:34:34,200.0,26.6,S
2021-06-09T10:33:35,1000.0,26.9,B
2021-06-09T10:32:38,2000.0,26.5,S
2021-06-09T10:28:36,1000.0,26.9,B
2021-06-09T10:27:55,100.0,26.9,B
2021-06-09T10:27:34,1000.0,27.0,B
2021-06-09T10:25:32,100.0,27.0,B
2021-06-09T10:25:25,500.0,27.0,B
2021-06-09T10:23:46,3000.0,27.0,B
2021-06-09T10:21:22,100.0,27.0,B
2021-06-09T10:21:14,200.0,27.0,B
2021-06-09T10:21:05,5000.0,27.0,B
2021-06-09T10:20:15,100.0,26.45,S
2021-06-09T10:19:40,500.0,26.5,S
2021-06-09T10:16:35,3000.0,27.0,B
2021-06-09T10:15:27,1000.0,26.45,S
2021-06-09T10:14:46,1500.0,26.45,S
2021-06-09T10:14:22,7000.0,27.0,B
2021-06-09T10:14:22,1200.0,27.0,B
2021-06-09T10:14:22,100.0,26.95,B
2021-06-09T10:14:21,4500.0,26.9,B
2021-06-09T10:14:21,500.0,26.9,B
2021-06-09T10:14:21,500.0,26.9,B
2021-06-09T10:14:21,1500.0,26.9,B
2021-06-09T10:14:21,700.0,26.9,B
2021-06-09T10:14:21,3700.0,26.9,B
2021-06-09T10:14:21,2700.0,26.9,B
2021-06-09T10:14:21,6000.0,26.8,B
2021-06-09T10:14:21,900.0,26.8,B
2021-06-09T10:14:21,2800.0,26.7,B
2021-06-09T10:13:31,23300.0,26.0,S
2021-06-09T10:13:31,4800.0,26.15,S
2021-06-09T10:13:31,3600.0,26.2,S
2021-06-09T10:13:31,800.0,26.4,S
2021-06-09T10:13:31,1300.0,26.4,S
2021-06-09T10:13:31,100.0,26.45,B
2021-06-09T10:13:31,5500.0,26.5,B
2021-06-09T10:13:31,10600.0,26.5,B
2021-06-09T10:12:54,400.0,26.5,B
2021-06-09T10:12:52,500.0,26.5,B
2021-06-09T10:10:59,300.0,26.5,B
2021-06-09T10:10:27,500.0,26.5,B
2021-06-09T10:10:11,1000.0,26.5,B
2021-06-09T10:09:32,5000.0,26.5,B
2021-06-09T10:09:09,3000.0,26.5,B
2021-06-09T10:08:01,3400.0,26.5,B
2021-06-09T10:07:49,200.0,26.4,S
2021-06-09T10:06:40,500.0,26.4,S
2021-06-09T10:05:24,2000.0,26.15,S
2021-06-09T10:05:12,3000.0,26.4,S
2021-06-09T10:04:18,6000.0,26.5,B
2021-06-09T10:04:04,3000.0,26.5,B
2021-06-09T10:03:39,500.0,26.5,B
2021-06-09T10:02:58,2400.0,26.5,B
2021-06-09T10:02:58,2500.0,26.5,B
2021-06-09T10:02:58,1800.0,26.5,B
2021-06-09T10:02:58,900.0,26.5,B
2021-06-09T10:02:46,400.0,26.3,S
2021-06-09T10:02:39,2000.0,26.4,S
2021-06-09T10:00:49,1200.0,26.4,S
2021-06-09T10:00:44,1000.0,26.4,S
2021-06-09T10:00:41,20000.0,26.5,B
2021-06-09T09:59:47,100.0,26.5,B
2021-06-09T09:59:29,100.0,26.5,B
2021-06-09T09:59:20,300.0,26.4,S
2021-06-09T09:59:20,700.0,26.45,S
2021-06-09T09:58:10,100.0,26.5,B
2021-06-09T09:58:09,1500.0,26.5,B
2021-06-09T09:58:09,8500.0,26.5,B
2021-06-09T09:57:56,1300.0,26.45,S
2021-06-09T09:57:41,3000.0,26.5,B
2021-06-09T09:57:25,3000.0,26.45,S
2021-06-09T09:53:46,500.0,26.4,S
2021-06-09T09:53:32,300.0,26.5,S
2021-06-09T09:53:10,300.0,26.5,S
2021-06-09T09:51:44,300.0,26.5,S
2021-06-09T09:51:24,2000.0,26.5,S
2021-06-09T09:51:06,2000.0,26.5,S
2021-06-09T09:50:35,1000.0,26.55,S
2021-06-09T09:50:35,1000.0,26.55,S
2021-06-09T09:50:07,500.0,26.5,S
2021-06-09T09:50:06,10000.0,26.5,S
2021-06-09T09:50:01,100.0,26.5,S
2021-06-09T09:49:53,200.0,26.5,S
2021-06-09T09:49:41,100.0,26.5,S
2021-06-09T09:49:21,200.0,26.5,S
2021-06-09T09:48:26,10000.0,26.5,S
2021-06-09T09:48:20,500.0,26.55,S
2021-06-09T09:48:20,500.0,26.55,S
2021-06-09T09:48:02,2000.0,26.55,S
2021-06-09T09:48:00,2000.0,26.55,S
2021-06-09T09:47:41,700.0,26.55,S
2021-06-09T09:47:41,300.0,26.6,S
2021-06-09T09:46:54,500.0,26.6,S
2021-06-09T09:46:06,1000.0,26.55,B
2021-06-09T09:45:55,400.0,26.55,B
2021-06-09T09:45:13,1000.0,26.55,B
2021-06-09T09:45:05,2000.0,26.55,B
2021-06-09T09:42:32,100.0,26.55,B
2021-06-09T09:41:55,1200.0,26.55,B
2021-06-09T09:41:52,1100.0,26.55,B
2021-06-09T09:41:24,100.0,26.55,B
2021-06-09T09:40:50,500.0,26.5,S
2021-06-09T09:40:36,700.0,26.5,S
2021-06-09T09:38:57,100.0,26.5,S
2021-06-09T09:38:41,1000.0,26.5,S
2021-06-09T09:38:29,2000.0,26.5,S
2021-06-09T09:38:26,200.0,26.5,S
2021-06-09T09:37:14,100.0,26.55,S
2021-06-09T09:36:13,3000.0,26.5,S
2021-06-09T09:35:11,1000.0,26.55,S
2021-06-09T09:34:20,1000.0,26.55,S
2021-06-09T09:31:50,900.0,26.9,S
2021-06-09T09:31:46,400.0,26.55,S
2021-06-09T09:31:27,800.0,26.55,S
2021-06-09T09:30:45,100.0,26.9,S
2021-06-09T09:30:10,500.0,26.55,S
2021-06-09T09:29:23,700.0,27.0,B
2021-06-09T09:27:20,200.0,26.9,S
2021-06-09T09:26:54,5900.0,25.5,S
2021-06-09T09:26:54,10100.0,25.5,S
2021-06-09T09:26:54,7000.0,25.6,S
2021-06-09T09:26:53,2000.0,25.7,S
2021-06-09T09:26:39,9300.0,25.8,S
2021-06-09T09:26:39,4000.0,26.0,S
2021-06-09T09:26:39,1100.0,26.0,S
2021-06-09T09:26:39,4500.0,26.5,S
2021-06-09T09:26:39,2100.0,26.5,S
2021-06-09T09:26:39,1500.0,26.7,S
2021-06-09T09:26:39,2500.0,26.7,S
2021-06-09T09:26:11,200.0,26.9,S
2021-06-09T09:26:09,1000.0,27.25,B
2021-06-09T09:26:00,100.0,26.9,S
2021-06-09T09:26:00,100.0,26.95,S
2021-06-09T09:25:49,300.0,26.9,S
2021-06-09T09:25:39,2300.0,26.9,S
2021-06-09T09:25:28,1500.0,27.0,B
2021-06-09T09:25:14,100.0,27.2,B
2021-06-09T09:24:59,100.0,27.2,B
2021-06-09T09:24:54,500.0,27.2,B
2021-06-09T09:24:50,100.0,27.25,B
2021-06-09T09:23:39,200.0,27.2,B
2021-06-09T09:23:17,100.0,27.2,B
2021-06-09T09:23:14,2400.0,27.2,B
2021-06-09T09:23:08,200.0,27.2,B
2021-06-09T09:22:29,10600.0,27.0,B
2021-06-09T09:22:21,100.0,26.9,S
2021-06-09T09:22:17,7400.0,26.9,S
2021-06-09T09:22:09,600.0,27.0,B
2021-06-09T09:22:06,100.0,26.9,S
2021-06-09T09:22:06,300.0,27.0,S
2021-06-09T09:21:29,800.0,27.0,S
2021-06-09T09:21:02,1000.0,26.9,S
2021-06-09T09:21:00,100.0,26.9,S
2021-06-09T09:20:53,200.0,26.9,S
2021-06-09T09:20:25,800.0,27.0,S
2021-06-09T09:19:21,200.0,26.9,S
2021-06-09T09:18:54,2800.0,26.9,S
2021-06-09T09:18:54,5000.0,26.9,S
2021-06-09T09:18:54,5000.0,26.9,S
2021-06-09T09:17:31,9400.0,26.9,S
2021-06-09T09:17:17,100.0,26.9,S
2021-06-09T09:16:54,200.0,26.9,S
2021-06-09T09:16:35,700.0,26.9,B
2021-06-09T09:16:25,300.0,26.9,B
2021-06-09T09:16:09,100.0,26.9,B
2021-06-09T09:15:54,700.0,26.9,B
2021-06-09T09:15:45,8200.0,26.9,S
2021-06-09T09:15:45,1000.0,27.4,B
2021-06-09T09:15:45,1000.0,27.0,B
