tradingTime,volume,price,side
2021-06-09T14:29:43,43000.0,10.6,S
2021-06-09T14:29:30,8000.0,10.7,B
2021-06-09T14:29:20,200.0,10.7,B
2021-06-09T14:29:18,10000.0,10.7,B
2021-06-09T14:29:15,800.0,10.7,B
2021-06-09T14:28:47,700.0,10.7,B
2021-06-09T14:28:37,4000.0,10.6,S
2021-06-09T14:28:24,4500.0,10.6,S
2021-06-09T14:28:03,200.0,10.6,S
2021-06-09T14:27:30,40000.0,10.6,S
2021-06-09T14:27:29,100.0,10.7,B
2021-06-09T14:27:27,23100.0,10.7,B
2021-06-09T14:26:40,2200.0,10.7,B
2021-06-09T14:26:30,1000.0,10.6,S
2021-06-09T14:26:18,1900.0,10.6,S
2021-06-09T14:26:14,700.0,10.6,S
2021-06-09T14:25:54,2000.0,10.7,B
2021-06-09T14:25:43,2500.0,10.6,S
2021-06-09T14:25:20,6500.0,10.6,B
2021-06-09T14:25:18,10200.0,10.6,B
2021-06-09T14:25:15,4000.0,10.6,B
2021-06-09T14:25:15,1000.0,10.6,B
2021-06-09T14:24:52,300.0,10.6,B
2021-06-09T14:24:51,100.0,10.6,B
2021-06-09T14:24:41,10000.0,10.6,B
2021-06-09T14:24:38,10000.0,10.6,B
2021-06-09T14:24:25,1000.0,10.6,B
2021-06-09T14:24:09,500.0,10.6,B
2021-06-09T14:24:08,1000.0,10.5,S
2021-06-09T14:23:59,1000.0,10.6,B
2021-06-09T14:23:45,700.0,10.6,B
2021-06-09T14:23:33,10100.0,10.6,B
2021-06-09T14:23:20,100.0,10.6,B
2021-06-09T14:23:03,200.0,10.6,B
2021-06-09T14:22:54,100.0,10.6,B
2021-06-09T14:21:55,800.0,10.6,B
2021-06-09T14:21:41,100.0,10.6,B
2021-06-09T14:21:14,100.0,10.6,B
2021-06-09T14:21:11,500.0,10.5,S
2021-06-09T14:20:59,2500.0,10.6,B
2021-06-09T14:20:38,200.0,10.6,B
2021-06-09T14:19:47,49000.0,10.6,S
2021-06-09T14:18:38,500.0,10.6,S
2021-06-09T14:18:28,500.0,10.7,B
2021-06-09T14:17:52,100.0,10.7,B
2021-06-09T14:17:27,1000.0,10.7,B
2021-06-09T14:16:53,200.0,10.7,B
2021-06-09T14:16:50,100.0,10.7,B
2021-06-09T14:16:23,500.0,10.7,B
2021-06-09T14:15:51,2500.0,10.6,S
2021-06-09T14:15:29,14500.0,10.7,B
2021-06-09T14:15:23,3000.0,10.6,S
2021-06-09T14:15:22,1000.0,10.6,S
2021-06-09T14:15:21,2500.0,10.7,B
2021-06-09T14:15:17,6000.0,10.7,B
2021-06-09T14:14:54,2500.0,10.7,B
2021-06-09T14:14:42,1000.0,10.7,B
2021-06-09T14:14:34,2800.0,10.7,S
2021-06-09T14:14:30,41000.0,10.7,S
2021-06-09T14:14:16,1000.0,10.7,S
2021-06-09T14:14:01,15000.0,10.7,S
2021-06-09T14:13:40,100.0,10.7,S
2021-06-09T14:13:11,2000.0,10.7,S
2021-06-09T14:12:26,2000.0,10.7,S
2021-06-09T14:12:05,300.0,10.7,S
2021-06-09T14:12:00,100.0,10.7,S
2021-06-09T14:11:53,400.0,10.7,S
2021-06-09T14:11:30,100.0,10.7,S
2021-06-09T14:11:18,2200.0,10.7,S
2021-06-09T14:10:16,100.0,10.7,S
2021-06-09T14:09:48,200.0,10.7,S
2021-06-09T14:09:32,300.0,10.7,S
2021-06-09T14:08:28,1000.0,10.7,S
2021-06-09T14:08:03,100.0,10.7,S
2021-06-09T14:07:17,5000.0,10.7,S
2021-06-09T14:06:44,4000.0,10.7,S
2021-06-09T14:06:32,20000.0,10.7,S
2021-06-09T14:06:31,49000.0,10.8,B
2021-06-09T14:06:25,100.0,10.8,B
2021-06-09T14:05:59,1000.0,10.8,B
2021-06-09T14:05:57,1000.0,10.8,B
2021-06-09T14:05:40,500.0,10.8,B
2021-06-09T14:05:40,1000.0,10.7,S
2021-06-09T14:05:27,800.0,10.7,S
2021-06-09T14:05:25,300.0,10.7,S
2021-06-09T14:05:23,1000.0,10.8,B
2021-06-09T14:05:23,600.0,10.7,S
2021-06-09T14:05:11,200.0,10.7,S
2021-06-09T14:05:04,11800.0,10.7,S
2021-06-09T14:04:47,2000.0,10.7,S
2021-06-09T14:04:21,100.0,10.8,B
2021-06-09T14:04:09,400.0,10.8,B
2021-06-09T14:03:43,10000.0,10.8,B
2021-06-09T14:03:23,100.0,10.8,B
2021-06-09T14:03:14,100.0,10.8,B
2021-06-09T14:03:02,2600.0,10.8,B
2021-06-09T14:02:46,100.0,10.8,B
2021-06-09T14:02:42,2000.0,10.7,S
2021-06-09T14:02:40,200.0,10.8,B
2021-06-09T14:02:20,500.0,10.8,B
2021-06-09T14:02:00,300.0,10.8,B
2021-06-09T14:01:56,2000.0,10.8,B
2021-06-09T14:01:53,1100.0,10.8,B
2021-06-09T14:01:16,200.0,10.8,B
2021-06-09T14:01:09,500.0,10.8,B
2021-06-09T14:01:07,100.0,10.8,B
2021-06-09T14:01:05,300.0,10.8,B
2021-06-09T14:01:04,100.0,10.8,B
2021-06-09T14:01:02,1000.0,10.8,B
2021-06-09T14:00:58,1900.0,10.8,B
2021-06-09T14:00:43,300.0,10.8,B
2021-06-09T14:00:27,3400.0,10.8,S
2021-06-09T14:00:22,200.0,10.8,S
2021-06-09T14:00:12,800.0,10.9,B
2021-06-09T14:00:09,1000.0,10.8,S
2021-06-09T13:59:51,4000.0,10.8,S
2021-06-09T13:59:50,5000.0,10.8,S
2021-06-09T13:59:31,20000.0,10.8,S
2021-06-09T13:59:14,20000.0,10.8,S
2021-06-09T13:59:06,300.0,10.9,B
2021-06-09T13:58:39,3000.0,10.9,B
2021-06-09T13:58:21,600.0,10.8,S
2021-06-09T13:58:18,1300.0,10.9,B
2021-06-09T13:58:16,1900.0,10.8,S
2021-06-09T13:58:03,500.0,10.9,B
2021-06-09T13:57:34,1000.0,10.9,B
2021-06-09T13:56:54,3000.0,10.9,B
2021-06-09T13:56:44,10000.0,10.8,S
2021-06-09T13:56:43,100.0,10.9,B
2021-06-09T13:56:36,1000.0,10.9,B
2021-06-09T13:55:56,100.0,10.9,B
2021-06-09T13:55:43,1500.0,10.9,B
2021-06-09T13:55:17,100.0,10.9,B
2021-06-09T13:55:15,2000.0,10.9,B
2021-06-09T13:55:13,200.0,10.9,B
2021-06-09T13:55:11,500.0,10.9,B
2021-06-09T13:55:06,200.0,10.9,B
2021-06-09T13:55:03,100.0,10.9,B
2021-06-09T13:54:50,500.0,10.9,B
2021-06-09T13:54:49,400.0,10.9,B
2021-06-09T13:54:48,1000.0,10.9,B
2021-06-09T13:54:46,2000.0,10.9,B
2021-06-09T13:54:42,100.0,10.9,B
2021-06-09T13:54:28,1500.0,10.9,B
2021-06-09T13:54:10,2000.0,10.9,B
2021-06-09T13:54:01,1500.0,10.9,B
2021-06-09T13:53:54,100.0,10.9,B
2021-06-09T13:53:45,2000.0,10.9,B
2021-06-09T13:53:34,3000.0,10.9,B
2021-06-09T13:53:27,300.0,10.9,B
2021-06-09T13:53:24,5000.0,10.9,B
2021-06-09T13:53:23,100.0,10.9,B
2021-06-09T13:53:09,200.0,10.9,B
2021-06-09T13:53:05,100.0,10.9,S
2021-06-09T13:53:02,3400.0,10.9,B
2021-06-09T13:52:53,400.0,10.9,B
2021-06-09T13:52:42,6200.0,10.9,S
2021-06-09T13:52:37,700.0,11.0,B
2021-06-09T13:52:33,900.0,10.9,B
2021-06-09T13:52:32,600.0,10.9,B
2021-06-09T13:52:29,100.0,10.9,B
2021-06-09T13:52:28,5000.0,10.9,B
2021-06-09T13:52:26,500.0,10.9,B
2021-06-09T13:52:25,100.0,10.9,B
2021-06-09T13:52:22,1000.0,10.9,B
2021-06-09T13:52:07,1000.0,10.9,B
2021-06-09T13:52:00,500.0,10.9,B
2021-06-09T13:52:00,100.0,10.9,B
2021-06-09T13:51:56,4000.0,10.9,B
2021-06-09T13:51:50,11700.0,10.9,B
2021-06-09T13:51:45,2300.0,11.0,B
2021-06-09T13:51:41,3000.0,11.0,B
2021-06-09T13:51:31,10000.0,10.9,S
2021-06-09T13:51:28,10000.0,11.0,B
2021-06-09T13:51:14,10000.0,10.9,S
2021-06-09T13:51:10,300.0,11.0,B
2021-06-09T13:51:08,40000.0,10.9,S
2021-06-09T13:51:05,1900.0,11.0,B
2021-06-09T13:51:00,100.0,11.0,B
2021-06-09T13:50:55,1000.0,11.0,B
2021-06-09T13:50:36,10000.0,11.0,B
2021-06-09T13:50:29,7000.0,11.0,B
2021-06-09T13:49:44,300.0,11.0,B
2021-06-09T13:49:25,2500.0,11.0,B
2021-06-09T13:49:09,100.0,11.0,B
2021-06-09T13:49:01,200.0,11.0,B
2021-06-09T13:48:58,100.0,11.0,B
2021-06-09T13:48:57,1000.0,11.0,B
2021-06-09T13:48:52,500.0,11.0,B
2021-06-09T13:48:47,4900.0,11.0,B
2021-06-09T13:48:47,1000.0,11.0,B
2021-06-09T13:48:34,4400.0,11.0,B
2021-06-09T13:48:29,500.0,11.0,B
2021-06-09T13:48:19,100.0,11.0,B
2021-06-09T13:48:16,5000.0,11.0,B
2021-06-09T13:47:46,400.0,10.9,S
2021-06-09T13:47:44,100.0,11.0,B
2021-06-09T13:47:31,300.0,10.9,S
2021-06-09T13:47:27,10000.0,11.0,B
2021-06-09T13:47:10,100.0,11.0,B
2021-06-09T13:46:57,200.0,10.9,S
2021-06-09T13:46:56,100.0,11.0,B
2021-06-09T13:46:49,100.0,11.0,B
2021-06-09T13:46:36,5100.0,10.9,S
2021-06-09T13:46:32,4200.0,10.9,B
2021-06-09T13:46:20,400.0,10.9,B
2021-06-09T13:46:11,8100.0,10.9,B
2021-06-09T13:46:08,2000.0,10.9,B
2021-06-09T13:46:05,8000.0,10.9,B
2021-06-09T13:45:57,20200.0,10.9,B
2021-06-09T13:45:56,500.0,10.9,B
2021-06-09T13:45:54,5000.0,10.9,B
2021-06-09T13:45:40,2200.0,10.9,B
2021-06-09T13:45:34,1000.0,10.9,B
2021-06-09T13:45:34,1000.0,10.9,B
2021-06-09T13:45:21,300.0,10.9,B
2021-06-09T13:45:20,100.0,10.9,B
2021-06-09T13:45:02,9000.0,10.9,B
2021-06-09T13:45:01,2500.0,10.9,B
2021-06-09T13:44:54,2000.0,10.9,B
2021-06-09T13:44:53,20000.0,10.9,B
2021-06-09T13:44:47,1100.0,10.9,B
2021-06-09T13:44:32,100.0,10.9,B
2021-06-09T13:44:27,5000.0,10.9,B
2021-06-09T13:44:25,31000.0,10.9,B
2021-06-09T13:44:19,100.0,10.9,B
2021-06-09T13:44:17,5000.0,10.9,B
2021-06-09T13:44:09,2000.0,10.9,B
2021-06-09T13:44:01,100.0,10.9,B
2021-06-09T13:44:01,900.0,10.9,B
2021-06-09T13:43:50,100.0,10.9,B
2021-06-09T13:43:42,100.0,10.9,B
2021-06-09T13:43:38,1000.0,10.9,B
2021-06-09T13:43:34,100.0,10.9,B
2021-06-09T13:43:31,300.0,10.9,B
2021-06-09T13:43:25,100.0,10.9,B
2021-06-09T13:43:21,200.0,10.9,B
2021-06-09T13:43:20,1000.0,10.9,B
2021-06-09T13:43:16,100.0,10.9,B
2021-06-09T13:43:11,4400.0,10.9,B
2021-06-09T13:43:07,16000.0,10.9,B
2021-06-09T13:42:58,1000.0,10.9,B
2021-06-09T13:42:58,1100.0,10.9,B
2021-06-09T13:42:50,2000.0,10.9,B
2021-06-09T13:42:50,300.0,10.9,B
2021-06-09T13:42:41,800.0,10.9,B
2021-06-09T13:42:35,200.0,10.9,B
2021-06-09T13:42:13,400.0,10.9,B
2021-06-09T13:42:11,200.0,10.9,B
2021-06-09T13:42:06,50000.0,10.9,B
2021-06-09T13:41:59,10000.0,10.9,B
2021-06-09T13:41:42,200.0,10.9,B
2021-06-09T13:41:19,100.0,10.9,B
2021-06-09T13:41:16,200.0,10.9,B
2021-06-09T13:41:04,100.0,10.8,S
2021-06-09T13:40:55,1000.0,10.9,B
2021-06-09T13:40:24,300.0,10.9,B
2021-06-09T13:40:12,100.0,10.9,B
2021-06-09T13:39:55,500.0,10.9,B
2021-06-09T13:39:45,1000.0,10.9,B
2021-06-09T13:39:43,100.0,10.9,B
2021-06-09T13:39:27,200.0,10.9,B
2021-06-09T13:39:21,12000.0,10.9,B
2021-06-09T13:39:18,500.0,10.9,B
2021-06-09T13:39:15,500.0,10.9,B
2021-06-09T13:39:02,100.0,10.8,S
2021-06-09T13:38:59,500.0,10.9,B
2021-06-09T13:38:46,37000.0,10.9,B
2021-06-09T13:38:35,5700.0,10.8,S
2021-06-09T13:38:20,9100.0,10.8,B
2021-06-09T13:38:18,4000.0,10.8,B
2021-06-09T13:38:13,200.0,10.8,B
2021-06-09T13:38:13,300.0,10.8,B
2021-06-09T13:38:02,11000.0,10.8,B
2021-06-09T13:38:02,50000.0,10.8,B
2021-06-09T13:37:52,200.0,10.8,B
2021-06-09T13:37:41,800.0,10.8,B
2021-06-09T13:37:38,5400.0,10.8,B
2021-06-09T13:37:33,100.0,10.8,B
2021-06-09T13:37:32,1000.0,10.8,B
2021-06-09T13:37:29,2000.0,10.8,B
2021-06-09T13:37:26,50000.0,10.8,B
2021-06-09T13:37:20,100.0,10.7,S
2021-06-09T13:37:20,1000.0,10.8,B
2021-06-09T13:37:16,500.0,10.8,B
2021-06-09T13:37:04,100.0,10.8,B
2021-06-09T13:37:04,300.0,10.8,B
2021-06-09T13:36:55,200.0,10.8,B
2021-06-09T13:36:55,400.0,10.8,B
2021-06-09T13:36:53,2000.0,10.8,B
2021-06-09T13:36:50,400.0,10.8,B
2021-06-09T13:36:42,700.0,10.8,B
2021-06-09T13:36:39,400.0,10.8,B
2021-06-09T13:36:37,50000.0,10.8,B
2021-06-09T13:36:34,100.0,10.8,B
2021-06-09T13:35:53,1000.0,10.8,B
2021-06-09T13:35:46,700.0,10.8,B
2021-06-09T13:35:36,500.0,10.8,B
2021-06-09T13:35:31,1000.0,10.8,B
2021-06-09T13:35:30,600.0,10.8,B
2021-06-09T13:35:28,400.0,10.7,S
2021-06-09T13:35:27,200.0,10.8,B
2021-06-09T13:35:24,1700.0,10.8,B
2021-06-09T13:35:20,700.0,10.8,B
2021-06-09T13:35:06,5000.0,10.8,B
2021-06-09T13:35:03,5000.0,10.8,B
2021-06-09T13:35:00,5000.0,10.8,B
2021-06-09T13:34:52,200.0,10.8,B
2021-06-09T13:34:44,3000.0,10.8,B
2021-06-09T13:34:26,1400.0,10.8,B
2021-06-09T13:33:59,500.0,10.8,B
2021-06-09T13:33:58,1900.0,10.8,B
2021-06-09T13:33:45,500.0,10.8,B
2021-06-09T13:33:31,600.0,10.8,B
2021-06-09T13:33:26,4000.0,10.8,B
2021-06-09T13:33:17,1000.0,10.8,B
2021-06-09T13:33:17,400.0,10.8,B
2021-06-09T13:33:07,1100.0,10.8,B
2021-06-09T13:33:03,500.0,10.8,B
2021-06-09T13:32:53,1500.0,10.8,B
2021-06-09T13:32:51,10000.0,10.8,B
2021-06-09T13:32:42,800.0,10.8,B
2021-06-09T13:32:17,100.0,10.8,B
2021-06-09T13:32:08,2000.0,10.8,B
2021-06-09T13:31:53,100.0,10.8,B
2021-06-09T13:31:37,500.0,10.8,B
2021-06-09T13:31:36,200.0,10.8,B
2021-06-09T13:31:33,200.0,10.8,B
2021-06-09T13:31:29,300.0,10.8,B
2021-06-09T13:31:22,100.0,10.8,B
2021-06-09T13:31:16,9000.0,10.8,B
2021-06-09T13:31:10,500.0,10.8,B
2021-06-09T13:30:48,3000.0,10.8,B
2021-06-09T13:30:32,4700.0,10.8,B
2021-06-09T13:30:26,1000.0,10.8,B
2021-06-09T13:30:20,400.0,10.8,B
2021-06-09T13:29:45,100.0,10.8,B
2021-06-09T13:29:20,200.0,10.8,B
2021-06-09T13:28:52,1000.0,10.7,S
2021-06-09T13:28:50,5000.0,10.8,B
2021-06-09T13:28:30,100.0,10.8,B
2021-06-09T13:28:11,4000.0,10.8,B
2021-06-09T13:28:10,100.0,10.8,B
2021-06-09T13:28:09,100.0,10.8,B
2021-06-09T13:27:51,500.0,10.8,B
2021-06-09T13:27:48,100.0,10.8,B
2021-06-09T13:27:43,500.0,10.8,B
2021-06-09T13:27:41,2500.0,10.7,S
2021-06-09T13:27:38,1000.0,10.8,B
2021-06-09T13:27:25,100.0,10.8,B
2021-06-09T13:27:08,500.0,10.8,B
2021-06-09T13:27:08,2600.0,10.8,B
2021-06-09T13:27:05,5000.0,10.8,B
2021-06-09T13:26:54,2200.0,10.8,B
2021-06-09T13:26:54,100.0,10.8,B
2021-06-09T13:26:53,100.0,10.8,B
2021-06-09T13:26:46,5000.0,10.8,B
2021-06-09T13:26:35,100.0,10.7,S
2021-06-09T13:26:30,100.0,10.8,B
2021-06-09T13:26:24,3000.0,10.8,B
2021-06-09T13:25:55,500.0,10.8,B
2021-06-09T13:25:40,500.0,10.7,S
2021-06-09T13:25:36,1100.0,10.7,B
2021-06-09T13:25:25,500.0,10.7,B
2021-06-09T13:25:24,20000.0,10.7,B
2021-06-09T13:25:21,2000.0,10.7,B
2021-06-09T13:25:15,2000.0,10.7,B
2021-06-09T13:25:14,1500.0,10.6,S
2021-06-09T13:25:13,5000.0,10.7,B
2021-06-09T13:25:10,100.0,10.7,B
2021-06-09T13:25:07,1000.0,10.7,B
2021-06-09T13:24:59,100.0,10.7,B
2021-06-09T13:24:53,9000.0,10.7,B
2021-06-09T13:24:52,2000.0,10.7,B
2021-06-09T13:24:38,10000.0,10.7,B
2021-06-09T13:24:37,200.0,10.6,S
2021-06-09T13:24:32,100.0,10.7,B
2021-06-09T13:24:24,18000.0,10.7,B
2021-06-09T13:24:11,23000.0,10.7,B
2021-06-09T13:23:55,3000.0,10.6,B
2021-06-09T13:23:52,1000.0,10.6,B
2021-06-09T13:23:47,800.0,10.6,B
2021-06-09T13:23:46,4000.0,10.6,B
2021-06-09T13:23:42,500.0,10.6,B
2021-06-09T13:23:39,900.0,10.6,B
2021-06-09T13:23:37,2900.0,10.6,S
2021-06-09T13:23:32,600.0,10.6,B
2021-06-09T13:23:17,700.0,10.6,B
2021-06-09T13:23:16,100.0,10.6,B
2021-06-09T13:22:50,3000.0,10.6,B
2021-06-09T13:22:40,400.0,10.6,B
2021-06-09T13:22:26,300.0,10.6,B
2021-06-09T13:22:25,95100.0,10.6,S
2021-06-09T13:20:02,200.0,10.6,S
2021-06-09T13:19:49,1000.0,10.6,S
2021-06-09T13:19:10,600.0,10.6,S
2021-06-09T13:19:00,1100.0,10.6,B
2021-06-09T13:18:42,10000.0,10.6,B
2021-06-09T13:18:41,100.0,10.6,B
2021-06-09T13:18:35,5000.0,10.6,B
2021-06-09T13:18:24,2000.0,10.6,B
2021-06-09T13:18:13,3000.0,10.6,B
2021-06-09T13:18:03,17000.0,10.6,B
2021-06-09T13:17:52,300.0,10.6,B
2021-06-09T13:17:19,200.0,10.6,B
2021-06-09T13:17:16,200.0,10.6,B
2021-06-09T13:16:53,5500.0,10.6,B
2021-06-09T13:16:49,600.0,10.6,B
2021-06-09T13:16:46,100.0,10.6,B
2021-06-09T13:16:45,3000.0,10.6,B
2021-06-09T13:16:30,100.0,10.6,B
2021-06-09T13:16:29,500.0,10.6,B
2021-06-09T13:16:23,3500.0,10.6,B
2021-06-09T13:16:19,100.0,10.6,B
2021-06-09T13:15:49,500.0,10.6,B
2021-06-09T13:15:29,500.0,10.6,B
2021-06-09T13:15:21,300.0,10.5,S
2021-06-09T13:15:03,500.0,10.6,B
2021-06-09T13:14:08,100.0,10.5,S
2021-06-09T13:13:55,100.0,10.6,B
2021-06-09T13:13:15,5000.0,10.6,B
2021-06-09T13:12:43,4500.0,10.6,B
2021-06-09T13:12:38,5000.0,10.6,B
2021-06-09T13:12:36,17800.0,10.6,B
2021-06-09T13:12:04,3600.0,10.6,B
2021-06-09T13:11:19,200.0,10.6,B
2021-06-09T13:11:17,100.0,10.5,S
2021-06-09T13:10:12,3100.0,10.6,B
2021-06-09T13:09:28,1000.0,10.6,B
2021-06-09T13:08:55,4000.0,10.6,B
2021-06-09T13:08:55,8000.0,10.6,B
2021-06-09T13:08:25,2500.0,10.6,B
2021-06-09T13:07:43,600.0,10.6,B
2021-06-09T13:07:26,200.0,10.5,S
2021-06-09T13:07:19,2500.0,10.5,B
2021-06-09T13:07:17,10000.0,10.5,B
2021-06-09T13:07:17,200.0,10.5,B
2021-06-09T13:07:16,5900.0,10.5,B
2021-06-09T13:07:12,1000.0,10.5,B
2021-06-09T13:07:11,5000.0,10.5,B
2021-06-09T13:07:11,10000.0,10.5,B
2021-06-09T13:07:09,20000.0,10.5,B
2021-06-09T13:07:02,200.0,10.5,B
2021-06-09T13:07:01,1000.0,10.5,B
2021-06-09T13:06:49,500.0,10.5,B
2021-06-09T13:06:48,1000.0,10.5,B
2021-06-09T13:06:41,4000.0,10.5,B
2021-06-09T13:06:38,1000.0,10.5,B
2021-06-09T13:06:34,100.0,10.5,B
2021-06-09T13:06:30,800.0,10.5,B
2021-06-09T13:06:25,10000.0,10.5,B
2021-06-09T13:06:21,200.0,10.5,B
2021-06-09T13:06:19,500.0,10.5,B
2021-06-09T13:06:15,1000.0,10.5,B
2021-06-09T13:06:13,500.0,10.5,B
2021-06-09T13:06:12,19500.0,10.5,B
2021-06-09T13:06:06,1000.0,10.5,B
2021-06-09T13:06:05,10000.0,10.5,B
2021-06-09T13:05:54,400.0,10.5,B
2021-06-09T13:05:41,1000.0,10.5,B
2021-06-09T13:05:41,1000.0,10.5,B
2021-06-09T13:05:17,500.0,10.5,B
2021-06-09T13:05:10,1500.0,10.5,B
2021-06-09T13:05:06,1100.0,10.5,B
2021-06-09T13:05:02,10000.0,10.5,B
2021-06-09T13:04:57,200.0,10.5,B
2021-06-09T13:04:53,300.0,10.5,B
2021-06-09T13:04:48,10000.0,10.5,B
2021-06-09T13:04:47,200.0,10.5,B
2021-06-09T13:04:44,10000.0,10.5,B
2021-06-09T13:04:40,2000.0,10.5,B
2021-06-09T13:04:22,300.0,10.5,B
2021-06-09T13:04:05,3000.0,10.5,B
2021-06-09T13:03:57,1600.0,10.5,B
2021-06-09T13:03:57,100.0,10.5,B
2021-06-09T13:03:54,300.0,10.5,B
2021-06-09T13:03:53,900.0,10.5,B
2021-06-09T13:03:41,2000.0,10.5,B
2021-06-09T13:03:28,600.0,10.5,B
2021-06-09T13:03:25,5000.0,10.5,B
2021-06-09T13:03:08,1000.0,10.5,B
2021-06-09T13:01:45,500.0,10.4,S
2021-06-09T13:00:30,2000.0,10.4,S
2021-06-09T13:00:18,100.0,10.4,S
2021-06-09T13:00:15,2300.0,10.5,B
2021-06-09T13:00:15,100.0,10.5,B
2021-06-09T13:00:08,1500.0,10.5,B
2021-06-09T13:00:07,300.0,10.5,B
2021-06-09T13:00:06,3000.0,10.5,B
2021-06-09T13:00:05,2000.0,10.5,B
2021-06-09T11:29:56,500.0,10.4,S
2021-06-09T11:29:49,3500.0,10.4,S
2021-06-09T11:29:39,400.0,10.4,S
2021-06-09T11:29:29,1000.0,10.4,S
2021-06-09T11:29:20,5000.0,10.4,S
2021-06-09T11:28:40,500.0,10.4,S
2021-06-09T11:28:33,100.0,10.4,S
2021-06-09T11:28:03,3000.0,10.4,S
2021-06-09T11:27:14,500.0,10.4,S
2021-06-09T11:27:09,5000.0,10.5,B
2021-06-09T11:25:12,2500.0,10.5,B
2021-06-09T11:24:40,1000.0,10.5,B
2021-06-09T11:24:39,100.0,10.4,S
2021-06-09T11:24:03,15000.0,10.4,S
2021-06-09T11:23:59,2000.0,10.5,B
2021-06-09T11:23:07,2400.0,10.5,B
2021-06-09T11:22:44,5000.0,10.5,B
2021-06-09T11:22:04,22000.0,10.5,B
2021-06-09T11:22:01,6300.0,10.5,S
2021-06-09T11:21:54,5000.0,10.5,S
2021-06-09T11:21:54,1000.0,10.5,S
2021-06-09T11:21:54,100.0,10.5,S
2021-06-09T11:21:53,11000.0,10.5,S
2021-06-09T11:21:50,500.0,10.5,S
2021-06-09T11:21:50,5400.0,10.5,S
2021-06-09T11:21:48,500.0,10.5,S
2021-06-09T11:21:47,20000.0,10.5,S
2021-06-09T11:21:44,3000.0,10.5,S
2021-06-09T11:21:41,5000.0,10.5,S
2021-06-09T11:21:38,2000.0,10.5,S
2021-06-09T11:21:36,2200.0,10.5,S
2021-06-09T11:21:30,500.0,10.5,S
2021-06-09T11:21:27,2000.0,10.5,S
2021-06-09T11:21:25,200.0,10.5,S
2021-06-09T11:21:13,6000.0,10.5,S
2021-06-09T11:21:10,600.0,10.5,S
2021-06-09T11:21:10,300.0,10.5,S
2021-06-09T11:21:09,100.0,10.5,S
2021-06-09T11:21:07,10000.0,10.5,S
2021-06-09T11:21:02,1000.0,10.5,S
2021-06-09T11:20:53,500.0,10.5,S
2021-06-09T11:20:37,1000.0,10.5,S
2021-06-09T11:20:32,100.0,10.5,S
2021-06-09T11:20:20,4000.0,10.5,S
2021-06-09T11:20:16,500.0,10.5,S
2021-06-09T11:20:03,189800.0,10.5,S
2021-06-09T11:19:47,1000.0,10.4,S
2021-06-09T11:19:46,1300.0,10.4,S
2021-06-09T11:19:35,100.0,10.4,S
2021-06-09T11:19:30,4000.0,10.4,S
2021-06-09T11:19:29,100.0,10.4,S
2021-06-09T11:19:10,10400.0,10.4,S
2021-06-09T11:19:07,1000.0,10.4,S
2021-06-09T11:18:24,1400.0,10.4,S
2021-06-09T11:18:20,200.0,10.4,S
2021-06-09T11:18:09,35000.0,10.4,S
2021-06-09T11:17:03,1500.0,10.5,B
2021-06-09T11:16:37,1400.0,10.5,B
2021-06-09T11:16:23,1000.0,10.5,B
2021-06-09T11:16:06,5000.0,10.5,B
2021-06-09T11:15:41,3000.0,10.5,B
2021-06-09T11:15:39,200.0,10.5,B
2021-06-09T11:15:29,1000.0,10.5,B
2021-06-09T11:15:06,100.0,10.5,B
2021-06-09T11:14:51,100.0,10.4,S
2021-06-09T11:14:44,100.0,10.4,S
2021-06-09T11:14:16,300.0,10.4,S
2021-06-09T11:13:56,4800.0,10.4,S
2021-06-09T11:13:53,2500.0,10.4,S
2021-06-09T11:13:27,200.0,10.5,B
2021-06-09T11:12:58,298200.0,10.5,B
2021-06-09T11:12:46,10000.0,10.5,S
2021-06-09T11:12:29,3000.0,10.5,S
2021-06-09T11:12:26,8700.0,10.5,S
2021-06-09T11:12:13,500.0,10.5,S
2021-06-09T11:12:11,100.0,10.5,S
2021-06-09T11:12:04,11500.0,10.5,S
2021-06-09T11:11:33,2500.0,10.5,S
2021-06-09T11:11:29,10000.0,10.5,S
2021-06-09T11:11:25,2500.0,10.5,S
2021-06-09T11:11:19,5000.0,10.5,S
2021-06-09T11:11:14,300.0,10.5,S
2021-06-09T11:11:08,11000.0,10.5,S
2021-06-09T11:11:05,100.0,10.6,B
2021-06-09T11:10:59,2000.0,10.5,S
2021-06-09T11:10:55,20000.0,10.5,S
2021-06-09T11:10:54,5000.0,10.5,S
2021-06-09T11:10:50,100.0,10.6,B
2021-06-09T11:10:49,10000.0,10.5,S
2021-06-09T11:10:45,5000.0,10.5,S
2021-06-09T11:10:43,5000.0,10.5,S
2021-06-09T11:10:38,200.0,10.5,S
2021-06-09T11:10:33,5000.0,10.5,S
2021-06-09T11:09:52,100.0,10.5,S
2021-06-09T11:09:50,3000.0,10.5,S
2021-06-09T11:09:09,2000.0,10.5,S
2021-06-09T11:09:01,100000.0,10.5,S
2021-06-09T11:08:35,10000.0,10.6,B
2021-06-09T11:08:28,200.0,10.6,B
2021-06-09T11:08:18,900.0,10.6,B
2021-06-09T11:08:18,1000.0,10.5,S
2021-06-09T11:08:16,200.0,10.6,B
2021-06-09T11:07:44,600.0,10.6,B
2021-06-09T11:07:38,300.0,10.6,B
2021-06-09T11:07:37,200.0,10.6,B
2021-06-09T11:07:36,5000.0,10.5,S
2021-06-09T11:07:27,1000.0,10.6,B
2021-06-09T11:07:21,3000.0,10.6,B
2021-06-09T11:07:12,9200.0,10.6,B
2021-06-09T11:07:07,2000.0,10.6,B
2021-06-09T11:07:02,1000.0,10.6,B
2021-06-09T11:06:33,500.0,10.6,B
2021-06-09T11:06:29,100.0,10.6,B
2021-06-09T11:06:17,1000.0,10.6,B
2021-06-09T11:06:07,600.0,10.6,B
2021-06-09T11:05:52,100.0,10.5,S
2021-06-09T11:05:33,1500.0,10.5,S
2021-06-09T11:04:51,1000.0,10.6,B
2021-06-09T11:04:45,1100.0,10.6,B
2021-06-09T11:04:24,2400.0,10.6,B
2021-06-09T11:04:06,1500.0,10.6,B
2021-06-09T11:03:39,1000.0,10.6,B
2021-06-09T11:03:28,700.0,10.6,B
2021-06-09T11:03:12,2100.0,10.6,B
2021-06-09T11:03:08,17000.0,10.6,B
2021-06-09T11:03:00,3000.0,10.6,B
2021-06-09T11:02:57,500.0,10.6,B
2021-06-09T11:02:43,2000.0,10.6,B
2021-06-09T11:02:39,5000.0,10.6,B
2021-06-09T11:02:23,200.0,10.6,B
2021-06-09T11:02:22,1000.0,10.6,B
2021-06-09T11:02:15,500.0,10.6,B
2021-06-09T11:01:59,800.0,10.5,S
2021-06-09T11:01:42,200.0,10.6,B
2021-06-09T11:01:11,7000.0,10.6,B
2021-06-09T11:01:09,600.0,10.6,B
2021-06-09T11:00:36,900.0,10.6,B
2021-06-09T11:00:34,200.0,10.6,B
2021-06-09T11:00:09,100.0,10.6,B
2021-06-09T11:00:08,18700.0,10.6,S
2021-06-09T11:00:06,3500.0,10.6,S
2021-06-09T11:00:04,2000.0,10.6,S
2021-06-09T11:00:03,10000.0,10.6,S
2021-06-09T10:59:57,1500.0,10.6,S
2021-06-09T10:59:48,59000.0,10.6,S
2021-06-09T10:59:42,200.0,10.6,S
2021-06-09T10:59:40,1000.0,10.7,B
2021-06-09T10:59:18,100.0,10.6,S
2021-06-09T10:58:55,2000.0,10.6,S
2021-06-09T10:58:13,900.0,10.7,B
2021-06-09T10:57:59,300.0,10.7,B
2021-06-09T10:57:20,100.0,10.7,B
2021-06-09T10:57:10,100.0,10.7,B
2021-06-09T10:57:06,100.0,10.6,S
2021-06-09T10:56:06,2000.0,10.6,S
2021-06-09T10:56:04,1000.0,10.6,S
2021-06-09T10:55:59,1000.0,10.6,S
2021-06-09T10:55:54,3500.0,10.6,S
2021-06-09T10:55:46,6000.0,10.6,S
2021-06-09T10:55:27,2000.0,10.6,S
2021-06-09T10:55:20,100.0,10.6,S
2021-06-09T10:55:14,20000.0,10.6,S
2021-06-09T10:54:57,10000.0,10.7,B
2021-06-09T10:54:53,100.0,10.7,B
2021-06-09T10:54:44,100.0,10.7,B
2021-06-09T10:54:14,1600.0,10.7,B
2021-06-09T10:54:07,600.0,10.6,S
2021-06-09T10:53:46,20000.0,10.6,S
2021-06-09T10:53:25,200.0,10.6,S
2021-06-09T10:53:17,10000.0,10.6,S
2021-06-09T10:52:21,1000.0,10.6,S
2021-06-09T10:51:41,200.0,10.6,S
2021-06-09T10:51:18,3500.0,10.6,S
2021-06-09T10:51:17,100.0,10.7,B
2021-06-09T10:51:11,2000.0,10.6,S
2021-06-09T10:51:01,5000.0,10.6,S
2021-06-09T10:50:55,1500.0,10.7,B
2021-06-09T10:50:53,10000.0,10.6,S
2021-06-09T10:50:48,200.0,10.6,S
2021-06-09T10:50:25,92600.0,10.6,S
2021-06-09T10:50:16,2500.0,10.6,B
2021-06-09T10:50:09,100.0,10.6,B
2021-06-09T10:49:42,10000.0,10.6,B
2021-06-09T10:49:34,2000.0,10.5,S
2021-06-09T10:49:23,200.0,10.5,S
2021-06-09T10:49:21,1000.0,10.5,S
2021-06-09T10:49:14,600.0,10.5,S
2021-06-09T10:49:05,800.0,10.5,S
2021-06-09T10:48:43,2300.0,10.5,B
2021-06-09T10:48:33,10000.0,10.5,B
2021-06-09T10:48:29,20000.0,10.5,B
2021-06-09T10:48:26,800.0,10.5,B
2021-06-09T10:48:25,1000.0,10.5,B
2021-06-09T10:48:10,3000.0,10.5,B
2021-06-09T10:47:58,200.0,10.5,B
2021-06-09T10:47:48,1000.0,10.5,B
2021-06-09T10:47:39,10000.0,10.5,B
2021-06-09T10:47:35,300.0,10.5,B
2021-06-09T10:47:32,1000.0,10.5,B
2021-06-09T10:47:17,300.0,10.5,B
2021-06-09T10:47:05,1000.0,10.5,B
2021-06-09T10:46:43,400.0,10.5,B
2021-06-09T10:46:42,1400.0,10.5,B
2021-06-09T10:46:34,2000.0,10.5,B
2021-06-09T10:46:23,1200.0,10.5,B
2021-06-09T10:45:48,600.0,10.4,S
2021-06-09T10:45:28,600.0,10.5,B
2021-06-09T10:45:25,1000.0,10.5,B
2021-06-09T10:45:16,1000.0,10.5,B
2021-06-09T10:45:06,200.0,10.5,B
2021-06-09T10:44:20,1000.0,10.5,B
2021-06-09T10:44:12,2000.0,10.5,B
2021-06-09T10:43:58,1000.0,10.4,S
2021-06-09T10:43:57,500.0,10.5,B
2021-06-09T10:43:37,100000.0,10.4,S
2021-06-09T10:43:22,300.0,10.5,B
2021-06-09T10:43:14,1000.0,10.5,B
2021-06-09T10:42:45,1100.0,10.5,B
2021-06-09T10:42:44,5000.0,10.5,B
2021-06-09T10:42:42,200.0,10.5,B
2021-06-09T10:42:37,100.0,10.5,B
2021-06-09T10:42:30,100.0,10.5,B
2021-06-09T10:42:28,700.0,10.5,B
2021-06-09T10:42:23,300.0,10.5,B
2021-06-09T10:42:21,3000.0,10.5,B
2021-06-09T10:42:17,100.0,10.5,B
2021-06-09T10:42:16,5000.0,10.5,B
2021-06-09T10:42:14,1000.0,10.5,B
2021-06-09T10:42:09,8000.0,10.5,B
2021-06-09T10:42:08,100.0,10.5,B
2021-06-09T10:41:58,1700.0,10.5,B
2021-06-09T10:41:54,200.0,10.5,B
2021-06-09T10:41:53,3000.0,10.5,B
2021-06-09T10:41:51,200.0,10.5,B
2021-06-09T10:41:47,1000.0,10.5,B
2021-06-09T10:41:44,2000.0,10.5,B
2021-06-09T10:41:42,4700.0,10.5,B
2021-06-09T10:41:33,3500.0,10.5,B
2021-06-09T10:41:30,100.0,10.5,B
2021-06-09T10:41:30,200.0,10.5,B
2021-06-09T10:41:26,30000.0,10.5,B
2021-06-09T10:41:23,6000.0,10.5,B
2021-06-09T10:41:21,2000.0,10.5,B
2021-06-09T10:41:18,3000.0,10.5,B
2021-06-09T10:41:17,5000.0,10.5,B
2021-06-09T10:41:14,41000.0,10.5,B
2021-06-09T10:41:13,1500.0,10.5,B
2021-06-09T10:41:08,200.0,10.5,B
2021-06-09T10:41:08,1000.0,10.5,B
2021-06-09T10:41:04,1500.0,10.5,B
2021-06-09T10:40:59,1000.0,10.5,B
2021-06-09T10:40:55,10000.0,10.5,B
2021-06-09T10:40:49,400.0,10.5,B
2021-06-09T10:40:29,3300.0,10.5,B
2021-06-09T10:40:16,400.0,10.5,B
2021-06-09T10:39:59,100.0,10.5,B
2021-06-09T10:39:41,7000.0,10.5,B
2021-06-09T10:39:36,5000.0,10.5,B
2021-06-09T10:39:28,1000.0,10.5,B
2021-06-09T10:39:09,1000.0,10.5,B
2021-06-09T10:39:04,100.0,10.5,B
2021-06-09T10:38:59,2700.0,10.5,B
2021-06-09T10:38:43,62800.0,10.4,B
2021-06-09T10:38:12,300.0,10.3,B
2021-06-09T10:38:09,4700.0,10.3,S
2021-06-09T10:38:01,1000.0,10.3,S
2021-06-09T10:37:52,1000.0,10.3,S
2021-06-09T10:37:46,4900.0,10.3,B
2021-06-09T10:37:43,100.0,10.2,S
2021-06-09T10:37:36,3000.0,10.3,B
2021-06-09T10:37:33,100.0,10.3,B
2021-06-09T10:37:18,5000.0,10.3,B
2021-06-09T10:37:09,50000.0,10.3,B
2021-06-09T10:36:42,13100.0,10.3,S
2021-06-09T10:36:38,400.0,10.3,S
2021-06-09T10:36:30,5000.0,10.3,S
2021-06-09T10:36:14,200.0,10.3,S
2021-06-09T10:36:13,1500.0,10.3,S
2021-06-09T10:36:05,2000.0,10.3,S
2021-06-09T10:36:05,200.0,10.3,S
2021-06-09T10:35:39,1500.0,10.3,S
2021-06-09T10:35:21,1000.0,10.3,S
2021-06-09T10:35:05,400.0,10.3,S
2021-06-09T10:34:57,60000.0,10.3,S
2021-06-09T10:34:50,400.0,10.3,S
2021-06-09T10:34:27,500.0,10.3,S
2021-06-09T10:34:09,1200.0,10.3,S
2021-06-09T10:33:23,2000.0,10.4,B
2021-06-09T10:32:36,100.0,10.4,B
2021-06-09T10:32:29,500.0,10.4,B
2021-06-09T10:32:10,1000.0,10.4,B
2021-06-09T10:31:57,5000.0,10.4,B
2021-06-09T10:31:52,600.0,10.4,B
2021-06-09T10:31:50,1000.0,10.4,B
2021-06-09T10:31:42,1000.0,10.4,B
2021-06-09T10:31:42,3000.0,10.4,B
2021-06-09T10:31:37,1100.0,10.4,B
2021-06-09T10:31:32,16500.0,10.4,S
2021-06-09T10:31:28,2000.0,10.4,S
2021-06-09T10:31:23,200.0,10.4,S
2021-06-09T10:31:14,1200.0,10.5,B
2021-06-09T10:31:08,10000.0,10.4,S
2021-06-09T10:31:05,20000.0,10.4,S
2021-06-09T10:31:01,200.0,10.5,B
2021-06-09T10:30:56,3000.0,10.5,B
2021-06-09T10:30:48,500.0,10.4,S
2021-06-09T10:30:39,500.0,10.5,B
2021-06-09T10:30:33,2000.0,10.5,B
2021-06-09T10:30:06,400.0,10.5,B
2021-06-09T10:30:02,1000.0,10.4,S
2021-06-09T10:29:12,1000.0,10.5,B
2021-06-09T10:29:11,600.0,10.4,S
2021-06-09T10:29:02,200.0,10.4,S
2021-06-09T10:28:51,1100.0,10.4,S
2021-06-09T10:28:44,200.0,10.4,B
2021-06-09T10:28:24,100.0,10.4,B
2021-06-09T10:28:15,5800.0,10.4,B
2021-06-09T10:28:09,1800.0,10.5,B
2021-06-09T10:27:52,100.0,10.5,B
2021-06-09T10:27:44,2000.0,10.4,S
2021-06-09T10:27:22,1000.0,10.5,B
2021-06-09T10:27:17,2000.0,10.4,S
2021-06-09T10:27:16,1000.0,10.5,B
2021-06-09T10:27:12,200.0,10.5,B
2021-06-09T10:27:10,100.0,10.5,B
2021-06-09T10:26:57,3000.0,10.5,B
2021-06-09T10:26:49,1600.0,10.5,B
2021-06-09T10:26:39,5000.0,10.5,B
2021-06-09T10:26:37,800.0,10.5,B
2021-06-09T10:26:35,100.0,10.5,B
2021-06-09T10:26:35,10000.0,10.5,B
2021-06-09T10:25:42,1000.0,10.5,B
2021-06-09T10:25:27,100.0,10.5,B
2021-06-09T10:25:07,10000.0,10.5,B
2021-06-09T10:25:01,5500.0,10.4,B
2021-06-09T10:24:59,500.0,10.5,B
2021-06-09T10:24:57,10000.0,10.4,S
2021-06-09T10:24:39,200.0,10.5,B
2021-06-09T10:24:39,1000.0,10.4,S
2021-06-09T10:24:25,500.0,10.5,B
2021-06-09T10:24:21,4000.0,10.5,B
2021-06-09T10:24:12,100.0,10.4,S
2021-06-09T10:24:11,100.0,10.5,B
2021-06-09T10:24:05,100.0,10.5,B
2021-06-09T10:23:58,200.0,10.4,S
2021-06-09T10:23:44,1000.0,10.4,S
2021-06-09T10:23:37,300.0,10.5,B
2021-06-09T10:23:21,1000.0,10.5,B
2021-06-09T10:23:11,500.0,10.5,B
2021-06-09T10:23:07,100.0,10.5,B
2021-06-09T10:22:48,200.0,10.5,B
2021-06-09T10:22:36,2800.0,10.5,S
2021-06-09T10:22:22,2200.0,10.5,S
2021-06-09T10:22:19,400.0,10.5,B
2021-06-09T10:22:13,500.0,10.5,S
2021-06-09T10:22:12,500.0,10.5,S
2021-06-09T10:22:10,700.0,10.5,B
2021-06-09T10:22:09,1000.0,10.5,B
2021-06-09T10:22:08,100.0,10.5,B
2021-06-09T10:22:04,1000.0,10.5,B
2021-06-09T10:22:03,1000.0,10.5,B
2021-06-09T10:22:02,500.0,10.5,B
2021-06-09T10:22:00,2000.0,10.5,B
2021-06-09T10:22:00,600.0,10.5,B
2021-06-09T10:21:58,400.0,10.5,B
2021-06-09T10:21:49,10000.0,10.5,B
2021-06-09T10:21:47,1000.0,10.5,B
2021-06-09T10:21:45,3000.0,10.5,B
2021-06-09T10:21:40,500.0,10.5,B
2021-06-09T10:21:34,9500.0,10.5,B
2021-06-09T10:21:32,900.0,10.5,B
2021-06-09T10:21:29,5000.0,10.5,B
2021-06-09T10:21:28,5000.0,10.5,B
2021-06-09T10:21:18,100.0,10.5,B
2021-06-09T10:21:15,5000.0,10.5,B
2021-06-09T10:21:09,100.0,10.5,B
2021-06-09T10:21:07,100.0,10.5,B
2021-06-09T10:21:04,100.0,10.5,B
2021-06-09T10:20:25,300000.0,10.5,B
2021-06-09T10:20:15,300.0,10.3,S
2021-06-09T10:20:10,200.0,10.3,S
2021-06-09T10:20:08,100.0,10.4,B
2021-06-09T10:19:57,24800.0,10.3,B
2021-06-09T10:19:54,1000.0,10.2,S
2021-06-09T10:19:46,80000.0,10.3,B
2021-06-09T10:19:44,1000.0,10.3,B
2021-06-09T10:18:39,500.0,10.3,B
2021-06-09T10:18:20,2000.0,10.3,B
2021-06-09T10:18:17,300.0,10.2,S
2021-06-09T10:18:08,6000.0,10.2,S
2021-06-09T10:18:08,20000.0,10.3,B
2021-06-09T10:17:26,1300.0,10.2,S
2021-06-09T10:17:15,400.0,10.2,S
2021-06-09T10:17:03,200.0,10.2,S
2021-06-09T10:16:57,600.0,10.3,B
2021-06-09T10:16:51,15000.0,10.2,S
2021-06-09T10:16:51,600.0,10.3,B
2021-06-09T10:16:28,1000.0,10.3,B
2021-06-09T10:16:14,10000.0,10.3,B
2021-06-09T10:16:11,5000.0,10.2,S
2021-06-09T10:15:44,100.0,10.2,S
2021-06-09T10:15:33,2000.0,10.3,B
2021-06-09T10:15:25,200.0,10.3,B
2021-06-09T10:15:02,300.0,10.2,S
2021-06-09T10:14:42,1000.0,10.2,S
2021-06-09T10:14:34,17000.0,10.3,B
2021-06-09T10:14:22,200.0,10.3,B
2021-06-09T10:14:21,200.0,10.2,S
2021-06-09T10:14:20,5000.0,10.1,S
2021-06-09T10:14:20,100.0,10.2,B
2021-06-09T10:14:15,4700.0,10.2,S
2021-06-09T10:14:05,100.0,10.2,S
2021-06-09T10:14:03,5000.0,10.2,S
2021-06-09T10:14:01,500.0,10.2,S
2021-06-09T10:13:49,400.0,10.2,S
2021-06-09T10:13:40,600.0,10.2,S
2021-06-09T10:13:37,1000.0,10.2,S
2021-06-09T10:13:36,1100.0,10.2,S
2021-06-09T10:13:35,500.0,10.2,S
2021-06-09T10:13:34,6600.0,10.2,B
2021-06-09T10:13:24,20000.0,10.2,B
2021-06-09T10:13:10,200.0,10.2,B
2021-06-09T10:13:06,6200.0,10.2,B
2021-06-09T10:12:57,600.0,10.2,S
2021-06-09T10:12:56,1000.0,10.2,S
2021-06-09T10:12:56,2000.0,10.2,S
2021-06-09T10:12:52,22000.0,10.2,S
2021-06-09T10:12:43,2000.0,10.2,S
2021-06-09T10:12:42,2000.0,10.2,S
2021-06-09T10:12:27,1300.0,10.2,S
2021-06-09T10:12:24,2000.0,10.2,S
2021-06-09T10:12:15,500.0,10.2,S
2021-06-09T10:11:58,5000.0,10.2,S
2021-06-09T10:11:17,6000.0,10.2,S
2021-06-09T10:11:14,7000.0,10.2,S
2021-06-09T10:11:10,300.0,10.2,S
2021-06-09T10:11:05,50000.0,10.3,B
2021-06-09T10:10:04,1000.0,10.2,S
2021-06-09T10:10:00,2000.0,10.2,S
2021-06-09T10:09:55,5000.0,10.2,S
2021-06-09T10:09:42,200.0,10.2,S
2021-06-09T10:09:35,40600.0,10.2,B
2021-06-09T10:09:31,500.0,10.2,B
2021-06-09T10:08:46,200.0,10.2,B
2021-06-09T10:08:35,3000.0,10.2,B
2021-06-09T10:08:30,100.0,10.1,S
2021-06-09T10:08:27,3600.0,10.2,B
2021-06-09T10:08:23,10000.0,10.2,B
2021-06-09T10:08:10,100.0,10.2,B
2021-06-09T10:08:08,2000.0,10.2,B
2021-06-09T10:08:06,100.0,10.2,B
2021-06-09T10:07:57,5000.0,10.2,B
2021-06-09T10:07:57,200.0,10.2,B
2021-06-09T10:07:54,2200.0,10.2,B
2021-06-09T10:07:54,2000.0,10.2,B
2021-06-09T10:07:52,400.0,10.2,B
2021-06-09T10:07:47,11000.0,10.2,B
2021-06-09T10:07:36,6000.0,10.2,B
2021-06-09T10:07:35,2000.0,10.2,B
2021-06-09T10:07:12,100.0,10.1,S
2021-06-09T10:07:05,200.0,10.2,B
2021-06-09T10:06:50,100.0,10.1,S
2021-06-09T10:06:44,1100.0,10.1,B
2021-06-09T10:06:42,6800.0,10.1,B
2021-06-09T10:06:36,1500.0,10.1,B
2021-06-09T10:06:25,10000.0,10.1,B
2021-06-09T10:06:07,3000.0,10.1,B
2021-06-09T10:06:05,100.0,10.1,B
2021-06-09T10:06:03,1100.0,10.0,S
2021-06-09T10:05:27,3000.0,10.0,S
2021-06-09T10:04:16,44700.0,10.0,S
2021-06-09T10:04:16,20100.0,10.0,B
2021-06-09T10:04:14,100.0,10.0,B
2021-06-09T10:04:11,7000.0,10.0,B
2021-06-09T10:04:09,2000.0,10.0,B
2021-06-09T10:04:08,5000.0,10.0,B
2021-06-09T10:04:08,2300.0,10.0,B
2021-06-09T10:04:06,300.0,10.0,B
2021-06-09T10:04:01,10000.0,10.0,B
2021-06-09T10:03:53,100.0,10.0,B
2021-06-09T10:03:50,100.0,10.0,B
2021-06-09T10:03:46,7500.0,10.0,B
2021-06-09T10:03:40,2000.0,10.0,B
2021-06-09T10:03:38,4000.0,10.0,B
2021-06-09T10:03:36,1000.0,10.0,B
2021-06-09T10:03:25,5000.0,10.0,B
2021-06-09T10:03:21,1000.0,10.0,B
2021-06-09T10:03:19,1000.0,10.0,B
2021-06-09T10:03:16,5000.0,10.0,B
2021-06-09T10:03:14,2000.0,10.0,B
2021-06-09T10:03:07,5000.0,10.0,B
2021-06-09T10:02:58,1200.0,10.0,B
2021-06-09T10:02:45,5000.0,10.0,B
2021-06-09T10:02:39,1000.0,10.0,B
2021-06-09T10:02:38,10000.0,10.0,B
2021-06-09T10:02:35,300.0,10.0,B
2021-06-09T10:02:24,2000.0,10.0,B
2021-06-09T10:02:13,500.0,10.0,B
2021-06-09T10:02:05,800.0,9.9,S
2021-06-09T10:02:03,1500.0,10.0,B
2021-06-09T10:02:02,200.0,9.9,S
2021-06-09T10:01:39,5000.0,10.0,B
2021-06-09T10:01:35,500.0,10.0,B
2021-06-09T10:01:26,1000.0,9.9,S
2021-06-09T10:01:10,2000.0,10.0,B
2021-06-09T10:00:47,100.0,9.9,S
2021-06-09T10:00:08,5000.0,9.9,S
2021-06-09T10:00:00,100.0,10.0,B
2021-06-09T09:59:49,200.0,10.0,B
2021-06-09T09:59:27,500.0,10.0,B
2021-06-09T09:59:26,300.0,9.9,S
2021-06-09T09:59:16,5000.0,9.9,S
2021-06-09T09:59:16,1000.0,9.9,S
2021-06-09T09:59:03,1400.0,9.9,B
2021-06-09T09:59:02,8200.0,9.9,B
2021-06-09T09:58:56,10000.0,9.9,B
2021-06-09T09:58:54,19200.0,9.9,B
2021-06-09T09:58:51,500.0,9.9,B
2021-06-09T09:58:45,3000.0,9.9,B
2021-06-09T09:58:45,1000.0,9.9,B
2021-06-09T09:58:45,8000.0,9.9,B
2021-06-09T09:58:39,1000.0,9.9,B
2021-06-09T09:58:35,5000.0,9.9,B
2021-06-09T09:58:34,1000.0,9.9,B
2021-06-09T09:58:29,100.0,9.9,B
2021-06-09T09:58:25,5000.0,9.9,B
2021-06-09T09:58:18,100.0,9.9,B
2021-06-09T09:58:06,100.0,9.9,B
2021-06-09T09:58:02,1000.0,9.9,B
2021-06-09T09:57:42,200.0,9.9,B
2021-06-09T09:57:41,100.0,9.8,S
2021-06-09T09:57:41,3900.0,9.8,S
2021-06-09T09:57:29,400.0,9.9,B
2021-06-09T09:57:29,8000.0,9.8,S
2021-06-09T09:57:27,300.0,9.9,B
2021-06-09T09:57:26,10000.0,9.9,B
2021-06-09T09:57:12,2000.0,9.8,S
2021-06-09T09:57:12,900.0,9.9,B
2021-06-09T09:57:10,5900.0,9.9,B
2021-06-09T09:56:59,200.0,9.8,S
2021-06-09T09:56:58,2700.0,9.8,S
2021-06-09T09:56:54,700.0,9.8,S
2021-06-09T09:56:51,100.0,9.9,B
2021-06-09T09:56:50,900.0,9.9,B
2021-06-09T09:56:45,5000.0,9.9,B
2021-06-09T09:56:34,3500.0,9.9,B
2021-06-09T09:56:31,100.0,9.8,S
2021-06-09T09:56:30,3000.0,9.8,S
2021-06-09T09:56:23,9000.0,9.9,B
2021-06-09T09:56:15,1000.0,9.8,S
2021-06-09T09:56:12,2500.0,9.9,B
2021-06-09T09:56:10,200.0,9.9,B
2021-06-09T09:55:58,10000.0,9.9,B
2021-06-09T09:55:56,3000.0,9.8,S
2021-06-09T09:55:48,200.0,9.9,B
2021-06-09T09:55:36,300.0,9.9,B
2021-06-09T09:55:09,400.0,9.8,S
2021-06-09T09:55:03,1200.0,9.8,S
2021-06-09T09:54:48,5000.0,9.8,S
2021-06-09T09:54:42,200.0,9.8,S
2021-06-09T09:54:18,200.0,9.8,S
2021-06-09T09:54:16,200.0,9.8,S
2021-06-09T09:53:44,2300.0,9.8,S
2021-06-09T09:53:30,2300.0,9.8,S
2021-06-09T09:53:22,200.0,9.9,B
2021-06-09T09:53:07,300.0,9.8,S
2021-06-09T09:53:03,15000.0,9.8,S
2021-06-09T09:52:52,7000.0,9.8,S
2021-06-09T09:52:47,100.0,9.9,B
2021-06-09T09:52:33,10000.0,9.8,S
2021-06-09T09:52:16,200.0,9.9,B
2021-06-09T09:52:12,5000.0,9.8,S
2021-06-09T09:51:52,3000.0,9.8,S
2021-06-09T09:51:41,200.0,9.9,B
2021-06-09T09:51:39,102200.0,9.8,S
2021-06-09T09:51:21,500.0,9.8,S
2021-06-09T09:51:20,300.0,9.9,B
2021-06-09T09:50:47,300.0,9.9,B
2021-06-09T09:50:39,2000.0,9.9,B
2021-06-09T09:50:36,2000.0,9.8,S
2021-06-09T09:50:32,500.0,9.9,B
2021-06-09T09:50:29,300.0,9.9,B
2021-06-09T09:50:09,5000.0,9.9,B
2021-06-09T09:50:00,500.0,9.9,B
2021-06-09T09:49:59,100.0,9.9,B
2021-06-09T09:49:55,5000.0,9.9,B
2021-06-09T09:49:49,100.0,9.9,B
2021-06-09T09:49:45,1000.0,9.9,B
2021-06-09T09:49:39,1000.0,9.9,B
2021-06-09T09:49:32,5000.0,9.9,B
2021-06-09T09:49:24,8000.0,9.9,B
2021-06-09T09:49:02,100.0,9.8,S
2021-06-09T09:48:51,5600.0,9.9,B
2021-06-09T09:48:40,1000.0,9.8,S
2021-06-09T09:48:37,1000.0,9.9,B
2021-06-09T09:48:36,2000.0,9.8,S
2021-06-09T09:48:13,1000.0,9.8,S
2021-06-09T09:48:05,3000.0,9.8,S
2021-06-09T09:47:58,20000.0,9.8,S
2021-06-09T09:47:57,100.0,9.9,B
2021-06-09T09:47:50,900.0,9.8,S
2021-06-09T09:47:49,700.0,9.8,S
2021-06-09T09:47:49,1000.0,9.8,S
2021-06-09T09:47:46,82000.0,9.8,S
2021-06-09T09:47:30,6000.0,9.8,S
2021-06-09T09:47:20,9800.0,9.8,S
2021-06-09T09:47:18,2000.0,9.8,S
2021-06-09T09:47:11,100.0,9.8,S
2021-06-09T09:47:09,100.0,9.9,B
2021-06-09T09:46:49,600.0,9.8,S
2021-06-09T09:46:45,200.0,9.8,S
2021-06-09T09:46:26,300.0,9.8,S
2021-06-09T09:46:21,2000.0,9.9,B
2021-06-09T09:46:19,1200.0,9.9,B
2021-06-09T09:46:14,1000.0,9.9,B
2021-06-09T09:46:10,8900.0,9.9,S
2021-06-09T09:46:03,800.0,9.9,S
2021-06-09T09:46:02,100.0,9.9,S
2021-06-09T09:46:02,2000.0,9.9,S
2021-06-09T09:45:55,10000.0,9.9,S
2021-06-09T09:45:47,1000.0,9.9,S
2021-06-09T09:45:44,8500.0,9.9,S
2021-06-09T09:45:28,1000.0,9.9,S
2021-06-09T09:45:27,5000.0,10.0,B
2021-06-09T09:45:25,100.0,9.9,S
2021-06-09T09:45:13,1000.0,9.9,S
2021-06-09T09:45:02,500.0,9.9,S
2021-06-09T09:45:01,9700.0,9.9,S
2021-06-09T09:45:01,7100.0,9.9,S
2021-06-09T09:44:57,2000.0,9.9,S
2021-06-09T09:44:52,90000.0,9.9,S
2021-06-09T09:44:50,700.0,9.9,S
2021-06-09T09:44:49,2000.0,9.9,S
2021-06-09T09:44:41,2000.0,9.9,S
2021-06-09T09:44:36,1000.0,9.9,S
2021-06-09T09:44:35,500.0,9.9,S
2021-06-09T09:44:25,500.0,9.9,S
2021-06-09T09:44:24,2500.0,9.9,S
2021-06-09T09:44:14,1100.0,9.9,S
2021-06-09T09:44:00,4500.0,9.9,S
2021-06-09T09:43:37,200.0,9.9,S
2021-06-09T09:43:36,4700.0,9.9,S
2021-06-09T09:43:05,3000.0,9.9,S
2021-06-09T09:42:59,700.0,9.9,S
2021-06-09T09:42:50,500.0,9.9,S
2021-06-09T09:42:46,3800.0,9.9,S
2021-06-09T09:42:35,3000.0,9.9,S
2021-06-09T09:42:23,100.0,9.9,S
2021-06-09T09:42:12,300.0,9.9,S
2021-06-09T09:41:58,1000.0,9.9,S
2021-06-09T09:41:53,200.0,9.9,S
2021-06-09T09:41:47,2500.0,9.9,S
2021-06-09T09:41:43,400.0,9.9,S
2021-06-09T09:41:32,4400.0,9.9,S
2021-06-09T09:41:32,5600.0,9.9,S
2021-06-09T09:41:14,3000.0,9.9,S
2021-06-09T09:41:07,900.0,9.9,S
2021-06-09T09:41:04,300.0,9.9,S
2021-06-09T09:40:57,1400.0,9.9,S
2021-06-09T09:40:53,1000.0,9.9,S
2021-06-09T09:40:39,1000.0,9.9,S
2021-06-09T09:40:29,5000.0,9.9,S
2021-06-09T09:40:28,3000.0,9.9,S
2021-06-09T09:40:22,5000.0,9.9,S
2021-06-09T09:40:16,1000.0,9.9,S
2021-06-09T09:40:12,1000.0,9.9,S
2021-06-09T09:39:57,500.0,9.9,S
2021-06-09T09:39:55,1000.0,9.9,S
2021-06-09T09:39:52,100.0,9.9,S
2021-06-09T09:39:50,1000.0,9.9,S
2021-06-09T09:39:46,6000.0,9.9,S
2021-06-09T09:39:44,200.0,9.9,S
2021-06-09T09:39:27,3000.0,9.9,S
2021-06-09T09:39:21,2000.0,9.9,S
2021-06-09T09:39:20,500.0,9.9,S
2021-06-09T09:39:19,200.0,10.0,B
2021-06-09T09:39:15,25400.0,9.9,S
2021-06-09T09:39:13,3000.0,9.9,S
2021-06-09T09:38:49,600.0,9.9,S
2021-06-09T09:38:34,1000.0,10.0,B
2021-06-09T09:38:13,1000.0,10.0,B
2021-06-09T09:38:09,20000.0,10.0,B
2021-06-09T09:37:56,1500.0,9.9,S
2021-06-09T09:37:51,1000.0,10.0,B
2021-06-09T09:37:44,100.0,9.9,S
2021-06-09T09:37:28,2000.0,10.0,B
2021-06-09T09:37:00,300.0,10.0,B
2021-06-09T09:36:50,900.0,9.9,S
2021-06-09T09:36:47,1000.0,9.9,S
2021-06-09T09:36:28,200.0,9.9,S
2021-06-09T09:36:23,1000.0,10.0,B
2021-06-09T09:36:13,100.0,10.0,B
2021-06-09T09:35:58,100.0,10.0,B
2021-06-09T09:35:52,400.0,10.0,B
2021-06-09T09:35:51,2000.0,10.0,B
2021-06-09T09:35:49,5000.0,10.0,B
2021-06-09T09:35:47,10000.0,10.0,B
2021-06-09T09:35:37,5000.0,10.0,B
2021-06-09T09:35:31,2500.0,10.0,B
2021-06-09T09:35:24,1200.0,9.9,S
2021-06-09T09:35:17,3000.0,9.9,S
2021-06-09T09:35:15,300.0,9.9,S
2021-06-09T09:34:49,500.0,9.9,S
2021-06-09T09:34:47,19000.0,10.0,S
2021-06-09T09:34:45,500.0,10.0,S
2021-06-09T09:34:34,5400.0,10.0,S
2021-06-09T09:34:33,200.0,10.0,S
2021-06-09T09:34:30,3800.0,10.0,S
2021-06-09T09:34:29,1000.0,10.0,S
2021-06-09T09:34:29,1800.0,10.0,S
2021-06-09T09:34:26,18100.0,10.0,S
2021-06-09T09:34:24,5700.0,10.0,S
2021-06-09T09:34:20,300.0,10.0,S
2021-06-09T09:34:16,55400.0,10.1,B
2021-06-09T09:34:05,33400.0,10.0,S
2021-06-09T09:34:00,1100.0,10.0,S
2021-06-09T09:33:57,200.0,10.0,S
2021-06-09T09:33:41,3000.0,10.0,S
2021-06-09T09:33:36,3000.0,10.0,S
2021-06-09T09:33:33,200.0,10.0,S
2021-06-09T09:33:30,1000.0,10.0,S
2021-06-09T09:33:26,1000.0,10.0,S
2021-06-09T09:33:23,1000.0,10.0,S
2021-06-09T09:33:19,400.0,10.0,S
2021-06-09T09:33:11,900.0,10.0,S
2021-06-09T09:33:03,3000.0,10.0,S
2021-06-09T09:32:58,600.0,10.0,S
2021-06-09T09:32:57,500.0,10.0,S
2021-06-09T09:32:56,57500.0,10.0,B
2021-06-09T09:32:56,4000.0,9.9,S
2021-06-09T09:32:55,400.0,9.9,S
2021-06-09T09:32:53,3000.0,9.9,S
2021-06-09T09:32:51,3000.0,9.9,S
2021-06-09T09:32:46,2000.0,9.9,S
2021-06-09T09:32:42,2000.0,9.9,S
2021-06-09T09:32:38,700.0,9.9,S
2021-06-09T09:32:30,500.0,9.9,S
2021-06-09T09:32:25,1400.0,9.9,S
2021-06-09T09:32:20,1500.0,9.9,S
2021-06-09T09:32:19,100.0,9.9,S
2021-06-09T09:32:18,100.0,9.9,S
2021-06-09T09:32:16,5000.0,9.9,S
2021-06-09T09:32:11,100.0,9.9,S
2021-06-09T09:31:39,500.0,9.9,S
2021-06-09T09:31:34,500.0,9.9,S
2021-06-09T09:31:28,400.0,9.9,S
2021-06-09T09:31:26,200.0,9.9,S
2021-06-09T09:31:23,100.0,9.9,S
2021-06-09T09:31:22,600.0,9.9,S
2021-06-09T09:31:20,5000.0,9.9,S
2021-06-09T09:31:17,1400.0,9.9,S
2021-06-09T09:31:13,400.0,9.9,S
2021-06-09T09:31:11,4600.0,9.9,B
2021-06-09T09:31:10,6400.0,9.9,S
2021-06-09T09:30:59,8200.0,9.9,S
2021-06-09T09:30:56,500.0,9.9,S
2021-06-09T09:30:50,100.0,9.9,S
2021-06-09T09:30:47,9500.0,9.9,S
2021-06-09T09:30:42,5200.0,9.9,S
2021-06-09T09:30:38,200.0,10.0,B
2021-06-09T09:30:36,400.0,9.9,S
2021-06-09T09:30:35,8000.0,9.9,S
2021-06-09T09:30:27,3000.0,9.9,S
2021-06-09T09:30:20,500.0,9.9,S
2021-06-09T09:30:15,500.0,9.9,S
2021-06-09T09:30:11,100.0,9.9,S
2021-06-09T09:30:09,300.0,9.9,S
2021-06-09T09:30:08,700.0,10.0,B
2021-06-09T09:29:49,20000.0,9.9,S
2021-06-09T09:29:45,500.0,10.0,B
2021-06-09T09:29:31,100.0,10.0,B
2021-06-09T09:29:23,79400.0,10.0,S
2021-06-09T09:29:15,5000.0,10.0,S
2021-06-09T09:29:14,1000.0,10.0,S
2021-06-09T09:29:11,200.0,10.0,S
2021-06-09T09:29:10,30000.0,10.0,S
2021-06-09T09:29:10,200.0,10.0,S
2021-06-09T09:29:06,3000.0,10.0,S
2021-06-09T09:29:03,2500.0,10.0,S
2021-06-09T09:29:02,4300.0,10.0,S
2021-06-09T09:28:56,900.0,10.0,S
2021-06-09T09:28:49,3500.0,10.0,S
2021-06-09T09:28:43,500.0,10.0,S
2021-06-09T09:28:39,20000.0,10.0,S
2021-06-09T09:28:34,200.0,10.0,S
2021-06-09T09:28:31,100.0,10.0,S
2021-06-09T09:28:30,500.0,10.0,S
2021-06-09T09:28:26,2000.0,10.0,S
2021-06-09T09:28:25,4000.0,10.1,B
2021-06-09T09:28:24,1000.0,10.0,S
2021-06-09T09:28:20,10000.0,10.0,S
2021-06-09T09:28:15,10000.0,10.0,S
2021-06-09T09:28:07,500.0,10.1,B
2021-06-09T09:28:01,1000.0,10.0,S
2021-06-09T09:28:00,200.0,10.1,B
2021-06-09T09:27:56,1200.0,10.1,B
2021-06-09T09:27:52,16600.0,10.0,S
2021-06-09T09:27:50,100.0,10.0,S
2021-06-09T09:27:47,1300.0,10.1,S
2021-06-09T09:27:45,1500.0,10.1,S
2021-06-09T09:27:44,4000.0,10.1,S
2021-06-09T09:27:37,1000.0,10.1,S
2021-06-09T09:27:35,400.0,10.1,S
2021-06-09T09:27:35,200.0,10.1,S
2021-06-09T09:27:31,3100.0,10.1,S
2021-06-09T09:27:26,2000.0,10.1,S
2021-06-09T09:27:18,7000.0,10.1,S
2021-06-09T09:27:17,3400.0,10.1,B
2021-06-09T09:27:06,2700.0,10.1,S
2021-06-09T09:27:03,1000.0,10.1,S
2021-06-09T09:27:03,100.0,10.1,S
2021-06-09T09:27:01,200.0,10.1,S
2021-06-09T09:26:55,1000.0,10.1,B
2021-06-09T09:26:52,1200.0,10.1,B
2021-06-09T09:26:51,3800.0,10.1,B
2021-06-09T09:26:50,200.0,10.1,S
2021-06-09T09:26:47,1000.0,10.1,S
2021-06-09T09:26:44,17000.0,10.1,S
2021-06-09T09:26:42,200.0,10.1,S
2021-06-09T09:26:41,8700.0,10.1,S
2021-06-09T09:26:39,500.0,10.1,S
2021-06-09T09:26:34,1000.0,10.1,S
2021-06-09T09:26:32,50000.0,10.1,S
2021-06-09T09:26:30,5000.0,10.1,S
2021-06-09T09:26:28,1300.0,10.1,S
2021-06-09T09:26:19,100.0,10.1,S
2021-06-09T09:26:17,1000.0,10.1,S
2021-06-09T09:26:12,5000.0,10.1,S
2021-06-09T09:26:04,2000.0,10.1,S
2021-06-09T09:26:03,400.0,10.1,S
2021-06-09T09:25:42,900.0,10.1,S
2021-06-09T09:25:15,500.0,10.1,S
2021-06-09T09:25:12,500.0,10.1,S
2021-06-09T09:24:57,1000.0,10.2,B
2021-06-09T09:24:50,5000.0,10.2,B
2021-06-09T09:24:41,300.0,10.1,S
2021-06-09T09:24:28,500.0,10.2,B
2021-06-09T09:24:12,1000.0,10.1,S
2021-06-09T09:24:06,31700.0,10.1,S
2021-06-09T09:24:05,500.0,10.1,S
2021-06-09T09:24:03,500.0,10.2,B
2021-06-09T09:23:57,1000.0,10.1,S
2021-06-09T09:23:56,800.0,10.1,S
2021-06-09T09:23:34,400.0,10.1,S
2021-06-09T09:23:20,10000.0,10.1,S
2021-06-09T09:22:58,500.0,10.1,S
2021-06-09T09:22:45,200.0,10.1,S
2021-06-09T09:22:40,300.0,10.1,S
2021-06-09T09:22:39,5100.0,10.1,S
2021-06-09T09:22:37,100.0,10.2,B
2021-06-09T09:22:37,500.0,10.2,B
2021-06-09T09:22:15,200.0,10.1,S
2021-06-09T09:22:09,200.0,10.2,B
2021-06-09T09:22:07,500.0,10.1,S
2021-06-09T09:22:01,500.0,10.2,B
2021-06-09T09:21:59,1000.0,10.2,B
2021-06-09T09:21:58,3400.0,10.1,S
2021-06-09T09:21:47,300.0,10.2,B
2021-06-09T09:21:46,1000.0,10.2,S
2021-06-09T09:21:41,1700.0,10.2,B
2021-06-09T09:21:31,200.0,10.2,B
2021-06-09T09:21:30,600.0,10.2,B
2021-06-09T09:21:28,100.0,10.2,B
2021-06-09T09:21:14,100.0,10.2,S
2021-06-09T09:21:13,100.0,10.2,S
2021-06-09T09:21:11,300.0,10.2,B
2021-06-09T09:21:10,600.0,10.2,B
2021-06-09T09:21:06,100.0,10.2,S
2021-06-09T09:21:03,10000.0,10.3,B
2021-06-09T09:21:01,100000.0,10.2,S
2021-06-09T09:20:51,2000.0,10.3,B
2021-06-09T09:20:46,2100.0,10.3,B
2021-06-09T09:20:40,4500.0,10.2,S
2021-06-09T09:20:39,200.0,10.3,B
2021-06-09T09:20:26,1900.0,10.3,B
2021-06-09T09:20:17,5500.0,10.3,B
2021-06-09T09:20:07,5000.0,10.3,B
2021-06-09T09:20:06,200.0,10.3,B
2021-06-09T09:20:04,1000.0,10.3,B
2021-06-09T09:19:58,1000.0,10.3,B
2021-06-09T09:19:55,100.0,10.2,S
2021-06-09T09:19:54,11200.0,10.3,S
2021-06-09T09:19:52,500.0,10.3,S
2021-06-09T09:19:50,3700.0,10.3,S
2021-06-09T09:19:48,20100.0,10.3,S
2021-06-09T09:19:43,300.0,10.3,S
2021-06-09T09:19:42,20000.0,10.3,S
2021-06-09T09:19:38,5000.0,10.3,S
2021-06-09T09:19:35,25600.0,10.3,S
2021-06-09T09:19:34,4000.0,10.3,S
2021-06-09T09:19:26,10000.0,10.4,B
2021-06-09T09:19:25,400.0,10.3,S
2021-06-09T09:18:59,100.0,10.3,S
2021-06-09T09:18:58,900.0,10.4,B
2021-06-09T09:18:57,10000.0,10.4,B
2021-06-09T09:18:51,300.0,10.4,B
2021-06-09T09:18:51,1000.0,10.4,B
2021-06-09T09:18:42,1000.0,10.4,B
2021-06-09T09:18:41,1000.0,10.4,B
2021-06-09T09:18:29,1000.0,10.4,B
2021-06-09T09:18:21,8400.0,10.4,S
2021-06-09T09:18:20,5000.0,10.4,S
2021-06-09T09:18:18,400.0,10.4,S
2021-06-09T09:18:12,400.0,10.4,S
2021-06-09T09:18:07,1000.0,10.4,S
2021-06-09T09:17:56,15900.0,10.4,S
2021-06-09T09:17:53,1800.0,10.4,B
2021-06-09T09:17:45,100.0,10.4,B
2021-06-09T09:17:43,1900.0,10.4,B
2021-06-09T09:17:42,500.0,10.4,S
2021-06-09T09:17:36,5000.0,10.4,S
2021-06-09T09:17:26,500.0,10.4,S
2021-06-09T09:17:23,300.0,10.4,S
2021-06-09T09:17:14,1000.0,10.4,S
2021-06-09T09:17:06,5100.0,10.4,S
2021-06-09T09:17:02,51300.0,10.4,S
2021-06-09T09:16:51,5000.0,10.3,S
2021-06-09T09:16:45,2000.0,10.4,B
2021-06-09T09:16:35,5000.0,10.4,B
2021-06-09T09:16:17,38100.0,10.3,B
2021-06-09T09:16:10,18000.0,10.3,B
2021-06-09T09:15:07,300.0,10.2,S
2021-06-09T09:14:58,200.0,10.3,B
2021-06-09T09:14:53,200.0,10.2,S
2021-06-09T09:14:44,500.0,10.2,S
2021-06-09T09:14:30,300.0,10.2,S
2021-06-09T09:14:27,6000.0,10.2,S
2021-06-09T09:14:19,4000.0,10.2,S
2021-06-09T09:14:13,2000.0,10.2,S
2021-06-09T09:14:04,2000.0,10.2,S
2021-06-09T09:14:04,4000.0,10.2,S
2021-06-09T09:14:03,1000.0,10.3,B
2021-06-09T09:13:50,1000.0,10.2,S
2021-06-09T09:13:48,100.0,10.2,S
2021-06-09T09:13:47,300.0,10.2,S
2021-06-09T09:13:44,100.0,10.2,S
2021-06-09T09:13:40,34200.0,10.2,B
2021-06-09T09:13:38,400.0,10.2,B
2021-06-09T09:13:27,2000.0,10.2,B
2021-06-09T09:13:14,3000.0,10.2,B
2021-06-09T09:13:13,1000.0,10.1,S
2021-06-09T09:13:02,2000.0,10.2,B
2021-06-09T09:12:45,500.0,10.1,S
2021-06-09T09:12:33,100.0,10.1,S
2021-06-09T09:12:31,100.0,10.1,S
2021-06-09T09:12:30,100.0,10.1,S
2021-06-09T09:12:27,100.0,10.1,S
2021-06-09T09:12:26,100.0,10.1,S
2021-06-09T09:11:45,900.0,10.1,S
2021-06-09T09:11:29,500.0,10.2,B
2021-06-09T09:11:28,5000.0,10.1,S
2021-06-09T09:11:27,100.0,10.1,S
2021-06-09T09:11:17,10000.0,10.1,S
2021-06-09T09:10:52,300.0,10.1,S
2021-06-09T09:10:15,600.0,10.1,B
2021-06-09T09:09:59,1000.0,10.1,B
2021-06-09T09:09:57,5000.0,10.0,S
2021-06-09T09:09:56,1000.0,10.1,B
2021-06-09T09:09:52,500.0,10.1,B
2021-06-09T09:09:49,1000.0,10.1,B
2021-06-09T09:09:48,500.0,10.1,B
2021-06-09T09:09:46,9600.0,10.1,B
2021-06-09T09:09:37,100.0,10.0,S
2021-06-09T09:09:33,100.0,10.1,B
2021-06-09T09:09:31,2000.0,10.1,B
2021-06-09T09:08:59,100.0,10.0,S
2021-06-09T09:08:34,300.0,10.1,B
2021-06-09T09:08:23,200.0,10.1,B
2021-06-09T09:08:13,1000.0,10.1,B
2021-06-09T09:08:09,700.0,10.0,S
2021-06-09T09:07:50,26000.0,10.0,S
2021-06-09T09:07:45,1000.0,10.1,B
2021-06-09T09:07:29,100.0,10.0,S
2021-06-09T09:07:21,10000.0,10.1,B
2021-06-09T09:07:15,1000.0,10.1,B
2021-06-09T09:07:14,800.0,10.1,B
2021-06-09T09:07:12,100.0,10.1,B
2021-06-09T09:07:11,10900.0,10.1,S
2021-06-09T09:06:44,300.0,10.1,S
2021-06-09T09:06:40,3000.0,10.1,B
2021-06-09T09:06:32,400.0,10.1,B
2021-06-09T09:06:08,200.0,10.1,B
2021-06-09T09:06:07,100.0,10.1,B
2021-06-09T09:05:57,1200.0,10.1,B
2021-06-09T09:05:44,500.0,10.0,S
2021-06-09T09:05:41,300.0,10.1,B
2021-06-09T09:05:30,6300.0,10.0,S
2021-06-09T09:05:05,100.0,10.1,S
2021-06-09T09:04:50,200.0,10.2,B
2021-06-09T09:04:38,100.0,10.0,S
2021-06-09T09:04:02,10000.0,10.2,B
2021-06-09T09:04:01,20000.0,10.2,B
2021-06-09T09:03:52,1000.0,10.0,S
2021-06-09T09:03:51,1000.0,10.0,S
2021-06-09T09:03:40,1000.0,10.0,S
2021-06-09T09:03:35,200.0,10.0,S
2021-06-09T09:03:32,5500.0,10.0,B
2021-06-09T09:03:08,1200.0,10.0,B
2021-06-09T09:02:50,2000.0,10.0,B
2021-06-09T09:02:45,4500.0,10.0,B
2021-06-09T09:02:44,500.0,10.0,B
2021-06-09T09:02:41,1000.0,10.0,B
2021-06-09T09:01:53,3000.0,10.0,S
2021-06-09T09:01:51,300.0,10.0,S
2021-06-09T09:01:40,100.0,10.0,S
2021-06-09T09:01:36,700.0,10.0,S
2021-06-09T09:01:21,300.0,10.0,S
2021-06-09T09:00:51,300.0,10.0,S
2021-06-09T09:00:40,300.0,10.0,S
2021-06-09T09:00:38,1300.0,10.1,B
2021-06-09T09:00:38,100.0,10.0,S
2021-06-09T09:00:38,400.0,10.0,S
2021-06-09T09:00:36,10900.0,10.0,S
2021-06-09T09:00:34,400.0,10.0,S
2021-06-09T09:00:34,400.0,10.0,S
2021-06-09T09:00:32,4000.0,10.0,S
2021-06-09T09:00:28,800.0,10.0,S
2021-06-09T09:00:24,1000.0,10.0,S
2021-06-09T09:00:15,100.0,10.0,S
