tradingTime,volume,price,side
2021-06-09T14:29:50,5100.0,11.0,S
2021-06-09T14:29:21,800.0,11.0,B
2021-06-09T14:27:47,700.0,11.0,B
2021-06-09T14:27:41,100.0,11.0,B
2021-06-09T14:26:39,500.0,10.9,S
2021-06-09T14:26:08,200.0,10.8,B
2021-06-09T14:22:52,70000.0,10.8,B
2021-06-09T14:22:07,1000.0,10.8,B
2021-06-09T14:20:57,600.0,10.8,B
2021-06-09T14:20:10,1200.0,10.8,B
2021-06-09T14:18:51,700.0,10.8,B
2021-06-09T14:16:32,2500.0,10.8,B
2021-06-09T14:15:57,800.0,10.7,S
2021-06-09T14:13:47,600.0,10.8,B
2021-06-09T14:12:48,500.0,10.8,B
2021-06-09T14:11:52,500.0,10.8,B
2021-06-09T14:11:11,400.0,10.8,B
2021-06-09T14:09:49,800.0,10.8,B
2021-06-09T14:08:58,200.0,10.7,B
2021-06-09T14:08:55,800.0,10.7,B
2021-06-09T14:07:54,100.0,10.6,S
2021-06-09T14:07:15,300.0,10.6,S
2021-06-09T14:06:58,1000.0,10.7,B
2021-06-09T14:03:13,300.0,10.6,S
2021-06-09T14:02:42,400.0,10.6,B
2021-06-09T14:02:23,100.0,10.6,B
2021-06-09T13:58:42,1000.0,10.6,B
2021-06-09T13:55:47,200.0,10.6,B
2021-06-09T13:54:01,700.0,10.6,B
2021-06-09T13:51:09,200.0,10.6,B
2021-06-09T13:44:51,100.0,10.7,B
2021-06-09T13:44:17,2000.0,10.7,B
2021-06-09T13:43:42,200.0,10.7,B
2021-06-09T13:41:20,100.0,10.7,B
2021-06-09T13:33:45,100.0,10.5,B
2021-06-09T13:30:20,200.0,10.5,B
2021-06-09T13:29:14,100.0,10.5,B
2021-06-09T13:28:57,100.0,10.5,B
2021-06-09T13:28:08,3000.0,10.5,B
2021-06-09T13:27:40,200.0,10.5,B
2021-06-09T13:27:12,4000.0,10.5,B
2021-06-09T13:26:36,500.0,10.5,B
2021-06-09T13:25:01,100.0,10.5,B
2021-06-09T13:18:22,1300.0,10.4,S
2021-06-09T13:18:15,2000.0,10.4,S
2021-06-09T13:18:09,500.0,10.4,S
2021-06-09T13:18:03,1000.0,10.4,S
2021-06-09T13:10:44,200.0,10.5,B
2021-06-09T13:00:09,500.0,10.5,B
2021-06-09T13:00:06,1000.0,10.7,B
2021-06-09T11:27:38,200.0,10.5,S
2021-06-09T11:24:29,5000.0,10.5,S
2021-06-09T11:18:07,1000.0,10.5,S
2021-06-09T11:17:43,3200.0,10.5,S
2021-06-09T11:11:12,1600.0,10.6,S
2021-06-09T11:08:04,2000.0,10.6,S
2021-06-09T11:03:36,700.0,10.8,B
2021-06-09T10:52:25,1100.0,10.8,B
2021-06-09T10:46:55,500.0,10.8,S
2021-06-09T10:44:29,400.0,10.8,B
2021-06-09T10:37:49,100.0,10.8,B
2021-06-09T10:37:03,400.0,10.8,B
2021-06-09T10:32:54,1500.0,10.6,S
2021-06-09T10:32:50,1000.0,10.6,B
2021-06-09T10:32:38,500.0,10.6,B
2021-06-09T10:32:20,300.0,10.6,B
2021-06-09T10:31:55,1200.0,10.6,B
2021-06-09T10:31:40,2000.0,10.6,B
2021-06-09T10:30:39,1000.0,10.5,S
2021-06-09T10:29:31,1000.0,10.5,S
2021-06-09T10:23:15,200.0,10.6,B
2021-06-09T10:23:15,9800.0,10.5,B
2021-06-09T10:21:59,100.0,10.5,B
2021-06-09T10:21:32,200.0,10.4,B
2021-06-09T10:20:00,100.0,10.4,B
2021-06-09T10:19:34,200.0,10.4,B
2021-06-09T10:19:26,1500.0,10.4,B
2021-06-09T10:15:27,200.0,10.3,S
2021-06-09T10:12:33,2000.0,10.4,B
2021-06-09T10:10:35,2000.0,10.3,S
2021-06-09T10:09:49,6500.0,10.3,S
2021-06-09T10:09:37,300.0,10.4,B
2021-06-09T10:09:20,500.0,10.4,B
2021-06-09T10:09:13,100.0,10.3,S
2021-06-09T10:09:03,4000.0,10.4,B
2021-06-09T10:08:41,300.0,10.4,B
2021-06-09T10:07:02,100.0,10.3,S
2021-06-09T10:06:50,100.0,10.4,B
2021-06-09T10:05:05,400.0,10.4,B
2021-06-09T10:03:09,300.0,10.4,B
2021-06-09T10:02:52,1200.0,10.3,S
2021-06-09T10:00:40,300.0,10.4,B
2021-06-09T09:58:45,100.0,10.4,B
2021-06-09T09:58:38,200.0,10.4,B
2021-06-09T09:58:15,1900.0,10.4,B
2021-06-09T09:57:36,500.0,10.4,B
2021-06-09T09:57:23,500.0,10.3,S
2021-06-09T09:57:06,1000.0,10.4,B
2021-06-09T09:56:43,1000.0,10.4,B
2021-06-09T09:56:01,300.0,10.4,B
2021-06-09T09:55:48,2500.0,10.4,S
2021-06-09T09:54:03,2000.0,10.4,S
2021-06-09T09:53:26,3100.0,10.4,S
2021-06-09T09:52:02,500.0,10.4,S
2021-06-09T09:48:01,100.0,10.4,S
2021-06-09T09:47:29,2000.0,10.4,B
2021-06-09T09:47:25,500.0,10.4,B
2021-06-09T09:47:08,7500.0,10.4,S
2021-06-09T09:46:45,1000.0,10.4,S
2021-06-09T09:46:33,1000.0,10.4,S
2021-06-09T09:44:41,5000.0,10.4,S
2021-06-09T09:42:42,500.0,10.5,B
2021-06-09T09:42:34,3000.0,10.5,S
2021-06-09T09:42:06,2500.0,10.5,S
2021-06-09T09:37:51,500.0,10.6,B
2021-06-09T09:34:31,200.0,10.6,B
2021-06-09T09:34:20,100.0,10.6,B
2021-06-09T09:33:11,200.0,10.6,B
2021-06-09T09:32:34,5000.0,10.3,S
2021-06-09T09:31:21,700.0,10.4,B
2021-06-09T09:31:03,500.0,10.4,B
2021-06-09T09:30:59,100.0,10.4,B
2021-06-09T09:30:55,500.0,10.4,B
2021-06-09T09:30:23,200.0,10.4,B
2021-06-09T09:30:12,1000.0,10.4,B
2021-06-09T09:29:55,2000.0,10.4,S
2021-06-09T09:29:54,5000.0,10.5,S
2021-06-09T09:29:29,2900.0,10.5,S
2021-06-09T09:29:11,2400.0,10.6,B
2021-06-09T09:27:24,200.0,10.6,S
2021-06-09T09:26:58,7500.0,10.6,S
2021-06-09T09:25:59,2800.0,10.7,S
2021-06-09T09:23:57,200.0,10.7,S
2021-06-09T09:23:56,200.0,10.7,B
2021-06-09T09:23:54,2000.0,10.7,B
2021-06-09T09:23:43,1000.0,10.7,B
2021-06-09T09:22:06,2000.0,10.6,S
2021-06-09T09:21:51,300.0,10.7,B
2021-06-09T09:21:37,1000.0,10.7,B
2021-06-09T09:21:31,1000.0,10.7,S
2021-06-09T09:21:21,300.0,10.7,S
2021-06-09T09:20:23,500.0,10.7,S
2021-06-09T09:20:02,1200.0,10.7,S
2021-06-09T09:16:55,300.0,10.8,S
2021-06-09T09:16:30,1000.0,10.8,S
2021-06-09T09:16:01,100.0,10.8,S
2021-06-09T09:13:46,1600.0,10.8,S
2021-06-09T09:12:04,400.0,10.8,S
2021-06-09T09:11:16,500.0,10.8,S
2021-06-09T09:10:19,300.0,10.8,B
2021-06-09T09:09:11,500.0,10.8,B
2021-06-09T09:07:22,1000.0,10.8,B
2021-06-09T09:06:17,900.0,10.7,B
2021-06-09T09:05:38,1000.0,10.7,B
2021-06-09T09:05:26,500.0,10.7,B
2021-06-09T09:04:46,100.0,10.7,B
2021-06-09T09:04:06,200.0,10.7,B
2021-06-09T09:03:47,300.0,10.6,S
2021-06-09T09:03:32,3200.0,10.7,B
2021-06-09T09:03:20,200.0,10.8,S
2021-06-09T09:03:08,200.0,10.8,S
2021-06-09T09:02:48,600.0,10.8,S
2021-06-09T09:02:36,500.0,10.7,S
2021-06-09T09:01:01,3000.0,10.8,S
