tradingTime,volume,price,side
2021-06-09T14:30:10,20000.0,18.5,S
2021-06-09T14:30:04,100.0,18.5,S
2021-06-09T14:29:34,1000.0,18.6,B
2021-06-09T14:29:33,4100.0,18.5,S
2021-06-09T14:28:38,3000.0,18.5,S
2021-06-09T14:28:07,6000.0,18.5,S
2021-06-09T14:28:05,1000.0,18.6,B
2021-06-09T14:27:55,2000.0,18.55,S
2021-06-09T14:27:24,600.0,18.6,B
2021-06-09T14:27:11,500.0,18.6,B
2021-06-09T14:26:05,200.0,18.6,B
2021-06-09T14:26:03,500.0,18.6,B
2021-06-09T14:25:37,1000.0,18.6,B
2021-06-09T14:24:34,300.0,18.6,B
2021-06-09T14:23:07,300.0,18.5,S
2021-06-09T14:22:38,300.0,18.6,S
2021-06-09T14:22:22,200.0,18.5,S
2021-06-09T14:22:12,1800.0,18.5,S
2021-06-09T14:21:30,800.0,18.85,B
2021-06-09T14:21:30,1100.0,18.8,B
2021-06-09T14:21:30,800.0,18.8,B
2021-06-09T14:21:30,1200.0,18.8,B
2021-06-09T14:21:30,4000.0,18.8,B
2021-06-09T14:21:29,400.0,18.8,B
2021-06-09T14:21:29,6900.0,18.8,B
2021-06-09T14:21:29,2000.0,18.8,B
2021-06-09T14:21:29,600.0,18.8,B
2021-06-09T14:21:29,7000.0,18.8,B
2021-06-09T14:21:29,7500.0,18.8,B
2021-06-09T14:21:29,400.0,18.7,B
2021-06-09T14:21:29,5000.0,18.7,B
2021-06-09T14:21:29,62300.0,18.7,B
2021-06-09T14:21:00,1000.0,18.6,B
2021-06-09T14:19:55,200.0,18.5,S
2021-06-09T14:19:53,1000.0,18.5,S
2021-06-09T14:19:44,100.0,18.5,S
2021-06-09T14:19:42,200.0,18.5,S
2021-06-09T14:19:11,1000.0,18.5,S
2021-06-09T14:19:09,3100.0,18.5,S
2021-06-09T14:18:42,100.0,18.5,S
2021-06-09T14:18:04,200.0,18.5,S
2021-06-09T14:17:52,4100.0,18.5,S
2021-06-09T14:17:26,100.0,18.6,B
2021-06-09T14:17:24,5000.0,18.5,S
2021-06-09T14:17:09,500.0,18.6,S
2021-06-09T14:16:17,100.0,18.6,S
2021-06-09T14:16:06,400.0,18.6,S
2021-06-09T14:16:06,9600.0,18.6,S
2021-06-09T14:15:52,400.0,18.6,S
2021-06-09T14:15:46,1000.0,18.6,S
2021-06-09T14:15:19,1400.0,18.6,S
2021-06-09T14:14:54,6300.0,18.6,S
2021-06-09T14:14:51,100000.0,18.5,S
2021-06-09T14:14:47,1500.0,18.6,S
2021-06-09T14:14:47,2000.0,18.6,S
2021-06-09T14:14:46,20200.0,18.6,S
2021-06-09T14:13:39,2500.0,18.6,S
2021-06-09T14:13:21,3300.0,18.6,S
2021-06-09T14:13:19,2500.0,18.6,S
2021-06-09T14:12:55,2500.0,18.6,S
2021-06-09T14:12:31,2500.0,18.6,S
2021-06-09T14:12:15,2500.0,18.6,S
2021-06-09T14:11:49,2500.0,18.6,S
2021-06-09T14:11:41,1000.0,18.8,B
2021-06-09T14:11:26,2500.0,18.6,S
2021-06-09T14:11:15,200.0,18.8,B
2021-06-09T14:11:04,2500.0,18.6,S
2021-06-09T14:10:41,2500.0,18.6,S
2021-06-09T14:10:29,900.0,18.8,B
2021-06-09T14:10:28,15000.0,18.75,B
2021-06-09T14:10:28,9500.0,18.75,B
2021-06-09T14:10:28,2300.0,18.75,B
2021-06-09T14:10:28,3100.0,18.75,B
2021-06-09T14:10:28,6000.0,18.7,B
2021-06-09T14:10:28,2100.0,18.7,B
2021-06-09T14:10:28,200.0,18.7,B
2021-06-09T14:10:28,4500.0,18.7,B
2021-06-09T14:10:28,3000.0,18.7,B
2021-06-09T14:10:28,2500.0,18.7,B
2021-06-09T14:10:28,10000.0,18.7,B
2021-06-09T14:10:28,6500.0,18.7,B
2021-06-09T14:10:28,3400.0,18.7,B
2021-06-09T14:10:28,10100.0,18.7,B
2021-06-09T14:10:28,20900.0,18.65,B
2021-06-09T14:10:19,2500.0,18.6,B
2021-06-09T14:10:15,200.0,18.6,B
2021-06-09T14:10:08,39600.0,18.6,B
2021-06-09T14:10:08,20100.0,18.6,B
2021-06-09T14:10:08,200.0,18.55,B
2021-06-09T14:09:59,2500.0,18.5,S
2021-06-09T14:09:46,1000.0,18.5,S
2021-06-09T14:09:34,2500.0,18.4,S
2021-06-09T14:09:18,100.0,18.55,B
2021-06-09T14:09:13,2500.0,18.3,S
2021-06-09T14:09:02,4000.0,18.5,B
2021-06-09T14:08:55,2500.0,18.55,B
2021-06-09T14:08:50,4500.0,18.55,B
2021-06-09T14:08:46,1000.0,18.5,B
2021-06-09T14:08:45,1000.0,18.5,B
2021-06-09T14:08:45,6000.0,18.5,B
2021-06-09T14:08:42,2000.0,18.3,S
2021-06-09T14:08:40,200.0,18.4,S
2021-06-09T14:08:38,2500.0,18.3,S
2021-06-09T14:08:29,1000.0,18.45,B
2021-06-09T14:08:12,2500.0,18.45,B
2021-06-09T14:07:46,4300.0,18.45,B
2021-06-09T14:07:44,500.0,18.3,S
2021-06-09T14:07:44,2000.0,18.3,S
2021-06-09T14:07:22,1600.0,18.3,S
2021-06-09T14:07:22,900.0,18.3,S
2021-06-09T14:07:15,5000.0,18.3,S
2021-06-09T14:07:11,500.0,18.3,S
2021-06-09T14:07:05,2500.0,18.3,S
2021-06-09T14:07:02,100.0,18.45,B
2021-06-09T14:07:02,1000.0,18.4,S
2021-06-09T14:06:44,4200.0,18.3,S
2021-06-09T14:06:44,10100.0,18.3,S
2021-06-09T14:06:44,5700.0,18.3,S
2021-06-09T14:06:38,2500.0,18.3,S
2021-06-09T14:06:15,2500.0,18.3,S
2021-06-09T14:06:13,2200.0,18.3,S
2021-06-09T14:06:13,2500.0,18.35,S
2021-06-09T14:06:13,200.0,18.35,S
2021-06-09T14:06:13,100.0,18.4,S
2021-06-09T14:05:52,2500.0,18.35,S
2021-06-09T14:05:50,2000.0,18.35,S
2021-06-09T14:05:47,500.0,18.45,B
2021-06-09T14:05:42,1000.0,18.5,B
2021-06-09T14:05:38,2500.0,18.45,B
2021-06-09T14:05:18,17000.0,18.45,B
2021-06-09T14:05:16,2000.0,18.35,S
2021-06-09T14:05:16,500.0,18.35,S
2021-06-09T14:04:58,1000.0,18.4,B
2021-06-09T14:04:57,2500.0,18.35,S
2021-06-09T14:04:35,1000.0,18.4,B
2021-06-09T14:04:29,2500.0,18.35,S
2021-06-09T14:04:20,300.0,18.4,B
2021-06-09T14:04:01,2500.0,18.35,S
2021-06-09T14:03:46,200.0,18.4,B
2021-06-09T14:03:40,2500.0,18.35,S
2021-06-09T14:03:30,500.0,18.35,S
2021-06-09T14:03:17,2500.0,18.35,S
2021-06-09T14:03:06,100.0,18.4,B
2021-06-09T14:03:03,1000.0,18.4,B
2021-06-09T14:03:01,1000.0,18.35,S
2021-06-09T14:02:54,2500.0,18.35,S
2021-06-09T14:02:37,100.0,18.4,B
2021-06-09T14:02:35,2500.0,18.35,S
2021-06-09T14:02:27,20000.0,18.3,S
2021-06-09T14:02:13,2200.0,18.35,S
2021-06-09T14:02:13,300.0,18.35,S
2021-06-09T14:01:54,100.0,18.4,B
2021-06-09T14:01:52,1000.0,18.4,B
2021-06-09T14:01:48,2500.0,18.35,S
2021-06-09T14:01:38,1900.0,18.3,S
2021-06-09T14:01:38,1400.0,18.3,S
2021-06-09T14:01:38,6700.0,18.3,S
2021-06-09T14:01:38,500.0,18.3,S
2021-06-09T14:01:38,7700.0,18.3,S
2021-06-09T14:01:38,7000.0,18.3,S
2021-06-09T14:01:38,3600.0,18.3,S
2021-06-09T14:01:38,1000.0,18.3,S
2021-06-09T14:01:38,2700.0,18.3,S
2021-06-09T14:01:38,5100.0,18.3,S
2021-06-09T14:01:38,1400.0,18.3,S
2021-06-09T14:01:38,1800.0,18.3,S
2021-06-09T14:01:38,2100.0,18.3,S
2021-06-09T14:01:38,2000.0,18.3,S
2021-06-09T14:01:37,300.0,18.3,S
2021-06-09T14:01:37,100.0,18.3,S
2021-06-09T14:01:37,800.0,18.3,S
2021-06-09T14:01:37,600.0,18.3,S
2021-06-09T14:01:37,10100.0,18.3,S
2021-06-09T14:01:37,100.0,18.3,S
2021-06-09T14:01:37,300.0,18.3,S
2021-06-09T14:01:37,1100.0,18.3,S
2021-06-09T14:01:37,1700.0,18.3,S
2021-06-09T14:01:37,10400.0,18.3,S
2021-06-09T14:01:37,1100.0,18.35,S
2021-06-09T14:01:37,2600.0,18.35,S
2021-06-09T14:01:37,5900.0,18.35,S
2021-06-09T14:01:27,2500.0,18.35,S
2021-06-09T14:01:17,100.0,18.4,B
2021-06-09T14:01:15,2500.0,18.35,S
2021-06-09T14:01:11,200.0,18.35,S
2021-06-09T14:01:04,1000.0,18.4,B
2021-06-09T14:00:54,2500.0,18.35,S
2021-06-09T14:00:19,1000.0,18.4,B
2021-06-09T14:00:17,2000.0,18.35,S
2021-06-09T14:00:17,500.0,18.35,S
2021-06-09T14:00:06,100.0,18.35,S
2021-06-09T13:59:56,2000.0,18.4,B
2021-06-09T13:59:56,2500.0,18.35,S
2021-06-09T13:59:51,300.0,18.4,B
2021-06-09T13:59:39,2500.0,18.35,S
2021-06-09T13:59:15,200.0,18.4,S
2021-06-09T13:59:13,2500.0,18.35,S
2021-06-09T13:59:07,100.0,18.4,S
2021-06-09T13:58:55,1500.0,18.4,S
2021-06-09T13:58:54,2500.0,18.3,S
2021-06-09T13:58:52,600.0,18.35,S
2021-06-09T13:58:46,2000.0,18.4,S
2021-06-09T13:58:35,400.0,18.4,S
2021-06-09T13:58:32,2500.0,18.35,S
2021-06-09T13:58:25,40000.0,18.35,S
2021-06-09T13:58:18,3000.0,18.4,S
2021-06-09T13:58:10,2500.0,18.4,S
2021-06-09T13:57:54,2500.0,18.4,S
2021-06-09T13:57:39,2500.0,18.4,S
2021-06-09T13:57:21,2300.0,18.4,S
2021-06-09T13:57:02,2500.0,18.3,S
2021-06-09T13:57:02,500.0,18.3,S
2021-06-09T13:57:02,3300.0,18.3,S
2021-06-09T13:57:02,700.0,18.3,S
2021-06-09T13:57:02,14200.0,18.3,S
2021-06-09T13:57:01,200.0,18.3,S
2021-06-09T13:57:01,3700.0,18.3,S
2021-06-09T13:57:01,100.0,18.3,S
2021-06-09T13:57:01,600.0,18.3,S
2021-06-09T13:57:01,1000.0,18.35,S
2021-06-09T13:57:01,1200.0,18.35,S
2021-06-09T13:57:01,100.0,18.35,S
2021-06-09T13:57:01,400.0,18.35,S
2021-06-09T13:57:01,1000.0,18.35,S
2021-06-09T13:57:01,8300.0,18.35,S
2021-06-09T13:57:01,2100.0,18.35,S
2021-06-09T13:57:01,2100.0,18.35,S
2021-06-09T13:57:01,10500.0,18.35,S
2021-06-09T13:56:52,2700.0,18.4,S
2021-06-09T13:56:37,200.0,18.4,S
2021-06-09T13:56:37,500.0,18.4,S
2021-06-09T13:56:37,1800.0,18.4,S
2021-06-09T13:56:35,300.0,18.4,S
2021-06-09T13:56:15,3500.0,18.4,B
2021-06-09T13:56:15,2500.0,18.4,B
2021-06-09T13:55:52,2500.0,18.4,B
2021-06-09T13:55:28,2500.0,18.4,B
2021-06-09T13:55:21,5000.0,18.4,B
2021-06-09T13:55:13,400.0,18.4,B
2021-06-09T13:55:09,300.0,18.35,S
2021-06-09T13:55:08,2500.0,18.35,S
2021-06-09T13:55:08,12000.0,18.35,S
2021-06-09T13:55:08,2600.0,18.35,S
2021-06-09T13:55:08,3200.0,18.35,S
2021-06-09T13:55:08,100.0,18.35,S
2021-06-09T13:55:08,3300.0,18.35,S
2021-06-09T13:55:08,5000.0,18.35,S
2021-06-09T13:55:08,200.0,18.35,S
2021-06-09T13:55:08,23600.0,18.35,S
2021-06-09T13:55:04,500.0,18.4,S
2021-06-09T13:54:56,1100.0,18.4,S
2021-06-09T13:54:52,5000.0,18.5,B
2021-06-09T13:54:46,2500.0,18.4,S
2021-06-09T13:54:39,3100.0,18.5,B
2021-06-09T13:54:36,300.0,18.45,S
2021-06-09T13:54:22,2100.0,18.4,S
2021-06-09T13:54:22,400.0,18.4,S
2021-06-09T13:54:10,5400.0,18.5,B
2021-06-09T13:54:03,600.0,18.4,S
2021-06-09T13:54:03,300.0,18.4,S
2021-06-09T13:54:03,1600.0,18.4,S
2021-06-09T13:53:49,5000.0,18.5,B
2021-06-09T13:53:46,1400.0,18.4,S
2021-06-09T13:53:46,1100.0,18.45,S
2021-06-09T13:53:18,1700.0,18.35,S
2021-06-09T13:53:18,800.0,18.4,S
2021-06-09T13:52:55,800.0,18.35,S
2021-06-09T13:52:55,500.0,18.4,S
2021-06-09T13:52:54,1200.0,18.4,S
2021-06-09T13:52:53,3100.0,18.4,S
2021-06-09T13:52:53,1500.0,18.4,S
2021-06-09T13:52:53,2100.0,18.4,S
2021-06-09T13:52:53,6200.0,18.4,S
2021-06-09T13:52:53,3400.0,18.4,S
2021-06-09T13:52:53,6500.0,18.4,S
2021-06-09T13:52:53,2200.0,18.4,S
2021-06-09T13:52:53,1100.0,18.4,S
2021-06-09T13:52:52,23900.0,18.4,S
2021-06-09T13:52:43,300.0,18.45,S
2021-06-09T13:52:36,2500.0,18.45,S
2021-06-09T13:52:29,100.0,18.45,S
2021-06-09T13:52:11,2500.0,18.45,S
2021-06-09T13:52:10,1000.0,18.45,S
2021-06-09T13:52:03,100.0,18.45,S
2021-06-09T13:52:03,500.0,18.45,S
2021-06-09T13:51:49,2500.0,18.45,S
2021-06-09T13:51:25,2500.0,18.45,S
2021-06-09T13:51:17,200.0,18.5,S
2021-06-09T13:51:03,500.0,18.45,S
2021-06-09T13:51:03,2000.0,18.45,S
2021-06-09T13:50:58,50000.0,18.45,S
2021-06-09T13:50:41,2500.0,18.5,S
2021-06-09T13:50:34,500.0,18.5,S
2021-06-09T13:50:24,2500.0,18.5,S
2021-06-09T13:50:03,2500.0,18.5,S
2021-06-09T13:49:41,2000.0,18.45,S
2021-06-09T13:49:38,400.0,18.6,B
2021-06-09T13:49:34,2500.0,18.45,S
2021-06-09T13:49:11,500.0,18.4,S
2021-06-09T13:49:11,2000.0,18.4,S
2021-06-09T13:48:48,1400.0,18.4,S
2021-06-09T13:48:48,600.0,18.45,S
2021-06-09T13:48:48,500.0,18.45,S
2021-06-09T13:48:35,6300.0,18.4,S
2021-06-09T13:48:35,200.0,18.4,S
2021-06-09T13:48:35,4200.0,18.4,S
2021-06-09T13:48:35,700.0,18.4,S
2021-06-09T13:48:35,5000.0,18.4,S
2021-06-09T13:48:35,1100.0,18.4,S
2021-06-09T13:48:35,7400.0,18.4,S
2021-06-09T13:48:35,100.0,18.4,S
2021-06-09T13:48:35,6300.0,18.4,S
2021-06-09T13:48:35,2200.0,18.4,S
2021-06-09T13:48:35,1100.0,18.4,S
2021-06-09T13:48:34,15400.0,18.4,S
2021-06-09T13:48:28,2500.0,18.45,S
2021-06-09T13:48:05,1200.0,18.45,S
2021-06-09T13:48:05,1000.0,18.45,S
2021-06-09T13:48:05,100.0,18.45,S
2021-06-09T13:48:05,200.0,18.45,S
2021-06-09T13:47:41,2500.0,18.45,S
2021-06-09T13:47:34,4500.0,18.5,S
2021-06-09T13:47:32,3000.0,18.5,S
2021-06-09T13:47:30,500.0,18.5,S
2021-06-09T13:47:23,400.0,18.5,S
2021-06-09T13:47:23,11600.0,18.5,S
2021-06-09T13:47:20,2500.0,18.5,S
2021-06-09T13:47:18,200.0,18.6,B
2021-06-09T13:47:13,1400.0,18.5,S
2021-06-09T13:47:12,100.0,18.5,S
2021-06-09T13:46:59,2500.0,18.5,S
2021-06-09T13:46:41,2500.0,18.5,S
2021-06-09T13:46:18,2300.0,18.5,S
2021-06-09T13:46:18,200.0,18.55,S
2021-06-09T13:45:51,300.0,18.5,S
2021-06-09T13:45:51,2200.0,18.5,S
2021-06-09T13:45:32,1900.0,18.5,S
2021-06-09T13:45:31,600.0,18.55,S
2021-06-09T13:45:06,2500.0,18.55,S
2021-06-09T13:44:59,100.0,18.6,S
2021-06-09T13:44:44,100.0,18.6,B
2021-06-09T13:44:44,2500.0,18.55,S
2021-06-09T13:44:32,400.0,18.6,B
2021-06-09T13:44:24,2500.0,18.55,S
2021-06-09T13:44:03,200.0,18.65,B
2021-06-09T13:44:02,2500.0,18.55,S
2021-06-09T13:44:01,500.0,18.6,B
2021-06-09T13:43:43,1000.0,18.5,S
2021-06-09T13:43:36,2000.0,18.5,S
2021-06-09T13:43:36,500.0,18.6,B
2021-06-09T13:43:15,2500.0,18.5,S
2021-06-09T13:43:07,200.0,18.6,B
2021-06-09T13:42:57,1000.0,18.5,S
2021-06-09T13:42:56,1500.0,18.5,S
2021-06-09T13:42:51,5000.0,18.6,B
2021-06-09T13:42:35,2500.0,18.5,S
2021-06-09T13:42:25,100.0,18.6,B
2021-06-09T13:42:09,2500.0,18.5,S
2021-06-09T13:41:47,2500.0,18.5,S
2021-06-09T13:41:26,2500.0,18.5,S
2021-06-09T13:41:18,1900.0,18.5,S
2021-06-09T13:41:13,200.0,18.6,B
2021-06-09T13:41:03,2500.0,18.5,S
2021-06-09T13:40:48,5000.0,18.6,B
2021-06-09T13:40:41,2500.0,18.5,S
2021-06-09T13:40:24,9400.0,18.5,S
2021-06-09T13:40:17,2500.0,18.55,S
2021-06-09T13:40:01,100.0,18.6,B
2021-06-09T13:39:56,2500.0,18.55,S
2021-06-09T13:39:54,200.0,18.6,B
2021-06-09T13:39:34,2500.0,18.55,B
2021-06-09T13:39:21,800.0,18.55,B
2021-06-09T13:39:12,2500.0,18.5,S
2021-06-09T13:38:58,200.0,18.55,B
2021-06-09T13:38:55,5000.0,18.55,B
2021-06-09T13:38:51,2500.0,18.5,S
2021-06-09T13:38:28,1200.0,18.5,S
2021-06-09T13:38:28,1300.0,18.5,S
2021-06-09T13:38:05,2500.0,18.5,B
2021-06-09T13:37:51,2300.0,18.5,B
2021-06-09T13:37:51,24200.0,18.5,B
2021-06-09T13:37:51,2900.0,18.5,B
2021-06-09T13:37:51,2500.0,18.5,B
2021-06-09T13:37:51,3000.0,18.5,B
2021-06-09T13:37:51,8800.0,18.5,B
2021-06-09T13:37:51,12600.0,18.5,B
2021-06-09T13:37:42,1900.0,18.45,S
2021-06-09T13:37:41,600.0,18.45,S
2021-06-09T13:37:38,700.0,18.45,S
2021-06-09T13:37:35,200.0,18.5,B
2021-06-09T13:37:21,2500.0,18.45,S
2021-06-09T13:37:12,600.0,18.45,S
2021-06-09T13:37:01,2500.0,18.45,S
2021-06-09T13:36:47,1400.0,18.45,S
2021-06-09T13:36:36,2500.0,18.45,S
2021-06-09T13:36:24,10000.0,18.45,S
2021-06-09T13:36:18,1000.0,18.45,S
2021-06-09T13:36:14,2500.0,18.45,S
2021-06-09T13:36:14,900.0,18.45,S
2021-06-09T13:36:13,300.0,18.5,B
2021-06-09T13:36:00,300.0,18.5,B
2021-06-09T13:35:58,2500.0,18.45,S
2021-06-09T13:35:57,1400.0,18.45,S
2021-06-09T13:35:43,2500.0,18.45,S
2021-06-09T13:35:37,100.0,18.5,B
2021-06-09T13:35:19,400.0,18.45,S
2021-06-09T13:35:19,2100.0,18.45,S
2021-06-09T13:35:11,9300.0,18.45,S
2021-06-09T13:35:11,10700.0,18.45,S
2021-06-09T13:35:10,18600.0,18.5,B
2021-06-09T13:34:55,100.0,18.5,B
2021-06-09T13:34:45,2500.0,18.45,S
2021-06-09T13:34:21,2500.0,18.45,S
2021-06-09T13:34:20,200.0,18.5,B
2021-06-09T13:34:00,2500.0,18.45,S
2021-06-09T13:33:37,2500.0,18.45,S
2021-06-09T13:33:26,7500.0,18.45,S
2021-06-09T13:33:16,2500.0,18.45,S
2021-06-09T13:33:11,500.0,18.5,B
2021-06-09T13:33:09,100.0,18.5,B
2021-06-09T13:32:54,2500.0,18.45,S
2021-06-09T13:32:51,5000.0,18.5,B
2021-06-09T13:32:44,100.0,18.5,B
2021-06-09T13:32:43,600.0,18.5,B
2021-06-09T13:32:36,100.0,18.5,B
2021-06-09T13:32:31,2500.0,18.45,S
2021-06-09T13:32:14,2500.0,18.45,S
2021-06-09T13:32:01,500.0,18.5,B
2021-06-09T13:31:51,2500.0,18.45,S
2021-06-09T13:31:50,500.0,18.5,B
2021-06-09T13:31:43,500.0,18.5,B
2021-06-09T13:31:32,2500.0,18.45,S
2021-06-09T13:31:28,600.0,18.5,B
2021-06-09T13:31:05,1000.0,18.5,B
2021-06-09T13:31:05,3900.0,18.5,B
2021-06-09T13:31:03,6900.0,18.45,S
2021-06-09T13:31:02,2500.0,18.45,S
2021-06-09T13:30:45,100.0,18.5,B
2021-06-09T13:30:43,500.0,18.5,B
2021-06-09T13:30:39,2500.0,18.45,S
2021-06-09T13:30:28,200.0,18.5,B
2021-06-09T13:30:28,10000.0,18.45,S
2021-06-09T13:30:18,900.0,18.45,S
2021-06-09T13:30:18,100.0,18.45,S
2021-06-09T13:30:18,200.0,18.45,S
2021-06-09T13:30:18,1000.0,18.45,S
2021-06-09T13:30:17,300.0,18.45,S
2021-06-09T13:30:01,1000.0,18.45,S
2021-06-09T13:29:59,100.0,18.5,B
2021-06-09T13:29:57,2500.0,18.45,S
2021-06-09T13:29:49,100.0,18.5,B
2021-06-09T13:29:43,200.0,18.5,B
2021-06-09T13:29:35,2200.0,18.45,S
2021-06-09T13:29:35,300.0,18.45,S
2021-06-09T13:29:12,700.0,18.45,S
2021-06-09T13:29:12,1800.0,18.45,S
2021-06-09T13:28:51,700.0,18.45,S
2021-06-09T13:28:48,2500.0,18.45,S
2021-06-09T13:28:26,2500.0,18.4,S
2021-06-09T13:28:26,2000.0,18.5,B
2021-06-09T13:28:21,5000.0,18.45,S
2021-06-09T13:28:10,2500.0,18.45,S
2021-06-09T13:27:51,600.0,18.4,S
2021-06-09T13:27:51,1900.0,18.4,S
2021-06-09T13:27:45,100.0,18.4,S
2021-06-09T13:27:45,1600.0,18.4,S
2021-06-09T13:27:45,100.0,18.4,S
2021-06-09T13:27:45,8200.0,18.4,S
2021-06-09T13:27:30,6900.0,18.45,S
2021-06-09T13:27:23,500.0,18.45,S
2021-06-09T13:27:21,2500.0,18.4,S
2021-06-09T13:27:16,100.0,18.45,S
2021-06-09T13:27:07,10000.0,18.45,S
2021-06-09T13:27:05,100.0,18.45,S
2021-06-09T13:27:01,2400.0,18.45,S
2021-06-09T13:26:57,2500.0,18.4,S
2021-06-09T13:26:56,100.0,18.5,B
2021-06-09T13:26:45,1300.0,18.45,S
2021-06-09T13:26:43,100.0,18.5,B
2021-06-09T13:26:39,1400.0,18.45,S
2021-06-09T13:26:39,500.0,18.45,S
2021-06-09T13:26:39,2100.0,18.45,S
2021-06-09T13:26:38,4800.0,18.45,S
2021-06-09T13:26:34,2500.0,18.45,S
2021-06-09T13:26:31,500.0,18.45,S
2021-06-09T13:26:16,10000.0,18.5,B
2021-06-09T13:26:12,2500.0,18.45,S
2021-06-09T13:26:10,500.0,18.5,B
2021-06-09T13:25:53,2000.0,18.5,B
2021-06-09T13:25:53,2000.0,18.5,B
2021-06-09T13:25:51,2500.0,18.45,S
2021-06-09T13:25:47,3400.0,18.5,B
2021-06-09T13:25:41,1300.0,18.45,S
2021-06-09T13:25:28,2500.0,18.45,S
2021-06-09T13:25:27,500.0,18.5,B
2021-06-09T13:25:24,200.0,18.5,B
2021-06-09T13:25:06,2500.0,18.45,S
2021-06-09T13:25:05,2000.0,18.5,B
2021-06-09T13:25:05,500.0,18.5,B
2021-06-09T13:25:03,1600.0,18.5,B
2021-06-09T13:24:47,1000.0,18.45,S
2021-06-09T13:24:46,100.0,18.45,S
2021-06-09T13:24:45,2500.0,18.45,S
2021-06-09T13:24:33,1100.0,18.45,S
2021-06-09T13:24:28,2500.0,18.45,S
2021-06-09T13:24:07,20000.0,18.45,S
2021-06-09T13:24:04,2500.0,18.45,S
2021-06-09T13:23:41,2500.0,18.45,S
2021-06-09T13:23:12,2500.0,18.45,S
2021-06-09T13:23:12,200.0,18.5,B
2021-06-09T13:23:09,5800.0,18.5,B
2021-06-09T13:22:51,2500.0,18.45,S
2021-06-09T13:22:36,1000.0,18.45,S
2021-06-09T13:22:36,800.0,18.45,S
2021-06-09T13:22:36,13000.0,18.45,S
2021-06-09T13:22:31,2500.0,18.4,S
2021-06-09T13:22:22,6000.0,18.4,S
2021-06-09T13:22:09,2500.0,18.45,B
2021-06-09T13:22:04,5000.0,18.45,B
2021-06-09T13:21:58,1000.0,18.45,B
2021-06-09T13:21:57,300.0,18.45,B
2021-06-09T13:21:51,2500.0,18.45,B
2021-06-09T13:21:27,2500.0,18.45,B
2021-06-09T13:21:03,2500.0,18.4,S
2021-06-09T13:20:52,1100.0,18.5,B
2021-06-09T13:20:49,2500.0,18.4,S
2021-06-09T13:20:48,1000.0,18.45,B
2021-06-09T13:20:45,300.0,18.5,B
2021-06-09T13:20:45,7100.0,18.45,B
2021-06-09T13:20:43,100.0,18.45,B
2021-06-09T13:20:39,2000.0,18.45,B
2021-06-09T13:20:30,2500.0,18.4,S
2021-06-09T13:20:19,2600.0,18.45,B
2021-06-09T13:19:55,2500.0,18.4,S
2021-06-09T13:19:54,200.0,18.45,B
2021-06-09T13:19:40,700.0,18.45,B
2021-06-09T13:19:36,100.0,18.45,B
2021-06-09T13:19:32,2500.0,18.4,S
2021-06-09T13:19:27,100.0,18.45,B
2021-06-09T13:19:21,100.0,18.45,B
2021-06-09T13:19:11,2500.0,18.4,S
2021-06-09T13:19:10,1000.0,18.45,B
2021-06-09T13:18:49,2500.0,18.4,S
2021-06-09T13:18:43,500.0,18.4,S
2021-06-09T13:18:37,600.0,18.45,B
2021-06-09T13:18:27,1000.0,18.4,S
2021-06-09T13:18:26,2500.0,18.4,S
2021-06-09T13:18:10,300.0,18.45,B
2021-06-09T13:18:08,100.0,18.45,B
2021-06-09T13:18:04,2500.0,18.4,S
2021-06-09T13:17:55,500.0,18.4,S
2021-06-09T13:17:44,2500.0,18.4,S
2021-06-09T13:17:35,1100.0,18.4,S
2021-06-09T13:17:21,2500.0,18.4,S
2021-06-09T13:17:02,2500.0,18.4,S
2021-06-09T13:16:39,2500.0,18.4,S
2021-06-09T13:16:32,5000.0,18.4,S
2021-06-09T13:16:23,300.0,18.4,S
2021-06-09T13:16:21,10000.0,18.4,S
2021-06-09T13:16:13,2500.0,18.4,S
2021-06-09T13:15:51,2500.0,18.4,S
2021-06-09T13:15:37,1900.0,18.4,S
2021-06-09T13:15:28,2500.0,18.4,S
2021-06-09T13:15:05,2400.0,18.4,S
2021-06-09T13:15:05,100.0,18.45,S
2021-06-09T13:14:43,1800.0,18.4,S
2021-06-09T13:14:43,200.0,18.45,S
2021-06-09T13:14:43,500.0,18.45,S
2021-06-09T13:14:36,100.0,18.5,B
2021-06-09T13:14:21,2500.0,18.4,S
2021-06-09T13:13:58,2500.0,18.4,S
2021-06-09T13:13:45,700.0,18.4,S
2021-06-09T13:13:44,500.0,18.45,S
2021-06-09T13:13:37,100.0,18.5,B
2021-06-09T13:13:36,2500.0,18.45,S
2021-06-09T13:13:17,2500.0,18.45,S
2021-06-09T13:12:54,800.0,18.45,S
2021-06-09T13:12:54,200.0,18.45,S
2021-06-09T13:12:54,1000.0,18.45,S
2021-06-09T13:12:54,500.0,18.45,S
2021-06-09T13:12:51,200.0,18.45,S
2021-06-09T13:12:40,100.0,18.5,B
2021-06-09T13:12:28,2500.0,18.45,S
2021-06-09T13:12:24,1800.0,18.45,B
2021-06-09T13:12:12,1000.0,18.45,B
2021-06-09T13:12:09,200.0,18.45,B
2021-06-09T13:12:06,2500.0,18.4,S
2021-06-09T13:12:05,100.0,18.45,B
2021-06-09T13:11:58,2000.0,18.45,B
2021-06-09T13:11:45,2500.0,18.4,S
2021-06-09T13:11:40,500.0,18.45,B
2021-06-09T13:11:31,5000.0,18.5,B
2021-06-09T13:11:30,200.0,18.45,B
2021-06-09T13:11:23,2500.0,18.4,S
2021-06-09T13:11:18,1000.0,18.45,B
2021-06-09T13:10:59,100.0,18.45,B
2021-06-09T13:10:59,2500.0,18.4,S
2021-06-09T13:10:49,5000.0,18.45,B
2021-06-09T13:10:38,2500.0,18.4,S
2021-06-09T13:10:34,200.0,18.4,S
2021-06-09T13:10:16,2500.0,18.4,S
2021-06-09T13:10:07,500.0,18.45,B
2021-06-09T13:09:54,2500.0,18.4,S
2021-06-09T13:09:41,200.0,18.45,B
2021-06-09T13:09:34,2500.0,18.4,S
2021-06-09T13:09:13,2500.0,18.4,S
2021-06-09T13:08:47,2500.0,18.35,S
2021-06-09T13:08:42,200.0,18.45,B
2021-06-09T13:08:33,10000.0,18.45,B
2021-06-09T13:08:25,2500.0,18.35,S
2021-06-09T13:08:09,1800.0,18.4,B
2021-06-09T13:08:02,2500.0,18.35,S
2021-06-09T13:07:56,1100.0,18.4,B
2021-06-09T13:07:54,2000.0,18.4,B
2021-06-09T13:07:51,500.0,18.35,S
2021-06-09T13:07:47,1200.0,18.4,B
2021-06-09T13:07:46,100.0,18.4,B
2021-06-09T13:07:40,2500.0,18.35,S
2021-06-09T13:07:24,100.0,18.4,B
2021-06-09T13:07:17,2500.0,18.35,S
2021-06-09T13:07:11,400.0,18.4,B
2021-06-09T13:07:04,100.0,18.4,B
2021-06-09T13:06:56,2500.0,18.35,S
2021-06-09T13:06:43,1100.0,18.4,B
2021-06-09T13:06:37,1500.0,18.4,B
2021-06-09T13:06:36,1500.0,18.4,B
2021-06-09T13:06:32,2500.0,18.35,S
2021-06-09T13:06:18,1500.0,18.4,B
2021-06-09T13:06:10,2500.0,18.35,S
2021-06-09T13:05:52,2500.0,18.35,S
2021-06-09T13:05:29,2500.0,18.35,S
2021-06-09T13:05:03,2500.0,18.35,S
2021-06-09T13:04:42,2500.0,18.3,S
2021-06-09T13:04:27,1400.0,18.3,S
2021-06-09T13:04:27,3000.0,18.3,S
2021-06-09T13:04:27,4000.0,18.3,S
2021-06-09T13:04:27,5500.0,18.3,S
2021-06-09T13:04:27,3100.0,18.3,S
2021-06-09T13:04:27,200.0,18.3,S
2021-06-09T13:04:27,1600.0,18.3,S
2021-06-09T13:04:27,100.0,18.3,S
2021-06-09T13:04:27,400.0,18.3,S
2021-06-09T13:04:27,1800.0,18.3,S
2021-06-09T13:04:27,300.0,18.3,S
2021-06-09T13:04:27,2300.0,18.3,S
2021-06-09T13:04:27,11100.0,18.35,S
2021-06-09T13:04:27,4500.0,18.35,S
2021-06-09T13:04:27,1500.0,18.35,S
2021-06-09T13:04:27,9800.0,18.35,S
2021-06-09T13:04:27,300.0,18.35,S
2021-06-09T13:04:27,14200.0,18.35,S
2021-06-09T13:04:27,3600.0,18.35,S
2021-06-09T13:04:27,1300.0,18.35,S
2021-06-09T13:04:26,2500.0,18.35,S
2021-06-09T13:04:20,1700.0,18.35,S
2021-06-09T13:04:19,800.0,18.35,S
2021-06-09T13:03:58,1900.0,18.4,S
2021-06-09T13:03:58,600.0,18.4,S
2021-06-09T13:03:35,1200.0,18.4,S
2021-06-09T13:03:35,1300.0,18.4,S
2021-06-09T13:03:10,900.0,18.4,S
2021-06-09T13:03:10,1000.0,18.4,S
2021-06-09T13:03:10,600.0,18.4,S
2021-06-09T13:02:50,2500.0,18.4,S
2021-06-09T13:02:45,100.0,18.45,B
2021-06-09T13:02:29,2000.0,18.4,S
2021-06-09T13:02:29,100.0,18.4,S
2021-06-09T13:02:29,400.0,18.4,S
2021-06-09T13:02:20,5000.0,18.45,S
2021-06-09T13:02:09,2200.0,18.4,S
2021-06-09T13:02:09,300.0,18.4,S
2021-06-09T13:01:56,2500.0,18.4,S
2021-06-09T13:01:55,100.0,18.45,S
2021-06-09T13:01:43,200.0,18.45,S
2021-06-09T13:01:41,2500.0,18.4,S
2021-06-09T13:01:24,1000.0,18.45,S
2021-06-09T13:01:21,300.0,18.45,S
2021-06-09T13:01:20,700.0,18.45,S
2021-06-09T13:01:20,500.0,18.45,S
2021-06-09T13:01:15,100.0,18.45,S
2021-06-09T13:01:06,200.0,18.4,S
2021-06-09T13:01:06,2500.0,18.4,S
2021-06-09T13:01:06,500.0,18.45,S
2021-06-09T13:01:06,500.0,18.45,S
2021-06-09T13:01:06,200.0,18.45,S
2021-06-09T13:01:06,1100.0,18.45,S
2021-06-09T13:01:04,100.0,18.45,S
2021-06-09T13:00:58,10000.0,18.5,B
2021-06-09T13:00:41,200.0,18.5,B
2021-06-09T13:00:35,200.0,18.5,B
2021-06-09T13:00:28,2000.0,18.5,B
2021-06-09T13:00:28,2000.0,18.5,B
2021-06-09T13:00:28,200.0,18.45,S
2021-06-09T13:00:25,100.0,18.45,S
2021-06-09T13:00:16,300.0,18.4,S
2021-06-09T13:00:16,400.0,18.5,B
2021-06-09T13:00:16,100.0,18.45,S
2021-06-09T13:00:16,1000.0,18.5,B
2021-06-09T13:00:15,14300.0,18.4,S
2021-06-09T13:00:15,300.0,18.4,S
2021-06-09T13:00:15,12400.0,18.4,S
2021-06-09T13:00:15,500.0,18.45,S
2021-06-09T11:30:05,100.0,18.45,S
2021-06-09T11:29:37,5000.0,18.45,B
2021-06-09T11:29:25,100.0,18.4,S
2021-06-09T11:27:10,6500.0,18.4,S
2021-06-09T11:27:10,2000.0,18.45,S
2021-06-09T11:27:10,1500.0,18.45,S
2021-06-09T11:27:00,100.0,18.5,B
2021-06-09T11:26:59,300.0,18.45,S
2021-06-09T11:25:54,100.0,18.45,B
2021-06-09T11:25:52,500.0,18.45,B
2021-06-09T11:25:36,100.0,18.45,B
2021-06-09T11:25:34,2000.0,18.45,B
2021-06-09T11:25:25,500.0,18.45,B
2021-06-09T11:25:12,200.0,18.4,S
2021-06-09T11:25:09,300.0,18.45,B
2021-06-09T11:25:01,1000.0,18.45,B
2021-06-09T11:25:01,300.0,18.4,S
2021-06-09T11:24:56,3000.0,18.4,S
2021-06-09T11:24:56,1000.0,18.45,B
2021-06-09T11:24:00,1500.0,18.4,S
2021-06-09T11:23:40,1000.0,18.4,S
2021-06-09T11:23:22,500.0,18.45,S
2021-06-09T11:22:38,100.0,18.4,S
2021-06-09T11:21:57,3000.0,18.4,S
2021-06-09T11:21:33,1200.0,18.4,S
2021-06-09T11:21:20,10000.0,18.4,S
2021-06-09T11:21:01,1700.0,18.4,S
2021-06-09T11:20:19,1500.0,18.4,S
2021-06-09T11:20:19,1000.0,18.4,S
2021-06-09T11:19:52,700.0,18.4,S
2021-06-09T11:19:52,1800.0,18.4,S
2021-06-09T11:19:21,2500.0,18.4,S
2021-06-09T11:18:48,2500.0,18.4,S
2021-06-09T11:18:43,1100.0,18.5,B
2021-06-09T11:18:43,1500.0,18.45,B
2021-06-09T11:18:19,2500.0,18.4,S
2021-06-09T11:17:52,2500.0,18.4,S
2021-06-09T11:17:37,500.0,18.5,B
2021-06-09T11:17:37,300.0,18.4,S
2021-06-09T11:17:37,2000.0,18.4,S
2021-06-09T11:17:37,5000.0,18.4,S
2021-06-09T11:17:37,2200.0,18.4,S
2021-06-09T11:17:37,4300.0,18.4,S
2021-06-09T11:17:37,1200.0,18.4,S
2021-06-09T11:17:37,15000.0,18.4,S
2021-06-09T11:17:31,100.0,18.5,B
2021-06-09T11:17:25,100.0,18.5,B
2021-06-09T11:17:23,1100.0,18.4,S
2021-06-09T11:17:23,600.0,18.4,S
2021-06-09T11:17:22,800.0,18.45,S
2021-06-09T11:17:11,100.0,18.5,B
2021-06-09T11:16:29,1200.0,18.45,S
2021-06-09T11:16:29,1300.0,18.45,S
2021-06-09T11:16:06,600.0,18.45,S
2021-06-09T11:16:01,2500.0,18.45,S
2021-06-09T11:15:34,2500.0,18.45,S
2021-06-09T11:15:05,2500.0,18.45,S
2021-06-09T11:14:44,700.0,18.45,S
2021-06-09T11:14:42,500.0,18.45,S
2021-06-09T11:14:42,2000.0,18.45,S
2021-06-09T11:14:41,1800.0,18.45,S
2021-06-09T11:14:35,1400.0,18.45,S
2021-06-09T11:14:35,1000.0,18.45,S
2021-06-09T11:14:34,100.0,18.45,S
2021-06-09T11:13:59,400.0,18.45,S
2021-06-09T11:13:59,500.0,18.45,S
2021-06-09T11:13:57,1600.0,18.45,S
2021-06-09T11:13:50,1000.0,18.5,B
2021-06-09T11:13:24,2500.0,18.45,S
2021-06-09T11:13:16,100.0,18.5,B
2021-06-09T11:12:29,1000.0,18.5,B
2021-06-09T11:12:28,200.0,18.5,B
2021-06-09T11:12:26,2500.0,18.45,S
2021-06-09T11:11:51,2500.0,18.45,S
2021-06-09T11:11:46,200.0,18.5,B
2021-06-09T11:11:24,2500.0,18.45,S
2021-06-09T11:11:19,100.0,18.5,B
2021-06-09T11:10:50,2500.0,18.45,S
2021-06-09T11:10:49,1100.0,18.5,B
2021-06-09T11:10:22,2500.0,18.5,B
2021-06-09T11:10:16,500.0,18.55,B
2021-06-09T11:09:53,100.0,18.6,B
2021-06-09T11:09:50,1200.0,18.5,B
2021-06-09T11:09:50,2500.0,18.45,S
2021-06-09T11:08:58,2500.0,18.45,S
2021-06-09T11:08:54,500.0,18.5,S
2021-06-09T11:08:46,1000.0,18.5,S
2021-06-09T11:08:40,1000.0,18.5,S
2021-06-09T11:08:27,2500.0,18.45,S
2021-06-09T11:08:25,500.0,18.5,S
2021-06-09T11:08:14,100.0,18.5,S
2021-06-09T11:08:09,1000.0,18.5,S
2021-06-09T11:08:06,7600.0,18.5,S
2021-06-09T11:08:06,8100.0,18.5,S
2021-06-09T11:08:01,2500.0,18.5,S
2021-06-09T11:07:57,4000.0,18.6,B
2021-06-09T11:07:18,2500.0,18.5,S
2021-06-09T11:07:15,100.0,18.6,B
2021-06-09T11:06:50,800.0,18.6,B
2021-06-09T11:06:50,200.0,18.6,B
2021-06-09T11:06:46,500.0,18.6,B
2021-06-09T11:06:45,2500.0,18.5,S
2021-06-09T11:06:35,1000.0,18.55,S
2021-06-09T11:06:14,2200.0,18.5,S
2021-06-09T11:06:14,3600.0,18.5,S
2021-06-09T11:06:13,1400.0,18.5,S
2021-06-09T11:06:13,2700.0,18.5,S
2021-06-09T11:06:13,200.0,18.5,S
2021-06-09T11:06:13,800.0,18.5,S
2021-06-09T11:06:13,1000.0,18.5,S
2021-06-09T11:06:13,13200.0,18.5,S
2021-06-09T11:06:13,5000.0,18.5,S
2021-06-09T11:06:13,1600.0,18.5,S
2021-06-09T11:06:13,5500.0,18.5,S
2021-06-09T11:06:04,2000.0,18.5,S
2021-06-09T11:06:04,500.0,18.55,S
2021-06-09T11:05:13,2500.0,18.5,S
2021-06-09T11:04:51,3000.0,18.5,S
2021-06-09T11:04:46,100.0,18.55,S
2021-06-09T11:04:44,400.0,18.5,S
2021-06-09T11:04:44,1000.0,18.5,S
2021-06-09T11:04:44,500.0,18.5,S
2021-06-09T11:04:43,600.0,18.5,S
2021-06-09T11:04:15,1000.0,18.7,B
2021-06-09T11:04:10,2500.0,18.5,S
2021-06-09T11:03:48,1000.0,18.5,S
2021-06-09T11:03:47,200.0,18.55,S
2021-06-09T11:03:47,1300.0,18.55,S
2021-06-09T11:03:29,1500.0,18.55,S
2021-06-09T11:03:16,2000.0,18.6,S
2021-06-09T11:03:14,500.0,18.6,S
2021-06-09T11:02:43,2500.0,18.5,S
2021-06-09T11:02:35,2700.0,18.55,S
2021-06-09T11:02:11,200.0,18.55,S
2021-06-09T11:02:09,2300.0,18.55,S
2021-06-09T11:01:43,2000.0,18.55,S
2021-06-09T11:01:27,2500.0,18.6,S
2021-06-09T11:01:02,2000.0,18.6,S
2021-06-09T11:00:46,2500.0,18.6,S
2021-06-09T11:00:12,400.0,18.55,S
2021-06-09T11:00:12,100.0,18.55,S
2021-06-09T11:00:12,2000.0,18.55,S
2021-06-09T10:59:57,300.0,18.55,S
2021-06-09T10:59:42,2400.0,18.55,S
2021-06-09T10:59:42,100.0,18.6,B
2021-06-09T10:59:24,500.0,18.6,B
2021-06-09T10:59:10,3500.0,18.6,B
2021-06-09T10:59:09,100.0,18.65,B
2021-06-09T10:58:38,500.0,18.55,S
2021-06-09T10:58:38,2000.0,18.6,B
2021-06-09T10:58:37,9000.0,18.6,B
2021-06-09T10:58:37,100.0,18.6,B
2021-06-09T10:58:37,900.0,18.65,B
2021-06-09T10:58:27,300.0,18.65,B
2021-06-09T10:58:23,2000.0,18.7,B
2021-06-09T10:58:21,200.0,18.65,B
2021-06-09T10:57:49,2500.0,18.65,B
2021-06-09T10:57:34,17500.0,18.65,B
2021-06-09T10:57:34,4000.0,18.65,B
2021-06-09T10:57:34,4500.0,18.65,B
2021-06-09T10:57:34,200.0,18.65,B
2021-06-09T10:57:34,6500.0,18.65,B
2021-06-09T10:57:34,5800.0,18.6,B
2021-06-09T10:57:34,6500.0,18.6,B
2021-06-09T10:57:34,1000.0,18.6,B
2021-06-09T10:57:34,700.0,18.6,B
2021-06-09T10:57:25,500.0,18.6,B
2021-06-09T10:57:16,2500.0,18.55,S
2021-06-09T10:56:46,2500.0,18.55,S
2021-06-09T10:56:22,100.0,18.6,B
2021-06-09T10:56:17,2000.0,18.55,B
2021-06-09T10:56:17,500.0,18.55,B
2021-06-09T10:56:13,200.0,18.55,B
2021-06-09T10:55:44,200.0,18.6,B
2021-06-09T10:55:42,1400.0,18.55,B
2021-06-09T10:55:42,1100.0,18.55,B
2021-06-09T10:55:12,700.0,18.5,S
2021-06-09T10:55:10,200.0,18.6,B
2021-06-09T10:55:09,800.0,18.5,S
2021-06-09T10:55:09,1700.0,18.5,S
2021-06-09T10:55:09,4200.0,18.6,B
2021-06-09T10:55:09,5800.0,18.6,B
2021-06-09T10:54:58,200.0,18.6,B
2021-06-09T10:54:37,5000.0,18.5,S
2021-06-09T10:54:36,600.0,18.5,S
2021-06-09T10:54:36,600.0,18.5,S
2021-06-09T10:54:36,1300.0,18.55,B
2021-06-09T10:54:17,3800.0,18.55,B
2021-06-09T10:53:50,2500.0,18.5,S
2021-06-09T10:53:45,100.0,18.5,S
2021-06-09T10:53:23,2500.0,18.5,S
2021-06-09T10:52:55,200.0,18.55,B
2021-06-09T10:52:55,300.0,18.55,B
2021-06-09T10:52:50,800.0,18.5,S
2021-06-09T10:52:50,500.0,18.5,S
2021-06-09T10:52:50,1200.0,18.5,S
2021-06-09T10:52:15,1900.0,18.5,B
2021-06-09T10:52:15,600.0,18.5,B
2021-06-09T10:52:07,300.0,18.55,B
2021-06-09T10:51:49,2500.0,18.5,B
2021-06-09T10:51:20,1000.0,18.45,S
2021-06-09T10:51:17,2500.0,18.5,B
2021-06-09T10:51:12,200.0,18.55,B
2021-06-09T10:50:35,1000.0,18.5,B
2021-06-09T10:50:34,1500.0,18.5,B
2021-06-09T10:50:24,200.0,18.5,B
2021-06-09T10:50:24,100.0,18.5,B
2021-06-09T10:50:12,100.0,18.5,B
2021-06-09T10:50:01,2500.0,18.45,S
2021-06-09T10:49:58,500.0,18.5,B
2021-06-09T10:49:48,1000.0,18.5,B
2021-06-09T10:49:46,100.0,18.5,B
2021-06-09T10:49:44,200.0,18.5,B
2021-06-09T10:49:28,2500.0,18.45,S
2021-06-09T10:48:50,2500.0,18.45,S
2021-06-09T10:48:47,500.0,18.5,B
2021-06-09T10:48:15,3000.0,18.5,S
2021-06-09T10:48:11,300.0,18.5,S
2021-06-09T10:47:46,500.0,18.45,S
2021-06-09T10:47:45,2500.0,18.45,S
2021-06-09T10:47:22,200.0,18.5,S
2021-06-09T10:46:56,1000.0,18.45,S
2021-06-09T10:46:56,200.0,18.45,S
2021-06-09T10:46:56,700.0,18.45,S
2021-06-09T10:46:56,100.0,18.45,S
2021-06-09T10:46:55,500.0,18.45,S
2021-06-09T10:46:16,2500.0,18.45,S
2021-06-09T10:46:15,600.0,18.45,S
2021-06-09T10:46:13,500.0,18.5,S
2021-06-09T10:45:42,2500.0,18.45,S
2021-06-09T10:45:30,3400.0,18.5,S
2021-06-09T10:45:30,2600.0,18.5,S
2021-06-09T10:45:11,2500.0,18.45,S
2021-06-09T10:45:05,5000.0,18.5,S
2021-06-09T10:44:48,1000.0,18.5,S
2021-06-09T10:44:39,2500.0,18.5,S
2021-06-09T10:44:13,1500.0,18.5,B
2021-06-09T10:44:10,2500.0,18.45,S
2021-06-09T10:44:04,5000.0,18.45,S
2021-06-09T10:43:46,2500.0,18.45,S
2021-06-09T10:43:36,400.0,18.5,B
2021-06-09T10:43:07,2500.0,18.45,S
2021-06-09T10:43:03,3500.0,18.5,B
2021-06-09T10:43:03,2600.0,18.5,B
2021-06-09T10:42:56,2000.0,18.5,B
2021-06-09T10:42:32,1700.0,18.45,S
2021-06-09T10:42:32,100.0,18.45,S
2021-06-09T10:42:32,700.0,18.45,S
2021-06-09T10:42:10,100.0,18.5,B
2021-06-09T10:42:03,2500.0,18.45,S
2021-06-09T10:41:53,2000.0,18.5,B
2021-06-09T10:41:45,100.0,18.45,S
2021-06-09T10:41:43,900.0,18.45,S
2021-06-09T10:41:43,4100.0,18.45,S
2021-06-09T10:41:37,2500.0,18.45,S
2021-06-09T10:41:36,500.0,18.5,B
2021-06-09T10:41:08,2500.0,18.45,S
2021-06-09T10:40:49,300.0,18.5,B
2021-06-09T10:40:47,300.0,18.5,B
2021-06-09T10:40:41,600.0,18.45,S
2021-06-09T10:40:38,2400.0,18.45,S
2021-06-09T10:40:37,100.0,18.45,S
2021-06-09T10:40:33,200.0,18.5,B
2021-06-09T10:40:31,500.0,18.45,S
2021-06-09T10:40:27,5000.0,18.5,B
2021-06-09T10:40:16,2500.0,18.45,S
2021-06-09T10:39:59,5000.0,18.5,B
2021-06-09T10:39:57,1000.0,18.45,S
2021-06-09T10:39:36,2500.0,18.4,S
2021-06-09T10:39:04,3000.0,18.5,B
2021-06-09T10:38:58,2500.0,18.4,S
2021-06-09T10:38:44,1900.0,18.4,S
2021-06-09T10:38:44,2500.0,18.4,S
2021-06-09T10:38:44,5000.0,18.4,S
2021-06-09T10:38:44,100.0,18.4,S
2021-06-09T10:38:44,4600.0,18.4,S
2021-06-09T10:38:44,400.0,18.4,S
2021-06-09T10:38:43,500.0,18.4,S
2021-06-09T10:38:43,15000.0,18.4,S
2021-06-09T10:38:42,4300.0,18.4,S
2021-06-09T10:38:42,500.0,18.4,S
2021-06-09T10:38:42,200.0,18.45,S
2021-06-09T10:38:42,2000.0,18.45,S
2021-06-09T10:38:22,2500.0,18.45,S
2021-06-09T10:37:56,300.0,18.5,B
2021-06-09T10:37:51,2500.0,18.45,B
2021-06-09T10:37:19,2500.0,18.45,B
2021-06-09T10:36:52,2500.0,18.45,B
2021-06-09T10:36:49,500.0,18.5,B
2021-06-09T10:36:30,600.0,18.45,B
2021-06-09T10:36:20,2500.0,18.45,B
2021-06-09T10:36:20,500.0,18.5,B
2021-06-09T10:36:09,500.0,18.45,B
2021-06-09T10:35:35,1500.0,18.4,S
2021-06-09T10:35:35,200.0,18.4,S
2021-06-09T10:35:35,800.0,18.4,S
2021-06-09T10:35:35,900.0,18.5,B
2021-06-09T10:35:15,900.0,18.5,B
2021-06-09T10:35:10,100.0,18.4,S
2021-06-09T10:35:10,200.0,18.45,B
2021-06-09T10:35:04,2500.0,18.4,S
2021-06-09T10:34:46,3400.0,18.4,S
2021-06-09T10:34:34,2500.0,18.4,S
2021-06-09T10:34:08,2500.0,18.4,S
2021-06-09T10:33:44,2500.0,18.4,S
2021-06-09T10:33:29,3500.0,18.4,S
2021-06-09T10:33:29,300.0,18.4,S
2021-06-09T10:33:28,1200.0,18.4,S
2021-06-09T10:33:24,100.0,18.4,S
2021-06-09T10:33:21,100.0,18.5,B
2021-06-09T10:33:20,2500.0,18.4,S
2021-06-09T10:32:52,2500.0,18.4,S
2021-06-09T10:32:28,300.0,18.5,B
2021-06-09T10:32:12,100.0,18.4,S
2021-06-09T10:32:10,2400.0,18.4,S
2021-06-09T10:31:38,100.0,18.4,S
2021-06-09T10:31:38,1000.0,18.4,S
2021-06-09T10:31:37,1400.0,18.4,S
2021-06-09T10:31:26,500.0,18.4,S
2021-06-09T10:31:26,1000.0,18.5,B
2021-06-09T10:31:12,1000.0,18.5,B
2021-06-09T10:31:08,2500.0,18.4,S
2021-06-09T10:31:05,200.0,18.5,B
2021-06-09T10:31:01,1600.0,18.4,S
2021-06-09T10:30:57,3300.0,18.4,S
2021-06-09T10:30:46,500.0,18.5,B
2021-06-09T10:30:39,2500.0,18.4,S
2021-06-09T10:30:31,100.0,18.45,B
2021-06-09T10:30:30,2000.0,18.45,B
2021-06-09T10:30:11,1400.0,18.4,S
2021-06-09T10:30:11,100.0,18.4,S
2021-06-09T10:30:11,1000.0,18.4,S
2021-06-09T10:29:38,500.0,18.45,S
2021-06-09T10:29:30,2500.0,18.4,S
2021-06-09T10:29:21,100.0,18.5,B
2021-06-09T10:29:03,2500.0,18.4,S
2021-06-09T10:28:26,2500.0,18.4,S
2021-06-09T10:28:14,5000.0,18.5,B
2021-06-09T10:27:59,6000.0,18.5,B
2021-06-09T10:27:58,500.0,18.5,B
2021-06-09T10:27:52,2500.0,18.4,S
2021-06-09T10:27:30,2500.0,18.4,S
2021-06-09T10:27:16,100.0,18.5,B
2021-06-09T10:26:59,2500.0,18.4,S
2021-06-09T10:26:59,100.0,18.5,B
2021-06-09T10:26:43,1000.0,18.5,B
2021-06-09T10:26:30,2500.0,18.4,S
2021-06-09T10:26:03,2500.0,18.4,S
2021-06-09T10:25:57,100.0,18.5,B
2021-06-09T10:25:53,100.0,18.4,S
2021-06-09T10:25:28,2400.0,18.4,S
2021-06-09T10:25:26,100.0,18.5,B
2021-06-09T10:25:18,100.0,18.4,S
2021-06-09T10:24:54,2500.0,18.4,S
2021-06-09T10:24:45,10000.0,18.5,B
2021-06-09T10:24:16,3000.0,18.5,B
2021-06-09T10:24:09,2400.0,18.4,S
2021-06-09T10:24:03,100.0,18.4,S
2021-06-09T10:23:34,4500.0,18.5,B
2021-06-09T10:23:30,2400.0,18.4,S
2021-06-09T10:22:53,800.0,18.35,S
2021-06-09T10:22:53,1600.0,18.35,S
2021-06-09T10:22:43,100.0,18.5,B
2021-06-09T10:22:22,2400.0,18.35,S
2021-06-09T10:22:13,2000.0,18.5,B
2021-06-09T10:21:57,100.0,18.35,S
2021-06-09T10:21:56,1000.0,18.5,B
2021-06-09T10:21:55,3500.0,18.35,S
2021-06-09T10:21:48,900.0,18.35,S
2021-06-09T10:21:48,200.0,18.35,S
2021-06-09T10:21:47,1300.0,18.35,S
2021-06-09T10:21:40,100.0,18.5,B
2021-06-09T10:21:38,2600.0,18.5,B
2021-06-09T10:21:38,1900.0,18.5,B
2021-06-09T10:21:25,2400.0,18.35,S
2021-06-09T10:20:44,500.0,18.35,S
2021-06-09T10:20:44,100.0,18.35,S
2021-06-09T10:20:44,1800.0,18.35,S
2021-06-09T10:20:24,1500.0,18.35,S
2021-06-09T10:20:23,900.0,18.35,S
2021-06-09T10:19:58,1600.0,18.35,S
2021-06-09T10:19:58,500.0,18.35,S
2021-06-09T10:19:58,300.0,18.35,S
2021-06-09T10:19:39,800.0,18.35,S
2021-06-09T10:19:39,1000.0,18.35,S
2021-06-09T10:19:38,600.0,18.35,S
2021-06-09T10:19:19,2400.0,18.35,S
2021-06-09T10:18:59,2400.0,18.35,S
2021-06-09T10:18:38,2400.0,18.35,S
2021-06-09T10:18:37,100.0,18.5,B
2021-06-09T10:18:24,100.0,18.5,B
2021-06-09T10:18:18,2400.0,18.35,S
2021-06-09T10:18:00,2400.0,18.35,S
2021-06-09T10:17:42,2400.0,18.35,S
2021-06-09T10:17:17,200.0,18.5,B
2021-06-09T10:17:07,2400.0,18.35,S
2021-06-09T10:16:49,2400.0,18.35,S
2021-06-09T10:16:47,500.0,18.35,S
2021-06-09T10:16:39,5000.0,18.5,B
2021-06-09T10:16:30,2400.0,18.35,S
2021-06-09T10:16:24,100.0,18.5,B
2021-06-09T10:16:10,2400.0,18.3,S
2021-06-09T10:15:50,2400.0,18.3,S
2021-06-09T10:15:30,2400.0,18.3,S
2021-06-09T10:15:06,2400.0,18.3,S
2021-06-09T10:14:55,2000.0,18.5,B
2021-06-09T10:14:45,300.0,18.3,S
2021-06-09T10:14:45,1000.0,18.3,S
2021-06-09T10:14:45,1100.0,18.3,S
2021-06-09T10:14:40,2000.0,18.5,B
2021-06-09T10:14:22,2400.0,18.3,S
2021-06-09T10:14:17,2400.0,18.3,S
2021-06-09T10:14:03,2400.0,18.35,S
2021-06-09T10:13:42,600.0,18.4,S
2021-06-09T10:13:31,2400.0,18.4,S
2021-06-09T10:13:03,1000.0,18.5,B
2021-06-09T10:12:59,2400.0,18.3,S
2021-06-09T10:12:53,700.0,18.5,B
2021-06-09T10:12:38,1000.0,18.5,B
2021-06-09T10:12:38,3000.0,18.5,B
2021-06-09T10:12:34,2400.0,18.3,S
2021-06-09T10:12:31,500.0,18.5,B
2021-06-09T10:12:25,200.0,18.45,S
2021-06-09T10:12:07,2400.0,18.3,S
2021-06-09T10:11:44,2400.0,18.3,S
2021-06-09T10:11:43,500.0,18.6,B
2021-06-09T10:11:43,300.0,18.55,B
2021-06-09T10:11:35,1300.0,18.55,B
2021-06-09T10:11:19,2400.0,18.3,S
2021-06-09T10:11:12,600.0,18.55,B
2021-06-09T10:11:09,800.0,18.4,S
2021-06-09T10:11:04,300.0,18.5,B
2021-06-09T10:10:57,2400.0,18.45,S
2021-06-09T10:10:55,1000.0,18.5,B
2021-06-09T10:10:46,100.0,18.5,B
2021-06-09T10:10:40,100.0,18.5,B
2021-06-09T10:10:34,1000.0,18.2,S
2021-06-09T10:10:34,1000.0,18.2,S
2021-06-09T10:10:34,13300.0,18.2,S
2021-06-09T10:10:34,1000.0,18.25,S
2021-06-09T10:10:34,1000.0,18.25,S
2021-06-09T10:10:34,500.0,18.3,S
2021-06-09T10:10:33,2400.0,18.3,S
2021-06-09T10:10:22,5000.0,18.5,B
2021-06-09T10:10:17,1000.0,18.5,B
2021-06-09T10:10:12,2300.0,18.3,S
2021-06-09T10:10:12,100.0,18.45,S
2021-06-09T10:09:56,2000.0,18.5,B
2021-06-09T10:09:51,100.0,18.3,S
2021-06-09T10:09:47,1600.0,18.3,S
2021-06-09T10:09:41,1900.0,18.3,S
2021-06-09T10:09:40,500.0,18.35,S
2021-06-09T10:09:33,1000.0,18.5,B
2021-06-09T10:09:31,1000.0,18.5,B
2021-06-09T10:09:23,200.0,18.5,B
2021-06-09T10:09:23,5000.0,18.5,B
2021-06-09T10:09:15,2400.0,18.3,S
2021-06-09T10:09:03,100.0,18.5,B
2021-06-09T10:08:51,2400.0,18.3,S
2021-06-09T10:08:50,5100.0,18.6,B
2021-06-09T10:08:50,4900.0,18.55,B
2021-06-09T10:08:37,200.0,18.6,B
2021-06-09T10:08:28,1000.0,18.6,B
2021-06-09T10:08:27,400.0,18.3,S
2021-06-09T10:08:26,2000.0,18.3,S
2021-06-09T10:08:26,700.0,18.5,B
2021-06-09T10:08:26,1600.0,18.5,B
2021-06-09T10:08:19,200.0,18.5,B
2021-06-09T10:08:07,1300.0,18.35,S
2021-06-09T10:08:03,2400.0,18.35,S
2021-06-09T10:07:38,600.0,18.5,S
2021-06-09T10:07:37,400.0,18.2,S
2021-06-09T10:07:37,1500.0,18.4,S
2021-06-09T10:07:36,500.0,18.45,S
2021-06-09T10:07:34,1000.0,18.5,S
2021-06-09T10:07:27,1000.0,18.5,S
2021-06-09T10:07:20,1000.0,18.5,S
2021-06-09T10:07:12,1900.0,18.2,S
2021-06-09T10:07:12,300.0,18.25,S
2021-06-09T10:07:11,200.0,18.4,S
2021-06-09T10:07:06,100.0,18.5,S
2021-06-09T10:07:05,100.0,18.5,S
2021-06-09T10:06:42,200.0,18.3,S
2021-06-09T10:06:42,500.0,18.3,S
2021-06-09T10:06:42,1700.0,18.3,S
2021-06-09T10:06:42,1000.0,18.3,S
2021-06-09T10:06:42,100.0,18.35,S
2021-06-09T10:06:41,2900.0,18.4,S
2021-06-09T10:06:40,1800.0,18.5,S
2021-06-09T10:06:39,100.0,18.5,S
2021-06-09T10:06:29,3700.0,18.4,S
2021-06-09T10:06:28,6300.0,18.4,S
2021-06-09T10:06:12,100.0,18.4,S
2021-06-09T10:06:12,2000.0,18.4,S
2021-06-09T10:06:12,200.0,18.45,S
2021-06-09T10:06:12,100.0,18.45,S
2021-06-09T10:06:11,100.0,18.5,S
2021-06-09T10:06:05,2000.0,18.5,S
2021-06-09T10:06:02,100.0,18.45,S
2021-06-09T10:06:00,1100.0,18.5,S
2021-06-09T10:06:00,500.0,18.5,S
2021-06-09T10:06:00,1500.0,18.5,S
2021-06-09T10:06:00,7000.0,18.5,S
2021-06-09T10:06:00,1000.0,18.5,S
2021-06-09T10:06:00,2000.0,18.5,S
2021-06-09T10:05:59,2200.0,18.5,S
2021-06-09T10:05:59,2100.0,18.5,S
2021-06-09T10:05:59,400.0,18.5,S
2021-06-09T10:05:59,3000.0,18.5,S
2021-06-09T10:05:59,5100.0,18.5,S
2021-06-09T10:05:59,900.0,18.5,S
2021-06-09T10:05:43,100.0,18.55,S
2021-06-09T10:05:41,2400.0,18.55,S
2021-06-09T10:05:24,200.0,18.55,S
2021-06-09T10:05:17,2400.0,18.55,S
2021-06-09T10:05:13,500.0,18.6,B
2021-06-09T10:05:05,200.0,18.6,B
2021-06-09T10:05:00,200.0,18.55,S
2021-06-09T10:04:58,1600.0,18.55,S
2021-06-09T10:04:50,2400.0,18.55,S
2021-06-09T10:04:39,500.0,18.55,S
2021-06-09T10:04:38,100.0,18.55,S
2021-06-09T10:04:36,500.0,18.55,S
2021-06-09T10:04:28,2400.0,18.5,S
2021-06-09T10:04:25,300.0,18.55,S
2021-06-09T10:04:21,500.0,18.55,S
2021-06-09T10:04:17,100.0,18.55,S
2021-06-09T10:04:09,500.0,18.5,S
2021-06-09T10:04:06,500.0,18.6,B
2021-06-09T10:04:05,2400.0,18.5,S
2021-06-09T10:04:00,1000.0,18.6,B
2021-06-09T10:04:00,1000.0,18.5,S
2021-06-09T10:03:58,500.0,18.6,B
2021-06-09T10:03:46,500.0,18.6,B
2021-06-09T10:03:41,600.0,18.5,S
2021-06-09T10:03:41,1800.0,18.5,S
2021-06-09T10:03:35,100.0,18.5,S
2021-06-09T10:03:26,1500.0,18.5,S
2021-06-09T10:03:20,400.0,18.5,S
2021-06-09T10:03:20,3100.0,18.5,S
2021-06-09T10:03:20,3100.0,18.5,S
2021-06-09T10:03:20,5000.0,18.5,S
2021-06-09T10:03:20,5000.0,18.5,S
2021-06-09T10:03:20,6200.0,18.5,S
2021-06-09T10:03:20,200.0,18.5,S
2021-06-09T10:03:19,3000.0,18.5,S
2021-06-09T10:03:19,2400.0,18.5,S
2021-06-09T10:03:19,1700.0,18.5,S
2021-06-09T10:03:19,500.0,18.5,S
2021-06-09T10:03:19,4400.0,18.5,S
2021-06-09T10:03:19,10900.0,18.5,S
2021-06-09T10:03:19,4100.0,18.5,S
2021-06-09T10:03:17,15900.0,18.5,S
2021-06-09T10:03:17,6100.0,18.5,S
2021-06-09T10:03:11,100.0,18.6,B
2021-06-09T10:03:09,2400.0,18.6,B
2021-06-09T10:03:07,200.0,18.6,B
2021-06-09T10:03:07,1700.0,18.6,B
2021-06-09T10:03:07,300.0,18.6,B
2021-06-09T10:02:58,1000.0,18.6,B
2021-06-09T10:02:45,600.0,18.55,S
2021-06-09T10:02:45,1800.0,18.55,S
2021-06-09T10:02:19,200.0,18.55,S
2021-06-09T10:02:10,900.0,18.5,S
2021-06-09T10:02:10,1200.0,18.5,S
2021-06-09T10:02:10,300.0,18.5,S
2021-06-09T10:02:04,300.0,18.55,S
2021-06-09T10:01:38,400.0,18.5,S
2021-06-09T10:01:38,1000.0,18.5,S
2021-06-09T10:01:38,700.0,18.5,S
2021-06-09T10:01:38,300.0,18.5,S
2021-06-09T10:01:26,1700.0,18.6,S
2021-06-09T10:01:23,1400.0,18.6,S
2021-06-09T10:01:10,2400.0,18.55,S
2021-06-09T10:00:53,500.0,18.6,S
2021-06-09T10:00:47,2400.0,18.5,S
2021-06-09T10:00:44,1000.0,18.55,S
2021-06-09T10:00:21,2400.0,18.5,S
2021-06-09T10:00:12,200.0,18.5,S
2021-06-09T09:59:58,100.0,18.6,S
2021-06-09T09:59:55,2400.0,18.5,S
2021-06-09T09:59:30,500.0,18.6,S
2021-06-09T09:59:23,2400.0,18.5,S
2021-06-09T09:59:22,3500.0,18.5,S
2021-06-09T09:59:22,500.0,18.55,S
2021-06-09T09:59:22,300.0,18.6,S
2021-06-09T09:59:22,200.0,18.6,S
2021-06-09T09:58:55,2400.0,18.5,S
2021-06-09T09:58:50,500.0,18.6,S
2021-06-09T09:58:49,2000.0,18.5,S
2021-06-09T09:58:16,600.0,18.5,S
2021-06-09T09:58:16,1800.0,18.5,S
2021-06-09T09:57:43,2400.0,18.5,S
2021-06-09T09:57:30,200.0,18.6,S
2021-06-09T09:57:29,1000.0,18.6,S
2021-06-09T09:57:29,100.0,18.6,S
2021-06-09T09:57:27,1000.0,18.7,B
2021-06-09T09:57:17,2400.0,18.5,S
2021-06-09T09:57:14,200.0,18.5,S
2021-06-09T09:57:14,600.0,18.5,S
2021-06-09T09:57:14,200.0,18.55,S
2021-06-09T09:57:12,1000.0,18.55,S
2021-06-09T09:56:46,2400.0,18.55,S
2021-06-09T09:56:19,1000.0,18.7,B
2021-06-09T09:56:16,600.0,18.7,B
2021-06-09T09:56:15,2400.0,18.65,B
2021-06-09T09:56:13,2400.0,18.55,S
2021-06-09T09:55:58,100.0,18.6,S
2021-06-09T09:55:40,2000.0,18.5,S
2021-06-09T09:55:39,2400.0,18.5,S
2021-06-09T09:55:25,1000.0,18.65,B
2021-06-09T09:55:18,100.0,18.65,B
2021-06-09T09:55:04,1000.0,18.55,S
2021-06-09T09:55:04,1000.0,18.55,S
2021-06-09T09:55:03,400.0,18.55,S
2021-06-09T09:54:59,3000.0,18.65,B
2021-06-09T09:54:29,2400.0,18.55,S
2021-06-09T09:53:58,2200.0,18.55,S
2021-06-09T09:53:58,200.0,18.55,S
2021-06-09T09:53:47,600.0,18.65,S
2021-06-09T09:53:47,100.0,18.6,S
2021-06-09T09:53:19,2400.0,18.55,S
2021-06-09T09:53:10,100.0,18.55,S
2021-06-09T09:52:50,200.0,18.65,S
2021-06-09T09:52:45,2400.0,18.55,S
2021-06-09T09:52:44,200.0,18.6,S
2021-06-09T09:52:35,100.0,18.6,S
2021-06-09T09:52:05,2400.0,18.55,S
2021-06-09T09:51:50,4700.0,18.75,B
2021-06-09T09:51:50,1600.0,18.75,B
2021-06-09T09:51:49,17700.0,18.7,B
2021-06-09T09:51:36,1700.0,18.6,S
2021-06-09T09:51:26,3000.0,18.55,S
2021-06-09T09:51:25,1500.0,18.55,S
2021-06-09T09:51:25,900.0,18.55,S
2021-06-09T09:51:16,300.0,18.55,S
2021-06-09T09:51:10,200.0,18.6,S
2021-06-09T09:51:03,5000.0,18.6,S
2021-06-09T09:51:03,400.0,18.6,S
2021-06-09T09:51:03,4100.0,18.6,S
2021-06-09T09:51:03,1100.0,18.6,S
2021-06-09T09:51:03,1200.0,18.6,S
2021-06-09T09:51:03,300.0,18.6,S
2021-06-09T09:51:03,2500.0,18.6,S
2021-06-09T09:51:03,1400.0,18.6,S
2021-06-09T09:51:03,1500.0,18.6,S
2021-06-09T09:50:56,500.0,18.6,S
2021-06-09T09:50:39,2400.0,18.6,S
2021-06-09T09:50:38,100.0,18.7,B
2021-06-09T09:50:33,100.0,18.7,B
2021-06-09T09:50:27,500.0,18.7,B
2021-06-09T09:50:19,3000.0,18.6,S
2021-06-09T09:50:04,2400.0,18.65,S
2021-06-09T09:49:32,2400.0,18.65,S
2021-06-09T09:49:11,200.0,18.65,S
2021-06-09T09:48:56,2400.0,18.6,S
2021-06-09T09:48:09,2400.0,18.6,S
2021-06-09T09:47:27,500.0,18.7,B
2021-06-09T09:47:16,2300.0,18.6,S
2021-06-09T09:46:40,800.0,18.7,S
2021-06-09T09:46:30,200.0,18.7,S
2021-06-09T09:46:28,200.0,18.6,S
2021-06-09T09:46:28,1000.0,18.6,S
2021-06-09T09:46:28,1200.0,18.6,S
2021-06-09T09:46:04,500.0,18.6,S
2021-06-09T09:45:48,300.0,18.6,S
2021-06-09T09:45:48,500.0,18.6,S
2021-06-09T09:45:48,1200.0,18.6,S
2021-06-09T09:45:48,400.0,18.6,S
2021-06-09T09:45:29,300.0,18.6,S
2021-06-09T09:45:29,500.0,18.7,S
2021-06-09T09:45:14,10100.0,18.7,S
2021-06-09T09:45:07,1500.0,18.6,S
2021-06-09T09:45:06,800.0,18.6,S
2021-06-09T09:44:34,9700.0,18.65,S
2021-06-09T09:44:29,100.0,18.7,S
2021-06-09T09:44:23,2300.0,18.65,S
2021-06-09T09:43:57,100.0,18.7,S
2021-06-09T09:43:40,100.0,18.7,S
2021-06-09T09:43:26,200.0,18.65,S
2021-06-09T09:43:26,1700.0,18.65,S
2021-06-09T09:43:26,200.0,18.65,S
2021-06-09T09:43:26,200.0,18.65,S
2021-06-09T09:43:15,100.0,18.65,S
2021-06-09T09:43:15,400.0,18.65,S
2021-06-09T09:43:14,300.0,18.65,S
2021-06-09T09:42:55,5000.0,18.65,S
2021-06-09T09:42:49,2300.0,18.65,S
2021-06-09T09:42:40,1000.0,18.65,S
2021-06-09T09:42:40,100.0,18.7,S
2021-06-09T09:42:36,200.0,18.7,S
2021-06-09T09:42:17,2100.0,18.65,S
2021-06-09T09:42:17,200.0,18.65,S
2021-06-09T09:42:14,1500.0,18.65,S
2021-06-09T09:42:01,2000.0,18.7,S
2021-06-09T09:41:58,100.0,18.7,S
2021-06-09T09:41:41,3000.0,18.65,S
2021-06-09T09:41:38,2300.0,18.65,S
2021-06-09T09:41:24,500.0,18.65,S
2021-06-09T09:41:02,1000.0,18.65,S
2021-06-09T09:40:59,100.0,18.65,S
2021-06-09T09:40:52,2300.0,18.65,S
2021-06-09T09:40:34,1000.0,18.7,S
2021-06-09T09:40:29,3000.0,18.65,S
2021-06-09T09:40:01,2300.0,18.65,S
2021-06-09T09:39:43,600.0,18.7,S
2021-06-09T09:39:33,5000.0,18.7,S
2021-06-09T09:39:33,600.0,18.7,S
2021-06-09T09:39:20,5000.0,18.7,S
2021-06-09T09:39:18,200.0,18.7,S
2021-06-09T09:39:18,1000.0,18.7,S
2021-06-09T09:39:06,2300.0,18.65,S
2021-06-09T09:39:04,1000.0,18.65,S
2021-06-09T09:39:01,1000.0,18.7,S
2021-06-09T09:38:53,5000.0,18.75,B
2021-06-09T09:38:51,1000.0,18.7,S
2021-06-09T09:38:33,100.0,18.75,S
2021-06-09T09:38:25,2300.0,18.65,S
2021-06-09T09:38:15,200.0,18.7,S
2021-06-09T09:38:11,100.0,18.75,S
2021-06-09T09:38:00,3100.0,18.65,S
2021-06-09T09:37:59,1000.0,18.75,S
2021-06-09T09:37:57,500.0,18.65,S
2021-06-09T09:37:42,700.0,18.65,S
2021-06-09T09:37:41,1600.0,18.7,S
2021-06-09T09:37:34,2000.0,18.75,S
2021-06-09T09:37:26,400.0,18.7,S
2021-06-09T09:37:26,900.0,18.7,S
2021-06-09T09:37:26,6000.0,18.7,S
2021-06-09T09:37:26,1000.0,18.7,S
2021-06-09T09:37:26,100.0,18.7,S
2021-06-09T09:37:26,3100.0,18.7,S
2021-06-09T09:37:26,4500.0,18.7,S
2021-06-09T09:37:26,1000.0,18.7,S
2021-06-09T09:37:26,2400.0,18.7,S
2021-06-09T09:37:26,600.0,18.7,S
2021-06-09T09:37:21,500.0,18.7,S
2021-06-09T09:37:10,300.0,18.75,S
2021-06-09T09:37:09,1000.0,18.7,S
2021-06-09T09:37:07,400.0,18.75,S
2021-06-09T09:36:47,2300.0,18.7,S
2021-06-09T09:36:14,200.0,18.7,S
2021-06-09T09:35:57,2500.0,18.7,S
2021-06-09T09:35:50,5000.0,18.7,S
2021-06-09T09:35:42,5000.0,18.8,S
2021-06-09T09:35:33,2300.0,18.7,S
2021-06-09T09:35:31,400.0,18.7,S
2021-06-09T09:35:13,2000.0,18.75,S
2021-06-09T09:35:11,100.0,18.75,S
2021-06-09T09:35:03,500.0,18.8,S
2021-06-09T09:35:00,100.0,18.75,S
2021-06-09T09:34:52,2000.0,18.8,S
2021-06-09T09:34:49,300.0,18.75,S
2021-06-09T09:34:42,2300.0,18.75,S
2021-06-09T09:34:33,10000.0,18.75,S
2021-06-09T09:34:29,1000.0,18.75,S
2021-06-09T09:34:12,500.0,18.75,S
2021-06-09T09:33:59,100.0,18.75,S
2021-06-09T09:33:44,100.0,18.75,S
2021-06-09T09:33:21,9100.0,18.75,S
2021-06-09T09:33:15,100.0,18.8,S
2021-06-09T09:33:09,21000.0,18.8,S
2021-06-09T09:32:11,100.0,18.75,S
2021-06-09T09:32:09,100.0,18.75,S
2021-06-09T09:31:44,5400.0,18.75,S
2021-06-09T09:31:44,5200.0,18.75,S
2021-06-09T09:31:44,1000.0,18.75,S
2021-06-09T09:31:43,8400.0,18.75,S
2021-06-09T09:31:22,1000.0,18.8,S
2021-06-09T09:31:08,5000.0,18.75,S
2021-06-09T09:31:07,1500.0,18.8,S
2021-06-09T09:30:42,300.0,18.8,S
2021-06-09T09:30:42,4000.0,18.8,S
2021-06-09T09:30:32,100.0,18.8,S
2021-06-09T09:30:28,200.0,18.8,S
2021-06-09T09:30:24,3600.0,18.8,S
2021-06-09T09:30:06,5100.0,18.8,S
2021-06-09T09:29:25,200.0,18.8,S
2021-06-09T09:28:37,4700.0,18.8,S
2021-06-09T09:28:36,2000.0,18.8,S
2021-06-09T09:28:33,1000.0,18.8,S
2021-06-09T09:28:24,1000.0,18.8,S
2021-06-09T09:26:58,7000.0,18.8,S
2021-06-09T09:26:25,100.0,18.8,S
2021-06-09T09:26:11,100.0,18.8,S
2021-06-09T09:26:11,1000.0,18.9,B
2021-06-09T09:26:10,600.0,18.8,S
2021-06-09T09:25:36,1000.0,18.9,B
2021-06-09T09:24:57,1000.0,18.8,S
2021-06-09T09:24:52,13600.0,18.8,S
2021-06-09T09:24:34,1500.0,18.8,S
2021-06-09T09:24:32,4000.0,18.8,S
2021-06-09T09:22:22,2000.0,18.75,S
2021-06-09T09:22:18,500.0,18.9,S
2021-06-09T09:22:13,400.0,18.8,S
2021-06-09T09:22:02,1000.0,18.8,S
2021-06-09T09:21:23,7800.0,18.95,B
2021-06-09T09:21:23,7200.0,18.95,B
2021-06-09T09:20:42,500.0,18.75,S
2021-06-09T09:20:36,5500.0,18.95,B
2021-06-09T09:20:32,1000.0,18.65,S
2021-06-09T09:20:22,11200.0,18.65,S
2021-06-09T09:20:00,5000.0,18.9,S
2021-06-09T09:19:57,4000.0,18.8,S
2021-06-09T09:19:53,1000.0,18.9,S
2021-06-09T09:19:43,2000.0,18.9,S
2021-06-09T09:19:43,500.0,18.7,S
2021-06-09T09:19:30,1700.0,18.7,S
2021-06-09T09:19:24,5000.0,18.7,S
2021-06-09T09:19:18,500.0,18.7,S
2021-06-09T09:19:17,400.0,18.7,S
2021-06-09T09:19:08,100.0,18.7,S
2021-06-09T09:19:06,200.0,18.7,S
2021-06-09T09:19:05,200.0,18.7,S
2021-06-09T09:19:05,4300.0,18.7,S
2021-06-09T09:19:05,200.0,18.7,S
2021-06-09T09:19:05,100.0,18.7,S
2021-06-09T09:19:05,11000.0,18.7,S
2021-06-09T09:19:02,100.0,18.9,S
2021-06-09T09:18:43,700.0,18.9,S
2021-06-09T09:18:33,200.0,18.9,S
2021-06-09T09:18:21,500.0,18.9,S
2021-06-09T09:18:19,100.0,18.9,S
2021-06-09T09:18:07,100.0,18.95,B
2021-06-09T09:17:42,3500.0,18.7,S
2021-06-09T09:17:42,5000.0,18.7,S
2021-06-09T09:17:42,700.0,18.7,S
2021-06-09T09:17:42,4900.0,18.7,S
2021-06-09T09:17:42,200.0,18.75,S
2021-06-09T09:17:42,1200.0,18.75,S
2021-06-09T09:17:26,400.0,18.9,S
2021-06-09T09:17:17,100.0,18.9,S
2021-06-09T09:17:14,1000.0,18.9,S
2021-06-09T09:17:08,200.0,18.9,S
2021-06-09T09:16:55,1600.0,18.9,B
2021-06-09T09:16:55,200.0,18.9,B
2021-06-09T09:16:22,1000.0,18.75,S
2021-06-09T09:16:09,2000.0,18.7,S
2021-06-09T09:16:01,4100.0,18.7,S
2021-06-09T09:15:45,1500.0,18.7,S
2021-06-09T09:15:44,200.0,18.7,S
