tradingTime,volume,price,side
2021-06-09T14:30:04,200.0,61.9,B
2021-06-09T14:29:05,100.0,61.8,S
2021-06-09T14:28:59,500.0,61.9,B
2021-06-09T14:28:18,100.0,61.8,S
2021-06-09T14:26:54,100.0,61.9,B
2021-06-09T14:25:34,100.0,61.9,B
2021-06-09T14:25:31,1000.0,61.9,B
2021-06-09T14:25:13,1000.0,61.9,B
2021-06-09T14:25:13,1000.0,61.9,B
2021-06-09T14:24:04,100.0,61.9,B
2021-06-09T14:23:47,100.0,61.9,B
2021-06-09T14:23:42,100.0,61.8,S
2021-06-09T14:18:11,100.0,61.9,B
2021-06-09T14:16:41,200.0,61.9,B
2021-06-09T14:06:22,100.0,61.9,S
2021-06-09T14:05:15,2800.0,62.0,S
2021-06-09T14:05:01,200.0,62.0,S
2021-06-09T14:04:58,1000.0,62.0,S
2021-06-09T14:04:58,100.0,62.0,S
2021-06-09T14:04:39,5000.0,62.0,S
2021-06-09T14:04:14,500.0,62.0,S
2021-06-09T14:04:09,4000.0,62.0,S
2021-06-09T14:04:05,13000.0,62.0,S
2021-06-09T14:03:48,100.0,62.0,S
2021-06-09T14:03:33,3300.0,62.0,S
2021-06-09T14:03:05,300.0,62.0,S
2021-06-09T14:02:13,7000.0,62.0,S
2021-06-09T14:01:29,200.0,62.1,S
2021-06-09T14:01:22,100.0,62.1,S
2021-06-09T14:01:02,1900.0,62.1,S
2021-06-09T13:59:23,100.0,62.1,S
2021-06-09T13:59:14,100.0,62.1,S
2021-06-09T13:59:14,100.0,62.1,S
2021-06-09T13:58:56,300.0,62.1,S
2021-06-09T13:58:37,100.0,62.1,S
2021-06-09T13:58:36,1000.0,62.1,S
2021-06-09T13:57:21,100.0,62.1,B
2021-06-09T13:57:02,4100.0,62.1,B
2021-06-09T13:55:29,100.0,62.0,S
2021-06-09T13:54:31,100.0,62.0,S
2021-06-09T13:54:27,200.0,62.1,B
2021-06-09T13:53:52,200.0,62.1,B
2021-06-09T13:52:23,100.0,62.1,S
2021-06-09T13:51:27,100.0,62.1,S
2021-06-09T13:49:44,100.0,62.2,B
2021-06-09T13:48:33,500.0,62.0,S
2021-06-09T13:47:16,800.0,62.0,S
2021-06-09T13:47:16,200.0,62.0,S
2021-06-09T13:44:29,1000.0,62.0,S
2021-06-09T13:44:13,300.0,62.2,B
2021-06-09T13:39:22,500.0,62.2,B
2021-06-09T13:39:08,200.0,62.2,B
2021-06-09T13:39:08,300.0,62.2,B
2021-06-09T13:38:39,200.0,62.2,B
2021-06-09T13:37:43,300.0,62.2,B
2021-06-09T13:36:28,100.0,62.0,S
2021-06-09T13:35:42,100.0,62.0,S
2021-06-09T13:33:57,1000.0,62.0,S
2021-06-09T13:31:59,1000.0,62.0,S
2021-06-09T13:30:26,10000.0,62.4,B
2021-06-09T13:30:02,100.0,62.0,B
2021-06-09T13:30:02,200.0,62.0,B
2021-06-09T13:30:02,200.0,62.0,B
2021-06-09T13:30:02,100.0,62.0,B
2021-06-09T13:29:58,10000.0,62.0,B
2021-06-09T13:29:57,500.0,62.0,B
2021-06-09T13:29:12,1300.0,62.0,B
2021-06-09T13:29:12,200.0,62.0,B
2021-06-09T13:29:12,200.0,62.0,B
2021-06-09T13:29:12,1000.0,62.0,B
2021-06-09T13:29:12,3300.0,62.0,B
2021-06-09T13:27:23,100.0,62.0,B
2021-06-09T13:26:50,800.0,62.0,B
2021-06-09T13:26:42,300.0,62.0,B
2021-06-09T13:26:21,1000.0,61.9,S
2021-06-09T13:25:51,100.0,61.9,S
2021-06-09T13:25:38,100.0,61.9,S
2021-06-09T13:25:28,4700.0,62.0,B
2021-06-09T13:25:27,200.0,62.0,B
2021-06-09T13:24:51,1900.0,61.9,S
2021-06-09T13:24:46,200.0,62.0,B
2021-06-09T13:19:36,9600.0,62.0,S
2021-06-09T13:17:55,400.0,62.0,S
2021-06-09T13:17:55,200.0,62.0,S
2021-06-09T13:17:32,200.0,62.0,B
2021-06-09T13:17:32,1500.0,62.0,B
2021-06-09T13:17:32,2400.0,62.0,B
2021-06-09T13:17:32,1200.0,62.0,B
2021-06-09T13:17:32,2700.0,62.0,B
2021-06-09T13:17:32,2700.0,62.0,B
2021-06-09T13:17:32,1000.0,61.8,B
2021-06-09T13:17:32,500.0,61.8,B
2021-06-09T13:17:32,1600.0,61.7,B
2021-06-09T13:17:07,1700.0,61.7,B
2021-06-09T13:17:07,1200.0,61.7,B
2021-06-09T13:17:07,2400.0,61.7,B
2021-06-09T13:17:07,100.0,61.6,B
2021-06-09T13:17:07,400.0,61.6,B
2021-06-09T13:17:07,1100.0,61.6,B
2021-06-09T13:17:07,3100.0,61.6,B
2021-06-09T13:17:07,1300.0,61.6,B
2021-06-09T13:17:07,12700.0,61.6,B
2021-06-09T13:16:42,900.0,61.4,B
2021-06-09T13:15:25,400.0,61.4,B
2021-06-09T13:14:21,100.0,61.4,B
2021-06-09T13:13:30,700.0,61.4,B
2021-06-09T13:13:30,2300.0,61.4,B
2021-06-09T13:12:17,100.0,61.3,B
2021-06-09T13:10:45,100.0,61.3,B
2021-06-09T13:09:37,100.0,61.3,B
2021-06-09T13:09:05,500.0,61.3,B
2021-06-09T13:07:22,900.0,61.3,B
2021-06-09T13:07:22,100.0,61.3,B
2021-06-09T13:01:39,100.0,61.0,S
2021-06-09T13:01:19,300.0,61.0,S
2021-06-09T13:01:14,400.0,61.0,S
2021-06-09T13:00:28,600.0,61.0,S
2021-06-09T11:28:12,200.0,61.0,S
2021-06-09T11:27:15,1600.0,61.0,B
2021-06-09T11:27:03,1200.0,60.9,B
2021-06-09T11:25:50,200.0,60.9,S
2021-06-09T11:25:48,100.0,60.9,S
2021-06-09T11:23:25,500.0,61.0,S
2021-06-09T11:20:38,500.0,61.0,S
2021-06-09T11:19:48,400.0,61.3,B
2021-06-09T11:17:12,400.0,61.3,B
2021-06-09T11:14:46,100.0,61.3,B
2021-06-09T11:13:53,300.0,61.0,S
2021-06-09T11:08:46,500.0,61.4,B
2021-06-09T11:06:20,300.0,61.0,S
2021-06-09T11:06:20,500.0,61.0,S
2021-06-09T11:06:20,700.0,61.0,S
2021-06-09T11:06:20,100.0,61.1,S
2021-06-09T11:06:20,3400.0,61.3,S
2021-06-09T11:02:45,100.0,61.4,B
2021-06-09T11:02:11,500.0,61.3,B
2021-06-09T11:02:11,1200.0,61.3,B
2021-06-09T11:01:00,800.0,61.3,B
2021-06-09T11:01:00,200.0,61.3,B
2021-06-09T11:00:25,300.0,61.3,S
2021-06-09T10:58:41,100.0,61.3,S
2021-06-09T10:58:32,100.0,61.4,B
2021-06-09T10:57:24,400.0,61.3,S
2021-06-09T10:57:23,100.0,61.4,B
2021-06-09T10:56:45,200.0,61.3,S
2021-06-09T10:53:12,100.0,61.3,S
2021-06-09T10:53:12,100.0,61.3,S
2021-06-09T10:53:09,100.0,61.4,B
2021-06-09T10:51:24,900.0,61.3,S
2021-06-09T10:49:07,1000.0,61.4,S
2021-06-09T10:48:13,1000.0,61.5,B
2021-06-09T10:47:42,200.0,61.4,S
2021-06-09T10:47:22,100.0,61.5,B
2021-06-09T10:41:18,1300.0,61.5,B
2021-06-09T10:39:18,400.0,61.5,B
2021-06-09T10:36:48,800.0,61.5,B
2021-06-09T10:36:48,2100.0,61.5,B
2021-06-09T10:36:48,1000.0,61.4,B
2021-06-09T10:36:47,1100.0,61.3,B
2021-06-09T10:30:48,200.0,61.0,B
2021-06-09T10:30:37,2000.0,61.0,B
2021-06-09T10:27:57,900.0,61.0,B
2021-06-09T10:27:57,1200.0,61.0,B
2021-06-09T10:27:56,7900.0,61.0,B
2021-06-09T10:27:56,10000.0,61.0,B
2021-06-09T10:26:51,100.0,60.6,S
2021-06-09T10:26:46,500.0,61.0,B
2021-06-09T10:25:35,20000.0,60.5,S
2021-06-09T10:24:46,700.0,60.6,S
2021-06-09T10:17:44,200.0,60.5,S
2021-06-09T10:17:00,400.0,61.0,B
2021-06-09T10:15:52,1000.0,60.5,S
2021-06-09T10:13:34,900.0,60.5,S
2021-06-09T10:13:33,100.0,60.5,S
2021-06-09T10:13:03,200.0,61.0,B
2021-06-09T10:12:22,100.0,60.6,S
2021-06-09T10:10:31,100.0,61.0,B
2021-06-09T10:09:28,300.0,60.3,S
2021-06-09T10:09:28,3800.0,60.5,S
2021-06-09T10:09:28,100.0,60.5,S
2021-06-09T10:09:28,300.0,60.5,S
2021-06-09T10:09:28,1200.0,60.5,S
2021-06-09T10:09:21,700.0,61.0,B
2021-06-09T10:08:30,100.0,61.0,B
2021-06-09T10:08:26,100.0,61.0,B
2021-06-09T10:07:04,300.0,60.5,S
2021-06-09T10:07:03,700.0,61.0,B
2021-06-09T10:06:30,10000.0,60.5,S
2021-06-09T10:06:07,200.0,60.7,S
2021-06-09T10:04:30,100.0,61.0,B
2021-06-09T10:04:04,100.0,61.0,B
2021-06-09T10:02:39,2000.0,61.0,B
2021-06-09T10:00:37,500.0,61.0,B
2021-06-09T10:00:37,1100.0,61.0,B
2021-06-09T10:00:37,400.0,60.9,S
2021-06-09T09:57:35,1000.0,61.0,B
2021-06-09T09:57:30,600.0,61.0,B
2021-06-09T09:57:19,100.0,60.9,S
2021-06-09T09:55:49,4000.0,60.5,S
2021-06-09T09:55:16,200.0,60.7,S
2021-06-09T09:52:43,3300.0,61.5,B
2021-06-09T09:52:43,200.0,61.5,B
2021-06-09T09:52:43,11500.0,61.5,B
2021-06-09T09:52:19,500.0,60.7,S
2021-06-09T09:51:37,100.0,60.9,S
2021-06-09T09:51:37,100.0,61.0,S
2021-06-09T09:48:45,100.0,61.0,S
2021-06-09T09:47:39,1000.0,61.0,S
2021-06-09T09:46:40,200.0,61.0,S
2021-06-09T09:46:29,600.0,61.0,S
2021-06-09T09:46:29,100.0,61.1,S
2021-06-09T09:46:29,300.0,61.2,S
2021-06-09T09:45:49,2000.0,61.5,S
2021-06-09T09:43:29,100.0,61.5,S
2021-06-09T09:40:41,600.0,61.0,S
2021-06-09T09:40:41,300.0,61.5,S
2021-06-09T09:40:05,100.0,61.6,B
2021-06-09T09:35:10,2300.0,61.6,S
2021-06-09T09:33:06,5900.0,61.6,S
2021-06-09T09:32:59,500.0,61.7,B
2021-06-09T09:31:57,2000.0,61.6,S
2021-06-09T09:31:42,100.0,61.6,S
2021-06-09T09:28:07,100.0,61.7,S
2021-06-09T09:27:21,500.0,61.7,S
2021-06-09T09:27:19,800.0,61.7,S
2021-06-09T09:26:26,300.0,61.7,S
2021-06-09T09:23:13,2000.0,61.7,S
2021-06-09T09:22:40,2000.0,61.7,S
2021-06-09T09:22:37,1000.0,61.7,S
2021-06-09T09:22:36,300.0,61.7,S
2021-06-09T09:22:00,100.0,61.7,S
2021-06-09T09:21:42,700.0,61.7,S
2021-06-09T09:21:29,300.0,61.7,S
2021-06-09T09:19:02,100.0,61.7,S
2021-06-09T09:19:01,1000.0,61.7,S
