tradingTime,volume,price,side
2021-06-09T14:30:10,1700.0,50.4,S
2021-06-09T14:30:10,1300.0,50.4,S
2021-06-09T14:30:10,1000.0,50.4,S
2021-06-09T14:30:02,500.0,50.5,B
2021-06-09T14:30:01,300.0,50.4,S
2021-06-09T14:29:52,500.0,50.5,B
2021-06-09T14:29:51,1000.0,50.5,B
2021-06-09T14:29:50,600.0,50.4,S
2021-06-09T14:29:45,2800.0,50.4,S
2021-06-09T14:29:35,1000.0,50.4,S
2021-06-09T14:29:34,100.0,50.3,S
2021-06-09T14:29:26,200.0,50.4,S
2021-06-09T14:29:09,100.0,50.3,S
2021-06-09T14:29:09,1200.0,50.3,S
2021-06-09T14:29:09,3000.0,50.3,S
2021-06-09T14:29:09,15700.0,50.3,S
2021-06-09T14:28:54,6100.0,50.4,S
2021-06-09T14:28:54,3400.0,50.4,S
2021-06-09T14:28:54,500.0,50.4,S
2021-06-09T14:28:52,300.0,50.4,S
2021-06-09T14:28:47,400.0,50.4,S
2021-06-09T14:28:46,200.0,50.4,S
2021-06-09T14:28:37,900.0,50.4,S
2021-06-09T14:28:36,100.0,50.4,S
2021-06-09T14:28:31,200.0,50.5,B
2021-06-09T14:28:28,100.0,50.4,S
2021-06-09T14:28:28,1900.0,50.4,S
2021-06-09T14:27:58,3900.0,50.4,S
2021-06-09T14:27:58,200.0,50.4,S
2021-06-09T14:27:57,1500.0,50.4,S
2021-06-09T14:27:57,14100.0,50.4,S
2021-06-09T14:27:55,3000.0,50.5,B
2021-06-09T14:27:45,100.0,50.4,S
2021-06-09T14:27:41,200.0,50.4,S
2021-06-09T14:27:39,19600.0,50.4,S
2021-06-09T14:27:32,2900.0,50.5,B
2021-06-09T14:27:32,2400.0,50.5,B
2021-06-09T14:27:31,5100.0,50.5,B
2021-06-09T14:27:12,200.0,50.4,B
2021-06-09T14:26:59,300.0,50.5,B
2021-06-09T14:26:51,100.0,50.4,B
2021-06-09T14:26:37,14300.0,50.4,B
2021-06-09T14:26:30,100.0,50.4,B
2021-06-09T14:26:19,500.0,50.3,S
2021-06-09T14:26:15,300.0,50.3,S
2021-06-09T14:26:07,100.0,50.4,B
2021-06-09T14:26:03,1000.0,50.4,B
2021-06-09T14:25:54,2000.0,50.4,B
2021-06-09T14:25:51,2000.0,50.4,B
2021-06-09T14:25:41,500.0,50.4,B
2021-06-09T14:25:38,100.0,50.4,B
2021-06-09T14:25:37,100.0,50.4,B
2021-06-09T14:25:37,400.0,50.4,B
2021-06-09T14:25:33,500.0,50.4,B
2021-06-09T14:25:20,2500.0,50.4,B
2021-06-09T14:25:20,1000.0,50.4,B
2021-06-09T14:25:19,100.0,50.4,B
2021-06-09T14:25:19,4900.0,50.4,B
2021-06-09T14:25:19,900.0,50.4,B
2021-06-09T14:25:18,100.0,50.4,B
2021-06-09T14:24:47,2000.0,50.4,B
2021-06-09T14:24:34,100.0,50.3,S
2021-06-09T14:24:30,1700.0,50.3,S
2021-06-09T14:24:30,3300.0,50.3,S
2021-06-09T14:24:28,100.0,50.3,S
2021-06-09T14:24:26,300.0,50.4,B
2021-06-09T14:24:26,200.0,50.4,B
2021-06-09T14:24:10,800.0,50.4,B
2021-06-09T14:24:06,3000.0,50.4,B
2021-06-09T14:24:04,300.0,50.4,B
2021-06-09T14:24:00,100.0,50.4,B
2021-06-09T14:23:50,100.0,50.4,B
2021-06-09T14:23:48,400.0,50.4,B
2021-06-09T14:23:48,3000.0,50.4,B
2021-06-09T14:23:44,200.0,50.3,S
2021-06-09T14:23:40,900.0,50.4,B
2021-06-09T14:23:39,600.0,50.4,B
2021-06-09T14:23:20,100.0,50.4,B
2021-06-09T14:23:11,500.0,50.4,B
2021-06-09T14:23:07,2000.0,50.4,B
2021-06-09T14:23:07,400.0,50.4,B
2021-06-09T14:23:05,3000.0,50.4,B
2021-06-09T14:23:02,200.0,50.4,B
2021-06-09T14:23:01,100.0,50.4,B
2021-06-09T14:22:59,1000.0,50.4,B
2021-06-09T14:22:58,5000.0,50.4,B
2021-06-09T14:22:58,100.0,50.4,B
2021-06-09T14:22:56,1500.0,50.4,B
2021-06-09T14:22:51,100.0,50.4,B
2021-06-09T14:22:25,9300.0,50.4,B
2021-06-09T14:22:23,5000.0,50.4,B
2021-06-09T14:22:21,400.0,50.4,B
2021-06-09T14:22:19,100.0,50.3,B
2021-06-09T14:22:18,300.0,50.4,B
2021-06-09T14:22:17,1300.0,50.3,B
2021-06-09T14:22:10,300.0,50.2,S
2021-06-09T14:22:08,100.0,50.2,S
2021-06-09T14:22:05,100.0,50.3,B
2021-06-09T14:22:01,700.0,50.3,B
2021-06-09T14:21:57,100.0,50.4,B
2021-06-09T14:21:52,2000.0,50.4,B
2021-06-09T14:21:49,6000.0,50.3,B
2021-06-09T14:21:31,100.0,50.3,B
2021-06-09T14:21:29,8000.0,50.3,B
2021-06-09T14:21:29,2100.0,50.3,B
2021-06-09T14:21:28,2100.0,50.3,B
2021-06-09T14:21:25,3000.0,50.2,S
2021-06-09T14:21:22,11200.0,50.2,S
2021-06-09T14:21:13,3000.0,50.2,S
2021-06-09T14:20:50,100.0,50.2,S
2021-06-09T14:20:48,200.0,50.2,S
2021-06-09T14:20:48,200.0,50.3,B
2021-06-09T14:20:48,300.0,50.3,B
2021-06-09T14:20:45,100.0,50.2,S
2021-06-09T14:20:36,500.0,50.3,B
2021-06-09T14:20:21,500.0,50.3,B
2021-06-09T14:20:17,4100.0,50.3,B
2021-06-09T14:20:17,1300.0,50.3,B
2021-06-09T14:20:17,4600.0,50.3,B
2021-06-09T14:20:09,25000.0,50.2,B
2021-06-09T14:20:07,2000.0,50.2,B
2021-06-09T14:20:00,300.0,50.3,B
2021-06-09T14:19:44,200.0,50.2,B
2021-06-09T14:19:41,9300.0,50.3,B
2021-06-09T14:19:37,200.0,50.3,B
2021-06-09T14:19:36,1000.0,50.2,B
2021-06-09T14:19:34,500.0,50.3,B
2021-06-09T14:19:32,2100.0,50.2,B
2021-06-09T14:19:31,100.0,50.2,B
2021-06-09T14:19:28,100.0,50.3,B
2021-06-09T14:19:22,4500.0,50.2,B
2021-06-09T14:19:14,3000.0,50.3,B
2021-06-09T14:18:58,600.0,50.2,B
2021-06-09T14:18:57,300.0,50.2,B
2021-06-09T14:18:57,1900.0,50.2,B
2021-06-09T14:18:52,500.0,50.2,B
2021-06-09T14:18:41,100.0,50.2,B
2021-06-09T14:18:38,11500.0,50.2,B
2021-06-09T14:18:28,1000.0,50.2,B
2021-06-09T14:18:12,2400.0,50.2,B
2021-06-09T14:18:11,500.0,50.2,B
2021-06-09T14:18:10,600.0,50.2,B
2021-06-09T14:18:08,500.0,50.2,B
2021-06-09T14:17:54,3500.0,50.2,B
2021-06-09T14:17:51,400.0,50.2,B
2021-06-09T14:17:47,5000.0,50.2,B
2021-06-09T14:17:44,200.0,50.1,S
2021-06-09T14:17:42,100.0,50.1,S
2021-06-09T14:17:40,100.0,50.2,B
2021-06-09T14:17:24,100.0,50.2,B
2021-06-09T14:17:23,100.0,50.2,B
2021-06-09T14:17:21,3500.0,50.2,B
2021-06-09T14:17:21,100.0,50.2,B
2021-06-09T14:17:21,500.0,50.3,B
2021-06-09T14:17:14,10000.0,50.3,S
2021-06-09T14:17:07,500.0,50.3,S
2021-06-09T14:17:03,500.0,50.3,S
2021-06-09T14:17:03,3200.0,50.0,S
2021-06-09T14:17:03,300.0,50.1,S
2021-06-09T14:17:03,300.0,50.1,S
2021-06-09T14:17:03,16200.0,50.1,S
2021-06-09T14:16:59,9300.0,50.3,S
2021-06-09T14:16:59,100.0,50.3,S
2021-06-09T14:16:53,600.0,50.3,S
2021-06-09T14:16:45,1000.0,50.3,S
2021-06-09T14:16:45,100.0,50.3,S
2021-06-09T14:16:44,1000.0,50.3,S
2021-06-09T14:16:41,100.0,50.3,S
2021-06-09T14:16:39,800.0,50.3,S
2021-06-09T14:16:34,1700.0,50.3,S
2021-06-09T14:16:21,1700.0,50.3,S
2021-06-09T14:16:21,8300.0,50.2,S
2021-06-09T14:16:21,1000.0,50.2,S
2021-06-09T14:16:19,2500.0,50.2,S
2021-06-09T14:16:15,4000.0,50.3,S
2021-06-09T14:16:13,6100.0,50.3,S
2021-06-09T14:16:11,100.0,50.2,S
2021-06-09T14:16:11,300.0,50.2,S
2021-06-09T14:16:01,10000.0,50.3,S
2021-06-09T14:16:00,1000.0,50.3,S
2021-06-09T14:15:59,500.0,50.3,S
2021-06-09T14:15:51,1100.0,50.3,S
2021-06-09T14:15:51,10200.0,50.3,S
2021-06-09T14:15:51,52000.0,50.3,S
2021-06-09T14:15:51,1400.0,50.3,S
2021-06-09T14:15:51,13100.0,50.3,S
2021-06-09T14:15:51,4600.0,50.3,S
2021-06-09T14:15:49,100.0,50.4,B
2021-06-09T14:15:09,100.0,50.4,B
2021-06-09T14:15:08,6500.0,50.3,S
2021-06-09T14:15:03,300.0,50.4,B
2021-06-09T14:15:01,100.0,50.4,B
2021-06-09T14:14:54,10100.0,50.4,S
2021-06-09T14:14:47,200.0,50.4,S
2021-06-09T14:14:46,100.0,50.4,S
2021-06-09T14:14:43,500.0,50.4,S
2021-06-09T14:14:38,500.0,50.4,S
2021-06-09T14:14:31,500.0,50.4,S
2021-06-09T14:14:25,500.0,50.4,S
2021-06-09T14:14:24,200.0,50.4,S
2021-06-09T14:14:24,1000.0,50.4,S
2021-06-09T14:14:24,100.0,50.4,S
2021-06-09T14:14:24,1100.0,50.4,S
2021-06-09T14:14:24,5000.0,50.4,S
2021-06-09T14:14:24,100.0,50.4,S
2021-06-09T14:14:24,300.0,50.4,S
2021-06-09T14:14:24,10000.0,50.4,S
2021-06-09T14:14:24,10000.0,50.4,S
2021-06-09T14:14:24,300.0,50.4,S
2021-06-09T14:14:24,19200.0,50.4,S
2021-06-09T14:14:24,100.0,50.5,S
2021-06-09T14:14:22,900.0,50.5,S
2021-06-09T14:14:21,100.0,50.5,S
2021-06-09T14:14:16,1000.0,50.4,S
2021-06-09T14:14:16,8900.0,50.4,S
2021-06-09T14:14:16,1100.0,50.4,S
2021-06-09T14:14:16,1600.0,50.4,S
2021-06-09T14:14:15,400.0,50.4,S
2021-06-09T14:14:15,200.0,50.5,S
2021-06-09T14:14:13,500.0,50.5,S
2021-06-09T14:14:12,3300.0,50.5,S
2021-06-09T14:14:09,500.0,50.5,S
2021-06-09T14:14:00,1000.0,50.5,S
2021-06-09T14:13:59,100.0,50.5,S
2021-06-09T14:13:58,9300.0,50.6,B
2021-06-09T14:13:56,3000.0,50.5,S
2021-06-09T14:13:56,100.0,50.5,S
2021-06-09T14:13:53,400.0,50.5,S
2021-06-09T14:13:53,2800.0,50.5,S
2021-06-09T14:13:52,1500.0,50.6,B
2021-06-09T14:13:52,500.0,50.5,S
2021-06-09T14:13:47,100.0,50.5,S
2021-06-09T14:13:47,300.0,50.5,S
2021-06-09T14:13:47,4000.0,50.5,S
2021-06-09T14:13:39,1000.0,50.5,S
2021-06-09T14:13:29,10000.0,50.5,S
2021-06-09T14:13:27,100.0,50.5,S
2021-06-09T14:13:05,1000.0,50.5,S
2021-06-09T14:13:04,300.0,50.6,B
2021-06-09T14:13:03,100.0,50.5,S
2021-06-09T14:13:01,100.0,50.5,S
2021-06-09T14:12:58,12500.0,50.5,S
2021-06-09T14:12:39,100.0,50.5,S
2021-06-09T14:12:38,5900.0,50.6,B
2021-06-09T14:12:38,300.0,50.5,S
2021-06-09T14:12:35,400.0,50.6,B
2021-06-09T14:12:34,200.0,50.5,S
2021-06-09T14:12:31,2600.0,50.5,S
2021-06-09T14:12:31,400.0,50.5,S
2021-06-09T14:12:26,1000.0,50.5,S
2021-06-09T14:12:25,1000.0,50.5,S
2021-06-09T14:12:23,1000.0,50.5,S
2021-06-09T14:12:18,500.0,50.5,S
2021-06-09T14:12:18,1900.0,50.5,S
2021-06-09T14:12:18,400.0,50.5,S
2021-06-09T14:12:11,1000.0,50.5,S
2021-06-09T14:12:11,100.0,50.5,S
2021-06-09T14:12:07,1100.0,50.5,S
2021-06-09T14:12:05,200.0,50.5,S
2021-06-09T14:12:05,100.0,50.6,B
2021-06-09T14:12:02,3000.0,50.5,S
2021-06-09T14:11:57,100.0,50.6,B
2021-06-09T14:11:56,100.0,50.5,S
2021-06-09T14:11:50,200.0,50.5,S
2021-06-09T14:11:45,1000.0,50.5,S
2021-06-09T14:11:44,100.0,50.6,B
2021-06-09T14:11:44,100.0,50.5,S
2021-06-09T14:11:35,4700.0,50.5,S
2021-06-09T14:11:35,1200.0,50.5,S
2021-06-09T14:11:35,3100.0,50.5,S
2021-06-09T14:11:34,5400.0,50.5,S
2021-06-09T14:11:34,2500.0,50.5,S
2021-06-09T14:11:34,100.0,50.5,S
2021-06-09T14:11:34,7400.0,50.5,S
2021-06-09T14:11:34,1400.0,50.5,S
2021-06-09T14:11:34,200.0,50.5,S
2021-06-09T14:11:34,2200.0,50.5,S
2021-06-09T14:11:34,2500.0,50.5,S
2021-06-09T14:11:34,100.0,50.5,S
2021-06-09T14:11:34,2100.0,50.5,S
2021-06-09T14:11:34,1400.0,50.5,S
2021-06-09T14:11:34,2300.0,50.5,S
2021-06-09T14:11:34,4000.0,50.5,S
2021-06-09T14:11:33,9400.0,50.5,S
2021-06-09T14:11:31,2000.0,50.5,S
2021-06-09T14:11:30,200.0,50.5,S
2021-06-09T14:11:30,1000.0,50.5,S
2021-06-09T14:11:21,100.0,50.6,B
2021-06-09T14:11:15,100.0,50.6,B
2021-06-09T14:11:15,100.0,50.6,B
2021-06-09T14:11:14,300.0,50.6,B
2021-06-09T14:11:11,1500.0,50.6,B
2021-06-09T14:11:11,9300.0,50.6,B
2021-06-09T14:11:08,2000.0,50.6,S
2021-06-09T14:11:05,1000.0,50.6,S
2021-06-09T14:11:00,3800.0,50.6,S
2021-06-09T14:10:47,2500.0,50.6,S
2021-06-09T14:10:44,700.0,50.6,S
2021-06-09T14:10:44,900.0,50.6,S
2021-06-09T14:10:43,100.0,50.6,S
2021-06-09T14:10:43,2300.0,50.6,S
2021-06-09T14:10:43,1100.0,50.6,S
2021-06-09T14:10:43,3300.0,50.6,S
2021-06-09T14:10:43,200.0,50.6,S
2021-06-09T14:10:43,2200.0,50.6,S
2021-06-09T14:10:43,500.0,50.6,S
2021-06-09T14:10:43,400.0,50.6,S
2021-06-09T14:10:43,4000.0,50.6,S
2021-06-09T14:10:43,900.0,50.6,S
2021-06-09T14:10:43,500.0,50.6,S
2021-06-09T14:10:43,300.0,50.6,S
2021-06-09T14:10:43,400.0,50.6,S
2021-06-09T14:10:43,35100.0,50.6,S
2021-06-09T14:10:43,1500.0,50.7,B
2021-06-09T14:10:41,100.0,50.6,S
2021-06-09T14:10:30,10000.0,50.6,S
2021-06-09T14:10:30,300.0,50.7,B
2021-06-09T14:10:30,1000.0,50.6,S
2021-06-09T14:10:15,5000.0,50.6,S
2021-06-09T14:10:14,200.0,50.7,B
2021-06-09T14:10:11,100.0,50.7,B
2021-06-09T14:10:07,500.0,50.7,B
2021-06-09T14:10:06,12000.0,50.7,B
2021-06-09T14:10:06,100.0,50.7,B
2021-06-09T14:10:00,4000.0,50.6,S
2021-06-09T14:09:59,2000.0,50.6,S
2021-06-09T14:09:44,1000.0,50.7,B
2021-06-09T14:09:44,1000.0,50.7,B
2021-06-09T14:09:32,100.0,50.7,B
2021-06-09T14:09:32,900.0,50.7,B
2021-06-09T14:09:27,100.0,50.7,B
2021-06-09T14:09:23,400.0,50.7,B
2021-06-09T14:09:14,3000.0,50.6,S
2021-06-09T14:09:10,10000.0,50.6,S
2021-06-09T14:09:09,600.0,50.7,B
2021-06-09T14:09:05,100.0,50.7,B
2021-06-09T14:09:03,200.0,50.7,B
2021-06-09T14:09:03,200.0,50.7,B
2021-06-09T14:08:59,100.0,50.6,S
2021-06-09T14:08:58,500.0,50.6,S
2021-06-09T14:08:55,100.0,50.7,B
2021-06-09T14:08:55,500.0,50.7,B
2021-06-09T14:08:45,136100.0,50.6,S
2021-06-09T14:08:45,2400.0,50.6,S
2021-06-09T14:08:45,600.0,50.6,S
2021-06-09T14:08:45,2900.0,50.6,S
2021-06-09T14:08:45,11200.0,50.6,S
2021-06-09T14:08:45,5500.0,50.6,S
2021-06-09T14:08:45,10000.0,50.6,S
2021-06-09T14:08:45,26200.0,50.6,S
2021-06-09T14:08:44,5100.0,50.7,B
2021-06-09T14:08:42,500.0,50.7,B
2021-06-09T14:08:40,2000.0,50.7,B
2021-06-09T14:08:40,5000.0,50.7,B
2021-06-09T14:08:40,500.0,50.7,B
2021-06-09T14:08:38,8000.0,50.7,B
2021-06-09T14:08:38,100.0,50.7,B
2021-06-09T14:08:35,1900.0,50.8,B
2021-06-09T14:08:35,1100.0,50.8,B
2021-06-09T14:08:35,2200.0,50.8,B
2021-06-09T14:08:35,500.0,50.8,B
2021-06-09T14:08:35,3600.0,50.8,B
2021-06-09T14:08:32,400.0,50.7,B
2021-06-09T14:08:25,1000.0,50.7,B
2021-06-09T14:08:21,200.0,50.7,B
2021-06-09T14:08:19,500.0,50.7,B
2021-06-09T14:08:19,500.0,50.7,B
2021-06-09T14:08:15,10000.0,50.7,B
2021-06-09T14:08:09,3200.0,50.8,B
2021-06-09T14:08:09,100.0,50.7,B
2021-06-09T14:08:09,3000.0,50.7,B
2021-06-09T14:08:09,15200.0,50.7,B
2021-06-09T14:08:08,200.0,50.7,B
2021-06-09T14:08:08,1000.0,50.6,S
2021-06-09T14:07:39,500.0,50.6,S
2021-06-09T14:07:25,3700.0,50.7,B
2021-06-09T14:07:23,600.0,50.7,B
2021-06-09T14:07:22,6400.0,50.7,B
2021-06-09T14:07:14,2000.0,50.7,B
2021-06-09T14:07:13,10000.0,50.6,S
2021-06-09T14:07:13,200.0,50.7,B
2021-06-09T14:07:12,100.0,50.7,B
2021-06-09T14:07:12,500.0,50.6,S
2021-06-09T14:07:05,1000.0,50.7,B
2021-06-09T14:06:59,100.0,50.7,B
2021-06-09T14:06:58,1000.0,50.7,B
2021-06-09T14:06:57,200.0,50.7,B
2021-06-09T14:06:57,3500.0,50.7,B
2021-06-09T14:06:44,100.0,50.7,B
2021-06-09T14:06:31,300.0,50.7,B
2021-06-09T14:06:29,100.0,50.6,S
2021-06-09T14:06:26,200.0,50.6,S
2021-06-09T14:06:22,3100.0,50.7,B
2021-06-09T14:06:21,100.0,50.7,B
2021-06-09T14:06:18,100.0,50.8,B
2021-06-09T14:06:12,2000.0,50.7,B
2021-06-09T14:06:08,900.0,50.7,B
2021-06-09T14:06:07,500.0,50.6,S
2021-06-09T14:06:07,500.0,50.6,S
2021-06-09T14:06:06,500.0,50.7,B
2021-06-09T14:06:01,500.0,50.6,S
2021-06-09T14:06:00,2100.0,50.6,S
2021-06-09T14:05:52,1000.0,50.8,B
2021-06-09T14:05:49,200.0,50.8,B
2021-06-09T14:05:45,7000.0,50.8,B
2021-06-09T14:05:41,2500.0,50.8,B
2021-06-09T14:05:41,100.0,50.8,B
2021-06-09T14:05:41,600.0,50.8,B
2021-06-09T14:05:41,1100.0,50.8,B
2021-06-09T14:05:41,5000.0,50.7,S
2021-06-09T14:05:35,400.0,50.8,B
2021-06-09T14:05:33,100.0,50.6,S
2021-06-09T14:05:32,500.0,50.7,S
2021-06-09T14:05:32,100.0,50.7,S
2021-06-09T14:05:30,200.0,50.7,S
2021-06-09T14:05:29,100.0,50.7,S
2021-06-09T14:05:29,2000.0,50.7,S
2021-06-09T14:05:22,3200.0,50.8,B
2021-06-09T14:05:09,1900.0,50.8,B
2021-06-09T14:05:07,400.0,50.7,S
2021-06-09T14:05:04,100.0,50.7,S
2021-06-09T14:05:01,2000.0,50.7,S
2021-06-09T14:05:01,700.0,50.7,S
2021-06-09T14:05:01,600.0,50.7,S
2021-06-09T14:05:01,6200.0,50.7,S
2021-06-09T14:04:52,10000.0,50.7,S
2021-06-09T14:04:52,2000.0,50.7,S
2021-06-09T14:04:46,100.0,50.7,S
2021-06-09T14:04:46,300.0,50.7,S
2021-06-09T14:04:39,300.0,50.7,S
2021-06-09T14:04:28,200.0,50.7,S
2021-06-09T14:04:28,1000.0,50.7,S
2021-06-09T14:04:24,500.0,50.7,S
2021-06-09T14:04:07,500.0,50.7,S
2021-06-09T14:03:58,100.0,50.7,S
2021-06-09T14:03:56,1000.0,50.7,S
2021-06-09T14:03:54,500.0,50.8,B
2021-06-09T14:03:51,5000.0,50.8,B
2021-06-09T14:03:50,4000.0,50.7,S
2021-06-09T14:03:48,800.0,50.8,B
2021-06-09T14:03:46,100.0,50.8,B
2021-06-09T14:03:46,300.0,50.7,S
2021-06-09T14:03:29,900.0,50.8,B
2021-06-09T14:03:23,100.0,50.7,S
2021-06-09T14:03:16,1400.0,50.7,S
2021-06-09T14:03:08,2000.0,50.8,B
2021-06-09T14:03:08,2500.0,50.7,S
2021-06-09T14:03:08,1000.0,50.7,S
2021-06-09T14:03:08,5500.0,50.7,S
2021-06-09T14:03:08,700.0,50.7,S
2021-06-09T14:03:08,6300.0,50.7,S
2021-06-09T14:03:06,500.0,50.8,B
2021-06-09T14:03:05,5000.0,50.7,S
2021-06-09T14:02:56,100.0,50.7,S
2021-06-09T14:02:52,300.0,50.8,B
2021-06-09T14:02:49,9300.0,50.8,B
2021-06-09T14:02:37,100.0,50.7,S
2021-06-09T14:02:28,500.0,50.7,S
2021-06-09T14:02:22,3000.0,50.8,B
2021-06-09T14:02:22,100.0,50.8,B
2021-06-09T14:02:18,7500.0,50.7,S
2021-06-09T14:02:18,2500.0,50.7,S
2021-06-09T14:02:14,700.0,50.7,S
2021-06-09T14:02:14,1000.0,50.7,S
2021-06-09T14:02:13,300.0,50.7,S
2021-06-09T14:02:08,500.0,50.7,S
2021-06-09T14:02:05,1200.0,50.7,S
2021-06-09T14:02:05,1100.0,50.7,S
2021-06-09T14:02:05,2700.0,50.7,S
2021-06-09T14:02:01,100.0,50.8,B
2021-06-09T14:02:00,3000.0,50.7,S
2021-06-09T14:01:59,300.0,50.8,B
2021-06-09T14:01:54,500.0,50.7,S
2021-06-09T14:01:44,1400.0,50.7,S
2021-06-09T14:01:44,800.0,50.7,S
2021-06-09T14:01:44,7800.0,50.7,S
2021-06-09T14:01:41,2000.0,50.8,B
2021-06-09T14:01:32,100.0,50.7,S
2021-06-09T14:01:31,300.0,50.7,S
2021-06-09T14:01:27,3200.0,50.8,B
2021-06-09T14:01:24,200.0,50.8,B
2021-06-09T14:01:12,1000.0,50.8,B
2021-06-09T14:01:11,1000.0,50.7,S
2021-06-09T14:01:05,3700.0,50.8,B
2021-06-09T14:00:58,1000.0,50.8,B
2021-06-09T14:00:58,700.0,50.8,B
2021-06-09T14:00:57,600.0,50.8,B
2021-06-09T14:00:50,100.0,50.8,B
2021-06-09T14:00:43,100.0,50.7,S
2021-06-09T14:00:41,300.0,50.7,S
2021-06-09T14:00:30,1500.0,50.8,B
2021-06-09T14:00:21,1200.0,50.8,B
2021-06-09T14:00:21,2100.0,50.7,S
2021-06-09T14:00:21,1000.0,50.8,B
2021-06-09T14:00:14,100.0,50.8,B
2021-06-09T14:00:13,900.0,50.7,S
2021-06-09T14:00:13,200.0,50.7,S
2021-06-09T14:00:13,900.0,50.7,S
2021-06-09T14:00:10,1000.0,50.8,B
2021-06-09T14:00:07,300.0,50.8,B
2021-06-09T14:00:06,500.0,50.7,S
2021-06-09T14:00:05,100.0,50.7,S
2021-06-09T14:00:00,9300.0,50.8,B
2021-06-09T14:00:00,300.0,50.7,S
2021-06-09T13:59:40,1000.0,50.7,S
2021-06-09T13:59:40,1000.0,50.8,B
2021-06-09T13:59:39,200.0,50.8,B
2021-06-09T13:59:37,5000.0,50.7,S
2021-06-09T13:59:29,100.0,50.7,S
2021-06-09T13:59:25,300.0,50.7,S
2021-06-09T13:59:19,2600.0,50.8,B
2021-06-09T13:59:17,100.0,50.8,S
2021-06-09T13:59:13,100.0,50.8,S
2021-06-09T13:59:13,200.0,50.8,S
2021-06-09T13:59:11,100.0,50.8,S
2021-06-09T13:59:09,1000.0,50.8,S
2021-06-09T13:59:07,100.0,50.7,S
2021-06-09T13:59:06,3000.0,50.8,S
2021-06-09T13:59:03,500.0,50.8,S
2021-06-09T13:59:03,500.0,50.8,S
2021-06-09T13:59:03,4300.0,50.8,S
2021-06-09T13:59:03,1400.0,50.8,S
2021-06-09T13:59:03,400.0,50.8,S
2021-06-09T13:59:03,800.0,50.8,S
2021-06-09T13:59:03,1000.0,50.8,S
2021-06-09T13:59:03,3000.0,50.8,S
2021-06-09T13:59:03,20100.0,50.8,S
2021-06-09T13:59:03,1600.0,50.8,S
2021-06-09T13:59:03,3700.0,50.8,S
2021-06-09T13:59:02,7500.0,50.8,S
2021-06-09T13:59:02,3800.0,50.8,S
2021-06-09T13:59:02,200.0,50.9,B
2021-06-09T13:59:00,100.0,50.8,S
2021-06-09T13:58:58,400.0,50.9,B
2021-06-09T13:58:56,200.0,50.9,B
2021-06-09T13:58:55,2500.0,50.9,B
2021-06-09T13:58:55,3300.0,50.9,B
2021-06-09T13:58:54,700.0,50.9,B
2021-06-09T13:58:52,500.0,50.8,S
2021-06-09T13:58:52,100.0,50.8,S
2021-06-09T13:58:52,400.0,50.8,S
2021-06-09T13:58:46,1000.0,50.9,B
2021-06-09T13:58:40,100.0,50.9,B
2021-06-09T13:58:39,200.0,50.8,S
2021-06-09T13:58:37,1000.0,50.9,B
2021-06-09T13:58:36,400.0,50.9,B
2021-06-09T13:58:33,100.0,50.8,S
2021-06-09T13:58:33,2200.0,50.8,S
2021-06-09T13:58:33,5100.0,50.8,S
2021-06-09T13:58:33,12600.0,50.8,S
2021-06-09T13:58:31,1000.0,50.9,B
2021-06-09T13:58:28,500.0,50.9,B
2021-06-09T13:58:18,1000.0,50.9,B
2021-06-09T13:58:16,5000.0,50.8,S
2021-06-09T13:58:16,400.0,50.9,B
2021-06-09T13:58:11,1000.0,50.9,B
2021-06-09T13:58:08,100.0,50.9,B
2021-06-09T13:58:08,1500.0,50.8,S
2021-06-09T13:58:08,100.0,50.9,B
2021-06-09T13:58:07,1000.0,50.8,S
2021-06-09T13:58:04,600.0,50.9,B
2021-06-09T13:58:03,4600.0,50.9,B
2021-06-09T13:58:02,100.0,50.9,B
2021-06-09T13:58:00,100.0,50.9,B
2021-06-09T13:57:56,1500.0,50.9,B
2021-06-09T13:57:56,400.0,50.9,B
2021-06-09T13:57:54,400.0,50.8,S
2021-06-09T13:57:52,300.0,50.9,B
2021-06-09T13:57:51,500.0,50.9,B
2021-06-09T13:57:49,5100.0,50.9,B
2021-06-09T13:57:49,500.0,50.9,B
2021-06-09T13:57:42,2000.0,50.8,S
2021-06-09T13:57:42,1000.0,50.9,B
2021-06-09T13:57:40,200.0,50.9,B
2021-06-09T13:57:39,100.0,50.9,B
2021-06-09T13:57:37,300.0,50.9,S
2021-06-09T13:57:25,2500.0,50.8,S
2021-06-09T13:57:24,9300.0,50.9,S
2021-06-09T13:57:09,1000.0,50.9,S
2021-06-09T13:57:07,900.0,50.9,S
2021-06-09T13:56:57,1000.0,50.9,S
2021-06-09T13:56:55,200.0,50.8,S
2021-06-09T13:56:54,2000.0,50.9,S
2021-06-09T13:56:48,200.0,50.9,S
2021-06-09T13:56:45,300.0,50.9,S
2021-06-09T13:56:43,2400.0,50.9,S
2021-06-09T13:56:41,900.0,50.9,S
2021-06-09T13:56:41,2600.0,50.9,S
2021-06-09T13:56:41,6500.0,50.9,S
2021-06-09T13:56:37,100.0,51.0,B
2021-06-09T13:56:33,1000.0,50.9,S
2021-06-09T13:56:27,100.0,50.9,S
2021-06-09T13:56:26,4000.0,50.9,S
2021-06-09T13:56:22,1200.0,51.0,B
2021-06-09T13:56:22,600.0,51.0,B
2021-06-09T13:56:18,100.0,51.0,B
2021-06-09T13:56:18,300.0,51.0,B
2021-06-09T13:56:17,2000.0,50.9,S
2021-06-09T13:56:15,6400.0,50.9,S
2021-06-09T13:56:11,200.0,50.9,S
2021-06-09T13:56:11,100.0,50.9,S
2021-06-09T13:56:09,20000.0,50.9,S
2021-06-09T13:56:07,900.0,50.9,S
2021-06-09T13:56:07,1000.0,50.9,S
2021-06-09T13:56:07,3100.0,50.9,S
2021-06-09T13:56:07,5100.0,50.9,S
2021-06-09T13:56:07,12900.0,50.9,S
2021-06-09T13:56:07,500.0,50.9,S
2021-06-09T13:56:07,1900.0,50.9,S
2021-06-09T13:56:07,1300.0,50.9,S
2021-06-09T13:56:07,6600.0,50.9,S
2021-06-09T13:56:02,100.0,50.9,S
2021-06-09T13:55:57,3000.0,50.9,S
2021-06-09T13:55:57,600.0,51.0,B
2021-06-09T13:55:57,100.0,51.0,B
2021-06-09T13:55:57,2300.0,51.0,B
2021-06-09T13:55:56,2300.0,50.9,S
2021-06-09T13:55:49,100.0,50.9,S
2021-06-09T13:55:48,300.0,50.9,S
2021-06-09T13:55:46,100.0,51.0,B
2021-06-09T13:55:44,100.0,51.0,B
2021-06-09T13:55:43,2000.0,51.0,B
2021-06-09T13:55:42,100.0,51.0,B
2021-06-09T13:55:40,100.0,50.9,S
2021-06-09T13:55:40,700.0,51.0,B
2021-06-09T13:55:38,2000.0,50.9,S
2021-06-09T13:55:35,3500.0,51.0,B
2021-06-09T13:55:25,900.0,51.0,B
2021-06-09T13:55:22,7000.0,51.0,B
2021-06-09T13:55:21,3000.0,51.0,B
2021-06-09T13:55:18,1500.0,51.0,B
2021-06-09T13:55:15,600.0,51.0,B
2021-06-09T13:55:15,200.0,51.0,B
2021-06-09T13:55:15,3700.0,51.0,B
2021-06-09T13:55:13,300.0,50.9,S
2021-06-09T13:55:13,100.0,50.9,S
2021-06-09T13:55:10,700.0,50.9,S
2021-06-09T13:55:05,500.0,51.0,B
2021-06-09T13:55:02,2600.0,51.0,B
2021-06-09T13:55:02,900.0,51.0,B
2021-06-09T13:54:59,800.0,51.0,B
2021-06-09T13:54:52,1000.0,51.0,B
2021-06-09T13:54:51,1000.0,51.0,B
2021-06-09T13:54:50,100.0,50.9,S
2021-06-09T13:54:50,200.0,50.9,S
2021-06-09T13:54:49,100.0,50.9,S
2021-06-09T13:54:40,100.0,51.0,B
2021-06-09T13:54:38,10000.0,51.0,B
2021-06-09T13:54:37,100.0,51.0,B
2021-06-09T13:54:30,100.0,51.0,B
2021-06-09T13:54:24,100.0,51.0,B
2021-06-09T13:54:24,3000.0,51.0,B
2021-06-09T13:54:24,1000.0,51.0,B
2021-06-09T13:54:24,3100.0,51.0,B
2021-06-09T13:54:24,2000.0,51.0,B
2021-06-09T13:54:24,200.0,51.0,B
2021-06-09T13:54:22,2000.0,50.9,S
2021-06-09T13:54:20,2000.0,51.0,B
2021-06-09T13:54:16,2300.0,51.0,B
2021-06-09T13:54:13,200.0,51.0,B
2021-06-09T13:54:10,1500.0,51.0,B
2021-06-09T13:54:08,300.0,51.0,B
2021-06-09T13:54:03,100.0,51.0,B
2021-06-09T13:54:03,10000.0,51.0,B
2021-06-09T13:54:02,10200.0,51.0,B
2021-06-09T13:53:59,1700.0,50.9,S
2021-06-09T13:53:56,600.0,51.0,B
2021-06-09T13:53:56,300.0,51.0,B
2021-06-09T13:53:54,3100.0,51.0,B
2021-06-09T13:53:54,1000.0,50.9,S
2021-06-09T13:53:54,100.0,51.0,B
2021-06-09T13:53:52,100.0,51.0,B
2021-06-09T13:53:50,100.0,51.0,B
2021-06-09T13:53:46,200.0,51.0,B
2021-06-09T13:53:43,100.0,51.0,B
2021-06-09T13:53:41,10000.0,51.0,B
2021-06-09T13:53:38,100.0,51.0,B
2021-06-09T13:53:34,200.0,51.0,B
2021-06-09T13:53:34,2000.0,51.0,B
2021-06-09T13:53:32,200.0,51.0,B
2021-06-09T13:53:27,500.0,51.0,B
2021-06-09T13:53:25,5000.0,51.0,B
2021-06-09T13:53:23,200.0,51.0,B
2021-06-09T13:53:06,100.0,51.0,B
2021-06-09T13:53:05,200.0,51.0,B
2021-06-09T13:53:03,100.0,51.0,B
2021-06-09T13:52:58,500.0,51.0,B
2021-06-09T13:52:39,200.0,51.0,B
2021-06-09T13:52:38,200.0,51.0,B
2021-06-09T13:52:37,2000.0,51.0,B
2021-06-09T13:52:33,100.0,51.0,B
2021-06-09T13:52:32,3000.0,51.0,B
2021-06-09T13:52:28,200.0,50.9,S
2021-06-09T13:52:28,100.0,50.9,S
2021-06-09T13:52:25,100.0,51.0,B
2021-06-09T13:52:23,500.0,51.0,B
2021-06-09T13:52:23,200.0,51.0,B
2021-06-09T13:52:21,100.0,50.9,S
2021-06-09T13:52:13,1000.0,51.0,B
2021-06-09T13:52:13,100.0,50.9,S
2021-06-09T13:52:13,1400.0,50.9,S
2021-06-09T13:52:13,1500.0,50.9,S
2021-06-09T13:52:13,1700.0,50.9,S
2021-06-09T13:52:13,900.0,50.9,S
2021-06-09T13:52:13,1000.0,51.0,B
2021-06-09T13:52:13,10100.0,51.0,B
2021-06-09T13:52:08,100.0,51.0,B
2021-06-09T13:52:08,900.0,51.0,B
2021-06-09T13:52:02,10100.0,51.0,B
2021-06-09T13:51:59,2000.0,51.0,B
2021-06-09T13:51:49,10000.0,51.0,B
2021-06-09T13:51:46,100.0,51.0,B
2021-06-09T13:51:45,900.0,51.0,B
2021-06-09T13:51:44,7200.0,51.0,B
2021-06-09T13:51:37,500.0,51.0,B
2021-06-09T13:51:36,100.0,50.9,S
2021-06-09T13:51:36,5000.0,50.9,S
2021-06-09T13:51:34,200.0,51.0,B
2021-06-09T13:51:34,1000.0,51.0,B
2021-06-09T13:51:33,1200.0,51.0,B
2021-06-09T13:51:33,1000.0,50.9,S
2021-06-09T13:51:31,100.0,50.9,S
2021-06-09T13:51:30,200.0,50.9,S
2021-06-09T13:51:27,200.0,51.0,B
2021-06-09T13:51:27,3000.0,51.0,B
2021-06-09T13:51:10,1800.0,51.0,B
2021-06-09T13:51:09,1800.0,51.0,B
2021-06-09T13:51:02,2000.0,50.9,S
2021-06-09T13:51:00,800.0,50.9,S
2021-06-09T13:51:00,10000.0,51.0,B
2021-06-09T13:50:51,10000.0,50.9,S
2021-06-09T13:50:44,100.0,51.0,B
2021-06-09T13:50:41,100.0,51.0,B
2021-06-09T13:50:38,1000.0,51.0,B
2021-06-09T13:50:37,300.0,50.9,S
2021-06-09T13:50:36,5000.0,50.9,S
2021-06-09T13:50:35,7100.0,51.0,B
2021-06-09T13:50:35,2000.0,51.0,B
2021-06-09T13:50:35,6900.0,51.0,B
2021-06-09T13:50:33,800.0,51.0,B
2021-06-09T13:50:33,3700.0,51.0,B
2021-06-09T13:50:33,900.0,51.0,B
2021-06-09T13:50:33,1000.0,51.0,B
2021-06-09T13:50:33,1100.0,51.0,B
2021-06-09T13:50:33,2400.0,51.0,B
2021-06-09T13:50:33,6300.0,51.0,B
2021-06-09T13:50:33,1200.0,51.0,B
2021-06-09T13:50:33,12600.0,51.0,B
2021-06-09T13:50:31,300.0,51.0,B
2021-06-09T13:50:31,200.0,51.0,B
2021-06-09T13:50:30,10200.0,51.0,B
2021-06-09T13:50:30,2400.0,51.0,B
2021-06-09T13:50:28,1000.0,51.0,B
2021-06-09T13:50:28,2700.0,51.0,B
2021-06-09T13:50:28,1500.0,51.0,B
2021-06-09T13:50:27,4400.0,51.0,B
2021-06-09T13:50:27,1600.0,51.0,B
2021-06-09T13:50:27,5700.0,51.0,B
2021-06-09T13:50:27,5400.0,51.0,B
2021-06-09T13:50:27,1300.0,51.0,B
2021-06-09T13:50:27,2700.0,51.0,B
2021-06-09T13:50:27,13700.0,50.9,S
2021-06-09T13:50:22,3500.0,50.9,S
2021-06-09T13:50:22,4000.0,50.9,S
2021-06-09T13:50:22,1300.0,50.9,S
2021-06-09T13:50:22,1900.0,50.9,S
2021-06-09T13:50:22,1300.0,50.9,S
2021-06-09T13:50:21,400.0,50.9,S
2021-06-09T13:50:21,5000.0,50.9,S
2021-06-09T13:50:20,5000.0,50.9,S
2021-06-09T13:50:11,100.0,51.0,B
2021-06-09T13:50:10,200.0,51.0,B
2021-06-09T13:50:03,400.0,51.0,B
2021-06-09T13:50:03,600.0,51.0,B
2021-06-09T13:50:00,100.0,51.0,B
2021-06-09T13:49:57,5000.0,51.0,B
2021-06-09T13:49:56,100.0,51.0,B
2021-06-09T13:49:56,100.0,51.0,B
2021-06-09T13:49:54,200.0,51.0,B
2021-06-09T13:49:52,2000.0,51.0,B
2021-06-09T13:49:50,200.0,50.9,S
2021-06-09T13:49:46,100.0,50.9,S
2021-06-09T13:49:31,100.0,50.9,S
2021-06-09T13:49:25,300.0,51.0,B
2021-06-09T13:49:24,5700.0,50.9,S
2021-06-09T13:49:23,8100.0,50.9,S
2021-06-09T13:49:21,300.0,51.0,B
2021-06-09T13:49:19,500.0,51.0,B
2021-06-09T13:49:15,4000.0,51.0,B
2021-06-09T13:49:11,900.0,51.0,B
2021-06-09T13:49:11,800.0,51.0,B
2021-06-09T13:49:05,5800.0,50.9,S
2021-06-09T13:49:05,1300.0,50.9,S
2021-06-09T13:49:02,700.0,51.0,B
2021-06-09T13:49:02,100.0,51.0,B
2021-06-09T13:49:00,6500.0,51.0,B
2021-06-09T13:48:57,300.0,51.0,B
2021-06-09T13:48:55,6000.0,51.0,B
2021-06-09T13:48:53,500.0,51.0,B
2021-06-09T13:48:47,50000.0,51.0,B
2021-06-09T13:48:44,100.0,50.9,S
2021-06-09T13:48:42,2000.0,51.0,B
2021-06-09T13:48:39,700.0,51.0,B
2021-06-09T13:48:39,4000.0,51.0,B
2021-06-09T13:48:39,3000.0,51.0,B
2021-06-09T13:48:39,3100.0,51.0,B
2021-06-09T13:48:38,100.0,50.9,S
2021-06-09T13:48:36,100.0,51.0,B
2021-06-09T13:48:33,2000.0,51.0,B
2021-06-09T13:48:23,400.0,51.0,B
2021-06-09T13:48:21,200.0,51.0,B
2021-06-09T13:48:18,300.0,51.0,B
2021-06-09T13:47:52,1000.0,51.0,B
2021-06-09T13:47:47,500.0,51.0,B
2021-06-09T13:47:46,500.0,51.0,B
2021-06-09T13:47:41,4000.0,51.0,B
2021-06-09T13:47:35,200.0,51.0,B
2021-06-09T13:47:32,1000.0,51.0,B
2021-06-09T13:47:29,2000.0,51.0,B
2021-06-09T13:47:20,200.0,51.0,B
2021-06-09T13:47:16,300.0,51.0,B
2021-06-09T13:47:14,100.0,51.0,B
2021-06-09T13:47:11,3400.0,50.8,S
2021-06-09T13:47:10,500.0,50.9,B
2021-06-09T13:47:05,100.0,50.9,B
2021-06-09T13:47:05,100.0,50.9,B
2021-06-09T13:47:04,1000.0,50.9,B
2021-06-09T13:47:02,400.0,50.9,B
2021-06-09T13:46:56,10200.0,51.0,B
2021-06-09T13:46:54,1000.0,50.9,B
2021-06-09T13:46:40,5000.0,50.9,B
2021-06-09T13:46:33,1000.0,51.0,B
2021-06-09T13:46:31,1000.0,51.0,B
2021-06-09T13:46:25,200.0,51.0,B
2021-06-09T13:46:21,1000.0,51.0,B
2021-06-09T13:46:19,200.0,50.9,B
2021-06-09T13:46:15,2200.0,50.9,B
2021-06-09T13:46:15,6800.0,50.9,B
2021-06-09T13:46:13,600.0,50.9,B
2021-06-09T13:46:06,600.0,50.9,B
2021-06-09T13:46:05,200.0,50.9,B
2021-06-09T13:46:03,1600.0,50.9,B
2021-06-09T13:46:03,1000.0,50.9,B
2021-06-09T13:46:03,200.0,50.9,B
2021-06-09T13:46:02,2200.0,50.9,B
2021-06-09T13:45:59,100.0,50.9,B
2021-06-09T13:45:59,200.0,50.9,B
2021-06-09T13:45:56,100.0,50.8,S
2021-06-09T13:45:56,500.0,50.9,B
2021-06-09T13:45:53,300.0,50.9,B
2021-06-09T13:45:52,900.0,50.9,B
2021-06-09T13:45:48,300.0,50.9,B
2021-06-09T13:45:43,100.0,50.9,B
2021-06-09T13:45:40,200.0,50.9,B
2021-06-09T13:45:40,200.0,50.9,B
2021-06-09T13:45:40,500.0,50.9,B
2021-06-09T13:45:40,300.0,50.9,B
2021-06-09T13:45:40,1000.0,50.9,B
2021-06-09T13:45:32,100.0,50.9,B
2021-06-09T13:45:32,1000.0,50.9,B
2021-06-09T13:45:32,3900.0,50.9,B
2021-06-09T13:45:28,100.0,50.9,B
2021-06-09T13:45:27,1000.0,50.8,S
2021-06-09T13:45:24,2000.0,50.9,B
2021-06-09T13:45:21,300.0,50.9,B
2021-06-09T13:45:16,100.0,50.9,B
2021-06-09T13:45:14,3000.0,50.9,B
2021-06-09T13:45:10,1500.0,50.8,S
2021-06-09T13:45:10,200.0,50.9,B
2021-06-09T13:45:07,1300.0,50.9,B
2021-06-09T13:45:07,8900.0,50.9,B
2021-06-09T13:45:06,1000.0,50.9,B
2021-06-09T13:45:05,2000.0,50.9,B
2021-06-09T13:45:02,4900.0,50.9,B
2021-06-09T13:44:54,3800.0,50.9,B
2021-06-09T13:44:54,5000.0,50.9,B
2021-06-09T13:44:54,500.0,50.9,B
2021-06-09T13:44:54,300.0,50.9,B
2021-06-09T13:44:54,500.0,50.9,B
2021-06-09T13:44:54,500.0,50.9,B
2021-06-09T13:44:54,39400.0,50.9,B
2021-06-09T13:44:52,4000.0,50.9,B
2021-06-09T13:44:48,100.0,50.8,S
2021-06-09T13:44:28,300.0,50.9,B
2021-06-09T13:44:26,5000.0,50.8,S
2021-06-09T13:44:22,1000.0,50.9,B
2021-06-09T13:44:22,1000.0,50.9,B
2021-06-09T13:44:22,500.0,50.8,S
2021-06-09T13:44:19,10000.0,50.8,S
2021-06-09T13:44:15,2300.0,50.8,S
2021-06-09T13:44:13,200.0,50.9,B
2021-06-09T13:44:13,200.0,50.8,S
2021-06-09T13:44:12,100.0,50.8,S
2021-06-09T13:44:08,200.0,50.9,B
2021-06-09T13:44:06,10000.0,50.8,S
2021-06-09T13:44:04,900.0,50.8,S
2021-06-09T13:44:03,1100.0,50.8,S
2021-06-09T13:43:59,2100.0,50.8,S
2021-06-09T13:43:53,1800.0,50.7,S
2021-06-09T13:43:53,1100.0,50.8,B
2021-06-09T13:43:52,500.0,50.8,B
2021-06-09T13:43:51,700.0,50.8,B
2021-06-09T13:43:50,8300.0,50.8,B
2021-06-09T13:43:48,300.0,50.8,B
2021-06-09T13:43:48,2000.0,50.8,B
2021-06-09T13:43:48,2300.0,50.8,B
2021-06-09T13:43:48,15000.0,50.8,B
2021-06-09T13:43:47,40700.0,50.8,B
2021-06-09T13:43:45,1000.0,50.8,B
2021-06-09T13:43:44,2000.0,50.8,B
2021-06-09T13:43:40,100.0,50.8,B
2021-06-09T13:43:39,400.0,50.7,S
2021-06-09T13:43:36,100.0,50.8,B
2021-06-09T13:43:31,300.0,50.7,S
2021-06-09T13:43:31,500.0,50.8,B
2021-06-09T13:43:31,200.0,50.8,B
2021-06-09T13:43:30,1800.0,50.8,B
2021-06-09T13:43:28,500.0,50.8,B
2021-06-09T13:43:20,10100.0,50.8,B
2021-06-09T13:43:19,500.0,50.8,B
2021-06-09T13:43:10,1000.0,50.8,B
2021-06-09T13:43:10,100.0,50.8,B
2021-06-09T13:43:07,2000.0,50.8,B
2021-06-09T13:43:07,500.0,50.8,B
2021-06-09T13:43:07,200.0,50.8,B
2021-06-09T13:43:07,200.0,50.8,B
2021-06-09T13:43:07,5000.0,50.8,B
2021-06-09T13:43:02,3000.0,50.8,B
2021-06-09T13:43:01,2000.0,50.8,B
2021-06-09T13:42:56,2000.0,50.7,S
2021-06-09T13:42:53,3000.0,50.7,S
2021-06-09T13:42:51,200.0,50.8,B
2021-06-09T13:42:51,10000.0,50.7,S
2021-06-09T13:42:50,100.0,50.8,B
2021-06-09T13:42:41,2000.0,50.8,B
2021-06-09T13:42:36,4000.0,50.8,B
2021-06-09T13:42:36,1000.0,50.8,B
2021-06-09T13:42:36,500.0,50.8,B
2021-06-09T13:42:32,1000.0,50.8,B
2021-06-09T13:42:21,1500.0,50.7,S
2021-06-09T13:42:18,700.0,50.8,B
2021-06-09T13:42:12,3900.0,50.7,S
2021-06-09T13:42:07,1000.0,50.8,B
2021-06-09T13:42:03,200.0,50.8,B
2021-06-09T13:42:00,300.0,50.8,B
2021-06-09T13:41:55,2000.0,50.8,B
2021-06-09T13:41:52,2000.0,50.8,B
2021-06-09T13:41:51,200.0,50.8,B
2021-06-09T13:41:41,3300.0,50.8,B
2021-06-09T13:41:40,500.0,50.8,B
2021-06-09T13:41:36,200.0,50.8,B
2021-06-09T13:41:36,10200.0,50.8,B
2021-06-09T13:41:36,300.0,50.8,B
2021-06-09T13:41:31,1000.0,50.8,B
2021-06-09T13:41:29,3000.0,50.8,B
2021-06-09T13:41:27,1000.0,50.8,B
2021-06-09T13:41:27,100.0,50.8,B
2021-06-09T13:41:26,100.0,50.8,B
2021-06-09T13:41:24,12000.0,50.8,B
2021-06-09T13:41:18,100.0,50.7,S
2021-06-09T13:41:18,200.0,50.7,S
2021-06-09T13:41:17,200.0,50.8,B
2021-06-09T13:41:17,5000.0,50.8,B
2021-06-09T13:41:15,200.0,50.8,B
2021-06-09T13:41:04,200.0,50.8,B
2021-06-09T13:41:02,10000.0,50.8,B
2021-06-09T13:40:57,100.0,50.8,B
2021-06-09T13:40:55,200.0,50.8,B
2021-06-09T13:40:43,6000.0,50.8,B
2021-06-09T13:40:36,500.0,50.8,B
2021-06-09T13:40:34,500.0,50.8,B
2021-06-09T13:40:30,700.0,50.7,S
2021-06-09T13:40:30,2000.0,50.8,B
2021-06-09T13:40:27,500.0,50.8,B
2021-06-09T13:40:26,100.0,50.7,S
2021-06-09T13:40:23,200.0,50.8,B
2021-06-09T13:40:22,200.0,50.8,B
2021-06-09T13:40:18,2000.0,50.8,B
2021-06-09T13:40:17,10000.0,50.8,B
2021-06-09T13:40:17,3000.0,50.7,S
2021-06-09T13:40:11,100.0,50.8,B
2021-06-09T13:40:03,200.0,50.8,B
2021-06-09T13:40:01,500.0,50.8,B
2021-06-09T13:40:00,700.0,50.8,B
2021-06-09T13:39:53,3000.0,50.8,B
2021-06-09T13:39:51,200.0,50.8,B
2021-06-09T13:39:50,4000.0,50.8,B
2021-06-09T13:39:50,6100.0,50.8,B
2021-06-09T13:39:45,2900.0,50.7,B
2021-06-09T13:39:45,2100.0,50.7,B
2021-06-09T13:39:41,300.0,50.8,B
2021-06-09T13:39:39,700.0,50.7,B
2021-06-09T13:39:32,1500.0,50.7,B
2021-06-09T13:39:27,500.0,50.7,B
2021-06-09T13:39:26,4000.0,50.7,B
2021-06-09T13:39:20,1500.0,50.8,B
2021-06-09T13:39:13,1600.0,50.7,B
2021-06-09T13:39:13,400.0,50.6,S
2021-06-09T13:39:11,3000.0,50.7,B
2021-06-09T13:39:06,200.0,50.7,B
2021-06-09T13:39:02,200.0,50.7,B
2021-06-09T13:38:56,100.0,50.7,B
2021-06-09T13:38:50,500.0,50.6,S
2021-06-09T13:38:49,200.0,50.7,B
2021-06-09T13:38:48,1000.0,50.8,B
2021-06-09T13:38:46,100.0,50.8,B
2021-06-09T13:38:41,14100.0,50.6,S
2021-06-09T13:38:41,1000.0,50.6,S
2021-06-09T13:38:41,700.0,50.6,S
2021-06-09T13:38:41,300.0,50.6,S
2021-06-09T13:38:41,300.0,50.6,S
2021-06-09T13:38:41,7900.0,50.6,S
2021-06-09T13:38:39,400.0,50.8,B
2021-06-09T13:38:39,600.0,50.8,B
2021-06-09T13:38:39,9400.0,50.8,B
2021-06-09T13:38:37,400.0,50.7,B
2021-06-09T13:38:31,100.0,50.7,B
2021-06-09T13:38:29,100.0,50.6,S
2021-06-09T13:38:29,1000.0,50.7,B
2021-06-09T13:38:25,1000.0,50.7,B
2021-06-09T13:38:19,300.0,50.8,B
2021-06-09T13:38:15,2100.0,50.6,S
2021-06-09T13:38:15,2000.0,50.6,S
2021-06-09T13:38:15,400.0,50.6,S
2021-06-09T13:38:15,1200.0,50.6,S
2021-06-09T13:38:15,14300.0,50.6,S
2021-06-09T13:38:13,1000.0,50.7,B
2021-06-09T13:38:11,800.0,50.8,B
2021-06-09T13:38:11,1200.0,50.8,B
2021-06-09T13:38:05,2800.0,50.8,B
2021-06-09T13:38:05,800.0,50.8,B
2021-06-09T13:38:05,1200.0,50.8,B
2021-06-09T13:38:04,2000.0,50.7,B
2021-06-09T13:38:04,3400.0,50.7,B
2021-06-09T13:38:04,200.0,50.7,B
2021-06-09T13:38:00,500.0,50.7,B
2021-06-09T13:38:00,1400.0,50.7,B
2021-06-09T13:37:55,200.0,50.7,B
2021-06-09T13:37:49,500.0,50.7,B
2021-06-09T13:37:42,600.0,50.6,S
2021-06-09T13:37:42,400.0,50.6,S
2021-06-09T13:37:40,200.0,50.7,B
2021-06-09T13:37:37,200.0,50.7,B
2021-06-09T13:37:32,100.0,50.6,S
2021-06-09T13:37:23,100.0,50.6,S
2021-06-09T13:37:21,2500.0,50.6,B
2021-06-09T13:37:20,2400.0,50.6,B
2021-06-09T13:37:20,100.0,50.6,B
2021-06-09T13:37:20,3500.0,50.6,B
2021-06-09T13:37:00,15000.0,50.6,B
2021-06-09T13:36:59,200.0,50.7,B
2021-06-09T13:36:44,1500.0,50.6,B
2021-06-09T13:36:44,100.0,50.7,B
2021-06-09T13:36:43,100.0,50.6,B
2021-06-09T13:36:37,200.0,50.7,B
2021-06-09T13:36:24,20000.0,50.6,B
2021-06-09T13:36:24,1000.0,50.6,B
2021-06-09T13:36:17,3800.0,50.8,B
2021-06-09T13:36:17,2700.0,50.8,B
2021-06-09T13:36:17,3600.0,50.7,B
2021-06-09T13:36:09,200.0,50.7,B
2021-06-09T13:36:08,500.0,50.6,B
2021-06-09T13:36:03,300.0,50.6,B
2021-06-09T13:36:00,100.0,50.7,B
2021-06-09T13:35:48,100.0,50.7,B
2021-06-09T13:35:46,2400.0,50.6,B
2021-06-09T13:35:45,200.0,50.7,B
2021-06-09T13:35:43,10000.0,50.6,B
2021-06-09T13:35:43,1000.0,50.7,B
2021-06-09T13:35:41,500.0,50.6,B
2021-06-09T13:35:40,500.0,50.6,B
2021-06-09T13:35:38,200.0,50.6,B
2021-06-09T13:35:37,100.0,50.6,B
2021-06-09T13:35:35,2000.0,50.7,B
2021-06-09T13:35:28,2400.0,50.6,B
2021-06-09T13:35:25,1500.0,50.6,B
2021-06-09T13:35:21,300.0,50.7,B
2021-06-09T13:35:20,6000.0,50.6,B
2021-06-09T13:35:13,2400.0,50.6,B
2021-06-09T13:35:11,200.0,50.6,B
2021-06-09T13:35:11,2100.0,50.6,B
2021-06-09T13:35:11,100.0,50.6,B
2021-06-09T13:34:51,200.0,50.6,B
2021-06-09T13:34:46,1500.0,50.5,S
2021-06-09T13:34:45,100.0,50.6,B
2021-06-09T13:34:42,4200.0,50.5,S
2021-06-09T13:34:42,5800.0,50.5,S
2021-06-09T13:34:42,1000.0,50.6,B
2021-06-09T13:34:40,2800.0,50.5,S
2021-06-09T13:34:40,1300.0,50.5,S
2021-06-09T13:34:40,2000.0,50.5,S
2021-06-09T13:34:40,1400.0,50.5,S
2021-06-09T13:34:38,2000.0,50.6,B
2021-06-09T13:34:38,2000.0,50.6,B
2021-06-09T13:34:35,400.0,50.7,B
2021-06-09T13:34:32,1000.0,50.5,S
2021-06-09T13:34:32,500.0,50.6,B
2021-06-09T13:34:31,4300.0,50.7,B
2021-06-09T13:34:31,2000.0,50.7,B
2021-06-09T13:34:31,3900.0,50.7,B
2021-06-09T13:34:30,300.0,50.7,B
2021-06-09T13:34:28,6600.0,50.6,B
2021-06-09T13:34:27,100.0,50.6,B
2021-06-09T13:34:21,5200.0,50.6,B
2021-06-09T13:34:18,100.0,50.6,B
2021-06-09T13:34:15,2000.0,50.6,B
2021-06-09T13:34:11,500.0,50.6,B
2021-06-09T13:34:10,600.0,50.5,S
2021-06-09T13:34:10,400.0,50.5,S
2021-06-09T13:34:10,500.0,50.5,S
2021-06-09T13:34:09,100.0,50.6,B
2021-06-09T13:34:05,100.0,50.6,B
2021-06-09T13:33:57,100.0,50.6,B
2021-06-09T13:33:54,800.0,50.6,B
2021-06-09T13:33:52,500.0,50.6,B
2021-06-09T13:33:45,2500.0,50.6,S
2021-06-09T13:33:45,9400.0,50.6,S
2021-06-09T13:33:45,800.0,50.7,S
2021-06-09T13:33:43,500.0,50.7,S
2021-06-09T13:33:43,1200.0,50.7,S
2021-06-09T13:33:38,700.0,50.7,S
2021-06-09T13:33:36,100.0,50.7,S
2021-06-09T13:33:35,500.0,50.7,S
2021-06-09T13:33:35,600.0,50.7,S
2021-06-09T13:33:32,300.0,50.7,S
2021-06-09T13:33:26,200.0,50.7,S
2021-06-09T13:33:22,100.0,50.7,S
2021-06-09T13:33:22,1000.0,50.7,S
2021-06-09T13:33:20,100.0,50.7,S
2021-06-09T13:33:19,200.0,50.7,S
2021-06-09T13:33:19,500.0,50.7,S
2021-06-09T13:33:17,100.0,50.7,S
2021-06-09T13:33:16,100.0,50.7,S
2021-06-09T13:33:16,200.0,50.7,S
2021-06-09T13:33:16,1000.0,50.7,S
2021-06-09T13:33:16,1100.0,50.7,S
2021-06-09T13:33:03,200.0,50.8,B
2021-06-09T13:33:01,100.0,50.7,S
2021-06-09T13:32:59,200.0,50.8,B
2021-06-09T13:32:58,200.0,50.7,S
2021-06-09T13:32:51,500.0,50.8,B
2021-06-09T13:32:48,2500.0,50.7,S
2021-06-09T13:32:48,600.0,50.7,S
2021-06-09T13:32:48,2600.0,50.7,S
2021-06-09T13:32:48,1500.0,50.7,S
2021-06-09T13:32:48,2800.0,50.7,S
2021-06-09T13:32:46,1100.0,50.8,B
2021-06-09T13:32:46,100.0,50.8,B
2021-06-09T13:32:46,9000.0,50.8,B
2021-06-09T13:32:45,2100.0,50.8,B
2021-06-09T13:32:40,500.0,50.7,S
2021-06-09T13:32:39,200.0,50.8,B
2021-06-09T13:32:34,500.0,50.7,S
2021-06-09T13:32:32,2000.0,50.8,B
2021-06-09T13:32:32,300.0,50.8,B
2021-06-09T13:32:25,200.0,50.8,B
2021-06-09T13:32:24,100.0,50.8,B
2021-06-09T13:32:24,2300.0,50.7,S
2021-06-09T13:32:22,3400.0,50.7,S
2021-06-09T13:32:22,1000.0,50.7,S
2021-06-09T13:32:22,200.0,50.7,S
2021-06-09T13:32:22,100.0,50.7,S
2021-06-09T13:32:17,500.0,50.7,S
2021-06-09T13:32:12,800.0,50.7,S
2021-06-09T13:32:12,3000.0,50.8,B
2021-06-09T13:32:12,7000.0,50.8,B
2021-06-09T13:32:04,3100.0,50.7,S
2021-06-09T13:32:02,500.0,50.7,S
2021-06-09T13:32:01,100.0,50.8,B
2021-06-09T13:31:56,500.0,50.7,S
2021-06-09T13:31:56,100.0,50.7,S
2021-06-09T13:31:53,2500.0,50.7,S
2021-06-09T13:31:53,2100.0,50.7,S
2021-06-09T13:31:53,600.0,50.7,S
2021-06-09T13:31:53,500.0,50.7,S
2021-06-09T13:31:53,600.0,50.7,S
2021-06-09T13:31:53,3700.0,50.7,S
2021-06-09T13:31:51,1000.0,50.8,B
2021-06-09T13:31:47,200.0,50.8,B
2021-06-09T13:31:46,200.0,50.8,B
2021-06-09T13:31:43,1000.0,50.8,B
2021-06-09T13:31:36,1000.0,50.7,S
2021-06-09T13:31:31,1000.0,50.8,B
2021-06-09T13:31:30,4700.0,50.8,B
2021-06-09T13:31:29,200.0,50.8,B
2021-06-09T13:31:28,200.0,50.7,S
2021-06-09T13:31:27,100.0,50.8,B
2021-06-09T13:31:23,300.0,50.8,B
2021-06-09T13:31:12,100.0,50.8,B
2021-06-09T13:31:01,200.0,50.8,B
2021-06-09T13:31:00,10100.0,50.8,B
2021-06-09T13:30:55,100.0,50.8,B
2021-06-09T13:30:53,100.0,50.8,B
2021-06-09T13:30:51,300.0,50.7,S
2021-06-09T13:30:47,100.0,50.7,S
2021-06-09T13:30:43,1000.0,50.7,S
2021-06-09T13:30:43,500.0,50.7,S
2021-06-09T13:30:33,1000.0,50.8,B
2021-06-09T13:30:33,2100.0,50.8,B
2021-06-09T13:30:31,200.0,50.8,B
2021-06-09T13:30:30,400.0,50.8,B
2021-06-09T13:30:23,300.0,50.7,S
2021-06-09T13:30:16,400.0,50.8,B
2021-06-09T13:30:09,200.0,50.7,S
2021-06-09T13:30:08,1000.0,50.8,B
2021-06-09T13:30:08,2000.0,50.7,S
2021-06-09T13:30:07,1000.0,50.8,B
2021-06-09T13:30:00,1000.0,50.8,B
2021-06-09T13:30:00,100.0,50.8,B
2021-06-09T13:29:59,1000.0,50.8,B
2021-06-09T13:29:58,200.0,50.8,B
2021-06-09T13:29:58,1700.0,50.8,B
2021-06-09T13:29:57,500.0,50.8,B
2021-06-09T13:29:57,100.0,50.8,B
2021-06-09T13:29:56,3600.0,50.8,B
2021-06-09T13:29:52,800.0,50.8,B
2021-06-09T13:29:52,500.0,50.8,B
2021-06-09T13:29:50,1000.0,50.7,S
2021-06-09T13:29:48,1400.0,50.8,B
2021-06-09T13:29:47,4000.0,50.8,B
2021-06-09T13:29:45,1600.0,50.8,B
2021-06-09T13:29:44,5000.0,50.8,B
2021-06-09T13:29:43,1000.0,50.8,B
2021-06-09T13:29:38,2900.0,50.8,B
2021-06-09T13:29:35,7200.0,50.8,B
2021-06-09T13:29:35,200.0,50.8,B
2021-06-09T13:29:35,2600.0,50.8,B
2021-06-09T13:29:32,100.0,50.7,S
2021-06-09T13:29:32,300.0,50.7,S
2021-06-09T13:29:30,500.0,50.8,B
2021-06-09T13:29:17,400.0,50.8,B
2021-06-09T13:29:16,200.0,50.8,B
2021-06-09T13:29:14,10200.0,50.8,B
2021-06-09T13:29:14,100.0,50.8,B
2021-06-09T13:29:04,100.0,50.7,S
2021-06-09T13:29:03,200.0,50.7,S
2021-06-09T13:29:03,1000.0,50.7,S
2021-06-09T13:29:01,500.0,50.8,B
2021-06-09T13:29:00,1000.0,50.8,B
2021-06-09T13:28:59,500.0,50.7,S
2021-06-09T13:28:59,500.0,50.8,B
2021-06-09T13:28:55,500.0,50.7,S
2021-06-09T13:28:50,1500.0,50.7,S
2021-06-09T13:28:49,100.0,50.8,S
2021-06-09T13:28:44,100.0,50.8,S
2021-06-09T13:28:44,6000.0,50.8,S
2021-06-09T13:28:40,100.0,50.8,S
2021-06-09T13:28:40,31200.0,50.8,S
2021-06-09T13:28:39,500.0,50.8,S
2021-06-09T13:28:38,500.0,50.8,S
2021-06-09T13:28:28,1600.0,50.8,S
2021-06-09T13:28:27,9200.0,50.8,S
2021-06-09T13:28:26,300.0,50.9,B
2021-06-09T13:28:26,400.0,50.8,S
2021-06-09T13:28:23,3000.0,50.9,B
2021-06-09T13:28:19,2000.0,50.8,S
2021-06-09T13:28:16,1000.0,50.9,B
2021-06-09T13:28:14,300.0,50.9,B
2021-06-09T13:28:13,300.0,50.9,B
2021-06-09T13:28:12,500.0,50.8,S
2021-06-09T13:28:12,100.0,50.9,B
2021-06-09T13:28:10,1100.0,50.9,B
2021-06-09T13:27:58,2000.0,50.9,B
2021-06-09T13:27:57,3500.0,50.9,B
2021-06-09T13:27:57,6000.0,50.9,B
2021-06-09T13:27:56,400.0,50.8,S
2021-06-09T13:27:55,400.0,50.9,B
2021-06-09T13:27:54,1100.0,50.9,B
2021-06-09T13:27:51,400.0,50.7,S
2021-06-09T13:27:50,1000.0,50.9,B
2021-06-09T13:27:50,2000.0,50.9,B
2021-06-09T13:27:49,500.0,50.9,B
2021-06-09T13:27:48,6700.0,50.7,S
2021-06-09T13:27:38,100.0,50.9,B
2021-06-09T13:27:33,1000.0,50.8,S
2021-06-09T13:27:31,200.0,50.9,B
2021-06-09T13:27:31,2800.0,50.9,B
2021-06-09T13:27:31,5000.0,50.9,B
2021-06-09T13:27:31,2300.0,50.9,B
2021-06-09T13:27:30,1900.0,50.9,B
2021-06-09T13:27:25,200.0,50.9,B
2021-06-09T13:27:25,4000.0,50.8,S
2021-06-09T13:27:19,3900.0,50.9,B
2021-06-09T13:27:18,1100.0,50.9,B
2021-06-09T13:27:09,200.0,50.9,B
2021-06-09T13:27:04,200.0,50.9,B
2021-06-09T13:27:01,400.0,50.9,B
2021-06-09T13:26:59,800.0,50.9,B
2021-06-09T13:26:54,400.0,50.8,B
2021-06-09T13:26:53,600.0,50.8,B
2021-06-09T13:26:53,600.0,50.9,B
2021-06-09T13:26:52,100.0,50.8,B
2021-06-09T13:26:51,500.0,50.9,B
2021-06-09T13:26:49,400.0,50.9,B
2021-06-09T13:26:41,3100.0,50.9,B
2021-06-09T13:26:40,2700.0,50.9,B
2021-06-09T13:26:34,600.0,50.9,B
2021-06-09T13:26:31,1000.0,50.7,S
2021-06-09T13:26:31,200.0,50.8,B
2021-06-09T13:26:30,100.0,50.8,B
2021-06-09T13:26:29,500.0,50.8,B
2021-06-09T13:26:23,100.0,50.9,B
2021-06-09T13:26:16,5000.0,50.9,B
2021-06-09T13:26:16,1000.0,50.8,B
2021-06-09T13:26:14,1000.0,50.8,B
2021-06-09T13:26:11,1000.0,50.8,B
2021-06-09T13:26:10,1000.0,50.7,S
2021-06-09T13:26:07,1000.0,50.8,B
2021-06-09T13:26:06,500.0,50.8,B
2021-06-09T13:26:04,3500.0,50.8,B
2021-06-09T13:26:04,200.0,50.8,B
2021-06-09T13:26:03,400.0,50.8,B
2021-06-09T13:26:01,1000.0,50.7,S
2021-06-09T13:26:01,100.0,50.8,B
2021-06-09T13:25:56,100.0,50.8,B
2021-06-09T13:25:54,100.0,50.8,B
2021-06-09T13:25:53,2300.0,50.8,B
2021-06-09T13:25:52,3000.0,50.8,B
2021-06-09T13:25:48,800.0,50.8,B
2021-06-09T13:25:48,500.0,50.8,B
2021-06-09T13:25:43,10200.0,50.9,B
2021-06-09T13:25:40,200.0,50.8,B
2021-06-09T13:25:38,300.0,50.8,B
2021-06-09T13:25:38,1700.0,50.8,B
2021-06-09T13:25:36,500.0,50.8,B
2021-06-09T13:25:28,1000.0,50.8,B
2021-06-09T13:25:23,100.0,50.7,B
2021-06-09T13:25:20,200.0,50.8,B
2021-06-09T13:25:20,500.0,50.7,B
2021-06-09T13:25:20,1000.0,50.8,B
2021-06-09T13:25:18,500.0,50.8,B
2021-06-09T13:25:17,200.0,50.8,B
2021-06-09T13:25:14,100.0,50.8,B
2021-06-09T13:25:13,600.0,50.8,B
2021-06-09T13:25:12,500.0,50.8,B
2021-06-09T13:25:10,4000.0,50.7,B
2021-06-09T13:25:09,10000.0,50.7,B
2021-06-09T13:25:09,1000.0,50.7,B
2021-06-09T13:25:06,1000.0,50.7,B
2021-06-09T13:25:05,300.0,50.7,B
2021-06-09T13:25:03,500.0,50.8,B
2021-06-09T13:25:02,200.0,50.8,B
2021-06-09T13:25:01,200.0,50.7,B
2021-06-09T13:25:00,10000.0,50.7,B
2021-06-09T13:24:50,3600.0,50.8,B
2021-06-09T13:24:50,300.0,50.7,B
2021-06-09T13:24:49,10000.0,50.7,B
2021-06-09T13:24:49,10000.0,50.7,B
2021-06-09T13:24:45,100.0,50.6,B
2021-06-09T13:24:40,1000.0,50.8,B
2021-06-09T13:24:36,2000.0,50.8,B
2021-06-09T13:24:35,400.0,50.6,B
2021-06-09T13:24:32,1100.0,50.7,B
2021-06-09T13:24:28,500.0,50.7,B
2021-06-09T13:24:25,200.0,50.8,B
2021-06-09T13:24:23,100.0,50.7,B
2021-06-09T13:24:22,500.0,50.7,B
2021-06-09T13:24:22,8000.0,50.7,B
2021-06-09T13:24:16,500.0,50.5,B
2021-06-09T13:24:14,100.0,50.5,B
2021-06-09T13:24:10,100.0,50.5,B
2021-06-09T13:24:10,600.0,50.5,B
2021-06-09T13:24:10,8500.0,50.5,B
2021-06-09T13:24:10,2200.0,50.5,B
2021-06-09T13:24:09,4200.0,50.5,B
2021-06-09T13:24:09,1700.0,50.5,B
2021-06-09T13:24:09,2500.0,50.4,S
2021-06-09T13:24:08,200.0,50.4,S
2021-06-09T13:24:05,300.0,50.5,B
2021-06-09T13:24:04,100.0,50.5,B
2021-06-09T13:24:04,5000.0,50.5,B
2021-06-09T13:24:02,10200.0,50.5,B
2021-06-09T13:24:00,100.0,50.5,B
2021-06-09T13:24:00,400.0,50.5,B
2021-06-09T13:23:57,5000.0,50.4,S
2021-06-09T13:23:55,1000.0,50.5,B
2021-06-09T13:23:54,300.0,50.5,B
2021-06-09T13:23:52,2000.0,50.5,B
2021-06-09T13:23:47,500.0,50.5,B
2021-06-09T13:23:38,3000.0,50.5,B
2021-06-09T13:23:30,500.0,50.4,B
2021-06-09T13:23:28,2000.0,50.5,B
2021-06-09T13:23:27,1500.0,50.5,B
2021-06-09T13:23:26,500.0,50.5,B
2021-06-09T13:23:17,700.0,50.5,B
2021-06-09T13:23:11,200.0,50.5,B
2021-06-09T13:23:03,5000.0,50.5,B
2021-06-09T13:23:01,400.0,50.5,B
2021-06-09T13:22:56,300.0,50.5,B
2021-06-09T13:22:50,1000.0,50.4,B
2021-06-09T13:22:48,2000.0,50.4,B
2021-06-09T13:22:44,8500.0,50.5,B
2021-06-09T13:22:44,1100.0,50.5,B
2021-06-09T13:22:44,10900.0,50.5,B
2021-06-09T13:22:44,22900.0,50.5,B
2021-06-09T13:22:44,1900.0,50.5,B
2021-06-09T13:22:44,2900.0,50.5,B
2021-06-09T13:22:44,1800.0,50.5,B
2021-06-09T13:22:44,800.0,50.4,B
2021-06-09T13:22:44,10100.0,50.4,B
2021-06-09T13:22:43,1400.0,50.4,B
2021-06-09T13:22:43,2200.0,50.3,B
2021-06-09T13:22:43,1400.0,50.3,B
2021-06-09T13:22:43,3000.0,50.3,B
2021-06-09T13:22:43,1100.0,50.2,B
2021-06-09T13:22:43,3100.0,50.2,B
2021-06-09T13:22:43,1100.0,50.2,B
2021-06-09T13:22:41,300.0,50.2,B
2021-06-09T13:22:38,800.0,50.2,B
2021-06-09T13:22:32,500.0,50.2,B
2021-06-09T13:22:31,1000.0,50.2,B
2021-06-09T13:22:30,8000.0,50.2,B
2021-06-09T13:22:25,100.0,50.2,B
2021-06-09T13:22:25,100.0,50.2,B
2021-06-09T13:22:24,500.0,50.2,B
2021-06-09T13:22:22,100.0,50.0,B
2021-06-09T13:22:21,1000.0,50.2,B
2021-06-09T13:22:20,100.0,50.2,B
2021-06-09T13:22:17,100.0,50.2,B
2021-06-09T13:22:15,100.0,50.0,B
2021-06-09T13:22:13,5200.0,50.2,B
2021-06-09T13:22:11,200.0,50.2,B
2021-06-09T13:22:09,200.0,50.2,B
2021-06-09T13:22:05,1300.0,50.2,B
2021-06-09T13:22:04,100.0,50.2,B
2021-06-09T13:22:01,100.0,50.0,B
2021-06-09T13:22:00,300.0,50.2,B
2021-06-09T13:21:58,16000.0,50.0,B
2021-06-09T13:21:58,3000.0,50.2,B
2021-06-09T13:21:56,1000.0,50.2,B
2021-06-09T13:21:55,5000.0,50.0,B
2021-06-09T13:21:54,200.0,50.2,B
2021-06-09T13:21:50,100.0,50.0,B
2021-06-09T13:21:47,300.0,50.0,B
2021-06-09T13:21:40,10000.0,50.2,B
2021-06-09T13:21:38,100.0,50.0,B
2021-06-09T13:21:37,11700.0,50.2,B
2021-06-09T13:21:37,200.0,50.2,B
2021-06-09T13:21:37,1100.0,50.2,B
2021-06-09T13:21:37,9600.0,50.2,B
2021-06-09T13:21:37,100.0,50.1,B
2021-06-09T13:21:37,3300.0,50.1,B
2021-06-09T13:21:30,2000.0,50.0,B
2021-06-09T13:21:28,500.0,50.1,B
2021-06-09T13:21:24,500.0,50.1,B
2021-06-09T13:21:17,600.0,50.0,B
2021-06-09T13:21:17,11600.0,50.0,B
2021-06-09T13:21:17,6500.0,50.0,B
2021-06-09T13:21:17,25000.0,50.0,B
2021-06-09T13:21:17,8100.0,50.0,B
2021-06-09T13:21:17,3200.0,50.0,B
2021-06-09T13:21:17,200.0,50.0,B
2021-06-09T13:21:16,300.0,50.0,B
2021-06-09T13:21:16,600.0,50.0,B
2021-06-09T13:21:16,3000.0,50.0,B
2021-06-09T13:21:16,1500.0,50.0,B
2021-06-09T13:21:16,2000.0,50.0,B
2021-06-09T13:21:16,600.0,50.0,B
2021-06-09T13:21:16,1500.0,50.0,B
2021-06-09T13:21:16,3300.0,50.0,B
2021-06-09T13:21:16,200.0,50.0,B
2021-06-09T13:21:15,29500.0,50.0,B
2021-06-09T13:21:15,500.0,50.0,B
2021-06-09T13:21:15,1000.0,50.0,B
2021-06-09T13:21:15,4400.0,50.0,B
2021-06-09T13:21:15,2100.0,50.0,B
2021-06-09T13:21:15,100.0,50.0,B
2021-06-09T13:21:14,500.0,50.0,B
2021-06-09T13:21:14,3800.0,50.0,B
2021-06-09T13:21:14,8000.0,50.0,B
2021-06-09T13:21:14,1100.0,50.0,B
2021-06-09T13:21:08,300.0,50.0,B
2021-06-09T13:21:05,2000.0,50.0,B
2021-06-09T13:21:04,3000.0,50.0,B
2021-06-09T13:21:04,400.0,50.0,B
2021-06-09T13:21:01,3000.0,50.0,B
2021-06-09T13:21:01,300.0,50.0,B
2021-06-09T13:21:00,400.0,50.0,B
2021-06-09T13:21:00,500.0,50.0,B
2021-06-09T13:20:59,10000.0,50.0,B
2021-06-09T13:20:58,1400.0,50.0,B
2021-06-09T13:20:58,12000.0,50.0,B
2021-06-09T13:20:58,300.0,50.0,B
2021-06-09T13:20:57,500.0,50.0,B
2021-06-09T13:20:57,2000.0,50.0,B
2021-06-09T13:20:55,2000.0,50.0,B
2021-06-09T13:20:55,300.0,50.0,B
2021-06-09T13:20:53,1000.0,49.95,S
2021-06-09T13:20:53,200.0,50.0,B
2021-06-09T13:20:52,900.0,50.0,B
2021-06-09T13:20:50,1000.0,50.0,B
2021-06-09T13:20:49,1000.0,50.0,B
2021-06-09T13:20:48,100.0,50.0,B
2021-06-09T13:20:46,1000.0,50.0,B
2021-06-09T13:20:46,1000.0,50.0,B
2021-06-09T13:20:46,5000.0,50.0,B
2021-06-09T13:20:45,5000.0,50.0,B
2021-06-09T13:20:45,500.0,50.0,B
2021-06-09T13:20:43,7500.0,50.0,B
2021-06-09T13:20:42,3000.0,50.0,B
2021-06-09T13:20:41,200.0,50.0,B
2021-06-09T13:20:40,400.0,50.0,B
2021-06-09T13:20:40,5100.0,50.0,B
2021-06-09T13:20:39,1000.0,50.0,B
2021-06-09T13:20:39,2300.0,50.0,B
2021-06-09T13:20:39,1000.0,50.0,B
2021-06-09T13:20:35,2000.0,50.0,B
2021-06-09T13:20:34,3800.0,49.95,S
2021-06-09T13:20:34,400.0,49.95,S
2021-06-09T13:20:34,1500.0,49.95,S
2021-06-09T13:20:34,100.0,49.95,S
2021-06-09T13:20:33,4200.0,49.95,S
2021-06-09T13:20:30,400.0,50.0,B
2021-06-09T13:20:29,2400.0,50.0,B
2021-06-09T13:20:29,1100.0,50.0,B
2021-06-09T13:20:29,200.0,50.0,B
2021-06-09T13:20:29,2400.0,50.0,B
2021-06-09T13:20:29,2100.0,50.0,B
2021-06-09T13:20:29,1800.0,50.0,B
2021-06-09T13:20:25,500.0,50.0,B
2021-06-09T13:20:25,1000.0,50.0,B
2021-06-09T13:20:25,800.0,50.0,B
2021-06-09T13:20:25,6200.0,50.0,B
2021-06-09T13:20:24,100.0,50.0,B
2021-06-09T13:20:24,5000.0,50.0,B
2021-06-09T13:20:23,100.0,50.0,B
2021-06-09T13:20:20,200.0,50.0,B
2021-06-09T13:20:20,1100.0,50.0,B
2021-06-09T13:20:20,200.0,50.0,B
2021-06-09T13:20:13,1000.0,50.0,B
2021-06-09T13:20:10,1000.0,50.0,B
2021-06-09T13:20:06,1000.0,50.0,B
2021-06-09T13:20:05,200.0,50.0,B
2021-06-09T13:20:03,200.0,50.0,B
2021-06-09T13:20:03,200.0,50.0,B
2021-06-09T13:20:02,1000.0,49.95,S
2021-06-09T13:20:01,5800.0,50.0,B
2021-06-09T13:20:01,1800.0,50.0,B
2021-06-09T13:20:01,6000.0,50.0,B
2021-06-09T13:20:01,1400.0,50.0,B
2021-06-09T13:19:58,900.0,50.0,B
2021-06-09T13:19:57,1000.0,50.0,B
2021-06-09T13:19:55,2800.0,50.0,B
2021-06-09T13:19:55,600.0,50.0,B
2021-06-09T13:19:55,6700.0,50.0,B
2021-06-09T13:19:53,500.0,50.0,B
2021-06-09T13:19:51,4300.0,50.0,B
2021-06-09T13:19:51,700.0,50.0,B
2021-06-09T13:19:51,1100.0,50.0,B
2021-06-09T13:19:51,4300.0,50.0,B
2021-06-09T13:19:50,200.0,50.0,B
2021-06-09T13:19:47,500.0,50.0,B
2021-06-09T13:19:47,100.0,50.0,B
2021-06-09T13:19:47,2000.0,50.0,B
2021-06-09T13:19:47,2900.0,50.0,B
2021-06-09T13:19:47,100.0,50.0,B
2021-06-09T13:19:47,600.0,50.0,B
2021-06-09T13:19:47,6000.0,50.0,B
2021-06-09T13:19:47,500.0,50.0,B
2021-06-09T13:19:46,500.0,50.0,B
2021-06-09T13:19:46,2600.0,50.0,B
2021-06-09T13:19:46,8400.0,50.0,B
2021-06-09T13:19:46,800.0,50.0,B
2021-06-09T13:19:46,2000.0,50.0,B
2021-06-09T13:19:46,500.0,50.0,B
2021-06-09T13:19:46,1100.0,50.0,B
2021-06-09T13:19:46,1400.0,50.0,B
2021-06-09T13:19:46,15800.0,50.0,B
2021-06-09T13:19:45,200.0,50.0,B
2021-06-09T13:19:42,200.0,50.0,B
2021-06-09T13:19:41,2900.0,50.0,B
2021-06-09T13:19:40,1300.0,50.0,B
2021-06-09T13:19:40,1000.0,50.0,B
2021-06-09T13:19:40,200.0,50.0,B
2021-06-09T13:19:39,5300.0,50.0,B
2021-06-09T13:19:37,800.0,50.0,B
2021-06-09T13:19:34,500.0,50.0,B
2021-06-09T13:19:31,400.0,50.0,B
2021-06-09T13:19:31,5000.0,50.0,B
2021-06-09T13:19:29,17100.0,50.0,B
2021-06-09T13:19:29,3900.0,50.0,B
2021-06-09T13:19:28,6300.0,50.0,B
2021-06-09T13:19:28,1500.0,50.0,B
2021-06-09T13:19:28,2200.0,50.0,B
2021-06-09T13:19:28,100.0,50.0,B
2021-06-09T13:19:28,5000.0,50.0,B
2021-06-09T13:19:27,8900.0,50.0,B
2021-06-09T13:19:27,1100.0,50.0,B
2021-06-09T13:19:26,500.0,50.0,B
2021-06-09T13:19:26,1000.0,50.0,B
2021-06-09T13:19:25,200.0,50.0,B
2021-06-09T13:19:23,30000.0,50.0,B
2021-06-09T13:19:23,100.0,49.95,S
2021-06-09T13:19:22,2000.0,50.0,B
2021-06-09T13:19:21,100.0,50.0,B
2021-06-09T13:19:18,500.0,50.0,B
2021-06-09T13:19:18,1000.0,50.0,B
2021-06-09T13:19:16,400.0,50.0,B
2021-06-09T13:19:14,1700.0,50.0,B
2021-06-09T13:19:11,1000.0,50.0,B
2021-06-09T13:19:11,100.0,50.0,B
2021-06-09T13:19:11,200.0,49.95,S
2021-06-09T13:19:07,8100.0,50.0,B
2021-06-09T13:19:04,1800.0,50.0,B
2021-06-09T13:19:01,500.0,50.0,B
2021-06-09T13:19:00,14700.0,50.0,B
2021-06-09T13:19:00,5300.0,50.0,B
2021-06-09T13:19:00,4100.0,50.0,B
2021-06-09T13:19:00,1700.0,50.0,B
2021-06-09T13:18:59,200.0,50.0,B
2021-06-09T13:18:59,100.0,50.0,B
2021-06-09T13:18:59,100.0,50.0,B
2021-06-09T13:18:59,300.0,50.0,B
2021-06-09T13:18:58,3700.0,50.0,B
2021-06-09T13:18:58,10500.0,50.0,B
2021-06-09T13:18:58,600.0,50.0,B
2021-06-09T13:18:58,3900.0,50.0,B
2021-06-09T13:18:58,700.0,50.0,B
2021-06-09T13:18:58,600.0,50.0,B
2021-06-09T13:18:55,100.0,50.0,B
2021-06-09T13:18:52,3800.0,50.0,B
2021-06-09T13:18:52,1700.0,50.0,B
2021-06-09T13:18:52,2000.0,50.0,B
2021-06-09T13:18:52,100.0,50.0,B
2021-06-09T13:18:52,100.0,50.0,B
2021-06-09T13:18:52,1800.0,50.0,B
2021-06-09T13:18:52,1200.0,50.0,B
2021-06-09T13:18:52,2200.0,50.0,B
2021-06-09T13:18:52,100.0,50.0,B
2021-06-09T13:18:52,3000.0,50.0,B
2021-06-09T13:18:52,700.0,50.0,B
2021-06-09T13:18:51,500.0,50.0,B
2021-06-09T13:18:51,200.0,50.0,B
2021-06-09T13:18:51,7000.0,50.0,B
2021-06-09T13:18:51,4000.0,50.0,B
2021-06-09T13:18:51,600.0,50.0,B
2021-06-09T13:18:51,300.0,50.0,B
2021-06-09T13:18:51,700.0,50.0,B
2021-06-09T13:18:51,1800.0,50.0,B
2021-06-09T13:18:51,8200.0,50.0,B
2021-06-09T13:18:51,1000.0,50.0,B
2021-06-09T13:18:50,300.0,50.0,B
2021-06-09T13:18:50,100.0,50.0,B
2021-06-09T13:18:49,300.0,50.0,B
2021-06-09T13:18:48,400.0,50.0,B
2021-06-09T13:18:47,100.0,49.95,S
2021-06-09T13:18:46,500.0,50.0,B
2021-06-09T13:18:43,500.0,50.0,B
2021-06-09T13:18:42,500.0,50.0,B
2021-06-09T13:18:41,1500.0,50.0,B
2021-06-09T13:18:40,1000.0,50.0,B
2021-06-09T13:18:40,700.0,50.0,B
2021-06-09T13:18:40,4500.0,50.0,B
2021-06-09T13:18:39,12000.0,50.0,B
2021-06-09T13:18:38,8000.0,50.0,B
2021-06-09T13:18:38,200.0,50.0,B
2021-06-09T13:18:36,5000.0,50.0,B
2021-06-09T13:18:30,1600.0,50.0,B
2021-06-09T13:18:30,400.0,49.95,S
2021-06-09T13:18:29,300.0,50.0,B
2021-06-09T13:18:28,1900.0,50.0,B
2021-06-09T13:18:28,2000.0,50.0,B
2021-06-09T13:18:28,1500.0,50.0,B
2021-06-09T13:18:28,3200.0,50.0,B
2021-06-09T13:18:28,3400.0,50.0,B
2021-06-09T13:18:28,100.0,50.0,B
2021-06-09T13:18:28,1300.0,50.0,B
2021-06-09T13:18:28,6600.0,50.0,B
2021-06-09T13:18:27,200.0,50.0,B
2021-06-09T13:18:24,3800.0,50.0,B
2021-06-09T13:18:24,8400.0,50.0,B
2021-06-09T13:18:24,200.0,49.95,S
2021-06-09T13:18:24,1000.0,50.0,B
2021-06-09T13:18:23,5600.0,50.0,B
2021-06-09T13:18:23,500.0,50.0,B
2021-06-09T13:18:23,7000.0,50.0,B
2021-06-09T13:18:23,6900.0,50.0,B
2021-06-09T13:18:20,5000.0,50.0,B
2021-06-09T13:18:19,20000.0,50.0,B
2021-06-09T13:18:19,1000.0,50.0,B
2021-06-09T13:18:18,500.0,50.0,B
2021-06-09T13:18:18,1300.0,50.0,B
2021-06-09T13:18:18,700.0,50.0,B
2021-06-09T13:18:14,100.0,50.0,B
2021-06-09T13:18:13,200.0,50.0,B
2021-06-09T13:18:12,5700.0,50.0,B
2021-06-09T13:18:12,1000.0,50.0,B
2021-06-09T13:18:09,200.0,50.0,B
2021-06-09T13:18:05,2000.0,50.0,B
2021-06-09T13:18:05,400.0,50.0,B
2021-06-09T13:18:03,1000.0,50.0,B
2021-06-09T13:18:03,100.0,50.0,B
2021-06-09T13:18:00,100.0,50.0,B
2021-06-09T13:17:57,1000.0,50.0,B
2021-06-09T13:17:55,2000.0,50.0,B
2021-06-09T13:17:53,200.0,50.0,B
2021-06-09T13:17:53,500.0,50.0,B
2021-06-09T13:17:51,600.0,50.0,B
2021-06-09T13:17:47,85000.0,50.0,B
2021-06-09T13:17:46,300.0,50.0,B
2021-06-09T13:17:44,200.0,50.0,B
2021-06-09T13:17:38,8000.0,50.0,B
2021-06-09T13:17:37,500.0,49.95,B
2021-06-09T13:17:37,5000.0,50.0,B
2021-06-09T13:17:36,2600.0,50.0,B
2021-06-09T13:17:31,3000.0,50.0,B
2021-06-09T13:17:25,5000.0,50.0,B
2021-06-09T13:17:25,1000.0,50.0,B
2021-06-09T13:17:19,200.0,49.95,B
2021-06-09T13:17:17,200.0,50.0,B
2021-06-09T13:17:08,200.0,50.0,B
2021-06-09T13:17:05,600.0,50.0,B
2021-06-09T13:17:02,100.0,50.0,B
2021-06-09T13:17:00,2400.0,50.0,B
2021-06-09T13:17:00,200.0,50.0,B
2021-06-09T13:16:59,400.0,50.0,B
2021-06-09T13:16:59,300.0,50.0,B
2021-06-09T13:16:59,300.0,50.0,B
2021-06-09T13:16:59,4500.0,50.0,B
2021-06-09T13:16:57,1000.0,50.0,B
2021-06-09T13:16:53,200.0,50.0,B
2021-06-09T13:16:51,100.0,49.95,B
2021-06-09T13:16:49,200.0,50.0,B
2021-06-09T13:16:49,800.0,50.0,B
2021-06-09T13:16:48,300.0,49.95,B
2021-06-09T13:16:43,200.0,50.0,B
2021-06-09T13:16:43,200.0,50.0,B
2021-06-09T13:16:35,1000.0,50.0,B
2021-06-09T13:16:26,100.0,49.95,B
2021-06-09T13:16:13,1000.0,50.0,B
2021-06-09T13:16:08,500.0,49.95,B
2021-06-09T13:16:04,400.0,49.95,B
2021-06-09T13:16:01,500.0,49.95,B
2021-06-09T13:16:00,100.0,49.95,B
2021-06-09T13:15:57,300.0,49.95,B
2021-06-09T13:15:55,400.0,49.95,B
2021-06-09T13:15:49,400.0,49.95,B
2021-06-09T13:15:49,200.0,49.95,B
2021-06-09T13:15:40,300.0,49.95,B
2021-06-09T13:15:40,200.0,49.95,B
2021-06-09T13:15:40,100.0,49.95,B
2021-06-09T13:15:40,100.0,49.95,B
2021-06-09T13:15:38,6000.0,49.95,B
2021-06-09T13:15:38,300.0,49.95,B
2021-06-09T13:15:38,200.0,49.95,B
2021-06-09T13:15:34,500.0,49.95,B
2021-06-09T13:15:34,800.0,49.95,B
2021-06-09T13:15:34,4200.0,49.95,B
2021-06-09T13:15:34,20000.0,49.95,B
2021-06-09T13:15:27,100.0,49.95,B
2021-06-09T13:15:25,1000.0,49.95,B
2021-06-09T13:15:24,1000.0,49.9,S
2021-06-09T13:15:15,200.0,49.95,B
2021-06-09T13:15:15,1000.0,49.95,B
2021-06-09T13:15:12,100.0,49.95,B
2021-06-09T13:15:10,300.0,49.9,S
2021-06-09T13:15:06,5200.0,49.95,B
2021-06-09T13:15:04,1000.0,49.95,B
2021-06-09T13:14:57,30000.0,49.95,B
2021-06-09T13:14:55,14200.0,49.95,B
2021-06-09T13:14:55,5800.0,49.95,B
2021-06-09T13:14:50,500.0,49.95,B
2021-06-09T13:14:50,7000.0,49.95,B
2021-06-09T13:14:50,2100.0,49.95,B
2021-06-09T13:14:48,200.0,49.95,B
2021-06-09T13:14:46,100.0,49.9,S
2021-06-09T13:14:43,300.0,49.9,S
2021-06-09T13:14:42,200.0,49.95,B
2021-06-09T13:14:36,5000.0,49.95,B
2021-06-09T13:14:36,300.0,49.95,B
2021-06-09T13:14:34,700.0,49.95,B
2021-06-09T13:14:30,500.0,49.95,B
2021-06-09T13:14:25,200.0,49.95,B
2021-06-09T13:14:22,200.0,49.95,B
2021-06-09T13:14:21,5100.0,49.9,S
2021-06-09T13:14:15,100.0,49.95,B
2021-06-09T13:14:13,100.0,49.95,B
2021-06-09T13:14:13,15000.0,49.95,B
2021-06-09T13:14:12,5000.0,49.95,B
2021-06-09T13:14:11,500.0,49.95,B
2021-06-09T13:14:08,200.0,49.95,B
2021-06-09T13:14:07,1000.0,49.95,B
2021-06-09T13:14:06,9900.0,49.95,B
2021-06-09T13:14:06,1000.0,49.95,B
2021-06-09T13:14:03,300.0,49.95,B
2021-06-09T13:13:56,100.0,49.95,B
2021-06-09T13:13:56,500.0,49.95,B
2021-06-09T13:13:52,3000.0,49.95,B
2021-06-09T13:13:52,200.0,49.95,B
2021-06-09T13:13:51,500.0,49.95,B
2021-06-09T13:13:50,100.0,49.95,B
2021-06-09T13:13:42,3000.0,49.95,B
2021-06-09T13:13:41,100.0,49.95,B
2021-06-09T13:13:40,500.0,49.95,B
2021-06-09T13:13:37,200.0,49.95,B
2021-06-09T13:13:36,10000.0,49.95,B
2021-06-09T13:13:35,200.0,49.95,B
2021-06-09T13:13:28,100.0,49.95,B
2021-06-09T13:13:25,500.0,49.95,B
2021-06-09T13:13:24,500.0,49.95,B
2021-06-09T13:13:23,200.0,49.95,B
2021-06-09T13:13:23,1000.0,49.95,B
2021-06-09T13:13:22,100.0,49.95,B
2021-06-09T13:13:21,5200.0,49.95,B
2021-06-09T13:13:20,1000.0,49.95,B
2021-06-09T13:13:18,500.0,49.95,B
2021-06-09T13:13:17,600.0,49.95,B
2021-06-09T13:13:16,1000.0,49.95,B
2021-06-09T13:13:16,5000.0,49.95,B
2021-06-09T13:13:13,600.0,49.95,B
2021-06-09T13:13:10,500.0,49.95,B
2021-06-09T13:13:08,300.0,49.95,B
2021-06-09T13:13:06,1000.0,49.95,B
2021-06-09T13:13:05,1500.0,49.95,B
2021-06-09T13:13:03,100.0,49.95,B
2021-06-09T13:13:01,100.0,49.95,B
2021-06-09T13:12:51,100.0,49.95,B
2021-06-09T13:12:46,11000.0,49.95,B
2021-06-09T13:12:40,300.0,49.95,B
2021-06-09T13:12:38,200.0,49.95,B
2021-06-09T13:12:36,500.0,49.95,B
2021-06-09T13:12:36,100.0,49.95,B
2021-06-09T13:12:34,300.0,49.95,B
2021-06-09T13:12:32,200.0,49.95,B
2021-06-09T13:12:32,500.0,49.95,B
2021-06-09T13:12:27,500.0,49.95,B
2021-06-09T13:12:25,5000.0,49.9,S
2021-06-09T13:12:24,2000.0,49.95,B
2021-06-09T13:12:19,1000.0,49.95,B
2021-06-09T13:12:17,3400.0,49.95,B
2021-06-09T13:12:17,3000.0,49.95,B
2021-06-09T13:12:05,100.0,49.95,B
2021-06-09T13:11:58,500.0,49.95,B
2021-06-09T13:11:58,500.0,49.95,B
2021-06-09T13:11:52,1100.0,49.95,B
2021-06-09T13:11:47,200.0,49.95,B
2021-06-09T13:11:45,500.0,49.95,B
2021-06-09T13:11:42,2000.0,49.95,B
2021-06-09T13:11:41,100.0,49.95,B
2021-06-09T13:11:34,5100.0,49.95,B
2021-06-09T13:11:33,200.0,49.95,B
2021-06-09T13:11:31,200.0,49.95,B
2021-06-09T13:11:31,500.0,49.9,S
2021-06-09T13:11:29,500.0,49.9,S
2021-06-09T13:11:27,2000.0,49.95,B
2021-06-09T13:11:27,15000.0,49.95,B
2021-06-09T13:11:16,500.0,49.9,S
2021-06-09T13:11:10,200.0,49.9,S
2021-06-09T13:11:08,200.0,49.95,B
2021-06-09T13:11:03,100.0,49.95,B
2021-06-09T13:10:56,400.0,49.9,S
2021-06-09T13:10:54,200.0,49.95,B
2021-06-09T13:10:51,2100.0,49.95,B
2021-06-09T13:10:49,1000.0,49.95,B
2021-06-09T13:10:49,28800.0,49.9,B
2021-06-09T13:10:45,2000.0,49.9,B
2021-06-09T13:10:44,20000.0,49.9,B
2021-06-09T13:10:42,100.0,49.9,B
2021-06-09T13:10:38,1900.0,49.9,B
2021-06-09T13:10:36,200.0,49.9,B
2021-06-09T13:10:36,200.0,49.9,B
2021-06-09T13:10:35,1800.0,49.9,B
2021-06-09T13:10:29,300.0,49.9,B
2021-06-09T13:10:29,200.0,49.9,B
2021-06-09T13:10:22,2000.0,49.9,B
2021-06-09T13:10:19,500.0,49.85,S
2021-06-09T13:10:19,500.0,49.85,S
2021-06-09T13:10:15,200.0,49.85,S
2021-06-09T13:10:13,300.0,49.9,B
2021-06-09T13:10:11,1000.0,49.9,B
2021-06-09T13:10:11,2800.0,49.9,B
2021-06-09T13:10:10,100.0,49.9,B
2021-06-09T13:10:07,100.0,49.9,B
2021-06-09T13:10:06,2500.0,49.9,B
2021-06-09T13:10:03,7600.0,49.95,B
2021-06-09T13:10:03,5000.0,49.95,B
2021-06-09T13:10:02,5400.0,49.95,B
2021-06-09T13:10:02,6100.0,49.9,B
2021-06-09T13:10:00,3700.0,49.95,B
2021-06-09T13:10:00,2000.0,49.95,B
2021-06-09T13:10:00,13400.0,49.95,B
2021-06-09T13:10:00,500.0,49.95,B
2021-06-09T13:10:00,700.0,49.95,B
2021-06-09T13:10:00,3000.0,49.9,B
2021-06-09T13:10:00,3300.0,49.9,B
2021-06-09T13:10:00,100.0,49.9,B
2021-06-09T13:10:00,2000.0,49.9,B
2021-06-09T13:10:00,1300.0,49.9,B
2021-06-09T13:09:53,100.0,49.85,S
2021-06-09T13:09:52,1000.0,49.9,B
2021-06-09T13:09:48,300.0,49.9,B
2021-06-09T13:09:48,400.0,49.9,B
2021-06-09T13:09:48,4500.0,49.9,B
2021-06-09T13:09:48,5000.0,49.9,B
2021-06-09T13:09:42,3900.0,49.9,B
2021-06-09T13:09:41,300.0,49.85,S
2021-06-09T13:09:39,5000.0,49.9,B
2021-06-09T13:09:34,300.0,49.9,B
2021-06-09T13:09:34,2000.0,49.85,S
2021-06-09T13:09:31,5000.0,49.9,B
2021-06-09T13:09:27,300.0,49.9,B
2021-06-09T13:09:26,100.0,49.9,B
2021-06-09T13:09:25,200.0,49.9,B
2021-06-09T13:09:22,10000.0,49.9,B
2021-06-09T13:09:22,4000.0,49.9,B
2021-06-09T13:09:22,400.0,49.9,B
2021-06-09T13:09:22,5000.0,49.9,B
2021-06-09T13:09:20,2200.0,49.9,B
2021-06-09T13:09:18,4700.0,49.9,B
2021-06-09T13:09:06,1700.0,49.9,B
2021-06-09T13:09:01,4000.0,49.9,B
2021-06-09T13:08:52,10000.0,49.9,B
2021-06-09T13:08:49,2000.0,49.85,S
2021-06-09T13:08:47,3000.0,49.9,B
2021-06-09T13:08:47,1300.0,49.9,B
2021-06-09T13:08:46,100.0,49.9,B
2021-06-09T13:08:46,500.0,49.85,S
2021-06-09T13:08:35,5000.0,49.85,S
2021-06-09T13:08:34,3200.0,49.9,B
2021-06-09T13:08:27,11500.0,49.9,B
2021-06-09T13:08:23,1000.0,49.85,S
2021-06-09T13:08:22,300.0,49.9,B
2021-06-09T13:08:21,2300.0,49.9,B
2021-06-09T13:08:18,7000.0,49.9,B
2021-06-09T13:08:14,10000.0,49.9,B
2021-06-09T13:08:13,200.0,49.85,S
2021-06-09T13:08:12,500.0,49.85,S
2021-06-09T13:08:11,3000.0,49.9,B
2021-06-09T13:08:09,100.0,49.9,B
2021-06-09T13:08:07,3000.0,49.9,B
2021-06-09T13:08:06,1000.0,49.85,S
2021-06-09T13:08:02,16900.0,49.9,B
2021-06-09T13:08:02,24100.0,49.9,B
2021-06-09T13:07:59,9600.0,49.9,B
2021-06-09T13:07:59,5400.0,49.9,B
2021-06-09T13:07:47,500.0,49.85,S
2021-06-09T13:07:46,2200.0,49.85,S
2021-06-09T13:07:45,1000.0,49.9,B
2021-06-09T13:07:40,2400.0,49.9,B
2021-06-09T13:07:40,1900.0,49.9,B
2021-06-09T13:07:40,700.0,49.9,B
2021-06-09T13:07:39,10000.0,49.9,B
2021-06-09T13:07:33,2000.0,49.9,B
2021-06-09T13:07:33,300.0,49.9,B
2021-06-09T13:07:31,5100.0,49.9,B
2021-06-09T13:07:19,200.0,49.9,B
2021-06-09T13:07:19,300.0,49.9,B
2021-06-09T13:07:17,200.0,49.9,B
2021-06-09T13:07:15,4500.0,49.9,B
2021-06-09T13:07:09,700.0,49.9,B
2021-06-09T13:07:01,3000.0,49.9,B
2021-06-09T13:07:01,3500.0,49.9,B
2021-06-09T13:07:01,200.0,49.9,B
2021-06-09T13:07:01,8300.0,49.85,B
2021-06-09T13:06:56,1000.0,49.85,B
2021-06-09T13:06:56,500.0,49.85,B
2021-06-09T13:06:56,2000.0,49.8,S
2021-06-09T13:06:52,500.0,49.8,S
2021-06-09T13:06:44,5000.0,49.85,B
2021-06-09T13:06:41,1000.0,49.85,B
2021-06-09T13:06:36,3700.0,49.85,B
2021-06-09T13:06:34,2000.0,49.8,B
2021-06-09T13:06:34,200.0,49.8,B
2021-06-09T13:06:34,1000.0,49.8,B
2021-06-09T13:06:31,500.0,49.8,B
2021-06-09T13:06:29,200.0,49.8,B
2021-06-09T13:06:29,800.0,49.8,B
2021-06-09T13:06:28,500.0,49.8,B
2021-06-09T13:06:26,6000.0,49.8,B
2021-06-09T13:06:24,7000.0,49.8,B
2021-06-09T13:06:21,200.0,49.75,S
2021-06-09T13:06:20,300.0,49.8,B
2021-06-09T13:06:14,200.0,49.8,B
2021-06-09T13:06:13,5000.0,49.8,B
2021-06-09T13:06:12,400.0,49.8,B
2021-06-09T13:06:10,100.0,49.8,B
2021-06-09T13:06:07,4300.0,49.8,B
2021-06-09T13:06:01,1900.0,49.8,B
2021-06-09T13:05:56,500.0,49.7,B
2021-06-09T13:05:54,10500.0,49.8,B
2021-06-09T13:05:54,200.0,49.8,B
2021-06-09T13:05:52,7000.0,49.7,B
2021-06-09T13:05:48,2000.0,49.7,B
2021-06-09T13:05:43,5000.0,49.75,B
2021-06-09T13:05:39,200.0,49.8,B
2021-06-09T13:05:34,1000.0,49.6,S
2021-06-09T13:05:31,12500.0,49.8,B
2021-06-09T13:05:31,3400.0,49.8,B
2021-06-09T13:05:31,2100.0,49.8,B
2021-06-09T13:05:31,6000.0,49.8,B
2021-06-09T13:05:31,2500.0,49.7,B
2021-06-09T13:05:31,2500.0,49.7,B
2021-06-09T13:05:31,600.0,49.7,B
2021-06-09T13:05:31,400.0,49.7,B
2021-06-09T13:05:31,200.0,49.7,B
2021-06-09T13:05:28,500.0,49.7,B
2021-06-09T13:05:27,6000.0,49.7,B
2021-06-09T13:05:25,5300.0,49.7,B
2021-06-09T13:05:25,4700.0,49.7,B
2021-06-09T13:05:22,3500.0,49.7,B
2021-06-09T13:05:20,300.0,49.7,B
2021-06-09T13:05:18,500.0,49.7,B
2021-06-09T13:05:12,200.0,49.7,B
2021-06-09T13:05:11,400.0,49.65,B
2021-06-09T13:05:04,600.0,49.7,B
2021-06-09T13:05:04,2200.0,49.7,B
2021-06-09T13:05:04,400.0,49.7,B
2021-06-09T13:05:04,6800.0,49.7,B
2021-06-09T13:04:59,20000.0,49.6,S
2021-06-09T13:04:57,100.0,49.7,B
2021-06-09T13:04:57,300.0,49.7,B
2021-06-09T13:04:57,4600.0,49.7,B
2021-06-09T13:04:50,3700.0,49.65,B
2021-06-09T13:04:45,3400.0,49.6,B
2021-06-09T13:04:45,1000.0,49.6,B
2021-06-09T13:04:45,300.0,49.6,B
2021-06-09T13:04:45,3100.0,49.6,B
2021-06-09T13:04:45,600.0,49.6,B
2021-06-09T13:04:45,500.0,49.6,B
2021-06-09T13:04:44,2200.0,49.6,B
2021-06-09T13:04:44,7000.0,49.6,B
2021-06-09T13:04:44,1000.0,49.6,B
2021-06-09T13:04:44,2900.0,49.6,B
2021-06-09T13:04:44,1000.0,49.6,B
2021-06-09T13:04:44,700.0,49.6,B
2021-06-09T13:04:44,9600.0,49.6,B
2021-06-09T13:04:36,1000.0,49.6,B
2021-06-09T13:04:36,10000.0,49.5,S
2021-06-09T13:04:31,400.0,49.6,B
2021-06-09T13:04:31,6600.0,49.6,B
2021-06-09T13:04:28,200.0,49.6,B
2021-06-09T13:04:18,100.0,49.6,B
2021-06-09T13:04:12,900.0,49.6,B
2021-06-09T13:04:11,200.0,49.6,B
2021-06-09T13:04:11,300.0,49.6,B
2021-06-09T13:04:06,1000.0,49.5,S
2021-06-09T13:03:59,3500.0,49.6,B
2021-06-09T13:03:57,2000.0,49.6,B
2021-06-09T13:03:49,4000.0,49.6,B
2021-06-09T13:03:44,100.0,49.6,B
2021-06-09T13:03:42,1200.0,49.4,S
2021-06-09T13:03:42,100.0,49.4,S
2021-06-09T13:03:41,9900.0,49.4,S
2021-06-09T13:03:41,100.0,49.5,B
2021-06-09T13:03:40,100.0,49.5,B
2021-06-09T13:03:38,500.0,49.5,B
2021-06-09T13:03:34,2000.0,49.5,B
2021-06-09T13:03:31,3000.0,49.5,S
2021-06-09T13:03:30,5000.0,49.5,S
2021-06-09T13:03:28,2000.0,49.6,B
2021-06-09T13:03:23,3000.0,49.6,B
2021-06-09T13:03:16,300.0,49.5,B
2021-06-09T13:03:14,2000.0,49.5,B
2021-06-09T13:03:14,1000.0,49.5,B
2021-06-09T13:03:13,100.0,49.5,B
2021-06-09T13:03:10,400.0,49.5,B
2021-06-09T13:03:09,200.0,49.5,B
2021-06-09T13:03:02,500.0,49.5,B
2021-06-09T13:02:55,7100.0,49.4,S
2021-06-09T13:02:55,7300.0,49.4,S
2021-06-09T13:02:49,4500.0,49.6,B
2021-06-09T13:02:47,1100.0,49.55,B
2021-06-09T13:02:47,3000.0,49.5,B
2021-06-09T13:02:47,2900.0,49.5,B
2021-06-09T13:02:44,600.0,49.5,B
2021-06-09T13:02:26,300.0,49.5,B
2021-06-09T13:02:12,500.0,49.5,B
2021-06-09T13:02:11,200.0,49.5,B
2021-06-09T13:02:07,3200.0,49.5,B
2021-06-09T13:02:07,300.0,49.5,B
2021-06-09T13:02:04,800.0,49.3,S
2021-06-09T13:02:04,500.0,49.3,S
2021-06-09T13:02:04,1100.0,49.3,S
2021-06-09T13:02:04,17600.0,49.3,S
2021-06-09T13:02:02,200.0,49.5,B
2021-06-09T13:02:01,2000.0,49.5,B
2021-06-09T13:01:58,1600.0,49.5,B
2021-06-09T13:01:57,100.0,49.4,B
2021-06-09T13:01:57,300.0,49.4,B
2021-06-09T13:01:53,3400.0,49.5,B
2021-06-09T13:01:46,3900.0,49.5,B
2021-06-09T13:01:44,1700.0,49.3,S
2021-06-09T13:01:44,2700.0,49.3,S
2021-06-09T13:01:44,200.0,49.3,S
2021-06-09T13:01:43,6000.0,49.3,S
2021-06-09T13:01:43,300.0,49.3,S
2021-06-09T13:01:43,17000.0,49.3,S
2021-06-09T13:01:43,500.0,49.3,S
2021-06-09T13:01:43,5600.0,49.3,S
2021-06-09T13:01:33,5000.0,49.5,B
2021-06-09T13:01:33,1000.0,49.5,B
2021-06-09T13:01:33,1000.0,49.5,B
2021-06-09T13:01:31,5000.0,49.5,B
2021-06-09T13:01:31,300.0,49.5,B
2021-06-09T13:01:31,200.0,49.5,B
2021-06-09T13:01:31,500.0,49.5,B
2021-06-09T13:01:31,5000.0,49.5,B
2021-06-09T13:01:30,2500.0,49.5,B
2021-06-09T13:01:28,500.0,49.5,B
2021-06-09T13:01:23,300.0,49.5,B
2021-06-09T13:01:21,100.0,49.5,B
2021-06-09T13:01:21,300.0,49.5,B
2021-06-09T13:01:21,200.0,49.5,B
2021-06-09T13:01:19,3100.0,49.5,B
2021-06-09T13:01:19,200.0,49.5,B
2021-06-09T13:01:18,2000.0,49.4,B
2021-06-09T13:01:18,200.0,49.5,B
2021-06-09T13:01:17,200.0,49.5,B
2021-06-09T13:01:15,300.0,49.5,B
2021-06-09T13:01:14,100.0,49.5,B
2021-06-09T13:01:14,400.0,49.5,B
2021-06-09T13:01:14,300.0,49.5,B
2021-06-09T13:01:13,800.0,49.5,B
2021-06-09T13:01:13,200.0,49.5,B
2021-06-09T13:01:13,100.0,49.5,B
2021-06-09T13:01:12,400.0,49.5,B
2021-06-09T13:01:10,1000.0,49.5,B
2021-06-09T13:01:09,100.0,49.4,B
2021-06-09T13:01:00,100.0,49.3,S
2021-06-09T13:00:51,3200.0,49.5,B
2021-06-09T13:00:50,7000.0,49.5,B
2021-06-09T13:00:47,200.0,49.4,S
2021-06-09T13:00:45,200.0,49.4,S
2021-06-09T13:00:42,500.0,49.4,S
2021-06-09T13:00:41,2000.0,49.4,S
2021-06-09T13:00:37,100.0,49.35,S
2021-06-09T13:00:36,1000.0,49.4,S
2021-06-09T13:00:36,800.0,49.4,S
2021-06-09T13:00:35,4200.0,49.4,S
2021-06-09T13:00:35,100.0,49.4,S
2021-06-09T13:00:34,500.0,49.4,S
2021-06-09T13:00:34,200.0,49.4,S
2021-06-09T13:00:28,500.0,49.4,S
2021-06-09T13:00:28,4600.0,49.4,S
2021-06-09T13:00:28,2800.0,49.5,B
2021-06-09T13:00:28,1000.0,49.5,B
2021-06-09T13:00:28,1000.0,49.5,B
2021-06-09T13:00:28,300.0,49.4,S
2021-06-09T13:00:28,2000.0,49.5,B
2021-06-09T13:00:28,1000.0,49.5,B
2021-06-09T13:00:28,1000.0,49.4,S
2021-06-09T13:00:28,500.0,49.5,B
2021-06-09T13:00:26,400.0,49.5,B
2021-06-09T13:00:26,300.0,49.5,B
2021-06-09T13:00:25,100.0,49.4,S
2021-06-09T13:00:25,500.0,49.5,B
2021-06-09T13:00:24,2000.0,49.5,B
2021-06-09T13:00:22,700.0,49.5,B
2021-06-09T13:00:22,500.0,49.5,B
2021-06-09T13:00:22,2000.0,49.5,B
2021-06-09T13:00:22,200.0,49.5,B
2021-06-09T13:00:21,200.0,49.5,B
2021-06-09T13:00:19,2000.0,49.5,B
2021-06-09T13:00:18,200.0,49.5,B
2021-06-09T13:00:18,100.0,49.5,B
2021-06-09T13:00:18,1000.0,49.5,B
2021-06-09T13:00:18,100.0,49.5,B
2021-06-09T13:00:16,200.0,49.5,B
2021-06-09T13:00:16,200.0,49.5,B
2021-06-09T13:00:16,500.0,49.4,S
2021-06-09T13:00:16,100.0,49.5,B
2021-06-09T13:00:16,1000.0,49.5,B
2021-06-09T13:00:16,1200.0,49.5,B
2021-06-09T13:00:16,100.0,49.5,B
2021-06-09T13:00:16,100.0,49.5,B
2021-06-09T13:00:15,1000.0,49.5,B
2021-06-09T13:00:15,3000.0,49.5,B
2021-06-09T13:00:15,1500.0,49.5,B
2021-06-09T13:00:15,200.0,49.3,S
2021-06-09T13:00:15,200.0,49.5,B
2021-06-09T11:29:49,2500.0,49.5,B
2021-06-09T11:29:29,600.0,49.3,B
2021-06-09T11:29:28,4800.0,49.3,B
2021-06-09T11:29:28,200.0,49.3,B
2021-06-09T11:29:25,100.0,49.3,B
2021-06-09T11:29:25,200.0,49.2,S
2021-06-09T11:29:20,2000.0,49.3,B
2021-06-09T11:29:17,500.0,49.3,B
2021-06-09T11:29:17,100.0,49.3,B
2021-06-09T11:29:13,2700.0,49.3,B
2021-06-09T11:29:08,600.0,49.2,S
2021-06-09T11:29:06,1500.0,49.3,B
2021-06-09T11:29:02,500.0,49.3,B
2021-06-09T11:29:02,7000.0,49.3,B
2021-06-09T11:29:02,500.0,49.3,B
2021-06-09T11:28:57,500.0,49.3,B
2021-06-09T11:28:55,500.0,49.3,B
2021-06-09T11:28:46,200.0,49.3,B
2021-06-09T11:28:43,1000.0,49.3,B
2021-06-09T11:28:41,300.0,49.3,B
2021-06-09T11:28:38,100.0,49.3,B
2021-06-09T11:28:32,500.0,49.3,B
2021-06-09T11:28:32,600.0,49.2,S
2021-06-09T11:28:24,2400.0,49.3,S
2021-06-09T11:28:24,4100.0,49.3,S
2021-06-09T11:28:24,1900.0,49.3,S
2021-06-09T11:28:24,2000.0,49.3,S
2021-06-09T11:28:24,3300.0,49.3,S
2021-06-09T11:28:24,1200.0,49.3,S
2021-06-09T11:28:24,13900.0,49.3,S
2021-06-09T11:28:23,200.0,49.5,B
2021-06-09T11:28:15,3200.0,49.5,B
2021-06-09T11:28:15,500.0,49.5,B
2021-06-09T11:28:13,200.0,49.5,B
2021-06-09T11:28:10,8400.0,49.3,S
2021-06-09T11:28:06,300.0,49.4,S
2021-06-09T11:27:57,1000.0,49.3,S
2021-06-09T11:27:56,100.0,49.5,B
2021-06-09T11:27:46,200.0,49.4,S
2021-06-09T11:27:46,200.0,49.5,B
2021-06-09T11:27:10,200.0,49.3,S
2021-06-09T11:27:09,4000.0,49.3,S
2021-06-09T11:27:09,5400.0,49.5,B
2021-06-09T11:27:09,1000.0,49.5,B
2021-06-09T11:27:09,200.0,49.5,B
2021-06-09T11:27:09,400.0,49.5,B
2021-06-09T11:27:04,200.0,49.4,B
2021-06-09T11:26:50,600.0,49.3,S
2021-06-09T11:26:43,2000.0,49.2,S
2021-06-09T11:26:40,200.0,49.5,B
2021-06-09T11:26:35,1700.0,49.5,B
2021-06-09T11:26:35,1500.0,49.5,B
2021-06-09T11:26:34,300.0,49.3,B
2021-06-09T11:26:30,1000.0,49.3,B
2021-06-09T11:26:28,2800.0,49.45,B
2021-06-09T11:26:17,500.0,49.45,B
2021-06-09T11:26:13,1000.0,49.5,B
2021-06-09T11:26:13,200.0,49.45,B
2021-06-09T11:26:13,1000.0,49.45,B
2021-06-09T11:26:13,11700.0,49.45,B
2021-06-09T11:26:13,100.0,49.4,B
2021-06-09T11:26:13,5300.0,49.4,B
2021-06-09T11:26:13,21300.0,49.4,B
2021-06-09T11:26:13,7100.0,49.3,B
2021-06-09T11:26:07,400.0,49.3,S
2021-06-09T11:26:07,600.0,49.2,S
2021-06-09T11:26:03,200.0,49.3,S
2021-06-09T11:26:02,2200.0,49.3,S
2021-06-09T11:25:59,3200.0,49.4,B
2021-06-09T11:25:50,2000.0,49.4,B
2021-06-09T11:25:48,200.0,49.4,B
2021-06-09T11:25:47,10000.0,49.4,B
2021-06-09T11:25:46,1000.0,49.2,S
2021-06-09T11:25:46,500.0,49.4,B
2021-06-09T11:25:27,1000.0,49.3,B
2021-06-09T11:25:24,2500.0,49.4,B
2021-06-09T11:25:24,700.0,49.3,B
2021-06-09T11:25:23,200.0,49.3,B
2021-06-09T11:25:19,4600.0,49.3,B
2021-06-09T11:25:19,1000.0,49.3,B
2021-06-09T11:25:19,1000.0,49.3,B
2021-06-09T11:25:19,400.0,49.3,B
2021-06-09T11:25:16,1600.0,49.3,B
2021-06-09T11:25:14,1400.0,49.3,B
2021-06-09T11:25:14,8000.0,49.2,S
2021-06-09T11:25:09,5000.0,49.3,B
2021-06-09T11:25:07,100.0,49.2,S
2021-06-09T11:25:05,100.0,49.2,S
2021-06-09T11:24:58,300.0,49.3,B
2021-06-09T11:24:55,8000.0,49.2,S
2021-06-09T11:24:55,300.0,49.3,B
2021-06-09T11:24:45,700.0,49.3,B
2021-06-09T11:24:43,200.0,49.3,B
2021-06-09T11:24:39,1000.0,49.2,B
2021-06-09T11:24:35,1000.0,49.2,B
2021-06-09T11:24:33,1000.0,49.2,B
2021-06-09T11:24:18,100.0,49.2,B
2021-06-09T11:24:17,2100.0,49.2,B
2021-06-09T11:24:17,16300.0,49.2,B
2021-06-09T11:24:14,1500.0,49.2,B
2021-06-09T11:24:14,1500.0,49.15,B
2021-06-09T11:24:11,1000.0,49.1,S
2021-06-09T11:24:09,300.0,49.15,B
2021-06-09T11:24:06,1000.0,49.1,S
2021-06-09T11:24:03,300.0,49.15,B
2021-06-09T11:23:59,200.0,49.15,B
2021-06-09T11:23:48,500.0,49.15,S
2021-06-09T11:23:46,2000.0,49.15,S
2021-06-09T11:23:46,200.0,49.15,S
2021-06-09T11:23:40,200.0,49.15,S
2021-06-09T11:23:38,100.0,49.15,S
2021-06-09T11:23:37,200.0,49.15,S
2021-06-09T11:23:37,100.0,49.1,S
2021-06-09T11:23:33,2500.0,49.15,S
2021-06-09T11:23:33,200.0,49.2,B
2021-06-09T11:23:25,7600.0,49.2,B
2021-06-09T11:23:22,500.0,49.15,S
2021-06-09T11:23:22,3200.0,49.2,B
2021-06-09T11:23:20,100.0,49.2,B
2021-06-09T11:23:19,10000.0,49.15,S
2021-06-09T11:23:17,200.0,49.2,B
2021-06-09T11:23:10,300.0,49.2,B
2021-06-09T11:23:03,100.0,49.2,B
2021-06-09T11:23:00,1000.0,49.2,B
2021-06-09T11:22:57,500.0,49.2,B
2021-06-09T11:22:54,100.0,49.2,B
2021-06-09T11:22:52,300.0,49.2,B
2021-06-09T11:22:52,200.0,49.2,B
2021-06-09T11:22:52,300.0,49.2,B
2021-06-09T11:22:44,200.0,49.2,S
2021-06-09T11:22:41,1300.0,49.2,S
2021-06-09T11:22:40,200.0,49.2,S
2021-06-09T11:22:38,600.0,49.2,S
2021-06-09T11:22:32,100.0,49.2,S
2021-06-09T11:22:32,3200.0,49.2,S
2021-06-09T11:22:30,200.0,49.2,S
2021-06-09T11:22:28,100.0,49.2,S
2021-06-09T11:22:27,15000.0,49.2,S
2021-06-09T11:22:26,3300.0,49.2,S
2021-06-09T11:22:16,2000.0,49.3,B
2021-06-09T11:22:16,2000.0,49.3,B
2021-06-09T11:22:16,1000.0,49.3,B
2021-06-09T11:22:05,300.0,49.3,B
2021-06-09T11:22:03,700.0,49.2,S
2021-06-09T11:22:03,10500.0,49.2,S
2021-06-09T11:22:01,13500.0,49.2,S
2021-06-09T11:22:01,2200.0,49.2,S
2021-06-09T11:22:01,300.0,49.2,S
2021-06-09T11:22:01,2900.0,49.2,S
2021-06-09T11:22:01,1000.0,49.2,S
2021-06-09T11:22:01,5100.0,49.2,S
2021-06-09T11:22:01,3800.0,49.2,S
2021-06-09T11:21:56,100.0,49.3,B
2021-06-09T11:21:54,5000.0,49.3,B
2021-06-09T11:21:52,300.0,49.3,B
2021-06-09T11:21:45,500.0,49.3,B
2021-06-09T11:21:45,1500.0,49.2,S
2021-06-09T11:21:44,500.0,49.3,B
2021-06-09T11:21:35,7000.0,49.3,B
2021-06-09T11:21:33,100.0,49.3,B
2021-06-09T11:21:31,800.0,49.3,B
2021-06-09T11:21:30,600.0,49.3,B
2021-06-09T11:21:29,3200.0,49.3,B
2021-06-09T11:21:15,100.0,49.3,S
2021-06-09T11:21:11,100.0,49.3,S
2021-06-09T11:21:09,700.0,49.3,S
2021-06-09T11:21:01,2000.0,49.3,S
2021-06-09T11:21:01,100.0,49.3,S
2021-06-09T11:20:57,400.0,49.3,S
2021-06-09T11:20:57,100.0,49.3,S
2021-06-09T11:20:55,4000.0,49.3,S
2021-06-09T11:20:55,300.0,49.3,S
2021-06-09T11:20:53,800.0,49.3,S
2021-06-09T11:20:50,1400.0,49.3,S
2021-06-09T11:20:49,600.0,49.3,S
2021-06-09T11:20:47,100.0,49.2,S
2021-06-09T11:20:44,1000.0,49.3,S
2021-06-09T11:20:40,100.0,49.3,S
2021-06-09T11:20:40,100.0,49.3,S
2021-06-09T11:20:34,200.0,49.3,S
2021-06-09T11:20:31,200.0,49.3,S
2021-06-09T11:20:31,2200.0,49.3,S
2021-06-09T11:20:24,1900.0,49.3,S
2021-06-09T11:20:23,1100.0,49.3,S
2021-06-09T11:20:19,200.0,49.3,S
2021-06-09T11:20:17,100.0,49.4,S
2021-06-09T11:20:13,1000.0,49.4,S
2021-06-09T11:20:12,100.0,49.4,S
2021-06-09T11:20:12,100.0,49.4,S
2021-06-09T11:20:12,1000.0,49.4,S
2021-06-09T11:20:11,100.0,49.4,S
2021-06-09T11:20:07,200.0,49.4,S
2021-06-09T11:20:04,200.0,49.3,S
2021-06-09T11:20:03,100.0,49.35,S
2021-06-09T11:20:01,200.0,49.4,S
2021-06-09T11:19:58,7000.0,49.4,S
2021-06-09T11:19:54,100.0,49.4,S
2021-06-09T11:19:52,500.0,49.4,S
2021-06-09T11:19:49,1000.0,49.3,S
2021-06-09T11:19:47,5000.0,49.4,S
2021-06-09T11:19:46,300.0,49.4,S
2021-06-09T11:19:45,800.0,49.4,S
2021-06-09T11:19:43,400.0,49.3,S
2021-06-09T11:19:38,200.0,49.4,S
2021-06-09T11:19:35,700.0,49.2,S
2021-06-09T11:19:35,100.0,49.2,S
2021-06-09T11:19:35,500.0,49.4,S
2021-06-09T11:19:35,300.0,49.2,S
2021-06-09T11:19:35,100.0,49.2,S
2021-06-09T11:19:35,30300.0,49.2,S
2021-06-09T11:19:35,10000.0,49.25,S
2021-06-09T11:19:35,1700.0,49.25,S
2021-06-09T11:19:35,4000.0,49.25,S
2021-06-09T11:19:35,14500.0,49.3,S
2021-06-09T11:19:35,1000.0,49.3,S
2021-06-09T11:19:35,10100.0,49.3,S
2021-06-09T11:19:35,700.0,49.3,S
2021-06-09T11:19:35,1500.0,49.3,S
2021-06-09T11:19:35,1600.0,49.3,S
2021-06-09T11:19:35,2600.0,49.3,S
2021-06-09T11:19:35,300.0,49.3,S
2021-06-09T11:19:35,2100.0,49.3,S
2021-06-09T11:19:35,1300.0,49.3,S
2021-06-09T11:19:35,1300.0,49.3,S
2021-06-09T11:19:35,100.0,49.3,S
2021-06-09T11:19:35,700.0,49.3,S
2021-06-09T11:19:35,1300.0,49.3,S
2021-06-09T11:19:35,3100.0,49.3,S
2021-06-09T11:19:35,1900.0,49.3,S
2021-06-09T11:19:35,1000.0,49.3,S
2021-06-09T11:19:34,300.0,49.3,S
2021-06-09T11:19:34,700.0,49.3,S
2021-06-09T11:19:34,300.0,49.3,S
2021-06-09T11:19:34,300.0,49.3,S
2021-06-09T11:19:34,6900.0,49.3,S
2021-06-09T11:19:33,100.0,49.3,S
2021-06-09T11:19:29,100.0,49.4,S
2021-06-09T11:19:28,2300.0,49.4,S
2021-06-09T11:19:18,1000.0,49.35,S
2021-06-09T11:19:14,1500.0,49.3,S
2021-06-09T11:19:11,2000.0,49.3,S
2021-06-09T11:19:09,500.0,49.4,S
2021-06-09T11:19:08,1000.0,49.4,S
2021-06-09T11:19:08,100.0,49.4,S
2021-06-09T11:19:03,300.0,49.45,S
2021-06-09T11:19:00,2200.0,49.3,S
2021-06-09T11:18:57,1500.0,49.3,S
2021-06-09T11:18:50,100.0,49.45,S
2021-06-09T11:18:48,8000.0,49.3,S
2021-06-09T11:18:48,100.0,49.3,S
2021-06-09T11:18:46,2600.0,49.3,S
2021-06-09T11:18:46,3200.0,49.3,S
2021-06-09T11:18:46,6000.0,49.3,S
2021-06-09T11:18:46,2300.0,49.3,S
2021-06-09T11:18:46,6000.0,49.3,S
2021-06-09T11:18:46,900.0,49.35,S
2021-06-09T11:18:46,200.0,49.35,S
2021-06-09T11:18:46,200.0,49.35,S
2021-06-09T11:18:46,20500.0,49.35,S
2021-06-09T11:18:46,1000.0,49.35,S
2021-06-09T11:18:46,500.0,49.35,S
2021-06-09T11:18:46,1000.0,49.35,S
2021-06-09T11:18:43,500.0,49.35,S
2021-06-09T11:18:43,200.0,49.45,S
2021-06-09T11:18:41,200.0,49.45,S
2021-06-09T11:18:41,300.0,49.45,S
2021-06-09T11:18:41,2100.0,49.35,S
2021-06-09T11:18:41,1500.0,49.4,S
2021-06-09T11:18:39,500.0,49.45,S
2021-06-09T11:18:36,100.0,49.45,S
2021-06-09T11:18:32,1500.0,49.35,S
2021-06-09T11:18:32,500.0,49.35,S
2021-06-09T11:18:32,100.0,49.4,S
2021-06-09T11:18:32,1400.0,49.4,S
2021-06-09T11:18:32,300.0,49.4,S
2021-06-09T11:18:32,2500.0,49.4,S
2021-06-09T11:18:32,1000.0,49.4,S
2021-06-09T11:18:32,1000.0,49.4,S
2021-06-09T11:18:32,800.0,49.4,S
2021-06-09T11:18:32,300.0,49.4,S
2021-06-09T11:18:32,300.0,49.4,S
2021-06-09T11:18:32,2200.0,49.4,S
2021-06-09T11:18:32,700.0,49.4,S
2021-06-09T11:18:32,600.0,49.4,S
2021-06-09T11:18:32,4400.0,49.4,S
2021-06-09T11:18:32,2300.0,49.4,S
2021-06-09T11:18:32,700.0,49.4,S
2021-06-09T11:18:31,1800.0,49.4,S
2021-06-09T11:18:31,5000.0,49.4,S
2021-06-09T11:18:31,2600.0,49.4,S
2021-06-09T11:18:31,1200.0,49.4,S
2021-06-09T11:18:31,2900.0,49.4,S
2021-06-09T11:18:31,6400.0,49.4,S
2021-06-09T11:18:31,900.0,49.4,S
2021-06-09T11:18:31,3000.0,49.4,S
2021-06-09T11:18:31,500.0,49.4,S
2021-06-09T11:18:31,1800.0,49.4,S
2021-06-09T11:18:31,200.0,49.4,S
2021-06-09T11:18:31,1900.0,49.4,S
2021-06-09T11:18:31,1200.0,49.4,S
2021-06-09T11:18:27,200.0,49.45,S
2021-06-09T11:18:25,100.0,49.4,S
2021-06-09T11:18:25,500.0,49.45,S
2021-06-09T11:18:20,400.0,49.5,B
2021-06-09T11:18:20,7000.0,49.5,B
2021-06-09T11:18:20,100.0,49.4,S
2021-06-09T11:18:20,300.0,49.4,S
2021-06-09T11:18:20,1300.0,49.4,S
2021-06-09T11:18:20,1200.0,49.4,S
2021-06-09T11:18:20,200.0,49.4,S
2021-06-09T11:18:20,600.0,49.4,S
2021-06-09T11:18:20,7300.0,49.4,S
2021-06-09T11:18:19,200.0,49.5,B
2021-06-09T11:18:16,4000.0,49.5,B
2021-06-09T11:18:16,3300.0,49.4,S
2021-06-09T11:18:16,6700.0,49.45,S
2021-06-09T11:18:12,200.0,49.5,B
2021-06-09T11:18:11,300.0,49.5,B
2021-06-09T11:18:08,100.0,49.5,B
2021-06-09T11:18:07,1000.0,49.5,B
2021-06-09T11:18:05,2400.0,49.45,S
2021-06-09T11:18:04,800.0,49.5,B
2021-06-09T11:18:03,100.0,49.5,B
2021-06-09T11:18:02,1500.0,49.45,S
2021-06-09T11:18:00,2000.0,49.5,B
2021-06-09T11:17:56,700.0,49.5,S
2021-06-09T11:17:54,1000.0,49.5,S
2021-06-09T11:17:53,200.0,49.5,S
2021-06-09T11:17:51,200.0,49.5,S
2021-06-09T11:17:47,100.0,49.5,S
2021-06-09T11:17:45,200.0,49.45,S
2021-06-09T11:17:36,1100.0,49.5,S
2021-06-09T11:17:34,100.0,49.5,S
2021-06-09T11:17:29,1000.0,49.45,S
2021-06-09T11:17:25,2000.0,49.5,S
2021-06-09T11:17:22,1000.0,49.45,S
2021-06-09T11:17:20,200.0,49.5,S
2021-06-09T11:17:17,500.0,49.5,S
2021-06-09T11:17:14,1000.0,49.5,S
2021-06-09T11:16:56,100.0,49.5,S
2021-06-09T11:16:56,3900.0,49.5,S
2021-06-09T11:16:56,300.0,49.5,S
2021-06-09T11:16:56,1000.0,49.5,S
2021-06-09T11:16:56,100.0,49.5,S
2021-06-09T11:16:56,1300.0,49.5,S
2021-06-09T11:16:56,3400.0,49.5,S
2021-06-09T11:16:52,100.0,49.5,S
2021-06-09T11:16:33,200.0,49.6,B
2021-06-09T11:16:33,500.0,49.6,B
2021-06-09T11:16:30,600.0,49.5,S
2021-06-09T11:16:30,5000.0,49.5,S
2021-06-09T11:16:30,2500.0,49.5,S
2021-06-09T11:16:30,14500.0,49.5,S
2021-06-09T11:16:30,100.0,49.5,S
2021-06-09T11:16:29,7300.0,49.5,S
2021-06-09T11:16:29,2000.0,49.5,S
2021-06-09T11:16:27,100.0,49.6,B
2021-06-09T11:16:26,600.0,49.6,B
2021-06-09T11:16:26,500.0,49.6,B
2021-06-09T11:16:25,6500.0,49.6,B
2021-06-09T11:16:22,300.0,49.5,S
2021-06-09T11:16:18,3000.0,49.5,S
2021-06-09T11:16:10,42500.0,49.5,S
2021-06-09T11:16:10,1100.0,49.5,S
2021-06-09T11:16:10,500.0,49.5,S
2021-06-09T11:16:10,1700.0,49.5,S
2021-06-09T11:16:10,900.0,49.5,S
2021-06-09T11:16:10,3900.0,49.5,S
2021-06-09T11:16:10,6600.0,49.5,S
2021-06-09T11:16:10,1100.0,49.5,S
2021-06-09T11:16:10,5800.0,49.5,S
2021-06-09T11:16:10,100.0,49.5,S
2021-06-09T11:16:10,1500.0,49.5,S
2021-06-09T11:16:10,600.0,49.5,S
2021-06-09T11:16:10,2900.0,49.5,S
2021-06-09T11:16:03,200.0,49.6,B
2021-06-09T11:16:03,800.0,49.5,S
2021-06-09T11:16:00,300.0,49.6,B
2021-06-09T11:15:59,4700.0,49.6,B
2021-06-09T11:15:59,5600.0,49.5,S
2021-06-09T11:15:54,1000.0,49.6,B
2021-06-09T11:15:54,1000.0,49.5,S
2021-06-09T11:15:54,400.0,49.5,S
2021-06-09T11:15:53,600.0,49.5,S
2021-06-09T11:15:53,8000.0,49.5,S
2021-06-09T11:15:48,10000.0,49.5,S
2021-06-09T11:15:43,2500.0,49.5,S
2021-06-09T11:15:43,7500.0,49.5,S
2021-06-09T11:15:42,1400.0,49.6,B
2021-06-09T11:15:41,2000.0,49.5,S
2021-06-09T11:15:39,200.0,49.6,B
2021-06-09T11:15:38,500.0,49.5,S
2021-06-09T11:15:34,100.0,49.55,S
2021-06-09T11:15:31,10300.0,49.5,S
2021-06-09T11:15:31,1900.0,49.5,S
2021-06-09T11:15:31,6300.0,49.5,S
2021-06-09T11:15:19,100.0,49.6,B
2021-06-09T11:15:19,2400.0,49.6,B
2021-06-09T11:15:16,600.0,49.6,B
2021-06-09T11:15:13,4000.0,49.5,S
2021-06-09T11:15:10,200.0,49.6,B
2021-06-09T11:15:07,500.0,49.5,S
2021-06-09T11:15:07,800.0,49.5,S
2021-06-09T11:15:07,2300.0,49.5,S
2021-06-09T11:15:07,1000.0,49.5,S
2021-06-09T11:15:07,200.0,49.5,S
2021-06-09T11:15:06,2600.0,49.5,S
2021-06-09T11:15:06,12600.0,49.5,S
2021-06-09T11:15:06,5000.0,49.5,S
2021-06-09T11:15:01,900.0,49.6,B
2021-06-09T11:14:54,300.0,49.6,B
2021-06-09T11:14:51,5000.0,49.5,S
2021-06-09T11:14:50,7000.0,49.6,B
2021-06-09T11:14:48,500.0,49.5,S
2021-06-09T11:14:48,300.0,49.6,B
2021-06-09T11:14:47,100.0,49.5,S
2021-06-09T11:14:47,500.0,49.5,S
2021-06-09T11:14:45,200.0,49.5,S
2021-06-09T11:14:43,200.0,49.6,B
2021-06-09T11:14:42,100.0,49.6,B
2021-06-09T11:14:38,20000.0,49.5,S
2021-06-09T11:14:33,2000.0,49.6,B
2021-06-09T11:14:33,2000.0,49.6,B
2021-06-09T11:14:26,1000.0,49.6,B
2021-06-09T11:14:22,100.0,49.6,B
2021-06-09T11:14:20,100.0,49.5,S
2021-06-09T11:14:20,100.0,49.6,B
2021-06-09T11:14:19,100.0,49.5,S
2021-06-09T11:14:18,200.0,49.6,B
2021-06-09T11:14:17,1000.0,49.6,B
2021-06-09T11:14:16,3100.0,49.65,B
2021-06-09T11:14:16,54100.0,49.6,B
2021-06-09T11:14:10,500.0,49.5,S
2021-06-09T11:14:10,200.0,49.6,B
2021-06-09T11:14:10,1000.0,49.55,S
2021-06-09T11:14:09,6000.0,49.5,S
2021-06-09T11:14:08,3000.0,49.5,S
2021-06-09T11:14:01,200.0,49.6,B
2021-06-09T11:14:00,1000.0,49.6,B
2021-06-09T11:13:52,19000.0,49.6,S
2021-06-09T11:13:52,3300.0,49.5,S
2021-06-09T11:13:52,1000.0,49.55,S
2021-06-09T11:13:52,100.0,49.55,S
2021-06-09T11:13:52,3800.0,49.55,S
2021-06-09T11:13:52,600.0,49.55,S
2021-06-09T11:13:52,26500.0,49.55,S
2021-06-09T11:13:52,6500.0,49.55,S
2021-06-09T11:13:51,300.0,49.55,S
2021-06-09T11:13:46,3000.0,49.6,S
2021-06-09T11:13:44,2000.0,49.6,S
2021-06-09T11:13:42,200.0,49.6,S
2021-06-09T11:13:42,2600.0,49.55,S
2021-06-09T11:13:42,900.0,49.55,S
2021-06-09T11:13:42,100.0,49.55,S
2021-06-09T11:13:42,700.0,49.55,S
2021-06-09T11:13:42,500.0,49.55,S
2021-06-09T11:13:42,2300.0,49.55,S
2021-06-09T11:13:40,500.0,49.6,S
2021-06-09T11:13:37,1000.0,49.55,S
2021-06-09T11:13:37,500.0,49.55,S
2021-06-09T11:13:36,100.0,49.6,S
2021-06-09T11:13:33,2000.0,49.55,S
2021-06-09T11:13:31,1000.0,49.6,S
2021-06-09T11:13:26,2200.0,49.55,S
2021-06-09T11:13:26,900.0,49.55,S
2021-06-09T11:13:24,100.0,49.6,S
2021-06-09T11:13:16,100.0,49.6,S
2021-06-09T11:13:10,800.0,49.6,S
2021-06-09T11:13:10,1000.0,49.55,S
2021-06-09T11:13:09,1500.0,49.55,S
2021-06-09T11:13:09,1500.0,49.55,S
2021-06-09T11:13:04,100.0,49.65,S
2021-06-09T11:12:50,300.0,49.65,S
2021-06-09T11:12:48,7000.0,49.65,S
2021-06-09T11:12:41,800.0,49.55,S
2021-06-09T11:12:41,1600.0,49.55,S
2021-06-09T11:12:41,400.0,49.6,S
2021-06-09T11:12:41,400.0,49.6,S
2021-06-09T11:12:41,1400.0,49.6,S
2021-06-09T11:12:41,2900.0,49.6,S
2021-06-09T11:12:37,300.0,49.65,S
2021-06-09T11:12:34,100.0,49.6,S
2021-06-09T11:12:34,1700.0,49.6,S
2021-06-09T11:12:34,100.0,49.6,S
2021-06-09T11:12:34,1500.0,49.6,S
2021-06-09T11:12:34,1600.0,49.6,S
2021-06-09T11:12:32,600.0,49.65,S
2021-06-09T11:12:25,2400.0,49.6,S
2021-06-09T11:12:22,200.0,49.7,B
2021-06-09T11:12:19,200.0,49.7,B
2021-06-09T11:12:19,1000.0,49.7,B
2021-06-09T11:12:18,500.0,49.6,S
2021-06-09T11:12:17,3000.0,49.6,S
2021-06-09T11:12:17,300.0,49.6,S
2021-06-09T11:12:17,100.0,49.6,S
2021-06-09T11:12:17,15100.0,49.6,S
2021-06-09T11:12:15,5000.0,49.7,B
2021-06-09T11:12:15,1200.0,49.6,S
2021-06-09T11:12:15,1200.0,49.6,S
2021-06-09T11:12:14,7600.0,49.6,S
2021-06-09T11:12:14,200.0,49.6,S
2021-06-09T11:12:12,2000.0,49.6,S
2021-06-09T11:12:12,4000.0,49.6,S
2021-06-09T11:12:10,1500.0,49.6,S
2021-06-09T11:12:05,1000.0,49.7,B
2021-06-09T11:12:03,200.0,49.6,S
2021-06-09T11:12:02,100.0,49.6,S
2021-06-09T11:12:02,8000.0,49.6,S
2021-06-09T11:12:02,100.0,49.6,S
2021-06-09T11:12:02,1500.0,49.6,S
2021-06-09T11:12:00,5400.0,49.6,S
2021-06-09T11:12:00,1000.0,49.7,B
2021-06-09T11:11:56,2200.0,49.7,B
2021-06-09T11:11:54,1000.0,49.6,S
2021-06-09T11:11:53,1000.0,49.7,B
2021-06-09T11:11:50,500.0,49.65,S
2021-06-09T11:11:47,700.0,49.6,S
2021-06-09T11:11:47,700.0,49.6,S
2021-06-09T11:11:47,1600.0,49.6,S
2021-06-09T11:11:47,300.0,49.65,S
2021-06-09T11:11:46,100.0,49.65,S
2021-06-09T11:11:41,1500.0,49.6,S
2021-06-09T11:11:36,2600.0,49.6,S
2021-06-09T11:11:35,100.0,49.65,S
2021-06-09T11:11:35,3100.0,49.6,S
2021-06-09T11:11:35,3700.0,49.6,S
2021-06-09T11:11:33,5000.0,49.6,S
2021-06-09T11:11:33,2300.0,49.6,S
2021-06-09T11:11:33,13700.0,49.6,S
2021-06-09T11:11:31,500.0,49.6,S
2021-06-09T11:11:31,5000.0,49.6,S
2021-06-09T11:11:27,100.0,49.65,S
2021-06-09T11:11:26,300.0,49.65,S
2021-06-09T11:11:14,1500.0,49.6,S
2021-06-09T11:11:13,200.0,49.65,S
2021-06-09T11:11:12,300.0,49.65,S
2021-06-09T11:11:12,500.0,49.65,S
2021-06-09T11:11:09,7500.0,49.6,S
2021-06-09T11:11:08,300.0,49.65,S
2021-06-09T11:11:07,500.0,49.65,S
2021-06-09T11:11:05,1000.0,49.6,S
2021-06-09T11:11:03,300.0,49.7,B
2021-06-09T11:10:59,200.0,49.7,B
2021-06-09T11:10:59,200.0,49.7,B
2021-06-09T11:10:59,200.0,49.6,S
2021-06-09T11:10:57,7000.0,49.7,B
2021-06-09T11:10:52,200.0,49.6,S
2021-06-09T11:10:50,3000.0,49.7,B
2021-06-09T11:10:50,300.0,49.7,B
2021-06-09T11:10:49,500.0,49.7,B
2021-06-09T11:10:45,2500.0,49.6,S
2021-06-09T11:10:44,1700.0,49.7,B
2021-06-09T11:10:44,2300.0,49.7,B
2021-06-09T11:10:44,100.0,49.7,B
2021-06-09T11:10:44,500.0,49.6,S
2021-06-09T11:10:40,1000.0,49.7,B
2021-06-09T11:10:40,200.0,49.7,B
2021-06-09T11:10:33,700.0,49.7,B
2021-06-09T11:10:33,1600.0,49.7,B
2021-06-09T11:10:32,2000.0,49.7,B
2021-06-09T11:10:29,2000.0,49.7,B
2021-06-09T11:10:27,1000.0,49.65,S
2021-06-09T11:10:27,200.0,49.65,S
2021-06-09T11:10:27,600.0,49.65,S
2021-06-09T11:10:26,1000.0,49.6,S
2021-06-09T11:10:22,1000.0,49.65,S
2021-06-09T11:10:21,1500.0,49.6,S
2021-06-09T11:10:17,300.0,49.65,S
2021-06-09T11:10:12,200.0,49.6,S
2021-06-09T11:10:10,900.0,49.7,B
2021-06-09T11:10:09,100.0,49.7,B
2021-06-09T11:10:07,200.0,49.6,S
2021-06-09T11:10:06,7600.0,49.7,B
2021-06-09T11:10:04,3000.0,49.7,B
2021-06-09T11:09:56,100.0,49.7,B
2021-06-09T11:09:54,900.0,49.7,B
2021-06-09T11:09:50,400.0,49.7,B
2021-06-09T11:09:50,100.0,49.7,B
2021-06-09T11:09:48,800.0,49.7,B
2021-06-09T11:09:40,300.0,49.7,B
2021-06-09T11:09:40,1000.0,49.6,S
2021-06-09T11:09:40,5500.0,49.6,S
2021-06-09T11:09:39,300.0,49.7,B
2021-06-09T11:09:38,200.0,49.7,B
2021-06-09T11:09:37,100.0,49.7,B
2021-06-09T11:09:36,1000.0,49.6,S
2021-06-09T11:09:32,3700.0,49.7,B
2021-06-09T11:09:30,200.0,49.7,B
2021-06-09T11:09:27,100.0,49.7,B
2021-06-09T11:09:27,1400.0,49.6,S
2021-06-09T11:09:26,100.0,49.6,S
2021-06-09T11:09:26,500.0,49.6,S
2021-06-09T11:09:26,500.0,49.7,B
2021-06-09T11:09:19,500.0,49.7,S
2021-06-09T11:09:12,500.0,49.7,S
2021-06-09T11:09:11,3000.0,49.6,S
2021-06-09T11:09:07,300.0,49.7,S
2021-06-09T11:09:02,100.0,49.7,S
2021-06-09T11:09:02,500.0,49.7,S
2021-06-09T11:09:00,200.0,49.7,S
2021-06-09T11:08:59,500.0,49.7,S
2021-06-09T11:08:58,7000.0,49.7,S
2021-06-09T11:08:57,300.0,49.7,S
2021-06-09T11:08:52,100.0,49.7,S
2021-06-09T11:08:51,100.0,49.7,S
2021-06-09T11:08:49,2000.0,49.7,S
2021-06-09T11:08:46,1100.0,49.7,S
2021-06-09T11:08:43,100.0,49.7,S
2021-06-09T11:08:42,1000.0,49.7,S
2021-06-09T11:08:40,5000.0,49.7,S
2021-06-09T11:08:39,400.0,49.7,S
2021-06-09T11:08:39,1500.0,49.6,S
2021-06-09T11:08:37,200.0,49.7,S
2021-06-09T11:08:35,1000.0,49.7,S
2021-06-09T11:08:35,500.0,49.7,S
2021-06-09T11:08:33,300.0,49.7,S
2021-06-09T11:08:32,200.0,49.7,S
2021-06-09T11:08:31,100.0,49.7,S
2021-06-09T11:08:27,500.0,49.7,S
2021-06-09T11:08:27,100.0,49.7,S
2021-06-09T11:08:27,1000.0,49.6,S
2021-06-09T11:08:26,100.0,49.7,S
2021-06-09T11:08:25,4000.0,49.7,S
2021-06-09T11:08:25,2000.0,49.7,S
2021-06-09T11:08:19,100.0,49.7,S
2021-06-09T11:08:17,100.0,49.7,S
2021-06-09T11:08:17,1900.0,49.7,S
2021-06-09T11:08:17,2000.0,49.7,S
2021-06-09T11:08:16,200.0,49.7,S
2021-06-09T11:08:14,400.0,49.6,S
2021-06-09T11:08:14,2000.0,49.7,S
2021-06-09T11:08:13,500.0,49.7,S
2021-06-09T11:08:13,900.0,49.7,S
2021-06-09T11:08:10,2000.0,49.7,S
2021-06-09T11:08:10,10000.0,49.7,S
2021-06-09T11:08:06,300.0,49.7,S
2021-06-09T11:08:06,400.0,49.7,S
2021-06-09T11:08:02,1000.0,49.7,S
2021-06-09T11:08:01,1000.0,49.7,S
2021-06-09T11:07:59,1000.0,49.7,S
2021-06-09T11:07:58,10000.0,49.8,S
2021-06-09T11:07:57,1000.0,49.8,S
2021-06-09T11:07:56,5000.0,49.8,S
2021-06-09T11:07:56,5000.0,49.8,S
2021-06-09T11:07:54,900.0,49.8,S
2021-06-09T11:07:54,1500.0,49.6,S
2021-06-09T11:07:54,5100.0,49.65,S
2021-06-09T11:07:54,500.0,49.65,S
2021-06-09T11:07:54,1400.0,49.65,S
2021-06-09T11:07:54,900.0,49.65,S
2021-06-09T11:07:54,1000.0,49.7,S
2021-06-09T11:07:54,1200.0,49.7,S
2021-06-09T11:07:54,200.0,49.7,S
2021-06-09T11:07:54,4700.0,49.7,S
2021-06-09T11:07:47,2600.0,49.7,S
2021-06-09T11:07:43,7500.0,49.7,S
2021-06-09T11:07:39,1000.0,49.8,S
2021-06-09T11:07:38,400.0,49.8,S
2021-06-09T11:07:34,5100.0,49.8,S
2021-06-09T11:07:31,5000.0,49.75,S
2021-06-09T11:07:30,400.0,49.8,S
2021-06-09T11:07:24,300.0,49.75,S
2021-06-09T11:07:24,4500.0,49.8,S
2021-06-09T11:07:23,300.0,49.75,S
2021-06-09T11:07:22,4100.0,49.8,S
2021-06-09T11:07:22,200.0,49.8,S
2021-06-09T11:07:21,5000.0,49.8,S
2021-06-09T11:07:18,1000.0,49.8,S
2021-06-09T11:07:12,7000.0,49.8,S
2021-06-09T11:07:07,200.0,49.8,S
2021-06-09T11:07:07,300.0,49.8,S
2021-06-09T11:07:05,5500.0,49.75,S
2021-06-09T11:07:00,700.0,49.8,S
2021-06-09T11:07:00,300.0,49.8,S
2021-06-09T11:07:00,500.0,49.75,S
2021-06-09T11:07:00,100.0,49.75,S
2021-06-09T11:06:54,3300.0,49.8,S
2021-06-09T11:06:52,200.0,49.8,S
2021-06-09T11:06:41,300.0,49.7,S
2021-06-09T11:06:41,400.0,49.7,S
2021-06-09T11:06:41,100.0,49.7,S
2021-06-09T11:06:41,6500.0,49.7,S
2021-06-09T11:06:41,200.0,49.7,S
2021-06-09T11:06:40,1000.0,49.8,S
2021-06-09T11:06:37,300.0,49.8,S
2021-06-09T11:06:35,100.0,49.8,S
2021-06-09T11:06:34,200.0,49.8,S
2021-06-09T11:06:32,6000.0,49.7,S
2021-06-09T11:06:29,2000.0,49.7,S
2021-06-09T11:06:28,9000.0,49.8,S
2021-06-09T11:06:27,100.0,49.8,S
2021-06-09T11:06:27,100.0,49.8,S
2021-06-09T11:06:25,300.0,49.8,S
2021-06-09T11:06:25,400.0,49.8,S
2021-06-09T11:06:24,2000.0,49.8,S
2021-06-09T11:06:22,500.0,49.8,S
2021-06-09T11:06:16,1100.0,49.8,S
2021-06-09T11:06:16,100.0,49.8,S
2021-06-09T11:06:14,3000.0,49.8,S
2021-06-09T11:06:13,100.0,49.75,S
2021-06-09T11:06:12,500.0,49.75,S
2021-06-09T11:06:09,200.0,49.75,S
2021-06-09T11:06:09,100.0,49.75,S
2021-06-09T11:06:08,500.0,49.75,S
2021-06-09T11:06:04,5000.0,49.75,S
2021-06-09T11:06:03,1000.0,49.75,S
2021-06-09T11:06:03,100.0,49.75,S
2021-06-09T11:06:03,5700.0,49.75,S
2021-06-09T11:06:00,2000.0,49.8,S
2021-06-09T11:05:52,1600.0,49.85,B
2021-06-09T11:05:49,1000.0,49.85,B
2021-06-09T11:05:46,100.0,49.85,B
2021-06-09T11:05:45,3100.0,49.8,S
2021-06-09T11:05:44,100.0,49.8,S
2021-06-09T11:05:42,5000.0,49.8,S
2021-06-09T11:05:39,300.0,49.8,S
2021-06-09T11:05:37,200.0,49.8,S
2021-06-09T11:05:35,500.0,49.8,S
2021-06-09T11:05:30,500.0,49.8,S
2021-06-09T11:05:30,200.0,49.8,S
2021-06-09T11:05:27,1100.0,49.8,S
2021-06-09T11:05:25,1000.0,49.8,S
2021-06-09T11:05:23,1300.0,49.75,S
2021-06-09T11:05:23,7100.0,49.75,S
2021-06-09T11:05:23,300.0,49.8,S
2021-06-09T11:05:22,1300.0,49.8,S
2021-06-09T11:05:19,18000.0,49.9,B
2021-06-09T11:05:14,800.0,49.9,B
2021-06-09T11:05:14,13600.0,49.9,B
2021-06-09T11:05:14,700.0,49.85,B
2021-06-09T11:05:13,1900.0,49.85,B
2021-06-09T11:05:13,300.0,49.8,S
2021-06-09T11:05:12,200.0,49.85,B
2021-06-09T11:05:11,2100.0,49.85,B
2021-06-09T11:05:11,200.0,49.85,B
2021-06-09T11:05:10,1000.0,49.85,B
2021-06-09T11:05:10,3000.0,49.85,B
2021-06-09T11:05:07,6300.0,49.85,B
2021-06-09T11:05:05,300.0,49.85,B
2021-06-09T11:05:02,7000.0,49.85,B
2021-06-09T11:05:01,100.0,49.85,S
2021-06-09T11:04:58,10000.0,49.8,S
2021-06-09T11:04:56,5000.0,49.85,S
2021-06-09T11:04:53,200.0,49.85,S
2021-06-09T11:04:51,5400.0,49.85,S
2021-06-09T11:04:50,100.0,49.85,S
2021-06-09T11:04:46,40000.0,49.85,S
2021-06-09T11:04:45,8200.0,49.8,S
2021-06-09T11:04:41,700.0,49.8,S
2021-06-09T11:04:41,200.0,49.8,S
2021-06-09T11:04:41,100.0,49.8,S
2021-06-09T11:04:40,1000.0,49.9,B
2021-06-09T11:04:36,1000.0,49.9,B
2021-06-09T11:04:32,200.0,49.85,S
2021-06-09T11:04:32,300.0,49.85,S
2021-06-09T11:04:32,300.0,49.85,S
2021-06-09T11:04:31,100.0,49.8,S
2021-06-09T11:04:30,10000.0,49.8,S
2021-06-09T11:04:28,1800.0,49.8,S
2021-06-09T11:04:25,2000.0,49.85,S
2021-06-09T11:04:24,200.0,49.85,S
2021-06-09T11:04:23,500.0,49.85,S
2021-06-09T11:04:23,1100.0,49.85,S
2021-06-09T11:04:08,300.0,49.85,S
2021-06-09T11:04:07,700.0,49.85,S
2021-06-09T11:04:06,1500.0,49.85,S
2021-06-09T11:04:03,500.0,49.85,S
2021-06-09T11:04:02,200.0,49.85,S
2021-06-09T11:04:02,1700.0,49.85,S
2021-06-09T11:04:01,100.0,49.85,S
2021-06-09T11:03:59,500.0,49.85,S
2021-06-09T11:03:57,500.0,49.85,S
2021-06-09T11:03:57,1000.0,49.85,S
2021-06-09T11:03:56,200.0,49.85,S
2021-06-09T11:03:55,3000.0,49.8,S
2021-06-09T11:03:54,200.0,49.85,S
2021-06-09T11:03:50,100.0,49.85,S
2021-06-09T11:03:48,200.0,49.9,B
2021-06-09T11:03:45,300.0,49.9,B
2021-06-09T11:03:45,200.0,49.9,B
2021-06-09T11:03:44,1300.0,49.8,S
2021-06-09T11:03:44,1100.0,49.8,S
2021-06-09T11:03:44,1200.0,49.8,S
2021-06-09T11:03:44,3800.0,49.8,S
2021-06-09T11:03:44,100.0,49.8,S
2021-06-09T11:03:44,1100.0,49.8,S
2021-06-09T11:03:44,1200.0,49.8,S
2021-06-09T11:03:43,500.0,49.9,B
2021-06-09T11:03:42,2000.0,49.85,S
2021-06-09T11:03:37,1200.0,49.9,B
2021-06-09T11:03:36,8000.0,49.85,S
2021-06-09T11:03:34,15000.0,49.85,S
2021-06-09T11:03:34,2000.0,49.9,B
2021-06-09T11:03:33,500.0,49.9,B
2021-06-09T11:03:30,200.0,49.9,B
2021-06-09T11:03:30,5100.0,49.9,B
2021-06-09T11:03:30,1700.0,49.9,B
2021-06-09T11:03:29,1000.0,49.9,B
2021-06-09T11:03:24,500.0,49.9,B
2021-06-09T11:03:24,1000.0,49.9,B
2021-06-09T11:03:22,5000.0,49.85,S
