tradingTime,volume,price,side
2021-06-09T14:30:10,400.0,44.45,B
2021-06-09T14:30:10,600.0,44.45,B
2021-06-09T14:29:01,100.0,44.45,B
2021-06-09T14:28:32,4300.0,43.5,S
2021-06-09T14:27:05,4100.0,44.45,S
2021-06-09T14:26:55,100.0,44.45,S
2021-06-09T14:26:10,900.0,43.3,S
2021-06-09T14:26:10,4100.0,43.5,S
2021-06-09T14:26:03,100.0,44.45,S
2021-06-09T14:25:10,1000.0,43.5,S
2021-06-09T14:25:10,4000.0,44.45,S
2021-06-09T14:24:36,1000.0,44.45,B
2021-06-09T14:23:20,100.0,44.45,B
2021-06-09T14:22:28,600.0,43.2,S
2021-06-09T14:22:28,2100.0,43.2,S
2021-06-09T14:22:28,300.0,43.2,S
2021-06-09T14:22:27,2000.0,43.3,S
2021-06-09T14:21:31,100.0,44.5,B
2021-06-09T14:21:31,200.0,44.4,B
2021-06-09T14:20:39,100.0,43.5,S
2021-06-09T14:20:38,3400.0,43.5,S
2021-06-09T14:20:38,500.0,44.0,S
2021-06-09T14:20:24,100.0,44.4,S
2021-06-09T14:19:28,100.0,44.4,S
2021-06-09T14:18:50,1000.0,44.4,S
2021-06-09T14:18:28,5000.0,44.5,B
2021-06-09T14:18:08,1200.0,44.5,B
2021-06-09T14:18:08,5900.0,44.5,B
2021-06-09T14:18:08,1900.0,44.5,B
2021-06-09T14:15:53,1000.0,44.5,B
2021-06-09T14:14:49,3900.0,44.4,B
2021-06-09T14:13:58,100.0,44.0,B
2021-06-09T14:12:45,400.0,43.5,S
2021-06-09T14:12:45,9600.0,43.5,S
2021-06-09T14:12:04,4000.0,44.0,B
2021-06-09T14:12:04,500.0,44.0,B
2021-06-09T14:09:25,700.0,44.0,B
2021-06-09T14:09:07,100.0,44.0,B
2021-06-09T14:08:08,4900.0,44.0,B
2021-06-09T14:07:39,500.0,44.0,B
2021-06-09T14:07:18,100.0,44.0,B
2021-06-09T14:05:54,100.0,44.0,S
2021-06-09T14:04:44,3100.0,44.0,S
2021-06-09T14:01:19,800.0,44.5,B
2021-06-09T14:01:19,500.0,44.45,B
2021-06-09T14:01:19,2300.0,44.45,B
2021-06-09T14:01:17,3500.0,44.0,B
2021-06-09T14:00:09,5700.0,44.0,S
2021-06-09T14:00:09,100.0,44.1,S
2021-06-09T14:00:07,700.0,44.1,S
2021-06-09T13:57:44,100.0,44.45,B
2021-06-09T13:56:46,1300.0,44.1,S
2021-06-09T13:56:11,1400.0,44.1,S
2021-06-09T13:56:11,2400.0,44.1,S
2021-06-09T13:50:29,200.0,44.45,B
2021-06-09T13:49:29,1000.0,44.1,S
2021-06-09T13:47:42,400.0,44.45,S
2021-06-09T13:47:38,100.0,44.5,B
2021-06-09T13:46:45,2900.0,44.1,S
2021-06-09T13:46:45,100.0,44.45,S
2021-06-09T13:37:06,10000.0,44.5,B
2021-06-09T13:35:33,200.0,44.45,B
2021-06-09T13:35:21,2500.0,44.45,S
2021-06-09T13:35:02,2300.0,44.5,B
2021-06-09T13:31:42,200.0,44.5,B
2021-06-09T13:28:58,300.0,44.5,B
2021-06-09T13:26:48,100.0,44.5,B
2021-06-09T13:25:37,200.0,44.5,B
2021-06-09T13:24:46,300.0,44.45,S
2021-06-09T13:23:29,100.0,44.5,B
2021-06-09T13:22:36,15000.0,44.5,B
2021-06-09T13:22:00,400.0,44.45,S
2021-06-09T13:20:32,700.0,44.5,B
2021-06-09T13:19:40,300.0,44.5,B
2021-06-09T13:19:37,1000.0,44.5,B
2021-06-09T13:18:13,8900.0,44.5,B
2021-06-09T13:15:40,5000.0,44.5,B
2021-06-09T13:15:18,2900.0,44.45,B
2021-06-09T13:13:01,10000.0,44.45,B
2021-06-09T11:22:14,2000.0,44.45,B
2021-06-09T11:21:40,1000.0,44.0,S
2021-06-09T11:19:19,2300.0,44.0,S
2021-06-09T11:18:27,500.0,44.0,S
2021-06-09T11:13:44,400.0,44.0,S
2021-06-09T11:09:50,6100.0,44.45,B
2021-06-09T11:08:03,3900.0,44.45,B
2021-06-09T10:57:48,100.0,44.45,B
2021-06-09T10:56:30,100.0,44.0,S
2021-06-09T10:55:21,2000.0,44.0,S
2021-06-09T10:46:32,500.0,44.0,S
2021-06-09T10:42:47,100.0,44.45,B
2021-06-09T10:39:03,2300.0,44.45,B
2021-06-09T10:37:12,600.0,44.45,B
2021-06-09T10:36:28,7100.0,44.45,B
2021-06-09T10:31:31,1200.0,44.0,B
2021-06-09T10:31:24,700.0,43.9,S
2021-06-09T10:30:16,3800.0,43.9,S
2021-06-09T10:26:01,5000.0,43.9,S
2021-06-09T10:25:27,1000.0,43.9,S
2021-06-09T10:22:16,5200.0,43.9,B
2021-06-09T10:17:28,10000.0,43.9,B
2021-06-09T10:10:31,5000.0,43.3,S
2021-06-09T10:08:43,1000.0,43.8,B
2021-06-09T10:07:36,100.0,43.5,B
2021-06-09T09:59:15,14000.0,43.5,S
2021-06-09T09:52:06,500.0,43.9,S
2021-06-09T09:50:38,4600.0,43.9,S
2021-06-09T09:38:42,800.0,43.9,S
2021-06-09T09:36:46,1700.0,44.5,S
2021-06-09T09:34:25,3100.0,44.5,S
2021-06-09T09:32:22,200.0,44.5,S
2021-06-09T09:25:02,200.0,43.9,S
2021-06-09T09:18:39,500.0,43.2,S
2021-06-09T09:17:56,300.0,45.0,B
2021-06-09T09:17:52,5000.0,45.0,B
2021-06-09T09:17:09,10000.0,45.0,B
2021-06-09T09:16:45,6000.0,45.0,B
2021-06-09T09:16:20,5000.0,45.0,B
2021-06-09T09:15:44,100.0,43.1,S
