tradingTime,volume,price,side
2021-06-09T14:30:15,2800.0,29.25,B
2021-06-09T14:29:45,1000.0,29.25,B
2021-06-09T14:29:38,400.0,29.25,B
2021-06-09T14:29:34,300.0,29.25,B
2021-06-09T14:29:28,100.0,29.25,B
2021-06-09T14:29:14,500.0,29.25,B
2021-06-09T14:29:10,2000.0,29.25,B
2021-06-09T14:29:10,2000.0,29.25,B
2021-06-09T14:29:04,500.0,29.25,B
2021-06-09T14:28:54,1000.0,29.25,B
2021-06-09T14:28:46,1400.0,29.25,B
2021-06-09T14:28:43,1000.0,29.25,B
2021-06-09T14:28:41,100.0,29.25,B
2021-06-09T14:28:32,100.0,29.25,B
2021-06-09T14:28:20,200.0,29.25,B
2021-06-09T14:28:17,200.0,29.25,B
2021-06-09T14:28:11,500.0,29.25,B
2021-06-09T14:28:02,500.0,29.2,S
2021-06-09T14:27:44,800.0,29.25,S
2021-06-09T14:27:44,2200.0,29.25,S
2021-06-09T14:27:42,1000.0,29.25,S
2021-06-09T14:27:33,1000.0,29.25,S
2021-06-09T14:27:21,200.0,29.2,S
2021-06-09T14:27:20,100.0,29.25,S
2021-06-09T14:27:20,300.0,29.2,S
2021-06-09T14:27:20,3000.0,29.25,S
2021-06-09T14:27:05,200.0,29.25,S
2021-06-09T14:26:54,4400.0,29.2,S
2021-06-09T14:26:54,1000.0,29.2,S
2021-06-09T14:26:54,24600.0,29.2,S
2021-06-09T14:26:54,500.0,29.25,S
2021-06-09T14:26:53,2000.0,29.25,S
2021-06-09T14:26:29,500.0,29.25,S
2021-06-09T14:25:38,500.0,29.25,S
2021-06-09T14:25:37,300.0,29.25,S
2021-06-09T14:25:28,1800.0,29.25,S
2021-06-09T14:25:17,200.0,29.25,B
2021-06-09T14:25:09,3000.0,29.2,S
2021-06-09T14:25:08,300.0,29.25,B
2021-06-09T14:25:03,300.0,29.25,B
2021-06-09T14:25:01,3700.0,29.2,S
2021-06-09T14:25:01,2000.0,29.2,S
2021-06-09T14:25:00,8300.0,29.2,S
2021-06-09T14:25:00,4000.0,29.25,B
2021-06-09T14:24:58,500.0,29.3,B
2021-06-09T14:24:54,500.0,29.25,B
2021-06-09T14:24:49,100.0,29.25,B
2021-06-09T14:24:39,3100.0,29.25,B
2021-06-09T14:24:39,4600.0,29.25,B
2021-06-09T14:24:38,200.0,29.25,B
2021-06-09T14:24:38,4800.0,29.25,B
2021-06-09T14:24:36,1000.0,29.2,S
2021-06-09T14:24:33,200.0,29.2,S
2021-06-09T14:24:30,2000.0,29.25,B
2021-06-09T14:24:30,3000.0,29.2,S
2021-06-09T14:24:27,100.0,29.25,B
2021-06-09T14:24:19,1800.0,29.25,B
2021-06-09T14:24:08,500.0,29.25,B
2021-06-09T14:23:50,500.0,29.25,B
2021-06-09T14:23:09,600.0,29.2,S
2021-06-09T14:23:09,1400.0,29.2,S
2021-06-09T14:23:02,500.0,29.25,B
2021-06-09T14:23:01,300.0,29.2,S
2021-06-09T14:23:00,1800.0,29.2,S
2021-06-09T14:23:00,6600.0,29.2,S
2021-06-09T14:22:43,400.0,29.2,S
2021-06-09T14:22:41,400.0,29.25,B
2021-06-09T14:22:41,100.0,29.25,B
2021-06-09T14:22:33,600.0,29.2,S
2021-06-09T14:22:33,4400.0,29.2,S
2021-06-09T14:22:21,1000.0,29.25,B
2021-06-09T14:22:13,1500.0,29.25,B
2021-06-09T14:21:38,100.0,29.25,B
2021-06-09T14:21:34,3000.0,29.25,B
2021-06-09T14:21:22,100.0,29.2,S
2021-06-09T14:21:09,1000.0,29.25,B
2021-06-09T14:21:00,3000.0,29.25,B
2021-06-09T14:20:58,2500.0,29.2,S
2021-06-09T14:20:36,600.0,29.2,S
2021-06-09T14:20:36,1000.0,29.2,S
2021-06-09T14:20:15,500.0,29.25,B
2021-06-09T14:19:34,3000.0,29.2,S
2021-06-09T14:19:28,400.0,29.2,S
2021-06-09T14:19:16,200.0,29.2,S
2021-06-09T14:18:28,1000.0,29.2,B
2021-06-09T14:17:56,17200.0,29.2,B
2021-06-09T14:17:42,1000.0,29.15,S
2021-06-09T14:17:40,2000.0,29.2,B
2021-06-09T14:17:39,100.0,29.2,B
2021-06-09T14:17:38,1000.0,29.2,B
2021-06-09T14:17:36,1000.0,29.2,B
2021-06-09T14:17:34,1200.0,29.2,B
2021-06-09T14:17:07,500.0,29.2,B
2021-06-09T14:16:45,100.0,29.2,B
2021-06-09T14:16:29,500.0,29.2,B
2021-06-09T14:16:26,500.0,29.15,S
2021-06-09T14:16:24,400.0,29.15,S
2021-06-09T14:16:24,100.0,29.15,S
2021-06-09T14:16:18,500.0,29.2,B
2021-06-09T14:16:18,300.0,29.2,B
2021-06-09T14:16:17,100.0,29.2,B
2021-06-09T14:16:17,700.0,29.15,S
2021-06-09T14:16:10,1100.0,29.2,B
2021-06-09T14:16:10,1000.0,29.15,S
2021-06-09T14:15:49,2000.0,29.15,S
2021-06-09T14:15:45,100.0,29.2,B
2021-06-09T14:15:32,2000.0,29.15,S
2021-06-09T14:15:17,500.0,29.2,B
2021-06-09T14:15:14,2000.0,29.15,S
2021-06-09T14:15:12,100.0,29.15,S
2021-06-09T14:14:48,100.0,29.15,S
2021-06-09T14:14:47,300.0,29.15,S
2021-06-09T14:14:45,900.0,29.2,B
2021-06-09T14:14:43,200.0,29.1,S
2021-06-09T14:14:43,2400.0,29.1,S
2021-06-09T14:14:43,100.0,29.15,S
2021-06-09T14:14:43,3700.0,29.15,S
2021-06-09T14:14:43,5000.0,29.15,S
2021-06-09T14:14:43,8600.0,29.15,S
2021-06-09T14:14:40,1000.0,29.2,B
2021-06-09T14:14:25,2000.0,29.15,S
2021-06-09T14:14:24,400.0,29.2,B
2021-06-09T14:14:22,1000.0,29.2,B
2021-06-09T14:14:21,1000.0,29.2,B
2021-06-09T14:14:12,3100.0,29.15,S
2021-06-09T14:14:07,400.0,29.15,S
2021-06-09T14:14:01,300.0,29.2,B
2021-06-09T14:13:48,500.0,29.15,S
2021-06-09T14:13:43,200.0,29.15,S
2021-06-09T14:13:37,300.0,29.15,S
2021-06-09T14:13:23,2000.0,29.15,S
2021-06-09T14:13:16,1500.0,29.15,S
2021-06-09T14:13:11,2000.0,29.15,S
2021-06-09T14:13:02,2000.0,29.2,B
2021-06-09T14:13:00,500.0,29.2,B
2021-06-09T14:12:59,500.0,29.15,S
2021-06-09T14:12:55,300.0,29.15,S
2021-06-09T14:12:53,200.0,29.15,S
2021-06-09T14:12:30,3000.0,29.2,B
2021-06-09T14:12:22,100.0,29.2,B
2021-06-09T14:12:18,300.0,29.2,B
2021-06-09T14:12:08,1000.0,29.15,S
2021-06-09T14:11:49,2000.0,29.2,B
2021-06-09T14:11:44,10000.0,29.2,B
2021-06-09T14:11:43,100.0,29.2,B
2021-06-09T14:11:43,100.0,29.2,B
2021-06-09T14:11:41,200.0,29.2,B
2021-06-09T14:11:39,500.0,29.2,B
2021-06-09T14:11:38,300.0,29.2,B
2021-06-09T14:11:27,2500.0,29.2,B
2021-06-09T14:11:22,100.0,29.2,B
2021-06-09T14:11:18,200.0,29.2,S
2021-06-09T14:11:13,100.0,29.2,S
2021-06-09T14:11:07,3000.0,29.25,B
2021-06-09T14:11:00,3000.0,29.25,B
2021-06-09T14:11:00,100.0,29.2,S
2021-06-09T14:11:00,300.0,29.2,S
2021-06-09T14:11:00,1100.0,29.2,S
2021-06-09T14:11:00,1500.0,29.2,S
2021-06-09T14:11:00,500.0,29.2,S
2021-06-09T14:10:59,200.0,29.2,S
2021-06-09T14:10:59,100.0,29.2,S
2021-06-09T14:10:59,1500.0,29.2,S
2021-06-09T14:10:59,200.0,29.2,S
2021-06-09T14:10:59,100.0,29.2,S
2021-06-09T14:10:59,200.0,29.2,S
2021-06-09T14:10:59,500.0,29.2,S
2021-06-09T14:10:59,1600.0,29.2,S
2021-06-09T14:10:59,500.0,29.2,S
2021-06-09T14:10:46,300.0,29.25,B
2021-06-09T14:10:44,1300.0,29.25,B
2021-06-09T14:10:43,200.0,29.25,B
2021-06-09T14:10:40,100.0,29.25,B
2021-06-09T14:10:34,2000.0,29.25,B
2021-06-09T14:10:30,1400.0,29.25,B
2021-06-09T14:10:30,3000.0,29.2,S
2021-06-09T14:10:30,500.0,29.25,B
2021-06-09T14:10:27,2000.0,29.25,B
2021-06-09T14:10:15,100.0,29.25,B
2021-06-09T14:10:13,2000.0,29.2,S
2021-06-09T14:10:04,300.0,29.2,S
2021-06-09T14:10:03,7000.0,29.2,S
2021-06-09T14:09:59,3000.0,29.2,S
2021-06-09T14:09:59,200.0,29.2,S
2021-06-09T14:09:59,1800.0,29.2,S
2021-06-09T14:09:59,100.0,29.2,S
2021-06-09T14:09:46,500.0,29.2,S
2021-06-09T14:09:41,2000.0,29.2,S
2021-06-09T14:09:29,5000.0,29.2,S
2021-06-09T14:09:28,900.0,29.25,B
2021-06-09T14:09:28,1900.0,29.25,B
2021-06-09T14:09:28,2200.0,29.25,B
2021-06-09T14:09:25,100.0,29.25,B
2021-06-09T14:09:18,1000.0,29.2,S
2021-06-09T14:09:00,2000.0,29.25,B
2021-06-09T14:08:46,4000.0,29.2,S
2021-06-09T14:08:45,100.0,29.2,S
2021-06-09T14:08:39,1000.0,29.25,B
2021-06-09T14:08:38,100.0,29.2,S
2021-06-09T14:08:35,700.0,29.25,B
2021-06-09T14:08:30,500.0,29.25,B
2021-06-09T14:08:28,100.0,29.25,B
2021-06-09T14:08:25,1000.0,29.25,B
2021-06-09T14:08:10,100.0,29.25,B
2021-06-09T14:07:54,2900.0,29.25,B
2021-06-09T14:07:54,1000.0,29.25,B
2021-06-09T14:07:48,6000.0,29.25,B
2021-06-09T14:07:46,1000.0,29.25,B
2021-06-09T14:07:39,2000.0,29.25,B
2021-06-09T14:07:39,100.0,29.25,B
2021-06-09T14:07:35,2000.0,29.25,B
2021-06-09T14:07:15,1000.0,29.25,B
2021-06-09T14:07:15,100.0,29.25,B
2021-06-09T14:06:59,1000.0,29.25,B
2021-06-09T14:06:27,4600.0,29.25,B
2021-06-09T14:06:23,500.0,29.25,S
2021-06-09T14:06:23,100.0,29.25,S
2021-06-09T14:06:23,1500.0,29.25,S
2021-06-09T14:06:23,600.0,29.25,S
2021-06-09T14:06:23,6000.0,29.25,S
2021-06-09T14:06:23,2000.0,29.25,S
2021-06-09T14:06:23,5200.0,29.25,S
2021-06-09T14:06:22,5000.0,29.25,S
2021-06-09T14:06:15,1000.0,29.25,S
2021-06-09T14:06:07,600.0,29.3,B
2021-06-09T14:06:06,300.0,29.25,S
2021-06-09T14:05:58,400.0,29.25,S
2021-06-09T14:05:52,500.0,29.25,S
2021-06-09T14:05:50,1000.0,29.25,S
2021-06-09T14:05:48,5100.0,29.25,S
2021-06-09T14:05:47,3700.0,29.25,S
2021-06-09T14:05:45,500.0,29.3,B
2021-06-09T14:05:42,1800.0,29.25,S
2021-06-09T14:05:27,700.0,29.25,S
2021-06-09T14:05:22,1000.0,29.25,S
2021-06-09T14:05:06,1000.0,29.25,S
2021-06-09T14:05:01,1000.0,29.25,S
2021-06-09T14:05:00,5000.0,29.25,S
2021-06-09T14:04:52,1000.0,29.25,S
2021-06-09T14:04:50,1500.0,29.3,B
2021-06-09T14:04:50,100.0,29.25,S
2021-06-09T14:04:48,200.0,29.3,B
2021-06-09T14:04:28,2700.0,29.25,S
2021-06-09T14:03:53,10000.0,29.25,S
2021-06-09T14:03:50,7100.0,29.25,S
2021-06-09T14:03:46,1600.0,29.25,S
2021-06-09T14:03:46,500.0,29.3,B
2021-06-09T14:03:38,300.0,29.3,B
2021-06-09T14:03:29,100.0,29.3,B
2021-06-09T14:03:20,200.0,29.25,S
2021-06-09T14:02:42,100.0,29.3,S
2021-06-09T14:02:39,1300.0,29.3,S
2021-06-09T14:02:39,1200.0,29.3,S
2021-06-09T14:02:39,100.0,29.3,S
2021-06-09T14:02:39,11100.0,29.3,S
2021-06-09T14:02:39,7000.0,29.3,S
2021-06-09T14:02:39,200.0,29.3,S
2021-06-09T14:02:39,11200.0,29.3,S
2021-06-09T14:02:37,14800.0,29.3,S
2021-06-09T14:02:35,3000.0,29.35,B
2021-06-09T14:02:35,3600.0,29.35,B
2021-06-09T14:02:35,1400.0,29.35,B
2021-06-09T14:02:21,8600.0,29.35,B
2021-06-09T14:02:19,500.0,29.35,B
2021-06-09T14:02:14,100.0,29.35,S
2021-06-09T14:02:13,100.0,29.35,S
2021-06-09T14:02:11,500.0,29.3,S
2021-06-09T14:02:06,100.0,29.35,S
2021-06-09T14:01:55,400.0,29.35,S
2021-06-09T14:01:11,1300.0,29.35,S
2021-06-09T14:00:57,500.0,29.4,B
2021-06-09T14:00:36,1000.0,29.35,S
2021-06-09T14:00:36,2000.0,29.35,S
2021-06-09T14:00:21,2000.0,29.35,S
2021-06-09T14:00:06,1000.0,29.4,B
2021-06-09T14:00:02,300.0,29.4,B
2021-06-09T13:59:29,100.0,29.4,S
2021-06-09T13:59:28,500.0,29.4,S
2021-06-09T13:59:22,100.0,29.4,S
2021-06-09T13:59:22,2000.0,29.4,S
2021-06-09T13:59:14,1200.0,29.4,S
2021-06-09T13:59:10,200.0,29.4,S
2021-06-09T13:59:10,1700.0,29.4,S
2021-06-09T13:59:10,4200.0,29.4,S
2021-06-09T13:59:08,5000.0,29.5,B
2021-06-09T13:59:06,1800.0,29.5,B
2021-06-09T13:59:03,100.0,29.5,B
2021-06-09T13:59:02,1000.0,29.5,B
2021-06-09T13:59:01,100.0,29.4,S
2021-06-09T13:58:36,1000.0,29.5,B
2021-06-09T13:58:26,200.0,29.5,S
2021-06-09T13:58:21,5000.0,29.5,S
2021-06-09T13:58:14,5000.0,29.4,S
2021-06-09T13:58:05,300.0,29.55,S
2021-06-09T13:58:05,4700.0,29.5,S
2021-06-09T13:58:05,200.0,29.5,S
2021-06-09T13:57:58,1100.0,29.5,S
2021-06-09T13:57:56,4000.0,29.5,S
2021-06-09T13:57:54,1000.0,29.5,S
2021-06-09T13:57:53,800.0,29.4,S
2021-06-09T13:57:47,2000.0,29.5,S
2021-06-09T13:57:37,17200.0,29.5,S
2021-06-09T13:57:23,300.0,29.6,B
2021-06-09T13:56:59,1000.0,29.6,B
2021-06-09T13:56:42,200.0,29.6,B
2021-06-09T13:56:37,100.0,29.6,B
2021-06-09T13:56:33,900.0,29.6,B
2021-06-09T13:56:30,1000.0,29.6,S
2021-06-09T13:56:28,3000.0,29.6,S
2021-06-09T13:56:27,1800.0,29.6,S
2021-06-09T13:56:26,500.0,29.6,S
2021-06-09T13:56:10,2400.0,29.65,B
2021-06-09T13:56:04,4200.0,29.6,S
2021-06-09T13:56:04,300.0,29.6,S
2021-06-09T13:56:03,5500.0,29.6,S
2021-06-09T13:55:34,2000.0,29.6,S
2021-06-09T13:55:26,15000.0,29.6,S
2021-06-09T13:55:17,100.0,29.65,S
2021-06-09T13:55:09,100.0,29.7,B
2021-06-09T13:54:56,1000.0,29.6,S
2021-06-09T13:54:27,1000.0,29.7,B
2021-06-09T13:54:24,500.0,29.7,B
2021-06-09T13:54:21,100.0,29.6,S
2021-06-09T13:54:03,5000.0,29.7,B
2021-06-09T13:54:02,1900.0,29.65,S
2021-06-09T13:54:02,600.0,29.65,S
2021-06-09T13:54:02,600.0,29.65,S
2021-06-09T13:53:59,200.0,29.65,S
2021-06-09T13:53:57,100.0,29.7,B
2021-06-09T13:53:54,600.0,29.7,B
2021-06-09T13:53:54,1000.0,29.65,S
2021-06-09T13:53:40,2000.0,29.7,B
2021-06-09T13:53:32,100.0,29.65,S
2021-06-09T13:53:21,300.0,29.7,B
2021-06-09T13:53:14,400.0,29.7,B
2021-06-09T13:53:10,100.0,29.7,B
2021-06-09T13:53:05,500.0,29.7,B
2021-06-09T13:52:34,20000.0,29.75,B
2021-06-09T13:52:09,9900.0,29.7,B
2021-06-09T13:52:00,5000.0,29.7,B
2021-06-09T13:51:46,2000.0,29.7,B
2021-06-09T13:51:36,500.0,29.7,S
2021-06-09T13:51:25,100.0,29.7,S
2021-06-09T13:51:09,300.0,29.65,S
2021-06-09T13:51:06,300.0,29.7,S
2021-06-09T13:51:05,100.0,29.7,S
2021-06-09T13:50:57,500.0,29.7,S
2021-06-09T13:50:44,4100.0,29.7,S
2021-06-09T13:50:40,300.0,29.7,S
2021-06-09T13:50:36,2000.0,29.75,B
2021-06-09T13:50:31,10000.0,29.7,S
2021-06-09T13:50:23,1000.0,29.75,B
2021-06-09T13:50:22,2200.0,29.7,S
2021-06-09T13:50:22,4600.0,29.7,S
2021-06-09T13:50:22,3200.0,29.7,S
2021-06-09T13:50:16,1800.0,29.7,S
2021-06-09T13:50:00,100.0,29.75,B
2021-06-09T13:49:45,1000.0,29.8,B
2021-06-09T13:49:34,700.0,29.75,S
2021-06-09T13:49:30,2000.0,29.8,B
2021-06-09T13:49:16,1000.0,29.8,B
2021-06-09T13:49:14,100.0,29.8,B
2021-06-09T13:49:00,100.0,29.8,B
2021-06-09T13:49:00,100.0,29.8,B
2021-06-09T13:48:39,100.0,29.8,S
2021-06-09T13:48:32,100.0,29.8,S
2021-06-09T13:48:15,100.0,29.85,S
2021-06-09T13:48:11,1000.0,29.85,S
2021-06-09T13:48:09,900.0,29.75,S
2021-06-09T13:48:07,5000.0,29.9,B
2021-06-09T13:48:07,4400.0,29.9,B
2021-06-09T13:48:07,2000.0,29.9,B
2021-06-09T13:48:07,700.0,29.9,B
2021-06-09T13:48:07,7500.0,29.9,B
2021-06-09T13:48:07,100.0,29.9,B
2021-06-09T13:47:57,3300.0,29.9,B
2021-06-09T13:47:55,2000.0,29.9,B
2021-06-09T13:47:54,2100.0,29.9,B
2021-06-09T13:47:52,2300.0,29.8,S
2021-06-09T13:47:42,700.0,29.9,B
2021-06-09T13:47:42,1400.0,29.9,B
2021-06-09T13:47:42,3000.0,29.9,B
2021-06-09T13:47:40,100.0,29.9,B
2021-06-09T13:47:40,4900.0,29.9,B
2021-06-09T13:47:39,200.0,29.9,B
2021-06-09T13:47:37,1000.0,29.8,S
2021-06-09T13:47:30,1100.0,29.9,B
2021-06-09T13:47:22,100.0,29.9,B
2021-06-09T13:47:21,1000.0,29.9,B
2021-06-09T13:47:20,20000.0,29.8,S
2021-06-09T13:47:20,100.0,29.8,S
2021-06-09T13:47:11,200.0,29.9,B
2021-06-09T13:47:00,500.0,29.9,B
2021-06-09T13:46:54,100.0,29.9,B
2021-06-09T13:46:54,100.0,29.9,B
2021-06-09T13:46:53,300.0,29.9,B
2021-06-09T13:46:41,700.0,29.9,B
2021-06-09T13:46:29,200.0,29.9,B
2021-06-09T13:46:25,5500.0,29.9,B
2021-06-09T13:46:24,4000.0,29.8,S
2021-06-09T13:46:24,1000.0,29.8,S
2021-06-09T13:46:24,300.0,29.8,S
2021-06-09T13:46:20,100.0,29.8,S
2021-06-09T13:46:16,1000.0,29.9,B
2021-06-09T13:46:11,100.0,29.8,S
2021-06-09T13:46:11,2900.0,29.8,S
2021-06-09T13:46:09,400.0,29.9,B
2021-06-09T13:46:06,500.0,29.9,B
2021-06-09T13:45:41,1300.0,29.8,S
2021-06-09T13:45:38,100.0,29.9,B
2021-06-09T13:45:36,1000.0,29.9,B
2021-06-09T13:45:34,3400.0,29.9,B
2021-06-09T13:45:34,100.0,29.8,S
2021-06-09T13:45:31,3800.0,29.9,B
2021-06-09T13:45:30,2000.0,29.9,B
2021-06-09T13:45:24,500.0,29.9,B
2021-06-09T13:45:24,100.0,29.9,B
2021-06-09T13:45:20,3000.0,29.9,B
2021-06-09T13:45:19,1000.0,29.9,B
2021-06-09T13:45:17,2000.0,29.9,B
2021-06-09T13:45:16,1000.0,29.9,B
2021-06-09T13:45:15,1000.0,29.9,B
2021-06-09T13:45:14,100.0,29.8,S
2021-06-09T13:44:54,500.0,29.9,B
2021-06-09T13:44:45,2000.0,29.9,B
2021-06-09T13:44:41,300.0,29.9,B
2021-06-09T13:44:28,1000.0,29.9,B
2021-06-09T13:44:15,3300.0,29.9,B
2021-06-09T13:44:06,2000.0,29.9,B
2021-06-09T13:44:04,3500.0,29.9,B
2021-06-09T13:44:02,1000.0,29.9,B
2021-06-09T13:43:56,1000.0,29.9,B
2021-06-09T13:43:52,100.0,29.9,B
2021-06-09T13:43:45,1000.0,29.9,B
2021-06-09T13:43:38,4000.0,29.9,B
2021-06-09T13:43:37,1500.0,29.9,B
2021-06-09T13:43:31,200.0,29.9,B
2021-06-09T13:43:23,200.0,29.9,B
2021-06-09T13:43:13,100.0,29.8,B
2021-06-09T13:43:11,500.0,29.8,B
2021-06-09T13:43:11,1900.0,29.8,B
2021-06-09T13:43:11,100.0,29.8,B
2021-06-09T13:43:10,1000.0,29.8,B
2021-06-09T13:43:03,5400.0,29.9,B
2021-06-09T13:43:03,700.0,29.9,B
2021-06-09T13:43:03,1100.0,29.9,B
2021-06-09T13:43:02,800.0,29.8,B
2021-06-09T13:42:48,400.0,29.8,B
2021-06-09T13:42:47,1900.0,29.8,B
2021-06-09T13:42:45,2000.0,29.8,B
2021-06-09T13:42:31,1300.0,29.8,B
2021-06-09T13:42:30,700.0,29.8,B
2021-06-09T13:42:30,4300.0,29.8,B
2021-06-09T13:42:30,1700.0,29.8,B
2021-06-09T13:42:23,1900.0,29.8,B
2021-06-09T13:42:23,500.0,29.8,B
2021-06-09T13:42:22,400.0,29.8,B
2021-06-09T13:42:20,500.0,29.8,B
2021-06-09T13:42:13,3000.0,29.8,B
2021-06-09T13:42:10,500.0,29.8,B
2021-06-09T13:42:07,200.0,29.8,B
2021-06-09T13:42:03,600.0,29.8,B
2021-06-09T13:42:01,100.0,29.8,B
2021-06-09T13:41:56,300.0,29.8,B
2021-06-09T13:41:40,1000.0,29.8,B
2021-06-09T13:41:27,4000.0,29.65,S
2021-06-09T13:41:27,500.0,29.65,S
2021-06-09T13:41:27,1000.0,29.7,B
2021-06-09T13:41:27,900.0,29.7,B
2021-06-09T13:41:27,1000.0,29.7,B
2021-06-09T13:41:23,2300.0,29.7,B
2021-06-09T13:41:21,500.0,29.7,B
2021-06-09T13:41:14,300.0,29.7,B
2021-06-09T13:41:04,1000.0,29.7,B
2021-06-09T13:40:47,100.0,29.65,B
2021-06-09T13:40:47,100.0,29.6,B
2021-06-09T13:40:44,1000.0,29.6,B
2021-06-09T13:40:44,500.0,29.6,B
2021-06-09T13:40:44,300.0,29.6,B
2021-06-09T13:40:39,1300.0,29.6,B
2021-06-09T13:40:32,2000.0,29.6,B
2021-06-09T13:40:22,3300.0,29.6,B
2021-06-09T13:40:15,2000.0,29.6,B
2021-06-09T13:40:03,100.0,29.5,B
2021-06-09T13:39:57,5300.0,29.6,B
2021-06-09T13:39:57,9700.0,29.6,B
2021-06-09T13:39:54,5000.0,29.4,B
2021-06-09T13:39:52,100.0,29.5,B
2021-06-09T13:39:52,17800.0,29.5,B
2021-06-09T13:39:52,4500.0,29.5,B
2021-06-09T13:39:52,77600.0,29.5,B
2021-06-09T13:39:48,200.0,29.45,B
2021-06-09T13:39:43,1200.0,29.5,B
2021-06-09T13:39:34,100.0,29.45,B
2021-06-09T13:39:32,6000.0,29.5,B
2021-06-09T13:39:32,1800.0,29.5,B
2021-06-09T13:39:32,7200.0,29.5,B
2021-06-09T13:39:29,200.0,29.4,B
2021-06-09T13:39:27,5000.0,29.45,B
2021-06-09T13:39:26,1000.0,29.45,B
2021-06-09T13:39:20,800.0,29.45,B
2021-06-09T13:39:13,5700.0,29.4,B
2021-06-09T13:39:10,500.0,29.4,B
2021-06-09T13:38:56,300.0,29.4,B
2021-06-09T13:38:52,1300.0,29.35,B
2021-06-09T13:38:39,15000.0,29.4,B
2021-06-09T13:38:29,600.0,29.35,B
2021-06-09T13:38:20,15000.0,29.4,B
2021-06-09T13:38:12,1700.0,29.35,B
2021-06-09T13:37:54,1900.0,29.35,B
2021-06-09T13:37:28,1800.0,29.3,B
2021-06-09T13:37:21,100.0,29.3,B
2021-06-09T13:37:20,300.0,29.35,B
2021-06-09T13:37:19,500.0,29.35,B
2021-06-09T13:37:10,1000.0,29.3,B
2021-06-09T13:37:05,100.0,29.35,B
2021-06-09T13:37:02,500.0,29.3,B
2021-06-09T13:37:01,500.0,29.3,B
2021-06-09T13:37:01,3600.0,29.3,B
2021-06-09T13:37:01,5100.0,29.3,B
2021-06-09T13:37:01,2300.0,29.3,B
2021-06-09T13:37:00,700.0,29.3,B
2021-06-09T13:36:58,500.0,29.3,B
2021-06-09T13:36:57,1000.0,29.3,B
2021-06-09T13:36:55,200.0,29.3,B
2021-06-09T13:36:53,4000.0,29.3,B
2021-06-09T13:36:47,100.0,29.3,B
2021-06-09T13:36:47,900.0,29.3,B
2021-06-09T13:36:45,500.0,29.3,B
2021-06-09T13:36:45,500.0,29.3,B
2021-06-09T13:36:37,6900.0,29.3,B
2021-06-09T13:36:27,2400.0,29.3,B
2021-06-09T13:36:27,800.0,29.3,B
2021-06-09T13:36:21,1000.0,29.3,B
2021-06-09T13:36:18,16000.0,29.3,B
2021-06-09T13:36:16,1400.0,29.3,B
2021-06-09T13:36:16,1000.0,29.3,B
2021-06-09T13:36:16,7600.0,29.3,B
2021-06-09T13:36:16,1200.0,29.3,B
2021-06-09T13:36:16,8800.0,29.3,B
2021-06-09T13:36:07,2000.0,29.3,B
2021-06-09T13:36:03,23400.0,29.25,S
2021-06-09T13:36:00,200.0,29.3,B
2021-06-09T13:35:56,400.0,29.3,B
2021-06-09T13:35:52,900.0,29.3,B
2021-06-09T13:35:49,10000.0,29.3,B
2021-06-09T13:35:45,1000.0,29.3,B
2021-06-09T13:35:45,200.0,29.3,B
2021-06-09T13:35:45,800.0,29.3,B
2021-06-09T13:35:45,2700.0,29.3,B
2021-06-09T13:35:03,500.0,29.3,B
2021-06-09T13:34:18,500.0,29.25,B
2021-06-09T13:34:09,1000.0,29.2,S
2021-06-09T13:34:05,1000.0,29.3,B
2021-06-09T13:34:04,1300.0,29.25,B
2021-06-09T13:33:50,300.0,29.25,B
2021-06-09T13:33:50,1000.0,29.25,B
2021-06-09T13:33:47,7000.0,29.25,B
2021-06-09T13:33:43,300.0,29.3,B
2021-06-09T13:33:30,1700.0,29.2,S
2021-06-09T13:33:28,12300.0,29.3,B
2021-06-09T13:33:28,2200.0,29.3,B
2021-06-09T13:33:28,4100.0,29.3,B
2021-06-09T13:33:28,2100.0,29.3,B
2021-06-09T13:33:28,500.0,29.3,B
2021-06-09T13:33:28,1800.0,29.25,B
2021-06-09T13:33:28,800.0,29.25,B
2021-06-09T13:33:26,16200.0,29.25,B
2021-06-09T13:33:24,200.0,29.25,B
2021-06-09T13:33:06,2000.0,29.25,B
2021-06-09T13:33:01,500.0,29.25,B
2021-06-09T13:32:57,2000.0,29.25,B
2021-06-09T13:32:47,200.0,29.2,S
2021-06-09T13:32:44,5700.0,29.2,S
2021-06-09T13:32:44,100.0,29.2,S
2021-06-09T13:32:44,1200.0,29.2,S
2021-06-09T13:32:34,1000.0,29.2,S
2021-06-09T13:32:34,900.0,29.25,B
2021-06-09T13:32:34,100.0,29.25,B
2021-06-09T13:32:32,10000.0,29.25,B
2021-06-09T13:32:23,300.0,29.2,S
2021-06-09T13:32:21,500.0,29.25,B
2021-06-09T13:32:20,10000.0,29.25,B
2021-06-09T13:32:17,500.0,29.25,B
2021-06-09T13:32:12,100.0,29.25,B
2021-06-09T13:31:59,500.0,29.25,B
2021-06-09T13:31:56,1000.0,29.25,B
2021-06-09T13:31:54,10000.0,29.25,B
2021-06-09T13:31:54,200.0,29.25,B
2021-06-09T13:31:50,500.0,29.25,B
2021-06-09T13:31:49,3000.0,29.25,B
2021-06-09T13:31:42,14900.0,29.2,S
2021-06-09T13:31:42,11100.0,29.2,S
2021-06-09T13:31:36,7000.0,29.2,S
2021-06-09T13:31:34,25000.0,29.25,B
2021-06-09T13:31:25,1000.0,29.25,B
2021-06-09T13:31:02,500.0,29.25,B
2021-06-09T13:30:59,2000.0,29.25,B
2021-06-09T13:30:58,1000.0,29.25,B
2021-06-09T13:30:42,200.0,29.25,B
2021-06-09T13:30:37,100.0,29.25,B
2021-06-09T13:30:37,700.0,29.25,B
2021-06-09T13:30:33,500.0,29.25,B
2021-06-09T13:30:31,3000.0,29.2,S
2021-06-09T13:30:18,5000.0,29.25,B
2021-06-09T13:30:16,3000.0,29.25,B
2021-06-09T13:30:15,200.0,29.25,B
2021-06-09T13:30:13,500.0,29.2,S
2021-06-09T13:30:12,2400.0,29.25,B
2021-06-09T13:30:11,600.0,29.25,B
2021-06-09T13:29:53,500.0,29.2,S
2021-06-09T13:29:39,200.0,29.2,S
2021-06-09T13:29:18,700.0,29.2,B
2021-06-09T13:29:18,100.0,29.2,B
2021-06-09T13:29:17,7900.0,29.2,B
2021-06-09T13:28:58,1000.0,29.2,B
2021-06-09T13:28:47,1000.0,29.2,B
2021-06-09T13:28:46,2800.0,29.2,B
2021-06-09T13:28:41,100.0,29.2,B
2021-06-09T13:28:36,500.0,29.2,B
2021-06-09T13:28:35,300.0,29.2,B
2021-06-09T13:28:33,4200.0,29.2,B
2021-06-09T13:28:24,5000.0,29.2,B
2021-06-09T13:28:22,100.0,29.15,S
2021-06-09T13:28:19,500.0,29.2,B
2021-06-09T13:28:17,100.0,29.2,B
2021-06-09T13:28:06,2000.0,29.2,B
2021-06-09T13:28:03,300.0,29.2,B
2021-06-09T13:27:59,1000.0,29.2,B
2021-06-09T13:27:56,1200.0,29.2,B
2021-06-09T13:27:50,1000.0,29.2,B
2021-06-09T13:27:45,200.0,29.2,B
2021-06-09T13:27:41,3100.0,29.2,B
2021-06-09T13:27:41,600.0,29.2,B
2021-06-09T13:27:41,6300.0,29.2,B
2021-06-09T13:27:23,1000.0,29.2,B
2021-06-09T13:27:19,4000.0,29.2,B
2021-06-09T13:27:16,200.0,29.2,B
2021-06-09T13:27:00,1800.0,29.2,B
2021-06-09T13:26:53,300.0,29.2,B
2021-06-09T13:26:52,200.0,29.2,B
2021-06-09T13:26:38,200.0,29.2,B
2021-06-09T13:26:29,500.0,29.2,B
2021-06-09T13:26:19,6900.0,29.2,B
2021-06-09T13:26:19,500.0,29.15,S
2021-06-09T13:26:03,300.0,29.15,S
2021-06-09T13:25:36,100.0,29.1,S
2021-06-09T13:25:23,500.0,29.1,S
2021-06-09T13:25:20,3300.0,29.2,B
2021-06-09T13:25:20,200.0,29.2,B
2021-06-09T13:25:14,2000.0,29.2,B
2021-06-09T13:25:01,3000.0,29.1,S
2021-06-09T13:24:49,3100.0,29.15,B
2021-06-09T13:24:17,1000.0,29.1,B
2021-06-09T13:24:16,200.0,29.1,B
2021-06-09T13:24:16,500.0,29.1,B
2021-06-09T13:24:16,500.0,29.1,B
2021-06-09T13:23:46,100.0,29.0,S
2021-06-09T13:23:33,20000.0,29.1,B
2021-06-09T13:23:33,300.0,29.0,S
2021-06-09T13:23:31,200.0,29.1,B
2021-06-09T13:23:30,5000.0,29.1,B
2021-06-09T13:23:00,1200.0,29.1,B
2021-06-09T13:22:45,500.0,29.0,B
2021-06-09T13:22:17,2000.0,29.0,B
2021-06-09T13:22:11,500.0,29.0,B
2021-06-09T13:22:01,200.0,29.0,B
2021-06-09T13:21:55,300.0,29.0,B
2021-06-09T13:21:52,1200.0,29.0,B
2021-06-09T13:21:49,200.0,29.0,B
2021-06-09T13:21:40,500.0,29.0,B
2021-06-09T13:21:39,300.0,29.0,B
2021-06-09T13:21:37,100.0,29.0,B
2021-06-09T13:21:28,700.0,29.0,B
2021-06-09T13:21:27,200.0,29.0,B
2021-06-09T13:21:24,300.0,29.0,B
2021-06-09T13:21:04,2000.0,29.0,B
2021-06-09T13:21:01,2000.0,29.0,B
2021-06-09T13:20:57,2000.0,29.0,B
2021-06-09T13:20:52,2000.0,29.0,B
2021-06-09T13:20:50,200.0,29.0,B
2021-06-09T13:20:48,2000.0,29.0,B
2021-06-09T13:20:46,300.0,29.0,B
2021-06-09T13:20:32,1000.0,29.0,B
2021-06-09T13:20:13,8300.0,29.0,B
2021-06-09T13:20:13,200.0,29.0,B
2021-06-09T13:20:13,1500.0,29.0,B
2021-06-09T13:19:51,2400.0,29.0,B
2021-06-09T13:19:51,2800.0,29.0,B
2021-06-09T13:19:51,600.0,29.0,B
2021-06-09T13:19:51,3000.0,29.0,B
2021-06-09T13:19:51,11600.0,29.0,B
2021-06-09T13:19:51,6500.0,29.0,B
2021-06-09T13:19:50,4800.0,29.0,B
2021-06-09T13:19:28,1000.0,29.0,B
2021-06-09T13:19:26,1000.0,29.0,B
2021-06-09T13:19:19,1000.0,28.9,B
2021-06-09T13:19:19,1400.0,29.0,B
2021-06-09T13:19:12,200.0,28.9,B
2021-06-09T13:19:10,1900.0,28.9,B
2021-06-09T13:18:56,1400.0,28.85,S
2021-06-09T13:18:56,500.0,28.9,B
2021-06-09T13:18:25,500.0,28.9,B
2021-06-09T13:18:17,1000.0,28.9,B
2021-06-09T13:18:15,1000.0,28.9,B
2021-06-09T13:18:10,1000.0,28.9,B
2021-06-09T13:17:59,100.0,28.9,B
2021-06-09T13:17:53,500.0,28.9,B
2021-06-09T13:17:48,1400.0,28.9,B
2021-06-09T13:17:48,3100.0,28.9,B
2021-06-09T13:17:31,300.0,28.9,B
2021-06-09T13:17:28,1000.0,28.9,B
2021-06-09T13:17:25,100.0,28.9,B
2021-06-09T13:17:11,2100.0,28.85,S
2021-06-09T13:17:09,200.0,28.9,B
2021-06-09T13:17:08,200.0,28.9,B
2021-06-09T13:17:03,1000.0,28.9,B
2021-06-09T13:17:00,1000.0,28.9,B
2021-06-09T13:16:46,1000.0,28.9,B
2021-06-09T13:16:39,2000.0,28.9,B
2021-06-09T13:16:38,1000.0,28.9,B
2021-06-09T13:16:34,1000.0,28.9,B
2021-06-09T13:16:18,1000.0,28.9,B
2021-06-09T13:16:16,1000.0,28.9,B
2021-06-09T13:16:10,300.0,28.9,B
2021-06-09T13:16:03,1300.0,28.9,B
2021-06-09T13:15:52,300.0,28.85,S
2021-06-09T13:15:46,2000.0,28.9,B
2021-06-09T13:15:43,3000.0,28.9,B
2021-06-09T13:15:38,100.0,28.9,B
2021-06-09T13:15:38,1000.0,28.9,B
2021-06-09T13:15:38,1000.0,28.9,B
2021-06-09T13:15:25,200.0,28.85,S
2021-06-09T13:15:23,1000.0,28.9,B
2021-06-09T13:15:22,2000.0,28.9,B
2021-06-09T13:15:22,1000.0,28.9,B
2021-06-09T13:15:21,1000.0,28.9,B
2021-06-09T13:15:17,1000.0,28.9,B
2021-06-09T13:15:15,1000.0,28.9,B
2021-06-09T13:15:13,100.0,28.9,B
2021-06-09T13:15:07,1000.0,28.9,B
2021-06-09T13:15:05,1000.0,28.9,B
2021-06-09T13:15:01,500.0,28.85,B
2021-06-09T13:15:01,100.0,28.85,B
2021-06-09T13:15:00,100.0,28.85,B
2021-06-09T13:14:48,1000.0,28.85,B
2021-06-09T13:14:48,100.0,28.85,B
2021-06-09T13:14:35,1000.0,28.85,B
2021-06-09T13:14:29,1000.0,28.85,B
2021-06-09T13:14:25,200.0,28.85,B
2021-06-09T13:14:23,1500.0,28.85,B
2021-06-09T13:14:04,100.0,28.85,S
2021-06-09T13:13:44,2400.0,28.85,S
2021-06-09T13:13:39,10000.0,28.9,B
2021-06-09T13:13:32,700.0,28.9,B
2021-06-09T13:13:22,200.0,28.9,B
2021-06-09T13:13:20,3000.0,28.9,B
2021-06-09T13:13:17,100.0,28.85,S
2021-06-09T13:13:16,100.0,28.9,B
2021-06-09T13:13:16,300.0,28.9,B
2021-06-09T13:13:08,1000.0,28.9,B
2021-06-09T13:13:06,2800.0,28.9,B
2021-06-09T13:13:06,100.0,28.9,B
2021-06-09T13:12:46,1000.0,28.9,B
2021-06-09T13:12:43,300.0,28.9,B
2021-06-09T13:12:38,5600.0,28.9,B
2021-06-09T13:12:30,300.0,28.9,B
2021-06-09T13:12:25,8200.0,28.9,B
2021-06-09T13:12:22,1500.0,28.9,B
2021-06-09T13:12:21,6000.0,28.9,B
2021-06-09T13:12:17,400.0,28.9,B
2021-06-09T13:12:06,100.0,28.85,S
2021-06-09T13:12:06,100.0,28.85,S
2021-06-09T13:11:55,1000.0,28.9,B
2021-06-09T13:11:43,200.0,28.9,B
2021-06-09T13:11:37,100.0,28.85,B
2021-06-09T13:11:37,100.0,28.8,S
2021-06-09T13:11:31,100.0,28.85,B
2021-06-09T13:11:27,300.0,28.8,S
2021-06-09T13:11:03,1000.0,28.8,S
2021-06-09T13:10:56,500.0,28.8,B
2021-06-09T13:10:47,1200.0,28.8,B
2021-06-09T13:10:47,700.0,28.8,B
2021-06-09T13:10:42,1000.0,28.8,B
2021-06-09T13:10:38,100.0,28.6,S
2021-06-09T13:10:38,5200.0,28.7,S
2021-06-09T13:10:35,800.0,28.8,B
2021-06-09T13:10:34,100.0,28.8,B
2021-06-09T13:10:19,5000.0,28.8,B
2021-06-09T13:10:17,1000.0,28.8,B
2021-06-09T13:10:13,2000.0,28.8,B
2021-06-09T13:09:34,500.0,28.6,S
2021-06-09T13:09:34,500.0,28.8,B
2021-06-09T13:09:15,1300.0,28.6,S
2021-06-09T13:09:15,700.0,28.7,S
2021-06-09T13:09:09,100.0,28.8,B
2021-06-09T13:09:08,500.0,28.8,B
2021-06-09T13:09:08,100.0,28.8,B
2021-06-09T13:09:06,3000.0,28.7,S
2021-06-09T13:08:27,8000.0,28.8,B
2021-06-09T13:08:15,2000.0,28.8,B
2021-06-09T13:08:11,1300.0,28.7,S
2021-06-09T13:08:11,10800.0,28.7,S
2021-06-09T13:08:11,1900.0,28.7,S
2021-06-09T13:08:09,500.0,28.8,B
2021-06-09T13:08:09,100.0,28.8,B
2021-06-09T13:07:46,500.0,28.8,B
2021-06-09T13:07:46,28000.0,28.8,B
2021-06-09T13:07:19,100.0,28.8,B
2021-06-09T13:06:56,5600.0,28.8,B
2021-06-09T13:06:52,100.0,28.7,B
2021-06-09T13:06:26,400.0,28.7,B
2021-06-09T13:06:23,700.0,28.6,B
2021-06-09T13:06:23,500.0,28.6,B
2021-06-09T13:06:18,800.0,28.55,S
2021-06-09T13:06:11,500.0,28.55,S
2021-06-09T13:05:59,3300.0,28.6,B
2021-06-09T13:05:53,2100.0,28.55,S
2021-06-09T13:05:40,5000.0,28.6,B
2021-06-09T13:05:40,100.0,28.6,B
2021-06-09T13:05:38,100.0,28.6,B
2021-06-09T13:05:36,300.0,28.6,B
2021-06-09T13:05:30,2500.0,28.55,S
2021-06-09T13:05:21,100.0,28.6,B
2021-06-09T13:05:06,300.0,28.6,B
2021-06-09T13:05:05,100.0,28.6,B
2021-06-09T13:05:02,100.0,28.6,B
2021-06-09T13:04:52,300.0,28.6,B
2021-06-09T13:04:49,1000.0,28.55,S
2021-06-09T13:04:49,100.0,28.6,B
2021-06-09T13:04:47,200.0,28.6,B
2021-06-09T13:04:45,12000.0,28.6,B
2021-06-09T13:04:42,1000.0,28.6,B
2021-06-09T13:04:31,500.0,28.6,B
2021-06-09T13:04:24,2000.0,28.55,S
2021-06-09T13:04:11,2600.0,28.6,B
2021-06-09T13:04:09,600.0,28.6,S
2021-06-09T13:04:09,2000.0,28.6,S
2021-06-09T13:04:09,10200.0,28.6,S
2021-06-09T13:04:08,13600.0,28.6,S
2021-06-09T13:04:08,100.0,28.65,S
2021-06-09T13:04:07,300.0,28.7,B
2021-06-09T13:04:01,500.0,28.65,S
2021-06-09T13:03:55,500.0,28.7,B
2021-06-09T13:03:34,1000.0,28.7,B
2021-06-09T13:03:32,1200.0,28.65,S
2021-06-09T13:03:32,1500.0,28.65,S
2021-06-09T13:03:32,300.0,28.65,S
2021-06-09T13:03:27,1000.0,28.65,S
2021-06-09T13:03:27,500.0,28.65,S
2021-06-09T13:02:58,2300.0,28.7,S
2021-06-09T13:02:58,1200.0,28.7,S
2021-06-09T13:02:50,200.0,28.8,B
2021-06-09T13:02:24,2000.0,28.8,B
2021-06-09T13:02:20,100.0,28.8,B
2021-06-09T13:02:15,200.0,28.8,B
2021-06-09T13:01:48,500.0,28.8,B
2021-06-09T13:01:19,100.0,28.8,B
2021-06-09T13:01:14,100.0,28.8,B
2021-06-09T13:01:08,100.0,28.8,B
2021-06-09T13:00:45,1000.0,28.7,S
2021-06-09T13:00:37,1000.0,28.7,S
2021-06-09T13:00:37,100.0,28.75,S
2021-06-09T13:00:37,100.0,28.8,B
2021-06-09T13:00:34,200.0,28.8,B
2021-06-09T13:00:26,300.0,28.8,B
2021-06-09T13:00:26,200.0,28.8,B
2021-06-09T13:00:24,2000.0,28.8,B
2021-06-09T13:00:24,1000.0,28.8,B
2021-06-09T13:00:24,2000.0,28.8,B
2021-06-09T13:00:22,800.0,28.7,S
2021-06-09T13:00:21,5000.0,28.8,B
2021-06-09T13:00:18,500.0,28.8,B
2021-06-09T13:00:18,2000.0,28.8,B
2021-06-09T13:00:16,100.0,28.8,B
2021-06-09T13:00:16,200.0,28.7,S
2021-06-09T13:00:15,3000.0,28.7,S
2021-06-09T13:00:15,1000.0,28.7,S
2021-06-09T13:00:15,500.0,28.8,B
2021-06-09T13:00:15,1100.0,28.7,S
2021-06-09T11:30:05,500.0,28.8,B
2021-06-09T11:30:00,1800.0,28.8,B
2021-06-09T11:29:59,500.0,28.7,S
2021-06-09T11:29:05,400.0,28.7,S
2021-06-09T11:28:57,6500.0,28.7,B
2021-06-09T11:28:46,1000.0,28.6,S
2021-06-09T11:28:34,100.0,28.6,S
2021-06-09T11:28:34,100.0,28.6,S
2021-06-09T11:28:27,1700.0,28.6,S
2021-06-09T11:28:10,2000.0,28.6,S
2021-06-09T11:28:00,100.0,28.7,B
2021-06-09T11:27:35,800.0,28.6,S
2021-06-09T11:27:28,300.0,28.6,S
2021-06-09T11:27:05,2000.0,28.6,S
2021-06-09T11:26:07,500.0,28.7,B
2021-06-09T11:26:07,1000.0,28.6,S
2021-06-09T11:26:02,200.0,28.7,B
2021-06-09T11:25:48,400.0,28.7,B
2021-06-09T11:25:24,11100.0,28.5,S
2021-06-09T11:25:01,100.0,28.8,B
2021-06-09T11:24:45,2000.0,28.5,S
2021-06-09T11:24:43,200.0,28.8,B
2021-06-09T11:23:52,1500.0,28.8,B
2021-06-09T11:23:46,300.0,28.55,S
2021-06-09T11:23:42,500.0,28.6,S
2021-06-09T11:23:40,100.0,28.6,S
2021-06-09T11:23:34,1300.0,28.6,S
2021-06-09T11:23:31,500.0,28.8,B
2021-06-09T11:23:28,300.0,28.6,S
2021-06-09T11:23:20,1100.0,28.6,S
2021-06-09T11:23:19,100.0,28.8,B
2021-06-09T11:23:00,100.0,28.6,S
2021-06-09T11:22:38,4000.0,28.5,S
2021-06-09T11:22:23,1500.0,28.9,B
2021-06-09T11:22:16,3900.0,28.6,S
2021-06-09T11:22:14,3000.0,28.5,S
2021-06-09T11:22:11,100.0,28.9,B
2021-06-09T11:22:09,1000.0,28.9,B
2021-06-09T11:22:07,200.0,28.7,S
2021-06-09T11:21:46,100.0,28.9,B
2021-06-09T11:21:43,5500.0,28.9,B
2021-06-09T11:21:43,1500.0,28.8,S
2021-06-09T11:21:30,4000.0,28.5,S
2021-06-09T11:21:10,1300.0,28.7,S
2021-06-09T11:21:10,1200.0,28.7,S
2021-06-09T11:21:10,200.0,28.7,S
2021-06-09T11:21:09,300.0,28.7,S
2021-06-09T11:20:47,100.0,28.7,S
2021-06-09T11:20:39,1000.0,28.9,B
2021-06-09T11:20:19,100.0,28.7,S
2021-06-09T11:20:15,400.0,28.9,B
2021-06-09T11:20:13,900.0,28.9,B
2021-06-09T11:19:52,14900.0,28.5,S
2021-06-09T11:19:52,3200.0,28.55,S
2021-06-09T11:19:52,500.0,28.6,S
2021-06-09T11:19:52,1800.0,28.6,S
2021-06-09T11:19:52,9300.0,28.6,S
2021-06-09T11:19:52,1900.0,28.7,S
2021-06-09T11:19:52,1100.0,28.7,S
2021-06-09T11:19:52,1500.0,28.7,S
2021-06-09T11:19:52,6000.0,28.7,S
2021-06-09T11:19:52,1800.0,28.7,S
2021-06-09T11:19:47,200.0,28.9,B
2021-06-09T11:19:29,100.0,28.9,B
2021-06-09T11:19:14,500.0,28.7,S
2021-06-09T11:18:56,100.0,28.9,S
2021-06-09T11:18:55,100.0,28.9,S
2021-06-09T11:18:54,100.0,28.9,S
2021-06-09T11:18:53,1000.0,28.9,S
2021-06-09T11:18:51,1000.0,28.9,S
2021-06-09T11:18:41,200.0,28.8,S
2021-06-09T11:18:41,1800.0,28.8,S
2021-06-09T11:18:37,800.0,28.8,S
2021-06-09T11:18:30,600.0,28.8,S
2021-06-09T11:18:29,1500.0,28.8,S
2021-06-09T11:18:29,200.0,28.8,S
2021-06-09T11:18:29,100.0,28.8,S
2021-06-09T11:18:29,400.0,28.8,S
2021-06-09T11:18:29,5100.0,28.8,S
2021-06-09T11:18:29,1100.0,28.8,S
2021-06-09T11:18:29,5700.0,28.85,S
2021-06-09T11:18:29,2500.0,28.9,S
2021-06-09T11:18:29,1100.0,28.9,S
2021-06-09T11:18:25,100.0,29.0,S
2021-06-09T11:18:24,2000.0,28.9,S
2021-06-09T11:18:20,1000.0,29.0,S
2021-06-09T11:18:19,2000.0,29.0,S
2021-06-09T11:18:18,100.0,29.0,S
2021-06-09T11:18:10,5000.0,28.9,S
2021-06-09T11:18:07,1800.0,28.95,S
2021-06-09T11:18:07,1300.0,29.0,S
2021-06-09T11:18:07,1000.0,29.0,S
2021-06-09T11:18:07,5900.0,29.0,S
2021-06-09T11:18:02,1000.0,29.0,S
2021-06-09T11:17:56,2800.0,29.0,S
2021-06-09T11:17:56,2500.0,29.0,S
2021-06-09T11:17:56,1800.0,29.0,S
2021-06-09T11:17:56,200.0,29.0,S
2021-06-09T11:17:55,12700.0,29.0,S
2021-06-09T11:17:54,200.0,29.1,S
2021-06-09T11:17:51,1000.0,29.0,S
2021-06-09T11:17:46,3000.0,29.0,S
2021-06-09T11:17:35,1000.0,29.0,S
2021-06-09T11:17:31,3000.0,29.1,S
2021-06-09T11:17:31,2500.0,29.1,S
2021-06-09T11:17:31,4000.0,29.0,S
2021-06-09T11:17:27,800.0,29.0,S
2021-06-09T11:17:27,200.0,29.05,S
2021-06-09T11:17:26,1500.0,29.05,S
2021-06-09T11:17:20,500.0,29.1,S
2021-06-09T11:17:17,1000.0,29.05,S
2021-06-09T11:17:12,2000.0,29.1,S
2021-06-09T11:16:52,200.0,29.1,S
2021-06-09T11:16:52,1000.0,29.05,S
2021-06-09T11:16:33,500.0,29.1,S
2021-06-09T11:16:23,2400.0,29.05,S
2021-06-09T11:16:23,600.0,29.05,S
2021-06-09T11:16:20,3600.0,29.1,S
2021-06-09T11:16:20,200.0,29.1,S
2021-06-09T11:16:20,5500.0,29.1,S
2021-06-09T11:16:09,4800.0,29.1,S
2021-06-09T11:16:09,6500.0,29.1,S
2021-06-09T11:16:09,6100.0,29.1,S
2021-06-09T11:16:09,2300.0,29.15,S
2021-06-09T11:16:09,200.0,29.15,S
2021-06-09T11:16:09,100.0,29.15,S
2021-06-09T11:16:01,400.0,29.15,S
2021-06-09T11:15:54,2000.0,29.15,S
2021-06-09T11:15:43,1000.0,29.15,S
2021-06-09T11:15:34,4000.0,29.15,S
2021-06-09T11:15:29,100.0,29.15,S
2021-06-09T11:15:28,4400.0,29.2,B
2021-06-09T11:15:23,2000.0,29.2,S
2021-06-09T11:15:11,100.0,29.2,S
2021-06-09T11:15:08,1000.0,29.15,S
2021-06-09T11:15:08,500.0,29.15,S
2021-06-09T11:15:01,5900.0,29.25,B
2021-06-09T11:15:01,3500.0,29.25,B
2021-06-09T11:15:01,2400.0,29.25,B
2021-06-09T11:15:01,200.0,29.25,B
2021-06-09T11:15:01,2900.0,29.25,B
2021-06-09T11:15:01,1100.0,29.25,B
2021-06-09T11:15:01,100.0,29.25,B
2021-06-09T11:15:00,33900.0,29.25,B
2021-06-09T11:14:52,2000.0,29.15,S
2021-06-09T11:14:42,200.0,29.2,S
2021-06-09T11:14:36,5000.0,29.15,S
2021-06-09T11:14:33,100.0,29.2,S
2021-06-09T11:14:33,1500.0,29.2,S
2021-06-09T11:14:33,20700.0,29.2,S
2021-06-09T11:14:26,900.0,29.25,B
2021-06-09T11:14:23,20000.0,29.2,S
2021-06-09T11:14:20,500.0,29.2,S
2021-06-09T11:14:14,100.0,29.25,B
2021-06-09T11:14:13,2000.0,29.2,S
2021-06-09T11:14:10,800.0,29.2,S
2021-06-09T11:14:09,1000.0,29.25,B
2021-06-09T11:14:08,500.0,29.2,S
2021-06-09T11:14:00,100.0,29.25,B
2021-06-09T11:13:59,100.0,29.25,B
2021-06-09T11:13:57,100.0,29.25,B
2021-06-09T11:13:55,5700.0,29.2,S
2021-06-09T11:13:54,5000.0,29.2,S
2021-06-09T11:13:53,200.0,29.2,S
2021-06-09T11:13:53,4500.0,29.25,B
2021-06-09T11:13:53,2600.0,29.25,B
2021-06-09T11:13:53,100.0,29.25,B
2021-06-09T11:13:49,100.0,29.25,B
2021-06-09T11:13:49,5000.0,29.2,S
2021-06-09T11:13:44,200.0,29.2,S
2021-06-09T11:13:42,400.0,29.2,S
2021-06-09T11:13:40,500.0,29.2,S
2021-06-09T11:13:38,300.0,29.25,B
2021-06-09T11:13:38,700.0,29.25,B
2021-06-09T11:13:37,300.0,29.2,S
2021-06-09T11:13:37,1500.0,29.2,S
2021-06-09T11:13:35,100.0,29.25,B
2021-06-09T11:13:25,200.0,29.2,S
2021-06-09T11:13:20,1100.0,29.25,B
2021-06-09T11:13:06,600.0,29.2,S
2021-06-09T11:12:50,2000.0,29.2,S
2021-06-09T11:12:36,100.0,29.25,B
2021-06-09T11:12:34,3000.0,29.2,S
2021-06-09T11:12:31,1000.0,29.25,B
2021-06-09T11:12:29,10000.0,29.2,S
2021-06-09T11:12:26,8500.0,29.2,S
2021-06-09T11:12:25,5000.0,29.2,S
2021-06-09T11:12:25,5000.0,29.2,S
2021-06-09T11:12:19,10000.0,29.2,S
2021-06-09T11:12:05,800.0,29.2,S
2021-06-09T11:12:00,2000.0,29.2,S
2021-06-09T11:11:44,1700.0,29.25,B
2021-06-09T11:11:39,100.0,29.2,S
2021-06-09T11:11:38,300.0,29.25,B
2021-06-09T11:11:36,400.0,29.25,B
2021-06-09T11:11:36,100.0,29.2,S
2021-06-09T11:11:29,3000.0,29.25,B
2021-06-09T11:11:04,1600.0,29.2,B
2021-06-09T11:10:59,200.0,29.2,B
2021-06-09T11:10:43,100.0,29.2,B
2021-06-09T11:10:40,5000.0,29.2,B
2021-06-09T11:10:38,2000.0,29.2,B
2021-06-09T11:10:37,100.0,29.2,B
2021-06-09T11:10:34,200.0,29.2,B
2021-06-09T11:10:29,100.0,29.25,B
2021-06-09T11:10:29,600.0,29.25,B
2021-06-09T11:10:28,500.0,29.25,B
2021-06-09T11:10:22,2000.0,29.15,S
2021-06-09T11:10:21,1100.0,29.2,B
2021-06-09T11:10:13,50000.0,29.2,B
2021-06-09T11:10:13,1000.0,29.2,B
2021-06-09T11:10:02,100.0,29.25,B
2021-06-09T11:10:00,1600.0,29.2,B
2021-06-09T11:09:59,2000.0,29.15,S
2021-06-09T11:09:43,500.0,29.2,B
2021-06-09T11:09:42,400.0,29.2,B
2021-06-09T11:09:42,400.0,29.2,B
2021-06-09T11:09:42,2000.0,29.2,B
2021-06-09T11:09:42,4200.0,29.2,B
2021-06-09T11:09:42,100.0,29.2,B
2021-06-09T11:09:35,1000.0,29.2,B
2021-06-09T11:09:31,300.0,29.15,S
2021-06-09T11:09:31,200.0,29.15,S
2021-06-09T11:09:30,1500.0,29.15,S
2021-06-09T11:09:21,500.0,29.2,B
2021-06-09T11:09:07,1500.0,29.15,S
2021-06-09T11:09:07,3500.0,29.15,S
2021-06-09T11:08:37,8400.0,29.2,B
2021-06-09T11:08:37,5100.0,29.2,B
2021-06-09T11:08:37,300.0,29.2,B
2021-06-09T11:08:37,1000.0,29.2,B
2021-06-09T11:08:37,15200.0,29.2,B
2021-06-09T11:08:31,2000.0,29.2,B
2021-06-09T11:08:27,500.0,29.15,S
2021-06-09T11:08:24,2400.0,29.15,S
2021-06-09T11:08:06,100.0,29.15,S
2021-06-09T11:08:06,1000.0,29.15,S
2021-06-09T11:07:58,2000.0,29.15,S
2021-06-09T11:07:54,1000.0,29.2,B
2021-06-09T11:07:52,2000.0,29.15,S
2021-06-09T11:07:40,9800.0,29.2,B
2021-06-09T11:07:25,100.0,29.15,S
2021-06-09T11:07:23,3000.0,29.2,B
2021-06-09T11:07:10,1100.0,29.15,S
2021-06-09T11:07:10,500.0,29.2,B
2021-06-09T11:07:05,5000.0,29.15,S
2021-06-09T11:07:04,3000.0,29.15,S
2021-06-09T11:06:46,500.0,29.2,B
2021-06-09T11:06:40,1000.0,29.15,S
2021-06-09T11:06:34,300.0,29.2,B
2021-06-09T11:06:22,4000.0,29.15,S
2021-06-09T11:06:20,100.0,29.15,S
2021-06-09T11:06:16,400.0,29.15,S
2021-06-09T11:06:16,3700.0,29.15,S
2021-06-09T11:06:16,900.0,29.15,S
2021-06-09T11:06:03,3000.0,29.15,S
2021-06-09T11:05:51,100.0,29.15,S
2021-06-09T11:05:46,1000.0,29.2,B
2021-06-09T11:05:46,500.0,29.15,S
2021-06-09T11:05:38,200.0,29.15,S
2021-06-09T11:05:37,1100.0,29.2,B
2021-06-09T11:05:25,1300.0,29.15,S
2021-06-09T11:05:19,1000.0,29.15,S
2021-06-09T11:05:11,10000.0,29.15,S
2021-06-09T11:05:11,400.0,29.15,S
2021-06-09T11:05:10,100.0,29.15,S
2021-06-09T11:05:10,1000.0,29.15,S
2021-06-09T11:05:04,1000.0,29.15,S
2021-06-09T11:05:00,200.0,29.15,S
2021-06-09T11:04:58,2000.0,29.1,S
2021-06-09T11:04:56,4100.0,29.1,S
2021-06-09T11:04:56,200.0,29.1,S
2021-06-09T11:04:56,5700.0,29.1,S
2021-06-09T11:04:56,1600.0,29.15,S
2021-06-09T11:04:51,100.0,29.15,S
2021-06-09T11:04:49,500.0,29.15,S
2021-06-09T11:04:44,200.0,29.15,S
2021-06-09T11:04:41,300.0,29.1,S
2021-06-09T11:04:27,100.0,29.15,S
2021-06-09T11:04:17,100.0,29.15,S
2021-06-09T11:04:15,3800.0,29.15,S
2021-06-09T11:04:11,1200.0,29.15,S
2021-06-09T11:04:05,2000.0,29.1,S
2021-06-09T11:04:01,21700.0,29.2,B
2021-06-09T11:04:01,3000.0,29.2,B
2021-06-09T11:04:01,5300.0,29.2,B
2021-06-09T11:04:00,500.0,29.2,B
2021-06-09T11:03:59,100.0,29.2,B
2021-06-09T11:03:57,200.0,29.2,B
2021-06-09T11:03:53,10000.0,29.1,S
2021-06-09T11:03:50,100.0,29.2,B
2021-06-09T11:03:46,5000.0,29.2,B
2021-06-09T11:03:44,1000.0,29.2,B
2021-06-09T11:03:43,16000.0,29.2,B
2021-06-09T11:03:34,10000.0,29.1,S
2021-06-09T11:03:33,100.0,29.2,B
2021-06-09T11:03:22,600.0,29.2,B
2021-06-09T11:03:22,1000.0,29.2,B
2021-06-09T11:03:22,500.0,29.2,B
2021-06-09T11:03:21,5000.0,29.2,B
2021-06-09T11:03:20,2000.0,29.2,B
2021-06-09T11:03:17,1000.0,29.2,B
2021-06-09T11:03:14,2000.0,29.2,B
2021-06-09T11:02:52,2500.0,29.1,S
2021-06-09T11:02:48,700.0,29.15,S
2021-06-09T11:02:36,100.0,29.2,B
2021-06-09T11:02:35,200.0,29.1,S
2021-06-09T11:02:33,2200.0,29.15,S
2021-06-09T11:02:29,1000.0,29.2,B
2021-06-09T11:02:25,100.0,29.2,B
2021-06-09T11:02:23,300.0,29.2,B
2021-06-09T11:02:22,400.0,29.15,S
2021-06-09T11:02:17,300.0,29.15,B
2021-06-09T11:02:14,300.0,29.15,B
2021-06-09T11:02:14,100.0,29.15,B
2021-06-09T11:02:14,300.0,29.15,B
2021-06-09T11:02:06,200.0,29.2,B
2021-06-09T11:02:05,100.0,29.15,B
2021-06-09T11:02:04,500.0,29.15,B
2021-06-09T11:01:59,1500.0,29.2,B
2021-06-09T11:01:43,5000.0,29.2,B
2021-06-09T11:01:29,500.0,29.15,B
2021-06-09T11:01:19,100.0,29.15,B
2021-06-09T11:01:15,200.0,29.15,B
2021-06-09T11:01:13,100.0,29.15,B
2021-06-09T11:01:11,4600.0,29.15,B
2021-06-09T11:00:56,100.0,29.15,B
2021-06-09T11:00:52,300.0,29.15,B
2021-06-09T11:00:41,500.0,29.15,B
2021-06-09T11:00:40,3100.0,29.15,B
2021-06-09T11:00:39,100.0,29.2,B
2021-06-09T11:00:24,3200.0,29.2,B
2021-06-09T11:00:20,2000.0,29.2,B
2021-06-09T11:00:02,3000.0,29.2,B
2021-06-09T11:00:01,200.0,29.1,S
2021-06-09T10:59:57,5000.0,29.2,B
2021-06-09T10:59:56,2000.0,29.2,B
2021-06-09T10:59:51,2000.0,29.1,S
2021-06-09T10:59:51,5000.0,29.1,S
2021-06-09T10:59:51,3000.0,29.1,S
2021-06-09T10:59:46,700.0,29.2,B
2021-06-09T10:59:46,200.0,29.15,B
2021-06-09T10:59:46,100.0,29.15,B
2021-06-09T10:59:30,1500.0,29.1,S
2021-06-09T10:59:27,3300.0,29.1,S
2021-06-09T10:59:19,200.0,29.1,S
2021-06-09T10:58:41,400.0,29.1,S
2021-06-09T10:58:39,3000.0,29.1,S
2021-06-09T10:58:39,1000.0,29.1,S
2021-06-09T10:58:34,100.0,29.1,S
2021-06-09T10:58:33,2000.0,29.1,S
2021-06-09T10:58:15,6000.0,29.1,B
2021-06-09T10:58:15,500.0,29.1,B
2021-06-09T10:58:15,200.0,29.1,B
2021-06-09T10:58:14,15200.0,29.1,B
2021-06-09T10:57:58,300.0,29.1,B
2021-06-09T10:57:56,100.0,29.1,B
2021-06-09T10:57:49,200.0,29.1,B
2021-06-09T10:57:21,18900.0,29.1,B
2021-06-09T10:57:21,9100.0,29.1,B
2021-06-09T10:57:17,400.0,29.1,B
2021-06-09T10:57:17,3000.0,29.1,B
2021-06-09T10:57:15,500.0,29.05,S
2021-06-09T10:57:11,1000.0,29.05,S
2021-06-09T10:57:10,500.0,29.1,B
2021-06-09T10:57:09,500.0,29.1,B
2021-06-09T10:56:59,200.0,29.1,B
2021-06-09T10:56:48,400.0,29.05,S
2021-06-09T10:56:42,1000.0,29.1,B
2021-06-09T10:56:39,300.0,29.1,B
2021-06-09T10:56:39,100.0,29.05,S
2021-06-09T10:56:38,500.0,29.1,B
2021-06-09T10:56:30,200.0,29.1,B
2021-06-09T10:56:28,9500.0,29.05,S
2021-06-09T10:56:25,100.0,29.1,B
2021-06-09T10:56:25,1000.0,29.1,B
2021-06-09T10:56:00,300.0,29.1,B
2021-06-09T10:55:56,100.0,29.1,B
2021-06-09T10:55:56,300.0,29.1,B
2021-06-09T10:55:35,1000.0,29.05,S
2021-06-09T10:55:35,500.0,29.1,B
2021-06-09T10:55:34,100.0,29.1,B
2021-06-09T10:55:29,1000.0,29.1,B
2021-06-09T10:55:20,600.0,29.1,B
2021-06-09T10:54:52,100.0,29.1,B
2021-06-09T10:54:33,500.0,29.1,B
2021-06-09T10:54:31,1500.0,29.05,S
2021-06-09T10:54:02,400.0,29.1,B
2021-06-09T10:53:56,2700.0,29.1,B
2021-06-09T10:53:56,2000.0,29.1,B
2021-06-09T10:53:41,500.0,29.05,B
2021-06-09T10:53:35,2000.0,29.0,B
2021-06-09T10:53:29,1000.0,29.05,B
2021-06-09T10:53:27,800.0,29.0,B
2021-06-09T10:53:09,700.0,29.05,B
2021-06-09T10:52:54,3000.0,29.0,B
2021-06-09T10:52:49,400.0,29.05,B
2021-06-09T10:52:17,500.0,29.05,B
2021-06-09T10:52:05,100.0,29.05,B
2021-06-09T10:52:01,1000.0,29.0,B
2021-06-09T10:51:42,200.0,29.0,B
2021-06-09T10:51:41,300.0,29.05,B
2021-06-09T10:51:34,900.0,29.0,B
2021-06-09T10:51:32,4100.0,29.0,B
2021-06-09T10:51:26,100.0,29.0,B
2021-06-09T10:51:09,500.0,29.0,B
2021-06-09T10:50:58,200.0,29.0,B
2021-06-09T10:50:54,200.0,29.0,B
2021-06-09T10:50:54,2900.0,29.0,B
2021-06-09T10:50:52,600.0,29.0,B
2021-06-09T10:50:52,2400.0,29.0,B
2021-06-09T10:50:39,200.0,29.0,B
2021-06-09T10:50:39,1500.0,29.0,B
2021-06-09T10:50:39,2300.0,29.0,B
2021-06-09T10:50:35,1000.0,29.0,B
2021-06-09T10:50:30,300.0,29.0,B
2021-06-09T10:50:25,1500.0,28.9,S
2021-06-09T10:50:18,1000.0,28.9,S
2021-06-09T10:50:17,800.0,28.9,S
2021-06-09T10:50:10,1000.0,29.0,B
2021-06-09T10:50:07,1600.0,29.0,B
2021-06-09T10:50:03,500.0,29.0,B
2021-06-09T10:50:00,6000.0,29.0,B
2021-06-09T10:49:52,1000.0,29.0,B
2021-06-09T10:49:46,4100.0,29.0,B
2021-06-09T10:49:46,2300.0,29.0,B
2021-06-09T10:49:46,3500.0,29.0,B
2021-06-09T10:49:46,2300.0,29.0,B
2021-06-09T10:49:46,4600.0,29.0,B
2021-06-09T10:49:46,20000.0,29.0,B
2021-06-09T10:49:46,13200.0,29.0,B
2021-06-09T10:49:45,20000.0,29.0,B
2021-06-09T10:49:39,1300.0,28.9,S
2021-06-09T10:49:12,3000.0,29.0,B
2021-06-09T10:49:08,300.0,29.0,B
2021-06-09T10:48:52,500.0,29.0,B
2021-06-09T10:48:52,1000.0,28.9,S
2021-06-09T10:48:47,1000.0,29.0,B
2021-06-09T10:48:47,1000.0,29.0,B
2021-06-09T10:48:38,300.0,29.0,B
2021-06-09T10:48:30,1000.0,28.9,S
2021-06-09T10:48:29,3000.0,29.0,B
2021-06-09T10:48:14,1100.0,29.0,B
2021-06-09T10:48:01,200.0,29.0,B
2021-06-09T10:47:54,900.0,29.0,B
2021-06-09T10:47:49,100.0,29.0,B
2021-06-09T10:47:46,1000.0,28.9,S
2021-06-09T10:47:46,15000.0,29.0,B
2021-06-09T10:47:39,600.0,29.0,B
2021-06-09T10:47:35,500.0,29.0,B
2021-06-09T10:47:16,600.0,28.9,S
2021-06-09T10:47:16,3000.0,28.9,S
2021-06-09T10:47:14,10000.0,29.0,B
2021-06-09T10:46:54,500.0,29.0,B
2021-06-09T10:46:49,1700.0,29.0,B
2021-06-09T10:46:49,4000.0,29.0,B
2021-06-09T10:46:49,4200.0,29.0,B
2021-06-09T10:46:49,10100.0,29.0,B
2021-06-09T10:46:34,500.0,29.0,B
2021-06-09T10:46:30,100.0,29.0,B
2021-06-09T10:46:23,100.0,29.0,B
2021-06-09T10:46:22,100.0,29.0,B
2021-06-09T10:46:18,200.0,29.0,B
2021-06-09T10:46:12,200.0,29.0,B
2021-06-09T10:46:10,1000.0,29.0,B
2021-06-09T10:45:40,500.0,29.0,B
2021-06-09T10:45:27,100.0,29.0,B
2021-06-09T10:45:23,2000.0,28.9,S
2021-06-09T10:45:23,100.0,29.0,B
2021-06-09T10:45:21,100.0,29.0,B
2021-06-09T10:45:20,200.0,29.0,B
2021-06-09T10:45:20,400.0,29.0,B
2021-06-09T10:45:18,100.0,29.0,B
2021-06-09T10:45:16,200.0,29.0,B
2021-06-09T10:45:11,100.0,29.0,B
2021-06-09T10:45:06,100.0,29.0,B
2021-06-09T10:45:04,100.0,29.0,B
2021-06-09T10:45:02,200.0,29.0,B
2021-06-09T10:44:57,1100.0,28.9,S
2021-06-09T10:44:49,100.0,29.0,B
2021-06-09T10:44:47,5000.0,28.9,S
2021-06-09T10:44:44,1100.0,28.9,S
2021-06-09T10:44:35,100.0,29.0,B
2021-06-09T10:44:35,100.0,29.0,B
2021-06-09T10:44:28,200.0,28.9,S
2021-06-09T10:44:09,100.0,28.95,S
2021-06-09T10:44:04,400.0,28.9,S
2021-06-09T10:43:57,100.0,28.95,S
2021-06-09T10:43:50,400.0,28.9,S
2021-06-09T10:43:46,100.0,29.0,B
2021-06-09T10:43:46,1000.0,29.0,B
2021-06-09T10:43:46,8900.0,29.0,B
2021-06-09T10:43:38,3900.0,28.9,S
2021-06-09T10:43:38,100.0,28.9,S
2021-06-09T10:43:33,100.0,28.95,S
2021-06-09T10:43:29,200.0,28.95,S
2021-06-09T10:43:17,200.0,28.9,S
2021-06-09T10:43:01,200.0,29.0,B
2021-06-09T10:43:00,200.0,29.0,B
2021-06-09T10:42:54,900.0,29.0,B
2021-06-09T10:42:54,2100.0,29.0,B
2021-06-09T10:42:54,500.0,29.0,B
2021-06-09T10:42:54,500.0,28.95,S
2021-06-09T10:42:53,100.0,28.95,S
2021-06-09T10:42:53,200.0,28.95,S
2021-06-09T10:42:51,200.0,28.95,S
2021-06-09T10:42:49,500.0,28.9,S
2021-06-09T10:42:47,300.0,28.9,S
2021-06-09T10:42:20,700.0,28.9,S
2021-06-09T10:42:19,500.0,28.9,S
2021-06-09T10:42:17,1100.0,28.9,S
2021-06-09T10:42:06,300.0,29.0,B
2021-06-09T10:42:06,200.0,29.0,B
2021-06-09T10:41:59,900.0,29.0,B
2021-06-09T10:41:59,10000.0,28.9,S
2021-06-09T10:41:49,2000.0,29.0,B
2021-06-09T10:41:47,600.0,29.0,B
2021-06-09T10:41:44,5000.0,29.0,B
2021-06-09T10:41:42,1000.0,29.0,B
2021-06-09T10:41:42,1300.0,29.0,B
2021-06-09T10:41:39,700.0,29.0,B
2021-06-09T10:41:35,1500.0,29.0,B
2021-06-09T10:41:31,2000.0,29.0,B
2021-06-09T10:41:27,2000.0,29.0,B
2021-06-09T10:41:23,3000.0,29.0,B
2021-06-09T10:41:16,300.0,29.0,B
2021-06-09T10:41:07,4500.0,29.0,B
2021-06-09T10:41:00,500.0,28.9,B
2021-06-09T10:40:51,100.0,29.0,B
2021-06-09T10:40:43,800.0,29.0,B
2021-06-09T10:40:39,500.0,29.0,B
2021-06-09T10:40:36,1500.0,29.0,B
2021-06-09T10:40:33,300.0,29.0,B
2021-06-09T10:40:31,3000.0,29.0,B
2021-06-09T10:40:30,1000.0,29.0,B
2021-06-09T10:40:28,3000.0,29.0,B
2021-06-09T10:40:25,1000.0,29.0,B
2021-06-09T10:40:25,1000.0,29.0,B
2021-06-09T10:40:16,100.0,29.0,B
2021-06-09T10:40:15,300.0,29.0,B
2021-06-09T10:40:14,400.0,29.0,B
2021-06-09T10:39:56,3000.0,29.0,B
2021-06-09T10:39:42,100.0,29.0,B
2021-06-09T10:39:36,1000.0,29.0,B
2021-06-09T10:39:28,400.0,29.0,B
2021-06-09T10:39:23,1000.0,29.0,B
2021-06-09T10:39:12,200.0,29.0,B
2021-06-09T10:39:11,500.0,29.0,B
2021-06-09T10:39:11,9500.0,29.0,B
2021-06-09T10:39:11,500.0,29.0,B
2021-06-09T10:39:11,2300.0,29.0,B
2021-06-09T10:39:11,7700.0,29.0,B
2021-06-09T10:39:07,8100.0,29.0,B
2021-06-09T10:39:01,200.0,29.0,B
2021-06-09T10:38:47,2000.0,29.0,B
2021-06-09T10:38:34,200.0,29.0,B
2021-06-09T10:38:30,400.0,29.0,B
2021-06-09T10:38:21,500.0,29.0,B
2021-06-09T10:38:18,2000.0,29.0,B
2021-06-09T10:37:53,5000.0,29.0,B
2021-06-09T10:37:51,1000.0,29.0,B
2021-06-09T10:37:41,1500.0,29.0,B
2021-06-09T10:37:39,200.0,29.0,B
2021-06-09T10:37:39,1000.0,28.9,B
2021-06-09T10:37:37,300.0,28.9,B
2021-06-09T10:36:50,2000.0,29.0,B
2021-06-09T10:36:44,500.0,29.0,B
2021-06-09T10:36:43,1300.0,29.0,B
2021-06-09T10:36:42,1000.0,28.9,B
2021-06-09T10:36:34,100.0,28.9,B
2021-06-09T10:36:30,4800.0,29.0,B
2021-06-09T10:36:30,200.0,29.0,B
2021-06-09T10:36:24,7900.0,28.9,B
2021-06-09T10:36:22,300.0,28.9,B
2021-06-09T10:36:14,1500.0,29.0,B
2021-06-09T10:35:56,1000.0,28.9,B
2021-06-09T10:35:32,4800.0,29.0,B
2021-06-09T10:35:32,1000.0,29.0,B
2021-06-09T10:35:32,4200.0,29.0,B
2021-06-09T10:35:17,1000.0,29.0,B
2021-06-09T10:35:08,200.0,28.9,B
2021-06-09T10:35:08,500.0,28.9,B
2021-06-09T10:35:08,1400.0,28.9,B
2021-06-09T10:35:04,1700.0,28.9,B
2021-06-09T10:34:58,600.0,28.9,B
2021-06-09T10:34:55,10000.0,28.7,S
2021-06-09T10:34:55,1200.0,28.85,B
2021-06-09T10:34:53,100.0,28.9,B
2021-06-09T10:34:40,100.0,28.9,B
2021-06-09T10:34:29,400.0,28.9,B
2021-06-09T10:34:29,500.0,28.85,B
2021-06-09T10:34:24,900.0,28.8,B
2021-06-09T10:34:19,2000.0,28.8,B
2021-06-09T10:34:19,1900.0,28.8,B
2021-06-09T10:34:19,1100.0,28.8,B
2021-06-09T10:34:09,100.0,28.8,B
2021-06-09T10:34:08,1000.0,28.8,B
2021-06-09T10:34:02,400.0,28.7,S
2021-06-09T10:33:45,200.0,28.8,B
2021-06-09T10:33:29,300.0,28.8,B
2021-06-09T10:33:28,1000.0,28.8,B
2021-06-09T10:33:24,200.0,28.8,B
2021-06-09T10:33:20,200.0,28.7,S
2021-06-09T10:33:14,200.0,28.8,B
2021-06-09T10:33:04,200.0,28.8,B
2021-06-09T10:33:00,2000.0,28.8,B
2021-06-09T10:32:57,1900.0,28.7,S
2021-06-09T10:32:49,100.0,28.8,B
2021-06-09T10:32:49,900.0,28.8,B
2021-06-09T10:32:39,2000.0,28.8,B
2021-06-09T10:32:34,200.0,28.8,B
2021-06-09T10:32:14,100.0,28.6,B
2021-06-09T10:32:14,2600.0,28.6,B
2021-06-09T10:32:10,2000.0,28.8,B
2021-06-09T10:32:09,5000.0,28.8,B
2021-06-09T10:32:04,300.0,28.8,B
2021-06-09T10:31:55,2000.0,28.65,B
2021-06-09T10:31:41,200.0,28.7,B
2021-06-09T10:31:22,5000.0,28.8,B
2021-06-09T10:31:11,500.0,28.8,B
2021-06-09T10:31:00,2500.0,28.7,B
2021-06-09T10:30:57,200.0,28.6,B
2021-06-09T10:30:47,600.0,28.7,B
2021-06-09T10:30:47,400.0,28.7,B
2021-06-09T10:30:47,1000.0,28.7,B
2021-06-09T10:30:47,2800.0,28.7,B
2021-06-09T10:30:47,300.0,28.7,B
2021-06-09T10:30:47,9100.0,28.7,B
2021-06-09T10:30:47,200.0,28.7,B
2021-06-09T10:30:47,1000.0,28.7,B
2021-06-09T10:30:47,5300.0,28.7,B
2021-06-09T10:30:47,4300.0,28.7,B
2021-06-09T10:30:47,5100.0,28.6,B
2021-06-09T10:30:47,100.0,28.6,B
2021-06-09T10:30:47,2000.0,28.6,B
2021-06-09T10:30:47,700.0,28.6,B
2021-06-09T10:30:47,12100.0,28.6,B
2021-06-09T10:30:43,500.0,28.6,B
2021-06-09T10:30:43,1200.0,28.6,B
2021-06-09T10:30:41,500.0,28.6,B
2021-06-09T10:30:37,1000.0,28.6,B
2021-06-09T10:30:31,200.0,28.6,B
2021-06-09T10:30:14,5000.0,28.6,B
2021-06-09T10:30:10,1000.0,28.6,B
2021-06-09T10:30:04,100.0,28.6,B
2021-06-09T10:30:02,500.0,28.6,B
2021-06-09T10:29:52,400.0,28.55,B
2021-06-09T10:29:49,200.0,28.6,B
2021-06-09T10:29:31,500.0,28.6,B
2021-06-09T10:29:19,100.0,28.6,B
2021-06-09T10:29:17,200.0,28.5,B
2021-06-09T10:29:17,30000.0,28.6,B
2021-06-09T10:29:11,13100.0,28.6,B
2021-06-09T10:29:11,3000.0,28.6,B
2021-06-09T10:29:11,100.0,28.6,B
2021-06-09T10:29:10,3000.0,28.6,B
2021-06-09T10:29:10,10800.0,28.6,B
2021-06-09T10:28:46,900.0,28.6,B
2021-06-09T10:28:24,500.0,28.6,B
2021-06-09T10:28:19,600.0,28.5,B
2021-06-09T10:28:02,2000.0,28.5,B
2021-06-09T10:27:59,200.0,28.6,B
2021-06-09T10:27:44,2100.0,28.6,B
2021-06-09T10:27:44,6400.0,28.6,B
2021-06-09T10:27:44,11500.0,28.6,B
2021-06-09T10:27:36,200.0,28.55,B
2021-06-09T10:27:34,9300.0,28.5,B
2021-06-09T10:27:26,1400.0,28.5,B
2021-06-09T10:27:26,1100.0,28.5,B
2021-06-09T10:27:24,3000.0,28.5,B
2021-06-09T10:27:22,2000.0,28.5,B
2021-06-09T10:27:17,100.0,28.5,B
2021-06-09T10:27:16,2000.0,28.5,B
2021-06-09T10:27:08,5000.0,28.5,B
2021-06-09T10:26:59,200.0,28.5,B
2021-06-09T10:26:52,2000.0,28.4,S
2021-06-09T10:26:46,200.0,28.5,B
2021-06-09T10:26:40,2000.0,28.5,B
2021-06-09T10:26:29,200.0,28.5,B
2021-06-09T10:26:28,1000.0,28.5,B
2021-06-09T10:26:28,500.0,28.4,S
2021-06-09T10:26:17,400.0,28.5,B
2021-06-09T10:26:17,400.0,28.5,B
2021-06-09T10:26:16,3000.0,28.5,B
2021-06-09T10:26:08,7000.0,28.5,B
2021-06-09T10:26:07,1000.0,28.5,B
2021-06-09T10:26:06,2100.0,28.4,S
2021-06-09T10:26:03,1000.0,28.5,B
2021-06-09T10:25:59,400.0,28.5,B
2021-06-09T10:25:55,1000.0,28.5,B
2021-06-09T10:25:52,100.0,28.5,B
2021-06-09T10:25:37,500.0,28.5,B
2021-06-09T10:25:29,500.0,28.5,B
2021-06-09T10:25:29,3600.0,28.5,B
2021-06-09T10:25:29,2400.0,28.5,B
2021-06-09T10:25:28,3000.0,28.5,B
2021-06-09T10:25:24,500.0,28.5,B
2021-06-09T10:25:20,100.0,28.5,B
2021-06-09T10:25:05,200.0,28.5,B
2021-06-09T10:25:02,2500.0,28.4,S
2021-06-09T10:25:00,500.0,28.5,B
2021-06-09T10:25:00,300.0,28.5,B
2021-06-09T10:25:00,200.0,28.5,B
2021-06-09T10:24:54,200.0,28.4,S
2021-06-09T10:24:52,2400.0,28.4,S
2021-06-09T10:24:37,10000.0,28.5,B
2021-06-09T10:24:10,300.0,28.4,S
2021-06-09T10:23:52,100.0,28.5,B
2021-06-09T10:23:51,1000.0,28.5,B
2021-06-09T10:23:34,1000.0,28.5,B
2021-06-09T10:23:22,1000.0,28.5,B
2021-06-09T10:22:43,200.0,28.35,B
2021-06-09T10:22:42,500.0,28.5,B
2021-06-09T10:22:26,1000.0,28.4,B
2021-06-09T10:22:15,800.0,28.4,B
2021-06-09T10:22:12,1100.0,28.4,B
2021-06-09T10:22:12,8900.0,28.4,B
2021-06-09T10:22:11,800.0,28.35,B
2021-06-09T10:21:46,500.0,28.35,B
2021-06-09T10:21:41,200.0,28.4,B
2021-06-09T10:21:40,200.0,28.4,B
2021-06-09T10:21:39,200.0,28.35,B
2021-06-09T10:21:36,500.0,28.35,B
2021-06-09T10:21:33,300.0,28.3,B
2021-06-09T10:21:28,100.0,28.3,B
2021-06-09T10:21:28,400.0,28.4,B
2021-06-09T10:21:28,1300.0,28.4,B
2021-06-09T10:21:27,1300.0,28.4,B
2021-06-09T10:21:24,100.0,28.3,B
2021-06-09T10:21:20,500.0,28.3,B
2021-06-09T10:21:14,100.0,28.3,B
2021-06-09T10:21:11,300.0,28.4,B
2021-06-09T10:20:42,2000.0,28.4,B
2021-06-09T10:20:21,400.0,28.3,B
2021-06-09T10:20:21,51000.0,28.3,B
2021-06-09T10:20:19,1200.0,28.2,B
2021-06-09T10:20:12,1000.0,28.2,B
2021-06-09T10:19:52,200.0,28.2,B
2021-06-09T10:19:46,100.0,28.2,B
2021-06-09T10:19:43,100.0,28.2,B
2021-06-09T10:19:43,200.0,28.2,B
2021-06-09T10:19:17,500.0,28.3,B
2021-06-09T10:19:16,200.0,28.2,B
2021-06-09T10:19:10,1600.0,28.3,B
2021-06-09T10:19:06,7900.0,28.2,B
2021-06-09T10:19:00,1000.0,28.2,B
2021-06-09T10:18:59,300.0,28.2,B
2021-06-09T10:18:55,3000.0,28.2,B
2021-06-09T10:18:54,2000.0,28.25,B
2021-06-09T10:18:54,100.0,28.25,B
2021-06-09T10:18:40,100.0,28.3,B
2021-06-09T10:18:38,1000.0,28.25,B
2021-06-09T10:18:37,500.0,28.3,B
2021-06-09T10:18:30,100.0,28.2,B
2021-06-09T10:18:26,400.0,28.2,B
2021-06-09T10:18:22,4000.0,28.3,B
2021-06-09T10:18:21,100.0,28.2,B
2021-06-09T10:18:06,4000.0,28.2,B
2021-06-09T10:18:06,1000.0,28.2,B
2021-06-09T10:17:55,1000.0,28.3,B
2021-06-09T10:17:55,200.0,28.3,B
2021-06-09T10:17:55,2000.0,28.3,B
2021-06-09T10:17:55,200.0,28.3,B
2021-06-09T10:17:55,800.0,28.3,B
2021-06-09T10:17:55,700.0,28.3,B
2021-06-09T10:17:55,15100.0,28.3,B
2021-06-09T10:17:54,400.0,28.2,B
2021-06-09T10:17:53,2000.0,28.2,B
2021-06-09T10:17:44,2000.0,28.3,B
2021-06-09T10:17:44,500.0,28.25,B
2021-06-09T10:17:44,200.0,28.2,B
2021-06-09T10:17:24,100.0,28.2,B
2021-06-09T10:17:10,5700.0,28.2,B
2021-06-09T10:17:10,800.0,28.2,B
2021-06-09T10:17:10,5300.0,28.2,B
2021-06-09T10:17:09,400.0,28.15,S
2021-06-09T10:17:07,200.0,28.15,S
2021-06-09T10:17:06,1000.0,28.15,S
2021-06-09T10:17:00,200.0,28.15,S
2021-06-09T10:16:56,15000.0,28.2,B
2021-06-09T10:16:56,100.0,28.2,B
2021-06-09T10:16:56,600.0,28.2,B
2021-06-09T10:16:56,500.0,28.2,B
2021-06-09T10:16:56,1000.0,28.2,B
2021-06-09T10:16:56,9000.0,28.2,B
2021-06-09T10:16:56,1700.0,28.2,B
2021-06-09T10:16:56,500.0,28.2,B
2021-06-09T10:16:56,1600.0,28.2,B
2021-06-09T10:16:51,200.0,28.15,S
2021-06-09T10:16:45,100.0,28.15,S
2021-06-09T10:16:41,3000.0,28.2,B
2021-06-09T10:16:36,10600.0,28.2,B
2021-06-09T10:16:36,5800.0,28.2,B
2021-06-09T10:16:36,33600.0,28.2,B
2021-06-09T10:16:35,400.0,28.2,B
2021-06-09T10:16:34,200.0,28.15,B
2021-06-09T10:16:30,1000.0,28.15,B
2021-06-09T10:16:27,500.0,28.15,B
2021-06-09T10:16:25,5000.0,28.15,B
2021-06-09T10:16:16,1200.0,28.15,B
2021-06-09T10:16:12,200.0,28.15,B
2021-06-09T10:16:12,1500.0,28.1,S
2021-06-09T10:16:05,1200.0,28.15,B
2021-06-09T10:16:05,1000.0,28.1,S
2021-06-09T10:16:02,300.0,28.15,B
2021-06-09T10:15:59,100.0,28.1,S
2021-06-09T10:15:45,2000.0,28.1,S
2021-06-09T10:15:43,10000.0,28.1,S
2021-06-09T10:15:35,500.0,28.1,S
2021-06-09T10:15:25,1000.0,28.1,S
2021-06-09T10:15:22,6000.0,28.1,S
2021-06-09T10:15:20,3000.0,28.1,S
2021-06-09T10:15:17,300.0,28.15,B
2021-06-09T10:15:12,100.0,28.1,S
2021-06-09T10:15:10,200.0,28.1,S
2021-06-09T10:15:05,5000.0,28.2,B
2021-06-09T10:14:51,400.0,28.2,B
2021-06-09T10:14:50,400.0,28.1,S
2021-06-09T10:14:37,200.0,28.1,S
2021-06-09T10:14:30,1000.0,28.1,S
2021-06-09T10:14:26,2000.0,28.1,S
2021-06-09T10:14:23,10000.0,28.2,B
2021-06-09T10:14:19,400.0,28.1,S
2021-06-09T10:14:17,400.0,28.05,S
2021-06-09T10:14:14,600.0,28.1,S
2021-06-09T10:14:12,100.0,28.1,S
2021-06-09T10:14:11,10000.0,28.1,S
2021-06-09T10:14:10,20000.0,28.2,B
2021-06-09T10:14:08,200.0,28.15,B
2021-06-09T10:14:08,500.0,28.2,B
2021-06-09T10:13:48,500.0,28.15,B
2021-06-09T10:13:43,200.0,28.15,B
2021-06-09T10:13:42,400.0,28.15,B
2021-06-09T10:13:42,7300.0,28.15,B
2021-06-09T10:13:13,700.0,28.1,S
2021-06-09T10:13:12,2300.0,28.1,S
2021-06-09T10:13:02,200.0,28.1,S
2021-06-09T10:12:56,100.0,28.15,B
2021-06-09T10:12:49,100.0,28.1,S
2021-06-09T10:12:45,3000.0,28.15,B
2021-06-09T10:12:39,1000.0,28.1,S
2021-06-09T10:12:33,2000.0,28.15,B
2021-06-09T10:12:32,5000.0,28.15,B
2021-06-09T10:12:27,400.0,28.1,S
2021-06-09T10:12:17,1000.0,28.1,S
2021-06-09T10:12:13,100.0,28.15,B
2021-06-09T10:12:02,100.0,28.15,B
2021-06-09T10:12:00,400.0,28.05,S
2021-06-09T10:11:43,500.0,28.05,S
2021-06-09T10:11:41,1000.0,28.05,S
2021-06-09T10:11:40,20000.0,28.05,S
2021-06-09T10:11:39,2400.0,28.05,S
2021-06-09T10:11:38,100.0,28.1,S
2021-06-09T10:11:21,200.0,28.1,S
2021-06-09T10:11:19,1600.0,28.15,B
2021-06-09T10:11:13,100.0,28.1,S
2021-06-09T10:11:12,200.0,28.1,S
2021-06-09T10:11:00,2500.0,28.1,S
2021-06-09T10:11:00,5200.0,28.1,S
2021-06-09T10:10:59,18600.0,28.1,S
2021-06-09T10:10:56,700.0,28.15,B
2021-06-09T10:10:31,500.0,28.1,B
2021-06-09T10:10:27,1000.0,28.15,B
2021-06-09T10:10:22,1000.0,28.15,B
2021-06-09T10:10:22,1000.0,28.15,B
2021-06-09T10:10:18,100.0,28.1,B
2021-06-09T10:09:47,800.0,28.1,B
2021-06-09T10:09:46,100.0,28.1,B
2021-06-09T10:09:41,100.0,28.15,B
2021-06-09T10:09:40,2000.0,28.15,B
2021-06-09T10:09:23,100.0,28.1,B
2021-06-09T10:09:14,3000.0,28.1,B
2021-06-09T10:09:07,500.0,28.1,B
2021-06-09T10:09:03,2500.0,28.1,B
2021-06-09T10:08:51,100.0,28.1,B
2021-06-09T10:08:46,3100.0,28.15,B
2021-06-09T10:08:46,500.0,28.1,B
2021-06-09T10:08:32,100.0,28.1,B
2021-06-09T10:08:31,100.0,28.15,B
2021-06-09T10:08:31,2000.0,28.1,B
2021-06-09T10:08:11,400.0,28.1,B
2021-06-09T10:07:58,500.0,28.1,B
2021-06-09T10:07:50,900.0,28.1,B
2021-06-09T10:07:48,300.0,28.1,B
2021-06-09T10:07:38,200.0,28.1,B
2021-06-09T10:07:35,10000.0,28.15,B
2021-06-09T10:07:22,100.0,28.0,S
2021-06-09T10:07:22,100.0,28.0,S
2021-06-09T10:07:11,2900.0,28.0,S
2021-06-09T10:07:10,4200.0,28.0,S
2021-06-09T10:07:10,2000.0,28.0,S
2021-06-09T10:07:10,7900.0,28.0,S
2021-06-09T10:07:10,6000.0,28.0,S
2021-06-09T10:07:10,3300.0,28.0,S
2021-06-09T10:07:10,2600.0,28.0,S
2021-06-09T10:07:10,700.0,28.0,S
2021-06-09T10:07:10,1000.0,28.0,S
2021-06-09T10:07:10,4200.0,28.0,S
2021-06-09T10:07:10,1200.0,28.0,S
2021-06-09T10:07:09,2100.0,28.0,S
2021-06-09T10:07:09,1300.0,28.0,S
2021-06-09T10:07:09,6200.0,28.0,S
2021-06-09T10:07:02,100.0,28.0,S
2021-06-09T10:06:59,1300.0,28.0,S
2021-06-09T10:06:57,1000.0,28.0,S
2021-06-09T10:06:55,2900.0,28.0,S
2021-06-09T10:06:55,600.0,28.0,S
2021-06-09T10:06:55,1500.0,28.0,S
2021-06-09T10:06:53,500.0,28.0,S
2021-06-09T10:06:52,500.0,28.0,S
2021-06-09T10:06:45,5300.0,28.0,S
2021-06-09T10:06:45,100.0,28.0,S
2021-06-09T10:06:45,7100.0,28.0,S
2021-06-09T10:06:45,200.0,28.0,S
2021-06-09T10:06:45,1200.0,28.0,S
2021-06-09T10:06:45,5100.0,28.0,S
2021-06-09T10:06:45,200.0,28.0,S
2021-06-09T10:06:45,300.0,28.0,S
2021-06-09T10:06:45,100.0,28.0,S
2021-06-09T10:06:45,2100.0,28.0,S
2021-06-09T10:06:44,10000.0,28.15,B
2021-06-09T10:06:35,100.0,28.15,B
2021-06-09T10:06:24,100.0,28.15,B
2021-06-09T10:06:23,3500.0,28.15,B
2021-06-09T10:06:23,6500.0,28.15,B
2021-06-09T10:06:20,1000.0,28.0,S
2021-06-09T10:06:13,500.0,28.0,S
2021-06-09T10:06:13,1000.0,28.0,S
2021-06-09T10:06:13,2500.0,28.0,S
2021-06-09T10:05:54,1000.0,28.15,B
2021-06-09T10:05:49,100.0,28.05,B
2021-06-09T10:05:44,400.0,28.0,S
2021-06-09T10:05:43,100.0,28.0,S
2021-06-09T10:05:43,1200.0,28.0,S
2021-06-09T10:05:43,1200.0,28.0,S
2021-06-09T10:05:43,2500.0,28.0,S
2021-06-09T10:05:24,100.0,28.0,S
2021-06-09T10:05:21,5000.0,28.0,S
2021-06-09T10:05:12,200.0,28.15,B
2021-06-09T10:05:12,800.0,28.15,B
2021-06-09T10:05:10,200.0,28.0,S
2021-06-09T10:05:08,400.0,28.0,S
2021-06-09T10:05:06,400.0,28.0,S
2021-06-09T10:05:04,1000.0,28.05,B
2021-06-09T10:05:03,100.0,28.1,B
2021-06-09T10:04:57,3300.0,28.1,B
2021-06-09T10:04:53,900.0,28.1,B
2021-06-09T10:04:53,500.0,28.1,B
2021-06-09T10:04:45,100.0,28.05,B
2021-06-09T10:04:45,2000.0,28.1,B
2021-06-09T10:04:35,1000.0,28.05,B
2021-06-09T10:04:27,100.0,28.1,B
2021-06-09T10:04:24,2500.0,28.05,B
2021-06-09T10:04:17,3000.0,28.0,S
2021-06-09T10:04:17,600.0,28.0,S
2021-06-09T10:04:15,4000.0,28.0,S
2021-06-09T10:04:14,1000.0,28.1,B
2021-06-09T10:04:05,400.0,28.1,S
2021-06-09T10:03:50,1200.0,28.0,S
2021-06-09T10:03:46,5000.0,28.1,S
2021-06-09T10:03:44,1000.0,28.1,S
2021-06-09T10:03:32,2000.0,28.1,S
2021-06-09T10:03:31,100.0,28.05,S
2021-06-09T10:03:30,1000.0,28.05,S
2021-06-09T10:03:22,100.0,28.05,S
2021-06-09T10:03:11,1000.0,28.05,S
2021-06-09T10:02:56,1000.0,28.1,S
2021-06-09T10:02:55,7000.0,28.1,S
2021-06-09T10:02:53,300.0,28.1,S
2021-06-09T10:02:51,5000.0,28.0,S
2021-06-09T10:02:50,29200.0,28.0,S
2021-06-09T10:02:50,1000.0,28.0,S
2021-06-09T10:02:50,400.0,28.0,S
2021-06-09T10:02:50,300.0,28.0,S
2021-06-09T10:02:49,19100.0,28.0,S
2021-06-09T10:02:48,100.0,28.05,S
2021-06-09T10:02:47,7500.0,28.0,S
2021-06-09T10:02:32,900.0,28.1,S
2021-06-09T10:02:24,100.0,28.0,S
2021-06-09T10:02:18,200.0,28.0,S
2021-06-09T10:01:53,500.0,28.0,S
2021-06-09T10:01:42,200.0,28.1,S
2021-06-09T10:01:39,500.0,28.1,S
2021-06-09T10:01:38,100.0,28.0,S
2021-06-09T10:01:38,1000.0,28.0,S
2021-06-09T10:01:34,1000.0,28.0,S
2021-06-09T10:01:32,3000.0,28.0,S
2021-06-09T10:01:32,200.0,28.0,S
2021-06-09T10:01:31,100.0,28.1,S
2021-06-09T10:01:28,500.0,28.0,S
2021-06-09T10:01:23,4000.0,28.0,S
2021-06-09T10:01:10,7000.0,28.0,S
2021-06-09T10:01:09,2000.0,28.05,S
2021-06-09T10:01:08,100.0,28.1,S
2021-06-09T10:01:03,1600.0,28.1,S
2021-06-09T10:01:01,1000.0,28.15,B
2021-06-09T10:00:58,500.0,28.1,S
2021-06-09T10:00:56,400.0,28.1,S
2021-06-09T10:00:56,1500.0,28.1,S
2021-06-09T10:00:55,300.0,28.15,B
2021-06-09T10:00:51,1000.0,28.15,B
2021-06-09T10:00:47,100.0,28.15,B
2021-06-09T10:00:39,1000.0,28.1,S
2021-06-09T10:00:39,1000.0,28.1,S
2021-06-09T10:00:32,100.0,28.15,B
2021-06-09T10:00:18,6000.0,28.0,S
2021-06-09T10:00:14,300.0,28.0,S
2021-06-09T10:00:12,600.0,28.0,S
2021-06-09T10:00:10,3000.0,28.0,S
2021-06-09T10:00:09,2000.0,28.05,S
2021-06-09T10:00:07,100.0,28.15,B
2021-06-09T10:00:00,1000.0,28.0,S
2021-06-09T10:00:00,200.0,28.0,S
2021-06-09T09:59:58,400.0,28.0,S
2021-06-09T09:59:56,1000.0,28.0,S
2021-06-09T09:59:39,1600.0,28.0,S
2021-06-09T09:59:39,100.0,28.1,S
2021-06-09T09:59:36,3100.0,28.0,S
2021-06-09T09:59:36,2000.0,28.0,S
2021-06-09T09:59:36,1000.0,28.0,S
2021-06-09T09:59:36,8800.0,28.0,S
2021-06-09T09:59:36,2000.0,28.0,S
2021-06-09T09:59:35,3100.0,28.0,S
2021-06-09T09:59:30,1200.0,28.0,S
2021-06-09T09:59:29,1000.0,28.0,S
2021-06-09T09:59:28,400.0,28.0,S
2021-06-09T09:59:14,600.0,28.0,S
2021-06-09T09:59:09,1300.0,28.15,B
2021-06-09T09:59:09,200.0,28.0,S
2021-06-09T09:59:08,100.0,28.15,B
2021-06-09T09:59:06,20000.0,28.0,S
2021-06-09T09:59:05,300.0,28.1,S
2021-06-09T09:58:55,5000.0,28.0,S
2021-06-09T09:58:53,200.0,28.15,B
2021-06-09T09:58:52,100.0,28.15,B
2021-06-09T09:58:51,500.0,28.1,S
2021-06-09T09:58:50,300.0,28.1,S
2021-06-09T09:58:49,900.0,28.1,S
2021-06-09T09:58:40,500.0,28.1,S
2021-06-09T09:58:38,1200.0,28.15,B
2021-06-09T09:58:35,100.0,28.1,S
2021-06-09T09:58:35,1500.0,28.1,S
2021-06-09T09:58:35,3500.0,28.05,S
2021-06-09T09:58:34,500.0,28.0,S
2021-06-09T09:58:16,2000.0,28.0,S
2021-06-09T09:58:14,400.0,28.05,S
2021-06-09T09:58:10,100.0,28.05,S
2021-06-09T09:58:09,5000.0,28.0,S
2021-06-09T09:58:03,200.0,28.0,S
2021-06-09T09:57:54,3000.0,28.15,B
2021-06-09T09:57:40,2000.0,28.15,B
2021-06-09T09:57:36,2200.0,28.0,S
2021-06-09T09:57:36,17800.0,28.0,S
2021-06-09T09:57:35,400.0,28.0,S
2021-06-09T09:57:31,100.0,28.1,S
2021-06-09T09:57:28,300.0,28.15,S
2021-06-09T09:57:25,6800.0,28.0,S
2021-06-09T09:57:18,100.0,28.15,S
2021-06-09T09:57:18,200.0,28.0,S
2021-06-09T09:57:17,12200.0,28.0,S
2021-06-09T09:57:17,1200.0,28.0,S
2021-06-09T09:57:17,1500.0,28.0,S
2021-06-09T09:57:17,1600.0,28.0,S
2021-06-09T09:57:17,5700.0,28.0,S
2021-06-09T09:57:16,1600.0,28.0,S
2021-06-09T09:57:16,2100.0,28.0,S
2021-06-09T09:57:16,1000.0,28.0,S
2021-06-09T09:57:16,11100.0,28.0,S
2021-06-09T09:57:16,4600.0,28.0,S
2021-06-09T09:57:16,2100.0,28.0,S
2021-06-09T09:57:16,5300.0,28.0,S
2021-06-09T09:57:07,100.0,28.15,S
2021-06-09T09:57:02,100.0,28.0,S
2021-06-09T09:57:01,1000.0,28.15,S
2021-06-09T09:57:00,3600.0,28.0,S
2021-06-09T09:57:00,300.0,28.0,S
2021-06-09T09:57:00,3600.0,28.0,S
2021-06-09T09:57:00,500.0,28.0,S
2021-06-09T09:56:54,7500.0,28.0,S
2021-06-09T09:56:54,2500.0,28.0,S
2021-06-09T09:56:48,100.0,28.15,S
2021-06-09T09:56:46,200.0,28.15,S
2021-06-09T09:56:35,10000.0,28.0,S
2021-06-09T09:56:35,3700.0,28.0,S
2021-06-09T09:56:35,400.0,28.0,S
2021-06-09T09:56:35,1100.0,28.0,S
2021-06-09T09:56:35,14800.0,28.0,S
2021-06-09T09:56:31,20000.0,28.0,S
2021-06-09T09:56:17,100.0,28.2,B
2021-06-09T09:56:17,200.0,28.0,S
2021-06-09T09:56:14,1000.0,28.2,B
2021-06-09T09:56:09,4000.0,28.0,S
2021-06-09T09:56:01,400.0,28.05,S
2021-06-09T09:56:00,4900.0,28.2,B
2021-06-09T09:55:50,200.0,28.05,S
2021-06-09T09:55:48,200.0,28.15,S
2021-06-09T09:55:36,100.0,28.15,S
2021-06-09T09:55:31,200.0,28.2,B
2021-06-09T09:55:28,1000.0,28.2,B
2021-06-09T09:55:25,4000.0,28.0,S
2021-06-09T09:55:17,3000.0,28.0,S
2021-06-09T09:55:16,100.0,28.1,S
2021-06-09T09:55:03,300.0,28.2,B
2021-06-09T09:55:03,1700.0,28.2,B
2021-06-09T09:54:51,100.0,28.1,S
2021-06-09T09:54:35,5000.0,28.0,S
2021-06-09T09:54:35,20000.0,28.0,S
2021-06-09T09:54:32,2000.0,28.2,B
2021-06-09T09:54:32,100.0,28.2,B
2021-06-09T09:54:31,900.0,28.05,S
2021-06-09T09:54:25,1000.0,28.05,S
2021-06-09T09:54:13,2000.0,28.15,S
2021-06-09T09:54:11,400.0,28.05,S
2021-06-09T09:54:09,2000.0,28.05,S
2021-06-09T09:54:07,5000.0,28.05,S
2021-06-09T09:54:05,100.0,28.05,S
2021-06-09T09:53:54,100.0,28.05,S
2021-06-09T09:53:50,200.0,28.1,S
2021-06-09T09:53:48,500.0,28.05,S
2021-06-09T09:53:32,600.0,28.05,S
2021-06-09T09:53:27,800.0,28.05,S
2021-06-09T09:53:27,200.0,28.05,S
2021-06-09T09:53:16,7700.0,28.2,B
2021-06-09T09:53:16,3300.0,28.2,B
2021-06-09T09:53:15,2000.0,28.05,S
2021-06-09T09:53:15,3000.0,28.2,B
2021-06-09T09:53:13,3600.0,28.05,S
2021-06-09T09:53:12,1500.0,28.1,S
2021-06-09T09:52:52,1000.0,28.05,S
2021-06-09T09:52:47,1000.0,28.2,B
2021-06-09T09:52:46,100.0,28.1,S
2021-06-09T09:52:42,100.0,28.2,B
2021-06-09T09:52:40,400.0,28.1,S
2021-06-09T09:52:11,500.0,28.05,S
2021-06-09T09:52:10,100.0,28.1,S
2021-06-09T09:52:05,500.0,28.05,S
2021-06-09T09:51:56,13400.0,28.05,S
2021-06-09T09:51:51,100.0,28.2,B
2021-06-09T09:51:50,22300.0,28.05,S
2021-06-09T09:51:47,600.0,28.1,S
2021-06-09T09:51:18,2000.0,28.2,B
2021-06-09T09:51:07,1000.0,28.2,B
2021-06-09T09:50:58,200.0,28.1,S
2021-06-09T09:50:54,1000.0,28.2,B
2021-06-09T09:50:42,1700.0,28.05,S
2021-06-09T09:50:42,100.0,28.1,S
2021-06-09T09:50:42,3200.0,28.1,S
2021-06-09T09:50:38,500.0,28.1,S
2021-06-09T09:50:23,1800.0,28.15,S
2021-06-09T09:50:23,1400.0,28.15,S
2021-06-09T09:50:20,2000.0,28.15,S
2021-06-09T09:50:19,200.0,28.15,S
2021-06-09T09:50:15,1000.0,28.2,B
2021-06-09T09:50:01,100.0,28.15,S
2021-06-09T09:49:41,500.0,28.2,S
2021-06-09T09:49:39,1000.0,28.2,S
2021-06-09T09:49:29,300.0,28.15,S
2021-06-09T09:49:28,300.0,28.2,S
2021-06-09T09:49:17,200.0,28.15,S
2021-06-09T09:49:11,400.0,28.2,S
2021-06-09T09:49:09,200.0,28.15,S
2021-06-09T09:49:08,500.0,28.15,S
2021-06-09T09:49:01,500.0,28.15,S
2021-06-09T09:48:58,300.0,28.15,S
2021-06-09T09:48:58,900.0,28.2,S
2021-06-09T09:48:57,100.0,28.2,S
2021-06-09T09:48:47,1000.0,28.15,S
2021-06-09T09:48:46,1700.0,28.2,S
2021-06-09T09:48:34,1000.0,28.05,S
2021-06-09T09:48:33,10000.0,28.05,S
2021-06-09T09:48:31,1000.0,28.2,S
2021-06-09T09:48:26,1700.0,28.05,S
2021-06-09T09:48:26,300.0,28.1,S
2021-06-09T09:48:16,200.0,28.1,S
2021-06-09T09:48:15,100.0,28.2,S
2021-06-09T09:48:15,200.0,28.2,S
2021-06-09T09:48:03,200.0,28.1,S
2021-06-09T09:47:53,300.0,28.1,S
2021-06-09T09:47:53,3700.0,28.1,S
2021-06-09T09:47:48,300.0,28.2,S
2021-06-09T09:47:38,100.0,28.2,S
2021-06-09T09:47:34,200.0,28.2,S
2021-06-09T09:47:14,2000.0,28.1,S
2021-06-09T09:47:12,1000.0,28.1,S
2021-06-09T09:47:05,100.0,28.3,B
2021-06-09T09:47:03,5000.0,28.3,B
2021-06-09T09:46:59,2000.0,28.1,S
2021-06-09T09:46:55,3400.0,28.1,S
2021-06-09T09:46:55,1600.0,28.1,S
2021-06-09T09:46:40,100.0,28.1,S
2021-06-09T09:46:34,1000.0,28.1,S
2021-06-09T09:46:30,2000.0,28.1,S
2021-06-09T09:46:26,200.0,28.2,S
2021-06-09T09:46:24,2000.0,28.2,S
2021-06-09T09:46:23,2000.0,28.2,S
2021-06-09T09:46:18,500.0,28.3,B
2021-06-09T09:46:11,100.0,28.3,B
2021-06-09T09:46:06,700.0,28.3,B
2021-06-09T09:46:04,2900.0,28.3,B
2021-06-09T09:45:58,1300.0,28.3,B
2021-06-09T09:45:34,100.0,28.3,B
2021-06-09T09:45:32,1000.0,28.3,B
2021-06-09T09:45:30,1000.0,28.3,B
2021-06-09T09:45:30,1100.0,28.3,B
2021-06-09T09:45:28,100.0,28.2,S
2021-06-09T09:45:28,1000.0,28.1,S
2021-06-09T09:45:23,700.0,28.1,S
2021-06-09T09:45:23,100.0,28.2,S
2021-06-09T09:45:16,100.0,28.1,S
2021-06-09T09:45:15,10000.0,28.1,S
2021-06-09T09:45:11,100.0,28.2,S
2021-06-09T09:45:06,500.0,28.2,S
2021-06-09T09:45:04,100.0,28.2,S
2021-06-09T09:44:57,1000.0,28.1,S
2021-06-09T09:44:56,8900.0,28.1,S
2021-06-09T09:44:55,1400.0,28.1,S
2021-06-09T09:44:46,200.0,28.3,B
2021-06-09T09:44:41,1000.0,28.4,B
2021-06-09T09:44:41,500.0,28.3,B
2021-06-09T09:44:39,1500.0,28.3,B
2021-06-09T09:44:29,2200.0,28.1,S
2021-06-09T09:44:27,100.0,28.2,S
2021-06-09T09:44:25,300.0,28.2,S
2021-06-09T09:44:21,600.0,28.1,S
2021-06-09T09:44:14,2000.0,28.2,S
2021-06-09T09:44:11,200.0,28.2,S
2021-06-09T09:44:11,400.0,28.2,S
2021-06-09T09:44:00,4000.0,28.2,S
2021-06-09T09:43:42,1000.0,28.5,B
2021-06-09T09:43:36,100.0,28.2,S
2021-06-09T09:43:34,100.0,28.2,S
2021-06-09T09:43:21,600.0,28.5,B
2021-06-09T09:43:21,9600.0,28.5,B
2021-06-09T09:43:19,800.0,28.2,S
2021-06-09T09:43:19,200.0,28.2,S
2021-06-09T09:43:19,600.0,28.2,S
2021-06-09T09:43:18,500.0,28.2,S
2021-06-09T09:43:10,100.0,28.2,S
2021-06-09T09:43:09,1200.0,28.2,S
2021-06-09T09:43:05,100.0,28.2,S
2021-06-09T09:43:02,500.0,28.2,S
2021-06-09T09:43:00,100.0,28.2,S
2021-06-09T09:42:36,100.0,28.3,B
2021-06-09T09:42:36,3000.0,28.2,S
2021-06-09T09:42:34,1000.0,28.2,S
2021-06-09T09:42:28,100.0,28.3,B
2021-06-09T09:42:27,100.0,28.2,S
2021-06-09T09:42:26,1800.0,28.2,S
2021-06-09T09:42:23,200.0,28.2,S
2021-06-09T09:42:17,6500.0,28.2,S
2021-06-09T09:42:12,200.0,28.2,S
2021-06-09T09:41:57,100.0,28.2,S
2021-06-09T09:41:53,1100.0,28.2,S
2021-06-09T09:41:37,1000.0,28.4,S
2021-06-09T09:41:34,2000.0,28.2,S
2021-06-09T09:41:29,600.0,28.2,S
2021-06-09T09:41:22,1000.0,28.2,S
2021-06-09T09:41:13,3100.0,28.1,S
2021-06-09T09:41:13,2600.0,28.2,S
2021-06-09T09:41:13,1400.0,28.2,S
2021-06-09T09:41:13,2900.0,28.3,S
2021-06-09T09:41:06,1000.0,28.4,S
2021-06-09T09:41:04,200.0,28.3,S
2021-06-09T09:41:04,500.0,28.3,S
2021-06-09T09:41:00,200.0,28.3,S
2021-06-09T09:40:59,500.0,28.3,S
2021-06-09T09:40:58,400.0,28.3,S
2021-06-09T09:40:51,1200.0,28.4,S
2021-06-09T09:40:50,100.0,28.3,S
2021-06-09T09:40:49,500.0,28.3,S
2021-06-09T09:40:45,1000.0,28.3,S
2021-06-09T09:40:42,400.0,28.3,S
2021-06-09T09:40:39,200.0,28.3,S
2021-06-09T09:40:26,100.0,28.4,S
2021-06-09T09:40:26,500.0,28.3,S
2021-06-09T09:40:19,1500.0,28.3,S
2021-06-09T09:40:16,400.0,28.2,S
2021-06-09T09:40:02,100.0,28.3,S
2021-06-09T09:39:56,5000.0,28.1,S
2021-06-09T09:39:50,1000.0,28.25,S
2021-06-09T09:39:50,900.0,28.25,S
2021-06-09T09:39:44,100.0,28.3,S
2021-06-09T09:39:36,300.0,28.25,S
2021-06-09T09:39:35,500.0,28.2,S
2021-06-09T09:39:24,3300.0,28.1,S
2021-06-09T09:39:17,1500.0,28.2,S
2021-06-09T09:39:05,2000.0,28.2,S
2021-06-09T09:39:02,1000.0,28.1,S
2021-06-09T09:38:59,100.0,28.1,S
2021-06-09T09:38:57,6100.0,28.0,S
2021-06-09T09:38:56,1100.0,28.0,S
2021-06-09T09:38:56,6000.0,28.0,S
2021-06-09T09:38:52,1000.0,28.0,S
2021-06-09T09:38:51,100.0,28.0,S
2021-06-09T09:38:49,1000.0,28.2,S
2021-06-09T09:38:47,2000.0,28.0,S
2021-06-09T09:38:35,100.0,28.2,S
2021-06-09T09:38:32,200.0,28.05,S
2021-06-09T09:38:32,1000.0,28.2,S
2021-06-09T09:38:29,700.0,28.05,S
2021-06-09T09:38:28,900.0,28.05,S
2021-06-09T09:38:26,300.0,28.05,S
2021-06-09T09:38:05,200.0,28.0,S
2021-06-09T09:37:59,3000.0,28.2,S
2021-06-09T09:37:58,100.0,28.2,S
2021-06-09T09:37:57,500.0,28.0,S
2021-06-09T09:37:55,13000.0,28.0,S
2021-06-09T09:37:51,600.0,28.0,S
2021-06-09T09:37:34,600.0,28.0,S
2021-06-09T09:37:33,1000.0,28.2,S
2021-06-09T09:37:29,500.0,28.0,S
2021-06-09T09:37:28,1000.0,28.0,S
2021-06-09T09:37:12,500.0,28.2,S
2021-06-09T09:37:12,2000.0,28.2,S
2021-06-09T09:37:11,100.0,28.0,S
2021-06-09T09:37:04,1000.0,28.0,S
2021-06-09T09:37:04,1500.0,28.0,S
2021-06-09T09:37:03,100.0,28.0,S
2021-06-09T09:37:00,3000.0,28.5,S
2021-06-09T09:36:58,6000.0,28.0,S
2021-06-09T09:36:56,10000.0,28.5,S
2021-06-09T09:36:29,200.0,28.3,S
2021-06-09T09:36:23,2500.0,28.0,S
2021-06-09T09:36:23,8400.0,28.0,S
2021-06-09T09:36:23,500.0,28.05,S
2021-06-09T09:36:22,8600.0,28.05,S
2021-06-09T09:36:20,800.0,28.1,S
2021-06-09T09:36:19,300.0,28.3,S
2021-06-09T09:36:18,400.0,28.1,S
2021-06-09T09:36:17,3600.0,28.3,S
2021-06-09T09:36:04,100.0,28.2,S
2021-06-09T09:35:58,500.0,28.3,S
2021-06-09T09:35:57,2000.0,28.05,S
2021-06-09T09:35:53,1000.0,28.05,S
2021-06-09T09:35:48,1000.0,28.3,S
2021-06-09T09:35:43,500.0,28.5,S
2021-06-09T09:35:41,100.0,28.0,S
2021-06-09T09:35:34,2000.0,28.5,S
2021-06-09T09:35:32,1000.0,28.0,S
2021-06-09T09:35:17,2000.0,28.5,S
2021-06-09T09:35:14,400.0,28.0,S
2021-06-09T09:35:14,700.0,28.0,S
2021-06-09T09:35:14,400.0,28.0,S
2021-06-09T09:35:05,500.0,28.6,B
2021-06-09T09:35:03,9600.0,28.6,B
2021-06-09T09:35:03,400.0,28.5,S
2021-06-09T09:35:03,2000.0,28.5,S
2021-06-09T09:34:57,3000.0,28.0,S
2021-06-09T09:34:54,2000.0,28.0,S
2021-06-09T09:34:53,300.0,28.05,S
2021-06-09T09:34:45,5900.0,28.05,S
2021-06-09T09:34:37,1500.0,28.2,S
2021-06-09T09:34:33,3000.0,28.2,S
2021-06-09T09:34:33,500.0,28.5,S
2021-06-09T09:34:26,200.0,28.05,S
2021-06-09T09:34:22,200.0,28.5,S
2021-06-09T09:34:20,500.0,28.0,S
2021-06-09T09:34:19,1000.0,28.0,S
2021-06-09T09:34:12,2000.0,28.0,S
2021-06-09T09:34:09,200.0,28.3,S
2021-06-09T09:34:05,100.0,28.0,S
2021-06-09T09:34:03,1000.0,28.0,S
2021-06-09T09:34:01,100.0,28.3,S
2021-06-09T09:33:56,500.0,28.0,S
2021-06-09T09:33:47,4400.0,28.0,S
2021-06-09T09:33:44,700.0,28.0,S
2021-06-09T09:33:40,2200.0,28.6,S
2021-06-09T09:33:40,100.0,28.6,S
2021-06-09T09:33:39,700.0,28.6,S
2021-06-09T09:33:39,2400.0,28.6,S
2021-06-09T09:33:39,600.0,28.6,S
2021-06-09T09:33:39,3200.0,28.5,S
2021-06-09T09:33:37,100.0,28.0,S
2021-06-09T09:33:32,7000.0,28.0,S
2021-06-09T09:33:31,100.0,28.5,S
2021-06-09T09:33:26,300.0,28.0,S
2021-06-09T09:33:24,20000.0,28.0,S
2021-06-09T09:33:17,200.0,28.1,S
2021-06-09T09:33:15,100.0,28.5,S
2021-06-09T09:33:07,1000.0,28.0,S
2021-06-09T09:33:05,38100.0,28.0,S
2021-06-09T09:33:02,100.0,28.5,S
2021-06-09T09:32:51,100.0,28.1,S
2021-06-09T09:32:51,200.0,28.2,S
2021-06-09T09:32:50,200.0,28.2,S
2021-06-09T09:32:50,1500.0,28.5,S
2021-06-09T09:32:49,500.0,28.5,S
2021-06-09T09:32:31,500.0,28.2,S
2021-06-09T09:32:28,300.0,28.6,S
2021-06-09T09:32:22,100.0,28.2,S
2021-06-09T09:32:21,100.0,28.6,S
2021-06-09T09:32:21,3300.0,28.0,S
2021-06-09T09:32:19,200.0,28.0,S
2021-06-09T09:32:17,9800.0,28.0,S
2021-06-09T09:32:17,3000.0,28.0,S
2021-06-09T09:32:01,3000.0,28.0,S
2021-06-09T09:32:00,1000.0,28.0,S
2021-06-09T09:31:59,100.0,28.5,S
2021-06-09T09:31:57,100.0,28.45,S
2021-06-09T09:31:56,40000.0,28.0,S
2021-06-09T09:31:54,100.0,28.45,S
2021-06-09T09:31:52,100.0,28.2,S
2021-06-09T09:31:51,2000.0,28.2,S
2021-06-09T09:31:32,100.0,28.7,S
2021-06-09T09:31:31,200.0,28.3,S
2021-06-09T09:31:27,200.0,28.7,S
2021-06-09T09:31:18,2000.0,28.2,S
2021-06-09T09:31:13,800.0,28.2,S
2021-06-09T09:31:13,1000.0,28.2,S
2021-06-09T09:31:12,1000.0,28.8,S
2021-06-09T09:31:11,500.0,28.2,S
2021-06-09T09:31:03,10000.0,28.2,S
2021-06-09T09:30:33,1000.0,28.6,S
2021-06-09T09:30:24,2000.0,28.8,S
2021-06-09T09:30:23,5000.0,28.25,S
2021-06-09T09:30:22,100.0,28.8,S
2021-06-09T09:30:22,2100.0,28.8,S
2021-06-09T09:30:19,2000.0,28.25,S
2021-06-09T09:30:19,200.0,28.8,S
2021-06-09T09:30:14,1000.0,28.8,S
2021-06-09T09:30:09,500.0,28.8,S
2021-06-09T09:29:55,4000.0,28.0,S
2021-06-09T09:29:49,100.0,28.0,S
2021-06-09T09:29:45,2400.0,28.0,S
2021-06-09T09:29:45,2000.0,28.0,S
2021-06-09T09:29:45,200.0,28.0,S
2021-06-09T09:29:45,2200.0,28.0,S
2021-06-09T09:29:45,3200.0,28.1,S
2021-06-09T09:29:44,1000.0,28.5,S
2021-06-09T09:29:37,11300.0,28.5,S
2021-06-09T09:29:34,600.0,28.7,S
2021-06-09T09:29:30,100.0,28.8,S
2021-06-09T09:29:24,1200.0,28.7,S
2021-06-09T09:29:20,500.0,28.1,S
2021-06-09T09:29:10,500.0,28.15,S
2021-06-09T09:28:58,1600.0,28.2,S
2021-06-09T09:28:57,300.0,28.2,S
2021-06-09T09:28:51,100.0,28.8,S
2021-06-09T09:28:44,3800.0,28.2,S
2021-06-09T09:28:44,1100.0,28.2,S
2021-06-09T09:28:44,100.0,28.7,S
2021-06-09T09:28:37,400.0,28.2,S
2021-06-09T09:28:23,1000.0,28.2,S
2021-06-09T09:28:23,3700.0,28.2,S
2021-06-09T09:28:23,1100.0,28.2,S
2021-06-09T09:28:23,3000.0,28.2,S
2021-06-09T09:28:23,6200.0,28.3,S
2021-06-09T09:28:21,5100.0,28.3,S
2021-06-09T09:28:21,300.0,28.35,S
2021-06-09T09:28:20,14600.0,28.4,S
2021-06-09T09:28:16,100.0,29.0,B
2021-06-09T09:28:16,1000.0,29.0,B
2021-06-09T09:28:15,2300.0,29.0,B
2021-06-09T09:28:15,700.0,28.9,S
2021-06-09T09:28:15,30000.0,28.5,S
2021-06-09T09:28:12,300.0,28.7,S
2021-06-09T09:28:10,200.0,28.7,S
2021-06-09T09:28:09,200.0,28.5,S
2021-06-09T09:28:02,2000.0,28.7,S
2021-06-09T09:28:00,1000.0,28.7,S
2021-06-09T09:27:59,600.0,28.5,S
2021-06-09T09:27:44,800.0,28.5,S
2021-06-09T09:27:44,1000.0,28.5,S
2021-06-09T09:27:44,100.0,28.5,S
2021-06-09T09:27:44,400.0,28.5,S
2021-06-09T09:27:44,5000.0,28.5,S
2021-06-09T09:27:44,11300.0,28.6,S
2021-06-09T09:27:44,1000.0,28.6,S
2021-06-09T09:27:44,22700.0,28.6,S
2021-06-09T09:27:42,100.0,28.6,S
2021-06-09T09:27:35,5000.0,28.7,S
2021-06-09T09:27:33,1000.0,28.7,S
2021-06-09T09:27:29,500.0,28.6,S
2021-06-09T09:27:10,1000.0,28.7,S
2021-06-09T09:27:04,1000.0,28.6,S
2021-06-09T09:27:02,500.0,28.6,S
2021-06-09T09:27:02,2800.0,28.6,S
2021-06-09T09:26:58,100.0,28.7,S
2021-06-09T09:26:55,1000.0,28.7,S
2021-06-09T09:26:49,100.0,28.7,S
2021-06-09T09:26:32,700.0,28.6,S
2021-06-09T09:26:32,5000.0,28.6,S
2021-06-09T09:26:26,400.0,28.7,S
2021-06-09T09:26:24,1000.0,28.7,S
2021-06-09T09:26:21,200.0,28.7,S
2021-06-09T09:26:18,300.0,28.7,S
2021-06-09T09:26:09,300.0,28.7,S
2021-06-09T09:26:09,5200.0,28.6,S
2021-06-09T09:26:06,300.0,28.7,S
2021-06-09T09:26:05,100.0,28.7,S
2021-06-09T09:26:05,1000.0,28.7,S
2021-06-09T09:26:01,500.0,28.6,S
2021-06-09T09:25:59,400.0,28.6,S
2021-06-09T09:25:56,500.0,28.6,S
2021-06-09T09:25:55,200.0,28.6,S
2021-06-09T09:25:55,100.0,29.0,B
2021-06-09T09:25:53,100.0,29.0,B
2021-06-09T09:25:52,1000.0,28.6,S
2021-06-09T09:25:51,400.0,28.7,S
2021-06-09T09:25:49,100.0,29.0,B
2021-06-09T09:25:43,100.0,29.0,B
2021-06-09T09:25:38,2000.0,28.6,S
2021-06-09T09:25:31,1000.0,28.6,S
2021-06-09T09:25:31,500.0,29.0,B
2021-06-09T09:25:25,500.0,28.7,S
2021-06-09T09:25:24,5000.0,28.7,S
2021-06-09T09:25:23,200.0,29.0,S
2021-06-09T09:25:23,500.0,29.0,S
2021-06-09T09:25:15,1000.0,29.0,S
2021-06-09T09:25:08,3000.0,28.7,S
2021-06-09T09:25:03,100.0,29.0,S
2021-06-09T09:24:43,2500.0,29.0,S
2021-06-09T09:24:40,100.0,28.8,S
2021-06-09T09:24:37,200.0,28.8,S
2021-06-09T09:24:36,200.0,28.8,S
2021-06-09T09:24:34,200.0,28.7,S
2021-06-09T09:24:32,100.0,29.0,S
2021-06-09T09:24:28,100.0,28.7,S
2021-06-09T09:24:28,1000.0,28.7,S
2021-06-09T09:24:24,100.0,29.1,S
2021-06-09T09:24:13,10000.0,28.7,S
2021-06-09T09:24:07,400.0,28.8,S
2021-06-09T09:24:04,100.0,28.8,S
2021-06-09T09:24:03,1000.0,29.0,S
2021-06-09T09:23:56,100.0,29.1,S
2021-06-09T09:23:51,100.0,29.1,S
2021-06-09T09:23:43,2900.0,28.8,S
2021-06-09T09:23:43,5000.0,28.8,S
2021-06-09T09:23:43,4600.0,28.9,S
2021-06-09T09:23:43,4200.0,29.0,S
2021-06-09T09:23:23,600.0,29.2,S
2021-06-09T09:23:19,300.0,29.0,S
2021-06-09T09:23:14,200.0,29.2,S
2021-06-09T09:23:09,1000.0,29.0,S
2021-06-09T09:23:08,3000.0,29.25,B
2021-06-09T09:23:06,5500.0,29.0,S
2021-06-09T09:23:06,9500.0,29.0,S
2021-06-09T09:23:03,2300.0,29.0,S
2021-06-09T09:23:01,6400.0,29.0,S
2021-06-09T09:23:00,65100.0,29.0,S
2021-06-09T09:22:54,300.0,29.25,B
2021-06-09T09:22:52,400.0,29.25,B
2021-06-09T09:22:51,11200.0,29.25,B
2021-06-09T09:22:44,3000.0,29.25,B
2021-06-09T09:22:42,1000.0,29.1,S
2021-06-09T09:22:40,3000.0,29.1,S
2021-06-09T09:22:36,5000.0,29.1,S
2021-06-09T09:22:29,500.0,29.1,S
2021-06-09T09:22:29,500.0,29.2,S
2021-06-09T09:22:17,10000.0,29.1,S
2021-06-09T09:22:15,900.0,29.2,S
2021-06-09T09:22:14,1000.0,29.1,S
2021-06-09T09:22:13,2000.0,29.1,S
2021-06-09T09:22:07,400.0,29.1,S
2021-06-09T09:22:06,3000.0,29.1,S
2021-06-09T09:22:04,3300.0,29.25,B
2021-06-09T09:21:56,1700.0,29.2,S
2021-06-09T09:21:56,300.0,29.2,S
2021-06-09T09:21:55,1000.0,29.25,B
2021-06-09T09:21:51,2000.0,29.25,B
2021-06-09T09:21:48,4800.0,29.1,S
2021-06-09T09:21:48,200.0,29.25,B
2021-06-09T09:21:44,100.0,29.25,B
2021-06-09T09:21:41,3600.0,29.25,B
2021-06-09T09:21:38,500.0,29.25,B
2021-06-09T09:21:38,1300.0,29.25,B
2021-06-09T09:21:32,500.0,29.25,B
2021-06-09T09:21:30,100.0,29.25,B
2021-06-09T09:21:30,600.0,29.2,S
2021-06-09T09:21:30,400.0,29.2,S
2021-06-09T09:21:21,100.0,29.2,S
2021-06-09T09:21:21,900.0,29.2,S
2021-06-09T09:21:21,5000.0,29.3,B
2021-06-09T09:21:20,2000.0,29.3,B
2021-06-09T09:21:20,2700.0,29.2,S
2021-06-09T09:21:20,3300.0,29.2,S
2021-06-09T09:21:17,400.0,29.25,B
2021-06-09T09:21:14,100.0,29.25,B
2021-06-09T09:21:12,500.0,29.2,S
2021-06-09T09:21:11,2000.0,29.2,S
2021-06-09T09:21:09,200.0,29.2,S
2021-06-09T09:21:02,300.0,29.25,B
2021-06-09T09:20:58,11000.0,29.2,S
2021-06-09T09:20:54,2000.0,29.25,B
2021-06-09T09:20:50,5100.0,29.25,B
2021-06-09T09:20:34,100.0,29.25,B
2021-06-09T09:20:32,2000.0,29.25,B
2021-06-09T09:20:31,3000.0,29.25,B
2021-06-09T09:20:29,500.0,29.2,S
2021-06-09T09:20:24,200.0,29.2,S
2021-06-09T09:20:24,4000.0,29.25,B
2021-06-09T09:20:14,1000.0,29.25,B
2021-06-09T09:20:13,1000.0,29.2,S
2021-06-09T09:20:09,2000.0,29.25,B
2021-06-09T09:20:05,16800.0,29.25,B
2021-06-09T09:20:00,100.0,29.25,B
2021-06-09T09:19:58,100.0,29.25,B
2021-06-09T09:19:51,3000.0,29.25,B
2021-06-09T09:19:47,5000.0,29.25,B
2021-06-09T09:19:46,300.0,29.25,B
2021-06-09T09:19:45,100.0,29.25,B
2021-06-09T09:19:43,100.0,29.25,B
2021-06-09T09:19:40,5000.0,29.25,B
2021-06-09T09:19:40,600.0,29.25,B
2021-06-09T09:19:38,4000.0,29.25,B
2021-06-09T09:19:38,500.0,29.25,B
2021-06-09T09:19:37,3000.0,29.25,B
2021-06-09T09:19:33,100.0,29.25,B
2021-06-09T09:19:32,700.0,29.25,B
2021-06-09T09:19:29,300.0,29.3,B
2021-06-09T09:19:20,100.0,29.25,B
2021-06-09T09:19:05,300.0,29.25,B
2021-06-09T09:19:04,500.0,29.25,B
2021-06-09T09:19:01,4500.0,29.25,B
2021-06-09T09:19:01,1000.0,29.25,B
2021-06-09T09:18:59,500.0,29.25,B
2021-06-09T09:18:59,700.0,29.25,B
2021-06-09T09:18:59,3100.0,29.25,B
2021-06-09T09:18:59,1900.0,29.25,B
2021-06-09T09:18:59,6000.0,29.25,B
2021-06-09T09:18:58,1600.0,29.25,B
2021-06-09T09:18:58,200.0,29.25,B
2021-06-09T09:18:58,13700.0,29.25,B
2021-06-09T09:18:58,4100.0,29.25,B
2021-06-09T09:18:58,1100.0,29.25,B
2021-06-09T09:18:58,2800.0,29.25,B
2021-06-09T09:18:58,500.0,29.25,B
2021-06-09T09:18:58,3800.0,29.25,B
2021-06-09T09:18:58,300.0,29.25,B
2021-06-09T09:18:58,17100.0,29.25,B
2021-06-09T09:18:45,200.0,29.1,S
2021-06-09T09:18:44,1000.0,29.2,S
2021-06-09T09:18:24,2000.0,29.1,S
2021-06-09T09:18:21,1000.0,29.25,B
2021-06-09T09:18:20,3000.0,29.25,B
2021-06-09T09:18:19,100.0,29.2,S
2021-06-09T09:18:14,100.0,29.2,S
2021-06-09T09:18:14,100.0,29.2,S
2021-06-09T09:18:13,800.0,29.2,S
2021-06-09T09:18:11,100.0,29.2,S
2021-06-09T09:18:10,100.0,29.2,S
2021-06-09T09:18:07,1000.0,29.2,S
2021-06-09T09:17:49,300.0,29.2,S
2021-06-09T09:17:40,1100.0,29.2,S
2021-06-09T09:17:36,600.0,29.2,S
2021-06-09T09:17:30,5000.0,29.2,S
2021-06-09T09:17:29,200.0,29.2,S
2021-06-09T09:17:29,200.0,29.2,S
2021-06-09T09:17:27,10000.0,29.25,B
2021-06-09T09:17:26,1900.0,29.2,S
2021-06-09T09:17:20,100.0,29.25,B
2021-06-09T09:17:18,2500.0,29.2,S
2021-06-09T09:17:17,300.0,29.2,S
2021-06-09T09:17:14,10000.0,29.2,S
2021-06-09T09:17:14,200.0,29.2,S
2021-06-09T09:17:13,100.0,29.2,S
2021-06-09T09:17:13,4800.0,29.2,S
2021-06-09T09:17:08,100.0,29.25,B
2021-06-09T09:17:07,300.0,29.2,S
2021-06-09T09:16:53,500.0,29.2,S
2021-06-09T09:16:49,3000.0,29.2,S
2021-06-09T09:16:39,1000.0,29.2,B
2021-06-09T09:16:39,1000.0,29.2,B
2021-06-09T09:16:39,1300.0,29.2,B
2021-06-09T09:16:35,100.0,29.2,B
2021-06-09T09:16:35,200.0,29.1,S
2021-06-09T09:16:30,2500.0,29.1,S
2021-06-09T09:16:27,600.0,29.2,B
2021-06-09T09:16:27,1000.0,29.2,B
2021-06-09T09:16:05,5000.0,29.1,S
2021-06-09T09:16:05,400.0,29.15,B
2021-06-09T09:16:04,300.0,29.15,B
2021-06-09T09:15:53,400.0,29.1,B
2021-06-09T09:15:47,1600.0,29.1,B
2021-06-09T09:15:45,2500.0,29.0,S
2021-06-09T09:15:45,500.0,29.1,B
2021-06-09T09:15:45,1100.0,29.0,S
2021-06-09T09:15:44,1000.0,29.0,S
2021-06-09T09:15:44,1000.0,29.1,B
