tradingTime,volume,price,side
2021-06-09T14:30:20,3000.0,10.55,S
2021-06-09T14:30:10,100.0,10.55,S
2021-06-09T14:29:52,300.0,10.6,B
2021-06-09T14:29:36,15000.0,10.55,S
2021-06-09T14:29:09,2000.0,10.55,S
2021-06-09T14:29:04,2900.0,10.6,B
2021-06-09T14:28:56,10000.0,10.55,S
2021-06-09T14:28:17,1200.0,10.55,S
2021-06-09T14:27:37,200.0,10.55,B
2021-06-09T14:27:31,14400.0,10.55,B
2021-06-09T14:27:27,2000.0,10.55,B
2021-06-09T14:27:18,200.0,10.55,B
2021-06-09T14:27:13,1000.0,10.55,B
2021-06-09T14:27:06,400.0,10.55,B
2021-06-09T14:27:05,100.0,10.55,B
2021-06-09T14:27:00,500.0,10.5,S
2021-06-09T14:26:58,1000.0,10.55,B
2021-06-09T14:26:57,10000.0,10.55,B
2021-06-09T14:26:49,1500.0,10.55,B
2021-06-09T14:26:48,200.0,10.55,B
2021-06-09T14:26:43,100.0,10.55,B
2021-06-09T14:26:39,1000.0,10.55,B
2021-06-09T14:26:39,2000.0,10.55,B
2021-06-09T14:26:33,500.0,10.55,B
2021-06-09T14:26:16,100.0,10.55,B
2021-06-09T14:26:01,500.0,10.55,B
2021-06-09T14:25:55,1000.0,10.55,B
2021-06-09T14:25:43,300.0,10.55,S
2021-06-09T14:25:40,100.0,10.55,S
2021-06-09T14:25:31,1000.0,10.55,S
2021-06-09T14:25:01,200.0,10.55,S
2021-06-09T14:24:58,10500.0,10.55,S
2021-06-09T14:24:58,6300.0,10.55,S
2021-06-09T14:24:58,700.0,10.55,S
2021-06-09T14:24:56,9700.0,10.55,S
2021-06-09T14:24:36,9200.0,10.55,S
2021-06-09T14:24:26,500.0,10.6,B
2021-06-09T14:24:16,5000.0,10.55,S
2021-06-09T14:24:15,5000.0,10.55,S
2021-06-09T14:24:15,2000.0,10.6,B
2021-06-09T14:23:11,200.0,10.6,B
2021-06-09T14:23:02,1300.0,10.55,S
2021-06-09T14:23:02,8700.0,10.55,S
2021-06-09T14:22:56,900.0,10.55,S
2021-06-09T14:22:49,9500.0,10.55,S
2021-06-09T14:22:45,100.0,10.55,S
2021-06-09T14:22:41,100.0,10.6,B
2021-06-09T14:22:33,5000.0,10.55,S
2021-06-09T14:22:05,200.0,10.55,S
2021-06-09T14:22:02,600.0,10.55,S
2021-06-09T14:22:02,400.0,10.55,S
2021-06-09T14:21:43,100.0,10.55,S
2021-06-09T14:21:40,400.0,10.55,S
2021-06-09T14:21:25,4400.0,10.55,S
2021-06-09T14:21:14,3000.0,10.55,B
2021-06-09T14:21:08,6000.0,10.55,B
2021-06-09T14:20:32,1000.0,10.55,B
2021-06-09T14:20:24,2000.0,10.55,B
2021-06-09T14:20:18,500.0,10.55,B
2021-06-09T14:20:16,2000.0,10.55,B
2021-06-09T14:20:16,3100.0,10.55,B
2021-06-09T14:20:00,2000.0,10.55,B
2021-06-09T14:19:59,100.0,10.55,B
2021-06-09T14:19:46,2000.0,10.55,B
2021-06-09T14:19:42,2000.0,10.55,B
2021-06-09T14:19:39,600.0,10.55,B
2021-06-09T14:19:25,20000.0,10.55,B
2021-06-09T14:19:25,100.0,10.55,B
2021-06-09T14:19:15,3000.0,10.5,S
2021-06-09T14:19:01,20000.0,10.55,B
2021-06-09T14:18:48,100.0,10.55,B
2021-06-09T14:18:47,1500.0,10.55,B
2021-06-09T14:18:43,7500.0,10.55,B
2021-06-09T14:18:33,2000.0,10.55,B
2021-06-09T14:18:05,100.0,10.55,B
2021-06-09T14:18:02,500.0,10.5,S
2021-06-09T14:18:00,24800.0,10.55,B
2021-06-09T14:17:54,100.0,10.55,B
2021-06-09T14:17:51,500.0,10.55,B
2021-06-09T14:17:47,2000.0,10.55,B
2021-06-09T14:17:45,4600.0,10.55,B
2021-06-09T14:17:40,3000.0,10.5,S
2021-06-09T14:17:30,100.0,10.55,B
2021-06-09T14:17:20,2000.0,10.55,B
2021-06-09T14:17:16,1000.0,10.55,B
2021-06-09T14:17:10,200.0,10.55,B
2021-06-09T14:17:10,4400.0,10.55,B
2021-06-09T14:17:09,2600.0,10.55,B
2021-06-09T14:17:07,100.0,10.55,B
2021-06-09T14:16:57,500.0,10.5,S
2021-06-09T14:16:53,1000.0,10.55,B
2021-06-09T14:16:43,100.0,10.55,B
2021-06-09T14:16:40,200.0,10.55,B
2021-06-09T14:16:38,900.0,10.55,B
2021-06-09T14:16:38,400.0,10.55,B
2021-06-09T14:16:36,3700.0,10.55,B
2021-06-09T14:16:17,3600.0,10.55,B
2021-06-09T14:16:17,1800.0,10.55,B
2021-06-09T14:16:12,200.0,10.55,B
2021-06-09T14:16:06,100.0,10.55,B
2021-06-09T14:16:01,3000.0,10.55,B
2021-06-09T14:16:00,100.0,10.55,B
2021-06-09T14:15:49,100.0,10.55,B
2021-06-09T14:15:45,100.0,10.55,B
2021-06-09T14:15:40,1000.0,10.55,B
2021-06-09T14:15:34,1000.0,10.55,B
2021-06-09T14:15:29,10000.0,10.5,S
2021-06-09T14:15:10,200.0,10.55,B
2021-06-09T14:15:10,500.0,10.55,B
2021-06-09T14:15:05,200.0,10.55,B
2021-06-09T14:15:03,100.0,10.55,B
2021-06-09T14:14:49,100.0,10.55,B
2021-06-09T14:14:48,500.0,10.55,B
2021-06-09T14:14:40,200.0,10.55,B
2021-06-09T14:14:31,1500.0,10.55,B
2021-06-09T14:14:23,40000.0,10.5,S
2021-06-09T14:14:14,600.0,10.55,B
2021-06-09T14:14:11,100.0,10.55,B
2021-06-09T14:13:37,100.0,10.55,B
2021-06-09T14:13:26,1000.0,10.55,S
2021-06-09T14:13:21,9000.0,10.55,S
2021-06-09T14:13:18,9400.0,10.55,S
2021-06-09T14:13:18,19000.0,10.55,S
2021-06-09T14:13:18,12200.0,10.55,S
2021-06-09T14:13:18,1800.0,10.55,S
2021-06-09T14:13:18,11000.0,10.55,S
2021-06-09T14:13:18,37600.0,10.55,S
2021-06-09T14:13:04,500.0,10.55,S
2021-06-09T14:13:02,1000.0,10.55,S
2021-06-09T14:12:59,1000.0,10.55,S
2021-06-09T14:12:31,1100.0,10.55,S
2021-06-09T14:12:30,30000.0,10.55,S
2021-06-09T14:12:23,500.0,10.55,S
2021-06-09T14:12:21,200.0,10.6,B
2021-06-09T14:10:52,6000.0,10.55,S
2021-06-09T14:10:40,200.0,10.55,S
2021-06-09T14:10:36,500.0,10.55,S
2021-06-09T14:10:33,13200.0,10.55,S
2021-06-09T14:10:30,1000.0,10.55,S
2021-06-09T14:10:15,100.0,10.55,S
2021-06-09T14:10:11,5000.0,10.55,S
2021-06-09T14:10:06,1000.0,10.55,S
2021-06-09T14:10:01,1000.0,10.55,S
2021-06-09T14:09:58,500.0,10.6,B
2021-06-09T14:09:52,1000.0,10.55,S
2021-06-09T14:09:46,200.0,10.6,B
2021-06-09T14:09:38,10000.0,10.6,B
2021-06-09T14:09:38,3300.0,10.55,S
2021-06-09T14:09:38,10000.0,10.55,S
2021-06-09T14:09:38,2400.0,10.55,S
2021-06-09T14:09:38,1500.0,10.55,S
2021-06-09T14:09:36,100.0,10.55,S
2021-06-09T14:09:36,5700.0,10.55,S
2021-06-09T14:09:36,8200.0,10.55,S
2021-06-09T14:09:36,600.0,10.55,S
2021-06-09T14:09:36,16100.0,10.55,S
2021-06-09T14:09:36,900.0,10.55,S
2021-06-09T14:09:36,2500.0,10.55,S
2021-06-09T14:09:36,48700.0,10.55,S
2021-06-09T14:09:30,200.0,10.55,S
2021-06-09T14:09:15,500.0,10.55,S
2021-06-09T14:09:06,8000.0,10.55,S
2021-06-09T14:09:06,500.0,10.55,S
2021-06-09T14:09:00,5000.0,10.55,S
2021-06-09T14:08:21,5000.0,10.55,S
2021-06-09T14:08:20,500.0,10.55,S
2021-06-09T14:08:15,5000.0,10.55,S
2021-06-09T14:08:07,1000.0,10.55,S
2021-06-09T14:07:32,10000.0,10.55,S
2021-06-09T14:07:31,2000.0,10.6,B
2021-06-09T14:07:21,5000.0,10.55,S
2021-06-09T14:07:06,300.0,10.55,S
2021-06-09T14:07:02,3000.0,10.6,B
2021-06-09T14:07:02,10000.0,10.55,S
2021-06-09T14:07:02,1000.0,10.55,S
2021-06-09T14:06:44,1000.0,10.55,S
2021-06-09T14:06:23,2000.0,10.55,S
2021-06-09T14:06:20,100.0,10.55,S
2021-06-09T14:06:16,1100.0,10.55,S
2021-06-09T14:06:05,400.0,10.55,S
2021-06-09T14:05:50,100.0,10.55,S
2021-06-09T14:05:33,2000.0,10.6,B
2021-06-09T14:05:27,100.0,10.55,S
2021-06-09T14:05:22,300.0,10.55,S
2021-06-09T14:05:15,2000.0,10.55,S
2021-06-09T14:05:13,3500.0,10.6,B
2021-06-09T14:04:58,300.0,10.55,S
2021-06-09T14:04:58,500.0,10.55,S
2021-06-09T14:04:57,200.0,10.55,S
2021-06-09T14:04:54,15000.0,10.55,S
2021-06-09T14:04:39,200.0,10.6,B
2021-06-09T14:04:32,3000.0,10.55,S
2021-06-09T14:04:31,10000.0,10.55,S
2021-06-09T14:04:28,600.0,10.6,B
2021-06-09T14:04:20,500.0,10.55,S
2021-06-09T14:04:20,1500.0,10.55,S
2021-06-09T14:03:07,100.0,10.55,S
2021-06-09T14:02:35,2000.0,10.55,S
2021-06-09T14:02:22,1000.0,10.6,B
2021-06-09T14:02:19,5000.0,10.6,B
2021-06-09T14:02:11,700.0,10.55,S
2021-06-09T14:02:11,1100.0,10.55,S
2021-06-09T14:02:11,2200.0,10.55,S
2021-06-09T14:02:03,100.0,10.55,S
2021-06-09T14:02:01,2000.0,10.55,S
2021-06-09T14:01:44,10000.0,10.55,S
2021-06-09T14:01:38,19000.0,10.55,S
2021-06-09T14:01:34,700.0,10.55,S
2021-06-09T14:01:34,500.0,10.55,S
2021-06-09T14:01:32,1000.0,10.6,B
2021-06-09T14:01:23,5000.0,10.55,S
2021-06-09T14:01:12,5000.0,10.55,S
2021-06-09T14:01:05,2000.0,10.6,B
2021-06-09T14:00:33,500.0,10.55,S
2021-06-09T14:00:33,19500.0,10.55,S
2021-06-09T14:00:26,13000.0,10.55,S
2021-06-09T14:00:14,5000.0,10.55,S
2021-06-09T14:00:12,100.0,10.55,S
2021-06-09T13:59:33,5600.0,10.55,S
2021-06-09T13:59:33,4400.0,10.55,S
2021-06-09T13:59:33,300.0,10.55,S
2021-06-09T13:59:33,2000.0,10.55,S
2021-06-09T13:59:33,2000.0,10.55,S
2021-06-09T13:59:33,1400.0,10.55,S
2021-06-09T13:59:33,2700.0,10.55,S
2021-06-09T13:59:33,1600.0,10.55,S
2021-06-09T13:59:24,1200.0,10.55,S
2021-06-09T13:59:22,200.0,10.55,S
2021-06-09T13:59:03,1300.0,10.55,S
2021-06-09T13:58:47,1500.0,10.55,S
2021-06-09T13:58:47,1300.0,10.55,S
2021-06-09T13:58:47,1200.0,10.55,S
2021-06-09T13:58:47,15400.0,10.55,S
2021-06-09T13:58:46,41900.0,10.55,S
2021-06-09T13:58:46,38700.0,10.55,S
2021-06-09T13:58:39,500.0,10.6,B
2021-06-09T13:58:36,300.0,10.55,S
2021-06-09T13:58:33,2800.0,10.55,S
2021-06-09T13:58:32,400.0,10.55,S
2021-06-09T13:58:28,100.0,10.55,S
2021-06-09T13:58:19,500.0,10.55,S
2021-06-09T13:58:13,10000.0,10.55,S
2021-06-09T13:58:04,9000.0,10.6,B
2021-06-09T13:58:02,700.0,10.6,B
2021-06-09T13:57:54,12000.0,10.55,S
2021-06-09T13:57:41,500.0,10.55,S
2021-06-09T13:57:07,3300.0,10.55,S
2021-06-09T13:57:07,1800.0,10.55,S
2021-06-09T13:57:07,2700.0,10.55,S
2021-06-09T13:57:07,3200.0,10.55,S
2021-06-09T13:56:59,100.0,10.55,S
2021-06-09T13:56:39,1000.0,10.55,S
2021-06-09T13:56:35,1000.0,10.6,B
2021-06-09T13:56:29,300.0,10.55,S
2021-06-09T13:55:56,10000.0,10.55,S
2021-06-09T13:54:55,5000.0,10.55,S
2021-06-09T13:54:28,4000.0,10.55,S
2021-06-09T13:54:24,300.0,10.6,B
2021-06-09T13:53:59,2000.0,10.55,S
2021-06-09T13:53:54,1000.0,10.55,S
2021-06-09T13:53:43,100.0,10.55,S
2021-06-09T13:53:39,5000.0,10.6,B
2021-06-09T13:53:38,2000.0,10.6,B
2021-06-09T13:52:46,300.0,10.55,S
2021-06-09T13:52:36,200.0,10.6,B
2021-06-09T13:52:28,5000.0,10.55,S
2021-06-09T13:52:03,100.0,10.6,B
2021-06-09T13:51:54,5500.0,10.55,S
2021-06-09T13:51:54,7100.0,10.55,S
2021-06-09T13:51:54,7400.0,10.55,S
2021-06-09T13:51:49,200.0,10.55,S
2021-06-09T13:51:47,200.0,10.55,S
2021-06-09T13:51:45,300.0,10.55,S
2021-06-09T13:51:03,3800.0,10.55,B
2021-06-09T13:50:52,6000.0,10.55,B
2021-06-09T13:50:51,500.0,10.55,B
2021-06-09T13:50:45,10000.0,10.55,B
2021-06-09T13:50:40,100.0,10.55,B
2021-06-09T13:50:39,2000.0,10.55,B
2021-06-09T13:50:37,5000.0,10.55,B
2021-06-09T13:50:34,100.0,10.55,B
2021-06-09T13:50:32,400.0,10.55,B
2021-06-09T13:50:31,500.0,10.55,B
2021-06-09T13:50:31,300.0,10.55,B
2021-06-09T13:50:26,100.0,10.5,S
2021-06-09T13:50:24,500.0,10.55,B
2021-06-09T13:50:18,1000.0,10.55,B
2021-06-09T13:50:16,500.0,10.55,B
2021-06-09T13:50:14,5000.0,10.55,B
2021-06-09T13:50:11,3000.0,10.55,B
2021-06-09T13:50:10,32400.0,10.5,S
2021-06-09T13:50:09,1000.0,10.55,B
2021-06-09T13:50:09,4000.0,10.55,B
2021-06-09T13:50:07,4000.0,10.55,B
2021-06-09T13:50:02,200.0,10.55,B
2021-06-09T13:49:56,1000.0,10.55,B
2021-06-09T13:49:56,3000.0,10.55,B
2021-06-09T13:49:48,5000.0,10.55,B
2021-06-09T13:49:31,3000.0,10.55,B
2021-06-09T13:49:17,5000.0,10.55,B
2021-06-09T13:49:15,2000.0,10.55,B
2021-06-09T13:49:15,10000.0,10.55,B
2021-06-09T13:49:15,8100.0,10.55,B
2021-06-09T13:49:08,100.0,10.55,B
2021-06-09T13:49:04,800.0,10.55,B
2021-06-09T13:49:02,100.0,10.55,B
2021-06-09T13:48:57,400.0,10.55,B
2021-06-09T13:48:50,100.0,10.55,B
2021-06-09T13:48:47,200.0,10.55,B
2021-06-09T13:48:42,2400.0,10.55,B
2021-06-09T13:48:33,200.0,10.55,B
2021-06-09T13:48:32,900.0,10.55,B
2021-06-09T13:48:29,100.0,10.55,B
2021-06-09T13:48:23,1000.0,10.55,B
2021-06-09T13:48:22,100.0,10.55,B
2021-06-09T13:48:21,5000.0,10.55,B
2021-06-09T13:48:19,1000.0,10.55,B
2021-06-09T13:48:15,3000.0,10.55,S
2021-06-09T13:48:14,2000.0,10.55,S
2021-06-09T13:48:12,100.0,10.55,S
2021-06-09T13:48:06,5200.0,10.55,S
2021-06-09T13:48:06,200.0,10.55,S
2021-06-09T13:48:06,4000.0,10.55,S
2021-06-09T13:48:06,10700.0,10.55,S
2021-06-09T13:48:06,5100.0,10.55,S
2021-06-09T13:48:06,7100.0,10.55,S
2021-06-09T13:48:06,500.0,10.55,S
2021-06-09T13:48:06,1100.0,10.55,S
2021-06-09T13:47:52,1000.0,10.55,S
2021-06-09T13:47:52,2000.0,10.55,S
2021-06-09T13:47:52,2600.0,10.55,S
2021-06-09T13:47:52,1500.0,10.55,S
2021-06-09T13:47:52,39500.0,10.55,S
2021-06-09T13:47:39,1000.0,10.55,S
2021-06-09T13:47:23,200.0,10.55,S
2021-06-09T13:47:06,500.0,10.6,B
2021-06-09T13:46:56,500.0,10.55,S
2021-06-09T13:46:41,30000.0,10.55,S
2021-06-09T13:45:48,20000.0,10.55,B
2021-06-09T13:45:41,17700.0,10.55,B
2021-06-09T13:45:33,1500.0,10.55,B
2021-06-09T13:45:32,3000.0,10.55,B
2021-06-09T13:45:30,1000.0,10.55,B
2021-06-09T13:45:27,2000.0,10.55,B
2021-06-09T13:45:16,1000.0,10.55,B
2021-06-09T13:45:13,1000.0,10.55,S
2021-06-09T13:45:11,1000.0,10.55,S
2021-06-09T13:45:06,700.0,10.55,S
2021-06-09T13:45:06,400.0,10.55,S
2021-06-09T13:45:04,400.0,10.55,S
2021-06-09T13:45:04,100.0,10.55,S
2021-06-09T13:45:02,100.0,10.55,S
2021-06-09T13:45:02,3100.0,10.55,S
2021-06-09T13:45:00,300.0,10.55,S
2021-06-09T13:44:51,300.0,10.55,S
2021-06-09T13:44:50,100.0,10.55,S
2021-06-09T13:44:41,100.0,10.55,S
2021-06-09T13:44:40,11500.0,10.55,S
2021-06-09T13:44:17,200.0,10.6,B
2021-06-09T13:44:16,900.0,10.55,S
2021-06-09T13:43:53,100.0,10.55,S
2021-06-09T13:43:50,10000.0,10.55,S
2021-06-09T13:43:50,200.0,10.55,S
2021-06-09T13:43:50,1200.0,10.55,S
2021-06-09T13:43:50,6900.0,10.55,S
2021-06-09T13:43:50,4000.0,10.55,S
2021-06-09T13:43:48,27600.0,10.55,S
2021-06-09T13:43:21,20000.0,10.55,S
2021-06-09T13:43:09,20800.0,10.55,S
2021-06-09T13:43:09,5200.0,10.55,S
2021-06-09T13:43:09,21000.0,10.55,S
2021-06-09T13:43:01,100.0,10.55,S
2021-06-09T13:42:59,21500.0,10.55,S
2021-06-09T13:42:59,1500.0,10.55,S
2021-06-09T13:42:59,200.0,10.55,S
2021-06-09T13:42:59,18000.0,10.55,S
2021-06-09T13:42:59,21400.0,10.55,S
2021-06-09T13:42:59,31200.0,10.55,S
2021-06-09T13:42:59,6200.0,10.55,S
2021-06-09T13:42:44,500.0,10.6,B
2021-06-09T13:42:26,100.0,10.6,B
2021-06-09T13:41:52,100.0,10.6,B
2021-06-09T13:41:51,300.0,10.6,B
2021-06-09T13:41:40,200.0,10.6,B
2021-06-09T13:41:20,2000.0,10.6,B
2021-06-09T13:40:44,1000.0,10.55,S
2021-06-09T13:40:42,3100.0,10.55,S
2021-06-09T13:40:34,900.0,10.6,B
2021-06-09T13:40:21,10000.0,10.6,B
2021-06-09T13:40:08,3000.0,10.55,S
2021-06-09T13:40:06,7300.0,10.6,B
2021-06-09T13:40:06,2200.0,10.6,B
2021-06-09T13:40:06,700.0,10.6,B
2021-06-09T13:40:06,5000.0,10.6,B
2021-06-09T13:40:06,2500.0,10.6,B
2021-06-09T13:40:06,8200.0,10.6,B
2021-06-09T13:40:06,3500.0,10.6,B
2021-06-09T13:40:06,2600.0,10.6,B
2021-06-09T13:40:06,3700.0,10.6,B
2021-06-09T13:40:06,50300.0,10.6,B
2021-06-09T13:40:02,28900.0,10.55,S
2021-06-09T13:40:02,7100.0,10.55,S
2021-06-09T13:40:02,4300.0,10.55,S
2021-06-09T13:40:02,1000.0,10.55,S
2021-06-09T13:40:02,3100.0,10.55,S
2021-06-09T13:40:02,11000.0,10.55,S
2021-06-09T13:40:01,94600.0,10.55,S
2021-06-09T13:40:01,17000.0,10.6,B
2021-06-09T13:39:39,1000.0,10.55,S
2021-06-09T13:39:16,3000.0,10.55,S
2021-06-09T13:39:15,2000.0,10.55,S
2021-06-09T13:39:01,300.0,10.55,S
2021-06-09T13:38:54,1000.0,10.55,S
2021-06-09T13:38:32,200.0,10.6,B
2021-06-09T13:38:24,200.0,10.6,B
2021-06-09T13:38:24,200.0,10.55,S
2021-06-09T13:38:16,300.0,10.55,S
2021-06-09T13:38:13,2000.0,10.55,S
2021-06-09T13:38:13,2000.0,10.55,S
2021-06-09T13:38:07,1000.0,10.55,S
2021-06-09T13:38:05,1000.0,10.6,B
2021-06-09T13:37:27,2400.0,10.6,B
2021-06-09T13:37:27,400.0,10.6,B
2021-06-09T13:37:27,200.0,10.6,B
2021-06-09T13:37:26,7000.0,10.6,B
2021-06-09T13:37:05,1000.0,10.6,B
2021-06-09T13:37:03,2000.0,10.55,S
2021-06-09T13:36:53,5000.0,10.55,S
2021-06-09T13:36:51,1100.0,10.6,B
2021-06-09T13:36:16,1000.0,10.6,B
2021-06-09T13:36:11,1600.0,10.55,S
2021-06-09T13:36:08,2000.0,10.6,B
2021-06-09T13:35:56,100.0,10.6,B
2021-06-09T13:35:56,2500.0,10.6,B
2021-06-09T13:35:55,2000.0,10.6,B
2021-06-09T13:35:55,1700.0,10.6,B
2021-06-09T13:35:55,5800.0,10.6,B
2021-06-09T13:35:39,500.0,10.55,S
2021-06-09T13:35:24,3000.0,10.6,B
2021-06-09T13:35:07,300.0,10.55,S
2021-06-09T13:34:34,2000.0,10.6,B
2021-06-09T13:34:30,2000.0,10.55,S
2021-06-09T13:34:26,5000.0,10.6,B
2021-06-09T13:34:25,100.0,10.6,B
2021-06-09T13:34:18,2000.0,10.55,S
2021-06-09T13:34:14,1000.0,10.6,B
2021-06-09T13:34:03,2000.0,10.55,S
2021-06-09T13:33:52,300.0,10.6,B
2021-06-09T13:33:42,8800.0,10.55,S
2021-06-09T13:33:42,800.0,10.55,S
2021-06-09T13:33:42,30400.0,10.55,S
2021-06-09T13:33:15,500.0,10.6,B
2021-06-09T13:33:15,2000.0,10.55,S
2021-06-09T13:33:09,1000.0,10.6,B
2021-06-09T13:32:52,2000.0,10.55,S
2021-06-09T13:32:45,200.0,10.55,S
2021-06-09T13:32:41,20000.0,10.6,B
2021-06-09T13:32:17,5000.0,10.55,S
2021-06-09T13:32:10,2000.0,10.55,S
2021-06-09T13:32:02,4000.0,10.6,B
2021-06-09T13:32:01,2000.0,10.55,S
2021-06-09T13:31:07,800.0,10.6,B
2021-06-09T13:30:53,1100.0,10.55,S
2021-06-09T13:30:53,400.0,10.55,S
2021-06-09T13:30:33,200.0,10.55,S
2021-06-09T13:30:17,1000.0,10.6,B
2021-06-09T13:30:09,100.0,10.6,B
2021-06-09T13:30:08,100.0,10.6,B
2021-06-09T13:30:04,2000.0,10.55,S
2021-06-09T13:29:49,5000.0,10.6,B
2021-06-09T13:29:09,400.0,10.6,B
2021-06-09T13:28:49,500.0,10.6,B
2021-06-09T13:28:13,500.0,10.6,B
2021-06-09T13:28:05,600.0,10.6,B
2021-06-09T13:27:51,1000.0,10.6,B
2021-06-09T13:27:30,200.0,10.6,B
2021-06-09T13:27:09,5000.0,10.6,B
2021-06-09T13:27:04,100.0,10.55,S
2021-06-09T13:26:56,200.0,10.6,B
2021-06-09T13:26:52,500.0,10.6,B
2021-06-09T13:26:37,300.0,10.55,S
2021-06-09T13:26:19,400.0,10.6,B
2021-06-09T13:26:06,1000.0,10.6,B
2021-06-09T13:25:57,500.0,10.6,B
2021-06-09T13:25:44,10000.0,10.5,S
2021-06-09T13:25:38,1000.0,10.55,B
2021-06-09T13:25:36,500.0,10.55,B
2021-06-09T13:25:26,100.0,10.55,B
2021-06-09T13:25:15,900.0,10.55,B
2021-06-09T13:25:15,1100.0,10.55,B
2021-06-09T13:25:13,100.0,10.55,B
2021-06-09T13:25:11,900.0,10.55,B
2021-06-09T13:25:08,2900.0,10.55,B
2021-06-09T13:25:05,1000.0,10.55,B
2021-06-09T13:25:00,200.0,10.55,B
2021-06-09T13:24:58,500.0,10.55,B
2021-06-09T13:24:57,500.0,10.55,B
2021-06-09T13:24:55,1000.0,10.55,B
2021-06-09T13:24:52,5000.0,10.55,B
2021-06-09T13:24:52,1000.0,10.55,B
2021-06-09T13:24:47,2500.0,10.5,S
2021-06-09T13:24:38,5000.0,10.55,B
2021-06-09T13:24:33,300.0,10.5,S
2021-06-09T13:24:32,5000.0,10.55,B
2021-06-09T13:24:24,2000.0,10.55,B
2021-06-09T13:24:23,1000.0,10.55,B
2021-06-09T13:24:23,2100.0,10.55,B
2021-06-09T13:24:07,200.0,10.55,B
2021-06-09T13:24:07,1000.0,10.55,B
2021-06-09T13:24:06,1200.0,10.55,B
2021-06-09T13:24:00,2000.0,10.55,B
2021-06-09T13:23:56,1500.0,10.55,B
2021-06-09T13:23:56,3000.0,10.55,B
2021-06-09T13:23:56,4000.0,10.55,B
2021-06-09T13:23:56,7800.0,10.55,B
2021-06-09T13:23:20,5400.0,10.55,B
2021-06-09T13:23:20,7100.0,10.55,B
2021-06-09T13:23:20,400.0,10.55,B
2021-06-09T13:23:19,100.0,10.55,B
2021-06-09T13:23:14,400.0,10.55,B
2021-06-09T13:23:12,1000.0,10.55,B
2021-06-09T13:23:09,5000.0,10.55,B
2021-06-09T13:23:07,300.0,10.55,B
2021-06-09T13:23:07,200.0,10.55,B
2021-06-09T13:23:06,1000.0,10.55,B
2021-06-09T13:23:04,5000.0,10.55,B
2021-06-09T13:23:04,8000.0,10.55,B
2021-06-09T13:22:56,1000.0,10.55,B
2021-06-09T13:22:54,2000.0,10.55,B
2021-06-09T13:22:50,200.0,10.55,B
2021-06-09T13:22:48,2000.0,10.55,B
2021-06-09T13:22:45,500.0,10.55,B
2021-06-09T13:22:45,100.0,10.5,S
2021-06-09T13:22:40,300.0,10.55,B
2021-06-09T13:22:32,10000.0,10.55,B
2021-06-09T13:22:31,2000.0,10.5,S
2021-06-09T13:22:25,2000.0,10.55,B
2021-06-09T13:22:25,1000.0,10.5,S
2021-06-09T13:22:24,1000.0,10.5,S
2021-06-09T13:22:21,10000.0,10.55,B
2021-06-09T13:22:21,6600.0,10.5,S
2021-06-09T13:22:21,1400.0,10.5,S
2021-06-09T13:22:21,6100.0,10.5,S
2021-06-09T13:22:21,1200.0,10.5,S
2021-06-09T13:22:21,1000.0,10.5,S
2021-06-09T13:22:21,500.0,10.5,S
2021-06-09T13:22:21,100.0,10.5,S
2021-06-09T13:22:21,55200.0,10.5,S
2021-06-09T13:22:21,1200.0,10.5,S
2021-06-09T13:22:21,200.0,10.5,S
2021-06-09T13:22:21,3200.0,10.5,S
2021-06-09T13:22:21,2500.0,10.5,S
2021-06-09T13:22:21,11700.0,10.5,S
2021-06-09T13:22:21,1300.0,10.5,S
2021-06-09T13:22:20,7800.0,10.5,S
2021-06-09T13:22:05,100.0,10.5,S
2021-06-09T13:21:59,10000.0,10.55,B
2021-06-09T13:21:57,1100.0,10.55,B
2021-06-09T13:21:55,100.0,10.55,B
2021-06-09T13:21:47,7600.0,10.55,B
2021-06-09T13:21:47,11300.0,10.55,B
2021-06-09T13:21:47,500.0,10.55,B
2021-06-09T13:21:38,1000.0,10.55,B
2021-06-09T13:21:08,100.0,10.55,B
2021-06-09T13:21:03,200.0,10.55,B
2021-06-09T13:20:59,100.0,10.55,B
2021-06-09T13:20:59,500.0,10.55,B
2021-06-09T13:20:55,1000.0,10.55,B
2021-06-09T13:20:39,100.0,10.55,B
2021-06-09T13:20:39,800.0,10.55,B
2021-06-09T13:20:33,1000.0,10.55,B
2021-06-09T13:20:11,300.0,10.55,B
2021-06-09T13:20:07,1000.0,10.55,B
2021-06-09T13:20:03,800.0,10.55,B
2021-06-09T13:19:58,900.0,10.55,B
2021-06-09T13:19:58,100.0,10.55,B
2021-06-09T13:19:45,100.0,10.55,B
2021-06-09T13:19:45,5000.0,10.55,B
2021-06-09T13:19:42,1000.0,10.55,B
2021-06-09T13:19:40,10000.0,10.55,B
2021-06-09T13:19:32,100.0,10.55,B
2021-06-09T13:19:23,900.0,10.55,B
2021-06-09T13:19:16,4000.0,10.55,B
2021-06-09T13:19:11,2000.0,10.55,B
2021-06-09T13:19:10,100.0,10.55,B
2021-06-09T13:19:07,700.0,10.55,B
2021-06-09T13:19:04,3000.0,10.55,B
2021-06-09T13:18:38,1000.0,10.55,B
2021-06-09T13:18:38,2000.0,10.55,B
2021-06-09T13:18:30,5000.0,10.55,B
2021-06-09T13:18:28,500.0,10.55,B
2021-06-09T13:18:22,5000.0,10.55,B
2021-06-09T13:18:20,1000.0,10.5,S
2021-06-09T13:17:56,1000.0,10.55,B
2021-06-09T13:17:52,100.0,10.55,B
2021-06-09T13:17:52,1100.0,10.55,B
2021-06-09T13:17:50,100.0,10.55,B
2021-06-09T13:17:41,1000.0,10.55,B
2021-06-09T13:17:41,4000.0,10.5,S
2021-06-09T13:17:31,500.0,10.55,B
2021-06-09T13:17:30,100.0,10.55,B
2021-06-09T13:17:19,100.0,10.55,B
2021-06-09T13:17:14,200.0,10.55,B
2021-06-09T13:17:14,1000.0,10.55,B
2021-06-09T13:17:12,1000.0,10.55,B
2021-06-09T13:17:06,500.0,10.55,B
2021-06-09T13:17:04,200.0,10.55,B
2021-06-09T13:17:00,100.0,10.55,B
2021-06-09T13:16:57,1000.0,10.55,B
2021-06-09T13:16:49,500.0,10.55,B
2021-06-09T13:16:38,1000.0,10.55,B
2021-06-09T13:16:36,1000.0,10.55,B
2021-06-09T13:16:35,3000.0,10.55,B
2021-06-09T13:16:23,2400.0,10.55,B
2021-06-09T13:16:13,2000.0,10.55,B
2021-06-09T13:16:11,1000.0,10.5,S
2021-06-09T13:16:09,100.0,10.55,B
2021-06-09T13:15:58,20000.0,10.55,B
2021-06-09T13:15:40,300.0,10.55,B
2021-06-09T13:15:33,300.0,10.55,B
2021-06-09T13:15:32,500.0,10.55,B
2021-06-09T13:15:25,500.0,10.55,B
2021-06-09T13:15:23,1000.0,10.55,B
2021-06-09T13:15:22,2500.0,10.55,B
2021-06-09T13:15:18,900.0,10.55,B
2021-06-09T13:15:17,10500.0,10.55,B
2021-06-09T13:15:17,200.0,10.55,B
2021-06-09T13:15:16,100.0,10.55,B
2021-06-09T13:15:12,10000.0,10.5,S
2021-06-09T13:15:07,500.0,10.55,B
2021-06-09T13:15:03,500.0,10.55,B
2021-06-09T13:15:00,500.0,10.55,B
2021-06-09T13:14:48,500.0,10.55,B
2021-06-09T13:14:47,500.0,10.55,B
2021-06-09T13:14:46,3000.0,10.55,B
2021-06-09T13:14:38,300.0,10.55,B
2021-06-09T13:14:33,1000.0,10.55,B
2021-06-09T13:14:32,100.0,10.55,B
2021-06-09T13:14:31,500.0,10.55,B
2021-06-09T13:14:31,500.0,10.55,B
2021-06-09T13:14:30,3000.0,10.55,B
2021-06-09T13:14:23,1800.0,10.55,B
2021-06-09T13:14:00,6000.0,10.55,B
2021-06-09T13:13:57,500.0,10.55,B
2021-06-09T13:13:53,1500.0,10.55,B
2021-06-09T13:13:45,1000.0,10.5,S
2021-06-09T13:13:39,5000.0,10.55,B
2021-06-09T13:13:12,10000.0,10.55,B
2021-06-09T13:13:11,5000.0,10.55,B
2021-06-09T13:13:05,300.0,10.55,B
2021-06-09T13:12:52,10000.0,10.55,B
2021-06-09T13:12:47,25000.0,10.55,B
2021-06-09T13:12:40,10000.0,10.55,B
2021-06-09T13:12:38,1000.0,10.55,B
2021-06-09T13:12:38,500.0,10.55,B
2021-06-09T13:12:35,1000.0,10.55,B
2021-06-09T13:12:11,10000.0,10.55,B
2021-06-09T13:12:03,5000.0,10.55,B
2021-06-09T13:12:00,400.0,10.5,S
2021-06-09T13:12:00,15900.0,10.5,S
2021-06-09T13:12:00,7400.0,10.5,S
2021-06-09T13:12:00,10000.0,10.5,S
2021-06-09T13:12:00,6300.0,10.5,S
2021-06-09T13:11:56,2000.0,10.5,S
2021-06-09T13:11:55,10000.0,10.55,B
2021-06-09T13:11:37,1000.0,10.55,B
2021-06-09T13:11:37,10000.0,10.55,B
2021-06-09T13:11:26,500.0,10.55,B
2021-06-09T13:11:22,2000.0,10.55,B
2021-06-09T13:11:20,500.0,10.55,B
2021-06-09T13:11:11,10000.0,10.55,B
2021-06-09T13:11:02,100.0,10.55,B
2021-06-09T13:10:59,500.0,10.55,B
2021-06-09T13:10:52,1000.0,10.55,B
2021-06-09T13:10:52,400.0,10.55,B
2021-06-09T13:10:49,1000.0,10.55,B
2021-06-09T13:10:49,500.0,10.55,B
2021-06-09T13:10:49,1200.0,10.55,B
2021-06-09T13:10:44,1000.0,10.55,B
2021-06-09T13:10:43,300.0,10.55,B
2021-06-09T13:10:39,200.0,10.55,B
2021-06-09T13:10:37,300.0,10.55,B
2021-06-09T13:10:14,500.0,10.55,S
2021-06-09T13:10:09,700.0,10.55,S
2021-06-09T13:10:06,1000.0,10.55,S
2021-06-09T13:10:02,1400.0,10.55,S
2021-06-09T13:09:51,400.0,10.55,B
2021-06-09T13:09:37,300.0,10.55,S
2021-06-09T13:09:34,500.0,10.55,S
2021-06-09T13:09:34,400.0,10.55,S
2021-06-09T13:09:32,4100.0,10.55,S
2021-06-09T13:09:32,500.0,10.55,S
2021-06-09T13:09:32,1400.0,10.55,S
2021-06-09T13:08:27,100.0,10.55,S
2021-06-09T13:08:16,2700.0,10.5,S
2021-06-09T13:08:16,700.0,10.5,S
2021-06-09T13:08:16,1300.0,10.5,S
2021-06-09T13:08:16,6000.0,10.5,S
2021-06-09T13:08:16,43400.0,10.5,S
2021-06-09T13:08:16,20300.0,10.55,S
2021-06-09T13:08:16,5000.0,10.55,S
2021-06-09T13:08:16,6900.0,10.55,S
2021-06-09T13:08:16,6700.0,10.55,S
2021-06-09T13:08:16,7000.0,10.55,S
2021-06-09T13:08:13,900.0,10.55,S
2021-06-09T13:07:54,500.0,10.55,S
2021-06-09T13:07:45,400.0,10.55,S
2021-06-09T13:07:00,3400.0,10.55,S
2021-06-09T13:06:26,5000.0,10.55,S
2021-06-09T13:05:50,3800.0,10.55,B
2021-06-09T13:05:50,6300.0,10.55,B
2021-06-09T13:05:49,7900.0,10.55,B
2021-06-09T13:05:22,2000.0,10.55,B
2021-06-09T13:05:07,5000.0,10.55,B
2021-06-09T13:04:58,1000.0,10.55,B
2021-06-09T13:04:09,200.0,10.55,B
2021-06-09T13:03:42,4000.0,10.55,B
2021-06-09T13:03:10,1800.0,10.55,S
2021-06-09T13:03:08,5000.0,10.55,S
2021-06-09T13:02:48,900.0,10.55,S
2021-06-09T13:02:48,700.0,10.55,S
2021-06-09T13:02:47,1400.0,10.55,S
2021-06-09T13:02:31,1000.0,10.55,S
2021-06-09T13:02:15,400.0,10.55,S
2021-06-09T13:02:11,3000.0,10.55,S
2021-06-09T13:02:02,1000.0,10.55,S
2021-06-09T13:01:45,100.0,10.55,S
2021-06-09T13:01:28,4000.0,10.55,B
2021-06-09T13:01:10,100.0,10.55,B
2021-06-09T13:01:10,500.0,10.55,B
2021-06-09T13:01:10,500.0,10.55,B
2021-06-09T13:00:42,100.0,10.55,B
2021-06-09T13:00:42,200.0,10.55,B
2021-06-09T13:00:37,500.0,10.55,B
2021-06-09T13:00:37,200.0,10.55,B
2021-06-09T13:00:35,300.0,10.55,B
2021-06-09T13:00:32,500.0,10.55,B
2021-06-09T13:00:28,1000.0,10.55,B
2021-06-09T13:00:28,100.0,10.55,B
2021-06-09T13:00:26,4800.0,10.55,B
2021-06-09T13:00:26,1100.0,10.55,B
2021-06-09T13:00:25,1000.0,10.55,B
2021-06-09T13:00:24,100.0,10.55,B
2021-06-09T13:00:22,100.0,10.55,B
2021-06-09T13:00:22,100.0,10.55,B
2021-06-09T13:00:18,500.0,10.55,B
2021-06-09T13:00:16,200.0,10.55,B
2021-06-09T13:00:16,200.0,10.55,B
2021-06-09T13:00:16,10000.0,10.6,B
2021-06-09T13:00:16,2500.0,10.55,B
2021-06-09T13:00:16,10000.0,10.55,B
2021-06-09T13:00:15,1000.0,10.55,B
2021-06-09T13:00:15,200.0,10.55,B
2021-06-09T13:00:15,1700.0,10.55,B
2021-06-09T13:00:15,6800.0,10.55,B
2021-06-09T13:00:15,3200.0,10.55,B
2021-06-09T13:00:15,100.0,10.55,B
2021-06-09T11:30:03,500.0,10.55,B
2021-06-09T11:30:02,1000.0,10.55,B
2021-06-09T11:29:01,200.0,10.55,B
2021-06-09T11:28:58,100.0,10.55,B
2021-06-09T11:28:57,100.0,10.55,B
2021-06-09T11:28:49,1000.0,10.5,S
2021-06-09T11:28:49,100.0,10.55,B
2021-06-09T11:28:43,1000.0,10.55,B
2021-06-09T11:28:13,5000.0,10.55,B
2021-06-09T11:28:06,100.0,10.55,B
2021-06-09T11:28:00,100.0,10.55,B
2021-06-09T11:27:42,2400.0,10.55,B
2021-06-09T11:27:20,100.0,10.55,B
2021-06-09T11:27:03,1000.0,10.55,B
2021-06-09T11:26:13,10000.0,10.55,B
2021-06-09T11:26:10,200.0,10.55,B
2021-06-09T11:26:04,5000.0,10.5,S
2021-06-09T11:26:03,500.0,10.55,B
2021-06-09T11:25:53,2000.0,10.55,B
2021-06-09T11:25:11,500.0,10.55,B
2021-06-09T11:25:09,500.0,10.55,B
2021-06-09T11:24:53,500.0,10.55,B
2021-06-09T11:24:53,6000.0,10.55,B
2021-06-09T11:24:53,1000.0,10.55,B
2021-06-09T11:24:53,3500.0,10.55,B
2021-06-09T11:24:53,5000.0,10.55,B
2021-06-09T11:24:53,84500.0,10.55,B
2021-06-09T11:24:48,2000.0,10.5,S
2021-06-09T11:24:38,300.0,10.5,S
2021-06-09T11:24:24,200.0,10.5,S
2021-06-09T11:24:01,3400.0,10.55,B
2021-06-09T11:23:54,10000.0,10.5,S
2021-06-09T11:23:47,100.0,10.55,B
2021-06-09T11:23:14,2000.0,10.5,S
2021-06-09T11:22:32,400.0,10.55,B
2021-06-09T11:22:03,800.0,10.5,S
2021-06-09T11:21:48,10000.0,10.5,S
2021-06-09T11:21:41,800.0,10.55,B
2021-06-09T11:21:37,300.0,10.55,B
2021-06-09T11:21:21,1000.0,10.5,S
2021-06-09T11:21:01,100.0,10.5,S
2021-06-09T11:20:50,2000.0,10.55,B
2021-06-09T11:20:33,3000.0,10.5,S
2021-06-09T11:20:13,4400.0,10.5,S
2021-06-09T11:20:13,600.0,10.5,S
2021-06-09T11:20:10,1000.0,10.5,S
2021-06-09T11:19:56,600.0,10.5,S
2021-06-09T11:19:54,500.0,10.55,B
2021-06-09T11:19:54,1500.0,10.5,S
2021-06-09T11:19:40,100.0,10.5,S
2021-06-09T11:19:35,500.0,10.55,B
2021-06-09T11:19:27,4000.0,10.55,B
2021-06-09T11:19:16,2000.0,10.55,B
2021-06-09T11:19:16,3700.0,10.55,B
2021-06-09T11:18:50,3000.0,10.55,B
2021-06-09T11:18:46,1000.0,10.55,B
2021-06-09T11:18:45,500.0,10.5,S
2021-06-09T11:18:37,100.0,10.55,B
2021-06-09T11:18:35,1000.0,10.55,B
2021-06-09T11:18:30,100.0,10.55,B
2021-06-09T11:18:27,2000.0,10.55,B
2021-06-09T11:18:20,800.0,10.5,S
2021-06-09T11:18:15,2000.0,10.55,B
2021-06-09T11:18:00,1000.0,10.55,B
2021-06-09T11:17:56,1000.0,10.55,B
2021-06-09T11:17:55,1000.0,10.55,B
2021-06-09T11:17:51,400.0,10.55,B
2021-06-09T11:17:47,1000.0,10.55,B
2021-06-09T11:17:44,100.0,10.55,B
2021-06-09T11:17:38,10000.0,10.55,B
2021-06-09T11:17:36,10000.0,10.55,B
2021-06-09T11:17:35,10000.0,10.55,B
2021-06-09T11:17:35,300.0,10.5,S
2021-06-09T11:17:31,2000.0,10.55,B
2021-06-09T11:17:17,7000.0,10.55,B
2021-06-09T11:17:17,1000.0,10.55,B
2021-06-09T11:17:12,900.0,10.55,B
2021-06-09T11:17:12,1000.0,10.5,S
2021-06-09T11:16:54,2000.0,10.55,B
2021-06-09T11:16:22,9200.0,10.55,B
2021-06-09T11:16:18,100.0,10.55,B
2021-06-09T11:16:06,1000.0,10.5,S
2021-06-09T11:15:58,5000.0,10.55,B
2021-06-09T11:15:51,300.0,10.5,S
2021-06-09T11:15:43,2000.0,10.55,B
2021-06-09T11:15:34,1600.0,10.55,B
2021-06-09T11:15:28,800.0,10.55,B
2021-06-09T11:15:26,1500.0,10.55,B
2021-06-09T11:15:20,1000.0,10.55,B
2021-06-09T11:15:17,3000.0,10.55,B
2021-06-09T11:15:17,1000.0,10.5,S
2021-06-09T11:14:38,2000.0,10.55,B
2021-06-09T11:14:36,500.0,10.55,B
2021-06-09T11:14:34,500.0,10.55,B
2021-06-09T11:14:14,2000.0,10.55,B
2021-06-09T11:14:13,200.0,10.55,B
2021-06-09T11:14:09,3000.0,10.55,B
2021-06-09T11:14:08,1500.0,10.5,S
2021-06-09T11:14:08,3000.0,10.5,S
2021-06-09T11:14:01,800.0,10.55,B
2021-06-09T11:14:00,1000.0,10.5,S
2021-06-09T11:13:57,5000.0,10.55,B
2021-06-09T11:13:55,100.0,10.5,S
2021-06-09T11:13:52,2000.0,10.55,B
2021-06-09T11:13:50,4000.0,10.55,B
2021-06-09T11:13:50,1000.0,10.55,B
2021-06-09T11:13:22,1600.0,10.5,S
2021-06-09T11:12:50,200.0,10.55,B
2021-06-09T11:12:36,500.0,10.55,B
2021-06-09T11:12:35,800.0,10.55,B
2021-06-09T11:12:22,6800.0,10.5,S
2021-06-09T11:12:20,800.0,10.55,B
2021-06-09T11:11:59,300.0,10.55,B
2021-06-09T11:11:51,1000.0,10.55,B
2021-06-09T11:11:21,700.0,10.55,S
2021-06-09T11:11:19,500.0,10.55,S
2021-06-09T11:11:19,24200.0,10.55,S
2021-06-09T11:11:07,500.0,10.55,S
2021-06-09T11:10:48,100.0,10.55,S
2021-06-09T11:10:40,5000.0,10.55,S
2021-06-09T11:10:40,1700.0,10.55,S
2021-06-09T11:10:32,500.0,10.55,S
2021-06-09T11:10:29,4000.0,10.55,S
2021-06-09T11:10:02,10000.0,10.55,S
2021-06-09T11:09:43,200.0,10.55,S
2021-06-09T11:09:29,400.0,10.6,B
2021-06-09T11:09:02,200.0,10.55,S
2021-06-09T11:08:51,1000.0,10.55,S
2021-06-09T11:08:43,300.0,10.55,S
2021-06-09T11:08:29,15000.0,10.5,S
2021-06-09T11:08:15,200.0,10.55,S
2021-06-09T11:08:03,20000.0,10.55,S
2021-06-09T11:07:34,500.0,10.55,S
2021-06-09T11:07:05,200.0,10.6,B
2021-06-09T11:06:58,200.0,10.55,S
2021-06-09T11:06:46,2000.0,10.55,S
2021-06-09T11:06:31,4400.0,10.5,S
2021-06-09T11:06:31,9500.0,10.55,S
2021-06-09T11:06:30,100.0,10.55,S
2021-06-09T11:06:30,22100.0,10.55,S
2021-06-09T11:06:30,5200.0,10.55,S
2021-06-09T11:06:30,400.0,10.55,S
2021-06-09T11:06:30,300.0,10.55,S
2021-06-09T11:06:06,200.0,10.6,B
2021-06-09T11:04:53,1000.0,10.6,B
2021-06-09T11:04:51,200.0,10.6,B
2021-06-09T11:04:50,2000.0,10.55,S
2021-06-09T11:04:32,100.0,10.6,B
2021-06-09T11:04:05,200.0,10.6,B
2021-06-09T11:03:57,5000.0,10.6,B
2021-06-09T11:03:36,500.0,10.6,B
2021-06-09T11:03:22,200.0,10.55,S
2021-06-09T11:03:07,2700.0,10.55,S
2021-06-09T11:03:06,10000.0,10.55,S
2021-06-09T11:02:59,100.0,10.55,S
2021-06-09T11:02:58,9000.0,10.55,S
2021-06-09T11:02:58,1000.0,10.55,S
2021-06-09T11:02:57,32000.0,10.55,S
2021-06-09T11:02:35,1000.0,10.55,B
2021-06-09T11:02:29,68000.0,10.55,B
2021-06-09T11:02:29,4700.0,10.55,B
2021-06-09T11:02:08,300.0,10.55,B
2021-06-09T11:02:06,200.0,10.55,B
2021-06-09T11:02:06,1800.0,10.55,B
2021-06-09T11:01:59,1000.0,10.55,B
2021-06-09T11:01:58,5000.0,10.55,B
2021-06-09T11:01:48,100.0,10.55,B
2021-06-09T11:01:31,300.0,10.55,B
2021-06-09T11:01:31,12200.0,10.55,B
2021-06-09T11:01:04,2000.0,10.55,B
2021-06-09T11:01:02,1000.0,10.55,B
2021-06-09T11:00:57,4500.0,10.55,B
2021-06-09T11:00:47,4100.0,10.55,B
2021-06-09T11:00:45,1000.0,10.55,B
2021-06-09T11:00:31,500.0,10.55,B
2021-06-09T11:00:27,300.0,10.55,B
2021-06-09T11:00:25,200.0,10.55,B
2021-06-09T11:00:16,2100.0,10.55,B
2021-06-09T11:00:16,2000.0,10.55,B
2021-06-09T11:00:16,5900.0,10.55,B
2021-06-09T11:00:05,7100.0,10.55,B
2021-06-09T11:00:02,1000.0,10.5,S
2021-06-09T10:59:58,700.0,10.55,B
2021-06-09T10:59:55,5000.0,10.55,B
2021-06-09T10:59:48,500.0,10.55,B
2021-06-09T10:59:48,25500.0,10.5,S
2021-06-09T10:59:48,6500.0,10.5,S
2021-06-09T10:59:48,3100.0,10.5,S
2021-06-09T10:59:48,3000.0,10.5,S
2021-06-09T10:59:48,2100.0,10.5,S
2021-06-09T10:59:47,16700.0,10.5,S
2021-06-09T10:59:39,300.0,10.55,B
2021-06-09T10:59:36,500.0,10.55,B
2021-06-09T10:59:31,100.0,10.55,B
2021-06-09T10:59:30,100.0,10.55,B
2021-06-09T10:59:23,1500.0,10.55,B
2021-06-09T10:59:03,1000.0,10.55,B
2021-06-09T10:58:48,2000.0,10.55,B
2021-06-09T10:58:46,600.0,10.55,B
2021-06-09T10:58:42,2500.0,10.55,B
2021-06-09T10:58:41,100.0,10.55,B
2021-06-09T10:58:27,1500.0,10.55,B
2021-06-09T10:58:25,1000.0,10.5,S
2021-06-09T10:58:20,100.0,10.5,S
2021-06-09T10:58:17,3200.0,10.5,S
2021-06-09T10:58:10,2800.0,10.55,B
2021-06-09T10:57:57,1000.0,10.55,B
2021-06-09T10:57:41,3500.0,10.55,B
2021-06-09T10:57:41,5000.0,10.55,B
2021-06-09T10:57:34,500.0,10.55,B
2021-06-09T10:57:25,2000.0,10.55,B
2021-06-09T10:57:22,1000.0,10.55,B
2021-06-09T10:57:20,500.0,10.55,B
2021-06-09T10:57:09,300.0,10.55,B
2021-06-09T10:56:55,200.0,10.55,B
2021-06-09T10:56:50,2000.0,10.55,B
2021-06-09T10:56:50,1600.0,10.55,B
2021-06-09T10:56:44,1000.0,10.55,B
2021-06-09T10:56:44,8000.0,10.55,B
2021-06-09T10:56:32,900.0,10.55,B
2021-06-09T10:56:28,500.0,10.5,S
2021-06-09T10:56:24,1000.0,10.55,B
2021-06-09T10:56:13,1900.0,10.55,B
2021-06-09T10:56:10,1000.0,10.55,B
2021-06-09T10:56:09,4500.0,10.55,B
2021-06-09T10:56:07,100.0,10.5,S
2021-06-09T10:56:06,5000.0,10.5,S
2021-06-09T10:56:00,2000.0,10.55,B
2021-06-09T10:55:57,500.0,10.55,B
2021-06-09T10:55:47,500.0,10.55,B
2021-06-09T10:55:46,4000.0,10.55,B
2021-06-09T10:55:44,2000.0,10.55,B
2021-06-09T10:55:37,1000.0,10.55,B
2021-06-09T10:55:32,200.0,10.55,B
2021-06-09T10:55:30,100.0,10.55,B
2021-06-09T10:55:24,200.0,10.55,B
2021-06-09T10:55:12,6900.0,10.55,B
2021-06-09T10:55:01,5000.0,10.55,B
2021-06-09T10:54:58,1000.0,10.55,B
2021-06-09T10:54:54,17000.0,10.55,B
2021-06-09T10:54:38,2000.0,10.55,S
2021-06-09T10:54:33,1100.0,10.55,S
2021-06-09T10:54:33,2000.0,10.55,S
2021-06-09T10:54:12,100.0,10.55,S
2021-06-09T10:54:05,100.0,10.55,S
2021-06-09T10:54:02,200.0,10.55,S
2021-06-09T10:53:42,200.0,10.55,S
2021-06-09T10:53:41,500.0,10.55,S
2021-06-09T10:53:14,200.0,10.5,S
2021-06-09T10:53:12,2000.0,10.55,S
2021-06-09T10:53:02,10000.0,10.55,S
2021-06-09T10:52:57,6000.0,10.55,S
2021-06-09T10:52:44,500.0,10.55,S
2021-06-09T10:52:24,100.0,10.55,S
2021-06-09T10:52:23,500.0,10.5,S
2021-06-09T10:52:10,2000.0,10.55,S
2021-06-09T10:51:59,5000.0,10.55,S
2021-06-09T10:51:54,500.0,10.55,S
2021-06-09T10:51:52,1000.0,10.55,S
2021-06-09T10:51:45,1000.0,10.55,S
2021-06-09T10:51:36,1000.0,10.55,S
2021-06-09T10:51:31,10400.0,10.55,S
2021-06-09T10:51:13,2000.0,10.6,B
2021-06-09T10:51:07,100.0,10.6,B
2021-06-09T10:50:34,5000.0,10.6,B
2021-06-09T10:50:30,100.0,10.55,S
2021-06-09T10:50:14,800.0,10.55,S
2021-06-09T10:50:14,200.0,10.55,S
2021-06-09T10:50:01,100.0,10.6,B
2021-06-09T10:49:58,3500.0,10.55,S
2021-06-09T10:48:58,2000.0,10.55,S
2021-06-09T10:48:57,4000.0,10.55,S
2021-06-09T10:48:43,500.0,10.55,S
2021-06-09T10:48:40,200.0,10.6,B
2021-06-09T10:47:56,200.0,10.5,S
2021-06-09T10:47:55,100.0,10.6,B
2021-06-09T10:47:50,900.0,10.6,B
2021-06-09T10:47:50,4100.0,10.55,S
2021-06-09T10:47:46,200.0,10.55,S
2021-06-09T10:47:43,3800.0,10.55,S
2021-06-09T10:47:43,100.0,10.55,S
2021-06-09T10:47:43,91800.0,10.55,S
2021-06-09T10:46:57,2000.0,10.55,S
2021-06-09T10:46:50,100.0,10.55,S
2021-06-09T10:46:35,1000.0,10.6,B
2021-06-09T10:46:30,200.0,10.55,S
2021-06-09T10:46:23,1000.0,10.6,B
2021-06-09T10:46:15,4500.0,10.55,S
2021-06-09T10:46:06,25000.0,10.55,S
2021-06-09T10:45:10,500.0,10.6,B
2021-06-09T10:45:06,100.0,10.55,S
2021-06-09T10:45:05,500.0,10.6,B
2021-06-09T10:44:57,100.0,10.55,S
2021-06-09T10:44:29,800.0,10.55,S
2021-06-09T10:44:20,2300.0,10.6,B
2021-06-09T10:44:18,500.0,10.55,S
2021-06-09T10:44:08,100.0,10.6,B
2021-06-09T10:43:59,2000.0,10.6,B
2021-06-09T10:43:48,1900.0,10.55,S
2021-06-09T10:43:47,13100.0,10.55,S
2021-06-09T10:43:46,500.0,10.55,S
2021-06-09T10:43:41,1000.0,10.6,B
2021-06-09T10:43:29,500.0,10.55,S
2021-06-09T10:43:28,100.0,10.6,B
2021-06-09T10:43:25,24400.0,10.6,B
2021-06-09T10:43:25,3600.0,10.6,B
2021-06-09T10:43:25,2200.0,10.6,B
2021-06-09T10:43:24,79800.0,10.6,B
2021-06-09T10:43:09,300.0,10.6,B
2021-06-09T10:42:55,19900.0,10.6,B
2021-06-09T10:42:55,18400.0,10.6,B
2021-06-09T10:42:55,8800.0,10.6,B
2021-06-09T10:42:55,3000.0,10.6,B
2021-06-09T10:42:55,1500.0,10.6,B
2021-06-09T10:42:55,100.0,10.6,B
2021-06-09T10:42:55,11000.0,10.6,B
2021-06-09T10:42:55,200.0,10.6,B
2021-06-09T10:42:55,13100.0,10.6,B
2021-06-09T10:42:52,600.0,10.55,S
2021-06-09T10:42:49,100.0,10.6,B
2021-06-09T10:42:24,100.0,10.6,B
2021-06-09T10:42:23,2600.0,10.6,B
2021-06-09T10:42:16,9100.0,10.55,S
2021-06-09T10:42:16,21400.0,10.55,S
2021-06-09T10:42:16,9300.0,10.55,S
2021-06-09T10:42:16,6000.0,10.55,S
2021-06-09T10:42:15,4200.0,10.55,S
2021-06-09T10:42:04,2000.0,10.55,S
2021-06-09T10:41:58,2000.0,10.55,S
2021-06-09T10:41:47,27000.0,10.55,S
2021-06-09T10:41:46,15000.0,10.55,S
2021-06-09T10:41:21,100.0,10.6,B
2021-06-09T10:40:56,11000.0,10.55,B
2021-06-09T10:40:52,20000.0,10.55,B
2021-06-09T10:40:50,100.0,10.6,B
2021-06-09T10:40:37,500.0,10.6,B
2021-06-09T10:40:17,1000.0,10.55,B
2021-06-09T10:40:10,300.0,10.55,B
2021-06-09T10:39:45,200.0,10.6,B
2021-06-09T10:39:35,5000.0,10.6,B
2021-06-09T10:39:35,1000.0,10.55,B
2021-06-09T10:39:26,1000.0,10.55,B
2021-06-09T10:39:09,1000.0,10.6,B
2021-06-09T10:38:58,6000.0,10.55,B
2021-06-09T10:38:30,500.0,10.55,B
2021-06-09T10:38:23,600.0,10.55,B
2021-06-09T10:38:17,3600.0,10.55,B
2021-06-09T10:38:13,2000.0,10.55,B
2021-06-09T10:37:58,8000.0,10.55,B
2021-06-09T10:37:54,100.0,10.55,B
2021-06-09T10:37:53,300.0,10.6,B
2021-06-09T10:37:44,2000.0,10.55,B
2021-06-09T10:37:28,400.0,10.55,B
2021-06-09T10:37:26,2000.0,10.55,B
2021-06-09T10:37:25,2000.0,10.55,B
2021-06-09T10:37:25,6600.0,10.55,B
2021-06-09T10:37:25,200.0,10.55,B
2021-06-09T10:37:25,30000.0,10.55,B
2021-06-09T10:37:25,10000.0,10.55,B
2021-06-09T10:37:04,7000.0,10.55,B
2021-06-09T10:37:02,8000.0,10.55,B
2021-06-09T10:36:58,1000.0,10.55,B
2021-06-09T10:36:55,100.0,10.55,B
2021-06-09T10:36:34,500.0,10.55,B
2021-06-09T10:36:31,200.0,10.55,B
2021-06-09T10:36:29,300.0,10.55,B
2021-06-09T10:36:24,3000.0,10.55,B
2021-06-09T10:35:20,9400.0,10.55,B
2021-06-09T10:35:20,100.0,10.55,B
2021-06-09T10:35:20,12300.0,10.55,B
2021-06-09T10:35:20,13000.0,10.55,B
2021-06-09T10:35:20,2000.0,10.55,B
2021-06-09T10:35:20,1000.0,10.55,B
2021-06-09T10:35:20,12200.0,10.55,B
2021-06-09T10:35:08,1000.0,10.55,B
2021-06-09T10:35:02,800.0,10.55,B
2021-06-09T10:34:59,5000.0,10.5,S
2021-06-09T10:34:56,24000.0,10.55,B
2021-06-09T10:34:51,10000.0,10.5,S
2021-06-09T10:34:50,100.0,10.5,S
2021-06-09T10:34:35,300.0,10.55,B
2021-06-09T10:34:32,1000.0,10.5,S
2021-06-09T10:34:32,500.0,10.55,B
2021-06-09T10:34:14,1000.0,10.55,B
2021-06-09T10:34:14,33900.0,10.5,S
2021-06-09T10:34:02,300.0,10.55,B
2021-06-09T10:33:49,100.0,10.55,B
2021-06-09T10:33:48,500.0,10.55,B
2021-06-09T10:33:45,600.0,10.55,B
2021-06-09T10:33:38,100.0,10.55,B
2021-06-09T10:33:33,1000.0,10.55,B
2021-06-09T10:33:24,1000.0,10.55,B
2021-06-09T10:33:22,3000.0,10.5,S
2021-06-09T10:33:02,14000.0,10.5,S
2021-06-09T10:32:59,7600.0,10.55,B
2021-06-09T10:32:59,500.0,10.55,B
2021-06-09T10:32:59,1900.0,10.55,B
2021-06-09T10:32:54,100.0,10.55,B
2021-06-09T10:31:24,200.0,10.55,B
2021-06-09T10:31:11,52000.0,10.5,S
2021-06-09T10:31:07,6000.0,10.55,B
2021-06-09T10:31:03,8800.0,10.5,S
2021-06-09T10:31:03,5300.0,10.5,S
2021-06-09T10:31:03,2800.0,10.5,S
2021-06-09T10:31:03,1100.0,10.5,S
2021-06-09T10:30:57,1000.0,10.55,B
2021-06-09T10:30:54,2000.0,10.55,B
2021-06-09T10:30:40,500.0,10.55,B
2021-06-09T10:30:40,2500.0,10.5,S
2021-06-09T10:30:35,1200.0,10.55,B
2021-06-09T10:30:33,5000.0,10.5,S
2021-06-09T10:30:24,500.0,10.55,B
2021-06-09T10:30:22,800.0,10.5,S
2021-06-09T10:30:19,1000.0,10.55,B
2021-06-09T10:29:49,1000.0,10.55,B
2021-06-09T10:29:45,3800.0,10.5,S
2021-06-09T10:29:45,4200.0,10.5,S
2021-06-09T10:29:42,300.0,10.5,S
2021-06-09T10:29:38,400.0,10.5,S
2021-06-09T10:29:38,1600.0,10.5,S
2021-06-09T10:29:38,1000.0,10.55,B
2021-06-09T10:29:20,2000.0,10.55,B
2021-06-09T10:29:14,200.0,10.55,B
2021-06-09T10:29:03,500.0,10.55,B
2021-06-09T10:28:56,800.0,10.5,S
2021-06-09T10:28:56,1000.0,10.5,S
2021-06-09T10:28:56,1800.0,10.5,S
2021-06-09T10:28:54,700.0,10.55,B
2021-06-09T10:28:52,1000.0,10.5,S
2021-06-09T10:28:42,1000.0,10.55,B
2021-06-09T10:28:19,2000.0,10.55,B
2021-06-09T10:28:06,1000.0,10.5,S
2021-06-09T10:28:03,1000.0,10.5,S
2021-06-09T10:27:49,200.0,10.55,B
2021-06-09T10:27:47,100.0,10.55,B
2021-06-09T10:27:25,1000.0,10.5,S
2021-06-09T10:27:18,100.0,10.55,B
2021-06-09T10:27:18,1000.0,10.55,B
2021-06-09T10:27:16,1800.0,10.5,S
2021-06-09T10:27:04,300.0,10.55,B
2021-06-09T10:27:01,14000.0,10.55,B
2021-06-09T10:26:33,1000.0,10.5,S
2021-06-09T10:26:29,200.0,10.5,S
2021-06-09T10:26:08,700.0,10.55,B
2021-06-09T10:25:46,700.0,10.55,B
2021-06-09T10:25:20,1000.0,10.5,S
2021-06-09T10:25:04,200.0,10.55,B
2021-06-09T10:24:57,700.0,10.55,B
2021-06-09T10:24:53,1000.0,10.55,B
2021-06-09T10:24:53,500.0,10.55,B
2021-06-09T10:24:42,3000.0,10.55,B
2021-06-09T10:24:37,500.0,10.5,S
2021-06-09T10:24:37,400.0,10.5,S
2021-06-09T10:24:37,5200.0,10.5,S
2021-06-09T10:24:37,3900.0,10.5,S
2021-06-09T10:23:53,100.0,10.55,B
2021-06-09T10:23:44,1000.0,10.5,S
2021-06-09T10:23:34,1200.0,10.5,S
2021-06-09T10:23:19,4300.0,10.5,S
2021-06-09T10:23:10,400.0,10.5,S
2021-06-09T10:23:07,2000.0,10.5,S
2021-06-09T10:23:02,1800.0,10.5,S
2021-06-09T10:23:02,14500.0,10.5,S
2021-06-09T10:23:02,14900.0,10.5,S
2021-06-09T10:23:02,11100.0,10.5,S
2021-06-09T10:23:02,20500.0,10.5,S
2021-06-09T10:23:02,32200.0,10.5,S
2021-06-09T10:22:56,17800.0,10.5,S
2021-06-09T10:22:56,5100.0,10.5,S
2021-06-09T10:22:56,20300.0,10.5,S
2021-06-09T10:22:56,1500.0,10.5,S
2021-06-09T10:22:56,44800.0,10.5,S
2021-06-09T10:22:56,1000.0,10.5,S
2021-06-09T10:22:56,4100.0,10.5,S
2021-06-09T10:22:56,4000.0,10.5,S
2021-06-09T10:22:56,1400.0,10.5,S
2021-06-09T10:22:39,4600.0,10.5,S
2021-06-09T10:22:39,100.0,10.5,S
2021-06-09T10:22:38,300.0,10.5,S
2021-06-09T10:22:35,1000.0,10.55,B
2021-06-09T10:22:25,6000.0,10.5,S
2021-06-09T10:22:23,400.0,10.55,B
2021-06-09T10:22:22,14000.0,10.55,B
2021-06-09T10:22:12,100.0,10.55,B
2021-06-09T10:22:01,500.0,10.55,B
2021-06-09T10:21:40,100.0,10.55,B
2021-06-09T10:21:38,200.0,10.55,B
2021-06-09T10:21:34,700.0,10.5,S
2021-06-09T10:21:34,200.0,10.5,S
2021-06-09T10:21:34,5500.0,10.5,S
2021-06-09T10:21:34,3600.0,10.5,S
2021-06-09T10:21:30,100.0,10.55,B
2021-06-09T10:21:24,1000.0,10.5,S
2021-06-09T10:21:13,400.0,10.5,S
2021-06-09T10:21:12,600.0,10.5,S
2021-06-09T10:20:58,4900.0,10.5,S
2021-06-09T10:20:58,4100.0,10.5,S
2021-06-09T10:20:56,15800.0,10.5,S
2021-06-09T10:20:56,100.0,10.5,S
2021-06-09T10:20:56,1100.0,10.5,S
2021-06-09T10:20:54,29000.0,10.5,S
2021-06-09T10:20:44,5000.0,10.5,S
2021-06-09T10:20:39,10000.0,10.5,S
2021-06-09T10:20:29,100.0,10.5,S
2021-06-09T10:20:22,10000.0,10.5,S
2021-06-09T10:19:57,5000.0,10.5,S
2021-06-09T10:19:55,10000.0,10.55,B
2021-06-09T10:19:52,2000.0,10.5,S
2021-06-09T10:19:50,10000.0,10.5,S
2021-06-09T10:19:47,1000.0,10.5,S
2021-06-09T10:19:39,20000.0,10.55,B
2021-06-09T10:19:35,400.0,10.5,S
2021-06-09T10:19:30,1500.0,10.5,S
2021-06-09T10:19:30,300.0,10.5,S
2021-06-09T10:19:30,100.0,10.5,S
2021-06-09T10:19:16,2000.0,10.5,S
2021-06-09T10:19:12,300.0,10.5,S
2021-06-09T10:19:12,11000.0,10.5,S
2021-06-09T10:19:12,13800.0,10.55,B
2021-06-09T10:19:12,6200.0,10.55,B
2021-06-09T10:19:06,2000.0,10.5,S
2021-06-09T10:18:59,1700.0,10.5,S
2021-06-09T10:18:54,1000.0,10.5,S
2021-06-09T10:18:52,2000.0,10.5,S
2021-06-09T10:18:51,600.0,10.55,B
2021-06-09T10:18:50,1000.0,10.5,S
2021-06-09T10:18:36,10000.0,10.55,B
2021-06-09T10:18:31,700.0,10.55,B
2021-06-09T10:18:17,4000.0,10.5,S
2021-06-09T10:18:17,100.0,10.5,S
2021-06-09T10:18:14,3000.0,10.5,S
2021-06-09T10:18:10,800.0,10.5,S
2021-06-09T10:18:10,200.0,10.5,S
2021-06-09T10:18:10,500.0,10.5,S
2021-06-09T10:18:09,1000.0,10.5,S
2021-06-09T10:17:53,1800.0,10.5,S
2021-06-09T10:17:44,200.0,10.5,S
2021-06-09T10:17:31,1500.0,10.5,S
2021-06-09T10:17:06,2000.0,10.5,S
2021-06-09T10:17:04,2000.0,10.5,S
2021-06-09T10:16:57,100000.0,10.5,S
2021-06-09T10:16:44,40000.0,10.5,B
2021-06-09T10:16:21,2000.0,10.55,B
2021-06-09T10:16:10,3000.0,10.5,B
2021-06-09T10:16:06,300.0,10.5,B
2021-06-09T10:16:04,200.0,10.5,B
2021-06-09T10:16:00,800.0,10.5,B
2021-06-09T10:15:48,20000.0,10.5,B
2021-06-09T10:15:41,128500.0,10.5,B
2021-06-09T10:15:28,1000.0,10.5,B
2021-06-09T10:15:24,200.0,10.5,B
2021-06-09T10:15:21,10000.0,10.5,B
2021-06-09T10:15:12,300.0,10.5,B
2021-06-09T10:15:10,6000.0,10.5,B
2021-06-09T10:15:04,200.0,10.5,B
2021-06-09T10:14:37,4000.0,10.5,B
2021-06-09T10:14:29,5000.0,10.5,B
2021-06-09T10:14:24,200.0,10.5,B
2021-06-09T10:14:13,100.0,10.55,B
2021-06-09T10:14:12,20000.0,10.5,B
2021-06-09T10:14:09,1000.0,10.5,B
2021-06-09T10:14:09,54000.0,10.5,B
2021-06-09T10:14:05,900.0,10.5,B
2021-06-09T10:14:02,100.0,10.5,B
2021-06-09T10:14:01,500.0,10.5,B
2021-06-09T10:13:59,500.0,10.5,B
2021-06-09T10:13:50,2000.0,10.5,B
2021-06-09T10:13:45,500.0,10.5,B
2021-06-09T10:13:42,6000.0,10.5,B
2021-06-09T10:13:33,200.0,10.5,B
2021-06-09T10:13:22,1500.0,10.5,B
2021-06-09T10:13:12,1000.0,10.5,B
2021-06-09T10:13:11,1700.0,10.5,B
2021-06-09T10:12:54,200.0,10.55,B
2021-06-09T10:12:54,1700.0,10.55,B
2021-06-09T10:12:54,26000.0,10.55,B
2021-06-09T10:12:54,10000.0,10.55,B
2021-06-09T10:12:54,13300.0,10.55,B
2021-06-09T10:12:54,3500.0,10.5,B
2021-06-09T10:12:54,45300.0,10.5,B
2021-06-09T10:12:50,200.0,10.45,S
2021-06-09T10:12:46,1300.0,10.45,S
2021-06-09T10:12:39,1500.0,10.45,S
2021-06-09T10:12:39,18500.0,10.45,S
2021-06-09T10:12:32,1000.0,10.45,S
2021-06-09T10:12:29,5900.0,10.45,S
2021-06-09T10:12:20,500.0,10.45,S
2021-06-09T10:12:20,500.0,10.45,S
2021-06-09T10:12:20,1000.0,10.45,S
2021-06-09T10:12:19,5000.0,10.5,B
2021-06-09T10:12:18,1000.0,10.45,S
2021-06-09T10:12:09,1000.0,10.45,S
2021-06-09T10:12:09,100.0,10.45,S
2021-06-09T10:12:09,300.0,10.45,S
2021-06-09T10:12:09,8400.0,10.45,S
2021-06-09T10:12:09,200.0,10.45,S
2021-06-09T10:12:02,400.0,10.45,S
2021-06-09T10:11:46,1100.0,10.45,S
2021-06-09T10:11:46,500.0,10.5,B
2021-06-09T10:11:45,2000.0,10.5,B
2021-06-09T10:11:45,300.0,10.45,S
2021-06-09T10:11:43,500.0,10.45,S
2021-06-09T10:11:40,4500.0,10.45,S
2021-06-09T10:11:27,2000.0,10.45,S
2021-06-09T10:11:18,200.0,10.5,B
2021-06-09T10:11:14,700.0,10.45,S
2021-06-09T10:11:01,200.0,10.45,S
2021-06-09T10:11:01,2800.0,10.45,S
2021-06-09T10:10:59,100.0,10.5,B
2021-06-09T10:10:57,13200.0,10.5,B
2021-06-09T10:10:57,500.0,10.5,B
2021-06-09T10:10:57,86300.0,10.5,B
2021-06-09T10:10:54,1000.0,10.45,S
2021-06-09T10:10:50,500.0,10.45,S
2021-06-09T10:10:45,200.0,10.5,B
2021-06-09T10:10:44,500.0,10.45,S
2021-06-09T10:10:37,3500.0,10.45,S
2021-06-09T10:10:34,1500.0,10.45,S
2021-06-09T10:10:30,800.0,10.45,S
2021-06-09T10:10:22,300.0,10.5,B
2021-06-09T10:10:20,500.0,10.5,B
2021-06-09T10:10:16,500.0,10.5,B
2021-06-09T10:10:15,200.0,10.5,B
2021-06-09T10:10:09,800.0,10.5,B
2021-06-09T10:10:05,200.0,10.5,B
2021-06-09T10:10:02,1500.0,10.45,S
2021-06-09T10:09:54,3000.0,10.45,S
2021-06-09T10:09:23,900.0,10.45,S
2021-06-09T10:09:18,6000.0,10.45,S
2021-06-09T10:09:11,1000.0,10.45,S
2021-06-09T10:09:02,3000.0,10.45,S
2021-06-09T10:08:57,2700.0,10.45,S
2021-06-09T10:08:56,400.0,10.5,B
2021-06-09T10:08:52,5000.0,10.45,S
2021-06-09T10:08:51,2000.0,10.45,S
2021-06-09T10:08:33,400.0,10.45,S
2021-06-09T10:08:30,100.0,10.5,B
2021-06-09T10:08:10,100.0,10.45,S
2021-06-09T10:07:54,2700.0,10.45,S
2021-06-09T10:07:51,13200.0,10.45,S
2021-06-09T10:07:47,100.0,10.45,S
2021-06-09T10:07:47,300.0,10.45,S
2021-06-09T10:07:29,5400.0,10.45,S
2021-06-09T10:07:29,1600.0,10.45,S
2021-06-09T10:07:29,8200.0,10.45,S
2021-06-09T10:07:29,1700.0,10.45,S
2021-06-09T10:07:29,3100.0,10.45,S
2021-06-09T10:07:24,1500.0,10.45,S
2021-06-09T10:07:18,100.0,10.45,S
2021-06-09T10:07:13,600.0,10.45,S
2021-06-09T10:07:12,100.0,10.45,S
2021-06-09T10:07:12,400.0,10.45,S
2021-06-09T10:07:12,100.0,10.45,S
2021-06-09T10:07:12,1700.0,10.45,S
2021-06-09T10:07:12,1700.0,10.45,S
2021-06-09T10:07:12,1600.0,10.45,S
2021-06-09T10:06:58,1200.0,10.45,S
2021-06-09T10:06:58,400.0,10.45,S
2021-06-09T10:06:57,4100.0,10.45,S
2021-06-09T10:06:55,5000.0,10.5,B
2021-06-09T10:06:55,1000.0,10.5,B
2021-06-09T10:06:52,500.0,10.5,B
2021-06-09T10:06:50,5000.0,10.5,B
2021-06-09T10:06:45,3000.0,10.45,S
2021-06-09T10:06:35,2000.0,10.45,S
2021-06-09T10:06:34,4000.0,10.45,S
2021-06-09T10:06:33,2000.0,10.45,S
2021-06-09T10:06:26,100.0,10.5,B
2021-06-09T10:06:13,4500.0,10.45,S
2021-06-09T10:06:10,500.0,10.5,B
2021-06-09T10:05:38,500.0,10.5,B
2021-06-09T10:05:37,100.0,10.5,B
2021-06-09T10:05:37,7300.0,10.5,B
2021-06-09T10:05:32,100.0,10.5,B
2021-06-09T10:05:32,500.0,10.5,B
2021-06-09T10:05:32,6500.0,10.5,B
2021-06-09T10:05:32,200.0,10.5,B
2021-06-09T10:05:32,7000.0,10.5,B
2021-06-09T10:05:32,12000.0,10.5,B
2021-06-09T10:05:32,5000.0,10.5,B
2021-06-09T10:05:32,2100.0,10.5,B
2021-06-09T10:05:32,700.0,10.5,B
2021-06-09T10:05:32,10700.0,10.5,B
2021-06-09T10:05:32,15200.0,10.5,B
2021-06-09T10:05:32,3000.0,10.5,B
2021-06-09T10:05:32,19400.0,10.5,B
2021-06-09T10:05:32,10900.0,10.5,B
2021-06-09T10:05:32,2700.0,10.5,B
2021-06-09T10:05:32,7900.0,10.5,B
2021-06-09T10:05:32,5000.0,10.5,B
2021-06-09T10:05:32,500.0,10.5,B
2021-06-09T10:05:32,7100.0,10.5,B
2021-06-09T10:05:32,1100.0,10.5,B
2021-06-09T10:05:32,13200.0,10.5,B
2021-06-09T10:05:32,11000.0,10.5,B
2021-06-09T10:05:32,500.0,10.5,B
2021-06-09T10:05:30,6000.0,10.5,B
2021-06-09T10:05:30,44400.0,10.5,B
2021-06-09T10:05:30,10000.0,10.5,B
2021-06-09T10:05:15,2500.0,10.45,S
2021-06-09T10:05:12,1500.0,10.45,S
2021-06-09T10:05:11,500.0,10.45,S
2021-06-09T10:05:05,1500.0,10.5,B
2021-06-09T10:05:00,1000.0,10.45,S
2021-06-09T10:04:50,2000.0,10.5,B
2021-06-09T10:04:49,500.0,10.45,S
2021-06-09T10:04:45,300.0,10.5,B
2021-06-09T10:04:44,2000.0,10.45,S
2021-06-09T10:04:40,200.0,10.5,B
2021-06-09T10:04:37,1700.0,10.5,B
2021-06-09T10:04:28,2200.0,10.5,B
2021-06-09T10:04:28,800.0,10.5,B
2021-06-09T10:04:24,100.0,10.45,S
2021-06-09T10:04:09,400.0,10.45,S
2021-06-09T10:04:09,600.0,10.45,S
2021-06-09T10:03:56,500.0,10.5,B
2021-06-09T10:03:48,10000.0,10.45,S
2021-06-09T10:03:44,1000.0,10.45,S
2021-06-09T10:03:40,1800.0,10.45,S
2021-06-09T10:03:23,1500.0,10.45,S
2021-06-09T10:03:14,10000.0,10.5,B
2021-06-09T10:03:14,500.0,10.5,B
2021-06-09T10:03:14,8600.0,10.5,B
2021-06-09T10:03:14,300.0,10.5,B
2021-06-09T10:03:14,7300.0,10.5,B
2021-06-09T10:03:14,1000.0,10.5,B
2021-06-09T10:03:14,8100.0,10.5,B
2021-06-09T10:03:14,1200.0,10.5,B
2021-06-09T10:03:14,1200.0,10.5,B
2021-06-09T10:03:14,600.0,10.5,B
2021-06-09T10:03:02,100.0,10.45,S
2021-06-09T10:02:48,7000.0,10.45,S
2021-06-09T10:02:42,6400.0,10.45,S
2021-06-09T10:02:42,600.0,10.5,B
2021-06-09T10:02:38,100.0,10.45,S
2021-06-09T10:02:28,5000.0,10.45,S
2021-06-09T10:02:21,1000.0,10.45,S
2021-06-09T10:02:18,1000.0,10.45,S
2021-06-09T10:02:15,1000.0,10.5,B
2021-06-09T10:02:10,100.0,10.45,S
2021-06-09T10:02:02,3900.0,10.45,S
2021-06-09T10:02:02,3100.0,10.45,S
2021-06-09T10:02:02,3900.0,10.45,S
2021-06-09T10:02:02,1200.0,10.45,S
2021-06-09T10:02:02,1500.0,10.45,S
2021-06-09T10:02:02,200.0,10.45,S
2021-06-09T10:02:02,21300.0,10.45,S
2021-06-09T10:02:02,800.0,10.45,S
2021-06-09T10:02:01,23200.0,10.45,S
2021-06-09T10:02:01,2300.0,10.45,S
2021-06-09T10:02:01,1000.0,10.45,S
2021-06-09T10:02:01,1500.0,10.45,S
2021-06-09T10:02:00,1000.0,10.5,B
2021-06-09T10:01:53,100.0,10.5,B
2021-06-09T10:01:50,100.0,10.5,B
2021-06-09T10:01:49,100.0,10.5,B
2021-06-09T10:01:44,2300.0,10.45,S
2021-06-09T10:01:36,8000.0,10.45,S
2021-06-09T10:01:36,1900.0,10.45,S
2021-06-09T10:01:36,400.0,10.45,S
2021-06-09T10:01:36,9700.0,10.45,S
2021-06-09T10:01:17,100.0,10.45,S
2021-06-09T10:01:11,100.0,10.5,B
2021-06-09T10:01:02,200.0,10.5,B
2021-06-09T10:01:00,5000.0,10.45,S
2021-06-09T10:00:54,100.0,10.5,B
2021-06-09T10:00:51,400.0,10.5,B
2021-06-09T10:00:42,1500.0,10.45,S
2021-06-09T10:00:39,1000.0,10.45,S
2021-06-09T10:00:38,2000.0,10.45,S
2021-06-09T10:00:37,4000.0,10.45,S
2021-06-09T10:00:24,500.0,10.5,B
2021-06-09T10:00:10,100.0,10.5,B
2021-06-09T10:00:08,600.0,10.5,B
2021-06-09T09:59:52,100.0,10.5,B
2021-06-09T09:59:48,27500.0,10.45,S
2021-06-09T09:59:47,5500.0,10.45,S
2021-06-09T09:59:47,4800.0,10.45,S
2021-06-09T09:59:47,1100.0,10.45,S
2021-06-09T09:59:47,5100.0,10.45,S
2021-06-09T09:59:47,300.0,10.45,S
2021-06-09T09:59:47,5700.0,10.45,S
2021-06-09T09:59:34,5000.0,10.5,B
2021-06-09T09:59:33,2000.0,10.45,S
2021-06-09T09:59:29,1500.0,10.45,S
2021-06-09T09:59:23,500.0,10.5,B
2021-06-09T09:59:20,200.0,10.45,S
2021-06-09T09:59:09,100.0,10.5,B
2021-06-09T09:59:09,400.0,10.45,S
2021-06-09T09:58:51,10000.0,10.5,B
2021-06-09T09:58:45,1000.0,10.5,B
2021-06-09T09:58:24,500.0,10.45,S
2021-06-09T09:58:13,100.0,10.5,B
2021-06-09T09:58:10,50000.0,10.45,S
2021-06-09T09:57:45,4000.0,10.45,S
2021-06-09T09:57:33,400.0,10.5,B
2021-06-09T09:57:33,1000.0,10.5,B
2021-06-09T09:57:27,4000.0,10.45,S
2021-06-09T09:57:25,100.0,10.5,B
2021-06-09T09:57:24,1000.0,10.5,B
2021-06-09T09:57:18,500.0,10.5,B
2021-06-09T09:57:15,500.0,10.5,B
2021-06-09T09:57:13,4800.0,10.45,S
2021-06-09T09:57:13,12100.0,10.45,S
2021-06-09T09:57:07,100.0,10.5,B
2021-06-09T09:57:03,1000.0,10.45,S
2021-06-09T09:57:03,1000.0,10.5,B
2021-06-09T09:56:55,3000.0,10.45,S
2021-06-09T09:56:54,300.0,10.5,B
2021-06-09T09:56:40,2000.0,10.5,B
2021-06-09T09:56:35,1000.0,10.45,S
2021-06-09T09:56:28,2000.0,10.45,S
2021-06-09T09:56:28,100.0,10.5,B
2021-06-09T09:56:26,2000.0,10.45,S
2021-06-09T09:56:25,400.0,10.45,S
2021-06-09T09:56:20,500.0,10.5,B
2021-06-09T09:56:12,1000.0,10.5,B
2021-06-09T09:56:04,500.0,10.5,B
2021-06-09T09:56:04,1000.0,10.5,B
2021-06-09T09:56:04,300.0,10.5,B
2021-06-09T09:56:02,6600.0,10.5,B
2021-06-09T09:55:54,2000.0,10.5,B
2021-06-09T09:55:51,500.0,10.45,S
2021-06-09T09:55:49,300.0,10.5,B
2021-06-09T09:55:41,1000.0,10.45,S
2021-06-09T09:55:40,200.0,10.5,B
2021-06-09T09:55:39,200.0,10.5,B
2021-06-09T09:55:39,100.0,10.5,B
2021-06-09T09:55:37,2000.0,10.5,B
2021-06-09T09:55:34,5000.0,10.5,B
2021-06-09T09:55:32,500.0,10.5,B
2021-06-09T09:55:27,5000.0,10.5,B
2021-06-09T09:55:24,29000.0,10.45,S
2021-06-09T09:55:24,19000.0,10.45,S
2021-06-09T09:55:21,500.0,10.45,S
2021-06-09T09:55:08,100.0,10.5,B
2021-06-09T09:55:01,3000.0,10.5,B
2021-06-09T09:54:50,900.0,10.5,B
2021-06-09T09:54:47,500.0,10.5,B
2021-06-09T09:54:45,500.0,10.5,B
2021-06-09T09:54:42,100.0,10.5,B
2021-06-09T09:54:35,2700.0,10.45,S
2021-06-09T09:54:13,1000.0,10.5,B
2021-06-09T09:54:06,600.0,10.5,B
2021-06-09T09:54:02,1100.0,10.5,B
2021-06-09T09:54:00,1300.0,10.5,B
2021-06-09T09:53:59,500.0,10.5,B
2021-06-09T09:53:58,3000.0,10.5,B
2021-06-09T09:53:55,300.0,10.45,S
2021-06-09T09:53:43,2000.0,10.5,B
2021-06-09T09:53:31,1000.0,10.45,S
2021-06-09T09:53:28,1000.0,10.5,B
2021-06-09T09:53:26,200.0,10.5,B
2021-06-09T09:53:23,1000.0,10.5,B
2021-06-09T09:53:20,1300.0,10.5,B
2021-06-09T09:53:17,1000.0,10.45,S
2021-06-09T09:53:16,2000.0,10.5,B
2021-06-09T09:53:13,1000.0,10.5,B
2021-06-09T09:53:12,6000.0,10.5,B
2021-06-09T09:53:11,1000.0,10.5,B
2021-06-09T09:53:05,1000.0,10.5,B
2021-06-09T09:53:02,1000.0,10.5,B
2021-06-09T09:53:00,1000.0,10.45,S
2021-06-09T09:52:57,100.0,10.5,B
2021-06-09T09:52:56,500.0,10.45,S
2021-06-09T09:52:55,2700.0,10.45,S
2021-06-09T09:52:55,300.0,10.45,S
2021-06-09T09:52:52,100.0,10.5,B
2021-06-09T09:52:47,1000.0,10.5,B
2021-06-09T09:52:46,300.0,10.45,S
2021-06-09T09:52:31,200.0,10.5,B
2021-06-09T09:52:29,100.0,10.5,B
2021-06-09T09:52:27,100.0,10.5,B
2021-06-09T09:52:24,500.0,10.45,S
2021-06-09T09:52:22,100.0,10.45,S
2021-06-09T09:52:19,100.0,10.5,B
2021-06-09T09:52:18,4000.0,10.5,B
2021-06-09T09:52:13,100.0,10.5,B
2021-06-09T09:52:09,200.0,10.5,B
2021-06-09T09:52:01,500.0,10.45,S
2021-06-09T09:52:00,600.0,10.5,B
2021-06-09T09:51:57,1000.0,10.5,B
2021-06-09T09:51:35,20000.0,10.5,B
2021-06-09T09:51:29,500.0,10.45,S
2021-06-09T09:51:26,700.0,10.5,B
2021-06-09T09:51:20,2000.0,10.5,B
2021-06-09T09:51:18,500.0,10.45,S
2021-06-09T09:51:15,400.0,10.5,B
2021-06-09T09:51:11,100.0,10.5,B
2021-06-09T09:51:09,100.0,10.45,S
2021-06-09T09:51:09,900.0,10.45,S
2021-06-09T09:50:58,1000.0,10.5,B
2021-06-09T09:50:54,2000.0,10.45,S
2021-06-09T09:50:51,1000.0,10.5,B
2021-06-09T09:50:42,800.0,10.5,B
2021-06-09T09:50:41,200.0,10.5,B
2021-06-09T09:50:36,500.0,10.5,B
2021-06-09T09:50:34,1000.0,10.45,S
2021-06-09T09:50:33,100.0,10.5,B
2021-06-09T09:50:28,200.0,10.5,S
2021-06-09T09:50:28,100.0,10.5,S
2021-06-09T09:50:26,3000.0,10.45,S
2021-06-09T09:50:21,100.0,10.5,S
2021-06-09T09:50:15,100.0,10.5,S
2021-06-09T09:50:10,3000.0,10.45,S
2021-06-09T09:50:09,1000.0,10.5,S
2021-06-09T09:50:06,500.0,10.5,S
2021-06-09T09:50:05,500.0,10.5,S
2021-06-09T09:50:04,2000.0,10.5,S
2021-06-09T09:50:04,2000.0,10.45,S
2021-06-09T09:50:03,500.0,10.5,S
2021-06-09T09:50:00,2000.0,10.5,S
2021-06-09T09:49:59,200.0,10.5,S
2021-06-09T09:49:55,1000.0,10.45,S
2021-06-09T09:49:51,400.0,10.5,S
2021-06-09T09:49:50,1200.0,10.45,S
2021-06-09T09:49:45,1000.0,10.5,S
2021-06-09T09:49:43,200.0,10.5,S
2021-06-09T09:49:39,200.0,10.5,S
2021-06-09T09:49:39,500.0,10.5,S
2021-06-09T09:49:29,100.0,10.45,S
2021-06-09T09:49:27,100.0,10.5,S
2021-06-09T09:49:22,800.0,10.45,S
2021-06-09T09:49:09,100.0,10.5,S
2021-06-09T09:48:57,2000.0,10.5,S
2021-06-09T09:48:43,100.0,10.45,S
2021-06-09T09:48:41,1000.0,10.5,S
2021-06-09T09:48:39,4900.0,10.45,S
2021-06-09T09:48:37,300.0,10.5,S
2021-06-09T09:48:31,2300.0,10.5,S
2021-06-09T09:48:27,1000.0,10.5,S
2021-06-09T09:48:23,5700.0,10.45,S
2021-06-09T09:48:07,200.0,10.5,S
2021-06-09T09:48:02,100.0,10.5,S
2021-06-09T09:48:01,100.0,10.5,S
2021-06-09T09:48:00,100.0,10.5,S
2021-06-09T09:47:58,6900.0,10.45,S
2021-06-09T09:47:10,500.0,10.45,S
2021-06-09T09:47:02,100.0,10.5,S
2021-06-09T09:46:58,400.0,10.45,S
2021-06-09T09:46:45,600.0,10.5,S
2021-06-09T09:46:38,10000.0,10.45,S
2021-06-09T09:46:30,1000.0,10.5,S
2021-06-09T09:46:21,300.0,10.5,S
2021-06-09T09:46:18,100.0,10.5,S
2021-06-09T09:46:13,1000.0,10.45,S
2021-06-09T09:45:59,20000.0,10.5,S
2021-06-09T09:45:58,1000.0,10.45,S
2021-06-09T09:45:29,1000.0,10.5,S
2021-06-09T09:45:29,6300.0,10.5,S
2021-06-09T09:45:21,2500.0,10.5,S
2021-06-09T09:45:20,500.0,10.5,S
2021-06-09T09:45:06,900.0,10.5,S
2021-06-09T09:45:03,1100.0,10.5,S
2021-06-09T09:44:46,1000.0,10.5,S
2021-06-09T09:44:46,1000.0,10.5,S
2021-06-09T09:44:46,1000.0,10.5,S
2021-06-09T09:44:34,300.0,10.55,B
2021-06-09T09:44:21,2000.0,10.55,B
2021-06-09T09:44:20,100.0,10.45,S
2021-06-09T09:44:16,1300.0,10.45,S
2021-06-09T09:44:05,2500.0,10.55,B
2021-06-09T09:44:04,17500.0,10.5,S
2021-06-09T09:43:54,2000.0,10.5,S
2021-06-09T09:43:54,1000.0,10.5,S
2021-06-09T09:43:46,4000.0,10.5,S
2021-06-09T09:43:34,100.0,10.5,S
2021-06-09T09:43:29,500.0,10.5,S
2021-06-09T09:43:25,74900.0,10.5,S
2021-06-09T09:43:10,500.0,10.55,B
2021-06-09T09:42:56,200.0,10.55,B
2021-06-09T09:42:44,300.0,10.5,S
2021-06-09T09:42:39,7000.0,10.55,S
2021-06-09T09:42:37,1000.0,10.55,S
2021-06-09T09:42:36,2000.0,10.55,S
2021-06-09T09:42:30,2000.0,10.5,S
2021-06-09T09:42:18,2000.0,10.5,S
2021-06-09T09:42:14,4000.0,10.5,S
2021-06-09T09:42:14,600.0,10.5,S
2021-06-09T09:42:05,200.0,10.55,S
2021-06-09T09:42:02,1000.0,10.5,S
2021-06-09T09:41:47,100.0,10.55,S
2021-06-09T09:41:45,200.0,10.55,S
2021-06-09T09:41:22,500.0,10.55,S
2021-06-09T09:41:18,200.0,10.5,S
2021-06-09T09:40:54,65600.0,10.5,S
2021-06-09T09:40:38,100.0,10.5,S
2021-06-09T09:40:37,1000.0,10.5,S
2021-06-09T09:40:25,200.0,10.45,S
2021-06-09T09:40:24,1000.0,10.5,S
2021-06-09T09:40:02,100.0,10.5,S
2021-06-09T09:39:55,300.0,10.5,S
2021-06-09T09:39:39,600.0,10.45,S
2021-06-09T09:39:38,1100.0,10.5,S
2021-06-09T09:39:38,36100.0,10.5,S
2021-06-09T09:39:38,1600.0,10.5,S
2021-06-09T09:39:38,23800.0,10.5,S
2021-06-09T09:39:38,5200.0,10.5,S
2021-06-09T09:39:38,700.0,10.5,S
2021-06-09T09:39:38,6700.0,10.5,S
2021-06-09T09:39:38,10000.0,10.5,S
2021-06-09T09:39:38,152900.0,10.5,S
2021-06-09T09:39:38,50100.0,10.5,S
2021-06-09T09:39:37,11700.0,10.5,S
2021-06-09T09:39:37,1200.0,10.5,S
2021-06-09T09:39:37,7000.0,10.5,S
2021-06-09T09:39:37,4100.0,10.5,S
2021-06-09T09:39:37,5300.0,10.5,S
2021-06-09T09:39:37,3200.0,10.5,S
2021-06-09T09:39:37,5600.0,10.5,S
2021-06-09T09:39:37,11400.0,10.5,S
2021-06-09T09:39:09,2000.0,10.55,S
2021-06-09T09:39:06,2000.0,10.5,S
2021-06-09T09:38:20,100.0,10.55,S
2021-06-09T09:38:15,500.0,10.55,S
2021-06-09T09:38:11,1000.0,10.55,S
2021-06-09T09:38:06,10000.0,10.5,S
2021-06-09T09:38:03,5000.0,10.55,S
2021-06-09T09:38:03,11100.0,10.55,S
2021-06-09T09:37:57,3000.0,10.55,S
2021-06-09T09:37:46,3000.0,10.55,S
2021-06-09T09:37:39,1700.0,10.55,S
2021-06-09T09:37:22,100.0,10.6,B
2021-06-09T09:37:15,1000.0,10.6,B
2021-06-09T09:37:07,1000.0,10.55,S
2021-06-09T09:36:58,1000.0,10.6,B
2021-06-09T09:36:57,500.0,10.55,S
2021-06-09T09:36:34,100.0,10.55,S
2021-06-09T09:36:18,9100.0,10.55,S
2021-06-09T09:36:01,300.0,10.6,B
2021-06-09T09:36:00,2500.0,10.55,S
2021-06-09T09:36:00,1100.0,10.55,S
2021-06-09T09:36:00,400.0,10.55,S
2021-06-09T09:36:00,13800.0,10.55,S
2021-06-09T09:36:00,1300.0,10.55,S
2021-06-09T09:35:59,20900.0,10.55,S
2021-06-09T09:35:59,1000.0,10.55,S
2021-06-09T09:35:54,200.0,10.55,S
2021-06-09T09:35:53,100.0,10.6,B
2021-06-09T09:35:48,500.0,10.6,B
2021-06-09T09:35:13,100.0,10.6,B
2021-06-09T09:34:57,1000.0,10.6,B
2021-06-09T09:34:54,1000.0,10.55,S
2021-06-09T09:34:54,300.0,10.55,S
2021-06-09T09:34:47,200.0,10.6,B
2021-06-09T09:34:30,200.0,10.6,B
2021-06-09T09:34:23,100.0,10.6,S
2021-06-09T09:34:20,1000.0,10.6,S
2021-06-09T09:33:27,500.0,10.6,S
2021-06-09T09:32:58,100.0,10.6,S
2021-06-09T09:32:55,1000.0,10.55,S
2021-06-09T09:32:49,300.0,10.6,S
2021-06-09T09:32:44,500.0,10.6,S
2021-06-09T09:32:18,600.0,10.6,S
2021-06-09T09:32:00,100.0,10.6,S
2021-06-09T09:31:49,1000.0,10.6,S
2021-06-09T09:31:48,100.0,10.6,S
2021-06-09T09:31:36,1000.0,10.6,S
2021-06-09T09:31:32,1000.0,10.6,S
2021-06-09T09:31:29,2100.0,10.6,S
2021-06-09T09:31:11,1000.0,10.65,B
2021-06-09T09:30:53,1000.0,10.6,S
2021-06-09T09:30:45,8400.0,10.6,S
2021-06-09T09:30:45,5800.0,10.6,S
2021-06-09T09:30:45,35800.0,10.6,S
2021-06-09T09:30:37,4000.0,10.6,S
2021-06-09T09:30:35,20000.0,10.6,S
2021-06-09T09:30:22,1000.0,10.6,S
2021-06-09T09:30:22,100.0,10.65,B
2021-06-09T09:29:51,9900.0,10.6,S
2021-06-09T09:29:48,1000.0,10.6,S
2021-06-09T09:29:48,1000.0,10.65,B
2021-06-09T09:29:34,1000.0,10.6,S
2021-06-09T09:29:25,800.0,10.6,S
2021-06-09T09:29:19,4000.0,10.6,S
2021-06-09T09:29:19,100.0,10.6,S
2021-06-09T09:29:19,25900.0,10.6,S
2021-06-09T09:29:08,700.0,10.6,S
2021-06-09T09:28:46,400.0,10.6,S
2021-06-09T09:28:46,800.0,10.6,S
2021-06-09T09:28:46,800.0,10.6,S
2021-06-09T09:28:03,1300.0,10.6,S
2021-06-09T09:27:52,500.0,10.6,S
2021-06-09T09:27:47,10000.0,10.6,S
2021-06-09T09:27:42,5000.0,10.6,S
2021-06-09T09:27:09,200.0,10.65,B
2021-06-09T09:26:49,1500.0,10.6,S
2021-06-09T09:26:49,3100.0,10.6,S
2021-06-09T09:26:49,1100.0,10.6,S
2021-06-09T09:26:49,14300.0,10.6,S
2021-06-09T09:26:26,1000.0,10.6,S
2021-06-09T09:26:25,1000.0,10.65,B
2021-06-09T09:26:02,1000.0,10.6,S
2021-06-09T09:25:59,5500.0,10.65,B
2021-06-09T09:25:48,100.0,10.65,S
2021-06-09T09:25:41,10000.0,10.65,S
2021-06-09T09:25:30,100.0,10.65,S
2021-06-09T09:24:48,1200.0,10.65,S
2021-06-09T09:24:41,100.0,10.6,S
2021-06-09T09:24:33,400.0,10.65,S
2021-06-09T09:24:29,1000.0,10.65,S
2021-06-09T09:24:17,1000.0,10.65,S
2021-06-09T09:23:46,100.0,10.65,S
2021-06-09T09:23:36,1100.0,10.65,S
2021-06-09T09:23:31,2000.0,10.65,S
2021-06-09T09:23:28,24000.0,10.6,S
2021-06-09T09:23:17,500.0,10.65,S
2021-06-09T09:23:13,100.0,10.65,S
2021-06-09T09:22:34,5000.0,10.7,B
2021-06-09T09:22:32,3300.0,10.65,S
2021-06-09T09:22:32,1000.0,10.65,S
2021-06-09T09:22:12,900.0,10.65,S
2021-06-09T09:22:07,2000.0,10.6,S
2021-06-09T09:21:56,1300.0,10.65,S
2021-06-09T09:21:50,1600.0,10.7,B
2021-06-09T09:21:43,1100.0,10.65,S
2021-06-09T09:21:43,1700.0,10.65,S
2021-06-09T09:21:43,600.0,10.65,S
2021-06-09T09:21:39,1900.0,10.65,S
2021-06-09T09:21:35,5000.0,10.65,S
2021-06-09T09:21:35,200.0,10.65,S
2021-06-09T09:21:14,100.0,10.65,S
2021-06-09T09:21:13,9300.0,10.6,S
2021-06-09T09:21:11,5300.0,10.65,S
2021-06-09T09:21:06,3000.0,10.65,S
2021-06-09T09:20:55,10000.0,10.6,S
2021-06-09T09:20:47,300.0,10.65,S
2021-06-09T09:20:38,1000.0,10.65,S
2021-06-09T09:20:26,200.0,10.6,S
2021-06-09T09:20:23,2000.0,10.6,S
2021-06-09T09:20:16,1800.0,10.65,S
2021-06-09T09:20:13,5000.0,10.65,S
2021-06-09T09:20:10,6600.0,10.6,S
2021-06-09T09:20:05,1000.0,10.65,S
2021-06-09T09:20:04,100.0,10.65,S
2021-06-09T09:19:42,100.0,10.65,S
2021-06-09T09:19:37,200.0,10.65,S
2021-06-09T09:19:32,4000.0,10.65,S
2021-06-09T09:19:26,4900.0,10.65,S
2021-06-09T09:19:18,3200.0,10.7,B
2021-06-09T09:19:18,1200.0,10.7,B
2021-06-09T09:19:18,1400.0,10.7,B
2021-06-09T09:19:18,200.0,10.7,B
2021-06-09T09:19:18,4000.0,10.7,B
2021-06-09T09:19:17,2000.0,10.65,S
2021-06-09T09:18:38,400.0,10.65,S
2021-06-09T09:18:31,25000.0,10.65,S
2021-06-09T09:18:28,1000.0,10.65,S
2021-06-09T09:18:27,1000.0,10.65,S
2021-06-09T09:18:18,2000.0,10.65,B
2021-06-09T09:18:15,2900.0,10.7,B
2021-06-09T09:18:14,100.0,10.65,B
2021-06-09T09:18:14,1000.0,10.65,B
2021-06-09T09:18:14,16700.0,10.65,B
2021-06-09T09:17:37,500.0,10.6,S
2021-06-09T09:17:29,3000.0,10.65,B
2021-06-09T09:17:27,100.0,10.6,S
2021-06-09T09:17:27,3000.0,10.6,S
2021-06-09T09:17:26,4000.0,10.6,S
2021-06-09T09:17:22,2000.0,10.6,S
2021-06-09T09:17:11,500.0,10.6,S
2021-06-09T09:16:57,100.0,10.6,S
2021-06-09T09:16:01,2000.0,10.6,S
2021-06-09T09:15:51,2000.0,10.6,S
2021-06-09T09:15:51,1000.0,10.65,B
2021-06-09T09:15:49,1000.0,10.6,S
2021-06-09T09:15:45,20000.0,10.6,S
2021-06-09T09:15:45,2000.0,10.6,S
2021-06-09T09:15:44,4100.0,10.6,S
2021-06-09T09:15:44,2000.0,10.6,S
