tradingTime,volume,price,side
2021-06-09T14:29:31,500.0,7.1,B
2021-06-09T14:28:18,2000.0,7.1,B
2021-06-09T14:27:12,1000.0,7.0,S
2021-06-09T14:26:08,2000.0,7.1,B
2021-06-09T14:25:56,100.0,7.1,B
2021-06-09T14:25:55,40000.0,7.0,S
2021-06-09T14:24:36,1100.0,7.1,B
2021-06-09T14:22:49,900.0,7.1,B
2021-06-09T14:21:50,500.0,7.1,B
2021-06-09T14:20:49,1800.0,7.1,B
2021-06-09T14:19:22,300.0,7.0,S
2021-06-09T14:19:00,2000.0,7.1,B
2021-06-09T14:18:49,2000.0,7.1,B
2021-06-09T14:18:42,1000.0,7.0,S
2021-06-09T14:18:34,200.0,7.1,B
2021-06-09T14:15:59,500.0,7.0,S
2021-06-09T14:15:34,1600.0,7.1,B
2021-06-09T14:15:30,100.0,7.1,B
2021-06-09T14:14:32,200.0,7.1,S
2021-06-09T14:14:00,5400.0,7.1,B
2021-06-09T14:13:56,1500.0,7.0,S
2021-06-09T14:13:50,26000.0,7.1,B
2021-06-09T14:13:08,1000.0,7.1,B
2021-06-09T14:12:45,300.0,7.1,B
2021-06-09T14:12:11,200.0,7.1,B
2021-06-09T14:11:50,900.0,7.1,B
2021-06-09T14:11:48,5400.0,7.1,B
2021-06-09T14:11:46,5000.0,7.1,S
2021-06-09T14:11:37,20000.0,7.1,S
2021-06-09T14:11:35,5000.0,7.1,S
2021-06-09T14:11:15,500.0,7.1,S
2021-06-09T14:11:04,100000.0,7.1,S
2021-06-09T14:11:02,10000.0,7.1,S
2021-06-09T14:10:58,35000.0,7.1,S
2021-06-09T14:10:52,500.0,7.1,S
2021-06-09T14:10:50,1000.0,7.1,S
2021-06-09T14:09:43,20000.0,7.1,S
2021-06-09T14:08:59,800.0,7.1,S
2021-06-09T14:08:33,1000.0,7.2,B
2021-06-09T14:07:48,1100.0,7.1,S
2021-06-09T14:07:06,2000.0,7.1,S
2021-06-09T14:06:57,700.0,7.1,S
2021-06-09T14:06:40,300.0,7.1,S
2021-06-09T14:06:32,500.0,7.1,S
2021-06-09T14:06:14,600.0,7.1,S
2021-06-09T14:05:53,300.0,7.1,S
2021-06-09T14:04:50,200.0,7.1,S
2021-06-09T14:04:13,200.0,7.1,S
2021-06-09T14:01:45,1700.0,7.1,S
2021-06-09T14:01:15,700.0,7.2,B
2021-06-09T14:01:11,7000.0,7.1,S
2021-06-09T14:01:06,300.0,7.1,S
2021-06-09T13:58:51,1000.0,7.1,S
2021-06-09T13:58:41,13100.0,7.1,S
2021-06-09T13:58:28,200.0,7.1,B
2021-06-09T13:57:43,12500.0,7.1,B
2021-06-09T13:57:21,3000.0,7.1,S
2021-06-09T13:57:14,15000.0,7.1,S
2021-06-09T13:57:02,30000.0,7.1,S
2021-06-09T13:56:03,200.0,7.1,S
2021-06-09T13:55:59,5000.0,7.1,S
2021-06-09T13:55:58,8500.0,7.1,S
2021-06-09T13:55:54,2000.0,7.1,S
2021-06-09T13:53:57,1000.0,7.1,S
2021-06-09T13:53:48,2000.0,7.1,S
2021-06-09T13:53:44,5000.0,7.1,S
2021-06-09T13:53:25,1500.0,7.1,S
2021-06-09T13:53:11,15000.0,7.1,S
2021-06-09T13:52:46,500.0,7.1,S
2021-06-09T13:52:29,1400.0,7.1,S
2021-06-09T13:52:12,1500.0,7.1,S
2021-06-09T13:50:44,1500.0,7.1,S
2021-06-09T13:50:07,1000.0,7.2,B
2021-06-09T13:50:04,800.0,7.2,B
2021-06-09T13:49:06,100.0,7.2,B
2021-06-09T13:47:38,1000.0,7.1,S
2021-06-09T13:47:32,1400.0,7.2,B
2021-06-09T13:47:25,10000.0,7.1,S
2021-06-09T13:46:52,1000.0,7.1,S
2021-06-09T13:46:19,4000.0,7.1,S
2021-06-09T13:45:52,100.0,7.1,S
2021-06-09T13:45:14,100.0,7.1,S
2021-06-09T13:45:11,1000.0,7.2,B
2021-06-09T13:44:44,1000.0,7.2,B
2021-06-09T13:44:11,200.0,7.2,B
2021-06-09T13:43:36,100.0,7.2,B
2021-06-09T13:42:13,300.0,7.2,B
2021-06-09T13:41:59,3600.0,7.1,S
2021-06-09T13:41:52,2000.0,7.1,S
2021-06-09T13:40:36,11400.0,7.1,B
2021-06-09T13:39:52,100.0,7.1,B
2021-06-09T13:39:17,500.0,7.1,B
2021-06-09T13:39:12,1000.0,7.1,B
2021-06-09T13:39:09,10000.0,7.1,B
2021-06-09T13:39:01,500.0,7.1,B
2021-06-09T13:38:49,300.0,7.1,B
2021-06-09T13:38:46,1500.0,7.1,B
2021-06-09T13:38:41,1800.0,7.1,B
2021-06-09T13:38:36,1500.0,7.1,B
2021-06-09T13:38:27,1500.0,7.1,B
2021-06-09T13:38:25,1000.0,7.1,B
2021-06-09T13:38:23,1000.0,7.1,B
2021-06-09T13:38:18,1000.0,7.1,B
2021-06-09T13:38:07,2000.0,7.1,B
2021-06-09T13:38:04,1000.0,7.1,B
2021-06-09T13:38:02,2000.0,7.1,B
2021-06-09T13:38:01,300.0,7.1,B
2021-06-09T13:37:57,1000.0,7.1,B
2021-06-09T13:37:54,1000.0,7.1,B
2021-06-09T13:37:53,100.0,7.1,B
2021-06-09T13:37:47,5000.0,7.1,B
2021-06-09T13:37:45,5000.0,7.1,B
2021-06-09T13:37:43,200.0,7.1,B
2021-06-09T13:37:41,10000.0,7.1,B
2021-06-09T13:37:40,1000.0,7.1,B
2021-06-09T13:37:40,3000.0,7.1,B
2021-06-09T13:37:35,1500.0,7.1,B
2021-06-09T13:37:29,20000.0,7.1,B
2021-06-09T13:37:27,90000.0,7.1,B
2021-06-09T13:37:27,15000.0,7.1,B
2021-06-09T13:37:15,15000.0,7.1,B
2021-06-09T13:37:11,20000.0,7.1,B
2021-06-09T13:37:03,100.0,7.1,B
2021-06-09T13:36:59,10000.0,7.1,B
2021-06-09T13:36:56,3000.0,7.1,B
2021-06-09T13:36:52,50000.0,7.1,B
2021-06-09T13:36:42,3800.0,7.1,B
2021-06-09T13:36:27,100.0,7.1,B
2021-06-09T13:36:21,2000.0,7.1,B
2021-06-09T13:36:16,12000.0,7.1,B
2021-06-09T13:35:58,500.0,7.1,B
2021-06-09T13:35:57,5000.0,7.1,B
2021-06-09T13:35:26,1300.0,7.1,B
2021-06-09T13:34:53,100.0,7.0,S
2021-06-09T13:34:03,1100.0,7.0,S
2021-06-09T13:33:21,100.0,7.1,B
2021-06-09T13:32:46,400.0,7.1,B
2021-06-09T13:32:27,400.0,7.1,B
2021-06-09T13:31:07,1400.0,7.1,B
2021-06-09T13:30:35,100.0,7.1,B
2021-06-09T13:30:21,14000.0,7.0,S
2021-06-09T13:29:21,100.0,7.1,B
2021-06-09T13:28:34,1000.0,7.1,B
2021-06-09T13:28:14,7000.0,7.1,B
2021-06-09T13:27:45,200.0,7.1,B
2021-06-09T13:27:32,600.0,7.1,B
2021-06-09T13:27:29,100.0,7.1,B
2021-06-09T13:26:54,1400.0,7.0,S
2021-06-09T13:26:21,100.0,7.0,S
2021-06-09T13:25:27,100.0,7.1,B
2021-06-09T13:25:26,10000.0,7.0,S
2021-06-09T13:24:56,200.0,7.1,B
2021-06-09T13:24:37,1000.0,7.1,B
2021-06-09T13:23:52,1000.0,7.1,B
2021-06-09T13:23:43,500.0,7.1,B
2021-06-09T13:23:30,10000.0,7.1,B
2021-06-09T13:23:23,1100.0,7.1,B
2021-06-09T13:22:56,5000.0,7.1,B
2021-06-09T13:22:56,6500.0,7.1,B
2021-06-09T13:22:38,500.0,7.1,B
2021-06-09T13:22:22,10000.0,7.1,B
2021-06-09T13:22:11,10000.0,7.1,B
2021-06-09T13:21:06,200.0,7.1,B
2021-06-09T13:20:45,1000.0,7.1,B
2021-06-09T13:20:03,100.0,7.1,B
2021-06-09T13:19:24,1000.0,7.1,B
2021-06-09T13:19:13,1000.0,7.1,B
2021-06-09T13:19:05,1000.0,7.1,B
2021-06-09T13:19:03,3000.0,7.1,B
2021-06-09T13:18:52,1000.0,7.1,B
2021-06-09T13:18:24,5000.0,7.1,B
2021-06-09T13:18:23,600.0,7.0,S
2021-06-09T13:18:17,1000.0,7.1,B
2021-06-09T13:17:45,200.0,7.1,B
2021-06-09T13:17:09,1000.0,7.1,B
2021-06-09T13:16:46,2000.0,7.1,B
2021-06-09T13:16:46,2500.0,7.1,B
2021-06-09T13:16:40,200.0,7.1,B
2021-06-09T13:16:22,300.0,7.1,B
2021-06-09T13:16:18,300.0,7.1,B
2021-06-09T13:16:11,20000.0,7.1,B
2021-06-09T13:16:05,1200.0,7.1,B
2021-06-09T13:15:37,8000.0,7.1,B
2021-06-09T13:15:31,5000.0,7.1,B
2021-06-09T13:15:24,200.0,7.1,B
2021-06-09T13:14:52,5000.0,7.1,B
2021-06-09T13:14:45,100.0,7.1,B
2021-06-09T13:14:17,400.0,7.1,B
2021-06-09T13:13:49,2000.0,7.1,B
2021-06-09T13:13:45,2800.0,7.1,B
2021-06-09T13:13:42,5000.0,7.1,B
2021-06-09T13:13:39,10000.0,7.1,B
2021-06-09T13:13:37,4000.0,7.1,B
2021-06-09T13:13:32,3000.0,7.1,B
2021-06-09T13:13:25,20000.0,7.1,B
2021-06-09T13:13:19,4200.0,7.1,B
2021-06-09T13:13:15,500.0,7.1,B
2021-06-09T13:13:11,100.0,7.1,B
2021-06-09T13:13:10,10000.0,7.1,B
2021-06-09T13:13:06,1500.0,7.1,B
2021-06-09T13:13:04,20000.0,7.1,B
2021-06-09T13:13:03,200.0,7.1,B
2021-06-09T13:13:00,1000.0,7.1,B
2021-06-09T13:13:00,3000.0,7.1,B
2021-06-09T13:12:55,1000.0,7.1,B
2021-06-09T13:12:53,2000.0,7.1,B
2021-06-09T13:12:52,1000.0,7.1,B
2021-06-09T13:12:48,27000.0,7.1,B
2021-06-09T13:12:46,1000.0,7.1,B
2021-06-09T13:12:37,10000.0,7.1,B
2021-06-09T13:12:32,20000.0,7.1,B
2021-06-09T13:12:30,200.0,7.1,B
2021-06-09T13:12:29,10100.0,7.1,B
2021-06-09T13:12:25,14000.0,7.1,B
2021-06-09T13:12:24,4600.0,7.1,B
2021-06-09T13:12:12,50000.0,7.1,B
2021-06-09T13:11:56,5000.0,7.1,B
2021-06-09T13:11:38,100000.0,7.1,B
2021-06-09T13:11:29,300.0,7.1,B
2021-06-09T13:11:13,2000.0,7.1,B
2021-06-09T13:10:52,1000.0,7.1,B
2021-06-09T13:09:54,1500.0,7.1,B
2021-06-09T13:09:48,20000.0,7.1,B
2021-06-09T13:09:25,600.0,7.1,B
2021-06-09T13:09:24,20000.0,7.1,B
2021-06-09T13:09:12,20000.0,7.1,B
2021-06-09T13:09:08,100.0,7.1,B
2021-06-09T13:09:03,20000.0,7.1,B
2021-06-09T13:08:49,20000.0,7.1,B
2021-06-09T13:08:21,1500.0,7.1,B
2021-06-09T13:07:09,2000.0,7.1,B
2021-06-09T13:06:05,900.0,7.1,B
2021-06-09T13:05:56,100.0,7.1,B
2021-06-09T13:05:39,100.0,7.1,B
2021-06-09T13:05:32,100.0,7.1,B
2021-06-09T13:05:25,100.0,7.1,B
2021-06-09T13:04:46,200.0,7.1,B
2021-06-09T13:03:24,57000.0,7.0,S
2021-06-09T13:02:26,500.0,7.0,S
2021-06-09T13:00:50,700.0,7.0,S
2021-06-09T13:00:09,300.0,7.0,S
2021-06-09T13:00:08,10000.0,7.0,S
2021-06-09T11:26:18,5000.0,7.0,S
2021-06-09T11:24:51,2000.0,7.0,S
2021-06-09T11:24:49,300.0,7.0,S
2021-06-09T11:23:58,2000.0,7.0,S
2021-06-09T11:22:01,214000.0,7.0,S
2021-06-09T11:21:47,2000.0,7.0,S
2021-06-09T11:20:44,3000.0,7.1,B
2021-06-09T11:19:37,500.0,7.1,B
2021-06-09T11:18:40,1000.0,7.1,B
2021-06-09T11:17:47,100.0,7.1,B
2021-06-09T11:17:24,2000.0,7.1,B
2021-06-09T11:17:23,900.0,7.0,S
2021-06-09T11:16:40,800.0,7.1,B
2021-06-09T11:16:09,2000.0,7.1,B
2021-06-09T11:15:33,10000.0,7.1,B
2021-06-09T11:14:55,500.0,7.1,B
2021-06-09T11:14:38,1000.0,7.1,B
2021-06-09T11:14:12,100.0,7.1,B
2021-06-09T11:14:04,15000.0,7.1,B
2021-06-09T11:13:31,100.0,7.1,B
2021-06-09T11:13:16,1000.0,7.1,B
2021-06-09T11:13:10,253100.0,7.1,S
2021-06-09T11:12:00,200.0,7.1,S
2021-06-09T11:11:54,2000.0,7.1,S
2021-06-09T11:11:10,1800.0,7.1,S
2021-06-09T11:10:17,500.0,7.2,B
2021-06-09T11:09:56,50000.0,7.2,B
2021-06-09T11:08:42,1000.0,7.2,B
2021-06-09T11:08:06,1800.0,7.2,B
2021-06-09T11:07:11,100.0,7.2,B
2021-06-09T11:06:05,100.0,7.2,S
2021-06-09T11:05:51,1000.0,7.2,B
2021-06-09T11:05:13,1800.0,7.2,B
2021-06-09T11:05:05,1000.0,7.2,B
2021-06-09T11:04:59,10000.0,7.2,B
2021-06-09T11:04:51,100.0,7.2,B
2021-06-09T11:04:19,500.0,7.1,S
2021-06-09T11:03:39,7600.0,7.2,B
2021-06-09T11:03:29,200.0,7.2,B
2021-06-09T11:03:24,100.0,7.2,B
2021-06-09T11:02:50,1500.0,7.2,B
2021-06-09T11:02:19,5000.0,7.2,B
2021-06-09T11:02:18,300.0,7.2,B
2021-06-09T11:02:15,1000.0,7.2,B
2021-06-09T11:01:56,100.0,7.2,B
2021-06-09T11:01:39,50000.0,7.2,B
2021-06-09T11:01:22,1000.0,7.2,B
2021-06-09T11:01:12,2000.0,7.2,B
2021-06-09T11:00:39,6000.0,7.2,B
2021-06-09T11:00:20,1000.0,7.2,B
2021-06-09T10:59:56,100.0,7.2,B
2021-06-09T10:59:28,80000.0,7.2,B
2021-06-09T10:59:13,8000.0,7.2,B
2021-06-09T10:58:54,100.0,7.2,B
2021-06-09T10:58:35,20000.0,7.1,S
2021-06-09T10:57:28,600.0,7.2,B
2021-06-09T10:56:26,3500.0,7.1,S
2021-06-09T10:56:22,1000.0,7.2,B
2021-06-09T10:55:44,4900.0,7.2,B
2021-06-09T10:55:17,500.0,7.2,B
2021-06-09T10:55:13,2000.0,7.2,B
2021-06-09T10:54:17,300.0,7.2,B
2021-06-09T10:54:05,5000.0,7.1,S
2021-06-09T10:54:02,30000.0,7.1,B
2021-06-09T10:53:57,1300.0,7.1,B
2021-06-09T10:53:57,4500.0,7.1,B
2021-06-09T10:53:56,3000.0,7.1,B
2021-06-09T10:53:54,5000.0,7.1,B
2021-06-09T10:53:52,800.0,7.1,B
2021-06-09T10:53:46,3000.0,7.1,B
2021-06-09T10:53:42,8000.0,7.1,B
2021-06-09T10:53:38,700.0,7.1,B
2021-06-09T10:53:31,20000.0,7.1,B
2021-06-09T10:53:24,2100.0,7.1,B
2021-06-09T10:53:20,100.0,7.1,B
2021-06-09T10:53:15,100.0,7.1,B
2021-06-09T10:53:12,100.0,7.1,B
2021-06-09T10:53:12,10000.0,7.1,B
2021-06-09T10:53:08,5000.0,7.1,B
2021-06-09T10:53:02,2800.0,7.1,B
2021-06-09T10:53:01,5000.0,7.1,B
2021-06-09T10:52:57,20000.0,7.1,B
2021-06-09T10:52:56,200.0,7.1,B
2021-06-09T10:52:56,5000.0,7.1,B
2021-06-09T10:52:46,2000.0,7.1,B
2021-06-09T10:52:44,4000.0,7.1,B
2021-06-09T10:52:42,1500.0,7.1,B
2021-06-09T10:52:41,3000.0,7.1,B
2021-06-09T10:52:39,5600.0,7.1,B
2021-06-09T10:52:38,4400.0,7.1,B
2021-06-09T10:52:32,20000.0,7.1,B
2021-06-09T10:52:28,100000.0,7.1,B
2021-06-09T10:52:26,5000.0,7.1,B
2021-06-09T10:52:19,3400.0,7.1,B
2021-06-09T10:52:17,30000.0,7.1,B
2021-06-09T10:52:15,20000.0,7.1,B
2021-06-09T10:52:15,13000.0,7.1,B
2021-06-09T10:52:07,4000.0,7.1,B
2021-06-09T10:52:06,7800.0,7.1,B
2021-06-09T10:51:57,10000.0,7.1,B
2021-06-09T10:51:53,100.0,7.1,B
2021-06-09T10:51:51,10000.0,7.1,B
2021-06-09T10:51:48,7900.0,7.1,B
2021-06-09T10:51:37,1000.0,7.1,B
2021-06-09T10:51:34,2000.0,7.1,B
2021-06-09T10:51:31,700.0,7.1,B
2021-06-09T10:51:29,100000.0,7.1,B
2021-06-09T10:51:25,500.0,7.1,B
2021-06-09T10:51:20,3800.0,7.1,B
2021-06-09T10:51:18,2500.0,7.1,B
2021-06-09T10:51:14,3000.0,7.1,B
2021-06-09T10:51:03,400.0,7.1,B
2021-06-09T10:50:48,1000.0,7.1,B
2021-06-09T10:50:42,1900.0,7.1,B
2021-06-09T10:50:37,500.0,7.1,B
2021-06-09T10:50:37,20000.0,7.1,B
2021-06-09T10:50:16,1300.0,7.1,B
2021-06-09T10:49:55,100.0,7.1,B
2021-06-09T10:49:51,300.0,7.1,B
2021-06-09T10:49:34,2000.0,7.1,B
2021-06-09T10:49:17,4000.0,7.1,B
2021-06-09T10:48:52,1000.0,7.1,B
2021-06-09T10:48:42,3000.0,7.1,B
2021-06-09T10:48:32,100.0,7.1,B
2021-06-09T10:48:31,3000.0,7.1,B
2021-06-09T10:48:14,300.0,7.1,B
2021-06-09T10:47:36,100.0,7.1,B
2021-06-09T10:47:14,100.0,7.0,S
2021-06-09T10:47:01,900.0,7.0,S
2021-06-09T10:46:23,2000.0,7.0,S
2021-06-09T10:46:00,5000.0,7.1,B
2021-06-09T10:45:43,300.0,7.0,S
2021-06-09T10:44:48,3500.0,7.0,S
2021-06-09T10:44:46,1000.0,7.1,B
2021-06-09T10:44:42,100.0,7.0,S
2021-06-09T10:43:36,2300.0,7.1,B
2021-06-09T10:43:33,10000.0,7.1,B
2021-06-09T10:43:04,6700.0,7.1,B
2021-06-09T10:42:40,5000.0,7.1,B
2021-06-09T10:41:45,100.0,7.1,B
2021-06-09T10:41:31,3000.0,7.1,B
2021-06-09T10:40:56,1100.0,7.1,B
2021-06-09T10:40:20,1500.0,7.0,S
2021-06-09T10:39:49,1000.0,7.0,S
2021-06-09T10:39:07,1000.0,7.1,B
2021-06-09T10:38:22,1000.0,7.1,B
2021-06-09T10:38:04,10000.0,7.0,S
2021-06-09T10:37:54,100.0,7.0,S
2021-06-09T10:36:52,1000.0,7.0,S
2021-06-09T10:36:01,5000.0,7.0,S
2021-06-09T10:34:44,200.0,7.0,S
2021-06-09T10:34:37,400.0,7.1,B
2021-06-09T10:34:31,10000.0,7.1,B
2021-06-09T10:34:06,500.0,7.1,B
2021-06-09T10:34:04,5000.0,7.1,B
2021-06-09T10:33:58,20000.0,7.1,B
2021-06-09T10:33:12,200.0,7.1,B
2021-06-09T10:32:52,200.0,7.1,B
2021-06-09T10:32:42,4100.0,7.1,B
2021-06-09T10:32:26,1000.0,7.1,B
2021-06-09T10:32:14,1000.0,7.1,B
2021-06-09T10:32:09,300.0,7.1,B
2021-06-09T10:31:55,10000.0,7.1,B
2021-06-09T10:31:37,400.0,7.1,B
2021-06-09T10:31:18,10000.0,7.1,B
2021-06-09T10:30:29,200.0,7.1,B
2021-06-09T10:29:40,1000.0,7.1,B
2021-06-09T10:29:17,200.0,7.1,B
2021-06-09T10:29:11,2000.0,7.1,B
2021-06-09T10:28:48,10000.0,7.1,B
2021-06-09T10:28:47,10000.0,7.1,B
2021-06-09T10:28:40,500.0,7.1,B
2021-06-09T10:28:39,10000.0,7.1,B
2021-06-09T10:28:33,5000.0,7.1,B
2021-06-09T10:28:27,700.0,7.1,B
2021-06-09T10:28:03,2500.0,7.1,B
2021-06-09T10:27:51,10000.0,7.1,B
2021-06-09T10:27:22,10000.0,7.1,B
2021-06-09T10:27:22,200.0,7.1,B
2021-06-09T10:27:08,200.0,7.1,B
2021-06-09T10:26:55,3000.0,7.1,B
2021-06-09T10:26:54,10000.0,7.1,B
2021-06-09T10:24:33,2000.0,7.1,B
2021-06-09T10:24:29,2000.0,7.1,B
2021-06-09T10:24:24,1000.0,7.1,B
2021-06-09T10:23:58,1000.0,7.1,B
2021-06-09T10:23:38,100.0,7.1,B
2021-06-09T10:23:24,10000.0,7.0,S
2021-06-09T10:22:35,1000.0,7.0,S
2021-06-09T10:21:46,800.0,7.0,S
2021-06-09T10:21:09,100.0,7.0,S
2021-06-09T10:20:15,4000.0,7.1,B
2021-06-09T10:19:47,100.0,7.1,B
2021-06-09T10:19:30,900.0,7.0,S
2021-06-09T10:18:15,2500.0,7.0,S
2021-06-09T10:17:48,10000.0,7.0,S
2021-06-09T10:16:41,1000.0,7.0,S
2021-06-09T10:16:09,100.0,7.0,S
2021-06-09T10:15:42,300.0,7.0,S
2021-06-09T10:15:38,500.0,7.1,B
2021-06-09T10:15:03,100.0,7.1,B
2021-06-09T10:13:32,2000.0,7.1,B
2021-06-09T10:13:06,200.0,7.1,B
2021-06-09T10:12:54,400.0,7.0,S
2021-06-09T10:12:51,200.0,7.1,B
2021-06-09T10:11:59,2900.0,7.1,B
2021-06-09T10:11:33,10000.0,7.0,S
2021-06-09T10:11:30,200.0,7.0,S
2021-06-09T10:10:55,7100.0,7.0,S
2021-06-09T10:09:46,5000.0,7.0,S
2021-06-09T10:09:34,100.0,7.0,S
2021-06-09T10:08:57,8000.0,7.0,S
2021-06-09T10:08:57,300.0,7.0,S
2021-06-09T10:08:35,1800.0,7.0,S
2021-06-09T10:08:34,50800.0,7.0,S
2021-06-09T10:07:30,500.0,7.0,S
2021-06-09T10:07:16,500.0,7.0,S
2021-06-09T10:07:10,2000.0,7.1,B
2021-06-09T10:06:46,5000.0,7.1,B
2021-06-09T10:06:02,100.0,7.1,B
2021-06-09T10:05:42,100.0,7.0,S
2021-06-09T10:05:34,500.0,7.0,S
2021-06-09T10:05:27,2000.0,7.0,S
2021-06-09T10:05:26,10000.0,7.0,S
2021-06-09T10:04:45,1000.0,7.0,S
2021-06-09T10:04:21,300.0,7.0,S
2021-06-09T10:04:08,500.0,7.0,S
2021-06-09T10:04:06,200.0,7.0,S
2021-06-09T10:03:42,59000.0,7.0,B
2021-06-09T10:02:49,100.0,6.9,S
2021-06-09T10:02:21,200.0,6.9,S
2021-06-09T10:02:15,500.0,7.0,B
2021-06-09T10:02:10,200000.0,7.0,B
2021-06-09T10:01:46,2500.0,7.0,B
2021-06-09T10:01:39,300.0,6.9,S
2021-06-09T10:01:16,5000.0,6.9,S
2021-06-09T10:00:53,200.0,6.9,S
2021-06-09T10:00:47,3300.0,6.9,S
2021-06-09T09:59:37,500.0,6.9,S
2021-06-09T09:59:26,1000.0,6.9,S
2021-06-09T09:58:25,2000.0,6.9,S
2021-06-09T09:58:21,500.0,6.9,S
2021-06-09T09:57:12,100.0,6.9,S
2021-06-09T09:56:55,100.0,7.0,B
2021-06-09T09:56:54,66000.0,6.9,S
2021-06-09T09:56:50,2000.0,6.9,S
2021-06-09T09:55:26,1000.0,6.9,S
2021-06-09T09:55:01,1000.0,6.9,S
2021-06-09T09:54:38,8200.0,6.9,S
2021-06-09T09:54:31,100.0,6.9,S
2021-06-09T09:54:28,500.0,6.9,S
2021-06-09T09:54:17,1200.0,6.9,S
2021-06-09T09:53:57,100.0,6.9,S
2021-06-09T09:53:12,10000.0,6.9,S
2021-06-09T09:52:54,50000.0,6.9,S
2021-06-09T09:52:36,3000.0,6.9,S
2021-06-09T09:52:15,10000.0,6.9,S
2021-06-09T09:51:42,500.0,6.9,S
2021-06-09T09:51:29,200.0,6.9,S
2021-06-09T09:51:21,2000.0,6.9,S
2021-06-09T09:50:42,8900.0,6.9,S
2021-06-09T09:50:21,500.0,6.9,B
2021-06-09T09:50:15,1000.0,6.9,B
2021-06-09T09:50:14,5000.0,6.9,B
2021-06-09T09:50:05,2500.0,6.9,B
2021-06-09T09:49:51,100.0,6.9,B
2021-06-09T09:49:44,4200.0,6.9,S
2021-06-09T09:49:37,200.0,6.9,S
2021-06-09T09:49:34,200.0,6.9,S
2021-06-09T09:49:30,700.0,6.9,S
2021-06-09T09:49:18,1000.0,6.9,S
2021-06-09T09:49:14,200.0,6.9,B
2021-06-09T09:49:04,100.0,6.9,B
2021-06-09T09:48:56,5000.0,6.9,B
2021-06-09T09:48:45,17200.0,6.9,B
2021-06-09T09:48:38,2000.0,6.9,S
2021-06-09T09:48:38,40000.0,6.9,S
2021-06-09T09:48:36,400.0,6.9,S
2021-06-09T09:48:32,5000.0,6.9,S
2021-06-09T09:48:30,1000.0,6.9,S
2021-06-09T09:48:24,2000.0,6.9,S
2021-06-09T09:48:23,8000.0,6.9,S
2021-06-09T09:47:38,2800.0,6.9,S
2021-06-09T09:47:35,2000.0,6.9,S
2021-06-09T09:47:09,1000.0,6.9,S
2021-06-09T09:47:03,1000.0,6.9,S
2021-06-09T09:47:01,100000.0,6.9,S
2021-06-09T09:46:55,75000.0,6.9,S
2021-06-09T09:46:48,2400.0,6.9,S
2021-06-09T09:45:51,3000.0,6.9,S
2021-06-09T09:45:36,8500.0,6.9,S
2021-06-09T09:45:26,700.0,6.9,S
2021-06-09T09:45:07,22000.0,6.9,S
2021-06-09T09:45:06,1700.0,6.9,S
2021-06-09T09:44:44,100.0,6.9,S
2021-06-09T09:44:37,400.0,6.9,S
2021-06-09T09:44:18,500.0,6.9,S
2021-06-09T09:44:15,8000.0,6.9,S
2021-06-09T09:44:10,4000.0,6.9,S
2021-06-09T09:43:29,100.0,6.9,S
2021-06-09T09:43:12,100.0,6.9,S
2021-06-09T09:42:41,100.0,6.9,S
2021-06-09T09:42:37,2000.0,6.9,S
2021-06-09T09:42:08,6000.0,6.9,S
2021-06-09T09:41:55,20000.0,6.9,S
2021-06-09T09:41:54,10000.0,6.9,S
2021-06-09T09:41:51,800.0,6.9,S
2021-06-09T09:41:47,900.0,6.9,S
2021-06-09T09:41:39,100000.0,6.9,S
2021-06-09T09:41:38,10000.0,6.9,S
2021-06-09T09:41:29,9000.0,6.9,S
2021-06-09T09:41:28,2000.0,6.9,S
2021-06-09T09:41:18,5000.0,6.9,S
2021-06-09T09:41:17,5000.0,6.9,S
2021-06-09T09:41:13,10000.0,6.9,S
2021-06-09T09:40:55,1000.0,6.9,S
2021-06-09T09:40:53,500.0,6.9,S
2021-06-09T09:40:30,109000.0,6.9,S
2021-06-09T09:40:15,500.0,6.9,S
2021-06-09T09:39:57,700.0,6.9,S
2021-06-09T09:39:52,500.0,6.9,S
2021-06-09T09:39:46,15100.0,6.9,S
2021-06-09T09:39:37,200.0,6.9,S
2021-06-09T09:39:33,4000.0,6.9,S
2021-06-09T09:39:29,1000.0,6.9,S
2021-06-09T09:39:14,400.0,6.9,S
2021-06-09T09:39:00,200.0,6.9,S
2021-06-09T09:38:46,100.0,6.9,S
2021-06-09T09:38:43,100.0,6.9,S
2021-06-09T09:38:42,500.0,6.9,S
2021-06-09T09:38:15,100.0,6.9,S
2021-06-09T09:38:14,20000.0,6.9,S
2021-06-09T09:38:08,5000.0,6.9,S
2021-06-09T09:38:06,500.0,6.9,S
2021-06-09T09:38:05,500.0,6.9,S
2021-06-09T09:37:46,700.0,6.9,S
2021-06-09T09:37:33,2000.0,6.9,S
2021-06-09T09:37:29,800.0,7.0,B
2021-06-09T09:37:16,1000.0,6.9,S
2021-06-09T09:37:12,1000.0,6.9,S
2021-06-09T09:36:50,500.0,6.9,S
2021-06-09T09:36:49,500.0,7.0,B
2021-06-09T09:36:34,500.0,6.9,S
2021-06-09T09:36:26,100.0,6.9,S
2021-06-09T09:36:14,3000.0,6.9,S
2021-06-09T09:36:10,100.0,6.9,S
2021-06-09T09:36:02,4000.0,6.9,S
2021-06-09T09:35:40,300.0,6.9,S
2021-06-09T09:35:36,200.0,7.0,B
2021-06-09T09:35:34,3000.0,7.0,B
2021-06-09T09:35:29,3000.0,6.9,S
2021-06-09T09:35:17,21900.0,6.9,S
2021-06-09T09:34:54,200.0,6.9,S
2021-06-09T09:34:48,2000.0,6.9,S
2021-06-09T09:34:20,2000.0,6.9,S
2021-06-09T09:33:35,20000.0,7.0,B
2021-06-09T09:33:31,1000.0,7.0,B
2021-06-09T09:33:15,100.0,7.0,B
2021-06-09T09:33:07,14100.0,7.0,B
2021-06-09T09:33:03,300.0,7.0,S
2021-06-09T09:32:48,5600.0,7.0,B
2021-06-09T09:32:43,4400.0,7.0,B
2021-06-09T09:32:42,400.0,7.0,S
2021-06-09T09:32:37,50000.0,7.0,S
2021-06-09T09:32:24,3500.0,7.0,S
2021-06-09T09:32:23,2000.0,7.0,S
2021-06-09T09:32:19,800.0,7.0,S
2021-06-09T09:32:16,5000.0,7.0,S
2021-06-09T09:32:16,500.0,7.0,S
2021-06-09T09:32:12,100.0,7.0,S
2021-06-09T09:32:09,10000.0,7.0,S
2021-06-09T09:32:06,200.0,7.0,S
2021-06-09T09:32:05,1000.0,7.0,S
2021-06-09T09:32:00,1500.0,7.0,S
2021-06-09T09:31:48,5500.0,7.0,S
2021-06-09T09:31:46,1000.0,7.0,S
2021-06-09T09:31:39,5000.0,7.0,S
2021-06-09T09:31:32,300.0,7.0,S
2021-06-09T09:31:29,200.0,7.0,S
2021-06-09T09:31:24,1500.0,7.0,S
2021-06-09T09:31:03,1000.0,7.0,S
2021-06-09T09:30:59,200.0,7.0,S
2021-06-09T09:30:52,6700.0,7.0,B
2021-06-09T09:30:51,1000.0,6.9,S
2021-06-09T09:30:44,9600.0,7.0,B
2021-06-09T09:30:31,50000.0,7.0,B
2021-06-09T09:30:04,1000.0,7.0,B
2021-06-09T09:29:17,42800.0,7.0,S
2021-06-09T09:29:15,2000.0,7.0,S
2021-06-09T09:29:10,600.0,7.0,S
2021-06-09T09:29:05,200.0,7.0,S
2021-06-09T09:29:05,500.0,7.0,S
2021-06-09T09:28:50,5000.0,7.0,S
2021-06-09T09:28:35,100.0,7.0,S
2021-06-09T09:28:28,100.0,7.0,S
2021-06-09T09:28:27,14500.0,7.0,S
2021-06-09T09:28:27,85500.0,7.0,S
2021-06-09T09:28:25,50000.0,7.0,S
2021-06-09T09:28:21,500.0,7.0,S
2021-06-09T09:28:15,100.0,7.0,S
2021-06-09T09:28:09,50000.0,7.0,S
2021-06-09T09:27:59,1500.0,7.0,S
2021-06-09T09:27:56,5000.0,7.0,S
2021-06-09T09:27:52,5000.0,7.0,S
2021-06-09T09:27:28,9000.0,7.0,S
2021-06-09T09:27:20,700.0,7.0,S
2021-06-09T09:27:13,700.0,7.0,S
2021-06-09T09:27:04,5100.0,7.0,S
2021-06-09T09:27:04,100.0,7.0,S
2021-06-09T09:27:02,500.0,7.0,S
2021-06-09T09:25:48,1500.0,7.0,S
2021-06-09T09:25:32,1500.0,7.0,S
2021-06-09T09:25:28,100.0,7.0,S
2021-06-09T09:24:47,500.0,7.0,S
2021-06-09T09:24:47,100.0,7.0,S
2021-06-09T09:24:41,100.0,7.0,S
2021-06-09T09:24:37,500.0,7.0,S
2021-06-09T09:24:11,1000.0,7.0,S
2021-06-09T09:24:05,1600.0,7.0,S
2021-06-09T09:23:37,400.0,7.1,B
2021-06-09T09:23:35,500.0,7.0,S
2021-06-09T09:23:34,200.0,7.0,S
2021-06-09T09:23:31,1000.0,7.0,S
2021-06-09T09:23:13,2000.0,7.0,S
2021-06-09T09:22:58,200.0,7.1,B
2021-06-09T09:22:40,100.0,7.1,B
2021-06-09T09:22:34,15200.0,7.1,B
2021-06-09T09:22:14,1000.0,7.1,B
2021-06-09T09:21:59,30000.0,7.1,B
2021-06-09T09:21:53,100.0,7.0,S
2021-06-09T09:21:29,200.0,7.1,B
2021-06-09T09:21:19,1800.0,7.1,S
2021-06-09T09:21:17,10200.0,7.1,B
2021-06-09T09:21:05,6000.0,7.1,B
2021-06-09T09:20:57,1000.0,7.1,B
2021-06-09T09:20:45,100.0,7.1,B
2021-06-09T09:20:42,36000.0,7.1,B
2021-06-09T09:20:27,50000.0,7.1,B
2021-06-09T09:20:02,3000.0,7.1,B
2021-06-09T09:19:59,3500.0,7.1,B
2021-06-09T09:19:53,2900.0,7.1,S
2021-06-09T09:19:38,200.0,7.1,S
2021-06-09T09:19:25,500.0,7.1,S
2021-06-09T09:19:22,4000.0,7.1,S
2021-06-09T09:19:18,1000.0,7.1,S
2021-06-09T09:19:08,4000.0,7.1,S
2021-06-09T09:18:57,300.0,7.1,S
2021-06-09T09:18:54,1000.0,7.2,B
2021-06-09T09:18:27,4000.0,7.1,S
2021-06-09T09:18:21,2000.0,7.1,S
2021-06-09T09:18:10,200.0,7.1,S
2021-06-09T09:18:07,300.0,7.1,S
2021-06-09T09:17:46,5000.0,7.1,S
2021-06-09T09:17:08,500.0,7.2,B
2021-06-09T09:17:03,300.0,7.2,B
2021-06-09T09:16:58,300.0,7.1,S
2021-06-09T09:16:44,500.0,7.1,S
2021-06-09T09:16:35,5000.0,7.1,S
2021-06-09T09:15:59,1000.0,7.2,B
2021-06-09T09:15:33,28400.0,7.1,B
2021-06-09T09:14:36,20000.0,7.1,B
2021-06-09T09:13:47,400.0,7.0,S
2021-06-09T09:13:43,100.0,7.1,B
2021-06-09T09:13:20,100.0,7.1,B
2021-06-09T09:13:10,22500.0,7.1,S
2021-06-09T09:13:06,300.0,7.1,S
2021-06-09T09:13:05,300.0,7.1,S
2021-06-09T09:13:00,2000.0,7.1,S
2021-06-09T09:12:58,1000.0,7.1,S
2021-06-09T09:12:52,200.0,7.1,S
2021-06-09T09:12:47,100.0,7.1,S
2021-06-09T09:12:01,5000.0,7.1,S
2021-06-09T09:11:19,300.0,7.1,S
2021-06-09T09:11:14,5400.0,7.1,S
2021-06-09T09:10:46,1000.0,7.1,S
2021-06-09T09:10:42,1800.0,7.1,S
2021-06-09T09:09:56,800.0,7.1,S
2021-06-09T09:09:40,100.0,7.1,S
2021-06-09T09:09:36,1100.0,7.1,S
2021-06-09T09:09:32,4000.0,7.1,S
2021-06-09T09:09:03,200.0,7.1,S
2021-06-09T09:08:42,100.0,7.1,S
2021-06-09T09:08:40,1500.0,7.1,S
2021-06-09T09:08:35,54600.0,7.1,B
2021-06-09T09:08:02,800.0,7.1,B
2021-06-09T09:07:59,100.0,7.1,B
2021-06-09T09:07:50,15100.0,7.0,S
2021-06-09T09:06:29,1000.0,7.1,B
2021-06-09T09:06:20,1000.0,7.1,B
2021-06-09T09:05:51,200.0,7.1,B
2021-06-09T09:05:40,2000.0,7.1,B
2021-06-09T09:05:29,10000.0,7.1,B
2021-06-09T09:05:22,5000.0,7.1,B
2021-06-09T09:05:02,2000.0,7.1,B
2021-06-09T09:04:55,2000.0,7.1,B
2021-06-09T09:04:43,1000.0,7.1,B
2021-06-09T09:04:33,100.0,7.1,B
2021-06-09T09:04:22,1000.0,7.1,B
2021-06-09T09:04:10,1800.0,7.0,S
2021-06-09T09:04:00,1000.0,7.0,S
2021-06-09T09:03:59,100.0,7.0,S
2021-06-09T09:03:54,100.0,7.0,S
2021-06-09T09:03:49,200.0,7.0,S
2021-06-09T09:03:44,10900.0,7.0,B
2021-06-09T09:03:40,20000.0,7.0,B
2021-06-09T09:03:37,5000.0,7.0,B
2021-06-09T09:03:32,1000.0,6.9,S
2021-06-09T09:03:21,100000.0,7.0,B
2021-06-09T09:03:02,100.0,6.9,S
2021-06-09T09:02:58,100.0,6.9,S
2021-06-09T09:02:49,11900.0,6.9,S
2021-06-09T09:02:34,200.0,6.9,S
2021-06-09T09:02:33,100.0,6.9,S
2021-06-09T09:02:18,500.0,6.9,S
2021-06-09T09:01:00,100000.0,6.8,S
2021-06-09T09:00:38,1000.0,7.0,B
2021-06-09T09:00:36,600.0,7.0,B
2021-06-09T09:00:34,200.0,7.0,B
2021-06-09T09:00:22,1400.0,6.9,S
2021-06-09T09:00:20,1000.0,7.0,B
2021-06-09T09:00:10,10000.0,6.9,S
