tradingTime,volume,price,side
2021-06-09T14:29:14,600.0,38.3,S
2021-06-09T14:29:04,700.0,38.4,B
2021-06-09T14:28:21,1000.0,38.3,S
2021-06-09T14:28:12,8000.0,38.3,S
2021-06-09T14:28:06,300.0,38.4,B
2021-06-09T14:27:33,3000.0,38.4,B
2021-06-09T14:27:04,600.0,38.4,B
2021-06-09T14:26:55,500.0,38.4,B
2021-06-09T14:26:54,3000.0,38.4,B
2021-06-09T14:26:50,100.0,38.3,S
2021-06-09T14:26:45,100.0,38.3,S
2021-06-09T14:26:38,500.0,38.4,B
2021-06-09T14:26:28,500.0,38.4,B
2021-06-09T14:26:22,200.0,38.4,B
2021-06-09T14:26:16,200.0,38.4,B
2021-06-09T14:26:11,100.0,38.4,B
2021-06-09T14:26:09,100.0,38.4,B
2021-06-09T14:26:07,100.0,38.4,B
2021-06-09T14:26:05,700.0,38.4,B
2021-06-09T14:26:01,100.0,38.4,B
2021-06-09T14:25:57,1200.0,38.4,B
2021-06-09T14:25:56,200.0,38.3,S
2021-06-09T14:25:24,100.0,38.4,B
2021-06-09T14:25:21,400.0,38.4,B
2021-06-09T14:25:14,900.0,38.4,B
2021-06-09T14:24:36,100.0,38.4,B
2021-06-09T14:24:24,100.0,38.4,B
2021-06-09T14:23:16,1000.0,38.4,B
2021-06-09T14:23:14,100.0,38.3,S
2021-06-09T14:23:01,3000.0,38.3,S
2021-06-09T14:22:30,3400.0,38.3,S
2021-06-09T14:22:10,1700.0,38.3,S
2021-06-09T14:22:07,200.0,38.3,S
2021-06-09T14:21:54,1000.0,38.3,S
2021-06-09T14:21:48,200.0,38.3,S
2021-06-09T14:21:25,200.0,38.3,S
2021-06-09T14:20:53,10000.0,38.4,B
2021-06-09T14:20:29,100.0,38.4,B
2021-06-09T14:20:26,500.0,38.3,S
2021-06-09T14:20:24,200.0,38.4,B
2021-06-09T14:19:51,600.0,38.4,B
2021-06-09T14:19:40,30000.0,38.3,S
2021-06-09T14:19:35,2400.0,38.4,B
2021-06-09T14:19:25,500.0,38.4,B
2021-06-09T14:19:19,1000.0,38.4,B
2021-06-09T14:19:16,900.0,38.4,B
2021-06-09T14:19:11,3000.0,38.4,B
2021-06-09T14:19:03,10000.0,38.4,B
2021-06-09T14:18:53,3000.0,38.4,B
2021-06-09T14:18:22,5000.0,38.3,S
2021-06-09T14:17:48,3000.0,38.4,B
2021-06-09T14:17:30,1000.0,38.3,S
2021-06-09T14:17:23,100.0,38.3,S
2021-06-09T14:17:10,1000.0,38.3,S
2021-06-09T14:16:50,1400.0,38.3,S
2021-06-09T14:16:40,1800.0,38.3,S
2021-06-09T14:16:36,1000.0,38.4,B
2021-06-09T14:16:36,1000.0,38.3,S
2021-06-09T14:16:08,400.0,38.3,S
2021-06-09T14:15:59,500.0,38.3,S
2021-06-09T14:15:52,2000.0,38.3,S
2021-06-09T14:15:52,500.0,38.3,S
2021-06-09T14:15:39,200.0,38.3,S
2021-06-09T14:15:26,100.0,38.4,B
2021-06-09T14:15:19,1500.0,38.3,S
2021-06-09T14:15:06,1400.0,38.4,S
2021-06-09T14:14:56,400.0,38.5,B
2021-06-09T14:13:59,700.0,38.4,S
2021-06-09T14:13:48,100.0,38.4,S
2021-06-09T14:13:28,700.0,38.4,S
2021-06-09T14:12:41,2200.0,38.4,S
2021-06-09T14:10:36,100.0,38.5,B
2021-06-09T14:10:30,200.0,38.4,S
2021-06-09T14:10:13,300.0,38.4,S
2021-06-09T14:09:49,2000.0,38.4,S
2021-06-09T14:09:40,300.0,38.4,S
2021-06-09T14:09:39,100.0,38.4,S
2021-06-09T14:08:52,300.0,38.4,S
2021-06-09T14:08:51,700.0,38.4,S
2021-06-09T14:08:35,500.0,38.4,S
2021-06-09T14:08:31,5000.0,38.4,S
2021-06-09T14:07:57,600.0,38.4,S
2021-06-09T14:07:54,200.0,38.4,S
2021-06-09T14:07:45,6000.0,38.4,S
2021-06-09T14:07:17,3000.0,38.4,S
2021-06-09T14:07:00,2200.0,38.4,S
2021-06-09T14:06:14,500.0,38.5,B
2021-06-09T14:05:30,1100.0,38.5,S
2021-06-09T14:05:27,300.0,38.5,S
2021-06-09T14:05:23,2000.0,38.5,S
2021-06-09T14:05:21,100.0,38.5,S
2021-06-09T14:05:20,2000.0,38.5,S
2021-06-09T14:05:18,6900.0,38.5,S
2021-06-09T14:05:13,10000.0,38.5,S
2021-06-09T14:05:09,2000.0,38.5,S
2021-06-09T14:05:01,2000.0,38.5,S
2021-06-09T14:04:58,500.0,38.5,S
2021-06-09T14:04:56,1000.0,38.5,S
2021-06-09T14:04:54,10000.0,38.5,S
2021-06-09T14:04:42,11000.0,38.5,S
2021-06-09T14:04:36,1900.0,38.5,S
2021-06-09T14:04:28,1500.0,38.5,S
2021-06-09T14:04:27,200.0,38.6,B
2021-06-09T14:04:12,200.0,38.6,B
2021-06-09T14:03:38,700.0,38.6,S
2021-06-09T14:03:28,100.0,38.6,S
2021-06-09T14:03:24,5000.0,38.6,S
2021-06-09T14:03:23,500.0,38.6,S
2021-06-09T14:03:13,100.0,38.6,S
2021-06-09T14:03:11,100.0,38.6,S
2021-06-09T14:03:02,3500.0,38.6,B
2021-06-09T14:02:52,800.0,38.6,S
2021-06-09T14:02:50,1000.0,38.6,S
2021-06-09T14:02:42,2000.0,38.6,S
2021-06-09T14:02:42,1000.0,38.6,S
2021-06-09T14:02:21,1000.0,38.6,S
2021-06-09T14:02:04,200.0,38.6,S
2021-06-09T14:01:53,600.0,38.6,S
2021-06-09T14:01:02,600.0,38.6,S
2021-06-09T14:01:01,500.0,38.7,B
2021-06-09T14:00:45,3200.0,38.6,S
2021-06-09T14:00:37,1000.0,38.6,S
2021-06-09T14:00:07,1000.0,38.6,S
2021-06-09T14:00:01,700.0,38.7,B
2021-06-09T13:59:51,800.0,38.7,B
2021-06-09T13:59:09,1500.0,38.7,S
2021-06-09T13:58:35,10000.0,38.7,B
2021-06-09T13:58:34,2000.0,38.7,B
2021-06-09T13:58:07,1000.0,38.7,B
2021-06-09T13:57:54,5000.0,38.7,S
2021-06-09T13:57:27,1000.0,38.8,B
2021-06-09T13:57:14,500.0,38.8,B
2021-06-09T13:57:14,100.0,38.8,B
2021-06-09T13:57:10,800.0,38.7,S
2021-06-09T13:56:20,500.0,38.8,B
2021-06-09T13:56:16,100.0,38.8,B
2021-06-09T13:56:15,5000.0,38.8,B
2021-06-09T13:56:11,500.0,38.8,B
2021-06-09T13:56:06,1400.0,38.8,B
2021-06-09T13:56:06,500.0,38.8,B
2021-06-09T13:55:45,300.0,38.8,B
2021-06-09T13:55:07,100.0,38.8,B
2021-06-09T13:55:05,1000.0,38.8,B
2021-06-09T13:54:57,100.0,38.8,B
2021-06-09T13:54:37,10000.0,38.8,B
2021-06-09T13:54:31,1000.0,38.8,B
2021-06-09T13:53:32,1000.0,38.8,B
2021-06-09T13:53:20,100.0,38.7,S
2021-06-09T13:53:08,100.0,38.7,S
2021-06-09T13:53:02,1300.0,38.7,S
2021-06-09T13:52:40,400.0,38.8,B
2021-06-09T13:52:26,1000.0,38.8,B
2021-06-09T13:51:52,500.0,38.7,S
2021-06-09T13:51:49,500.0,38.7,S
2021-06-09T13:51:47,2000.0,38.7,S
2021-06-09T13:51:41,200.0,38.7,S
2021-06-09T13:50:58,100.0,38.7,S
2021-06-09T13:50:53,1000.0,38.7,S
2021-06-09T13:50:43,500.0,38.8,B
2021-06-09T13:50:37,500.0,38.7,S
2021-06-09T13:50:16,700.0,38.7,S
2021-06-09T13:49:21,12000.0,38.7,S
2021-06-09T13:49:13,10000.0,38.8,B
2021-06-09T13:49:01,100.0,38.7,S
2021-06-09T13:48:39,3000.0,38.8,B
2021-06-09T13:48:22,2000.0,38.7,S
2021-06-09T13:47:46,500.0,38.8,B
2021-06-09T13:47:18,100.0,38.8,B
2021-06-09T13:46:54,1100.0,38.7,S
2021-06-09T13:46:46,900.0,38.7,B
2021-06-09T13:46:45,1000.0,38.7,B
2021-06-09T13:46:34,2400.0,38.7,B
2021-06-09T13:46:33,300.0,38.7,B
2021-06-09T13:46:03,8300.0,38.7,B
2021-06-09T13:45:46,2500.0,38.6,S
2021-06-09T13:45:31,200.0,38.6,B
2021-06-09T13:45:30,100.0,38.6,B
2021-06-09T13:45:20,5000.0,38.6,B
2021-06-09T13:45:15,1000.0,38.6,B
2021-06-09T13:45:08,10000.0,38.6,B
2021-06-09T13:45:02,300.0,38.6,B
2021-06-09T13:45:02,200.0,38.6,B
2021-06-09T13:44:39,5000.0,38.6,B
2021-06-09T13:44:37,300.0,38.5,S
2021-06-09T13:44:34,500.0,38.6,B
2021-06-09T13:44:22,500.0,38.6,B
2021-06-09T13:44:08,500.0,38.6,B
2021-06-09T13:43:59,1000.0,38.6,B
2021-06-09T13:43:53,100.0,38.6,B
2021-06-09T13:43:27,10000.0,38.6,B
2021-06-09T13:43:17,1000.0,38.6,B
2021-06-09T13:43:13,1100.0,38.6,B
2021-06-09T13:43:12,2000.0,38.6,B
2021-06-09T13:42:51,100.0,38.6,B
2021-06-09T13:42:44,400.0,38.6,B
2021-06-09T13:42:18,100.0,38.6,B
2021-06-09T13:41:45,300.0,38.6,B
2021-06-09T13:41:42,1700.0,38.6,B
2021-06-09T13:41:42,9800.0,38.6,S
2021-06-09T13:41:13,300.0,38.7,S
2021-06-09T13:41:11,700.0,38.7,S
2021-06-09T13:41:05,500.0,38.7,B
2021-06-09T13:40:59,500.0,38.7,S
2021-06-09T13:40:52,200.0,38.6,S
2021-06-09T13:40:51,5000.0,38.7,B
2021-06-09T13:40:50,1300.0,38.7,B
2021-06-09T13:40:44,2000.0,38.7,B
2021-06-09T13:40:09,100.0,38.7,B
2021-06-09T13:40:06,5000.0,38.7,B
2021-06-09T13:39:57,900.0,38.6,S
2021-06-09T13:39:45,1000.0,38.7,B
2021-06-09T13:39:13,300.0,38.7,B
2021-06-09T13:39:03,100.0,38.7,B
2021-06-09T13:38:54,800.0,38.7,B
2021-06-09T13:38:52,500.0,38.7,B
2021-06-09T13:38:36,1500.0,38.7,B
2021-06-09T13:38:26,1000.0,38.7,B
2021-06-09T13:38:21,900.0,38.7,B
2021-06-09T13:38:08,2000.0,38.7,B
2021-06-09T13:37:17,200.0,38.7,B
2021-06-09T13:36:53,1100.0,38.7,B
2021-06-09T13:36:09,2900.0,38.6,S
2021-06-09T13:36:03,7100.0,38.6,S
2021-06-09T13:35:27,500.0,38.7,B
2021-06-09T13:35:03,4000.0,38.7,S
2021-06-09T13:34:57,1000.0,38.7,S
2021-06-09T13:34:40,10000.0,38.7,S
2021-06-09T13:34:31,5000.0,38.7,S
2021-06-09T13:34:23,5500.0,38.7,S
2021-06-09T13:34:08,1000.0,38.7,S
2021-06-09T13:34:05,1000.0,38.7,S
2021-06-09T13:33:58,1000.0,38.7,S
2021-06-09T13:33:55,600.0,38.7,S
2021-06-09T13:33:43,2000.0,38.7,S
2021-06-09T13:33:36,6000.0,38.7,S
2021-06-09T13:33:15,7000.0,38.7,S
2021-06-09T13:33:04,200.0,38.7,S
2021-06-09T13:33:00,400.0,38.7,S
2021-06-09T13:32:27,3000.0,38.7,S
2021-06-09T13:32:21,3000.0,38.7,S
2021-06-09T13:32:08,2000.0,38.8,B
2021-06-09T13:30:41,10200.0,38.8,B
2021-06-09T13:30:24,1300.0,38.8,B
2021-06-09T13:30:20,200.0,38.7,S
2021-06-09T13:30:15,400.0,38.8,B
2021-06-09T13:29:50,1200.0,38.8,B
2021-06-09T13:29:43,1000.0,38.7,S
2021-06-09T13:29:32,1000.0,38.8,B
2021-06-09T13:29:23,100.0,38.8,B
2021-06-09T13:29:06,6000.0,38.8,B
2021-06-09T13:28:59,1000.0,38.8,B
2021-06-09T13:28:55,3000.0,38.8,B
2021-06-09T13:28:17,1000.0,38.8,B
2021-06-09T13:27:55,1000.0,38.8,B
2021-06-09T13:27:45,400.0,38.7,S
2021-06-09T13:27:41,300.0,38.7,S
2021-06-09T13:27:36,500.0,38.7,S
2021-06-09T13:27:28,1000.0,38.7,S
2021-06-09T13:27:26,1400.0,38.7,S
2021-06-09T13:27:25,100.0,38.8,B
2021-06-09T13:27:20,10000.0,38.8,B
2021-06-09T13:26:51,1000.0,38.7,S
2021-06-09T13:26:41,9800.0,38.8,B
2021-06-09T13:26:31,200.0,38.7,S
2021-06-09T13:26:16,900.0,38.8,B
2021-06-09T13:24:56,300.0,38.8,B
2021-06-09T13:24:45,5000.0,38.8,B
2021-06-09T13:24:22,1000.0,38.8,B
2021-06-09T13:24:18,500.0,38.8,B
2021-06-09T13:24:18,1000.0,38.8,B
2021-06-09T13:24:09,300.0,38.8,B
2021-06-09T13:23:57,100.0,38.8,B
2021-06-09T13:23:42,400.0,38.8,B
2021-06-09T13:23:35,900.0,38.8,B
2021-06-09T13:23:34,100.0,38.8,B
2021-06-09T13:23:31,2000.0,38.8,B
2021-06-09T13:23:12,600.0,38.8,B
2021-06-09T13:23:12,400.0,38.7,S
2021-06-09T13:22:56,6700.0,38.7,B
2021-06-09T13:22:55,2000.0,38.7,B
2021-06-09T13:22:38,300.0,38.7,B
2021-06-09T13:22:25,2000.0,38.7,B
2021-06-09T13:22:02,100.0,38.7,B
2021-06-09T13:21:45,10000.0,38.7,B
2021-06-09T13:21:37,100.0,38.6,S
2021-06-09T13:21:17,300.0,38.6,S
2021-06-09T13:20:42,5100.0,38.6,S
2021-06-09T13:20:11,200.0,38.6,S
2021-06-09T13:19:50,200.0,38.6,S
2021-06-09T13:19:22,10000.0,38.6,S
2021-06-09T13:19:21,900.0,38.7,B
2021-06-09T13:19:18,2500.0,38.7,B
2021-06-09T13:19:02,700.0,38.7,B
2021-06-09T13:18:49,10000.0,38.6,S
2021-06-09T13:17:07,5000.0,38.7,B
2021-06-09T13:17:03,200.0,38.7,B
2021-06-09T13:16:36,200.0,38.7,B
2021-06-09T13:16:30,500.0,38.7,B
2021-06-09T13:16:26,1000.0,38.7,B
2021-06-09T13:16:21,100.0,38.7,B
2021-06-09T13:16:16,400.0,38.7,B
2021-06-09T13:15:58,5000.0,38.7,B
2021-06-09T13:15:57,200.0,38.6,S
2021-06-09T13:15:37,1000.0,38.7,B
2021-06-09T13:15:23,300.0,38.7,B
2021-06-09T13:15:13,2000.0,38.7,B
2021-06-09T13:14:56,300.0,38.7,B
2021-06-09T13:14:33,5000.0,38.7,B
2021-06-09T13:14:26,400.0,38.7,B
2021-06-09T13:13:55,1000.0,38.7,B
2021-06-09T13:13:48,1000.0,38.6,S
2021-06-09T13:13:31,100.0,38.7,B
2021-06-09T13:13:25,3000.0,38.7,B
2021-06-09T13:13:24,1700.0,38.6,S
2021-06-09T13:13:18,10000.0,38.7,B
2021-06-09T13:13:14,500.0,38.7,B
2021-06-09T13:12:58,500.0,38.7,B
2021-06-09T13:12:55,3000.0,38.7,B
2021-06-09T13:12:34,500.0,38.7,B
2021-06-09T13:12:30,200.0,38.7,B
2021-06-09T13:12:13,500.0,38.7,B
2021-06-09T13:12:07,3900.0,38.7,B
2021-06-09T13:12:00,1000.0,38.7,B
2021-06-09T13:11:56,500.0,38.7,B
2021-06-09T13:11:44,1000.0,38.7,B
2021-06-09T13:11:42,100.0,38.7,B
2021-06-09T13:11:31,3000.0,38.7,B
2021-06-09T13:10:52,6000.0,38.7,B
2021-06-09T13:10:31,8300.0,38.7,S
2021-06-09T13:10:29,500.0,38.7,S
2021-06-09T13:10:21,500.0,38.7,S
2021-06-09T13:10:20,2100.0,38.7,S
2021-06-09T13:10:10,6000.0,38.7,S
2021-06-09T13:10:04,3000.0,38.7,S
2021-06-09T13:09:54,8000.0,38.7,S
2021-06-09T13:09:52,200.0,38.7,S
2021-06-09T13:09:48,2000.0,38.7,S
2021-06-09T13:09:42,1000.0,38.7,S
2021-06-09T13:09:20,200.0,38.7,S
2021-06-09T13:08:52,500.0,38.7,S
2021-06-09T13:08:45,100.0,38.7,S
2021-06-09T13:08:40,200.0,38.7,S
2021-06-09T13:08:09,10000.0,38.8,B
2021-06-09T13:07:59,500.0,38.7,S
2021-06-09T13:07:36,10000.0,38.8,B
2021-06-09T13:06:34,200.0,38.8,B
2021-06-09T13:05:54,100.0,38.7,S
2021-06-09T13:05:49,9800.0,38.7,B
2021-06-09T13:05:20,100.0,38.6,S
2021-06-09T13:05:17,100.0,38.6,S
2021-06-09T13:05:16,200.0,38.6,S
2021-06-09T13:05:15,400.0,38.6,S
2021-06-09T13:04:30,400.0,38.6,B
2021-06-09T13:04:29,500.0,38.6,B
2021-06-09T13:04:12,1000.0,38.6,B
2021-06-09T13:04:09,1000.0,38.6,B
2021-06-09T13:04:07,400.0,38.6,B
2021-06-09T13:04:06,300.0,38.6,B
2021-06-09T13:03:51,1000.0,38.6,B
2021-06-09T13:03:35,500.0,38.6,B
2021-06-09T13:03:25,1200.0,38.6,B
2021-06-09T13:03:14,2800.0,38.5,S
2021-06-09T13:03:06,100.0,38.5,B
2021-06-09T13:03:05,500.0,38.5,B
2021-06-09T13:02:59,1000.0,38.5,B
2021-06-09T13:02:45,1800.0,38.5,B
2021-06-09T13:02:42,100.0,38.5,B
2021-06-09T13:02:25,500.0,38.5,B
2021-06-09T13:02:02,2000.0,38.5,B
2021-06-09T13:02:01,1000.0,38.5,B
2021-06-09T13:01:51,100.0,38.4,S
2021-06-09T13:01:50,1000.0,38.5,B
2021-06-09T13:01:04,300.0,38.4,B
2021-06-09T13:00:28,2700.0,38.4,B
2021-06-09T13:00:18,1000.0,38.4,B
2021-06-09T13:00:18,100.0,38.3,S
2021-06-09T13:00:18,1000.0,38.3,S
2021-06-09T13:00:11,700.0,38.4,B
2021-06-09T13:00:08,2000.0,38.3,S
2021-06-09T13:00:06,200.0,38.3,S
2021-06-09T13:00:06,1000.0,38.3,S
2021-06-09T11:29:50,100.0,38.2,S
2021-06-09T11:29:13,400.0,38.2,S
2021-06-09T11:27:42,500.0,38.3,B
2021-06-09T11:27:17,700.0,38.3,B
2021-06-09T11:26:31,100.0,38.2,S
2021-06-09T11:26:04,400.0,38.2,S
2021-06-09T11:25:52,100.0,38.2,S
2021-06-09T11:25:48,500.0,38.2,S
2021-06-09T11:25:44,1000.0,38.2,S
2021-06-09T11:25:29,5000.0,38.3,B
2021-06-09T11:24:24,100.0,38.2,B
2021-06-09T11:24:17,400.0,38.2,B
2021-06-09T11:23:58,300.0,38.2,B
2021-06-09T11:23:55,200.0,38.2,B
2021-06-09T11:23:50,500.0,38.2,B
2021-06-09T11:23:47,2500.0,38.2,S
2021-06-09T11:23:17,200.0,38.2,S
2021-06-09T11:23:14,500.0,38.3,B
2021-06-09T11:23:05,2000.0,38.3,S
2021-06-09T11:23:01,5000.0,38.3,S
2021-06-09T11:22:14,300.0,38.4,B
2021-06-09T11:20:57,80000.0,38.1,S
2021-06-09T11:20:52,5000.0,38.4,B
2021-06-09T11:20:51,200.0,38.3,B
2021-06-09T11:20:49,500.0,38.4,B
2021-06-09T11:20:44,100.0,38.3,S
2021-06-09T11:20:22,1200.0,38.4,S
2021-06-09T11:20:21,400.0,38.5,B
2021-06-09T11:20:00,300.0,38.4,S
2021-06-09T11:19:52,500.0,38.5,B
2021-06-09T11:19:39,500.0,38.4,S
2021-06-09T11:19:23,100.0,38.4,S
2021-06-09T11:19:08,500.0,38.4,S
2021-06-09T11:18:45,400.0,38.4,S
2021-06-09T11:18:36,3400.0,38.4,B
2021-06-09T11:18:32,500.0,38.3,B
2021-06-09T11:18:30,1100.0,38.3,S
2021-06-09T11:18:01,300.0,38.3,S
2021-06-09T11:17:54,2000.0,38.5,B
2021-06-09T11:17:40,200.0,38.4,B
2021-06-09T11:17:39,200.0,38.4,S
2021-06-09T11:17:38,300.0,38.5,B
2021-06-09T11:17:23,100.0,38.4,S
2021-06-09T11:16:37,20000.0,38.5,B
2021-06-09T11:16:34,500.0,38.3,B
2021-06-09T11:16:33,100.0,38.3,B
2021-06-09T11:16:10,200.0,38.3,S
2021-06-09T11:16:06,1900.0,38.3,B
2021-06-09T11:15:37,100.0,38.3,B
2021-06-09T11:15:32,200.0,38.3,B
2021-06-09T11:15:21,100.0,38.3,B
2021-06-09T11:15:01,500.0,38.2,S
2021-06-09T11:14:51,100.0,38.2,S
2021-06-09T11:14:30,500.0,38.2,S
2021-06-09T11:14:24,1000.0,38.2,S
2021-06-09T11:14:08,5000.0,38.2,S
2021-06-09T11:13:48,6200.0,38.3,S
2021-06-09T11:13:42,2500.0,38.3,S
2021-06-09T11:13:38,400.0,38.3,S
2021-06-09T11:13:38,500.0,38.3,S
2021-06-09T11:13:22,200.0,38.3,S
2021-06-09T11:13:14,900.0,38.3,S
2021-06-09T11:12:45,1200.0,38.4,B
2021-06-09T11:12:42,2000.0,38.4,B
2021-06-09T11:12:32,1000.0,38.4,B
2021-06-09T11:12:25,100.0,38.4,B
2021-06-09T11:12:22,400.0,38.4,B
2021-06-09T11:12:11,500.0,38.4,B
2021-06-09T11:12:02,1000.0,38.4,B
2021-06-09T11:11:48,2000.0,38.4,B
2021-06-09T11:11:29,1000.0,38.4,S
2021-06-09T11:11:21,4000.0,38.4,S
2021-06-09T11:11:17,5000.0,38.5,B
2021-06-09T11:11:05,1600.0,38.4,S
2021-06-09T11:11:00,5000.0,38.4,S
2021-06-09T11:10:56,5000.0,38.4,S
2021-06-09T11:10:52,200.0,38.4,S
2021-06-09T11:10:43,3000.0,38.4,S
2021-06-09T11:10:05,2000.0,38.4,S
2021-06-09T11:09:57,3500.0,38.4,S
2021-06-09T11:09:29,2500.0,38.4,S
2021-06-09T11:09:23,3000.0,38.4,S
2021-06-09T11:09:18,4500.0,38.4,S
2021-06-09T11:09:04,100.0,38.4,S
2021-06-09T11:08:49,100.0,38.4,S
2021-06-09T11:08:46,100.0,38.5,B
2021-06-09T11:08:40,300.0,38.5,B
2021-06-09T11:08:17,1000.0,38.5,B
2021-06-09T11:08:13,1200.0,38.5,B
2021-06-09T11:08:00,200.0,38.5,B
2021-06-09T11:07:49,100.0,38.5,B
2021-06-09T11:07:20,200.0,38.5,B
2021-06-09T11:07:14,100.0,38.5,B
2021-06-09T11:06:56,200.0,38.5,B
2021-06-09T11:06:49,5000.0,38.4,S
2021-06-09T11:06:46,100.0,38.4,S
2021-06-09T11:06:38,10000.0,38.4,S
2021-06-09T11:06:19,500.0,38.5,B
2021-06-09T11:06:16,200.0,38.5,B
2021-06-09T11:06:06,100.0,38.5,B
2021-06-09T11:05:56,1000.0,38.5,B
2021-06-09T11:05:41,100.0,38.5,B
2021-06-09T11:05:37,1000.0,38.5,B
2021-06-09T11:05:36,1900.0,38.5,S
2021-06-09T11:05:27,100.0,38.5,S
2021-06-09T11:05:27,2000.0,38.5,S
2021-06-09T11:05:25,200.0,38.5,S
2021-06-09T11:05:07,200.0,38.5,S
2021-06-09T11:04:47,1100.0,38.5,S
2021-06-09T11:04:29,50000.0,38.5,S
2021-06-09T11:03:52,4900.0,38.7,B
2021-06-09T11:03:43,10000.0,38.6,S
2021-06-09T11:03:21,400.0,38.7,B
2021-06-09T11:03:20,100.0,38.7,B
2021-06-09T11:03:14,300.0,38.7,B
2021-06-09T11:03:06,2500.0,38.7,B
2021-06-09T11:03:04,300.0,38.6,S
2021-06-09T11:03:00,200.0,38.7,B
2021-06-09T11:02:52,500.0,38.6,S
2021-06-09T11:02:45,9600.0,38.6,S
2021-06-09T11:02:13,200.0,38.6,S
2021-06-09T11:01:32,500.0,38.7,B
2021-06-09T11:01:17,7300.0,38.7,B
2021-06-09T11:01:15,3000.0,38.8,B
2021-06-09T11:01:05,1000.0,38.7,S
2021-06-09T11:01:02,2100.0,38.7,S
2021-06-09T11:00:56,3000.0,38.8,B
2021-06-09T11:00:47,400.0,38.8,B
2021-06-09T10:59:30,4000.0,38.8,B
2021-06-09T10:59:18,500.0,38.8,B
2021-06-09T10:58:59,2000.0,38.7,S
2021-06-09T10:58:39,2100.0,38.8,B
2021-06-09T10:57:59,200.0,38.8,B
2021-06-09T10:57:43,1500.0,38.8,B
2021-06-09T10:57:39,300.0,38.8,B
2021-06-09T10:57:35,200.0,38.8,B
2021-06-09T10:56:47,2000.0,38.8,B
2021-06-09T10:56:37,300.0,38.8,B
2021-06-09T10:56:27,300.0,38.8,B
2021-06-09T10:56:12,3000.0,38.8,B
2021-06-09T10:56:07,1000.0,38.8,B
2021-06-09T10:55:16,2000.0,38.8,B
2021-06-09T10:55:01,100.0,38.8,B
2021-06-09T10:54:53,500.0,38.8,B
2021-06-09T10:54:44,100.0,38.8,B
2021-06-09T10:54:32,100.0,38.8,B
2021-06-09T10:54:07,1500.0,38.8,B
2021-06-09T10:53:54,1500.0,38.7,B
2021-06-09T10:53:45,100.0,38.7,B
2021-06-09T10:53:41,100.0,38.7,B
2021-06-09T10:53:07,6400.0,38.6,S
2021-06-09T10:52:49,500.0,38.8,B
2021-06-09T10:52:36,3000.0,38.6,S
2021-06-09T10:52:31,800.0,38.7,B
2021-06-09T10:52:12,39200.0,38.7,S
2021-06-09T10:52:04,3800.0,38.9,B
2021-06-09T10:51:20,500.0,38.8,S
2021-06-09T10:51:09,500.0,38.8,S
2021-06-09T10:50:55,5100.0,38.8,S
2021-06-09T10:50:47,200.0,38.8,S
2021-06-09T10:50:44,300.0,38.9,B
2021-06-09T10:50:38,3000.0,38.9,B
2021-06-09T10:50:32,53000.0,38.9,S
2021-06-09T10:50:27,1000.0,39.0,B
2021-06-09T10:50:23,500.0,38.9,S
2021-06-09T10:50:01,2100.0,39.0,B
2021-06-09T10:49:36,7000.0,38.9,S
2021-06-09T10:49:33,400.0,38.9,S
2021-06-09T10:48:47,800.0,38.9,S
2021-06-09T10:48:40,400.0,39.0,B
2021-06-09T10:48:25,600.0,39.0,B
2021-06-09T10:48:23,400.0,39.0,S
2021-06-09T10:48:22,300.0,39.0,S
2021-06-09T10:48:19,300.0,39.0,S
2021-06-09T10:48:19,800.0,39.0,B
2021-06-09T10:48:13,2600.0,39.0,S
2021-06-09T10:47:56,500.0,39.0,S
2021-06-09T10:47:54,500.0,39.0,S
2021-06-09T10:47:52,500.0,39.0,S
2021-06-09T10:47:49,1000.0,39.0,S
2021-06-09T10:47:42,3600.0,39.0,S
2021-06-09T10:47:40,20000.0,39.2,B
2021-06-09T10:47:32,1000.0,39.0,S
2021-06-09T10:47:29,500.0,39.0,S
2021-06-09T10:47:25,2000.0,39.0,S
2021-06-09T10:47:20,6000.0,39.0,S
2021-06-09T10:47:08,4000.0,39.0,S
2021-06-09T10:46:50,200.0,39.0,S
2021-06-09T10:46:37,1500.0,39.0,S
2021-06-09T10:46:28,800.0,39.1,B
2021-06-09T10:46:16,2000.0,39.1,B
2021-06-09T10:46:06,1000.0,39.1,B
2021-06-09T10:46:05,100.0,39.0,S
2021-06-09T10:45:58,8600.0,39.1,B
2021-06-09T10:45:25,200.0,39.0,S
2021-06-09T10:45:24,100.0,39.0,S
2021-06-09T10:45:17,500.0,39.0,S
2021-06-09T10:45:14,500.0,39.0,S
2021-06-09T10:45:13,200.0,39.0,S
2021-06-09T10:45:03,6500.0,39.1,B
2021-06-09T10:45:01,200.0,39.0,S
2021-06-09T10:45:00,14000.0,39.0,S
2021-06-09T10:44:56,13600.0,39.0,B
2021-06-09T10:44:18,20000.0,39.0,B
2021-06-09T10:43:58,100.0,38.9,B
2021-06-09T10:43:57,100.0,38.8,S
2021-06-09T10:43:53,1000.0,38.9,B
2021-06-09T10:43:53,5000.0,38.9,B
2021-06-09T10:43:50,100.0,38.9,B
2021-06-09T10:43:46,200.0,38.9,B
2021-06-09T10:43:36,1500.0,38.8,S
2021-06-09T10:43:28,500.0,38.9,B
2021-06-09T10:43:22,1000.0,38.9,B
2021-06-09T10:43:21,2000.0,38.9,B
2021-06-09T10:43:02,1000.0,38.8,S
2021-06-09T10:43:01,1100.0,38.8,S
2021-06-09T10:42:53,100.0,38.9,B
2021-06-09T10:42:47,1000.0,38.8,S
2021-06-09T10:42:27,100.0,38.9,B
2021-06-09T10:42:15,700.0,38.8,B
2021-06-09T10:42:14,1000.0,38.8,B
2021-06-09T10:42:08,1600.0,38.8,S
2021-06-09T10:42:07,1700.0,38.8,S
2021-06-09T10:41:46,100.0,38.9,B
2021-06-09T10:41:46,1000.0,38.9,B
2021-06-09T10:41:45,17200.0,38.9,S
2021-06-09T10:41:44,10000.0,38.9,S
2021-06-09T10:41:36,1000.0,39.0,B
2021-06-09T10:41:26,100.0,39.0,B
2021-06-09T10:41:21,300.0,39.0,B
2021-06-09T10:41:12,2000.0,39.0,B
2021-06-09T10:41:08,200.0,39.0,B
2021-06-09T10:41:04,500.0,39.0,B
2021-06-09T10:41:04,200.0,38.9,S
2021-06-09T10:40:45,900.0,39.0,B
2021-06-09T10:40:31,8400.0,39.0,B
2021-06-09T10:40:27,500.0,39.0,B
2021-06-09T10:40:26,5500.0,38.9,S
2021-06-09T10:40:26,1000.0,38.9,S
2021-06-09T10:40:23,1000.0,39.0,B
2021-06-09T10:40:22,3200.0,39.0,B
2021-06-09T10:40:11,1000.0,39.0,B
2021-06-09T10:40:03,2000.0,39.0,B
2021-06-09T10:40:00,500.0,39.0,B
2021-06-09T10:39:49,1600.0,39.0,S
2021-06-09T10:39:46,400.0,39.0,S
2021-06-09T10:39:44,1000.0,39.0,S
2021-06-09T10:39:43,3100.0,39.0,S
2021-06-09T10:39:40,5900.0,39.0,B
2021-06-09T10:39:38,400.0,39.0,B
2021-06-09T10:39:33,400.0,39.0,S
2021-06-09T10:39:29,100.0,39.0,B
2021-06-09T10:39:27,1700.0,39.0,S
2021-06-09T10:39:23,2000.0,39.0,S
2021-06-09T10:39:21,6300.0,39.0,B
2021-06-09T10:39:20,100.0,39.0,B
2021-06-09T10:39:16,500.0,39.0,B
2021-06-09T10:39:09,7500.0,39.0,S
2021-06-09T10:39:02,1000.0,39.0,S
2021-06-09T10:38:37,1000.0,39.2,B
2021-06-09T10:38:22,3000.0,39.2,B
2021-06-09T10:38:20,3000.0,39.0,S
2021-06-09T10:38:20,200.0,39.0,S
2021-06-09T10:38:12,500.0,39.0,S
2021-06-09T10:37:59,100.0,39.0,S
2021-06-09T10:37:41,300.0,39.3,B
2021-06-09T10:37:21,1000.0,39.5,B
2021-06-09T10:37:14,200.0,39.3,S
2021-06-09T10:36:52,5000.0,39.5,B
2021-06-09T10:36:37,95100.0,39.5,B
2021-06-09T10:36:37,4900.0,39.0,B
2021-06-09T10:36:36,2000.0,39.0,B
2021-06-09T10:36:35,10000.0,39.0,B
2021-06-09T10:36:33,10000.0,39.0,B
2021-06-09T10:36:31,1000.0,39.0,B
2021-06-09T10:36:30,2000.0,39.0,B
2021-06-09T10:36:28,10000.0,39.0,B
2021-06-09T10:36:26,200.0,39.0,B
2021-06-09T10:36:23,500.0,39.0,B
2021-06-09T10:36:20,11000.0,39.0,B
2021-06-09T10:36:20,10000.0,39.0,B
2021-06-09T10:36:19,500.0,39.0,B
2021-06-09T10:36:17,300.0,39.0,B
2021-06-09T10:36:16,2800.0,39.0,B
2021-06-09T10:36:14,7000.0,39.0,B
2021-06-09T10:36:10,500.0,39.0,B
2021-06-09T10:36:10,30000.0,39.0,B
2021-06-09T10:36:06,100000.0,39.0,B
2021-06-09T10:36:05,1000.0,38.9,S
2021-06-09T10:36:03,1100.0,38.9,S
2021-06-09T10:35:58,100.0,39.0,B
2021-06-09T10:35:57,500.0,39.0,B
2021-06-09T10:35:46,500.0,38.9,S
2021-06-09T10:35:40,100000.0,39.0,B
2021-06-09T10:35:24,700.0,38.9,B
2021-06-09T10:35:21,200.0,38.9,B
2021-06-09T10:35:21,1000.0,38.9,B
2021-06-09T10:35:17,500.0,38.9,B
2021-06-09T10:35:10,10000.0,38.9,B
2021-06-09T10:35:10,100.0,38.8,S
2021-06-09T10:35:03,7000.0,38.8,S
2021-06-09T10:34:59,3000.0,38.9,B
2021-06-09T10:34:56,4500.0,38.9,B
2021-06-09T10:34:55,100.0,38.8,S
2021-06-09T10:34:54,300.0,38.8,S
2021-06-09T10:34:51,500.0,38.8,S
2021-06-09T10:34:38,7000.0,38.9,B
2021-06-09T10:34:37,1500.0,38.9,B
2021-06-09T10:34:37,900.0,38.8,S
2021-06-09T10:34:36,1000.0,38.9,B
2021-06-09T10:34:34,300.0,38.8,S
2021-06-09T10:34:31,100.0,38.8,S
2021-06-09T10:34:28,100.0,38.8,S
2021-06-09T10:34:19,10300.0,38.8,B
2021-06-09T10:34:16,1000.0,38.7,S
2021-06-09T10:34:10,15000.0,38.8,B
2021-06-09T10:34:05,3000.0,38.8,B
2021-06-09T10:34:04,200.0,38.7,S
2021-06-09T10:34:03,5000.0,38.8,B
2021-06-09T10:34:00,1000.0,38.8,B
2021-06-09T10:33:53,900.0,38.8,B
2021-06-09T10:33:51,2000.0,38.8,B
2021-06-09T10:33:40,5600.0,38.7,S
2021-06-09T10:33:21,300.0,38.7,B
2021-06-09T10:33:08,500.0,38.8,B
2021-06-09T10:33:07,10000.0,38.8,B
2021-06-09T10:33:01,200.0,38.7,S
2021-06-09T10:32:55,100.0,38.7,B
2021-06-09T10:32:48,5000.0,38.8,B
2021-06-09T10:32:45,400.0,38.8,B
2021-06-09T10:32:44,300.0,38.8,B
2021-06-09T10:32:36,500.0,38.8,B
2021-06-09T10:32:23,30000.0,38.8,B
2021-06-09T10:32:17,300.0,38.6,B
2021-06-09T10:32:16,200.0,38.5,S
2021-06-09T10:32:06,12500.0,38.6,B
2021-06-09T10:32:04,1000.0,38.5,S
2021-06-09T10:32:03,5000.0,38.6,B
2021-06-09T10:32:01,500.0,38.6,B
2021-06-09T10:31:54,900.0,38.6,B
2021-06-09T10:31:54,1000.0,38.6,B
2021-06-09T10:31:47,200.0,38.6,B
2021-06-09T10:31:39,10000.0,38.6,B
2021-06-09T10:31:38,100.0,38.6,B
2021-06-09T10:31:31,200.0,38.6,B
2021-06-09T10:31:27,200.0,38.6,B
2021-06-09T10:31:27,5000.0,38.6,B
2021-06-09T10:31:17,10000.0,38.6,B
2021-06-09T10:31:07,200.0,38.6,B
2021-06-09T10:31:01,300.0,38.5,S
2021-06-09T10:30:37,1100.0,38.5,S
2021-06-09T10:30:34,25800.0,38.5,B
2021-06-09T10:30:33,200.0,38.5,B
2021-06-09T10:30:32,11500.0,38.5,B
2021-06-09T10:30:32,6000.0,38.5,B
2021-06-09T10:30:17,20000.0,38.5,B
2021-06-09T10:30:09,5000.0,38.5,B
2021-06-09T10:30:07,500.0,38.5,B
2021-06-09T10:30:06,1000.0,38.5,B
2021-06-09T10:29:49,1500.0,38.5,B
2021-06-09T10:29:35,8000.0,38.4,S
2021-06-09T10:29:33,500.0,38.5,B
2021-06-09T10:29:31,100.0,38.5,B
2021-06-09T10:29:26,1000.0,38.4,S
2021-06-09T10:29:12,1000.0,38.4,S
2021-06-09T10:29:12,200.0,38.5,B
2021-06-09T10:28:57,11200.0,38.5,S
2021-06-09T10:28:51,1000.0,38.5,S
2021-06-09T10:28:40,400.0,38.5,S
2021-06-09T10:28:33,500.0,38.5,S
2021-06-09T10:28:32,3000.0,38.5,S
2021-06-09T10:28:31,1000.0,38.6,B
2021-06-09T10:28:27,1000.0,38.5,S
2021-06-09T10:28:17,2000.0,38.5,S
2021-06-09T10:28:16,100.0,38.5,S
2021-06-09T10:28:08,4000.0,38.5,S
2021-06-09T10:28:04,1000.0,38.6,B
2021-06-09T10:27:56,500.0,38.5,S
2021-06-09T10:27:55,200.0,38.5,S
2021-06-09T10:27:52,500.0,38.5,B
2021-06-09T10:27:49,3200.0,38.5,S
2021-06-09T10:27:47,900.0,38.5,B
2021-06-09T10:27:46,600.0,38.5,B
2021-06-09T10:27:44,300.0,38.5,B
2021-06-09T10:27:42,2700.0,38.5,B
2021-06-09T10:27:38,200.0,38.5,S
2021-06-09T10:27:33,10000.0,38.5,S
2021-06-09T10:27:29,1000.0,38.6,B
2021-06-09T10:27:28,1000.0,38.5,S
2021-06-09T10:27:27,500.0,38.5,S
2021-06-09T10:27:26,2000.0,38.6,B
2021-06-09T10:27:23,600.0,38.6,B
2021-06-09T10:27:19,500.0,38.5,S
2021-06-09T10:27:17,100.0,38.6,B
2021-06-09T10:27:15,2000.0,38.6,B
2021-06-09T10:27:13,500.0,38.6,B
2021-06-09T10:27:12,300.0,38.5,B
2021-06-09T10:27:12,500.0,38.5,B
2021-06-09T10:27:09,5200.0,38.6,B
2021-06-09T10:27:08,5500.0,38.5,S
2021-06-09T10:27:04,500.0,38.5,S
2021-06-09T10:27:04,1400.0,38.5,S
2021-06-09T10:26:59,4000.0,38.5,S
2021-06-09T10:26:54,1500.0,38.5,S
2021-06-09T10:26:52,1000.0,38.5,S
2021-06-09T10:26:51,1000.0,38.5,S
2021-06-09T10:26:48,300.0,38.5,B
2021-06-09T10:26:42,14700.0,38.5,S
2021-06-09T10:26:40,100.0,38.6,B
2021-06-09T10:26:39,1000.0,38.6,B
2021-06-09T10:26:36,300.0,38.5,S
2021-06-09T10:26:34,4000.0,38.6,B
2021-06-09T10:26:32,1000.0,38.6,B
2021-06-09T10:26:31,100.0,38.5,S
2021-06-09T10:26:27,1300.0,38.6,B
2021-06-09T10:26:21,1400.0,38.6,B
2021-06-09T10:26:18,600.0,38.6,S
2021-06-09T10:26:17,300.0,38.6,S
2021-06-09T10:26:12,1500.0,38.6,S
2021-06-09T10:26:10,100.0,38.6,S
2021-06-09T10:26:07,3000.0,38.7,B
2021-06-09T10:26:07,10000.0,38.6,S
2021-06-09T10:26:04,500.0,38.6,S
2021-06-09T10:26:04,1000.0,38.7,B
2021-06-09T10:26:03,3000.0,38.6,S
2021-06-09T10:25:51,400.0,38.6,S
2021-06-09T10:25:49,1000.0,38.7,B
2021-06-09T10:25:45,100.0,38.7,B
2021-06-09T10:25:36,500.0,38.6,S
2021-06-09T10:25:16,1000.0,38.7,B
2021-06-09T10:25:12,100.0,38.7,B
2021-06-09T10:25:08,500.0,38.7,B
2021-06-09T10:25:01,300.0,38.7,B
2021-06-09T10:24:57,700.0,38.7,B
2021-06-09T10:24:55,500.0,38.7,B
2021-06-09T10:24:53,11000.0,38.7,S
2021-06-09T10:24:47,100.0,38.8,B
2021-06-09T10:24:43,2000.0,38.8,B
2021-06-09T10:24:39,5000.0,38.8,B
2021-06-09T10:24:37,300.0,38.7,S
2021-06-09T10:24:32,2500.0,38.8,B
2021-06-09T10:24:30,400.0,38.7,S
2021-06-09T10:24:22,1000.0,38.7,S
2021-06-09T10:24:21,2300.0,38.7,B
2021-06-09T10:24:20,1000.0,38.7,B
2021-06-09T10:24:18,500.0,38.7,B
2021-06-09T10:24:17,1000.0,38.7,B
2021-06-09T10:24:16,3000.0,38.7,B
2021-06-09T10:24:07,200.0,38.7,B
2021-06-09T10:24:02,10000.0,38.7,B
2021-06-09T10:24:01,1000.0,38.7,B
2021-06-09T10:23:58,200.0,38.7,B
2021-06-09T10:23:55,1000.0,38.6,S
2021-06-09T10:23:54,100.0,38.6,S
2021-06-09T10:23:47,500.0,38.7,B
2021-06-09T10:23:44,2000.0,38.6,S
2021-06-09T10:23:41,1500.0,38.6,B
2021-06-09T10:23:41,600.0,38.6,B
2021-06-09T10:23:40,500.0,38.6,B
2021-06-09T10:23:38,5000.0,38.6,B
2021-06-09T10:23:32,1000.0,38.6,B
2021-06-09T10:23:27,3000.0,38.6,B
2021-06-09T10:23:26,3400.0,38.6,B
2021-06-09T10:23:13,400.0,38.6,B
2021-06-09T10:23:07,1500.0,38.6,B
2021-06-09T10:23:01,4100.0,38.5,B
2021-06-09T10:22:59,9500.0,38.5,B
2021-06-09T10:22:58,500.0,38.4,S
2021-06-09T10:22:56,2200.0,38.5,B
2021-06-09T10:22:55,5000.0,38.5,B
2021-06-09T10:22:52,1000.0,38.5,B
2021-06-09T10:22:52,300.0,38.5,B
2021-06-09T10:22:51,200.0,38.5,B
2021-06-09T10:22:49,500.0,38.5,B
2021-06-09T10:22:44,1000.0,38.5,B
2021-06-09T10:22:36,500.0,38.5,B
2021-06-09T10:22:35,3000.0,38.5,B
2021-06-09T10:22:29,2000.0,38.5,B
2021-06-09T10:22:27,1200.0,38.4,S
2021-06-09T10:22:22,300.0,38.4,S
2021-06-09T10:22:16,5000.0,38.5,B
2021-06-09T10:22:14,100.0,38.4,S
2021-06-09T10:22:12,20200.0,38.5,B
2021-06-09T10:22:08,2000.0,38.5,B
2021-06-09T10:22:03,100.0,38.5,B
2021-06-09T10:22:01,5000.0,38.5,B
2021-06-09T10:21:56,2000.0,38.5,B
2021-06-09T10:21:50,1000.0,38.5,B
2021-06-09T10:21:45,27000.0,38.5,B
2021-06-09T10:21:31,500.0,38.4,S
2021-06-09T10:21:22,1500.0,38.4,S
2021-06-09T10:21:21,27000.0,38.4,B
2021-06-09T10:21:20,10000.0,38.4,B
2021-06-09T10:21:19,100.0,38.3,S
2021-06-09T10:21:15,1000.0,38.4,B
2021-06-09T10:21:09,1000.0,38.4,B
2021-06-09T10:21:03,1200.0,38.4,B
2021-06-09T10:20:58,1000.0,38.4,B
2021-06-09T10:20:57,2000.0,38.4,B
2021-06-09T10:20:57,600.0,38.3,S
2021-06-09T10:20:54,1000.0,38.3,S
2021-06-09T10:20:51,2000.0,38.4,B
2021-06-09T10:20:49,1000.0,38.3,S
2021-06-09T10:20:48,4000.0,38.4,B
2021-06-09T10:20:47,39000.0,38.4,B
2021-06-09T10:20:39,300.0,38.3,S
2021-06-09T10:20:38,1000.0,38.4,B
2021-06-09T10:20:30,200.0,38.4,B
2021-06-09T10:20:11,200.0,38.4,B
2021-06-09T10:20:06,100.0,38.4,B
2021-06-09T10:20:04,800.0,38.3,B
2021-06-09T10:20:02,200.0,38.3,S
2021-06-09T10:19:58,800.0,38.3,S
2021-06-09T10:19:53,1500.0,38.3,B
2021-06-09T10:19:53,1500.0,38.3,B
2021-06-09T10:19:32,2000.0,38.2,S
2021-06-09T10:19:32,200.0,38.3,B
2021-06-09T10:19:29,11000.0,38.3,B
2021-06-09T10:19:15,100.0,38.3,B
2021-06-09T10:19:04,300.0,38.3,B
2021-06-09T10:19:01,7000.0,38.3,B
2021-06-09T10:18:53,2000.0,38.3,B
2021-06-09T10:18:52,200.0,38.3,B
2021-06-09T10:18:51,1000.0,38.3,B
2021-06-09T10:18:50,3000.0,38.3,B
2021-06-09T10:18:43,500.0,38.3,B
2021-06-09T10:18:33,10000.0,38.3,B
2021-06-09T10:18:29,300.0,38.1,S
2021-06-09T10:18:27,500.0,38.2,S
2021-06-09T10:18:24,3000.0,38.3,B
2021-06-09T10:18:21,20000.0,38.3,B
2021-06-09T10:18:17,700.0,38.2,B
2021-06-09T10:18:11,19700.0,38.2,S
2021-06-09T10:17:54,100.0,38.1,S
2021-06-09T10:17:54,800.0,38.2,B
2021-06-09T10:17:42,600.0,38.1,S
2021-06-09T10:17:36,100.0,38.1,S
2021-06-09T10:17:31,2000.0,38.2,B
2021-06-09T10:17:28,1000.0,38.1,S
2021-06-09T10:17:22,200.0,38.2,B
2021-06-09T10:17:03,5000.0,38.2,B
2021-06-09T10:17:00,1000.0,38.2,B
2021-06-09T10:16:25,500.0,38.1,B
2021-06-09T10:16:15,500.0,38.1,S
2021-06-09T10:16:12,20000.0,38.2,B
2021-06-09T10:16:07,1300.0,38.1,S
2021-06-09T10:16:06,1000.0,38.1,S
2021-06-09T10:15:49,1000.0,38.1,S
2021-06-09T10:15:38,18100.0,38.3,B
2021-06-09T10:15:37,600.0,38.2,B
2021-06-09T10:15:35,9600.0,38.2,S
2021-06-09T10:15:34,500.0,38.3,B
2021-06-09T10:15:27,100.0,38.2,S
2021-06-09T10:15:17,200.0,38.2,S
2021-06-09T10:15:17,2000.0,38.2,S
2021-06-09T10:15:06,1000.0,38.3,B
2021-06-09T10:14:55,5000.0,38.3,B
2021-06-09T10:14:54,1000.0,38.3,B
2021-06-09T10:14:48,1000.0,38.3,B
2021-06-09T10:14:42,3000.0,38.3,B
2021-06-09T10:14:41,1000.0,38.2,S
2021-06-09T10:14:40,200.0,38.3,B
2021-06-09T10:14:26,500.0,38.2,S
2021-06-09T10:14:24,16500.0,38.2,B
2021-06-09T10:14:22,10000.0,38.2,B
2021-06-09T10:14:21,200.0,38.2,B
2021-06-09T10:14:20,3300.0,38.1,S
2021-06-09T10:14:19,500.0,38.2,B
2021-06-09T10:14:17,900.0,38.1,S
2021-06-09T10:14:17,100.0,38.2,B
2021-06-09T10:14:15,10000.0,38.2,B
2021-06-09T10:14:13,100.0,38.2,B
2021-06-09T10:14:12,500.0,38.2,B
2021-06-09T10:14:09,2000.0,38.2,B
2021-06-09T10:14:04,1000.0,38.2,B
2021-06-09T10:14:02,2000.0,38.2,B
2021-06-09T10:13:54,200.0,38.2,B
2021-06-09T10:13:54,3000.0,38.2,B
2021-06-09T10:13:52,5000.0,38.2,B
2021-06-09T10:13:47,1000.0,38.2,B
2021-06-09T10:13:42,1400.0,38.2,B
2021-06-09T10:13:40,100.0,38.2,B
2021-06-09T10:13:35,3000.0,38.1,S
2021-06-09T10:13:34,1000.0,38.2,B
2021-06-09T10:13:26,100.0,38.1,S
2021-06-09T10:13:25,4800.0,38.1,B
2021-06-09T10:13:20,9000.0,38.1,B
2021-06-09T10:13:19,300.0,38.1,B
2021-06-09T10:13:11,100.0,38.1,B
2021-06-09T10:13:10,1200.0,38.1,B
2021-06-09T10:13:00,100.0,38.0,S
2021-06-09T10:12:59,3000.0,38.0,S
2021-06-09T10:12:49,1000.0,38.0,S
2021-06-09T10:12:46,3000.0,38.0,S
2021-06-09T10:12:38,4800.0,38.0,S
2021-06-09T10:12:37,4000.0,38.0,B
2021-06-09T10:12:35,500.0,38.0,B
2021-06-09T10:12:20,1000.0,38.0,B
2021-06-09T10:12:19,2500.0,38.0,B
2021-06-09T10:12:18,2500.0,38.0,B
2021-06-09T10:12:15,2000.0,38.0,B
2021-06-09T10:12:14,5300.0,38.0,B
2021-06-09T10:12:07,700.0,38.0,B
2021-06-09T10:12:05,1000.0,38.0,B
2021-06-09T10:12:02,4000.0,37.9,S
2021-06-09T10:12:01,400.0,38.0,B
2021-06-09T10:11:59,4700.0,38.0,B
2021-06-09T10:11:53,8000.0,38.0,B
2021-06-09T10:11:48,1100.0,38.0,B
2021-06-09T10:11:46,500.0,38.0,B
2021-06-09T10:11:46,1000.0,38.0,B
2021-06-09T10:11:27,5000.0,38.0,B
2021-06-09T10:11:21,500.0,38.0,B
2021-06-09T10:11:18,1000.0,38.0,B
2021-06-09T10:11:11,500.0,38.0,B
2021-06-09T10:11:09,3000.0,38.0,B
2021-06-09T10:10:59,200.0,37.9,S
2021-06-09T10:10:42,300.0,37.9,S
2021-06-09T10:10:39,4600.0,37.9,B
2021-06-09T10:10:18,100.0,37.8,S
2021-06-09T10:09:53,1400.0,37.8,S
2021-06-09T10:09:49,1000.0,37.8,B
2021-06-09T10:09:47,100.0,37.8,B
2021-06-09T10:09:29,2000.0,37.8,B
2021-06-09T10:09:24,300.0,37.7,S
2021-06-09T10:09:22,300.0,37.7,S
2021-06-09T10:09:20,8000.0,37.8,B
2021-06-09T10:09:07,100.0,37.8,B
2021-06-09T10:09:01,100.0,37.8,B
2021-06-09T10:08:50,2000.0,37.8,B
2021-06-09T10:08:25,200.0,37.8,B
2021-06-09T10:08:22,500.0,37.8,B
2021-06-09T10:08:21,500.0,37.8,B
2021-06-09T10:08:17,1000.0,37.8,B
2021-06-09T10:08:12,2000.0,37.8,B
2021-06-09T10:08:10,1000.0,37.8,B
2021-06-09T10:07:50,5000.0,37.8,B
2021-06-09T10:07:48,2000.0,37.7,S
2021-06-09T10:07:48,500.0,37.8,B
2021-06-09T10:07:37,500.0,37.8,B
2021-06-09T10:07:27,5000.0,37.8,B
2021-06-09T10:07:19,500.0,37.8,B
2021-06-09T10:07:18,100.0,37.8,B
2021-06-09T10:07:11,2000.0,37.8,B
2021-06-09T10:07:04,5000.0,37.8,B
2021-06-09T10:06:55,1000.0,37.8,B
2021-06-09T10:06:52,400.0,37.8,B
2021-06-09T10:06:52,1000.0,37.7,S
2021-06-09T10:06:41,20000.0,37.8,B
2021-06-09T10:06:40,200.0,37.7,S
2021-06-09T10:06:06,10000.0,37.8,B
2021-06-09T10:05:38,1600.0,37.8,B
2021-06-09T10:05:33,400.0,37.8,B
2021-06-09T10:05:21,300.0,37.8,B
2021-06-09T10:05:05,1000.0,37.8,B
2021-06-09T10:05:01,1000.0,37.8,B
2021-06-09T10:04:51,500.0,37.7,S
2021-06-09T10:04:43,1000.0,37.7,S
2021-06-09T10:04:40,500.0,37.7,S
2021-06-09T10:04:37,2000.0,37.8,B
2021-06-09T10:04:32,6200.0,37.7,S
2021-06-09T10:04:15,400.0,37.7,S
2021-06-09T10:04:14,100.0,37.8,B
2021-06-09T10:04:11,100.0,37.8,B
2021-06-09T10:03:59,500.0,37.7,S
2021-06-09T10:03:42,800.0,37.7,S
2021-06-09T10:03:40,10000.0,37.8,B
2021-06-09T10:03:37,100.0,37.7,S
2021-06-09T10:03:30,1000.0,37.7,S
2021-06-09T10:03:07,1300.0,37.7,S
2021-06-09T10:03:06,1800.0,37.7,S
2021-06-09T10:02:53,1000.0,37.8,B
2021-06-09T10:02:45,1000.0,37.7,S
2021-06-09T10:02:07,100.0,37.7,S
2021-06-09T10:01:56,5300.0,37.7,S
2021-06-09T10:01:46,4100.0,37.7,B
2021-06-09T10:01:35,500.0,37.7,B
2021-06-09T10:00:56,1000.0,37.7,S
2021-06-09T10:00:50,4500.0,37.8,B
2021-06-09T10:00:45,1000.0,37.8,B
2021-06-09T10:00:43,2000.0,37.6,S
2021-06-09T10:00:37,20000.0,37.8,B
2021-06-09T10:00:01,200.0,37.7,B
2021-06-09T09:59:50,100.0,37.6,S
2021-06-09T09:59:44,2200.0,37.6,S
2021-06-09T09:59:41,1200.0,37.6,S
2021-06-09T09:59:17,100.0,37.6,S
2021-06-09T09:59:16,1000.0,37.5,S
2021-06-09T09:59:13,1000.0,37.5,S
2021-06-09T09:59:00,3000.0,37.7,B
2021-06-09T09:58:58,5000.0,37.7,B
2021-06-09T09:58:55,500.0,37.7,B
2021-06-09T09:58:54,100.0,37.7,S
2021-06-09T09:58:42,100.0,37.8,B
2021-06-09T09:58:33,2000.0,37.8,B
2021-06-09T09:58:25,200.0,37.7,S
2021-06-09T09:58:11,1300.0,37.7,B
2021-06-09T09:57:50,1000.0,37.6,S
2021-06-09T09:57:47,100.0,37.6,S
2021-06-09T09:57:40,300.0,37.6,S
2021-06-09T09:57:26,1000.0,37.6,S
2021-06-09T09:57:17,100.0,37.6,S
2021-06-09T09:57:04,500.0,37.6,S
2021-06-09T09:56:55,4000.0,37.6,S
2021-06-09T09:56:49,3000.0,37.7,S
2021-06-09T09:56:27,1800.0,37.6,S
2021-06-09T09:56:09,3300.0,37.5,S
2021-06-09T09:55:54,100.0,37.6,B
2021-06-09T09:55:47,15000.0,37.5,S
2021-06-09T09:55:45,1000.0,37.5,S
2021-06-09T09:55:32,500.0,37.5,S
2021-06-09T09:55:23,100.0,37.6,B
2021-06-09T09:55:23,2000.0,37.5,S
2021-06-09T09:54:54,100.0,37.5,S
2021-06-09T09:54:51,3700.0,37.5,S
2021-06-09T09:54:49,8000.0,37.5,B
2021-06-09T09:54:35,4000.0,37.5,B
2021-06-09T09:54:29,1100.0,37.3,S
2021-06-09T09:54:23,500.0,37.3,S
2021-06-09T09:54:06,100.0,37.4,B
2021-06-09T09:53:59,1500.0,37.3,S
2021-06-09T09:53:52,5000.0,37.3,S
2021-06-09T09:53:43,100.0,37.3,S
2021-06-09T09:53:28,1000.0,37.3,S
2021-06-09T09:53:19,700.0,37.3,S
2021-06-09T09:53:07,8000.0,37.5,B
2021-06-09T09:53:06,6000.0,37.5,B
2021-06-09T09:52:58,100.0,37.3,S
2021-06-09T09:52:56,1000.0,37.4,B
2021-06-09T09:52:55,500.0,37.3,S
2021-06-09T09:52:51,200.0,37.4,B
2021-06-09T09:52:16,4200.0,37.3,S
2021-06-09T09:52:13,1000.0,37.3,B
2021-06-09T09:52:07,500.0,37.3,B
2021-06-09T09:52:07,1000.0,37.2,S
2021-06-09T09:51:59,500.0,37.2,S
2021-06-09T09:51:48,500.0,37.2,S
2021-06-09T09:51:42,100.0,37.2,S
2021-06-09T09:51:36,1400.0,37.2,S
2021-06-09T09:51:13,300.0,37.2,B
2021-06-09T09:50:56,300.0,37.1,S
2021-06-09T09:50:36,1000.0,37.1,S
2021-06-09T09:50:31,2700.0,37.2,S
2021-06-09T09:50:10,3000.0,37.2,S
2021-06-09T09:50:04,1000.0,37.2,S
2021-06-09T09:49:51,9000.0,37.2,B
2021-06-09T09:49:51,200.0,37.2,B
2021-06-09T09:49:33,500.0,37.2,B
2021-06-09T09:49:31,1000.0,37.1,S
2021-06-09T09:49:04,1200.0,37.1,S
2021-06-09T09:48:50,500.0,37.2,B
2021-06-09T09:48:26,1000.0,37.2,B
2021-06-09T09:48:19,200.0,37.1,S
2021-06-09T09:48:10,1000.0,37.1,S
2021-06-09T09:48:07,5000.0,37.1,S
2021-06-09T09:47:57,500.0,37.1,S
2021-06-09T09:47:40,100.0,37.1,S
2021-06-09T09:47:36,300.0,37.1,S
2021-06-09T09:47:29,1000.0,37.1,S
2021-06-09T09:47:26,100.0,37.2,B
2021-06-09T09:47:08,100.0,37.1,S
2021-06-09T09:47:01,3000.0,37.1,S
2021-06-09T09:46:58,2000.0,37.1,S
2021-06-09T09:46:50,500.0,37.1,S
2021-06-09T09:46:46,100.0,37.1,S
2021-06-09T09:46:44,200.0,37.1,S
2021-06-09T09:46:23,200.0,37.1,S
2021-06-09T09:46:21,500.0,37.1,S
2021-06-09T09:46:10,200.0,37.2,B
2021-06-09T09:46:04,3000.0,37.1,S
2021-06-09T09:45:59,200.0,37.1,S
2021-06-09T09:45:57,300.0,37.1,S
2021-06-09T09:45:53,10500.0,37.1,S
2021-06-09T09:45:49,200.0,37.1,S
2021-06-09T09:45:42,1000.0,37.1,S
2021-06-09T09:45:34,5600.0,37.1,B
2021-06-09T09:45:32,1000.0,37.0,S
2021-06-09T09:45:23,400.0,37.0,S
2021-06-09T09:45:20,500.0,37.0,S
2021-06-09T09:45:13,300.0,37.0,S
2021-06-09T09:45:10,1000.0,37.0,S
2021-06-09T09:45:07,1000.0,37.0,S
2021-06-09T09:45:06,100.0,37.0,S
2021-06-09T09:45:03,500.0,37.0,S
2021-06-09T09:45:01,1100.0,37.0,B
2021-06-09T09:44:55,1200.0,37.0,S
2021-06-09T09:44:54,700.0,37.0,S
2021-06-09T09:44:46,200.0,37.0,S
2021-06-09T09:44:44,300.0,37.0,S
2021-06-09T09:44:32,1000.0,37.0,S
2021-06-09T09:44:20,7000.0,37.0,S
2021-06-09T09:44:07,100.0,37.0,S
2021-06-09T09:43:53,200.0,37.0,S
2021-06-09T09:43:51,300.0,37.0,S
2021-06-09T09:43:51,3000.0,37.0,S
2021-06-09T09:43:45,500.0,37.0,S
2021-06-09T09:43:42,10000.0,37.0,S
2021-06-09T09:43:34,1500.0,37.0,S
2021-06-09T09:43:32,3000.0,37.0,S
2021-06-09T09:43:29,20000.0,37.0,S
2021-06-09T09:43:26,300.0,37.0,S
2021-06-09T09:43:26,1000.0,37.1,B
2021-06-09T09:43:16,100.0,37.0,S
2021-06-09T09:43:15,100.0,37.0,S
2021-06-09T09:42:47,700.0,37.0,S
2021-06-09T09:42:42,400.0,37.0,S
2021-06-09T09:42:40,1000.0,37.1,B
2021-06-09T09:42:36,2500.0,37.0,S
2021-06-09T09:42:29,500.0,37.0,S
2021-06-09T09:42:24,100.0,37.0,S
2021-06-09T09:42:23,3000.0,37.0,S
2021-06-09T09:42:23,2000.0,37.0,S
2021-06-09T09:42:19,500.0,37.0,S
2021-06-09T09:42:14,200.0,37.0,S
2021-06-09T09:42:12,5000.0,37.0,S
2021-06-09T09:42:08,3100.0,37.0,S
2021-06-09T09:42:07,10000.0,37.0,S
2021-06-09T09:41:58,1000.0,37.0,S
2021-06-09T09:41:54,1000.0,37.0,S
2021-06-09T09:41:53,400.0,37.0,S
2021-06-09T09:41:48,1000.0,37.0,S
2021-06-09T09:41:40,1000.0,37.0,S
2021-06-09T09:41:34,500.0,37.1,B
2021-06-09T09:41:32,200.0,37.0,S
2021-06-09T09:41:26,2400.0,37.1,S
2021-06-09T09:41:09,500.0,37.1,S
2021-06-09T09:41:07,2000.0,37.1,S
2021-06-09T09:40:47,500.0,37.1,S
2021-06-09T09:40:41,1200.0,37.1,S
2021-06-09T09:40:28,2000.0,37.1,S
2021-06-09T09:40:12,100.0,37.1,S
2021-06-09T09:40:04,500.0,37.1,S
2021-06-09T09:40:02,2500.0,37.1,S
2021-06-09T09:40:00,400.0,37.0,S
2021-06-09T09:39:52,100.0,37.0,S
2021-06-09T09:39:48,300.0,37.0,S
2021-06-09T09:39:46,2200.0,37.0,S
2021-06-09T09:39:45,1000.0,37.0,S
2021-06-09T09:39:42,100.0,37.0,S
2021-06-09T09:39:22,1000.0,37.0,S
2021-06-09T09:39:21,400.0,37.0,S
2021-06-09T09:39:21,1000.0,37.1,B
2021-06-09T09:39:19,1000.0,37.1,B
2021-06-09T09:39:02,44700.0,37.1,B
2021-06-09T09:38:51,200.0,37.2,S
2021-06-09T09:38:50,4800.0,37.2,S
2021-06-09T09:38:49,2000.0,37.2,B
2021-06-09T09:38:38,1000.0,37.2,B
2021-06-09T09:38:33,2000.0,37.2,B
2021-06-09T09:38:20,100.0,37.2,B
2021-06-09T09:38:19,200.0,37.1,S
2021-06-09T09:38:12,200.0,37.1,S
2021-06-09T09:37:59,500.0,37.2,B
2021-06-09T09:37:59,300.0,37.2,B
2021-06-09T09:37:52,1000.0,37.2,B
2021-06-09T09:37:48,600.0,37.2,S
2021-06-09T09:37:43,5000.0,37.2,S
2021-06-09T09:37:34,1000.0,37.2,S
2021-06-09T09:37:31,2000.0,37.2,S
2021-06-09T09:37:21,1500.0,37.2,S
2021-06-09T09:37:04,400.0,37.3,B
2021-06-09T09:36:58,300.0,37.3,S
2021-06-09T09:36:54,200.0,37.3,S
2021-06-09T09:36:51,200.0,37.3,S
2021-06-09T09:36:46,2900.0,37.3,S
2021-06-09T09:36:44,100.0,37.2,S
2021-06-09T09:36:36,500.0,37.2,S
2021-06-09T09:36:26,1500.0,37.2,S
2021-06-09T09:36:20,1000.0,37.2,S
2021-06-09T09:36:10,2000.0,37.2,S
2021-06-09T09:36:09,300.0,37.2,S
2021-06-09T09:35:43,100.0,37.2,S
2021-06-09T09:35:41,500.0,37.3,B
2021-06-09T09:35:29,4500.0,37.2,S
2021-06-09T09:35:25,100.0,37.3,B
2021-06-09T09:35:22,2000.0,37.3,S
2021-06-09T09:35:10,800.0,37.3,S
2021-06-09T09:35:04,1100.0,37.3,B
2021-06-09T09:35:02,100.0,37.2,S
2021-06-09T09:35:01,3000.0,37.2,S
2021-06-09T09:34:59,100.0,37.3,B
2021-06-09T09:34:56,1000.0,37.3,B
2021-06-09T09:34:38,300.0,37.3,B
2021-06-09T09:34:29,100.0,37.2,S
2021-06-09T09:34:23,1000.0,37.2,S
2021-06-09T09:34:02,8000.0,37.2,S
2021-06-09T09:33:56,200.0,37.3,S
2021-06-09T09:33:49,300.0,37.3,S
2021-06-09T09:33:33,1500.0,37.3,S
2021-06-09T09:33:30,3700.0,37.4,B
2021-06-09T09:33:30,900.0,37.3,S
2021-06-09T09:33:29,5000.0,37.3,S
2021-06-09T09:33:24,2000.0,37.4,B
2021-06-09T09:33:21,100.0,37.3,S
2021-06-09T09:33:19,200.0,37.3,S
2021-06-09T09:33:19,1000.0,37.3,S
2021-06-09T09:33:14,100.0,37.3,S
2021-06-09T09:33:11,500.0,37.3,S
2021-06-09T09:33:02,500.0,37.3,S
2021-06-09T09:32:44,1000.0,37.3,S
2021-06-09T09:32:35,300.0,37.3,S
2021-06-09T09:32:31,100.0,37.3,S
2021-06-09T09:32:24,200.0,37.3,B
2021-06-09T09:32:18,5500.0,37.2,S
2021-06-09T09:32:09,2000.0,37.2,S
2021-06-09T09:32:06,700.0,37.2,S
2021-06-09T09:32:01,10000.0,37.2,S
2021-06-09T09:31:54,100.0,37.2,S
2021-06-09T09:31:53,1000.0,37.2,S
2021-06-09T09:31:47,2000.0,37.3,B
2021-06-09T09:31:27,4200.0,37.2,S
2021-06-09T09:31:22,300.0,37.3,S
2021-06-09T09:31:04,500.0,37.3,S
2021-06-09T09:30:57,200.0,37.4,B
2021-06-09T09:30:50,4900.0,37.3,S
2021-06-09T09:30:48,500.0,37.3,S
2021-06-09T09:30:47,700.0,37.3,S
2021-06-09T09:30:45,200.0,37.4,S
2021-06-09T09:30:41,400.0,37.3,S
2021-06-09T09:30:36,1000.0,37.4,S
2021-06-09T09:30:24,1000.0,37.4,S
2021-06-09T09:30:17,1000.0,37.4,S
2021-06-09T09:30:00,300.0,37.5,B
2021-06-09T09:29:55,3000.0,37.4,S
2021-06-09T09:29:46,1000.0,37.4,S
2021-06-09T09:29:33,1000.0,37.4,S
2021-06-09T09:29:24,5000.0,37.4,S
2021-06-09T09:29:17,1000.0,37.4,S
2021-06-09T09:29:11,200.0,37.4,S
2021-06-09T09:29:03,100.0,37.5,B
2021-06-09T09:29:02,100.0,37.5,B
2021-06-09T09:28:51,8400.0,37.4,S
2021-06-09T09:28:41,500.0,37.6,B
2021-06-09T09:28:39,100.0,37.5,S
2021-06-09T09:28:37,500.0,37.4,S
2021-06-09T09:28:35,300.0,37.4,S
2021-06-09T09:28:22,300.0,37.5,S
2021-06-09T09:28:09,500.0,37.4,S
2021-06-09T09:28:00,1000.0,37.4,S
2021-06-09T09:27:54,500.0,37.4,S
2021-06-09T09:27:54,100.0,37.6,S
2021-06-09T09:27:45,16300.0,37.4,S
2021-06-09T09:27:43,700.0,37.6,S
2021-06-09T09:27:33,4100.0,37.6,S
2021-06-09T09:27:30,200.0,37.6,S
2021-06-09T09:27:09,400.0,37.6,S
2021-06-09T09:27:07,300.0,37.6,S
2021-06-09T09:27:04,1000.0,37.6,S
2021-06-09T09:26:49,300.0,37.6,S
2021-06-09T09:26:30,700.0,37.6,S
2021-06-09T09:26:29,200.0,37.6,S
2021-06-09T09:26:22,500.0,37.6,S
2021-06-09T09:26:20,100.0,37.6,S
2021-06-09T09:26:10,2800.0,37.6,S
2021-06-09T09:26:09,7700.0,37.6,S
2021-06-09T09:26:09,5700.0,37.6,S
2021-06-09T09:26:07,100.0,37.7,B
2021-06-09T09:25:42,2000.0,37.7,B
2021-06-09T09:25:37,500.0,37.7,S
2021-06-09T09:25:33,100.0,37.7,S
2021-06-09T09:25:29,2100.0,37.7,S
2021-06-09T09:25:26,2000.0,37.8,B
2021-06-09T09:25:20,500.0,37.7,S
2021-06-09T09:25:12,1400.0,37.7,S
2021-06-09T09:25:05,10000.0,37.7,S
2021-06-09T09:25:04,1000.0,37.7,S
2021-06-09T09:24:57,3000.0,37.7,S
2021-06-09T09:24:53,1000.0,37.7,S
2021-06-09T09:24:50,33100.0,37.8,S
2021-06-09T09:24:48,4700.0,37.9,S
2021-06-09T09:24:43,500.0,37.9,S
2021-06-09T09:24:40,2800.0,37.9,S
2021-06-09T09:24:38,300.0,37.9,S
2021-06-09T09:24:29,14500.0,37.9,S
2021-06-09T09:24:26,300.0,37.9,S
2021-06-09T09:24:26,1000.0,37.9,S
2021-06-09T09:24:26,1000.0,37.9,S
2021-06-09T09:24:20,1000.0,37.9,S
2021-06-09T09:24:14,1000.0,37.9,S
2021-06-09T09:23:39,200.0,38.0,B
2021-06-09T09:23:28,500.0,38.0,B
2021-06-09T09:23:23,200.0,38.0,B
2021-06-09T09:23:14,500.0,38.0,B
2021-06-09T09:23:10,800.0,38.0,B
2021-06-09T09:23:08,300.0,38.0,S
2021-06-09T09:23:04,500.0,38.0,S
2021-06-09T09:23:03,2300.0,38.0,S
2021-06-09T09:23:00,300.0,38.0,S
2021-06-09T09:22:58,300.0,38.0,S
2021-06-09T09:22:57,2000.0,38.0,S
2021-06-09T09:22:57,500.0,38.0,S
2021-06-09T09:22:48,500.0,38.0,S
2021-06-09T09:22:40,100.0,38.0,S
2021-06-09T09:22:39,200.0,38.0,S
2021-06-09T09:22:37,400.0,38.0,S
2021-06-09T09:22:34,1000.0,38.0,S
2021-06-09T09:22:31,2000.0,38.0,S
2021-06-09T09:22:25,2700.0,38.0,S
2021-06-09T09:22:24,1900.0,38.0,S
2021-06-09T09:22:23,200.0,38.0,S
2021-06-09T09:22:21,4200.0,38.0,S
2021-06-09T09:22:15,3000.0,38.0,S
2021-06-09T09:22:03,10000.0,38.0,S
2021-06-09T09:22:01,100.0,38.1,B
2021-06-09T09:21:58,1200.0,38.0,S
2021-06-09T09:21:48,600.0,38.1,B
2021-06-09T09:21:48,200.0,38.1,S
2021-06-09T09:21:46,300.0,38.1,S
2021-06-09T09:21:41,100.0,38.2,B
2021-06-09T09:21:39,1000.0,38.1,S
2021-06-09T09:21:29,600.0,38.1,S
2021-06-09T09:21:28,2000.0,38.1,S
2021-06-09T09:21:21,400.0,38.1,S
2021-06-09T09:21:13,1000.0,38.1,S
2021-06-09T09:21:10,5000.0,38.1,S
2021-06-09T09:21:01,1000.0,38.2,B
2021-06-09T09:21:01,1000.0,38.1,S
2021-06-09T09:20:51,8000.0,38.2,B
2021-06-09T09:20:32,500.0,38.2,B
2021-06-09T09:20:11,1500.0,38.2,B
2021-06-09T09:20:00,9000.0,38.2,S
2021-06-09T09:19:50,3100.0,38.2,B
2021-06-09T09:19:44,100.0,38.2,B
2021-06-09T09:19:33,200.0,38.2,B
2021-06-09T09:19:26,300.0,38.2,B
2021-06-09T09:19:25,100.0,38.2,S
2021-06-09T09:19:24,500.0,38.2,S
2021-06-09T09:19:17,100.0,38.2,S
2021-06-09T09:19:16,100.0,38.2,B
2021-06-09T09:19:07,4800.0,38.2,B
2021-06-09T09:19:05,300.0,38.3,B
2021-06-09T09:19:00,500.0,38.2,S
2021-06-09T09:18:52,3000.0,38.2,S
2021-06-09T09:18:48,3400.0,38.2,S
2021-06-09T09:18:41,1100.0,38.2,S
2021-06-09T09:18:28,2000.0,38.1,S
2021-06-09T09:18:24,500.0,38.1,S
2021-06-09T09:18:10,3000.0,38.2,B
2021-06-09T09:18:09,800.0,38.1,S
2021-06-09T09:18:04,2000.0,38.2,B
2021-06-09T09:17:54,100.0,38.2,B
2021-06-09T09:17:49,18800.0,38.2,B
2021-06-09T09:17:42,500.0,38.2,S
2021-06-09T09:17:37,700.0,38.3,B
2021-06-09T09:17:35,1000.0,38.3,B
2021-06-09T09:17:32,700.0,38.2,S
2021-06-09T09:17:23,2000.0,38.3,B
2021-06-09T09:17:22,5000.0,38.3,B
2021-06-09T09:17:14,100.0,38.2,S
2021-06-09T09:17:14,500.0,38.2,S
2021-06-09T09:17:13,500.0,38.2,S
2021-06-09T09:17:09,500.0,38.3,B
2021-06-09T09:17:05,1000.0,38.2,S
2021-06-09T09:17:03,2000.0,38.2,S
2021-06-09T09:16:57,200.0,38.2,S
2021-06-09T09:16:55,2000.0,38.3,B
2021-06-09T09:16:53,3000.0,38.3,B
2021-06-09T09:16:43,100.0,38.2,S
2021-06-09T09:16:42,200.0,38.2,S
2021-06-09T09:16:40,2000.0,38.3,B
2021-06-09T09:16:30,7300.0,38.2,S
2021-06-09T09:16:26,500.0,38.2,S
2021-06-09T09:16:22,500.0,38.3,B
2021-06-09T09:16:18,400.0,38.2,S
2021-06-09T09:16:14,1000.0,38.2,S
2021-06-09T09:16:01,1000.0,38.2,S
2021-06-09T09:15:25,2000.0,38.2,S
2021-06-09T09:15:20,1400.0,38.2,B
2021-06-09T09:15:06,10000.0,38.2,B
2021-06-09T09:15:05,1000.0,38.2,B
2021-06-09T09:15:04,1000.0,38.1,S
2021-06-09T09:15:00,8000.0,38.2,B
2021-06-09T09:14:48,200.0,38.1,S
2021-06-09T09:14:39,300.0,38.2,B
2021-06-09T09:14:33,100.0,38.2,B
2021-06-09T09:14:30,100.0,38.1,S
2021-06-09T09:14:17,1000.0,38.2,B
2021-06-09T09:13:45,500.0,38.1,S
2021-06-09T09:13:25,500.0,38.0,S
2021-06-09T09:13:24,1000.0,38.0,S
2021-06-09T09:13:20,500.0,38.0,S
2021-06-09T09:12:52,1300.0,38.0,S
2021-06-09T09:12:44,3000.0,38.0,S
2021-06-09T09:12:43,300.0,38.0,S
2021-06-09T09:12:40,1000.0,38.0,S
2021-06-09T09:12:36,300.0,38.0,S
2021-06-09T09:12:11,500.0,38.0,S
2021-06-09T09:11:56,6000.0,38.0,B
2021-06-09T09:11:46,10000.0,38.0,B
2021-06-09T09:11:32,100.0,38.0,B
2021-06-09T09:11:30,1600.0,37.9,S
2021-06-09T09:11:09,4000.0,37.9,S
2021-06-09T09:11:02,500.0,38.0,B
2021-06-09T09:10:58,1000.0,37.8,S
2021-06-09T09:10:58,500.0,37.9,S
2021-06-09T09:10:57,1000.0,38.0,B
2021-06-09T09:10:47,200.0,38.0,B
2021-06-09T09:10:42,1000.0,38.0,S
2021-06-09T09:10:33,20000.0,38.0,S
2021-06-09T09:10:31,200.0,38.2,B
2021-06-09T09:10:29,1500.0,38.2,B
2021-06-09T09:10:22,3200.0,38.2,S
2021-06-09T09:10:13,500.0,38.3,B
2021-06-09T09:09:57,800.0,38.3,B
2021-06-09T09:09:55,500.0,38.3,S
2021-06-09T09:09:44,1000.0,38.3,S
2021-06-09T09:09:39,100.0,38.4,B
2021-06-09T09:09:31,1000.0,38.3,S
2021-06-09T09:09:21,500.0,38.4,B
2021-06-09T09:09:18,500.0,38.4,B
2021-06-09T09:09:16,5000.0,38.4,B
2021-06-09T09:09:13,2000.0,38.4,B
2021-06-09T09:09:12,1900.0,38.3,S
2021-06-09T09:09:10,100.0,38.3,S
2021-06-09T09:08:59,500.0,38.4,B
2021-06-09T09:08:54,10000.0,38.4,B
2021-06-09T09:08:53,1300.0,38.3,S
2021-06-09T09:08:52,1000.0,38.3,S
2021-06-09T09:08:50,2000.0,38.4,B
2021-06-09T09:08:44,100.0,38.3,S
2021-06-09T09:08:40,1000.0,38.3,S
2021-06-09T09:08:33,200.0,38.4,B
2021-06-09T09:08:30,700.0,38.4,B
2021-06-09T09:08:18,500.0,38.3,S
2021-06-09T09:08:17,3100.0,38.3,B
2021-06-09T09:08:17,2000.0,38.0,B
2021-06-09T09:08:09,500.0,38.0,B
2021-06-09T09:08:06,1000.0,38.0,B
2021-06-09T09:08:02,500.0,38.0,B
2021-06-09T09:08:00,1800.0,38.0,B
2021-06-09T09:07:56,200.0,38.0,B
2021-06-09T09:07:48,1500.0,38.0,B
2021-06-09T09:07:48,100.0,37.9,S
2021-06-09T09:07:43,1000.0,38.0,B
2021-06-09T09:07:23,100.0,37.9,B
2021-06-09T09:07:03,1000.0,37.8,S
2021-06-09T09:06:56,100.0,37.8,S
2021-06-09T09:06:54,100.0,37.8,S
2021-06-09T09:06:37,4900.0,37.8,B
2021-06-09T09:06:31,1000.0,37.7,S
2021-06-09T09:05:55,300.0,37.8,B
2021-06-09T09:05:55,100.0,37.7,S
2021-06-09T09:05:37,2000.0,37.7,B
2021-06-09T09:05:23,100.0,37.7,S
2021-06-09T09:05:12,300.0,37.7,B
2021-06-09T09:05:11,500.0,37.7,B
2021-06-09T09:05:07,500.0,37.7,B
2021-06-09T09:05:06,300.0,37.7,B
2021-06-09T09:05:03,500.0,37.7,B
2021-06-09T09:04:55,100.0,37.7,B
2021-06-09T09:04:30,1000.0,37.7,B
2021-06-09T09:04:16,4500.0,37.6,S
2021-06-09T09:03:08,200.0,37.4,S
2021-06-09T09:03:01,800.0,37.4,B
2021-06-09T09:03:00,500.0,37.4,B
2021-06-09T09:02:47,1000.0,37.4,B
2021-06-09T09:02:36,200.0,37.2,S
2021-06-09T09:02:27,100.0,37.3,B
2021-06-09T09:02:18,100.0,37.3,B
2021-06-09T09:01:59,200.0,37.4,B
2021-06-09T09:01:55,10000.0,37.4,B
2021-06-09T09:01:38,2000.0,37.4,B
2021-06-09T09:01:26,1600.0,37.1,S
2021-06-09T09:00:59,1000.0,37.3,S
2021-06-09T09:00:38,2000.0,37.4,B
2021-06-09T09:00:38,7900.0,37.4,S
2021-06-09T09:00:36,100.0,37.5,S
2021-06-09T09:00:32,500.0,37.5,S
2021-06-09T09:00:32,100.0,37.5,B
2021-06-09T09:00:28,100.0,37.4,S
2021-06-09T09:00:26,200.0,37.5,B
2021-06-09T09:00:24,200.0,37.5,S
2021-06-09T09:00:10,300.0,37.7,B
