tradingTime,volume,price,side
2021-06-09T14:30:04,5000.0,38.8,S
2021-06-09T14:29:16,2000.0,38.8,S
2021-06-09T14:29:04,600.0,38.8,S
2021-06-09T14:28:51,7000.0,38.8,S
2021-06-09T14:28:24,200.0,38.85,S
2021-06-09T14:27:55,200.0,38.8,S
2021-06-09T14:27:12,2700.0,38.8,S
2021-06-09T14:27:12,1000.0,38.85,S
2021-06-09T14:27:12,1300.0,38.85,S
2021-06-09T14:27:11,200.0,38.85,S
2021-06-09T14:27:02,100.0,38.9,B
2021-06-09T14:26:40,100.0,38.85,S
2021-06-09T14:25:45,1300.0,38.85,S
2021-06-09T14:24:54,200.0,38.85,S
2021-06-09T14:24:54,4100.0,38.85,S
2021-06-09T14:24:36,1000.0,38.85,S
2021-06-09T14:24:24,100.0,38.85,S
2021-06-09T14:24:20,500.0,38.85,S
2021-06-09T14:24:15,600.0,38.85,S
2021-06-09T14:24:08,1400.0,38.9,B
2021-06-09T14:23:48,100.0,38.85,S
2021-06-09T14:23:30,400.0,38.85,S
2021-06-09T14:23:20,2000.0,38.85,B
2021-06-09T14:23:19,800.0,38.85,B
2021-06-09T14:23:19,1200.0,38.85,B
2021-06-09T14:23:05,5000.0,38.85,B
2021-06-09T14:23:05,2500.0,38.85,B
2021-06-09T14:23:05,1700.0,38.85,B
2021-06-09T14:23:02,100.0,38.8,S
2021-06-09T14:22:55,200.0,38.8,S
2021-06-09T14:22:51,300.0,38.8,S
2021-06-09T14:22:46,500.0,38.8,S
2021-06-09T14:22:45,200.0,38.8,S
2021-06-09T14:22:33,2400.0,38.8,S
2021-06-09T14:22:29,500.0,38.8,S
2021-06-09T14:21:31,200.0,38.8,S
2021-06-09T14:20:23,5000.0,38.8,B
2021-06-09T14:20:02,1000.0,38.8,B
2021-06-09T14:19:32,1200.0,38.8,B
2021-06-09T14:19:25,10300.0,38.8,B
2021-06-09T14:19:19,5000.0,38.75,S
2021-06-09T14:18:01,3000.0,38.75,S
2021-06-09T14:17:54,5000.0,38.75,S
2021-06-09T14:16:53,300.0,38.75,S
2021-06-09T14:16:34,5000.0,38.8,B
2021-06-09T14:16:31,500.0,38.75,S
2021-06-09T14:16:31,4500.0,38.75,S
2021-06-09T14:16:17,400.0,38.75,S
2021-06-09T14:15:46,5000.0,38.75,S
2021-06-09T14:15:35,100.0,38.75,S
2021-06-09T14:15:06,1000.0,38.75,S
2021-06-09T14:14:49,200.0,38.75,S
2021-06-09T14:14:16,5000.0,38.75,S
2021-06-09T14:14:05,31800.0,38.75,B
2021-06-09T14:13:57,2000.0,38.75,B
2021-06-09T14:13:46,15000.0,38.75,B
2021-06-09T14:13:26,80000.0,38.75,B
2021-06-09T14:13:24,20000.0,38.75,B
2021-06-09T14:13:19,2000.0,38.75,B
2021-06-09T14:13:11,4000.0,38.7,S
2021-06-09T14:13:10,5000.0,38.7,S
2021-06-09T14:13:10,1000.0,38.7,S
2021-06-09T14:12:50,200.0,38.75,B
2021-06-09T14:12:28,200.0,38.75,S
2021-06-09T14:12:02,23300.0,38.75,S
2021-06-09T14:11:18,1900.0,38.8,S
2021-06-09T14:11:17,1000.0,38.8,S
2021-06-09T14:11:14,2500.0,38.8,S
2021-06-09T14:11:13,200.0,38.8,S
2021-06-09T14:11:13,3300.0,38.8,S
2021-06-09T14:11:00,200.0,38.8,S
2021-06-09T14:10:59,5000.0,38.8,S
2021-06-09T14:10:55,100.0,38.8,S
2021-06-09T14:10:47,9500.0,38.8,S
2021-06-09T14:10:32,1900.0,38.8,S
2021-06-09T14:10:27,500.0,38.8,S
2021-06-09T14:10:13,1100.0,38.8,S
2021-06-09T14:10:11,200.0,38.8,S
2021-06-09T14:10:01,500.0,38.8,S
2021-06-09T14:09:59,2400.0,38.8,S
2021-06-09T14:09:52,4000.0,38.85,B
2021-06-09T14:09:46,5000.0,38.8,S
2021-06-09T14:09:07,1000.0,38.8,S
2021-06-09T14:09:00,600.0,38.85,B
2021-06-09T14:09:00,300.0,38.85,B
2021-06-09T14:09:00,100.0,38.85,B
2021-06-09T14:08:55,5000.0,38.8,S
2021-06-09T14:08:30,6000.0,38.85,S
2021-06-09T14:08:15,100.0,38.85,S
2021-06-09T14:07:45,10000.0,38.85,S
2021-06-09T14:07:44,500.0,38.85,S
2021-06-09T14:07:09,100.0,38.85,S
2021-06-09T14:07:02,100.0,38.85,S
2021-06-09T14:06:57,500.0,38.85,S
2021-06-09T14:06:54,600.0,38.85,S
2021-06-09T14:06:30,100.0,38.85,S
2021-06-09T14:06:28,5000.0,38.85,S
2021-06-09T14:06:18,200.0,38.85,S
2021-06-09T14:06:12,500.0,38.85,S
2021-06-09T14:05:58,3600.0,38.85,S
2021-06-09T14:05:54,400.0,38.85,S
2021-06-09T14:05:53,100.0,38.85,S
2021-06-09T14:05:53,9100.0,38.85,S
2021-06-09T14:05:41,300.0,38.85,S
2021-06-09T14:05:40,5000.0,38.85,S
2021-06-09T14:05:37,2000.0,38.85,S
2021-06-09T14:05:35,14000.0,38.85,S
2021-06-09T14:05:35,100.0,38.85,S
2021-06-09T14:05:34,600.0,38.85,S
2021-06-09T14:05:32,5000.0,38.85,S
2021-06-09T14:05:20,10000.0,38.85,S
2021-06-09T14:05:14,1000.0,38.85,S
2021-06-09T14:05:12,100.0,38.85,S
2021-06-09T14:05:07,7100.0,38.85,S
2021-06-09T14:05:01,10000.0,38.85,S
2021-06-09T14:04:41,200.0,38.85,S
2021-06-09T14:04:39,1500.0,38.85,S
2021-06-09T14:04:24,500.0,38.85,S
2021-06-09T14:03:50,500.0,38.85,S
2021-06-09T14:03:50,10000.0,38.85,S
2021-06-09T14:03:44,5000.0,38.85,S
2021-06-09T14:03:40,500.0,38.85,S
2021-06-09T14:03:18,3000.0,38.85,S
2021-06-09T14:03:06,800.0,38.85,S
2021-06-09T14:03:06,1200.0,38.85,S
2021-06-09T14:02:30,100.0,38.9,B
2021-06-09T14:02:23,100.0,38.85,S
2021-06-09T14:02:01,100.0,38.9,B
2021-06-09T14:01:56,200.0,38.9,B
2021-06-09T14:01:56,600.0,38.9,B
2021-06-09T14:01:41,1100.0,38.9,B
2021-06-09T14:01:24,500.0,38.9,B
2021-06-09T14:01:16,500.0,38.9,B
2021-06-09T14:00:56,700.0,38.9,B
2021-06-09T14:00:43,200.0,38.9,S
2021-06-09T14:00:36,700.0,38.9,S
2021-06-09T14:00:31,3000.0,38.9,S
2021-06-09T14:00:31,2400.0,38.9,S
2021-06-09T14:00:31,2500.0,38.9,S
2021-06-09T14:00:19,5000.0,38.9,S
2021-06-09T14:00:16,7400.0,38.9,S
2021-06-09T14:00:16,2600.0,38.9,S
2021-06-09T14:00:07,15000.0,38.9,S
2021-06-09T14:00:02,100.0,38.9,S
2021-06-09T14:00:01,1000.0,38.9,S
2021-06-09T13:59:46,2300.0,38.9,S
2021-06-09T13:59:46,200.0,38.9,S
2021-06-09T13:59:45,2500.0,38.9,S
2021-06-09T13:59:28,500.0,38.95,B
2021-06-09T13:59:22,100.0,38.9,S
2021-06-09T13:59:07,1000.0,38.9,S
2021-06-09T13:58:56,7000.0,38.9,S
2021-06-09T13:58:37,1200.0,38.95,B
2021-06-09T13:58:36,5000.0,38.95,B
2021-06-09T13:58:32,5000.0,38.9,S
2021-06-09T13:58:27,3000.0,38.95,B
2021-06-09T13:58:26,500.0,38.95,B
2021-06-09T13:58:12,100.0,38.95,B
2021-06-09T13:58:11,1500.0,38.9,S
2021-06-09T13:58:10,2000.0,38.9,S
2021-06-09T13:58:08,5000.0,38.9,S
2021-06-09T13:58:03,400.0,38.9,S
2021-06-09T13:58:02,4600.0,38.9,S
2021-06-09T13:57:41,1500.0,38.95,B
2021-06-09T13:57:40,10000.0,38.9,S
2021-06-09T13:57:22,300.0,38.95,B
2021-06-09T13:57:21,100.0,38.95,B
2021-06-09T13:57:21,200.0,38.9,S
2021-06-09T13:56:56,20000.0,38.95,B
2021-06-09T13:56:37,7300.0,38.95,S
2021-06-09T13:56:18,4800.0,38.95,S
2021-06-09T13:56:18,200.0,38.95,S
2021-06-09T13:56:17,200.0,39.0,B
2021-06-09T13:56:17,2800.0,39.0,B
2021-06-09T13:55:50,200.0,38.95,S
2021-06-09T13:55:26,5000.0,38.95,S
2021-06-09T13:55:22,3400.0,38.95,S
2021-06-09T13:55:19,5000.0,38.95,S
2021-06-09T13:55:15,2100.0,39.0,B
2021-06-09T13:54:42,100.0,39.0,B
2021-06-09T13:54:36,100.0,39.0,B
2021-06-09T13:54:23,4000.0,39.0,B
2021-06-09T13:54:15,300.0,39.0,B
2021-06-09T13:54:08,800.0,39.0,B
2021-06-09T13:53:39,400.0,39.0,B
2021-06-09T13:53:33,5000.0,39.0,B
2021-06-09T13:53:32,400.0,39.0,B
2021-06-09T13:53:32,3000.0,39.0,B
2021-06-09T13:53:24,100.0,39.0,B
2021-06-09T13:53:18,1100.0,39.0,B
2021-06-09T13:52:56,900.0,39.0,B
2021-06-09T13:52:54,200.0,39.0,B
2021-06-09T13:52:52,300.0,39.05,B
2021-06-09T13:52:31,1000.0,39.05,B
2021-06-09T13:52:31,400.0,39.0,B
2021-06-09T13:52:30,2500.0,39.0,B
2021-06-09T13:52:20,2500.0,39.0,B
2021-06-09T13:52:13,3000.0,38.95,S
2021-06-09T13:52:12,5000.0,39.0,B
2021-06-09T13:52:06,2500.0,39.0,B
2021-06-09T13:51:53,25000.0,38.95,S
2021-06-09T13:51:31,1500.0,39.0,S
2021-06-09T13:51:17,1000.0,39.0,S
2021-06-09T13:51:16,1000.0,39.0,S
2021-06-09T13:51:06,1000.0,39.0,S
2021-06-09T13:51:00,200.0,39.0,S
2021-06-09T13:51:00,6400.0,39.0,S
2021-06-09T13:51:00,1000.0,39.0,S
2021-06-09T13:51:00,1000.0,39.0,S
2021-06-09T13:51:00,7600.0,39.0,S
2021-06-09T13:50:43,2000.0,39.05,B
2021-06-09T13:50:23,100.0,39.05,B
2021-06-09T13:50:21,100.0,39.05,B
2021-06-09T13:50:12,100.0,39.05,B
2021-06-09T13:49:26,1500.0,39.05,B
2021-06-09T13:49:26,200.0,39.05,B
2021-06-09T13:49:26,1200.0,39.05,B
2021-06-09T13:49:21,2200.0,39.0,S
2021-06-09T13:49:04,200.0,39.05,B
2021-06-09T13:49:04,200.0,39.0,S
2021-06-09T13:48:56,700.0,39.05,B
2021-06-09T13:48:51,1000.0,39.0,S
2021-06-09T13:48:48,3000.0,39.05,B
2021-06-09T13:48:43,200.0,39.0,S
2021-06-09T13:48:43,1700.0,39.0,S
2021-06-09T13:48:43,600.0,39.0,S
2021-06-09T13:48:43,500.0,39.0,S
2021-06-09T13:48:33,200.0,39.0,S
2021-06-09T13:48:21,200.0,39.0,S
2021-06-09T13:48:08,400.0,39.05,B
2021-06-09T13:47:54,600.0,39.0,S
2021-06-09T13:47:52,1000.0,39.0,S
2021-06-09T13:47:33,100.0,39.0,S
2021-06-09T13:46:58,100.0,39.05,B
2021-06-09T13:46:54,100.0,39.0,S
2021-06-09T13:46:37,600.0,39.05,B
2021-06-09T13:45:46,5800.0,39.1,B
2021-06-09T13:45:45,1800.0,39.0,S
2021-06-09T13:45:44,600.0,39.0,S
2021-06-09T13:45:43,1000.0,39.0,S
2021-06-09T13:45:37,300.0,39.05,B
2021-06-09T13:45:26,9700.0,39.05,B
2021-06-09T13:44:51,2000.0,39.05,B
2021-06-09T13:44:35,500.0,39.05,B
2021-06-09T13:44:31,1000.0,39.05,B
2021-06-09T13:44:28,200.0,39.05,B
2021-06-09T13:44:25,1800.0,39.0,S
2021-06-09T13:44:24,3200.0,39.0,S
2021-06-09T13:43:59,5000.0,39.0,S
2021-06-09T13:43:54,700.0,39.0,S
2021-06-09T13:43:21,1500.0,39.05,B
2021-06-09T13:43:01,5000.0,39.0,S
2021-06-09T13:43:00,2000.0,39.0,S
2021-06-09T13:42:51,500.0,39.0,S
2021-06-09T13:42:49,3000.0,39.0,S
2021-06-09T13:42:22,700.0,39.0,S
2021-06-09T13:41:56,400.0,39.05,S
2021-06-09T13:41:55,2900.0,39.05,S
2021-06-09T13:41:27,100.0,39.05,S
2021-06-09T13:41:12,100.0,39.1,S
2021-06-09T13:40:24,100.0,39.15,B
2021-06-09T13:39:59,100.0,39.0,S
2021-06-09T13:39:58,200.0,39.0,S
2021-06-09T13:39:46,5000.0,39.0,S
2021-06-09T13:39:33,700.0,39.0,S
2021-06-09T13:39:16,500.0,39.0,S
2021-06-09T13:39:02,3000.0,39.15,B
2021-06-09T13:39:01,100.0,39.15,B
2021-06-09T13:38:39,800.0,39.0,S
2021-06-09T13:38:31,1500.0,39.1,S
2021-06-09T13:38:28,100.0,39.1,S
2021-06-09T13:38:26,100.0,39.1,S
2021-06-09T13:38:16,100.0,39.1,S
2021-06-09T13:38:12,1000.0,39.1,S
2021-06-09T13:37:53,1000.0,39.1,S
2021-06-09T13:37:39,100.0,39.0,S
2021-06-09T13:37:36,200.0,39.1,S
2021-06-09T13:37:27,6000.0,39.0,S
2021-06-09T13:37:22,1000.0,39.1,S
2021-06-09T13:37:20,500.0,39.1,S
2021-06-09T13:37:17,10000.0,39.0,S
2021-06-09T13:36:51,1000.0,39.15,B
2021-06-09T13:36:51,500.0,39.15,B
2021-06-09T13:36:45,700.0,39.0,S
2021-06-09T13:36:24,1000.0,39.15,B
2021-06-09T13:36:21,200.0,39.15,B
2021-06-09T13:36:14,7100.0,39.0,S
2021-06-09T13:36:14,1400.0,39.0,S
2021-06-09T13:36:14,1500.0,39.1,S
2021-06-09T13:36:12,2400.0,39.15,S
2021-06-09T13:36:03,100.0,39.15,S
2021-06-09T13:36:03,400.0,39.15,S
2021-06-09T13:35:35,500.0,39.15,S
2021-06-09T13:35:34,1800.0,39.15,S
2021-06-09T13:35:32,500.0,39.2,B
2021-06-09T13:35:27,700.0,39.15,S
2021-06-09T13:35:26,100.0,39.2,B
2021-06-09T13:35:07,2000.0,39.2,B
2021-06-09T13:34:47,700.0,39.15,S
2021-06-09T13:34:46,100.0,39.15,S
2021-06-09T13:34:37,100.0,39.2,B
2021-06-09T13:34:33,500.0,39.2,B
2021-06-09T13:34:16,300.0,39.2,B
2021-06-09T13:34:15,4000.0,39.2,B
2021-06-09T13:34:11,700.0,39.1,S
2021-06-09T13:34:00,2000.0,39.2,B
2021-06-09T13:33:55,6000.0,39.2,B
2021-06-09T13:33:46,500.0,39.2,B
2021-06-09T13:33:45,300.0,39.1,S
2021-06-09T13:33:43,7000.0,39.1,S
2021-06-09T13:33:31,1500.0,39.1,S
2021-06-09T13:32:48,200.0,39.2,B
2021-06-09T13:32:47,100.0,39.1,B
2021-06-09T13:32:47,400.0,39.1,B
2021-06-09T13:32:42,3000.0,39.1,B
2021-06-09T13:32:35,500.0,39.1,B
2021-06-09T13:32:28,1000.0,39.1,B
2021-06-09T13:32:27,900.0,39.1,B
2021-06-09T13:32:21,200.0,39.1,B
2021-06-09T13:32:19,300.0,39.1,B
2021-06-09T13:31:45,100.0,39.1,B
2021-06-09T13:31:39,600.0,39.0,S
2021-06-09T13:31:32,300.0,39.1,B
2021-06-09T13:31:32,1200.0,39.05,B
2021-06-09T13:31:22,100.0,39.0,S
2021-06-09T13:31:00,200.0,39.0,S
2021-06-09T13:30:36,100.0,39.0,B
2021-06-09T13:30:28,1000.0,39.0,B
2021-06-09T13:30:25,300.0,39.05,B
2021-06-09T13:30:20,2200.0,39.0,B
2021-06-09T13:30:09,2600.0,39.0,B
2021-06-09T13:30:08,100.0,39.0,B
2021-06-09T13:30:03,1000.0,39.0,B
2021-06-09T13:29:52,1000.0,39.0,B
2021-06-09T13:29:50,4000.0,39.0,B
2021-06-09T13:29:49,800.0,39.0,B
2021-06-09T13:29:39,100.0,39.0,B
2021-06-09T13:29:39,200.0,39.0,B
2021-06-09T13:29:39,500.0,39.0,B
2021-06-09T13:29:39,500.0,39.0,B
2021-06-09T13:29:39,300.0,39.0,B
2021-06-09T13:29:39,300.0,39.0,B
2021-06-09T13:29:39,1200.0,39.0,B
2021-06-09T13:29:39,15800.0,39.0,B
2021-06-09T13:29:39,100.0,39.0,B
2021-06-09T13:29:39,900.0,39.0,B
2021-06-09T13:29:39,2200.0,39.0,B
2021-06-09T13:29:39,1500.0,39.0,B
2021-06-09T13:29:38,1500.0,39.0,B
2021-06-09T13:29:38,700.0,39.0,B
2021-06-09T13:29:38,2300.0,39.0,B
2021-06-09T13:29:38,400.0,39.0,B
2021-06-09T13:29:38,11500.0,39.0,B
2021-06-09T13:29:38,600.0,39.0,B
2021-06-09T13:29:30,41000.0,39.0,B
2021-06-09T13:29:30,1200.0,39.0,B
2021-06-09T13:29:30,7800.0,39.0,B
2021-06-09T13:29:08,200.0,39.0,B
2021-06-09T13:29:00,500.0,39.0,B
2021-06-09T13:28:59,200.0,39.0,B
2021-06-09T13:28:47,1000.0,39.0,B
2021-06-09T13:28:38,100.0,39.0,B
2021-06-09T13:28:37,100.0,39.0,B
2021-06-09T13:28:30,100.0,39.0,B
2021-06-09T13:28:26,1000.0,38.9,S
2021-06-09T13:28:19,500.0,39.0,B
2021-06-09T13:28:18,500.0,38.9,S
2021-06-09T13:28:03,300.0,39.0,B
2021-06-09T13:28:01,500.0,38.95,S
2021-06-09T13:27:59,100.0,39.0,B
2021-06-09T13:27:59,2900.0,39.0,B
2021-06-09T13:27:58,2000.0,39.0,B
2021-06-09T13:27:51,100.0,38.9,S
2021-06-09T13:27:47,400.0,39.0,B
2021-06-09T13:27:45,1000.0,38.9,S
2021-06-09T13:27:38,300.0,39.0,B
2021-06-09T13:27:30,500.0,39.0,B
2021-06-09T13:27:19,1300.0,39.0,B
2021-06-09T13:26:53,4000.0,39.0,B
2021-06-09T13:26:53,8200.0,39.0,B
2021-06-09T13:26:53,7800.0,39.0,B
2021-06-09T13:26:53,100.0,39.0,B
2021-06-09T13:26:51,400.0,39.0,B
2021-06-09T13:26:51,200.0,39.0,B
2021-06-09T13:25:53,200.0,39.0,B
2021-06-09T13:25:46,700.0,39.0,B
2021-06-09T13:25:46,300.0,39.0,B
2021-06-09T13:25:28,100.0,39.0,B
2021-06-09T13:24:53,900.0,39.0,B
2021-06-09T13:24:53,100.0,39.0,B
2021-06-09T13:24:45,500.0,38.9,B
2021-06-09T13:24:34,500.0,38.9,B
2021-06-09T13:24:25,1000.0,38.9,B
2021-06-09T13:24:24,100.0,38.9,B
2021-06-09T13:24:23,2400.0,38.9,B
2021-06-09T13:24:22,5000.0,38.9,B
2021-06-09T13:23:57,200.0,38.9,B
2021-06-09T13:23:55,900.0,38.9,B
2021-06-09T13:23:54,1000.0,38.9,B
2021-06-09T13:23:51,100.0,38.9,B
2021-06-09T13:23:45,200.0,38.9,B
2021-06-09T13:23:43,200.0,38.9,B
2021-06-09T13:23:37,1400.0,38.9,B
2021-06-09T13:22:51,2000.0,38.9,B
2021-06-09T13:22:45,10000.0,38.9,B
2021-06-09T13:22:45,300.0,38.9,B
2021-06-09T13:22:45,400.0,38.85,S
2021-06-09T13:22:39,1000.0,38.9,B
2021-06-09T13:22:32,1000.0,38.9,B
2021-06-09T13:22:31,500.0,38.9,B
2021-06-09T13:22:26,3000.0,38.9,B
2021-06-09T13:22:12,600.0,38.9,B
2021-06-09T13:22:03,5000.0,38.9,B
2021-06-09T13:21:53,1000.0,38.9,B
2021-06-09T13:20:59,2000.0,38.9,B
2021-06-09T13:20:58,100.0,38.9,B
2021-06-09T13:20:48,100.0,38.85,B
2021-06-09T13:20:35,200.0,38.9,B
2021-06-09T13:20:35,800.0,38.9,B
2021-06-09T13:20:30,500.0,38.85,B
2021-06-09T13:20:12,1000.0,38.85,B
2021-06-09T13:19:58,500.0,38.9,B
2021-06-09T13:19:57,300.0,38.85,B
2021-06-09T13:19:53,1000.0,38.85,B
2021-06-09T13:19:29,100.0,38.85,B
2021-06-09T13:19:28,1000.0,38.85,B
2021-06-09T13:19:25,2000.0,38.8,S
2021-06-09T13:19:23,5000.0,38.85,B
2021-06-09T13:19:18,1000.0,38.85,B
2021-06-09T13:19:06,300.0,38.85,B
2021-06-09T13:18:56,2000.0,38.85,B
2021-06-09T13:18:36,1000.0,38.85,B
2021-06-09T13:18:11,3000.0,38.85,B
2021-06-09T13:17:36,5900.0,38.85,B
2021-06-09T13:17:36,400.0,38.85,B
2021-06-09T13:17:01,300.0,38.8,B
2021-06-09T13:16:51,3100.0,38.8,B
2021-06-09T13:16:38,500.0,38.8,B
2021-06-09T13:16:25,100.0,38.8,B
2021-06-09T13:16:25,1600.0,38.8,B
2021-06-09T13:16:25,500.0,38.8,B
2021-06-09T13:16:25,100.0,38.8,B
2021-06-09T13:16:25,2300.0,38.8,B
2021-06-09T13:16:25,500.0,38.8,B
2021-06-09T13:16:25,14900.0,38.8,B
2021-06-09T13:16:12,1000.0,38.8,B
2021-06-09T13:15:52,1000.0,38.75,S
2021-06-09T13:15:07,500.0,38.75,B
2021-06-09T13:14:46,1000.0,38.8,B
2021-06-09T13:14:30,200.0,38.7,S
2021-06-09T13:14:16,5000.0,38.75,B
2021-06-09T13:13:31,2500.0,38.75,B
2021-06-09T13:13:29,2000.0,38.7,S
2021-06-09T13:13:23,2500.0,38.75,B
2021-06-09T13:13:14,200.0,38.7,S
2021-06-09T13:13:13,100.0,38.7,S
2021-06-09T13:12:49,5000.0,38.75,B
2021-06-09T13:12:25,300.0,38.75,B
2021-06-09T13:12:21,300.0,38.75,B
2021-06-09T13:12:17,500.0,38.7,S
2021-06-09T13:11:26,100.0,38.7,S
2021-06-09T13:11:26,6300.0,38.75,B
2021-06-09T13:11:26,400.0,38.75,B
2021-06-09T13:11:24,300.0,38.75,B
2021-06-09T13:11:03,500.0,38.7,S
2021-06-09T13:10:45,200.0,38.7,S
2021-06-09T13:10:03,3800.0,38.7,B
2021-06-09T13:09:51,100.0,38.65,S
2021-06-09T13:09:09,500.0,38.65,S
2021-06-09T13:08:44,1000.0,38.65,S
2021-06-09T13:08:05,1400.0,38.7,B
2021-06-09T13:08:02,7000.0,38.7,B
2021-06-09T13:07:16,8000.0,38.7,B
2021-06-09T13:07:08,500.0,38.6,S
2021-06-09T13:07:00,7000.0,38.7,B
2021-06-09T13:06:26,100.0,38.65,B
2021-06-09T13:06:22,300.0,38.65,B
2021-06-09T13:06:11,1000.0,38.65,B
2021-06-09T13:05:54,1700.0,38.65,B
2021-06-09T13:05:54,6700.0,38.65,B
2021-06-09T13:05:16,20000.0,38.65,B
2021-06-09T13:05:12,1000.0,38.65,B
2021-06-09T13:05:03,100.0,38.65,B
2021-06-09T13:04:13,700.0,38.65,B
2021-06-09T13:03:47,3000.0,38.65,B
2021-06-09T13:03:22,100.0,38.65,B
2021-06-09T13:03:22,300.0,38.65,B
2021-06-09T13:03:22,1000.0,38.65,B
2021-06-09T13:02:54,400.0,38.6,S
2021-06-09T13:02:54,200.0,38.6,S
2021-06-09T13:02:47,300.0,38.6,S
2021-06-09T13:01:43,100.0,38.6,B
2021-06-09T13:01:34,2000.0,38.6,B
2021-06-09T13:01:28,4600.0,38.6,B
2021-06-09T13:01:15,500.0,38.6,B
2021-06-09T13:01:13,3000.0,38.6,B
2021-06-09T13:01:04,500.0,38.6,B
2021-06-09T13:00:35,200.0,38.6,B
2021-06-09T13:00:32,1000.0,38.55,S
2021-06-09T13:00:32,2100.0,38.6,B
2021-06-09T13:00:32,700.0,38.6,B
2021-06-09T13:00:30,10000.0,38.55,S
2021-06-09T13:00:28,200.0,38.55,S
2021-06-09T13:00:28,1000.0,38.6,B
2021-06-09T13:00:28,100.0,38.6,B
2021-06-09T13:00:26,1000.0,38.6,B
2021-06-09T13:00:18,800.0,38.6,B
2021-06-09T13:00:18,1900.0,38.6,B
2021-06-09T13:00:18,600.0,38.6,B
2021-06-09T13:00:18,2400.0,38.6,B
2021-06-09T13:00:18,5000.0,38.6,B
2021-06-09T13:00:18,9400.0,38.6,B
2021-06-09T13:00:18,21500.0,38.6,B
2021-06-09T13:00:18,2200.0,38.6,B
2021-06-09T13:00:18,5500.0,38.6,B
2021-06-09T13:00:18,2400.0,38.6,B
2021-06-09T13:00:18,200.0,38.6,B
2021-06-09T13:00:18,4100.0,38.6,B
2021-06-09T13:00:16,2000.0,38.55,S
2021-06-09T13:00:16,900.0,38.55,S
2021-06-09T13:00:16,300.0,38.55,S
2021-06-09T13:00:16,200.0,38.6,B
2021-06-09T13:00:15,1000.0,38.55,S
2021-06-09T13:00:15,100.0,38.6,B
2021-06-09T11:29:52,20000.0,38.6,B
2021-06-09T11:29:37,300.0,38.55,S
2021-06-09T11:29:32,700.0,38.55,S
2021-06-09T11:29:05,100.0,38.55,S
2021-06-09T11:29:05,700.0,38.6,B
2021-06-09T11:28:52,5000.0,38.55,S
2021-06-09T11:28:16,200.0,38.55,S
2021-06-09T11:27:57,700.0,38.55,B
2021-06-09T11:27:56,6100.0,38.55,B
2021-06-09T11:27:51,1000.0,38.5,S
2021-06-09T11:27:01,9100.0,38.55,B
2021-06-09T11:27:01,10000.0,38.55,B
2021-06-09T11:27:01,900.0,38.55,B
2021-06-09T11:27:01,500.0,38.5,S
2021-06-09T11:26:34,100.0,38.55,B
2021-06-09T11:26:32,3000.0,38.5,S
2021-06-09T11:26:30,500.0,38.5,S
2021-06-09T11:26:17,1900.0,38.5,S
2021-06-09T11:26:07,300.0,38.5,S
2021-06-09T11:26:04,200.0,38.55,B
2021-06-09T11:25:34,600.0,38.5,S
2021-06-09T11:25:12,100.0,38.5,S
2021-06-09T11:24:56,500.0,38.5,S
2021-06-09T11:24:55,20000.0,38.5,S
2021-06-09T11:24:53,300.0,38.55,B
2021-06-09T11:24:47,1000.0,38.55,B
2021-06-09T11:24:15,1400.0,38.55,B
2021-06-09T11:24:13,100.0,38.55,B
2021-06-09T11:23:38,300.0,38.5,S
2021-06-09T11:23:25,3000.0,38.5,S
2021-06-09T11:23:19,800.0,38.5,S
2021-06-09T11:23:00,500.0,38.5,S
2021-06-09T11:22:52,300.0,38.5,S
2021-06-09T11:22:44,2000.0,38.5,S
2021-06-09T11:22:34,500.0,38.5,S
2021-06-09T11:22:19,900.0,38.5,S
2021-06-09T11:22:00,500.0,38.5,S
2021-06-09T11:21:59,500.0,38.5,S
2021-06-09T11:21:45,11200.0,38.5,S
2021-06-09T11:21:11,5000.0,38.5,S
2021-06-09T11:21:06,800.0,38.55,S
2021-06-09T11:21:05,1000.0,38.55,S
2021-06-09T11:21:00,1400.0,38.55,S
2021-06-09T11:20:44,1000.0,38.55,S
2021-06-09T11:20:39,200.0,38.55,S
2021-06-09T11:20:20,100.0,38.55,S
2021-06-09T11:20:03,100.0,38.6,B
2021-06-09T11:20:01,200.0,38.6,B
2021-06-09T11:19:55,200.0,38.6,B
2021-06-09T11:19:55,200.0,38.55,S
2021-06-09T11:19:45,600.0,38.55,S
2021-06-09T11:19:35,500.0,38.55,S
2021-06-09T11:19:31,700.0,38.55,S
2021-06-09T11:19:31,9300.0,38.55,S
2021-06-09T11:19:19,3000.0,38.55,S
2021-06-09T11:19:14,700.0,38.55,S
2021-06-09T11:19:14,100.0,38.55,S
2021-06-09T11:19:14,5000.0,38.55,S
2021-06-09T11:19:08,500.0,38.55,S
2021-06-09T11:19:07,1500.0,38.55,S
2021-06-09T11:19:07,500.0,38.55,S
2021-06-09T11:19:06,200.0,38.55,S
2021-06-09T11:19:06,1800.0,38.6,B
2021-06-09T11:19:00,1000.0,38.6,B
2021-06-09T11:18:57,700.0,38.55,S
2021-06-09T11:18:44,400.0,38.55,S
2021-06-09T11:18:43,200.0,38.55,S
2021-06-09T11:18:41,400.0,38.55,S
2021-06-09T11:18:41,1000.0,38.55,S
2021-06-09T11:18:36,3500.0,38.55,S
2021-06-09T11:18:16,1000.0,38.6,B
2021-06-09T11:18:03,700.0,38.55,S
2021-06-09T11:17:27,100.0,38.6,B
2021-06-09T11:17:26,200.0,38.6,B
2021-06-09T11:17:13,200.0,38.6,B
2021-06-09T11:17:12,100.0,38.55,S
2021-06-09T11:17:11,2000.0,38.55,S
2021-06-09T11:17:11,300.0,38.6,B
2021-06-09T11:16:55,9200.0,38.55,S
2021-06-09T11:16:33,1300.0,38.6,B
2021-06-09T11:16:10,2000.0,38.55,S
2021-06-09T11:16:10,3000.0,38.55,S
2021-06-09T11:16:06,100.0,38.55,S
2021-06-09T11:15:43,100.0,38.55,S
2021-06-09T11:15:42,100.0,38.55,S
2021-06-09T11:15:11,20000.0,38.55,S
2021-06-09T11:14:24,600.0,38.55,S
2021-06-09T11:14:01,500.0,38.6,S
2021-06-09T11:14:00,1400.0,38.55,S
2021-06-09T11:13:24,900.0,38.6,S
2021-06-09T11:13:14,700.0,38.55,S
2021-06-09T11:13:07,6400.0,38.6,S
2021-06-09T11:12:41,2900.0,38.7,B
2021-06-09T11:12:40,21600.0,38.7,B
2021-06-09T11:12:36,500.0,38.65,B
2021-06-09T11:12:33,5000.0,38.6,S
2021-06-09T11:12:31,100.0,38.6,S
2021-06-09T11:12:30,100.0,38.6,S
2021-06-09T11:12:12,700.0,38.6,S
2021-06-09T11:12:05,7000.0,38.6,S
2021-06-09T11:11:51,1000.0,38.6,S
2021-06-09T11:11:41,700.0,38.6,S
2021-06-09T11:11:38,1200.0,38.6,S
2021-06-09T11:11:21,200.0,38.6,S
2021-06-09T11:11:15,700.0,38.6,S
2021-06-09T11:11:06,2000.0,38.65,B
2021-06-09T11:11:03,300.0,38.6,S
2021-06-09T11:10:55,1700.0,38.6,S
2021-06-09T11:10:55,6300.0,38.6,S
2021-06-09T11:10:55,1000.0,38.65,B
2021-06-09T11:10:46,700.0,38.6,S
2021-06-09T11:10:26,100.0,38.65,B
2021-06-09T11:10:22,700.0,38.6,S
2021-06-09T11:10:03,1200.0,38.6,S
2021-06-09T11:09:42,700.0,38.6,S
2021-06-09T11:09:42,3200.0,38.6,S
2021-06-09T11:09:41,1800.0,38.6,S
2021-06-09T11:09:18,100.0,38.7,B
2021-06-09T11:09:12,100.0,38.6,S
2021-06-09T11:09:12,900.0,38.65,B
2021-06-09T11:09:02,1000.0,38.7,B
2021-06-09T11:08:50,5000.0,38.6,S
2021-06-09T11:08:46,500.0,38.75,B
2021-06-09T11:08:41,1100.0,38.7,B
2021-06-09T11:08:41,2500.0,38.7,B
2021-06-09T11:08:41,1400.0,38.7,B
2021-06-09T11:08:39,700.0,38.7,B
2021-06-09T11:08:30,600.0,38.7,B
2021-06-09T11:08:30,1500.0,38.7,B
2021-06-09T11:08:30,2000.0,38.7,B
2021-06-09T11:08:27,2000.0,38.7,B
2021-06-09T11:08:23,2000.0,38.7,B
2021-06-09T11:08:18,2000.0,38.7,B
2021-06-09T11:08:17,5000.0,38.6,S
2021-06-09T11:08:17,2000.0,38.7,B
2021-06-09T11:08:14,2000.0,38.65,B
2021-06-09T11:08:09,500.0,38.65,B
2021-06-09T11:08:06,1000.0,38.65,B
2021-06-09T11:07:52,1200.0,38.6,S
2021-06-09T11:07:51,200.0,38.65,B
2021-06-09T11:07:43,1000.0,38.6,S
2021-06-09T11:07:07,200.0,38.65,B
2021-06-09T11:07:05,100.0,38.6,S
2021-06-09T11:06:54,300.0,38.65,S
2021-06-09T11:06:35,900.0,38.55,S
2021-06-09T11:06:34,2800.0,38.55,S
2021-06-09T11:06:24,1000.0,38.65,S
2021-06-09T11:06:20,600.0,38.6,S
2021-06-09T11:06:11,200.0,38.6,S
2021-06-09T11:06:06,2000.0,38.6,S
2021-06-09T11:06:06,3500.0,38.6,S
2021-06-09T11:05:59,400.0,38.6,S
2021-06-09T11:05:39,300.0,38.65,S
2021-06-09T11:05:23,2000.0,38.65,S
2021-06-09T11:05:02,300.0,38.65,S
2021-06-09T11:04:48,1200.0,38.65,S
2021-06-09T11:04:44,2300.0,38.65,S
2021-06-09T11:04:41,1000.0,38.75,B
2021-06-09T11:04:23,800.0,38.7,B
2021-06-09T11:04:16,100.0,38.7,B
2021-06-09T11:04:14,2100.0,38.7,B
2021-06-09T11:03:55,600.0,38.6,S
2021-06-09T11:03:22,300.0,38.6,S
2021-06-09T11:03:14,200.0,38.6,S
2021-06-09T11:03:09,1200.0,38.55,S
2021-06-09T11:03:01,2700.0,38.7,B
2021-06-09T11:03:01,500.0,38.7,B
2021-06-09T11:03:01,6800.0,38.7,B
2021-06-09T11:02:49,2900.0,38.55,S
2021-06-09T11:02:49,1000.0,38.6,B
2021-06-09T11:02:49,21100.0,38.6,B
2021-06-09T11:02:47,10000.0,38.65,B
2021-06-09T11:02:38,5000.0,38.6,B
2021-06-09T11:02:34,200.0,38.6,B
2021-06-09T11:02:27,400.0,38.6,B
2021-06-09T11:02:18,200.0,38.65,B
2021-06-09T11:01:59,500.0,38.6,B
2021-06-09T11:01:00,3000.0,38.6,B
2021-06-09T11:00:25,1000.0,38.6,B
2021-06-09T11:00:14,600.0,38.65,B
2021-06-09T11:00:06,1000.0,38.6,B
2021-06-09T11:00:02,200.0,38.6,B
2021-06-09T10:59:58,300.0,38.65,B
2021-06-09T10:59:53,1000.0,38.6,B
2021-06-09T10:59:48,100.0,38.6,B
2021-06-09T10:59:42,400.0,38.6,B
2021-06-09T10:59:39,500.0,38.6,B
2021-06-09T10:59:39,300.0,38.6,B
2021-06-09T10:58:54,700.0,38.6,B
2021-06-09T10:58:48,300.0,38.6,B
2021-06-09T10:58:46,700.0,38.6,B
2021-06-09T10:58:44,1000.0,38.6,B
2021-06-09T10:58:41,300.0,38.6,B
2021-06-09T10:57:47,10000.0,38.6,B
2021-06-09T10:57:46,3600.0,38.6,B
2021-06-09T10:57:46,200.0,38.6,B
2021-06-09T10:57:46,500.0,38.6,B
2021-06-09T10:57:46,500.0,38.6,B
2021-06-09T10:57:46,5200.0,38.6,B
2021-06-09T10:57:39,200.0,38.6,B
2021-06-09T10:57:18,100.0,38.6,B
2021-06-09T10:56:58,2000.0,38.6,B
2021-06-09T10:56:45,500.0,38.55,S
2021-06-09T10:56:35,300.0,38.6,B
2021-06-09T10:56:33,200.0,38.6,B
2021-06-09T10:56:30,300.0,38.6,B
2021-06-09T10:56:17,100.0,38.6,B
2021-06-09T10:56:02,400.0,38.55,S
2021-06-09T10:55:35,400.0,38.6,B
2021-06-09T10:55:30,100.0,38.6,B
2021-06-09T10:55:24,500.0,38.6,B
2021-06-09T10:55:21,700.0,38.6,B
2021-06-09T10:55:16,1000.0,38.55,S
2021-06-09T10:55:16,500.0,38.6,B
2021-06-09T10:55:09,1200.0,38.6,B
2021-06-09T10:55:02,100.0,38.55,B
2021-06-09T10:54:58,500.0,38.6,B
2021-06-09T10:54:48,400.0,38.6,B
2021-06-09T10:54:44,500.0,38.6,B
2021-06-09T10:54:42,1000.0,38.6,B
2021-06-09T10:54:14,1000.0,38.6,B
2021-06-09T10:53:52,900.0,38.6,B
2021-06-09T10:53:50,3000.0,38.6,B
2021-06-09T10:53:42,100.0,38.6,B
2021-06-09T10:53:19,10000.0,38.6,B
2021-06-09T10:53:18,200.0,38.6,B
2021-06-09T10:53:08,1000.0,38.6,B
2021-06-09T10:52:38,3500.0,38.6,B
2021-06-09T10:52:38,100.0,38.6,B
2021-06-09T10:52:38,2400.0,38.6,B
2021-06-09T10:52:38,3600.0,38.6,B
2021-06-09T10:52:38,200.0,38.6,B
2021-06-09T10:52:38,2500.0,38.6,B
2021-06-09T10:52:38,100.0,38.6,B
2021-06-09T10:52:38,500.0,38.6,B
2021-06-09T10:52:38,100.0,38.6,B
2021-06-09T10:52:38,4500.0,38.6,B
2021-06-09T10:52:38,1000.0,38.6,B
2021-06-09T10:52:38,600.0,38.6,B
2021-06-09T10:52:37,10900.0,38.6,B
2021-06-09T10:52:29,400.0,38.55,B
2021-06-09T10:52:29,200.0,38.5,S
2021-06-09T10:52:11,20000.0,38.55,B
2021-06-09T10:52:01,600.0,38.55,B
2021-06-09T10:52:01,4700.0,38.55,B
2021-06-09T10:52:01,100.0,38.55,B
2021-06-09T10:52:01,2700.0,38.55,B
2021-06-09T10:52:01,3900.0,38.55,B
2021-06-09T10:52:00,500.0,38.5,S
2021-06-09T10:51:57,200.0,38.55,B
2021-06-09T10:51:54,800.0,38.55,B
2021-06-09T10:51:36,200.0,38.55,B
2021-06-09T10:51:32,700.0,38.5,S
2021-06-09T10:51:29,500.0,38.5,S
2021-06-09T10:50:11,1000.0,38.55,B
2021-06-09T10:49:34,1000.0,38.5,B
2021-06-09T10:49:34,4000.0,38.55,B
2021-06-09T10:49:21,200.0,38.55,B
2021-06-09T10:49:21,2300.0,38.55,B
2021-06-09T10:49:21,1000.0,38.55,B
2021-06-09T10:49:00,400.0,38.5,B
2021-06-09T10:48:42,800.0,38.5,B
2021-06-09T10:48:34,7700.0,38.45,S
2021-06-09T10:48:22,600.0,38.5,B
2021-06-09T10:48:20,200.0,38.5,B
2021-06-09T10:48:20,1700.0,38.5,B
2021-06-09T10:48:20,10500.0,38.5,B
2021-06-09T10:48:20,2100.0,38.5,B
2021-06-09T10:48:20,800.0,38.5,B
2021-06-09T10:48:20,200.0,38.5,B
2021-06-09T10:48:20,11000.0,38.5,B
2021-06-09T10:48:08,1300.0,38.5,B
2021-06-09T10:47:57,1000.0,38.5,B
2021-06-09T10:47:29,1400.0,38.5,B
2021-06-09T10:47:24,17600.0,38.5,B
2021-06-09T10:47:24,2400.0,38.5,B
2021-06-09T10:47:04,500.0,38.5,B
2021-06-09T10:46:55,200.0,38.5,B
2021-06-09T10:46:45,1900.0,38.5,B
2021-06-09T10:46:45,900.0,38.5,B
2021-06-09T10:46:45,7000.0,38.5,B
2021-06-09T10:46:45,200.0,38.5,B
2021-06-09T10:46:45,6500.0,38.5,B
2021-06-09T10:46:45,1000.0,38.5,B
2021-06-09T10:46:44,500.0,38.5,B
2021-06-09T10:46:44,10300.0,38.5,B
2021-06-09T10:46:44,3000.0,38.5,B
2021-06-09T10:46:44,18700.0,38.5,B
2021-06-09T10:46:43,200.0,38.5,B
2021-06-09T10:46:28,500.0,38.5,B
2021-06-09T10:46:06,200.0,38.5,B
2021-06-09T10:46:06,700.0,38.5,B
2021-06-09T10:45:39,3000.0,38.5,B
2021-06-09T10:45:13,10000.0,38.5,B
2021-06-09T10:44:46,4200.0,38.45,B
2021-06-09T10:44:46,300.0,38.45,B
2021-06-09T10:44:46,1600.0,38.45,B
2021-06-09T10:44:46,3900.0,38.45,B
2021-06-09T10:44:42,2500.0,38.35,S
2021-06-09T10:44:42,100.0,38.4,B
2021-06-09T10:44:36,1000.0,38.4,B
2021-06-09T10:44:35,300.0,38.4,B
2021-06-09T10:44:20,2800.0,38.4,B
2021-06-09T10:44:10,500.0,38.4,B
2021-06-09T10:44:03,7700.0,38.4,B
2021-06-09T10:44:03,1700.0,38.4,B
2021-06-09T10:44:03,600.0,38.4,B
2021-06-09T10:44:00,200.0,38.4,B
2021-06-09T10:44:00,200.0,38.35,S
2021-06-09T10:43:38,100.0,38.4,B
2021-06-09T10:43:22,400.0,38.35,S
2021-06-09T10:43:09,1000.0,38.4,B
2021-06-09T10:42:47,100.0,38.4,B
2021-06-09T10:42:44,1000.0,38.4,B
2021-06-09T10:42:32,2400.0,38.4,B
2021-06-09T10:41:49,200.0,38.4,B
2021-06-09T10:41:42,100.0,38.4,B
2021-06-09T10:41:16,100.0,38.4,B
2021-06-09T10:41:12,400.0,38.4,B
2021-06-09T10:41:11,2600.0,38.4,B
2021-06-09T10:41:11,1400.0,38.4,B
2021-06-09T10:41:09,100.0,38.4,B
2021-06-09T10:41:03,500.0,38.4,B
2021-06-09T10:40:51,100.0,38.4,B
2021-06-09T10:40:16,300.0,38.35,S
2021-06-09T10:40:14,200.0,38.4,B
2021-06-09T10:40:03,500.0,38.4,B
2021-06-09T10:39:50,700.0,38.4,B
2021-06-09T10:39:17,1000.0,38.4,B
2021-06-09T10:39:08,1000.0,38.35,S
2021-06-09T10:39:05,1000.0,38.35,S
2021-06-09T10:38:57,100.0,38.4,B
2021-06-09T10:38:47,100.0,38.4,B
2021-06-09T10:38:14,100.0,38.4,B
2021-06-09T10:38:04,200.0,38.4,B
2021-06-09T10:38:04,3400.0,38.4,B
2021-06-09T10:38:04,100.0,38.4,B
2021-06-09T10:38:04,16300.0,38.4,B
2021-06-09T10:37:20,1000.0,38.4,B
2021-06-09T10:37:17,200.0,38.35,S
2021-06-09T10:37:14,500.0,38.35,S
2021-06-09T10:36:30,100.0,38.4,B
2021-06-09T10:36:30,1000.0,38.35,S
2021-06-09T10:35:38,100.0,38.35,S
2021-06-09T10:35:38,100.0,38.35,S
2021-06-09T10:35:08,700.0,38.4,B
2021-06-09T10:34:36,3000.0,38.3,S
2021-06-09T10:34:17,100.0,38.35,S
2021-06-09T10:34:10,400.0,38.35,S
2021-06-09T10:34:07,400.0,38.35,S
2021-06-09T10:33:54,100.0,38.4,B
2021-06-09T10:33:54,2000.0,38.4,B
2021-06-09T10:33:54,2900.0,38.4,B
2021-06-09T10:33:52,700.0,38.35,S
2021-06-09T10:33:42,100.0,38.35,B
2021-06-09T10:33:31,3100.0,38.35,B
2021-06-09T10:33:26,800.0,38.2,S
2021-06-09T10:33:05,2700.0,38.4,B
2021-06-09T10:33:05,6100.0,38.4,B
2021-06-09T10:33:05,2700.0,38.4,B
2021-06-09T10:33:04,8500.0,38.35,B
2021-06-09T10:32:46,2000.0,38.35,B
2021-06-09T10:32:46,1400.0,38.35,B
2021-06-09T10:31:58,6000.0,38.35,B
2021-06-09T10:31:58,300.0,38.35,B
2021-06-09T10:31:58,3700.0,38.35,B
2021-06-09T10:31:51,1000.0,38.2,S
2021-06-09T10:31:51,100.0,38.35,B
2021-06-09T10:31:36,2600.0,38.35,B
2021-06-09T10:31:18,200.0,38.2,S
2021-06-09T10:31:03,10000.0,38.35,B
2021-06-09T10:30:37,200.0,38.15,S
2021-06-09T10:30:37,2500.0,38.15,S
2021-06-09T10:30:37,1300.0,38.2,S
2021-06-09T10:30:32,100.0,38.35,B
2021-06-09T10:30:19,500.0,38.35,B
2021-06-09T10:30:13,20000.0,38.35,B
2021-06-09T10:30:10,1300.0,38.2,S
2021-06-09T10:29:49,1500.0,38.2,S
2021-06-09T10:29:45,3700.0,38.35,B
2021-06-09T10:29:36,700.0,38.35,B
2021-06-09T10:29:23,2400.0,38.15,S
2021-06-09T10:29:23,300.0,38.15,S
2021-06-09T10:29:23,5700.0,38.15,S
2021-06-09T10:29:23,700.0,38.15,S
2021-06-09T10:29:23,400.0,38.2,S
2021-06-09T10:29:23,1000.0,38.2,S
2021-06-09T10:29:23,1500.0,38.2,S
2021-06-09T10:28:43,300.0,38.35,B
2021-06-09T10:27:34,200.0,38.35,B
2021-06-09T10:27:06,500.0,38.15,S
2021-06-09T10:26:45,100.0,38.25,S
2021-06-09T10:26:44,1000.0,38.35,B
2021-06-09T10:26:33,100.0,38.15,S
2021-06-09T10:26:17,3700.0,38.35,B
2021-06-09T10:26:17,4300.0,38.35,B
2021-06-09T10:26:12,7900.0,38.35,B
2021-06-09T10:26:12,2100.0,38.35,B
2021-06-09T10:26:03,10000.0,38.35,B
2021-06-09T10:25:53,1000.0,38.3,S
2021-06-09T10:25:48,10000.0,38.15,S
2021-06-09T10:25:44,100.0,38.3,S
2021-06-09T10:25:40,1000.0,38.2,S
2021-06-09T10:25:36,4400.0,38.3,S
2021-06-09T10:25:28,500.0,38.3,S
2021-06-09T10:25:27,100.0,38.3,S
2021-06-09T10:25:10,1500.0,38.2,S
2021-06-09T10:25:04,100.0,38.2,S
2021-06-09T10:25:00,100.0,38.2,S
2021-06-09T10:24:37,100.0,38.3,B
2021-06-09T10:24:02,3500.0,38.35,B
2021-06-09T10:23:52,500.0,38.35,B
2021-06-09T10:23:44,15000.0,38.2,S
2021-06-09T10:23:20,300.0,38.3,B
2021-06-09T10:23:09,100.0,38.3,B
2021-06-09T10:22:48,200.0,38.3,B
2021-06-09T10:22:43,3300.0,38.3,B
2021-06-09T10:22:31,2000.0,38.3,B
2021-06-09T10:22:31,100.0,38.3,B
2021-06-09T10:22:20,1800.0,38.2,S
2021-06-09T10:22:07,1400.0,38.3,B
2021-06-09T10:22:01,400.0,38.2,S
2021-06-09T10:21:55,200.0,38.2,S
2021-06-09T10:21:47,100.0,38.2,S
2021-06-09T10:21:47,100.0,38.2,S
2021-06-09T10:21:38,1000.0,38.15,S
2021-06-09T10:21:25,1000.0,38.2,S
2021-06-09T10:21:25,100.0,38.2,S
2021-06-09T10:21:06,100.0,38.15,S
2021-06-09T10:20:43,200.0,38.2,S
2021-06-09T10:20:37,100.0,38.15,S
2021-06-09T10:20:34,100.0,38.2,S
2021-06-09T10:20:33,1000.0,38.2,S
2021-06-09T10:20:25,700.0,38.15,S
2021-06-09T10:20:00,200.0,38.2,S
2021-06-09T10:19:55,300.0,38.2,S
2021-06-09T10:19:48,700.0,38.2,S
2021-06-09T10:19:43,500.0,38.15,S
2021-06-09T10:19:34,500.0,38.2,S
2021-06-09T10:19:30,1300.0,38.2,S
2021-06-09T10:19:27,800.0,38.2,S
2021-06-09T10:19:23,500.0,38.3,B
2021-06-09T10:19:23,300.0,38.3,B
2021-06-09T10:19:22,500.0,38.3,B
2021-06-09T10:19:22,100.0,38.3,B
2021-06-09T10:19:20,300.0,38.2,S
2021-06-09T10:19:16,4800.0,38.2,S
2021-06-09T10:19:03,100.0,38.2,S
2021-06-09T10:18:56,500.0,38.2,S
2021-06-09T10:18:50,100.0,38.2,S
2021-06-09T10:18:49,1400.0,38.3,B
2021-06-09T10:18:45,1000.0,38.2,S
2021-06-09T10:18:44,500.0,38.2,S
2021-06-09T10:18:31,500.0,38.2,S
2021-06-09T10:18:30,200.0,38.2,S
2021-06-09T10:18:24,400.0,38.2,S
2021-06-09T10:18:21,1000.0,38.3,B
2021-06-09T10:18:21,1000.0,38.3,B
2021-06-09T10:18:05,500.0,38.2,S
2021-06-09T10:18:01,300.0,38.2,S
2021-06-09T10:18:00,1200.0,38.2,S
2021-06-09T10:17:52,700.0,38.15,S
2021-06-09T10:17:44,2000.0,38.2,S
2021-06-09T10:17:44,500.0,38.2,S
2021-06-09T10:17:43,100.0,38.2,S
2021-06-09T10:17:25,3300.0,38.15,S
2021-06-09T10:17:16,700.0,38.3,B
2021-06-09T10:17:16,2400.0,38.3,B
2021-06-09T10:17:15,900.0,38.3,B
2021-06-09T10:17:08,200.0,38.3,B
2021-06-09T10:17:07,100.0,38.15,S
2021-06-09T10:17:04,100.0,38.15,S
2021-06-09T10:16:57,200.0,38.15,S
2021-06-09T10:16:57,300.0,38.15,S
2021-06-09T10:16:56,1000.0,38.15,S
2021-06-09T10:16:44,300.0,38.2,B
2021-06-09T10:16:39,200.0,38.2,B
2021-06-09T10:16:37,400.0,38.2,B
2021-06-09T10:16:29,600.0,38.2,B
2021-06-09T10:16:29,300.0,38.2,B
2021-06-09T10:16:16,4000.0,38.2,B
2021-06-09T10:16:13,200.0,38.2,B
2021-06-09T10:16:09,1000.0,38.2,B
2021-06-09T10:16:08,500.0,38.2,B
2021-06-09T10:15:55,1000.0,38.2,B
2021-06-09T10:15:48,400.0,38.2,B
2021-06-09T10:15:46,100.0,38.2,B
2021-06-09T10:15:26,700.0,38.3,B
2021-06-09T10:15:24,100.0,38.2,B
2021-06-09T10:15:02,100.0,38.2,B
2021-06-09T10:14:54,500.0,38.2,B
2021-06-09T10:14:44,1000.0,38.15,S
2021-06-09T10:14:34,200.0,38.15,S
2021-06-09T10:14:33,1000.0,38.15,S
2021-06-09T10:14:32,700.0,38.15,S
2021-06-09T10:14:29,500.0,38.2,B
2021-06-09T10:14:22,200.0,38.2,B
2021-06-09T10:14:13,200.0,38.2,B
2021-06-09T10:14:06,100.0,38.15,S
2021-06-09T10:14:04,400.0,38.15,S
2021-06-09T10:14:04,500.0,38.15,S
2021-06-09T10:14:04,1100.0,38.15,S
2021-06-09T10:14:03,1500.0,38.15,S
2021-06-09T10:14:02,400.0,38.15,S
2021-06-09T10:13:56,1500.0,38.15,S
2021-06-09T10:13:53,200.0,38.3,B
2021-06-09T10:13:52,1000.0,38.3,B
2021-06-09T10:13:52,100.0,38.3,B
2021-06-09T10:13:52,100.0,38.3,B
2021-06-09T10:13:39,2400.0,38.15,S
2021-06-09T10:13:39,2600.0,38.2,B
2021-06-09T10:13:29,300.0,38.2,B
2021-06-09T10:13:29,2000.0,38.2,B
2021-06-09T10:13:21,100.0,38.3,B
2021-06-09T10:13:16,800.0,38.3,B
2021-06-09T10:13:16,2100.0,38.3,B
2021-06-09T10:13:16,2100.0,38.25,B
2021-06-09T10:13:00,100.0,38.2,B
2021-06-09T10:12:59,400.0,38.15,S
2021-06-09T10:12:44,200.0,38.15,S
2021-06-09T10:12:41,1400.0,38.25,B
2021-06-09T10:12:38,200.0,38.2,B
2021-06-09T10:12:33,500.0,38.15,S
2021-06-09T10:12:31,100.0,38.15,S
2021-06-09T10:12:21,2000.0,38.15,S
2021-06-09T10:12:17,1000.0,38.15,S
2021-06-09T10:12:15,3000.0,38.15,S
2021-06-09T10:12:12,200.0,38.15,S
2021-06-09T10:11:46,100.0,38.15,S
2021-06-09T10:11:43,100.0,38.15,S
2021-06-09T10:11:30,600.0,38.15,S
2021-06-09T10:11:01,300.0,38.15,S
2021-06-09T10:11:01,2500.0,38.15,S
2021-06-09T10:10:58,300.0,38.15,S
2021-06-09T10:10:52,300.0,38.15,S
2021-06-09T10:10:51,100.0,38.15,S
2021-06-09T10:10:43,1000.0,38.15,S
2021-06-09T10:10:38,100.0,38.15,S
2021-06-09T10:10:38,1000.0,38.15,S
2021-06-09T10:10:37,1000.0,38.15,S
2021-06-09T10:10:35,100.0,38.15,S
2021-06-09T10:10:31,500.0,38.15,S
2021-06-09T10:10:30,5000.0,38.15,S
2021-06-09T10:10:25,300.0,38.2,B
2021-06-09T10:10:24,400.0,38.15,S
2021-06-09T10:10:21,1400.0,38.25,B
2021-06-09T10:10:16,600.0,38.15,S
2021-06-09T10:10:08,1000.0,38.15,S
2021-06-09T10:10:04,1000.0,38.25,B
2021-06-09T10:10:00,4000.0,38.15,S
2021-06-09T10:09:54,1000.0,38.15,S
2021-06-09T10:09:45,200.0,38.15,S
2021-06-09T10:09:44,15000.0,38.25,B
2021-06-09T10:09:35,900.0,38.15,S
2021-06-09T10:09:32,1000.0,38.05,S
2021-06-09T10:09:32,1600.0,38.1,S
2021-06-09T10:09:32,26400.0,38.1,S
2021-06-09T10:09:20,5000.0,38.1,S
2021-06-09T10:09:19,100.0,38.15,S
2021-06-09T10:09:17,200.0,38.1,S
2021-06-09T10:09:17,5000.0,38.1,S
2021-06-09T10:09:13,200.0,38.1,S
2021-06-09T10:08:55,200.0,38.1,S
2021-06-09T10:08:55,1000.0,38.1,S
2021-06-09T10:08:54,200.0,38.2,B
2021-06-09T10:08:54,3100.0,38.2,B
2021-06-09T10:08:54,400.0,38.2,B
2021-06-09T10:08:54,700.0,38.2,B
2021-06-09T10:08:54,800.0,38.2,B
2021-06-09T10:08:54,1800.0,38.2,B
2021-06-09T10:08:54,300.0,38.2,B
2021-06-09T10:08:54,2500.0,38.2,B
2021-06-09T10:08:54,3800.0,38.2,B
2021-06-09T10:08:54,500.0,38.2,B
2021-06-09T10:08:54,5900.0,38.2,B
2021-06-09T10:08:47,20000.0,38.2,B
2021-06-09T10:08:46,100.0,38.1,S
2021-06-09T10:08:30,2000.0,38.1,S
2021-06-09T10:08:16,1000.0,38.15,S
2021-06-09T10:07:36,500.0,38.1,S
2021-06-09T10:07:30,11000.0,38.05,S
2021-06-09T10:07:27,5000.0,38.05,S
2021-06-09T10:07:25,2000.0,38.1,S
2021-06-09T10:07:24,700.0,38.1,S
2021-06-09T10:07:22,1000.0,38.1,S
2021-06-09T10:07:10,200.0,38.1,S
2021-06-09T10:06:58,1200.0,38.1,S
2021-06-09T10:06:48,200.0,38.1,S
2021-06-09T10:06:47,1000.0,38.1,S
2021-06-09T10:06:47,2000.0,38.1,S
2021-06-09T10:06:46,7600.0,38.1,S
2021-06-09T10:06:45,100.0,38.05,S
2021-06-09T10:06:38,700.0,38.05,S
2021-06-09T10:06:37,5500.0,38.05,S
2021-06-09T10:06:35,1000.0,38.1,S
2021-06-09T10:06:34,300.0,38.05,S
2021-06-09T10:06:25,100.0,38.05,S
2021-06-09T10:06:07,100.0,38.05,S
2021-06-09T10:06:02,200.0,38.1,S
2021-06-09T10:05:44,500.0,38.05,S
2021-06-09T10:05:38,300.0,38.05,S
2021-06-09T10:05:29,900.0,38.05,S
2021-06-09T10:05:24,200.0,38.05,S
2021-06-09T10:05:23,900.0,38.05,S
2021-06-09T10:05:21,16400.0,38.05,S
2021-06-09T10:05:21,3600.0,38.1,S
2021-06-09T10:05:15,500.0,38.1,S
2021-06-09T10:05:15,300.0,38.1,S
2021-06-09T10:05:12,100.0,38.1,S
2021-06-09T10:05:09,2100.0,38.1,S
2021-06-09T10:05:08,1700.0,38.15,S
2021-06-09T10:05:02,2200.0,38.15,S
2021-06-09T10:04:53,2000.0,38.15,B
2021-06-09T10:04:50,1000.0,38.2,B
2021-06-09T10:04:48,300.0,38.15,B
2021-06-09T10:04:47,3000.0,38.15,B
2021-06-09T10:04:46,200.0,38.15,B
2021-06-09T10:04:45,500.0,38.15,B
2021-06-09T10:04:43,800.0,38.2,B
2021-06-09T10:04:30,10300.0,38.2,B
2021-06-09T10:04:30,11700.0,38.2,B
2021-06-09T10:04:27,100.0,38.15,B
2021-06-09T10:04:25,200.0,38.15,B
2021-06-09T10:04:23,1000.0,38.15,B
2021-06-09T10:04:19,5000.0,38.15,B
2021-06-09T10:04:17,1000.0,38.15,B
2021-06-09T10:04:15,1000.0,38.15,B
2021-06-09T10:04:10,200.0,38.15,B
2021-06-09T10:04:10,1500.0,38.15,B
2021-06-09T10:04:06,100.0,38.15,B
2021-06-09T10:04:05,900.0,38.15,B
2021-06-09T10:04:01,100.0,38.15,B
2021-06-09T10:04:00,200.0,38.15,B
2021-06-09T10:03:55,100.0,38.15,B
2021-06-09T10:03:52,100.0,38.15,B
2021-06-09T10:03:46,5100.0,38.15,B
2021-06-09T10:03:46,1000.0,38.15,B
2021-06-09T10:03:44,100.0,38.15,B
2021-06-09T10:03:43,500.0,38.15,B
2021-06-09T10:03:39,3000.0,38.15,B
2021-06-09T10:03:32,500.0,38.15,B
2021-06-09T10:03:31,300.0,38.15,B
2021-06-09T10:03:23,1000.0,38.15,B
2021-06-09T10:03:09,100.0,38.15,B
2021-06-09T10:03:07,2200.0,38.15,B
2021-06-09T10:03:02,300.0,38.15,B
2021-06-09T10:02:58,200.0,38.15,B
2021-06-09T10:02:48,100.0,38.15,B
2021-06-09T10:02:46,4200.0,38.15,B
2021-06-09T10:02:45,500.0,38.1,S
2021-06-09T10:02:37,10000.0,38.1,S
2021-06-09T10:02:35,100.0,38.1,S
2021-06-09T10:02:30,2000.0,38.1,S
2021-06-09T10:02:20,5000.0,38.1,S
2021-06-09T10:02:15,1000.0,38.1,S
2021-06-09T10:02:01,500.0,38.1,S
2021-06-09T10:02:01,200.0,38.1,S
2021-06-09T10:01:49,1500.0,38.1,S
2021-06-09T10:01:41,100.0,38.15,B
2021-06-09T10:01:36,300.0,38.1,S
2021-06-09T10:01:34,100.0,38.1,S
2021-06-09T10:01:28,2000.0,38.1,S
2021-06-09T10:01:23,2000.0,38.1,S
2021-06-09T10:01:22,200.0,38.1,S
2021-06-09T10:01:22,100.0,38.1,S
2021-06-09T10:01:14,400.0,38.1,S
2021-06-09T10:01:14,1600.0,38.1,S
2021-06-09T10:01:13,200.0,38.1,S
2021-06-09T10:01:09,200.0,38.1,S
2021-06-09T10:01:09,2500.0,38.1,S
2021-06-09T10:01:03,1800.0,38.1,S
2021-06-09T10:01:02,100.0,38.1,S
2021-06-09T10:00:55,500.0,38.1,S
2021-06-09T10:00:54,500.0,38.1,S
2021-06-09T10:00:49,1000.0,38.1,S
2021-06-09T10:00:45,300.0,38.1,S
2021-06-09T10:00:43,500.0,38.1,S
2021-06-09T10:00:39,1200.0,38.1,S
2021-06-09T10:00:38,500.0,38.1,S
2021-06-09T10:00:38,600.0,38.1,S
2021-06-09T10:00:38,100.0,38.1,S
2021-06-09T10:00:36,800.0,38.1,S
2021-06-09T10:00:28,100.0,38.1,S
2021-06-09T10:00:20,1000.0,38.1,S
2021-06-09T10:00:17,900.0,38.1,S
2021-06-09T10:00:13,100.0,38.1,S
2021-06-09T10:00:10,500.0,38.1,S
2021-06-09T09:59:53,1000.0,38.1,S
2021-06-09T09:59:47,100.0,38.1,S
2021-06-09T09:59:42,3000.0,38.1,S
2021-06-09T09:59:37,3000.0,38.1,S
2021-06-09T09:59:36,1000.0,38.1,S
2021-06-09T09:59:36,500.0,38.1,S
2021-06-09T09:59:30,500.0,38.1,S
2021-06-09T09:59:30,800.0,38.1,S
2021-06-09T09:59:28,500.0,38.1,S
2021-06-09T09:59:22,5000.0,38.1,S
2021-06-09T09:59:09,1100.0,38.1,S
2021-06-09T09:59:08,2200.0,38.1,S
2021-06-09T09:59:06,200.0,38.1,S
2021-06-09T09:58:40,300.0,38.2,B
2021-06-09T09:58:37,7000.0,38.2,B
2021-06-09T09:58:37,5400.0,38.2,B
2021-06-09T09:58:37,4100.0,38.15,B
2021-06-09T09:58:36,3500.0,38.15,B
2021-06-09T09:58:32,500.0,38.1,S
2021-06-09T09:58:30,1200.0,38.1,S
2021-06-09T09:58:28,100.0,38.1,S
2021-06-09T09:58:21,1000.0,38.1,S
2021-06-09T09:58:14,2000.0,38.1,S
2021-06-09T09:57:53,1300.0,38.1,S
2021-06-09T09:57:52,20000.0,38.15,B
2021-06-09T09:57:46,2000.0,38.1,S
2021-06-09T09:57:40,1500.0,38.1,S
2021-06-09T09:57:37,200.0,38.1,S
2021-06-09T09:57:27,500.0,38.1,S
2021-06-09T09:57:22,1000.0,38.1,S
2021-06-09T09:57:19,1000.0,38.1,S
2021-06-09T09:57:18,700.0,38.1,S
2021-06-09T09:57:17,1000.0,38.1,S
2021-06-09T09:57:00,100.0,38.1,S
2021-06-09T09:56:55,500.0,38.1,S
2021-06-09T09:56:52,5000.0,38.1,S
2021-06-09T09:56:51,1200.0,38.1,S
2021-06-09T09:56:39,2500.0,38.1,S
2021-06-09T09:56:35,300.0,38.1,S
2021-06-09T09:56:34,11000.0,38.1,S
2021-06-09T09:56:24,100.0,38.05,S
2021-06-09T09:56:21,1000.0,38.1,S
2021-06-09T09:56:10,20000.0,38.15,B
2021-06-09T09:56:04,1000.0,38.0,S
2021-06-09T09:56:02,100.0,38.0,S
2021-06-09T09:56:02,1300.0,38.0,S
2021-06-09T09:55:59,400.0,38.1,S
2021-06-09T09:55:58,1000.0,38.0,S
2021-06-09T09:55:50,2000.0,38.0,S
2021-06-09T09:55:49,1000.0,38.0,S
2021-06-09T09:55:48,2500.0,38.0,S
2021-06-09T09:55:48,4000.0,38.0,S
2021-06-09T09:55:47,1000.0,38.0,S
2021-06-09T09:55:47,800.0,38.0,S
2021-06-09T09:55:41,200.0,38.1,S
2021-06-09T09:55:37,1000.0,38.0,S
2021-06-09T09:55:26,100.0,38.0,S
2021-06-09T09:55:25,100.0,38.0,S
2021-06-09T09:55:16,200.0,38.0,S
2021-06-09T09:55:16,200.0,38.15,B
2021-06-09T09:55:06,1400.0,38.15,B
2021-06-09T09:55:06,900.0,38.15,B
2021-06-09T09:55:05,100.0,38.15,B
2021-06-09T09:55:05,700.0,38.15,B
2021-06-09T09:55:05,1000.0,38.1,S
2021-06-09T09:55:05,1200.0,38.05,S
2021-06-09T09:54:58,2000.0,38.0,S
2021-06-09T09:54:57,6000.0,38.0,S
2021-06-09T09:54:57,100.0,38.0,S
2021-06-09T09:54:50,2500.0,38.0,S
2021-06-09T09:54:47,200.0,38.0,S
2021-06-09T09:54:43,1000.0,38.05,S
2021-06-09T09:54:40,100.0,38.0,S
2021-06-09T09:54:32,200.0,38.0,S
2021-06-09T09:54:31,400.0,38.0,S
2021-06-09T09:54:25,800.0,38.0,S
2021-06-09T09:54:21,1400.0,38.05,S
2021-06-09T09:54:12,200.0,38.0,S
2021-06-09T09:54:10,4000.0,38.0,S
2021-06-09T09:53:55,100.0,38.0,S
2021-06-09T09:53:52,200.0,38.0,S
2021-06-09T09:53:48,500.0,38.0,S
2021-06-09T09:53:47,300.0,38.0,S
2021-06-09T09:53:43,1000.0,38.0,S
2021-06-09T09:53:42,1000.0,38.0,S
2021-06-09T09:53:38,1000.0,38.0,S
2021-06-09T09:53:37,500.0,38.1,S
2021-06-09T09:53:33,10000.0,38.0,S
2021-06-09T09:53:32,500.0,38.05,S
2021-06-09T09:53:27,100.0,38.05,S
2021-06-09T09:53:15,3500.0,38.05,S
2021-06-09T09:53:13,10000.0,38.05,S
2021-06-09T09:53:12,500.0,38.05,S
2021-06-09T09:53:11,1000.0,38.05,S
2021-06-09T09:52:57,600.0,38.05,S
2021-06-09T09:52:57,6000.0,38.05,S
2021-06-09T09:52:55,200.0,38.05,S
2021-06-09T09:52:54,600.0,38.05,S
2021-06-09T09:52:46,500.0,38.05,S
2021-06-09T09:52:31,500.0,38.05,S
2021-06-09T09:52:28,100.0,38.05,S
2021-06-09T09:52:27,500.0,38.05,S
2021-06-09T09:52:27,100.0,38.15,B
2021-06-09T09:52:24,100.0,38.15,B
2021-06-09T09:52:18,100.0,38.1,S
2021-06-09T09:52:03,2000.0,38.05,S
2021-06-09T09:51:56,100.0,38.05,S
2021-06-09T09:51:47,100.0,38.15,B
2021-06-09T09:51:35,200.0,38.05,S
2021-06-09T09:51:29,2200.0,38.05,S
2021-06-09T09:51:17,4000.0,38.05,S
2021-06-09T09:51:16,100.0,38.05,S
2021-06-09T09:51:16,1200.0,38.05,S
2021-06-09T09:51:13,500.0,38.05,S
2021-06-09T09:51:01,400.0,38.15,B
2021-06-09T09:51:01,100.0,38.1,S
2021-06-09T09:51:01,600.0,38.1,S
2021-06-09T09:50:59,300.0,38.05,S
2021-06-09T09:50:34,300.0,38.05,S
2021-06-09T09:50:33,100.0,38.05,S
2021-06-09T09:50:14,1000.0,38.05,S
2021-06-09T09:50:14,300.0,38.05,S
2021-06-09T09:49:51,600.0,38.05,S
2021-06-09T09:49:50,100.0,38.1,S
2021-06-09T09:49:26,3600.0,38.05,S
2021-06-09T09:49:23,500.0,38.05,S
2021-06-09T09:49:22,300.0,38.05,S
2021-06-09T09:49:14,600.0,38.05,S
2021-06-09T09:49:11,2000.0,38.05,S
2021-06-09T09:49:08,100.0,38.05,S
2021-06-09T09:48:46,2000.0,38.05,S
2021-06-09T09:48:28,3000.0,38.15,B
2021-06-09T09:48:21,300.0,38.15,B
2021-06-09T09:48:15,300.0,38.05,S
2021-06-09T09:48:14,400.0,38.05,S
2021-06-09T09:48:01,300.0,38.05,S
2021-06-09T09:47:59,500.0,38.05,S
2021-06-09T09:47:56,100.0,38.05,S
2021-06-09T09:47:46,500.0,38.05,S
2021-06-09T09:47:46,1100.0,38.05,S
2021-06-09T09:47:45,500.0,38.05,S
2021-06-09T09:47:44,2000.0,38.05,S
2021-06-09T09:47:41,500.0,38.05,S
2021-06-09T09:47:41,1600.0,38.2,B
2021-06-09T09:47:40,300.0,38.2,B
2021-06-09T09:47:29,300.0,38.2,B
2021-06-09T09:47:20,500.0,38.2,B
2021-06-09T09:47:18,500.0,38.2,B
2021-06-09T09:47:15,200.0,38.2,B
2021-06-09T09:47:06,1200.0,38.2,B
2021-06-09T09:47:04,400.0,38.2,B
2021-06-09T09:47:02,2000.0,38.2,B
2021-06-09T09:46:59,1500.0,38.2,B
2021-06-09T09:46:49,500.0,38.2,B
2021-06-09T09:46:38,200.0,38.2,B
2021-06-09T09:46:38,3000.0,38.3,B
2021-06-09T09:46:32,15700.0,38.2,B
2021-06-09T09:46:26,3100.0,38.2,B
2021-06-09T09:46:21,1100.0,38.05,S
2021-06-09T09:46:11,5000.0,38.05,S
2021-06-09T09:46:07,400.0,38.1,S
2021-06-09T09:46:02,2500.0,38.1,S
2021-06-09T09:45:59,500.0,38.1,S
2021-06-09T09:45:57,20000.0,38.1,S
2021-06-09T09:45:41,500.0,38.2,B
2021-06-09T09:45:35,2000.0,38.2,B
2021-06-09T09:45:30,1500.0,38.2,B
2021-06-09T09:45:14,400.0,38.2,B
2021-06-09T09:45:07,100.0,38.2,B
2021-06-09T09:44:50,800.0,38.2,B
2021-06-09T09:44:48,300.0,38.2,B
2021-06-09T09:44:48,200.0,38.3,B
2021-06-09T09:44:40,5000.0,38.3,B
2021-06-09T09:44:31,5000.0,38.1,S
2021-06-09T09:44:30,1700.0,38.1,S
2021-06-09T09:44:29,500.0,38.1,S
2021-06-09T09:44:19,2700.0,38.1,S
2021-06-09T09:44:16,1000.0,38.25,B
2021-06-09T09:44:05,2400.0,38.2,B
2021-06-09T09:44:05,1000.0,38.1,S
2021-06-09T09:43:54,12600.0,38.2,B
2021-06-09T09:43:48,15000.0,38.2,B
2021-06-09T09:43:45,200.0,38.25,B
2021-06-09T09:43:45,900.0,38.25,B
2021-06-09T09:43:45,400.0,38.25,B
2021-06-09T09:43:45,2600.0,38.25,B
2021-06-09T09:43:44,1800.0,38.25,B
2021-06-09T09:43:44,1500.0,38.25,B
2021-06-09T09:43:44,2000.0,38.25,B
2021-06-09T09:43:44,3200.0,38.25,B
2021-06-09T09:43:31,9800.0,38.2,B
2021-06-09T09:43:28,100.0,38.1,S
2021-06-09T09:43:18,2000.0,38.05,S
2021-06-09T09:43:16,4000.0,38.1,S
2021-06-09T09:43:12,400.0,38.1,S
2021-06-09T09:43:07,5000.0,38.1,S
2021-06-09T09:42:56,3000.0,38.05,S
2021-06-09T09:42:54,300.0,38.05,S
2021-06-09T09:42:53,100.0,38.05,S
2021-06-09T09:42:49,1000.0,38.05,S
2021-06-09T09:42:37,500.0,38.05,S
2021-06-09T09:42:34,4500.0,38.05,S
2021-06-09T09:42:32,1500.0,38.05,S
2021-06-09T09:42:30,2000.0,38.2,S
2021-06-09T09:42:28,3000.0,38.05,S
2021-06-09T09:42:17,300.0,38.05,S
2021-06-09T09:42:17,200.0,38.05,S
2021-06-09T09:42:10,100.0,38.05,S
2021-06-09T09:42:10,500.0,38.05,S
2021-06-09T09:42:09,5500.0,38.05,S
2021-06-09T09:41:54,200.0,38.05,S
2021-06-09T09:41:50,100.0,38.05,S
2021-06-09T09:41:39,2000.0,38.25,S
2021-06-09T09:41:38,3000.0,38.25,S
2021-06-09T09:41:37,500.0,38.05,S
2021-06-09T09:41:35,100.0,38.05,S
2021-06-09T09:41:34,600.0,38.05,S
2021-06-09T09:41:34,1200.0,38.1,S
2021-06-09T09:41:34,1200.0,38.1,S
2021-06-09T09:41:25,100.0,38.1,S
2021-06-09T09:41:13,700.0,38.1,S
2021-06-09T09:41:00,18000.0,38.1,S
2021-06-09T09:41:00,32000.0,38.15,S
2021-06-09T09:40:55,1100.0,38.2,S
2021-06-09T09:40:52,1900.0,38.15,S
2021-06-09T09:40:39,400.0,38.15,S
2021-06-09T09:40:39,200.0,38.15,S
2021-06-09T09:40:38,100.0,38.15,S
2021-06-09T09:40:35,1100.0,38.2,S
2021-06-09T09:40:29,500.0,38.15,S
2021-06-09T09:40:19,500.0,38.15,S
2021-06-09T09:40:13,300.0,38.15,S
2021-06-09T09:39:26,600.0,38.15,S
2021-06-09T09:39:24,1000.0,38.15,S
2021-06-09T09:39:19,200.0,38.3,S
2021-06-09T09:39:09,1000.0,38.15,S
2021-06-09T09:38:57,1000.0,38.15,S
2021-06-09T09:38:54,200.0,38.15,S
2021-06-09T09:38:44,100.0,38.3,S
2021-06-09T09:38:40,300.0,38.15,S
2021-06-09T09:38:37,1500.0,38.15,S
2021-06-09T09:38:36,300.0,38.15,S
2021-06-09T09:38:29,1000.0,38.15,S
2021-06-09T09:38:24,5000.0,38.15,S
2021-06-09T09:38:19,300.0,38.3,S
2021-06-09T09:38:19,700.0,38.3,S
2021-06-09T09:38:06,800.0,38.15,S
2021-06-09T09:37:58,200.0,38.15,S
2021-06-09T09:37:52,600.0,38.15,S
2021-06-09T09:37:50,2000.0,38.2,S
2021-06-09T09:37:47,800.0,38.2,S
2021-06-09T09:37:46,100.0,38.2,S
2021-06-09T09:37:46,100.0,38.2,S
2021-06-09T09:37:46,3100.0,38.2,S
2021-06-09T09:37:46,6700.0,38.2,S
2021-06-09T09:37:38,700.0,38.2,S
2021-06-09T09:37:34,200.0,38.2,S
2021-06-09T09:37:33,2300.0,38.3,S
2021-06-09T09:37:32,200.0,38.3,S
2021-06-09T09:37:30,200.0,38.3,S
2021-06-09T09:37:19,2000.0,38.3,S
2021-06-09T09:37:15,100.0,38.3,S
2021-06-09T09:37:14,300.0,38.3,S
2021-06-09T09:37:14,3800.0,38.3,S
2021-06-09T09:37:14,5800.0,38.3,S
2021-06-09T09:37:14,5300.0,38.3,S
2021-06-09T09:37:08,200.0,38.2,S
2021-06-09T09:37:05,1500.0,38.2,S
2021-06-09T09:37:04,2800.0,38.2,S
2021-06-09T09:36:58,1200.0,38.2,S
2021-06-09T09:36:47,1300.0,38.2,S
2021-06-09T09:36:36,500.0,38.2,S
2021-06-09T09:36:35,1400.0,38.2,S
2021-06-09T09:36:02,1000.0,38.2,S
2021-06-09T09:36:01,2000.0,38.2,S
2021-06-09T09:35:57,1500.0,38.2,S
2021-06-09T09:35:47,1000.0,38.3,S
2021-06-09T09:35:41,2700.0,38.35,S
2021-06-09T09:35:32,800.0,38.35,S
2021-06-09T09:35:31,300.0,38.35,S
2021-06-09T09:35:30,900.0,38.35,S
2021-06-09T09:35:13,1000.0,38.35,S
2021-06-09T09:35:13,100.0,38.35,S
2021-06-09T09:35:11,200.0,38.35,S
2021-06-09T09:35:05,100.0,38.35,S
2021-06-09T09:34:58,2000.0,38.35,S
2021-06-09T09:34:56,2000.0,38.35,S
2021-06-09T09:34:44,60000.0,38.2,S
2021-06-09T09:34:43,600.0,38.35,S
2021-06-09T09:34:42,500.0,38.35,S
2021-06-09T09:34:38,2000.0,38.35,S
2021-06-09T09:34:37,1300.0,38.35,S
2021-06-09T09:34:34,4700.0,38.35,S
2021-06-09T09:34:30,200.0,38.35,S
2021-06-09T09:34:29,3400.0,38.35,S
2021-06-09T09:34:28,100.0,38.3,S
2021-06-09T09:34:26,1500.0,38.35,S
2021-06-09T09:34:19,900.0,38.3,S
2021-06-09T09:34:18,1000.0,38.3,S
2021-06-09T09:34:06,3000.0,38.3,S
2021-06-09T09:34:05,100.0,38.3,S
2021-06-09T09:33:50,500.0,38.3,S
2021-06-09T09:33:49,100.0,38.3,S
2021-06-09T09:33:46,2700.0,38.3,S
2021-06-09T09:33:43,800.0,38.3,S
2021-06-09T09:33:38,2000.0,38.3,S
2021-06-09T09:33:26,1200.0,38.25,S
2021-06-09T09:33:17,200.0,38.25,S
2021-06-09T09:33:10,100.0,38.2,S
2021-06-09T09:33:04,3000.0,38.2,S
2021-06-09T09:32:57,1000.0,38.25,S
2021-06-09T09:32:57,500.0,38.3,S
2021-06-09T09:32:57,800.0,38.25,S
2021-06-09T09:32:10,900.0,38.25,S
2021-06-09T09:32:06,5000.0,38.25,S
2021-06-09T09:31:54,1500.0,38.25,S
2021-06-09T09:31:50,400.0,38.25,S
2021-06-09T09:31:44,100.0,38.25,S
2021-06-09T09:31:37,4800.0,38.25,S
2021-06-09T09:31:28,30000.0,38.25,S
2021-06-09T09:31:24,6500.0,38.35,S
2021-06-09T09:31:18,500.0,38.35,S
2021-06-09T09:31:07,100.0,38.3,S
2021-06-09T09:31:06,700.0,38.3,S
2021-06-09T09:31:04,1100.0,38.3,S
2021-06-09T09:30:59,3000.0,38.3,S
2021-06-09T09:30:57,2300.0,38.4,B
2021-06-09T09:30:54,7000.0,38.4,B
2021-06-09T09:30:50,5000.0,38.4,B
2021-06-09T09:30:49,200.0,38.4,B
2021-06-09T09:30:42,2000.0,38.4,B
2021-06-09T09:30:39,500.0,38.4,B
2021-06-09T09:30:36,200.0,38.4,B
2021-06-09T09:30:36,1000.0,38.4,B
2021-06-09T09:30:33,100.0,38.4,B
2021-06-09T09:30:15,1200.0,38.4,B
2021-06-09T09:30:00,300.0,38.4,B
2021-06-09T09:30:00,1000.0,38.4,B
2021-06-09T09:29:52,3000.0,38.4,B
2021-06-09T09:29:37,500.0,38.4,B
2021-06-09T09:29:36,500.0,38.4,B
2021-06-09T09:29:34,100.0,38.4,B
2021-06-09T09:29:29,1000.0,38.4,B
2021-06-09T09:29:23,1000.0,38.4,B
2021-06-09T09:29:20,500.0,38.4,B
2021-06-09T09:29:20,3600.0,38.4,B
2021-06-09T09:29:19,1000.0,38.4,B
2021-06-09T09:29:11,600.0,38.3,S
2021-06-09T09:29:07,2000.0,38.3,S
2021-06-09T09:28:19,500.0,38.3,S
2021-06-09T09:28:01,100.0,38.3,S
2021-06-09T09:27:47,1000.0,38.35,S
2021-06-09T09:27:28,5300.0,38.35,S
2021-06-09T09:27:06,600.0,38.35,S
2021-06-09T09:26:38,1400.0,38.35,S
2021-06-09T09:26:35,1000.0,38.35,S
2021-06-09T09:26:16,300.0,38.4,S
2021-06-09T09:26:15,1400.0,38.35,S
2021-06-09T09:26:12,700.0,38.35,S
2021-06-09T09:26:10,1000.0,38.5,S
2021-06-09T09:26:09,100.0,38.35,S
2021-06-09T09:26:09,1900.0,38.35,S
2021-06-09T09:25:38,5000.0,38.5,S
2021-06-09T09:25:35,8100.0,38.35,S
2021-06-09T09:25:35,400.0,38.4,S
2021-06-09T09:25:34,3000.0,38.4,S
2021-06-09T09:25:33,6000.0,38.4,S
2021-06-09T09:25:22,7000.0,38.45,S
2021-06-09T09:25:12,500.0,38.4,S
2021-06-09T09:24:37,300.0,38.5,S
2021-06-09T09:24:29,1000.0,38.4,S
2021-06-09T09:24:21,100.0,38.5,S
2021-06-09T09:24:07,26000.0,38.5,S
2021-06-09T09:24:05,1200.0,38.4,S
2021-06-09T09:23:56,500.0,38.5,S
2021-06-09T09:23:49,5100.0,38.4,S
2021-06-09T09:23:45,600.0,38.4,S
2021-06-09T09:23:28,300.0,38.4,S
2021-06-09T09:23:11,100.0,38.5,S
2021-06-09T09:23:07,100.0,38.4,S
2021-06-09T09:23:05,6800.0,38.4,S
2021-06-09T09:23:05,30000.0,38.45,S
2021-06-09T09:23:01,200.0,38.5,S
2021-06-09T09:22:55,3900.0,38.5,S
2021-06-09T09:22:55,3100.0,38.5,S
2021-06-09T09:22:50,3000.0,38.5,S
2021-06-09T09:22:49,1000.0,38.5,S
2021-06-09T09:22:31,1800.0,38.5,S
2021-06-09T09:22:17,100.0,38.5,S
2021-06-09T09:22:10,600.0,38.5,S
2021-06-09T09:22:00,500.0,38.5,S
2021-06-09T09:21:56,900.0,38.5,S
2021-06-09T09:21:56,200.0,38.5,S
2021-06-09T09:21:55,4000.0,38.55,S
2021-06-09T09:21:47,200.0,38.5,S
2021-06-09T09:21:41,5000.0,38.55,S
2021-06-09T09:21:35,100.0,38.55,S
2021-06-09T09:20:53,9100.0,38.5,S
2021-06-09T09:20:48,3900.0,38.5,S
2021-06-09T09:20:46,100.0,38.55,S
2021-06-09T09:20:42,5000.0,38.55,S
2021-06-09T09:20:31,300.0,38.55,S
2021-06-09T09:20:27,200.0,38.5,S
2021-06-09T09:20:17,700.0,38.5,S
2021-06-09T09:20:04,300.0,38.55,S
2021-06-09T09:19:40,500.0,38.55,S
2021-06-09T09:19:28,200.0,38.55,S
2021-06-09T09:19:19,1000.0,38.55,S
2021-06-09T09:19:13,200.0,38.5,S
2021-06-09T09:18:55,500.0,38.6,B
2021-06-09T09:18:51,10000.0,38.5,S
2021-06-09T09:18:30,500.0,38.55,S
2021-06-09T09:18:12,3000.0,38.5,S
2021-06-09T09:17:47,500.0,38.6,B
2021-06-09T09:17:44,100.0,38.55,S
2021-06-09T09:17:29,100.0,38.55,S
2021-06-09T09:17:19,200.0,38.55,S
2021-06-09T09:17:19,800.0,38.55,S
2021-06-09T09:17:16,500.0,38.55,S
2021-06-09T09:17:12,1000.0,38.55,S
2021-06-09T09:16:49,400.0,38.55,S
2021-06-09T09:16:46,500.0,38.55,S
2021-06-09T09:16:45,100.0,38.55,S
2021-06-09T09:16:38,700.0,38.55,S
2021-06-09T09:16:29,3000.0,38.55,S
2021-06-09T09:16:17,100.0,38.55,B
2021-06-09T09:16:14,400.0,38.55,B
2021-06-09T09:16:14,2600.0,38.55,B
2021-06-09T09:16:13,300.0,38.5,S
2021-06-09T09:16:09,1000.0,38.5,S
2021-06-09T09:15:57,10000.0,38.55,B
