tradingTime,volume,price,side
2021-06-09T14:29:52,3300.0,5.2,B
2021-06-09T14:29:33,1800.0,5.2,B
2021-06-09T14:29:33,5000.0,5.2,B
2021-06-09T14:29:14,1500.0,5.2,B
2021-06-09T14:29:13,400.0,5.2,B
2021-06-09T14:28:59,2000.0,5.2,B
2021-06-09T14:28:49,2000.0,5.2,B
2021-06-09T14:28:41,900.0,5.2,B
2021-06-09T14:28:39,1000.0,5.2,B
2021-06-09T14:28:29,500.0,5.2,B
2021-06-09T14:28:26,2000.0,5.2,B
2021-06-09T14:28:24,1000.0,5.2,B
2021-06-09T14:28:19,2000.0,5.2,B
2021-06-09T14:28:11,10000.0,5.2,B
2021-06-09T14:28:08,2000.0,5.2,B
2021-06-09T14:28:03,3000.0,5.2,B
2021-06-09T14:27:45,2100.0,5.2,B
2021-06-09T14:27:41,1000.0,5.2,B
2021-06-09T14:27:37,5000.0,5.2,B
2021-06-09T14:27:29,10000.0,5.2,B
2021-06-09T14:27:13,200.0,5.2,B
2021-06-09T14:26:25,500.0,5.1,S
2021-06-09T14:26:20,1000.0,5.2,B
2021-06-09T14:26:05,4000.0,5.2,B
2021-06-09T14:25:55,500.0,5.1,S
2021-06-09T14:25:50,1400.0,5.2,B
2021-06-09T14:25:45,5000.0,5.2,B
2021-06-09T14:25:31,2000.0,5.2,B
2021-06-09T14:25:24,7500.0,5.2,B
2021-06-09T14:25:19,1000.0,5.2,B
2021-06-09T14:25:10,800.0,5.2,B
2021-06-09T14:25:00,100.0,5.2,B
2021-06-09T14:24:51,50000.0,5.2,B
2021-06-09T14:24:30,1000.0,5.2,B
2021-06-09T14:23:52,100.0,5.2,B
2021-06-09T14:23:47,50000.0,5.2,B
2021-06-09T14:23:42,10000.0,5.2,B
2021-06-09T14:22:50,200.0,5.2,B
2021-06-09T14:21:55,100.0,5.2,B
2021-06-09T14:21:53,600.0,5.2,B
2021-06-09T14:20:52,200.0,5.2,B
2021-06-09T14:19:55,1000.0,5.2,B
2021-06-09T14:19:52,3000.0,5.2,B
2021-06-09T14:19:27,300.0,5.2,B
2021-06-09T14:19:27,100.0,5.2,B
2021-06-09T14:18:01,200.0,5.2,B
2021-06-09T14:17:01,500.0,5.2,B
2021-06-09T14:16:39,70400.0,5.2,S
2021-06-09T14:16:24,60000.0,5.2,S
2021-06-09T14:16:23,500.0,5.2,S
2021-06-09T14:15:58,6000.0,5.2,S
2021-06-09T14:15:46,200.0,5.3,B
2021-06-09T14:15:41,1100.0,5.2,S
2021-06-09T14:15:23,2000.0,5.2,S
2021-06-09T14:15:03,10000.0,5.2,S
2021-06-09T14:14:59,600.0,5.2,S
2021-06-09T14:14:09,10000.0,5.2,S
2021-06-09T14:13:45,11000.0,5.2,S
2021-06-09T14:13:04,170800.0,5.2,B
2021-06-09T14:12:23,100.0,5.2,B
2021-06-09T14:10:22,300.0,5.2,B
2021-06-09T14:10:14,100.0,5.2,B
2021-06-09T14:09:55,1000.0,5.2,B
2021-06-09T14:09:43,100.0,5.2,B
2021-06-09T14:09:18,100.0,5.2,B
2021-06-09T14:09:13,500.0,5.2,B
2021-06-09T14:09:00,1000.0,5.2,B
2021-06-09T14:08:53,1000.0,5.2,B
2021-06-09T14:08:02,1000.0,5.2,B
2021-06-09T14:08:00,200.0,5.2,B
2021-06-09T14:07:50,2000.0,5.2,B
2021-06-09T14:07:37,10000.0,5.2,B
2021-06-09T14:07:29,1600.0,5.2,B
2021-06-09T14:07:21,1000.0,5.2,B
2021-06-09T14:07:09,700.0,5.2,B
2021-06-09T14:06:49,3000.0,5.2,B
2021-06-09T14:06:33,500.0,5.2,B
2021-06-09T14:06:13,1400.0,5.2,B
2021-06-09T14:06:06,900.0,5.2,B
2021-06-09T14:05:52,8700.0,5.2,B
2021-06-09T14:05:35,500.0,5.2,B
2021-06-09T14:05:34,500.0,5.1,S
2021-06-09T14:03:42,200.0,5.2,B
2021-06-09T14:03:40,2000.0,5.1,S
2021-06-09T14:03:33,600.0,5.2,B
2021-06-09T14:03:17,500.0,5.2,B
2021-06-09T14:02:45,200.0,5.2,B
2021-06-09T14:02:27,400.0,5.2,B
2021-06-09T14:02:20,100.0,5.2,B
2021-06-09T14:02:18,3100.0,5.1,S
2021-06-09T14:01:42,300.0,5.2,B
2021-06-09T14:01:38,7400.0,5.1,S
2021-06-09T14:01:11,2200.0,5.2,B
2021-06-09T14:00:52,100.0,5.2,B
2021-06-09T14:00:05,100.0,5.2,B
2021-06-09T13:59:46,3000.0,5.2,B
2021-06-09T13:59:19,700.0,5.2,B
2021-06-09T13:59:15,200.0,5.2,B
2021-06-09T13:59:09,900.0,5.2,B
2021-06-09T13:59:06,100.0,5.2,B
2021-06-09T13:59:01,500.0,5.2,B
2021-06-09T13:58:59,143300.0,5.2,S
2021-06-09T13:58:45,500.0,5.2,S
2021-06-09T13:58:35,1000.0,5.2,S
2021-06-09T13:58:33,100.0,5.3,B
2021-06-09T13:58:06,1000.0,5.2,S
2021-06-09T13:58:02,5000.0,5.2,S
2021-06-09T13:57:52,5000.0,5.2,S
2021-06-09T13:57:49,9000.0,5.2,S
2021-06-09T13:56:52,300.0,5.2,S
2021-06-09T13:56:44,2700.0,5.2,S
2021-06-09T13:56:26,5000.0,5.2,S
2021-06-09T13:56:25,50000.0,5.2,S
2021-06-09T13:56:10,5000.0,5.2,S
2021-06-09T13:56:07,1800.0,5.3,B
2021-06-09T13:56:06,300.0,5.2,S
2021-06-09T13:55:52,1900.0,5.2,S
2021-06-09T13:55:19,2000.0,5.2,S
2021-06-09T13:53:01,300.0,5.2,S
2021-06-09T13:53:00,200.0,5.3,B
2021-06-09T13:52:56,200.0,5.3,B
2021-06-09T13:52:37,18000.0,5.2,S
2021-06-09T13:51:58,300.0,5.3,B
2021-06-09T13:51:44,200.0,5.3,B
2021-06-09T13:51:25,1000.0,5.3,B
2021-06-09T13:51:25,300.0,5.2,S
2021-06-09T13:50:46,10000.0,5.2,S
2021-06-09T13:50:43,500.0,5.2,S
2021-06-09T13:49:20,10000.0,5.3,B
2021-06-09T13:48:44,100000.0,5.2,S
2021-06-09T13:48:29,500.0,5.3,B
2021-06-09T13:47:40,300.0,5.3,B
2021-06-09T13:46:49,100.0,5.3,B
2021-06-09T13:46:43,500.0,5.3,B
2021-06-09T13:44:56,5000.0,5.3,B
2021-06-09T13:44:31,200.0,5.3,B
2021-06-09T13:44:27,500.0,5.3,B
2021-06-09T13:44:08,200.0,5.3,B
2021-06-09T13:44:06,1000.0,5.3,B
2021-06-09T13:44:04,13000.0,5.2,S
2021-06-09T13:43:21,1000.0,5.3,B
2021-06-09T13:42:23,7000.0,5.3,B
2021-06-09T13:42:15,28700.0,5.2,S
2021-06-09T13:42:13,100.0,5.2,S
2021-06-09T13:42:07,500.0,5.3,B
2021-06-09T13:41:50,1000.0,5.3,B
2021-06-09T13:40:52,8000.0,5.3,B
2021-06-09T13:40:05,100.0,5.3,B
2021-06-09T13:40:04,20000.0,5.3,B
2021-06-09T13:39:16,500.0,5.3,B
2021-06-09T13:37:53,1200.0,5.3,B
2021-06-09T13:37:34,100.0,5.3,B
2021-06-09T13:37:22,500.0,5.3,B
2021-06-09T13:36:57,500.0,5.2,S
2021-06-09T13:36:56,500.0,5.3,B
2021-06-09T13:36:14,65000.0,5.2,S
2021-06-09T13:35:26,100.0,5.2,S
2021-06-09T13:34:55,100.0,5.3,B
2021-06-09T13:34:20,9500.0,5.3,B
2021-06-09T13:33:30,100.0,5.3,B
2021-06-09T13:33:30,1000.0,5.2,S
2021-06-09T13:33:28,1000.0,5.2,S
2021-06-09T13:33:18,300.0,5.3,B
2021-06-09T13:33:12,300.0,5.3,B
2021-06-09T13:32:50,100.0,5.3,B
2021-06-09T13:32:44,1200.0,5.3,B
2021-06-09T13:32:37,1800.0,5.3,B
2021-06-09T13:32:32,1000.0,5.3,B
2021-06-09T13:32:26,1000.0,5.3,B
2021-06-09T13:31:26,100.0,5.3,B
2021-06-09T13:30:32,8000.0,5.3,B
2021-06-09T13:30:14,1000.0,5.3,B
2021-06-09T13:30:08,1000.0,5.3,B
2021-06-09T13:30:02,300.0,5.3,B
2021-06-09T13:29:26,500.0,5.3,B
2021-06-09T13:29:12,1000.0,5.3,B
2021-06-09T13:28:59,1000.0,5.3,B
2021-06-09T13:28:46,1000.0,5.3,B
2021-06-09T13:28:38,100.0,5.3,B
2021-06-09T13:28:35,3000.0,5.2,S
2021-06-09T13:28:34,200.0,5.3,B
2021-06-09T13:28:29,1200.0,5.3,B
2021-06-09T13:28:26,1000.0,5.3,B
2021-06-09T13:28:11,6100.0,5.3,B
2021-06-09T13:27:28,2000.0,5.3,B
2021-06-09T13:27:23,500.0,5.3,B
2021-06-09T13:27:19,1000.0,5.3,B
2021-06-09T13:27:13,1000.0,5.3,B
2021-06-09T13:27:09,10600.0,5.3,B
2021-06-09T13:27:05,1000.0,5.3,B
2021-06-09T13:26:59,3000.0,5.3,B
2021-06-09T13:26:48,1000.0,5.3,B
2021-06-09T13:25:52,700.0,5.2,S
2021-06-09T13:25:48,200.0,5.3,B
2021-06-09T13:25:46,500.0,5.3,B
2021-06-09T13:25:35,100000.0,5.3,B
2021-06-09T13:25:03,200.0,5.3,B
2021-06-09T13:25:01,200.0,5.3,B
2021-06-09T13:24:41,2000.0,5.3,B
2021-06-09T13:24:34,1000.0,5.3,B
2021-06-09T13:24:29,3000.0,5.3,B
2021-06-09T13:24:25,1000.0,5.3,B
2021-06-09T13:23:36,4000.0,5.3,B
2021-06-09T13:23:17,5000.0,5.3,B
2021-06-09T13:22:38,5000.0,5.3,B
2021-06-09T13:22:18,200000.0,5.3,B
2021-06-09T13:22:00,5000.0,5.3,B
2021-06-09T13:20:02,5000.0,5.3,B
2021-06-09T13:18:59,9000.0,5.3,B
2021-06-09T13:16:25,500.0,5.2,S
2021-06-09T13:15:42,1500.0,5.2,S
2021-06-09T13:15:19,10400.0,5.2,B
2021-06-09T13:15:07,2800.0,5.2,B
2021-06-09T13:15:07,5000.0,5.2,B
2021-06-09T13:15:05,1000.0,5.2,B
2021-06-09T13:14:25,100.0,5.2,B
2021-06-09T13:14:17,1000.0,5.2,B
2021-06-09T13:14:16,100.0,5.2,B
2021-06-09T13:14:00,5000.0,5.2,B
2021-06-09T13:13:56,6000.0,5.2,B
2021-06-09T13:13:47,2000.0,5.2,B
2021-06-09T13:13:43,1000.0,5.2,B
2021-06-09T13:13:32,500.0,5.2,B
2021-06-09T13:13:27,500.0,5.2,B
2021-06-09T13:13:23,2000.0,5.2,B
2021-06-09T13:13:15,300.0,5.2,B
2021-06-09T13:13:14,1000.0,5.2,B
2021-06-09T13:13:10,1000.0,5.2,B
2021-06-09T13:13:08,100.0,5.2,B
2021-06-09T13:13:01,1000.0,5.2,B
2021-06-09T13:12:59,500.0,5.2,B
2021-06-09T13:12:56,500.0,5.2,B
2021-06-09T13:12:56,10000.0,5.2,B
2021-06-09T13:12:51,10000.0,5.2,B
2021-06-09T13:12:46,400.0,5.2,B
2021-06-09T13:12:44,5000.0,5.2,B
2021-06-09T13:12:40,5000.0,5.2,B
2021-06-09T13:12:38,1000.0,5.2,B
2021-06-09T13:12:35,100400.0,5.2,B
2021-06-09T13:12:29,8600.0,5.2,B
2021-06-09T13:12:26,200.0,5.2,B
2021-06-09T13:12:20,100.0,5.2,B
2021-06-09T13:12:15,1500.0,5.2,B
2021-06-09T13:12:13,200.0,5.2,B
2021-06-09T13:12:13,1000.0,5.2,B
2021-06-09T13:12:10,5000.0,5.2,B
2021-06-09T13:11:54,200.0,5.2,B
2021-06-09T13:11:47,20000.0,5.2,B
2021-06-09T13:11:41,20000.0,5.2,B
2021-06-09T13:11:38,200.0,5.2,B
2021-06-09T13:11:34,3000.0,5.2,B
2021-06-09T13:11:30,100.0,5.2,B
2021-06-09T13:11:22,1000.0,5.2,B
2021-06-09T13:11:11,10200.0,5.2,B
2021-06-09T13:11:09,900.0,5.2,B
2021-06-09T13:11:00,30300.0,5.2,B
2021-06-09T13:10:52,100.0,5.1,S
2021-06-09T13:10:51,200.0,5.2,B
2021-06-09T13:10:42,100.0,5.2,B
2021-06-09T13:10:40,1800.0,5.2,B
2021-06-09T13:10:37,200.0,5.2,B
2021-06-09T13:10:35,5000.0,5.2,B
2021-06-09T13:10:16,100.0,5.2,B
2021-06-09T13:10:10,700.0,5.2,B
2021-06-09T13:10:03,14600.0,5.2,B
2021-06-09T13:06:54,500.0,5.1,S
2021-06-09T13:06:26,1000.0,5.2,B
2021-06-09T13:06:18,2000.0,5.2,B
2021-06-09T13:06:04,600.0,5.1,S
2021-06-09T13:05:17,5000.0,5.2,B
2021-06-09T13:03:57,1000.0,5.2,B
2021-06-09T13:03:13,3000.0,5.2,B
2021-06-09T13:02:12,11100.0,5.1,S
2021-06-09T13:02:04,2000.0,5.2,B
2021-06-09T13:01:35,200.0,5.2,B
2021-06-09T13:00:45,10000.0,5.2,B
2021-06-09T13:00:15,500.0,5.2,B
2021-06-09T13:00:11,400.0,5.2,B
2021-06-09T13:00:08,2200.0,5.2,B
2021-06-09T13:00:07,1200.0,5.2,B
2021-06-09T13:00:06,2000.0,5.1,S
2021-06-09T11:30:03,400.0,5.2,B
2021-06-09T11:29:25,500.0,5.2,B
2021-06-09T11:27:35,100.0,5.2,B
2021-06-09T11:27:23,200.0,5.2,B
2021-06-09T11:25:57,1500.0,5.2,B
2021-06-09T11:25:16,1000.0,5.1,S
2021-06-09T11:24:10,200.0,5.2,B
2021-06-09T11:24:09,100.0,5.1,S
2021-06-09T11:23:58,800.0,5.2,B
2021-06-09T11:23:36,10000.0,5.2,B
2021-06-09T11:23:33,500.0,5.2,B
2021-06-09T11:23:20,85600.0,5.2,B
2021-06-09T11:23:12,100000.0,5.2,S
2021-06-09T11:23:06,7000.0,5.2,S
2021-06-09T11:23:04,4000.0,5.2,S
2021-06-09T11:23:04,4000.0,5.3,B
2021-06-09T11:22:29,1000.0,5.2,S
2021-06-09T11:22:00,900.0,5.2,S
2021-06-09T11:21:57,200.0,5.2,S
2021-06-09T11:21:16,500.0,5.2,S
2021-06-09T11:18:35,3000.0,5.3,B
2021-06-09T11:18:01,900.0,5.3,B
2021-06-09T11:17:47,2000.0,5.3,B
2021-06-09T11:17:42,10000.0,5.3,B
2021-06-09T11:17:21,100.0,5.2,S
2021-06-09T11:17:17,300.0,5.2,S
2021-06-09T11:16:55,500.0,5.3,B
2021-06-09T11:16:40,1900.0,5.3,B
2021-06-09T11:16:19,12500.0,5.3,B
2021-06-09T11:15:59,300.0,5.3,B
2021-06-09T11:15:09,5000.0,5.3,B
2021-06-09T11:14:58,400.0,5.3,B
2021-06-09T11:14:48,2000.0,5.3,B
2021-06-09T11:14:42,4000.0,5.3,B
2021-06-09T11:14:30,24000.0,5.3,B
2021-06-09T11:13:20,200.0,5.3,B
2021-06-09T11:11:35,200.0,5.3,B
2021-06-09T11:11:08,11200.0,5.3,B
2021-06-09T11:10:45,31000.0,5.3,B
2021-06-09T11:10:22,600.0,5.3,B
2021-06-09T11:10:22,2000.0,5.3,B
2021-06-09T11:10:17,1900.0,5.3,B
2021-06-09T11:10:03,2000.0,5.3,B
2021-06-09T11:09:50,500.0,5.3,B
2021-06-09T11:09:24,3400.0,5.3,B
2021-06-09T11:08:28,1000.0,5.3,B
2021-06-09T11:07:56,10000.0,5.3,B
2021-06-09T11:07:49,800.0,5.3,B
2021-06-09T11:07:40,3000.0,5.3,B
2021-06-09T11:07:14,2000.0,5.3,B
2021-06-09T11:07:03,500.0,5.2,S
2021-06-09T11:06:58,6000.0,5.3,B
2021-06-09T11:06:17,10000.0,5.3,B
2021-06-09T11:06:15,300.0,5.3,B
2021-06-09T11:06:09,2100.0,5.3,B
2021-06-09T11:05:48,1000.0,5.3,B
2021-06-09T11:05:39,2000.0,5.3,B
2021-06-09T11:05:27,300.0,5.3,B
2021-06-09T11:04:09,100.0,5.3,B
2021-06-09T11:03:43,100.0,5.3,B
2021-06-09T11:03:14,50000.0,5.3,B
2021-06-09T11:03:13,5000.0,5.3,B
2021-06-09T11:02:49,3000.0,5.3,B
2021-06-09T11:02:24,2000.0,5.3,B
2021-06-09T11:02:09,100.0,5.3,B
2021-06-09T11:02:06,2000.0,5.3,B
2021-06-09T11:01:45,1000.0,5.3,B
2021-06-09T11:01:41,400.0,5.2,S
2021-06-09T11:01:38,2500.0,5.3,B
2021-06-09T11:01:37,2000.0,5.3,B
2021-06-09T11:01:31,100.0,5.3,B
2021-06-09T11:01:15,300.0,5.2,S
2021-06-09T11:01:05,3000.0,5.3,B
2021-06-09T11:01:02,100.0,5.3,B
2021-06-09T11:00:52,1900.0,5.3,B
2021-06-09T11:00:42,2000.0,5.3,B
2021-06-09T11:00:41,1000.0,5.3,B
2021-06-09T11:00:35,400.0,5.3,B
2021-06-09T11:00:24,1000.0,5.3,B
2021-06-09T11:00:20,20000.0,5.3,B
2021-06-09T10:59:59,1200.0,5.3,B
2021-06-09T10:59:49,300.0,5.3,B
2021-06-09T10:59:46,2000.0,5.3,B
2021-06-09T10:59:43,50000.0,5.3,B
2021-06-09T10:59:42,7000.0,5.3,B
2021-06-09T10:59:35,4000.0,5.3,B
2021-06-09T10:59:23,170000.0,5.3,B
2021-06-09T10:59:22,1000.0,5.3,B
2021-06-09T10:59:19,500.0,5.3,B
2021-06-09T10:59:17,4000.0,5.3,B
2021-06-09T10:59:06,8000.0,5.3,B
2021-06-09T10:59:03,900.0,5.3,B
2021-06-09T10:58:59,1000.0,5.3,B
2021-06-09T10:58:54,1000.0,5.3,B
2021-06-09T10:58:51,10000.0,5.3,B
2021-06-09T10:58:42,10000.0,5.3,B
2021-06-09T10:58:22,10000.0,5.3,B
2021-06-09T10:58:21,100.0,5.3,B
2021-06-09T10:58:20,100000.0,5.3,B
2021-06-09T10:57:55,1000.0,5.3,B
2021-06-09T10:57:53,1000.0,5.3,B
2021-06-09T10:57:46,5000.0,5.3,B
2021-06-09T10:57:42,2000.0,5.3,B
2021-06-09T10:57:40,10000.0,5.3,B
2021-06-09T10:57:21,100.0,5.3,B
2021-06-09T10:57:13,1000.0,5.3,B
2021-06-09T10:56:54,50000.0,5.3,B
2021-06-09T10:56:50,50000.0,5.3,B
2021-06-09T10:55:50,500.0,5.2,S
2021-06-09T10:55:07,5000.0,5.2,S
2021-06-09T10:53:35,1700.0,5.3,B
2021-06-09T10:52:23,1000.0,5.3,B
2021-06-09T10:51:55,3000.0,5.2,S
2021-06-09T10:51:44,3000.0,5.2,S
2021-06-09T10:51:29,200.0,5.2,S
2021-06-09T10:50:49,200.0,5.2,S
2021-06-09T10:50:27,1400.0,5.2,S
2021-06-09T10:49:36,1000.0,5.2,S
2021-06-09T10:47:00,800.0,5.2,S
2021-06-09T10:46:55,1300.0,5.2,S
2021-06-09T10:46:10,37500.0,5.2,S
2021-06-09T10:46:06,6000.0,5.2,S
2021-06-09T10:46:06,1000.0,5.2,S
2021-06-09T10:45:55,1000.0,5.2,S
2021-06-09T10:45:30,200.0,5.2,S
2021-06-09T10:43:11,200.0,5.2,S
2021-06-09T10:42:25,500.0,5.2,S
2021-06-09T10:42:05,1000.0,5.3,B
2021-06-09T10:41:44,100.0,5.3,B
2021-06-09T10:41:04,2000.0,5.2,S
2021-06-09T10:39:55,300.0,5.2,S
2021-06-09T10:39:47,8000.0,5.2,S
2021-06-09T10:39:44,500.0,5.2,S
2021-06-09T10:39:22,10000.0,5.2,S
2021-06-09T10:37:41,300.0,5.3,B
2021-06-09T10:37:34,2000.0,5.2,S
2021-06-09T10:37:04,200.0,5.3,B
2021-06-09T10:36:26,300.0,5.2,S
2021-06-09T10:36:19,10000.0,5.2,S
2021-06-09T10:36:07,1000.0,5.2,S
2021-06-09T10:35:53,200.0,5.2,S
2021-06-09T10:35:38,1000.0,5.2,S
2021-06-09T10:35:21,6500.0,5.2,S
2021-06-09T10:35:12,100.0,5.2,S
2021-06-09T10:35:04,400.0,5.2,S
2021-06-09T10:34:36,18200.0,5.2,S
2021-06-09T10:34:34,20000.0,5.2,S
2021-06-09T10:34:27,5000.0,5.2,S
2021-06-09T10:34:14,6200.0,5.2,B
2021-06-09T10:34:12,200.0,5.2,B
2021-06-09T10:33:59,5600.0,5.2,S
2021-06-09T10:33:59,10000.0,5.2,S
2021-06-09T10:33:54,54500.0,5.2,S
2021-06-09T10:33:54,19000.0,5.3,B
2021-06-09T10:33:52,10100.0,5.2,S
2021-06-09T10:33:29,37400.0,5.2,S
2021-06-09T10:33:23,54800.0,5.2,S
2021-06-09T10:33:17,1000.0,5.2,S
2021-06-09T10:32:24,1000.0,5.2,S
2021-06-09T10:32:23,1000.0,5.3,B
2021-06-09T10:32:04,100.0,5.2,S
2021-06-09T10:31:20,5000.0,5.2,S
2021-06-09T10:31:13,39000.0,5.2,S
2021-06-09T10:31:08,1000.0,5.2,S
2021-06-09T10:30:12,2000.0,5.2,S
2021-06-09T10:29:45,306400.0,5.2,B
2021-06-09T10:29:43,50000.0,5.2,B
2021-06-09T10:29:30,10000.0,5.2,B
2021-06-09T10:29:17,100000.0,5.2,B
2021-06-09T10:28:16,3000.0,5.2,B
2021-06-09T10:27:26,20000.0,5.2,B
2021-06-09T10:26:53,3000.0,5.2,B
2021-06-09T10:26:35,1900.0,5.1,S
2021-06-09T10:26:19,1000.0,5.2,B
2021-06-09T10:25:24,100.0,5.2,B
2021-06-09T10:24:28,900.0,5.1,S
2021-06-09T10:23:10,100.0,5.1,S
2021-06-09T10:22:40,1600.0,5.1,S
2021-06-09T10:22:36,1200.0,5.1,S
2021-06-09T10:22:10,1900.0,5.1,S
2021-06-09T10:19:58,3800.0,5.1,S
2021-06-09T10:19:45,100.0,5.1,S
2021-06-09T10:19:42,300.0,5.1,S
2021-06-09T10:19:28,1400.0,5.1,S
2021-06-09T10:19:10,200.0,5.1,S
2021-06-09T10:18:04,2300.0,5.1,S
2021-06-09T10:18:01,100.0,5.1,S
2021-06-09T10:17:50,5000.0,5.1,S
2021-06-09T10:17:49,1000.0,5.1,S
2021-06-09T10:17:46,2700.0,5.1,S
2021-06-09T10:17:35,124400.0,5.1,S
2021-06-09T10:17:34,36000.0,5.1,S
2021-06-09T10:17:05,10000.0,5.1,S
2021-06-09T10:17:00,500.0,5.1,S
2021-06-09T10:17:00,500.0,5.1,S
2021-06-09T10:16:45,10000.0,5.1,S
2021-06-09T10:16:32,12000.0,5.1,S
2021-06-09T10:16:26,20000.0,5.1,S
2021-06-09T10:15:27,500.0,5.1,S
2021-06-09T10:15:09,100.0,5.1,S
2021-06-09T10:14:26,68500.0,5.1,S
2021-06-09T10:14:25,1000.0,5.1,S
2021-06-09T10:14:15,6100.0,5.1,S
2021-06-09T10:14:09,5000.0,5.1,S
2021-06-09T10:13:22,1900.0,5.1,S
2021-06-09T10:12:44,500.0,5.1,S
2021-06-09T10:12:02,1000.0,5.1,S
2021-06-09T10:10:52,8000.0,5.1,S
2021-06-09T10:09:59,6900.0,5.1,B
2021-06-09T10:09:54,3000.0,5.1,B
2021-06-09T10:09:51,3000.0,5.1,B
2021-06-09T10:09:50,10000.0,5.1,B
2021-06-09T10:09:47,400.0,5.1,B
2021-06-09T10:09:42,6000.0,5.1,B
2021-06-09T10:09:39,5000.0,5.1,B
2021-06-09T10:09:36,2000.0,5.1,B
2021-06-09T10:09:34,100.0,5.1,B
2021-06-09T10:09:31,1500.0,5.1,B
2021-06-09T10:09:30,20000.0,5.1,B
2021-06-09T10:09:27,4000.0,5.1,B
2021-06-09T10:09:26,4000.0,5.1,B
2021-06-09T10:09:24,12000.0,5.1,B
2021-06-09T10:09:24,8000.0,5.1,B
2021-06-09T10:09:21,20000.0,5.1,B
2021-06-09T10:09:17,200.0,5.1,B
2021-06-09T10:09:15,11000.0,5.1,B
2021-06-09T10:09:15,1000.0,5.1,B
2021-06-09T10:09:14,2000.0,5.1,B
2021-06-09T10:09:12,20000.0,5.1,B
2021-06-09T10:09:10,20000.0,5.1,B
2021-06-09T10:09:08,20300.0,5.1,B
2021-06-09T10:08:59,5000.0,5.1,B
2021-06-09T10:08:57,200.0,5.1,B
2021-06-09T10:08:56,400.0,5.1,B
2021-06-09T10:08:44,3000.0,5.1,B
2021-06-09T10:08:35,500.0,5.1,B
2021-06-09T10:08:28,2000.0,5.1,B
2021-06-09T10:08:23,1000.0,5.1,B
2021-06-09T10:08:20,10000.0,5.1,B
2021-06-09T10:08:18,30000.0,5.1,B
2021-06-09T10:08:11,1000.0,5.1,B
2021-06-09T10:07:43,100.0,5.1,B
2021-06-09T10:07:03,13000.0,5.1,B
2021-06-09T10:06:54,100.0,5.1,B
2021-06-09T10:06:47,300.0,5.1,B
2021-06-09T10:06:46,2000.0,5.1,B
2021-06-09T10:06:21,100.0,5.1,B
2021-06-09T10:06:02,500.0,5.1,B
2021-06-09T10:05:56,2000.0,5.0,S
2021-06-09T10:05:51,5000.0,5.1,B
2021-06-09T10:05:35,5000.0,5.1,B
2021-06-09T10:05:17,8400.0,5.1,B
2021-06-09T10:05:08,5000.0,5.1,B
2021-06-09T10:05:04,100.0,5.1,B
2021-06-09T10:04:49,10000.0,5.1,B
2021-06-09T10:04:42,1000.0,5.1,B
2021-06-09T10:04:28,100.0,5.1,B
2021-06-09T10:04:06,6300.0,5.1,B
2021-06-09T10:04:06,1000.0,5.1,B
2021-06-09T10:03:52,200.0,5.0,S
2021-06-09T10:03:44,100.0,5.1,B
2021-06-09T10:03:41,10000.0,5.1,B
2021-06-09T10:03:19,200.0,5.1,B
2021-06-09T10:02:56,10000.0,5.1,B
2021-06-09T10:02:00,5000.0,5.1,B
2021-06-09T10:01:38,20000.0,5.1,B
2021-06-09T10:01:12,20000.0,5.1,B
2021-06-09T10:01:03,4600.0,5.1,B
2021-06-09T10:01:03,200.0,5.0,S
2021-06-09T10:00:49,3200.0,5.0,S
2021-06-09T10:00:44,100.0,5.1,B
2021-06-09T10:00:38,1000.0,5.0,S
2021-06-09T09:59:55,10000.0,5.0,S
2021-06-09T09:59:43,200.0,5.0,S
2021-06-09T09:59:39,2500.0,5.0,S
2021-06-09T09:59:37,100.0,5.1,B
2021-06-09T09:59:17,400.0,5.0,S
2021-06-09T09:59:03,1000.0,5.0,S
2021-06-09T09:58:56,400.0,5.1,B
2021-06-09T09:58:56,300.0,5.0,S
2021-06-09T09:58:32,1200.0,5.0,S
2021-06-09T09:57:53,400.0,5.0,S
2021-06-09T09:57:39,100.0,5.0,S
2021-06-09T09:57:25,2000.0,5.0,S
2021-06-09T09:56:45,5000.0,5.0,S
2021-06-09T09:56:24,100.0,5.0,S
2021-06-09T09:56:10,2200.0,5.0,S
2021-06-09T09:56:00,3000.0,5.0,S
2021-06-09T09:55:31,1000.0,5.0,S
2021-06-09T09:55:26,100.0,5.0,S
2021-06-09T09:55:18,100.0,5.0,S
2021-06-09T09:54:59,2000.0,5.0,S
2021-06-09T09:54:50,500.0,5.0,S
2021-06-09T09:54:49,12700.0,5.1,B
2021-06-09T09:54:35,200.0,5.0,S
2021-06-09T09:54:34,2000.0,5.0,S
2021-06-09T09:54:20,5000.0,5.0,S
2021-06-09T09:54:17,800.0,5.0,S
2021-06-09T09:54:03,100.0,5.0,S
2021-06-09T09:54:02,800.0,5.0,S
2021-06-09T09:54:02,500.0,5.0,S
2021-06-09T09:54:00,2000.0,5.0,S
2021-06-09T09:53:56,3700.0,5.0,S
2021-06-09T09:53:23,300.0,5.0,S
2021-06-09T09:53:10,1400.0,5.0,S
2021-06-09T09:52:57,300.0,5.0,S
2021-06-09T09:52:47,500.0,5.0,S
2021-06-09T09:52:32,300.0,5.0,S
2021-06-09T09:52:20,300.0,5.0,S
2021-06-09T09:51:53,10000.0,5.0,S
2021-06-09T09:51:35,200.0,5.0,S
2021-06-09T09:51:31,5000.0,5.0,S
2021-06-09T09:51:30,200.0,5.0,S
2021-06-09T09:51:28,2100.0,5.0,S
2021-06-09T09:51:07,1000.0,5.0,S
2021-06-09T09:50:51,40500.0,5.0,S
2021-06-09T09:50:20,200.0,5.0,S
2021-06-09T09:50:18,2000.0,5.0,S
2021-06-09T09:50:17,2000.0,5.0,S
2021-06-09T09:50:01,500.0,5.0,S
2021-06-09T09:49:55,3000.0,5.0,S
2021-06-09T09:49:45,100.0,5.0,S
2021-06-09T09:49:41,300.0,5.0,S
2021-06-09T09:49:36,4000.0,5.0,S
2021-06-09T09:49:03,1500.0,5.0,S
2021-06-09T09:48:49,2000.0,5.0,S
2021-06-09T09:48:04,3000.0,5.1,B
2021-06-09T09:47:35,1500.0,5.1,B
2021-06-09T09:44:48,10000.0,5.1,B
2021-06-09T09:44:38,5000.0,5.0,S
2021-06-09T09:43:55,6400.0,5.1,B
2021-06-09T09:43:51,20000.0,5.0,S
2021-06-09T09:43:25,2000.0,5.0,S
2021-06-09T09:42:45,500.0,5.1,B
2021-06-09T09:42:03,1000.0,5.1,B
2021-06-09T09:41:49,1000.0,5.1,B
2021-06-09T09:41:39,2000.0,5.1,B
2021-06-09T09:41:32,500.0,5.0,S
2021-06-09T09:41:31,10000.0,5.0,S
2021-06-09T09:41:05,1500.0,5.0,S
2021-06-09T09:40:57,1000.0,5.1,B
2021-06-09T09:40:14,500.0,5.0,S
2021-06-09T09:40:12,2000.0,5.1,B
2021-06-09T09:39:30,5000.0,5.0,S
2021-06-09T09:39:06,2000.0,5.1,S
2021-06-09T09:39:05,1000.0,5.1,S
2021-06-09T09:39:02,1000.0,5.1,S
2021-06-09T09:38:56,54400.0,5.1,S
2021-06-09T09:38:49,500.0,5.1,S
2021-06-09T09:38:41,8700.0,5.1,S
2021-06-09T09:38:39,10000.0,5.1,S
2021-06-09T09:38:22,4000.0,5.1,S
2021-06-09T09:38:10,500.0,5.1,S
2021-06-09T09:38:08,1000.0,5.1,S
2021-06-09T09:38:03,3000.0,5.1,S
2021-06-09T09:38:01,200.0,5.1,S
2021-06-09T09:37:49,500.0,5.1,S
2021-06-09T09:37:47,900.0,5.1,S
2021-06-09T09:37:45,130000.0,5.1,S
2021-06-09T09:37:32,1000.0,5.1,S
2021-06-09T09:37:15,10000.0,5.1,S
2021-06-09T09:37:12,11000.0,5.1,S
2021-06-09T09:37:10,800.0,5.1,S
2021-06-09T09:36:48,400.0,5.1,S
2021-06-09T09:36:39,100.0,5.1,S
2021-06-09T09:36:29,200.0,5.1,S
2021-06-09T09:36:26,35000.0,5.1,S
2021-06-09T09:36:25,2800.0,5.1,S
2021-06-09T09:36:04,2000.0,5.1,S
2021-06-09T09:36:01,20000.0,5.1,S
2021-06-09T09:35:55,5000.0,5.1,S
2021-06-09T09:35:17,1200.0,5.1,S
2021-06-09T09:35:10,5500.0,5.1,S
2021-06-09T09:35:05,20000.0,5.1,S
2021-06-09T09:35:00,300.0,5.1,S
2021-06-09T09:35:00,10000.0,5.1,S
2021-06-09T09:34:51,46000.0,5.1,S
2021-06-09T09:34:49,20000.0,5.1,S
2021-06-09T09:34:44,1800.0,5.1,S
2021-06-09T09:34:37,700.0,5.1,S
2021-06-09T09:34:37,2000.0,5.1,S
2021-06-09T09:34:31,100.0,5.1,S
2021-06-09T09:33:52,14000.0,5.1,S
2021-06-09T09:33:46,900.0,5.1,S
2021-06-09T09:33:39,800.0,5.1,S
2021-06-09T09:33:39,3000.0,5.1,S
2021-06-09T09:33:37,600.0,5.1,S
2021-06-09T09:33:24,5000.0,5.1,S
2021-06-09T09:33:18,100.0,5.1,S
2021-06-09T09:33:15,1500.0,5.1,S
2021-06-09T09:33:11,300.0,5.1,S
2021-06-09T09:32:47,13000.0,5.1,S
2021-06-09T09:32:45,10000.0,5.1,S
2021-06-09T09:32:29,100000.0,5.1,S
2021-06-09T09:32:09,100.0,5.1,S
2021-06-09T09:31:54,7600.0,5.1,S
2021-06-09T09:31:46,100.0,5.1,S
2021-06-09T09:31:40,14200.0,5.1,S
2021-06-09T09:31:31,100.0,5.1,S
2021-06-09T09:31:27,100.0,5.1,S
2021-06-09T09:31:24,1800.0,5.1,S
2021-06-09T09:31:02,50000.0,5.1,S
2021-06-09T09:30:56,100.0,5.1,S
2021-06-09T09:30:37,500.0,5.1,S
2021-06-09T09:30:35,20000.0,5.1,S
2021-06-09T09:30:09,10000.0,5.2,B
2021-06-09T09:30:04,20000.0,5.1,S
2021-06-09T09:30:03,100.0,5.1,S
2021-06-09T09:29:35,1000.0,5.1,S
2021-06-09T09:29:22,1100.0,5.1,S
2021-06-09T09:29:12,4000.0,5.1,S
2021-06-09T09:29:12,500.0,5.1,S
2021-06-09T09:29:11,2300.0,5.1,S
2021-06-09T09:29:07,1000.0,5.1,S
2021-06-09T09:29:04,1000.0,5.1,S
2021-06-09T09:29:02,100.0,5.1,S
2021-06-09T09:28:47,17600.0,5.1,S
2021-06-09T09:28:45,500.0,5.1,S
2021-06-09T09:28:42,4000.0,5.1,S
2021-06-09T09:28:26,20000.0,5.1,S
2021-06-09T09:28:24,1000.0,5.1,S
2021-06-09T09:28:19,1000.0,5.1,S
2021-06-09T09:28:06,1500.0,5.1,S
2021-06-09T09:27:41,100.0,5.1,S
2021-06-09T09:27:32,200.0,5.1,S
2021-06-09T09:27:26,100.0,5.1,S
2021-06-09T09:27:10,900.0,5.1,S
2021-06-09T09:27:06,100.0,5.1,S
2021-06-09T09:26:49,500.0,5.1,S
2021-06-09T09:26:14,1400.0,5.1,S
2021-06-09T09:25:21,100.0,5.1,S
2021-06-09T09:24:33,100.0,5.2,B
2021-06-09T09:24:26,3000.0,5.1,S
2021-06-09T09:24:21,100.0,5.2,B
2021-06-09T09:24:04,5000.0,5.2,B
2021-06-09T09:23:50,1600.0,5.1,S
2021-06-09T09:23:42,2000.0,5.1,S
2021-06-09T09:23:40,500.0,5.1,S
2021-06-09T09:23:29,100.0,5.1,S
2021-06-09T09:23:27,5000.0,5.1,S
2021-06-09T09:22:55,5000.0,5.1,S
2021-06-09T09:22:35,10000.0,5.1,S
2021-06-09T09:22:07,2000.0,5.1,S
2021-06-09T09:21:21,200.0,5.2,B
2021-06-09T09:21:11,5000.0,5.1,S
2021-06-09T09:21:00,1000.0,5.1,S
2021-06-09T09:20:18,1100.0,5.1,S
2021-06-09T09:20:14,100.0,5.1,S
2021-06-09T09:19:44,100.0,5.1,S
2021-06-09T09:19:33,2000.0,5.2,B
2021-06-09T09:19:29,2500.0,5.2,B
2021-06-09T09:18:58,200.0,5.2,B
2021-06-09T09:18:25,2000.0,5.2,B
2021-06-09T09:18:15,100.0,5.1,S
2021-06-09T09:17:43,1000.0,5.1,S
2021-06-09T09:17:00,54000.0,5.1,S
2021-06-09T09:14:51,10800.0,5.1,S
2021-06-09T09:14:49,4000.0,5.1,S
2021-06-09T09:14:21,7000.0,5.1,S
2021-06-09T09:14:15,5000.0,5.1,S
2021-06-09T09:13:04,1000.0,5.1,S
2021-06-09T09:12:37,500.0,5.1,S
2021-06-09T09:12:30,100.0,5.1,S
2021-06-09T09:12:17,500.0,5.1,S
2021-06-09T09:12:03,400.0,5.1,S
2021-06-09T09:11:24,4000.0,5.1,S
2021-06-09T09:10:03,5000.0,5.1,S
2021-06-09T09:09:41,500.0,5.1,S
2021-06-09T09:09:38,10000.0,5.1,S
2021-06-09T09:09:18,200.0,5.1,S
2021-06-09T09:09:16,4000.0,5.1,S
2021-06-09T09:08:51,15000.0,5.1,S
2021-06-09T09:08:36,3000.0,5.1,S
2021-06-09T09:07:55,700.0,5.1,S
2021-06-09T09:07:53,50000.0,5.1,S
2021-06-09T09:07:45,200.0,5.1,S
2021-06-09T09:07:37,2000.0,5.2,B
2021-06-09T09:07:04,5000.0,5.1,S
2021-06-09T09:06:56,2000.0,5.1,S
2021-06-09T09:06:30,5000.0,5.1,S
2021-06-09T09:06:11,40000.0,5.1,S
2021-06-09T09:05:18,100.0,5.1,S
2021-06-09T09:05:15,1000.0,5.1,S
2021-06-09T09:05:14,10000.0,5.1,S
2021-06-09T09:05:11,200.0,5.1,B
2021-06-09T09:05:09,300.0,5.1,B
2021-06-09T09:05:00,13700.0,5.1,B
2021-06-09T09:03:57,1000.0,5.1,S
2021-06-09T09:03:48,300.0,5.1,S
2021-06-09T09:03:38,2700.0,5.1,B
2021-06-09T09:03:34,1900.0,5.1,B
2021-06-09T09:03:24,20000.0,5.1,B
2021-06-09T09:03:20,100.0,5.1,B
2021-06-09T09:03:18,100.0,5.0,S
2021-06-09T09:02:45,100.0,5.0,S
2021-06-09T09:02:24,1200.0,5.1,B
2021-06-09T09:02:11,37700.0,5.1,B
2021-06-09T09:02:06,45000.0,5.1,S
2021-06-09T09:02:02,100.0,5.1,S
2021-06-09T09:01:59,30000.0,5.1,S
2021-06-09T09:01:59,1000.0,5.1,S
2021-06-09T09:01:36,100.0,5.1,S
2021-06-09T09:00:54,8000.0,5.1,S
2021-06-09T09:00:40,500.0,5.1,S
2021-06-09T09:00:38,200.0,5.1,S
2021-06-09T09:00:30,400.0,5.1,S
2021-06-09T09:00:20,300.0,5.1,S
2021-06-09T09:00:20,100.0,5.1,S
2021-06-09T09:00:18,300.0,5.1,S
2021-06-09T09:00:10,200.0,5.1,S
