tradingTime,volume,price,side
2021-06-09T14:28:51,100.0,54.9,B
2021-06-09T14:28:36,1000.0,54.8,S
2021-06-09T14:28:13,200.0,54.8,S
2021-06-09T14:28:10,200.0,54.9,S
2021-06-09T14:27:47,500.0,54.9,S
2021-06-09T14:27:30,500.0,54.9,S
2021-06-09T14:27:29,7500.0,54.9,S
2021-06-09T14:27:27,100.0,55.0,B
2021-06-09T14:27:24,3300.0,54.9,S
2021-06-09T14:26:57,100.0,54.9,S
2021-06-09T14:25:33,100.0,55.0,S
2021-06-09T14:24:20,4600.0,55.0,S
2021-06-09T14:23:36,1000.0,55.0,S
2021-06-09T14:23:21,5000.0,55.1,S
2021-06-09T14:23:04,5000.0,55.1,S
2021-06-09T14:22:31,1000.0,55.1,S
2021-06-09T14:20:08,5000.0,55.1,S
2021-06-09T14:19:35,3600.0,55.1,B
2021-06-09T14:18:41,100.0,55.1,B
2021-06-09T14:16:40,100.0,55.0,S
2021-06-09T14:15:53,300.0,55.1,S
2021-06-09T14:14:44,300.0,55.1,S
2021-06-09T14:14:43,2300.0,55.1,S
2021-06-09T14:14:43,200.0,55.1,S
2021-06-09T14:12:56,1000.0,55.1,S
2021-06-09T14:12:15,1500.0,55.0,S
2021-06-09T14:12:14,1500.0,55.0,S
2021-06-09T14:11:13,2800.0,55.0,S
2021-06-09T14:11:13,7200.0,55.0,S
2021-06-09T14:10:07,5000.0,55.4,B
2021-06-09T14:09:58,100.0,55.2,S
2021-06-09T14:09:53,100.0,55.2,S
2021-06-09T14:07:59,500.0,55.2,B
2021-06-09T14:05:58,1000.0,55.1,S
2021-06-09T14:05:47,1000.0,55.2,B
2021-06-09T14:05:05,100.0,55.2,S
2021-06-09T14:04:58,200.0,55.1,S
2021-06-09T14:04:09,400.0,55.2,S
2021-06-09T14:03:09,100.0,55.2,B
2021-06-09T14:03:04,500.0,55.2,B
2021-06-09T14:02:42,400.0,55.2,B
2021-06-09T14:02:00,100.0,55.2,B
2021-06-09T14:01:27,1000.0,55.1,S
2021-06-09T14:01:16,1500.0,55.1,S
2021-06-09T14:00:57,500.0,55.2,B
2021-06-09T13:59:56,5000.0,55.2,B
2021-06-09T13:59:40,100.0,55.1,S
2021-06-09T13:59:09,200.0,55.2,B
2021-06-09T13:58:54,1400.0,55.2,B
2021-06-09T13:58:03,1500.0,55.0,S
2021-06-09T13:57:51,100.0,55.0,S
2021-06-09T13:57:40,500.0,55.0,S
2021-06-09T13:57:20,800.0,55.0,S
2021-06-09T13:57:20,1000.0,55.0,S
2021-06-09T13:57:20,1400.0,55.0,S
2021-06-09T13:57:20,600.0,55.0,S
2021-06-09T13:57:20,4100.0,55.1,S
2021-06-09T13:56:55,300.0,55.2,B
2021-06-09T13:56:31,500.0,55.2,S
2021-06-09T13:56:00,100.0,55.2,S
2021-06-09T13:56:00,800.0,55.2,S
2021-06-09T13:56:00,1600.0,55.2,S
2021-06-09T13:55:06,400.0,55.2,S
2021-06-09T13:55:06,100.0,55.2,S
2021-06-09T13:54:36,200.0,55.2,S
2021-06-09T13:53:34,200.0,55.4,B
2021-06-09T13:53:06,200.0,55.2,S
2021-06-09T13:52:42,300.0,55.4,S
2021-06-09T13:52:41,2000.0,55.4,S
2021-06-09T13:52:41,300.0,55.4,S
2021-06-09T13:52:12,100.0,55.4,S
2021-06-09T13:50:47,500.0,55.4,S
2021-06-09T13:50:30,400.0,55.4,S
2021-06-09T13:50:13,2200.0,55.4,S
2021-06-09T13:50:11,1000.0,55.5,B
2021-06-09T13:50:09,2800.0,55.5,B
2021-06-09T13:50:09,200.0,55.5,B
2021-06-09T13:49:13,200.0,55.4,S
2021-06-09T13:47:08,500.0,55.4,B
2021-06-09T13:46:27,500.0,55.4,B
2021-06-09T13:46:21,300.0,55.5,B
2021-06-09T13:46:21,800.0,55.5,B
2021-06-09T13:46:21,1400.0,55.5,B
2021-06-09T13:46:21,2500.0,55.4,B
2021-06-09T13:45:57,10000.0,55.4,B
2021-06-09T13:45:52,500.0,55.4,B
2021-06-09T13:45:18,8400.0,55.4,B
2021-06-09T13:45:18,3400.0,55.3,B
2021-06-09T13:44:52,200.0,55.2,S
2021-06-09T13:44:03,100.0,55.2,B
2021-06-09T13:43:59,100.0,55.2,B
2021-06-09T13:43:59,400.0,55.2,B
2021-06-09T13:43:07,500.0,55.2,B
2021-06-09T13:42:50,200.0,55.2,B
2021-06-09T13:41:49,100.0,55.2,B
2021-06-09T13:41:49,100.0,55.2,B
2021-06-09T13:41:27,200.0,55.1,S
2021-06-09T13:41:08,10000.0,55.2,B
2021-06-09T13:41:06,100.0,55.1,B
2021-06-09T13:41:06,4000.0,55.1,B
2021-06-09T13:40:35,600.0,55.1,B
2021-06-09T13:39:59,900.0,55.0,B
2021-06-09T13:39:46,200.0,55.0,B
2021-06-09T13:39:27,8900.0,55.0,S
2021-06-09T13:39:22,400.0,55.1,B
2021-06-09T13:39:22,100.0,55.1,B
2021-06-09T13:39:05,1000.0,55.0,S
2021-06-09T13:36:53,2500.0,55.0,B
2021-06-09T13:36:53,500.0,55.0,B
2021-06-09T13:36:21,500.0,55.0,B
2021-06-09T13:36:20,300.0,55.0,B
2021-06-09T13:35:42,2000.0,55.0,B
2021-06-09T13:35:20,1000.0,55.0,B
2021-06-09T13:35:07,300.0,55.0,B
2021-06-09T13:34:55,200.0,55.0,B
2021-06-09T13:34:13,2000.0,55.0,B
2021-06-09T13:34:00,200.0,55.0,B
2021-06-09T13:33:57,500.0,55.0,B
2021-06-09T13:33:24,1300.0,55.0,S
2021-06-09T13:33:21,1000.0,55.0,S
2021-06-09T13:33:21,400.0,55.0,S
2021-06-09T13:33:19,100.0,55.0,S
2021-06-09T13:33:19,200.0,55.0,S
2021-06-09T13:30:33,1300.0,55.0,B
2021-06-09T13:30:01,9000.0,55.0,B
2021-06-09T13:29:54,100.0,55.0,B
2021-06-09T13:29:47,200.0,54.9,S
2021-06-09T13:29:25,1000.0,55.0,B
2021-06-09T13:28:57,200.0,55.0,B
2021-06-09T13:27:30,100.0,55.0,B
2021-06-09T13:27:23,200.0,55.0,B
2021-06-09T13:26:51,1600.0,55.0,B
2021-06-09T13:26:05,2000.0,55.0,S
2021-06-09T13:26:04,15800.0,55.0,S
2021-06-09T13:25:48,100.0,55.1,B
2021-06-09T13:25:45,400.0,55.1,B
2021-06-09T13:25:13,1000.0,55.1,B
2021-06-09T13:25:09,100.0,55.1,B
2021-06-09T13:24:57,2000.0,55.1,B
2021-06-09T13:24:32,500.0,55.1,B
2021-06-09T13:24:30,1000.0,55.1,B
2021-06-09T13:24:20,1000.0,55.1,B
2021-06-09T13:24:02,2000.0,55.1,B
2021-06-09T13:24:02,1000.0,55.1,B
2021-06-09T13:23:26,1000.0,55.1,B
2021-06-09T13:22:52,200.0,55.1,B
2021-06-09T13:22:20,1000.0,55.1,B
2021-06-09T13:20:41,100.0,55.0,B
2021-06-09T13:20:41,1800.0,55.0,B
2021-06-09T13:20:39,500.0,55.0,B
2021-06-09T13:20:39,3000.0,55.0,B
2021-06-09T13:20:39,1000.0,55.0,B
2021-06-09T13:18:05,200.0,54.9,S
2021-06-09T13:17:55,200.0,55.0,B
2021-06-09T13:17:54,2000.0,55.0,B
2021-06-09T13:17:25,2000.0,55.0,B
2021-06-09T13:16:36,200.0,55.0,B
2021-06-09T13:15:58,100.0,55.0,B
2021-06-09T13:15:34,200.0,55.0,B
2021-06-09T13:14:32,600.0,55.0,B
2021-06-09T13:13:26,300.0,55.0,B
2021-06-09T13:12:05,100.0,54.9,B
2021-06-09T13:11:48,1000.0,55.0,B
2021-06-09T13:11:41,500.0,55.0,B
2021-06-09T13:11:41,900.0,55.0,B
2021-06-09T13:11:28,100.0,54.9,S
2021-06-09T13:06:40,300.0,54.8,S
2021-06-09T13:06:21,200.0,54.8,S
2021-06-09T13:04:59,700.0,55.0,B
2021-06-09T13:04:58,500.0,55.0,B
2021-06-09T13:01:33,3000.0,54.8,S
2021-06-09T13:00:28,200.0,54.8,S
2021-06-09T13:00:26,100.0,54.8,S
2021-06-09T13:00:15,600.0,54.8,S
2021-06-09T11:28:41,500.0,54.8,S
2021-06-09T11:28:11,10000.0,54.8,S
2021-06-09T11:27:35,7300.0,54.8,S
2021-06-09T11:27:35,2700.0,54.9,S
2021-06-09T11:25:19,2000.0,54.9,S
2021-06-09T11:24:44,200.0,54.9,S
2021-06-09T11:24:36,5000.0,54.9,S
2021-06-09T11:24:10,100.0,54.9,S
2021-06-09T11:24:10,4900.0,54.9,S
2021-06-09T11:21:11,1900.0,55.0,S
2021-06-09T11:20:38,200.0,55.1,S
2021-06-09T11:20:20,200.0,55.2,B
2021-06-09T11:20:10,500.0,55.1,S
2021-06-09T11:19:54,700.0,55.1,S
2021-06-09T11:18:33,1000.0,55.2,B
2021-06-09T11:18:20,4900.0,55.0,S
2021-06-09T11:17:59,4800.0,55.0,S
2021-06-09T11:17:32,500.0,55.0,S
2021-06-09T11:17:17,500.0,55.0,S
2021-06-09T11:17:17,500.0,55.0,S
2021-06-09T11:17:17,3600.0,55.0,S
2021-06-09T11:17:17,500.0,55.0,S
2021-06-09T11:17:17,19600.0,55.0,S
2021-06-09T11:16:49,1000.0,55.2,B
2021-06-09T11:16:15,100.0,55.2,S
2021-06-09T11:15:36,700.0,55.1,S
2021-06-09T11:14:45,100.0,55.1,S
2021-06-09T11:14:45,100.0,55.1,S
2021-06-09T11:13:46,200.0,55.1,S
2021-06-09T11:12:39,600.0,55.2,S
2021-06-09T11:12:12,1000.0,55.2,S
2021-06-09T11:11:46,300.0,55.2,S
2021-06-09T11:11:46,400.0,55.2,S
2021-06-09T11:11:46,300.0,55.2,S
2021-06-09T11:11:36,1000.0,55.2,S
2021-06-09T11:11:23,100.0,55.2,S
2021-06-09T11:08:33,200.0,55.3,B
2021-06-09T11:06:52,500.0,55.2,S
2021-06-09T11:04:54,200.0,55.2,S
2021-06-09T11:03:41,11000.0,55.4,B
2021-06-09T11:01:44,100.0,55.2,S
2021-06-09T11:00:35,900.0,55.4,B
2021-06-09T10:59:44,1000.0,55.4,B
2021-06-09T10:59:31,600.0,55.1,S
2021-06-09T10:59:12,500.0,55.1,S
2021-06-09T10:57:23,100.0,55.1,S
2021-06-09T10:56:54,100.0,55.3,B
2021-06-09T10:56:51,500.0,55.3,B
2021-06-09T10:55:47,1000.0,55.1,S
2021-06-09T10:52:30,4500.0,55.0,S
2021-06-09T10:52:30,4500.0,55.0,S
2021-06-09T10:50:12,100.0,55.4,B
2021-06-09T10:50:06,200.0,55.0,S
2021-06-09T10:49:45,100.0,55.4,B
2021-06-09T10:49:34,3000.0,55.0,S
2021-06-09T10:49:10,400.0,55.4,B
2021-06-09T10:46:14,100.0,55.4,B
2021-06-09T10:45:30,100.0,55.3,B
2021-06-09T10:44:42,2000.0,55.3,B
2021-06-09T10:43:16,500.0,55.3,B
2021-06-09T10:41:25,2200.0,55.4,B
2021-06-09T10:41:25,2800.0,55.4,B
2021-06-09T10:40:03,400.0,55.3,B
2021-06-09T10:39:57,200.0,55.0,B
2021-06-09T10:39:19,1400.0,55.3,B
2021-06-09T10:39:19,200.0,55.3,B
2021-06-09T10:39:19,1400.0,55.3,B
2021-06-09T10:39:12,2000.0,55.3,B
2021-06-09T10:39:01,3000.0,55.3,B
2021-06-09T10:38:55,100.0,54.9,B
2021-06-09T10:38:55,100.0,55.0,B
2021-06-09T10:38:16,1900.0,55.0,B
2021-06-09T10:37:23,500.0,55.0,B
2021-06-09T10:37:04,500.0,55.0,B
2021-06-09T10:36:26,3000.0,55.0,B
2021-06-09T10:36:00,3000.0,54.8,B
2021-06-09T10:35:28,1400.0,54.8,B
2021-06-09T10:35:05,5000.0,54.7,S
2021-06-09T10:34:40,100.0,54.7,S
2021-06-09T10:33:58,3500.0,54.8,B
2021-06-09T10:33:09,400.0,54.7,B
2021-06-09T10:32:50,100.0,54.7,B
2021-06-09T10:32:49,1900.0,54.7,B
2021-06-09T10:31:49,1000.0,54.7,B
2021-06-09T10:31:30,2000.0,54.7,B
2021-06-09T10:30:51,200.0,54.7,B
2021-06-09T10:30:33,100.0,54.6,S
2021-06-09T10:30:00,100.0,54.7,B
2021-06-09T10:29:47,900.0,54.7,B
2021-06-09T10:29:43,700.0,54.7,B
2021-06-09T10:29:25,100.0,54.7,B
2021-06-09T10:28:49,200.0,54.7,B
2021-06-09T10:28:13,200.0,54.6,S
2021-06-09T10:28:03,300.0,54.7,B
2021-06-09T10:27:51,5000.0,54.7,B
2021-06-09T10:27:44,100.0,54.7,B
2021-06-09T10:27:15,300.0,54.6,S
2021-06-09T10:27:06,3000.0,54.7,B
2021-06-09T10:27:04,2000.0,54.7,B
2021-06-09T10:26:46,2000.0,54.7,B
2021-06-09T10:26:41,100.0,54.6,S
2021-06-09T10:26:26,2500.0,54.7,B
2021-06-09T10:26:02,100.0,54.7,B
2021-06-09T10:26:02,1900.0,54.7,B
2021-06-09T10:25:53,2000.0,54.5,S
2021-06-09T10:25:47,200.0,54.5,S
2021-06-09T10:25:45,900.0,54.5,S
2021-06-09T10:25:45,1400.0,54.5,S
2021-06-09T10:25:35,5000.0,54.7,B
2021-06-09T10:25:27,5000.0,54.7,B
2021-06-09T10:24:42,3000.0,54.6,B
2021-06-09T10:23:42,200.0,54.6,B
2021-06-09T10:23:42,3000.0,54.6,B
2021-06-09T10:23:31,300.0,54.5,S
2021-06-09T10:23:11,2000.0,54.5,S
2021-06-09T10:23:10,200.0,54.5,S
2021-06-09T10:23:09,500.0,54.5,S
2021-06-09T10:23:03,600.0,54.5,S
2021-06-09T10:22:40,500.0,54.5,S
2021-06-09T10:22:40,100.0,54.5,S
2021-06-09T10:21:47,5100.0,54.5,S
2021-06-09T10:21:39,300.0,54.5,S
2021-06-09T10:21:31,1400.0,54.5,S
2021-06-09T10:21:25,3000.0,54.6,B
2021-06-09T10:20:59,200.0,54.6,B
2021-06-09T10:20:54,2000.0,54.6,B
2021-06-09T10:20:15,1000.0,54.6,B
2021-06-09T10:20:10,2000.0,54.6,B
2021-06-09T10:19:52,3000.0,54.6,B
2021-06-09T10:19:52,1000.0,54.6,B
2021-06-09T10:19:45,2300.0,54.5,S
2021-06-09T10:19:43,100.0,54.6,B
2021-06-09T10:19:39,200.0,54.6,B
2021-06-09T10:19:32,200.0,54.6,B
2021-06-09T10:19:31,4300.0,54.6,B
2021-06-09T10:19:28,7000.0,54.5,S
2021-06-09T10:19:22,200.0,54.6,B
2021-06-09T10:19:15,1000.0,54.6,B
2021-06-09T10:19:12,100.0,54.6,B
2021-06-09T10:19:05,100.0,54.5,S
2021-06-09T10:18:50,2000.0,54.6,B
2021-06-09T10:18:28,200.0,54.5,S
2021-06-09T10:17:50,300.0,54.5,S
2021-06-09T10:17:45,2200.0,54.6,B
2021-06-09T10:17:39,100.0,54.6,B
2021-06-09T10:17:35,2000.0,54.6,B
2021-06-09T10:17:24,1000.0,54.5,S
2021-06-09T10:17:00,700.0,54.6,B
2021-06-09T10:16:45,100.0,54.6,B
2021-06-09T10:16:45,200.0,54.6,B
2021-06-09T10:16:13,100.0,54.6,B
2021-06-09T10:16:12,100.0,54.6,B
2021-06-09T10:15:45,200.0,54.6,B
2021-06-09T10:14:02,100.0,54.6,B
2021-06-09T10:12:52,100.0,54.6,B
2021-06-09T10:12:18,100.0,54.6,B
2021-06-09T10:12:11,2600.0,54.5,S
2021-06-09T10:11:49,100.0,54.6,S
2021-06-09T10:11:45,100.0,54.6,S
2021-06-09T10:11:14,900.0,54.6,S
2021-06-09T10:10:48,100.0,54.6,S
2021-06-09T10:10:45,200.0,54.6,S
2021-06-09T10:10:37,200.0,54.6,S
2021-06-09T10:10:23,3000.0,54.6,S
2021-06-09T10:09:40,200.0,54.6,S
2021-06-09T10:09:26,3000.0,54.6,S
2021-06-09T10:09:24,500.0,54.6,S
2021-06-09T10:08:28,600.0,54.6,S
2021-06-09T10:07:54,1800.0,54.6,S
2021-06-09T10:07:51,800.0,54.6,S
2021-06-09T10:07:12,1000.0,54.6,S
2021-06-09T10:06:42,500.0,54.6,S
2021-06-09T10:04:34,2700.0,54.6,S
2021-06-09T10:04:15,200.0,54.5,S
2021-06-09T10:04:13,2900.0,54.5,S
2021-06-09T10:04:13,300.0,54.5,S
2021-06-09T10:04:13,800.0,54.5,S
2021-06-09T10:04:10,100.0,54.5,S
2021-06-09T10:04:00,1700.0,54.6,S
2021-06-09T10:03:44,1000.0,54.6,S
2021-06-09T10:03:07,100.0,54.6,S
2021-06-09T10:02:57,200.0,54.6,S
2021-06-09T10:02:10,100.0,54.6,S
2021-06-09T10:02:04,100.0,54.6,S
2021-06-09T10:01:37,200.0,54.6,S
2021-06-09T10:01:01,700.0,54.6,S
2021-06-09T10:00:59,800.0,54.6,S
2021-06-09T10:00:47,100.0,54.6,S
2021-06-09T10:00:38,8000.0,54.5,S
2021-06-09T09:59:52,500.0,54.6,S
2021-06-09T09:59:37,100.0,54.6,S
2021-06-09T09:59:24,400.0,54.6,S
2021-06-09T09:59:08,800.0,54.5,S
2021-06-09T09:58:24,300.0,54.6,S
2021-06-09T09:57:41,1000.0,54.7,B
2021-06-09T09:57:32,6000.0,54.5,S
2021-06-09T09:57:31,100.0,54.5,S
2021-06-09T09:57:18,10000.0,54.7,B
2021-06-09T09:57:03,500.0,54.5,S
2021-06-09T09:57:01,1500.0,54.5,S
2021-06-09T09:55:54,1700.0,54.6,S
2021-06-09T09:55:21,500.0,54.6,S
2021-06-09T09:55:03,500.0,54.6,S
2021-06-09T09:54:43,500.0,54.5,S
2021-06-09T09:54:26,3000.0,54.7,B
2021-06-09T09:54:16,200.0,54.5,S
2021-06-09T09:53:34,1100.0,54.5,S
2021-06-09T09:53:34,1000.0,54.6,S
2021-06-09T09:53:33,900.0,54.6,S
2021-06-09T09:53:17,3000.0,54.6,S
2021-06-09T09:52:27,300.0,54.6,S
2021-06-09T09:52:11,500.0,54.6,S
2021-06-09T09:52:10,1600.0,54.6,S
2021-06-09T09:51:35,600.0,54.6,S
2021-06-09T09:51:28,1800.0,54.6,S
2021-06-09T09:51:28,200.0,54.6,S
2021-06-09T09:50:58,1000.0,54.6,S
2021-06-09T09:50:54,1000.0,54.6,S
2021-06-09T09:50:51,2000.0,54.6,S
2021-06-09T09:50:41,800.0,54.6,S
2021-06-09T09:50:30,200.0,54.6,S
2021-06-09T09:50:17,1000.0,54.6,S
2021-06-09T09:50:15,1100.0,54.7,B
2021-06-09T09:50:04,300.0,54.6,S
2021-06-09T09:49:54,200.0,54.6,S
2021-06-09T09:49:53,500.0,54.6,S
2021-06-09T09:49:43,100.0,54.6,S
2021-06-09T09:49:37,1000.0,54.6,S
2021-06-09T09:49:09,1000.0,54.6,S
2021-06-09T09:49:08,500.0,54.6,S
2021-06-09T09:48:34,4000.0,54.6,S
2021-06-09T09:48:09,5000.0,54.6,S
2021-06-09T09:48:04,100.0,54.7,B
2021-06-09T09:47:56,1000.0,54.6,S
2021-06-09T09:47:04,500.0,54.6,S
2021-06-09T09:46:45,2300.0,54.5,S
2021-06-09T09:46:25,2000.0,54.7,B
2021-06-09T09:45:59,2000.0,54.5,S
2021-06-09T09:45:05,2000.0,54.5,S
2021-06-09T09:45:04,200.0,54.6,S
2021-06-09T09:44:46,5000.0,54.6,S
2021-06-09T09:44:27,400.0,54.6,S
2021-06-09T09:42:20,4000.0,54.6,S
2021-06-09T09:41:47,500.0,54.6,S
2021-06-09T09:41:41,600.0,54.7,B
2021-06-09T09:40:53,200.0,54.6,S
2021-06-09T09:40:38,100.0,54.6,S
2021-06-09T09:40:34,100.0,54.6,S
2021-06-09T09:40:22,1000.0,54.7,B
2021-06-09T09:39:24,300.0,54.6,S
2021-06-09T09:39:03,600.0,54.6,S
2021-06-09T09:38:54,1000.0,54.6,S
2021-06-09T09:38:36,1000.0,54.6,S
2021-06-09T09:37:07,10000.0,54.7,B
2021-06-09T09:36:41,300.0,54.7,B
2021-06-09T09:36:17,1000.0,54.7,B
2021-06-09T09:35:13,500.0,54.6,S
2021-06-09T09:35:10,200.0,54.6,S
2021-06-09T09:35:07,100.0,54.7,S
2021-06-09T09:34:41,1300.0,54.6,S
2021-06-09T09:34:41,100.0,54.6,S
2021-06-09T09:34:41,100.0,54.6,S
2021-06-09T09:34:20,2700.0,54.6,S
2021-06-09T09:33:54,100.0,54.6,S
2021-06-09T09:33:54,200.0,54.6,S
2021-06-09T09:33:53,1400.0,54.7,S
2021-06-09T09:33:18,200.0,54.7,S
2021-06-09T09:33:13,4000.0,54.7,S
2021-06-09T09:32:42,100.0,54.7,S
2021-06-09T09:32:10,6300.0,54.7,S
2021-06-09T09:32:10,10700.0,54.7,S
2021-06-09T09:31:31,300.0,54.7,S
2021-06-09T09:31:20,900.0,54.7,S
2021-06-09T09:31:18,2000.0,54.7,S
2021-06-09T09:30:58,1000.0,54.7,S
2021-06-09T09:30:52,200.0,54.7,S
2021-06-09T09:29:53,1000.0,54.7,S
2021-06-09T09:29:36,1000.0,54.7,S
2021-06-09T09:29:28,100.0,54.7,S
2021-06-09T09:29:07,200.0,54.7,S
2021-06-09T09:28:46,500.0,54.7,S
2021-06-09T09:27:48,400.0,54.7,S
2021-06-09T09:27:37,500.0,54.7,S
2021-06-09T09:27:28,200.0,54.7,S
2021-06-09T09:25:44,2000.0,54.7,B
2021-06-09T09:25:31,600.0,54.6,S
2021-06-09T09:25:29,400.0,54.6,S
2021-06-09T09:25:29,100.0,54.6,S
2021-06-09T09:24:05,500.0,54.6,S
2021-06-09T09:24:03,1000.0,54.6,S
2021-06-09T09:24:02,1000.0,54.6,S
2021-06-09T09:23:46,1000.0,54.7,B
2021-06-09T09:23:44,200.0,54.7,B
2021-06-09T09:23:15,2000.0,54.7,B
2021-06-09T09:23:04,1300.0,54.7,B
2021-06-09T09:22:20,1000.0,54.7,B
2021-06-09T09:22:19,1300.0,54.7,B
2021-06-09T09:21:40,4000.0,54.5,S
2021-06-09T09:21:29,500.0,54.6,S
2021-06-09T09:20:48,4000.0,54.6,S
2021-06-09T09:20:45,100.0,54.7,B
2021-06-09T09:20:36,1500.0,54.7,B
2021-06-09T09:20:03,2200.0,54.7,B
2021-06-09T09:19:47,5100.0,54.7,B
2021-06-09T09:19:01,1300.0,54.6,S
2021-06-09T09:19:01,8900.0,54.6,S
2021-06-09T09:19:01,500.0,54.6,S
2021-06-09T09:19:01,9300.0,54.6,S
2021-06-09T09:18:48,1000.0,54.7,S
2021-06-09T09:18:46,100.0,54.7,S
2021-06-09T09:18:07,500.0,54.6,S
2021-06-09T09:16:18,100.0,54.6,S
2021-06-09T09:16:02,100.0,55.4,B
2021-06-09T09:16:01,200.0,54.6,S
