tradingTime,volume,price,side
2021-06-09T14:30:15,1000.0,6.67,B
2021-06-09T14:30:10,11000.0,6.66,B
2021-06-09T14:30:04,1000.0,6.66,B
2021-06-09T14:30:04,1100.0,6.66,B
2021-06-09T14:30:04,1300.0,6.66,B
2021-06-09T14:30:04,800.0,6.66,B
2021-06-09T14:29:52,200.0,6.66,B
2021-06-09T14:29:49,1000.0,6.66,B
2021-06-09T14:29:34,5600.0,6.66,B
2021-06-09T14:29:33,19200.0,6.66,B
2021-06-09T14:29:32,5000.0,6.66,B
2021-06-09T14:29:30,1000.0,6.66,B
2021-06-09T14:29:20,100.0,6.66,B
2021-06-09T14:29:20,10000.0,6.66,B
2021-06-09T14:29:16,2000.0,6.66,B
2021-06-09T14:29:13,5000.0,6.66,B
2021-06-09T14:29:09,5100.0,6.66,B
2021-06-09T14:29:09,6500.0,6.66,B
2021-06-09T14:29:09,18900.0,6.66,B
2021-06-09T14:29:09,30200.0,6.66,B
2021-06-09T14:29:09,17300.0,6.66,B
2021-06-09T14:29:05,700.0,6.66,B
2021-06-09T14:28:53,100.0,6.66,B
2021-06-09T14:28:49,5000.0,6.66,B
2021-06-09T14:28:46,300.0,6.66,B
2021-06-09T14:28:36,5000.0,6.66,B
2021-06-09T14:28:32,100.0,6.66,B
2021-06-09T14:28:32,7000.0,6.66,B
2021-06-09T14:28:20,400.0,6.65,S
2021-06-09T14:28:19,600.0,6.65,S
2021-06-09T14:28:19,4400.0,6.65,S
2021-06-09T14:28:18,18000.0,6.66,B
2021-06-09T14:28:11,5000.0,6.66,B
2021-06-09T14:28:04,1000.0,6.66,B
2021-06-09T14:28:03,200.0,6.65,S
2021-06-09T14:27:58,1000.0,6.66,B
2021-06-09T14:27:46,200.0,6.65,S
2021-06-09T14:27:44,20000.0,6.66,B
2021-06-09T14:27:39,200.0,6.66,B
2021-06-09T14:27:36,2200.0,6.66,B
2021-06-09T14:27:36,500.0,6.65,S
2021-06-09T14:27:31,200.0,6.65,S
2021-06-09T14:27:30,300.0,6.65,S
2021-06-09T14:27:28,300.0,6.66,B
2021-06-09T14:27:27,200.0,6.66,B
2021-06-09T14:27:17,100.0,6.66,B
2021-06-09T14:27:07,600.0,6.66,B
2021-06-09T14:27:06,1000.0,6.66,B
2021-06-09T14:27:06,100.0,6.66,B
2021-06-09T14:27:02,1000.0,6.66,B
2021-06-09T14:26:54,1600.0,6.66,B
2021-06-09T14:26:45,1000.0,6.66,B
2021-06-09T14:26:41,1000.0,6.65,S
2021-06-09T14:26:25,300.0,6.66,B
2021-06-09T14:26:25,15000.0,6.65,S
2021-06-09T14:25:55,2000.0,6.66,B
2021-06-09T14:25:51,4100.0,6.65,S
2021-06-09T14:25:46,200.0,6.66,B
2021-06-09T14:25:37,100.0,6.66,B
2021-06-09T14:25:34,200.0,6.66,B
2021-06-09T14:25:31,100.0,6.66,B
2021-06-09T14:25:23,4000.0,6.66,B
2021-06-09T14:25:13,3700.0,6.65,S
2021-06-09T14:25:12,12800.0,6.66,B
2021-06-09T14:25:10,100.0,6.66,B
2021-06-09T14:25:09,600.0,6.66,B
2021-06-09T14:25:05,100.0,6.66,B
2021-06-09T14:24:50,10000.0,6.65,S
2021-06-09T14:24:50,10000.0,6.66,B
2021-06-09T14:24:47,4600.0,6.66,B
2021-06-09T14:24:34,100.0,6.66,B
2021-06-09T14:24:30,100.0,6.66,B
2021-06-09T14:24:28,100.0,6.66,B
2021-06-09T14:24:27,200.0,6.66,B
2021-06-09T14:23:54,100.0,6.66,B
2021-06-09T14:23:48,10000.0,6.66,B
2021-06-09T14:23:48,200.0,6.66,B
2021-06-09T14:23:43,2500.0,6.65,S
2021-06-09T14:23:42,100.0,6.66,B
2021-06-09T14:23:26,1000.0,6.66,B
2021-06-09T14:23:07,1000.0,6.66,B
2021-06-09T14:23:06,2000.0,6.65,S
2021-06-09T14:23:01,11500.0,6.65,S
2021-06-09T14:22:58,3000.0,6.66,B
2021-06-09T14:22:55,5000.0,6.65,S
2021-06-09T14:22:55,34300.0,6.65,S
2021-06-09T14:22:53,3000.0,6.65,S
2021-06-09T14:22:51,1000.0,6.65,S
2021-06-09T14:22:41,900.0,6.65,S
2021-06-09T14:22:18,5700.0,6.65,S
2021-06-09T14:22:18,1000.0,6.65,S
2021-06-09T14:22:18,10700.0,6.65,S
2021-06-09T14:22:18,2600.0,6.65,S
2021-06-09T14:22:02,5000.0,6.65,S
2021-06-09T14:21:58,9000.0,6.65,S
2021-06-09T14:21:35,700.0,6.65,S
2021-06-09T14:21:25,2100.0,6.66,B
2021-06-09T14:21:24,1700.0,6.66,B
2021-06-09T14:21:18,10000.0,6.66,B
2021-06-09T14:21:09,1000.0,6.65,S
2021-06-09T14:21:08,100.0,6.66,B
2021-06-09T14:21:05,100.0,6.66,B
2021-06-09T14:21:00,400.0,6.66,B
2021-06-09T14:20:50,2000.0,6.66,B
2021-06-09T14:20:42,300.0,6.66,B
2021-06-09T14:20:41,200.0,6.66,B
2021-06-09T14:20:38,5000.0,6.66,B
2021-06-09T14:20:35,4200.0,6.66,B
2021-06-09T14:20:28,1000.0,6.65,S
2021-06-09T14:20:22,400.0,6.66,B
2021-06-09T14:20:11,300.0,6.66,B
2021-06-09T14:20:10,3900.0,6.66,B
2021-06-09T14:20:10,300.0,6.66,B
2021-06-09T14:20:00,3000.0,6.65,S
2021-06-09T14:19:53,300.0,6.66,S
2021-06-09T14:19:52,500.0,6.66,S
2021-06-09T14:19:44,100.0,6.66,S
2021-06-09T14:19:40,5000.0,6.65,S
2021-06-09T14:19:39,20000.0,6.65,S
2021-06-09T14:19:36,1000.0,6.66,S
2021-06-09T14:19:28,10000.0,6.65,S
2021-06-09T14:18:55,10000.0,6.66,S
2021-06-09T14:18:54,100.0,6.66,S
2021-06-09T14:18:49,700.0,6.66,S
2021-06-09T14:18:41,700.0,6.66,S
2021-06-09T14:18:40,10900.0,6.65,S
2021-06-09T14:18:28,500.0,6.66,S
2021-06-09T14:18:08,10000.0,6.66,S
2021-06-09T14:18:01,200.0,6.66,S
2021-06-09T14:17:52,400.0,6.66,S
2021-06-09T14:17:48,100.0,6.66,S
2021-06-09T14:17:44,100.0,6.66,S
2021-06-09T14:17:37,5000.0,6.66,S
2021-06-09T14:17:28,200.0,6.65,S
2021-06-09T14:17:25,3000.0,6.66,S
2021-06-09T14:17:24,5500.0,6.66,S
2021-06-09T14:17:24,500.0,6.66,S
2021-06-09T14:17:24,33200.0,6.66,S
2021-06-09T14:17:23,10000.0,6.66,S
2021-06-09T14:17:14,400.0,6.66,S
2021-06-09T14:17:08,3100.0,6.66,S
2021-06-09T14:17:08,700.0,6.66,S
2021-06-09T14:17:08,1200.0,6.66,S
2021-06-09T14:17:06,500.0,6.66,S
2021-06-09T14:17:06,100.0,6.66,S
2021-06-09T14:17:05,900.0,6.66,S
2021-06-09T14:17:00,1100.0,6.66,S
2021-06-09T14:17:00,900.0,6.66,S
2021-06-09T14:17:00,10000.0,6.66,S
2021-06-09T14:16:56,2000.0,6.66,S
2021-06-09T14:16:44,200.0,6.66,S
2021-06-09T14:16:36,8000.0,6.66,S
2021-06-09T14:16:35,2400.0,6.66,S
2021-06-09T14:16:26,1000.0,6.66,S
2021-06-09T14:16:26,82100.0,6.66,S
2021-06-09T14:16:26,600.0,6.66,S
2021-06-09T14:16:26,300.0,6.66,S
2021-06-09T14:16:25,1000.0,6.66,S
2021-06-09T14:16:25,5000.0,6.66,S
2021-06-09T14:16:25,1100.0,6.66,S
2021-06-09T14:16:25,5100.0,6.66,S
2021-06-09T14:16:25,5900.0,6.66,S
2021-06-09T14:16:21,20000.0,6.66,S
2021-06-09T14:16:19,100.0,6.66,S
2021-06-09T14:16:06,3000.0,6.66,S
2021-06-09T14:15:59,14000.0,6.66,S
2021-06-09T14:15:52,2000.0,6.67,B
2021-06-09T14:15:43,1000.0,6.66,S
2021-06-09T14:15:16,3000.0,6.66,S
2021-06-09T14:15:06,2000.0,6.66,S
2021-06-09T14:14:59,200.0,6.67,B
2021-06-09T14:14:54,3900.0,6.66,S
2021-06-09T14:14:47,100.0,6.66,S
2021-06-09T14:14:43,2500.0,6.66,S
2021-06-09T14:14:11,4000.0,6.66,S
2021-06-09T14:14:10,2100.0,6.67,B
2021-06-09T14:14:07,400.0,6.66,S
2021-06-09T14:14:00,200.0,6.66,S
2021-06-09T14:13:54,1000.0,6.66,S
2021-06-09T14:13:31,500.0,6.67,B
2021-06-09T14:13:28,3000.0,6.67,B
2021-06-09T14:13:08,400.0,6.67,B
2021-06-09T14:13:05,900.0,6.66,S
2021-06-09T14:13:03,5000.0,6.66,S
2021-06-09T14:13:02,100.0,6.66,S
2021-06-09T14:13:01,30000.0,6.66,S
2021-06-09T14:13:00,500.0,6.67,B
2021-06-09T14:12:48,100.0,6.66,S
2021-06-09T14:12:43,5000.0,6.66,S
2021-06-09T14:12:31,200.0,6.68,B
2021-06-09T14:12:28,700.0,6.68,B
2021-06-09T14:12:27,200.0,6.67,S
2021-06-09T14:12:24,900.0,6.67,S
2021-06-09T14:12:24,1500.0,6.67,S
2021-06-09T14:12:24,1300.0,6.67,S
2021-06-09T14:12:24,500.0,6.67,S
2021-06-09T14:12:24,95400.0,6.67,S
2021-06-09T14:12:23,100.0,6.67,S
2021-06-09T14:12:15,5000.0,6.67,S
2021-06-09T14:12:14,500.0,6.68,B
2021-06-09T14:12:04,2000.0,6.67,S
2021-06-09T14:12:03,10000.0,6.67,S
2021-06-09T14:12:03,5000.0,6.67,S
2021-06-09T14:11:47,1000.0,6.67,S
2021-06-09T14:11:30,2000.0,6.67,S
2021-06-09T14:11:17,10000.0,6.67,S
2021-06-09T14:11:15,5500.0,6.68,B
2021-06-09T14:11:08,200.0,6.68,B
2021-06-09T14:11:08,5400.0,6.68,B
2021-06-09T14:11:07,9600.0,6.68,B
2021-06-09T14:11:06,2000.0,6.68,B
2021-06-09T14:11:05,3500.0,6.68,B
2021-06-09T14:11:04,5000.0,6.67,S
2021-06-09T14:11:00,100.0,6.68,B
2021-06-09T14:10:56,2000.0,6.68,B
2021-06-09T14:10:49,200.0,6.68,B
2021-06-09T14:10:44,200.0,6.68,B
2021-06-09T14:10:32,5000.0,6.68,B
2021-06-09T14:10:30,400.0,6.67,S
2021-06-09T14:10:29,500.0,6.67,S
2021-06-09T14:10:26,2000.0,6.67,S
2021-06-09T14:10:10,500.0,6.67,S
2021-06-09T14:10:00,1000.0,6.68,S
2021-06-09T14:09:59,2000.0,6.68,S
2021-06-09T14:09:57,200.0,6.68,S
2021-06-09T14:09:52,700.0,6.68,S
2021-06-09T14:09:49,2000.0,6.67,S
2021-06-09T14:09:46,2000.0,6.67,S
2021-06-09T14:09:30,300.0,6.68,S
2021-06-09T14:09:30,8000.0,6.68,S
2021-06-09T14:09:27,10000.0,6.68,S
2021-06-09T14:09:21,1000.0,6.68,S
2021-06-09T14:09:15,3000.0,6.68,S
2021-06-09T14:09:15,1000.0,6.68,S
2021-06-09T14:09:14,49600.0,6.68,S
2021-06-09T14:09:04,2400.0,6.68,S
2021-06-09T14:09:00,300.0,6.68,S
2021-06-09T14:08:57,100.0,6.68,S
2021-06-09T14:08:54,2000.0,6.68,S
2021-06-09T14:08:53,47200.0,6.68,S
2021-06-09T14:08:52,1000.0,6.68,S
2021-06-09T14:08:50,3000.0,6.68,S
2021-06-09T14:08:46,5000.0,6.68,S
2021-06-09T14:08:42,200.0,6.68,S
2021-06-09T14:08:37,100.0,6.69,B
2021-06-09T14:08:34,3000.0,6.68,S
2021-06-09T14:08:28,10000.0,6.68,S
2021-06-09T14:08:15,1000.0,6.68,S
2021-06-09T14:08:15,2000.0,6.69,B
2021-06-09T14:08:13,2000.0,6.68,S
2021-06-09T14:08:10,100.0,6.69,B
2021-06-09T14:08:10,1000.0,6.68,S
2021-06-09T14:08:08,300.0,6.68,S
2021-06-09T14:08:08,2400.0,6.68,S
2021-06-09T14:08:02,2600.0,6.68,S
2021-06-09T14:07:59,1000.0,6.69,B
2021-06-09T14:07:56,10700.0,6.68,S
2021-06-09T14:07:56,6000.0,6.68,S
2021-06-09T14:07:55,2300.0,6.68,S
2021-06-09T14:07:55,2800.0,6.68,S
2021-06-09T14:07:55,4500.0,6.68,S
2021-06-09T14:07:55,3500.0,6.68,S
2021-06-09T14:07:55,1000.0,6.68,S
2021-06-09T14:07:35,20000.0,6.68,S
2021-06-09T14:07:31,28000.0,6.69,B
2021-06-09T14:07:29,11600.0,6.68,S
2021-06-09T14:07:29,6900.0,6.68,S
2021-06-09T14:07:23,30500.0,6.68,S
2021-06-09T14:07:07,300.0,6.69,B
2021-06-09T14:07:07,5000.0,6.68,S
2021-06-09T14:07:05,600.0,6.69,B
2021-06-09T14:07:05,100.0,6.69,B
2021-06-09T14:07:02,5400.0,6.69,B
2021-06-09T14:07:02,1000.0,6.68,S
2021-06-09T14:07:02,1000.0,6.68,S
2021-06-09T14:06:53,2300.0,6.69,S
2021-06-09T14:06:44,7600.0,6.68,S
2021-06-09T14:06:35,300.0,6.69,S
2021-06-09T14:06:33,200.0,6.68,S
2021-06-09T14:06:30,100.0,6.69,S
2021-06-09T14:06:23,40000.0,6.68,S
2021-06-09T14:06:21,1500.0,6.69,S
2021-06-09T14:06:21,1000.0,6.69,S
2021-06-09T14:06:19,200.0,6.69,S
2021-06-09T14:06:12,100.0,6.7,B
2021-06-09T14:06:06,8800.0,6.68,S
2021-06-09T14:06:06,400.0,6.68,S
2021-06-09T14:06:05,6000.0,6.68,S
2021-06-09T14:06:05,1300.0,6.68,S
2021-06-09T14:06:05,200.0,6.68,S
2021-06-09T14:06:05,1100.0,6.68,S
2021-06-09T14:06:05,17700.0,6.69,S
2021-06-09T14:06:05,29500.0,6.69,S
2021-06-09T14:06:05,500.0,6.69,S
2021-06-09T14:06:03,3000.0,6.69,S
2021-06-09T14:05:53,10000.0,6.69,S
2021-06-09T14:05:50,2000.0,6.69,S
2021-06-09T14:05:50,4000.0,6.7,B
2021-06-09T14:05:50,300.0,6.7,B
2021-06-09T14:05:45,100.0,6.7,B
2021-06-09T14:05:35,10000.0,6.69,S
2021-06-09T14:05:33,2000.0,6.7,B
2021-06-09T14:05:29,10000.0,6.69,S
2021-06-09T14:05:23,800.0,6.7,B
2021-06-09T14:05:20,400.0,6.7,B
2021-06-09T14:05:18,3000.0,6.7,B
2021-06-09T14:05:11,2000.0,6.7,B
2021-06-09T14:05:09,500.0,6.7,B
2021-06-09T14:05:08,1000.0,6.7,B
2021-06-09T14:05:05,100.0,6.7,B
2021-06-09T14:04:58,10000.0,6.7,B
2021-06-09T14:04:56,600.0,6.7,B
2021-06-09T14:04:48,200.0,6.7,B
2021-06-09T14:04:39,1000.0,6.7,B
2021-06-09T14:04:28,100.0,6.7,B
2021-06-09T14:04:25,3900.0,6.7,B
2021-06-09T14:04:25,16100.0,6.7,B
2021-06-09T14:04:25,200.0,6.7,B
2021-06-09T14:04:25,400.0,6.69,S
2021-06-09T14:04:18,100.0,6.7,B
2021-06-09T14:04:06,800.0,6.7,B
2021-06-09T14:04:06,200.0,6.7,B
2021-06-09T14:04:00,2000.0,6.7,B
2021-06-09T14:03:52,300.0,6.7,B
2021-06-09T14:03:48,1600.0,6.7,B
2021-06-09T14:03:38,2000.0,6.7,B
2021-06-09T14:03:34,300.0,6.7,B
2021-06-09T14:03:32,3700.0,6.7,B
2021-06-09T14:03:32,16300.0,6.7,B
2021-06-09T14:03:29,300.0,6.7,B
2021-06-09T14:03:29,200.0,6.7,B
2021-06-09T14:03:24,31800.0,6.69,S
2021-06-09T14:03:20,100.0,6.7,B
2021-06-09T14:03:13,2000.0,6.7,B
2021-06-09T14:03:02,1000.0,6.7,B
2021-06-09T14:02:45,200.0,6.7,B
2021-06-09T14:02:39,1000.0,6.7,B
2021-06-09T14:02:33,200.0,6.7,B
2021-06-09T14:02:25,3000.0,6.69,S
2021-06-09T14:02:22,1300.0,6.7,B
2021-06-09T14:02:04,2000.0,6.7,B
2021-06-09T14:01:51,1000.0,6.7,B
2021-06-09T14:01:48,1000.0,6.69,S
2021-06-09T14:01:45,2000.0,6.7,B
2021-06-09T14:01:37,100.0,6.7,B
2021-06-09T14:01:27,4000.0,6.69,S
2021-06-09T14:01:26,10000.0,6.7,B
2021-06-09T14:01:26,200.0,6.7,B
2021-06-09T14:01:24,100.0,6.7,B
2021-06-09T14:01:22,900.0,6.69,S
2021-06-09T14:01:16,1000.0,6.7,B
2021-06-09T14:01:15,100.0,6.7,B
2021-06-09T14:01:14,10000.0,6.7,B
2021-06-09T14:01:14,200.0,6.69,S
2021-06-09T14:01:12,2000.0,6.69,S
2021-06-09T14:01:11,500.0,6.69,S
2021-06-09T14:01:11,900.0,6.69,S
2021-06-09T14:01:11,100.0,6.69,S
2021-06-09T14:01:09,300.0,6.69,S
2021-06-09T14:01:08,200.0,6.7,B
2021-06-09T14:01:02,100.0,6.7,B
2021-06-09T14:00:52,100.0,6.7,B
2021-06-09T14:00:22,100.0,6.7,B
2021-06-09T14:00:18,1000.0,6.7,B
2021-06-09T14:00:14,1000.0,6.7,B
2021-06-09T14:00:12,3600.0,6.7,B
2021-06-09T14:00:10,500.0,6.7,B
2021-06-09T14:00:09,1400.0,6.69,S
2021-06-09T14:00:04,2200.0,6.7,B
2021-06-09T14:00:01,100.0,6.7,B
2021-06-09T13:59:57,1500.0,6.69,S
2021-06-09T13:59:50,1000.0,6.7,B
2021-06-09T13:59:42,3800.0,6.7,B
2021-06-09T13:59:38,1000.0,6.7,B
2021-06-09T13:59:36,7300.0,6.7,B
2021-06-09T13:59:24,200.0,6.7,B
2021-06-09T13:59:09,3000.0,6.7,B
2021-06-09T13:59:09,20000.0,6.69,S
2021-06-09T13:58:54,400.0,6.7,B
2021-06-09T13:58:52,400.0,6.7,B
2021-06-09T13:58:47,13000.0,6.7,B
2021-06-09T13:58:42,100.0,6.7,B
2021-06-09T13:58:37,21600.0,6.69,S
2021-06-09T13:58:36,1200.0,6.7,B
2021-06-09T13:58:24,8800.0,6.69,S
2021-06-09T13:58:19,5000.0,6.69,S
2021-06-09T13:58:17,500.0,6.69,S
2021-06-09T13:58:15,100.0,6.69,S
2021-06-09T13:58:13,500.0,6.69,S
2021-06-09T13:58:07,200.0,6.69,S
2021-06-09T13:58:07,12900.0,6.69,S
2021-06-09T13:58:07,500.0,6.69,S
2021-06-09T13:58:07,71500.0,6.69,S
2021-06-09T13:58:05,200.0,6.7,B
2021-06-09T13:58:04,200.0,6.7,B
2021-06-09T13:58:03,2900.0,6.69,S
2021-06-09T13:58:02,5000.0,6.7,B
2021-06-09T13:57:54,1000.0,6.7,B
2021-06-09T13:57:49,200.0,6.7,B
2021-06-09T13:57:47,2000.0,6.7,B
2021-06-09T13:57:42,10000.0,6.69,S
2021-06-09T13:57:41,3000.0,6.7,B
2021-06-09T13:57:39,10400.0,6.7,B
2021-06-09T13:57:37,900.0,6.7,B
2021-06-09T13:57:37,9000.0,6.69,S
2021-06-09T13:57:25,300.0,6.7,B
2021-06-09T13:57:21,6000.0,6.7,B
2021-06-09T13:57:17,3700.0,6.7,B
2021-06-09T13:57:02,200.0,6.7,B
2021-06-09T13:56:59,9500.0,6.7,B
2021-06-09T13:56:45,5000.0,6.7,B
2021-06-09T13:56:45,2000.0,6.7,B
2021-06-09T13:56:44,200.0,6.7,B
2021-06-09T13:56:41,600.0,6.7,B
2021-06-09T13:56:38,100.0,6.7,B
2021-06-09T13:56:32,1500.0,6.7,B
2021-06-09T13:56:30,200.0,6.7,B
2021-06-09T13:56:23,100.0,6.7,B
2021-06-09T13:56:22,400.0,6.7,B
2021-06-09T13:56:21,2000.0,6.7,B
2021-06-09T13:56:16,5000.0,6.7,B
2021-06-09T13:56:13,500.0,6.7,B
2021-06-09T13:56:06,600.0,6.7,B
2021-06-09T13:55:58,7400.0,6.7,B
2021-06-09T13:55:58,1000.0,6.7,B
2021-06-09T13:55:49,1000.0,6.7,B
2021-06-09T13:55:44,40000.0,6.7,B
2021-06-09T13:55:41,100.0,6.69,S
2021-06-09T13:55:40,500.0,6.69,S
2021-06-09T13:55:39,9500.0,6.7,B
2021-06-09T13:55:38,2000.0,6.7,B
2021-06-09T13:55:31,200.0,6.7,B
2021-06-09T13:55:05,3200.0,6.7,B
2021-06-09T13:54:55,100.0,6.69,S
2021-06-09T13:54:46,100.0,6.69,B
2021-06-09T13:54:45,200.0,6.69,B
2021-06-09T13:54:34,3000.0,6.69,B
2021-06-09T13:54:34,4000.0,6.69,B
2021-06-09T13:54:28,1500.0,6.69,B
2021-06-09T13:54:26,2100.0,6.69,B
2021-06-09T13:54:21,10000.0,6.69,B
2021-06-09T13:54:16,400.0,6.69,B
2021-06-09T13:54:13,1000.0,6.69,B
2021-06-09T13:53:59,100.0,6.69,B
2021-06-09T13:53:54,5000.0,6.69,B
2021-06-09T13:53:50,100.0,6.68,S
2021-06-09T13:53:44,2800.0,6.68,S
2021-06-09T13:53:44,1200.0,6.68,S
2021-06-09T13:53:44,4300.0,6.68,S
2021-06-09T13:53:42,400.0,6.69,B
2021-06-09T13:53:24,100.0,6.69,S
2021-06-09T13:53:10,1800.0,6.69,S
2021-06-09T13:52:59,10000.0,6.68,S
2021-06-09T13:52:55,400.0,6.69,S
2021-06-09T13:52:54,3700.0,6.69,S
2021-06-09T13:52:50,1300.0,6.69,S
2021-06-09T13:52:50,500.0,6.69,S
2021-06-09T13:52:49,500.0,6.69,S
2021-06-09T13:52:48,800.0,6.69,S
2021-06-09T13:52:23,500.0,6.69,S
2021-06-09T13:52:21,1000.0,6.68,S
2021-06-09T13:52:20,500.0,6.69,S
2021-06-09T13:52:03,2500.0,6.69,B
2021-06-09T13:52:00,800.0,6.69,B
2021-06-09T13:52:00,1000.0,6.69,B
2021-06-09T13:51:59,2000.0,6.69,B
2021-06-09T13:51:34,200.0,6.69,B
2021-06-09T13:51:34,100.0,6.69,B
2021-06-09T13:51:27,200.0,6.69,B
2021-06-09T13:51:18,1500.0,6.69,B
2021-06-09T13:51:12,3100.0,6.69,B
2021-06-09T13:51:04,100.0,6.69,B
2021-06-09T13:50:58,1900.0,6.69,B
2021-06-09T13:50:45,1800.0,6.69,B
2021-06-09T13:50:43,3300.0,6.69,B
2021-06-09T13:50:40,2500.0,6.68,S
2021-06-09T13:50:38,800.0,6.69,B
2021-06-09T13:50:31,5100.0,6.69,B
2021-06-09T13:50:24,5100.0,6.69,B
2021-06-09T13:50:22,1100.0,6.69,B
2021-06-09T13:50:21,400.0,6.69,B
2021-06-09T13:50:20,100.0,6.69,B
2021-06-09T13:50:15,10000.0,6.69,B
2021-06-09T13:50:11,2000.0,6.69,B
2021-06-09T13:50:11,100.0,6.69,B
2021-06-09T13:49:54,500.0,6.7,B
2021-06-09T13:49:48,1200.0,6.7,B
2021-06-09T13:49:48,800.0,6.69,B
2021-06-09T13:49:43,100.0,6.69,B
2021-06-09T13:49:41,4000.0,6.69,B
2021-06-09T13:49:37,100.0,6.67,S
2021-06-09T13:49:24,100.0,6.69,B
2021-06-09T13:49:11,3500.0,6.7,B
2021-06-09T13:48:55,1000.0,6.7,B
2021-06-09T13:48:48,400.0,6.7,B
2021-06-09T13:48:39,2000.0,6.7,B
2021-06-09T13:48:33,200.0,6.7,B
2021-06-09T13:48:33,9600.0,6.7,B
2021-06-09T13:48:23,1100.0,6.67,S
2021-06-09T13:48:23,1900.0,6.67,S
2021-06-09T13:48:16,300.0,6.7,B
2021-06-09T13:48:14,500.0,6.7,B
2021-06-09T13:48:14,500.0,6.7,B
2021-06-09T13:48:13,10000.0,6.67,S
2021-06-09T13:48:09,100.0,6.69,S
2021-06-09T13:48:05,3000.0,6.7,B
2021-06-09T13:47:59,900.0,6.7,B
2021-06-09T13:47:52,600.0,6.7,B
2021-06-09T13:47:49,6300.0,6.7,B
2021-06-09T13:47:49,1500.0,6.7,B
2021-06-09T13:47:48,2200.0,6.7,B
2021-06-09T13:47:47,100.0,6.7,B
2021-06-09T13:47:35,1300.0,6.69,S
2021-06-09T13:47:31,200.0,6.69,S
2021-06-09T13:47:28,500.0,6.7,B
2021-06-09T13:47:25,800.0,6.7,B
2021-06-09T13:47:25,1200.0,6.7,B
2021-06-09T13:47:20,100.0,6.7,B
2021-06-09T13:47:18,2000.0,6.7,B
2021-06-09T13:47:11,400.0,6.7,B
2021-06-09T13:47:00,200.0,6.7,B
2021-06-09T13:46:57,200.0,6.69,S
2021-06-09T13:46:54,500.0,6.7,B
2021-06-09T13:46:52,4000.0,6.7,S
2021-06-09T13:46:45,400.0,6.7,S
2021-06-09T13:46:41,200.0,6.7,S
2021-06-09T13:46:21,2500.0,6.7,S
2021-06-09T13:46:11,2000.0,6.7,S
2021-06-09T13:46:05,100.0,6.7,S
2021-06-09T13:46:03,6400.0,6.7,S
2021-06-09T13:46:03,3600.0,6.7,S
2021-06-09T13:46:01,8000.0,6.7,S
2021-06-09T13:46:01,2000.0,6.7,S
2021-06-09T13:45:59,300.0,6.7,S
2021-06-09T13:45:43,500.0,6.7,S
2021-06-09T13:45:36,1200.0,6.7,S
2021-06-09T13:45:35,500.0,6.7,S
2021-06-09T13:45:29,100.0,6.7,B
2021-06-09T13:45:27,13400.0,6.7,B
2021-06-09T13:45:26,500.0,6.7,B
2021-06-09T13:45:24,100.0,6.7,B
2021-06-09T13:45:17,300.0,6.7,B
2021-06-09T13:45:14,200.0,6.7,B
2021-06-09T13:45:14,2400.0,6.65,S
2021-06-09T13:45:06,500.0,6.7,B
2021-06-09T13:45:02,1000.0,6.7,B
2021-06-09T13:44:53,1000.0,6.7,B
2021-06-09T13:44:46,4500.0,6.65,S
2021-06-09T13:44:46,6400.0,6.71,B
2021-06-09T13:44:46,1000.0,6.72,B
2021-06-09T13:44:46,3200.0,6.72,B
2021-06-09T13:44:46,1000.0,6.71,B
2021-06-09T13:44:46,8900.0,6.7,B
2021-06-09T13:44:24,5000.0,6.7,S
2021-06-09T13:44:22,900.0,6.7,S
2021-06-09T13:44:22,19400.0,6.7,S
2021-06-09T13:44:19,200.0,6.7,S
2021-06-09T13:44:16,5900.0,6.7,S
2021-06-09T13:44:08,5000.0,6.7,S
2021-06-09T13:44:06,1000.0,6.7,S
2021-06-09T13:44:03,100.0,6.7,S
2021-06-09T13:44:01,300.0,6.7,S
2021-06-09T13:43:48,500.0,6.7,S
2021-06-09T13:43:43,3800.0,6.7,S
2021-06-09T13:43:37,4700.0,6.71,S
2021-06-09T13:43:34,300.0,6.71,S
2021-06-09T13:43:27,5100.0,6.65,S
2021-06-09T13:43:26,2000.0,6.7,S
2021-06-09T13:43:21,400.0,6.72,B
2021-06-09T13:43:19,200.0,6.72,B
2021-06-09T13:43:13,1700.0,6.65,S
2021-06-09T13:43:13,3600.0,6.65,S
2021-06-09T13:43:13,10600.0,6.67,S
2021-06-09T13:43:13,12000.0,6.68,S
2021-06-09T13:43:13,6400.0,6.68,S
2021-06-09T13:43:13,4600.0,6.68,S
2021-06-09T13:43:13,10600.0,6.69,S
2021-06-09T13:43:13,1600.0,6.69,S
2021-06-09T13:43:13,1600.0,6.69,S
2021-06-09T13:43:13,200.0,6.7,S
2021-06-09T13:43:13,1200.0,6.7,S
2021-06-09T13:43:13,1700.0,6.7,S
2021-06-09T13:43:13,14300.0,6.7,S
2021-06-09T13:43:13,2200.0,6.7,S
2021-06-09T13:43:13,27200.0,6.7,S
2021-06-09T13:43:13,500.0,6.7,S
2021-06-09T13:43:09,10000.0,6.7,S
2021-06-09T13:43:09,26300.0,6.73,B
2021-06-09T13:43:09,16700.0,6.73,B
2021-06-09T13:43:09,5000.0,6.72,B
2021-06-09T13:43:07,2000.0,6.71,B
2021-06-09T13:43:00,1000.0,6.71,B
2021-06-09T13:42:45,500.0,6.7,S
2021-06-09T13:42:45,200.0,6.7,S
2021-06-09T13:42:45,1700.0,6.7,S
2021-06-09T13:42:44,4300.0,6.7,S
2021-06-09T13:42:43,100.0,6.72,B
2021-06-09T13:42:43,7600.0,6.7,S
2021-06-09T13:42:43,100.0,6.7,S
2021-06-09T13:42:43,3900.0,6.7,S
2021-06-09T13:42:43,2400.0,6.7,S
2021-06-09T13:42:43,3600.0,6.7,S
2021-06-09T13:42:43,1000.0,6.7,S
2021-06-09T13:42:43,3200.0,6.7,S
2021-06-09T13:42:43,1000.0,6.72,B
2021-06-09T13:42:42,27200.0,6.72,B
2021-06-09T13:42:36,7400.0,6.71,B
2021-06-09T13:42:35,400.0,6.7,S
2021-06-09T13:42:18,500.0,6.71,B
2021-06-09T13:42:07,200.0,6.71,S
2021-06-09T13:42:04,5800.0,6.71,S
2021-06-09T13:42:03,400.0,6.72,B
2021-06-09T13:41:58,12000.0,6.71,S
2021-06-09T13:41:55,3900.0,6.71,S
2021-06-09T13:41:52,2500.0,6.72,B
2021-06-09T13:41:49,200.0,6.72,B
2021-06-09T13:41:39,500.0,6.72,B
2021-06-09T13:41:36,4000.0,6.72,B
2021-06-09T13:41:29,700.0,6.72,B
2021-06-09T13:41:27,100.0,6.72,B
2021-06-09T13:41:11,300.0,6.72,S
2021-06-09T13:41:08,1000.0,6.71,S
2021-06-09T13:41:04,500.0,6.72,S
2021-06-09T13:41:02,500.0,6.72,S
2021-06-09T13:40:56,6000.0,6.72,S
2021-06-09T13:40:54,4000.0,6.71,S
2021-06-09T13:40:51,200.0,6.72,S
2021-06-09T13:40:47,4100.0,6.72,S
2021-06-09T13:40:44,1000.0,6.72,S
2021-06-09T13:40:42,100.0,6.73,B
2021-06-09T13:40:37,100.0,6.73,B
2021-06-09T13:40:33,30800.0,6.71,S
2021-06-09T13:40:33,12700.0,6.72,S
2021-06-09T13:40:31,20000.0,6.72,S
2021-06-09T13:40:23,500.0,6.73,B
2021-06-09T13:40:17,100.0,6.73,B
2021-06-09T13:40:15,3000.0,6.73,B
2021-06-09T13:40:14,5000.0,6.72,S
2021-06-09T13:40:02,4000.0,6.73,B
2021-06-09T13:39:52,2000.0,6.73,B
2021-06-09T13:39:42,1000.0,6.73,B
2021-06-09T13:39:38,700.0,6.73,S
2021-06-09T13:39:37,200.0,6.73,S
2021-06-09T13:39:35,400.0,6.73,S
2021-06-09T13:39:32,1000.0,6.73,S
2021-06-09T13:39:27,500.0,6.72,S
2021-06-09T13:39:22,1000.0,6.73,S
2021-06-09T13:39:17,500.0,6.73,S
2021-06-09T13:39:17,2500.0,6.73,S
2021-06-09T13:39:06,200.0,6.73,S
2021-06-09T13:39:06,2000.0,6.73,S
2021-06-09T13:38:59,4300.0,6.73,S
2021-06-09T13:38:55,100.0,6.73,S
2021-06-09T13:38:45,100.0,6.73,S
2021-06-09T13:38:45,1800.0,6.73,S
2021-06-09T13:38:45,8100.0,6.73,S
2021-06-09T13:38:44,200.0,6.74,B
2021-06-09T13:38:41,1000.0,6.73,S
2021-06-09T13:38:41,100.0,6.74,B
2021-06-09T13:38:41,1000.0,6.73,S
2021-06-09T13:38:39,3000.0,6.73,S
2021-06-09T13:38:37,1000.0,6.73,S
2021-06-09T13:38:36,1000.0,6.73,S
2021-06-09T13:38:32,700.0,6.74,B
2021-06-09T13:38:28,1000.0,6.73,S
2021-06-09T13:38:23,55500.0,6.73,S
2021-06-09T13:38:23,1200.0,6.73,S
2021-06-09T13:38:22,1000.0,6.74,B
2021-06-09T13:38:18,1000.0,6.73,S
2021-06-09T13:38:13,1000.0,6.74,B
2021-06-09T13:38:11,1000.0,6.73,S
2021-06-09T13:38:09,200.0,6.73,S
2021-06-09T13:38:02,400.0,6.74,B
2021-06-09T13:38:00,500.0,6.74,B
2021-06-09T13:37:54,1000.0,6.74,S
2021-06-09T13:37:48,1000.0,6.74,S
2021-06-09T13:37:47,5000.0,6.74,S
2021-06-09T13:37:30,600.0,6.74,S
2021-06-09T13:37:30,1000.0,6.74,S
2021-06-09T13:37:27,7800.0,6.73,S
2021-06-09T13:37:27,1500.0,6.74,S
2021-06-09T13:37:27,10700.0,6.74,S
2021-06-09T13:37:19,10000.0,6.74,S
2021-06-09T13:37:17,3000.0,6.74,S
2021-06-09T13:37:14,100.0,6.74,S
2021-06-09T13:37:12,1000.0,6.75,B
2021-06-09T13:37:10,100.0,6.75,B
2021-06-09T13:37:08,1000.0,6.74,S
2021-06-09T13:37:01,700.0,6.74,S
2021-06-09T13:36:53,300.0,6.74,S
2021-06-09T13:36:50,1000.0,6.74,S
2021-06-09T13:36:44,2000.0,6.75,B
2021-06-09T13:36:43,100.0,6.74,S
2021-06-09T13:36:36,500.0,6.74,S
2021-06-09T13:36:32,500.0,6.74,S
2021-06-09T13:36:27,5000.0,6.75,B
2021-06-09T13:36:18,500.0,6.74,B
2021-06-09T13:36:14,3300.0,6.74,B
2021-06-09T13:36:10,1000.0,6.74,B
2021-06-09T13:36:08,1000.0,6.74,B
2021-06-09T13:36:08,500.0,6.74,B
2021-06-09T13:36:03,6500.0,6.74,B
2021-06-09T13:35:55,3000.0,6.73,B
2021-06-09T13:35:50,1000.0,6.74,B
2021-06-09T13:35:48,1000.0,6.73,B
2021-06-09T13:35:38,100.0,6.74,B
2021-06-09T13:35:35,5000.0,6.74,B
2021-06-09T13:35:32,2000.0,6.74,B
2021-06-09T13:35:20,4000.0,6.74,B
2021-06-09T13:35:11,3400.0,6.74,B
2021-06-09T13:34:57,4300.0,6.74,B
2021-06-09T13:34:47,100000.0,6.74,B
2021-06-09T13:34:44,1000.0,6.74,B
2021-06-09T13:34:44,13400.0,6.73,B
2021-06-09T13:34:37,10000.0,6.73,B
2021-06-09T13:34:33,2000.0,6.73,B
2021-06-09T13:34:33,800.0,6.73,B
2021-06-09T13:34:30,100.0,6.73,B
2021-06-09T13:34:27,500.0,6.73,B
2021-06-09T13:34:21,30200.0,6.73,B
2021-06-09T13:34:21,1000.0,6.73,B
2021-06-09T13:34:20,57100.0,6.73,B
2021-06-09T13:34:17,1000.0,6.73,B
2021-06-09T13:34:16,100.0,6.73,B
2021-06-09T13:34:15,2600.0,6.72,S
2021-06-09T13:34:11,200.0,6.73,B
2021-06-09T13:34:08,8800.0,6.73,B
2021-06-09T13:33:54,100.0,6.73,B
2021-06-09T13:33:36,500.0,6.73,B
2021-06-09T13:33:35,400.0,6.72,S
2021-06-09T13:33:35,1600.0,6.72,S
2021-06-09T13:33:30,100.0,6.73,B
2021-06-09T13:33:29,1100.0,6.73,B
2021-06-09T13:33:28,2000.0,6.72,S
2021-06-09T13:33:24,400.0,6.73,B
2021-06-09T13:33:21,800.0,6.72,S
2021-06-09T13:33:20,400.0,6.73,B
2021-06-09T13:33:14,3000.0,6.73,B
2021-06-09T13:33:13,1000.0,6.73,B
2021-06-09T13:33:12,100.0,6.73,B
2021-06-09T13:33:09,1000.0,6.73,B
2021-06-09T13:32:51,1000.0,6.73,B
2021-06-09T13:32:47,1500.0,6.73,B
2021-06-09T13:32:46,500.0,6.73,B
2021-06-09T13:32:45,1200.0,6.73,B
2021-06-09T13:32:34,300.0,6.73,B
2021-06-09T13:32:32,10000.0,6.73,B
2021-06-09T13:32:30,200.0,6.72,S
2021-06-09T13:32:25,2000.0,6.73,B
2021-06-09T13:32:19,800.0,6.73,B
2021-06-09T13:32:17,5500.0,6.73,B
2021-06-09T13:32:17,300.0,6.73,B
2021-06-09T13:32:13,2100.0,6.73,B
2021-06-09T13:32:12,5000.0,6.73,B
2021-06-09T13:31:56,300.0,6.73,B
2021-06-09T13:31:53,500.0,6.73,B
2021-06-09T13:31:51,2000.0,6.73,B
2021-06-09T13:31:50,1000.0,6.73,B
2021-06-09T13:31:48,37200.0,6.72,S
2021-06-09T13:31:40,500.0,6.73,B
2021-06-09T13:31:32,500.0,6.72,S
2021-06-09T13:31:20,1000.0,6.73,B
2021-06-09T13:31:19,100.0,6.72,S
2021-06-09T13:30:59,400.0,6.73,B
2021-06-09T13:30:57,5000.0,6.72,S
2021-06-09T13:30:52,2000.0,6.73,B
2021-06-09T13:30:49,1000.0,6.72,S
2021-06-09T13:30:26,100.0,6.72,B
2021-06-09T13:30:26,1200.0,6.72,B
2021-06-09T13:30:26,10100.0,6.72,B
2021-06-09T13:30:26,200.0,6.72,B
2021-06-09T13:30:24,400.0,6.71,S
2021-06-09T13:30:24,1600.0,6.71,S
2021-06-09T13:29:59,5000.0,6.72,B
2021-06-09T13:29:59,3000.0,6.72,B
2021-06-09T13:29:57,1300.0,6.71,S
2021-06-09T13:29:53,2800.0,6.71,S
2021-06-09T13:29:53,7200.0,6.71,S
2021-06-09T13:29:51,1000.0,6.72,B
2021-06-09T13:29:49,2000.0,6.71,S
2021-06-09T13:29:48,300.0,6.72,B
2021-06-09T13:29:32,12900.0,6.71,S
2021-06-09T13:29:28,40000.0,6.72,B
2021-06-09T13:29:26,100.0,6.71,S
2021-06-09T13:29:26,6000.0,6.71,S
2021-06-09T13:29:21,4600.0,6.71,S
2021-06-09T13:29:05,500.0,6.72,B
2021-06-09T13:29:00,9600.0,6.72,B
2021-06-09T13:28:44,500.0,6.71,S
2021-06-09T13:28:41,1000.0,6.72,B
2021-06-09T13:28:39,200.0,6.72,B
2021-06-09T13:28:38,300.0,6.71,S
2021-06-09T13:28:30,7200.0,6.7,S
2021-06-09T13:28:30,2300.0,6.71,S
2021-06-09T13:28:30,10500.0,6.71,S
2021-06-09T13:28:30,100.0,6.71,S
2021-06-09T13:28:19,2000.0,6.71,S
2021-06-09T13:28:17,500.0,6.72,B
2021-06-09T13:28:14,500.0,6.71,S
2021-06-09T13:28:11,100.0,6.72,B
2021-06-09T13:28:06,7200.0,6.71,S
2021-06-09T13:28:01,200.0,6.71,S
2021-06-09T13:27:58,1000.0,6.71,S
2021-06-09T13:27:56,5900.0,6.7,S
2021-06-09T13:27:33,2000.0,6.71,S
2021-06-09T13:27:23,100.0,6.71,S
2021-06-09T13:27:22,400.0,6.71,S
2021-06-09T13:27:13,500.0,6.71,S
2021-06-09T13:27:12,1000.0,6.72,B
2021-06-09T13:27:10,1500.0,6.71,S
2021-06-09T13:27:07,800.0,6.71,S
2021-06-09T13:27:05,100.0,6.71,S
2021-06-09T13:26:54,14100.0,6.72,B
2021-06-09T13:26:51,2500.0,6.7,S
2021-06-09T13:26:49,200.0,6.71,S
2021-06-09T13:26:45,10000.0,6.72,B
2021-06-09T13:26:43,100.0,6.72,B
2021-06-09T13:26:40,44500.0,6.7,S
2021-06-09T13:26:40,5500.0,6.7,S
2021-06-09T13:26:36,900.0,6.71,S
2021-06-09T13:26:27,3000.0,6.72,S
2021-06-09T13:26:26,100.0,6.72,S
2021-06-09T13:26:21,2000.0,6.72,S
2021-06-09T13:26:21,18000.0,6.72,S
2021-06-09T13:26:19,1000.0,6.72,S
2021-06-09T13:26:13,5000.0,6.72,S
2021-06-09T13:26:12,1000.0,6.72,S
2021-06-09T13:26:01,800.0,6.72,S
2021-06-09T13:26:01,2000.0,6.72,S
2021-06-09T13:26:01,1200.0,6.72,S
2021-06-09T13:25:54,5000.0,6.72,S
2021-06-09T13:25:51,1000.0,6.72,S
2021-06-09T13:25:50,100.0,6.72,S
2021-06-09T13:25:46,400.0,6.72,S
2021-06-09T13:25:44,3000.0,6.72,S
2021-06-09T13:25:36,400.0,6.72,S
2021-06-09T13:25:17,1000.0,6.72,S
2021-06-09T13:25:12,200.0,6.71,S
2021-06-09T13:25:09,600.0,6.75,B
2021-06-09T13:25:08,3900.0,6.7,S
2021-06-09T13:25:08,1200.0,6.7,S
2021-06-09T13:25:08,400.0,6.7,S
2021-06-09T13:25:08,1600.0,6.7,S
2021-06-09T13:25:08,8000.0,6.71,S
2021-06-09T13:25:07,1700.0,6.71,S
2021-06-09T13:25:07,11900.0,6.71,S
2021-06-09T13:25:07,11500.0,6.71,S
2021-06-09T13:25:07,500.0,6.72,S
2021-06-09T13:25:07,1600.0,6.72,S
2021-06-09T13:25:07,1900.0,6.72,S
2021-06-09T13:25:07,55800.0,6.72,S
2021-06-09T13:25:02,10000.0,6.75,B
2021-06-09T13:25:00,2500.0,6.74,B
2021-06-09T13:25:00,1800.0,6.74,B
2021-06-09T13:24:58,1100.0,6.74,B
2021-06-09T13:24:53,2000.0,6.74,B
2021-06-09T13:24:50,100.0,6.74,B
2021-06-09T13:24:49,1800.0,6.72,B
2021-06-09T13:24:42,200.0,6.72,B
2021-06-09T13:24:42,400.0,6.74,B
2021-06-09T13:24:38,5000.0,6.74,B
2021-06-09T13:24:30,200.0,6.74,B
2021-06-09T13:24:29,2700.0,6.74,B
2021-06-09T13:24:23,300.0,6.74,B
2021-06-09T13:24:18,3300.0,6.72,B
2021-06-09T13:24:18,1700.0,6.72,B
2021-06-09T13:24:11,100.0,6.73,B
2021-06-09T13:24:01,200.0,6.72,B
2021-06-09T13:23:52,600.0,6.72,B
2021-06-09T13:23:52,500.0,6.72,B
2021-06-09T13:23:41,1000.0,6.72,B
2021-06-09T13:23:32,900.0,6.72,B
2021-06-09T13:23:31,4000.0,6.71,S
2021-06-09T13:23:21,200.0,6.72,B
2021-06-09T13:23:21,800.0,6.72,B
2021-06-09T13:23:09,5000.0,6.71,B
2021-06-09T13:23:07,500.0,6.72,B
2021-06-09T13:23:07,100.0,6.71,B
2021-06-09T13:22:59,1000.0,6.71,B
2021-06-09T13:22:55,100.0,6.71,B
2021-06-09T13:22:42,100.0,6.71,B
2021-06-09T13:22:26,100.0,6.7,S
2021-06-09T13:22:25,5000.0,6.7,S
2021-06-09T13:22:23,300.0,6.71,B
2021-06-09T13:22:20,100.0,6.7,S
2021-06-09T13:22:17,1000.0,6.71,B
2021-06-09T13:22:11,1000.0,6.7,S
2021-06-09T13:22:10,500.0,6.7,S
2021-06-09T13:22:07,5000.0,6.7,S
2021-06-09T13:22:02,2000.0,6.7,B
2021-06-09T13:22:01,100.0,6.7,B
2021-06-09T13:21:59,300.0,6.7,B
2021-06-09T13:21:52,10000.0,6.7,B
2021-06-09T13:21:49,1000.0,6.7,B
2021-06-09T13:21:38,2000.0,6.7,B
2021-06-09T13:21:28,300.0,6.7,B
2021-06-09T13:21:24,3000.0,6.7,B
2021-06-09T13:21:07,300.0,6.7,B
2021-06-09T13:21:07,23900.0,6.7,B
2021-06-09T13:21:07,3500.0,6.7,B
2021-06-09T13:21:07,6400.0,6.7,B
2021-06-09T13:21:07,3100.0,6.7,B
2021-06-09T13:21:07,23200.0,6.7,B
2021-06-09T13:21:06,13300.0,6.7,B
2021-06-09T13:21:03,3000.0,6.7,B
2021-06-09T13:20:58,3000.0,6.7,B
2021-06-09T13:20:56,2000.0,6.7,B
2021-06-09T13:20:55,2000.0,6.7,B
2021-06-09T13:20:50,500.0,6.7,B
2021-06-09T13:20:48,5000.0,6.7,B
2021-06-09T13:20:43,3000.0,6.7,B
2021-06-09T13:20:40,300.0,6.7,B
2021-06-09T13:20:32,3900.0,6.7,B
2021-06-09T13:20:23,10000.0,6.7,B
2021-06-09T13:20:20,14400.0,6.7,B
2021-06-09T13:20:20,500.0,6.7,B
2021-06-09T13:20:19,500.0,6.7,B
2021-06-09T13:20:09,1000.0,6.7,B
2021-06-09T13:20:09,1700.0,6.7,B
2021-06-09T13:20:09,1500.0,6.7,B
2021-06-09T13:20:09,800.0,6.7,B
2021-06-09T13:20:06,5000.0,6.7,B
2021-06-09T13:20:03,200.0,6.69,S
2021-06-09T13:19:55,100.0,6.7,B
2021-06-09T13:19:54,200.0,6.7,B
2021-06-09T13:19:41,200.0,6.69,S
2021-06-09T13:19:40,2600.0,6.7,B
2021-06-09T13:19:32,3300.0,6.7,B
2021-06-09T13:19:32,6700.0,6.7,B
2021-06-09T13:19:28,100.0,6.7,B
2021-06-09T13:19:27,100.0,6.7,B
2021-06-09T13:19:10,300.0,6.7,B
2021-06-09T13:19:07,100.0,6.69,S
2021-06-09T13:19:06,100.0,6.69,S
2021-06-09T13:19:03,9900.0,6.7,B
2021-06-09T13:18:55,100.0,6.68,S
2021-06-09T13:18:53,9000.0,6.7,B
2021-06-09T13:18:53,1500.0,6.7,B
2021-06-09T13:18:45,200.0,6.7,B
2021-06-09T13:18:43,10000.0,6.7,B
2021-06-09T13:18:37,400.0,6.69,S
2021-06-09T13:18:37,1000.0,6.69,S
2021-06-09T13:18:30,500.0,6.69,B
2021-06-09T13:18:30,1200.0,6.7,B
2021-06-09T13:18:27,100.0,6.7,B
2021-06-09T13:18:23,1000.0,6.7,B
2021-06-09T13:18:14,1000.0,6.7,B
2021-06-09T13:18:03,2300.0,6.7,B
2021-06-09T13:18:03,12500.0,6.7,B
2021-06-09T13:17:49,14500.0,6.69,B
2021-06-09T13:17:48,2700.0,6.69,B
2021-06-09T13:17:44,100.0,6.69,B
2021-06-09T13:17:29,1000.0,6.69,B
2021-06-09T13:17:21,4600.0,6.65,S
2021-06-09T13:17:14,5000.0,6.69,B
2021-06-09T13:17:08,2000.0,6.68,B
2021-06-09T13:17:04,100.0,6.68,B
2021-06-09T13:16:46,100.0,6.68,B
2021-06-09T13:16:40,100.0,6.68,B
2021-06-09T13:16:38,7800.0,6.65,B
2021-06-09T13:16:38,200.0,6.65,B
2021-06-09T13:16:38,200.0,6.65,B
2021-06-09T13:16:21,1000.0,6.65,B
2021-06-09T13:16:12,2400.0,6.68,B
2021-06-09T13:16:12,900.0,6.67,B
2021-06-09T13:16:12,6700.0,6.66,B
2021-06-09T13:16:09,1000.0,6.65,B
2021-06-09T13:16:08,3000.0,6.65,B
2021-06-09T13:16:05,2800.0,6.65,B
2021-06-09T13:16:05,27200.0,6.65,B
2021-06-09T13:16:02,3000.0,6.65,B
2021-06-09T13:16:02,800.0,6.65,B
2021-06-09T13:16:00,3300.0,6.65,B
2021-06-09T13:16:00,6700.0,6.65,B
2021-06-09T13:15:58,1000.0,6.65,B
2021-06-09T13:15:50,30000.0,6.65,B
2021-06-09T13:15:37,3100.0,6.65,B
2021-06-09T13:15:36,30000.0,6.65,B
2021-06-09T13:15:36,1000.0,6.65,B
2021-06-09T13:15:33,1000.0,6.65,B
2021-06-09T13:15:32,5000.0,6.65,B
2021-06-09T13:15:27,500.0,6.64,S
2021-06-09T13:15:23,2000.0,6.65,B
2021-06-09T13:15:10,2600.0,6.65,B
2021-06-09T13:15:10,2000.0,6.65,B
2021-06-09T13:15:10,25400.0,6.65,B
2021-06-09T13:15:10,3000.0,6.64,S
2021-06-09T13:15:06,5000.0,6.65,B
2021-06-09T13:15:01,2000.0,6.64,S
2021-06-09T13:14:53,30800.0,6.65,B
2021-06-09T13:14:36,6000.0,6.64,B
2021-06-09T13:14:35,1100.0,6.64,B
2021-06-09T13:14:35,5000.0,6.64,B
2021-06-09T13:14:33,3000.0,6.64,B
2021-06-09T13:14:33,3000.0,6.64,B
2021-06-09T13:14:33,5000.0,6.64,B
2021-06-09T13:14:27,200.0,6.64,B
2021-06-09T13:14:26,800.0,6.64,B
2021-06-09T13:14:24,1000.0,6.64,B
2021-06-09T13:14:20,5000.0,6.64,B
2021-06-09T13:14:15,3000.0,6.64,B
2021-06-09T13:14:12,4000.0,6.64,B
2021-06-09T13:14:08,200.0,6.64,B
2021-06-09T13:14:08,100.0,6.64,B
2021-06-09T13:14:07,5000.0,6.64,B
2021-06-09T13:14:00,1000.0,6.63,S
2021-06-09T13:13:51,10000.0,6.64,B
2021-06-09T13:13:49,800.0,6.64,B
2021-06-09T13:13:43,10000.0,6.64,B
2021-06-09T13:13:40,900.0,6.64,B
2021-06-09T13:13:38,5000.0,6.64,B
2021-06-09T13:13:36,10000.0,6.64,B
2021-06-09T13:13:34,4000.0,6.64,B
2021-06-09T13:13:34,100.0,6.64,B
2021-06-09T13:13:26,100.0,6.63,S
2021-06-09T13:13:23,10000.0,6.63,S
2021-06-09T13:13:18,2500.0,6.64,B
2021-06-09T13:13:17,1000.0,6.64,B
2021-06-09T13:13:13,500.0,6.63,S
2021-06-09T13:13:08,100.0,6.64,B
2021-06-09T13:13:05,4000.0,6.64,B
2021-06-09T13:13:03,1000.0,6.64,B
2021-06-09T13:12:47,500.0,6.64,B
2021-06-09T13:12:46,10000.0,6.64,B
2021-06-09T13:12:45,500.0,6.64,B
2021-06-09T13:12:44,100.0,6.64,B
2021-06-09T13:12:30,1000.0,6.63,B
2021-06-09T13:12:28,300.0,6.64,B
2021-06-09T13:12:26,600.0,6.64,B
2021-06-09T13:12:26,4400.0,6.64,B
2021-06-09T13:12:24,20000.0,6.64,B
2021-06-09T13:12:19,800.0,6.63,B
2021-06-09T13:12:01,4400.0,6.63,B
2021-06-09T13:12:00,4300.0,6.63,B
2021-06-09T13:11:45,8900.0,6.63,B
2021-06-09T13:11:36,700.0,6.63,B
2021-06-09T13:11:27,1800.0,6.63,B
2021-06-09T13:11:24,100.0,6.62,S
2021-06-09T13:11:08,2600.0,6.63,B
2021-06-09T13:11:03,1000.0,6.63,B
2021-06-09T13:10:56,300.0,6.62,S
2021-06-09T13:10:51,31900.0,6.63,B
2021-06-09T13:10:51,25600.0,6.63,B
2021-06-09T13:10:45,1000.0,6.63,B
2021-06-09T13:10:44,100.0,6.63,B
2021-06-09T13:10:40,1200.0,6.63,B
2021-06-09T13:10:31,6000.0,6.63,B
2021-06-09T13:10:20,200.0,6.63,B
2021-06-09T13:09:39,100.0,6.62,B
2021-06-09T13:09:37,600.0,6.62,B
2021-06-09T13:09:34,20000.0,6.63,B
2021-06-09T13:09:25,100.0,6.62,B
2021-06-09T13:09:25,6100.0,6.62,B
2021-06-09T13:09:24,100.0,6.62,B
2021-06-09T13:09:19,5000.0,6.61,S
2021-06-09T13:09:18,500.0,6.62,B
2021-06-09T13:09:02,1500.0,6.62,B
2021-06-09T13:09:01,20000.0,6.62,B
2021-06-09T13:08:59,5000.0,6.61,S
2021-06-09T13:08:51,10000.0,6.62,B
2021-06-09T13:08:42,900.0,6.62,B
2021-06-09T13:08:31,1000.0,6.62,B
2021-06-09T13:08:25,2800.0,6.61,S
2021-06-09T13:08:25,8600.0,6.61,S
2021-06-09T13:08:19,400.0,6.61,S
2021-06-09T13:08:19,1600.0,6.61,S
2021-06-09T13:08:14,500.0,6.62,B
2021-06-09T13:08:12,2000.0,6.62,B
2021-06-09T13:08:12,5000.0,6.62,B
2021-06-09T13:08:11,1500.0,6.62,B
2021-06-09T13:08:11,2000.0,6.62,B
2021-06-09T13:08:05,400.0,6.62,B
2021-06-09T13:08:04,1500.0,6.61,S
2021-06-09T13:07:49,1000.0,6.62,B
2021-06-09T13:07:43,1000.0,6.62,B
2021-06-09T13:07:38,800.0,6.62,B
2021-06-09T13:07:37,20000.0,6.62,B
2021-06-09T13:07:34,100.0,6.61,B
2021-06-09T13:07:27,2500.0,6.6,S
2021-06-09T13:07:27,100.0,6.61,B
2021-06-09T13:07:27,1000.0,6.61,B
2021-06-09T13:07:16,3300.0,6.61,B
2021-06-09T13:07:12,4000.0,6.61,B
2021-06-09T13:07:08,100.0,6.61,B
2021-06-09T13:07:00,1000.0,6.61,B
2021-06-09T13:06:56,1000.0,6.61,B
2021-06-09T13:06:55,500.0,6.6,S
2021-06-09T13:06:28,2000.0,6.61,B
2021-06-09T13:06:24,300.0,6.61,B
2021-06-09T13:06:14,4500.0,6.61,B
2021-06-09T13:06:11,100.0,6.61,B
2021-06-09T13:06:10,4000.0,6.61,B
2021-06-09T13:05:59,5000.0,6.61,B
2021-06-09T13:05:45,5000.0,6.61,B
2021-06-09T13:05:40,200.0,6.61,B
2021-06-09T13:05:34,4400.0,6.6,B
2021-06-09T13:05:34,2300.0,6.6,B
2021-06-09T13:05:34,200.0,6.6,B
2021-06-09T13:05:34,31000.0,6.6,B
2021-06-09T13:05:33,28200.0,6.6,B
2021-06-09T13:05:33,20000.0,6.6,B
2021-06-09T13:05:32,200.0,6.6,B
2021-06-09T13:05:17,6500.0,6.6,B
2021-06-09T13:05:16,1200.0,6.59,S
2021-06-09T13:05:16,7300.0,6.59,S
2021-06-09T13:05:14,46300.0,6.6,B
2021-06-09T13:05:14,3700.0,6.6,B
2021-06-09T13:05:10,300.0,6.6,B
2021-06-09T13:05:10,2200.0,6.6,B
2021-06-09T13:05:08,3000.0,6.59,S
2021-06-09T13:05:07,200.0,6.6,B
2021-06-09T13:05:05,200.0,6.6,B
2021-06-09T13:05:05,7700.0,6.6,B
2021-06-09T13:05:02,300.0,6.6,B
2021-06-09T13:05:00,10000.0,6.6,B
2021-06-09T13:04:56,5900.0,6.6,B
2021-06-09T13:04:54,500.0,6.6,B
2021-06-09T13:04:52,5000.0,6.6,B
2021-06-09T13:04:48,100.0,6.6,B
2021-06-09T13:04:47,1000.0,6.6,B
2021-06-09T13:04:47,213000.0,6.6,B
2021-06-09T13:04:46,200.0,6.6,B
2021-06-09T13:04:25,67700.0,6.6,B
2021-06-09T13:04:15,5800.0,6.59,B
2021-06-09T13:04:15,2500.0,6.59,B
2021-06-09T13:04:15,400.0,6.59,B
2021-06-09T13:04:14,2100.0,6.59,B
2021-06-09T13:04:14,11800.0,6.59,B
2021-06-09T13:04:13,5400.0,6.59,B
2021-06-09T13:04:04,2000.0,6.59,B
2021-06-09T13:04:03,2000.0,6.59,B
2021-06-09T13:04:02,300.0,6.59,B
2021-06-09T13:03:55,16100.0,6.59,B
2021-06-09T13:03:55,100.0,6.59,B
2021-06-09T13:03:55,12700.0,6.59,B
2021-06-09T13:03:55,200.0,6.59,B
2021-06-09T13:03:52,2100.0,6.59,B
2021-06-09T13:03:49,1000.0,6.59,B
2021-06-09T13:03:44,2300.0,6.59,B
2021-06-09T13:03:42,900.0,6.59,B
2021-06-09T13:03:39,2000.0,6.59,B
2021-06-09T13:03:35,8000.0,6.59,B
2021-06-09T13:03:32,10000.0,6.59,B
2021-06-09T13:03:17,300.0,6.59,B
2021-06-09T13:03:09,400.0,6.59,B
2021-06-09T13:03:02,700.0,6.59,B
2021-06-09T13:03:02,2200.0,6.59,B
2021-06-09T13:02:55,800.0,6.59,B
2021-06-09T13:02:52,700.0,6.59,B
2021-06-09T13:02:49,1000.0,6.59,B
2021-06-09T13:02:46,100.0,6.59,B
2021-06-09T13:02:30,5000.0,6.58,B
2021-06-09T13:02:30,6900.0,6.58,B
2021-06-09T13:02:27,200.0,6.58,B
2021-06-09T13:02:17,5100.0,6.58,B
2021-06-09T13:02:15,2000.0,6.58,B
2021-06-09T13:02:15,700.0,6.57,S
2021-06-09T13:02:05,5000.0,6.58,B
2021-06-09T13:02:04,5700.0,6.58,B
2021-06-09T13:02:02,1300.0,6.58,B
2021-06-09T13:01:59,300.0,6.58,B
2021-06-09T13:01:57,600.0,6.58,B
2021-06-09T13:01:53,3000.0,6.58,B
2021-06-09T13:01:30,24200.0,6.58,B
2021-06-09T13:01:21,100.0,6.56,B
2021-06-09T13:01:21,1500.0,6.58,B
2021-06-09T13:01:19,300.0,6.56,B
2021-06-09T13:01:19,14700.0,6.56,B
2021-06-09T13:01:18,100.0,6.56,B
2021-06-09T13:01:15,100.0,6.58,B
2021-06-09T13:01:12,1800.0,6.56,B
2021-06-09T13:01:12,2300.0,6.56,B
2021-06-09T13:01:12,1100.0,6.56,B
2021-06-09T13:01:12,5700.0,6.56,B
2021-06-09T13:01:12,1000.0,6.56,B
2021-06-09T13:01:11,8100.0,6.56,B
2021-06-09T13:01:08,10000.0,6.56,B
2021-06-09T13:01:02,200.0,6.58,B
2021-06-09T13:00:45,300.0,6.56,B
2021-06-09T13:00:44,5000.0,6.56,B
2021-06-09T13:00:42,2000.0,6.58,B
2021-06-09T13:00:39,1500.0,6.57,B
2021-06-09T13:00:28,3000.0,6.57,B
2021-06-09T13:00:28,500.0,6.58,B
2021-06-09T13:00:28,24500.0,6.57,B
2021-06-09T13:00:28,4000.0,6.56,B
2021-06-09T13:00:28,2000.0,6.57,B
2021-06-09T13:00:26,100.0,6.57,B
2021-06-09T13:00:24,1000.0,6.56,B
2021-06-09T13:00:24,300.0,6.56,B
2021-06-09T13:00:22,400.0,6.56,B
2021-06-09T13:00:22,2600.0,6.56,B
2021-06-09T13:00:18,3000.0,6.56,B
2021-06-09T13:00:18,3400.0,6.57,B
2021-06-09T13:00:18,12000.0,6.57,B
2021-06-09T13:00:18,4600.0,6.57,B
2021-06-09T13:00:16,6000.0,6.57,B
2021-06-09T13:00:16,200.0,6.56,B
2021-06-09T13:00:16,200.0,6.57,B
2021-06-09T13:00:16,1000.0,6.57,B
2021-06-09T13:00:16,3500.0,6.56,B
2021-06-09T13:00:16,56800.0,6.56,B
2021-06-09T13:00:15,8400.0,6.56,B
2021-06-09T13:00:15,100.0,6.56,B
2021-06-09T13:00:15,600.0,6.56,B
2021-06-09T13:00:15,3600.0,6.56,B
2021-06-09T13:00:15,1000.0,6.56,B
2021-06-09T13:00:15,100.0,6.56,B
2021-06-09T13:00:15,100.0,6.56,B
2021-06-09T13:00:15,700.0,6.55,S
2021-06-09T13:00:15,1300.0,6.55,S
2021-06-09T13:00:15,1000.0,6.56,B
2021-06-09T13:00:15,100.0,6.56,B
2021-06-09T11:30:09,300.0,6.56,B
2021-06-09T11:30:09,10000.0,6.55,S
2021-06-09T11:30:05,2000.0,6.56,B
2021-06-09T11:30:00,800.0,6.56,B
2021-06-09T11:30:00,200.0,6.56,B
2021-06-09T11:29:45,200.0,6.56,B
2021-06-09T11:29:45,200.0,6.55,S
2021-06-09T11:29:44,200.0,6.56,B
2021-06-09T11:29:32,500.0,6.56,S
2021-06-09T11:29:29,8900.0,6.56,S
2021-06-09T11:29:26,7500.0,6.56,S
2021-06-09T11:29:26,2500.0,6.56,S
2021-06-09T11:29:19,20000.0,6.56,S
2021-06-09T11:29:14,1000.0,6.57,B
2021-06-09T11:29:05,43000.0,6.56,S
2021-06-09T11:28:58,42700.0,6.56,S
2021-06-09T11:28:58,200.0,6.56,S
2021-06-09T11:28:58,2900.0,6.56,S
2021-06-09T11:28:58,200.0,6.56,S
2021-06-09T11:28:58,4000.0,6.56,S
2021-06-09T11:28:43,1000.0,6.56,S
2021-06-09T11:28:40,1000.0,6.56,S
2021-06-09T11:28:29,2000.0,6.57,B
2021-06-09T11:28:24,300.0,6.57,B
2021-06-09T11:28:23,100.0,6.56,S
2021-06-09T11:28:13,2000.0,6.56,S
2021-06-09T11:28:11,5000.0,6.56,S
2021-06-09T11:28:02,500.0,6.57,B
2021-06-09T11:27:56,3500.0,6.57,B
2021-06-09T11:27:55,25000.0,6.56,S
2021-06-09T11:27:46,200.0,6.57,B
2021-06-09T11:27:42,9300.0,6.56,S
2021-06-09T11:27:42,100.0,6.56,S
2021-06-09T11:27:42,20600.0,6.56,S
2021-06-09T11:27:42,500.0,6.57,B
2021-06-09T11:27:41,4400.0,6.57,B
2021-06-09T11:27:17,100.0,6.57,B
2021-06-09T11:27:03,2000.0,6.57,B
2021-06-09T11:27:01,500.0,6.56,S
2021-06-09T11:26:59,1000.0,6.56,S
2021-06-09T11:26:59,500.0,6.57,B
2021-06-09T11:26:52,1000.0,6.56,S
2021-06-09T11:26:39,3000.0,6.56,S
2021-06-09T11:26:39,1300.0,6.56,S
2021-06-09T11:26:39,6000.0,6.56,S
2021-06-09T11:26:35,1000.0,6.57,B
2021-06-09T11:26:35,200.0,6.56,S
2021-06-09T11:26:32,3100.0,6.56,S
2021-06-09T11:26:23,10000.0,6.56,S
2021-06-09T11:26:20,500.0,6.57,B
2021-06-09T11:26:09,500.0,6.57,B
2021-06-09T11:26:07,30000.0,6.57,B
2021-06-09T11:26:07,700.0,6.56,S
2021-06-09T11:26:00,100.0,6.57,B
2021-06-09T11:25:54,100.0,6.57,B
2021-06-09T11:25:52,1400.0,6.56,S
2021-06-09T11:25:47,17000.0,6.56,S
2021-06-09T11:25:34,100.0,6.57,B
2021-06-09T11:25:25,50000.0,6.56,S
2021-06-09T11:25:14,5000.0,6.56,S
2021-06-09T11:25:14,500.0,6.56,S
2021-06-09T11:24:48,700.0,6.57,S
2021-06-09T11:24:45,5000.0,6.56,S
2021-06-09T11:24:45,100.0,6.57,S
2021-06-09T11:24:43,6500.0,6.57,S
2021-06-09T11:24:18,400.0,6.57,S
2021-06-09T11:24:16,40000.0,6.56,S
2021-06-09T11:24:10,11000.0,6.57,S
2021-06-09T11:24:09,10000.0,6.57,B
2021-06-09T11:24:09,23000.0,6.57,B
2021-06-09T11:24:04,4000.0,6.56,S
2021-06-09T11:23:59,2000.0,6.57,B
2021-06-09T11:23:59,2000.0,6.56,S
2021-06-09T11:23:56,2000.0,6.57,B
2021-06-09T11:23:48,1000.0,6.57,B
2021-06-09T11:23:38,6500.0,6.56,S
2021-06-09T11:23:37,2000.0,6.57,B
2021-06-09T11:23:27,10000.0,6.57,B
2021-06-09T11:23:25,20000.0,6.56,S
2021-06-09T11:23:22,10000.0,6.56,S
2021-06-09T11:23:14,400.0,6.56,S
2021-06-09T11:23:12,10000.0,6.56,S
2021-06-09T11:23:05,7100.0,6.56,S
2021-06-09T11:22:52,100.0,6.56,S
2021-06-09T11:22:46,19500.0,6.56,S
2021-06-09T11:22:41,2000.0,6.57,B
2021-06-09T11:22:38,2000.0,6.57,B
2021-06-09T11:22:37,10000.0,6.56,S
2021-06-09T11:22:24,1000.0,6.57,S
2021-06-09T11:22:22,1000.0,6.57,S
2021-06-09T11:22:20,10000.0,6.56,S
2021-06-09T11:22:11,1600.0,6.56,S
2021-06-09T11:22:11,18400.0,6.56,S
2021-06-09T11:22:05,600.0,6.58,B
2021-06-09T11:22:03,700.0,6.58,S
2021-06-09T11:21:56,10000.0,6.57,S
2021-06-09T11:21:44,3600.0,6.58,S
2021-06-09T11:21:35,3000.0,6.58,S
2021-06-09T11:21:33,500.0,6.58,S
2021-06-09T11:21:26,200.0,6.57,S
2021-06-09T11:21:19,100.0,6.58,S
2021-06-09T11:21:11,2000.0,6.58,S
2021-06-09T11:21:10,100000.0,6.57,S
2021-06-09T11:21:09,3900.0,6.58,S
2021-06-09T11:21:07,11700.0,6.58,S
2021-06-09T11:21:06,5000.0,6.58,S
2021-06-09T11:20:57,8600.0,6.58,S
2021-06-09T11:20:56,1100.0,6.59,B
2021-06-09T11:20:55,100.0,6.58,S
2021-06-09T11:20:52,1000.0,6.59,B
2021-06-09T11:20:51,1600.0,6.58,S
2021-06-09T11:20:44,4000.0,6.59,B
2021-06-09T11:20:39,100.0,6.59,B
2021-06-09T11:20:38,4800.0,6.58,S
2021-06-09T11:20:38,1400.0,6.58,S
2021-06-09T11:20:38,300.0,6.59,B
2021-06-09T11:20:38,200.0,6.58,S
2021-06-09T11:20:37,300.0,6.58,S
2021-06-09T11:20:34,5000.0,6.58,S
2021-06-09T11:20:15,100.0,6.59,B
2021-06-09T11:20:08,10000.0,6.58,S
2021-06-09T11:20:02,1000.0,6.59,B
2021-06-09T11:19:57,600.0,6.58,S
2021-06-09T11:19:57,30000.0,6.58,S
2021-06-09T11:19:52,30000.0,6.58,S
2021-06-09T11:19:46,200.0,6.59,B
2021-06-09T11:19:45,600.0,6.58,S
2021-06-09T11:19:38,5000.0,6.58,S
2021-06-09T11:19:34,300.0,6.58,S
2021-06-09T11:19:28,500.0,6.59,B
2021-06-09T11:19:25,20000.0,6.58,S
2021-06-09T11:19:25,500.0,6.58,S
2021-06-09T11:19:24,2000.0,6.58,S
2021-06-09T11:19:21,700.0,6.58,S
2021-06-09T11:19:09,1000.0,6.58,S
2021-06-09T11:19:06,1000.0,6.59,B
2021-06-09T11:19:06,1000.0,6.58,S
2021-06-09T11:18:54,30000.0,6.58,S
2021-06-09T11:18:52,5000.0,6.58,S
2021-06-09T11:18:51,10000.0,6.58,S
2021-06-09T11:18:50,2000.0,6.59,B
2021-06-09T11:18:44,300.0,6.58,S
2021-06-09T11:18:41,100.0,6.59,B
2021-06-09T11:18:37,5000.0,6.58,S
2021-06-09T11:18:26,42000.0,6.58,S
2021-06-09T11:18:26,7700.0,6.58,S
2021-06-09T11:18:25,2300.0,6.58,S
2021-06-09T11:18:15,39000.0,6.58,S
2021-06-09T11:18:12,4000.0,6.58,S
2021-06-09T11:18:07,1200.0,6.59,B
2021-06-09T11:18:05,10000.0,6.58,S
2021-06-09T11:18:02,5800.0,6.58,S
2021-06-09T11:18:02,19000.0,6.59,B
2021-06-09T11:17:58,1000.0,6.59,B
2021-06-09T11:17:56,100.0,6.59,B
2021-06-09T11:17:53,5000.0,6.59,B
2021-06-09T11:17:52,2000.0,6.59,B
2021-06-09T11:17:47,1200.0,6.59,B
2021-06-09T11:17:30,100.0,6.58,S
2021-06-09T11:17:24,1000.0,6.59,B
2021-06-09T11:17:21,5000.0,6.59,B
2021-06-09T11:17:19,2000.0,6.58,S
2021-06-09T11:17:17,16000.0,6.58,S
2021-06-09T11:17:17,600.0,6.59,B
2021-06-09T11:17:14,100.0,6.58,S
2021-06-09T11:16:55,1600.0,6.59,B
2021-06-09T11:16:54,100.0,6.59,B
2021-06-09T11:16:52,2000.0,6.58,S
2021-06-09T11:16:49,1300.0,6.59,B
2021-06-09T11:16:48,1000.0,6.59,B
2021-06-09T11:16:24,400.0,6.59,S
2021-06-09T11:16:22,5000.0,6.58,S
2021-06-09T11:16:20,400.0,6.58,S
2021-06-09T11:16:18,9700.0,6.59,S
2021-06-09T11:16:10,300.0,6.58,S
2021-06-09T11:16:09,20000.0,6.58,S
2021-06-09T11:16:08,2200.0,6.58,S
2021-06-09T11:16:08,1500.0,6.58,S
2021-06-09T11:16:08,300.0,6.58,S
2021-06-09T11:16:07,500.0,6.59,S
2021-06-09T11:16:03,30000.0,6.58,S
2021-06-09T11:16:00,100.0,6.59,S
2021-06-09T11:15:54,10000.0,6.58,S
2021-06-09T11:15:54,1400.0,6.58,S
2021-06-09T11:15:50,1000.0,6.59,S
2021-06-09T11:15:33,3500.0,6.58,S
2021-06-09T11:15:30,1500.0,6.58,S
2021-06-09T11:15:26,2000.0,6.58,S
2021-06-09T11:15:09,10000.0,6.58,S
2021-06-09T11:15:05,15000.0,6.58,S
2021-06-09T11:14:51,7000.0,6.59,S
2021-06-09T11:14:49,13700.0,6.59,S
2021-06-09T11:14:45,2000.0,6.59,S
2021-06-09T11:14:44,15000.0,6.59,S
2021-06-09T11:14:41,100.0,6.59,S
2021-06-09T11:14:36,10000.0,6.59,S
2021-06-09T11:14:34,1800.0,6.58,S
2021-06-09T11:14:23,20000.0,6.58,S
2021-06-09T11:14:20,300.0,6.59,S
2021-06-09T11:14:20,1000.0,6.58,S
2021-06-09T11:14:19,300.0,6.58,S
2021-06-09T11:14:13,100.0,6.59,S
2021-06-09T11:14:13,100.0,6.59,S
2021-06-09T11:14:10,10000.0,6.59,S
2021-06-09T11:13:57,1000.0,6.59,S
2021-06-09T11:13:44,44000.0,6.58,S
2021-06-09T11:13:40,3000.0,6.59,S
2021-06-09T11:13:31,100.0,6.59,S
2021-06-09T11:13:27,3000.0,6.59,S
2021-06-09T11:13:23,1600.0,6.59,S
2021-06-09T11:13:23,1100.0,6.59,S
2021-06-09T11:13:23,136700.0,6.59,S
2021-06-09T11:13:20,100.0,6.59,S
2021-06-09T11:12:46,100.0,6.6,B
2021-06-09T11:12:35,100.0,6.6,B
2021-06-09T11:12:32,1000.0,6.6,B
2021-06-09T11:12:31,100.0,6.6,B
2021-06-09T11:12:30,1000.0,6.6,B
2021-06-09T11:12:26,1000.0,6.59,S
2021-06-09T11:12:23,200.0,6.6,B
2021-06-09T11:12:17,1000.0,6.6,S
2021-06-09T11:12:13,6000.0,6.59,S
2021-06-09T11:11:59,300.0,6.6,S
2021-06-09T11:11:55,1000.0,6.6,S
2021-06-09T11:11:51,500.0,6.6,S
2021-06-09T11:11:49,100.0,6.6,S
2021-06-09T11:11:45,47500.0,6.59,S
2021-06-09T11:11:41,15500.0,6.6,S
2021-06-09T11:11:27,400.0,6.6,S
2021-06-09T11:11:24,200.0,6.6,S
2021-06-09T11:11:08,400.0,6.6,S
2021-06-09T11:11:05,10000.0,6.6,S
2021-06-09T11:11:03,5000.0,6.6,S
2021-06-09T11:10:57,1000.0,6.6,S
2021-06-09T11:10:55,500.0,6.6,S
2021-06-09T11:10:54,2100.0,6.6,S
2021-06-09T11:10:43,200.0,6.6,S
2021-06-09T11:10:38,2000.0,6.6,S
2021-06-09T11:10:38,1000.0,6.6,S
2021-06-09T11:10:37,3000.0,6.6,S
2021-06-09T11:10:33,40000.0,6.6,S
2021-06-09T11:10:28,700.0,6.6,S
2021-06-09T11:10:27,5000.0,6.59,S
2021-06-09T11:10:25,2300.0,6.59,S
2021-06-09T11:10:24,5000.0,6.6,S
2021-06-09T11:10:21,100.0,6.6,S
2021-06-09T11:10:13,200.0,6.6,S
2021-06-09T11:10:12,100.0,6.6,S
2021-06-09T11:10:10,500.0,6.6,S
2021-06-09T11:09:58,1100.0,6.6,S
2021-06-09T11:09:55,1000.0,6.6,S
2021-06-09T11:09:55,100.0,6.6,S
2021-06-09T11:09:54,200.0,6.6,S
2021-06-09T11:09:45,20000.0,6.59,S
2021-06-09T11:09:40,4000.0,6.6,S
2021-06-09T11:09:30,1100.0,6.6,S
2021-06-09T11:09:30,3100.0,6.6,S
2021-06-09T11:09:30,3500.0,6.6,S
2021-06-09T11:09:29,100.0,6.61,S
2021-06-09T11:09:26,400.0,6.62,B
2021-06-09T11:09:16,60000.0,6.62,B
2021-06-09T11:09:12,1000.0,6.6,S
2021-06-09T11:09:12,500.0,6.61,S
2021-06-09T11:09:07,100.0,6.62,B
2021-06-09T11:09:07,1000.0,6.61,S
2021-06-09T11:09:00,10000.0,6.6,S
2021-06-09T11:08:55,10000.0,6.6,S
2021-06-09T11:08:55,4400.0,6.6,S
2021-06-09T11:08:55,5600.0,6.6,S
2021-06-09T11:08:50,200.0,6.6,S
2021-06-09T11:08:46,3700.0,6.6,S
2021-06-09T11:08:46,1100.0,6.6,S
2021-06-09T11:08:46,6800.0,6.6,S
2021-06-09T11:08:46,24900.0,6.6,S
2021-06-09T11:08:46,63500.0,6.6,S
2021-06-09T11:08:42,16000.0,6.62,B
2021-06-09T11:08:40,200.0,6.6,S
2021-06-09T11:08:39,200.0,6.6,S
2021-06-09T11:08:32,100.0,6.62,B
2021-06-09T11:08:29,10000.0,6.62,B
2021-06-09T11:08:28,300.0,6.61,S
2021-06-09T11:08:23,1000.0,6.61,S
2021-06-09T11:08:18,32600.0,6.6,S
2021-06-09T11:08:15,1800.0,6.61,S
2021-06-09T11:08:14,100.0,6.61,S
2021-06-09T11:08:13,200.0,6.61,S
2021-06-09T11:08:08,100.0,6.61,S
2021-06-09T11:08:06,700.0,6.61,S
2021-06-09T11:08:03,14000.0,6.6,S
2021-06-09T11:08:02,3500.0,6.61,S
2021-06-09T11:08:00,3500.0,6.62,B
2021-06-09T11:07:58,900.0,6.61,S
2021-06-09T11:07:56,3800.0,6.61,S
2021-06-09T11:07:55,100.0,6.62,B
2021-06-09T11:07:51,3000.0,6.61,S
2021-06-09T11:07:43,500.0,6.62,S
2021-06-09T11:07:39,100.0,6.62,S
2021-06-09T11:07:24,100.0,6.62,S
2021-06-09T11:07:18,100.0,6.62,S
2021-06-09T11:07:14,700.0,6.61,S
2021-06-09T11:07:12,2000.0,6.61,S
2021-06-09T11:07:11,5000.0,6.62,S
2021-06-09T11:07:07,10000.0,6.62,S
2021-06-09T11:07:05,100.0,6.62,S
2021-06-09T11:07:04,200.0,6.62,S
2021-06-09T11:07:04,16500.0,6.62,S
2021-06-09T11:07:04,5000.0,6.63,S
2021-06-09T11:06:57,300.0,6.63,S
2021-06-09T11:06:55,1100.0,6.62,S
2021-06-09T11:06:55,1900.0,6.62,S
2021-06-09T11:06:48,1000.0,6.63,S
2021-06-09T11:06:48,100.0,6.63,S
2021-06-09T11:06:46,100.0,6.63,S
2021-06-09T11:06:46,10000.0,6.63,S
2021-06-09T11:06:46,100.0,6.63,S
2021-06-09T11:06:45,42200.0,6.62,S
2021-06-09T11:06:45,7800.0,6.62,S
2021-06-09T11:06:44,600.0,6.63,S
2021-06-09T11:06:27,100.0,6.62,S
2021-06-09T11:06:25,9000.0,6.63,S
2021-06-09T11:06:25,200.0,6.63,S
2021-06-09T11:06:22,300.0,6.63,S
2021-06-09T11:06:08,1000.0,6.63,S
2021-06-09T11:06:07,400.0,6.63,S
2021-06-09T11:06:05,10000.0,6.62,S
2021-06-09T11:06:03,500.0,6.63,S
2021-06-09T11:06:02,300.0,6.62,S
2021-06-09T11:05:59,2000.0,6.63,S
2021-06-09T11:05:46,1000.0,6.63,S
2021-06-09T11:05:41,800.0,6.63,S
2021-06-09T11:05:38,100.0,6.63,S
2021-06-09T11:05:13,400.0,6.63,S
2021-06-09T11:05:13,100.0,6.63,S
2021-06-09T11:05:13,1000.0,6.63,S
2021-06-09T11:05:12,1000.0,6.63,S
2021-06-09T11:05:11,1000.0,6.63,S
2021-06-09T11:05:07,300.0,6.62,S
2021-06-09T11:04:59,200.0,6.63,S
2021-06-09T11:04:58,5200.0,6.63,S
2021-06-09T11:04:52,4200.0,6.64,B
2021-06-09T11:04:51,2000.0,6.63,S
2021-06-09T11:04:48,100.0,6.64,B
2021-06-09T11:04:47,100.0,6.64,B
2021-06-09T11:04:39,6500.0,6.64,B
2021-06-09T11:04:39,3200.0,6.64,B
2021-06-09T11:04:39,300.0,6.64,B
2021-06-09T11:04:31,1000.0,6.64,B
2021-06-09T11:04:29,14700.0,6.62,S
2021-06-09T11:04:29,300.0,6.63,S
2021-06-09T11:04:29,5000.0,6.63,S
2021-06-09T11:04:24,100.0,6.64,B
2021-06-09T11:04:15,3000.0,6.64,B
2021-06-09T11:04:14,16000.0,6.63,S
2021-06-09T11:04:13,200.0,6.64,B
2021-06-09T11:04:04,3000.0,6.63,S
2021-06-09T11:04:04,500.0,6.64,B
2021-06-09T11:04:04,2000.0,6.65,B
2021-06-09T11:04:01,3000.0,6.63,S
2021-06-09T11:04:00,1300.0,6.64,B
2021-06-09T11:03:58,100.0,6.64,B
2021-06-09T11:03:53,2300.0,6.64,B
2021-06-09T11:03:53,600.0,6.64,B
2021-06-09T11:03:52,900.0,6.64,B
2021-06-09T11:03:51,5000.0,6.63,S
2021-06-09T11:03:50,1000.0,6.63,S
2021-06-09T11:03:42,100.0,6.64,B
2021-06-09T11:03:41,100.0,6.64,B
2021-06-09T11:03:39,100.0,6.64,B
2021-06-09T11:03:34,7600.0,6.64,B
2021-06-09T11:03:33,5900.0,6.64,B
2021-06-09T11:03:22,4500.0,6.63,S
2021-06-09T11:03:20,1000.0,6.63,S
2021-06-09T11:03:17,6500.0,6.63,S
2021-06-09T11:03:16,3500.0,6.63,S
2021-06-09T11:03:11,100.0,6.64,B
2021-06-09T11:03:04,1200.0,6.64,B
2021-06-09T11:02:57,400.0,6.64,B
2021-06-09T11:02:55,100.0,6.63,S
2021-06-09T11:02:46,1000.0,6.64,B
2021-06-09T11:02:46,300.0,6.63,S
2021-06-09T11:02:37,14900.0,6.64,B
2021-06-09T11:02:36,1000.0,6.64,B
2021-06-09T11:02:35,18800.0,6.62,S
2021-06-09T11:02:35,300.0,6.62,S
2021-06-09T11:02:35,7500.0,6.63,S
2021-06-09T11:02:35,3400.0,6.63,S
2021-06-09T11:02:28,700.0,6.63,S
2021-06-09T11:02:23,2000.0,6.64,B
2021-06-09T11:02:17,300.0,6.64,B
2021-06-09T11:02:12,100.0,6.64,B
2021-06-09T11:02:09,2000.0,6.64,B
2021-06-09T11:02:08,400.0,6.63,S
2021-06-09T11:02:06,300.0,6.63,S
2021-06-09T11:02:05,500.0,6.63,S
2021-06-09T11:01:57,1000.0,6.64,B
2021-06-09T11:01:51,2000.0,6.64,B
2021-06-09T11:01:50,100.0,6.64,B
2021-06-09T11:01:49,2400.0,6.64,B
2021-06-09T11:01:49,1100.0,6.64,B
2021-06-09T11:01:49,4000.0,6.64,B
2021-06-09T11:01:49,7500.0,6.64,B
2021-06-09T11:01:38,400.0,6.64,B
2021-06-09T11:01:23,100.0,6.64,B
2021-06-09T11:01:22,500.0,6.64,B
2021-06-09T11:01:17,1000.0,6.64,B
2021-06-09T11:01:17,100.0,6.63,S
2021-06-09T11:01:15,500.0,6.63,S
2021-06-09T11:01:15,500.0,6.63,S
2021-06-09T11:01:15,500.0,6.64,B
2021-06-09T11:01:14,1000.0,6.63,S
2021-06-09T11:01:14,2000.0,6.63,S
2021-06-09T11:01:11,3000.0,6.64,B
2021-06-09T11:01:07,1700.0,6.64,B
2021-06-09T11:00:52,6300.0,6.63,S
2021-06-09T11:00:50,3000.0,6.63,S
2021-06-09T11:00:50,3600.0,6.64,B
2021-06-09T11:00:49,200.0,6.64,B
2021-06-09T11:00:47,300.0,6.64,B
2021-06-09T11:00:38,100.0,6.63,S
2021-06-09T11:00:29,1100.0,6.64,B
2021-06-09T11:00:21,400.0,6.64,B
2021-06-09T11:00:15,10000.0,6.64,B
2021-06-09T11:00:13,3000.0,6.63,S
2021-06-09T11:00:08,500.0,6.63,S
2021-06-09T11:00:06,600.0,6.63,S
2021-06-09T11:00:05,4400.0,6.63,S
2021-06-09T11:00:05,200.0,6.64,B
2021-06-09T11:00:02,1000.0,6.63,S
2021-06-09T11:00:02,2000.0,6.63,S
2021-06-09T10:59:54,20000.0,6.64,B
2021-06-09T10:59:52,100.0,6.63,S
2021-06-09T10:59:48,200.0,6.64,B
2021-06-09T10:59:47,400.0,6.64,B
2021-06-09T10:59:43,300.0,6.64,B
2021-06-09T10:59:39,35000.0,6.64,B
2021-06-09T10:59:28,1100.0,6.64,B
2021-06-09T10:59:27,1500.0,6.64,B
2021-06-09T10:59:22,5000.0,6.64,B
2021-06-09T10:59:19,2000.0,6.64,B
2021-06-09T10:59:19,1000.0,6.64,B
2021-06-09T10:59:19,5000.0,6.64,B
2021-06-09T10:59:19,2500.0,6.63,S
2021-06-09T10:59:10,100.0,6.63,B
2021-06-09T10:59:06,5000.0,6.62,B
2021-06-09T10:59:02,5000.0,6.62,B
2021-06-09T10:59:01,200.0,6.63,B
2021-06-09T10:59:00,200.0,6.63,B
2021-06-09T10:58:52,100.0,6.62,B
2021-06-09T10:58:51,2000.0,6.63,B
2021-06-09T10:58:44,100.0,6.64,B
2021-06-09T10:58:39,5000.0,6.62,B
2021-06-09T10:58:37,500.0,6.64,B
2021-06-09T10:58:33,500.0,6.64,B
2021-06-09T10:58:27,1900.0,6.64,B
2021-06-09T10:57:55,200.0,6.64,B
2021-06-09T10:57:53,2600.0,6.64,B
2021-06-09T10:57:51,3000.0,6.63,B
2021-06-09T10:57:29,1400.0,6.62,B
2021-06-09T10:57:29,3500.0,6.62,B
2021-06-09T10:57:29,100.0,6.63,B
2021-06-09T10:57:22,300.0,6.64,B
2021-06-09T10:57:20,5000.0,6.64,B
2021-06-09T10:57:16,2000.0,6.64,B
2021-06-09T10:57:10,300.0,6.64,B
2021-06-09T10:57:02,300.0,6.64,B
2021-06-09T10:56:35,600.0,6.64,B
2021-06-09T10:56:30,6200.0,6.62,B
2021-06-09T10:56:28,3000.0,6.6,S
2021-06-09T10:56:23,1000.0,6.61,S
2021-06-09T10:56:22,500.0,6.61,S
2021-06-09T10:56:22,2000.0,6.61,S
2021-06-09T10:56:15,2000.0,6.62,B
2021-06-09T10:56:00,500.0,6.62,B
2021-06-09T10:55:56,4700.0,6.6,S
2021-06-09T10:55:47,100.0,6.6,S
2021-06-09T10:55:46,100.0,6.6,S
2021-06-09T10:55:37,1000.0,6.6,S
2021-06-09T10:55:26,100.0,6.62,B
2021-06-09T10:55:19,3200.0,6.6,B
2021-06-09T10:55:10,300.0,6.6,B
2021-06-09T10:55:08,400.0,6.59,B
2021-06-09T10:55:06,500.0,6.6,B
2021-06-09T10:54:57,2000.0,6.6,B
2021-06-09T10:54:56,1200.0,6.6,B
2021-06-09T10:54:51,4000.0,6.6,B
2021-06-09T10:54:49,900.0,6.6,B
2021-06-09T10:54:48,100.0,6.6,B
2021-06-09T10:54:46,3700.0,6.6,B
2021-06-09T10:54:46,4300.0,6.6,B
2021-06-09T10:54:44,5000.0,6.6,B
2021-06-09T10:54:42,200.0,6.59,B
2021-06-09T10:54:40,500.0,6.6,B
2021-06-09T10:54:17,2000.0,6.6,B
2021-06-09T10:54:12,3200.0,6.6,B
2021-06-09T10:54:12,100.0,6.6,B
2021-06-09T10:54:12,1000.0,6.6,B
2021-06-09T10:54:12,10100.0,6.6,B
2021-06-09T10:54:04,2000.0,6.6,B
2021-06-09T10:53:56,5000.0,6.59,B
2021-06-09T10:53:49,100.0,6.58,B
2021-06-09T10:53:46,500.0,6.58,B
2021-06-09T10:53:35,500.0,6.6,B
2021-06-09T10:53:35,3200.0,6.6,B
2021-06-09T10:53:35,400.0,6.6,B
2021-06-09T10:53:35,1000.0,6.6,B
2021-06-09T10:53:35,100.0,6.6,B
2021-06-09T10:53:35,2100.0,6.6,B
2021-06-09T10:53:35,5500.0,6.6,B
2021-06-09T10:53:35,1200.0,6.6,B
2021-06-09T10:53:34,18000.0,6.58,B
2021-06-09T10:53:34,2600.0,6.58,B
2021-06-09T10:53:34,48500.0,6.58,B
2021-06-09T10:53:25,300.0,6.58,B
2021-06-09T10:53:25,100.0,6.58,B
2021-06-09T10:53:24,300.0,6.58,B
2021-06-09T10:53:19,5000.0,6.58,B
2021-06-09T10:53:12,50000.0,6.58,B
2021-06-09T10:53:09,1000.0,6.57,B
2021-06-09T10:53:09,2000.0,6.56,B
2021-06-09T10:53:06,2500.0,6.57,B
2021-06-09T10:53:02,500.0,6.57,B
2021-06-09T10:52:58,20000.0,6.57,B
2021-06-09T10:52:57,900.0,6.57,B
2021-06-09T10:52:56,10000.0,6.58,B
2021-06-09T10:52:56,4300.0,6.58,B
2021-06-09T10:52:56,700.0,6.57,B
2021-06-09T10:52:54,3400.0,6.56,B
2021-06-09T10:52:54,7000.0,6.58,B
2021-06-09T10:52:52,5000.0,6.58,B
2021-06-09T10:52:46,100.0,6.58,B
2021-06-09T10:52:43,900.0,6.58,B
2021-06-09T10:52:43,9100.0,6.58,B
2021-06-09T10:52:35,100.0,6.58,B
2021-06-09T10:52:32,200.0,6.58,B
2021-06-09T10:52:27,9000.0,6.58,B
2021-06-09T10:52:09,10000.0,6.58,B
2021-06-09T10:52:05,1000.0,6.58,B
2021-06-09T10:52:04,1000.0,6.58,B
2021-06-09T10:51:59,10000.0,6.58,B
2021-06-09T10:51:55,14000.0,6.58,B
2021-06-09T10:51:49,100.0,6.56,B
2021-06-09T10:51:48,2700.0,6.56,B
2021-06-09T10:51:40,2800.0,6.56,B
2021-06-09T10:51:36,1800.0,6.58,B
2021-06-09T10:51:36,100.0,6.58,B
2021-06-09T10:51:36,2900.0,6.58,B
2021-06-09T10:51:34,9600.0,6.56,B
2021-06-09T10:51:31,30000.0,6.56,B
2021-06-09T10:51:27,1000.0,6.56,B
2021-06-09T10:51:24,1000.0,6.56,B
2021-06-09T10:51:24,900.0,6.56,B
2021-06-09T10:51:21,6700.0,6.56,B
2021-06-09T10:51:13,11200.0,6.56,B
2021-06-09T10:51:11,30000.0,6.56,B
2021-06-09T10:51:04,9700.0,6.56,B
2021-06-09T10:51:03,1000.0,6.56,B
2021-06-09T10:51:00,1000.0,6.56,B
2021-06-09T10:51:00,1000.0,6.55,B
2021-06-09T10:50:58,600.0,6.56,B
2021-06-09T10:50:53,1100.0,6.56,B
2021-06-09T10:50:52,2000.0,6.56,B
2021-06-09T10:50:43,5000.0,6.56,B
2021-06-09T10:50:42,500.0,6.56,B
2021-06-09T10:50:38,2000.0,6.56,B
2021-06-09T10:50:26,7000.0,6.56,B
2021-06-09T10:50:22,2000.0,6.56,B
2021-06-09T10:50:16,500.0,6.56,B
2021-06-09T10:50:14,100.0,6.56,B
2021-06-09T10:50:08,700.0,6.55,B
2021-06-09T10:50:08,500.0,6.55,B
2021-06-09T10:50:01,21000.0,6.56,B
2021-06-09T10:49:53,1000.0,6.56,B
2021-06-09T10:49:52,10000.0,6.56,B
2021-06-09T10:49:51,37200.0,6.56,B
2021-06-09T10:49:51,1000.0,6.56,B
2021-06-09T10:49:51,100.0,6.56,B
2021-06-09T10:49:51,61700.0,6.55,B
2021-06-09T10:49:49,3100.0,6.55,B
2021-06-09T10:49:40,1000.0,6.55,B
2021-06-09T10:49:39,2000.0,6.55,B
2021-06-09T10:49:39,5000.0,6.55,B
2021-06-09T10:49:38,20500.0,6.55,B
2021-06-09T10:49:31,500.0,6.55,B
2021-06-09T10:49:30,800.0,6.55,B
2021-06-09T10:49:30,100.0,6.55,B
2021-06-09T10:49:29,1000.0,6.55,B
2021-06-09T10:49:17,1000.0,6.55,B
2021-06-09T10:49:12,100.0,6.55,B
2021-06-09T10:49:12,1000.0,6.55,B
2021-06-09T10:49:10,1000.0,6.55,B
2021-06-09T10:49:10,100.0,6.55,B
2021-06-09T10:49:10,500.0,6.55,B
2021-06-09T10:49:07,16400.0,6.55,B
2021-06-09T10:49:07,1000.0,6.55,B
2021-06-09T10:49:07,2600.0,6.55,B
2021-06-09T10:49:03,400.0,6.55,B
2021-06-09T10:49:00,300.0,6.55,B
2021-06-09T10:49:00,1800.0,6.54,S
2021-06-09T10:48:59,10000.0,6.55,B
2021-06-09T10:48:58,21800.0,6.55,B
2021-06-09T10:48:54,10000.0,6.55,B
2021-06-09T10:48:51,10000.0,6.55,B
2021-06-09T10:48:51,500.0,6.55,B
2021-06-09T10:48:51,3000.0,6.55,B
2021-06-09T10:48:47,100.0,6.55,B
2021-06-09T10:48:47,1800.0,6.55,B
2021-06-09T10:48:47,7000.0,6.55,B
2021-06-09T10:48:47,400.0,6.55,B
2021-06-09T10:48:47,29800.0,6.55,B
2021-06-09T10:48:42,1000.0,6.55,B
2021-06-09T10:48:42,9000.0,6.55,B
2021-06-09T10:48:40,500.0,6.55,B
2021-06-09T10:48:38,100.0,6.55,B
2021-06-09T10:48:37,1700.0,6.55,B
2021-06-09T10:48:34,5000.0,6.55,B
2021-06-09T10:48:34,2100.0,6.55,B
2021-06-09T10:48:34,700.0,6.55,B
2021-06-09T10:48:34,6200.0,6.55,B
2021-06-09T10:48:34,200.0,6.54,S
2021-06-09T10:48:32,1000.0,6.55,B
2021-06-09T10:48:29,100.0,6.55,B
2021-06-09T10:48:28,600.0,6.54,S
2021-06-09T10:48:27,100.0,6.55,B
2021-06-09T10:48:20,1000.0,6.55,B
2021-06-09T10:48:19,22600.0,6.55,B
2021-06-09T10:48:19,400.0,6.55,B
2021-06-09T10:48:19,2500.0,6.55,B
2021-06-09T10:48:19,16000.0,6.55,B
2021-06-09T10:48:19,1300.0,6.55,B
2021-06-09T10:48:19,8900.0,6.55,B
2021-06-09T10:48:19,100.0,6.55,B
2021-06-09T10:48:19,8200.0,6.55,B
2021-06-09T10:48:18,200.0,6.55,B
2021-06-09T10:48:14,1300.0,6.55,B
2021-06-09T10:48:13,4700.0,6.55,B
2021-06-09T10:48:12,500.0,6.55,B
2021-06-09T10:47:49,10000.0,6.55,B
2021-06-09T10:47:48,6000.0,6.54,S
2021-06-09T10:47:36,4800.0,6.55,B
2021-06-09T10:47:36,200.0,6.55,B
2021-06-09T10:47:29,57800.0,6.54,S
2021-06-09T10:47:21,200.0,6.54,B
2021-06-09T10:47:15,3000.0,6.54,B
2021-06-09T10:47:04,1000.0,6.54,B
2021-06-09T10:47:04,10000.0,6.54,B
2021-06-09T10:47:03,5100.0,6.54,B
2021-06-09T10:47:02,1000.0,6.54,B
2021-06-09T10:46:57,500.0,6.54,B
2021-06-09T10:46:55,400.0,6.54,B
2021-06-09T10:46:48,500.0,6.54,B
2021-06-09T10:46:43,1500.0,6.54,B
2021-06-09T10:46:40,5000.0,6.54,B
2021-06-09T10:46:39,800.0,6.54,B
2021-06-09T10:46:38,10000.0,6.54,B
2021-06-09T10:46:37,100.0,6.54,B
2021-06-09T10:46:36,9800.0,6.54,B
2021-06-09T10:46:36,1200.0,6.54,B
2021-06-09T10:46:36,1000.0,6.54,B
2021-06-09T10:46:36,12800.0,6.54,B
2021-06-09T10:46:36,15200.0,6.54,B
2021-06-09T10:46:33,1000.0,6.54,B
2021-06-09T10:46:29,15000.0,6.54,B
2021-06-09T10:46:27,20000.0,6.54,B
2021-06-09T10:46:26,2400.0,6.54,B
2021-06-09T10:46:23,10500.0,6.54,B
2021-06-09T10:46:22,14000.0,6.54,B
2021-06-09T10:46:19,700.0,6.54,B
2021-06-09T10:46:16,4900.0,6.54,B
2021-06-09T10:46:15,1000.0,6.54,B
2021-06-09T10:46:14,2000.0,6.54,B
2021-06-09T10:46:13,500.0,6.54,B
2021-06-09T10:46:12,500.0,6.54,B
2021-06-09T10:46:08,400.0,6.54,B
2021-06-09T10:46:08,300.0,6.54,B
2021-06-09T10:46:02,10000.0,6.54,B
2021-06-09T10:46:00,100.0,6.54,B
2021-06-09T10:45:55,200.0,6.54,B
2021-06-09T10:45:55,500.0,6.54,B
2021-06-09T10:45:55,500.0,6.54,B
2021-06-09T10:45:54,900.0,6.54,B
2021-06-09T10:45:47,200.0,6.54,B
2021-06-09T10:45:46,100.0,6.54,B
2021-06-09T10:45:43,20000.0,6.54,B
2021-06-09T10:45:40,500.0,6.54,B
2021-06-09T10:45:38,8000.0,6.54,B
2021-06-09T10:45:35,23000.0,6.54,B
2021-06-09T10:45:35,9000.0,6.54,B
2021-06-09T10:45:35,8000.0,6.54,B
2021-06-09T10:45:34,2500.0,6.54,B
2021-06-09T10:45:34,5200.0,6.54,B
2021-06-09T10:45:32,200.0,6.54,B
2021-06-09T10:45:23,20000.0,6.54,B
2021-06-09T10:45:22,1300.0,6.53,B
2021-06-09T10:45:15,300.0,6.54,B
2021-06-09T10:45:13,2000.0,6.53,B
2021-06-09T10:45:09,6300.0,6.54,B
2021-06-09T10:45:06,4000.0,6.54,B
2021-06-09T10:44:56,1000.0,6.54,B
2021-06-09T10:44:55,700.0,6.53,B
2021-06-09T10:44:49,2800.0,6.53,B
2021-06-09T10:44:44,2400.0,6.53,B
2021-06-09T10:44:39,300.0,6.53,B
2021-06-09T10:44:35,5000.0,6.53,B
2021-06-09T10:44:31,2000.0,6.53,B
2021-06-09T10:44:30,6500.0,6.53,B
2021-06-09T10:44:27,8000.0,6.53,B
2021-06-09T10:44:24,3000.0,6.53,B
2021-06-09T10:44:17,500.0,6.53,B
2021-06-09T10:44:17,100.0,6.53,B
2021-06-09T10:44:12,2000.0,6.52,B
2021-06-09T10:44:06,500.0,6.53,B
2021-06-09T10:43:57,1900.0,6.53,B
2021-06-09T10:43:57,10000.0,6.53,B
2021-06-09T10:43:52,4000.0,6.53,B
2021-06-09T10:43:48,8200.0,6.53,B
2021-06-09T10:43:46,500.0,6.52,B
2021-06-09T10:43:41,100.0,6.53,B
2021-06-09T10:43:38,100.0,6.52,B
2021-06-09T10:43:34,14300.0,6.52,B
2021-06-09T10:43:33,3000.0,6.52,B
2021-06-09T10:43:32,100.0,6.52,B
2021-06-09T10:43:31,3200.0,6.52,B
2021-06-09T10:43:31,3100.0,6.52,B
2021-06-09T10:43:31,47900.0,6.52,B
2021-06-09T10:43:31,18900.0,6.52,B
2021-06-09T10:43:31,300.0,6.52,B
2021-06-09T10:43:31,3400.0,6.52,B
2021-06-09T10:43:30,700.0,6.52,B
2021-06-09T10:43:30,2100.0,6.52,B
2021-06-09T10:43:30,2600.0,6.52,B
2021-06-09T10:43:30,5300.0,6.52,B
2021-06-09T10:43:30,3200.0,6.52,B
2021-06-09T10:43:30,69300.0,6.52,B
2021-06-09T10:43:23,2000.0,6.52,B
2021-06-09T10:43:18,900.0,6.52,B
2021-06-09T10:43:15,2000.0,6.52,B
2021-06-09T10:43:13,2000.0,6.52,B
2021-06-09T10:43:12,6000.0,6.52,B
2021-06-09T10:43:11,4500.0,6.52,B
2021-06-09T10:43:07,1000.0,6.52,B
2021-06-09T10:43:02,10000.0,6.52,B
2021-06-09T10:42:58,100.0,6.52,B
2021-06-09T10:42:56,300.0,6.52,B
2021-06-09T10:42:53,2000.0,6.52,B
2021-06-09T10:42:52,300.0,6.52,B
2021-06-09T10:42:51,1300.0,6.52,B
2021-06-09T10:42:47,1000.0,6.52,B
2021-06-09T10:42:45,2000.0,6.52,B
2021-06-09T10:42:44,200.0,6.52,B
2021-06-09T10:42:41,16400.0,6.51,B
2021-06-09T10:42:40,7000.0,6.51,B
2021-06-09T10:42:39,1100.0,6.52,B
2021-06-09T10:42:39,23400.0,6.52,B
2021-06-09T10:42:39,1500.0,6.52,B
2021-06-09T10:42:39,49000.0,6.52,B
2021-06-09T10:42:39,16000.0,6.52,B
2021-06-09T10:42:39,2000.0,6.52,B
2021-06-09T10:42:38,7000.0,6.52,B
2021-06-09T10:42:33,300.0,6.52,B
2021-06-09T10:42:31,1000.0,6.52,B
2021-06-09T10:42:31,5000.0,6.52,B
2021-06-09T10:42:31,600.0,6.52,B
2021-06-09T10:42:27,1300.0,6.52,B
2021-06-09T10:42:25,30000.0,6.52,B
2021-06-09T10:42:21,5000.0,6.52,B
2021-06-09T10:42:20,10000.0,6.52,B
2021-06-09T10:42:16,3000.0,6.52,B
2021-06-09T10:42:12,500.0,6.52,B
2021-06-09T10:42:09,10000.0,6.52,B
2021-06-09T10:42:04,10000.0,6.52,B
2021-06-09T10:42:03,3000.0,6.52,B
2021-06-09T10:42:01,200.0,6.52,B
2021-06-09T10:41:58,8600.0,6.52,B
2021-06-09T10:41:58,10000.0,6.52,B
2021-06-09T10:41:58,3500.0,6.52,B
2021-06-09T10:41:58,2900.0,6.52,B
2021-06-09T10:41:56,100.0,6.52,B
2021-06-09T10:41:54,300.0,6.52,B
2021-06-09T10:41:51,3600.0,6.52,B
2021-06-09T10:41:43,300.0,6.52,B
2021-06-09T10:41:42,1700.0,6.52,B
2021-06-09T10:41:42,400.0,6.52,B
2021-06-09T10:41:40,5000.0,6.52,B
2021-06-09T10:41:39,500.0,6.51,B
2021-06-09T10:41:39,9500.0,6.51,B
2021-06-09T10:41:37,2000.0,6.52,B
2021-06-09T10:41:36,200.0,6.52,B
2021-06-09T10:41:35,2200.0,6.52,B
2021-06-09T10:41:32,3500.0,6.52,B
2021-06-09T10:41:31,10000.0,6.52,B
2021-06-09T10:41:30,100.0,6.52,B
2021-06-09T10:41:24,200.0,6.52,B
2021-06-09T10:41:19,1000.0,6.52,B
2021-06-09T10:41:18,1100.0,6.52,B
2021-06-09T10:41:17,1700.0,6.52,B
2021-06-09T10:41:14,5000.0,6.52,B
2021-06-09T10:41:14,100.0,6.52,B
2021-06-09T10:41:12,2400.0,6.52,B
2021-06-09T10:41:10,4000.0,6.52,B
2021-06-09T10:41:07,300.0,6.52,B
2021-06-09T10:41:00,5000.0,6.52,B
2021-06-09T10:40:55,10000.0,6.52,B
2021-06-09T10:40:52,1100.0,6.52,B
2021-06-09T10:40:43,100.0,6.52,B
2021-06-09T10:40:42,63300.0,6.51,B
2021-06-09T10:40:42,500.0,6.52,B
2021-06-09T10:40:38,300.0,6.52,B
2021-06-09T10:40:34,2000.0,6.52,B
2021-06-09T10:40:34,400.0,6.52,B
2021-06-09T10:40:32,10000.0,6.52,B
2021-06-09T10:40:30,47000.0,6.52,B
2021-06-09T10:40:29,400.0,6.52,B
2021-06-09T10:40:29,6000.0,6.52,B
2021-06-09T10:40:27,3000.0,6.52,B
2021-06-09T10:40:25,500.0,6.52,B
2021-06-09T10:40:22,100.0,6.52,B
2021-06-09T10:40:19,1000.0,6.52,B
2021-06-09T10:40:17,300.0,6.52,B
2021-06-09T10:40:16,900.0,6.52,B
2021-06-09T10:40:15,1000.0,6.52,B
2021-06-09T10:40:14,5000.0,6.52,B
2021-06-09T10:40:13,300.0,6.52,B
2021-06-09T10:40:10,500.0,6.52,B
2021-06-09T10:40:09,100.0,6.52,B
2021-06-09T10:40:04,500.0,6.52,B
2021-06-09T10:40:03,5000.0,6.52,B
2021-06-09T10:39:59,100.0,6.52,B
2021-06-09T10:39:58,5400.0,6.52,B
2021-06-09T10:39:51,500.0,6.51,B
2021-06-09T10:39:42,5000.0,6.52,B
2021-06-09T10:39:33,2000.0,6.52,B
2021-06-09T10:39:28,100.0,6.52,B
2021-06-09T10:39:25,50000.0,6.52,B
2021-06-09T10:39:17,5000.0,6.52,B
2021-06-09T10:39:14,1000.0,6.52,B
2021-06-09T10:39:12,500.0,6.52,B
2021-06-09T10:39:12,10000.0,6.52,B
2021-06-09T10:39:12,800.0,6.52,B
2021-06-09T10:39:11,5800.0,6.52,B
2021-06-09T10:39:11,5600.0,6.52,B
2021-06-09T10:39:11,1700.0,6.52,B
2021-06-09T10:39:07,2100.0,6.52,B
2021-06-09T10:38:58,1300.0,6.52,B
2021-06-09T10:38:53,3800.0,6.52,B
2021-06-09T10:38:52,3000.0,6.52,B
2021-06-09T10:38:52,7000.0,6.52,B
2021-06-09T10:38:40,8000.0,6.52,B
2021-06-09T10:38:39,42300.0,6.52,B
2021-06-09T10:38:30,2000.0,6.52,B
2021-06-09T10:38:29,12000.0,6.52,B
2021-06-09T10:38:29,300.0,6.52,B
2021-06-09T10:38:26,1000.0,6.51,B
2021-06-09T10:38:22,3600.0,6.51,B
2021-06-09T10:38:16,3000.0,6.52,B
2021-06-09T10:38:02,600.0,6.52,B
2021-06-09T10:37:56,1000.0,6.52,B
2021-06-09T10:37:55,100.0,6.52,B
2021-06-09T10:37:50,800.0,6.52,B
2021-06-09T10:37:44,200.0,6.52,B
2021-06-09T10:37:43,8000.0,6.52,B
2021-06-09T10:37:40,1000.0,6.52,B
2021-06-09T10:37:28,500.0,6.51,B
2021-06-09T10:37:27,10000.0,6.52,B
2021-06-09T10:37:27,5500.0,6.52,B
2021-06-09T10:37:25,1000.0,6.51,B
2021-06-09T10:37:24,2000.0,6.52,B
2021-06-09T10:37:20,200.0,6.52,B
2021-06-09T10:37:15,5000.0,6.51,B
2021-06-09T10:37:10,100.0,6.52,B
2021-06-09T10:37:09,3000.0,6.5,S
2021-06-09T10:37:08,8500.0,6.5,S
2021-06-09T10:37:08,2000.0,6.51,B
2021-06-09T10:37:07,3900.0,6.51,B
2021-06-09T10:36:58,500.0,6.52,B
2021-06-09T10:36:54,1000.0,6.51,B
2021-06-09T10:36:53,6000.0,6.51,B
2021-06-09T10:36:52,5400.0,6.51,B
2021-06-09T10:36:52,3000.0,6.51,B
2021-06-09T10:36:48,200.0,6.51,B
2021-06-09T10:36:45,100.0,6.51,B
2021-06-09T10:36:45,500.0,6.51,B
2021-06-09T10:36:44,2000.0,6.51,B
2021-06-09T10:36:44,6800.0,6.51,B
2021-06-09T10:36:44,5300.0,6.51,B
2021-06-09T10:36:44,11500.0,6.51,B
2021-06-09T10:36:44,12800.0,6.51,B
2021-06-09T10:36:44,2000.0,6.51,B
2021-06-09T10:36:44,11600.0,6.51,B
2021-06-09T10:36:44,5000.0,6.51,B
2021-06-09T10:36:42,900.0,6.51,B
2021-06-09T10:36:40,5000.0,6.51,B
2021-06-09T10:36:40,10000.0,6.5,S
2021-06-09T10:36:35,6100.0,6.5,S
2021-06-09T10:36:31,4000.0,6.51,B
2021-06-09T10:36:29,2300.0,6.51,B
2021-06-09T10:36:26,500.0,6.51,B
2021-06-09T10:36:25,400.0,6.51,B
2021-06-09T10:36:25,200.0,6.51,B
2021-06-09T10:36:23,12600.0,6.51,B
2021-06-09T10:36:23,4000.0,6.51,B
2021-06-09T10:36:22,3400.0,6.51,B
2021-06-09T10:36:18,6500.0,6.51,B
2021-06-09T10:36:10,300.0,6.51,B
2021-06-09T10:36:08,2000.0,6.51,B
2021-06-09T10:36:08,15500.0,6.51,B
2021-06-09T10:36:08,10400.0,6.51,B
2021-06-09T10:36:08,1400.0,6.51,B
2021-06-09T10:36:08,20700.0,6.51,B
2021-06-09T10:36:07,2100.0,6.5,S
2021-06-09T10:36:06,500.0,6.51,B
2021-06-09T10:36:06,4000.0,6.51,B
2021-06-09T10:36:06,5000.0,6.51,B
2021-06-09T10:35:55,200.0,6.51,B
2021-06-09T10:35:53,1000.0,6.51,B
2021-06-09T10:35:45,7100.0,6.51,B
2021-06-09T10:35:45,14700.0,6.51,B
2021-06-09T10:35:44,3500.0,6.51,B
2021-06-09T10:35:42,1000.0,6.51,B
2021-06-09T10:35:32,3900.0,6.51,B
2021-06-09T10:35:26,200.0,6.51,B
2021-06-09T10:35:24,900.0,6.51,B
2021-06-09T10:35:19,200.0,6.51,B
2021-06-09T10:35:15,3000.0,6.51,B
2021-06-09T10:35:12,200.0,6.51,B
2021-06-09T10:35:10,100000.0,6.5,S
2021-06-09T10:35:03,1200.0,6.5,S
2021-06-09T10:35:03,5000.0,6.51,B
2021-06-09T10:35:03,15000.0,6.51,B
2021-06-09T10:34:58,1500.0,6.51,B
2021-06-09T10:34:53,1000.0,6.51,B
2021-06-09T10:34:53,300.0,6.51,B
2021-06-09T10:34:53,1000.0,6.51,B
2021-06-09T10:34:50,12000.0,6.5,B
2021-06-09T10:34:38,100.0,6.51,B
2021-06-09T10:34:34,2000.0,6.51,B
2021-06-09T10:34:32,2000.0,6.51,B
2021-06-09T10:34:31,100.0,6.51,B
2021-06-09T10:34:31,1000.0,6.51,B
2021-06-09T10:34:25,100.0,6.51,B
2021-06-09T10:34:24,7800.0,6.51,B
2021-06-09T10:34:24,90400.0,6.51,B
2021-06-09T10:34:24,50000.0,6.51,B
2021-06-09T10:34:24,25100.0,6.51,B
2021-06-09T10:34:24,5000.0,6.51,B
2021-06-09T10:34:24,21700.0,6.51,B
2021-06-09T10:34:23,4600.0,6.51,B
2021-06-09T10:34:23,400.0,6.51,B
2021-06-09T10:34:18,1100.0,6.51,B
2021-06-09T10:34:18,300.0,6.51,B
2021-06-09T10:34:16,1000.0,6.51,B
2021-06-09T10:34:12,1200.0,6.51,B
2021-06-09T10:34:10,10000.0,6.51,B
2021-06-09T10:34:08,200.0,6.51,B
2021-06-09T10:34:08,300.0,6.51,B
2021-06-09T10:34:06,100.0,6.51,B
2021-06-09T10:34:05,200.0,6.51,B
2021-06-09T10:34:01,1500.0,6.51,B
2021-06-09T10:33:59,9000.0,6.51,B
2021-06-09T10:33:59,2000.0,6.51,B
2021-06-09T10:33:57,50000.0,6.5,B
2021-06-09T10:33:55,1000.0,6.51,B
2021-06-09T10:33:54,10000.0,6.51,B
2021-06-09T10:33:51,10000.0,6.51,B
2021-06-09T10:33:48,8300.0,6.51,B
2021-06-09T10:33:48,1700.0,6.51,B
2021-06-09T10:33:46,10000.0,6.51,B
2021-06-09T10:33:45,3100.0,6.51,B
2021-06-09T10:33:45,21600.0,6.51,B
2021-06-09T10:33:42,2000.0,6.5,B
2021-06-09T10:33:39,4000.0,6.51,B
2021-06-09T10:33:34,500.0,6.51,B
2021-06-09T10:33:34,2000.0,6.51,B
2021-06-09T10:33:32,200.0,6.51,B
2021-06-09T10:33:29,4000.0,6.51,B
2021-06-09T10:33:28,13000.0,6.51,B
2021-06-09T10:33:28,3800.0,6.51,B
2021-06-09T10:33:26,4000.0,6.51,B
2021-06-09T10:33:22,300.0,6.51,B
2021-06-09T10:33:18,100.0,6.51,B
2021-06-09T10:33:16,4200.0,6.51,B
2021-06-09T10:33:12,1000.0,6.51,B
2021-06-09T10:33:09,3000.0,6.51,B
2021-06-09T10:33:07,1000.0,6.51,B
2021-06-09T10:33:04,1000.0,6.51,B
2021-06-09T10:32:59,100.0,6.51,B
2021-06-09T10:32:56,5000.0,6.51,B
2021-06-09T10:32:48,1700.0,6.51,B
2021-06-09T10:32:45,200.0,6.51,B
2021-06-09T10:32:36,400.0,6.51,B
2021-06-09T10:32:36,900.0,6.51,B
2021-06-09T10:32:34,200.0,6.51,B
2021-06-09T10:32:28,2900.0,6.51,B
2021-06-09T10:32:28,200.0,6.5,B
2021-06-09T10:32:26,1000.0,6.51,B
2021-06-09T10:32:19,1000.0,6.51,B
2021-06-09T10:32:14,2000.0,6.51,B
2021-06-09T10:32:12,2000.0,6.51,B
2021-06-09T10:32:12,100.0,6.51,B
2021-06-09T10:32:04,13600.0,6.51,B
2021-06-09T10:31:58,800.0,6.51,B
2021-06-09T10:31:56,5700.0,6.51,B
2021-06-09T10:31:55,2000.0,6.5,B
2021-06-09T10:31:51,17600.0,6.5,B
2021-06-09T10:31:34,10000.0,6.51,B
2021-06-09T10:31:30,500.0,6.51,B
2021-06-09T10:31:25,1000.0,6.51,B
2021-06-09T10:31:23,3000.0,6.51,B
2021-06-09T10:31:20,5000.0,6.51,B
2021-06-09T10:31:14,200.0,6.51,B
2021-06-09T10:31:13,300.0,6.51,B
2021-06-09T10:31:08,1000.0,6.5,B
2021-06-09T10:31:01,600.0,6.5,B
2021-06-09T10:30:50,1000.0,6.51,B
2021-06-09T10:30:48,400.0,6.5,B
2021-06-09T10:30:44,10000.0,6.5,B
2021-06-09T10:30:40,400.0,6.5,B
2021-06-09T10:30:30,1000.0,6.5,B
2021-06-09T10:30:30,9400.0,6.5,B
2021-06-09T10:30:22,10000.0,6.51,B
2021-06-09T10:30:00,100.0,6.51,B
2021-06-09T10:29:58,1600.0,6.5,B
2021-06-09T10:29:49,3000.0,6.51,B
2021-06-09T10:29:41,1000.0,6.51,B
2021-06-09T10:29:40,400.0,6.5,B
2021-06-09T10:29:31,14800.0,6.5,B
2021-06-09T10:29:25,800.0,6.5,B
2021-06-09T10:29:24,10000.0,6.5,B
2021-06-09T10:29:22,600.0,6.5,B
2021-06-09T10:29:20,11000.0,6.51,B
2021-06-09T10:29:20,400.0,6.51,B
2021-06-09T10:29:19,1000.0,6.5,B
2021-06-09T10:29:18,6400.0,6.5,B
2021-06-09T10:29:18,25900.0,6.5,B
2021-06-09T10:29:14,3500.0,6.5,B
2021-06-09T10:29:12,4100.0,6.5,B
2021-06-09T10:29:08,7800.0,6.5,B
2021-06-09T10:29:08,6200.0,6.5,B
2021-06-09T10:29:07,2000.0,6.5,B
2021-06-09T10:29:07,100.0,6.5,B
2021-06-09T10:29:04,500.0,6.5,B
2021-06-09T10:29:01,1200.0,6.49,S
2021-06-09T10:29:01,500.0,6.5,B
2021-06-09T10:28:58,1500.0,6.49,S
2021-06-09T10:28:56,5000.0,6.5,B
2021-06-09T10:28:54,4000.0,6.5,B
2021-06-09T10:28:54,1000.0,6.5,B
2021-06-09T10:28:48,500.0,6.5,B
2021-06-09T10:28:47,2500.0,6.5,B
2021-06-09T10:28:43,10600.0,6.5,B
2021-06-09T10:28:38,3000.0,6.5,B
2021-06-09T10:28:36,2000.0,6.5,B
2021-06-09T10:28:32,700.0,6.49,S
2021-06-09T10:28:26,8600.0,6.5,B
2021-06-09T10:28:26,1400.0,6.5,B
2021-06-09T10:28:22,5000.0,6.5,B
2021-06-09T10:28:18,1000.0,6.5,B
2021-06-09T10:28:18,200.0,6.5,B
2021-06-09T10:28:15,300.0,6.5,B
2021-06-09T10:28:15,18200.0,6.49,S
2021-06-09T10:28:15,600.0,6.49,S
2021-06-09T10:28:14,31200.0,6.49,S
2021-06-09T10:28:13,4100.0,6.5,B
2021-06-09T10:28:13,300.0,6.5,B
2021-06-09T10:28:13,11500.0,6.5,B
2021-06-09T10:28:13,1000.0,6.5,B
2021-06-09T10:28:12,11800.0,6.5,B
2021-06-09T10:28:12,5000.0,6.5,B
2021-06-09T10:28:12,2300.0,6.5,B
2021-06-09T10:28:12,18000.0,6.5,B
2021-06-09T10:28:12,500.0,6.49,S
2021-06-09T10:28:11,100.0,6.5,B
2021-06-09T10:28:11,500.0,6.5,B
2021-06-09T10:28:04,100.0,6.49,S
2021-06-09T10:28:04,500.0,6.5,B
2021-06-09T10:28:01,6000.0,6.49,S
2021-06-09T10:28:00,20000.0,6.5,B
2021-06-09T10:28:00,3000.0,6.5,B
2021-06-09T10:28:00,1000.0,6.5,B
2021-06-09T10:28:00,1000.0,6.5,B
2021-06-09T10:27:59,200.0,6.5,B
2021-06-09T10:27:57,200.0,6.5,B
2021-06-09T10:27:56,100.0,6.5,B
2021-06-09T10:27:55,500.0,6.5,B
2021-06-09T10:27:42,10000.0,6.5,B
2021-06-09T10:27:32,11500.0,6.5,B
2021-06-09T10:27:32,9000.0,6.5,B
2021-06-09T10:27:32,11800.0,6.5,B
2021-06-09T10:27:31,167700.0,6.5,B
2021-06-09T10:27:30,1400.0,6.5,B
2021-06-09T10:27:24,20000.0,6.5,B
2021-06-09T10:27:22,800.0,6.49,S
2021-06-09T10:27:22,3000.0,6.5,B
2021-06-09T10:27:18,400.0,6.5,B
2021-06-09T10:27:17,300.0,6.5,B
2021-06-09T10:27:15,5000.0,6.5,B
2021-06-09T10:27:12,800.0,6.5,B
2021-06-09T10:27:11,1000.0,6.5,B
2021-06-09T10:26:59,2000.0,6.5,B
2021-06-09T10:26:59,3000.0,6.5,B
2021-06-09T10:26:59,15000.0,6.5,B
2021-06-09T10:26:51,29000.0,6.5,B
2021-06-09T10:26:49,10000.0,6.5,B
2021-06-09T10:26:46,500.0,6.49,S
2021-06-09T10:26:44,7800.0,6.5,B
2021-06-09T10:26:37,15000.0,6.5,B
2021-06-09T10:26:32,10000.0,6.49,B
2021-06-09T10:26:28,400.0,6.5,B
2021-06-09T10:26:25,800.0,6.5,B
2021-06-09T10:26:22,1000.0,6.5,B
2021-06-09T10:26:20,400.0,6.5,B
2021-06-09T10:26:19,700.0,6.5,B
2021-06-09T10:26:18,10000.0,6.5,B
2021-06-09T10:26:13,3000.0,6.5,B
2021-06-09T10:26:11,100.0,6.49,B
2021-06-09T10:26:11,5000.0,6.5,B
2021-06-09T10:26:09,2000.0,6.5,B
2021-06-09T10:26:08,5000.0,6.5,B
2021-06-09T10:26:07,11500.0,6.5,B
2021-06-09T10:26:07,500.0,6.5,B
2021-06-09T10:26:07,2000.0,6.5,B
2021-06-09T10:26:07,6000.0,6.5,B
2021-06-09T10:26:04,1000.0,6.49,B
2021-06-09T10:26:04,700.0,6.5,B
2021-06-09T10:26:04,1400.0,6.5,B
2021-06-09T10:26:04,1500.0,6.5,B
2021-06-09T10:26:04,4100.0,6.5,B
2021-06-09T10:26:00,100.0,6.49,B
2021-06-09T10:25:47,2000.0,6.5,B
2021-06-09T10:25:46,5000.0,6.5,B
2021-06-09T10:25:41,6000.0,6.5,B
2021-06-09T10:25:40,200.0,6.5,B
2021-06-09T10:25:37,700.0,6.49,B
2021-06-09T10:25:34,1100.0,6.49,B
2021-06-09T10:25:32,200.0,6.5,B
2021-06-09T10:25:31,2000.0,6.5,B
2021-06-09T10:25:29,2500.0,6.5,B
2021-06-09T10:25:29,17500.0,6.5,B
2021-06-09T10:25:29,500.0,6.5,B
2021-06-09T10:25:27,200.0,6.5,B
2021-06-09T10:25:07,1000.0,6.49,B
2021-06-09T10:25:05,500.0,6.5,B
2021-06-09T10:25:02,1000.0,6.5,B
2021-06-09T10:24:59,100.0,6.49,B
2021-06-09T10:24:43,300.0,6.49,B
2021-06-09T10:24:42,600.0,6.5,B
2021-06-09T10:24:37,4000.0,6.49,B
2021-06-09T10:24:35,21500.0,6.5,B
2021-06-09T10:24:35,5200.0,6.5,B
2021-06-09T10:24:35,11200.0,6.5,B
2021-06-09T10:24:35,15900.0,6.5,B
2021-06-09T10:24:35,9900.0,6.5,B
2021-06-09T10:24:35,6400.0,6.5,B
2021-06-09T10:24:35,5500.0,6.5,B
2021-06-09T10:24:35,4000.0,6.5,B
2021-06-09T10:24:35,2000.0,6.5,B
2021-06-09T10:24:35,1200.0,6.5,B
2021-06-09T10:24:35,9200.0,6.5,B
2021-06-09T10:24:35,600.0,6.5,B
2021-06-09T10:24:34,20200.0,6.5,B
2021-06-09T10:24:34,500.0,6.5,B
2021-06-09T10:24:34,37400.0,6.5,B
2021-06-09T10:24:34,55000.0,6.5,B
2021-06-09T10:24:34,94300.0,6.5,B
2021-06-09T10:24:33,23600.0,6.5,B
2021-06-09T10:24:33,19900.0,6.5,B
2021-06-09T10:24:33,124600.0,6.5,B
2021-06-09T10:24:32,20100.0,6.5,B
2021-06-09T10:24:32,11500.0,6.5,B
2021-06-09T10:24:32,15300.0,6.5,B
2021-06-09T10:24:32,800.0,6.5,B
2021-06-09T10:24:32,34200.0,6.5,B
2021-06-09T10:24:24,5000.0,6.5,B
2021-06-09T10:24:16,100.0,6.49,B
2021-06-09T10:24:12,7500.0,6.5,B
2021-06-09T10:24:03,200.0,6.5,B
2021-06-09T10:24:01,300.0,6.49,B
2021-06-09T10:23:49,700.0,6.5,B
2021-06-09T10:23:34,400.0,6.49,B
2021-06-09T10:23:32,1100.0,6.49,B
2021-06-09T10:23:31,800.0,6.49,B
2021-06-09T10:23:25,6800.0,6.49,B
2021-06-09T10:23:22,500.0,6.5,B
2021-06-09T10:23:21,50000.0,6.49,B
2021-06-09T10:23:19,500.0,6.49,B
2021-06-09T10:23:08,5000.0,6.49,B
2021-06-09T10:23:07,500.0,6.5,B
2021-06-09T10:22:58,500.0,6.48,S
2021-06-09T10:22:57,1000.0,6.48,S
2021-06-09T10:22:52,200.0,6.48,S
2021-06-09T10:22:48,500.0,6.5,B
2021-06-09T10:22:44,31700.0,6.48,S
2021-06-09T10:22:42,10000.0,6.5,B
2021-06-09T10:22:41,400.0,6.48,S
2021-06-09T10:22:35,16600.0,6.48,S
2021-06-09T10:22:26,3000.0,6.5,B
2021-06-09T10:22:26,4800.0,6.5,B
2021-06-09T10:22:26,3200.0,6.5,B
2021-06-09T10:22:24,20000.0,6.5,B
2021-06-09T10:22:24,500.0,6.5,B
2021-06-09T10:22:23,500.0,6.5,B
2021-06-09T10:22:03,5000.0,6.48,S
2021-06-09T10:22:01,100.0,6.48,S
2021-06-09T10:21:58,4400.0,6.5,B
2021-06-09T10:21:57,200.0,6.49,B
2021-06-09T10:21:49,10000.0,6.49,B
2021-06-09T10:21:44,9500.0,6.49,B
2021-06-09T10:21:27,1000.0,6.49,B
2021-06-09T10:21:26,300.0,6.49,B
2021-06-09T10:21:25,100.0,6.49,B
2021-06-09T10:21:24,500.0,6.49,B
2021-06-09T10:21:24,10000.0,6.48,S
2021-06-09T10:21:23,12100.0,6.49,B
2021-06-09T10:21:23,4000.0,6.49,B
2021-06-09T10:21:23,11400.0,6.49,B
2021-06-09T10:21:23,32500.0,6.49,B
2021-06-09T10:21:21,5500.0,6.48,S
2021-06-09T10:21:21,14500.0,6.48,S
2021-06-09T10:21:19,5400.0,6.48,S
2021-06-09T10:21:19,10300.0,6.49,B
2021-06-09T10:21:08,2000.0,6.48,S
2021-06-09T10:21:06,4100.0,6.48,S
2021-06-09T10:21:06,5900.0,6.48,S
2021-06-09T10:20:59,1000.0,6.48,S
2021-06-09T10:20:56,200.0,6.48,S
2021-06-09T10:20:53,1000.0,6.48,S
2021-06-09T10:20:51,2900.0,6.48,S
2021-06-09T10:20:40,26600.0,6.48,S
2021-06-09T10:20:34,4100.0,6.48,S
2021-06-09T10:20:34,4000.0,6.48,S
2021-06-09T10:20:32,100.0,6.48,S
2021-06-09T10:20:29,20000.0,6.48,S
2021-06-09T10:20:28,500.0,6.48,S
2021-06-09T10:20:27,20000.0,6.48,S
2021-06-09T10:20:21,200.0,6.48,S
2021-06-09T10:20:20,17900.0,6.48,S
2021-06-09T10:20:20,300.0,6.48,S
2021-06-09T10:20:19,1800.0,6.48,S
2021-06-09T10:20:00,7800.0,6.48,S
2021-06-09T10:19:53,5000.0,6.49,B
2021-06-09T10:19:48,1000.0,6.49,B
2021-06-09T10:19:45,7000.0,6.49,B
2021-06-09T10:19:44,300.0,6.48,S
2021-06-09T10:19:43,200.0,6.48,S
2021-06-09T10:19:32,5000.0,6.48,S
2021-06-09T10:19:32,2100.0,6.48,S
2021-06-09T10:19:31,1000.0,6.49,B
2021-06-09T10:19:28,2000.0,6.49,B
2021-06-09T10:19:28,700.0,6.48,S
2021-06-09T10:19:15,100.0,6.48,S
2021-06-09T10:19:12,100.0,6.48,S
2021-06-09T10:19:06,4500.0,6.48,S
2021-06-09T10:19:01,1000.0,6.48,S
2021-06-09T10:19:00,500.0,6.48,S
2021-06-09T10:18:58,1000.0,6.48,S
2021-06-09T10:18:30,500.0,6.48,S
2021-06-09T10:18:26,3800.0,6.48,B
2021-06-09T10:18:26,7000.0,6.48,B
2021-06-09T10:18:22,3000.0,6.48,B
2021-06-09T10:18:21,100.0,6.48,B
2021-06-09T10:18:12,33900.0,6.47,S
2021-06-09T10:18:12,17500.0,6.47,S
2021-06-09T10:18:12,10600.0,6.47,S
2021-06-09T10:18:12,6100.0,6.47,S
2021-06-09T10:18:12,800.0,6.47,S
2021-06-09T10:18:12,5000.0,6.47,S
2021-06-09T10:18:09,2000.0,6.47,S
2021-06-09T10:18:08,10000.0,6.47,S
2021-06-09T10:18:04,50000.0,6.47,S
2021-06-09T10:18:02,200.0,6.48,B
2021-06-09T10:18:01,2300.0,6.49,B
2021-06-09T10:17:59,6000.0,6.48,B
2021-06-09T10:17:59,3500.0,6.48,B
2021-06-09T10:17:59,6300.0,6.48,B
2021-06-09T10:17:54,2000.0,6.47,S
2021-06-09T10:17:54,3000.0,6.48,B
2021-06-09T10:17:52,600.0,6.48,B
2021-06-09T10:17:49,500.0,6.48,B
2021-06-09T10:17:44,15400.0,6.47,S
2021-06-09T10:17:42,10000.0,6.47,S
2021-06-09T10:17:39,1000.0,6.47,S
2021-06-09T10:17:30,11000.0,6.47,S
2021-06-09T10:17:30,16500.0,6.47,S
2021-06-09T10:17:26,500.0,6.48,B
2021-06-09T10:17:25,1600.0,6.47,S
2021-06-09T10:17:24,8400.0,6.47,S
2021-06-09T10:17:24,200.0,6.48,B
2021-06-09T10:17:20,100.0,6.48,B
2021-06-09T10:17:12,200.0,6.48,B
2021-06-09T10:17:10,20000.0,6.47,S
2021-06-09T10:16:56,30000.0,6.48,B
2021-06-09T10:16:50,1400.0,6.48,B
2021-06-09T10:16:43,10000.0,6.48,B
2021-06-09T10:16:37,100.0,6.47,S
2021-06-09T10:16:37,200.0,6.48,B
2021-06-09T10:16:37,500.0,6.48,B
2021-06-09T10:16:37,1800.0,6.47,S
2021-06-09T10:16:36,1200.0,6.47,S
2021-06-09T10:16:35,500.0,6.48,B
2021-06-09T10:16:26,500.0,6.48,B
2021-06-09T10:16:24,800.0,6.48,B
2021-06-09T10:16:23,100.0,6.48,B
2021-06-09T10:16:23,4500.0,6.47,S
2021-06-09T10:16:23,30200.0,6.47,S
2021-06-09T10:16:21,1000.0,6.48,B
2021-06-09T10:16:18,5000.0,6.47,S
2021-06-09T10:16:18,2000.0,6.47,S
2021-06-09T10:16:17,10000.0,6.47,S
2021-06-09T10:16:13,500.0,6.47,S
2021-06-09T10:16:05,1500.0,6.47,S
2021-06-09T10:16:00,17000.0,6.47,S
2021-06-09T10:16:00,500.0,6.48,B
2021-06-09T10:16:00,3000.0,6.48,B
2021-06-09T10:15:59,1200.0,6.48,B
2021-06-09T10:15:51,100.0,6.48,B
2021-06-09T10:15:50,5000.0,6.47,S
2021-06-09T10:15:48,1000.0,6.48,B
2021-06-09T10:15:48,2000.0,6.48,B
2021-06-09T10:15:47,4700.0,6.47,S
2021-06-09T10:15:41,200.0,6.47,S
2021-06-09T10:15:34,300.0,6.48,B
2021-06-09T10:15:32,2000.0,6.48,B
2021-06-09T10:15:28,2200.0,6.48,B
2021-06-09T10:15:28,6700.0,6.48,B
2021-06-09T10:15:24,2600.0,6.47,S
2021-06-09T10:15:15,4700.0,6.47,S
2021-06-09T10:15:12,100.0,6.48,B
2021-06-09T10:15:09,10000.0,6.47,S
2021-06-09T10:15:08,6000.0,6.48,B
2021-06-09T10:15:02,500.0,6.48,B
2021-06-09T10:14:58,400.0,6.48,B
2021-06-09T10:14:55,500.0,6.47,S
2021-06-09T10:14:54,2000.0,6.47,S
2021-06-09T10:14:46,5000.0,6.48,B
2021-06-09T10:14:34,500.0,6.48,B
2021-06-09T10:14:33,500.0,6.48,B
2021-06-09T10:14:32,20000.0,6.48,B
2021-06-09T10:14:30,1000.0,6.48,B
2021-06-09T10:14:27,1000.0,6.48,B
2021-06-09T10:14:22,300.0,6.48,B
2021-06-09T10:14:22,300.0,6.47,S
2021-06-09T10:14:19,200.0,6.48,B
2021-06-09T10:14:15,5000.0,6.48,B
2021-06-09T10:14:12,1600.0,6.47,S
2021-06-09T10:14:11,5000.0,6.47,S
2021-06-09T10:14:10,300.0,6.48,B
2021-06-09T10:14:08,600.0,6.48,B
2021-06-09T10:14:05,7600.0,6.47,S
2021-06-09T10:14:05,3200.0,6.47,S
2021-06-09T10:14:05,3000.0,6.47,S
2021-06-09T10:14:05,5200.0,6.47,S
2021-06-09T10:14:05,10000.0,6.47,S
2021-06-09T10:14:05,3300.0,6.47,S
2021-06-09T10:14:05,600.0,6.47,S
2021-06-09T10:14:04,13500.0,6.47,S
2021-06-09T10:14:04,1000.0,6.47,S
2021-06-09T10:14:04,400.0,6.47,S
2021-06-09T10:14:02,10000.0,6.48,B
2021-06-09T10:14:01,300.0,6.47,S
2021-06-09T10:13:56,1200.0,6.47,S
2021-06-09T10:13:51,2400.0,6.47,S
2021-06-09T10:13:51,100.0,6.47,S
2021-06-09T10:13:50,3500.0,6.47,S
2021-06-09T10:13:45,300.0,6.48,B
2021-06-09T10:13:45,10000.0,6.48,B
2021-06-09T10:13:35,2000.0,6.47,S
2021-06-09T10:13:33,100.0,6.48,B
2021-06-09T10:13:31,2000.0,6.48,B
2021-06-09T10:13:26,3000.0,6.47,S
2021-06-09T10:13:24,2000.0,6.47,S
2021-06-09T10:13:13,400.0,6.48,B
2021-06-09T10:13:12,1100.0,6.48,B
2021-06-09T10:13:12,1100.0,6.48,B
2021-06-09T10:13:12,800.0,6.48,B
2021-06-09T10:13:05,300.0,6.48,B
2021-06-09T10:13:05,1700.0,6.48,B
2021-06-09T10:13:04,3800.0,6.48,B
2021-06-09T10:13:00,200.0,6.47,S
2021-06-09T10:12:58,800.0,6.47,S
2021-06-09T10:12:54,200.0,6.47,S
2021-06-09T10:12:52,400.0,6.48,B
2021-06-09T10:12:48,300.0,6.48,B
2021-06-09T10:12:47,600.0,6.47,S
2021-06-09T10:12:45,8500.0,6.47,S
2021-06-09T10:12:44,1800.0,6.48,B
2021-06-09T10:12:43,9000.0,6.47,S
2021-06-09T10:12:25,5000.0,6.47,S
2021-06-09T10:12:18,200.0,6.48,B
2021-06-09T10:12:11,5000.0,6.48,B
2021-06-09T10:12:07,300.0,6.48,B
2021-06-09T10:11:58,3000.0,6.48,B
2021-06-09T10:11:52,1800.0,6.47,S
2021-06-09T10:11:49,100.0,6.48,B
2021-06-09T10:11:46,1100.0,6.47,S
2021-06-09T10:11:45,1000.0,6.48,B
2021-06-09T10:11:43,400.0,6.48,B
2021-06-09T10:11:41,4900.0,6.47,S
2021-06-09T10:11:39,100.0,6.47,S
2021-06-09T10:11:33,100.0,6.46,S
2021-06-09T10:11:32,50000.0,6.46,S
2021-06-09T10:11:30,10000.0,6.48,B
2021-06-09T10:11:23,1000.0,6.48,B
2021-06-09T10:11:20,200.0,6.48,B
2021-06-09T10:11:19,2000.0,6.48,B
2021-06-09T10:11:19,3000.0,6.47,S
2021-06-09T10:11:13,200.0,6.47,S
2021-06-09T10:11:08,300.0,6.48,B
2021-06-09T10:11:07,200.0,6.48,B
2021-06-09T10:11:06,1000.0,6.47,S
2021-06-09T10:11:04,200.0,6.48,B
2021-06-09T10:10:57,1200.0,6.47,S
2021-06-09T10:10:52,7400.0,6.47,S
2021-06-09T10:10:48,500.0,6.47,S
2021-06-09T10:10:46,500.0,6.48,B
2021-06-09T10:10:40,1500.0,6.47,S
2021-06-09T10:10:40,1000.0,6.47,S
2021-06-09T10:10:34,400.0,6.47,S
2021-06-09T10:10:34,200.0,6.47,S
2021-06-09T10:10:34,3000.0,6.48,B
2021-06-09T10:10:34,200.0,6.48,B
2021-06-09T10:10:29,1700.0,6.48,B
2021-06-09T10:10:29,500.0,6.48,B
2021-06-09T10:10:24,5000.0,6.48,B
2021-06-09T10:10:18,5000.0,6.48,B
2021-06-09T10:10:11,3000.0,6.47,S
2021-06-09T10:10:08,13600.0,6.46,S
2021-06-09T10:10:08,16400.0,6.47,S
2021-06-09T10:09:51,500.0,6.49,B
2021-06-09T10:09:47,700.0,6.49,B
2021-06-09T10:09:45,10000.0,6.48,B
2021-06-09T10:09:42,100.0,6.48,B
2021-06-09T10:09:42,1500.0,6.48,B
2021-06-09T10:09:34,500.0,6.48,B
2021-06-09T10:09:32,400.0,6.48,B
2021-06-09T10:09:29,17000.0,6.48,B
2021-06-09T10:09:20,43700.0,6.48,B
2021-06-09T10:09:20,100.0,6.48,B
2021-06-09T10:09:19,5000.0,6.48,B
2021-06-09T10:09:18,1100.0,6.48,B
2021-06-09T10:09:17,4800.0,6.48,B
2021-06-09T10:09:15,200.0,6.47,S
2021-06-09T10:09:15,400.0,6.47,S
2021-06-09T10:09:13,10000.0,6.46,S
2021-06-09T10:09:09,64100.0,6.49,B
2021-06-09T10:09:09,20000.0,6.49,B
2021-06-09T10:09:09,100.0,6.49,B
2021-06-09T10:09:09,11900.0,6.49,B
2021-06-09T10:09:07,2000.0,6.47,S
2021-06-09T10:09:04,3100.0,6.49,B
2021-06-09T10:09:04,25000.0,6.49,B
2021-06-09T10:09:04,20000.0,6.49,B
2021-06-09T10:09:04,101900.0,6.49,B
2021-06-09T10:09:00,100.0,6.48,B
2021-06-09T10:08:57,11500.0,6.48,B
2021-06-09T10:08:57,1000.0,6.48,B
2021-06-09T10:08:57,2000.0,6.48,B
2021-06-09T10:08:57,5000.0,6.48,B
2021-06-09T10:08:57,30500.0,6.48,B
2021-06-09T10:08:57,100.0,6.47,S
2021-06-09T10:08:51,50000.0,6.48,B
2021-06-09T10:08:51,200.0,6.47,S
2021-06-09T10:08:47,1000.0,6.47,S
2021-06-09T10:08:44,10900.0,6.47,S
2021-06-09T10:08:32,1600.0,6.47,S
2021-06-09T10:08:30,1900.0,6.47,S
2021-06-09T10:08:30,5000.0,6.47,S
2021-06-09T10:08:26,100.0,6.46,S
2021-06-09T10:08:24,100.0,6.47,S
2021-06-09T10:08:21,1000.0,6.47,S
2021-06-09T10:08:20,400.0,6.47,S
2021-06-09T10:08:10,5000.0,6.47,S
2021-06-09T10:08:05,5000.0,6.47,S
2021-06-09T10:07:58,500.0,6.47,S
2021-06-09T10:07:58,1500.0,6.47,S
2021-06-09T10:07:38,10000.0,6.47,S
2021-06-09T10:07:36,2000.0,6.46,S
2021-06-09T10:07:31,3000.0,6.47,S
2021-06-09T10:07:31,15100.0,6.47,S
2021-06-09T10:07:26,5200.0,6.47,S
2021-06-09T10:07:25,35300.0,6.48,B
2021-06-09T10:07:25,1600.0,6.48,B
2021-06-09T10:07:25,5000.0,6.48,B
2021-06-09T10:07:25,58100.0,6.48,B
2021-06-09T10:07:24,500.0,6.48,B
2021-06-09T10:07:12,100.0,6.48,B
2021-06-09T10:07:04,4000.0,6.47,S
2021-06-09T10:07:04,2100.0,6.47,S
2021-06-09T10:07:04,1800.0,6.47,S
2021-06-09T10:07:04,5000.0,6.47,S
2021-06-09T10:07:04,1400.0,6.47,S
2021-06-09T10:07:03,100.0,6.47,S
2021-06-09T10:07:03,1400.0,6.47,S
2021-06-09T10:07:02,5000.0,6.47,S
2021-06-09T10:06:55,200.0,6.48,B
2021-06-09T10:06:53,5000.0,6.48,B
2021-06-09T10:06:52,500.0,6.47,S
2021-06-09T10:06:48,100.0,6.48,B
2021-06-09T10:06:46,200.0,6.48,B
2021-06-09T10:06:44,100.0,6.48,B
2021-06-09T10:06:42,200.0,6.48,B
2021-06-09T10:06:40,1000.0,6.48,B
2021-06-09T10:06:40,9000.0,6.47,S
2021-06-09T10:06:36,100.0,6.48,B
2021-06-09T10:06:31,100000.0,6.48,B
2021-06-09T10:06:30,2200.0,6.48,B
2021-06-09T10:06:25,2000.0,6.47,S
2021-06-09T10:06:25,500.0,6.48,B
2021-06-09T10:06:23,200.0,6.48,B
2021-06-09T10:06:22,200.0,6.47,S
2021-06-09T10:06:14,100.0,6.48,B
2021-06-09T10:06:11,2500.0,6.48,B
2021-06-09T10:06:07,13300.0,6.47,S
2021-06-09T10:06:06,2000.0,6.47,S
2021-06-09T10:06:00,1000.0,6.48,B
2021-06-09T10:05:57,2000.0,6.47,S
2021-06-09T10:05:51,200.0,6.47,S
2021-06-09T10:05:48,100.0,6.48,B
2021-06-09T10:05:36,1000.0,6.48,B
2021-06-09T10:05:35,200.0,6.47,S
2021-06-09T10:05:35,6000.0,6.47,S
2021-06-09T10:05:34,30000.0,6.47,S
2021-06-09T10:05:33,100.0,6.48,B
2021-06-09T10:05:30,3000.0,6.47,S
2021-06-09T10:05:26,300.0,6.48,B
2021-06-09T10:05:24,100.0,6.48,B
2021-06-09T10:05:24,20000.0,6.48,B
2021-06-09T10:05:23,2000.0,6.48,B
2021-06-09T10:05:18,100.0,6.48,B
2021-06-09T10:05:17,100.0,6.47,S
2021-06-09T10:05:14,100.0,6.47,S
2021-06-09T10:04:56,100.0,6.48,B
2021-06-09T10:04:51,3000.0,6.48,B
2021-06-09T10:04:50,3000.0,6.48,B
2021-06-09T10:04:45,500.0,6.48,B
2021-06-09T10:04:44,300.0,6.47,S
2021-06-09T10:04:34,1000.0,6.48,B
2021-06-09T10:04:30,10000.0,6.47,S
2021-06-09T10:04:09,1000.0,6.48,B
2021-06-09T10:04:06,5000.0,6.47,S
2021-06-09T10:04:06,100.0,6.47,S
2021-06-09T10:04:02,100.0,6.48,B
2021-06-09T10:03:57,100.0,6.48,B
2021-06-09T10:03:55,100.0,6.47,S
2021-06-09T10:03:41,200.0,6.48,B
2021-06-09T10:03:35,2500.0,6.48,B
2021-06-09T10:03:32,2300.0,6.47,S
2021-06-09T10:03:32,42200.0,6.47,S
2021-06-09T10:03:32,100.0,6.47,S
2021-06-09T10:03:26,2200.0,6.46,S
2021-06-09T10:03:22,300.0,6.47,S
2021-06-09T10:03:15,200.0,6.47,S
2021-06-09T10:03:11,200.0,6.47,S
2021-06-09T10:03:07,2200.0,6.47,S
2021-06-09T10:03:02,1000.0,6.47,S
2021-06-09T10:03:00,100.0,6.47,S
2021-06-09T10:02:56,500.0,6.47,S
2021-06-09T10:02:55,5000.0,6.46,S
2021-06-09T10:02:45,5000.0,6.47,S
2021-06-09T10:02:45,200.0,6.47,S
2021-06-09T10:02:38,100.0,6.48,B
2021-06-09T10:02:35,15000.0,6.46,S
2021-06-09T10:02:33,100.0,6.48,B
2021-06-09T10:02:31,500.0,6.48,B
2021-06-09T10:02:27,4300.0,6.46,S
2021-06-09T10:02:24,100.0,6.48,B
2021-06-09T10:02:24,6200.0,6.47,S
2021-06-09T10:02:24,2000.0,6.47,S
2021-06-09T10:02:24,11800.0,6.47,S
2021-06-09T10:02:24,300.0,6.48,B
2021-06-09T10:02:23,100.0,6.48,B
2021-06-09T10:02:21,500.0,6.48,B
2021-06-09T10:02:21,100.0,6.48,B
2021-06-09T10:02:17,100.0,6.48,B
2021-06-09T10:02:15,2000.0,6.48,B
2021-06-09T10:01:50,200.0,6.49,B
2021-06-09T10:01:50,100.0,6.48,B
2021-06-09T10:01:49,500.0,6.47,S
2021-06-09T10:01:49,3000.0,6.47,S
2021-06-09T10:01:45,300.0,6.48,B
2021-06-09T10:01:45,300.0,6.48,B
2021-06-09T10:01:42,300.0,6.48,B
2021-06-09T10:01:41,15000.0,6.47,S
2021-06-09T10:01:24,300.0,6.47,S
2021-06-09T10:01:21,1000.0,6.48,B
2021-06-09T10:01:20,12300.0,6.47,S
2021-06-09T10:01:17,300.0,6.47,S
2021-06-09T10:01:13,30000.0,6.48,B
2021-06-09T10:01:12,100.0,6.48,B
2021-06-09T10:01:08,6000.0,6.47,S
2021-06-09T10:01:06,300.0,6.48,B
2021-06-09T10:01:04,1000.0,6.47,S
2021-06-09T10:01:02,500.0,6.48,B
2021-06-09T10:00:57,1000.0,6.48,B
2021-06-09T10:00:54,2000.0,6.48,B
2021-06-09T10:00:50,1000.0,6.48,B
2021-06-09T10:00:47,500.0,6.48,B
2021-06-09T10:00:45,2000.0,6.48,B
2021-06-09T10:00:39,300.0,6.48,B
2021-06-09T10:00:39,3000.0,6.48,B
2021-06-09T10:00:39,400.0,6.48,B
2021-06-09T10:00:31,500.0,6.48,B
2021-06-09T10:00:30,1000.0,6.48,B
2021-06-09T10:00:30,100.0,6.48,B
2021-06-09T10:00:25,10000.0,6.47,S
2021-06-09T10:00:22,200.0,6.48,B
2021-06-09T10:00:21,100.0,6.48,B
2021-06-09T10:00:10,2500.0,6.48,B
2021-06-09T10:00:09,500.0,6.48,B
2021-06-09T10:00:06,1000.0,6.47,S
2021-06-09T10:00:05,3000.0,6.48,B
2021-06-09T10:00:04,1000.0,6.47,S
2021-06-09T10:00:01,7000.0,6.48,B
2021-06-09T10:00:00,300.0,6.47,S
2021-06-09T09:59:55,200.0,6.47,S
2021-06-09T09:59:54,100.0,6.48,B
2021-06-09T09:59:51,200.0,6.48,B
2021-06-09T09:59:51,17300.0,6.46,S
2021-06-09T09:59:51,12700.0,6.47,S
2021-06-09T09:59:44,1000.0,6.48,B
2021-06-09T09:59:41,20000.0,6.48,B
2021-06-09T09:59:41,2500.0,6.48,B
2021-06-09T09:59:40,700.0,6.48,B
2021-06-09T09:59:36,600.0,6.48,B
2021-06-09T09:59:34,2300.0,6.48,B
2021-06-09T09:59:32,3200.0,6.48,B
2021-06-09T09:59:30,2000.0,6.48,S
2021-06-09T09:59:28,200.0,6.48,S
2021-06-09T09:59:27,2000.0,6.48,S
2021-06-09T09:59:27,1400.0,6.48,S
2021-06-09T09:59:26,5500.0,6.48,S
2021-06-09T09:59:09,200.0,6.48,S
2021-06-09T09:59:03,100.0,6.48,S
2021-06-09T09:58:56,100.0,6.49,S
2021-06-09T09:58:56,3000.0,6.47,S
2021-06-09T09:58:50,100.0,6.49,S
2021-06-09T09:58:31,5000.0,6.47,S
2021-06-09T09:58:27,1000.0,6.49,S
2021-06-09T09:58:25,200.0,6.49,S
2021-06-09T09:58:19,7200.0,6.49,S
2021-06-09T09:58:19,2100.0,6.49,S
2021-06-09T09:58:18,700.0,6.48,S
2021-06-09T09:58:14,500.0,6.48,S
2021-06-09T09:58:13,3000.0,6.48,S
2021-06-09T09:58:11,500.0,6.48,S
2021-06-09T09:58:11,2600.0,6.48,S
2021-06-09T09:58:10,1000.0,6.48,S
2021-06-09T09:58:06,1000.0,6.48,S
2021-06-09T09:58:04,5100.0,6.48,S
2021-06-09T09:58:04,1000.0,6.47,S
2021-06-09T09:58:02,200.0,6.48,S
2021-06-09T09:58:00,500.0,6.48,S
2021-06-09T09:57:54,100.0,6.48,S
2021-06-09T09:57:54,1000.0,6.49,S
2021-06-09T09:57:54,100.0,6.49,S
2021-06-09T09:57:51,500.0,6.49,S
2021-06-09T09:57:47,1000.0,6.49,S
2021-06-09T09:57:45,1000.0,6.49,S
2021-06-09T09:57:45,100.0,6.49,S
2021-06-09T09:57:42,2000.0,6.49,S
2021-06-09T09:57:39,7500.0,6.47,S
2021-06-09T09:57:38,500.0,6.49,S
2021-06-09T09:57:37,3000.0,6.49,S
2021-06-09T09:57:36,65000.0,6.47,S
2021-06-09T09:57:35,200.0,6.49,S
2021-06-09T09:57:34,200.0,6.48,S
2021-06-09T09:57:30,100.0,6.49,S
2021-06-09T09:57:27,5600.0,6.49,S
2021-06-09T09:57:23,400.0,6.49,S
2021-06-09T09:57:23,2000.0,6.47,S
2021-06-09T09:57:22,15000.0,6.47,S
2021-06-09T09:57:21,200.0,6.49,S
2021-06-09T09:57:21,2700.0,6.49,S
2021-06-09T09:57:19,400.0,6.49,S
2021-06-09T09:57:17,300.0,6.49,S
2021-06-09T09:57:14,2500.0,6.49,S
2021-06-09T09:57:03,100.0,6.48,S
2021-06-09T09:56:59,200.0,6.49,S
2021-06-09T09:56:49,400.0,6.49,S
2021-06-09T09:56:37,5000.0,6.49,S
2021-06-09T09:56:34,500.0,6.49,S
2021-06-09T09:56:21,2000.0,6.49,S
2021-06-09T09:56:18,5000.0,6.49,S
2021-06-09T09:56:14,100.0,6.48,S
2021-06-09T09:56:12,1000.0,6.48,S
2021-06-09T09:56:12,1000.0,6.48,S
2021-06-09T09:56:04,3000.0,6.48,S
2021-06-09T09:55:48,1000.0,6.48,S
2021-06-09T09:55:36,200.0,6.48,S
2021-06-09T09:55:34,9200.0,6.47,S
2021-06-09T09:55:32,5000.0,6.47,S
2021-06-09T09:55:24,5200.0,6.49,S
2021-06-09T09:55:21,1000.0,6.49,S
2021-06-09T09:55:07,5300.0,6.49,S
2021-06-09T09:55:06,1000.0,6.49,S
2021-06-09T09:55:03,200.0,6.49,S
2021-06-09T09:55:02,1200.0,6.49,S
2021-06-09T09:55:01,500.0,6.49,S
2021-06-09T09:54:59,6000.0,6.5,B
2021-06-09T09:54:54,500.0,6.5,B
2021-06-09T09:54:50,400.0,6.45,S
2021-06-09T09:54:45,2000.0,6.5,B
2021-06-09T09:54:45,7800.0,6.45,S
2021-06-09T09:54:44,2200.0,6.45,S
2021-06-09T09:54:40,2000.0,6.5,B
2021-06-09T09:54:38,3000.0,6.45,S
2021-06-09T09:54:34,500.0,6.5,B
2021-06-09T09:54:31,5100.0,6.5,B
2021-06-09T09:54:30,500.0,6.5,B
2021-06-09T09:54:27,200.0,6.5,B
2021-06-09T09:54:26,500.0,6.45,S
2021-06-09T09:54:25,50000.0,6.5,B
2021-06-09T09:54:21,4000.0,6.49,S
2021-06-09T09:54:13,1000.0,6.49,S
2021-06-09T09:54:11,100.0,6.49,S
2021-06-09T09:54:05,100.0,6.49,S
2021-06-09T09:54:05,2000.0,6.49,S
2021-06-09T09:54:03,400.0,6.49,S
2021-06-09T09:54:02,200.0,6.49,S
2021-06-09T09:53:59,1000.0,6.45,S
2021-06-09T09:53:56,200.0,6.5,B
2021-06-09T09:53:56,6400.0,6.49,S
2021-06-09T09:53:56,3500.0,6.45,S
2021-06-09T09:53:56,5200.0,6.45,S
2021-06-09T09:53:56,300.0,6.45,S
2021-06-09T09:53:56,27300.0,6.45,S
2021-06-09T09:53:55,200.0,6.49,S
2021-06-09T09:53:52,300.0,6.5,B
2021-06-09T09:53:41,100.0,6.5,B
2021-06-09T09:53:40,5500.0,6.5,B
2021-06-09T09:53:34,300.0,6.5,B
2021-06-09T09:53:33,6000.0,6.45,S
2021-06-09T09:53:33,19800.0,6.45,S
2021-06-09T09:53:33,100.0,6.45,S
2021-06-09T09:53:33,400.0,6.45,S
2021-06-09T09:53:33,3500.0,6.45,S
2021-06-09T09:53:33,5400.0,6.45,S
2021-06-09T09:53:33,1100.0,6.45,S
2021-06-09T09:53:32,1000.0,6.45,S
2021-06-09T09:53:32,6000.0,6.45,S
2021-06-09T09:53:32,2700.0,6.45,S
2021-06-09T09:53:32,11300.0,6.45,S
2021-06-09T09:53:32,1200.0,6.46,S
2021-06-09T09:53:32,4200.0,6.47,S
2021-06-09T09:53:30,200.0,6.5,B
2021-06-09T09:53:28,200.0,6.49,S
2021-06-09T09:53:28,3500.0,6.5,B
2021-06-09T09:53:20,1000.0,6.5,B
2021-06-09T09:53:20,100.0,6.5,B
2021-06-09T09:53:12,2000.0,6.47,S
2021-06-09T09:53:12,700.0,6.5,B
2021-06-09T09:53:05,400.0,6.47,S
2021-06-09T09:53:05,12200.0,6.5,B
2021-06-09T09:52:59,4200.0,6.5,B
2021-06-09T09:52:55,2500.0,6.5,B
2021-06-09T09:52:52,100.0,6.5,B
2021-06-09T09:52:50,1000.0,6.5,B
2021-06-09T09:52:47,5000.0,6.5,B
2021-06-09T09:52:42,2500.0,6.47,S
2021-06-09T09:52:35,100.0,6.5,B
2021-06-09T09:52:33,3000.0,6.5,B
2021-06-09T09:52:33,7600.0,6.47,S
2021-06-09T09:52:33,2400.0,6.48,S
2021-06-09T09:52:30,30000.0,6.48,S
2021-06-09T09:52:29,100.0,6.5,B
