tradingTime,volume,price,side
2021-06-09T14:30:15,1000.0,10.7,B
2021-06-09T14:30:10,3600.0,10.65,S
2021-06-09T14:30:10,1000.0,10.65,S
2021-06-09T14:30:10,65400.0,10.65,S
2021-06-09T14:29:49,1000.0,10.7,S
2021-06-09T14:29:48,5000.0,10.7,S
2021-06-09T14:29:39,100.0,10.7,S
2021-06-09T14:29:31,1000.0,10.7,S
2021-06-09T14:29:22,500.0,10.7,S
2021-06-09T14:29:20,100.0,10.7,S
2021-06-09T14:29:16,100.0,10.7,S
2021-06-09T14:28:47,2000.0,10.7,S
2021-06-09T14:28:46,4000.0,10.65,S
2021-06-09T14:28:04,100.0,10.7,B
2021-06-09T14:28:02,12400.0,10.7,B
2021-06-09T14:28:02,6000.0,10.7,B
2021-06-09T14:28:02,1000.0,10.7,B
2021-06-09T14:28:01,200.0,10.7,B
2021-06-09T14:28:01,100.0,10.7,B
2021-06-09T14:28:01,3600.0,10.7,B
2021-06-09T14:28:01,9300.0,10.7,B
2021-06-09T14:28:00,9300.0,10.7,B
2021-06-09T14:27:34,1000.0,10.65,S
2021-06-09T14:27:30,700.0,10.65,S
2021-06-09T14:27:27,6000.0,10.65,S
2021-06-09T14:27:24,4200.0,10.7,B
2021-06-09T14:27:21,6000.0,10.65,S
2021-06-09T14:27:06,7000.0,10.65,S
2021-06-09T14:27:02,300.0,10.65,S
2021-06-09T14:27:01,2000.0,10.65,S
2021-06-09T14:26:58,100.0,10.7,B
2021-06-09T14:26:56,300.0,10.65,S
2021-06-09T14:26:41,400.0,10.65,S
2021-06-09T14:26:37,1000.0,10.65,S
2021-06-09T14:25:43,300.0,10.65,B
2021-06-09T14:25:33,1000.0,10.7,B
2021-06-09T14:24:25,58900.0,10.65,B
2021-06-09T14:24:25,1600.0,10.65,B
2021-06-09T14:24:25,1100.0,10.65,B
2021-06-09T14:24:24,8500.0,10.65,B
2021-06-09T14:24:10,100.0,10.65,B
2021-06-09T14:24:09,100.0,10.6,S
2021-06-09T14:23:50,200.0,10.65,B
2021-06-09T14:23:42,6000.0,10.65,B
2021-06-09T14:23:35,9900.0,10.6,S
2021-06-09T14:23:30,100.0,10.65,B
2021-06-09T14:23:23,100.0,10.65,B
2021-06-09T14:23:12,3000.0,10.6,S
2021-06-09T14:22:58,100.0,10.65,B
2021-06-09T14:22:14,4200.0,10.6,S
2021-06-09T14:22:13,800.0,10.6,S
2021-06-09T14:22:08,1000.0,10.6,S
2021-06-09T14:22:06,2000.0,10.65,B
2021-06-09T14:21:59,200.0,10.65,B
2021-06-09T14:21:30,1900.0,10.65,B
2021-06-09T14:21:25,1000.0,10.65,B
2021-06-09T14:21:22,6000.0,10.6,S
2021-06-09T14:21:06,1000.0,10.65,B
2021-06-09T14:20:52,100.0,10.6,S
2021-06-09T14:20:50,2000.0,10.6,S
2021-06-09T14:20:48,17600.0,10.6,S
2021-06-09T14:20:48,1000.0,10.6,S
2021-06-09T14:20:48,19200.0,10.6,S
2021-06-09T14:20:48,3000.0,10.6,S
2021-06-09T14:20:48,1200.0,10.6,S
2021-06-09T14:20:47,8000.0,10.6,S
2021-06-09T14:20:11,1700.0,10.6,S
2021-06-09T14:20:10,1000.0,10.65,B
2021-06-09T14:19:58,100.0,10.65,S
2021-06-09T14:19:41,100.0,10.65,S
2021-06-09T14:19:40,13700.0,10.65,S
2021-06-09T14:19:32,26300.0,10.65,S
2021-06-09T14:19:32,1000.0,10.6,S
2021-06-09T14:19:14,100.0,10.65,S
2021-06-09T14:18:45,6900.0,10.6,S
2021-06-09T14:18:45,1000.0,10.6,S
2021-06-09T14:18:45,10600.0,10.6,S
2021-06-09T14:18:38,1000.0,10.65,S
2021-06-09T14:18:38,500.0,10.65,S
2021-06-09T14:18:27,200.0,10.6,S
2021-06-09T14:18:27,23000.0,10.65,S
2021-06-09T14:18:15,1000.0,10.7,B
2021-06-09T14:18:09,10300.0,10.7,B
2021-06-09T14:18:07,400.0,10.65,S
2021-06-09T14:17:50,1900.0,10.65,S
2021-06-09T14:17:45,2000.0,10.7,B
2021-06-09T14:17:36,20000.0,10.6,S
2021-06-09T14:17:33,1700.0,10.7,B
2021-06-09T14:17:33,2000.0,10.7,B
2021-06-09T14:17:32,8000.0,10.7,B
2021-06-09T14:17:19,25700.0,10.7,B
2021-06-09T14:17:07,19000.0,10.7,B
2021-06-09T14:16:32,1000.0,10.7,B
2021-06-09T14:16:20,300.0,10.7,B
2021-06-09T14:16:06,11000.0,10.65,S
2021-06-09T14:14:42,1000.0,10.7,S
2021-06-09T14:14:26,200.0,10.7,S
2021-06-09T14:13:59,3000.0,10.7,S
2021-06-09T14:13:56,400.0,10.7,S
2021-06-09T14:13:54,200.0,10.7,S
2021-06-09T14:13:42,1000.0,10.75,B
2021-06-09T14:13:21,15500.0,10.65,B
2021-06-09T14:13:18,5000.0,10.6,S
2021-06-09T14:13:04,500.0,10.65,S
2021-06-09T14:12:48,500.0,10.65,S
2021-06-09T14:12:48,200.0,10.65,S
2021-06-09T14:12:46,1000.0,10.65,S
2021-06-09T14:12:46,7100.0,10.65,S
2021-06-09T14:12:46,43300.0,10.65,S
2021-06-09T14:12:46,2700.0,10.65,S
2021-06-09T14:12:46,25300.0,10.65,S
2021-06-09T14:12:23,1000.0,10.7,B
2021-06-09T14:12:05,500.0,10.75,B
2021-06-09T14:11:50,10000.0,10.7,B
2021-06-09T14:11:50,10900.0,10.7,B
2021-06-09T14:11:44,1300.0,10.65,S
2021-06-09T14:11:35,500.0,10.7,B
2021-06-09T14:11:17,500.0,10.7,B
2021-06-09T14:11:00,1000.0,10.7,B
2021-06-09T14:10:56,100.0,10.7,B
2021-06-09T14:10:51,1000.0,10.7,B
2021-06-09T14:10:50,2000.0,10.65,S
2021-06-09T14:09:58,700.0,10.7,B
2021-06-09T14:09:46,19000.0,10.65,S
2021-06-09T14:09:40,800.0,10.7,B
2021-06-09T14:09:34,500.0,10.7,B
2021-06-09T14:09:06,100.0,10.7,S
2021-06-09T14:09:03,5000.0,10.7,S
2021-06-09T14:09:02,1000.0,10.7,S
2021-06-09T14:08:59,300.0,10.7,S
2021-06-09T14:08:59,500.0,10.7,S
2021-06-09T14:08:55,10000.0,10.7,S
2021-06-09T14:08:53,500.0,10.7,S
2021-06-09T14:08:53,8500.0,10.7,S
2021-06-09T14:08:53,100.0,10.7,S
2021-06-09T14:08:53,6400.0,10.7,S
2021-06-09T14:08:53,26800.0,10.7,S
2021-06-09T14:08:53,1800.0,10.75,S
2021-06-09T14:08:53,23000.0,10.75,S
2021-06-09T14:08:42,200.0,10.85,B
2021-06-09T14:08:42,2500.0,10.85,B
2021-06-09T14:08:42,19000.0,10.85,B
2021-06-09T14:08:42,23000.0,10.8,S
2021-06-09T14:08:30,500.0,10.8,S
2021-06-09T14:08:28,5000.0,10.8,S
2021-06-09T14:08:10,200.0,10.8,S
2021-06-09T14:07:42,100.0,10.8,S
2021-06-09T14:07:33,1000.0,10.8,S
2021-06-09T14:07:33,10000.0,10.8,S
2021-06-09T14:07:33,10200.0,10.8,S
2021-06-09T14:07:14,3700.0,10.85,B
2021-06-09T14:07:07,100.0,10.85,B
2021-06-09T14:07:07,400.0,10.85,B
2021-06-09T14:06:40,3000.0,10.85,B
2021-06-09T14:06:33,2700.0,10.8,S
2021-06-09T14:06:24,100.0,10.8,S
2021-06-09T14:06:21,3000.0,10.8,S
2021-06-09T14:05:48,1000.0,10.8,S
2021-06-09T14:05:42,2300.0,10.85,B
2021-06-09T14:05:42,1700.0,10.85,B
2021-06-09T14:05:30,1000.0,10.8,S
2021-06-09T14:05:14,3700.0,10.85,B
2021-06-09T14:04:33,3000.0,10.8,S
2021-06-09T14:04:31,10000.0,10.8,S
2021-06-09T14:03:51,700.0,10.85,B
2021-06-09T14:03:50,1000.0,10.75,S
2021-06-09T14:03:44,10000.0,10.75,S
2021-06-09T14:03:42,1000.0,10.75,S
2021-06-09T14:03:28,300.0,10.75,S
2021-06-09T14:03:20,1000.0,10.75,S
2021-06-09T14:03:07,300.0,10.75,S
2021-06-09T14:02:54,52000.0,10.75,S
2021-06-09T14:02:42,200.0,10.7,S
2021-06-09T14:02:42,7800.0,10.7,S
2021-06-09T14:02:42,6500.0,10.7,S
2021-06-09T14:02:42,11200.0,10.7,S
2021-06-09T14:02:42,39300.0,10.7,S
2021-06-09T14:02:42,200.0,10.8,B
2021-06-09T14:02:40,300.0,10.85,B
2021-06-09T14:02:35,100.0,10.8,B
2021-06-09T14:02:28,4500.0,10.7,S
2021-06-09T14:02:28,3400.0,10.7,S
2021-06-09T14:02:28,21100.0,10.7,S
2021-06-09T14:02:28,600.0,10.75,S
2021-06-09T14:02:28,300.0,10.75,S
2021-06-09T14:02:28,1000.0,10.75,S
2021-06-09T14:02:28,22000.0,10.75,S
2021-06-09T14:02:28,12200.0,10.75,S
2021-06-09T14:02:28,34900.0,10.75,S
2021-06-09T14:02:20,3000.0,10.8,B
2021-06-09T14:02:14,27700.0,10.8,B
2021-06-09T14:02:09,500.0,10.8,B
2021-06-09T14:02:05,10000.0,10.8,B
2021-06-09T14:01:58,500.0,10.8,B
2021-06-09T14:01:43,500.0,10.8,B
2021-06-09T14:01:31,5700.0,10.75,S
2021-06-09T14:01:26,1000.0,10.8,B
2021-06-09T14:01:22,1900.0,10.8,S
2021-06-09T14:01:16,200.0,10.8,S
2021-06-09T14:01:16,1000.0,10.8,S
2021-06-09T14:01:16,9800.0,10.8,S
2021-06-09T14:01:15,12000.0,10.85,B
2021-06-09T14:01:11,1000.0,10.85,B
2021-06-09T14:01:00,500.0,10.8,S
2021-06-09T14:00:43,12900.0,10.8,S
2021-06-09T14:00:32,15000.0,10.8,S
2021-06-09T14:00:28,100.0,10.8,S
2021-06-09T14:00:27,100.0,10.85,B
2021-06-09T14:00:22,4000.0,10.8,S
2021-06-09T14:00:07,100.0,10.85,B
2021-06-09T14:00:06,100.0,10.85,B
2021-06-09T13:59:57,10000.0,10.8,S
2021-06-09T13:59:50,2000.0,10.8,S
2021-06-09T13:59:16,300.0,10.8,S
2021-06-09T13:59:15,1500.0,10.85,B
2021-06-09T13:59:02,100.0,10.85,B
2021-06-09T13:58:54,300.0,10.85,S
2021-06-09T13:58:46,100.0,10.85,S
2021-06-09T13:58:45,1000.0,10.85,S
2021-06-09T13:58:17,1200.0,10.85,S
2021-06-09T13:58:07,14500.0,10.85,S
2021-06-09T13:57:57,500.0,10.9,B
2021-06-09T13:57:48,3000.0,10.9,B
2021-06-09T13:57:45,300.0,10.9,B
2021-06-09T13:57:25,15000.0,10.85,S
2021-06-09T13:57:19,100.0,10.9,B
2021-06-09T13:57:07,20000.0,10.9,B
2021-06-09T13:56:59,4700.0,10.85,S
2021-06-09T13:56:59,700.0,10.85,S
2021-06-09T13:56:59,1100.0,10.85,S
2021-06-09T13:56:59,3500.0,10.85,S
2021-06-09T13:56:46,1000.0,10.9,B
2021-06-09T13:56:23,4800.0,10.9,B
2021-06-09T13:56:11,300.0,10.9,B
2021-06-09T13:56:05,4900.0,10.9,B
2021-06-09T13:56:04,1000.0,10.9,B
2021-06-09T13:55:35,1100.0,10.9,B
2021-06-09T13:55:35,12900.0,10.9,B
2021-06-09T13:55:20,20000.0,10.9,B
2021-06-09T13:55:09,700.0,10.9,B
2021-06-09T13:54:52,300.0,10.9,B
2021-06-09T13:54:50,200.0,10.9,B
2021-06-09T13:54:47,5000.0,10.9,B
2021-06-09T13:54:31,10000.0,10.9,B
2021-06-09T13:54:24,9500.0,10.85,S
2021-06-09T13:54:22,500.0,10.9,B
2021-06-09T13:54:06,15000.0,10.85,S
2021-06-09T13:54:00,100.0,10.9,B
2021-06-09T13:53:58,1000.0,10.9,B
2021-06-09T13:53:52,300.0,10.85,S
2021-06-09T13:53:45,3000.0,10.85,S
2021-06-09T13:53:34,100.0,10.9,S
2021-06-09T13:53:31,100.0,10.85,S
2021-06-09T13:53:05,5000.0,10.85,S
2021-06-09T13:52:55,100.0,10.9,S
2021-06-09T13:52:54,5500.0,10.9,S
2021-06-09T13:52:47,200.0,10.9,S
2021-06-09T13:52:34,20000.0,10.95,B
2021-06-09T13:52:20,500.0,10.9,S
2021-06-09T13:52:11,9900.0,10.9,S
2021-06-09T13:52:10,500.0,10.95,B
2021-06-09T13:52:03,200.0,10.95,B
2021-06-09T13:51:31,1000.0,10.95,B
2021-06-09T13:51:30,14000.0,10.95,B
2021-06-09T13:51:18,12000.0,10.9,S
2021-06-09T13:51:09,200.0,10.9,S
2021-06-09T13:51:01,800.0,10.9,S
2021-06-09T13:50:58,9400.0,10.9,S
2021-06-09T13:50:57,300.0,10.9,S
2021-06-09T13:50:56,2000.0,10.9,S
2021-06-09T13:50:56,3100.0,10.9,S
2021-06-09T13:50:56,1000.0,10.9,S
2021-06-09T13:50:56,10700.0,10.9,S
2021-06-09T13:50:56,16000.0,10.9,S
2021-06-09T13:50:45,100.0,10.95,B
2021-06-09T13:50:40,3000.0,10.95,B
2021-06-09T13:50:18,500.0,10.95,B
2021-06-09T13:50:08,9800.0,10.9,S
2021-06-09T13:49:49,500.0,10.95,B
2021-06-09T13:49:42,1200.0,10.95,B
2021-06-09T13:49:41,1800.0,10.95,B
2021-06-09T13:49:04,100.0,10.95,S
2021-06-09T13:48:52,9600.0,10.9,S
2021-06-09T13:48:50,100.0,10.95,S
2021-06-09T13:48:48,1000.0,11.0,B
2021-06-09T13:48:47,5000.0,10.95,S
2021-06-09T13:48:39,9800.0,10.95,S
2021-06-09T13:48:38,5000.0,10.95,S
2021-06-09T13:48:36,14000.0,10.95,S
2021-06-09T13:48:32,200.0,11.0,B
2021-06-09T13:48:30,10000.0,11.0,B
2021-06-09T13:48:28,10000.0,10.95,S
2021-06-09T13:48:10,7000.0,10.95,S
2021-06-09T13:47:57,500.0,11.0,B
2021-06-09T13:47:52,100.0,11.0,B
2021-06-09T13:47:51,400.0,11.0,B
2021-06-09T13:47:27,800.0,11.0,S
2021-06-09T13:47:27,3000.0,11.0,S
2021-06-09T13:47:27,700.0,11.0,S
2021-06-09T13:47:27,600.0,11.0,S
2021-06-09T13:47:27,8400.0,11.0,S
2021-06-09T13:47:27,300.0,11.0,S
2021-06-09T13:47:27,3600.0,11.0,S
2021-06-09T13:47:27,11200.0,11.0,S
2021-06-09T13:47:27,31600.0,11.0,S
2021-06-09T13:47:24,1600.0,11.0,S
2021-06-09T13:47:24,11500.0,11.0,S
2021-06-09T13:47:24,3800.0,11.0,S
2021-06-09T13:47:24,20000.0,11.0,S
2021-06-09T13:47:24,4500.0,11.0,S
2021-06-09T13:47:24,8600.0,11.0,S
2021-06-09T13:47:18,500.0,11.05,B
2021-06-09T13:47:14,200.0,11.05,B
2021-06-09T13:47:07,100.0,11.05,B
2021-06-09T13:47:05,1200.0,11.0,S
2021-06-09T13:46:42,9900.0,11.0,S
2021-06-09T13:46:41,5000.0,11.0,S
2021-06-09T13:46:37,1000.0,11.0,S
2021-06-09T13:46:24,1500.0,11.0,S
2021-06-09T13:45:50,30000.0,11.0,S
2021-06-09T13:45:48,300.0,11.05,B
2021-06-09T13:45:43,4800.0,11.05,B
2021-06-09T13:45:42,200.0,11.05,B
2021-06-09T13:45:39,1000.0,11.05,B
2021-06-09T13:45:28,500.0,11.05,B
2021-06-09T13:45:23,10000.0,11.05,B
2021-06-09T13:45:02,2000.0,11.05,B
2021-06-09T13:45:00,1000.0,11.0,S
2021-06-09T13:44:33,100.0,11.1,B
2021-06-09T13:44:32,27000.0,11.1,B
2021-06-09T13:44:26,5000.0,11.0,S
2021-06-09T13:44:25,3000.0,11.1,B
2021-06-09T13:44:24,10000.0,11.0,S
2021-06-09T13:44:14,100000.0,11.0,S
2021-06-09T13:44:12,3000.0,11.05,S
2021-06-09T13:44:09,100.0,11.1,B
2021-06-09T13:44:02,1000.0,11.05,S
2021-06-09T13:43:37,100000.0,11.0,S
2021-06-09T13:43:29,1200.0,11.1,S
2021-06-09T13:43:10,100.0,11.05,S
2021-06-09T13:43:07,400.0,11.1,S
2021-06-09T13:43:00,16000.0,11.1,S
2021-06-09T13:42:56,500.0,11.1,S
2021-06-09T13:42:55,1000.0,11.1,S
2021-06-09T13:42:53,1000.0,11.1,S
2021-06-09T13:42:34,200.0,11.1,S
2021-06-09T13:42:34,1600.0,11.1,S
2021-06-09T13:42:34,6000.0,11.1,S
2021-06-09T13:42:34,3000.0,11.1,S
2021-06-09T13:42:34,700.0,11.1,S
2021-06-09T13:42:34,2000.0,11.1,S
2021-06-09T13:42:32,2000.0,11.15,B
2021-06-09T13:42:31,5000.0,11.15,B
2021-06-09T13:42:25,100.0,11.15,B
2021-06-09T13:42:07,1100.0,11.15,B
2021-06-09T13:42:04,100.0,11.15,B
2021-06-09T13:42:04,5000.0,11.15,B
2021-06-09T13:41:36,1600.0,11.15,B
2021-06-09T13:41:36,1400.0,11.15,B
2021-06-09T13:41:30,800.0,11.15,B
2021-06-09T13:41:14,3000.0,11.15,B
2021-06-09T13:41:13,800.0,11.15,B
2021-06-09T13:41:11,10000.0,11.1,S
2021-06-09T13:41:04,3000.0,11.15,B
2021-06-09T13:41:04,1800.0,11.1,S
2021-06-09T13:40:54,100.0,11.15,B
2021-06-09T13:40:33,400.0,11.1,B
2021-06-09T13:40:27,2000.0,11.15,B
2021-06-09T13:40:26,100.0,11.15,B
2021-06-09T13:40:11,100.0,11.1,B
2021-06-09T13:40:10,3000.0,11.1,B
2021-06-09T13:40:10,300.0,11.1,B
2021-06-09T13:40:04,100.0,11.1,B
2021-06-09T13:40:03,300.0,11.1,B
2021-06-09T13:40:01,100.0,11.1,B
2021-06-09T13:39:56,1900.0,11.1,B
2021-06-09T13:39:51,800.0,11.1,B
2021-06-09T13:39:51,10000.0,11.1,B
2021-06-09T13:39:47,100.0,11.1,B
2021-06-09T13:39:33,2000.0,11.1,B
2021-06-09T13:39:31,2000.0,11.1,B
2021-06-09T13:39:26,100.0,11.1,B
2021-06-09T13:39:15,100.0,11.1,B
2021-06-09T13:39:07,3500.0,11.1,B
2021-06-09T13:38:59,10000.0,11.1,B
2021-06-09T13:38:49,800.0,11.1,B
2021-06-09T13:38:46,600.0,11.1,B
2021-06-09T13:38:46,4400.0,11.1,B
2021-06-09T13:38:44,100.0,11.1,B
2021-06-09T13:38:41,1200.0,11.1,B
2021-06-09T13:38:39,1000.0,11.1,B
2021-06-09T13:38:37,2000.0,11.1,B
2021-06-09T13:38:36,100.0,11.1,B
2021-06-09T13:38:30,300.0,11.05,S
2021-06-09T13:38:28,4000.0,11.1,B
2021-06-09T13:38:16,500.0,11.1,B
2021-06-09T13:38:16,1400.0,11.1,B
2021-06-09T13:38:12,1000.0,11.1,B
2021-06-09T13:38:11,22900.0,11.1,B
2021-06-09T13:38:11,1000.0,11.1,B
2021-06-09T13:38:10,700.0,11.1,B
2021-06-09T13:38:09,1000.0,11.1,B
2021-06-09T13:37:54,1200.0,11.1,B
2021-06-09T13:37:54,3200.0,11.1,B
2021-06-09T13:37:54,5600.0,11.1,B
2021-06-09T13:37:53,1200.0,11.1,B
2021-06-09T13:37:53,3700.0,11.1,B
2021-06-09T13:37:50,1000.0,11.1,B
2021-06-09T13:37:49,200.0,11.05,S
2021-06-09T13:37:46,2000.0,11.1,B
2021-06-09T13:37:43,600.0,11.1,B
2021-06-09T13:37:43,1400.0,11.1,B
2021-06-09T13:37:41,2000.0,11.1,B
2021-06-09T13:37:38,2000.0,11.1,B
2021-06-09T13:37:35,2000.0,11.1,B
2021-06-09T13:37:33,2000.0,11.1,B
2021-06-09T13:37:31,2500.0,11.1,B
2021-06-09T13:37:30,100.0,11.1,B
2021-06-09T13:37:29,800.0,11.1,B
2021-06-09T13:37:29,1200.0,11.1,B
2021-06-09T13:37:29,100.0,11.1,B
2021-06-09T13:37:27,2000.0,11.1,B
2021-06-09T13:37:26,200.0,11.1,B
2021-06-09T13:37:23,100.0,11.1,B
2021-06-09T13:37:22,2000.0,11.1,B
2021-06-09T13:37:21,2000.0,11.1,B
2021-06-09T13:37:19,2000.0,11.1,B
2021-06-09T13:37:18,1000.0,11.1,B
2021-06-09T13:37:17,2000.0,11.1,B
2021-06-09T13:37:15,2000.0,11.1,B
2021-06-09T13:37:13,2000.0,11.1,B
2021-06-09T13:37:11,2000.0,11.1,B
2021-06-09T13:37:08,8300.0,11.1,B
2021-06-09T13:37:08,500.0,11.05,S
2021-06-09T13:37:05,2000.0,11.05,S
2021-06-09T13:37:02,2000.0,11.05,S
2021-06-09T13:36:58,1300.0,11.05,S
2021-06-09T13:36:52,2000.0,11.05,S
2021-06-09T13:36:51,2000.0,11.05,S
2021-06-09T13:36:39,6400.0,11.1,B
2021-06-09T13:36:38,5000.0,11.1,B
2021-06-09T13:36:34,148700.0,11.0,S
2021-06-09T13:36:34,1300.0,11.05,S
2021-06-09T13:36:34,21300.0,11.05,S
2021-06-09T13:36:34,42000.0,11.05,S
2021-06-09T13:36:34,53000.0,11.05,S
2021-06-09T13:36:34,33700.0,11.05,S
2021-06-09T13:36:25,2000.0,11.1,B
2021-06-09T13:36:24,500.0,11.05,B
2021-06-09T13:36:23,2000.0,11.1,B
2021-06-09T13:36:14,200.0,11.1,B
2021-06-09T13:36:12,2000.0,11.1,B
2021-06-09T13:36:10,2000.0,11.1,B
2021-06-09T13:36:08,2000.0,11.1,B
2021-06-09T13:36:07,200.0,11.1,B
2021-06-09T13:36:06,2000.0,11.1,B
2021-06-09T13:36:06,100.0,11.05,B
2021-06-09T13:36:03,2000.0,11.1,B
2021-06-09T13:36:03,2000.0,11.1,B
2021-06-09T13:36:03,2000.0,11.1,B
2021-06-09T13:36:00,2000.0,11.1,B
2021-06-09T13:35:43,1000.0,11.05,B
2021-06-09T13:35:39,16700.0,11.1,B
2021-06-09T13:35:39,300.0,11.1,B
2021-06-09T13:35:39,3000.0,11.1,B
2021-06-09T13:35:34,100.0,11.05,B
2021-06-09T13:35:32,700.0,11.1,B
2021-06-09T13:35:32,400.0,11.1,B
2021-06-09T13:35:32,9700.0,11.1,B
2021-06-09T13:35:32,700.0,11.1,B
2021-06-09T13:35:32,4500.0,11.1,B
2021-06-09T13:35:32,1300.0,11.1,B
2021-06-09T13:35:32,2700.0,11.1,B
2021-06-09T13:35:20,1000.0,11.1,B
2021-06-09T13:35:20,1000.0,11.1,B
2021-06-09T13:35:11,100.0,11.1,B
2021-06-09T13:35:03,500.0,11.05,B
2021-06-09T13:34:57,3000.0,11.05,B
2021-06-09T13:34:57,3500.0,11.05,B
2021-06-09T13:34:57,100.0,11.05,B
2021-06-09T13:34:57,31000.0,11.05,B
2021-06-09T13:34:56,1800.0,11.05,B
2021-06-09T13:34:51,200.0,11.05,B
2021-06-09T13:34:44,7700.0,11.05,B
2021-06-09T13:34:38,20100.0,11.05,B
2021-06-09T13:34:33,900.0,11.05,B
2021-06-09T13:34:31,500.0,11.05,B
2021-06-09T13:34:27,1000.0,11.05,B
2021-06-09T13:34:22,200.0,11.05,B
2021-06-09T13:34:18,2000.0,11.05,B
2021-06-09T13:34:15,100.0,11.05,B
2021-06-09T13:34:08,200.0,11.05,B
2021-06-09T13:34:00,10000.0,11.05,B
2021-06-09T13:33:55,100.0,11.05,B
2021-06-09T13:33:51,1000.0,11.05,B
2021-06-09T13:33:48,1000.0,11.05,B
2021-06-09T13:33:44,900.0,11.05,B
2021-06-09T13:33:43,4600.0,11.05,B
2021-06-09T13:33:43,1200.0,11.05,B
2021-06-09T13:33:26,100.0,11.05,B
2021-06-09T13:33:03,1000.0,11.05,B
2021-06-09T13:32:57,1000.0,11.05,B
2021-06-09T13:32:52,20000.0,11.05,B
2021-06-09T13:32:47,2000.0,11.05,B
2021-06-09T13:32:46,2000.0,11.05,B
2021-06-09T13:32:45,1000.0,11.05,B
2021-06-09T13:32:43,700.0,11.05,B
2021-06-09T13:32:34,2000.0,11.05,B
2021-06-09T13:32:31,100.0,11.05,B
2021-06-09T13:32:14,2000.0,11.05,B
2021-06-09T13:32:14,6200.0,11.0,B
2021-06-09T13:32:01,2000.0,11.0,B
2021-06-09T13:31:59,1400.0,11.05,B
2021-06-09T13:31:59,3600.0,11.05,B
2021-06-09T13:31:51,2000.0,11.05,B
2021-06-09T13:31:47,1500.0,11.0,B
2021-06-09T13:31:47,500.0,11.0,B
2021-06-09T13:31:47,82800.0,11.0,B
2021-06-09T13:31:46,10000.0,10.95,S
2021-06-09T13:31:39,200.0,11.0,B
2021-06-09T13:31:29,17800.0,11.0,B
2021-06-09T13:31:29,4500.0,11.0,B
2021-06-09T13:31:29,7700.0,11.0,B
2021-06-09T13:31:28,2000.0,11.0,B
2021-06-09T13:31:26,2000.0,11.0,B
2021-06-09T13:31:22,800.0,11.0,B
2021-06-09T13:31:22,1800.0,11.0,B
2021-06-09T13:31:22,2600.0,11.0,B
2021-06-09T13:31:22,21900.0,11.0,B
2021-06-09T13:31:22,2000.0,11.0,B
2021-06-09T13:31:21,100.0,11.0,B
2021-06-09T13:31:21,13500.0,11.0,B
2021-06-09T13:31:21,3600.0,11.0,B
2021-06-09T13:31:21,1100.0,11.0,B
2021-06-09T13:31:21,2600.0,11.0,B
2021-06-09T13:31:12,2000.0,11.0,B
2021-06-09T13:30:59,400.0,11.0,B
2021-06-09T13:30:53,1000.0,11.0,B
2021-06-09T13:30:44,100.0,11.0,B
2021-06-09T13:30:41,5000.0,11.0,B
2021-06-09T13:30:33,100.0,11.0,B
2021-06-09T13:30:33,1000.0,10.95,S
2021-06-09T13:30:31,2000.0,11.0,B
2021-06-09T13:30:25,2000.0,11.0,B
2021-06-09T13:30:24,10000.0,11.0,B
2021-06-09T13:30:22,2000.0,11.0,B
2021-06-09T13:30:18,2000.0,11.0,B
2021-06-09T13:30:16,100.0,11.0,B
2021-06-09T13:30:15,5000.0,11.0,B
2021-06-09T13:30:12,3900.0,11.0,B
2021-06-09T13:30:12,600.0,11.0,B
2021-06-09T13:30:08,9000.0,11.0,B
2021-06-09T13:30:06,400.0,11.0,B
2021-06-09T13:29:59,2000.0,11.0,B
2021-06-09T13:29:58,8700.0,11.0,B
2021-06-09T13:29:58,3100.0,11.0,B
2021-06-09T13:29:57,20100.0,11.0,B
2021-06-09T13:29:53,1300.0,11.0,B
2021-06-09T13:29:52,10000.0,11.0,B
2021-06-09T13:29:46,35000.0,11.0,B
2021-06-09T13:29:31,1100.0,11.0,B
2021-06-09T13:29:31,1100.0,11.0,B
2021-06-09T13:29:31,3000.0,11.0,B
2021-06-09T13:29:31,5000.0,11.0,B
2021-06-09T13:29:31,8500.0,11.0,B
2021-06-09T13:29:31,5000.0,11.0,B
2021-06-09T13:29:31,7700.0,11.0,B
2021-06-09T13:29:31,17200.0,11.0,B
2021-06-09T13:29:31,6500.0,11.0,B
2021-06-09T13:29:31,5000.0,11.0,B
2021-06-09T13:29:30,24500.0,11.0,B
2021-06-09T13:29:30,15400.0,11.0,B
2021-06-09T13:29:30,200.0,11.0,B
2021-06-09T13:29:23,500.0,11.0,B
2021-06-09T13:29:21,1000.0,11.0,B
2021-06-09T13:29:12,35000.0,11.0,B
2021-06-09T13:29:00,5000.0,11.0,B
2021-06-09T13:28:58,2000.0,11.0,B
2021-06-09T13:28:55,2000.0,11.0,B
2021-06-09T13:28:51,2000.0,11.0,B
2021-06-09T13:28:49,2000.0,11.0,B
2021-06-09T13:28:48,100.0,11.0,B
2021-06-09T13:28:46,2000.0,11.0,B
2021-06-09T13:28:42,2000.0,11.0,B
2021-06-09T13:28:41,2000.0,11.0,B
2021-06-09T13:28:39,2000.0,11.0,B
2021-06-09T13:28:36,22000.0,11.0,B
2021-06-09T13:28:33,2000.0,11.0,B
2021-06-09T13:28:32,100.0,11.0,B
2021-06-09T13:28:30,2000.0,11.0,B
2021-06-09T13:28:28,2000.0,11.0,B
2021-06-09T13:28:24,2000.0,11.0,B
2021-06-09T13:28:22,4000.0,11.0,B
2021-06-09T13:28:22,2400.0,10.95,B
2021-06-09T13:28:19,2000.0,11.0,B
2021-06-09T13:28:18,5000.0,10.95,B
2021-06-09T13:28:15,2000.0,11.0,B
2021-06-09T13:28:13,44800.0,10.95,B
2021-06-09T13:28:13,2300.0,10.95,B
2021-06-09T13:28:12,3000.0,10.9,S
2021-06-09T13:27:56,500.0,10.95,B
2021-06-09T13:27:54,50400.0,10.9,S
2021-06-09T13:27:54,5000.0,10.9,S
2021-06-09T13:27:53,14600.0,10.9,S
2021-06-09T13:27:29,500.0,10.95,B
2021-06-09T13:27:16,200.0,10.9,S
2021-06-09T13:27:12,1400.0,10.95,B
2021-06-09T13:26:51,5000.0,10.9,S
2021-06-09T13:26:35,3000.0,10.95,B
2021-06-09T13:26:33,500.0,10.95,B
2021-06-09T13:26:33,300.0,10.95,B
2021-06-09T13:26:28,6700.0,10.9,S
2021-06-09T13:26:28,43300.0,10.9,S
2021-06-09T13:26:21,400.0,10.9,S
2021-06-09T13:26:09,100.0,10.95,B
2021-06-09T13:25:57,1300.0,10.9,S
2021-06-09T13:25:52,3000.0,10.95,B
2021-06-09T13:25:48,100.0,10.95,B
2021-06-09T13:25:46,20000.0,10.95,B
2021-06-09T13:25:45,5000.0,10.9,S
2021-06-09T13:25:13,9000.0,10.9,S
2021-06-09T13:25:09,1000.0,10.9,S
2021-06-09T13:25:05,2000.0,10.9,S
2021-06-09T13:24:57,20000.0,10.85,S
2021-06-09T13:24:52,1100.0,10.9,B
2021-06-09T13:24:52,3000.0,10.9,B
2021-06-09T13:24:52,4200.0,10.9,B
2021-06-09T13:24:52,12000.0,10.9,B
2021-06-09T13:24:52,6100.0,10.9,B
2021-06-09T13:24:52,1100.0,10.9,B
2021-06-09T13:24:52,7800.0,10.9,B
2021-06-09T13:24:50,10000.0,10.9,B
2021-06-09T13:24:40,1600.0,10.9,B
2021-06-09T13:24:37,100.0,10.9,B
2021-06-09T13:24:25,500.0,10.9,B
2021-06-09T13:24:23,100.0,10.9,B
2021-06-09T13:24:07,300.0,10.9,B
2021-06-09T13:24:01,9500.0,10.9,B
2021-06-09T13:24:01,150000.0,10.9,B
2021-06-09T13:24:01,6100.0,10.9,B
2021-06-09T13:24:01,14900.0,10.9,B
2021-06-09T13:24:00,100.0,10.9,B
2021-06-09T13:23:55,1700.0,10.85,S
2021-06-09T13:23:51,600.0,10.85,S
2021-06-09T13:23:42,300.0,10.85,S
2021-06-09T13:23:38,200.0,10.9,B
2021-06-09T13:23:29,1800.0,10.9,B
2021-06-09T13:23:14,2900.0,10.85,S
2021-06-09T13:23:12,1000.0,10.85,S
2021-06-09T13:23:12,1100.0,10.85,S
2021-06-09T13:22:56,400.0,10.85,S
2021-06-09T13:22:55,500.0,10.85,S
2021-06-09T13:22:44,100.0,10.85,S
2021-06-09T13:22:41,100.0,10.85,S
2021-06-09T13:22:41,300.0,10.85,S
2021-06-09T13:22:00,800.0,10.85,B
2021-06-09T13:21:58,1000.0,10.85,B
2021-06-09T13:21:42,200.0,10.85,B
2021-06-09T13:21:26,10000.0,10.85,B
2021-06-09T13:21:08,7600.0,10.85,B
2021-06-09T13:21:04,1000.0,10.85,B
2021-06-09T13:21:00,66400.0,10.85,B
2021-06-09T13:20:49,2000.0,10.85,B
2021-06-09T13:20:45,2000.0,10.85,B
2021-06-09T13:20:42,2000.0,10.85,B
2021-06-09T13:20:41,2000.0,10.85,B
2021-06-09T13:20:39,2000.0,10.85,B
2021-06-09T13:20:34,2000.0,10.8,S
2021-06-09T13:20:32,2000.0,10.8,S
2021-06-09T13:20:30,10000.0,10.8,S
2021-06-09T13:20:24,200.0,10.8,S
2021-06-09T13:20:02,5300.0,10.8,S
2021-06-09T13:19:53,30000.0,10.85,B
2021-06-09T13:19:49,100.0,10.8,S
2021-06-09T13:19:38,1000.0,10.8,S
2021-06-09T13:19:32,5000.0,10.8,S
2021-06-09T13:19:26,2000.0,10.85,B
2021-06-09T13:18:56,900.0,10.8,S
2021-06-09T13:18:55,100.0,10.8,S
2021-06-09T13:18:30,15000.0,10.75,S
2021-06-09T13:18:08,1700.0,10.8,B
2021-06-09T13:18:06,500.0,10.8,B
2021-06-09T13:17:54,100.0,10.8,B
2021-06-09T13:17:48,300.0,10.8,B
2021-06-09T13:17:41,2000.0,10.8,B
2021-06-09T13:17:41,400.0,10.8,B
2021-06-09T13:17:21,10000.0,10.8,B
2021-06-09T13:16:43,900.0,10.8,S
2021-06-09T13:15:42,400.0,10.75,S
2021-06-09T13:15:42,600.0,10.75,S
2021-06-09T13:15:22,4400.0,10.8,B
2021-06-09T13:15:07,5000.0,10.8,B
2021-06-09T13:14:31,1000.0,10.8,B
2021-06-09T13:14:24,300.0,10.75,S
2021-06-09T13:14:13,200.0,10.8,S
2021-06-09T13:14:03,1200.0,10.8,S
2021-06-09T13:13:52,200.0,10.8,S
2021-06-09T13:13:47,1000.0,10.85,B
2021-06-09T13:13:42,2800.0,10.8,S
2021-06-09T13:13:42,2200.0,10.8,S
2021-06-09T13:13:17,2000.0,10.8,S
2021-06-09T13:13:06,3400.0,10.8,B
2021-06-09T13:12:55,2400.0,10.8,B
2021-06-09T13:12:54,1000.0,10.8,B
2021-06-09T13:12:30,1000.0,10.8,B
2021-06-09T13:12:25,700.0,10.8,B
2021-06-09T13:12:24,400.0,10.8,B
2021-06-09T13:12:24,600.0,10.8,B
2021-06-09T13:12:09,1000.0,10.8,B
2021-06-09T13:11:56,1000.0,10.8,B
2021-06-09T13:11:16,1000.0,10.8,B
2021-06-09T13:11:07,300.0,10.8,B
2021-06-09T13:10:54,500.0,10.8,B
2021-06-09T13:10:54,10000.0,10.8,B
2021-06-09T13:10:52,14000.0,10.75,S
2021-06-09T13:10:52,8600.0,10.8,B
2021-06-09T13:10:52,41400.0,10.8,B
2021-06-09T13:10:49,2500.0,10.8,B
2021-06-09T13:10:47,1000.0,10.8,B
2021-06-09T13:10:42,2000.0,10.75,S
2021-06-09T13:10:28,600.0,10.75,S
2021-06-09T13:10:13,3200.0,10.8,B
2021-06-09T13:09:54,4000.0,10.75,B
2021-06-09T13:09:54,4700.0,10.75,B
2021-06-09T13:09:47,3000.0,10.75,B
2021-06-09T13:09:43,5000.0,10.75,B
2021-06-09T13:09:27,1000.0,10.75,B
2021-06-09T13:09:17,800.0,10.75,B
2021-06-09T13:08:55,2000.0,10.7,S
2021-06-09T13:08:49,10000.0,10.7,B
2021-06-09T13:08:35,100.0,10.7,B
2021-06-09T13:08:30,100.0,10.7,B
2021-06-09T13:08:30,3400.0,10.7,B
2021-06-09T13:08:30,1200.0,10.7,B
2021-06-09T13:08:30,500.0,10.7,B
2021-06-09T13:08:30,5000.0,10.7,B
2021-06-09T13:08:30,7200.0,10.7,B
2021-06-09T13:08:28,100.0,10.7,B
2021-06-09T13:08:27,5000.0,10.7,B
2021-06-09T13:08:27,7700.0,10.7,B
2021-06-09T13:08:20,2900.0,10.7,B
2021-06-09T13:08:19,1000.0,10.7,B
2021-06-09T13:08:18,200.0,10.7,B
2021-06-09T13:08:12,8900.0,10.7,B
2021-06-09T13:08:05,10300.0,10.7,B
2021-06-09T13:08:02,100.0,10.7,B
2021-06-09T13:08:01,500.0,10.7,B
2021-06-09T13:07:51,200.0,10.7,B
2021-06-09T13:07:47,15000.0,10.7,B
2021-06-09T13:07:46,3600.0,10.7,B
2021-06-09T13:07:37,10000.0,10.7,B
2021-06-09T13:07:36,2000.0,10.7,B
2021-06-09T13:07:33,5000.0,10.7,B
2021-06-09T13:07:27,2000.0,10.7,B
2021-06-09T13:07:17,1100.0,10.7,B
2021-06-09T13:07:12,1100.0,10.7,B
2021-06-09T13:06:56,300.0,10.7,B
2021-06-09T13:06:37,2000.0,10.7,B
2021-06-09T13:06:33,2000.0,10.7,B
2021-06-09T13:06:30,2000.0,10.7,B
2021-06-09T13:06:28,2000.0,10.7,B
2021-06-09T13:06:27,10000.0,10.7,B
2021-06-09T13:06:26,2500.0,10.7,B
2021-06-09T13:06:24,300.0,10.7,B
2021-06-09T13:06:24,100.0,10.7,B
2021-06-09T13:06:08,2000.0,10.65,S
2021-06-09T13:05:56,100.0,10.7,B
2021-06-09T13:05:31,3900.0,10.6,S
2021-06-09T13:05:31,800.0,10.6,S
2021-06-09T13:05:30,5300.0,10.6,S
2021-06-09T13:05:28,1000.0,10.7,B
2021-06-09T13:05:24,2000.0,10.7,B
2021-06-09T13:04:36,1000.0,10.7,B
2021-06-09T13:04:17,100.0,10.65,B
2021-06-09T13:04:08,200.0,10.6,B
2021-06-09T13:04:08,800.0,10.6,B
2021-06-09T13:04:07,300.0,10.6,B
2021-06-09T13:03:59,2400.0,10.6,B
2021-06-09T13:03:24,100.0,10.6,B
2021-06-09T13:03:07,500.0,10.6,B
2021-06-09T13:02:14,500.0,10.55,B
2021-06-09T13:02:12,200.0,10.6,B
2021-06-09T13:01:55,300.0,10.55,B
2021-06-09T13:01:45,10000.0,10.55,B
2021-06-09T13:01:18,100.0,10.55,B
2021-06-09T13:01:18,8000.0,10.55,B
2021-06-09T13:01:17,100.0,10.55,B
2021-06-09T13:01:15,11000.0,10.55,B
2021-06-09T13:01:12,100.0,10.55,B
2021-06-09T13:01:07,1500.0,10.55,B
2021-06-09T13:00:47,1200.0,10.6,B
2021-06-09T13:00:45,200.0,10.6,B
2021-06-09T13:00:28,15900.0,10.55,B
2021-06-09T13:00:28,8000.0,10.55,B
2021-06-09T13:00:28,300.0,10.5,S
2021-06-09T13:00:24,800.0,10.5,S
2021-06-09T13:00:24,8500.0,10.55,B
2021-06-09T13:00:22,100.0,10.55,B
2021-06-09T13:00:22,1000.0,10.55,B
2021-06-09T13:00:18,1500.0,10.5,S
2021-06-09T13:00:16,4100.0,10.55,B
2021-06-09T13:00:16,5000.0,10.5,S
2021-06-09T13:00:15,2200.0,10.55,B
2021-06-09T13:00:15,2100.0,10.55,B
2021-06-09T13:00:15,1000.0,10.55,B
2021-06-09T13:00:15,200.0,10.5,S
2021-06-09T11:30:09,1000.0,10.5,S
2021-06-09T11:29:56,1000.0,10.5,S
2021-06-09T11:29:11,1000.0,10.5,S
2021-06-09T11:29:07,200.0,10.5,S
2021-06-09T11:28:57,3000.0,10.55,B
2021-06-09T11:28:55,900.0,10.55,B
2021-06-09T11:28:41,5000.0,10.5,S
2021-06-09T11:27:56,2000.0,10.5,S
2021-06-09T11:27:05,2900.0,10.5,S
2021-06-09T11:27:05,500.0,10.5,S
2021-06-09T11:27:05,6600.0,10.5,S
2021-06-09T11:26:59,1000.0,10.5,S
2021-06-09T11:26:52,1400.0,10.5,S
2021-06-09T11:26:34,7800.0,10.5,S
2021-06-09T11:26:05,200.0,10.55,B
2021-06-09T11:26:05,500.0,10.5,B
2021-06-09T11:26:03,2500.0,10.45,S
2021-06-09T11:26:00,1000.0,10.45,S
2021-06-09T11:25:56,100.0,10.5,B
2021-06-09T11:25:50,10000.0,10.55,B
2021-06-09T11:25:49,30000.0,10.5,B
2021-06-09T11:25:48,1000.0,10.5,B
2021-06-09T11:25:47,100.0,10.5,B
2021-06-09T11:25:25,1000.0,10.45,S
2021-06-09T11:25:25,1000.0,10.5,B
2021-06-09T11:25:23,3000.0,10.45,S
2021-06-09T11:24:59,500.0,10.45,S
2021-06-09T11:24:33,10000.0,10.5,B
2021-06-09T11:24:33,10000.0,10.45,S
2021-06-09T11:24:24,1000.0,10.5,B
2021-06-09T11:24:18,600.0,10.5,B
2021-06-09T11:24:05,7300.0,10.5,S
2021-06-09T11:24:05,1000.0,10.5,S
2021-06-09T11:24:05,3000.0,10.5,S
2021-06-09T11:24:05,1900.0,10.5,S
2021-06-09T11:24:05,700.0,10.5,S
2021-06-09T11:24:05,7700.0,10.5,S
2021-06-09T11:24:05,1000.0,10.5,S
2021-06-09T11:24:04,200.0,10.5,S
2021-06-09T11:24:04,34000.0,10.5,S
2021-06-09T11:24:04,27000.0,10.5,S
2021-06-09T11:24:04,5100.0,10.5,S
2021-06-09T11:24:04,50700.0,10.5,S
2021-06-09T11:24:04,1000.0,10.5,S
2021-06-09T11:24:04,5100.0,10.5,S
2021-06-09T11:24:04,1700.0,10.5,S
2021-06-09T11:24:04,500.0,10.5,S
2021-06-09T11:24:04,18900.0,10.5,S
2021-06-09T11:24:04,15400.0,10.5,S
2021-06-09T11:24:04,400.0,10.5,S
2021-06-09T11:24:04,1500.0,10.5,S
2021-06-09T11:24:04,5000.0,10.5,S
2021-06-09T11:24:04,52000.0,10.5,S
2021-06-09T11:24:04,3100.0,10.5,S
2021-06-09T11:24:04,700.0,10.5,S
2021-06-09T11:24:04,209800.0,10.5,S
2021-06-09T11:24:01,200.0,10.55,B
2021-06-09T11:24:01,10000.0,10.55,B
2021-06-09T11:23:43,500.0,10.55,B
2021-06-09T11:23:37,500.0,10.55,B
2021-06-09T11:23:22,200.0,10.55,B
2021-06-09T11:22:56,1500.0,10.55,B
2021-06-09T11:22:50,20000.0,10.55,B
2021-06-09T11:22:48,100.0,10.55,B
2021-06-09T11:22:41,6000.0,10.55,B
2021-06-09T11:22:38,100.0,10.55,B
2021-06-09T11:22:30,400.0,10.55,S
2021-06-09T11:22:27,300.0,10.55,S
2021-06-09T11:22:25,3500.0,10.55,S
2021-06-09T11:22:14,20000.0,10.7,B
2021-06-09T11:21:39,1500.0,10.6,B
2021-06-09T11:21:31,200.0,10.6,B
2021-06-09T11:21:30,6000.0,10.6,B
2021-06-09T11:21:30,2800.0,10.6,B
2021-06-09T11:21:26,1000.0,10.5,S
2021-06-09T11:21:14,100.0,10.6,B
2021-06-09T11:21:06,303300.0,10.5,S
2021-06-09T11:21:06,300.0,10.5,S
2021-06-09T11:21:05,3400.0,10.5,S
2021-06-09T11:21:05,1000.0,10.5,S
2021-06-09T11:21:05,10900.0,10.5,S
2021-06-09T11:21:05,13800.0,10.5,S
2021-06-09T11:21:05,11100.0,10.5,S
2021-06-09T11:21:05,2300.0,10.5,S
2021-06-09T11:21:05,15000.0,10.5,S
2021-06-09T11:21:05,1100.0,10.5,S
2021-06-09T11:21:05,20300.0,10.5,S
2021-06-09T11:21:05,500.0,10.5,S
2021-06-09T11:21:05,48200.0,10.5,S
2021-06-09T11:21:05,58300.0,10.55,S
2021-06-09T11:21:05,103000.0,10.55,S
2021-06-09T11:21:05,7500.0,10.55,S
2021-06-09T11:21:05,100.0,10.6,B
2021-06-09T11:21:01,20000.0,10.6,B
2021-06-09T11:21:01,100000.0,10.6,B
2021-06-09T11:20:59,6900.0,10.55,S
2021-06-09T11:20:59,1600.0,10.55,S
2021-06-09T11:20:59,10600.0,10.55,S
2021-06-09T11:20:59,300.0,10.55,S
2021-06-09T11:20:59,13600.0,10.55,S
2021-06-09T11:20:57,7600.0,10.6,B
2021-06-09T11:20:57,3700.0,10.6,B
2021-06-09T11:20:56,2000.0,10.6,B
2021-06-09T11:20:55,2000.0,10.6,B
2021-06-09T11:20:44,2000.0,10.6,B
2021-06-09T11:20:36,400.0,10.6,B
2021-06-09T11:20:35,500.0,10.6,B
2021-06-09T11:20:32,5000.0,10.6,B
2021-06-09T11:20:31,2000.0,10.6,B
2021-06-09T11:20:12,300.0,10.6,B
2021-06-09T11:20:10,1000.0,10.6,B
2021-06-09T11:19:57,2000.0,10.6,B
2021-06-09T11:19:56,2000.0,10.6,B
2021-06-09T11:19:56,2000.0,10.6,B
2021-06-09T11:19:54,2000.0,10.6,B
2021-06-09T11:19:48,2000.0,10.6,B
2021-06-09T11:19:37,2000.0,10.6,B
2021-06-09T11:19:32,2000.0,10.6,B
2021-06-09T11:19:31,200.0,10.6,B
2021-06-09T11:19:30,2000.0,10.6,B
2021-06-09T11:19:28,2000.0,10.6,B
2021-06-09T11:19:27,2000.0,10.6,B
2021-06-09T11:19:16,2000.0,10.6,B
2021-06-09T11:19:14,100.0,10.6,B
2021-06-09T11:18:57,10000.0,10.55,S
2021-06-09T11:18:50,1000.0,10.6,B
2021-06-09T11:18:43,200.0,10.6,B
2021-06-09T11:18:12,100.0,10.6,B
2021-06-09T11:17:52,2000.0,10.6,B
2021-06-09T11:17:44,6000.0,10.55,S
2021-06-09T11:17:32,2000.0,10.6,B
2021-06-09T11:17:31,2000.0,10.6,B
2021-06-09T11:17:29,1500.0,10.6,B
2021-06-09T11:17:27,2000.0,10.6,B
2021-06-09T11:17:27,2000.0,10.6,B
2021-06-09T11:17:17,900.0,10.55,S
2021-06-09T11:17:08,100.0,10.6,B
2021-06-09T11:16:34,1000.0,10.6,S
2021-06-09T11:16:05,1000.0,10.55,S
2021-06-09T11:15:50,3300.0,10.6,S
2021-06-09T11:15:50,100.0,10.6,S
2021-06-09T11:15:42,2200.0,10.6,S
2021-06-09T11:15:42,2000.0,10.6,S
2021-06-09T11:15:41,41000.0,10.6,S
2021-06-09T11:15:41,3000.0,10.6,S
2021-06-09T11:15:41,1200.0,10.6,S
2021-06-09T11:15:41,5700.0,10.6,S
2021-06-09T11:15:41,2000.0,10.6,S
2021-06-09T11:15:41,900.0,10.6,S
2021-06-09T11:15:41,3000.0,10.6,S
2021-06-09T11:15:41,1000.0,10.6,S
2021-06-09T11:15:41,9300.0,10.6,S
2021-06-09T11:15:41,1700.0,10.6,S
2021-06-09T11:15:41,1200.0,10.6,S
2021-06-09T11:15:41,2500.0,10.6,S
2021-06-09T11:15:41,23100.0,10.6,S
2021-06-09T11:15:41,500.0,10.6,S
2021-06-09T11:15:41,50300.0,10.6,S
2021-06-09T11:15:41,2200.0,10.6,S
2021-06-09T11:15:41,1500.0,10.65,S
2021-06-09T11:15:41,100.0,10.65,S
2021-06-09T11:15:41,27400.0,10.65,S
2021-06-09T11:15:41,2600.0,10.65,S
2021-06-09T11:15:41,5500.0,10.65,S
2021-06-09T11:15:41,5000.0,10.65,S
2021-06-09T11:15:33,7000.0,10.7,B
2021-06-09T11:15:33,100.0,10.65,S
2021-06-09T11:15:31,3500.0,10.65,S
2021-06-09T11:15:31,300.0,10.65,S
2021-06-09T11:15:30,1200.0,10.65,S
2021-06-09T11:15:30,5000.0,10.65,S
2021-06-09T11:15:00,300.0,10.65,S
2021-06-09T11:15:00,500.0,10.65,S
2021-06-09T11:15:00,6100.0,10.65,S
2021-06-09T11:15:00,3100.0,10.65,S
2021-06-09T11:14:35,100.0,10.7,B
2021-06-09T11:14:29,100.0,10.7,B
2021-06-09T11:14:22,12000.0,10.65,S
2021-06-09T11:14:12,2000.0,10.65,S
2021-06-09T11:14:12,3000.0,10.65,S
2021-06-09T11:14:10,100.0,10.65,S
2021-06-09T11:13:57,2000.0,10.7,B
2021-06-09T11:13:14,700.0,10.65,S
2021-06-09T11:13:09,2000.0,10.65,S
2021-06-09T11:12:50,2000.0,10.65,S
2021-06-09T11:12:08,3000.0,10.65,S
2021-06-09T11:11:46,200.0,10.7,S
2021-06-09T11:11:40,5000.0,10.65,S
2021-06-09T11:11:39,2000.0,10.7,S
2021-06-09T11:11:28,4000.0,10.7,S
2021-06-09T11:11:25,2000.0,10.7,S
2021-06-09T11:11:19,1100.0,10.7,S
2021-06-09T11:11:03,100.0,10.7,S
2021-06-09T11:10:41,700.0,10.7,S
2021-06-09T11:10:33,500.0,10.7,S
2021-06-09T11:10:27,200.0,10.7,S
2021-06-09T11:10:25,500.0,10.7,S
2021-06-09T11:10:08,5000.0,10.65,S
2021-06-09T11:09:48,300.0,10.8,B
2021-06-09T11:09:48,400.0,10.8,B
2021-06-09T11:09:43,400.0,10.7,S
2021-06-09T11:09:29,400.0,10.7,S
2021-06-09T11:09:23,2000.0,10.8,B
2021-06-09T11:09:11,8200.0,10.7,S
2021-06-09T11:09:09,1200.0,10.8,B
2021-06-09T11:08:46,30000.0,10.8,B
2021-06-09T11:08:45,8000.0,10.7,S
2021-06-09T11:08:45,6300.0,10.7,S
2021-06-09T11:08:45,1000.0,10.7,S
2021-06-09T11:08:45,5200.0,10.7,S
2021-06-09T11:08:45,600.0,10.7,S
2021-06-09T11:08:44,5000.0,10.7,S
2021-06-09T11:08:44,400.0,10.7,S
2021-06-09T11:08:44,6000.0,10.7,S
2021-06-09T11:08:44,5000.0,10.7,S
2021-06-09T11:08:44,12500.0,10.7,S
2021-06-09T11:08:42,30000.0,10.7,S
2021-06-09T11:08:38,200.0,10.8,B
2021-06-09T11:08:38,30000.0,10.8,B
2021-06-09T11:08:35,8100.0,10.7,S
2021-06-09T11:08:33,2500.0,10.7,S
2021-06-09T11:08:27,100.0,10.8,B
2021-06-09T11:08:23,25000.0,10.7,S
2021-06-09T11:08:19,5000.0,10.7,S
2021-06-09T11:07:48,100000.0,10.7,S
2021-06-09T11:07:47,20000.0,10.7,S
2021-06-09T11:07:42,1000.0,10.8,B
2021-06-09T11:07:31,2300.0,10.8,B
2021-06-09T11:07:31,6600.0,10.8,B
2021-06-09T11:07:30,1100.0,10.75,S
2021-06-09T11:06:39,30000.0,10.7,S
2021-06-09T11:06:35,100.0,10.75,S
2021-06-09T11:06:24,10000.0,10.7,S
2021-06-09T11:05:58,300.0,10.75,S
2021-06-09T11:05:55,100.0,10.75,S
2021-06-09T11:05:51,1000.0,10.75,S
2021-06-09T11:05:30,20000.0,10.7,S
2021-06-09T11:05:05,20000.0,10.7,S
2021-06-09T11:04:58,300.0,10.8,B
2021-06-09T11:04:53,200.0,10.8,B
2021-06-09T11:04:46,200.0,10.7,S
2021-06-09T11:04:41,1000.0,10.7,S
2021-06-09T11:04:37,100.0,10.8,B
2021-06-09T11:04:27,8900.0,10.8,B
2021-06-09T11:04:26,500.0,10.8,B
2021-06-09T11:04:14,100.0,10.8,B
2021-06-09T11:04:01,40000.0,10.7,S
2021-06-09T11:03:59,30000.0,10.7,S
2021-06-09T11:03:57,1000.0,10.8,B
2021-06-09T11:03:55,100.0,10.8,B
2021-06-09T11:03:53,300.0,10.8,B
2021-06-09T11:03:52,500.0,10.8,B
2021-06-09T11:03:51,3000.0,10.8,B
2021-06-09T11:03:45,100.0,10.8,B
2021-06-09T11:03:45,400.0,10.8,B
2021-06-09T11:03:44,900.0,10.8,B
2021-06-09T11:03:30,6200.0,10.7,S
2021-06-09T11:03:30,100.0,10.75,S
2021-06-09T11:03:30,33700.0,10.75,S
2021-06-09T11:03:25,6000.0,10.75,S
2021-06-09T11:03:22,1400.0,10.8,S
2021-06-09T11:03:14,100.0,10.8,S
2021-06-09T11:03:14,100.0,10.8,S
2021-06-09T11:03:02,100.0,10.8,S
2021-06-09T11:02:35,1000.0,10.8,S
2021-06-09T11:02:29,100.0,10.8,S
2021-06-09T11:02:24,2000.0,10.8,S
2021-06-09T11:02:12,2000.0,10.8,S
2021-06-09T11:02:09,8000.0,10.8,S
2021-06-09T11:02:06,500.0,10.8,S
2021-06-09T11:01:59,5000.0,10.8,S
2021-06-09T11:01:41,200.0,10.8,S
2021-06-09T11:01:33,1000.0,10.75,S
2021-06-09T11:01:21,100.0,10.8,S
2021-06-09T11:01:15,2000.0,10.8,S
2021-06-09T11:01:13,2000.0,10.8,S
2021-06-09T11:01:03,1000.0,10.8,S
2021-06-09T11:01:02,3000.0,10.8,S
2021-06-09T11:01:00,2000.0,10.8,S
2021-06-09T11:00:57,6900.0,10.8,S
2021-06-09T11:00:50,5000.0,10.8,S
2021-06-09T11:00:33,300.0,10.8,S
2021-06-09T11:00:19,25800.0,10.8,S
2021-06-09T11:00:19,100.0,10.8,S
2021-06-09T11:00:19,3500.0,10.8,S
2021-06-09T11:00:19,600.0,10.8,S
2021-06-09T11:00:19,5900.0,10.8,S
2021-06-09T11:00:19,4000.0,10.8,S
2021-06-09T11:00:18,1600.0,10.8,S
2021-06-09T11:00:18,30000.0,10.8,S
2021-06-09T11:00:18,1000.0,10.8,S
2021-06-09T11:00:18,8800.0,10.8,S
2021-06-09T11:00:18,2000.0,10.85,S
2021-06-09T11:00:18,20600.0,10.85,S
2021-06-09T11:00:18,700.0,10.85,S
2021-06-09T11:00:18,29600.0,10.85,S
2021-06-09T11:00:16,5000.0,10.85,S
2021-06-09T10:59:41,35000.0,10.9,B
2021-06-09T10:59:38,100.0,10.9,B
2021-06-09T10:59:34,500.0,10.9,B
2021-06-09T10:59:29,2000.0,10.9,B
2021-06-09T10:59:29,5400.0,10.9,B
2021-06-09T10:59:19,1000.0,11.0,B
2021-06-09T10:59:18,200.0,11.0,B
2021-06-09T10:58:59,1000.0,10.9,S
2021-06-09T10:58:54,100.0,10.9,S
2021-06-09T10:58:52,2000.0,10.9,S
2021-06-09T10:58:25,1100.0,11.0,B
2021-06-09T10:58:24,3000.0,10.9,S
2021-06-09T10:58:24,900.0,10.9,S
2021-06-09T10:58:15,6500.0,10.9,S
2021-06-09T10:58:15,3800.0,10.9,S
2021-06-09T10:58:07,5000.0,10.9,S
2021-06-09T10:57:56,1800.0,10.9,S
2021-06-09T10:57:56,8200.0,10.9,S
2021-06-09T10:57:54,7400.0,10.9,S
2021-06-09T10:57:50,700.0,11.0,B
2021-06-09T10:57:39,200.0,11.0,B
2021-06-09T10:57:35,3000.0,10.9,S
2021-06-09T10:57:25,2500.0,10.9,S
2021-06-09T10:57:25,200.0,10.9,S
2021-06-09T10:57:24,6000.0,10.9,S
2021-06-09T10:57:13,4000.0,10.9,S
2021-06-09T10:57:13,2000.0,10.9,S
2021-06-09T10:57:12,4000.0,10.9,S
2021-06-09T10:57:06,5600.0,11.0,B
2021-06-09T10:57:05,10000.0,11.0,B
2021-06-09T10:56:50,4900.0,11.0,B
2021-06-09T10:56:50,100.0,10.95,S
2021-06-09T10:56:44,1000.0,10.9,S
2021-06-09T10:56:43,2500.0,10.95,S
2021-06-09T10:56:42,500.0,10.95,S
2021-06-09T10:56:41,2000.0,10.95,S
2021-06-09T10:56:37,2000.0,11.0,B
2021-06-09T10:56:28,200.0,10.9,S
2021-06-09T10:56:00,100.0,11.0,B
2021-06-09T10:55:58,12200.0,11.05,B
2021-06-09T10:55:58,400.0,11.05,B
2021-06-09T10:55:58,100.0,11.05,B
2021-06-09T10:55:58,3100.0,11.05,B
2021-06-09T10:55:58,3000.0,11.0,B
2021-06-09T10:55:58,181200.0,11.0,B
2021-06-09T10:55:54,3000.0,11.0,B
2021-06-09T10:55:46,2400.0,10.9,S
2021-06-09T10:55:46,1400.0,10.9,S
2021-06-09T10:55:46,2700.0,10.9,S
2021-06-09T10:55:37,500.0,11.0,B
2021-06-09T10:55:31,200.0,11.0,B
2021-06-09T10:55:25,1000.0,11.0,B
2021-06-09T10:55:07,200.0,11.0,B
2021-06-09T10:54:56,100.0,11.0,B
2021-06-09T10:54:52,500.0,11.0,B
2021-06-09T10:54:49,300.0,11.0,B
2021-06-09T10:54:48,100.0,11.0,B
2021-06-09T10:54:46,10400.0,11.0,B
2021-06-09T10:54:46,1000.0,11.0,B
2021-06-09T10:54:46,6600.0,11.0,B
2021-06-09T10:54:44,2000.0,10.95,S
2021-06-09T10:54:39,1500.0,10.95,S
2021-06-09T10:54:33,1500.0,10.95,S
2021-06-09T10:53:56,300.0,11.0,B
2021-06-09T10:53:53,5000.0,11.0,B
2021-06-09T10:53:50,700.0,11.0,B
2021-06-09T10:53:44,1000.0,11.0,B
2021-06-09T10:53:09,24700.0,11.0,B
2021-06-09T10:53:08,2000.0,10.9,S
2021-06-09T10:53:07,100.0,11.0,B
2021-06-09T10:53:04,300.0,10.9,S
2021-06-09T10:52:52,100.0,11.0,B
2021-06-09T10:52:24,3000.0,11.0,B
2021-06-09T10:52:19,2500.0,11.0,B
2021-06-09T10:52:18,3000.0,10.9,S
2021-06-09T10:52:15,7500.0,10.9,S
2021-06-09T10:52:12,400.0,10.85,S
2021-06-09T10:52:11,500.0,10.9,S
2021-06-09T10:52:07,37100.0,10.9,S
2021-06-09T10:52:00,300.0,11.0,B
2021-06-09T10:51:58,1500.0,11.0,B
2021-06-09T10:51:53,200.0,11.0,B
2021-06-09T10:51:48,12800.0,11.0,B
2021-06-09T10:51:48,2100.0,11.0,B
2021-06-09T10:51:48,1000.0,11.0,B
2021-06-09T10:51:48,10300.0,11.0,B
2021-06-09T10:51:48,5000.0,11.0,B
2021-06-09T10:51:48,6000.0,11.0,B
2021-06-09T10:51:48,54500.0,11.0,B
2021-06-09T10:51:48,1000.0,11.0,B
2021-06-09T10:51:48,7300.0,11.0,B
2021-06-09T10:51:45,100.0,11.0,B
2021-06-09T10:51:38,600.0,11.0,B
2021-06-09T10:51:30,100.0,10.9,S
2021-06-09T10:51:20,400.0,10.9,S
2021-06-09T10:51:20,1000.0,11.0,B
2021-06-09T10:51:19,300.0,10.9,S
2021-06-09T10:51:15,300.0,11.0,B
2021-06-09T10:51:12,500.0,11.0,B
2021-06-09T10:51:11,50000.0,10.9,S
2021-06-09T10:51:08,1000.0,11.0,B
2021-06-09T10:50:52,800.0,11.0,B
2021-06-09T10:50:51,200.0,11.0,B
2021-06-09T10:50:45,300.0,11.0,B
2021-06-09T10:50:37,5200.0,11.0,B
2021-06-09T10:50:37,100.0,11.0,B
2021-06-09T10:50:37,10000.0,11.0,B
2021-06-09T10:50:36,1100.0,11.0,B
2021-06-09T10:50:36,900.0,11.0,B
2021-06-09T10:50:36,3100.0,11.0,B
2021-06-09T10:50:36,3500.0,11.0,B
2021-06-09T10:50:36,16000.0,11.0,B
2021-06-09T10:50:36,7100.0,11.0,B
2021-06-09T10:50:36,6000.0,11.0,B
2021-06-09T10:50:36,1000.0,11.0,B
2021-06-09T10:50:29,500.0,10.95,S
2021-06-09T10:50:26,1000.0,11.0,B
2021-06-09T10:50:26,2500.0,11.0,B
2021-06-09T10:50:26,900.0,11.0,B
2021-06-09T10:50:26,600.0,11.0,B
2021-06-09T10:50:22,300.0,10.95,S
2021-06-09T10:50:14,700.0,11.0,B
2021-06-09T10:50:08,5000.0,11.0,B
2021-06-09T10:50:05,100.0,11.0,B
2021-06-09T10:49:47,4500.0,11.0,B
2021-06-09T10:49:45,1000.0,11.0,B
2021-06-09T10:49:42,2800.0,11.0,B
2021-06-09T10:49:28,300.0,11.0,B
2021-06-09T10:49:28,200.0,11.0,B
2021-06-09T10:49:17,100.0,10.95,S
2021-06-09T10:49:05,100.0,11.0,B
2021-06-09T10:49:05,4000.0,11.0,B
2021-06-09T10:48:55,200.0,11.0,B
2021-06-09T10:48:47,300.0,11.0,B
2021-06-09T10:48:24,3700.0,11.0,B
2021-06-09T10:48:24,1200.0,11.0,B
2021-06-09T10:48:24,100.0,11.0,B
2021-06-09T10:48:23,100.0,10.9,S
2021-06-09T10:48:23,7000.0,10.9,S
2021-06-09T10:48:22,2900.0,10.9,S
2021-06-09T10:47:59,5000.0,10.9,S
2021-06-09T10:47:48,2500.0,10.9,S
2021-06-09T10:47:40,5000.0,11.0,B
2021-06-09T10:47:33,2000.0,10.9,B
2021-06-09T10:46:58,4100.0,10.9,B
2021-06-09T10:46:41,600.0,10.9,B
2021-06-09T10:46:34,1000.0,10.9,B
2021-06-09T10:46:32,1000.0,10.9,B
2021-06-09T10:46:10,1000.0,10.85,B
2021-06-09T10:46:01,100.0,10.9,B
2021-06-09T10:45:57,3000.0,10.85,B
2021-06-09T10:45:44,100.0,10.9,B
2021-06-09T10:45:39,500.0,10.9,B
2021-06-09T10:45:32,100.0,10.9,B
2021-06-09T10:45:31,1000.0,10.9,B
2021-06-09T10:45:28,200.0,10.8,B
2021-06-09T10:45:24,200.0,10.8,B
2021-06-09T10:45:21,100.0,10.85,B
2021-06-09T10:45:11,100.0,10.9,B
2021-06-09T10:45:09,600.0,10.9,B
2021-06-09T10:45:09,7600.0,10.9,B
2021-06-09T10:45:09,5500.0,10.9,B
2021-06-09T10:45:09,3000.0,10.9,B
2021-06-09T10:45:09,1500.0,10.9,B
2021-06-09T10:45:08,40100.0,10.9,B
2021-06-09T10:45:08,1200.0,10.9,B
2021-06-09T10:45:08,1000.0,10.9,B
2021-06-09T10:45:08,1400.0,10.9,B
2021-06-09T10:45:08,4000.0,10.85,B
2021-06-09T10:45:08,1700.0,10.85,B
2021-06-09T10:45:07,2000.0,10.85,B
2021-06-09T10:45:07,5000.0,10.85,B
2021-06-09T10:45:05,500.0,10.85,B
2021-06-09T10:44:57,5000.0,10.85,B
2021-06-09T10:44:57,400.0,10.85,B
2021-06-09T10:44:57,100.0,10.85,B
2021-06-09T10:44:57,100.0,10.85,B
2021-06-09T10:44:57,2400.0,10.85,B
2021-06-09T10:44:47,1000.0,10.85,B
2021-06-09T10:44:47,7700.0,10.85,B
2021-06-09T10:44:47,2300.0,10.85,B
2021-06-09T10:44:42,2000.0,10.85,B
2021-06-09T10:44:42,3000.0,10.8,B
2021-06-09T10:44:31,7000.0,10.85,B
2021-06-09T10:44:18,1800.0,10.85,B
2021-06-09T10:44:03,2800.0,10.8,B
2021-06-09T10:44:02,2000.0,10.8,B
2021-06-09T10:43:57,1000.0,10.8,B
2021-06-09T10:43:48,10000.0,10.8,B
2021-06-09T10:43:23,1600.0,10.8,B
2021-06-09T10:43:13,100.0,10.8,B
2021-06-09T10:43:10,2100.0,10.8,B
2021-06-09T10:43:01,19400.0,10.8,B
2021-06-09T10:42:56,100.0,10.8,B
2021-06-09T10:42:31,16200.0,10.8,B
2021-06-09T10:42:31,10800.0,10.8,B
2021-06-09T10:42:21,1500.0,10.8,B
2021-06-09T10:42:16,100.0,10.75,B
2021-06-09T10:42:03,100.0,10.8,B
2021-06-09T10:41:52,500.0,10.8,B
2021-06-09T10:41:50,1000.0,10.8,B
2021-06-09T10:41:49,87200.0,10.8,B
2021-06-09T10:41:48,7000.0,10.8,B
2021-06-09T10:41:48,500.0,10.8,B
2021-06-09T10:41:48,1100.0,10.8,B
2021-06-09T10:41:48,1600.0,10.8,B
2021-06-09T10:41:48,2000.0,10.8,B
2021-06-09T10:41:48,700.0,10.8,B
2021-06-09T10:41:48,1900.0,10.8,B
2021-06-09T10:41:48,500.0,10.8,B
2021-06-09T10:41:48,4900.0,10.8,B
2021-06-09T10:41:48,2100.0,10.8,B
2021-06-09T10:41:48,1300.0,10.8,B
2021-06-09T10:41:48,3000.0,10.8,B
2021-06-09T10:41:48,800.0,10.8,B
2021-06-09T10:41:48,30800.0,10.8,B
2021-06-09T10:41:48,5400.0,10.8,B
2021-06-09T10:41:48,5000.0,10.8,B
2021-06-09T10:41:48,35500.0,10.8,B
2021-06-09T10:41:48,8700.0,10.8,B
2021-06-09T10:41:23,5300.0,10.8,B
2021-06-09T10:41:23,24700.0,10.8,B
2021-06-09T10:41:21,100.0,10.75,B
2021-06-09T10:40:59,11300.0,10.8,B
2021-06-09T10:40:59,200.0,10.8,B
2021-06-09T10:40:59,3700.0,10.8,B
2021-06-09T10:40:54,100.0,10.7,B
2021-06-09T10:40:51,10000.0,10.75,B
2021-06-09T10:40:45,100.0,10.7,B
2021-06-09T10:40:42,200.0,10.7,B
2021-06-09T10:40:38,10000.0,10.7,B
2021-06-09T10:40:17,200.0,10.7,B
2021-06-09T10:40:09,100.0,10.7,B
2021-06-09T10:39:57,1000.0,10.75,B
2021-06-09T10:39:51,100.0,10.7,B
2021-06-09T10:39:36,500.0,10.7,B
2021-06-09T10:39:36,25600.0,10.7,B
2021-06-09T10:39:36,20400.0,10.7,B
2021-06-09T10:39:36,16900.0,10.7,B
2021-06-09T10:39:36,1000.0,10.7,B
2021-06-09T10:39:36,2000.0,10.7,B
2021-06-09T10:39:36,1100.0,10.7,B
2021-06-09T10:39:36,50500.0,10.7,B
2021-06-09T10:39:36,100.0,10.7,B
2021-06-09T10:39:36,2000.0,10.7,B
2021-06-09T10:39:36,10000.0,10.7,B
2021-06-09T10:39:36,1000.0,10.7,B
2021-06-09T10:39:36,200.0,10.7,B
2021-06-09T10:39:35,100.0,10.65,B
2021-06-09T10:39:14,5500.0,10.7,B
2021-06-09T10:38:55,2000.0,10.65,B
2021-06-09T10:38:50,300.0,10.7,B
2021-06-09T10:38:38,1000.0,10.65,B
2021-06-09T10:38:14,6000.0,10.65,B
2021-06-09T10:37:49,3300.0,10.65,B
2021-06-09T10:37:41,500.0,10.65,B
2021-06-09T10:37:37,1400.0,10.6,S
2021-06-09T10:37:35,800.0,10.6,S
2021-06-09T10:37:26,200.0,10.6,S
2021-06-09T10:37:21,5000.0,10.65,B
2021-06-09T10:37:06,500.0,10.65,B
2021-06-09T10:36:44,300.0,10.65,B
2021-06-09T10:36:34,100.0,10.65,B
2021-06-09T10:36:30,2000.0,10.65,B
2021-06-09T10:36:23,500.0,10.65,B
2021-06-09T10:36:22,100.0,10.6,S
2021-06-09T10:36:17,12000.0,10.6,S
2021-06-09T10:36:17,200.0,10.65,B
2021-06-09T10:36:16,2000.0,10.65,B
2021-06-09T10:36:09,100.0,10.65,B
2021-06-09T10:36:02,3000.0,10.65,B
2021-06-09T10:35:55,400.0,10.65,B
2021-06-09T10:35:41,1000.0,10.65,B
2021-06-09T10:35:08,200.0,10.65,B
2021-06-09T10:34:59,100.0,10.6,B
2021-06-09T10:34:37,8000.0,10.65,B
2021-06-09T10:34:32,100.0,10.6,B
2021-06-09T10:34:00,300.0,10.65,B
2021-06-09T10:33:40,5000.0,10.65,B
2021-06-09T10:33:33,1000.0,10.6,B
2021-06-09T10:33:32,4800.0,10.65,B
2021-06-09T10:33:29,7300.0,10.6,B
2021-06-09T10:33:23,8600.0,10.6,B
2021-06-09T10:33:20,100.0,10.55,S
2021-06-09T10:33:13,50000.0,10.55,S
2021-06-09T10:33:10,1400.0,10.6,B
2021-06-09T10:32:59,4000.0,10.65,B
2021-06-09T10:32:50,1000.0,10.6,B
2021-06-09T10:32:45,4000.0,10.6,B
2021-06-09T10:32:45,5000.0,10.6,B
2021-06-09T10:32:09,9600.0,10.55,S
2021-06-09T10:31:57,100.0,10.6,B
2021-06-09T10:31:39,100.0,10.6,B
2021-06-09T10:31:26,5000.0,10.6,B
2021-06-09T10:31:13,1000.0,10.6,B
2021-06-09T10:31:11,1000.0,10.6,B
2021-06-09T10:30:59,100.0,10.55,S
2021-06-09T10:30:57,100.0,10.6,B
2021-06-09T10:30:57,1000.0,10.6,B
2021-06-09T10:30:55,4000.0,10.6,B
2021-06-09T10:30:54,1100.0,10.6,B
2021-06-09T10:30:54,58900.0,10.6,B
2021-06-09T10:30:48,400.0,10.6,B
2021-06-09T10:30:48,100.0,10.55,S
2021-06-09T10:30:43,1000.0,10.55,S
2021-06-09T10:30:24,300.0,10.6,B
2021-06-09T10:30:22,100.0,10.55,S
2021-06-09T10:30:18,1000.0,10.6,B
2021-06-09T10:30:00,800.0,10.6,B
2021-06-09T10:29:59,300.0,10.55,S
2021-06-09T10:29:58,1100.0,10.6,B
2021-06-09T10:29:57,100.0,10.6,B
2021-06-09T10:29:49,11000.0,10.55,S
2021-06-09T10:29:42,300.0,10.6,B
2021-06-09T10:29:39,2000.0,10.6,B
2021-06-09T10:29:39,800.0,10.6,B
2021-06-09T10:29:39,2600.0,10.6,B
2021-06-09T10:29:30,500.0,10.6,B
2021-06-09T10:29:28,4000.0,10.6,B
2021-06-09T10:29:28,3400.0,10.6,B
2021-06-09T10:29:28,2600.0,10.6,B
2021-06-09T10:29:26,3000.0,10.6,B
2021-06-09T10:29:25,300.0,10.6,B
2021-06-09T10:29:23,1000.0,10.55,S
2021-06-09T10:29:19,100.0,10.6,B
2021-06-09T10:29:16,50000.0,10.55,S
2021-06-09T10:29:16,1000.0,10.6,B
2021-06-09T10:29:14,10000.0,10.6,B
2021-06-09T10:28:57,1000.0,10.6,B
2021-06-09T10:28:42,1400.0,10.6,B
2021-06-09T10:28:37,9200.0,10.55,S
2021-06-09T10:28:29,500.0,10.55,S
2021-06-09T10:28:20,300.0,10.55,S
2021-06-09T10:28:06,1000.0,10.5,S
2021-06-09T10:28:02,1000.0,10.5,S
2021-06-09T10:27:56,200.0,10.6,B
2021-06-09T10:27:52,400.0,10.5,S
2021-06-09T10:27:44,500.0,10.5,S
2021-06-09T10:27:35,1000.0,10.6,B
2021-06-09T10:27:25,32900.0,10.5,S
2021-06-09T10:27:25,17100.0,10.5,S
2021-06-09T10:27:08,400.0,10.6,B
2021-06-09T10:27:08,100.0,10.55,S
2021-06-09T10:27:06,5000.0,10.5,S
2021-06-09T10:26:49,500.0,10.5,B
2021-06-09T10:26:48,500.0,10.6,B
2021-06-09T10:26:48,3000.0,10.5,B
2021-06-09T10:26:18,100.0,10.5,B
2021-06-09T10:25:55,10000.0,10.6,B
2021-06-09T10:25:36,600.0,10.5,B
2021-06-09T10:25:34,100.0,10.5,B
2021-06-09T10:25:25,2000.0,10.6,B
2021-06-09T10:25:20,7000.0,10.6,B
2021-06-09T10:25:19,1500.0,10.5,B
2021-06-09T10:25:07,14900.0,10.6,B
2021-06-09T10:25:07,3400.0,10.6,B
2021-06-09T10:25:07,4500.0,10.6,B
2021-06-09T10:25:07,2300.0,10.6,B
2021-06-09T10:25:07,11500.0,10.6,B
2021-06-09T10:25:07,6500.0,10.6,B
2021-06-09T10:25:06,800.0,10.6,B
2021-06-09T10:25:06,4500.0,10.6,B
2021-06-09T10:25:06,10500.0,10.6,B
2021-06-09T10:25:06,300.0,10.6,B
2021-06-09T10:25:06,2400.0,10.6,B
2021-06-09T10:25:06,11000.0,10.6,B
2021-06-09T10:25:06,1200.0,10.6,B
2021-06-09T10:25:06,7100.0,10.6,B
2021-06-09T10:25:06,2900.0,10.6,B
2021-06-09T10:25:06,2900.0,10.6,B
2021-06-09T10:25:06,3500.0,10.6,B
2021-06-09T10:25:06,4100.0,10.6,B
2021-06-09T10:25:06,200.0,10.6,B
2021-06-09T10:25:06,7400.0,10.6,B
2021-06-09T10:25:06,18400.0,10.55,B
2021-06-09T10:25:06,52300.0,10.55,B
2021-06-09T10:25:05,27400.0,10.55,B
2021-06-09T10:24:55,24000.0,10.55,B
2021-06-09T10:24:54,6000.0,10.55,B
2021-06-09T10:24:26,24500.0,10.5,B
2021-06-09T10:24:20,105000.0,10.5,B
2021-06-09T10:24:14,500.0,10.5,B
2021-06-09T10:23:51,300.0,10.5,B
2021-06-09T10:23:47,400.0,10.5,B
2021-06-09T10:23:42,1700.0,10.5,B
2021-06-09T10:23:42,3000.0,10.5,B
2021-06-09T10:23:42,1000.0,10.5,B
2021-06-09T10:23:42,8300.0,10.5,B
2021-06-09T10:23:42,100.0,10.5,B
2021-06-09T10:23:42,10200.0,10.5,B
2021-06-09T10:23:42,25700.0,10.5,B
2021-06-09T10:23:36,1000.0,10.5,B
2021-06-09T10:23:34,400.0,10.5,B
2021-06-09T10:23:30,400.0,10.5,B
2021-06-09T10:23:11,5000.0,10.45,S
2021-06-09T10:23:07,10000.0,10.5,B
2021-06-09T10:22:28,1000.0,10.45,S
2021-06-09T10:22:22,5000.0,10.5,B
2021-06-09T10:22:12,20000.0,10.5,B
2021-06-09T10:22:11,5000.0,10.5,B
2021-06-09T10:22:11,1000.0,10.5,B
2021-06-09T10:22:11,1100.0,10.5,B
2021-06-09T10:22:11,2900.0,10.5,B
2021-06-09T10:22:08,300.0,10.5,B
2021-06-09T10:22:05,3000.0,10.5,B
2021-06-09T10:21:59,500.0,10.5,B
2021-06-09T10:21:59,4500.0,10.5,B
2021-06-09T10:21:54,1500.0,10.45,S
2021-06-09T10:21:42,17500.0,10.5,B
2021-06-09T10:21:42,2500.0,10.5,B
2021-06-09T10:21:42,2500.0,10.5,B
2021-06-09T10:21:41,24400.0,10.5,B
2021-06-09T10:21:41,43100.0,10.5,B
2021-06-09T10:21:38,100.0,10.45,S
2021-06-09T10:21:38,4900.0,10.5,B
2021-06-09T10:21:38,100.0,10.5,B
2021-06-09T10:21:37,100.0,10.5,B
2021-06-09T10:21:37,1000.0,10.45,S
2021-06-09T10:21:12,3400.0,10.5,B
2021-06-09T10:21:12,2400.0,10.5,B
2021-06-09T10:21:12,1800.0,10.5,B
2021-06-09T10:21:07,1000.0,10.5,B
2021-06-09T10:21:05,2000.0,10.5,B
2021-06-09T10:20:46,3200.0,10.5,B
2021-06-09T10:20:46,1200.0,10.5,B
2021-06-09T10:20:46,10500.0,10.5,B
2021-06-09T10:20:46,2000.0,10.5,B
2021-06-09T10:20:46,700.0,10.5,B
2021-06-09T10:20:46,100.0,10.5,B
2021-06-09T10:20:46,2100.0,10.5,B
2021-06-09T10:20:46,1100.0,10.5,B
2021-06-09T10:20:46,10000.0,10.5,B
2021-06-09T10:20:46,1000.0,10.5,B
2021-06-09T10:20:46,6700.0,10.5,B
2021-06-09T10:20:46,5800.0,10.5,B
2021-06-09T10:20:46,400.0,10.5,B
2021-06-09T10:20:45,5200.0,10.5,B
2021-06-09T10:20:45,3200.0,10.5,B
2021-06-09T10:20:45,600.0,10.5,B
2021-06-09T10:20:45,700.0,10.5,B
2021-06-09T10:20:45,46900.0,10.5,B
2021-06-09T10:20:45,5000.0,10.5,B
2021-06-09T10:20:32,400.0,10.45,S
2021-06-09T10:20:30,200.0,10.45,S
2021-06-09T10:20:25,300.0,10.45,S
2021-06-09T10:19:56,2600.0,10.5,B
2021-06-09T10:19:53,5000.0,10.5,B
2021-06-09T10:19:52,900.0,10.45,S
2021-06-09T10:19:46,300.0,10.45,S
2021-06-09T10:19:38,5000.0,10.4,S
2021-06-09T10:19:32,4300.0,10.4,S
2021-06-09T10:19:32,700.0,10.4,S
2021-06-09T10:19:32,600.0,10.4,S
2021-06-09T10:19:27,3100.0,10.4,S
2021-06-09T10:19:27,300.0,10.4,S
2021-06-09T10:19:21,400.0,10.4,S
2021-06-09T10:19:15,500.0,10.4,S
2021-06-09T10:19:11,500.0,10.4,S
2021-06-09T10:19:06,100.0,10.45,S
2021-06-09T10:19:02,600.0,10.45,S
2021-06-09T10:18:57,2500.0,10.4,S
2021-06-09T10:18:52,500.0,10.4,S
2021-06-09T10:18:45,20000.0,10.4,S
2021-06-09T10:18:42,500.0,10.45,S
2021-06-09T10:18:41,100.0,10.45,B
2021-06-09T10:18:34,1400.0,10.45,B
2021-06-09T10:18:33,200.0,10.5,B
2021-06-09T10:18:30,1000.0,10.5,B
2021-06-09T10:18:26,500.0,10.45,B
2021-06-09T10:18:23,500.0,10.45,B
2021-06-09T10:18:22,200.0,10.45,B
2021-06-09T10:18:14,30000.0,10.5,B
2021-06-09T10:18:12,100.0,10.45,B
2021-06-09T10:18:06,500.0,10.45,B
2021-06-09T10:18:04,45600.0,10.45,B
2021-06-09T10:18:04,2100.0,10.5,B
2021-06-09T10:18:02,1300.0,10.5,B
2021-06-09T10:17:51,42000.0,10.4,S
2021-06-09T10:17:35,1000.0,10.4,S
2021-06-09T10:17:32,11500.0,10.4,S
2021-06-09T10:17:28,50000.0,10.4,S
2021-06-09T10:17:12,1000.0,10.45,B
2021-06-09T10:17:11,700.0,10.5,B
2021-06-09T10:17:11,300.0,10.5,B
2021-06-09T10:16:57,100.0,10.4,S
2021-06-09T10:16:56,200.0,10.4,S
2021-06-09T10:16:49,400.0,10.4,S
2021-06-09T10:16:47,200.0,10.5,B
2021-06-09T10:16:45,1000.0,10.4,S
2021-06-09T10:16:30,7600.0,10.5,B
2021-06-09T10:16:30,300.0,10.5,B
2021-06-09T10:16:30,25300.0,10.5,B
2021-06-09T10:16:28,100.0,10.4,S
2021-06-09T10:16:13,1000.0,10.4,S
2021-06-09T10:16:11,10000.0,10.5,B
2021-06-09T10:16:06,4000.0,10.4,S
2021-06-09T10:16:06,1000.0,10.4,S
2021-06-09T10:16:04,100.0,10.4,S
2021-06-09T10:16:03,400.0,10.4,S
2021-06-09T10:15:55,500.0,10.4,S
2021-06-09T10:15:52,5000.0,10.4,S
2021-06-09T10:15:49,1000.0,10.4,S
2021-06-09T10:15:45,3000.0,10.4,S
2021-06-09T10:15:43,2000.0,10.4,S
2021-06-09T10:15:32,5000.0,10.4,S
2021-06-09T10:15:09,2000.0,10.4,S
2021-06-09T10:15:07,12700.0,10.4,S
2021-06-09T10:15:04,200.0,10.5,B
2021-06-09T10:14:59,2000.0,10.4,S
2021-06-09T10:14:37,10000.0,10.5,B
2021-06-09T10:14:33,200.0,10.4,S
2021-06-09T10:14:29,10300.0,10.4,S
2021-06-09T10:14:29,2000.0,10.4,S
2021-06-09T10:14:27,100.0,10.4,S
2021-06-09T10:14:25,100.0,10.4,S
2021-06-09T10:14:19,500.0,10.4,S
2021-06-09T10:14:14,1500.0,10.4,S
2021-06-09T10:14:13,200.0,10.4,S
2021-06-09T10:14:13,100.0,10.4,S
2021-06-09T10:14:11,6000.0,10.4,S
2021-06-09T10:14:11,100.0,10.5,B
2021-06-09T10:14:07,2200.0,10.4,S
2021-06-09T10:14:06,5400.0,10.5,B
2021-06-09T10:14:06,100.0,10.4,S
2021-06-09T10:14:01,500.0,10.4,S
2021-06-09T10:13:57,800.0,10.4,S
2021-06-09T10:13:56,500.0,10.4,S
2021-06-09T10:13:56,100.0,10.4,S
2021-06-09T10:13:50,500.0,10.4,S
2021-06-09T10:13:47,1000.0,10.4,S
2021-06-09T10:13:45,17100.0,10.4,S
2021-06-09T10:13:44,12900.0,10.4,S
2021-06-09T10:13:27,500.0,10.4,S
2021-06-09T10:13:21,100.0,10.4,S
2021-06-09T10:13:21,900.0,10.4,S
2021-06-09T10:13:12,300.0,10.4,S
2021-06-09T10:13:03,300.0,10.4,S
2021-06-09T10:13:02,500.0,10.4,S
2021-06-09T10:12:48,100.0,10.4,S
2021-06-09T10:12:46,2000.0,10.4,S
2021-06-09T10:12:45,100.0,10.4,S
2021-06-09T10:12:44,300.0,10.4,S
2021-06-09T10:12:31,100.0,10.4,B
2021-06-09T10:12:29,300.0,10.4,B
2021-06-09T10:12:27,200.0,10.4,B
2021-06-09T10:12:24,100.0,10.35,S
2021-06-09T10:12:24,300.0,10.4,B
2021-06-09T10:12:22,2800.0,10.4,B
2021-06-09T10:12:20,5000.0,10.4,B
2021-06-09T10:12:19,3100.0,10.35,S
2021-06-09T10:12:15,700.0,10.35,S
2021-06-09T10:12:07,500.0,10.4,B
2021-06-09T10:11:58,300.0,10.35,S
2021-06-09T10:11:56,41000.0,10.35,S
2021-06-09T10:11:56,3200.0,10.35,S
2021-06-09T10:11:56,800.0,10.35,S
2021-06-09T10:11:56,8300.0,10.35,S
2021-06-09T10:11:56,3900.0,10.35,S
2021-06-09T10:11:56,14600.0,10.35,S
2021-06-09T10:11:56,1400.0,10.35,S
2021-06-09T10:11:56,10900.0,10.35,S
2021-06-09T10:11:56,15900.0,10.4,B
2021-06-09T10:11:52,500.0,10.4,B
2021-06-09T10:11:51,3000.0,10.4,B
2021-06-09T10:11:44,500.0,10.4,B
2021-06-09T10:11:43,1000.0,10.4,B
2021-06-09T10:11:40,5000.0,10.4,B
2021-06-09T10:11:30,8000.0,10.35,S
2021-06-09T10:11:28,3000.0,10.4,B
2021-06-09T10:11:27,5000.0,10.4,B
2021-06-09T10:11:26,700.0,10.5,B
2021-06-09T10:11:21,500.0,10.4,B
2021-06-09T10:11:21,1800.0,10.4,B
2021-06-09T10:11:19,700.0,10.4,B
2021-06-09T10:11:17,4000.0,10.35,S
2021-06-09T10:11:17,100.0,10.35,S
2021-06-09T10:11:17,9000.0,10.35,S
2021-06-09T10:11:17,8000.0,10.35,S
2021-06-09T10:11:17,100.0,10.35,S
2021-06-09T10:11:17,2000.0,10.35,S
2021-06-09T10:11:17,22900.0,10.35,S
2021-06-09T10:11:17,12300.0,10.35,S
2021-06-09T10:11:17,3100.0,10.35,S
2021-06-09T10:11:17,800.0,10.35,S
2021-06-09T10:11:17,16500.0,10.35,S
2021-06-09T10:11:17,600.0,10.35,S
2021-06-09T10:11:17,11200.0,10.35,S
2021-06-09T10:11:17,4000.0,10.35,S
2021-06-09T10:11:16,10100.0,10.35,S
2021-06-09T10:11:16,56400.0,10.35,S
2021-06-09T10:11:16,1000.0,10.35,S
2021-06-09T10:11:16,16100.0,10.35,S
2021-06-09T10:11:16,1200.0,10.35,S
2021-06-09T10:11:16,1300.0,10.35,S
2021-06-09T10:11:16,2000.0,10.35,S
2021-06-09T10:11:16,400.0,10.35,S
2021-06-09T10:11:16,1200.0,10.35,S
2021-06-09T10:11:16,15700.0,10.35,S
2021-06-09T10:11:14,700.0,10.35,S
2021-06-09T10:11:09,500.0,10.35,S
2021-06-09T10:11:09,1000.0,10.35,S
2021-06-09T10:11:07,29100.0,10.4,B
2021-06-09T10:11:01,1800.0,10.35,S
2021-06-09T10:10:59,20000.0,10.4,B
2021-06-09T10:10:59,100.0,10.35,S
2021-06-09T10:10:53,5000.0,10.4,B
2021-06-09T10:10:52,2000.0,10.35,S
2021-06-09T10:10:47,1000.0,10.4,B
2021-06-09T10:10:42,2000.0,10.4,B
2021-06-09T10:10:42,100.0,10.4,B
2021-06-09T10:10:40,1000.0,10.4,B
2021-06-09T10:10:39,2000.0,10.4,B
2021-06-09T10:10:34,200.0,10.35,S
2021-06-09T10:10:31,600.0,10.35,S
2021-06-09T10:10:31,1900.0,10.4,B
2021-06-09T10:10:31,8100.0,10.4,B
2021-06-09T10:10:31,2000.0,10.35,S
2021-06-09T10:10:30,1000.0,10.35,S
2021-06-09T10:10:29,5000.0,10.35,S
2021-06-09T10:10:24,2000.0,10.4,B
2021-06-09T10:10:23,1300.0,10.35,S
2021-06-09T10:10:04,9000.0,10.35,S
2021-06-09T10:10:04,10000.0,10.4,B
2021-06-09T10:10:03,600.0,10.35,S
2021-06-09T10:09:53,2000.0,10.4,B
2021-06-09T10:09:51,600.0,10.4,B
2021-06-09T10:09:51,6000.0,10.4,B
2021-06-09T10:09:49,2000.0,10.4,B
2021-06-09T10:09:42,1000.0,10.4,B
2021-06-09T10:09:42,300.0,10.4,B
2021-06-09T10:09:38,2000.0,10.35,S
2021-06-09T10:09:36,2000.0,10.4,B
2021-06-09T10:09:32,1000.0,10.35,S
2021-06-09T10:09:30,3000.0,10.35,S
2021-06-09T10:09:28,2000.0,10.4,B
2021-06-09T10:09:25,1000.0,10.35,S
2021-06-09T10:09:25,1000.0,10.35,S
2021-06-09T10:09:22,10000.0,10.4,B
2021-06-09T10:09:21,200.0,10.35,S
2021-06-09T10:09:20,2000.0,10.4,B
2021-06-09T10:09:20,30000.0,10.4,B
2021-06-09T10:09:17,500.0,10.4,B
2021-06-09T10:09:04,1000.0,10.35,S
2021-06-09T10:09:01,1000.0,10.35,S
2021-06-09T10:09:00,3000.0,10.35,S
2021-06-09T10:08:51,1000.0,10.35,S
2021-06-09T10:08:50,1000.0,10.4,B
2021-06-09T10:08:50,5000.0,10.35,S
2021-06-09T10:08:37,100.0,10.35,S
2021-06-09T10:08:34,1000.0,10.35,S
2021-06-09T10:08:31,2000.0,10.4,B
2021-06-09T10:08:30,27000.0,10.4,B
2021-06-09T10:08:28,4000.0,10.5,B
2021-06-09T10:08:17,500.0,10.5,B
2021-06-09T10:08:11,5000.0,10.5,B
2021-06-09T10:08:04,1000.0,10.4,B
2021-06-09T10:08:04,800.0,10.4,B
2021-06-09T10:08:02,1100.0,10.4,B
2021-06-09T10:08:02,2500.0,10.4,B
2021-06-09T10:07:55,2000.0,10.4,B
2021-06-09T10:07:52,3000.0,10.4,B
2021-06-09T10:07:51,500.0,10.4,B
2021-06-09T10:07:50,1000.0,10.4,B
2021-06-09T10:07:50,100.0,10.4,B
2021-06-09T10:07:46,900.0,10.4,B
2021-06-09T10:07:43,100.0,10.45,B
2021-06-09T10:07:31,1000.0,10.4,B
2021-06-09T10:07:30,1600.0,10.4,B
2021-06-09T10:07:30,400.0,10.4,B
2021-06-09T10:07:27,2000.0,10.45,B
2021-06-09T10:07:23,5000.0,10.4,B
2021-06-09T10:07:15,4600.0,10.4,B
2021-06-09T10:07:10,200.0,10.4,B
2021-06-09T10:07:06,10000.0,10.4,B
2021-06-09T10:06:57,200.0,10.4,B
2021-06-09T10:06:53,2000.0,10.35,S
2021-06-09T10:06:53,2500.0,10.35,S
2021-06-09T10:06:53,100.0,10.35,S
2021-06-09T10:06:53,100.0,10.35,S
2021-06-09T10:06:53,500.0,10.35,S
2021-06-09T10:06:53,5800.0,10.35,S
2021-06-09T10:06:51,200.0,10.35,S
2021-06-09T10:06:49,4800.0,10.35,S
2021-06-09T10:06:49,3500.0,10.35,S
2021-06-09T10:06:49,2000.0,10.35,S
2021-06-09T10:06:49,14900.0,10.35,S
2021-06-09T10:06:47,1000.0,10.35,S
2021-06-09T10:06:44,2000.0,10.35,S
2021-06-09T10:06:42,1000.0,10.35,S
2021-06-09T10:06:39,30000.0,10.35,S
2021-06-09T10:06:39,1000.0,10.35,S
2021-06-09T10:06:33,10000.0,10.35,S
2021-06-09T10:06:32,1000.0,10.4,B
2021-06-09T10:06:25,100.0,10.35,S
2021-06-09T10:05:59,10000.0,10.35,S
2021-06-09T10:05:53,2200.0,10.35,S
2021-06-09T10:05:44,900.0,10.35,S
2021-06-09T10:05:43,23500.0,10.35,S
2021-06-09T10:05:43,100.0,10.35,S
2021-06-09T10:05:43,1200.0,10.35,S
2021-06-09T10:05:43,3300.0,10.35,S
2021-06-09T10:05:43,300.0,10.35,S
2021-06-09T10:05:43,14500.0,10.35,S
2021-06-09T10:05:43,3500.0,10.35,S
2021-06-09T10:05:43,34700.0,10.35,S
2021-06-09T10:05:41,100.0,10.4,B
2021-06-09T10:05:37,400.0,10.4,B
2021-06-09T10:05:27,500.0,10.4,B
2021-06-09T10:05:26,100.0,10.4,B
2021-06-09T10:05:22,1300.0,10.45,B
2021-06-09T10:05:18,200.0,10.4,B
2021-06-09T10:05:13,500.0,10.4,B
2021-06-09T10:05:02,200.0,10.5,B
2021-06-09T10:05:00,5000.0,10.5,B
2021-06-09T10:04:53,20000.0,10.5,B
2021-06-09T10:04:53,1000.0,10.4,B
2021-06-09T10:04:50,500.0,10.4,B
2021-06-09T10:04:48,600.0,10.4,B
2021-06-09T10:04:46,2000.0,10.4,B
2021-06-09T10:04:45,500.0,10.4,B
2021-06-09T10:04:45,16800.0,10.4,B
2021-06-09T10:04:42,200.0,10.35,S
2021-06-09T10:04:42,4700.0,10.35,S
2021-06-09T10:04:41,1000.0,10.35,S
2021-06-09T10:04:41,2000.0,10.4,B
2021-06-09T10:04:37,1000.0,10.35,S
2021-06-09T10:04:28,14000.0,10.4,B
2021-06-09T10:04:25,600.0,10.4,B
2021-06-09T10:04:25,5400.0,10.4,B
2021-06-09T10:04:12,16200.0,10.35,S
2021-06-09T10:04:12,4600.0,10.35,S
2021-06-09T10:04:12,400.0,10.35,S
2021-06-09T10:04:12,13800.0,10.35,S
2021-06-09T10:04:09,200.0,10.4,B
2021-06-09T10:04:04,10700.0,10.35,S
2021-06-09T10:04:01,1000.0,10.35,S
2021-06-09T10:04:01,2000.0,10.4,B
2021-06-09T10:04:00,7000.0,10.35,S
2021-06-09T10:03:58,500.0,10.35,S
2021-06-09T10:03:57,3000.0,10.35,S
2021-06-09T10:03:54,100.0,10.35,S
2021-06-09T10:03:44,19100.0,10.4,B
2021-06-09T10:03:39,500.0,10.4,B
2021-06-09T10:03:38,300.0,10.4,B
2021-06-09T10:03:38,4500.0,10.4,B
2021-06-09T10:03:36,100.0,10.4,B
2021-06-09T10:03:35,300.0,10.4,B
2021-06-09T10:03:22,500.0,10.4,B
2021-06-09T10:03:21,2000.0,10.4,B
2021-06-09T10:03:17,2000.0,10.4,B
2021-06-09T10:03:15,10000.0,10.4,B
2021-06-09T10:03:13,5000.0,10.4,B
2021-06-09T10:03:11,500.0,10.4,B
2021-06-09T10:03:10,18300.0,10.4,B
2021-06-09T10:03:07,100.0,10.4,B
2021-06-09T10:03:02,100.0,10.4,B
2021-06-09T10:02:58,1000.0,10.4,B
2021-06-09T10:02:56,2100.0,10.4,B
2021-06-09T10:02:54,200.0,10.4,B
2021-06-09T10:02:54,16700.0,10.4,B
2021-06-09T10:02:49,5000.0,10.4,B
2021-06-09T10:02:47,900.0,10.35,S
2021-06-09T10:02:47,1700.0,10.35,S
2021-06-09T10:02:47,2400.0,10.35,S
2021-06-09T10:02:45,200.0,10.4,B
2021-06-09T10:02:43,2000.0,10.4,B
2021-06-09T10:02:35,2200.0,10.4,B
2021-06-09T10:02:35,2000.0,10.35,S
2021-06-09T10:02:30,2000.0,10.4,B
2021-06-09T10:02:20,10000.0,10.35,S
2021-06-09T10:02:17,1000.0,10.4,B
2021-06-09T10:02:17,200.0,10.35,S
2021-06-09T10:02:08,29000.0,10.35,S
2021-06-09T10:02:00,600.0,10.35,S
2021-06-09T10:02:00,2000.0,10.4,B
2021-06-09T10:01:59,7400.0,10.4,B
2021-06-09T10:01:55,200.0,10.4,B
2021-06-09T10:01:55,3500.0,10.4,B
2021-06-09T10:01:52,5000.0,10.4,B
2021-06-09T10:01:50,10000.0,10.4,B
2021-06-09T10:01:42,600.0,10.4,B
2021-06-09T10:01:36,20000.0,10.4,B
2021-06-09T10:01:34,200.0,10.4,B
2021-06-09T10:01:31,500.0,10.4,B
2021-06-09T10:01:31,1000.0,10.4,B
2021-06-09T10:01:26,2000.0,10.5,B
2021-06-09T10:01:24,200.0,10.4,B
2021-06-09T10:01:15,4000.0,10.4,B
2021-06-09T10:01:04,1500.0,10.4,B
2021-06-09T10:00:57,800.0,10.4,B
2021-06-09T10:00:55,5700.0,10.4,B
2021-06-09T10:00:54,20000.0,10.35,S
2021-06-09T10:00:51,14300.0,10.4,B
2021-06-09T10:00:51,300.0,10.4,B
2021-06-09T10:00:42,100.0,10.4,B
2021-06-09T10:00:42,100.0,10.5,B
2021-06-09T10:00:31,1400.0,10.4,B
2021-06-09T10:00:31,200.0,10.4,B
2021-06-09T10:00:28,1800.0,10.4,B
2021-06-09T10:00:22,500.0,10.35,S
2021-06-09T10:00:21,5000.0,10.4,B
2021-06-09T10:00:18,5000.0,10.35,S
2021-06-09T10:00:14,16200.0,10.35,S
2021-06-09T10:00:10,100.0,10.35,S
2021-06-09T10:00:10,4000.0,10.4,B
2021-06-09T10:00:09,10000.0,10.35,S
2021-06-09T10:00:04,500.0,10.35,S
2021-06-09T10:00:03,300.0,10.4,B
2021-06-09T09:59:58,500.0,10.35,S
2021-06-09T09:59:56,200.0,10.4,B
2021-06-09T09:59:53,700.0,10.4,B
2021-06-09T09:59:53,1000.0,10.4,B
2021-06-09T09:59:44,300.0,10.35,S
2021-06-09T09:59:40,35500.0,10.5,B
2021-06-09T09:59:40,1100.0,10.45,B
2021-06-09T09:59:40,13400.0,10.4,B
2021-06-09T09:59:39,500.0,10.4,B
2021-06-09T09:59:37,4000.0,10.35,S
2021-06-09T09:59:36,500.0,10.35,S
2021-06-09T09:59:35,700.0,10.35,S
2021-06-09T09:59:35,8600.0,10.4,B
2021-06-09T09:59:34,500.0,10.4,B
2021-06-09T09:59:32,5800.0,10.5,B
2021-06-09T09:59:30,400.0,10.4,B
2021-06-09T09:59:30,1000.0,10.4,B
2021-06-09T09:59:23,1400.0,10.5,B
2021-06-09T09:59:20,4000.0,10.4,B
2021-06-09T09:59:19,500.0,10.4,B
2021-06-09T09:59:15,2600.0,10.4,B
2021-06-09T09:59:15,2400.0,10.4,B
2021-06-09T09:59:13,100.0,10.5,B
2021-06-09T09:59:11,5000.0,10.4,B
2021-06-09T09:59:09,800.0,10.4,B
2021-06-09T09:59:09,200.0,10.45,B
2021-06-09T09:59:06,200.0,10.4,B
2021-06-09T09:59:00,5000.0,10.4,B
2021-06-09T09:58:59,15000.0,10.4,B
2021-06-09T09:58:56,1000.0,10.4,B
2021-06-09T09:58:49,5000.0,10.4,B
2021-06-09T09:58:45,3000.0,10.4,B
2021-06-09T09:58:39,3900.0,10.4,B
2021-06-09T09:58:39,6100.0,10.4,B
2021-06-09T09:58:35,1000.0,10.5,B
2021-06-09T09:58:33,500.0,10.4,B
2021-06-09T09:58:28,1000.0,10.4,B
2021-06-09T09:58:18,100.0,10.5,B
2021-06-09T09:58:16,2500.0,10.4,B
2021-06-09T09:58:14,2000.0,10.4,B
2021-06-09T09:58:11,204700.0,10.5,B
2021-06-09T09:58:09,2000.0,10.35,S
2021-06-09T09:58:07,200.0,10.35,S
2021-06-09T09:58:07,2000.0,10.35,S
2021-06-09T09:58:04,700.0,10.35,S
2021-06-09T09:58:03,1000.0,10.35,S
2021-06-09T09:58:02,700.0,10.35,S
2021-06-09T09:58:00,1000.0,10.35,S
2021-06-09T09:58:00,1900.0,10.35,S
2021-06-09T09:58:00,8000.0,10.35,S
2021-06-09T09:58:00,98700.0,10.35,S
2021-06-09T09:57:58,400.0,10.4,B
2021-06-09T09:57:54,2000.0,10.5,B
2021-06-09T09:57:54,200.0,10.35,S
2021-06-09T09:57:54,19800.0,10.35,S
2021-06-09T09:57:53,1000.0,10.5,B
2021-06-09T09:57:53,1000.0,10.45,B
2021-06-09T09:57:52,100.0,10.35,S
2021-06-09T09:57:51,2000.0,10.4,B
2021-06-09T09:57:51,1000.0,10.4,B
2021-06-09T09:57:50,5000.0,10.35,S
2021-06-09T09:57:48,10000.0,10.35,S
2021-06-09T09:57:47,2000.0,10.4,B
2021-06-09T09:57:43,200.0,10.4,B
2021-06-09T09:57:43,1000.0,10.4,B
2021-06-09T09:57:42,2000.0,10.4,B
2021-06-09T09:57:41,100.0,10.4,B
2021-06-09T09:57:41,2000.0,10.5,B
2021-06-09T09:57:40,2000.0,10.5,B
2021-06-09T09:57:38,6800.0,10.5,B
2021-06-09T09:57:38,1600.0,10.45,B
2021-06-09T09:57:38,1000.0,10.45,B
2021-06-09T09:57:38,4500.0,10.45,B
2021-06-09T09:57:38,1000.0,10.45,B
2021-06-09T09:57:38,85100.0,10.45,B
2021-06-09T09:57:37,26400.0,10.4,B
2021-06-09T09:57:37,1000.0,10.4,B
2021-06-09T09:57:37,4600.0,10.4,B
2021-06-09T09:57:37,17100.0,10.4,B
2021-06-09T09:57:37,500.0,10.4,B
2021-06-09T09:57:34,2000.0,10.4,B
2021-06-09T09:57:33,2400.0,10.35,S
2021-06-09T09:57:33,1200.0,10.35,S
2021-06-09T09:57:33,1400.0,10.35,S
2021-06-09T09:57:32,1000.0,10.35,S
2021-06-09T09:57:31,1000.0,10.35,S
2021-06-09T09:57:30,3900.0,10.4,B
2021-06-09T09:57:28,28500.0,10.4,B
2021-06-09T09:57:25,10300.0,10.4,B
2021-06-09T09:57:24,1300.0,10.35,S
2021-06-09T09:57:15,1000.0,10.4,B
2021-06-09T09:57:11,400.0,10.35,S
2021-06-09T09:57:11,1000.0,10.35,S
2021-06-09T09:57:11,3600.0,10.35,S
2021-06-09T09:57:09,1000.0,10.35,S
2021-06-09T09:57:09,8000.0,10.35,S
2021-06-09T09:57:08,500.0,10.4,B
2021-06-09T09:57:07,2000.0,10.4,B
2021-06-09T09:57:06,500.0,10.4,B
2021-06-09T09:57:04,2000.0,10.4,B
2021-06-09T09:57:03,2100.0,10.4,B
2021-06-09T09:57:03,27300.0,10.35,S
2021-06-09T09:57:03,1500.0,10.35,S
2021-06-09T09:57:02,2000.0,10.4,B
2021-06-09T09:57:02,1000.0,10.35,S
2021-06-09T09:57:01,3700.0,10.35,S
2021-06-09T09:57:01,10600.0,10.35,S
2021-06-09T09:57:01,1100.0,10.35,S
2021-06-09T09:57:01,900.0,10.35,S
2021-06-09T09:57:01,4200.0,10.35,S
2021-06-09T09:56:59,500.0,10.35,S
2021-06-09T09:56:58,1000.0,10.35,S
2021-06-09T09:56:53,10000.0,10.4,B
2021-06-09T09:56:52,200.0,10.35,S
2021-06-09T09:56:49,2000.0,10.4,B
2021-06-09T09:56:43,700.0,10.4,B
2021-06-09T09:56:37,400.0,10.4,B
2021-06-09T09:56:37,2000.0,10.4,B
2021-06-09T09:56:25,2000.0,10.4,B
2021-06-09T09:56:21,1800.0,10.4,B
2021-06-09T09:56:20,1500.0,10.4,B
2021-06-09T09:56:19,1000.0,10.35,S
2021-06-09T09:56:15,50000.0,10.35,S
2021-06-09T09:56:10,20000.0,10.35,S
2021-06-09T09:56:10,1800.0,10.35,S
2021-06-09T09:56:08,1800.0,10.35,S
2021-06-09T09:56:08,1000.0,10.35,S
2021-06-09T09:56:08,1500.0,10.35,S
2021-06-09T09:56:08,1500.0,10.35,S
2021-06-09T09:56:07,4200.0,10.35,S
2021-06-09T09:56:07,10900.0,10.35,S
2021-06-09T09:56:07,1200.0,10.35,S
2021-06-09T09:56:07,27900.0,10.35,S
2021-06-09T09:56:05,5000.0,10.35,S
2021-06-09T09:56:04,100.0,10.4,B
2021-06-09T09:56:01,1500.0,10.35,S
2021-06-09T09:56:01,3500.0,10.35,S
2021-06-09T09:56:00,1600.0,10.35,S
2021-06-09T09:56:00,4100.0,10.35,S
2021-06-09T09:56:00,33900.0,10.35,S
2021-06-09T09:56:00,300.0,10.35,S
2021-06-09T09:56:00,6700.0,10.35,S
2021-06-09T09:56:00,3400.0,10.35,S
2021-06-09T09:55:58,100.0,10.4,B
2021-06-09T09:55:53,1600.0,10.4,B
2021-06-09T09:55:52,5000.0,10.4,B
2021-06-09T09:55:47,900.0,10.4,B
2021-06-09T09:55:40,10000.0,10.4,B
2021-06-09T09:55:32,10000.0,10.4,B
2021-06-09T09:55:25,10000.0,10.4,B
2021-06-09T09:55:22,3000.0,10.35,S
2021-06-09T09:55:20,4100.0,10.4,B
2021-06-09T09:55:18,30000.0,10.4,B
2021-06-09T09:55:12,5800.0,10.4,B
2021-06-09T09:55:12,200.0,10.35,S
2021-06-09T09:55:03,1000.0,10.35,S
2021-06-09T09:54:59,3000.0,10.4,B
2021-06-09T09:54:55,1000.0,10.35,S
2021-06-09T09:54:53,1000.0,10.4,B
2021-06-09T09:54:52,5000.0,10.4,B
2021-06-09T09:54:50,200.0,10.4,B
2021-06-09T09:54:46,700.0,10.4,B
2021-06-09T09:54:45,500.0,10.35,S
2021-06-09T09:54:31,3000.0,10.35,S
2021-06-09T09:54:31,6000.0,10.4,B
2021-06-09T09:54:26,1000.0,10.4,B
2021-06-09T09:54:21,20000.0,10.4,B
2021-06-09T09:54:16,1000.0,10.4,B
2021-06-09T09:54:10,20000.0,10.4,B
2021-06-09T09:54:06,5000.0,10.4,B
2021-06-09T09:54:06,30000.0,10.35,S
2021-06-09T09:54:02,200.0,10.4,B
2021-06-09T09:53:54,1000.0,10.4,B
2021-06-09T09:53:52,100000.0,10.35,S
2021-06-09T09:53:40,800.0,10.35,S
2021-06-09T09:53:37,1200.0,10.4,B
2021-06-09T09:53:33,1600.0,10.35,S
2021-06-09T09:53:17,1000.0,10.35,S
2021-06-09T09:52:52,1000.0,10.4,B
2021-06-09T09:52:41,100000.0,10.5,B
2021-06-09T09:52:40,100.0,10.4,B
2021-06-09T09:52:34,4000.0,10.4,B
2021-06-09T09:52:34,900.0,10.35,S
2021-06-09T09:52:28,8000.0,10.35,S
2021-06-09T09:52:21,1200.0,10.4,S
2021-06-09T09:52:20,500.0,10.4,S
2021-06-09T09:52:16,1000.0,10.4,S
2021-06-09T09:52:14,200.0,10.4,S
2021-06-09T09:52:12,58000.0,10.4,S
2021-06-09T09:52:04,1000.0,10.35,S
2021-06-09T09:52:01,2000.0,10.4,S
2021-06-09T09:52:00,10000.0,10.35,S
2021-06-09T09:51:59,1200.0,10.35,S
2021-06-09T09:51:55,300.0,10.35,S
2021-06-09T09:51:54,100.0,10.4,S
2021-06-09T09:51:49,6000.0,10.35,S
2021-06-09T09:51:48,200.0,10.4,S
2021-06-09T09:51:41,700.0,10.35,S
2021-06-09T09:51:38,1000.0,10.35,S
2021-06-09T09:51:33,45100.0,10.4,S
2021-06-09T09:51:33,4900.0,10.4,S
2021-06-09T09:51:28,1000.0,10.4,S
2021-06-09T09:51:27,1500.0,10.35,S
2021-06-09T09:51:27,1600.0,10.35,S
2021-06-09T09:51:27,1600.0,10.35,S
2021-06-09T09:51:27,5300.0,10.35,S
2021-06-09T09:51:25,1500.0,10.4,S
2021-06-09T09:51:12,200.0,10.4,S
2021-06-09T09:51:05,100.0,10.4,S
2021-06-09T09:50:59,2500.0,10.4,S
2021-06-09T09:50:59,500.0,10.4,S
2021-06-09T09:50:56,200.0,10.35,S
2021-06-09T09:50:53,400.0,10.35,S
2021-06-09T09:50:53,600.0,10.35,S
2021-06-09T09:50:42,400.0,10.35,S
2021-06-09T09:50:41,1000.0,10.4,S
2021-06-09T09:50:39,200.0,10.4,S
2021-06-09T09:50:38,100.0,10.4,S
2021-06-09T09:50:36,1400.0,10.4,S
2021-06-09T09:50:35,800.0,10.4,S
2021-06-09T09:50:35,500.0,10.35,S
2021-06-09T09:50:34,36500.0,10.35,S
2021-06-09T09:50:29,15000.0,10.5,B
2021-06-09T09:50:27,5000.0,10.5,B
2021-06-09T09:50:21,2000.0,10.5,B
2021-06-09T09:50:20,2000.0,10.5,B
2021-06-09T09:50:18,2000.0,10.5,B
2021-06-09T09:50:17,26000.0,10.5,B
2021-06-09T09:50:12,6600.0,10.5,B
2021-06-09T09:50:12,7400.0,10.5,B
2021-06-09T09:50:12,1300.0,10.5,B
2021-06-09T09:50:12,600.0,10.5,B
2021-06-09T09:50:12,10800.0,10.5,B
2021-06-09T09:50:12,10000.0,10.5,B
2021-06-09T09:50:11,13300.0,10.5,B
2021-06-09T09:50:10,10000.0,10.35,S
2021-06-09T09:50:09,600.0,10.35,S
2021-06-09T09:50:08,2000.0,10.5,B
2021-06-09T09:50:06,10000.0,10.35,S
2021-06-09T09:50:04,15000.0,10.5,B
2021-06-09T09:50:04,200.0,10.35,S
2021-06-09T09:50:00,3000.0,10.35,S
2021-06-09T09:49:53,500.0,10.4,S
2021-06-09T09:49:51,5000.0,10.4,S
2021-06-09T09:49:51,500.0,10.4,S
2021-06-09T09:49:48,5000.0,10.35,S
2021-06-09T09:49:43,100.0,10.4,S
2021-06-09T09:49:38,1000.0,10.4,S
2021-06-09T09:49:38,1200.0,10.4,S
2021-06-09T09:49:37,2000.0,10.5,B
2021-06-09T09:49:36,1000.0,10.4,S
2021-06-09T09:49:34,2800.0,10.4,S
2021-06-09T09:49:18,200.0,10.4,S
2021-06-09T09:49:15,3000.0,10.4,S
2021-06-09T09:49:06,4600.0,10.35,S
2021-06-09T09:49:06,14200.0,10.35,S
2021-06-09T09:49:06,1200.0,10.35,S
2021-06-09T09:49:06,300.0,10.35,S
2021-06-09T09:49:06,2100.0,10.35,S
2021-06-09T09:49:06,9200.0,10.4,S
2021-06-09T09:49:06,1000.0,10.4,S
2021-06-09T09:49:06,400.0,10.4,S
2021-06-09T09:49:06,17000.0,10.4,S
2021-06-09T09:49:02,1100.0,10.5,B
2021-06-09T09:49:00,500.0,10.4,S
2021-06-09T09:48:55,14100.0,10.5,B
2021-06-09T09:48:55,2500.0,10.5,B
2021-06-09T09:48:54,13900.0,10.5,B
2021-06-09T09:48:54,14200.0,10.5,B
2021-06-09T09:48:54,5300.0,10.5,B
2021-06-09T09:48:54,6700.0,10.4,S
2021-06-09T09:48:54,12000.0,10.4,S
2021-06-09T09:48:54,1400.0,10.4,S
2021-06-09T09:48:54,21900.0,10.4,S
2021-06-09T09:48:46,100.0,10.4,S
2021-06-09T09:48:45,200.0,10.4,S
2021-06-09T09:48:44,5000.0,10.4,S
2021-06-09T09:48:43,16000.0,10.4,S
2021-06-09T09:48:42,500.0,10.5,B
2021-06-09T09:48:37,800.0,10.4,S
2021-06-09T09:48:36,10000.0,10.4,S
2021-06-09T09:48:34,1800.0,10.5,B
2021-06-09T09:48:30,2000.0,10.5,B
2021-06-09T09:48:29,500.0,10.5,B
2021-06-09T09:48:24,5000.0,10.4,S
2021-06-09T09:48:21,1000.0,10.4,S
2021-06-09T09:48:17,9700.0,10.4,S
2021-06-09T09:48:14,3800.0,10.5,B
2021-06-09T09:48:14,2200.0,10.5,B
2021-06-09T09:48:11,400.0,10.5,B
2021-06-09T09:48:10,1700.0,10.4,S
2021-06-09T09:48:10,2000.0,10.4,S
2021-06-09T09:48:10,1700.0,10.4,S
2021-06-09T09:48:10,2700.0,10.4,S
2021-06-09T09:48:09,500.0,10.4,S
2021-06-09T09:48:04,1200.0,10.4,S
2021-06-09T09:48:02,100.0,10.4,S
2021-06-09T09:48:00,1000.0,10.4,S
2021-06-09T09:47:56,4600.0,10.4,S
2021-06-09T09:47:56,1500.0,10.4,S
2021-06-09T09:47:56,12200.0,10.4,S
2021-06-09T09:47:56,1000.0,10.4,S
2021-06-09T09:47:56,200.0,10.4,S
2021-06-09T09:47:56,500.0,10.4,S
2021-06-09T09:47:56,21000.0,10.4,S
2021-06-09T09:47:55,700.0,10.5,B
2021-06-09T09:47:55,1300.0,10.5,B
2021-06-09T09:47:54,2000.0,10.5,B
2021-06-09T09:47:51,2000.0,10.5,B
2021-06-09T09:47:49,3000.0,10.5,B
2021-06-09T09:47:44,2000.0,10.5,B
2021-06-09T09:47:33,200.0,10.5,B
2021-06-09T09:47:29,1400.0,10.5,B
2021-06-09T09:47:29,5100.0,10.5,B
2021-06-09T09:47:23,3900.0,10.4,S
2021-06-09T09:47:23,6100.0,10.4,S
2021-06-09T09:47:20,3600.0,10.5,B
2021-06-09T09:47:16,4400.0,10.4,S
2021-06-09T09:47:16,400.0,10.4,S
2021-06-09T09:47:16,200.0,10.4,S
2021-06-09T09:47:10,5000.0,10.4,S
2021-06-09T09:47:08,5000.0,10.4,S
2021-06-09T09:47:05,6000.0,10.4,S
2021-06-09T09:47:05,100.0,10.4,S
2021-06-09T09:47:05,900.0,10.4,S
2021-06-09T09:47:04,200.0,10.5,B
2021-06-09T09:47:03,900.0,10.4,S
2021-06-09T09:47:03,7800.0,10.4,S
2021-06-09T09:47:03,1000.0,10.4,S
2021-06-09T09:47:03,10300.0,10.4,S
2021-06-09T09:47:02,2000.0,10.5,B
2021-06-09T09:47:01,900.0,10.5,B
2021-06-09T09:47:00,19100.0,10.4,S
2021-06-09T09:46:59,100.0,10.5,B
2021-06-09T09:46:59,2700.0,10.4,S
2021-06-09T09:46:59,1700.0,10.5,B
2021-06-09T09:46:59,300.0,10.5,B
2021-06-09T09:46:56,200.0,10.4,S
2021-06-09T09:46:55,5000.0,10.4,S
2021-06-09T09:46:53,4000.0,10.4,S
2021-06-09T09:46:39,800.0,10.4,S
2021-06-09T09:46:35,4000.0,10.4,S
2021-06-09T09:46:35,19700.0,10.5,B
2021-06-09T09:46:34,27400.0,10.5,B
2021-06-09T09:46:32,15000.0,10.4,S
2021-06-09T09:46:30,10000.0,10.5,B
2021-06-09T09:46:29,500.0,10.45,S
2021-06-09T09:46:21,10000.0,10.5,B
2021-06-09T09:46:18,200.0,10.45,S
2021-06-09T09:46:12,2000.0,10.5,B
2021-06-09T09:46:12,6600.0,10.5,B
2021-06-09T09:46:11,2000.0,10.5,B
2021-06-09T09:46:05,2000.0,10.5,B
2021-06-09T09:45:51,1000.0,10.5,B
2021-06-09T09:45:45,100.0,10.4,S
2021-06-09T09:45:43,2000.0,10.5,B
2021-06-09T09:45:41,100.0,10.5,B
2021-06-09T09:45:40,2000.0,10.5,B
2021-06-09T09:45:39,2000.0,10.5,B
2021-06-09T09:45:35,1000.0,10.5,B
2021-06-09T09:45:33,1000.0,10.5,B
2021-06-09T09:45:32,500.0,10.4,S
2021-06-09T09:45:30,1000.0,10.5,B
2021-06-09T09:45:28,500.0,10.4,S
2021-06-09T09:45:27,1000.0,10.5,B
2021-06-09T09:45:27,500.0,10.5,B
2021-06-09T09:45:25,500.0,10.4,S
2021-06-09T09:45:19,6600.0,10.4,S
2021-06-09T09:45:18,100.0,10.4,S
2021-06-09T09:45:16,100.0,10.5,B
2021-06-09T09:45:16,500.0,10.4,S
2021-06-09T09:45:13,500.0,10.4,S
2021-06-09T09:45:09,10000.0,10.5,B
2021-06-09T09:45:04,1000.0,10.5,S
2021-06-09T09:45:03,300.0,10.4,S
2021-06-09T09:45:02,1000.0,10.5,S
2021-06-09T09:45:01,500.0,10.5,S
2021-06-09T09:44:56,1000.0,10.5,S
2021-06-09T09:44:54,5100.0,10.4,S
2021-06-09T09:44:53,1000.0,10.5,S
2021-06-09T09:44:49,1000.0,10.5,S
2021-06-09T09:44:48,16000.0,10.5,S
2021-06-09T09:44:48,100.0,10.45,S
2021-06-09T09:44:43,4600.0,10.45,S
2021-06-09T09:44:41,1000.0,10.4,S
2021-06-09T09:44:36,500.0,10.5,S
2021-06-09T09:44:35,1000.0,10.4,S
2021-06-09T09:44:30,2000.0,10.45,S
2021-06-09T09:44:21,1000.0,10.5,S
2021-06-09T09:44:20,500.0,10.45,S
2021-06-09T09:44:04,1400.0,10.5,S
2021-06-09T09:43:57,5000.0,10.5,S
2021-06-09T09:43:54,500.0,10.5,S
2021-06-09T09:43:54,500.0,10.5,S
2021-06-09T09:43:53,3000.0,10.5,S
2021-06-09T09:43:44,300.0,10.4,S
2021-06-09T09:43:41,1000.0,10.45,S
2021-06-09T09:43:36,500.0,10.4,S
2021-06-09T09:43:26,5000.0,10.4,S
2021-06-09T09:43:23,1000.0,10.45,S
2021-06-09T09:43:22,5000.0,10.4,S
2021-06-09T09:43:19,1200.0,10.4,S
2021-06-09T09:43:19,100.0,10.4,S
2021-06-09T09:43:19,200.0,10.4,S
2021-06-09T09:43:19,3000.0,10.4,S
2021-06-09T09:43:19,1400.0,10.4,S
2021-06-09T09:43:19,400.0,10.4,S
2021-06-09T09:43:09,10000.0,10.4,S
2021-06-09T09:43:05,200.0,10.45,S
2021-06-09T09:42:58,1800.0,10.45,S
2021-06-09T09:42:58,6300.0,10.45,S
2021-06-09T09:42:58,300.0,10.45,S
2021-06-09T09:42:57,900.0,10.45,S
2021-06-09T09:42:57,42500.0,10.45,S
2021-06-09T09:42:57,8500.0,10.6,B
2021-06-09T09:42:57,8600.0,10.6,B
2021-06-09T09:42:57,4900.0,10.6,B
2021-06-09T09:42:57,4500.0,10.5,S
2021-06-09T09:42:54,5000.0,10.45,S
2021-06-09T09:42:53,1500.0,10.5,S
2021-06-09T09:42:51,7300.0,10.5,S
2021-06-09T09:42:49,10000.0,10.45,S
2021-06-09T09:42:46,10000.0,10.45,S
2021-06-09T09:42:42,1000.0,10.45,S
2021-06-09T09:42:41,4400.0,10.45,S
2021-06-09T09:42:41,5100.0,10.45,S
2021-06-09T09:42:41,2500.0,10.45,S
2021-06-09T09:42:40,100.0,10.45,S
2021-06-09T09:42:39,1000.0,10.5,S
2021-06-09T09:42:35,2800.0,10.5,S
2021-06-09T09:42:32,2000.0,10.5,S
2021-06-09T09:42:30,200.0,10.5,S
2021-06-09T09:42:29,800.0,10.5,S
2021-06-09T09:42:27,400.0,10.5,S
2021-06-09T09:42:24,300.0,10.5,S
2021-06-09T09:42:21,1000.0,10.6,B
2021-06-09T09:42:17,200.0,10.6,B
2021-06-09T09:42:11,100.0,10.5,S
2021-06-09T09:42:04,200.0,10.5,S
2021-06-09T09:42:02,100.0,10.5,S
2021-06-09T09:41:58,20000.0,10.6,B
2021-06-09T09:41:55,600.0,10.45,S
2021-06-09T09:41:50,4000.0,10.45,S
2021-06-09T09:41:48,3000.0,10.5,S
2021-06-09T09:41:44,600.0,10.5,S
2021-06-09T09:41:44,400.0,10.5,S
2021-06-09T09:41:39,1000.0,10.45,S
2021-06-09T09:41:27,50000.0,10.45,S
2021-06-09T09:41:23,1000.0,10.5,S
2021-06-09T09:41:13,1000.0,10.5,S
2021-06-09T09:41:10,500.0,10.5,S
2021-06-09T09:41:09,200.0,10.6,B
2021-06-09T09:41:05,1000.0,10.5,S
2021-06-09T09:41:01,700.0,10.5,S
2021-06-09T09:40:55,100.0,10.6,B
2021-06-09T09:40:51,1000.0,10.6,B
2021-06-09T09:40:50,3000.0,10.5,S
2021-06-09T09:40:49,5000.0,10.5,S
2021-06-09T09:40:38,5000.0,10.6,B
2021-06-09T09:40:31,200.0,10.5,S
2021-06-09T09:40:31,600.0,10.5,S
2021-06-09T09:40:29,2500.0,10.6,B
2021-06-09T09:40:28,2000.0,10.6,B
2021-06-09T09:40:04,900.0,10.5,S
2021-06-09T09:39:55,2000.0,10.6,B
2021-06-09T09:39:50,100.0,10.6,B
2021-06-09T09:39:49,5000.0,10.6,B
2021-06-09T09:39:41,2500.0,10.5,S
2021-06-09T09:39:40,100.0,10.5,S
2021-06-09T09:39:39,5000.0,10.5,S
2021-06-09T09:39:24,200.0,10.5,S
2021-06-09T09:39:24,4800.0,10.5,S
2021-06-09T09:39:19,200.0,10.5,S
2021-06-09T09:39:18,2100.0,10.6,B
2021-06-09T09:39:17,300.0,10.5,S
2021-06-09T09:39:11,100.0,10.5,S
2021-06-09T09:39:08,1000.0,10.5,S
2021-06-09T09:39:06,30000.0,10.5,S
2021-06-09T09:39:05,2900.0,10.5,S
2021-06-09T09:39:05,2100.0,10.5,S
2021-06-09T09:39:00,1700.0,10.5,S
2021-06-09T09:38:57,7800.0,10.5,S
2021-06-09T09:38:56,100.0,10.55,S
2021-06-09T09:38:52,1800.0,10.5,S
2021-06-09T09:38:50,2000.0,10.5,S
2021-06-09T09:38:49,300.0,10.5,S
2021-06-09T09:38:42,100.0,10.55,S
2021-06-09T09:38:40,10000.0,10.5,S
2021-06-09T09:38:39,100.0,10.5,S
2021-06-09T09:38:39,6500.0,10.5,S
2021-06-09T09:38:39,3500.0,10.5,S
2021-06-09T09:38:31,200.0,10.6,B
2021-06-09T09:38:31,200.0,10.6,B
2021-06-09T09:38:26,1000.0,10.5,S
2021-06-09T09:38:19,800.0,10.5,S
2021-06-09T09:38:18,300.0,10.6,B
2021-06-09T09:38:15,2000.0,10.6,B
2021-06-09T09:38:14,5000.0,10.6,B
2021-06-09T09:38:12,8000.0,10.6,B
2021-06-09T09:38:11,2000.0,10.5,S
2021-06-09T09:38:11,2000.0,10.5,S
2021-06-09T09:38:06,500.0,10.55,S
2021-06-09T09:38:04,20000.0,10.5,S
2021-06-09T09:38:01,5000.0,10.5,S
2021-06-09T09:37:59,7300.0,10.5,S
2021-06-09T09:37:57,900.0,10.55,S
2021-06-09T09:37:57,1200.0,10.55,S
2021-06-09T09:37:53,10000.0,10.5,S
2021-06-09T09:37:47,25000.0,10.5,S
2021-06-09T09:37:39,10000.0,10.6,B
2021-06-09T09:37:39,3000.0,10.5,S
2021-06-09T09:37:38,2000.0,10.6,B
2021-06-09T09:37:37,300.0,10.5,S
2021-06-09T09:37:34,1000.0,10.5,S
2021-06-09T09:37:34,1000.0,10.55,S
2021-06-09T09:37:30,5000.0,10.5,S
2021-06-09T09:37:29,3000.0,10.5,S
2021-06-09T09:37:25,500.0,10.55,S
2021-06-09T09:37:11,2000.0,10.5,S
2021-06-09T09:37:08,10000.0,10.5,S
2021-06-09T09:37:04,2000.0,10.5,S
2021-06-09T09:37:04,1000.0,10.5,S
2021-06-09T09:37:04,5000.0,10.55,S
2021-06-09T09:37:01,1000.0,10.6,B
2021-06-09T09:37:01,5000.0,10.5,S
2021-06-09T09:37:00,1200.0,10.5,S
2021-06-09T09:36:59,500.0,10.5,S
2021-06-09T09:36:58,300.0,10.5,S
2021-06-09T09:36:57,20000.0,10.5,S
2021-06-09T09:36:53,2000.0,10.5,S
2021-06-09T09:36:53,10500.0,10.5,S
2021-06-09T09:36:53,1500.0,10.5,S
2021-06-09T09:36:52,4000.0,10.6,B
2021-06-09T09:36:35,1000.0,10.6,B
2021-06-09T09:36:31,5000.0,10.5,S
2021-06-09T09:36:25,3100.0,10.5,S
2021-06-09T09:36:20,10000.0,10.6,B
2021-06-09T09:36:16,1000.0,10.5,S
2021-06-09T09:36:13,2000.0,10.5,S
2021-06-09T09:36:13,5000.0,10.5,S
2021-06-09T09:36:10,100.0,10.5,S
2021-06-09T09:36:08,6000.0,10.5,S
2021-06-09T09:36:08,200.0,10.5,S
2021-06-09T09:36:02,1800.0,10.5,S
2021-06-09T09:35:52,1000.0,10.6,B
2021-06-09T09:35:34,3000.0,10.5,S
2021-06-09T09:35:34,1000.0,10.5,S
2021-06-09T09:35:33,1000.0,10.6,B
2021-06-09T09:35:31,100.0,10.5,S
2021-06-09T09:35:30,100.0,10.6,B
2021-06-09T09:35:29,100.0,10.6,B
2021-06-09T09:35:25,2000.0,10.5,S
2021-06-09T09:35:13,1000.0,10.6,B
2021-06-09T09:35:13,4000.0,10.5,S
2021-06-09T09:35:08,5000.0,10.5,S
2021-06-09T09:34:59,1500.0,10.5,S
2021-06-09T09:34:54,5000.0,10.5,S
2021-06-09T09:34:54,5000.0,10.5,S
2021-06-09T09:34:53,10000.0,10.5,S
2021-06-09T09:34:49,10000.0,10.5,S
2021-06-09T09:34:49,3000.0,10.5,S
2021-06-09T09:34:47,100.0,10.5,S
2021-06-09T09:34:39,30000.0,10.5,S
2021-06-09T09:34:38,3400.0,10.5,S
2021-06-09T09:34:37,20000.0,10.6,B
2021-06-09T09:34:33,20000.0,10.5,S
2021-06-09T09:34:24,200.0,10.5,S
2021-06-09T09:34:20,5000.0,10.6,B
2021-06-09T09:34:16,500.0,10.5,S
2021-06-09T09:34:10,1500.0,10.6,B
2021-06-09T09:34:06,400.0,10.5,S
2021-06-09T09:33:57,40000.0,10.5,S
2021-06-09T09:33:56,100.0,10.55,S
2021-06-09T09:33:52,23000.0,10.5,S
2021-06-09T09:33:52,3800.0,10.5,S
2021-06-09T09:33:50,200.0,10.5,S
2021-06-09T09:33:49,500.0,10.5,S
2021-06-09T09:33:48,21400.0,10.5,S
2021-06-09T09:33:42,9100.0,10.5,S
2021-06-09T09:33:42,2000.0,10.5,S
2021-06-09T09:33:39,2000.0,10.5,S
2021-06-09T09:33:36,50000.0,10.5,S
2021-06-09T09:33:34,1000.0,10.5,S
2021-06-09T09:33:34,8100.0,10.5,S
2021-06-09T09:33:34,2000.0,10.5,S
2021-06-09T09:33:34,10100.0,10.5,S
2021-06-09T09:33:34,500.0,10.5,S
2021-06-09T09:33:33,100.0,10.5,S
2021-06-09T09:33:33,75900.0,10.5,S
2021-06-09T09:33:31,300.0,10.45,S
2021-06-09T09:33:27,2000.0,10.45,S
2021-06-09T09:33:24,3000.0,10.45,S
2021-06-09T09:33:20,200.0,10.5,S
2021-06-09T09:33:13,300.0,10.5,S
2021-06-09T09:33:11,100.0,10.5,S
2021-06-09T09:33:09,500.0,10.5,S
2021-06-09T09:33:06,200.0,10.4,S
2021-06-09T09:33:03,1000.0,10.5,S
2021-06-09T09:33:02,1000.0,10.45,S
2021-06-09T09:32:52,200.0,10.45,S
2021-06-09T09:32:51,13000.0,10.5,S
2021-06-09T09:32:44,5100.0,10.4,S
2021-06-09T09:32:43,6400.0,10.4,S
2021-06-09T09:32:43,3500.0,10.4,S
2021-06-09T09:32:41,100.0,10.45,S
2021-06-09T09:32:40,100.0,10.45,S
2021-06-09T09:32:21,500.0,10.5,S
2021-06-09T09:32:19,2000.0,10.5,S
2021-06-09T09:32:17,1000.0,10.5,S
2021-06-09T09:32:12,500.0,10.5,S
2021-06-09T09:32:12,30000.0,10.5,S
2021-06-09T09:32:10,11000.0,10.5,S
2021-06-09T09:32:05,300.0,10.5,S
2021-06-09T09:32:00,11000.0,10.4,S
2021-06-09T09:31:59,1500.0,10.4,S
2021-06-09T09:31:58,200.0,10.5,S
2021-06-09T09:31:54,5000.0,10.4,S
2021-06-09T09:31:54,100.0,10.4,S
2021-06-09T09:31:53,6900.0,10.4,S
2021-06-09T09:31:53,67200.0,10.4,S
2021-06-09T09:31:53,20000.0,10.4,S
2021-06-09T09:31:53,25300.0,10.4,S
2021-06-09T09:31:53,10000.0,10.4,S
2021-06-09T09:31:53,2000.0,10.4,S
2021-06-09T09:31:53,68600.0,10.4,S
2021-06-09T09:31:51,10000.0,10.4,S
2021-06-09T09:31:50,2500.0,10.5,S
2021-06-09T09:31:48,1000.0,10.5,S
2021-06-09T09:31:48,300.0,10.4,S
2021-06-09T09:31:46,2000.0,10.4,S
2021-06-09T09:31:44,10000.0,10.5,S
2021-06-09T09:31:40,500.0,10.5,S
2021-06-09T09:31:36,1600.0,10.4,S
2021-06-09T09:31:31,3000.0,10.5,S
2021-06-09T09:31:28,1000.0,10.4,S
2021-06-09T09:31:25,4000.0,10.4,S
2021-06-09T09:31:20,2000.0,10.5,S
2021-06-09T09:31:16,10000.0,10.5,S
2021-06-09T09:31:12,2500.0,10.5,S
2021-06-09T09:31:09,200.0,10.5,S
2021-06-09T09:31:09,2000.0,10.4,S
2021-06-09T09:31:08,10000.0,10.5,S
2021-06-09T09:30:59,100.0,10.5,S
2021-06-09T09:30:57,2900.0,10.5,S
2021-06-09T09:30:52,300.0,10.5,S
2021-06-09T09:30:37,3000.0,10.4,S
2021-06-09T09:30:35,1200.0,10.5,S
2021-06-09T09:30:30,200.0,10.4,S
2021-06-09T09:30:30,1000.0,10.5,S
2021-06-09T09:30:24,500.0,10.5,S
2021-06-09T09:30:13,2500.0,10.4,S
2021-06-09T09:30:13,4100.0,10.4,S
2021-06-09T09:30:10,1000.0,10.5,S
2021-06-09T09:30:04,1000.0,10.4,S
2021-06-09T09:30:04,2000.0,10.5,S
2021-06-09T09:30:03,15000.0,10.4,S
2021-06-09T09:30:02,200.0,10.5,S
2021-06-09T09:30:02,5000.0,10.5,S
2021-06-09T09:30:00,200.0,10.5,S
2021-06-09T09:30:00,1300.0,10.5,S
2021-06-09T09:29:53,500.0,10.45,S
2021-06-09T09:29:46,300.0,10.5,S
2021-06-09T09:29:46,3500.0,10.5,S
2021-06-09T09:29:44,100.0,10.5,S
2021-06-09T09:29:37,2000.0,10.5,S
2021-06-09T09:29:37,5100.0,10.5,S
2021-06-09T09:29:34,5000.0,10.5,S
2021-06-09T09:29:33,4700.0,10.6,B
2021-06-09T09:29:28,1000.0,10.6,B
2021-06-09T09:29:20,500.0,10.5,S
2021-06-09T09:29:17,500.0,10.5,S
2021-06-09T09:29:15,300.0,10.55,S
2021-06-09T09:29:11,100.0,10.55,S
2021-06-09T09:29:02,1000.0,10.6,B
2021-06-09T09:28:58,100.0,10.4,S
2021-06-09T09:28:58,100.0,10.5,S
2021-06-09T09:28:58,1000.0,10.6,B
2021-06-09T09:28:53,2300.0,10.6,B
2021-06-09T09:28:53,2700.0,10.6,B
2021-06-09T09:28:51,800.0,10.55,S
2021-06-09T09:28:47,400.0,10.4,S
2021-06-09T09:28:44,100.0,10.55,S
2021-06-09T09:28:43,500.0,10.55,S
2021-06-09T09:28:35,200.0,10.55,S
2021-06-09T09:28:33,2100.0,10.4,S
2021-06-09T09:28:25,200.0,10.4,S
2021-06-09T09:28:25,30000.0,10.4,S
2021-06-09T09:28:22,1000.0,10.5,S
2021-06-09T09:28:21,1000.0,10.55,S
2021-06-09T09:28:17,900.0,10.5,S
2021-06-09T09:28:12,100.0,10.55,S
2021-06-09T09:28:09,200.0,10.6,B
2021-06-09T09:27:58,200.0,10.5,S
2021-06-09T09:27:57,300.0,10.6,B
2021-06-09T09:27:49,500.0,10.6,S
2021-06-09T09:27:48,2000.0,10.5,S
2021-06-09T09:27:41,300.0,10.6,S
2021-06-09T09:27:41,1000.0,10.4,S
2021-06-09T09:27:38,1400.0,10.6,S
2021-06-09T09:27:31,2000.0,10.4,S
2021-06-09T09:27:30,10000.0,10.4,S
2021-06-09T09:27:29,1000.0,10.5,S
2021-06-09T09:27:24,5000.0,10.6,S
2021-06-09T09:27:23,100.0,10.6,S
2021-06-09T09:27:20,5000.0,10.6,S
2021-06-09T09:27:17,300.0,10.5,S
2021-06-09T09:27:16,100.0,10.6,S
2021-06-09T09:27:06,9100.0,10.6,S
2021-06-09T09:27:06,900.0,10.6,S
2021-06-09T09:27:01,2000.0,10.6,S
2021-06-09T09:26:42,100.0,10.6,S
2021-06-09T09:26:34,3000.0,10.6,S
2021-06-09T09:26:33,10000.0,10.4,S
2021-06-09T09:26:31,2200.0,10.5,S
2021-06-09T09:26:29,14600.0,10.5,S
2021-06-09T09:26:28,100.0,10.5,S
2021-06-09T09:26:27,200.0,10.5,S
2021-06-09T09:26:26,400.0,10.4,S
2021-06-09T09:26:22,3000.0,10.5,S
2021-06-09T09:26:21,200.0,10.5,S
2021-06-09T09:26:20,29000.0,10.4,S
2021-06-09T09:26:15,3000.0,10.5,S
2021-06-09T09:26:13,100.0,10.5,S
2021-06-09T09:26:09,200.0,10.5,S
2021-06-09T09:26:09,4900.0,10.5,S
2021-06-09T09:26:06,5000.0,10.5,S
2021-06-09T09:26:01,3000.0,10.45,S
2021-06-09T09:25:59,500.0,10.5,S
2021-06-09T09:25:55,5000.0,10.5,S
2021-06-09T09:25:53,1000.0,10.5,S
2021-06-09T09:25:51,5000.0,10.5,S
2021-06-09T09:25:49,100.0,10.5,S
2021-06-09T09:25:48,20000.0,10.45,S
2021-06-09T09:25:44,600.0,10.5,S
2021-06-09T09:25:39,2000.0,10.5,S
2021-06-09T09:25:38,2000.0,10.5,S
2021-06-09T09:25:33,200.0,10.5,S
2021-06-09T09:25:29,1800.0,10.45,S
2021-06-09T09:25:26,1000.0,10.45,S
2021-06-09T09:25:24,4000.0,10.45,S
2021-06-09T09:25:24,100.0,10.5,S
2021-06-09T09:25:20,500.0,10.5,S
2021-06-09T09:25:16,2000.0,10.5,S
2021-06-09T09:25:14,1000.0,10.5,S
2021-06-09T09:25:12,9500.0,10.5,S
2021-06-09T09:25:11,1000.0,10.5,S
2021-06-09T09:25:08,100.0,10.5,S
2021-06-09T09:25:03,200.0,10.5,S
2021-06-09T09:24:56,1000.0,10.5,S
2021-06-09T09:24:54,400.0,10.5,S
2021-06-09T09:24:53,10000.0,10.5,S
2021-06-09T09:24:52,2000.0,10.5,S
2021-06-09T09:24:52,3000.0,10.5,S
2021-06-09T09:24:52,5200.0,10.5,S
2021-06-09T09:24:52,6000.0,10.5,S
2021-06-09T09:24:52,79100.0,10.5,S
2021-06-09T09:24:52,7000.0,10.5,S
2021-06-09T09:24:52,25000.0,10.5,S
2021-06-09T09:24:51,3400.0,10.5,S
2021-06-09T09:24:51,15900.0,10.5,S
2021-06-09T09:24:51,1800.0,10.5,S
2021-06-09T09:24:51,4200.0,10.55,S
2021-06-09T09:24:51,21200.0,10.55,S
2021-06-09T09:24:51,13200.0,10.55,S
2021-06-09T09:24:43,4000.0,10.6,S
2021-06-09T09:24:34,7500.0,10.8,S
2021-06-09T09:24:26,3000.0,10.55,S
2021-06-09T09:24:26,10000.0,10.8,S
2021-06-09T09:24:26,10000.0,10.8,S
2021-06-09T09:24:18,2100.0,10.55,S
2021-06-09T09:24:17,6000.0,10.8,S
2021-06-09T09:24:17,700.0,10.7,S
2021-06-09T09:24:14,1500.0,10.8,S
2021-06-09T09:24:14,100.0,10.8,S
2021-06-09T09:24:14,3500.0,10.8,S
2021-06-09T09:24:14,3000.0,10.8,S
2021-06-09T09:24:14,6100.0,10.8,S
2021-06-09T09:24:11,6200.0,10.7,S
2021-06-09T09:24:07,30000.0,10.8,S
2021-06-09T09:24:05,1200.0,10.8,S
2021-06-09T09:24:05,800.0,10.75,S
2021-06-09T09:24:04,13000.0,10.55,S
2021-06-09T09:23:57,15800.0,10.55,S
2021-06-09T09:23:57,15000.0,10.55,S
2021-06-09T09:23:48,91400.0,10.55,S
2021-06-09T09:23:48,10000.0,10.6,S
2021-06-09T09:23:48,14800.0,10.6,S
2021-06-09T09:23:48,2000.0,10.6,S
2021-06-09T09:23:48,15000.0,10.6,S
2021-06-09T09:23:48,10100.0,10.6,S
2021-06-09T09:23:47,56700.0,10.65,S
2021-06-09T09:23:46,15400.0,10.75,S
2021-06-09T09:23:45,200.0,10.7,S
2021-06-09T09:23:43,1000.0,10.7,S
2021-06-09T09:23:40,2000.0,10.7,S
2021-06-09T09:23:39,500.0,10.7,S
2021-06-09T09:23:37,200.0,10.7,S
2021-06-09T09:23:33,200.0,10.65,S
2021-06-09T09:23:32,5800.0,10.7,S
2021-06-09T09:23:29,2000.0,10.7,S
2021-06-09T09:23:27,500.0,10.7,S
2021-06-09T09:23:22,100.0,10.7,S
2021-06-09T09:23:20,20000.0,10.65,S
2021-06-09T09:23:18,20000.0,10.7,S
2021-06-09T09:23:15,2800.0,10.7,S
2021-06-09T09:23:12,30000.0,10.7,S
2021-06-09T09:23:08,2000.0,10.7,S
2021-06-09T09:23:06,20000.0,10.7,S
2021-06-09T09:23:01,500.0,10.7,S
2021-06-09T09:22:58,200.0,10.8,S
2021-06-09T09:22:57,100.0,10.8,S
2021-06-09T09:22:55,500.0,10.8,S
2021-06-09T09:22:55,200.0,10.7,S
2021-06-09T09:22:50,1000.0,10.7,S
2021-06-09T09:22:48,2000.0,10.8,S
2021-06-09T09:22:48,44500.0,10.7,S
2021-06-09T09:22:47,3000.0,10.8,S
2021-06-09T09:22:46,100.0,10.7,S
2021-06-09T09:22:45,1000.0,10.7,S
2021-06-09T09:22:44,9200.0,10.75,S
2021-06-09T09:22:41,100.0,10.8,S
2021-06-09T09:22:40,3000.0,10.8,S
2021-06-09T09:22:39,2800.0,10.8,S
2021-06-09T09:22:30,1700.0,10.8,S
2021-06-09T09:22:29,5900.0,10.8,S
2021-06-09T09:22:23,1000.0,10.8,S
2021-06-09T09:22:21,300.0,10.75,S
2021-06-09T09:22:15,11500.0,10.8,S
2021-06-09T09:22:15,8500.0,10.8,S
2021-06-09T09:22:09,10000.0,10.7,S
2021-06-09T09:22:07,1400.0,10.7,S
2021-06-09T09:22:00,10000.0,10.8,S
2021-06-09T09:21:56,1000.0,10.8,S
2021-06-09T09:21:55,4000.0,10.8,S
2021-06-09T09:21:54,200.0,10.8,S
2021-06-09T09:21:50,10100.0,10.8,S
2021-06-09T09:21:47,3000.0,10.8,S
2021-06-09T09:21:36,500.0,10.8,S
2021-06-09T09:21:33,100.0,10.8,S
2021-06-09T09:21:05,5000.0,10.8,S
2021-06-09T09:21:05,10000.0,10.7,S
2021-06-09T09:21:04,800.0,10.8,S
2021-06-09T09:20:59,200.0,10.7,S
2021-06-09T09:20:46,600.0,10.8,S
2021-06-09T09:20:45,2000.0,10.8,S
2021-06-09T09:20:42,300.0,10.8,S
2021-06-09T09:20:42,44200.0,10.7,S
2021-06-09T09:20:42,17900.0,10.7,S
2021-06-09T09:20:42,17500.0,10.7,S
2021-06-09T09:20:42,11000.0,10.7,S
2021-06-09T09:20:42,1200.0,10.7,S
2021-06-09T09:20:42,13200.0,10.7,S
2021-06-09T09:20:41,3800.0,10.8,S
2021-06-09T09:20:38,300.0,10.8,S
2021-06-09T09:20:38,1600.0,10.75,S
2021-06-09T09:20:36,1000.0,10.7,S
2021-06-09T09:20:32,100.0,10.75,S
2021-06-09T09:20:30,300.0,10.75,S
2021-06-09T09:20:27,5300.0,10.8,S
2021-06-09T09:20:23,1000.0,10.8,S
2021-06-09T09:20:23,4100.0,10.8,S
2021-06-09T09:20:20,500.0,10.8,S
2021-06-09T09:19:59,100.0,10.85,B
2021-06-09T09:19:57,100.0,10.85,B
2021-06-09T09:19:52,50000.0,10.9,B
2021-06-09T09:19:51,100.0,10.8,B
2021-06-09T09:19:49,2000.0,10.8,B
2021-06-09T09:19:41,600.0,10.8,B
2021-06-09T09:19:41,200.0,10.8,B
2021-06-09T09:19:37,1500.0,10.7,S
2021-06-09T09:19:35,7200.0,10.7,S
2021-06-09T09:19:34,10900.0,10.9,B
2021-06-09T09:19:32,500.0,10.8,B
2021-06-09T09:19:31,7000.0,10.9,B
2021-06-09T09:19:30,200.0,10.8,B
2021-06-09T09:19:28,100.0,10.8,B
2021-06-09T09:19:27,7000.0,10.8,B
2021-06-09T09:19:26,5000.0,10.8,B
2021-06-09T09:19:26,24700.0,10.8,B
2021-06-09T09:19:26,500.0,10.8,B
2021-06-09T09:19:21,300.0,10.8,B
2021-06-09T09:19:19,11200.0,10.8,B
2021-06-09T09:19:18,100.0,10.75,S
2021-06-09T09:19:15,1000.0,10.75,S
2021-06-09T09:19:12,300.0,10.7,S
2021-06-09T09:19:11,1000.0,10.7,S
2021-06-09T09:19:07,1000.0,10.7,S
2021-06-09T09:19:05,2200.0,10.7,S
2021-06-09T09:19:04,5000.0,10.7,S
2021-06-09T09:19:01,500.0,10.7,S
2021-06-09T09:19:01,4400.0,10.7,S
2021-06-09T09:18:59,1000.0,10.75,S
2021-06-09T09:18:50,3000.0,10.9,B
2021-06-09T09:18:46,1000.0,10.7,S
2021-06-09T09:18:44,5900.0,10.9,B
2021-06-09T09:18:42,10000.0,10.7,S
2021-06-09T09:18:40,2000.0,10.8,B
2021-06-09T09:18:39,2000.0,10.8,B
2021-06-09T09:18:35,1000.0,10.9,B
2021-06-09T09:18:34,120000.0,10.7,S
2021-06-09T09:18:29,6000.0,10.8,B
2021-06-09T09:18:27,1200.0,10.8,B
2021-06-09T09:18:24,400.0,10.8,B
2021-06-09T09:18:24,1100.0,10.7,S
2021-06-09T09:18:21,3000.0,10.8,B
2021-06-09T09:18:20,500.0,10.8,B
2021-06-09T09:18:17,10000.0,10.7,S
2021-06-09T09:18:15,20000.0,10.8,B
2021-06-09T09:18:10,800.0,10.8,B
2021-06-09T09:18:08,200.0,10.7,S
2021-06-09T09:17:58,1000.0,10.7,S
2021-06-09T09:17:52,7200.0,10.7,S
2021-06-09T09:17:49,1000.0,10.8,B
2021-06-09T09:17:47,100.0,10.75,S
2021-06-09T09:17:43,400.0,10.75,S
2021-06-09T09:17:38,200.0,10.7,S
2021-06-09T09:17:37,1000.0,10.7,S
2021-06-09T09:17:35,300.0,10.7,S
2021-06-09T09:17:32,11700.0,10.7,S
2021-06-09T09:17:31,20000.0,10.7,S
2021-06-09T09:17:30,1000.0,10.8,B
2021-06-09T09:17:28,200.0,10.8,B
2021-06-09T09:17:26,11400.0,10.8,B
2021-06-09T09:17:22,1000.0,10.8,B
2021-06-09T09:17:11,10300.0,10.7,S
2021-06-09T09:17:08,1000.0,10.9,B
2021-06-09T09:17:06,5000.0,10.9,B
2021-06-09T09:17:03,1000.0,10.7,S
2021-06-09T09:16:54,500.0,10.9,B
2021-06-09T09:16:52,500.0,10.7,S
2021-06-09T09:16:52,1000.0,10.7,S
2021-06-09T09:16:52,200.0,10.9,B
2021-06-09T09:16:52,2000.0,10.8,B
2021-06-09T09:16:41,1000.0,10.7,S
2021-06-09T09:16:40,8000.0,10.7,S
2021-06-09T09:16:39,20000.0,10.8,B
2021-06-09T09:16:35,1000.0,10.8,B
2021-06-09T09:16:34,100.0,10.7,S
2021-06-09T09:16:29,25100.0,10.6,S
2021-06-09T09:16:27,200.0,10.8,B
2021-06-09T09:16:25,10000.0,10.6,S
2021-06-09T09:16:22,10000.0,10.8,B
2021-06-09T09:16:19,2000.0,10.65,S
2021-06-09T09:16:16,7600.0,10.65,S
2021-06-09T09:16:12,9000.0,10.8,B
2021-06-09T09:16:08,1000.0,10.8,B
2021-06-09T09:16:06,1000.0,10.7,S
2021-06-09T09:16:06,1000.0,10.8,B
2021-06-09T09:16:04,100.0,10.8,B
2021-06-09T09:15:59,100.0,10.7,B
2021-06-09T09:15:59,3400.0,10.7,B
2021-06-09T09:15:55,8400.0,10.7,B
2021-06-09T09:15:55,700.0,10.6,S
2021-06-09T09:15:47,1000.0,10.6,S
2021-06-09T09:15:46,300.0,10.6,S
2021-06-09T09:15:46,1500.0,10.6,S
2021-06-09T09:15:46,100.0,10.6,S
2021-06-09T09:15:45,5000.0,10.6,S
2021-06-09T09:15:44,1000.0,10.6,B
2021-06-09T09:15:44,6900.0,10.6,B
2021-06-09T09:15:44,24500.0,10.6,B
2021-06-09T09:15:44,1000.0,10.55,S
2021-06-09T09:15:44,4000.0,10.55,S
