tradingTime,volume,price,side
2021-06-09T14:30:01,200.0,29.25,B
2021-06-09T14:29:27,1200.0,29.3,B
2021-06-09T14:28:55,100.0,29.3,B
2021-06-09T14:28:34,500.0,29.3,B
2021-06-09T14:28:34,4400.0,29.3,B
2021-06-09T14:28:34,100.0,29.25,B
2021-06-09T14:28:06,100.0,29.25,B
2021-06-09T14:28:05,900.0,28.9,S
2021-06-09T14:27:41,600.0,29.25,B
2021-06-09T14:27:37,100.0,29.25,B
2021-06-09T14:27:14,1200.0,29.25,B
2021-06-09T14:27:06,1000.0,29.25,B
2021-06-09T14:26:27,200.0,29.25,B
2021-06-09T14:25:40,200.0,29.25,B
2021-06-09T14:23:40,300.0,29.25,B
2021-06-09T14:22:57,500.0,29.25,B
2021-06-09T14:22:05,100.0,28.9,S
2021-06-09T14:22:02,100.0,29.25,B
2021-06-09T14:21:52,1700.0,28.9,S
2021-06-09T14:21:41,1000.0,29.25,B
2021-06-09T14:20:40,2000.0,29.25,B
2021-06-09T14:20:11,2000.0,29.15,B
2021-06-09T14:19:43,3000.0,29.15,B
2021-06-09T14:17:56,100.0,29.1,B
2021-06-09T14:17:37,300.0,29.0,B
2021-06-09T14:16:32,100.0,29.0,B
2021-06-09T14:15:46,1500.0,29.0,B
2021-06-09T14:15:46,3000.0,28.95,B
2021-06-09T14:14:07,3000.0,28.95,B
2021-06-09T14:13:31,1000.0,28.75,B
2021-06-09T14:13:19,1000.0,28.75,B
2021-06-09T14:12:05,100.0,28.75,B
2021-06-09T14:11:19,1000.0,28.75,B
2021-06-09T14:11:07,1000.0,28.75,B
2021-06-09T14:10:30,100.0,28.7,B
2021-06-09T14:10:17,2000.0,28.7,B
2021-06-09T14:09:30,100.0,28.6,B
2021-06-09T14:09:00,600.0,28.6,B
2021-06-09T14:09:00,1400.0,28.6,B
2021-06-09T14:08:59,100.0,28.5,B
2021-06-09T14:08:51,500.0,28.6,B
2021-06-09T14:08:21,1000.0,28.55,B
2021-06-09T14:07:53,200.0,28.5,B
2021-06-09T14:07:46,5000.0,28.6,B
2021-06-09T14:07:38,700.0,27.45,S
2021-06-09T14:07:38,2000.0,27.45,S
2021-06-09T14:07:38,200.0,27.45,S
2021-06-09T14:07:38,2300.0,27.45,S
2021-06-09T14:07:38,6000.0,27.45,S
2021-06-09T14:07:38,1500.0,27.5,S
2021-06-09T14:07:38,7300.0,27.5,S
2021-06-09T14:07:35,200.0,28.5,B
2021-06-09T14:07:21,400.0,28.5,B
2021-06-09T14:07:15,200.0,28.5,B
2021-06-09T14:07:10,100.0,28.5,B
2021-06-09T14:06:40,1000.0,28.5,S
2021-06-09T14:06:39,100.0,28.55,B
2021-06-09T14:04:34,200.0,27.45,S
2021-06-09T14:04:34,1100.0,27.45,S
2021-06-09T14:04:34,3800.0,27.45,S
2021-06-09T14:04:34,1500.0,27.45,S
2021-06-09T14:04:34,600.0,27.45,S
2021-06-09T14:04:33,1400.0,27.45,S
2021-06-09T14:04:33,400.0,27.45,S
2021-06-09T14:04:33,1000.0,27.5,S
2021-06-09T14:04:08,1000.0,28.55,B
2021-06-09T14:03:54,100.0,28.5,B
2021-06-09T14:02:31,200.0,27.45,S
2021-06-09T14:02:31,800.0,27.45,S
2021-06-09T14:02:31,2000.0,27.45,S
2021-06-09T14:02:31,1800.0,27.45,S
2021-06-09T14:02:31,3300.0,27.45,S
2021-06-09T14:02:31,1200.0,27.45,S
2021-06-09T14:02:31,1200.0,27.45,S
2021-06-09T14:02:31,4300.0,27.45,S
2021-06-09T14:02:31,100.0,27.45,S
2021-06-09T14:02:31,2900.0,27.45,S
2021-06-09T14:02:31,600.0,27.5,S
2021-06-09T14:02:31,4800.0,27.5,S
2021-06-09T14:02:31,900.0,27.55,S
2021-06-09T14:02:30,800.0,27.6,S
2021-06-09T13:59:56,1000.0,28.6,B
2021-06-09T13:59:36,100.0,28.6,B
2021-06-09T13:58:57,300.0,28.6,B
2021-06-09T13:58:28,100.0,28.6,B
2021-06-09T13:58:04,1100.0,28.6,B
2021-06-09T13:57:49,1000.0,28.6,B
2021-06-09T13:57:20,1000.0,28.6,B
2021-06-09T13:57:12,100.0,28.6,B
2021-06-09T13:56:44,300.0,28.6,B
2021-06-09T13:56:32,200.0,28.6,B
2021-06-09T13:56:20,100.0,28.6,B
2021-06-09T13:56:06,200.0,28.6,B
2021-06-09T13:55:48,200.0,28.6,S
2021-06-09T13:55:31,100.0,28.6,S
2021-06-09T13:55:15,100.0,28.6,S
2021-06-09T13:54:38,1000.0,28.7,B
2021-06-09T13:54:35,2000.0,28.7,B
2021-06-09T13:52:38,100.0,27.45,B
2021-06-09T13:52:30,700.0,27.45,B
2021-06-09T13:52:22,1000.0,27.45,B
2021-06-09T13:52:18,1000.0,27.45,B
2021-06-09T13:52:13,500.0,27.45,S
2021-06-09T13:52:13,100.0,27.45,S
2021-06-09T13:51:53,1000.0,27.45,S
2021-06-09T13:51:38,22100.0,27.45,S
2021-06-09T13:50:57,200.0,28.7,S
2021-06-09T13:50:32,1000.0,28.75,B
2021-06-09T13:50:23,800.0,28.7,B
2021-06-09T13:49:56,100.0,27.45,S
2021-06-09T13:49:54,3000.0,27.45,S
2021-06-09T13:49:26,1000.0,27.45,S
2021-06-09T13:49:22,500.0,27.45,S
2021-06-09T13:49:22,400.0,27.45,S
2021-06-09T13:49:22,1200.0,27.5,S
2021-06-09T13:49:22,1200.0,28.0,S
2021-06-09T13:49:22,1200.0,28.0,S
2021-06-09T13:49:22,1900.0,28.1,S
2021-06-09T13:49:22,1500.0,28.15,S
2021-06-09T13:49:22,500.0,28.3,S
2021-06-09T13:49:22,200.0,28.3,S
2021-06-09T13:49:22,1500.0,28.3,S
2021-06-09T13:49:22,400.0,28.3,S
2021-06-09T13:49:18,1000.0,28.75,B
2021-06-09T13:49:00,500.0,28.7,B
2021-06-09T13:48:28,600.0,28.7,B
2021-06-09T13:48:12,400.0,28.7,B
2021-06-09T13:48:03,300.0,28.7,B
2021-06-09T13:47:44,1200.0,28.7,S
2021-06-09T13:47:29,1500.0,28.7,S
2021-06-09T13:47:20,1100.0,28.7,S
2021-06-09T13:46:53,100.0,28.7,S
2021-06-09T13:46:40,2000.0,28.75,B
2021-06-09T13:45:14,800.0,28.75,B
2021-06-09T13:44:26,900.0,28.75,B
2021-06-09T13:44:02,1200.0,28.75,B
2021-06-09T13:43:12,600.0,28.75,B
2021-06-09T13:42:55,100.0,28.75,B
2021-06-09T13:42:31,400.0,28.75,B
2021-06-09T13:42:05,1200.0,28.75,B
2021-06-09T13:41:39,600.0,28.75,B
2021-06-09T13:41:27,200.0,28.75,B
2021-06-09T13:41:11,500.0,28.75,B
2021-06-09T13:40:59,300.0,28.75,B
2021-06-09T13:40:42,400.0,28.75,B
2021-06-09T13:38:16,500.0,28.8,B
2021-06-09T13:33:32,300.0,28.8,B
2021-06-09T13:32:12,100.0,28.8,B
2021-06-09T13:30:37,100.0,28.8,B
2021-06-09T13:28:56,200.0,28.45,S
2021-06-09T13:27:00,1400.0,28.3,S
2021-06-09T13:27:00,2100.0,28.3,S
2021-06-09T13:27:00,500.0,28.4,S
2021-06-09T13:24:10,3000.0,28.3,S
2021-06-09T13:24:04,4900.0,28.3,S
2021-06-09T13:24:04,100.0,28.5,S
2021-06-09T13:24:04,4700.0,28.5,S
2021-06-09T13:23:42,1000.0,28.75,S
2021-06-09T13:17:57,100.0,28.95,B
2021-06-09T13:16:51,100.0,28.95,B
2021-06-09T13:12:05,400.0,29.0,B
2021-06-09T13:11:33,1600.0,29.0,S
2021-06-09T13:11:05,300.0,29.0,S
2021-06-09T13:10:57,500.0,29.0,S
2021-06-09T13:10:36,7300.0,29.0,S
2021-06-09T13:10:20,10000.0,29.0,S
2021-06-09T13:09:41,3000.0,29.1,S
2021-06-09T13:08:59,600.0,29.1,S
2021-06-09T13:08:35,2000.0,29.1,S
2021-06-09T13:07:49,300.0,29.15,S
2021-06-09T13:07:48,53800.0,29.15,S
2021-06-09T13:07:22,500.0,29.2,S
2021-06-09T13:04:53,500.0,29.2,S
2021-06-09T13:04:03,25000.0,29.25,S
2021-06-09T13:03:04,1700.0,29.4,B
2021-06-09T13:01:49,1500.0,29.4,B
2021-06-09T13:01:21,2000.0,29.4,B
2021-06-09T13:01:19,200.0,29.4,B
2021-06-09T13:00:15,8900.0,29.25,S
2021-06-09T11:29:43,2100.0,29.4,B
2021-06-09T11:29:36,1200.0,29.4,B
2021-06-09T11:29:26,7000.0,29.4,B
2021-06-09T11:29:19,12000.0,29.4,B
2021-06-09T11:28:17,300.0,29.4,B
2021-06-09T11:27:38,1000.0,29.4,B
2021-06-09T11:27:04,45000.0,29.4,B
2021-06-09T11:25:14,12900.0,29.4,B
2021-06-09T11:25:03,3000.0,29.4,B
2021-06-09T11:24:55,2000.0,29.4,B
2021-06-09T11:24:45,18000.0,29.4,B
2021-06-09T11:24:39,14000.0,29.4,B
2021-06-09T11:24:38,200.0,29.4,B
2021-06-09T11:23:07,44700.0,29.4,S
2021-06-09T11:22:33,1000.0,29.45,B
2021-06-09T11:21:47,13300.0,29.4,S
2021-06-09T11:21:47,1700.0,29.4,S
2021-06-09T11:21:38,800.0,29.45,S
2021-06-09T11:21:38,12100.0,29.45,S
2021-06-09T11:20:06,14000.0,29.5,B
2021-06-09T11:19:55,3000.0,29.5,B
2021-06-09T11:19:43,300.0,29.45,S
2021-06-09T11:18:09,600.0,29.45,S
2021-06-09T11:16:07,200.0,29.5,S
2021-06-09T11:15:20,13000.0,29.55,B
2021-06-09T11:15:19,3000.0,29.5,S
2021-06-09T11:14:50,12400.0,29.5,S
2021-06-09T11:14:44,1000.0,29.55,B
2021-06-09T11:14:37,5000.0,29.5,S
2021-06-09T11:14:36,3000.0,29.55,B
2021-06-09T11:14:36,4000.0,29.55,B
2021-06-09T11:14:25,200.0,29.5,S
2021-06-09T11:14:10,13000.0,29.5,S
2021-06-09T11:12:19,12000.0,29.55,S
2021-06-09T11:11:56,3000.0,29.55,S
2021-06-09T11:11:48,1000.0,29.55,S
2021-06-09T11:11:31,8800.0,29.55,S
2021-06-09T11:10:55,2800.0,29.55,S
2021-06-09T11:10:02,14000.0,29.6,B
2021-06-09T11:09:59,11000.0,29.55,S
2021-06-09T11:09:20,500.0,29.6,B
2021-06-09T11:08:38,3000.0,29.6,B
2021-06-09T11:08:35,100.0,29.6,B
2021-06-09T11:08:15,200.0,29.6,B
2021-06-09T11:08:09,1000.0,29.6,B
2021-06-09T11:07:31,39700.0,29.6,S
2021-06-09T11:07:13,19000.0,29.6,S
2021-06-09T11:06:52,1400.0,29.65,S
2021-06-09T11:06:07,4000.0,29.65,S
2021-06-09T11:04:56,14000.0,29.6,S
2021-06-09T11:04:52,500.0,29.65,S
2021-06-09T11:04:49,4300.0,29.65,S
2021-06-09T11:04:23,2800.0,29.7,B
2021-06-09T11:03:36,6600.0,29.65,B
2021-06-09T11:03:20,2000.0,29.7,B
2021-06-09T11:03:12,800.0,29.7,B
2021-06-09T11:03:11,200.0,29.7,B
2021-06-09T11:01:27,5300.0,29.65,B
2021-06-09T11:01:17,3000.0,29.65,B
2021-06-09T10:59:25,100.0,29.6,S
2021-06-09T10:58:54,1000.0,29.65,B
2021-06-09T10:57:16,2200.0,29.6,B
2021-06-09T10:57:05,4900.0,29.65,B
2021-06-09T10:56:54,7000.0,29.65,B
2021-06-09T10:55:54,14000.0,29.6,B
2021-06-09T10:55:44,3000.0,29.6,B
2021-06-09T10:55:24,5000.0,29.6,B
2021-06-09T10:54:14,3000.0,29.55,S
2021-06-09T10:54:08,1400.0,29.55,S
2021-06-09T10:53:45,18000.0,29.6,B
2021-06-09T10:53:35,4100.0,29.55,S
2021-06-09T10:53:18,15900.0,29.55,S
2021-06-09T10:52:56,200.0,29.6,B
2021-06-09T10:52:50,100.0,29.6,B
2021-06-09T10:52:10,3500.0,29.6,B
2021-06-09T10:52:02,2000.0,29.6,B
2021-06-09T10:51:57,1000.0,29.6,B
2021-06-09T10:51:48,14000.0,29.6,B
2021-06-09T10:51:48,100.0,29.6,B
2021-06-09T10:49:28,79000.0,29.6,B
2021-06-09T10:49:13,4000.0,29.6,B
2021-06-09T10:49:13,600.0,29.6,B
2021-06-09T10:49:13,500.0,29.6,B
2021-06-09T10:49:12,3200.0,29.6,B
2021-06-09T10:49:00,17000.0,29.6,B
2021-06-09T10:48:40,7900.0,29.6,B
2021-06-09T10:48:28,14000.0,29.6,B
2021-06-09T10:46:12,200.0,29.55,B
2021-06-09T10:46:10,3000.0,29.6,B
2021-06-09T10:45:59,900.0,29.55,B
2021-06-09T10:45:49,5400.0,29.5,S
2021-06-09T10:45:25,24600.0,29.5,S
2021-06-09T10:45:25,300.0,29.5,S
2021-06-09T10:45:03,2800.0,29.55,B
2021-06-09T10:43:54,1300.0,29.55,B
2021-06-09T10:43:44,3000.0,29.55,B
2021-06-09T10:43:37,12000.0,29.55,B
2021-06-09T10:42:32,100.0,29.5,S
2021-06-09T10:41:00,5600.0,29.55,B
2021-06-09T10:40:56,30000.0,29.55,B
2021-06-09T10:40:41,2000.0,29.55,B
2021-06-09T10:38:42,100.0,29.5,S
2021-06-09T10:38:29,17000.0,29.55,B
2021-06-09T10:37:12,31900.0,29.5,S
2021-06-09T10:36:47,600.0,29.5,S
2021-06-09T10:36:47,5500.0,29.5,S
2021-06-09T10:36:47,12000.0,29.5,S
2021-06-09T10:34:23,6900.0,29.55,B
2021-06-09T10:34:14,3400.0,29.55,B
2021-06-09T10:33:33,1000.0,29.55,B
2021-06-09T10:32:08,500.0,29.5,S
2021-06-09T10:31:59,1500.0,29.55,B
2021-06-09T10:30:50,9000.0,29.55,B
2021-06-09T10:30:44,5000.0,29.55,B
2021-06-09T10:30:37,2600.0,29.55,B
2021-06-09T10:30:37,400.0,29.55,B
2021-06-09T10:30:30,1200.0,29.55,B
2021-06-09T10:30:30,11800.0,29.55,B
2021-06-09T10:29:36,7000.0,29.55,B
2021-06-09T10:29:24,7000.0,29.5,S
2021-06-09T10:29:14,10600.0,29.5,S
2021-06-09T10:28:50,35000.0,29.55,B
2021-06-09T10:28:42,1000.0,29.5,S
2021-06-09T10:28:05,100.0,29.5,S
2021-06-09T10:28:04,500.0,29.5,S
2021-06-09T10:27:34,200.0,29.55,B
2021-06-09T10:26:39,18000.0,29.55,B
2021-06-09T10:23:39,23000.0,29.55,B
2021-06-09T10:22:28,100.0,29.45,S
2021-06-09T10:21:54,100.0,29.5,B
2021-06-09T10:21:21,9000.0,29.55,B
2021-06-09T10:21:12,6000.0,29.5,B
2021-06-09T10:20:54,7000.0,29.5,B
2021-06-09T10:20:45,7700.0,29.5,B
2021-06-09T10:20:45,4300.0,29.5,B
2021-06-09T10:19:07,500.0,29.45,S
2021-06-09T10:17:41,1200.0,29.5,B
2021-06-09T10:17:41,800.0,29.5,B
2021-06-09T10:17:40,1800.0,29.5,B
2021-06-09T10:16:25,800.0,29.45,B
2021-06-09T10:16:00,500.0,29.45,B
2021-06-09T10:15:48,5000.0,29.5,B
2021-06-09T10:14:13,46200.0,29.45,B
2021-06-09T10:12:38,4000.0,29.45,B
2021-06-09T10:09:04,300.0,29.45,S
2021-06-09T10:08:10,500.0,29.45,S
2021-06-09T10:08:02,2000.0,29.45,S
2021-06-09T10:08:02,26000.0,29.5,B
2021-06-09T10:07:52,5000.0,29.5,B
2021-06-09T10:06:02,100.0,29.45,S
2021-06-09T10:02:45,13000.0,29.5,B
2021-06-09T10:01:50,900.0,29.45,S
2021-06-09T10:00:59,1000.0,29.5,B
2021-06-09T10:00:58,5000.0,29.5,B
2021-06-09T10:00:51,7000.0,29.5,B
2021-06-09T10:00:38,300.0,29.45,S
2021-06-09T10:00:36,10000.0,29.5,B
2021-06-09T10:00:23,500.0,29.5,B
2021-06-09T09:59:42,11000.0,29.5,B
2021-06-09T09:57:39,10000.0,29.4,S
2021-06-09T09:57:35,400.0,29.45,S
2021-06-09T09:57:18,500.0,29.45,S
2021-06-09T09:56:02,800.0,29.5,B
2021-06-09T09:55:39,5000.0,29.5,B
2021-06-09T09:54:45,300.0,29.5,B
2021-06-09T09:54:19,87000.0,29.5,B
2021-06-09T09:54:07,500.0,29.45,S
2021-06-09T09:53:07,200.0,29.45,S
2021-06-09T09:52:52,1500.0,29.45,S
2021-06-09T09:52:43,13000.0,29.55,B
2021-06-09T09:51:09,3800.0,29.5,B
2021-06-09T09:51:09,6400.0,29.5,B
2021-06-09T09:50:58,100.0,29.5,B
2021-06-09T09:50:51,200.0,29.45,S
2021-06-09T09:50:51,600.0,29.5,B
2021-06-09T09:50:13,1000.0,29.45,S
2021-06-09T09:49:54,15000.0,29.5,B
2021-06-09T09:48:32,300.0,29.45,S
2021-06-09T09:47:56,37900.0,29.5,B
2021-06-09T09:47:15,3000.0,29.55,B
2021-06-09T09:47:04,600.0,29.5,B
2021-06-09T09:47:04,1000.0,29.5,B
2021-06-09T09:47:04,400.0,29.5,B
2021-06-09T09:47:01,8100.0,29.5,B
2021-06-09T09:45:06,300.0,29.45,S
2021-06-09T09:44:57,100.0,29.5,B
2021-06-09T09:44:14,1000.0,29.55,B
2021-06-09T09:44:14,13000.0,29.5,B
2021-06-09T09:44:07,700.0,29.5,B
2021-06-09T09:43:46,500.0,29.4,S
2021-06-09T09:43:19,100.0,29.4,S
2021-06-09T09:43:14,500.0,29.4,S
2021-06-09T09:43:10,1000.0,29.4,S
2021-06-09T09:42:55,100.0,29.4,S
2021-06-09T09:42:53,2000.0,29.4,S
2021-06-09T09:42:11,3300.0,29.5,B
2021-06-09T09:42:04,200.0,29.5,B
2021-06-09T09:41:24,200.0,29.5,B
2021-06-09T09:41:09,50000.0,29.55,B
2021-06-09T09:41:04,100.0,29.5,B
2021-06-09T09:40:45,200.0,29.5,B
2021-06-09T09:40:11,100.0,29.5,B
2021-06-09T09:40:11,700.0,29.5,B
2021-06-09T09:40:10,1500.0,29.5,B
2021-06-09T09:40:10,200.0,29.5,B
2021-06-09T09:40:10,500.0,29.5,B
2021-06-09T09:39:44,200.0,29.4,S
2021-06-09T09:37:08,17000.0,29.5,B
2021-06-09T09:36:53,13000.0,29.5,B
2021-06-09T09:34:44,11000.0,29.5,S
2021-06-09T09:34:19,600.0,29.5,S
2021-06-09T09:34:15,5000.0,29.5,S
2021-06-09T09:33:59,300.0,29.5,S
2021-06-09T09:32:46,8000.0,29.4,S
2021-06-09T09:31:51,600.0,29.5,S
2021-06-09T09:31:29,15000.0,29.5,S
2021-06-09T09:31:02,9700.0,29.5,S
2021-06-09T09:30:51,9700.0,29.5,S
2021-06-09T09:27:41,1600.0,29.5,S
2021-06-09T09:27:33,1000.0,29.5,S
2021-06-09T09:24:37,2000.0,29.5,S
2021-06-09T09:24:13,3200.0,29.5,S
2021-06-09T09:24:12,7000.0,29.5,S
2021-06-09T09:22:22,300.0,29.7,B
2021-06-09T09:22:21,5000.0,29.5,S
2021-06-09T09:21:43,1000.0,29.5,S
2021-06-09T09:20:53,100.0,29.7,B
2021-06-09T09:20:10,5000.0,29.5,S
2021-06-09T09:20:03,10000.0,29.5,S
2021-06-09T09:19:29,800.0,29.5,S
2021-06-09T09:19:29,200.0,29.7,B
2021-06-09T09:19:02,100.0,29.7,B
2021-06-09T09:18:48,100.0,29.7,B
2021-06-09T09:18:37,1000.0,29.5,S
2021-06-09T09:18:32,800.0,29.5,S
2021-06-09T09:18:10,8800.0,29.5,S
2021-06-09T09:18:10,11200.0,29.5,S
2021-06-09T09:16:50,9800.0,29.7,B
2021-06-09T09:15:44,5000.0,29.5,S
