tradingTime,volume,price,side
2021-06-09T14:30:25,500.0,50.7,S
2021-06-09T14:30:20,100.0,50.7,S
2021-06-09T14:30:20,7100.0,50.7,B
2021-06-09T14:30:20,1200.0,50.7,B
2021-06-09T14:30:20,7800.0,50.7,B
2021-06-09T14:30:20,500.0,50.7,B
2021-06-09T14:30:20,11200.0,50.7,B
2021-06-09T14:30:20,300.0,50.7,B
2021-06-09T14:30:15,100.0,50.7,B
2021-06-09T14:30:10,900.0,50.7,B
2021-06-09T14:30:04,100.0,50.7,B
2021-06-09T14:30:04,1000.0,50.6,S
2021-06-09T14:30:04,100.0,50.7,B
2021-06-09T14:30:02,1000.0,50.7,B
2021-06-09T14:30:01,100.0,50.7,B
2021-06-09T14:30:00,2000.0,50.7,B
2021-06-09T14:29:55,500.0,50.7,B
2021-06-09T14:29:54,7000.0,50.7,B
2021-06-09T14:29:43,300.0,50.6,S
2021-06-09T14:29:36,2000.0,50.7,B
2021-06-09T14:29:34,100.0,50.6,S
2021-06-09T14:29:30,100.0,50.7,B
2021-06-09T14:29:27,4000.0,50.7,B
2021-06-09T14:29:20,2000.0,50.7,B
2021-06-09T14:29:20,100.0,50.7,B
2021-06-09T14:29:16,200.0,50.6,S
2021-06-09T14:29:12,500.0,50.7,B
2021-06-09T14:29:09,500.0,50.7,B
2021-06-09T14:29:06,300.0,50.7,B
2021-06-09T14:29:06,1500.0,50.7,B
2021-06-09T14:29:05,100.0,50.7,B
2021-06-09T14:29:00,100.0,50.7,B
2021-06-09T14:28:59,2400.0,50.6,S
2021-06-09T14:28:53,1000.0,50.6,S
2021-06-09T14:28:49,200.0,50.7,B
2021-06-09T14:28:47,100.0,50.7,B
2021-06-09T14:28:47,1100.0,50.6,S
2021-06-09T14:28:43,4800.0,50.7,B
2021-06-09T14:28:43,500.0,50.7,B
2021-06-09T14:28:36,200.0,50.7,B
2021-06-09T14:28:35,400.0,50.7,B
2021-06-09T14:28:35,100.0,50.7,B
2021-06-09T14:28:07,200.0,50.7,B
2021-06-09T14:28:07,100.0,50.6,S
2021-06-09T14:28:06,200.0,50.6,S
2021-06-09T14:27:47,100.0,50.6,S
2021-06-09T14:27:47,300.0,50.7,B
2021-06-09T14:27:42,3000.0,50.7,B
2021-06-09T14:27:39,500.0,50.7,B
2021-06-09T14:27:37,100.0,50.7,B
2021-06-09T14:27:36,3600.0,50.7,B
2021-06-09T14:27:25,16700.0,50.6,S
2021-06-09T14:27:25,2300.0,50.6,S
2021-06-09T14:27:25,700.0,50.7,B
2021-06-09T14:27:20,100.0,50.7,B
2021-06-09T14:27:20,100.0,50.7,B
2021-06-09T14:27:18,100.0,50.7,B
2021-06-09T14:27:18,100.0,50.7,B
2021-06-09T14:27:18,100.0,50.7,B
2021-06-09T14:27:14,1300.0,50.7,B
2021-06-09T14:27:13,300.0,50.7,B
2021-06-09T14:27:11,100.0,50.7,B
2021-06-09T14:27:02,200.0,50.7,B
2021-06-09T14:26:53,400.0,50.7,B
2021-06-09T14:26:44,100.0,50.7,B
2021-06-09T14:26:41,3000.0,50.6,S
2021-06-09T14:26:39,100.0,50.7,B
2021-06-09T14:26:38,500.0,50.6,S
2021-06-09T14:26:37,1000.0,50.7,B
2021-06-09T14:26:34,5000.0,50.7,B
2021-06-09T14:26:30,500.0,50.7,B
2021-06-09T14:26:24,100.0,50.7,B
2021-06-09T14:26:23,6400.0,50.6,S
2021-06-09T14:26:12,3600.0,50.7,B
2021-06-09T14:26:03,2400.0,50.7,B
2021-06-09T14:25:56,2000.0,50.7,B
2021-06-09T14:25:55,2000.0,50.7,B
2021-06-09T14:25:52,3000.0,50.7,B
2021-06-09T14:25:51,100.0,50.7,B
2021-06-09T14:25:51,200.0,50.7,B
2021-06-09T14:25:45,100.0,50.7,B
2021-06-09T14:25:43,10000.0,50.7,B
2021-06-09T14:25:43,100.0,50.7,B
2021-06-09T14:25:41,500.0,50.6,S
2021-06-09T14:25:33,100.0,50.7,B
2021-06-09T14:25:27,100.0,50.7,B
2021-06-09T14:25:25,1600.0,50.7,B
2021-06-09T14:25:13,500.0,50.7,B
2021-06-09T14:25:10,1000.0,50.7,B
2021-06-09T14:25:09,100.0,50.7,B
2021-06-09T14:25:04,100.0,50.7,B
2021-06-09T14:24:59,200.0,50.7,B
2021-06-09T14:24:58,500.0,50.6,S
2021-06-09T14:24:36,1000.0,50.7,B
2021-06-09T14:24:27,1000.0,50.7,B
2021-06-09T14:24:27,100.0,50.7,B
2021-06-09T14:24:23,100.0,50.7,B
2021-06-09T14:24:16,200.0,50.7,B
2021-06-09T14:24:05,1000.0,50.7,B
2021-06-09T14:24:01,4300.0,50.7,B
2021-06-09T14:24:01,1000.0,50.7,B
2021-06-09T14:24:01,100.0,50.7,B
2021-06-09T14:24:00,1600.0,50.7,B
2021-06-09T14:24:00,200.0,50.6,S
2021-06-09T14:23:50,100.0,50.7,B
2021-06-09T14:23:43,100.0,50.6,S
2021-06-09T14:23:43,200.0,50.6,S
2021-06-09T14:23:34,100.0,50.7,B
2021-06-09T14:23:23,300.0,50.7,B
2021-06-09T14:23:20,300.0,50.7,B
2021-06-09T14:23:17,100.0,50.6,S
2021-06-09T14:23:09,300.0,50.7,B
2021-06-09T14:23:07,100.0,50.7,B
2021-06-09T14:23:04,600.0,50.6,S
2021-06-09T14:23:04,1000.0,50.7,B
2021-06-09T14:23:03,100.0,50.7,B
2021-06-09T14:23:02,300.0,50.7,B
2021-06-09T14:22:55,500.0,50.6,S
2021-06-09T14:22:50,100.0,50.7,B
2021-06-09T14:22:49,100.0,50.6,S
2021-06-09T14:22:38,200.0,50.7,B
2021-06-09T14:22:31,4200.0,50.7,B
2021-06-09T14:22:31,600.0,50.7,B
2021-06-09T14:22:30,2700.0,50.7,B
2021-06-09T14:22:30,1100.0,50.7,B
2021-06-09T14:22:30,500.0,50.7,B
2021-06-09T14:22:29,200.0,50.7,B
2021-06-09T14:22:29,700.0,50.7,B
2021-06-09T14:22:29,100.0,50.7,B
2021-06-09T14:22:24,300.0,50.7,B
2021-06-09T14:22:22,500.0,50.6,S
2021-06-09T14:22:19,600.0,50.6,S
2021-06-09T14:22:18,1000.0,50.6,S
2021-06-09T14:22:18,200.0,50.6,S
2021-06-09T14:22:18,2000.0,50.6,S
2021-06-09T14:22:18,6800.0,50.6,S
2021-06-09T14:22:18,300.0,50.6,S
2021-06-09T14:22:13,2000.0,50.7,B
2021-06-09T14:22:10,1000.0,50.7,B
2021-06-09T14:22:00,6000.0,50.6,S
2021-06-09T14:21:57,100.0,50.7,B
2021-06-09T14:21:52,9000.0,50.7,B
2021-06-09T14:21:48,1000.0,50.7,B
2021-06-09T14:21:46,1000.0,50.7,B
2021-06-09T14:21:37,1100.0,50.7,B
2021-06-09T14:21:36,200.0,50.7,B
2021-06-09T14:21:33,800.0,50.7,B
2021-06-09T14:21:31,1000.0,50.7,B
2021-06-09T14:21:30,1200.0,50.7,B
2021-06-09T14:21:26,1500.0,50.7,B
2021-06-09T14:21:20,300.0,50.6,S
2021-06-09T14:21:06,100.0,50.7,B
2021-06-09T14:20:58,1000.0,50.7,B
2021-06-09T14:20:53,500.0,50.7,B
2021-06-09T14:20:51,300.0,50.7,B
2021-06-09T14:20:45,1500.0,50.7,B
2021-06-09T14:20:42,200.0,50.6,S
2021-06-09T14:20:30,500.0,50.7,B
2021-06-09T14:20:30,100.0,50.7,B
2021-06-09T14:20:25,100.0,50.7,B
2021-06-09T14:20:19,1000.0,50.6,S
2021-06-09T14:20:19,1200.0,50.7,B
2021-06-09T14:20:19,3600.0,50.7,B
2021-06-09T14:20:19,7300.0,50.7,B
2021-06-09T14:20:19,7900.0,50.7,B
2021-06-09T14:20:16,5000.0,50.6,S
2021-06-09T14:20:01,300.0,50.7,B
2021-06-09T14:19:58,1400.0,50.7,B
2021-06-09T14:19:57,100.0,50.6,S
2021-06-09T14:19:56,1900.0,50.6,S
2021-06-09T14:19:56,100.0,50.6,S
2021-06-09T14:19:50,200.0,50.6,S
2021-06-09T14:19:45,1000.0,50.6,S
2021-06-09T14:19:43,2000.0,50.7,B
2021-06-09T14:19:42,200.0,50.6,S
2021-06-09T14:19:41,1000.0,50.6,S
2021-06-09T14:19:37,100.0,50.7,B
2021-06-09T14:19:35,600.0,50.7,B
2021-06-09T14:19:31,500.0,50.6,S
2021-06-09T14:19:25,5000.0,50.6,S
2021-06-09T14:19:25,4500.0,50.7,B
2021-06-09T14:19:25,500.0,50.7,B
2021-06-09T14:19:21,1600.0,50.7,B
2021-06-09T14:19:17,700.0,50.7,B
2021-06-09T14:19:11,2000.0,50.6,S
2021-06-09T14:19:08,3000.0,50.7,B
2021-06-09T14:18:54,1000.0,50.7,B
2021-06-09T14:18:48,300.0,50.7,B
2021-06-09T14:18:48,1600.0,50.6,S
2021-06-09T14:18:48,3000.0,50.6,S
2021-06-09T14:18:47,400.0,50.6,S
2021-06-09T14:18:47,2000.0,50.7,B
2021-06-09T14:18:46,100.0,50.7,B
2021-06-09T14:18:46,700.0,50.6,S
2021-06-09T14:18:46,500.0,50.6,S
2021-06-09T14:18:45,100.0,50.7,B
2021-06-09T14:18:43,1500.0,50.7,B
2021-06-09T14:18:41,800.0,50.7,B
2021-06-09T14:18:41,200.0,50.6,S
2021-06-09T14:18:39,1300.0,50.7,B
2021-06-09T14:18:38,600.0,50.6,S
2021-06-09T14:18:35,300.0,50.7,B
2021-06-09T14:18:34,100.0,50.7,B
2021-06-09T14:18:32,3000.0,50.6,S
2021-06-09T14:18:04,400.0,50.7,B
2021-06-09T14:18:02,1000.0,50.7,B
2021-06-09T14:17:54,10600.0,50.7,B
2021-06-09T14:17:50,20000.0,50.6,S
2021-06-09T14:17:39,1000.0,50.7,B
2021-06-09T14:17:38,100.0,50.7,B
2021-06-09T14:17:30,500.0,50.7,B
2021-06-09T14:17:28,500.0,50.7,B
2021-06-09T14:17:24,10600.0,50.7,B
2021-06-09T14:17:20,11000.0,50.7,B
2021-06-09T14:17:17,900.0,50.6,S
2021-06-09T14:17:17,2200.0,50.6,S
2021-06-09T14:17:17,2100.0,50.6,S
2021-06-09T14:17:17,500.0,50.6,S
2021-06-09T14:17:17,4300.0,50.6,S
2021-06-09T14:17:12,1000.0,50.7,B
2021-06-09T14:17:08,25000.0,50.6,S
2021-06-09T14:17:02,300.0,50.7,B
2021-06-09T14:17:02,20000.0,50.6,S
2021-06-09T14:16:57,500.0,50.6,S
2021-06-09T14:16:53,100.0,50.7,B
2021-06-09T14:16:46,4100.0,50.7,B
2021-06-09T14:16:45,100.0,50.7,B
2021-06-09T14:16:36,7000.0,50.6,S
2021-06-09T14:16:36,300.0,50.6,S
2021-06-09T14:16:35,900.0,50.7,B
2021-06-09T14:16:32,100.0,50.7,B
2021-06-09T14:16:12,200.0,50.7,B
2021-06-09T14:16:06,700.0,50.7,B
2021-06-09T14:16:05,1000.0,50.7,B
2021-06-09T14:16:02,500.0,50.7,B
2021-06-09T14:16:00,500.0,50.7,B
2021-06-09T14:16:00,21700.0,50.6,S
2021-06-09T14:16:00,2300.0,50.6,S
2021-06-09T14:16:00,1000.0,50.6,S
2021-06-09T14:15:56,5700.0,50.6,S
2021-06-09T14:15:56,2000.0,50.6,S
2021-06-09T14:15:56,100.0,50.6,S
2021-06-09T14:15:55,1100.0,50.6,S
2021-06-09T14:15:55,1900.0,50.6,S
2021-06-09T14:15:55,300.0,50.6,S
2021-06-09T14:15:55,1400.0,50.6,S
2021-06-09T14:15:45,1000.0,50.7,B
2021-06-09T14:15:43,500.0,50.7,B
2021-06-09T14:15:42,1000.0,50.7,B
2021-06-09T14:15:16,1000.0,50.6,S
2021-06-09T14:15:16,700.0,50.7,B
2021-06-09T14:15:10,300.0,50.6,S
2021-06-09T14:15:09,400.0,50.6,S
2021-06-09T14:15:01,100.0,50.7,B
2021-06-09T14:15:01,20000.0,50.6,S
2021-06-09T14:14:52,1400.0,50.7,B
2021-06-09T14:14:49,200.0,50.6,S
2021-06-09T14:14:47,3000.0,50.6,S
2021-06-09T14:14:38,1000.0,50.7,B
2021-06-09T14:14:37,1000.0,50.6,S
2021-06-09T14:14:22,200.0,50.6,S
2021-06-09T14:14:21,1000.0,50.6,S
2021-06-09T14:14:16,2000.0,50.6,S
2021-06-09T14:14:15,200.0,50.6,S
2021-06-09T14:14:12,1300.0,50.7,B
2021-06-09T14:13:57,1000.0,50.6,S
2021-06-09T14:13:56,200.0,50.7,B
2021-06-09T14:13:56,300.0,50.7,B
2021-06-09T14:13:53,2000.0,50.7,B
2021-06-09T14:13:47,100.0,50.7,B
2021-06-09T14:13:46,100.0,50.7,B
2021-06-09T14:13:43,500.0,50.7,B
2021-06-09T14:13:43,200.0,50.6,S
2021-06-09T14:13:42,1000.0,50.7,B
2021-06-09T14:13:41,100.0,50.7,B
2021-06-09T14:13:41,2000.0,50.7,B
2021-06-09T14:13:34,100.0,50.7,B
2021-06-09T14:13:34,400.0,50.7,B
2021-06-09T14:13:31,500.0,50.7,B
2021-06-09T14:13:28,47200.0,50.6,S
2021-06-09T14:13:28,3000.0,50.7,B
2021-06-09T14:13:27,300.0,50.6,S
2021-06-09T14:13:26,600.0,50.7,B
2021-06-09T14:13:26,300.0,50.7,B
2021-06-09T14:13:25,100.0,50.7,B
2021-06-09T14:13:06,2800.0,50.7,B
2021-06-09T14:13:03,1000.0,50.6,S
2021-06-09T14:13:03,100.0,50.6,S
2021-06-09T14:13:02,1000.0,50.7,B
2021-06-09T14:12:54,400.0,50.7,B
2021-06-09T14:12:54,5000.0,50.6,S
2021-06-09T14:12:50,1000.0,50.6,S
2021-06-09T14:12:49,2000.0,50.6,S
2021-06-09T14:12:41,200.0,50.7,B
2021-06-09T14:12:37,100.0,50.7,B
2021-06-09T14:12:37,10000.0,50.6,S
2021-06-09T14:12:33,5000.0,50.6,S
2021-06-09T14:12:29,10000.0,50.7,B
2021-06-09T14:12:27,100.0,50.7,B
2021-06-09T14:12:23,300.0,50.7,B
2021-06-09T14:12:18,1000.0,50.7,B
2021-06-09T14:12:13,200.0,50.7,B
2021-06-09T14:12:07,500.0,50.7,B
2021-06-09T14:12:00,200.0,50.6,S
2021-06-09T14:11:55,100.0,50.7,B
2021-06-09T14:11:50,100.0,50.7,B
2021-06-09T14:11:48,300.0,50.6,S
2021-06-09T14:11:35,100.0,50.7,B
2021-06-09T14:11:32,100.0,50.8,B
2021-06-09T14:11:30,7300.0,50.8,B
2021-06-09T14:11:30,2700.0,50.7,B
2021-06-09T14:11:29,300.0,50.7,B
2021-06-09T14:11:27,200.0,50.7,B
2021-06-09T14:11:18,100.0,50.7,B
2021-06-09T14:11:16,1000.0,50.7,B
2021-06-09T14:11:14,1000.0,50.7,B
2021-06-09T14:11:07,2500.0,50.5,S
2021-06-09T14:10:54,100.0,50.8,B
2021-06-09T14:10:54,300.0,50.8,B
2021-06-09T14:10:51,1000.0,50.5,S
2021-06-09T14:10:49,300.0,50.7,S
2021-06-09T14:10:44,12200.0,50.5,S
2021-06-09T14:10:44,2100.0,50.7,S
2021-06-09T14:10:44,700.0,50.7,S
2021-06-09T14:10:40,1000.0,50.7,S
2021-06-09T14:10:35,2300.0,50.7,S
2021-06-09T14:10:34,100.0,50.8,B
2021-06-09T14:10:30,2000.0,50.7,S
2021-06-09T14:10:30,200.0,50.8,B
2021-06-09T14:10:30,200.0,50.8,B
2021-06-09T14:10:29,300.0,50.8,B
2021-06-09T14:10:29,1700.0,50.8,B
2021-06-09T14:10:17,500.0,50.7,S
2021-06-09T14:10:16,300.0,50.7,S
2021-06-09T14:10:15,500.0,50.7,S
2021-06-09T14:10:15,400.0,50.7,S
2021-06-09T14:10:14,1300.0,50.8,B
2021-06-09T14:10:13,100.0,50.8,B
2021-06-09T14:10:08,100.0,50.8,B
2021-06-09T14:10:07,500.0,50.8,B
2021-06-09T14:10:06,3500.0,50.8,B
2021-06-09T14:10:05,300.0,50.7,S
2021-06-09T14:09:57,900.0,50.5,S
2021-06-09T14:09:57,5700.0,50.5,S
2021-06-09T14:09:57,10400.0,50.5,S
2021-06-09T14:09:57,1500.0,50.5,S
2021-06-09T14:09:57,10500.0,50.5,S
2021-06-09T14:09:57,700.0,50.5,S
2021-06-09T14:09:57,600.0,50.5,S
2021-06-09T14:09:57,1000.0,50.5,S
2021-06-09T14:09:56,1000.0,50.5,S
2021-06-09T14:09:56,400.0,50.5,S
2021-06-09T14:09:56,14000.0,50.5,S
2021-06-09T14:09:56,700.0,50.5,S
2021-06-09T14:09:56,6200.0,50.5,S
2021-06-09T14:09:56,600.0,50.5,S
2021-06-09T14:09:56,4800.0,50.5,S
2021-06-09T14:09:56,200.0,50.6,S
2021-06-09T14:09:56,1400.0,50.6,S
2021-06-09T14:09:56,400.0,50.6,S
2021-06-09T14:09:56,100.0,50.6,S
2021-06-09T14:09:56,2000.0,50.6,S
2021-06-09T14:09:56,100.0,50.6,S
2021-06-09T14:09:56,12000.0,50.6,S
2021-06-09T14:09:56,500.0,50.6,S
2021-06-09T14:09:56,100.0,50.6,S
2021-06-09T14:09:56,3100.0,50.6,S
2021-06-09T14:09:56,5100.0,50.6,S
2021-06-09T14:09:56,3100.0,50.6,S
2021-06-09T14:09:56,3200.0,50.6,S
2021-06-09T14:09:56,300.0,50.6,S
2021-06-09T14:09:55,800.0,50.6,S
2021-06-09T14:09:55,1300.0,50.6,S
2021-06-09T14:09:55,1100.0,50.6,S
2021-06-09T14:09:55,4600.0,50.6,S
2021-06-09T14:09:55,500.0,50.6,S
2021-06-09T14:09:55,800.0,50.6,S
2021-06-09T14:09:55,900.0,50.6,S
2021-06-09T14:09:55,1500.0,50.6,S
2021-06-09T14:09:55,300.0,50.6,S
2021-06-09T14:09:55,100.0,50.6,S
2021-06-09T14:09:55,1100.0,50.6,S
2021-06-09T14:09:55,2000.0,50.6,S
2021-06-09T14:09:55,400.0,50.6,S
2021-06-09T14:09:55,2400.0,50.6,S
2021-06-09T14:09:55,9200.0,50.6,S
2021-06-09T14:09:55,500.0,50.6,S
2021-06-09T14:09:54,6800.0,50.6,S
2021-06-09T14:09:54,700.0,50.6,S
2021-06-09T14:09:54,500.0,50.6,S
2021-06-09T14:09:54,100.0,50.6,S
2021-06-09T14:09:54,10300.0,50.6,S
2021-06-09T14:09:54,500.0,50.6,S
2021-06-09T14:09:54,21100.0,50.6,S
2021-06-09T14:09:54,7200.0,50.6,S
2021-06-09T14:09:54,3600.0,50.7,S
2021-06-09T14:09:54,100.0,50.7,S
2021-06-09T14:09:54,500.0,50.7,S
2021-06-09T14:09:54,900.0,50.7,S
2021-06-09T14:09:53,1800.0,50.7,S
2021-06-09T14:09:53,500.0,50.7,S
2021-06-09T14:09:53,1600.0,50.7,S
2021-06-09T14:09:53,700.0,50.7,S
2021-06-09T14:09:52,500.0,50.7,S
2021-06-09T14:09:50,100.0,50.8,B
2021-06-09T14:09:46,1000.0,50.7,S
2021-06-09T14:09:46,300.0,50.8,B
2021-06-09T14:09:44,500.0,50.7,S
2021-06-09T14:09:43,1000.0,50.7,S
2021-06-09T14:09:38,3000.0,50.7,S
2021-06-09T14:09:34,200.0,50.8,B
2021-06-09T14:09:30,10400.0,50.7,S
2021-06-09T14:09:17,1000.0,50.7,S
2021-06-09T14:09:13,500.0,50.7,S
2021-06-09T14:09:07,10000.0,50.7,S
2021-06-09T14:09:07,300.0,50.8,B
2021-06-09T14:09:02,1000.0,50.7,S
2021-06-09T14:09:00,300.0,50.7,S
2021-06-09T14:09:00,2000.0,50.7,S
2021-06-09T14:08:59,100.0,50.8,B
2021-06-09T14:08:58,1800.0,50.7,S
2021-06-09T14:08:58,100.0,50.7,S
2021-06-09T14:08:57,1000.0,50.7,S
2021-06-09T14:08:54,1000.0,50.8,B
2021-06-09T14:08:54,100.0,50.8,B
2021-06-09T14:08:54,100.0,50.7,S
2021-06-09T14:08:53,100.0,50.8,B
2021-06-09T14:08:50,300.0,50.7,S
2021-06-09T14:08:50,7000.0,50.7,S
2021-06-09T14:08:49,800.0,50.7,S
2021-06-09T14:08:46,200.0,50.7,S
2021-06-09T14:08:41,100.0,50.7,S
2021-06-09T14:08:40,400.0,50.7,S
2021-06-09T14:08:40,200.0,50.7,S
2021-06-09T14:08:38,100.0,50.7,S
2021-06-09T14:08:38,1600.0,50.6,S
2021-06-09T14:08:35,100.0,50.7,S
2021-06-09T14:08:32,5000.0,50.7,S
2021-06-09T14:08:32,2100.0,50.7,S
2021-06-09T14:08:30,600.0,50.7,S
2021-06-09T14:08:23,200.0,50.7,S
2021-06-09T14:08:21,7000.0,50.7,S
2021-06-09T14:08:21,400.0,50.7,S
2021-06-09T14:08:21,4400.0,50.7,S
2021-06-09T14:08:15,1000.0,50.7,S
2021-06-09T14:08:13,200.0,50.7,S
2021-06-09T14:08:09,800.0,50.7,S
2021-06-09T14:08:09,1000.0,50.7,S
2021-06-09T14:08:09,200.0,50.7,S
2021-06-09T14:08:09,100.0,50.7,S
2021-06-09T14:08:09,2900.0,50.7,S
2021-06-09T14:08:08,1000.0,50.8,B
2021-06-09T14:08:07,2000.0,50.8,B
2021-06-09T14:08:02,5200.0,50.8,B
2021-06-09T14:08:02,3400.0,50.8,B
2021-06-09T14:08:02,1300.0,50.8,B
2021-06-09T14:07:55,100.0,50.8,B
2021-06-09T14:07:48,1200.0,50.7,S
2021-06-09T14:07:48,1400.0,50.7,S
2021-06-09T14:07:48,1100.0,50.7,S
2021-06-09T14:07:48,400.0,50.7,S
2021-06-09T14:07:48,200.0,50.7,S
2021-06-09T14:07:48,600.0,50.7,S
2021-06-09T14:07:46,100.0,50.7,S
2021-06-09T14:07:39,1000.0,50.8,B
2021-06-09T14:07:39,600.0,50.7,S
2021-06-09T14:07:38,600.0,50.8,B
2021-06-09T14:07:35,200.0,50.8,B
2021-06-09T14:07:27,600.0,50.8,B
2021-06-09T14:07:27,300.0,50.7,S
2021-06-09T14:07:27,1500.0,50.7,S
2021-06-09T14:07:27,500.0,50.7,S
2021-06-09T14:07:27,1900.0,50.7,S
2021-06-09T14:07:24,11300.0,50.8,B
2021-06-09T14:07:24,100.0,50.8,B
2021-06-09T14:07:21,100.0,50.8,B
2021-06-09T14:07:15,100.0,50.8,S
2021-06-09T14:07:15,500.0,50.7,S
2021-06-09T14:07:07,4000.0,50.8,S
2021-06-09T14:07:02,100.0,50.8,S
2021-06-09T14:07:01,2500.0,50.8,S
2021-06-09T14:07:01,500.0,50.7,S
2021-06-09T14:07:01,900.0,50.7,S
2021-06-09T14:07:01,400.0,50.7,S
2021-06-09T14:06:59,1000.0,50.8,S
2021-06-09T14:06:57,3600.0,50.8,S
2021-06-09T14:06:57,7700.0,50.8,S
2021-06-09T14:06:40,100.0,50.7,S
2021-06-09T14:06:40,100.0,50.8,S
2021-06-09T14:06:38,5500.0,50.8,S
2021-06-09T14:06:36,4800.0,50.8,S
2021-06-09T14:06:36,300.0,50.8,S
2021-06-09T14:06:33,1100.0,50.8,S
2021-06-09T14:06:23,500.0,50.8,S
2021-06-09T14:06:23,3600.0,50.8,S
2021-06-09T14:06:23,4900.0,50.8,S
2021-06-09T14:06:21,1000.0,50.7,S
2021-06-09T14:06:20,2000.0,50.8,S
2021-06-09T14:06:13,4000.0,50.8,S
2021-06-09T14:06:13,1000.0,50.8,S
2021-06-09T14:06:11,100.0,50.8,S
2021-06-09T14:06:11,900.0,50.7,S
2021-06-09T14:06:11,3500.0,50.7,S
2021-06-09T14:06:11,700.0,50.7,S
2021-06-09T14:06:11,700.0,50.7,S
2021-06-09T14:06:11,1100.0,50.7,S
2021-06-09T14:06:11,1100.0,50.7,S
2021-06-09T14:06:11,4300.0,50.7,S
2021-06-09T14:06:11,600.0,50.7,S
2021-06-09T14:06:11,200.0,50.7,S
2021-06-09T14:06:11,3100.0,50.7,S
2021-06-09T14:06:11,5600.0,50.7,S
2021-06-09T14:06:11,1700.0,50.7,S
2021-06-09T14:06:10,5200.0,50.7,S
2021-06-09T14:06:10,100.0,50.7,S
2021-06-09T14:06:10,5500.0,50.7,S
2021-06-09T14:06:10,3300.0,50.7,S
2021-06-09T14:06:10,400.0,50.7,S
2021-06-09T14:06:10,12100.0,50.7,S
2021-06-09T14:06:10,200.0,50.7,S
2021-06-09T14:06:10,3200.0,50.7,S
2021-06-09T14:06:10,600.0,50.7,S
2021-06-09T14:06:10,400.0,50.7,S
2021-06-09T14:06:10,100.0,50.7,S
2021-06-09T14:06:10,600.0,50.7,S
2021-06-09T14:06:10,4800.0,50.7,S
2021-06-09T14:06:09,1000.0,50.8,S
2021-06-09T14:05:56,1000.0,50.8,S
2021-06-09T14:05:54,200.0,50.8,S
2021-06-09T14:05:51,300.0,50.8,S
2021-06-09T14:05:51,2200.0,50.8,S
2021-06-09T14:05:51,2000.0,50.8,S
2021-06-09T14:05:51,1300.0,50.8,S
2021-06-09T14:05:47,500.0,50.8,S
2021-06-09T14:05:47,5000.0,50.9,B
2021-06-09T14:05:45,1000.0,50.8,S
2021-06-09T14:05:44,1000.0,50.8,S
2021-06-09T14:05:42,3000.0,50.8,S
2021-06-09T14:05:41,2000.0,50.9,B
2021-06-09T14:05:37,5000.0,50.8,S
2021-06-09T14:05:35,5000.0,50.8,S
2021-06-09T14:05:34,1000.0,50.8,S
2021-06-09T14:05:34,2000.0,50.8,S
2021-06-09T14:05:30,5100.0,50.8,S
2021-06-09T14:05:22,200.0,50.8,S
2021-06-09T14:05:13,4400.0,50.8,S
2021-06-09T14:05:13,600.0,50.8,S
2021-06-09T14:05:09,8000.0,50.8,S
2021-06-09T14:05:08,600.0,50.8,S
2021-06-09T14:05:05,400.0,50.8,S
2021-06-09T14:05:05,6800.0,50.8,S
2021-06-09T14:05:05,100.0,50.8,S
2021-06-09T14:05:05,2100.0,50.8,S
2021-06-09T14:05:05,20600.0,50.8,S
2021-06-09T14:05:01,1000.0,50.8,S
2021-06-09T14:05:01,800.0,50.8,S
2021-06-09T14:05:01,200.0,50.8,S
2021-06-09T14:04:58,100.0,50.9,B
2021-06-09T14:04:55,1000.0,50.8,S
2021-06-09T14:04:55,500.0,50.9,B
2021-06-09T14:04:55,300.0,50.8,S
2021-06-09T14:04:54,15300.0,50.8,S
2021-06-09T14:04:54,2000.0,50.8,S
2021-06-09T14:04:54,2100.0,50.8,S
2021-06-09T14:04:54,200.0,50.8,S
2021-06-09T14:04:52,400.0,50.8,S
2021-06-09T14:04:52,3700.0,50.8,S
2021-06-09T14:04:52,6000.0,50.8,S
2021-06-09T14:04:52,200.0,50.8,S
2021-06-09T14:04:52,300.0,50.8,S
2021-06-09T14:04:52,500.0,50.8,S
2021-06-09T14:04:52,1400.0,50.8,S
2021-06-09T14:04:52,500.0,50.8,S
2021-06-09T14:04:52,4100.0,50.8,S
2021-06-09T14:04:51,2000.0,50.8,S
2021-06-09T14:04:45,7600.0,50.8,S
2021-06-09T14:04:45,3100.0,50.8,S
2021-06-09T14:04:45,5400.0,50.8,S
2021-06-09T14:04:45,600.0,50.8,S
2021-06-09T14:04:45,1000.0,50.8,S
2021-06-09T14:04:45,12300.0,50.8,S
2021-06-09T14:04:43,200.0,50.9,B
2021-06-09T14:04:39,500.0,50.8,S
2021-06-09T14:04:39,1700.0,50.8,S
2021-06-09T14:04:39,300.0,50.8,S
2021-06-09T14:04:37,300.0,50.8,S
2021-06-09T14:04:34,1700.0,50.8,S
2021-06-09T14:04:25,2000.0,50.8,S
2021-06-09T14:04:25,500.0,50.8,S
2021-06-09T14:04:22,100.0,50.9,B
2021-06-09T14:04:20,2000.0,50.8,S
2021-06-09T14:04:19,1100.0,50.8,S
2021-06-09T14:04:19,100.0,50.9,B
2021-06-09T14:04:12,100.0,50.9,B
2021-06-09T14:04:08,2700.0,50.8,S
2021-06-09T14:04:08,700.0,50.8,S
2021-06-09T14:04:08,100.0,50.8,S
2021-06-09T14:04:08,4800.0,50.8,S
2021-06-09T14:04:08,3500.0,50.8,S
2021-06-09T14:04:08,1300.0,50.8,S
2021-06-09T14:04:08,100.0,50.8,S
2021-06-09T14:04:08,16800.0,50.8,S
2021-06-09T14:04:06,10000.0,50.8,S
2021-06-09T14:03:56,400.0,50.8,S
2021-06-09T14:03:55,200.0,50.9,B
2021-06-09T14:03:53,100.0,50.8,S
2021-06-09T14:03:52,100.0,50.8,S
2021-06-09T14:03:33,1000.0,50.8,S
2021-06-09T14:03:26,200.0,50.8,S
2021-06-09T14:03:22,100.0,50.9,B
2021-06-09T14:03:18,200.0,50.9,B
2021-06-09T14:03:17,400.0,50.9,B
2021-06-09T14:03:14,100.0,50.9,B
2021-06-09T14:03:13,300.0,50.8,S
2021-06-09T14:03:07,100.0,50.9,B
2021-06-09T14:03:03,1000.0,50.9,B
2021-06-09T14:03:01,400.0,50.8,S
2021-06-09T14:02:55,2300.0,50.9,B
2021-06-09T14:02:55,200.0,50.9,B
2021-06-09T14:02:52,500.0,50.9,B
2021-06-09T14:02:52,300.0,50.9,B
2021-06-09T14:02:50,6000.0,50.8,S
2021-06-09T14:02:42,5000.0,50.8,S
2021-06-09T14:02:42,2000.0,50.9,S
2021-06-09T14:02:42,200.0,50.9,S
2021-06-09T14:02:37,500.0,50.9,S
2021-06-09T14:02:36,1600.0,50.9,S
2021-06-09T14:02:35,100.0,50.9,S
2021-06-09T14:02:33,1000.0,50.9,S
2021-06-09T14:02:32,1000.0,50.9,S
2021-06-09T14:02:32,600.0,50.9,S
2021-06-09T14:02:28,10000.0,50.9,S
2021-06-09T14:02:21,100.0,50.9,S
2021-06-09T14:02:21,5000.0,50.9,S
2021-06-09T14:02:19,300.0,50.9,S
2021-06-09T14:02:14,200.0,50.9,S
2021-06-09T14:02:12,6400.0,50.9,S
2021-06-09T14:02:10,100.0,51.0,B
2021-06-09T14:02:07,5100.0,51.0,B
2021-06-09T14:02:07,4200.0,50.9,S
2021-06-09T14:01:46,200.0,51.0,B
2021-06-09T14:01:44,1000.0,51.0,B
2021-06-09T14:01:44,300.0,51.0,B
2021-06-09T14:01:41,2000.0,50.9,S
2021-06-09T14:01:41,600.0,50.9,S
2021-06-09T14:01:41,200.0,50.9,S
2021-06-09T14:01:41,500.0,50.9,S
2021-06-09T14:01:41,3700.0,50.9,S
2021-06-09T14:01:38,100.0,51.0,B
2021-06-09T14:01:37,100.0,51.0,B
2021-06-09T14:01:34,1000.0,51.0,B
2021-06-09T14:01:34,100.0,51.0,B
2021-06-09T14:01:32,1000.0,51.0,B
2021-06-09T14:01:29,9900.0,51.0,B
2021-06-09T14:01:26,100.0,51.0,B
2021-06-09T14:01:26,100.0,51.0,B
2021-06-09T14:01:23,1500.0,51.0,B
2021-06-09T14:01:22,500.0,51.0,B
2021-06-09T14:01:21,500.0,51.0,B
2021-06-09T14:01:15,500.0,51.0,B
2021-06-09T14:01:15,1000.0,51.0,B
2021-06-09T14:01:12,100.0,51.0,B
2021-06-09T14:01:12,1000.0,51.0,B
2021-06-09T14:01:12,1000.0,51.0,B
2021-06-09T14:01:11,100.0,51.0,B
2021-06-09T14:01:11,11300.0,51.0,B
2021-06-09T14:01:09,2000.0,51.0,B
2021-06-09T14:01:09,1000.0,51.0,B
2021-06-09T14:01:08,100.0,51.0,B
2021-06-09T14:01:05,100.0,51.0,B
2021-06-09T14:00:57,200.0,51.0,B
2021-06-09T14:00:57,2000.0,50.9,S
2021-06-09T14:00:54,100.0,51.0,B
2021-06-09T14:00:48,5000.0,51.0,B
2021-06-09T14:00:47,4700.0,51.0,B
2021-06-09T14:00:42,5600.0,50.9,S
2021-06-09T14:00:41,600.0,50.9,S
2021-06-09T14:00:41,300.0,50.9,S
2021-06-09T14:00:41,3000.0,50.9,S
2021-06-09T14:00:41,300.0,50.9,S
2021-06-09T14:00:41,400.0,50.9,S
2021-06-09T14:00:41,200.0,50.9,S
2021-06-09T14:00:41,200.0,50.9,S
2021-06-09T14:00:41,4400.0,50.9,S
2021-06-09T14:00:41,300.0,51.0,B
2021-06-09T14:00:33,100.0,51.0,B
2021-06-09T14:00:33,200.0,51.0,B
2021-06-09T14:00:31,500.0,51.0,B
2021-06-09T14:00:19,600.0,51.0,B
2021-06-09T14:00:17,600.0,51.0,B
2021-06-09T14:00:13,400.0,51.0,B
2021-06-09T14:00:09,100.0,51.0,B
2021-06-09T14:00:07,600.0,51.0,B
2021-06-09T14:00:05,300.0,51.0,B
2021-06-09T14:00:05,300.0,51.0,B
2021-06-09T13:59:57,200.0,51.0,B
2021-06-09T13:59:57,800.0,51.0,B
2021-06-09T13:59:53,3000.0,51.0,B
2021-06-09T13:59:50,300.0,50.9,S
2021-06-09T13:59:50,300.0,51.0,B
2021-06-09T13:59:49,200.0,51.0,B
2021-06-09T13:59:48,300.0,51.0,B
2021-06-09T13:59:47,700.0,51.0,B
2021-06-09T13:59:46,1100.0,51.0,B
2021-06-09T13:59:45,800.0,51.0,B
2021-06-09T13:59:42,3500.0,51.0,B
2021-06-09T13:59:39,500.0,51.0,B
2021-06-09T13:59:39,100.0,51.0,B
2021-06-09T13:59:36,600.0,51.0,B
2021-06-09T13:59:36,100.0,51.0,B
2021-06-09T13:59:28,3000.0,51.0,B
2021-06-09T13:59:28,100.0,51.0,B
2021-06-09T13:59:27,200.0,51.0,B
2021-06-09T13:59:26,400.0,51.0,B
2021-06-09T13:59:26,2600.0,51.0,B
2021-06-09T13:59:23,1000.0,51.0,B
2021-06-09T13:59:22,1000.0,51.0,B
2021-06-09T13:59:21,2200.0,51.0,B
2021-06-09T13:59:20,3500.0,51.0,B
2021-06-09T13:59:19,1000.0,50.9,S
2021-06-09T13:59:18,1000.0,51.0,B
2021-06-09T13:59:17,1000.0,51.0,B
2021-06-09T13:59:16,200.0,51.0,B
2021-06-09T13:59:15,900.0,51.0,B
2021-06-09T13:59:14,500.0,51.0,B
2021-06-09T13:59:14,500.0,51.0,B
2021-06-09T13:59:14,100.0,51.0,B
2021-06-09T13:59:10,1000.0,51.0,B
2021-06-09T13:59:09,500.0,51.0,S
2021-06-09T13:59:08,400.0,51.0,S
2021-06-09T13:59:07,400.0,51.0,S
2021-06-09T13:59:07,400.0,51.0,S
2021-06-09T13:59:03,500.0,51.0,S
2021-06-09T13:59:03,200.0,51.0,S
2021-06-09T13:59:03,2000.0,51.0,S
2021-06-09T13:59:02,500.0,51.0,S
2021-06-09T13:59:01,1000.0,51.0,S
2021-06-09T13:59:01,1000.0,51.0,S
2021-06-09T13:59:00,3100.0,51.0,S
2021-06-09T13:58:59,200.0,51.0,S
2021-06-09T13:58:59,500.0,51.0,S
2021-06-09T13:58:59,4400.0,51.0,S
2021-06-09T13:58:59,3500.0,51.0,S
2021-06-09T13:58:59,6100.0,51.0,S
2021-06-09T13:58:58,9800.0,51.0,S
2021-06-09T13:58:56,100.0,51.1,B
2021-06-09T13:58:45,100.0,51.1,B
2021-06-09T13:58:44,600.0,51.1,B
2021-06-09T13:58:41,600.0,51.1,B
2021-06-09T13:58:37,600.0,51.0,S
2021-06-09T13:58:36,500.0,51.1,B
2021-06-09T13:58:36,200.0,51.0,S
2021-06-09T13:58:34,4000.0,51.0,S
2021-06-09T13:58:34,1500.0,51.0,S
2021-06-09T13:58:31,41400.0,51.1,B
2021-06-09T13:58:26,300.0,51.1,B
2021-06-09T13:58:21,100.0,51.0,S
2021-06-09T13:58:21,5000.0,51.0,S
2021-06-09T13:58:18,100.0,51.0,S
2021-06-09T13:58:17,1100.0,51.1,B
2021-06-09T13:58:17,100.0,51.0,S
2021-06-09T13:58:16,500.0,51.0,S
2021-06-09T13:58:08,2000.0,51.0,S
2021-06-09T13:58:05,2000.0,51.1,B
2021-06-09T13:58:04,2000.0,51.0,S
2021-06-09T13:58:04,2000.0,51.0,S
2021-06-09T13:58:00,300.0,51.0,S
2021-06-09T13:57:57,300.0,51.0,S
2021-06-09T13:57:57,500.0,51.0,S
2021-06-09T13:57:57,100.0,51.0,S
2021-06-09T13:57:54,1500.0,51.1,B
2021-06-09T13:57:54,6100.0,51.1,B
2021-06-09T13:57:52,1600.0,51.0,S
2021-06-09T13:57:52,1400.0,51.0,S
2021-06-09T13:57:52,3000.0,51.0,S
2021-06-09T13:57:52,300.0,51.0,S
2021-06-09T13:57:51,100.0,51.0,S
2021-06-09T13:57:50,200.0,51.0,S
2021-06-09T13:57:50,400.0,51.0,S
2021-06-09T13:57:49,500.0,51.0,S
2021-06-09T13:57:49,200.0,51.0,S
2021-06-09T13:57:48,3900.0,51.0,S
2021-06-09T13:57:45,1800.0,51.0,S
2021-06-09T13:57:44,500.0,51.0,S
2021-06-09T13:57:42,100.0,51.0,S
2021-06-09T13:57:40,500.0,51.0,S
2021-06-09T13:57:40,1000.0,50.9,S
2021-06-09T13:57:37,100.0,51.0,S
2021-06-09T13:57:36,200.0,51.0,S
2021-06-09T13:57:34,100.0,51.0,S
2021-06-09T13:57:25,200.0,51.0,S
2021-06-09T13:57:25,200.0,51.0,S
2021-06-09T13:57:24,100.0,51.0,S
2021-06-09T13:57:20,100.0,51.0,S
2021-06-09T13:57:19,3000.0,51.0,S
2021-06-09T13:57:19,500.0,51.0,S
2021-06-09T13:57:17,100.0,50.9,S
2021-06-09T13:57:17,300.0,51.0,S
2021-06-09T13:57:14,1000.0,51.0,S
2021-06-09T13:57:14,600.0,51.0,S
2021-06-09T13:57:14,500.0,51.0,S
2021-06-09T13:57:14,2100.0,51.0,S
2021-06-09T13:57:13,1000.0,51.1,B
2021-06-09T13:57:09,200.0,51.1,B
2021-06-09T13:56:59,400.0,51.0,S
2021-06-09T13:56:59,100.0,51.0,S
2021-06-09T13:56:54,3000.0,51.1,B
2021-06-09T13:56:52,100.0,51.0,S
2021-06-09T13:56:50,500.0,51.1,B
2021-06-09T13:56:49,100.0,51.0,S
2021-06-09T13:56:49,100.0,51.0,S
2021-06-09T13:56:48,100.0,51.1,B
2021-06-09T13:56:48,5400.0,50.9,S
2021-06-09T13:56:48,9900.0,50.9,S
2021-06-09T13:56:48,500.0,50.9,S
2021-06-09T13:56:47,2600.0,50.9,S
2021-06-09T13:56:47,500.0,50.9,S
2021-06-09T13:56:47,1000.0,50.9,S
2021-06-09T13:56:47,400.0,50.9,S
2021-06-09T13:56:47,1000.0,50.9,S
2021-06-09T13:56:47,7100.0,50.9,S
2021-06-09T13:56:47,600.0,50.9,S
2021-06-09T13:56:47,3700.0,50.9,S
2021-06-09T13:56:47,800.0,50.9,S
2021-06-09T13:56:47,500.0,50.9,S
2021-06-09T13:56:47,2800.0,50.9,S
2021-06-09T13:56:47,6000.0,50.9,S
2021-06-09T13:56:47,7200.0,50.9,S
2021-06-09T13:56:45,1200.0,50.9,S
2021-06-09T13:56:45,4300.0,50.9,S
2021-06-09T13:56:45,1100.0,50.9,S
2021-06-09T13:56:45,3300.0,50.9,S
2021-06-09T13:56:45,1000.0,50.9,S
2021-06-09T13:56:45,200.0,50.9,S
2021-06-09T13:56:45,900.0,50.9,S
2021-06-09T13:56:44,200.0,50.9,S
2021-06-09T13:56:44,1500.0,50.9,S
2021-06-09T13:56:44,1400.0,50.9,S
2021-06-09T13:56:44,600.0,50.9,S
2021-06-09T13:56:44,3200.0,51.0,S
2021-06-09T13:56:44,1100.0,51.0,S
2021-06-09T13:56:42,200.0,51.0,S
2021-06-09T13:56:39,500.0,51.1,B
2021-06-09T13:56:38,4400.0,51.1,B
2021-06-09T13:56:38,8100.0,51.1,B
2021-06-09T13:56:38,2300.0,51.1,B
2021-06-09T13:56:38,3200.0,51.1,B
2021-06-09T13:56:38,5000.0,51.1,B
2021-06-09T13:56:38,9500.0,51.1,B
2021-06-09T13:56:38,500.0,51.1,B
2021-06-09T13:56:37,15000.0,51.1,B
2021-06-09T13:56:37,1000.0,51.1,B
2021-06-09T13:56:34,5500.0,50.9,S
2021-06-09T13:56:34,600.0,50.9,S
2021-06-09T13:56:34,1300.0,50.9,S
2021-06-09T13:56:34,3700.0,50.9,S
2021-06-09T13:56:34,700.0,50.9,S
2021-06-09T13:56:33,400.0,50.9,S
2021-06-09T13:56:33,11400.0,50.9,S
2021-06-09T13:56:33,200.0,50.9,S
2021-06-09T13:56:33,1000.0,50.9,S
2021-06-09T13:56:33,700.0,50.9,S
2021-06-09T13:56:33,100.0,50.9,S
2021-06-09T13:56:33,5200.0,50.9,S
2021-06-09T13:56:33,4000.0,51.0,S
2021-06-09T13:56:33,15200.0,51.0,S
2021-06-09T13:56:28,500.0,51.0,S
2021-06-09T13:56:25,600.0,51.1,B
2021-06-09T13:56:24,100.0,51.1,B
2021-06-09T13:56:21,600.0,51.0,S
2021-06-09T13:56:21,3400.0,51.0,S
2021-06-09T13:56:19,5000.0,51.0,S
2021-06-09T13:56:17,900.0,51.0,S
2021-06-09T13:56:17,1100.0,51.0,S
2021-06-09T13:56:12,3400.0,50.9,S
2021-06-09T13:56:12,300.0,50.9,S
2021-06-09T13:56:12,30800.0,50.9,S
2021-06-09T13:56:12,1300.0,50.9,S
2021-06-09T13:56:12,2600.0,50.9,S
2021-06-09T13:56:12,300.0,50.9,S
2021-06-09T13:56:12,2700.0,50.9,S
2021-06-09T13:56:12,21200.0,50.9,S
2021-06-09T13:56:12,6000.0,51.0,S
2021-06-09T13:56:12,2200.0,51.0,S
2021-06-09T13:56:12,5000.0,51.0,S
2021-06-09T13:56:11,4200.0,51.0,S
2021-06-09T13:55:57,500.0,51.0,B
2021-06-09T13:55:53,100.0,51.0,B
2021-06-09T13:55:52,600.0,51.0,B
2021-06-09T13:55:51,6000.0,51.0,B
2021-06-09T13:55:51,2000.0,51.0,B
2021-06-09T13:55:51,1300.0,51.0,B
2021-06-09T13:55:51,400.0,51.0,B
2021-06-09T13:55:51,900.0,51.0,B
2021-06-09T13:55:51,500.0,51.0,B
2021-06-09T13:55:50,13200.0,51.0,B
2021-06-09T13:55:49,3000.0,51.0,B
2021-06-09T13:55:46,500.0,51.0,B
2021-06-09T13:55:46,500.0,51.0,B
2021-06-09T13:55:42,100.0,51.0,B
2021-06-09T13:55:42,100.0,51.0,B
2021-06-09T13:55:42,900.0,51.0,B
2021-06-09T13:55:41,500.0,51.0,B
2021-06-09T13:55:41,700.0,51.0,B
2021-06-09T13:55:40,2400.0,51.0,B
2021-06-09T13:55:39,1000.0,51.0,B
2021-06-09T13:55:38,10000.0,51.0,B
2021-06-09T13:55:36,200.0,51.0,B
2021-06-09T13:55:35,400.0,50.9,S
2021-06-09T13:55:35,10600.0,51.0,B
2021-06-09T13:55:31,100.0,51.0,B
2021-06-09T13:55:30,500.0,51.0,B
2021-06-09T13:55:28,1000.0,51.0,B
2021-06-09T13:55:28,2000.0,51.0,B
2021-06-09T13:55:28,30000.0,51.0,B
2021-06-09T13:55:27,600.0,51.0,B
2021-06-09T13:55:20,5000.0,51.0,B
2021-06-09T13:55:19,200.0,51.0,B
2021-06-09T13:55:18,600.0,51.0,B
2021-06-09T13:55:17,2000.0,50.9,S
2021-06-09T13:55:16,200.0,51.0,B
2021-06-09T13:55:13,5000.0,51.0,B
2021-06-09T13:55:11,100.0,51.0,B
2021-06-09T13:55:10,200.0,51.0,B
2021-06-09T13:55:06,100.0,51.0,B
2021-06-09T13:55:02,100.0,51.0,B
2021-06-09T13:55:02,10600.0,51.0,B
2021-06-09T13:55:01,200.0,51.0,B
2021-06-09T13:55:00,500.0,51.0,B
2021-06-09T13:54:58,200.0,51.0,B
2021-06-09T13:54:56,100.0,51.0,B
2021-06-09T13:54:55,300.0,51.0,B
2021-06-09T13:54:53,1100.0,51.0,B
2021-06-09T13:54:53,300.0,51.0,B
2021-06-09T13:54:52,1100.0,51.0,B
2021-06-09T13:54:52,500.0,51.0,B
2021-06-09T13:54:52,3000.0,51.0,B
2021-06-09T13:54:51,700.0,51.0,B
2021-06-09T13:54:51,200.0,51.0,B
2021-06-09T13:54:51,900.0,51.0,B
2021-06-09T13:54:47,500.0,51.0,B
2021-06-09T13:54:46,2000.0,51.0,B
2021-06-09T13:54:41,1500.0,51.0,B
2021-06-09T13:54:40,2000.0,51.0,B
2021-06-09T13:54:38,400.0,51.0,B
2021-06-09T13:54:38,300.0,51.0,B
2021-06-09T13:54:36,2000.0,51.0,B
2021-06-09T13:54:32,5000.0,51.0,B
2021-06-09T13:54:31,100.0,51.0,B
2021-06-09T13:54:30,200.0,51.0,B
2021-06-09T13:54:29,200.0,51.0,B
2021-06-09T13:54:28,100.0,51.0,B
2021-06-09T13:54:23,200.0,51.0,B
2021-06-09T13:54:18,3500.0,51.0,B
2021-06-09T13:54:15,300.0,51.0,B
2021-06-09T13:54:12,100.0,51.0,B
2021-06-09T13:54:10,2500.0,51.0,B
2021-06-09T13:54:10,2000.0,51.0,B
2021-06-09T13:54:10,2000.0,51.0,B
2021-06-09T13:54:08,100.0,51.0,B
2021-06-09T13:54:00,500.0,51.0,B
2021-06-09T13:54:00,1000.0,51.0,B
2021-06-09T13:53:59,500.0,51.0,B
2021-06-09T13:53:59,100.0,51.0,B
2021-06-09T13:53:52,200.0,51.0,B
2021-06-09T13:53:50,500.0,51.0,B
2021-06-09T13:53:43,2000.0,51.0,B
2021-06-09T13:53:38,100.0,51.0,B
2021-06-09T13:53:38,100.0,51.0,B
2021-06-09T13:53:33,2200.0,51.0,B
2021-06-09T13:53:33,100.0,51.0,B
2021-06-09T13:53:32,800.0,51.0,B
2021-06-09T13:53:31,200.0,51.0,B
2021-06-09T13:53:28,100.0,51.0,B
2021-06-09T13:53:28,400.0,51.0,B
2021-06-09T13:53:28,300.0,51.0,B
2021-06-09T13:53:27,100.0,50.9,S
2021-06-09T13:53:27,2500.0,51.0,B
2021-06-09T13:53:24,100.0,51.0,B
2021-06-09T13:53:24,400.0,51.0,B
2021-06-09T13:53:24,19600.0,51.0,B
2021-06-09T13:53:22,1000.0,51.0,B
2021-06-09T13:53:22,200.0,51.0,B
2021-06-09T13:53:22,100.0,51.0,B
2021-06-09T13:53:21,10000.0,51.0,B
2021-06-09T13:53:18,600.0,51.0,B
2021-06-09T13:53:18,500.0,51.0,B
2021-06-09T13:53:12,100.0,51.0,B
2021-06-09T13:53:12,500.0,51.0,B
2021-06-09T13:53:11,500.0,51.0,B
2021-06-09T13:53:10,300.0,51.0,B
2021-06-09T13:53:09,200.0,51.0,B
2021-06-09T13:53:08,100.0,51.0,B
2021-06-09T13:53:07,200.0,51.0,B
2021-06-09T13:53:05,100.0,50.9,S
2021-06-09T13:53:03,100.0,51.0,B
2021-06-09T13:53:03,2800.0,51.0,B
2021-06-09T13:53:03,100.0,51.0,B
2021-06-09T13:53:03,1000.0,51.0,B
2021-06-09T13:53:02,700.0,51.0,B
2021-06-09T13:53:00,500.0,51.0,B
2021-06-09T13:52:59,3200.0,51.0,B
2021-06-09T13:52:58,8700.0,51.0,B
2021-06-09T13:52:57,200.0,51.0,B
2021-06-09T13:52:55,1000.0,51.0,B
2021-06-09T13:52:55,1300.0,51.0,B
2021-06-09T13:52:53,500.0,51.0,B
2021-06-09T13:52:51,100.0,51.0,B
2021-06-09T13:52:48,5200.0,51.0,B
2021-06-09T13:52:47,100.0,51.0,B
2021-06-09T13:52:47,600.0,51.0,B
2021-06-09T13:52:46,500.0,51.0,B
2021-06-09T13:52:44,2000.0,51.0,B
2021-06-09T13:52:43,1000.0,51.0,B
2021-06-09T13:52:43,3100.0,51.0,B
2021-06-09T13:52:42,10000.0,51.0,B
2021-06-09T13:52:40,300.0,51.0,B
2021-06-09T13:52:39,500.0,51.0,B
2021-06-09T13:52:37,100.0,51.0,B
2021-06-09T13:52:35,100.0,51.0,B
2021-06-09T13:52:31,800.0,51.0,B
2021-06-09T13:52:26,100.0,51.0,B
2021-06-09T13:52:25,500.0,51.0,B
2021-06-09T13:52:25,2200.0,51.0,B
2021-06-09T13:52:23,5000.0,51.0,B
2021-06-09T13:52:22,2000.0,51.0,B
2021-06-09T13:52:22,100.0,51.0,B
2021-06-09T13:52:21,900.0,51.0,B
2021-06-09T13:52:21,900.0,51.0,B
2021-06-09T13:52:20,800.0,51.0,B
2021-06-09T13:52:14,2900.0,51.0,B
2021-06-09T13:52:14,200.0,51.0,B
2021-06-09T13:52:13,100.0,51.0,B
2021-06-09T13:52:12,1000.0,51.0,B
2021-06-09T13:52:11,600.0,51.0,B
2021-06-09T13:52:08,1000.0,51.0,B
2021-06-09T13:52:08,4000.0,51.0,B
2021-06-09T13:52:07,100.0,51.0,B
2021-06-09T13:52:07,500.0,51.0,B
2021-06-09T13:52:06,100.0,51.0,B
2021-06-09T13:52:03,300.0,51.0,B
2021-06-09T13:52:03,300.0,51.0,B
2021-06-09T13:52:02,1200.0,51.0,B
2021-06-09T13:52:01,300.0,51.0,B
2021-06-09T13:51:54,200.0,51.0,B
2021-06-09T13:51:53,1500.0,50.9,S
2021-06-09T13:51:53,400.0,51.0,B
2021-06-09T13:51:53,1000.0,51.0,B
2021-06-09T13:51:52,600.0,50.9,S
2021-06-09T13:51:47,3200.0,51.0,B
2021-06-09T13:51:47,11500.0,51.0,B
2021-06-09T13:51:47,2500.0,51.0,B
2021-06-09T13:51:46,300.0,51.0,B
2021-06-09T13:51:45,2000.0,51.0,B
2021-06-09T13:51:41,300.0,51.0,B
2021-06-09T13:51:40,2000.0,51.0,B
2021-06-09T13:51:40,8000.0,51.0,B
2021-06-09T13:51:37,400.0,51.0,B
2021-06-09T13:51:36,900.0,51.0,B
2021-06-09T13:51:36,2000.0,51.0,B
2021-06-09T13:51:35,2000.0,51.0,B
2021-06-09T13:51:33,500.0,51.0,B
2021-06-09T13:51:33,2000.0,51.0,B
2021-06-09T13:51:31,900.0,51.0,B
2021-06-09T13:51:31,2500.0,51.0,B
2021-06-09T13:51:27,200.0,51.0,B
2021-06-09T13:51:27,1000.0,51.0,B
2021-06-09T13:51:26,500.0,51.0,B
2021-06-09T13:51:25,700.0,51.0,B
2021-06-09T13:51:24,3300.0,51.0,B
2021-06-09T13:51:22,200.0,51.0,B
2021-06-09T13:51:22,100.0,51.0,B
2021-06-09T13:51:22,100.0,51.0,B
2021-06-09T13:51:22,1600.0,51.0,B
2021-06-09T13:51:20,1300.0,51.0,B
2021-06-09T13:51:20,1000.0,51.0,B
2021-06-09T13:51:18,100.0,51.0,B
2021-06-09T13:51:16,100.0,51.0,B
2021-06-09T13:51:16,5800.0,51.0,B
2021-06-09T13:51:15,2700.0,51.0,B
2021-06-09T13:51:14,5000.0,51.0,B
2021-06-09T13:51:12,1000.0,51.0,B
2021-06-09T13:51:12,10000.0,51.0,B
2021-06-09T13:51:11,600.0,51.0,B
2021-06-09T13:51:10,500.0,51.0,B
2021-06-09T13:51:08,2000.0,51.0,B
2021-06-09T13:51:06,1000.0,51.0,B
2021-06-09T13:51:05,200.0,51.0,B
2021-06-09T13:51:00,100.0,51.0,B
2021-06-09T13:50:58,1000.0,51.0,B
2021-06-09T13:50:58,200.0,51.0,B
2021-06-09T13:50:56,1000.0,51.0,B
2021-06-09T13:50:52,200.0,51.0,B
2021-06-09T13:50:52,100.0,51.0,B
2021-06-09T13:50:51,200.0,51.0,B
2021-06-09T13:50:50,100.0,51.0,B
2021-06-09T13:50:49,1000.0,51.0,B
2021-06-09T13:50:49,1100.0,51.0,B
2021-06-09T13:50:49,7400.0,51.0,B
2021-06-09T13:50:49,4000.0,51.0,B
2021-06-09T13:50:49,500.0,51.0,B
2021-06-09T13:50:49,600.0,51.0,B
2021-06-09T13:50:49,1500.0,51.0,B
2021-06-09T13:50:49,600.0,51.0,B
2021-06-09T13:50:49,6500.0,51.0,B
2021-06-09T13:50:49,100.0,51.0,B
2021-06-09T13:50:49,600.0,51.0,B
2021-06-09T13:50:49,900.0,51.0,B
2021-06-09T13:50:49,5300.0,51.0,B
2021-06-09T13:50:49,1500.0,51.0,B
2021-06-09T13:50:49,2500.0,51.0,B
2021-06-09T13:50:49,1600.0,51.0,S
2021-06-09T13:50:49,7700.0,51.0,S
2021-06-09T13:50:47,1100.0,51.0,S
2021-06-09T13:50:47,70300.0,51.0,S
2021-06-09T13:50:47,1200.0,51.0,S
2021-06-09T13:50:47,2300.0,51.0,S
2021-06-09T13:50:47,600.0,51.0,S
2021-06-09T13:50:47,800.0,51.0,S
2021-06-09T13:50:47,1700.0,51.0,S
2021-06-09T13:50:47,2000.0,51.0,S
2021-06-09T13:50:47,400.0,51.0,S
2021-06-09T13:50:47,4300.0,51.0,S
2021-06-09T13:50:40,100.0,51.1,B
2021-06-09T13:50:39,600.0,51.1,B
2021-06-09T13:50:36,1700.0,51.1,B
2021-06-09T13:50:36,200.0,51.1,B
2021-06-09T13:50:34,1000.0,51.1,B
2021-06-09T13:50:34,100.0,51.1,B
2021-06-09T13:50:33,300.0,51.1,B
2021-06-09T13:50:31,500.0,51.1,B
2021-06-09T13:50:30,200.0,51.1,B
2021-06-09T13:50:28,300.0,51.1,B
2021-06-09T13:50:26,100.0,51.1,B
2021-06-09T13:50:24,800.0,51.1,B
2021-06-09T13:50:23,200.0,51.1,B
2021-06-09T13:50:22,200.0,51.1,B
2021-06-09T13:50:21,600.0,51.1,B
2021-06-09T13:50:20,200.0,51.1,B
2021-06-09T13:50:20,2000.0,51.1,B
2021-06-09T13:50:19,1000.0,51.1,B
2021-06-09T13:50:16,800.0,51.1,B
2021-06-09T13:50:16,2900.0,51.1,B
2021-06-09T13:50:15,700.0,51.1,B
2021-06-09T13:50:15,500.0,51.1,B
2021-06-09T13:50:12,300.0,51.1,B
2021-06-09T13:50:11,3000.0,51.1,B
2021-06-09T13:50:10,200.0,51.1,B
2021-06-09T13:50:09,14200.0,51.1,B
2021-06-09T13:50:07,600.0,51.1,B
2021-06-09T13:50:01,1400.0,51.1,B
2021-06-09T13:50:01,600.0,51.1,B
2021-06-09T13:49:58,1000.0,51.1,B
2021-06-09T13:49:56,40000.0,51.1,B
2021-06-09T13:49:54,3000.0,51.1,B
2021-06-09T13:49:52,1500.0,51.1,B
2021-06-09T13:49:52,5000.0,51.1,B
2021-06-09T13:49:52,500.0,51.1,B
2021-06-09T13:49:49,200.0,51.1,B
2021-06-09T13:49:45,500.0,51.1,B
2021-06-09T13:49:43,500.0,51.1,B
2021-06-09T13:49:42,100.0,51.1,B
2021-06-09T13:49:40,5000.0,51.1,B
2021-06-09T13:49:38,10000.0,51.1,B
2021-06-09T13:49:37,500.0,51.1,B
2021-06-09T13:49:35,1500.0,51.1,B
2021-06-09T13:49:31,1000.0,51.1,B
2021-06-09T13:49:31,2000.0,51.0,S
2021-06-09T13:49:31,200.0,51.1,B
2021-06-09T13:49:30,200.0,51.1,B
2021-06-09T13:49:28,500.0,51.0,S
2021-06-09T13:49:28,9500.0,51.0,S
2021-06-09T13:49:28,2000.0,51.1,B
2021-06-09T13:49:26,1000.0,51.1,B
2021-06-09T13:49:25,18000.0,51.1,B
2021-06-09T13:49:24,200.0,51.1,B
2021-06-09T13:49:22,1000.0,51.1,B
2021-06-09T13:49:20,2000.0,51.1,B
2021-06-09T13:49:17,200.0,51.1,B
2021-06-09T13:49:17,100.0,51.1,B
2021-06-09T13:49:16,700.0,51.1,B
2021-06-09T13:49:15,2000.0,51.1,B
2021-06-09T13:49:14,100.0,51.1,B
2021-06-09T13:49:14,900.0,51.1,B
2021-06-09T13:49:13,4000.0,51.1,B
2021-06-09T13:49:11,1000.0,51.1,B
2021-06-09T13:49:11,500.0,51.1,B
2021-06-09T13:49:10,100.0,51.1,B
2021-06-09T13:49:05,3000.0,51.1,B
2021-06-09T13:49:04,500.0,51.1,B
2021-06-09T13:48:57,2800.0,51.1,B
2021-06-09T13:48:54,300.0,51.1,B
2021-06-09T13:48:50,5500.0,51.1,B
2021-06-09T13:48:46,1000.0,51.1,B
2021-06-09T13:48:42,300.0,51.1,B
2021-06-09T13:48:41,9900.0,51.0,S
2021-06-09T13:48:41,7200.0,51.0,S
2021-06-09T13:48:41,700.0,51.0,S
2021-06-09T13:48:41,500.0,51.0,S
2021-06-09T13:48:41,600.0,51.0,S
2021-06-09T13:48:41,2300.0,51.0,S
2021-06-09T13:48:41,1800.0,51.0,S
2021-06-09T13:48:41,2400.0,51.0,S
2021-06-09T13:48:41,1700.0,51.0,S
2021-06-09T13:48:39,10100.0,51.0,S
2021-06-09T13:48:39,1400.0,51.0,S
2021-06-09T13:48:39,11400.0,51.0,S
2021-06-09T13:48:39,5000.0,51.1,B
2021-06-09T13:48:34,100.0,51.1,B
2021-06-09T13:48:32,2400.0,51.1,B
2021-06-09T13:48:32,10100.0,51.1,B
2021-06-09T13:48:32,200.0,51.1,B
2021-06-09T13:48:29,600.0,51.1,B
2021-06-09T13:48:26,1200.0,51.1,B
2021-06-09T13:48:21,500.0,51.1,B
2021-06-09T13:48:19,300.0,51.1,B
2021-06-09T13:48:18,200.0,51.1,B
2021-06-09T13:48:16,1000.0,51.1,B
2021-06-09T13:48:16,500.0,51.0,S
2021-06-09T13:48:14,100.0,51.1,B
2021-06-09T13:48:12,100.0,51.1,B
2021-06-09T13:48:08,4000.0,51.1,B
2021-06-09T13:48:08,1100.0,51.1,B
2021-06-09T13:48:05,500.0,51.1,B
2021-06-09T13:48:03,2000.0,51.1,B
2021-06-09T13:48:03,15000.0,51.1,B
2021-06-09T13:48:03,6500.0,51.0,S
2021-06-09T13:48:03,1000.0,51.1,B
2021-06-09T13:48:01,1000.0,51.1,B
2021-06-09T13:47:59,300.0,51.1,B
2021-06-09T13:47:40,500.0,51.1,B
2021-06-09T13:47:39,200.0,51.1,B
2021-06-09T13:47:38,300.0,51.1,B
2021-06-09T13:47:36,500.0,51.1,B
2021-06-09T13:47:35,200.0,51.1,B
2021-06-09T13:47:34,100.0,51.1,B
2021-06-09T13:47:24,3000.0,51.0,S
2021-06-09T13:47:22,200.0,51.1,B
2021-06-09T13:47:16,500.0,51.1,B
2021-06-09T13:47:16,5000.0,51.1,B
2021-06-09T13:47:13,2000.0,51.0,S
2021-06-09T13:47:04,300.0,51.0,B
2021-06-09T13:46:56,800.0,51.0,B
2021-06-09T13:46:53,5000.0,51.0,B
2021-06-09T13:46:53,400.0,51.0,B
2021-06-09T13:46:52,1500.0,51.1,B
2021-06-09T13:46:48,5000.0,51.0,B
2021-06-09T13:46:45,500.0,51.1,B
2021-06-09T13:46:44,100000.0,51.1,B
2021-06-09T13:46:38,1000.0,51.0,B
2021-06-09T13:46:30,2600.0,51.0,B
2021-06-09T13:46:30,1200.0,51.0,B
2021-06-09T13:46:30,10400.0,51.0,B
2021-06-09T13:46:30,7200.0,51.0,B
2021-06-09T13:46:30,4000.0,50.9,S
2021-06-09T13:46:29,500.0,51.0,B
2021-06-09T13:46:29,900.0,51.0,B
2021-06-09T13:46:29,100.0,51.0,B
2021-06-09T13:46:27,2000.0,51.0,B
2021-06-09T13:46:27,300.0,51.0,B
2021-06-09T13:46:25,500.0,51.0,B
2021-06-09T13:46:24,200.0,51.0,B
2021-06-09T13:46:21,300.0,51.0,B
2021-06-09T13:46:21,100.0,51.0,B
2021-06-09T13:46:20,100.0,51.0,B
2021-06-09T13:46:18,100.0,51.0,B
2021-06-09T13:46:11,5000.0,51.0,B
2021-06-09T13:46:11,1000.0,51.0,B
2021-06-09T13:46:11,200.0,51.0,B
2021-06-09T13:46:06,4000.0,50.9,S
2021-06-09T13:46:05,100.0,51.0,B
2021-06-09T13:46:03,200.0,51.0,B
2021-06-09T13:46:03,2000.0,51.0,B
2021-06-09T13:46:01,1000.0,51.0,B
2021-06-09T13:46:01,500.0,51.0,B
2021-06-09T13:46:01,100.0,51.0,B
2021-06-09T13:46:00,400.0,51.0,B
2021-06-09T13:45:56,2000.0,51.0,B
2021-06-09T13:45:55,2900.0,51.0,B
2021-06-09T13:45:53,5000.0,50.9,S
2021-06-09T13:45:51,100.0,51.0,B
2021-06-09T13:45:49,600.0,51.0,B
2021-06-09T13:45:48,1000.0,51.0,B
2021-06-09T13:45:48,10000.0,50.9,S
2021-06-09T13:45:46,400.0,51.0,B
2021-06-09T13:45:45,600.0,51.0,B
2021-06-09T13:45:42,500.0,51.0,B
2021-06-09T13:45:41,5000.0,50.9,B
2021-06-09T13:45:41,3700.0,51.0,B
2021-06-09T13:45:39,200.0,51.0,B
2021-06-09T13:45:38,600.0,51.0,B
2021-06-09T13:45:38,3000.0,51.0,B
2021-06-09T13:45:36,100.0,51.0,B
2021-06-09T13:45:35,100.0,51.0,B
2021-06-09T13:45:34,8000.0,51.0,B
2021-06-09T13:45:34,15000.0,51.0,B
2021-06-09T13:45:33,1000.0,51.0,B
2021-06-09T13:45:33,100.0,51.0,B
2021-06-09T13:45:33,100.0,51.0,B
2021-06-09T13:45:33,200.0,51.0,B
2021-06-09T13:45:32,1500.0,51.0,B
2021-06-09T13:45:30,200.0,51.0,B
2021-06-09T13:45:27,5000.0,51.0,B
2021-06-09T13:45:23,4300.0,51.0,B
2021-06-09T13:45:21,500.0,51.0,B
2021-06-09T13:45:20,2200.0,51.0,B
2021-06-09T13:45:13,700.0,51.0,B
2021-06-09T13:45:12,500.0,51.0,B
2021-06-09T13:45:11,100.0,50.9,B
2021-06-09T13:45:10,500.0,51.0,B
2021-06-09T13:45:08,400.0,51.0,B
2021-06-09T13:45:06,7000.0,51.0,B
2021-06-09T13:45:06,3000.0,51.0,B
2021-06-09T13:45:05,1000.0,51.0,B
2021-06-09T13:45:02,2000.0,51.0,B
2021-06-09T13:45:00,7000.0,50.9,B
2021-06-09T13:44:57,200.0,51.0,B
2021-06-09T13:44:57,1000.0,51.0,B
2021-06-09T13:44:57,2500.0,51.0,B
2021-06-09T13:44:54,5000.0,51.0,B
2021-06-09T13:44:53,500.0,51.0,B
2021-06-09T13:44:51,11000.0,51.0,B
2021-06-09T13:44:46,500.0,51.0,B
2021-06-09T13:44:44,1000.0,50.9,B
2021-06-09T13:44:42,200.0,50.9,S
2021-06-09T13:44:41,1000.0,50.9,S
2021-06-09T13:44:38,200.0,50.9,S
2021-06-09T13:44:38,5300.0,50.8,S
2021-06-09T13:44:36,2300.0,50.9,S
2021-06-09T13:44:35,5000.0,51.0,B
2021-06-09T13:44:30,5800.0,51.0,B
2021-06-09T13:44:28,2000.0,51.0,B
2021-06-09T13:44:27,20200.0,51.0,B
2021-06-09T13:44:26,10000.0,51.0,B
2021-06-09T13:44:26,100.0,51.0,B
2021-06-09T13:44:24,100.0,51.0,B
2021-06-09T13:44:22,10900.0,51.0,B
2021-06-09T13:44:21,700.0,50.9,S
2021-06-09T13:44:21,200.0,50.9,S
2021-06-09T13:44:21,300.0,50.9,S
2021-06-09T13:44:21,2700.0,50.9,S
2021-06-09T13:44:21,1300.0,50.9,S
2021-06-09T13:44:21,100.0,50.9,S
2021-06-09T13:44:21,3700.0,50.9,S
2021-06-09T13:44:21,5700.0,50.9,S
2021-06-09T13:44:21,11000.0,50.9,S
2021-06-09T13:44:21,3000.0,50.9,S
2021-06-09T13:44:21,700.0,50.9,S
2021-06-09T13:44:21,6000.0,50.9,S
2021-06-09T13:44:21,600.0,50.9,S
2021-06-09T13:44:20,1200.0,50.9,S
2021-06-09T13:44:20,100.0,50.9,S
2021-06-09T13:44:20,200.0,50.9,S
2021-06-09T13:44:20,17700.0,50.9,S
2021-06-09T13:44:20,500.0,50.9,S
2021-06-09T13:44:20,200.0,50.9,S
2021-06-09T13:44:20,2100.0,50.9,S
2021-06-09T13:44:20,1100.0,50.9,S
2021-06-09T13:44:20,1200.0,50.9,S
2021-06-09T13:44:20,500.0,50.9,S
2021-06-09T13:44:20,10500.0,50.9,S
2021-06-09T13:44:20,7500.0,50.9,S
2021-06-09T13:44:20,3500.0,50.9,S
2021-06-09T13:44:20,8500.0,50.9,S
2021-06-09T13:44:19,2000.0,50.9,S
2021-06-09T13:44:19,400.0,51.0,B
2021-06-09T13:44:19,300.0,51.0,B
2021-06-09T13:44:19,4200.0,51.0,B
2021-06-09T13:44:19,45100.0,51.0,B
2021-06-09T13:44:18,100.0,51.0,B
2021-06-09T13:44:17,200.0,51.0,B
2021-06-09T13:44:16,5000.0,51.0,B
2021-06-09T13:44:15,10000.0,51.0,B
2021-06-09T13:44:14,500.0,51.0,B
2021-06-09T13:44:13,500.0,51.0,B
2021-06-09T13:44:12,2000.0,50.9,S
2021-06-09T13:44:09,100.0,51.0,B
2021-06-09T13:44:08,5000.0,51.0,B
2021-06-09T13:44:06,1000.0,51.0,B
2021-06-09T13:44:06,2000.0,51.0,B
2021-06-09T13:44:04,100.0,51.0,B
2021-06-09T13:44:04,2000.0,51.0,B
2021-06-09T13:44:03,100.0,51.0,B
2021-06-09T13:44:02,200.0,51.0,B
2021-06-09T13:44:01,500.0,50.9,S
2021-06-09T13:43:59,800.0,51.0,B
2021-06-09T13:43:59,500.0,51.0,B
2021-06-09T13:43:59,200.0,51.0,B
2021-06-09T13:43:57,3200.0,50.9,S
2021-06-09T13:43:57,1500.0,50.9,S
2021-06-09T13:43:57,200.0,50.9,S
2021-06-09T13:43:57,200.0,50.9,S
2021-06-09T13:43:56,2800.0,50.9,S
2021-06-09T13:43:56,100.0,51.0,B
2021-06-09T13:43:54,2000.0,51.0,B
2021-06-09T13:43:53,1000.0,51.0,B
2021-06-09T13:43:52,1000.0,50.9,S
2021-06-09T13:43:52,9000.0,50.9,S
2021-06-09T13:43:48,300.0,51.0,B
2021-06-09T13:43:47,2000.0,51.0,B
2021-06-09T13:43:43,800.0,51.0,B
2021-06-09T13:43:43,700.0,51.0,B
2021-06-09T13:43:42,1300.0,51.0,B
2021-06-09T13:43:42,500.0,51.0,B
2021-06-09T13:43:41,10000.0,51.0,B
2021-06-09T13:43:39,1000.0,51.0,B
2021-06-09T13:43:33,1000.0,51.0,B
2021-06-09T13:43:31,4000.0,51.0,B
2021-06-09T13:43:30,100.0,51.0,B
2021-06-09T13:43:29,3000.0,51.0,B
2021-06-09T13:43:28,1300.0,51.0,B
2021-06-09T13:43:24,1000.0,51.0,B
2021-06-09T13:43:21,200.0,50.9,S
2021-06-09T13:43:21,1000.0,51.0,B
2021-06-09T13:43:21,100.0,51.0,B
2021-06-09T13:43:19,800.0,51.0,B
2021-06-09T13:43:18,600.0,51.0,B
2021-06-09T13:43:12,900.0,51.0,B
2021-06-09T13:43:11,1000.0,51.0,B
2021-06-09T13:43:11,300.0,50.9,S
2021-06-09T13:43:11,3700.0,50.9,S
2021-06-09T13:43:10,900.0,51.0,B
2021-06-09T13:43:10,300.0,51.0,B
2021-06-09T13:43:07,200.0,51.0,B
2021-06-09T13:43:07,200.0,50.9,S
2021-06-09T13:43:03,1000.0,50.9,S
2021-06-09T13:43:02,100.0,51.0,B
2021-06-09T13:43:01,1600.0,50.9,S
2021-06-09T13:43:01,2000.0,51.0,B
2021-06-09T13:43:00,900.0,51.0,B
2021-06-09T13:43:00,1000.0,51.0,B
2021-06-09T13:42:56,500.0,51.0,B
2021-06-09T13:42:55,500.0,51.0,B
2021-06-09T13:42:55,5000.0,50.9,S
2021-06-09T13:42:53,10000.0,51.0,B
2021-06-09T13:42:51,200.0,50.9,S
2021-06-09T13:42:50,5000.0,51.0,B
2021-06-09T13:42:44,500.0,51.0,B
2021-06-09T13:42:42,5000.0,50.9,S
2021-06-09T13:42:40,5100.0,51.0,B
2021-06-09T13:42:36,500.0,51.0,B
2021-06-09T13:42:35,300.0,51.0,B
2021-06-09T13:42:34,200.0,51.0,B
2021-06-09T13:42:33,2000.0,50.9,S
2021-06-09T13:42:30,500.0,51.0,B
2021-06-09T13:42:30,1000.0,51.0,B
2021-06-09T13:42:25,4700.0,50.9,S
2021-06-09T13:42:24,600.0,50.9,S
2021-06-09T13:42:22,100.0,51.0,B
2021-06-09T13:42:20,1000.0,50.9,S
2021-06-09T13:42:16,300.0,51.0,B
2021-06-09T13:42:13,200.0,51.0,B
2021-06-09T13:42:13,100.0,51.0,B
2021-06-09T13:42:13,1900.0,51.0,B
2021-06-09T13:42:07,600.0,51.0,B
2021-06-09T13:42:07,1200.0,51.0,B
2021-06-09T13:42:07,200.0,51.0,B
2021-06-09T13:42:07,14800.0,51.0,B
2021-06-09T13:42:07,1700.0,51.0,B
2021-06-09T13:42:07,20200.0,51.0,B
2021-06-09T13:42:07,5000.0,51.0,B
2021-06-09T13:42:07,2100.0,51.0,B
2021-06-09T13:42:07,2200.0,51.0,B
2021-06-09T13:42:07,2600.0,51.0,B
2021-06-09T13:42:07,100.0,51.0,B
2021-06-09T13:42:05,5000.0,50.9,B
2021-06-09T13:41:57,3000.0,51.0,B
2021-06-09T13:41:51,100.0,51.0,B
2021-06-09T13:41:50,100.0,51.0,B
2021-06-09T13:41:46,5000.0,50.9,B
2021-06-09T13:41:41,400.0,51.0,B
2021-06-09T13:41:39,2000.0,51.0,B
2021-06-09T13:41:36,300.0,51.0,B
2021-06-09T13:41:36,26100.0,51.0,B
2021-06-09T13:41:36,23900.0,51.0,B
2021-06-09T13:41:35,2000.0,50.9,B
2021-06-09T13:41:33,1000.0,50.9,B
2021-06-09T13:41:31,3200.0,50.9,B
2021-06-09T13:41:30,500.0,50.9,B
2021-06-09T13:41:29,100.0,50.9,B
2021-06-09T13:41:29,100.0,50.9,B
2021-06-09T13:41:27,300.0,50.9,B
2021-06-09T13:41:27,1000.0,50.9,B
2021-06-09T13:41:26,1000.0,50.9,B
2021-06-09T13:41:26,300.0,50.9,B
2021-06-09T13:41:24,2000.0,50.8,S
2021-06-09T13:41:23,1100.0,50.9,B
2021-06-09T13:41:21,200.0,50.9,B
2021-06-09T13:41:21,4000.0,50.9,B
2021-06-09T13:41:21,800.0,50.9,S
2021-06-09T13:41:19,100.0,50.9,S
2021-06-09T13:41:17,2100.0,50.9,S
2021-06-09T13:41:15,100.0,50.9,S
2021-06-09T13:41:15,100.0,50.9,S
2021-06-09T13:41:14,7000.0,50.9,S
2021-06-09T13:41:13,3000.0,50.9,S
2021-06-09T13:41:13,300.0,50.9,S
2021-06-09T13:41:12,300.0,50.9,S
2021-06-09T13:41:12,2000.0,50.9,S
2021-06-09T13:41:10,300.0,50.9,S
2021-06-09T13:41:08,15000.0,50.9,S
2021-06-09T13:41:08,1000.0,50.9,S
2021-06-09T13:41:06,800.0,50.9,S
2021-06-09T13:41:05,9700.0,50.9,S
2021-06-09T13:41:05,200.0,50.9,S
2021-06-09T13:41:04,200.0,50.9,S
2021-06-09T13:41:03,3000.0,50.8,S
2021-06-09T13:41:00,10000.0,50.9,S
2021-06-09T13:40:59,100.0,50.9,S
2021-06-09T13:40:57,6400.0,50.9,S
2021-06-09T13:40:56,10000.0,50.9,S
2021-06-09T13:40:55,300.0,50.9,S
2021-06-09T13:40:55,2000.0,50.9,S
2021-06-09T13:40:54,200.0,50.9,S
2021-06-09T13:40:51,100.0,50.9,S
2021-06-09T13:40:51,400.0,50.9,S
2021-06-09T13:40:51,1900.0,50.9,S
2021-06-09T13:40:51,1000.0,50.9,S
2021-06-09T13:40:51,600.0,50.9,S
2021-06-09T13:40:50,50000.0,50.9,S
2021-06-09T13:40:50,1900.0,50.9,S
2021-06-09T13:40:50,1500.0,50.9,S
2021-06-09T13:40:50,2100.0,50.9,S
2021-06-09T13:40:50,700.0,50.9,S
2021-06-09T13:40:50,1100.0,50.9,S
2021-06-09T13:40:50,1200.0,50.9,S
2021-06-09T13:40:50,4000.0,50.9,S
2021-06-09T13:40:50,600.0,50.9,S
2021-06-09T13:40:50,100.0,50.9,S
2021-06-09T13:40:50,24200.0,50.9,S
2021-06-09T13:40:49,100.0,51.0,B
2021-06-09T13:40:49,4500.0,51.0,B
2021-06-09T13:40:48,4000.0,51.0,B
2021-06-09T13:40:47,1000.0,51.0,B
2021-06-09T13:40:47,6000.0,51.0,B
2021-06-09T13:40:47,1100.0,51.0,B
2021-06-09T13:40:47,600.0,51.0,B
2021-06-09T13:40:47,600.0,51.0,B
2021-06-09T13:40:47,1200.0,51.0,B
2021-06-09T13:40:47,1200.0,51.0,B
2021-06-09T13:40:47,200.0,51.0,B
2021-06-09T13:40:47,2000.0,51.0,B
2021-06-09T13:40:47,7100.0,51.0,B
2021-06-09T13:40:46,300.0,51.0,B
2021-06-09T13:40:44,400.0,51.0,B
2021-06-09T13:40:44,200.0,51.0,B
2021-06-09T13:40:43,500.0,50.9,S
2021-06-09T13:40:42,2000.0,50.9,S
2021-06-09T13:40:42,1000.0,51.0,B
2021-06-09T13:40:38,100.0,51.0,B
2021-06-09T13:40:36,100.0,51.0,B
2021-06-09T13:40:34,100.0,51.0,B
2021-06-09T13:40:34,800.0,51.0,B
2021-06-09T13:40:33,500.0,51.0,B
2021-06-09T13:40:32,100.0,51.0,B
2021-06-09T13:40:31,2100.0,51.0,B
2021-06-09T13:40:31,100.0,51.0,B
2021-06-09T13:40:30,2000.0,51.0,B
2021-06-09T13:40:30,900.0,51.0,B
2021-06-09T13:40:27,200.0,51.0,B
2021-06-09T13:40:24,300.0,51.0,B
2021-06-09T13:40:23,600.0,51.0,B
2021-06-09T13:40:22,5200.0,50.9,S
2021-06-09T13:40:21,5000.0,51.0,B
2021-06-09T13:40:21,5000.0,50.9,S
2021-06-09T13:40:20,31400.0,51.0,B
2021-06-09T13:40:20,600.0,51.0,B
2021-06-09T13:40:20,5100.0,51.0,B
2021-06-09T13:40:20,600.0,51.0,B
2021-06-09T13:40:18,12300.0,51.0,B
2021-06-09T13:40:18,100.0,51.0,B
2021-06-09T13:40:17,5000.0,51.0,B
2021-06-09T13:40:17,2000.0,51.0,B
2021-06-09T13:40:16,200.0,51.0,B
2021-06-09T13:40:14,200.0,51.0,B
2021-06-09T13:40:11,3500.0,51.0,B
2021-06-09T13:40:09,200.0,51.0,B
2021-06-09T13:40:09,100.0,51.0,B
2021-06-09T13:40:08,2100.0,51.0,B
2021-06-09T13:40:07,200.0,51.0,B
2021-06-09T13:40:07,1400.0,51.0,B
2021-06-09T13:40:07,100.0,51.0,B
2021-06-09T13:40:06,300.0,51.0,B
2021-06-09T13:40:05,100.0,51.0,B
2021-06-09T13:40:05,5000.0,51.0,B
2021-06-09T13:40:05,400.0,51.0,B
2021-06-09T13:40:04,100.0,51.0,B
2021-06-09T13:40:04,100.0,51.0,B
2021-06-09T13:40:03,200.0,51.0,B
2021-06-09T13:40:02,200.0,51.0,B
2021-06-09T13:40:01,1600.0,51.0,B
2021-06-09T13:40:01,100.0,51.0,B
2021-06-09T13:40:01,800.0,51.0,B
2021-06-09T13:40:01,2000.0,51.0,B
2021-06-09T13:39:59,1000.0,51.0,B
2021-06-09T13:39:59,4000.0,50.9,S
2021-06-09T13:39:58,2000.0,51.0,B
2021-06-09T13:39:58,15200.0,50.9,S
2021-06-09T13:39:58,200.0,50.9,S
2021-06-09T13:39:58,900.0,50.9,S
2021-06-09T13:39:58,1200.0,50.9,S
2021-06-09T13:39:57,2000.0,50.9,S
2021-06-09T13:39:57,5300.0,50.9,S
2021-06-09T13:39:57,3700.0,50.9,S
2021-06-09T13:39:57,15200.0,50.9,S
2021-06-09T13:39:57,400.0,50.9,S
2021-06-09T13:39:57,600.0,50.9,S
2021-06-09T13:39:57,600.0,50.9,S
2021-06-09T13:39:55,100.0,51.0,B
2021-06-09T13:39:53,800.0,51.0,B
2021-06-09T13:39:53,100.0,51.0,B
2021-06-09T13:39:52,30000.0,51.0,B
2021-06-09T13:39:50,160000.0,51.0,B
2021-06-09T13:39:47,100.0,51.0,B
2021-06-09T13:39:47,1000.0,51.0,B
2021-06-09T13:39:46,2000.0,51.0,B
2021-06-09T13:39:45,100.0,51.0,B
2021-06-09T13:39:43,500.0,51.0,B
2021-06-09T13:39:38,3000.0,51.0,B
2021-06-09T13:39:38,3700.0,51.0,B
2021-06-09T13:39:35,14700.0,51.0,B
2021-06-09T13:39:32,1000.0,51.0,B
2021-06-09T13:39:29,1300.0,51.0,B
2021-06-09T13:39:29,2000.0,51.0,B
2021-06-09T13:39:27,1000.0,51.0,B
2021-06-09T13:39:26,1000.0,51.0,B
2021-06-09T13:39:22,200.0,51.0,B
2021-06-09T13:39:21,1000.0,50.9,S
2021-06-09T13:39:17,1000.0,51.0,B
2021-06-09T13:39:16,3400.0,50.9,S
2021-06-09T13:39:12,100.0,51.0,B
2021-06-09T13:39:12,5200.0,51.0,B
2021-06-09T13:39:11,500.0,50.9,S
2021-06-09T13:39:09,3100.0,51.0,B
2021-06-09T13:39:08,6000.0,51.0,B
2021-06-09T13:39:08,500.0,51.0,B
2021-06-09T13:39:08,1700.0,51.0,B
2021-06-09T13:39:08,100.0,51.0,B
2021-06-09T13:39:07,200.0,51.0,B
2021-06-09T13:39:01,100.0,50.9,S
2021-06-09T13:39:01,1000.0,51.0,B
2021-06-09T13:39:01,3000.0,51.0,B
2021-06-09T13:38:59,100.0,50.9,S
2021-06-09T13:38:59,5000.0,50.9,S
2021-06-09T13:38:56,1700.0,51.0,B
2021-06-09T13:38:54,300.0,51.0,B
2021-06-09T13:38:52,500.0,50.9,S
2021-06-09T13:38:52,700.0,50.9,S
2021-06-09T13:38:52,500.0,50.9,S
2021-06-09T13:38:52,300.0,50.9,S
2021-06-09T13:38:52,100.0,51.0,B
2021-06-09T13:38:52,1000.0,51.0,B
2021-06-09T13:38:46,1900.0,51.0,B
2021-06-09T13:38:46,1100.0,51.0,B
2021-06-09T13:38:46,5300.0,51.0,B
2021-06-09T13:38:46,1700.0,51.0,B
2021-06-09T13:38:46,500.0,51.0,B
2021-06-09T13:38:46,1000.0,51.0,B
2021-06-09T13:38:46,50100.0,51.0,B
2021-06-09T13:38:46,10100.0,51.0,B
2021-06-09T13:38:46,10100.0,51.0,B
2021-06-09T13:38:46,1500.0,51.0,B
2021-06-09T13:38:46,16700.0,51.0,B
2021-06-09T13:38:46,300.0,50.9,S
2021-06-09T13:38:43,300.0,50.9,S
2021-06-09T13:38:41,2000.0,51.0,B
2021-06-09T13:38:37,200.0,51.0,B
2021-06-09T13:38:32,300.0,51.0,B
2021-06-09T13:38:32,500.0,51.0,B
2021-06-09T13:38:29,4000.0,50.9,S
2021-06-09T13:38:27,1000.0,51.0,B
2021-06-09T13:38:24,7000.0,51.0,B
2021-06-09T13:38:19,600.0,51.0,B
2021-06-09T13:38:16,500.0,51.0,B
2021-06-09T13:38:12,15700.0,50.8,S
2021-06-09T13:38:12,7200.0,50.9,S
2021-06-09T13:38:11,1400.0,50.9,S
2021-06-09T13:38:11,1400.0,50.9,S
2021-06-09T13:38:11,4300.0,50.9,S
2021-06-09T13:38:07,800.0,50.9,B
2021-06-09T13:38:06,4200.0,50.9,B
2021-06-09T13:38:06,300.0,50.9,B
2021-06-09T13:38:03,500.0,50.9,B
2021-06-09T13:38:01,1000.0,51.0,B
2021-06-09T13:38:00,500.0,51.0,B
2021-06-09T13:37:58,500.0,51.0,B
2021-06-09T13:37:57,5000.0,51.0,B
2021-06-09T13:37:56,500.0,50.9,B
2021-06-09T13:37:49,1400.0,50.9,B
2021-06-09T13:37:49,500.0,50.9,B
2021-06-09T13:37:48,300.0,50.9,B
2021-06-09T13:37:47,100.0,50.9,B
2021-06-09T13:37:46,500.0,50.9,B
2021-06-09T13:37:46,900.0,50.9,B
2021-06-09T13:37:45,500.0,50.9,B
2021-06-09T13:37:45,200.0,50.9,B
2021-06-09T13:37:44,1000.0,50.9,B
2021-06-09T13:37:44,1000.0,50.9,B
2021-06-09T13:37:42,100.0,50.9,B
2021-06-09T13:37:41,500.0,50.9,B
2021-06-09T13:37:41,3000.0,50.9,B
2021-06-09T13:37:39,3300.0,50.9,B
2021-06-09T13:37:37,100.0,50.9,B
2021-06-09T13:37:37,100.0,50.9,B
2021-06-09T13:37:35,200.0,50.9,B
2021-06-09T13:37:34,100.0,50.9,B
2021-06-09T13:37:34,100.0,50.9,B
2021-06-09T13:37:32,600.0,50.9,B
2021-06-09T13:37:31,1000.0,50.9,B
2021-06-09T13:37:29,1000.0,50.9,B
2021-06-09T13:37:27,100.0,50.9,B
2021-06-09T13:37:27,200.0,50.9,B
2021-06-09T13:37:25,200.0,50.9,B
2021-06-09T13:37:23,1400.0,50.9,B
2021-06-09T13:37:23,200.0,50.9,B
2021-06-09T13:37:23,400.0,50.9,B
2021-06-09T13:37:23,100.0,50.9,B
2021-06-09T13:37:22,100.0,50.9,B
2021-06-09T13:37:21,13500.0,50.9,B
2021-06-09T13:37:20,2000.0,50.9,B
2021-06-09T13:37:19,200.0,50.9,B
2021-06-09T13:37:17,300.0,50.9,B
2021-06-09T13:37:17,2100.0,50.9,B
2021-06-09T13:37:15,200.0,50.9,B
2021-06-09T13:37:14,1000.0,50.9,B
2021-06-09T13:37:12,1000.0,50.9,B
2021-06-09T13:37:10,500.0,50.9,B
2021-06-09T13:37:10,100.0,50.9,B
2021-06-09T13:37:10,3000.0,50.9,B
2021-06-09T13:37:09,2300.0,50.9,B
2021-06-09T13:37:07,200.0,50.9,B
2021-06-09T13:37:03,500.0,50.9,B
2021-06-09T13:37:02,500.0,50.9,B
2021-06-09T13:37:01,4900.0,50.9,B
2021-06-09T13:37:00,7700.0,50.9,B
2021-06-09T13:37:00,600.0,50.7,S
2021-06-09T13:37:00,2600.0,50.7,S
2021-06-09T13:37:00,1200.0,50.7,S
2021-06-09T13:37:00,1700.0,50.7,S
2021-06-09T13:37:00,4700.0,50.7,S
2021-06-09T13:37:00,200.0,50.7,S
2021-06-09T13:37:00,5100.0,50.7,S
2021-06-09T13:37:00,2200.0,50.8,S
2021-06-09T13:37:00,1000.0,50.8,S
2021-06-09T13:37:00,900.0,50.8,S
2021-06-09T13:37:00,700.0,50.8,S
2021-06-09T13:37:00,1600.0,50.8,S
2021-06-09T13:37:00,300.0,50.8,S
2021-06-09T13:37:00,300.0,50.8,S
2021-06-09T13:37:00,1900.0,50.8,S
2021-06-09T13:36:59,100.0,50.8,S
2021-06-09T13:36:59,4700.0,50.8,S
2021-06-09T13:36:59,1400.0,50.8,S
2021-06-09T13:36:59,500.0,50.8,S
2021-06-09T13:36:59,5000.0,50.8,S
2021-06-09T13:36:59,100.0,50.8,S
2021-06-09T13:36:59,7600.0,50.8,S
2021-06-09T13:36:59,300.0,50.8,S
2021-06-09T13:36:59,4100.0,50.8,S
2021-06-09T13:36:58,1300.0,50.9,B
2021-06-09T13:36:52,600.0,50.9,B
2021-06-09T13:36:52,500.0,50.9,B
2021-06-09T13:36:51,300.0,50.9,B
2021-06-09T13:36:51,7900.0,50.8,S
2021-06-09T13:36:51,100.0,50.8,S
2021-06-09T13:36:51,100.0,50.8,S
2021-06-09T13:36:51,100.0,50.8,S
2021-06-09T13:36:51,100.0,50.8,S
2021-06-09T13:36:51,1000.0,50.8,S
2021-06-09T13:36:51,400.0,50.8,S
2021-06-09T13:36:51,800.0,50.8,S
2021-06-09T13:36:51,300.0,50.8,S
2021-06-09T13:36:51,2000.0,50.8,S
2021-06-09T13:36:51,500.0,50.8,S
2021-06-09T13:36:51,300.0,50.8,S
2021-06-09T13:36:51,1200.0,50.8,S
2021-06-09T13:36:51,1000.0,50.8,S
2021-06-09T13:36:51,300.0,50.8,S
2021-06-09T13:36:51,900.0,50.8,S
2021-06-09T13:36:51,600.0,50.8,S
2021-06-09T13:36:51,100.0,50.8,S
2021-06-09T13:36:51,2300.0,50.8,S
2021-06-09T13:36:51,10000.0,50.9,B
2021-06-09T13:36:50,500.0,50.9,B
2021-06-09T13:36:49,4200.0,50.9,B
2021-06-09T13:36:49,4700.0,50.8,S
2021-06-09T13:36:48,100.0,50.9,B
2021-06-09T13:36:45,3000.0,50.9,B
2021-06-09T13:36:44,500.0,50.9,B
2021-06-09T13:36:42,100.0,50.8,S
2021-06-09T13:36:36,5100.0,50.9,B
2021-06-09T13:36:35,200.0,50.9,B
2021-06-09T13:36:34,100.0,50.9,B
2021-06-09T13:36:34,1000.0,50.9,B
2021-06-09T13:36:28,1000.0,50.9,B
2021-06-09T13:36:28,3000.0,50.9,B
2021-06-09T13:36:28,4800.0,50.9,B
2021-06-09T13:36:28,1000.0,50.9,B
2021-06-09T13:36:26,400.0,50.9,B
2021-06-09T13:36:25,500.0,50.9,B
2021-06-09T13:36:24,100.0,50.9,B
2021-06-09T13:36:18,400.0,50.9,B
2021-06-09T13:36:17,1000.0,50.9,B
2021-06-09T13:36:14,300.0,50.9,B
2021-06-09T13:36:13,200.0,50.9,B
2021-06-09T13:36:12,100.0,51.0,B
2021-06-09T13:36:11,2000.0,51.0,B
2021-06-09T13:36:11,12300.0,51.0,B
2021-06-09T13:36:11,1800.0,51.0,B
2021-06-09T13:36:11,400.0,51.0,B
2021-06-09T13:36:11,5500.0,51.0,B
2021-06-09T13:36:11,500.0,51.0,B
2021-06-09T13:36:10,2300.0,51.0,B
2021-06-09T13:36:10,1000.0,51.0,B
2021-06-09T13:36:10,1700.0,51.0,B
2021-06-09T13:36:09,20000.0,50.8,S
2021-06-09T13:36:09,1800.0,51.0,B
2021-06-09T13:36:07,10200.0,50.9,B
2021-06-09T13:36:06,1000.0,50.9,B
2021-06-09T13:36:06,1000.0,50.9,B
2021-06-09T13:36:06,1000.0,50.8,S
2021-06-09T13:36:03,300.0,50.9,B
2021-06-09T13:36:03,400.0,50.8,S
2021-06-09T13:36:03,1000.0,50.9,B
2021-06-09T13:36:01,100.0,50.9,B
2021-06-09T13:36:00,100.0,50.9,B
2021-06-09T13:35:59,5000.0,50.9,B
2021-06-09T13:35:59,1000.0,50.9,B
2021-06-09T13:35:54,1000.0,50.9,B
2021-06-09T13:35:54,1000.0,50.9,B
2021-06-09T13:35:53,600.0,50.9,B
2021-06-09T13:35:53,71600.0,50.9,B
2021-06-09T13:35:52,1400.0,50.9,B
2021-06-09T13:35:52,1200.0,50.9,B
2021-06-09T13:35:52,1400.0,50.9,B
2021-06-09T13:35:51,2800.0,50.9,B
2021-06-09T13:35:50,200.0,50.9,B
2021-06-09T13:35:50,500.0,50.9,B
2021-06-09T13:35:50,800.0,50.9,B
2021-06-09T13:35:48,3000.0,50.9,B
2021-06-09T13:35:48,100.0,50.8,S
2021-06-09T13:35:47,1300.0,50.8,S
2021-06-09T13:35:47,900.0,50.8,S
2021-06-09T13:35:46,5500.0,50.8,S
2021-06-09T13:35:46,10000.0,50.9,B
2021-06-09T13:35:45,7000.0,50.9,B
2021-06-09T13:35:44,300.0,50.9,B
2021-06-09T13:35:42,2000.0,50.9,B
2021-06-09T13:35:40,300.0,50.9,B
2021-06-09T13:35:39,200.0,50.9,B
2021-06-09T13:35:39,500.0,50.9,B
2021-06-09T13:35:35,100.0,50.9,B
2021-06-09T13:35:35,1000.0,50.9,B
2021-06-09T13:35:34,200.0,50.9,B
2021-06-09T13:35:34,400.0,50.9,B
2021-06-09T13:35:32,5000.0,50.9,B
2021-06-09T13:35:31,500.0,50.8,S
2021-06-09T13:35:30,700.0,50.8,S
2021-06-09T13:35:30,3300.0,50.8,S
2021-06-09T13:35:30,300.0,50.8,S
2021-06-09T13:35:30,400.0,50.8,S
2021-06-09T13:35:28,8700.0,50.8,S
2021-06-09T13:35:28,200.0,50.9,B
2021-06-09T13:35:23,100.0,50.9,B
2021-06-09T13:35:22,100.0,50.9,B
2021-06-09T13:35:21,100.0,50.8,S
2021-06-09T13:35:19,6900.0,50.8,S
2021-06-09T13:35:18,500.0,50.9,B
2021-06-09T13:35:15,400.0,50.9,B
2021-06-09T13:35:13,2400.0,50.8,S
2021-06-09T13:35:13,800.0,50.8,S
2021-06-09T13:35:13,4500.0,50.8,S
2021-06-09T13:35:11,1000.0,50.9,B
2021-06-09T13:35:11,2000.0,50.9,B
2021-06-09T13:35:07,300.0,50.9,B
2021-06-09T13:35:01,2000.0,50.9,B
2021-06-09T13:34:59,1000.0,50.8,S
2021-06-09T13:34:57,100.0,50.8,S
2021-06-09T13:34:55,200.0,50.9,B
2021-06-09T13:34:52,1500.0,50.8,S
2021-06-09T13:34:52,4700.0,50.8,S
2021-06-09T13:34:47,10000.0,50.8,S
2021-06-09T13:34:46,100000.0,50.8,S
2021-06-09T13:34:44,3000.0,50.8,S
2021-06-09T13:34:42,500.0,50.9,B
2021-06-09T13:34:41,23500.0,50.8,S
2021-06-09T13:34:38,100.0,50.9,B
2021-06-09T13:34:37,5000.0,50.9,B
2021-06-09T13:34:37,125000.0,50.9,B
2021-06-09T13:34:36,20000.0,50.8,S
2021-06-09T13:34:30,1500.0,50.9,B
2021-06-09T13:34:26,400.0,50.8,S
2021-06-09T13:34:24,2000.0,50.8,S
2021-06-09T13:34:24,8100.0,50.9,B
2021-06-09T13:34:15,5300.0,50.8,S
2021-06-09T13:34:14,4700.0,50.8,S
2021-06-09T13:34:11,100.0,50.8,S
2021-06-09T13:34:09,400.0,50.9,B
2021-06-09T13:34:08,1000.0,50.8,S
2021-06-09T13:34:05,300.0,50.9,B
2021-06-09T13:34:03,18200.0,50.8,S
2021-06-09T13:34:01,2000.0,50.8,S
2021-06-09T13:34:00,500.0,50.8,S
2021-06-09T13:33:59,1600.0,50.8,S
2021-06-09T13:33:56,400.0,50.8,S
2021-06-09T13:33:55,200.0,50.8,S
2021-06-09T13:33:52,100.0,50.8,S
2021-06-09T13:33:52,15100.0,50.7,S
2021-06-09T13:33:51,100.0,50.8,S
2021-06-09T13:33:50,3000.0,50.8,S
2021-06-09T13:33:48,500.0,50.8,S
2021-06-09T13:33:48,100.0,50.8,S
2021-06-09T13:33:48,500.0,50.8,S
2021-06-09T13:33:48,1700.0,50.8,S
2021-06-09T13:33:48,2100.0,50.8,S
2021-06-09T13:33:48,1000.0,50.8,S
2021-06-09T13:33:48,15900.0,50.8,S
2021-06-09T13:33:46,100.0,50.8,S
2021-06-09T13:33:45,100.0,50.8,S
2021-06-09T13:33:37,5000.0,50.8,S
2021-06-09T13:33:36,1900.0,50.9,B
2021-06-09T13:33:36,2100.0,50.9,B
2021-06-09T13:33:32,5000.0,50.9,B
2021-06-09T13:33:30,600.0,50.8,B
2021-06-09T13:33:26,500.0,50.8,B
2021-06-09T13:33:24,500.0,50.8,B
2021-06-09T13:33:21,1000.0,50.8,B
2021-06-09T13:33:20,200.0,50.8,B
2021-06-09T13:33:19,1000.0,50.8,B
2021-06-09T13:33:18,2500.0,50.8,B
2021-06-09T13:33:18,2000.0,50.8,B
2021-06-09T13:33:16,300.0,50.8,B
2021-06-09T13:33:11,100.0,50.7,S
2021-06-09T13:33:11,100.0,50.8,B
2021-06-09T13:33:06,100.0,50.8,B
2021-06-09T13:33:05,2800.0,50.8,B
2021-06-09T13:33:05,500.0,50.8,B
2021-06-09T13:33:04,500.0,50.8,B
2021-06-09T13:33:03,100.0,50.8,B
2021-06-09T13:33:03,1200.0,50.8,B
2021-06-09T13:33:01,1000.0,50.8,B
2021-06-09T13:33:01,1300.0,50.8,B
2021-06-09T13:33:01,2000.0,50.8,B
2021-06-09T13:32:56,3000.0,50.8,B
2021-06-09T13:32:54,100.0,50.8,B
2021-06-09T13:32:51,100.0,50.8,B
2021-06-09T13:32:50,300.0,50.8,B
2021-06-09T13:32:50,2400.0,50.8,B
2021-06-09T13:32:50,5200.0,50.8,B
2021-06-09T13:32:50,8100.0,50.8,B
2021-06-09T13:32:50,1300.0,50.8,B
2021-06-09T13:32:50,300.0,50.8,B
2021-06-09T13:32:50,1300.0,50.8,B
2021-06-09T13:32:50,700.0,50.8,B
2021-06-09T13:32:48,700.0,50.8,B
2021-06-09T13:32:47,3000.0,50.8,B
2021-06-09T13:32:45,100.0,50.8,B
2021-06-09T13:32:44,1000.0,50.8,B
2021-06-09T13:32:43,500.0,50.8,B
2021-06-09T13:32:41,3000.0,50.8,B
2021-06-09T13:32:39,200.0,50.7,S
2021-06-09T13:32:36,700.0,50.8,B
2021-06-09T13:32:32,200.0,50.8,B
2021-06-09T13:32:32,100.0,50.8,B
2021-06-09T13:32:32,100.0,50.8,B
2021-06-09T13:32:32,300.0,50.8,B
2021-06-09T13:32:30,10000.0,50.8,B
2021-06-09T13:32:28,200.0,50.8,B
2021-06-09T13:32:25,100.0,50.8,B
2021-06-09T13:32:24,7000.0,50.7,S
2021-06-09T13:32:24,200.0,50.8,B
2021-06-09T13:32:24,1000.0,50.8,B
2021-06-09T13:32:24,500.0,50.8,B
2021-06-09T13:32:21,500.0,50.8,B
2021-06-09T13:32:21,300.0,50.8,B
2021-06-09T13:32:20,100.0,50.8,B
2021-06-09T13:32:17,2000.0,50.8,B
2021-06-09T13:32:17,300.0,50.8,B
2021-06-09T13:32:15,200.0,50.7,S
2021-06-09T13:32:15,1800.0,50.7,S
2021-06-09T13:32:14,4000.0,50.8,B
2021-06-09T13:32:14,400.0,50.8,B
2021-06-09T13:32:12,100.0,50.8,B
2021-06-09T13:32:10,300.0,50.8,B
2021-06-09T13:32:02,2400.0,50.8,B
2021-06-09T13:32:00,100.0,50.7,S
2021-06-09T13:31:59,100.0,50.8,B
2021-06-09T13:31:59,1500.0,50.8,B
2021-06-09T13:31:56,1000.0,50.7,S
2021-06-09T13:31:56,1000.0,50.8,B
2021-06-09T13:31:54,300.0,50.8,B
2021-06-09T13:31:54,500.0,50.8,B
2021-06-09T13:31:54,2000.0,50.8,B
2021-06-09T13:31:53,10000.0,50.8,B
2021-06-09T13:31:51,5500.0,50.8,B
2021-06-09T13:31:51,100.0,50.7,S
2021-06-09T13:31:51,1000.0,50.8,B
2021-06-09T13:31:50,1000.0,50.8,B
2021-06-09T13:31:48,3000.0,50.8,B
2021-06-09T13:31:48,10000.0,50.8,B
2021-06-09T13:31:48,100.0,50.8,B
2021-06-09T13:31:46,1000.0,50.8,B
2021-06-09T13:31:45,1000.0,50.8,B
2021-06-09T13:31:43,200.0,50.7,S
2021-06-09T13:31:43,600.0,50.8,B
2021-06-09T13:31:43,1300.0,50.8,B
2021-06-09T13:31:43,5200.0,50.8,B
2021-06-09T13:31:40,300.0,50.8,B
2021-06-09T13:31:39,100.0,50.8,B
2021-06-09T13:31:38,100.0,50.7,S
2021-06-09T13:31:38,4000.0,50.8,B
2021-06-09T13:31:37,5000.0,50.8,B
2021-06-09T13:31:36,100.0,50.8,B
2021-06-09T13:31:32,11000.0,50.8,B
2021-06-09T13:31:30,1200.0,50.8,B
2021-06-09T13:31:28,2000.0,50.8,B
2021-06-09T13:31:28,5000.0,50.8,B
2021-06-09T13:31:24,300.0,50.8,B
2021-06-09T13:31:23,2000.0,50.8,B
2021-06-09T13:31:22,200.0,50.8,B
2021-06-09T13:31:21,1000.0,50.8,B
2021-06-09T13:31:20,500.0,50.8,B
2021-06-09T13:31:20,300.0,50.8,B
2021-06-09T13:31:19,300.0,50.8,B
2021-06-09T13:31:19,400.0,50.8,B
2021-06-09T13:31:16,3600.0,50.7,S
2021-06-09T13:31:16,300.0,50.7,S
2021-06-09T13:31:16,8000.0,50.7,S
2021-06-09T13:31:16,200.0,50.7,S
2021-06-09T13:31:16,3300.0,50.7,S
2021-06-09T13:31:16,600.0,50.7,S
2021-06-09T13:31:16,2000.0,50.7,S
2021-06-09T13:31:16,17000.0,50.7,S
2021-06-09T13:31:16,1400.0,50.7,S
2021-06-09T13:31:16,100.0,50.7,S
2021-06-09T13:31:16,4200.0,50.7,S
2021-06-09T13:31:16,7000.0,50.7,S
2021-06-09T13:31:16,2300.0,50.7,S
2021-06-09T13:31:15,1700.0,50.7,S
2021-06-09T13:31:15,300.0,50.7,S
2021-06-09T13:31:15,2600.0,50.7,S
2021-06-09T13:31:15,300.0,50.7,S
2021-06-09T13:31:15,300.0,50.7,S
2021-06-09T13:31:15,3300.0,50.7,S
2021-06-09T13:31:15,400.0,50.7,S
2021-06-09T13:31:15,4300.0,50.7,S
2021-06-09T13:31:15,5500.0,50.7,S
2021-06-09T13:31:15,31300.0,50.7,S
2021-06-09T13:31:13,2800.0,50.8,B
2021-06-09T13:31:13,500.0,50.7,S
2021-06-09T13:31:12,1000.0,50.8,B
2021-06-09T13:31:12,3300.0,50.8,B
2021-06-09T13:31:12,16700.0,50.8,B
2021-06-09T13:31:07,10000.0,50.8,B
2021-06-09T13:31:06,500.0,50.8,B
2021-06-09T13:31:03,100.0,50.8,B
2021-06-09T13:31:01,10000.0,50.8,B
2021-06-09T13:31:00,200.0,50.8,B
2021-06-09T13:30:58,200.0,50.8,B
2021-06-09T13:30:57,1000.0,50.8,B
2021-06-09T13:30:55,100.0,50.8,B
2021-06-09T13:30:55,1000.0,50.8,B
2021-06-09T13:30:53,1400.0,50.7,S
2021-06-09T13:30:53,1600.0,50.7,S
2021-06-09T13:30:52,45800.0,50.8,B
2021-06-09T13:30:51,1000.0,50.8,B
2021-06-09T13:30:51,1100.0,50.8,B
2021-06-09T13:30:50,500.0,50.8,B
2021-06-09T13:30:49,400.0,50.8,B
2021-06-09T13:30:49,1000.0,50.8,B
2021-06-09T13:30:47,300.0,50.8,B
2021-06-09T13:30:47,100.0,50.8,B
2021-06-09T13:30:46,600.0,50.8,B
2021-06-09T13:30:46,1000.0,50.8,B
2021-06-09T13:30:46,100.0,50.8,B
2021-06-09T13:30:42,1000.0,50.8,B
2021-06-09T13:30:39,1000.0,50.8,B
2021-06-09T13:30:39,100.0,50.8,B
2021-06-09T13:30:36,800.0,50.8,B
2021-06-09T13:30:35,1100.0,50.8,B
2021-06-09T13:30:33,1000.0,50.8,B
2021-06-09T13:30:32,300.0,50.8,B
2021-06-09T13:30:30,200.0,50.8,B
2021-06-09T13:30:30,7100.0,50.8,B
2021-06-09T13:30:28,2900.0,50.8,B
2021-06-09T13:30:28,300.0,50.8,B
2021-06-09T13:30:28,3000.0,50.8,B
2021-06-09T13:30:26,1500.0,50.8,B
2021-06-09T13:30:26,200.0,50.8,B
2021-06-09T13:30:24,1500.0,50.8,B
2021-06-09T13:30:23,500.0,50.8,B
2021-06-09T13:30:23,100.0,50.8,B
2021-06-09T13:30:20,900.0,50.8,B
2021-06-09T13:30:16,3300.0,50.8,B
2021-06-09T13:30:16,1000.0,50.8,B
2021-06-09T13:30:16,500.0,50.8,B
2021-06-09T13:30:15,500.0,50.8,B
2021-06-09T13:30:15,1300.0,50.7,S
2021-06-09T13:30:14,700.0,50.7,S
2021-06-09T13:30:13,100.0,50.8,B
2021-06-09T13:30:11,5000.0,50.8,B
2021-06-09T13:30:10,100.0,50.8,B
2021-06-09T13:30:09,100.0,50.8,B
2021-06-09T13:29:58,400.0,50.8,B
2021-06-09T13:29:57,4800.0,50.8,B
2021-06-09T13:29:56,100.0,50.8,B
2021-06-09T13:29:56,10000.0,50.8,B
2021-06-09T13:29:54,100.0,50.8,B
2021-06-09T13:29:45,5000.0,50.8,B
2021-06-09T13:29:42,1500.0,50.8,B
2021-06-09T13:29:41,100.0,50.8,B
2021-06-09T13:29:39,100.0,50.8,B
2021-06-09T13:29:38,500.0,50.8,B
2021-06-09T13:29:37,1000.0,50.8,B
2021-06-09T13:29:36,100.0,50.8,B
2021-06-09T13:29:34,300.0,50.7,S
2021-06-09T13:29:34,11100.0,50.7,S
2021-06-09T13:29:34,1300.0,50.7,S
2021-06-09T13:29:34,37300.0,50.7,S
2021-06-09T13:29:34,13100.0,50.7,S
2021-06-09T13:29:34,200.0,50.7,S
2021-06-09T13:29:34,1600.0,50.7,S
2021-06-09T13:29:34,6100.0,50.7,S
2021-06-09T13:29:34,2200.0,50.7,S
2021-06-09T13:29:34,100.0,50.7,S
2021-06-09T13:29:34,5100.0,50.7,S
2021-06-09T13:29:34,6600.0,50.7,S
2021-06-09T13:29:34,900.0,50.7,S
2021-06-09T13:29:34,4000.0,50.7,S
2021-06-09T13:29:33,3300.0,50.7,S
2021-06-09T13:29:33,6800.0,50.7,S
2021-06-09T13:29:33,100.0,50.8,B
2021-06-09T13:29:28,100.0,50.8,B
2021-06-09T13:29:26,500.0,50.8,B
2021-06-09T13:29:26,500.0,50.8,B
2021-06-09T13:29:23,100.0,50.8,B
2021-06-09T13:29:23,300.0,50.8,B
2021-06-09T13:29:21,200.0,50.8,B
2021-06-09T13:29:19,800.0,50.8,B
2021-06-09T13:29:18,2000.0,50.7,S
2021-06-09T13:29:18,1000.0,50.7,S
2021-06-09T13:29:17,300.0,50.8,B
2021-06-09T13:29:16,1000.0,50.8,B
2021-06-09T13:29:15,100.0,50.8,B
2021-06-09T13:29:14,500.0,50.8,B
2021-06-09T13:29:12,200.0,50.8,B
2021-06-09T13:29:12,8000.0,50.8,B
2021-06-09T13:29:09,100.0,50.8,B
2021-06-09T13:29:04,200.0,50.8,B
2021-06-09T13:29:04,400.0,50.8,B
2021-06-09T13:29:04,600.0,50.8,B
2021-06-09T13:29:02,3000.0,50.7,S
2021-06-09T13:29:00,300.0,50.8,B
2021-06-09T13:28:57,100.0,50.8,B
2021-06-09T13:28:56,2000.0,50.8,B
2021-06-09T13:28:52,100.0,50.8,B
2021-06-09T13:28:51,600.0,50.8,B
2021-06-09T13:28:50,5000.0,50.8,B
2021-06-09T13:28:50,500.0,50.7,S
2021-06-09T13:28:46,3000.0,50.7,S
2021-06-09T13:28:44,5000.0,50.8,B
2021-06-09T13:28:42,100.0,50.8,B
2021-06-09T13:28:39,300.0,50.8,B
2021-06-09T13:28:38,300.0,50.7,B
2021-06-09T13:28:37,1100.0,50.8,B
2021-06-09T13:28:31,3500.0,50.8,B
2021-06-09T13:28:29,1000.0,50.8,B
2021-06-09T13:28:29,4000.0,50.7,B
2021-06-09T13:28:28,18000.0,50.8,B
2021-06-09T13:28:23,200.0,50.8,B
2021-06-09T13:28:23,100.0,50.8,B
2021-06-09T13:28:19,200.0,50.8,B
2021-06-09T13:28:18,200.0,50.8,B
2021-06-09T13:28:17,100.0,50.8,B
2021-06-09T13:28:15,1000.0,50.8,B
2021-06-09T13:28:15,3000.0,50.7,B
2021-06-09T13:28:15,100.0,50.8,B
2021-06-09T13:28:14,200.0,50.7,B
2021-06-09T13:28:14,100.0,50.8,B
2021-06-09T13:28:13,9100.0,50.7,B
2021-06-09T13:28:13,600.0,50.7,B
2021-06-09T13:28:13,40300.0,50.7,B
2021-06-09T13:28:12,3000.0,50.8,B
2021-06-09T13:28:11,1500.0,50.8,B
2021-06-09T13:28:10,200.0,50.8,B
2021-06-09T13:28:09,1000.0,50.8,B
2021-06-09T13:28:05,300.0,50.8,B
2021-06-09T13:28:04,3000.0,50.7,B
2021-06-09T13:28:03,200.0,50.8,B
2021-06-09T13:28:01,200.0,50.8,B
2021-06-09T13:28:01,5800.0,50.8,B
2021-06-09T13:27:59,100.0,50.8,B
2021-06-09T13:27:59,400.0,50.8,B
2021-06-09T13:27:54,100.0,50.8,B
2021-06-09T13:27:51,400.0,50.8,B
2021-06-09T13:27:51,100.0,50.8,B
2021-06-09T13:27:50,200.0,50.8,B
2021-06-09T13:27:48,4000.0,50.7,B
2021-06-09T13:27:48,200.0,50.8,B
2021-06-09T13:27:43,500.0,50.8,B
2021-06-09T13:27:31,5000.0,50.8,B
2021-06-09T13:27:29,8800.0,50.7,B
2021-06-09T13:27:29,1200.0,50.7,B
2021-06-09T13:27:26,500.0,50.7,B
2021-06-09T13:27:25,2000.0,50.8,B
2021-06-09T13:27:23,100.0,50.8,B
2021-06-09T13:27:23,100.0,50.8,B
2021-06-09T13:27:23,5000.0,50.7,B
2021-06-09T13:27:22,200.0,50.8,B
2021-06-09T13:27:21,700.0,50.8,B
2021-06-09T13:27:21,100.0,50.8,B
2021-06-09T13:27:20,1400.0,50.8,B
2021-06-09T13:27:18,8500.0,50.7,B
2021-06-09T13:27:18,27800.0,50.7,B
2021-06-09T13:27:18,2300.0,50.7,B
2021-06-09T13:27:18,2800.0,50.7,B
2021-06-09T13:27:18,8600.0,50.7,B
2021-06-09T13:27:13,600.0,50.8,B
2021-06-09T13:27:04,300.0,50.7,B
2021-06-09T13:27:03,500.0,50.7,B
2021-06-09T13:27:03,2000.0,50.7,B
2021-06-09T13:27:01,2000.0,50.8,B
2021-06-09T13:27:01,800.0,50.7,B
2021-06-09T13:27:00,200.0,50.7,B
2021-06-09T13:27:00,600.0,50.7,B
2021-06-09T13:26:59,500.0,50.7,B
2021-06-09T13:26:58,1100.0,50.7,B
2021-06-09T13:26:58,2000.0,50.7,B
2021-06-09T13:26:56,500.0,50.7,B
2021-06-09T13:26:54,1000.0,50.7,B
2021-06-09T13:26:49,5000.0,50.7,B
2021-06-09T13:26:49,3500.0,50.7,B
2021-06-09T13:26:47,5000.0,50.7,B
2021-06-09T13:26:46,1000.0,50.7,B
2021-06-09T13:26:46,100.0,50.7,B
2021-06-09T13:26:46,1000.0,50.7,B
2021-06-09T13:26:45,200.0,50.7,B
2021-06-09T13:26:44,200.0,50.7,B
2021-06-09T13:26:43,5200.0,50.6,S
2021-06-09T13:26:42,500.0,50.7,B
2021-06-09T13:26:39,200.0,50.7,B
2021-06-09T13:26:39,500.0,50.7,B
2021-06-09T13:26:39,500.0,50.7,B
2021-06-09T13:26:39,50000.0,50.7,B
2021-06-09T13:26:38,1500.0,50.7,B
2021-06-09T13:26:38,300.0,50.7,B
2021-06-09T13:26:35,100.0,50.7,B
2021-06-09T13:26:34,7000.0,50.7,B
2021-06-09T13:26:27,20000.0,50.7,B
2021-06-09T13:26:27,2400.0,50.7,B
2021-06-09T13:26:26,5000.0,50.7,B
2021-06-09T13:26:25,500.0,50.7,B
2021-06-09T13:26:24,400.0,50.7,B
2021-06-09T13:26:23,4000.0,50.6,S
2021-06-09T13:26:23,1000.0,50.7,B
2021-06-09T13:26:21,1000.0,50.7,B
2021-06-09T13:26:19,200.0,50.7,B
2021-06-09T13:26:16,2000.0,50.7,B
2021-06-09T13:26:16,1800.0,50.7,B
2021-06-09T13:26:15,400.0,50.7,B
2021-06-09T13:26:13,100.0,50.7,B
2021-06-09T13:26:12,3000.0,50.7,B
2021-06-09T13:26:12,10000.0,50.7,B
2021-06-09T13:26:10,2000.0,50.7,B
2021-06-09T13:26:09,100.0,50.7,B
2021-06-09T13:26:07,1300.0,50.7,B
2021-06-09T13:26:06,200.0,50.7,B
2021-06-09T13:26:06,3000.0,50.6,S
2021-06-09T13:26:05,3000.0,50.7,B
2021-06-09T13:26:05,500.0,50.7,B
2021-06-09T13:26:04,2000.0,50.7,B
2021-06-09T13:26:03,1600.0,50.7,B
2021-06-09T13:25:59,200.0,50.7,B
2021-06-09T13:25:57,1000.0,50.7,B
2021-06-09T13:25:55,500.0,50.7,B
2021-06-09T13:25:52,400.0,50.7,B
2021-06-09T13:25:50,5000.0,50.6,S
2021-06-09T13:25:48,700.0,50.7,B
2021-06-09T13:25:48,2000.0,50.7,B
2021-06-09T13:25:48,200.0,50.7,B
2021-06-09T13:25:47,500.0,50.7,B
2021-06-09T13:25:45,1000.0,50.7,B
2021-06-09T13:25:45,3000.0,50.7,B
2021-06-09T13:25:41,1000.0,50.7,B
2021-06-09T13:25:40,600.0,50.7,B
2021-06-09T13:25:38,300.0,50.7,B
2021-06-09T13:25:38,5000.0,50.7,B
2021-06-09T13:25:38,100.0,50.7,B
2021-06-09T13:25:36,10000.0,50.7,B
2021-06-09T13:25:33,6000.0,50.7,B
2021-06-09T13:25:33,200.0,50.7,B
2021-06-09T13:25:33,5000.0,50.6,S
2021-06-09T13:25:32,1000.0,50.7,B
2021-06-09T13:25:32,200.0,50.7,B
2021-06-09T13:25:31,3000.0,50.7,B
2021-06-09T13:25:30,300.0,50.7,B
2021-06-09T13:25:29,1000.0,50.7,B
2021-06-09T13:25:28,300.0,50.7,B
2021-06-09T13:25:27,4000.0,50.7,B
2021-06-09T13:25:27,500.0,50.7,B
2021-06-09T13:25:27,100.0,50.7,B
2021-06-09T13:25:25,1000.0,50.7,B
2021-06-09T13:25:23,200.0,50.7,B
2021-06-09T13:25:21,5000.0,50.7,B
2021-06-09T13:25:20,2000.0,50.7,B
2021-06-09T13:25:20,2000.0,50.7,B
2021-06-09T13:25:19,2000.0,50.7,B
2021-06-09T13:25:18,100.0,50.7,B
2021-06-09T13:25:17,6000.0,50.6,S
2021-06-09T13:25:17,1000.0,50.7,B
2021-06-09T13:25:14,2000.0,50.7,B
2021-06-09T13:25:14,500.0,50.7,B
2021-06-09T13:25:13,100.0,50.7,B
2021-06-09T13:25:12,100.0,50.7,B
2021-06-09T13:25:10,400.0,50.7,B
2021-06-09T13:25:10,5200.0,50.7,B
2021-06-09T13:25:09,300.0,50.7,B
2021-06-09T13:25:09,600.0,50.7,B
2021-06-09T13:25:05,100.0,50.7,B
2021-06-09T13:25:03,5000.0,50.6,S
2021-06-09T13:25:02,1000.0,50.7,B
2021-06-09T13:25:02,200.0,50.7,B
2021-06-09T13:25:01,3700.0,50.7,B
2021-06-09T13:25:00,2000.0,50.7,B
2021-06-09T13:24:53,100.0,50.7,B
2021-06-09T13:24:53,100.0,50.7,B
2021-06-09T13:24:52,100.0,50.7,B
2021-06-09T13:24:51,100.0,50.7,B
2021-06-09T13:24:51,2800.0,50.7,B
2021-06-09T13:24:51,2300.0,50.7,B
2021-06-09T13:24:50,500.0,50.7,B
2021-06-09T13:24:50,100.0,50.7,B
2021-06-09T13:24:50,200.0,50.7,B
2021-06-09T13:24:50,400.0,50.7,B
2021-06-09T13:24:49,500.0,50.7,B
2021-06-09T13:24:49,400.0,50.7,B
2021-06-09T13:24:49,100.0,50.7,B
2021-06-09T13:24:49,100.0,50.7,B
2021-06-09T13:24:48,100.0,50.7,B
2021-06-09T13:24:48,2600.0,50.7,B
2021-06-09T13:24:46,3100.0,50.7,B
2021-06-09T13:24:45,4500.0,50.7,B
2021-06-09T13:24:42,5000.0,50.7,B
2021-06-09T13:24:42,3000.0,50.7,B
2021-06-09T13:24:41,1500.0,50.7,B
2021-06-09T13:24:40,1000.0,50.7,B
2021-06-09T13:24:38,100.0,50.7,B
2021-06-09T13:24:37,100.0,50.7,B
2021-06-09T13:24:35,200.0,50.7,B
2021-06-09T13:24:35,1400.0,50.7,B
2021-06-09T13:24:34,300.0,50.7,B
2021-06-09T13:24:34,500.0,50.7,B
2021-06-09T13:24:34,300.0,50.7,B
2021-06-09T13:24:33,5000.0,50.6,S
2021-06-09T13:24:32,5000.0,50.7,B
2021-06-09T13:24:30,500.0,50.7,B
2021-06-09T13:24:29,1000.0,50.7,B
2021-06-09T13:24:28,1500.0,50.7,B
2021-06-09T13:24:27,1000.0,50.7,B
2021-06-09T13:24:27,1000.0,50.7,B
2021-06-09T13:24:27,300.0,50.7,B
2021-06-09T13:24:26,7000.0,50.7,B
2021-06-09T13:24:25,1000.0,50.7,B
2021-06-09T13:24:24,100.0,50.7,B
2021-06-09T13:24:22,10500.0,50.7,B
2021-06-09T13:24:21,15100.0,50.7,B
2021-06-09T13:24:20,1600.0,50.7,B
2021-06-09T13:24:18,400.0,50.7,B
2021-06-09T13:24:17,100.0,50.7,B
2021-06-09T13:24:17,2000.0,50.7,B
2021-06-09T13:24:17,100.0,50.7,B
2021-06-09T13:24:14,1000.0,50.7,B
2021-06-09T13:24:10,700.0,50.7,B
2021-06-09T13:24:07,300.0,50.7,B
2021-06-09T13:24:02,100.0,50.7,B
2021-06-09T13:24:02,5000.0,50.7,B
2021-06-09T13:24:02,100.0,50.7,B
2021-06-09T13:24:02,200.0,50.6,S
2021-06-09T13:24:02,1200.0,50.6,S
2021-06-09T13:24:02,1100.0,50.6,S
2021-06-09T13:24:02,2500.0,50.6,S
2021-06-09T13:24:01,16700.0,50.7,B
2021-06-09T13:24:00,1000.0,50.7,B
2021-06-09T13:23:58,600.0,50.7,B
2021-06-09T13:23:57,500.0,50.7,B
2021-06-09T13:23:49,500.0,50.7,B
2021-06-09T13:23:47,6000.0,50.7,B
2021-06-09T13:23:47,4600.0,50.7,B
2021-06-09T13:23:47,100.0,50.7,B
2021-06-09T13:23:47,300.0,50.7,B
2021-06-09T13:23:46,13000.0,50.7,B
2021-06-09T13:23:42,2700.0,50.6,S
2021-06-09T13:23:42,1300.0,50.6,S
2021-06-09T13:23:42,1800.0,50.7,B
2021-06-09T13:23:36,1000.0,50.7,B
2021-06-09T13:23:36,100.0,50.7,B
2021-06-09T13:23:32,10000.0,50.7,B
2021-06-09T13:23:29,100.0,50.7,B
2021-06-09T13:23:21,100.0,50.7,B
2021-06-09T13:23:18,2800.0,50.6,S
2021-06-09T13:23:18,1200.0,50.6,S
2021-06-09T13:23:17,100.0,50.6,S
2021-06-09T13:23:16,200.0,50.7,B
2021-06-09T13:23:14,2000.0,50.7,B
2021-06-09T13:23:09,600.0,50.7,B
2021-06-09T13:23:09,100.0,50.7,B
2021-06-09T13:23:07,100.0,50.7,B
2021-06-09T13:23:06,900.0,50.7,B
2021-06-09T13:23:05,100.0,50.7,B
2021-06-09T13:23:05,200.0,50.7,B
2021-06-09T13:23:04,100.0,50.7,B
2021-06-09T13:23:04,4100.0,50.7,B
2021-06-09T13:23:03,300.0,50.6,S
2021-06-09T13:23:03,2800.0,50.6,S
2021-06-09T13:23:03,900.0,50.6,S
2021-06-09T13:23:01,100.0,50.7,B
2021-06-09T13:23:01,100.0,50.7,B
2021-06-09T13:23:01,100.0,50.7,B
2021-06-09T13:22:54,11200.0,50.7,B
2021-06-09T13:22:52,100.0,50.7,B
2021-06-09T13:22:51,12000.0,50.7,B
2021-06-09T13:22:50,600.0,50.7,B
2021-06-09T13:22:48,200.0,50.7,B
2021-06-09T13:22:48,1000.0,50.7,B
2021-06-09T13:22:45,4000.0,50.6,S
2021-06-09T13:22:45,1100.0,50.7,B
2021-06-09T13:22:45,5000.0,50.7,B
2021-06-09T13:22:38,400.0,50.7,B
2021-06-09T13:22:36,500.0,50.7,B
2021-06-09T13:22:35,1000.0,50.7,B
2021-06-09T13:22:34,2000.0,50.7,B
2021-06-09T13:22:32,1000.0,50.7,B
2021-06-09T13:22:32,4000.0,50.6,S
2021-06-09T13:22:30,2000.0,50.7,B
2021-06-09T13:22:26,300.0,50.7,B
2021-06-09T13:22:26,2100.0,50.5,S
2021-06-09T13:22:26,100.0,50.5,S
2021-06-09T13:22:26,100.0,50.5,S
2021-06-09T13:22:26,11300.0,50.5,S
2021-06-09T13:22:26,11500.0,50.5,S
2021-06-09T13:22:26,10600.0,50.6,S
2021-06-09T13:22:26,4400.0,50.6,S
2021-06-09T13:22:26,5100.0,50.6,S
2021-06-09T13:22:26,2900.0,50.6,S
2021-06-09T13:22:25,1700.0,50.6,S
2021-06-09T13:22:22,1000.0,50.7,B
2021-06-09T13:22:20,900.0,50.6,S
2021-06-09T13:22:17,300.0,50.7,B
2021-06-09T13:22:15,100.0,50.7,B
2021-06-09T13:22:14,3000.0,50.7,B
2021-06-09T13:22:14,5000.0,50.6,B
2021-06-09T13:22:05,50000.0,50.7,B
2021-06-09T13:22:04,100.0,50.7,B
2021-06-09T13:22:04,100.0,50.7,B
2021-06-09T13:22:03,100.0,50.7,B
2021-06-09T13:22:01,3000.0,50.6,B
2021-06-09T13:21:56,1900.0,50.6,B
2021-06-09T13:21:54,100.0,50.7,B
2021-06-09T13:21:50,300.0,50.6,B
2021-06-09T13:21:50,3800.0,50.7,B
2021-06-09T13:21:49,5000.0,50.6,B
2021-06-09T13:21:49,10600.0,50.6,B
2021-06-09T13:21:49,300.0,50.6,B
2021-06-09T13:21:49,1700.0,50.6,B
2021-06-09T13:21:49,200.0,50.6,B
2021-06-09T13:21:47,200.0,50.6,B
2021-06-09T13:21:47,2000.0,50.6,B
2021-06-09T13:21:47,200.0,50.6,B
2021-06-09T13:21:47,101000.0,50.6,B
2021-06-09T13:21:47,1500.0,50.6,B
2021-06-09T13:21:47,400.0,50.6,B
2021-06-09T13:21:47,2000.0,50.6,B
2021-06-09T13:21:47,5000.0,50.6,B
2021-06-09T13:21:47,900.0,50.6,B
2021-06-09T13:21:47,5000.0,50.6,B
2021-06-09T13:21:47,8400.0,50.6,B
2021-06-09T13:21:42,3500.0,50.6,B
2021-06-09T13:21:38,10300.0,50.6,B
2021-06-09T13:21:38,1000.0,50.6,B
2021-06-09T13:21:38,5000.0,50.6,B
2021-06-09T13:21:34,1200.0,50.6,B
2021-06-09T13:21:33,1000.0,50.6,B
2021-06-09T13:21:32,400.0,50.6,B
2021-06-09T13:21:32,400.0,50.6,B
2021-06-09T13:21:32,2600.0,50.6,B
2021-06-09T13:21:32,200.0,50.6,B
2021-06-09T13:21:30,3000.0,50.5,S
2021-06-09T13:21:28,2000.0,50.6,B
2021-06-09T13:21:26,100.0,50.6,B
2021-06-09T13:21:26,3800.0,50.6,B
2021-06-09T13:21:25,100.0,50.6,B
2021-06-09T13:21:19,100.0,50.6,B
2021-06-09T13:21:17,100.0,50.6,B
2021-06-09T13:21:17,100.0,50.6,B
2021-06-09T13:21:17,100.0,50.6,B
2021-06-09T13:21:17,100.0,50.6,B
2021-06-09T13:21:14,100.0,50.6,B
2021-06-09T13:21:13,1000.0,50.6,B
2021-06-09T13:21:13,200.0,50.6,B
2021-06-09T13:21:13,1000.0,50.6,B
2021-06-09T13:21:08,2500.0,50.6,B
2021-06-09T13:21:08,3000.0,50.5,S
2021-06-09T13:21:04,100.0,50.6,B
2021-06-09T13:21:03,500.0,50.6,B
2021-06-09T13:21:02,400.0,50.6,B
2021-06-09T13:21:01,1000.0,50.6,B
2021-06-09T13:21:00,2500.0,50.6,B
2021-06-09T13:21:00,3100.0,50.6,B
2021-06-09T13:20:59,100.0,50.6,B
2021-06-09T13:20:58,50000.0,50.6,B
2021-06-09T13:20:58,1000.0,50.6,B
2021-06-09T13:20:58,2000.0,50.6,B
2021-06-09T13:20:56,4000.0,50.5,S
2021-06-09T13:20:55,100.0,50.6,B
2021-06-09T13:20:53,200.0,50.6,B
2021-06-09T13:20:53,200.0,50.6,B
2021-06-09T13:20:50,100.0,50.6,B
2021-06-09T13:20:48,1600.0,50.6,B
2021-06-09T13:20:46,500.0,50.6,B
2021-06-09T13:20:46,1400.0,50.5,S
2021-06-09T13:20:46,3600.0,50.5,S
2021-06-09T13:20:45,2000.0,50.6,B
2021-06-09T13:20:45,400.0,50.6,B
2021-06-09T13:20:41,1000.0,50.6,B
2021-06-09T13:20:39,200.0,50.6,B
2021-06-09T13:20:29,100.0,50.6,B
2021-06-09T13:20:26,300.0,50.6,B
2021-06-09T13:20:24,2000.0,50.6,B
2021-06-09T13:20:12,200.0,50.6,B
2021-06-09T13:20:10,2000.0,50.5,S
2021-06-09T13:20:09,500.0,50.6,B
2021-06-09T13:20:07,500.0,50.6,B
2021-06-09T13:20:03,100.0,50.6,B
2021-06-09T13:20:03,200.0,50.5,S
2021-06-09T13:20:01,3000.0,50.6,B
2021-06-09T13:19:58,1000.0,50.6,B
2021-06-09T13:19:55,700.0,50.6,B
2021-06-09T13:19:55,4300.0,50.6,B
2021-06-09T13:19:54,100.0,50.6,B
2021-06-09T13:19:49,200.0,50.5,S
2021-06-09T13:19:49,1800.0,50.5,S
2021-06-09T13:19:43,50000.0,50.6,B
2021-06-09T13:19:41,1000.0,50.6,B
2021-06-09T13:19:40,300.0,50.6,B
2021-06-09T13:19:34,100.0,50.6,B
2021-06-09T13:19:32,200.0,50.5,S
2021-06-09T13:19:30,1200.0,50.6,B
2021-06-09T13:19:28,2000.0,50.5,S
2021-06-09T13:19:21,300.0,50.6,B
2021-06-09T13:19:18,100.0,50.6,B
2021-06-09T13:19:04,2000.0,50.5,S
2021-06-09T13:19:04,3800.0,50.6,B
2021-06-09T13:18:59,2700.0,50.4,S
2021-06-09T13:18:59,2300.0,50.5,S
2021-06-09T13:18:56,6400.0,50.6,B
2021-06-09T13:18:55,1600.0,50.5,S
2021-06-09T13:18:50,10400.0,50.4,S
2021-06-09T13:18:50,3800.0,50.4,S
2021-06-09T13:18:50,3600.0,50.4,S
2021-06-09T13:18:50,2000.0,50.4,S
2021-06-09T13:18:50,1100.0,50.4,S
2021-06-09T13:18:50,200.0,50.4,S
2021-06-09T13:18:50,100.0,50.4,S
2021-06-09T13:18:50,7100.0,50.4,S
2021-06-09T13:18:50,1000.0,50.4,S
2021-06-09T13:18:50,200.0,50.4,S
2021-06-09T13:18:50,2000.0,50.4,S
2021-06-09T13:18:50,100.0,50.4,S
2021-06-09T13:18:50,2500.0,50.4,S
2021-06-09T13:18:50,2100.0,50.5,B
2021-06-09T13:18:50,100.0,50.5,B
2021-06-09T13:18:49,13700.0,50.5,B
2021-06-09T13:18:49,12000.0,50.5,B
2021-06-09T13:18:49,300.0,50.5,B
2021-06-09T13:18:49,37700.0,50.5,B
2021-06-09T13:18:47,3000.0,50.5,B
2021-06-09T13:18:44,100.0,50.5,B
2021-06-09T13:18:43,200.0,50.6,B
2021-06-09T13:18:40,100.0,50.6,B
2021-06-09T13:18:37,10000.0,50.6,B
2021-06-09T13:18:28,100.0,50.6,B
2021-06-09T13:18:26,5000.0,50.5,B
2021-06-09T13:18:23,500.0,50.5,B
2021-06-09T13:18:22,1000.0,50.6,B
2021-06-09T13:18:18,500.0,50.5,B
2021-06-09T13:18:16,300.0,50.5,B
2021-06-09T13:18:16,300.0,50.5,B
2021-06-09T13:18:16,10000.0,50.5,B
2021-06-09T13:18:16,3100.0,50.5,B
2021-06-09T13:18:16,2600.0,50.5,B
2021-06-09T13:18:16,1500.0,50.5,B
2021-06-09T13:18:16,4200.0,50.5,B
2021-06-09T13:18:16,800.0,50.5,B
2021-06-09T13:18:16,7400.0,50.5,B
2021-06-09T13:18:16,1000.0,50.5,B
2021-06-09T13:18:16,100.0,50.5,B
2021-06-09T13:18:16,3100.0,50.5,B
2021-06-09T13:18:16,35500.0,50.5,B
2021-06-09T13:18:14,500.0,50.5,B
2021-06-09T13:18:12,10000.0,50.5,B
2021-06-09T13:18:11,1200.0,50.4,S
2021-06-09T13:18:10,3000.0,50.4,S
2021-06-09T13:18:10,500.0,50.5,B
2021-06-09T13:18:09,100.0,50.5,B
2021-06-09T13:18:09,1000.0,50.5,B
2021-06-09T13:18:07,100.0,50.5,B
2021-06-09T13:18:07,3800.0,50.5,B
2021-06-09T13:18:06,1000.0,50.5,B
2021-06-09T13:18:04,3000.0,50.5,B
2021-06-09T13:18:03,1500.0,50.5,B
2021-06-09T13:18:03,100.0,50.5,B
2021-06-09T13:18:00,1000.0,50.5,B
2021-06-09T13:17:59,100.0,50.5,B
2021-06-09T13:17:56,800.0,50.5,B
2021-06-09T13:17:55,1000.0,50.5,B
2021-06-09T13:17:53,4500.0,50.5,B
2021-06-09T13:17:52,1000.0,50.5,B
2021-06-09T13:17:51,600.0,50.5,B
2021-06-09T13:17:49,100.0,50.5,B
2021-06-09T13:17:48,100.0,50.5,B
2021-06-09T13:17:48,300.0,50.5,B
2021-06-09T13:17:44,100.0,50.5,B
2021-06-09T13:17:43,1000.0,50.5,B
2021-06-09T13:17:40,500.0,50.5,B
2021-06-09T13:17:38,5000.0,50.4,S
2021-06-09T13:17:38,200.0,50.5,B
2021-06-09T13:17:35,1000.0,50.5,B
2021-06-09T13:17:31,400.0,50.5,B
2021-06-09T13:17:31,1100.0,50.5,B
2021-06-09T13:17:29,1000.0,50.4,S
2021-06-09T13:17:28,500.0,50.5,B
2021-06-09T13:17:27,1000.0,50.4,S
2021-06-09T13:17:23,100.0,50.5,B
2021-06-09T13:17:22,3000.0,50.4,S
2021-06-09T13:17:21,500.0,50.5,B
2021-06-09T13:17:19,5000.0,50.5,B
2021-06-09T13:17:18,300.0,50.5,B
2021-06-09T13:17:17,1000.0,50.5,B
2021-06-09T13:17:16,500.0,50.5,B
2021-06-09T13:17:15,1000.0,50.5,B
2021-06-09T13:17:14,200.0,50.5,B
2021-06-09T13:17:14,400.0,50.5,B
2021-06-09T13:17:13,6100.0,50.5,B
2021-06-09T13:17:13,1000.0,50.5,B
2021-06-09T13:17:12,1000.0,50.5,B
2021-06-09T13:17:11,100.0,50.5,B
2021-06-09T13:17:11,1400.0,50.5,B
2021-06-09T13:17:11,22900.0,50.5,B
2021-06-09T13:17:11,2000.0,50.5,B
2021-06-09T13:17:10,300.0,50.5,B
2021-06-09T13:17:10,1500.0,50.5,B
2021-06-09T13:17:10,11500.0,50.5,B
2021-06-09T13:17:10,2500.0,50.5,B
2021-06-09T13:17:10,2100.0,50.5,B
2021-06-09T13:17:10,2600.0,50.5,B
2021-06-09T13:17:10,7200.0,50.5,B
2021-06-09T13:17:10,2400.0,50.5,B
2021-06-09T13:17:09,100.0,50.5,B
2021-06-09T13:17:09,3000.0,50.4,S
2021-06-09T13:17:08,100.0,50.4,S
2021-06-09T13:17:07,200.0,50.5,B
2021-06-09T13:17:05,900.0,50.5,B
2021-06-09T13:17:05,1100.0,50.5,B
2021-06-09T13:17:04,700.0,50.5,B
2021-06-09T13:17:03,300.0,50.5,B
2021-06-09T13:17:03,500.0,50.5,B
2021-06-09T13:17:02,3000.0,50.5,B
2021-06-09T13:17:02,1000.0,50.5,B
2021-06-09T13:17:01,100.0,50.5,B
2021-06-09T13:17:01,100.0,50.5,B
2021-06-09T13:17:00,1000.0,50.5,B
2021-06-09T13:17:00,1000.0,50.5,B
2021-06-09T13:16:53,2000.0,50.5,B
2021-06-09T13:16:51,4000.0,50.4,S
2021-06-09T13:16:51,1500.0,50.5,B
2021-06-09T13:16:48,2000.0,50.5,B
2021-06-09T13:16:43,800.0,50.5,B
2021-06-09T13:16:43,500.0,50.5,B
2021-06-09T13:16:43,5000.0,50.5,B
2021-06-09T13:16:42,1000.0,50.5,B
2021-06-09T13:16:42,200.0,50.5,B
2021-06-09T13:16:40,20100.0,50.5,B
2021-06-09T13:16:40,100.0,50.5,B
2021-06-09T13:16:39,200.0,50.5,B
2021-06-09T13:16:38,1600.0,50.5,B
2021-06-09T13:16:38,2200.0,50.5,B
2021-06-09T13:16:35,5000.0,50.5,B
2021-06-09T13:16:34,100.0,50.5,B
2021-06-09T13:16:34,100.0,50.5,B
2021-06-09T13:16:33,100.0,50.5,B
2021-06-09T13:16:33,1000.0,50.5,B
2021-06-09T13:16:33,200.0,50.5,B
2021-06-09T13:16:32,900.0,50.5,B
2021-06-09T13:16:31,300.0,50.5,B
2021-06-09T13:16:31,200.0,50.5,B
2021-06-09T13:16:25,500.0,50.5,B
2021-06-09T13:16:23,6300.0,50.5,B
2021-06-09T13:16:23,2500.0,50.5,B
2021-06-09T13:16:23,1600.0,50.5,B
2021-06-09T13:16:22,9600.0,50.5,B
2021-06-09T13:16:19,200.0,50.5,B
2021-06-09T13:16:16,3700.0,50.5,B
2021-06-09T13:16:14,1400.0,50.5,B
2021-06-09T13:16:12,200.0,50.5,B
2021-06-09T13:16:11,200.0,50.5,B
2021-06-09T13:16:04,300.0,50.5,B
2021-06-09T13:16:03,300.0,50.5,B
2021-06-09T13:16:02,1400.0,50.5,B
2021-06-09T13:16:02,1900.0,50.5,B
2021-06-09T13:16:02,3700.0,50.5,B
2021-06-09T13:15:58,3200.0,50.5,B
2021-06-09T13:15:58,400.0,50.5,B
2021-06-09T13:15:56,800.0,50.5,B
2021-06-09T13:15:53,5200.0,50.5,B
2021-06-09T13:15:53,500.0,50.5,B
2021-06-09T13:15:52,200.0,50.5,B
2021-06-09T13:15:52,200.0,50.5,B
2021-06-09T13:15:51,100.0,50.5,B
2021-06-09T13:15:50,2200.0,50.5,B
2021-06-09T13:15:49,100.0,50.5,B
2021-06-09T13:15:46,100.0,50.5,B
2021-06-09T13:15:46,600.0,50.5,B
2021-06-09T13:15:45,200.0,50.5,B
2021-06-09T13:15:40,100.0,50.5,B
2021-06-09T13:15:40,3000.0,50.5,B
2021-06-09T13:15:38,100.0,50.5,B
2021-06-09T13:15:38,10000.0,50.5,B
2021-06-09T13:15:35,2000.0,50.5,B
2021-06-09T13:15:35,100.0,50.5,B
2021-06-09T13:15:28,1000.0,50.5,B
2021-06-09T13:15:27,200.0,50.5,B
2021-06-09T13:15:26,200.0,50.5,B
2021-06-09T13:15:26,500.0,50.5,B
2021-06-09T13:15:22,1400.0,50.5,B
2021-06-09T13:15:21,100.0,50.5,B
2021-06-09T13:15:16,2000.0,50.5,B
2021-06-09T13:15:15,1000.0,50.5,B
2021-06-09T13:15:13,500.0,50.5,B
2021-06-09T13:15:12,200.0,50.4,S
2021-06-09T13:15:10,1000.0,50.5,B
2021-06-09T13:15:08,1000.0,50.5,B
2021-06-09T13:15:07,500.0,50.5,B
2021-06-09T13:15:03,1000.0,50.5,B
2021-06-09T13:14:58,1000.0,50.5,B
2021-06-09T13:14:58,200.0,50.5,B
2021-06-09T13:14:48,300.0,50.5,B
2021-06-09T13:14:38,300.0,50.5,B
2021-06-09T13:14:36,100.0,50.5,B
2021-06-09T13:14:35,300.0,50.5,B
2021-06-09T13:14:35,3100.0,50.5,B
2021-06-09T13:14:30,200.0,50.5,B
2021-06-09T13:14:30,500.0,50.5,B
2021-06-09T13:14:30,100.0,50.5,B
2021-06-09T13:14:27,500.0,50.5,B
2021-06-09T13:14:22,500.0,50.5,B
2021-06-09T13:14:22,300.0,50.5,B
2021-06-09T13:14:16,6000.0,50.5,B
2021-06-09T13:14:11,8700.0,50.5,B
2021-06-09T13:14:05,100.0,50.5,B
2021-06-09T13:14:02,500.0,50.5,B
2021-06-09T13:14:01,2000.0,50.5,B
2021-06-09T13:13:55,300.0,50.5,B
2021-06-09T13:13:52,500.0,50.5,B
2021-06-09T13:13:48,300.0,50.5,B
2021-06-09T13:13:47,100.0,50.5,B
2021-06-09T13:13:42,1000.0,50.5,B
2021-06-09T13:13:40,1000.0,50.5,B
2021-06-09T13:13:39,100.0,50.5,B
2021-06-09T13:13:36,500.0,50.5,B
2021-06-09T13:13:34,300.0,50.5,B
2021-06-09T13:13:31,1000.0,50.5,B
2021-06-09T13:13:26,100.0,50.5,B
2021-06-09T13:13:26,10000.0,50.5,B
2021-06-09T13:13:20,300.0,50.5,B
2021-06-09T13:13:17,1000.0,50.5,B
2021-06-09T13:13:12,1000.0,50.5,B
2021-06-09T13:13:10,6000.0,50.5,B
2021-06-09T13:13:08,800.0,50.5,B
2021-06-09T13:13:04,300.0,50.5,B
2021-06-09T13:13:03,700.0,50.5,B
2021-06-09T13:13:01,600.0,50.5,B
2021-06-09T13:12:55,100.0,50.4,S
2021-06-09T13:12:53,5000.0,50.4,S
2021-06-09T13:12:46,500.0,50.5,B
2021-06-09T13:12:44,500.0,50.5,B
2021-06-09T13:12:42,300.0,50.4,S
2021-06-09T13:12:40,1000.0,50.5,B
2021-06-09T13:12:27,500.0,50.5,B
2021-06-09T13:12:25,6000.0,50.3,S
2021-06-09T13:12:21,26000.0,50.5,B
2021-06-09T13:12:17,9600.0,50.5,B
2021-06-09T13:12:15,100.0,50.4,S
2021-06-09T13:12:13,5000.0,50.5,B
2021-06-09T13:12:12,200.0,50.5,B
2021-06-09T13:12:09,5000.0,50.5,B
2021-06-09T13:12:08,700.0,50.5,B
2021-06-09T13:11:52,100.0,50.5,B
2021-06-09T13:11:49,200.0,50.5,B
2021-06-09T13:11:45,10000.0,50.5,B
2021-06-09T13:11:43,1000.0,50.4,B
2021-06-09T13:11:43,500.0,50.4,B
2021-06-09T13:11:42,400.0,50.4,B
2021-06-09T13:11:40,500.0,50.4,B
2021-06-09T13:11:40,1000.0,50.4,B
2021-06-09T13:11:39,2000.0,50.4,B
2021-06-09T13:11:39,300.0,50.4,B
2021-06-09T13:11:39,3000.0,50.4,B
2021-06-09T13:11:29,100.0,50.5,B
2021-06-09T13:11:24,16100.0,50.5,B
2021-06-09T13:11:24,1200.0,50.5,B
2021-06-09T13:11:23,29700.0,50.5,B
2021-06-09T13:11:20,100.0,50.4,B
2021-06-09T13:11:18,100.0,50.4,B
2021-06-09T13:11:17,100.0,50.4,B
2021-06-09T13:11:16,500.0,50.4,B
2021-06-09T13:11:14,1300.0,50.4,B
2021-06-09T13:11:12,1000.0,50.4,B
2021-06-09T13:11:11,3000.0,50.4,B
2021-06-09T13:11:11,1000.0,50.4,B
2021-06-09T13:11:10,3000.0,50.4,B
2021-06-09T13:11:09,200.0,50.4,B
2021-06-09T13:11:07,100.0,50.4,B
2021-06-09T13:10:59,5100.0,50.4,B
2021-06-09T13:10:57,1300.0,50.3,S
2021-06-09T13:10:57,1000.0,50.4,B
2021-06-09T13:10:56,100.0,50.4,B
2021-06-09T13:10:51,2000.0,50.4,B
2021-06-09T13:10:49,500.0,50.4,B
2021-06-09T13:10:49,500.0,50.4,B
2021-06-09T13:10:49,300.0,50.4,B
2021-06-09T13:10:45,1000.0,50.4,B
2021-06-09T13:10:45,500.0,50.4,B
2021-06-09T13:10:45,100.0,50.4,B
2021-06-09T13:10:40,3000.0,50.4,B
2021-06-09T13:10:39,6800.0,50.4,B
2021-06-09T13:10:38,3000.0,50.4,B
2021-06-09T13:10:37,500.0,50.4,B
2021-06-09T13:10:36,1000.0,50.4,B
2021-06-09T13:10:35,500.0,50.4,B
2021-06-09T13:10:33,400.0,50.4,B
2021-06-09T13:10:30,1000.0,50.4,B
2021-06-09T13:10:28,2000.0,50.4,B
2021-06-09T13:10:26,900.0,50.4,B
2021-06-09T13:10:25,1000.0,50.4,B
2021-06-09T13:10:24,300.0,50.4,B
2021-06-09T13:10:20,100.0,50.4,S
2021-06-09T13:10:17,100.0,50.4,S
2021-06-09T13:10:17,1000.0,50.4,S
2021-06-09T13:10:15,10000.0,50.4,S
2021-06-09T13:10:14,17600.0,50.4,S
2021-06-09T13:10:14,500.0,50.5,B
2021-06-09T13:10:08,2600.0,50.5,B
2021-06-09T13:10:05,5000.0,50.4,S
2021-06-09T13:10:02,47000.0,50.5,B
2021-06-09T13:10:01,100.0,50.5,B
2021-06-09T13:09:59,1300.0,50.4,S
2021-06-09T13:09:53,200.0,50.5,B
2021-06-09T13:09:47,200.0,50.4,B
2021-06-09T13:09:47,800.0,50.4,B
2021-06-09T13:09:47,6300.0,50.4,B
2021-06-09T13:09:47,1000.0,50.4,B
2021-06-09T13:09:45,1000.0,50.4,B
2021-06-09T13:09:45,200.0,50.4,B
2021-06-09T13:09:43,10000.0,50.4,B
2021-06-09T13:09:42,100.0,50.4,B
2021-06-09T13:09:41,11900.0,50.4,B
2021-06-09T13:09:41,200.0,50.4,B
2021-06-09T13:09:39,1000.0,50.4,B
2021-06-09T13:09:39,1000.0,50.4,B
2021-06-09T13:09:37,200.0,50.4,B
2021-06-09T13:09:37,1600.0,50.4,B
2021-06-09T13:09:34,400.0,50.4,B
2021-06-09T13:09:34,200.0,50.4,B
2021-06-09T13:09:34,4000.0,50.4,B
2021-06-09T13:09:33,10000.0,50.4,B
2021-06-09T13:09:33,6000.0,50.3,S
2021-06-09T13:09:33,200.0,50.4,B
2021-06-09T13:09:31,500.0,50.4,B
2021-06-09T13:09:29,3000.0,50.4,B
2021-06-09T13:09:28,1000.0,50.4,B
2021-06-09T13:09:28,6000.0,50.4,B
2021-06-09T13:09:27,5000.0,50.4,B
2021-06-09T13:09:25,900.0,50.3,S
2021-06-09T13:09:25,7000.0,50.4,B
2021-06-09T13:09:22,100.0,50.4,B
2021-06-09T13:09:22,300.0,50.4,B
2021-06-09T13:09:22,100.0,50.4,B
2021-06-09T13:09:20,500.0,50.4,B
2021-06-09T13:09:19,1000.0,50.4,B
2021-06-09T13:09:18,5000.0,50.3,S
2021-06-09T13:09:18,100.0,50.4,B
2021-06-09T13:09:15,1000.0,50.4,B
2021-06-09T13:09:13,27600.0,50.4,B
2021-06-09T13:09:13,6000.0,50.4,B
2021-06-09T13:09:13,30100.0,50.4,B
2021-06-09T13:09:13,1800.0,50.4,B
2021-06-09T13:09:13,2500.0,50.4,B
2021-06-09T13:09:12,2400.0,50.4,B
2021-06-09T13:09:10,1000.0,50.4,B
2021-06-09T13:09:06,100.0,50.4,B
2021-06-09T13:09:06,2900.0,50.4,B
2021-06-09T13:09:06,200.0,50.4,B
2021-06-09T13:09:05,1200.0,50.4,B
2021-06-09T13:09:05,3600.0,50.4,B
2021-06-09T13:09:02,5100.0,50.4,B
2021-06-09T13:09:02,10000.0,50.4,B
2021-06-09T13:08:57,8000.0,50.3,S
2021-06-09T13:08:55,1000.0,50.4,B
2021-06-09T13:08:54,37400.0,50.4,B
2021-06-09T13:08:52,500.0,50.4,B
2021-06-09T13:08:49,1000.0,50.4,B
2021-06-09T13:08:47,5000.0,50.4,B
2021-06-09T13:08:40,4000.0,50.4,B
2021-06-09T13:08:38,6900.0,50.4,B
2021-06-09T13:08:38,100.0,50.4,B
2021-06-09T13:08:38,1100.0,50.4,B
2021-06-09T13:08:37,1800.0,50.4,B
2021-06-09T13:08:35,1000.0,50.4,B
2021-06-09T13:08:34,7000.0,50.3,S
2021-06-09T13:08:31,100.0,50.4,B
2021-06-09T13:08:26,2600.0,50.4,B
2021-06-09T13:08:25,100.0,50.4,B
2021-06-09T13:08:23,100.0,50.4,B
2021-06-09T13:08:21,1000.0,50.4,B
2021-06-09T13:08:20,500.0,50.4,B
2021-06-09T13:08:20,500.0,50.4,B
2021-06-09T13:08:20,6000.0,50.3,S
2021-06-09T13:08:18,500.0,50.3,S
2021-06-09T13:08:17,7300.0,50.4,B
2021-06-09T13:08:14,100.0,50.4,B
2021-06-09T13:08:13,100.0,50.4,B
2021-06-09T13:08:11,11200.0,50.4,B
2021-06-09T13:08:11,35800.0,50.4,B
2021-06-09T13:08:01,10000.0,50.4,B
2021-06-09T13:07:59,6000.0,50.3,S
2021-06-09T13:07:56,300.0,50.4,B
2021-06-09T13:07:54,2000.0,50.4,B
2021-06-09T13:07:51,200.0,50.4,B
2021-06-09T13:07:46,2000.0,50.4,B
2021-06-09T13:07:46,1100.0,50.4,B
2021-06-09T13:07:45,200.0,50.4,B
2021-06-09T13:07:43,7000.0,50.3,S
2021-06-09T13:07:37,2400.0,50.3,S
2021-06-09T13:07:33,300.0,50.4,B
2021-06-09T13:07:23,2900.0,50.2,S
2021-06-09T13:07:23,1300.0,50.3,S
2021-06-09T13:07:23,2800.0,50.3,S
2021-06-09T13:07:16,13900.0,50.4,B
2021-06-09T13:07:14,47300.0,50.3,B
2021-06-09T13:07:11,300.0,50.3,B
2021-06-09T13:07:10,500.0,50.3,B
2021-06-09T13:07:05,8000.0,50.2,S
2021-06-09T13:07:00,200.0,50.3,B
2021-06-09T13:06:59,500.0,50.3,B
2021-06-09T13:06:56,100.0,50.3,B
2021-06-09T13:06:56,600.0,50.3,B
2021-06-09T13:06:55,100.0,50.3,B
2021-06-09T13:06:49,6000.0,50.1,S
2021-06-09T13:06:45,700.0,50.3,B
2021-06-09T13:06:45,800.0,50.3,B
2021-06-09T13:06:45,200.0,50.3,B
2021-06-09T13:06:45,200.0,50.3,B
2021-06-09T13:06:41,11300.0,50.3,B
2021-06-09T13:06:36,500.0,50.3,B
2021-06-09T13:06:33,200.0,50.3,B
2021-06-09T13:06:32,3800.0,50.3,B
2021-06-09T13:06:30,400.0,50.1,S
2021-06-09T13:06:30,5600.0,50.1,S
2021-06-09T13:06:29,2000.0,50.2,S
2021-06-09T13:06:29,2100.0,50.2,S
2021-06-09T13:06:27,100.0,50.2,S
2021-06-09T13:06:26,500.0,50.3,B
2021-06-09T13:06:24,10000.0,50.3,B
2021-06-09T13:06:22,600.0,50.3,B
2021-06-09T13:06:09,3600.0,50.3,B
2021-06-09T13:06:09,200.0,50.3,B
2021-06-09T13:06:07,1800.0,50.3,B
2021-06-09T13:06:07,1000.0,50.3,B
2021-06-09T13:06:06,600.0,50.3,B
