tradingTime,volume,price,side
2021-06-09T14:30:04,100.0,35.65,S
2021-06-09T14:30:04,500.0,35.7,B
2021-06-09T14:29:54,1400.0,35.6,S
2021-06-09T14:29:54,1100.0,35.65,S
2021-06-09T14:29:43,2000.0,35.65,S
2021-06-09T14:29:16,500.0,35.65,S
2021-06-09T14:29:13,500.0,35.65,S
2021-06-09T14:29:00,1400.0,35.7,B
2021-06-09T14:28:57,100.0,35.7,B
2021-06-09T14:28:56,2500.0,35.65,S
2021-06-09T14:28:24,100.0,35.65,S
2021-06-09T14:28:00,100.0,35.65,S
2021-06-09T14:27:59,500.0,35.65,S
2021-06-09T14:27:28,2300.0,35.65,S
2021-06-09T14:27:21,200.0,35.65,S
2021-06-09T14:27:21,200.0,35.65,S
2021-06-09T14:27:18,2300.0,35.65,S
2021-06-09T14:26:30,1000.0,35.65,B
2021-06-09T14:26:08,2000.0,35.65,B
2021-06-09T14:25:34,2000.0,35.65,B
2021-06-09T14:25:28,500.0,35.65,B
2021-06-09T14:25:13,3200.0,35.7,B
2021-06-09T14:25:13,21800.0,35.7,B
2021-06-09T14:23:50,300.0,35.65,B
2021-06-09T14:23:50,900.0,35.6,S
2021-06-09T14:23:50,3100.0,35.6,S
2021-06-09T14:23:43,200.0,35.65,B
2021-06-09T14:23:27,500.0,35.65,B
2021-06-09T14:23:19,100.0,35.6,S
2021-06-09T14:23:04,2200.0,35.65,B
2021-06-09T14:22:45,3000.0,35.65,B
2021-06-09T14:22:10,100.0,35.65,B
2021-06-09T14:21:36,100.0,35.65,B
2021-06-09T14:21:35,500.0,35.65,B
2021-06-09T14:21:25,300.0,35.6,S
2021-06-09T14:20:51,2900.0,35.6,S
2021-06-09T14:20:03,500.0,35.6,S
2021-06-09T14:19:19,2500.0,35.6,S
2021-06-09T14:18:57,500.0,35.65,S
2021-06-09T14:18:42,500.0,35.65,S
2021-06-09T14:18:41,1000.0,35.65,S
2021-06-09T14:18:40,400.0,35.65,S
2021-06-09T14:18:35,100.0,35.65,S
2021-06-09T14:18:34,100.0,35.65,S
2021-06-09T14:18:28,500.0,35.65,S
2021-06-09T14:18:09,2000.0,35.65,S
2021-06-09T14:17:25,500.0,35.65,S
2021-06-09T14:17:18,100.0,35.7,B
2021-06-09T14:16:39,200.0,35.65,S
2021-06-09T14:16:34,300.0,35.7,S
2021-06-09T14:16:32,700.0,35.7,S
2021-06-09T14:16:26,300.0,35.65,S
2021-06-09T14:16:25,300.0,35.65,S
2021-06-09T14:16:05,600.0,35.6,S
2021-06-09T14:16:01,400.0,35.65,S
2021-06-09T14:15:45,400.0,35.7,S
2021-06-09T14:15:39,1000.0,35.65,S
2021-06-09T14:15:38,200.0,35.65,S
2021-06-09T14:15:35,500.0,35.65,S
2021-06-09T14:15:19,2000.0,35.65,S
2021-06-09T14:14:56,1400.0,35.65,S
2021-06-09T14:14:56,4600.0,35.65,S
2021-06-09T14:14:19,200.0,35.7,S
2021-06-09T14:14:10,100.0,35.65,S
2021-06-09T14:14:01,200.0,35.8,B
2021-06-09T14:14:00,400.0,35.65,S
2021-06-09T14:13:29,8000.0,35.65,S
2021-06-09T14:13:24,100.0,35.75,B
2021-06-09T14:13:21,100.0,35.75,B
2021-06-09T14:13:15,100.0,35.75,S
2021-06-09T14:13:03,10000.0,35.65,S
2021-06-09T14:13:01,100.0,35.75,S
2021-06-09T14:13:00,200.0,35.8,B
2021-06-09T14:12:59,100.0,35.75,S
2021-06-09T14:12:40,200.0,35.8,B
2021-06-09T14:12:11,1800.0,35.7,S
2021-06-09T14:12:01,100.0,35.8,B
2021-06-09T14:11:45,1200.0,35.7,S
2021-06-09T14:11:45,1100.0,35.7,S
2021-06-09T14:11:45,500.0,35.7,S
2021-06-09T14:11:45,800.0,35.7,S
2021-06-09T14:11:45,600.0,35.7,S
2021-06-09T14:11:45,1600.0,35.7,S
2021-06-09T14:11:45,23000.0,35.7,S
2021-06-09T14:11:28,100.0,35.8,S
2021-06-09T14:11:25,2000.0,35.75,S
2021-06-09T14:11:17,100.0,35.8,S
2021-06-09T14:11:03,500.0,35.8,S
2021-06-09T14:10:35,1000.0,35.8,S
2021-06-09T14:10:30,600.0,35.9,B
2021-06-09T14:10:10,2000.0,35.8,S
2021-06-09T14:10:05,1100.0,35.9,B
2021-06-09T14:09:59,5000.0,35.9,B
2021-06-09T14:09:52,1200.0,35.7,S
2021-06-09T14:09:52,1000.0,35.75,S
2021-06-09T14:09:52,800.0,35.75,S
2021-06-09T14:09:50,100.0,35.8,S
2021-06-09T14:09:43,100.0,35.9,B
2021-06-09T14:09:02,100.0,35.9,B
2021-06-09T14:08:58,200.0,35.75,S
2021-06-09T14:08:30,300.0,35.9,B
2021-06-09T14:07:23,24100.0,35.7,S
2021-06-09T14:07:18,1000.0,35.75,S
2021-06-09T14:07:18,200.0,35.95,B
2021-06-09T14:06:59,200.0,35.7,S
2021-06-09T14:06:54,2000.0,35.7,S
2021-06-09T14:06:38,1500.0,35.75,S
2021-06-09T14:06:14,200.0,35.75,S
2021-06-09T14:06:02,4000.0,35.7,S
2021-06-09T14:05:57,300.0,35.75,S
2021-06-09T14:05:57,1100.0,35.75,S
2021-06-09T14:05:57,500.0,35.75,S
2021-06-09T14:05:57,300.0,35.75,S
2021-06-09T14:05:57,4500.0,35.8,S
2021-06-09T14:05:56,1000.0,35.8,S
2021-06-09T14:05:41,100.0,35.8,S
2021-06-09T14:05:30,3900.0,35.8,S
2021-06-09T14:05:30,500.0,35.8,S
2021-06-09T14:05:30,5600.0,35.9,S
2021-06-09T14:05:11,500.0,36.0,S
2021-06-09T14:05:00,200.0,36.0,S
2021-06-09T14:04:52,2000.0,36.0,S
2021-06-09T14:04:43,11300.0,36.0,S
2021-06-09T14:04:43,100.0,36.0,S
2021-06-09T14:04:43,700.0,36.0,S
2021-06-09T14:04:43,11900.0,36.0,S
2021-06-09T14:04:27,200.0,36.0,S
2021-06-09T14:04:27,1000.0,36.0,S
2021-06-09T14:04:24,800.0,36.0,S
2021-06-09T14:03:54,200.0,36.0,S
2021-06-09T14:03:37,4200.0,36.0,S
2021-06-09T14:03:37,1700.0,36.0,S
2021-06-09T14:03:37,100.0,36.0,S
2021-06-09T14:03:37,1700.0,36.0,S
2021-06-09T14:03:37,3600.0,36.0,S
2021-06-09T14:03:37,2000.0,36.0,S
2021-06-09T14:03:37,2600.0,36.0,S
2021-06-09T14:03:37,1700.0,36.0,S
2021-06-09T14:03:37,2400.0,36.0,S
2021-06-09T14:03:33,4000.0,36.15,S
2021-06-09T14:03:31,900.0,36.0,S
2021-06-09T14:03:24,2000.0,36.0,S
2021-06-09T14:03:19,1000.0,36.15,S
2021-06-09T14:03:07,1000.0,36.15,S
2021-06-09T14:03:00,200.0,36.0,S
2021-06-09T14:03:00,900.0,36.0,S
2021-06-09T14:03:00,1300.0,36.0,S
2021-06-09T14:03:00,1400.0,36.0,S
2021-06-09T14:03:00,1700.0,36.0,S
2021-06-09T14:03:00,6500.0,36.1,S
2021-06-09T14:03:00,500.0,36.1,S
2021-06-09T14:02:59,1000.0,36.1,S
2021-06-09T14:02:59,2100.0,36.15,S
2021-06-09T14:02:59,200.0,36.15,S
2021-06-09T14:02:59,8600.0,36.15,S
2021-06-09T14:02:54,100.0,36.2,B
2021-06-09T14:02:49,1000.0,36.2,S
2021-06-09T14:02:42,10000.0,36.15,S
2021-06-09T14:02:42,500.0,36.2,S
2021-06-09T14:02:25,1100.0,36.3,B
2021-06-09T14:02:25,100.0,36.2,S
2021-06-09T14:02:20,10300.0,36.15,S
2021-06-09T14:02:20,2000.0,36.2,S
2021-06-09T14:02:20,7700.0,36.2,S
2021-06-09T14:02:17,100.0,36.2,S
2021-06-09T14:02:10,5000.0,36.2,S
2021-06-09T14:02:06,200.0,36.2,S
2021-06-09T14:02:01,200.0,36.2,S
2021-06-09T14:01:59,800.0,36.2,S
2021-06-09T14:01:59,200.0,36.2,S
2021-06-09T14:01:31,100.0,36.2,S
2021-06-09T14:01:27,500.0,36.3,B
2021-06-09T14:01:25,200.0,36.2,S
2021-06-09T14:01:25,300.0,36.2,S
2021-06-09T14:01:25,5500.0,36.2,S
2021-06-09T14:01:12,500.0,36.3,B
2021-06-09T14:01:12,100.0,36.25,S
2021-06-09T14:01:12,500.0,36.25,S
2021-06-09T14:00:58,100.0,36.3,B
2021-06-09T14:00:48,500.0,36.2,S
2021-06-09T14:00:30,5000.0,36.2,S
2021-06-09T14:00:22,700.0,36.3,B
2021-06-09T14:00:12,900.0,36.2,S
2021-06-09T14:00:11,20000.0,36.2,S
2021-06-09T13:59:51,100.0,36.3,S
2021-06-09T13:59:45,300.0,36.3,S
2021-06-09T13:59:23,1200.0,36.2,S
2021-06-09T13:59:23,100.0,36.2,S
2021-06-09T13:59:22,3700.0,36.2,S
2021-06-09T13:59:19,4100.0,36.3,S
2021-06-09T13:59:19,200.0,36.3,S
2021-06-09T13:59:19,3700.0,36.3,S
2021-06-09T13:59:13,5000.0,36.4,B
2021-06-09T13:59:00,500.0,36.3,B
2021-06-09T13:58:56,600.0,36.4,B
2021-06-09T13:58:45,5000.0,36.4,B
2021-06-09T13:58:39,2000.0,36.3,B
2021-06-09T13:58:33,1100.0,36.35,B
2021-06-09T13:58:10,300.0,36.3,B
2021-06-09T13:57:52,1000.0,36.3,B
2021-06-09T13:57:51,200.0,36.35,B
2021-06-09T13:57:42,6200.0,36.3,B
2021-06-09T13:57:42,600.0,36.3,B
2021-06-09T13:57:41,12100.0,36.3,B
2021-06-09T13:56:37,200.0,36.2,S
2021-06-09T13:56:22,100.0,36.3,B
2021-06-09T13:55:53,3000.0,36.2,S
2021-06-09T13:55:46,100.0,36.2,S
2021-06-09T13:55:41,6500.0,36.2,S
2021-06-09T13:55:25,20000.0,36.2,S
2021-06-09T13:55:19,1000.0,36.3,B
2021-06-09T13:55:05,400.0,36.2,S
2021-06-09T13:54:55,9500.0,36.3,B
2021-06-09T13:54:53,100.0,36.3,B
2021-06-09T13:54:48,1000.0,36.3,B
2021-06-09T13:54:43,1000.0,36.3,B
2021-06-09T13:54:23,10000.0,36.3,B
2021-06-09T13:54:05,500.0,36.2,S
2021-06-09T13:54:02,300.0,36.2,S
2021-06-09T13:54:00,200.0,36.3,B
2021-06-09T13:53:58,29200.0,36.2,S
2021-06-09T13:53:58,10800.0,36.2,S
2021-06-09T13:53:54,100.0,36.25,S
2021-06-09T13:53:32,7000.0,36.3,B
2021-06-09T13:53:24,1600.0,36.3,B
2021-06-09T13:53:17,100.0,36.3,B
2021-06-09T13:52:44,5000.0,36.3,B
2021-06-09T13:52:33,1000.0,36.2,S
2021-06-09T13:52:22,3800.0,36.2,B
2021-06-09T13:52:14,10000.0,36.3,B
2021-06-09T13:51:47,1000.0,36.2,B
2021-06-09T13:51:33,1200.0,36.3,B
2021-06-09T13:51:33,3800.0,36.25,B
2021-06-09T13:51:31,1100.0,36.2,B
2021-06-09T13:51:25,500.0,36.2,B
2021-06-09T13:51:05,200.0,36.2,B
2021-06-09T13:50:58,100.0,36.15,S
2021-06-09T13:50:37,4000.0,36.2,B
2021-06-09T13:50:37,6000.0,36.2,B
2021-06-09T13:50:36,2100.0,36.2,B
2021-06-09T13:50:35,100.0,36.2,B
2021-06-09T13:50:25,500.0,36.2,B
2021-06-09T13:50:18,300.0,36.2,B
2021-06-09T13:50:15,500.0,36.2,B
2021-06-09T13:50:09,700.0,36.2,B
2021-06-09T13:50:06,500.0,36.2,B
2021-06-09T13:50:01,200.0,36.2,B
2021-06-09T13:49:55,1000.0,36.2,B
2021-06-09T13:49:54,7000.0,36.2,B
2021-06-09T13:49:52,200.0,36.2,B
2021-06-09T13:49:52,4700.0,36.2,B
2021-06-09T13:49:51,1000.0,36.2,B
2021-06-09T13:49:48,1000.0,36.2,B
2021-06-09T13:49:36,3000.0,36.2,B
2021-06-09T13:49:31,200.0,36.2,B
2021-06-09T13:49:31,1500.0,36.2,B
2021-06-09T13:49:28,3000.0,36.2,B
2021-06-09T13:49:20,100.0,36.2,B
2021-06-09T13:49:11,200.0,36.2,B
2021-06-09T13:49:11,5000.0,36.2,B
2021-06-09T13:49:09,800.0,36.2,B
2021-06-09T13:49:00,2000.0,36.2,B
2021-06-09T13:48:51,500.0,36.2,B
2021-06-09T13:48:47,500.0,36.2,B
2021-06-09T13:48:39,200.0,36.2,B
2021-06-09T13:48:36,9500.0,36.2,B
2021-06-09T13:48:36,800.0,36.2,B
2021-06-09T13:48:35,100.0,36.15,S
2021-06-09T13:48:29,1000.0,36.2,B
2021-06-09T13:48:14,1000.0,36.2,B
2021-06-09T13:48:08,200.0,36.2,B
2021-06-09T13:48:06,500.0,36.2,B
2021-06-09T13:48:03,300.0,36.2,B
2021-06-09T13:47:49,2700.0,36.2,B
2021-06-09T13:47:44,100.0,36.15,B
2021-06-09T13:47:39,200.0,36.15,B
2021-06-09T13:47:37,100.0,36.2,B
2021-06-09T13:47:37,500.0,36.2,B
2021-06-09T13:47:37,200.0,36.2,B
2021-06-09T13:47:30,100.0,36.15,B
2021-06-09T13:47:16,11500.0,36.15,B
2021-06-09T13:47:16,4200.0,36.15,B
2021-06-09T13:47:12,200.0,36.15,B
2021-06-09T13:47:00,100.0,36.15,B
2021-06-09T13:46:51,2000.0,36.15,B
2021-06-09T13:46:48,2200.0,36.1,B
2021-06-09T13:46:48,1000.0,36.1,B
2021-06-09T13:46:37,8000.0,36.15,B
2021-06-09T13:46:37,100.0,36.1,B
2021-06-09T13:46:31,2200.0,36.1,B
2021-06-09T13:46:27,2000.0,36.1,B
2021-06-09T13:46:24,1900.0,36.1,B
2021-06-09T13:46:17,700.0,36.0,S
2021-06-09T13:46:17,2300.0,36.0,S
2021-06-09T13:45:42,500.0,36.1,B
2021-06-09T13:45:34,500.0,36.1,B
2021-06-09T13:45:34,400.0,36.1,B
2021-06-09T13:45:16,2400.0,36.1,B
2021-06-09T13:45:11,1000.0,36.1,B
2021-06-09T13:45:04,18500.0,36.1,B
2021-06-09T13:44:59,2000.0,36.1,B
2021-06-09T13:44:59,100.0,36.05,B
2021-06-09T13:44:51,100.0,36.05,B
2021-06-09T13:44:39,100.0,36.05,B
2021-06-09T13:44:26,200.0,36.0,S
2021-06-09T13:44:16,5000.0,36.1,B
2021-06-09T13:44:01,100.0,36.05,B
2021-06-09T13:43:57,1300.0,36.0,S
2021-06-09T13:43:56,500.0,36.05,B
2021-06-09T13:43:39,500.0,36.0,S
2021-06-09T13:43:38,100.0,36.0,S
2021-06-09T13:43:38,200.0,36.05,B
2021-06-09T13:43:31,1100.0,36.05,B
2021-06-09T13:42:50,200.0,36.0,S
2021-06-09T13:42:50,2000.0,36.05,B
2021-06-09T13:42:25,1300.0,36.0,S
2021-06-09T13:42:16,200.0,36.05,B
2021-06-09T13:42:02,200.0,36.0,B
2021-06-09T13:42:00,5000.0,36.0,B
2021-06-09T13:41:59,600.0,36.0,B
2021-06-09T13:41:57,300.0,36.0,B
2021-06-09T13:41:52,700.0,36.0,B
2021-06-09T13:41:51,300.0,36.0,B
2021-06-09T13:41:40,1800.0,36.0,B
2021-06-09T13:41:39,4200.0,36.0,B
2021-06-09T13:41:39,600.0,36.0,B
2021-06-09T13:41:39,2600.0,36.0,B
2021-06-09T13:41:39,1200.0,36.0,B
2021-06-09T13:41:39,10100.0,36.0,B
2021-06-09T13:41:39,300.0,36.0,B
2021-06-09T13:41:39,15000.0,36.0,B
2021-06-09T13:41:27,2000.0,36.0,B
2021-06-09T13:41:21,1000.0,36.0,B
2021-06-09T13:41:08,3000.0,36.0,B
2021-06-09T13:41:05,1000.0,36.0,B
2021-06-09T13:41:04,12100.0,36.0,B
2021-06-09T13:40:59,200.0,36.0,B
2021-06-09T13:40:59,2000.0,36.0,B
2021-06-09T13:40:57,8000.0,36.0,B
2021-06-09T13:40:56,200.0,36.0,B
2021-06-09T13:40:53,2000.0,36.0,B
2021-06-09T13:40:52,100.0,36.0,B
2021-06-09T13:40:48,4000.0,36.0,B
2021-06-09T13:40:48,200.0,36.0,B
2021-06-09T13:40:44,500.0,36.0,B
2021-06-09T13:40:31,1000.0,36.0,B
2021-06-09T13:40:27,9000.0,36.0,B
2021-06-09T13:40:26,500.0,36.0,B
2021-06-09T13:40:17,100000.0,36.0,B
2021-06-09T13:40:09,3000.0,36.0,B
2021-06-09T13:40:08,10000.0,36.0,B
2021-06-09T13:40:07,2000.0,36.0,B
2021-06-09T13:40:04,300.0,36.0,B
2021-06-09T13:39:46,200.0,35.9,S
2021-06-09T13:39:38,1000.0,36.0,B
2021-06-09T13:39:37,100.0,36.0,B
2021-06-09T13:39:36,1300.0,35.9,S
2021-06-09T13:39:35,200.0,36.0,B
2021-06-09T13:39:32,100.0,36.0,B
2021-06-09T13:39:22,600.0,36.0,B
2021-06-09T13:39:19,12000.0,36.0,B
2021-06-09T13:39:15,1500.0,36.0,B
2021-06-09T13:39:13,4800.0,36.0,B
2021-06-09T13:39:07,1000.0,35.9,S
2021-06-09T13:39:05,500.0,36.0,B
2021-06-09T13:39:05,1000.0,36.0,B
2021-06-09T13:39:05,1000.0,36.0,B
2021-06-09T13:38:49,300.0,36.0,B
2021-06-09T13:38:41,100.0,36.0,B
2021-06-09T13:38:39,2000.0,36.0,B
2021-06-09T13:38:39,2000.0,36.0,B
2021-06-09T13:38:37,200.0,36.0,B
2021-06-09T13:38:32,28600.0,36.0,B
2021-06-09T13:38:21,500.0,36.0,B
2021-06-09T13:38:18,13800.0,36.0,B
2021-06-09T13:38:18,1200.0,36.0,B
2021-06-09T13:38:13,500.0,36.0,B
2021-06-09T13:38:10,500.0,36.0,B
2021-06-09T13:38:09,200.0,36.0,B
2021-06-09T13:38:02,500.0,36.0,B
2021-06-09T13:37:55,100.0,36.0,B
2021-06-09T13:37:51,4200.0,35.8,S
2021-06-09T13:37:51,800.0,35.9,B
2021-06-09T13:37:51,5000.0,35.95,B
2021-06-09T13:37:45,10000.0,36.0,B
2021-06-09T13:37:44,200.0,36.0,B
2021-06-09T13:37:35,2100.0,36.0,B
2021-06-09T13:37:35,100.0,36.0,B
2021-06-09T13:37:30,100.0,36.0,B
2021-06-09T13:37:30,100.0,36.0,B
2021-06-09T13:37:26,200.0,36.0,B
2021-06-09T13:37:22,300.0,36.0,B
2021-06-09T13:37:10,17700.0,36.0,B
2021-06-09T13:37:10,600.0,36.0,B
2021-06-09T13:37:10,6700.0,36.0,B
2021-06-09T13:37:10,5400.0,36.0,B
2021-06-09T13:37:10,4200.0,36.0,B
2021-06-09T13:37:10,3300.0,36.0,B
2021-06-09T13:37:10,51300.0,36.0,B
2021-06-09T13:37:10,100.0,36.0,B
2021-06-09T13:37:09,100.0,36.0,B
2021-06-09T13:37:09,4600.0,36.0,B
2021-06-09T13:37:09,20000.0,35.95,B
2021-06-09T13:36:55,100.0,36.0,B
2021-06-09T13:36:55,25000.0,36.0,B
2021-06-09T13:36:55,200.0,36.0,B
2021-06-09T13:36:55,3700.0,36.0,B
2021-06-09T13:36:55,10100.0,36.0,B
2021-06-09T13:36:55,6500.0,36.0,B
2021-06-09T13:36:55,300.0,36.0,B
2021-06-09T13:36:55,20000.0,35.95,B
2021-06-09T13:36:55,1100.0,35.95,B
2021-06-09T13:36:55,1200.0,35.95,B
2021-06-09T13:36:55,3100.0,35.9,B
2021-06-09T13:36:55,6500.0,35.9,B
2021-06-09T13:36:55,1000.0,35.9,B
2021-06-09T13:36:53,21200.0,35.9,B
2021-06-09T13:36:49,1300.0,35.8,S
2021-06-09T13:36:45,100.0,35.9,B
2021-06-09T13:36:43,1000.0,35.9,B
2021-06-09T13:36:27,30000.0,35.9,B
2021-06-09T13:36:03,100.0,35.8,B
2021-06-09T13:35:56,2000.0,35.9,B
2021-06-09T13:35:52,3600.0,35.9,B
2021-06-09T13:35:46,200.0,35.8,B
2021-06-09T13:35:31,1300.0,35.75,S
2021-06-09T13:35:11,6000.0,35.9,B
2021-06-09T13:35:11,100.0,35.8,B
2021-06-09T13:35:11,1000.0,35.8,B
2021-06-09T13:35:11,300.0,35.8,B
2021-06-09T13:35:11,3100.0,35.8,B
2021-06-09T13:35:11,400.0,35.8,B
2021-06-09T13:35:11,4100.0,35.8,B
2021-06-09T13:35:07,500.0,35.8,B
2021-06-09T13:35:07,1000.0,35.8,B
2021-06-09T13:34:52,1300.0,35.75,S
2021-06-09T13:34:38,5000.0,35.8,B
2021-06-09T13:34:37,300.0,35.8,B
2021-06-09T13:34:36,300.0,35.8,B
2021-06-09T13:34:35,300.0,35.75,S
2021-06-09T13:34:30,500.0,35.8,B
2021-06-09T13:34:21,100.0,35.75,S
2021-06-09T13:34:18,1000.0,35.8,B
2021-06-09T13:34:15,200.0,35.8,B
2021-06-09T13:34:14,1300.0,35.75,S
2021-06-09T13:34:13,500.0,35.8,B
2021-06-09T13:34:11,2000.0,35.8,B
2021-06-09T13:34:11,300.0,35.8,B
2021-06-09T13:34:09,1000.0,35.8,B
2021-06-09T13:34:04,100.0,35.8,B
2021-06-09T13:34:00,100.0,35.8,B
2021-06-09T13:33:59,500.0,35.8,B
2021-06-09T13:33:58,2000.0,35.8,B
2021-06-09T13:33:53,30000.0,35.8,B
2021-06-09T13:33:48,500.0,35.75,S
2021-06-09T13:33:45,1400.0,35.7,S
2021-06-09T13:33:45,500.0,35.7,S
2021-06-09T13:33:45,1000.0,35.7,S
2021-06-09T13:33:45,5200.0,35.7,S
2021-06-09T13:33:45,3900.0,35.7,S
2021-06-09T13:33:45,200.0,35.7,S
2021-06-09T13:33:45,1100.0,35.7,S
2021-06-09T13:33:40,15000.0,35.8,B
2021-06-09T13:33:39,1200.0,35.8,B
2021-06-09T13:33:32,2000.0,35.8,B
2021-06-09T13:33:24,100.0,35.8,B
2021-06-09T13:33:22,400.0,35.8,B
2021-06-09T13:33:11,5000.0,35.8,B
2021-06-09T13:33:09,10000.0,35.8,B
2021-06-09T13:32:53,100.0,35.8,B
2021-06-09T13:32:48,500.0,35.8,B
2021-06-09T13:32:40,16300.0,35.8,B
2021-06-09T13:32:40,1500.0,35.75,B
2021-06-09T13:32:40,2200.0,35.75,B
2021-06-09T13:32:35,2500.0,35.75,B
2021-06-09T13:32:28,400.0,35.75,B
2021-06-09T13:32:21,700.0,35.7,B
2021-06-09T13:32:21,300.0,35.7,B
2021-06-09T13:32:20,200.0,35.75,B
2021-06-09T13:32:17,100.0,35.75,B
2021-06-09T13:32:12,100.0,35.75,B
2021-06-09T13:32:01,100.0,35.75,B
2021-06-09T13:31:59,3000.0,35.75,B
2021-06-09T13:31:56,10000.0,35.75,B
2021-06-09T13:31:53,3000.0,35.75,B
2021-06-09T13:31:50,12000.0,35.75,B
2021-06-09T13:31:19,1000.0,35.75,B
2021-06-09T13:31:19,100.0,35.65,S
2021-06-09T13:31:18,2300.0,35.75,B
2021-06-09T13:31:18,500.0,35.75,B
2021-06-09T13:31:17,7200.0,35.7,B
2021-06-09T13:31:16,500.0,35.7,B
2021-06-09T13:31:06,5000.0,35.7,B
2021-06-09T13:31:05,200.0,35.7,B
2021-06-09T13:30:58,3000.0,35.7,B
2021-06-09T13:30:53,400.0,35.7,B
2021-06-09T13:30:49,100.0,35.7,B
2021-06-09T13:30:47,200.0,35.7,B
2021-06-09T13:30:46,500.0,35.7,B
2021-06-09T13:30:45,1000.0,35.7,B
2021-06-09T13:30:42,100.0,35.7,B
2021-06-09T13:30:37,200.0,35.7,B
2021-06-09T13:30:35,3000.0,35.7,B
2021-06-09T13:30:35,100.0,35.7,B
2021-06-09T13:30:33,100.0,35.7,B
2021-06-09T13:30:30,800.0,35.7,B
2021-06-09T13:30:28,2800.0,35.7,B
2021-06-09T13:30:25,100.0,35.7,B
2021-06-09T13:30:18,1400.0,35.7,B
2021-06-09T13:30:12,10000.0,35.7,B
2021-06-09T13:30:00,500.0,35.7,B
2021-06-09T13:30:00,100.0,35.7,B
2021-06-09T13:29:58,1500.0,35.7,B
2021-06-09T13:29:57,300.0,35.7,B
2021-06-09T13:29:54,300.0,35.7,B
2021-06-09T13:29:52,1400.0,35.7,B
2021-06-09T13:29:52,2500.0,35.7,B
2021-06-09T13:29:47,2100.0,35.7,B
2021-06-09T13:29:47,400.0,35.7,B
2021-06-09T13:29:47,300.0,35.7,B
2021-06-09T13:29:47,200.0,35.7,B
2021-06-09T13:29:46,2000.0,35.7,B
2021-06-09T13:29:44,200.0,35.7,B
2021-06-09T13:29:38,2000.0,35.7,B
2021-06-09T13:29:37,100.0,35.7,B
2021-06-09T13:29:28,500.0,35.7,B
2021-06-09T13:29:03,1000.0,35.7,B
2021-06-09T13:28:57,800.0,35.65,B
2021-06-09T13:28:56,300.0,35.65,B
2021-06-09T13:28:51,1000.0,35.65,B
2021-06-09T13:28:49,100.0,35.65,B
2021-06-09T13:28:44,1000.0,35.65,B
2021-06-09T13:28:39,3500.0,35.65,B
2021-06-09T13:28:32,100.0,35.65,B
2021-06-09T13:28:28,3000.0,35.65,B
2021-06-09T13:28:27,100.0,35.65,B
2021-06-09T13:28:25,100.0,35.65,B
2021-06-09T13:28:25,1900.0,35.65,B
2021-06-09T13:28:24,1000.0,35.65,B
2021-06-09T13:28:19,4000.0,35.65,B
2021-06-09T13:28:15,200.0,35.65,B
2021-06-09T13:28:14,100.0,35.65,B
2021-06-09T13:28:10,300.0,35.65,B
2021-06-09T13:28:09,1000.0,35.65,B
2021-06-09T13:27:48,1000.0,35.65,B
2021-06-09T13:27:22,100.0,35.6,S
2021-06-09T13:27:22,100.0,35.65,B
2021-06-09T13:27:17,10000.0,35.65,B
2021-06-09T13:27:06,1000.0,35.65,B
2021-06-09T13:27:06,100.0,35.65,B
2021-06-09T13:26:45,2000.0,35.65,B
2021-06-09T13:26:37,100.0,35.65,B
2021-06-09T13:26:37,400.0,35.65,B
2021-06-09T13:26:35,100.0,35.65,B
2021-06-09T13:26:34,1000.0,35.65,B
2021-06-09T13:26:26,100.0,35.65,B
2021-06-09T13:26:23,100.0,35.65,B
2021-06-09T13:26:21,200.0,35.65,B
2021-06-09T13:26:21,300.0,35.6,B
2021-06-09T13:25:58,8000.0,35.65,B
2021-06-09T13:25:58,2000.0,35.6,B
2021-06-09T13:25:55,1000.0,35.6,B
2021-06-09T13:25:50,2400.0,35.6,B
2021-06-09T13:25:48,10000.0,35.6,B
2021-06-09T13:25:44,1000.0,35.6,B
2021-06-09T13:25:41,100.0,35.6,B
2021-06-09T13:25:36,900.0,35.6,B
2021-06-09T13:25:33,1000.0,35.6,B
2021-06-09T13:25:31,100.0,35.6,B
2021-06-09T13:25:23,100.0,35.6,B
2021-06-09T13:25:15,300.0,35.6,B
2021-06-09T13:25:12,400.0,35.6,B
2021-06-09T13:24:51,400.0,35.55,B
2021-06-09T13:24:49,10000.0,35.6,B
2021-06-09T13:24:45,8400.0,35.55,B
2021-06-09T13:24:45,2000.0,35.55,B
2021-06-09T13:24:44,600.0,35.55,B
2021-06-09T13:24:35,5000.0,35.55,B
2021-06-09T13:24:26,100.0,35.55,B
2021-06-09T13:24:20,5000.0,35.55,B
2021-06-09T13:24:16,2300.0,35.5,B
2021-06-09T13:24:16,200.0,35.5,B
2021-06-09T13:24:14,7000.0,35.5,B
2021-06-09T13:24:12,3000.0,35.5,B
2021-06-09T13:23:57,100.0,35.5,B
2021-06-09T13:23:46,500.0,35.5,B
2021-06-09T13:23:43,400.0,35.5,B
2021-06-09T13:23:43,300.0,35.5,B
2021-06-09T13:23:35,500.0,35.5,B
2021-06-09T13:23:29,200.0,35.5,B
2021-06-09T13:23:28,1300.0,35.5,B
2021-06-09T13:23:28,1200.0,35.5,B
2021-06-09T13:23:28,1100.0,35.5,B
2021-06-09T13:23:28,100.0,35.5,B
2021-06-09T13:23:28,2200.0,35.5,B
2021-06-09T13:23:28,1200.0,35.5,B
2021-06-09T13:23:28,14600.0,35.5,B
2021-06-09T13:23:28,17200.0,35.5,B
2021-06-09T13:23:28,900.0,35.5,B
2021-06-09T13:23:28,1500.0,35.5,B
2021-06-09T13:23:27,18700.0,35.5,B
2021-06-09T13:23:27,200.0,35.5,B
2021-06-09T13:23:21,500.0,35.5,B
2021-06-09T13:23:14,100.0,35.5,B
2021-06-09T13:23:12,300.0,35.5,B
2021-06-09T13:23:09,6400.0,35.5,B
2021-06-09T13:22:51,100.0,35.5,B
2021-06-09T13:22:34,1500.0,35.5,B
2021-06-09T13:22:26,700.0,35.5,B
2021-06-09T13:22:25,200.0,35.5,B
2021-06-09T13:22:24,100.0,35.5,B
2021-06-09T13:22:14,200.0,35.45,B
2021-06-09T13:22:11,100.0,35.5,B
2021-06-09T13:22:05,400.0,35.5,B
2021-06-09T13:22:02,500.0,35.5,B
2021-06-09T13:21:55,800.0,35.5,B
2021-06-09T13:21:50,200.0,35.5,B
2021-06-09T13:21:34,14000.0,35.5,B
2021-06-09T13:21:31,100.0,35.45,B
2021-06-09T13:21:28,800.0,35.45,B
2021-06-09T13:21:25,100.0,35.45,B
2021-06-09T13:21:20,1000.0,35.45,B
2021-06-09T13:21:13,1000.0,35.45,B
2021-06-09T13:21:08,1000.0,35.45,B
2021-06-09T13:21:02,100.0,35.45,B
2021-06-09T13:21:01,100.0,35.45,B
2021-06-09T13:20:59,500.0,35.45,B
2021-06-09T13:20:50,100.0,35.45,B
2021-06-09T13:20:46,500.0,35.45,B
2021-06-09T13:20:43,200.0,35.45,B
2021-06-09T13:20:41,1000.0,35.45,B
2021-06-09T13:20:41,400.0,35.45,B
2021-06-09T13:20:39,700.0,35.45,B
2021-06-09T13:20:03,500.0,35.45,B
2021-06-09T13:19:44,100.0,35.45,S
2021-06-09T13:19:40,100.0,35.45,S
2021-06-09T13:19:39,1700.0,35.45,S
2021-06-09T13:19:29,500.0,35.45,S
2021-06-09T13:19:25,100.0,35.45,S
2021-06-09T13:19:20,700.0,35.45,S
2021-06-09T13:19:18,1000.0,35.5,B
2021-06-09T13:19:18,100.0,35.5,B
2021-06-09T13:19:16,200.0,35.5,B
2021-06-09T13:19:11,1700.0,35.45,S
2021-06-09T13:19:00,400.0,35.5,B
2021-06-09T13:18:38,300.0,35.5,B
2021-06-09T13:18:36,1800.0,35.5,B
2021-06-09T13:18:12,200.0,35.45,B
2021-06-09T13:18:06,100.0,35.5,B
2021-06-09T13:17:53,2000.0,35.5,B
2021-06-09T13:17:29,14600.0,35.5,B
2021-06-09T13:17:19,9700.0,35.45,B
2021-06-09T13:17:13,1000.0,35.45,B
2021-06-09T13:17:08,100.0,35.4,S
2021-06-09T13:16:31,5000.0,35.45,B
2021-06-09T13:16:14,1000.0,35.45,B
2021-06-09T13:15:59,100.0,35.4,S
2021-06-09T13:15:33,100.0,35.4,B
2021-06-09T13:15:26,300.0,35.4,B
2021-06-09T13:15:22,500.0,35.4,B
2021-06-09T13:15:03,500.0,35.4,B
2021-06-09T13:14:54,5000.0,35.4,B
2021-06-09T13:14:40,4000.0,35.4,B
2021-06-09T13:14:36,1000.0,35.4,B
2021-06-09T13:14:35,1000.0,35.4,B
2021-06-09T13:14:35,1000.0,35.4,B
2021-06-09T13:14:32,2000.0,35.4,B
2021-06-09T13:14:20,500.0,35.4,B
2021-06-09T13:14:13,1000.0,35.4,B
2021-06-09T13:14:12,500.0,35.4,B
2021-06-09T13:14:11,1000.0,35.4,B
2021-06-09T13:13:56,100.0,35.4,B
2021-06-09T13:13:53,100.0,35.4,B
2021-06-09T13:13:48,100.0,35.4,S
2021-06-09T13:13:27,4700.0,35.4,S
2021-06-09T13:13:15,100.0,35.4,B
2021-06-09T13:13:15,100.0,35.4,B
2021-06-09T13:13:12,1000.0,35.4,B
2021-06-09T13:13:11,2000.0,35.4,B
2021-06-09T13:12:45,4000.0,35.4,B
2021-06-09T13:12:43,300.0,35.4,B
2021-06-09T13:12:32,100.0,35.4,B
2021-06-09T13:12:30,200.0,35.4,B
2021-06-09T13:12:26,200.0,35.4,B
2021-06-09T13:12:24,200.0,35.4,B
2021-06-09T13:12:22,100.0,35.3,S
2021-06-09T13:12:22,100.0,35.35,S
2021-06-09T13:12:22,300.0,35.35,S
2021-06-09T13:12:17,2800.0,35.4,B
2021-06-09T13:12:15,100.0,35.4,B
2021-06-09T13:11:54,5200.0,35.4,B
2021-06-09T13:11:54,4800.0,35.4,B
2021-06-09T13:11:42,2800.0,35.4,B
2021-06-09T13:11:21,1000.0,35.4,B
2021-06-09T13:11:18,13000.0,35.4,B
2021-06-09T13:10:45,400.0,35.4,B
2021-06-09T13:10:42,500.0,35.35,B
2021-06-09T13:10:41,100.0,35.35,B
2021-06-09T13:10:35,700.0,35.35,B
2021-06-09T13:10:30,200.0,35.35,B
2021-06-09T13:10:22,5000.0,35.35,B
2021-06-09T13:10:15,100.0,35.35,B
2021-06-09T13:10:00,13000.0,35.35,B
2021-06-09T13:09:56,6100.0,35.35,B
2021-06-09T13:09:48,100.0,35.35,B
2021-06-09T13:09:42,3900.0,35.35,B
2021-06-09T13:09:37,10000.0,35.4,B
2021-06-09T13:09:21,400.0,35.35,B
2021-06-09T13:09:08,400.0,35.35,B
2021-06-09T13:09:06,1400.0,35.35,B
2021-06-09T13:08:52,10000.0,35.35,B
2021-06-09T13:08:44,300.0,35.35,B
2021-06-09T13:08:32,1000.0,35.35,B
2021-06-09T13:08:09,13000.0,35.35,B
2021-06-09T13:07:31,2000.0,35.3,B
2021-06-09T13:07:05,13000.0,35.3,B
2021-06-09T13:06:15,400.0,35.25,S
2021-06-09T13:06:00,1000.0,35.3,B
2021-06-09T13:05:59,100.0,35.3,B
2021-06-09T13:05:58,15600.0,35.3,B
2021-06-09T13:05:50,300.0,35.3,B
2021-06-09T13:05:44,2000.0,35.3,B
2021-06-09T13:05:38,1000.0,35.3,B
2021-06-09T13:05:29,300.0,35.3,B
2021-06-09T13:04:56,10000.0,35.3,B
2021-06-09T13:04:54,600.0,35.25,B
2021-06-09T13:04:54,3000.0,35.25,B
2021-06-09T13:04:52,100.0,35.25,B
2021-06-09T13:04:29,100.0,35.25,B
2021-06-09T13:04:19,5000.0,35.25,B
2021-06-09T13:04:08,2000.0,35.25,B
2021-06-09T13:03:51,500.0,35.25,B
2021-06-09T13:03:32,1000.0,35.25,B
2021-06-09T13:03:30,4000.0,35.25,B
2021-06-09T13:03:17,200.0,35.25,B
2021-06-09T13:03:15,100.0,35.25,B
2021-06-09T13:02:15,100.0,35.25,S
2021-06-09T13:02:12,200.0,35.25,S
2021-06-09T13:02:01,2000.0,35.25,S
2021-06-09T13:01:53,2800.0,35.25,S
2021-06-09T13:01:23,500.0,35.25,S
2021-06-09T13:01:21,500.0,35.25,S
2021-06-09T13:01:18,200.0,35.2,S
2021-06-09T13:01:14,1500.0,35.25,S
2021-06-09T13:01:14,1000.0,35.25,S
2021-06-09T13:01:07,2000.0,35.25,S
2021-06-09T13:00:47,100.0,35.25,S
2021-06-09T13:00:46,100.0,35.25,S
2021-06-09T13:00:34,200.0,35.25,S
2021-06-09T13:00:28,500.0,35.25,S
2021-06-09T13:00:28,900.0,35.25,S
2021-06-09T13:00:28,200.0,35.25,S
2021-06-09T13:00:28,100.0,35.25,S
2021-06-09T13:00:26,400.0,35.25,S
2021-06-09T13:00:26,100.0,35.25,S
2021-06-09T13:00:22,100.0,35.25,S
2021-06-09T13:00:18,100.0,35.3,B
2021-06-09T13:00:18,100.0,35.3,B
2021-06-09T13:00:16,500.0,35.3,B
2021-06-09T13:00:16,100.0,35.3,B
2021-06-09T13:00:16,400.0,35.3,B
2021-06-09T13:00:15,500.0,35.3,B
2021-06-09T13:00:15,1000.0,35.3,B
2021-06-09T13:00:15,100.0,35.3,B
2021-06-09T13:00:15,300.0,35.3,B
2021-06-09T13:00:15,200.0,35.2,S
2021-06-09T11:30:03,100.0,35.3,B
2021-06-09T11:28:57,10000.0,35.3,B
2021-06-09T11:28:39,200.0,35.25,S
2021-06-09T11:28:36,100.0,35.25,S
2021-06-09T11:28:34,1200.0,35.25,S
2021-06-09T11:28:12,2000.0,35.25,B
2021-06-09T11:27:58,1800.0,35.25,B
2021-06-09T11:27:46,100.0,35.25,B
2021-06-09T11:27:12,10000.0,35.25,B
2021-06-09T11:27:00,1500.0,35.2,S
2021-06-09T11:26:09,1000.0,35.2,S
2021-06-09T11:26:09,100.0,35.25,B
2021-06-09T11:26:07,3500.0,35.2,S
2021-06-09T11:25:59,300.0,35.25,B
2021-06-09T11:25:54,100.0,35.2,S
2021-06-09T11:25:47,5000.0,35.2,S
2021-06-09T11:25:16,100.0,35.2,S
2021-06-09T11:25:10,1900.0,35.2,S
2021-06-09T11:25:09,100.0,35.2,S
2021-06-09T11:24:36,500.0,35.25,B
2021-06-09T11:24:24,800.0,35.2,S
2021-06-09T11:24:21,100.0,35.2,S
2021-06-09T11:24:02,100.0,35.2,S
2021-06-09T11:23:39,600.0,35.2,S
2021-06-09T11:23:39,200.0,35.25,S
2021-06-09T11:23:39,4200.0,35.25,S
2021-06-09T11:23:24,500.0,35.25,S
2021-06-09T11:23:12,200.0,35.3,B
2021-06-09T11:22:26,100.0,35.3,S
2021-06-09T11:22:13,500.0,35.4,S
2021-06-09T11:22:12,500.0,35.45,S
2021-06-09T11:22:07,1000.0,35.45,S
2021-06-09T11:21:34,1000.0,35.45,S
2021-06-09T11:21:15,2000.0,35.25,S
2021-06-09T11:21:11,300.0,35.4,S
2021-06-09T11:21:02,500.0,35.4,S
2021-06-09T11:20:57,100.0,35.4,S
2021-06-09T11:20:39,5400.0,35.25,S
2021-06-09T11:20:39,2000.0,35.25,S
2021-06-09T11:20:39,2000.0,35.25,S
2021-06-09T11:20:33,3000.0,35.25,S
2021-06-09T11:20:22,100.0,35.5,B
2021-06-09T11:20:05,300.0,35.5,B
2021-06-09T11:19:57,1000.0,35.45,B
2021-06-09T11:19:55,700.0,35.45,B
2021-06-09T11:19:47,5500.0,35.45,B
2021-06-09T11:19:37,1500.0,35.25,S
2021-06-09T11:19:33,300.0,35.25,S
2021-06-09T11:19:17,1300.0,35.25,S
2021-06-09T11:19:00,1300.0,35.25,S
2021-06-09T11:18:45,5000.0,35.25,S
2021-06-09T11:18:41,1800.0,35.25,S
2021-06-09T11:18:41,300.0,35.3,S
2021-06-09T11:18:41,500.0,35.3,S
2021-06-09T11:18:41,7400.0,35.3,S
2021-06-09T11:18:41,100.0,35.4,S
2021-06-09T11:18:39,9500.0,35.3,S
2021-06-09T11:18:20,500.0,35.35,S
2021-06-09T11:18:19,100.0,35.4,S
2021-06-09T11:18:12,100.0,35.4,S
2021-06-09T11:18:06,1300.0,35.35,S
2021-06-09T11:17:45,1000.0,35.35,S
2021-06-09T11:17:43,200.0,35.4,S
2021-06-09T11:17:37,300.0,35.4,S
2021-06-09T11:17:35,300.0,35.4,S
2021-06-09T11:17:34,2200.0,35.4,S
2021-06-09T11:17:34,400.0,35.4,S
2021-06-09T11:17:34,300.0,35.4,S
2021-06-09T11:17:34,2100.0,35.4,S
2021-06-09T11:17:30,400.0,35.4,S
2021-06-09T11:17:22,100.0,35.4,S
2021-06-09T11:17:21,2000.0,35.45,B
2021-06-09T11:17:20,100.0,35.4,S
2021-06-09T11:17:19,100.0,35.4,S
2021-06-09T11:17:16,300.0,35.4,S
2021-06-09T11:17:14,400.0,35.4,S
2021-06-09T11:17:08,1900.0,35.4,S
2021-06-09T11:16:51,500.0,35.45,S
2021-06-09T11:16:49,200.0,35.4,S
2021-06-09T11:16:34,1100.0,35.4,S
2021-06-09T11:16:23,1000.0,35.4,S
2021-06-09T11:16:03,500.0,35.4,S
2021-06-09T11:16:03,100.0,35.4,S
2021-06-09T11:15:51,30000.0,35.4,S
2021-06-09T11:15:49,3000.0,35.4,S
2021-06-09T11:15:46,5000.0,35.4,S
2021-06-09T11:15:43,1900.0,35.4,S
2021-06-09T11:15:39,2000.0,35.4,S
2021-06-09T11:15:37,100.0,35.45,S
2021-06-09T11:15:26,400.0,35.5,S
2021-06-09T11:15:25,200.0,35.5,S
2021-06-09T11:15:24,500.0,35.5,S
2021-06-09T11:15:17,100.0,35.5,S
2021-06-09T11:15:13,700.0,35.4,S
2021-06-09T11:15:11,3000.0,35.4,S
2021-06-09T11:15:10,2000.0,35.4,S
2021-06-09T11:15:10,1000.0,35.4,S
2021-06-09T11:15:07,100.0,35.5,S
2021-06-09T11:15:05,5000.0,35.5,S
2021-06-09T11:15:05,100.0,35.5,S
2021-06-09T11:14:59,2000.0,35.4,S
2021-06-09T11:14:44,700.0,35.5,S
2021-06-09T11:14:43,12900.0,35.5,S
2021-06-09T11:14:42,200.0,35.45,S
2021-06-09T11:14:28,300.0,35.45,S
2021-06-09T11:14:22,100.0,35.5,S
2021-06-09T11:14:20,700.0,35.5,S
2021-06-09T11:13:56,500.0,35.5,S
2021-06-09T11:13:42,200.0,35.5,S
2021-06-09T11:13:40,500.0,35.5,S
2021-06-09T11:13:37,2600.0,35.5,S
2021-06-09T11:13:32,4000.0,35.5,S
2021-06-09T11:13:27,300.0,35.5,S
2021-06-09T11:13:20,1300.0,35.5,S
2021-06-09T11:13:07,1000.0,35.5,S
2021-06-09T11:12:49,100.0,35.5,S
2021-06-09T11:12:49,200.0,35.5,S
2021-06-09T11:12:49,1100.0,35.5,S
2021-06-09T11:12:49,1200.0,35.5,S
2021-06-09T11:12:49,3300.0,35.5,S
2021-06-09T11:12:32,100.0,35.5,S
2021-06-09T11:12:25,1000.0,35.5,S
2021-06-09T11:12:17,100.0,35.5,S
2021-06-09T11:12:15,1300.0,35.5,S
2021-06-09T11:12:14,200.0,35.6,B
2021-06-09T11:12:07,5600.0,35.5,S
2021-06-09T11:12:07,4100.0,35.5,S
2021-06-09T11:12:07,1300.0,35.5,S
2021-06-09T11:12:07,2000.0,35.5,S
2021-06-09T11:12:02,500.0,35.5,S
2021-06-09T11:12:00,1100.0,35.6,B
2021-06-09T11:11:51,1400.0,35.5,S
2021-06-09T11:11:51,3700.0,35.5,S
2021-06-09T11:11:51,3900.0,35.5,S
2021-06-09T11:11:49,200.0,35.5,S
2021-06-09T11:11:44,1400.0,35.5,S
2021-06-09T11:11:44,200.0,35.6,B
2021-06-09T11:11:36,12100.0,35.5,S
2021-06-09T11:11:34,800.0,35.5,S
2021-06-09T11:11:34,100.0,35.6,B
2021-06-09T11:11:31,100.0,35.55,S
2021-06-09T11:11:20,1300.0,35.5,S
2021-06-09T11:10:57,100.0,35.5,S
2021-06-09T11:10:50,1300.0,35.5,S
2021-06-09T11:10:39,41300.0,35.65,B
2021-06-09T11:10:38,300.0,35.5,S
2021-06-09T11:10:34,1500.0,35.5,S
2021-06-09T11:10:34,400.0,35.5,S
2021-06-09T11:10:33,12000.0,35.6,B
2021-06-09T11:10:32,200.0,35.6,B
2021-06-09T11:10:29,2500.0,35.6,B
2021-06-09T11:10:28,300.0,35.5,S
2021-06-09T11:10:25,1300.0,35.5,S
2021-06-09T11:10:12,500.0,35.6,B
2021-06-09T11:10:09,200.0,35.5,S
2021-06-09T11:10:07,400.0,35.6,B
2021-06-09T11:10:06,2100.0,35.5,S
2021-06-09T11:09:59,1000.0,35.5,S
2021-06-09T11:09:45,1300.0,35.5,S
2021-06-09T11:09:42,10000.0,35.5,S
2021-06-09T11:09:32,200.0,35.6,B
2021-06-09T11:09:29,1000.0,35.6,B
2021-06-09T11:09:29,700.0,35.6,B
2021-06-09T11:09:28,600.0,35.55,S
2021-06-09T11:09:26,100.0,35.55,S
2021-06-09T11:09:11,500.0,35.6,B
2021-06-09T11:08:52,5000.0,35.65,B
2021-06-09T11:08:43,800.0,35.5,S
2021-06-09T11:08:40,1300.0,35.5,S
2021-06-09T11:08:38,1000.0,35.6,B
2021-06-09T11:08:32,100.0,35.5,S
2021-06-09T11:08:22,8200.0,35.7,B
2021-06-09T11:08:22,300.0,35.6,S
2021-06-09T11:08:22,1500.0,35.6,S
2021-06-09T11:08:19,500.0,35.5,S
2021-06-09T11:08:15,100.0,35.6,S
2021-06-09T11:08:11,100.0,35.6,S
2021-06-09T11:07:59,5000.0,35.5,S
2021-06-09T11:07:54,2200.0,35.5,S
2021-06-09T11:07:07,100.0,35.65,B
2021-06-09T11:06:49,14300.0,35.7,B
2021-06-09T11:06:49,5200.0,35.65,B
2021-06-09T11:06:46,500.0,35.55,S
2021-06-09T11:06:45,2000.0,35.55,S
2021-06-09T11:06:37,5200.0,35.5,S
2021-06-09T11:06:35,100.0,35.55,S
2021-06-09T11:06:30,1000.0,35.55,S
2021-06-09T11:06:28,1700.0,35.5,S
2021-06-09T11:06:24,10000.0,35.5,S
2021-06-09T11:06:20,100.0,35.55,S
2021-06-09T11:06:19,100.0,35.55,S
2021-06-09T11:06:16,5700.0,35.55,S
2021-06-09T11:06:13,100.0,35.55,S
2021-06-09T11:06:12,300.0,35.55,S
2021-06-09T11:06:10,200.0,35.55,S
2021-06-09T11:06:08,800.0,35.6,S
2021-06-09T11:05:55,10000.0,35.6,S
2021-06-09T11:05:42,10000.0,35.7,B
2021-06-09T11:05:41,300.0,35.65,B
2021-06-09T11:05:33,5100.0,35.6,S
2021-06-09T11:05:12,500.0,35.65,B
2021-06-09T11:05:11,400.0,35.65,B
2021-06-09T11:05:03,3500.0,35.5,S
2021-06-09T11:05:03,3600.0,35.5,S
2021-06-09T11:05:03,500.0,35.5,S
2021-06-09T11:05:03,100.0,35.5,S
2021-06-09T11:05:03,1500.0,35.55,S
2021-06-09T11:05:03,13300.0,35.55,S
2021-06-09T11:04:48,100.0,35.65,B
2021-06-09T11:04:48,26000.0,35.55,S
2021-06-09T11:04:39,10000.0,35.6,S
2021-06-09T11:04:34,200.0,35.6,S
2021-06-09T11:04:27,1500.0,35.6,S
2021-06-09T11:04:12,1000.0,35.6,S
2021-06-09T11:03:58,10000.0,35.6,B
2021-06-09T11:03:58,10000.0,35.7,B
2021-06-09T11:03:37,1000.0,35.6,B
2021-06-09T11:03:33,300.0,35.6,B
2021-06-09T11:03:33,20000.0,35.6,B
2021-06-09T11:03:25,50000.0,35.6,B
2021-06-09T11:03:22,300.0,35.7,B
2021-06-09T11:03:07,2100.0,35.55,S
2021-06-09T11:03:01,100.0,35.7,B
2021-06-09T11:02:47,13600.0,35.7,B
2021-06-09T11:02:47,2000.0,35.6,B
2021-06-09T11:02:47,1800.0,35.6,B
2021-06-09T11:02:47,2600.0,35.6,B
2021-06-09T11:02:43,100.0,35.6,B
2021-06-09T11:02:42,200.0,35.6,B
2021-06-09T11:02:41,1900.0,35.6,B
2021-06-09T11:02:39,200.0,35.6,B
2021-06-09T11:02:28,1000.0,35.6,B
2021-06-09T11:02:24,100.0,35.6,B
2021-06-09T11:02:24,800.0,35.6,B
2021-06-09T11:02:21,15500.0,35.6,B
2021-06-09T11:02:18,6500.0,35.55,S
2021-06-09T11:02:14,100.0,35.6,B
2021-06-09T11:02:09,100.0,35.6,B
2021-06-09T11:02:02,1000.0,35.6,B
2021-06-09T11:01:59,10000.0,35.6,B
2021-06-09T11:01:45,2000.0,35.6,B
2021-06-09T11:01:20,30000.0,35.6,B
2021-06-09T11:00:49,100.0,35.6,B
2021-06-09T11:00:43,14000.0,35.6,B
2021-06-09T11:00:43,200.0,35.6,B
2021-06-09T11:00:35,100.0,35.6,B
2021-06-09T11:00:31,200.0,35.55,S
2021-06-09T11:00:29,400.0,35.55,S
2021-06-09T11:00:25,2000.0,35.6,B
2021-06-09T11:00:15,500.0,35.55,S
2021-06-09T11:00:11,5000.0,35.6,B
2021-06-09T11:00:09,400.0,35.55,S
2021-06-09T10:59:55,30600.0,35.55,S
2021-06-09T10:59:51,100.0,35.5,S
2021-06-09T10:59:47,200.0,35.5,B
2021-06-09T10:59:41,5000.0,35.5,B
2021-06-09T10:59:27,4600.0,35.55,B
2021-06-09T10:59:27,100.0,35.5,B
2021-06-09T10:59:27,300.0,35.5,B
2021-06-09T10:59:26,1500.0,35.5,B
2021-06-09T10:59:26,12300.0,35.5,B
2021-06-09T10:59:26,100.0,35.5,B
2021-06-09T10:59:26,2000.0,35.5,B
2021-06-09T10:59:26,600.0,35.5,B
2021-06-09T10:59:26,8500.0,35.5,B
2021-06-09T10:59:26,1000.0,35.5,B
2021-06-09T10:59:09,4000.0,35.5,B
2021-06-09T10:59:06,100.0,35.5,B
2021-06-09T10:58:56,8100.0,35.5,B
2021-06-09T10:58:56,4900.0,35.5,B
2021-06-09T10:58:42,1800.0,35.5,B
2021-06-09T10:58:42,8800.0,35.5,B
2021-06-09T10:58:41,200.0,35.5,B
2021-06-09T10:58:41,800.0,35.5,B
2021-06-09T10:58:41,3400.0,35.5,B
2021-06-09T10:58:41,300.0,35.5,B
2021-06-09T10:58:41,1000.0,35.5,B
2021-06-09T10:58:36,100.0,35.4,S
2021-06-09T10:57:53,200.0,35.5,B
2021-06-09T10:57:51,500.0,35.5,B
2021-06-09T10:57:48,500.0,35.5,B
2021-06-09T10:57:34,1000.0,35.4,S
2021-06-09T10:57:33,500.0,35.5,B
2021-06-09T10:57:29,500.0,35.5,B
2021-06-09T10:57:29,2000.0,35.5,B
2021-06-09T10:57:22,200.0,35.5,B
2021-06-09T10:57:20,200.0,35.4,S
2021-06-09T10:57:15,400.0,35.5,B
2021-06-09T10:57:15,600.0,35.5,B
2021-06-09T10:57:13,200.0,35.5,B
2021-06-09T10:57:13,1000.0,35.5,B
2021-06-09T10:56:57,1000.0,35.5,B
2021-06-09T10:56:41,100.0,35.5,B
2021-06-09T10:56:39,500.0,35.5,B
2021-06-09T10:56:39,25000.0,35.5,B
2021-06-09T10:56:26,100.0,35.5,B
2021-06-09T10:56:22,700.0,35.4,S
2021-06-09T10:56:13,100.0,35.5,B
2021-06-09T10:56:11,20000.0,35.5,B
2021-06-09T10:56:06,200.0,35.5,B
2021-06-09T10:55:56,200.0,35.5,B
2021-06-09T10:55:53,1400.0,35.5,B
2021-06-09T10:55:50,1100.0,35.5,B
2021-06-09T10:55:50,2600.0,35.5,B
2021-06-09T10:55:50,10300.0,35.5,B
2021-06-09T10:55:50,1500.0,35.5,B
2021-06-09T10:55:50,4500.0,35.45,B
2021-06-09T10:55:37,1000.0,35.4,B
2021-06-09T10:55:37,400.0,35.4,B
2021-06-09T10:55:37,200.0,35.4,B
2021-06-09T10:55:37,400.0,35.4,B
2021-06-09T10:55:34,200.0,35.4,B
2021-06-09T10:55:32,4000.0,35.3,B
2021-06-09T10:55:31,100.0,35.4,B
2021-06-09T10:55:21,100.0,35.4,B
2021-06-09T10:55:06,2500.0,35.4,B
2021-06-09T10:55:06,100.0,35.4,B
2021-06-09T10:55:06,17400.0,35.4,B
2021-06-09T10:55:02,200.0,35.4,B
2021-06-09T10:54:58,100.0,35.35,B
2021-06-09T10:54:54,200.0,35.4,B
2021-06-09T10:54:42,1300.0,35.4,B
2021-06-09T10:54:24,200.0,35.4,B
2021-06-09T10:54:24,100.0,35.35,B
2021-06-09T10:54:24,200.0,35.35,B
2021-06-09T10:54:18,200.0,35.3,B
2021-06-09T10:54:08,500.0,35.35,B
2021-06-09T10:54:01,200.0,35.3,B
2021-06-09T10:54:01,200.0,35.3,B
2021-06-09T10:54:01,1800.0,35.3,B
2021-06-09T10:54:01,3300.0,35.3,B
2021-06-09T10:54:00,500.0,35.3,B
2021-06-09T10:53:56,300.0,35.3,B
2021-06-09T10:53:50,100.0,35.25,S
2021-06-09T10:53:45,300.0,35.3,B
2021-06-09T10:53:42,1000.0,35.3,B
2021-06-09T10:53:38,100.0,35.3,B
2021-06-09T10:53:38,400.0,35.3,B
2021-06-09T10:53:35,100.0,35.3,B
2021-06-09T10:53:33,100.0,35.3,B
2021-06-09T10:53:25,2700.0,35.3,B
2021-06-09T10:53:12,2000.0,35.3,B
2021-06-09T10:53:10,10000.0,35.25,S
2021-06-09T10:53:08,300.0,35.3,B
2021-06-09T10:53:08,200.0,35.3,B
2021-06-09T10:53:08,300.0,35.3,B
2021-06-09T10:53:08,100.0,35.3,B
2021-06-09T10:53:08,1100.0,35.3,B
2021-06-09T10:53:08,200.0,35.3,B
2021-06-09T10:53:08,400.0,35.3,B
2021-06-09T10:53:08,600.0,35.3,B
2021-06-09T10:53:07,1000.0,35.3,B
2021-06-09T10:52:54,400.0,35.3,B
2021-06-09T10:52:49,1400.0,35.25,S
2021-06-09T10:52:35,100.0,35.25,S
2021-06-09T10:52:35,4400.0,35.3,B
2021-06-09T10:52:34,600.0,35.3,B
2021-06-09T10:52:32,100.0,35.25,S
2021-06-09T10:52:32,500.0,35.3,B
2021-06-09T10:52:27,1400.0,35.3,B
2021-06-09T10:52:20,100.0,35.3,B
2021-06-09T10:52:06,1400.0,35.3,B
2021-06-09T10:52:01,1500.0,35.25,S
2021-06-09T10:51:41,200.0,35.3,B
2021-06-09T10:51:27,1000.0,35.3,B
2021-06-09T10:51:23,100.0,35.3,B
2021-06-09T10:51:21,1000.0,35.3,B
2021-06-09T10:51:21,500.0,35.3,B
2021-06-09T10:51:19,1000.0,35.3,B
2021-06-09T10:51:15,100.0,35.3,B
2021-06-09T10:51:12,100.0,35.3,B
2021-06-09T10:51:09,100.0,35.3,B
2021-06-09T10:51:09,100.0,35.3,B
2021-06-09T10:51:03,11000.0,35.3,B
2021-06-09T10:51:03,200.0,35.3,B
2021-06-09T10:51:03,400.0,35.3,B
2021-06-09T10:51:03,2400.0,35.3,B
2021-06-09T10:50:59,300.0,35.3,B
2021-06-09T10:50:43,1500.0,35.3,B
2021-06-09T10:50:43,200.0,35.3,B
2021-06-09T10:50:43,300.0,35.3,B
2021-06-09T10:50:34,700.0,35.3,B
2021-06-09T10:50:34,3600.0,35.3,B
2021-06-09T10:50:34,2200.0,35.3,B
2021-06-09T10:50:34,5700.0,35.3,B
2021-06-09T10:50:34,500.0,35.3,B
2021-06-09T10:50:34,2500.0,35.3,B
2021-06-09T10:50:33,3800.0,35.3,B
2021-06-09T10:50:33,200.0,35.3,B
2021-06-09T10:50:33,800.0,35.3,B
2021-06-09T10:50:33,300.0,35.3,B
2021-06-09T10:50:33,500.0,35.3,B
2021-06-09T10:50:27,300.0,35.3,B
2021-06-09T10:50:24,1000.0,35.3,B
2021-06-09T10:50:24,1000.0,35.3,B
2021-06-09T10:50:16,100.0,35.3,B
2021-06-09T10:50:09,200.0,35.3,B
2021-06-09T10:50:08,2500.0,35.3,B
2021-06-09T10:50:01,300.0,35.3,B
2021-06-09T10:50:01,100.0,35.3,B
2021-06-09T10:49:42,5000.0,35.3,B
2021-06-09T10:49:39,5000.0,35.3,B
2021-06-09T10:49:39,1000.0,35.3,B
2021-06-09T10:49:34,200.0,35.25,B
2021-06-09T10:49:16,200.0,35.3,B
2021-06-09T10:49:10,500.0,35.3,B
2021-06-09T10:49:06,10000.0,35.3,B
2021-06-09T10:49:05,1000.0,35.25,B
2021-06-09T10:48:52,100.0,35.25,B
2021-06-09T10:48:52,200.0,35.25,B
2021-06-09T10:48:43,500.0,35.25,B
2021-06-09T10:48:31,200.0,35.25,B
2021-06-09T10:48:03,10000.0,35.25,B
2021-06-09T10:47:50,1000.0,35.2,B
2021-06-09T10:47:44,1000.0,35.25,B
2021-06-09T10:47:29,200.0,35.25,B
2021-06-09T10:47:13,900.0,35.25,B
2021-06-09T10:47:13,300.0,35.25,B
2021-06-09T10:47:13,200.0,35.25,B
2021-06-09T10:47:13,1000.0,35.25,B
2021-06-09T10:47:13,4600.0,35.25,B
2021-06-09T10:46:50,200.0,35.2,B
2021-06-09T10:46:36,1000.0,35.25,B
2021-06-09T10:46:34,500.0,35.2,B
2021-06-09T10:46:13,100.0,35.2,B
2021-06-09T10:46:04,800.0,35.2,B
2021-06-09T10:45:32,100.0,35.2,B
2021-06-09T10:45:29,100.0,35.2,B
2021-06-09T10:45:29,5300.0,35.2,B
2021-06-09T10:45:29,400.0,35.2,B
2021-06-09T10:45:28,600.0,35.2,B
2021-06-09T10:45:28,6300.0,35.2,B
2021-06-09T10:45:28,200.0,35.2,B
2021-06-09T10:45:28,16100.0,35.2,B
2021-06-09T10:45:16,1000.0,35.2,B
2021-06-09T10:45:14,800.0,35.2,B
2021-06-09T10:45:13,1000.0,35.2,B
2021-06-09T10:45:13,1200.0,35.2,B
2021-06-09T10:45:07,1000.0,35.2,B
2021-06-09T10:45:02,2600.0,35.2,B
2021-06-09T10:45:01,12000.0,35.2,B
2021-06-09T10:45:01,200.0,35.2,B
2021-06-09T10:45:01,7300.0,35.2,B
2021-06-09T10:45:01,300.0,35.2,B
2021-06-09T10:45:00,3500.0,35.2,B
2021-06-09T10:45:00,2300.0,35.2,B
2021-06-09T10:45:00,6300.0,35.2,B
2021-06-09T10:45:00,5300.0,35.2,B
2021-06-09T10:45:00,900.0,35.2,B
2021-06-09T10:45:00,5300.0,35.2,B
2021-06-09T10:45:00,1300.0,35.2,B
2021-06-09T10:45:00,1000.0,35.2,B
2021-06-09T10:45:00,2200.0,35.2,B
2021-06-09T10:45:00,1600.0,35.2,B
2021-06-09T10:45:00,1500.0,35.2,B
2021-06-09T10:45:00,2300.0,35.2,B
2021-06-09T10:45:00,16700.0,35.2,B
2021-06-09T10:45:00,500.0,35.2,B
2021-06-09T10:44:57,500.0,35.2,B
2021-06-09T10:44:49,2000.0,35.2,B
2021-06-09T10:44:44,100.0,35.2,B
2021-06-09T10:44:40,1000.0,35.2,B
2021-06-09T10:44:40,1000.0,35.2,B
2021-06-09T10:44:38,1000.0,35.2,B
2021-06-09T10:44:35,100.0,35.2,B
2021-06-09T10:44:32,100.0,35.2,B
2021-06-09T10:44:29,500.0,35.2,B
2021-06-09T10:44:28,100.0,35.2,B
2021-06-09T10:44:27,100.0,35.15,S
2021-06-09T10:44:14,2000.0,35.2,B
2021-06-09T10:44:06,1000.0,35.2,B
2021-06-09T10:44:00,200.0,35.2,B
2021-06-09T10:43:57,200.0,35.2,B
2021-06-09T10:43:48,200.0,35.2,B
2021-06-09T10:43:46,200.0,35.2,B
2021-06-09T10:43:44,1100.0,35.2,B
2021-06-09T10:43:40,200.0,35.2,B
2021-06-09T10:43:39,1000.0,35.2,B
2021-06-09T10:43:28,5000.0,35.2,B
2021-06-09T10:43:23,300.0,35.2,B
2021-06-09T10:43:16,100.0,35.2,B
2021-06-09T10:43:14,3000.0,35.1,B
2021-06-09T10:43:01,100.0,35.1,B
2021-06-09T10:43:01,10000.0,35.15,B
2021-06-09T10:42:51,3000.0,35.2,B
2021-06-09T10:42:50,1000.0,35.2,B
2021-06-09T10:42:47,200.0,35.2,B
2021-06-09T10:42:45,1500.0,35.2,B
2021-06-09T10:42:43,500.0,35.2,B
2021-06-09T10:42:32,100.0,35.2,B
2021-06-09T10:42:27,300.0,35.2,B
2021-06-09T10:42:26,1000.0,35.2,B
2021-06-09T10:42:25,1000.0,35.1,B
2021-06-09T10:42:11,1000.0,35.2,B
2021-06-09T10:42:01,2000.0,35.2,B
2021-06-09T10:41:58,500.0,35.2,B
2021-06-09T10:41:34,1000.0,35.2,B
2021-06-09T10:41:27,2000.0,35.1,B
2021-06-09T10:41:24,100.0,35.2,B
2021-06-09T10:41:21,4500.0,35.2,B
2021-06-09T10:41:20,500.0,35.2,B
2021-06-09T10:41:16,200.0,35.2,B
2021-06-09T10:41:12,100.0,35.2,B
2021-06-09T10:41:11,1400.0,35.2,B
2021-06-09T10:41:00,5000.0,35.2,B
2021-06-09T10:40:52,2000.0,35.1,B
2021-06-09T10:40:50,500.0,35.1,B
2021-06-09T10:40:29,2000.0,35.2,B
2021-06-09T10:40:29,100.0,35.1,B
2021-06-09T10:40:28,200.0,35.2,B
2021-06-09T10:40:20,100.0,35.2,B
2021-06-09T10:40:17,4000.0,35.2,B
2021-06-09T10:40:03,500.0,35.2,B
2021-06-09T10:39:57,100.0,35.1,B
2021-06-09T10:39:49,2000.0,35.1,B
2021-06-09T10:39:19,100.0,35.0,B
2021-06-09T10:39:04,10000.0,35.2,B
2021-06-09T10:38:54,5200.0,35.2,B
2021-06-09T10:38:54,600.0,35.2,B
2021-06-09T10:38:53,100.0,35.2,B
2021-06-09T10:38:53,4100.0,35.2,B
2021-06-09T10:38:49,5400.0,35.2,B
2021-06-09T10:38:49,300.0,35.2,B
2021-06-09T10:38:48,5000.0,35.2,B
2021-06-09T10:38:48,200.0,35.2,B
2021-06-09T10:38:48,3700.0,35.2,B
2021-06-09T10:38:48,3700.0,35.2,B
2021-06-09T10:38:48,800.0,35.2,B
2021-06-09T10:38:48,1600.0,35.2,B
2021-06-09T10:38:48,9900.0,35.2,B
2021-06-09T10:38:48,2500.0,35.2,B
2021-06-09T10:38:48,1000.0,35.2,B
2021-06-09T10:38:48,1600.0,35.2,B
2021-06-09T10:38:48,13000.0,35.2,B
2021-06-09T10:38:48,9200.0,35.2,B
2021-06-09T10:38:48,600.0,35.15,B
2021-06-09T10:38:48,2600.0,35.1,B
2021-06-09T10:38:48,400.0,35.1,B
2021-06-09T10:38:48,3500.0,35.1,B
2021-06-09T10:38:48,900.0,35.1,B
2021-06-09T10:38:48,3100.0,35.1,B
2021-06-09T10:38:48,1200.0,35.1,B
2021-06-09T10:38:48,1600.0,35.1,B
2021-06-09T10:38:48,3400.0,35.1,B
2021-06-09T10:38:48,1200.0,35.1,B
2021-06-09T10:38:47,3300.0,35.1,B
2021-06-09T10:38:47,1100.0,35.1,B
2021-06-09T10:38:47,16500.0,35.1,B
2021-06-09T10:38:47,800.0,35.05,B
2021-06-09T10:38:47,1900.0,35.05,B
2021-06-09T10:38:32,500.0,35.05,B
2021-06-09T10:38:24,500.0,35.05,B
2021-06-09T10:38:22,200.0,35.05,B
2021-06-09T10:38:21,1300.0,35.05,B
2021-06-09T10:38:21,8700.0,35.05,B
2021-06-09T10:38:18,100.0,35.05,B
2021-06-09T10:38:16,1000.0,35.0,B
2021-06-09T10:38:12,300.0,35.0,B
2021-06-09T10:37:50,5900.0,35.05,B
2021-06-09T10:37:50,4100.0,35.05,B
2021-06-09T10:37:45,400.0,35.0,B
2021-06-09T10:37:45,300.0,35.0,B
2021-06-09T10:37:45,1000.0,35.0,B
2021-06-09T10:37:45,6300.0,35.0,B
2021-06-09T10:37:45,2000.0,35.0,B
2021-06-09T10:37:45,3700.0,35.0,B
2021-06-09T10:37:45,1100.0,35.0,B
2021-06-09T10:37:45,100.0,35.0,B
2021-06-09T10:37:45,500.0,35.0,B
2021-06-09T10:37:45,3500.0,35.0,B
2021-06-09T10:37:45,1600.0,35.0,B
2021-06-09T10:37:45,17500.0,35.0,B
2021-06-09T10:37:45,700.0,35.0,B
2021-06-09T10:37:45,1700.0,35.0,B
2021-06-09T10:37:45,17800.0,35.0,B
2021-06-09T10:37:45,800.0,35.0,B
2021-06-09T10:37:45,2400.0,35.0,B
2021-06-09T10:37:44,2500.0,35.0,B
2021-06-09T10:37:41,200.0,35.0,B
2021-06-09T10:37:39,300.0,35.0,B
2021-06-09T10:37:39,2000.0,35.0,B
2021-06-09T10:37:33,400.0,35.0,B
2021-06-09T10:37:26,200.0,35.0,B
2021-06-09T10:37:25,200.0,35.0,B
2021-06-09T10:37:21,2700.0,35.0,B
2021-06-09T10:37:20,11500.0,35.0,B
2021-06-09T10:37:20,200.0,35.0,B
2021-06-09T10:37:20,3500.0,35.0,B
2021-06-09T10:37:20,2900.0,35.0,B
2021-06-09T10:37:20,2000.0,35.0,B
2021-06-09T10:37:20,100.0,35.0,B
2021-06-09T10:37:20,7400.0,35.0,B
2021-06-09T10:37:20,500.0,35.0,B
2021-06-09T10:37:20,5400.0,35.0,B
2021-06-09T10:37:20,200.0,35.0,B
2021-06-09T10:37:19,7200.0,35.0,B
2021-06-09T10:37:19,9100.0,35.0,B
2021-06-09T10:37:18,100.0,35.0,B
2021-06-09T10:37:17,100.0,35.0,B
2021-06-09T10:37:04,1500.0,35.0,B
2021-06-09T10:36:57,100.0,35.0,B
2021-06-09T10:36:51,1400.0,35.0,B
2021-06-09T10:36:51,700.0,35.0,B
2021-06-09T10:36:51,500.0,35.0,B
2021-06-09T10:36:51,400.0,35.0,B
2021-06-09T10:36:51,1400.0,35.0,B
2021-06-09T10:36:51,2500.0,35.0,B
2021-06-09T10:36:51,4600.0,35.0,B
2021-06-09T10:36:51,3500.0,35.0,B
2021-06-09T10:36:51,2500.0,35.0,B
2021-06-09T10:36:51,2500.0,35.0,B
2021-06-09T10:36:45,400.0,35.0,B
2021-06-09T10:36:33,300.0,35.0,B
2021-06-09T10:36:20,100.0,35.0,B
2021-06-09T10:36:19,10000.0,35.0,B
2021-06-09T10:36:17,2000.0,35.0,B
2021-06-09T10:35:43,100.0,35.0,B
2021-06-09T10:35:32,2000.0,35.0,B
2021-06-09T10:35:21,100.0,35.0,B
2021-06-09T10:35:17,100.0,35.0,B
2021-06-09T10:35:13,300.0,35.0,B
2021-06-09T10:35:10,300.0,35.0,B
2021-06-09T10:35:04,700.0,35.0,B
2021-06-09T10:34:50,200.0,35.0,B
2021-06-09T10:34:35,3500.0,35.0,B
2021-06-09T10:34:27,500.0,35.0,B
2021-06-09T10:34:09,2000.0,35.0,B
2021-06-09T10:34:07,800.0,35.0,B
2021-06-09T10:34:02,500.0,35.0,B
2021-06-09T10:33:59,100.0,35.0,B
2021-06-09T10:33:58,400.0,35.0,B
2021-06-09T10:33:54,500.0,35.0,B
2021-06-09T10:33:54,1000.0,35.0,B
2021-06-09T10:33:50,1000.0,35.0,B
2021-06-09T10:33:34,1000.0,35.0,B
2021-06-09T10:33:28,100.0,35.0,B
2021-06-09T10:33:26,1000.0,35.0,B
2021-06-09T10:33:10,500.0,35.0,B
2021-06-09T10:33:03,500.0,35.0,B
2021-06-09T10:33:00,300.0,34.9,B
2021-06-09T10:32:56,100.0,35.0,B
2021-06-09T10:32:55,1000.0,35.0,B
2021-06-09T10:32:54,5300.0,35.0,B
2021-06-09T10:32:54,3500.0,35.0,B
2021-06-09T10:32:54,2600.0,35.0,B
2021-06-09T10:32:54,3100.0,35.0,B
2021-06-09T10:32:54,1800.0,35.0,B
2021-06-09T10:32:53,2500.0,35.0,B
2021-06-09T10:32:53,7500.0,35.0,B
2021-06-09T10:32:53,2800.0,35.0,B
2021-06-09T10:32:53,1300.0,35.0,B
2021-06-09T10:32:53,19700.0,35.0,B
2021-06-09T10:32:53,49900.0,35.0,B
2021-06-09T10:32:46,300.0,35.0,B
2021-06-09T10:32:46,200.0,35.0,B
2021-06-09T10:32:44,1000.0,34.9,B
2021-06-09T10:32:38,100.0,35.0,B
2021-06-09T10:32:34,500.0,35.0,B
2021-06-09T10:32:27,900.0,35.0,B
2021-06-09T10:32:26,400.0,34.9,B
2021-06-09T10:32:16,1000.0,35.0,B
2021-06-09T10:32:01,400.0,35.0,B
2021-06-09T10:31:55,300.0,34.9,B
2021-06-09T10:31:50,1000.0,34.9,B
2021-06-09T10:31:26,500.0,35.0,B
2021-06-09T10:31:08,100.0,34.9,B
2021-06-09T10:31:05,1000.0,34.9,B
2021-06-09T10:30:58,4000.0,35.0,B
2021-06-09T10:30:34,2000.0,35.0,B
2021-06-09T10:30:31,100.0,34.6,S
2021-06-09T10:30:24,10000.0,35.0,B
2021-06-09T10:30:24,1000.0,34.8,S
2021-06-09T10:30:19,1200.0,34.8,S
2021-06-09T10:30:18,100.0,34.9,B
2021-06-09T10:30:11,100.0,35.0,B
2021-06-09T10:29:54,100.0,34.8,S
2021-06-09T10:29:49,5000.0,34.8,S
2021-06-09T10:29:49,1900.0,34.8,S
2021-06-09T10:29:33,1700.0,35.0,B
2021-06-09T10:29:33,100.0,35.0,B
2021-06-09T10:29:33,9000.0,35.0,B
2021-06-09T10:29:33,500.0,35.0,B
2021-06-09T10:29:33,10100.0,35.0,B
2021-06-09T10:29:33,10200.0,35.0,B
2021-06-09T10:29:33,2700.0,35.0,B
2021-06-09T10:29:33,2600.0,35.0,B
2021-06-09T10:29:33,22700.0,35.0,B
2021-06-09T10:29:28,200.0,34.8,S
2021-06-09T10:29:23,200.0,34.9,B
2021-06-09T10:29:21,500.0,34.9,B
2021-06-09T10:29:19,1000.0,34.9,B
2021-06-09T10:29:18,100.0,34.9,B
2021-06-09T10:29:17,1000.0,34.9,B
2021-06-09T10:29:17,500.0,34.9,B
2021-06-09T10:29:14,10000.0,34.9,B
2021-06-09T10:29:00,1400.0,34.9,B
2021-06-09T10:28:58,100.0,34.9,B
2021-06-09T10:28:58,1200.0,34.9,B
2021-06-09T10:28:58,100.0,34.9,B
2021-06-09T10:28:58,2000.0,34.9,B
2021-06-09T10:28:58,1600.0,34.9,B
2021-06-09T10:28:51,4200.0,34.9,B
2021-06-09T10:28:30,100.0,34.8,S
2021-06-09T10:28:27,300.0,34.8,S
2021-06-09T10:28:02,10000.0,34.6,S
2021-06-09T10:27:50,100.0,34.9,B
2021-06-09T10:27:49,1000.0,34.8,B
2021-06-09T10:27:39,700.0,34.9,B
2021-06-09T10:27:33,200.0,34.85,B
2021-06-09T10:27:19,100.0,34.9,B
2021-06-09T10:27:15,2000.0,34.9,B
2021-06-09T10:27:02,200.0,34.9,B
2021-06-09T10:26:36,100.0,34.85,B
2021-06-09T10:26:33,5000.0,34.9,B
2021-06-09T10:26:31,1000.0,34.9,B
2021-06-09T10:26:14,200.0,34.8,B
2021-06-09T10:25:53,7100.0,34.8,B
2021-06-09T10:25:39,1600.0,34.8,B
2021-06-09T10:25:39,400.0,34.9,B
2021-06-09T10:25:37,100.0,34.8,B
2021-06-09T10:25:26,4000.0,34.8,B
2021-06-09T10:25:23,1000.0,34.9,B
2021-06-09T10:25:14,300.0,34.8,B
2021-06-09T10:25:05,900.0,34.8,B
2021-06-09T10:24:57,3000.0,34.9,B
2021-06-09T10:24:38,500.0,34.6,B
2021-06-09T10:24:24,3000.0,34.8,B
2021-06-09T10:24:16,1000.0,34.5,B
2021-06-09T10:23:53,500.0,34.5,B
2021-06-09T10:23:12,2000.0,34.5,B
2021-06-09T10:23:06,300.0,34.5,B
2021-06-09T10:23:04,400.0,34.5,B
2021-06-09T10:23:04,1700.0,34.8,B
2021-06-09T10:23:04,2600.0,34.8,B
2021-06-09T10:23:04,200.0,34.8,B
2021-06-09T10:23:04,4100.0,34.8,B
2021-06-09T10:23:04,400.0,34.8,B
2021-06-09T10:23:04,300.0,34.8,B
2021-06-09T10:23:04,600.0,34.8,B
2021-06-09T10:23:04,10100.0,34.8,B
2021-06-09T10:22:39,100.0,34.5,B
2021-06-09T10:22:04,5100.0,34.7,B
2021-06-09T10:22:04,3400.0,34.7,B
2021-06-09T10:22:04,3400.0,34.7,B
2021-06-09T10:22:04,8100.0,34.65,B
2021-06-09T10:21:49,100.0,34.5,B
2021-06-09T10:21:47,200.0,34.5,B
2021-06-09T10:21:43,800.0,34.5,B
2021-06-09T10:21:39,300.0,34.5,B
2021-06-09T10:21:36,600.0,34.6,B
2021-06-09T10:21:35,200.0,34.5,B
2021-06-09T10:21:34,200.0,34.5,B
2021-06-09T10:21:33,2600.0,34.5,B
2021-06-09T10:21:31,200.0,34.5,B
2021-06-09T10:21:25,500.0,34.5,B
2021-06-09T10:21:21,1800.0,34.6,B
2021-06-09T10:21:21,200.0,34.6,B
2021-06-09T10:21:03,100.0,34.6,B
2021-06-09T10:20:54,1900.0,34.5,B
2021-06-09T10:20:51,2000.0,34.5,B
2021-06-09T10:20:47,1000.0,34.5,B
2021-06-09T10:20:32,500.0,34.5,B
2021-06-09T10:20:32,3000.0,34.5,B
2021-06-09T10:20:32,1100.0,34.5,B
2021-06-09T10:20:32,1500.0,34.5,B
2021-06-09T10:20:32,3300.0,34.5,B
2021-06-09T10:20:32,1400.0,34.5,B
2021-06-09T10:20:32,600.0,34.5,B
2021-06-09T10:20:32,2400.0,34.5,B
2021-06-09T10:20:32,3400.0,34.5,B
2021-06-09T10:20:32,2000.0,34.5,B
2021-06-09T10:20:29,3000.0,34.1,S
2021-06-09T10:20:28,300.0,34.3,S
2021-06-09T10:20:19,1000.0,34.1,S
2021-06-09T10:20:15,100.0,34.3,S
2021-06-09T10:20:15,300.0,34.2,S
2021-06-09T10:20:14,1300.0,34.2,S
2021-06-09T10:20:13,2300.0,34.2,S
2021-06-09T10:20:13,3000.0,34.2,S
2021-06-09T10:20:13,300.0,34.2,S
2021-06-09T10:20:11,2000.0,34.2,S
2021-06-09T10:20:10,100.0,34.3,S
2021-06-09T10:20:06,900.0,34.3,S
2021-06-09T10:19:57,100.0,34.3,S
2021-06-09T10:19:57,1000.0,34.3,S
2021-06-09T10:19:56,1100.0,34.2,S
2021-06-09T10:19:55,10000.0,34.2,S
2021-06-09T10:19:53,3000.0,34.2,S
2021-06-09T10:19:52,100.0,34.2,S
2021-06-09T10:19:50,1300.0,34.2,S
2021-06-09T10:19:50,9600.0,34.2,S
2021-06-09T10:19:48,1900.0,34.2,S
2021-06-09T10:19:48,100.0,34.3,S
2021-06-09T10:19:46,100.0,34.3,S
2021-06-09T10:19:34,5000.0,34.5,B
2021-06-09T10:19:28,9900.0,34.5,B
2021-06-09T10:19:28,11500.0,34.5,B
2021-06-09T10:19:28,100.0,34.3,S
2021-06-09T10:19:28,3500.0,34.3,S
2021-06-09T10:19:14,900.0,34.3,B
2021-06-09T10:19:14,1100.0,34.3,B
2021-06-09T10:19:14,3000.0,34.3,B
2021-06-09T10:19:12,700.0,34.2,S
2021-06-09T10:19:11,300.0,34.2,S
2021-06-09T10:19:11,1100.0,34.2,S
2021-06-09T10:19:08,200.0,34.2,S
2021-06-09T10:19:08,300.0,34.2,S
2021-06-09T10:19:06,100.0,34.2,S
2021-06-09T10:18:54,100.0,34.2,S
2021-06-09T10:18:51,1000.0,34.2,S
2021-06-09T10:18:50,200.0,34.15,S
2021-06-09T10:18:38,500.0,34.2,S
2021-06-09T10:18:34,8500.0,34.2,S
2021-06-09T10:18:33,100.0,34.3,B
2021-06-09T10:18:31,100.0,34.2,S
2021-06-09T10:18:31,400.0,34.2,S
2021-06-09T10:18:31,100.0,34.2,S
2021-06-09T10:18:28,100.0,34.2,S
2021-06-09T10:18:26,200.0,34.3,B
2021-06-09T10:18:22,100.0,34.2,S
2021-06-09T10:18:18,100.0,34.2,S
2021-06-09T10:18:17,100.0,34.2,S
2021-06-09T10:18:02,4000.0,34.3,B
2021-06-09T10:17:59,500.0,34.2,S
2021-06-09T10:17:55,500.0,34.2,S
2021-06-09T10:17:53,500.0,34.3,B
2021-06-09T10:17:48,200.0,34.25,S
2021-06-09T10:17:44,100.0,34.2,S
2021-06-09T10:17:25,10000.0,34.1,S
2021-06-09T10:17:13,300.0,34.2,S
2021-06-09T10:17:09,100.0,34.3,B
2021-06-09T10:16:57,500.0,34.3,B
2021-06-09T10:16:47,10000.0,34.2,S
2021-06-09T10:16:34,100.0,34.2,S
2021-06-09T10:16:02,100.0,34.3,B
2021-06-09T10:15:50,20000.0,34.1,S
2021-06-09T10:15:48,200.0,34.3,B
2021-06-09T10:15:41,100.0,34.2,S
2021-06-09T10:15:40,100.0,34.3,B
2021-06-09T10:15:35,300.0,34.2,S
2021-06-09T10:15:24,100.0,34.2,S
2021-06-09T10:15:12,500.0,34.2,S
2021-06-09T10:15:09,100.0,34.25,S
2021-06-09T10:15:02,1000.0,34.3,B
2021-06-09T10:15:02,3000.0,34.3,B
2021-06-09T10:15:01,200.0,34.2,S
2021-06-09T10:14:56,5000.0,34.2,S
2021-06-09T10:14:53,4000.0,34.2,S
2021-06-09T10:14:49,1200.0,34.2,S
2021-06-09T10:14:48,1000.0,34.1,S
2021-06-09T10:14:48,200.0,34.1,S
2021-06-09T10:14:45,200.0,34.1,S
2021-06-09T10:14:41,100.0,34.2,S
2021-06-09T10:14:40,200.0,34.2,S
2021-06-09T10:14:39,100.0,34.2,S
2021-06-09T10:14:27,5000.0,34.1,S
2021-06-09T10:14:17,100.0,34.2,S
2021-06-09T10:14:15,200.0,34.1,S
2021-06-09T10:14:12,2000.0,34.2,S
2021-06-09T10:14:10,100.0,34.1,S
2021-06-09T10:14:01,1400.0,34.2,S
2021-06-09T10:13:57,600.0,34.2,S
2021-06-09T10:13:41,900.0,34.1,S
2021-06-09T10:13:41,100.0,34.2,S
2021-06-09T10:13:37,400.0,34.2,S
2021-06-09T10:13:26,1100.0,34.3,B
2021-06-09T10:13:24,700.0,34.1,S
2021-06-09T10:13:20,200.0,34.1,S
2021-06-09T10:13:20,800.0,34.2,S
2021-06-09T10:13:20,500.0,34.2,S
2021-06-09T10:13:19,5500.0,34.2,S
2021-06-09T10:13:07,200.0,34.2,S
2021-06-09T10:13:07,100.0,34.2,S
2021-06-09T10:13:07,700.0,34.2,S
2021-06-09T10:12:56,500.0,34.2,S
2021-06-09T10:12:56,5000.0,34.2,S
2021-06-09T10:12:51,100.0,34.3,B
2021-06-09T10:12:50,100.0,34.2,S
2021-06-09T10:12:47,1700.0,34.2,S
2021-06-09T10:12:46,400.0,34.3,B
2021-06-09T10:12:37,300.0,34.25,S
2021-06-09T10:12:25,100.0,34.25,S
2021-06-09T10:11:55,100.0,34.2,S
2021-06-09T10:11:46,1700.0,34.2,S
2021-06-09T10:11:46,700.0,34.2,S
2021-06-09T10:11:43,200.0,34.2,S
2021-06-09T10:11:34,1000.0,34.2,S
2021-06-09T10:11:19,100.0,34.3,B
2021-06-09T10:11:15,100.0,34.3,B
2021-06-09T10:11:09,100.0,34.3,B
2021-06-09T10:10:56,8800.0,34.5,B
2021-06-09T10:10:49,700.0,34.3,B
2021-06-09T10:10:49,300.0,34.3,B
2021-06-09T10:10:43,100.0,34.3,B
2021-06-09T10:10:42,1000.0,34.3,B
2021-06-09T10:10:38,300.0,34.3,B
2021-06-09T10:10:31,1000.0,34.3,B
2021-06-09T10:10:01,100.0,34.3,B
2021-06-09T10:10:01,600.0,34.3,B
2021-06-09T10:10:01,1000.0,34.3,B
2021-06-09T10:09:47,1000.0,34.2,S
2021-06-09T10:09:32,100.0,34.3,B
2021-06-09T10:09:27,1500.0,34.2,S
2021-06-09T10:09:25,1000.0,34.2,S
2021-06-09T10:09:18,1500.0,34.2,S
2021-06-09T10:09:17,400.0,34.2,S
2021-06-09T10:09:15,500.0,34.2,S
2021-06-09T10:09:13,5000.0,34.2,S
2021-06-09T10:09:11,200.0,34.2,S
2021-06-09T10:09:05,600.0,34.3,B
2021-06-09T10:09:02,900.0,34.3,B
2021-06-09T10:08:53,500.0,34.2,S
2021-06-09T10:08:51,500.0,34.2,S
2021-06-09T10:08:51,100.0,34.2,S
2021-06-09T10:08:47,100.0,34.2,S
2021-06-09T10:08:46,100.0,34.2,S
2021-06-09T10:08:37,100.0,34.3,B
2021-06-09T10:08:37,200.0,34.25,S
2021-06-09T10:08:28,12900.0,34.2,S
2021-06-09T10:08:27,100.0,34.25,S
2021-06-09T10:08:25,2000.0,34.2,S
2021-06-09T10:08:23,100.0,34.2,S
2021-06-09T10:08:13,100.0,34.25,S
2021-06-09T10:08:11,100.0,34.25,S
2021-06-09T10:08:11,1000.0,34.2,S
2021-06-09T10:08:07,5000.0,34.2,S
2021-06-09T10:08:05,500.0,34.25,S
2021-06-09T10:07:41,700.0,34.2,S
2021-06-09T10:07:36,3000.0,34.2,S
2021-06-09T10:07:27,100.0,34.2,S
2021-06-09T10:07:19,1800.0,34.2,S
2021-06-09T10:07:19,300.0,34.2,S
2021-06-09T10:07:18,1100.0,34.2,S
2021-06-09T10:07:17,2000.0,34.2,S
2021-06-09T10:07:08,200.0,34.2,S
2021-06-09T10:06:52,200.0,34.2,S
2021-06-09T10:06:45,100.0,34.2,S
2021-06-09T10:06:44,300.0,34.3,B
2021-06-09T10:06:40,1500.0,34.2,S
2021-06-09T10:06:38,500.0,34.3,B
2021-06-09T10:06:12,4000.0,34.2,S
2021-06-09T10:05:54,700.0,34.2,S
2021-06-09T10:05:43,800.0,34.2,S
2021-06-09T10:05:39,6000.0,34.2,S
2021-06-09T10:05:37,600.0,34.2,S
2021-06-09T10:05:37,3000.0,34.2,S
2021-06-09T10:05:36,1000.0,34.2,S
2021-06-09T10:05:29,100.0,34.3,B
2021-06-09T10:05:29,100.0,34.3,B
2021-06-09T10:05:19,200.0,34.2,S
2021-06-09T10:05:13,500.0,34.2,S
2021-06-09T10:05:09,100.0,34.3,B
2021-06-09T10:05:02,500.0,34.2,S
2021-06-09T10:05:00,100.0,34.2,S
2021-06-09T10:04:54,1000.0,34.2,S
2021-06-09T10:04:45,100.0,34.3,B
2021-06-09T10:04:44,2600.0,34.4,B
2021-06-09T10:04:38,200.0,34.2,S
2021-06-09T10:04:34,500.0,34.5,B
2021-06-09T10:04:33,19200.0,34.2,S
2021-06-09T10:04:32,800.0,34.5,B
2021-06-09T10:04:25,500.0,34.2,S
2021-06-09T10:04:21,200.0,34.2,S
2021-06-09T10:04:20,800.0,34.2,S
2021-06-09T10:04:13,800.0,34.2,S
2021-06-09T10:04:08,26900.0,34.5,B
2021-06-09T10:04:08,23100.0,34.5,B
2021-06-09T10:03:59,500.0,34.2,S
2021-06-09T10:03:54,1500.0,34.2,S
2021-06-09T10:03:49,500.0,34.4,B
2021-06-09T10:03:44,100.0,34.4,B
2021-06-09T10:03:37,2000.0,34.4,B
2021-06-09T10:03:21,500.0,34.2,S
2021-06-09T10:03:16,10000.0,34.2,S
2021-06-09T10:03:10,200.0,34.2,S
2021-06-09T10:03:00,1500.0,34.2,S
2021-06-09T10:02:57,5000.0,34.2,S
2021-06-09T10:02:51,700.0,34.2,S
2021-06-09T10:02:38,700.0,34.3,B
2021-06-09T10:02:24,100.0,34.3,B
2021-06-09T10:02:23,2000.0,34.0,S
2021-06-09T10:02:17,300.0,34.3,B
2021-06-09T10:01:58,100.0,34.1,S
2021-06-09T10:01:55,400.0,34.2,S
2021-06-09T10:01:47,100.0,34.1,S
2021-06-09T10:01:42,2000.0,34.5,B
2021-06-09T10:01:41,700.0,34.05,S
2021-06-09T10:01:41,1500.0,34.2,S
2021-06-09T10:01:41,400.0,34.2,S
2021-06-09T10:01:37,100.0,34.4,B
2021-06-09T10:01:33,200.0,34.3,B
2021-06-09T10:01:29,1200.0,34.4,B
2021-06-09T10:01:25,500.0,34.3,B
2021-06-09T10:01:19,100.0,34.4,B
2021-06-09T10:01:17,300.0,34.3,B
2021-06-09T10:01:16,1500.0,34.3,B
2021-06-09T10:01:09,2000.0,34.3,B
2021-06-09T10:01:03,300.0,34.1,S
2021-06-09T10:00:57,200.0,34.0,S
2021-06-09T10:00:54,700.0,34.1,S
2021-06-09T10:00:50,400.0,34.4,B
2021-06-09T10:00:42,100.0,34.3,B
2021-06-09T10:00:39,800.0,34.1,S
2021-06-09T10:00:39,100.0,34.1,S
2021-06-09T10:00:38,100.0,34.1,S
2021-06-09T10:00:38,1300.0,34.1,S
2021-06-09T10:00:36,500.0,34.1,S
2021-06-09T10:00:31,2500.0,34.1,S
2021-06-09T10:00:31,800.0,34.1,S
2021-06-09T10:00:31,3800.0,34.2,S
2021-06-09T10:00:31,100.0,34.3,S
2021-06-09T10:00:30,200.0,34.45,S
2021-06-09T10:00:26,500.0,34.3,S
2021-06-09T10:00:13,300.0,34.3,S
2021-06-09T10:00:06,100.0,34.3,S
2021-06-09T10:00:01,500.0,34.2,S
2021-06-09T09:59:59,300.0,34.3,S
2021-06-09T09:59:58,200.0,34.2,S
2021-06-09T09:59:56,100.0,34.3,S
2021-06-09T09:59:55,1400.0,34.2,S
2021-06-09T09:59:47,300.0,34.2,S
2021-06-09T09:59:39,500.0,34.1,S
2021-06-09T09:59:39,6000.0,34.1,S
2021-06-09T09:59:29,2000.0,34.4,S
2021-06-09T09:59:25,100.0,34.4,S
2021-06-09T09:59:24,11300.0,34.3,S
2021-06-09T09:59:21,100.0,34.3,S
2021-06-09T09:59:21,400.0,34.2,S
2021-06-09T09:59:20,1800.0,34.1,S
2021-06-09T09:59:18,1000.0,34.1,S
2021-06-09T09:59:08,100.0,34.1,S
2021-06-09T09:59:03,1000.0,34.1,S
2021-06-09T09:58:59,200.0,34.1,S
2021-06-09T09:58:54,900.0,34.2,S
2021-06-09T09:58:54,600.0,34.2,S
2021-06-09T09:58:54,300.0,34.2,S
2021-06-09T09:58:53,9000.0,34.2,S
2021-06-09T09:58:47,600.0,34.3,S
2021-06-09T09:58:43,100.0,34.3,S
2021-06-09T09:58:34,100.0,34.25,S
2021-06-09T09:58:25,100.0,34.25,S
2021-06-09T09:58:04,800.0,34.25,S
2021-06-09T09:58:01,1000.0,34.2,S
2021-06-09T09:57:59,1900.0,34.3,S
2021-06-09T09:57:59,100.0,34.25,S
2021-06-09T09:57:58,300.0,34.25,S
2021-06-09T09:57:47,100.0,34.2,S
2021-06-09T09:57:46,600.0,34.2,S
2021-06-09T09:57:40,2200.0,34.2,S
2021-06-09T09:57:35,500.0,34.3,S
2021-06-09T09:57:33,100.0,34.2,S
2021-06-09T09:57:32,100.0,34.3,S
2021-06-09T09:57:19,15000.0,34.2,S
2021-06-09T09:57:16,5000.0,34.2,S
2021-06-09T09:57:10,500.0,34.3,S
2021-06-09T09:57:08,700.0,34.45,S
2021-06-09T09:56:57,100.0,34.5,S
2021-06-09T09:56:52,600.0,34.5,S
2021-06-09T09:55:58,3300.0,34.2,S
2021-06-09T09:55:43,100.0,34.5,S
2021-06-09T09:55:40,200.0,34.5,S
2021-06-09T09:55:38,500.0,34.2,S
2021-06-09T09:55:36,1000.0,34.5,S
2021-06-09T09:55:35,2000.0,34.2,S
2021-06-09T09:55:34,1000.0,34.2,S
2021-06-09T09:55:32,5000.0,34.2,S
2021-06-09T09:55:28,100.0,34.5,S
2021-06-09T09:55:23,100.0,34.5,S
2021-06-09T09:55:22,200.0,34.2,S
2021-06-09T09:55:21,500.0,34.4,S
2021-06-09T09:55:18,2000.0,34.4,S
2021-06-09T09:55:09,100.0,34.4,S
2021-06-09T09:54:59,20000.0,34.2,S
2021-06-09T09:54:45,100.0,34.4,S
2021-06-09T09:54:39,4000.0,34.2,S
2021-06-09T09:54:39,500.0,34.2,S
2021-06-09T09:54:35,5000.0,34.2,S
2021-06-09T09:54:25,500.0,34.4,S
2021-06-09T09:54:24,1500.0,34.5,S
2021-06-09T09:54:15,500.0,34.5,S
2021-06-09T09:54:09,100.0,34.5,S
2021-06-09T09:54:03,100.0,34.2,S
2021-06-09T09:54:00,100.0,34.5,S
2021-06-09T09:53:53,800.0,34.2,S
2021-06-09T09:53:50,5000.0,34.2,S
2021-06-09T09:53:48,5000.0,34.6,B
2021-06-09T09:53:45,4000.0,34.2,S
2021-06-09T09:53:44,500.0,34.5,S
2021-06-09T09:53:41,100.0,34.5,S
2021-06-09T09:53:32,1000.0,34.4,S
2021-06-09T09:53:23,300.0,34.5,S
2021-06-09T09:53:21,100.0,34.5,S
2021-06-09T09:53:19,1000.0,34.5,S
2021-06-09T09:53:15,2000.0,34.6,B
2021-06-09T09:53:09,1800.0,34.5,S
2021-06-09T09:52:57,100.0,34.5,S
2021-06-09T09:52:57,200.0,34.5,S
2021-06-09T09:52:57,100.0,34.5,S
2021-06-09T09:52:50,3900.0,34.5,S
2021-06-09T09:52:44,200.0,34.6,S
2021-06-09T09:52:33,20000.0,34.5,S
2021-06-09T09:52:32,800.0,34.5,S
2021-06-09T09:52:27,2000.0,34.5,S
2021-06-09T09:52:15,400.0,34.5,S
2021-06-09T09:52:10,700.0,34.5,S
2021-06-09T09:52:07,600.0,34.5,S
2021-06-09T09:52:02,100.0,34.5,S
2021-06-09T09:52:00,100.0,34.6,S
2021-06-09T09:51:54,300.0,34.6,S
2021-06-09T09:51:45,100.0,34.6,S
2021-06-09T09:51:44,5100.0,34.5,S
2021-06-09T09:51:38,100.0,34.6,S
2021-06-09T09:51:36,2100.0,34.5,S
2021-06-09T09:51:21,1500.0,34.5,S
2021-06-09T09:51:21,5000.0,34.3,S
2021-06-09T09:50:51,500.0,34.2,S
2021-06-09T09:50:50,100.0,34.3,S
2021-06-09T09:50:47,1000.0,34.2,S
2021-06-09T09:50:39,100.0,34.3,S
2021-06-09T09:50:35,100.0,34.3,S
2021-06-09T09:50:33,1000.0,34.2,S
2021-06-09T09:50:29,1000.0,34.2,S
2021-06-09T09:50:29,200.0,34.3,S
2021-06-09T09:50:28,1000.0,34.2,S
2021-06-09T09:50:14,1000.0,34.2,S
2021-06-09T09:50:09,10000.0,34.2,S
2021-06-09T09:50:06,5000.0,34.2,S
2021-06-09T09:49:58,1000.0,34.6,S
2021-06-09T09:49:51,100.0,34.6,S
2021-06-09T09:49:51,100.0,34.2,S
2021-06-09T09:49:50,500.0,34.8,B
2021-06-09T09:49:44,4300.0,34.2,S
2021-06-09T09:49:44,5700.0,34.3,S
2021-06-09T09:49:38,100.0,34.7,S
2021-06-09T09:49:11,300.0,34.3,S
2021-06-09T09:49:07,600.0,34.3,S
2021-06-09T09:49:05,300.0,34.5,S
2021-06-09T09:49:05,6500.0,34.9,B
2021-06-09T09:48:55,100.0,34.8,B
2021-06-09T09:48:44,2700.0,34.3,S
2021-06-09T09:48:34,100.0,34.3,S
2021-06-09T09:48:31,1000.0,34.3,S
2021-06-09T09:48:27,1000.0,34.3,S
2021-06-09T09:48:24,2000.0,34.3,S
2021-06-09T09:48:19,400.0,34.8,B
2021-06-09T09:48:15,3500.0,34.3,S
2021-06-09T09:48:14,400.0,34.8,B
2021-06-09T09:48:04,100.0,34.3,S
2021-06-09T09:47:58,1000.0,34.8,B
2021-06-09T09:47:55,200.0,34.8,B
2021-06-09T09:47:54,2000.0,34.3,S
2021-06-09T09:47:38,200.0,34.3,S
2021-06-09T09:47:25,500.0,34.7,S
2021-06-09T09:47:15,2000.0,34.3,S
2021-06-09T09:47:15,500.0,34.5,S
2021-06-09T09:47:15,500.0,34.9,B
2021-06-09T09:47:10,100.0,34.9,B
2021-06-09T09:47:03,500.0,34.9,B
2021-06-09T09:46:58,500.0,34.9,B
2021-06-09T09:46:45,7400.0,34.8,B
2021-06-09T09:46:37,2000.0,34.3,S
2021-06-09T09:46:30,200.0,34.4,S
2021-06-09T09:46:29,100.0,34.3,S
2021-06-09T09:46:25,1000.0,34.3,S
2021-06-09T09:46:24,500.0,34.3,S
2021-06-09T09:46:21,100.0,35.0,B
2021-06-09T09:46:21,7500.0,35.0,B
2021-06-09T09:46:21,2900.0,35.0,B
2021-06-09T09:46:21,10200.0,35.0,B
2021-06-09T09:46:15,3200.0,34.3,S
2021-06-09T09:46:11,500.0,34.7,S
2021-06-09T09:46:02,9200.0,34.3,S
2021-06-09T09:46:02,1000.0,34.3,S
2021-06-09T09:46:02,1400.0,34.4,S
2021-06-09T09:46:02,1200.0,34.5,S
2021-06-09T09:46:02,1200.0,34.5,S
2021-06-09T09:46:02,6000.0,34.5,S
2021-06-09T09:45:52,1000.0,34.95,S
2021-06-09T09:45:52,100.0,34.9,S
2021-06-09T09:45:43,400.0,34.5,S
2021-06-09T09:45:36,200.0,34.5,S
2021-06-09T09:45:20,1100.0,34.5,S
2021-06-09T09:45:12,600.0,34.5,S
2021-06-09T09:45:07,100.0,34.5,S
2021-06-09T09:44:54,3200.0,34.5,S
2021-06-09T09:44:54,300.0,34.5,S
2021-06-09T09:44:54,4100.0,34.5,S
2021-06-09T09:44:54,400.0,34.5,S
2021-06-09T09:44:54,1200.0,34.5,S
2021-06-09T09:44:54,10800.0,34.5,S
2021-06-09T09:44:50,17900.0,34.9,S
2021-06-09T09:44:49,300.0,34.9,S
2021-06-09T09:44:49,5800.0,34.9,S
2021-06-09T09:44:48,2000.0,34.9,S
2021-06-09T09:44:39,100.0,34.9,S
2021-06-09T09:44:37,2000.0,34.9,S
2021-06-09T09:44:35,1100.0,34.9,S
2021-06-09T09:44:24,500.0,34.9,S
2021-06-09T09:44:18,100.0,34.9,S
2021-06-09T09:44:09,1000.0,34.5,S
2021-06-09T09:44:07,6500.0,35.0,B
2021-06-09T09:43:57,1300.0,35.0,B
2021-06-09T09:43:57,5000.0,34.5,S
2021-06-09T09:43:54,200.0,34.5,S
2021-06-09T09:43:42,100.0,34.9,S
2021-06-09T09:43:42,100.0,34.9,S
2021-06-09T09:43:38,100.0,34.9,S
2021-06-09T09:43:29,20000.0,34.5,S
2021-06-09T09:43:29,1000.0,35.0,B
2021-06-09T09:43:28,600.0,35.0,B
2021-06-09T09:43:28,1400.0,35.0,B
2021-06-09T09:43:09,1000.0,34.5,S
2021-06-09T09:43:02,300.0,34.5,S
2021-06-09T09:43:01,1000.0,34.9,S
2021-06-09T09:42:58,100.0,34.5,S
2021-06-09T09:42:55,100.0,34.8,S
2021-06-09T09:42:54,1000.0,34.7,S
2021-06-09T09:42:49,1000.0,34.8,S
2021-06-09T09:42:35,8000.0,34.5,S
2021-06-09T09:42:34,500.0,34.6,S
2021-06-09T09:42:34,400.0,34.8,S
2021-06-09T09:42:26,100.0,34.9,S
2021-06-09T09:42:26,500.0,34.9,S
2021-06-09T09:42:14,100.0,34.9,S
2021-06-09T09:42:05,400.0,34.5,S
2021-06-09T09:42:04,4300.0,34.5,S
2021-06-09T09:41:58,1200.0,34.5,S
2021-06-09T09:41:57,3000.0,34.5,S
2021-06-09T09:41:54,100.0,34.9,S
2021-06-09T09:41:52,1000.0,34.9,S
2021-06-09T09:41:51,1000.0,34.5,S
2021-06-09T09:41:45,10000.0,34.5,S
2021-06-09T09:41:45,900.0,34.5,S
2021-06-09T09:41:39,300.0,34.5,S
2021-06-09T09:41:39,500.0,34.8,S
2021-06-09T09:41:37,100.0,34.8,S
2021-06-09T09:41:37,500.0,34.5,S
2021-06-09T09:41:36,1000.0,34.5,S
2021-06-09T09:41:26,500.0,34.5,S
2021-06-09T09:41:19,500.0,34.8,S
2021-06-09T09:41:13,28000.0,34.5,S
2021-06-09T09:41:05,1000.0,34.8,S
2021-06-09T09:41:02,200.0,34.6,S
2021-06-09T09:40:55,1000.0,34.5,S
2021-06-09T09:40:53,300.0,34.5,S
2021-06-09T09:40:41,1000.0,34.5,S
2021-06-09T09:40:39,400.0,34.6,S
2021-06-09T09:40:34,4000.0,34.5,S
2021-06-09T09:40:34,100.0,34.8,S
2021-06-09T09:40:34,900.0,34.5,S
2021-06-09T09:40:34,9100.0,34.5,S
2021-06-09T09:40:32,5000.0,34.6,S
2021-06-09T09:40:28,500.0,34.8,S
2021-06-09T09:39:54,1000.0,34.6,S
2021-06-09T09:39:46,200.0,34.6,S
2021-06-09T09:39:32,100.0,34.8,S
2021-06-09T09:39:20,300.0,34.6,S
2021-06-09T09:39:20,300.0,34.6,S
2021-06-09T09:39:18,700.0,34.7,S
2021-06-09T09:39:05,1300.0,34.6,S
2021-06-09T09:39:05,500.0,34.6,S
2021-06-09T09:39:05,200.0,34.6,S
2021-06-09T09:38:57,500.0,34.7,S
2021-06-09T09:38:56,1000.0,34.7,S
2021-06-09T09:38:54,1000.0,34.7,S
2021-06-09T09:38:51,30200.0,34.7,S
2021-06-09T09:38:42,900.0,34.6,S
2021-06-09T09:38:40,1000.0,34.6,S
2021-06-09T09:38:35,5000.0,34.6,S
2021-06-09T09:38:35,2000.0,34.7,S
2021-06-09T09:38:34,200.0,34.6,S
2021-06-09T09:38:33,300.0,34.6,S
2021-06-09T09:38:26,2000.0,34.7,S
2021-06-09T09:38:26,300.0,34.7,S
2021-06-09T09:38:26,2200.0,34.7,S
2021-06-09T09:38:26,5200.0,34.7,S
2021-06-09T09:38:26,4900.0,34.8,S
2021-06-09T09:38:23,100.0,35.0,B
2021-06-09T09:38:20,3300.0,34.9,S
2021-06-09T09:38:11,100.0,34.9,S
2021-06-09T09:38:11,100.0,35.0,B
2021-06-09T09:38:11,500.0,35.0,B
2021-06-09T09:38:05,500.0,35.0,B
2021-06-09T09:38:03,100.0,35.0,B
2021-06-09T09:37:58,1000.0,35.0,B
2021-06-09T09:37:53,400.0,34.9,S
2021-06-09T09:37:50,400.0,34.9,S
2021-06-09T09:37:48,100.0,35.0,B
2021-06-09T09:37:43,100.0,34.9,S
2021-06-09T09:37:31,4700.0,34.9,S
2021-06-09T09:37:14,500.0,34.9,S
2021-06-09T09:37:12,2000.0,35.05,S
2021-06-09T09:37:10,100.0,34.9,S
2021-06-09T09:37:08,15000.0,34.9,S
2021-06-09T09:37:08,500.0,35.0,S
2021-06-09T09:37:04,500.0,34.9,S
2021-06-09T09:36:59,500.0,35.0,S
2021-06-09T09:36:57,300.0,34.9,S
2021-06-09T09:36:54,500.0,34.9,S
2021-06-09T09:36:53,200.0,34.9,S
2021-06-09T09:36:52,100.0,35.0,S
2021-06-09T09:36:47,100.0,35.0,S
2021-06-09T09:36:26,200.0,34.7,S
2021-06-09T09:36:25,400.0,35.0,S
2021-06-09T09:36:22,1000.0,34.7,S
2021-06-09T09:36:18,300.0,34.7,S
2021-06-09T09:36:09,100.0,35.0,S
2021-06-09T09:36:08,4000.0,34.7,S
2021-06-09T09:36:06,1000.0,34.7,S
2021-06-09T09:36:01,100.0,35.0,S
2021-06-09T09:36:01,1000.0,34.7,S
2021-06-09T09:35:53,1000.0,34.7,S
2021-06-09T09:35:53,200.0,34.7,S
2021-06-09T09:35:44,100.0,35.05,S
2021-06-09T09:35:44,500.0,34.7,S
2021-06-09T09:35:41,5000.0,34.7,S
2021-06-09T09:35:41,800.0,34.8,S
2021-06-09T09:35:33,100.0,34.85,S
2021-06-09T09:35:24,500.0,34.85,S
2021-06-09T09:35:24,1200.0,34.9,S
2021-06-09T09:35:17,1000.0,34.9,S
2021-06-09T09:35:17,5700.0,34.9,S
2021-06-09T09:35:17,400.0,34.9,S
2021-06-09T09:35:17,900.0,34.95,S
2021-06-09T09:35:17,12000.0,35.0,S
2021-06-09T09:35:14,5000.0,35.0,S
2021-06-09T09:35:14,100.0,35.05,S
2021-06-09T09:35:13,1000.0,35.05,S
2021-06-09T09:35:12,200.0,35.0,S
2021-06-09T09:35:05,1500.0,35.0,S
2021-06-09T09:35:01,1500.0,35.0,S
2021-06-09T09:34:57,10000.0,35.0,S
2021-06-09T09:34:51,10000.0,35.0,S
2021-06-09T09:34:47,4000.0,35.0,S
2021-06-09T09:34:43,800.0,35.05,S
2021-06-09T09:34:32,500.0,35.0,S
2021-06-09T09:34:28,300.0,35.05,S
2021-06-09T09:34:28,500.0,35.0,S
2021-06-09T09:34:26,100.0,35.0,S
2021-06-09T09:34:24,1000.0,35.0,S
2021-06-09T09:34:24,100.0,35.0,S
2021-06-09T09:34:20,32600.0,35.05,S
2021-06-09T09:34:11,1000.0,35.0,S
2021-06-09T09:34:07,600.0,35.0,S
2021-06-09T09:34:05,1000.0,35.0,S
2021-06-09T09:34:03,100.0,35.05,S
2021-06-09T09:33:56,400.0,35.0,S
2021-06-09T09:33:47,100.0,35.0,S
2021-06-09T09:33:46,1200.0,35.0,S
2021-06-09T09:33:26,500.0,35.0,S
2021-06-09T09:33:26,10000.0,35.0,S
2021-06-09T09:33:24,2100.0,35.0,S
2021-06-09T09:33:20,6000.0,35.0,S
2021-06-09T09:33:18,3000.0,35.0,S
2021-06-09T09:33:06,1000.0,35.05,S
2021-06-09T09:33:03,1200.0,35.0,S
2021-06-09T09:33:01,100.0,35.0,S
2021-06-09T09:33:00,1700.0,35.0,S
2021-06-09T09:33:00,200.0,35.0,S
2021-06-09T09:33:00,200.0,35.0,S
2021-06-09T09:33:00,1700.0,35.0,S
2021-06-09T09:33:00,600.0,35.0,S
2021-06-09T09:33:00,500.0,35.0,S
2021-06-09T09:33:00,17400.0,35.0,S
2021-06-09T09:33:00,7700.0,35.0,S
2021-06-09T09:32:54,500.0,35.0,S
2021-06-09T09:32:49,200.0,35.0,S
2021-06-09T09:32:40,200.0,35.05,S
2021-06-09T09:32:34,500.0,35.05,S
2021-06-09T09:32:28,100.0,35.05,S
2021-06-09T09:32:19,10000.0,35.0,S
2021-06-09T09:32:19,100.0,35.0,S
2021-06-09T09:32:17,500.0,35.0,S
2021-06-09T09:32:12,1400.0,35.0,S
2021-06-09T09:32:10,200.0,35.05,S
2021-06-09T09:32:06,1700.0,35.0,S
2021-06-09T09:31:50,10000.0,35.0,S
2021-06-09T09:31:49,1000.0,35.05,S
2021-06-09T09:31:48,100.0,35.0,S
2021-06-09T09:31:41,1500.0,35.0,S
2021-06-09T09:31:40,500.0,35.0,S
2021-06-09T09:31:22,500.0,35.0,S
2021-06-09T09:31:11,300.0,35.1,S
2021-06-09T09:31:08,100.0,35.1,S
2021-06-09T09:31:07,2000.0,35.0,S
2021-06-09T09:30:38,2600.0,35.0,S
2021-06-09T09:30:38,100.0,35.0,S
2021-06-09T09:30:37,2200.0,35.0,S
2021-06-09T09:30:33,800.0,35.0,S
2021-06-09T09:30:33,100.0,35.0,S
2021-06-09T09:30:33,100.0,35.0,S
2021-06-09T09:30:30,2000.0,35.0,S
2021-06-09T09:30:30,300.0,35.0,S
2021-06-09T09:30:30,13200.0,35.0,S
2021-06-09T09:30:29,9600.0,35.0,S
2021-06-09T09:30:29,5100.0,35.0,S
2021-06-09T09:30:29,6400.0,35.0,S
2021-06-09T09:30:29,8100.0,35.05,S
2021-06-09T09:30:29,7600.0,35.1,S
2021-06-09T09:30:27,10000.0,35.1,S
2021-06-09T09:30:22,500.0,35.1,S
2021-06-09T09:30:19,100.0,35.2,S
2021-06-09T09:30:15,2100.0,35.1,S
2021-06-09T09:30:09,3400.0,35.1,S
2021-06-09T09:30:09,600.0,35.1,S
2021-06-09T09:30:09,2100.0,35.1,S
2021-06-09T09:30:09,43900.0,35.1,S
2021-06-09T09:30:03,1000.0,35.1,S
2021-06-09T09:30:02,500.0,35.1,S
2021-06-09T09:29:52,1000.0,35.25,B
2021-06-09T09:29:51,1200.0,35.1,S
2021-06-09T09:29:45,1000.0,35.1,S
2021-06-09T09:29:45,100.0,35.1,S
2021-06-09T09:29:45,4900.0,35.1,S
2021-06-09T09:29:39,10000.0,35.1,S
2021-06-09T09:29:37,100.0,35.25,B
2021-06-09T09:29:37,100.0,35.25,B
2021-06-09T09:29:35,100.0,35.2,S
2021-06-09T09:29:33,2500.0,35.2,S
2021-06-09T09:29:24,1800.0,35.2,S
2021-06-09T09:29:15,33800.0,35.2,S
2021-06-09T09:29:15,1000.0,35.2,S
2021-06-09T09:29:15,1000.0,35.2,S
2021-06-09T09:29:06,2000.0,35.2,S
2021-06-09T09:29:01,1000.0,35.2,S
2021-06-09T09:28:57,1000.0,35.2,S
2021-06-09T09:28:53,100.0,35.2,S
2021-06-09T09:28:53,4100.0,35.2,S
2021-06-09T09:28:51,2000.0,35.2,S
2021-06-09T09:28:49,6200.0,35.2,S
2021-06-09T09:28:47,300.0,35.2,S
2021-06-09T09:28:41,100.0,35.25,B
2021-06-09T09:28:41,500.0,35.25,B
2021-06-09T09:28:37,1000.0,35.2,S
2021-06-09T09:28:34,3000.0,35.25,B
2021-06-09T09:28:34,900.0,35.2,S
2021-06-09T09:28:27,200.0,35.2,B
2021-06-09T09:28:26,100.0,35.25,B
2021-06-09T09:28:25,5900.0,35.2,B
2021-06-09T09:28:23,100.0,35.2,B
2021-06-09T09:28:20,1000.0,35.2,B
2021-06-09T09:28:14,1000.0,35.2,B
2021-06-09T09:28:09,4000.0,35.2,B
2021-06-09T09:28:04,5000.0,35.2,B
2021-06-09T09:28:03,400.0,35.2,B
2021-06-09T09:28:01,2500.0,35.2,B
2021-06-09T09:28:00,1000.0,35.2,B
2021-06-09T09:27:47,2000.0,35.2,B
2021-06-09T09:27:45,2200.0,35.2,B
2021-06-09T09:27:43,300.0,35.2,B
2021-06-09T09:27:43,5000.0,35.25,B
2021-06-09T09:27:42,30000.0,35.2,B
2021-06-09T09:27:42,1000.0,35.2,B
2021-06-09T09:27:41,100.0,35.25,B
2021-06-09T09:27:38,400.0,35.2,B
2021-06-09T09:27:35,7400.0,35.2,B
2021-06-09T09:27:34,1000.0,35.2,B
2021-06-09T09:27:23,500.0,35.2,B
2021-06-09T09:27:21,600.0,35.2,B
2021-06-09T09:27:12,200.0,35.2,B
2021-06-09T09:27:12,1500.0,35.2,B
2021-06-09T09:27:03,100.0,35.2,B
2021-06-09T09:27:02,2000.0,35.2,B
2021-06-09T09:27:01,100.0,35.2,B
2021-06-09T09:27:01,1000.0,35.2,B
2021-06-09T09:26:56,3500.0,35.2,B
2021-06-09T09:26:54,500.0,35.2,B
2021-06-09T09:26:48,1500.0,35.2,B
2021-06-09T09:26:48,500.0,35.3,B
2021-06-09T09:26:47,3000.0,35.2,B
2021-06-09T09:26:42,200.0,35.3,B
2021-06-09T09:26:35,100.0,35.3,B
2021-06-09T09:26:28,200.0,35.3,B
2021-06-09T09:26:28,2500.0,35.3,B
2021-06-09T09:26:25,3000.0,35.3,B
2021-06-09T09:26:22,4000.0,35.3,B
2021-06-09T09:26:21,1000.0,35.3,B
2021-06-09T09:26:16,500.0,35.3,B
2021-06-09T09:26:10,2000.0,35.3,B
2021-06-09T09:26:09,1500.0,35.3,B
2021-06-09T09:26:06,100.0,35.3,B
2021-06-09T09:26:06,500.0,35.3,B
2021-06-09T09:26:05,500.0,35.3,B
2021-06-09T09:26:05,100.0,35.3,B
2021-06-09T09:25:56,200.0,35.3,B
2021-06-09T09:25:54,100.0,35.3,B
2021-06-09T09:25:51,500.0,35.3,B
2021-06-09T09:25:51,100.0,35.3,B
2021-06-09T09:25:47,200.0,35.3,B
2021-06-09T09:25:45,2000.0,35.3,B
2021-06-09T09:25:45,10000.0,35.3,B
2021-06-09T09:25:44,500.0,35.3,B
2021-06-09T09:25:42,1000.0,35.3,B
2021-06-09T09:25:39,100.0,35.3,B
2021-06-09T09:25:38,100.0,35.3,B
2021-06-09T09:25:33,3300.0,35.3,B
2021-06-09T09:25:33,1000.0,35.3,B
2021-06-09T09:25:32,100.0,35.3,B
2021-06-09T09:25:26,100.0,35.3,B
2021-06-09T09:25:26,100.0,35.3,B
2021-06-09T09:25:24,200.0,35.3,B
2021-06-09T09:25:21,1000.0,35.3,B
2021-06-09T09:25:19,1000.0,35.3,B
2021-06-09T09:25:12,700.0,35.3,B
2021-06-09T09:25:08,200.0,35.3,B
2021-06-09T09:25:07,13000.0,35.3,B
2021-06-09T09:24:59,100.0,35.4,B
2021-06-09T09:24:58,100.0,35.3,B
2021-06-09T09:24:55,100.0,35.3,B
2021-06-09T09:24:50,400.0,35.3,B
2021-06-09T09:24:46,100.0,35.3,B
2021-06-09T09:24:42,200.0,35.3,B
2021-06-09T09:24:41,200.0,35.3,B
2021-06-09T09:24:41,6200.0,35.3,B
2021-06-09T09:24:32,600.0,35.3,B
2021-06-09T09:24:24,1000.0,35.3,B
2021-06-09T09:24:21,700.0,35.3,B
2021-06-09T09:24:04,2200.0,35.3,B
2021-06-09T09:24:03,1000.0,35.3,B
2021-06-09T09:23:58,300.0,35.3,B
2021-06-09T09:23:56,20000.0,35.3,B
2021-06-09T09:23:52,3500.0,35.3,B
2021-06-09T09:23:49,3500.0,35.3,B
2021-06-09T09:23:46,5000.0,35.3,B
2021-06-09T09:23:45,100.0,35.3,B
2021-06-09T09:23:44,100.0,35.3,B
2021-06-09T09:23:38,100.0,35.3,B
2021-06-09T09:23:32,500.0,35.3,B
2021-06-09T09:23:31,2400.0,35.3,B
2021-06-09T09:23:28,2000.0,35.2,B
2021-06-09T09:23:26,1000.0,35.2,B
2021-06-09T09:23:23,600.0,35.2,B
2021-06-09T09:23:16,4400.0,35.2,B
2021-06-09T09:23:15,100.0,35.2,B
2021-06-09T09:23:14,6700.0,35.2,B
2021-06-09T09:23:10,100.0,35.1,B
2021-06-09T09:23:00,100.0,35.1,B
2021-06-09T09:23:00,13000.0,35.1,B
2021-06-09T09:22:52,3000.0,35.1,B
2021-06-09T09:22:49,100.0,35.2,B
2021-06-09T09:22:40,200.0,35.2,B
2021-06-09T09:22:37,7200.0,35.1,B
2021-06-09T09:22:37,23200.0,35.1,B
2021-06-09T09:22:37,1200.0,35.1,B
2021-06-09T09:22:37,3000.0,35.1,B
2021-06-09T09:22:27,100.0,35.05,S
2021-06-09T09:22:22,100.0,35.05,S
2021-06-09T09:22:15,1000.0,35.0,S
2021-06-09T09:22:12,100.0,35.0,S
2021-06-09T09:22:07,100.0,35.05,S
2021-06-09T09:22:06,500.0,35.05,S
2021-06-09T09:22:06,500.0,35.05,S
2021-06-09T09:22:05,200.0,35.0,S
2021-06-09T09:22:03,2000.0,35.0,S
2021-06-09T09:22:00,500.0,35.05,S
2021-06-09T09:21:51,1000.0,35.05,S
2021-06-09T09:21:51,5400.0,35.05,S
2021-06-09T09:21:50,14000.0,35.05,S
2021-06-09T09:21:45,600.0,35.05,S
2021-06-09T09:21:45,300.0,35.05,S
2021-06-09T09:21:45,200.0,35.05,S
2021-06-09T09:21:44,100.0,35.1,B
2021-06-09T09:21:36,300.0,35.1,B
2021-06-09T09:21:35,200.0,35.1,B
2021-06-09T09:21:32,500.0,35.05,S
2021-06-09T09:21:31,200.0,35.1,B
2021-06-09T09:21:28,500.0,35.1,B
2021-06-09T09:21:24,100.0,35.1,B
2021-06-09T09:21:21,2000.0,35.1,B
2021-06-09T09:21:15,2000.0,35.05,S
2021-06-09T09:21:09,100.0,35.1,B
2021-06-09T09:21:08,500.0,35.05,S
2021-06-09T09:21:05,100.0,35.05,S
2021-06-09T09:21:04,500.0,35.1,B
2021-06-09T09:21:02,100.0,35.1,B
2021-06-09T09:21:01,1000.0,35.05,S
2021-06-09T09:20:58,200.0,35.15,B
2021-06-09T09:20:56,16900.0,35.05,S
2021-06-09T09:20:53,100.0,35.1,B
2021-06-09T09:20:52,500.0,35.1,B
2021-06-09T09:20:51,200.0,35.1,B
2021-06-09T09:20:46,400.0,35.1,B
2021-06-09T09:20:45,300.0,35.1,B
2021-06-09T09:20:42,1000.0,35.1,B
2021-06-09T09:20:38,5000.0,35.1,B
2021-06-09T09:20:30,100.0,35.1,B
2021-06-09T09:20:20,1000.0,35.1,B
2021-06-09T09:20:09,500.0,35.1,B
2021-06-09T09:20:06,1000.0,35.1,B
2021-06-09T09:19:57,100.0,35.1,B
2021-06-09T09:19:39,400.0,35.1,B
2021-06-09T09:19:39,1600.0,35.1,B
2021-06-09T09:19:38,400.0,35.1,B
2021-06-09T09:19:22,600.0,35.1,B
2021-06-09T09:19:14,100.0,35.1,B
2021-06-09T09:19:08,500.0,35.2,B
2021-06-09T09:19:06,200.0,35.1,B
2021-06-09T09:19:05,300.0,35.1,B
2021-06-09T09:18:55,100.0,35.1,B
2021-06-09T09:18:53,100.0,35.2,B
2021-06-09T09:18:51,2000.0,35.1,B
2021-06-09T09:18:47,4000.0,35.1,B
2021-06-09T09:18:43,10000.0,35.1,B
2021-06-09T09:18:40,500.0,35.1,B
2021-06-09T09:18:30,300.0,35.3,B
2021-06-09T09:18:27,2500.0,35.1,B
2021-06-09T09:18:27,500.0,35.1,B
2021-06-09T09:18:26,4200.0,35.1,B
2021-06-09T09:18:24,400.0,35.1,B
2021-06-09T09:18:17,2000.0,35.1,B
2021-06-09T09:18:15,1000.0,35.3,B
2021-06-09T09:18:15,500.0,35.2,B
2021-06-09T09:18:14,1000.0,35.2,B
2021-06-09T09:17:31,1000.0,35.1,B
2021-06-09T09:17:31,10000.0,35.1,B
2021-06-09T09:17:29,100.0,35.1,B
2021-06-09T09:17:29,1000.0,35.1,B
2021-06-09T09:17:27,10000.0,35.1,B
2021-06-09T09:17:26,500.0,35.1,B
2021-06-09T09:17:24,6500.0,35.1,B
2021-06-09T09:17:22,500.0,35.05,B
2021-06-09T09:17:19,10000.0,35.05,B
2021-06-09T09:17:14,1000.0,35.0,S
2021-06-09T09:17:14,200.0,35.05,B
2021-06-09T09:17:06,200.0,35.0,S
2021-06-09T09:17:04,3000.0,35.0,S
2021-06-09T09:16:55,100.0,35.05,B
2021-06-09T09:16:50,100.0,35.05,S
2021-06-09T09:16:47,1900.0,35.05,S
2021-06-09T09:16:46,200.0,35.05,S
2021-06-09T09:16:38,500.0,35.05,S
2021-06-09T09:16:29,100.0,35.05,S
2021-06-09T09:16:25,1000.0,35.05,S
2021-06-09T09:16:24,200.0,35.05,S
2021-06-09T09:15:58,100.0,35.05,B
2021-06-09T09:15:54,2000.0,35.0,S
2021-06-09T09:15:45,2100.0,35.0,B
2021-06-09T09:15:45,1600.0,35.0,B
2021-06-09T09:15:45,7100.0,35.0,B
2021-06-09T09:15:45,16400.0,35.0,B
2021-06-09T09:15:45,4300.0,35.0,B
2021-06-09T09:15:45,3400.0,35.0,B
2021-06-09T09:15:44,2000.0,35.0,B
