tradingTime,volume,price,side
2021-06-09T14:29:54,500.0,6.43,B
2021-06-09T14:28:32,10000.0,6.43,B
2021-06-09T14:27:57,1000.0,6.42,S
2021-06-09T14:27:00,21500.0,6.4,S
2021-06-09T14:26:51,100.0,6.42,S
2021-06-09T14:26:38,300.0,6.42,S
2021-06-09T14:25:31,300.0,6.41,S
2021-06-09T14:24:22,1000.0,6.42,B
2021-06-09T14:23:36,100.0,6.42,S
2021-06-09T14:23:21,3700.0,6.42,S
2021-06-09T14:22:11,200.0,6.42,S
2021-06-09T14:21:44,100.0,6.43,S
2021-06-09T14:21:16,2100.0,6.43,S
2021-06-09T14:20:52,400.0,6.43,S
2021-06-09T14:20:22,1000.0,6.43,S
2021-06-09T14:19:37,200.0,6.43,B
2021-06-09T14:18:42,500.0,6.42,S
2021-06-09T14:17:54,100.0,6.42,S
2021-06-09T14:17:54,6700.0,6.42,S
2021-06-09T14:17:28,14000.0,6.43,B
2021-06-09T14:17:25,300.0,6.43,B
2021-06-09T14:16:58,100.0,6.43,B
2021-06-09T14:16:43,1000.0,6.43,B
2021-06-09T14:16:43,5900.0,6.42,S
2021-06-09T14:16:43,100.0,6.42,S
2021-06-09T14:16:17,1000.0,6.43,B
2021-06-09T14:16:06,5000.0,6.43,B
2021-06-09T14:15:34,100.0,6.43,B
2021-06-09T14:15:28,500.0,6.43,B
2021-06-09T14:15:06,200.0,6.42,S
2021-06-09T14:14:52,3000.0,6.43,B
2021-06-09T14:14:45,1000.0,6.43,B
2021-06-09T14:13:47,2000.0,6.43,S
2021-06-09T14:13:04,500.0,6.43,S
2021-06-09T14:12:35,600.0,6.43,S
2021-06-09T14:12:35,400.0,6.43,S
2021-06-09T14:12:29,3400.0,6.44,B
2021-06-09T14:12:28,2000.0,6.44,B
2021-06-09T14:12:28,4600.0,6.44,B
2021-06-09T14:10:23,400.0,6.43,S
2021-06-09T14:07:55,400.0,6.44,S
2021-06-09T14:07:45,3000.0,6.45,B
2021-06-09T14:07:37,100.0,6.44,S
2021-06-09T14:07:21,2000.0,6.44,S
2021-06-09T14:07:17,100.0,6.44,S
2021-06-09T14:07:11,1000.0,6.45,B
2021-06-09T14:06:29,1300.0,6.45,B
2021-06-09T14:06:20,600.0,6.45,B
2021-06-09T14:06:11,100.0,6.45,B
2021-06-09T14:06:07,900.0,6.45,B
2021-06-09T14:05:53,1000.0,6.45,B
2021-06-09T14:05:23,4000.0,6.45,B
2021-06-09T14:05:11,10000.0,6.44,S
2021-06-09T14:05:02,1300.0,6.44,S
2021-06-09T14:04:01,1000.0,6.44,S
2021-06-09T14:03:53,200.0,6.44,S
2021-06-09T14:02:05,200.0,6.45,B
2021-06-09T14:01:24,11000.0,6.45,S
2021-06-09T14:01:23,19000.0,6.45,S
2021-06-09T14:01:16,600.0,6.46,B
2021-06-09T14:00:53,1000.0,6.45,S
2021-06-09T13:59:03,10000.0,6.46,B
2021-06-09T13:59:03,8000.0,6.45,B
2021-06-09T13:58:36,100.0,6.45,S
2021-06-09T13:58:17,3200.0,6.45,S
2021-06-09T13:58:15,100.0,6.45,S
2021-06-09T13:58:10,300.0,6.45,S
2021-06-09T13:57:48,300.0,6.45,S
2021-06-09T13:57:42,5100.0,6.45,S
2021-06-09T13:57:10,1000.0,6.45,S
2021-06-09T13:56:56,1000.0,6.45,S
2021-06-09T13:56:09,1000.0,6.46,B
2021-06-09T13:55:46,500.0,6.46,B
2021-06-09T13:54:35,7400.0,6.45,B
2021-06-09T13:54:10,100.0,6.44,B
2021-06-09T13:53:11,700.0,6.43,B
2021-06-09T13:53:05,100.0,6.44,B
2021-06-09T13:53:05,2100.0,6.44,B
2021-06-09T13:52:57,100.0,6.43,B
2021-06-09T13:52:43,100.0,6.43,B
2021-06-09T13:52:22,600.0,6.43,B
2021-06-09T13:51:46,10000.0,6.43,B
2021-06-09T13:51:16,1000.0,6.43,B
2021-06-09T13:50:50,1400.0,6.43,B
2021-06-09T13:50:49,2000.0,6.43,B
2021-06-09T13:50:32,4800.0,6.43,S
2021-06-09T13:50:28,6300.0,6.43,S
2021-06-09T13:50:18,600.0,6.44,B
2021-06-09T13:49:22,500.0,6.43,S
2021-06-09T13:49:08,6000.0,6.43,B
2021-06-09T13:48:35,1100.0,6.43,B
2021-06-09T13:48:18,900.0,6.43,B
2021-06-09T13:48:14,23000.0,6.44,B
2021-06-09T13:47:36,18400.0,6.43,S
2021-06-09T13:46:42,4000.0,6.44,S
2021-06-09T13:46:25,1800.0,6.44,S
2021-06-09T13:45:58,8800.0,6.44,S
2021-06-09T13:44:09,1500.0,6.45,B
2021-06-09T13:43:51,1000.0,6.45,B
2021-06-09T13:42:51,6900.0,6.45,S
2021-06-09T13:42:48,1900.0,6.45,S
2021-06-09T13:42:48,16200.0,6.45,S
2021-06-09T13:42:48,1000.0,6.45,S
2021-06-09T13:42:48,11000.0,6.45,S
2021-06-09T13:42:48,9900.0,6.45,S
2021-06-09T13:41:55,2000.0,6.45,S
2021-06-09T13:41:01,100.0,6.45,S
2021-06-09T13:40:33,2000.0,6.46,B
2021-06-09T13:40:07,7900.0,6.46,B
2021-06-09T13:39:43,200.0,6.46,S
2021-06-09T13:38:44,1000.0,6.46,S
2021-06-09T13:36:32,700.0,6.47,B
2021-06-09T13:35:49,200.0,6.45,S
2021-06-09T13:33:43,1000.0,6.47,B
2021-06-09T13:32:40,100.0,6.47,B
2021-06-09T13:30:52,7800.0,6.47,B
2021-06-09T13:30:32,400.0,6.47,B
2021-06-09T13:30:13,100.0,6.45,S
2021-06-09T13:29:21,15000.0,6.47,B
2021-06-09T13:29:21,100.0,6.46,B
2021-06-09T13:29:14,800.0,6.46,B
2021-06-09T13:29:07,200.0,6.46,B
2021-06-09T13:29:00,1000.0,6.46,B
2021-06-09T13:28:48,3000.0,6.45,S
2021-06-09T13:28:33,7000.0,6.46,S
2021-06-09T13:28:21,100.0,6.45,S
2021-06-09T13:28:05,3500.0,6.46,S
2021-06-09T13:27:53,5000.0,6.46,S
2021-06-09T13:25:56,5000.0,6.46,S
2021-06-09T13:25:32,100.0,6.47,B
2021-06-09T13:25:21,500.0,6.47,B
2021-06-09T13:24:49,1000.0,6.47,S
2021-06-09T13:24:00,200.0,6.48,B
2021-06-09T13:23:42,900.0,6.48,B
2021-06-09T13:23:42,100.0,6.47,S
2021-06-09T13:23:37,4900.0,6.47,S
2021-06-09T13:23:33,700.0,6.47,S
2021-06-09T13:23:15,6700.0,6.47,S
2021-06-09T13:22:39,1000.0,6.48,B
2021-06-09T13:22:12,800.0,6.48,B
2021-06-09T13:21:59,100.0,6.48,B
2021-06-09T13:21:32,1000.0,6.48,B
2021-06-09T13:21:30,600.0,6.48,B
2021-06-09T13:21:00,100.0,6.47,S
2021-06-09T13:20:43,400.0,6.48,B
2021-06-09T13:20:40,200.0,6.48,B
2021-06-09T13:19:20,500.0,6.48,B
2021-06-09T13:18:24,500.0,6.47,S
2021-06-09T13:18:12,2000.0,6.48,B
2021-06-09T13:18:08,4000.0,6.47,S
2021-06-09T13:18:07,10000.0,6.48,B
2021-06-09T13:17:30,500.0,6.48,B
2021-06-09T13:16:19,10000.0,6.48,B
2021-06-09T13:14:43,1300.0,6.45,S
2021-06-09T13:13:21,1000.0,6.45,S
2021-06-09T13:11:54,900.0,6.45,B
2021-06-09T13:11:52,1000.0,6.45,B
2021-06-09T13:11:49,600.0,6.45,B
2021-06-09T13:11:26,1100.0,6.45,B
2021-06-09T13:11:02,200.0,6.45,S
2021-06-09T13:10:59,1400.0,6.45,S
2021-06-09T13:10:52,500.0,6.42,S
2021-06-09T13:10:49,100.0,6.48,B
2021-06-09T13:10:32,1000.0,6.48,B
2021-06-09T13:10:20,100.0,6.45,S
2021-06-09T13:10:20,400.0,6.45,S
2021-06-09T13:10:20,4500.0,6.46,S
2021-06-09T13:10:08,1000.0,6.48,B
2021-06-09T13:09:47,1000.0,6.48,B
2021-06-09T13:09:47,9000.0,6.48,B
2021-06-09T13:09:34,300.0,6.46,B
2021-06-09T13:09:07,500.0,6.46,B
2021-06-09T13:09:07,500.0,6.45,B
2021-06-09T13:08:49,100.0,6.45,B
2021-06-09T13:08:47,400.0,6.45,B
2021-06-09T13:08:42,500.0,6.45,B
2021-06-09T13:08:15,10000.0,6.45,B
2021-06-09T13:07:47,200.0,6.45,B
2021-06-09T13:06:22,1300.0,6.45,B
2021-06-09T13:06:22,4000.0,6.45,B
2021-06-09T13:06:22,900.0,6.45,B
2021-06-09T13:06:09,300.0,6.45,B
2021-06-09T13:06:09,500.0,6.43,B
2021-06-09T13:05:09,3700.0,6.45,B
2021-06-09T13:05:09,10000.0,6.45,B
2021-06-09T13:05:09,600.0,6.45,B
2021-06-09T13:05:09,100.0,6.45,B
2021-06-09T13:05:09,1000.0,6.45,B
2021-06-09T13:05:09,500.0,6.45,B
2021-06-09T13:05:09,3800.0,6.45,B
2021-06-09T13:05:08,15600.0,6.45,B
2021-06-09T13:05:08,4500.0,6.43,B
2021-06-09T13:05:08,6200.0,6.43,B
2021-06-09T13:05:08,7000.0,6.43,B
2021-06-09T13:03:46,4200.0,6.42,S
2021-06-09T13:02:46,45800.0,6.42,B
2021-06-09T13:02:14,1200.0,6.41,B
2021-06-09T13:02:14,1600.0,6.41,B
2021-06-09T13:02:14,300.0,6.4,B
2021-06-09T13:02:14,600.0,6.4,B
2021-06-09T13:00:51,300.0,6.4,B
2021-06-09T13:00:26,2100.0,6.4,B
2021-06-09T13:00:22,700.0,6.39,B
2021-06-09T13:00:22,2000.0,6.4,B
2021-06-09T13:00:18,2000.0,6.39,B
2021-06-09T13:00:18,100.0,6.39,B
2021-06-09T13:00:18,400.0,6.39,B
2021-06-09T13:00:18,100.0,6.39,B
2021-06-09T13:00:16,900.0,6.39,B
2021-06-09T13:00:16,6100.0,6.39,B
2021-06-09T13:00:16,100.0,6.39,B
2021-06-09T13:00:16,200.0,6.39,B
2021-06-09T13:00:16,100.0,6.39,B
2021-06-09T13:00:16,800.0,6.39,B
2021-06-09T13:00:15,500.0,6.39,B
2021-06-09T11:30:09,1000.0,6.39,B
2021-06-09T11:29:42,100.0,6.38,S
2021-06-09T11:29:09,1300.0,6.39,B
2021-06-09T11:26:47,8800.0,6.38,S
2021-06-09T11:26:43,100.0,6.39,B
2021-06-09T11:26:09,700.0,6.38,S
2021-06-09T11:25:49,1000.0,6.38,S
2021-06-09T11:25:49,200.0,6.38,S
2021-06-09T11:25:48,100.0,6.38,S
2021-06-09T11:24:11,1400.0,6.39,B
2021-06-09T11:24:11,3600.0,6.39,B
2021-06-09T11:23:52,1400.0,6.38,S
2021-06-09T11:23:47,700.0,6.38,S
2021-06-09T11:23:47,1400.0,6.38,S
2021-06-09T11:23:25,800.0,6.39,B
2021-06-09T11:21:37,6500.0,6.39,S
2021-06-09T11:21:36,1000.0,6.38,S
2021-06-09T11:21:33,500.0,6.38,S
2021-06-09T11:21:29,1300.0,6.38,S
2021-06-09T11:21:19,4100.0,6.39,S
2021-06-09T11:20:53,1900.0,6.39,S
2021-06-09T11:20:44,4300.0,6.39,B
2021-06-09T11:20:36,3900.0,6.38,S
2021-06-09T11:20:36,1400.0,6.38,S
2021-06-09T11:19:57,1000.0,6.38,S
2021-06-09T11:19:00,100.0,6.39,B
2021-06-09T11:18:55,3400.0,6.39,B
2021-06-09T11:18:43,700.0,6.38,S
2021-06-09T11:18:13,20000.0,6.38,S
2021-06-09T11:18:12,100.0,6.39,B
2021-06-09T11:17:55,400.0,6.39,B
2021-06-09T11:16:27,1000.0,6.39,S
2021-06-09T11:16:27,5500.0,6.39,S
2021-06-09T11:16:27,3000.0,6.39,S
2021-06-09T11:16:06,13300.0,6.42,B
2021-06-09T11:15:53,5900.0,6.4,S
2021-06-09T11:15:50,9000.0,6.42,B
2021-06-09T11:15:46,200.0,6.42,B
2021-06-09T11:15:04,15000.0,6.4,S
2021-06-09T11:14:53,3000.0,6.41,S
2021-06-09T11:14:50,500.0,6.41,S
2021-06-09T11:14:29,1000.0,6.42,B
2021-06-09T11:14:13,10000.0,6.42,B
2021-06-09T11:11:41,7000.0,6.42,S
2021-06-09T11:09:12,200.0,6.42,S
2021-06-09T11:08:31,1200.0,6.41,S
2021-06-09T11:08:31,800.0,6.42,S
2021-06-09T11:07:56,1300.0,6.42,B
2021-06-09T11:07:52,2000.0,6.42,B
2021-06-09T11:07:48,10000.0,6.42,B
2021-06-09T11:07:22,2000.0,6.42,B
2021-06-09T11:06:46,2700.0,6.42,B
2021-06-09T11:06:25,200.0,6.42,B
2021-06-09T11:06:03,5000.0,6.42,B
2021-06-09T11:05:38,100.0,6.42,B
2021-06-09T11:05:36,1000.0,6.42,B
2021-06-09T11:05:15,800.0,6.41,S
2021-06-09T11:05:15,100.0,6.41,S
2021-06-09T11:05:15,2000.0,6.41,S
2021-06-09T11:05:15,7500.0,6.41,S
2021-06-09T11:05:14,4600.0,6.41,S
2021-06-09T11:05:10,200.0,6.42,B
2021-06-09T11:03:57,200.0,6.42,B
2021-06-09T11:03:56,5000.0,6.41,S
2021-06-09T11:03:17,100.0,6.41,S
2021-06-09T11:02:46,500.0,6.41,S
2021-06-09T11:01:58,100.0,6.41,S
2021-06-09T11:01:46,100.0,6.42,B
2021-06-09T11:00:57,300.0,6.42,B
2021-06-09T11:00:50,100.0,6.42,B
2021-06-09T11:00:12,1000.0,6.42,B
2021-06-09T10:59:17,100.0,6.41,S
2021-06-09T10:59:12,100.0,6.41,S
2021-06-09T10:58:35,300.0,6.42,B
2021-06-09T10:58:30,8000.0,6.39,S
2021-06-09T10:58:30,5000.0,6.4,S
2021-06-09T10:58:30,2700.0,6.4,S
2021-06-09T10:58:30,200.0,6.41,S
2021-06-09T10:58:30,100.0,6.41,S
2021-06-09T10:58:30,400.0,6.41,S
2021-06-09T10:58:30,11600.0,6.41,S
2021-06-09T10:58:06,200.0,6.41,S
2021-06-09T10:58:03,600.0,6.42,B
2021-06-09T10:57:56,100.0,6.42,B
2021-06-09T10:57:49,7000.0,6.42,B
2021-06-09T10:57:41,100.0,6.42,B
2021-06-09T10:57:38,100.0,6.43,B
2021-06-09T10:57:36,12100.0,6.42,B
2021-06-09T10:57:10,8000.0,6.42,B
2021-06-09T10:57:02,1900.0,6.42,B
2021-06-09T10:57:02,3500.0,6.42,B
2021-06-09T10:57:02,14600.0,6.42,B
2021-06-09T10:56:47,1300.0,6.41,S
2021-06-09T10:56:38,1000.0,6.42,B
2021-06-09T10:56:28,3000.0,6.42,B
2021-06-09T10:55:44,1300.0,6.41,S
2021-06-09T10:55:21,2000.0,6.42,B
2021-06-09T10:55:18,3600.0,6.42,B
2021-06-09T10:55:18,400.0,6.42,B
2021-06-09T10:55:18,1800.0,6.42,B
2021-06-09T10:55:18,3500.0,6.42,B
2021-06-09T10:54:58,100.0,6.41,S
2021-06-09T10:54:04,100.0,6.42,B
2021-06-09T10:53:56,200.0,6.41,S
2021-06-09T10:53:50,1000.0,6.42,B
2021-06-09T10:53:47,5000.0,6.41,S
2021-06-09T10:53:42,100.0,6.41,S
2021-06-09T10:53:27,100.0,6.42,B
2021-06-09T10:51:40,200.0,6.41,B
2021-06-09T10:48:27,10000.0,6.38,S
2021-06-09T10:48:07,10000.0,6.4,S
2021-06-09T10:47:23,37900.0,6.4,B
2021-06-09T10:46:26,700.0,6.4,B
2021-06-09T10:45:43,10000.0,6.38,S
2021-06-09T10:45:23,3000.0,6.38,S
2021-06-09T10:44:36,1000.0,6.4,B
2021-06-09T10:44:32,2000.0,6.38,S
2021-06-09T10:43:31,2900.0,6.4,B
2021-06-09T10:43:31,2100.0,6.4,B
2021-06-09T10:42:57,20100.0,6.38,B
2021-06-09T10:42:57,100.0,6.38,B
2021-06-09T10:42:57,10800.0,6.38,B
2021-06-09T10:42:27,500.0,6.4,B
2021-06-09T10:42:26,600.0,6.4,B
2021-06-09T10:42:26,6400.0,6.4,B
2021-06-09T10:42:23,200.0,6.38,B
2021-06-09T10:41:24,500.0,6.4,B
2021-06-09T10:41:23,19800.0,6.37,S
2021-06-09T10:41:23,9400.0,6.37,S
2021-06-09T10:41:23,7300.0,6.37,S
2021-06-09T10:41:21,13500.0,6.37,S
2021-06-09T10:40:18,1000.0,6.38,B
2021-06-09T10:40:15,300.0,6.38,B
2021-06-09T10:40:14,2000.0,6.38,B
2021-06-09T10:40:06,13900.0,6.4,B
2021-06-09T10:40:06,2800.0,6.4,B
2021-06-09T10:40:06,83300.0,6.4,B
2021-06-09T10:39:36,3600.0,6.38,B
2021-06-09T10:39:28,29000.0,6.38,B
2021-06-09T10:39:12,3000.0,6.38,B
2021-06-09T10:38:31,2000.0,6.38,B
2021-06-09T10:37:48,300.0,6.38,B
2021-06-09T10:37:46,200.0,6.38,B
2021-06-09T10:37:22,7000.0,6.38,B
2021-06-09T10:37:22,3200.0,6.38,B
2021-06-09T10:36:54,30000.0,6.37,S
2021-06-09T10:36:37,7200.0,6.38,B
2021-06-09T10:36:18,5900.0,6.37,S
2021-06-09T10:35:45,50000.0,6.38,B
2021-06-09T10:35:32,5000.0,6.37,B
2021-06-09T10:35:23,11900.0,6.37,B
2021-06-09T10:35:13,12000.0,6.36,S
2021-06-09T10:35:05,900.0,6.37,B
2021-06-09T10:35:04,900.0,6.37,B
2021-06-09T10:34:59,500.0,6.37,B
2021-06-09T10:34:54,2000.0,6.37,B
2021-06-09T10:34:32,5200.0,6.37,B
2021-06-09T10:34:32,100.0,6.37,B
2021-06-09T10:34:32,200.0,6.37,B
2021-06-09T10:34:14,100.0,6.37,B
2021-06-09T10:34:04,30000.0,6.37,B
2021-06-09T10:33:54,200.0,6.37,B
2021-06-09T10:33:44,20000.0,6.37,B
2021-06-09T10:33:43,5000.0,6.37,B
2021-06-09T10:33:25,5000.0,6.37,B
2021-06-09T10:33:24,200.0,6.37,B
2021-06-09T10:32:50,100.0,6.37,B
2021-06-09T10:32:13,1000.0,6.37,B
2021-06-09T10:31:44,5000.0,6.37,B
2021-06-09T10:31:25,500.0,6.37,B
2021-06-09T10:31:17,2000.0,6.37,B
2021-06-09T10:31:07,5000.0,6.37,B
2021-06-09T10:31:03,400.0,6.37,B
2021-06-09T10:30:37,3000.0,6.37,B
2021-06-09T10:30:22,5700.0,6.37,B
2021-06-09T10:30:19,400.0,6.37,B
2021-06-09T10:30:14,200.0,6.37,B
2021-06-09T10:30:14,1500.0,6.37,B
2021-06-09T10:30:14,300.0,6.37,B
2021-06-09T10:30:11,1000.0,6.37,B
2021-06-09T10:29:59,500.0,6.37,B
2021-06-09T10:29:25,100.0,6.37,B
2021-06-09T10:28:25,3600.0,6.37,B
2021-06-09T10:28:25,4900.0,6.37,B
2021-06-09T10:27:52,10000.0,6.37,B
2021-06-09T10:27:50,8100.0,6.37,B
2021-06-09T10:27:44,500.0,6.37,B
2021-06-09T10:27:23,100.0,6.37,B
2021-06-09T10:27:08,100.0,6.35,S
2021-06-09T10:27:08,9900.0,6.35,S
2021-06-09T10:27:02,500.0,6.37,B
2021-06-09T10:26:51,300.0,6.37,B
2021-06-09T10:26:45,1000.0,6.37,B
2021-06-09T10:26:22,2100.0,6.35,S
2021-06-09T10:26:22,400.0,6.35,S
2021-06-09T10:26:22,6300.0,6.35,S
2021-06-09T10:26:22,1200.0,6.36,S
2021-06-09T10:26:22,1100.0,6.36,S
2021-06-09T10:26:22,600.0,6.36,S
2021-06-09T10:26:22,200.0,6.36,S
2021-06-09T10:26:21,8100.0,6.36,S
2021-06-09T10:25:56,500.0,6.37,B
2021-06-09T10:25:40,1000.0,6.37,B
2021-06-09T10:25:14,4500.0,6.37,B
2021-06-09T10:25:05,1000.0,6.37,B
2021-06-09T10:25:05,1500.0,6.37,B
2021-06-09T10:25:04,2700.0,6.36,S
2021-06-09T10:25:02,400.0,6.36,S
2021-06-09T10:25:01,2000.0,6.37,B
2021-06-09T10:24:28,1500.0,6.36,S
2021-06-09T10:24:10,1100.0,6.37,B
2021-06-09T10:24:09,5000.0,6.37,B
2021-06-09T10:23:44,4500.0,6.37,B
2021-06-09T10:23:36,5000.0,6.37,B
2021-06-09T10:23:23,3000.0,6.37,B
2021-06-09T10:23:16,100.0,6.37,B
2021-06-09T10:23:07,2000.0,6.37,B
2021-06-09T10:22:46,300.0,6.37,B
2021-06-09T10:22:35,500.0,6.37,B
2021-06-09T10:22:34,200.0,6.37,B
2021-06-09T10:22:05,1200.0,6.37,B
2021-06-09T10:21:24,500.0,6.37,B
2021-06-09T10:21:22,10000.0,6.37,B
2021-06-09T10:20:40,200.0,6.37,B
2021-06-09T10:20:24,400.0,6.37,B
2021-06-09T10:20:18,5000.0,6.37,B
2021-06-09T10:19:54,500.0,6.37,B
2021-06-09T10:19:50,200.0,6.37,B
2021-06-09T10:19:50,13700.0,6.37,B
2021-06-09T10:19:44,200.0,6.37,B
2021-06-09T10:19:43,300.0,6.37,B
2021-06-09T10:19:35,100.0,6.37,B
2021-06-09T10:19:30,100.0,6.36,S
2021-06-09T10:19:20,100.0,6.37,B
2021-06-09T10:19:16,500.0,6.37,B
2021-06-09T10:19:03,21000.0,6.37,B
2021-06-09T10:18:57,500.0,6.37,S
2021-06-09T10:18:33,50000.0,6.37,S
2021-06-09T10:18:22,14600.0,6.37,S
2021-06-09T10:18:22,25400.0,6.37,S
2021-06-09T10:17:54,400.0,6.37,S
2021-06-09T10:17:17,3900.0,6.38,B
2021-06-09T10:17:04,4000.0,6.37,S
2021-06-09T10:17:04,400.0,6.38,B
2021-06-09T10:16:51,1000.0,6.37,S
2021-06-09T10:16:49,200.0,6.38,B
2021-06-09T10:16:30,700.0,6.37,S
2021-06-09T10:16:17,200.0,6.37,S
2021-06-09T10:15:44,100.0,6.37,S
2021-06-09T10:15:42,1000.0,6.38,B
2021-06-09T10:14:22,100.0,6.38,B
2021-06-09T10:14:14,600.0,6.37,S
2021-06-09T10:14:08,300.0,6.37,S
2021-06-09T10:13:42,700.0,6.37,S
2021-06-09T10:13:16,900.0,6.37,S
2021-06-09T10:13:08,900.0,6.37,S
2021-06-09T10:13:03,2600.0,6.38,B
2021-06-09T10:13:03,6000.0,6.38,B
2021-06-09T10:13:02,1400.0,6.38,B
2021-06-09T10:12:28,5000.0,6.37,S
2021-06-09T10:12:13,2000.0,6.37,S
2021-06-09T10:12:05,100.0,6.37,S
2021-06-09T10:11:34,100.0,6.38,B
2021-06-09T10:11:13,1400.0,6.37,S
2021-06-09T10:10:49,1000.0,6.37,S
2021-06-09T10:09:39,1200.0,6.37,S
2021-06-09T10:09:24,8800.0,6.37,S
2021-06-09T10:09:12,200.0,6.37,S
2021-06-09T10:08:11,200.0,6.37,S
2021-06-09T10:07:55,100.0,6.37,S
2021-06-09T10:07:48,6500.0,6.37,S
2021-06-09T10:07:13,500.0,6.38,B
2021-06-09T10:07:08,2700.0,6.35,S
2021-06-09T10:07:08,200.0,6.35,S
2021-06-09T10:07:08,24900.0,6.35,S
2021-06-09T10:07:08,2700.0,6.36,S
2021-06-09T10:07:08,200.0,6.36,S
2021-06-09T10:07:08,3200.0,6.36,S
2021-06-09T10:07:08,17000.0,6.36,S
2021-06-09T10:07:08,19100.0,6.36,S
2021-06-09T10:07:03,3000.0,6.37,S
2021-06-09T10:06:39,600.0,6.37,S
2021-06-09T10:06:38,2000.0,6.37,S
2021-06-09T10:06:38,1900.0,6.37,S
2021-06-09T10:06:24,3800.0,6.37,S
2021-06-09T10:06:21,5000.0,6.37,S
2021-06-09T10:06:20,5000.0,6.37,S
2021-06-09T10:06:18,3000.0,6.37,S
2021-06-09T10:06:14,2000.0,6.37,S
2021-06-09T10:05:30,200.0,6.37,S
2021-06-09T10:05:09,300.0,6.37,S
2021-06-09T10:04:45,300.0,6.37,S
2021-06-09T10:04:30,100.0,6.37,S
2021-06-09T10:04:25,10000.0,6.37,S
2021-06-09T10:03:43,1000.0,6.36,S
2021-06-09T10:03:25,5000.0,6.37,S
2021-06-09T10:03:15,2000.0,6.37,S
2021-06-09T10:03:13,1000.0,6.37,S
2021-06-09T10:02:35,4000.0,6.37,S
2021-06-09T10:02:20,500.0,6.37,S
2021-06-09T10:01:57,300.0,6.37,S
2021-06-09T10:01:53,200.0,6.37,S
2021-06-09T10:01:34,1000.0,6.37,S
2021-06-09T10:01:00,100.0,6.37,S
2021-06-09T10:00:58,300.0,6.37,S
2021-06-09T10:00:49,6000.0,6.37,S
2021-06-09T10:00:07,200.0,6.38,S
2021-06-09T09:58:53,100.0,6.38,S
2021-06-09T09:58:53,200.0,6.37,S
2021-06-09T09:57:32,20000.0,6.37,S
2021-06-09T09:57:23,100.0,6.37,S
2021-06-09T09:57:07,100.0,6.37,S
2021-06-09T09:56:57,100.0,6.37,S
2021-06-09T09:56:54,1600.0,6.37,S
2021-06-09T09:56:54,100.0,6.37,S
2021-06-09T09:56:54,2800.0,6.37,S
2021-06-09T09:56:51,100.0,6.37,S
2021-06-09T09:56:49,100.0,6.38,S
2021-06-09T09:56:40,400.0,6.38,S
2021-06-09T09:56:40,100.0,6.38,S
2021-06-09T09:55:32,100.0,6.38,S
2021-06-09T09:55:14,1000.0,6.37,S
2021-06-09T09:54:45,1000.0,6.37,S
2021-06-09T09:53:26,1000.0,6.38,S
2021-06-09T09:53:04,700.0,6.4,B
2021-06-09T09:53:02,4100.0,6.4,B
2021-06-09T09:53:02,1500.0,6.4,B
2021-06-09T09:53:01,4400.0,6.4,B
2021-06-09T09:52:52,10000.0,6.37,S
2021-06-09T09:52:47,1000.0,6.37,S
2021-06-09T09:52:46,4700.0,6.4,S
2021-06-09T09:52:44,800.0,6.37,S
2021-06-09T09:52:11,1000.0,6.37,S
2021-06-09T09:52:09,700.0,6.37,S
2021-06-09T09:51:41,15900.0,6.37,S
2021-06-09T09:50:21,100.0,6.4,S
2021-06-09T09:50:06,800.0,6.4,S
2021-06-09T09:49:47,4900.0,6.37,S
2021-06-09T09:49:47,1100.0,6.37,S
2021-06-09T09:49:45,24000.0,6.38,S
2021-06-09T09:48:59,100.0,6.4,S
2021-06-09T09:48:24,1200.0,6.38,S
2021-06-09T09:48:20,1100.0,6.4,S
2021-06-09T09:48:20,500.0,6.4,S
2021-06-09T09:47:03,200.0,6.4,S
2021-06-09T09:44:55,500.0,6.4,S
2021-06-09T09:44:32,100.0,6.4,S
2021-06-09T09:44:20,100.0,6.42,S
2021-06-09T09:44:18,500.0,6.42,S
2021-06-09T09:43:04,200.0,6.42,S
2021-06-09T09:41:46,5000.0,6.42,S
2021-06-09T09:41:34,200.0,6.42,S
2021-06-09T09:40:51,2000.0,6.42,S
2021-06-09T09:40:50,500.0,6.4,S
2021-06-09T09:40:23,100.0,6.4,S
2021-06-09T09:39:50,100.0,6.42,S
2021-06-09T09:38:25,100.0,6.42,S
2021-06-09T09:37:01,100.0,6.42,S
2021-06-09T09:35:11,400.0,6.45,S
2021-06-09T09:34:26,400.0,6.49,B
2021-06-09T09:32:49,200.0,6.45,S
2021-06-09T09:32:17,4100.0,6.45,S
2021-06-09T09:32:06,5000.0,6.49,B
2021-06-09T09:31:52,1000.0,6.49,B
2021-06-09T09:31:42,2000.0,6.45,S
2021-06-09T09:31:11,100.0,6.46,S
2021-06-09T09:29:22,10300.0,6.45,S
2021-06-09T09:28:47,5500.0,6.45,S
2021-06-09T09:27:45,100.0,6.5,B
2021-06-09T09:26:18,27600.0,6.5,B
2021-06-09T09:24:22,500.0,6.5,B
2021-06-09T09:24:10,100.0,6.37,S
2021-06-09T09:24:10,900.0,6.37,S
2021-06-09T09:23:14,100.0,6.5,B
2021-06-09T09:23:06,1000.0,6.5,B
2021-06-09T09:22:37,2900.0,6.5,B
2021-06-09T09:22:16,200.0,6.36,S
2021-06-09T09:22:12,1000.0,6.37,S
2021-06-09T09:22:00,100.0,6.37,S
2021-06-09T09:22:00,5000.0,6.37,S
2021-06-09T09:22:00,15300.0,6.37,S
2021-06-09T09:20:45,10000.0,6.5,B
2021-06-09T09:20:30,600.0,6.5,B
2021-06-09T09:20:30,200.0,6.5,B
2021-06-09T09:20:30,6200.0,6.49,B
2021-06-09T09:20:30,100.0,6.46,B
2021-06-09T09:20:30,500.0,6.45,B
2021-06-09T09:20:30,3400.0,6.45,B
2021-06-09T09:20:22,400.0,6.4,B
2021-06-09T09:20:16,200.0,6.4,B
2021-06-09T09:19:16,100.0,6.4,B
2021-06-09T09:18:57,700.0,6.4,B
2021-06-09T09:18:53,500.0,6.37,B
2021-06-09T09:18:40,700.0,6.37,B
2021-06-09T09:18:30,4500.0,6.36,S
2021-06-09T09:18:29,500.0,6.36,S
2021-06-09T09:17:26,4000.0,6.36,S
2021-06-09T09:17:03,7000.0,6.37,B
2021-06-09T09:16:52,5000.0,6.37,B
2021-06-09T09:16:35,300.0,6.37,B
2021-06-09T09:15:45,5000.0,6.37,B
2021-06-09T09:15:45,500.0,6.36,S
