tradingTime,volume,price,side
2021-06-09T14:29:50,100.0,57.6,S
2021-06-09T14:29:30,400.0,57.6,S
2021-06-09T14:29:27,200.0,57.6,S
2021-06-09T14:29:10,1000.0,57.6,S
2021-06-09T14:28:59,200.0,57.6,S
2021-06-09T14:28:57,100.0,57.6,S
2021-06-09T14:28:52,800.0,57.6,S
2021-06-09T14:28:24,200.0,57.6,S
2021-06-09T14:28:22,1500.0,57.6,S
2021-06-09T14:26:31,1000.0,57.6,S
2021-06-09T14:25:24,500.0,57.6,S
2021-06-09T14:25:05,1000.0,57.6,S
2021-06-09T14:24:58,200.0,57.6,S
2021-06-09T14:24:56,1000.0,57.6,S
2021-06-09T14:24:13,6000.0,57.6,S
2021-06-09T14:24:00,4000.0,57.6,S
2021-06-09T14:23:39,1600.0,57.6,S
2021-06-09T14:23:00,1000.0,57.6,S
2021-06-09T14:22:40,500.0,57.6,S
2021-06-09T14:22:29,300.0,57.6,S
2021-06-09T14:22:17,2500.0,57.6,S
2021-06-09T14:22:13,1200.0,57.6,S
2021-06-09T14:22:04,100.0,57.6,S
2021-06-09T14:22:00,1000.0,57.6,S
2021-06-09T14:21:32,100.0,57.6,S
2021-06-09T14:21:16,400.0,57.6,S
2021-06-09T14:21:11,1000.0,57.6,S
2021-06-09T14:21:10,5000.0,57.6,S
2021-06-09T14:21:06,300.0,57.6,S
2021-06-09T14:21:00,1000.0,57.6,S
2021-06-09T14:20:31,500.0,57.6,S
2021-06-09T14:20:28,300.0,57.6,S
2021-06-09T14:20:26,11300.0,57.6,B
2021-06-09T14:20:25,1000.0,57.6,B
2021-06-09T14:20:23,5600.0,57.6,S
2021-06-09T14:20:19,1000.0,57.6,S
2021-06-09T14:20:18,500.0,57.6,S
2021-06-09T14:20:16,1000.0,57.6,S
2021-06-09T14:20:14,4000.0,57.6,B
2021-06-09T14:20:07,1000.0,57.6,B
2021-06-09T14:20:04,1000.0,57.6,B
2021-06-09T14:20:04,5000.0,57.6,B
2021-06-09T14:19:59,500.0,57.6,B
2021-06-09T14:19:58,100.0,57.5,S
2021-06-09T14:19:56,300.0,57.6,B
2021-06-09T14:19:55,1000.0,57.6,B
2021-06-09T14:19:53,4500.0,57.6,B
2021-06-09T14:19:52,500.0,57.6,B
2021-06-09T14:19:51,5000.0,57.6,B
2021-06-09T14:19:50,1500.0,57.6,B
2021-06-09T14:19:48,4000.0,57.6,B
2021-06-09T14:19:43,800.0,57.6,B
2021-06-09T14:19:37,1100.0,57.6,B
2021-06-09T14:19:32,900.0,57.6,B
2021-06-09T14:19:31,6900.0,57.6,B
2021-06-09T14:19:28,5000.0,57.6,B
2021-06-09T14:19:28,100.0,57.6,B
2021-06-09T14:19:25,400.0,57.6,B
2021-06-09T14:19:22,3700.0,57.6,B
2021-06-09T14:19:15,100.0,57.6,B
2021-06-09T14:19:13,800.0,57.6,B
2021-06-09T14:19:09,4000.0,57.6,B
2021-06-09T14:19:08,500.0,57.5,S
2021-06-09T14:19:00,2000.0,57.5,S
2021-06-09T14:18:50,2500.0,57.6,B
2021-06-09T14:18:40,500.0,57.6,B
2021-06-09T14:18:36,100.0,57.5,S
2021-06-09T14:18:30,1700.0,57.6,B
2021-06-09T14:18:02,1000.0,57.6,B
2021-06-09T14:18:01,500.0,57.6,B
2021-06-09T14:18:00,500.0,57.6,B
2021-06-09T14:17:45,100.0,57.6,B
2021-06-09T14:17:25,1000.0,57.6,B
2021-06-09T14:17:19,100.0,57.6,B
2021-06-09T14:17:17,500.0,57.5,S
2021-06-09T14:17:16,500.0,57.6,B
2021-06-09T14:17:00,500.0,57.6,B
2021-06-09T14:16:56,400.0,57.5,S
2021-06-09T14:16:55,600.0,57.6,B
2021-06-09T14:16:43,1500.0,57.6,B
2021-06-09T14:16:18,100.0,57.6,B
2021-06-09T14:16:05,5400.0,57.6,S
2021-06-09T14:16:01,100.0,57.6,S
2021-06-09T14:15:55,7200.0,57.5,S
2021-06-09T14:15:53,3000.0,57.6,S
2021-06-09T14:15:48,300.0,57.6,S
2021-06-09T14:15:36,270000.0,57.6,S
2021-06-09T14:15:18,100.0,57.6,S
2021-06-09T14:14:49,100.0,57.6,S
2021-06-09T14:14:28,400.0,57.6,S
2021-06-09T14:13:45,100.0,57.6,S
2021-06-09T14:13:29,500.0,57.6,S
2021-06-09T14:12:55,1000.0,57.6,S
2021-06-09T14:12:44,2000.0,57.6,S
2021-06-09T14:12:21,500.0,57.6,S
2021-06-09T14:11:48,100.0,57.6,S
2021-06-09T14:10:30,100.0,57.6,S
2021-06-09T14:09:55,800.0,57.6,S
2021-06-09T14:09:15,3000.0,57.6,S
2021-06-09T14:08:24,100.0,57.6,S
2021-06-09T14:08:20,100.0,57.6,S
2021-06-09T14:08:13,500.0,57.6,S
2021-06-09T14:07:59,100.0,57.6,S
2021-06-09T14:07:35,3000.0,57.6,S
2021-06-09T14:07:14,500.0,57.6,S
2021-06-09T14:07:10,100.0,57.6,S
2021-06-09T14:07:00,500.0,57.6,S
2021-06-09T14:06:44,10000.0,57.6,S
2021-06-09T14:06:40,2500.0,57.6,S
2021-06-09T14:06:36,900.0,57.6,S
2021-06-09T14:06:33,300.0,57.6,S
2021-06-09T14:06:24,500.0,57.6,S
2021-06-09T14:06:19,100.0,57.6,S
2021-06-09T14:05:35,1000.0,57.6,S
2021-06-09T14:04:24,100.0,57.6,S
2021-06-09T14:04:05,7000.0,57.6,S
2021-06-09T14:04:00,800.0,57.6,S
2021-06-09T14:03:13,2000.0,57.6,S
2021-06-09T14:02:59,10000.0,57.6,S
2021-06-09T14:02:58,10000.0,57.6,S
2021-06-09T14:02:39,200.0,57.6,S
2021-06-09T14:02:12,100.0,57.6,S
2021-06-09T14:02:00,200.0,57.6,S
2021-06-09T14:01:33,500.0,57.6,S
2021-06-09T14:01:23,200.0,57.6,S
2021-06-09T14:00:12,200.0,57.6,S
2021-06-09T14:00:06,200.0,57.6,S
2021-06-09T14:00:03,2200.0,57.6,S
2021-06-09T13:59:17,2000.0,57.6,S
2021-06-09T13:58:29,200.0,57.6,S
2021-06-09T13:58:26,500.0,57.6,S
2021-06-09T13:58:24,200.0,57.6,S
2021-06-09T13:58:22,1000.0,57.6,S
2021-06-09T13:58:17,100.0,57.6,S
2021-06-09T13:57:58,700.0,57.6,S
2021-06-09T13:57:33,400.0,57.6,S
2021-06-09T13:57:33,1000.0,57.6,S
2021-06-09T13:56:49,2000.0,57.6,S
2021-06-09T13:56:36,4000.0,57.6,S
2021-06-09T13:56:09,100.0,57.6,S
2021-06-09T13:56:07,1000.0,57.6,S
2021-06-09T13:56:06,500.0,57.6,S
2021-06-09T13:56:02,200.0,57.6,S
2021-06-09T13:55:53,1100.0,57.6,S
2021-06-09T13:55:34,5000.0,57.6,S
2021-06-09T13:55:22,2000.0,57.6,S
2021-06-09T13:54:59,500.0,57.6,S
2021-06-09T13:54:48,500.0,57.6,S
2021-06-09T13:54:24,4400.0,57.6,S
2021-06-09T13:54:13,200.0,57.6,S
2021-06-09T13:53:38,300.0,57.6,S
2021-06-09T13:53:26,3000.0,57.6,S
2021-06-09T13:53:17,2100.0,57.6,S
2021-06-09T13:52:57,200.0,57.6,S
2021-06-09T13:52:41,3400.0,57.6,S
2021-06-09T13:52:18,400.0,57.6,S
2021-06-09T13:51:25,1000.0,57.6,S
2021-06-09T13:51:03,200.0,57.6,S
2021-06-09T13:50:52,1400.0,57.6,S
2021-06-09T13:50:44,2000.0,57.6,S
2021-06-09T13:50:39,2000.0,57.6,S
2021-06-09T13:50:07,100.0,57.6,S
2021-06-09T13:49:46,100.0,57.6,S
2021-06-09T13:49:37,100.0,57.6,S
2021-06-09T13:49:37,100.0,57.6,S
2021-06-09T13:49:21,400.0,57.6,S
2021-06-09T13:49:08,1000.0,57.6,S
2021-06-09T13:48:58,1000.0,57.6,S
2021-06-09T13:48:50,500.0,57.6,S
2021-06-09T13:48:38,2000.0,57.6,S
2021-06-09T13:48:09,700.0,57.6,S
2021-06-09T13:48:03,400.0,57.6,S
2021-06-09T13:48:01,800.0,57.6,S
2021-06-09T13:47:33,1000.0,57.6,S
2021-06-09T13:47:24,500.0,57.6,S
2021-06-09T13:47:07,100.0,57.6,S
2021-06-09T13:47:01,1000.0,57.6,S
2021-06-09T13:46:51,1000.0,57.6,S
2021-06-09T13:46:44,20000.0,57.6,S
2021-06-09T13:46:40,1000.0,57.6,S
2021-06-09T13:46:38,44200.0,57.6,B
2021-06-09T13:46:36,300.0,57.6,B
2021-06-09T13:46:34,10000.0,57.6,B
2021-06-09T13:46:21,100.0,57.6,B
2021-06-09T13:46:19,100.0,57.6,B
2021-06-09T13:46:17,100.0,57.6,B
2021-06-09T13:46:11,100.0,57.6,B
2021-06-09T13:46:10,17700.0,57.6,B
2021-06-09T13:46:03,1000.0,57.6,B
2021-06-09T13:46:00,300.0,57.5,S
2021-06-09T13:45:57,400.0,57.6,B
2021-06-09T13:45:54,500.0,57.6,B
2021-06-09T13:45:50,600.0,57.6,B
2021-06-09T13:45:43,200.0,57.6,B
2021-06-09T13:45:39,100.0,57.6,B
2021-06-09T13:45:30,500.0,57.6,B
2021-06-09T13:45:23,200.0,57.6,B
2021-06-09T13:45:23,1800.0,57.6,B
2021-06-09T13:45:18,3000.0,57.6,B
2021-06-09T13:45:17,500.0,57.5,S
2021-06-09T13:45:11,3500.0,57.6,B
2021-06-09T13:45:09,1000.0,57.6,B
2021-06-09T13:45:06,100.0,57.6,B
2021-06-09T13:45:04,100.0,57.6,B
2021-06-09T13:45:01,1500.0,57.6,B
2021-06-09T13:44:57,1000.0,57.6,B
2021-06-09T13:44:45,200.0,57.6,B
2021-06-09T13:44:43,200.0,57.6,B
2021-06-09T13:44:38,500.0,57.6,B
2021-06-09T13:44:37,600.0,57.6,B
2021-06-09T13:44:36,21200.0,57.6,B
2021-06-09T13:44:30,5200.0,57.6,S
2021-06-09T13:44:27,400.0,57.6,S
2021-06-09T13:44:22,2000.0,57.6,S
2021-06-09T13:44:16,200.0,57.6,S
2021-06-09T13:44:11,7400.0,57.6,B
2021-06-09T13:44:07,1000.0,57.6,B
2021-06-09T13:44:04,9000.0,57.6,B
2021-06-09T13:44:04,700.0,57.6,B
2021-06-09T13:43:56,5500.0,57.6,B
2021-06-09T13:43:52,600.0,57.6,B
2021-06-09T13:43:51,400.0,57.6,B
2021-06-09T13:43:51,1300.0,57.6,B
2021-06-09T13:43:47,3000.0,57.6,B
2021-06-09T13:43:43,5000.0,57.6,B
2021-06-09T13:43:42,600.0,57.6,B
2021-06-09T13:43:36,200.0,57.6,B
2021-06-09T13:43:35,2000.0,57.6,B
2021-06-09T13:43:33,200.0,57.6,B
2021-06-09T13:43:31,300.0,57.6,B
2021-06-09T13:43:30,1000.0,57.6,B
2021-06-09T13:43:25,100.0,57.6,B
2021-06-09T13:43:23,1000.0,57.6,B
2021-06-09T13:43:20,1000.0,57.6,B
2021-06-09T13:43:19,100.0,57.6,B
2021-06-09T13:43:18,200.0,57.6,B
2021-06-09T13:43:17,3800.0,57.6,B
2021-06-09T13:43:07,200.0,57.6,B
2021-06-09T13:43:03,1500.0,57.6,B
2021-06-09T13:43:01,300.0,57.6,B
2021-06-09T13:42:53,100.0,57.6,B
2021-06-09T13:42:46,200.0,57.6,B
2021-06-09T13:42:41,200.0,57.6,B
2021-06-09T13:42:36,19800.0,57.6,S
2021-06-09T13:42:33,100.0,57.6,S
2021-06-09T13:42:29,1000.0,57.6,S
2021-06-09T13:42:24,2500.0,57.6,S
2021-06-09T13:42:15,200.0,57.6,B
2021-06-09T13:42:12,100.0,57.6,B
2021-06-09T13:42:12,100.0,57.6,B
2021-06-09T13:42:09,800.0,57.6,B
2021-06-09T13:42:07,800.0,57.6,B
2021-06-09T13:42:07,200.0,57.6,B
2021-06-09T13:42:06,100.0,57.6,B
2021-06-09T13:42:05,500.0,57.6,B
2021-06-09T13:42:03,1200.0,57.6,B
2021-06-09T13:42:02,100.0,57.6,B
2021-06-09T13:42:02,500.0,57.6,B
2021-06-09T13:42:01,100.0,57.6,B
2021-06-09T13:42:00,3800.0,57.6,B
2021-06-09T13:41:59,100.0,57.6,B
2021-06-09T13:41:57,100.0,57.6,B
2021-06-09T13:41:56,7000.0,57.6,B
2021-06-09T13:41:54,2000.0,57.6,B
2021-06-09T13:41:52,200.0,57.6,B
2021-06-09T13:41:52,100.0,57.6,B
2021-06-09T13:41:51,3700.0,57.6,B
2021-06-09T13:41:49,2200.0,57.6,B
2021-06-09T13:41:46,800.0,57.6,B
2021-06-09T13:41:44,200.0,57.6,B
2021-06-09T13:41:44,100.0,57.6,B
2021-06-09T13:41:43,100.0,57.6,B
2021-06-09T13:41:39,100.0,57.6,B
2021-06-09T13:41:36,2000.0,57.6,B
2021-06-09T13:41:33,18900.0,57.6,B
2021-06-09T13:41:31,3000.0,57.6,B
2021-06-09T13:41:30,300.0,57.6,B
2021-06-09T13:41:27,1000.0,57.6,B
2021-06-09T13:41:25,300.0,57.6,B
2021-06-09T13:41:21,100.0,57.6,B
2021-06-09T13:41:21,100.0,57.6,B
2021-06-09T13:41:19,300.0,57.6,B
2021-06-09T13:41:19,17000.0,57.6,B
2021-06-09T13:41:17,900.0,57.6,B
2021-06-09T13:41:14,1700.0,57.6,B
2021-06-09T13:41:13,300.0,57.5,S
2021-06-09T13:41:12,200.0,57.5,S
2021-06-09T13:41:11,1200.0,57.6,B
2021-06-09T13:41:05,100.0,57.6,B
2021-06-09T13:41:02,300.0,57.6,B
2021-06-09T13:41:00,4500.0,57.6,B
2021-06-09T13:40:59,5000.0,57.6,B
2021-06-09T13:40:57,200.0,57.6,B
2021-06-09T13:40:57,3400.0,57.6,B
2021-06-09T13:40:55,1000.0,57.6,B
2021-06-09T13:40:53,200.0,57.6,B
2021-06-09T13:40:50,500.0,57.6,B
2021-06-09T13:40:47,1000.0,57.6,B
2021-06-09T13:40:44,6400.0,57.6,B
2021-06-09T13:40:40,400.0,57.6,B
2021-06-09T13:40:39,5000.0,57.6,B
2021-06-09T13:40:32,200.0,57.6,B
2021-06-09T13:40:27,100.0,57.6,B
2021-06-09T13:40:24,1200.0,57.6,B
2021-06-09T13:40:17,200.0,57.6,B
2021-06-09T13:40:15,100.0,57.6,B
2021-06-09T13:40:14,200.0,57.6,B
2021-06-09T13:40:13,1000.0,57.6,B
2021-06-09T13:40:10,200.0,57.6,B
2021-06-09T13:40:09,1900.0,57.6,B
2021-06-09T13:40:09,1400.0,57.6,B
2021-06-09T13:40:07,1000.0,57.6,B
2021-06-09T13:40:00,1000.0,57.6,B
2021-06-09T13:39:57,200.0,57.6,B
2021-06-09T13:39:56,2000.0,57.6,B
2021-06-09T13:39:54,300.0,57.6,B
2021-06-09T13:39:52,300.0,57.6,B
2021-06-09T13:39:48,400.0,57.6,B
2021-06-09T13:39:47,1000.0,57.6,B
2021-06-09T13:39:44,200.0,57.6,B
2021-06-09T13:39:42,300.0,57.6,B
2021-06-09T13:39:41,600.0,57.6,B
2021-06-09T13:39:40,500.0,57.6,B
2021-06-09T13:39:37,4000.0,57.6,B
2021-06-09T13:39:32,100.0,57.6,B
2021-06-09T13:39:30,200.0,57.6,B
2021-06-09T13:39:29,500.0,57.6,B
2021-06-09T13:39:27,100.0,57.5,S
2021-06-09T13:39:26,500.0,57.6,B
2021-06-09T13:39:25,500.0,57.6,B
2021-06-09T13:39:24,300.0,57.6,B
2021-06-09T13:39:22,4000.0,57.6,B
2021-06-09T13:39:21,100.0,57.6,B
2021-06-09T13:39:20,1000.0,57.6,B
2021-06-09T13:39:20,2900.0,57.6,B
2021-06-09T13:39:17,1800.0,57.6,B
2021-06-09T13:39:15,400.0,57.6,B
2021-06-09T13:39:13,4000.0,57.6,B
2021-06-09T13:39:11,3400.0,57.6,B
2021-06-09T13:39:09,5000.0,57.6,B
2021-06-09T13:39:08,1400.0,57.6,B
2021-06-09T13:39:06,100.0,57.6,B
2021-06-09T13:39:01,10000.0,57.6,B
2021-06-09T13:38:59,300.0,57.6,B
2021-06-09T13:38:59,100.0,57.6,B
2021-06-09T13:38:59,2300.0,57.6,B
2021-06-09T13:38:56,2000.0,57.6,B
2021-06-09T13:38:56,200.0,57.6,B
2021-06-09T13:38:55,1000.0,57.6,B
2021-06-09T13:38:52,9500.0,57.6,B
2021-06-09T13:38:50,1800.0,57.6,B
2021-06-09T13:38:49,31700.0,57.6,B
2021-06-09T13:38:46,200.0,57.6,B
2021-06-09T13:38:44,7000.0,57.6,B
2021-06-09T13:38:43,45500.0,57.5,S
2021-06-09T13:38:39,100.0,57.6,B
2021-06-09T13:38:28,1000.0,57.6,B
2021-06-09T13:38:24,100.0,57.6,B
2021-06-09T13:38:18,1400.0,57.6,B
2021-06-09T13:38:13,100.0,57.6,B
2021-06-09T13:38:11,500.0,57.6,B
2021-06-09T13:38:08,1000.0,57.5,S
2021-06-09T13:38:08,100.0,57.6,B
2021-06-09T13:38:00,100.0,57.6,B
2021-06-09T13:37:59,1100.0,57.6,B
2021-06-09T13:37:57,500.0,57.6,B
2021-06-09T13:37:56,4000.0,57.6,B
2021-06-09T13:37:52,500.0,57.6,B
2021-06-09T13:37:50,500.0,57.6,B
2021-06-09T13:37:49,400.0,57.6,B
2021-06-09T13:37:49,300.0,57.6,B
2021-06-09T13:37:48,500.0,57.6,B
2021-06-09T13:37:48,500.0,57.6,B
2021-06-09T13:37:46,100.0,57.6,B
2021-06-09T13:37:44,100.0,57.6,B
2021-06-09T13:37:41,100.0,57.6,B
2021-06-09T13:37:40,8000.0,57.6,B
2021-06-09T13:37:40,300.0,57.6,B
2021-06-09T13:37:38,21000.0,57.6,B
2021-06-09T13:37:30,20000.0,57.6,B
2021-06-09T13:37:28,100.0,57.6,B
2021-06-09T13:37:23,500.0,57.6,B
2021-06-09T13:37:22,1000.0,57.6,B
2021-06-09T13:37:20,100.0,57.6,B
2021-06-09T13:37:17,600.0,57.6,B
2021-06-09T13:37:16,400.0,57.6,B
2021-06-09T13:37:16,2000.0,57.6,B
2021-06-09T13:37:13,100.0,57.6,B
2021-06-09T13:37:10,1000.0,57.6,B
2021-06-09T13:37:10,12000.0,57.6,B
2021-06-09T13:37:09,100.0,57.6,B
2021-06-09T13:37:09,1800.0,57.6,B
2021-06-09T13:37:08,100.0,57.6,B
2021-06-09T13:37:07,2200.0,57.6,B
2021-06-09T13:37:05,100.0,57.6,B
2021-06-09T13:37:02,500.0,57.6,B
2021-06-09T13:37:02,100.0,57.6,B
2021-06-09T13:37:01,3100.0,57.6,B
2021-06-09T13:36:59,2000.0,57.6,B
2021-06-09T13:36:59,300.0,57.6,B
2021-06-09T13:36:58,2000.0,57.6,B
2021-06-09T13:36:56,500.0,57.6,B
2021-06-09T13:36:51,2000.0,57.6,B
2021-06-09T13:36:50,1000.0,57.6,B
2021-06-09T13:36:49,5000.0,57.6,B
2021-06-09T13:36:45,2000.0,57.6,B
2021-06-09T13:36:38,1500.0,57.6,B
2021-06-09T13:36:37,1000.0,57.6,B
2021-06-09T13:36:36,500.0,57.6,B
2021-06-09T13:36:32,14100.0,57.6,B
2021-06-09T13:36:32,400.0,57.6,B
2021-06-09T13:36:27,5000.0,57.6,B
2021-06-09T13:36:25,1700.0,57.6,B
2021-06-09T13:36:24,3800.0,57.6,B
2021-06-09T13:36:23,8000.0,57.6,B
2021-06-09T13:36:21,1000.0,57.6,B
2021-06-09T13:36:21,300.0,57.6,B
2021-06-09T13:36:18,6000.0,57.6,B
2021-06-09T13:36:18,100.0,57.6,B
2021-06-09T13:36:18,300.0,57.6,B
2021-06-09T13:36:17,1300.0,57.6,B
2021-06-09T13:36:15,30000.0,57.6,B
2021-06-09T13:36:12,500.0,57.6,B
2021-06-09T13:36:12,200.0,57.6,B
2021-06-09T13:36:11,1000.0,57.6,B
2021-06-09T13:36:09,5000.0,57.6,B
2021-06-09T13:36:06,5000.0,57.6,B
2021-06-09T13:36:06,300.0,57.6,B
2021-06-09T13:36:03,100.0,57.6,B
2021-06-09T13:36:02,1400.0,57.6,B
2021-06-09T13:36:01,32000.0,57.6,B
2021-06-09T13:35:59,100.0,57.6,B
2021-06-09T13:35:55,100.0,57.6,B
2021-06-09T13:35:53,5000.0,57.6,B
2021-06-09T13:35:52,2000.0,57.6,B
2021-06-09T13:35:50,1500.0,57.6,B
2021-06-09T13:35:48,1000.0,57.6,B
2021-06-09T13:35:47,100.0,57.6,B
2021-06-09T13:35:45,300.0,57.6,B
2021-06-09T13:35:26,300.0,57.6,B
2021-06-09T13:35:21,1000.0,57.6,B
2021-06-09T13:35:17,300.0,57.4,S
2021-06-09T13:35:16,200.0,57.4,S
2021-06-09T13:35:15,22800.0,57.6,B
2021-06-09T13:35:14,1400.0,57.6,B
2021-06-09T13:35:14,200.0,57.4,S
2021-06-09T13:35:13,100.0,57.3,S
2021-06-09T13:35:06,20000.0,57.6,B
2021-06-09T13:35:00,32100.0,57.5,B
2021-06-09T13:34:57,1500.0,57.3,S
2021-06-09T13:34:56,20000.0,57.5,B
2021-06-09T13:34:52,100.0,57.3,S
2021-06-09T13:34:52,100.0,57.5,B
2021-06-09T13:34:45,10000.0,57.5,B
2021-06-09T13:34:38,500.0,57.3,S
2021-06-09T13:34:38,2000.0,57.2,S
2021-06-09T13:34:36,200.0,57.3,B
2021-06-09T13:34:35,2000.0,57.3,B
2021-06-09T13:34:34,4000.0,57.3,B
2021-06-09T13:34:32,2000.0,57.3,B
2021-06-09T13:34:30,10000.0,57.3,B
2021-06-09T13:34:24,4100.0,57.2,B
2021-06-09T13:34:22,500.0,57.2,B
2021-06-09T13:34:18,10000.0,57.2,B
2021-06-09T13:34:11,1000.0,57.2,B
2021-06-09T13:34:02,500.0,57.1,S
2021-06-09T13:34:01,500.0,57.2,B
2021-06-09T13:33:55,300.0,57.2,B
2021-06-09T13:33:50,4000.0,57.2,B
2021-06-09T13:33:48,200.0,57.1,B
2021-06-09T13:33:47,1000.0,57.1,B
2021-06-09T13:33:45,5000.0,57.1,B
2021-06-09T13:33:42,500.0,57.1,B
2021-06-09T13:33:39,800.0,57.1,B
2021-06-09T13:33:38,1000.0,57.1,B
2021-06-09T13:33:26,1000.0,57.1,B
2021-06-09T13:33:25,5000.0,57.1,B
2021-06-09T13:33:24,200.0,57.1,B
2021-06-09T13:33:22,100.0,57.1,B
2021-06-09T13:33:21,100.0,57.1,B
2021-06-09T13:33:16,600.0,57.1,B
2021-06-09T13:32:58,6400.0,57.1,B
2021-06-09T13:32:58,6900.0,57.0,B
2021-06-09T13:32:55,100.0,57.0,B
2021-06-09T13:32:55,300.0,57.0,B
2021-06-09T13:32:53,3000.0,57.0,B
2021-06-09T13:32:52,3000.0,57.0,B
2021-06-09T13:32:51,200.0,56.9,S
2021-06-09T13:32:51,300.0,56.9,S
2021-06-09T13:32:50,200.0,56.9,S
2021-06-09T13:32:48,30000.0,57.0,B
2021-06-09T13:32:45,800.0,57.0,B
2021-06-09T13:32:44,500.0,57.0,B
2021-06-09T13:32:37,500.0,57.0,B
2021-06-09T13:32:36,500.0,57.0,B
2021-06-09T13:32:30,1000.0,57.0,B
2021-06-09T13:32:26,33000.0,57.0,B
2021-06-09T13:32:22,4900.0,57.0,B
2021-06-09T13:32:17,11000.0,57.0,B
2021-06-09T13:32:06,6000.0,57.0,B
2021-06-09T13:32:04,100.0,57.0,B
2021-06-09T13:32:04,200.0,57.0,B
2021-06-09T13:32:01,4900.0,57.0,B
2021-06-09T13:31:53,100.0,57.0,B
2021-06-09T13:31:41,100.0,57.0,B
2021-06-09T13:31:37,500.0,57.0,B
2021-06-09T13:31:36,500.0,56.9,S
2021-06-09T13:31:32,200.0,57.0,B
2021-06-09T13:31:29,100.0,57.0,B
2021-06-09T13:31:25,2000.0,57.0,B
2021-06-09T13:31:12,5000.0,57.0,B
2021-06-09T13:31:06,500.0,57.0,B
2021-06-09T13:30:54,3000.0,57.0,B
2021-06-09T13:30:52,2900.0,57.0,B
2021-06-09T13:30:42,500.0,57.0,B
2021-06-09T13:30:33,400.0,57.0,B
2021-06-09T13:30:25,3000.0,56.9,S
2021-06-09T13:30:21,11400.0,57.0,B
2021-06-09T13:30:16,700.0,57.0,B
2021-06-09T13:30:12,900.0,57.0,B
2021-06-09T13:30:10,100.0,57.0,B
2021-06-09T13:29:58,100.0,57.0,B
2021-06-09T13:29:26,1000.0,57.0,B
2021-06-09T13:29:26,400.0,56.9,S
2021-06-09T13:29:26,300.0,56.9,S
2021-06-09T13:29:23,300.0,56.9,S
2021-06-09T13:28:59,1400.0,56.9,B
2021-06-09T13:28:59,300.0,56.8,S
2021-06-09T13:28:58,200.0,56.8,S
2021-06-09T13:28:55,200.0,56.8,S
2021-06-09T13:28:50,1000.0,56.9,B
2021-06-09T13:28:49,100.0,56.9,B
2021-06-09T13:28:45,200.0,56.9,B
2021-06-09T13:28:41,100.0,56.9,B
2021-06-09T13:28:40,10000.0,56.9,B
2021-06-09T13:28:38,400.0,56.9,B
2021-06-09T13:28:35,800.0,56.9,B
2021-06-09T13:28:34,1300.0,56.9,B
2021-06-09T13:28:33,300.0,56.9,B
2021-06-09T13:28:31,10100.0,56.9,B
2021-06-09T13:28:30,100.0,56.9,B
2021-06-09T13:28:26,100.0,56.9,B
2021-06-09T13:28:19,200.0,56.9,B
2021-06-09T13:28:18,200.0,56.9,B
2021-06-09T13:28:15,1800.0,56.9,B
2021-06-09T13:28:14,3000.0,57.0,B
2021-06-09T13:28:13,4800.0,56.9,B
2021-06-09T13:28:03,400.0,56.9,B
2021-06-09T13:28:01,5000.0,56.9,B
2021-06-09T13:28:01,100.0,56.9,B
2021-06-09T13:27:57,100.0,56.9,B
2021-06-09T13:27:54,1000.0,56.9,B
2021-06-09T13:27:51,200.0,56.9,B
2021-06-09T13:27:51,1900.0,56.9,B
2021-06-09T13:27:50,500.0,56.9,B
2021-06-09T13:27:45,400.0,56.9,B
2021-06-09T13:27:43,5000.0,56.9,B
2021-06-09T13:27:37,8000.0,56.9,B
2021-06-09T13:27:23,1000.0,56.9,B
2021-06-09T13:27:15,100.0,56.9,B
2021-06-09T13:27:14,1700.0,56.9,B
2021-06-09T13:26:58,1000.0,56.9,B
2021-06-09T13:26:56,1000.0,56.9,B
2021-06-09T13:26:35,1000.0,56.9,B
2021-06-09T13:26:29,7300.0,56.9,B
2021-06-09T13:26:28,1400.0,56.8,S
2021-06-09T13:26:21,200.0,56.8,S
2021-06-09T13:26:21,500.0,56.8,S
2021-06-09T13:26:15,300.0,56.9,B
2021-06-09T13:26:06,400.0,56.9,B
2021-06-09T13:26:06,100.0,56.8,S
2021-06-09T13:26:04,700.0,56.9,B
2021-06-09T13:26:03,500.0,56.9,B
2021-06-09T13:26:00,1000.0,56.9,B
2021-06-09T13:25:57,200.0,56.9,B
2021-06-09T13:25:56,400.0,56.9,B
2021-06-09T13:25:53,200.0,56.8,S
2021-06-09T13:25:50,2000.0,56.9,B
2021-06-09T13:25:44,1000.0,56.8,S
2021-06-09T13:25:42,100.0,56.9,B
2021-06-09T13:25:38,500.0,56.9,B
2021-06-09T13:25:33,3000.0,56.8,S
2021-06-09T13:25:28,1400.0,56.9,B
2021-06-09T13:25:09,100.0,56.9,B
2021-06-09T13:25:06,1500.0,56.8,S
2021-06-09T13:24:56,500.0,56.9,B
2021-06-09T13:24:45,1200.0,56.9,B
2021-06-09T13:24:38,100.0,56.9,B
2021-06-09T13:24:33,2800.0,56.8,S
2021-06-09T13:24:13,1000.0,56.8,S
2021-06-09T13:24:10,10000.0,56.9,B
2021-06-09T13:23:56,300.0,56.8,S
2021-06-09T13:23:56,200.0,56.8,S
2021-06-09T13:23:55,200.0,56.8,S
2021-06-09T13:23:43,400.0,56.9,B
2021-06-09T13:23:29,500.0,56.8,S
2021-06-09T13:23:14,2900.0,56.8,S
2021-06-09T13:23:12,500.0,56.8,S
2021-06-09T13:23:09,100.0,56.9,B
2021-06-09T13:22:51,700.0,56.8,B
2021-06-09T13:22:48,3800.0,56.8,B
2021-06-09T13:22:45,2500.0,56.8,B
2021-06-09T13:22:43,18200.0,56.8,S
2021-06-09T13:22:42,8800.0,56.8,S
2021-06-09T13:21:57,100.0,56.8,S
2021-06-09T13:21:41,21400.0,56.9,S
2021-06-09T13:21:33,300.0,56.8,S
2021-06-09T13:21:32,300.0,56.8,S
2021-06-09T13:21:30,400.0,56.8,S
2021-06-09T13:21:25,4000.0,56.8,S
2021-06-09T13:21:17,5000.0,56.9,B
2021-06-09T13:21:15,1000.0,56.9,B
2021-06-09T13:21:06,400.0,56.9,B
2021-06-09T13:21:03,1500.0,56.9,B
2021-06-09T13:20:50,100.0,56.9,B
2021-06-09T13:20:40,100.0,56.8,S
2021-06-09T13:20:38,1000.0,56.9,B
2021-06-09T13:20:34,1400.0,56.9,B
2021-06-09T13:20:32,100.0,56.8,S
2021-06-09T13:20:30,500.0,56.9,B
2021-06-09T13:20:27,300.0,56.9,B
2021-06-09T13:20:16,100.0,56.9,B
2021-06-09T13:20:08,1000.0,56.9,B
2021-06-09T13:20:07,3200.0,56.9,B
2021-06-09T13:19:57,8700.0,56.9,B
2021-06-09T13:19:56,100.0,56.9,B
2021-06-09T13:19:47,500.0,56.9,B
2021-06-09T13:19:46,14500.0,56.8,S
2021-06-09T13:19:44,700.0,56.8,S
2021-06-09T13:19:42,3000.0,56.9,B
2021-06-09T13:19:35,800.0,56.9,B
2021-06-09T13:19:32,100.0,56.8,S
2021-06-09T13:19:18,2800.0,56.8,S
2021-06-09T13:19:06,300.0,56.8,S
2021-06-09T13:18:56,300.0,56.8,S
2021-06-09T13:18:34,6000.0,56.9,B
2021-06-09T13:18:21,900.0,56.8,S
2021-06-09T13:18:20,100.0,56.8,S
2021-06-09T13:18:17,300.0,56.9,B
2021-06-09T13:18:16,400.0,56.8,S
2021-06-09T13:18:15,500.0,56.8,S
2021-06-09T13:18:14,100.0,56.9,B
2021-06-09T13:18:10,500.0,56.9,B
2021-06-09T13:18:09,300.0,56.8,S
2021-06-09T13:18:06,2500.0,56.9,B
2021-06-09T13:18:03,5000.0,56.9,B
2021-06-09T13:17:52,1000.0,56.9,B
2021-06-09T13:17:52,1700.0,56.9,B
2021-06-09T13:17:20,100.0,56.9,B
2021-06-09T13:17:11,500.0,56.9,B
2021-06-09T13:16:57,5000.0,56.9,B
2021-06-09T13:16:52,1000.0,56.9,B
2021-06-09T13:16:49,100.0,56.8,S
2021-06-09T13:16:45,100.0,56.9,B
2021-06-09T13:16:38,1000.0,56.9,B
2021-06-09T13:16:32,200.0,56.9,B
2021-06-09T13:16:24,100.0,56.9,B
2021-06-09T13:16:23,1000.0,56.9,B
2021-06-09T13:16:17,1000.0,56.9,B
2021-06-09T13:16:02,100.0,56.9,B
2021-06-09T13:15:40,1400.0,56.9,B
2021-06-09T13:15:36,400.0,56.8,B
2021-06-09T13:15:33,200.0,56.8,B
2021-06-09T13:15:32,200.0,56.8,B
2021-06-09T13:15:22,1000.0,56.8,B
2021-06-09T13:15:21,900.0,56.8,S
2021-06-09T13:15:20,100.0,56.8,S
2021-06-09T13:15:13,200.0,56.8,S
2021-06-09T13:15:05,5300.0,56.9,B
2021-06-09T13:14:47,100.0,56.9,B
2021-06-09T13:14:16,3300.0,56.9,B
2021-06-09T13:14:15,500.0,56.9,B
2021-06-09T13:14:09,100.0,56.8,S
2021-06-09T13:14:01,2000.0,56.9,B
2021-06-09T13:14:00,200.0,56.8,S
2021-06-09T13:13:55,100.0,56.8,S
2021-06-09T13:13:36,5000.0,56.9,B
2021-06-09T13:13:33,1000.0,56.9,B
2021-06-09T13:13:29,6700.0,56.9,B
2021-06-09T13:13:19,100.0,56.8,S
2021-06-09T13:13:16,100.0,56.9,B
2021-06-09T13:13:06,100.0,56.9,B
2021-06-09T13:12:55,1200.0,56.9,B
2021-06-09T13:12:49,1700.0,56.9,B
2021-06-09T13:12:30,200.0,56.9,B
2021-06-09T13:12:30,8500.0,56.8,S
2021-06-09T13:12:26,2000.0,56.9,B
2021-06-09T13:12:18,1000.0,56.8,S
2021-06-09T13:12:17,1000.0,56.8,S
2021-06-09T13:12:17,500.0,56.9,B
2021-06-09T13:12:12,2000.0,56.9,B
2021-06-09T13:12:07,200.0,56.9,B
2021-06-09T13:12:04,2000.0,56.9,B
2021-06-09T13:12:03,5000.0,56.9,B
2021-06-09T13:11:56,1000.0,56.9,B
2021-06-09T13:11:50,100.0,56.9,B
2021-06-09T13:11:50,6000.0,56.9,B
2021-06-09T13:11:43,500.0,56.9,B
2021-06-09T13:11:31,300.0,56.9,B
2021-06-09T13:11:27,500.0,56.9,B
2021-06-09T13:11:21,300.0,56.9,B
2021-06-09T13:11:00,300.0,56.9,B
2021-06-09T13:10:54,500.0,56.9,B
2021-06-09T13:10:52,100.0,56.9,B
2021-06-09T13:10:49,1400.0,56.9,B
2021-06-09T13:10:47,1200.0,56.9,B
2021-06-09T13:10:36,400.0,56.9,B
2021-06-09T13:10:35,300.0,56.9,B
2021-06-09T13:10:29,1100.0,56.9,B
2021-06-09T13:10:24,2000.0,56.9,B
2021-06-09T13:10:23,1800.0,56.9,B
2021-06-09T13:10:23,100.0,56.9,B
2021-06-09T13:10:17,100.0,56.9,B
2021-06-09T13:10:06,300.0,56.9,S
2021-06-09T13:10:03,2500.0,56.9,S
2021-06-09T13:10:02,7600.0,56.9,B
2021-06-09T13:09:59,300.0,56.9,B
2021-06-09T13:09:58,500.0,56.9,B
2021-06-09T13:09:58,1600.0,56.8,S
2021-06-09T13:09:57,1900.0,56.9,B
2021-06-09T13:09:56,3000.0,56.9,B
2021-06-09T13:09:53,2000.0,56.9,B
2021-06-09T13:09:48,1000.0,56.9,B
2021-06-09T13:09:48,1000.0,56.9,B
2021-06-09T13:09:44,10000.0,56.9,B
2021-06-09T13:09:42,600.0,56.9,B
2021-06-09T13:09:37,2000.0,56.9,B
2021-06-09T13:09:34,1000.0,56.9,B
2021-06-09T13:09:31,400.0,56.9,B
2021-06-09T13:09:30,500.0,56.9,B
2021-06-09T13:09:28,1000.0,56.9,B
2021-06-09T13:09:25,600.0,56.9,B
2021-06-09T13:09:09,1000.0,56.9,B
2021-06-09T13:09:00,1600.0,56.9,B
2021-06-09T13:08:59,500.0,56.8,S
2021-06-09T13:08:53,1000.0,56.9,B
2021-06-09T13:08:43,10000.0,56.9,B
2021-06-09T13:08:33,100.0,56.9,B
2021-06-09T13:08:29,1600.0,56.8,B
2021-06-09T13:08:28,200.0,56.8,B
2021-06-09T13:08:24,500.0,56.8,B
2021-06-09T13:08:17,500.0,56.8,B
2021-06-09T13:08:16,1200.0,56.8,B
2021-06-09T13:08:09,1200.0,56.8,B
2021-06-09T13:08:00,200.0,56.8,B
2021-06-09T13:07:54,100.0,56.8,B
2021-06-09T13:07:41,200.0,56.8,B
2021-06-09T13:07:40,300.0,56.8,B
2021-06-09T13:07:36,1700.0,56.8,B
2021-06-09T13:07:31,900.0,56.8,B
2021-06-09T13:07:31,100.0,56.7,S
2021-06-09T13:07:25,400.0,56.8,B
2021-06-09T13:07:19,400.0,56.8,B
2021-06-09T13:07:19,200.0,56.8,B
2021-06-09T13:07:17,300.0,56.8,B
2021-06-09T13:07:05,2600.0,56.8,B
2021-06-09T13:07:05,2000.0,56.8,B
2021-06-09T13:06:56,900.0,56.8,B
2021-06-09T13:06:51,3300.0,56.8,S
2021-06-09T13:06:40,3500.0,56.9,B
2021-06-09T13:06:39,400.0,56.9,B
2021-06-09T13:06:38,500.0,56.9,B
2021-06-09T13:06:36,100.0,56.9,B
2021-06-09T13:06:33,2400.0,56.9,B
2021-06-09T13:06:29,1000.0,56.9,B
2021-06-09T13:06:29,2700.0,56.9,B
2021-06-09T13:06:26,5800.0,56.9,B
2021-06-09T13:06:20,1200.0,56.9,B
2021-06-09T13:06:15,6700.0,56.9,B
2021-06-09T13:06:09,4400.0,56.9,B
2021-06-09T13:06:07,100.0,56.9,B
2021-06-09T13:05:54,1700.0,56.9,B
2021-06-09T13:05:48,1000.0,56.9,B
2021-06-09T13:05:44,100.0,56.8,S
2021-06-09T13:05:43,500.0,56.9,B
2021-06-09T13:05:34,1700.0,56.8,S
2021-06-09T13:05:31,10000.0,56.8,B
2021-06-09T13:05:21,10000.0,56.8,B
2021-06-09T13:05:09,10000.0,56.7,B
2021-06-09T13:05:08,1600.0,56.6,B
2021-06-09T13:05:07,1000.0,56.6,B
2021-06-09T13:05:06,500.0,56.6,B
2021-06-09T13:05:06,1000.0,56.6,B
2021-06-09T13:05:02,100.0,56.6,B
2021-06-09T13:05:00,200.0,56.6,B
2021-06-09T13:04:59,8700.0,56.6,B
2021-06-09T13:04:54,10000.0,56.6,B
2021-06-09T13:04:50,900.0,56.6,B
2021-06-09T13:04:44,10000.0,56.6,B
2021-06-09T13:04:34,300.0,56.6,B
2021-06-09T13:04:28,3200.0,56.4,B
2021-06-09T13:04:25,7800.0,56.4,S
2021-06-09T13:04:22,5300.0,56.6,B
2021-06-09T13:04:16,10000.0,56.5,B
2021-06-09T13:04:11,500.0,56.5,B
2021-06-09T13:04:01,100.0,56.5,B
2021-06-09T13:04:01,1000.0,56.5,B
2021-06-09T13:03:59,1000.0,56.5,B
2021-06-09T13:03:50,10000.0,56.5,B
2021-06-09T13:03:46,4000.0,56.5,B
2021-06-09T13:03:32,3000.0,56.4,S
2021-06-09T13:03:27,200.0,56.4,S
2021-06-09T13:03:23,200.0,56.4,S
2021-06-09T13:03:21,200.0,56.4,B
2021-06-09T13:03:20,1000.0,56.4,B
2021-06-09T13:03:18,1000.0,56.4,B
2021-06-09T13:03:17,11800.0,56.4,B
2021-06-09T13:03:13,1000.0,56.4,B
2021-06-09T13:03:12,500.0,56.3,S
2021-06-09T13:03:12,200.0,56.4,B
2021-06-09T13:03:09,100.0,56.4,B
2021-06-09T13:02:59,300.0,56.4,B
2021-06-09T13:02:54,15000.0,56.4,B
2021-06-09T13:02:52,700.0,56.3,B
2021-06-09T13:02:50,100.0,56.3,B
2021-06-09T13:02:49,100.0,56.3,B
2021-06-09T13:02:48,500.0,56.3,B
2021-06-09T13:02:43,200.0,56.3,B
2021-06-09T13:02:40,1700.0,56.3,B
2021-06-09T13:02:39,100.0,56.3,B
2021-06-09T13:02:38,400.0,56.3,B
2021-06-09T13:02:34,2200.0,56.3,B
2021-06-09T13:02:31,2000.0,56.3,B
2021-06-09T13:02:30,33000.0,56.3,B
2021-06-09T13:02:25,500.0,56.3,B
2021-06-09T13:02:21,1200.0,56.3,B
2021-06-09T13:02:17,2500.0,56.3,B
2021-06-09T13:02:15,1700.0,56.3,B
2021-06-09T13:02:03,600.0,56.3,B
2021-06-09T13:01:55,1000.0,56.2,S
2021-06-09T13:01:49,200.0,56.2,S
2021-06-09T13:01:46,29900.0,56.2,B
2021-06-09T13:01:41,300.0,56.1,S
2021-06-09T13:01:35,1000.0,56.2,B
2021-06-09T13:01:20,100.0,56.1,S
2021-06-09T13:01:17,1000.0,56.2,B
2021-06-09T13:01:13,300.0,56.2,B
2021-06-09T13:01:10,100.0,56.2,B
2021-06-09T13:01:08,500.0,56.2,B
2021-06-09T13:01:04,100.0,56.2,B
2021-06-09T13:01:02,1400.0,56.2,B
2021-06-09T13:00:49,1000.0,56.2,B
2021-06-09T13:00:40,500.0,56.2,B
2021-06-09T13:00:35,300.0,56.2,B
2021-06-09T13:00:21,300.0,56.2,B
2021-06-09T13:00:20,100.0,56.1,S
2021-06-09T13:00:15,2100.0,56.2,B
2021-06-09T13:00:15,3400.0,56.2,B
2021-06-09T13:00:15,3100.0,56.2,B
2021-06-09T13:00:11,500.0,56.2,B
2021-06-09T13:00:09,500.0,56.1,B
2021-06-09T13:00:08,2000.0,56.1,B
2021-06-09T13:00:06,500.0,56.1,B
2021-06-09T13:00:05,32900.0,56.1,B
2021-06-09T13:00:05,7000.0,56.1,S
2021-06-09T11:30:00,100.0,56.1,S
2021-06-09T11:29:56,100.0,56.2,B
2021-06-09T11:29:30,2400.0,56.2,B
2021-06-09T11:29:21,1400.0,56.2,B
2021-06-09T11:29:21,100.0,56.1,S
2021-06-09T11:29:01,300.0,56.1,S
2021-06-09T11:28:36,400.0,56.2,B
2021-06-09T11:28:24,500.0,56.2,B
2021-06-09T11:28:16,1000.0,56.2,S
2021-06-09T11:27:51,300.0,56.3,B
2021-06-09T11:27:46,4400.0,56.2,B
2021-06-09T11:27:32,100.0,56.1,S
2021-06-09T11:27:05,200.0,56.2,B
2021-06-09T11:26:59,500.0,56.2,B
2021-06-09T11:26:56,1000.0,56.2,S
2021-06-09T11:26:47,100.0,56.3,B
2021-06-09T11:26:31,400.0,56.3,B
2021-06-09T11:26:28,100.0,56.3,B
2021-06-09T11:26:14,200.0,56.3,B
2021-06-09T11:26:06,1000.0,56.3,B
2021-06-09T11:25:52,200.0,56.2,S
2021-06-09T11:25:50,400.0,56.3,B
2021-06-09T11:25:40,3000.0,56.2,S
2021-06-09T11:25:38,500.0,56.2,S
2021-06-09T11:25:26,500.0,56.3,B
2021-06-09T11:25:20,100.0,56.3,B
2021-06-09T11:25:18,1000.0,56.2,S
2021-06-09T11:25:11,500.0,56.3,B
2021-06-09T11:25:10,1700.0,56.3,B
2021-06-09T11:25:08,800.0,56.3,B
2021-06-09T11:25:02,200.0,56.3,B
2021-06-09T11:24:49,1000.0,56.3,S
2021-06-09T11:24:10,100.0,56.4,B
2021-06-09T11:23:56,5000.0,56.2,S
2021-06-09T11:23:31,1100.0,56.4,B
2021-06-09T11:23:04,2000.0,56.5,B
2021-06-09T11:22:24,7000.0,56.5,B
2021-06-09T11:22:22,1000.0,56.2,B
2021-06-09T11:22:16,300.0,56.1,B
2021-06-09T11:22:14,100.0,56.1,B
2021-06-09T11:22:11,400.0,56.1,B
2021-06-09T11:22:05,100.0,56.1,B
2021-06-09T11:21:49,700.0,56.1,B
2021-06-09T11:21:47,2300.0,56.1,B
2021-06-09T11:21:41,3000.0,56.0,S
2021-06-09T11:21:29,2000.0,56.0,B
2021-06-09T11:21:16,1000.0,55.8,S
2021-06-09T11:21:14,10000.0,56.0,B
2021-06-09T11:20:59,2000.0,56.0,B
2021-06-09T11:20:48,2000.0,56.0,B
2021-06-09T11:20:43,100.0,56.0,B
2021-06-09T11:20:42,100.0,56.0,B
2021-06-09T11:20:42,100.0,56.0,B
2021-06-09T11:20:41,100.0,55.9,B
2021-06-09T11:20:33,700.0,56.0,B
2021-06-09T11:20:15,3100.0,56.0,B
2021-06-09T11:20:02,1700.0,56.0,B
2021-06-09T11:19:55,100.0,56.0,B
2021-06-09T11:19:40,1100.0,56.0,B
2021-06-09T11:19:37,100.0,55.8,B
2021-06-09T11:19:35,100.0,55.8,B
2021-06-09T11:19:33,100.0,55.8,B
2021-06-09T11:19:31,100.0,55.8,B
2021-06-09T11:19:27,100.0,55.8,B
2021-06-09T11:19:26,100.0,55.8,B
2021-06-09T11:19:24,200.0,55.8,B
2021-06-09T11:19:13,1700.0,56.0,B
2021-06-09T11:19:05,3000.0,55.7,S
2021-06-09T11:19:03,10000.0,55.7,S
2021-06-09T11:18:56,100.0,56.0,B
2021-06-09T11:18:55,100.0,56.0,B
2021-06-09T11:18:55,100.0,56.0,B
2021-06-09T11:18:54,100.0,56.0,B
2021-06-09T11:18:54,100.0,56.0,B
2021-06-09T11:18:52,200.0,56.0,B
2021-06-09T11:18:51,100.0,56.0,B
2021-06-09T11:18:50,100.0,56.0,B
2021-06-09T11:18:48,100.0,56.0,B
2021-06-09T11:18:46,100.0,56.0,B
2021-06-09T11:18:46,100.0,56.0,B
2021-06-09T11:18:45,100.0,56.0,B
2021-06-09T11:18:41,1000.0,56.0,B
2021-06-09T11:18:36,100.0,56.0,B
2021-06-09T11:18:30,200.0,56.0,B
2021-06-09T11:18:28,100.0,56.0,B
2021-06-09T11:18:20,100.0,56.0,B
2021-06-09T11:18:16,100.0,56.0,B
2021-06-09T11:18:09,300.0,56.0,B
2021-06-09T11:18:08,200.0,55.9,S
2021-06-09T11:18:03,300.0,55.8,S
2021-06-09T11:18:02,200.0,55.9,S
2021-06-09T11:17:55,100.0,56.0,B
2021-06-09T11:17:51,1800.0,56.0,B
2021-06-09T11:17:47,100.0,56.0,B
2021-06-09T11:17:47,200.0,56.0,B
2021-06-09T11:17:46,1000.0,56.0,B
2021-06-09T11:17:44,2600.0,56.0,B
2021-06-09T11:17:39,300.0,55.8,S
2021-06-09T11:17:37,100.0,56.0,B
2021-06-09T11:17:31,1000.0,56.0,B
2021-06-09T11:17:30,300.0,55.9,B
2021-06-09T11:17:29,3000.0,55.8,S
2021-06-09T11:17:22,100.0,55.9,B
2021-06-09T11:17:20,100.0,55.9,B
2021-06-09T11:17:19,100.0,55.9,B
2021-06-09T11:17:19,200.0,55.9,B
2021-06-09T11:17:14,100.0,55.9,B
2021-06-09T11:17:13,200.0,55.9,S
2021-06-09T11:17:10,100.0,55.9,S
2021-06-09T11:16:56,200.0,55.9,S
2021-06-09T11:16:48,1000.0,56.0,B
2021-06-09T11:16:44,200.0,56.0,B
2021-06-09T11:16:43,500.0,56.0,B
2021-06-09T11:16:40,100.0,56.0,B
2021-06-09T11:16:39,37500.0,56.0,S
2021-06-09T11:16:37,1000.0,56.0,S
2021-06-09T11:16:36,500.0,56.0,S
2021-06-09T11:16:34,100.0,56.1,B
2021-06-09T11:16:30,100.0,56.1,B
2021-06-09T11:16:26,1300.0,56.1,S
2021-06-09T11:16:23,100.0,56.1,S
2021-06-09T11:16:05,1000.0,56.2,B
2021-06-09T11:16:03,17200.0,56.2,S
2021-06-09T11:15:57,600.0,56.5,B
2021-06-09T11:15:54,1800.0,56.5,B
2021-06-09T11:15:53,100.0,56.5,B
2021-06-09T11:15:53,100.0,56.5,B
2021-06-09T11:15:52,100.0,56.5,B
2021-06-09T11:15:51,100.0,56.5,B
2021-06-09T11:15:51,100.0,56.5,B
2021-06-09T11:15:42,100.0,56.5,B
2021-06-09T11:15:38,100.0,56.5,B
2021-06-09T11:15:37,100.0,56.5,B
2021-06-09T11:15:34,100.0,56.5,B
2021-06-09T11:15:29,1000.0,56.5,B
2021-06-09T11:15:26,2000.0,56.5,B
2021-06-09T11:15:25,400.0,56.5,B
2021-06-09T11:15:24,16100.0,56.5,S
2021-06-09T11:15:15,600.0,56.6,S
2021-06-09T11:15:11,20000.0,56.6,S
2021-06-09T11:15:09,3000.0,56.6,S
2021-06-09T11:15:04,1000.0,56.6,S
2021-06-09T11:14:47,200.0,56.6,S
2021-06-09T11:14:37,200.0,56.7,B
2021-06-09T11:14:32,100.0,56.7,B
2021-06-09T11:14:22,2000.0,56.6,S
2021-06-09T11:14:19,500.0,56.6,S
2021-06-09T11:14:09,300.0,56.6,S
2021-06-09T11:14:01,200.0,56.7,B
2021-06-09T11:14:00,200.0,56.7,B
2021-06-09T11:13:54,200.0,56.7,B
2021-06-09T11:13:53,700.0,56.7,B
2021-06-09T11:13:44,200.0,56.7,B
2021-06-09T11:13:40,200.0,56.7,B
2021-06-09T11:13:39,200.0,56.7,B
2021-06-09T11:13:37,200.0,56.7,B
2021-06-09T11:13:36,200.0,56.7,B
2021-06-09T11:13:36,200.0,56.7,B
2021-06-09T11:13:35,200.0,56.6,S
2021-06-09T11:13:30,1700.0,56.7,B
2021-06-09T11:13:25,100.0,56.7,B
2021-06-09T11:13:15,1000.0,56.7,B
2021-06-09T11:13:05,100.0,56.7,B
2021-06-09T11:13:04,100.0,56.7,B
2021-06-09T11:12:54,300.0,56.7,B
2021-06-09T11:12:49,100.0,56.7,B
2021-06-09T11:12:43,100.0,56.7,B
2021-06-09T11:12:42,100.0,56.7,B
2021-06-09T11:12:40,2100.0,56.7,S
2021-06-09T11:12:39,100.0,56.8,B
2021-06-09T11:12:36,100.0,56.8,B
2021-06-09T11:12:35,100.0,56.8,B
2021-06-09T11:12:32,100.0,56.8,B
2021-06-09T11:12:31,200.0,56.8,B
2021-06-09T11:12:31,100.0,56.8,B
2021-06-09T11:12:30,100.0,56.8,B
2021-06-09T11:12:17,100.0,56.9,B
2021-06-09T11:12:15,100.0,56.8,B
2021-06-09T11:12:14,100.0,56.8,B
2021-06-09T11:12:13,100.0,56.8,B
2021-06-09T11:12:11,1700.0,56.8,S
2021-06-09T11:12:09,1000.0,56.8,S
2021-06-09T11:12:06,1300.0,56.8,S
2021-06-09T11:11:59,4000.0,56.8,S
2021-06-09T11:11:48,100.0,56.6,S
2021-06-09T11:11:45,500.0,56.6,S
2021-06-09T11:11:43,6600.0,56.9,B
2021-06-09T11:11:41,100.0,56.7,B
2021-06-09T11:11:40,200.0,56.7,B
2021-06-09T11:11:40,100.0,56.7,B
2021-06-09T11:11:28,100.0,56.7,B
2021-06-09T11:11:27,100.0,56.7,B
2021-06-09T11:11:27,100.0,56.7,B
2021-06-09T11:11:26,100.0,56.7,B
2021-06-09T11:11:23,300.0,56.7,B
2021-06-09T11:11:21,100.0,56.7,B
2021-06-09T11:11:18,300.0,56.6,S
2021-06-09T11:11:17,1800.0,56.6,S
2021-06-09T11:11:15,1700.0,56.6,S
2021-06-09T11:11:12,3000.0,56.6,S
2021-06-09T11:11:05,100.0,56.6,S
2021-06-09T11:10:57,100.0,56.7,B
2021-06-09T11:10:53,1000.0,56.6,S
2021-06-09T11:10:38,4200.0,56.7,S
2021-06-09T11:10:33,300.0,56.8,B
2021-06-09T11:10:29,100.0,56.8,B
2021-06-09T11:10:29,100.0,56.8,B
2021-06-09T11:10:17,100.0,56.9,B
2021-06-09T11:10:17,200.0,56.9,B
2021-06-09T11:10:16,5000.0,56.9,B
2021-06-09T11:10:13,100.0,56.9,B
2021-06-09T11:10:12,1700.0,56.9,B
2021-06-09T11:10:09,6500.0,56.7,S
2021-06-09T11:09:54,200.0,56.8,B
2021-06-09T11:09:53,3000.0,56.7,S
2021-06-09T11:09:48,3000.0,56.7,S
2021-06-09T11:09:44,200.0,56.7,S
2021-06-09T11:09:42,4500.0,56.7,S
2021-06-09T11:09:40,500.0,56.8,S
2021-06-09T11:09:40,1100.0,56.8,S
2021-06-09T11:09:39,100.0,56.8,B
2021-06-09T11:09:34,200.0,56.8,B
2021-06-09T11:09:31,100.0,56.8,B
2021-06-09T11:09:27,100.0,56.8,S
2021-06-09T11:09:21,100.0,56.8,S
2021-06-09T11:09:18,100.0,56.8,B
2021-06-09T11:09:04,2000.0,56.9,B
2021-06-09T11:08:51,1900.0,56.8,B
2021-06-09T11:08:41,100.0,56.9,B
2021-06-09T11:08:40,4700.0,56.8,S
2021-06-09T11:08:39,100.0,56.9,B
2021-06-09T11:08:38,1000.0,56.9,B
2021-06-09T11:08:37,100.0,56.9,B
2021-06-09T11:08:32,100.0,56.9,B
2021-06-09T11:08:31,5000.0,56.8,S
2021-06-09T11:08:29,5000.0,56.9,B
2021-06-09T11:08:18,3000.0,56.9,B
2021-06-09T11:08:06,13300.0,57.0,B
2021-06-09T11:07:54,30000.0,56.9,S
2021-06-09T11:07:51,1000.0,56.9,S
2021-06-09T11:07:40,900.0,57.0,B
2021-06-09T11:07:26,1000.0,56.9,S
2021-06-09T11:07:18,1000.0,57.0,B
2021-06-09T11:07:14,3000.0,56.9,S
2021-06-09T11:07:10,100.0,56.9,S
2021-06-09T11:07:08,5000.0,57.0,B
2021-06-09T11:06:59,1700.0,57.0,B
2021-06-09T11:06:56,400.0,57.0,B
2021-06-09T11:06:55,4000.0,57.0,B
2021-06-09T11:06:54,3500.0,57.0,B
2021-06-09T11:06:54,100.0,57.0,B
2021-06-09T11:06:45,200.0,57.0,B
2021-06-09T11:06:45,1000.0,57.0,B
2021-06-09T11:06:44,5000.0,56.9,S
2021-06-09T11:06:43,1100.0,57.0,S
2021-06-09T11:06:40,4100.0,57.0,S
2021-06-09T11:06:32,10000.0,57.0,S
2021-06-09T11:06:25,6300.0,57.1,B
2021-06-09T11:06:20,2000.0,57.0,S
2021-06-09T11:06:17,10000.0,57.0,S
2021-06-09T11:06:15,100.0,57.0,S
2021-06-09T11:06:03,500.0,57.0,S
2021-06-09T11:05:57,3000.0,57.0,S
2021-06-09T11:05:55,300.0,57.0,S
2021-06-09T11:05:39,600.0,57.1,B
2021-06-09T11:05:19,2000.0,57.1,B
2021-06-09T11:05:19,11000.0,57.0,S
2021-06-09T11:05:11,1000.0,57.1,B
2021-06-09T11:05:07,1000.0,57.1,B
2021-06-09T11:05:05,4000.0,57.1,B
2021-06-09T11:05:02,100.0,57.0,S
2021-06-09T11:05:01,200.0,57.0,S
2021-06-09T11:04:56,100.0,57.0,S
2021-06-09T11:04:43,1000.0,57.0,S
2021-06-09T11:04:39,100.0,57.0,S
2021-06-09T11:04:37,3000.0,57.0,S
2021-06-09T11:04:36,100.0,57.1,B
2021-06-09T11:04:28,1500.0,57.0,S
2021-06-09T11:04:22,4900.0,57.0,B
2021-06-09T11:04:15,2100.0,57.0,B
2021-06-09T11:04:13,1400.0,57.0,B
2021-06-09T11:04:04,4000.0,57.0,B
2021-06-09T11:03:55,100.0,57.0,B
2021-06-09T11:03:50,1000.0,57.0,B
2021-06-09T11:03:46,2000.0,57.0,B
2021-06-09T11:03:36,500.0,57.0,B
2021-06-09T11:03:34,300.0,57.0,B
2021-06-09T11:03:22,3000.0,57.0,B
2021-06-09T11:03:19,3000.0,56.9,S
2021-06-09T11:03:07,100.0,56.9,S
2021-06-09T11:03:01,500.0,57.0,S
2021-06-09T11:02:52,1700.0,57.1,B
2021-06-09T11:02:46,100.0,57.0,S
2021-06-09T11:02:38,500.0,57.0,S
2021-06-09T11:02:29,4600.0,57.0,S
2021-06-09T11:02:28,500.0,57.0,B
2021-06-09T11:02:19,18000.0,57.0,B
2021-06-09T11:02:18,500.0,57.0,B
2021-06-09T11:02:15,200.0,57.0,B
2021-06-09T11:02:03,700.0,57.0,B
2021-06-09T11:02:02,1000.0,57.0,B
2021-06-09T11:02:00,200.0,57.0,B
2021-06-09T11:01:49,100.0,57.0,B
2021-06-09T11:01:46,1200.0,57.0,B
2021-06-09T11:01:46,1000.0,57.0,B
2021-06-09T11:01:41,3100.0,57.0,B
2021-06-09T11:01:39,9000.0,57.0,B
2021-06-09T11:01:34,200.0,56.9,S
2021-06-09T11:01:29,2000.0,57.0,B
2021-06-09T11:01:21,200.0,57.0,B
2021-06-09T11:00:52,500.0,57.0,B
2021-06-09T11:00:51,100.0,57.0,B
2021-06-09T11:00:49,1500.0,57.0,B
2021-06-09T11:00:41,400.0,56.9,S
2021-06-09T11:00:39,300.0,57.0,B
2021-06-09T11:00:27,1700.0,57.0,B
2021-06-09T11:00:20,100.0,57.0,B
2021-06-09T11:00:03,500.0,57.0,B
2021-06-09T10:59:55,4900.0,57.0,B
2021-06-09T10:59:53,200.0,56.9,S
2021-06-09T10:59:50,100.0,57.0,B
2021-06-09T10:59:39,200.0,57.0,B
2021-06-09T10:59:38,800.0,57.0,B
2021-06-09T10:59:36,100.0,57.0,B
2021-06-09T10:59:22,3000.0,57.0,B
2021-06-09T10:59:20,3000.0,56.9,S
2021-06-09T10:59:20,500.0,56.9,S
2021-06-09T10:59:14,200.0,57.0,B
2021-06-09T10:59:09,100.0,57.0,B
2021-06-09T10:58:57,10000.0,57.0,B
2021-06-09T10:58:35,400.0,56.9,B
2021-06-09T10:58:34,1100.0,56.9,B
2021-06-09T10:58:19,100.0,56.9,B
2021-06-09T10:58:02,2500.0,56.9,S
2021-06-09T10:57:57,500.0,56.9,S
2021-06-09T10:57:51,800.0,57.0,B
2021-06-09T10:57:33,900.0,57.0,B
2021-06-09T10:57:32,1400.0,57.0,B
2021-06-09T10:57:01,20000.0,57.0,B
2021-06-09T10:56:51,500.0,56.9,B
2021-06-09T10:56:45,300.0,56.9,B
2021-06-09T10:56:43,500.0,56.9,B
2021-06-09T10:56:39,12000.0,56.8,S
2021-06-09T10:56:37,100.0,56.9,B
2021-06-09T10:56:31,100.0,56.9,B
2021-06-09T10:56:26,100.0,56.9,B
2021-06-09T10:56:19,100.0,56.9,B
2021-06-09T10:56:16,1500.0,56.9,B
2021-06-09T10:56:00,2000.0,57.0,B
2021-06-09T10:55:53,300.0,56.8,S
2021-06-09T10:55:52,13700.0,56.8,S
2021-06-09T10:55:47,1000.0,56.8,B
2021-06-09T10:55:46,500.0,56.8,B
2021-06-09T10:55:40,1000.0,56.8,B
2021-06-09T10:55:38,200.0,56.8,B
2021-06-09T10:55:35,3300.0,56.8,B
2021-06-09T10:55:34,13700.0,56.9,B
2021-06-09T10:55:30,2000.0,56.8,S
2021-06-09T10:55:20,1000.0,56.9,B
2021-06-09T10:55:07,300.0,56.9,B
2021-06-09T10:54:58,200.0,56.9,B
2021-06-09T10:54:57,1000.0,56.9,B
2021-06-09T10:54:48,1000.0,56.9,B
2021-06-09T10:54:48,1700.0,56.8,B
2021-06-09T10:54:46,3900.0,56.8,B
2021-06-09T10:54:35,300.0,56.8,S
2021-06-09T10:54:31,200.0,56.9,B
2021-06-09T10:54:31,2000.0,56.9,B
2021-06-09T10:54:28,100.0,56.9,B
2021-06-09T10:54:23,200.0,56.9,B
2021-06-09T10:54:19,1600.0,56.9,B
2021-06-09T10:54:18,100.0,56.9,B
2021-06-09T10:54:17,3900.0,56.9,S
2021-06-09T10:54:08,100.0,56.9,S
2021-06-09T10:54:01,500.0,57.0,B
2021-06-09T10:53:57,1700.0,57.0,B
2021-06-09T10:53:52,900.0,56.9,S
2021-06-09T10:53:50,500.0,56.9,S
2021-06-09T10:53:47,2000.0,56.9,S
2021-06-09T10:53:41,400.0,56.9,S
2021-06-09T10:53:38,400.0,56.9,S
2021-06-09T10:53:37,4000.0,56.9,S
2021-06-09T10:53:05,3500.0,56.9,S
2021-06-09T10:52:59,100.0,56.9,B
2021-06-09T10:52:56,1000.0,56.9,B
2021-06-09T10:52:55,200.0,56.9,B
2021-06-09T10:52:50,200.0,56.9,S
2021-06-09T10:52:46,200.0,57.0,B
2021-06-09T10:52:25,100.0,57.0,B
2021-06-09T10:52:18,5000.0,56.8,S
2021-06-09T10:52:17,900.0,57.0,B
2021-06-09T10:52:12,1000.0,57.0,S
2021-06-09T10:52:10,100.0,57.1,B
2021-06-09T10:52:04,500.0,57.0,B
2021-06-09T10:52:01,100.0,57.0,B
2021-06-09T10:52:00,900.0,57.0,S
2021-06-09T10:51:45,300.0,57.0,S
2021-06-09T10:51:44,1000.0,57.1,B
2021-06-09T10:51:43,500.0,57.0,S
2021-06-09T10:51:36,200.0,57.0,B
2021-06-09T10:51:34,3000.0,57.1,B
2021-06-09T10:51:32,1500.0,57.0,B
2021-06-09T10:51:32,100.0,57.0,B
2021-06-09T10:51:27,100.0,57.0,B
2021-06-09T10:51:21,300.0,57.0,B
2021-06-09T10:51:18,5000.0,56.8,S
2021-06-09T10:51:18,100.0,57.0,S
2021-06-09T10:51:09,1000.0,56.8,S
2021-06-09T10:51:04,1000.0,56.9,S
2021-06-09T10:50:58,200.0,57.1,B
2021-06-09T10:50:51,6000.0,57.1,B
2021-06-09T10:50:47,200.0,57.0,B
2021-06-09T10:50:42,100.0,56.9,S
2021-06-09T10:50:41,100.0,56.9,B
2021-06-09T10:50:40,12400.0,56.9,S
2021-06-09T10:50:36,1500.0,57.0,S
2021-06-09T10:50:26,24000.0,57.1,B
2021-06-09T10:50:10,2000.0,57.0,B
2021-06-09T10:50:08,1800.0,57.0,B
2021-06-09T10:50:00,400.0,56.9,S
2021-06-09T10:49:57,2000.0,57.0,B
2021-06-09T10:49:44,300.0,57.0,B
2021-06-09T10:49:42,400.0,57.0,B
2021-06-09T10:49:30,500.0,57.0,B
2021-06-09T10:49:28,1000.0,57.0,B
2021-06-09T10:49:27,1000.0,57.0,S
2021-06-09T10:49:27,2000.0,57.0,S
2021-06-09T10:49:26,400.0,57.1,B
2021-06-09T10:49:24,600.0,57.0,S
2021-06-09T10:49:20,4000.0,57.1,B
2021-06-09T10:49:17,500.0,57.0,S
2021-06-09T10:49:16,500.0,57.0,S
2021-06-09T10:49:14,4900.0,57.1,B
2021-06-09T10:49:10,1000.0,57.1,B
2021-06-09T10:49:06,200.0,57.1,B
2021-06-09T10:48:40,700.0,57.1,B
2021-06-09T10:48:38,500.0,57.1,B
2021-06-09T10:48:36,100.0,57.0,B
2021-06-09T10:48:34,100.0,57.0,B
2021-06-09T10:48:29,2000.0,57.1,B
2021-06-09T10:48:27,300.0,57.0,S
2021-06-09T10:48:24,1300.0,57.0,S
2021-06-09T10:48:22,3000.0,57.0,S
2021-06-09T10:48:16,1900.0,57.0,B
2021-06-09T10:48:12,700.0,57.0,B
2021-06-09T10:48:04,4100.0,57.0,S
2021-06-09T10:47:56,700.0,57.1,B
2021-06-09T10:47:52,6000.0,57.0,S
2021-06-09T10:47:49,1700.0,57.1,B
2021-06-09T10:47:48,500.0,57.0,S
2021-06-09T10:47:47,500.0,57.0,S
2021-06-09T10:47:42,1000.0,57.0,S
2021-06-09T10:47:37,2000.0,57.0,S
2021-06-09T10:47:27,2000.0,57.0,S
2021-06-09T10:47:26,1700.0,57.1,B
2021-06-09T10:47:20,3100.0,57.0,B
2021-06-09T10:47:08,500.0,57.0,B
2021-06-09T10:47:07,300.0,57.0,B
2021-06-09T10:47:06,700.0,57.0,B
2021-06-09T10:47:05,100.0,57.0,B
2021-06-09T10:47:03,4700.0,57.0,B
2021-06-09T10:46:59,2000.0,57.0,B
2021-06-09T10:46:54,3000.0,57.0,B
2021-06-09T10:46:43,5200.0,57.0,B
2021-06-09T10:46:33,200.0,57.0,B
2021-06-09T10:46:31,3000.0,57.0,B
2021-06-09T10:46:25,300.0,57.0,B
2021-06-09T10:46:24,8000.0,57.0,B
2021-06-09T10:46:17,1000.0,57.0,B
2021-06-09T10:46:13,1000.0,57.0,B
2021-06-09T10:46:12,10000.0,57.0,B
2021-06-09T10:46:10,6000.0,57.0,B
2021-06-09T10:46:10,1000.0,56.9,S
2021-06-09T10:46:10,2200.0,57.0,B
2021-06-09T10:46:08,500.0,57.0,B
2021-06-09T10:46:06,500.0,57.0,B
2021-06-09T10:46:05,5000.0,57.0,B
2021-06-09T10:46:03,800.0,57.0,B
2021-06-09T10:46:02,101000.0,57.0,B
2021-06-09T10:46:01,500.0,57.0,B
2021-06-09T10:45:54,1000.0,57.0,B
2021-06-09T10:45:47,10000.0,57.0,B
2021-06-09T10:45:41,3000.0,57.0,B
2021-06-09T10:45:35,200.0,57.0,B
2021-06-09T10:45:33,1600.0,57.0,B
2021-06-09T10:45:28,500.0,57.0,B
2021-06-09T10:45:25,100.0,57.0,B
2021-06-09T10:45:24,1900.0,56.9,S
2021-06-09T10:45:24,100.0,57.0,B
2021-06-09T10:45:20,10000.0,57.0,B
2021-06-09T10:45:13,400.0,57.0,B
2021-06-09T10:45:11,1000.0,56.9,S
2021-06-09T10:45:10,100.0,57.0,B
2021-06-09T10:45:05,400.0,56.9,S
2021-06-09T10:45:01,2000.0,57.0,B
2021-06-09T10:45:00,10000.0,57.0,B
2021-06-09T10:44:57,21900.0,57.0,B
2021-06-09T10:44:56,200.0,57.0,B
2021-06-09T10:44:55,5000.0,57.0,B
2021-06-09T10:44:54,900.0,57.0,B
2021-06-09T10:44:50,500.0,57.0,B
2021-06-09T10:44:49,100.0,57.0,B
2021-06-09T10:44:48,1900.0,57.0,B
2021-06-09T10:44:44,7500.0,56.9,S
2021-06-09T10:44:41,500.0,57.0,B
2021-06-09T10:44:31,500.0,56.9,S
2021-06-09T10:44:27,3000.0,56.9,S
2021-06-09T10:44:22,8200.0,56.9,B
2021-06-09T10:44:08,200.0,56.9,B
2021-06-09T10:44:04,1000.0,56.8,S
2021-06-09T10:44:00,600.0,56.9,B
2021-06-09T10:43:48,1700.0,56.9,B
2021-06-09T10:43:39,300.0,56.9,B
2021-06-09T10:43:36,300.0,56.9,B
2021-06-09T10:43:27,200.0,56.7,S
2021-06-09T10:43:26,1500.0,56.9,B
2021-06-09T10:43:23,600.0,56.8,B
2021-06-09T10:43:20,100.0,56.7,S
2021-06-09T10:43:15,300.0,56.8,S
2021-06-09T10:43:11,200.0,56.8,B
2021-06-09T10:43:09,3000.0,56.7,S
2021-06-09T10:43:04,100.0,56.7,S
2021-06-09T10:43:01,1100.0,56.7,S
2021-06-09T10:42:57,1700.0,56.8,B
2021-06-09T10:42:51,100.0,56.7,S
2021-06-09T10:42:45,4500.0,56.7,S
2021-06-09T10:42:38,500.0,56.7,B
2021-06-09T10:42:34,30000.0,56.7,B
2021-06-09T10:42:27,5000.0,56.7,B
2021-06-09T10:42:15,300.0,56.6,S
2021-06-09T10:42:14,500.0,56.6,S
2021-06-09T10:42:11,2000.0,56.7,B
2021-06-09T10:42:04,500.0,56.6,S
2021-06-09T10:42:03,51000.0,56.7,B
2021-06-09T10:41:56,300.0,56.6,S
2021-06-09T10:41:56,2000.0,56.7,B
2021-06-09T10:41:54,500.0,56.6,S
2021-06-09T10:41:49,1500.0,56.6,S
2021-06-09T10:41:45,100.0,56.7,B
2021-06-09T10:41:40,100.0,56.6,S
2021-06-09T10:41:32,100.0,56.6,S
2021-06-09T10:41:29,500.0,56.6,S
2021-06-09T10:41:24,1100.0,56.6,S
2021-06-09T10:41:21,100.0,56.6,S
2021-06-09T10:41:09,1900.0,56.6,B
2021-06-09T10:41:06,3100.0,56.5,S
2021-06-09T10:41:00,100.0,56.6,S
2021-06-09T10:40:59,500.0,56.6,S
2021-06-09T10:40:55,1700.0,56.7,B
2021-06-09T10:40:54,2000.0,56.7,B
2021-06-09T10:40:39,1200.0,56.6,S
2021-06-09T10:40:33,1800.0,56.6,B
2021-06-09T10:40:32,1400.0,56.5,S
2021-06-09T10:40:30,200.0,56.6,S
2021-06-09T10:40:26,1000.0,56.7,B
2021-06-09T10:40:25,500.0,56.6,S
2021-06-09T10:40:18,500.0,56.6,S
2021-06-09T10:40:14,1100.0,56.7,B
2021-06-09T10:40:05,1300.0,56.6,B
2021-06-09T10:39:53,200.0,56.6,B
2021-06-09T10:39:51,500.0,56.6,B
2021-06-09T10:39:46,11000.0,56.7,B
2021-06-09T10:39:43,3900.0,56.5,S
2021-06-09T10:39:35,2000.0,56.7,B
2021-06-09T10:39:31,7300.0,56.6,B
2021-06-09T10:39:20,100.0,56.6,B
2021-06-09T10:39:19,500.0,56.6,B
2021-06-09T10:39:18,1700.0,56.6,B
2021-06-09T10:39:17,1100.0,56.6,S
2021-06-09T10:39:14,200.0,56.6,S
2021-06-09T10:39:12,3000.0,56.6,S
2021-06-09T10:39:01,200.0,56.6,S
2021-06-09T10:38:58,1300.0,56.6,S
2021-06-09T10:38:50,100.0,56.6,S
2021-06-09T10:38:41,500.0,56.6,S
2021-06-09T10:38:39,100.0,56.6,S
2021-06-09T10:38:29,400.0,56.6,S
2021-06-09T10:38:29,1700.0,56.6,S
2021-06-09T10:38:13,500.0,56.6,S
2021-06-09T10:38:11,1500.0,56.7,B
2021-06-09T10:38:11,2000.0,56.6,S
2021-06-09T10:38:09,800.0,56.6,S
2021-06-09T10:38:08,9500.0,56.6,B
2021-06-09T10:37:59,400.0,56.6,B
2021-06-09T10:37:58,1000.0,56.5,S
2021-06-09T10:37:56,500.0,56.6,B
2021-06-09T10:37:50,200.0,56.6,B
2021-06-09T10:37:46,100.0,56.6,B
2021-06-09T10:37:39,500.0,56.6,B
2021-06-09T10:37:37,2000.0,56.6,B
2021-06-09T10:37:36,200.0,56.5,S
2021-06-09T10:37:33,300.0,56.6,B
2021-06-09T10:37:30,100.0,56.5,S
2021-06-09T10:37:24,1000.0,56.6,B
2021-06-09T10:37:23,100.0,56.5,S
2021-06-09T10:37:20,600.0,56.5,S
2021-06-09T10:37:19,4300.0,56.5,S
2021-06-09T10:37:17,800.0,56.5,B
2021-06-09T10:37:15,1700.0,56.5,B
2021-06-09T10:37:15,4000.0,56.4,S
2021-06-09T10:37:12,200.0,56.5,B
2021-06-09T10:36:57,500.0,56.5,B
2021-06-09T10:36:54,300.0,56.5,B
2021-06-09T10:36:49,500.0,56.5,B
2021-06-09T10:36:44,100.0,56.5,B
2021-06-09T10:36:37,100.0,56.5,B
2021-06-09T10:36:33,300.0,56.5,B
2021-06-09T10:36:30,2000.0,56.5,B
2021-06-09T10:36:15,1900.0,56.4,B
2021-06-09T10:36:10,1000.0,56.4,B
2021-06-09T10:36:04,100.0,56.4,B
2021-06-09T10:36:01,300.0,56.4,B
2021-06-09T10:35:57,1200.0,56.3,S
2021-06-09T10:35:46,300.0,56.4,B
2021-06-09T10:35:43,200.0,56.3,S
2021-06-09T10:35:35,2900.0,56.4,B
2021-06-09T10:35:26,2000.0,56.3,B
2021-06-09T10:35:25,300.0,56.2,B
2021-06-09T10:35:22,4000.0,56.0,S
2021-06-09T10:35:20,100.0,56.2,B
2021-06-09T10:35:19,2500.0,56.2,S
2021-06-09T10:35:17,300.0,56.2,S
2021-06-09T10:35:05,7700.0,56.2,B
2021-06-09T10:35:02,500.0,56.0,S
2021-06-09T10:35:02,600.0,56.1,B
2021-06-09T10:35:00,200.0,56.1,B
2021-06-09T10:34:59,18800.0,56.0,S
2021-06-09T10:34:59,200.0,56.1,B
2021-06-09T10:34:48,500.0,56.1,B
2021-06-09T10:34:42,9300.0,56.1,B
2021-06-09T10:34:40,1000.0,56.0,S
2021-06-09T10:34:39,100.0,56.0,B
2021-06-09T10:34:36,2100.0,56.0,B
2021-06-09T10:34:34,1000.0,56.0,B
2021-06-09T10:34:32,600.0,56.0,B
2021-06-09T10:34:27,100.0,56.0,B
2021-06-09T10:34:25,200.0,56.0,B
2021-06-09T10:34:24,2400.0,56.0,B
2021-06-09T10:34:24,5300.0,55.9,S
2021-06-09T10:34:21,10000.0,56.0,B
2021-06-09T10:34:20,2000.0,56.0,B
2021-06-09T10:34:13,10000.0,56.0,B
2021-06-09T10:34:09,8200.0,55.9,S
2021-06-09T10:34:08,500.0,55.9,S
2021-06-09T10:34:08,100.0,56.0,B
2021-06-09T10:34:06,200.0,56.0,B
2021-06-09T10:34:05,100.0,56.0,B
2021-06-09T10:33:52,200.0,56.0,B
2021-06-09T10:33:51,100.0,56.0,B
2021-06-09T10:33:46,2000.0,56.0,B
2021-06-09T10:33:46,3200.0,56.0,B
2021-06-09T10:33:43,1000.0,55.9,S
2021-06-09T10:33:39,500.0,56.0,B
2021-06-09T10:33:37,900.0,56.0,B
2021-06-09T10:33:35,200.0,56.0,B
2021-06-09T10:33:31,100.0,56.0,B
2021-06-09T10:33:24,10000.0,56.0,B
2021-06-09T10:33:22,5000.0,56.0,B
2021-06-09T10:33:16,1900.0,55.9,S
2021-06-09T10:33:05,200.0,56.0,B
2021-06-09T10:33:04,800.0,56.0,B
2021-06-09T10:33:04,300.0,56.0,B
2021-06-09T10:32:59,100.0,55.9,S
2021-06-09T10:32:46,900.0,56.0,B
2021-06-09T10:32:42,200.0,55.9,S
2021-06-09T10:32:35,500.0,56.0,B
2021-06-09T10:32:32,1000.0,56.0,B
2021-06-09T10:32:27,4500.0,56.0,B
2021-06-09T10:32:26,100.0,55.9,B
2021-06-09T10:32:20,2900.0,55.9,B
2021-06-09T10:32:17,100.0,56.0,B
2021-06-09T10:32:12,5800.0,55.9,S
2021-06-09T10:32:12,2000.0,55.9,B
2021-06-09T10:32:10,900.0,55.9,B
2021-06-09T10:32:07,1000.0,55.9,B
2021-06-09T10:32:00,400.0,55.9,B
2021-06-09T10:32:00,6000.0,55.8,S
2021-06-09T10:31:56,500.0,55.9,B
2021-06-09T10:31:55,100.0,55.9,B
2021-06-09T10:31:52,5000.0,55.9,B
2021-06-09T10:31:46,100.0,55.9,B
2021-06-09T10:31:45,200.0,55.9,B
2021-06-09T10:31:41,100.0,55.9,B
2021-06-09T10:31:41,500.0,55.8,S
2021-06-09T10:31:38,100.0,55.9,B
2021-06-09T10:31:36,1000.0,55.9,B
2021-06-09T10:31:35,200.0,55.8,S
2021-06-09T10:31:32,1000.0,55.8,S
2021-06-09T10:31:26,1500.0,55.9,B
2021-06-09T10:31:24,1000.0,55.8,S
2021-06-09T10:31:23,100.0,55.9,B
2021-06-09T10:31:20,100.0,55.9,B
2021-06-09T10:31:20,500.0,55.8,S
2021-06-09T10:31:15,300.0,55.9,B
2021-06-09T10:31:14,100.0,55.9,B
2021-06-09T10:31:09,400.0,55.9,S
2021-06-09T10:31:05,100.0,55.9,S
2021-06-09T10:31:04,1000.0,56.0,B
2021-06-09T10:31:01,100.0,55.9,S
2021-06-09T10:30:59,100.0,56.0,B
2021-06-09T10:30:50,1600.0,56.0,S
2021-06-09T10:30:48,1000.0,56.0,S
2021-06-09T10:30:45,100.0,56.0,S
2021-06-09T10:30:44,300.0,56.0,S
2021-06-09T10:30:43,100.0,55.8,S
2021-06-09T10:30:40,10000.0,56.0,B
2021-06-09T10:30:39,100.0,55.7,S
2021-06-09T10:30:36,11000.0,56.0,B
2021-06-09T10:30:35,1000.0,56.0,B
2021-06-09T10:30:30,1700.0,56.0,B
2021-06-09T10:30:29,2600.0,56.0,B
2021-06-09T10:30:27,400.0,56.0,B
2021-06-09T10:30:24,100.0,55.8,S
2021-06-09T10:30:22,1000.0,56.0,B
2021-06-09T10:30:13,300.0,56.0,S
2021-06-09T10:30:11,6000.0,56.0,S
2021-06-09T10:30:10,2000.0,56.1,B
2021-06-09T10:30:10,100.0,56.0,S
2021-06-09T10:30:09,1500.0,56.0,S
2021-06-09T10:30:09,500.0,56.0,S
2021-06-09T10:30:07,800.0,56.0,S
2021-06-09T10:30:07,11200.0,56.0,S
2021-06-09T10:30:05,2900.0,56.1,B
2021-06-09T10:29:59,2000.0,56.1,S
2021-06-09T10:29:58,2900.0,56.2,S
2021-06-09T10:29:57,200.0,56.4,B
2021-06-09T10:29:56,200.0,56.4,B
2021-06-09T10:29:53,200.0,56.4,B
2021-06-09T10:29:53,100.0,56.3,B
2021-06-09T10:29:48,500.0,56.4,B
2021-06-09T10:29:46,3600.0,56.4,B
2021-06-09T10:29:45,3000.0,56.7,B
2021-06-09T10:29:43,500.0,56.6,B
2021-06-09T10:29:36,600.0,56.5,S
2021-06-09T10:29:36,3000.0,56.5,S
2021-06-09T10:29:33,200.0,56.7,B
2021-06-09T10:29:25,2000.0,56.7,S
2021-06-09T10:29:21,3000.0,56.7,S
2021-06-09T10:29:19,300.0,56.8,B
2021-06-09T10:29:18,1000.0,56.7,S
2021-06-09T10:29:10,1000.0,56.8,B
2021-06-09T10:29:09,8600.0,56.8,S
2021-06-09T10:29:04,100.0,56.9,B
2021-06-09T10:28:58,300.0,56.8,S
2021-06-09T10:28:57,600.0,56.9,B
2021-06-09T10:28:53,800.0,57.0,B
2021-06-09T10:28:49,1000.0,57.0,B
2021-06-09T10:28:48,100.0,57.0,B
2021-06-09T10:28:45,500.0,57.0,B
2021-06-09T10:28:38,1000.0,57.0,B
2021-06-09T10:28:34,1000.0,57.0,B
2021-06-09T10:28:30,100.0,57.0,B
2021-06-09T10:28:29,100.0,57.0,S
2021-06-09T10:28:27,1000.0,57.0,S
2021-06-09T10:28:24,200.0,57.0,B
2021-06-09T10:28:21,7100.0,57.0,B
2021-06-09T10:28:20,5100.0,57.0,S
2021-06-09T10:28:14,7800.0,57.0,B
2021-06-09T10:28:12,3400.0,57.0,B
2021-06-09T10:28:11,1000.0,56.8,S
2021-06-09T10:28:08,14000.0,57.0,B
2021-06-09T10:28:07,10000.0,57.0,B
2021-06-09T10:28:07,100.0,57.0,B
2021-06-09T10:28:03,100.0,57.0,B
2021-06-09T10:28:02,10000.0,57.0,B
2021-06-09T10:27:59,4400.0,56.9,S
2021-06-09T10:27:56,100.0,57.0,B
2021-06-09T10:27:55,500.0,57.0,B
2021-06-09T10:27:52,2200.0,57.0,B
2021-06-09T10:27:52,1000.0,57.0,B
2021-06-09T10:27:52,300.0,57.0,B
2021-06-09T10:27:51,600.0,57.0,B
2021-06-09T10:27:46,1100.0,57.0,B
2021-06-09T10:27:44,100.0,57.0,B
2021-06-09T10:27:42,600.0,57.0,B
2021-06-09T10:27:41,500.0,57.0,B
2021-06-09T10:27:40,200.0,57.0,B
2021-06-09T10:27:39,300.0,57.0,B
2021-06-09T10:27:38,1000.0,57.0,B
2021-06-09T10:27:36,500.0,57.0,B
2021-06-09T10:27:30,400.0,57.0,B
2021-06-09T10:27:26,200.0,57.0,B
2021-06-09T10:27:23,20000.0,57.0,B
2021-06-09T10:27:16,1200.0,57.0,B
2021-06-09T10:27:16,1000.0,56.8,S
2021-06-09T10:27:06,100.0,56.8,S
2021-06-09T10:27:02,4100.0,56.6,S
2021-06-09T10:27:02,500.0,56.6,B
2021-06-09T10:27:02,2200.0,56.6,B
2021-06-09T10:27:02,100.0,56.8,B
2021-06-09T10:26:59,100.0,56.6,S
2021-06-09T10:26:59,5000.0,56.5,S
2021-06-09T10:26:54,5000.0,56.5,S
2021-06-09T10:26:49,1000.0,56.6,B
2021-06-09T10:26:47,1000.0,56.5,S
2021-06-09T10:26:38,1200.0,56.5,S
2021-06-09T10:26:37,1800.0,56.5,B
2021-06-09T10:26:35,600.0,56.5,B
2021-06-09T10:26:33,5000.0,56.4,S
2021-06-09T10:26:32,600.0,56.5,B
2021-06-09T10:26:21,1000.0,56.4,S
2021-06-09T10:26:19,1000.0,56.5,B
2021-06-09T10:26:15,1700.0,56.5,B
2021-06-09T10:26:13,7200.0,56.4,B
2021-06-09T10:26:06,100.0,56.4,B
2021-06-09T10:26:04,800.0,56.4,B
2021-06-09T10:26:04,100.0,56.4,B
2021-06-09T10:26:00,600.0,56.4,B
2021-06-09T10:25:56,400.0,56.4,B
2021-06-09T10:25:56,100.0,56.2,B
2021-06-09T10:25:53,500.0,56.2,B
2021-06-09T10:25:50,100.0,56.2,S
2021-06-09T10:25:46,2000.0,56.4,B
2021-06-09T10:25:44,300.0,56.2,S
2021-06-09T10:25:42,100.0,56.2,B
2021-06-09T10:25:29,100.0,56.1,S
2021-06-09T10:25:24,3000.0,56.2,B
2021-06-09T10:25:16,3000.0,56.1,B
2021-06-09T10:25:16,1000.0,56.0,S
2021-06-09T10:25:15,500.0,56.0,S
2021-06-09T10:25:14,300.0,56.0,S
2021-06-09T10:25:12,100.0,56.0,S
2021-06-09T10:25:08,200.0,56.0,S
2021-06-09T10:25:07,4700.0,56.0,S
2021-06-09T10:25:05,500.0,56.0,B
2021-06-09T10:25:04,1000.0,56.0,B
2021-06-09T10:25:02,500.0,56.0,B
2021-06-09T10:25:02,800.0,55.9,B
2021-06-09T10:25:02,100.0,55.9,S
2021-06-09T10:25:01,2100.0,56.0,B
2021-06-09T10:24:55,300.0,56.0,B
2021-06-09T10:24:54,900.0,56.0,B
2021-06-09T10:24:52,1400.0,55.9,S
2021-06-09T10:24:49,100000.0,56.0,B
2021-06-09T10:24:49,300.0,56.0,B
2021-06-09T10:24:48,200.0,56.0,B
2021-06-09T10:24:45,100.0,56.0,B
2021-06-09T10:24:42,200.0,56.0,B
2021-06-09T10:24:42,1000.0,55.9,S
2021-06-09T10:24:38,1800.0,56.0,B
2021-06-09T10:24:37,10000.0,56.0,B
2021-06-09T10:24:37,500.0,55.8,S
2021-06-09T10:24:36,10400.0,56.0,B
2021-06-09T10:24:36,400.0,55.9,S
2021-06-09T10:24:35,12900.0,56.0,B
2021-06-09T10:24:35,10000.0,55.9,S
2021-06-09T10:24:34,300.0,56.0,B
2021-06-09T10:24:30,1000.0,55.9,S
2021-06-09T10:24:29,500.0,56.0,B
2021-06-09T10:24:26,100.0,56.0,B
2021-06-09T10:24:24,1000.0,55.9,S
2021-06-09T10:24:23,2000.0,55.8,S
2021-06-09T10:24:20,1000.0,55.9,B
2021-06-09T10:24:14,1000.0,55.8,S
2021-06-09T10:24:13,2300.0,55.8,B
2021-06-09T10:24:13,500.0,55.8,B
2021-06-09T10:24:12,1400.0,55.8,B
2021-06-09T10:23:59,6500.0,55.8,B
2021-06-09T10:23:53,500.0,55.7,S
2021-06-09T10:23:51,1000.0,55.8,B
2021-06-09T10:23:51,8200.0,55.7,B
2021-06-09T10:23:50,700.0,55.7,B
2021-06-09T10:23:49,1300.0,55.7,B
2021-06-09T10:23:46,2600.0,55.7,B
2021-06-09T10:23:44,200.0,55.6,S
2021-06-09T10:23:42,300.0,55.7,B
2021-06-09T10:23:38,4100.0,55.6,B
2021-06-09T10:23:37,100.0,55.6,B
2021-06-09T10:23:37,5000.0,55.6,B
2021-06-09T10:23:36,400.0,55.5,S
2021-06-09T10:23:35,100.0,55.6,B
2021-06-09T10:23:34,6400.0,55.6,B
2021-06-09T10:23:27,300.0,55.6,B
2021-06-09T10:23:24,100.0,55.6,B
2021-06-09T10:23:23,300.0,55.6,B
2021-06-09T10:23:21,400.0,55.5,S
2021-06-09T10:23:16,400.0,55.6,B
2021-06-09T10:23:08,1000.0,55.5,S
2021-06-09T10:23:06,300.0,55.6,B
2021-06-09T10:22:54,100.0,55.5,S
2021-06-09T10:22:54,19400.0,55.5,B
2021-06-09T10:22:48,100.0,55.5,B
2021-06-09T10:22:46,500.0,55.4,S
2021-06-09T10:22:44,500.0,55.4,S
2021-06-09T10:22:42,1800.0,55.4,S
2021-06-09T10:22:41,500.0,55.4,B
2021-06-09T10:22:39,100.0,55.4,B
2021-06-09T10:22:35,500.0,55.4,B
2021-06-09T10:22:35,200.0,55.4,B
2021-06-09T10:22:24,500.0,55.3,S
2021-06-09T10:22:24,50000.0,55.5,B
2021-06-09T10:22:23,200.0,55.4,B
2021-06-09T10:22:21,100.0,55.3,S
2021-06-09T10:22:20,100.0,55.3,S
2021-06-09T10:22:16,10500.0,55.4,B
2021-06-09T10:22:16,100.0,55.4,B
2021-06-09T10:22:16,100.0,55.4,B
2021-06-09T10:22:13,100.0,55.4,B
2021-06-09T10:22:11,1500.0,55.4,B
2021-06-09T10:22:10,700.0,55.3,S
2021-06-09T10:21:59,100.0,55.4,B
2021-06-09T10:21:58,200.0,55.4,B
2021-06-09T10:21:56,700.0,55.4,B
2021-06-09T10:21:55,100.0,55.4,B
2021-06-09T10:21:52,1500.0,55.4,B
2021-06-09T10:21:48,100.0,55.4,B
2021-06-09T10:21:48,10000.0,55.4,B
2021-06-09T10:21:44,2000.0,55.4,B
2021-06-09T10:21:40,500.0,55.4,B
2021-06-09T10:21:37,1200.0,55.4,B
2021-06-09T10:21:36,100.0,55.2,S
2021-06-09T10:21:35,2100.0,55.4,B
2021-06-09T10:21:34,2400.0,55.4,B
2021-06-09T10:21:34,500.0,55.4,B
2021-06-09T10:21:30,500.0,55.4,B
2021-06-09T10:21:29,500.0,55.4,B
2021-06-09T10:21:26,3900.0,55.2,S
2021-06-09T10:21:22,1600.0,55.4,B
2021-06-09T10:21:21,1000.0,55.3,B
2021-06-09T10:21:21,200.0,55.3,B
2021-06-09T10:21:20,400.0,55.3,B
2021-06-09T10:21:19,600.0,55.3,B
2021-06-09T10:21:16,200.0,55.3,B
2021-06-09T10:21:15,600.0,55.3,B
2021-06-09T10:21:15,3000.0,55.3,B
2021-06-09T10:21:14,2000.0,55.3,B
2021-06-09T10:21:11,10000.0,55.3,B
2021-06-09T10:21:09,2000.0,55.3,B
2021-06-09T10:21:04,5000.0,55.3,B
2021-06-09T10:20:58,1500.0,55.2,B
2021-06-09T10:20:54,1700.0,55.3,B
2021-06-09T10:20:46,200.0,55.2,B
2021-06-09T10:20:45,20000.0,55.2,B
2021-06-09T10:20:41,2500.0,55.2,B
2021-06-09T10:20:36,5700.0,55.2,B
2021-06-09T10:20:27,200.0,55.0,S
2021-06-09T10:20:24,100.0,55.0,S
2021-06-09T10:20:23,500.0,55.0,B
2021-06-09T10:20:22,1000.0,55.0,B
2021-06-09T10:20:21,200.0,55.0,B
2021-06-09T10:20:19,2100.0,55.0,B
2021-06-09T10:20:17,1400.0,55.0,B
2021-06-09T10:20:15,100.0,55.0,B
2021-06-09T10:20:14,200.0,55.0,B
2021-06-09T10:20:13,500.0,55.0,B
2021-06-09T10:20:06,19900.0,55.0,B
2021-06-09T10:20:03,200.0,55.0,B
2021-06-09T10:20:02,1000.0,55.0,B
2021-06-09T10:20:00,1600.0,55.0,B
2021-06-09T10:19:55,10600.0,55.0,B
2021-06-09T10:19:51,200.0,55.0,B
2021-06-09T10:19:50,1000.0,55.0,B
2021-06-09T10:19:50,2000.0,55.0,B
2021-06-09T10:19:50,2800.0,55.0,B
2021-06-09T10:19:48,100.0,55.0,B
2021-06-09T10:19:47,200.0,55.0,B
2021-06-09T10:19:45,300.0,55.0,B
2021-06-09T10:19:45,500.0,55.0,B
2021-06-09T10:19:44,1000.0,55.0,B
2021-06-09T10:19:44,3000.0,55.0,B
2021-06-09T10:19:42,600.0,55.0,B
2021-06-09T10:19:42,1000.0,54.9,S
2021-06-09T10:19:41,300.0,55.0,B
2021-06-09T10:19:40,50000.0,55.0,B
2021-06-09T10:19:39,7800.0,55.0,B
2021-06-09T10:19:36,5000.0,55.0,B
2021-06-09T10:19:34,500.0,55.0,B
2021-06-09T10:19:34,500.0,54.9,S
2021-06-09T10:19:32,1800.0,55.0,B
2021-06-09T10:19:32,300.0,54.9,S
2021-06-09T10:19:26,5000.0,54.9,S
2021-06-09T10:19:22,1600.0,55.0,B
2021-06-09T10:19:21,200.0,55.0,B
2021-06-09T10:19:14,200.0,54.9,S
2021-06-09T10:19:14,100.0,55.0,B
2021-06-09T10:19:10,500.0,55.0,B
2021-06-09T10:19:09,1100.0,54.9,S
2021-06-09T10:19:08,1000.0,54.9,B
2021-06-09T10:19:07,400.0,54.9,B
2021-06-09T10:19:03,3000.0,54.9,B
2021-06-09T10:19:02,100.0,54.8,S
2021-06-09T10:19:01,400.0,54.9,B
2021-06-09T10:19:01,18200.0,54.9,B
2021-06-09T10:18:59,200.0,54.9,B
2021-06-09T10:18:55,900.0,54.8,S
2021-06-09T10:18:53,300.0,54.8,B
2021-06-09T10:18:49,5000.0,54.8,B
2021-06-09T10:18:48,300.0,54.8,B
2021-06-09T10:18:47,1000.0,54.8,B
2021-06-09T10:18:41,3000.0,54.8,B
2021-06-09T10:18:38,2000.0,54.7,S
2021-06-09T10:18:37,700.0,54.7,S
2021-06-09T10:18:33,1000.0,54.7,B
2021-06-09T10:18:31,200.0,54.7,B
2021-06-09T10:18:29,1000.0,54.7,B
2021-06-09T10:18:28,100.0,54.7,B
2021-06-09T10:18:24,100.0,54.7,B
2021-06-09T10:18:24,3500.0,54.7,B
2021-06-09T10:18:24,3500.0,54.6,S
2021-06-09T10:18:23,10000.0,54.7,B
2021-06-09T10:18:20,3000.0,54.6,S
2021-06-09T10:18:15,100.0,54.6,S
2021-06-09T10:18:13,1000.0,54.7,B
2021-06-09T10:18:09,5500.0,54.6,B
2021-06-09T10:18:08,800.0,54.6,B
2021-06-09T10:18:07,200.0,54.6,B
2021-06-09T10:18:07,14400.0,54.6,B
2021-06-09T10:18:06,200.0,54.6,B
2021-06-09T10:18:01,1000.0,54.6,B
2021-06-09T10:18:00,500.0,54.6,B
2021-06-09T10:17:57,1500.0,54.6,B
2021-06-09T10:17:55,100.0,54.5,S
2021-06-09T10:17:54,20200.0,54.6,B
2021-06-09T10:17:42,500.0,54.6,B
2021-06-09T10:17:40,9300.0,54.5,B
2021-06-09T10:17:39,2500.0,54.5,B
2021-06-09T10:17:37,200.0,54.5,B
2021-06-09T10:17:37,100.0,54.5,B
2021-06-09T10:17:36,1000.0,54.5,B
2021-06-09T10:17:35,3400.0,54.5,B
2021-06-09T10:17:34,1000.0,54.4,S
2021-06-09T10:17:29,1000.0,54.5,B
2021-06-09T10:17:26,10100.0,54.5,B
2021-06-09T10:17:24,3900.0,54.5,B
2021-06-09T10:17:17,7700.0,54.4,S
2021-06-09T10:17:15,10000.0,54.4,B
2021-06-09T10:17:09,100.0,54.4,B
2021-06-09T10:17:08,300.0,54.4,B
2021-06-09T10:17:06,2100.0,54.3,S
2021-06-09T10:17:04,1000.0,54.4,B
2021-06-09T10:17:02,1000.0,54.4,B
2021-06-09T10:17:00,3700.0,54.4,B
2021-06-09T10:16:57,300.0,54.4,B
2021-06-09T10:16:55,30000.0,54.4,B
2021-06-09T10:16:54,4200.0,54.3,S
2021-06-09T10:16:51,100.0,54.4,B
2021-06-09T10:16:50,1500.0,54.4,B
2021-06-09T10:16:46,8700.0,54.4,B
2021-06-09T10:16:40,200.0,54.4,B
2021-06-09T10:16:39,200.0,54.4,B
2021-06-09T10:16:37,3900.0,54.3,S
2021-06-09T10:16:37,100.0,54.4,B
2021-06-09T10:16:32,200.0,54.4,B
2021-06-09T10:16:27,5000.0,54.4,B
2021-06-09T10:16:25,100.0,54.4,B
2021-06-09T10:16:24,600.0,54.4,B
2021-06-09T10:16:21,5000.0,54.4,B
2021-06-09T10:16:12,1000.0,54.3,S
2021-06-09T10:16:12,100.0,54.3,S
2021-06-09T10:16:05,2500.0,54.3,B
2021-06-09T10:16:03,1200.0,54.3,B
2021-06-09T10:16:00,100.0,54.3,B
2021-06-09T10:15:58,6000.0,54.3,B
2021-06-09T10:15:48,2000.0,54.3,B
2021-06-09T10:15:47,800.0,54.2,S
2021-06-09T10:15:43,3000.0,54.2,S
2021-06-09T10:15:41,100.0,54.2,S
2021-06-09T10:15:40,100.0,54.3,B
2021-06-09T10:15:25,200.0,54.2,S
2021-06-09T10:15:23,8700.0,54.2,B
2021-06-09T10:15:20,2000.0,54.2,B
2021-06-09T10:15:14,1000.0,54.2,B
2021-06-09T10:15:10,500.0,54.2,B
2021-06-09T10:15:08,2500.0,54.2,B
2021-06-09T10:15:04,1000.0,54.2,B
2021-06-09T10:15:02,600.0,54.1,S
2021-06-09T10:15:02,3000.0,54.2,B
2021-06-09T10:14:57,1000.0,54.1,B
2021-06-09T10:14:52,1600.0,54.1,B
2021-06-09T10:14:51,700.0,54.1,B
2021-06-09T10:14:46,5900.0,54.0,B
2021-06-09T10:14:45,300.0,54.0,B
2021-06-09T10:14:43,500.0,54.0,B
2021-06-09T10:14:40,500.0,54.0,B
2021-06-09T10:14:39,100.0,54.0,B
2021-06-09T10:14:39,400.0,54.0,B
2021-06-09T10:14:37,5000.0,54.0,B
2021-06-09T10:14:29,6900.0,54.0,B
2021-06-09T10:14:24,1000.0,54.0,B
2021-06-09T10:14:20,1600.0,54.0,B
2021-06-09T10:14:20,50000.0,54.0,B
2021-06-09T10:14:17,3100.0,54.0,B
2021-06-09T10:14:13,1000.0,53.9,S
2021-06-09T10:14:11,200.0,54.0,B
2021-06-09T10:14:07,12000.0,54.0,B
2021-06-09T10:14:03,1000.0,54.0,B
2021-06-09T10:13:57,700.0,54.0,B
2021-06-09T10:13:54,1000.0,54.0,B
2021-06-09T10:13:53,2200.0,54.0,B
2021-06-09T10:13:44,1000.0,54.0,B
2021-06-09T10:13:37,1000.0,54.0,B
2021-06-09T10:13:31,3000.0,54.0,B
2021-06-09T10:13:29,200.0,54.0,B
2021-06-09T10:13:17,500.0,53.9,S
2021-06-09T10:13:09,300.0,54.0,B
2021-06-09T10:13:02,1500.0,54.0,B
2021-06-09T10:12:47,100.0,53.9,S
2021-06-09T10:12:43,1000.0,53.9,S
2021-06-09T10:12:35,200.0,53.9,S
2021-06-09T10:12:35,1000.0,53.9,S
2021-06-09T10:12:27,1400.0,53.9,S
2021-06-09T10:12:27,3000.0,53.9,B
2021-06-09T10:12:24,400.0,53.9,B
2021-06-09T10:12:21,1100.0,53.9,B
2021-06-09T10:12:19,2900.0,53.9,S
2021-06-09T10:12:18,100.0,53.9,S
2021-06-09T10:12:11,9000.0,53.9,B
2021-06-09T10:12:02,4000.0,53.9,B
2021-06-09T10:11:56,4000.0,53.9,B
2021-06-09T10:11:54,100.0,53.8,S
2021-06-09T10:11:53,1500.0,53.9,B
2021-06-09T10:11:41,100.0,53.9,B
2021-06-09T10:11:11,100.0,53.9,B
2021-06-09T10:11:10,2400.0,53.8,S
2021-06-09T10:10:59,3100.0,53.9,B
2021-06-09T10:10:56,10600.0,53.8,S
2021-06-09T10:10:50,100.0,53.8,S
2021-06-09T10:10:47,6000.0,53.9,B
2021-06-09T10:10:44,10000.0,53.9,B
2021-06-09T10:10:43,100.0,53.8,S
2021-06-09T10:10:36,300.0,53.8,S
2021-06-09T10:10:29,100.0,53.8,S
2021-06-09T10:10:24,100.0,53.9,B
2021-06-09T10:10:20,7000.0,53.9,B
2021-06-09T10:09:58,100.0,53.9,B
2021-06-09T10:09:54,1000.0,53.8,S
2021-06-09T10:09:35,100.0,53.9,B
2021-06-09T10:09:32,11000.0,53.9,B
2021-06-09T10:09:31,5400.0,53.9,S
2021-06-09T10:09:30,100.0,53.9,S
2021-06-09T10:09:25,200.0,54.0,B
2021-06-09T10:09:19,3000.0,53.9,S
2021-06-09T10:09:15,100.0,54.0,B
2021-06-09T10:09:14,100.0,53.9,S
2021-06-09T10:09:12,3000.0,53.9,S
2021-06-09T10:09:08,1000.0,53.9,S
2021-06-09T10:09:04,100.0,54.0,B
2021-06-09T10:09:04,500.0,54.0,B
2021-06-09T10:08:52,5000.0,54.0,B
2021-06-09T10:08:50,10000.0,53.9,S
2021-06-09T10:08:47,2000.0,54.0,B
2021-06-09T10:08:47,5000.0,53.9,S
2021-06-09T10:08:46,500.0,53.9,S
2021-06-09T10:08:24,1000.0,53.9,S
2021-06-09T10:08:22,100.0,53.9,S
2021-06-09T10:08:21,1600.0,54.0,B
2021-06-09T10:08:18,500.0,53.9,S
2021-06-09T10:08:17,500.0,53.9,S
2021-06-09T10:08:12,100.0,53.9,S
2021-06-09T10:08:08,100.0,53.9,S
2021-06-09T10:08:03,2000.0,53.9,B
2021-06-09T10:08:00,700.0,53.9,B
2021-06-09T10:07:59,100.0,53.9,B
2021-06-09T10:07:57,200.0,53.9,B
2021-06-09T10:07:51,100.0,53.9,S
2021-06-09T10:07:50,900.0,53.9,B
2021-06-09T10:07:41,1000.0,53.8,S
2021-06-09T10:07:38,100.0,53.9,B
2021-06-09T10:07:33,100.0,53.9,S
2021-06-09T10:07:30,1000.0,53.9,S
2021-06-09T10:07:27,200.0,54.0,B
2021-06-09T10:07:25,500.0,54.0,B
2021-06-09T10:07:19,5000.0,53.9,S
2021-06-09T10:07:18,200.0,53.9,S
2021-06-09T10:07:18,500.0,54.0,B
2021-06-09T10:07:17,500.0,54.0,B
2021-06-09T10:07:16,100.0,53.9,S
2021-06-09T10:07:15,100.0,54.0,B
2021-06-09T10:07:14,5500.0,54.0,B
2021-06-09T10:07:04,3200.0,53.9,S
2021-06-09T10:06:59,700.0,53.9,S
2021-06-09T10:06:54,300.0,54.0,B
2021-06-09T10:06:47,200.0,54.0,B
2021-06-09T10:06:47,1000.0,54.0,B
2021-06-09T10:06:42,10000.0,54.0,B
2021-06-09T10:06:30,2000.0,54.0,B
2021-06-09T10:06:29,300.0,53.9,S
2021-06-09T10:06:28,25500.0,53.9,B
2021-06-09T10:06:26,100.0,53.9,B
2021-06-09T10:06:25,500.0,53.8,S
2021-06-09T10:06:24,200.0,53.8,S
2021-06-09T10:06:23,5000.0,53.9,B
2021-06-09T10:06:15,300.0,53.8,S
2021-06-09T10:06:09,100.0,53.8,B
2021-06-09T10:06:09,200.0,53.8,B
2021-06-09T10:06:04,3000.0,53.8,B
2021-06-09T10:05:59,400.0,53.8,B
2021-06-09T10:05:57,1400.0,53.8,B
2021-06-09T10:05:54,3000.0,53.8,B
2021-06-09T10:05:52,200.0,53.8,B
2021-06-09T10:05:51,500.0,53.8,B
2021-06-09T10:05:48,100.0,53.8,B
2021-06-09T10:05:44,200.0,53.8,B
2021-06-09T10:05:44,900.0,53.8,B
2021-06-09T10:05:44,200.0,53.8,B
2021-06-09T10:05:40,1000.0,53.8,B
2021-06-09T10:05:32,1000.0,53.8,B
2021-06-09T10:05:30,3400.0,53.8,B
2021-06-09T10:05:30,9600.0,53.8,B
2021-06-09T10:05:28,500.0,53.7,S
2021-06-09T10:05:23,2300.0,53.8,B
2021-06-09T10:05:22,200.0,53.7,S
2021-06-09T10:05:15,100.0,53.8,B
2021-06-09T10:05:14,2000.0,53.8,B
2021-06-09T10:05:08,1000.0,53.8,B
2021-06-09T10:05:03,200.0,53.8,B
2021-06-09T10:04:58,400.0,53.7,S
2021-06-09T10:04:50,2600.0,53.8,B
2021-06-09T10:04:49,100.0,53.7,S
2021-06-09T10:04:48,200.0,53.7,S
2021-06-09T10:04:32,200.0,53.7,S
2021-06-09T10:04:27,100.0,53.7,B
2021-06-09T10:04:23,100.0,53.7,B
2021-06-09T10:04:19,800.0,53.7,S
2021-06-09T10:04:16,2000.0,53.8,B
2021-06-09T10:04:15,100.0,53.7,S
2021-06-09T10:04:10,100.0,53.6,S
2021-06-09T10:04:09,3800.0,53.8,B
2021-06-09T10:04:06,200.0,53.7,B
2021-06-09T10:04:01,1100.0,53.7,B
2021-06-09T10:03:59,600.0,53.7,B
2021-06-09T10:03:57,900.0,53.7,S
2021-06-09T10:03:53,100.0,53.7,S
2021-06-09T10:03:49,300.0,53.7,B
2021-06-09T10:03:46,200.0,53.6,S
2021-06-09T10:03:42,100.0,53.7,B
2021-06-09T10:03:39,300.0,53.6,S
2021-06-09T10:03:37,5000.0,53.6,S
2021-06-09T10:03:32,200.0,53.6,S
2021-06-09T10:03:17,200.0,53.7,S
2021-06-09T10:03:09,200.0,53.5,S
2021-06-09T10:02:46,100.0,53.5,S
2021-06-09T10:02:40,3000.0,53.5,S
2021-06-09T10:02:28,2000.0,53.5,S
2021-06-09T10:02:15,400.0,53.5,S
2021-06-09T10:02:15,600.0,53.5,S
2021-06-09T10:02:07,68800.0,53.5,S
2021-06-09T10:02:07,200.0,53.9,S
2021-06-09T10:02:03,3400.0,53.9,B
2021-06-09T10:01:50,100.0,53.7,S
2021-06-09T10:01:50,1600.0,53.8,B
2021-06-09T10:01:46,1000.0,53.8,B
2021-06-09T10:01:46,200.0,53.8,B
2021-06-09T10:01:45,200.0,53.8,B
2021-06-09T10:01:38,100.0,53.7,S
2021-06-09T10:01:35,1400.0,53.7,S
2021-06-09T10:01:32,500.0,53.7,S
2021-06-09T10:01:22,500.0,53.8,S
2021-06-09T10:01:16,700.0,53.8,S
2021-06-09T10:01:15,1200.0,53.9,S
2021-06-09T10:01:11,3000.0,54.0,B
2021-06-09T10:01:08,1000.0,54.0,B
2021-06-09T10:01:04,100.0,54.0,B
2021-06-09T10:01:03,100.0,54.0,B
2021-06-09T10:00:44,600.0,54.0,B
2021-06-09T10:00:43,1000.0,54.0,S
2021-06-09T10:00:41,12000.0,54.2,B
2021-06-09T10:00:38,100.0,54.0,S
2021-06-09T10:00:35,100.0,54.0,S
2021-06-09T10:00:26,100.0,54.1,S
2021-06-09T10:00:25,100.0,54.2,B
2021-06-09T10:00:20,300.0,54.0,S
2021-06-09T10:00:12,1000.0,54.2,B
2021-06-09T10:00:11,3000.0,54.1,B
2021-06-09T10:00:10,700.0,54.0,S
2021-06-09T10:00:08,300.0,54.0,S
2021-06-09T10:00:04,200.0,54.0,B
2021-06-09T10:00:03,2500.0,54.0,B
2021-06-09T09:59:56,100.0,54.0,S
2021-06-09T09:59:55,8500.0,54.1,B
2021-06-09T09:59:53,200.0,54.0,S
2021-06-09T09:59:52,100.0,54.0,S
2021-06-09T09:59:49,1000.0,54.0,S
2021-06-09T09:59:48,1100.0,54.0,B
2021-06-09T09:59:47,6000.0,54.0,B
2021-06-09T09:59:43,400.0,54.0,B
2021-06-09T09:59:41,200.0,54.0,B
2021-06-09T09:59:23,5000.0,54.0,B
2021-06-09T09:59:21,100.0,53.8,S
2021-06-09T09:59:20,100.0,54.0,B
2021-06-09T09:59:19,200.0,53.8,B
2021-06-09T09:59:18,300.0,53.7,S
2021-06-09T09:59:15,300.0,53.8,B
2021-06-09T09:59:11,100.0,53.7,S
2021-06-09T09:59:03,100.0,53.8,B
2021-06-09T09:59:03,400.0,53.8,B
2021-06-09T09:58:59,400.0,53.8,B
2021-06-09T09:58:58,600.0,53.8,B
2021-06-09T09:58:56,11500.0,54.0,B
2021-06-09T09:58:54,100.0,54.0,B
2021-06-09T09:58:52,20000.0,54.0,B
2021-06-09T09:58:44,300.0,53.8,S
2021-06-09T09:58:41,300.0,53.8,B
2021-06-09T09:58:38,7000.0,53.9,B
2021-06-09T09:58:35,100.0,53.7,S
2021-06-09T09:58:34,20000.0,53.7,S
2021-06-09T09:58:31,1000.0,53.8,B
2021-06-09T09:58:27,900.0,53.7,S
2021-06-09T09:58:18,100.0,53.7,S
2021-06-09T09:58:15,100.0,53.6,S
2021-06-09T09:58:10,1000.0,53.6,S
2021-06-09T09:58:09,2100.0,53.6,B
2021-06-09T09:57:58,900.0,53.6,S
2021-06-09T09:57:57,5000.0,53.9,B
2021-06-09T09:57:56,1100.0,53.6,B
2021-06-09T09:57:50,900.0,53.6,B
2021-06-09T09:57:42,500.0,53.7,B
2021-06-09T09:57:41,100.0,53.5,S
2021-06-09T09:57:36,100.0,53.5,S
2021-06-09T09:57:33,500.0,53.5,S
2021-06-09T09:57:32,6500.0,53.7,B
2021-06-09T09:57:26,3000.0,53.5,S
2021-06-09T09:57:22,7000.0,53.5,S
2021-06-09T09:57:19,7800.0,53.5,B
2021-06-09T09:57:16,1500.0,53.5,B
2021-06-09T09:57:15,1100.0,53.5,B
2021-06-09T09:57:15,200.0,53.5,B
2021-06-09T09:57:13,1000.0,53.5,B
2021-06-09T09:57:12,2000.0,53.5,B
2021-06-09T09:57:07,1500.0,53.5,B
2021-06-09T09:57:06,500.0,53.5,B
2021-06-09T09:57:02,1200.0,53.5,B
2021-06-09T09:56:59,1000.0,53.5,B
2021-06-09T09:56:53,300.0,53.4,S
2021-06-09T09:56:47,5600.0,53.4,B
2021-06-09T09:56:47,100.0,53.3,B
2021-06-09T09:56:46,2000.0,53.3,B
2021-06-09T09:56:42,400.0,53.2,S
2021-06-09T09:56:40,1000.0,53.3,B
2021-06-09T09:56:37,2000.0,53.3,B
2021-06-09T09:56:37,100.0,53.2,S
2021-06-09T09:56:35,200.0,53.3,B
2021-06-09T09:56:33,100.0,53.3,B
2021-06-09T09:56:29,100.0,53.2,S
2021-06-09T09:56:28,800.0,53.2,B
2021-06-09T09:56:27,400.0,53.2,B
2021-06-09T09:56:21,1000.0,53.2,B
2021-06-09T09:56:12,300.0,53.2,B
2021-06-09T09:56:12,100.0,53.1,B
2021-06-09T09:56:11,3300.0,53.1,B
2021-06-09T09:56:10,200.0,53.0,S
2021-06-09T09:56:08,400.0,53.0,S
2021-06-09T09:56:07,900.0,53.1,B
2021-06-09T09:56:06,500.0,53.1,B
2021-06-09T09:56:05,1000.0,53.1,B
2021-06-09T09:56:04,1000.0,53.1,B
2021-06-09T09:56:00,2000.0,53.1,B
2021-06-09T09:55:55,300.0,53.1,B
2021-06-09T09:55:44,2000.0,53.0,S
2021-06-09T09:55:41,2500.0,53.0,B
2021-06-09T09:55:40,1000.0,53.0,B
2021-06-09T09:55:40,3000.0,53.0,B
2021-06-09T09:55:37,21000.0,53.0,B
2021-06-09T09:55:36,13700.0,53.0,B
2021-06-09T09:55:35,2000.0,53.0,B
2021-06-09T09:55:32,100.0,53.0,B
2021-06-09T09:55:31,3200.0,53.0,B
2021-06-09T09:55:31,500.0,53.0,B
2021-06-09T09:55:21,1000.0,53.0,B
2021-06-09T09:55:20,5000.0,53.0,B
2021-06-09T09:55:19,1600.0,53.0,B
2021-06-09T09:55:17,3000.0,52.9,S
2021-06-09T09:55:14,7300.0,52.9,B
2021-06-09T09:55:07,1000.0,52.8,S
2021-06-09T09:54:58,12000.0,52.8,B
2021-06-09T09:54:52,600.0,52.8,B
2021-06-09T09:54:49,3000.0,52.7,B
2021-06-09T09:54:48,1400.0,52.7,B
2021-06-09T09:54:39,10000.0,52.7,B
2021-06-09T09:54:36,1100.0,52.6,B
2021-06-09T09:54:36,1000.0,52.6,B
2021-06-09T09:54:34,400.0,52.6,B
2021-06-09T09:54:29,1000.0,52.6,B
2021-06-09T09:54:27,4500.0,52.6,B
2021-06-09T09:54:26,2000.0,52.6,B
2021-06-09T09:54:24,2000.0,52.6,B
2021-06-09T09:54:23,200.0,52.5,S
2021-06-09T09:54:13,1500.0,52.6,B
2021-06-09T09:54:06,800.0,52.5,S
2021-06-09T09:54:00,4300.0,52.5,B
2021-06-09T09:53:58,300.0,52.5,B
2021-06-09T09:53:57,200.0,52.5,B
2021-06-09T09:53:56,200.0,52.5,B
2021-06-09T09:53:54,400.0,52.5,B
2021-06-09T09:53:53,800.0,52.5,B
2021-06-09T09:53:50,1000.0,52.5,B
2021-06-09T09:53:46,4300.0,52.5,B
2021-06-09T09:53:45,2000.0,52.5,B
2021-06-09T09:53:40,100.0,52.5,B
2021-06-09T09:53:27,100.0,52.5,B
2021-06-09T09:53:26,8000.0,52.5,B
2021-06-09T09:53:21,8000.0,52.5,B
2021-06-09T09:53:17,500.0,52.5,B
2021-06-09T09:53:15,100.0,52.2,S
2021-06-09T09:53:15,6000.0,52.5,B
2021-06-09T09:53:11,12700.0,52.5,B
2021-06-09T09:53:09,600.0,52.4,B
2021-06-09T09:53:05,2000.0,52.4,B
2021-06-09T09:53:00,100.0,52.4,B
2021-06-09T09:53:00,500.0,52.4,B
2021-06-09T09:52:57,500.0,52.2,S
2021-06-09T09:52:52,1100.0,52.2,S
2021-06-09T09:52:52,400.0,52.4,B
2021-06-09T09:52:47,800.0,52.2,S
2021-06-09T09:52:43,500.0,52.2,S
2021-06-09T09:52:40,400.0,52.2,S
2021-06-09T09:52:38,4000.0,52.4,B
2021-06-09T09:52:25,100.0,52.2,S
2021-06-09T09:52:23,100.0,52.4,B
2021-06-09T09:52:17,10000.0,52.2,S
2021-06-09T09:52:13,500.0,52.1,B
2021-06-09T09:52:10,1000.0,52.4,B
2021-06-09T09:52:09,23200.0,52.0,S
2021-06-09T09:52:07,1000.0,52.2,S
2021-06-09T09:52:02,32000.0,52.2,B
2021-06-09T09:52:02,100.0,52.1,S
2021-06-09T09:51:53,4000.0,52.1,S
2021-06-09T09:51:51,1000.0,52.1,S
2021-06-09T09:51:50,3000.0,52.2,B
2021-06-09T09:51:47,100.0,52.1,S
2021-06-09T09:51:45,1000.0,52.2,B
2021-06-09T09:51:42,1400.0,52.1,S
2021-06-09T09:51:40,1000.0,52.2,B
2021-06-09T09:51:37,600.0,52.2,B
2021-06-09T09:51:36,500.0,52.2,B
2021-06-09T09:51:35,400.0,52.1,S
2021-06-09T09:51:34,100.0,52.1,S
2021-06-09T09:51:30,300.0,52.1,S
2021-06-09T09:51:26,2000.0,52.2,B
2021-06-09T09:51:23,200.0,52.2,B
2021-06-09T09:51:19,600.0,52.1,S
2021-06-09T09:51:15,1000.0,52.2,B
2021-06-09T09:51:06,4300.0,52.1,S
2021-06-09T09:51:01,100.0,52.2,B
2021-06-09T09:50:59,100.0,52.2,B
2021-06-09T09:50:58,1000.0,52.2,B
2021-06-09T09:50:56,100.0,52.2,B
2021-06-09T09:50:54,800.0,52.2,S
2021-06-09T09:50:54,100.0,52.2,S
2021-06-09T09:50:54,3000.0,52.2,S
2021-06-09T09:50:53,700.0,52.2,S
2021-06-09T09:50:49,3100.0,52.2,S
2021-06-09T09:50:46,400.0,52.2,S
2021-06-09T09:50:42,1000.0,52.2,S
2021-06-09T09:50:36,4000.0,52.2,S
2021-06-09T09:50:29,2000.0,52.1,S
2021-06-09T09:50:29,3000.0,52.2,S
2021-06-09T09:50:26,100.0,52.2,S
2021-06-09T09:50:16,500.0,52.2,S
2021-06-09T09:50:15,900.0,52.2,S
2021-06-09T09:50:07,200.0,52.2,S
2021-06-09T09:50:04,100.0,52.2,S
2021-06-09T09:50:03,1800.0,52.2,S
2021-06-09T09:50:01,700.0,52.2,S
2021-06-09T09:50:00,1000.0,52.2,S
2021-06-09T09:49:55,500.0,52.2,S
2021-06-09T09:49:48,200.0,52.2,S
2021-06-09T09:49:47,1300.0,52.2,S
2021-06-09T09:49:45,100.0,52.2,B
2021-06-09T09:49:39,500.0,52.2,B
2021-06-09T09:49:35,1100.0,52.2,S
2021-06-09T09:49:32,3000.0,52.2,S
2021-06-09T09:49:28,500.0,52.4,B
2021-06-09T09:49:23,2900.0,52.4,B
2021-06-09T09:49:14,400.0,52.4,S
2021-06-09T09:49:14,500.0,52.5,B
2021-06-09T09:49:10,1500.0,52.4,S
2021-06-09T09:49:09,500.0,52.5,B
2021-06-09T09:49:06,1500.0,52.4,S
2021-06-09T09:49:05,4500.0,52.4,S
2021-06-09T09:48:59,9600.0,52.4,S
2021-06-09T09:48:56,500.0,52.4,S
2021-06-09T09:48:48,1600.0,52.5,B
2021-06-09T09:48:44,100.0,52.5,B
2021-06-09T09:48:41,400.0,52.4,S
2021-06-09T09:48:32,2000.0,52.5,B
2021-06-09T09:48:26,2000.0,52.4,S
2021-06-09T09:48:24,200.0,52.5,B
2021-06-09T09:48:21,100.0,52.5,B
2021-06-09T09:48:20,5000.0,52.4,S
2021-06-09T09:48:17,3600.0,52.5,B
2021-06-09T09:48:13,300.0,52.4,S
2021-06-09T09:48:09,2000.0,52.5,B
2021-06-09T09:47:53,500.0,52.5,B
2021-06-09T09:47:44,12900.0,52.5,S
2021-06-09T09:47:40,300.0,52.5,S
2021-06-09T09:47:38,1500.0,52.5,S
2021-06-09T09:47:35,1000.0,52.5,S
2021-06-09T09:47:34,200.0,52.5,S
2021-06-09T09:47:33,1000.0,52.5,S
2021-06-09T09:47:33,500.0,52.6,B
2021-06-09T09:47:30,1000.0,52.5,S
2021-06-09T09:47:27,100.0,52.5,S
2021-06-09T09:47:20,3200.0,52.5,S
2021-06-09T09:47:20,500.0,52.5,S
2021-06-09T09:47:15,5200.0,52.5,S
2021-06-09T09:47:13,500.0,52.5,S
2021-06-09T09:47:11,500.0,52.6,B
2021-06-09T09:47:10,1400.0,52.5,S
2021-06-09T09:47:00,1200.0,52.5,S
2021-06-09T09:46:59,3000.0,52.5,S
2021-06-09T09:46:56,600.0,52.5,S
2021-06-09T09:46:55,1600.0,52.5,S
2021-06-09T09:46:50,38000.0,52.5,S
2021-06-09T09:46:49,500.0,52.6,B
2021-06-09T09:46:47,300.0,52.5,S
2021-06-09T09:46:46,900.0,52.6,B
2021-06-09T09:46:46,6500.0,52.5,S
2021-06-09T09:46:45,100.0,52.6,B
2021-06-09T09:46:44,500.0,52.5,S
2021-06-09T09:46:41,4000.0,52.5,S
2021-06-09T09:46:35,500.0,52.5,S
2021-06-09T09:46:32,200.0,52.6,B
2021-06-09T09:46:29,1000.0,52.5,S
2021-06-09T09:46:25,200.0,52.6,B
2021-06-09T09:46:24,57000.0,52.5,S
2021-06-09T09:46:23,4500.0,52.5,S
2021-06-09T09:46:21,100.0,52.6,B
2021-06-09T09:46:16,100.0,52.6,B
2021-06-09T09:46:11,1000.0,52.5,S
2021-06-09T09:46:10,1700.0,52.6,B
2021-06-09T09:46:04,1000.0,52.6,B
2021-06-09T09:46:04,1100.0,52.5,S
2021-06-09T09:45:59,400.0,52.6,B
2021-06-09T09:45:56,3600.0,52.6,B
2021-06-09T09:45:53,500.0,52.6,B
2021-06-09T09:45:47,400.0,52.5,S
2021-06-09T09:45:44,500.0,52.6,B
2021-06-09T09:45:43,10000.0,52.5,S
2021-06-09T09:45:36,100.0,52.6,B
2021-06-09T09:45:35,1100.0,52.6,B
2021-06-09T09:45:33,300.0,52.6,B
2021-06-09T09:45:32,100.0,52.6,B
2021-06-09T09:45:30,3200.0,52.5,S
2021-06-09T09:45:29,1000.0,52.6,B
2021-06-09T09:45:27,4100.0,52.5,S
2021-06-09T09:45:26,3000.0,52.6,B
2021-06-09T09:45:22,800.0,52.6,B
2021-06-09T09:45:15,1000.0,52.6,B
2021-06-09T09:45:07,100.0,52.6,B
2021-06-09T09:45:05,200.0,52.6,B
2021-06-09T09:45:02,1200.0,52.6,S
2021-06-09T09:45:01,2000.0,52.6,S
2021-06-09T09:45:01,100.0,52.7,B
2021-06-09T09:45:01,500.0,52.6,S
2021-06-09T09:44:57,500.0,52.6,S
2021-06-09T09:44:56,500.0,52.6,S
2021-06-09T09:44:54,1000.0,52.6,S
2021-06-09T09:44:53,100.0,52.6,S
2021-06-09T09:44:46,700.0,52.6,S
2021-06-09T09:44:44,5000.0,52.6,S
2021-06-09T09:44:39,400.0,52.6,S
2021-06-09T09:44:38,300.0,52.6,S
2021-06-09T09:44:36,1000.0,52.6,S
2021-06-09T09:44:35,2900.0,52.6,S
2021-06-09T09:44:34,1000.0,52.6,B
2021-06-09T09:44:26,1000.0,52.5,S
2021-06-09T09:44:21,700.0,52.6,S
2021-06-09T09:44:17,4400.0,52.6,B
2021-06-09T09:44:16,1000.0,52.6,B
2021-06-09T09:44:05,800.0,52.6,B
2021-06-09T09:44:05,500.0,52.6,B
2021-06-09T09:43:59,5100.0,52.6,B
2021-06-09T09:43:55,200.0,52.5,S
2021-06-09T09:43:55,500.0,52.5,S
2021-06-09T09:43:46,200.0,52.6,B
2021-06-09T09:43:46,1000.0,52.6,B
2021-06-09T09:43:44,200.0,52.6,B
2021-06-09T09:43:40,9800.0,52.6,S
2021-06-09T09:43:37,1100.0,52.7,B
2021-06-09T09:43:34,9200.0,52.6,S
2021-06-09T09:43:34,200.0,52.6,S
2021-06-09T09:43:32,300.0,52.6,S
2021-06-09T09:43:31,400.0,52.6,S
2021-06-09T09:43:29,300.0,52.6,S
2021-06-09T09:43:21,700.0,52.6,S
2021-06-09T09:43:20,100.0,52.6,S
2021-06-09T09:43:13,3000.0,52.6,S
2021-06-09T09:43:13,400.0,52.6,S
2021-06-09T09:43:10,800.0,52.7,B
2021-06-09T09:43:09,6700.0,52.6,S
2021-06-09T09:43:09,100.0,52.6,S
2021-06-09T09:43:05,1800.0,52.6,S
2021-06-09T09:43:04,3000.0,52.6,S
2021-06-09T09:43:00,1000.0,52.6,S
2021-06-09T09:42:55,100.0,52.7,B
2021-06-09T09:42:51,200.0,52.6,S
2021-06-09T09:42:47,500.0,52.6,S
2021-06-09T09:42:45,2000.0,52.7,B
2021-06-09T09:42:42,100.0,52.7,B
2021-06-09T09:42:42,200.0,52.6,S
2021-06-09T09:42:39,1000.0,52.7,B
2021-06-09T09:42:35,1300.0,52.6,S
2021-06-09T09:42:33,2000.0,52.6,S
2021-06-09T09:42:28,200.0,52.6,S
2021-06-09T09:42:22,400.0,52.7,B
2021-06-09T09:42:21,2000.0,52.7,B
2021-06-09T09:42:20,1600.0,52.7,B
2021-06-09T09:42:17,1600.0,52.7,B
2021-06-09T09:42:14,3000.0,52.7,B
2021-06-09T09:42:13,100.0,52.6,S
2021-06-09T09:42:09,400.0,52.7,B
2021-06-09T09:42:08,1600.0,52.6,S
2021-06-09T09:42:08,100.0,52.6,S
2021-06-09T09:42:06,200.0,52.7,B
2021-06-09T09:42:06,1000.0,52.6,S
2021-06-09T09:42:05,15800.0,52.6,S
2021-06-09T09:42:00,300.0,52.6,S
2021-06-09T09:41:58,500.0,52.7,B
2021-06-09T09:41:53,500.0,52.6,S
2021-06-09T09:41:39,100.0,52.7,B
2021-06-09T09:41:35,2000.0,52.7,B
2021-06-09T09:41:34,2000.0,52.7,B
2021-06-09T09:41:25,13500.0,52.7,B
2021-06-09T09:41:23,500.0,52.7,S
2021-06-09T09:41:20,1700.0,52.7,S
2021-06-09T09:41:19,1000.0,52.8,B
2021-06-09T09:41:13,1000.0,52.7,S
2021-06-09T09:41:07,1200.0,52.7,S
2021-06-09T09:40:59,1500.0,52.7,S
2021-06-09T09:40:57,200.0,52.8,B
2021-06-09T09:40:56,100.0,52.8,B
2021-06-09T09:40:54,100.0,52.8,B
2021-06-09T09:40:54,3000.0,52.7,S
2021-06-09T09:40:52,400.0,52.8,B
2021-06-09T09:40:44,1000.0,52.8,B
2021-06-09T09:40:43,1000.0,52.7,S
2021-06-09T09:40:43,1500.0,52.7,S
2021-06-09T09:40:41,700.0,52.7,S
2021-06-09T09:40:39,200.0,52.7,S
2021-06-09T09:40:36,200.0,52.7,S
2021-06-09T09:40:35,500.0,52.8,B
2021-06-09T09:40:34,100.0,52.7,S
2021-06-09T09:40:31,400.0,52.7,S
2021-06-09T09:40:29,200.0,52.7,S
2021-06-09T09:40:27,3000.0,52.7,S
2021-06-09T09:40:26,1000.0,52.7,S
2021-06-09T09:40:26,2000.0,52.8,B
2021-06-09T09:40:23,500.0,52.7,S
2021-06-09T09:40:22,1000.0,52.7,S
2021-06-09T09:40:21,3100.0,52.7,S
2021-06-09T09:40:21,100.0,52.7,S
2021-06-09T09:40:18,3600.0,52.7,S
2021-06-09T09:40:12,200.0,52.7,S
2021-06-09T09:40:11,3100.0,52.7,S
2021-06-09T09:40:10,500.0,52.7,S
2021-06-09T09:40:07,400.0,52.7,S
2021-06-09T09:40:07,1500.0,52.7,S
2021-06-09T09:40:07,500.0,52.7,S
2021-06-09T09:39:56,1300.0,52.7,S
2021-06-09T09:39:55,4900.0,52.7,S
2021-06-09T09:39:53,100.0,52.7,S
2021-06-09T09:39:49,3000.0,52.7,S
2021-06-09T09:39:41,3800.0,52.7,S
2021-06-09T09:39:36,1000.0,52.7,S
2021-06-09T09:39:28,2000.0,52.7,S
2021-06-09T09:39:19,100.0,52.8,B
2021-06-09T09:39:17,1900.0,52.8,S
2021-06-09T09:39:14,1000.0,52.9,B
2021-06-09T09:39:13,2000.0,52.8,S
2021-06-09T09:39:09,1000.0,52.8,S
2021-06-09T09:39:04,900.0,52.8,S
2021-06-09T09:39:00,200.0,52.8,S
2021-06-09T09:38:57,1000.0,52.9,B
2021-06-09T09:38:54,500.0,52.8,S
2021-06-09T09:38:53,5000.0,52.9,B
2021-06-09T09:38:47,300.0,52.8,S
2021-06-09T09:38:47,500.0,52.8,S
2021-06-09T09:38:44,200.0,52.8,S
2021-06-09T09:38:39,300.0,52.8,S
2021-06-09T09:38:35,2000.0,52.8,S
2021-06-09T09:38:29,100.0,52.9,B
2021-06-09T09:38:26,200.0,52.8,S
2021-06-09T09:38:25,200.0,52.9,B
2021-06-09T09:38:24,100.0,52.9,B
2021-06-09T09:38:21,1000.0,52.9,B
2021-06-09T09:38:20,100.0,52.9,B
2021-06-09T09:38:17,100.0,52.9,B
2021-06-09T09:38:15,300.0,52.8,S
2021-06-09T09:38:13,200.0,52.8,S
2021-06-09T09:38:08,500.0,52.8,S
2021-06-09T09:38:06,500.0,52.8,S
2021-06-09T09:38:06,200.0,52.9,B
2021-06-09T09:38:02,5000.0,52.8,S
2021-06-09T09:38:01,600.0,52.9,B
2021-06-09T09:37:56,200.0,52.9,B
2021-06-09T09:37:42,1100.0,52.9,B
2021-06-09T09:37:40,1000.0,52.8,S
2021-06-09T09:37:37,300.0,52.8,S
2021-06-09T09:37:36,1000.0,52.8,S
2021-06-09T09:37:30,300.0,52.8,S
2021-06-09T09:37:29,1100.0,52.8,S
2021-06-09T09:37:23,100.0,52.8,S
2021-06-09T09:37:22,100.0,52.9,B
2021-06-09T09:37:14,2000.0,52.9,B
2021-06-09T09:37:12,1000.0,52.9,B
2021-06-09T09:37:08,100.0,52.8,S
2021-06-09T09:37:07,2000.0,52.8,S
2021-06-09T09:37:02,800.0,52.9,S
2021-06-09T09:36:59,100.0,53.0,B
2021-06-09T09:36:56,400.0,52.9,S
2021-06-09T09:36:56,700.0,52.9,S
2021-06-09T09:36:55,100.0,52.9,S
2021-06-09T09:36:51,1000.0,52.9,S
2021-06-09T09:36:50,200.0,52.9,S
2021-06-09T09:36:44,1800.0,52.9,S
2021-06-09T09:36:42,23800.0,52.8,S
2021-06-09T09:36:41,300.0,52.8,S
2021-06-09T09:36:22,100.0,52.8,S
2021-06-09T09:36:16,8100.0,52.8,S
2021-06-09T09:36:11,1000.0,52.8,S
2021-06-09T09:36:10,1000.0,52.9,S
2021-06-09T09:36:09,100.0,52.9,S
2021-06-09T09:36:07,500.0,52.9,S
2021-06-09T09:36:05,500.0,52.9,S
2021-06-09T09:35:59,2100.0,52.9,S
2021-06-09T09:35:50,1000.0,52.8,S
2021-06-09T09:35:49,500.0,53.0,B
2021-06-09T09:35:44,1600.0,53.0,B
2021-06-09T09:35:43,100.0,52.9,B
2021-06-09T09:35:36,800.0,52.8,S
2021-06-09T09:35:34,800.0,52.8,S
2021-06-09T09:35:33,600.0,52.9,S
2021-06-09T09:35:28,10000.0,53.0,B
2021-06-09T09:35:27,10100.0,52.8,S
2021-06-09T09:35:24,2000.0,53.0,B
2021-06-09T09:35:21,400.0,52.8,S
2021-06-09T09:35:17,400.0,52.8,S
2021-06-09T09:35:16,600.0,52.8,S
2021-06-09T09:35:15,1000.0,52.9,B
2021-06-09T09:35:15,1400.0,52.9,S
2021-06-09T09:35:11,100.0,52.9,S
2021-06-09T09:35:04,2000.0,53.0,B
2021-06-09T09:34:59,200.0,53.0,B
2021-06-09T09:34:55,100.0,53.0,B
2021-06-09T09:34:53,100.0,53.0,B
2021-06-09T09:34:52,2000.0,53.0,B
2021-06-09T09:34:48,1000.0,52.9,S
2021-06-09T09:34:44,100.0,53.0,B
2021-06-09T09:34:39,1000.0,53.0,B
2021-06-09T09:34:38,1000.0,53.0,B
2021-06-09T09:34:25,200.0,53.0,B
2021-06-09T09:34:24,1000.0,53.0,B
2021-06-09T09:34:20,1800.0,53.1,B
2021-06-09T09:34:15,100.0,53.0,S
2021-06-09T09:34:14,3000.0,53.0,S
2021-06-09T09:34:09,400.0,53.0,S
2021-06-09T09:34:06,2000.0,53.0,S
2021-06-09T09:34:05,200.0,53.0,S
2021-06-09T09:34:01,500.0,53.0,S
2021-06-09T09:33:58,500.0,53.0,S
2021-06-09T09:33:55,100.0,53.0,S
2021-06-09T09:33:54,1000.0,53.1,B
2021-06-09T09:33:52,20000.0,53.0,S
2021-06-09T09:33:50,2000.0,53.0,S
2021-06-09T09:33:50,1000.0,53.1,B
2021-06-09T09:33:49,200.0,53.0,S
2021-06-09T09:33:46,300.0,53.0,S
2021-06-09T09:33:41,5000.0,53.0,S
2021-06-09T09:33:39,100.0,53.1,B
2021-06-09T09:33:38,100.0,53.1,B
2021-06-09T09:33:35,300.0,53.1,S
2021-06-09T09:33:33,400.0,53.1,S
2021-06-09T09:33:31,200.0,53.1,S
2021-06-09T09:33:21,1200.0,53.0,S
2021-06-09T09:33:17,9500.0,53.0,S
2021-06-09T09:33:15,5000.0,53.1,S
2021-06-09T09:33:12,200.0,53.2,B
2021-06-09T09:33:11,5000.0,53.2,B
2021-06-09T09:33:11,2000.0,53.1,S
2021-06-09T09:33:06,1000.0,53.1,S
2021-06-09T09:33:04,2000.0,53.2,B
2021-06-09T09:33:01,1000.0,53.2,B
2021-06-09T09:33:00,600.0,53.1,S
2021-06-09T09:32:54,5000.0,53.2,B
2021-06-09T09:32:48,6400.0,53.2,B
2021-06-09T09:32:47,700.0,53.0,S
2021-06-09T09:32:46,400.0,53.1,B
2021-06-09T09:32:44,1000.0,53.0,S
2021-06-09T09:32:39,500.0,53.1,B
2021-06-09T09:32:38,600.0,53.0,S
2021-06-09T09:32:36,1000.0,53.0,S
2021-06-09T09:32:34,100.0,53.0,S
2021-06-09T09:32:33,400.0,53.0,S
2021-06-09T09:32:29,100.0,53.1,B
2021-06-09T09:32:26,20500.0,53.0,S
2021-06-09T09:32:25,500.0,53.1,B
2021-06-09T09:32:24,500.0,53.0,S
2021-06-09T09:32:15,2000.0,53.0,S
2021-06-09T09:32:14,1000.0,53.1,S
2021-06-09T09:32:13,300.0,53.1,S
2021-06-09T09:32:11,500.0,53.2,B
2021-06-09T09:32:09,300.0,53.2,B
2021-06-09T09:32:06,1000.0,53.1,S
2021-06-09T09:32:05,600.0,53.2,B
2021-06-09T09:32:05,1000.0,53.1,S
2021-06-09T09:32:02,3000.0,53.2,B
2021-06-09T09:31:58,100.0,53.1,S
2021-06-09T09:31:58,100.0,53.1,B
2021-06-09T09:31:57,100.0,53.0,S
2021-06-09T09:31:42,500.0,53.2,B
2021-06-09T09:31:41,600.0,53.0,S
2021-06-09T09:31:34,100.0,53.0,S
2021-06-09T09:31:23,100.0,53.2,B
2021-06-09T09:31:23,1200.0,53.0,S
2021-06-09T09:31:18,200.0,53.0,S
2021-06-09T09:31:14,300.0,53.0,S
2021-06-09T09:31:12,300.0,53.0,S
2021-06-09T09:31:08,1000.0,53.2,B
2021-06-09T09:31:07,600.0,53.0,B
2021-06-09T09:31:04,2600.0,53.0,S
2021-06-09T09:31:02,100.0,53.0,S
2021-06-09T09:31:00,100.0,53.1,B
2021-06-09T09:30:56,1100.0,53.0,S
2021-06-09T09:30:55,500.0,53.0,S
2021-06-09T09:30:50,300.0,53.0,S
2021-06-09T09:30:48,400.0,53.0,S
2021-06-09T09:30:47,3000.0,53.0,S
2021-06-09T09:30:45,1200.0,53.0,S
2021-06-09T09:30:45,300.0,53.1,B
2021-06-09T09:30:40,100.0,53.0,B
2021-06-09T09:30:39,1100.0,53.0,S
2021-06-09T09:30:38,1000.0,53.0,S
2021-06-09T09:30:37,500.0,53.0,S
2021-06-09T09:30:35,8800.0,53.0,B
2021-06-09T09:30:34,600.0,52.8,S
2021-06-09T09:30:32,300.0,52.8,S
2021-06-09T09:30:26,1500.0,52.8,S
2021-06-09T09:30:24,2000.0,53.0,B
2021-06-09T09:30:24,1000.0,52.8,S
2021-06-09T09:30:23,35000.0,53.0,B
2021-06-09T09:30:21,3000.0,52.8,S
2021-06-09T09:30:19,900.0,52.8,S
2021-06-09T09:30:19,1000.0,52.9,B
2021-06-09T09:30:18,2200.0,52.8,S
2021-06-09T09:30:17,1000.0,52.8,S
2021-06-09T09:30:06,500.0,52.8,S
2021-06-09T09:30:04,1000.0,52.9,B
2021-06-09T09:30:03,200.0,52.9,B
2021-06-09T09:30:02,1000.0,52.8,S
2021-06-09T09:30:00,300.0,52.9,B
2021-06-09T09:29:59,300.0,52.9,B
2021-06-09T09:29:55,5000.0,52.9,B
2021-06-09T09:29:49,500.0,52.9,B
2021-06-09T09:29:49,100.0,52.8,S
2021-06-09T09:29:49,200.0,52.8,S
2021-06-09T09:29:45,100.0,52.8,S
2021-06-09T09:29:44,200.0,52.9,B
2021-06-09T09:29:37,1000.0,52.8,B
2021-06-09T09:29:35,200.0,52.8,B
2021-06-09T09:29:34,1000.0,52.7,S
2021-06-09T09:29:34,100.0,52.7,S
2021-06-09T09:29:32,200.0,52.7,S
2021-06-09T09:29:30,100.0,52.7,S
2021-06-09T09:29:30,700.0,52.7,S
2021-06-09T09:29:28,400.0,52.7,S
2021-06-09T09:29:27,400.0,52.7,S
2021-06-09T09:29:25,700.0,52.7,S
2021-06-09T09:29:24,600.0,52.7,S
2021-06-09T09:29:24,500.0,52.7,S
2021-06-09T09:29:23,500.0,52.7,S
2021-06-09T09:29:20,9800.0,52.7,B
2021-06-09T09:29:20,3600.0,52.6,S
2021-06-09T09:29:15,200.0,52.6,S
2021-06-09T09:29:15,1600.0,52.7,B
2021-06-09T09:29:11,1500.0,52.6,S
2021-06-09T09:29:10,9100.0,52.7,B
2021-06-09T09:29:08,1000.0,52.7,B
2021-06-09T09:29:07,500.0,52.6,S
2021-06-09T09:29:04,1000.0,52.6,S
2021-06-09T09:29:03,400.0,52.7,B
2021-06-09T09:29:00,500.0,52.7,B
2021-06-09T09:28:57,1300.0,52.7,B
2021-06-09T09:28:56,100.0,52.6,S
2021-06-09T09:28:54,200.0,52.7,B
2021-06-09T09:28:54,600.0,52.7,B
2021-06-09T09:28:53,100.0,52.7,B
2021-06-09T09:28:51,600.0,52.6,S
2021-06-09T09:28:51,300.0,52.6,S
2021-06-09T09:28:47,100.0,52.7,B
2021-06-09T09:28:37,500.0,52.7,S
2021-06-09T09:28:37,5000.0,52.6,S
2021-06-09T09:28:36,500.0,52.7,S
2021-06-09T09:28:32,600.0,52.7,B
2021-06-09T09:28:30,100.0,52.7,B
2021-06-09T09:28:28,1100.0,52.7,S
2021-06-09T09:28:27,500.0,52.7,S
2021-06-09T09:28:26,5000.0,52.7,S
2021-06-09T09:28:23,100.0,52.7,S
2021-06-09T09:28:23,800.0,52.7,S
2021-06-09T09:28:17,1000.0,52.7,S
2021-06-09T09:28:06,5400.0,52.7,S
2021-06-09T09:28:04,100.0,52.9,B
2021-06-09T09:28:01,100.0,52.8,S
2021-06-09T09:27:58,1000.0,52.9,B
2021-06-09T09:27:52,2000.0,52.8,S
2021-06-09T09:27:52,2000.0,52.9,B
2021-06-09T09:27:51,2500.0,52.9,S
2021-06-09T09:27:47,600.0,52.9,B
2021-06-09T09:27:44,400.0,52.9,S
2021-06-09T09:27:41,1300.0,53.0,B
2021-06-09T09:27:40,200.0,53.0,B
2021-06-09T09:27:39,2500.0,53.0,B
2021-06-09T09:27:33,100.0,53.0,B
2021-06-09T09:27:29,2000.0,53.0,B
2021-06-09T09:27:23,100.0,53.0,S
2021-06-09T09:27:21,700.0,53.0,S
2021-06-09T09:27:21,500.0,53.0,S
2021-06-09T09:27:21,1000.0,53.0,S
2021-06-09T09:27:20,200.0,53.0,S
2021-06-09T09:27:20,100.0,53.0,S
2021-06-09T09:27:16,10000.0,53.0,S
2021-06-09T09:27:13,500.0,53.0,S
2021-06-09T09:27:12,500.0,53.0,S
2021-06-09T09:27:10,200.0,53.2,B
2021-06-09T09:27:09,600.0,53.0,S
2021-06-09T09:27:09,600.0,53.2,B
2021-06-09T09:27:08,2900.0,53.0,S
2021-06-09T09:27:06,5000.0,53.0,S
2021-06-09T09:27:06,500.0,53.0,S
2021-06-09T09:27:04,6300.0,53.0,S
2021-06-09T09:27:04,200.0,53.2,B
2021-06-09T09:27:01,5500.0,53.0,S
2021-06-09T09:26:56,500.0,53.0,S
2021-06-09T09:26:55,100.0,53.0,S
2021-06-09T09:26:49,5100.0,53.0,S
2021-06-09T09:26:48,100.0,53.2,B
2021-06-09T09:26:46,500.0,53.2,B
2021-06-09T09:26:44,700.0,53.1,B
2021-06-09T09:26:42,1000.0,53.0,S
2021-06-09T09:26:39,10400.0,53.0,S
2021-06-09T09:26:38,200.0,53.2,B
2021-06-09T09:26:37,4100.0,53.1,S
2021-06-09T09:26:36,200.0,53.1,S
2021-06-09T09:26:35,500.0,53.2,B
2021-06-09T09:26:35,900.0,53.1,S
2021-06-09T09:26:34,1100.0,53.1,S
2021-06-09T09:26:32,500.0,53.2,B
2021-06-09T09:26:29,500.0,53.2,B
2021-06-09T09:26:29,100.0,53.2,B
2021-06-09T09:26:26,400.0,53.1,S
2021-06-09T09:26:25,1000.0,53.2,B
2021-06-09T09:26:25,200.0,53.2,B
2021-06-09T09:26:22,500.0,53.2,B
2021-06-09T09:26:20,2000.0,53.1,S
2021-06-09T09:26:18,100.0,53.1,S
2021-06-09T09:26:18,500.0,53.2,S
2021-06-09T09:26:14,500.0,53.3,B
2021-06-09T09:26:08,100.0,53.3,B
2021-06-09T09:26:06,3000.0,53.1,S
2021-06-09T09:26:04,300.0,53.2,S
2021-06-09T09:25:59,100.0,53.7,B
2021-06-09T09:25:58,100.0,53.7,B
2021-06-09T09:25:56,100.0,53.7,B
2021-06-09T09:25:56,100.0,53.7,B
2021-06-09T09:25:55,100.0,53.7,B
2021-06-09T09:25:54,800.0,53.7,B
2021-06-09T09:25:54,300.0,53.6,B
2021-06-09T09:25:54,200.0,53.3,B
2021-06-09T09:25:48,1000.0,53.3,B
2021-06-09T09:25:45,700.0,53.3,B
2021-06-09T09:25:39,100.0,53.6,S
2021-06-09T09:25:36,100.0,53.6,S
2021-06-09T09:25:26,2100.0,53.3,S
2021-06-09T09:25:18,1000.0,53.1,S
2021-06-09T09:25:15,5000.0,53.1,S
2021-06-09T09:25:12,1000.0,53.7,B
2021-06-09T09:25:08,1000.0,53.7,B
2021-06-09T09:25:03,200.0,53.7,B
2021-06-09T09:24:58,1500.0,53.7,S
2021-06-09T09:24:55,100.0,53.7,S
2021-06-09T09:24:46,1000.0,53.7,S
2021-06-09T09:24:44,100.0,53.7,S
2021-06-09T09:24:42,2000.0,53.8,B
2021-06-09T09:24:39,1000.0,53.7,S
2021-06-09T09:24:38,900.0,53.7,S
2021-06-09T09:24:30,100.0,53.7,S
2021-06-09T09:24:24,3400.0,53.8,B
2021-06-09T09:24:12,2000.0,54.0,B
2021-06-09T09:24:10,100.0,54.0,B
2021-06-09T09:24:09,1000.0,54.0,B
2021-06-09T09:24:03,100.0,54.0,B
2021-06-09T09:24:01,100.0,54.0,B
2021-06-09T09:23:59,1000.0,53.8,S
2021-06-09T09:23:58,100.0,54.0,B
2021-06-09T09:23:55,1000.0,53.8,S
2021-06-09T09:23:50,1000.0,54.0,B
2021-06-09T09:23:46,5000.0,53.8,S
2021-06-09T09:23:39,1000.0,54.1,B
2021-06-09T09:23:30,9500.0,54.0,S
2021-06-09T09:23:29,2000.0,54.0,S
2021-06-09T09:23:26,500.0,54.0,S
2021-06-09T09:23:26,500.0,54.1,S
2021-06-09T09:23:25,400.0,54.1,S
2021-06-09T09:23:18,1000.0,54.1,S
2021-06-09T09:23:17,100.0,54.2,B
2021-06-09T09:23:16,300.0,54.1,S
2021-06-09T09:23:11,14000.0,54.0,S
2021-06-09T09:23:04,300.0,54.0,S
2021-06-09T09:23:04,300.0,54.0,S
2021-06-09T09:23:03,2000.0,54.0,S
2021-06-09T09:23:00,1500.0,54.3,B
2021-06-09T09:22:58,2000.0,54.0,S
2021-06-09T09:22:55,200.0,54.0,S
2021-06-09T09:22:52,1000.0,54.0,S
2021-06-09T09:22:49,300.0,54.3,B
2021-06-09T09:22:48,100.0,54.1,S
2021-06-09T09:22:46,5000.0,54.0,S
2021-06-09T09:22:44,1600.0,54.3,B
2021-06-09T09:22:40,800.0,54.1,B
2021-06-09T09:22:39,1300.0,54.0,S
2021-06-09T09:22:37,1500.0,54.1,B
2021-06-09T09:22:36,100.0,54.0,S
2021-06-09T09:22:35,100.0,54.1,B
2021-06-09T09:22:34,100.0,54.1,B
2021-06-09T09:22:33,300.0,54.1,S
2021-06-09T09:22:26,2000.0,54.1,S
2021-06-09T09:22:25,5800.0,54.1,S
2021-06-09T09:22:24,500.0,54.3,S
2021-06-09T09:22:22,500.0,54.3,S
2021-06-09T09:22:22,100.0,54.3,S
2021-06-09T09:22:21,1500.0,54.3,S
2021-06-09T09:22:18,2900.0,54.3,S
2021-06-09T09:22:18,200.0,54.3,S
2021-06-09T09:22:16,1000.0,54.3,B
2021-06-09T09:22:15,2000.0,54.1,S
2021-06-09T09:22:13,200.0,54.3,B
2021-06-09T09:22:12,500.0,54.1,S
2021-06-09T09:22:09,1500.0,54.1,S
2021-06-09T09:22:07,1000.0,54.1,S
2021-06-09T09:22:02,100.0,54.3,B
2021-06-09T09:22:01,100.0,54.3,B
2021-06-09T09:22:00,100.0,54.2,S
2021-06-09T09:21:59,2000.0,54.2,S
2021-06-09T09:21:58,100.0,54.3,S
2021-06-09T09:21:55,400.0,54.3,S
2021-06-09T09:21:54,500.0,54.4,B
2021-06-09T09:21:50,500.0,54.4,B
2021-06-09T09:21:50,200.0,54.3,S
2021-06-09T09:21:46,100.0,54.3,S
2021-06-09T09:21:42,12500.0,54.4,B
2021-06-09T09:21:38,100.0,54.4,B
2021-06-09T09:21:37,3200.0,54.4,B
2021-06-09T09:21:36,100.0,54.4,S
2021-06-09T09:21:36,700.0,54.4,S
2021-06-09T09:21:34,200.0,54.4,S
2021-06-09T09:21:34,1000.0,54.4,S
2021-06-09T09:21:33,9800.0,54.4,S
2021-06-09T09:21:32,100.0,54.5,B
2021-06-09T09:21:31,300.0,54.5,B
2021-06-09T09:21:31,500.0,54.4,S
2021-06-09T09:21:30,1000.0,54.4,S
2021-06-09T09:21:29,1500.0,54.4,S
2021-06-09T09:21:28,1100.0,54.4,S
2021-06-09T09:21:27,100.0,54.4,S
2021-06-09T09:21:23,2500.0,54.4,S
2021-06-09T09:21:21,1000.0,54.4,S
2021-06-09T09:21:20,500.0,54.4,S
2021-06-09T09:21:18,300.0,54.4,S
2021-06-09T09:21:16,1000.0,54.5,B
2021-06-09T09:21:12,2000.0,54.4,S
2021-06-09T09:21:07,200.0,54.4,S
2021-06-09T09:21:05,300.0,54.5,B
2021-06-09T09:20:59,900.0,54.5,B
2021-06-09T09:20:58,200.0,54.4,S
2021-06-09T09:20:52,700.0,54.5,B
2021-06-09T09:20:52,500.0,54.4,S
2021-06-09T09:20:44,500.0,54.5,B
2021-06-09T09:20:44,500.0,54.5,B
2021-06-09T09:20:40,1000.0,54.6,B
2021-06-09T09:20:39,100.0,54.5,B
2021-06-09T09:20:37,1000.0,54.5,B
2021-06-09T09:20:36,300.0,54.4,S
2021-06-09T09:20:32,500.0,54.4,S
2021-06-09T09:20:32,5000.0,54.4,S
2021-06-09T09:20:31,4500.0,54.4,S
2021-06-09T09:20:29,1000.0,54.5,S
2021-06-09T09:20:25,300.0,54.6,B
2021-06-09T09:20:23,100.0,54.6,B
2021-06-09T09:20:22,2000.0,54.5,S
2021-06-09T09:20:17,5000.0,54.5,S
2021-06-09T09:20:17,100.0,54.6,B
2021-06-09T09:20:13,4000.0,54.4,S
2021-06-09T09:20:06,9400.0,54.6,S
2021-06-09T09:20:04,800.0,54.7,B
2021-06-09T09:20:03,400.0,54.7,B
2021-06-09T09:20:02,100.0,54.7,S
2021-06-09T09:19:55,2000.0,54.6,S
2021-06-09T09:19:53,1100.0,54.6,S
2021-06-09T09:19:52,1600.0,54.7,S
2021-06-09T09:19:52,3000.0,54.7,B
2021-06-09T09:19:51,3000.0,54.7,B
2021-06-09T09:19:46,500.0,54.6,S
2021-06-09T09:19:46,3000.0,54.6,S
2021-06-09T09:19:45,5000.0,54.7,B
2021-06-09T09:19:41,200.0,54.6,S
2021-06-09T09:19:37,1200.0,54.6,S
2021-06-09T09:19:34,1000.0,54.6,S
2021-06-09T09:19:28,500.0,54.6,S
2021-06-09T09:19:25,600.0,54.7,B
2021-06-09T09:19:25,2000.0,54.6,S
2021-06-09T09:19:19,1600.0,54.7,B
2021-06-09T09:19:18,2000.0,54.6,S
2021-06-09T09:19:15,1000.0,54.7,B
2021-06-09T09:19:12,500.0,54.6,S
2021-06-09T09:19:07,1200.0,54.7,B
2021-06-09T09:19:01,10000.0,54.6,S
2021-06-09T09:19:00,500.0,54.7,B
2021-06-09T09:19:00,5000.0,54.7,B
2021-06-09T09:18:56,500.0,54.6,S
2021-06-09T09:18:50,200.0,54.6,S
2021-06-09T09:18:45,400.0,54.6,S
2021-06-09T09:18:42,1100.0,54.6,S
2021-06-09T09:18:40,4000.0,54.7,B
2021-06-09T09:18:34,100.0,54.6,S
2021-06-09T09:18:30,500.0,54.7,B
2021-06-09T09:18:28,100.0,54.7,B
2021-06-09T09:18:26,100.0,54.6,S
2021-06-09T09:18:24,500.0,54.6,S
2021-06-09T09:18:18,100.0,54.6,S
2021-06-09T09:18:14,100.0,54.6,S
2021-06-09T09:18:11,300.0,54.6,S
2021-06-09T09:18:06,100.0,54.7,B
2021-06-09T09:18:01,100.0,54.7,B
2021-06-09T09:18:01,500.0,54.7,B
2021-06-09T09:18:00,1000.0,54.7,B
2021-06-09T09:17:57,1000.0,54.7,B
2021-06-09T09:17:57,3800.0,54.6,S
