tradingTime,volume,price,side
2021-06-09T14:30:25,5000.0,31.7,B
2021-06-09T14:30:10,200.0,31.7,B
2021-06-09T14:29:51,100.0,31.7,B
2021-06-09T14:29:48,500.0,31.7,B
2021-06-09T14:29:47,1300.0,31.7,B
2021-06-09T14:29:47,100.0,31.7,B
2021-06-09T14:29:47,40700.0,31.7,B
2021-06-09T14:29:21,50000.0,31.7,B
2021-06-09T14:29:21,100.0,31.7,B
2021-06-09T14:28:45,17100.0,31.7,B
2021-06-09T14:28:39,100.0,31.65,S
2021-06-09T14:28:37,1200.0,31.65,S
2021-06-09T14:28:37,4300.0,31.7,B
2021-06-09T14:28:12,10000.0,31.7,B
2021-06-09T14:28:08,100.0,31.65,S
2021-06-09T14:27:44,100.0,31.65,S
2021-06-09T14:27:20,1000.0,31.65,S
2021-06-09T14:27:14,2000.0,31.65,B
2021-06-09T14:27:12,100.0,31.65,B
2021-06-09T14:27:11,1100.0,31.65,B
2021-06-09T14:27:07,500.0,31.65,B
2021-06-09T14:27:06,6200.0,31.65,B
2021-06-09T14:27:02,1000.0,31.6,S
2021-06-09T14:26:51,9800.0,31.65,B
2021-06-09T14:26:50,19000.0,31.65,B
2021-06-09T14:26:50,8500.0,31.65,B
2021-06-09T14:26:50,7700.0,31.65,B
2021-06-09T14:26:50,200.0,31.65,B
2021-06-09T14:26:49,4800.0,31.65,B
2021-06-09T14:26:41,5900.0,31.6,S
2021-06-09T14:26:33,1000.0,31.6,S
2021-06-09T14:26:32,1200.0,31.6,S
2021-06-09T14:26:32,100.0,31.6,S
2021-06-09T14:26:31,1000.0,31.6,S
2021-06-09T14:26:23,1500.0,31.6,S
2021-06-09T14:26:16,1500.0,31.6,S
2021-06-09T14:25:45,5000.0,31.6,S
2021-06-09T14:25:18,2000.0,31.6,S
2021-06-09T14:24:33,100.0,31.65,B
2021-06-09T14:24:28,400.0,31.6,S
2021-06-09T14:24:18,400.0,31.6,S
2021-06-09T14:24:16,2000.0,31.6,S
2021-06-09T14:24:04,2200.0,31.65,B
2021-06-09T14:23:46,400.0,31.6,S
2021-06-09T14:23:35,1800.0,31.6,S
2021-06-09T14:23:35,200.0,31.6,S
2021-06-09T14:23:32,300.0,31.6,S
2021-06-09T14:23:27,100.0,31.65,B
2021-06-09T14:23:25,100.0,31.6,S
2021-06-09T14:23:23,500.0,31.6,S
2021-06-09T14:23:23,7900.0,31.6,S
2021-06-09T14:23:23,800.0,31.6,S
2021-06-09T14:23:23,100.0,31.6,S
2021-06-09T14:23:22,1200.0,31.6,S
2021-06-09T14:23:18,100.0,31.6,S
2021-06-09T14:23:10,200.0,31.6,S
2021-06-09T14:23:05,600.0,31.6,S
2021-06-09T14:22:58,1000.0,31.6,S
2021-06-09T14:22:58,300.0,31.6,S
2021-06-09T14:22:54,3000.0,31.6,S
2021-06-09T14:22:53,300.0,31.6,S
2021-06-09T14:22:38,15000.0,31.6,S
2021-06-09T14:22:36,1800.0,31.6,S
2021-06-09T14:22:24,200.0,31.6,S
2021-06-09T14:22:22,100.0,31.6,S
2021-06-09T14:22:11,1000.0,31.6,S
2021-06-09T14:22:10,900.0,31.6,S
2021-06-09T14:21:49,200.0,31.6,S
2021-06-09T14:21:31,100.0,31.6,S
2021-06-09T14:21:20,100.0,31.6,S
2021-06-09T14:21:17,300.0,31.6,S
2021-06-09T14:21:16,600.0,31.6,S
2021-06-09T14:21:07,500.0,31.6,S
2021-06-09T14:21:06,300.0,31.6,S
2021-06-09T14:21:03,3200.0,31.6,S
2021-06-09T14:20:55,200.0,31.6,S
2021-06-09T14:20:53,2700.0,31.6,S
2021-06-09T14:20:51,16100.0,31.6,S
2021-06-09T14:20:45,1100.0,31.55,S
2021-06-09T14:20:43,200.0,31.6,S
2021-06-09T14:20:43,13700.0,31.6,S
2021-06-09T14:20:35,200.0,31.6,S
2021-06-09T14:20:25,300.0,31.6,S
2021-06-09T14:20:23,1000.0,31.6,S
2021-06-09T14:20:21,100.0,31.6,B
2021-06-09T14:20:19,100.0,31.6,B
2021-06-09T14:20:16,100.0,31.6,B
2021-06-09T14:20:07,500.0,31.6,B
2021-06-09T14:20:03,600.0,31.6,B
2021-06-09T14:19:53,3300.0,31.65,B
2021-06-09T14:19:44,100.0,31.6,B
2021-06-09T14:19:32,100.0,31.6,B
2021-06-09T14:19:32,200.0,31.6,B
2021-06-09T14:19:32,100.0,31.6,B
2021-06-09T14:19:32,500.0,31.6,B
2021-06-09T14:19:14,600.0,31.65,B
2021-06-09T14:19:13,1000.0,31.6,B
2021-06-09T14:19:10,300.0,31.6,B
2021-06-09T14:18:57,300.0,31.6,B
2021-06-09T14:18:54,1500.0,31.6,B
2021-06-09T14:18:53,3700.0,31.6,B
2021-06-09T14:18:52,1700.0,31.6,B
2021-06-09T14:18:41,300.0,31.55,S
2021-06-09T14:18:39,4900.0,31.65,B
2021-06-09T14:18:39,13600.0,31.65,B
2021-06-09T14:18:27,1600.0,31.55,S
2021-06-09T14:18:10,8000.0,31.65,B
2021-06-09T14:18:09,200.0,31.55,S
2021-06-09T14:18:01,100.0,31.55,S
2021-06-09T14:17:58,100.0,31.55,S
2021-06-09T14:17:57,1000.0,31.6,B
2021-06-09T14:17:57,100.0,31.55,S
2021-06-09T14:17:54,100.0,31.55,S
2021-06-09T14:17:52,400.0,31.6,B
2021-06-09T14:17:47,100.0,31.55,S
2021-06-09T14:17:45,200.0,31.55,S
2021-06-09T14:17:45,500.0,31.55,S
2021-06-09T14:17:44,600.0,31.55,S
2021-06-09T14:17:42,300.0,31.55,S
2021-06-09T14:17:42,600.0,31.55,S
2021-06-09T14:17:40,200.0,31.55,S
2021-06-09T14:17:33,600.0,31.55,S
2021-06-09T14:17:30,1200.0,31.55,S
2021-06-09T14:17:28,100.0,31.5,S
2021-06-09T14:17:27,800.0,31.5,S
2021-06-09T14:17:27,1000.0,31.5,S
2021-06-09T14:17:27,2500.0,31.55,S
2021-06-09T14:17:27,500.0,31.55,S
2021-06-09T14:17:26,900.0,31.55,S
2021-06-09T14:17:26,200.0,31.55,S
2021-06-09T14:17:18,400.0,31.55,S
2021-06-09T14:17:08,100.0,31.5,S
2021-06-09T14:17:08,29500.0,31.5,S
2021-06-09T14:16:44,900.0,31.55,S
2021-06-09T14:16:44,100.0,31.55,S
2021-06-09T14:16:32,100.0,31.55,S
2021-06-09T14:16:31,100.0,31.55,S
2021-06-09T14:16:26,300.0,31.55,S
2021-06-09T14:16:25,2500.0,31.55,S
2021-06-09T14:16:25,900.0,31.55,S
2021-06-09T14:16:25,1100.0,31.6,B
2021-06-09T14:16:24,500.0,31.6,B
2021-06-09T14:16:12,800.0,31.6,B
2021-06-09T14:16:10,900.0,31.6,B
2021-06-09T14:15:46,100.0,31.6,B
2021-06-09T14:15:45,400.0,31.6,B
2021-06-09T14:15:25,500.0,31.55,S
2021-06-09T14:15:12,100.0,31.55,S
2021-06-09T14:15:08,2600.0,31.6,B
2021-06-09T14:15:03,900.0,31.55,S
2021-06-09T14:13:59,100.0,31.6,B
2021-06-09T14:13:59,300.0,31.6,B
2021-06-09T14:13:42,300.0,31.55,S
2021-06-09T14:13:37,400.0,31.55,S
2021-06-09T14:13:34,400.0,31.55,S
2021-06-09T14:13:33,1000.0,31.6,B
2021-06-09T14:13:33,500.0,31.55,S
2021-06-09T14:13:29,2000.0,31.55,S
2021-06-09T14:13:26,2000.0,31.55,S
2021-06-09T14:13:25,800.0,31.55,S
2021-06-09T14:13:25,2000.0,31.55,S
2021-06-09T14:13:24,300.0,31.55,S
2021-06-09T14:13:15,2000.0,31.55,S
2021-06-09T14:13:13,400.0,31.55,S
2021-06-09T14:13:13,100.0,31.55,S
2021-06-09T14:13:11,400.0,31.55,S
2021-06-09T14:13:10,2400.0,31.55,S
2021-06-09T14:13:08,1500.0,31.55,S
2021-06-09T14:13:06,2000.0,31.55,S
2021-06-09T14:13:04,500.0,31.55,S
2021-06-09T14:13:03,2000.0,31.55,S
2021-06-09T14:13:02,2000.0,31.55,S
2021-06-09T14:13:01,100.0,31.55,S
2021-06-09T14:13:00,400.0,31.55,S
2021-06-09T14:13:00,7500.0,31.55,S
2021-06-09T14:12:56,400.0,31.55,S
2021-06-09T14:12:56,2000.0,31.55,S
2021-06-09T14:12:56,200.0,31.55,S
2021-06-09T14:12:54,100.0,31.55,S
2021-06-09T14:12:54,10000.0,31.6,B
2021-06-09T14:12:53,400.0,31.55,S
2021-06-09T14:12:53,100.0,31.6,B
2021-06-09T14:12:50,2000.0,31.55,S
2021-06-09T14:12:49,400.0,31.55,S
2021-06-09T14:12:48,400.0,31.55,S
2021-06-09T14:12:48,2000.0,31.55,S
2021-06-09T14:12:46,1200.0,31.55,S
2021-06-09T14:12:46,600.0,31.55,S
2021-06-09T14:12:44,2000.0,31.55,S
2021-06-09T14:12:40,2000.0,31.55,S
2021-06-09T14:12:39,2000.0,31.55,S
2021-06-09T14:12:38,400.0,31.55,S
2021-06-09T14:12:38,900.0,31.55,S
2021-06-09T14:12:37,1200.0,31.55,S
2021-06-09T14:12:37,2000.0,31.55,S
2021-06-09T14:12:28,2000.0,31.55,S
2021-06-09T14:12:16,300.0,31.55,S
2021-06-09T14:12:04,100.0,31.55,S
2021-06-09T14:12:00,200.0,31.55,S
2021-06-09T14:11:52,500.0,31.55,S
2021-06-09T14:11:50,300.0,31.55,S
2021-06-09T14:11:50,100.0,31.55,S
2021-06-09T14:11:50,200.0,31.55,S
2021-06-09T14:11:49,100.0,31.55,S
2021-06-09T14:11:46,1000.0,31.6,B
2021-06-09T14:11:38,800.0,31.55,S
2021-06-09T14:11:35,300.0,31.55,S
2021-06-09T14:11:30,200.0,31.6,S
2021-06-09T14:11:28,4400.0,31.55,S
2021-06-09T14:11:21,22000.0,31.55,S
2021-06-09T14:11:06,100.0,31.6,S
2021-06-09T14:11:04,300.0,31.55,S
2021-06-09T14:10:57,700.0,31.55,S
2021-06-09T14:10:56,100.0,31.55,S
2021-06-09T14:10:55,1500.0,31.55,S
2021-06-09T14:10:54,400.0,31.6,B
2021-06-09T14:10:49,400.0,31.55,S
2021-06-09T14:10:47,3800.0,31.65,B
2021-06-09T14:10:47,700.0,31.6,B
2021-06-09T14:10:45,7500.0,31.55,S
2021-06-09T14:10:44,2000.0,31.6,B
2021-06-09T14:10:40,2300.0,31.55,S
2021-06-09T14:10:32,100.0,31.55,S
2021-06-09T14:10:30,400.0,31.55,S
2021-06-09T14:10:25,300.0,31.6,S
2021-06-09T14:10:24,700.0,31.55,S
2021-06-09T14:10:21,2000.0,31.55,S
2021-06-09T14:10:19,200.0,31.6,S
2021-06-09T14:10:15,500.0,31.6,S
2021-06-09T14:10:15,3300.0,31.6,S
2021-06-09T14:10:12,10000.0,31.6,S
2021-06-09T14:10:10,200.0,31.6,S
2021-06-09T14:10:00,100.0,31.6,S
2021-06-09T14:09:58,1000.0,31.6,S
2021-06-09T14:09:53,200.0,31.6,S
2021-06-09T14:09:46,5000.0,31.6,S
2021-06-09T14:09:44,1000.0,31.6,S
2021-06-09T14:09:38,200.0,31.6,S
2021-06-09T14:09:28,1000.0,31.6,S
2021-06-09T14:09:20,4300.0,31.6,S
2021-06-09T14:09:20,700.0,31.6,S
2021-06-09T14:09:17,200.0,31.6,B
2021-06-09T14:09:02,100.0,31.6,B
2021-06-09T14:08:51,700.0,31.55,S
2021-06-09T14:08:50,100.0,31.6,B
2021-06-09T14:08:46,100.0,31.6,B
2021-06-09T14:08:42,100.0,31.6,B
2021-06-09T14:08:40,200.0,31.6,B
2021-06-09T14:08:37,3700.0,31.6,B
2021-06-09T14:08:33,500.0,31.6,B
2021-06-09T14:08:30,500.0,31.6,B
2021-06-09T14:08:27,100.0,31.6,B
2021-06-09T14:08:26,500.0,31.6,B
2021-06-09T14:08:19,18800.0,31.6,B
2021-06-09T14:08:11,2500.0,31.6,B
2021-06-09T14:07:48,400.0,31.55,S
2021-06-09T14:07:40,2000.0,31.6,B
2021-06-09T14:07:38,200.0,31.55,S
2021-06-09T14:07:31,300.0,31.55,S
2021-06-09T14:07:30,500.0,31.6,B
2021-06-09T14:07:29,500.0,31.55,S
2021-06-09T14:07:23,1700.0,31.55,S
2021-06-09T14:07:22,2500.0,31.55,S
2021-06-09T14:07:15,200.0,31.55,S
2021-06-09T14:07:13,6000.0,31.6,B
2021-06-09T14:07:13,2600.0,31.6,B
2021-06-09T14:07:13,12400.0,31.6,B
2021-06-09T14:07:13,200.0,31.55,S
2021-06-09T14:07:07,1000.0,31.55,S
2021-06-09T14:07:02,1000.0,31.5,S
2021-06-09T14:06:57,100.0,31.55,S
2021-06-09T14:06:53,5000.0,31.55,S
2021-06-09T14:06:44,100.0,31.6,B
2021-06-09T14:06:40,700.0,31.55,S
2021-06-09T14:06:40,100.0,31.55,S
2021-06-09T14:06:39,100.0,31.55,S
2021-06-09T14:06:29,500.0,31.55,S
2021-06-09T14:06:29,600.0,31.55,S
2021-06-09T14:06:24,200.0,31.6,B
2021-06-09T14:05:55,300.0,31.55,S
2021-06-09T14:05:52,100.0,31.5,S
2021-06-09T14:05:51,200.0,31.5,S
2021-06-09T14:05:49,100.0,31.5,S
2021-06-09T14:05:48,100.0,31.5,S
2021-06-09T14:05:47,400.0,31.5,S
2021-06-09T14:05:47,1900.0,31.5,S
2021-06-09T14:05:44,400.0,31.5,S
2021-06-09T14:05:44,500.0,31.6,B
2021-06-09T14:05:41,1000.0,31.5,S
2021-06-09T14:05:39,700.0,31.6,B
2021-06-09T14:05:37,500.0,31.6,B
2021-06-09T14:05:35,2000.0,31.5,S
2021-06-09T14:05:35,300.0,31.5,S
2021-06-09T14:05:35,1000.0,31.5,S
2021-06-09T14:05:35,500.0,31.5,S
2021-06-09T14:05:35,1100.0,31.5,S
2021-06-09T14:05:34,6900.0,31.5,S
2021-06-09T14:05:34,100.0,31.5,S
2021-06-09T14:05:32,2000.0,31.5,S
2021-06-09T14:05:27,5000.0,31.6,B
2021-06-09T14:05:21,100.0,31.6,B
2021-06-09T14:05:17,12600.0,31.5,S
2021-06-09T14:05:17,800.0,31.5,S
2021-06-09T14:05:17,600.0,31.5,S
2021-06-09T14:05:17,1800.0,31.5,S
2021-06-09T14:05:16,500.0,31.5,S
2021-06-09T14:05:16,1100.0,31.5,S
2021-06-09T14:05:16,2000.0,31.5,S
2021-06-09T14:05:16,12100.0,31.5,S
2021-06-09T14:05:16,1100.0,31.5,S
2021-06-09T14:05:16,200.0,31.5,S
2021-06-09T14:05:16,13900.0,31.5,S
2021-06-09T14:05:16,2600.0,31.5,S
2021-06-09T14:05:16,700.0,31.55,S
2021-06-09T14:05:12,10000.0,31.55,S
2021-06-09T14:05:06,100.0,31.55,S
2021-06-09T14:05:06,100.0,31.55,S
2021-06-09T14:04:55,12700.0,31.55,S
2021-06-09T14:04:55,35000.0,31.55,S
2021-06-09T14:04:55,2200.0,31.55,S
2021-06-09T14:04:55,100.0,31.55,S
2021-06-09T14:04:48,800.0,31.55,S
2021-06-09T14:04:46,900.0,31.55,S
2021-06-09T14:04:39,100.0,31.55,S
2021-06-09T14:04:23,100.0,31.6,B
2021-06-09T14:04:22,300.0,31.55,S
2021-06-09T14:04:22,300.0,31.55,S
2021-06-09T14:04:22,100.0,31.55,S
2021-06-09T14:04:16,300.0,31.55,S
2021-06-09T14:04:13,400.0,31.55,S
2021-06-09T14:04:10,500.0,31.55,S
2021-06-09T14:04:09,3300.0,31.6,B
2021-06-09T14:04:03,2000.0,31.6,B
2021-06-09T14:04:01,2800.0,31.6,B
2021-06-09T14:03:59,100.0,31.6,B
2021-06-09T14:03:53,100.0,31.55,S
2021-06-09T14:03:45,600.0,31.6,B
2021-06-09T14:03:38,300.0,31.55,S
2021-06-09T14:03:31,100.0,31.6,B
2021-06-09T14:03:21,400.0,31.55,S
2021-06-09T14:03:18,200.0,31.55,S
2021-06-09T14:03:13,100.0,31.55,S
2021-06-09T14:03:13,2000.0,31.55,S
2021-06-09T14:03:10,1200.0,31.55,S
2021-06-09T14:03:06,800.0,31.55,S
2021-06-09T14:03:01,6000.0,31.55,S
2021-06-09T14:02:56,4000.0,31.6,B
2021-06-09T14:02:52,100.0,31.55,S
2021-06-09T14:02:42,600.0,31.55,S
2021-06-09T14:02:39,100.0,31.55,S
2021-06-09T14:02:35,3000.0,31.55,S
2021-06-09T14:02:35,100.0,31.55,S
2021-06-09T14:02:30,700.0,31.55,S
2021-06-09T14:02:29,300.0,31.55,S
2021-06-09T14:02:23,500.0,31.55,S
2021-06-09T14:02:23,100.0,31.55,S
2021-06-09T14:02:23,100.0,31.55,S
2021-06-09T14:02:22,100.0,31.6,B
2021-06-09T14:02:19,700.0,31.55,S
2021-06-09T14:02:18,900.0,31.55,S
2021-06-09T14:02:14,3000.0,31.55,S
2021-06-09T14:02:14,900.0,31.55,S
2021-06-09T14:02:07,3900.0,31.55,S
2021-06-09T14:02:07,2300.0,31.55,S
2021-06-09T14:02:07,1000.0,31.55,S
2021-06-09T14:02:07,900.0,31.55,S
2021-06-09T14:02:06,800.0,31.55,S
2021-06-09T14:02:05,200.0,31.55,S
2021-06-09T14:02:03,100.0,31.55,S
2021-06-09T14:01:59,1000.0,31.6,B
2021-06-09T14:01:59,4600.0,31.6,B
2021-06-09T14:01:58,14100.0,31.6,B
2021-06-09T14:01:56,1000.0,31.6,B
2021-06-09T14:01:53,600.0,31.55,S
2021-06-09T14:01:52,100.0,31.55,S
2021-06-09T14:01:48,100.0,31.55,S
2021-06-09T14:01:47,100.0,31.55,S
2021-06-09T14:01:45,3000.0,31.6,S
2021-06-09T14:01:44,200.0,31.55,S
2021-06-09T14:01:44,300.0,31.55,S
2021-06-09T14:01:41,100.0,31.6,S
2021-06-09T14:01:40,600.0,31.55,S
2021-06-09T14:01:38,100.0,31.55,S
2021-06-09T14:01:37,800.0,31.55,S
2021-06-09T14:01:36,100.0,31.55,S
2021-06-09T14:01:34,1000.0,31.55,S
2021-06-09T14:01:32,900.0,31.55,S
2021-06-09T14:01:32,800.0,31.55,S
2021-06-09T14:01:31,200.0,31.55,S
2021-06-09T14:01:29,3000.0,31.55,S
2021-06-09T14:01:27,600.0,31.55,S
2021-06-09T14:01:26,3300.0,31.55,S
2021-06-09T14:01:26,1100.0,31.6,S
2021-06-09T14:01:25,500.0,31.55,S
2021-06-09T14:01:25,100.0,31.6,S
2021-06-09T14:01:24,5000.0,31.6,S
2021-06-09T14:01:24,100.0,31.55,S
2021-06-09T14:01:22,1000.0,31.6,S
2021-06-09T14:01:20,200.0,31.6,S
2021-06-09T14:01:19,15200.0,31.6,S
2021-06-09T14:01:19,3000.0,31.6,S
2021-06-09T14:01:17,100.0,31.6,S
2021-06-09T14:01:15,400.0,31.55,S
2021-06-09T14:01:15,1000.0,31.6,S
2021-06-09T14:01:14,15400.0,31.6,S
2021-06-09T14:01:14,400.0,31.6,S
2021-06-09T14:01:14,2900.0,31.6,S
2021-06-09T14:01:11,700.0,31.6,S
2021-06-09T14:01:09,100.0,31.6,S
2021-06-09T14:01:09,100.0,31.6,S
2021-06-09T14:00:56,1100.0,31.6,S
2021-06-09T14:00:56,100.0,31.6,S
2021-06-09T14:00:56,1000.0,31.65,B
2021-06-09T14:00:50,100.0,31.6,S
2021-06-09T14:00:43,800.0,31.6,S
2021-06-09T14:00:43,100.0,31.6,S
2021-06-09T14:00:43,400.0,31.6,S
2021-06-09T14:00:43,400.0,31.6,S
2021-06-09T14:00:35,5300.0,31.6,S
2021-06-09T14:00:35,100.0,31.6,S
2021-06-09T14:00:33,600.0,31.6,S
2021-06-09T14:00:31,500.0,31.65,B
2021-06-09T14:00:22,300.0,31.6,S
2021-06-09T14:00:22,1200.0,31.6,S
2021-06-09T14:00:22,4100.0,31.6,S
2021-06-09T14:00:22,500.0,31.6,S
2021-06-09T14:00:22,300.0,31.6,S
2021-06-09T14:00:22,5400.0,31.6,S
2021-06-09T14:00:22,14300.0,31.6,S
2021-06-09T14:00:22,1200.0,31.6,S
2021-06-09T14:00:22,2700.0,31.6,S
2021-06-09T14:00:22,500.0,31.6,S
2021-06-09T14:00:18,300.0,31.6,S
2021-06-09T14:00:10,1900.0,31.6,S
2021-06-09T14:00:03,9900.0,31.6,S
2021-06-09T13:59:56,100.0,31.6,S
2021-06-09T13:59:53,100.0,31.65,S
2021-06-09T13:59:53,29700.0,31.65,S
2021-06-09T13:59:53,11500.0,31.65,S
2021-06-09T13:59:53,8500.0,31.65,S
2021-06-09T13:59:49,700.0,31.6,S
2021-06-09T13:59:41,300.0,31.6,S
2021-06-09T13:59:35,100.0,31.7,B
2021-06-09T13:59:28,800.0,31.6,S
2021-06-09T13:59:28,900.0,31.6,S
2021-06-09T13:59:22,300.0,31.6,S
2021-06-09T13:59:14,400.0,31.6,S
2021-06-09T13:59:14,100.0,31.7,B
2021-06-09T13:59:13,1500.0,31.6,S
2021-06-09T13:59:07,100.0,31.6,S
2021-06-09T13:59:06,2000.0,31.7,B
2021-06-09T13:59:03,7300.0,31.6,S
2021-06-09T13:59:03,600.0,31.6,S
2021-06-09T13:58:58,600.0,31.6,S
2021-06-09T13:58:55,1700.0,31.7,B
2021-06-09T13:58:54,3000.0,31.7,B
2021-06-09T13:58:52,400.0,31.6,S
2021-06-09T13:58:46,400.0,31.6,S
2021-06-09T13:58:45,3000.0,31.7,B
2021-06-09T13:58:44,200.0,31.6,S
2021-06-09T13:58:39,200.0,31.6,S
2021-06-09T13:58:37,2300.0,31.7,B
2021-06-09T13:58:36,2000.0,31.6,S
2021-06-09T13:58:34,1000.0,31.7,B
2021-06-09T13:58:31,1000.0,31.6,S
2021-06-09T13:58:18,2200.0,31.7,B
2021-06-09T13:58:18,3000.0,31.7,B
2021-06-09T13:58:15,100.0,31.6,S
2021-06-09T13:58:10,100.0,31.7,B
2021-06-09T13:58:02,200.0,31.6,S
2021-06-09T13:57:45,100.0,31.7,B
2021-06-09T13:57:44,200.0,31.7,B
2021-06-09T13:57:43,1000.0,31.7,B
2021-06-09T13:57:25,100.0,31.6,S
2021-06-09T13:56:52,100.0,31.6,S
2021-06-09T13:56:44,600.0,31.6,S
2021-06-09T13:56:41,200.0,31.6,S
2021-06-09T13:56:37,3000.0,31.7,B
2021-06-09T13:56:27,100.0,31.55,S
2021-06-09T13:56:26,100.0,31.55,S
2021-06-09T13:56:22,200.0,31.55,S
2021-06-09T13:56:20,100.0,31.7,B
2021-06-09T13:56:19,600.0,31.55,S
2021-06-09T13:56:18,600.0,31.55,S
2021-06-09T13:56:13,1000.0,31.55,S
2021-06-09T13:56:12,100.0,31.55,S
2021-06-09T13:56:11,3000.0,31.55,S
2021-06-09T13:56:10,100.0,31.55,S
2021-06-09T13:56:09,500.0,31.7,S
2021-06-09T13:56:09,2100.0,31.55,S
2021-06-09T13:56:08,500.0,31.55,S
2021-06-09T13:56:08,200.0,31.55,S
2021-06-09T13:56:06,200.0,31.55,S
2021-06-09T13:56:05,200.0,31.7,S
2021-06-09T13:56:04,100.0,31.55,S
2021-06-09T13:56:04,700.0,31.55,S
2021-06-09T13:56:04,4000.0,31.55,S
2021-06-09T13:56:04,700.0,31.55,S
2021-06-09T13:56:03,100.0,31.6,S
2021-06-09T13:56:03,100.0,31.6,S
2021-06-09T13:56:03,3600.0,31.6,S
2021-06-09T13:56:03,5900.0,31.6,S
2021-06-09T13:56:03,2000.0,31.6,S
2021-06-09T13:56:03,300.0,31.6,S
2021-06-09T13:56:03,800.0,31.6,S
2021-06-09T13:56:02,2400.0,31.6,S
2021-06-09T13:56:01,700.0,31.6,S
2021-06-09T13:56:01,3000.0,31.6,S
2021-06-09T13:56:01,4000.0,31.6,S
2021-06-09T13:56:01,900.0,31.6,S
2021-06-09T13:56:01,1000.0,31.6,S
2021-06-09T13:56:01,100.0,31.65,S
2021-06-09T13:56:00,1600.0,31.65,S
2021-06-09T13:55:59,200.0,31.65,S
2021-06-09T13:55:59,2400.0,31.65,S
2021-06-09T13:55:58,1200.0,31.7,S
2021-06-09T13:55:58,100.0,31.65,S
2021-06-09T13:55:57,1000.0,31.7,S
2021-06-09T13:55:54,600.0,31.7,S
2021-06-09T13:55:54,400.0,31.7,S
2021-06-09T13:55:54,22000.0,31.7,S
2021-06-09T13:55:54,2600.0,31.7,S
2021-06-09T13:55:54,1700.0,31.7,S
2021-06-09T13:55:54,400.0,31.7,S
2021-06-09T13:55:54,300.0,31.7,S
2021-06-09T13:55:54,1300.0,31.7,S
2021-06-09T13:55:54,3900.0,31.7,S
2021-06-09T13:55:54,2300.0,31.7,S
2021-06-09T13:55:54,5200.0,31.75,S
2021-06-09T13:55:54,11500.0,31.75,S
2021-06-09T13:55:53,28300.0,31.75,S
2021-06-09T13:55:53,19200.0,31.75,S
2021-06-09T13:55:53,1300.0,31.75,S
2021-06-09T13:55:53,1400.0,31.8,S
2021-06-09T13:55:53,600.0,31.8,S
2021-06-09T13:55:53,56900.0,31.8,S
2021-06-09T13:55:52,500.0,31.95,B
2021-06-09T13:55:52,9300.0,31.95,B
2021-06-09T13:55:52,3600.0,31.95,B
2021-06-09T13:55:51,900.0,31.8,S
2021-06-09T13:55:50,800.0,31.9,B
2021-06-09T13:55:46,200.0,31.9,B
2021-06-09T13:55:39,1000.0,31.95,B
2021-06-09T13:55:36,100.0,31.95,B
2021-06-09T13:55:29,100.0,31.8,S
2021-06-09T13:55:28,400.0,31.8,S
2021-06-09T13:55:26,100.0,31.9,B
2021-06-09T13:55:22,100.0,31.8,S
2021-06-09T13:55:21,100.0,31.8,S
2021-06-09T13:55:20,600.0,31.8,S
2021-06-09T13:55:20,1100.0,31.9,B
2021-06-09T13:55:19,700.0,31.9,B
2021-06-09T13:55:19,300.0,31.9,B
2021-06-09T13:55:17,800.0,31.8,S
2021-06-09T13:55:13,800.0,31.8,S
2021-06-09T13:55:13,900.0,31.8,S
2021-06-09T13:55:11,3300.0,31.9,B
2021-06-09T13:55:09,300.0,31.9,B
2021-06-09T13:55:08,4000.0,31.9,B
2021-06-09T13:55:06,200.0,31.9,B
2021-06-09T13:54:56,300.0,31.8,S
2021-06-09T13:54:55,100.0,31.8,S
2021-06-09T13:54:55,200.0,31.8,S
2021-06-09T13:54:49,1000.0,31.9,B
2021-06-09T13:54:48,800.0,31.8,S
2021-06-09T13:54:48,900.0,31.8,S
2021-06-09T13:54:47,1300.0,31.9,B
2021-06-09T13:54:16,200.0,31.8,S
2021-06-09T13:54:09,100.0,31.8,S
2021-06-09T13:54:06,100.0,31.8,S
2021-06-09T13:53:54,500.0,31.75,S
2021-06-09T13:53:41,100.0,31.75,S
2021-06-09T13:53:24,200.0,31.75,S
2021-06-09T13:53:21,200.0,31.9,B
2021-06-09T13:52:54,100.0,31.75,S
2021-06-09T13:52:38,400.0,31.75,B
2021-06-09T13:52:37,200.0,31.75,B
2021-06-09T13:52:36,200.0,31.75,B
2021-06-09T13:52:30,2200.0,31.9,B
2021-06-09T13:52:27,600.0,31.75,B
2021-06-09T13:52:26,500.0,31.75,B
2021-06-09T13:52:23,1200.0,31.75,B
2021-06-09T13:52:07,200.0,31.75,B
2021-06-09T13:52:04,100.0,31.75,B
2021-06-09T13:51:59,100.0,31.75,B
2021-06-09T13:51:54,200.0,31.75,B
2021-06-09T13:51:54,1100.0,31.75,B
2021-06-09T13:51:54,700.0,31.9,B
2021-06-09T13:51:47,800.0,31.75,B
2021-06-09T13:51:46,100.0,31.75,B
2021-06-09T13:51:46,1000.0,31.75,B
2021-06-09T13:51:44,5500.0,31.75,B
2021-06-09T13:51:40,100.0,31.7,S
2021-06-09T13:51:36,1000.0,31.7,S
2021-06-09T13:51:35,3000.0,31.75,B
2021-06-09T13:51:34,500.0,31.7,S
2021-06-09T13:51:31,800.0,31.7,S
2021-06-09T13:51:26,5000.0,31.75,B
2021-06-09T13:51:06,200.0,31.75,B
2021-06-09T13:50:13,200.0,31.7,S
2021-06-09T13:50:03,100.0,31.7,S
2021-06-09T13:50:03,100.0,31.7,S
2021-06-09T13:50:02,200.0,31.7,S
2021-06-09T13:49:57,1000.0,31.7,S
2021-06-09T13:49:49,600.0,31.7,S
2021-06-09T13:49:48,500.0,31.7,S
2021-06-09T13:49:30,100.0,31.7,S
2021-06-09T13:49:21,500.0,31.7,S
2021-06-09T13:49:17,300.0,31.7,B
2021-06-09T13:49:10,1600.0,31.7,B
2021-06-09T13:49:05,400.0,31.7,B
2021-06-09T13:49:02,500.0,31.7,B
2021-06-09T13:49:01,5000.0,31.7,B
2021-06-09T13:49:01,1300.0,31.7,B
2021-06-09T13:49:01,1600.0,31.7,B
2021-06-09T13:49:00,100.0,31.65,S
2021-06-09T13:49:00,100.0,31.65,S
2021-06-09T13:48:57,1000.0,31.7,B
2021-06-09T13:48:57,1000.0,31.7,B
2021-06-09T13:48:57,300.0,31.7,B
2021-06-09T13:48:57,100.0,31.65,S
2021-06-09T13:48:52,700.0,31.7,B
2021-06-09T13:48:50,200.0,31.65,S
2021-06-09T13:48:50,400.0,31.65,S
2021-06-09T13:48:48,700.0,31.7,B
2021-06-09T13:48:43,1200.0,31.7,B
2021-06-09T13:48:16,100.0,31.7,B
2021-06-09T13:47:52,200.0,31.7,B
2021-06-09T13:47:50,100.0,31.7,B
2021-06-09T13:47:42,100.0,31.7,B
2021-06-09T13:47:26,100.0,31.7,B
2021-06-09T13:47:25,400.0,31.7,B
2021-06-09T13:47:15,200.0,31.65,S
2021-06-09T13:47:14,200.0,31.65,S
2021-06-09T13:47:07,1100.0,31.65,S
2021-06-09T13:47:05,1200.0,31.65,S
2021-06-09T13:47:01,400.0,31.7,B
2021-06-09T13:47:00,100.0,31.65,S
2021-06-09T13:46:52,600.0,31.65,S
2021-06-09T13:46:51,200.0,31.7,B
2021-06-09T13:46:38,200.0,31.65,S
2021-06-09T13:46:38,200.0,31.65,S
2021-06-09T13:46:38,400.0,31.65,S
2021-06-09T13:46:29,100.0,31.7,B
2021-06-09T13:46:27,100.0,31.7,B
2021-06-09T13:46:24,400.0,31.65,S
2021-06-09T13:46:24,2200.0,31.65,S
2021-06-09T13:46:09,2000.0,31.7,B
2021-06-09T13:46:08,11000.0,31.7,B
2021-06-09T13:46:03,200.0,31.65,S
2021-06-09T13:45:51,1000.0,31.7,B
2021-06-09T13:45:51,400.0,31.7,B
2021-06-09T13:45:17,100.0,31.65,S
2021-06-09T13:45:08,500.0,31.65,S
2021-06-09T13:45:02,200.0,31.7,B
2021-06-09T13:45:00,200.0,31.65,S
2021-06-09T13:44:59,100.0,31.65,S
2021-06-09T13:44:54,200.0,31.65,S
2021-06-09T13:44:53,200.0,31.65,S
2021-06-09T13:44:45,1000.0,31.6,S
2021-06-09T13:44:44,100.0,31.65,S
2021-06-09T13:44:36,5000.0,31.65,S
2021-06-09T13:44:36,300.0,31.7,B
2021-06-09T13:44:35,200.0,31.65,S
2021-06-09T13:44:28,1000.0,31.7,B
2021-06-09T13:44:22,200.0,31.65,S
2021-06-09T13:44:21,200.0,31.65,S
2021-06-09T13:44:13,100.0,31.7,B
2021-06-09T13:44:13,600.0,31.65,S
2021-06-09T13:44:13,400.0,31.65,S
2021-06-09T13:44:12,100.0,31.65,S
2021-06-09T13:44:11,1000.0,31.65,S
2021-06-09T13:44:08,200.0,31.65,S
2021-06-09T13:44:03,100.0,31.65,S
2021-06-09T13:44:03,100.0,31.7,B
2021-06-09T13:44:02,700.0,31.65,S
2021-06-09T13:44:02,1600.0,31.65,S
2021-06-09T13:44:02,1200.0,31.65,S
2021-06-09T13:44:02,1500.0,31.65,S
2021-06-09T13:43:59,1100.0,31.65,S
2021-06-09T13:43:54,500.0,31.7,B
2021-06-09T13:43:46,200.0,31.65,S
2021-06-09T13:43:34,1000.0,31.7,B
2021-06-09T13:43:19,100.0,31.65,S
2021-06-09T13:43:18,300.0,31.65,S
2021-06-09T13:43:16,100.0,31.65,S
2021-06-09T13:43:09,700.0,31.65,S
2021-06-09T13:43:09,900.0,31.65,S
2021-06-09T13:43:09,100.0,31.65,S
2021-06-09T13:43:07,300.0,31.65,S
2021-06-09T13:43:07,200.0,31.65,S
2021-06-09T13:43:00,500.0,31.65,S
2021-06-09T13:43:00,1000.0,31.65,S
2021-06-09T13:43:00,2800.0,31.65,S
2021-06-09T13:43:00,1500.0,31.65,S
2021-06-09T13:42:59,2300.0,31.65,S
2021-06-09T13:42:59,500.0,31.65,S
2021-06-09T13:42:59,100.0,31.7,B
2021-06-09T13:42:57,100.0,31.65,S
2021-06-09T13:42:57,1400.0,31.65,S
2021-06-09T13:42:56,400.0,31.65,S
2021-06-09T13:42:55,300.0,31.7,B
2021-06-09T13:42:53,400.0,31.7,B
2021-06-09T13:42:51,100.0,31.7,B
2021-06-09T13:42:51,100.0,31.65,S
2021-06-09T13:42:49,100.0,31.65,S
2021-06-09T13:42:48,100.0,31.65,S
2021-06-09T13:42:47,30700.0,31.7,B
2021-06-09T13:42:47,11500.0,31.7,B
2021-06-09T13:42:46,1200.0,31.7,B
2021-06-09T13:42:46,7300.0,31.7,B
2021-06-09T13:42:43,2000.0,31.7,B
2021-06-09T13:42:42,400.0,31.65,S
2021-06-09T13:42:40,200.0,31.65,S
2021-06-09T13:42:38,100.0,31.65,S
2021-06-09T13:42:36,500.0,31.7,B
2021-06-09T13:42:33,500.0,31.7,B
2021-06-09T13:42:32,200.0,31.7,B
2021-06-09T13:42:28,200.0,31.65,S
2021-06-09T13:42:28,1800.0,31.65,S
2021-06-09T13:42:26,1100.0,31.65,S
2021-06-09T13:42:26,800.0,31.7,B
2021-06-09T13:42:12,10000.0,31.7,S
2021-06-09T13:42:11,700.0,31.7,S
2021-06-09T13:42:07,100.0,31.65,S
2021-06-09T13:42:06,300.0,31.7,S
2021-06-09T13:42:04,200.0,31.65,S
2021-06-09T13:42:03,400.0,31.65,S
2021-06-09T13:42:01,100.0,31.65,S
2021-06-09T13:41:59,600.0,31.65,S
2021-06-09T13:41:58,300.0,31.65,S
2021-06-09T13:41:57,100.0,31.65,S
2021-06-09T13:41:56,1000.0,31.7,S
2021-06-09T13:41:56,2000.0,31.7,S
2021-06-09T13:41:55,200.0,31.65,S
2021-06-09T13:41:54,300.0,31.65,S
2021-06-09T13:41:54,500.0,31.65,S
2021-06-09T13:41:52,3400.0,31.65,S
2021-06-09T13:41:51,1600.0,31.65,S
2021-06-09T13:41:50,100.0,31.7,S
2021-06-09T13:41:50,100.0,31.7,S
2021-06-09T13:41:47,100.0,31.65,S
2021-06-09T13:41:47,500.0,31.7,S
2021-06-09T13:41:47,1100.0,31.7,S
2021-06-09T13:41:46,200.0,31.7,S
2021-06-09T13:41:45,4200.0,31.75,S
2021-06-09T13:41:43,4200.0,31.65,S
2021-06-09T13:41:43,100.0,31.65,S
2021-06-09T13:41:43,300.0,31.7,S
2021-06-09T13:41:43,200.0,31.7,S
2021-06-09T13:41:43,1200.0,31.7,S
2021-06-09T13:41:43,1300.0,31.7,S
2021-06-09T13:41:43,300.0,31.7,S
2021-06-09T13:41:43,700.0,31.7,S
2021-06-09T13:41:43,2500.0,31.7,S
2021-06-09T13:41:43,100.0,31.7,S
2021-06-09T13:41:42,3300.0,31.7,S
2021-06-09T13:41:42,1400.0,31.7,S
2021-06-09T13:41:41,500.0,31.75,S
2021-06-09T13:41:36,300.0,31.7,S
2021-06-09T13:41:35,4200.0,31.75,S
2021-06-09T13:41:35,5600.0,31.75,S
2021-06-09T13:41:35,1300.0,31.75,S
2021-06-09T13:41:35,6200.0,31.75,S
2021-06-09T13:41:35,5100.0,31.75,S
2021-06-09T13:41:35,500.0,31.8,S
2021-06-09T13:41:35,4900.0,31.8,S
2021-06-09T13:41:35,3300.0,31.8,S
2021-06-09T13:41:35,300.0,31.8,S
2021-06-09T13:41:35,200.0,31.9,S
2021-06-09T13:41:35,2100.0,31.9,S
2021-06-09T13:41:35,8600.0,31.9,S
2021-06-09T13:41:35,11200.0,31.9,S
2021-06-09T13:41:34,26600.0,31.9,S
2021-06-09T13:41:34,4200.0,31.9,S
2021-06-09T13:41:34,600.0,31.9,S
2021-06-09T13:41:34,4400.0,32.0,B
2021-06-09T13:41:30,100.0,31.9,S
2021-06-09T13:41:29,100.0,31.9,S
2021-06-09T13:41:27,200.0,31.9,S
2021-06-09T13:41:27,1600.0,32.0,B
2021-06-09T13:41:21,500.0,31.9,S
2021-06-09T13:41:21,100.0,31.9,S
2021-06-09T13:41:21,600.0,31.9,S
2021-06-09T13:41:20,200.0,31.9,S
2021-06-09T13:41:18,1000.0,31.9,S
2021-06-09T13:41:13,800.0,31.9,S
2021-06-09T13:41:12,100.0,32.0,B
2021-06-09T13:41:11,1000.0,31.9,S
2021-06-09T13:41:10,200.0,31.9,S
2021-06-09T13:41:05,3900.0,31.9,S
2021-06-09T13:41:04,100.0,31.9,S
2021-06-09T13:41:01,1100.0,32.0,B
2021-06-09T13:41:01,1200.0,32.0,B
2021-06-09T13:41:01,2700.0,32.0,B
2021-06-09T13:40:59,1000.0,31.9,S
2021-06-09T13:40:48,100.0,31.9,S
2021-06-09T13:40:41,500.0,32.0,B
2021-06-09T13:40:40,300.0,32.0,B
2021-06-09T13:40:23,200.0,31.9,S
2021-06-09T13:40:16,400.0,31.8,S
2021-06-09T13:40:14,1000.0,31.8,S
2021-06-09T13:40:09,100.0,32.0,B
2021-06-09T13:40:07,2000.0,32.0,B
2021-06-09T13:40:07,300.0,31.8,S
2021-06-09T13:40:05,4500.0,31.8,S
2021-06-09T13:40:05,500.0,31.9,S
2021-06-09T13:39:54,400.0,31.9,S
2021-06-09T13:39:48,100.0,31.9,B
2021-06-09T13:39:46,2200.0,31.8,B
2021-06-09T13:39:43,200.0,31.8,B
2021-06-09T13:39:39,100.0,31.8,B
2021-06-09T13:39:39,800.0,31.8,B
2021-06-09T13:39:37,9900.0,31.8,B
2021-06-09T13:39:37,1000.0,31.8,B
2021-06-09T13:39:37,100.0,31.9,B
2021-06-09T13:39:36,400.0,31.9,B
2021-06-09T13:39:35,1200.0,31.9,B
2021-06-09T13:39:32,500.0,32.0,B
2021-06-09T13:39:31,4000.0,31.9,B
2021-06-09T13:39:29,2600.0,32.0,B
2021-06-09T13:39:29,38600.0,32.0,B
2021-06-09T13:39:29,8500.0,32.0,B
2021-06-09T13:39:27,2000.0,32.0,B
2021-06-09T13:39:25,6000.0,31.9,B
2021-06-09T13:39:22,1000.0,32.0,B
2021-06-09T13:39:22,300.0,32.0,B
2021-06-09T13:39:21,18700.0,32.0,B
2021-06-09T13:39:16,10900.0,32.0,B
2021-06-09T13:39:16,4300.0,32.0,B
2021-06-09T13:39:16,2800.0,32.0,B
2021-06-09T13:39:16,100.0,32.0,B
2021-06-09T13:39:16,200.0,32.0,B
2021-06-09T13:39:16,400.0,32.0,B
2021-06-09T13:39:16,1300.0,32.0,B
2021-06-09T13:39:16,700.0,32.0,B
2021-06-09T13:39:16,1400.0,32.0,B
2021-06-09T13:39:16,200.0,32.0,B
2021-06-09T13:39:16,1000.0,32.0,B
2021-06-09T13:39:16,200.0,32.0,B
2021-06-09T13:39:16,1200.0,32.0,B
2021-06-09T13:39:16,5300.0,32.0,B
2021-06-09T13:39:13,100.0,31.9,B
2021-06-09T13:39:11,400.0,31.9,B
2021-06-09T13:39:05,200.0,31.9,B
2021-06-09T13:39:04,500.0,31.9,B
2021-06-09T13:39:02,100.0,31.9,B
2021-06-09T13:39:01,1900.0,31.9,B
2021-06-09T13:38:59,400.0,31.9,B
2021-06-09T13:38:55,400.0,31.9,B
2021-06-09T13:38:52,100.0,32.0,B
2021-06-09T13:38:52,900.0,31.95,B
2021-06-09T13:38:50,200.0,31.9,B
2021-06-09T13:38:50,1800.0,31.9,B
2021-06-09T13:38:49,2600.0,31.9,B
2021-06-09T13:38:49,2200.0,31.9,B
2021-06-09T13:38:48,100.0,31.9,B
2021-06-09T13:38:44,2000.0,31.9,B
2021-06-09T13:38:37,1100.0,31.9,B
2021-06-09T13:38:36,100.0,31.9,B
2021-06-09T13:38:36,3400.0,31.9,B
2021-06-09T13:38:36,5100.0,31.9,B
2021-06-09T13:38:36,500.0,31.85,B
2021-06-09T13:38:34,300.0,31.85,B
2021-06-09T13:38:34,300.0,31.85,B
2021-06-09T13:38:34,6200.0,31.85,B
2021-06-09T13:38:34,100.0,31.8,B
2021-06-09T13:38:34,5100.0,31.8,B
2021-06-09T13:38:34,1000.0,31.8,B
2021-06-09T13:38:34,1100.0,31.8,B
2021-06-09T13:38:34,100.0,31.8,B
2021-06-09T13:38:34,2000.0,31.8,B
2021-06-09T13:38:34,1200.0,31.8,B
2021-06-09T13:38:32,7000.0,31.8,B
2021-06-09T13:38:31,200.0,31.75,S
2021-06-09T13:38:26,5600.0,31.8,B
2021-06-09T13:38:26,500.0,31.75,S
2021-06-09T13:38:21,100.0,31.75,S
2021-06-09T13:37:35,100.0,31.75,B
2021-06-09T13:37:29,600.0,31.75,B
2021-06-09T13:37:20,3400.0,31.75,B
2021-06-09T13:37:17,100.0,31.7,S
2021-06-09T13:37:17,100.0,31.7,S
2021-06-09T13:37:16,100.0,31.7,S
2021-06-09T13:37:11,9400.0,31.75,B
2021-06-09T13:37:05,500.0,31.7,S
2021-06-09T13:37:04,600.0,31.7,S
2021-06-09T13:37:03,200.0,31.7,S
2021-06-09T13:36:53,100.0,31.7,B
2021-06-09T13:36:53,100.0,31.7,B
2021-06-09T13:36:53,1700.0,31.7,B
2021-06-09T13:36:52,800.0,31.7,B
2021-06-09T13:36:52,3100.0,31.7,B
2021-06-09T13:36:51,1100.0,31.7,B
2021-06-09T13:36:45,100.0,31.8,B
2021-06-09T13:36:42,1500.0,31.8,B
2021-06-09T13:36:41,5800.0,31.8,B
2021-06-09T13:36:41,1200.0,31.8,B
2021-06-09T13:36:41,1100.0,31.8,B
2021-06-09T13:36:41,300.0,31.8,B
2021-06-09T13:36:41,500.0,31.8,B
2021-06-09T13:36:41,100.0,31.8,B
2021-06-09T13:36:41,1300.0,31.8,B
2021-06-09T13:36:41,700.0,31.8,B
2021-06-09T13:36:40,600.0,31.8,B
2021-06-09T13:36:40,700.0,31.8,B
2021-06-09T13:36:40,1800.0,31.8,B
2021-06-09T13:36:40,2100.0,31.8,B
2021-06-09T13:36:40,6900.0,31.8,B
2021-06-09T13:36:40,500.0,31.8,B
2021-06-09T13:36:40,200.0,31.8,B
2021-06-09T13:36:40,1000.0,31.8,B
2021-06-09T13:36:39,2800.0,31.8,B
2021-06-09T13:36:39,600.0,31.8,B
2021-06-09T13:36:32,400.0,31.7,B
2021-06-09T13:36:32,400.0,31.7,B
2021-06-09T13:36:31,100.0,31.7,B
2021-06-09T13:36:25,100.0,31.7,B
2021-06-09T13:36:25,2000.0,31.8,B
2021-06-09T13:36:24,100.0,31.7,B
2021-06-09T13:36:24,300.0,31.7,B
2021-06-09T13:36:23,2000.0,31.75,B
2021-06-09T13:36:21,700.0,31.7,B
2021-06-09T13:36:21,100.0,31.7,B
2021-06-09T13:36:18,200.0,31.75,B
2021-06-09T13:36:17,500.0,31.7,B
2021-06-09T13:36:17,500.0,31.7,B
2021-06-09T13:36:15,1500.0,31.75,B
2021-06-09T13:36:15,3500.0,31.75,B
2021-06-09T13:36:13,500.0,31.7,B
2021-06-09T13:36:06,100.0,31.7,B
2021-06-09T13:36:03,2600.0,31.7,B
2021-06-09T13:36:00,100.0,31.7,B
2021-06-09T13:35:58,100.0,31.7,B
2021-06-09T13:35:57,100.0,31.7,B
2021-06-09T13:35:54,200.0,31.7,B
2021-06-09T13:35:49,400.0,31.7,B
2021-06-09T13:35:44,13000.0,31.7,B
2021-06-09T13:35:41,600.0,31.65,S
2021-06-09T13:35:39,500.0,31.65,S
2021-06-09T13:35:33,1100.0,31.65,S
2021-06-09T13:35:28,2000.0,31.65,S
2021-06-09T13:35:27,100.0,31.65,S
2021-06-09T13:35:17,200.0,31.65,S
2021-06-09T13:35:11,100.0,31.65,S
2021-06-09T13:35:04,500.0,31.7,B
2021-06-09T13:35:00,400.0,31.7,B
2021-06-09T13:34:55,1100.0,31.65,S
2021-06-09T13:34:52,500.0,31.7,B
2021-06-09T13:34:46,100.0,31.65,S
2021-06-09T13:34:38,300.0,31.7,B
2021-06-09T13:34:38,100.0,31.65,S
2021-06-09T13:34:37,600.0,31.65,S
2021-06-09T13:34:32,100.0,31.65,S
2021-06-09T13:34:31,100.0,31.65,S
2021-06-09T13:34:30,400.0,31.7,B
2021-06-09T13:34:28,3000.0,31.7,B
2021-06-09T13:34:24,100.0,31.65,S
2021-06-09T13:34:23,300.0,31.65,S
2021-06-09T13:34:17,200.0,31.65,S
2021-06-09T13:34:15,600.0,31.65,S
2021-06-09T13:34:15,1100.0,31.65,S
2021-06-09T13:34:14,400.0,31.65,S
2021-06-09T13:34:11,100.0,31.65,S
2021-06-09T13:34:09,1000.0,31.65,S
2021-06-09T13:34:08,500.0,31.65,S
2021-06-09T13:34:07,2600.0,31.7,B
2021-06-09T13:34:05,2000.0,31.65,S
2021-06-09T13:34:03,500.0,31.65,S
2021-06-09T13:33:59,300.0,31.65,S
2021-06-09T13:33:58,500.0,31.65,S
2021-06-09T13:33:57,1500.0,31.7,B
2021-06-09T13:33:57,600.0,31.7,B
2021-06-09T13:33:55,200.0,31.7,B
2021-06-09T13:33:55,2100.0,31.7,B
2021-06-09T13:33:55,7700.0,31.7,B
2021-06-09T13:33:51,1700.0,31.65,S
2021-06-09T13:33:48,2500.0,31.65,S
2021-06-09T13:33:43,1600.0,31.65,S
2021-06-09T13:33:42,6400.0,31.65,S
2021-06-09T13:33:42,700.0,31.65,S
2021-06-09T13:33:32,1000.0,31.7,B
2021-06-09T13:33:29,300.0,31.65,B
2021-06-09T13:33:16,100.0,31.6,S
2021-06-09T13:33:14,100.0,31.6,S
2021-06-09T13:33:12,100.0,31.6,S
2021-06-09T13:33:10,100.0,31.6,S
2021-06-09T13:33:06,200.0,31.6,S
2021-06-09T13:33:06,300.0,31.6,S
2021-06-09T13:33:04,500.0,31.6,S
2021-06-09T13:33:03,400.0,31.65,B
2021-06-09T13:33:03,500.0,31.6,S
2021-06-09T13:33:01,600.0,31.6,S
2021-06-09T13:33:01,300.0,31.65,B
2021-06-09T13:32:53,400.0,31.6,S
2021-06-09T13:32:52,1000.0,31.65,B
2021-06-09T13:32:51,100.0,31.65,B
2021-06-09T13:32:47,200.0,31.6,S
2021-06-09T13:32:45,2000.0,31.6,S
2021-06-09T13:32:39,200.0,31.6,S
2021-06-09T13:32:37,1200.0,31.65,B
2021-06-09T13:32:37,100.0,31.6,S
2021-06-09T13:32:36,10000.0,31.65,B
2021-06-09T13:32:30,100.0,31.6,S
2021-06-09T13:32:28,5000.0,31.65,B
2021-06-09T13:32:28,600.0,31.6,S
2021-06-09T13:32:25,100.0,31.6,S
2021-06-09T13:32:20,500.0,31.65,B
2021-06-09T13:32:17,3100.0,31.65,B
2021-06-09T13:32:17,100.0,31.6,S
2021-06-09T13:32:17,100.0,31.6,S
2021-06-09T13:32:15,300.0,31.6,S
2021-06-09T13:32:14,400.0,31.6,S
2021-06-09T13:32:03,700.0,31.6,S
2021-06-09T13:32:02,600.0,31.6,S
2021-06-09T13:32:01,500.0,31.6,S
2021-06-09T13:32:00,1400.0,31.6,S
2021-06-09T13:32:00,300.0,31.6,S
2021-06-09T13:31:59,1600.0,31.6,S
2021-06-09T13:31:59,400.0,31.6,S
2021-06-09T13:31:54,300.0,31.6,S
2021-06-09T13:31:53,600.0,31.6,S
2021-06-09T13:31:51,3000.0,31.65,B
2021-06-09T13:31:51,100.0,31.6,S
2021-06-09T13:31:51,3000.0,31.65,B
2021-06-09T13:31:49,2600.0,31.6,S
2021-06-09T13:31:49,500.0,31.6,S
2021-06-09T13:31:48,1000.0,31.6,S
2021-06-09T13:31:48,5700.0,31.6,S
2021-06-09T13:31:47,1900.0,31.6,S
2021-06-09T13:31:47,10000.0,31.6,S
2021-06-09T13:31:42,300.0,31.6,S
2021-06-09T13:31:40,1800.0,31.6,S
2021-06-09T13:31:39,3100.0,31.6,S
2021-06-09T13:31:39,800.0,31.6,S
2021-06-09T13:31:35,200.0,31.6,S
2021-06-09T13:31:33,26600.0,31.65,B
2021-06-09T13:31:32,2000.0,31.65,B
2021-06-09T13:31:32,20500.0,31.65,B
2021-06-09T13:31:32,9700.0,31.65,B
2021-06-09T13:31:25,500.0,31.65,B
2021-06-09T13:31:25,500.0,31.65,B
2021-06-09T13:31:25,500.0,31.65,B
2021-06-09T13:31:24,1000.0,31.6,S
2021-06-09T13:31:24,5000.0,31.65,B
2021-06-09T13:31:24,100.0,31.65,B
2021-06-09T13:31:24,1800.0,31.65,B
2021-06-09T13:31:24,1400.0,31.65,B
2021-06-09T13:31:24,1000.0,31.65,B
2021-06-09T13:31:24,7600.0,31.65,B
2021-06-09T13:31:23,800.0,31.65,B
2021-06-09T13:31:23,500.0,31.65,B
2021-06-09T13:31:23,4900.0,31.65,B
2021-06-09T13:31:23,700.0,31.65,B
2021-06-09T13:31:23,4400.0,31.65,B
2021-06-09T13:31:19,1000.0,31.6,S
2021-06-09T13:31:10,200.0,31.6,S
2021-06-09T13:30:57,1000.0,31.65,B
2021-06-09T13:30:36,200.0,31.6,S
2021-06-09T13:30:28,300.0,31.65,B
2021-06-09T13:30:28,1000.0,31.65,B
2021-06-09T13:30:25,200.0,31.6,S
2021-06-09T13:30:16,1000.0,31.6,S
2021-06-09T13:30:13,300.0,31.6,S
2021-06-09T13:30:07,200.0,31.6,S
2021-06-09T13:30:04,1800.0,31.6,S
2021-06-09T13:30:03,100.0,31.6,S
2021-06-09T13:29:58,100.0,31.6,B
2021-06-09T13:29:57,1000.0,31.6,B
2021-06-09T13:29:57,300.0,31.6,B
2021-06-09T13:29:57,8700.0,31.6,B
2021-06-09T13:29:57,400.0,31.6,B
2021-06-09T13:29:56,100.0,31.55,S
2021-06-09T13:29:55,100.0,31.6,B
2021-06-09T13:29:47,100.0,31.55,S
2021-06-09T13:29:46,900.0,31.6,B
2021-06-09T13:29:44,100.0,31.55,S
2021-06-09T13:29:35,900.0,31.55,S
2021-06-09T13:29:35,200.0,31.55,S
2021-06-09T13:29:34,800.0,31.55,S
2021-06-09T13:29:28,300.0,31.55,S
2021-06-09T13:29:26,300.0,31.6,B
2021-06-09T13:29:26,200.0,31.6,B
2021-06-09T13:29:23,1000.0,31.55,S
2021-06-09T13:29:21,100.0,31.55,S
2021-06-09T13:29:19,1500.0,31.6,B
2021-06-09T13:29:16,100.0,31.6,B
2021-06-09T13:29:15,200.0,31.55,S
2021-06-09T13:29:14,600.0,31.6,B
2021-06-09T13:29:14,4400.0,31.6,B
2021-06-09T13:29:14,800.0,31.55,S
2021-06-09T13:29:12,100.0,31.6,B
2021-06-09T13:29:08,300.0,31.55,S
2021-06-09T13:29:05,100.0,31.55,S
2021-06-09T13:29:05,1100.0,31.55,S
2021-06-09T13:29:04,4000.0,31.55,S
2021-06-09T13:28:58,1500.0,31.6,B
2021-06-09T13:28:56,500.0,31.6,B
2021-06-09T13:28:56,200.0,31.55,S
2021-06-09T13:28:48,1000.0,31.6,B
2021-06-09T13:28:47,100.0,31.55,S
2021-06-09T13:28:44,200.0,31.55,S
2021-06-09T13:28:43,200.0,31.55,S
2021-06-09T13:28:40,300.0,31.55,S
2021-06-09T13:28:38,100.0,31.6,B
2021-06-09T13:28:38,700.0,31.55,S
2021-06-09T13:28:36,1000.0,31.6,B
2021-06-09T13:28:35,1200.0,31.55,S
2021-06-09T13:28:30,1700.0,31.6,B
2021-06-09T13:28:30,3300.0,31.6,B
2021-06-09T13:28:30,400.0,31.6,B
2021-06-09T13:28:28,100.0,31.55,S
2021-06-09T13:28:26,200.0,31.6,B
2021-06-09T13:28:26,100.0,31.6,B
2021-06-09T13:28:26,6100.0,31.6,B
2021-06-09T13:28:22,300.0,31.6,B
2021-06-09T13:28:19,500.0,31.6,B
2021-06-09T13:28:16,20000.0,31.55,S
2021-06-09T13:28:16,1000.0,31.6,B
2021-06-09T13:28:11,400.0,31.55,S
2021-06-09T13:28:10,200.0,31.55,S
2021-06-09T13:27:58,2000.0,31.6,B
2021-06-09T13:27:55,1000.0,31.6,B
2021-06-09T13:27:53,100.0,31.6,B
2021-06-09T13:27:51,100.0,31.55,S
2021-06-09T13:27:38,400.0,31.55,S
2021-06-09T13:27:34,500.0,31.55,S
2021-06-09T13:27:33,100.0,31.6,B
2021-06-09T13:27:32,100.0,31.55,S
2021-06-09T13:27:29,400.0,31.55,S
2021-06-09T13:27:25,2000.0,31.55,S
2021-06-09T13:27:23,100.0,31.6,B
2021-06-09T13:27:21,2500.0,31.55,S
2021-06-09T13:27:20,500.0,31.55,S
2021-06-09T13:27:18,800.0,31.55,S
2021-06-09T13:27:17,1300.0,31.6,B
2021-06-09T13:27:16,200.0,31.55,S
2021-06-09T13:27:15,10000.0,31.6,B
2021-06-09T13:27:12,5700.0,31.6,B
2021-06-09T13:27:11,1200.0,31.6,B
2021-06-09T13:27:11,1200.0,31.6,B
2021-06-09T13:27:11,3300.0,31.6,B
2021-06-09T13:27:11,1100.0,31.6,B
2021-06-09T13:27:11,100.0,31.6,B
2021-06-09T13:27:11,2500.0,31.6,B
2021-06-09T13:27:08,1700.0,31.6,B
2021-06-09T13:27:08,100.0,31.6,B
2021-06-09T13:27:08,2200.0,31.6,B
2021-06-09T13:27:08,1000.0,31.6,B
2021-06-09T13:27:06,100.0,31.55,S
2021-06-09T13:26:59,800.0,31.55,S
2021-06-09T13:26:49,4000.0,31.6,B
2021-06-09T13:26:41,200.0,31.6,B
2021-06-09T13:26:40,100.0,31.55,S
2021-06-09T13:26:39,100.0,31.55,S
2021-06-09T13:26:31,500.0,31.55,S
2021-06-09T13:26:30,600.0,31.55,S
2021-06-09T13:26:21,200.0,31.5,S
2021-06-09T13:26:18,300.0,31.6,B
2021-06-09T13:26:15,300.0,31.5,S
2021-06-09T13:26:11,1000.0,31.5,S
2021-06-09T13:26:07,100.0,31.5,S
2021-06-09T13:26:06,400.0,31.5,S
2021-06-09T13:26:06,1400.0,31.5,S
2021-06-09T13:26:04,5000.0,31.6,B
2021-06-09T13:25:59,800.0,31.5,S
2021-06-09T13:25:59,9200.0,31.5,S
2021-06-09T13:25:54,100.0,31.55,S
2021-06-09T13:25:53,100.0,31.55,S
2021-06-09T13:25:50,20400.0,31.5,S
2021-06-09T13:25:50,5700.0,31.5,S
2021-06-09T13:25:50,6700.0,31.5,S
2021-06-09T13:25:50,400.0,31.5,S
2021-06-09T13:25:48,16800.0,31.5,S
2021-06-09T13:25:46,900.0,31.55,S
2021-06-09T13:25:45,700.0,31.55,S
2021-06-09T13:25:43,200.0,31.55,S
2021-06-09T13:25:35,4500.0,31.55,S
2021-06-09T13:25:33,3900.0,31.55,S
2021-06-09T13:25:33,1400.0,31.55,S
2021-06-09T13:25:26,2600.0,31.6,B
2021-06-09T13:25:26,18100.0,31.6,B
2021-06-09T13:25:26,1800.0,31.6,B
2021-06-09T13:25:26,100.0,31.6,B
2021-06-09T13:25:25,4700.0,31.6,B
2021-06-09T13:25:25,13900.0,31.6,B
2021-06-09T13:25:25,1200.0,31.6,B
2021-06-09T13:25:25,7300.0,31.6,B
2021-06-09T13:25:12,100.0,31.6,B
2021-06-09T13:25:05,400.0,31.55,B
2021-06-09T13:24:55,2100.0,31.55,B
2021-06-09T13:24:48,10000.0,31.6,B
2021-06-09T13:24:47,600.0,31.55,B
2021-06-09T13:24:38,1000.0,31.55,B
2021-06-09T13:24:38,200.0,31.55,B
2021-06-09T13:24:38,1900.0,31.55,B
2021-06-09T13:24:35,100.0,31.5,S
2021-06-09T13:24:35,200.0,31.5,S
2021-06-09T13:24:32,100.0,31.5,S
2021-06-09T13:24:29,100.0,31.5,S
2021-06-09T13:24:27,200.0,31.5,S
2021-06-09T13:24:27,100.0,31.5,S
2021-06-09T13:24:27,5000.0,31.55,B
2021-06-09T13:24:24,200.0,31.55,B
2021-06-09T13:24:23,500.0,31.55,B
2021-06-09T13:24:23,1000.0,31.55,B
2021-06-09T13:24:17,100.0,31.5,S
2021-06-09T13:24:15,500.0,31.5,S
2021-06-09T13:24:11,500.0,31.5,S
2021-06-09T13:24:10,600.0,31.5,S
2021-06-09T13:23:59,600.0,31.5,S
2021-06-09T13:23:57,2500.0,31.55,B
2021-06-09T13:23:52,400.0,31.5,S
2021-06-09T13:23:43,100.0,31.5,S
2021-06-09T13:23:43,100.0,31.5,S
2021-06-09T13:23:43,3200.0,31.5,S
2021-06-09T13:23:36,2200.0,31.55,B
2021-06-09T13:23:30,17400.0,31.55,B
2021-06-09T13:22:52,200.0,31.5,S
2021-06-09T13:22:50,100.0,31.5,S
2021-06-09T13:22:45,100.0,31.55,B
2021-06-09T13:22:44,1000.0,31.55,B
2021-06-09T13:22:42,100.0,31.5,S
2021-06-09T13:22:41,600.0,31.5,S
2021-06-09T13:22:32,600.0,31.5,S
2021-06-09T13:22:31,3000.0,31.55,B
2021-06-09T13:22:22,3000.0,31.55,B
2021-06-09T13:22:12,200.0,31.55,B
2021-06-09T13:22:09,300.0,31.5,S
2021-06-09T13:22:05,100.0,31.5,S
2021-06-09T13:22:03,200.0,31.5,S
2021-06-09T13:21:55,500.0,31.55,B
2021-06-09T13:21:55,100.0,31.5,S
2021-06-09T13:21:54,100.0,31.5,S
2021-06-09T13:21:52,1000.0,31.55,B
2021-06-09T13:21:40,800.0,31.5,S
2021-06-09T13:21:40,900.0,31.5,S
2021-06-09T13:21:38,300.0,31.5,S
2021-06-09T13:21:31,200.0,31.5,S
2021-06-09T13:21:28,1800.0,31.55,B
2021-06-09T13:21:17,1000.0,31.5,S
2021-06-09T13:21:17,300.0,31.5,S
2021-06-09T13:21:06,800.0,31.55,B
2021-06-09T13:21:06,1400.0,31.55,B
2021-06-09T13:21:06,2800.0,31.55,B
2021-06-09T13:21:06,1100.0,31.55,B
2021-06-09T13:21:05,600.0,31.5,S
2021-06-09T13:21:01,100.0,31.5,S
2021-06-09T13:20:55,1000.0,31.55,B
2021-06-09T13:20:55,2000.0,31.55,B
2021-06-09T13:20:50,300.0,31.5,S
2021-06-09T13:20:49,200.0,31.55,B
2021-06-09T13:20:48,100.0,31.55,B
2021-06-09T13:20:43,400.0,31.5,S
2021-06-09T13:20:32,1800.0,31.55,B
2021-06-09T13:20:20,2000.0,31.55,B
2021-06-09T13:20:13,400.0,31.5,S
2021-06-09T13:20:07,300.0,31.55,B
2021-06-09T13:19:58,2000.0,31.55,B
2021-06-09T13:19:47,100.0,31.55,B
2021-06-09T13:19:34,200.0,31.5,S
2021-06-09T13:19:26,1300.0,31.5,S
2021-06-09T13:19:17,1900.0,31.55,B
2021-06-09T13:19:07,100.0,31.55,B
2021-06-09T13:18:47,100.0,31.5,S
2021-06-09T13:18:37,500.0,31.5,S
2021-06-09T13:18:26,1100.0,31.5,S
2021-06-09T13:18:25,200.0,31.5,S
2021-06-09T13:18:25,1200.0,31.5,S
2021-06-09T13:18:23,400.0,31.5,S
2021-06-09T13:18:15,400.0,31.5,S
2021-06-09T13:18:15,2000.0,31.5,S
2021-06-09T13:18:05,2000.0,31.5,S
2021-06-09T13:18:05,7200.0,31.5,S
2021-06-09T13:18:05,1500.0,31.5,S
2021-06-09T13:18:04,1300.0,31.5,S
2021-06-09T13:17:59,100.0,31.55,B
2021-06-09T13:17:55,10000.0,31.55,B
2021-06-09T13:17:54,300.0,31.55,B
2021-06-09T13:17:52,400.0,31.5,S
2021-06-09T13:17:47,100.0,31.5,S
2021-06-09T13:17:42,100.0,31.5,S
2021-06-09T13:17:37,600.0,31.5,S
2021-06-09T13:17:30,600.0,31.5,S
2021-06-09T13:17:27,3000.0,31.55,B
2021-06-09T13:17:21,100.0,31.5,S
2021-06-09T13:17:20,3000.0,31.55,B
2021-06-09T13:17:19,100.0,31.5,S
2021-06-09T13:17:08,500.0,31.5,S
2021-06-09T13:17:01,400.0,31.55,B
2021-06-09T13:16:52,200.0,31.5,S
2021-06-09T13:16:39,1000.0,31.55,B
2021-06-09T13:16:36,100.0,31.5,S
2021-06-09T13:16:23,500.0,31.55,B
2021-06-09T13:16:22,100.0,31.55,B
2021-06-09T13:16:08,400.0,31.5,S
2021-06-09T13:15:59,2000.0,31.5,S
2021-06-09T13:15:51,200.0,31.55,B
2021-06-09T13:15:47,400.0,31.5,S
2021-06-09T13:15:38,2000.0,31.55,B
2021-06-09T13:15:28,100.0,31.5,S
2021-06-09T13:15:18,500.0,31.55,B
2021-06-09T13:15:01,400.0,31.5,S
2021-06-09T13:14:58,200.0,31.55,B
2021-06-09T13:14:57,100.0,31.55,B
2021-06-09T13:14:52,2000.0,31.55,B
2021-06-09T13:14:34,200.0,31.5,S
2021-06-09T13:14:25,1400.0,31.5,S
2021-06-09T13:14:15,5300.0,31.55,B
2021-06-09T13:14:15,1700.0,31.5,S
2021-06-09T13:14:13,100.0,31.5,S
2021-06-09T13:14:06,8500.0,31.55,B
2021-06-09T13:14:04,500.0,31.5,S
2021-06-09T13:14:00,300.0,31.55,B
2021-06-09T13:13:52,200.0,31.5,S
2021-06-09T13:13:47,200.0,31.55,B
2021-06-09T13:13:44,1200.0,31.5,S
2021-06-09T13:13:43,200.0,31.55,B
2021-06-09T13:13:36,5000.0,31.5,S
2021-06-09T13:13:32,200.0,31.5,S
2021-06-09T13:13:23,1400.0,31.5,S
2021-06-09T13:13:22,100.0,31.55,B
2021-06-09T13:13:18,100.0,31.5,S
2021-06-09T13:13:13,7000.0,31.55,B
2021-06-09T13:13:08,500.0,31.55,B
2021-06-09T13:13:03,100.0,31.55,B
2021-06-09T13:13:01,400.0,31.5,S
2021-06-09T13:12:52,100.0,31.5,S
2021-06-09T13:12:48,200.0,31.55,B
2021-06-09T13:12:47,200.0,31.55,B
2021-06-09T13:12:46,2400.0,31.55,B
2021-06-09T13:12:42,300.0,31.5,S
2021-06-09T13:12:40,700.0,31.5,S
2021-06-09T13:12:37,200.0,31.55,B
2021-06-09T13:12:36,200.0,31.55,B
2021-06-09T13:12:32,100.0,31.5,S
2021-06-09T13:12:30,1900.0,31.5,S
2021-06-09T13:12:30,3800.0,31.5,S
2021-06-09T13:12:25,100.0,31.55,B
2021-06-09T13:12:24,200.0,31.55,B
2021-06-09T13:12:24,500.0,31.55,B
2021-06-09T13:12:23,900.0,31.55,B
2021-06-09T13:12:23,100.0,31.55,B
2021-06-09T13:12:23,200.0,31.55,B
2021-06-09T13:12:23,5300.0,31.55,B
2021-06-09T13:12:23,400.0,31.55,B
2021-06-09T13:12:23,800.0,31.55,B
2021-06-09T13:12:23,200.0,31.55,B
2021-06-09T13:12:23,2000.0,31.55,B
2021-06-09T13:12:22,14200.0,31.55,B
2021-06-09T13:12:22,5100.0,31.55,B
2021-06-09T13:11:54,100.0,31.55,B
2021-06-09T13:11:51,200.0,31.55,B
2021-06-09T13:11:49,100.0,31.5,S
2021-06-09T13:11:45,100.0,31.55,B
2021-06-09T13:11:40,400.0,31.5,S
2021-06-09T13:11:40,100.0,31.5,S
2021-06-09T13:11:39,100.0,31.55,B
2021-06-09T13:11:37,200.0,31.55,B
2021-06-09T13:11:35,200.0,31.5,S
2021-06-09T13:11:33,2200.0,31.5,S
2021-06-09T13:11:32,600.0,31.5,S
2021-06-09T13:11:27,1000.0,31.5,S
2021-06-09T13:11:26,100.0,31.55,B
2021-06-09T13:11:24,1300.0,31.55,B
2021-06-09T13:11:24,1000.0,31.55,B
2021-06-09T13:11:24,2900.0,31.55,B
2021-06-09T13:11:24,5800.0,31.55,B
2021-06-09T13:11:24,3000.0,31.5,S
2021-06-09T13:11:19,200.0,31.5,S
2021-06-09T13:11:11,1000.0,31.5,S
2021-06-09T13:11:09,100.0,31.5,S
2021-06-09T13:11:05,100.0,31.5,S
2021-06-09T13:11:02,200.0,31.5,S
2021-06-09T13:11:00,600.0,31.5,S
2021-06-09T13:10:56,300.0,31.5,S
2021-06-09T13:10:56,400.0,31.5,S
2021-06-09T13:10:54,1000.0,31.5,S
2021-06-09T13:10:52,3000.0,31.55,B
2021-06-09T13:10:48,2000.0,31.5,S
2021-06-09T13:10:48,100.0,31.5,S
2021-06-09T13:10:45,5000.0,31.5,S
2021-06-09T13:10:39,300.0,31.5,S
2021-06-09T13:10:39,10000.0,31.55,B
2021-06-09T13:10:35,200.0,31.5,S
2021-06-09T13:10:30,1500.0,31.5,S
2021-06-09T13:10:27,1400.0,31.5,S
2021-06-09T13:10:25,100.0,31.5,S
2021-06-09T13:10:22,400.0,31.5,S
2021-06-09T13:10:15,600.0,31.5,S
2021-06-09T13:10:12,2200.0,31.5,S
2021-06-09T13:10:07,3300.0,31.5,B
2021-06-09T13:10:05,200.0,31.45,S
2021-06-09T13:10:04,11000.0,31.5,B
2021-06-09T13:09:47,200.0,31.45,S
2021-06-09T13:09:39,100.0,31.5,B
2021-06-09T13:09:39,1000.0,31.45,S
2021-06-09T13:09:37,200.0,31.5,B
2021-06-09T13:09:37,100.0,31.45,S
2021-06-09T13:09:34,200.0,31.45,S
2021-06-09T13:09:34,300.0,31.45,S
2021-06-09T13:09:31,100.0,31.45,S
2021-06-09T13:09:29,300.0,31.5,B
2021-06-09T13:09:29,5000.0,31.5,B
2021-06-09T13:09:28,600.0,31.45,S
2021-06-09T13:09:24,1200.0,31.45,S
2021-06-09T13:09:22,1900.0,31.45,S
2021-06-09T13:09:20,100.0,31.45,S
2021-06-09T13:09:19,400.0,31.45,S
2021-06-09T13:09:15,3200.0,31.5,B
2021-06-09T13:09:12,1100.0,31.5,B
2021-06-09T13:09:07,800.0,31.45,S
2021-06-09T13:09:07,2000.0,31.45,S
2021-06-09T13:08:55,4000.0,31.45,S
2021-06-09T13:08:54,10000.0,31.5,B
2021-06-09T13:08:46,20000.0,31.5,B
2021-06-09T13:08:46,100.0,31.45,S
2021-06-09T13:08:41,400.0,31.45,S
2021-06-09T13:08:38,200.0,31.45,S
2021-06-09T13:08:35,100.0,31.45,S
2021-06-09T13:08:35,400.0,31.45,S
2021-06-09T13:08:32,2000.0,31.45,S
2021-06-09T13:08:30,1100.0,31.45,S
2021-06-09T13:08:29,800.0,31.45,S
2021-06-09T13:08:28,2000.0,31.45,S
2021-06-09T13:08:26,400.0,31.45,S
2021-06-09T13:08:24,10000.0,31.5,B
2021-06-09T13:08:24,300.0,31.45,S
2021-06-09T13:08:22,5900.0,31.45,S
2021-06-09T13:08:22,4300.0,31.45,S
2021-06-09T13:08:20,10000.0,31.5,B
2021-06-09T13:08:18,2400.0,31.45,S
2021-06-09T13:08:18,300.0,31.45,S
2021-06-09T13:08:16,1500.0,31.45,S
2021-06-09T13:08:14,2600.0,31.5,B
2021-06-09T13:08:14,5400.0,31.5,B
2021-06-09T13:08:14,100.0,31.5,B
2021-06-09T13:08:14,21600.0,31.5,B
2021-06-09T13:08:14,1400.0,31.45,S
2021-06-09T13:08:14,19300.0,31.5,B
2021-06-09T13:08:14,700.0,31.5,B
2021-06-09T13:08:13,400.0,31.45,S
2021-06-09T13:08:09,300.0,31.5,B
2021-06-09T13:08:09,2200.0,31.5,B
2021-06-09T13:08:09,6000.0,31.5,B
2021-06-09T13:08:08,2000.0,31.5,B
2021-06-09T13:08:08,500.0,31.5,B
2021-06-09T13:08:08,1400.0,31.45,S
2021-06-09T13:08:04,2200.0,31.5,B
2021-06-09T13:07:59,400.0,31.45,S
2021-06-09T13:07:57,7400.0,31.5,B
2021-06-09T13:07:52,400.0,31.45,S
2021-06-09T13:07:51,2000.0,31.45,S
2021-06-09T13:07:44,2000.0,31.45,S
2021-06-09T13:07:43,600.0,31.5,B
2021-06-09T13:07:43,9400.0,31.5,B
2021-06-09T13:07:33,200.0,31.45,S
2021-06-09T13:07:33,10000.0,31.45,S
2021-06-09T13:07:31,200.0,31.5,B
2021-06-09T13:07:27,400.0,31.45,S
2021-06-09T13:07:26,1000.0,31.5,B
2021-06-09T13:07:23,200.0,31.45,S
2021-06-09T13:07:19,2000.0,31.45,S
2021-06-09T13:07:16,300.0,31.45,S
2021-06-09T13:07:14,1000.0,31.45,S
2021-06-09T13:07:11,10000.0,31.5,B
2021-06-09T13:07:08,600.0,31.45,S
2021-06-09T13:07:08,1000.0,31.45,S
2021-06-09T13:07:06,2200.0,31.45,S
2021-06-09T13:07:06,3000.0,31.5,B
2021-06-09T13:07:04,200.0,31.45,S
2021-06-09T13:07:00,3000.0,31.5,B
2021-06-09T13:06:58,1400.0,31.5,B
2021-06-09T13:06:58,7200.0,31.5,B
2021-06-09T13:06:58,2400.0,31.5,B
2021-06-09T13:06:56,1000.0,31.5,B
2021-06-09T13:06:50,100.0,31.45,S
2021-06-09T13:06:41,500.0,31.45,S
2021-06-09T13:06:34,2500.0,31.45,S
2021-06-09T13:06:26,12500.0,31.45,S
2021-06-09T13:06:18,50000.0,31.45,B
2021-06-09T13:06:18,12900.0,31.45,B
2021-06-09T13:06:16,100.0,31.4,S
2021-06-09T13:06:09,500.0,31.4,S
2021-06-09T13:06:06,200.0,31.4,S
2021-06-09T13:06:01,2600.0,31.4,S
2021-06-09T13:05:58,1000.0,31.4,S
2021-06-09T13:05:53,9400.0,31.45,B
2021-06-09T13:05:53,1300.0,31.45,B
2021-06-09T13:05:53,2500.0,31.45,B
2021-06-09T13:05:49,100.0,31.4,S
2021-06-09T13:05:42,200.0,31.4,S
2021-06-09T13:05:39,600.0,31.4,S
2021-06-09T13:05:32,1000.0,31.4,S
2021-06-09T13:05:23,200.0,31.45,B
2021-06-09T13:05:09,300.0,31.4,S
2021-06-09T13:05:00,1700.0,31.4,S
2021-06-09T13:04:54,100.0,31.4,S
2021-06-09T13:04:47,600.0,31.4,S
2021-06-09T13:04:47,100.0,31.4,S
2021-06-09T13:04:39,3000.0,31.4,S
2021-06-09T13:04:12,100.0,31.4,S
2021-06-09T13:03:49,100.0,31.4,S
2021-06-09T13:03:42,500.0,31.45,B
2021-06-09T13:03:30,400.0,31.4,S
2021-06-09T13:03:22,2200.0,31.45,B
2021-06-09T13:03:10,300.0,31.45,B
2021-06-09T13:03:01,100.0,31.4,S
2021-06-09T13:02:54,500.0,31.4,S
2021-06-09T13:02:47,2500.0,31.45,B
2021-06-09T13:02:18,200.0,31.4,B
2021-06-09T13:02:15,100.0,31.4,B
2021-06-09T13:02:10,1300.0,31.4,B
2021-06-09T13:02:09,800.0,31.4,B
2021-06-09T13:01:59,2600.0,31.4,B
2021-06-09T13:01:58,100.0,31.4,B
2021-06-09T13:01:58,100.0,31.4,B
2021-06-09T13:01:58,4000.0,31.4,B
2021-06-09T13:01:56,4000.0,31.3,S
2021-06-09T13:01:48,100.0,31.35,S
2021-06-09T13:01:41,2000.0,31.35,S
2021-06-09T13:01:38,1400.0,31.4,B
2021-06-09T13:01:38,18600.0,31.4,B
2021-06-09T13:01:24,500.0,31.35,S
2021-06-09T13:01:14,300.0,31.4,B
2021-06-09T13:01:13,8100.0,31.35,S
2021-06-09T13:01:13,2200.0,31.35,S
2021-06-09T13:00:51,100.0,31.35,S
2021-06-09T13:00:42,600.0,31.35,S
2021-06-09T13:00:32,3000.0,31.35,S
2021-06-09T13:00:30,400.0,31.35,S
2021-06-09T13:00:28,100.0,31.35,S
2021-06-09T13:00:28,1000.0,31.35,S
2021-06-09T13:00:26,200.0,31.35,S
2021-06-09T13:00:26,1000.0,31.35,S
2021-06-09T13:00:24,200.0,31.35,S
2021-06-09T13:00:24,300.0,31.4,B
2021-06-09T13:00:24,100.0,31.35,S
2021-06-09T13:00:22,200.0,31.35,S
2021-06-09T13:00:16,300.0,31.4,B
2021-06-09T13:00:16,1000.0,31.35,S
2021-06-09T13:00:15,100.0,31.35,S
2021-06-09T13:00:15,300.0,31.35,S
2021-06-09T11:30:09,1000.0,31.35,S
2021-06-09T11:30:04,200.0,31.35,S
2021-06-09T11:30:04,2800.0,31.35,S
2021-06-09T11:29:54,400.0,31.35,S
2021-06-09T11:29:51,2400.0,31.35,S
2021-06-09T11:29:45,12000.0,31.35,S
2021-06-09T11:29:37,300.0,31.4,B
2021-06-09T11:29:23,100.0,31.35,S
2021-06-09T11:29:17,100.0,31.35,S
2021-06-09T11:29:14,200.0,31.35,S
2021-06-09T11:29:07,500.0,31.4,B
2021-06-09T11:29:05,1100.0,31.4,B
2021-06-09T11:29:04,100.0,31.4,B
2021-06-09T11:28:49,100.0,31.4,B
2021-06-09T11:28:34,100.0,31.4,B
2021-06-09T11:26:24,300.0,31.4,B
2021-06-09T11:26:17,100.0,31.35,S
2021-06-09T11:25:56,200.0,31.35,S
2021-06-09T11:25:56,100.0,31.4,B
2021-06-09T11:25:55,100.0,31.4,B
2021-06-09T11:25:34,100.0,31.4,B
2021-06-09T11:25:25,300.0,31.35,S
2021-06-09T11:25:14,1600.0,31.35,S
2021-06-09T11:25:07,8400.0,31.35,S
2021-06-09T11:24:58,26500.0,31.3,S
2021-06-09T11:24:58,2500.0,31.3,S
2021-06-09T11:24:58,11000.0,31.3,S
2021-06-09T11:24:58,2000.0,31.3,S
2021-06-09T11:24:56,200.0,31.3,S
2021-06-09T11:24:56,100.0,31.3,S
2021-06-09T11:24:48,700.0,31.3,S
2021-06-09T11:24:48,600.0,31.3,S
2021-06-09T11:24:47,100.0,31.3,S
2021-06-09T11:24:47,600.0,31.3,S
2021-06-09T11:24:45,200.0,31.3,S
2021-06-09T11:24:36,300.0,31.3,S
2021-06-09T11:24:35,100.0,31.3,S
2021-06-09T11:24:34,300.0,31.3,S
2021-06-09T11:24:25,200.0,31.3,S
2021-06-09T11:24:25,100.0,31.4,B
2021-06-09T11:24:24,100.0,31.4,B
2021-06-09T11:24:21,100.0,31.35,S
2021-06-09T11:24:21,1300.0,31.3,S
2021-06-09T11:24:21,400.0,31.3,S
2021-06-09T11:24:20,600.0,31.3,S
2021-06-09T11:24:19,1800.0,31.3,S
2021-06-09T11:24:18,400.0,31.3,S
2021-06-09T11:24:13,600.0,31.45,B
2021-06-09T11:24:13,1000.0,31.4,B
2021-06-09T11:24:12,600.0,31.4,B
2021-06-09T11:24:08,400.0,31.3,S
2021-06-09T11:24:08,500.0,31.3,S
2021-06-09T11:24:08,2500.0,31.3,S
2021-06-09T11:24:07,800.0,31.3,S
2021-06-09T11:24:07,2500.0,31.3,S
2021-06-09T11:24:07,1800.0,31.3,S
2021-06-09T11:24:07,100.0,31.3,S
2021-06-09T11:24:07,3000.0,31.3,S
2021-06-09T11:24:07,1000.0,31.3,S
2021-06-09T11:24:06,1800.0,31.3,S
2021-06-09T11:24:06,200.0,31.35,S
2021-06-09T11:24:06,400.0,31.35,S
2021-06-09T11:24:01,100.0,31.35,S
2021-06-09T11:23:49,700.0,31.35,S
2021-06-09T11:23:40,3800.0,31.35,B
2021-06-09T11:23:39,100.0,31.3,S
2021-06-09T11:23:37,400.0,31.3,S
2021-06-09T11:23:36,100.0,31.3,S
2021-06-09T11:23:31,800.0,31.35,B
2021-06-09T11:23:28,2000.0,31.3,S
2021-06-09T11:23:27,700.0,31.3,S
2021-06-09T11:23:20,10000.0,31.35,B
2021-06-09T11:23:19,3800.0,31.3,S
2021-06-09T11:23:12,100.0,31.3,S
2021-06-09T11:23:10,19000.0,31.35,B
2021-06-09T11:23:04,700.0,31.35,B
2021-06-09T11:22:41,200.0,31.35,B
2021-06-09T11:22:14,200.0,31.35,B
2021-06-09T11:22:09,300.0,31.35,B
2021-06-09T11:22:07,100.0,31.3,S
2021-06-09T11:22:00,500.0,31.3,S
2021-06-09T11:21:32,300.0,31.3,S
2021-06-09T11:21:21,1500.0,31.3,S
2021-06-09T11:21:20,200.0,31.3,S
2021-06-09T11:21:11,200.0,31.35,S
2021-06-09T11:21:09,1000.0,31.3,S
2021-06-09T11:21:07,100.0,31.3,S
2021-06-09T11:20:56,600.0,31.35,S
2021-06-09T11:20:49,200.0,31.35,S
2021-06-09T11:20:30,100.0,31.3,S
2021-06-09T11:20:23,400.0,31.3,S
2021-06-09T11:20:15,300.0,31.3,S
2021-06-09T11:20:14,100.0,31.45,S
2021-06-09T11:20:13,200.0,31.45,S
2021-06-09T11:20:13,100.0,31.3,S
2021-06-09T11:20:11,200.0,31.3,S
2021-06-09T11:20:11,100.0,31.3,S
2021-06-09T11:20:10,500.0,31.3,S
2021-06-09T11:20:08,200.0,31.3,S
2021-06-09T11:20:05,2000.0,31.35,S
2021-06-09T11:19:59,1500.0,31.35,S
2021-06-09T11:19:57,500.0,31.4,S
2021-06-09T11:19:52,1000.0,31.3,S
2021-06-09T11:19:52,500.0,31.3,S
2021-06-09T11:19:52,2500.0,31.3,S
2021-06-09T11:19:49,100.0,31.35,S
2021-06-09T11:19:49,400.0,31.35,S
2021-06-09T11:19:49,300.0,31.35,S
2021-06-09T11:19:49,100.0,31.35,S
2021-06-09T11:19:49,100.0,31.35,S
2021-06-09T11:19:46,200.0,31.35,S
2021-06-09T11:19:33,200.0,31.4,S
2021-06-09T11:19:31,200.0,31.35,S
2021-06-09T11:19:30,200.0,31.35,S
2021-06-09T11:19:29,300.0,31.4,S
2021-06-09T11:19:27,500.0,31.35,S
2021-06-09T11:19:27,100.0,31.35,S
2021-06-09T11:19:27,100.0,31.35,S
2021-06-09T11:19:27,6500.0,31.35,S
2021-06-09T11:19:27,300.0,31.35,S
2021-06-09T11:19:26,12500.0,31.35,S
2021-06-09T11:19:25,800.0,31.4,S
2021-06-09T11:19:24,4000.0,31.35,S
2021-06-09T11:19:19,1100.0,31.35,S
2021-06-09T11:19:04,1100.0,31.35,S
2021-06-09T11:19:03,1100.0,31.35,S
2021-06-09T11:18:54,4000.0,31.35,S
2021-06-09T11:18:53,7500.0,31.4,S
2021-06-09T11:18:53,2600.0,31.45,S
2021-06-09T11:18:53,9900.0,31.45,S
2021-06-09T11:18:46,400.0,31.45,S
2021-06-09T11:18:43,100.0,31.45,S
2021-06-09T11:18:41,200.0,31.45,S
2021-06-09T11:18:40,200.0,31.45,S
2021-06-09T11:18:35,100.0,31.45,S
2021-06-09T11:18:34,5500.0,31.45,S
2021-06-09T11:18:27,200.0,31.5,B
2021-06-09T11:18:25,20000.0,31.45,S
2021-06-09T11:18:16,2100.0,31.45,S
2021-06-09T11:18:09,300.0,31.5,B
2021-06-09T11:18:08,100.0,31.45,S
2021-06-09T11:18:07,1000.0,31.45,S
2021-06-09T11:18:06,100.0,31.45,S
2021-06-09T11:18:05,100.0,31.45,S
2021-06-09T11:18:04,100.0,31.45,S
2021-06-09T11:18:04,1000.0,31.45,S
2021-06-09T11:18:01,100.0,31.5,B
2021-06-09T11:17:53,200.0,31.45,S
2021-06-09T11:17:47,400.0,31.5,B
2021-06-09T11:17:38,600.0,31.5,B
2021-06-09T11:17:38,200.0,31.45,S
2021-06-09T11:17:38,10000.0,31.45,S
2021-06-09T11:17:25,500.0,31.5,S
2021-06-09T11:17:23,1000.0,31.45,S
2021-06-09T11:17:08,1000.0,31.45,S
2021-06-09T11:17:08,200.0,31.45,S
2021-06-09T11:16:55,1000.0,31.45,S
2021-06-09T11:16:32,300.0,31.5,S
2021-06-09T11:16:30,100.0,31.5,S
2021-06-09T11:16:25,400.0,31.45,S
2021-06-09T11:16:24,200.0,31.45,S
2021-06-09T11:16:23,200.0,31.45,S
2021-06-09T11:16:22,200.0,31.5,S
2021-06-09T11:16:18,300.0,31.45,S
2021-06-09T11:16:17,200.0,31.45,S
2021-06-09T11:16:17,1000.0,31.45,S
2021-06-09T11:16:08,100.0,31.45,S
2021-06-09T11:16:08,300.0,31.45,S
2021-06-09T11:16:06,100.0,31.35,S
2021-06-09T11:16:00,100.0,31.35,S
2021-06-09T11:15:57,100.0,31.35,S
2021-06-09T11:15:56,200.0,31.35,S
2021-06-09T11:15:54,2000.0,31.35,S
2021-06-09T11:15:53,1100.0,31.35,S
2021-06-09T11:15:51,1000.0,31.5,S
2021-06-09T11:15:48,500.0,31.5,S
2021-06-09T11:15:48,1300.0,31.35,S
2021-06-09T11:15:47,100.0,31.35,S
2021-06-09T11:15:47,1000.0,31.5,S
2021-06-09T11:15:38,100.0,31.35,S
2021-06-09T11:15:36,400.0,31.35,S
2021-06-09T11:15:36,100.0,31.35,S
2021-06-09T11:15:35,1500.0,31.35,S
2021-06-09T11:15:33,100.0,31.4,S
2021-06-09T11:15:32,900.0,31.5,S
2021-06-09T11:15:31,400.0,31.5,S
2021-06-09T11:15:28,200.0,31.55,B
2021-06-09T11:15:26,400.0,31.5,S
2021-06-09T11:15:23,600.0,31.5,S
2021-06-09T11:15:20,100.0,31.5,S
2021-06-09T11:15:18,300.0,31.55,B
2021-06-09T11:15:18,600.0,31.5,S
2021-06-09T11:15:17,100.0,31.5,S
2021-06-09T11:15:17,1000.0,31.5,S
2021-06-09T11:15:11,5800.0,31.5,S
2021-06-09T11:15:11,200.0,31.35,S
2021-06-09T11:15:09,200.0,31.35,S
2021-06-09T11:15:08,200.0,31.35,S
2021-06-09T11:15:06,2000.0,31.35,S
2021-06-09T11:15:05,4900.0,31.5,S
2021-06-09T11:15:04,700.0,31.5,S
2021-06-09T11:15:01,100.0,31.5,S
2021-06-09T11:14:59,100.0,31.5,S
2021-06-09T11:14:53,600.0,31.5,S
2021-06-09T11:14:50,10000.0,31.5,S
2021-06-09T11:14:48,600.0,31.5,S
2021-06-09T11:14:45,2000.0,31.5,S
2021-06-09T11:14:42,700.0,31.5,S
2021-06-09T11:14:39,2200.0,31.5,S
2021-06-09T11:14:38,100.0,31.5,S
2021-06-09T11:14:37,100.0,31.5,S
2021-06-09T11:14:35,300.0,31.55,B
2021-06-09T11:14:30,1000.0,31.5,S
2021-06-09T11:14:30,2000.0,31.5,S
2021-06-09T11:14:27,100.0,31.5,S
2021-06-09T11:14:25,100.0,31.5,S
2021-06-09T11:14:23,1000.0,31.5,S
2021-06-09T11:14:20,1100.0,31.5,S
2021-06-09T11:14:20,100.0,31.5,S
2021-06-09T11:14:20,500.0,31.5,S
2021-06-09T11:14:18,200.0,31.5,S
2021-06-09T11:14:17,10000.0,31.5,S
2021-06-09T11:14:14,100.0,31.5,S
2021-06-09T11:14:13,2000.0,31.5,S
2021-06-09T11:14:12,800.0,31.5,S
2021-06-09T11:14:07,100.0,31.5,S
2021-06-09T11:13:59,100.0,31.5,S
2021-06-09T11:13:57,3000.0,31.5,S
2021-06-09T11:13:54,300.0,31.55,B
2021-06-09T11:13:48,100.0,31.5,S
2021-06-09T11:13:46,900.0,31.5,S
2021-06-09T11:13:37,200.0,31.5,S
2021-06-09T11:13:34,800.0,31.5,S
2021-06-09T11:13:31,500.0,31.5,S
2021-06-09T11:13:26,4100.0,31.5,S
2021-06-09T11:13:26,1000.0,31.5,S
2021-06-09T11:13:26,200.0,31.5,S
2021-06-09T11:13:25,600.0,31.5,S
2021-06-09T11:13:22,1100.0,31.5,S
2021-06-09T11:13:16,10000.0,31.5,S
2021-06-09T11:13:05,500.0,31.5,S
2021-06-09T11:13:03,200.0,31.5,S
2021-06-09T11:12:51,4800.0,31.5,S
2021-06-09T11:12:50,100.0,31.5,S
2021-06-09T11:12:36,4200.0,31.5,S
2021-06-09T11:12:34,300.0,31.5,S
2021-06-09T11:12:33,12000.0,31.5,S
2021-06-09T11:12:33,1200.0,31.5,S
2021-06-09T11:12:33,7300.0,31.5,S
2021-06-09T11:12:32,800.0,31.35,S
2021-06-09T11:12:32,200.0,31.35,S
2021-06-09T11:12:31,1600.0,31.35,S
2021-06-09T11:12:24,100.0,31.35,S
2021-06-09T11:12:24,100.0,31.45,S
2021-06-09T11:12:20,200.0,31.45,S
2021-06-09T11:12:19,200.0,31.35,S
2021-06-09T11:12:17,2700.0,31.35,S
2021-06-09T11:12:16,1100.0,31.4,S
2021-06-09T11:12:15,24000.0,31.5,S
2021-06-09T11:12:14,500.0,31.5,S
2021-06-09T11:12:14,200.0,31.5,S
2021-06-09T11:12:12,100.0,31.5,S
2021-06-09T11:12:12,200.0,31.4,S
2021-06-09T11:12:11,100.0,31.4,S
2021-06-09T11:12:07,4600.0,31.4,S
2021-06-09T11:12:07,3000.0,31.4,S
2021-06-09T11:12:07,800.0,31.4,S
2021-06-09T11:12:07,100.0,31.4,S
2021-06-09T11:12:07,1200.0,31.4,S
2021-06-09T11:12:07,500.0,31.4,S
2021-06-09T11:12:07,200.0,31.4,S
2021-06-09T11:12:07,2100.0,31.4,S
2021-06-09T11:12:07,4100.0,31.4,S
2021-06-09T11:12:07,4400.0,31.4,S
2021-06-09T11:12:02,300.0,31.5,S
2021-06-09T11:12:02,100.0,31.45,S
2021-06-09T11:11:55,100.0,31.45,S
2021-06-09T11:11:54,200.0,31.45,S
2021-06-09T11:11:53,1200.0,31.45,S
2021-06-09T11:11:45,1100.0,31.45,S
2021-06-09T11:11:44,400.0,31.5,S
2021-06-09T11:11:41,13700.0,31.5,S
2021-06-09T11:11:41,400.0,31.45,S
2021-06-09T11:11:36,1100.0,31.45,S
2021-06-09T11:11:36,800.0,31.45,S
2021-06-09T11:11:30,200.0,31.45,S
2021-06-09T11:11:30,100.0,31.45,S
2021-06-09T11:11:30,300.0,31.45,S
2021-06-09T11:11:28,100.0,31.45,S
2021-06-09T11:11:27,300.0,31.45,S
2021-06-09T11:11:27,100.0,31.45,S
2021-06-09T11:11:27,200.0,31.45,S
2021-06-09T11:11:26,200.0,31.45,S
2021-06-09T11:11:23,800.0,31.45,S
2021-06-09T11:11:22,1100.0,31.45,S
2021-06-09T11:11:20,6400.0,31.5,S
2021-06-09T11:11:07,100.0,31.5,S
2021-06-09T11:11:04,100.0,31.55,B
2021-06-09T11:11:04,2000.0,31.5,S
2021-06-09T11:11:03,200.0,31.5,S
2021-06-09T11:11:02,300.0,31.5,S
2021-06-09T11:10:59,100.0,31.5,S
2021-06-09T11:10:57,100.0,31.55,B
2021-06-09T11:10:57,100.0,31.55,B
2021-06-09T11:10:54,1600.0,31.5,S
2021-06-09T11:10:52,2000.0,31.5,S
2021-06-09T11:10:50,1100.0,31.5,S
2021-06-09T11:10:50,500.0,31.5,S
2021-06-09T11:10:49,1000.0,31.5,S
2021-06-09T11:10:46,4000.0,31.5,S
2021-06-09T11:10:43,400.0,31.55,B
2021-06-09T11:10:39,300.0,31.55,B
2021-06-09T11:10:33,300.0,31.55,B
2021-06-09T11:10:29,100.0,31.5,S
2021-06-09T11:10:29,200.0,31.5,S
2021-06-09T11:10:26,1100.0,31.5,S
2021-06-09T11:10:17,200.0,31.55,B
2021-06-09T11:10:16,200.0,31.55,B
2021-06-09T11:10:16,7900.0,31.5,S
2021-06-09T11:10:15,300.0,31.55,B
2021-06-09T11:10:07,20000.0,31.5,S
2021-06-09T11:10:04,1900.0,31.5,S
2021-06-09T11:09:50,500.0,31.55,B
2021-06-09T11:09:47,1100.0,31.5,S
2021-06-09T11:09:42,100.0,31.5,S
2021-06-09T11:09:37,100.0,31.5,S
2021-06-09T11:09:31,200.0,31.5,S
2021-06-09T11:09:28,14000.0,31.5,S
2021-06-09T11:09:28,1300.0,31.5,S
2021-06-09T11:09:28,19500.0,31.5,S
2021-06-09T11:09:28,1900.0,31.5,S
2021-06-09T11:09:27,3100.0,31.5,S
2021-06-09T11:09:24,100.0,31.5,S
2021-06-09T11:09:20,200.0,31.5,S
2021-06-09T11:09:18,300.0,31.5,S
2021-06-09T11:08:58,200.0,31.55,B
2021-06-09T11:08:58,300.0,31.55,B
2021-06-09T11:08:58,200.0,31.5,S
2021-06-09T11:08:54,600.0,31.5,S
2021-06-09T11:08:43,200.0,31.5,B
2021-06-09T11:08:41,1100.0,31.5,B
2021-06-09T11:08:39,1600.0,31.5,B
2021-06-09T11:08:32,300.0,31.5,B
2021-06-09T11:08:31,100.0,31.5,B
2021-06-09T11:08:28,1000.0,31.5,B
2021-06-09T11:08:27,100.0,31.5,B
2021-06-09T11:08:26,200.0,31.5,B
2021-06-09T11:08:25,3000.0,31.5,B
2021-06-09T11:08:24,200.0,31.5,B
2021-06-09T11:08:23,300.0,31.5,B
2021-06-09T11:08:10,300.0,31.5,B
2021-06-09T11:07:58,100.0,31.5,B
2021-06-09T11:07:57,400.0,31.5,B
2021-06-09T11:07:56,100.0,31.5,B
2021-06-09T11:07:53,5000.0,31.5,B
2021-06-09T11:07:51,1000.0,31.5,B
2021-06-09T11:07:50,1000.0,31.5,B
2021-06-09T11:07:50,100.0,31.5,B
2021-06-09T11:07:50,1800.0,31.5,B
2021-06-09T11:07:50,1500.0,31.5,B
2021-06-09T11:07:50,400.0,31.5,B
2021-06-09T11:07:50,900.0,31.5,B
2021-06-09T11:07:50,1100.0,31.5,B
2021-06-09T11:07:49,7500.0,31.5,B
2021-06-09T11:07:49,400.0,31.5,B
2021-06-09T11:07:49,400.0,31.5,B
2021-06-09T11:07:49,1400.0,31.5,B
2021-06-09T11:07:48,1900.0,31.45,S
2021-06-09T11:07:46,200.0,31.45,S
2021-06-09T11:07:41,300.0,31.5,B
2021-06-09T11:07:31,900.0,31.45,S
2021-06-09T11:07:31,900.0,31.45,S
2021-06-09T11:07:18,400.0,31.45,S
2021-06-09T11:07:13,800.0,31.45,S
2021-06-09T11:07:11,2000.0,31.5,B
2021-06-09T11:07:10,500.0,31.5,B
2021-06-09T11:07:09,300.0,31.45,S
2021-06-09T11:07:01,1000.0,31.45,S
2021-06-09T11:07:00,100.0,31.5,B
2021-06-09T11:06:49,100.0,31.45,S
2021-06-09T11:06:46,200.0,31.45,S
2021-06-09T11:06:45,2200.0,31.45,S
2021-06-09T11:06:39,4400.0,31.45,S
2021-06-09T11:06:33,1500.0,31.45,S
2021-06-09T11:06:33,100.0,31.5,B
2021-06-09T11:06:25,5000.0,31.45,S
2021-06-09T11:06:24,200.0,31.45,S
2021-06-09T11:06:17,200.0,31.45,S
2021-06-09T11:06:16,100.0,31.5,B
2021-06-09T11:06:12,500.0,31.45,S
2021-06-09T11:06:11,300.0,31.45,S
2021-06-09T11:06:10,1100.0,31.45,S
2021-06-09T11:06:08,11000.0,31.45,S
2021-06-09T11:06:06,200.0,31.45,S
2021-06-09T11:06:01,300.0,31.5,B
2021-06-09T11:05:54,300.0,31.45,S
2021-06-09T11:05:51,1100.0,31.5,B
2021-06-09T11:05:42,1000.0,31.5,B
2021-06-09T11:05:39,1500.0,31.5,B
2021-06-09T11:05:37,300.0,31.5,B
2021-06-09T11:05:36,1000.0,31.5,B
2021-06-09T11:05:25,200.0,31.45,S
2021-06-09T11:05:25,1300.0,31.45,S
2021-06-09T11:05:25,300.0,31.45,S
2021-06-09T11:05:25,300.0,31.45,S
2021-06-09T11:05:22,800.0,31.45,S
2021-06-09T11:05:14,300.0,31.5,B
2021-06-09T11:05:12,200.0,31.45,S
2021-06-09T11:05:09,100.0,31.45,S
2021-06-09T11:05:07,500.0,31.45,S
2021-06-09T11:05:07,500.0,31.45,S
2021-06-09T11:05:07,400.0,31.45,S
2021-06-09T11:05:05,900.0,31.5,B
2021-06-09T11:05:05,2100.0,31.5,B
2021-06-09T11:05:05,100.0,31.5,B
2021-06-09T11:05:05,6400.0,31.5,B
2021-06-09T11:05:01,1400.0,31.5,B
2021-06-09T11:04:58,1100.0,31.45,S
2021-06-09T11:04:53,500.0,31.45,S
2021-06-09T11:04:52,6600.0,31.45,S
2021-06-09T11:04:49,200.0,31.5,B
2021-06-09T11:04:42,5600.0,31.45,S
2021-06-09T11:04:39,200.0,31.45,S
2021-06-09T11:04:37,200.0,31.45,S
2021-06-09T11:04:36,30000.0,31.5,B
2021-06-09T11:04:35,3000.0,31.5,B
2021-06-09T11:04:34,100.0,31.5,B
2021-06-09T11:04:31,100.0,31.5,B
2021-06-09T11:04:26,100.0,31.45,S
2021-06-09T11:04:21,500.0,31.45,S
2021-06-09T11:04:21,600.0,31.45,S
2021-06-09T11:04:21,1000.0,31.5,B
2021-06-09T11:04:20,400.0,31.45,S
2021-06-09T11:04:17,300.0,31.5,B
2021-06-09T11:04:13,200.0,31.45,S
2021-06-09T11:04:12,200.0,31.5,B
2021-06-09T11:04:11,200.0,31.45,S
2021-06-09T11:04:09,500.0,31.45,S
2021-06-09T11:04:07,200.0,31.45,S
2021-06-09T11:04:00,2000.0,31.5,B
2021-06-09T11:04:00,400.0,31.5,B
2021-06-09T11:03:57,100.0,31.45,S
2021-06-09T11:03:54,600.0,31.45,S
2021-06-09T11:03:53,800.0,31.45,S
2021-06-09T11:03:51,1000.0,31.5,B
2021-06-09T11:03:50,800.0,31.45,S
2021-06-09T11:03:50,1900.0,31.45,S
2021-06-09T11:03:48,100.0,31.45,S
2021-06-09T11:03:45,1100.0,31.45,S
2021-06-09T11:03:44,400.0,31.45,S
2021-06-09T11:03:43,300.0,31.5,B
2021-06-09T11:03:41,300.0,31.45,S
2021-06-09T11:03:39,100.0,31.45,S
2021-06-09T11:03:38,400.0,31.45,S
2021-06-09T11:03:31,200.0,31.45,S
2021-06-09T11:03:29,700.0,31.45,S
2021-06-09T11:03:25,3200.0,31.5,B
2021-06-09T11:03:25,200.0,31.5,B
2021-06-09T11:03:22,4000.0,31.45,S
2021-06-09T11:03:22,100.0,31.45,S
2021-06-09T11:03:21,200.0,31.45,S
2021-06-09T11:03:19,100.0,31.5,B
2021-06-09T11:03:19,200.0,31.5,B
2021-06-09T11:03:19,700.0,31.5,B
2021-06-09T11:03:19,600.0,31.5,B
2021-06-09T11:03:18,4200.0,31.5,B
2021-06-09T11:03:18,700.0,31.5,B
2021-06-09T11:03:18,1300.0,31.5,B
2021-06-09T11:03:18,2300.0,31.5,B
2021-06-09T11:03:18,1000.0,31.5,B
2021-06-09T11:03:18,500.0,31.5,B
2021-06-09T11:03:14,5700.0,31.45,S
2021-06-09T11:03:12,2000.0,31.5,B
2021-06-09T11:03:12,200.0,31.45,S
2021-06-09T11:03:08,1900.0,31.45,S
2021-06-09T11:03:06,800.0,31.45,S
2021-06-09T11:03:05,2000.0,31.5,B
2021-06-09T11:03:04,300.0,31.5,B
2021-06-09T11:02:57,100.0,31.5,B
2021-06-09T11:02:53,3900.0,31.45,S
2021-06-09T11:02:53,11100.0,31.45,S
2021-06-09T11:02:52,100.0,31.45,S
2021-06-09T11:02:50,20000.0,31.45,S
2021-06-09T11:02:48,600.0,31.45,S
2021-06-09T11:02:47,1300.0,31.45,S
2021-06-09T11:02:42,200.0,31.5,B
2021-06-09T11:02:39,1900.0,31.5,B
2021-06-09T11:02:39,5000.0,31.5,B
2021-06-09T11:02:39,900.0,31.5,B
2021-06-09T11:02:39,2700.0,31.5,B
2021-06-09T11:02:39,800.0,31.5,B
2021-06-09T11:02:39,2000.0,31.5,B
2021-06-09T11:02:39,2100.0,31.5,B
2021-06-09T11:02:39,1400.0,31.5,B
2021-06-09T11:02:38,12000.0,31.5,B
2021-06-09T11:02:38,100.0,31.5,B
2021-06-09T11:02:37,500.0,31.5,B
2021-06-09T11:02:37,800.0,31.45,S
2021-06-09T11:02:29,4000.0,31.5,B
2021-06-09T11:02:18,500.0,31.5,B
2021-06-09T11:02:13,3300.0,31.45,S
2021-06-09T11:02:13,6700.0,31.45,S
2021-06-09T11:02:08,200.0,31.45,S
2021-06-09T11:02:06,400.0,31.45,S
2021-06-09T11:02:04,500.0,31.45,S
2021-06-09T11:02:00,3900.0,31.45,S
2021-06-09T11:02:00,100.0,31.45,S
2021-06-09T11:01:57,300.0,31.5,B
2021-06-09T11:01:49,300.0,31.45,S
2021-06-09T11:01:33,50000.0,31.5,B
2021-06-09T11:01:32,300.0,31.5,B
2021-06-09T11:01:28,300.0,31.5,B
2021-06-09T11:01:28,1000.0,31.5,B
2021-06-09T11:01:26,2000.0,31.5,B
2021-06-09T11:01:20,20000.0,31.5,B
2021-06-09T11:01:13,200.0,31.45,S
2021-06-09T11:01:04,200.0,31.45,S
2021-06-09T11:01:00,400.0,31.45,S
2021-06-09T11:00:52,200.0,31.45,S
2021-06-09T11:00:45,100.0,31.5,B
2021-06-09T11:00:44,1000.0,31.5,B
2021-06-09T11:00:41,1300.0,31.45,S
2021-06-09T11:00:37,2000.0,31.45,S
2021-06-09T11:00:35,200.0,31.45,S
2021-06-09T11:00:29,1000.0,31.45,S
2021-06-09T11:00:25,400.0,31.45,S
2021-06-09T11:00:25,200.0,31.45,S
2021-06-09T11:00:13,10000.0,31.5,B
2021-06-09T11:00:10,1000.0,31.5,B
2021-06-09T11:00:04,5000.0,31.5,B
2021-06-09T11:00:02,2000.0,31.45,B
2021-06-09T11:00:01,100.0,31.45,B
2021-06-09T11:00:01,1000.0,31.45,B
2021-06-09T11:00:01,200.0,31.45,B
2021-06-09T10:59:58,300.0,31.45,B
2021-06-09T10:59:56,200.0,31.5,B
2021-06-09T10:59:51,100.0,31.45,B
2021-06-09T10:59:48,100.0,31.45,B
2021-06-09T10:59:36,3500.0,31.5,B
2021-06-09T10:59:36,1000.0,31.5,B
2021-06-09T10:59:36,2000.0,31.5,B
2021-06-09T10:59:36,1000.0,31.5,B
2021-06-09T10:59:36,2500.0,31.5,B
2021-06-09T10:59:36,500.0,31.45,B
2021-06-09T10:59:34,1300.0,31.45,B
2021-06-09T10:59:34,100.0,31.45,B
2021-06-09T10:59:32,800.0,31.45,B
2021-06-09T10:59:31,1000.0,31.45,B
2021-06-09T10:59:20,700.0,31.45,B
2021-06-09T10:59:20,700.0,31.45,B
2021-06-09T10:59:14,300.0,31.45,B
2021-06-09T10:59:07,2900.0,31.4,S
2021-06-09T10:59:06,6500.0,31.4,S
2021-06-09T10:59:05,500.0,31.45,B
2021-06-09T10:59:02,5000.0,31.45,B
2021-06-09T10:58:50,400.0,31.45,B
2021-06-09T10:58:49,2300.0,31.45,B
2021-06-09T10:58:49,500.0,31.45,B
2021-06-09T10:58:49,500.0,31.45,B
2021-06-09T10:58:49,100.0,31.45,B
2021-06-09T10:58:49,3900.0,31.45,B
2021-06-09T10:58:47,100.0,31.4,S
2021-06-09T10:58:39,1600.0,31.45,B
2021-06-09T10:58:35,300.0,31.45,B
2021-06-09T10:58:35,3100.0,31.45,B
2021-06-09T10:58:34,6800.0,31.45,B
2021-06-09T10:58:34,4700.0,31.45,B
2021-06-09T10:58:34,26700.0,31.45,B
2021-06-09T10:58:34,100.0,31.45,B
2021-06-09T10:58:34,300.0,31.45,B
2021-06-09T10:58:34,1200.0,31.45,B
2021-06-09T10:58:34,300.0,31.45,B
2021-06-09T10:58:33,3300.0,31.45,B
2021-06-09T10:58:33,300.0,31.45,B
2021-06-09T10:58:33,600.0,31.45,B
2021-06-09T10:58:33,2800.0,31.45,B
2021-06-09T10:58:19,200.0,31.45,B
2021-06-09T10:58:14,400.0,31.4,S
2021-06-09T10:57:53,200.0,31.4,S
2021-06-09T10:57:45,2000.0,31.45,B
2021-06-09T10:57:33,1000.0,31.4,S
2021-06-09T10:57:28,200.0,31.4,S
2021-06-09T10:57:17,100.0,31.4,S
2021-06-09T10:57:16,200.0,31.45,B
2021-06-09T10:57:10,300.0,31.4,S
2021-06-09T10:57:08,1100.0,31.4,S
2021-06-09T10:57:05,100.0,31.4,S
2021-06-09T10:57:02,400.0,31.45,B
2021-06-09T10:56:57,300.0,31.4,S
2021-06-09T10:56:57,500.0,31.4,S
2021-06-09T10:56:55,300.0,31.45,B
2021-06-09T10:56:52,300.0,31.45,B
2021-06-09T10:56:51,100.0,31.4,S
2021-06-09T10:56:47,1500.0,31.4,S
2021-06-09T10:56:46,200.0,31.4,S
2021-06-09T10:56:46,500.0,31.4,S
2021-06-09T10:56:43,200.0,31.4,S
2021-06-09T10:56:42,700.0,31.4,S
2021-06-09T10:56:41,100.0,31.4,S
2021-06-09T10:56:38,100.0,31.4,S
2021-06-09T10:56:37,100.0,31.4,S
2021-06-09T10:56:35,100.0,31.4,S
2021-06-09T10:56:34,1400.0,31.35,S
2021-06-09T10:56:34,2900.0,31.35,S
2021-06-09T10:56:31,200.0,31.35,S
2021-06-09T10:56:28,200.0,31.35,S
2021-06-09T10:56:27,300.0,31.4,S
2021-06-09T10:56:23,100.0,31.4,S
2021-06-09T10:56:23,2600.0,31.4,S
2021-06-09T10:56:22,1000.0,31.35,S
2021-06-09T10:56:20,2500.0,31.4,B
2021-06-09T10:56:18,100.0,31.35,S
2021-06-09T10:56:17,1100.0,31.4,B
2021-06-09T10:56:17,3900.0,31.4,B
2021-06-09T10:56:15,800.0,31.35,S
2021-06-09T10:56:14,300.0,31.35,S
2021-06-09T10:56:10,500.0,31.4,B
2021-06-09T10:56:09,100.0,31.4,B
2021-06-09T10:56:08,700.0,31.35,S
2021-06-09T10:56:07,100.0,31.35,S
2021-06-09T10:56:07,500.0,31.4,B
2021-06-09T10:56:05,6400.0,31.4,B
2021-06-09T10:56:05,1000.0,31.4,B
2021-06-09T10:56:05,200.0,31.4,B
2021-06-09T10:56:05,10900.0,31.4,B
2021-06-09T10:56:05,500.0,31.4,B
2021-06-09T10:56:05,2300.0,31.4,B
2021-06-09T10:56:05,500.0,31.4,B
2021-06-09T10:56:04,400.0,31.4,B
2021-06-09T10:56:02,1000.0,31.4,B
2021-06-09T10:56:01,200.0,31.35,S
2021-06-09T10:55:57,1000.0,31.4,B
2021-06-09T10:55:57,100.0,31.4,B
2021-06-09T10:55:57,1600.0,31.35,S
2021-06-09T10:55:56,300.0,31.35,S
2021-06-09T10:55:54,300.0,31.4,B
2021-06-09T10:55:52,300.0,31.35,S
2021-06-09T10:55:50,500.0,31.4,B
2021-06-09T10:55:48,5100.0,31.35,S
2021-06-09T10:55:47,800.0,31.35,S
2021-06-09T10:55:46,300.0,31.4,B
2021-06-09T10:55:44,3000.0,31.4,B
2021-06-09T10:55:44,1000.0,31.4,B
2021-06-09T10:55:44,1500.0,31.35,S
2021-06-09T10:55:37,100.0,31.35,S
2021-06-09T10:55:37,3100.0,31.35,S
2021-06-09T10:55:36,800.0,31.35,S
2021-06-09T10:55:31,300.0,31.4,B
2021-06-09T10:55:30,500.0,31.4,B
2021-06-09T10:55:30,300.0,31.35,S
2021-06-09T10:55:25,8000.0,31.35,S
2021-06-09T10:55:24,1900.0,31.4,B
2021-06-09T10:55:23,200.0,31.4,B
2021-06-09T10:55:21,1500.0,31.4,B
2021-06-09T10:55:20,100.0,31.4,B
2021-06-09T10:55:19,300.0,31.4,B
2021-06-09T10:55:19,500.0,31.4,B
2021-06-09T10:55:17,4000.0,31.4,B
2021-06-09T10:55:15,200.0,31.35,S
2021-06-09T10:55:09,200.0,31.4,B
2021-06-09T10:55:08,600.0,31.35,S
2021-06-09T10:55:07,100.0,31.4,B
2021-06-09T10:55:07,1200.0,31.4,B
2021-06-09T10:55:07,900.0,31.4,B
2021-06-09T10:55:07,1700.0,31.4,B
2021-06-09T10:55:07,500.0,31.4,B
2021-06-09T10:55:06,2200.0,31.4,B
2021-06-09T10:55:06,13400.0,31.4,B
2021-06-09T10:55:02,100.0,31.4,B
2021-06-09T10:54:58,1500.0,31.4,B
2021-06-09T10:54:54,4900.0,31.4,B
2021-06-09T10:54:54,4000.0,31.4,B
2021-06-09T10:54:54,6200.0,31.4,B
2021-06-09T10:54:54,4600.0,31.4,B
2021-06-09T10:54:54,4500.0,31.4,B
2021-06-09T10:54:54,15000.0,31.4,B
2021-06-09T10:54:54,800.0,31.4,B
2021-06-09T10:54:54,100.0,31.4,B
2021-06-09T10:54:54,100.0,31.35,S
2021-06-09T10:54:42,1100.0,31.4,B
2021-06-09T10:54:41,300.0,31.4,B
2021-06-09T10:54:38,300.0,31.4,B
2021-06-09T10:54:35,500.0,31.4,B
2021-06-09T10:54:19,800.0,31.35,S
2021-06-09T10:54:18,100.0,31.4,B
2021-06-09T10:54:12,200.0,31.4,B
2021-06-09T10:54:06,200.0,31.35,S
2021-06-09T10:54:03,200.0,31.35,S
2021-06-09T10:53:53,300.0,31.4,B
2021-06-09T10:53:52,4000.0,31.35,S
2021-06-09T10:53:47,100.0,31.35,S
2021-06-09T10:53:45,200.0,31.4,B
2021-06-09T10:53:43,1000.0,31.4,B
2021-06-09T10:53:40,1200.0,31.4,B
2021-06-09T10:53:38,100.0,31.35,S
2021-06-09T10:53:35,200.0,31.4,B
2021-06-09T10:53:29,20000.0,31.4,B
2021-06-09T10:53:25,200.0,31.35,S
2021-06-09T10:53:22,500.0,31.4,B
2021-06-09T10:53:19,200.0,31.35,S
2021-06-09T10:53:18,300.0,31.4,B
2021-06-09T10:53:16,400.0,31.35,S
2021-06-09T10:53:09,200.0,31.35,S
2021-06-09T10:53:08,600.0,31.35,S
2021-06-09T10:52:59,100.0,31.35,S
2021-06-09T10:52:57,200.0,31.35,S
2021-06-09T10:52:56,1000.0,31.4,B
2021-06-09T10:52:55,100.0,31.35,S
2021-06-09T10:52:49,1100.0,31.35,S
2021-06-09T10:52:46,2000.0,31.35,S
2021-06-09T10:52:44,100.0,31.4,B
2021-06-09T10:52:37,1000.0,31.4,B
2021-06-09T10:52:31,300.0,31.4,B
2021-06-09T10:52:29,500.0,31.35,S
2021-06-09T10:52:27,1000.0,31.35,S
2021-06-09T10:52:26,100.0,31.35,S
2021-06-09T10:52:24,600.0,31.35,S
2021-06-09T10:52:22,100.0,31.35,S
2021-06-09T10:52:17,200.0,31.4,B
2021-06-09T10:52:15,5600.0,31.4,B
2021-06-09T10:52:15,10000.0,31.35,B
2021-06-09T10:52:10,400.0,31.35,B
2021-06-09T10:51:57,2600.0,31.4,B
2021-06-09T10:51:53,5000.0,31.4,B
2021-06-09T10:51:52,200.0,31.35,B
2021-06-09T10:51:51,3000.0,31.4,B
2021-06-09T10:51:48,800.0,31.35,B
2021-06-09T10:51:41,400.0,31.35,B
2021-06-09T10:51:36,2000.0,31.35,B
2021-06-09T10:51:34,400.0,31.35,B
2021-06-09T10:51:16,400.0,31.35,B
2021-06-09T10:51:15,100.0,31.4,B
2021-06-09T10:51:13,300.0,31.4,B
2021-06-09T10:51:13,1000.0,31.4,B
2021-06-09T10:51:07,400.0,31.35,B
2021-06-09T10:51:00,2000.0,31.35,B
2021-06-09T10:50:51,200.0,31.35,B
2021-06-09T10:50:50,200.0,31.35,B
2021-06-09T10:50:50,1900.0,31.35,B
2021-06-09T10:50:40,200.0,31.35,B
2021-06-09T10:50:32,1800.0,31.3,S
2021-06-09T10:50:32,200.0,31.35,B
2021-06-09T10:50:29,200.0,31.35,B
2021-06-09T10:50:23,300.0,31.35,B
2021-06-09T10:50:20,200.0,31.4,B
2021-06-09T10:50:19,2000.0,31.3,S
2021-06-09T10:50:14,10000.0,31.3,S
2021-06-09T10:50:09,1000.0,31.4,B
2021-06-09T10:50:08,500.0,31.3,S
2021-06-09T10:50:08,800.0,31.3,S
2021-06-09T10:50:07,9500.0,31.35,B
2021-06-09T10:50:04,1000.0,31.35,B
2021-06-09T10:50:04,100.0,31.35,B
2021-06-09T10:50:00,400.0,31.35,B
2021-06-09T10:50:00,300.0,31.35,B
2021-06-09T10:49:53,200.0,31.35,B
2021-06-09T10:49:53,900.0,31.35,B
2021-06-09T10:49:48,1500.0,31.35,B
2021-06-09T10:49:45,10000.0,31.3,S
2021-06-09T10:49:45,200.0,31.3,S
2021-06-09T10:49:36,300.0,31.35,B
2021-06-09T10:49:34,200.0,31.35,B
2021-06-09T10:49:33,100.0,31.3,S
2021-06-09T10:49:31,2600.0,31.3,S
2021-06-09T10:49:30,1900.0,31.3,S
2021-06-09T10:49:27,900.0,31.3,S
2021-06-09T10:49:24,2000.0,31.35,B
2021-06-09T10:49:21,200.0,31.3,S
2021-06-09T10:49:19,1100.0,31.35,B
2021-06-09T10:49:17,1900.0,31.35,B
2021-06-09T10:49:17,1300.0,31.35,B
2021-06-09T10:49:17,1200.0,31.35,B
2021-06-09T10:49:17,200.0,31.3,S
2021-06-09T10:49:14,100.0,31.3,S
2021-06-09T10:49:07,1000.0,31.35,B
2021-06-09T10:48:59,200.0,31.3,S
2021-06-09T10:48:55,500.0,31.35,B
2021-06-09T10:48:52,1400.0,31.35,B
2021-06-09T10:48:52,1400.0,31.35,B
2021-06-09T10:48:52,400.0,31.35,B
2021-06-09T10:48:52,1000.0,31.35,B
2021-06-09T10:48:52,8900.0,31.35,B
2021-06-09T10:48:52,1100.0,31.35,B
2021-06-09T10:48:52,1900.0,31.35,B
2021-06-09T10:48:52,6900.0,31.35,B
2021-06-09T10:48:49,4000.0,31.3,S
2021-06-09T10:48:47,500.0,31.35,B
2021-06-09T10:48:47,1300.0,31.3,S
2021-06-09T10:48:47,1000.0,31.35,B
2021-06-09T10:48:43,100.0,31.3,S
2021-06-09T10:48:40,500.0,31.35,B
2021-06-09T10:48:34,100.0,31.3,S
2021-06-09T10:48:30,200.0,31.3,S
2021-06-09T10:48:29,400.0,31.3,S
2021-06-09T10:48:24,1400.0,31.3,S
2021-06-09T10:48:17,100.0,31.3,S
2021-06-09T10:48:13,20000.0,31.35,B
2021-06-09T10:48:11,6900.0,31.35,B
2021-06-09T10:48:08,500.0,31.35,B
2021-06-09T10:48:05,300.0,31.35,B
2021-06-09T10:48:01,500.0,31.3,S
2021-06-09T10:47:57,1200.0,31.35,B
2021-06-09T10:47:54,2100.0,31.3,S
2021-06-09T10:47:50,2100.0,31.35,B
2021-06-09T10:47:50,2300.0,31.35,B
2021-06-09T10:47:50,2100.0,31.35,B
2021-06-09T10:47:47,100.0,31.35,B
2021-06-09T10:47:42,500.0,31.35,B
2021-06-09T10:47:39,200.0,31.3,S
2021-06-09T10:47:38,400.0,31.3,S
2021-06-09T10:47:24,2200.0,31.35,B
2021-06-09T10:47:24,300.0,31.35,B
2021-06-09T10:47:15,100.0,31.35,B
2021-06-09T10:47:04,400.0,31.3,S
2021-06-09T10:46:57,1000.0,31.35,B
2021-06-09T10:46:55,200.0,31.3,S
2021-06-09T10:46:51,200.0,31.3,S
2021-06-09T10:46:48,100.0,31.35,B
2021-06-09T10:46:46,200.0,31.35,B
2021-06-09T10:46:39,600.0,31.3,S
2021-06-09T10:46:39,1400.0,31.3,S
2021-06-09T10:46:34,100.0,31.3,S
2021-06-09T10:46:32,300.0,31.3,S
2021-06-09T10:46:30,1000.0,31.3,S
2021-06-09T10:46:28,1000.0,31.35,B
2021-06-09T10:46:26,100.0,31.3,S
2021-06-09T10:46:20,10000.0,31.3,S
2021-06-09T10:46:19,300.0,31.35,B
2021-06-09T10:46:15,100.0,31.3,S
2021-06-09T10:46:15,400.0,31.3,S
2021-06-09T10:46:15,200.0,31.3,S
2021-06-09T10:46:10,3000.0,31.3,S
2021-06-09T10:46:09,2000.0,31.3,S
2021-06-09T10:46:08,100.0,31.3,S
2021-06-09T10:46:06,800.0,31.3,S
2021-06-09T10:46:03,100.0,31.3,S
2021-06-09T10:45:55,2000.0,31.35,B
2021-06-09T10:45:54,1000.0,31.35,B
2021-06-09T10:45:53,200.0,31.35,B
2021-06-09T10:45:49,200.0,31.3,S
2021-06-09T10:45:49,500.0,31.3,S
2021-06-09T10:45:49,9500.0,31.3,S
2021-06-09T10:45:49,800.0,31.35,B
2021-06-09T10:45:47,4000.0,31.3,S
2021-06-09T10:45:46,100.0,31.3,S
2021-06-09T10:45:44,600.0,31.3,S
2021-06-09T10:45:35,200.0,31.3,S
2021-06-09T10:45:33,200.0,31.35,B
2021-06-09T10:45:33,400.0,31.3,S
2021-06-09T10:45:30,1000.0,31.3,S
2021-06-09T10:45:27,20000.0,31.35,B
2021-06-09T10:45:25,700.0,31.35,B
2021-06-09T10:45:24,3200.0,31.3,S
2021-06-09T10:45:21,200.0,31.35,B
2021-06-09T10:45:15,1000.0,31.35,B
2021-06-09T10:45:15,100.0,31.35,B
2021-06-09T10:45:13,500.0,31.35,B
2021-06-09T10:45:10,100.0,31.35,B
2021-06-09T10:45:09,100.0,31.35,B
2021-06-09T10:45:06,200.0,31.3,S
2021-06-09T10:45:04,300.0,31.35,B
2021-06-09T10:45:03,300.0,31.35,B
2021-06-09T10:44:53,300.0,31.35,B
2021-06-09T10:44:42,1000.0,31.3,S
2021-06-09T10:44:42,400.0,31.3,S
2021-06-09T10:44:40,300.0,31.35,B
2021-06-09T10:44:30,200.0,31.3,S
2021-06-09T10:44:24,100.0,31.3,S
2021-06-09T10:44:18,4400.0,31.35,B
2021-06-09T10:44:17,1000.0,31.35,B
2021-06-09T10:44:16,2000.0,31.3,S
2021-06-09T10:44:12,200.0,31.3,S
2021-06-09T10:44:03,1000.0,31.35,B
2021-06-09T10:44:00,100.0,31.3,B
2021-06-09T10:43:56,500.0,31.3,B
2021-06-09T10:43:56,100.0,31.3,B
2021-06-09T10:43:49,10000.0,31.3,B
2021-06-09T10:43:46,300.0,31.3,B
2021-06-09T10:43:42,200.0,31.3,B
2021-06-09T10:43:41,300.0,31.35,B
2021-06-09T10:43:39,200.0,31.3,B
2021-06-09T10:43:38,400.0,31.3,B
2021-06-09T10:43:35,200.0,31.3,B
2021-06-09T10:43:29,100.0,31.3,B
2021-06-09T10:43:25,600.0,31.3,B
2021-06-09T10:43:15,2100.0,31.35,B
2021-06-09T10:43:15,400.0,31.35,B
2021-06-09T10:43:15,500.0,31.35,B
2021-06-09T10:43:03,100.0,31.35,B
2021-06-09T10:42:58,1000.0,31.3,B
2021-06-09T10:42:56,1000.0,31.3,B
2021-06-09T10:42:55,2000.0,31.3,B
2021-06-09T10:42:53,200.0,31.3,B
2021-06-09T10:42:52,1100.0,31.3,B
2021-06-09T10:42:49,200.0,31.3,B
2021-06-09T10:42:47,200.0,31.3,B
2021-06-09T10:42:45,800.0,31.3,B
2021-06-09T10:42:44,100.0,31.3,B
2021-06-09T10:42:44,2000.0,31.3,B
2021-06-09T10:42:43,1200.0,31.3,B
2021-06-09T10:42:39,100.0,31.25,S
2021-06-09T10:42:28,100.0,31.3,B
2021-06-09T10:42:26,200.0,31.25,S
2021-06-09T10:42:21,5000.0,31.3,B
2021-06-09T10:42:20,5000.0,31.3,B
2021-06-09T10:42:19,4200.0,31.3,B
2021-06-09T10:42:19,1100.0,31.3,B
2021-06-09T10:42:17,4700.0,31.3,B
2021-06-09T10:42:17,300.0,31.25,S
2021-06-09T10:42:17,1000.0,31.3,B
2021-06-09T10:42:16,100.0,31.25,S
2021-06-09T10:42:14,5600.0,31.25,S
2021-06-09T10:42:12,1000.0,31.3,B
2021-06-09T10:42:10,300.0,31.3,B
2021-06-09T10:42:09,1000.0,31.25,S
2021-06-09T10:42:08,3200.0,31.25,S
2021-06-09T10:42:07,800.0,31.25,S
2021-06-09T10:42:05,400.0,31.25,S
2021-06-09T10:42:05,100.0,31.25,S
2021-06-09T10:42:04,500.0,31.25,S
2021-06-09T10:42:04,100.0,31.3,B
2021-06-09T10:42:01,100.0,31.25,S
2021-06-09T10:41:59,800.0,31.25,S
2021-06-09T10:41:47,1000.0,31.25,S
2021-06-09T10:41:40,200.0,31.25,S
2021-06-09T10:41:39,200.0,31.25,S
2021-06-09T10:41:37,300.0,31.3,B
2021-06-09T10:41:36,1200.0,31.3,B
2021-06-09T10:41:36,100.0,31.3,B
2021-06-09T10:41:34,500.0,31.3,B
2021-06-09T10:41:33,14100.0,31.25,S
2021-06-09T10:41:33,8900.0,31.25,S
2021-06-09T10:41:33,1500.0,31.25,S
2021-06-09T10:41:32,3500.0,31.25,S
2021-06-09T10:41:28,5000.0,31.3,B
2021-06-09T10:41:27,20000.0,31.3,B
2021-06-09T10:41:25,100.0,31.25,S
2021-06-09T10:41:25,400.0,31.25,S
2021-06-09T10:41:21,2400.0,31.25,S
2021-06-09T10:41:21,500.0,31.25,S
2021-06-09T10:41:21,2500.0,31.25,S
2021-06-09T10:41:18,800.0,31.25,S
2021-06-09T10:41:12,1000.0,31.3,B
2021-06-09T10:41:12,3000.0,31.3,B
2021-06-09T10:41:07,200.0,31.3,B
2021-06-09T10:40:59,5000.0,31.3,B
2021-06-09T10:40:57,300.0,31.3,B
2021-06-09T10:40:55,300.0,31.3,B
2021-06-09T10:40:48,1000.0,31.3,B
2021-06-09T10:40:45,1000.0,31.25,S
2021-06-09T10:40:44,1000.0,31.3,B
2021-06-09T10:40:38,100.0,31.25,S
2021-06-09T10:40:31,1900.0,31.25,S
2021-06-09T10:40:31,300.0,31.3,B
2021-06-09T10:40:30,100.0,31.3,B
2021-06-09T10:40:29,100.0,31.3,B
2021-06-09T10:40:28,2000.0,31.25,S
2021-06-09T10:40:27,200.0,31.25,S
2021-06-09T10:40:27,100.0,31.25,S
2021-06-09T10:40:26,12900.0,31.3,B
2021-06-09T10:40:25,200.0,31.25,S
2021-06-09T10:40:24,200.0,31.25,S
2021-06-09T10:40:24,200.0,31.25,S
2021-06-09T10:40:23,4000.0,31.3,B
2021-06-09T10:40:23,300.0,31.3,B
2021-06-09T10:40:20,200.0,31.25,S
2021-06-09T10:40:18,100.0,31.25,S
2021-06-09T10:40:16,100.0,31.3,B
2021-06-09T10:40:13,200.0,31.3,B
2021-06-09T10:40:13,200.0,31.3,B
2021-06-09T10:40:10,100.0,31.3,B
2021-06-09T10:40:09,100.0,31.25,S
2021-06-09T10:40:07,100.0,31.25,S
2021-06-09T10:40:04,100.0,31.25,S
2021-06-09T10:39:58,100.0,31.25,S
2021-06-09T10:39:58,200.0,31.25,S
2021-06-09T10:39:56,200.0,31.25,S
2021-06-09T10:39:50,200.0,31.25,S
2021-06-09T10:39:48,300.0,31.25,S
2021-06-09T10:39:44,5000.0,31.3,B
2021-06-09T10:39:41,300.0,31.3,B
2021-06-09T10:39:35,500.0,31.25,S
2021-06-09T10:39:33,100.0,31.3,B
2021-06-09T10:39:28,200.0,31.3,B
2021-06-09T10:39:28,200.0,31.3,B
2021-06-09T10:39:28,9600.0,31.3,B
2021-06-09T10:39:28,200.0,31.3,B
2021-06-09T10:39:25,200.0,31.25,S
2021-06-09T10:39:19,1000.0,31.25,S
2021-06-09T10:39:17,800.0,31.3,B
2021-06-09T10:39:15,1000.0,31.3,B
2021-06-09T10:39:14,1000.0,31.25,S
2021-06-09T10:39:14,1000.0,31.3,B
2021-06-09T10:39:12,200.0,31.25,S
2021-06-09T10:39:09,300.0,31.3,B
2021-06-09T10:39:07,100.0,31.3,B
2021-06-09T10:39:05,400.0,31.3,B
2021-06-09T10:39:05,500.0,31.3,B
2021-06-09T10:39:05,200.0,31.3,B
2021-06-09T10:39:05,300.0,31.3,B
2021-06-09T10:39:05,200.0,31.25,S
2021-06-09T10:39:03,500.0,31.25,S
2021-06-09T10:38:51,500.0,31.3,B
2021-06-09T10:38:50,500.0,31.3,B
2021-06-09T10:38:47,500.0,31.3,B
2021-06-09T10:38:47,200.0,31.25,S
2021-06-09T10:38:41,500.0,31.25,S
2021-06-09T10:38:40,1000.0,31.25,S
2021-06-09T10:38:38,1000.0,31.3,B
2021-06-09T10:38:36,1000.0,31.25,S
2021-06-09T10:38:32,1500.0,31.3,B
2021-06-09T10:38:30,400.0,31.25,S
2021-06-09T10:38:28,100.0,31.3,B
2021-06-09T10:38:23,100.0,31.25,S
2021-06-09T10:38:17,700.0,31.3,B
2021-06-09T10:38:16,400.0,31.3,B
2021-06-09T10:38:14,200.0,31.3,B
2021-06-09T10:38:14,5000.0,31.3,B
2021-06-09T10:38:09,1000.0,31.3,B
2021-06-09T10:38:01,200.0,31.3,B
2021-06-09T10:37:59,400.0,31.25,S
2021-06-09T10:37:56,1000.0,31.25,S
2021-06-09T10:37:54,300.0,31.25,S
2021-06-09T10:37:53,2100.0,31.25,S
2021-06-09T10:37:53,100.0,31.25,S
2021-06-09T10:37:39,1000.0,31.25,S
2021-06-09T10:37:36,4500.0,31.3,B
2021-06-09T10:37:36,200.0,31.3,B
2021-06-09T10:37:36,300.0,31.3,B
2021-06-09T10:37:32,5000.0,31.3,B
2021-06-09T10:37:28,100.0,31.3,B
2021-06-09T10:37:26,100.0,31.25,S
2021-06-09T10:37:26,2000.0,31.25,S
2021-06-09T10:37:17,800.0,31.25,S
2021-06-09T10:37:14,200.0,31.25,S
2021-06-09T10:36:57,400.0,31.25,B
2021-06-09T10:36:53,2000.0,31.3,B
2021-06-09T10:36:50,100.0,31.25,B
2021-06-09T10:36:49,100.0,31.25,B
2021-06-09T10:36:49,5000.0,31.3,B
2021-06-09T10:36:47,1500.0,31.3,B
2021-06-09T10:36:45,10000.0,31.3,B
2021-06-09T10:36:45,700.0,31.3,B
2021-06-09T10:36:45,300.0,31.25,B
2021-06-09T10:36:44,400.0,31.3,B
2021-06-09T10:36:41,100.0,31.3,B
2021-06-09T10:36:39,200.0,31.25,B
2021-06-09T10:36:37,200.0,31.25,B
2021-06-09T10:36:29,200.0,31.25,B
2021-06-09T10:36:24,100.0,31.25,B
2021-06-09T10:36:17,500.0,31.3,B
2021-06-09T10:36:17,100.0,31.3,B
2021-06-09T10:36:17,5000.0,31.3,B
2021-06-09T10:36:17,4900.0,31.3,B
2021-06-09T10:36:03,700.0,31.3,B
2021-06-09T10:36:03,400.0,31.3,B
2021-06-09T10:36:03,2600.0,31.3,B
2021-06-09T10:36:03,300.0,31.3,B
2021-06-09T10:36:00,1000.0,31.3,B
2021-06-09T10:35:58,100.0,31.3,B
2021-06-09T10:35:38,2000.0,31.3,B
2021-06-09T10:35:36,200.0,31.25,B
2021-06-09T10:35:32,100.0,31.25,B
2021-06-09T10:35:30,100.0,31.3,B
2021-06-09T10:35:30,500.0,31.3,B
2021-06-09T10:35:30,200.0,31.25,B
2021-06-09T10:35:26,1900.0,31.25,B
2021-06-09T10:35:20,1200.0,31.25,B
2021-06-09T10:35:17,1000.0,31.25,B
2021-06-09T10:35:09,1100.0,31.3,B
2021-06-09T10:35:07,200.0,31.25,B
2021-06-09T10:35:02,700.0,31.25,B
2021-06-09T10:34:58,200.0,31.25,B
2021-06-09T10:34:49,100.0,31.25,B
2021-06-09T10:34:48,200.0,31.3,B
2021-06-09T10:34:47,200.0,31.25,B
2021-06-09T10:34:40,300.0,31.3,B
2021-06-09T10:34:24,100.0,31.3,B
2021-06-09T10:34:23,900.0,31.3,B
2021-06-09T10:34:22,600.0,31.25,B
2021-06-09T10:34:19,1000.0,31.25,B
2021-06-09T10:34:14,200.0,31.25,B
2021-06-09T10:34:14,9500.0,31.25,B
2021-06-09T10:34:14,400.0,31.25,B
2021-06-09T10:34:09,400.0,31.25,B
2021-06-09T10:34:09,6000.0,31.25,B
2021-06-09T10:33:52,900.0,31.3,B
2021-06-09T10:33:52,200.0,31.3,B
2021-06-09T10:33:45,2000.0,31.3,B
2021-06-09T10:33:40,1000.0,31.25,B
2021-06-09T10:33:39,200.0,31.25,B
2021-06-09T10:33:31,200.0,31.25,B
2021-06-09T10:33:29,500.0,31.3,B
2021-06-09T10:33:26,1000.0,31.3,B
2021-06-09T10:33:22,200.0,31.25,B
2021-06-09T10:33:22,100.0,31.25,B
2021-06-09T10:33:17,100.0,31.25,B
2021-06-09T10:33:09,200.0,31.3,B
2021-06-09T10:33:02,100.0,31.25,B
2021-06-09T10:32:59,3400.0,31.25,B
2021-06-09T10:32:57,300.0,31.25,B
2021-06-09T10:32:50,1000.0,31.3,B
2021-06-09T10:32:49,2600.0,31.3,B
2021-06-09T10:32:49,11900.0,31.3,B
2021-06-09T10:32:49,400.0,31.3,B
2021-06-09T10:32:49,2000.0,31.3,B
2021-06-09T10:32:48,24300.0,31.3,B
2021-06-09T10:32:48,1200.0,31.3,B
2021-06-09T10:32:48,5200.0,31.3,B
2021-06-09T10:32:46,2100.0,31.3,B
2021-06-09T10:32:40,2200.0,31.3,B
2021-06-09T10:32:38,400.0,31.25,B
2021-06-09T10:32:34,400.0,31.25,B
2021-06-09T10:32:26,300.0,31.25,B
2021-06-09T10:32:23,100.0,31.25,B
2021-06-09T10:32:23,300.0,31.25,B
2021-06-09T10:32:22,100.0,31.25,B
2021-06-09T10:32:08,400.0,31.25,B
2021-06-09T10:32:05,100.0,31.25,B
2021-06-09T10:31:55,1000.0,31.3,B
2021-06-09T10:31:47,100.0,31.25,B
2021-06-09T10:31:42,1000.0,31.25,B
2021-06-09T10:31:35,700.0,31.25,B
2021-06-09T10:31:34,600.0,31.25,B
2021-06-09T10:31:33,700.0,31.25,B
2021-06-09T10:31:28,200.0,31.25,B
2021-06-09T10:31:27,700.0,31.25,B
2021-06-09T10:31:09,600.0,31.25,B
2021-06-09T10:31:05,100.0,31.3,B
2021-06-09T10:31:03,17100.0,31.25,B
2021-06-09T10:31:03,100.0,31.2,S
2021-06-09T10:31:01,1800.0,31.25,B
2021-06-09T10:31:00,300.0,31.25,B
2021-06-09T10:30:56,200.0,31.25,B
2021-06-09T10:30:40,2000.0,31.25,B
2021-06-09T10:30:37,300.0,31.25,B
2021-06-09T10:30:33,1800.0,31.2,S
2021-06-09T10:30:19,200.0,31.25,B
2021-06-09T10:30:16,2000.0,31.2,S
2021-06-09T10:30:15,200.0,31.2,S
2021-06-09T10:30:13,500.0,31.2,S
2021-06-09T10:30:05,100.0,31.2,S
2021-06-09T10:30:00,900.0,31.2,S
2021-06-09T10:29:49,100.0,31.2,S
2021-06-09T10:29:44,300.0,31.25,B
2021-06-09T10:29:43,3900.0,31.25,B
2021-06-09T10:29:43,3000.0,31.25,B
2021-06-09T10:29:35,1100.0,31.25,B
2021-06-09T10:29:34,200.0,31.2,S
2021-06-09T10:29:33,3700.0,31.2,S
2021-06-09T10:29:22,100.0,31.2,S
2021-06-09T10:29:18,400.0,31.2,S
2021-06-09T10:29:12,3000.0,31.25,B
2021-06-09T10:29:10,100.0,31.2,S
2021-06-09T10:29:04,500.0,31.25,B
2021-06-09T10:28:54,100.0,31.2,S
2021-06-09T10:28:51,400.0,31.2,S
2021-06-09T10:28:50,100.0,31.25,B
2021-06-09T10:28:48,200.0,31.2,S
2021-06-09T10:28:38,300.0,31.2,B
2021-06-09T10:28:36,400.0,31.2,B
2021-06-09T10:28:27,3100.0,31.25,B
2021-06-09T10:28:27,800.0,31.25,B
2021-06-09T10:28:26,5100.0,31.25,B
2021-06-09T10:28:15,100.0,31.2,B
2021-06-09T10:28:14,300.0,31.25,B
2021-06-09T10:28:09,6100.0,31.25,B
2021-06-09T10:28:09,3900.0,31.25,B
2021-06-09T10:28:07,1100.0,31.2,B
2021-06-09T10:27:55,200.0,31.2,B
2021-06-09T10:27:55,1200.0,31.2,B
2021-06-09T10:27:54,3400.0,31.2,B
2021-06-09T10:27:47,900.0,31.2,B
2021-06-09T10:27:44,200.0,31.2,B
2021-06-09T10:27:41,100.0,31.2,B
2021-06-09T10:27:40,300.0,31.2,B
2021-06-09T10:27:39,100.0,31.2,B
2021-06-09T10:27:39,200.0,31.2,B
2021-06-09T10:27:33,1000.0,31.25,B
2021-06-09T10:27:33,15600.0,31.2,B
2021-06-09T10:27:33,400.0,31.25,B
2021-06-09T10:27:32,2900.0,31.25,B
2021-06-09T10:27:30,100.0,31.2,B
2021-06-09T10:27:28,200.0,31.2,B
2021-06-09T10:27:25,200.0,31.2,B
2021-06-09T10:27:18,600.0,31.25,B
2021-06-09T10:27:11,2000.0,31.25,B
2021-06-09T10:26:59,600.0,31.2,B
2021-06-09T10:26:49,400.0,31.2,B
2021-06-09T10:26:43,600.0,31.2,B
2021-06-09T10:26:41,200.0,31.2,B
2021-06-09T10:26:40,2000.0,31.2,B
2021-06-09T10:26:39,200.0,31.2,B
2021-06-09T10:26:36,1000.0,31.25,B
2021-06-09T10:26:31,500.0,31.2,B
2021-06-09T10:26:30,1100.0,31.2,B
2021-06-09T10:26:28,2000.0,31.2,B
2021-06-09T10:26:08,800.0,31.2,B
2021-06-09T10:26:01,5800.0,31.2,B
2021-06-09T10:26:00,400.0,31.25,B
2021-06-09T10:25:56,200.0,31.2,B
2021-06-09T10:25:48,1000.0,31.25,B
2021-06-09T10:25:46,800.0,31.2,B
2021-06-09T10:25:46,5300.0,31.2,B
2021-06-09T10:25:46,17000.0,31.2,B
2021-06-09T10:25:32,200.0,31.15,B
2021-06-09T10:25:28,1500.0,31.2,B
2021-06-09T10:25:28,100.0,31.15,B
2021-06-09T10:25:27,500.0,31.15,B
2021-06-09T10:25:24,1000.0,31.2,B
2021-06-09T10:25:14,100.0,31.15,B
2021-06-09T10:25:09,600.0,31.15,B
2021-06-09T10:25:04,200.0,31.15,B
2021-06-09T10:25:01,300.0,31.15,B
2021-06-09T10:25:01,1000.0,31.2,B
2021-06-09T10:25:00,300.0,31.2,B
2021-06-09T10:24:57,100.0,31.15,B
2021-06-09T10:24:40,400.0,31.15,B
2021-06-09T10:24:37,100.0,31.15,B
2021-06-09T10:24:34,3000.0,31.2,B
2021-06-09T10:24:28,200.0,31.15,B
2021-06-09T10:24:23,200.0,31.15,B
2021-06-09T10:24:23,2000.0,31.2,B
2021-06-09T10:24:16,100.0,31.15,B
2021-06-09T10:24:15,300.0,31.15,B
2021-06-09T10:24:13,100.0,31.15,B
2021-06-09T10:24:10,100.0,31.15,B
2021-06-09T10:24:10,3400.0,31.15,B
2021-06-09T10:24:08,1000.0,31.2,B
2021-06-09T10:24:07,100.0,31.15,B
2021-06-09T10:24:07,5000.0,31.2,B
2021-06-09T10:24:06,5000.0,31.2,B
2021-06-09T10:24:06,1000.0,31.15,B
2021-06-09T10:24:00,5500.0,31.2,B
2021-06-09T10:23:51,100.0,31.15,B
2021-06-09T10:23:46,300.0,31.15,B
2021-06-09T10:23:30,400.0,31.15,B
2021-06-09T10:23:25,300.0,31.1,S
2021-06-09T10:23:21,1000.0,31.2,B
2021-06-09T10:23:15,200.0,31.15,B
2021-06-09T10:23:09,300.0,31.1,S
2021-06-09T10:22:46,800.0,31.1,S
2021-06-09T10:22:45,200.0,31.15,B
2021-06-09T10:22:45,100.0,31.15,B
2021-06-09T10:22:40,100.0,31.15,B
2021-06-09T10:22:38,100.0,31.15,B
2021-06-09T10:22:38,100.0,31.15,B
2021-06-09T10:22:34,600.0,31.15,B
2021-06-09T10:22:29,100.0,31.2,B
2021-06-09T10:22:29,3200.0,31.2,B
2021-06-09T10:22:26,1000.0,31.15,B
2021-06-09T10:22:24,100.0,31.2,B
2021-06-09T10:22:24,300.0,31.2,B
2021-06-09T10:22:22,1000.0,31.15,B
2021-06-09T10:22:22,500.0,31.2,B
2021-06-09T10:22:16,600.0,31.15,B
2021-06-09T10:22:13,400.0,31.15,B
2021-06-09T10:22:05,2000.0,31.2,B
2021-06-09T10:22:05,200.0,31.2,B
2021-06-09T10:22:04,900.0,31.1,S
2021-06-09T10:22:03,100.0,31.2,B
2021-06-09T10:22:02,200.0,31.1,S
2021-06-09T10:22:01,1000.0,31.1,S
2021-06-09T10:21:56,1100.0,31.1,S
2021-06-09T10:21:52,500.0,31.2,B
2021-06-09T10:21:49,600.0,31.1,S
2021-06-09T10:21:49,1000.0,31.1,S
2021-06-09T10:21:47,400.0,31.1,S
2021-06-09T10:21:46,200.0,31.1,S
2021-06-09T10:21:46,400.0,31.1,S
2021-06-09T10:21:43,200.0,31.1,S
2021-06-09T10:21:40,200.0,31.1,S
2021-06-09T10:21:38,200.0,31.1,S
2021-06-09T10:21:36,200.0,31.1,S
2021-06-09T10:21:36,200.0,31.1,S
2021-06-09T10:21:34,100.0,31.1,S
2021-06-09T10:21:33,100.0,31.1,S
2021-06-09T10:21:32,400.0,31.1,S
2021-06-09T10:21:30,400.0,31.1,S
2021-06-09T10:21:27,800.0,31.1,S
2021-06-09T10:21:24,400.0,31.1,S
2021-06-09T10:21:22,1600.0,31.1,S
2021-06-09T10:21:20,400.0,31.1,S
2021-06-09T10:21:13,300.0,31.1,S
2021-06-09T10:21:10,100.0,31.1,S
2021-06-09T10:21:09,300.0,31.2,B
2021-06-09T10:21:09,1900.0,31.1,S
2021-06-09T10:21:08,100.0,31.15,B
2021-06-09T10:21:06,100.0,31.15,B
2021-06-09T10:20:41,100.0,31.1,S
2021-06-09T10:20:37,100.0,31.1,S
2021-06-09T10:20:33,100.0,31.1,S
2021-06-09T10:20:27,4300.0,31.1,S
2021-06-09T10:20:24,100.0,31.1,S
2021-06-09T10:20:21,200.0,31.1,S
2021-06-09T10:20:15,500.0,31.0,S
2021-06-09T10:20:15,300.0,31.1,S
2021-06-09T10:20:14,700.0,31.1,S
2021-06-09T10:20:08,2100.0,31.2,B
2021-06-09T10:20:08,900.0,31.15,B
2021-06-09T10:20:01,500.0,31.0,S
2021-06-09T10:19:54,3200.0,31.0,S
2021-06-09T10:19:52,300.0,31.1,B
2021-06-09T10:19:51,2000.0,31.0,S
2021-06-09T10:19:44,400.0,31.0,S
2021-06-09T10:19:41,100.0,31.0,S
2021-06-09T10:19:40,1000.0,31.0,S
2021-06-09T10:19:37,100.0,31.0,S
2021-06-09T10:19:37,200.0,31.0,S
2021-06-09T10:19:35,200.0,31.0,S
2021-06-09T10:19:34,100.0,31.0,S
2021-06-09T10:19:32,4600.0,31.0,S
2021-06-09T10:19:32,1300.0,31.1,B
2021-06-09T10:19:32,100.0,31.1,B
2021-06-09T10:19:30,400.0,31.0,S
2021-06-09T10:19:28,2000.0,31.0,S
2021-06-09T10:19:26,100.0,31.0,S
2021-06-09T10:19:26,2000.0,31.0,S
2021-06-09T10:19:25,1100.0,31.0,S
2021-06-09T10:19:24,5100.0,31.1,B
2021-06-09T10:19:21,2200.0,31.1,B
2021-06-09T10:19:20,3000.0,31.1,B
2021-06-09T10:19:19,200.0,31.0,S
2021-06-09T10:19:16,1000.0,31.0,S
2021-06-09T10:19:12,400.0,31.0,S
2021-06-09T10:19:12,700.0,31.0,S
2021-06-09T10:19:11,200.0,31.0,S
2021-06-09T10:19:10,1000.0,31.0,S
2021-06-09T10:19:06,1000.0,31.0,S
2021-06-09T10:19:05,1000.0,31.0,S
2021-06-09T10:19:03,100.0,31.0,S
2021-06-09T10:19:02,800.0,31.0,S
2021-06-09T10:19:01,500.0,31.0,S
2021-06-09T10:19:00,900.0,31.0,S
2021-06-09T10:19:00,500.0,31.05,S
2021-06-09T10:19:00,800.0,31.05,S
2021-06-09T10:18:59,300.0,31.1,B
2021-06-09T10:18:56,2300.0,31.1,B
2021-06-09T10:18:47,2200.0,31.1,B
2021-06-09T10:18:46,400.0,31.05,S
2021-06-09T10:18:45,8000.0,31.05,S
2021-06-09T10:18:41,2000.0,31.1,B
2021-06-09T10:18:39,300.0,31.1,B
2021-06-09T10:18:38,200.0,31.0,S
2021-06-09T10:18:37,100.0,31.0,S
2021-06-09T10:18:36,100.0,31.0,S
2021-06-09T10:18:36,100.0,31.0,S
2021-06-09T10:18:34,600.0,31.0,S
2021-06-09T10:18:30,200.0,31.0,S
2021-06-09T10:18:27,200.0,31.0,S
2021-06-09T10:18:24,1100.0,31.1,B
2021-06-09T10:18:24,100.0,31.1,B
2021-06-09T10:18:23,8800.0,31.1,B
2021-06-09T10:18:23,500.0,31.0,S
2021-06-09T10:18:15,100.0,31.0,S
2021-06-09T10:18:10,500.0,31.0,S
2021-06-09T10:18:08,200.0,31.1,B
2021-06-09T10:18:06,500.0,31.0,S
2021-06-09T10:18:01,100.0,31.0,S
2021-06-09T10:17:57,600.0,31.1,B
2021-06-09T10:17:55,200.0,31.0,S
2021-06-09T10:17:54,100.0,30.9,S
2021-06-09T10:17:54,100.0,30.9,S
2021-06-09T10:17:53,100.0,30.9,S
2021-06-09T10:17:48,100.0,30.9,S
2021-06-09T10:17:45,1700.0,30.9,S
2021-06-09T10:17:45,3200.0,30.9,S
2021-06-09T10:17:45,13800.0,30.9,S
2021-06-09T10:17:45,3100.0,30.9,S
2021-06-09T10:17:45,100.0,31.0,S
2021-06-09T10:17:42,200.0,31.1,B
2021-06-09T10:17:39,100.0,30.95,S
2021-06-09T10:17:34,200.0,31.0,S
2021-06-09T10:17:32,200.0,31.0,S
2021-06-09T10:17:31,100.0,31.0,S
2021-06-09T10:17:31,100.0,31.1,B
2021-06-09T10:17:26,400.0,31.0,S
2021-06-09T10:17:24,700.0,31.0,S
2021-06-09T10:17:23,100.0,31.0,S
2021-06-09T10:17:23,1300.0,31.1,B
2021-06-09T10:17:23,1200.0,31.1,B
2021-06-09T10:17:23,900.0,31.1,B
2021-06-09T10:17:23,100.0,31.1,B
2021-06-09T10:17:23,100.0,31.1,B
2021-06-09T10:17:23,200.0,31.1,B
2021-06-09T10:17:23,1000.0,31.1,B
2021-06-09T10:17:23,700.0,31.1,B
2021-06-09T10:17:23,200.0,31.1,B
2021-06-09T10:17:22,1300.0,31.1,B
2021-06-09T10:17:12,200.0,31.0,S
2021-06-09T10:17:02,200.0,31.0,S
2021-06-09T10:17:00,300.0,31.0,S
2021-06-09T10:17:00,100.0,31.0,S
2021-06-09T10:16:54,200.0,31.1,B
2021-06-09T10:16:51,200.0,31.0,S
2021-06-09T10:16:51,100.0,31.0,S
2021-06-09T10:16:51,9700.0,31.0,S
2021-06-09T10:16:50,600.0,31.0,S
2021-06-09T10:16:49,100.0,31.0,S
2021-06-09T10:16:49,100.0,31.0,S
2021-06-09T10:16:47,100.0,31.0,S
2021-06-09T10:16:46,200.0,31.0,S
2021-06-09T10:16:44,200.0,31.1,B
2021-06-09T10:16:43,200.0,31.0,S
2021-06-09T10:16:39,200.0,31.0,S
2021-06-09T10:16:37,300.0,31.0,S
2021-06-09T10:16:34,500.0,31.0,S
2021-06-09T10:16:33,5000.0,31.1,B
2021-06-09T10:16:32,100.0,31.05,S
2021-06-09T10:16:30,100.0,31.0,S
2021-06-09T10:16:26,1000.0,31.0,S
