tradingTime,volume,price,side
2021-07-15T14:29:48,500.0,12.05,S
2021-07-15T14:29:21,100.0,12.1,B
2021-07-15T14:29:11,500.0,12.1,B
2021-07-15T14:28:58,500.0,12.1,B
2021-07-15T14:28:32,2000.0,12.1,B
2021-07-15T14:27:26,1600.0,12.1,S
2021-07-15T14:27:23,200.0,12.1,S
2021-07-15T14:27:16,200.0,12.1,S
2021-07-15T14:27:12,5000.0,12.1,S
2021-07-15T14:27:10,11200.0,12.1,S
2021-07-15T14:27:07,500.0,12.1,S
2021-07-15T14:26:48,2000.0,12.1,S
2021-07-15T14:26:29,1000.0,12.1,S
2021-07-15T14:26:29,10000.0,12.1,S
2021-07-15T14:26:16,5000.0,12.1,S
2021-07-15T14:26:11,500.0,12.1,S
2021-07-15T14:25:29,2000.0,12.1,S
2021-07-15T14:25:23,2000.0,12.1,S
2021-07-15T14:25:16,100.0,12.1,S
2021-07-15T14:24:01,300.0,12.1,S
2021-07-15T14:23:19,100.0,12.15,B
2021-07-15T14:21:58,100.0,12.15,B
2021-07-15T14:19:42,800.0,12.15,B
2021-07-15T14:18:14,2000.0,12.15,B
2021-07-15T14:17:43,1000.0,12.1,S
2021-07-15T14:17:15,1500.0,12.1,B
2021-07-15T14:17:15,1000.0,12.1,B
2021-07-15T14:17:15,5200.0,12.1,B
2021-07-15T14:16:48,6100.0,12.1,B
2021-07-15T14:16:48,13500.0,12.1,B
2021-07-15T14:16:48,4600.0,12.1,B
2021-07-15T14:16:48,6600.0,12.1,B
2021-07-15T14:16:48,7200.0,12.1,B
2021-07-15T14:16:31,500.0,12.1,B
2021-07-15T14:15:29,1000.0,12.1,B
2021-07-15T14:15:04,1000.0,12.1,B
2021-07-15T14:14:36,2000.0,12.1,B
2021-07-15T14:13:23,500.0,12.05,S
2021-07-15T14:09:49,300.0,12.05,S
2021-07-15T14:09:32,100.0,12.1,B
2021-07-15T14:09:26,600.0,12.1,B
2021-07-15T14:09:23,500.0,12.05,S
2021-07-15T14:09:02,8400.0,12.1,S
2021-07-15T14:08:44,600.0,12.1,B
2021-07-15T14:08:34,9300.0,12.1,B
2021-07-15T14:08:34,800.0,12.1,B
2021-07-15T14:08:34,500.0,12.05,S
2021-07-15T14:07:46,300.0,12.05,S
2021-07-15T14:07:36,10000.0,12.05,S
2021-07-15T14:07:32,100.0,12.05,S
2021-07-15T14:07:05,9600.0,12.05,S
2021-07-15T14:07:05,3000.0,12.05,S
2021-07-15T14:07:05,2400.0,12.05,S
2021-07-15T14:06:30,200.0,12.1,B
2021-07-15T14:06:10,5500.0,12.1,S
2021-07-15T14:05:46,5000.0,12.1,S
2021-07-15T14:05:33,100.0,12.15,B
2021-07-15T14:04:49,2300.0,12.1,S
2021-07-15T14:04:32,100.0,12.1,S
2021-07-15T14:04:31,1000.0,12.1,S
2021-07-15T14:04:26,6100.0,12.1,B
2021-07-15T14:04:01,100.0,12.1,B
2021-07-15T14:04:01,100.0,12.1,B
2021-07-15T14:03:59,600.0,12.1,B
2021-07-15T14:03:55,1000.0,12.1,B
2021-07-15T14:03:45,400.0,12.1,B
2021-07-15T14:03:45,1100.0,12.1,B
2021-07-15T14:03:42,4300.0,12.1,B
2021-07-15T14:03:19,10000.0,12.1,B
2021-07-15T14:03:10,5000.0,12.1,B
2021-07-15T14:03:06,500.0,12.1,B
2021-07-15T14:03:06,2000.0,12.1,B
2021-07-15T14:03:06,2100.0,12.1,B
2021-07-15T14:03:06,400.0,12.1,B
2021-07-15T14:02:55,200.0,12.1,B
2021-07-15T14:02:39,30000.0,12.1,B
2021-07-15T14:02:26,1000.0,12.1,B
2021-07-15T14:02:02,20000.0,12.1,B
2021-07-15T14:01:36,100.0,12.1,B
2021-07-15T14:00:52,300.0,12.1,B
2021-07-15T14:00:18,500.0,12.1,B
2021-07-15T14:00:06,5000.0,12.1,B
2021-07-15T13:59:50,100.0,12.05,S
2021-07-15T13:59:36,3500.0,12.05,B
2021-07-15T13:59:23,2000.0,12.05,B
2021-07-15T13:59:20,400.0,12.05,B
2021-07-15T13:59:01,2500.0,12.05,B
2021-07-15T13:58:55,5000.0,12.05,B
2021-07-15T13:58:54,100.0,12.05,B
2021-07-15T13:58:24,500.0,12.05,B
2021-07-15T13:58:16,3500.0,12.05,B
2021-07-15T13:57:10,200.0,12.05,B
2021-07-15T13:57:09,1000.0,12.05,B
2021-07-15T13:56:57,1000.0,12.05,B
2021-07-15T13:56:54,100.0,12.05,B
2021-07-15T13:56:14,400.0,12.05,B
2021-07-15T13:55:30,1300.0,12.05,B
2021-07-15T13:55:30,5000.0,12.05,B
2021-07-15T13:55:30,1000.0,12.05,B
2021-07-15T13:55:24,500.0,12.0,S
2021-07-15T13:55:13,300.0,12.0,S
2021-07-15T13:54:58,100.0,12.05,B
2021-07-15T13:53:59,2000.0,12.05,B
2021-07-15T13:53:15,300.0,12.05,B
2021-07-15T13:52:56,100.0,12.05,B
2021-07-15T13:52:35,700.0,12.05,B
2021-07-15T13:52:35,200.0,12.05,B
2021-07-15T13:52:35,5500.0,12.05,B
2021-07-15T13:52:35,100.0,12.05,B
2021-07-15T13:52:35,1500.0,12.05,B
2021-07-15T13:52:27,300.0,12.05,B
2021-07-15T13:52:07,200.0,12.05,B
2021-07-15T13:51:55,2900.0,12.05,B
2021-07-15T13:51:26,900.0,12.05,B
2021-07-15T13:51:23,500.0,12.0,S
2021-07-15T13:51:12,2000.0,12.05,B
2021-07-15T13:51:03,500.0,12.05,B
2021-07-15T13:50:58,1300.0,12.05,B
2021-07-15T13:50:57,2000.0,12.0,S
2021-07-15T13:50:41,4000.0,12.05,B
2021-07-15T13:50:30,100.0,12.0,S
2021-07-15T13:50:12,200.0,12.0,S
2021-07-15T13:49:36,4400.0,12.05,B
2021-07-15T13:49:26,12700.0,12.05,S
2021-07-15T13:49:16,500.0,12.05,S
2021-07-15T13:49:09,1000.0,12.05,S
2021-07-15T13:49:03,6000.0,12.05,S
2021-07-15T13:48:53,400.0,12.05,S
2021-07-15T13:48:43,1000.0,12.1,B
2021-07-15T13:48:41,3000.0,12.05,S
2021-07-15T13:47:53,8900.0,12.05,S
2021-07-15T13:47:50,1000.0,12.05,S
2021-07-15T13:47:35,1000.0,12.05,S
2021-07-15T13:47:32,100.0,12.1,B
2021-07-15T13:47:27,100.0,12.05,S
2021-07-15T13:47:24,1000.0,12.05,S
2021-07-15T13:47:11,3000.0,12.05,S
2021-07-15T13:47:11,1000.0,12.05,S
2021-07-15T13:46:35,100.0,12.05,S
2021-07-15T13:46:28,2000.0,12.05,S
2021-07-15T13:45:58,900.0,12.05,S
2021-07-15T13:45:53,1000.0,12.05,S
2021-07-15T13:45:29,7600.0,12.05,B
2021-07-15T13:45:19,200.0,12.05,B
2021-07-15T13:45:12,2000.0,12.05,B
2021-07-15T13:45:03,9000.0,12.05,B
2021-07-15T13:44:51,100.0,12.05,B
2021-07-15T13:44:24,500.0,12.05,B
2021-07-15T13:43:59,5000.0,12.0,B
2021-07-15T13:43:59,10100.0,12.0,B
2021-07-15T13:43:59,1300.0,12.0,B
2021-07-15T13:43:59,1100.0,12.0,B
2021-07-15T13:43:59,400.0,12.0,B
2021-07-15T13:43:59,6100.0,12.0,B
2021-07-15T13:43:55,5000.0,12.0,B
2021-07-15T13:43:53,800.0,12.0,B
2021-07-15T13:43:50,5000.0,12.0,B
2021-07-15T13:43:44,100.0,12.0,B
2021-07-15T13:43:41,1700.0,12.0,B
2021-07-15T13:43:37,1800.0,12.0,B
2021-07-15T13:43:35,1000.0,12.0,B
2021-07-15T13:43:33,1000.0,12.0,B
2021-07-15T13:43:33,1000.0,12.0,B
2021-07-15T13:43:33,3300.0,12.0,B
2021-07-15T13:43:33,200.0,12.0,B
2021-07-15T13:43:33,2800.0,12.0,B
2021-07-15T13:43:33,12700.0,12.0,B
2021-07-15T13:43:08,2000.0,12.0,B
2021-07-15T13:43:07,200.0,12.0,B
2021-07-15T13:42:26,3200.0,11.95,B
2021-07-15T13:42:23,5000.0,11.95,B
2021-07-15T13:42:14,900.0,11.95,B
2021-07-15T13:42:14,9100.0,11.95,B
2021-07-15T13:42:07,2900.0,11.95,B
2021-07-15T13:42:07,300.0,11.95,B
2021-07-15T13:42:07,700.0,11.95,B
2021-07-15T13:42:07,1100.0,11.95,B
2021-07-15T13:42:07,15000.0,11.95,B
2021-07-15T13:42:00,1200.0,11.9,S
2021-07-15T13:41:38,1500.0,11.95,B
2021-07-15T13:41:01,1500.0,11.9,S
2021-07-15T13:39:08,14000.0,11.9,B
2021-07-15T13:39:08,5700.0,11.9,B
2021-07-15T13:39:08,3100.0,11.9,B
2021-07-15T13:39:08,1100.0,11.9,B
2021-07-15T13:39:08,100.0,11.9,B
2021-07-15T13:39:08,12500.0,11.9,B
2021-07-15T13:39:08,3100.0,11.9,B
2021-07-15T13:39:08,11700.0,11.9,B
2021-07-15T13:39:08,4800.0,11.9,B
2021-07-15T13:39:08,3000.0,11.9,B
2021-07-15T13:39:08,42200.0,11.9,B
2021-07-15T13:38:59,200.0,11.85,S
2021-07-15T13:38:03,5000.0,11.9,B
2021-07-15T13:36:04,1700.0,11.85,B
2021-07-15T13:35:42,1600.0,11.85,B
2021-07-15T13:35:42,400.0,11.85,B
2021-07-15T13:35:20,100.0,11.85,B
2021-07-15T13:35:08,1900.0,11.85,B
2021-07-15T13:33:35,500.0,11.85,B
2021-07-15T13:33:06,700.0,11.85,B
2021-07-15T13:32:43,400.0,11.8,S
2021-07-15T13:29:38,600.0,11.8,B
2021-07-15T13:28:47,2000.0,11.8,S
2021-07-15T13:28:47,3500.0,11.8,S
2021-07-15T13:28:47,1900.0,11.8,S
2021-07-15T13:28:47,3500.0,11.8,S
2021-07-15T13:28:47,700.0,11.8,S
2021-07-15T13:28:47,1400.0,11.8,S
2021-07-15T13:28:31,11400.0,11.8,S
2021-07-15T13:26:48,300.0,11.8,S
2021-07-15T13:25:38,5000.0,11.85,S
2021-07-15T13:24:15,400.0,11.85,S
2021-07-15T13:24:14,700.0,11.85,S
2021-07-15T13:24:06,3000.0,11.85,S
2021-07-15T13:24:06,1300.0,11.85,S
2021-07-15T13:22:16,6700.0,11.85,B
2021-07-15T13:22:11,4000.0,11.85,S
2021-07-15T13:22:11,18100.0,11.85,S
2021-07-15T13:21:19,100.0,11.85,S
2021-07-15T13:20:49,200.0,11.85,S
2021-07-15T13:20:43,5000.0,11.85,S
2021-07-15T13:20:42,100.0,11.85,S
2021-07-15T13:19:55,300.0,11.85,S
2021-07-15T13:17:49,500.0,11.85,S
2021-07-15T13:16:18,1600.0,11.85,B
2021-07-15T13:16:18,100.0,11.85,B
2021-07-15T13:16:18,5000.0,11.85,B
2021-07-15T13:15:44,500.0,11.85,B
2021-07-15T13:15:38,600.0,11.8,S
2021-07-15T13:14:43,100.0,11.85,B
2021-07-15T13:14:30,100.0,11.85,B
2021-07-15T13:14:16,100.0,11.85,B
2021-07-15T13:14:06,700.0,11.85,B
2021-07-15T13:13:56,10000.0,11.85,B
2021-07-15T13:13:43,2000.0,11.85,B
2021-07-15T13:13:22,100.0,11.85,B
2021-07-15T13:13:13,2000.0,11.85,B
2021-07-15T13:13:01,3900.0,11.85,B
2021-07-15T13:12:23,300.0,11.85,B
2021-07-15T13:12:11,5000.0,11.85,B
2021-07-15T13:12:04,2000.0,11.85,B
2021-07-15T13:12:02,2000.0,11.85,B
2021-07-15T13:10:35,1200.0,11.85,B
2021-07-15T13:10:00,5000.0,11.8,S
2021-07-15T13:09:27,10000.0,11.85,B
2021-07-15T13:08:49,10000.0,11.85,B
2021-07-15T13:06:09,100.0,11.85,B
2021-07-15T13:05:42,2000.0,11.85,B
2021-07-15T13:03:21,100.0,11.85,S
2021-07-15T13:03:09,5000.0,11.85,S
2021-07-15T13:01:29,1100.0,11.85,B
2021-07-15T13:01:29,6300.0,11.85,B
2021-07-15T13:01:29,5000.0,11.85,B
2021-07-15T13:01:29,5500.0,11.85,B
2021-07-15T13:01:19,5700.0,11.85,B
2021-07-15T13:00:28,1500.0,11.85,B
2021-07-15T13:00:17,1000.0,11.85,B
2021-07-15T13:00:11,1000.0,11.85,B
2021-07-15T13:00:11,300.0,11.85,B
2021-07-15T13:00:08,300.0,11.85,B
2021-07-15T13:00:05,5000.0,11.85,B
2021-07-15T13:00:03,200.0,11.85,B
2021-07-15T11:29:37,3000.0,11.85,B
2021-07-15T11:29:16,4200.0,11.85,B
2021-07-15T11:29:13,5800.0,11.85,B
2021-07-15T11:27:32,100.0,11.85,B
2021-07-15T11:25:51,600.0,11.8,S
2021-07-15T11:24:31,100.0,11.8,S
2021-07-15T11:23:17,1000.0,11.8,S
2021-07-15T11:21:44,500.0,11.8,S
2021-07-15T11:20:03,100.0,11.85,B
2021-07-15T11:17:50,800.0,11.85,B
2021-07-15T11:17:10,100.0,11.85,B
2021-07-15T11:16:44,200.0,11.85,B
2021-07-15T11:16:06,100.0,11.85,B
2021-07-15T11:15:56,20000.0,11.85,B
2021-07-15T11:15:43,200.0,11.8,S
2021-07-15T11:15:35,2900.0,11.8,B
2021-07-15T11:15:31,10000.0,11.8,B
2021-07-15T11:15:23,1000.0,11.8,B
2021-07-15T11:15:19,5000.0,11.8,B
2021-07-15T11:15:16,10000.0,11.8,B
2021-07-15T11:15:09,200.0,11.8,B
2021-07-15T11:14:19,2000.0,11.8,B
2021-07-15T11:14:17,1400.0,11.8,B
2021-07-15T11:14:12,2000.0,11.8,B
2021-07-15T11:14:05,700.0,11.8,B
2021-07-15T11:13:42,34100.0,11.8,B
2021-07-15T11:13:42,900.0,11.8,B
2021-07-15T11:13:42,11500.0,11.8,B
2021-07-15T11:13:25,100.0,11.75,S
2021-07-15T11:02:40,5000.0,11.75,B
2021-07-15T11:02:40,4100.0,11.75,B
2021-07-15T11:01:26,2000.0,11.75,S
2021-07-15T11:01:26,2000.0,11.75,S
2021-07-15T11:01:26,6900.0,11.75,S
2021-07-15T11:00:59,1000.0,11.75,S
2021-07-15T11:00:08,9000.0,11.75,S
2021-07-15T10:59:23,100.0,11.8,B
2021-07-15T10:57:47,500.0,11.8,B
2021-07-15T10:57:38,200.0,11.8,B
2021-07-15T10:55:21,300.0,11.8,B
2021-07-15T10:55:00,200.0,11.8,B
2021-07-15T10:54:42,200.0,11.8,B
2021-07-15T10:54:26,100.0,11.8,B
2021-07-15T10:54:10,10000.0,11.8,B
2021-07-15T10:53:51,1100.0,11.8,B
2021-07-15T10:53:26,1000.0,11.8,B
2021-07-15T10:53:12,10100.0,11.8,B
2021-07-15T10:53:12,3200.0,11.8,B
2021-07-15T10:53:12,5100.0,11.8,B
2021-07-15T10:53:12,2200.0,11.8,B
2021-07-15T10:52:24,100.0,11.8,B
2021-07-15T10:51:20,200.0,11.8,B
2021-07-15T10:51:06,300.0,11.8,B
2021-07-15T10:49:32,1000.0,11.75,S
2021-07-15T10:49:22,1000.0,11.75,S
2021-07-15T10:48:48,5000.0,11.75,S
2021-07-15T10:47:26,1000.0,11.75,S
2021-07-15T10:47:02,3000.0,11.75,S
2021-07-15T10:46:36,15000.0,11.75,S
2021-07-15T10:45:50,5200.0,11.75,S
2021-07-15T10:45:28,1000.0,11.75,S
2021-07-15T10:44:56,5000.0,11.75,S
2021-07-15T10:44:03,1000.0,11.8,B
2021-07-15T10:43:17,200.0,11.8,B
2021-07-15T10:43:17,1100.0,11.8,S
2021-07-15T10:43:11,1000.0,11.8,S
2021-07-15T10:42:28,500.0,11.85,B
2021-07-15T10:41:21,200.0,11.85,B
2021-07-15T10:41:07,100.0,11.85,B
2021-07-15T10:40:03,3700.0,11.8,B
2021-07-15T10:40:01,100.0,11.75,S
2021-07-15T10:39:37,1000.0,11.8,B
2021-07-15T10:38:59,10000.0,11.8,B
2021-07-15T10:36:59,1000.0,11.8,B
2021-07-15T10:35:56,5000.0,11.8,B
2021-07-15T10:33:57,500.0,11.75,S
2021-07-15T10:33:33,5000.0,11.75,S
2021-07-15T10:33:20,5000.0,11.75,S
2021-07-15T10:33:06,20000.0,11.75,S
2021-07-15T10:32:34,900.0,11.8,B
2021-07-15T10:31:39,1000.0,11.8,B
2021-07-15T10:31:39,100.0,11.8,S
2021-07-15T10:31:39,3200.0,11.8,S
2021-07-15T10:31:39,21000.0,11.8,S
2021-07-15T10:31:38,30000.0,11.8,S
2021-07-15T10:31:38,29500.0,11.8,S
2021-07-15T10:28:49,200.0,11.85,B
2021-07-15T10:28:09,300.0,11.85,B
2021-07-15T10:27:34,600.0,11.85,B
2021-07-15T10:26:55,17000.0,11.85,S
2021-07-15T10:25:49,100.0,11.85,S
2021-07-15T10:25:17,1800.0,11.85,S
2021-07-15T10:24:32,200.0,11.85,S
2021-07-15T10:23:51,100.0,11.85,B
2021-07-15T10:23:38,400.0,11.85,B
2021-07-15T10:23:38,500.0,11.85,B
2021-07-15T10:23:38,100.0,11.85,B
2021-07-15T10:22:44,100.0,11.85,B
2021-07-15T10:22:02,1200.0,11.85,S
2021-07-15T10:21:21,800.0,11.85,B
2021-07-15T10:20:57,400.0,11.85,S
2021-07-15T10:20:57,3800.0,11.85,S
2021-07-15T10:19:09,100.0,11.85,B
2021-07-15T10:19:09,1100.0,11.85,B
2021-07-15T10:18:50,5700.0,11.85,B
2021-07-15T10:18:40,3000.0,11.85,B
2021-07-15T10:18:35,3400.0,11.85,B
2021-07-15T10:18:35,300.0,11.85,B
2021-07-15T10:18:35,1000.0,11.85,B
2021-07-15T10:18:35,1600.0,11.85,B
2021-07-15T10:18:35,3700.0,11.85,B
2021-07-15T10:18:11,200.0,11.85,B
2021-07-15T10:17:54,200.0,11.85,B
2021-07-15T10:16:27,100.0,11.85,B
2021-07-15T10:16:10,500.0,11.8,S
2021-07-15T10:15:17,1000.0,11.8,S
2021-07-15T10:15:04,200.0,11.8,S
2021-07-15T10:14:45,100.0,11.8,S
2021-07-15T10:13:01,100.0,11.8,S
2021-07-15T10:12:43,7500.0,11.8,S
2021-07-15T10:12:29,300.0,11.8,S
2021-07-15T10:11:59,2000.0,11.8,S
2021-07-15T10:11:35,500.0,11.8,S
2021-07-15T10:11:02,500.0,11.85,B
2021-07-15T10:10:53,2000.0,11.85,B
2021-07-15T10:10:14,400.0,11.85,B
2021-07-15T10:09:57,4600.0,11.85,B
2021-07-15T10:09:57,2600.0,11.85,B
2021-07-15T10:09:32,1000.0,11.85,B
2021-07-15T10:08:54,1000.0,11.85,B
2021-07-15T10:08:07,100.0,11.85,B
2021-07-15T10:07:59,3500.0,11.85,S
2021-07-15T10:07:53,2000.0,11.9,B
2021-07-15T10:07:43,5000.0,11.85,S
2021-07-15T10:07:39,3000.0,11.85,S
2021-07-15T10:07:34,3000.0,11.85,S
2021-07-15T10:07:31,2000.0,11.9,B
2021-07-15T10:07:29,200.0,11.85,S
2021-07-15T10:07:26,500.0,11.85,S
2021-07-15T10:07:16,300.0,11.85,S
2021-07-15T10:06:21,1600.0,11.9,B
2021-07-15T10:06:07,20000.0,11.9,B
2021-07-15T10:06:01,500.0,11.85,S
2021-07-15T10:05:40,100.0,11.85,S
2021-07-15T10:05:16,500.0,11.85,S
2021-07-15T10:05:01,500.0,11.85,S
2021-07-15T10:04:47,500.0,11.9,B
2021-07-15T10:04:34,9100.0,11.9,B
2021-07-15T10:04:34,900.0,11.9,B
2021-07-15T10:03:39,500.0,11.9,B
2021-07-15T10:03:11,4000.0,11.9,B
2021-07-15T10:03:09,1000.0,11.85,S
2021-07-15T10:03:05,4500.0,11.9,B
2021-07-15T10:02:34,1000.0,11.9,B
2021-07-15T10:02:21,200.0,11.9,B
2021-07-15T10:02:20,300.0,11.9,B
2021-07-15T10:01:58,300.0,11.85,S
2021-07-15T10:01:44,1000.0,11.85,S
2021-07-15T10:01:28,1000.0,11.85,S
2021-07-15T10:01:24,100.0,11.85,S
2021-07-15T10:01:01,100.0,11.85,S
2021-07-15T10:00:25,100.0,11.85,B
2021-07-15T10:00:20,1000.0,11.85,B
2021-07-15T10:00:09,3900.0,11.85,B
2021-07-15T10:00:06,5000.0,11.85,B
2021-07-15T10:00:06,1100.0,11.85,B
2021-07-15T09:59:40,600.0,11.8,S
2021-07-15T09:59:20,4100.0,11.85,B
2021-07-15T09:59:20,800.0,11.85,B
2021-07-15T09:59:20,100.0,11.85,B
2021-07-15T09:59:08,10000.0,11.85,B
2021-07-15T09:58:41,100.0,11.85,B
2021-07-15T09:57:57,10000.0,11.85,B
2021-07-15T09:57:36,1000.0,11.85,B
2021-07-15T09:56:25,400.0,11.85,B
2021-07-15T09:55:54,2000.0,11.85,B
2021-07-15T09:55:06,10000.0,11.8,S
2021-07-15T09:53:17,3000.0,11.8,B
2021-07-15T09:53:07,200.0,11.8,B
2021-07-15T09:53:06,1800.0,11.8,B
2021-07-15T09:52:51,3000.0,11.8,B
2021-07-15T09:52:51,100.0,11.8,B
2021-07-15T09:52:47,1900.0,11.8,B
2021-07-15T09:52:30,100.0,11.8,B
2021-07-15T09:52:12,10000.0,11.8,B
2021-07-15T09:51:37,200.0,11.8,B
2021-07-15T09:51:12,100.0,11.8,B
2021-07-15T09:51:07,700.0,11.8,S
2021-07-15T09:51:04,10000.0,11.8,S
2021-07-15T09:50:29,2000.0,11.85,B
2021-07-15T09:50:22,100.0,11.85,B
2021-07-15T09:50:13,1100.0,11.85,B
2021-07-15T09:49:59,200.0,11.85,B
2021-07-15T09:49:40,1000.0,11.85,B
2021-07-15T09:49:24,1000.0,11.85,B
2021-07-15T09:49:19,200.0,11.8,S
2021-07-15T09:49:19,2200.0,11.85,S
2021-07-15T09:49:16,2800.0,11.85,B
2021-07-15T09:49:15,1000.0,11.85,B
2021-07-15T09:49:14,1000.0,11.85,B
2021-07-15T09:49:12,300.0,11.85,B
2021-07-15T09:49:10,1000.0,11.85,B
2021-07-15T09:49:08,500.0,11.85,B
2021-07-15T09:49:06,5000.0,11.85,B
2021-07-15T09:48:57,5000.0,11.85,B
2021-07-15T09:48:54,1000.0,11.85,B
2021-07-15T09:48:49,2500.0,11.85,B
2021-07-15T09:48:43,1000.0,11.85,B
2021-07-15T09:48:31,300.0,11.85,B
2021-07-15T09:48:31,700.0,11.85,B
2021-07-15T09:48:18,300.0,11.85,B
2021-07-15T09:48:15,100.0,11.8,S
2021-07-15T09:48:05,15000.0,11.8,S
2021-07-15T09:47:03,300.0,11.8,B
2021-07-15T09:47:03,2000.0,11.8,B
2021-07-15T09:47:03,11000.0,11.8,B
2021-07-15T09:47:03,500.0,11.8,B
2021-07-15T09:47:03,700.0,11.8,B
2021-07-15T09:47:03,6100.0,11.8,B
2021-07-15T09:47:03,2700.0,11.8,B
2021-07-15T09:47:03,2000.0,11.8,B
2021-07-15T09:47:03,12700.0,11.8,B
2021-07-15T09:47:03,5000.0,11.8,B
2021-07-15T09:46:49,2000.0,11.8,B
2021-07-15T09:46:47,100.0,11.8,B
2021-07-15T09:46:44,200.0,11.8,B
2021-07-15T09:46:44,100.0,11.8,B
2021-07-15T09:46:27,100.0,11.8,B
2021-07-15T09:45:52,1000.0,11.8,B
2021-07-15T09:45:21,2600.0,11.8,B
2021-07-15T09:45:01,17200.0,11.8,B
2021-07-15T09:45:01,2000.0,11.8,B
2021-07-15T09:45:01,1600.0,11.8,B
2021-07-15T09:45:01,9700.0,11.8,B
2021-07-15T09:45:01,100.0,11.8,B
2021-07-15T09:45:01,4400.0,11.8,B
2021-07-15T09:44:59,1000.0,11.7,S
2021-07-15T09:44:47,1300.0,11.75,B
2021-07-15T09:44:47,2500.0,11.75,B
2021-07-15T09:43:28,2000.0,11.75,B
2021-07-15T09:42:28,500.0,11.75,B
2021-07-15T09:42:08,100.0,11.75,B
2021-07-15T09:41:42,500.0,11.75,B
2021-07-15T09:40:59,1000.0,11.75,B
2021-07-15T09:40:43,1000.0,11.75,B
2021-07-15T09:39:08,400.0,11.7,S
2021-07-15T09:38:36,100.0,11.7,S
2021-07-15T09:38:31,100.0,11.7,B
2021-07-15T09:38:09,800.0,11.7,B
2021-07-15T09:38:09,5300.0,11.7,B
2021-07-15T09:38:09,700.0,11.7,B
2021-07-15T09:38:09,2600.0,11.7,B
2021-07-15T09:38:09,400.0,11.7,B
2021-07-15T09:38:09,200.0,11.7,B
2021-07-15T09:38:09,1000.0,11.7,B
2021-07-15T09:37:49,3900.0,11.7,B
2021-07-15T09:37:30,100.0,11.7,B
2021-07-15T09:36:08,100.0,11.65,S
2021-07-15T09:34:51,500.0,11.6,S
2021-07-15T09:34:48,500.0,11.65,B
2021-07-15T09:33:08,200.0,11.6,S
2021-07-15T09:33:06,15000.0,11.6,S
2021-07-15T09:31:16,100.0,11.55,S
2021-07-15T09:31:01,100.0,11.55,S
2021-07-15T09:30:53,1000.0,11.55,S
2021-07-15T09:29:55,200.0,11.6,B
2021-07-15T09:28:47,700.0,11.6,B
2021-07-15T09:28:39,500.0,11.6,B
2021-07-15T09:27:04,500.0,11.6,B
2021-07-15T09:26:35,6100.0,11.6,S
2021-07-15T09:26:25,500.0,11.6,S
2021-07-15T09:26:23,2000.0,11.6,S
2021-07-15T09:24:36,200.0,11.6,S
2021-07-15T09:23:37,5000.0,11.6,S
2021-07-15T09:23:20,1500.0,11.6,S
2021-07-15T09:22:51,700.0,11.6,B
2021-07-15T09:22:43,1000.0,11.6,B
2021-07-15T09:22:34,1000.0,11.6,B
2021-07-15T09:22:21,500.0,11.6,B
2021-07-15T09:22:19,500.0,11.6,B
2021-07-15T09:22:13,1000.0,11.6,B
2021-07-15T09:21:48,300.0,11.6,B
2021-07-15T09:21:46,400.0,11.6,B
2021-07-15T09:21:14,2000.0,11.6,B
2021-07-15T09:21:05,3500.0,11.6,B
2021-07-15T09:21:05,500.0,11.6,B
2021-07-15T09:21:05,6000.0,11.6,B
2021-07-15T09:21:03,100.0,11.55,S
2021-07-15T09:20:42,100.0,11.55,S
2021-07-15T09:20:15,400.0,11.55,S
2021-07-15T09:20:10,100.0,11.55,S
2021-07-15T09:19:36,300.0,11.55,B
2021-07-15T09:19:30,2000.0,11.55,B
2021-07-15T09:19:22,500.0,11.55,B
2021-07-15T09:19:19,200.0,11.55,B
2021-07-15T09:19:06,100.0,11.5,S
2021-07-15T09:18:42,1000.0,11.55,B
2021-07-15T09:18:09,100.0,11.5,S
