tradingTime,volume,price,side
2021-07-15T14:29:44,2000.0,53.1,S
2021-07-15T14:29:32,1000.0,53.1,S
2021-07-15T14:29:11,1200.0,53.1,B
2021-07-15T14:29:05,1000.0,53.0,S
2021-07-15T14:28:09,3900.0,53.0,S
2021-07-15T14:27:57,100.0,53.0,S
2021-07-15T14:27:13,500.0,53.1,B
2021-07-15T14:25:11,7000.0,53.1,S
2021-07-15T14:24:02,500.0,53.2,B
2021-07-15T14:23:41,500.0,53.1,S
2021-07-15T14:23:13,100.0,53.1,S
2021-07-15T14:23:05,7000.0,53.1,S
2021-07-15T14:22:55,700.0,53.1,S
2021-07-15T14:22:39,100.0,53.2,B
2021-07-15T14:22:36,100.0,53.1,S
2021-07-15T14:22:22,500.0,53.1,S
2021-07-15T14:21:58,100.0,53.1,S
2021-07-15T14:21:53,2000.0,53.2,B
2021-07-15T14:21:45,1000.0,53.1,S
2021-07-15T14:21:39,1500.0,53.1,B
2021-07-15T14:21:34,1000.0,53.1,B
2021-07-15T14:21:21,1700.0,53.1,B
2021-07-15T14:21:21,2300.0,53.1,B
2021-07-15T14:21:20,4500.0,53.1,B
2021-07-15T14:21:17,1000.0,53.1,B
2021-07-15T14:20:30,100.0,53.1,B
2021-07-15T14:19:44,4000.0,53.1,B
2021-07-15T14:19:20,800.0,53.0,S
2021-07-15T14:19:04,1000.0,53.0,S
2021-07-15T14:18:39,100.0,53.0,S
2021-07-15T14:18:25,5100.0,53.0,B
2021-07-15T14:18:02,1000.0,53.0,B
2021-07-15T14:17:32,10000.0,53.0,B
2021-07-15T14:15:46,3600.0,52.9,B
2021-07-15T14:15:35,100.0,52.9,B
2021-07-15T14:15:18,1300.0,52.9,S
2021-07-15T14:15:12,700.0,52.9,B
2021-07-15T14:14:17,400.0,52.9,B
2021-07-15T14:14:13,3900.0,52.9,S
2021-07-15T14:14:07,900.0,52.9,S
2021-07-15T14:13:28,400.0,53.0,B
2021-07-15T14:13:28,600.0,53.0,B
2021-07-15T14:12:53,300.0,53.0,B
2021-07-15T14:12:33,100.0,52.9,S
2021-07-15T14:12:08,19700.0,53.0,S
2021-07-15T14:11:34,100.0,53.1,B
2021-07-15T14:11:29,100.0,53.0,S
2021-07-15T14:11:02,500.0,53.0,S
2021-07-15T14:10:38,100.0,53.0,S
2021-07-15T14:10:27,300.0,53.0,S
2021-07-15T14:10:00,400.0,53.1,B
2021-07-15T14:09:44,300.0,53.1,B
2021-07-15T14:09:24,400.0,53.1,S
2021-07-15T14:09:22,100.0,53.1,S
2021-07-15T14:09:11,200.0,53.1,S
2021-07-15T14:08:27,100.0,53.1,B
2021-07-15T14:08:04,100.0,53.1,S
2021-07-15T14:08:04,200.0,53.2,B
2021-07-15T14:07:46,100.0,53.1,S
2021-07-15T14:07:10,500.0,53.1,S
2021-07-15T14:06:31,14000.0,53.2,B
2021-07-15T14:06:30,18500.0,53.1,S
2021-07-15T14:05:43,4000.0,53.1,B
2021-07-15T14:05:39,600.0,53.1,B
2021-07-15T14:05:30,1400.0,53.1,B
2021-07-15T14:04:58,200.0,53.1,B
2021-07-15T14:04:31,100.0,53.1,B
2021-07-15T14:04:29,400.0,53.1,B
2021-07-15T14:04:05,400.0,53.1,B
2021-07-15T14:03:56,1000.0,53.1,B
2021-07-15T14:03:55,2000.0,53.1,B
2021-07-15T14:03:13,100.0,53.1,B
2021-07-15T14:03:08,1000.0,53.1,B
2021-07-15T14:03:02,100.0,53.1,B
2021-07-15T14:02:52,600.0,53.1,B
2021-07-15T14:02:50,9000.0,53.0,S
2021-07-15T14:02:28,1600.0,53.1,B
2021-07-15T14:02:28,600.0,53.1,S
2021-07-15T14:02:17,400.0,53.1,B
2021-07-15T14:01:49,4700.0,53.1,B
2021-07-15T14:01:40,10000.0,53.1,S
2021-07-15T14:00:46,500.0,53.1,S
2021-07-15T14:00:33,400.0,53.1,S
2021-07-15T14:00:17,100.0,53.1,S
2021-07-15T13:59:55,200.0,53.1,B
2021-07-15T13:59:55,900.0,53.1,B
2021-07-15T13:59:55,300.0,53.1,B
2021-07-15T13:59:55,20000.0,53.1,B
2021-07-15T13:59:55,4700.0,53.1,B
2021-07-15T13:59:44,100.0,53.1,B
2021-07-15T13:58:59,700.0,53.0,S
2021-07-15T13:58:56,100.0,53.0,S
2021-07-15T13:58:10,4500.0,53.0,S
2021-07-15T13:58:09,1100.0,53.0,B
2021-07-15T13:58:01,1000.0,53.0,B
2021-07-15T13:57:53,100.0,53.0,B
2021-07-15T13:57:42,100.0,53.0,B
2021-07-15T13:57:24,2000.0,53.0,B
2021-07-15T13:57:03,5000.0,53.0,B
2021-07-15T13:56:24,300.0,52.9,S
2021-07-15T13:54:55,500.0,52.9,S
2021-07-15T13:54:41,200.0,53.0,B
2021-07-15T13:53:56,1400.0,53.0,S
2021-07-15T13:53:45,3600.0,53.0,B
2021-07-15T13:53:43,100.0,53.0,B
2021-07-15T13:53:04,2400.0,53.0,S
2021-07-15T13:53:01,5000.0,53.0,S
2021-07-15T13:52:56,5000.0,53.0,S
2021-07-15T13:52:53,5000.0,53.0,S
2021-07-15T13:52:20,1000.0,53.1,B
2021-07-15T13:52:15,1000.0,53.1,B
2021-07-15T13:52:03,1000.0,53.1,B
2021-07-15T13:51:14,2000.0,53.1,B
2021-07-15T13:50:58,400.0,53.1,B
2021-07-15T13:50:51,1000.0,53.0,S
2021-07-15T13:50:43,2000.0,53.1,B
2021-07-15T13:50:19,100.0,53.1,B
2021-07-15T13:49:29,2000.0,53.1,B
2021-07-15T13:49:29,1000.0,53.1,B
2021-07-15T13:49:24,900.0,53.1,B
2021-07-15T13:49:21,1200.0,53.1,S
2021-07-15T13:49:18,8800.0,53.1,B
2021-07-15T13:48:40,1000.0,53.1,B
2021-07-15T13:48:38,1000.0,53.1,B
2021-07-15T13:46:58,800.0,53.1,S
2021-07-15T13:46:58,100.0,53.1,S
2021-07-15T13:46:54,3200.0,53.1,S
2021-07-15T13:45:55,200.0,53.1,S
2021-07-15T13:45:47,100.0,53.1,S
2021-07-15T13:45:43,2000.0,53.1,S
2021-07-15T13:45:25,100.0,53.1,S
2021-07-15T13:44:55,100.0,53.1,S
2021-07-15T13:44:49,100.0,53.2,B
2021-07-15T13:43:55,8500.0,53.2,B
2021-07-15T13:42:56,100.0,53.2,B
2021-07-15T13:42:52,600.0,53.2,S
2021-07-15T13:42:51,800.0,53.2,S
2021-07-15T13:42:25,200.0,53.2,S
2021-07-15T13:42:24,200.0,53.2,S
2021-07-15T13:42:04,300.0,53.2,S
2021-07-15T13:41:58,8800.0,53.2,S
2021-07-15T13:41:55,1000.0,53.2,S
2021-07-15T13:41:05,100.0,53.2,S
2021-07-15T13:41:04,600.0,53.2,B
2021-07-15T13:41:00,9000.0,53.2,B
2021-07-15T13:40:47,10000.0,53.2,B
2021-07-15T13:40:11,200.0,53.2,B
2021-07-15T13:39:55,10000.0,53.2,B
2021-07-15T13:39:55,400.0,53.1,S
2021-07-15T13:39:52,100.0,53.1,S
2021-07-15T13:39:45,300.0,53.1,S
2021-07-15T13:39:36,700.0,53.1,B
2021-07-15T13:39:18,400.0,53.1,S
2021-07-15T13:39:08,100.0,53.0,B
2021-07-15T13:38:23,6900.0,52.8,S
2021-07-15T13:38:23,5500.0,52.8,S
2021-07-15T13:38:23,3700.0,53.0,S
2021-07-15T13:38:23,3900.0,53.1,S
2021-07-15T13:38:13,6600.0,53.2,B
2021-07-15T13:38:11,1000.0,53.2,B
2021-07-15T13:37:56,1000.0,53.2,B
2021-07-15T13:37:56,100.0,53.2,B
2021-07-15T13:37:56,300.0,53.2,B
2021-07-15T13:37:56,100.0,53.2,B
2021-07-15T13:37:56,8500.0,53.2,B
2021-07-15T13:37:52,2000.0,53.2,B
2021-07-15T13:37:10,1000.0,53.2,B
2021-07-15T13:36:59,1300.0,53.2,B
2021-07-15T13:36:50,10000.0,53.1,S
2021-07-15T13:36:39,2200.0,53.1,S
2021-07-15T13:36:35,2000.0,53.1,B
2021-07-15T13:36:34,1400.0,53.1,B
2021-07-15T13:36:33,2000.0,53.1,B
2021-07-15T13:36:31,2600.0,53.1,B
2021-07-15T13:36:27,100.0,53.1,B
2021-07-15T13:36:25,300.0,53.1,B
2021-07-15T13:36:25,1300.0,53.1,B
2021-07-15T13:36:22,1000.0,53.1,B
2021-07-15T13:36:21,3800.0,53.1,B
2021-07-15T13:36:21,1700.0,53.1,B
2021-07-15T13:36:08,2000.0,53.1,B
2021-07-15T13:36:00,1000.0,53.1,B
2021-07-15T13:35:43,500.0,53.1,B
2021-07-15T13:35:33,1000.0,53.0,S
2021-07-15T13:35:24,600.0,53.0,B
2021-07-15T13:35:24,1100.0,53.0,B
2021-07-15T13:35:21,2000.0,53.0,B
2021-07-15T13:35:20,1000.0,53.0,B
2021-07-15T13:35:17,100.0,53.0,B
2021-07-15T13:35:17,200.0,53.0,B
2021-07-15T13:35:17,9700.0,53.0,B
2021-07-15T13:35:15,4000.0,53.0,B
2021-07-15T13:35:12,100.0,53.0,B
2021-07-15T13:35:09,5000.0,53.0,B
2021-07-15T13:35:08,300.0,53.0,B
2021-07-15T13:35:03,200.0,53.0,B
2021-07-15T13:35:03,400.0,53.0,B
2021-07-15T13:34:57,200.0,53.0,B
2021-07-15T13:34:35,1000.0,53.0,B
2021-07-15T13:34:34,200.0,53.0,B
2021-07-15T13:34:24,300.0,53.0,B
2021-07-15T13:33:54,100.0,52.9,S
2021-07-15T13:33:38,100.0,52.9,S
2021-07-15T13:31:50,500.0,52.9,S
2021-07-15T13:31:22,3800.0,52.9,B
2021-07-15T13:31:16,5000.0,52.9,B
2021-07-15T13:29:48,10000.0,52.9,B
2021-07-15T13:29:42,600.0,52.8,B
2021-07-15T13:29:23,1000.0,52.8,B
2021-07-15T13:29:21,400.0,52.8,B
2021-07-15T13:29:18,600.0,52.8,B
2021-07-15T13:29:00,1000.0,52.8,B
2021-07-15T13:28:45,1000.0,52.8,B
2021-07-15T13:28:32,1000.0,52.8,B
2021-07-15T13:28:21,5000.0,52.8,B
2021-07-15T13:27:34,100.0,52.8,B
2021-07-15T13:26:38,1900.0,52.8,B
2021-07-15T13:26:14,3200.0,52.8,B
2021-07-15T13:26:14,100.0,52.8,B
2021-07-15T13:26:14,100.0,52.8,B
2021-07-15T13:26:14,1600.0,52.8,B
2021-07-15T13:25:26,300.0,52.8,B
2021-07-15T13:23:12,4600.0,52.8,S
2021-07-15T13:23:09,200.0,52.8,S
2021-07-15T13:23:04,500.0,52.8,S
2021-07-15T13:22:59,1400.0,52.8,S
2021-07-15T13:22:57,500.0,52.8,S
2021-07-15T13:22:57,5000.0,52.8,S
2021-07-15T13:22:39,100.0,52.8,S
2021-07-15T13:22:31,100.0,52.8,S
2021-07-15T13:22:25,200.0,52.8,S
2021-07-15T13:21:38,100.0,52.8,S
2021-07-15T13:21:37,200.0,52.9,B
2021-07-15T13:21:15,300.0,52.9,B
2021-07-15T13:21:06,200.0,52.9,B
2021-07-15T13:20:37,500.0,52.9,S
2021-07-15T13:20:19,1500.0,52.9,B
2021-07-15T13:20:19,800.0,52.8,S
2021-07-15T13:20:10,2000.0,52.9,B
2021-07-15T13:19:39,100.0,52.9,B
2021-07-15T13:19:31,500.0,53.0,B
2021-07-15T13:19:20,100.0,53.0,B
2021-07-15T13:18:22,1000.0,53.0,B
2021-07-15T13:18:16,200.0,53.0,B
2021-07-15T13:18:16,200.0,53.0,B
2021-07-15T13:18:16,100.0,53.0,B
2021-07-15T13:18:09,100.0,53.0,B
2021-07-15T13:17:51,1600.0,53.0,B
2021-07-15T13:17:38,100.0,53.0,B
2021-07-15T13:17:36,3000.0,52.9,S
2021-07-15T13:17:28,100.0,53.0,B
2021-07-15T13:17:23,100.0,53.0,S
2021-07-15T13:17:04,15000.0,53.0,S
2021-07-15T13:16:58,2000.0,53.0,S
2021-07-15T13:16:25,2000.0,53.1,B
2021-07-15T13:16:13,2000.0,53.1,S
2021-07-15T13:16:07,1000.0,53.1,S
2021-07-15T13:16:05,3000.0,53.1,S
2021-07-15T13:15:59,300.0,53.1,S
2021-07-15T13:15:55,5000.0,53.1,S
2021-07-15T13:15:42,100.0,53.1,S
2021-07-15T13:15:42,1000.0,53.2,B
2021-07-15T13:15:38,100.0,53.2,B
2021-07-15T13:15:16,300.0,53.1,S
2021-07-15T13:14:58,5700.0,53.2,B
2021-07-15T13:14:58,4300.0,53.2,B
2021-07-15T13:14:56,7000.0,53.1,S
2021-07-15T13:14:54,3000.0,53.2,B
2021-07-15T13:14:44,500.0,53.1,S
2021-07-15T13:14:40,100.0,53.2,B
2021-07-15T13:14:36,500.0,53.1,S
2021-07-15T13:14:28,100.0,53.1,S
2021-07-15T13:14:27,300.0,53.1,S
2021-07-15T13:14:20,6600.0,53.1,B
2021-07-15T13:14:20,1000.0,53.0,S
2021-07-15T13:14:08,200.0,53.1,B
2021-07-15T13:14:03,1000.0,53.1,B
2021-07-15T13:13:57,2200.0,53.1,B
2021-07-15T13:13:42,3000.0,53.2,B
2021-07-15T13:13:28,800.0,53.0,B
2021-07-15T13:13:28,10300.0,53.0,B
2021-07-15T13:13:28,10800.0,53.0,B
2021-07-15T13:13:24,2300.0,53.0,B
2021-07-15T13:13:21,1000.0,53.0,B
2021-07-15T13:13:21,1500.0,53.0,B
2021-07-15T13:13:21,9400.0,53.0,B
2021-07-15T13:13:21,5800.0,53.0,B
2021-07-15T13:13:21,500.0,52.9,B
2021-07-15T13:13:21,100.0,52.9,B
2021-07-15T13:13:21,1700.0,52.9,B
2021-07-15T13:13:18,100.0,52.8,S
2021-07-15T13:13:15,300.0,52.8,B
2021-07-15T13:13:13,1000.0,52.8,B
2021-07-15T13:13:13,1200.0,52.8,B
2021-07-15T13:13:13,200.0,52.8,B
2021-07-15T13:13:11,5000.0,52.8,B
2021-07-15T13:13:06,3000.0,52.8,B
2021-07-15T13:13:00,20000.0,52.8,B
2021-07-15T13:12:55,600.0,52.8,B
2021-07-15T13:12:51,2000.0,52.7,B
2021-07-15T13:12:45,1000.0,52.7,B
2021-07-15T13:12:24,500.0,52.7,B
2021-07-15T13:12:15,1900.0,52.7,B
2021-07-15T13:12:04,200.0,52.7,B
2021-07-15T13:12:04,600.0,52.7,B
2021-07-15T13:12:04,1200.0,52.7,B
2021-07-15T13:12:04,9000.0,52.6,B
2021-07-15T13:11:58,5200.0,52.6,B
2021-07-15T13:11:58,100.0,52.6,B
2021-07-15T13:11:50,2500.0,52.5,S
2021-07-15T13:11:49,200.0,52.4,S
2021-07-15T13:11:42,500.0,52.5,B
2021-07-15T13:11:42,1000.0,52.5,B
2021-07-15T13:11:41,800.0,52.5,B
2021-07-15T13:11:39,200.0,52.5,B
2021-07-15T13:11:39,1000.0,52.5,B
2021-07-15T13:11:35,1300.0,52.5,B
2021-07-15T13:11:30,2000.0,52.5,B
2021-07-15T13:11:30,2600.0,52.5,B
2021-07-15T13:11:29,20000.0,52.5,B
2021-07-15T13:11:24,5000.0,52.5,B
2021-07-15T13:11:19,3300.0,52.5,B
2021-07-15T13:11:19,10000.0,52.5,B
2021-07-15T13:11:19,3000.0,52.5,B
2021-07-15T13:11:19,23400.0,52.5,B
2021-07-15T13:11:11,500.0,52.4,B
2021-07-15T13:10:58,1000.0,52.5,B
2021-07-15T13:10:49,4800.0,52.5,B
2021-07-15T13:10:49,5200.0,52.4,B
2021-07-15T13:10:20,400.0,52.3,B
2021-07-15T13:10:04,10000.0,52.3,B
2021-07-15T13:09:48,5000.0,52.2,S
2021-07-15T13:09:14,2500.0,52.3,B
2021-07-15T13:08:15,800.0,52.2,S
2021-07-15T13:08:14,5000.0,52.2,S
2021-07-15T13:08:06,3400.0,52.2,S
2021-07-15T13:07:57,2700.0,52.2,B
2021-07-15T13:06:30,1000.0,52.2,B
2021-07-15T13:06:13,1000.0,52.2,B
2021-07-15T13:06:12,1900.0,52.2,S
2021-07-15T13:05:48,500.0,52.3,B
2021-07-15T13:05:20,3200.0,52.2,S
2021-07-15T13:05:08,100.0,52.2,B
2021-07-15T13:04:58,200.0,52.2,B
2021-07-15T13:04:40,400.0,52.2,B
2021-07-15T13:04:23,200.0,52.2,B
2021-07-15T13:03:41,5000.0,52.2,B
2021-07-15T13:03:39,100.0,52.2,B
2021-07-15T13:02:53,1300.0,52.2,B
2021-07-15T13:02:53,800.0,52.2,B
2021-07-15T13:02:53,4400.0,52.2,B
2021-07-15T13:02:53,3200.0,52.2,B
2021-07-15T13:02:53,300.0,52.1,B
2021-07-15T13:00:43,12800.0,52.0,B
2021-07-15T13:00:43,1700.0,52.0,B
2021-07-15T13:00:02,500.0,52.0,B
2021-07-15T13:00:02,400.0,52.0,B
2021-07-15T11:29:46,100.0,52.0,B
2021-07-15T11:29:38,200.0,52.0,S
2021-07-15T11:29:38,2000.0,52.0,S
2021-07-15T11:29:38,100.0,52.0,S
2021-07-15T11:29:32,100.0,52.0,S
2021-07-15T11:29:32,1400.0,52.0,S
2021-07-15T11:28:43,1000.0,52.0,S
2021-07-15T11:28:04,800.0,52.0,S
2021-07-15T11:27:48,100.0,52.0,S
2021-07-15T11:27:36,100.0,52.0,S
2021-07-15T11:27:19,2500.0,52.0,S
2021-07-15T11:26:58,100.0,52.0,S
2021-07-15T11:26:14,3300.0,52.2,B
2021-07-15T11:26:14,300.0,52.1,B
2021-07-15T11:26:14,1400.0,52.1,B
2021-07-15T11:26:04,2800.0,52.1,B
2021-07-15T11:25:28,700.0,52.0,B
2021-07-15T11:25:28,400.0,52.0,B
2021-07-15T11:25:28,1400.0,52.0,B
2021-07-15T11:25:28,500.0,52.0,B
2021-07-15T11:25:27,600.0,52.0,B
2021-07-15T11:25:27,23000.0,52.0,B
2021-07-15T11:25:27,2200.0,52.0,B
2021-07-15T11:25:27,5200.0,52.0,B
2021-07-15T11:25:18,200.0,52.0,B
2021-07-15T11:25:18,17500.0,52.0,B
2021-07-15T11:25:18,1500.0,51.9,B
2021-07-15T11:25:18,800.0,51.9,B
2021-07-15T11:20:50,100.0,51.8,S
2021-07-15T11:16:00,100.0,51.9,B
2021-07-15T11:15:35,2000.0,51.9,S
2021-07-15T11:14:34,200.0,51.9,S
2021-07-15T11:14:25,200.0,51.9,S
2021-07-15T11:14:01,800.0,51.9,S
2021-07-15T11:12:40,3100.0,51.9,S
2021-07-15T11:12:28,20000.0,51.9,B
2021-07-15T11:12:17,4300.0,51.8,B
2021-07-15T11:12:02,1000.0,51.7,S
2021-07-15T11:07:27,2500.0,51.7,S
2021-07-15T11:06:56,200.0,51.7,S
2021-07-15T11:03:38,600.0,51.6,S
2021-07-15T11:03:38,3900.0,51.7,S
2021-07-15T11:02:00,5000.0,51.7,S
2021-07-15T11:01:56,500.0,51.8,B
2021-07-15T11:00:01,2200.0,51.7,S
2021-07-15T10:59:51,300.0,51.7,S
2021-07-15T10:58:50,200.0,51.7,S
2021-07-15T10:58:18,200.0,51.7,S
2021-07-15T10:57:56,100.0,51.7,S
2021-07-15T10:57:55,700.0,51.7,S
2021-07-15T10:54:02,100.0,51.7,S
2021-07-15T10:53:38,5000.0,51.7,S
2021-07-15T10:53:26,1000.0,51.7,S
2021-07-15T10:53:00,100.0,51.7,S
2021-07-15T10:51:50,1000.0,51.7,S
2021-07-15T10:51:05,300.0,51.7,B
2021-07-15T10:50:30,500.0,51.6,S
2021-07-15T10:50:06,200.0,51.7,S
2021-07-15T10:48:54,100.0,51.7,S
2021-07-15T10:47:41,700.0,51.7,S
2021-07-15T10:47:33,500.0,51.6,S
2021-07-15T10:47:24,4500.0,51.6,S
2021-07-15T10:46:53,3000.0,51.6,S
2021-07-15T10:46:28,1000.0,51.6,S
2021-07-15T10:46:00,2700.0,51.6,S
2021-07-15T10:46:00,2300.0,51.6,S
2021-07-15T10:45:50,1300.0,51.7,S
2021-07-15T10:45:42,200.0,51.7,S
2021-07-15T10:45:39,100.0,51.7,S
2021-07-15T10:45:29,200.0,51.7,S
2021-07-15T10:45:18,1000.0,51.7,S
2021-07-15T10:45:16,200.0,51.7,S
2021-07-15T10:45:03,400.0,51.7,S
2021-07-15T10:44:53,200.0,51.7,S
2021-07-15T10:44:51,200.0,51.7,S
2021-07-15T10:44:16,100.0,51.7,S
2021-07-15T10:44:07,1500.0,51.7,S
2021-07-15T10:43:56,200.0,51.7,S
2021-07-15T10:43:46,500.0,51.7,S
2021-07-15T10:43:34,100.0,51.8,B
2021-07-15T10:41:59,46000.0,51.9,B
2021-07-15T10:41:59,1100.0,51.9,B
2021-07-15T10:41:59,1500.0,51.9,B
2021-07-15T10:41:59,1000.0,51.8,B
2021-07-15T10:41:59,300.0,51.8,B
2021-07-15T10:41:59,700.0,51.8,B
2021-07-15T10:41:59,1500.0,51.8,B
2021-07-15T10:41:59,5900.0,51.8,B
2021-07-15T10:41:59,500.0,51.7,B
2021-07-15T10:41:59,1500.0,51.7,B
2021-07-15T10:41:23,300.0,51.6,B
2021-07-15T10:39:35,2000.0,51.6,S
2021-07-15T10:38:35,700.0,51.6,S
2021-07-15T10:38:07,200.0,51.6,S
2021-07-15T10:37:46,600.0,51.6,S
2021-07-15T10:37:46,200.0,51.6,S
2021-07-15T10:37:02,300.0,51.6,S
2021-07-15T10:35:10,100.0,51.6,S
2021-07-15T10:34:21,400.0,51.6,S
2021-07-15T10:30:06,500.0,51.7,B
2021-07-15T10:29:11,1000.0,51.7,S
2021-07-15T10:29:11,1000.0,51.7,S
2021-07-15T10:29:01,1000.0,51.7,S
2021-07-15T10:28:12,100.0,51.7,S
2021-07-15T10:25:38,200.0,51.8,S
2021-07-15T10:25:30,1800.0,51.8,B
2021-07-15T10:24:27,300.0,51.8,B
2021-07-15T10:23:31,400.0,51.8,B
2021-07-15T10:23:17,300.0,51.8,S
2021-07-15T10:20:46,100.0,51.8,S
2021-07-15T10:18:51,500.0,51.9,B
2021-07-15T10:18:47,400.0,51.9,B
2021-07-15T10:18:07,500.0,51.9,B
2021-07-15T10:16:45,4500.0,51.9,B
2021-07-15T10:16:37,300.0,51.9,B
2021-07-15T10:15:57,200.0,51.8,B
2021-07-15T10:15:34,7200.0,51.7,B
2021-07-15T10:15:10,300.0,51.7,B
2021-07-15T10:15:03,1400.0,51.7,B
2021-07-15T10:15:03,600.0,51.6,B
2021-07-15T10:14:45,200.0,51.6,B
2021-07-15T10:14:19,100.0,51.6,B
2021-07-15T10:13:24,500.0,51.6,B
2021-07-15T10:12:49,9400.0,51.5,S
2021-07-15T10:12:47,3000.0,51.5,B
2021-07-15T10:12:45,2400.0,51.5,B
2021-07-15T10:12:27,100.0,51.5,B
2021-07-15T10:12:15,500.0,51.4,S
2021-07-15T10:12:15,4500.0,51.4,S
2021-07-15T10:12:03,1000.0,51.5,B
2021-07-15T10:11:49,100.0,51.5,B
2021-07-15T10:11:35,1300.0,51.5,S
2021-07-15T10:11:35,8400.0,51.5,S
2021-07-15T10:11:35,3200.0,51.5,S
2021-07-15T10:11:35,4800.0,51.5,S
2021-07-15T10:11:35,1100.0,51.5,S
2021-07-15T10:11:35,5300.0,51.5,S
2021-07-15T10:11:32,3000.0,51.6,B
2021-07-15T10:11:29,200.0,51.6,S
2021-07-15T10:11:29,1000.0,51.6,S
2021-07-15T10:10:38,2900.0,51.6,S
2021-07-15T10:10:38,2100.0,51.6,S
2021-07-15T10:10:34,300.0,51.6,S
2021-07-15T10:09:54,100.0,51.6,S
2021-07-15T10:09:37,500.0,51.6,S
2021-07-15T10:09:11,500.0,51.6,S
2021-07-15T10:08:12,500.0,51.6,S
2021-07-15T10:07:56,300.0,51.6,S
2021-07-15T10:07:55,100.0,51.7,B
2021-07-15T10:07:44,200.0,51.6,S
2021-07-15T10:06:36,4100.0,51.7,S
2021-07-15T10:05:46,300.0,51.8,S
2021-07-15T10:04:51,100.0,51.8,B
2021-07-15T10:04:14,100.0,51.7,S
2021-07-15T10:03:05,400.0,51.7,B
2021-07-15T10:02:04,5000.0,51.6,S
2021-07-15T10:01:36,100.0,51.7,S
2021-07-15T10:01:36,14400.0,51.7,S
2021-07-15T10:01:01,500.0,51.9,B
2021-07-15T10:00:59,700.0,51.9,S
2021-07-15T10:00:59,500.0,52.0,B
2021-07-15T10:00:56,500.0,52.0,B
2021-07-15T10:00:19,500.0,52.0,S
2021-07-15T10:00:16,500.0,52.0,S
2021-07-15T10:00:13,100.0,52.0,S
2021-07-15T09:59:31,200.0,52.0,S
2021-07-15T09:59:24,200.0,52.0,S
2021-07-15T09:59:21,500.0,52.0,S
2021-07-15T09:59:10,1000.0,52.0,S
2021-07-15T09:58:25,500.0,52.1,S
2021-07-15T09:57:56,2000.0,52.2,B
2021-07-15T09:57:23,400.0,52.2,B
2021-07-15T09:57:23,300.0,52.1,B
2021-07-15T09:57:22,300.0,52.1,B
2021-07-15T09:57:01,200.0,52.0,S
2021-07-15T09:56:58,200.0,52.0,B
2021-07-15T09:56:58,1200.0,52.0,B
2021-07-15T09:56:58,1500.0,52.0,B
2021-07-15T09:56:58,900.0,52.0,B
2021-07-15T09:56:58,200.0,52.0,B
2021-07-15T09:56:58,4500.0,52.0,B
2021-07-15T09:56:58,700.0,52.0,B
2021-07-15T09:56:58,1500.0,52.0,B
2021-07-15T09:56:58,6000.0,52.0,B
2021-07-15T09:56:58,100.0,51.9,B
2021-07-15T09:56:58,2000.0,51.8,S
2021-07-15T09:56:25,200.0,51.8,S
2021-07-15T09:56:22,200.0,51.9,B
2021-07-15T09:55:20,300.0,51.9,B
2021-07-15T09:54:51,10000.0,51.9,B
2021-07-15T09:54:50,3000.0,51.9,B
2021-07-15T09:54:39,1400.0,51.9,B
2021-07-15T09:54:23,400.0,51.9,B
2021-07-15T09:54:04,200.0,51.8,S
2021-07-15T09:53:53,1000.0,51.9,B
2021-07-15T09:53:50,3000.0,51.9,B
2021-07-15T09:53:50,1500.0,51.9,B
2021-07-15T09:53:42,8100.0,51.9,B
2021-07-15T09:53:42,1000.0,51.9,B
2021-07-15T09:53:42,15900.0,51.9,B
2021-07-15T09:53:42,400.0,51.9,B
2021-07-15T09:53:32,1200.0,51.9,B
2021-07-15T09:53:28,200.0,51.9,B
2021-07-15T09:53:17,1000.0,51.9,B
2021-07-15T09:53:17,100.0,51.9,B
2021-07-15T09:53:13,500.0,51.9,B
2021-07-15T09:52:47,500.0,51.8,B
2021-07-15T09:52:46,500.0,51.8,B
2021-07-15T09:52:44,1000.0,51.8,B
2021-07-15T09:52:39,800.0,51.8,B
2021-07-15T09:52:38,10000.0,51.8,B
2021-07-15T09:52:26,200.0,51.7,S
2021-07-15T09:51:34,1000.0,51.8,B
2021-07-15T09:51:19,21400.0,51.7,B
2021-07-15T09:50:44,100.0,51.7,B
2021-07-15T09:49:54,100.0,51.7,B
2021-07-15T09:49:52,1000.0,51.6,S
2021-07-15T09:49:26,500.0,51.6,S
2021-07-15T09:47:35,1000.0,51.7,B
2021-07-15T09:47:26,15700.0,51.6,B
2021-07-15T09:47:15,2200.0,51.6,B
2021-07-15T09:46:54,300.0,51.6,B
2021-07-15T09:46:47,1000.0,51.6,B
2021-07-15T09:46:18,300.0,51.5,S
2021-07-15T09:45:31,200.0,51.5,S
2021-07-15T09:45:06,200.0,51.5,S
2021-07-15T09:42:06,100.0,51.7,B
2021-07-15T09:41:35,100.0,51.4,S
2021-07-15T09:41:17,400.0,51.4,B
2021-07-15T09:41:01,4600.0,51.4,B
2021-07-15T09:40:35,9600.0,51.5,B
2021-07-15T09:40:35,300.0,51.5,B
2021-07-15T09:40:21,100.0,51.5,S
2021-07-15T09:39:39,200.0,51.5,S
2021-07-15T09:38:51,200.0,51.5,B
2021-07-15T09:38:38,2000.0,51.5,S
2021-07-15T09:38:23,1000.0,51.5,S
2021-07-15T09:37:53,200.0,51.5,S
2021-07-15T09:37:41,100.0,51.5,B
2021-07-15T09:37:22,900.0,51.5,B
2021-07-15T09:37:22,100.0,51.5,B
2021-07-15T09:37:15,3000.0,51.4,B
2021-07-15T09:36:42,200.0,51.4,B
2021-07-15T09:36:14,4500.0,51.4,B
2021-07-15T09:36:09,300.0,51.3,S
2021-07-15T09:34:30,7600.0,51.2,B
2021-07-15T09:34:18,2400.0,51.2,S
2021-07-15T09:30:59,3000.0,51.2,S
2021-07-15T09:30:27,200.0,51.2,S
2021-07-15T09:29:52,400.0,51.4,B
2021-07-15T09:29:11,300.0,51.4,B
2021-07-15T09:28:47,400.0,51.4,B
2021-07-15T09:28:43,100.0,51.4,B
2021-07-15T09:27:02,100.0,51.2,S
2021-07-15T09:26:54,1000.0,51.2,S
2021-07-15T09:23:51,200.0,51.2,B
2021-07-15T09:23:47,100.0,51.2,B
2021-07-15T09:23:47,1000.0,51.2,B
2021-07-15T09:23:39,100.0,51.2,B
2021-07-15T09:23:38,1000.0,51.2,B
2021-07-15T09:23:31,4600.0,51.2,S
2021-07-15T09:23:04,3300.0,51.8,B
2021-07-15T09:23:04,16700.0,51.7,B
2021-07-15T09:22:51,900.0,51.4,S
2021-07-15T09:21:35,1000.0,51.5,B
2021-07-15T09:21:13,1000.0,51.0,S
2021-07-15T09:19:53,400.0,51.0,S
2021-07-15T09:19:53,1100.0,51.0,S
2021-07-15T09:19:53,4500.0,51.0,S
2021-07-15T09:19:53,3800.0,51.0,S
2021-07-15T09:19:53,2200.0,51.1,S
2021-07-15T09:18:19,100.0,51.7,B
