tradingTime,volume,price,side
2021-07-15T14:28:57,600.0,8.7,B
2021-07-15T14:26:48,100.0,8.7,B
2021-07-15T14:26:41,1000.0,8.7,B
2021-07-15T14:25:55,7600.0,8.7,S
2021-07-15T14:23:16,600.0,8.79,S
2021-07-15T14:23:00,500.0,8.79,S
2021-07-15T14:22:51,4000.0,8.79,B
2021-07-15T14:22:16,500.0,8.7,B
2021-07-15T14:22:12,500.0,8.7,B
2021-07-15T14:22:02,200.0,8.7,B
2021-07-15T14:20:50,2000.0,8.7,B
2021-07-15T14:20:32,500.0,8.7,B
2021-07-15T14:19:36,100.0,8.7,B
2021-07-15T14:19:35,500.0,8.7,S
2021-07-15T14:19:35,5000.0,8.7,S
2021-07-15T14:19:35,700.0,8.7,S
2021-07-15T14:18:17,1300.0,8.7,B
2021-07-15T14:18:04,1000.0,8.7,B
2021-07-15T14:17:42,2600.0,8.7,B
2021-07-15T14:17:16,700.0,8.7,B
2021-07-15T14:15:28,100.0,8.7,B
2021-07-15T14:14:21,100.0,8.7,B
2021-07-15T14:13:13,200.0,8.7,S
2021-07-15T14:12:50,600.0,8.7,B
2021-07-15T14:12:47,2000.0,8.7,B
2021-07-15T14:11:00,1900.0,8.7,B
2021-07-15T14:10:42,1700.0,8.65,S
2021-07-15T14:10:41,3300.0,8.65,S
2021-07-15T14:09:55,3100.0,8.71,S
2021-07-15T14:09:55,300.0,8.77,S
2021-07-15T14:08:14,100.0,8.77,S
2021-07-15T14:07:05,100.0,8.77,S
2021-07-15T14:06:30,100.0,8.79,B
2021-07-15T14:05:03,100.0,8.8,B
2021-07-15T14:04:23,400.0,8.8,S
2021-07-15T14:03:58,200.0,8.8,B
2021-07-15T14:03:58,200.0,8.8,B
2021-07-15T14:03:58,200.0,8.8,B
2021-07-15T14:03:44,2000.0,8.8,B
2021-07-15T14:03:18,1000.0,8.77,B
2021-07-15T14:03:18,1000.0,8.77,B
2021-07-15T14:02:15,600.0,8.76,S
2021-07-15T14:01:58,600.0,8.76,B
2021-07-15T14:01:06,300.0,8.75,B
2021-07-15T14:00:35,7000.0,8.75,B
2021-07-15T13:59:03,2000.0,8.75,B
2021-07-15T13:57:04,500.0,8.75,B
2021-07-15T13:56:51,2000.0,8.75,B
2021-07-15T13:52:33,200.0,8.75,B
2021-07-15T13:52:21,5000.0,8.75,S
2021-07-15T13:51:55,1000.0,8.75,S
2021-07-15T13:51:27,2500.0,8.75,B
2021-07-15T13:51:11,1500.0,8.75,B
2021-07-15T13:50:51,1300.0,8.75,B
2021-07-15T13:49:52,2700.0,8.75,S
2021-07-15T13:48:52,100.0,8.76,B
2021-07-15T13:47:18,300.0,8.76,B
2021-07-15T13:46:41,300.0,8.77,B
2021-07-15T13:46:38,1000.0,8.76,S
2021-07-15T13:46:13,1000.0,8.76,S
2021-07-15T13:44:53,300.0,8.76,B
2021-07-15T13:44:41,100.0,8.76,B
2021-07-15T13:44:10,1000.0,8.76,B
2021-07-15T13:43:51,3500.0,8.75,B
2021-07-15T13:40:30,1000.0,8.75,B
2021-07-15T13:39:42,5000.0,8.75,B
2021-07-15T13:38:49,1000.0,8.7,B
2021-07-15T13:38:17,100.0,8.7,B
2021-07-15T13:38:10,1800.0,8.7,B
2021-07-15T13:37:52,500.0,8.69,B
2021-07-15T13:37:10,200.0,8.69,B
2021-07-15T13:36:22,500.0,8.69,B
2021-07-15T13:35:57,100.0,8.69,B
2021-07-15T13:35:03,200.0,8.69,B
2021-07-15T13:33:45,200.0,8.69,B
2021-07-15T13:32:44,300.0,8.69,B
2021-07-15T13:31:01,300.0,8.7,B
2021-07-15T13:28:54,1000.0,8.7,B
2021-07-15T13:27:07,2000.0,8.7,B
2021-07-15T13:26:56,200.0,8.7,B
2021-07-15T13:22:12,200.0,8.7,S
2021-07-15T13:21:41,200.0,8.76,S
2021-07-15T13:21:41,1400.0,8.76,S
2021-07-15T13:21:32,100.0,8.77,S
2021-07-15T13:21:08,100.0,8.77,S
2021-07-15T13:19:33,100.0,8.8,B
2021-07-15T13:19:32,100.0,8.77,S
2021-07-15T13:18:05,6900.0,8.8,S
2021-07-15T13:17:57,200.0,8.8,S
2021-07-15T13:17:23,200.0,8.84,S
2021-07-15T13:17:23,1300.0,8.88,B
2021-07-15T13:17:23,1700.0,8.86,B
2021-07-15T13:17:18,200.0,8.84,S
2021-07-15T13:17:11,100.0,8.86,B
2021-07-15T13:17:10,200.0,8.86,B
2021-07-15T13:17:01,300.0,8.85,S
2021-07-15T13:16:53,100.0,8.86,B
2021-07-15T13:16:50,100.0,8.86,S
2021-07-15T13:16:07,1000.0,8.87,B
2021-07-15T13:15:46,1000.0,8.88,B
2021-07-15T13:15:26,100.0,8.85,S
2021-07-15T13:15:20,400.0,8.88,B
2021-07-15T13:15:12,400.0,8.88,S
2021-07-15T13:15:10,3200.0,8.89,B
2021-07-15T13:14:55,1500.0,8.89,B
2021-07-15T13:14:55,100.0,8.88,B
2021-07-15T13:14:49,200.0,8.88,B
2021-07-15T13:14:34,1000.0,8.88,B
2021-07-15T13:14:31,100.0,8.88,B
2021-07-15T13:14:23,100.0,8.88,B
2021-07-15T13:14:21,3500.0,8.88,B
2021-07-15T13:14:16,100.0,8.87,S
2021-07-15T13:14:08,1700.0,8.87,B
2021-07-15T13:13:45,500.0,8.87,B
2021-07-15T13:12:15,1000.0,8.8,S
2021-07-15T13:11:51,2500.0,8.8,B
2021-07-15T13:11:44,100.0,8.76,S
2021-07-15T13:11:38,500.0,8.8,B
2021-07-15T13:11:38,1000.0,8.8,B
2021-07-15T13:11:22,2000.0,8.8,B
2021-07-15T13:11:03,100.0,8.76,B
2021-07-15T13:10:58,500.0,8.75,S
2021-07-15T13:10:54,100.0,8.76,B
2021-07-15T13:10:51,9900.0,8.76,B
2021-07-15T13:10:45,500.0,8.75,S
2021-07-15T13:10:37,2400.0,8.75,S
2021-07-15T13:10:36,2100.0,8.75,B
2021-07-15T13:10:32,500.0,8.75,B
2021-07-15T13:10:13,3000.0,8.76,B
2021-07-15T13:10:04,3500.0,8.76,B
2021-07-15T13:10:04,200.0,8.73,S
2021-07-15T13:09:36,2100.0,8.73,B
2021-07-15T13:09:24,800.0,8.7,B
2021-07-15T13:09:24,2100.0,8.7,B
2021-07-15T13:09:23,1500.0,8.7,B
2021-07-15T13:09:03,20000.0,8.7,B
2021-07-15T13:09:02,1700.0,8.64,S
2021-07-15T13:08:50,1000.0,8.64,B
2021-07-15T13:08:46,1100.0,8.64,B
2021-07-15T13:08:36,200.0,8.62,B
2021-07-15T13:08:27,100.0,8.6,S
2021-07-15T13:08:17,300.0,8.6,S
2021-07-15T13:08:14,2500.0,8.6,B
2021-07-15T13:08:08,500.0,8.6,B
2021-07-15T13:08:06,1000.0,8.6,B
2021-07-15T13:08:03,4000.0,8.6,B
2021-07-15T13:07:45,500.0,8.59,S
2021-07-15T13:07:36,2700.0,8.59,B
2021-07-15T13:07:36,1000.0,8.59,B
2021-07-15T13:07:36,300.0,8.59,B
2021-07-15T13:07:35,2000.0,8.58,B
2021-07-15T13:07:11,300.0,8.57,B
2021-07-15T13:06:59,2000.0,8.57,B
2021-07-15T13:06:52,500.0,8.57,B
2021-07-15T13:06:32,3100.0,8.57,B
2021-07-15T13:05:56,100.0,8.55,B
2021-07-15T13:05:31,2000.0,8.55,B
2021-07-15T13:05:08,500.0,8.55,S
2021-07-15T13:04:57,1500.0,8.55,S
2021-07-15T13:04:33,1000.0,8.55,B
2021-07-15T13:04:04,3300.0,8.55,B
2021-07-15T13:03:25,1000.0,8.5,B
2021-07-15T13:03:25,500.0,8.5,B
2021-07-15T13:02:49,100.0,8.49,S
2021-07-15T13:02:39,500.0,8.49,B
2021-07-15T13:00:43,100.0,8.49,B
2021-07-15T13:00:23,100.0,8.49,B
2021-07-15T13:00:02,500.0,8.48,B
2021-07-15T13:00:02,700.0,8.47,B
2021-07-15T11:29:22,500.0,8.45,B
2021-07-15T11:28:08,1500.0,8.45,S
2021-07-15T11:27:42,1500.0,8.45,S
2021-07-15T11:26:36,5000.0,8.45,B
2021-07-15T11:24:15,100.0,8.45,B
2021-07-15T11:23:43,5000.0,8.45,B
2021-07-15T11:21:58,500.0,8.45,B
2021-07-15T11:19:59,6700.0,8.45,B
2021-07-15T11:19:28,100.0,8.47,S
2021-07-15T11:19:03,1000.0,8.47,S
2021-07-15T11:17:40,5300.0,8.47,B
2021-07-15T11:16:44,100.0,8.47,B
2021-07-15T11:16:26,100.0,8.47,B
2021-07-15T11:16:18,5000.0,8.47,B
2021-07-15T11:14:52,4800.0,8.47,S
2021-07-15T11:14:17,200.0,8.47,S
2021-07-15T11:10:36,3800.0,8.45,S
2021-07-15T11:09:19,9600.0,8.45,S
2021-07-15T11:08:18,2000.0,8.4,S
2021-07-15T11:07:46,200.0,8.4,S
2021-07-15T11:07:29,500.0,8.4,S
2021-07-15T11:05:16,200.0,8.45,B
2021-07-15T11:04:16,300.0,8.4,S
2021-07-15T11:04:14,100.0,8.4,S
2021-07-15T11:03:59,200.0,8.4,S
2021-07-15T11:03:48,200.0,8.4,S
2021-07-15T11:03:28,200.0,8.4,S
2021-07-15T10:58:48,2000.0,8.4,S
2021-07-15T10:58:19,200.0,8.4,S
2021-07-15T10:57:19,200.0,8.4,S
2021-07-15T10:57:02,200.0,8.4,S
2021-07-15T10:55:03,200.0,8.4,B
2021-07-15T10:55:00,200.0,8.4,B
2021-07-15T10:54:47,1900.0,8.39,S
2021-07-15T10:53:12,1400.0,8.4,B
2021-07-15T10:51:52,1000.0,8.4,B
2021-07-15T10:50:56,400.0,8.4,B
2021-07-15T10:50:53,500.0,8.4,B
2021-07-15T10:50:15,100.0,8.4,B
2021-07-15T10:50:11,4000.0,8.4,B
2021-07-15T10:46:40,200.0,8.39,S
2021-07-15T10:46:04,2000.0,8.4,B
2021-07-15T10:45:45,100.0,8.39,S
2021-07-15T10:45:41,900.0,8.4,B
2021-07-15T10:45:16,600.0,8.4,S
2021-07-15T10:45:13,100.0,8.4,S
2021-07-15T10:44:41,300.0,8.4,S
2021-07-15T10:44:40,100.0,8.4,S
2021-07-15T10:44:26,400.0,8.4,S
2021-07-15T10:44:26,600.0,8.41,S
2021-07-15T10:44:07,100.0,8.41,S
2021-07-15T10:43:53,1500.0,8.41,S
2021-07-15T10:43:37,2000.0,8.4,S
2021-07-15T10:43:19,2000.0,8.4,S
2021-07-15T10:43:06,500.0,8.4,S
2021-07-15T10:42:55,600.0,8.4,S
2021-07-15T10:42:33,1000.0,8.4,S
2021-07-15T10:42:25,1000.0,8.4,S
2021-07-15T10:42:13,1100.0,8.4,S
2021-07-15T10:41:45,1000.0,8.4,S
2021-07-15T10:41:23,200.0,8.4,S
2021-07-15T10:40:56,500.0,8.4,S
2021-07-15T10:40:37,200.0,8.4,S
2021-07-15T10:40:24,400.0,8.4,S
2021-07-15T10:40:09,2000.0,8.4,S
2021-07-15T10:39:52,2000.0,8.4,S
2021-07-15T10:39:34,2000.0,8.4,S
2021-07-15T10:39:26,500.0,8.44,S
2021-07-15T10:39:23,5000.0,8.4,S
2021-07-15T10:39:20,2000.0,8.4,S
2021-07-15T10:39:03,200.0,8.4,S
2021-07-15T10:38:07,300.0,8.44,B
2021-07-15T10:37:57,2000.0,8.4,S
2021-07-15T10:37:52,500.0,8.44,B
2021-07-15T10:37:33,200.0,8.44,B
2021-07-15T10:37:21,500.0,8.44,B
2021-07-15T10:33:24,900.0,8.49,B
2021-07-15T10:33:11,100.0,8.49,S
2021-07-15T10:33:02,1000.0,8.5,B
2021-07-15T10:32:48,15000.0,8.49,B
2021-07-15T10:32:42,300.0,8.39,S
2021-07-15T10:32:35,3200.0,8.49,B
2021-07-15T10:32:35,16800.0,8.49,B
2021-07-15T10:32:21,800.0,8.4,S
2021-07-15T10:31:48,1000.0,8.4,B
2021-07-15T10:31:39,1000.0,8.4,B
2021-07-15T10:30:56,3000.0,8.4,B
2021-07-15T10:30:55,100.0,8.4,B
2021-07-15T10:30:09,22100.0,8.4,S
2021-07-15T10:30:09,20600.0,8.4,S
2021-07-15T10:19:14,100.0,8.5,B
2021-07-15T10:19:03,500.0,8.5,B
2021-07-15T10:16:34,100.0,8.5,B
2021-07-15T10:16:32,6800.0,8.5,B
2021-07-15T10:16:32,8200.0,8.5,B
2021-07-15T10:16:03,1700.0,8.45,S
2021-07-15T10:15:49,100.0,8.45,B
2021-07-15T10:15:49,3200.0,8.45,B
2021-07-15T10:15:04,1000.0,8.48,B
2021-07-15T10:14:10,1000.0,8.48,B
2021-07-15T10:13:24,3000.0,8.48,B
2021-07-15T10:04:01,1000.0,8.5,B
2021-07-15T10:04:00,800.0,8.5,S
2021-07-15T10:02:25,100.0,8.59,B
2021-07-15T10:01:27,6200.0,8.47,S
2021-07-15T10:01:11,3000.0,8.48,S
2021-07-15T10:00:16,200.0,8.59,B
2021-07-15T09:59:44,800.0,8.47,B
2021-07-15T09:59:39,2200.0,8.47,B
2021-07-15T09:58:39,2000.0,8.47,S
2021-07-15T09:56:46,300.0,8.5,S
2021-07-15T09:56:08,5000.0,8.5,S
2021-07-15T09:56:04,100.0,8.5,S
2021-07-15T09:55:42,100.0,8.5,S
2021-07-15T09:55:21,100.0,8.5,B
2021-07-15T09:55:02,1000.0,8.5,B
2021-07-15T09:55:01,6000.0,8.5,B
2021-07-15T09:55:01,100.0,8.49,S
2021-07-15T09:54:56,4000.0,8.5,B
2021-07-15T09:54:44,1000.0,8.5,B
2021-07-15T09:54:34,3000.0,8.5,B
2021-07-15T09:54:31,2000.0,8.5,B
2021-07-15T09:54:29,5000.0,8.5,B
2021-07-15T09:54:14,200.0,8.5,B
2021-07-15T09:54:14,200.0,8.5,B
2021-07-15T09:54:14,600.0,8.5,B
2021-07-15T09:54:00,3000.0,8.5,B
2021-07-15T09:53:54,100.0,8.48,B
2021-07-15T09:52:26,5000.0,8.47,B
2021-07-15T09:51:31,1800.0,8.46,B
2021-07-15T09:51:20,2300.0,8.46,B
2021-07-15T09:49:35,100.0,8.4,S
2021-07-15T09:45:47,100.0,8.39,S
2021-07-15T09:45:27,5000.0,8.4,S
2021-07-15T09:44:57,100.0,8.4,S
2021-07-15T09:44:14,100.0,8.4,S
2021-07-15T09:42:35,1300.0,8.39,S
2021-07-15T09:35:26,2200.0,8.35,S
2021-07-15T09:31:40,5000.0,8.34,S
2021-07-15T09:29:33,600.0,8.48,S
2021-07-15T09:29:30,2000.0,8.48,S
2021-07-15T09:18:13,3800.0,8.48,B
