tradingTime,volume,price,side
2021-07-15T14:29:46,500.0,91.0,B
2021-07-15T14:28:52,400.0,90.7,S
2021-07-15T14:28:24,100.0,91.0,B
2021-07-15T14:28:07,100.0,91.0,B
2021-07-15T14:27:50,400.0,91.0,B
2021-07-15T14:27:49,600.0,90.8,S
2021-07-15T14:26:17,300.0,90.7,S
2021-07-15T14:26:08,200.0,90.7,S
2021-07-15T14:25:58,300.0,90.7,S
2021-07-15T14:25:51,200.0,90.7,S
2021-07-15T14:25:47,900.0,90.7,S
2021-07-15T14:25:45,300.0,90.7,S
2021-07-15T14:25:38,300.0,90.7,S
2021-07-15T14:25:31,300.0,90.7,S
2021-07-15T14:25:23,300.0,90.5,S
2021-07-15T14:25:18,300.0,90.6,S
2021-07-15T14:25:09,300.0,90.6,S
2021-07-15T14:25:03,200.0,90.6,S
2021-07-15T14:25:00,500.0,91.0,B
2021-07-15T14:24:55,300.0,90.6,S
2021-07-15T14:24:48,300.0,90.6,S
2021-07-15T14:24:42,200.0,90.6,S
2021-07-15T14:24:42,100.0,90.6,S
2021-07-15T14:24:35,300.0,90.6,S
2021-07-15T14:24:27,300.0,90.6,S
2021-07-15T14:24:20,200.0,90.6,S
2021-07-15T14:24:15,300.0,90.6,S
2021-07-15T14:24:14,300.0,90.6,S
2021-07-15T14:24:06,400.0,90.6,S
2021-07-15T14:23:56,300.0,90.6,S
2021-07-15T14:23:49,300.0,90.6,S
2021-07-15T14:23:45,300.0,90.6,S
2021-07-15T14:23:45,700.0,90.6,S
2021-07-15T14:23:43,300.0,90.6,S
2021-07-15T14:23:36,300.0,90.7,S
2021-07-15T14:23:30,200.0,90.7,S
2021-07-15T14:23:23,300.0,90.7,S
2021-07-15T14:23:21,400.0,90.7,S
2021-07-15T14:23:16,200.0,90.8,S
2021-07-15T14:23:11,300.0,90.8,S
2021-07-15T14:23:02,200.0,90.8,S
2021-07-15T14:22:54,300.0,90.8,S
2021-07-15T14:22:44,300.0,90.7,S
2021-07-15T14:22:37,300.0,90.8,S
2021-07-15T14:22:29,300.0,90.7,S
2021-07-15T14:22:20,300.0,90.7,S
2021-07-15T14:22:11,300.0,90.7,S
2021-07-15T14:22:05,300.0,90.7,S
2021-07-15T14:21:56,300.0,90.7,S
2021-07-15T14:21:48,300.0,90.7,S
2021-07-15T14:21:40,300.0,90.7,S
2021-07-15T14:21:32,300.0,90.7,S
2021-07-15T14:21:24,300.0,90.7,S
2021-07-15T14:21:23,300.0,90.7,S
2021-07-15T14:21:22,700.0,90.7,S
2021-07-15T14:21:09,300.0,90.7,S
2021-07-15T14:21:04,300.0,91.0,B
2021-07-15T14:20:54,300.0,90.7,S
2021-07-15T14:20:46,300.0,90.7,S
2021-07-15T14:20:36,500.0,91.0,B
2021-07-15T14:20:30,300.0,90.7,S
2021-07-15T14:20:21,200.0,90.7,S
2021-07-15T14:20:13,300.0,90.7,S
2021-07-15T14:20:06,300.0,90.7,S
2021-07-15T14:19:34,200.0,90.7,S
2021-07-15T14:19:27,500.0,90.8,B
2021-07-15T14:19:22,100.0,90.7,S
2021-07-15T14:19:03,200.0,90.7,S
2021-07-15T14:19:03,100.0,90.7,S
2021-07-15T14:19:02,3000.0,90.8,B
2021-07-15T14:18:51,100.0,90.7,S
2021-07-15T14:18:44,500.0,90.8,B
2021-07-15T14:18:29,1600.0,90.8,S
2021-07-15T14:18:10,200.0,90.8,S
2021-07-15T14:18:10,100.0,90.8,S
2021-07-15T14:17:15,3600.0,91.0,B
2021-07-15T14:16:57,800.0,91.0,B
2021-07-15T14:16:22,400.0,90.8,S
2021-07-15T14:16:13,200.0,90.8,S
2021-07-15T14:16:10,500.0,91.0,B
2021-07-15T14:14:27,900.0,90.7,S
2021-07-15T14:14:27,100.0,90.8,S
2021-07-15T14:12:54,200.0,90.6,B
2021-07-15T14:12:40,800.0,90.6,S
2021-07-15T14:12:38,1000.0,91.0,B
2021-07-15T14:12:36,200.0,90.7,S
2021-07-15T14:11:44,500.0,91.0,B
2021-07-15T14:10:56,300.0,90.5,S
2021-07-15T14:10:41,300.0,91.0,B
2021-07-15T14:10:27,300.0,90.5,S
2021-07-15T14:10:24,100.0,91.0,B
2021-07-15T14:10:23,300.0,91.0,B
2021-07-15T14:10:21,100.0,91.0,B
2021-07-15T14:10:18,400.0,90.5,S
2021-07-15T14:10:18,400.0,90.5,S
2021-07-15T14:10:18,1000.0,90.6,S
2021-07-15T14:10:18,2200.0,90.6,S
2021-07-15T14:09:58,1200.0,91.0,S
2021-07-15T14:09:58,200.0,91.0,S
2021-07-15T14:09:58,1000.0,91.0,S
2021-07-15T14:09:52,3300.0,91.0,S
2021-07-15T14:09:43,1200.0,91.1,S
2021-07-15T14:09:36,1000.0,91.1,S
2021-07-15T14:09:13,300.0,91.1,S
2021-07-15T14:09:13,200.0,91.2,S
2021-07-15T14:08:52,800.0,91.2,B
2021-07-15T14:08:41,100.0,91.2,B
2021-07-15T14:08:24,200.0,91.2,B
2021-07-15T14:08:18,900.0,91.2,S
2021-07-15T14:08:14,100.0,91.2,S
2021-07-15T14:08:09,800.0,91.2,S
2021-07-15T14:08:04,500.0,91.1,S
2021-07-15T14:07:58,400.0,91.1,S
2021-07-15T14:07:56,200.0,91.2,B
2021-07-15T14:07:36,100.0,91.1,S
2021-07-15T14:07:36,100.0,91.1,S
2021-07-15T14:07:36,800.0,91.1,S
2021-07-15T14:07:32,300.0,91.3,B
2021-07-15T14:07:20,400.0,91.3,B
2021-07-15T14:06:53,200.0,91.1,S
2021-07-15T14:06:53,100.0,91.2,S
2021-07-15T14:06:36,300.0,91.2,S
2021-07-15T14:06:30,300.0,91.0,S
2021-07-15T14:06:24,100.0,91.1,S
2021-07-15T14:06:24,100.0,91.1,S
2021-07-15T14:06:24,200.0,91.2,S
2021-07-15T14:06:20,200.0,91.2,S
2021-07-15T14:06:14,300.0,91.2,S
2021-07-15T14:06:04,300.0,91.2,S
2021-07-15T14:05:57,100.0,91.1,S
2021-07-15T14:05:57,200.0,91.1,S
2021-07-15T14:05:48,300.0,91.1,S
2021-07-15T14:05:37,200.0,91.2,S
2021-07-15T14:05:23,300.0,91.1,S
2021-07-15T14:05:07,300.0,91.1,S
2021-07-15T14:04:58,500.0,91.4,B
2021-07-15T14:04:50,300.0,91.1,S
2021-07-15T14:04:49,1000.0,91.4,B
2021-07-15T14:04:48,100.0,91.4,B
2021-07-15T14:04:42,100.0,91.4,B
2021-07-15T14:04:31,1400.0,91.4,B
2021-07-15T14:04:31,300.0,91.3,B
2021-07-15T14:04:26,700.0,91.3,S
2021-07-15T14:04:10,800.0,91.4,B
2021-07-15T14:04:01,100.0,91.4,B
2021-07-15T14:03:04,200.0,91.4,S
2021-07-15T14:03:04,300.0,91.4,S
2021-07-15T14:02:55,400.0,91.5,B
2021-07-15T14:02:45,200.0,91.3,S
2021-07-15T14:02:36,300.0,91.4,S
2021-07-15T14:02:32,300.0,91.4,S
2021-07-15T14:02:21,100.0,91.4,S
2021-07-15T14:02:02,200.0,91.4,S
2021-07-15T14:01:32,2000.0,91.4,S
2021-07-15T14:01:22,1000.0,91.5,B
2021-07-15T14:00:56,300.0,91.5,B
2021-07-15T14:00:52,2500.0,91.4,S
2021-07-15T14:00:50,200.0,91.4,B
2021-07-15T14:00:43,1000.0,91.4,B
2021-07-15T14:00:41,1000.0,91.4,B
2021-07-15T14:00:24,1200.0,91.4,B
2021-07-15T14:00:16,200.0,91.4,B
2021-07-15T13:59:50,200.0,91.3,B
2021-07-15T13:59:39,100.0,91.3,B
2021-07-15T13:59:39,100.0,91.3,B
2021-07-15T13:59:38,800.0,91.3,B
2021-07-15T13:59:22,1000.0,91.3,B
2021-07-15T13:58:46,1000.0,91.3,B
2021-07-15T13:58:29,100.0,91.3,B
2021-07-15T13:58:29,100.0,91.3,B
2021-07-15T13:58:29,200.0,91.3,B
2021-07-15T13:58:16,200.0,91.2,S
2021-07-15T13:58:14,800.0,91.2,B
2021-07-15T13:57:51,100.0,91.2,B
2021-07-15T13:57:36,100.0,91.2,B
2021-07-15T13:57:20,100.0,91.1,B
2021-07-15T13:57:20,1400.0,91.1,B
2021-07-15T13:57:13,100.0,91.1,B
2021-07-15T13:57:12,200.0,91.1,B
2021-07-15T13:57:11,1000.0,91.1,B
2021-07-15T13:57:01,500.0,91.1,B
2021-07-15T13:56:55,1800.0,91.1,S
2021-07-15T13:56:52,200.0,91.3,B
2021-07-15T13:56:38,1000.0,91.3,B
2021-07-15T13:54:12,200.0,91.3,B
2021-07-15T13:54:04,400.0,91.3,B
2021-07-15T13:53:57,2100.0,91.3,B
2021-07-15T13:53:57,2500.0,91.3,B
2021-07-15T13:53:57,5400.0,91.3,B
2021-07-15T13:53:36,1000.0,91.2,B
2021-07-15T13:53:29,800.0,91.2,B
2021-07-15T13:53:29,100.0,91.2,B
2021-07-15T13:53:26,100.0,91.2,B
2021-07-15T13:52:56,1200.0,91.2,B
2021-07-15T13:52:38,300.0,91.1,B
2021-07-15T13:52:09,100.0,91.1,B
2021-07-15T13:51:49,1000.0,91.1,B
2021-07-15T13:51:22,700.0,91.1,B
2021-07-15T13:51:20,1000.0,91.0,S
2021-07-15T13:49:39,400.0,91.0,B
2021-07-15T13:49:12,4800.0,91.0,B
2021-07-15T13:49:12,7300.0,91.0,B
2021-07-15T13:49:12,11000.0,91.0,B
2021-07-15T13:49:12,18900.0,91.0,B
2021-07-15T13:49:07,10000.0,90.9,B
2021-07-15T13:48:33,300.0,90.6,S
2021-07-15T13:47:59,300.0,90.6,S
2021-07-15T13:47:19,1000.0,90.9,B
2021-07-15T13:47:08,300.0,90.6,S
2021-07-15T13:46:38,300.0,90.6,S
2021-07-15T13:46:38,300.0,90.6,S
2021-07-15T13:46:15,300.0,90.6,S
2021-07-15T13:45:47,300.0,90.6,S
2021-07-15T13:45:30,300.0,90.9,S
2021-07-15T13:45:14,100.0,90.9,B
2021-07-15T13:45:10,7900.0,90.9,B
2021-07-15T13:45:10,1000.0,90.9,B
2021-07-15T13:45:10,6200.0,90.9,B
2021-07-15T13:45:10,5900.0,90.8,B
2021-07-15T13:44:43,300.0,90.6,S
2021-07-15T13:44:32,100.0,90.6,S
2021-07-15T13:43:54,700.0,90.6,B
2021-07-15T13:43:30,1200.0,90.6,B
2021-07-15T13:43:18,3000.0,90.5,S
2021-07-15T13:42:47,1000.0,90.5,S
2021-07-15T13:42:31,100.0,90.6,B
2021-07-15T13:42:29,300.0,90.5,S
2021-07-15T13:41:56,300.0,90.5,S
2021-07-15T13:41:19,400.0,90.5,S
2021-07-15T13:40:55,1000.0,90.5,B
2021-07-15T13:40:48,400.0,90.5,B
2021-07-15T13:40:39,1000.0,90.5,B
2021-07-15T13:40:11,300.0,90.4,S
2021-07-15T13:39:11,200.0,90.4,S
2021-07-15T13:39:10,300.0,90.4,S
2021-07-15T13:38:57,100.0,90.5,B
2021-07-15T13:38:55,100.0,90.5,S
2021-07-15T13:38:43,300.0,90.5,S
2021-07-15T13:38:33,300.0,90.5,S
2021-07-15T13:38:18,300.0,90.5,S
2021-07-15T13:38:10,300.0,90.5,S
2021-07-15T13:38:01,200.0,90.5,S
2021-07-15T13:37:59,300.0,90.5,S
2021-07-15T13:37:53,300.0,90.5,S
2021-07-15T13:37:50,200.0,90.5,S
2021-07-15T13:37:40,300.0,90.4,S
2021-07-15T13:37:34,300.0,90.4,S
2021-07-15T13:37:28,300.0,90.5,S
2021-07-15T13:37:16,200.0,90.4,S
2021-07-15T13:37:16,100.0,90.4,S
2021-07-15T13:37:16,400.0,90.6,B
2021-07-15T13:37:08,200.0,90.6,B
2021-07-15T13:36:58,100.0,90.6,B
2021-07-15T13:36:52,1000.0,90.4,S
2021-07-15T13:36:48,200.0,90.5,S
2021-07-15T13:36:22,300.0,90.6,B
2021-07-15T13:36:22,100.0,90.6,B
2021-07-15T13:35:55,300.0,90.5,B
2021-07-15T13:35:48,1000.0,90.5,B
2021-07-15T13:33:43,1500.0,90.5,B
2021-07-15T13:33:39,1000.0,90.4,S
2021-07-15T13:32:59,400.0,90.5,B
2021-07-15T13:32:24,1000.0,90.5,B
2021-07-15T13:31:58,400.0,90.5,B
2021-07-15T13:30:02,100.0,90.4,B
2021-07-15T13:29:56,100.0,90.4,B
2021-07-15T13:29:42,100.0,90.4,B
2021-07-15T13:29:09,400.0,90.4,B
2021-07-15T13:29:02,200.0,90.4,B
2021-07-15T13:28:38,500.0,90.4,B
2021-07-15T13:27:33,400.0,90.4,B
2021-07-15T13:26:45,4300.0,90.2,S
2021-07-15T13:26:45,700.0,90.2,S
2021-07-15T13:26:43,300.0,90.3,B
2021-07-15T13:26:30,100.0,90.3,B
2021-07-15T13:26:14,100.0,90.3,B
2021-07-15T13:26:04,100.0,90.3,S
2021-07-15T13:26:04,400.0,90.3,S
2021-07-15T13:24:26,2600.0,90.3,S
2021-07-15T13:23:48,300.0,90.3,S
2021-07-15T13:23:07,400.0,90.4,B
2021-07-15T13:22:21,100.0,90.4,S
2021-07-15T13:22:21,700.0,90.4,S
2021-07-15T13:20:48,300.0,90.4,S
2021-07-15T13:20:36,800.0,90.5,S
2021-07-15T13:20:36,100.0,90.5,S
2021-07-15T13:20:22,500.0,90.6,B
2021-07-15T13:20:19,300.0,90.5,S
2021-07-15T13:19:59,200.0,90.5,S
2021-07-15T13:19:00,100.0,90.5,S
2021-07-15T13:18:43,300.0,90.5,S
2021-07-15T13:18:40,400.0,90.6,B
2021-07-15T13:18:34,4000.0,90.5,B
2021-07-15T13:17:49,100.0,90.5,B
2021-07-15T13:17:49,700.0,90.4,B
2021-07-15T13:17:46,200.0,90.2,S
2021-07-15T13:17:36,300.0,90.2,S
2021-07-15T13:17:12,100.0,90.4,B
2021-07-15T13:16:59,300.0,90.2,S
2021-07-15T13:16:39,200.0,90.4,B
2021-07-15T13:16:12,2500.0,90.6,B
2021-07-15T13:15:18,500.0,90.5,B
2021-07-15T13:15:06,300.0,90.4,S
2021-07-15T13:14:31,100.0,90.5,B
2021-07-15T13:14:31,400.0,90.4,B
2021-07-15T13:14:24,400.0,90.2,S
2021-07-15T13:14:16,100.0,90.4,B
2021-07-15T13:11:28,2900.0,90.1,S
2021-07-15T13:11:28,1000.0,90.1,S
2021-07-15T13:11:28,1000.0,90.2,S
2021-07-15T13:10:53,600.0,90.2,S
2021-07-15T13:10:01,3000.0,90.2,S
2021-07-15T13:09:52,400.0,90.4,B
2021-07-15T13:09:49,2200.0,90.2,S
2021-07-15T13:09:49,800.0,90.3,S
2021-07-15T13:09:33,2000.0,90.3,S
2021-07-15T13:09:15,2000.0,90.3,S
2021-07-15T13:08:13,1000.0,90.4,B
2021-07-15T13:07:45,1000.0,90.3,S
2021-07-15T13:06:52,1000.0,90.5,B
2021-07-15T13:05:25,400.0,90.5,B
2021-07-15T13:04:28,200.0,90.3,S
2021-07-15T13:03:35,2000.0,90.3,S
2021-07-15T13:03:25,500.0,90.5,B
2021-07-15T13:01:24,200.0,90.5,B
2021-07-15T13:01:09,800.0,90.5,B
2021-07-15T13:01:01,400.0,90.5,B
2021-07-15T13:00:53,400.0,90.5,B
2021-07-15T13:00:43,200.0,90.5,B
2021-07-15T13:00:03,100.0,90.2,S
2021-07-15T13:00:02,400.0,90.5,B
2021-07-15T11:28:32,100.0,90.2,B
2021-07-15T11:28:23,100.0,90.2,S
2021-07-15T11:28:23,100.0,90.2,S
2021-07-15T11:27:36,2000.0,90.2,S
2021-07-15T11:27:14,600.0,90.2,S
2021-07-15T11:26:07,300.0,90.2,S
2021-07-15T11:25:02,300.0,90.6,B
2021-07-15T11:24:28,5000.0,90.2,S
2021-07-15T11:23:33,1000.0,90.5,S
2021-07-15T11:22:31,200.0,90.7,B
2021-07-15T11:21:43,300.0,90.7,B
2021-07-15T11:20:46,1600.0,90.5,S
2021-07-15T11:20:46,200.0,90.6,S
2021-07-15T11:20:46,200.0,90.7,S
2021-07-15T11:19:26,500.0,90.8,B
2021-07-15T11:18:25,300.0,90.8,B
2021-07-15T11:17:51,900.0,90.7,B
2021-07-15T11:17:38,100.0,90.7,B
2021-07-15T11:17:37,100.0,90.7,B
2021-07-15T11:17:20,500.0,90.7,B
2021-07-15T11:16:47,300.0,90.6,S
2021-07-15T11:16:44,100.0,90.7,B
2021-07-15T11:15:06,300.0,90.7,B
2021-07-15T11:13:02,500.0,90.6,S
2021-07-15T11:12:57,1000.0,90.6,B
2021-07-15T11:12:45,7300.0,90.5,B
2021-07-15T11:12:20,4400.0,90.3,S
2021-07-15T11:11:59,200.0,90.3,B
2021-07-15T11:11:48,300.0,90.3,B
2021-07-15T11:11:45,1700.0,90.2,S
2021-07-15T11:11:32,300.0,90.2,S
2021-07-15T11:11:22,200.0,90.2,S
2021-07-15T11:10:56,800.0,90.2,S
2021-07-15T11:09:34,1000.0,90.2,S
2021-07-15T11:09:24,100.0,90.3,B
2021-07-15T11:09:11,200.0,90.2,S
2021-07-15T11:09:02,200.0,90.3,B
2021-07-15T11:08:50,500.0,90.3,B
2021-07-15T11:08:29,300.0,90.3,B
2021-07-15T11:07:40,300.0,90.2,S
2021-07-15T11:06:51,800.0,90.4,B
2021-07-15T11:06:32,200.0,90.5,B
2021-07-15T11:06:12,400.0,90.5,B
2021-07-15T11:05:29,200.0,90.5,B
2021-07-15T11:05:10,300.0,90.5,B
2021-07-15T11:04:56,1000.0,90.4,S
2021-07-15T11:04:51,1200.0,90.4,S
2021-07-15T11:03:39,2100.0,90.4,B
2021-07-15T11:03:26,100.0,90.3,B
2021-07-15T11:03:26,100.0,90.3,S
2021-07-15T11:03:24,400.0,90.3,S
2021-07-15T11:01:53,300.0,90.4,B
2021-07-15T10:58:33,300.0,90.5,B
2021-07-15T10:58:14,500.0,90.4,S
2021-07-15T10:58:00,2000.0,90.4,S
2021-07-15T10:57:52,1000.0,90.4,S
2021-07-15T10:57:42,3000.0,90.4,S
2021-07-15T10:57:32,1000.0,90.5,S
2021-07-15T10:56:50,1000.0,90.6,B
2021-07-15T10:56:07,800.0,90.6,B
2021-07-15T10:55:27,300.0,90.5,B
2021-07-15T10:55:16,300.0,90.5,B
2021-07-15T10:52:35,1000.0,90.5,B
2021-07-15T10:51:56,300.0,90.5,B
2021-07-15T10:51:36,2000.0,90.5,B
2021-07-15T10:51:21,200.0,90.5,B
2021-07-15T10:50:31,1000.0,90.4,S
2021-07-15T10:49:41,500.0,90.5,B
2021-07-15T10:49:17,1000.0,90.5,B
2021-07-15T10:49:11,100.0,90.5,B
2021-07-15T10:48:55,100.0,90.5,B
2021-07-15T10:48:37,300.0,90.5,B
2021-07-15T10:48:20,300.0,90.5,B
2021-07-15T10:48:12,1000.0,90.5,B
2021-07-15T10:47:10,100.0,90.4,S
2021-07-15T10:46:58,500.0,90.4,S
2021-07-15T10:46:49,200.0,90.5,B
2021-07-15T10:45:19,300.0,90.5,B
2021-07-15T10:45:18,200.0,90.5,B
2021-07-15T10:43:56,1900.0,90.4,S
2021-07-15T10:43:50,300.0,90.4,S
2021-07-15T10:43:49,900.0,90.4,S
2021-07-15T10:43:40,100.0,90.4,S
2021-07-15T10:43:40,200.0,90.4,S
2021-07-15T10:43:37,300.0,90.4,S
2021-07-15T10:43:32,1000.0,90.5,B
2021-07-15T10:42:52,300.0,90.5,S
2021-07-15T10:42:49,600.0,90.5,S
2021-07-15T10:42:46,200.0,90.5,S
2021-07-15T10:42:44,300.0,90.5,S
2021-07-15T10:42:36,300.0,90.5,S
2021-07-15T10:42:28,300.0,90.5,S
2021-07-15T10:42:21,300.0,90.5,S
2021-07-15T10:42:11,300.0,90.5,S
2021-07-15T10:42:03,300.0,90.5,S
2021-07-15T10:42:01,300.0,90.7,B
2021-07-15T10:41:56,200.0,90.5,S
2021-07-15T10:41:53,100.0,90.5,S
2021-07-15T10:41:48,300.0,90.5,S
2021-07-15T10:41:46,300.0,90.5,S
2021-07-15T10:41:39,300.0,90.5,S
2021-07-15T10:41:36,100.0,90.5,S
2021-07-15T10:41:36,100.0,90.5,S
2021-07-15T10:41:34,300.0,90.6,S
2021-07-15T10:41:25,300.0,90.5,S
2021-07-15T10:39:13,1000.0,90.5,S
2021-07-15T10:38:43,300.0,90.7,B
2021-07-15T10:37:47,100.0,90.5,S
2021-07-15T10:36:16,400.0,90.7,B
2021-07-15T10:35:24,300.0,90.7,B
2021-07-15T10:35:17,200.0,90.7,B
2021-07-15T10:34:59,400.0,90.7,B
2021-07-15T10:34:35,400.0,90.7,B
2021-07-15T10:34:23,100.0,90.7,B
2021-07-15T10:33:55,200.0,90.7,B
2021-07-15T10:33:38,100.0,90.6,B
2021-07-15T10:33:28,100.0,90.7,B
2021-07-15T10:33:28,300.0,90.6,B
2021-07-15T10:32:25,800.0,90.6,S
2021-07-15T10:32:22,200.0,90.7,B
2021-07-15T10:32:22,200.0,90.7,B
2021-07-15T10:32:16,1000.0,90.6,S
2021-07-15T10:32:07,100.0,90.7,B
2021-07-15T10:32:07,200.0,90.7,B
2021-07-15T10:30:20,100.0,90.7,B
2021-07-15T10:28:46,300.0,90.7,B
2021-07-15T10:27:06,100.0,90.6,S
2021-07-15T10:26:29,100.0,90.7,B
2021-07-15T10:25:29,300.0,90.7,B
2021-07-15T10:25:23,300.0,90.5,S
2021-07-15T10:25:16,1000.0,90.6,S
2021-07-15T10:24:32,200.0,90.5,S
2021-07-15T10:24:32,800.0,90.5,S
2021-07-15T10:22:10,300.0,90.9,B
2021-07-15T10:21:40,100.0,90.5,S
2021-07-15T10:19:14,2900.0,90.5,S
2021-07-15T10:19:14,600.0,90.5,S
2021-07-15T10:19:14,1600.0,90.6,S
2021-07-15T10:19:14,400.0,90.7,S
2021-07-15T10:19:06,200.0,90.9,B
2021-07-15T10:18:53,300.0,90.9,B
2021-07-15T10:15:34,200.0,91.0,B
2021-07-15T10:15:32,200.0,91.0,B
2021-07-15T10:13:59,200.0,91.0,B
2021-07-15T10:13:54,200.0,91.0,B
2021-07-15T10:13:38,200.0,91.0,S
2021-07-15T10:13:01,200.0,91.2,B
2021-07-15T10:12:58,200.0,91.2,B
2021-07-15T10:12:27,200.0,91.2,B
2021-07-15T10:12:15,200.0,91.2,B
2021-07-15T10:11:58,200.0,91.2,B
2021-07-15T10:11:49,200.0,91.2,B
2021-07-15T10:11:38,1000.0,90.7,S
2021-07-15T10:11:03,200.0,91.2,B
2021-07-15T10:11:00,200.0,91.0,B
2021-07-15T10:10:35,800.0,91.0,S
2021-07-15T10:09:47,2000.0,91.0,S
2021-07-15T10:09:20,100.0,91.0,S
2021-07-15T10:08:56,200.0,91.2,B
2021-07-15T10:06:19,4500.0,91.3,S
2021-07-15T10:05:38,200.0,91.4,B
2021-07-15T10:05:29,200.0,91.3,S
2021-07-15T10:04:31,300.0,91.3,S
2021-07-15T10:04:31,2000.0,91.3,S
2021-07-15T10:04:06,200.0,91.3,S
2021-07-15T10:02:36,500.0,91.3,B
2021-07-15T10:02:19,200.0,91.3,B
2021-07-15T10:02:06,300.0,91.3,B
2021-07-15T10:01:58,100.0,91.3,B
2021-07-15T10:01:45,1300.0,91.3,B
2021-07-15T10:01:00,1000.0,91.3,B
2021-07-15T10:00:27,1400.0,91.2,B
2021-07-15T09:59:58,300.0,91.1,B
2021-07-15T09:59:52,200.0,91.1,B
2021-07-15T09:59:01,200.0,91.1,B
2021-07-15T09:57:42,800.0,91.0,B
2021-07-15T09:56:08,300.0,90.6,S
2021-07-15T09:55:59,200.0,90.6,S
2021-07-15T09:55:59,100.0,90.6,S
2021-07-15T09:55:45,100.0,90.8,S
2021-07-15T09:55:43,100.0,90.8,B
2021-07-15T09:55:37,200.0,90.8,S
2021-07-15T09:55:28,300.0,90.8,S
2021-07-15T09:55:19,300.0,90.8,S
2021-07-15T09:55:12,300.0,90.8,S
2021-07-15T09:55:02,300.0,90.8,S
2021-07-15T09:54:58,2000.0,91.0,B
2021-07-15T09:54:55,300.0,90.8,S
2021-07-15T09:54:47,100.0,90.9,B
2021-07-15T09:54:45,300.0,90.8,S
2021-07-15T09:54:34,300.0,90.8,S
2021-07-15T09:54:28,300.0,90.8,S
2021-07-15T09:54:19,300.0,90.8,S
2021-07-15T09:54:18,1000.0,90.8,S
2021-07-15T09:54:12,300.0,90.8,S
2021-07-15T09:54:03,300.0,90.8,S
2021-07-15T09:53:55,300.0,90.8,S
2021-07-15T09:53:46,100.0,90.9,S
2021-07-15T09:53:46,200.0,90.9,S
2021-07-15T09:53:40,2000.0,91.0,B
2021-07-15T09:53:31,900.0,90.9,B
2021-07-15T09:52:42,1000.0,90.8,S
2021-07-15T09:52:39,100.0,90.9,S
2021-07-15T09:52:24,200.0,91.0,B
2021-07-15T09:51:59,500.0,91.0,B
2021-07-15T09:51:37,200.0,91.0,B
2021-07-15T09:51:33,300.0,91.0,B
2021-07-15T09:51:32,200.0,91.0,B
2021-07-15T09:50:30,100.0,90.8,B
2021-07-15T09:50:22,200.0,90.8,B
2021-07-15T09:50:12,200.0,90.8,S
2021-07-15T09:49:43,100.0,90.8,S
2021-07-15T09:49:06,200.0,91.0,B
2021-07-15T09:48:42,200.0,91.0,B
2021-07-15T09:47:46,500.0,90.5,S
2021-07-15T09:47:28,200.0,90.8,B
2021-07-15T09:47:28,200.0,90.8,B
2021-07-15T09:46:39,600.0,90.5,S
2021-07-15T09:46:36,200.0,90.7,B
2021-07-15T09:46:24,200.0,90.5,S
2021-07-15T09:46:08,500.0,90.5,S
2021-07-15T09:45:47,200.0,90.7,B
2021-07-15T09:44:48,100.0,90.7,B
2021-07-15T09:43:43,700.0,91.0,B
2021-07-15T09:43:43,200.0,91.0,B
2021-07-15T09:42:29,200.0,91.2,B
2021-07-15T09:41:08,600.0,91.2,B
2021-07-15T09:39:10,200.0,91.3,B
2021-07-15T09:38:48,300.0,90.5,S
2021-07-15T09:38:00,300.0,91.3,S
2021-07-15T09:37:54,100.0,91.3,B
2021-07-15T09:37:47,100.0,91.3,B
2021-07-15T09:37:20,100.0,91.3,B
2021-07-15T09:36:08,2900.0,91.3,B
2021-07-15T09:36:08,2000.0,91.3,S
2021-07-15T09:35:52,200.0,91.5,B
2021-07-15T09:35:35,300.0,91.3,S
2021-07-15T09:35:31,500.0,91.3,S
2021-07-15T09:35:11,1500.0,91.3,B
2021-07-15T09:33:44,3500.0,91.1,B
2021-07-15T09:33:12,1500.0,91.1,B
2021-07-15T09:32:46,5300.0,91.0,B
2021-07-15T09:32:33,200.0,90.9,B
2021-07-15T09:32:03,100.0,90.5,S
2021-07-15T09:31:54,200.0,90.9,B
2021-07-15T09:31:52,300.0,90.5,S
2021-07-15T09:31:37,100.0,90.5,B
2021-07-15T09:31:13,500.0,90.4,B
2021-07-15T09:30:50,100.0,90.3,B
2021-07-15T09:30:40,900.0,90.3,B
2021-07-15T09:30:28,400.0,90.3,B
2021-07-15T09:30:28,100.0,90.2,B
2021-07-15T09:30:22,1000.0,90.1,S
2021-07-15T09:30:00,200.0,90.3,B
2021-07-15T09:29:37,1000.0,90.3,B
2021-07-15T09:29:15,200.0,90.3,B
2021-07-15T09:28:08,200.0,90.0,S
2021-07-15T09:28:03,500.0,90.3,B
2021-07-15T09:27:48,200.0,90.0,S
2021-07-15T09:27:03,100.0,90.0,S
2021-07-15T09:26:17,300.0,90.0,S
2021-07-15T09:26:17,1100.0,90.0,S
2021-07-15T09:26:17,1900.0,90.0,S
2021-07-15T09:26:17,3500.0,90.0,S
2021-07-15T09:25:55,200.0,90.3,B
2021-07-15T09:25:43,300.0,90.0,S
2021-07-15T09:25:24,1000.0,90.0,S
2021-07-15T09:24:56,2400.0,90.3,S
2021-07-15T09:23:56,100.0,90.3,S
2021-07-15T09:23:56,200.0,90.4,B
2021-07-15T09:23:47,800.0,90.3,S
2021-07-15T09:23:43,100.0,90.5,B
2021-07-15T09:23:33,500.0,90.5,B
2021-07-15T09:23:28,1000.0,90.3,S
2021-07-15T09:23:19,300.0,90.3,S
2021-07-15T09:23:18,100.0,90.5,B
2021-07-15T09:23:17,100.0,90.5,B
2021-07-15T09:22:59,100.0,90.5,B
2021-07-15T09:22:48,300.0,90.4,S
2021-07-15T09:22:38,200.0,90.5,B
2021-07-15T09:21:52,300.0,90.4,S
2021-07-15T09:21:50,300.0,90.4,S
2021-07-15T09:21:47,200.0,90.4,S
2021-07-15T09:21:41,300.0,90.4,S
2021-07-15T09:21:39,1000.0,90.4,S
2021-07-15T09:21:34,1000.0,90.4,S
2021-07-15T09:21:34,300.0,90.4,S
2021-07-15T09:21:30,300.0,90.4,S
2021-07-15T09:21:27,200.0,90.4,S
2021-07-15T09:21:22,300.0,90.5,B
2021-07-15T09:21:13,300.0,90.4,S
2021-07-15T09:21:08,200.0,90.8,S
2021-07-15T09:20:58,300.0,90.5,S
2021-07-15T09:20:49,300.0,90.5,S
2021-07-15T09:20:37,200.0,90.5,S
2021-07-15T09:20:26,300.0,90.5,S
2021-07-15T09:20:22,300.0,90.5,S
2021-07-15T09:20:18,200.0,90.7,S
2021-07-15T09:20:17,2300.0,90.9,B
2021-07-15T09:19:51,1000.0,90.9,B
2021-07-15T09:19:20,200.0,90.9,B
2021-07-15T09:19:17,1000.0,90.9,B
2021-07-15T09:18:52,200.0,90.9,B
2021-07-15T09:18:43,2000.0,90.4,S
2021-07-15T09:18:23,200.0,90.9,B
2021-07-15T09:18:11,100.0,90.4,S
2021-07-15T09:18:11,200.0,90.4,S
