tradingTime,volume,price,side
2021-07-15T14:29:30,100.0,3.53,B
2021-07-15T14:29:29,200.0,3.53,B
2021-07-15T14:29:14,200.0,3.53,B
2021-07-15T14:29:04,700.0,3.5,S
2021-07-15T14:29:04,1700.0,3.5,S
2021-07-15T14:29:04,1100.0,3.5,S
2021-07-15T14:29:04,20700.0,3.5,S
2021-07-15T14:29:04,5800.0,3.52,S
2021-07-15T14:29:00,8400.0,3.53,S
2021-07-15T14:28:54,1300.0,3.53,S
2021-07-15T14:28:24,100.0,3.55,B
2021-07-15T14:27:10,100.0,3.53,B
2021-07-15T14:27:04,900.0,3.53,S
2021-07-15T14:27:04,12300.0,3.53,S
2021-07-15T14:26:27,2300.0,3.53,B
2021-07-15T14:26:27,5400.0,3.53,B
2021-07-15T14:25:57,100.0,3.53,B
2021-07-15T14:24:58,100.0,3.53,B
2021-07-15T14:23:34,27500.0,3.53,S
2021-07-15T14:23:29,1100.0,3.53,S
2021-07-15T14:23:16,1400.0,3.53,B
2021-07-15T14:22:22,100.0,3.53,S
2021-07-15T14:22:02,2800.0,3.53,S
2021-07-15T14:21:44,100.0,3.53,B
2021-07-15T14:21:29,200.0,3.52,S
2021-07-15T14:19:33,10800.0,3.53,S
2021-07-15T14:17:50,1400.0,3.53,B
2021-07-15T14:14:57,3300.0,3.53,B
2021-07-15T14:14:52,100.0,3.53,B
2021-07-15T14:14:17,200.0,3.53,B
2021-07-15T14:13:40,4100.0,3.53,S
2021-07-15T14:13:28,10000.0,3.53,S
2021-07-15T14:12:31,3600.0,3.53,S
2021-07-15T14:09:56,1900.0,3.56,B
2021-07-15T14:07:14,200.0,3.53,B
2021-07-15T14:07:08,1000.0,3.53,B
2021-07-15T14:05:22,100.0,3.53,B
2021-07-15T14:04:53,4000.0,3.53,B
2021-07-15T14:04:43,1000.0,3.56,B
2021-07-15T14:04:30,300.0,3.56,B
2021-07-15T14:02:47,15000.0,3.56,S
2021-07-15T14:02:31,5000.0,3.54,B
2021-07-15T14:02:28,97500.0,3.53,S
2021-07-15T14:02:28,1000.0,3.53,S
2021-07-15T14:02:28,101500.0,3.54,S
2021-07-15T14:02:04,1400.0,3.55,S
2021-07-15T14:01:31,30400.0,3.56,S
2021-07-15T14:01:29,300.0,3.6,B
2021-07-15T14:00:47,2500.0,3.6,B
2021-07-15T14:00:47,40200.0,3.6,B
2021-07-15T14:00:47,2700.0,3.6,B
2021-07-15T14:00:47,2000.0,3.6,B
2021-07-15T14:00:47,2600.0,3.6,B
2021-07-15T14:00:36,100.0,3.59,B
2021-07-15T14:00:35,5000.0,3.58,S
2021-07-15T14:00:01,100.0,3.59,B
2021-07-15T13:59:37,400.0,3.58,B
2021-07-15T13:59:31,8700.0,3.59,B
2021-07-15T13:59:31,5200.0,3.59,B
2021-07-15T13:59:31,21000.0,3.59,B
2021-07-15T13:59:31,15100.0,3.58,B
2021-07-15T13:59:02,7400.0,3.57,B
2021-07-15T13:58:39,300.0,3.57,B
2021-07-15T13:57:59,5000.0,3.57,B
2021-07-15T13:57:32,38100.0,3.56,S
2021-07-15T13:57:25,4100.0,3.55,B
2021-07-15T13:56:45,900.0,3.55,S
2021-07-15T13:55:49,4100.0,3.55,B
2021-07-15T13:55:36,10000.0,3.55,B
2021-07-15T13:55:28,600.0,3.55,B
2021-07-15T13:54:47,1200.0,3.53,B
2021-07-15T13:54:27,1000.0,3.53,B
2021-07-15T13:54:14,87800.0,3.53,S
2021-07-15T13:54:04,4600.0,3.55,B
2021-07-15T13:54:04,100.0,3.55,B
2021-07-15T13:53:35,200.0,3.55,B
2021-07-15T13:52:17,1000.0,3.55,B
2021-07-15T13:51:56,100.0,3.55,B
2021-07-15T13:51:45,600.0,3.55,B
2021-07-15T13:51:36,10000.0,3.55,B
2021-07-15T13:51:21,800.0,3.55,B
2021-07-15T13:51:07,10000.0,3.55,B
2021-07-15T13:49:52,1200.0,3.54,B
2021-07-15T13:49:33,500.0,3.53,S
2021-07-15T13:48:29,500.0,3.53,S
2021-07-15T13:47:18,200.0,3.54,S
2021-07-15T13:46:02,900.0,3.55,B
2021-07-15T13:46:00,100.0,3.55,B
2021-07-15T13:45:55,3000.0,3.54,S
2021-07-15T13:45:20,200.0,3.55,B
2021-07-15T13:45:20,1800.0,3.55,B
2021-07-15T13:45:04,200.0,3.54,S
2021-07-15T13:42:18,200.0,3.55,B
2021-07-15T13:41:05,5000.0,3.54,S
2021-07-15T13:40:36,200.0,3.54,S
2021-07-15T13:39:18,10000.0,3.54,B
2021-07-15T13:39:18,1000.0,3.54,B
2021-07-15T13:39:18,1100.0,3.54,B
2021-07-15T13:38:07,1000.0,3.53,S
2021-07-15T13:36:10,100.0,3.53,B
2021-07-15T13:35:59,300.0,3.53,B
2021-07-15T13:33:52,100.0,3.53,B
2021-07-15T13:33:28,500.0,3.53,B
2021-07-15T13:33:06,1000.0,3.53,B
2021-07-15T13:31:26,500.0,3.53,S
2021-07-15T13:30:44,1000.0,3.53,S
2021-07-15T13:30:43,1000.0,3.54,B
2021-07-15T13:29:53,1300.0,3.53,B
2021-07-15T13:29:53,200.0,3.53,B
2021-07-15T13:29:23,1500.0,3.53,S
2021-07-15T13:28:01,500.0,3.53,B
2021-07-15T13:26:24,16000.0,3.52,S
2021-07-15T13:25:36,1000.0,3.53,B
2021-07-15T13:24:38,500.0,3.53,B
2021-07-15T13:22:22,3700.0,3.53,S
2021-07-15T13:21:23,100.0,3.53,S
2021-07-15T13:21:23,500.0,3.53,S
2021-07-15T13:21:22,200.0,3.53,S
2021-07-15T13:20:30,8500.0,3.53,S
2021-07-15T13:18:46,100.0,3.54,S
2021-07-15T13:18:30,1000.0,3.55,B
2021-07-15T13:15:49,500.0,3.53,B
2021-07-15T13:15:13,100.0,3.53,B
2021-07-15T13:15:12,100.0,3.53,B
2021-07-15T13:15:03,100.0,3.53,B
2021-07-15T13:13:01,100.0,3.53,S
2021-07-15T13:11:04,3000.0,3.53,B
2021-07-15T13:05:25,300.0,3.52,S
2021-07-15T13:03:50,100.0,3.54,B
2021-07-15T13:00:08,500.0,3.52,S
2021-07-15T13:00:03,6000.0,3.55,B
2021-07-15T13:00:02,100.0,3.53,B
2021-07-15T11:29:08,3000.0,3.52,S
2021-07-15T11:28:46,17300.0,3.52,B
2021-07-15T11:27:55,1000.0,3.52,B
2021-07-15T11:27:26,1000.0,3.52,B
2021-07-15T11:27:23,2600.0,3.5,S
2021-07-15T11:27:23,1000.0,3.5,S
2021-07-15T11:26:10,600.0,3.52,B
2021-07-15T11:25:40,500.0,3.52,S
2021-07-15T11:23:56,5900.0,3.52,S
2021-07-15T11:22:56,300.0,3.52,S
2021-07-15T11:20:54,500.0,3.52,S
2021-07-15T11:18:33,1200.0,3.53,B
2021-07-15T11:17:11,3400.0,3.52,S
2021-07-15T11:16:58,2400.0,3.53,B
2021-07-15T11:15:03,200.0,3.52,S
2021-07-15T11:14:49,100.0,3.52,S
2021-07-15T11:14:49,500.0,3.52,S
2021-07-15T11:14:49,100.0,3.52,S
2021-07-15T11:13:13,200.0,3.52,S
2021-07-15T11:11:57,1600.0,3.52,S
2021-07-15T11:11:28,300.0,3.52,S
2021-07-15T11:09:07,2200.0,3.53,B
2021-07-15T11:06:22,100.0,3.53,B
2021-07-15T11:04:54,2000.0,3.53,B
2021-07-15T11:02:13,700.0,3.53,B
2021-07-15T11:02:13,100.0,3.53,B
2021-07-15T11:01:18,5900.0,3.53,B
2021-07-15T10:55:31,100.0,3.53,B
2021-07-15T10:54:54,400.0,3.5,B
2021-07-15T10:54:52,600.0,3.5,S
2021-07-15T10:54:19,1000.0,3.5,S
2021-07-15T10:53:45,100.0,3.5,S
2021-07-15T10:52:46,2500.0,3.5,S
2021-07-15T10:52:46,200.0,3.5,S
2021-07-15T10:52:46,10900.0,3.5,S
2021-07-15T10:52:46,200.0,3.5,S
2021-07-15T10:52:46,1100.0,3.5,S
2021-07-15T10:52:46,5100.0,3.5,S
2021-07-15T10:50:15,1000.0,3.52,B
2021-07-15T10:47:55,100.0,3.5,S
2021-07-15T10:46:55,100.0,3.53,B
2021-07-15T10:46:28,100.0,3.53,B
2021-07-15T10:43:34,300.0,3.51,S
2021-07-15T10:42:36,3000.0,3.51,S
2021-07-15T10:42:21,1800.0,3.52,S
2021-07-15T10:42:09,3600.0,3.52,S
2021-07-15T10:42:06,600.0,3.52,S
2021-07-15T10:42:06,100.0,3.52,S
2021-07-15T10:41:56,2400.0,3.52,S
2021-07-15T10:41:43,200.0,3.53,B
2021-07-15T10:40:32,10000.0,3.53,B
2021-07-15T10:39:09,400.0,3.52,S
2021-07-15T10:39:03,5000.0,3.53,B
2021-07-15T10:34:54,100.0,3.53,S
2021-07-15T10:33:49,100.0,3.54,B
2021-07-15T10:33:35,400.0,3.53,S
2021-07-15T10:33:21,100.0,3.53,S
2021-07-15T10:31:59,100.0,3.54,B
2021-07-15T10:31:02,1300.0,3.52,S
2021-07-15T10:30:28,2000.0,3.52,S
2021-07-15T10:25:41,2200.0,3.52,S
2021-07-15T10:25:17,2900.0,3.54,B
2021-07-15T10:25:11,200.0,3.54,S
2021-07-15T10:23:42,6900.0,3.54,B
2021-07-15T10:18:11,1400.0,3.54,B
2021-07-15T10:18:00,14000.0,3.54,B
2021-07-15T10:16:49,1000.0,3.53,S
2021-07-15T10:16:11,400.0,3.53,B
2021-07-15T10:15:23,100.0,3.53,B
2021-07-15T10:15:16,500.0,3.54,B
2021-07-15T10:14:59,500.0,3.54,B
2021-07-15T10:13:00,500.0,3.54,B
2021-07-15T10:12:58,200.0,3.54,B
2021-07-15T10:11:58,100.0,3.54,B
2021-07-15T10:11:45,100.0,3.53,S
2021-07-15T10:10:57,300.0,3.53,S
2021-07-15T10:09:54,13000.0,3.53,S
2021-07-15T10:09:43,1300.0,3.54,B
2021-07-15T10:08:17,100.0,3.54,B
2021-07-15T10:07:09,100.0,3.53,S
2021-07-15T10:06:36,100.0,3.54,B
2021-07-15T10:05:57,400.0,3.54,B
2021-07-15T10:05:43,500.0,3.54,B
2021-07-15T10:04:04,1100.0,3.54,S
2021-07-15T10:02:34,200.0,3.55,B
2021-07-15T10:01:21,100.0,3.58,B
2021-07-15T10:01:11,2600.0,3.55,S
2021-07-15T10:01:11,2700.0,3.55,S
2021-07-15T10:00:20,100.0,3.58,B
2021-07-15T09:59:03,100.0,3.58,B
2021-07-15T09:59:01,200.0,3.55,S
2021-07-15T09:58:00,300.0,3.58,B
2021-07-15T09:57:53,7000.0,3.55,S
2021-07-15T09:55:38,10000.0,3.58,B
2021-07-15T09:55:06,300.0,3.58,S
2021-07-15T09:55:04,4700.0,3.58,S
2021-07-15T09:54:54,200.0,3.58,B
2021-07-15T09:54:37,2100.0,3.58,S
2021-07-15T09:54:33,400.0,3.58,S
2021-07-15T09:54:07,8700.0,3.58,B
2021-07-15T09:53:43,2200.0,3.58,B
2021-07-15T09:53:24,100.0,3.58,B
2021-07-15T09:53:02,1900.0,3.57,B
2021-07-15T09:52:51,100.0,3.55,B
2021-07-15T09:52:43,400.0,3.55,S
2021-07-15T09:52:27,100.0,3.57,B
2021-07-15T09:52:15,100.0,3.55,S
2021-07-15T09:51:57,9500.0,3.55,B
2021-07-15T09:51:55,500.0,3.55,B
2021-07-15T09:51:03,8000.0,3.55,B
2021-07-15T09:50:30,200.0,3.55,B
2021-07-15T09:50:29,200.0,3.55,B
2021-07-15T09:50:17,100.0,3.55,B
2021-07-15T09:50:07,10000.0,3.52,S
2021-07-15T09:50:05,2100.0,3.55,S
2021-07-15T09:50:02,1000.0,3.58,B
2021-07-15T09:49:14,300.0,3.58,B
2021-07-15T09:48:26,4000.0,3.6,B
2021-07-15T09:48:26,11300.0,3.6,B
2021-07-15T09:47:54,100.0,3.58,B
2021-07-15T09:47:45,1000.0,3.55,S
2021-07-15T09:47:39,300.0,3.55,S
2021-07-15T09:47:39,5000.0,3.58,B
2021-07-15T09:47:37,100.0,3.58,B
2021-07-15T09:47:24,1100.0,3.58,S
2021-07-15T09:47:14,1900.0,3.58,B
2021-07-15T09:47:06,100.0,3.58,B
2021-07-15T09:46:56,2300.0,3.55,B
2021-07-15T09:46:42,700.0,3.55,B
2021-07-15T09:46:05,100.0,3.53,B
2021-07-15T09:45:17,1900.0,3.52,S
2021-07-15T09:45:16,1000.0,3.53,B
2021-07-15T09:44:48,100.0,3.53,B
2021-07-15T09:44:36,2000.0,3.52,S
2021-07-15T09:43:26,1900.0,3.52,B
2021-07-15T09:43:14,300.0,3.52,B
2021-07-15T09:42:42,100.0,3.52,B
2021-07-15T09:42:38,500.0,3.52,B
2021-07-15T09:42:19,200.0,3.52,B
2021-07-15T09:41:13,500.0,3.51,S
2021-07-15T09:40:12,600.0,3.51,B
2021-07-15T09:39:53,500.0,3.51,B
2021-07-15T09:39:48,100.0,3.5,S
2021-07-15T09:39:22,2000.0,3.51,B
2021-07-15T09:38:55,500.0,3.51,B
2021-07-15T09:37:19,300.0,3.5,S
2021-07-15T09:36:32,900.0,3.5,S
2021-07-15T09:35:39,100.0,3.5,B
2021-07-15T09:35:17,600.0,3.49,S
2021-07-15T09:35:02,100.0,3.48,S
2021-07-15T09:34:14,1000.0,3.48,S
2021-07-15T09:33:10,200.0,3.49,B
2021-07-15T09:32:39,5000.0,3.48,S
2021-07-15T09:31:55,100.0,3.47,S
2021-07-15T09:31:55,100.0,3.47,S
2021-07-15T09:30:38,300.0,3.48,B
2021-07-15T09:30:21,500.0,3.48,B
2021-07-15T09:30:19,100.0,3.47,S
2021-07-15T09:30:10,200.0,3.48,B
2021-07-15T09:30:03,100.0,3.48,B
2021-07-15T09:29:56,2500.0,3.48,S
2021-07-15T09:29:56,1000.0,3.48,S
2021-07-15T09:29:56,300.0,3.48,S
2021-07-15T09:29:56,1100.0,3.48,S
2021-07-15T09:29:41,100.0,3.48,S
2021-07-15T09:29:17,9300.0,3.49,S
2021-07-15T09:29:03,1000.0,3.5,S
2021-07-15T09:28:27,100.0,3.5,S
2021-07-15T09:27:55,100.0,3.5,S
2021-07-15T09:27:20,300.0,3.52,B
2021-07-15T09:27:17,3700.0,3.52,S
2021-07-15T09:26:58,600.0,3.53,B
2021-07-15T09:26:56,100.0,3.52,S
2021-07-15T09:26:49,100.0,3.52,S
2021-07-15T09:26:42,900.0,3.52,B
2021-07-15T09:24:27,3900.0,3.52,S
2021-07-15T09:23:59,100.0,3.52,B
2021-07-15T09:23:11,300.0,3.49,B
2021-07-15T09:23:01,100.0,3.49,B
2021-07-15T09:22:34,100.0,3.49,B
2021-07-15T09:21:37,900.0,3.48,S
2021-07-15T09:21:30,100.0,3.48,B
2021-07-15T09:19:59,300.0,3.48,B
2021-07-15T09:19:10,2700.0,3.45,S
2021-07-15T09:19:10,23300.0,3.45,S
2021-07-15T09:18:40,500.0,3.45,S
2021-07-15T09:18:37,1000.0,3.48,B
2021-07-15T09:18:30,100.0,3.48,B
2021-07-15T09:17:54,500.0,3.48,B
