tradingTime,volume,price,side
2021-07-15T14:30:02,100.0,23.6,B
2021-07-15T14:29:19,5800.0,23.6,B
2021-07-15T14:29:19,3100.0,23.55,B
2021-07-15T14:29:19,200.0,23.5,B
2021-07-15T14:29:19,900.0,23.5,B
2021-07-15T14:29:17,100.0,23.5,B
2021-07-15T14:28:38,1000.0,23.5,S
2021-07-15T14:27:45,1900.0,23.5,S
2021-07-15T14:27:45,100.0,23.5,S
2021-07-15T14:27:06,200.0,23.5,S
2021-07-15T14:26:58,800.0,23.5,S
2021-07-15T14:24:36,2000.0,23.5,S
2021-07-15T14:24:23,1000.0,23.5,S
2021-07-15T14:22:56,300.0,23.55,B
2021-07-15T14:22:51,700.0,23.55,S
2021-07-15T14:22:46,1000.0,23.55,S
2021-07-15T14:19:49,1000.0,23.55,B
2021-07-15T14:19:49,800.0,23.55,B
2021-07-15T14:17:23,1000.0,23.5,B
2021-07-15T14:16:58,800.0,23.5,B
2021-07-15T14:16:49,1400.0,23.5,B
2021-07-15T14:16:48,700.0,23.5,B
2021-07-15T14:16:45,1000.0,23.5,B
2021-07-15T14:16:36,100.0,23.5,B
2021-07-15T14:15:46,500.0,23.45,B
2021-07-15T14:15:31,3000.0,23.45,B
2021-07-15T14:15:15,500.0,23.45,B
2021-07-15T14:14:55,1000.0,23.45,S
2021-07-15T14:14:20,3000.0,23.5,S
2021-07-15T14:13:58,100.0,23.5,S
2021-07-15T14:13:42,100.0,23.55,B
2021-07-15T14:12:38,2000.0,23.55,B
2021-07-15T14:12:07,18500.0,23.5,S
2021-07-15T14:11:30,200.0,23.5,S
2021-07-15T14:11:28,200.0,23.5,S
2021-07-15T14:11:09,400.0,23.5,S
2021-07-15T14:11:01,200.0,23.5,S
2021-07-15T14:10:53,1000.0,23.5,S
2021-07-15T14:10:39,1300.0,23.5,S
2021-07-15T14:10:21,5000.0,23.55,B
2021-07-15T14:10:05,3000.0,23.55,B
2021-07-15T14:09:31,1400.0,23.55,S
2021-07-15T14:09:31,4100.0,23.55,S
2021-07-15T14:09:31,7200.0,23.55,S
2021-07-15T14:07:57,500.0,23.55,S
2021-07-15T14:07:43,100.0,23.55,S
2021-07-15T14:07:29,300.0,23.55,S
2021-07-15T14:05:38,1000.0,23.6,S
2021-07-15T14:05:03,100.0,23.6,B
2021-07-15T14:05:03,3800.0,23.6,B
2021-07-15T14:04:58,1000.0,23.6,B
2021-07-15T14:04:15,2900.0,23.6,B
2021-07-15T14:03:52,100.0,23.6,B
2021-07-15T14:02:55,100.0,23.6,B
2021-07-15T14:02:54,7100.0,23.6,B
2021-07-15T14:02:49,400.0,23.65,B
2021-07-15T14:01:45,2000.0,23.65,B
2021-07-15T14:01:40,600.0,23.6,S
2021-07-15T14:01:20,200.0,23.65,B
2021-07-15T14:01:03,1000.0,23.65,B
2021-07-15T13:59:54,400.0,23.65,B
2021-07-15T13:59:53,2000.0,23.65,B
2021-07-15T13:59:25,1000.0,23.65,B
2021-07-15T13:57:25,2000.0,23.65,B
2021-07-15T13:56:39,3000.0,23.65,B
2021-07-15T13:56:16,200.0,23.6,S
2021-07-15T13:54:33,700.0,23.6,B
2021-07-15T13:54:09,500.0,23.6,B
2021-07-15T13:52:59,100.0,23.55,S
2021-07-15T13:52:31,400.0,23.55,S
2021-07-15T13:51:10,1000.0,23.55,S
2021-07-15T13:50:08,2200.0,23.55,S
2021-07-15T13:50:03,500.0,23.55,S
2021-07-15T13:48:23,3000.0,23.55,S
2021-07-15T13:47:59,1000.0,23.55,S
2021-07-15T13:47:06,100.0,23.55,S
2021-07-15T13:43:57,1000.0,23.55,S
2021-07-15T13:43:53,2000.0,23.55,S
2021-07-15T13:43:33,2000.0,23.55,S
2021-07-15T13:41:19,200.0,23.55,S
2021-07-15T13:40:50,200.0,23.55,S
2021-07-15T13:38:55,100.0,23.55,S
2021-07-15T13:38:15,2500.0,23.65,B
2021-07-15T13:37:50,100.0,23.65,B
2021-07-15T13:37:13,4600.0,23.65,S
2021-07-15T13:36:19,800.0,23.7,B
2021-07-15T13:36:16,2000.0,23.65,S
2021-07-15T13:35:59,200.0,23.65,S
2021-07-15T13:35:24,4200.0,23.65,B
2021-07-15T13:35:04,500.0,23.65,B
2021-07-15T13:34:35,3000.0,23.65,B
2021-07-15T13:34:31,1000.0,23.65,B
2021-07-15T13:33:59,5000.0,23.65,B
2021-07-15T13:32:06,600.0,23.65,B
2021-07-15T13:26:03,1700.0,23.65,B
2021-07-15T13:26:03,2000.0,23.65,B
2021-07-15T13:26:03,2600.0,23.65,B
2021-07-15T13:26:03,1300.0,23.6,B
2021-07-15T13:26:03,2400.0,23.6,B
2021-07-15T13:26:01,100.0,23.55,B
2021-07-15T13:25:58,100.0,23.55,B
2021-07-15T13:25:53,400.0,23.5,S
2021-07-15T13:22:29,8900.0,23.5,S
2021-07-15T13:21:00,1400.0,23.55,S
2021-07-15T13:20:26,100.0,23.6,B
2021-07-15T13:20:19,100.0,23.55,S
2021-07-15T13:19:38,500.0,23.55,S
2021-07-15T13:18:51,1000.0,23.55,S
2021-07-15T13:18:24,200.0,23.55,S
2021-07-15T13:17:10,100.0,23.6,B
2021-07-15T13:16:48,100.0,23.6,B
2021-07-15T13:15:29,5000.0,23.6,B
2021-07-15T13:15:18,200.0,23.6,B
2021-07-15T13:15:06,6700.0,23.6,B
2021-07-15T13:14:49,300.0,23.6,B
2021-07-15T13:14:23,1000.0,23.55,S
2021-07-15T13:14:09,1000.0,23.55,S
2021-07-15T13:13:11,200.0,23.55,B
2021-07-15T13:13:07,2000.0,23.55,B
2021-07-15T13:12:43,1000.0,23.55,B
2021-07-15T13:10:23,2600.0,23.5,B
2021-07-15T13:01:11,1000.0,23.4,S
2021-07-15T13:00:03,100.0,23.5,B
2021-07-15T13:00:02,100.0,23.5,B
2021-07-15T13:00:02,300.0,23.5,B
2021-07-15T11:29:38,100.0,23.5,B
2021-07-15T11:29:38,900.0,23.5,B
2021-07-15T11:28:15,300.0,23.5,B
2021-07-15T11:23:38,100.0,23.5,B
2021-07-15T11:23:38,2900.0,23.5,B
2021-07-15T11:19:00,2000.0,23.5,B
2021-07-15T11:18:23,100.0,23.5,S
2021-07-15T11:18:14,900.0,23.55,B
2021-07-15T11:17:51,3000.0,23.55,S
2021-07-15T11:17:37,1000.0,23.55,S
2021-07-15T11:17:13,5100.0,23.55,S
2021-07-15T11:16:51,1900.0,23.5,B
2021-07-15T11:16:29,10000.0,23.5,B
2021-07-15T11:13:50,2000.0,23.4,B
2021-07-15T11:12:52,2000.0,23.4,B
2021-07-15T11:12:30,100.0,23.4,B
2021-07-15T11:12:25,100.0,23.4,B
2021-07-15T11:12:02,500.0,23.4,B
2021-07-15T11:11:51,100.0,23.4,B
2021-07-15T11:10:50,2000.0,23.4,B
2021-07-15T11:04:26,2000.0,23.25,S
2021-07-15T11:02:06,1400.0,23.25,S
2021-07-15T11:01:44,100.0,23.3,S
2021-07-15T11:00:28,100.0,23.3,S
2021-07-15T10:59:12,100.0,23.4,S
2021-07-15T10:59:12,100.0,23.4,S
2021-07-15T10:58:59,600.0,23.45,B
2021-07-15T10:58:36,200.0,23.4,S
2021-07-15T10:54:45,200.0,23.4,S
2021-07-15T10:54:23,200.0,23.4,S
2021-07-15T10:54:14,500.0,23.4,S
2021-07-15T10:53:21,200.0,23.4,S
2021-07-15T10:50:13,100.0,23.4,B
2021-07-15T10:50:07,2500.0,23.4,B
2021-07-15T10:47:47,28400.0,23.4,S
2021-07-15T10:46:50,100.0,23.5,B
2021-07-15T10:45:38,600.0,23.5,S
2021-07-15T10:45:37,1000.0,23.5,S
2021-07-15T10:45:32,9000.0,23.6,B
2021-07-15T10:45:29,500.0,23.5,S
2021-07-15T10:45:28,200.0,23.5,S
2021-07-15T10:45:27,2000.0,23.5,S
2021-07-15T10:45:19,1000.0,23.5,S
2021-07-15T10:45:11,1000.0,23.5,S
2021-07-15T10:45:00,1000.0,23.5,S
2021-07-15T10:44:59,100.0,23.5,S
2021-07-15T10:44:45,500.0,23.5,S
2021-07-15T10:44:34,100.0,23.5,S
2021-07-15T10:44:21,100.0,23.5,S
2021-07-15T10:44:07,100.0,23.5,S
2021-07-15T10:44:03,100.0,23.5,S
2021-07-15T10:43:57,5700.0,23.5,S
2021-07-15T10:43:57,300.0,23.5,S
2021-07-15T10:43:46,3000.0,23.6,B
2021-07-15T10:43:26,9000.0,23.6,B
2021-07-15T10:43:17,300.0,23.5,S
2021-07-15T10:43:11,2000.0,23.5,S
2021-07-15T10:42:55,200.0,23.5,B
2021-07-15T10:42:54,500.0,23.4,S
2021-07-15T10:42:53,300.0,23.4,S
2021-07-15T10:42:42,500.0,23.4,S
2021-07-15T10:42:25,5000.0,23.4,S
2021-07-15T10:42:12,300.0,23.5,S
2021-07-15T10:42:07,100.0,23.65,B
2021-07-15T10:41:41,300.0,23.65,B
2021-07-15T10:41:41,1000.0,23.65,B
2021-07-15T10:41:41,4200.0,23.6,B
2021-07-15T10:37:34,2000.0,23.7,B
2021-07-15T10:37:34,2000.0,23.7,B
2021-07-15T10:37:34,1000.0,23.7,B
2021-07-15T10:37:34,6500.0,23.65,B
2021-07-15T10:37:34,2100.0,23.6,B
2021-07-15T10:37:34,3800.0,23.6,B
2021-07-15T10:37:34,400.0,23.6,B
2021-07-15T10:37:34,1100.0,23.6,B
2021-07-15T10:37:34,4700.0,23.6,B
2021-07-15T10:37:34,100.0,23.55,B
2021-07-15T10:37:34,6200.0,23.55,B
2021-07-15T10:37:34,300.0,23.5,B
2021-07-15T10:37:34,1800.0,23.5,B
2021-07-15T10:37:34,900.0,23.5,B
2021-07-15T10:37:34,2000.0,23.45,B
2021-07-15T10:37:33,3100.0,23.45,B
2021-07-15T10:37:33,3000.0,23.45,B
2021-07-15T10:37:33,2100.0,23.4,B
2021-07-15T10:37:12,1000.0,23.2,S
2021-07-15T10:34:47,100.0,23.2,S
2021-07-15T10:34:18,200.0,23.25,B
2021-07-15T10:33:54,1200.0,23.25,B
2021-07-15T10:33:33,400.0,23.3,S
2021-07-15T10:33:26,100.0,23.3,S
2021-07-15T10:30:34,1000.0,23.3,S
2021-07-15T10:29:55,100.0,23.3,S
2021-07-15T10:29:55,2700.0,23.3,B
2021-07-15T10:29:32,100.0,23.3,B
2021-07-15T10:27:36,7300.0,23.3,S
2021-07-15T10:25:48,200.0,23.5,B
2021-07-15T10:24:03,9100.0,23.5,S
2021-07-15T10:23:36,100.0,23.5,S
2021-07-15T10:23:30,700.0,23.5,B
2021-07-15T10:23:30,1200.0,23.5,B
2021-07-15T10:23:30,2700.0,23.5,B
2021-07-15T10:22:30,200.0,23.5,B
2021-07-15T10:20:46,1000.0,23.5,B
2021-07-15T10:20:26,200.0,23.5,B
2021-07-15T10:17:10,500.0,23.6,B
2021-07-15T10:16:55,300.0,23.2,S
2021-07-15T10:15:45,1000.0,23.7,B
2021-07-15T10:13:59,1200.0,23.8,S
2021-07-15T10:13:48,100.0,23.8,S
2021-07-15T10:13:46,100.0,23.8,S
2021-07-15T10:13:34,100.0,23.8,B
2021-07-15T10:13:34,2000.0,23.8,B
2021-07-15T10:13:34,2200.0,23.8,B
2021-07-15T10:13:34,500.0,23.8,B
2021-07-15T10:13:34,6100.0,23.75,B
2021-07-15T10:13:34,6300.0,23.7,B
2021-07-15T10:13:34,500.0,23.7,B
2021-07-15T10:13:34,200.0,23.7,B
2021-07-15T10:13:34,800.0,23.65,B
2021-07-15T10:13:34,5000.0,23.65,B
2021-07-15T10:13:34,300.0,23.65,B
2021-07-15T10:13:34,300.0,23.6,B
2021-07-15T10:13:34,8000.0,23.6,B
2021-07-15T10:13:34,200.0,23.6,B
2021-07-15T10:13:34,500.0,23.6,B
2021-07-15T10:13:34,3000.0,23.6,B
2021-07-15T10:13:34,1400.0,23.5,B
2021-07-15T10:13:34,200.0,23.5,B
2021-07-15T10:13:34,2200.0,23.5,B
2021-07-15T10:13:34,1100.0,23.5,B
2021-07-15T10:13:34,200.0,23.5,B
2021-07-15T10:13:34,1100.0,23.5,B
2021-07-15T10:13:34,900.0,23.5,B
2021-07-15T10:13:34,5000.0,23.45,B
2021-07-15T10:13:34,3300.0,23.45,B
2021-07-15T10:13:34,300.0,23.45,B
2021-07-15T10:13:34,500.0,23.45,B
2021-07-15T10:13:34,300.0,23.4,B
2021-07-15T10:13:34,1000.0,23.4,B
2021-07-15T10:13:34,6500.0,23.4,B
2021-07-15T10:13:34,2100.0,23.35,B
2021-07-15T10:13:34,1700.0,23.3,B
2021-07-15T10:13:34,600.0,23.3,B
2021-07-15T10:13:34,3000.0,23.3,B
2021-07-15T10:13:34,200.0,23.25,B
2021-07-15T10:13:34,2300.0,23.2,B
2021-07-15T10:13:34,4300.0,23.2,B
2021-07-15T10:12:58,500.0,23.0,S
2021-07-15T10:12:47,100.0,23.1,B
2021-07-15T10:11:24,1100.0,23.0,S
2021-07-15T10:11:24,6300.0,23.0,S
2021-07-15T10:11:24,500.0,23.0,S
2021-07-15T10:11:24,12100.0,23.0,S
2021-07-15T10:11:11,30000.0,23.05,S
2021-07-15T10:11:04,10000.0,23.05,S
2021-07-15T10:10:52,1000.0,23.1,S
2021-07-15T10:10:42,1100.0,23.2,B
2021-07-15T10:10:35,32200.0,23.2,S
2021-07-15T10:10:29,18000.0,23.2,S
2021-07-15T10:10:24,200.0,23.2,S
2021-07-15T10:09:09,1000.0,23.2,S
2021-07-15T10:08:56,100.0,23.2,S
2021-07-15T10:07:59,1000.0,23.25,B
2021-07-15T10:06:50,12600.0,23.25,B
2021-07-15T10:06:45,2000.0,23.25,S
2021-07-15T10:06:38,500.0,23.25,S
2021-07-15T10:06:24,500.0,23.3,S
2021-07-15T10:06:19,200.0,23.3,S
2021-07-15T10:05:54,2000.0,23.3,S
2021-07-15T10:05:00,500.0,23.3,S
2021-07-15T10:04:31,500.0,23.3,S
2021-07-15T10:04:25,100.0,23.35,B
2021-07-15T10:04:22,100.0,23.3,S
2021-07-15T10:03:55,100.0,23.3,S
2021-07-15T10:03:29,100.0,23.4,B
2021-07-15T10:02:32,13200.0,23.4,B
2021-07-15T10:02:32,1800.0,23.35,B
2021-07-15T10:02:27,100.0,23.3,S
2021-07-15T10:01:25,100.0,23.3,S
2021-07-15T10:00:56,2000.0,23.3,B
2021-07-15T10:00:19,5000.0,23.25,S
2021-07-15T09:59:21,1000.0,23.2,S
2021-07-15T09:59:09,3100.0,23.2,B
2021-07-15T09:58:23,1000.0,23.2,B
2021-07-15T09:57:56,900.0,23.2,S
2021-07-15T09:57:30,1000.0,23.2,S
2021-07-15T09:57:08,500.0,23.2,B
2021-07-15T09:57:08,800.0,23.2,B
2021-07-15T09:57:08,2200.0,23.2,B
2021-07-15T09:57:08,2200.0,23.2,B
2021-07-15T09:57:08,200.0,23.1,B
2021-07-15T09:57:08,5100.0,23.1,B
2021-07-15T09:56:51,2000.0,23.05,B
2021-07-15T09:56:39,3000.0,23.05,B
2021-07-15T09:56:10,300.0,23.05,B
2021-07-15T09:56:10,500.0,23.05,B
2021-07-15T09:55:56,500.0,23.05,B
2021-07-15T09:55:47,1900.0,23.05,B
2021-07-15T09:55:47,200.0,23.0,S
2021-07-15T09:55:13,500.0,23.05,B
2021-07-15T09:54:32,2600.0,23.0,B
2021-07-15T09:54:08,500.0,23.0,B
2021-07-15T09:54:08,1500.0,23.0,B
2021-07-15T09:53:38,5000.0,23.0,B
2021-07-15T09:53:34,5000.0,22.9,S
2021-07-15T09:53:28,1000.0,23.0,B
2021-07-15T09:53:09,500.0,23.0,B
2021-07-15T09:52:15,3300.0,23.0,B
2021-07-15T09:52:15,1700.0,22.9,B
2021-07-15T09:52:03,1000.0,22.9,B
2021-07-15T09:51:42,300.0,22.9,B
2021-07-15T09:50:53,5000.0,22.9,B
2021-07-15T09:50:48,300.0,22.9,B
2021-07-15T09:50:07,2000.0,22.9,B
2021-07-15T09:49:22,1600.0,22.85,B
2021-07-15T09:48:45,200.0,22.85,B
2021-07-15T09:46:55,600.0,22.85,S
2021-07-15T09:46:26,1000.0,22.85,S
2021-07-15T09:45:10,300.0,22.9,B
2021-07-15T09:42:58,1000.0,22.85,B
2021-07-15T09:41:42,1000.0,22.85,S
2021-07-15T09:41:06,700.0,22.75,S
2021-07-15T09:41:06,8400.0,22.75,S
2021-07-15T09:40:52,1000.0,22.85,B
2021-07-15T09:40:18,100.0,22.8,S
2021-07-15T09:38:24,700.0,22.85,S
2021-07-15T09:38:18,1000.0,22.9,B
2021-07-15T09:37:22,100.0,22.85,B
2021-07-15T09:37:15,300.0,22.8,S
2021-07-15T09:36:13,100.0,22.85,S
2021-07-15T09:36:13,100.0,22.85,S
2021-07-15T09:33:37,100.0,22.8,B
2021-07-15T09:33:37,1000.0,22.8,B
2021-07-15T09:33:37,3800.0,22.8,B
2021-07-15T09:33:35,100.0,22.8,B
2021-07-15T09:32:16,100.0,22.7,S
2021-07-15T09:30:19,1000.0,22.7,S
2021-07-15T09:29:29,1000.0,22.8,B
2021-07-15T09:29:02,200.0,22.8,S
2021-07-15T09:29:02,3600.0,22.8,S
2021-07-15T09:27:53,3000.0,22.8,S
2021-07-15T09:27:33,1500.0,22.8,S
2021-07-15T09:26:54,100.0,22.9,B
2021-07-15T09:26:50,5000.0,22.9,S
2021-07-15T09:24:00,1900.0,22.9,B
2021-07-15T09:23:47,1000.0,22.9,B
2021-07-15T09:23:35,1000.0,22.8,S
2021-07-15T09:23:14,1700.0,22.8,S
2021-07-15T09:23:14,100.0,22.8,S
2021-07-15T09:23:14,500.0,22.8,S
2021-07-15T09:22:36,400.0,22.9,B
2021-07-15T09:21:16,2000.0,22.8,S
2021-07-15T09:20:15,2500.0,22.8,B
2021-07-15T09:19:13,500.0,22.8,S
2021-07-15T09:19:05,1500.0,22.8,B
2021-07-15T09:18:50,500.0,22.8,B
2021-07-15T09:18:40,1000.0,22.7,S
