tradingTime,volume,price,side
2021-07-15T14:29:41,200.0,10.6,S
2021-07-15T14:29:31,300.0,10.6,S
2021-07-15T14:29:15,500.0,10.6,S
2021-07-15T14:29:08,100.0,10.6,S
2021-07-15T14:29:01,3200.0,10.6,B
2021-07-15T14:29:00,800.0,10.6,B
2021-07-15T14:28:58,7400.0,10.65,B
2021-07-15T14:28:58,14700.0,10.65,B
2021-07-15T14:28:58,500.0,10.65,B
2021-07-15T14:28:58,15400.0,10.65,B
2021-07-15T14:28:53,7100.0,10.65,B
2021-07-15T14:28:53,3000.0,10.65,B
2021-07-15T14:28:53,8700.0,10.65,B
2021-07-15T14:28:53,400.0,10.65,B
2021-07-15T14:28:53,800.0,10.6,B
2021-07-15T14:28:53,2000.0,10.55,S
2021-07-15T14:28:47,500.0,10.6,B
2021-07-15T14:28:38,500.0,10.6,B
2021-07-15T14:28:37,300.0,10.6,B
2021-07-15T14:28:32,100.0,10.6,B
2021-07-15T14:28:26,3600.0,10.6,S
2021-07-15T14:28:24,100.0,10.6,S
2021-07-15T14:28:15,300.0,10.6,B
2021-07-15T14:28:15,2000.0,10.6,B
2021-07-15T14:28:15,5800.0,10.6,B
2021-07-15T14:28:15,1700.0,10.6,B
2021-07-15T14:28:15,23300.0,10.6,B
2021-07-15T14:28:15,100.0,10.6,B
2021-07-15T14:28:15,600.0,10.6,B
2021-07-15T14:28:15,42200.0,10.6,B
2021-07-15T14:28:02,600.0,10.6,B
2021-07-15T14:28:00,100.0,10.55,S
2021-07-15T14:27:53,1000.0,10.6,B
2021-07-15T14:27:45,500.0,10.6,B
2021-07-15T14:27:38,33300.0,10.6,B
2021-07-15T14:27:38,4700.0,10.6,B
2021-07-15T14:27:33,100.0,10.6,B
2021-07-15T14:27:13,2700.0,10.6,B
2021-07-15T14:27:13,500.0,10.6,B
2021-07-15T14:27:13,10800.0,10.6,B
2021-07-15T14:27:05,4600.0,10.55,S
2021-07-15T14:26:55,100.0,10.6,B
2021-07-15T14:26:37,1000.0,10.6,B
2021-07-15T14:26:16,100.0,10.6,B
2021-07-15T14:26:16,1600.0,10.55,S
2021-07-15T14:26:11,2000.0,10.6,B
2021-07-15T14:26:11,300.0,10.6,B
2021-07-15T14:26:11,1200.0,10.6,B
2021-07-15T14:26:11,900.0,10.6,B
2021-07-15T14:26:09,1200.0,10.55,S
2021-07-15T14:26:07,1200.0,10.6,B
2021-07-15T14:26:07,23000.0,10.6,B
2021-07-15T14:26:07,10000.0,10.6,B
2021-07-15T14:26:07,3800.0,10.6,B
2021-07-15T14:25:59,1300.0,10.55,S
2021-07-15T14:25:50,1100.0,10.55,S
2021-07-15T14:25:46,1000.0,10.55,S
2021-07-15T14:25:46,1600.0,10.55,S
2021-07-15T14:25:39,1500.0,10.55,S
2021-07-15T14:25:32,200.0,10.55,S
2021-07-15T14:25:31,1800.0,10.6,B
2021-07-15T14:25:29,1400.0,10.55,S
2021-07-15T14:25:24,1300.0,10.55,S
2021-07-15T14:25:17,1500.0,10.55,S
2021-07-15T14:25:11,1600.0,10.55,S
2021-07-15T14:25:10,8400.0,10.6,B
2021-07-15T14:25:10,100.0,10.6,B
2021-07-15T14:25:10,5600.0,10.6,B
2021-07-15T14:25:10,3600.0,10.6,B
2021-07-15T14:25:10,2000.0,10.6,B
2021-07-15T14:25:10,2300.0,10.6,B
2021-07-15T14:25:10,10500.0,10.6,B
2021-07-15T14:25:10,5500.0,10.6,B
2021-07-15T14:25:01,1100.0,10.55,S
2021-07-15T14:24:59,200.0,10.55,S
2021-07-15T14:24:55,1300.0,10.55,S
2021-07-15T14:24:48,1300.0,10.55,S
2021-07-15T14:24:41,1200.0,10.55,S
2021-07-15T14:24:35,1300.0,10.55,S
2021-07-15T14:24:27,1600.0,10.55,S
2021-07-15T14:24:20,1200.0,10.55,S
2021-07-15T14:24:16,1300.0,10.55,S
2021-07-15T14:24:13,1300.0,10.55,S
2021-07-15T14:24:06,2000.0,10.55,S
2021-07-15T14:23:58,1300.0,10.55,S
2021-07-15T14:23:55,300.0,10.6,B
2021-07-15T14:23:50,1300.0,10.55,S
2021-07-15T14:23:49,800.0,10.6,B
2021-07-15T14:23:43,1700.0,10.55,S
2021-07-15T14:23:35,1400.0,10.55,S
2021-07-15T14:23:34,300.0,10.55,S
2021-07-15T14:23:30,1200.0,10.55,S
2021-07-15T14:23:23,1300.0,10.55,S
2021-07-15T14:23:21,1800.0,10.55,S
2021-07-15T14:23:21,200.0,10.55,S
2021-07-15T14:23:16,1200.0,10.55,S
2021-07-15T14:23:08,300.0,10.55,S
2021-07-15T14:23:07,4000.0,10.6,B
2021-07-15T14:23:06,1300.0,10.55,S
2021-07-15T14:23:01,1100.0,10.55,S
2021-07-15T14:23:00,200.0,10.6,B
2021-07-15T14:22:55,1400.0,10.55,S
2021-07-15T14:22:45,1600.0,10.55,S
2021-07-15T14:22:44,1000.0,10.6,B
2021-07-15T14:22:41,200.0,10.55,S
2021-07-15T14:22:36,1400.0,10.55,S
2021-07-15T14:22:28,1700.0,10.55,S
2021-07-15T14:22:27,300.0,10.55,S
2021-07-15T14:22:26,49700.0,10.55,S
2021-07-15T14:22:23,600.0,10.55,S
2021-07-15T14:22:21,1500.0,10.55,S
2021-07-15T14:22:12,1500.0,10.55,S
2021-07-15T14:22:05,1600.0,10.55,S
2021-07-15T14:21:56,1500.0,10.55,S
2021-07-15T14:21:47,1500.0,10.55,S
2021-07-15T14:21:42,100.0,10.55,S
2021-07-15T14:21:39,1300.0,10.55,S
2021-07-15T14:21:32,1600.0,10.55,S
2021-07-15T14:21:24,1400.0,10.55,S
2021-07-15T14:21:18,200.0,10.55,S
2021-07-15T14:21:11,1300.0,10.55,S
2021-07-15T14:20:57,1000.0,10.55,S
2021-07-15T14:20:55,1700.0,10.55,S
2021-07-15T14:20:51,1000.0,10.6,B
2021-07-15T14:20:46,1600.0,10.55,S
2021-07-15T14:20:35,13200.0,10.6,B
2021-07-15T14:20:35,500.0,10.6,B
2021-07-15T14:20:35,17000.0,10.6,B
2021-07-15T14:20:35,200.0,10.6,B
2021-07-15T14:20:35,3600.0,10.6,B
2021-07-15T14:20:35,1100.0,10.6,B
2021-07-15T14:20:35,64500.0,10.6,B
2021-07-15T14:20:32,1600.0,10.55,S
2021-07-15T14:20:29,600.0,10.55,S
2021-07-15T14:20:28,400.0,10.55,B
2021-07-15T14:20:21,800.0,10.5,S
2021-07-15T14:20:21,400.0,10.5,S
2021-07-15T14:20:21,4700.0,10.55,B
2021-07-15T14:20:14,1400.0,10.5,S
2021-07-15T14:20:06,1500.0,10.5,S
2021-07-15T14:19:59,500.0,10.55,B
2021-07-15T14:19:57,2000.0,10.55,B
2021-07-15T14:19:57,300.0,10.55,B
2021-07-15T14:19:49,9200.0,10.55,B
2021-07-15T14:19:37,1000.0,10.55,B
2021-07-15T14:19:33,1200.0,10.5,S
2021-07-15T14:19:32,32800.0,10.55,B
2021-07-15T14:19:29,100.0,10.55,S
2021-07-15T14:19:24,1000.0,10.55,S
2021-07-15T14:19:20,300.0,10.55,B
2021-07-15T14:19:20,16000.0,10.55,B
2021-07-15T14:19:18,200.0,10.55,B
2021-07-15T14:19:12,5000.0,10.55,B
2021-07-15T14:19:08,5000.0,10.55,B
2021-07-15T14:19:04,1200.0,10.5,S
2021-07-15T14:19:04,200.0,10.5,S
2021-07-15T14:18:54,1000.0,10.55,B
2021-07-15T14:18:51,2000.0,10.55,B
2021-07-15T14:18:39,100.0,10.55,B
2021-07-15T14:18:39,100.0,10.5,S
2021-07-15T14:18:37,12000.0,10.55,B
2021-07-15T14:18:33,2800.0,10.55,B
2021-07-15T14:18:27,400.0,10.55,B
2021-07-15T14:18:09,1600.0,10.5,S
2021-07-15T14:18:09,100.0,10.55,B
2021-07-15T14:17:52,100.0,10.55,B
2021-07-15T14:17:48,500.0,10.5,S
2021-07-15T14:17:48,100.0,10.55,B
2021-07-15T14:17:46,1000.0,10.5,S
2021-07-15T14:17:13,300.0,10.5,S
2021-07-15T14:17:08,400.0,10.55,B
2021-07-15T14:17:02,3000.0,10.55,B
2021-07-15T14:16:54,3000.0,10.55,B
2021-07-15T14:16:54,1200.0,10.55,B
2021-07-15T14:16:47,500.0,10.55,B
2021-07-15T14:16:46,10000.0,10.55,B
2021-07-15T14:16:43,500.0,10.55,B
2021-07-15T14:16:36,200.0,10.55,B
2021-07-15T14:16:30,3900.0,10.55,B
2021-07-15T14:16:28,10700.0,10.55,B
2021-07-15T14:16:27,800.0,10.55,B
2021-07-15T14:16:19,100.0,10.55,B
2021-07-15T14:16:18,5000.0,10.55,B
2021-07-15T14:16:02,10000.0,10.55,B
2021-07-15T14:15:48,500.0,10.55,B
2021-07-15T14:15:44,700.0,10.55,B
2021-07-15T14:15:38,500.0,10.55,B
2021-07-15T14:15:30,2000.0,10.55,B
2021-07-15T14:15:29,200.0,10.55,B
2021-07-15T14:15:18,100.0,10.55,B
2021-07-15T14:14:54,500.0,10.55,B
2021-07-15T14:14:50,200.0,10.55,B
2021-07-15T14:14:35,3000.0,10.55,B
2021-07-15T14:14:30,100.0,10.55,B
2021-07-15T14:14:23,200.0,10.55,B
2021-07-15T14:14:13,1100.0,10.55,B
2021-07-15T14:14:10,500.0,10.55,B
2021-07-15T14:14:06,5000.0,10.55,B
2021-07-15T14:13:49,7000.0,10.55,B
2021-07-15T14:13:49,400.0,10.55,B
2021-07-15T14:13:46,100.0,10.55,B
2021-07-15T14:13:40,500.0,10.55,B
2021-07-15T14:13:34,4000.0,10.55,B
2021-07-15T14:13:30,3000.0,10.55,B
2021-07-15T14:13:25,100.0,10.55,B
2021-07-15T14:13:15,1100.0,10.55,B
2021-07-15T14:13:09,5000.0,10.55,B
2021-07-15T14:13:03,200.0,10.55,B
2021-07-15T14:13:03,200.0,10.5,S
2021-07-15T14:13:02,1000.0,10.55,B
2021-07-15T14:12:48,2900.0,10.55,B
2021-07-15T14:12:40,200.0,10.55,B
2021-07-15T14:12:38,5000.0,10.55,B
2021-07-15T14:12:28,1000.0,10.55,B
2021-07-15T14:12:14,100.0,10.55,B
2021-07-15T14:12:09,100.0,10.55,B
2021-07-15T14:12:08,4100.0,10.55,S
2021-07-15T14:12:08,300.0,10.55,S
2021-07-15T14:12:08,2200.0,10.55,S
2021-07-15T14:12:07,1500.0,10.55,S
2021-07-15T14:12:07,5400.0,10.55,S
2021-07-15T14:12:07,2200.0,10.55,S
2021-07-15T14:12:07,2400.0,10.55,S
2021-07-15T14:12:07,1000.0,10.55,S
2021-07-15T14:12:07,400.0,10.55,S
2021-07-15T14:12:07,1400.0,10.55,S
2021-07-15T14:12:07,2000.0,10.55,S
2021-07-15T14:12:07,6400.0,10.55,S
2021-07-15T14:12:07,1000.0,10.55,S
2021-07-15T14:12:07,56300.0,10.55,S
2021-07-15T14:12:04,5000.0,10.55,S
2021-07-15T14:11:58,500.0,10.55,S
2021-07-15T14:11:50,30000.0,10.55,S
2021-07-15T14:11:43,500.0,10.6,B
2021-07-15T14:11:38,100.0,10.6,B
2021-07-15T14:11:25,5000.0,10.55,S
2021-07-15T14:11:17,10000.0,10.6,B
2021-07-15T14:11:14,200.0,10.6,B
2021-07-15T14:11:09,100.0,10.55,S
2021-07-15T14:10:57,1600.0,10.55,S
2021-07-15T14:10:40,500.0,10.6,B
2021-07-15T14:10:38,100.0,10.55,S
2021-07-15T14:10:27,1300.0,10.55,S
2021-07-15T14:10:14,400.0,10.6,B
2021-07-15T14:10:12,100.0,10.6,B
2021-07-15T14:09:59,2700.0,10.55,S
2021-07-15T14:09:59,1000.0,10.55,S
2021-07-15T14:09:59,2000.0,10.55,S
2021-07-15T14:09:59,2200.0,10.55,S
2021-07-15T14:09:59,20900.0,10.55,S
2021-07-15T14:09:59,41200.0,10.55,S
2021-07-15T14:09:41,3000.0,10.6,B
2021-07-15T14:09:28,300.0,10.55,S
2021-07-15T14:09:26,100.0,10.6,B
2021-07-15T14:09:18,1500.0,10.6,B
2021-07-15T14:09:14,1500.0,10.55,S
2021-07-15T14:08:53,800.0,10.55,S
2021-07-15T14:08:53,200.0,10.6,B
2021-07-15T14:08:50,7000.0,10.55,S
2021-07-15T14:08:49,500.0,10.6,B
2021-07-15T14:08:49,4000.0,10.6,B
2021-07-15T14:08:41,200.0,10.6,B
2021-07-15T14:08:39,100.0,10.6,B
2021-07-15T14:08:36,10000.0,10.6,B
2021-07-15T14:08:35,14800.0,10.6,B
2021-07-15T14:08:33,100.0,10.55,S
2021-07-15T14:08:28,18000.0,10.6,B
2021-07-15T14:08:26,2100.0,10.6,B
2021-07-15T14:07:48,200.0,10.6,B
2021-07-15T14:07:30,1000.0,10.6,B
2021-07-15T14:07:20,2000.0,10.6,B
2021-07-15T14:07:20,1000.0,10.6,B
2021-07-15T14:07:14,1000.0,10.6,B
2021-07-15T14:07:12,3000.0,10.6,B
2021-07-15T14:07:12,5000.0,10.55,S
2021-07-15T14:07:03,1000.0,10.6,S
2021-07-15T14:07:03,1700.0,10.6,S
2021-07-15T14:07:01,5000.0,10.6,S
2021-07-15T14:06:59,7000.0,10.6,S
2021-07-15T14:06:52,1700.0,10.6,S
2021-07-15T14:06:46,1000.0,10.6,S
2021-07-15T14:06:41,200.0,10.6,S
2021-07-15T14:06:36,1700.0,10.6,S
2021-07-15T14:06:36,8300.0,10.6,B
2021-07-15T14:06:35,2000.0,10.6,B
2021-07-15T14:06:33,1300.0,10.6,B
2021-07-15T14:06:29,1300.0,10.55,S
2021-07-15T14:06:26,2000.0,10.55,S
2021-07-15T14:06:24,3000.0,10.6,B
2021-07-15T14:06:22,200.0,10.6,B
2021-07-15T14:06:21,3000.0,10.6,B
2021-07-15T14:06:20,1200.0,10.55,S
2021-07-15T14:06:20,500.0,10.6,B
2021-07-15T14:06:20,1000.0,10.6,B
2021-07-15T14:06:17,10000.0,10.6,B
2021-07-15T14:06:14,1000.0,10.6,B
2021-07-15T14:06:14,20000.0,10.6,B
2021-07-15T14:06:13,1700.0,10.55,S
2021-07-15T14:06:08,3000.0,10.6,B
2021-07-15T14:06:06,3000.0,10.6,B
2021-07-15T14:06:06,1000.0,10.6,B
2021-07-15T14:06:04,1300.0,10.55,S
2021-07-15T14:05:59,2000.0,10.6,B
2021-07-15T14:05:57,1300.0,10.55,S
2021-07-15T14:05:56,100.0,10.6,B
2021-07-15T14:05:52,1000.0,10.6,B
2021-07-15T14:05:51,500.0,10.6,B
2021-07-15T14:05:50,1000.0,10.6,B
2021-07-15T14:05:48,1700.0,10.55,S
2021-07-15T14:05:41,9500.0,10.6,B
2021-07-15T14:05:41,200.0,10.6,B
2021-07-15T14:05:41,400.0,10.6,B
2021-07-15T14:05:41,2500.0,10.6,B
2021-07-15T14:05:41,7100.0,10.6,B
2021-07-15T14:05:41,1200.0,10.6,B
2021-07-15T14:05:41,800.0,10.6,B
2021-07-15T14:05:41,7000.0,10.6,B
2021-07-15T14:05:41,9000.0,10.6,B
2021-07-15T14:05:41,1100.0,10.6,B
2021-07-15T14:05:41,116200.0,10.6,B
2021-07-15T14:05:41,1000.0,10.6,B
2021-07-15T14:05:41,2000.0,10.6,B
2021-07-15T14:05:41,3500.0,10.6,B
2021-07-15T14:05:41,7000.0,10.6,B
2021-07-15T14:05:41,400.0,10.6,B
2021-07-15T14:05:41,1600.0,10.6,B
2021-07-15T14:05:41,500.0,10.6,B
2021-07-15T14:05:41,700.0,10.6,B
2021-07-15T14:05:41,6800.0,10.6,B
2021-07-15T14:05:41,15300.0,10.6,B
2021-07-15T14:05:41,1000.0,10.6,B
2021-07-15T14:05:41,2200.0,10.6,B
2021-07-15T14:05:41,2300.0,10.6,B
2021-07-15T14:05:41,200.0,10.6,B
2021-07-15T14:05:41,25500.0,10.6,B
2021-07-15T14:05:41,100.0,10.6,B
2021-07-15T14:05:41,600.0,10.6,B
2021-07-15T14:05:41,3500.0,10.6,B
2021-07-15T14:05:41,2500.0,10.6,B
2021-07-15T14:05:41,28000.0,10.6,B
2021-07-15T14:05:41,3200.0,10.6,B
2021-07-15T14:05:41,500.0,10.6,B
2021-07-15T14:05:41,11200.0,10.6,B
2021-07-15T14:05:41,100.0,10.6,B
2021-07-15T14:05:41,500.0,10.6,B
2021-07-15T14:05:41,700.0,10.6,B
2021-07-15T14:05:41,7400.0,10.6,B
2021-07-15T14:05:41,15000.0,10.6,B
2021-07-15T14:05:41,1000.0,10.6,B
2021-07-15T14:05:41,3600.0,10.6,B
2021-07-15T14:05:41,1700.0,10.6,B
2021-07-15T14:05:41,400.0,10.6,B
2021-07-15T14:05:41,10300.0,10.6,B
2021-07-15T14:05:41,100.0,10.6,B
2021-07-15T14:05:41,300.0,10.6,B
2021-07-15T14:05:41,20900.0,10.6,B
2021-07-15T14:05:41,17200.0,10.6,B
2021-07-15T14:05:41,20600.0,10.6,B
2021-07-15T14:05:41,4000.0,10.6,B
2021-07-15T14:05:41,6100.0,10.6,B
2021-07-15T14:05:41,2200.0,10.6,B
2021-07-15T14:05:41,13300.0,10.6,B
2021-07-15T14:05:36,1200.0,10.55,S
2021-07-15T14:05:32,200.0,10.6,B
2021-07-15T14:05:23,1500.0,10.55,S
2021-07-15T14:05:14,100.0,10.6,B
2021-07-15T14:05:08,1300.0,10.55,S
2021-07-15T14:05:05,200.0,10.55,S
2021-07-15T14:04:57,200.0,10.55,S
2021-07-15T14:04:56,200.0,10.6,B
2021-07-15T14:04:50,1600.0,10.55,S
2021-07-15T14:04:42,500.0,10.6,B
2021-07-15T14:04:35,1000.0,10.6,B
2021-07-15T14:04:31,5000.0,10.6,B
2021-07-15T14:04:27,2000.0,10.6,B
2021-07-15T14:04:25,4000.0,10.6,B
2021-07-15T14:04:23,3000.0,10.6,B
2021-07-15T14:04:03,100.0,10.6,B
2021-07-15T14:04:00,100.0,10.6,B
2021-07-15T14:03:51,5000.0,10.6,B
2021-07-15T14:03:10,800.0,10.6,B
2021-07-15T14:03:03,1300.0,10.55,S
2021-07-15T14:02:45,1000.0,10.55,S
2021-07-15T14:02:44,2000.0,10.6,B
2021-07-15T14:02:36,1300.0,10.55,S
2021-07-15T14:02:32,1000.0,10.6,B
2021-07-15T14:02:26,7400.0,10.55,S
2021-07-15T14:02:26,2600.0,10.55,S
2021-07-15T14:02:22,1000.0,10.6,B
2021-07-15T14:02:08,500.0,10.6,B
2021-07-15T14:02:03,1000.0,10.55,S
2021-07-15T14:01:59,500.0,10.55,S
2021-07-15T14:01:50,5000.0,10.6,B
2021-07-15T14:01:49,1000.0,10.6,B
2021-07-15T14:01:34,300.0,10.6,B
2021-07-15T14:01:31,100.0,10.6,B
2021-07-15T14:01:19,5500.0,10.55,S
2021-07-15T14:01:12,300.0,10.6,B
2021-07-15T14:01:11,200.0,10.6,B
2021-07-15T14:01:07,100.0,10.6,B
2021-07-15T14:00:47,300.0,10.6,B
2021-07-15T14:00:41,1000.0,10.6,B
2021-07-15T14:00:15,200.0,10.6,B
2021-07-15T14:00:03,500.0,10.55,S
2021-07-15T13:59:55,200.0,10.55,S
2021-07-15T13:59:46,2000.0,10.55,S
2021-07-15T13:59:27,100.0,10.55,S
2021-07-15T13:59:19,200.0,10.6,B
2021-07-15T13:59:19,1000.0,10.6,B
2021-07-15T13:59:16,200.0,10.6,B
2021-07-15T13:59:06,400.0,10.6,B
2021-07-15T13:58:57,400.0,10.55,S
2021-07-15T13:58:31,6800.0,10.55,S
2021-07-15T13:58:27,400.0,10.55,B
2021-07-15T13:58:26,100.0,10.55,S
2021-07-15T13:58:25,200.0,10.55,S
2021-07-15T13:58:23,2800.0,10.55,B
2021-07-15T13:58:23,6000.0,10.55,B
2021-07-15T13:58:23,16000.0,10.55,B
2021-07-15T13:58:23,2000.0,10.55,B
2021-07-15T13:58:23,3200.0,10.55,B
2021-07-15T13:58:20,100.0,10.55,B
2021-07-15T13:58:15,300.0,10.55,B
2021-07-15T13:58:14,2300.0,10.55,B
2021-07-15T13:58:02,36000.0,10.55,B
2021-07-15T13:57:57,7000.0,10.55,B
2021-07-15T13:57:57,300.0,10.55,B
2021-07-15T13:57:54,3000.0,10.55,B
2021-07-15T13:57:54,5000.0,10.55,B
2021-07-15T13:57:49,51100.0,10.55,B
2021-07-15T13:57:44,100.0,10.55,B
2021-07-15T13:57:40,600.0,10.55,B
2021-07-15T13:57:28,10000.0,10.55,B
2021-07-15T13:57:10,1000.0,10.55,B
2021-07-15T13:57:05,100.0,10.55,B
2021-07-15T13:57:00,300.0,10.55,B
2021-07-15T13:56:58,200.0,10.55,B
2021-07-15T13:56:42,20000.0,10.55,B
2021-07-15T13:56:38,100.0,10.55,B
2021-07-15T13:56:27,2700.0,10.55,B
2021-07-15T13:56:27,1300.0,10.55,B
2021-07-15T13:56:18,100.0,10.55,B
2021-07-15T13:55:34,3000.0,10.5,S
2021-07-15T13:55:27,300.0,10.55,B
2021-07-15T13:55:23,300.0,10.55,B
2021-07-15T13:55:04,3000.0,10.5,S
2021-07-15T13:55:03,200.0,10.55,B
2021-07-15T13:54:58,200.0,10.55,B
2021-07-15T13:54:53,4900.0,10.55,B
2021-07-15T13:54:35,500.0,10.5,S
2021-07-15T13:54:33,19000.0,10.55,B
2021-07-15T13:54:32,3000.0,10.55,B
2021-07-15T13:54:24,15000.0,10.55,B
2021-07-15T13:54:23,100.0,10.55,B
2021-07-15T13:54:07,1000.0,10.55,B
2021-07-15T13:53:49,5000.0,10.55,B
2021-07-15T13:53:35,1500.0,10.55,B
2021-07-15T13:53:27,10000.0,10.55,B
2021-07-15T13:53:10,1400.0,10.55,B
2021-07-15T13:52:51,5000.0,10.55,B
2021-07-15T13:52:44,100.0,10.55,B
2021-07-15T13:52:42,200.0,10.55,B
2021-07-15T13:52:36,5000.0,10.55,B
2021-07-15T13:52:23,400.0,10.55,B
2021-07-15T13:52:10,5000.0,10.55,B
2021-07-15T13:52:09,200.0,10.55,B
2021-07-15T13:52:04,1500.0,10.55,B
2021-07-15T13:52:02,800.0,10.55,B
2021-07-15T13:52:01,10000.0,10.55,B
2021-07-15T13:51:56,500.0,10.55,B
2021-07-15T13:51:45,500.0,10.55,B
2021-07-15T13:51:45,1600.0,10.55,S
2021-07-15T13:51:45,4300.0,10.55,S
2021-07-15T13:51:43,1000.0,10.55,S
2021-07-15T13:51:33,300.0,10.55,S
2021-07-15T13:51:28,400.0,10.55,S
2021-07-15T13:51:23,100.0,10.5,S
2021-07-15T13:51:18,500.0,10.55,S
2021-07-15T13:51:14,500.0,10.55,B
2021-07-15T13:51:14,4000.0,10.55,B
2021-07-15T13:51:14,1200.0,10.55,B
2021-07-15T13:51:14,300.0,10.55,B
2021-07-15T13:51:14,200.0,10.55,B
2021-07-15T13:51:14,2500.0,10.55,B
2021-07-15T13:51:11,500.0,10.55,B
2021-07-15T13:51:03,5000.0,10.55,B
2021-07-15T13:51:03,100.0,10.55,B
2021-07-15T13:51:00,500.0,10.55,B
2021-07-15T13:50:58,15300.0,10.55,B
2021-07-15T13:50:58,17000.0,10.55,B
2021-07-15T13:50:58,107400.0,10.55,B
2021-07-15T13:50:58,400.0,10.55,B
2021-07-15T13:50:58,400.0,10.55,B
2021-07-15T13:50:58,5000.0,10.55,B
2021-07-15T13:50:58,500.0,10.55,B
2021-07-15T13:50:58,100.0,10.55,B
2021-07-15T13:50:58,2000.0,10.55,B
2021-07-15T13:50:58,1300.0,10.55,B
2021-07-15T13:50:58,1000.0,10.55,B
2021-07-15T13:50:58,1000.0,10.55,B
2021-07-15T13:50:58,200.0,10.55,B
2021-07-15T13:50:58,4200.0,10.55,B
2021-07-15T13:50:58,100.0,10.55,B
2021-07-15T13:50:58,24100.0,10.55,B
2021-07-15T13:50:55,700.0,10.55,B
2021-07-15T13:50:54,300.0,10.55,B
2021-07-15T13:50:40,100.0,10.55,B
2021-07-15T13:50:40,10000.0,10.55,B
2021-07-15T13:50:27,500.0,10.55,B
2021-07-15T13:50:15,1600.0,10.55,B
2021-07-15T13:50:15,13400.0,10.55,B
2021-07-15T13:50:13,5000.0,10.55,B
2021-07-15T13:50:05,200.0,10.55,B
2021-07-15T13:49:40,500.0,10.55,B
2021-07-15T13:48:54,3900.0,10.5,S
2021-07-15T13:48:48,200.0,10.5,S
2021-07-15T13:48:39,100.0,10.5,S
2021-07-15T13:48:33,1700.0,10.5,S
2021-07-15T13:48:28,4200.0,10.5,S
2021-07-15T13:48:28,900.0,10.5,S
2021-07-15T13:48:28,1900.0,10.5,S
2021-07-15T13:48:23,1000.0,10.5,S
2021-07-15T13:48:11,100.0,10.5,S
2021-07-15T13:47:59,1700.0,10.5,S
2021-07-15T13:47:38,1300.0,10.55,B
2021-07-15T13:47:20,10000.0,10.55,B
2021-07-15T13:47:09,100.0,10.5,S
2021-07-15T13:47:08,1700.0,10.5,S
2021-07-15T13:47:00,500.0,10.5,S
2021-07-15T13:46:51,5000.0,10.5,S
2021-07-15T13:46:38,1600.0,10.5,S
2021-07-15T13:46:38,1700.0,10.5,S
2021-07-15T13:46:37,500.0,10.5,S
2021-07-15T13:46:31,500.0,10.5,S
2021-07-15T13:46:20,1000.0,10.5,S
2021-07-15T13:46:15,1700.0,10.5,S
2021-07-15T13:45:49,100.0,10.5,S
2021-07-15T13:45:47,1700.0,10.5,S
2021-07-15T13:45:30,1700.0,10.5,S
2021-07-15T13:45:04,3000.0,10.5,S
2021-07-15T13:45:00,2000.0,10.55,B
2021-07-15T13:44:43,1700.0,10.5,S
2021-07-15T13:44:34,1000.0,10.55,B
2021-07-15T13:44:03,100.0,10.55,B
2021-07-15T13:44:03,3900.0,10.55,B
2021-07-15T13:43:59,100.0,10.55,B
2021-07-15T13:43:44,2000.0,10.5,S
2021-07-15T13:43:16,100.0,10.5,S
2021-07-15T13:43:15,10000.0,10.5,S
2021-07-15T13:43:04,200.0,10.5,S
2021-07-15T13:42:39,100.0,10.5,S
2021-07-15T13:42:33,10000.0,10.5,S
2021-07-15T13:42:33,300.0,10.5,S
2021-07-15T13:42:29,1700.0,10.5,S
2021-07-15T13:42:20,100.0,10.5,S
2021-07-15T13:42:10,100.0,10.5,S
2021-07-15T13:41:56,1700.0,10.5,S
2021-07-15T13:41:39,100.0,10.5,B
2021-07-15T13:41:39,2000.0,10.5,B
2021-07-15T13:41:34,2000.0,10.5,B
2021-07-15T13:41:32,500.0,10.5,B
2021-07-15T13:41:30,100.0,10.5,B
2021-07-15T13:41:30,17000.0,10.5,B
2021-07-15T13:41:21,1000.0,10.5,B
2021-07-15T13:41:19,3600.0,10.5,B
2021-07-15T13:41:19,600.0,10.5,B
2021-07-15T13:41:05,200.0,10.45,S
2021-07-15T13:41:02,100.0,10.5,B
2021-07-15T13:40:11,1700.0,10.45,S
2021-07-15T13:40:07,1000.0,10.5,B
2021-07-15T13:40:07,300.0,10.5,B
2021-07-15T13:40:03,100.0,10.5,B
2021-07-15T13:40:02,200.0,10.5,B
2021-07-15T13:39:58,100.0,10.5,B
2021-07-15T13:39:57,1000.0,10.5,B
2021-07-15T13:39:51,4000.0,10.5,B
2021-07-15T13:39:50,500.0,10.5,B
2021-07-15T13:39:42,5000.0,10.5,B
2021-07-15T13:39:41,100.0,10.5,B
2021-07-15T13:39:35,100.0,10.5,B
2021-07-15T13:39:34,100.0,10.5,B
2021-07-15T13:39:34,1300.0,10.5,S
2021-07-15T13:39:34,700.0,10.5,S
2021-07-15T13:39:34,5200.0,10.5,S
2021-07-15T13:39:34,1000.0,10.5,S
2021-07-15T13:39:33,31200.0,10.5,S
2021-07-15T13:39:11,1100.0,10.5,S
2021-07-15T13:39:11,1700.0,10.5,S
2021-07-15T13:39:03,1300.0,10.5,S
2021-07-15T13:39:00,1700.0,10.5,S
2021-07-15T13:38:54,1300.0,10.5,S
2021-07-15T13:38:41,1300.0,10.5,S
2021-07-15T13:38:32,1300.0,10.5,S
2021-07-15T13:38:24,5000.0,10.5,S
2021-07-15T13:38:17,100.0,10.5,S
2021-07-15T13:38:17,1300.0,10.5,S
2021-07-15T13:38:13,1000.0,10.5,S
2021-07-15T13:38:11,100.0,10.5,S
2021-07-15T13:38:09,1300.0,10.5,S
2021-07-15T13:38:02,1000.0,10.5,S
2021-07-15T13:37:58,1300.0,10.5,S
2021-07-15T13:37:53,1700.0,10.5,S
2021-07-15T13:37:50,1200.0,10.5,S
2021-07-15T13:37:50,500.0,10.5,S
2021-07-15T13:37:41,3000.0,10.5,S
2021-07-15T13:37:38,1300.0,10.5,S
2021-07-15T13:37:34,1700.0,10.5,S
2021-07-15T13:37:33,500.0,10.5,B
2021-07-15T13:37:33,15500.0,10.5,B
2021-07-15T13:37:32,800.0,10.5,B
2021-07-15T13:37:27,500.0,10.5,B
2021-07-15T13:37:27,1300.0,10.45,S
2021-07-15T13:37:24,14300.0,10.45,S
2021-07-15T13:37:24,3000.0,10.5,B
2021-07-15T13:37:22,100.0,10.5,B
2021-07-15T13:37:22,1800.0,10.5,B
2021-07-15T13:37:22,10000.0,10.5,B
2021-07-15T13:37:22,100.0,10.5,B
2021-07-15T13:37:22,5000.0,10.5,B
2021-07-15T13:37:21,3900.0,10.5,B
2021-07-15T13:37:18,500.0,10.5,B
2021-07-15T13:37:17,1000.0,10.5,B
2021-07-15T13:37:17,4500.0,10.5,B
2021-07-15T13:37:17,1600.0,10.5,B
2021-07-15T13:37:17,2300.0,10.5,B
2021-07-15T13:37:17,300.0,10.5,B
2021-07-15T13:37:17,1300.0,10.5,B
2021-07-15T13:37:16,10000.0,10.5,B
2021-07-15T13:37:15,1400.0,10.45,S
2021-07-15T13:37:12,6800.0,10.5,B
2021-07-15T13:37:10,3000.0,10.5,B
2021-07-15T13:37:10,500.0,10.5,B
2021-07-15T13:37:09,500.0,10.5,B
2021-07-15T13:37:08,24000.0,10.5,B
2021-07-15T13:37:03,6000.0,10.5,B
2021-07-15T13:37:02,1500.0,10.5,B
2021-07-15T13:36:57,1000.0,10.5,B
2021-07-15T13:36:55,200.0,10.45,S
2021-07-15T13:36:48,1000.0,10.45,S
2021-07-15T13:36:43,1000.0,10.5,B
2021-07-15T13:36:42,800.0,10.5,B
2021-07-15T13:36:39,300.0,10.5,B
2021-07-15T13:36:37,5200.0,10.5,B
2021-07-15T13:36:27,3000.0,10.5,B
2021-07-15T13:36:21,2200.0,10.5,B
2021-07-15T13:36:21,5300.0,10.5,B
2021-07-15T13:36:18,100.0,10.45,S
2021-07-15T13:36:04,1800.0,10.45,S
2021-07-15T13:36:03,3000.0,10.5,B
2021-07-15T13:35:53,100.0,10.5,B
2021-07-15T13:35:53,3000.0,10.5,B
2021-07-15T13:35:49,1000.0,10.5,B
2021-07-15T13:35:48,500.0,10.5,B
2021-07-15T13:35:45,500.0,10.5,B
2021-07-15T13:35:40,6000.0,10.5,B
2021-07-15T13:35:30,100.0,10.5,B
2021-07-15T13:35:24,200.0,10.45,S
2021-07-15T13:35:22,200.0,10.5,B
2021-07-15T13:35:21,6000.0,10.5,B
2021-07-15T13:35:21,20800.0,10.5,B
2021-07-15T13:35:20,100.0,10.5,B
2021-07-15T13:35:18,100.0,10.45,S
2021-07-15T13:35:17,1000.0,10.5,B
2021-07-15T13:35:14,1000.0,10.5,B
2021-07-15T13:35:12,500.0,10.5,B
2021-07-15T13:35:04,1500.0,10.5,B
2021-07-15T13:35:00,5000.0,10.5,B
2021-07-15T13:34:57,1000.0,10.5,B
2021-07-15T13:34:44,900.0,10.5,B
2021-07-15T13:34:12,1000.0,10.5,B
2021-07-15T13:33:56,4800.0,10.45,S
2021-07-15T13:33:56,2000.0,10.45,S
2021-07-15T13:33:56,700.0,10.45,S
2021-07-15T13:33:56,1100.0,10.45,S
2021-07-15T13:33:56,21400.0,10.45,S
2021-07-15T13:33:42,200.0,10.5,B
2021-07-15T13:33:36,100.0,10.5,B
2021-07-15T13:33:33,2000.0,10.5,B
2021-07-15T13:33:30,100.0,10.5,B
2021-07-15T13:33:24,24400.0,10.5,B
2021-07-15T13:33:05,100.0,10.5,B
2021-07-15T13:32:56,500.0,10.5,B
2021-07-15T13:32:56,1500.0,10.5,B
2021-07-15T13:32:55,500.0,10.5,B
2021-07-15T13:32:50,200.0,10.5,B
2021-07-15T13:32:42,100.0,10.5,B
2021-07-15T13:32:39,300.0,10.5,B
2021-07-15T13:32:31,100.0,10.5,B
2021-07-15T13:32:28,1000.0,10.45,S
2021-07-15T13:32:09,200.0,10.5,B
2021-07-15T13:31:47,100.0,10.5,B
2021-07-15T13:31:41,100.0,10.45,S
2021-07-15T13:31:28,1000.0,10.45,S
2021-07-15T13:31:06,1000.0,10.5,B
2021-07-15T13:30:46,700.0,10.5,B
2021-07-15T13:30:42,200.0,10.5,B
2021-07-15T13:30:41,100.0,10.5,B
2021-07-15T13:30:32,500.0,10.45,S
2021-07-15T13:30:14,2000.0,10.5,B
2021-07-15T13:30:06,300.0,10.45,S
2021-07-15T13:29:59,1000.0,10.5,B
2021-07-15T13:29:43,200.0,10.5,B
2021-07-15T13:29:22,3000.0,10.5,B
2021-07-15T13:29:16,6500.0,10.45,S
2021-07-15T13:29:10,1200.0,10.5,B
2021-07-15T13:29:10,800.0,10.5,B
2021-07-15T13:28:34,100.0,10.5,B
2021-07-15T13:28:26,1000.0,10.45,S
2021-07-15T13:28:06,500.0,10.5,B
2021-07-15T13:28:04,2500.0,10.45,S
2021-07-15T13:27:51,100.0,10.5,B
2021-07-15T13:27:46,3000.0,10.45,S
2021-07-15T13:27:31,200.0,10.5,B
2021-07-15T13:27:07,2000.0,10.45,S
2021-07-15T13:26:38,2000.0,10.45,S
2021-07-15T13:26:26,200.0,10.5,B
2021-07-15T13:26:13,5000.0,10.5,B
2021-07-15T13:26:07,100.0,10.5,B
2021-07-15T13:25:51,100.0,10.5,B
2021-07-15T13:25:10,100.0,10.5,B
2021-07-15T13:25:02,1000.0,10.5,B
2021-07-15T13:24:45,3200.0,10.45,S
2021-07-15T13:24:41,1000.0,10.5,B
2021-07-15T13:24:29,500.0,10.5,B
2021-07-15T13:24:21,300.0,10.5,B
2021-07-15T13:23:53,6900.0,10.45,S
2021-07-15T13:23:53,3100.0,10.45,S
2021-07-15T13:23:51,500.0,10.5,B
2021-07-15T13:23:48,1700.0,10.45,S
2021-07-15T13:23:37,1000.0,10.5,B
2021-07-15T13:23:23,100.0,10.5,B
2021-07-15T13:23:13,2400.0,10.5,B
2021-07-15T13:23:05,100.0,10.5,B
2021-07-15T13:22:47,3900.0,10.5,B
2021-07-15T13:22:47,4100.0,10.5,B
2021-07-15T13:22:44,300.0,10.5,B
2021-07-15T13:22:37,1000.0,10.5,B
2021-07-15T13:22:34,1900.0,10.5,B
2021-07-15T13:22:26,100.0,10.5,B
2021-07-15T13:22:10,500.0,10.5,B
2021-07-15T13:21:27,2000.0,10.5,B
2021-07-15T13:21:15,100.0,10.5,B
2021-07-15T13:21:08,700.0,10.45,S
2021-07-15T13:20:48,1700.0,10.45,S
2021-07-15T13:20:30,10000.0,10.5,B
2021-07-15T13:20:19,1700.0,10.45,S
2021-07-15T13:20:11,1000.0,10.5,B
2021-07-15T13:19:59,1000.0,10.45,S
2021-07-15T13:19:15,100.0,10.45,S
2021-07-15T13:19:00,5000.0,10.45,S
2021-07-15T13:18:43,1700.0,10.45,S
2021-07-15T13:17:55,300.0,10.45,S
2021-07-15T13:17:47,1000.0,10.45,S
2021-07-15T13:17:36,1700.0,10.45,S
2021-07-15T13:17:33,2400.0,10.45,S
2021-07-15T13:17:15,300.0,10.45,S
2021-07-15T13:17:07,300.0,10.45,S
2021-07-15T13:17:01,3200.0,10.45,S
2021-07-15T13:16:59,1700.0,10.45,S
2021-07-15T13:16:29,200.0,10.45,S
2021-07-15T13:16:10,100.0,10.5,B
2021-07-15T13:16:09,5100.0,10.5,B
2021-07-15T13:16:07,100.0,10.5,B
2021-07-15T13:16:07,300.0,10.5,B
2021-07-15T13:16:04,800.0,10.5,B
2021-07-15T13:15:57,1000.0,10.5,B
2021-07-15T13:15:50,200.0,10.5,B
2021-07-15T13:15:40,2000.0,10.5,B
2021-07-15T13:15:37,2000.0,10.5,B
2021-07-15T13:15:34,2000.0,10.5,B
2021-07-15T13:15:13,9100.0,10.5,B
2021-07-15T13:15:12,2500.0,10.5,B
2021-07-15T13:15:10,1500.0,10.45,S
2021-07-15T13:15:06,1700.0,10.45,S
2021-07-15T13:14:58,1500.0,10.45,S
2021-07-15T13:14:56,100.0,10.5,B
2021-07-15T13:14:46,8000.0,10.5,B
2021-07-15T13:14:24,300.0,10.45,S
2021-07-15T13:14:24,700.0,10.45,S
2021-07-15T13:14:03,900.0,10.5,B
2021-07-15T13:13:53,3900.0,10.45,S
2021-07-15T13:13:32,15000.0,10.45,S
2021-07-15T13:12:56,800.0,10.45,S
2021-07-15T13:12:54,1500.0,10.45,S
2021-07-15T13:12:45,100.0,10.5,B
2021-07-15T13:12:45,1500.0,10.45,S
2021-07-15T13:12:34,900.0,10.45,S
2021-07-15T13:12:30,4400.0,10.45,S
2021-07-15T13:12:30,1300.0,10.45,S
2021-07-15T13:12:30,200.0,10.45,S
2021-07-15T13:12:30,21000.0,10.45,S
2021-07-15T13:12:03,500.0,10.45,S
2021-07-15T13:11:59,5000.0,10.45,S
2021-07-15T13:10:04,800.0,10.45,S
2021-07-15T13:09:34,10000.0,10.45,S
2021-07-15T13:09:17,10000.0,10.45,S
2021-07-15T13:09:01,1600.0,10.5,B
2021-07-15T13:08:45,5000.0,10.5,B
2021-07-15T13:08:24,500.0,10.5,B
2021-07-15T13:08:09,500.0,10.5,B
2021-07-15T13:07:48,600.0,10.5,B
2021-07-15T13:04:38,100.0,10.5,B
2021-07-15T13:03:41,100.0,10.5,B
2021-07-15T13:03:13,300.0,10.5,B
2021-07-15T13:03:09,200.0,10.45,S
2021-07-15T13:01:28,1000.0,10.5,B
2021-07-15T13:01:05,4000.0,10.5,B
2021-07-15T13:00:55,2000.0,10.5,B
2021-07-15T13:00:43,1000.0,10.5,B
2021-07-15T13:00:17,200.0,10.45,S
2021-07-15T13:00:11,100.0,10.45,S
2021-07-15T13:00:10,2000.0,10.45,S
2021-07-15T13:00:10,100.0,10.5,B
2021-07-15T13:00:08,10000.0,10.45,S
2021-07-15T13:00:03,1000.0,10.45,S
2021-07-15T13:00:03,100.0,10.5,B
2021-07-15T13:00:02,1200.0,10.45,S
2021-07-15T13:00:02,2000.0,10.45,S
2021-07-15T13:00:02,300.0,10.5,B
2021-07-15T13:00:02,100.0,10.45,S
2021-07-15T11:29:00,1000.0,10.45,S
2021-07-15T11:29:00,7700.0,10.45,B
2021-07-15T11:29:00,5800.0,10.45,B
2021-07-15T11:29:00,26000.0,10.45,B
2021-07-15T11:28:47,50000.0,10.45,B
2021-07-15T11:28:45,100.0,10.4,S
2021-07-15T11:27:38,900.0,10.4,S
2021-07-15T11:27:36,400.0,10.4,S
2021-07-15T11:27:36,100.0,10.4,S
2021-07-15T11:27:32,200.0,10.4,S
2021-07-15T11:27:29,300.0,10.4,S
2021-07-15T11:27:14,100.0,10.4,S
2021-07-15T11:26:13,900.0,10.4,S
2021-07-15T11:26:13,200.0,10.45,B
2021-07-15T11:26:07,1700.0,10.4,S
2021-07-15T11:25:50,100.0,10.45,B
2021-07-15T11:24:27,300.0,10.45,B
2021-07-15T11:24:03,100.0,10.45,B
2021-07-15T11:23:21,100.0,10.45,B
2021-07-15T11:23:05,1400.0,10.4,S
2021-07-15T11:22:58,200.0,10.45,B
2021-07-15T11:22:56,100.0,10.45,B
2021-07-15T11:22:53,800.0,10.4,S
2021-07-15T11:22:53,1200.0,10.4,S
2021-07-15T11:22:31,1000.0,10.45,B
2021-07-15T11:22:26,100.0,10.45,B
2021-07-15T11:20:52,5000.0,10.45,B
2021-07-15T11:20:46,500.0,10.4,S
2021-07-15T11:19:46,1000.0,10.45,B
2021-07-15T11:19:14,100.0,10.45,B
2021-07-15T11:18:09,300.0,10.45,B
2021-07-15T11:18:07,200.0,10.45,B
2021-07-15T11:17:40,1000.0,10.45,B
2021-07-15T11:17:33,100.0,10.45,B
2021-07-15T11:17:31,300.0,10.4,S
2021-07-15T11:17:00,20000.0,10.45,B
2021-07-15T11:16:47,1100.0,10.4,S
2021-07-15T11:16:47,600.0,10.4,S
2021-07-15T11:16:10,800.0,10.45,B
2021-07-15T11:16:00,400.0,10.45,B
2021-07-15T11:15:34,4000.0,10.45,B
2021-07-15T11:14:52,3000.0,10.45,B
2021-07-15T11:14:47,2100.0,10.4,S
2021-07-15T11:14:47,1400.0,10.4,S
2021-07-15T11:14:47,2200.0,10.4,S
2021-07-15T11:14:45,500.0,10.45,B
2021-07-15T11:14:15,200.0,10.45,B
2021-07-15T11:13:11,1200.0,10.45,B
2021-07-15T11:12:15,5000.0,10.45,B
2021-07-15T11:12:10,1000.0,10.45,B
2021-07-15T11:11:59,1000.0,10.45,B
2021-07-15T11:11:28,100.0,10.4,S
2021-07-15T11:10:45,500.0,10.4,S
2021-07-15T11:10:14,2300.0,10.4,S
2021-07-15T11:09:25,2500.0,10.4,S
2021-07-15T11:09:02,1000.0,10.45,B
2021-07-15T11:08:58,2100.0,10.45,B
2021-07-15T11:08:54,200.0,10.45,B
2021-07-15T11:07:59,100.0,10.45,B
2021-07-15T11:07:31,100.0,10.45,B
2021-07-15T11:06:32,1000.0,10.45,B
2021-07-15T11:06:25,10100.0,10.45,B
2021-07-15T11:06:10,2000.0,10.45,B
2021-07-15T11:05:41,500.0,10.4,S
2021-07-15T11:05:32,1000.0,10.45,B
2021-07-15T11:05:26,20000.0,10.45,B
2021-07-15T11:05:24,2000.0,10.4,S
2021-07-15T11:05:17,1000.0,10.4,S
2021-07-15T11:04:52,100.0,10.45,B
2021-07-15T11:04:44,18000.0,10.45,B
2021-07-15T11:03:13,400.0,10.45,B
2021-07-15T11:02:57,500.0,10.45,B
2021-07-15T11:02:46,7600.0,10.45,B
2021-07-15T11:01:51,1500.0,10.45,B
2021-07-15T11:01:38,100.0,10.4,S
2021-07-15T11:01:27,3000.0,10.4,S
2021-07-15T11:01:26,600.0,10.4,S
2021-07-15T11:00:57,1100.0,10.4,S
2021-07-15T11:00:10,1000.0,10.4,S
2021-07-15T10:59:52,3700.0,10.4,S
2021-07-15T10:59:52,1300.0,10.4,S
2021-07-15T10:59:42,3800.0,10.4,S
2021-07-15T10:59:27,5000.0,10.4,S
2021-07-15T10:58:41,5000.0,10.4,S
2021-07-15T10:58:02,10000.0,10.4,S
2021-07-15T10:57:58,5000.0,10.4,S
2021-07-15T10:57:44,9000.0,10.4,S
2021-07-15T10:57:30,100.0,10.45,B
2021-07-15T10:56:07,4000.0,10.45,B
2021-07-15T10:55:52,500.0,10.4,S
2021-07-15T10:55:39,1600.0,10.4,S
2021-07-15T10:55:39,2200.0,10.4,S
2021-07-15T10:55:21,100.0,10.45,B
2021-07-15T10:55:18,100.0,10.45,B
2021-07-15T10:54:26,100.0,10.4,S
2021-07-15T10:54:02,100.0,10.45,B
2021-07-15T10:54:02,5000.0,10.4,S
2021-07-15T10:52:56,100.0,10.4,S
2021-07-15T10:52:12,100.0,10.45,B
2021-07-15T10:52:02,100.0,10.4,S
2021-07-15T10:51:28,5000.0,10.4,S
2021-07-15T10:51:06,100.0,10.4,S
2021-07-15T10:51:01,5000.0,10.4,S
2021-07-15T10:50:56,100.0,10.4,S
2021-07-15T10:50:30,1000.0,10.4,S
2021-07-15T10:50:22,3000.0,10.4,S
2021-07-15T10:50:22,200.0,10.4,S
2021-07-15T10:49:52,200.0,10.4,S
2021-07-15T10:49:52,13600.0,10.4,B
2021-07-15T10:49:51,400.0,10.4,B
2021-07-15T10:49:35,200.0,10.4,B
2021-07-15T10:49:35,1000.0,10.4,B
2021-07-15T10:49:22,100.0,10.4,B
2021-07-15T10:49:12,200.0,10.4,B
2021-07-15T10:49:03,5000.0,10.4,B
2021-07-15T10:49:03,100.0,10.4,B
2021-07-15T10:49:00,600.0,10.4,B
2021-07-15T10:48:33,9500.0,10.4,B
2021-07-15T10:48:24,700.0,10.4,S
2021-07-15T10:47:28,100.0,10.45,B
2021-07-15T10:47:02,5000.0,10.45,B
2021-07-15T10:46:58,1400.0,10.45,B
2021-07-15T10:46:49,1000.0,10.45,B
2021-07-15T10:46:22,5000.0,10.35,S
2021-07-15T10:46:10,2200.0,10.35,B
2021-07-15T10:46:04,7300.0,10.35,B
2021-07-15T10:46:01,100.0,10.35,B
2021-07-15T10:46:01,1100.0,10.35,B
2021-07-15T10:45:51,6000.0,10.35,B
2021-07-15T10:45:50,2000.0,10.35,B
2021-07-15T10:45:46,100.0,10.35,B
2021-07-15T10:45:42,100.0,10.35,B
2021-07-15T10:45:42,400.0,10.35,B
2021-07-15T10:45:39,100.0,10.3,S
2021-07-15T10:45:26,3500.0,10.35,B
2021-07-15T10:45:23,600.0,10.35,B
2021-07-15T10:45:18,1000.0,10.35,B
2021-07-15T10:45:00,1300.0,10.3,S
2021-07-15T10:45:00,1300.0,10.3,S
2021-07-15T10:45:00,1200.0,10.3,S
2021-07-15T10:44:59,7000.0,10.35,S
2021-07-15T10:44:59,1000.0,10.35,S
2021-07-15T10:44:59,1400.0,10.35,S
2021-07-15T10:44:59,1000.0,10.35,S
2021-07-15T10:44:59,1000.0,10.35,S
2021-07-15T10:44:59,400.0,10.35,S
2021-07-15T10:44:59,500.0,10.35,S
2021-07-15T10:44:59,800.0,10.35,S
2021-07-15T10:44:59,1300.0,10.35,S
2021-07-15T10:44:59,800.0,10.35,S
2021-07-15T10:44:59,6400.0,10.35,S
2021-07-15T10:44:59,500.0,10.35,S
2021-07-15T10:44:59,700.0,10.35,S
2021-07-15T10:44:59,300.0,10.35,S
2021-07-15T10:44:59,6800.0,10.35,S
2021-07-15T10:44:59,400.0,10.35,S
2021-07-15T10:44:59,300.0,10.35,S
2021-07-15T10:44:59,100.0,10.35,S
2021-07-15T10:44:59,6100.0,10.35,S
2021-07-15T10:44:59,600.0,10.35,S
2021-07-15T10:44:59,1300.0,10.35,S
2021-07-15T10:44:59,200.0,10.35,S
2021-07-15T10:44:59,1700.0,10.35,S
2021-07-15T10:44:59,5600.0,10.35,S
2021-07-15T10:44:59,21300.0,10.35,S
2021-07-15T10:44:59,2300.0,10.35,S
2021-07-15T10:44:59,2600.0,10.35,S
2021-07-15T10:44:59,100.0,10.35,S
2021-07-15T10:44:59,3900.0,10.35,S
2021-07-15T10:44:59,6700.0,10.35,S
2021-07-15T10:44:59,8800.0,10.35,S
2021-07-15T10:44:59,45000.0,10.35,S
2021-07-15T10:44:59,8500.0,10.35,S
2021-07-15T10:44:59,13300.0,10.35,S
2021-07-15T10:44:59,43400.0,10.35,S
2021-07-15T10:44:59,2300.0,10.35,S
2021-07-15T10:44:59,6000.0,10.4,S
2021-07-15T10:44:59,1000.0,10.4,S
2021-07-15T10:44:59,3000.0,10.4,S
2021-07-15T10:44:59,3000.0,10.4,S
2021-07-15T10:44:59,300.0,10.4,S
2021-07-15T10:44:59,3800.0,10.4,S
2021-07-15T10:44:59,2100.0,10.4,S
2021-07-15T10:44:59,500.0,10.4,S
2021-07-15T10:44:59,3800.0,10.4,S
2021-07-15T10:44:59,600.0,10.4,S
2021-07-15T10:44:59,300.0,10.4,S
2021-07-15T10:44:59,1900.0,10.4,S
2021-07-15T10:44:59,5500.0,10.4,S
2021-07-15T10:44:59,200.0,10.4,S
2021-07-15T10:44:59,5000.0,10.4,S
2021-07-15T10:44:59,3400.0,10.4,S
2021-07-15T10:44:59,200.0,10.4,S
2021-07-15T10:44:59,27500.0,10.4,S
2021-07-15T10:44:59,1400.0,10.4,S
2021-07-15T10:44:59,1000.0,10.4,S
2021-07-15T10:44:59,1000.0,10.4,S
2021-07-15T10:44:59,4600.0,10.4,S
2021-07-15T10:44:59,800.0,10.4,S
2021-07-15T10:44:59,3300.0,10.4,S
2021-07-15T10:44:59,2400.0,10.4,S
2021-07-15T10:44:59,1900.0,10.4,S
2021-07-15T10:44:59,1000.0,10.4,S
2021-07-15T10:44:59,4800.0,10.4,S
2021-07-15T10:44:59,10400.0,10.4,S
2021-07-15T10:44:59,53700.0,10.4,S
2021-07-15T10:44:59,6100.0,10.4,S
2021-07-15T10:44:59,5500.0,10.4,S
2021-07-15T10:44:59,300.0,10.4,S
2021-07-15T10:44:59,4900.0,10.4,S
2021-07-15T10:44:54,3000.0,10.4,S
2021-07-15T10:44:37,2000.0,10.4,S
2021-07-15T10:44:28,500.0,10.4,S
2021-07-15T10:43:49,1300.0,10.4,S
2021-07-15T10:43:39,100.0,10.4,S
2021-07-15T10:43:39,100.0,10.4,S
2021-07-15T10:43:39,1100.0,10.4,S
2021-07-15T10:43:36,1500.0,10.4,S
2021-07-15T10:42:59,1300.0,10.4,S
2021-07-15T10:42:51,1300.0,10.4,S
2021-07-15T10:42:44,1300.0,10.4,S
2021-07-15T10:42:25,500.0,10.45,B
2021-07-15T10:42:15,1600.0,10.45,B
2021-07-15T10:42:11,200.0,10.45,S
2021-07-15T10:42:09,1300.0,10.45,S
2021-07-15T10:42:03,1300.0,10.45,S
2021-07-15T10:41:53,1300.0,10.45,S
2021-07-15T10:41:47,1300.0,10.45,S
2021-07-15T10:41:46,1400.0,10.45,S
2021-07-15T10:41:45,200.0,10.45,S
2021-07-15T10:41:39,1300.0,10.45,S
2021-07-15T10:41:38,1000.0,10.45,S
2021-07-15T10:41:35,3400.0,10.45,S
2021-07-15T10:41:33,1300.0,10.45,S
2021-07-15T10:41:26,1300.0,10.45,S
2021-07-15T10:41:23,100.0,10.45,S
2021-07-15T10:41:07,100.0,10.5,B
2021-07-15T10:41:03,3900.0,10.45,S
2021-07-15T10:41:03,200.0,10.45,S
2021-07-15T10:41:03,1500.0,10.45,S
2021-07-15T10:41:03,200.0,10.45,S
2021-07-15T10:41:03,5000.0,10.45,S
2021-07-15T10:41:03,3000.0,10.45,S
2021-07-15T10:41:03,3600.0,10.45,S
2021-07-15T10:41:03,1100.0,10.45,S
2021-07-15T10:41:03,300.0,10.45,S
2021-07-15T10:41:03,3900.0,10.45,S
2021-07-15T10:41:03,200.0,10.45,S
2021-07-15T10:41:03,600.0,10.45,S
2021-07-15T10:41:03,6500.0,10.45,S
2021-07-15T10:40:50,500.0,10.5,B
2021-07-15T10:40:11,200.0,10.45,S
2021-07-15T10:39:27,100.0,10.5,B
2021-07-15T10:39:11,300.0,10.45,S
2021-07-15T10:38:42,900.0,10.45,S
2021-07-15T10:38:42,600.0,10.45,S
2021-07-15T10:38:42,600.0,10.45,S
2021-07-15T10:38:42,200.0,10.45,S
2021-07-15T10:38:42,2200.0,10.45,S
2021-07-15T10:38:42,10200.0,10.45,S
2021-07-15T10:38:42,1800.0,10.45,S
2021-07-15T10:38:42,8800.0,10.45,S
2021-07-15T10:38:42,200.0,10.45,S
2021-07-15T10:38:42,50100.0,10.45,S
2021-07-15T10:38:42,11000.0,10.45,S
2021-07-15T10:38:42,1100.0,10.45,S
2021-07-15T10:38:42,58200.0,10.45,S
2021-07-15T10:38:42,4100.0,10.45,S
2021-07-15T10:38:27,400.0,10.45,S
2021-07-15T10:38:00,5000.0,10.45,S
2021-07-15T10:37:37,200.0,10.45,S
2021-07-15T10:37:37,1800.0,10.45,S
2021-07-15T10:37:12,200.0,10.45,S
2021-07-15T10:36:57,5000.0,10.45,S
2021-07-15T10:36:47,100.0,10.45,S
2021-07-15T10:36:39,100.0,10.5,B
2021-07-15T10:36:17,2000.0,10.5,B
2021-07-15T10:36:15,100.0,10.5,B
2021-07-15T10:36:12,500.0,10.5,B
2021-07-15T10:35:42,1700.0,10.45,S
2021-07-15T10:35:17,1000.0,10.5,B
2021-07-15T10:35:02,500.0,10.5,B
2021-07-15T10:35:01,2000.0,10.5,B
2021-07-15T10:34:33,2000.0,10.5,B
2021-07-15T10:34:09,100.0,10.45,S
2021-07-15T10:34:07,900.0,10.45,S
2021-07-15T10:33:55,1000.0,10.5,B
2021-07-15T10:33:30,2000.0,10.5,B
2021-07-15T10:33:25,2000.0,10.5,B
2021-07-15T10:33:05,100.0,10.5,B
2021-07-15T10:32:44,100.0,10.5,B
2021-07-15T10:32:38,500.0,10.5,B
2021-07-15T10:32:24,2000.0,10.5,B
2021-07-15T10:32:19,700.0,10.5,B
2021-07-15T10:32:14,2000.0,10.45,S
2021-07-15T10:31:49,4800.0,10.45,S
2021-07-15T10:31:49,5000.0,10.45,S
2021-07-15T10:31:49,200.0,10.45,S
2021-07-15T10:31:08,200.0,10.45,S
2021-07-15T10:31:01,2000.0,10.45,S
2021-07-15T10:30:52,400.0,10.45,S
2021-07-15T10:30:52,600.0,10.45,S
2021-07-15T10:30:48,200.0,10.5,B
2021-07-15T10:30:42,100.0,10.5,B
2021-07-15T10:30:36,500.0,10.5,B
2021-07-15T10:30:26,5000.0,10.5,B
2021-07-15T10:30:00,100.0,10.5,B
2021-07-15T10:29:58,100.0,10.45,S
2021-07-15T10:29:57,900.0,10.5,B
2021-07-15T10:29:30,5000.0,10.45,S
2021-07-15T10:29:15,100.0,10.45,S
2021-07-15T10:28:59,400.0,10.45,S
2021-07-15T10:28:26,1000.0,10.5,B
2021-07-15T10:28:19,100.0,10.5,B
2021-07-15T10:28:13,2000.0,10.5,B
2021-07-15T10:28:02,4700.0,10.5,B
2021-07-15T10:27:45,1000.0,10.5,B
2021-07-15T10:27:30,100.0,10.45,S
2021-07-15T10:27:26,300.0,10.5,B
2021-07-15T10:27:06,400.0,10.5,B
2021-07-15T10:26:40,7900.0,10.5,B
2021-07-15T10:26:36,100.0,10.45,S
2021-07-15T10:26:16,100.0,10.45,S
2021-07-15T10:25:48,300.0,10.45,S
2021-07-15T10:25:48,4700.0,10.45,S
2021-07-15T10:25:15,1300.0,10.45,S
2021-07-15T10:25:15,500.0,10.45,S
2021-07-15T10:25:15,400.0,10.45,S
2021-07-15T10:25:15,2800.0,10.45,S
2021-07-15T10:24:20,2200.0,10.45,S
2021-07-15T10:24:20,17800.0,10.45,S
2021-07-15T10:23:47,200.0,10.5,B
2021-07-15T10:23:23,10500.0,10.45,S
2021-07-15T10:22:44,400.0,10.5,B
2021-07-15T10:22:11,3000.0,10.5,B
2021-07-15T10:22:04,2000.0,10.45,S
2021-07-15T10:21:32,300.0,10.45,S
2021-07-15T10:20:57,1000.0,10.45,S
2021-07-15T10:20:57,200.0,10.5,B
2021-07-15T10:20:24,100.0,10.45,S
2021-07-15T10:20:24,500.0,10.5,B
2021-07-15T10:20:14,200.0,10.45,S
2021-07-15T10:19:55,400.0,10.45,S
2021-07-15T10:19:44,1000.0,10.45,S
2021-07-15T10:19:44,500.0,10.5,B
2021-07-15T10:19:32,5000.0,10.5,B
2021-07-15T10:19:26,5000.0,10.5,B
2021-07-15T10:19:24,200.0,10.5,B
2021-07-15T10:19:13,100.0,10.5,B
2021-07-15T10:19:10,200.0,10.5,B
2021-07-15T10:19:06,1000.0,10.5,B
2021-07-15T10:19:01,100.0,10.5,B
2021-07-15T10:18:51,100.0,10.5,B
2021-07-15T10:18:50,1200.0,10.5,B
2021-07-15T10:17:14,4000.0,10.5,B
2021-07-15T10:16:20,500.0,10.5,B
2021-07-15T10:15:45,2000.0,10.45,S
2021-07-15T10:15:34,1000.0,10.5,B
2021-07-15T10:15:15,1000.0,10.45,S
2021-07-15T10:15:04,500.0,10.45,S
2021-07-15T10:14:54,1000.0,10.45,S
2021-07-15T10:13:59,1000.0,10.5,B
2021-07-15T10:13:54,1000.0,10.5,B
2021-07-15T10:13:52,100.0,10.5,B
2021-07-15T10:13:48,600.0,10.5,B
2021-07-15T10:13:02,1000.0,10.5,B
2021-07-15T10:12:58,1000.0,10.5,B
2021-07-15T10:12:42,100.0,10.45,S
2021-07-15T10:12:35,100.0,10.5,B
2021-07-15T10:12:35,100.0,10.45,S
2021-07-15T10:12:29,1000.0,10.5,B
2021-07-15T10:12:27,200.0,10.5,B
2021-07-15T10:11:58,1000.0,10.5,B
2021-07-15T10:11:52,4900.0,10.45,S
2021-07-15T10:11:52,100.0,10.45,S
2021-07-15T10:11:49,1000.0,10.5,B
2021-07-15T10:11:37,500.0,10.5,B
2021-07-15T10:11:21,200.0,10.45,S
2021-07-15T10:11:19,2100.0,10.45,S
2021-07-15T10:11:03,1000.0,10.5,B
2021-07-15T10:11:01,100.0,10.5,B
2021-07-15T10:11:00,1000.0,10.5,B
2021-07-15T10:10:44,500.0,10.5,B
2021-07-15T10:10:35,300.0,10.45,S
2021-07-15T10:09:30,600.0,10.5,B
2021-07-15T10:09:24,2900.0,10.45,S
2021-07-15T10:09:24,1100.0,10.45,S
2021-07-15T10:09:10,30000.0,10.5,B
2021-07-15T10:09:03,100.0,10.5,B
2021-07-15T10:08:54,3000.0,10.5,B
2021-07-15T10:08:43,100.0,10.5,B
2021-07-15T10:08:41,1100.0,10.5,B
2021-07-15T10:08:22,100.0,10.5,S
2021-07-15T10:08:22,1000.0,10.5,S
2021-07-15T10:08:09,200.0,10.5,S
2021-07-15T10:08:07,100.0,10.5,S
2021-07-15T10:07:59,200.0,10.5,S
2021-07-15T10:07:56,600.0,10.5,S
2021-07-15T10:07:40,30000.0,10.55,B
2021-07-15T10:07:40,100.0,10.5,S
2021-07-15T10:07:40,1900.0,10.5,S
2021-07-15T10:07:37,6500.0,10.5,S
2021-07-15T10:07:37,1100.0,10.5,S
2021-07-15T10:07:34,700.0,10.5,S
2021-07-15T10:07:34,200.0,10.5,S
2021-07-15T10:07:34,9100.0,10.5,S
2021-07-15T10:07:32,24000.0,10.5,S
2021-07-15T10:07:31,5000.0,10.5,S
2021-07-15T10:07:15,2900.0,10.5,S
2021-07-15T10:07:15,1200.0,10.5,S
2021-07-15T10:07:15,7100.0,10.5,S
2021-07-15T10:07:15,1500.0,10.5,S
2021-07-15T10:07:15,1000.0,10.5,S
2021-07-15T10:07:15,46300.0,10.5,S
2021-07-15T10:06:59,200.0,10.55,B
2021-07-15T10:06:51,100.0,10.55,B
2021-07-15T10:06:48,100.0,10.5,S
2021-07-15T10:06:46,100.0,10.5,S
2021-07-15T10:06:34,3000.0,10.5,S
2021-07-15T10:05:57,100.0,10.55,B
2021-07-15T10:05:56,1000.0,10.5,S
2021-07-15T10:05:36,100.0,10.5,S
2021-07-15T10:05:09,100.0,10.55,B
2021-07-15T10:04:33,100.0,10.55,S
2021-07-15T10:04:30,100.0,10.55,S
2021-07-15T10:04:16,100.0,10.55,S
2021-07-15T10:04:14,700.0,10.55,B
2021-07-15T10:04:08,200.0,10.55,B
2021-07-15T10:04:04,500.0,10.55,B
2021-07-15T10:04:03,2000.0,10.55,B
2021-07-15T10:04:00,5500.0,10.55,S
2021-07-15T10:03:46,100.0,10.6,B
2021-07-15T10:03:45,400.0,10.55,S
2021-07-15T10:03:31,500.0,10.55,S
2021-07-15T10:03:28,600.0,10.55,S
2021-07-15T10:03:24,3000.0,10.55,S
2021-07-15T10:03:24,300.0,10.55,S
2021-07-15T10:03:22,2000.0,10.55,S
2021-07-15T10:03:14,100.0,10.55,S
2021-07-15T10:03:10,500.0,10.55,B
2021-07-15T10:02:59,4600.0,10.55,S
2021-07-15T10:02:56,500.0,10.55,S
2021-07-15T10:02:50,100.0,10.55,S
2021-07-15T10:02:42,2100.0,10.55,S
2021-07-15T10:02:41,7900.0,10.55,S
2021-07-15T10:02:34,100.0,10.55,S
2021-07-15T10:02:30,10000.0,10.55,S
2021-07-15T10:02:26,200.0,10.55,S
2021-07-15T10:02:09,1000.0,10.55,S
2021-07-15T10:02:06,6000.0,10.55,B
2021-07-15T10:02:06,2000.0,10.55,B
2021-07-15T10:02:06,3200.0,10.55,B
2021-07-15T10:02:06,14600.0,10.55,B
2021-07-15T10:02:00,100.0,10.55,B
2021-07-15T10:01:58,3000.0,10.55,B
2021-07-15T10:01:57,100.0,10.55,B
2021-07-15T10:01:51,100.0,10.55,B
2021-07-15T10:01:47,400.0,10.55,B
2021-07-15T10:01:47,800.0,10.55,B
2021-07-15T10:01:42,100.0,10.55,B
2021-07-15T10:01:39,10000.0,10.55,B
2021-07-15T10:01:39,9800.0,10.55,B
2021-07-15T10:01:36,1000.0,10.55,B
2021-07-15T10:01:27,1000.0,10.55,B
2021-07-15T10:01:25,10000.0,10.55,B
2021-07-15T10:01:24,1000.0,10.55,B
2021-07-15T10:01:15,100.0,10.55,B
2021-07-15T10:01:13,100.0,10.5,S
2021-07-15T10:01:09,1000.0,10.55,B
2021-07-15T10:00:52,500.0,10.55,B
2021-07-15T10:00:50,100.0,10.55,B
2021-07-15T10:00:35,500.0,10.55,B
2021-07-15T10:00:31,100.0,10.55,B
2021-07-15T10:00:16,1000.0,10.55,B
2021-07-15T09:59:46,1000.0,10.5,S
2021-07-15T09:59:19,500.0,10.55,B
2021-07-15T09:59:19,12200.0,10.55,B
2021-07-15T09:59:19,200.0,10.55,B
2021-07-15T09:59:19,5200.0,10.55,B
2021-07-15T09:59:19,10100.0,10.55,B
2021-07-15T09:59:19,8100.0,10.55,B
2021-07-15T09:59:19,3000.0,10.55,B
2021-07-15T09:59:19,11200.0,10.55,B
2021-07-15T09:59:19,2000.0,10.5,S
2021-07-15T09:58:57,400.0,10.5,S
2021-07-15T09:58:50,200.0,10.55,B
2021-07-15T09:58:44,5000.0,10.5,S
2021-07-15T09:58:44,5000.0,10.5,S
2021-07-15T09:58:25,500.0,10.5,S
2021-07-15T09:58:25,100.0,10.55,B
2021-07-15T09:58:23,3000.0,10.55,B
2021-07-15T09:57:56,15200.0,10.5,B
2021-07-15T09:57:56,3300.0,10.5,B
2021-07-15T09:57:56,1500.0,10.5,B
2021-07-15T09:57:56,800.0,10.5,B
2021-07-15T09:57:56,14200.0,10.5,B
2021-07-15T09:57:56,55200.0,10.5,B
2021-07-15T09:57:56,14000.0,10.5,B
2021-07-15T09:57:56,9200.0,10.5,B
2021-07-15T09:57:56,5300.0,10.5,B
2021-07-15T09:57:56,15200.0,10.5,B
2021-07-15T09:57:56,1500.0,10.5,B
2021-07-15T09:57:56,1300.0,10.5,B
2021-07-15T09:57:56,300.0,10.5,B
2021-07-15T09:57:56,100.0,10.5,B
2021-07-15T09:57:41,100.0,10.5,B
2021-07-15T09:57:23,1000.0,10.5,B
2021-07-15T09:57:09,100.0,10.5,B
2021-07-15T09:56:58,300.0,10.5,B
2021-07-15T09:56:52,4000.0,10.5,B
2021-07-15T09:56:48,200.0,10.5,B
2021-07-15T09:56:05,1300.0,10.45,S
2021-07-15T09:55:58,1300.0,10.45,S
2021-07-15T09:55:48,400.0,10.5,B
2021-07-15T09:55:44,1300.0,10.45,S
2021-07-15T09:55:36,1300.0,10.45,S
2021-07-15T09:55:27,1300.0,10.45,S
2021-07-15T09:55:19,1000.0,10.5,B
2021-07-15T09:55:18,1300.0,10.45,S
2021-07-15T09:55:10,1300.0,10.45,S
2021-07-15T09:55:01,1300.0,10.45,S
2021-07-15T09:54:54,1300.0,10.45,S
2021-07-15T09:54:48,100.0,10.5,B
2021-07-15T09:54:44,1300.0,10.45,S
2021-07-15T09:54:34,1300.0,10.45,S
2021-07-15T09:54:27,1300.0,10.45,S
2021-07-15T09:54:17,1300.0,10.45,S
2021-07-15T09:54:17,100.0,10.5,B
2021-07-15T09:54:11,10000.0,10.5,B
2021-07-15T09:54:10,1300.0,10.45,S
2021-07-15T09:54:01,1300.0,10.45,S
2021-07-15T09:54:00,300.0,10.5,B
2021-07-15T09:53:58,1400.0,10.5,B
2021-07-15T09:53:58,5800.0,10.5,B
2021-07-15T09:53:58,2800.0,10.5,B
2021-07-15T09:53:54,1300.0,10.45,S
2021-07-15T09:53:52,5000.0,10.5,B
2021-07-15T09:53:46,800.0,10.5,B
2021-07-15T09:53:46,200.0,10.5,B
2021-07-15T09:53:46,1300.0,10.45,S
2021-07-15T09:53:39,1000.0,10.5,B
2021-07-15T09:53:17,500.0,10.5,B
2021-07-15T09:52:47,100.0,10.5,B
2021-07-15T09:52:27,100.0,10.5,B
2021-07-15T09:51:37,100.0,10.5,B
2021-07-15T09:51:32,1000.0,10.5,B
2021-07-15T09:51:24,500.0,10.45,S
2021-07-15T09:50:38,500.0,10.45,S
2021-07-15T09:50:29,100.0,10.45,S
2021-07-15T09:50:22,1000.0,10.5,B
2021-07-15T09:50:09,100.0,10.45,S
2021-07-15T09:50:04,500.0,10.5,B
2021-07-15T09:49:35,100.0,10.5,B
2021-07-15T09:49:27,300.0,10.5,B
2021-07-15T09:49:11,100.0,10.5,B
2021-07-15T09:48:44,2000.0,10.45,S
2021-07-15T09:48:42,1000.0,10.5,B
2021-07-15T09:48:29,500.0,10.45,B
2021-07-15T09:48:29,400.0,10.45,B
2021-07-15T09:48:28,11000.0,10.45,B
2021-07-15T09:48:25,1600.0,10.45,B
2021-07-15T09:48:25,100.0,10.45,B
2021-07-15T09:48:25,1100.0,10.45,B
2021-07-15T09:48:25,700.0,10.45,B
2021-07-15T09:48:25,1100.0,10.45,B
2021-07-15T09:48:25,5400.0,10.45,B
2021-07-15T09:48:22,25000.0,10.45,B
2021-07-15T09:48:15,20000.0,10.45,B
2021-07-15T09:48:13,2000.0,10.45,B
2021-07-15T09:47:44,3000.0,10.45,B
2021-07-15T09:47:33,10000.0,10.45,B
2021-07-15T09:47:30,1000.0,10.45,B
2021-07-15T09:47:28,5000.0,10.45,B
2021-07-15T09:47:28,1000.0,10.45,B
2021-07-15T09:47:17,300.0,10.45,B
2021-07-15T09:47:03,900.0,10.4,S
2021-07-15T09:46:36,1000.0,10.45,B
2021-07-15T09:45:53,1500.0,10.4,S
2021-07-15T09:45:39,900.0,10.45,B
2021-07-15T09:45:29,200.0,10.4,S
2021-07-15T09:45:04,2500.0,10.45,B
2021-07-15T09:44:16,5800.0,10.4,S
2021-07-15T09:44:01,200.0,10.4,S
2021-07-15T09:43:51,10000.0,10.4,S
2021-07-15T09:43:50,100.0,10.4,S
2021-07-15T09:43:22,400.0,10.4,S
2021-07-15T09:43:11,300.0,10.45,B
2021-07-15T09:43:06,100.0,10.4,S
2021-07-15T09:43:04,1000.0,10.45,B
2021-07-15T09:42:29,100.0,10.45,B
2021-07-15T09:42:19,800.0,10.45,B
2021-07-15T09:41:49,3000.0,10.45,B
2021-07-15T09:41:47,500.0,10.4,S
2021-07-15T09:41:12,300.0,10.45,B
2021-07-15T09:41:12,2700.0,10.45,B
2021-07-15T09:41:01,10000.0,10.4,S
2021-07-15T09:40:36,11000.0,10.4,S
2021-07-15T09:40:36,1800.0,10.45,B
2021-07-15T09:40:36,10300.0,10.45,B
2021-07-15T09:40:36,1900.0,10.45,B
2021-07-15T09:40:34,1000.0,10.45,B
2021-07-15T09:40:10,500.0,10.45,B
2021-07-15T09:40:03,500.0,10.4,S
2021-07-15T09:39:54,10000.0,10.45,B
2021-07-15T09:39:25,1000.0,10.4,S
2021-07-15T09:39:25,10000.0,10.4,S
2021-07-15T09:39:25,1300.0,10.4,S
2021-07-15T09:38:49,1600.0,10.4,S
2021-07-15T09:38:00,1600.0,10.4,S
2021-07-15T09:37:52,1000.0,10.4,S
2021-07-15T09:37:37,300.0,10.4,S
2021-07-15T09:37:25,1000.0,10.4,S
2021-07-15T09:36:48,100.0,10.4,S
2021-07-15T09:36:18,1000.0,10.4,S
2021-07-15T09:36:07,200.0,10.45,B
2021-07-15T09:35:49,200.0,10.4,S
2021-07-15T09:35:39,100.0,10.4,S
2021-07-15T09:35:39,500.0,10.45,B
2021-07-15T09:35:35,1600.0,10.4,S
2021-07-15T09:35:15,100.0,10.4,S
2021-07-15T09:34:56,6200.0,10.4,S
2021-07-15T09:34:56,1000.0,10.4,S
2021-07-15T09:34:56,7300.0,10.4,S
2021-07-15T09:34:52,900.0,10.4,S
2021-07-15T09:34:03,2700.0,10.4,S
2021-07-15T09:33:06,200.0,10.45,B
2021-07-15T09:32:52,5000.0,10.45,B
2021-07-15T09:32:32,100.0,10.45,B
2021-07-15T09:32:27,100.0,10.45,B
2021-07-15T09:32:10,200.0,10.45,B
2021-07-15T09:31:54,1000.0,10.45,B
2021-07-15T09:31:53,100.0,10.4,S
2021-07-15T09:31:48,500.0,10.4,S
2021-07-15T09:31:24,10000.0,10.4,S
2021-07-15T09:31:01,5100.0,10.4,S
2021-07-15T09:30:40,22100.0,10.4,B
2021-07-15T09:30:21,300.0,10.4,B
2021-07-15T09:29:51,4000.0,10.35,S
2021-07-15T09:29:42,100.0,10.35,S
2021-07-15T09:28:53,300.0,10.35,S
2021-07-15T09:28:23,4000.0,10.35,S
2021-07-15T09:28:18,3800.0,10.4,B
2021-07-15T09:28:08,100.0,10.4,B
2021-07-15T09:27:52,6100.0,10.4,S
2021-07-15T09:27:50,100.0,10.4,S
2021-07-15T09:27:50,900.0,10.4,S
2021-07-15T09:27:50,1200.0,10.4,S
2021-07-15T09:27:39,500.0,10.4,S
2021-07-15T09:27:39,5100.0,10.4,S
2021-07-15T09:27:39,4400.0,10.4,S
2021-07-15T09:27:27,100.0,10.4,S
2021-07-15T09:27:16,300.0,10.4,S
2021-07-15T09:27:11,300.0,10.4,S
2021-07-15T09:26:30,4000.0,10.4,S
2021-07-15T09:25:50,100.0,10.4,S
2021-07-15T09:25:47,6000.0,10.4,S
2021-07-15T09:25:35,300.0,10.4,B
2021-07-15T09:25:24,200.0,10.4,B
2021-07-15T09:25:19,5700.0,10.45,B
2021-07-15T09:25:19,1000.0,10.45,B
2021-07-15T09:25:19,2800.0,10.45,B
2021-07-15T09:25:07,4500.0,10.4,B
2021-07-15T09:24:50,1100.0,10.4,S
2021-07-15T09:24:50,2000.0,10.4,S
2021-07-15T09:24:50,11300.0,10.4,S
2021-07-15T09:24:50,19600.0,10.4,S
2021-07-15T09:24:50,3000.0,10.4,S
2021-07-15T09:24:50,1000.0,10.4,S
2021-07-15T09:24:49,3100.0,10.4,S
2021-07-15T09:24:49,6700.0,10.4,S
2021-07-15T09:24:45,400.0,10.4,S
2021-07-15T09:24:36,100.0,10.4,S
2021-07-15T09:24:33,1500.0,10.4,S
2021-07-15T09:23:50,1200.0,10.4,S
2021-07-15T09:23:32,1000.0,10.4,S
2021-07-15T09:23:21,300.0,10.45,B
2021-07-15T09:23:19,1700.0,10.4,S
2021-07-15T09:23:10,200.0,10.45,B
2021-07-15T09:23:00,100.0,10.4,S
2021-07-15T09:22:52,100.0,10.4,S
2021-07-15T09:22:48,1700.0,10.4,S
2021-07-15T09:22:32,1400.0,10.4,S
2021-07-15T09:22:20,500.0,10.4,S
2021-07-15T09:22:18,100.0,10.4,S
2021-07-15T09:22:18,1900.0,10.4,S
2021-07-15T09:21:51,1000.0,10.4,S
2021-07-15T09:21:51,1300.0,10.4,S
2021-07-15T09:21:50,1700.0,10.4,S
2021-07-15T09:21:43,100.0,10.4,S
2021-07-15T09:21:40,1300.0,10.4,S
2021-07-15T09:21:37,100.0,10.4,S
2021-07-15T09:21:34,1700.0,10.4,S
2021-07-15T09:21:29,1300.0,10.4,S
2021-07-15T09:21:29,1100.0,10.4,S
2021-07-15T09:21:25,10000.0,10.45,B
2021-07-15T09:21:13,1700.0,10.4,S
2021-07-15T09:21:06,1000.0,10.4,S
2021-07-15T09:21:06,100.0,10.45,B
2021-07-15T09:20:58,500.0,10.4,S
2021-07-15T09:20:58,1200.0,10.4,S
2021-07-15T09:20:50,600.0,10.4,S
2021-07-15T09:20:49,700.0,10.4,S
2021-07-15T09:20:40,200.0,10.45,B
2021-07-15T09:20:36,1200.0,10.4,S
2021-07-15T09:20:29,1300.0,10.4,S
2021-07-15T09:20:29,5700.0,10.4,S
2021-07-15T09:20:26,1500.0,10.4,S
2021-07-15T09:20:22,1700.0,10.4,S
2021-07-15T09:20:16,1200.0,10.4,S
2021-07-15T09:19:41,300.0,10.45,B
2021-07-15T09:19:18,2000.0,10.45,B
2021-07-15T09:19:04,11200.0,10.4,S
2021-07-15T09:18:25,3000.0,10.45,B
2021-07-15T09:18:23,1000.0,10.45,B
2021-07-15T09:18:22,6500.0,10.4,S
2021-07-15T09:18:22,4000.0,10.4,S
2021-07-15T09:18:22,300.0,10.45,B
2021-07-15T09:17:54,300.0,10.45,B
