tradingTime,volume,price,side
2021-07-15T14:29:19,500.0,16.5,B
2021-07-15T14:27:38,1000.0,16.5,B
2021-07-15T14:26:59,2100.0,16.5,S
2021-07-15T14:26:46,3000.0,16.5,S
2021-07-15T14:25:15,100.0,16.5,S
2021-07-15T14:25:10,2000.0,16.5,S
2021-07-15T14:24:54,1200.0,16.5,S
2021-07-15T14:24:41,400.0,16.5,S
2021-07-15T14:23:43,2000.0,16.5,S
2021-07-15T14:23:34,500.0,16.5,S
2021-07-15T14:23:32,100.0,16.5,S
2021-07-15T14:23:14,200.0,16.5,S
2021-07-15T14:23:11,100.0,16.5,S
2021-07-15T14:22:34,2000.0,16.5,S
2021-07-15T14:22:28,100.0,16.5,S
2021-07-15T14:21:35,100.0,16.5,S
2021-07-15T14:21:29,100.0,16.5,S
2021-07-15T14:21:13,1100.0,16.5,S
2021-07-15T14:19:45,200.0,16.6,B
2021-07-15T14:19:28,100.0,16.5,S
2021-07-15T14:18:44,300.0,16.5,S
2021-07-15T14:18:16,7000.0,16.6,B
2021-07-15T14:17:57,13100.0,16.5,B
2021-07-15T14:16:23,1000.0,16.4,S
2021-07-15T14:16:09,2000.0,16.4,S
2021-07-15T14:15:57,2000.0,16.3,S
2021-07-15T14:15:52,1000.0,16.3,S
2021-07-15T14:15:08,1600.0,16.4,B
2021-07-15T14:14:33,3200.0,16.4,B
2021-07-15T14:13:55,400.0,16.3,S
2021-07-15T14:13:24,400.0,16.4,B
2021-07-15T14:13:18,100.0,16.3,S
2021-07-15T14:11:23,400.0,16.4,S
2021-07-15T14:11:08,18000.0,16.4,S
2021-07-15T14:09:05,1000.0,16.4,S
2021-07-15T14:08:48,500.0,16.4,S
2021-07-15T14:08:39,2000.0,16.4,S
2021-07-15T14:08:07,300.0,16.5,S
2021-07-15T14:07:56,100.0,16.5,S
2021-07-15T14:07:48,500.0,16.5,S
2021-07-15T14:07:39,500.0,16.5,S
2021-07-15T14:07:17,1000.0,16.5,S
2021-07-15T14:07:01,2000.0,16.5,S
2021-07-15T14:06:57,100.0,16.5,S
2021-07-15T14:06:44,1000.0,16.5,S
2021-07-15T14:06:24,1300.0,16.5,S
2021-07-15T14:05:42,6300.0,16.5,S
2021-07-15T14:05:39,100.0,16.6,B
2021-07-15T14:05:36,1000.0,16.6,B
2021-07-15T14:05:30,200.0,16.6,B
2021-07-15T14:05:26,100.0,16.6,B
2021-07-15T14:05:19,100.0,16.6,B
2021-07-15T14:05:16,1500.0,16.6,B
2021-07-15T14:05:04,3000.0,16.6,B
2021-07-15T14:04:09,1000.0,16.6,B
2021-07-15T14:04:05,500.0,16.6,B
2021-07-15T14:03:37,100.0,16.6,B
2021-07-15T14:03:06,400.0,16.5,S
2021-07-15T14:02:13,600.0,16.5,B
2021-07-15T14:01:47,10000.0,16.5,B
2021-07-15T14:01:26,2000.0,16.5,B
2021-07-15T14:01:21,100.0,16.5,B
2021-07-15T14:01:16,100.0,16.5,B
2021-07-15T14:00:48,5700.0,16.5,B
2021-07-15T14:00:48,1000.0,16.5,B
2021-07-15T14:00:42,700.0,16.5,B
2021-07-15T14:00:35,10000.0,16.5,B
2021-07-15T13:59:35,2200.0,16.5,B
2021-07-15T13:59:32,1800.0,16.4,S
2021-07-15T13:59:25,300.0,16.4,S
2021-07-15T13:58:50,200.0,16.4,S
2021-07-15T13:56:44,100.0,16.4,S
2021-07-15T13:56:21,1000.0,16.4,S
2021-07-15T13:55:46,2500.0,16.4,B
2021-07-15T13:55:45,100.0,16.4,B
2021-07-15T13:55:31,100.0,16.4,B
2021-07-15T13:55:19,4000.0,16.4,B
2021-07-15T13:53:33,100.0,16.3,B
2021-07-15T13:52:53,900.0,16.3,S
2021-07-15T13:51:22,2000.0,16.3,S
2021-07-15T13:51:20,1200.0,16.3,S
2021-07-15T13:51:14,3000.0,16.3,B
2021-07-15T13:50:30,100.0,16.3,B
2021-07-15T13:50:19,200.0,16.3,B
2021-07-15T13:50:17,1900.0,16.3,S
2021-07-15T13:50:01,800.0,16.3,S
2021-07-15T13:49:41,30000.0,16.3,B
2021-07-15T13:49:08,500.0,16.2,S
2021-07-15T13:48:02,600.0,16.2,S
2021-07-15T13:46:53,900.0,16.3,B
2021-07-15T13:45:43,400.0,16.3,B
2021-07-15T13:44:55,1000.0,16.3,B
2021-07-15T13:44:35,200.0,16.3,B
2021-07-15T13:44:26,4000.0,16.3,B
2021-07-15T13:42:40,800.0,16.3,B
2021-07-15T13:42:38,2000.0,16.3,B
2021-07-15T13:42:32,600.0,16.2,S
2021-07-15T13:38:43,1000.0,16.2,S
2021-07-15T13:37:37,1100.0,16.2,B
2021-07-15T13:36:22,1000.0,16.1,S
2021-07-15T13:36:16,300.0,16.2,S
2021-07-15T13:32:36,33000.0,16.1,S
2021-07-15T13:32:32,400.0,16.2,S
2021-07-15T13:32:19,5000.0,16.2,B
2021-07-15T13:31:57,2000.0,16.2,B
2021-07-15T13:31:44,10000.0,16.2,B
2021-07-15T13:31:30,2000.0,16.2,B
2021-07-15T13:30:23,1300.0,16.1,B
2021-07-15T13:29:39,100.0,16.1,B
2021-07-15T13:27:11,1000.0,16.1,B
2021-07-15T13:26:22,2700.0,16.1,S
2021-07-15T13:26:07,600.0,16.1,S
2021-07-15T13:25:14,2000.0,16.1,S
2021-07-15T13:23:43,5000.0,16.1,S
2021-07-15T13:13:09,1000.0,16.1,S
2021-07-15T13:11:54,400.0,16.2,B
2021-07-15T13:10:20,500.0,16.2,B
2021-07-15T13:03:55,100.0,16.2,B
2021-07-15T13:00:54,1800.0,16.1,S
2021-07-15T13:00:02,300.0,16.1,B
2021-07-15T13:00:02,100.0,16.1,B
2021-07-15T11:27:10,200.0,16.1,B
2021-07-15T11:24:13,2000.0,16.1,B
2021-07-15T11:19:42,7000.0,16.1,B
2021-07-15T11:16:50,10000.0,16.1,B
2021-07-15T11:09:23,500.0,16.0,S
2021-07-15T11:07:05,1900.0,16.0,S
2021-07-15T11:06:06,1000.0,16.0,S
2021-07-15T11:04:18,500.0,16.0,S
2021-07-15T11:01:56,600.0,16.0,S
2021-07-15T10:54:45,2000.0,16.0,S
2021-07-15T10:54:23,1000.0,16.1,B
2021-07-15T10:49:58,300.0,16.0,S
2021-07-15T10:48:23,200.0,16.0,S
2021-07-15T10:45:45,500.0,16.0,S
2021-07-15T10:43:56,100.0,16.0,S
2021-07-15T10:43:38,200.0,16.0,S
2021-07-15T10:43:24,1000.0,16.0,S
2021-07-15T10:43:09,3000.0,16.0,S
2021-07-15T10:38:18,500.0,16.1,B
2021-07-15T10:32:26,100.0,16.1,B
2021-07-15T10:28:57,4300.0,16.1,B
2021-07-15T10:28:54,500.0,16.1,B
2021-07-15T10:28:36,3000.0,16.0,S
2021-07-15T10:24:25,2000.0,16.0,S
2021-07-15T10:22:05,100.0,16.0,S
2021-07-15T10:20:55,100.0,16.0,S
2021-07-15T10:17:54,2000.0,16.1,B
2021-07-15T10:17:10,100.0,16.1,B
2021-07-15T10:17:01,100.0,16.1,B
2021-07-15T10:16:21,5000.0,16.1,B
2021-07-15T10:15:59,100.0,16.1,B
2021-07-15T10:14:15,100.0,16.0,B
2021-07-15T10:11:11,500.0,16.0,S
2021-07-15T10:10:59,100.0,16.0,S
2021-07-15T10:09:10,4700.0,16.0,S
2021-07-15T10:08:46,2000.0,16.0,S
2021-07-15T10:05:11,4500.0,16.1,S
2021-07-15T10:04:34,3500.0,16.1,S
2021-07-15T10:03:33,2000.0,16.1,S
2021-07-15T10:03:08,100.0,16.1,S
2021-07-15T10:03:04,1000.0,16.1,S
2021-07-15T10:02:59,200.0,16.2,B
2021-07-15T10:02:47,3000.0,16.1,S
2021-07-15T10:02:07,100.0,16.2,B
2021-07-15T09:57:58,500.0,16.2,B
2021-07-15T09:57:43,200.0,16.2,B
2021-07-15T09:55:32,2500.0,16.2,B
2021-07-15T09:55:15,1100.0,16.2,B
2021-07-15T09:55:01,500.0,16.2,B
2021-07-15T09:54:56,1000.0,16.2,B
2021-07-15T09:54:55,200.0,16.2,B
2021-07-15T09:54:21,200.0,16.2,B
2021-07-15T09:53:46,1000.0,16.2,B
2021-07-15T09:52:37,300.0,16.2,B
2021-07-15T09:50:19,500.0,16.1,S
2021-07-15T09:48:19,1000.0,16.1,S
2021-07-15T09:48:15,1000.0,16.1,S
2021-07-15T09:47:56,100.0,16.1,S
2021-07-15T09:46:56,3100.0,16.1,B
2021-07-15T09:46:51,1000.0,16.1,B
2021-07-15T09:45:36,2500.0,16.1,B
2021-07-15T09:45:28,1500.0,16.1,B
2021-07-15T09:43:54,1100.0,16.1,B
2021-07-15T09:41:17,1100.0,16.0,S
2021-07-15T09:40:27,300.0,16.0,S
2021-07-15T09:39:23,700.0,16.0,S
2021-07-15T09:38:55,1000.0,16.0,S
2021-07-15T09:38:35,100.0,16.0,B
2021-07-15T09:36:15,700.0,16.0,S
2021-07-15T09:35:51,300.0,16.0,B
2021-07-15T09:34:27,1700.0,16.0,B
2021-07-15T09:33:58,800.0,16.0,S
2021-07-15T09:33:36,800.0,16.0,S
2021-07-15T09:33:18,800.0,16.0,S
2021-07-15T09:32:46,500.0,16.0,B
2021-07-15T09:31:48,2000.0,15.9,S
2021-07-15T09:29:45,200.0,15.9,S
2021-07-15T09:29:18,1300.0,16.0,S
2021-07-15T09:28:44,400.0,16.0,B
2021-07-15T09:26:15,100.0,16.0,B
2021-07-15T09:25:34,200.0,16.0,B
2021-07-15T09:25:15,300.0,16.0,S
2021-07-15T09:25:04,700.0,16.0,B
2021-07-15T09:24:29,100.0,16.0,B
2021-07-15T09:23:45,700.0,16.0,S
2021-07-15T09:22:29,100.0,16.0,S
2021-07-15T09:22:16,300.0,16.0,S
2021-07-15T09:20:28,900.0,16.0,B
2021-07-15T09:04:53,200.0,15.8,S
2021-07-15T09:04:07,100.0,15.8,S
2021-07-15T09:02:55,1000.0,15.8,S
