tradingTime,volume,price,side
2021-07-15T14:29:51,500.0,34.2,B
2021-07-15T14:29:36,500.0,34.1,S
2021-07-15T14:29:29,500.0,34.2,B
2021-07-15T14:29:17,200.0,34.1,S
2021-07-15T14:29:11,100.0,34.2,B
2021-07-15T14:28:56,3000.0,34.2,B
2021-07-15T14:28:53,1000.0,34.2,B
2021-07-15T14:28:50,100.0,34.1,S
2021-07-15T14:28:40,100.0,34.2,B
2021-07-15T14:28:32,100.0,34.1,S
2021-07-15T14:28:19,500.0,34.1,S
2021-07-15T14:28:19,500.0,34.2,B
2021-07-15T14:28:11,100.0,34.2,B
2021-07-15T14:28:04,500.0,34.2,B
2021-07-15T14:27:55,100.0,34.2,B
2021-07-15T14:27:52,100.0,34.2,B
2021-07-15T14:27:47,3000.0,34.2,B
2021-07-15T14:27:41,3000.0,34.1,S
2021-07-15T14:27:41,100.0,34.2,B
2021-07-15T14:27:39,6600.0,34.2,B
2021-07-15T14:27:39,13400.0,34.2,B
2021-07-15T14:27:38,200.0,34.1,S
2021-07-15T14:27:19,100.0,34.2,B
2021-07-15T14:27:18,100.0,34.2,B
2021-07-15T14:27:18,200.0,34.1,S
2021-07-15T14:27:12,100.0,34.15,B
2021-07-15T14:27:02,500.0,34.1,S
2021-07-15T14:26:58,1200.0,34.1,B
2021-07-15T14:26:41,100.0,34.1,B
2021-07-15T14:26:16,400.0,34.05,S
2021-07-15T14:26:16,100.0,34.05,S
2021-07-15T14:26:16,1600.0,34.05,S
2021-07-15T14:26:11,100.0,34.1,B
2021-07-15T14:26:09,2100.0,34.05,S
2021-07-15T14:26:00,1700.0,34.05,S
2021-07-15T14:25:57,200.0,34.1,S
2021-07-15T14:25:50,1500.0,34.1,S
2021-07-15T14:25:48,1000.0,34.1,S
2021-07-15T14:25:44,2100.0,34.1,S
2021-07-15T14:25:41,100.0,34.2,B
2021-07-15T14:25:38,2000.0,34.1,S
2021-07-15T14:25:34,1400.0,34.1,S
2021-07-15T14:25:32,300.0,34.1,S
2021-07-15T14:25:30,1800.0,34.1,S
2021-07-15T14:25:24,1700.0,34.1,S
2021-07-15T14:25:23,100.0,34.15,S
2021-07-15T14:25:23,4200.0,34.15,B
2021-07-15T14:25:16,2000.0,34.1,S
2021-07-15T14:25:16,100.0,34.1,S
2021-07-15T14:25:13,300.0,34.1,S
2021-07-15T14:25:13,100.0,34.1,S
2021-07-15T14:25:11,100.0,34.15,B
2021-07-15T14:25:10,2100.0,34.1,S
2021-07-15T14:25:06,500.0,34.1,S
2021-07-15T14:25:04,500.0,34.15,B
2021-07-15T14:25:01,100.0,34.1,S
2021-07-15T14:25:01,1400.0,34.1,S
2021-07-15T14:24:55,1700.0,34.1,S
2021-07-15T14:24:49,1700.0,34.1,S
2021-07-15T14:24:41,1700.0,34.1,S
2021-07-15T14:24:38,1000.0,34.1,S
2021-07-15T14:24:37,1000.0,34.1,S
2021-07-15T14:24:34,1700.0,34.1,S
2021-07-15T14:24:27,2100.0,34.1,S
2021-07-15T14:24:21,100.0,34.15,B
2021-07-15T14:24:19,1600.0,34.1,S
2021-07-15T14:24:15,1100.0,34.1,S
2021-07-15T14:24:15,100.0,34.1,S
2021-07-15T14:24:15,500.0,34.1,S
2021-07-15T14:24:12,100.0,34.2,B
2021-07-15T14:24:04,1700.0,34.1,S
2021-07-15T14:23:58,1700.0,34.1,S
2021-07-15T14:23:57,500.0,34.15,S
2021-07-15T14:23:50,1700.0,34.15,S
2021-07-15T14:23:48,400.0,34.15,S
2021-07-15T14:23:43,2200.0,34.15,S
2021-07-15T14:23:39,100.0,34.2,B
2021-07-15T14:23:35,1800.0,34.15,S
2021-07-15T14:23:28,1600.0,34.15,S
2021-07-15T14:23:23,1700.0,34.15,S
2021-07-15T14:23:22,1000.0,34.15,S
2021-07-15T14:23:17,1600.0,34.1,S
2021-07-15T14:23:11,100.0,34.2,B
2021-07-15T14:23:09,1700.0,34.1,S
2021-07-15T14:23:02,1500.0,34.1,S
2021-07-15T14:22:52,1800.0,34.1,S
2021-07-15T14:22:49,100.0,34.2,B
2021-07-15T14:22:44,2100.0,34.1,S
2021-07-15T14:22:40,100.0,34.2,B
2021-07-15T14:22:37,1200.0,34.1,S
2021-07-15T14:22:37,200.0,34.1,S
2021-07-15T14:22:37,100.0,34.1,S
2021-07-15T14:22:37,300.0,34.1,S
2021-07-15T14:22:37,100.0,34.1,S
2021-07-15T14:22:29,2200.0,34.1,S
2021-07-15T14:22:21,200.0,34.1,S
2021-07-15T14:22:21,1100.0,34.2,S
2021-07-15T14:22:21,700.0,34.2,S
2021-07-15T14:22:17,600.0,34.2,S
2021-07-15T14:22:14,500.0,34.2,S
2021-07-15T14:22:13,2000.0,34.2,S
2021-07-15T14:22:08,100.0,34.25,B
2021-07-15T14:22:04,2100.0,34.2,S
2021-07-15T14:21:57,2000.0,34.2,S
2021-07-15T14:21:49,1200.0,34.2,S
2021-07-15T14:21:49,800.0,34.2,S
2021-07-15T14:21:40,1700.0,34.2,S
2021-07-15T14:21:39,100.0,34.25,B
2021-07-15T14:21:32,2100.0,34.2,S
2021-07-15T14:21:23,1800.0,34.2,S
2021-07-15T14:21:10,1700.0,34.2,S
2021-07-15T14:21:10,100.0,34.3,B
2021-07-15T14:21:04,700.0,34.25,B
2021-07-15T14:21:01,200.0,34.2,S
2021-07-15T14:20:53,2200.0,34.2,S
2021-07-15T14:20:46,5000.0,34.25,B
2021-07-15T14:20:45,2100.0,34.2,S
2021-07-15T14:20:40,100.0,34.25,B
2021-07-15T14:20:34,400.0,34.25,B
2021-07-15T14:20:31,2100.0,34.2,S
2021-07-15T14:20:23,1600.0,34.2,S
2021-07-15T14:20:14,1000.0,34.2,S
2021-07-15T14:20:13,1800.0,34.2,S
2021-07-15T14:20:13,400.0,34.2,B
2021-07-15T14:20:11,100.0,34.2,B
2021-07-15T14:20:08,1700.0,34.2,B
2021-07-15T14:20:08,300.0,34.2,B
2021-07-15T14:20:06,2000.0,34.1,S
2021-07-15T14:19:54,2000.0,34.2,B
2021-07-15T14:19:48,2000.0,34.2,B
2021-07-15T14:19:41,100.0,34.2,B
2021-07-15T14:19:32,1600.0,34.1,S
2021-07-15T14:19:24,100.0,34.2,B
2021-07-15T14:19:18,5000.0,34.1,S
2021-07-15T14:19:10,100.0,34.2,B
2021-07-15T14:19:04,1800.0,34.1,S
2021-07-15T14:19:04,200.0,34.2,B
2021-07-15T14:18:54,1000.0,34.2,B
2021-07-15T14:18:53,200.0,34.2,B
2021-07-15T14:18:42,1000.0,34.2,B
2021-07-15T14:18:40,100.0,34.2,B
2021-07-15T14:18:10,2200.0,34.1,S
2021-07-15T14:18:01,500.0,34.2,B
2021-07-15T14:17:49,200.0,34.15,B
2021-07-15T14:17:40,100.0,34.15,B
2021-07-15T14:17:40,500.0,34.1,S
2021-07-15T14:17:35,1400.0,34.15,B
2021-07-15T14:17:34,3600.0,34.15,B
2021-07-15T14:17:34,1400.0,34.15,B
2021-07-15T14:17:34,2400.0,34.15,B
2021-07-15T14:17:24,100.0,34.15,B
2021-07-15T14:17:18,200.0,34.15,B
2021-07-15T14:17:12,100.0,34.15,B
2021-07-15T14:16:43,100.0,34.15,B
2021-07-15T14:16:42,100.0,34.15,B
2021-07-15T14:16:22,1300.0,34.15,B
2021-07-15T14:16:12,100.0,34.15,B
2021-07-15T14:16:05,500.0,34.1,B
2021-07-15T14:15:59,600.0,34.1,B
2021-07-15T14:15:54,100.0,34.05,S
2021-07-15T14:15:52,1400.0,34.1,B
2021-07-15T14:15:41,100.0,34.1,B
2021-07-15T14:15:19,4000.0,34.1,B
2021-07-15T14:15:18,1700.0,34.1,B
2021-07-15T14:15:18,100.0,34.1,B
2021-07-15T14:15:18,100.0,34.1,B
2021-07-15T14:15:18,2800.0,34.1,B
2021-07-15T14:15:18,300.0,34.1,B
2021-07-15T14:15:13,500.0,34.1,B
2021-07-15T14:15:12,100.0,34.1,B
2021-07-15T14:15:08,100.0,34.1,B
2021-07-15T14:15:08,4900.0,34.1,B
2021-07-15T14:15:05,500.0,34.1,B
2021-07-15T14:15:01,100.0,34.1,B
2021-07-15T14:14:58,5000.0,34.1,B
2021-07-15T14:14:42,100.0,34.1,B
2021-07-15T14:14:19,100.0,34.1,B
2021-07-15T14:14:12,100.0,34.1,B
2021-07-15T14:13:50,200.0,34.1,B
2021-07-15T14:13:42,100.0,34.1,B
2021-07-15T14:13:40,500.0,34.05,S
2021-07-15T14:13:23,100.0,34.1,B
2021-07-15T14:13:13,3000.0,34.1,B
2021-07-15T14:13:12,100.0,34.1,B
2021-07-15T14:13:12,800.0,34.1,B
2021-07-15T14:12:48,9000.0,34.1,S
2021-07-15T14:12:41,100.0,34.15,B
2021-07-15T14:12:37,800.0,34.1,S
2021-07-15T14:12:19,3000.0,34.1,S
2021-07-15T14:12:11,100.0,34.15,B
2021-07-15T14:12:08,100.0,34.1,S
2021-07-15T14:12:01,1000.0,34.1,S
2021-07-15T14:11:55,300.0,34.1,S
2021-07-15T14:11:47,200.0,34.1,S
2021-07-15T14:11:45,300.0,34.15,B
2021-07-15T14:11:42,100.0,34.15,B
2021-07-15T14:11:23,7000.0,34.1,S
2021-07-15T14:11:20,10000.0,34.15,B
2021-07-15T14:11:20,200.0,34.15,B
2021-07-15T14:11:17,500.0,34.15,B
2021-07-15T14:11:12,100.0,34.15,B
2021-07-15T14:11:09,200.0,34.15,B
2021-07-15T14:11:09,1500.0,34.1,S
2021-07-15T14:10:58,200.0,34.15,B
2021-07-15T14:10:56,2100.0,34.1,S
2021-07-15T14:10:56,100.0,34.15,B
2021-07-15T14:10:54,1000.0,34.1,S
2021-07-15T14:10:51,100.0,34.15,S
2021-07-15T14:10:51,200.0,34.15,S
2021-07-15T14:10:51,14900.0,34.15,S
2021-07-15T14:10:48,20000.0,34.15,S
2021-07-15T14:10:45,100.0,34.15,S
2021-07-15T14:10:44,1000.0,34.15,S
2021-07-15T14:10:42,100.0,34.2,B
2021-07-15T14:10:32,2600.0,34.15,S
2021-07-15T14:10:27,1700.0,34.15,S
2021-07-15T14:10:17,5000.0,34.15,S
2021-07-15T14:10:13,100.0,34.2,B
2021-07-15T14:10:11,300.0,34.2,B
2021-07-15T14:10:11,600.0,34.2,B
2021-07-15T14:10:07,100.0,34.2,B
2021-07-15T14:10:02,1200.0,34.2,S
2021-07-15T14:09:55,200.0,34.2,S
2021-07-15T14:09:47,100.0,34.2,B
2021-07-15T14:09:43,100.0,34.2,B
2021-07-15T14:09:41,200.0,34.15,S
2021-07-15T14:09:35,1000.0,34.15,S
2021-07-15T14:09:25,100.0,34.15,S
2021-07-15T14:09:14,2000.0,34.15,S
2021-07-15T14:09:14,500.0,34.15,S
2021-07-15T14:09:13,100.0,34.3,B
2021-07-15T14:09:05,3800.0,34.15,S
2021-07-15T14:09:05,300.0,34.2,S
2021-07-15T14:09:05,11300.0,34.2,S
2021-07-15T14:09:05,8800.0,34.2,S
2021-07-15T14:09:05,5800.0,34.25,S
2021-07-15T14:09:02,300.0,34.3,B
2021-07-15T14:09:00,2000.0,34.25,S
2021-07-15T14:08:58,1000.0,34.25,S
2021-07-15T14:08:55,500.0,34.3,B
2021-07-15T14:08:44,300.0,34.3,S
2021-07-15T14:08:44,1300.0,34.3,S
2021-07-15T14:08:42,100.0,34.35,B
2021-07-15T14:08:41,600.0,34.3,S
2021-07-15T14:08:38,100.0,34.35,B
2021-07-15T14:08:28,1300.0,34.4,B
2021-07-15T14:08:28,1300.0,34.4,B
2021-07-15T14:08:28,500.0,34.4,B
2021-07-15T14:08:28,6900.0,34.4,B
2021-07-15T14:08:18,100.0,34.35,B
2021-07-15T14:08:16,2000.0,34.3,S
2021-07-15T14:08:16,200.0,34.35,B
2021-07-15T14:08:12,100.0,34.35,B
2021-07-15T14:08:04,500.0,34.35,B
2021-07-15T14:07:55,800.0,34.35,S
2021-07-15T14:07:53,3000.0,34.4,B
2021-07-15T14:07:53,1000.0,34.35,S
2021-07-15T14:07:43,100.0,34.4,B
2021-07-15T14:07:43,200.0,34.4,B
2021-07-15T14:07:38,200.0,34.4,B
2021-07-15T14:07:33,500.0,34.4,B
2021-07-15T14:07:32,100.0,34.4,B
2021-07-15T14:07:16,500.0,34.4,B
2021-07-15T14:07:12,100.0,34.4,B
2021-07-15T14:07:09,300.0,34.4,B
2021-07-15T14:07:08,100.0,34.4,B
2021-07-15T14:07:02,1000.0,34.35,S
2021-07-15T14:07:01,100.0,34.35,S
2021-07-15T14:06:51,2200.0,34.35,S
2021-07-15T14:06:44,100.0,34.4,B
2021-07-15T14:06:44,100.0,34.35,S
2021-07-15T14:06:43,5000.0,34.35,S
2021-07-15T14:06:41,4000.0,34.35,S
2021-07-15T14:06:36,2200.0,34.35,S
2021-07-15T14:06:30,1700.0,34.35,S
2021-07-15T14:06:26,3000.0,34.45,B
2021-07-15T14:06:21,1600.0,34.35,S
2021-07-15T14:06:18,100.0,34.35,S
2021-07-15T14:06:15,200.0,34.35,S
2021-07-15T14:06:14,100.0,34.4,B
2021-07-15T14:06:13,2200.0,34.3,S
2021-07-15T14:06:11,2600.0,34.3,S
2021-07-15T14:06:11,100.0,34.35,S
2021-07-15T14:06:05,1700.0,34.35,S
2021-07-15T14:06:03,2000.0,34.35,S
2021-07-15T14:05:56,1700.0,34.35,S
2021-07-15T14:05:48,2000.0,34.35,S
2021-07-15T14:05:43,100.0,34.4,B
2021-07-15T14:05:41,400.0,34.35,B
2021-07-15T14:05:40,2600.0,34.3,S
2021-07-15T14:05:40,100.0,34.35,B
2021-07-15T14:05:38,500.0,34.3,S
2021-07-15T14:05:37,1600.0,34.3,S
2021-07-15T14:05:23,2000.0,34.3,S
2021-07-15T14:05:14,100.0,34.35,B
2021-07-15T14:05:13,4300.0,34.3,B
2021-07-15T14:05:07,1700.0,34.25,S
2021-07-15T14:05:01,2000.0,34.3,B
2021-07-15T14:04:49,400.0,34.25,S
2021-07-15T14:04:49,1700.0,34.25,S
2021-07-15T14:04:43,100.0,34.3,B
2021-07-15T14:04:38,100.0,34.25,S
2021-07-15T14:04:28,100.0,34.25,S
2021-07-15T14:04:18,1000.0,34.3,B
2021-07-15T14:04:18,500.0,34.3,B
2021-07-15T14:04:18,100.0,34.3,B
2021-07-15T14:04:13,100.0,34.3,B
2021-07-15T14:04:03,1000.0,34.3,B
2021-07-15T14:03:59,100.0,34.25,S
2021-07-15T14:03:44,100.0,34.3,B
2021-07-15T14:03:26,500.0,34.25,S
2021-07-15T14:03:20,400.0,34.25,S
2021-07-15T14:03:18,500.0,34.25,B
2021-07-15T14:03:13,100.0,34.25,B
2021-07-15T14:03:09,600.0,34.3,B
2021-07-15T14:03:03,1700.0,34.2,S
2021-07-15T14:02:59,500.0,34.25,B
2021-07-15T14:02:44,100.0,34.3,B
2021-07-15T14:02:38,100.0,34.3,B
2021-07-15T14:02:35,1700.0,34.2,S
2021-07-15T14:02:26,100.0,34.3,B
2021-07-15T14:02:23,5500.0,34.3,B
2021-07-15T14:02:22,300.0,34.3,B
2021-07-15T14:02:13,100.0,34.3,B
2021-07-15T14:02:10,100.0,34.3,B
2021-07-15T14:01:52,3100.0,34.3,S
2021-07-15T14:01:45,500.0,34.3,S
2021-07-15T14:01:45,100.0,34.4,B
2021-07-15T14:01:34,100.0,34.3,B
2021-07-15T14:01:34,800.0,34.3,B
2021-07-15T14:01:33,2000.0,34.3,B
2021-07-15T14:01:31,2000.0,34.3,B
2021-07-15T14:01:13,100.0,34.3,B
2021-07-15T14:00:59,600.0,34.2,B
2021-07-15T14:00:59,1500.0,34.2,B
2021-07-15T14:00:59,2200.0,34.2,B
2021-07-15T14:00:59,2200.0,34.2,B
2021-07-15T14:00:58,100.0,34.2,B
2021-07-15T14:00:55,6000.0,34.2,B
2021-07-15T14:00:48,500.0,34.2,B
2021-07-15T14:00:47,500.0,34.2,B
2021-07-15T14:00:45,100.0,34.2,B
2021-07-15T14:00:24,500.0,34.2,B
2021-07-15T14:00:18,300.0,34.2,B
2021-07-15T14:00:18,2000.0,34.2,B
2021-07-15T14:00:15,100.0,34.2,B
2021-07-15T14:00:13,500.0,34.2,B
2021-07-15T14:00:13,200.0,34.2,B
2021-07-15T14:00:09,1000.0,34.2,B
2021-07-15T13:59:58,1000.0,34.2,B
2021-07-15T13:59:57,1000.0,34.2,B
2021-07-15T13:59:47,900.0,34.2,B
2021-07-15T13:59:46,400.0,34.2,B
2021-07-15T13:59:45,100.0,34.2,B
2021-07-15T13:59:44,400.0,34.2,B
2021-07-15T13:59:37,2000.0,34.2,B
2021-07-15T13:59:25,1000.0,34.2,B
2021-07-15T13:59:20,1000.0,34.2,B
2021-07-15T13:59:17,500.0,34.2,B
2021-07-15T13:59:16,500.0,34.2,B
2021-07-15T13:59:15,100.0,34.2,B
2021-07-15T13:59:11,100.0,34.2,B
2021-07-15T13:59:03,5000.0,34.2,B
2021-07-15T13:58:50,100.0,34.2,B
2021-07-15T13:58:44,100.0,34.2,B
2021-07-15T13:58:14,100.0,34.15,B
2021-07-15T13:57:53,400.0,34.1,B
2021-07-15T13:57:52,2800.0,34.1,B
2021-07-15T13:57:45,100.0,34.1,B
2021-07-15T13:57:27,200.0,34.1,B
2021-07-15T13:57:25,400.0,34.05,B
2021-07-15T13:57:25,600.0,34.05,B
2021-07-15T13:57:15,100.0,34.05,B
2021-07-15T13:57:01,400.0,34.05,B
2021-07-15T13:57:01,100.0,34.05,B
2021-07-15T13:56:46,100.0,34.05,B
2021-07-15T13:56:39,2000.0,34.0,B
2021-07-15T13:56:29,100.0,34.0,B
2021-07-15T13:56:15,100.0,34.0,B
2021-07-15T13:55:51,100.0,34.0,B
2021-07-15T13:55:45,100.0,34.0,B
2021-07-15T13:55:36,100.0,34.0,B
2021-07-15T13:55:26,100.0,34.0,B
2021-07-15T13:55:18,100.0,34.0,B
2021-07-15T13:55:18,2000.0,34.0,B
2021-07-15T13:55:18,1200.0,34.0,B
2021-07-15T13:55:18,1700.0,34.0,B
2021-07-15T13:55:18,100.0,34.0,B
2021-07-15T13:55:17,5000.0,34.0,B
2021-07-15T13:55:15,100.0,34.0,B
2021-07-15T13:55:14,500.0,34.0,B
2021-07-15T13:54:57,400.0,34.0,B
2021-07-15T13:54:53,100.0,34.0,B
2021-07-15T13:54:46,100.0,34.0,B
2021-07-15T13:54:37,10000.0,34.0,B
2021-07-15T13:54:17,100.0,34.0,B
2021-07-15T13:54:10,100.0,34.0,B
2021-07-15T13:54:08,300.0,34.0,B
2021-07-15T13:54:08,1000.0,34.0,B
2021-07-15T13:53:59,100.0,34.0,B
2021-07-15T13:53:48,100.0,34.0,B
2021-07-15T13:53:41,1000.0,33.95,S
2021-07-15T13:53:33,100.0,34.0,B
2021-07-15T13:53:24,200.0,33.95,S
2021-07-15T13:53:04,100.0,34.0,B
2021-07-15T13:52:54,300.0,34.0,B
2021-07-15T13:52:54,100.0,34.0,B
2021-07-15T13:52:54,100.0,34.0,B
2021-07-15T13:52:53,100.0,34.0,B
2021-07-15T13:52:52,1400.0,33.95,S
2021-07-15T13:52:42,1000.0,34.0,B
2021-07-15T13:52:37,500.0,34.0,B
2021-07-15T13:52:32,100.0,34.0,B
2021-07-15T13:52:04,100.0,34.0,B
2021-07-15T13:51:35,1700.0,33.9,S
2021-07-15T13:51:33,100.0,34.0,B
2021-07-15T13:51:14,500.0,33.95,S
2021-07-15T13:51:11,100.0,33.95,S
2021-07-15T13:51:03,100.0,34.0,B
2021-07-15T13:51:02,100.0,34.0,B
2021-07-15T13:50:47,100.0,33.95,S
2021-07-15T13:50:40,100.0,34.0,B
2021-07-15T13:50:33,100.0,34.0,B
2021-07-15T13:50:03,100.0,34.0,B
2021-07-15T13:50:03,1400.0,33.95,B
2021-07-15T13:49:37,500.0,33.95,B
2021-07-15T13:49:33,100.0,33.95,B
2021-07-15T13:49:03,100.0,34.0,B
2021-07-15T13:48:58,2600.0,33.9,S
2021-07-15T13:48:33,2300.0,33.9,S
2021-07-15T13:48:33,100.0,34.0,B
2021-07-15T13:48:29,1000.0,34.0,B
2021-07-15T13:48:03,100.0,34.0,B
2021-07-15T13:47:59,800.0,33.9,S
2021-07-15T13:47:59,1500.0,33.9,S
2021-07-15T13:47:38,200.0,34.0,B
2021-07-15T13:47:33,100.0,34.0,B
2021-07-15T13:47:08,2300.0,33.9,S
2021-07-15T13:47:08,900.0,34.0,B
2021-07-15T13:47:03,100.0,34.0,B
2021-07-15T13:46:54,500.0,33.9,S
2021-07-15T13:46:43,100.0,34.0,B
2021-07-15T13:46:41,100.0,33.9,S
2021-07-15T13:46:38,2300.0,33.9,S
2021-07-15T13:46:38,2100.0,33.9,S
2021-07-15T13:46:34,1000.0,34.0,B
2021-07-15T13:46:34,100.0,34.0,B
2021-07-15T13:46:33,100.0,34.0,B
2021-07-15T13:46:23,800.0,34.0,B
2021-07-15T13:46:15,400.0,33.95,S
2021-07-15T13:46:15,1900.0,33.95,S
2021-07-15T13:46:13,1000.0,34.0,B
2021-07-15T13:46:13,2100.0,34.0,B
2021-07-15T13:46:13,700.0,34.0,B
2021-07-15T13:46:13,6200.0,34.0,B
2021-07-15T13:46:05,2000.0,33.95,S
2021-07-15T13:46:03,100.0,34.0,B
2021-07-15T13:46:02,1100.0,34.0,B
2021-07-15T13:46:02,400.0,34.0,B
2021-07-15T13:45:47,2300.0,33.95,S
2021-07-15T13:45:42,100.0,34.0,B
2021-07-15T13:45:33,100.0,34.0,B
2021-07-15T13:45:30,2300.0,33.95,S
2021-07-15T13:45:23,100.0,34.0,B
2021-07-15T13:45:03,100.0,34.0,B
2021-07-15T13:45:00,500.0,33.95,S
2021-07-15T13:44:50,100.0,33.95,S
2021-07-15T13:44:43,2300.0,33.95,S
2021-07-15T13:44:41,1000.0,34.0,B
2021-07-15T13:44:32,100.0,34.0,B
2021-07-15T13:44:10,100.0,33.95,S
2021-07-15T13:44:10,200.0,33.95,S
2021-07-15T13:44:06,1000.0,34.0,B
2021-07-15T13:44:03,100.0,34.0,B
2021-07-15T13:43:44,1000.0,34.0,B
2021-07-15T13:43:33,100.0,34.0,B
2021-07-15T13:43:28,100.0,34.0,B
2021-07-15T13:43:20,2000.0,34.0,B
2021-07-15T13:43:03,100.0,34.0,B
2021-07-15T13:42:46,1000.0,33.95,S
2021-07-15T13:42:33,100.0,34.0,B
2021-07-15T13:42:32,300.0,33.95,B
2021-07-15T13:42:29,2300.0,33.9,S
2021-07-15T13:42:29,1000.0,33.95,B
2021-07-15T13:42:03,100.0,33.95,B
2021-07-15T13:41:56,2300.0,33.9,S
2021-07-15T13:41:48,100.0,33.95,S
2021-07-15T13:41:46,200.0,33.95,S
2021-07-15T13:41:36,3000.0,33.95,S
2021-07-15T13:41:33,100.0,34.0,B
2021-07-15T13:41:32,300.0,33.95,S
2021-07-15T13:41:20,500.0,33.95,S
2021-07-15T13:41:04,100.0,34.0,B
2021-07-15T13:41:00,500.0,34.0,B
2021-07-15T13:40:38,900.0,34.0,B
2021-07-15T13:40:37,1100.0,34.0,B
2021-07-15T13:40:33,100.0,34.0,B
2021-07-15T13:40:27,3000.0,34.0,B
2021-07-15T13:40:21,500.0,34.0,B
2021-07-15T13:40:11,2300.0,33.85,S
2021-07-15T13:40:03,100.0,34.0,B
2021-07-15T13:39:32,100.0,33.95,B
2021-07-15T13:39:27,100.0,33.95,B
2021-07-15T13:39:11,3800.0,33.85,S
2021-07-15T13:39:08,100.0,33.9,S
2021-07-15T13:39:03,100.0,34.0,B
2021-07-15T13:39:03,100.0,34.0,B
2021-07-15T13:39:02,1800.0,33.9,S
2021-07-15T13:39:01,200.0,34.0,B
2021-07-15T13:38:58,500.0,34.0,B
2021-07-15T13:38:58,100.0,34.0,B
2021-07-15T13:38:54,700.0,34.0,B
2021-07-15T13:38:53,1800.0,33.95,S
2021-07-15T13:38:51,1000.0,34.0,B
2021-07-15T13:38:44,1600.0,34.0,B
2021-07-15T13:38:44,600.0,34.0,B
2021-07-15T13:38:44,2000.0,34.0,B
2021-07-15T13:38:40,500.0,33.9,S
2021-07-15T13:38:40,1600.0,33.9,S
2021-07-15T13:38:36,800.0,34.0,B
2021-07-15T13:38:36,2500.0,34.0,B
2021-07-15T13:38:36,100.0,34.0,B
2021-07-15T13:38:36,700.0,34.0,B
2021-07-15T13:38:36,1500.0,34.0,B
2021-07-15T13:38:32,100.0,34.0,B
2021-07-15T13:38:31,1800.0,33.95,S
2021-07-15T13:38:29,200.0,34.0,B
2021-07-15T13:38:24,500.0,33.95,B
2021-07-15T13:38:15,1800.0,33.9,S
2021-07-15T13:38:15,500.0,34.0,B
2021-07-15T13:38:13,300.0,33.95,B
2021-07-15T13:38:08,1800.0,33.9,S
2021-07-15T13:38:02,100.0,33.95,B
2021-07-15T13:38:00,200.0,34.0,B
2021-07-15T13:37:57,1800.0,33.9,S
2021-07-15T13:37:53,2300.0,33.9,S
2021-07-15T13:37:52,100.0,34.0,B
2021-07-15T13:37:50,400.0,33.9,S
2021-07-15T13:37:50,1200.0,33.95,S
2021-07-15T13:37:50,200.0,34.0,B
2021-07-15T13:37:48,200.0,34.0,B
2021-07-15T13:37:46,6100.0,34.0,B
2021-07-15T13:37:43,1800.0,34.0,B
2021-07-15T13:37:43,6100.0,34.0,B
2021-07-15T13:37:43,2400.0,34.0,B
2021-07-15T13:37:43,10600.0,34.0,B
2021-07-15T13:37:43,1000.0,34.0,B
2021-07-15T13:37:43,1500.0,34.0,B
2021-07-15T13:37:43,700.0,34.0,B
2021-07-15T13:37:43,3500.0,34.0,B
2021-07-15T13:37:43,46400.0,34.0,B
2021-07-15T13:37:41,200.0,34.0,B
2021-07-15T13:37:40,1700.0,33.95,S
2021-07-15T13:37:36,100.0,33.95,S
2021-07-15T13:37:35,300.0,33.95,S
2021-07-15T13:37:34,2300.0,33.95,S
2021-07-15T13:37:32,100.0,34.0,B
2021-07-15T13:37:30,200.0,33.95,S
2021-07-15T13:37:28,1700.0,33.95,S
2021-07-15T13:37:16,1800.0,33.9,S
2021-07-15T13:37:13,600.0,33.95,B
2021-07-15T13:37:08,1000.0,33.95,B
2021-07-15T13:37:02,500.0,33.95,B
2021-07-15T13:37:01,100.0,33.95,B
2021-07-15T13:36:59,200.0,33.9,S
2021-07-15T13:36:58,100.0,33.95,B
2021-07-15T13:36:48,100.0,33.95,B
2021-07-15T13:36:45,300.0,33.9,S
2021-07-15T13:36:35,1200.0,33.9,B
2021-07-15T13:36:35,4300.0,33.9,B
2021-07-15T13:36:35,7800.0,33.9,B
2021-07-15T13:36:35,4000.0,33.9,B
2021-07-15T13:36:34,7500.0,33.9,B
2021-07-15T13:36:32,100.0,33.85,B
2021-07-15T13:36:28,300.0,33.85,S
2021-07-15T13:36:09,2100.0,33.85,S
2021-07-15T13:36:03,100.0,33.85,B
2021-07-15T13:35:54,100.0,33.8,S
2021-07-15T13:35:52,100.0,33.8,B
2021-07-15T13:35:52,300.0,33.8,B
2021-07-15T13:35:52,3000.0,33.8,B
2021-07-15T13:35:52,1300.0,33.8,B
2021-07-15T13:35:52,3800.0,33.8,B
2021-07-15T13:35:52,1300.0,33.8,B
2021-07-15T13:35:52,4000.0,33.8,B
2021-07-15T13:35:33,500.0,33.75,S
2021-07-15T13:35:32,100.0,33.8,B
2021-07-15T13:35:28,2000.0,33.75,B
2021-07-15T13:35:17,100.0,33.75,B
2021-07-15T13:35:16,300.0,33.75,B
2021-07-15T13:35:16,1000.0,33.75,B
2021-07-15T13:35:03,100.0,33.75,B
2021-07-15T13:34:55,100.0,33.75,B
2021-07-15T13:34:48,1000.0,33.75,B
2021-07-15T13:34:44,200.0,33.75,B
2021-07-15T13:34:33,100.0,33.75,B
2021-07-15T13:34:27,500.0,33.7,S
2021-07-15T13:34:25,100.0,33.75,B
2021-07-15T13:34:23,400.0,33.75,B
2021-07-15T13:34:23,600.0,33.75,B
2021-07-15T13:34:04,100.0,33.75,B
2021-07-15T13:33:48,200.0,33.7,B
2021-07-15T13:33:48,1300.0,33.7,B
2021-07-15T13:33:48,1000.0,33.7,B
2021-07-15T13:33:45,2000.0,33.7,B
2021-07-15T13:33:44,100.0,33.7,B
2021-07-15T13:33:42,200.0,33.7,B
2021-07-15T13:33:35,900.0,33.7,B
2021-07-15T13:33:35,1100.0,33.7,B
2021-07-15T13:33:34,100.0,33.7,B
2021-07-15T13:33:33,100.0,33.7,B
2021-07-15T13:33:30,15000.0,33.7,B
2021-07-15T13:33:02,100.0,33.7,B
2021-07-15T13:32:59,100.0,33.7,B
2021-07-15T13:32:56,2600.0,33.7,B
2021-07-15T13:32:45,2000.0,33.7,B
2021-07-15T13:32:43,200.0,33.7,B
2021-07-15T13:32:38,100.0,33.7,B
2021-07-15T13:32:32,100.0,33.7,B
2021-07-15T13:32:28,100.0,33.7,B
2021-07-15T13:32:27,100.0,33.7,B
2021-07-15T13:32:24,3500.0,33.7,B
2021-07-15T13:32:24,6500.0,33.7,B
2021-07-15T13:32:16,2300.0,33.7,B
2021-07-15T13:32:09,500.0,33.7,B
2021-07-15T13:32:04,500.0,33.7,B
2021-07-15T13:32:02,100.0,33.7,B
2021-07-15T13:31:59,500.0,33.7,B
2021-07-15T13:31:49,500.0,33.7,B
2021-07-15T13:31:40,200.0,33.7,B
2021-07-15T13:31:33,200.0,33.7,B
2021-07-15T13:31:33,2300.0,33.7,B
2021-07-15T13:31:33,1500.0,33.7,B
2021-07-15T13:31:33,200.0,33.7,B
2021-07-15T13:31:32,100.0,33.7,B
2021-07-15T13:31:19,500.0,33.7,B
2021-07-15T13:31:06,2000.0,33.65,S
2021-07-15T13:31:01,100.0,33.7,B
2021-07-15T13:30:36,100.0,33.7,B
2021-07-15T13:30:32,100.0,33.7,B
2021-07-15T13:30:23,500.0,33.7,B
2021-07-15T13:30:20,500.0,33.65,S
2021-07-15T13:30:02,100.0,33.7,B
2021-07-15T13:29:51,10000.0,33.7,B
2021-07-15T13:29:48,100.0,33.7,B
2021-07-15T13:29:31,100.0,33.7,B
2021-07-15T13:29:08,100.0,33.65,B
2021-07-15T13:29:06,7800.0,33.65,B
2021-07-15T13:29:03,100.0,33.65,B
2021-07-15T13:28:55,200.0,33.65,B
2021-07-15T13:28:32,100.0,33.65,B
2021-07-15T13:28:13,4000.0,33.6,S
2021-07-15T13:28:01,100.0,33.65,B
2021-07-15T13:27:31,100.0,33.65,B
2021-07-15T13:27:24,1400.0,33.65,B
2021-07-15T13:27:20,1400.0,33.65,B
2021-07-15T13:27:09,100.0,33.65,B
2021-07-15T13:27:01,100.0,33.65,B
2021-07-15T13:26:59,500.0,33.65,B
2021-07-15T13:26:44,2400.0,33.65,B
2021-07-15T13:26:44,600.0,33.65,B
2021-07-15T13:26:32,100.0,33.65,B
2021-07-15T13:26:03,2000.0,33.65,B
2021-07-15T13:26:02,100.0,33.65,B
2021-07-15T13:25:32,100.0,33.65,B
2021-07-15T13:25:29,700.0,33.65,B
2021-07-15T13:25:15,100.0,33.65,B
2021-07-15T13:25:02,100.0,33.65,B
2021-07-15T13:24:52,200.0,33.65,B
2021-07-15T13:24:32,100.0,33.65,B
2021-07-15T13:24:24,5000.0,33.6,S
2021-07-15T13:24:09,200.0,33.6,S
2021-07-15T13:24:06,5000.0,33.6,S
2021-07-15T13:24:02,100.0,33.7,B
2021-07-15T13:23:48,2300.0,33.6,S
2021-07-15T13:23:32,100.0,33.7,B
2021-07-15T13:23:32,10000.0,33.6,S
2021-07-15T13:23:22,500.0,33.6,S
2021-07-15T13:23:22,100.0,33.7,B
2021-07-15T13:23:02,100.0,33.7,B
2021-07-15T13:22:59,10000.0,33.6,S
2021-07-15T13:22:53,300.0,33.7,B
2021-07-15T13:22:32,100.0,33.7,B
2021-07-15T13:22:29,500.0,33.7,B
2021-07-15T13:22:02,100.0,33.7,B
2021-07-15T13:21:35,100.0,33.6,S
2021-07-15T13:21:34,100.0,33.7,B
2021-07-15T13:21:32,100.0,33.6,S
2021-07-15T13:21:31,100.0,33.7,B
2021-07-15T13:21:14,100.0,33.6,S
2021-07-15T13:21:01,100.0,33.7,B
2021-07-15T13:20:56,2000.0,33.6,S
2021-07-15T13:20:48,2300.0,33.6,S
2021-07-15T13:20:32,100.0,33.7,B
2021-07-15T13:20:30,1000.0,33.6,S
2021-07-15T13:20:19,2300.0,33.6,S
2021-07-15T13:20:03,2300.0,33.6,B
2021-07-15T13:19:59,500.0,33.6,B
2021-07-15T13:19:59,100.0,33.6,B
2021-07-15T13:19:52,1000.0,33.6,B
2021-07-15T13:19:40,100.0,33.6,B
2021-07-15T13:19:28,100.0,33.6,B
2021-07-15T13:19:20,5000.0,33.6,B
2021-07-15T13:19:19,400.0,33.55,S
2021-07-15T13:19:10,400.0,33.6,B
2021-07-15T13:19:04,100.0,33.6,B
2021-07-15T13:19:00,200.0,33.6,B
2021-07-15T13:19:00,1800.0,33.6,S
2021-07-15T13:19:00,2700.0,33.6,S
2021-07-15T13:19:00,1000.0,33.6,S
2021-07-15T13:18:59,100.0,33.7,B
2021-07-15T13:18:54,100.0,33.7,B
2021-07-15T13:18:53,300.0,33.7,B
2021-07-15T13:18:46,100.0,33.7,B
2021-07-15T13:18:43,2300.0,33.6,S
2021-07-15T13:18:28,100.0,33.7,B
2021-07-15T13:18:25,500.0,33.7,B
2021-07-15T13:18:17,100.0,33.7,B
2021-07-15T13:18:05,500.0,33.7,B
2021-07-15T13:17:59,100.0,33.7,B
2021-07-15T13:17:36,2000.0,33.6,S
2021-07-15T13:17:36,100.0,33.7,S
2021-07-15T13:17:36,200.0,33.7,S
2021-07-15T13:17:31,100.0,33.75,B
2021-07-15T13:17:07,100.0,33.7,S
2021-07-15T13:17:01,100.0,33.8,B
2021-07-15T13:16:59,2300.0,33.7,S
2021-07-15T13:16:56,200.0,33.75,B
2021-07-15T13:16:34,200.0,33.7,B
2021-07-15T13:16:29,100.0,33.7,B
2021-07-15T13:16:28,900.0,33.7,B
2021-07-15T13:16:28,100.0,33.7,B
2021-07-15T13:16:26,100.0,33.7,B
2021-07-15T13:16:20,100.0,33.7,B
2021-07-15T13:16:01,100.0,33.7,B
2021-07-15T13:15:55,500.0,33.7,B
2021-07-15T13:15:51,100.0,33.7,B
2021-07-15T13:15:46,100.0,33.7,B
2021-07-15T13:15:40,1000.0,33.7,B
2021-07-15T13:15:37,700.0,33.7,B
2021-07-15T13:15:32,100.0,33.7,B
2021-07-15T13:15:30,500.0,33.7,B
2021-07-15T13:15:06,2300.0,33.6,S
2021-07-15T13:15:03,100.0,33.7,B
2021-07-15T13:14:59,100.0,33.65,B
2021-07-15T13:14:55,200.0,33.65,B
2021-07-15T13:14:49,100.0,33.65,B
2021-07-15T13:14:44,9700.0,33.6,B
2021-07-15T13:14:33,4400.0,33.6,B
2021-07-15T13:14:33,5600.0,33.6,B
2021-07-15T13:14:24,400.0,33.5,S
2021-07-15T13:14:18,100.0,33.6,B
2021-07-15T13:14:16,200.0,33.55,B
2021-07-15T13:14:09,200.0,33.55,B
2021-07-15T13:13:47,100.0,33.55,B
2021-07-15T13:13:18,100.0,33.55,B
2021-07-15T13:13:18,1000.0,33.5,B
2021-07-15T13:13:18,300.0,33.5,B
2021-07-15T13:13:17,800.0,33.5,B
2021-07-15T13:13:17,1100.0,33.5,B
2021-07-15T13:13:17,500.0,33.5,B
2021-07-15T13:13:17,1300.0,33.5,B
2021-07-15T13:13:17,3000.0,33.5,B
2021-07-15T13:13:17,300.0,33.5,B
2021-07-15T13:13:17,2800.0,33.5,B
2021-07-15T13:13:17,3600.0,33.5,B
2021-07-15T13:13:06,200.0,33.5,B
2021-07-15T13:12:47,100.0,33.5,B
2021-07-15T13:12:28,6400.0,33.45,S
2021-07-15T13:12:27,3000.0,33.45,B
2021-07-15T13:12:18,100.0,33.45,B
2021-07-15T13:12:18,100.0,33.45,B
2021-07-15T13:12:12,2000.0,33.45,B
2021-07-15T13:11:58,1000.0,33.45,B
2021-07-15T13:11:53,100.0,33.45,B
2021-07-15T13:11:45,100.0,33.45,B
2021-07-15T13:11:17,100.0,33.45,B
2021-07-15T13:11:12,1200.0,33.4,B
2021-07-15T13:11:11,1800.0,33.4,S
2021-07-15T13:11:00,200.0,33.4,B
2021-07-15T13:10:53,2000.0,33.4,B
2021-07-15T13:10:45,100.0,33.4,B
2021-07-15T13:10:19,900.0,33.35,B
2021-07-15T13:10:15,5000.0,33.35,B
2021-07-15T13:10:15,100.0,33.35,B
2021-07-15T13:10:13,1000.0,33.35,B
2021-07-15T13:10:04,10000.0,33.35,B
2021-07-15T13:09:49,23000.0,33.35,B
2021-07-15T13:09:45,100.0,33.35,B
2021-07-15T13:09:36,12600.0,33.3,S
2021-07-15T13:09:36,400.0,33.3,S
2021-07-15T13:09:18,2800.0,33.35,S
2021-07-15T13:09:14,100.0,33.4,B
2021-07-15T13:09:13,9000.0,33.4,B
2021-07-15T13:08:54,200.0,33.4,B
2021-07-15T13:08:44,100.0,33.4,B
2021-07-15T13:08:24,100.0,33.4,B
2021-07-15T13:08:14,300.0,33.4,B
2021-07-15T13:08:14,100.0,33.4,B
2021-07-15T13:07:50,500.0,33.4,B
2021-07-15T13:07:43,100.0,33.4,B
2021-07-15T13:07:13,100.0,33.4,B
2021-07-15T13:06:41,100.0,33.4,B
2021-07-15T13:06:12,100.0,33.4,B
2021-07-15T13:05:50,300.0,33.4,B
2021-07-15T13:05:44,2400.0,33.3,S
2021-07-15T13:05:44,6600.0,33.3,S
2021-07-15T13:05:44,1000.0,33.35,S
2021-07-15T13:05:42,200.0,33.4,B
2021-07-15T13:05:41,100.0,33.4,B
2021-07-15T13:05:41,500.0,33.4,B
2021-07-15T13:05:28,10000.0,33.4,B
2021-07-15T13:05:11,100.0,33.4,B
2021-07-15T13:05:08,100.0,33.4,B
2021-07-15T13:04:54,40000.0,33.4,B
2021-07-15T13:04:40,100.0,33.4,B
2021-07-15T13:04:11,300.0,33.4,B
2021-07-15T13:04:11,100.0,33.4,B
2021-07-15T13:04:11,100.0,33.4,B
2021-07-15T13:03:42,4100.0,33.4,B
2021-07-15T13:03:42,4800.0,33.4,B
2021-07-15T13:03:42,1100.0,33.35,B
2021-07-15T13:03:39,100.0,33.35,B
2021-07-15T13:03:35,100.0,33.35,B
2021-07-15T13:03:29,200.0,33.35,B
2021-07-15T13:03:12,100.0,33.35,B
2021-07-15T13:03:08,100.0,33.35,B
2021-07-15T13:03:00,100.0,33.35,B
2021-07-15T13:02:38,100.0,33.35,B
2021-07-15T13:02:31,100.0,33.35,B
2021-07-15T13:02:25,100.0,33.35,B
2021-07-15T13:02:08,100.0,33.35,B
2021-07-15T13:01:53,100.0,33.35,B
2021-07-15T13:01:44,1000.0,33.35,B
2021-07-15T13:01:36,100.0,33.35,B
2021-07-15T13:01:33,1400.0,33.35,B
2021-07-15T13:01:28,1300.0,33.35,B
2021-07-15T13:01:24,500.0,33.35,B
2021-07-15T13:01:23,200.0,33.35,B
2021-07-15T13:01:06,100.0,33.35,B
2021-07-15T13:01:05,4500.0,33.35,B
2021-07-15T13:01:05,100.0,33.35,B
2021-07-15T13:01:05,600.0,33.35,B
2021-07-15T13:00:43,1300.0,33.35,B
2021-07-15T13:00:33,100.0,33.35,B
2021-07-15T13:00:33,3400.0,33.3,B
2021-07-15T13:00:25,10000.0,33.3,B
2021-07-15T13:00:11,100.0,33.3,B
2021-07-15T13:00:11,100.0,33.3,B
2021-07-15T13:00:11,100.0,33.3,B
2021-07-15T13:00:10,300.0,33.3,B
2021-07-15T13:00:10,200.0,33.3,B
2021-07-15T13:00:07,200.0,33.3,B
2021-07-15T13:00:04,100.0,33.25,S
2021-07-15T13:00:04,100.0,33.3,B
2021-07-15T13:00:03,100.0,33.3,B
2021-07-15T13:00:03,30000.0,33.3,B
2021-07-15T13:00:03,3000.0,33.3,B
2021-07-15T13:00:03,500.0,33.3,B
2021-07-15T13:00:03,100.0,33.3,B
2021-07-15T13:00:03,12000.0,33.3,B
2021-07-15T13:00:03,100.0,33.3,B
2021-07-15T13:00:03,500.0,33.3,B
2021-07-15T13:00:03,200.0,33.3,B
2021-07-15T13:00:02,1700.0,33.25,S
2021-07-15T13:00:02,100.0,33.3,B
2021-07-15T11:29:38,2000.0,33.3,B
2021-07-15T11:28:33,100.0,33.3,B
2021-07-15T11:28:20,200.0,33.3,B
2021-07-15T11:28:17,100.0,33.3,B
2021-07-15T11:26:55,400.0,33.3,B
2021-07-15T11:26:55,1600.0,33.3,B
2021-07-15T11:26:27,10000.0,33.3,B
2021-07-15T11:26:20,100.0,33.25,S
2021-07-15T11:26:20,1000.0,33.3,B
2021-07-15T11:26:07,2200.0,33.25,S
2021-07-15T11:25:45,100.0,33.25,S
2021-07-15T11:25:35,6200.0,33.25,B
2021-07-15T11:25:08,1000.0,33.2,S
2021-07-15T11:24:13,1500.0,33.2,S
2021-07-15T11:22:49,100.0,33.2,S
2021-07-15T11:22:47,1000.0,33.2,S
2021-07-15T11:22:38,1000.0,33.2,S
2021-07-15T11:22:31,1300.0,33.25,B
2021-07-15T11:22:31,500.0,33.25,B
2021-07-15T11:22:18,100.0,33.25,B
2021-07-15T11:22:09,100.0,33.25,B
2021-07-15T11:22:09,100.0,33.25,B
2021-07-15T11:21:21,100.0,33.25,B
2021-07-15T11:20:44,300.0,33.25,B
2021-07-15T11:20:18,500.0,33.25,B
2021-07-15T11:18:56,500.0,33.25,B
2021-07-15T11:18:43,1600.0,33.25,S
2021-07-15T11:17:55,400.0,33.25,B
2021-07-15T11:17:28,100.0,33.2,S
2021-07-15T11:17:03,200.0,33.2,S
2021-07-15T11:16:47,2200.0,33.2,S
2021-07-15T11:15:13,100.0,33.2,S
2021-07-15T11:14:49,200.0,33.2,S
2021-07-15T11:14:27,100.0,33.2,S
2021-07-15T11:13:04,200.0,33.2,B
2021-07-15T11:12:56,500.0,33.2,B
2021-07-15T11:12:55,3500.0,33.2,B
2021-07-15T11:12:47,100.0,33.2,B
2021-07-15T11:12:35,700.0,33.2,B
2021-07-15T11:12:30,100.0,33.2,B
2021-07-15T11:12:22,1000.0,33.2,B
2021-07-15T11:12:19,100.0,33.2,B
2021-07-15T11:12:00,700.0,33.2,B
2021-07-15T11:12:00,400.0,33.2,B
2021-07-15T11:12:00,200.0,33.2,B
2021-07-15T11:11:59,100.0,33.2,B
2021-07-15T11:11:56,500.0,33.2,B
2021-07-15T11:11:53,100.0,33.2,B
2021-07-15T11:11:12,400.0,33.2,B
2021-07-15T11:10:17,100.0,33.2,B
2021-07-15T11:10:14,100.0,33.2,B
2021-07-15T11:10:06,5000.0,33.2,B
2021-07-15T11:09:57,1000.0,33.2,B
2021-07-15T11:09:41,19600.0,33.2,B
2021-07-15T11:09:40,15500.0,33.2,B
2021-07-15T11:09:04,1300.0,33.2,B
2021-07-15T11:08:58,1000.0,33.2,B
2021-07-15T11:08:52,100.0,33.2,B
2021-07-15T11:08:49,300.0,33.2,B
2021-07-15T11:08:34,2000.0,33.2,B
2021-07-15T11:08:03,100.0,33.2,B
2021-07-15T11:07:04,1000.0,33.2,B
2021-07-15T11:06:54,100.0,33.2,B
2021-07-15T11:06:39,100.0,33.2,B
2021-07-15T11:06:02,1400.0,33.2,B
2021-07-15T11:05:40,100.0,33.25,B
2021-07-15T11:05:32,1300.0,33.25,B
2021-07-15T11:05:29,5500.0,33.15,S
2021-07-15T11:04:14,1300.0,33.15,S
2021-07-15T11:04:14,100.0,33.15,S
2021-07-15T11:04:14,100.0,33.15,S
2021-07-15T11:04:14,4200.0,33.15,S
2021-07-15T11:04:14,14300.0,33.2,S
2021-07-15T11:04:12,1000.0,33.2,S
2021-07-15T11:04:12,100.0,33.2,S
2021-07-15T11:03:42,100.0,33.2,S
2021-07-15T11:02:17,600.0,33.2,S
2021-07-15T11:01:18,4700.0,33.2,S
2021-07-15T11:01:06,100.0,33.25,B
2021-07-15T11:00:43,400.0,33.25,B
2021-07-15T11:00:10,200.0,33.25,S
2021-07-15T10:59:51,1800.0,33.3,B
2021-07-15T10:59:51,2000.0,33.3,B
2021-07-15T10:59:51,7000.0,33.3,B
2021-07-15T10:59:51,7200.0,33.3,B
2021-07-15T10:56:07,5200.0,33.3,B
2021-07-15T10:55:47,5000.0,33.2,S
2021-07-15T10:55:03,100.0,33.3,B
2021-07-15T10:55:02,500.0,33.2,S
2021-07-15T10:54:51,1500.0,33.2,S
2021-07-15T10:54:32,200.0,33.3,B
2021-07-15T10:53:51,100.0,33.3,B
2021-07-15T10:52:46,400.0,33.3,B
2021-07-15T10:51:01,100.0,33.3,B
2021-07-15T10:50:22,100.0,33.3,B
2021-07-15T10:49:12,100.0,33.2,B
2021-07-15T10:47:54,700.0,33.15,S
2021-07-15T10:47:33,10000.0,33.15,S
2021-07-15T10:46:49,1300.0,33.3,B
2021-07-15T10:46:34,2000.0,33.15,S
2021-07-15T10:46:34,500.0,33.15,S
2021-07-15T10:46:20,700.0,33.15,S
2021-07-15T10:46:08,300.0,33.15,S
2021-07-15T10:46:06,2000.0,33.15,S
2021-07-15T10:45:51,800.0,33.15,S
2021-07-15T10:45:50,2000.0,33.2,S
2021-07-15T10:45:42,5000.0,33.3,B
2021-07-15T10:45:39,1400.0,33.2,S
2021-07-15T10:45:31,1000.0,33.2,S
2021-07-15T10:45:30,5000.0,33.2,S
2021-07-15T10:45:27,100.0,33.2,S
2021-07-15T10:45:18,1300.0,33.25,B
2021-07-15T10:45:14,900.0,33.2,B
2021-07-15T10:45:10,1000.0,33.2,S
2021-07-15T10:44:58,2500.0,33.2,S
2021-07-15T10:44:58,1500.0,33.2,S
2021-07-15T10:44:55,100.0,33.2,S
2021-07-15T10:44:54,200.0,33.2,S
2021-07-15T10:44:51,1000.0,33.2,S
2021-07-15T10:44:51,2700.0,33.2,S
2021-07-15T10:44:51,200.0,33.2,S
2021-07-15T10:44:51,2100.0,33.2,S
2021-07-15T10:44:46,4200.0,33.2,S
2021-07-15T10:44:41,100.0,33.2,S
2021-07-15T10:44:35,10700.0,33.2,S
2021-07-15T10:44:31,100.0,33.2,S
2021-07-15T10:44:29,200.0,33.2,S
2021-07-15T10:44:28,1000.0,33.25,B
2021-07-15T10:44:14,3000.0,33.2,S
2021-07-15T10:44:07,1000.0,33.2,S
2021-07-15T10:43:46,1800.0,33.2,S
2021-07-15T10:43:38,1800.0,33.2,S
2021-07-15T10:43:37,300.0,33.2,S
2021-07-15T10:43:37,1700.0,33.2,S
2021-07-15T10:43:25,900.0,33.2,S
2021-07-15T10:43:20,1800.0,33.2,S
2021-07-15T10:43:17,1000.0,33.2,S
2021-07-15T10:43:16,1100.0,33.2,S
2021-07-15T10:43:11,100.0,33.2,S
2021-07-15T10:42:58,1800.0,33.2,S
2021-07-15T10:42:49,300.0,33.2,S
2021-07-15T10:42:49,1500.0,33.2,S
2021-07-15T10:42:48,2000.0,33.2,S
2021-07-15T10:42:43,1800.0,33.2,S
2021-07-15T10:42:42,5000.0,33.2,S
2021-07-15T10:42:38,700.0,33.3,B
2021-07-15T10:42:33,1800.0,33.2,S
2021-07-15T10:42:33,1000.0,33.2,S
2021-07-15T10:42:26,1800.0,33.2,S
2021-07-15T10:42:18,1800.0,33.2,S
2021-07-15T10:42:12,1100.0,33.2,S
2021-07-15T10:42:09,1800.0,33.2,S
2021-07-15T10:42:02,1800.0,33.2,S
2021-07-15T10:41:53,1800.0,33.2,S
2021-07-15T10:41:47,1800.0,33.2,S
2021-07-15T10:41:43,30600.0,33.2,S
2021-07-15T10:41:43,1100.0,33.2,S
2021-07-15T10:41:43,4700.0,33.2,S
2021-07-15T10:41:43,16100.0,33.25,S
2021-07-15T10:41:43,25600.0,33.25,S
2021-07-15T10:41:43,1900.0,33.25,S
2021-07-15T10:41:43,1400.0,33.3,S
2021-07-15T10:41:43,8600.0,33.3,S
2021-07-15T10:41:39,1500.0,33.3,S
2021-07-15T10:41:39,500.0,33.3,S
2021-07-15T10:41:38,1800.0,33.3,S
2021-07-15T10:41:32,1800.0,33.3,S
2021-07-15T10:41:27,200.0,33.35,B
2021-07-15T10:41:23,1700.0,33.3,S
2021-07-15T10:41:21,18000.0,33.3,S
2021-07-15T10:40:58,100.0,33.3,S
2021-07-15T10:39:37,100.0,33.3,S
2021-07-15T10:38:49,1000.0,33.3,S
2021-07-15T10:38:42,900.0,33.3,S
2021-07-15T10:38:31,500.0,33.3,S
2021-07-15T10:38:18,1500.0,33.35,B
2021-07-15T10:38:07,100.0,33.35,B
2021-07-15T10:38:00,1800.0,33.35,B
2021-07-15T10:37:51,10000.0,33.35,B
2021-07-15T10:37:36,4000.0,33.3,S
2021-07-15T10:36:20,800.0,33.3,S
2021-07-15T10:36:16,1200.0,33.3,S
2021-07-15T10:36:12,100.0,33.35,B
2021-07-15T10:36:04,300.0,33.35,B
2021-07-15T10:35:49,300.0,33.35,B
2021-07-15T10:35:44,200.0,33.35,B
2021-07-15T10:35:28,300.0,33.35,B
2021-07-15T10:35:24,8100.0,33.3,B
2021-07-15T10:35:23,300.0,33.3,B
2021-07-15T10:35:17,1300.0,33.3,B
2021-07-15T10:34:57,5000.0,33.3,B
2021-07-15T10:34:43,200.0,33.25,S
2021-07-15T10:34:22,1000.0,33.3,B
2021-07-15T10:34:10,2000.0,33.25,S
2021-07-15T10:34:06,1000.0,33.3,B
2021-07-15T10:34:06,400.0,33.3,B
2021-07-15T10:33:59,100.0,33.3,B
2021-07-15T10:33:56,1300.0,33.3,B
2021-07-15T10:33:35,2700.0,33.3,B
2021-07-15T10:33:33,500.0,33.3,S
2021-07-15T10:33:32,400.0,33.3,S
2021-07-15T10:33:30,1000.0,33.3,S
2021-07-15T10:33:26,8600.0,33.3,S
2021-07-15T10:33:26,300.0,33.3,S
2021-07-15T10:33:26,1100.0,33.3,S
2021-07-15T10:33:25,3000.0,33.3,S
2021-07-15T10:33:16,500.0,33.3,S
2021-07-15T10:32:44,500.0,33.3,S
2021-07-15T10:32:24,1000.0,33.3,S
2021-07-15T10:32:04,2100.0,33.3,S
2021-07-15T10:31:51,500.0,33.3,B
2021-07-15T10:31:32,2000.0,33.3,B
2021-07-15T10:30:52,200.0,33.3,B
2021-07-15T10:30:46,5000.0,33.25,S
2021-07-15T10:30:41,300.0,33.3,B
2021-07-15T10:30:31,500.0,33.3,B
2021-07-15T10:30:29,400.0,33.3,B
2021-07-15T10:30:23,100.0,33.3,B
2021-07-15T10:30:21,3700.0,33.3,S
2021-07-15T10:30:15,500.0,33.3,S
2021-07-15T10:30:14,5000.0,33.3,S
2021-07-15T10:30:11,200.0,33.3,S
2021-07-15T10:30:11,2000.0,33.3,S
2021-07-15T10:30:02,1800.0,33.3,S
2021-07-15T10:30:00,1000.0,33.3,S
2021-07-15T10:29:55,100.0,33.3,S
2021-07-15T10:29:51,1200.0,33.3,S
2021-07-15T10:29:51,300.0,33.3,S
2021-07-15T10:29:46,600.0,33.3,S
2021-07-15T10:29:27,200.0,33.3,S
2021-07-15T10:29:27,1000.0,33.3,S
2021-07-15T10:29:23,300.0,33.3,S
2021-07-15T10:29:07,100.0,33.3,S
2021-07-15T10:29:00,2000.0,33.3,S
2021-07-15T10:28:49,200.0,33.3,S
2021-07-15T10:28:49,100.0,33.3,S
2021-07-15T10:28:49,200.0,33.3,S
2021-07-15T10:28:41,500.0,33.3,S
2021-07-15T10:28:31,100.0,33.3,S
2021-07-15T10:28:07,10000.0,33.3,S
2021-07-15T10:27:43,4700.0,33.3,S
2021-07-15T10:27:43,600.0,33.3,S
2021-07-15T10:27:43,500.0,33.3,S
2021-07-15T10:27:43,2500.0,33.3,S
2021-07-15T10:27:43,700.0,33.3,S
2021-07-15T10:27:40,2000.0,33.3,S
2021-07-15T10:27:27,500.0,33.3,S
2021-07-15T10:27:18,500.0,33.3,S
2021-07-15T10:27:13,2000.0,33.3,S
2021-07-15T10:26:21,500.0,33.3,S
2021-07-15T10:26:21,2500.0,33.3,S
2021-07-15T10:26:13,500.0,33.3,S
2021-07-15T10:26:00,1000.0,33.3,S
2021-07-15T10:25:56,500.0,33.3,S
2021-07-15T10:25:56,500.0,33.3,S
2021-07-15T10:25:55,100.0,33.3,S
2021-07-15T10:25:49,900.0,33.3,S
2021-07-15T10:25:49,4100.0,33.3,S
2021-07-15T10:25:29,500.0,33.3,S
2021-07-15T10:25:13,2000.0,33.3,S
2021-07-15T10:25:02,500.0,33.3,S
2021-07-15T10:24:33,5000.0,33.3,S
2021-07-15T10:24:17,1400.0,33.3,S
2021-07-15T10:24:17,2300.0,33.3,S
2021-07-15T10:24:17,6300.0,33.3,S
2021-07-15T10:24:04,500.0,33.3,S
2021-07-15T10:23:48,1000.0,33.3,S
2021-07-15T10:23:29,500.0,33.35,B
2021-07-15T10:23:26,500.0,33.35,B
2021-07-15T10:23:25,100.0,33.35,B
2021-07-15T10:23:20,1000.0,33.35,B
2021-07-15T10:22:45,5000.0,33.35,B
2021-07-15T10:21:45,100.0,33.35,B
2021-07-15T10:21:41,1000.0,33.35,B
2021-07-15T10:21:34,900.0,33.35,B
2021-07-15T10:21:29,100.0,33.35,B
2021-07-15T10:20:39,1000.0,33.35,B
2021-07-15T10:20:38,200.0,33.35,B
2021-07-15T10:20:22,100.0,33.35,B
2021-07-15T10:20:11,300.0,33.35,B
2021-07-15T10:20:05,3000.0,33.3,S
2021-07-15T10:19:50,1000.0,33.3,S
2021-07-15T10:19:50,1000.0,33.35,B
2021-07-15T10:19:41,100.0,33.35,B
2021-07-15T10:19:41,900.0,33.35,B
2021-07-15T10:19:33,2900.0,33.3,S
2021-07-15T10:19:33,100.0,33.3,S
2021-07-15T10:19:32,300.0,33.35,B
2021-07-15T10:19:06,1300.0,33.35,B
2021-07-15T10:19:06,100.0,33.35,B
2021-07-15T10:18:26,200.0,33.35,B
2021-07-15T10:18:04,200.0,33.35,B
2021-07-15T10:17:51,400.0,33.3,B
2021-07-15T10:17:44,500.0,33.3,B
2021-07-15T10:17:25,2000.0,33.3,B
2021-07-15T10:17:21,10000.0,33.3,B
2021-07-15T10:17:06,200.0,33.3,B
2021-07-15T10:17:06,100.0,33.3,B
2021-07-15T10:17:03,1000.0,33.3,B
2021-07-15T10:16:45,200.0,33.3,B
2021-07-15T10:16:03,50000.0,33.3,B
2021-07-15T10:15:55,500.0,33.25,S
2021-07-15T10:15:55,1700.0,33.3,B
2021-07-15T10:15:53,2000.0,33.3,B
2021-07-15T10:15:34,1300.0,33.3,B
2021-07-15T10:15:10,100.0,33.3,B
2021-07-15T10:14:45,100.0,33.3,B
2021-07-15T10:14:32,2800.0,33.3,B
2021-07-15T10:13:59,1300.0,33.3,B
2021-07-15T10:12:58,1300.0,33.3,B
2021-07-15T10:12:57,600.0,33.25,S
2021-07-15T10:12:46,100.0,33.3,B
2021-07-15T10:11:59,1300.0,33.3,B
2021-07-15T10:11:48,1500.0,33.2,S
2021-07-15T10:11:25,300.0,33.2,S
2021-07-15T10:11:25,4700.0,33.2,S
2021-07-15T10:11:22,2000.0,33.3,B
2021-07-15T10:11:14,100.0,33.25,S
2021-07-15T10:11:13,400.0,33.3,B
2021-07-15T10:11:03,1300.0,33.3,B
2021-07-15T10:10:59,700.0,33.25,S
2021-07-15T10:10:59,10000.0,33.25,S
2021-07-15T10:10:53,200.0,33.25,S
2021-07-15T10:10:49,100.0,33.25,S
2021-07-15T10:10:46,1000.0,33.25,S
2021-07-15T10:10:42,1000.0,33.3,B
2021-07-15T10:10:35,7800.0,33.25,S
2021-07-15T10:10:35,2200.0,33.25,S
2021-07-15T10:10:29,300.0,33.25,S
2021-07-15T10:10:05,200.0,33.3,B
2021-07-15T10:09:48,200.0,33.3,B
2021-07-15T10:09:00,200.0,33.3,S
2021-07-15T10:08:14,1300.0,33.25,S
2021-07-15T10:08:11,2900.0,33.3,B
2021-07-15T10:08:05,8000.0,33.25,S
2021-07-15T10:08:04,12000.0,33.25,S
2021-07-15T10:07:29,100.0,33.3,B
2021-07-15T10:07:26,2800.0,33.3,S
2021-07-15T10:07:23,200.0,33.3,S
2021-07-15T10:07:21,2000.0,33.3,S
2021-07-15T10:07:17,200.0,33.35,B
2021-07-15T10:07:16,500.0,33.3,S
2021-07-15T10:07:15,4400.0,33.3,S
2021-07-15T10:07:15,600.0,33.3,S
2021-07-15T10:07:03,3000.0,33.3,S
2021-07-15T10:07:03,6600.0,33.3,S
2021-07-15T10:07:03,3200.0,33.3,S
2021-07-15T10:06:45,800.0,33.3,S
2021-07-15T10:06:45,4200.0,33.3,S
2021-07-15T10:06:38,2000.0,33.4,B
2021-07-15T10:06:36,1500.0,33.4,B
2021-07-15T10:06:34,100.0,33.3,S
2021-07-15T10:06:27,1000.0,33.4,B
2021-07-15T10:06:26,700.0,33.3,S
2021-07-15T10:06:26,600.0,33.3,S
2021-07-15T10:06:16,200.0,33.3,S
2021-07-15T10:06:09,4000.0,33.4,B
2021-07-15T10:06:06,5000.0,33.3,S
2021-07-15T10:05:59,100.0,33.3,S
2021-07-15T10:05:48,500.0,33.4,B
2021-07-15T10:05:42,1000.0,33.4,B
2021-07-15T10:05:19,3000.0,33.4,B
2021-07-15T10:05:19,100.0,33.4,B
2021-07-15T10:05:17,400.0,33.4,B
2021-07-15T10:05:16,100.0,33.4,B
2021-07-15T10:05:16,100.0,33.4,B
2021-07-15T10:05:11,1000.0,33.4,B
2021-07-15T10:05:10,100.0,33.4,B
2021-07-15T10:05:08,200.0,33.4,B
2021-07-15T10:05:02,300.0,33.4,B
2021-07-15T10:04:56,100.0,33.4,B
2021-07-15T10:04:51,700.0,33.4,S
2021-07-15T10:04:51,5700.0,33.4,S
2021-07-15T10:04:43,10000.0,33.4,S
2021-07-15T10:04:36,400.0,33.4,S
2021-07-15T10:04:18,1200.0,33.4,S
2021-07-15T10:04:14,100.0,33.4,S
2021-07-15T10:04:03,1000.0,33.5,B
2021-07-15T10:03:57,700.0,33.5,B
2021-07-15T10:03:51,200.0,33.5,B
2021-07-15T10:03:51,1600.0,33.5,B
2021-07-15T10:03:51,500.0,33.5,B
2021-07-15T10:03:51,10000.0,33.5,B
2021-07-15T10:03:51,7700.0,33.5,B
2021-07-15T10:03:51,1000.0,33.4,S
2021-07-15T10:03:47,3000.0,33.4,S
2021-07-15T10:03:42,3000.0,33.4,S
2021-07-15T10:03:22,2000.0,33.4,S
2021-07-15T10:03:21,2000.0,33.5,B
2021-07-15T10:03:21,300.0,33.4,S
2021-07-15T10:02:43,8500.0,33.4,S
2021-07-15T10:02:43,1500.0,33.4,S
2021-07-15T10:02:31,200.0,33.4,S
2021-07-15T10:02:27,200.0,33.45,S
2021-07-15T10:02:22,500.0,33.5,B
2021-07-15T10:01:57,700.0,33.4,S
2021-07-15T10:01:32,2000.0,33.4,S
2021-07-15T10:01:22,600.0,33.4,S
2021-07-15T10:01:14,47100.0,33.4,B
2021-07-15T10:00:22,2900.0,33.4,S
2021-07-15T10:00:20,30000.0,33.4,S
2021-07-15T10:00:15,500.0,33.5,B
2021-07-15T10:00:14,400.0,33.5,B
2021-07-15T10:00:10,200.0,33.5,B
2021-07-15T10:00:05,400.0,33.5,B
2021-07-15T10:00:00,100.0,33.4,S
2021-07-15T09:59:55,100.0,33.4,S
2021-07-15T09:59:55,500.0,33.5,B
2021-07-15T09:59:10,300.0,33.4,S
2021-07-15T09:59:09,2300.0,33.5,B
2021-07-15T09:59:05,1000.0,33.5,B
2021-07-15T09:58:59,100.0,33.5,B
2021-07-15T09:58:55,4400.0,33.5,S
2021-07-15T09:58:43,100.0,33.5,S
2021-07-15T09:58:41,1000.0,33.5,S
2021-07-15T09:58:34,1000.0,33.5,S
2021-07-15T09:58:25,200.0,33.5,S
2021-07-15T09:58:21,200.0,33.5,S
2021-07-15T09:58:09,500.0,33.5,S
2021-07-15T09:58:01,10400.0,33.5,B
2021-07-15T09:58:01,3800.0,33.5,B
2021-07-15T09:57:54,1100.0,33.5,B
2021-07-15T09:57:53,1200.0,33.5,B
2021-07-15T09:57:28,500.0,33.5,B
2021-07-15T09:57:28,600.0,33.5,B
2021-07-15T09:57:27,500.0,33.5,B
2021-07-15T09:57:23,200.0,33.4,S
2021-07-15T09:57:08,5000.0,33.4,S
2021-07-15T09:56:58,800.0,33.4,B
2021-07-15T09:56:58,2100.0,33.4,B
2021-07-15T09:56:58,200.0,33.4,B
2021-07-15T09:56:58,700.0,33.4,B
2021-07-15T09:56:58,600.0,33.4,B
2021-07-15T09:56:58,600.0,33.4,B
2021-07-15T09:56:58,600.0,33.4,B
2021-07-15T09:56:58,900.0,33.35,B
2021-07-15T09:56:58,600.0,33.35,B
2021-07-15T09:56:58,500.0,33.3,B
2021-07-15T09:56:58,1200.0,33.3,B
2021-07-15T09:56:58,800.0,33.3,B
2021-07-15T09:56:58,600.0,33.3,B
2021-07-15T09:56:58,2100.0,33.3,B
2021-07-15T09:56:58,100.0,33.3,B
2021-07-15T09:56:58,2100.0,33.3,B
2021-07-15T09:56:54,500.0,33.3,B
2021-07-15T09:56:35,100.0,33.25,B
2021-07-15T09:56:25,2000.0,33.25,B
2021-07-15T09:56:10,500.0,33.25,B
2021-07-15T09:56:05,1800.0,33.2,S
2021-07-15T09:56:04,100.0,33.2,S
2021-07-15T09:55:59,300.0,33.25,B
2021-07-15T09:55:57,1800.0,33.2,S
2021-07-15T09:55:56,500.0,33.25,B
2021-07-15T09:55:43,1800.0,33.2,S
2021-07-15T09:55:41,100.0,33.25,B
2021-07-15T09:55:34,1800.0,33.2,S
2021-07-15T09:55:28,1500.0,33.25,S
2021-07-15T09:55:26,1800.0,33.25,S
2021-07-15T09:55:17,1800.0,33.25,S
2021-07-15T09:55:15,4900.0,33.25,S
2021-07-15T09:55:14,100.0,33.25,B
2021-07-15T09:55:09,1800.0,33.2,S
2021-07-15T09:55:01,100.0,33.25,B
2021-07-15T09:55:00,1800.0,33.2,S
2021-07-15T09:54:55,9900.0,33.25,B
2021-07-15T09:54:53,400.0,33.2,S
2021-07-15T09:54:53,800.0,33.2,S
2021-07-15T09:54:53,600.0,33.2,S
2021-07-15T09:54:52,400.0,33.25,B
2021-07-15T09:54:47,1500.0,33.25,B
2021-07-15T09:54:46,20000.0,33.25,B
2021-07-15T09:54:42,1800.0,33.2,S
2021-07-15T09:54:41,1000.0,33.25,B
2021-07-15T09:54:37,300.0,33.25,B
2021-07-15T09:54:34,100.0,33.25,B
2021-07-15T09:54:34,1800.0,33.2,S
2021-07-15T09:54:26,3000.0,33.25,B
2021-07-15T09:54:26,1800.0,33.15,S
2021-07-15T09:54:17,200.0,33.15,S
2021-07-15T09:54:16,1600.0,33.15,S
2021-07-15T09:54:09,1800.0,33.15,S
2021-07-15T09:54:04,400.0,33.25,B
2021-07-15T09:54:00,1700.0,33.2,S
2021-07-15T09:53:53,1800.0,33.2,S
2021-07-15T09:53:49,200.0,33.2,S
2021-07-15T09:53:49,4800.0,33.2,S
2021-07-15T09:53:48,4000.0,33.25,B
2021-07-15T09:53:44,1800.0,33.2,S
2021-07-15T09:53:00,300.0,33.2,S
2021-07-15T09:52:57,4000.0,33.25,B
2021-07-15T09:52:54,5000.0,33.2,S
2021-07-15T09:52:17,100.0,33.2,S
2021-07-15T09:52:09,500.0,33.25,S
2021-07-15T09:52:07,300.0,33.3,B
2021-07-15T09:52:00,5000.0,33.3,B
2021-07-15T09:51:47,19000.0,33.3,B
2021-07-15T09:51:34,3000.0,33.3,B
2021-07-15T09:51:32,1300.0,33.25,B
2021-07-15T09:50:54,2500.0,33.2,S
2021-07-15T09:50:46,500.0,33.2,S
2021-07-15T09:50:45,700.0,33.2,S
2021-07-15T09:50:37,100.0,33.2,B
2021-07-15T09:50:23,1300.0,33.2,B
2021-07-15T09:49:48,300.0,33.15,B
2021-07-15T09:49:35,100.0,33.15,B
2021-07-15T09:49:35,100.0,33.15,B
2021-07-15T09:49:35,800.0,33.15,B
2021-07-15T09:48:51,500.0,33.15,B
2021-07-15T09:48:42,1300.0,33.15,B
2021-07-15T09:48:40,2000.0,33.15,B
2021-07-15T09:47:45,100.0,33.1,S
2021-07-15T09:47:28,1300.0,33.15,B
2021-07-15T09:46:37,400.0,33.15,B
2021-07-15T09:46:36,1300.0,33.15,B
2021-07-15T09:46:12,100.0,33.15,B
2021-07-15T09:45:51,100.0,33.15,B
2021-07-15T09:45:23,300.0,33.1,S
2021-07-15T09:44:48,2700.0,33.0,S
2021-07-15T09:44:48,2500.0,33.0,S
2021-07-15T09:44:48,200.0,33.0,S
2021-07-15T09:44:48,300.0,33.0,S
2021-07-15T09:44:48,1000.0,33.0,S
2021-07-15T09:44:48,3000.0,33.0,S
2021-07-15T09:44:48,8500.0,33.0,S
2021-07-15T09:44:48,3400.0,33.05,S
2021-07-15T09:44:48,800.0,33.05,S
2021-07-15T09:44:48,400.0,33.1,S
2021-07-15T09:44:48,100.0,33.1,S
2021-07-15T09:44:48,17100.0,33.1,S
2021-07-15T09:44:35,500.0,33.15,B
2021-07-15T09:44:17,3000.0,33.1,S
2021-07-15T09:43:54,100.0,33.15,B
2021-07-15T09:43:53,1700.0,33.1,S
2021-07-15T09:43:43,100.0,33.15,B
2021-07-15T09:43:13,400.0,33.15,B
2021-07-15T09:42:47,100.0,33.1,S
2021-07-15T09:42:03,100.0,33.1,S
2021-07-15T09:41:50,300.0,33.15,B
2021-07-15T09:41:35,1000.0,33.15,B
2021-07-15T09:41:20,200.0,33.15,B
2021-07-15T09:41:20,2000.0,33.1,S
2021-07-15T09:41:03,3600.0,33.2,S
2021-07-15T09:40:58,400.0,33.2,S
2021-07-15T09:40:50,300.0,33.2,S
2021-07-15T09:40:44,700.0,33.2,B
2021-07-15T09:40:43,300.0,33.1,S
2021-07-15T09:40:40,2000.0,33.2,B
2021-07-15T09:40:35,7400.0,33.1,S
2021-07-15T09:40:35,2000.0,33.1,S
2021-07-15T09:40:35,4900.0,33.1,S
2021-07-15T09:39:50,3000.0,33.1,S
2021-07-15T09:39:20,200.0,33.1,S
2021-07-15T09:38:49,2200.0,33.1,S
2021-07-15T09:38:38,200.0,33.1,S
2021-07-15T09:38:28,500.0,33.1,S
2021-07-15T09:38:02,3000.0,33.1,S
2021-07-15T09:38:00,2200.0,33.1,S
2021-07-15T09:37:10,3300.0,33.1,B
2021-07-15T09:37:05,1000.0,33.1,B
2021-07-15T09:37:00,1700.0,33.1,S
2021-07-15T09:36:36,5200.0,33.1,B
2021-07-15T09:36:09,20000.0,33.1,B
2021-07-15T09:35:58,1000.0,33.05,S
2021-07-15T09:35:58,600.0,33.1,B
2021-07-15T09:35:51,300.0,33.1,B
2021-07-15T09:35:45,20000.0,33.1,B
2021-07-15T09:35:35,2200.0,33.05,S
2021-07-15T09:35:29,2000.0,33.1,B
2021-07-15T09:35:27,600.0,33.1,B
2021-07-15T09:35:26,800.0,33.1,B
2021-07-15T09:35:25,1000.0,33.1,S
2021-07-15T09:35:25,22100.0,33.1,S
2021-07-15T09:35:25,500.0,33.1,S
2021-07-15T09:35:25,2500.0,33.1,S
2021-07-15T09:35:25,1200.0,33.15,S
2021-07-15T09:35:25,3200.0,33.15,S
2021-07-15T09:35:19,100.0,33.2,B
2021-07-15T09:35:11,200.0,33.15,S
2021-07-15T09:35:06,100.0,33.2,B
2021-07-15T09:34:52,300.0,33.15,S
2021-07-15T09:34:28,5000.0,33.15,S
2021-07-15T09:34:28,900.0,33.2,B
2021-07-15T09:34:27,300.0,33.2,B
2021-07-15T09:34:15,1000.0,33.15,S
2021-07-15T09:34:07,2000.0,33.2,B
2021-07-15T09:33:53,1000.0,33.15,S
2021-07-15T09:33:22,2600.0,33.15,B
2021-07-15T09:33:00,200.0,33.1,B
2021-07-15T09:33:00,3700.0,33.1,B
2021-07-15T09:33:00,200.0,33.1,B
2021-07-15T09:32:58,100.0,33.1,B
2021-07-15T09:32:45,200.0,33.1,B
2021-07-15T09:32:44,100.0,33.05,S
2021-07-15T09:32:27,100.0,33.1,B
2021-07-15T09:32:21,10000.0,33.1,B
2021-07-15T09:32:17,500.0,33.1,B
2021-07-15T09:32:12,100.0,33.1,B
2021-07-15T09:32:06,2600.0,33.0,S
2021-07-15T09:32:04,100.0,33.0,S
2021-07-15T09:32:04,1200.0,33.0,S
2021-07-15T09:32:04,700.0,33.0,S
2021-07-15T09:32:04,19000.0,33.0,S
2021-07-15T09:32:04,10900.0,33.0,S
2021-07-15T09:32:04,3200.0,33.05,S
2021-07-15T09:32:04,2300.0,33.05,S
2021-07-15T09:32:04,3000.0,33.1,B
2021-07-15T09:31:54,1300.0,33.1,B
2021-07-15T09:31:23,2500.0,33.1,B
2021-07-15T09:31:10,2800.0,33.1,B
2021-07-15T09:30:56,100.0,33.1,B
2021-07-15T09:30:55,10000.0,33.1,B
2021-07-15T09:30:12,16700.0,33.1,S
2021-07-15T09:30:12,3000.0,33.1,S
2021-07-15T09:30:09,200.0,33.15,B
2021-07-15T09:29:59,1300.0,33.1,S
2021-07-15T09:29:48,1300.0,33.15,S
2021-07-15T09:29:45,500.0,33.15,S
2021-07-15T09:29:42,500.0,33.15,S
2021-07-15T09:29:38,1200.0,33.15,S
2021-07-15T09:29:35,2100.0,33.15,S
2021-07-15T09:29:29,500.0,33.15,S
2021-07-15T09:29:27,300.0,33.15,S
2021-07-15T09:29:23,1200.0,33.15,S
2021-07-15T09:28:53,1100.0,33.15,S
2021-07-15T09:28:50,1300.0,33.15,S
2021-07-15T09:28:50,600.0,33.2,B
2021-07-15T09:28:50,1300.0,33.15,S
2021-07-15T09:28:32,1000.0,33.15,S
2021-07-15T09:28:15,1300.0,33.15,S
2021-07-15T09:28:01,2600.0,33.2,S
2021-07-15T09:27:59,2000.0,33.2,S
2021-07-15T09:27:55,300.0,33.2,S
2021-07-15T09:27:50,100.0,33.2,S
2021-07-15T09:27:48,200.0,33.2,S
2021-07-15T09:27:45,100.0,33.2,S
2021-07-15T09:27:39,800.0,33.2,S
2021-07-15T09:27:39,600.0,33.2,S
2021-07-15T09:27:39,1200.0,33.2,S
2021-07-15T09:27:38,1300.0,33.2,S
2021-07-15T09:27:35,1000.0,33.2,S
2021-07-15T09:27:25,300.0,33.2,S
2021-07-15T09:27:14,1500.0,33.2,S
2021-07-15T09:27:10,600.0,33.2,S
2021-07-15T09:27:09,200.0,33.2,S
2021-07-15T09:27:08,200.0,33.2,S
2021-07-15T09:27:08,1000.0,33.2,S
2021-07-15T09:27:00,100.0,33.2,S
2021-07-15T09:27:00,5000.0,33.2,S
2021-07-15T09:27:00,1000.0,33.25,S
2021-07-15T09:27:00,1000.0,33.25,B
2021-07-15T09:26:49,1300.0,33.2,S
2021-07-15T09:26:29,600.0,33.2,S
2021-07-15T09:26:22,300.0,33.2,S
2021-07-15T09:26:20,500.0,33.25,B
2021-07-15T09:26:19,1000.0,33.2,S
2021-07-15T09:26:18,1000.0,33.2,S
2021-07-15T09:25:54,2400.0,33.2,S
2021-07-15T09:25:54,2600.0,33.2,S
2021-07-15T09:25:47,700.0,33.2,S
2021-07-15T09:25:45,200.0,33.25,S
2021-07-15T09:25:45,800.0,33.25,S
2021-07-15T09:25:24,2400.0,33.25,S
2021-07-15T09:25:08,500.0,33.25,S
2021-07-15T09:25:07,400.0,33.3,B
2021-07-15T09:24:52,300.0,33.25,S
2021-07-15T09:24:35,10000.0,33.3,B
2021-07-15T09:24:35,1000.0,33.2,S
2021-07-15T09:24:31,100.0,33.25,S
2021-07-15T09:24:21,200.0,33.25,S
2021-07-15T09:23:56,1000.0,33.2,S
2021-07-15T09:23:43,100.0,33.2,S
2021-07-15T09:23:25,100.0,33.2,S
2021-07-15T09:23:20,2000.0,33.2,S
2021-07-15T09:23:19,2200.0,33.2,S
2021-07-15T09:23:18,800.0,33.2,S
2021-07-15T09:23:03,500.0,33.2,B
2021-07-15T09:22:57,900.0,33.2,B
2021-07-15T09:22:55,8000.0,33.15,S
2021-07-15T09:22:50,200.0,33.2,B
2021-07-15T09:22:49,2200.0,33.15,S
2021-07-15T09:22:39,200.0,33.3,B
2021-07-15T09:22:36,1000.0,33.2,S
2021-07-15T09:22:33,2000.0,33.3,B
2021-07-15T09:22:26,200.0,33.15,S
2021-07-15T09:22:14,300.0,33.15,S
2021-07-15T09:22:10,100.0,33.15,S
2021-07-15T09:22:02,1000.0,33.2,S
2021-07-15T09:21:53,1300.0,33.15,S
2021-07-15T09:21:50,2200.0,33.1,S
2021-07-15T09:21:50,800.0,33.1,S
2021-07-15T09:21:50,1000.0,33.2,S
2021-07-15T09:21:38,1800.0,33.1,S
2021-07-15T09:21:34,2200.0,33.1,S
2021-07-15T09:21:30,10000.0,33.3,B
2021-07-15T09:21:29,800.0,33.2,B
2021-07-15T09:21:28,1800.0,33.1,S
2021-07-15T09:21:28,1500.0,33.1,S
2021-07-15T09:21:20,200.0,33.2,S
2021-07-15T09:21:13,2200.0,33.1,S
2021-07-15T09:20:58,2200.0,33.1,S
2021-07-15T09:20:49,1700.0,33.1,S
2021-07-15T09:20:45,100.0,33.4,S
2021-07-15T09:20:38,2700.0,33.4,S
2021-07-15T09:20:36,1600.0,33.1,S
2021-07-15T09:20:31,1000.0,33.2,S
2021-07-15T09:20:28,100.0,33.4,B
2021-07-15T09:20:25,2000.0,33.2,S
2021-07-15T09:20:22,2200.0,33.2,S
2021-07-15T09:20:16,1400.0,33.2,S
2021-07-15T09:20:16,200.0,33.2,S
2021-07-15T09:20:13,200.0,33.4,B
2021-07-15T09:19:54,100.0,33.4,B
2021-07-15T09:19:30,200.0,33.2,S
2021-07-15T09:19:28,600.0,33.2,S
2021-07-15T09:19:24,100.0,33.1,S
2021-07-15T09:19:18,900.0,33.1,B
2021-07-15T09:19:04,900.0,33.0,B
2021-07-15T09:18:54,600.0,33.1,S
2021-07-15T09:18:53,1400.0,33.1,B
2021-07-15T09:18:53,2500.0,33.1,B
2021-07-15T09:18:53,200.0,33.1,B
2021-07-15T09:18:53,5300.0,33.0,B
2021-07-15T09:18:52,1900.0,32.95,B
2021-07-15T09:18:34,100.0,32.95,B
2021-07-15T09:18:32,3000.0,32.8,S
2021-07-15T09:18:31,100.0,32.9,S
2021-07-15T09:18:23,1100.0,33.0,B
2021-07-15T09:18:23,200.0,32.95,B
2021-07-15T09:18:16,1800.0,32.95,S
2021-07-15T09:18:10,7100.0,32.95,S
2021-07-15T09:18:08,100.0,32.95,S
2021-07-15T09:18:05,800.0,32.95,B
2021-07-15T09:18:05,200.0,32.9,B
2021-07-15T09:17:59,20000.0,32.8,S
2021-07-15T09:17:58,100.0,32.9,S
2021-07-15T09:17:54,100.0,32.9,S
2021-07-15T09:17:53,100.0,32.95,B
2021-07-15T09:17:51,1700.0,32.9,S
