tradingTime,volume,price,side
2021-07-15T14:29:38,100.0,9.9,B
2021-07-15T14:28:56,200.0,9.9,B
2021-07-15T14:28:16,4900.0,9.9,S
2021-07-15T14:28:16,100.0,9.95,S
2021-07-15T14:25:48,100.0,9.99,B
2021-07-15T14:23:05,4700.0,9.99,S
2021-07-15T14:22:02,1000.0,10.0,B
2021-07-15T14:20:21,1000.0,9.99,S
2021-07-15T14:20:20,4400.0,9.99,B
2021-07-15T14:17:56,12000.0,9.9,S
2021-07-15T14:16:38,600.0,9.9,S
2021-07-15T14:15:23,4400.0,9.9,S
2021-07-15T14:15:16,500.0,9.99,B
2021-07-15T14:13:33,100.0,9.99,B
2021-07-15T14:13:12,200.0,9.98,S
2021-07-15T14:12:49,4300.0,9.98,S
2021-07-15T14:12:49,700.0,9.99,S
2021-07-15T14:10:59,5000.0,9.99,S
2021-07-15T14:10:12,500.0,10.0,B
2021-07-15T14:10:02,200.0,10.0,B
2021-07-15T14:09:32,100.0,10.0,B
2021-07-15T14:09:10,10000.0,10.0,S
2021-07-15T14:09:10,300.0,10.0,S
2021-07-15T14:09:10,400.0,10.0,S
2021-07-15T14:09:10,34100.0,10.0,S
2021-07-15T14:09:04,2000.0,10.0,S
2021-07-15T14:09:01,200.0,10.0,S
2021-07-15T14:08:53,1300.0,10.05,B
2021-07-15T14:08:29,20000.0,10.0,S
2021-07-15T14:08:16,1000.0,10.15,S
2021-07-15T14:08:13,100.0,10.15,S
2021-07-15T14:07:59,2300.0,10.15,B
2021-07-15T14:07:56,10000.0,10.05,S
2021-07-15T14:07:37,1000.0,10.15,B
2021-07-15T14:07:20,100.0,10.1,S
2021-07-15T14:07:14,1000.0,10.1,S
2021-07-15T14:06:56,200.0,10.1,B
2021-07-15T14:06:56,300.0,10.1,B
2021-07-15T14:06:20,100.0,10.1,B
2021-07-15T14:06:17,1700.0,10.1,S
2021-07-15T14:05:48,100.0,10.1,B
2021-07-15T14:05:48,200.0,10.1,B
2021-07-15T14:05:04,1000.0,10.1,B
2021-07-15T14:05:03,100.0,10.1,B
2021-07-15T14:04:48,200.0,10.1,B
2021-07-15T14:04:34,2500.0,10.1,S
2021-07-15T14:04:30,1700.0,10.15,B
2021-07-15T14:04:23,1000.0,10.15,B
2021-07-15T14:04:01,100.0,10.15,B
2021-07-15T14:03:53,100.0,10.1,S
2021-07-15T14:03:50,3600.0,10.1,B
2021-07-15T14:03:32,1000.0,10.1,B
2021-07-15T14:03:00,2000.0,10.1,B
2021-07-15T14:02:39,1000.0,10.05,B
2021-07-15T14:02:18,1000.0,10.0,S
2021-07-15T14:02:13,10600.0,10.0,B
2021-07-15T14:02:06,2000.0,10.0,B
2021-07-15T14:01:48,1700.0,10.0,B
2021-07-15T14:01:48,3300.0,10.0,B
2021-07-15T14:01:48,300.0,10.0,B
2021-07-15T14:01:48,1500.0,10.0,B
2021-07-15T14:01:48,8200.0,10.0,B
2021-07-15T14:01:47,500.0,10.0,B
2021-07-15T14:01:36,10000.0,10.0,B
2021-07-15T14:01:24,1500.0,10.0,B
2021-07-15T13:59:38,1000.0,10.0,B
2021-07-15T13:59:25,100.0,9.99,B
2021-07-15T13:59:15,10000.0,10.0,B
2021-07-15T13:59:13,2000.0,9.99,B
2021-07-15T13:59:07,2000.0,9.99,B
2021-07-15T13:58:40,5000.0,9.99,B
2021-07-15T13:58:28,2000.0,9.99,B
2021-07-15T13:58:15,2900.0,9.98,B
2021-07-15T13:58:11,5000.0,9.98,B
2021-07-15T13:57:53,1700.0,9.98,B
2021-07-15T13:57:47,4100.0,9.98,B
2021-07-15T13:57:45,500.0,9.98,B
2021-07-15T13:57:36,500.0,9.95,S
2021-07-15T13:57:30,200.0,9.95,B
2021-07-15T13:57:20,8100.0,9.95,B
2021-07-15T13:56:51,5000.0,9.95,B
2021-07-15T13:56:23,1000.0,9.95,B
2021-07-15T13:56:05,1200.0,9.9,B
2021-07-15T13:56:01,1000.0,9.9,B
2021-07-15T13:55:56,10000.0,9.9,B
2021-07-15T13:55:25,10000.0,9.9,B
2021-07-15T13:55:15,100.0,9.9,B
2021-07-15T13:55:11,5000.0,9.9,B
2021-07-15T13:55:06,100.0,9.9,B
2021-07-15T13:55:01,10000.0,9.9,B
2021-07-15T13:54:18,500.0,9.9,B
2021-07-15T13:54:17,1000.0,9.9,B
2021-07-15T13:54:08,900.0,9.9,B
2021-07-15T13:53:21,200.0,9.9,B
2021-07-15T13:53:10,600.0,9.9,B
2021-07-15T13:53:02,900.0,9.9,B
2021-07-15T13:52:40,200.0,9.9,B
2021-07-15T13:52:29,500.0,9.9,B
2021-07-15T13:52:12,1000.0,9.9,B
2021-07-15T13:51:52,4900.0,9.9,B
2021-07-15T13:51:52,30600.0,9.9,B
2021-07-15T13:51:51,1000.0,9.9,B
2021-07-15T13:51:40,2000.0,9.9,B
2021-07-15T13:51:14,10000.0,9.9,B
2021-07-15T13:51:07,10000.0,9.9,B
2021-07-15T13:51:00,3700.0,9.9,B
2021-07-15T13:50:23,1200.0,9.9,B
2021-07-15T13:50:14,1300.0,9.9,B
2021-07-15T13:50:07,1200.0,9.9,B
2021-07-15T13:49:58,100.0,9.9,B
2021-07-15T13:49:27,500.0,9.89,S
2021-07-15T13:49:24,9800.0,9.9,B
2021-07-15T13:48:00,2200.0,9.89,B
2021-07-15T13:47:34,2000.0,9.89,B
2021-07-15T13:47:24,3600.0,9.89,B
2021-07-15T13:47:14,1000.0,9.89,B
2021-07-15T13:46:49,3000.0,9.89,B
2021-07-15T13:46:38,1000.0,9.89,B
2021-07-15T13:46:15,3000.0,9.89,B
2021-07-15T13:45:57,1000.0,9.89,B
2021-07-15T13:44:45,400.0,9.87,B
2021-07-15T13:44:45,100.0,9.87,B
2021-07-15T13:44:38,1200.0,9.87,B
2021-07-15T13:44:27,1200.0,9.87,B
2021-07-15T13:44:23,3300.0,9.87,B
2021-07-15T13:44:13,2000.0,9.87,B
2021-07-15T13:44:07,900.0,9.87,B
2021-07-15T13:43:57,1000.0,9.87,B
2021-07-15T13:43:44,5000.0,9.87,S
2021-07-15T13:42:56,2200.0,9.86,B
2021-07-15T13:42:46,2000.0,9.86,B
2021-07-15T13:42:28,5000.0,9.86,B
2021-07-15T13:42:09,200.0,9.83,B
2021-07-15T13:41:08,1900.0,9.82,B
2021-07-15T13:40:44,2000.0,9.82,B
2021-07-15T13:40:39,1000.0,9.82,B
2021-07-15T13:39:56,1100.0,9.8,B
2021-07-15T13:39:56,400.0,9.8,B
2021-07-15T13:39:56,1000.0,9.8,B
2021-07-15T13:39:27,5000.0,9.8,B
2021-07-15T13:38:42,3100.0,9.79,B
2021-07-15T13:38:23,100.0,9.79,B
2021-07-15T13:37:20,500.0,9.79,B
2021-07-15T13:36:46,1000.0,9.79,B
2021-07-15T13:36:32,400.0,9.79,B
2021-07-15T13:36:21,200.0,9.79,B
2021-07-15T13:34:46,1600.0,9.78,S
2021-07-15T13:34:28,1300.0,9.78,S
2021-07-15T13:30:49,200.0,9.78,S
2021-07-15T13:29:23,1000.0,9.78,S
2021-07-15T13:28:45,1200.0,9.78,S
2021-07-15T13:28:19,500.0,9.79,B
2021-07-15T13:27:58,10000.0,9.79,B
2021-07-15T13:27:38,200.0,9.79,B
2021-07-15T13:26:33,10000.0,9.79,B
2021-07-15T13:24:23,2000.0,9.8,B
2021-07-15T13:24:23,700.0,9.8,B
2021-07-15T13:24:06,5000.0,9.79,B
2021-07-15T13:23:03,3500.0,9.78,S
2021-07-15T13:20:55,100.0,9.78,B
2021-07-15T13:19:58,400.0,9.75,S
2021-07-15T13:19:54,100.0,9.75,B
2021-07-15T13:19:37,1400.0,9.74,B
2021-07-15T13:19:34,100.0,9.74,B
2021-07-15T13:19:15,300.0,9.74,B
2021-07-15T13:19:06,300.0,9.74,B
2021-07-15T13:18:49,500.0,9.74,B
2021-07-15T13:17:39,400.0,9.74,S
2021-07-15T13:16:29,100.0,9.75,B
2021-07-15T13:15:28,600.0,9.75,B
2021-07-15T13:15:27,100.0,9.75,B
2021-07-15T13:15:26,500.0,9.75,B
2021-07-15T13:15:19,10000.0,9.75,B
2021-07-15T13:15:09,1000.0,9.75,B
2021-07-15T13:13:51,100.0,9.75,B
2021-07-15T13:13:05,2000.0,9.75,B
2021-07-15T13:12:55,5000.0,9.75,B
2021-07-15T13:12:45,3500.0,9.75,S
2021-07-15T13:12:34,2900.0,9.75,S
2021-07-15T13:12:34,3800.0,9.75,S
2021-07-15T13:12:34,1100.0,9.75,S
2021-07-15T13:11:39,300.0,9.75,S
2021-07-15T13:11:12,100.0,9.76,S
2021-07-15T13:11:12,200.0,9.76,S
2021-07-15T13:11:12,800.0,9.76,S
2021-07-15T13:11:01,7500.0,9.76,S
2021-07-15T13:10:58,1000.0,9.77,B
2021-07-15T13:10:39,200.0,9.77,S
2021-07-15T13:09:12,100.0,9.77,S
2021-07-15T13:08:41,100.0,9.78,B
2021-07-15T13:07:15,2900.0,9.78,S
2021-07-15T13:05:33,2100.0,9.78,B
2021-07-15T13:01:03,11400.0,9.78,B
2021-07-15T13:00:04,100.0,9.78,B
2021-07-15T13:00:02,200.0,9.77,S
2021-07-15T11:30:01,100.0,9.78,B
2021-07-15T11:28:14,500.0,9.78,B
2021-07-15T11:27:46,5800.0,9.78,B
2021-07-15T11:27:06,400.0,9.78,S
2021-07-15T11:18:53,100.0,9.8,B
2021-07-15T11:17:45,1500.0,9.79,B
2021-07-15T11:16:35,200.0,9.79,B
2021-07-15T11:14:30,2900.0,9.79,B
2021-07-15T11:14:15,100.0,9.79,B
2021-07-15T11:14:01,500.0,9.79,B
2021-07-15T11:12:06,100.0,9.79,B
2021-07-15T11:11:18,800.0,9.78,B
2021-07-15T11:10:14,1000.0,9.78,B
2021-07-15T11:09:34,200.0,9.78,B
2021-07-15T11:06:14,3800.0,9.78,S
2021-07-15T11:00:08,1200.0,9.78,S
2021-07-15T10:59:52,500.0,9.8,B
2021-07-15T10:50:18,500.0,9.8,B
2021-07-15T10:45:55,2000.0,9.8,B
2021-07-15T10:44:37,4400.0,9.8,S
2021-07-15T10:44:17,10000.0,9.8,S
2021-07-15T10:43:46,300.0,9.81,S
2021-07-15T10:43:39,2300.0,9.81,S
2021-07-15T10:43:32,700.0,9.81,S
2021-07-15T10:43:20,1200.0,9.81,S
2021-07-15T10:43:11,200.0,9.81,S
2021-07-15T10:38:41,700.0,9.81,S
2021-07-15T10:38:41,300.0,9.81,S
2021-07-15T10:36:33,10000.0,9.83,S
2021-07-15T10:36:23,100.0,9.83,S
2021-07-15T10:33:19,3500.0,9.84,B
2021-07-15T10:32:25,1300.0,9.85,S
2021-07-15T10:30:15,11000.0,9.86,B
2021-07-15T10:28:12,1000.0,9.89,B
2021-07-15T10:27:21,100.0,9.88,B
2021-07-15T10:26:17,10000.0,9.88,B
2021-07-15T10:25:56,400.0,9.88,B
2021-07-15T10:22:18,300.0,9.88,B
2021-07-15T10:21:00,700.0,9.88,S
2021-07-15T10:20:33,100.0,9.88,S
2021-07-15T10:19:49,1000.0,9.88,S
2021-07-15T10:17:17,200.0,9.88,S
2021-07-15T10:17:04,100.0,9.89,B
2021-07-15T10:13:10,100.0,9.89,B
2021-07-15T10:10:46,500.0,9.89,B
2021-07-15T10:10:12,500.0,9.89,B
2021-07-15T10:08:22,100.0,9.89,B
2021-07-15T10:07:26,100.0,9.85,S
2021-07-15T10:06:31,2600.0,9.89,B
2021-07-15T10:03:06,4800.0,9.89,S
2021-07-15T10:02:25,5200.0,9.89,S
2021-07-15T10:00:17,4900.0,9.89,S
2021-07-15T09:57:56,1000.0,9.89,B
2021-07-15T09:57:32,200.0,9.89,B
2021-07-15T09:55:01,100.0,9.9,B
2021-07-15T09:53:25,10000.0,9.9,B
2021-07-15T09:51:40,8000.0,9.9,B
2021-07-15T09:51:01,5000.0,9.9,B
2021-07-15T09:50:54,5000.0,9.9,B
2021-07-15T09:50:19,600.0,9.9,B
2021-07-15T09:50:11,600.0,9.9,B
2021-07-15T09:49:58,5400.0,9.9,B
2021-07-15T09:49:50,5400.0,9.9,B
2021-07-15T09:45:41,5000.0,9.8,B
2021-07-15T09:44:09,5000.0,9.8,S
2021-07-15T09:40:34,100.0,9.8,B
2021-07-15T09:40:15,5000.0,9.8,B
2021-07-15T09:39:54,5000.0,9.8,B
2021-07-15T09:37:10,200.0,9.8,B
2021-07-15T09:35:40,1800.0,9.75,S
2021-07-15T09:34:48,500.0,9.75,S
2021-07-15T09:32:56,4200.0,9.8,S
2021-07-15T09:32:56,5000.0,9.8,S
2021-07-15T09:32:55,500.0,9.8,S
2021-07-15T09:32:28,2900.0,9.8,S
2021-07-15T09:31:46,1700.0,9.8,B
2021-07-15T09:31:39,2900.0,9.8,B
2021-07-15T09:31:31,5000.0,9.8,B
2021-07-15T09:30:07,400.0,9.75,S
2021-07-15T09:28:03,2100.0,9.75,S
2021-07-15T09:27:59,400.0,9.8,S
2021-07-15T09:27:22,1000.0,9.8,S
2021-07-15T09:26:40,5700.0,9.8,S
2021-07-15T09:23:34,400.0,9.9,B
2021-07-15T09:20:53,5000.0,9.9,B
2021-07-15T09:20:53,200.0,9.9,B
2021-07-15T09:19:52,100.0,9.8,B
2021-07-15T09:19:52,100.0,9.8,B
2021-07-15T09:19:52,4400.0,9.8,B
