tradingTime,volume,price,side
2021-07-15T14:29:54,2100.0,52.8,S
2021-07-15T14:29:52,500.0,52.8,S
2021-07-15T14:29:51,300.0,52.8,S
2021-07-15T14:29:46,200.0,52.8,S
2021-07-15T14:29:45,2500.0,52.8,B
2021-07-15T14:29:40,100.0,52.8,B
2021-07-15T14:29:20,500.0,52.8,B
2021-07-15T14:29:20,100.0,52.8,B
2021-07-15T14:29:18,200.0,52.8,B
2021-07-15T14:29:18,2600.0,52.8,S
2021-07-15T14:29:17,2400.0,52.8,B
2021-07-15T14:29:11,100.0,52.8,B
2021-07-15T14:29:00,300.0,52.7,S
2021-07-15T14:28:57,100.0,52.8,S
2021-07-15T14:28:56,400.0,52.8,S
2021-07-15T14:28:48,100.0,52.8,S
2021-07-15T14:28:45,100.0,52.8,S
2021-07-15T14:28:40,2500.0,52.8,B
2021-07-15T14:28:04,2500.0,52.8,S
2021-07-15T14:27:55,1300.0,52.8,B
2021-07-15T14:27:55,2700.0,52.8,S
2021-07-15T14:27:53,100.0,52.8,S
2021-07-15T14:27:51,300.0,52.9,B
2021-07-15T14:27:50,100.0,52.8,S
2021-07-15T14:27:46,800.0,52.8,S
2021-07-15T14:27:34,1500.0,52.8,B
2021-07-15T14:27:25,4000.0,52.7,S
2021-07-15T14:26:58,3900.0,52.8,B
2021-07-15T14:26:54,100.0,52.8,B
2021-07-15T14:26:34,300.0,52.7,S
2021-07-15T14:26:34,700.0,52.7,S
2021-07-15T14:26:17,2900.0,52.8,S
2021-07-15T14:26:09,100.0,52.8,S
2021-07-15T14:26:00,1500.0,52.7,S
2021-07-15T14:25:49,1000.0,52.8,S
2021-07-15T14:25:48,9000.0,52.9,B
2021-07-15T14:25:48,1000.0,52.8,S
2021-07-15T14:25:46,200.0,52.8,S
2021-07-15T14:25:36,100.0,52.8,S
2021-07-15T14:25:31,100.0,52.8,S
2021-07-15T14:25:25,12700.0,52.8,B
2021-07-15T14:24:56,2000.0,52.7,S
2021-07-15T14:24:04,500.0,52.8,B
2021-07-15T14:23:45,2000.0,52.7,S
2021-07-15T14:23:36,100.0,52.7,B
2021-07-15T14:23:36,300.0,52.7,B
2021-07-15T14:23:36,2800.0,52.7,B
2021-07-15T14:23:36,1400.0,52.7,B
2021-07-15T14:23:36,10500.0,52.7,B
2021-07-15T14:23:36,1000.0,52.6,S
2021-07-15T14:23:12,100.0,52.6,S
2021-07-15T14:23:12,100.0,52.6,S
2021-07-15T14:22:56,1000.0,52.6,S
2021-07-15T14:22:51,1000.0,52.7,B
2021-07-15T14:22:41,500.0,52.7,B
2021-07-15T14:22:33,1500.0,52.6,S
2021-07-15T14:22:33,100.0,52.6,S
2021-07-15T14:22:29,400.0,52.6,S
2021-07-15T14:22:08,16300.0,52.6,B
2021-07-15T14:22:00,500.0,52.5,S
2021-07-15T14:21:54,500.0,52.5,B
2021-07-15T14:21:54,2100.0,52.5,B
2021-07-15T14:21:54,6900.0,52.5,B
2021-07-15T14:21:42,200.0,52.5,B
2021-07-15T14:20:32,600.0,52.3,S
2021-07-15T14:20:17,1000.0,52.3,S
2021-07-15T14:20:06,1000.0,52.5,B
2021-07-15T14:19:48,3000.0,52.5,B
2021-07-15T14:19:48,1900.0,52.5,B
2021-07-15T14:19:48,600.0,52.5,B
2021-07-15T14:19:48,4500.0,52.4,B
2021-07-15T14:19:45,5000.0,52.4,B
2021-07-15T14:19:44,1000.0,52.4,B
2021-07-15T14:19:27,200.0,52.4,B
2021-07-15T14:19:10,5800.0,52.4,S
2021-07-15T14:18:41,200.0,52.4,S
2021-07-15T14:18:31,3100.0,52.4,B
2021-07-15T14:18:31,1900.0,52.4,B
2021-07-15T14:17:49,10000.0,52.4,B
2021-07-15T14:17:37,3000.0,52.3,S
2021-07-15T14:17:29,100.0,52.4,B
2021-07-15T14:17:29,1900.0,52.4,B
2021-07-15T14:17:08,100.0,52.4,B
2021-07-15T14:17:02,100.0,52.4,B
2021-07-15T14:16:04,100.0,52.4,B
2021-07-15T14:16:01,5000.0,52.4,B
2021-07-15T14:15:59,200.0,52.4,B
2021-07-15T14:15:35,500.0,52.4,B
2021-07-15T14:15:20,200.0,52.3,S
2021-07-15T14:15:11,500.0,52.3,S
2021-07-15T14:15:11,500.0,52.3,S
2021-07-15T14:14:39,100.0,52.3,S
2021-07-15T14:14:32,1000.0,52.4,B
2021-07-15T14:13:36,100.0,52.4,S
2021-07-15T14:13:30,300.0,52.4,S
2021-07-15T14:13:25,600.0,52.4,S
2021-07-15T14:13:16,100.0,52.4,B
2021-07-15T14:13:16,700.0,52.4,B
2021-07-15T14:12:55,1000.0,52.4,B
2021-07-15T14:12:55,200.0,52.4,B
2021-07-15T14:12:55,100.0,52.4,B
2021-07-15T14:12:55,2500.0,52.4,B
2021-07-15T14:12:55,400.0,52.4,B
2021-07-15T14:12:55,800.0,52.4,B
2021-07-15T14:12:20,300.0,52.3,S
2021-07-15T14:12:14,300.0,52.3,S
2021-07-15T14:12:12,300.0,52.3,S
2021-07-15T14:11:51,200.0,52.3,S
2021-07-15T14:11:50,500.0,52.3,S
2021-07-15T14:11:20,300.0,52.3,S
2021-07-15T14:11:20,200.0,52.3,S
2021-07-15T14:11:20,2700.0,52.3,B
2021-07-15T14:11:20,2000.0,52.3,B
2021-07-15T14:11:20,3300.0,52.3,B
2021-07-15T14:11:16,100.0,52.3,B
2021-07-15T14:11:06,200.0,52.2,S
2021-07-15T14:11:03,100.0,52.2,S
2021-07-15T14:10:52,1000.0,52.3,B
2021-07-15T14:10:40,1000.0,52.2,S
2021-07-15T14:10:30,200.0,52.3,B
2021-07-15T14:09:28,500.0,52.3,B
2021-07-15T14:09:21,500.0,52.3,B
2021-07-15T14:09:17,100.0,52.2,S
2021-07-15T14:09:14,200.0,52.3,B
2021-07-15T14:09:08,1200.0,52.3,S
2021-07-15T14:09:04,1000.0,52.3,S
2021-07-15T14:08:59,5000.0,52.3,S
2021-07-15T14:08:06,100.0,52.4,B
2021-07-15T14:07:46,200.0,52.4,B
2021-07-15T14:07:39,1900.0,52.4,S
2021-07-15T14:07:35,200.0,52.4,S
2021-07-15T14:07:35,300.0,52.4,S
2021-07-15T14:07:28,200.0,52.5,B
2021-07-15T14:07:24,300.0,52.5,B
2021-07-15T14:07:02,100.0,52.5,S
2021-07-15T14:06:57,2700.0,52.5,S
2021-07-15T14:06:57,2300.0,52.5,S
2021-07-15T14:06:56,2100.0,52.6,B
2021-07-15T14:06:43,3000.0,52.5,S
2021-07-15T14:06:30,1000.0,52.6,B
2021-07-15T14:06:23,100.0,52.6,B
2021-07-15T14:06:23,5500.0,52.6,S
2021-07-15T14:06:21,300.0,52.6,S
2021-07-15T14:06:20,900.0,52.6,S
2021-07-15T14:06:05,1000.0,52.6,S
2021-07-15T14:06:01,100.0,52.7,B
2021-07-15T14:05:54,500.0,52.6,S
2021-07-15T14:05:52,1000.0,52.7,B
2021-07-15T14:05:37,5000.0,52.7,B
2021-07-15T14:05:33,100.0,52.6,S
2021-07-15T14:05:29,300.0,52.6,S
2021-07-15T14:05:19,200.0,52.6,B
2021-07-15T14:05:16,500.0,52.6,S
2021-07-15T14:05:16,300.0,52.6,S
2021-07-15T14:05:05,200.0,52.6,S
2021-07-15T14:05:01,200.0,52.6,S
2021-07-15T14:04:57,100.0,52.7,B
2021-07-15T14:04:57,900.0,52.7,B
2021-07-15T14:04:56,300.0,52.7,B
2021-07-15T14:04:56,700.0,52.7,B
2021-07-15T14:04:49,400.0,52.6,S
2021-07-15T14:04:44,100.0,52.6,S
2021-07-15T14:04:43,1100.0,52.6,S
2021-07-15T14:04:34,100.0,52.7,B
2021-07-15T14:04:26,1000.0,52.7,B
2021-07-15T14:04:21,200.0,52.7,B
2021-07-15T14:04:17,1700.0,52.7,B
2021-07-15T14:04:08,400.0,52.7,B
2021-07-15T14:04:06,1000.0,52.7,B
2021-07-15T14:04:05,200.0,52.6,S
2021-07-15T14:04:03,6700.0,52.7,B
2021-07-15T14:04:03,3300.0,52.7,B
2021-07-15T14:03:57,300.0,52.7,B
2021-07-15T14:03:49,200.0,52.7,B
2021-07-15T14:03:45,100.0,52.6,S
2021-07-15T14:03:45,1900.0,52.6,S
2021-07-15T14:03:10,1000.0,52.6,B
2021-07-15T14:03:09,2100.0,52.6,B
2021-07-15T14:03:09,600.0,52.6,B
2021-07-15T14:03:01,400.0,52.6,B
2021-07-15T14:03:01,4600.0,52.6,B
2021-07-15T14:02:56,2000.0,52.5,S
2021-07-15T14:02:50,400.0,52.6,B
2021-07-15T14:02:35,12500.0,52.5,B
2021-07-15T14:02:34,300.0,52.5,B
2021-07-15T14:02:32,200.0,52.5,B
2021-07-15T14:02:29,100.0,52.5,B
2021-07-15T14:02:27,400.0,52.5,B
2021-07-15T14:02:25,200.0,52.5,B
2021-07-15T14:02:25,300.0,52.5,B
2021-07-15T14:02:23,500.0,52.5,B
2021-07-15T14:02:22,800.0,52.5,B
2021-07-15T14:02:19,100.0,52.5,B
2021-07-15T14:02:15,5000.0,52.5,B
2021-07-15T14:02:15,900.0,52.5,B
2021-07-15T14:02:13,600.0,52.5,B
2021-07-15T14:02:10,200.0,52.5,B
2021-07-15T14:02:02,500.0,52.5,B
2021-07-15T14:02:00,4000.0,52.5,B
2021-07-15T14:01:59,1000.0,52.5,B
2021-07-15T14:01:42,3200.0,52.5,B
2021-07-15T14:01:40,2000.0,52.5,B
2021-07-15T14:01:34,1000.0,52.5,B
2021-07-15T14:01:23,1500.0,52.5,B
2021-07-15T14:01:14,1000.0,52.4,S
2021-07-15T14:01:14,2000.0,52.5,B
2021-07-15T14:01:07,900.0,52.5,B
2021-07-15T14:01:07,1500.0,52.5,B
2021-07-15T14:01:07,100.0,52.5,B
2021-07-15T14:01:07,7500.0,52.5,B
2021-07-15T14:00:42,100.0,52.4,S
2021-07-15T14:00:41,100.0,52.4,S
2021-07-15T14:00:39,5400.0,52.4,B
2021-07-15T14:00:32,800.0,52.3,S
2021-07-15T14:00:32,500.0,52.3,S
2021-07-15T14:00:32,3700.0,52.3,S
2021-07-15T14:00:31,200.0,52.4,B
2021-07-15T14:00:30,2000.0,52.4,B
2021-07-15T14:00:26,1200.0,52.4,B
2021-07-15T14:00:23,5000.0,52.4,B
2021-07-15T14:00:09,100.0,52.3,S
2021-07-15T14:00:08,1500.0,52.3,S
2021-07-15T14:00:02,100.0,52.3,S
2021-07-15T13:59:38,8300.0,52.3,B
2021-07-15T13:59:32,300.0,52.3,B
2021-07-15T13:59:03,100.0,52.2,S
2021-07-15T13:58:52,5000.0,52.3,B
2021-07-15T13:58:30,1800.0,52.2,B
2021-07-15T13:58:28,1000.0,52.2,B
2021-07-15T13:58:27,1800.0,52.2,B
2021-07-15T13:58:27,3000.0,52.2,B
2021-07-15T13:58:27,5700.0,52.2,B
2021-07-15T13:58:04,200.0,52.2,B
2021-07-15T13:58:02,1000.0,52.1,S
2021-07-15T13:57:50,300.0,52.1,S
2021-07-15T13:57:40,600.0,52.1,B
2021-07-15T13:57:38,1000.0,52.1,B
2021-07-15T13:57:30,1000.0,52.1,B
2021-07-15T13:57:28,5000.0,52.1,B
2021-07-15T13:57:15,2000.0,52.1,B
2021-07-15T13:57:11,1600.0,52.1,B
2021-07-15T13:57:11,2900.0,52.1,B
2021-07-15T13:57:04,100.0,52.1,B
2021-07-15T13:57:01,500.0,52.1,B
2021-07-15T13:56:43,200.0,52.1,B
2021-07-15T13:56:21,300.0,52.1,B
2021-07-15T13:56:16,1500.0,52.1,B
2021-07-15T13:56:13,200.0,52.1,B
2021-07-15T13:56:05,200.0,52.1,B
2021-07-15T13:56:01,200.0,52.0,S
2021-07-15T13:55:45,300.0,52.1,B
2021-07-15T13:55:25,600.0,52.0,B
2021-07-15T13:55:23,600.0,52.0,B
2021-07-15T13:55:23,100.0,52.0,B
2021-07-15T13:55:23,200.0,52.0,B
2021-07-15T13:55:23,1100.0,52.0,B
2021-07-15T13:55:22,1000.0,52.0,B
2021-07-15T13:55:21,300.0,52.0,B
2021-07-15T13:55:17,200.0,52.0,B
2021-07-15T13:55:17,100.0,52.0,B
2021-07-15T13:55:14,200.0,52.0,B
2021-07-15T13:55:12,500.0,52.0,B
2021-07-15T13:55:09,500.0,52.0,B
2021-07-15T13:55:05,1200.0,52.0,B
2021-07-15T13:55:05,800.0,52.0,B
2021-07-15T13:55:05,500.0,52.0,B
2021-07-15T13:55:05,2500.0,52.0,B
2021-07-15T13:55:05,100.0,52.0,B
2021-07-15T13:55:00,200.0,52.0,B
2021-07-15T13:54:55,200.0,52.0,B
2021-07-15T13:54:55,100.0,52.0,B
2021-07-15T13:54:55,700.0,52.0,B
2021-07-15T13:54:54,800.0,52.0,B
2021-07-15T13:54:54,9200.0,52.0,B
2021-07-15T13:54:49,2000.0,52.0,B
2021-07-15T13:54:13,4000.0,52.0,B
2021-07-15T13:53:24,200.0,51.9,S
2021-07-15T13:53:22,4000.0,52.0,B
2021-07-15T13:53:10,1000.0,52.0,B
2021-07-15T13:52:52,100.0,51.9,S
2021-07-15T13:52:32,100.0,51.9,B
2021-07-15T13:52:32,400.0,51.9,B
2021-07-15T13:52:32,700.0,51.9,B
2021-07-15T13:52:27,100.0,51.9,B
2021-07-15T13:52:18,2000.0,51.9,B
2021-07-15T13:52:06,1000.0,51.9,B
2021-07-15T13:52:04,200.0,51.9,B
2021-07-15T13:51:42,8600.0,51.9,B
2021-07-15T13:51:13,200.0,51.9,B
2021-07-15T13:51:13,500.0,51.9,B
2021-07-15T13:51:02,100.0,51.9,B
2021-07-15T13:50:34,900.0,51.9,B
2021-07-15T13:50:34,1000.0,51.9,B
2021-07-15T13:50:23,500.0,51.9,B
2021-07-15T13:50:16,2000.0,51.9,B
2021-07-15T13:49:55,3000.0,51.9,B
2021-07-15T13:49:42,900.0,51.8,S
2021-07-15T13:49:37,500.0,51.8,S
2021-07-15T13:49:34,2400.0,51.8,B
2021-07-15T13:49:34,4500.0,51.8,B
2021-07-15T13:49:32,1000.0,51.8,B
2021-07-15T13:49:21,700.0,51.8,B
2021-07-15T13:48:40,200.0,51.8,B
2021-07-15T13:48:18,100.0,51.7,S
2021-07-15T13:47:53,1000.0,51.8,B
2021-07-15T13:47:36,100.0,51.7,S
2021-07-15T13:47:32,2000.0,51.7,S
2021-07-15T13:47:13,100.0,51.7,S
2021-07-15T13:46:23,3000.0,51.7,S
2021-07-15T13:46:03,200.0,51.8,B
2021-07-15T13:45:59,500.0,51.8,B
2021-07-15T13:45:58,1000.0,51.8,S
2021-07-15T13:45:58,500.0,51.8,S
2021-07-15T13:45:51,1000.0,51.8,S
2021-07-15T13:45:45,100.0,51.8,S
2021-07-15T13:45:30,500.0,51.8,S
2021-07-15T13:45:13,200.0,51.8,S
2021-07-15T13:45:08,100.0,51.8,S
2021-07-15T13:45:04,100.0,51.8,S
2021-07-15T13:44:43,3900.0,51.8,S
2021-07-15T13:44:35,1300.0,51.8,S
2021-07-15T13:44:23,3400.0,51.8,S
2021-07-15T13:44:12,200.0,51.8,S
2021-07-15T13:44:03,200.0,51.8,S
2021-07-15T13:43:41,1200.0,51.8,S
2021-07-15T13:43:41,300.0,51.8,S
2021-07-15T13:43:39,2000.0,51.9,B
2021-07-15T13:42:57,200.0,51.9,B
2021-07-15T13:42:44,1000.0,51.9,S
2021-07-15T13:42:44,900.0,51.9,S
2021-07-15T13:42:40,9100.0,51.9,B
2021-07-15T13:41:53,1000.0,51.9,B
2021-07-15T13:41:47,100.0,51.8,S
2021-07-15T13:41:28,100.0,51.8,S
2021-07-15T13:41:23,1600.0,51.9,B
2021-07-15T13:40:51,100.0,51.9,B
2021-07-15T13:40:50,100.0,51.9,B
2021-07-15T13:40:38,500.0,51.9,B
2021-07-15T13:40:37,100.0,51.9,B
2021-07-15T13:40:24,500.0,51.9,B
2021-07-15T13:40:14,100.0,51.9,B
2021-07-15T13:40:11,1100.0,51.9,B
2021-07-15T13:39:37,100.0,51.9,B
2021-07-15T13:39:16,100.0,51.9,B
2021-07-15T13:39:12,400.0,51.9,B
2021-07-15T13:39:11,500.0,51.9,B
2021-07-15T13:39:10,500.0,51.9,B
2021-07-15T13:39:08,200.0,51.9,B
2021-07-15T13:39:05,2000.0,51.9,B
2021-07-15T13:39:05,100.0,51.9,B
2021-07-15T13:38:55,200.0,51.9,B
2021-07-15T13:38:51,3000.0,51.9,B
2021-07-15T13:38:50,500.0,51.9,B
2021-07-15T13:38:39,2400.0,51.9,B
2021-07-15T13:38:33,7500.0,51.9,B
2021-07-15T13:38:30,600.0,51.9,B
2021-07-15T13:38:05,1000.0,51.8,S
2021-07-15T13:37:58,2300.0,51.8,B
2021-07-15T13:37:58,5000.0,51.8,B
2021-07-15T13:37:57,500.0,51.8,B
2021-07-15T13:37:57,200.0,51.8,B
2021-07-15T13:37:57,2300.0,51.8,B
2021-07-15T13:37:54,300.0,51.8,B
2021-07-15T13:37:46,2000.0,51.8,B
2021-07-15T13:37:17,500.0,51.8,B
2021-07-15T13:37:10,100.0,51.8,B
2021-07-15T13:36:58,2600.0,51.7,B
2021-07-15T13:36:55,300.0,51.7,B
2021-07-15T13:36:54,1000.0,51.7,B
2021-07-15T13:36:46,400.0,51.7,B
2021-07-15T13:36:46,2300.0,51.7,B
2021-07-15T13:36:39,1000.0,51.7,B
2021-07-15T13:36:35,5000.0,51.7,B
2021-07-15T13:36:05,2400.0,51.6,B
2021-07-15T13:36:05,900.0,51.6,B
2021-07-15T13:36:04,100.0,51.6,B
2021-07-15T13:35:47,100.0,51.6,B
2021-07-15T13:35:43,5000.0,51.6,B
2021-07-15T13:35:20,10000.0,51.5,S
2021-07-15T13:35:19,2000.0,51.6,B
2021-07-15T13:35:14,500.0,51.6,B
2021-07-15T13:35:03,1000.0,51.6,B
2021-07-15T13:35:01,5000.0,51.6,B
2021-07-15T13:35:00,1000.0,51.6,B
2021-07-15T13:34:17,500.0,51.5,S
2021-07-15T13:34:10,200.0,51.6,B
2021-07-15T13:33:48,1200.0,51.6,B
2021-07-15T13:33:48,600.0,51.6,B
2021-07-15T13:33:47,3000.0,51.6,B
2021-07-15T13:33:45,1000.0,51.6,B
2021-07-15T13:33:00,500.0,51.6,B
2021-07-15T13:32:53,7800.0,51.5,B
2021-07-15T13:32:39,2000.0,51.5,B
2021-07-15T13:32:35,1000.0,51.4,S
2021-07-15T13:32:35,300.0,51.4,S
2021-07-15T13:32:35,2000.0,51.4,S
2021-07-15T13:32:20,100.0,51.4,S
2021-07-15T13:32:14,5000.0,51.5,B
2021-07-15T13:31:44,100.0,51.5,B
2021-07-15T13:31:44,100.0,51.5,B
2021-07-15T13:31:33,100.0,51.5,B
2021-07-15T13:31:01,500.0,51.4,S
2021-07-15T13:30:34,4000.0,51.4,S
2021-07-15T13:29:31,4900.0,51.5,S
2021-07-15T13:29:05,1000.0,51.5,S
2021-07-15T13:28:17,500.0,51.5,S
2021-07-15T13:27:48,200.0,51.5,S
2021-07-15T13:27:48,100.0,51.5,S
2021-07-15T13:27:48,200.0,51.5,S
2021-07-15T13:25:04,1000.0,51.6,B
2021-07-15T13:24:33,100.0,51.5,B
2021-07-15T13:24:32,200.0,51.5,B
2021-07-15T13:24:26,1000.0,51.5,B
2021-07-15T13:23:44,200.0,51.5,B
2021-07-15T13:23:38,2600.0,51.5,S
2021-07-15T13:23:21,500.0,51.6,B
2021-07-15T13:22:47,100.0,51.6,B
2021-07-15T13:22:47,900.0,51.6,B
2021-07-15T13:22:27,1100.0,51.5,S
2021-07-15T13:22:27,3900.0,51.5,S
2021-07-15T13:21:42,100.0,51.6,B
2021-07-15T13:21:23,500.0,51.6,B
2021-07-15T13:21:08,200.0,51.6,B
2021-07-15T13:20:55,3000.0,51.6,B
2021-07-15T13:20:35,200.0,51.6,B
2021-07-15T13:20:23,100.0,51.6,B
2021-07-15T13:20:22,100.0,51.6,B
2021-07-15T13:20:16,200.0,51.5,S
2021-07-15T13:20:11,100.0,51.6,B
2021-07-15T13:19:59,100.0,51.6,B
2021-07-15T13:19:40,100.0,51.6,S
2021-07-15T13:19:35,1200.0,51.6,S
2021-07-15T13:19:25,100.0,51.6,S
2021-07-15T13:19:25,1000.0,51.6,S
2021-07-15T13:19:15,200.0,51.6,S
2021-07-15T13:19:03,500.0,51.6,S
2021-07-15T13:18:48,200.0,51.6,S
2021-07-15T13:18:46,100.0,51.7,B
2021-07-15T13:18:01,700.0,51.7,B
2021-07-15T13:18:00,500.0,51.7,B
2021-07-15T13:17:55,100.0,51.7,B
2021-07-15T13:17:52,1000.0,51.7,B
2021-07-15T13:17:35,1500.0,51.7,B
2021-07-15T13:17:33,2000.0,51.7,B
2021-07-15T13:17:06,500.0,51.7,B
2021-07-15T13:16:34,3700.0,51.6,S
2021-07-15T13:16:29,300.0,51.6,B
2021-07-15T13:16:24,300.0,51.6,B
2021-07-15T13:16:15,3000.0,51.6,B
2021-07-15T13:16:13,100.0,51.6,B
2021-07-15T13:16:10,1000.0,51.6,B
2021-07-15T13:16:05,100.0,51.6,B
2021-07-15T13:15:59,500.0,51.6,B
2021-07-15T13:15:55,200.0,51.6,B
2021-07-15T13:15:52,1000.0,51.6,B
2021-07-15T13:15:45,500.0,51.6,B
2021-07-15T13:15:43,100.0,51.6,B
2021-07-15T13:15:41,700.0,51.6,B
2021-07-15T13:15:40,100.0,51.6,B
2021-07-15T13:15:16,4000.0,51.5,B
2021-07-15T13:15:11,2000.0,51.5,B
2021-07-15T13:15:06,2000.0,51.5,B
2021-07-15T13:15:06,10000.0,51.5,B
2021-07-15T13:14:53,1000.0,51.5,B
2021-07-15T13:14:46,100.0,51.5,B
2021-07-15T13:14:39,5000.0,51.5,B
2021-07-15T13:14:28,4000.0,51.5,B
2021-07-15T13:14:26,1000.0,51.5,B
2021-07-15T13:14:15,200.0,51.5,B
2021-07-15T13:14:13,100.0,51.5,B
2021-07-15T13:14:04,5000.0,51.5,B
2021-07-15T13:14:03,1000.0,51.5,B
2021-07-15T13:13:39,2800.0,51.5,B
2021-07-15T13:13:39,300.0,51.5,B
2021-07-15T13:13:39,1500.0,51.5,B
2021-07-15T13:13:39,5000.0,51.5,B
2021-07-15T13:13:39,400.0,51.4,B
2021-07-15T13:13:38,3000.0,51.4,B
2021-07-15T13:13:29,200.0,51.4,B
2021-07-15T13:13:09,100.0,51.4,B
2021-07-15T13:12:59,2000.0,51.4,B
2021-07-15T13:12:51,500.0,51.3,S
2021-07-15T13:12:43,10000.0,51.4,B
2021-07-15T13:12:31,1000.0,51.4,B
2021-07-15T13:11:22,1100.0,51.3,S
2021-07-15T13:11:12,300.0,51.3,B
2021-07-15T13:11:11,100.0,51.3,B
2021-07-15T13:11:06,1000.0,51.3,B
2021-07-15T13:11:04,100.0,51.3,B
2021-07-15T13:10:49,13100.0,51.3,B
2021-07-15T13:10:49,6900.0,51.3,B
2021-07-15T13:10:39,100.0,51.3,B
2021-07-15T13:10:23,1000.0,51.3,B
2021-07-15T13:10:11,1000.0,51.3,B
2021-07-15T13:10:03,3400.0,51.2,B
2021-07-15T13:09:42,1000.0,51.2,B
2021-07-15T13:09:29,1000.0,51.2,B
2021-07-15T13:09:27,1000.0,51.2,B
2021-07-15T13:09:18,100.0,51.2,B
2021-07-15T13:09:14,500.0,51.2,B
2021-07-15T13:08:58,1000.0,51.2,B
2021-07-15T13:08:48,5000.0,51.2,B
2021-07-15T13:08:32,300.0,51.2,B
2021-07-15T13:08:31,100.0,51.2,B
2021-07-15T13:08:18,200.0,51.2,B
2021-07-15T13:07:31,1000.0,51.2,B
2021-07-15T13:07:31,1000.0,51.2,B
2021-07-15T13:07:15,500.0,51.2,B
2021-07-15T13:07:08,100.0,51.2,B
2021-07-15T13:07:08,1500.0,51.2,B
2021-07-15T13:07:07,100.0,51.2,B
2021-07-15T13:07:00,100.0,51.2,B
2021-07-15T13:06:57,100.0,51.2,B
2021-07-15T13:06:53,1500.0,51.2,B
2021-07-15T13:06:50,100.0,51.2,B
2021-07-15T13:05:42,6400.0,51.2,B
2021-07-15T13:05:42,3600.0,51.2,B
2021-07-15T13:04:58,1000.0,51.1,S
2021-07-15T13:04:43,200.0,51.2,B
2021-07-15T13:04:40,1500.0,51.1,S
2021-07-15T13:02:54,100.0,51.2,B
2021-07-15T13:01:44,1000.0,51.2,B
2021-07-15T13:01:33,100.0,51.2,B
2021-07-15T13:01:33,200.0,51.1,S
2021-07-15T13:00:29,1000.0,51.2,B
2021-07-15T13:00:02,100.0,51.2,B
2021-07-15T11:29:23,100.0,51.2,B
2021-07-15T11:28:20,8000.0,51.1,S
2021-07-15T11:28:12,100.0,51.1,S
2021-07-15T11:26:31,200.0,51.1,S
2021-07-15T11:26:31,300.0,51.1,B
2021-07-15T11:26:04,100.0,51.1,S
2021-07-15T11:25:58,900.0,51.1,B
2021-07-15T11:25:40,100.0,51.1,S
2021-07-15T11:25:38,900.0,51.1,S
2021-07-15T11:25:27,1000.0,51.2,B
2021-07-15T11:25:24,1300.0,51.2,B
2021-07-15T11:25:15,1200.0,51.1,B
2021-07-15T11:24:51,2100.0,51.1,S
2021-07-15T11:24:51,1600.0,51.1,S
2021-07-15T11:24:49,3700.0,51.1,S
2021-07-15T11:21:09,100.0,51.1,S
2021-07-15T11:21:09,1800.0,51.1,S
2021-07-15T11:21:09,300.0,51.1,S
2021-07-15T11:21:09,2000.0,51.1,S
2021-07-15T11:21:09,3200.0,51.1,S
2021-07-15T11:21:09,300.0,51.1,S
2021-07-15T11:21:09,7300.0,51.1,S
2021-07-15T11:20:48,200.0,51.2,B
2021-07-15T11:20:29,700.0,51.2,B
2021-07-15T11:19:51,5700.0,51.1,S
2021-07-15T11:19:46,500.0,51.1,S
2021-07-15T11:18:00,700.0,51.1,S
2021-07-15T11:15:58,300.0,51.2,B
2021-07-15T11:15:28,100.0,51.2,B
2021-07-15T11:14:42,1000.0,51.2,B
2021-07-15T11:14:40,1000.0,51.2,B
2021-07-15T11:13:55,1800.0,51.2,B
2021-07-15T11:13:52,400.0,51.2,B
2021-07-15T11:13:32,100.0,51.2,B
2021-07-15T11:12:52,5000.0,51.2,B
2021-07-15T11:12:36,900.0,51.2,S
2021-07-15T11:12:18,200.0,51.2,S
2021-07-15T11:11:39,200.0,51.2,S
2021-07-15T11:11:29,1500.0,51.2,B
2021-07-15T11:11:29,2300.0,51.2,B
2021-07-15T11:11:29,100.0,51.2,B
2021-07-15T11:11:12,900.0,51.1,B
2021-07-15T11:11:05,1000.0,51.1,B
2021-07-15T11:11:01,10000.0,51.1,B
2021-07-15T11:10:56,200.0,51.1,B
2021-07-15T11:10:56,3000.0,51.1,B
2021-07-15T11:10:24,1000.0,51.1,B
2021-07-15T11:10:17,200.0,51.1,B
2021-07-15T11:10:14,10000.0,51.1,B
2021-07-15T11:10:09,1000.0,51.1,B
2021-07-15T11:10:08,3000.0,51.1,B
2021-07-15T11:09:52,1700.0,51.1,B
2021-07-15T11:09:48,6800.0,51.1,B
2021-07-15T11:09:40,600.0,51.1,B
2021-07-15T11:09:40,1000.0,51.1,B
2021-07-15T11:09:40,3400.0,51.1,B
2021-07-15T11:09:33,1000.0,51.1,B
2021-07-15T11:07:40,100.0,51.0,S
2021-07-15T11:07:35,200.0,51.1,B
2021-07-15T11:07:31,100.0,51.1,B
2021-07-15T11:06:32,500.0,51.1,B
2021-07-15T11:06:02,200.0,51.1,B
2021-07-15T11:05:59,5000.0,51.1,B
2021-07-15T11:05:56,100.0,51.1,B
2021-07-15T11:05:51,500.0,51.1,B
2021-07-15T11:05:25,100.0,51.1,B
2021-07-15T11:05:06,100.0,51.1,B
2021-07-15T11:03:42,500.0,51.0,S
2021-07-15T11:02:27,1000.0,51.0,S
2021-07-15T11:02:13,1500.0,51.0,S
2021-07-15T11:01:06,500.0,51.0,S
2021-07-15T11:00:57,1500.0,51.1,B
2021-07-15T11:00:24,2000.0,51.1,B
2021-07-15T10:59:46,400.0,51.1,B
2021-07-15T10:58:56,100.0,51.1,B
2021-07-15T10:57:44,100.0,51.1,B
2021-07-15T10:56:35,1000.0,51.1,B
2021-07-15T10:56:06,300.0,51.1,B
2021-07-15T10:55:45,2000.0,51.0,S
2021-07-15T10:55:36,3000.0,51.0,S
2021-07-15T10:55:16,100.0,51.0,S
2021-07-15T10:53:29,2700.0,51.1,B
2021-07-15T10:52:37,1000.0,51.1,B
2021-07-15T10:51:06,500.0,51.1,B
2021-07-15T10:50:18,100.0,51.1,B
2021-07-15T10:50:13,400.0,51.1,B
2021-07-15T10:50:01,500.0,51.1,B
2021-07-15T10:49:22,100.0,51.1,B
2021-07-15T10:49:00,100.0,51.1,B
2021-07-15T10:48:24,100.0,51.1,B
2021-07-15T10:48:07,20000.0,51.1,B
2021-07-15T10:47:47,100.0,51.1,B
2021-07-15T10:47:24,700.0,51.1,B
2021-07-15T10:47:23,100.0,51.0,S
2021-07-15T10:47:11,1000.0,51.0,S
2021-07-15T10:46:44,100.0,51.0,S
2021-07-15T10:46:40,3200.0,51.0,S
2021-07-15T10:46:31,100.0,51.0,S
2021-07-15T10:46:17,1000.0,51.0,S
2021-07-15T10:46:11,5000.0,51.0,S
2021-07-15T10:45:32,200.0,51.0,S
2021-07-15T10:45:26,1000.0,51.0,S
2021-07-15T10:45:13,200.0,51.0,S
2021-07-15T10:45:10,900.0,51.0,S
2021-07-15T10:44:56,5000.0,51.0,S
2021-07-15T10:43:53,100.0,51.0,S
2021-07-15T10:43:40,200.0,51.1,B
2021-07-15T10:43:40,500.0,51.1,S
2021-07-15T10:43:40,2300.0,51.1,S
2021-07-15T10:43:37,3000.0,51.1,S
2021-07-15T10:43:32,2000.0,51.1,S
2021-07-15T10:43:27,800.0,51.1,S
2021-07-15T10:43:27,1500.0,51.1,S
2021-07-15T10:43:27,700.0,51.1,S
2021-07-15T10:42:59,200.0,51.1,S
2021-07-15T10:42:31,500.0,51.1,S
2021-07-15T10:42:15,200.0,51.1,S
2021-07-15T10:41:56,500.0,51.1,S
2021-07-15T10:41:23,700.0,51.1,S
2021-07-15T10:38:10,500.0,51.1,S
2021-07-15T10:37:33,1500.0,51.1,S
2021-07-15T10:36:46,200.0,51.0,S
2021-07-15T10:36:43,100.0,51.1,B
2021-07-15T10:36:41,400.0,51.1,S
2021-07-15T10:36:12,400.0,51.1,B
2021-07-15T10:36:04,100.0,51.1,B
2021-07-15T10:35:52,500.0,51.1,B
2021-07-15T10:35:45,100.0,51.1,B
2021-07-15T10:35:02,500.0,51.1,B
2021-07-15T10:34:49,1000.0,51.1,B
2021-07-15T10:32:43,16500.0,51.0,S
2021-07-15T10:32:43,800.0,51.0,S
2021-07-15T10:32:43,1400.0,51.0,S
2021-07-15T10:32:43,100.0,51.0,S
2021-07-15T10:32:43,16200.0,51.0,S
2021-07-15T10:32:35,1700.0,51.1,B
2021-07-15T10:31:56,500.0,51.0,S
2021-07-15T10:31:46,500.0,51.0,S
2021-07-15T10:31:19,100.0,51.0,S
2021-07-15T10:30:36,100.0,51.1,B
2021-07-15T10:29:30,200.0,51.1,S
2021-07-15T10:29:01,1000.0,51.1,S
2021-07-15T10:28:57,600.0,51.1,S
2021-07-15T10:28:41,300.0,51.1,S
2021-07-15T10:28:41,2200.0,51.1,S
2021-07-15T10:28:41,7500.0,51.1,S
2021-07-15T10:28:20,500.0,51.2,B
2021-07-15T10:28:19,1000.0,51.1,S
2021-07-15T10:27:47,500.0,51.2,B
2021-07-15T10:27:32,100.0,51.2,B
2021-07-15T10:27:07,100.0,51.2,B
2021-07-15T10:26:36,200.0,51.2,B
2021-07-15T10:26:21,500.0,51.2,B
2021-07-15T10:26:21,500.0,51.1,S
2021-07-15T10:26:09,2000.0,51.2,B
2021-07-15T10:23:39,500.0,51.2,B
2021-07-15T10:23:15,300.0,51.2,B
2021-07-15T10:22:37,100.0,51.2,B
2021-07-15T10:22:18,200.0,51.2,B
2021-07-15T10:21:54,500.0,51.2,B
2021-07-15T10:21:53,100.0,51.2,B
2021-07-15T10:21:42,100.0,51.2,B
2021-07-15T10:21:32,200.0,51.2,B
2021-07-15T10:21:25,1000.0,51.2,B
2021-07-15T10:21:21,500.0,51.2,B
2021-07-15T10:21:15,300.0,51.2,B
2021-07-15T10:21:03,500.0,51.2,B
2021-07-15T10:20:36,1800.0,51.2,S
2021-07-15T10:20:26,2000.0,51.2,S
2021-07-15T10:19:43,1700.0,51.2,S
2021-07-15T10:18:30,200.0,51.3,B
2021-07-15T10:18:20,100.0,51.3,B
2021-07-15T10:17:28,500.0,51.3,B
2021-07-15T10:16:55,100.0,51.3,B
2021-07-15T10:16:34,200.0,51.3,B
2021-07-15T10:16:09,1400.0,51.2,S
2021-07-15T10:15:26,100.0,51.2,B
2021-07-15T10:15:19,1000.0,51.2,B
2021-07-15T10:14:30,200.0,51.2,B
2021-07-15T10:14:27,500.0,51.2,B
2021-07-15T10:14:18,9000.0,51.1,S
2021-07-15T10:14:18,100.0,51.1,S
2021-07-15T10:14:18,900.0,51.1,S
2021-07-15T10:14:18,1000.0,51.2,B
2021-07-15T10:13:24,500.0,51.2,B
2021-07-15T10:13:13,100.0,51.2,B
2021-07-15T10:13:00,5000.0,51.2,B
2021-07-15T10:12:34,1000.0,51.1,S
2021-07-15T10:12:25,500.0,51.2,B
2021-07-15T10:11:39,200.0,51.1,S
2021-07-15T10:11:38,200.0,51.1,S
2021-07-15T10:11:24,800.0,51.1,B
2021-07-15T10:10:57,16300.0,51.0,S
2021-07-15T10:10:57,4100.0,51.1,S
2021-07-15T10:10:57,37600.0,51.1,S
2021-07-15T10:10:42,800.0,51.2,B
2021-07-15T10:10:42,6900.0,51.2,S
2021-07-15T10:10:42,3200.0,51.2,S
2021-07-15T10:09:21,5200.0,51.2,S
2021-07-15T10:09:04,5000.0,51.2,S
2021-07-15T10:09:01,300.0,51.2,S
2021-07-15T10:08:49,8500.0,51.3,S
2021-07-15T10:08:49,500.0,51.3,S
2021-07-15T10:08:49,6700.0,51.3,S
2021-07-15T10:08:36,300.0,51.4,B
2021-07-15T10:08:32,100.0,51.4,B
2021-07-15T10:08:12,100.0,51.4,S
2021-07-15T10:07:55,900.0,51.4,B
2021-07-15T10:07:40,3000.0,51.3,S
2021-07-15T10:07:24,500.0,51.4,B
2021-07-15T10:06:40,3400.0,51.4,S
2021-07-15T10:06:34,2000.0,51.4,S
2021-07-15T10:06:31,2000.0,51.4,S
2021-07-15T10:06:15,100.0,51.5,B
2021-07-15T10:06:09,1000.0,51.4,S
2021-07-15T10:06:03,200.0,51.5,B
2021-07-15T10:06:01,200.0,51.4,S
2021-07-15T10:05:53,600.0,51.5,B
2021-07-15T10:05:51,1400.0,51.5,B
2021-07-15T10:05:06,100.0,51.5,B
2021-07-15T10:04:47,500.0,51.5,B
2021-07-15T10:04:39,5000.0,51.4,S
2021-07-15T10:03:48,200.0,51.5,B
2021-07-15T10:02:53,500.0,51.5,B
2021-07-15T10:02:51,100.0,51.5,B
2021-07-15T10:02:15,200.0,51.5,B
2021-07-15T10:02:04,900.0,51.4,S
2021-07-15T10:02:04,100.0,51.4,S
2021-07-15T10:01:10,100.0,51.4,S
2021-07-15T10:01:04,100.0,51.4,S
2021-07-15T10:01:03,700.0,51.4,S
2021-07-15T10:00:42,100.0,51.4,S
2021-07-15T10:00:41,500.0,51.4,S
2021-07-15T10:00:34,2500.0,51.5,B
2021-07-15T10:00:12,200.0,51.5,B
2021-07-15T10:00:00,100.0,51.5,B
2021-07-15T09:59:59,1600.0,51.5,S
2021-07-15T09:59:52,300.0,51.6,S
2021-07-15T09:59:52,500.0,51.6,S
2021-07-15T09:58:54,200.0,51.6,B
2021-07-15T09:58:11,100.0,51.6,S
2021-07-15T09:58:05,100.0,51.6,S
2021-07-15T09:57:08,200.0,51.7,S
2021-07-15T09:56:51,1400.0,51.8,B
2021-07-15T09:55:48,3600.0,51.8,B
2021-07-15T09:55:48,900.0,51.8,B
2021-07-15T09:55:48,3600.0,51.8,B
2021-07-15T09:55:48,7100.0,51.8,B
2021-07-15T09:55:48,1300.0,51.7,B
2021-07-15T09:55:48,3500.0,51.6,B
2021-07-15T09:55:45,200.0,51.6,B
2021-07-15T09:55:38,1000.0,51.6,B
2021-07-15T09:55:30,3000.0,51.6,B
2021-07-15T09:55:23,500.0,51.6,B
2021-07-15T09:55:17,100.0,51.6,B
2021-07-15T09:55:13,500.0,51.6,B
2021-07-15T09:55:06,3000.0,51.5,S
2021-07-15T09:54:37,1000.0,51.5,B
2021-07-15T09:54:25,6500.0,51.4,S
2021-07-15T09:54:23,2000.0,51.5,B
2021-07-15T09:54:10,1800.0,51.5,B
2021-07-15T09:54:10,200.0,51.5,B
2021-07-15T09:53:45,2600.0,51.4,B
2021-07-15T09:53:42,500.0,51.4,B
2021-07-15T09:53:28,500.0,51.4,B
2021-07-15T09:53:16,1400.0,51.4,B
2021-07-15T09:53:16,400.0,51.4,B
2021-07-15T09:53:16,3000.0,51.4,B
2021-07-15T09:53:16,200.0,51.4,B
2021-07-15T09:53:12,500.0,51.4,B
2021-07-15T09:52:53,100.0,51.4,B
2021-07-15T09:52:51,1000.0,51.3,S
2021-07-15T09:52:24,100.0,51.3,B
2021-07-15T09:52:24,5000.0,51.3,B
2021-07-15T09:52:24,500.0,51.3,B
2021-07-15T09:52:11,2000.0,51.2,S
2021-07-15T09:52:09,5000.0,51.3,B
2021-07-15T09:52:08,100.0,51.3,B
2021-07-15T09:52:07,500.0,51.3,B
2021-07-15T09:52:03,800.0,51.3,B
2021-07-15T09:51:52,700.0,51.3,B
2021-07-15T09:51:52,1000.0,51.3,B
2021-07-15T09:51:52,2200.0,51.3,B
2021-07-15T09:51:52,300.0,51.3,B
2021-07-15T09:51:29,500.0,51.3,B
2021-07-15T09:51:29,1500.0,51.3,B
2021-07-15T09:50:46,100.0,51.3,B
2021-07-15T09:50:36,1000.0,51.2,S
2021-07-15T09:50:36,2000.0,51.2,S
2021-07-15T09:49:29,100.0,51.2,S
2021-07-15T09:47:30,2000.0,51.2,S
2021-07-15T09:46:26,1700.0,51.2,B
2021-07-15T09:46:24,500.0,51.2,B
2021-07-15T09:46:20,1000.0,51.2,B
2021-07-15T09:45:52,5000.0,51.2,B
2021-07-15T09:45:42,3400.0,51.1,S
2021-07-15T09:45:42,400.0,51.1,S
2021-07-15T09:45:41,6200.0,51.1,S
2021-07-15T09:45:31,400.0,51.2,B
2021-07-15T09:45:18,1000.0,51.2,B
2021-07-15T09:45:06,100.0,51.2,S
2021-07-15T09:45:03,100.0,51.2,S
2021-07-15T09:44:58,200.0,51.2,S
2021-07-15T09:44:44,4000.0,51.2,S
2021-07-15T09:44:43,500.0,51.2,S
2021-07-15T09:44:29,1000.0,51.2,S
2021-07-15T09:43:22,1000.0,51.3,B
2021-07-15T09:43:14,400.0,51.3,S
2021-07-15T09:42:25,100.0,51.3,B
2021-07-15T09:41:50,2400.0,51.4,B
2021-07-15T09:41:34,1000.0,51.3,B
2021-07-15T09:41:30,100.0,51.3,B
2021-07-15T09:41:20,200.0,51.2,S
2021-07-15T09:40:46,700.0,51.4,B
2021-07-15T09:40:46,400.0,51.3,S
2021-07-15T09:40:45,2600.0,51.3,B
2021-07-15T09:40:45,200.0,51.4,B
2021-07-15T09:40:43,1500.0,51.4,B
2021-07-15T09:39:54,1000.0,51.4,B
2021-07-15T09:39:30,1000.0,51.4,B
2021-07-15T09:39:27,200.0,51.4,B
2021-07-15T09:39:13,100.0,51.4,B
2021-07-15T09:38:55,100.0,51.4,S
2021-07-15T09:38:48,200.0,51.4,S
2021-07-15T09:38:20,500.0,51.3,B
2021-07-15T09:38:16,1000.0,51.3,B
2021-07-15T09:38:08,2000.0,51.2,S
2021-07-15T09:38:03,2000.0,51.3,B
2021-07-15T09:38:01,2600.0,51.3,B
2021-07-15T09:38:01,400.0,51.3,B
2021-07-15T09:37:35,200.0,51.3,B
2021-07-15T09:37:24,300.0,51.3,B
2021-07-15T09:37:11,800.0,51.3,B
2021-07-15T09:37:00,600.0,51.3,B
2021-07-15T09:36:49,200.0,51.3,B
2021-07-15T09:36:45,500.0,51.3,B
2021-07-15T09:36:33,200.0,51.3,B
2021-07-15T09:36:32,5000.0,51.3,B
2021-07-15T09:36:03,100.0,51.3,B
2021-07-15T09:35:41,400.0,51.2,B
2021-07-15T09:35:40,100.0,51.2,B
2021-07-15T09:35:33,200.0,51.2,B
2021-07-15T09:35:13,500.0,51.2,B
2021-07-15T09:34:44,100.0,51.1,S
2021-07-15T09:34:28,100.0,51.1,S
2021-07-15T09:34:28,100.0,51.1,S
2021-07-15T09:34:20,100.0,51.1,S
2021-07-15T09:33:23,800.0,51.1,S
2021-07-15T09:33:20,100.0,51.1,S
2021-07-15T09:33:13,1000.0,51.1,S
2021-07-15T09:32:08,1000.0,51.2,B
2021-07-15T09:31:28,300.0,51.1,S
2021-07-15T09:31:08,500.0,51.1,S
2021-07-15T09:30:09,200.0,51.2,B
2021-07-15T09:29:49,1400.0,51.1,S
2021-07-15T09:29:49,500.0,51.1,S
2021-07-15T09:29:49,12000.0,51.1,S
2021-07-15T09:29:46,500.0,51.2,S
2021-07-15T09:29:41,500.0,51.2,S
2021-07-15T09:29:09,1900.0,51.2,B
2021-07-15T09:29:09,100.0,51.2,B
2021-07-15T09:29:00,100.0,51.3,B
2021-07-15T09:28:28,100.0,51.2,B
2021-07-15T09:26:57,1000.0,51.3,B
2021-07-15T09:26:15,2000.0,51.1,S
2021-07-15T09:26:15,500.0,51.2,S
2021-07-15T09:26:15,1000.0,51.2,S
2021-07-15T09:25:42,200.0,51.3,S
2021-07-15T09:25:41,2000.0,51.4,B
2021-07-15T09:25:39,300.0,51.3,S
2021-07-15T09:25:34,2000.0,51.3,S
2021-07-15T09:25:28,2900.0,51.3,S
2021-07-15T09:25:05,700.0,51.4,S
2021-07-15T09:25:04,100.0,51.4,S
2021-07-15T09:24:49,200.0,51.4,S
2021-07-15T09:24:34,1000.0,51.4,B
2021-07-15T09:24:04,400.0,51.3,S
2021-07-15T09:23:42,3100.0,51.5,S
2021-07-15T09:23:34,500.0,51.5,S
2021-07-15T09:23:27,500.0,51.5,S
2021-07-15T09:22:43,200.0,51.5,B
2021-07-15T09:22:43,300.0,51.5,S
2021-07-15T09:22:34,1000.0,51.5,S
2021-07-15T09:22:31,500.0,51.5,S
2021-07-15T09:22:30,500.0,51.8,B
2021-07-15T09:21:29,500.0,51.5,S
2021-07-15T09:21:18,400.0,51.5,S
2021-07-15T09:21:16,200.0,51.5,S
2021-07-15T09:20:26,100.0,51.5,B
2021-07-15T09:20:25,1000.0,51.5,B
2021-07-15T09:20:05,600.0,51.5,B
2021-07-15T09:20:05,2900.0,51.5,B
2021-07-15T09:20:05,1000.0,51.5,B
2021-07-15T09:19:57,600.0,51.3,B
2021-07-15T09:19:55,500.0,51.3,B
2021-07-15T09:19:50,200.0,51.3,B
2021-07-15T09:19:23,100.0,51.2,B
2021-07-15T09:19:23,1100.0,51.2,B
2021-07-15T09:19:23,300.0,51.2,B
2021-07-15T09:19:20,1000.0,51.2,B
2021-07-15T09:18:50,1500.0,51.1,B
2021-07-15T09:18:48,1500.0,51.1,B
2021-07-15T09:18:48,8500.0,51.1,B
2021-07-15T09:18:43,400.0,51.1,B
2021-07-15T09:18:19,300.0,51.1,B
2021-07-15T09:17:57,500.0,51.1,B
