tradingTime,volume,price,side
2021-07-15T14:50:03,20000.0,2.5,S
2021-07-15T14:49:08,31600.0,2.5,S
2021-07-15T14:48:34,200.0,2.6,B
2021-07-15T14:47:58,16300.0,2.5,S
2021-07-15T14:44:08,200.0,2.6,B
2021-07-15T14:43:23,100.0,2.6,B
2021-07-15T14:30:58,900.0,2.5,S
2021-07-15T14:28:41,5000.0,2.5,S
2021-07-15T14:28:38,200.0,2.5,S
2021-07-15T14:27:59,100.0,2.5,S
2021-07-15T14:27:41,200.0,2.6,B
2021-07-15T14:27:31,500.0,2.6,B
2021-07-15T14:26:53,100.0,2.5,S
2021-07-15T14:26:39,40800.0,2.6,B
2021-07-15T14:25:35,100.0,2.5,S
2021-07-15T14:24:43,13100.0,2.6,B
2021-07-15T14:22:40,200.0,2.6,B
2021-07-15T14:18:18,300.0,2.6,B
2021-07-15T14:17:56,100.0,2.5,S
2021-07-15T14:17:50,100.0,2.6,B
2021-07-15T14:15:04,200.0,2.6,B
2021-07-15T14:14:26,200.0,2.6,B
2021-07-15T14:13:57,300.0,2.6,B
2021-07-15T14:13:42,100.0,2.5,S
2021-07-15T14:13:25,500.0,2.6,B
2021-07-15T14:12:10,200.0,2.6,B
2021-07-15T14:11:51,300.0,2.6,B
2021-07-15T14:11:29,10000.0,2.6,B
2021-07-15T14:11:19,300.0,2.6,B
2021-07-15T14:10:18,500.0,2.6,B
2021-07-15T14:03:48,100.0,2.5,S
2021-07-15T14:03:36,800.0,2.5,S
2021-07-15T14:02:24,5000.0,2.5,S
2021-07-15T13:59:58,200.0,2.5,S
2021-07-15T13:57:45,100.0,2.5,S
2021-07-15T13:56:48,100.0,2.6,B
2021-07-15T13:50:08,10000.0,2.5,S
2021-07-15T13:49:03,100.0,2.5,S
2021-07-15T13:48:36,36000.0,2.6,B
2021-07-15T13:46:29,10000.0,2.5,S
2021-07-15T13:42:32,1000.0,2.6,B
2021-07-15T13:41:17,300.0,2.5,S
2021-07-15T13:39:25,500.0,2.6,B
2021-07-15T13:38:40,3000.0,2.5,S
2021-07-15T13:38:01,3600.0,2.5,S
2021-07-15T13:36:20,5500.0,2.5,S
2021-07-15T13:31:46,1000.0,2.5,S
2021-07-15T13:31:04,10000.0,2.5,S
2021-07-15T13:26:32,1200.0,2.5,S
2021-07-15T13:24:59,15000.0,2.5,B
2021-07-15T13:24:57,1500.0,2.5,B
2021-07-15T13:24:54,300.0,2.5,B
2021-07-15T13:24:33,100.0,2.5,B
2021-07-15T13:23:51,3100.0,2.5,S
2021-07-15T13:22:53,200.0,2.5,S
2021-07-15T13:20:50,11900.0,2.5,B
2021-07-15T13:18:44,8100.0,2.5,S
2021-07-15T13:15:05,4000.0,2.5,B
2021-07-15T13:14:36,600.0,2.5,B
2021-07-15T13:11:28,3700.0,2.5,S
2021-07-15T13:10:32,800.0,2.5,B
2021-07-15T13:10:23,1000.0,2.5,B
2021-07-15T13:09:52,100.0,2.5,B
2021-07-15T13:09:49,1600.0,2.5,B
2021-07-15T13:07:39,500.0,2.5,B
2021-07-15T13:05:16,200.0,2.5,B
2021-07-15T13:05:14,5000.0,2.5,B
2021-07-15T13:05:01,100.0,2.5,B
2021-07-15T13:03:29,300.0,2.5,B
2021-07-15T13:02:49,1900.0,2.5,B
2021-07-15T13:00:28,1000.0,2.5,B
2021-07-15T13:00:28,300.0,2.5,B
2021-07-15T13:00:28,900.0,2.5,B
2021-07-15T13:00:28,200.0,2.5,B
2021-07-15T11:22:13,1000.0,2.5,B
2021-07-15T11:21:12,1000.0,2.5,B
2021-07-15T11:18:07,6500.0,2.5,S
2021-07-15T11:17:02,100.0,2.6,B
2021-07-15T11:16:48,1500.0,2.5,S
2021-07-15T11:16:30,10000.0,2.5,S
2021-07-15T11:16:00,100.0,2.6,B
2021-07-15T11:14:23,500.0,2.5,S
2021-07-15T11:13:14,2500.0,2.5,S
2021-07-15T11:12:57,100.0,2.5,S
2021-07-15T11:10:14,100.0,2.5,S
2021-07-15T11:09:41,100.0,2.5,S
2021-07-15T11:04:16,15000.0,2.5,S
2021-07-15T11:03:28,100.0,2.5,S
2021-07-15T10:58:32,3000.0,2.5,S
2021-07-15T10:57:18,3000.0,2.5,S
2021-07-15T10:56:27,100.0,2.5,S
2021-07-15T10:51:12,300.0,2.5,S
2021-07-15T10:49:20,13000.0,2.5,S
2021-07-15T10:48:33,200.0,2.5,S
2021-07-15T10:46:59,800.0,2.5,S
2021-07-15T10:46:45,11300.0,2.5,B
2021-07-15T10:44:45,300.0,2.5,B
2021-07-15T10:39:47,100.0,2.5,S
2021-07-15T10:37:52,200.0,2.6,B
2021-07-15T10:37:22,1600.0,2.5,S
2021-07-15T10:36:13,100.0,2.5,S
2021-07-15T10:35:32,200.0,2.5,S
2021-07-15T10:34:52,13000.0,2.5,S
2021-07-15T10:33:58,200.0,2.5,B
2021-07-15T10:30:22,1000.0,2.5,S
2021-07-15T10:30:06,3000.0,2.5,S
2021-07-15T10:29:51,4000.0,2.5,B
2021-07-15T10:28:10,800.0,2.5,B
2021-07-15T10:27:38,1400.0,2.5,S
2021-07-15T10:27:27,5000.0,2.5,S
2021-07-15T10:27:27,200.0,2.5,S
2021-07-15T10:27:10,7000.0,2.5,S
2021-07-15T10:26:53,1900.0,2.5,S
2021-07-15T10:24:04,200.0,2.5,S
2021-07-15T10:21:39,3200.0,2.5,S
2021-07-15T10:21:25,10000.0,2.5,B
2021-07-15T10:20:58,1000.0,2.5,B
2021-07-15T10:20:19,100000.0,2.5,B
2021-07-15T10:18:50,200.0,2.5,B
2021-07-15T10:17:15,1000.0,2.5,B
2021-07-15T10:16:52,400.0,2.5,B
2021-07-15T10:16:27,2000.0,2.5,B
2021-07-15T10:15:23,11600.0,2.5,B
2021-07-15T10:14:59,1000.0,2.5,B
2021-07-15T10:14:17,200.0,2.5,B
2021-07-15T10:12:14,100.0,2.4,S
2021-07-15T10:12:02,700.0,2.5,B
2021-07-15T10:10:54,92800.0,2.5,S
2021-07-15T10:08:12,300.0,2.5,S
2021-07-15T10:05:08,3000.0,2.5,S
2021-07-15T10:04:22,2000.0,2.5,S
2021-07-15T10:03:35,600.0,2.5,S
2021-07-15T10:02:27,5000.0,2.5,S
2021-07-15T10:01:42,100.0,2.5,S
2021-07-15T10:00:41,400.0,2.6,B
2021-07-15T09:58:12,200.0,2.6,B
2021-07-15T09:53:16,500.0,2.6,B
2021-07-15T09:50:02,2700.0,2.6,B
2021-07-15T09:47:07,100.0,2.6,B
2021-07-15T09:46:43,300.0,2.5,S
2021-07-15T09:41:11,1000.0,2.5,S
2021-07-15T09:39:39,100.0,2.6,B
2021-07-15T09:38:34,20000.0,2.5,S
2021-07-15T09:38:24,5000.0,2.5,S
2021-07-15T09:35:29,100.0,2.6,B
2021-07-15T09:34:22,400.0,2.5,S
2021-07-15T09:30:31,3000.0,2.5,S
2021-07-15T09:26:31,500.0,2.5,S
2021-07-15T09:26:22,100.0,2.5,S
2021-07-15T09:23:22,40100.0,2.5,B
2021-07-15T09:22:41,300.0,2.5,B
2021-07-15T09:22:28,1000.0,2.5,B
2021-07-15T09:21:15,5000.0,2.5,B
2021-07-15T09:20:53,100.0,2.5,B
2021-07-15T09:18:52,2000.0,2.4,S
2021-07-15T09:07:20,100.0,2.6,B
2021-07-15T09:07:06,30000.0,2.5,S
2021-07-15T09:06:54,200.0,2.5,B
2021-07-15T09:06:24,100.0,2.5,B
2021-07-15T09:04:45,100.0,2.4,S
2021-07-15T09:04:02,200.0,2.5,B
2021-07-15T09:03:49,100.0,2.5,B
2021-07-15T09:02:58,200.0,2.5,B
2021-07-15T09:02:38,100.0,2.4,S
2021-07-15T09:01:15,13300.0,2.5,S
2021-07-15T09:01:03,13500.0,2.5,S
2021-07-15T09:00:37,1000.0,2.5,S
2021-07-15T09:00:16,1900.0,2.5,S
