tradingTime,volume,price,side
2021-07-15T14:29:54,500.0,41.2,B
2021-07-15T14:29:51,10000.0,41.2,B
2021-07-15T14:29:49,1000.0,41.2,B
2021-07-15T14:29:45,100.0,41.2,B
2021-07-15T14:29:44,1000.0,41.2,B
2021-07-15T14:29:40,1000.0,41.2,B
2021-07-15T14:29:39,100.0,41.2,B
2021-07-15T14:29:38,1000.0,41.2,B
2021-07-15T14:29:34,500.0,41.2,B
2021-07-15T14:29:32,100.0,41.1,S
2021-07-15T14:29:30,400.0,41.2,B
2021-07-15T14:29:29,500.0,41.2,B
2021-07-15T14:29:25,300.0,41.2,B
2021-07-15T14:29:22,300.0,41.2,B
2021-07-15T14:29:20,3100.0,41.2,B
2021-07-15T14:29:18,1900.0,41.1,S
2021-07-15T14:29:17,200.0,41.2,B
2021-07-15T14:29:16,3000.0,41.2,B
2021-07-15T14:29:15,100.0,41.2,B
2021-07-15T14:29:06,100.0,41.1,S
2021-07-15T14:29:00,200.0,41.2,B
2021-07-15T14:28:56,5500.0,41.2,S
2021-07-15T14:28:54,400.0,41.2,S
2021-07-15T14:28:52,5000.0,41.2,S
2021-07-15T14:28:50,100.0,41.2,S
2021-07-15T14:28:47,18600.0,41.2,B
2021-07-15T14:28:37,3500.0,41.2,B
2021-07-15T14:28:36,2000.0,41.1,S
2021-07-15T14:28:32,100.0,41.2,B
2021-07-15T14:28:24,1000.0,41.1,S
2021-07-15T14:28:14,500.0,41.2,B
2021-07-15T14:28:13,100.0,41.1,S
2021-07-15T14:28:08,2000.0,41.2,B
2021-07-15T14:28:00,800.0,41.1,B
2021-07-15T14:27:59,100.0,41.1,B
2021-07-15T14:27:58,9100.0,41.1,S
2021-07-15T14:27:58,500.0,41.1,S
2021-07-15T14:27:55,200.0,41.1,S
2021-07-15T14:27:50,1700.0,41.1,B
2021-07-15T14:27:48,200.0,41.1,S
2021-07-15T14:27:47,900.0,41.1,B
2021-07-15T14:27:47,500.0,41.1,B
2021-07-15T14:27:45,200.0,41.1,B
2021-07-15T14:27:44,600.0,41.1,B
2021-07-15T14:27:41,300.0,41.1,B
2021-07-15T14:27:39,1000.0,41.1,B
2021-07-15T14:27:38,300.0,41.1,B
2021-07-15T14:27:35,2000.0,41.1,B
2021-07-15T14:27:34,500.0,41.1,B
2021-07-15T14:27:33,100.0,41.1,B
2021-07-15T14:27:29,1000.0,41.1,B
2021-07-15T14:27:22,1100.0,41.1,B
2021-07-15T14:27:19,700.0,41.1,B
2021-07-15T14:27:19,200.0,41.1,B
2021-07-15T14:27:16,3000.0,41.1,B
2021-07-15T14:27:16,600.0,41.1,B
2021-07-15T14:27:15,200.0,41.1,B
2021-07-15T14:27:14,9200.0,41.1,B
2021-07-15T14:27:10,2300.0,41.1,B
2021-07-15T14:27:05,100.0,41.1,B
2021-07-15T14:27:03,1000.0,41.1,B
2021-07-15T14:27:03,300.0,41.1,B
2021-07-15T14:26:58,1000.0,41.1,B
2021-07-15T14:26:57,200.0,41.1,B
2021-07-15T14:26:49,100.0,41.1,B
2021-07-15T14:26:48,500.0,41.1,B
2021-07-15T14:26:36,300.0,41.1,B
2021-07-15T14:26:31,1000.0,41.1,B
2021-07-15T14:26:25,100.0,41.1,B
2021-07-15T14:26:24,300.0,41.1,B
2021-07-15T14:26:23,400.0,41.1,B
2021-07-15T14:26:22,100.0,41.1,B
2021-07-15T14:26:14,200.0,41.1,B
2021-07-15T14:26:13,100.0,41.1,B
2021-07-15T14:26:11,20000.0,41.0,S
2021-07-15T14:26:11,4400.0,41.1,S
2021-07-15T14:26:04,600.0,41.1,S
2021-07-15T14:26:03,100.0,41.2,B
2021-07-15T14:25:54,500.0,41.1,S
2021-07-15T14:25:53,14500.0,41.1,S
2021-07-15T14:25:50,400.0,41.1,B
2021-07-15T14:25:47,100.0,41.1,B
2021-07-15T14:25:46,700.0,41.0,S
2021-07-15T14:25:30,500.0,41.1,B
2021-07-15T14:25:22,500.0,41.0,S
2021-07-15T14:25:21,2000.0,41.0,S
2021-07-15T14:25:19,500.0,41.0,S
2021-07-15T14:24:56,400.0,41.1,B
2021-07-15T14:24:53,300.0,41.1,S
2021-07-15T14:24:50,1100.0,41.1,S
2021-07-15T14:24:49,100.0,41.1,S
2021-07-15T14:24:49,100.0,41.1,S
2021-07-15T14:24:46,1000.0,41.1,S
2021-07-15T14:24:42,1700.0,41.1,S
2021-07-15T14:24:39,400.0,41.1,S
2021-07-15T14:24:26,500.0,41.1,S
2021-07-15T14:24:15,3000.0,41.2,S
2021-07-15T14:24:14,700.0,41.2,S
2021-07-15T14:24:10,1000.0,41.2,S
2021-07-15T14:24:01,1000.0,41.2,S
2021-07-15T14:23:59,500.0,41.2,S
2021-07-15T14:23:58,1000.0,41.2,S
2021-07-15T14:23:50,4100.0,41.2,S
2021-07-15T14:23:39,15400.0,41.3,S
2021-07-15T14:23:38,200.0,41.3,S
2021-07-15T14:23:35,100.0,41.3,S
2021-07-15T14:23:32,6400.0,41.3,S
2021-07-15T14:23:32,300.0,41.3,S
2021-07-15T14:23:20,100.0,41.3,S
2021-07-15T14:23:18,500.0,41.3,S
2021-07-15T14:23:11,1000.0,41.3,S
2021-07-15T14:23:09,1500.0,41.4,B
2021-07-15T14:23:05,100.0,41.3,S
2021-07-15T14:23:02,100.0,41.4,B
2021-07-15T14:22:54,200.0,41.4,B
2021-07-15T14:22:41,900.0,41.4,S
2021-07-15T14:22:40,100.0,41.4,S
2021-07-15T14:22:39,2000.0,41.3,S
2021-07-15T14:22:36,100.0,41.4,S
2021-07-15T14:22:36,1100.0,41.4,S
2021-07-15T14:22:35,500.0,41.4,S
2021-07-15T14:22:34,1000.0,41.4,S
2021-07-15T14:22:32,4200.0,41.4,S
2021-07-15T14:22:30,100.0,41.4,S
2021-07-15T14:22:29,300.0,41.5,B
2021-07-15T14:22:28,10000.0,41.4,S
2021-07-15T14:22:27,2000.0,41.4,S
2021-07-15T14:22:22,100.0,41.4,S
2021-07-15T14:22:20,500.0,41.4,S
2021-07-15T14:22:18,200.0,41.4,S
2021-07-15T14:22:13,5000.0,41.4,S
2021-07-15T14:22:12,500.0,41.4,S
2021-07-15T14:22:10,200.0,41.4,S
2021-07-15T14:22:06,200.0,41.4,S
2021-07-15T14:22:03,300.0,41.4,S
2021-07-15T14:21:59,500.0,41.4,S
2021-07-15T14:21:58,300.0,41.4,S
2021-07-15T14:21:57,2100.0,41.4,S
2021-07-15T14:21:56,1800.0,41.4,S
2021-07-15T14:21:54,1200.0,41.5,B
2021-07-15T14:21:52,200.0,41.4,S
2021-07-15T14:21:50,800.0,41.4,S
2021-07-15T14:21:49,200.0,41.4,S
2021-07-15T14:21:48,100.0,41.5,B
2021-07-15T14:21:45,1500.0,41.4,S
2021-07-15T14:21:45,100.0,41.4,S
2021-07-15T14:21:44,1000.0,41.4,S
2021-07-15T14:21:39,400.0,41.4,S
2021-07-15T14:21:38,300.0,41.4,S
2021-07-15T14:21:38,200.0,41.4,S
2021-07-15T14:21:37,1000.0,41.4,S
2021-07-15T14:21:36,100.0,41.4,S
2021-07-15T14:21:33,1500.0,41.4,S
2021-07-15T14:21:26,200.0,41.4,S
2021-07-15T14:21:18,1000.0,41.4,S
2021-07-15T14:21:15,9000.0,41.4,S
2021-07-15T14:21:10,100.0,41.4,S
2021-07-15T14:20:59,5000.0,41.4,S
2021-07-15T14:20:58,1000.0,41.4,S
2021-07-15T14:20:55,100.0,41.5,B
2021-07-15T14:20:54,1000.0,41.4,S
2021-07-15T14:20:47,200.0,41.4,S
2021-07-15T14:20:42,100.0,41.5,B
2021-07-15T14:20:41,1700.0,41.4,S
2021-07-15T14:20:40,300.0,41.4,S
2021-07-15T14:20:26,700.0,41.4,S
2021-07-15T14:20:22,2000.0,41.5,B
2021-07-15T14:20:19,5000.0,41.4,S
2021-07-15T14:20:16,6000.0,41.5,B
2021-07-15T14:20:15,100.0,41.4,S
2021-07-15T14:20:03,4800.0,41.5,B
2021-07-15T14:20:00,17000.0,41.4,S
2021-07-15T14:19:57,100.0,41.5,B
2021-07-15T14:19:55,700.0,41.5,B
2021-07-15T14:19:53,1500.0,41.4,S
2021-07-15T14:19:49,200.0,41.5,B
2021-07-15T14:19:45,200.0,41.4,S
2021-07-15T14:19:43,500.0,41.4,S
2021-07-15T14:19:32,100.0,41.4,S
2021-07-15T14:19:28,900.0,41.4,S
2021-07-15T14:19:24,100.0,41.5,B
2021-07-15T14:19:21,3900.0,41.4,B
2021-07-15T14:19:16,500.0,41.4,B
2021-07-15T14:19:15,100.0,41.4,B
2021-07-15T14:19:10,1000.0,41.5,B
2021-07-15T14:19:08,100.0,41.4,B
2021-07-15T14:19:01,200.0,41.5,B
2021-07-15T14:18:58,1000.0,41.3,S
2021-07-15T14:18:58,200.0,41.4,S
2021-07-15T14:18:56,100.0,41.5,B
2021-07-15T14:18:48,1000.0,41.4,S
2021-07-15T14:18:47,100.0,41.5,B
2021-07-15T14:18:45,100.0,41.4,S
2021-07-15T14:18:38,5000.0,41.4,S
2021-07-15T14:18:37,1000.0,41.5,S
2021-07-15T14:18:36,37100.0,41.5,B
2021-07-15T14:18:33,200.0,41.4,S
2021-07-15T14:18:31,100.0,41.4,S
2021-07-15T14:18:29,200.0,41.4,S
2021-07-15T14:18:27,700.0,41.4,B
2021-07-15T14:18:23,100.0,41.4,S
2021-07-15T14:18:15,100.0,41.4,B
2021-07-15T14:18:09,1000.0,41.5,B
2021-07-15T14:18:07,100.0,41.3,S
2021-07-15T14:18:03,100.0,41.3,S
2021-07-15T14:18:01,40400.0,41.5,B
2021-07-15T14:17:54,5000.0,41.4,B
2021-07-15T14:17:51,800.0,41.4,B
2021-07-15T14:17:50,1000.0,41.3,S
2021-07-15T14:17:46,400.0,41.3,S
2021-07-15T14:17:42,1000.0,41.3,S
2021-07-15T14:17:41,200.0,41.4,B
2021-07-15T14:17:40,700.0,41.4,B
2021-07-15T14:17:39,1000.0,41.3,S
2021-07-15T14:17:34,100.0,41.4,B
2021-07-15T14:17:29,5000.0,41.3,S
2021-07-15T14:17:18,200.0,41.3,S
2021-07-15T14:17:12,2000.0,41.3,S
2021-07-15T14:17:08,600.0,41.3,S
2021-07-15T14:16:57,2400.0,41.4,B
2021-07-15T14:16:53,300.0,41.3,S
2021-07-15T14:16:48,400.0,41.3,B
2021-07-15T14:16:47,500.0,41.3,B
2021-07-15T14:16:46,200.0,41.3,B
2021-07-15T14:16:44,300.0,41.2,S
2021-07-15T14:16:43,100.0,41.3,B
2021-07-15T14:16:42,300.0,41.3,S
2021-07-15T14:16:40,600.0,41.2,S
2021-07-15T14:16:36,100.0,41.3,S
2021-07-15T14:16:34,200.0,41.3,S
2021-07-15T14:16:30,500.0,41.3,B
2021-07-15T14:16:27,500.0,41.2,S
2021-07-15T14:16:26,10000.0,41.4,B
2021-07-15T14:16:25,200.0,41.3,B
2021-07-15T14:16:25,300.0,41.3,B
2021-07-15T14:16:20,900.0,41.3,B
2021-07-15T14:16:16,600.0,41.2,S
2021-07-15T14:16:14,100.0,41.2,S
2021-07-15T14:16:12,15400.0,41.2,B
2021-07-15T14:16:10,1000.0,41.2,B
2021-07-15T14:16:02,100.0,41.2,B
2021-07-15T14:15:59,3300.0,41.1,S
2021-07-15T14:15:48,1000.0,41.2,B
2021-07-15T14:15:44,900.0,41.1,B
2021-07-15T14:15:41,1000.0,41.1,B
2021-07-15T14:15:41,500.0,41.1,B
2021-07-15T14:15:40,1000.0,41.1,B
2021-07-15T14:15:37,100.0,41.0,S
2021-07-15T14:15:36,400.0,41.1,B
2021-07-15T14:15:32,300.0,41.1,B
2021-07-15T14:15:30,400.0,41.1,B
2021-07-15T14:15:25,200.0,41.0,S
2021-07-15T14:15:23,5000.0,41.0,S
2021-07-15T14:15:18,10000.0,41.0,S
2021-07-15T14:15:08,44600.0,41.0,B
2021-07-15T14:15:04,500.0,40.9,S
2021-07-15T14:15:03,1000.0,40.9,S
2021-07-15T14:15:02,100.0,40.9,S
2021-07-15T14:15:01,200.0,40.9,S
2021-07-15T14:14:59,100.0,40.9,S
2021-07-15T14:14:57,4700.0,40.9,B
2021-07-15T14:14:53,300.0,40.9,B
2021-07-15T14:14:51,500.0,40.9,B
2021-07-15T14:14:51,200.0,40.9,B
2021-07-15T14:14:50,5500.0,40.9,B
2021-07-15T14:14:47,1100.0,40.9,B
2021-07-15T14:14:45,200.0,40.8,S
2021-07-15T14:14:45,200.0,40.9,B
2021-07-15T14:14:41,1500.0,40.9,B
2021-07-15T14:14:36,6300.0,40.8,S
2021-07-15T14:14:34,300.0,40.7,S
2021-07-15T14:14:31,1000.0,40.8,B
2021-07-15T14:14:31,4000.0,40.8,B
2021-07-15T14:14:27,5000.0,40.7,S
2021-07-15T14:14:22,600.0,40.7,S
2021-07-15T14:14:21,1000.0,40.8,B
2021-07-15T14:14:09,200.0,40.7,S
2021-07-15T14:14:06,1000.0,40.8,B
2021-07-15T14:14:04,200.0,40.7,S
2021-07-15T14:14:03,700.0,40.7,B
2021-07-15T14:13:57,4800.0,40.7,B
2021-07-15T14:13:43,400.0,40.6,S
2021-07-15T14:13:36,1100.0,40.6,S
2021-07-15T14:13:27,5200.0,40.6,B
2021-07-15T14:13:19,20200.0,40.5,B
2021-07-15T14:13:14,100.0,40.5,B
2021-07-15T14:13:13,500.0,40.5,B
2021-07-15T14:13:12,100.0,40.5,B
2021-07-15T14:13:12,100.0,40.5,B
2021-07-15T14:13:09,9000.0,40.5,S
2021-07-15T14:13:02,5000.0,40.6,S
2021-07-15T14:12:56,1000.0,40.6,S
2021-07-15T14:12:55,100.0,40.6,S
2021-07-15T14:12:49,400.0,40.6,B
2021-07-15T14:12:48,200.0,40.5,S
2021-07-15T14:12:45,1500.0,40.6,B
2021-07-15T14:12:44,100.0,40.6,B
2021-07-15T14:12:42,100.0,40.6,B
2021-07-15T14:12:38,200.0,40.6,B
2021-07-15T14:12:31,100.0,40.6,B
2021-07-15T14:12:30,200.0,40.6,B
2021-07-15T14:12:19,500.0,40.6,S
2021-07-15T14:12:19,100.0,40.6,S
2021-07-15T14:12:16,1000.0,40.7,B
2021-07-15T14:12:14,100.0,40.6,B
2021-07-15T14:12:12,300.0,40.6,B
2021-07-15T14:12:08,200.0,40.6,S
2021-07-15T14:12:07,400.0,40.6,S
2021-07-15T14:12:07,1800.0,40.6,B
2021-07-15T14:12:06,1200.0,40.6,S
2021-07-15T14:12:03,100.0,40.6,S
2021-07-15T14:12:01,300.0,40.6,S
2021-07-15T14:11:58,200.0,40.7,B
2021-07-15T14:11:55,100.0,40.6,S
2021-07-15T14:11:54,400.0,40.6,S
2021-07-15T14:11:53,10000.0,40.6,S
2021-07-15T14:11:53,100.0,40.6,S
2021-07-15T14:11:51,100.0,40.7,B
2021-07-15T14:11:50,100.0,40.6,S
2021-07-15T14:11:49,100.0,40.6,S
2021-07-15T14:11:48,1000.0,40.7,B
2021-07-15T14:11:43,500.0,40.7,B
2021-07-15T14:11:42,7500.0,40.7,S
2021-07-15T14:11:33,1000.0,40.7,S
2021-07-15T14:11:30,1000.0,40.8,B
2021-07-15T14:11:30,2300.0,40.8,S
2021-07-15T14:11:29,2000.0,40.8,S
2021-07-15T14:11:28,700.0,40.8,S
2021-07-15T14:11:27,200.0,40.8,S
2021-07-15T14:11:24,10000.0,40.8,S
2021-07-15T14:11:22,200.0,40.8,S
2021-07-15T14:11:16,600.0,40.8,S
2021-07-15T14:11:15,100.0,40.8,S
2021-07-15T14:11:14,200.0,40.8,S
2021-07-15T14:11:09,200.0,40.8,S
2021-07-15T14:11:06,100.0,40.8,S
2021-07-15T14:11:05,100.0,40.8,S
2021-07-15T14:11:05,100.0,40.8,S
2021-07-15T14:11:04,300.0,40.8,S
2021-07-15T14:10:57,400.0,40.8,S
2021-07-15T14:10:56,1200.0,40.8,S
2021-07-15T14:10:55,1500.0,40.8,S
2021-07-15T14:10:54,500.0,40.8,S
2021-07-15T14:10:51,3100.0,40.8,S
2021-07-15T14:10:48,100.0,40.8,S
2021-07-15T14:10:46,3000.0,40.8,S
2021-07-15T14:10:43,1000.0,40.9,B
2021-07-15T14:10:41,500.0,40.8,S
2021-07-15T14:10:39,300.0,40.8,S
2021-07-15T14:10:33,900.0,40.8,S
2021-07-15T14:10:27,3500.0,40.8,S
2021-07-15T14:10:26,100.0,40.9,B
2021-07-15T14:10:07,100.0,40.9,B
2021-07-15T14:10:05,100.0,40.9,B
2021-07-15T14:09:58,500.0,40.9,B
2021-07-15T14:09:56,200.0,40.8,S
2021-07-15T14:09:56,100.0,40.9,B
2021-07-15T14:09:55,300.0,40.9,B
2021-07-15T14:09:42,2000.0,40.9,B
2021-07-15T14:09:40,300.0,40.8,S
2021-07-15T14:09:39,300.0,40.8,S
2021-07-15T14:09:32,700.0,40.9,B
2021-07-15T14:09:26,2300.0,40.8,S
2021-07-15T14:09:24,100.0,40.9,S
2021-07-15T14:09:23,500.0,40.9,S
2021-07-15T14:09:18,2000.0,40.9,S
2021-07-15T14:09:14,500.0,40.9,S
2021-07-15T14:09:14,100.0,40.9,S
2021-07-15T14:09:09,800.0,40.9,S
2021-07-15T14:09:04,10000.0,40.8,S
2021-07-15T14:09:00,8000.0,41.0,B
2021-07-15T14:08:49,3300.0,40.9,S
2021-07-15T14:08:48,4800.0,41.0,B
2021-07-15T14:08:45,300.0,40.9,S
2021-07-15T14:08:43,1100.0,40.9,S
2021-07-15T14:08:41,5000.0,41.0,B
2021-07-15T14:08:33,16200.0,41.0,S
2021-07-15T14:08:32,5000.0,41.0,S
2021-07-15T14:08:31,100.0,41.0,S
2021-07-15T14:08:29,400.0,41.0,S
2021-07-15T14:08:29,200.0,41.0,S
2021-07-15T14:08:29,10700.0,41.1,B
2021-07-15T14:08:28,1000.0,41.0,S
2021-07-15T14:08:28,16300.0,41.0,S
2021-07-15T14:08:26,1900.0,41.0,S
2021-07-15T14:08:24,100.0,41.0,S
2021-07-15T14:08:23,7600.0,41.0,S
2021-07-15T14:08:19,200.0,41.0,S
2021-07-15T14:08:17,200.0,41.1,B
2021-07-15T14:08:14,100.0,41.0,S
2021-07-15T14:08:13,100.0,41.1,B
2021-07-15T14:08:11,400.0,41.0,S
2021-07-15T14:08:09,2500.0,41.1,S
2021-07-15T14:08:05,300.0,41.1,S
2021-07-15T14:08:04,100.0,41.1,S
2021-07-15T14:07:58,21600.0,41.1,S
2021-07-15T14:07:57,3400.0,41.1,S
2021-07-15T14:07:56,100.0,41.1,S
2021-07-15T14:07:56,300.0,41.1,S
2021-07-15T14:07:55,1000.0,41.1,S
2021-07-15T14:07:52,500.0,41.2,B
2021-07-15T14:07:50,1000.0,41.1,S
2021-07-15T14:07:49,1300.0,41.1,S
2021-07-15T14:07:46,100.0,41.2,B
2021-07-15T14:07:43,1100.0,41.1,S
2021-07-15T14:07:42,1400.0,41.1,S
2021-07-15T14:07:41,6100.0,41.1,S
2021-07-15T14:07:40,100.0,41.2,B
2021-07-15T14:07:35,900.0,41.1,S
2021-07-15T14:07:33,100.0,41.2,B
2021-07-15T14:07:32,100.0,41.2,S
2021-07-15T14:07:31,100.0,41.2,S
2021-07-15T14:07:30,200.0,41.3,B
2021-07-15T14:07:30,500.0,41.2,S
2021-07-15T14:07:25,4000.0,41.2,S
2021-07-15T14:07:24,1200.0,41.3,B
2021-07-15T14:07:23,1000.0,41.3,S
2021-07-15T14:07:22,200.0,41.3,S
2021-07-15T14:07:21,200.0,41.3,S
2021-07-15T14:07:17,1000.0,41.3,S
2021-07-15T14:07:14,100.0,41.4,B
2021-07-15T14:07:14,500.0,41.3,S
2021-07-15T14:07:13,300.0,41.4,B
2021-07-15T14:07:13,100.0,41.4,B
2021-07-15T14:07:12,300.0,41.4,S
2021-07-15T14:07:10,200.0,41.4,S
2021-07-15T14:07:10,400.0,41.4,S
2021-07-15T14:07:10,200.0,41.4,S
2021-07-15T14:07:09,1500.0,41.5,B
2021-07-15T14:07:05,200.0,41.5,B
2021-07-15T14:07:04,200.0,41.5,B
2021-07-15T14:07:03,1000.0,41.5,B
2021-07-15T14:07:02,800.0,41.5,B
2021-07-15T14:07:02,1000.0,41.5,B
2021-07-15T14:07:01,200.0,41.5,B
2021-07-15T14:07:01,500.0,41.5,S
2021-07-15T14:07:00,1000.0,41.5,S
2021-07-15T14:07:00,500.0,41.5,S
2021-07-15T14:06:59,2000.0,41.6,B
2021-07-15T14:06:56,5000.0,41.5,S
2021-07-15T14:06:55,4000.0,41.5,S
2021-07-15T14:06:55,1000.0,41.6,B
2021-07-15T14:06:54,500.0,41.6,B
2021-07-15T14:06:50,1000.0,41.7,B
2021-07-15T14:06:49,300.0,41.6,B
2021-07-15T14:06:47,300.0,41.6,S
2021-07-15T14:06:46,1000.0,41.6,S
2021-07-15T14:06:46,600.0,41.6,S
2021-07-15T14:06:45,100.0,41.6,S
2021-07-15T14:06:44,600.0,41.6,S
2021-07-15T14:06:43,1900.0,41.6,S
2021-07-15T14:06:40,500.0,41.6,S
2021-07-15T14:06:38,200.0,41.6,S
2021-07-15T14:06:36,2000.0,41.7,B
2021-07-15T14:06:34,3000.0,41.7,B
2021-07-15T14:06:34,900.0,41.7,B
2021-07-15T14:06:32,500.0,41.7,B
2021-07-15T14:06:31,500.0,41.7,S
2021-07-15T14:06:31,5600.0,41.7,S
2021-07-15T14:06:31,10500.0,41.7,S
2021-07-15T14:06:30,100.0,41.7,S
2021-07-15T14:06:28,7700.0,41.8,B
2021-07-15T14:06:26,100.0,41.7,S
2021-07-15T14:06:24,1000.0,41.7,S
2021-07-15T14:06:23,5000.0,41.7,S
2021-07-15T14:06:19,100.0,41.7,S
2021-07-15T14:06:19,5000.0,41.7,S
2021-07-15T14:06:18,1000.0,41.8,B
2021-07-15T14:06:17,300.0,41.8,B
2021-07-15T14:06:11,1000.0,41.8,B
2021-07-15T14:06:11,500.0,41.8,B
2021-07-15T14:06:07,400.0,41.8,B
2021-07-15T14:06:05,300.0,41.8,B
2021-07-15T14:06:04,200.0,41.8,B
2021-07-15T14:06:03,10000.0,41.8,B
2021-07-15T14:06:01,1000.0,41.8,B
2021-07-15T14:06:01,400.0,41.8,B
2021-07-15T14:06:00,400.0,41.8,B
2021-07-15T14:06:00,21800.0,41.8,S
2021-07-15T14:05:58,100.0,41.8,S
2021-07-15T14:05:57,100.0,41.8,S
2021-07-15T14:05:56,500.0,41.9,B
2021-07-15T14:05:51,1000.0,41.9,B
2021-07-15T14:05:45,100.0,41.8,S
2021-07-15T14:05:44,100.0,41.8,S
2021-07-15T14:05:43,500.0,41.8,S
2021-07-15T14:05:41,100.0,41.8,S
2021-07-15T14:05:32,400.0,41.8,S
2021-07-15T14:05:26,500.0,41.8,S
2021-07-15T14:05:24,1100.0,41.8,S
2021-07-15T14:05:23,100.0,41.8,B
2021-07-15T14:05:23,5200.0,41.8,B
2021-07-15T14:05:20,100.0,41.8,B
2021-07-15T14:05:20,100.0,41.8,B
2021-07-15T14:05:15,500.0,41.8,B
2021-07-15T14:05:11,200.0,41.8,B
2021-07-15T14:05:05,100.0,41.8,B
2021-07-15T14:05:04,900.0,41.8,B
2021-07-15T14:05:03,5000.0,41.8,B
2021-07-15T14:05:01,200.0,41.7,S
2021-07-15T14:04:57,100.0,41.8,B
2021-07-15T14:04:56,300.0,41.8,B
2021-07-15T14:04:56,2000.0,41.8,B
2021-07-15T14:04:55,13000.0,41.8,B
2021-07-15T14:04:50,200.0,41.8,B
2021-07-15T14:04:48,400.0,41.8,B
2021-07-15T14:04:45,500.0,41.8,B
2021-07-15T14:04:43,800.0,41.8,B
2021-07-15T14:04:38,3100.0,41.8,B
2021-07-15T14:04:33,500.0,41.7,S
2021-07-15T14:04:24,1000.0,41.8,B
2021-07-15T14:04:23,500.0,41.8,B
2021-07-15T14:04:21,100.0,41.8,B
2021-07-15T14:04:18,200.0,41.7,S
2021-07-15T14:04:18,500.0,41.7,S
2021-07-15T14:04:16,5000.0,41.7,S
2021-07-15T14:04:15,1000.0,41.7,S
2021-07-15T14:04:14,1000.0,41.7,S
2021-07-15T14:04:10,100.0,41.7,S
2021-07-15T14:04:05,200.0,41.7,S
2021-07-15T14:04:04,1400.0,41.8,B
2021-07-15T14:04:04,200.0,41.7,S
2021-07-15T14:04:03,100.0,41.7,B
2021-07-15T14:04:03,500.0,41.7,B
2021-07-15T14:04:02,100.0,41.7,B
2021-07-15T14:03:56,10000.0,41.7,B
2021-07-15T14:03:55,1000.0,41.6,S
2021-07-15T14:03:55,1000.0,41.6,S
2021-07-15T14:03:51,100.0,41.6,S
2021-07-15T14:03:49,100.0,41.6,S
2021-07-15T14:03:49,100.0,41.6,S
2021-07-15T14:03:45,500.0,41.6,S
2021-07-15T14:03:44,100.0,41.6,S
2021-07-15T14:03:43,2000.0,41.6,S
2021-07-15T14:03:42,300.0,41.6,S
2021-07-15T14:03:41,1700.0,41.6,B
2021-07-15T14:03:40,100.0,41.5,S
2021-07-15T14:03:39,500.0,41.5,S
2021-07-15T14:03:38,500.0,41.6,B
2021-07-15T14:03:36,100.0,41.5,S
2021-07-15T14:03:33,5000.0,41.6,B
2021-07-15T14:03:32,2000.0,41.6,B
2021-07-15T14:03:26,9800.0,41.5,B
2021-07-15T14:03:20,3000.0,41.5,B
2021-07-15T14:03:19,400.0,41.5,B
2021-07-15T14:03:18,2000.0,41.5,B
2021-07-15T14:03:17,1000.0,41.5,B
2021-07-15T14:03:17,100.0,41.4,S
2021-07-15T14:03:16,100.0,41.5,B
2021-07-15T14:03:13,400.0,41.5,B
2021-07-15T14:03:12,1000.0,41.5,B
2021-07-15T14:03:10,10000.0,41.5,B
2021-07-15T14:03:06,2000.0,41.5,B
2021-07-15T14:03:03,2000.0,41.5,B
2021-07-15T14:03:00,2000.0,41.5,B
2021-07-15T14:02:58,600.0,41.4,S
2021-07-15T14:02:58,300.0,41.5,B
2021-07-15T14:02:57,700.0,41.5,B
2021-07-15T14:02:56,100.0,41.5,B
2021-07-15T14:02:56,900.0,41.5,B
2021-07-15T14:02:48,100.0,41.5,B
2021-07-15T14:02:45,100.0,41.5,B
2021-07-15T14:02:43,100.0,41.5,B
2021-07-15T14:02:42,600.0,41.4,S
2021-07-15T14:02:41,8500.0,41.5,B
2021-07-15T14:02:40,300.0,41.4,S
2021-07-15T14:02:33,2800.0,41.5,B
2021-07-15T14:02:26,5000.0,41.5,B
2021-07-15T14:02:25,2500.0,41.4,B
2021-07-15T14:02:25,1400.0,41.4,B
2021-07-15T14:02:24,1000.0,41.4,B
2021-07-15T14:02:20,500.0,41.4,B
2021-07-15T14:02:18,9000.0,41.4,B
2021-07-15T14:02:18,200.0,41.4,B
2021-07-15T14:02:15,1000.0,41.4,B
2021-07-15T14:02:14,500.0,41.4,B
2021-07-15T14:02:08,200.0,41.4,B
2021-07-15T14:02:06,500.0,41.4,B
2021-07-15T14:02:06,5000.0,41.4,B
2021-07-15T14:02:03,500.0,41.4,B
2021-07-15T14:02:02,300.0,41.4,B
2021-07-15T14:02:00,100.0,41.4,B
2021-07-15T14:01:59,100.0,41.4,B
2021-07-15T14:01:55,1000.0,41.4,B
2021-07-15T14:01:54,1000.0,41.4,B
2021-07-15T14:01:52,1000.0,41.4,B
2021-07-15T14:01:52,100.0,41.4,B
2021-07-15T14:01:44,500.0,41.4,B
2021-07-15T14:01:42,600.0,41.3,S
2021-07-15T14:01:41,200.0,41.3,S
2021-07-15T14:01:40,300.0,41.3,S
2021-07-15T14:01:38,2000.0,41.2,S
2021-07-15T14:01:34,4100.0,41.4,B
2021-07-15T14:01:31,100.0,41.3,B
2021-07-15T14:01:30,11000.0,41.3,B
2021-07-15T14:01:30,100.0,41.3,S
2021-07-15T14:01:29,100.0,41.4,B
2021-07-15T14:01:26,1000.0,41.3,S
2021-07-15T14:01:19,100.0,41.3,S
2021-07-15T14:01:14,2500.0,41.3,B
2021-07-15T14:01:09,10000.0,41.3,B
2021-07-15T14:01:09,100.0,41.3,B
2021-07-15T14:01:07,2000.0,41.3,B
2021-07-15T14:01:04,200.0,41.2,S
2021-07-15T14:01:00,7200.0,41.3,B
2021-07-15T14:01:00,24000.0,41.3,B
2021-07-15T14:00:59,900.0,41.2,B
2021-07-15T14:00:52,200.0,41.2,B
2021-07-15T14:00:50,5000.0,41.2,B
2021-07-15T14:00:50,600.0,41.2,B
2021-07-15T14:00:50,4000.0,41.2,B
2021-07-15T14:00:49,1000.0,41.2,B
2021-07-15T14:00:48,500.0,41.1,S
2021-07-15T14:00:48,500.0,41.2,B
2021-07-15T14:00:43,2000.0,41.2,B
2021-07-15T14:00:42,24000.0,41.1,S
2021-07-15T14:00:39,300.0,41.2,B
2021-07-15T14:00:38,200.0,41.2,B
2021-07-15T14:00:35,100.0,41.2,B
2021-07-15T14:00:34,1000.0,41.2,B
2021-07-15T14:00:34,2400.0,41.1,S
2021-07-15T14:00:32,10000.0,41.1,S
2021-07-15T14:00:32,1000.0,41.2,B
2021-07-15T14:00:30,200.0,41.2,B
2021-07-15T14:00:29,100.0,41.2,B
2021-07-15T14:00:25,100.0,41.1,S
2021-07-15T14:00:21,1000.0,41.1,S
2021-07-15T14:00:15,5200.0,41.2,B
2021-07-15T14:00:12,100.0,41.1,S
2021-07-15T14:00:11,500.0,41.1,S
2021-07-15T14:00:06,100.0,41.1,S
2021-07-15T14:00:05,5000.0,41.2,B
2021-07-15T14:00:04,300.0,41.1,S
2021-07-15T14:00:02,6000.0,41.1,S
2021-07-15T14:00:00,400.0,41.1,S
2021-07-15T13:59:50,200.0,41.1,B
2021-07-15T13:59:49,100.0,41.1,B
2021-07-15T13:59:48,200.0,41.1,B
2021-07-15T13:59:48,1000.0,41.1,B
2021-07-15T13:59:46,1100.0,41.1,B
2021-07-15T13:59:45,100.0,41.1,B
2021-07-15T13:59:43,6300.0,41.1,B
2021-07-15T13:59:38,2000.0,41.1,B
2021-07-15T13:59:35,200.0,41.0,S
2021-07-15T13:59:33,2500.0,41.1,B
2021-07-15T13:59:31,100.0,41.0,S
2021-07-15T13:59:30,300.0,41.1,B
2021-07-15T13:59:29,100.0,41.0,S
2021-07-15T13:59:27,100.0,41.0,S
2021-07-15T13:59:23,1000.0,41.0,S
2021-07-15T13:59:23,100.0,41.0,S
2021-07-15T13:59:17,500.0,41.1,B
2021-07-15T13:59:13,200.0,41.0,S
2021-07-15T13:59:11,2000.0,41.1,B
2021-07-15T13:59:10,100.0,41.0,S
2021-07-15T13:59:09,100.0,41.0,S
2021-07-15T13:59:06,1000.0,41.0,S
2021-07-15T13:59:01,400.0,41.0,S
2021-07-15T13:58:55,100.0,41.0,S
2021-07-15T13:58:55,10000.0,41.1,B
2021-07-15T13:58:54,4900.0,41.0,B
2021-07-15T13:58:53,900.0,41.0,B
2021-07-15T13:58:53,4500.0,41.0,B
2021-07-15T13:58:52,3900.0,41.0,B
2021-07-15T13:58:52,5000.0,41.0,B
2021-07-15T13:58:51,5800.0,41.0,B
2021-07-15T13:58:49,1000.0,41.0,B
2021-07-15T13:58:48,400.0,41.0,B
2021-07-15T13:58:47,1000.0,41.0,B
2021-07-15T13:58:46,300.0,41.0,B
2021-07-15T13:58:44,200.0,41.0,B
2021-07-15T13:58:44,2800.0,41.0,B
2021-07-15T13:58:43,200.0,41.0,B
2021-07-15T13:58:42,2000.0,41.0,B
2021-07-15T13:58:41,300.0,41.0,B
2021-07-15T13:58:40,10100.0,41.0,B
2021-07-15T13:58:39,1700.0,41.0,B
2021-07-15T13:58:38,500.0,41.0,B
2021-07-15T13:58:37,2000.0,41.0,B
2021-07-15T13:58:37,3000.0,41.0,B
2021-07-15T13:58:36,100.0,41.0,B
2021-07-15T13:58:35,100.0,41.0,B
2021-07-15T13:58:34,200.0,41.0,B
2021-07-15T13:58:33,5000.0,41.0,B
2021-07-15T13:58:33,4600.0,41.0,B
2021-07-15T13:58:29,300.0,41.0,B
2021-07-15T13:58:29,1000.0,41.0,B
2021-07-15T13:58:28,400.0,41.0,B
2021-07-15T13:58:28,100.0,41.0,B
2021-07-15T13:58:27,7500.0,41.0,B
2021-07-15T13:58:26,1000.0,41.0,B
2021-07-15T13:58:25,3000.0,40.9,S
2021-07-15T13:58:22,800.0,41.0,B
2021-07-15T13:58:21,5000.0,41.0,B
2021-07-15T13:58:20,500.0,41.0,B
2021-07-15T13:58:16,4000.0,41.0,B
2021-07-15T13:58:15,500.0,41.0,B
2021-07-15T13:58:15,10000.0,41.0,B
2021-07-15T13:58:14,200.0,40.9,S
2021-07-15T13:58:13,500.0,41.0,B
2021-07-15T13:58:12,1000.0,41.0,B
2021-07-15T13:58:11,100.0,41.0,B
2021-07-15T13:58:10,5700.0,41.0,B
2021-07-15T13:58:04,100.0,41.0,B
2021-07-15T13:58:04,3000.0,41.0,B
2021-07-15T13:58:03,200.0,41.0,B
2021-07-15T13:58:02,800.0,41.0,B
2021-07-15T13:58:01,10000.0,41.0,B
2021-07-15T13:58:00,100.0,41.0,B
2021-07-15T13:57:58,2000.0,40.9,S
2021-07-15T13:57:57,600.0,41.0,B
2021-07-15T13:57:56,500.0,41.0,B
2021-07-15T13:57:54,500.0,41.0,B
2021-07-15T13:57:54,1000.0,41.0,B
2021-07-15T13:57:52,3000.0,41.0,B
2021-07-15T13:57:50,1100.0,41.0,B
2021-07-15T13:57:49,500.0,41.0,B
2021-07-15T13:57:48,2000.0,41.0,B
2021-07-15T13:57:44,100.0,41.0,B
2021-07-15T13:57:42,1200.0,41.0,B
2021-07-15T13:57:38,5500.0,41.0,B
2021-07-15T13:57:36,100.0,41.0,B
2021-07-15T13:57:35,100.0,41.0,B
2021-07-15T13:57:35,700.0,41.0,B
2021-07-15T13:57:33,10000.0,41.0,B
2021-07-15T13:57:33,500.0,41.0,B
2021-07-15T13:57:31,100.0,41.0,B
2021-07-15T13:57:30,200.0,41.0,B
2021-07-15T13:57:30,200.0,41.0,B
2021-07-15T13:57:28,1200.0,41.0,B
2021-07-15T13:57:25,100.0,41.0,B
2021-07-15T13:57:22,100.0,41.0,B
2021-07-15T13:57:21,1000.0,41.0,B
2021-07-15T13:57:20,4000.0,41.0,B
2021-07-15T13:57:19,1000.0,41.0,B
2021-07-15T13:57:19,100.0,40.9,S
2021-07-15T13:57:18,200.0,41.0,B
2021-07-15T13:57:15,500.0,40.9,S
2021-07-15T13:57:14,2000.0,40.9,S
2021-07-15T13:57:13,1000.0,40.9,S
2021-07-15T13:57:12,100.0,40.9,S
2021-07-15T13:57:10,2000.0,40.9,S
2021-07-15T13:57:06,3000.0,41.0,B
2021-07-15T13:57:04,100.0,40.9,S
2021-07-15T13:57:01,200.0,40.9,S
2021-07-15T13:56:59,500.0,40.9,S
2021-07-15T13:56:58,3400.0,40.9,B
2021-07-15T13:56:57,3000.0,40.9,B
2021-07-15T13:56:57,1300.0,40.9,B
2021-07-15T13:56:55,3900.0,40.9,B
2021-07-15T13:56:55,1000.0,40.9,B
2021-07-15T13:56:54,900.0,40.9,B
2021-07-15T13:56:54,200.0,40.9,B
2021-07-15T13:56:49,100.0,40.9,B
2021-07-15T13:56:47,1000.0,40.9,B
2021-07-15T13:56:44,500.0,40.9,B
2021-07-15T13:56:43,10100.0,40.9,B
2021-07-15T13:56:35,100.0,40.9,B
2021-07-15T13:56:27,200.0,40.8,S
2021-07-15T13:56:27,3000.0,40.9,B
2021-07-15T13:56:26,100.0,40.8,S
2021-07-15T13:56:25,200.0,40.8,S
2021-07-15T13:56:25,200.0,40.9,B
2021-07-15T13:56:21,1000.0,40.9,B
2021-07-15T13:56:20,1000.0,40.7,S
2021-07-15T13:56:18,200.0,40.8,B
2021-07-15T13:56:14,2600.0,40.9,B
2021-07-15T13:56:13,100.0,40.8,B
2021-07-15T13:56:13,500.0,40.8,B
2021-07-15T13:56:09,10000.0,40.8,B
2021-07-15T13:56:09,300.0,40.8,B
2021-07-15T13:56:01,10000.0,40.8,B
2021-07-15T13:56:00,2000.0,40.7,S
2021-07-15T13:55:54,100.0,40.7,S
2021-07-15T13:55:52,2300.0,40.7,S
2021-07-15T13:55:51,2000.0,40.7,S
2021-07-15T13:55:47,400.0,40.7,S
2021-07-15T13:55:43,10000.0,40.8,B
2021-07-15T13:55:36,10000.0,40.7,B
2021-07-15T13:55:35,100.0,40.7,B
2021-07-15T13:55:33,100.0,40.6,S
2021-07-15T13:55:31,100.0,40.7,B
2021-07-15T13:55:30,100.0,40.7,B
2021-07-15T13:55:29,100.0,40.6,S
2021-07-15T13:55:27,200.0,40.6,S
2021-07-15T13:55:26,600.0,40.7,B
2021-07-15T13:55:25,100.0,40.6,S
2021-07-15T13:55:24,1000.0,40.7,B
2021-07-15T13:55:24,100.0,40.7,B
2021-07-15T13:55:19,23000.0,40.6,B
2021-07-15T13:55:18,100.0,40.6,B
2021-07-15T13:55:16,400.0,40.6,B
2021-07-15T13:55:07,1000.0,40.6,B
2021-07-15T13:55:04,200.0,40.6,B
2021-07-15T13:55:02,20100.0,40.6,B
2021-07-15T13:54:57,100.0,40.5,S
2021-07-15T13:54:53,100.0,40.5,S
2021-07-15T13:54:50,5000.0,40.5,S
2021-07-15T13:54:49,15400.0,40.5,B
2021-07-15T13:54:48,2900.0,40.4,S
2021-07-15T13:54:47,800.0,40.5,B
2021-07-15T13:54:44,5000.0,40.5,B
2021-07-15T13:54:43,20000.0,40.5,B
2021-07-15T13:54:43,500.0,40.4,S
2021-07-15T13:54:39,2000.0,40.5,B
2021-07-15T13:54:34,50000.0,40.5,B
2021-07-15T13:54:31,200.0,40.5,B
2021-07-15T13:54:16,2000.0,40.4,S
2021-07-15T13:54:12,100.0,40.4,S
2021-07-15T13:54:12,500.0,40.4,S
2021-07-15T13:54:02,3000.0,40.5,B
2021-07-15T13:54:00,300.0,40.4,S
2021-07-15T13:54:00,100.0,40.4,S
2021-07-15T13:53:58,100.0,40.4,S
2021-07-15T13:53:45,100.0,40.4,S
2021-07-15T13:53:39,100.0,40.4,S
2021-07-15T13:53:38,300.0,40.4,S
2021-07-15T13:53:36,200.0,40.4,S
2021-07-15T13:53:31,6900.0,40.4,B
2021-07-15T13:53:28,4100.0,40.4,B
2021-07-15T13:53:22,1300.0,40.4,B
2021-07-15T13:53:21,2400.0,40.4,B
2021-07-15T13:53:21,100.0,40.4,B
2021-07-15T13:53:12,1500.0,40.4,B
2021-07-15T13:53:07,1000.0,40.3,S
2021-07-15T13:53:04,5000.0,40.4,B
2021-07-15T13:52:59,500.0,40.4,B
2021-07-15T13:52:56,100.0,40.4,B
2021-07-15T13:52:40,100.0,40.3,S
2021-07-15T13:52:38,200.0,40.4,B
2021-07-15T13:52:37,20000.0,40.4,B
2021-07-15T13:52:29,100.0,40.3,S
2021-07-15T13:52:22,100.0,40.3,S
2021-07-15T13:52:18,400.0,40.3,S
2021-07-15T13:52:09,3100.0,40.3,S
2021-07-15T13:52:03,100.0,40.3,S
2021-07-15T13:51:58,2000.0,40.3,S
2021-07-15T13:51:51,100.0,40.4,B
2021-07-15T13:51:39,100.0,40.3,S
2021-07-15T13:51:34,1000.0,40.3,S
2021-07-15T13:51:31,200.0,40.3,S
2021-07-15T13:51:28,100.0,40.4,B
2021-07-15T13:51:22,1200.0,40.3,S
2021-07-15T13:51:14,100.0,40.3,S
2021-07-15T13:51:12,200.0,40.3,S
2021-07-15T13:51:10,5000.0,40.3,S
2021-07-15T13:51:09,100.0,40.3,S
2021-07-15T13:50:54,100.0,40.3,S
2021-07-15T13:50:53,400.0,40.3,S
2021-07-15T13:50:51,1000.0,40.4,B
2021-07-15T13:50:48,5000.0,40.3,S
2021-07-15T13:50:46,400.0,40.3,S
2021-07-15T13:50:45,2000.0,40.3,S
2021-07-15T13:50:40,500.0,40.3,S
2021-07-15T13:50:31,300.0,40.3,S
2021-07-15T13:50:14,100.0,40.3,S
2021-07-15T13:50:12,500.0,40.3,S
2021-07-15T13:50:10,100.0,40.3,S
2021-07-15T13:50:09,500.0,40.3,S
2021-07-15T13:50:01,2000.0,40.3,S
2021-07-15T13:49:59,10100.0,40.3,S
2021-07-15T13:49:58,200.0,40.3,S
2021-07-15T13:49:55,500.0,40.3,S
2021-07-15T13:49:47,600.0,40.3,S
2021-07-15T13:49:41,300.0,40.3,S
2021-07-15T13:49:26,100.0,40.3,S
2021-07-15T13:49:24,100.0,40.3,S
2021-07-15T13:49:23,100.0,40.4,B
2021-07-15T13:49:22,500.0,40.3,S
2021-07-15T13:49:18,3100.0,40.3,S
2021-07-15T13:49:14,800.0,40.3,S
2021-07-15T13:49:09,100.0,40.3,S
2021-07-15T13:49:02,300.0,40.3,S
2021-07-15T13:49:01,100.0,40.3,S
2021-07-15T13:48:54,1200.0,40.3,S
2021-07-15T13:48:53,2400.0,40.3,B
2021-07-15T13:48:51,300.0,40.3,B
2021-07-15T13:48:49,200.0,40.3,B
2021-07-15T13:48:41,1000.0,40.3,B
2021-07-15T13:48:38,100.0,40.2,S
2021-07-15T13:48:38,2000.0,40.3,B
2021-07-15T13:48:32,3000.0,40.3,B
2021-07-15T13:48:28,5000.0,40.3,B
2021-07-15T13:48:28,300.0,40.2,S
2021-07-15T13:48:24,600.0,40.2,S
2021-07-15T13:48:23,500.0,40.3,B
2021-07-15T13:48:11,4200.0,40.3,S
2021-07-15T13:48:08,100.0,40.3,S
2021-07-15T13:48:06,100.0,40.3,S
2021-07-15T13:48:05,100.0,40.3,B
2021-07-15T13:48:05,1800.0,40.3,B
2021-07-15T13:48:04,200.0,40.3,B
2021-07-15T13:48:02,2000.0,40.3,S
2021-07-15T13:48:01,200.0,40.4,B
2021-07-15T13:47:56,2000.0,40.3,S
2021-07-15T13:47:49,2000.0,40.3,S
2021-07-15T13:47:47,3000.0,40.3,S
2021-07-15T13:47:45,100.0,40.3,S
2021-07-15T13:47:44,100.0,40.3,S
2021-07-15T13:47:41,800.0,40.3,S
2021-07-15T13:47:33,1000.0,40.3,S
2021-07-15T13:47:25,1400.0,40.3,B
2021-07-15T13:47:22,1300.0,40.3,B
2021-07-15T13:47:15,100.0,40.2,S
2021-07-15T13:47:11,100.0,40.3,B
2021-07-15T13:47:08,3000.0,40.3,B
2021-07-15T13:47:08,400.0,40.3,B
2021-07-15T13:47:06,500.0,40.3,B
2021-07-15T13:46:54,4000.0,40.3,B
2021-07-15T13:46:49,2000.0,40.3,S
2021-07-15T13:46:47,100.0,40.3,S
2021-07-15T13:46:45,100.0,40.3,S
2021-07-15T13:46:41,300.0,40.3,S
2021-07-15T13:46:38,200.0,40.3,S
2021-07-15T13:46:35,300.0,40.3,S
2021-07-15T13:46:35,700.0,40.3,B
2021-07-15T13:46:31,100.0,40.3,B
2021-07-15T13:46:26,1000.0,40.3,B
2021-07-15T13:46:25,100.0,40.3,B
2021-07-15T13:46:15,100.0,40.3,B
2021-07-15T13:46:08,1000.0,40.3,B
2021-07-15T13:46:03,100.0,40.3,B
2021-07-15T13:46:02,200.0,40.3,B
2021-07-15T13:46:01,5000.0,40.3,B
2021-07-15T13:46:00,1300.0,40.3,B
2021-07-15T13:45:56,100.0,40.3,B
2021-07-15T13:45:56,3500.0,40.3,B
2021-07-15T13:45:55,200.0,40.3,B
2021-07-15T13:45:51,100.0,40.3,B
2021-07-15T13:45:47,100.0,40.3,S
2021-07-15T13:45:47,300.0,40.3,S
2021-07-15T13:45:45,600.0,40.3,S
2021-07-15T13:45:43,1000.0,40.3,S
2021-07-15T13:45:39,400.0,40.3,S
2021-07-15T13:45:34,1000.0,40.3,S
2021-07-15T13:45:33,700.0,40.3,S
2021-07-15T13:45:27,1100.0,40.3,S
2021-07-15T13:45:21,500.0,40.4,B
2021-07-15T13:45:12,1000.0,40.3,S
2021-07-15T13:45:03,400.0,40.3,S
2021-07-15T13:45:00,2000.0,40.3,S
2021-07-15T13:45:00,2400.0,40.3,S
2021-07-15T13:44:53,500.0,40.3,B
2021-07-15T13:44:51,1000.0,40.3,B
2021-07-15T13:44:51,100.0,40.3,B
2021-07-15T13:44:41,2100.0,40.3,S
2021-07-15T13:44:29,1400.0,40.4,B
2021-07-15T13:44:24,2100.0,40.4,B
2021-07-15T13:44:17,2100.0,40.4,B
2021-07-15T13:44:10,700.0,40.4,B
2021-07-15T13:44:08,1000.0,40.4,B
2021-07-15T13:44:01,500.0,40.4,B
2021-07-15T13:44:00,1100.0,40.2,S
2021-07-15T13:43:59,100.0,40.4,B
2021-07-15T13:43:53,2000.0,40.2,S
2021-07-15T13:43:49,500.0,40.3,S
2021-07-15T13:43:45,800.0,40.4,B
2021-07-15T13:43:43,500.0,40.3,B
2021-07-15T13:43:42,400.0,40.3,B
2021-07-15T13:43:40,500.0,40.3,B
2021-07-15T13:43:38,2000.0,40.3,B
2021-07-15T13:43:38,100.0,40.3,B
2021-07-15T13:43:37,100.0,40.3,B
2021-07-15T13:43:32,1000.0,40.3,B
2021-07-15T13:43:31,300.0,40.3,B
2021-07-15T13:43:20,1000.0,40.3,B
2021-07-15T13:43:16,1000.0,40.3,B
2021-07-15T13:43:12,15000.0,40.3,B
2021-07-15T13:43:05,300.0,40.3,B
2021-07-15T13:42:49,10100.0,40.2,B
2021-07-15T13:42:48,100.0,40.2,B
2021-07-15T13:42:38,1000.0,40.2,B
2021-07-15T13:42:38,1000.0,40.1,S
2021-07-15T13:42:36,300.0,40.1,S
2021-07-15T13:42:29,200.0,40.1,S
2021-07-15T13:42:27,100.0,40.1,S
2021-07-15T13:42:24,1000.0,40.1,S
2021-07-15T13:42:23,500.0,40.2,B
2021-07-15T13:42:22,100.0,40.1,S
2021-07-15T13:42:22,100.0,40.1,S
2021-07-15T13:42:20,500.0,40.1,S
2021-07-15T13:42:15,1000.0,40.1,S
2021-07-15T13:42:08,5600.0,40.1,S
2021-07-15T13:41:55,4000.0,40.1,S
2021-07-15T13:41:55,600.0,40.2,B
2021-07-15T13:41:52,900.0,40.2,B
2021-07-15T13:41:49,100.0,40.2,B
2021-07-15T13:41:43,300.0,40.1,S
2021-07-15T13:41:41,100.0,40.1,S
2021-07-15T13:41:33,100.0,40.2,B
2021-07-15T13:41:32,1100.0,40.2,B
2021-07-15T13:41:31,200.0,40.2,B
2021-07-15T13:41:30,500.0,40.2,B
2021-07-15T13:41:28,200.0,40.2,S
2021-07-15T13:41:28,900.0,40.2,S
2021-07-15T13:41:27,1000.0,40.2,S
2021-07-15T13:41:25,100.0,40.2,S
2021-07-15T13:41:23,2000.0,40.2,S
2021-07-15T13:41:21,2400.0,40.3,B
2021-07-15T13:41:20,300.0,40.2,S
2021-07-15T13:41:18,100.0,40.2,S
2021-07-15T13:41:14,4700.0,40.2,S
2021-07-15T13:41:09,5000.0,40.3,S
2021-07-15T13:41:04,100.0,40.3,S
2021-07-15T13:41:04,2500.0,40.4,B
2021-07-15T13:41:03,200.0,40.4,B
2021-07-15T13:41:02,400.0,40.3,S
2021-07-15T13:40:55,11700.0,40.4,S
2021-07-15T13:40:54,2000.0,40.5,B
2021-07-15T13:40:54,200.0,40.5,B
2021-07-15T13:40:51,500.0,40.5,B
2021-07-15T13:40:50,200.0,40.5,B
2021-07-15T13:40:49,3000.0,40.5,B
2021-07-15T13:40:46,100.0,40.5,B
2021-07-15T13:40:45,1100.0,40.5,S
2021-07-15T13:40:41,300.0,40.5,S
2021-07-15T13:40:41,6100.0,40.5,S
2021-07-15T13:40:38,1800.0,40.6,B
2021-07-15T13:40:38,2000.0,40.5,S
2021-07-15T13:40:36,100.0,40.5,S
2021-07-15T13:40:28,3000.0,40.5,S
2021-07-15T13:40:27,100.0,40.5,S
2021-07-15T13:40:24,200.0,40.6,B
2021-07-15T13:40:24,700.0,40.5,S
2021-07-15T13:40:23,100.0,40.6,B
2021-07-15T13:40:21,4000.0,40.6,B
2021-07-15T13:40:15,200.0,40.5,S
2021-07-15T13:40:12,200.0,40.6,S
2021-07-15T13:40:09,500.0,40.6,B
2021-07-15T13:40:08,100.0,40.6,B
2021-07-15T13:40:08,10000.0,40.6,B
2021-07-15T13:40:03,500.0,40.6,B
2021-07-15T13:40:01,1000.0,40.5,S
2021-07-15T13:39:57,200.0,40.6,B
2021-07-15T13:39:54,100.0,40.6,S
2021-07-15T13:39:54,200.0,40.6,S
2021-07-15T13:39:53,2500.0,40.5,S
2021-07-15T13:39:52,100.0,40.6,S
2021-07-15T13:39:50,100.0,40.6,S
2021-07-15T13:39:47,100.0,40.6,S
2021-07-15T13:39:45,200.0,40.6,S
2021-07-15T13:39:43,300.0,40.6,S
2021-07-15T13:39:41,200.0,40.6,S
2021-07-15T13:39:36,1000.0,40.6,S
2021-07-15T13:39:36,100.0,40.6,S
2021-07-15T13:39:32,100.0,40.6,S
2021-07-15T13:39:31,100.0,40.6,B
2021-07-15T13:39:30,6100.0,40.6,B
2021-07-15T13:39:29,300.0,40.5,B
2021-07-15T13:39:29,700.0,40.5,S
2021-07-15T13:39:28,100.0,40.5,S
2021-07-15T13:39:27,100.0,40.5,S
2021-07-15T13:39:27,500.0,40.6,B
2021-07-15T13:39:20,5200.0,40.5,S
2021-07-15T13:39:17,100.0,40.5,S
2021-07-15T13:39:09,600.0,40.5,S
2021-07-15T13:39:09,100.0,40.6,B
2021-07-15T13:39:07,100.0,40.6,B
2021-07-15T13:39:06,100.0,40.5,S
2021-07-15T13:38:58,1100.0,40.5,S
2021-07-15T13:38:56,1200.0,40.5,S
2021-07-15T13:38:54,7200.0,40.6,B
2021-07-15T13:38:53,1000.0,40.5,S
2021-07-15T13:38:51,10000.0,40.5,S
2021-07-15T13:38:49,300.0,40.5,S
2021-07-15T13:38:46,100.0,40.5,S
2021-07-15T13:38:44,5900.0,40.5,B
2021-07-15T13:38:43,1000.0,40.4,S
2021-07-15T13:38:41,1000.0,40.5,B
2021-07-15T13:38:40,5000.0,40.5,B
2021-07-15T13:38:36,10000.0,40.5,B
2021-07-15T13:38:32,500.0,40.4,S
2021-07-15T13:38:23,1000.0,40.4,S
2021-07-15T13:38:21,2000.0,40.5,B
2021-07-15T13:38:19,200.0,40.5,B
2021-07-15T13:38:16,5000.0,40.5,B
2021-07-15T13:38:15,5000.0,40.5,B
2021-07-15T13:38:15,5000.0,40.5,B
2021-07-15T13:38:15,200.0,40.5,B
2021-07-15T13:38:13,300.0,40.5,B
2021-07-15T13:38:12,1500.0,40.5,B
2021-07-15T13:38:11,7300.0,40.5,B
2021-07-15T13:38:11,1400.0,40.5,B
2021-07-15T13:38:10,20000.0,40.5,B
2021-07-15T13:38:08,5000.0,40.5,B
2021-07-15T13:38:07,500.0,40.5,B
2021-07-15T13:38:06,200.0,40.4,S
2021-07-15T13:38:03,10000.0,40.5,B
2021-07-15T13:37:57,600.0,40.4,S
2021-07-15T13:37:56,2000.0,40.5,B
2021-07-15T13:37:56,10000.0,40.5,B
2021-07-15T13:37:55,500.0,40.4,S
2021-07-15T13:37:54,100.0,40.4,S
2021-07-15T13:37:52,1800.0,40.5,B
2021-07-15T13:37:47,100.0,40.5,B
2021-07-15T13:37:47,100.0,40.5,B
2021-07-15T13:37:46,1000.0,40.4,S
2021-07-15T13:37:46,500.0,40.5,B
2021-07-15T13:37:42,10000.0,40.5,B
2021-07-15T13:37:36,1000.0,40.4,S
2021-07-15T13:37:36,10000.0,40.5,B
2021-07-15T13:37:35,1000.0,40.5,B
2021-07-15T13:37:32,100.0,40.4,S
2021-07-15T13:37:29,200.0,40.5,B
2021-07-15T13:37:24,6600.0,40.4,S
2021-07-15T13:37:23,100.0,40.4,S
2021-07-15T13:37:21,7900.0,40.4,B
2021-07-15T13:37:08,300.0,40.3,S
2021-07-15T13:37:06,10000.0,40.4,B
2021-07-15T13:37:01,10000.0,40.3,B
2021-07-15T13:36:59,200.0,40.2,S
2021-07-15T13:36:58,3000.0,40.3,B
2021-07-15T13:36:56,3300.0,40.3,B
2021-07-15T13:36:52,100.0,40.2,S
2021-07-15T13:36:50,2500.0,40.3,B
2021-07-15T13:36:44,1000.0,40.2,S
2021-07-15T13:36:39,6500.0,40.3,B
2021-07-15T13:36:35,300.0,40.3,B
2021-07-15T13:36:34,10000.0,40.3,B
2021-07-15T13:36:31,5000.0,40.1,S
2021-07-15T13:36:17,2000.0,40.3,B
2021-07-15T13:36:15,2000.0,40.1,S
2021-07-15T13:36:10,100.0,40.2,B
2021-07-15T13:36:08,30000.0,40.2,B
2021-07-15T13:36:07,200.0,40.1,S
2021-07-15T13:36:06,400.0,40.2,B
2021-07-15T13:36:04,200.0,40.1,S
2021-07-15T13:35:58,5000.0,40.2,B
2021-07-15T13:35:51,2000.0,40.1,S
2021-07-15T13:35:46,100.0,40.1,B
2021-07-15T13:35:45,100.0,40.1,S
2021-07-15T13:35:41,6800.0,40.2,B
2021-07-15T13:35:38,100.0,40.0,S
2021-07-15T13:35:35,100.0,40.1,B
2021-07-15T13:35:33,300.0,40.1,B
2021-07-15T13:35:30,300.0,40.1,B
2021-07-15T13:35:28,1000.0,40.1,B
2021-07-15T13:35:27,1000.0,40.0,S
2021-07-15T13:35:21,1000.0,40.0,B
2021-07-15T13:35:20,400.0,40.0,B
2021-07-15T13:35:15,2300.0,39.9,S
2021-07-15T13:35:13,100.0,40.0,S
2021-07-15T13:35:09,100.0,40.0,B
2021-07-15T13:35:09,1000.0,40.0,B
2021-07-15T13:35:08,900.0,40.0,B
2021-07-15T13:35:07,2000.0,40.0,B
2021-07-15T13:35:04,300.0,39.9,S
2021-07-15T13:35:03,100.0,40.0,B
2021-07-15T13:35:03,1000.0,39.9,S
2021-07-15T13:35:02,9900.0,40.0,B
2021-07-15T13:35:01,1000.0,40.0,B
2021-07-15T13:35:00,5900.0,40.0,B
2021-07-15T13:34:58,5400.0,40.0,B
2021-07-15T13:34:58,4000.0,40.0,B
2021-07-15T13:34:57,8700.0,40.0,B
2021-07-15T13:34:57,600.0,40.0,B
2021-07-15T13:34:54,5000.0,40.0,B
2021-07-15T13:34:54,500.0,40.0,B
2021-07-15T13:34:50,9100.0,40.0,B
2021-07-15T13:34:50,100.0,40.0,B
2021-07-15T13:34:47,600.0,40.0,B
2021-07-15T13:34:46,5000.0,40.0,B
2021-07-15T13:34:43,1000.0,40.0,B
2021-07-15T13:34:42,5000.0,40.0,B
2021-07-15T13:34:42,1500.0,40.0,B
2021-07-15T13:34:40,200.0,40.0,B
2021-07-15T13:34:39,4500.0,40.0,B
2021-07-15T13:34:37,100.0,40.0,B
2021-07-15T13:34:35,800.0,40.0,B
2021-07-15T13:34:35,10000.0,40.0,B
2021-07-15T13:34:34,200.0,40.0,B
2021-07-15T13:34:34,200.0,40.0,B
2021-07-15T13:34:33,600.0,39.9,S
2021-07-15T13:34:32,100.0,40.0,B
2021-07-15T13:34:30,5000.0,40.0,B
2021-07-15T13:34:29,8000.0,40.0,B
2021-07-15T13:34:25,68000.0,40.0,B
2021-07-15T13:34:15,300.0,40.0,B
2021-07-15T13:34:13,500.0,39.9,S
2021-07-15T13:34:06,300.0,39.9,S
2021-07-15T13:34:03,1000.0,39.9,S
2021-07-15T13:33:58,500.0,39.9,S
2021-07-15T13:33:52,100.0,39.9,S
2021-07-15T13:33:51,1000.0,39.9,S
2021-07-15T13:33:49,4000.0,40.0,B
2021-07-15T13:33:42,1900.0,39.9,B
2021-07-15T13:33:40,60400.0,39.8,S
2021-07-15T13:33:34,200.0,39.9,B
2021-07-15T13:33:18,5100.0,39.8,B
2021-07-15T13:33:14,2000.0,39.7,S
2021-07-15T13:33:13,5000.0,39.8,B
2021-07-15T13:33:09,12000.0,39.8,B
2021-07-15T13:33:07,10000.0,39.8,B
2021-07-15T13:33:05,3000.0,39.8,B
2021-07-15T13:33:05,500.0,39.8,B
2021-07-15T13:33:04,800.0,39.8,B
2021-07-15T13:32:59,100.0,39.8,B
2021-07-15T13:32:58,200.0,39.7,S
2021-07-15T13:32:58,5000.0,39.8,B
2021-07-15T13:32:49,2000.0,39.8,B
2021-07-15T13:32:41,400.0,39.7,S
2021-07-15T13:32:37,500.0,39.8,B
2021-07-15T13:32:36,500.0,39.8,B
2021-07-15T13:32:31,100.0,39.7,S
2021-07-15T13:32:14,200.0,39.7,S
2021-07-15T13:32:13,100.0,39.7,S
2021-07-15T13:32:09,200.0,39.7,S
2021-07-15T13:32:00,100.0,39.7,B
2021-07-15T13:31:50,9700.0,39.8,B
2021-07-15T13:31:50,300.0,39.7,B
2021-07-15T13:31:48,14000.0,39.7,B
2021-07-15T13:31:46,300.0,39.7,B
2021-07-15T13:31:37,300.0,39.7,B
2021-07-15T13:31:34,100.0,39.7,B
2021-07-15T13:31:28,500.0,39.7,B
2021-07-15T13:31:21,100.0,39.7,B
2021-07-15T13:31:19,100.0,39.7,B
2021-07-15T13:31:10,100.0,39.7,B
2021-07-15T13:31:10,300.0,39.7,B
2021-07-15T13:31:08,1000.0,39.7,B
2021-07-15T13:31:08,25000.0,39.7,B
2021-07-15T13:30:46,1000.0,39.7,B
2021-07-15T13:30:44,2000.0,39.7,B
2021-07-15T13:30:42,200.0,39.7,B
2021-07-15T13:30:28,2000.0,39.7,B
2021-07-15T13:30:27,1000.0,39.6,S
2021-07-15T13:30:18,1000.0,39.7,B
2021-07-15T13:30:02,600.0,39.6,B
2021-07-15T13:30:01,1000.0,39.6,B
2021-07-15T13:29:53,100.0,39.6,B
2021-07-15T13:29:45,100.0,39.6,B
2021-07-15T13:29:42,1000.0,39.6,B
2021-07-15T13:29:42,1500.0,39.6,B
2021-07-15T13:29:40,2000.0,39.6,B
2021-07-15T13:29:39,1500.0,39.6,B
2021-07-15T13:29:39,200.0,39.6,B
2021-07-15T13:29:36,500.0,39.6,B
2021-07-15T13:29:36,1000.0,39.6,B
2021-07-15T13:29:34,100.0,39.6,B
2021-07-15T13:29:34,5000.0,39.6,B
2021-07-15T13:29:27,1000.0,39.6,B
2021-07-15T13:29:23,100.0,39.6,B
2021-07-15T13:28:50,500.0,39.6,B
2021-07-15T13:28:40,200.0,39.5,S
2021-07-15T13:28:33,700.0,39.5,S
2021-07-15T13:28:19,200.0,39.5,S
2021-07-15T13:27:53,300.0,39.5,S
2021-07-15T13:27:46,2000.0,39.5,S
2021-07-15T13:27:40,100.0,39.6,B
2021-07-15T13:27:24,1000.0,39.6,B
2021-07-15T13:27:22,5000.0,39.6,B
2021-07-15T13:27:14,4000.0,39.6,B
2021-07-15T13:26:58,100.0,39.6,B
2021-07-15T13:26:38,300.0,39.6,B
2021-07-15T13:26:38,500.0,39.5,S
2021-07-15T13:26:31,2500.0,39.6,B
2021-07-15T13:26:26,500.0,39.6,B
2021-07-15T13:26:18,100.0,39.5,S
2021-07-15T13:26:13,300.0,39.5,S
2021-07-15T13:26:04,800.0,39.5,B
2021-07-15T13:26:02,300.0,39.5,S
2021-07-15T13:25:49,500.0,39.5,S
2021-07-15T13:25:48,100.0,39.5,S
2021-07-15T13:25:36,300.0,39.5,S
2021-07-15T13:25:33,100.0,39.5,B
2021-07-15T13:25:26,1000.0,39.5,B
2021-07-15T13:25:25,300.0,39.5,B
2021-07-15T13:25:22,1600.0,39.5,S
2021-07-15T13:25:13,400.0,39.5,B
2021-07-15T13:25:06,300.0,39.5,B
2021-07-15T13:25:01,400.0,39.5,S
2021-07-15T13:24:50,500.0,39.6,B
2021-07-15T13:24:35,1600.0,39.5,B
2021-07-15T13:24:18,100.0,39.4,S
2021-07-15T13:23:45,2000.0,39.4,S
2021-07-15T13:23:42,500.0,39.6,B
2021-07-15T13:23:32,100.0,39.6,B
2021-07-15T13:23:10,1000.0,39.5,S
2021-07-15T13:23:09,300.0,39.6,B
2021-07-15T13:23:01,200.0,39.5,S
2021-07-15T13:22:56,1600.0,39.5,S
2021-07-15T13:22:44,100.0,39.5,S
2021-07-15T13:22:41,1000.0,39.5,S
2021-07-15T13:22:40,200.0,39.5,S
2021-07-15T13:22:37,3000.0,39.5,S
2021-07-15T13:22:34,500.0,39.5,S
2021-07-15T13:22:28,2200.0,39.5,S
2021-07-15T13:22:26,1000.0,39.5,S
2021-07-15T13:22:26,100.0,39.5,S
2021-07-15T13:22:25,2000.0,39.5,S
2021-07-15T13:22:21,100.0,39.5,S
2021-07-15T13:22:20,1000.0,39.5,S
2021-07-15T13:22:19,500.0,39.6,B
2021-07-15T13:22:16,100.0,39.5,S
2021-07-15T13:22:04,100.0,39.5,S
2021-07-15T13:21:55,1500.0,39.6,B
2021-07-15T13:21:48,3800.0,39.6,S
2021-07-15T13:21:46,100.0,39.7,B
2021-07-15T13:21:44,7900.0,39.6,S
2021-07-15T13:21:43,400.0,39.7,B
2021-07-15T13:21:40,40000.0,39.6,S
2021-07-15T13:21:34,200.0,39.6,S
2021-07-15T13:21:28,2900.0,39.6,S
2021-07-15T13:21:23,200.0,39.7,B
2021-07-15T13:21:18,800.0,39.7,B
2021-07-15T13:21:17,600.0,39.7,B
2021-07-15T13:21:12,6600.0,39.7,S
2021-07-15T13:21:11,100.0,39.7,S
2021-07-15T13:21:08,500.0,39.7,S
2021-07-15T13:21:08,2000.0,39.7,S
2021-07-15T13:21:06,200.0,39.7,S
2021-07-15T13:21:03,100.0,39.7,S
2021-07-15T13:20:58,200.0,39.7,S
2021-07-15T13:20:57,500.0,39.7,S
2021-07-15T13:20:52,100.0,39.7,S
2021-07-15T13:20:49,100.0,39.7,S
2021-07-15T13:20:49,200.0,39.7,S
2021-07-15T13:20:43,400.0,39.7,S
2021-07-15T13:20:41,2200.0,39.7,S
2021-07-15T13:20:40,100.0,39.7,B
2021-07-15T13:20:28,2500.0,39.7,B
2021-07-15T13:20:26,500.0,39.7,B
2021-07-15T13:20:19,1600.0,39.7,B
2021-07-15T13:20:18,200.0,39.7,B
2021-07-15T13:20:18,300.0,39.7,B
2021-07-15T13:20:17,3200.0,39.7,B
2021-07-15T13:20:10,200.0,39.6,S
2021-07-15T13:20:05,400.0,39.7,B
2021-07-15T13:19:48,5000.0,39.7,S
2021-07-15T13:19:47,1300.0,39.7,S
2021-07-15T13:19:46,500.0,39.7,S
2021-07-15T13:19:46,100.0,39.7,S
2021-07-15T13:19:44,500.0,39.8,B
2021-07-15T13:19:43,3000.0,39.7,S
2021-07-15T13:19:39,200.0,39.7,S
2021-07-15T13:19:37,500.0,39.8,B
2021-07-15T13:19:35,600.0,39.7,S
2021-07-15T13:19:34,2000.0,39.7,S
2021-07-15T13:19:34,2000.0,39.7,S
2021-07-15T13:19:32,500.0,39.7,S
2021-07-15T13:19:31,100.0,39.7,S
2021-07-15T13:19:30,5000.0,39.7,S
2021-07-15T13:19:28,100.0,39.7,S
2021-07-15T13:19:27,400.0,39.7,S
2021-07-15T13:19:27,100.0,39.7,S
2021-07-15T13:19:22,200.0,39.7,S
2021-07-15T13:19:22,300.0,39.7,S
2021-07-15T13:19:19,1600.0,39.7,S
2021-07-15T13:19:16,300.0,39.7,S
2021-07-15T13:19:15,500.0,39.7,S
2021-07-15T13:19:14,100.0,39.7,S
2021-07-15T13:19:13,100.0,39.7,S
2021-07-15T13:19:11,1000.0,39.7,S
2021-07-15T13:19:07,10000.0,39.7,S
2021-07-15T13:19:06,2000.0,39.7,S
2021-07-15T13:19:02,100.0,39.7,S
2021-07-15T13:18:57,300.0,39.7,S
2021-07-15T13:18:55,300.0,39.7,S
2021-07-15T13:18:54,400.0,39.7,S
2021-07-15T13:18:49,500.0,39.7,S
2021-07-15T13:18:48,2000.0,39.8,B
2021-07-15T13:18:46,1000.0,39.7,S
2021-07-15T13:18:27,100.0,39.7,S
2021-07-15T13:18:24,100.0,39.7,S
2021-07-15T13:18:18,20700.0,39.7,S
2021-07-15T13:18:14,2300.0,39.7,B
2021-07-15T13:18:09,100.0,39.7,B
2021-07-15T13:18:08,200.0,39.7,B
2021-07-15T13:18:06,100.0,39.6,S
2021-07-15T13:18:02,200.0,39.7,B
2021-07-15T13:17:58,500.0,39.6,S
2021-07-15T13:17:56,100.0,39.7,B
2021-07-15T13:17:55,1300.0,39.7,B
2021-07-15T13:17:42,2000.0,39.7,B
2021-07-15T13:17:42,500.0,39.7,B
2021-07-15T13:17:39,200.0,39.7,B
2021-07-15T13:17:39,500.0,39.7,B
2021-07-15T13:17:38,500.0,39.7,B
2021-07-15T13:17:33,500.0,39.7,B
2021-07-15T13:17:31,100.0,39.7,B
2021-07-15T13:17:29,900.0,39.6,S
2021-07-15T13:17:28,100.0,39.7,B
2021-07-15T13:17:24,2000.0,39.7,B
2021-07-15T13:17:17,500.0,39.7,B
2021-07-15T13:17:11,2200.0,39.7,B
2021-07-15T13:17:09,100.0,39.7,B
2021-07-15T13:17:08,900.0,39.7,B
2021-07-15T13:17:07,5000.0,39.7,B
2021-07-15T13:17:06,400.0,39.7,B
2021-07-15T13:17:04,200.0,39.7,B
2021-07-15T13:16:55,500.0,39.7,B
2021-07-15T13:16:54,1000.0,39.7,B
2021-07-15T13:16:53,600.0,39.7,B
2021-07-15T13:16:50,2000.0,39.7,B
2021-07-15T13:16:41,5000.0,39.7,B
2021-07-15T13:16:38,6700.0,39.7,B
2021-07-15T13:16:16,600.0,39.6,B
2021-07-15T13:16:13,2000.0,39.6,B
2021-07-15T13:16:12,300.0,39.6,B
2021-07-15T13:16:08,100.0,39.6,B
2021-07-15T13:16:07,5300.0,39.6,B
2021-07-15T13:16:04,500.0,39.6,B
2021-07-15T13:15:57,100.0,39.6,B
2021-07-15T13:15:57,100.0,39.6,B
2021-07-15T13:15:51,300.0,39.6,B
2021-07-15T13:15:44,500.0,39.6,B
2021-07-15T13:15:43,1000.0,39.5,S
2021-07-15T13:15:41,1000.0,39.6,B
2021-07-15T13:15:40,3000.0,39.5,S
2021-07-15T13:15:35,500.0,39.6,B
2021-07-15T13:15:34,100.0,39.6,B
2021-07-15T13:15:33,100.0,39.6,B
2021-07-15T13:15:33,2000.0,39.6,B
2021-07-15T13:15:32,600.0,39.6,B
2021-07-15T13:15:32,1100.0,39.6,B
2021-07-15T13:15:31,1000.0,39.6,B
2021-07-15T13:15:26,1000.0,39.6,B
2021-07-15T13:15:19,200.0,39.6,B
2021-07-15T13:15:09,3500.0,39.5,B
2021-07-15T13:15:06,1000.0,39.5,B
2021-07-15T13:15:06,2000.0,39.5,B
2021-07-15T13:15:00,1400.0,39.5,B
2021-07-15T13:14:58,100.0,39.5,B
2021-07-15T13:14:51,3000.0,39.5,B
2021-07-15T13:14:49,400.0,39.5,B
2021-07-15T13:14:49,100.0,39.5,B
2021-07-15T13:14:49,1300.0,39.5,B
2021-07-15T13:14:49,1300.0,39.5,B
2021-07-15T13:14:41,2600.0,39.5,B
2021-07-15T13:14:41,500.0,39.5,B
2021-07-15T13:14:40,1000.0,39.5,B
2021-07-15T13:14:39,2000.0,39.5,B
2021-07-15T13:14:38,1000.0,39.5,B
2021-07-15T13:14:37,20000.0,39.5,B
2021-07-15T13:14:36,3000.0,39.5,B
2021-07-15T13:14:36,300.0,39.5,B
2021-07-15T13:14:33,200.0,39.5,B
2021-07-15T13:14:32,400.0,39.5,B
2021-07-15T13:14:30,100.0,39.5,B
2021-07-15T13:14:25,100.0,39.5,B
2021-07-15T13:14:21,200.0,39.5,B
2021-07-15T13:14:20,100.0,39.5,B
2021-07-15T13:14:20,500.0,39.5,B
2021-07-15T13:14:11,1000.0,39.5,B
2021-07-15T13:14:08,4000.0,39.5,B
2021-07-15T13:14:06,400.0,39.5,B
2021-07-15T13:14:03,300.0,39.5,B
2021-07-15T13:14:01,3300.0,39.5,B
2021-07-15T13:14:00,1000.0,39.5,B
2021-07-15T13:13:58,300.0,39.5,B
2021-07-15T13:13:51,2000.0,39.5,B
2021-07-15T13:13:51,10000.0,39.5,B
2021-07-15T13:13:50,300.0,39.5,B
2021-07-15T13:13:49,2000.0,39.5,B
2021-07-15T13:13:48,2000.0,39.5,B
2021-07-15T13:13:45,100.0,39.5,B
2021-07-15T13:13:42,200.0,39.5,B
2021-07-15T13:13:40,400.0,39.5,B
2021-07-15T13:13:38,1000.0,39.5,B
2021-07-15T13:13:36,3000.0,39.5,B
2021-07-15T13:13:35,1000.0,39.5,B
2021-07-15T13:13:35,3000.0,39.5,B
2021-07-15T13:13:32,3000.0,39.5,B
2021-07-15T13:13:22,100.0,39.5,B
2021-07-15T13:13:17,300.0,39.4,B
2021-07-15T13:13:15,1800.0,39.4,B
2021-07-15T13:13:15,300.0,39.4,B
2021-07-15T13:13:15,300.0,39.4,B
2021-07-15T13:13:13,1000.0,39.4,B
2021-07-15T13:13:10,1000.0,39.4,B
2021-07-15T13:13:09,300.0,39.4,B
2021-07-15T13:13:08,4200.0,39.4,B
2021-07-15T13:13:06,100.0,39.4,B
2021-07-15T13:13:02,800.0,39.4,B
2021-07-15T13:13:00,1000.0,39.4,B
2021-07-15T13:12:59,1000.0,39.4,B
2021-07-15T13:12:56,20000.0,39.4,B
2021-07-15T13:12:55,100.0,39.4,B
2021-07-15T13:12:55,1000.0,39.4,B
2021-07-15T13:12:51,47400.0,39.4,B
2021-07-15T13:12:50,300.0,39.4,B
2021-07-15T13:12:48,1000.0,39.4,B
2021-07-15T13:12:40,1000.0,39.4,B
2021-07-15T13:12:33,5000.0,39.4,B
2021-07-15T13:12:14,5000.0,39.3,S
2021-07-15T13:12:13,300.0,39.3,S
2021-07-15T13:11:38,2000.0,39.3,S
2021-07-15T13:11:37,200.0,39.3,S
2021-07-15T13:11:23,100.0,39.3,S
2021-07-15T13:11:22,23400.0,39.3,S
2021-07-15T13:11:21,2000.0,39.3,B
2021-07-15T13:11:20,15000.0,39.3,B
2021-07-15T13:11:18,1500.0,39.3,B
2021-07-15T13:11:17,300.0,39.3,B
2021-07-15T13:11:17,1000.0,39.3,B
2021-07-15T13:11:12,1900.0,39.3,B
2021-07-15T13:11:06,10000.0,39.3,B
2021-07-15T13:10:49,100.0,39.3,B
2021-07-15T13:10:47,5000.0,39.3,B
2021-07-15T13:10:47,2000.0,39.2,S
2021-07-15T13:10:27,400.0,39.3,B
2021-07-15T13:10:13,100.0,39.3,B
2021-07-15T13:10:08,500.0,39.3,B
2021-07-15T13:09:34,4000.0,39.3,B
2021-07-15T13:09:22,100.0,39.3,B
2021-07-15T13:08:59,300.0,39.2,S
2021-07-15T13:08:50,200.0,39.2,S
2021-07-15T13:08:30,500.0,39.2,S
2021-07-15T13:08:02,100.0,39.2,S
2021-07-15T13:07:50,1000.0,39.2,S
2021-07-15T13:07:37,2000.0,39.2,S
2021-07-15T13:07:33,4000.0,39.3,B
2021-07-15T13:07:32,200.0,39.2,S
2021-07-15T13:07:30,5000.0,39.2,S
2021-07-15T13:07:29,100.0,39.2,S
2021-07-15T13:06:52,700.0,39.2,B
2021-07-15T13:06:41,300.0,39.2,B
2021-07-15T13:06:20,5000.0,39.2,B
2021-07-15T13:06:16,1000.0,39.2,B
2021-07-15T13:05:47,8000.0,39.2,B
2021-07-15T13:05:40,100.0,39.2,B
2021-07-15T13:05:23,300.0,39.2,B
2021-07-15T13:05:15,4200.0,39.2,S
2021-07-15T13:05:06,800.0,39.2,S
2021-07-15T13:05:00,3000.0,39.2,B
2021-07-15T13:04:38,1900.0,39.2,S
2021-07-15T13:04:13,300.0,39.3,B
2021-07-15T13:03:54,3500.0,39.2,S
2021-07-15T13:03:36,2000.0,39.2,S
2021-07-15T13:03:12,1000.0,39.3,B
2021-07-15T13:03:09,500.0,39.3,B
2021-07-15T13:03:05,500.0,39.3,B
2021-07-15T13:03:01,5500.0,39.3,B
2021-07-15T13:02:59,1300.0,39.3,B
2021-07-15T13:02:40,500.0,39.2,S
2021-07-15T13:02:38,100.0,39.3,B
2021-07-15T13:02:06,100.0,39.2,S
2021-07-15T13:01:55,3300.0,39.3,B
2021-07-15T13:01:49,500.0,39.2,S
2021-07-15T13:01:44,5000.0,39.3,B
2021-07-15T13:01:42,100.0,39.3,B
2021-07-15T13:01:40,200.0,39.3,B
2021-07-15T13:01:31,10000.0,39.3,B
2021-07-15T13:01:02,1700.0,39.2,B
2021-07-15T13:01:02,1300.0,39.2,B
2021-07-15T13:01:01,4000.0,39.2,B
2021-07-15T13:00:53,200.0,39.2,B
2021-07-15T13:00:45,22400.0,39.2,B
2021-07-15T13:00:03,800.0,39.2,B
2021-07-15T13:00:02,300.0,39.2,B
2021-07-15T13:00:02,2500.0,39.1,S
2021-07-15T11:29:33,2000.0,39.1,S
2021-07-15T11:29:28,1900.0,39.2,B
2021-07-15T11:29:23,300.0,39.1,S
2021-07-15T11:27:48,1500.0,39.2,B
2021-07-15T11:27:23,4900.0,39.2,S
2021-07-15T11:27:20,100.0,39.2,S
2021-07-15T11:27:14,500.0,39.2,S
2021-07-15T11:26:58,5900.0,39.2,S
2021-07-15T11:26:32,1000.0,39.2,S
2021-07-15T11:26:06,100.0,39.2,S
2021-07-15T11:26:01,1300.0,39.3,B
2021-07-15T11:25:57,1000.0,39.2,S
2021-07-15T11:25:51,1800.0,39.2,B
2021-07-15T11:25:49,500.0,39.1,S
2021-07-15T11:25:45,300.0,39.1,S
2021-07-15T11:25:38,400.0,39.2,B
2021-07-15T11:25:32,2000.0,39.1,S
2021-07-15T11:25:17,1000.0,39.2,B
2021-07-15T11:25:15,1000.0,39.1,S
2021-07-15T11:24:55,500.0,39.2,B
2021-07-15T11:24:47,10000.0,39.3,B
2021-07-15T11:24:43,200.0,39.1,S
2021-07-15T11:24:13,3000.0,39.2,B
2021-07-15T11:24:05,2000.0,39.2,B
2021-07-15T11:24:03,1000.0,39.2,B
2021-07-15T11:23:53,7500.0,39.2,B
2021-07-15T11:23:13,100.0,39.2,B
2021-07-15T11:23:03,3000.0,39.2,B
2021-07-15T11:22:38,1100.0,39.2,B
2021-07-15T11:22:30,3500.0,39.1,S
2021-07-15T11:21:58,200.0,39.1,S
2021-07-15T11:21:29,2000.0,39.1,S
2021-07-15T11:21:28,200.0,39.2,B
2021-07-15T11:21:11,2000.0,39.2,B
2021-07-15T11:21:09,100.0,39.1,S
2021-07-15T11:20:14,2600.0,39.1,S
2021-07-15T11:20:07,5000.0,39.2,B
2021-07-15T11:19:48,100.0,39.2,B
2021-07-15T11:19:28,200.0,39.2,B
2021-07-15T11:18:55,1200.0,39.2,B
2021-07-15T11:18:40,100.0,39.2,B
2021-07-15T11:18:31,400.0,39.2,B
2021-07-15T11:18:28,1000.0,39.2,B
2021-07-15T11:18:02,100.0,39.2,B
2021-07-15T11:17:29,2000.0,39.1,S
2021-07-15T11:17:27,1000.0,39.2,S
2021-07-15T11:17:14,500.0,39.2,S
2021-07-15T11:17:13,1500.0,39.2,S
2021-07-15T11:17:04,500.0,39.2,S
2021-07-15T11:16:47,500.0,39.2,S
2021-07-15T11:16:26,2000.0,39.2,B
2021-07-15T11:16:21,100.0,39.2,B
2021-07-15T11:16:20,500.0,39.1,S
2021-07-15T11:16:13,2000.0,39.1,S
2021-07-15T11:15:50,700.0,39.2,S
2021-07-15T11:15:48,200.0,39.2,S
2021-07-15T11:15:48,1000.0,39.2,S
2021-07-15T11:15:40,400.0,39.2,S
2021-07-15T11:15:33,10000.0,39.2,S
2021-07-15T11:15:31,300.0,39.2,S
2021-07-15T11:15:28,1000.0,39.2,S
2021-07-15T11:15:10,100.0,39.3,B
2021-07-15T11:14:52,100.0,39.3,B
2021-07-15T11:14:45,500.0,39.2,S
2021-07-15T11:14:43,500.0,39.3,B
2021-07-15T11:14:37,300.0,39.3,B
2021-07-15T11:14:35,100.0,39.3,B
2021-07-15T11:14:30,5000.0,39.3,B
2021-07-15T11:14:28,1000.0,39.3,B
2021-07-15T11:14:04,1200.0,39.3,B
2021-07-15T11:13:57,13100.0,39.3,S
2021-07-15T11:13:36,7000.0,39.3,S
2021-07-15T11:13:26,500.0,39.3,S
2021-07-15T11:13:26,2000.0,39.3,S
2021-07-15T11:13:25,1000.0,39.3,S
2021-07-15T11:13:22,4500.0,39.3,B
2021-07-15T11:13:21,1500.0,39.3,B
2021-07-15T11:13:14,1000.0,39.3,B
2021-07-15T11:13:13,3000.0,39.3,B
2021-07-15T11:13:05,2100.0,39.3,S
2021-07-15T11:13:02,8900.0,39.3,B
2021-07-15T11:12:58,300.0,39.3,B
2021-07-15T11:12:57,1000.0,39.3,B
2021-07-15T11:12:56,1500.0,39.3,B
2021-07-15T11:12:55,300.0,39.3,B
2021-07-15T11:12:51,600.0,39.3,B
2021-07-15T11:12:40,100.0,39.3,B
2021-07-15T11:12:38,1000.0,39.3,B
2021-07-15T11:12:27,12500.0,39.3,S
2021-07-15T11:12:27,100.0,39.3,S
2021-07-15T11:12:22,800.0,39.3,S
2021-07-15T11:12:20,100.0,39.3,S
2021-07-15T11:12:18,2000.0,39.3,S
2021-07-15T11:12:17,100.0,39.3,S
2021-07-15T11:12:12,200.0,39.3,S
2021-07-15T11:12:09,1000.0,39.3,S
2021-07-15T11:12:07,1000.0,39.3,S
2021-07-15T11:12:05,3000.0,39.3,S
2021-07-15T11:12:00,500.0,39.3,S
2021-07-15T11:11:50,500.0,39.3,S
2021-07-15T11:11:45,200.0,39.3,S
2021-07-15T11:11:32,200.0,39.3,S
2021-07-15T11:11:22,500.0,39.3,S
2021-07-15T11:11:18,100.0,39.3,S
2021-07-15T11:11:07,100.0,39.3,S
2021-07-15T11:10:49,1000.0,39.3,S
2021-07-15T11:10:42,200.0,39.3,S
2021-07-15T11:10:40,100.0,39.3,S
2021-07-15T11:10:16,100.0,39.4,B
2021-07-15T11:10:07,300.0,39.3,S
2021-07-15T11:09:38,1000.0,39.3,S
2021-07-15T11:09:33,400.0,39.3,S
2021-07-15T11:09:29,100.0,39.3,S
2021-07-15T11:09:28,500.0,39.3,S
2021-07-15T11:09:28,200.0,39.3,S
2021-07-15T11:09:27,1000.0,39.3,S
2021-07-15T11:09:24,2000.0,39.3,S
2021-07-15T11:09:16,1000.0,39.4,B
2021-07-15T11:09:16,2000.0,39.3,S
2021-07-15T11:09:11,500.0,39.3,S
2021-07-15T11:09:01,200.0,39.3,S
2021-07-15T11:09:00,1500.0,39.3,S
2021-07-15T11:09:00,2900.0,39.3,S
2021-07-15T11:08:56,3100.0,39.3,B
2021-07-15T11:08:52,1000.0,39.3,B
2021-07-15T11:08:51,500.0,39.3,B
2021-07-15T11:08:48,6700.0,39.3,B
2021-07-15T11:08:47,5000.0,39.3,B
2021-07-15T11:08:42,1000.0,39.3,B
2021-07-15T11:08:37,25000.0,39.3,B
2021-07-15T11:08:37,300.0,39.3,B
2021-07-15T11:08:23,2000.0,39.3,B
2021-07-15T11:08:19,100.0,39.2,B
2021-07-15T11:08:18,9400.0,39.2,B
2021-07-15T11:08:06,50000.0,39.2,B
2021-07-15T11:07:59,5000.0,39.2,B
2021-07-15T11:07:31,1000.0,39.1,S
2021-07-15T11:07:20,300.0,39.1,S
2021-07-15T11:06:55,200.0,39.1,S
2021-07-15T11:06:47,200.0,39.1,S
2021-07-15T11:06:44,200.0,39.1,S
2021-07-15T11:06:32,900.0,39.1,S
2021-07-15T11:06:32,600.0,39.1,S
2021-07-15T11:06:26,100.0,39.1,S
2021-07-15T11:06:14,1000.0,39.1,S
2021-07-15T11:06:09,200.0,39.1,S
2021-07-15T11:06:01,1500.0,39.1,S
2021-07-15T11:05:51,2000.0,39.1,S
2021-07-15T11:05:38,2000.0,39.1,S
2021-07-15T11:05:25,100.0,39.1,S
2021-07-15T11:05:25,100.0,39.1,S
2021-07-15T11:05:24,3000.0,39.1,S
2021-07-15T11:05:22,2000.0,39.1,S
2021-07-15T11:05:11,200.0,39.1,S
2021-07-15T11:05:04,100.0,39.1,S
2021-07-15T11:04:52,100.0,39.1,S
2021-07-15T11:04:44,100.0,39.1,S
2021-07-15T11:04:44,300.0,39.2,B
2021-07-15T11:04:36,100.0,39.1,S
2021-07-15T11:04:14,300.0,39.1,S
2021-07-15T11:04:10,3000.0,39.0,S
2021-07-15T11:04:09,1000.0,39.1,S
2021-07-15T11:04:08,500.0,39.1,S
2021-07-15T11:03:56,100.0,39.1,S
2021-07-15T11:03:44,1000.0,39.1,S
2021-07-15T11:03:36,200.0,39.1,S
2021-07-15T11:03:33,200.0,39.1,S
2021-07-15T11:03:27,300.0,39.1,S
2021-07-15T11:03:22,200.0,39.1,S
2021-07-15T11:03:21,3000.0,39.1,S
2021-07-15T11:03:11,300.0,39.1,S
2021-07-15T11:03:05,700.0,39.1,S
2021-07-15T11:02:53,41300.0,39.1,B
2021-07-15T11:02:48,1000.0,39.1,B
2021-07-15T11:02:45,100.0,39.0,S
2021-07-15T11:02:39,100.0,39.0,S
2021-07-15T11:02:32,3400.0,39.0,B
2021-07-15T11:02:12,1000.0,38.9,S
2021-07-15T11:02:02,70000.0,39.0,B
2021-07-15T11:01:52,200.0,38.9,S
2021-07-15T11:01:36,400.0,38.9,S
2021-07-15T11:01:26,200.0,38.9,S
2021-07-15T11:01:21,2300.0,38.9,S
2021-07-15T11:01:01,800.0,38.9,S
2021-07-15T11:00:59,3000.0,38.9,S
2021-07-15T11:00:42,100.0,38.9,S
2021-07-15T11:00:07,500.0,38.9,S
2021-07-15T10:58:30,100.0,39.0,B
2021-07-15T10:57:38,100.0,39.0,B
2021-07-15T10:57:19,2000.0,38.9,S
2021-07-15T10:55:52,200.0,38.9,S
2021-07-15T10:55:52,1500.0,38.9,S
2021-07-15T10:55:45,700.0,38.9,S
2021-07-15T10:55:40,500.0,38.9,S
2021-07-15T10:55:26,1400.0,38.9,S
2021-07-15T10:55:16,500.0,38.9,S
2021-07-15T10:54:56,500.0,38.9,S
2021-07-15T10:54:52,1000.0,38.9,S
2021-07-15T10:54:42,1000.0,38.9,S
2021-07-15T10:54:31,100.0,38.9,S
2021-07-15T10:54:26,2500.0,38.9,S
2021-07-15T10:54:16,200.0,38.9,S
2021-07-15T10:54:10,300.0,38.9,S
2021-07-15T10:53:57,100.0,38.9,S
2021-07-15T10:53:41,1000.0,38.9,S
2021-07-15T10:53:40,200.0,39.0,B
2021-07-15T10:53:26,4900.0,38.9,S
2021-07-15T10:53:17,2000.0,38.9,S
2021-07-15T10:53:03,500.0,38.9,S
2021-07-15T10:52:56,400.0,38.9,S
2021-07-15T10:52:50,2100.0,38.9,S
2021-07-15T10:52:39,200.0,38.9,S
2021-07-15T10:52:34,100.0,38.9,S
2021-07-15T10:51:55,1000.0,38.9,S
2021-07-15T10:51:42,1900.0,38.9,S
2021-07-15T10:51:17,100.0,39.0,B
2021-07-15T10:50:47,2000.0,38.9,S
2021-07-15T10:50:37,100.0,39.0,B
2021-07-15T10:50:18,200.0,39.0,B
2021-07-15T10:50:11,500.0,39.0,B
2021-07-15T10:49:52,100.0,39.0,B
2021-07-15T10:49:15,2000.0,38.9,S
2021-07-15T10:49:11,500.0,38.9,S
2021-07-15T10:49:00,1000.0,38.9,S
2021-07-15T10:48:28,3700.0,38.9,S
2021-07-15T10:48:26,3100.0,38.9,B
2021-07-15T10:48:23,200.0,38.9,B
2021-07-15T10:48:20,1000.0,38.9,B
2021-07-15T10:48:18,400.0,38.9,B
2021-07-15T10:48:16,12000.0,38.9,B
2021-07-15T10:48:06,500.0,38.9,B
2021-07-15T10:48:03,200.0,38.8,S
2021-07-15T10:48:02,500.0,38.9,B
2021-07-15T10:47:58,100.0,38.9,B
2021-07-15T10:47:29,100.0,38.9,B
2021-07-15T10:47:19,900.0,38.9,B
2021-07-15T10:47:08,500.0,38.9,B
2021-07-15T10:47:00,100.0,38.9,B
2021-07-15T10:46:53,1000.0,38.9,B
2021-07-15T10:46:31,2000.0,38.8,S
2021-07-15T10:46:11,100.0,38.9,B
2021-07-15T10:46:01,700.0,38.9,B
2021-07-15T10:45:13,2000.0,38.8,S
2021-07-15T10:45:07,100.0,38.9,B
2021-07-15T10:45:01,500.0,38.8,S
2021-07-15T10:45:01,3000.0,38.8,S
2021-07-15T10:44:49,900.0,38.8,S
2021-07-15T10:44:46,100.0,38.9,B
2021-07-15T10:44:07,500.0,38.8,S
2021-07-15T10:44:07,5000.0,38.8,S
2021-07-15T10:43:59,1000.0,38.8,S
2021-07-15T10:43:29,200.0,38.8,S
2021-07-15T10:43:26,1600.0,38.8,S
2021-07-15T10:43:20,100.0,38.8,S
2021-07-15T10:43:11,200.0,38.9,B
2021-07-15T10:43:09,10000.0,38.8,S
2021-07-15T10:43:08,100.0,38.9,B
2021-07-15T10:43:08,1100.0,38.8,S
2021-07-15T10:43:04,100.0,38.9,B
2021-07-15T10:42:56,1000.0,38.9,B
2021-07-15T10:42:32,9600.0,38.9,S
2021-07-15T10:42:17,4000.0,38.9,S
2021-07-15T10:42:17,3000.0,38.9,S
2021-07-15T10:42:06,7000.0,38.9,S
2021-07-15T10:41:36,1000.0,39.0,B
2021-07-15T10:41:31,2700.0,39.0,S
2021-07-15T10:41:20,1000.0,39.0,S
2021-07-15T10:41:12,6300.0,39.0,B
2021-07-15T10:41:11,2000.0,38.9,S
2021-07-15T10:40:49,2700.0,39.0,S
2021-07-15T10:40:49,2200.0,39.0,S
2021-07-15T10:40:37,2000.0,39.0,S
2021-07-15T10:40:25,500.0,39.0,S
2021-07-15T10:40:09,500.0,39.0,S
2021-07-15T10:40:03,500.0,39.0,S
2021-07-15T10:39:42,200.0,39.0,S
2021-07-15T10:39:36,300.0,39.0,S
2021-07-15T10:39:23,1600.0,39.0,S
2021-07-15T10:39:16,500.0,39.0,S
2021-07-15T10:38:47,13600.0,39.0,B
2021-07-15T10:38:32,100.0,39.0,B
2021-07-15T10:38:31,400.0,38.9,S
2021-07-15T10:38:27,1000.0,38.9,S
2021-07-15T10:37:09,2000.0,38.9,S
2021-07-15T10:37:07,10000.0,39.0,B
2021-07-15T10:36:57,100.0,39.0,B
2021-07-15T10:36:42,100.0,39.0,B
2021-07-15T10:36:35,1000.0,39.0,B
2021-07-15T10:36:13,1000.0,39.0,B
2021-07-15T10:35:55,700.0,38.9,S
2021-07-15T10:35:44,1400.0,38.9,S
2021-07-15T10:35:13,400.0,38.9,S
2021-07-15T10:34:51,500.0,38.9,S
2021-07-15T10:34:40,1000.0,39.0,B
2021-07-15T10:34:38,3700.0,38.9,B
2021-07-15T10:34:34,3000.0,38.9,B
2021-07-15T10:34:09,600.0,38.8,S
2021-07-15T10:34:07,200.0,38.9,B
2021-07-15T10:34:07,200.0,38.9,B
2021-07-15T10:33:52,1800.0,38.9,S
2021-07-15T10:33:48,8400.0,38.9,S
2021-07-15T10:33:38,13500.0,38.9,S
2021-07-15T10:33:38,500.0,38.9,S
2021-07-15T10:33:30,100.0,38.9,S
2021-07-15T10:33:23,1300.0,38.9,S
2021-07-15T10:33:18,700.0,38.9,S
2021-07-15T10:33:08,2000.0,38.9,S
2021-07-15T10:32:56,900.0,38.9,S
2021-07-15T10:32:28,500.0,38.9,S
2021-07-15T10:32:25,200.0,38.9,S
2021-07-15T10:31:55,5000.0,38.9,S
2021-07-15T10:31:52,100.0,39.0,B
2021-07-15T10:31:48,300.0,39.0,B
2021-07-15T10:31:41,100.0,39.0,B
2021-07-15T10:31:20,500.0,39.0,B
2021-07-15T10:30:50,200.0,39.0,B
2021-07-15T10:30:42,500.0,39.0,B
2021-07-15T10:30:31,100.0,39.0,B
2021-07-15T10:30:14,100.0,39.0,B
2021-07-15T10:30:06,200.0,39.0,B
2021-07-15T10:29:22,1200.0,38.9,S
2021-07-15T10:29:06,2000.0,38.9,S
2021-07-15T10:28:49,1000.0,39.0,B
2021-07-15T10:28:16,100.0,39.0,B
2021-07-15T10:28:07,500.0,38.9,S
2021-07-15T10:27:56,100.0,39.0,S
2021-07-15T10:27:33,500.0,38.9,S
2021-07-15T10:27:30,2000.0,39.0,S
2021-07-15T10:27:06,5600.0,38.9,S
2021-07-15T10:27:03,1000.0,39.0,S
2021-07-15T10:26:56,200.0,39.1,B
2021-07-15T10:26:35,200.0,39.1,B
2021-07-15T10:26:32,100.0,39.1,B
2021-07-15T10:26:15,100.0,39.1,B
2021-07-15T10:26:12,400.0,39.0,S
2021-07-15T10:26:03,200.0,39.0,S
2021-07-15T10:25:48,7000.0,39.0,S
2021-07-15T10:25:30,300.0,39.0,B
2021-07-15T10:25:27,500.0,39.0,B
2021-07-15T10:25:15,2200.0,39.0,B
2021-07-15T10:25:14,500.0,39.0,S
2021-07-15T10:25:05,2000.0,39.0,S
2021-07-15T10:24:56,400.0,39.0,S
2021-07-15T10:24:49,200.0,39.0,S
2021-07-15T10:24:33,900.0,39.0,B
2021-07-15T10:24:27,4100.0,39.0,B
2021-07-15T10:24:23,500.0,39.0,S
2021-07-15T10:24:22,400.0,39.0,S
2021-07-15T10:24:17,1000.0,39.1,B
2021-07-15T10:24:10,1000.0,39.0,S
2021-07-15T10:24:04,100.0,39.0,S
2021-07-15T10:24:03,5000.0,39.0,S
2021-07-15T10:23:56,5000.0,39.0,S
2021-07-15T10:23:46,500.0,39.0,S
2021-07-15T10:23:42,200.0,39.1,B
2021-07-15T10:23:39,5000.0,39.0,S
2021-07-15T10:23:33,5000.0,39.0,S
2021-07-15T10:23:30,300.0,39.0,S
2021-07-15T10:23:09,4000.0,39.0,S
2021-07-15T10:22:41,2000.0,39.0,S
2021-07-15T10:22:41,500.0,39.0,S
2021-07-15T10:22:41,2000.0,39.0,S
2021-07-15T10:22:31,800.0,39.0,S
2021-07-15T10:22:25,1000.0,39.0,S
2021-07-15T10:22:18,200.0,39.0,S
2021-07-15T10:22:04,6000.0,39.0,S
2021-07-15T10:21:50,5600.0,39.0,S
2021-07-15T10:21:37,300.0,39.0,S
2021-07-15T10:21:21,500.0,39.0,S
2021-07-15T10:21:17,100.0,39.0,S
2021-07-15T10:21:02,2000.0,39.0,S
2021-07-15T10:20:53,500.0,39.1,B
2021-07-15T10:20:29,100.0,39.1,B
2021-07-15T10:20:23,1300.0,39.0,S
2021-07-15T10:20:04,300.0,39.1,B
2021-07-15T10:19:29,500.0,39.1,B
2021-07-15T10:19:21,300.0,39.0,S
2021-07-15T10:18:44,500.0,39.0,S
2021-07-15T10:18:38,200.0,39.0,S
2021-07-15T10:18:09,2400.0,39.0,S
2021-07-15T10:18:04,2000.0,39.1,B
2021-07-15T10:17:48,100.0,39.1,B
2021-07-15T10:17:41,500.0,39.1,B
2021-07-15T10:17:06,200.0,39.1,B
2021-07-15T10:17:00,2000.0,39.0,S
2021-07-15T10:16:45,200.0,39.1,B
2021-07-15T10:16:25,100.0,39.1,B
2021-07-15T10:16:14,3900.0,39.0,S
2021-07-15T10:16:11,100.0,39.1,B
2021-07-15T10:16:09,100.0,39.0,S
2021-07-15T10:16:06,900.0,39.1,B
2021-07-15T10:16:02,500.0,39.0,S
2021-07-15T10:15:20,500.0,39.1,B
2021-07-15T10:15:16,100.0,39.1,B
2021-07-15T10:15:07,500.0,39.1,B
2021-07-15T10:14:37,100.0,39.1,B
2021-07-15T10:14:33,100.0,39.1,B
2021-07-15T10:14:27,100.0,39.1,B
2021-07-15T10:14:15,300.0,39.0,S
2021-07-15T10:14:10,1000.0,39.1,B
2021-07-15T10:13:40,500.0,39.1,B
2021-07-15T10:13:38,500.0,39.1,B
2021-07-15T10:13:18,500.0,39.1,B
2021-07-15T10:13:12,500.0,39.0,S
2021-07-15T10:13:09,2000.0,39.0,S
2021-07-15T10:13:06,200.0,39.0,S
2021-07-15T10:13:05,200.0,39.0,S
2021-07-15T10:12:58,2000.0,39.0,S
2021-07-15T10:12:57,800.0,39.0,S
2021-07-15T10:12:47,500.0,39.0,S
2021-07-15T10:12:29,5000.0,39.0,S
2021-07-15T10:12:29,5000.0,39.1,B
2021-07-15T10:12:24,500.0,39.0,S
2021-07-15T10:12:20,4000.0,39.0,S
2021-07-15T10:12:19,200.0,39.0,S
2021-07-15T10:12:17,100.0,39.0,S
2021-07-15T10:12:14,100.0,39.0,S
2021-07-15T10:12:12,2000.0,39.0,S
2021-07-15T10:12:07,500.0,39.0,B
2021-07-15T10:12:03,5600.0,38.9,S
2021-07-15T10:12:02,500.0,39.0,B
2021-07-15T10:11:54,4000.0,39.0,S
2021-07-15T10:11:52,300.0,39.0,S
2021-07-15T10:11:48,10000.0,39.0,S
2021-07-15T10:11:30,500.0,39.0,S
2021-07-15T10:11:28,300.0,39.0,S
2021-07-15T10:11:25,3100.0,39.0,S
2021-07-15T10:11:20,1000.0,39.0,S
2021-07-15T10:11:13,200.0,39.0,S
2021-07-15T10:11:04,2000.0,39.0,S
2021-07-15T10:10:53,500.0,39.0,S
2021-07-15T10:10:49,100.0,39.0,S
2021-07-15T10:10:36,1000.0,39.0,S
2021-07-15T10:10:34,900.0,39.0,S
2021-07-15T10:10:32,2300.0,39.0,S
2021-07-15T10:10:04,500.0,39.0,S
2021-07-15T10:10:02,200.0,39.1,B
2021-07-15T10:10:00,8000.0,39.1,B
2021-07-15T10:09:58,500.0,39.0,S
2021-07-15T10:09:57,1400.0,39.0,S
2021-07-15T10:09:52,1000.0,39.0,S
2021-07-15T10:09:50,1000.0,39.0,S
2021-07-15T10:09:48,300.0,39.0,S
2021-07-15T10:09:39,1200.0,39.0,S
2021-07-15T10:09:36,100.0,39.0,S
2021-07-15T10:09:32,3800.0,39.1,B
2021-07-15T10:09:29,200.0,39.1,B
2021-07-15T10:09:29,200.0,39.1,B
2021-07-15T10:09:26,500.0,39.0,S
2021-07-15T10:09:16,100.0,39.0,S
2021-07-15T10:09:14,300.0,39.0,S
2021-07-15T10:09:04,400.0,39.1,B
2021-07-15T10:09:02,300.0,39.0,S
2021-07-15T10:09:01,100.0,39.0,S
2021-07-15T10:08:56,2000.0,39.0,S
2021-07-15T10:08:46,2000.0,39.0,S
2021-07-15T10:08:38,500.0,39.1,B
2021-07-15T10:08:12,2000.0,39.0,S
2021-07-15T10:07:54,300.0,39.2,B
2021-07-15T10:07:52,1900.0,39.0,S
2021-07-15T10:07:45,200.0,39.2,B
2021-07-15T10:07:42,1000.0,39.2,B
2021-07-15T10:07:26,1500.0,39.2,B
2021-07-15T10:07:15,14800.0,39.1,S
2021-07-15T10:06:51,3100.0,39.2,B
2021-07-15T10:06:49,300.0,39.2,B
2021-07-15T10:06:47,100.0,39.2,B
2021-07-15T10:06:46,200.0,39.1,S
2021-07-15T10:06:40,1000.0,39.2,B
2021-07-15T10:06:21,300.0,39.2,S
2021-07-15T10:06:02,100.0,39.3,B
2021-07-15T10:05:59,1000.0,39.2,S
2021-07-15T10:05:59,100.0,39.2,S
2021-07-15T10:05:57,200.0,39.2,S
2021-07-15T10:05:53,2200.0,39.2,S
2021-07-15T10:05:51,100.0,39.2,B
2021-07-15T10:05:48,500.0,39.2,S
2021-07-15T10:05:46,4900.0,39.2,S
2021-07-15T10:05:46,7000.0,39.2,S
2021-07-15T10:05:43,100.0,39.2,S
2021-07-15T10:05:41,100.0,39.2,S
2021-07-15T10:05:38,5000.0,39.3,B
2021-07-15T10:05:30,2000.0,39.2,S
2021-07-15T10:05:19,100.0,39.2,S
2021-07-15T10:05:15,1200.0,39.2,S
2021-07-15T10:05:13,100.0,39.3,B
2021-07-15T10:05:11,3000.0,39.2,S
2021-07-15T10:05:10,1000.0,39.2,S
2021-07-15T10:05:06,700.0,39.3,B
2021-07-15T10:04:54,2000.0,39.2,S
2021-07-15T10:04:46,200.0,39.3,B
2021-07-15T10:04:45,300.0,39.3,B
2021-07-15T10:04:27,9000.0,39.3,B
2021-07-15T10:04:25,10000.0,39.2,S
2021-07-15T10:04:21,100.0,39.2,S
2021-07-15T10:04:12,100.0,39.3,B
2021-07-15T10:04:07,100.0,39.3,B
2021-07-15T10:04:01,100.0,39.2,S
2021-07-15T10:03:58,300.0,39.3,B
2021-07-15T10:03:45,300.0,39.3,B
2021-07-15T10:03:44,100.0,39.3,B
2021-07-15T10:03:35,100.0,39.3,B
2021-07-15T10:03:29,5000.0,39.3,B
2021-07-15T10:03:02,500.0,39.3,B
2021-07-15T10:03:01,200.0,39.2,S
2021-07-15T10:02:55,100.0,39.2,S
2021-07-15T10:02:38,200.0,39.2,S
2021-07-15T10:02:24,1000.0,39.2,S
2021-07-15T10:02:10,400.0,39.2,S
2021-07-15T10:02:04,300.0,39.3,B
2021-07-15T10:01:57,1000.0,39.3,B
2021-07-15T10:01:57,200.0,39.2,S
2021-07-15T10:01:55,100.0,39.2,S
2021-07-15T10:01:51,2200.0,39.2,S
2021-07-15T10:01:20,100.0,39.2,S
2021-07-15T10:01:18,100.0,39.2,S
2021-07-15T10:01:16,200.0,39.2,S
2021-07-15T10:01:04,500.0,39.3,B
2021-07-15T10:01:02,100.0,39.2,S
2021-07-15T10:00:57,200.0,39.3,B
2021-07-15T10:00:55,300.0,39.2,S
2021-07-15T10:00:52,2000.0,39.2,S
2021-07-15T10:00:44,1000.0,39.2,S
2021-07-15T10:00:42,6900.0,39.2,B
2021-07-15T10:00:36,100.0,39.2,B
2021-07-15T10:00:34,100.0,39.2,B
2021-07-15T10:00:19,100.0,39.2,B
2021-07-15T10:00:07,300.0,39.2,S
2021-07-15T10:00:04,200.0,39.2,S
2021-07-15T10:00:00,300.0,39.2,S
2021-07-15T09:59:57,800.0,39.2,B
2021-07-15T09:59:54,500.0,39.1,S
2021-07-15T09:59:46,2000.0,39.2,B
2021-07-15T09:59:45,1400.0,39.1,S
2021-07-15T09:59:33,500.0,39.2,B
2021-07-15T09:59:13,500.0,39.2,S
2021-07-15T09:59:12,1000.0,39.2,S
2021-07-15T09:59:12,5000.0,39.2,S
2021-07-15T09:59:09,5000.0,39.2,S
2021-07-15T09:59:07,11800.0,39.2,S
2021-07-15T09:58:54,500.0,39.2,S
2021-07-15T09:58:49,1000.0,39.2,S
2021-07-15T09:58:45,1800.0,39.2,S
2021-07-15T09:58:40,100.0,39.2,S
2021-07-15T09:58:39,1000.0,39.2,S
2021-07-15T09:58:36,600.0,39.2,S
2021-07-15T09:58:13,100.0,39.2,S
2021-07-15T09:58:12,100.0,39.2,S
2021-07-15T09:58:05,1000.0,39.2,S
2021-07-15T09:57:46,1000.0,39.2,S
2021-07-15T09:57:39,500.0,39.2,S
2021-07-15T09:57:35,5000.0,39.3,B
2021-07-15T09:57:34,500.0,39.2,S
2021-07-15T09:57:30,2800.0,39.2,S
2021-07-15T09:57:29,500.0,39.2,S
2021-07-15T09:57:25,9000.0,39.2,S
2021-07-15T09:57:09,1000.0,39.2,S
2021-07-15T09:56:54,100.0,39.2,S
2021-07-15T09:56:51,2000.0,39.2,S
2021-07-15T09:56:37,5000.0,39.2,S
2021-07-15T09:56:32,100.0,39.3,B
2021-07-15T09:56:16,100.0,39.3,B
2021-07-15T09:56:13,2000.0,39.3,B
2021-07-15T09:56:12,400.0,39.3,B
2021-07-15T09:56:12,1000.0,39.3,B
2021-07-15T09:56:11,200.0,39.2,S
2021-07-15T09:56:10,200.0,39.3,B
2021-07-15T09:56:09,100.0,39.3,B
2021-07-15T09:56:05,700.0,39.3,B
2021-07-15T09:56:04,100.0,39.3,B
2021-07-15T09:55:34,3100.0,39.3,B
2021-07-15T09:55:34,1000.0,39.3,S
2021-07-15T09:55:32,100.0,39.3,S
2021-07-15T09:55:32,1500.0,39.3,S
2021-07-15T09:55:30,200.0,39.3,S
2021-07-15T09:55:30,2200.0,39.3,S
2021-07-15T09:55:26,500.0,39.3,S
2021-07-15T09:55:23,2000.0,39.3,S
2021-07-15T09:55:19,100.0,39.3,S
2021-07-15T09:55:08,500.0,39.3,S
2021-07-15T09:54:59,1400.0,39.3,S
2021-07-15T09:54:58,900.0,39.4,B
2021-07-15T09:54:45,500.0,39.3,S
2021-07-15T09:54:42,200.0,39.3,B
2021-07-15T09:54:41,500.0,39.3,B
2021-07-15T09:54:39,100.0,39.3,B
2021-07-15T09:54:39,100.0,39.3,B
2021-07-15T09:54:31,200.0,39.3,B
2021-07-15T09:54:30,200.0,39.2,S
2021-07-15T09:54:28,1000.0,39.3,B
2021-07-15T09:54:27,200.0,39.2,S
2021-07-15T09:54:26,2000.0,39.3,B
2021-07-15T09:54:14,100.0,39.2,S
2021-07-15T09:54:14,100.0,39.2,S
2021-07-15T09:54:11,100.0,39.2,S
2021-07-15T09:54:05,2400.0,39.3,B
2021-07-15T09:54:03,200.0,39.2,S
2021-07-15T09:54:02,36600.0,39.3,B
2021-07-15T09:53:58,100.0,39.2,S
2021-07-15T09:53:57,500.0,39.2,B
2021-07-15T09:53:57,1000.0,39.2,S
2021-07-15T09:53:56,100.0,39.2,B
2021-07-15T09:53:52,300.0,39.2,B
2021-07-15T09:53:38,200.0,39.2,B
2021-07-15T09:53:36,500.0,39.2,B
2021-07-15T09:53:34,500.0,39.1,S
2021-07-15T09:53:25,100.0,39.1,S
2021-07-15T09:53:10,4000.0,39.2,B
2021-07-15T09:53:07,800.0,39.2,B
2021-07-15T09:52:49,2000.0,39.1,S
2021-07-15T09:52:47,10000.0,39.2,B
2021-07-15T09:52:39,1000.0,39.2,B
2021-07-15T09:52:22,4400.0,39.1,B
2021-07-15T09:52:18,500.0,39.1,B
2021-07-15T09:52:12,1500.0,39.1,B
2021-07-15T09:51:59,500.0,39.1,B
2021-07-15T09:51:55,500.0,39.1,B
2021-07-15T09:51:49,200.0,39.1,B
2021-07-15T09:51:48,500.0,39.1,B
2021-07-15T09:51:47,200.0,39.0,S
2021-07-15T09:51:34,100.0,39.1,B
2021-07-15T09:51:30,2000.0,39.0,S
2021-07-15T09:51:24,500.0,39.1,B
2021-07-15T09:50:50,500.0,39.0,B
2021-07-15T09:50:50,1500.0,39.0,B
2021-07-15T09:50:49,1300.0,39.0,B
2021-07-15T09:50:36,700.0,39.0,B
2021-07-15T09:50:32,500.0,39.0,B
2021-07-15T09:50:30,500.0,39.0,B
2021-07-15T09:50:24,1000.0,39.0,B
2021-07-15T09:50:22,1000.0,39.0,B
2021-07-15T09:50:18,3000.0,39.0,B
2021-07-15T09:50:16,200.0,39.0,B
2021-07-15T09:50:12,10000.0,39.0,B
2021-07-15T09:50:00,1000.0,39.0,B
2021-07-15T09:49:55,400.0,39.0,B
2021-07-15T09:49:37,200.0,39.0,B
2021-07-15T09:49:31,7200.0,38.9,S
2021-07-15T09:48:45,2000.0,38.9,S
2021-07-15T09:48:13,10000.0,38.9,S
2021-07-15T09:48:11,3900.0,38.9,S
2021-07-15T09:48:11,100.0,38.9,S
2021-07-15T09:47:46,700.0,38.9,S
2021-07-15T09:47:39,400.0,38.9,S
2021-07-15T09:47:28,200.0,38.9,S
2021-07-15T09:46:48,100.0,38.9,S
2021-07-15T09:46:44,1000.0,39.0,B
2021-07-15T09:46:42,100.0,38.9,S
2021-07-15T09:46:34,200.0,38.9,S
2021-07-15T09:46:31,100.0,38.9,S
2021-07-15T09:46:15,600.0,38.9,S
2021-07-15T09:45:55,100.0,38.9,S
2021-07-15T09:45:49,300.0,38.9,S
2021-07-15T09:45:42,2300.0,38.9,B
2021-07-15T09:45:28,500.0,38.9,B
2021-07-15T09:44:45,2000.0,38.8,S
2021-07-15T09:44:41,500.0,38.9,B
2021-07-15T09:44:40,1200.0,38.9,B
2021-07-15T09:44:28,1000.0,38.9,B
2021-07-15T09:44:23,300.0,38.9,B
2021-07-15T09:44:19,7900.0,38.9,S
2021-07-15T09:44:01,100.0,38.9,S
2021-07-15T09:44:00,800.0,38.9,S
2021-07-15T09:43:58,200.0,38.9,S
2021-07-15T09:43:40,3000.0,38.9,S
2021-07-15T09:43:08,200.0,38.9,S
2021-07-15T09:43:03,200.0,39.0,B
2021-07-15T09:42:45,100.0,38.9,S
2021-07-15T09:42:42,200.0,38.9,S
2021-07-15T09:42:37,100.0,38.9,S
2021-07-15T09:42:35,500.0,38.9,S
2021-07-15T09:42:25,10000.0,38.9,S
2021-07-15T09:42:23,2800.0,38.9,S
2021-07-15T09:42:18,500.0,38.9,S
2021-07-15T09:41:55,1000.0,38.9,S
2021-07-15T09:41:54,100.0,38.9,S
2021-07-15T09:41:50,300.0,38.9,S
2021-07-15T09:41:45,100.0,38.9,S
2021-07-15T09:41:24,300.0,38.9,S
2021-07-15T09:41:04,200.0,38.9,S
2021-07-15T09:41:02,1000.0,39.0,B
2021-07-15T09:40:43,2000.0,38.9,S
2021-07-15T09:40:39,100.0,39.0,B
2021-07-15T09:40:33,200.0,39.0,B
2021-07-15T09:40:28,100.0,39.0,B
2021-07-15T09:40:02,100.0,39.0,B
2021-07-15T09:40:01,100.0,39.0,B
2021-07-15T09:39:59,600.0,38.9,S
2021-07-15T09:39:13,100.0,38.9,S
2021-07-15T09:38:41,100.0,38.9,S
2021-07-15T09:38:36,7700.0,39.0,B
2021-07-15T09:38:17,200.0,38.9,S
2021-07-15T09:38:08,800.0,38.9,B
2021-07-15T09:38:07,1000.0,38.9,B
2021-07-15T09:37:56,400.0,38.9,B
2021-07-15T09:37:44,1000.0,38.8,S
2021-07-15T09:37:35,1000.0,38.9,B
2021-07-15T09:37:27,200.0,38.9,B
2021-07-15T09:37:24,500.0,38.9,B
2021-07-15T09:37:24,1000.0,38.9,B
2021-07-15T09:37:23,4100.0,38.8,S
2021-07-15T09:37:14,100.0,38.9,S
2021-07-15T09:37:10,1000.0,38.9,S
2021-07-15T09:36:48,300.0,38.9,S
2021-07-15T09:36:40,2000.0,38.9,S
2021-07-15T09:36:38,500.0,39.0,B
2021-07-15T09:36:32,400.0,39.0,B
2021-07-15T09:36:31,600.0,39.0,B
2021-07-15T09:36:24,100.0,39.0,B
2021-07-15T09:36:12,100.0,39.0,B
2021-07-15T09:36:07,100.0,39.0,S
2021-07-15T09:36:04,100.0,39.0,S
2021-07-15T09:35:58,200.0,39.0,B
2021-07-15T09:35:48,1000.0,39.0,B
2021-07-15T09:35:40,100.0,39.0,B
2021-07-15T09:34:58,1000.0,38.9,B
2021-07-15T09:34:56,500.0,38.8,S
2021-07-15T09:34:48,11900.0,39.0,B
2021-07-15T09:34:44,1000.0,38.9,B
2021-07-15T09:34:39,500.0,38.9,B
2021-07-15T09:34:36,100.0,38.9,B
2021-07-15T09:34:31,1000.0,38.9,B
2021-07-15T09:34:27,500.0,38.9,B
2021-07-15T09:34:26,1000.0,38.9,B
2021-07-15T09:34:26,1000.0,38.9,B
2021-07-15T09:34:20,200.0,38.9,B
2021-07-15T09:34:10,200.0,38.9,S
2021-07-15T09:33:59,100.0,38.9,B
2021-07-15T09:33:54,100.0,38.9,B
2021-07-15T09:33:51,100.0,38.9,B
2021-07-15T09:33:41,1200.0,38.9,B
2021-07-15T09:33:35,1000.0,38.9,B
2021-07-15T09:33:26,400.0,38.8,S
2021-07-15T09:33:10,300.0,38.8,S
2021-07-15T09:33:03,400.0,38.8,S
2021-07-15T09:33:00,2000.0,38.9,B
2021-07-15T09:32:53,200.0,38.8,S
2021-07-15T09:32:41,800.0,38.8,B
2021-07-15T09:32:38,2000.0,38.7,S
2021-07-15T09:32:37,3000.0,38.7,S
2021-07-15T09:32:34,1000.0,38.8,B
2021-07-15T09:32:23,5000.0,38.8,B
2021-07-15T09:32:17,500.0,38.8,B
2021-07-15T09:32:08,100.0,38.8,B
2021-07-15T09:32:04,300.0,38.7,S
2021-07-15T09:31:50,1000.0,38.8,B
2021-07-15T09:31:15,100.0,38.7,S
2021-07-15T09:31:05,300.0,38.7,S
2021-07-15T09:30:48,1000.0,38.7,S
2021-07-15T09:30:35,2000.0,38.8,B
2021-07-15T09:30:28,500.0,38.7,S
2021-07-15T09:30:24,1000.0,38.8,B
2021-07-15T09:30:13,500.0,38.7,S
2021-07-15T09:30:02,1000.0,38.7,S
2021-07-15T09:30:00,100.0,38.8,B
2021-07-15T09:29:48,1000.0,38.8,B
2021-07-15T09:29:28,1300.0,38.8,S
2021-07-15T09:29:23,100.0,38.8,S
2021-07-15T09:29:00,5000.0,38.8,S
2021-07-15T09:28:58,600.0,38.8,B
2021-07-15T09:28:54,100.0,38.8,B
2021-07-15T09:28:52,100.0,38.8,B
2021-07-15T09:28:44,200.0,38.8,B
2021-07-15T09:28:39,100.0,38.8,B
2021-07-15T09:28:38,2000.0,38.7,S
2021-07-15T09:28:32,6100.0,38.8,S
2021-07-15T09:27:47,2000.0,38.9,B
2021-07-15T09:27:44,2000.0,38.9,B
2021-07-15T09:27:42,1000.0,38.8,S
2021-07-15T09:27:40,200.0,38.8,S
2021-07-15T09:27:38,3000.0,38.8,S
2021-07-15T09:27:23,100.0,38.8,S
2021-07-15T09:27:22,100.0,38.8,S
2021-07-15T09:27:16,100.0,38.8,S
2021-07-15T09:26:49,100.0,38.8,S
2021-07-15T09:26:46,100.0,38.8,S
2021-07-15T09:26:46,300.0,38.8,S
2021-07-15T09:26:34,1000.0,38.9,B
2021-07-15T09:26:33,400.0,38.8,S
2021-07-15T09:26:32,2800.0,38.8,S
2021-07-15T09:26:28,2100.0,38.8,S
2021-07-15T09:26:15,1000.0,38.9,B
2021-07-15T09:26:14,1300.0,38.8,S
2021-07-15T09:26:07,300.0,38.9,B
2021-07-15T09:25:54,100.0,38.9,B
2021-07-15T09:25:48,400.0,38.9,S
2021-07-15T09:25:29,1700.0,38.9,B
2021-07-15T09:25:24,300.0,38.9,S
2021-07-15T09:25:22,100.0,38.9,S
2021-07-15T09:25:09,500.0,38.9,B
2021-07-15T09:25:09,300.0,38.9,B
2021-07-15T09:25:08,100.0,38.9,B
2021-07-15T09:24:57,300.0,38.9,B
2021-07-15T09:24:53,500.0,38.9,B
2021-07-15T09:24:53,100.0,38.9,B
2021-07-15T09:24:52,1200.0,38.9,S
2021-07-15T09:24:48,500.0,38.9,S
2021-07-15T09:24:40,100.0,38.9,S
2021-07-15T09:24:37,300.0,38.9,S
2021-07-15T09:24:36,2000.0,38.9,S
2021-07-15T09:24:32,500.0,39.0,S
2021-07-15T09:24:29,13100.0,39.0,S
2021-07-15T09:24:24,200.0,39.0,S
2021-07-15T09:24:24,1000.0,39.1,B
2021-07-15T09:24:21,1000.0,39.1,B
2021-07-15T09:24:20,5000.0,39.1,B
2021-07-15T09:24:15,900.0,39.1,B
2021-07-15T09:24:12,200.0,39.2,B
2021-07-15T09:24:06,100.0,39.2,B
2021-07-15T09:24:05,200.0,39.2,B
2021-07-15T09:24:00,10000.0,39.2,B
2021-07-15T09:23:53,5100.0,39.2,B
2021-07-15T09:23:48,100.0,39.1,S
2021-07-15T09:23:47,10000.0,39.1,S
2021-07-15T09:23:40,2000.0,39.2,B
2021-07-15T09:23:32,200.0,39.2,B
2021-07-15T09:23:29,2000.0,39.1,S
2021-07-15T09:23:28,1000.0,39.2,B
2021-07-15T09:23:28,500.0,39.2,B
2021-07-15T09:23:18,300.0,39.2,B
2021-07-15T09:23:15,300.0,39.2,S
2021-07-15T09:23:14,1100.0,39.2,S
2021-07-15T09:23:13,200.0,39.3,B
2021-07-15T09:23:05,100.0,39.2,S
2021-07-15T09:23:04,700.0,39.2,S
2021-07-15T09:23:04,100.0,39.1,S
2021-07-15T09:22:58,200.0,39.1,S
2021-07-15T09:22:58,2000.0,39.2,B
2021-07-15T09:22:54,200.0,39.1,S
2021-07-15T09:22:52,400.0,39.1,S
2021-07-15T09:22:41,400.0,39.1,B
2021-07-15T09:22:40,2000.0,39.1,B
2021-07-15T09:22:30,500.0,39.1,B
2021-07-15T09:22:14,500.0,39.3,B
2021-07-15T09:22:12,5000.0,39.3,B
2021-07-15T09:22:07,200.0,39.2,S
2021-07-15T09:22:06,1000.0,39.3,B
2021-07-15T09:21:57,200.0,39.3,B
2021-07-15T09:21:48,1600.0,39.3,S
2021-07-15T09:21:41,1000.0,39.3,S
2021-07-15T09:21:40,1000.0,39.3,S
2021-07-15T09:21:39,10000.0,39.4,B
2021-07-15T09:21:37,100.0,39.3,S
2021-07-15T09:21:33,300.0,39.4,B
2021-07-15T09:21:32,100.0,39.4,B
2021-07-15T09:21:28,2000.0,39.4,B
2021-07-15T09:21:27,100.0,39.3,S
2021-07-15T09:21:14,2900.0,39.3,S
2021-07-15T09:21:11,200.0,39.3,S
2021-07-15T09:21:01,500.0,39.4,B
2021-07-15T09:21:00,200.0,39.3,S
2021-07-15T09:20:51,4700.0,39.3,B
2021-07-15T09:20:48,2400.0,39.2,S
2021-07-15T09:20:46,300.0,39.2,S
2021-07-15T09:20:44,1000.0,39.2,S
2021-07-15T09:20:40,1100.0,39.2,B
2021-07-15T09:20:34,100.0,39.0,S
2021-07-15T09:20:33,2000.0,39.0,S
2021-07-15T09:20:26,100.0,39.0,S
2021-07-15T09:20:25,2000.0,39.0,B
2021-07-15T09:20:23,300.0,39.0,B
2021-07-15T09:20:10,500.0,39.0,B
2021-07-15T09:20:09,500.0,39.0,B
2021-07-15T09:20:03,2500.0,39.0,B
2021-07-15T09:20:01,100.0,39.0,B
2021-07-15T09:19:59,13700.0,39.0,B
2021-07-15T09:19:57,200.0,39.0,B
2021-07-15T09:19:51,900.0,39.0,B
2021-07-15T09:19:35,100.0,39.0,B
2021-07-15T09:19:28,4300.0,38.9,B
2021-07-15T09:19:19,5000.0,38.9,B
2021-07-15T09:19:08,2000.0,38.8,S
2021-07-15T09:18:43,100.0,38.7,B
2021-07-15T09:18:32,200.0,38.7,B
2021-07-15T09:18:31,300.0,38.7,B
2021-07-15T09:18:22,200.0,38.7,B
2021-07-15T09:18:18,100.0,38.6,S
2021-07-15T09:18:00,2600.0,38.6,S
2021-07-15T09:17:56,2000.0,38.6,B
2021-07-15T09:17:54,2000.0,38.6,B
2021-07-15T09:17:50,500.0,38.6,B
2021-07-15T09:17:46,800.0,38.6,B
2021-07-15T09:13:59,2300.0,38.4,S
2021-07-15T09:13:53,100.0,38.4,B
2021-07-15T09:13:51,5000.0,38.4,B
2021-07-15T09:13:49,100.0,38.4,B
2021-07-15T09:13:42,500.0,38.4,B
2021-07-15T09:13:36,2000.0,38.4,S
2021-07-15T09:13:35,2500.0,38.4,S
2021-07-15T09:13:17,100.0,38.5,B
2021-07-15T09:13:16,200.0,38.5,B
2021-07-15T09:13:13,500.0,38.4,S
2021-07-15T09:12:45,400.0,38.5,B
2021-07-15T09:12:42,1000.0,38.5,B
2021-07-15T09:12:36,1000.0,38.5,B
2021-07-15T09:12:29,2000.0,38.4,S
2021-07-15T09:12:26,200.0,38.5,B
2021-07-15T09:12:20,500.0,38.4,S
2021-07-15T09:12:10,500.0,38.5,B
2021-07-15T09:12:08,1000.0,38.5,B
2021-07-15T09:12:08,100.0,38.5,B
2021-07-15T09:12:07,100.0,38.5,B
2021-07-15T09:12:03,100.0,38.5,B
2021-07-15T09:12:02,500.0,38.5,B
2021-07-15T09:11:51,1000.0,38.5,B
2021-07-15T09:11:20,400.0,38.4,S
2021-07-15T09:10:59,1100.0,38.5,B
2021-07-15T09:10:58,1000.0,38.4,S
2021-07-15T09:10:48,3000.0,38.5,B
2021-07-15T09:10:46,100.0,38.5,B
2021-07-15T09:10:38,200.0,38.5,B
2021-07-15T09:10:24,100.0,38.5,B
2021-07-15T09:10:05,500.0,38.4,S
2021-07-15T09:09:56,200.0,38.4,B
2021-07-15T09:09:48,17000.0,38.4,B
2021-07-15T09:09:43,400.0,38.4,B
2021-07-15T09:09:35,800.0,38.3,S
2021-07-15T09:09:32,200.0,38.4,B
2021-07-15T09:09:26,900.0,38.3,S
2021-07-15T09:09:16,500.0,38.3,S
2021-07-15T09:09:06,100.0,38.3,S
2021-07-15T09:09:03,2000.0,38.3,S
2021-07-15T09:08:42,100.0,38.3,B
2021-07-15T09:08:36,300.0,38.3,B
2021-07-15T09:08:36,1300.0,38.3,B
2021-07-15T09:08:29,100.0,38.3,B
2021-07-15T09:08:27,100.0,38.2,S
2021-07-15T09:08:26,1300.0,38.3,B
2021-07-15T09:08:20,100.0,38.3,S
2021-07-15T09:08:14,600.0,38.3,S
2021-07-15T09:07:44,300.0,38.4,B
2021-07-15T09:07:41,1000.0,38.3,B
2021-07-15T09:07:40,100.0,38.3,B
2021-07-15T09:07:39,500.0,38.3,B
2021-07-15T09:07:35,100.0,38.3,B
2021-07-15T09:07:34,3000.0,38.3,B
2021-07-15T09:07:21,2000.0,38.3,B
2021-07-15T09:07:19,100.0,38.3,B
2021-07-15T09:07:18,100.0,38.3,B
2021-07-15T09:07:16,4900.0,38.3,B
2021-07-15T09:07:08,600.0,38.3,S
2021-07-15T09:07:06,100.0,38.3,S
2021-07-15T09:07:05,200.0,38.4,B
2021-07-15T09:07:03,500.0,38.3,S
2021-07-15T09:06:55,100.0,38.4,B
2021-07-15T09:06:49,100.0,38.4,B
2021-07-15T09:06:46,200.0,38.4,B
2021-07-15T09:06:45,1100.0,38.3,S
2021-07-15T09:06:06,3700.0,38.4,S
2021-07-15T09:05:49,100.0,38.5,S
2021-07-15T09:05:48,100.0,38.5,S
2021-07-15T09:05:38,500.0,38.5,B
2021-07-15T09:05:36,100.0,38.5,B
2021-07-15T09:05:27,1000.0,38.5,B
2021-07-15T09:05:19,100.0,38.5,B
2021-07-15T09:05:12,1000.0,38.5,B
2021-07-15T09:04:48,100.0,38.5,B
2021-07-15T09:04:44,200.0,38.5,B
2021-07-15T09:04:35,200.0,38.5,B
2021-07-15T09:04:23,1000.0,38.5,B
2021-07-15T09:04:09,300.0,38.5,B
2021-07-15T09:04:05,2500.0,38.2,S
2021-07-15T09:04:01,200.0,38.5,B
2021-07-15T09:03:57,700.0,38.2,S
2021-07-15T09:03:50,900.0,38.2,S
2021-07-15T09:03:49,600.0,38.2,S
2021-07-15T09:03:47,1600.0,38.2,B
2021-07-15T09:03:46,2000.0,38.2,B
2021-07-15T09:03:46,200.0,38.2,B
2021-07-15T09:03:44,2000.0,38.2,B
2021-07-15T09:03:43,100.0,38.2,B
2021-07-15T09:03:43,400.0,38.2,B
2021-07-15T09:03:37,3000.0,38.2,B
2021-07-15T09:03:35,200.0,38.2,B
2021-07-15T09:03:33,100.0,38.2,B
2021-07-15T09:03:31,2000.0,38.2,B
2021-07-15T09:03:31,300.0,38.2,B
2021-07-15T09:03:29,100.0,38.2,B
2021-07-15T09:03:26,2000.0,38.2,B
2021-07-15T09:03:26,1000.0,38.2,B
2021-07-15T09:03:09,1000.0,38.2,B
2021-07-15T09:03:07,200.0,38.2,B
2021-07-15T09:02:59,100.0,38.2,B
2021-07-15T09:02:58,200.0,38.2,B
2021-07-15T09:02:57,100.0,38.2,B
2021-07-15T09:02:52,1000.0,38.2,B
2021-07-15T09:02:51,200.0,38.2,B
2021-07-15T09:02:50,300.0,38.2,B
2021-07-15T09:02:49,200.0,38.2,B
2021-07-15T09:02:38,100.0,38.2,B
2021-07-15T09:02:37,300.0,38.2,B
2021-07-15T09:02:34,3300.0,38.2,S
2021-07-15T09:02:18,1000.0,38.5,B
2021-07-15T09:02:10,200.0,38.2,S
2021-07-15T09:02:03,800.0,38.2,S
2021-07-15T09:01:56,300.0,38.5,B
2021-07-15T09:01:51,100.0,38.5,B
2021-07-15T09:01:46,300.0,38.5,B
2021-07-15T09:01:40,100.0,38.5,B
2021-07-15T09:01:33,1100.0,38.5,S
2021-07-15T09:01:25,500.0,38.5,S
2021-07-15T09:01:25,1000.0,38.5,S
2021-07-15T09:00:43,300.0,38.7,S
2021-07-15T09:00:38,100.0,38.8,B
2021-07-15T09:00:34,500.0,38.9,B
2021-07-15T09:00:26,100.0,38.9,B
2021-07-15T09:00:26,1000.0,38.9,B
2021-07-15T09:00:26,800.0,38.9,B
2021-07-15T09:00:22,400.0,38.9,B
2021-07-15T09:00:16,100.0,38.9,B
2021-07-15T09:00:14,600.0,38.9,B
2021-07-15T09:00:10,100.0,38.7,B
