tradingTime,volume,price,side
2021-07-23T11:29:04,2300.0,20.7,S
2021-07-23T11:28:30,1000.0,20.7,S
2021-07-23T11:28:22,400.0,20.8,B
2021-07-23T11:27:54,400.0,20.8,B
2021-07-23T11:27:41,1800.0,20.8,S
2021-07-23T11:27:05,200.0,20.8,B
2021-07-23T11:26:06,300.0,20.7,S
2021-07-23T11:25:39,1000.0,20.7,B
2021-07-23T11:25:22,1300.0,20.6,S
2021-07-23T11:22:24,29700.0,20.6,S
2021-07-23T11:21:53,1900.0,20.8,S
2021-07-23T11:21:33,1000.0,20.7,S
2021-07-23T11:20:50,2000.0,20.7,S
2021-07-23T11:20:28,3000.0,20.7,S
2021-07-23T11:20:22,400.0,20.8,B
2021-07-23T11:19:53,400.0,20.8,S
2021-07-23T11:19:50,19600.0,20.8,B
2021-07-23T11:19:41,300.0,20.9,B
2021-07-23T11:19:38,2000.0,20.8,S
2021-07-23T11:19:17,3000.0,20.8,S
2021-07-23T11:18:58,500.0,20.8,S
2021-07-23T11:18:57,400.0,20.9,B
2021-07-23T11:18:46,7000.0,20.9,B
2021-07-23T11:18:45,10000.0,20.9,S
2021-07-23T11:18:36,10000.0,20.9,S
2021-07-23T11:18:28,400.0,21.0,B
2021-07-23T11:18:01,400.0,21.0,B
2021-07-23T11:17:32,500.0,21.0,B
2021-07-23T11:17:04,400.0,21.0,B
2021-07-23T11:16:35,400.0,21.0,B
2021-07-23T11:16:08,400.0,21.0,B
2021-07-23T11:15:39,500.0,21.0,B
2021-07-23T11:15:11,400.0,21.0,B
2021-07-23T11:14:42,400.0,21.0,B
2021-07-23T11:14:26,500.0,21.0,B
2021-07-23T11:14:18,500.0,21.0,B
2021-07-23T11:14:14,400.0,21.0,B
2021-07-23T11:13:46,500.0,21.0,B
2021-07-23T11:13:18,400.0,21.0,B
2021-07-23T11:13:07,1800.0,21.0,B
2021-07-23T11:12:48,400.0,21.0,B
2021-07-23T11:12:30,1000.0,21.0,B
2021-07-23T11:12:21,400.0,21.0,B
2021-07-23T11:11:52,500.0,21.0,B
2021-07-23T11:11:31,3300.0,21.0,S
2021-07-23T11:11:02,100.0,21.0,S
2021-07-23T11:10:45,900.0,21.0,S
2021-07-23T11:10:25,6700.0,21.0,B
2021-07-23T11:10:22,100.0,21.0,B
2021-07-23T11:10:00,400.0,21.0,B
2021-07-23T11:09:32,400.0,21.0,B
2021-07-23T11:09:31,200.0,21.0,B
2021-07-23T11:09:17,100.0,21.0,B
2021-07-23T11:09:02,400.0,21.0,B
2021-07-23T11:08:35,500.0,21.0,B
2021-07-23T11:08:08,400.0,21.0,B
2021-07-23T11:07:39,400.0,21.0,B
2021-07-23T11:07:14,1000.0,21.0,B
2021-07-23T11:07:10,400.0,21.0,B
2021-07-23T11:06:42,500.0,21.0,B
2021-07-23T11:06:34,2400.0,21.0,B
2021-07-23T11:06:29,1000.0,21.0,B
2021-07-23T11:06:14,400.0,21.0,B
2021-07-23T11:05:45,400.0,21.0,B
2021-07-23T11:05:17,400.0,21.0,B
2021-07-23T11:05:07,1000.0,21.0,B
2021-07-23T11:05:04,1200.0,20.9,S
2021-07-23T11:05:01,900.0,21.0,S
2021-07-23T11:04:59,3000.0,21.0,S
2021-07-23T11:04:34,4000.0,21.0,S
2021-07-23T11:04:20,7000.0,21.0,S
2021-07-23T11:04:16,5000.0,21.0,B
2021-07-23T11:04:01,10000.0,21.0,B
2021-07-23T11:03:52,400.0,21.0,B
2021-07-23T11:03:39,3000.0,21.0,B
2021-07-23T11:03:24,2000.0,21.0,B
2021-07-23T11:03:02,1900.0,20.9,S
2021-07-23T11:02:56,500.0,21.0,B
2021-07-23T11:02:44,500.0,21.0,B
2021-07-23T11:02:32,200.0,20.9,S
2021-07-23T11:02:25,1000.0,20.9,S
2021-07-23T11:01:58,900.0,20.9,S
2021-07-23T11:01:57,100.0,21.0,B
2021-07-23T11:01:31,400.0,21.0,B
2021-07-23T11:01:22,1000.0,21.0,B
2021-07-23T11:01:10,200.0,21.0,B
2021-07-23T11:01:03,500.0,21.0,B
2021-07-23T11:00:57,1000.0,21.0,B
2021-07-23T11:00:52,100.0,21.0,B
2021-07-23T11:00:44,2000.0,21.0,B
2021-07-23T11:00:35,400.0,21.0,B
2021-07-23T11:00:19,20000.0,21.0,B
2021-07-23T11:00:05,400.0,21.0,B
2021-07-23T10:59:54,6000.0,21.0,B
2021-07-23T10:59:35,6000.0,20.9,S
2021-07-23T10:57:37,100.0,20.8,S
2021-07-23T10:55:21,1900.0,20.8,S
2021-07-23T10:55:03,200.0,20.8,S
2021-07-23T10:53:30,8200.0,20.8,S
2021-07-23T10:53:03,400.0,20.8,B
2021-07-23T10:52:34,400.0,20.8,B
2021-07-23T10:52:20,5000.0,20.8,B
2021-07-23T10:52:16,1000.0,20.7,S
2021-07-23T10:52:06,500.0,20.8,B
2021-07-23T10:51:38,400.0,20.8,B
2021-07-23T10:51:09,400.0,20.8,B
2021-07-23T10:50:41,400.0,20.8,B
2021-07-23T10:50:13,500.0,20.8,B
2021-07-23T10:49:45,400.0,20.8,B
2021-07-23T10:49:37,1100.0,20.8,B
2021-07-23T10:49:24,2000.0,20.7,S
2021-07-23T10:49:04,200.0,20.7,S
2021-07-23T10:48:48,400.0,20.8,B
2021-07-23T10:48:20,500.0,20.8,B
2021-07-23T10:47:51,400.0,20.8,B
2021-07-23T10:47:28,400.0,20.8,B
2021-07-23T10:46:57,700.0,20.8,B
2021-07-23T10:46:55,400.0,20.8,B
2021-07-23T10:46:27,500.0,20.8,B
2021-07-23T10:46:15,1000.0,20.8,B
2021-07-23T10:46:07,500.0,20.8,B
2021-07-23T10:46:02,3200.0,20.8,S
2021-07-23T10:46:01,600.0,20.8,S
2021-07-23T10:45:59,400.0,20.9,B
2021-07-23T10:45:35,500.0,20.9,B
2021-07-23T10:45:30,400.0,20.9,B
2021-07-23T10:45:02,400.0,20.9,B
2021-07-23T10:44:34,500.0,20.9,B
2021-07-23T10:44:06,400.0,20.9,B
2021-07-23T10:43:57,400.0,20.9,B
2021-07-23T10:43:49,2600.0,20.9,B
2021-07-23T10:43:36,300.0,20.9,S
2021-07-23T10:43:12,400.0,20.9,B
2021-07-23T10:43:09,400.0,20.9,B
2021-07-23T10:42:43,2300.0,20.9,B
2021-07-23T10:42:28,1000.0,20.9,S
2021-07-23T10:42:12,4000.0,20.9,S
2021-07-23T10:42:00,4000.0,21.0,B
2021-07-23T10:41:50,1000.0,21.0,B
2021-07-23T10:41:33,1000.0,20.9,S
2021-07-23T10:41:15,400.0,21.0,B
2021-07-23T10:41:09,500.0,21.0,B
2021-07-23T10:40:52,7500.0,21.0,B
2021-07-23T10:40:49,1300.0,20.9,S
2021-07-23T10:40:34,1500.0,21.0,B
2021-07-23T10:40:20,400.0,21.0,B
2021-07-23T10:40:06,500.0,21.0,B
2021-07-23T10:39:54,1000.0,21.0,B
2021-07-23T10:39:51,400.0,21.0,B
2021-07-23T10:39:31,500.0,21.0,B
2021-07-23T10:39:23,400.0,21.0,B
2021-07-23T10:38:56,400.0,21.0,B
2021-07-23T10:38:42,600.0,21.0,B
2021-07-23T10:38:34,2000.0,20.9,S
2021-07-23T10:38:10,1400.0,20.9,B
2021-07-23T10:38:09,600.0,20.9,S
2021-07-23T10:37:35,100.0,20.9,S
2021-07-23T10:37:02,400.0,20.9,S
2021-07-23T10:36:34,400.0,20.9,B
2021-07-23T10:36:33,1900.0,20.9,B
2021-07-23T10:36:22,100.0,20.9,S
2021-07-23T10:36:11,1000.0,20.9,S
2021-07-23T10:35:42,1200.0,20.9,S
2021-07-23T10:35:15,1400.0,20.9,B
2021-07-23T10:35:09,300.0,20.9,B
2021-07-23T10:35:08,1000.0,20.9,B
2021-07-23T10:35:03,100.0,20.9,B
2021-07-23T10:34:11,8900.0,20.8,B
2021-07-23T10:34:02,5000.0,20.8,B
2021-07-23T10:33:49,1800.0,20.8,B
2021-07-23T10:33:40,1000.0,20.7,S
2021-07-23T10:33:39,2000.0,20.8,B
2021-07-23T10:32:54,1800.0,20.7,B
2021-07-23T10:32:48,300.0,20.7,B
2021-07-23T10:32:40,500.0,20.7,B
2021-07-23T10:32:33,100.0,20.7,B
2021-07-23T10:32:19,400.0,20.7,B
2021-07-23T10:31:53,200.0,20.7,B
2021-07-23T10:31:51,400.0,20.7,B
2021-07-23T10:31:42,2000.0,20.7,B
2021-07-23T10:31:23,400.0,20.7,B
2021-07-23T10:31:11,2000.0,20.7,B
2021-07-23T10:31:06,1000.0,20.7,B
2021-07-23T10:30:04,500.0,20.6,S
2021-07-23T10:29:51,500.0,20.6,S
2021-07-23T10:28:33,400.0,20.6,B
2021-07-23T10:28:26,5000.0,20.6,B
2021-07-23T10:28:24,100.0,20.6,B
2021-07-23T10:28:20,1000.0,20.6,B
2021-07-23T10:28:19,100.0,20.6,B
2021-07-23T10:28:12,5000.0,20.6,B
2021-07-23T10:28:06,400.0,20.6,B
2021-07-23T10:27:52,2000.0,20.6,B
2021-07-23T10:27:48,500.0,20.6,B
2021-07-23T10:27:22,500.0,20.5,S
2021-07-23T10:27:20,500.0,20.6,B
2021-07-23T10:27:04,100.0,20.5,S
2021-07-23T10:26:55,2000.0,20.6,B
2021-07-23T10:26:55,500.0,20.6,B
2021-07-23T10:26:47,500.0,20.6,B
2021-07-23T10:26:40,400.0,20.6,B
2021-07-23T10:26:12,400.0,20.6,B
2021-07-23T10:25:44,500.0,20.6,B
2021-07-23T10:25:29,2000.0,20.6,B
2021-07-23T10:23:27,1000.0,20.5,S
2021-07-23T10:23:22,400.0,20.6,B
2021-07-23T10:22:56,400.0,20.6,B
2021-07-23T10:22:26,400.0,20.6,B
2021-07-23T10:22:14,1000.0,20.6,B
2021-07-23T10:21:58,300.0,20.6,B
2021-07-23T10:21:37,300.0,20.6,B
2021-07-23T10:21:29,400.0,20.6,B
2021-07-23T10:21:24,500.0,20.6,B
2021-07-23T10:21:11,600.0,20.5,S
2021-07-23T10:21:01,400.0,20.6,B
2021-07-23T10:20:32,400.0,20.6,B
2021-07-23T10:20:04,400.0,20.6,B
2021-07-23T10:19:35,300.0,20.6,B
2021-07-23T10:19:08,400.0,20.6,B
2021-07-23T10:18:50,3000.0,20.6,B
2021-07-23T10:18:40,400.0,20.6,B
2021-07-23T10:18:10,400.0,20.6,B
2021-07-23T10:17:40,400.0,20.6,B
2021-07-23T10:17:28,7500.0,20.6,B
2021-07-23T10:16:22,100.0,20.5,S
2021-07-23T10:16:03,1000.0,20.5,S
2021-07-23T10:16:02,800.0,20.5,S
2021-07-23T10:15:16,600.0,20.5,S
2021-07-23T10:13:31,1000.0,20.5,S
2021-07-23T10:11:38,500.0,20.5,S
2021-07-23T10:11:31,200.0,20.5,S
2021-07-23T10:10:19,200.0,20.5,S
2021-07-23T10:09:42,1500.0,20.5,S
2021-07-23T10:09:15,400.0,20.6,B
2021-07-23T10:08:46,300.0,20.6,B
2021-07-23T10:08:22,1000.0,20.6,B
2021-07-23T10:08:17,400.0,20.6,B
2021-07-23T10:07:51,1000.0,20.6,B
2021-07-23T10:07:50,400.0,20.6,B
2021-07-23T10:07:22,400.0,20.6,B
2021-07-23T10:06:53,400.0,20.6,B
2021-07-23T10:06:25,400.0,20.6,B
2021-07-23T10:05:56,300.0,20.6,B
2021-07-23T10:05:29,400.0,20.6,B
2021-07-23T10:05:00,400.0,20.6,B
2021-07-23T10:04:32,400.0,20.6,B
2021-07-23T10:04:04,400.0,20.6,B
2021-07-23T10:03:36,300.0,20.6,B
2021-07-23T10:03:06,400.0,20.6,B
2021-07-23T10:02:38,400.0,20.6,B
2021-07-23T10:02:29,900.0,20.6,B
2021-07-23T10:02:13,1000.0,20.6,S
2021-07-23T10:02:11,4600.0,20.6,S
2021-07-23T10:02:11,400.0,20.6,B
2021-07-23T10:02:10,1000.0,20.5,S
2021-07-23T10:02:09,100.0,20.6,B
2021-07-23T10:01:43,400.0,20.6,B
2021-07-23T10:01:15,400.0,20.6,B
2021-07-23T10:00:52,4100.0,20.6,S
2021-07-23T10:00:50,1800.0,20.6,S
2021-07-23T10:00:10,200.0,20.6,S
2021-07-23T09:59:23,2400.0,20.6,S
2021-07-23T09:59:04,1000.0,20.6,S
2021-07-23T09:56:58,2000.0,20.6,S
2021-07-23T09:54:39,200.0,20.6,S
2021-07-23T09:54:35,300.0,20.6,S
2021-07-23T09:54:25,200.0,20.6,S
2021-07-23T09:53:47,100.0,20.6,S
2021-07-23T09:53:42,200.0,20.6,B
2021-07-23T09:53:32,5000.0,20.6,B
2021-07-23T09:53:14,400.0,20.6,B
2021-07-23T09:52:46,300.0,20.6,B
2021-07-23T09:52:38,2000.0,20.6,S
2021-07-23T09:52:32,1000.0,20.6,S
2021-07-23T09:52:17,1100.0,20.6,S
2021-07-23T09:51:17,1100.0,20.6,S
2021-07-23T09:50:53,400.0,20.6,B
2021-07-23T09:50:51,2000.0,20.6,B
2021-07-23T09:50:49,5400.0,20.6,B
2021-07-23T09:50:24,400.0,20.6,B
2021-07-23T09:50:09,400.0,20.6,B
2021-07-23T09:50:07,1000.0,20.6,B
2021-07-23T09:49:57,300.0,20.6,B
2021-07-23T09:49:28,400.0,20.6,B
2021-07-23T09:49:00,400.0,20.6,B
2021-07-23T09:48:48,100.0,20.6,B
2021-07-23T09:48:29,400.0,20.6,B
2021-07-23T09:48:00,400.0,20.6,B
2021-07-23T09:47:59,100.0,20.6,B
2021-07-23T09:47:50,200.0,20.6,B
2021-07-23T09:47:17,100.0,20.5,S
2021-07-23T09:47:06,300.0,20.5,S
2021-07-23T09:47:05,500.0,20.5,S
2021-07-23T09:46:31,10000.0,20.5,S
2021-07-23T09:46:28,2000.0,20.6,B
2021-07-23T09:44:30,8000.0,20.5,S
2021-07-23T09:44:17,400.0,20.6,B
2021-07-23T09:44:15,1000.0,20.6,B
2021-07-23T09:43:49,400.0,20.6,B
2021-07-23T09:43:30,5000.0,20.6,B
2021-07-23T09:42:11,1000.0,20.5,S
2021-07-23T09:41:29,1000.0,20.5,S
2021-07-23T09:41:28,100.0,20.6,B
2021-07-23T09:41:28,400.0,20.6,B
2021-07-23T09:40:59,400.0,20.6,B
2021-07-23T09:40:44,2500.0,20.6,B
2021-07-23T09:40:39,2400.0,20.5,S
2021-07-23T09:40:30,400.0,20.6,B
2021-07-23T09:40:08,500.0,20.6,B
2021-07-23T09:40:07,400.0,20.6,B
2021-07-23T09:40:00,9400.0,20.6,S
2021-07-23T09:39:30,1000.0,20.6,S
2021-07-23T09:39:05,400.0,20.7,B
2021-07-23T09:38:37,400.0,20.7,B
2021-07-23T09:38:10,400.0,20.7,B
2021-07-23T09:37:41,400.0,20.7,B
2021-07-23T09:37:11,400.0,20.7,B
2021-07-23T09:36:54,400.0,20.7,B
2021-07-23T09:36:02,200.0,20.6,S
2021-07-23T09:36:01,200.0,20.7,B
2021-07-23T09:35:56,1000.0,20.7,B
2021-07-23T09:35:51,1900.0,20.7,B
2021-07-23T09:35:47,400.0,20.7,B
2021-07-23T09:35:20,400.0,20.7,B
2021-07-23T09:34:51,400.0,20.7,B
2021-07-23T09:34:37,1200.0,20.7,B
2021-07-23T09:33:12,600.0,20.6,S
2021-07-23T09:32:00,300.0,20.6,S
2021-07-23T09:31:15,1500.0,20.6,S
2021-07-23T09:29:13,100.0,20.6,S
2021-07-23T09:28:45,300.0,20.6,B
2021-07-23T09:28:32,1100.0,20.6,B
2021-07-23T09:28:16,400.0,20.6,B
2021-07-23T09:27:53,200.0,20.6,B
2021-07-23T09:27:48,400.0,20.6,B
2021-07-23T09:27:19,400.0,20.6,B
2021-07-23T09:27:14,1700.0,20.6,S
2021-07-23T09:27:10,11300.0,20.7,B
2021-07-23T09:26:51,400.0,20.7,B
2021-07-23T09:26:22,500.0,20.7,B
2021-07-23T09:25:54,400.0,20.7,B
2021-07-23T09:25:27,400.0,20.7,B
2021-07-23T09:25:16,200.0,20.7,B
2021-07-23T09:24:58,400.0,20.7,B
2021-07-23T09:24:30,400.0,20.7,B
2021-07-23T09:24:09,2000.0,20.7,S
2021-07-23T09:22:16,7500.0,20.7,B
2021-07-23T09:21:14,1000.0,20.6,B
2021-07-23T09:21:13,400.0,20.6,B
2021-07-23T09:20:56,10000.0,20.6,B
2021-07-23T09:20:37,2000.0,20.4,S
2021-07-23T09:20:16,400.0,20.5,S
2021-07-23T09:20:13,500.0,20.5,B
2021-07-23T09:20:12,200.0,20.5,B
2021-07-23T09:20:09,1000.0,20.5,B
2021-07-23T09:20:07,5000.0,20.5,B
2021-07-23T09:19:50,1000.0,20.5,B
2021-07-23T09:19:08,5000.0,20.4,S
2021-07-23T09:19:05,2000.0,20.4,S
2021-07-23T09:18:53,100.0,20.5,B
2021-07-23T09:18:29,100.0,20.4,S
2021-07-23T09:18:25,100.0,20.5,B
2021-07-23T09:16:49,7000.0,20.4,S
2021-07-23T09:16:32,1000.0,20.4,S
2021-07-23T09:15:23,1500.0,20.4,S
2021-07-23T09:15:04,400.0,20.5,B
2021-07-23T09:14:36,400.0,20.5,B
2021-07-23T09:14:12,1400.0,20.5,S
2021-07-23T09:13:51,4000.0,20.5,S
2021-07-23T09:13:38,2000.0,20.5,S
2021-07-23T09:13:12,400.0,20.6,B
2021-07-23T09:12:43,300.0,20.6,B
2021-07-23T09:12:16,400.0,20.6,B
2021-07-23T09:11:46,400.0,20.6,B
2021-07-23T09:11:27,300.0,20.6,B
2021-07-23T09:11:18,400.0,20.6,B
2021-07-23T09:11:05,4000.0,20.6,B
2021-07-23T09:09:54,500.0,20.5,B
2021-07-23T09:09:49,100.0,20.5,B
2021-07-23T09:09:35,1500.0,20.5,B
2021-07-23T09:09:26,400.0,20.5,B
2021-07-23T09:09:15,500.0,20.5,B
2021-07-23T09:08:58,400.0,20.5,B
2021-07-23T09:08:55,1000.0,20.5,B
2021-07-23T09:08:49,500.0,20.5,B
2021-07-23T09:08:46,3600.0,20.5,S
2021-07-23T09:08:41,500.0,20.5,S
2021-07-23T09:08:30,400.0,20.6,B
2021-07-23T09:08:02,400.0,20.6,B
2021-07-23T09:07:54,200.0,20.6,B
2021-07-23T09:07:33,300.0,20.6,B
2021-07-23T09:07:05,400.0,20.6,B
2021-07-23T09:06:57,1000.0,20.6,B
2021-07-23T09:06:36,400.0,20.6,B
2021-07-23T09:06:21,2000.0,20.6,B
2021-07-23T09:06:07,400.0,20.5,B
2021-07-23T09:05:40,400.0,20.5,B
2021-07-23T09:05:12,100.0,20.5,B
2021-07-23T09:05:12,600.0,20.5,B
2021-07-23T09:04:45,500.0,20.5,B
2021-07-23T09:04:44,300.0,20.5,B
2021-07-23T09:04:23,400.0,20.5,S
2021-07-23T09:04:08,3000.0,20.5,S
2021-07-23T09:03:47,400.0,20.5,S
2021-07-23T09:03:44,100.0,20.5,S
2021-07-23T09:03:31,100.0,20.5,S
2021-07-23T09:03:19,200.0,20.5,B
2021-07-23T09:03:16,100.0,20.5,B
2021-07-23T09:03:13,700.0,20.5,S
2021-07-23T09:03:11,100.0,20.5,S
2021-07-23T09:02:20,1000.0,20.5,S
2021-07-23T09:02:01,100.0,20.6,B
2021-07-23T09:01:53,400.0,20.6,B
2021-07-23T09:01:52,200.0,20.6,S
2021-07-23T09:01:27,200.0,20.6,B
2021-07-23T09:01:22,2800.0,20.6,S
2021-07-23T09:00:28,200.0,20.6,S
2021-07-23T09:00:12,2000.0,20.6,S
