tradingTime,volume,price,side
2021-07-23T11:28:45,300.0,50.8,B
2021-07-23T11:28:01,300.0,50.8,B
2021-07-23T11:27:54,300.0,50.8,B
2021-07-23T11:27:07,100.0,50.8,B
2021-07-23T11:26:32,300.0,50.8,B
2021-07-23T11:26:23,1000.0,50.7,S
2021-07-23T11:26:19,200.0,50.7,S
2021-07-23T11:26:17,200.0,50.8,B
2021-07-23T11:26:06,1000.0,50.7,S
2021-07-23T11:26:04,300.0,50.8,B
2021-07-23T11:25:44,200.0,50.7,S
2021-07-23T11:25:43,2000.0,50.7,S
2021-07-23T11:25:40,2000.0,50.7,S
2021-07-23T11:25:22,1000.0,50.7,S
2021-07-23T11:25:16,1000.0,50.8,B
2021-07-23T11:25:02,400.0,50.8,B
2021-07-23T11:24:44,100.0,50.7,S
2021-07-23T11:24:38,100.0,50.7,S
2021-07-23T11:24:22,2300.0,50.7,S
2021-07-23T11:24:19,300.0,50.8,B
2021-07-23T11:24:13,300.0,50.7,S
2021-07-23T11:24:08,300.0,50.8,B
2021-07-23T11:24:04,4000.0,50.7,S
2021-07-23T11:23:55,5000.0,50.7,S
2021-07-23T11:23:48,1000.0,50.7,S
2021-07-23T11:23:46,100.0,50.7,S
2021-07-23T11:23:43,500.0,50.7,S
2021-07-23T11:23:38,10100.0,50.8,S
2021-07-23T11:23:38,1400.0,50.8,S
2021-07-23T11:23:38,3100.0,50.8,S
2021-07-23T11:23:38,2000.0,50.8,S
2021-07-23T11:23:38,1500.0,50.8,S
2021-07-23T11:23:38,500.0,50.8,S
2021-07-23T11:23:38,400.0,50.8,S
2021-07-23T11:23:38,500.0,50.9,B
2021-07-23T11:23:08,400.0,50.9,B
2021-07-23T11:23:03,400.0,50.9,S
2021-07-23T11:23:03,900.0,50.9,S
2021-07-23T11:23:02,500.0,50.9,S
2021-07-23T11:22:50,3900.0,50.9,S
2021-07-23T11:22:36,100.0,51.0,B
2021-07-23T11:22:21,1000.0,50.9,S
2021-07-23T11:22:20,100.0,50.9,S
2021-07-23T11:22:12,100.0,50.9,S
2021-07-23T11:22:11,300.0,51.0,B
2021-07-23T11:22:07,300.0,51.0,B
2021-07-23T11:22:04,1000.0,51.0,B
2021-07-23T11:22:04,100.0,50.9,S
2021-07-23T11:22:00,1000.0,50.9,S
2021-07-23T11:21:36,1000.0,50.9,S
2021-07-23T11:21:20,300.0,51.0,B
2021-07-23T11:21:02,100.0,50.9,S
2021-07-23T11:20:52,100.0,50.9,S
2021-07-23T11:20:39,1000.0,50.9,S
2021-07-23T11:20:35,100.0,50.9,S
2021-07-23T11:20:31,300.0,51.0,B
2021-07-23T11:20:28,100.0,50.9,S
2021-07-23T11:20:21,100.0,50.9,S
2021-07-23T11:20:15,300.0,51.0,B
2021-07-23T11:20:11,100.0,50.9,S
2021-07-23T11:19:56,100.0,50.9,S
2021-07-23T11:19:53,300.0,51.0,B
2021-07-23T11:19:47,100.0,50.9,S
2021-07-23T11:19:20,100.0,50.9,S
2021-07-23T11:19:07,600.0,51.0,B
2021-07-23T11:18:44,800.0,51.0,B
2021-07-23T11:18:17,300.0,51.0,B
2021-07-23T11:18:06,100.0,50.9,S
2021-07-23T11:17:41,300.0,51.0,B
2021-07-23T11:17:41,100.0,51.0,B
2021-07-23T11:17:36,300.0,51.0,B
2021-07-23T11:16:50,200.0,50.9,S
2021-07-23T11:16:46,100.0,50.9,S
2021-07-23T11:16:41,3900.0,50.9,S
2021-07-23T11:16:39,100.0,50.9,S
2021-07-23T11:16:31,100.0,50.9,S
2021-07-23T11:16:21,300.0,51.0,B
2021-07-23T11:16:11,100.0,50.9,S
2021-07-23T11:16:04,100.0,50.9,S
2021-07-23T11:15:48,100.0,50.9,S
2021-07-23T11:15:41,100.0,50.9,S
2021-07-23T11:15:33,100.0,50.9,S
2021-07-23T11:15:28,300.0,51.0,B
2021-07-23T11:15:23,100.0,50.9,S
2021-07-23T11:15:14,200.0,50.9,S
2021-07-23T11:15:12,100.0,50.9,S
2021-07-23T11:14:58,200.0,50.9,S
2021-07-23T11:14:30,500.0,50.9,S
2021-07-23T11:14:25,300.0,51.0,B
2021-07-23T11:14:00,300.0,51.0,B
2021-07-23T11:13:57,300.0,51.0,B
2021-07-23T11:13:16,300.0,51.0,B
2021-07-23T11:12:28,300.0,51.0,B
2021-07-23T11:11:58,500.0,51.0,B
2021-07-23T11:11:30,1000.0,50.9,B
2021-07-23T11:11:14,400.0,50.9,B
2021-07-23T11:11:09,300.0,50.9,B
2021-07-23T11:11:05,100.0,50.9,B
2021-07-23T11:11:05,200.0,50.9,B
2021-07-23T11:10:30,300.0,50.9,B
2021-07-23T11:10:16,300.0,50.9,B
2021-07-23T11:10:14,400.0,50.9,B
2021-07-23T11:10:14,100.0,50.9,B
2021-07-23T11:10:13,10000.0,50.8,S
2021-07-23T11:10:11,1000.0,50.9,B
2021-07-23T11:08:59,1000.0,50.9,S
2021-07-23T11:08:50,300.0,51.0,B
2021-07-23T11:08:36,600.0,50.9,S
2021-07-23T11:08:35,200.0,51.0,B
2021-07-23T11:08:18,500.0,50.9,S
2021-07-23T11:08:14,2300.0,50.9,S
2021-07-23T11:08:14,200.0,50.9,S
2021-07-23T11:08:14,2500.0,50.9,S
2021-07-23T11:08:02,100.0,50.9,S
2021-07-23T11:07:57,2000.0,50.9,S
2021-07-23T11:07:57,1000.0,50.9,S
2021-07-23T11:07:55,100.0,50.9,S
2021-07-23T11:07:44,500.0,50.9,S
2021-07-23T11:07:32,100.0,50.9,S
2021-07-23T11:07:32,200.0,50.9,S
2021-07-23T11:07:14,300.0,50.9,S
2021-07-23T11:07:12,900.0,50.9,S
2021-07-23T11:06:59,1000.0,50.9,S
2021-07-23T11:06:44,100.0,50.9,S
2021-07-23T11:06:39,200.0,51.0,B
2021-07-23T11:06:37,300.0,51.0,B
2021-07-23T11:06:36,400.0,50.9,S
2021-07-23T11:06:34,300.0,51.0,B
2021-07-23T11:06:32,200.0,50.9,S
2021-07-23T11:06:32,300.0,50.9,S
2021-07-23T11:06:29,100.0,50.9,S
2021-07-23T11:06:20,100.0,50.9,S
2021-07-23T11:06:15,100.0,50.9,S
2021-07-23T11:06:13,1000.0,50.9,S
2021-07-23T11:06:12,100.0,50.9,S
2021-07-23T11:05:57,100.0,50.9,S
2021-07-23T11:05:47,100.0,50.9,S
2021-07-23T11:05:32,100.0,50.9,S
2021-07-23T11:05:10,100.0,50.9,S
2021-07-23T11:05:04,100.0,50.9,S
2021-07-23T11:04:46,100.0,50.9,S
2021-07-23T11:04:42,200.0,51.0,B
2021-07-23T11:04:33,800.0,50.9,S
2021-07-23T11:04:31,100.0,50.9,S
2021-07-23T11:04:25,300.0,51.0,B
2021-07-23T11:04:25,100.0,51.0,B
2021-07-23T11:04:21,100.0,50.9,S
2021-07-23T11:04:12,100.0,51.0,B
2021-07-23T11:04:07,100.0,50.9,S
2021-07-23T11:04:06,800.0,50.9,S
2021-07-23T11:03:52,100.0,50.9,S
2021-07-23T11:03:39,100.0,50.9,S
2021-07-23T11:03:35,100.0,50.9,S
2021-07-23T11:03:25,100.0,51.0,S
2021-07-23T11:03:23,100.0,51.0,S
2021-07-23T11:03:18,100.0,51.0,S
2021-07-23T11:03:03,100.0,51.0,S
2021-07-23T11:02:59,300.0,51.1,B
2021-07-23T11:02:54,100.0,51.0,S
2021-07-23T11:02:53,300.0,51.1,B
2021-07-23T11:02:47,100.0,51.0,S
2021-07-23T11:02:45,200.0,51.1,B
2021-07-23T11:02:37,100.0,51.0,S
2021-07-23T11:02:34,100.0,51.0,S
2021-07-23T11:02:34,300.0,51.0,S
2021-07-23T11:02:32,100.0,51.0,S
2021-07-23T11:02:22,100.0,51.0,S
2021-07-23T11:02:22,1000.0,51.1,B
2021-07-23T11:02:19,600.0,51.0,S
2021-07-23T11:02:19,100.0,51.0,S
2021-07-23T11:02:19,100.0,51.0,S
2021-07-23T11:02:18,100.0,51.0,S
2021-07-23T11:02:17,100.0,51.0,S
2021-07-23T11:02:14,100.0,51.0,S
2021-07-23T11:02:12,300.0,51.1,B
2021-07-23T11:02:04,100.0,51.0,S
2021-07-23T11:01:55,1200.0,51.0,S
2021-07-23T11:01:55,300.0,51.0,S
2021-07-23T11:01:19,300.0,51.1,B
2021-07-23T11:01:03,300.0,51.1,B
2021-07-23T11:00:49,200.0,51.1,B
2021-07-23T10:59:59,300.0,51.1,B
2021-07-23T10:59:35,5000.0,51.1,B
2021-07-23T10:59:16,1000.0,51.0,S
2021-07-23T10:59:13,300.0,51.1,B
2021-07-23T10:59:09,500.0,51.1,B
2021-07-23T10:58:52,200.0,51.1,B
2021-07-23T10:57:52,500.0,51.1,B
2021-07-23T10:57:46,300.0,51.0,B
2021-07-23T10:57:29,600.0,51.0,B
2021-07-23T10:57:26,4000.0,51.0,S
2021-07-23T10:57:10,400.0,51.0,B
2021-07-23T10:57:10,600.0,51.0,B
2021-07-23T10:57:05,200.0,51.0,B
2021-07-23T10:57:05,200.0,51.0,B
2021-07-23T10:56:55,200.0,51.0,B
2021-07-23T10:56:31,100.0,51.0,B
2021-07-23T10:56:08,200.0,51.0,B
2021-07-23T10:56:00,400.0,51.0,B
2021-07-23T10:56:00,600.0,51.0,B
2021-07-23T10:55:43,100.0,51.0,B
2021-07-23T10:55:34,300.0,51.0,B
2021-07-23T10:55:31,500.0,51.0,B
2021-07-23T10:55:29,300.0,51.0,B
2021-07-23T10:55:05,300.0,51.0,B
2021-07-23T10:55:05,600.0,51.0,B
2021-07-23T10:54:59,200.0,51.0,B
2021-07-23T10:54:58,100.0,51.0,B
2021-07-23T10:54:55,100.0,51.0,B
2021-07-23T10:54:49,500.0,51.0,B
2021-07-23T10:54:47,1000.0,51.0,B
2021-07-23T10:54:35,3900.0,51.0,B
2021-07-23T10:54:24,700.0,51.0,B
2021-07-23T10:54:09,1000.0,51.0,B
2021-07-23T10:53:20,300.0,51.0,B
2021-07-23T10:53:03,200.0,51.0,B
2021-07-23T10:52:10,1000.0,51.0,B
2021-07-23T10:52:02,100.0,51.0,B
2021-07-23T10:52:00,200.0,51.0,B
2021-07-23T10:51:49,300.0,51.0,B
2021-07-23T10:51:49,500.0,51.0,B
2021-07-23T10:51:23,300.0,51.0,B
2021-07-23T10:51:14,200.0,51.0,B
2021-07-23T10:51:14,300.0,51.0,B
2021-07-23T10:51:08,400.0,51.0,B
2021-07-23T10:51:05,200.0,51.0,B
2021-07-23T10:50:56,500.0,51.0,B
2021-07-23T10:50:36,800.0,51.0,B
2021-07-23T10:50:34,400.0,51.0,B
2021-07-23T10:50:03,3800.0,51.0,B
2021-07-23T10:50:03,200.0,51.0,B
2021-07-23T10:49:39,2600.0,51.0,B
2021-07-23T10:49:39,1400.0,51.0,B
2021-07-23T10:49:37,500.0,51.0,B
2021-07-23T10:48:55,300.0,51.0,B
2021-07-23T10:48:44,100.0,51.0,B
2021-07-23T10:48:41,200.0,50.9,S
2021-07-23T10:48:32,1000.0,51.0,B
2021-07-23T10:48:31,100.0,50.9,S
2021-07-23T10:48:26,100.0,50.9,S
2021-07-23T10:48:22,100.0,50.9,S
2021-07-23T10:48:14,100.0,50.9,S
2021-07-23T10:48:05,100.0,50.9,S
2021-07-23T10:48:03,100.0,50.9,S
2021-07-23T10:48:01,100.0,50.9,S
2021-07-23T10:47:57,100.0,50.9,S
2021-07-23T10:47:51,100.0,50.9,S
2021-07-23T10:47:40,500.0,51.0,B
2021-07-23T10:47:00,500.0,51.0,B
2021-07-23T10:46:59,400.0,51.0,B
2021-07-23T10:46:43,300.0,51.0,B
2021-07-23T10:46:40,800.0,50.9,S
2021-07-23T10:46:33,2000.0,50.9,S
2021-07-23T10:46:06,100.0,51.0,B
2021-07-23T10:45:56,100.0,50.9,S
2021-07-23T10:45:53,800.0,50.9,S
2021-07-23T10:45:50,400.0,51.0,B
2021-07-23T10:45:49,200.0,50.9,S
2021-07-23T10:45:32,1000.0,51.0,B
2021-07-23T10:45:32,200.0,50.9,S
2021-07-23T10:45:12,200.0,51.0,B
2021-07-23T10:45:12,100.0,50.9,S
2021-07-23T10:45:05,100.0,50.9,S
2021-07-23T10:45:01,200.0,50.9,S
2021-07-23T10:44:59,800.0,50.9,S
2021-07-23T10:44:56,100.0,50.9,S
2021-07-23T10:44:49,200.0,50.9,S
2021-07-23T10:44:42,1600.0,51.1,B
2021-07-23T10:44:42,1000.0,51.0,B
2021-07-23T10:44:42,200.0,51.0,B
2021-07-23T10:44:42,100.0,51.0,B
2021-07-23T10:44:42,1300.0,51.0,B
2021-07-23T10:44:42,1000.0,51.0,B
2021-07-23T10:44:42,1100.0,51.0,B
2021-07-23T10:44:42,1500.0,51.0,B
2021-07-23T10:44:42,400.0,51.0,B
2021-07-23T10:44:42,1000.0,51.0,B
2021-07-23T10:44:42,200.0,51.0,B
2021-07-23T10:44:42,600.0,51.0,B
2021-07-23T10:44:30,300.0,51.0,B
2021-07-23T10:44:12,200.0,51.0,B
2021-07-23T10:44:12,200.0,51.0,B
2021-07-23T10:43:22,300.0,51.0,B
2021-07-23T10:43:16,100.0,51.0,B
2021-07-23T10:43:03,100.0,51.0,B
2021-07-23T10:42:17,300.0,51.0,B
2021-07-23T10:41:39,300.0,51.0,B
2021-07-23T10:41:38,700.0,51.0,B
2021-07-23T10:40:49,100.0,51.0,B
2021-07-23T10:40:05,300.0,51.0,B
2021-07-23T10:40:05,100.0,50.9,S
2021-07-23T10:40:00,100.0,50.9,S
2021-07-23T10:39:57,200.0,50.9,S
2021-07-23T10:39:50,200.0,50.8,S
2021-07-23T10:39:24,1000.0,51.0,B
2021-07-23T10:39:21,5000.0,50.8,S
2021-07-23T10:39:16,100.0,50.9,S
2021-07-23T10:39:09,1600.0,50.9,S
2021-07-23T10:39:07,400.0,50.9,S
2021-07-23T10:38:53,400.0,51.0,S
2021-07-23T10:38:53,100.0,51.0,S
2021-07-23T10:38:53,1300.0,51.0,S
2021-07-23T10:38:52,700.0,51.0,S
2021-07-23T10:38:47,2000.0,51.0,S
2021-07-23T10:38:44,100.0,51.0,S
2021-07-23T10:38:43,4400.0,51.0,S
2021-07-23T10:38:42,100.0,51.1,B
2021-07-23T10:38:42,300.0,51.1,B
2021-07-23T10:38:42,100.0,51.1,B
2021-07-23T10:38:42,100.0,51.1,B
2021-07-23T10:37:53,300.0,51.1,B
2021-07-23T10:37:53,100.0,51.1,B
2021-07-23T10:37:30,100.0,51.1,S
2021-07-23T10:37:13,100.0,51.1,S
2021-07-23T10:37:11,100.0,51.1,S
2021-07-23T10:37:10,100.0,51.1,S
2021-07-23T10:37:06,200.0,51.1,S
2021-07-23T10:36:05,100.0,51.3,B
2021-07-23T10:35:39,300.0,51.3,B
2021-07-23T10:35:01,100.0,51.3,B
2021-07-23T10:34:53,400.0,51.0,S
2021-07-23T10:34:24,500.0,51.3,B
2021-07-23T10:33:51,300.0,51.3,S
2021-07-23T10:33:49,100.0,51.3,S
2021-07-23T10:33:45,1000.0,51.3,S
2021-07-23T10:33:26,300.0,51.4,B
2021-07-23T10:32:43,100.0,51.4,B
2021-07-23T10:32:29,500.0,51.4,S
2021-07-23T10:32:25,1000.0,51.4,S
2021-07-23T10:32:23,100.0,51.4,S
2021-07-23T10:32:21,100.0,51.4,S
2021-07-23T10:32:10,100.0,51.4,S
2021-07-23T10:32:05,500.0,51.4,S
2021-07-23T10:32:04,200.0,51.4,S
2021-07-23T10:32:04,100.0,51.4,S
2021-07-23T10:32:01,100.0,51.4,S
2021-07-23T10:31:50,7100.0,51.4,B
2021-07-23T10:31:42,200.0,51.4,B
2021-07-23T10:31:33,1300.0,51.4,S
2021-07-23T10:31:32,100.0,51.4,S
2021-07-23T10:31:28,600.0,51.4,S
2021-07-23T10:31:22,100.0,51.4,S
2021-07-23T10:31:15,100.0,51.4,S
2021-07-23T10:31:15,300.0,51.5,B
2021-07-23T10:31:12,500.0,51.4,S
2021-07-23T10:31:01,200.0,51.4,S
2021-07-23T10:30:58,100.0,51.4,S
2021-07-23T10:30:52,400.0,51.4,S
2021-07-23T10:30:45,100.0,51.4,S
2021-07-23T10:30:40,100.0,51.4,S
2021-07-23T10:30:38,200.0,51.4,B
2021-07-23T10:30:38,600.0,51.4,B
2021-07-23T10:30:37,1000.0,51.4,B
2021-07-23T10:30:36,1000.0,51.4,B
2021-07-23T10:30:01,5000.0,51.4,B
2021-07-23T10:29:51,1000.0,51.4,B
2021-07-23T10:29:39,1000.0,51.4,B
2021-07-23T10:29:21,200.0,51.4,B
2021-07-23T10:29:01,300.0,51.4,B
2021-07-23T10:28:59,100.0,51.4,B
2021-07-23T10:28:42,100.0,51.3,S
2021-07-23T10:28:14,100.0,51.3,B
2021-07-23T10:28:12,500.0,51.3,B
2021-07-23T10:27:37,500.0,51.3,B
2021-07-23T10:27:34,600.0,51.2,B
2021-07-23T10:27:30,100.0,51.0,S
2021-07-23T10:26:58,2000.0,51.0,S
2021-07-23T10:26:56,500.0,51.0,B
2021-07-23T10:26:48,300.0,51.0,B
2021-07-23T10:26:46,100.0,51.0,B
2021-07-23T10:26:44,100.0,51.0,B
2021-07-23T10:26:40,100.0,51.0,B
2021-07-23T10:26:30,500.0,51.0,B
2021-07-23T10:26:30,2400.0,51.0,B
2021-07-23T10:26:30,1000.0,51.0,B
2021-07-23T10:26:30,2200.0,51.0,B
2021-07-23T10:26:30,100.0,51.0,B
2021-07-23T10:26:30,4300.0,51.0,B
2021-07-23T10:26:29,2000.0,51.0,B
2021-07-23T10:26:12,500.0,51.0,B
2021-07-23T10:26:01,500.0,50.9,S
2021-07-23T10:25:56,200.0,50.9,S
2021-07-23T10:25:05,3900.0,50.9,S
2021-07-23T10:24:55,2100.0,50.8,B
2021-07-23T10:24:55,1000.0,50.8,B
2021-07-23T10:24:39,300.0,50.8,B
2021-07-23T10:24:36,100.0,50.8,B
2021-07-23T10:24:36,300.0,50.8,B
2021-07-23T10:24:29,100.0,50.8,B
2021-07-23T10:24:24,600.0,50.8,B
2021-07-23T10:24:15,100.0,50.8,B
2021-07-23T10:24:04,1000.0,50.8,B
2021-07-23T10:23:56,500.0,50.8,B
2021-07-23T10:23:50,100.0,50.8,B
2021-07-23T10:23:50,200.0,50.8,B
2021-07-23T10:23:48,1100.0,50.8,B
2021-07-23T10:23:30,100.0,50.8,B
2021-07-23T10:23:29,200.0,50.8,B
2021-07-23T10:23:11,1000.0,50.8,B
2021-07-23T10:22:52,500.0,50.8,B
2021-07-23T10:22:23,300.0,50.8,B
2021-07-23T10:22:01,3900.0,50.8,B
2021-07-23T10:20:38,200.0,50.7,S
2021-07-23T10:20:16,600.0,50.7,B
2021-07-23T10:20:16,3500.0,50.7,B
2021-07-23T10:20:16,200.0,50.7,B
2021-07-23T10:20:16,300.0,50.7,B
2021-07-23T10:20:10,200.0,50.7,B
2021-07-23T10:20:10,100.0,50.7,B
2021-07-23T10:19:25,100.0,50.7,B
2021-07-23T10:19:20,1000.0,50.7,B
2021-07-23T10:19:16,300.0,50.7,B
2021-07-23T10:18:36,100.0,50.7,B
2021-07-23T10:18:22,200.0,50.7,B
2021-07-23T10:18:21,200.0,50.7,B
2021-07-23T10:18:21,300.0,50.7,B
2021-07-23T10:18:21,1000.0,50.7,B
2021-07-23T10:18:21,500.0,50.7,B
2021-07-23T10:17:57,300.0,50.7,B
2021-07-23T10:17:54,800.0,50.6,S
2021-07-23T10:17:50,200.0,50.7,B
2021-07-23T10:17:50,5800.0,50.7,B
2021-07-23T10:17:49,100.0,50.6,S
2021-07-23T10:17:48,100.0,50.6,S
2021-07-23T10:17:33,100.0,50.6,S
2021-07-23T10:17:30,200.0,50.6,S
2021-07-23T10:17:25,100.0,50.6,S
2021-07-23T10:17:20,200.0,50.6,S
2021-07-23T10:17:14,1000.0,50.7,B
2021-07-23T10:17:04,200.0,50.7,B
2021-07-23T10:16:59,1000.0,50.7,B
2021-07-23T10:16:09,1000.0,50.7,B
2021-07-23T10:15:45,300.0,50.7,B
2021-07-23T10:14:42,500.0,50.6,S
2021-07-23T10:14:18,2000.0,50.7,B
2021-07-23T10:13:32,300.0,50.7,B
2021-07-23T10:13:11,1000.0,50.6,S
2021-07-23T10:13:01,3000.0,50.6,S
2021-07-23T10:13:01,2000.0,50.6,S
2021-07-23T10:12:24,1000.0,50.6,S
2021-07-23T10:12:10,4000.0,50.6,S
2021-07-23T10:11:58,300.0,50.6,S
2021-07-23T10:11:48,4700.0,50.6,S
2021-07-23T10:11:21,100.0,50.6,B
2021-07-23T10:11:21,1000.0,50.6,B
2021-07-23T10:11:21,1000.0,50.6,B
2021-07-23T10:11:21,900.0,50.6,B
2021-07-23T10:11:19,400.0,50.6,B
2021-07-23T10:11:06,200.0,50.5,S
2021-07-23T10:10:58,100.0,50.5,S
2021-07-23T10:10:56,200.0,50.5,S
2021-07-23T10:10:50,100.0,50.5,S
2021-07-23T10:10:46,800.0,50.5,S
2021-07-23T10:10:45,200.0,50.5,S
2021-07-23T10:10:40,1000.0,50.5,S
2021-07-23T10:10:31,1000.0,50.6,S
2021-07-23T10:10:29,100.0,50.6,S
2021-07-23T10:10:27,3000.0,50.6,S
2021-07-23T10:10:22,200.0,50.6,S
2021-07-23T10:10:20,100.0,50.6,S
2021-07-23T10:10:20,1000.0,50.6,S
2021-07-23T10:10:17,1000.0,50.6,S
2021-07-23T10:10:11,200.0,50.6,S
2021-07-23T10:10:02,100.0,50.6,S
2021-07-23T10:10:01,200.0,50.6,S
2021-07-23T10:09:55,100.0,50.6,S
2021-07-23T10:09:47,500.0,50.6,S
2021-07-23T10:09:40,200.0,50.6,S
2021-07-23T10:09:33,500.0,50.6,S
2021-07-23T10:09:29,200.0,50.6,S
2021-07-23T10:09:28,100.0,50.6,S
2021-07-23T10:09:23,1000.0,50.6,S
2021-07-23T10:09:19,100.0,50.6,S
2021-07-23T10:09:19,200.0,50.6,S
2021-07-23T10:09:12,100.0,50.6,S
2021-07-23T10:09:11,500.0,50.6,S
2021-07-23T10:09:07,800.0,50.6,S
2021-07-23T10:09:07,300.0,50.7,B
2021-07-23T10:09:05,500.0,50.6,S
2021-07-23T10:09:04,100.0,50.6,S
2021-07-23T10:08:57,100.0,50.6,S
2021-07-23T10:08:55,200.0,50.6,S
2021-07-23T10:08:47,200.0,50.6,S
2021-07-23T10:08:45,200.0,50.6,S
2021-07-23T10:08:38,100.0,50.6,S
2021-07-23T10:08:30,100.0,50.6,S
2021-07-23T10:08:07,100.0,50.6,S
2021-07-23T10:06:54,300.0,50.7,B
2021-07-23T10:06:47,1000.0,50.6,S
2021-07-23T10:06:20,100.0,50.6,S
2021-07-23T10:06:15,500.0,50.6,S
2021-07-23T10:06:08,10000.0,50.6,B
2021-07-23T10:06:08,3000.0,50.6,B
2021-07-23T10:06:08,1000.0,50.6,B
2021-07-23T10:06:07,400.0,50.6,B
2021-07-23T10:05:07,1000.0,50.5,S
2021-07-23T10:05:00,500.0,50.5,S
2021-07-23T10:04:46,100.0,50.5,S
2021-07-23T10:04:41,300.0,50.6,B
2021-07-23T10:04:36,200.0,50.5,S
2021-07-23T10:04:20,100.0,50.5,S
2021-07-23T10:03:43,2000.0,50.5,S
2021-07-23T10:02:55,1200.0,50.5,S
2021-07-23T10:02:46,600.0,50.5,S
2021-07-23T10:02:44,600.0,50.5,S
2021-07-23T10:02:33,500.0,50.5,S
2021-07-23T10:02:28,300.0,50.6,B
2021-07-23T10:02:25,100.0,50.5,S
2021-07-23T10:02:25,700.0,50.5,S
2021-07-23T10:02:24,200.0,50.5,S
2021-07-23T10:02:15,100.0,50.5,S
2021-07-23T10:02:10,100.0,50.5,S
2021-07-23T10:02:10,1700.0,50.5,S
2021-07-23T10:02:10,200.0,50.5,S
2021-07-23T10:02:04,1000.0,50.5,S
2021-07-23T10:01:59,200.0,50.5,S
2021-07-23T10:01:57,500.0,50.5,S
2021-07-23T10:01:57,1000.0,50.5,S
2021-07-23T10:01:52,100.0,50.5,S
2021-07-23T10:01:50,200.0,50.5,S
2021-07-23T10:01:43,100.0,50.5,S
2021-07-23T10:01:37,200.0,50.5,S
2021-07-23T10:01:28,800.0,50.5,S
2021-07-23T10:01:26,100.0,50.6,S
2021-07-23T10:01:25,200.0,50.6,S
2021-07-23T10:01:19,500.0,50.6,S
2021-07-23T10:01:18,100.0,50.6,S
2021-07-23T10:01:17,200.0,50.6,S
2021-07-23T10:01:11,100.0,50.6,S
2021-07-23T10:01:11,100.0,50.6,S
2021-07-23T10:01:11,1800.0,50.6,S
2021-07-23T10:01:09,100.0,50.6,S
2021-07-23T10:01:06,200.0,50.6,S
2021-07-23T10:01:03,100.0,50.6,S
2021-07-23T10:00:57,200.0,50.6,S
2021-07-23T10:00:55,400.0,50.6,S
2021-07-23T10:00:47,500.0,50.6,S
2021-07-23T10:00:45,200.0,50.6,S
2021-07-23T10:00:44,100.0,50.6,S
2021-07-23T10:00:38,100.0,50.6,S
2021-07-23T10:00:37,1000.0,50.6,S
2021-07-23T10:00:35,200.0,50.6,S
2021-07-23T10:00:32,200.0,50.6,S
2021-07-23T10:00:26,1000.0,50.6,S
2021-07-23T10:00:25,200.0,50.6,S
2021-07-23T10:00:22,100.0,50.6,S
2021-07-23T10:00:17,100.0,50.6,S
2021-07-23T10:00:15,300.0,50.7,B
2021-07-23T10:00:13,100.0,50.6,S
2021-07-23T09:59:20,500.0,50.6,S
2021-07-23T09:58:55,200.0,50.6,S
2021-07-23T09:58:51,200.0,50.6,S
2021-07-23T09:58:03,100.0,50.7,B
2021-07-23T09:58:03,100.0,50.7,B
2021-07-23T09:58:03,100.0,50.7,B
2021-07-23T09:56:38,300.0,50.6,B
2021-07-23T09:56:19,300.0,50.6,B
2021-07-23T09:55:50,400.0,50.6,B
2021-07-23T09:54:51,1100.0,50.6,B
2021-07-23T09:54:51,1100.0,50.6,B
2021-07-23T09:54:51,800.0,50.6,B
2021-07-23T09:54:32,9200.0,50.6,B
2021-07-23T09:54:32,800.0,50.6,B
2021-07-23T09:53:41,4600.0,50.5,S
2021-07-23T09:53:41,100.0,50.5,S
2021-07-23T09:53:41,300.0,50.5,S
2021-07-23T09:53:37,300.0,50.6,B
2021-07-23T09:52:56,100.0,50.6,B
2021-07-23T09:52:50,2000.0,50.6,B
2021-07-23T09:52:29,200.0,50.5,S
2021-07-23T09:52:29,200.0,50.5,S
2021-07-23T09:52:12,4400.0,50.5,S
2021-07-23T09:52:12,1700.0,50.5,S
2021-07-23T09:52:12,4800.0,50.5,S
2021-07-23T09:52:12,4100.0,50.6,S
2021-07-23T09:52:12,100.0,50.6,S
2021-07-23T09:52:08,200.0,50.6,S
2021-07-23T09:52:03,100.0,50.6,S
2021-07-23T09:51:58,200.0,50.6,S
2021-07-23T09:51:54,100.0,50.6,S
2021-07-23T09:51:49,200.0,50.6,S
2021-07-23T09:51:37,100.0,50.6,S
2021-07-23T09:51:37,100.0,50.6,S
2021-07-23T09:51:25,300.0,50.7,B
2021-07-23T09:51:05,100.0,50.6,S
2021-07-23T09:51:05,100.0,50.6,S
2021-07-23T09:50:33,200.0,50.6,S
2021-07-23T09:50:32,500.0,50.6,S
2021-07-23T09:49:49,1000.0,50.6,S
2021-07-23T09:49:43,200.0,50.6,S
2021-07-23T09:49:23,100.0,50.6,S
2021-07-23T09:49:16,100.0,50.6,S
2021-07-23T09:49:15,200.0,50.6,S
2021-07-23T09:49:12,300.0,50.7,B
2021-07-23T09:49:04,200.0,50.6,S
2021-07-23T09:49:03,100.0,50.6,S
2021-07-23T09:49:00,100.0,50.6,S
2021-07-23T09:48:52,100.0,50.6,S
2021-07-23T09:48:50,1000.0,50.7,B
2021-07-23T09:48:46,200.0,50.6,S
2021-07-23T09:48:36,200.0,50.6,B
2021-07-23T09:48:27,500.0,50.6,B
2021-07-23T09:48:09,1500.0,50.6,B
2021-07-23T09:48:09,2500.0,50.6,B
2021-07-23T09:47:41,100.0,50.6,B
2021-07-23T09:47:03,100.0,50.6,B
2021-07-23T09:46:59,2000.0,50.5,S
2021-07-23T09:46:58,300.0,50.6,B
2021-07-23T09:46:24,500.0,50.5,S
2021-07-23T09:45:44,200.0,50.6,B
2021-07-23T09:45:37,100.0,50.6,B
2021-07-23T09:45:28,100.0,50.6,B
2021-07-23T09:44:46,300.0,50.6,B
2021-07-23T09:44:41,3000.0,50.5,S
2021-07-23T09:44:24,100.0,50.5,S
2021-07-23T09:44:18,300.0,50.5,B
2021-07-23T09:44:10,400.0,50.5,S
2021-07-23T09:44:10,100.0,50.5,S
2021-07-23T09:44:10,500.0,50.5,S
2021-07-23T09:44:10,2300.0,50.5,S
2021-07-23T09:44:10,800.0,50.5,S
2021-07-23T09:44:10,500.0,50.5,S
2021-07-23T09:44:07,100.0,50.5,S
2021-07-23T09:44:01,2000.0,50.5,S
2021-07-23T09:43:57,10000.0,50.5,S
2021-07-23T09:43:43,100.0,50.5,S
2021-07-23T09:43:40,500.0,50.5,S
2021-07-23T09:43:14,800.0,50.5,S
2021-07-23T09:43:07,1900.0,50.5,S
2021-07-23T09:42:52,100.0,50.6,B
2021-07-23T09:42:39,400.0,50.5,S
2021-07-23T09:42:39,500.0,50.5,S
2021-07-23T09:42:34,400.0,50.6,B
2021-07-23T09:42:13,10600.0,50.5,S
2021-07-23T09:42:13,2000.0,50.5,S
2021-07-23T09:42:13,1000.0,50.5,S
2021-07-23T09:42:13,1400.0,50.5,S
2021-07-23T09:42:06,500.0,50.6,S
2021-07-23T09:41:46,2000.0,50.6,S
2021-07-23T09:41:44,200.0,50.6,S
2021-07-23T09:41:23,200.0,50.6,S
2021-07-23T09:41:05,200.0,50.6,S
2021-07-23T09:40:38,200.0,50.6,S
2021-07-23T09:40:28,200.0,50.6,S
2021-07-23T09:40:21,300.0,50.7,B
2021-07-23T09:40:07,1000.0,50.6,S
2021-07-23T09:39:57,200.0,50.6,S
2021-07-23T09:39:36,2000.0,50.6,S
2021-07-23T09:39:34,200.0,50.6,S
2021-07-23T09:39:22,200.0,50.6,S
2021-07-23T09:39:14,2000.0,50.6,S
2021-07-23T09:38:45,200.0,50.6,S
2021-07-23T09:38:34,200.0,50.5,S
2021-07-23T09:38:27,700.0,50.6,S
2021-07-23T09:38:24,200.0,50.6,S
2021-07-23T09:38:24,100.0,50.6,S
2021-07-23T09:38:24,200.0,50.6,S
2021-07-23T09:38:24,1500.0,50.6,S
2021-07-23T09:38:21,100.0,50.6,S
2021-07-23T09:38:21,1900.0,50.6,S
2021-07-23T09:38:19,5500.0,50.6,S
2021-07-23T09:38:14,2000.0,50.6,S
2021-07-23T09:38:12,200.0,50.6,S
2021-07-23T09:38:08,7000.0,50.6,S
2021-07-23T09:38:08,300.0,50.7,B
2021-07-23T09:38:07,200.0,50.6,S
2021-07-23T09:38:03,11500.0,50.6,S
2021-07-23T09:37:42,200.0,50.6,S
2021-07-23T09:37:21,2000.0,50.6,S
2021-07-23T09:37:16,200.0,50.6,S
2021-07-23T09:36:57,100.0,50.6,S
2021-07-23T09:36:55,200.0,50.6,S
2021-07-23T09:36:44,100.0,50.6,S
2021-07-23T09:36:38,200.0,50.6,S
2021-07-23T09:36:31,100.0,50.7,B
2021-07-23T09:36:24,200.0,50.6,S
2021-07-23T09:36:19,100.0,50.6,S
2021-07-23T09:36:13,100.0,50.6,S
2021-07-23T09:36:03,100.0,50.6,S
2021-07-23T09:36:02,200.0,50.6,S
2021-07-23T09:35:57,300.0,50.7,B
2021-07-23T09:35:48,200.0,50.6,S
2021-07-23T09:35:48,100.0,50.6,S
2021-07-23T09:35:47,1000.0,50.7,B
2021-07-23T09:35:40,100.0,50.6,S
2021-07-23T09:35:33,200.0,50.6,S
2021-07-23T09:35:32,200.0,50.6,S
2021-07-23T09:35:32,100.0,50.6,S
2021-07-23T09:35:30,100.0,50.6,S
2021-07-23T09:35:24,100.0,50.6,S
2021-07-23T09:35:21,200.0,50.6,S
2021-07-23T09:35:12,200.0,50.6,S
2021-07-23T09:35:12,100.0,50.6,S
2021-07-23T09:35:07,300.0,50.6,S
2021-07-23T09:35:07,100.0,50.6,S
2021-07-23T09:34:59,100.0,50.6,S
2021-07-23T09:34:57,200.0,50.6,S
2021-07-23T09:34:37,200.0,50.6,S
2021-07-23T09:34:26,5000.0,50.7,B
2021-07-23T09:34:22,200.0,50.6,S
2021-07-23T09:34:04,100.0,50.7,B
2021-07-23T09:34:01,200.0,50.6,S
2021-07-23T09:33:53,200.0,50.7,B
2021-07-23T09:33:48,100.0,50.7,B
2021-07-23T09:33:43,300.0,50.7,B
2021-07-23T09:33:41,200.0,50.6,S
2021-07-23T09:33:37,100.0,50.6,S
2021-07-23T09:33:30,100.0,50.7,B
2021-07-23T09:33:21,200.0,50.6,S
2021-07-23T09:33:18,100.0,50.6,S
2021-07-23T09:33:11,500.0,50.7,B
2021-07-23T09:33:03,300.0,50.6,S
2021-07-23T09:33:00,200.0,50.6,S
2021-07-23T09:32:59,100.0,50.6,S
2021-07-23T09:32:50,100.0,50.6,S
2021-07-23T09:32:41,1400.0,50.7,S
2021-07-23T09:32:36,200.0,50.7,S
2021-07-23T09:32:32,100.0,50.7,S
2021-07-23T09:32:29,300.0,50.7,S
2021-07-23T09:32:24,200.0,50.7,S
2021-07-23T09:32:23,100.0,50.7,S
2021-07-23T09:32:19,400.0,50.8,B
2021-07-23T09:32:14,100.0,50.7,S
2021-07-23T09:32:07,400.0,50.7,S
2021-07-23T09:31:59,200.0,50.7,S
2021-07-23T09:31:30,300.0,50.8,B
2021-07-23T09:31:22,200.0,50.6,S
2021-07-23T09:31:13,700.0,50.8,B
2021-07-23T09:31:07,100.0,50.7,B
2021-07-23T09:31:04,200.0,50.6,S
2021-07-23T09:30:47,100.0,50.7,B
2021-07-23T09:29:37,200.0,50.6,S
2021-07-23T09:29:17,300.0,50.8,B
2021-07-23T09:29:17,100.0,50.8,B
2021-07-23T09:29:01,200.0,50.6,S
2021-07-23T09:28:20,200.0,50.6,S
2021-07-23T09:28:20,100.0,50.8,B
2021-07-23T09:28:01,1000.0,50.8,B
2021-07-23T09:27:56,200.0,50.6,S
2021-07-23T09:27:26,200.0,50.6,S
2021-07-23T09:27:17,2000.0,50.6,S
2021-07-23T09:27:08,1000.0,50.6,S
2021-07-23T09:27:05,300.0,50.8,B
2021-07-23T09:26:56,300.0,50.8,B
2021-07-23T09:26:56,200.0,50.7,S
2021-07-23T09:26:55,2000.0,50.8,B
2021-07-23T09:26:46,800.0,50.7,B
2021-07-23T09:26:34,2000.0,50.6,S
2021-07-23T09:26:31,200.0,50.6,S
2021-07-23T09:26:18,100.0,50.6,S
2021-07-23T09:26:14,200.0,50.7,S
2021-07-23T09:26:14,1000.0,50.7,S
2021-07-23T09:25:59,1000.0,50.7,B
2021-07-23T09:25:58,100.0,50.7,B
2021-07-23T09:25:56,400.0,50.6,S
2021-07-23T09:25:53,1000.0,50.7,B
2021-07-23T09:25:50,100.0,50.6,S
2021-07-23T09:25:49,3000.0,50.7,B
2021-07-23T09:25:45,100.0,50.6,S
2021-07-23T09:25:45,200.0,50.6,S
2021-07-23T09:25:39,1000.0,50.7,B
2021-07-23T09:25:37,500.0,50.6,S
2021-07-23T09:25:35,200.0,50.6,S
2021-07-23T09:25:33,100.0,50.6,S
2021-07-23T09:25:26,100.0,50.6,S
2021-07-23T09:25:17,200.0,50.6,S
2021-07-23T09:25:09,100.0,50.6,S
2021-07-23T09:25:06,2000.0,50.7,B
2021-07-23T09:25:03,300.0,50.7,B
2021-07-23T09:24:54,100.0,50.6,S
2021-07-23T09:24:52,1000.0,50.7,B
2021-07-23T09:24:51,300.0,50.7,B
2021-07-23T09:24:43,100.0,50.6,S
2021-07-23T09:24:39,200.0,50.6,S
2021-07-23T09:24:34,100.0,50.6,S
2021-07-23T09:24:32,200.0,50.6,S
2021-07-23T09:24:15,1000.0,50.6,S
2021-07-23T09:24:12,500.0,50.6,S
2021-07-23T09:24:06,200.0,50.6,S
2021-07-23T09:23:37,200.0,50.6,S
2021-07-23T09:23:09,1000.0,50.7,B
2021-07-23T09:23:07,5000.0,50.7,B
2021-07-23T09:23:07,200.0,50.7,B
2021-07-23T09:22:51,1300.0,50.6,S
2021-07-23T09:22:39,300.0,50.7,B
2021-07-23T09:22:20,5500.0,50.6,B
2021-07-23T09:21:47,2000.0,50.5,S
2021-07-23T09:21:39,100.0,50.5,S
2021-07-23T09:21:24,1000.0,50.6,B
2021-07-23T09:21:24,1700.0,50.6,B
2021-07-23T09:21:07,200.0,50.6,B
2021-07-23T09:20:41,1400.0,50.5,S
2021-07-23T09:20:41,1000.0,50.5,S
2021-07-23T09:20:41,7100.0,50.5,S
2021-07-23T09:20:41,500.0,50.5,S
2021-07-23T09:20:35,1000.0,50.6,B
2021-07-23T09:20:27,300.0,50.6,B
2021-07-23T09:20:18,300.0,50.6,B
2021-07-23T09:20:09,100.0,50.5,S
2021-07-23T09:19:44,200.0,50.5,B
2021-07-23T09:19:43,400.0,50.5,B
2021-07-23T09:19:20,1100.0,50.5,B
2021-07-23T09:19:12,300.0,50.5,B
2021-07-23T09:19:10,200.0,50.5,B
2021-07-23T09:19:07,200.0,50.5,B
2021-07-23T09:19:05,2600.0,50.5,S
2021-07-23T09:19:03,400.0,50.6,B
2021-07-23T09:18:45,100.0,50.6,B
2021-07-23T09:18:38,200.0,50.6,S
2021-07-23T09:18:35,100.0,50.6,S
2021-07-23T09:18:22,700.0,50.6,S
2021-07-23T09:18:16,900.0,50.7,B
2021-07-23T09:18:14,300.0,50.7,B
2021-07-23T09:18:01,1100.0,50.6,B
2021-07-23T09:17:44,100.0,50.5,S
2021-07-23T09:17:28,1000.0,50.5,S
2021-07-23T09:16:55,1100.0,50.6,S
2021-07-23T09:16:45,200.0,50.7,B
2021-07-23T09:16:29,1000.0,50.6,S
2021-07-23T09:16:01,400.0,50.7,B
2021-07-23T09:15:56,300.0,50.6,S
2021-07-23T09:15:55,200.0,50.6,S
2021-07-23T09:15:20,600.0,50.6,S
