tradingTime,volume,price,side
2021-07-23T11:29:57,3000.0,33.15,S
2021-07-23T11:29:57,1400.0,33.15,S
2021-07-23T11:29:57,1600.0,33.15,S
2021-07-23T11:29:50,100.0,33.15,S
2021-07-23T11:29:50,10000.0,33.15,S
2021-07-23T11:29:48,100.0,33.15,S
2021-07-23T11:29:48,200.0,33.15,S
2021-07-23T11:29:47,1000.0,33.15,S
2021-07-23T11:29:42,500.0,33.15,S
2021-07-23T11:29:12,500.0,33.15,S
2021-07-23T11:28:57,2000.0,33.15,S
2021-07-23T11:28:39,2000.0,33.15,S
2021-07-23T11:28:39,700.0,33.15,B
2021-07-23T11:28:39,2200.0,33.15,B
2021-07-23T11:28:37,200.0,33.15,B
2021-07-23T11:28:34,20000.0,33.15,B
2021-07-23T11:28:32,500.0,33.15,B
2021-07-23T11:28:32,100.0,33.15,B
2021-07-23T11:28:31,200.0,33.15,B
2021-07-23T11:28:29,300.0,33.1,S
2021-07-23T11:28:24,100.0,33.15,B
2021-07-23T11:28:23,100.0,33.1,S
2021-07-23T11:28:13,1000.0,33.1,S
2021-07-23T11:28:12,200.0,33.15,B
2021-07-23T11:28:12,100.0,33.15,B
2021-07-23T11:28:10,100.0,33.15,B
2021-07-23T11:28:07,400.0,33.15,B
2021-07-23T11:28:07,100.0,33.15,B
2021-07-23T11:28:06,1000.0,33.15,B
2021-07-23T11:27:58,200.0,33.15,B
2021-07-23T11:27:54,2000.0,33.15,B
2021-07-23T11:27:47,100.0,33.15,B
2021-07-23T11:27:47,500.0,33.15,B
2021-07-23T11:27:40,200.0,33.1,S
2021-07-23T11:27:38,1000.0,33.15,B
2021-07-23T11:27:37,200.0,33.15,B
2021-07-23T11:27:33,500.0,33.15,B
2021-07-23T11:27:32,2000.0,33.1,S
2021-07-23T11:27:29,200.0,33.1,S
2021-07-23T11:27:24,1000.0,33.15,B
2021-07-23T11:27:21,15000.0,33.1,S
2021-07-23T11:27:17,1000.0,33.1,S
2021-07-23T11:27:13,10500.0,33.1,B
2021-07-23T11:27:13,3500.0,33.1,B
2021-07-23T11:27:12,7100.0,33.1,B
2021-07-23T11:27:10,500.0,33.1,B
2021-07-23T11:27:09,1000.0,33.1,B
2021-07-23T11:27:08,2000.0,33.1,B
2021-07-23T11:27:03,1000.0,33.1,B
2021-07-23T11:26:57,100.0,33.05,S
2021-07-23T11:26:57,200.0,33.1,B
2021-07-23T11:26:51,1000.0,33.1,B
2021-07-23T11:26:50,500.0,33.1,B
2021-07-23T11:26:50,200.0,33.05,S
2021-07-23T11:26:48,500.0,33.05,S
2021-07-23T11:26:48,2000.0,33.05,S
2021-07-23T11:26:41,200.0,33.1,B
2021-07-23T11:26:41,400.0,33.1,B
2021-07-23T11:26:41,400.0,33.1,B
2021-07-23T11:26:37,100.0,33.05,S
2021-07-23T11:26:30,500.0,33.1,B
2021-07-23T11:26:28,14100.0,33.05,S
2021-07-23T11:26:28,200.0,33.05,S
2021-07-23T11:26:28,1500.0,33.05,S
2021-07-23T11:26:28,2000.0,33.05,S
2021-07-23T11:26:28,1100.0,33.05,S
2021-07-23T11:26:28,1000.0,33.05,S
2021-07-23T11:26:28,3100.0,33.05,S
2021-07-23T11:26:27,3000.0,33.1,B
2021-07-23T11:26:27,100.0,33.1,B
2021-07-23T11:26:26,100.0,33.1,B
2021-07-23T11:26:24,100.0,33.1,B
2021-07-23T11:26:23,500.0,33.1,B
2021-07-23T11:26:23,400.0,33.1,B
2021-07-23T11:26:19,2000.0,33.1,B
2021-07-23T11:26:15,500.0,33.1,B
2021-07-23T11:26:13,500.0,33.1,B
2021-07-23T11:26:09,100.0,33.1,B
2021-07-23T11:26:08,400.0,33.1,B
2021-07-23T11:26:05,100.0,33.05,S
2021-07-23T11:26:04,600.0,33.1,B
2021-07-23T11:26:00,4200.0,33.1,B
2021-07-23T11:26:00,2400.0,33.1,B
2021-07-23T11:25:57,100.0,33.1,B
2021-07-23T11:25:57,200.0,33.1,B
2021-07-23T11:25:55,100.0,33.1,B
2021-07-23T11:25:41,300.0,33.1,B
2021-07-23T11:25:40,200.0,33.1,B
2021-07-23T11:25:30,1000.0,33.1,B
2021-07-23T11:25:21,500.0,33.1,B
2021-07-23T11:25:20,1000.0,33.05,S
2021-07-23T11:25:13,200.0,33.1,B
2021-07-23T11:25:10,600.0,33.05,S
2021-07-23T11:25:06,100.0,33.05,S
2021-07-23T11:24:54,3000.0,33.1,S
2021-07-23T11:24:54,200.0,33.1,S
2021-07-23T11:24:54,2200.0,33.1,S
2021-07-23T11:24:54,600.0,33.1,S
2021-07-23T11:24:52,1500.0,33.1,S
2021-07-23T11:24:52,2000.0,33.1,S
2021-07-23T11:24:49,2000.0,33.1,S
2021-07-23T11:24:49,900.0,33.1,S
2021-07-23T11:24:47,200.0,33.1,S
2021-07-23T11:24:47,600.0,33.1,S
2021-07-23T11:24:47,3200.0,33.1,S
2021-07-23T11:24:47,17600.0,33.1,S
2021-07-23T11:24:47,2100.0,33.1,S
2021-07-23T11:24:45,100.0,33.1,S
2021-07-23T11:24:45,1000.0,33.1,S
2021-07-23T11:24:45,200.0,33.1,S
2021-07-23T11:24:45,2300.0,33.1,S
2021-07-23T11:24:45,1500.0,33.1,S
2021-07-23T11:24:44,500.0,33.1,S
2021-07-23T11:24:43,1000.0,33.1,S
2021-07-23T11:24:43,200.0,33.1,S
2021-07-23T11:24:43,500.0,33.1,S
2021-07-23T11:24:43,3500.0,33.1,S
2021-07-23T11:24:43,600.0,33.1,S
2021-07-23T11:24:43,2000.0,33.1,S
2021-07-23T11:24:43,2000.0,33.1,S
2021-07-23T11:24:43,100.0,33.1,S
2021-07-23T11:24:43,1400.0,33.1,S
2021-07-23T11:24:42,500.0,33.1,S
2021-07-23T11:24:41,2400.0,33.1,S
2021-07-23T11:24:41,2800.0,33.1,S
2021-07-23T11:24:39,4300.0,33.1,S
2021-07-23T11:24:39,1000.0,33.1,S
2021-07-23T11:24:39,800.0,33.1,S
2021-07-23T11:24:39,4500.0,33.1,S
2021-07-23T11:24:38,5000.0,33.1,S
2021-07-23T11:24:30,2300.0,33.1,S
2021-07-23T11:24:30,2200.0,33.1,S
2021-07-23T11:24:30,2000.0,33.1,S
2021-07-23T11:24:30,1800.0,33.1,S
2021-07-23T11:24:30,100.0,33.1,S
2021-07-23T11:24:30,1900.0,33.1,S
2021-07-23T11:24:30,2000.0,33.1,S
2021-07-23T11:24:30,3200.0,33.1,S
2021-07-23T11:24:30,100.0,33.1,S
2021-07-23T11:24:30,400.0,33.1,S
2021-07-23T11:24:30,200.0,33.1,S
2021-07-23T11:24:30,600.0,33.1,S
2021-07-23T11:24:30,1000.0,33.1,S
2021-07-23T11:24:30,1000.0,33.1,S
2021-07-23T11:24:30,400.0,33.1,S
2021-07-23T11:24:30,100.0,33.1,S
2021-07-23T11:24:30,500.0,33.1,S
2021-07-23T11:24:30,400.0,33.1,S
2021-07-23T11:24:30,400.0,33.1,S
2021-07-23T11:24:30,7000.0,33.1,S
2021-07-23T11:24:30,100.0,33.1,S
2021-07-23T11:24:30,1100.0,33.1,S
2021-07-23T11:24:30,2400.0,33.1,S
2021-07-23T11:24:30,100.0,33.1,S
2021-07-23T11:24:30,1500.0,33.1,S
2021-07-23T11:24:30,4100.0,33.1,S
2021-07-23T11:24:30,100.0,33.1,S
2021-07-23T11:24:30,100.0,33.1,S
2021-07-23T11:24:30,2100.0,33.1,S
2021-07-23T11:24:30,400.0,33.1,S
2021-07-23T11:24:30,300.0,33.1,S
2021-07-23T11:24:30,400.0,33.1,S
2021-07-23T11:24:30,800.0,33.1,S
2021-07-23T11:24:30,1400.0,33.1,S
2021-07-23T11:24:30,400.0,33.1,S
2021-07-23T11:24:30,300.0,33.1,S
2021-07-23T11:24:30,200.0,33.1,S
2021-07-23T11:24:30,6600.0,33.1,S
2021-07-23T11:24:30,1800.0,33.1,S
2021-07-23T11:24:27,7000.0,33.1,S
2021-07-23T11:24:27,700.0,33.1,S
2021-07-23T11:24:26,2200.0,33.1,S
2021-07-23T11:24:26,2800.0,33.1,S
2021-07-23T11:24:24,8200.0,33.1,S
2021-07-23T11:24:24,3000.0,33.1,S
2021-07-23T11:24:24,5200.0,33.1,S
2021-07-23T11:24:24,100.0,33.1,S
2021-07-23T11:24:24,21500.0,33.1,S
2021-07-23T11:24:24,6700.0,33.1,S
2021-07-23T11:24:24,2100.0,33.1,S
2021-07-23T11:24:24,200.0,33.1,S
2021-07-23T11:24:24,2000.0,33.1,S
2021-07-23T11:24:24,1100.0,33.1,S
2021-07-23T11:24:24,500.0,33.1,S
2021-07-23T11:24:24,2100.0,33.1,S
2021-07-23T11:24:24,600.0,33.1,S
2021-07-23T11:24:24,1100.0,33.1,S
2021-07-23T11:24:24,1600.0,33.1,S
2021-07-23T11:24:08,300.0,33.1,S
2021-07-23T11:24:08,600.0,33.1,S
2021-07-23T11:24:08,2100.0,33.1,S
2021-07-23T11:24:07,300.0,33.15,B
2021-07-23T11:24:02,3000.0,33.1,S
2021-07-23T11:23:56,100.0,33.15,B
2021-07-23T11:23:54,900.0,33.1,S
2021-07-23T11:23:54,3200.0,33.1,S
2021-07-23T11:23:54,2800.0,33.1,S
2021-07-23T11:23:54,2100.0,33.1,S
2021-07-23T11:23:53,1000.0,33.1,S
2021-07-23T11:23:50,1000.0,33.1,S
2021-07-23T11:23:50,600.0,33.1,S
2021-07-23T11:23:49,700.0,33.1,S
2021-07-23T11:23:49,300.0,33.1,S
2021-07-23T11:23:49,2000.0,33.1,S
2021-07-23T11:23:46,1100.0,33.1,S
2021-07-23T11:23:40,700.0,33.1,S
2021-07-23T11:23:34,300.0,33.1,S
2021-07-23T11:23:32,100.0,33.1,S
2021-07-23T11:23:32,1000.0,33.1,S
2021-07-23T11:23:30,100.0,33.15,B
2021-07-23T11:23:29,300.0,33.1,S
2021-07-23T11:23:29,200.0,33.1,S
2021-07-23T11:23:28,2000.0,33.15,S
2021-07-23T11:23:27,300.0,33.15,S
2021-07-23T11:23:27,100.0,33.15,S
2021-07-23T11:23:27,500.0,33.15,S
2021-07-23T11:23:27,100.0,33.15,S
2021-07-23T11:23:27,1100.0,33.15,S
2021-07-23T11:23:27,1400.0,33.15,S
2021-07-23T11:23:27,700.0,33.15,S
2021-07-23T11:23:27,5100.0,33.15,S
2021-07-23T11:23:27,1200.0,33.15,S
2021-07-23T11:23:27,800.0,33.15,S
2021-07-23T11:23:27,100.0,33.15,S
2021-07-23T11:23:27,2500.0,33.15,S
2021-07-23T11:23:26,500.0,33.15,S
2021-07-23T11:23:26,1100.0,33.15,S
2021-07-23T11:23:25,1300.0,33.15,S
2021-07-23T11:23:25,700.0,33.15,S
2021-07-23T11:23:24,500.0,33.15,S
2021-07-23T11:23:23,100.0,33.15,S
2021-07-23T11:23:23,1200.0,33.15,S
2021-07-23T11:23:23,600.0,33.15,S
2021-07-23T11:23:23,3100.0,33.15,S
2021-07-23T11:23:20,1500.0,33.15,S
2021-07-23T11:23:20,3300.0,33.15,S
2021-07-23T11:23:20,100.0,33.15,S
2021-07-23T11:23:20,1400.0,33.15,S
2021-07-23T11:23:20,500.0,33.15,S
2021-07-23T11:23:20,2400.0,33.15,S
2021-07-23T11:23:20,200.0,33.15,S
2021-07-23T11:23:20,400.0,33.15,S
2021-07-23T11:23:20,300.0,33.15,S
2021-07-23T11:23:20,700.0,33.15,S
2021-07-23T11:23:20,30000.0,33.15,S
2021-07-23T11:23:20,500.0,33.15,S
2021-07-23T11:23:20,500.0,33.15,S
2021-07-23T11:23:20,300.0,33.15,S
2021-07-23T11:23:20,600.0,33.15,S
2021-07-23T11:23:20,1300.0,33.15,S
2021-07-23T11:23:20,100.0,33.15,S
2021-07-23T11:23:20,2700.0,33.15,S
2021-07-23T11:23:18,4000.0,33.15,S
2021-07-23T11:23:18,2000.0,33.15,S
2021-07-23T11:23:17,3000.0,33.15,S
2021-07-23T11:23:16,1000.0,33.15,S
2021-07-23T11:23:16,1100.0,33.15,S
2021-07-23T11:23:16,400.0,33.15,S
2021-07-23T11:23:16,2500.0,33.15,S
2021-07-23T11:23:15,500.0,33.15,S
2021-07-23T11:23:15,2000.0,33.15,S
2021-07-23T11:23:12,6000.0,33.15,S
2021-07-23T11:23:12,1600.0,33.15,S
2021-07-23T11:23:09,500.0,33.15,S
2021-07-23T11:23:09,100.0,33.15,S
2021-07-23T11:23:09,500.0,33.15,S
2021-07-23T11:23:04,500.0,33.15,S
2021-07-23T11:23:00,1900.0,33.15,S
2021-07-23T11:22:59,500.0,33.15,S
2021-07-23T11:22:47,6000.0,33.15,S
2021-07-23T11:22:45,1000.0,33.15,S
2021-07-23T11:22:44,300.0,33.15,S
2021-07-23T11:22:40,500.0,33.15,S
2021-07-23T11:22:36,500.0,33.15,S
2021-07-23T11:22:32,500.0,33.15,S
2021-07-23T11:22:32,300.0,33.2,B
2021-07-23T11:22:30,600.0,33.2,B
2021-07-23T11:22:26,500.0,33.2,S
2021-07-23T11:22:24,1000.0,33.2,S
2021-07-23T11:22:23,500.0,33.2,S
2021-07-23T11:22:22,2400.0,33.2,B
2021-07-23T11:22:20,1300.0,33.15,S
2021-07-23T11:22:18,500.0,33.15,S
2021-07-23T11:22:16,4500.0,33.15,S
2021-07-23T11:22:13,500.0,33.15,S
2021-07-23T11:22:12,7000.0,33.2,B
2021-07-23T11:22:11,1200.0,33.15,S
2021-07-23T11:22:11,100.0,33.2,B
2021-07-23T11:22:04,1000.0,33.2,B
2021-07-23T11:22:04,1200.0,33.15,S
2021-07-23T11:21:50,100.0,33.2,B
2021-07-23T11:21:48,100.0,33.2,B
2021-07-23T11:21:48,1200.0,33.15,S
2021-07-23T11:21:48,100.0,33.2,B
2021-07-23T11:21:44,1000.0,33.2,B
2021-07-23T11:21:40,200.0,33.15,S
2021-07-23T11:21:40,1500.0,33.15,S
2021-07-23T11:21:40,2800.0,33.15,S
2021-07-23T11:21:40,1400.0,33.15,S
2021-07-23T11:21:40,1100.0,33.15,S
2021-07-23T11:21:40,10700.0,33.15,S
2021-07-23T11:21:40,1000.0,33.15,S
2021-07-23T11:21:40,1300.0,33.15,S
2021-07-23T11:21:36,400.0,33.2,B
2021-07-23T11:21:31,400.0,33.2,S
2021-07-23T11:21:29,100.0,33.2,B
2021-07-23T11:21:20,2000.0,33.2,S
2021-07-23T11:21:13,500.0,33.2,S
2021-07-23T11:21:08,8100.0,33.2,S
2021-07-23T11:21:08,3000.0,33.2,S
2021-07-23T11:21:08,4800.0,33.2,S
2021-07-23T11:21:08,1300.0,33.2,S
2021-07-23T11:21:07,100.0,33.2,S
2021-07-23T11:21:07,500.0,33.2,S
2021-07-23T11:21:07,3000.0,33.2,S
2021-07-23T11:21:07,100.0,33.2,S
2021-07-23T11:21:07,400.0,33.2,S
2021-07-23T11:21:07,3200.0,33.2,S
2021-07-23T11:21:07,600.0,33.2,S
2021-07-23T11:21:07,5300.0,33.2,S
2021-07-23T11:21:07,5400.0,33.2,S
2021-07-23T11:21:07,200.0,33.2,S
2021-07-23T11:21:07,500.0,33.2,S
2021-07-23T11:21:07,1100.0,33.2,S
2021-07-23T11:21:07,600.0,33.2,S
2021-07-23T11:21:07,1100.0,33.2,S
2021-07-23T11:21:07,2300.0,33.2,S
2021-07-23T11:21:02,5000.0,33.2,S
2021-07-23T11:21:02,5000.0,33.2,S
2021-07-23T11:21:02,900.0,33.2,S
2021-07-23T11:20:58,1200.0,33.2,S
2021-07-23T11:20:58,1000.0,33.2,S
2021-07-23T11:20:57,900.0,33.2,S
2021-07-23T11:20:56,1600.0,33.2,S
2021-07-23T11:20:56,900.0,33.2,S
2021-07-23T11:20:56,6400.0,33.2,S
2021-07-23T11:20:56,1500.0,33.2,S
2021-07-23T11:20:54,1100.0,33.2,S
2021-07-23T11:20:51,5200.0,33.2,S
2021-07-23T11:20:51,1000.0,33.2,S
2021-07-23T11:20:51,3800.0,33.2,S
2021-07-23T11:20:47,1500.0,33.2,S
2021-07-23T11:20:46,5600.0,33.2,S
2021-07-23T11:20:45,500.0,33.2,S
2021-07-23T11:20:44,300.0,33.2,S
2021-07-23T11:20:43,2600.0,33.2,S
2021-07-23T11:20:42,500.0,33.2,S
2021-07-23T11:20:42,800.0,33.2,S
2021-07-23T11:20:42,200.0,33.2,S
2021-07-23T11:20:40,700.0,33.2,S
2021-07-23T11:20:35,700.0,33.2,S
2021-07-23T11:20:35,1100.0,33.2,S
2021-07-23T11:20:35,10000.0,33.2,S
2021-07-23T11:20:30,700.0,33.2,S
2021-07-23T11:20:29,1200.0,33.2,S
2021-07-23T11:20:27,18400.0,33.2,S
2021-07-23T11:20:26,500.0,33.2,S
2021-07-23T11:20:26,10000.0,33.2,S
2021-07-23T11:20:25,700.0,33.2,S
2021-07-23T11:20:21,700.0,33.2,S
2021-07-23T11:20:20,1300.0,33.2,S
2021-07-23T11:20:20,500.0,33.2,S
2021-07-23T11:20:20,100.0,33.2,S
2021-07-23T11:20:20,2200.0,33.2,S
2021-07-23T11:20:20,100.0,33.2,S
2021-07-23T11:20:20,400.0,33.2,S
2021-07-23T11:20:20,300.0,33.2,S
2021-07-23T11:20:20,100.0,33.2,S
2021-07-23T11:20:20,100.0,33.2,S
2021-07-23T11:20:19,2200.0,33.2,S
2021-07-23T11:20:18,1300.0,33.2,S
2021-07-23T11:20:13,1000.0,33.2,S
2021-07-23T11:20:11,900.0,33.2,S
2021-07-23T11:20:06,700.0,33.2,S
2021-07-23T11:20:03,900.0,33.2,S
2021-07-23T11:20:01,500.0,33.2,S
2021-07-23T11:19:58,500.0,33.2,S
2021-07-23T11:19:53,1200.0,33.2,S
2021-07-23T11:19:53,500.0,33.2,S
2021-07-23T11:19:47,500.0,33.2,S
2021-07-23T11:19:47,800.0,33.2,S
2021-07-23T11:19:46,2000.0,33.2,S
2021-07-23T11:19:45,500.0,33.2,S
2021-07-23T11:19:43,1600.0,33.2,S
2021-07-23T11:19:38,500.0,33.2,S
2021-07-23T11:19:33,500.0,33.2,S
2021-07-23T11:19:30,300.0,33.2,S
2021-07-23T11:19:26,1000.0,33.25,B
2021-07-23T11:19:21,1300.0,33.2,S
2021-07-23T11:19:10,5000.0,33.25,B
2021-07-23T11:19:05,700.0,33.2,S
2021-07-23T11:18:59,100.0,33.25,B
2021-07-23T11:18:58,200.0,33.2,S
2021-07-23T11:18:57,1000.0,33.2,S
2021-07-23T11:18:52,600.0,33.2,S
2021-07-23T11:18:52,400.0,33.2,S
2021-07-23T11:18:38,2000.0,33.25,B
2021-07-23T11:18:25,300.0,33.25,B
2021-07-23T11:18:22,6800.0,33.25,S
2021-07-23T11:18:06,5000.0,33.25,S
2021-07-23T11:18:03,500.0,33.25,S
2021-07-23T11:18:01,300.0,33.25,S
2021-07-23T11:17:56,500.0,33.25,S
2021-07-23T11:17:52,500.0,33.25,S
2021-07-23T11:17:46,2000.0,33.25,S
2021-07-23T11:17:46,500.0,33.25,S
2021-07-23T11:17:42,500.0,33.25,S
2021-07-23T11:17:36,500.0,33.25,S
2021-07-23T11:17:35,500.0,33.25,S
2021-07-23T11:17:31,900.0,33.25,S
2021-07-23T11:17:31,500.0,33.2,S
2021-07-23T11:17:28,2800.0,33.2,S
2021-07-23T11:17:26,300.0,33.2,S
2021-07-23T11:17:24,500.0,33.25,B
2021-07-23T11:17:16,300.0,33.25,S
2021-07-23T11:17:13,2500.0,33.2,S
2021-07-23T11:17:12,5000.0,33.25,S
2021-07-23T11:17:08,300.0,33.25,S
2021-07-23T11:17:05,200.0,33.25,S
2021-07-23T11:17:05,500.0,33.25,S
2021-07-23T11:17:04,23200.0,33.25,S
2021-07-23T11:17:01,500.0,33.25,S
2021-07-23T11:17:00,1000.0,33.2,S
2021-07-23T11:16:57,500.0,33.2,S
2021-07-23T11:16:54,700.0,33.2,S
2021-07-23T11:16:53,500.0,33.2,S
2021-07-23T11:16:49,500.0,33.2,S
2021-07-23T11:16:48,400.0,33.25,B
2021-07-23T11:16:45,1200.0,33.2,S
2021-07-23T11:16:45,1100.0,33.3,B
2021-07-23T11:16:45,1000.0,33.3,B
2021-07-23T11:16:45,2400.0,33.3,B
2021-07-23T11:16:45,5000.0,33.25,B
2021-07-23T11:16:45,500.0,33.25,B
2021-07-23T11:16:45,500.0,33.2,S
2021-07-23T11:16:41,500.0,33.2,S
2021-07-23T11:16:36,1200.0,33.2,S
2021-07-23T11:16:33,1400.0,33.2,S
2021-07-23T11:16:27,900.0,33.2,S
2021-07-23T11:16:27,100.0,33.25,B
2021-07-23T11:16:23,1000.0,33.2,S
2021-07-23T11:16:21,200.0,33.2,S
2021-07-23T11:16:17,500.0,33.2,S
2021-07-23T11:16:14,500.0,33.2,S
2021-07-23T11:16:11,1000.0,33.2,S
2021-07-23T11:16:10,1000.0,33.25,B
2021-07-23T11:16:09,500.0,33.2,S
2021-07-23T11:16:06,700.0,33.2,S
2021-07-23T11:16:06,500.0,33.2,S
2021-07-23T11:16:02,1000.0,33.25,B
2021-07-23T11:16:02,500.0,33.2,S
2021-07-23T11:16:02,500.0,33.2,S
2021-07-23T11:15:57,400.0,33.25,B
2021-07-23T11:15:57,500.0,33.2,S
2021-07-23T11:15:55,1000.0,33.2,S
2021-07-23T11:15:50,500.0,33.25,S
2021-07-23T11:15:48,5000.0,33.25,B
2021-07-23T11:15:48,500.0,33.25,B
2021-07-23T11:15:47,700.0,33.2,S
2021-07-23T11:15:40,19400.0,33.2,S
2021-07-23T11:15:40,1300.0,33.2,S
2021-07-23T11:15:37,100.0,33.2,S
2021-07-23T11:15:33,800.0,33.2,S
2021-07-23T11:15:31,200.0,33.25,B
2021-07-23T11:15:26,1300.0,33.2,S
2021-07-23T11:15:16,500.0,33.25,B
2021-07-23T11:15:12,1300.0,33.2,S
2021-07-23T11:15:05,4900.0,33.25,B
2021-07-23T11:14:52,500.0,33.25,S
2021-07-23T11:14:52,14900.0,33.25,B
2021-07-23T11:14:46,3000.0,33.25,B
2021-07-23T11:14:46,400.0,33.25,B
2021-07-23T11:14:37,1000.0,33.25,B
2021-07-23T11:14:36,2100.0,33.25,B
2021-07-23T11:14:33,1000.0,33.25,B
2021-07-23T11:14:30,100.0,33.25,B
2021-07-23T11:14:21,500.0,33.25,B
2021-07-23T11:14:21,1000.0,33.25,B
2021-07-23T11:14:20,100.0,33.25,B
2021-07-23T11:14:14,1000.0,33.25,B
2021-07-23T11:13:52,3500.0,33.25,B
2021-07-23T11:13:35,200.0,33.25,B
2021-07-23T11:13:30,300.0,33.2,S
2021-07-23T11:13:30,700.0,33.2,S
2021-07-23T11:13:27,800.0,33.2,S
2021-07-23T11:13:25,100.0,33.25,B
2021-07-23T11:13:15,200.0,33.25,B
2021-07-23T11:13:02,200.0,33.25,B
2021-07-23T11:12:58,200.0,33.25,B
2021-07-23T11:12:43,1600.0,33.2,S
2021-07-23T11:12:36,100.0,33.25,B
2021-07-23T11:12:34,100.0,33.25,B
2021-07-23T11:12:11,100.0,33.25,B
2021-07-23T11:12:11,1000.0,33.2,S
2021-07-23T11:11:52,500.0,33.2,S
2021-07-23T11:11:42,200.0,33.2,S
2021-07-23T11:11:35,100.0,33.2,B
2021-07-23T11:11:30,300.0,33.2,B
2021-07-23T11:11:25,500.0,33.2,B
2021-07-23T11:11:22,200.0,33.2,B
2021-07-23T11:11:22,200.0,33.2,B
2021-07-23T11:11:22,500.0,33.2,B
2021-07-23T11:11:17,100.0,33.2,B
2021-07-23T11:11:17,300.0,33.2,B
2021-07-23T11:11:05,200.0,33.2,S
2021-07-23T11:11:05,1500.0,33.2,S
2021-07-23T11:11:05,2500.0,33.2,S
2021-07-23T11:11:05,2100.0,33.2,S
2021-07-23T11:11:04,3900.0,33.2,S
2021-07-23T11:11:04,3100.0,33.2,S
2021-07-23T11:10:51,100.0,33.2,B
2021-07-23T11:10:50,3000.0,33.2,B
2021-07-23T11:10:50,200.0,33.2,B
2021-07-23T11:10:41,1100.0,33.2,B
2021-07-23T11:10:41,8900.0,33.2,B
2021-07-23T11:10:40,400.0,33.2,B
2021-07-23T11:10:38,300.0,33.2,B
2021-07-23T11:10:36,400.0,33.2,B
2021-07-23T11:10:33,400.0,33.2,B
2021-07-23T11:10:30,500.0,33.2,B
2021-07-23T11:10:30,800.0,33.2,B
2021-07-23T11:10:29,200.0,33.2,B
2021-07-23T11:10:28,1300.0,33.2,B
2021-07-23T11:10:28,500.0,33.2,B
2021-07-23T11:10:22,300.0,33.2,B
2021-07-23T11:10:17,1000.0,33.2,B
2021-07-23T11:10:15,5000.0,33.2,B
2021-07-23T11:10:11,3000.0,33.2,B
2021-07-23T11:10:08,1000.0,33.2,B
2021-07-23T11:10:07,300.0,33.2,S
2021-07-23T11:10:07,300.0,33.2,S
2021-07-23T11:10:07,2000.0,33.2,S
2021-07-23T11:10:07,5300.0,33.2,S
2021-07-23T11:10:07,300.0,33.2,S
2021-07-23T11:10:07,200.0,33.2,S
2021-07-23T11:10:07,3000.0,33.2,S
2021-07-23T11:10:07,1400.0,33.2,S
2021-07-23T11:10:07,300.0,33.2,S
2021-07-23T11:10:07,900.0,33.2,S
2021-07-23T11:10:07,500.0,33.2,S
2021-07-23T11:10:07,1000.0,33.2,S
2021-07-23T11:10:07,3900.0,33.2,S
2021-07-23T11:10:07,3100.0,33.2,S
2021-07-23T11:10:07,2000.0,33.2,S
2021-07-23T11:10:07,7400.0,33.2,S
2021-07-23T11:10:04,10000.0,33.2,S
2021-07-23T11:10:03,1100.0,33.2,S
2021-07-23T11:10:03,1000.0,33.2,S
2021-07-23T11:10:00,10000.0,33.2,S
2021-07-23T11:09:56,33900.0,33.2,S
2021-07-23T11:09:51,300.0,33.2,S
2021-07-23T11:09:51,9700.0,33.2,S
2021-07-23T11:09:51,2100.0,33.2,S
2021-07-23T11:09:51,1700.0,33.2,S
2021-07-23T11:09:51,6200.0,33.2,S
2021-07-23T11:09:41,13800.0,33.2,S
2021-07-23T11:09:41,200.0,33.2,S
2021-07-23T11:09:41,1000.0,33.2,S
2021-07-23T11:09:41,600.0,33.2,S
2021-07-23T11:09:41,100.0,33.2,S
2021-07-23T11:09:40,4300.0,33.2,S
2021-07-23T11:09:37,1000.0,33.25,B
2021-07-23T11:09:32,200.0,33.25,B
2021-07-23T11:09:31,100.0,33.2,S
2021-07-23T11:09:31,100.0,33.2,S
2021-07-23T11:09:31,1700.0,33.2,S
2021-07-23T11:09:31,400.0,33.2,S
2021-07-23T11:09:31,200.0,33.2,S
2021-07-23T11:09:31,2100.0,33.2,S
2021-07-23T11:09:31,200.0,33.2,S
2021-07-23T11:09:31,300.0,33.2,S
2021-07-23T11:09:31,700.0,33.2,S
2021-07-23T11:09:31,2300.0,33.2,S
2021-07-23T11:09:31,4400.0,33.2,S
2021-07-23T11:09:31,2000.0,33.2,S
2021-07-23T11:09:31,5500.0,33.2,S
2021-07-23T11:09:30,1000.0,33.2,S
2021-07-23T11:09:27,700.0,33.2,S
2021-07-23T11:09:23,200.0,33.2,S
2021-07-23T11:09:12,100.0,33.2,S
2021-07-23T11:09:12,300.0,33.25,B
2021-07-23T11:09:10,100.0,33.2,S
2021-07-23T11:08:57,2700.0,33.2,S
2021-07-23T11:08:57,1100.0,33.2,S
2021-07-23T11:08:57,1100.0,33.2,S
2021-07-23T11:08:57,5000.0,33.2,S
2021-07-23T11:08:57,10100.0,33.2,S
2021-07-23T11:08:49,1000.0,33.2,S
2021-07-23T11:08:49,300.0,33.25,B
2021-07-23T11:08:45,100.0,33.25,B
2021-07-23T11:08:42,1500.0,33.2,S
2021-07-23T11:08:36,6800.0,33.2,S
2021-07-23T11:08:36,400.0,33.2,S
2021-07-23T11:08:17,7100.0,33.2,S
2021-07-23T11:08:17,1800.0,33.2,S
2021-07-23T11:08:17,21100.0,33.2,S
2021-07-23T11:08:17,13500.0,33.2,S
2021-07-23T11:08:17,800.0,33.2,S
2021-07-23T11:08:16,15700.0,33.2,S
2021-07-23T11:08:09,900.0,33.2,S
2021-07-23T11:08:02,700.0,33.2,S
2021-07-23T11:08:00,1000.0,33.25,B
2021-07-23T11:08:00,500.0,33.2,S
2021-07-23T11:07:59,600.0,33.25,B
2021-07-23T11:07:57,2000.0,33.25,B
2021-07-23T11:07:55,1300.0,33.2,S
2021-07-23T11:07:54,300.0,33.25,B
2021-07-23T11:07:51,100.0,33.2,S
2021-07-23T11:07:47,200.0,33.25,B
2021-07-23T11:07:40,5000.0,33.25,B
2021-07-23T11:07:37,100.0,33.25,B
2021-07-23T11:07:37,200.0,33.2,S
2021-07-23T11:07:37,2200.0,33.2,S
2021-07-23T11:07:32,1300.0,33.2,S
2021-07-23T11:07:32,200.0,33.25,B
2021-07-23T11:07:24,100.0,33.25,B
2021-07-23T11:07:12,600.0,33.25,S
2021-07-23T11:07:12,3100.0,33.25,S
2021-07-23T11:07:12,1200.0,33.25,S
2021-07-23T11:07:12,13700.0,33.25,S
2021-07-23T11:07:12,800.0,33.25,S
2021-07-23T11:07:12,200.0,33.25,S
2021-07-23T11:07:12,7800.0,33.25,S
2021-07-23T11:07:09,500.0,33.25,S
2021-07-23T11:07:03,400.0,33.25,S
2021-07-23T11:07:03,1600.0,33.25,S
2021-07-23T11:06:52,500.0,33.25,S
2021-07-23T11:06:52,4500.0,33.25,S
2021-07-23T11:06:47,1000.0,33.25,S
2021-07-23T11:06:46,2000.0,33.25,S
2021-07-23T11:06:44,900.0,33.25,S
2021-07-23T11:06:40,2000.0,33.25,S
2021-07-23T11:06:36,900.0,33.25,S
2021-07-23T11:06:35,3000.0,33.25,S
2021-07-23T11:06:32,5000.0,33.25,S
2021-07-23T11:06:25,900.0,33.25,S
2021-07-23T11:06:18,1200.0,33.25,S
2021-07-23T11:06:13,1100.0,33.25,S
2021-07-23T11:06:05,200.0,33.25,S
2021-07-23T11:06:04,700.0,33.25,S
2021-07-23T11:05:55,3200.0,33.25,S
2021-07-23T11:05:54,900.0,33.25,S
2021-07-23T11:05:49,1000.0,33.25,S
2021-07-23T11:05:29,1300.0,33.25,S
2021-07-23T11:05:29,100.0,33.25,S
2021-07-23T11:05:27,3000.0,33.25,S
2021-07-23T11:05:23,2000.0,33.25,S
2021-07-23T11:05:22,3000.0,33.25,S
2021-07-23T11:05:11,1000.0,33.25,S
2021-07-23T11:05:07,100.0,33.25,S
2021-07-23T11:05:07,2900.0,33.25,S
2021-07-23T11:05:07,200.0,33.25,S
2021-07-23T11:05:07,4800.0,33.25,S
2021-07-23T11:05:07,8000.0,33.25,S
2021-07-23T11:05:07,500.0,33.25,S
2021-07-23T11:05:07,7100.0,33.25,S
2021-07-23T11:05:07,200.0,33.25,S
2021-07-23T11:05:07,5300.0,33.25,S
2021-07-23T11:05:06,6000.0,33.25,S
2021-07-23T11:05:06,600.0,33.25,S
2021-07-23T11:05:06,30600.0,33.25,S
2021-07-23T11:05:06,2100.0,33.25,S
2021-07-23T11:05:06,800.0,33.25,S
2021-07-23T11:05:06,200.0,33.25,S
2021-07-23T11:05:06,9700.0,33.25,S
2021-07-23T11:05:02,900.0,33.25,S
2021-07-23T11:05:02,700.0,33.25,S
2021-07-23T11:05:02,400.0,33.25,S
2021-07-23T11:05:02,2500.0,33.25,S
2021-07-23T11:05:02,100.0,33.25,S
2021-07-23T11:05:02,1100.0,33.25,S
2021-07-23T11:05:02,14300.0,33.25,S
2021-07-23T11:05:01,1300.0,33.25,S
2021-07-23T11:04:58,5000.0,33.25,S
2021-07-23T11:04:56,600.0,33.25,S
2021-07-23T11:04:55,800.0,33.25,S
2021-07-23T11:04:54,6000.0,33.25,S
2021-07-23T11:04:46,900.0,33.25,S
2021-07-23T11:04:43,5000.0,33.25,S
2021-07-23T11:04:38,700.0,33.25,S
2021-07-23T11:04:31,900.0,33.25,S
2021-07-23T11:04:29,3400.0,33.3,S
2021-07-23T11:04:25,1300.0,33.3,S
2021-07-23T11:04:25,3700.0,33.3,S
2021-07-23T11:04:25,300.0,33.3,S
2021-07-23T11:04:21,700.0,33.3,S
2021-07-23T11:04:19,700.0,33.3,S
2021-07-23T11:04:19,2000.0,33.3,S
2021-07-23T11:04:19,3200.0,33.3,S
2021-07-23T11:04:19,600.0,33.3,S
2021-07-23T11:04:19,1300.0,33.3,S
2021-07-23T11:04:19,6000.0,33.3,S
2021-07-23T11:04:19,1200.0,33.3,S
2021-07-23T11:04:19,200.0,33.3,S
2021-07-23T11:04:19,4000.0,33.3,S
2021-07-23T11:04:19,500.0,33.3,S
2021-07-23T11:04:19,600.0,33.3,S
2021-07-23T11:04:19,500.0,33.3,S
2021-07-23T11:04:19,200.0,33.3,S
2021-07-23T11:04:19,1700.0,33.3,S
2021-07-23T11:04:12,700.0,33.3,S
2021-07-23T11:04:10,500.0,33.3,S
2021-07-23T11:04:09,500.0,33.3,S
2021-07-23T11:04:09,1000.0,33.3,S
2021-07-23T11:04:07,3000.0,33.3,S
2021-07-23T11:04:07,2000.0,33.3,S
2021-07-23T11:04:07,700.0,33.3,S
2021-07-23T11:04:05,2500.0,33.3,S
2021-07-23T11:04:04,1000.0,33.3,S
2021-07-23T11:04:02,19700.0,33.3,S
2021-07-23T11:04:02,3500.0,33.3,S
2021-07-23T11:04:00,200.0,33.35,B
2021-07-23T11:04:00,3600.0,33.3,S
2021-07-23T11:04:00,300.0,33.3,S
2021-07-23T11:04:00,1100.0,33.3,S
2021-07-23T11:03:59,10000.0,33.35,B
2021-07-23T11:03:58,900.0,33.3,S
2021-07-23T11:03:54,100.0,33.3,S
2021-07-23T11:03:49,700.0,33.3,S
2021-07-23T11:03:43,600.0,33.3,S
2021-07-23T11:03:39,700.0,33.3,S
2021-07-23T11:03:34,500.0,33.3,S
2021-07-23T11:03:34,500.0,33.3,S
2021-07-23T11:03:28,1000.0,33.3,S
2021-07-23T11:03:24,1300.0,33.3,S
2021-07-23T11:03:18,700.0,33.3,S
2021-07-23T11:03:10,900.0,33.3,S
2021-07-23T11:03:06,1400.0,33.35,B
2021-07-23T11:03:05,2000.0,33.3,S
2021-07-23T11:03:05,200.0,33.3,S
2021-07-23T11:03:05,5800.0,33.3,S
2021-07-23T11:03:02,1000.0,33.3,S
2021-07-23T11:02:56,400.0,33.3,S
2021-07-23T11:02:52,1300.0,33.3,S
2021-07-23T11:02:50,600.0,33.3,S
2021-07-23T11:02:48,5000.0,33.3,S
2021-07-23T11:02:47,1000.0,33.3,S
2021-07-23T11:02:37,900.0,33.3,S
2021-07-23T11:02:35,200.0,33.3,S
2021-07-23T11:02:32,100.0,33.3,S
2021-07-23T11:02:31,500.0,33.3,S
2021-07-23T11:02:31,700.0,33.3,S
2021-07-23T11:02:31,2000.0,33.3,S
2021-07-23T11:02:26,200.0,33.35,B
2021-07-23T11:02:22,2000.0,33.3,S
2021-07-23T11:02:19,1000.0,33.3,S
2021-07-23T11:02:19,9000.0,33.3,S
2021-07-23T11:02:15,900.0,33.3,S
2021-07-23T11:02:07,1200.0,33.3,S
2021-07-23T11:02:07,100.0,33.3,S
2021-07-23T11:01:59,100.0,33.3,S
2021-07-23T11:01:59,900.0,33.35,S
2021-07-23T11:01:58,200.0,33.35,S
2021-07-23T11:01:57,300.0,33.35,S
2021-07-23T11:01:54,300.0,33.35,S
2021-07-23T11:01:51,300.0,33.35,S
2021-07-23T11:01:51,1300.0,33.35,S
2021-07-23T11:01:48,1100.0,33.3,S
2021-07-23T11:01:48,300.0,33.3,S
2021-07-23T11:01:45,300.0,33.3,S
2021-07-23T11:01:39,300.0,33.3,S
2021-07-23T11:01:39,1300.0,33.3,S
2021-07-23T11:01:34,300.0,33.3,S
2021-07-23T11:01:34,200.0,33.35,S
2021-07-23T11:01:34,2800.0,33.4,B
2021-07-23T11:01:23,1000.0,33.35,B
2021-07-23T11:01:21,100.0,33.3,S
2021-07-23T11:01:18,300.0,33.3,S
2021-07-23T11:01:16,300.0,33.3,S
2021-07-23T11:01:14,100.0,33.35,B
2021-07-23T11:01:13,300.0,33.3,S
2021-07-23T11:01:10,300.0,33.3,S
2021-07-23T11:01:09,1200.0,33.35,S
2021-07-23T11:01:07,300.0,33.35,S
2021-07-23T11:01:03,300.0,33.35,S
2021-07-23T11:01:01,1000.0,33.35,S
2021-07-23T11:01:01,1200.0,33.35,S
2021-07-23T11:00:59,300.0,33.35,S
2021-07-23T11:00:54,1200.0,33.35,S
2021-07-23T11:00:45,1300.0,33.35,S
2021-07-23T11:00:37,1000.0,33.35,S
2021-07-23T11:00:31,100.0,33.35,S
2021-07-23T11:00:31,200.0,33.35,S
2021-07-23T11:00:29,200.0,33.35,S
2021-07-23T11:00:29,700.0,33.35,S
2021-07-23T11:00:27,200.0,33.35,S
2021-07-23T11:00:24,200.0,33.35,S
2021-07-23T11:00:21,200.0,33.35,S
2021-07-23T11:00:18,200.0,33.35,S
2021-07-23T11:00:14,200.0,33.35,S
2021-07-23T11:00:12,200.0,33.35,S
2021-07-23T11:00:09,200.0,33.35,S
2021-07-23T11:00:05,200.0,33.35,S
2021-07-23T11:00:01,200.0,33.35,S
2021-07-23T10:59:57,21700.0,33.35,S
2021-07-23T10:59:57,4000.0,33.4,S
2021-07-23T10:59:57,74300.0,33.4,S
2021-07-23T10:59:51,300.0,33.4,S
2021-07-23T10:59:42,100.0,33.4,S
2021-07-23T10:59:39,200.0,33.4,S
2021-07-23T10:59:36,200.0,33.4,S
2021-07-23T10:59:34,200.0,33.4,S
2021-07-23T10:59:29,200.0,33.4,S
2021-07-23T10:59:28,200.0,33.4,S
2021-07-23T10:59:24,200.0,33.4,S
2021-07-23T10:59:21,200.0,33.4,S
2021-07-23T10:59:17,200.0,33.4,S
2021-07-23T10:59:13,200.0,33.4,S
2021-07-23T10:59:09,200.0,33.4,S
2021-07-23T10:59:02,100.0,33.4,S
2021-07-23T10:58:54,100.0,33.4,S
2021-07-23T10:58:43,18100.0,33.4,B
2021-07-23T10:58:43,5200.0,33.4,B
2021-07-23T10:58:41,200.0,33.35,B
2021-07-23T10:58:41,500.0,33.35,S
2021-07-23T10:58:41,1500.0,33.35,S
2021-07-23T10:58:41,300.0,33.35,S
2021-07-23T10:58:37,2400.0,33.35,S
2021-07-23T10:58:37,600.0,33.35,S
2021-07-23T10:58:26,400.0,33.35,S
2021-07-23T10:58:19,300.0,33.35,S
2021-07-23T10:58:18,700.0,33.35,S
2021-07-23T10:58:16,10000.0,33.3,S
2021-07-23T10:58:10,7300.0,33.35,B
2021-07-23T10:58:04,200.0,33.35,B
2021-07-23T10:58:02,1100.0,33.35,B
2021-07-23T10:58:02,100.0,33.35,B
2021-07-23T10:58:02,9800.0,33.35,B
2021-07-23T10:57:54,1000.0,33.35,B
2021-07-23T10:57:54,100.0,33.35,B
2021-07-23T10:57:47,1000.0,33.35,B
2021-07-23T10:57:42,1000.0,33.35,B
2021-07-23T10:57:36,300.0,33.35,B
2021-07-23T10:57:30,200.0,33.35,B
2021-07-23T10:57:29,500.0,33.35,B
2021-07-23T10:57:29,100.0,33.35,B
2021-07-23T10:57:29,1900.0,33.35,B
2021-07-23T10:57:29,500.0,33.3,S
2021-07-23T10:57:28,200.0,33.35,B
2021-07-23T10:57:16,300.0,33.35,B
2021-07-23T10:57:16,200.0,33.3,S
2021-07-23T10:57:16,100.0,33.35,B
2021-07-23T10:57:14,1000.0,33.3,S
2021-07-23T10:57:11,400.0,33.35,B
2021-07-23T10:57:07,300.0,33.35,B
2021-07-23T10:57:01,2000.0,33.35,B
2021-07-23T10:57:00,1000.0,33.35,B
2021-07-23T10:56:58,1000.0,33.35,B
2021-07-23T10:56:55,100.0,33.35,B
2021-07-23T10:56:52,500.0,33.35,B
2021-07-23T10:56:45,1000.0,33.35,B
2021-07-23T10:56:45,100.0,33.35,B
2021-07-23T10:56:41,900.0,33.35,B
2021-07-23T10:56:41,400.0,33.35,B
2021-07-23T10:56:40,100.0,33.35,B
2021-07-23T10:56:39,300.0,33.35,B
2021-07-23T10:56:37,2000.0,33.3,S
2021-07-23T10:56:29,1000.0,33.35,B
2021-07-23T10:56:24,300.0,33.35,B
2021-07-23T10:56:19,400.0,33.35,B
2021-07-23T10:56:15,100.0,33.35,B
2021-07-23T10:56:14,100.0,33.3,S
2021-07-23T10:56:01,100.0,33.35,B
2021-07-23T10:56:00,800.0,33.35,B
2021-07-23T10:55:56,100.0,33.3,S
2021-07-23T10:55:53,100.0,33.3,S
2021-07-23T10:55:52,100.0,33.35,B
2021-07-23T10:55:49,5000.0,33.35,B
2021-07-23T10:55:49,100.0,33.3,S
2021-07-23T10:55:47,100.0,33.3,S
2021-07-23T10:55:47,100.0,33.35,B
2021-07-23T10:55:44,100.0,33.3,S
2021-07-23T10:55:43,200.0,33.35,B
2021-07-23T10:55:42,100.0,33.3,S
2021-07-23T10:55:37,100.0,33.3,S
2021-07-23T10:55:35,100.0,33.3,S
2021-07-23T10:55:34,100.0,33.3,S
2021-07-23T10:55:29,100.0,33.3,S
2021-07-23T10:55:24,100.0,33.35,B
2021-07-23T10:55:21,100.0,33.3,S
2021-07-23T10:55:18,100.0,33.3,S
2021-07-23T10:55:14,1400.0,33.3,S
2021-07-23T10:55:14,500.0,33.3,S
2021-07-23T10:55:12,100.0,33.3,S
2021-07-23T10:55:10,100.0,33.3,S
2021-07-23T10:55:07,100.0,33.3,S
2021-07-23T10:55:03,100.0,33.3,S
2021-07-23T10:55:00,1600.0,33.3,S
2021-07-23T10:54:58,100.0,33.3,S
2021-07-23T10:54:56,100.0,33.3,S
2021-07-23T10:54:55,200.0,33.3,S
2021-07-23T10:54:54,100.0,33.3,S
2021-07-23T10:54:50,100.0,33.3,S
2021-07-23T10:54:48,100.0,33.3,S
2021-07-23T10:54:40,100.0,33.3,S
2021-07-23T10:54:31,1000.0,33.3,S
2021-07-23T10:54:29,100.0,33.35,B
2021-07-23T10:54:29,2000.0,33.35,B
2021-07-23T10:54:19,100.0,33.35,B
2021-07-23T10:54:14,200.0,33.35,B
2021-07-23T10:54:13,100.0,33.35,B
2021-07-23T10:54:12,300.0,33.35,B
2021-07-23T10:54:00,600.0,33.35,B
2021-07-23T10:53:59,200.0,33.35,B
2021-07-23T10:53:56,10000.0,33.35,B
2021-07-23T10:53:42,5000.0,33.3,S
2021-07-23T10:53:31,100.0,33.35,B
2021-07-23T10:53:23,1000.0,33.35,B
2021-07-23T10:53:18,2500.0,33.3,S
2021-07-23T10:53:18,100.0,33.3,S
2021-07-23T10:53:18,2400.0,33.3,S
2021-07-23T10:52:57,200.0,33.35,B
2021-07-23T10:52:56,200.0,33.35,B
2021-07-23T10:52:54,100.0,33.35,B
2021-07-23T10:52:54,100.0,33.35,B
2021-07-23T10:52:31,500.0,33.35,B
2021-07-23T10:52:26,2000.0,33.3,S
2021-07-23T10:52:22,300.0,33.35,B
2021-07-23T10:52:18,5000.0,33.3,S
2021-07-23T10:52:00,100.0,33.35,B
2021-07-23T10:51:54,200.0,33.35,B
2021-07-23T10:51:53,200.0,33.35,B
2021-07-23T10:51:48,1500.0,33.3,S
2021-07-23T10:51:24,500.0,33.35,B
2021-07-23T10:51:19,2700.0,33.3,B
2021-07-23T10:51:19,400.0,33.3,S
2021-07-23T10:51:19,100.0,33.3,S
2021-07-23T10:51:18,100.0,33.3,S
2021-07-23T10:51:11,1300.0,33.3,B
2021-07-23T10:51:08,500.0,33.3,B
2021-07-23T10:51:07,200.0,33.3,B
2021-07-23T10:51:06,500.0,33.3,B
2021-07-23T10:51:06,100.0,33.3,B
2021-07-23T10:51:05,600.0,33.3,S
2021-07-23T10:50:57,300.0,33.3,B
2021-07-23T10:50:55,200.0,33.3,S
2021-07-23T10:50:49,400.0,33.3,B
2021-07-23T10:50:48,1000.0,33.3,B
2021-07-23T10:50:47,10000.0,33.3,B
2021-07-23T10:50:43,300.0,33.3,B
2021-07-23T10:50:41,2000.0,33.3,B
2021-07-23T10:50:35,3000.0,33.3,B
2021-07-23T10:50:34,3000.0,33.3,B
2021-07-23T10:50:34,1000.0,33.3,B
2021-07-23T10:50:28,3000.0,33.3,B
2021-07-23T10:50:19,400.0,33.3,B
2021-07-23T10:50:14,800.0,33.25,S
2021-07-23T10:50:13,1000.0,33.3,B
2021-07-23T10:50:10,1100.0,33.25,S
2021-07-23T10:50:08,300.0,33.25,S
2021-07-23T10:50:08,800.0,33.25,S
2021-07-23T10:50:08,700.0,33.25,S
2021-07-23T10:50:03,300.0,33.25,S
2021-07-23T10:49:58,300.0,33.25,S
2021-07-23T10:49:53,2000.0,33.3,B
2021-07-23T10:49:50,300.0,33.3,B
2021-07-23T10:49:42,2000.0,33.3,B
2021-07-23T10:49:39,100.0,33.25,S
2021-07-23T10:49:38,100.0,33.3,B
2021-07-23T10:49:37,300.0,33.25,S
2021-07-23T10:49:32,300.0,33.25,S
2021-07-23T10:49:31,500.0,33.3,B
2021-07-23T10:49:29,2000.0,33.3,B
2021-07-23T10:49:27,300.0,33.25,S
2021-07-23T10:49:24,200.0,33.3,B
2021-07-23T10:49:23,300.0,33.25,S
2021-07-23T10:49:19,800.0,33.25,S
2021-07-23T10:49:17,300.0,33.25,S
2021-07-23T10:49:16,1300.0,33.25,S
2021-07-23T10:49:11,300.0,33.25,S
2021-07-23T10:49:10,1200.0,33.25,S
2021-07-23T10:49:09,1000.0,33.3,B
2021-07-23T10:49:07,300.0,33.25,S
2021-07-23T10:49:02,2100.0,33.3,B
2021-07-23T10:49:02,1100.0,33.3,B
2021-07-23T10:49:02,400.0,33.3,B
2021-07-23T10:48:49,300.0,33.3,B
2021-07-23T10:48:48,100.0,33.3,B
2021-07-23T10:48:30,200.0,33.3,B
2021-07-23T10:48:29,200.0,33.3,B
2021-07-23T10:48:22,700.0,33.25,S
2021-07-23T10:48:21,300.0,33.3,B
2021-07-23T10:48:19,700.0,33.25,S
2021-07-23T10:48:17,3600.0,33.3,B
2021-07-23T10:48:17,2600.0,33.3,B
2021-07-23T10:48:17,5700.0,33.3,B
2021-07-23T10:48:17,3500.0,33.3,B
2021-07-23T10:48:17,1200.0,33.3,B
2021-07-23T10:48:17,1000.0,33.3,B
2021-07-23T10:48:15,700.0,33.25,S
2021-07-23T10:48:12,100.0,33.25,S
2021-07-23T10:48:12,1300.0,33.25,S
2021-07-23T10:48:10,700.0,33.25,S
2021-07-23T10:48:05,700.0,33.25,S
2021-07-23T10:48:05,900.0,33.25,S
2021-07-23T10:48:04,200.0,33.25,S
2021-07-23T10:48:02,2500.0,33.3,B
2021-07-23T10:48:01,300.0,33.25,S
2021-07-23T10:47:50,100.0,33.3,B
2021-07-23T10:47:50,300.0,33.3,B
2021-07-23T10:47:48,500.0,33.3,B
2021-07-23T10:47:48,1000.0,33.25,S
2021-07-23T10:47:44,100.0,33.3,B
2021-07-23T10:47:40,100.0,33.3,B
2021-07-23T10:47:27,1500.0,33.3,B
2021-07-23T10:47:26,200.0,33.3,B
2021-07-23T10:47:19,1000.0,33.3,B
2021-07-23T10:47:10,5000.0,33.3,B
2021-07-23T10:47:08,100.0,33.3,B
2021-07-23T10:47:06,2500.0,33.3,B
2021-07-23T10:46:57,100.0,33.3,B
2021-07-23T10:46:56,6000.0,33.3,B
2021-07-23T10:46:55,1000.0,33.3,B
2021-07-23T10:46:52,10000.0,33.3,B
2021-07-23T10:46:51,200.0,33.3,B
2021-07-23T10:46:48,1600.0,33.3,S
2021-07-23T10:46:48,1600.0,33.3,S
2021-07-23T10:46:48,6500.0,33.3,S
2021-07-23T10:46:48,700.0,33.3,S
2021-07-23T10:46:48,4500.0,33.3,S
2021-07-23T10:46:48,500.0,33.3,S
2021-07-23T10:46:48,9500.0,33.3,S
2021-07-23T10:46:48,2300.0,33.3,S
2021-07-23T10:46:48,8800.0,33.3,S
2021-07-23T10:46:48,1100.0,33.3,S
2021-07-23T10:46:48,700.0,33.3,S
2021-07-23T10:46:48,100.0,33.3,S
2021-07-23T10:46:48,3700.0,33.3,S
2021-07-23T10:46:48,9600.0,33.3,S
2021-07-23T10:46:48,1500.0,33.3,S
2021-07-23T10:46:48,1500.0,33.3,S
2021-07-23T10:46:48,36600.0,33.3,S
2021-07-23T10:46:41,3900.0,33.35,B
2021-07-23T10:46:36,14700.0,33.3,S
2021-07-23T10:46:36,8500.0,33.3,S
2021-07-23T10:46:36,200.0,33.3,S
2021-07-23T10:46:32,100.0,33.3,S
2021-07-23T10:46:26,500.0,33.3,S
2021-07-23T10:46:26,2100.0,33.35,B
2021-07-23T10:46:24,1000.0,33.35,B
2021-07-23T10:46:24,3900.0,33.35,B
2021-07-23T10:46:21,5000.0,33.3,S
2021-07-23T10:46:10,800.0,33.3,S
2021-07-23T10:46:07,200.0,33.3,S
2021-07-23T10:46:06,300.0,33.35,S
2021-07-23T10:46:06,1900.0,33.35,S
2021-07-23T10:46:06,1600.0,33.35,S
2021-07-23T10:46:04,400.0,33.35,S
2021-07-23T10:46:01,400.0,33.35,S
2021-07-23T10:45:59,900.0,33.35,S
2021-07-23T10:45:58,400.0,33.35,S
2021-07-23T10:45:57,1200.0,33.35,S
2021-07-23T10:45:55,1000.0,33.35,S
2021-07-23T10:45:52,5400.0,33.35,S
2021-07-23T10:45:51,2000.0,33.35,S
2021-07-23T10:45:49,400.0,33.35,S
2021-07-23T10:45:49,1000.0,33.35,S
2021-07-23T10:45:48,23200.0,33.35,S
2021-07-23T10:45:48,700.0,33.35,S
2021-07-23T10:45:39,1000.0,33.35,S
2021-07-23T10:45:36,1100.0,33.35,S
2021-07-23T10:45:36,100.0,33.35,S
2021-07-23T10:45:35,9900.0,33.35,S
2021-07-23T10:45:30,1000.0,33.35,S
2021-07-23T10:45:29,700.0,33.35,S
2021-07-23T10:45:28,500.0,33.4,B
2021-07-23T10:45:22,100.0,33.35,S
2021-07-23T10:45:22,700.0,33.35,S
2021-07-23T10:45:19,200.0,33.35,S
2021-07-23T10:45:16,200.0,33.35,S
2021-07-23T10:45:15,4200.0,33.4,B
2021-07-23T10:45:15,800.0,33.4,B
2021-07-23T10:45:14,1300.0,33.35,S
2021-07-23T10:45:12,6000.0,33.35,S
2021-07-23T10:45:12,200.0,33.35,S
2021-07-23T10:45:10,100.0,33.4,B
2021-07-23T10:45:09,200.0,33.35,S
2021-07-23T10:45:07,600.0,33.35,S
2021-07-23T10:45:07,700.0,33.35,S
2021-07-23T10:45:05,200.0,33.35,S
2021-07-23T10:45:01,200.0,33.35,S
2021-07-23T10:44:59,700.0,33.35,S
2021-07-23T10:44:57,200.0,33.35,S
2021-07-23T10:44:56,8100.0,33.35,S
2021-07-23T10:44:56,500.0,33.35,S
2021-07-23T10:44:56,2200.0,33.35,S
2021-07-23T10:44:56,2000.0,33.35,S
2021-07-23T10:44:56,1000.0,33.35,S
2021-07-23T10:44:56,9400.0,33.35,S
2021-07-23T10:44:54,30000.0,33.4,B
2021-07-23T10:44:54,1300.0,33.4,B
2021-07-23T10:44:54,3700.0,33.4,B
2021-07-23T10:44:54,1200.0,33.4,B
2021-07-23T10:44:54,18200.0,33.4,B
2021-07-23T10:44:53,200.0,33.35,S
2021-07-23T10:44:49,200.0,33.35,S
2021-07-23T10:44:49,1000.0,33.35,S
2021-07-23T10:44:46,200.0,33.35,S
2021-07-23T10:44:45,100.0,33.35,S
2021-07-23T10:44:42,900.0,33.35,S
2021-07-23T10:44:40,100.0,33.35,S
2021-07-23T10:44:35,800.0,33.35,S
2021-07-23T10:44:32,1000.0,33.35,S
2021-07-23T10:44:30,1100.0,33.35,S
2021-07-23T10:44:29,800.0,33.35,S
2021-07-23T10:44:26,1000.0,33.35,S
2021-07-23T10:44:22,1000.0,33.35,S
2021-07-23T10:44:21,500.0,33.35,S
2021-07-23T10:44:21,500.0,33.4,B
2021-07-23T10:44:17,800.0,33.35,S
2021-07-23T10:44:16,500.0,33.4,B
2021-07-23T10:44:16,300.0,33.35,S
2021-07-23T10:44:12,500.0,33.4,B
2021-07-23T10:44:11,700.0,33.35,S
2021-07-23T10:44:06,500.0,33.35,S
2021-07-23T10:44:06,100.0,33.35,S
2021-07-23T10:44:03,300.0,33.35,S
2021-07-23T10:44:02,800.0,33.35,S
2021-07-23T10:44:02,300.0,33.35,S
2021-07-23T10:44:00,300.0,33.35,S
2021-07-23T10:43:54,500.0,33.4,B
2021-07-23T10:43:46,300.0,33.35,S
2021-07-23T10:43:42,600.0,33.4,B
2021-07-23T10:43:41,200.0,33.35,S
2021-07-23T10:43:41,100.0,33.35,S
2021-07-23T10:43:39,1300.0,33.35,S
2021-07-23T10:43:37,300.0,33.35,S
2021-07-23T10:43:37,3000.0,33.35,S
2021-07-23T10:43:31,1000.0,33.35,S
2021-07-23T10:43:31,300.0,33.35,S
2021-07-23T10:43:25,300.0,33.35,S
2021-07-23T10:43:24,500.0,33.35,S
2021-07-23T10:43:21,100.0,33.35,S
2021-07-23T10:43:19,300.0,33.35,S
2021-07-23T10:43:17,100.0,33.4,B
2021-07-23T10:43:16,500.0,33.4,B
2021-07-23T10:43:14,300.0,33.4,B
2021-07-23T10:43:11,300.0,33.4,B
2021-07-23T10:43:09,2000.0,33.35,S
2021-07-23T10:43:04,500.0,33.4,B
2021-07-23T10:43:03,300.0,33.4,B
2021-07-23T10:43:00,3100.0,33.4,B
2021-07-23T10:43:00,600.0,33.4,S
2021-07-23T10:43:00,1100.0,33.4,S
2021-07-23T10:43:00,700.0,33.4,S
2021-07-23T10:43:00,700.0,33.4,S
2021-07-23T10:43:00,600.0,33.4,S
2021-07-23T10:43:00,400.0,33.4,S
2021-07-23T10:43:00,1100.0,33.4,S
2021-07-23T10:43:00,600.0,33.4,S
2021-07-23T10:42:59,1100.0,33.4,S
2021-07-23T10:42:59,1000.0,33.4,S
2021-07-23T10:42:59,5500.0,33.4,S
2021-07-23T10:42:59,500.0,33.4,S
2021-07-23T10:42:59,1500.0,33.4,S
2021-07-23T10:42:59,300.0,33.4,S
2021-07-23T10:42:59,200.0,33.4,S
2021-07-23T10:42:59,600.0,33.4,S
2021-07-23T10:42:59,300.0,33.4,S
2021-07-23T10:42:59,200.0,33.4,S
2021-07-23T10:42:59,400.0,33.4,S
2021-07-23T10:42:59,300.0,33.4,S
2021-07-23T10:42:59,400.0,33.4,S
2021-07-23T10:42:59,1900.0,33.4,S
2021-07-23T10:42:59,3000.0,33.4,S
2021-07-23T10:42:59,2000.0,33.4,S
2021-07-23T10:42:59,2700.0,33.4,S
2021-07-23T10:42:59,34300.0,33.4,S
2021-07-23T10:42:59,1500.0,33.4,S
2021-07-23T10:42:59,600.0,33.4,S
2021-07-23T10:42:57,1300.0,33.4,S
2021-07-23T10:42:54,1200.0,33.4,S
2021-07-23T10:42:49,1000.0,33.45,B
2021-07-23T10:42:49,100.0,33.45,B
2021-07-23T10:42:42,100.0,33.45,B
2021-07-23T10:42:40,1000.0,33.45,B
2021-07-23T10:42:36,500.0,33.45,B
2021-07-23T10:42:33,1500.0,33.45,B
2021-07-23T10:42:32,100.0,33.45,B
2021-07-23T10:42:29,1300.0,33.45,B
2021-07-23T10:42:26,100.0,33.45,B
2021-07-23T10:42:26,500.0,33.45,B
2021-07-23T10:42:24,1000.0,33.45,B
2021-07-23T10:42:21,300.0,33.45,B
2021-07-23T10:42:17,200.0,33.45,B
2021-07-23T10:42:17,1000.0,33.45,B
2021-07-23T10:42:13,100.0,33.45,B
2021-07-23T10:42:06,500.0,33.45,B
2021-07-23T10:41:56,2200.0,33.45,S
2021-07-23T10:41:56,1000.0,33.5,B
2021-07-23T10:41:39,100.0,33.5,B
2021-07-23T10:41:36,100.0,33.45,S
2021-07-23T10:41:36,9200.0,33.45,B
2021-07-23T10:41:33,300.0,33.45,B
2021-07-23T10:41:29,5000.0,33.45,B
2021-07-23T10:41:27,6600.0,33.45,S
2021-07-23T10:41:21,100.0,33.45,S
2021-07-23T10:41:20,1000.0,33.45,S
2021-07-23T10:41:15,5000.0,33.5,B
2021-07-23T10:41:11,1000.0,33.45,S
2021-07-23T10:41:09,5000.0,33.45,S
2021-07-23T10:41:08,8100.0,33.45,S
2021-07-23T10:41:08,200.0,33.45,S
2021-07-23T10:41:08,900.0,33.45,S
2021-07-23T10:41:08,600.0,33.45,S
2021-07-23T10:41:08,6100.0,33.45,S
2021-07-23T10:41:08,100.0,33.45,S
2021-07-23T10:41:08,5400.0,33.45,S
2021-07-23T10:41:08,800.0,33.45,S
2021-07-23T10:41:08,7800.0,33.45,S
2021-07-23T10:41:08,200.0,33.5,B
2021-07-23T10:41:05,5000.0,33.45,S
2021-07-23T10:41:02,500.0,33.45,S
2021-07-23T10:41:00,800.0,33.45,S
2021-07-23T10:41:00,1300.0,33.45,S
2021-07-23T10:41:00,1200.0,33.45,S
2021-07-23T10:40:58,4500.0,33.45,S
2021-07-23T10:40:58,1500.0,33.45,S
2021-07-23T10:40:52,100.0,33.5,B
2021-07-23T10:40:46,1000.0,33.45,S
2021-07-23T10:40:43,4000.0,33.45,S
2021-07-23T10:40:40,700.0,33.45,S
2021-07-23T10:40:34,1000.0,33.5,B
2021-07-23T10:40:31,100.0,33.45,S
2021-07-23T10:40:29,2000.0,33.45,S
2021-07-23T10:40:27,1500.0,33.45,S
2021-07-23T10:40:21,2000.0,33.45,S
2021-07-23T10:40:19,200.0,33.45,S
2021-07-23T10:40:12,1300.0,33.45,S
2021-07-23T10:40:11,100.0,33.5,B
2021-07-23T10:40:06,100.0,33.45,S
2021-07-23T10:40:04,100.0,33.45,S
2021-07-23T10:40:03,200.0,33.5,B
2021-07-23T10:40:02,200.0,33.45,S
2021-07-23T10:39:59,300.0,33.5,B
2021-07-23T10:39:54,1000.0,33.5,B
2021-07-23T10:39:47,100.0,33.5,B
2021-07-23T10:39:46,1000.0,33.5,B
2021-07-23T10:39:44,300.0,33.5,B
2021-07-23T10:39:40,100.0,33.5,B
2021-07-23T10:39:39,300.0,33.5,B
2021-07-23T10:39:38,300.0,33.5,B
2021-07-23T10:39:36,1000.0,33.5,B
2021-07-23T10:39:33,200.0,33.5,B
2021-07-23T10:39:33,100.0,33.5,B
2021-07-23T10:39:31,300.0,33.5,B
2021-07-23T10:39:30,100.0,33.5,B
2021-07-23T10:39:29,300.0,33.5,B
2021-07-23T10:39:26,500.0,33.5,B
2021-07-23T10:39:26,400.0,33.5,B
2021-07-23T10:39:26,100.0,33.5,B
2021-07-23T10:39:26,2000.0,33.5,B
2021-07-23T10:39:26,100.0,33.5,S
2021-07-23T10:39:26,5100.0,33.5,S
2021-07-23T10:39:26,100.0,33.5,S
2021-07-23T10:39:25,1100.0,33.5,S
2021-07-23T10:39:24,200.0,33.5,S
2021-07-23T10:39:23,800.0,33.5,S
2021-07-23T10:39:23,4200.0,33.5,S
2021-07-23T10:39:21,500.0,33.5,S
2021-07-23T10:39:21,1000.0,33.5,S
2021-07-23T10:39:21,1700.0,33.5,S
2021-07-23T10:39:21,3200.0,33.5,S
2021-07-23T10:39:21,700.0,33.5,S
2021-07-23T10:39:21,600.0,33.5,S
2021-07-23T10:39:21,600.0,33.5,S
2021-07-23T10:39:21,21600.0,33.5,S
2021-07-23T10:39:21,400.0,33.5,S
2021-07-23T10:39:21,6200.0,33.5,S
2021-07-23T10:39:20,300.0,33.5,S
2021-07-23T10:39:19,3400.0,33.5,S
2021-07-23T10:39:19,1600.0,33.5,S
2021-07-23T10:39:17,2800.0,33.5,S
2021-07-23T10:39:17,1000.0,33.5,S
2021-07-23T10:39:17,6200.0,33.5,S
2021-07-23T10:39:17,1200.0,33.5,S
2021-07-23T10:39:17,300.0,33.5,S
2021-07-23T10:39:17,1800.0,33.5,S
2021-07-23T10:39:17,18200.0,33.5,S
2021-07-23T10:39:16,200.0,33.5,S
2021-07-23T10:39:15,300.0,33.5,S
2021-07-23T10:39:15,1000.0,33.55,B
2021-07-23T10:39:12,300.0,33.5,S
2021-07-23T10:39:12,2000.0,33.5,S
2021-07-23T10:39:10,600.0,33.5,S
2021-07-23T10:39:09,200.0,33.5,S
2021-07-23T10:39:09,200.0,33.5,S
2021-07-23T10:39:09,2400.0,33.5,S
2021-07-23T10:39:09,2700.0,33.5,S
2021-07-23T10:39:07,1100.0,33.5,S
2021-07-23T10:39:07,12000.0,33.5,S
2021-07-23T10:39:07,300.0,33.55,B
2021-07-23T10:39:06,300.0,33.5,S
2021-07-23T10:39:02,1100.0,33.5,S
2021-07-23T10:39:02,300.0,33.5,S
2021-07-23T10:39:00,1000.0,33.5,S
2021-07-23T10:38:59,300.0,33.5,S
2021-07-23T10:38:58,2500.0,33.55,B
2021-07-23T10:38:55,300.0,33.5,S
2021-07-23T10:38:55,900.0,33.5,S
2021-07-23T10:38:52,300.0,33.5,S
2021-07-23T10:38:50,1000.0,33.5,S
2021-07-23T10:38:47,300.0,33.5,S
2021-07-23T10:38:46,2000.0,33.55,B
2021-07-23T10:38:46,200.0,33.55,B
2021-07-23T10:38:45,1100.0,33.5,S
2021-07-23T10:38:42,300.0,33.5,S
2021-07-23T10:38:40,300.0,33.5,S
2021-07-23T10:38:40,200.0,33.55,B
2021-07-23T10:38:40,1300.0,33.55,B
2021-07-23T10:38:39,1000.0,33.55,B
2021-07-23T10:38:39,100.0,33.55,B
2021-07-23T10:38:35,300.0,33.55,B
2021-07-23T10:38:34,200.0,33.5,S
2021-07-23T10:38:34,100.0,33.55,B
2021-07-23T10:38:33,100.0,33.55,B
2021-07-23T10:38:30,500.0,33.55,B
2021-07-23T10:38:28,400.0,33.55,B
2021-07-23T10:38:28,200.0,33.55,B
2021-07-23T10:38:27,100.0,33.55,B
2021-07-23T10:38:25,1500.0,33.55,B
2021-07-23T10:38:24,3000.0,33.55,B
2021-07-23T10:38:22,300.0,33.55,B
2021-07-23T10:38:20,1000.0,33.55,B
2021-07-23T10:38:17,5000.0,33.5,S
2021-07-23T10:38:17,200.0,33.55,B
2021-07-23T10:38:16,20300.0,33.5,S
2021-07-23T10:38:15,100.0,33.6,B
2021-07-23T10:38:15,200.0,33.55,S
2021-07-23T10:38:14,200.0,33.55,S
2021-07-23T10:38:13,100.0,33.6,B
2021-07-23T10:38:12,700.0,33.55,S
2021-07-23T10:38:11,300.0,33.55,S
2021-07-23T10:38:08,300.0,33.55,S
2021-07-23T10:38:08,300.0,33.55,S
2021-07-23T10:38:07,800.0,33.55,S
2021-07-23T10:38:04,300.0,33.55,S
2021-07-23T10:38:02,2200.0,33.55,B
2021-07-23T10:38:02,6200.0,33.55,B
2021-07-23T10:38:02,1100.0,33.55,B
2021-07-23T10:38:01,500.0,33.55,B
2021-07-23T10:37:59,100.0,33.55,B
2021-07-23T10:37:57,300.0,33.5,S
2021-07-23T10:37:57,700.0,33.5,S
2021-07-23T10:37:56,100.0,33.55,B
2021-07-23T10:37:55,300.0,33.5,S
2021-07-23T10:37:54,1000.0,33.55,B
2021-07-23T10:37:53,500.0,33.55,B
2021-07-23T10:37:52,300.0,33.5,S
2021-07-23T10:37:50,5000.0,33.55,B
2021-07-23T10:37:50,3600.0,33.55,B
2021-07-23T10:37:50,1300.0,33.55,B
2021-07-23T10:37:50,15100.0,33.55,B
2021-07-23T10:37:49,300.0,33.5,S
2021-07-23T10:37:45,1000.0,33.55,B
2021-07-23T10:37:45,100.0,33.55,B
2021-07-23T10:37:45,100.0,33.55,B
2021-07-23T10:37:43,4000.0,33.55,B
2021-07-23T10:37:41,1300.0,33.55,B
2021-07-23T10:37:41,300.0,33.5,S
2021-07-23T10:37:40,300.0,33.55,B
2021-07-23T10:37:40,1000.0,33.55,B
2021-07-23T10:37:39,1000.0,33.55,B
2021-07-23T10:37:37,300.0,33.5,S
2021-07-23T10:37:36,500.0,33.55,B
2021-07-23T10:37:36,100.0,33.55,B
2021-07-23T10:37:36,100.0,33.55,B
2021-07-23T10:37:36,400.0,33.55,B
2021-07-23T10:37:35,1000.0,33.55,B
2021-07-23T10:37:34,1000.0,33.55,B
2021-07-23T10:37:31,1000.0,33.55,B
2021-07-23T10:37:31,2000.0,33.55,B
2021-07-23T10:37:30,200.0,33.55,B
2021-07-23T10:37:30,300.0,33.55,B
2021-07-23T10:37:28,1200.0,33.55,B
2021-07-23T10:37:27,200.0,33.55,B
2021-07-23T10:37:25,400.0,33.55,B
2021-07-23T10:37:22,1000.0,33.55,B
2021-07-23T10:37:21,1000.0,33.55,B
2021-07-23T10:37:21,500.0,33.55,B
2021-07-23T10:37:16,2000.0,33.55,B
2021-07-23T10:37:15,500.0,33.55,B
2021-07-23T10:37:14,200.0,33.55,B
2021-07-23T10:37:14,200.0,33.55,B
2021-07-23T10:37:14,1000.0,33.55,B
2021-07-23T10:37:13,300.0,33.5,S
2021-07-23T10:37:12,200.0,33.55,B
2021-07-23T10:37:10,500.0,33.55,B
2021-07-23T10:37:09,300.0,33.55,B
2021-07-23T10:37:09,200.0,33.55,B
2021-07-23T10:37:09,5000.0,33.55,B
2021-07-23T10:37:08,200.0,33.55,B
2021-07-23T10:37:08,500.0,33.55,B
2021-07-23T10:37:07,7000.0,33.55,B
2021-07-23T10:37:04,100.0,33.55,B
2021-07-23T10:37:02,1000.0,33.55,B
2021-07-23T10:37:00,1300.0,33.55,B
2021-07-23T10:36:59,1000.0,33.55,B
2021-07-23T10:36:59,100.0,33.55,B
2021-07-23T10:36:58,3000.0,33.55,B
2021-07-23T10:36:55,300.0,33.55,B
2021-07-23T10:36:55,300.0,33.55,B
2021-07-23T10:36:54,1000.0,33.55,B
2021-07-23T10:36:52,1000.0,33.5,S
2021-07-23T10:36:51,100.0,33.55,B
2021-07-23T10:36:51,100.0,33.55,B
2021-07-23T10:36:47,200.0,33.55,B
2021-07-23T10:36:43,300.0,33.55,B
2021-07-23T10:36:43,400.0,33.5,S
2021-07-23T10:36:40,1000.0,33.55,B
2021-07-23T10:36:39,1700.0,33.5,S
2021-07-23T10:36:39,1300.0,33.5,S
2021-07-23T10:36:34,1000.0,33.5,S
2021-07-23T10:36:30,5000.0,33.55,B
2021-07-23T10:36:29,200.0,33.55,B
2021-07-23T10:36:27,1000.0,33.55,B
2021-07-23T10:36:22,3000.0,33.5,S
2021-07-23T10:36:11,500.0,33.55,B
2021-07-23T10:36:10,1100.0,33.5,S
2021-07-23T10:36:07,5000.0,33.5,S
2021-07-23T10:36:00,5000.0,33.5,S
2021-07-23T10:36:00,1300.0,33.5,S
2021-07-23T10:35:51,200.0,33.5,S
2021-07-23T10:35:46,200.0,33.55,B
2021-07-23T10:35:46,1300.0,33.5,S
2021-07-23T10:35:36,100.0,33.5,S
2021-07-23T10:35:34,500.0,33.55,B
2021-07-23T10:35:34,1900.0,33.55,B
2021-07-23T10:35:33,100.0,33.55,B
2021-07-23T10:35:31,300.0,33.5,S
2021-07-23T10:35:31,1000.0,33.55,B
2021-07-23T10:35:27,300.0,33.5,S
2021-07-23T10:35:15,200.0,33.55,B
2021-07-23T10:35:09,800.0,33.5,S
2021-07-23T10:35:09,100.0,33.5,S
2021-07-23T10:35:06,500.0,33.5,S
2021-07-23T10:35:06,300.0,33.55,B
2021-07-23T10:35:03,3800.0,33.5,B
2021-07-23T10:35:02,2000.0,33.5,B
2021-07-23T10:35:02,100.0,33.5,B
2021-07-23T10:35:01,1500.0,33.5,B
2021-07-23T10:35:01,500.0,33.5,B
2021-07-23T10:34:55,1200.0,33.5,B
2021-07-23T10:34:55,2300.0,33.5,B
2021-07-23T10:34:55,1100.0,33.5,B
2021-07-23T10:34:55,800.0,33.5,B
2021-07-23T10:34:55,600.0,33.5,B
2021-07-23T10:34:55,6100.0,33.5,B
2021-07-23T10:34:55,100.0,33.5,B
2021-07-23T10:34:55,1000.0,33.5,B
2021-07-23T10:34:55,8600.0,33.5,B
2021-07-23T10:34:55,3200.0,33.5,B
2021-07-23T10:34:54,4000.0,33.45,S
2021-07-23T10:34:53,600.0,33.5,B
2021-07-23T10:34:52,200.0,33.5,B
2021-07-23T10:34:51,1300.0,33.5,B
2021-07-23T10:34:51,2000.0,33.5,B
2021-07-23T10:34:44,500.0,33.5,B
2021-07-23T10:34:43,200.0,33.5,B
2021-07-23T10:34:43,200.0,33.5,B
2021-07-23T10:34:36,1000.0,33.5,B
2021-07-23T10:34:34,3000.0,33.5,B
2021-07-23T10:34:31,500.0,33.5,B
2021-07-23T10:34:26,2200.0,33.5,B
2021-07-23T10:34:26,500.0,33.5,B
2021-07-23T10:34:23,900.0,33.5,B
2021-07-23T10:34:19,100.0,33.5,B
2021-07-23T10:34:18,500.0,33.5,B
2021-07-23T10:34:16,700.0,33.5,B
2021-07-23T10:34:16,2400.0,33.5,B
2021-07-23T10:34:16,2000.0,33.5,B
2021-07-23T10:34:15,1100.0,33.45,S
2021-07-23T10:34:11,200.0,33.45,S
2021-07-23T10:34:11,400.0,33.45,S
2021-07-23T10:34:10,10000.0,33.5,B
2021-07-23T10:34:10,1000.0,33.5,B
2021-07-23T10:34:06,5000.0,33.5,B
2021-07-23T10:34:04,5000.0,33.45,S
2021-07-23T10:34:03,800.0,33.45,S
2021-07-23T10:34:02,1000.0,33.45,S
2021-07-23T10:34:00,300.0,33.45,S
2021-07-23T10:33:58,300.0,33.45,S
2021-07-23T10:33:58,2000.0,33.5,B
2021-07-23T10:33:57,4000.0,33.5,B
2021-07-23T10:33:57,800.0,33.45,S
2021-07-23T10:33:56,200.0,33.5,B
2021-07-23T10:33:56,300.0,33.5,B
2021-07-23T10:33:52,300.0,33.45,S
2021-07-23T10:33:49,300.0,33.45,S
2021-07-23T10:33:48,1200.0,33.5,B
2021-07-23T10:33:48,200.0,33.5,B
2021-07-23T10:33:48,3600.0,33.5,B
2021-07-23T10:33:47,9600.0,33.5,B
2021-07-23T10:33:47,1100.0,33.5,B
2021-07-23T10:33:47,1000.0,33.5,B
2021-07-23T10:33:47,18300.0,33.5,B
2021-07-23T10:33:45,2000.0,33.5,B
2021-07-23T10:33:44,300.0,33.45,S
2021-07-23T10:33:44,1000.0,33.5,B
2021-07-23T10:33:40,300.0,33.45,S
2021-07-23T10:33:40,1300.0,33.45,S
2021-07-23T10:33:37,300.0,33.45,S
2021-07-23T10:33:33,300.0,33.45,S
2021-07-23T10:33:32,300.0,33.45,S
2021-07-23T10:33:30,700.0,33.45,S
2021-07-23T10:33:26,1200.0,33.45,S
2021-07-23T10:33:25,800.0,33.45,S
2021-07-23T10:33:25,500.0,33.45,B
2021-07-23T10:33:25,300.0,33.4,S
2021-07-23T10:33:25,700.0,33.45,B
2021-07-23T10:33:25,100.0,33.45,B
2021-07-23T10:33:25,2200.0,33.45,B
2021-07-23T10:33:22,1000.0,33.45,B
2021-07-23T10:33:19,1000.0,33.45,B
2021-07-23T10:33:18,200.0,33.45,B
2021-07-23T10:33:17,2300.0,33.45,B
2021-07-23T10:33:16,4500.0,33.45,B
2021-07-23T10:33:15,1100.0,33.4,S
2021-07-23T10:33:11,300.0,33.4,S
2021-07-23T10:32:59,700.0,33.45,B
2021-07-23T10:32:59,700.0,33.4,S
2021-07-23T10:32:58,200.0,33.4,S
2021-07-23T10:32:57,500.0,33.4,S
2021-07-23T10:32:54,300.0,33.4,S
2021-07-23T10:32:52,500.0,33.4,S
2021-07-23T10:32:51,300.0,33.4,S
2021-07-23T10:32:48,100.0,33.45,B
2021-07-23T10:32:48,400.0,33.45,B
2021-07-23T10:32:48,300.0,33.4,S
2021-07-23T10:32:44,1300.0,33.4,S
2021-07-23T10:32:44,300.0,33.4,S
2021-07-23T10:32:39,300.0,33.4,S
2021-07-23T10:32:37,4000.0,33.45,B
2021-07-23T10:32:37,300.0,33.4,S
2021-07-23T10:32:37,1500.0,33.4,S
2021-07-23T10:32:36,300.0,33.4,S
2021-07-23T10:32:35,300.0,33.4,S
2021-07-23T10:32:30,300.0,33.4,S
2021-07-23T10:32:29,1300.0,33.4,S
2021-07-23T10:32:26,300.0,33.4,S
2021-07-23T10:32:25,1800.0,33.45,B
2021-07-23T10:32:25,700.0,33.45,B
2021-07-23T10:32:24,6000.0,33.45,B
2021-07-23T10:32:24,8000.0,33.45,B
2021-07-23T10:32:24,1000.0,33.45,B
2021-07-23T10:32:21,100.0,33.45,B
2021-07-23T10:32:21,300.0,33.4,S
2021-07-23T10:32:19,1300.0,33.4,S
2021-07-23T10:32:16,300.0,33.4,S
2021-07-23T10:32:11,300.0,33.4,S
2021-07-23T10:32:11,1200.0,33.4,S
2021-07-23T10:32:09,400.0,33.45,B
2021-07-23T10:32:09,100.0,33.4,S
2021-07-23T10:32:08,3000.0,33.45,B
2021-07-23T10:32:08,300.0,33.4,S
2021-07-23T10:32:01,100.0,33.45,B
2021-07-23T10:31:57,3000.0,33.45,B
2021-07-23T10:31:54,700.0,33.4,S
2021-07-23T10:31:51,1000.0,33.4,S
2021-07-23T10:31:51,1000.0,33.45,B
2021-07-23T10:31:47,5000.0,33.4,S
2021-07-23T10:31:46,1300.0,33.4,S
2021-07-23T10:31:45,200.0,33.4,S
2021-07-23T10:31:41,300.0,33.4,S
2021-07-23T10:31:37,300.0,33.4,S
2021-07-23T10:31:37,1000.0,33.45,B
2021-07-23T10:31:34,300.0,33.4,S
2021-07-23T10:31:32,1000.0,33.4,S
2021-07-23T10:31:31,300.0,33.4,S
2021-07-23T10:31:31,300.0,33.4,S
2021-07-23T10:31:29,5000.0,33.4,S
2021-07-23T10:31:27,300.0,33.4,S
2021-07-23T10:31:23,1300.0,33.4,S
2021-07-23T10:31:23,1300.0,33.4,B
2021-07-23T10:31:23,1100.0,33.4,B
2021-07-23T10:31:22,700.0,33.35,S
2021-07-23T10:31:22,6700.0,33.35,S
2021-07-23T10:31:22,300.0,33.35,S
2021-07-23T10:31:18,300.0,33.35,S
2021-07-23T10:31:15,500.0,33.35,S
2021-07-23T10:31:14,300.0,33.35,S
2021-07-23T10:31:14,10000.0,33.4,B
2021-07-23T10:31:12,5000.0,33.4,B
2021-07-23T10:31:12,600.0,33.4,B
2021-07-23T10:31:10,300.0,33.35,S
2021-07-23T10:31:04,300.0,33.35,S
2021-07-23T10:31:04,200.0,33.4,B
2021-07-23T10:31:03,100.0,33.4,B
2021-07-23T10:31:03,200.0,33.4,B
2021-07-23T10:31:00,300.0,33.4,B
2021-07-23T10:30:59,300.0,33.35,S
2021-07-23T10:30:57,1000.0,33.35,B
2021-07-23T10:30:57,1000.0,33.35,B
2021-07-23T10:30:55,400.0,33.35,B
2021-07-23T10:30:55,500.0,33.35,B
2021-07-23T10:30:54,300.0,33.3,S
2021-07-23T10:30:52,300.0,33.35,B
2021-07-23T10:30:51,2000.0,33.35,B
2021-07-23T10:30:49,100.0,33.35,B
2021-07-23T10:30:48,4700.0,33.35,S
2021-07-23T10:30:47,200.0,33.4,B
2021-07-23T10:30:46,1000.0,33.4,B
2021-07-23T10:30:43,1000.0,33.4,B
2021-07-23T10:30:40,700.0,33.4,B
2021-07-23T10:30:34,300.0,33.4,B
2021-07-23T10:30:31,200.0,33.4,B
2021-07-23T10:30:26,100.0,33.4,B
2021-07-23T10:30:25,2000.0,33.4,B
2021-07-23T10:30:19,12000.0,33.4,B
2021-07-23T10:30:17,900.0,33.4,B
2021-07-23T10:30:17,2200.0,33.4,B
2021-07-23T10:30:15,1000.0,33.4,B
2021-07-23T10:30:09,2000.0,33.4,B
2021-07-23T10:30:01,2200.0,33.4,B
2021-07-23T10:29:55,100.0,33.4,B
2021-07-23T10:29:45,600.0,33.4,B
2021-07-23T10:29:45,2400.0,33.4,B
2021-07-23T10:29:44,1000.0,33.4,B
2021-07-23T10:29:42,700.0,33.4,B
2021-07-23T10:29:42,100.0,33.4,B
2021-07-23T10:29:42,200.0,33.4,B
2021-07-23T10:29:42,1800.0,33.4,B
2021-07-23T10:29:42,1000.0,33.4,B
2021-07-23T10:29:42,1500.0,33.4,B
2021-07-23T10:29:42,4500.0,33.4,B
2021-07-23T10:29:42,10200.0,33.4,B
2021-07-23T10:29:41,1000.0,33.35,S
2021-07-23T10:29:36,2200.0,33.4,B
2021-07-23T10:29:33,1000.0,33.4,B
2021-07-23T10:29:29,200.0,33.4,B
2021-07-23T10:29:23,1000.0,33.35,S
2021-07-23T10:29:11,1100.0,33.35,B
2021-07-23T10:29:11,3200.0,33.35,B
2021-07-23T10:29:10,5000.0,33.35,B
2021-07-23T10:29:04,1000.0,33.3,S
2021-07-23T10:28:27,400.0,33.3,B
2021-07-23T10:28:27,100.0,33.3,S
2021-07-23T10:28:27,100.0,33.3,S
2021-07-23T10:28:26,9900.0,33.3,S
2021-07-23T10:28:20,5000.0,33.3,S
2021-07-23T10:28:10,1500.0,33.3,S
2021-07-23T10:27:55,100.0,33.3,S
2021-07-23T10:27:54,1500.0,33.3,S
2021-07-23T10:27:44,2000.0,33.3,B
2021-07-23T10:27:44,3200.0,33.3,B
2021-07-23T10:27:44,900.0,33.3,B
2021-07-23T10:27:44,600.0,33.3,B
2021-07-23T10:27:44,2000.0,33.3,B
2021-07-23T10:27:44,1500.0,33.3,B
2021-07-23T10:27:44,400.0,33.3,B
2021-07-23T10:27:44,5400.0,33.3,B
2021-07-23T10:27:44,3000.0,33.3,B
2021-07-23T10:27:44,1400.0,33.3,B
2021-07-23T10:27:44,22700.0,33.3,B
2021-07-23T10:27:33,500.0,33.25,S
2021-07-23T10:27:30,1100.0,33.25,S
2021-07-23T10:27:16,1000.0,33.25,S
2021-07-23T10:26:59,3200.0,33.25,B
2021-07-23T10:26:59,4400.0,33.25,B
2021-07-23T10:26:56,10000.0,33.25,B
2021-07-23T10:26:52,800.0,33.2,S
2021-07-23T10:26:52,4000.0,33.2,S
2021-07-23T10:26:52,100.0,33.2,S
2021-07-23T10:26:52,5100.0,33.2,S
2021-07-23T10:26:40,100.0,33.25,B
2021-07-23T10:26:40,1000.0,33.25,B
2021-07-23T10:26:37,400.0,33.25,B
2021-07-23T10:26:35,100.0,33.25,B
2021-07-23T10:26:33,5000.0,33.25,B
2021-07-23T10:26:29,500.0,33.25,B
2021-07-23T10:26:25,800.0,33.25,B
2021-07-23T10:26:23,1000.0,33.25,B
2021-07-23T10:26:18,5000.0,33.25,B
2021-07-23T10:26:09,2500.0,33.2,S
2021-07-23T10:26:08,5000.0,33.25,B
2021-07-23T10:25:58,300.0,33.25,B
2021-07-23T10:25:55,500.0,33.25,B
2021-07-23T10:25:54,1400.0,33.25,B
2021-07-23T10:25:39,100.0,33.3,B
2021-07-23T10:25:19,3000.0,33.3,B
2021-07-23T10:25:19,1000.0,33.25,S
2021-07-23T10:25:17,1000.0,33.25,S
2021-07-23T10:25:17,2000.0,33.25,S
2021-07-23T10:25:09,11800.0,33.25,B
2021-07-23T10:25:09,1000.0,33.25,B
2021-07-23T10:25:08,5000.0,33.2,S
2021-07-23T10:25:03,1000.0,33.25,B
2021-07-23T10:24:59,200.0,33.25,B
2021-07-23T10:24:58,1000.0,33.25,B
2021-07-23T10:24:58,2000.0,33.25,B
2021-07-23T10:24:51,3000.0,33.25,B
2021-07-23T10:24:49,2200.0,33.25,B
2021-07-23T10:24:49,3700.0,33.25,B
2021-07-23T10:24:34,200.0,33.25,B
2021-07-23T10:24:34,100.0,33.2,S
2021-07-23T10:24:31,1000.0,33.2,S
2021-07-23T10:24:30,1000.0,33.25,B
2021-07-23T10:24:27,2400.0,33.25,B
2021-07-23T10:24:26,1000.0,33.25,B
2021-07-23T10:24:21,300.0,33.2,S
2021-07-23T10:24:21,20000.0,33.2,S
2021-07-23T10:24:15,1100.0,33.2,S
2021-07-23T10:24:15,200.0,33.2,S
2021-07-23T10:24:15,2700.0,33.2,S
2021-07-23T10:24:02,1800.0,33.2,S
2021-07-23T10:23:59,200.0,33.2,B
2021-07-23T10:23:56,4700.0,33.2,B
2021-07-23T10:23:56,1000.0,33.2,B
2021-07-23T10:23:55,4300.0,33.2,B
2021-07-23T10:23:54,10000.0,33.2,B
2021-07-23T10:23:50,400.0,33.2,B
2021-07-23T10:23:46,200.0,33.2,B
2021-07-23T10:23:45,300.0,33.2,B
2021-07-23T10:23:45,500.0,33.2,B
2021-07-23T10:23:44,100.0,33.2,B
2021-07-23T10:23:42,100.0,33.2,B
2021-07-23T10:23:37,10000.0,33.2,B
2021-07-23T10:23:36,1000.0,33.2,B
2021-07-23T10:23:36,1000.0,33.2,B
2021-07-23T10:23:35,500.0,33.2,B
2021-07-23T10:23:34,3000.0,33.2,B
2021-07-23T10:23:34,200.0,33.2,B
2021-07-23T10:23:33,100.0,33.2,B
2021-07-23T10:23:32,10000.0,33.2,B
2021-07-23T10:23:32,3000.0,33.15,S
2021-07-23T10:23:29,100.0,33.2,B
2021-07-23T10:23:28,200.0,33.2,B
2021-07-23T10:23:19,2000.0,33.2,B
2021-07-23T10:23:07,1600.0,33.15,B
2021-07-23T10:23:07,2900.0,33.15,B
2021-07-23T10:23:07,400.0,33.15,B
2021-07-23T10:23:07,8400.0,33.15,B
2021-07-23T10:23:07,200.0,33.15,B
2021-07-23T10:23:06,200.0,33.15,B
2021-07-23T10:23:06,100.0,33.15,B
2021-07-23T10:23:05,100.0,33.15,B
2021-07-23T10:23:02,700.0,33.15,B
2021-07-23T10:23:02,4000.0,33.15,B
2021-07-23T10:23:00,1000.0,33.15,B
2021-07-23T10:23:00,500.0,33.15,B
2021-07-23T10:22:59,100.0,33.15,B
2021-07-23T10:22:58,300.0,33.15,B
2021-07-23T10:22:58,900.0,33.15,B
2021-07-23T10:22:56,500.0,33.15,B
2021-07-23T10:22:56,3000.0,33.15,B
2021-07-23T10:22:54,100.0,33.15,B
2021-07-23T10:22:54,700.0,33.15,B
2021-07-23T10:22:53,5000.0,33.15,B
2021-07-23T10:22:53,2000.0,33.15,B
2021-07-23T10:22:52,300.0,33.15,B
2021-07-23T10:22:52,2000.0,33.15,B
2021-07-23T10:22:49,1000.0,33.15,B
2021-07-23T10:22:49,500.0,33.15,B
2021-07-23T10:22:49,700.0,33.15,B
2021-07-23T10:22:49,300.0,33.15,B
2021-07-23T10:22:47,5100.0,33.15,B
2021-07-23T10:22:45,700.0,33.15,B
2021-07-23T10:22:45,100.0,33.15,B
2021-07-23T10:22:43,100.0,33.1,S
2021-07-23T10:22:43,2500.0,33.1,S
2021-07-23T10:22:43,100.0,33.1,S
2021-07-23T10:22:43,300.0,33.1,S
2021-07-23T10:22:42,500.0,33.15,B
2021-07-23T10:22:40,400.0,33.15,B
2021-07-23T10:22:39,5000.0,33.15,B
2021-07-23T10:22:37,100.0,33.15,B
2021-07-23T10:22:37,100.0,33.15,B
2021-07-23T10:22:30,200.0,33.15,B
2021-07-23T10:22:21,100.0,33.15,B
2021-07-23T10:22:08,500.0,33.15,B
2021-07-23T10:22:04,900.0,33.1,S
2021-07-23T10:22:04,3100.0,33.1,S
2021-07-23T10:22:04,7000.0,33.1,S
2021-07-23T10:22:00,100.0,33.1,S
2021-07-23T10:22:00,100.0,33.15,B
2021-07-23T10:21:58,300.0,33.15,B
2021-07-23T10:21:57,3000.0,33.15,B
2021-07-23T10:21:54,100.0,33.15,B
2021-07-23T10:21:53,1000.0,33.1,S
2021-07-23T10:21:51,3000.0,33.15,B
2021-07-23T10:21:49,300.0,33.15,B
2021-07-23T10:21:49,1000.0,33.15,B
2021-07-23T10:21:48,1000.0,33.15,B
2021-07-23T10:21:47,3000.0,33.1,S
2021-07-23T10:21:45,2000.0,33.1,S
2021-07-23T10:21:45,500.0,33.15,B
2021-07-23T10:21:41,100.0,33.15,B
2021-07-23T10:21:41,100.0,33.15,B
2021-07-23T10:21:40,200.0,33.15,B
2021-07-23T10:21:39,1000.0,33.15,B
2021-07-23T10:21:39,3000.0,33.1,S
2021-07-23T10:21:39,2000.0,33.1,S
2021-07-23T10:21:34,500.0,33.15,B
2021-07-23T10:21:34,2000.0,33.15,B
2021-07-23T10:21:33,100.0,33.15,B
2021-07-23T10:21:33,8800.0,33.15,B
2021-07-23T10:21:33,3000.0,33.15,B
2021-07-23T10:21:32,2000.0,33.15,B
2021-07-23T10:21:30,5000.0,33.15,B
2021-07-23T10:21:27,300.0,33.15,B
2021-07-23T10:21:25,200.0,33.15,B
2021-07-23T10:21:23,500.0,33.15,B
2021-07-23T10:21:21,3900.0,33.15,B
2021-07-23T10:21:21,500.0,33.15,B
2021-07-23T10:21:17,400.0,33.15,S
2021-07-23T10:21:17,500.0,33.15,S
2021-07-23T10:21:17,5200.0,33.15,S
2021-07-23T10:21:17,1100.0,33.15,S
2021-07-23T10:21:17,400.0,33.15,S
2021-07-23T10:21:17,700.0,33.15,S
2021-07-23T10:21:17,800.0,33.15,S
2021-07-23T10:21:17,600.0,33.15,S
2021-07-23T10:21:17,300.0,33.15,S
2021-07-23T10:21:17,100.0,33.15,S
2021-07-23T10:21:17,100.0,33.15,S
2021-07-23T10:21:17,4400.0,33.15,S
2021-07-23T10:21:17,5200.0,33.15,S
2021-07-23T10:21:17,800.0,33.15,S
2021-07-23T10:21:17,1500.0,33.15,S
2021-07-23T10:21:17,400.0,33.15,S
2021-07-23T10:21:17,400.0,33.15,S
2021-07-23T10:21:17,5600.0,33.15,S
2021-07-23T10:21:17,1400.0,33.15,S
2021-07-23T10:21:17,100.0,33.15,S
2021-07-23T10:21:17,500.0,33.15,S
2021-07-23T10:21:17,500.0,33.15,S
2021-07-23T10:21:17,100.0,33.15,S
2021-07-23T10:21:17,8600.0,33.15,S
2021-07-23T10:21:17,54100.0,33.15,S
2021-07-23T10:21:17,200.0,33.15,S
2021-07-23T10:21:17,800.0,33.15,S
2021-07-23T10:21:17,14800.0,33.15,S
2021-07-23T10:21:17,300.0,33.15,S
2021-07-23T10:21:17,600.0,33.15,S
2021-07-23T10:21:17,300.0,33.15,S
2021-07-23T10:21:17,2200.0,33.15,S
2021-07-23T10:21:17,2600.0,33.15,S
2021-07-23T10:21:17,2100.0,33.15,S
2021-07-23T10:21:17,1000.0,33.15,S
2021-07-23T10:21:17,400.0,33.15,S
2021-07-23T10:21:17,1800.0,33.15,S
2021-07-23T10:21:17,700.0,33.15,S
2021-07-23T10:21:17,1600.0,33.15,S
2021-07-23T10:21:17,1600.0,33.15,S
2021-07-23T10:21:17,700.0,33.15,S
2021-07-23T10:21:17,1200.0,33.15,S
2021-07-23T10:21:17,200.0,33.15,S
2021-07-23T10:21:17,200.0,33.15,S
2021-07-23T10:21:17,1400.0,33.15,S
2021-07-23T10:21:17,9400.0,33.15,S
2021-07-23T10:21:17,3200.0,33.2,S
2021-07-23T10:21:17,2000.0,33.2,S
2021-07-23T10:21:17,200.0,33.2,S
2021-07-23T10:21:17,4600.0,33.2,S
2021-07-23T10:21:17,900.0,33.2,S
2021-07-23T10:21:17,6300.0,33.2,S
2021-07-23T10:21:17,1200.0,33.2,S
2021-07-23T10:21:17,3500.0,33.2,S
2021-07-23T10:21:17,700.0,33.2,S
2021-07-23T10:21:17,2000.0,33.2,S
2021-07-23T10:21:17,100.0,33.2,S
2021-07-23T10:21:17,1100.0,33.2,S
2021-07-23T10:21:17,200.0,33.2,S
2021-07-23T10:21:17,2900.0,33.2,S
2021-07-23T10:21:17,10200.0,33.2,S
2021-07-23T10:21:17,3000.0,33.2,S
2021-07-23T10:21:17,1100.0,33.2,S
2021-07-23T10:21:17,3600.0,33.2,S
2021-07-23T10:21:17,100.0,33.2,S
2021-07-23T10:21:17,1000.0,33.2,S
2021-07-23T10:21:17,5100.0,33.2,S
2021-07-23T10:21:17,2000.0,33.2,S
2021-07-23T10:21:17,300.0,33.2,S
2021-07-23T10:21:17,400.0,33.2,S
2021-07-23T10:21:17,100.0,33.2,S
2021-07-23T10:21:17,100.0,33.2,S
2021-07-23T10:21:17,2700.0,33.2,S
2021-07-23T10:21:17,300.0,33.2,S
2021-07-23T10:21:17,23900.0,33.2,S
2021-07-23T10:21:10,100.0,33.2,S
2021-07-23T10:21:08,1400.0,33.2,S
2021-07-23T10:21:08,1900.0,33.2,S
2021-07-23T10:21:08,3500.0,33.2,S
2021-07-23T10:21:08,2500.0,33.2,S
2021-07-23T10:21:08,4200.0,33.2,S
2021-07-23T10:21:08,1700.0,33.2,S
2021-07-23T10:21:06,300.0,33.25,B
2021-07-23T10:21:05,100.0,33.25,B
2021-07-23T10:21:02,8000.0,33.2,S
2021-07-23T10:21:01,200.0,33.25,B
2021-07-23T10:20:59,500.0,33.25,B
2021-07-23T10:20:51,500.0,33.25,B
2021-07-23T10:20:45,3000.0,33.25,B
2021-07-23T10:20:45,400.0,33.2,S
2021-07-23T10:20:45,500.0,33.2,S
2021-07-23T10:20:45,1000.0,33.2,S
2021-07-23T10:20:45,2300.0,33.2,S
2021-07-23T10:20:44,1000.0,33.25,B
2021-07-23T10:20:40,500.0,33.2,S
2021-07-23T10:20:38,9000.0,33.25,B
2021-07-23T10:20:29,100.0,33.25,B
2021-07-23T10:20:25,15000.0,33.2,S
2021-07-23T10:20:16,100.0,33.25,B
2021-07-23T10:20:16,2000.0,33.25,B
2021-07-23T10:20:15,500.0,33.2,S
2021-07-23T10:20:09,300.0,33.2,S
2021-07-23T10:20:07,100.0,33.25,B
2021-07-23T10:20:06,300.0,33.2,S
2021-07-23T10:20:04,200.0,33.2,S
2021-07-23T10:20:01,300.0,33.2,S
2021-07-23T10:19:59,300.0,33.2,S
2021-07-23T10:19:57,300.0,33.2,S
2021-07-23T10:19:55,3000.0,33.25,B
2021-07-23T10:19:53,300.0,33.25,B
2021-07-23T10:19:53,300.0,33.2,S
2021-07-23T10:19:52,100.0,33.25,B
2021-07-23T10:19:49,300.0,33.2,S
2021-07-23T10:19:44,100.0,33.25,B
2021-07-23T10:19:43,300.0,33.2,S
2021-07-23T10:19:39,10000.0,33.2,S
2021-07-23T10:19:37,1000.0,33.25,B
2021-07-23T10:19:37,300.0,33.2,S
2021-07-23T10:19:31,300.0,33.2,S
2021-07-23T10:19:26,300.0,33.2,S
2021-07-23T10:19:22,1200.0,33.2,S
2021-07-23T10:19:20,300.0,33.2,S
2021-07-23T10:19:19,300.0,33.2,S
2021-07-23T10:19:18,200.0,33.25,B
2021-07-23T10:19:16,200.0,33.25,S
2021-07-23T10:19:14,1000.0,33.25,S
2021-07-23T10:19:12,900.0,33.25,S
2021-07-23T10:19:07,1900.0,33.2,S
2021-07-23T10:19:07,400.0,33.2,S
2021-07-23T10:19:07,1100.0,33.2,S
2021-07-23T10:19:07,2400.0,33.2,S
2021-07-23T10:19:07,700.0,33.2,S
2021-07-23T10:19:07,2200.0,33.2,S
2021-07-23T10:19:07,1700.0,33.2,S
2021-07-23T10:19:07,400.0,33.2,S
2021-07-23T10:19:07,200.0,33.25,S
2021-07-23T10:19:07,300.0,33.25,S
2021-07-23T10:19:07,1600.0,33.25,S
2021-07-23T10:19:07,1700.0,33.25,S
2021-07-23T10:19:07,2000.0,33.25,S
2021-07-23T10:19:07,1200.0,33.25,S
2021-07-23T10:19:07,3600.0,33.25,S
2021-07-23T10:19:07,500.0,33.25,S
2021-07-23T10:19:07,3500.0,33.25,S
2021-07-23T10:19:07,1200.0,33.25,S
2021-07-23T10:19:07,100.0,33.25,S
2021-07-23T10:19:07,3600.0,33.25,S
2021-07-23T10:19:07,100.0,33.25,S
2021-07-23T10:19:07,7000.0,33.25,S
2021-07-23T10:19:07,12600.0,33.25,S
2021-07-23T10:19:06,16600.0,33.25,S
2021-07-23T10:19:04,1000.0,33.25,S
2021-07-23T10:19:03,500.0,33.25,S
2021-07-23T10:19:00,900.0,33.25,S
2021-07-23T10:18:54,300.0,33.25,S
2021-07-23T10:18:54,100.0,33.3,B
2021-07-23T10:18:51,1000.0,33.25,S
2021-07-23T10:18:51,300.0,33.25,S
2021-07-23T10:18:50,100.0,33.25,S
2021-07-23T10:18:49,1000.0,33.25,S
2021-07-23T10:18:48,100.0,33.25,S
2021-07-23T10:18:45,300.0,33.25,S
2021-07-23T10:18:43,300.0,33.25,S
2021-07-23T10:18:36,300.0,33.25,S
2021-07-23T10:18:32,300.0,33.25,S
2021-07-23T10:18:27,300.0,33.25,S
2021-07-23T10:18:22,300.0,33.25,S
2021-07-23T10:18:21,900.0,33.25,S
2021-07-23T10:18:17,300.0,33.25,S
2021-07-23T10:18:15,400.0,33.3,B
2021-07-23T10:18:10,300.0,33.25,S
2021-07-23T10:18:10,300.0,33.3,B
2021-07-23T10:18:08,3800.0,33.25,S
2021-07-23T10:18:08,700.0,33.25,S
2021-07-23T10:18:05,300.0,33.25,S
2021-07-23T10:18:01,1600.0,33.3,B
2021-07-23T10:18:00,100.0,33.3,B
2021-07-23T10:17:52,1100.0,33.3,S
2021-07-23T10:17:52,1500.0,33.3,S
2021-07-23T10:17:52,1100.0,33.3,S
2021-07-23T10:17:52,400.0,33.3,S
2021-07-23T10:17:52,3900.0,33.3,S
2021-07-23T10:17:52,24300.0,33.3,S
2021-07-23T10:17:50,23200.0,33.3,S
2021-07-23T10:17:50,15000.0,33.3,S
2021-07-23T10:17:47,1100.0,33.3,S
2021-07-23T10:17:47,5000.0,33.3,S
2021-07-23T10:17:45,4000.0,33.3,S
2021-07-23T10:17:40,700.0,33.3,S
2021-07-23T10:17:38,3600.0,33.3,S
2021-07-23T10:17:35,400.0,33.3,S
2021-07-23T10:17:35,800.0,33.3,S
2021-07-23T10:17:33,200.0,33.3,S
2021-07-23T10:17:29,100.0,33.3,S
2021-07-23T10:17:28,9200.0,33.35,B
2021-07-23T10:17:26,3100.0,33.3,S
2021-07-23T10:17:26,300.0,33.3,S
2021-07-23T10:17:24,700.0,33.3,S
2021-07-23T10:17:22,800.0,33.3,S
2021-07-23T10:17:22,300.0,33.3,S
2021-07-23T10:17:20,100.0,33.3,S
2021-07-23T10:17:19,300.0,33.3,S
2021-07-23T10:17:15,1200.0,33.3,S
2021-07-23T10:17:14,300.0,33.3,S
2021-07-23T10:17:12,500.0,33.3,S
2021-07-23T10:17:11,1000.0,33.3,S
2021-07-23T10:17:08,300.0,33.3,S
2021-07-23T10:17:05,15000.0,33.3,S
2021-07-23T10:17:04,1000.0,33.3,S
2021-07-23T10:17:04,300.0,33.3,S
2021-07-23T10:17:03,200.0,33.3,S
2021-07-23T10:17:00,300.0,33.3,S
2021-07-23T10:17:00,1300.0,33.3,S
2021-07-23T10:16:55,300.0,33.3,S
2021-07-23T10:16:55,300.0,33.35,B
2021-07-23T10:16:54,100.0,33.3,S
2021-07-23T10:16:51,300.0,33.3,S
2021-07-23T10:16:49,700.0,33.3,S
2021-07-23T10:16:45,300.0,33.3,S
2021-07-23T10:16:44,800.0,33.3,S
2021-07-23T10:16:41,300.0,33.3,S
2021-07-23T10:16:41,100.0,33.35,B
2021-07-23T10:16:34,300.0,33.3,S
2021-07-23T10:16:30,100.0,33.35,B
2021-07-23T10:16:19,200.0,33.35,B
2021-07-23T10:16:16,500.0,33.35,B
2021-07-23T10:16:12,300.0,33.35,B
2021-07-23T10:16:09,6000.0,33.35,B
2021-07-23T10:16:04,20000.0,33.35,B
2021-07-23T10:15:59,1000.0,33.35,B
2021-07-23T10:15:57,100.0,33.3,S
2021-07-23T10:15:44,100.0,33.35,B
2021-07-23T10:15:34,3000.0,33.35,B
2021-07-23T10:15:34,1400.0,33.3,S
2021-07-23T10:15:20,500.0,33.35,B
2021-07-23T10:15:17,600.0,33.3,S
2021-07-23T10:15:13,200.0,33.3,S
2021-07-23T10:15:12,300.0,33.3,S
2021-07-23T10:15:12,100.0,33.3,B
2021-07-23T10:15:12,7300.0,33.3,B
2021-07-23T10:15:12,300.0,33.3,B
2021-07-23T10:15:12,29900.0,33.3,B
2021-07-23T10:15:07,200.0,33.3,B
2021-07-23T10:15:07,21000.0,33.3,B
2021-07-23T10:15:04,100.0,33.3,B
2021-07-23T10:15:03,200.0,33.3,B
2021-07-23T10:14:57,500.0,33.3,B
2021-07-23T10:14:57,1000.0,33.3,B
2021-07-23T10:14:54,300.0,33.3,B
2021-07-23T10:14:43,1000.0,33.3,B
2021-07-23T10:14:40,4700.0,33.3,B
2021-07-23T10:14:40,5300.0,33.3,B
2021-07-23T10:14:39,4600.0,33.25,S
2021-07-23T10:14:38,1000.0,33.3,B
2021-07-23T10:14:36,1000.0,33.3,B
2021-07-23T10:14:31,400.0,33.25,S
2021-07-23T10:14:30,1000.0,33.3,B
2021-07-23T10:14:24,100.0,33.3,B
2021-07-23T10:14:23,4000.0,33.25,S
2021-07-23T10:14:21,1000.0,33.25,S
2021-07-23T10:14:12,1000.0,33.25,S
2021-07-23T10:14:10,5000.0,33.3,B
2021-07-23T10:13:58,100.0,33.3,B
2021-07-23T10:13:33,100.0,33.25,S
2021-07-23T10:13:30,2900.0,33.25,S
2021-07-23T10:13:26,2800.0,33.3,B
2021-07-23T10:13:19,3000.0,33.25,S
2021-07-23T10:13:19,2000.0,33.25,S
2021-07-23T10:13:14,200.0,33.3,B
2021-07-23T10:13:14,100.0,33.25,S
2021-07-23T10:13:13,100.0,33.25,S
2021-07-23T10:13:05,500.0,33.25,S
2021-07-23T10:13:04,10000.0,33.25,S
2021-07-23T10:12:49,900.0,33.25,S
2021-07-23T10:12:49,200.0,33.25,B
2021-07-23T10:12:44,5100.0,33.25,B
2021-07-23T10:12:44,100.0,33.25,B
2021-07-23T10:12:44,10800.0,33.25,B
2021-07-23T10:12:40,300.0,33.25,B
2021-07-23T10:12:40,800.0,33.2,S
2021-07-23T10:12:40,1200.0,33.2,S
2021-07-23T10:12:39,1000.0,33.25,B
2021-07-23T10:12:39,1000.0,33.25,B
2021-07-23T10:12:37,1000.0,33.25,B
2021-07-23T10:12:32,200.0,33.25,B
2021-07-23T10:12:29,400.0,33.25,B
2021-07-23T10:12:27,500.0,33.25,B
2021-07-23T10:12:26,200.0,33.25,B
2021-07-23T10:12:21,1300.0,33.25,B
2021-07-23T10:12:18,100.0,33.25,B
2021-07-23T10:12:16,2000.0,33.2,S
2021-07-23T10:12:14,100.0,33.25,B
2021-07-23T10:12:10,200.0,33.25,B
2021-07-23T10:12:10,600.0,33.25,B
2021-07-23T10:12:10,200.0,33.25,B
2021-07-23T10:12:10,200.0,33.2,S
2021-07-23T10:12:10,3000.0,33.2,S
2021-07-23T10:12:05,500.0,33.2,S
2021-07-23T10:12:04,3000.0,33.2,S
2021-07-23T10:12:00,100.0,33.2,S
2021-07-23T10:12:00,200.0,33.2,S
2021-07-23T10:11:56,100.0,33.2,S
2021-07-23T10:11:56,100.0,33.2,S
2021-07-23T10:11:46,100.0,33.2,S
2021-07-23T10:11:46,2000.0,33.2,S
2021-07-23T10:11:34,1500.0,33.2,S
2021-07-23T10:11:28,100.0,33.2,S
2021-07-23T10:11:21,200.0,33.2,S
2021-07-23T10:11:18,300.0,33.2,S
2021-07-23T10:11:15,500.0,33.2,S
2021-07-23T10:11:15,300.0,33.2,S
2021-07-23T10:11:14,100.0,33.2,S
2021-07-23T10:11:12,300.0,33.2,S
2021-07-23T10:11:10,200.0,33.25,B
2021-07-23T10:11:09,700.0,33.2,S
2021-07-23T10:11:08,100.0,33.25,B
2021-07-23T10:11:08,300.0,33.2,S
2021-07-23T10:11:07,3000.0,33.25,B
2021-07-23T10:11:06,300.0,33.2,S
2021-07-23T10:11:04,300.0,33.2,S
2021-07-23T10:11:01,300.0,33.2,S
2021-07-23T10:10:59,300.0,33.2,S
2021-07-23T10:10:58,1000.0,33.2,S
2021-07-23T10:10:53,300.0,33.2,S
2021-07-23T10:10:52,200.0,33.25,B
2021-07-23T10:10:51,200.0,33.25,B
2021-07-23T10:10:50,200.0,33.25,B
2021-07-23T10:10:49,300.0,33.2,S
2021-07-23T10:10:46,1000.0,33.2,S
2021-07-23T10:10:46,7700.0,33.2,S
2021-07-23T10:10:44,2400.0,33.25,B
2021-07-23T10:10:43,300.0,33.2,S
2021-07-23T10:10:37,3800.0,33.25,B
2021-07-23T10:10:35,300.0,33.25,S
2021-07-23T10:10:34,1100.0,33.25,S
2021-07-23T10:10:30,300.0,33.25,S
2021-07-23T10:10:27,600.0,33.25,S
2021-07-23T10:10:27,200.0,33.25,S
2021-07-23T10:10:26,300.0,33.25,S
2021-07-23T10:10:23,100.0,33.3,B
2021-07-23T10:10:19,800.0,33.25,S
2021-07-23T10:10:19,1000.0,33.25,S
2021-07-23T10:10:17,1900.0,33.25,B
2021-07-23T10:10:17,2700.0,33.2,S
2021-07-23T10:10:15,100.0,33.25,B
2021-07-23T10:10:12,3000.0,33.2,S
2021-07-23T10:10:11,200.0,33.25,B
2021-07-23T10:10:11,200.0,33.25,S
2021-07-23T10:10:08,1000.0,33.25,S
2021-07-23T10:10:07,2700.0,33.25,S
2021-07-23T10:10:05,500.0,33.25,S
2021-07-23T10:10:05,1300.0,33.25,S
2021-07-23T10:10:05,6000.0,33.25,S
2021-07-23T10:10:04,1900.0,33.25,S
2021-07-23T10:10:03,100.0,33.25,S
2021-07-23T10:10:02,900.0,33.25,S
2021-07-23T10:10:02,1000.0,33.25,S
2021-07-23T10:09:55,2700.0,33.25,S
2021-07-23T10:09:53,1300.0,33.25,S
2021-07-23T10:09:47,300.0,33.25,S
2021-07-23T10:09:47,300.0,33.25,S
2021-07-23T10:09:45,1000.0,33.25,S
2021-07-23T10:09:44,100.0,33.25,S
2021-07-23T10:09:42,700.0,33.25,S
2021-07-23T10:09:36,900.0,33.25,S
2021-07-23T10:09:36,2700.0,33.25,S
2021-07-23T10:09:34,700.0,33.25,S
2021-07-23T10:09:33,1000.0,33.25,S
2021-07-23T10:09:32,2000.0,33.3,B
2021-07-23T10:09:29,700.0,33.25,S
2021-07-23T10:09:29,900.0,33.25,S
2021-07-23T10:09:27,3200.0,33.25,S
2021-07-23T10:09:27,1000.0,33.25,S
2021-07-23T10:09:26,2000.0,33.25,S
2021-07-23T10:09:24,700.0,33.25,S
2021-07-23T10:09:23,7700.0,33.25,S
2021-07-23T10:09:21,1800.0,33.3,B
2021-07-23T10:09:21,2000.0,33.3,B
2021-07-23T10:09:21,400.0,33.3,B
2021-07-23T10:09:19,700.0,33.25,S
2021-07-23T10:09:18,1000.0,33.25,S
2021-07-23T10:09:17,500.0,33.3,B
2021-07-23T10:09:17,2700.0,33.25,S
2021-07-23T10:09:11,400.0,33.25,S
2021-07-23T10:09:11,6200.0,33.3,B
2021-07-23T10:09:07,7700.0,33.25,S
2021-07-23T10:09:07,1000.0,33.3,B
2021-07-23T10:09:05,500.0,33.3,B
2021-07-23T10:09:05,300.0,33.25,S
2021-07-23T10:09:04,1300.0,33.25,S
2021-07-23T10:09:03,300.0,33.25,S
2021-07-23T10:09:02,1000.0,33.3,B
2021-07-23T10:09:00,300.0,33.25,S
2021-07-23T10:08:57,900.0,33.25,S
2021-07-23T10:08:55,300.0,33.25,S
2021-07-23T10:08:53,100.0,33.3,S
2021-07-23T10:08:52,300.0,33.25,S
2021-07-23T10:08:52,2700.0,33.3,S
2021-07-23T10:08:50,9900.0,33.3,S
2021-07-23T10:08:50,100.0,33.3,S
2021-07-23T10:08:49,10000.0,33.3,S
2021-07-23T10:08:47,3000.0,33.3,S
2021-07-23T10:08:47,300.0,33.3,S
2021-07-23T10:08:47,900.0,33.3,S
2021-07-23T10:08:47,500.0,33.3,S
2021-07-23T10:08:47,1000.0,33.3,S
2021-07-23T10:08:47,500.0,33.3,S
2021-07-23T10:08:45,300.0,33.3,S
2021-07-23T10:08:42,2700.0,33.3,S
2021-07-23T10:08:41,300.0,33.3,S
2021-07-23T10:08:39,1100.0,33.3,S
2021-07-23T10:08:36,300.0,33.3,S
2021-07-23T10:08:36,200.0,33.3,S
2021-07-23T10:08:33,700.0,33.3,S
2021-07-23T10:08:31,300.0,33.3,S
2021-07-23T10:08:31,500.0,33.3,S
2021-07-23T10:08:28,200.0,33.3,S
2021-07-23T10:08:27,300.0,33.3,S
2021-07-23T10:08:22,100.0,33.3,S
2021-07-23T10:08:22,100.0,33.35,B
2021-07-23T10:08:22,500.0,33.3,S
2021-07-23T10:08:10,100.0,33.3,S
2021-07-23T10:08:08,5000.0,33.3,S
2021-07-23T10:08:08,10000.0,33.3,S
2021-07-23T10:08:07,28100.0,33.3,B
2021-07-23T10:08:07,1300.0,33.25,S
2021-07-23T10:08:05,1000.0,33.3,B
2021-07-23T10:08:04,500.0,33.3,B
2021-07-23T10:08:04,2000.0,33.3,B
2021-07-23T10:08:04,1000.0,33.3,B
2021-07-23T10:08:03,1000.0,33.25,S
2021-07-23T10:08:00,500.0,33.3,B
2021-07-23T10:07:58,1000.0,33.3,B
2021-07-23T10:07:56,100.0,33.3,B
2021-07-23T10:07:49,500.0,33.3,B
2021-07-23T10:07:48,1000.0,33.25,S
2021-07-23T10:07:28,5000.0,33.25,S
2021-07-23T10:07:27,400.0,33.3,B
2021-07-23T10:07:24,200.0,33.3,B
2021-07-23T10:07:24,1000.0,33.3,B
2021-07-23T10:07:23,1900.0,33.3,B
2021-07-23T10:07:15,100.0,33.3,B
2021-07-23T10:07:09,1200.0,33.3,B
2021-07-23T10:07:09,100.0,33.3,B
2021-07-23T10:07:09,700.0,33.3,B
2021-07-23T10:07:06,1000.0,33.3,B
2021-07-23T10:07:05,100.0,33.3,B
2021-07-23T10:07:04,100.0,33.3,B
2021-07-23T10:06:59,300.0,33.3,B
2021-07-23T10:06:55,100.0,33.3,B
2021-07-23T10:06:47,5000.0,33.3,B
2021-07-23T10:06:47,100.0,33.3,B
2021-07-23T10:06:46,100.0,33.3,B
2021-07-23T10:06:37,100.0,33.3,B
2021-07-23T10:06:36,1200.0,33.25,S
2021-07-23T10:06:28,3200.0,33.25,B
2021-07-23T10:06:28,6800.0,33.25,B
2021-07-23T10:06:26,2000.0,33.25,B
2021-07-23T10:06:25,200.0,33.25,B
2021-07-23T10:06:23,500.0,33.25,B
2021-07-23T10:06:20,100.0,33.25,B
2021-07-23T10:06:15,3300.0,33.25,S
2021-07-23T10:06:15,1300.0,33.25,S
2021-07-23T10:06:13,1000.0,33.25,S
2021-07-23T10:06:13,700.0,33.25,S
2021-07-23T10:06:12,600.0,33.25,S
2021-07-23T10:06:08,1500.0,33.25,S
2021-07-23T10:06:08,600.0,33.3,B
2021-07-23T10:06:08,9400.0,33.3,B
2021-07-23T10:06:05,7200.0,33.25,B
2021-07-23T10:06:05,2000.0,33.25,B
2021-07-23T10:06:02,100.0,33.25,B
2021-07-23T10:06:00,1000.0,33.25,B
2021-07-23T10:05:59,200.0,33.25,B
2021-07-23T10:05:56,200.0,33.25,B
2021-07-23T10:05:54,100.0,33.25,B
2021-07-23T10:05:53,2000.0,33.2,S
2021-07-23T10:05:47,1000.0,33.25,B
2021-07-23T10:05:46,300.0,33.2,S
2021-07-23T10:05:46,300.0,33.25,B
2021-07-23T10:05:41,1000.0,33.2,S
2021-07-23T10:05:37,300.0,33.2,S
2021-07-23T10:05:37,600.0,33.2,S
2021-07-23T10:05:35,2000.0,33.2,B
2021-07-23T10:05:35,700.0,33.2,B
2021-07-23T10:05:35,2700.0,33.2,B
2021-07-23T10:05:35,8000.0,33.2,B
2021-07-23T10:05:35,5400.0,33.2,B
2021-07-23T10:05:35,2000.0,33.2,B
2021-07-23T10:05:34,500.0,33.2,B
2021-07-23T10:05:34,200.0,33.2,B
2021-07-23T10:05:31,3000.0,33.2,B
2021-07-23T10:05:29,500.0,33.2,B
2021-07-23T10:05:28,1000.0,33.2,B
2021-07-23T10:05:26,800.0,33.2,B
2021-07-23T10:05:26,3000.0,33.15,S
2021-07-23T10:05:23,100.0,33.2,B
2021-07-23T10:05:21,200.0,33.2,B
2021-07-23T10:05:21,1000.0,33.2,B
2021-07-23T10:05:21,2800.0,33.2,B
2021-07-23T10:05:21,200.0,33.2,B
2021-07-23T10:05:20,200.0,33.15,S
2021-07-23T10:05:16,2000.0,33.15,S
2021-07-23T10:05:15,500.0,33.2,B
2021-07-23T10:05:15,1000.0,33.15,S
2021-07-23T10:05:12,1000.0,33.2,B
2021-07-23T10:05:05,1100.0,33.15,S
2021-07-23T10:05:04,100.0,33.2,B
2021-07-23T10:05:02,300.0,33.15,S
2021-07-23T10:05:00,2200.0,33.2,B
2021-07-23T10:05:00,300.0,33.15,S
2021-07-23T10:05:00,1200.0,33.15,S
2021-07-23T10:04:56,5000.0,33.2,B
2021-07-23T10:04:56,200.0,33.15,S
2021-07-23T10:04:41,600.0,33.15,S
2021-07-23T10:04:30,100.0,33.15,S
2021-07-23T10:04:26,300.0,33.2,B
2021-07-23T10:04:25,1400.0,33.2,B
2021-07-23T10:04:24,900.0,33.2,B
2021-07-23T10:04:17,18700.0,33.2,B
2021-07-23T10:04:17,1300.0,33.2,B
2021-07-23T10:04:12,1000.0,33.2,B
2021-07-23T10:04:09,1000.0,33.2,B
2021-07-23T10:04:09,900.0,33.2,B
2021-07-23T10:04:08,1000.0,33.2,S
2021-07-23T10:04:04,2700.0,33.15,S
2021-07-23T10:04:04,600.0,33.2,B
2021-07-23T10:04:03,100.0,33.2,S
2021-07-23T10:04:03,200.0,33.2,S
2021-07-23T10:04:03,1100.0,33.2,S
2021-07-23T10:04:03,500.0,33.2,S
2021-07-23T10:04:03,100.0,33.2,S
2021-07-23T10:04:03,300.0,33.2,S
2021-07-23T10:04:03,1200.0,33.2,S
2021-07-23T10:04:03,700.0,33.2,S
2021-07-23T10:04:03,7200.0,33.2,S
2021-07-23T10:04:01,100.0,33.2,S
2021-07-23T10:03:55,500.0,33.2,S
2021-07-23T10:03:52,1000.0,33.2,S
2021-07-23T10:03:46,2000.0,33.2,S
2021-07-23T10:03:45,1500.0,33.2,S
2021-07-23T10:03:45,200.0,33.2,S
2021-07-23T10:03:45,4000.0,33.25,B
2021-07-23T10:03:41,500.0,33.2,S
2021-07-23T10:03:41,100.0,33.25,B
2021-07-23T10:03:41,2000.0,33.2,S
2021-07-23T10:03:39,100.0,33.2,S
2021-07-23T10:03:33,800.0,33.2,S
2021-07-23T10:03:33,100.0,33.2,S
2021-07-23T10:03:33,100.0,33.2,S
2021-07-23T10:03:30,200.0,33.25,B
2021-07-23T10:03:30,2500.0,33.2,S
2021-07-23T10:03:30,6100.0,33.2,S
2021-07-23T10:03:30,1400.0,33.2,S
2021-07-23T10:03:26,700.0,33.2,S
2021-07-23T10:03:21,500.0,33.2,S
2021-07-23T10:03:21,400.0,33.2,S
2021-07-23T10:03:21,1200.0,33.2,S
2021-07-23T10:03:21,900.0,33.2,S
2021-07-23T10:03:21,1600.0,33.2,S
2021-07-23T10:03:21,5500.0,33.2,S
2021-07-23T10:03:21,200.0,33.2,S
2021-07-23T10:03:21,500.0,33.2,S
2021-07-23T10:03:21,600.0,33.2,S
2021-07-23T10:03:21,1700.0,33.2,S
2021-07-23T10:03:21,2200.0,33.2,S
2021-07-23T10:03:21,100.0,33.2,S
2021-07-23T10:03:21,3000.0,33.2,S
2021-07-23T10:03:21,100.0,33.2,S
2021-07-23T10:03:17,200.0,33.2,S
2021-07-23T10:03:11,300.0,33.2,S
2021-07-23T10:03:11,100.0,33.2,S
2021-07-23T10:03:11,4600.0,33.2,S
2021-07-23T10:03:09,100.0,33.2,S
2021-07-23T10:03:08,100.0,33.2,S
2021-07-23T10:03:06,1500.0,33.2,S
2021-07-23T10:02:55,3000.0,33.2,S
2021-07-23T10:02:54,300.0,33.2,S
2021-07-23T10:02:54,200.0,33.2,S
2021-07-23T10:02:53,1200.0,33.2,S
2021-07-23T10:02:52,500.0,33.2,S
2021-07-23T10:02:52,800.0,33.25,B
2021-07-23T10:02:50,1300.0,33.2,S
2021-07-23T10:02:49,2000.0,33.2,S
2021-07-23T10:02:48,4300.0,33.2,S
2021-07-23T10:02:48,700.0,33.2,S
2021-07-23T10:02:48,200.0,33.25,B
2021-07-23T10:02:43,2500.0,33.2,S
2021-07-23T10:02:43,12500.0,33.2,S
2021-07-23T10:02:42,100.0,33.2,S
2021-07-23T10:02:38,2000.0,33.2,S
2021-07-23T10:02:37,100.0,33.25,B
2021-07-23T10:02:36,6200.0,33.2,S
2021-07-23T10:02:35,20000.0,33.2,S
2021-07-23T10:02:35,1000.0,33.2,S
2021-07-23T10:02:33,7000.0,33.2,S
2021-07-23T10:02:32,2000.0,33.2,S
2021-07-23T10:02:32,200.0,33.2,S
2021-07-23T10:02:28,2000.0,33.2,S
2021-07-23T10:02:27,1000.0,33.2,S
2021-07-23T10:02:27,700.0,33.2,S
2021-07-23T10:02:25,3800.0,33.2,S
2021-07-23T10:02:25,100.0,33.2,S
2021-07-23T10:02:25,600.0,33.2,S
2021-07-23T10:02:24,5000.0,33.2,S
2021-07-23T10:02:20,700.0,33.2,S
2021-07-23T10:02:20,1100.0,33.2,S
2021-07-23T10:02:20,1000.0,33.2,S
2021-07-23T10:02:20,200.0,33.2,S
2021-07-23T10:02:20,3000.0,33.2,S
2021-07-23T10:02:19,400.0,33.2,S
2021-07-23T10:02:19,3200.0,33.2,S
2021-07-23T10:02:19,2000.0,33.2,S
2021-07-23T10:02:19,600.0,33.2,S
2021-07-23T10:02:19,800.0,33.2,S
2021-07-23T10:02:19,1200.0,33.2,S
2021-07-23T10:02:19,3800.0,33.2,S
2021-07-23T10:02:18,600.0,33.2,S
2021-07-23T10:02:18,200.0,33.2,S
2021-07-23T10:02:18,1500.0,33.2,S
2021-07-23T10:02:18,400.0,33.2,S
2021-07-23T10:02:16,1300.0,33.2,S
2021-07-23T10:02:16,300.0,33.2,S
2021-07-23T10:02:13,400.0,33.2,S
2021-07-23T10:02:13,400.0,33.2,S
2021-07-23T10:02:13,300.0,33.2,S
2021-07-23T10:02:13,3000.0,33.2,S
2021-07-23T10:02:13,300.0,33.2,S
2021-07-23T10:02:13,28200.0,33.2,S
2021-07-23T10:02:11,500.0,33.25,B
2021-07-23T10:02:11,100.0,33.2,S
2021-07-23T10:02:07,300.0,33.2,S
2021-07-23T10:02:05,500.0,33.25,S
2021-07-23T10:02:05,600.0,33.25,S
2021-07-23T10:02:05,800.0,33.25,S
2021-07-23T10:02:05,7400.0,33.25,S
2021-07-23T10:02:04,300.0,33.25,S
2021-07-23T10:02:02,1500.0,33.25,S
2021-07-23T10:02:02,1000.0,33.25,S
2021-07-23T10:02:02,2000.0,33.25,S
2021-07-23T10:02:02,3000.0,33.25,S
2021-07-23T10:02:02,800.0,33.25,S
2021-07-23T10:02:00,4300.0,33.25,S
2021-07-23T10:02:00,800.0,33.25,S
2021-07-23T10:02:00,300.0,33.25,S
2021-07-23T10:01:58,200.0,33.25,S
2021-07-23T10:01:58,1500.0,33.25,S
2021-07-23T10:01:58,900.0,33.25,S
2021-07-23T10:01:58,5000.0,33.25,S
2021-07-23T10:01:58,300.0,33.25,S
2021-07-23T10:01:58,200.0,33.25,S
2021-07-23T10:01:58,2200.0,33.25,S
2021-07-23T10:01:56,300.0,33.25,S
2021-07-23T10:01:56,2700.0,33.25,S
2021-07-23T10:01:54,700.0,33.25,S
2021-07-23T10:01:52,300.0,33.25,S
2021-07-23T10:01:50,2100.0,33.25,S
2021-07-23T10:01:48,100.0,33.3,B
2021-07-23T10:01:47,100.0,33.3,B
2021-07-23T10:01:46,300.0,33.25,S
2021-07-23T10:01:44,2700.0,33.25,S
2021-07-23T10:01:43,1300.0,33.25,S
2021-07-23T10:01:41,300.0,33.25,S
2021-07-23T10:01:39,200.0,33.3,B
2021-07-23T10:01:38,1000.0,33.25,S
2021-07-23T10:01:38,300.0,33.25,S
2021-07-23T10:01:37,700.0,33.25,S
2021-07-23T10:01:34,500.0,33.3,B
2021-07-23T10:01:33,300.0,33.25,S
2021-07-23T10:01:33,2700.0,33.25,S
2021-07-23T10:01:30,100.0,33.3,S
2021-07-23T10:01:28,300.0,33.25,S
2021-07-23T10:01:28,1000.0,33.25,S
2021-07-23T10:01:28,7700.0,33.25,S
2021-07-23T10:01:27,5000.0,33.3,S
2021-07-23T10:01:26,500.0,33.3,S
2021-07-23T10:01:22,300.0,33.3,S
2021-07-23T10:01:22,10000.0,33.3,S
2021-07-23T10:01:22,2700.0,33.3,S
2021-07-23T10:01:20,700.0,33.3,S
2021-07-23T10:01:19,2400.0,33.3,B
2021-07-23T10:01:19,4000.0,33.3,B
2021-07-23T10:01:19,400.0,33.3,B
2021-07-23T10:01:19,300.0,33.25,S
2021-07-23T10:01:18,1300.0,33.25,S
2021-07-23T10:01:17,100.0,33.3,B
2021-07-23T10:01:15,1500.0,33.3,B
2021-07-23T10:01:14,100.0,33.3,B
2021-07-23T10:01:14,1100.0,33.25,S
2021-07-23T10:01:14,2700.0,33.25,S
2021-07-23T10:01:12,1900.0,33.3,S
2021-07-23T10:01:11,4200.0,33.3,S
2021-07-23T10:01:11,800.0,33.3,S
2021-07-23T10:01:09,1100.0,33.3,S
2021-07-23T10:01:06,300.0,33.3,S
2021-07-23T10:01:03,3800.0,33.3,S
2021-07-23T10:01:03,600.0,33.3,S
2021-07-23T10:01:03,2100.0,33.3,S
2021-07-23T10:01:03,100.0,33.3,S
2021-07-23T10:01:03,5500.0,33.3,S
2021-07-23T10:01:03,4800.0,33.3,S
2021-07-23T10:01:03,7900.0,33.3,S
2021-07-23T10:01:03,300.0,33.3,S
2021-07-23T10:01:03,2100.0,33.3,S
2021-07-23T10:01:02,2700.0,33.3,S
2021-07-23T10:01:01,1000.0,33.3,S
2021-07-23T10:00:57,700.0,33.3,S
2021-07-23T10:00:56,4000.0,33.3,S
2021-07-23T10:00:53,1500.0,33.3,S
2021-07-23T10:00:52,2700.0,33.3,S
2021-07-23T10:00:47,800.0,33.3,S
2021-07-23T10:00:47,100.0,33.35,B
2021-07-23T10:00:47,3000.0,33.3,S
2021-07-23T10:00:46,400.0,33.3,S
2021-07-23T10:00:41,2700.0,33.3,S
2021-07-23T10:00:41,100.0,33.3,S
2021-07-23T10:00:41,4400.0,33.3,S
2021-07-23T10:00:41,600.0,33.3,S
2021-07-23T10:00:39,1200.0,33.3,S
2021-07-23T10:00:34,2000.0,33.3,S
2021-07-23T10:00:31,2700.0,33.3,S
2021-07-23T10:00:30,800.0,33.3,S
2021-07-23T10:00:30,300.0,33.35,B
2021-07-23T10:00:30,2000.0,33.3,S
2021-07-23T10:00:25,1000.0,33.3,S
2021-07-23T10:00:22,1000.0,33.3,S
2021-07-23T10:00:21,2700.0,33.3,S
2021-07-23T10:00:17,200.0,33.3,S
2021-07-23T10:00:15,7000.0,33.3,S
2021-07-23T10:00:14,100.0,33.3,S
2021-07-23T10:00:06,1000.0,33.3,S
2021-07-23T10:00:06,2000.0,33.3,S
2021-07-23T10:00:01,600.0,33.3,S
2021-07-23T09:59:49,600.0,33.3,S
2021-07-23T09:59:46,200.0,33.3,S
2021-07-23T09:59:44,10000.0,33.3,S
2021-07-23T09:59:40,5500.0,33.3,B
2021-07-23T09:59:39,9800.0,33.25,S
2021-07-23T09:59:36,300.0,33.3,B
2021-07-23T09:59:34,100.0,33.3,B
2021-07-23T09:59:32,500.0,33.3,B
2021-07-23T09:59:32,300.0,33.3,B
2021-07-23T09:59:30,1200.0,33.3,S
2021-07-23T09:59:30,500.0,33.3,S
2021-07-23T09:59:30,2700.0,33.3,S
2021-07-23T09:59:30,1000.0,33.3,S
2021-07-23T09:59:30,1400.0,33.3,S
2021-07-23T09:59:25,100.0,33.3,S
2021-07-23T09:59:25,200.0,33.3,S
2021-07-23T09:59:25,500.0,33.3,S
2021-07-23T09:59:25,1300.0,33.3,S
2021-07-23T09:59:25,300.0,33.3,S
2021-07-23T09:59:25,2500.0,33.3,S
2021-07-23T09:59:25,1500.0,33.3,S
2021-07-23T09:59:25,400.0,33.3,S
2021-07-23T09:59:25,3900.0,33.3,S
2021-07-23T09:59:25,20000.0,33.3,S
2021-07-23T09:59:25,1400.0,33.3,S
2021-07-23T09:59:25,3500.0,33.3,S
2021-07-23T09:59:25,1400.0,33.3,S
2021-07-23T09:59:25,100.0,33.3,S
2021-07-23T09:59:25,1100.0,33.3,S
2021-07-23T09:59:25,100.0,33.3,S
2021-07-23T09:59:25,500.0,33.3,S
2021-07-23T09:59:25,3400.0,33.3,S
2021-07-23T09:59:25,4900.0,33.3,S
2021-07-23T09:59:25,2300.0,33.3,S
2021-07-23T09:59:24,2100.0,33.3,S
2021-07-23T09:59:24,1200.0,33.3,S
2021-07-23T09:59:24,1400.0,33.3,S
2021-07-23T09:59:24,800.0,33.3,S
2021-07-23T09:59:24,1500.0,33.3,S
2021-07-23T09:59:19,7000.0,33.3,S
2021-07-23T09:59:19,2300.0,33.3,S
2021-07-23T09:59:19,700.0,33.3,S
2021-07-23T09:59:19,1800.0,33.3,S
2021-07-23T09:59:17,500.0,33.3,S
2021-07-23T09:59:16,1000.0,33.3,S
2021-07-23T09:59:14,10000.0,33.35,B
2021-07-23T09:59:10,500.0,33.3,S
2021-07-23T09:59:10,400.0,33.3,S
2021-07-23T09:59:10,800.0,33.3,S
2021-07-23T09:59:10,500.0,33.3,S
2021-07-23T09:59:10,7000.0,33.3,S
2021-07-23T09:59:00,100.0,33.35,B
2021-07-23T09:59:00,200.0,33.3,S
2021-07-23T09:58:56,100.0,33.3,S
2021-07-23T09:58:56,3600.0,33.3,S
2021-07-23T09:58:56,500.0,33.3,S
2021-07-23T09:58:56,900.0,33.3,S
2021-07-23T09:58:54,1000.0,33.3,S
2021-07-23T09:58:53,1400.0,33.3,S
2021-07-23T09:58:53,1400.0,33.3,S
2021-07-23T09:58:53,100.0,33.3,S
2021-07-23T09:58:53,500.0,33.3,S
2021-07-23T09:58:53,6600.0,33.3,S
2021-07-23T09:58:52,1100.0,33.3,S
2021-07-23T09:58:52,500.0,33.3,S
2021-07-23T09:58:52,400.0,33.3,S
2021-07-23T09:58:51,2700.0,33.3,S
2021-07-23T09:58:47,200.0,33.3,S
2021-07-23T09:58:44,100.0,33.3,S
2021-07-23T09:58:44,700.0,33.3,S
2021-07-23T09:58:44,600.0,33.3,S
2021-07-23T09:58:42,500.0,33.3,S
2021-07-23T09:58:41,500.0,33.35,B
2021-07-23T09:58:41,500.0,33.3,S
2021-07-23T09:58:39,500.0,33.3,S
2021-07-23T09:58:27,200.0,33.3,S
2021-07-23T09:58:26,200.0,33.35,B
2021-07-23T09:58:22,200.0,33.35,B
2021-07-23T09:58:19,200.0,33.35,B
2021-07-23T09:58:19,100.0,33.35,B
2021-07-23T09:58:19,100.0,33.35,B
2021-07-23T09:58:14,500.0,33.35,B
2021-07-23T09:58:13,600.0,33.35,S
2021-07-23T09:58:11,300.0,33.35,S
2021-07-23T09:58:09,2000.0,33.35,S
2021-07-23T09:58:05,1000.0,33.35,S
2021-07-23T09:58:05,300.0,33.35,S
2021-07-23T09:58:05,1700.0,33.35,S
2021-07-23T09:58:04,100.0,33.4,B
2021-07-23T09:57:58,500.0,33.35,S
2021-07-23T09:57:58,5200.0,33.35,S
2021-07-23T09:57:58,600.0,33.35,S
2021-07-23T09:57:58,8700.0,33.35,S
2021-07-23T09:57:58,1100.0,33.35,S
2021-07-23T09:57:58,3900.0,33.35,S
2021-07-23T09:57:42,1900.0,33.35,S
2021-07-23T09:57:42,1200.0,33.35,S
2021-07-23T09:57:42,4900.0,33.35,S
2021-07-23T09:57:38,100.0,33.35,S
2021-07-23T09:57:33,400.0,33.35,S
2021-07-23T09:57:26,100.0,33.35,S
2021-07-23T09:57:25,100.0,33.4,B
2021-07-23T09:57:11,200.0,33.4,B
2021-07-23T09:57:04,100.0,33.4,B
2021-07-23T09:56:59,400.0,33.35,S
2021-07-23T09:56:58,700.0,33.35,S
2021-07-23T09:56:58,300.0,33.35,S
2021-07-23T09:56:58,500.0,33.35,S
2021-07-23T09:56:52,100.0,33.4,B
2021-07-23T09:56:45,5000.0,33.35,S
2021-07-23T09:56:43,1800.0,33.35,S
2021-07-23T09:56:43,6000.0,33.35,S
2021-07-23T09:56:43,300.0,33.35,S
2021-07-23T09:56:43,600.0,33.35,S
2021-07-23T09:56:43,13400.0,33.35,S
2021-07-23T09:56:42,200.0,33.35,S
2021-07-23T09:56:42,1100.0,33.35,S
2021-07-23T09:56:42,16600.0,33.35,S
2021-07-23T09:56:36,200.0,33.35,S
2021-07-23T09:56:31,4100.0,33.35,S
2021-07-23T09:56:31,900.0,33.35,S
2021-07-23T09:56:16,10000.0,33.35,S
2021-07-23T09:56:14,500.0,33.35,S
2021-07-23T09:56:09,100.0,33.4,B
2021-07-23T09:56:06,100.0,33.4,B
2021-07-23T09:56:05,3000.0,33.35,S
2021-07-23T09:56:05,15000.0,33.4,B
2021-07-23T09:56:02,1000.0,33.35,S
2021-07-23T09:55:46,200.0,33.4,B
2021-07-23T09:55:46,500.0,33.35,S
2021-07-23T09:55:43,5000.0,33.35,S
2021-07-23T09:55:43,300.0,33.4,B
2021-07-23T09:55:38,3000.0,33.35,S
2021-07-23T09:55:29,100.0,33.35,S
2021-07-23T09:55:21,1000.0,33.35,S
2021-07-23T09:55:11,400.0,33.35,S
2021-07-23T09:55:09,2000.0,33.4,B
2021-07-23T09:55:08,500.0,33.4,B
2021-07-23T09:55:07,100.0,33.4,B
2021-07-23T09:55:00,500.0,33.35,S
2021-07-23T09:54:57,900.0,33.4,B
2021-07-23T09:54:51,1000.0,33.4,B
2021-07-23T09:54:41,500.0,33.4,B
2021-07-23T09:54:31,200.0,33.4,B
2021-07-23T09:54:26,300.0,33.4,B
2021-07-23T09:54:24,4300.0,33.4,B
2021-07-23T09:54:24,500.0,33.35,S
2021-07-23T09:54:22,1000.0,33.4,B
2021-07-23T09:54:20,100.0,33.4,B
2021-07-23T09:54:18,100.0,33.4,B
2021-07-23T09:54:14,100.0,33.4,B
2021-07-23T09:54:13,500.0,33.4,B
2021-07-23T09:54:02,1000.0,33.4,B
2021-07-23T09:53:55,100.0,33.4,S
2021-07-23T09:53:55,900.0,33.4,S
2021-07-23T09:53:55,1100.0,33.4,S
2021-07-23T09:53:53,400.0,33.4,S
2021-07-23T09:53:51,1000.0,33.4,S
2021-07-23T09:53:43,500.0,33.4,S
2021-07-23T09:53:43,1000.0,33.4,S
2021-07-23T09:53:42,1000.0,33.4,S
2021-07-23T09:53:42,900.0,33.4,S
2021-07-23T09:53:42,4100.0,33.4,S
2021-07-23T09:53:39,3600.0,33.4,S
2021-07-23T09:53:39,7300.0,33.4,S
2021-07-23T09:53:39,1600.0,33.4,S
2021-07-23T09:53:39,300.0,33.4,S
2021-07-23T09:53:39,2200.0,33.4,S
2021-07-23T09:53:39,100.0,33.4,S
2021-07-23T09:53:37,200.0,33.4,S
2021-07-23T09:53:36,700.0,33.4,S
2021-07-23T09:53:29,3000.0,33.4,S
2021-07-23T09:53:20,5000.0,33.4,S
2021-07-23T09:53:20,500.0,33.4,S
2021-07-23T09:53:19,4900.0,33.4,S
2021-07-23T09:53:18,1100.0,33.4,S
2021-07-23T09:53:15,5000.0,33.4,S
2021-07-23T09:53:15,200.0,33.4,S
2021-07-23T09:53:12,500.0,33.4,S
2021-07-23T09:53:04,300.0,33.4,S
2021-07-23T09:53:02,1000.0,33.4,S
2021-07-23T09:52:56,1000.0,33.4,S
2021-07-23T09:52:55,500.0,33.4,S
2021-07-23T09:52:54,3600.0,33.4,S
2021-07-23T09:52:48,500.0,33.4,S
2021-07-23T09:52:48,300.0,33.4,S
2021-07-23T09:52:45,3100.0,33.4,S
2021-07-23T09:52:41,3100.0,33.4,S
2021-07-23T09:52:41,1900.0,33.4,S
2021-07-23T09:52:40,500.0,33.4,S
2021-07-23T09:52:37,4800.0,33.4,S
2021-07-23T09:52:35,9100.0,33.4,S
2021-07-23T09:52:35,1100.0,33.4,S
2021-07-23T09:52:35,2700.0,33.4,S
2021-07-23T09:52:35,100.0,33.4,S
2021-07-23T09:52:35,9000.0,33.4,S
2021-07-23T09:52:35,1000.0,33.4,S
2021-07-23T09:52:32,1000.0,33.4,S
2021-07-23T09:52:32,1000.0,33.45,B
2021-07-23T09:52:30,2000.0,33.4,S
2021-07-23T09:52:29,1000.0,33.4,S
2021-07-23T09:52:29,4800.0,33.4,S
2021-07-23T09:52:26,2700.0,33.4,S
2021-07-23T09:52:25,200.0,33.45,B
2021-07-23T09:52:24,100.0,33.45,B
2021-07-23T09:52:24,12000.0,33.4,S
2021-07-23T09:52:22,1000.0,33.4,S
2021-07-23T09:52:19,2000.0,33.4,S
2021-07-23T09:52:17,5000.0,33.4,S
2021-07-23T09:52:15,2700.0,33.4,S
2021-07-23T09:52:12,1000.0,33.4,S
2021-07-23T09:52:08,300.0,33.4,S
2021-07-23T09:52:05,2000.0,33.4,S
2021-07-23T09:52:05,100.0,33.4,S
2021-07-23T09:52:05,300.0,33.4,S
2021-07-23T09:52:05,1000.0,33.4,S
2021-07-23T09:52:05,1300.0,33.4,S
2021-07-23T09:52:03,500.0,33.45,B
2021-07-23T09:52:00,300.0,33.4,S
2021-07-23T09:51:54,2700.0,33.4,S
2021-07-23T09:51:54,1000.0,33.4,S
2021-07-23T09:51:50,2400.0,33.4,S
2021-07-23T09:51:50,4100.0,33.4,S
2021-07-23T09:51:50,3500.0,33.4,S
2021-07-23T09:51:45,1000.0,33.4,S
2021-07-23T09:51:45,1300.0,33.4,S
2021-07-23T09:51:45,1400.0,33.4,S
2021-07-23T09:51:45,100.0,33.4,S
2021-07-23T09:51:34,2700.0,33.4,S
2021-07-23T09:51:31,1000.0,33.4,S
2021-07-23T09:51:31,5000.0,33.45,B
2021-07-23T09:51:25,100.0,33.45,B
2021-07-23T09:51:20,600.0,33.4,S
2021-07-23T09:51:17,300.0,33.4,S
2021-07-23T09:51:07,2000.0,33.4,S
2021-07-23T09:51:03,500.0,33.45,B
2021-07-23T09:51:02,500.0,33.4,S
2021-07-23T09:51:02,700.0,33.4,S
2021-07-23T09:50:59,500.0,33.45,B
2021-07-23T09:50:50,100.0,33.45,B
2021-07-23T09:50:45,300.0,33.45,B
2021-07-23T09:50:36,900.0,33.45,S
2021-07-23T09:50:35,4500.0,33.45,B
2021-07-23T09:50:35,11000.0,33.45,B
2021-07-23T09:50:35,5100.0,33.45,B
2021-07-23T09:50:35,400.0,33.45,B
2021-07-23T09:50:35,200.0,33.45,B
2021-07-23T09:50:35,700.0,33.45,B
2021-07-23T09:50:31,1600.0,33.4,S
2021-07-23T09:50:31,3400.0,33.4,S
2021-07-23T09:50:29,2000.0,33.45,B
2021-07-23T09:50:28,2000.0,33.45,B
2021-07-23T09:50:25,3000.0,33.4,S
2021-07-23T09:50:25,1500.0,33.4,S
2021-07-23T09:50:18,700.0,33.4,S
2021-07-23T09:50:18,10900.0,33.4,S
2021-07-23T09:50:18,1600.0,33.4,S
2021-07-23T09:50:18,3500.0,33.4,S
2021-07-23T09:50:18,100.0,33.4,S
2021-07-23T09:50:18,8200.0,33.4,S
2021-07-23T09:50:12,4000.0,33.45,B
2021-07-23T09:50:12,900.0,33.45,B
2021-07-23T09:50:09,100.0,33.45,B
2021-07-23T09:50:00,500.0,33.4,S
2021-07-23T09:49:58,200.0,33.4,S
2021-07-23T09:49:58,800.0,33.4,S
2021-07-23T09:49:51,1000.0,33.4,S
2021-07-23T09:49:47,6000.0,33.4,S
2021-07-23T09:49:47,3600.0,33.4,S
2021-07-23T09:49:47,600.0,33.4,S
2021-07-23T09:49:47,400.0,33.4,S
2021-07-23T09:49:47,9400.0,33.4,S
2021-07-23T09:49:45,1000.0,33.45,B
2021-07-23T09:49:44,1000.0,33.45,B
2021-07-23T09:49:44,12000.0,33.45,B
2021-07-23T09:49:39,500.0,33.4,S
2021-07-23T09:49:35,4400.0,33.45,B
2021-07-23T09:49:33,800.0,33.4,S
2021-07-23T09:49:26,600.0,33.4,S
2021-07-23T09:49:25,300.0,33.4,S
2021-07-23T09:49:25,200.0,33.4,S
2021-07-23T09:49:24,700.0,33.4,S
2021-07-23T09:49:23,1000.0,33.4,S
2021-07-23T09:49:20,700.0,33.4,S
2021-07-23T09:49:17,700.0,33.4,S
2021-07-23T09:49:15,100.0,33.45,B
2021-07-23T09:49:15,200.0,33.45,B
2021-07-23T09:49:15,1100.0,33.4,S
2021-07-23T09:49:15,200.0,33.4,S
2021-07-23T09:49:10,700.0,33.4,S
2021-07-23T09:49:10,300.0,33.45,B
2021-07-23T09:49:10,2700.0,33.4,S
2021-07-23T09:49:10,300.0,33.4,S
2021-07-23T09:49:06,800.0,33.4,S
2021-07-23T09:49:06,700.0,33.4,S
2021-07-23T09:49:03,500.0,33.4,S
2021-07-23T09:49:00,300.0,33.4,S
2021-07-23T09:49:00,2700.0,33.4,S
2021-07-23T09:48:59,800.0,33.4,S
2021-07-23T09:48:56,300.0,33.4,S
2021-07-23T09:48:53,100.0,33.45,B
2021-07-23T09:48:46,500.0,33.45,B
2021-07-23T09:48:46,100.0,33.4,S
2021-07-23T09:48:46,100.0,33.45,B
2021-07-23T09:48:46,300.0,33.45,B
2021-07-23T09:48:41,2700.0,33.4,S
2021-07-23T09:48:40,200.0,33.45,B
2021-07-23T09:48:40,2000.0,33.45,B
2021-07-23T09:48:40,3000.0,33.45,B
2021-07-23T09:48:40,100.0,33.45,B
2021-07-23T09:48:39,2000.0,33.45,B
2021-07-23T09:48:36,500.0,33.45,B
2021-07-23T09:48:32,3000.0,33.45,B
2021-07-23T09:48:29,500.0,33.45,B
2021-07-23T09:48:28,400.0,33.45,B
2021-07-23T09:48:18,500.0,33.45,B
2021-07-23T09:48:11,10000.0,33.45,B
2021-07-23T09:48:11,300.0,33.45,B
2021-07-23T09:48:05,12300.0,33.45,B
2021-07-23T09:48:00,500.0,33.45,B
2021-07-23T09:47:58,1000.0,33.45,B
2021-07-23T09:47:56,10000.0,33.45,B
2021-07-23T09:47:45,1000.0,33.45,B
2021-07-23T09:47:44,400.0,33.45,B
2021-07-23T09:47:44,600.0,33.45,B
2021-07-23T09:47:35,500.0,33.45,B
2021-07-23T09:47:35,500.0,33.4,S
2021-07-23T09:47:30,200.0,33.45,B
2021-07-23T09:47:28,1000.0,33.45,B
2021-07-23T09:47:28,400.0,33.45,B
2021-07-23T09:47:24,1000.0,33.45,B
2021-07-23T09:47:22,200.0,33.45,B
2021-07-23T09:47:16,100.0,33.45,B
2021-07-23T09:47:15,900.0,33.45,S
2021-07-23T09:47:14,100.0,33.5,B
2021-07-23T09:47:13,500.0,33.5,B
2021-07-23T09:47:07,100.0,33.5,B
2021-07-23T09:47:00,7300.0,33.45,S
2021-07-23T09:46:59,1000.0,33.45,B
2021-07-23T09:46:59,1700.0,33.45,B
2021-07-23T09:46:59,5000.0,33.4,S
2021-07-23T09:46:58,400.0,33.45,B
2021-07-23T09:46:58,100.0,33.45,B
2021-07-23T09:46:57,3000.0,33.4,S
2021-07-23T09:46:57,1300.0,33.45,B
2021-07-23T09:46:51,500.0,33.4,S
2021-07-23T09:46:50,1000.0,33.45,B
2021-07-23T09:46:46,10600.0,33.45,S
2021-07-23T09:46:44,100.0,33.45,S
2021-07-23T09:46:42,500.0,33.45,S
2021-07-23T09:46:40,1100.0,33.45,S
2021-07-23T09:46:40,1900.0,33.45,S
2021-07-23T09:46:38,300.0,33.45,S
2021-07-23T09:46:37,1500.0,33.45,S
2021-07-23T09:46:33,600.0,33.45,S
2021-07-23T09:46:30,500.0,33.45,S
2021-07-23T09:46:29,400.0,33.45,S
2021-07-23T09:46:29,12000.0,33.45,S
2021-07-23T09:46:25,5000.0,33.45,S
2021-07-23T09:46:24,1000.0,33.45,S
2021-07-23T09:46:24,2100.0,33.45,S
2021-07-23T09:46:23,400.0,33.45,S
2021-07-23T09:46:22,2000.0,33.45,S
2021-07-23T09:46:12,100.0,33.45,S
2021-07-23T09:46:07,1000.0,33.45,S
2021-07-23T09:46:05,1000.0,33.45,S
2021-07-23T09:46:04,200.0,33.45,S
2021-07-23T09:46:03,300.0,33.45,S
2021-07-23T09:45:53,3700.0,33.45,S
2021-07-23T09:45:50,7300.0,33.45,S
2021-07-23T09:45:42,5000.0,33.5,B
2021-07-23T09:45:40,100.0,33.5,B
2021-07-23T09:45:38,100.0,33.45,S
2021-07-23T09:45:37,100.0,33.45,S
2021-07-23T09:45:37,100.0,33.5,B
2021-07-23T09:45:36,100.0,33.45,S
2021-07-23T09:45:35,3800.0,33.5,B
2021-07-23T09:45:32,1500.0,33.5,B
2021-07-23T09:45:24,300.0,33.45,S
2021-07-23T09:45:22,100.0,33.45,S
2021-07-23T09:45:19,2000.0,33.45,S
2021-07-23T09:45:12,600.0,33.45,S
2021-07-23T09:45:11,400.0,33.45,S
2021-07-23T09:45:11,10000.0,33.45,S
2021-07-23T09:45:09,100.0,33.45,S
2021-07-23T09:45:06,500.0,33.45,S
2021-07-23T09:45:05,1000.0,33.5,B
2021-07-23T09:45:03,1500.0,33.45,S
2021-07-23T09:45:00,1000.0,33.45,S
2021-07-23T09:44:58,2000.0,33.45,S
2021-07-23T09:44:56,1000.0,33.45,S
2021-07-23T09:44:51,1000.0,33.45,S
2021-07-23T09:44:51,300.0,33.45,S
2021-07-23T09:44:45,100.0,33.45,S
2021-07-23T09:44:36,18000.0,33.45,B
2021-07-23T09:44:31,22000.0,33.45,S
2021-07-23T09:44:29,2500.0,33.45,S
2021-07-23T09:44:24,5000.0,33.45,S
2021-07-23T09:44:12,100.0,33.5,B
2021-07-23T09:44:10,500.0,33.5,B
2021-07-23T09:44:08,3700.0,33.45,S
2021-07-23T09:44:08,1000.0,33.45,S
2021-07-23T09:44:07,300.0,33.45,S
2021-07-23T09:44:04,500.0,33.5,B
2021-07-23T09:44:02,100.0,33.5,B
2021-07-23T09:44:01,200.0,33.5,B
2021-07-23T09:44:00,400.0,33.5,B
2021-07-23T09:43:48,500.0,33.5,B
2021-07-23T09:43:41,5000.0,33.45,S
2021-07-23T09:43:36,200.0,33.5,B
