tradingTime,volume,price,side
2021-07-23T11:28:37,100.0,15.85,B
2021-07-23T11:25:43,100.0,15.85,S
2021-07-23T11:25:43,11000.0,15.85,S
2021-07-23T11:25:43,1100.0,15.85,S
2021-07-23T11:16:39,500.0,15.85,B
2021-07-23T11:15:16,400.0,15.85,B
2021-07-23T11:15:14,400.0,15.85,B
2021-07-23T11:14:56,500.0,15.85,B
2021-07-23T11:13:07,18900.0,15.8,S
2021-07-23T11:12:56,2000.0,15.8,B
2021-07-23T11:12:32,200.0,15.8,B
2021-07-23T11:12:05,100.0,15.8,B
2021-07-23T11:11:58,100.0,15.8,B
2021-07-23T11:10:58,2000.0,15.8,B
2021-07-23T11:10:53,100.0,15.8,B
2021-07-23T11:09:59,100.0,15.8,B
2021-07-23T11:09:05,13700.0,15.8,B
2021-07-23T11:08:59,100.0,15.8,B
2021-07-23T11:08:31,200.0,15.8,S
2021-07-23T11:08:31,5000.0,15.8,S
2021-07-23T11:08:31,6200.0,15.8,S
2021-07-23T11:08:31,8400.0,15.8,S
2021-07-23T11:08:31,15200.0,15.8,S
2021-07-23T11:08:31,6200.0,15.8,S
2021-07-23T11:08:31,2500.0,15.8,S
2021-07-23T11:08:31,9000.0,15.8,S
2021-07-23T11:08:29,1000.0,15.85,B
2021-07-23T11:07:37,100.0,15.85,B
2021-07-23T11:07:02,600.0,15.85,S
2021-07-23T11:07:02,41100.0,15.85,S
2021-07-23T11:07:02,11400.0,15.85,S
2021-07-23T11:07:02,100.0,15.9,S
2021-07-23T11:07:02,1100.0,15.9,S
2021-07-23T11:07:02,300.0,15.9,S
2021-07-23T11:07:02,11300.0,15.9,S
2021-07-23T11:07:02,10500.0,15.9,S
2021-07-23T11:07:02,5000.0,15.9,S
2021-07-23T11:07:02,5200.0,15.9,S
2021-07-23T11:07:02,500.0,15.9,S
2021-07-23T11:06:57,6100.0,15.95,S
2021-07-23T11:06:57,8000.0,15.95,S
2021-07-23T11:06:57,600.0,15.95,S
2021-07-23T11:06:34,100.0,15.95,S
2021-07-23T11:06:12,200.0,16.0,B
2021-07-23T10:59:14,100.0,16.0,B
2021-07-23T10:58:26,100.0,16.0,B
2021-07-23T10:58:10,100.0,16.0,B
2021-07-23T10:57:57,100.0,16.0,B
2021-07-23T10:57:30,100.0,16.0,B
2021-07-23T10:53:46,200.0,16.0,B
2021-07-23T10:48:47,1000.0,16.0,B
2021-07-23T10:46:46,4500.0,16.0,S
2021-07-23T10:38:58,4300.0,16.0,B
2021-07-23T10:36:41,1500.0,16.0,B
2021-07-23T10:34:37,100.0,16.0,B
2021-07-23T10:33:56,200.0,16.0,B
2021-07-23T10:33:56,100.0,16.0,B
2021-07-23T10:32:28,500.0,15.95,B
2021-07-23T10:31:45,300.0,15.95,B
2021-07-23T10:31:30,900.0,15.95,B
2021-07-23T10:30:10,3000.0,15.95,B
2021-07-23T10:29:50,300.0,15.95,S
2021-07-23T10:28:01,100.0,16.0,B
2021-07-23T10:27:40,100.0,16.0,B
2021-07-23T10:25:36,100.0,16.0,B
2021-07-23T10:23:42,10000.0,16.0,B
2021-07-23T10:23:42,500.0,15.95,B
2021-07-23T10:23:29,100.0,15.95,B
2021-07-23T10:23:19,100.0,15.95,B
2021-07-23T10:21:06,100.0,15.95,B
2021-07-23T10:19:39,100.0,15.95,B
2021-07-23T10:16:30,1000.0,15.95,B
2021-07-23T10:14:55,1100.0,15.9,S
2021-07-23T10:03:32,9500.0,15.9,S
2021-07-23T10:03:32,13500.0,15.9,S
2021-07-23T10:03:32,500.0,15.9,S
2021-07-23T10:02:20,1500.0,15.95,S
2021-07-23T09:58:20,100.0,15.95,B
2021-07-23T09:58:20,3400.0,15.95,B
2021-07-23T09:55:21,1000.0,15.95,B
2021-07-23T09:54:35,2000.0,15.95,B
2021-07-23T09:54:32,1900.0,15.85,S
2021-07-23T09:52:33,9300.0,15.8,S
2021-07-23T09:52:33,19700.0,15.85,S
2021-07-23T09:52:29,300.0,15.85,S
2021-07-23T09:52:29,2000.0,15.85,S
2021-07-23T09:52:29,26700.0,15.9,S
2021-07-23T09:52:18,2000.0,15.95,S
2021-07-23T09:52:18,9100.0,15.95,S
2021-07-23T09:52:18,200.0,15.95,S
2021-07-23T09:52:18,17700.0,15.95,S
2021-07-23T09:51:45,3000.0,16.1,B
2021-07-23T09:48:57,100.0,16.1,B
2021-07-23T09:47:47,200.0,16.0,S
2021-07-23T09:47:47,400.0,16.0,S
2021-07-23T09:47:47,1600.0,16.0,S
2021-07-23T09:46:19,2000.0,16.0,S
2021-07-23T09:43:31,1300.0,16.0,S
2021-07-23T09:43:31,16900.0,16.0,S
2021-07-23T09:42:56,1500.0,16.05,S
2021-07-23T09:41:04,5000.0,16.05,S
2021-07-23T09:40:45,100.0,16.1,S
2021-07-23T09:40:45,900.0,16.1,S
2021-07-23T09:39:30,100.0,16.1,B
2021-07-23T09:38:54,4900.0,16.1,S
2021-07-23T09:34:06,100.0,16.1,S
2021-07-23T09:34:04,1000.0,16.1,S
2021-07-23T09:33:09,400.0,16.1,S
2021-07-23T09:32:59,100.0,16.1,S
2021-07-23T09:32:22,1000.0,16.15,B
2021-07-23T09:31:02,100.0,16.15,B
2021-07-23T09:29:54,200.0,16.1,B
2021-07-23T09:29:19,500.0,16.05,S
2021-07-23T09:28:42,100.0,16.05,B
2021-07-23T09:28:38,4000.0,16.0,S
2021-07-23T09:27:52,300.0,16.05,B
2021-07-23T09:27:38,5000.0,16.0,B
2021-07-23T09:27:29,100.0,16.0,B
2021-07-23T09:27:27,4700.0,16.0,S
2021-07-23T09:26:15,700.0,16.0,S
2021-07-23T09:25:03,4000.0,16.0,S
2021-07-23T09:23:59,100.0,16.0,B
2021-07-23T09:23:47,900.0,16.0,S
2021-07-23T09:23:11,4000.0,16.0,S
2021-07-23T09:22:57,3000.0,16.0,S
2021-07-23T09:22:40,1400.0,16.05,B
2021-07-23T09:22:36,300.0,16.05,S
2021-07-23T09:21:49,2000.0,16.05,S
2021-07-23T09:20:48,300.0,16.05,B
2021-07-23T09:20:38,600.0,16.05,B
2021-07-23T09:20:35,1000.0,16.05,B
2021-07-23T09:20:28,200.0,16.05,B
2021-07-23T09:20:21,100.0,16.0,S
2021-07-23T09:20:19,300.0,16.05,B
2021-07-23T09:20:07,3000.0,16.0,S
2021-07-23T09:19:20,1000.0,16.0,S
2021-07-23T09:19:17,1500.0,16.0,B
2021-07-23T09:19:15,200.0,16.0,S
2021-07-23T09:19:09,100.0,16.05,S
2021-07-23T09:19:06,500.0,16.05,S
2021-07-23T09:18:25,200.0,16.1,S
