tradingTime,volume,price,side
2021-07-23T11:28:43,5000.0,8.65,S
2021-07-23T11:27:24,1000.0,8.65,S
2021-07-23T11:26:21,1000.0,8.65,S
2021-07-23T11:26:11,500.0,8.65,S
2021-07-23T11:26:06,2000.0,8.65,S
2021-07-23T11:25:43,1000.0,8.65,S
2021-07-23T11:25:41,1000.0,8.65,S
2021-07-23T11:25:22,100.0,8.65,S
2021-07-23T11:25:08,1000.0,8.65,S
2021-07-23T11:24:42,500.0,8.65,S
2021-07-23T11:24:41,3000.0,8.65,S
2021-07-23T11:24:15,500.0,8.65,S
2021-07-23T11:24:11,1000.0,8.65,S
2021-07-23T11:24:08,500.0,8.65,S
2021-07-23T11:24:06,4000.0,8.65,S
2021-07-23T11:23:56,1000.0,8.65,S
2021-07-23T11:23:49,1000.0,8.65,S
2021-07-23T11:23:35,300.0,8.65,S
2021-07-23T11:23:15,800.0,8.65,S
2021-07-23T11:22:38,9900.0,8.65,S
2021-07-23T11:17:15,2000.0,8.65,S
2021-07-23T11:16:57,7000.0,8.65,S
2021-07-23T11:14:58,5000.0,8.65,S
2021-07-23T11:13:33,100.0,8.65,S
2021-07-23T11:08:52,4000.0,8.65,S
2021-07-23T11:08:43,30000.0,8.65,S
2021-07-23T11:06:20,900.0,8.66,S
2021-07-23T11:05:06,1000.0,8.66,S
2021-07-23T11:04:16,200.0,8.66,S
2021-07-23T11:03:22,4600.0,8.66,S
2021-07-23T11:02:15,300.0,8.66,S
2021-07-23T11:01:10,200.0,8.66,S
2021-07-23T10:56:08,100.0,8.66,S
2021-07-23T10:54:46,500.0,8.66,S
2021-07-23T10:50:30,200.0,8.66,S
2021-07-23T10:47:18,100.0,8.66,S
2021-07-23T10:47:12,500.0,8.66,S
2021-07-23T10:44:56,1000.0,8.66,S
2021-07-23T10:44:29,100.0,8.66,S
2021-07-23T10:41:56,5000.0,8.66,S
2021-07-23T10:41:33,10000.0,8.66,S
2021-07-23T10:39:45,100.0,8.68,B
2021-07-23T10:36:15,1000.0,8.66,S
2021-07-23T10:35:39,5100.0,8.66,S
2021-07-23T10:34:13,300.0,8.66,S
2021-07-23T10:29:20,100.0,8.68,S
2021-07-23T10:28:25,9000.0,8.68,S
2021-07-23T10:27:57,300.0,8.68,S
2021-07-23T10:27:30,2000.0,8.68,S
2021-07-23T10:27:29,13300.0,8.68,S
2021-07-23T10:26:21,2000.0,8.68,S
2021-07-23T10:25:58,100.0,8.7,B
2021-07-23T10:25:31,800.0,8.7,S
2021-07-23T10:25:16,200.0,8.71,B
2021-07-23T10:25:08,1000.0,8.7,S
2021-07-23T10:24:49,500.0,8.7,S
2021-07-23T10:22:06,1000.0,8.7,S
2021-07-23T10:21:51,1000.0,8.7,S
2021-07-23T10:21:45,1000.0,8.7,S
2021-07-23T10:21:41,5000.0,8.7,S
2021-07-23T10:21:36,10000.0,8.7,S
2021-07-23T10:20:53,100.0,8.7,S
2021-07-23T10:20:25,100.0,8.7,S
2021-07-23T10:19:52,1800.0,8.7,B
2021-07-23T10:19:26,200.0,8.7,B
2021-07-23T10:19:22,2900.0,8.7,B
2021-07-23T10:19:20,100.0,8.7,S
2021-07-23T10:19:11,1000.0,8.7,S
2021-07-23T10:18:50,9000.0,8.7,S
2021-07-23T10:18:42,5000.0,8.7,S
2021-07-23T10:18:24,2300.0,8.71,S
2021-07-23T10:17:50,2000.0,8.71,S
2021-07-23T10:16:41,1200.0,8.71,S
2021-07-23T10:12:59,1000.0,8.72,S
2021-07-23T10:12:29,2000.0,8.7,S
2021-07-23T10:11:49,2600.0,8.7,S
2021-07-23T10:11:31,200.0,8.71,B
2021-07-23T10:11:20,1000.0,8.71,B
2021-07-23T10:11:04,100.0,8.7,B
2021-07-23T10:10:48,400.0,8.7,B
2021-07-23T10:10:11,1000.0,8.71,B
2021-07-23T10:09:43,3500.0,8.7,B
2021-07-23T10:09:19,100.0,8.7,B
2021-07-23T10:09:04,22400.0,8.7,S
2021-07-23T10:08:57,1200.0,8.7,S
2021-07-23T10:08:50,500.0,8.7,S
2021-07-23T10:08:34,100.0,8.71,B
2021-07-23T10:08:28,10000.0,8.7,S
2021-07-23T10:07:23,400.0,8.7,S
2021-07-23T10:07:11,3000.0,8.7,S
2021-07-23T10:06:49,5000.0,8.7,S
2021-07-23T10:05:40,2300.0,8.73,B
2021-07-23T10:05:31,200.0,8.73,S
2021-07-23T10:05:12,500.0,8.73,S
2021-07-23T10:04:53,300.0,8.73,S
2021-07-23T10:03:58,6800.0,8.73,S
2021-07-23T10:03:42,3200.0,8.73,S
2021-07-23T10:03:42,6700.0,8.73,S
2021-07-23T10:02:10,6000.0,8.73,S
2021-07-23T10:01:59,200.0,8.73,S
2021-07-23T10:01:27,20000.0,8.73,S
2021-07-23T10:01:10,5000.0,8.75,S
2021-07-23T10:00:43,15000.0,8.8,B
2021-07-23T10:00:28,15100.0,8.75,B
2021-07-23T10:00:22,10000.0,8.75,B
2021-07-23T10:00:12,5000.0,8.75,B
2021-07-23T10:00:07,600.0,8.73,S
2021-07-23T09:59:40,3700.0,8.73,B
2021-07-23T09:59:14,200.0,8.7,S
2021-07-23T09:59:14,9600.0,8.73,B
2021-07-23T09:59:14,10400.0,8.72,B
2021-07-23T09:58:45,14800.0,8.7,S
2021-07-23T09:58:36,100.0,8.7,B
2021-07-23T09:58:04,100.0,8.68,S
2021-07-23T09:57:56,3100.0,8.7,S
2021-07-23T09:57:30,6900.0,8.7,B
2021-07-23T09:57:23,15000.0,8.7,B
2021-07-23T09:57:17,6000.0,8.7,B
2021-07-23T09:57:05,9400.0,8.7,B
2021-07-23T09:57:05,600.0,8.7,B
2021-07-23T09:56:45,2100.0,8.68,B
2021-07-23T09:56:16,3900.0,8.68,S
2021-07-23T09:55:25,300.0,8.68,S
2021-07-23T09:55:25,15800.0,8.68,B
2021-07-23T09:54:51,100.0,8.68,B
2021-07-23T09:54:35,700.0,8.65,S
2021-07-23T09:54:35,200.0,8.66,S
2021-07-23T09:54:35,100.0,8.66,S
2021-07-23T09:53:49,2500.0,8.65,S
2021-07-23T09:53:33,5000.0,8.66,S
2021-07-23T09:52:53,2000.0,8.66,S
2021-07-23T09:52:53,4000.0,8.68,B
2021-07-23T09:52:14,2000.0,8.68,B
2021-07-23T09:51:44,400.0,8.68,B
2021-07-23T09:51:31,100.0,8.68,B
2021-07-23T09:51:31,3000.0,8.66,S
2021-07-23T09:51:13,100.0,8.68,B
2021-07-23T09:50:40,5000.0,8.66,S
2021-07-23T09:50:25,1400.0,8.67,B
2021-07-23T09:50:07,5000.0,8.67,B
2021-07-23T09:50:02,300.0,8.67,B
2021-07-23T09:49:59,100.0,8.67,B
2021-07-23T09:49:51,5000.0,8.67,B
2021-07-23T09:49:20,500.0,8.67,B
2021-07-23T09:49:14,10200.0,8.65,B
2021-07-23T09:49:12,2000.0,8.65,B
2021-07-23T09:49:05,1000.0,8.65,B
2021-07-23T09:49:00,5000.0,8.65,B
2021-07-23T09:48:48,100.0,8.65,B
2021-07-23T09:48:25,2700.0,8.65,S
2021-07-23T09:48:24,500.0,8.65,S
2021-07-23T09:48:16,2000.0,8.67,B
2021-07-23T09:48:14,6800.0,8.65,B
2021-07-23T09:48:09,1000.0,8.65,B
2021-07-23T09:48:05,5000.0,8.65,B
2021-07-23T09:48:05,2900.0,8.65,B
2021-07-23T09:48:00,1000.0,8.65,B
2021-07-23T09:47:47,5000.0,8.65,B
2021-07-23T09:47:33,17500.0,8.63,B
2021-07-23T09:47:08,5000.0,8.6,S
2021-07-23T09:46:51,7500.0,8.6,S
2021-07-23T09:46:49,200.0,8.61,S
2021-07-23T09:46:33,1000.0,8.6,S
2021-07-23T09:46:30,900.0,8.6,S
2021-07-23T09:46:21,10000.0,8.6,S
2021-07-23T09:46:07,7000.0,8.6,S
2021-07-23T09:45:14,3100.0,8.6,B
2021-07-23T09:45:14,5300.0,8.6,B
2021-07-23T09:45:09,100.0,8.6,B
2021-07-23T09:45:05,200.0,8.58,S
2021-07-23T09:45:05,500.0,8.58,B
2021-07-23T09:44:30,50000.0,8.6,B
2021-07-23T09:43:35,2000.0,8.57,B
2021-07-23T09:43:27,6000.0,8.55,B
2021-07-23T09:43:10,4000.0,8.55,S
2021-07-23T09:42:49,500.0,8.55,S
2021-07-23T09:42:12,2600.0,8.55,S
2021-07-23T09:42:09,300.0,8.55,S
2021-07-23T09:41:40,10000.0,8.55,S
2021-07-23T09:40:46,8300.0,8.55,B
2021-07-23T09:40:46,1300.0,8.55,B
2021-07-23T09:40:40,200.0,8.55,B
2021-07-23T09:40:25,4400.0,8.55,S
2021-07-23T09:40:18,1800.0,8.55,S
2021-07-23T09:40:07,800.0,8.55,S
2021-07-23T09:40:00,2000.0,8.55,S
2021-07-23T09:39:28,12800.0,8.55,B
2021-07-23T09:38:55,3000.0,8.55,B
2021-07-23T09:38:46,500.0,8.52,S
2021-07-23T09:38:34,5000.0,8.52,S
2021-07-23T09:38:10,1000.0,8.55,B
2021-07-23T09:38:01,5900.0,8.52,B
2021-07-23T09:37:41,5000.0,8.52,B
2021-07-23T09:37:27,2000.0,8.5,S
2021-07-23T09:37:10,100.0,8.52,B
2021-07-23T09:36:33,100.0,8.5,B
2021-07-23T09:36:33,1900.0,8.5,B
2021-07-23T09:36:27,500.0,8.5,B
2021-07-23T09:36:09,3600.0,8.5,S
2021-07-23T09:35:49,200.0,8.5,B
2021-07-23T09:35:49,2000.0,8.5,B
2021-07-23T09:35:34,1000.0,8.5,B
2021-07-23T09:35:04,200.0,8.48,S
2021-07-23T09:34:39,3000.0,8.5,S
2021-07-23T09:34:26,7000.0,8.5,B
2021-07-23T09:34:00,3000.0,8.5,S
2021-07-23T09:33:53,200.0,8.5,S
2021-07-23T09:33:51,5000.0,8.5,S
2021-07-23T09:33:42,4000.0,8.5,S
2021-07-23T09:33:36,7000.0,8.5,S
2021-07-23T09:33:28,300.0,8.52,B
2021-07-23T09:33:26,6000.0,8.5,S
2021-07-23T09:33:06,15900.0,8.5,B
2021-07-23T09:32:52,10000.0,8.5,B
2021-07-23T09:32:37,1000.0,8.48,B
2021-07-23T09:32:34,3000.0,8.45,S
2021-07-23T09:32:26,1000.0,8.48,B
2021-07-23T09:31:55,1500.0,8.48,S
2021-07-23T09:31:22,13700.0,8.48,B
2021-07-23T09:31:10,8000.0,8.45,S
2021-07-23T09:30:57,3000.0,8.45,S
2021-07-23T09:30:37,1000.0,8.45,S
2021-07-23T09:29:48,4400.0,8.45,B
2021-07-23T09:29:32,200.0,8.45,B
2021-07-23T09:29:15,1400.0,8.45,S
2021-07-23T09:29:00,5000.0,8.45,S
2021-07-23T09:28:39,2800.0,8.45,S
2021-07-23T09:27:54,3000.0,8.45,B
2021-07-23T09:27:50,1700.0,8.45,S
2021-07-23T09:27:15,3300.0,8.45,B
2021-07-23T09:26:56,9600.0,8.45,B
2021-07-23T09:26:45,10000.0,8.45,B
2021-07-23T09:25:46,8600.0,8.4,S
2021-07-23T09:25:12,100.0,8.37,B
2021-07-23T09:25:06,1000.0,8.37,B
2021-07-23T09:24:59,300.0,8.37,B
2021-07-23T09:24:45,300.0,8.37,B
2021-07-23T09:24:27,100.0,8.37,B
2021-07-23T09:24:11,200.0,8.37,B
2021-07-23T09:21:57,1000.0,8.36,S
2021-07-23T09:21:53,100.0,8.36,S
2021-07-23T09:21:23,2000.0,8.36,S
2021-07-23T09:21:16,1400.0,8.36,S
2021-07-23T09:21:16,300.0,8.36,S
2021-07-23T09:21:09,2500.0,8.36,S
2021-07-23T09:20:44,100.0,8.36,S
2021-07-23T09:20:09,3200.0,8.36,S
2021-07-23T09:19:15,3600.0,8.38,B
2021-07-23T09:19:10,1000.0,8.38,S
2021-07-23T09:19:00,5000.0,8.38,S
2021-07-23T09:18:57,500.0,8.38,S
2021-07-23T09:18:43,3000.0,8.38,S
2021-07-23T09:18:35,900.0,8.4,B
2021-07-23T09:18:32,20000.0,8.4,S
2021-07-23T09:18:25,200.0,8.4,S
2021-07-23T09:18:14,1700.0,8.4,S
2021-07-23T09:17:53,14300.0,8.42,S
2021-07-23T09:17:51,900.0,8.42,S
2021-07-23T09:17:42,5800.0,8.43,S
2021-07-23T09:17:41,300.0,8.43,S
2021-07-23T09:17:38,4000.0,8.43,S
2021-07-23T09:17:13,1000.0,8.43,S
2021-07-23T09:17:04,1000.0,8.43,S
2021-07-23T09:16:52,200.0,8.43,S
2021-07-23T09:16:43,2000.0,8.43,S
2021-07-23T09:16:18,3000.0,8.43,S
