tradingTime,volume,price,side
2021-07-23T11:29:42,2000.0,32.7,B
2021-07-23T11:29:32,6100.0,32.7,B
2021-07-23T11:29:14,100.0,32.6,B
2021-07-23T11:29:12,1000.0,32.6,B
2021-07-23T11:29:12,2000.0,32.6,B
2021-07-23T11:29:12,2000.0,32.6,B
2021-07-23T11:29:07,200.0,32.6,B
2021-07-23T11:28:57,400.0,32.6,B
2021-07-23T11:28:57,600.0,32.6,B
2021-07-23T11:28:57,50000.0,32.6,B
2021-07-23T11:28:55,1000.0,32.6,B
2021-07-23T11:28:48,200.0,32.6,B
2021-07-23T11:28:44,200.0,32.6,B
2021-07-23T11:28:43,300.0,32.55,S
2021-07-23T11:28:42,2000.0,32.55,S
2021-07-23T11:28:28,900.0,32.55,S
2021-07-23T11:28:20,1000.0,32.55,S
2021-07-23T11:28:14,1000.0,32.55,S
2021-07-23T11:28:04,1000.0,32.55,S
2021-07-23T11:27:58,2600.0,32.55,B
2021-07-23T11:27:57,100.0,32.55,B
2021-07-23T11:27:55,100.0,32.55,B
2021-07-23T11:27:55,1000.0,32.5,S
2021-07-23T11:27:47,100.0,32.55,B
2021-07-23T11:27:40,100.0,32.55,S
2021-07-23T11:27:40,600.0,32.55,B
2021-07-23T11:27:38,1000.0,32.5,S
2021-07-23T11:27:38,100.0,32.55,B
2021-07-23T11:27:31,1000.0,32.5,S
2021-07-23T11:27:24,1000.0,32.5,S
2021-07-23T11:27:12,9000.0,32.5,S
2021-07-23T11:27:12,1000.0,32.5,S
2021-07-23T11:27:10,4700.0,32.55,B
2021-07-23T11:27:04,1000.0,32.5,S
2021-07-23T11:27:00,1000.0,32.55,B
2021-07-23T11:27:00,1000.0,32.55,B
2021-07-23T11:26:58,100.0,32.55,B
2021-07-23T11:26:56,200.0,32.55,B
2021-07-23T11:26:55,500.0,32.5,S
2021-07-23T11:26:52,2000.0,32.55,B
2021-07-23T11:26:50,1000.0,32.55,B
2021-07-23T11:26:42,500.0,32.55,B
2021-07-23T11:26:31,4100.0,32.55,B
2021-07-23T11:26:30,1300.0,32.5,S
2021-07-23T11:26:30,700.0,32.5,S
2021-07-23T11:26:30,2000.0,32.5,S
2021-07-23T11:26:30,500.0,32.5,S
2021-07-23T11:26:24,1000.0,32.5,S
2021-07-23T11:26:15,300.0,32.5,S
2021-07-23T11:26:13,1000.0,32.5,S
2021-07-23T11:26:12,3000.0,32.55,B
2021-07-23T11:26:10,200.0,32.5,S
2021-07-23T11:26:10,2800.0,32.5,S
2021-07-23T11:26:09,1000.0,32.5,S
2021-07-23T11:26:04,1000.0,32.55,B
2021-07-23T11:25:54,500.0,32.55,B
2021-07-23T11:25:49,400.0,32.55,B
2021-07-23T11:25:49,800.0,32.55,B
2021-07-23T11:25:49,100.0,32.5,S
2021-07-23T11:25:47,3000.0,32.55,B
2021-07-23T11:25:46,5000.0,32.5,S
2021-07-23T11:25:37,5900.0,32.55,B
2021-07-23T11:25:37,5000.0,32.5,S
2021-07-23T11:25:27,200.0,32.5,S
2021-07-23T11:25:23,1000.0,32.5,S
2021-07-23T11:25:16,15300.0,32.55,S
2021-07-23T11:25:15,1000.0,32.55,S
2021-07-23T11:25:08,2000.0,32.6,B
2021-07-23T11:24:58,18700.0,32.5,B
2021-07-23T11:24:57,1000.0,32.5,B
2021-07-23T11:24:55,2000.0,32.5,B
2021-07-23T11:24:55,100.0,32.5,B
2021-07-23T11:24:53,100.0,32.5,B
2021-07-23T11:24:51,800.0,32.5,S
2021-07-23T11:24:47,19500.0,32.5,B
2021-07-23T11:24:43,300.0,32.5,B
2021-07-23T11:24:42,200.0,32.5,B
2021-07-23T11:24:39,100.0,32.5,B
2021-07-23T11:24:38,1200.0,32.5,S
2021-07-23T11:24:38,1200.0,32.5,S
2021-07-23T11:24:38,1300.0,32.5,S
2021-07-23T11:24:38,6200.0,32.5,S
2021-07-23T11:24:38,500.0,32.5,S
2021-07-23T11:24:38,5100.0,32.5,S
2021-07-23T11:24:38,300.0,32.5,S
2021-07-23T11:24:38,100.0,32.5,S
2021-07-23T11:24:38,14000.0,32.5,S
2021-07-23T11:24:24,44900.0,32.5,S
2021-07-23T11:24:24,55100.0,32.5,S
2021-07-23T11:24:17,2300.0,32.55,S
2021-07-23T11:24:17,3700.0,32.55,S
2021-07-23T11:24:10,5000.0,32.55,S
2021-07-23T11:24:08,1000.0,32.55,S
2021-07-23T11:24:08,1200.0,32.6,B
2021-07-23T11:24:06,2000.0,32.6,B
2021-07-23T11:24:06,2000.0,32.6,B
2021-07-23T11:23:47,3700.0,32.6,S
2021-07-23T11:23:40,1000.0,32.6,S
2021-07-23T11:23:37,100.0,32.65,B
2021-07-23T11:23:33,5000.0,32.6,S
2021-07-23T11:23:18,300.0,32.6,S
2021-07-23T11:23:11,1000.0,32.6,S
2021-07-23T11:23:04,1100.0,32.6,B
2021-07-23T11:23:02,200.0,32.6,B
2021-07-23T11:22:55,200.0,32.6,B
2021-07-23T11:22:53,100.0,32.6,B
2021-07-23T11:22:51,400.0,32.6,B
2021-07-23T11:22:50,2000.0,32.6,B
2021-07-23T11:22:50,500.0,32.6,B
2021-07-23T11:22:48,600.0,32.6,B
2021-07-23T11:22:47,2000.0,32.6,B
2021-07-23T11:22:41,200.0,32.6,B
2021-07-23T11:22:31,200.0,32.6,B
2021-07-23T11:22:31,1000.0,32.55,S
2021-07-23T11:22:06,6000.0,32.55,B
2021-07-23T11:22:06,9100.0,32.55,B
2021-07-23T11:22:01,100.0,32.55,B
2021-07-23T11:21:44,15100.0,32.5,S
2021-07-23T11:21:44,800.0,32.55,B
2021-07-23T11:21:36,1000.0,32.5,S
2021-07-23T11:21:35,1500.0,32.5,S
2021-07-23T11:21:33,600.0,32.5,S
2021-07-23T11:21:22,1000.0,32.45,S
2021-07-23T11:21:18,2800.0,32.5,B
2021-07-23T11:21:16,200.0,32.5,S
2021-07-23T11:21:16,21000.0,32.5,S
2021-07-23T11:21:16,16700.0,32.5,S
2021-07-23T11:21:16,8600.0,32.5,S
2021-07-23T11:21:16,1000.0,32.5,S
2021-07-23T11:21:16,9400.0,32.5,S
2021-07-23T11:21:16,34100.0,32.5,S
2021-07-23T11:21:16,1400.0,32.5,S
2021-07-23T11:21:16,2400.0,32.5,S
2021-07-23T11:21:16,1200.0,32.5,S
2021-07-23T11:21:16,3200.0,32.5,S
2021-07-23T11:21:16,25200.0,32.5,S
2021-07-23T11:21:16,2500.0,32.5,S
2021-07-23T11:21:16,2500.0,32.5,S
2021-07-23T11:21:16,300.0,32.5,S
2021-07-23T11:21:16,700.0,32.5,S
2021-07-23T11:21:16,700.0,32.5,S
2021-07-23T11:21:16,6100.0,32.5,S
2021-07-23T11:21:02,800.0,32.55,B
2021-07-23T11:21:01,1300.0,32.55,B
2021-07-23T11:21:01,6600.0,32.5,S
2021-07-23T11:21:01,1100.0,32.5,S
2021-07-23T11:21:01,400.0,32.5,S
2021-07-23T11:21:01,2400.0,32.5,S
2021-07-23T11:21:01,9500.0,32.5,S
2021-07-23T11:21:00,800.0,32.55,S
2021-07-23T11:20:50,10000.0,32.55,S
2021-07-23T11:20:48,500.0,32.6,B
2021-07-23T11:20:47,500.0,32.55,S
2021-07-23T11:20:43,9300.0,32.5,S
2021-07-23T11:20:43,1000.0,32.5,S
2021-07-23T11:20:43,2500.0,32.5,S
2021-07-23T11:20:43,1500.0,32.5,S
2021-07-23T11:20:43,100.0,32.5,S
2021-07-23T11:20:43,6500.0,32.5,S
2021-07-23T11:20:43,3500.0,32.5,S
2021-07-23T11:20:43,26400.0,32.5,S
2021-07-23T11:20:43,1400.0,32.5,S
2021-07-23T11:20:43,700.0,32.5,S
2021-07-23T11:20:43,600.0,32.5,S
2021-07-23T11:20:43,5200.0,32.5,S
2021-07-23T11:20:43,2200.0,32.5,S
2021-07-23T11:20:43,600.0,32.5,S
2021-07-23T11:20:43,5600.0,32.5,S
2021-07-23T11:20:43,20000.0,32.5,S
2021-07-23T11:20:43,100.0,32.5,S
2021-07-23T11:20:43,3700.0,32.5,S
2021-07-23T11:20:43,600.0,32.5,S
2021-07-23T11:20:43,1600.0,32.5,S
2021-07-23T11:20:43,1200.0,32.55,S
2021-07-23T11:20:43,5700.0,32.55,S
2021-07-23T11:20:35,4500.0,32.55,S
2021-07-23T11:20:35,100.0,32.55,S
2021-07-23T11:20:35,4400.0,32.55,S
2021-07-23T11:20:32,100.0,32.6,B
2021-07-23T11:20:30,4000.0,32.55,S
2021-07-23T11:20:28,1300.0,32.55,S
2021-07-23T11:20:21,1000.0,32.55,S
2021-07-23T11:20:10,200.0,32.55,S
2021-07-23T11:20:09,1300.0,32.6,S
2021-07-23T11:20:09,3100.0,32.6,S
2021-07-23T11:20:09,1000.0,32.6,S
2021-07-23T11:20:09,500.0,32.6,S
2021-07-23T11:20:09,300.0,32.6,S
2021-07-23T11:20:09,500.0,32.6,S
2021-07-23T11:20:09,600.0,32.6,S
2021-07-23T11:20:09,38900.0,32.6,S
2021-07-23T11:20:09,100.0,32.6,S
2021-07-23T11:20:09,2400.0,32.6,S
2021-07-23T11:20:09,1100.0,32.6,S
2021-07-23T11:20:09,1000.0,32.6,S
2021-07-23T11:20:09,1300.0,32.6,S
2021-07-23T11:20:09,300.0,32.6,S
2021-07-23T11:20:09,6000.0,32.6,S
2021-07-23T11:20:09,100.0,32.6,S
2021-07-23T11:20:09,2500.0,32.6,S
2021-07-23T11:20:09,200.0,32.6,S
2021-07-23T11:20:09,4000.0,32.6,S
2021-07-23T11:20:09,100.0,32.6,S
2021-07-23T11:20:09,5000.0,32.6,S
2021-07-23T11:20:09,10000.0,32.6,S
2021-07-23T11:20:09,200.0,32.6,S
2021-07-23T11:20:09,100.0,32.6,S
2021-07-23T11:20:09,1000.0,32.6,S
2021-07-23T11:20:09,200.0,32.6,S
2021-07-23T11:20:09,1200.0,32.6,S
2021-07-23T11:20:09,100.0,32.6,S
2021-07-23T11:20:09,3000.0,32.6,S
2021-07-23T11:20:09,1000.0,32.6,S
2021-07-23T11:20:09,300.0,32.6,S
2021-07-23T11:20:09,5500.0,32.6,S
2021-07-23T11:19:53,400.0,32.65,S
2021-07-23T11:19:53,600.0,32.65,S
2021-07-23T11:19:53,700.0,32.65,S
2021-07-23T11:19:53,500.0,32.65,S
2021-07-23T11:19:53,12200.0,32.65,S
2021-07-23T11:19:51,800.0,32.65,S
2021-07-23T11:19:51,200.0,32.65,S
2021-07-23T11:19:38,500.0,32.65,S
2021-07-23T11:19:26,500.0,32.65,S
2021-07-23T11:19:19,1300.0,32.65,S
2021-07-23T11:19:11,200.0,32.65,S
2021-07-23T11:19:11,100.0,32.65,S
2021-07-23T11:19:11,200.0,32.7,S
2021-07-23T11:18:57,500.0,32.65,S
2021-07-23T11:18:46,1100.0,32.65,S
2021-07-23T11:18:43,500.0,32.65,S
2021-07-23T11:18:39,1300.0,32.65,S
2021-07-23T11:18:39,9700.0,32.65,S
2021-07-23T11:18:39,1700.0,32.65,S
2021-07-23T11:18:39,1000.0,32.65,S
2021-07-23T11:18:39,13200.0,32.65,S
2021-07-23T11:18:39,1500.0,32.65,S
2021-07-23T11:18:39,5100.0,32.65,S
2021-07-23T11:18:39,6500.0,32.7,S
2021-07-23T11:18:33,500.0,32.7,B
2021-07-23T11:18:29,100.0,32.7,S
2021-07-23T11:18:26,15000.0,32.7,B
2021-07-23T11:18:13,100.0,32.7,B
2021-07-23T11:18:10,100.0,32.7,B
2021-07-23T11:18:06,100.0,32.7,B
2021-07-23T11:18:01,6300.0,32.7,S
2021-07-23T11:18:01,100.0,32.75,B
2021-07-23T11:18:00,600.0,32.7,S
2021-07-23T11:18:00,1000.0,32.7,S
2021-07-23T11:17:56,2100.0,32.7,S
2021-07-23T11:17:56,100.0,32.7,S
2021-07-23T11:17:56,1200.0,32.7,S
2021-07-23T11:17:56,500.0,32.7,S
2021-07-23T11:17:56,10100.0,32.7,S
2021-07-23T11:17:56,3400.0,32.7,S
2021-07-23T11:17:56,18700.0,32.7,S
2021-07-23T11:17:56,2200.0,32.7,S
2021-07-23T11:17:56,600.0,32.7,S
2021-07-23T11:17:56,11100.0,32.7,S
2021-07-23T11:17:46,400.0,32.7,S
2021-07-23T11:17:42,8500.0,32.7,S
2021-07-23T11:17:42,13100.0,32.7,S
2021-07-23T11:17:42,12700.0,32.7,S
2021-07-23T11:17:42,8000.0,32.75,S
2021-07-23T11:17:42,2000.0,32.75,S
2021-07-23T11:17:42,1300.0,32.75,S
2021-07-23T11:17:42,2700.0,32.75,S
2021-07-23T11:17:42,200.0,32.75,S
2021-07-23T11:17:42,1500.0,32.75,S
2021-07-23T11:17:42,500.0,32.75,S
2021-07-23T11:17:40,1000.0,32.75,S
2021-07-23T11:17:16,3500.0,32.8,S
2021-07-23T11:17:13,800.0,32.8,S
2021-07-23T11:17:04,500.0,32.8,S
2021-07-23T11:16:51,20000.0,32.8,S
2021-07-23T11:16:50,2000.0,32.85,S
2021-07-23T11:16:50,500.0,32.85,S
2021-07-23T11:16:35,500.0,32.85,S
2021-07-23T11:16:34,2000.0,32.85,S
2021-07-23T11:16:30,1800.0,32.9,B
2021-07-23T11:16:27,2000.0,32.85,S
2021-07-23T11:16:25,200.0,32.85,S
2021-07-23T11:16:21,500.0,32.85,S
2021-07-23T11:16:08,200.0,32.85,S
2021-07-23T11:16:06,500.0,32.85,S
2021-07-23T11:16:04,1000.0,32.85,S
2021-07-23T11:15:59,2000.0,32.85,S
2021-07-23T11:15:53,500.0,32.85,S
2021-07-23T11:15:39,500.0,32.85,S
2021-07-23T11:15:24,500.0,32.85,S
2021-07-23T11:15:10,500.0,32.85,S
2021-07-23T11:15:05,1000.0,32.85,B
2021-07-23T11:15:05,600.0,32.85,B
2021-07-23T11:15:02,1900.0,32.85,B
2021-07-23T11:15:02,100.0,32.85,B
2021-07-23T11:15:01,300.0,32.8,S
2021-07-23T11:14:47,400.0,32.85,B
2021-07-23T11:14:47,100.0,32.85,B
2021-07-23T11:14:46,1000.0,32.85,B
2021-07-23T11:14:40,1000.0,32.85,B
2021-07-23T11:14:33,100.0,32.85,B
2021-07-23T11:14:26,1000.0,32.85,B
2021-07-23T11:14:14,400.0,32.8,S
2021-07-23T11:14:00,500.0,32.8,B
2021-07-23T11:14:00,1200.0,32.8,B
2021-07-23T11:14:00,6600.0,32.8,B
2021-07-23T11:14:00,700.0,32.8,B
2021-07-23T11:14:00,54800.0,32.8,B
2021-07-23T11:13:37,5000.0,32.8,B
2021-07-23T11:13:33,200.0,32.8,B
2021-07-23T11:13:31,500.0,32.75,S
2021-07-23T11:13:25,2500.0,32.75,S
2021-07-23T11:13:24,300.0,32.8,B
2021-07-23T11:13:17,500.0,32.75,S
2021-07-23T11:13:08,500.0,32.75,S
2021-07-23T11:13:04,500.0,32.75,S
2021-07-23T11:12:58,3000.0,32.75,S
2021-07-23T11:12:57,400.0,32.8,B
2021-07-23T11:12:48,500.0,32.75,S
2021-07-23T11:12:34,500.0,32.7,S
2021-07-23T11:12:31,900.0,32.7,S
2021-07-23T11:12:27,500.0,32.8,B
2021-07-23T11:12:20,500.0,32.7,S
2021-07-23T11:12:06,500.0,32.7,S
2021-07-23T11:12:01,4400.0,32.7,B
2021-07-23T11:12:00,2500.0,32.7,B
2021-07-23T11:12:00,500.0,32.7,B
2021-07-23T11:12:00,200.0,32.7,B
2021-07-23T11:11:56,500.0,32.7,B
2021-07-23T11:11:55,4700.0,32.7,S
2021-07-23T11:11:55,17200.0,32.7,S
2021-07-23T11:11:52,500.0,32.7,S
2021-07-23T11:11:44,500.0,32.7,S
2021-07-23T11:11:39,500.0,32.7,S
2021-07-23T11:11:35,1000.0,32.7,S
2021-07-23T11:11:30,600.0,32.7,B
2021-07-23T11:11:30,100.0,32.7,B
2021-07-23T11:11:29,1300.0,32.7,B
2021-07-23T11:11:29,4700.0,32.7,B
2021-07-23T11:11:28,100.0,32.7,B
2021-07-23T11:11:26,2000.0,32.7,B
2021-07-23T11:11:24,5000.0,32.7,B
2021-07-23T11:11:22,5000.0,32.7,B
2021-07-23T11:11:17,5000.0,32.7,B
2021-07-23T11:11:12,5000.0,32.7,B
2021-07-23T11:11:11,100.0,32.7,B
2021-07-23T11:11:10,100.0,32.7,B
2021-07-23T11:11:07,500.0,32.7,B
2021-07-23T11:11:02,3000.0,32.7,B
2021-07-23T11:11:02,200.0,32.7,B
2021-07-23T11:10:58,1000.0,32.7,B
2021-07-23T11:10:50,2000.0,32.7,B
2021-07-23T11:10:45,100.0,32.7,B
2021-07-23T11:10:40,500.0,32.65,S
2021-07-23T11:10:36,300.0,32.65,S
2021-07-23T11:10:36,500.0,32.65,S
2021-07-23T11:10:36,1800.0,32.65,S
2021-07-23T11:10:36,1500.0,32.65,S
2021-07-23T11:10:30,100.0,32.7,B
2021-07-23T11:10:30,1000.0,32.7,B
2021-07-23T11:10:29,2000.0,32.7,B
2021-07-23T11:10:27,200.0,32.7,B
2021-07-23T11:10:22,900.0,32.7,B
2021-07-23T11:10:17,300.0,32.7,B
2021-07-23T11:10:17,14000.0,32.7,S
2021-07-23T11:10:17,400.0,32.7,S
2021-07-23T11:10:15,4700.0,32.7,S
2021-07-23T11:10:14,500.0,32.7,S
2021-07-23T11:10:13,10000.0,32.7,S
2021-07-23T11:10:11,2000.0,32.7,S
2021-07-23T11:10:00,2000.0,32.7,S
2021-07-23T11:10:00,10000.0,32.7,S
2021-07-23T11:09:59,500.0,32.7,S
2021-07-23T11:09:56,4000.0,32.7,B
2021-07-23T11:09:56,2700.0,32.7,B
2021-07-23T11:09:55,5000.0,32.7,B
2021-07-23T11:09:49,100.0,32.7,B
2021-07-23T11:09:46,300.0,32.7,B
2021-07-23T11:09:27,500.0,32.7,B
2021-07-23T11:09:21,5000.0,32.7,B
2021-07-23T11:09:14,2300.0,32.7,S
2021-07-23T11:09:14,100.0,32.7,S
2021-07-23T11:09:14,3600.0,32.7,S
2021-07-23T11:09:14,11000.0,32.7,S
2021-07-23T11:09:14,1300.0,32.7,S
2021-07-23T11:09:14,1300.0,32.7,S
2021-07-23T11:09:14,3700.0,32.7,S
2021-07-23T11:09:14,100.0,32.7,S
2021-07-23T11:09:14,3000.0,32.7,S
2021-07-23T11:09:14,1100.0,32.7,S
2021-07-23T11:09:14,600.0,32.7,S
2021-07-23T11:09:14,300.0,32.7,S
2021-07-23T11:09:14,1200.0,32.7,S
2021-07-23T11:09:14,4000.0,32.7,S
2021-07-23T11:09:14,1000.0,32.7,S
2021-07-23T11:09:14,2300.0,32.7,S
2021-07-23T11:09:02,500.0,32.7,S
2021-07-23T11:08:50,4900.0,32.7,S
2021-07-23T11:08:42,500.0,32.8,B
2021-07-23T11:08:39,100.0,32.75,S
2021-07-23T11:08:34,600.0,32.75,S
2021-07-23T11:08:19,500.0,32.75,S
2021-07-23T11:08:13,300.0,32.75,S
2021-07-23T11:08:13,1700.0,32.75,S
2021-07-23T11:07:53,700.0,32.75,B
2021-07-23T11:07:51,500.0,32.7,S
2021-07-23T11:07:49,500.0,32.7,S
2021-07-23T11:07:45,200.0,32.75,B
2021-07-23T11:07:33,100.0,32.75,B
2021-07-23T11:07:23,600.0,32.7,S
2021-07-23T11:07:14,1000.0,32.7,S
2021-07-23T11:07:11,200.0,32.75,S
2021-07-23T11:07:09,100.0,32.75,B
2021-07-23T11:07:09,500.0,32.7,S
2021-07-23T11:07:01,12200.0,32.7,S
2021-07-23T11:07:01,11400.0,32.7,S
2021-07-23T11:07:01,200.0,32.7,S
2021-07-23T11:07:01,4700.0,32.7,S
2021-07-23T11:06:54,600.0,32.7,S
2021-07-23T11:06:42,2500.0,32.7,S
2021-07-23T11:06:32,300.0,32.8,B
2021-07-23T11:06:08,8000.0,32.8,B
2021-07-23T11:06:06,200.0,32.7,B
2021-07-23T11:06:06,1000.0,32.7,B
2021-07-23T11:06:05,1000.0,32.7,B
2021-07-23T11:06:02,500.0,32.7,S
2021-07-23T11:06:02,2200.0,32.7,S
2021-07-23T11:05:58,500.0,32.7,S
2021-07-23T11:05:52,3400.0,32.7,S
2021-07-23T11:05:44,600.0,32.7,S
2021-07-23T11:05:36,1100.0,32.7,B
2021-07-23T11:05:36,1100.0,32.7,B
2021-07-23T11:05:36,100.0,32.7,B
2021-07-23T11:05:29,2000.0,32.7,B
2021-07-23T11:05:27,300.0,32.7,B
2021-07-23T11:05:24,200.0,32.7,B
2021-07-23T11:05:24,1500.0,32.7,B
2021-07-23T11:05:19,200.0,32.7,S
2021-07-23T11:05:19,2600.0,32.7,S
2021-07-23T11:05:19,1700.0,32.7,S
2021-07-23T11:05:18,2900.0,32.7,S
2021-07-23T11:05:18,100.0,32.7,S
2021-07-23T11:05:18,3300.0,32.7,S
2021-07-23T11:05:18,1800.0,32.7,S
2021-07-23T11:05:18,500.0,32.7,S
2021-07-23T11:05:18,3900.0,32.7,S
2021-07-23T11:05:14,700.0,32.7,S
2021-07-23T11:05:01,700.0,32.7,S
2021-07-23T11:04:56,1000.0,32.7,S
2021-07-23T11:04:49,3000.0,32.75,S
2021-07-23T11:04:41,200.0,32.8,B
2021-07-23T11:04:26,600.0,32.8,B
2021-07-23T11:04:07,5000.0,32.8,B
2021-07-23T11:04:06,400.0,32.7,S
2021-07-23T11:04:06,1000.0,32.7,S
2021-07-23T11:04:06,1100.0,32.7,S
2021-07-23T11:04:06,1200.0,32.7,S
2021-07-23T11:04:06,1100.0,32.7,S
2021-07-23T11:04:06,1300.0,32.7,S
2021-07-23T11:04:06,1100.0,32.7,S
2021-07-23T11:04:06,200.0,32.7,S
2021-07-23T11:04:06,500.0,32.7,S
2021-07-23T11:04:06,1500.0,32.7,S
2021-07-23T11:04:06,3000.0,32.7,S
2021-07-23T11:04:06,2000.0,32.7,S
2021-07-23T11:04:06,600.0,32.7,S
2021-07-23T11:04:06,5300.0,32.7,S
2021-07-23T11:04:06,1100.0,32.7,S
2021-07-23T11:04:06,1000.0,32.7,S
2021-07-23T11:04:06,500.0,32.7,S
2021-07-23T11:04:06,100.0,32.7,S
2021-07-23T11:04:06,4000.0,32.7,S
2021-07-23T11:04:06,100.0,32.7,S
2021-07-23T11:04:06,900.0,32.7,S
2021-07-23T11:04:06,1300.0,32.7,S
2021-07-23T11:04:06,1900.0,32.7,S
2021-07-23T11:04:06,5700.0,32.7,S
2021-07-23T11:04:06,2000.0,32.7,S
2021-07-23T11:04:06,1300.0,32.7,S
2021-07-23T11:04:06,6900.0,32.7,S
2021-07-23T11:04:06,1100.0,32.7,S
2021-07-23T11:04:06,2000.0,32.7,S
2021-07-23T11:04:06,5300.0,32.7,S
2021-07-23T11:04:06,1300.0,32.7,S
2021-07-23T11:04:06,1000.0,32.7,S
2021-07-23T11:04:06,300.0,32.7,S
2021-07-23T11:04:06,4400.0,32.7,S
2021-07-23T11:04:06,1000.0,32.7,S
2021-07-23T11:04:06,9300.0,32.7,S
2021-07-23T11:04:06,100.0,32.75,S
2021-07-23T11:04:06,27100.0,32.75,S
2021-07-23T11:04:04,800.0,32.75,S
2021-07-23T11:04:03,600.0,32.75,S
2021-07-23T11:04:01,100.0,32.8,B
2021-07-23T11:03:58,200.0,32.75,S
2021-07-23T11:03:58,9800.0,32.75,S
2021-07-23T11:03:50,700.0,32.75,S
2021-07-23T11:03:47,1000.0,32.75,S
2021-07-23T11:03:47,600.0,32.75,S
2021-07-23T11:03:35,200.0,32.8,B
2021-07-23T11:03:29,1000.0,32.8,B
2021-07-23T11:03:28,500.0,32.8,S
2021-07-23T11:03:28,100.0,32.8,S
2021-07-23T11:03:28,2200.0,32.8,S
2021-07-23T11:03:28,300.0,32.8,S
2021-07-23T11:03:28,1000.0,32.8,S
2021-07-23T11:03:28,5800.0,32.8,S
2021-07-23T11:03:28,6700.0,32.8,S
2021-07-23T11:03:28,5000.0,32.8,S
2021-07-23T11:03:28,3900.0,32.8,S
2021-07-23T11:03:28,3200.0,32.8,S
2021-07-23T11:03:28,100.0,32.8,S
2021-07-23T11:03:28,2100.0,32.8,S
2021-07-23T11:03:28,6800.0,32.8,S
2021-07-23T11:03:28,3300.0,32.8,S
2021-07-23T11:03:28,1100.0,32.8,S
2021-07-23T11:03:28,4400.0,32.8,S
2021-07-23T11:03:24,100.0,32.8,S
2021-07-23T11:03:24,10100.0,32.8,S
2021-07-23T11:03:24,2500.0,32.8,S
2021-07-23T11:03:24,4000.0,32.8,S
2021-07-23T11:03:24,300.0,32.8,S
2021-07-23T11:03:24,33000.0,32.8,S
2021-07-23T11:03:17,100.0,32.85,B
2021-07-23T11:03:09,1000.0,32.8,S
2021-07-23T11:03:04,1000.0,32.85,B
2021-07-23T11:02:52,300.0,32.85,B
2021-07-23T11:02:37,100.0,32.85,B
2021-07-23T11:02:25,500.0,32.8,S
2021-07-23T11:02:22,400.0,32.8,S
2021-07-23T11:02:03,3000.0,32.85,B
2021-07-23T11:01:54,2000.0,32.85,B
2021-07-23T11:01:51,500.0,32.85,B
2021-07-23T11:01:45,100.0,32.85,B
2021-07-23T11:01:43,300.0,32.85,S
2021-07-23T11:01:43,1200.0,32.85,S
2021-07-23T11:01:43,1100.0,32.85,S
2021-07-23T11:01:43,500.0,32.85,S
2021-07-23T11:01:43,3500.0,32.85,S
2021-07-23T11:01:43,200.0,32.85,S
2021-07-23T11:01:43,1800.0,32.85,S
2021-07-23T11:01:43,300.0,32.85,S
2021-07-23T11:01:43,600.0,32.85,S
2021-07-23T11:01:43,3000.0,32.85,S
2021-07-23T11:01:43,2400.0,32.85,S
2021-07-23T11:01:43,200.0,32.85,S
2021-07-23T11:01:43,4100.0,32.85,S
2021-07-23T11:01:38,28500.0,32.9,B
2021-07-23T11:01:34,2000.0,32.85,S
2021-07-23T11:01:28,100.0,32.85,S
2021-07-23T11:01:28,500.0,32.85,S
2021-07-23T11:01:14,500.0,32.85,S
2021-07-23T11:00:59,600.0,32.85,S
2021-07-23T11:00:57,500.0,32.85,S
2021-07-23T11:00:45,500.0,32.85,S
2021-07-23T11:00:31,600.0,32.85,S
2021-07-23T11:00:18,500.0,32.85,S
2021-07-23T11:00:02,600.0,32.85,S
2021-07-23T10:59:54,2000.0,32.85,S
2021-07-23T10:59:49,500.0,32.85,S
2021-07-23T10:59:45,500.0,32.85,S
2021-07-23T10:59:36,600.0,32.85,S
2021-07-23T10:59:21,500.0,32.85,S
2021-07-23T10:59:06,600.0,32.85,S
2021-07-23T10:58:53,500.0,32.85,S
2021-07-23T10:58:37,600.0,32.85,S
2021-07-23T10:58:24,500.0,32.85,S
2021-07-23T10:58:20,1000.0,32.85,S
2021-07-23T10:58:14,600.0,32.85,S
2021-07-23T10:58:14,5200.0,32.85,B
2021-07-23T10:58:14,3200.0,32.85,B
2021-07-23T10:58:14,33700.0,32.85,B
2021-07-23T10:58:10,6000.0,32.85,B
2021-07-23T10:58:08,100.0,32.85,B
2021-07-23T10:57:58,1000.0,32.85,B
2021-07-23T10:57:47,100.0,32.85,B
2021-07-23T10:57:44,100.0,32.85,B
2021-07-23T10:57:16,1000.0,32.85,B
2021-07-23T10:57:15,500.0,32.85,B
2021-07-23T10:57:07,200.0,32.85,B
2021-07-23T10:57:03,700.0,32.85,S
2021-07-23T10:57:03,5900.0,32.85,S
2021-07-23T10:57:03,700.0,32.85,S
2021-07-23T10:56:59,600.0,32.85,S
2021-07-23T10:56:52,2000.0,32.85,S
2021-07-23T10:56:45,500.0,32.85,S
2021-07-23T10:56:41,600.0,32.85,S
2021-07-23T10:56:34,2000.0,32.85,B
2021-07-23T10:56:31,1000.0,32.85,B
2021-07-23T10:56:28,500.0,32.85,B
2021-07-23T10:56:27,100.0,32.85,B
2021-07-23T10:56:25,1400.0,32.85,S
2021-07-23T10:56:19,100.0,32.85,B
2021-07-23T10:56:19,500.0,32.85,B
2021-07-23T10:56:19,1000.0,32.85,B
2021-07-23T10:56:05,200.0,32.85,B
2021-07-23T10:56:01,20000.0,32.85,B
2021-07-23T10:56:01,5000.0,32.8,S
2021-07-23T10:55:59,700.0,32.85,B
2021-07-23T10:55:43,100.0,32.85,B
2021-07-23T10:55:41,6000.0,32.85,S
2021-07-23T10:55:41,13000.0,32.85,S
2021-07-23T10:55:34,600.0,32.85,S
2021-07-23T10:55:26,30500.0,32.85,S
2021-07-23T10:55:26,500.0,32.85,S
2021-07-23T10:55:26,19000.0,32.85,S
2021-07-23T10:55:09,200.0,32.9,B
2021-07-23T10:55:04,1200.0,32.9,B
2021-07-23T10:54:53,500.0,32.9,B
2021-07-23T10:54:03,100.0,32.9,B
2021-07-23T10:53:59,900.0,32.9,B
2021-07-23T10:53:56,500.0,32.9,B
2021-07-23T10:53:55,500.0,32.85,S
2021-07-23T10:53:45,600.0,32.85,S
2021-07-23T10:53:20,100.0,32.9,B
2021-07-23T10:53:15,100.0,32.9,B
2021-07-23T10:53:09,100.0,32.9,B
2021-07-23T10:53:06,1900.0,32.85,S
2021-07-23T10:53:05,100.0,32.85,S
2021-07-23T10:53:04,2000.0,32.9,B
2021-07-23T10:52:49,1000.0,32.9,B
2021-07-23T10:52:34,2000.0,32.9,B
2021-07-23T10:52:14,200.0,32.9,B
2021-07-23T10:52:13,500.0,32.9,B
2021-07-23T10:52:04,10000.0,32.9,B
2021-07-23T10:51:41,1000.0,32.9,B
2021-07-23T10:51:24,500.0,32.9,B
2021-07-23T10:51:18,300.0,32.9,S
2021-07-23T10:51:18,7400.0,32.9,S
2021-07-23T10:51:18,800.0,32.9,S
2021-07-23T10:51:18,1300.0,32.9,S
2021-07-23T10:51:16,1000.0,32.9,S
2021-07-23T10:51:11,1000.0,32.9,S
2021-07-23T10:51:09,10700.0,32.9,S
2021-07-23T10:51:09,500.0,32.9,S
2021-07-23T10:51:09,10400.0,32.9,S
2021-07-23T10:51:09,7900.0,32.9,S
2021-07-23T10:51:09,14000.0,32.9,S
2021-07-23T10:51:09,6500.0,32.9,S
2021-07-23T10:51:05,600.0,32.9,S
2021-07-23T10:50:50,500.0,32.9,S
2021-07-23T10:50:37,600.0,32.9,S
2021-07-23T10:50:30,5000.0,32.9,S
2021-07-23T10:50:27,100.0,32.9,S
2021-07-23T10:50:23,500.0,32.9,S
2021-07-23T10:50:10,2000.0,32.9,S
2021-07-23T10:50:09,600.0,32.9,S
2021-07-23T10:49:54,500.0,32.9,S
2021-07-23T10:49:39,600.0,32.9,S
2021-07-23T10:49:26,500.0,32.9,S
2021-07-23T10:49:14,1500.0,32.9,S
2021-07-23T10:49:12,600.0,32.9,S
2021-07-23T10:48:58,500.0,32.9,S
2021-07-23T10:48:46,4400.0,32.9,S
2021-07-23T10:48:46,600.0,32.95,S
2021-07-23T10:48:38,5700.0,33.0,B
2021-07-23T10:48:38,100.0,33.0,B
2021-07-23T10:48:38,4200.0,33.0,B
2021-07-23T10:48:20,500.0,33.0,B
2021-07-23T10:48:18,400.0,32.95,B
2021-07-23T10:48:15,10000.0,32.95,B
2021-07-23T10:48:12,100.0,32.95,B
2021-07-23T10:47:52,7300.0,33.0,B
2021-07-23T10:47:52,1700.0,33.0,B
2021-07-23T10:47:47,500.0,32.9,S
2021-07-23T10:47:45,500.0,32.9,S
2021-07-23T10:47:33,600.0,32.9,S
2021-07-23T10:47:28,3000.0,32.9,S
2021-07-23T10:47:25,100.0,32.95,S
2021-07-23T10:47:18,500.0,32.95,S
2021-07-23T10:47:06,2000.0,32.95,S
2021-07-23T10:47:04,600.0,32.95,S
2021-07-23T10:47:02,2000.0,32.95,S
2021-07-23T10:47:00,200.0,32.95,S
2021-07-23T10:47:00,1800.0,32.95,S
2021-07-23T10:46:49,500.0,32.95,S
2021-07-23T10:46:36,600.0,32.95,S
2021-07-23T10:46:24,500.0,32.95,S
2021-07-23T10:46:23,500.0,32.95,S
2021-07-23T10:46:23,1100.0,32.95,B
2021-07-23T10:46:22,300.0,32.95,B
2021-07-23T10:46:22,100.0,32.95,B
2021-07-23T10:46:22,600.0,32.95,B
2021-07-23T10:46:22,1000.0,32.95,B
2021-07-23T10:46:20,200.0,32.95,B
2021-07-23T10:46:04,100.0,32.95,B
2021-07-23T10:46:01,1000.0,32.95,B
2021-07-23T10:45:44,400.0,32.95,B
2021-07-23T10:45:42,700.0,32.9,S
2021-07-23T10:45:42,4300.0,32.9,S
2021-07-23T10:45:31,100.0,32.95,B
2021-07-23T10:45:24,200.0,32.9,S
2021-07-23T10:45:16,100.0,32.95,B
2021-07-23T10:45:12,500.0,32.95,B
2021-07-23T10:44:53,100.0,32.95,B
2021-07-23T10:44:42,600.0,32.9,S
2021-07-23T10:44:40,500.0,32.9,S
2021-07-23T10:44:32,100.0,32.95,B
2021-07-23T10:44:29,100.0,32.95,B
2021-07-23T10:44:16,200.0,32.95,B
2021-07-23T10:44:06,2200.0,32.95,B
2021-07-23T10:44:04,200.0,32.95,B
2021-07-23T10:43:52,100.0,32.95,B
2021-07-23T10:43:46,5000.0,32.95,B
2021-07-23T10:43:42,1000.0,32.95,B
2021-07-23T10:43:39,600.0,32.95,B
2021-07-23T10:43:25,2000.0,32.95,B
2021-07-23T10:43:19,1100.0,32.95,B
2021-07-23T10:43:19,500.0,32.95,B
2021-07-23T10:43:19,23400.0,32.95,B
2021-07-23T10:43:16,1000.0,32.9,B
2021-07-23T10:43:13,1000.0,32.95,B
2021-07-23T10:43:05,17500.0,32.8,B
2021-07-23T10:42:59,7500.0,32.8,S
2021-07-23T10:42:59,3200.0,32.8,S
2021-07-23T10:42:59,4600.0,32.8,S
2021-07-23T10:42:59,200.0,32.8,S
2021-07-23T10:42:59,5500.0,32.8,S
2021-07-23T10:42:59,8100.0,32.8,S
2021-07-23T10:42:59,1500.0,32.8,S
2021-07-23T10:42:59,400.0,32.8,S
2021-07-23T10:42:59,3700.0,32.8,S
2021-07-23T10:42:59,200.0,32.8,S
2021-07-23T10:42:59,9500.0,32.8,S
2021-07-23T10:42:59,600.0,32.8,S
2021-07-23T10:42:59,300.0,32.8,S
2021-07-23T10:42:59,700.0,32.8,S
2021-07-23T10:42:59,100.0,32.8,S
2021-07-23T10:42:59,10100.0,32.8,S
2021-07-23T10:42:59,9700.0,32.8,S
2021-07-23T10:42:59,5500.0,32.8,S
2021-07-23T10:42:59,3000.0,32.8,S
2021-07-23T10:42:59,33300.0,32.8,S
2021-07-23T10:42:59,500.0,32.85,S
2021-07-23T10:42:59,600.0,32.85,S
2021-07-23T10:42:59,1000.0,32.85,S
2021-07-23T10:42:59,2200.0,32.85,S
2021-07-23T10:42:59,7400.0,32.85,S
2021-07-23T10:42:59,13800.0,32.9,S
2021-07-23T10:42:59,2100.0,32.9,S
2021-07-23T10:42:59,100.0,32.9,S
2021-07-23T10:42:59,800.0,32.9,S
2021-07-23T10:42:59,100.0,32.9,S
2021-07-23T10:42:59,15800.0,32.9,S
2021-07-23T10:42:59,2600.0,32.9,S
2021-07-23T10:42:59,17300.0,32.9,S
2021-07-23T10:42:59,100.0,32.9,S
2021-07-23T10:42:59,300.0,32.9,S
2021-07-23T10:42:59,12100.0,32.9,S
2021-07-23T10:42:59,6200.0,32.9,S
2021-07-23T10:42:59,8900.0,32.9,S
2021-07-23T10:42:54,2000.0,32.95,B
2021-07-23T10:42:46,300.0,32.95,B
2021-07-23T10:42:46,100.0,32.95,B
2021-07-23T10:42:26,1000.0,32.95,B
2021-07-23T10:42:21,300.0,32.95,B
2021-07-23T10:42:13,700.0,32.95,B
2021-07-23T10:42:07,200.0,32.95,B
2021-07-23T10:42:05,100.0,32.95,B
2021-07-23T10:41:56,200.0,32.95,B
2021-07-23T10:41:54,1200.0,32.95,B
2021-07-23T10:41:46,200.0,32.95,B
2021-07-23T10:41:44,300.0,32.95,B
2021-07-23T10:41:42,5000.0,32.9,S
2021-07-23T10:41:42,500.0,32.95,B
2021-07-23T10:41:39,100.0,32.95,B
2021-07-23T10:41:33,5000.0,33.0,B
2021-07-23T10:41:23,100.0,32.95,B
2021-07-23T10:41:21,10000.0,32.95,S
2021-07-23T10:41:20,500.0,32.95,S
2021-07-23T10:41:17,9900.0,32.95,S
2021-07-23T10:41:17,10100.0,32.95,S
2021-07-23T10:41:13,300.0,33.0,B
2021-07-23T10:41:11,100.0,33.0,B
2021-07-23T10:41:11,4000.0,32.95,S
2021-07-23T10:41:11,15100.0,32.95,S
2021-07-23T10:41:05,500.0,33.0,B
2021-07-23T10:40:57,30700.0,33.0,B
2021-07-23T10:40:55,500.0,33.0,S
2021-07-23T10:40:54,21000.0,33.0,B
2021-07-23T10:40:49,300.0,33.0,B
2021-07-23T10:40:41,100.0,33.0,B
2021-07-23T10:40:40,100.0,33.0,B
2021-07-23T10:40:40,600.0,33.0,S
2021-07-23T10:40:40,13300.0,33.0,S
2021-07-23T10:40:40,1000.0,33.0,S
2021-07-23T10:40:40,1300.0,33.0,S
2021-07-23T10:40:40,1400.0,33.0,S
2021-07-23T10:40:40,1600.0,33.0,S
2021-07-23T10:40:40,5500.0,33.0,S
2021-07-23T10:40:40,5300.0,33.0,S
2021-07-23T10:40:40,1800.0,33.0,S
2021-07-23T10:40:40,1000.0,33.0,S
2021-07-23T10:40:40,1100.0,33.0,S
2021-07-23T10:40:40,10500.0,33.0,S
2021-07-23T10:40:40,2200.0,33.0,S
2021-07-23T10:40:40,1300.0,33.0,S
2021-07-23T10:40:40,6500.0,33.0,S
2021-07-23T10:40:40,4000.0,33.0,S
2021-07-23T10:40:40,9000.0,33.0,S
2021-07-23T10:40:40,100.0,33.0,S
2021-07-23T10:40:40,1000.0,33.0,S
2021-07-23T10:40:40,1100.0,33.0,S
2021-07-23T10:40:40,16000.0,33.0,S
2021-07-23T10:40:40,12000.0,33.0,S
2021-07-23T10:40:40,6000.0,33.05,S
2021-07-23T10:40:40,4400.0,33.05,S
2021-07-23T10:40:31,100.0,33.05,S
2021-07-23T10:40:31,2000.0,33.05,S
2021-07-23T10:40:31,16200.0,33.05,S
2021-07-23T10:40:28,700.0,33.05,S
2021-07-23T10:40:26,5700.0,33.05,S
2021-07-23T10:40:16,1000.0,33.1,B
2021-07-23T10:40:13,500.0,33.05,S
2021-07-23T10:40:03,200.0,33.05,S
2021-07-23T10:39:59,500.0,33.05,S
2021-07-23T10:39:44,500.0,33.05,S
2021-07-23T10:39:42,2000.0,33.05,S
2021-07-23T10:39:35,400.0,33.1,B
2021-07-23T10:39:26,2000.0,33.1,B
2021-07-23T10:39:07,10000.0,33.1,B
2021-07-23T10:39:04,200.0,33.1,B
2021-07-23T10:39:02,200.0,33.1,B
2021-07-23T10:39:02,100.0,33.1,B
2021-07-23T10:38:53,1000.0,33.1,B
2021-07-23T10:38:48,500.0,33.05,S
2021-07-23T10:38:46,500.0,33.05,S
2021-07-23T10:38:41,11700.0,33.1,B
2021-07-23T10:38:41,500.0,33.1,B
2021-07-23T10:38:41,2800.0,33.1,B
2021-07-23T10:38:28,200.0,33.1,B
2021-07-23T10:38:25,400.0,33.1,B
2021-07-23T10:38:24,3000.0,33.1,B
2021-07-23T10:38:09,200.0,33.1,B
2021-07-23T10:38:08,500.0,33.1,B
2021-07-23T10:37:45,500.0,33.1,B
2021-07-23T10:37:41,300.0,33.1,B
2021-07-23T10:37:39,2000.0,33.1,B
2021-07-23T10:37:39,3000.0,33.1,B
2021-07-23T10:37:30,900.0,33.1,B
2021-07-23T10:37:30,1200.0,33.1,B
2021-07-23T10:37:12,100.0,33.1,B
2021-07-23T10:37:07,500.0,33.1,B
2021-07-23T10:37:07,2000.0,33.1,B
2021-07-23T10:37:00,2500.0,33.1,B
2021-07-23T10:36:52,200.0,33.1,B
2021-07-23T10:36:52,3400.0,33.1,B
2021-07-23T10:36:52,1400.0,33.1,B
2021-07-23T10:36:52,200.0,33.1,B
2021-07-23T10:36:43,500.0,33.1,B
2021-07-23T10:36:41,500.0,33.05,S
2021-07-23T10:36:40,2000.0,33.1,B
2021-07-23T10:36:27,500.0,33.05,S
2021-07-23T10:36:23,1000.0,33.05,S
2021-07-23T10:36:19,10000.0,33.1,B
2021-07-23T10:35:45,600.0,33.1,B
2021-07-23T10:35:44,3000.0,33.1,B
2021-07-23T10:35:41,1000.0,33.1,B
2021-07-23T10:35:36,5000.0,33.1,B
2021-07-23T10:35:24,3000.0,33.1,B
2021-07-23T10:35:22,5000.0,33.05,S
2021-07-23T10:35:18,1100.0,33.1,B
2021-07-23T10:35:15,500.0,33.05,S
2021-07-23T10:35:02,500.0,33.05,S
2021-07-23T10:35:01,100.0,33.05,S
2021-07-23T10:34:58,500.0,33.05,B
2021-07-23T10:34:58,500.0,33.05,B
2021-07-23T10:34:58,3000.0,33.05,B
2021-07-23T10:34:58,1300.0,33.05,B
2021-07-23T10:34:55,900.0,33.05,B
2021-07-23T10:34:55,1000.0,33.05,B
2021-07-23T10:34:53,100.0,33.05,B
2021-07-23T10:34:53,9900.0,33.05,B
2021-07-23T10:34:44,7000.0,33.05,B
2021-07-23T10:34:37,100.0,33.05,B
2021-07-23T10:34:35,1000.0,33.05,B
2021-07-23T10:34:31,600.0,33.05,B
2021-07-23T10:34:26,1500.0,33.05,B
2021-07-23T10:34:08,100.0,33.05,B
2021-07-23T10:33:47,100.0,33.05,B
2021-07-23T10:33:44,300.0,33.05,B
2021-07-23T10:33:33,300.0,33.05,B
2021-07-23T10:33:27,900.0,33.05,B
2021-07-23T10:33:22,1900.0,33.05,B
2021-07-23T10:33:21,500.0,33.0,S
2021-07-23T10:33:21,1000.0,33.0,S
2021-07-23T10:33:18,300.0,33.05,B
2021-07-23T10:33:09,10000.0,33.05,B
2021-07-23T10:33:07,1200.0,33.05,B
2021-07-23T10:32:32,3000.0,33.05,B
2021-07-23T10:32:27,500.0,33.0,S
2021-07-23T10:32:11,500.0,33.0,S
2021-07-23T10:31:57,500.0,33.0,S
2021-07-23T10:31:43,200.0,33.0,S
2021-07-23T10:31:43,300.0,33.0,S
2021-07-23T10:31:30,1700.0,33.0,B
2021-07-23T10:31:30,300.0,33.0,B
2021-07-23T10:31:28,500.0,33.0,B
2021-07-23T10:31:25,2000.0,33.0,B
2021-07-23T10:31:18,100.0,33.0,B
2021-07-23T10:31:15,400.0,33.0,S
2021-07-23T10:31:06,1000.0,33.0,S
2021-07-23T10:31:03,500.0,33.0,S
2021-07-23T10:31:01,500.0,33.0,S
2021-07-23T10:30:56,22600.0,33.0,B
2021-07-23T10:30:37,1000.0,33.0,B
2021-07-23T10:29:57,1600.0,33.0,S
2021-07-23T10:29:57,56800.0,33.0,S
2021-07-23T10:29:50,2000.0,33.0,S
2021-07-23T10:29:50,500.0,33.0,S
2021-07-23T10:29:36,500.0,33.0,S
2021-07-23T10:29:33,100.0,33.0,S
2021-07-23T10:29:31,5000.0,33.05,B
2021-07-23T10:29:14,600.0,33.05,B
2021-07-23T10:29:03,5000.0,33.05,B
2021-07-23T10:29:01,1000.0,33.05,B
2021-07-23T10:28:53,500.0,33.0,S
2021-07-23T10:28:47,200.0,33.0,S
2021-07-23T10:28:47,200.0,33.0,S
2021-07-23T10:28:47,600.0,33.0,S
2021-07-23T10:28:44,5000.0,33.05,B
2021-07-23T10:28:44,1200.0,33.05,B
2021-07-23T10:28:25,4500.0,33.1,B
2021-07-23T10:28:25,1000.0,33.05,B
2021-07-23T10:28:25,700.0,33.05,B
2021-07-23T10:28:25,500.0,33.05,B
2021-07-23T10:28:25,3300.0,33.05,B
2021-07-23T10:28:25,500.0,33.0,S
2021-07-23T10:28:21,1000.0,33.0,S
2021-07-23T10:28:07,500.0,33.05,B
2021-07-23T10:27:55,100.0,33.0,S
2021-07-23T10:27:49,100.0,33.05,B
2021-07-23T10:27:44,1000.0,33.05,B
2021-07-23T10:27:42,500.0,33.0,S
2021-07-23T10:27:39,100.0,33.0,S
2021-07-23T10:27:28,500.0,33.0,S
2021-07-23T10:27:26,10000.0,33.0,S
2021-07-23T10:27:18,100.0,33.05,B
2021-07-23T10:27:17,2000.0,33.0,B
2021-07-23T10:27:17,500.0,33.0,B
2021-07-23T10:27:17,2000.0,33.0,B
2021-07-23T10:27:17,1000.0,33.0,B
2021-07-23T10:27:17,500.0,33.0,B
2021-07-23T10:27:17,5700.0,33.0,B
2021-07-23T10:27:17,1000.0,33.0,B
2021-07-23T10:27:15,300.0,33.0,B
2021-07-23T10:27:03,5000.0,33.0,B
2021-07-23T10:26:59,500.0,32.95,S
2021-07-23T10:26:46,500.0,32.95,S
2021-07-23T10:26:42,18300.0,32.95,B
2021-07-23T10:26:39,4000.0,32.95,B
2021-07-23T10:26:35,3300.0,32.95,B
2021-07-23T10:26:35,500.0,32.95,B
2021-07-23T10:26:35,1200.0,32.95,B
2021-07-23T10:26:26,1000.0,32.95,B
2021-07-23T10:26:19,900.0,32.95,B
2021-07-23T10:26:17,200.0,32.9,S
2021-07-23T10:26:17,5000.0,32.95,B
2021-07-23T10:26:10,4900.0,32.95,B
2021-07-23T10:26:06,2000.0,32.9,S
2021-07-23T10:26:02,500.0,32.95,B
2021-07-23T10:25:52,1000.0,32.95,B
2021-07-23T10:25:52,15600.0,32.9,S
2021-07-23T10:25:52,4800.0,32.9,S
2021-07-23T10:25:52,500.0,32.9,S
2021-07-23T10:25:51,10800.0,32.9,S
2021-07-23T10:25:38,200.0,32.95,B
2021-07-23T10:25:37,5000.0,32.95,B
2021-07-23T10:25:34,800.0,32.95,B
2021-07-23T10:25:34,400.0,32.95,B
2021-07-23T10:25:31,100.0,32.95,B
2021-07-23T10:25:31,2400.0,32.95,B
2021-07-23T10:25:29,300.0,32.95,B
2021-07-23T10:25:23,1000.0,32.95,B
2021-07-23T10:25:21,100.0,32.95,B
2021-07-23T10:25:19,100.0,32.95,B
2021-07-23T10:25:17,100.0,32.95,B
2021-07-23T10:25:15,1000.0,32.95,B
2021-07-23T10:25:13,9500.0,32.95,B
2021-07-23T10:25:12,5000.0,32.95,B
2021-07-23T10:25:10,500.0,32.95,B
2021-07-23T10:25:09,100.0,32.95,B
2021-07-23T10:24:58,1000.0,32.95,B
2021-07-23T10:24:57,100.0,32.95,B
2021-07-23T10:24:55,500.0,32.95,B
2021-07-23T10:24:51,100.0,32.95,B
2021-07-23T10:24:51,500.0,32.95,B
2021-07-23T10:24:47,500.0,32.9,S
2021-07-23T10:24:29,100.0,32.95,B
2021-07-23T10:24:27,3000.0,32.95,B
2021-07-23T10:24:20,1200.0,32.95,B
2021-07-23T10:24:18,10000.0,32.95,B
2021-07-23T10:24:15,5000.0,32.95,B
2021-07-23T10:24:11,100.0,32.95,B
2021-07-23T10:24:08,800.0,32.95,S
2021-07-23T10:24:01,200.0,33.0,B
2021-07-23T10:23:53,2100.0,33.0,B
2021-07-23T10:23:52,2900.0,33.0,B
2021-07-23T10:23:48,800.0,33.0,B
2021-07-23T10:23:48,4200.0,33.0,B
2021-07-23T10:23:47,2000.0,32.95,B
2021-07-23T10:23:46,1500.0,32.95,B
2021-07-23T10:23:45,1500.0,32.95,B
2021-07-23T10:23:40,12300.0,32.95,S
2021-07-23T10:23:33,5000.0,32.95,S
2021-07-23T10:23:18,5000.0,33.0,B
2021-07-23T10:23:10,400.0,33.0,B
2021-07-23T10:22:25,400.0,33.0,B
2021-07-23T10:22:25,4600.0,33.0,B
2021-07-23T10:22:16,500.0,32.95,S
2021-07-23T10:22:06,4700.0,32.95,S
2021-07-23T10:22:04,5000.0,32.95,B
2021-07-23T10:21:59,800.0,32.95,B
2021-07-23T10:21:48,500.0,32.95,S
2021-07-23T10:21:37,500.0,32.95,B
2021-07-23T10:21:33,4500.0,32.9,S
2021-07-23T10:21:33,500.0,32.95,S
2021-07-23T10:21:29,1000.0,32.95,S
2021-07-23T10:21:29,200.0,32.95,S
2021-07-23T10:21:29,100.0,32.95,S
2021-07-23T10:21:29,1500.0,32.95,S
2021-07-23T10:21:29,1100.0,32.95,S
2021-07-23T10:21:29,8200.0,32.95,S
2021-07-23T10:21:29,2500.0,32.95,S
2021-07-23T10:21:29,3500.0,32.95,S
2021-07-23T10:21:19,1000.0,32.95,S
2021-07-23T10:21:19,500.0,32.95,S
2021-07-23T10:21:10,500.0,32.95,S
2021-07-23T10:20:59,100.0,32.95,S
2021-07-23T10:20:53,1900.0,32.95,S
2021-07-23T10:20:51,500.0,32.95,S
2021-07-23T10:20:37,500.0,32.95,S
2021-07-23T10:20:23,500.0,32.95,S
2021-07-23T10:20:22,400.0,32.95,S
2021-07-23T10:20:16,2500.0,32.95,S
2021-07-23T10:19:55,1000.0,33.0,B
2021-07-23T10:19:55,1200.0,33.0,B
2021-07-23T10:19:32,300.0,33.0,B
2021-07-23T10:19:29,100.0,33.0,B
2021-07-23T10:19:26,1000.0,33.0,B
2021-07-23T10:19:14,5000.0,33.0,B
2021-07-23T10:19:06,200.0,33.0,B
2021-07-23T10:18:29,400.0,33.0,B
2021-07-23T10:18:17,2400.0,32.95,S
2021-07-23T10:18:15,500.0,32.95,S
2021-07-23T10:18:10,300.0,32.95,S
2021-07-23T10:18:01,500.0,32.95,S
2021-07-23T10:17:47,500.0,32.95,S
2021-07-23T10:17:39,100.0,32.95,S
2021-07-23T10:17:35,1000.0,33.0,B
2021-07-23T10:17:22,500.0,33.0,B
2021-07-23T10:17:20,200.0,33.0,S
2021-07-23T10:17:20,500.0,33.0,S
2021-07-23T10:17:20,1000.0,33.0,S
2021-07-23T10:17:19,100.0,33.0,S
2021-07-23T10:17:19,500.0,33.0,S
2021-07-23T10:17:07,1500.0,33.0,S
2021-07-23T10:17:07,2500.0,33.0,S
2021-07-23T10:17:05,500.0,33.0,S
2021-07-23T10:17:00,500.0,33.0,S
2021-07-23T10:16:55,1000.0,33.0,S
2021-07-23T10:16:49,500.0,33.0,S
2021-07-23T10:16:41,100.0,33.0,S
2021-07-23T10:16:34,500.0,33.0,S
2021-07-23T10:16:30,500.0,33.0,S
2021-07-23T10:16:22,500.0,33.0,S
2021-07-23T10:16:08,500.0,33.0,S
2021-07-23T10:16:01,500.0,33.0,S
2021-07-23T10:15:57,2200.0,33.0,S
2021-07-23T10:15:55,1000.0,33.05,B
2021-07-23T10:15:54,500.0,33.0,S
2021-07-23T10:15:44,4000.0,33.0,S
2021-07-23T10:15:40,500.0,33.0,S
2021-07-23T10:15:37,100.0,33.0,S
2021-07-23T10:15:33,600.0,33.0,B
2021-07-23T10:15:24,2000.0,33.0,S
2021-07-23T10:15:24,500.0,33.0,S
2021-07-23T10:15:19,15000.0,33.0,S
2021-07-23T10:15:14,5000.0,33.0,S
2021-07-23T10:15:09,500.0,33.0,S
2021-07-23T10:15:01,1000.0,33.0,S
2021-07-23T10:14:57,500.0,33.0,S
2021-07-23T10:14:57,500.0,33.0,S
2021-07-23T10:14:56,100.0,33.0,S
2021-07-23T10:14:54,500.0,33.0,B
2021-07-23T10:14:54,1100.0,33.0,B
2021-07-23T10:14:54,7100.0,33.0,B
2021-07-23T10:14:53,36500.0,33.0,B
2021-07-23T10:14:50,1000.0,32.95,S
2021-07-23T10:14:49,2000.0,32.95,S
2021-07-23T10:14:49,500.0,32.95,S
2021-07-23T10:14:43,200.0,33.0,B
2021-07-23T10:14:31,2000.0,33.0,B
2021-07-23T10:14:30,2500.0,32.95,S
2021-07-23T10:14:30,500.0,32.95,S
2021-07-23T10:14:27,2000.0,33.0,B
2021-07-23T10:14:18,14800.0,33.0,B
2021-07-23T10:14:16,5000.0,33.0,B
2021-07-23T10:14:15,500.0,33.0,B
2021-07-23T10:14:15,500.0,32.95,S
2021-07-23T10:14:07,100.0,32.95,S
2021-07-23T10:14:01,100.0,32.95,S
2021-07-23T10:14:01,500.0,32.95,S
2021-07-23T10:13:53,100.0,32.95,S
2021-07-23T10:13:50,500.0,32.95,S
2021-07-23T10:13:46,500.0,32.95,S
2021-07-23T10:13:41,1000.0,32.95,S
2021-07-23T10:13:36,500.0,32.95,B
2021-07-23T10:13:36,1200.0,32.95,B
2021-07-23T10:13:31,1000.0,32.9,S
2021-07-23T10:13:31,100.0,32.95,B
2021-07-23T10:13:25,500.0,32.95,B
2021-07-23T10:13:14,200.0,32.95,B
2021-07-23T10:13:14,100.0,32.9,S
2021-07-23T10:13:05,100.0,32.95,B
2021-07-23T10:13:05,1000.0,32.95,B
2021-07-23T10:13:01,1000.0,32.95,B
2021-07-23T10:12:44,400.0,32.95,S
2021-07-23T10:12:43,200.0,32.95,S
2021-07-23T10:12:38,400.0,32.95,B
2021-07-23T10:12:30,5000.0,33.0,B
2021-07-23T10:12:25,1400.0,32.95,S
2021-07-23T10:12:20,500.0,32.95,S
2021-07-23T10:12:10,1000.0,32.95,S
2021-07-23T10:12:06,500.0,32.95,S
2021-07-23T10:12:05,800.0,32.95,S
2021-07-23T10:11:55,200.0,33.0,B
2021-07-23T10:11:32,100.0,33.0,B
2021-07-23T10:11:20,1000.0,33.0,B
2021-07-23T10:11:09,1200.0,33.0,B
2021-07-23T10:11:02,300.0,33.0,B
2021-07-23T10:10:57,500.0,33.0,B
2021-07-23T10:10:48,100.0,33.0,B
2021-07-23T10:10:42,100.0,33.0,B
2021-07-23T10:10:42,1000.0,33.0,S
2021-07-23T10:10:42,1500.0,33.0,S
2021-07-23T10:10:42,17200.0,33.0,S
2021-07-23T10:10:25,200.0,33.05,B
2021-07-23T10:09:54,3700.0,33.05,S
2021-07-23T10:09:47,1000.0,33.05,S
2021-07-23T10:09:47,500.0,33.05,S
2021-07-23T10:09:29,500.0,33.05,S
2021-07-23T10:09:18,500.0,33.05,S
2021-07-23T10:09:03,200.0,33.05,S
2021-07-23T10:09:03,300.0,33.05,S
2021-07-23T10:08:47,500.0,33.05,S
2021-07-23T10:08:45,400.0,33.05,S
2021-07-23T10:08:34,500.0,33.05,S
2021-07-23T10:08:20,500.0,33.05,S
2021-07-23T10:08:06,500.0,33.05,S
2021-07-23T10:07:51,500.0,33.05,S
2021-07-23T10:07:41,200.0,33.05,B
2021-07-23T10:07:39,100.0,33.05,B
2021-07-23T10:07:37,300.0,33.05,B
2021-07-23T10:07:30,300.0,33.05,B
2021-07-23T10:07:28,500.0,33.05,B
2021-07-23T10:07:21,1100.0,33.05,B
2021-07-23T10:07:15,3000.0,33.05,B
2021-07-23T10:07:09,500.0,33.0,S
2021-07-23T10:07:07,1000.0,33.0,S
2021-07-23T10:07:06,300.0,33.0,S
2021-07-23T10:07:01,1000.0,33.0,S
2021-07-23T10:06:56,400.0,33.0,S
2021-07-23T10:06:56,4600.0,33.0,S
2021-07-23T10:06:54,1500.0,33.05,B
2021-07-23T10:06:54,500.0,33.05,B
2021-07-23T10:06:41,500.0,33.0,S
2021-07-23T10:06:36,5000.0,33.0,S
2021-07-23T10:06:30,300.0,33.0,B
2021-07-23T10:06:30,1400.0,33.0,B
2021-07-23T10:06:30,2000.0,33.0,B
2021-07-23T10:06:30,2100.0,33.0,B
2021-07-23T10:06:29,500.0,33.0,B
2021-07-23T10:06:29,1000.0,33.0,B
2021-07-23T10:06:20,500.0,33.0,B
2021-07-23T10:06:15,8000.0,33.0,B
2021-07-23T10:06:14,1100.0,33.0,B
2021-07-23T10:06:09,400.0,33.0,B
2021-07-23T10:06:01,900.0,32.95,B
2021-07-23T10:05:59,100.0,32.95,B
2021-07-23T10:05:53,100.0,32.95,B
2021-07-23T10:05:47,1000.0,32.95,B
2021-07-23T10:05:44,500.0,32.9,S
2021-07-23T10:05:43,500.0,32.9,S
2021-07-23T10:05:31,500.0,32.9,S
2021-07-23T10:05:29,200.0,32.9,S
2021-07-23T10:05:26,4000.0,32.9,B
2021-07-23T10:05:26,400.0,32.9,B
2021-07-23T10:05:23,2700.0,32.9,B
2021-07-23T10:05:23,500.0,32.9,B
2021-07-23T10:05:23,1000.0,32.9,B
2021-07-23T10:05:23,800.0,32.9,B
2021-07-23T10:05:19,2000.0,32.9,B
2021-07-23T10:05:18,100.0,32.9,B
2021-07-23T10:05:16,500.0,32.85,S
2021-07-23T10:05:10,6000.0,32.85,S
2021-07-23T10:05:10,2000.0,32.9,B
2021-07-23T10:05:07,4500.0,32.85,S
2021-07-23T10:05:05,5000.0,32.9,B
2021-07-23T10:05:00,500.0,32.85,S
2021-07-23T10:04:53,1800.0,32.85,S
2021-07-23T10:04:52,5000.0,32.9,B
2021-07-23T10:04:48,200.0,32.85,S
2021-07-23T10:04:46,500.0,32.85,S
2021-07-23T10:04:34,500.0,32.85,S
2021-07-23T10:04:32,1000.0,32.85,S
2021-07-23T10:04:29,1500.0,32.85,S
2021-07-23T10:04:29,500.0,32.85,S
2021-07-23T10:04:29,100.0,32.85,S
2021-07-23T10:04:29,4400.0,32.85,S
2021-07-23T10:04:25,500.0,32.85,S
2021-07-23T10:04:13,100.0,32.9,B
2021-07-23T10:04:10,2000.0,32.85,S
2021-07-23T10:03:59,500.0,32.9,B
2021-07-23T10:03:43,2000.0,32.9,B
2021-07-23T10:03:37,500.0,32.85,S
2021-07-23T10:03:30,500.0,32.85,B
2021-07-23T10:03:30,500.0,32.85,B
2021-07-23T10:03:29,500.0,32.8,S
2021-07-23T10:03:26,100.0,32.85,B
2021-07-23T10:03:26,300.0,32.85,B
2021-07-23T10:03:21,100.0,32.85,B
2021-07-23T10:03:18,800.0,32.85,B
2021-07-23T10:03:10,200.0,32.85,B
2021-07-23T10:03:09,200.0,32.85,B
2021-07-23T10:03:09,3000.0,32.85,S
2021-07-23T10:02:49,300.0,32.9,B
2021-07-23T10:02:46,100.0,32.85,B
2021-07-23T10:02:45,100.0,32.85,S
2021-07-23T10:02:45,2800.0,32.85,S
2021-07-23T10:02:42,200.0,32.9,B
2021-07-23T10:02:41,2000.0,32.9,B
2021-07-23T10:02:35,100.0,32.9,B
2021-07-23T10:02:34,5000.0,32.9,S
2021-07-23T10:02:34,400.0,32.9,S
2021-07-23T10:02:34,3700.0,32.9,S
2021-07-23T10:02:34,300.0,32.9,S
2021-07-23T10:02:34,1200.0,32.9,S
2021-07-23T10:02:34,300.0,32.9,S
2021-07-23T10:02:34,1000.0,32.9,S
2021-07-23T10:02:34,1900.0,32.9,S
2021-07-23T10:02:34,2400.0,32.9,S
2021-07-23T10:02:34,6500.0,32.9,S
2021-07-23T10:02:34,500.0,32.9,S
2021-07-23T10:02:34,7200.0,32.9,S
2021-07-23T10:02:33,500.0,32.95,B
2021-07-23T10:02:28,200.0,32.95,B
2021-07-23T10:02:24,200.0,32.95,S
2021-07-23T10:02:24,5200.0,32.95,S
2021-07-23T10:02:22,1200.0,33.0,B
2021-07-23T10:02:05,200.0,33.0,B
2021-07-23T10:02:04,300.0,33.0,B
2021-07-23T10:02:02,200.0,33.0,B
2021-07-23T10:01:52,1200.0,33.0,B
2021-07-23T10:01:48,300.0,33.0,B
2021-07-23T10:01:47,1000.0,33.0,B
2021-07-23T10:01:41,5000.0,33.0,B
2021-07-23T10:01:31,10000.0,33.0,B
2021-07-23T10:01:30,500.0,32.95,S
2021-07-23T10:01:24,800.0,32.95,S
2021-07-23T10:01:17,1200.0,33.0,B
2021-07-23T10:01:14,100.0,33.0,B
2021-07-23T10:01:11,5000.0,32.95,S
2021-07-23T10:01:01,800.0,33.0,B
2021-07-23T10:01:01,400.0,32.95,S
2021-07-23T10:00:53,100.0,33.0,B
2021-07-23T10:00:53,1000.0,33.0,B
2021-07-23T10:00:49,2000.0,32.95,S
2021-07-23T10:00:44,1000.0,33.0,B
2021-07-23T10:00:41,200.0,33.0,B
2021-07-23T10:00:34,2900.0,33.0,S
2021-07-23T10:00:34,100.0,33.0,S
2021-07-23T10:00:34,300.0,33.0,S
2021-07-23T10:00:34,300.0,33.0,S
2021-07-23T10:00:34,700.0,33.0,S
2021-07-23T10:00:34,10000.0,33.0,S
2021-07-23T10:00:34,4200.0,33.0,S
2021-07-23T10:00:34,1600.0,33.0,S
2021-07-23T10:00:34,1000.0,33.0,S
2021-07-23T10:00:34,1200.0,33.0,S
2021-07-23T10:00:34,1500.0,33.0,S
2021-07-23T10:00:34,100.0,33.0,S
2021-07-23T10:00:34,1300.0,33.0,S
2021-07-23T10:00:34,6400.0,33.0,S
2021-07-23T10:00:34,2000.0,33.0,S
2021-07-23T10:00:34,1300.0,33.0,S
2021-07-23T10:00:34,800.0,33.0,S
2021-07-23T10:00:34,3500.0,33.0,S
2021-07-23T10:00:34,300.0,33.0,S
2021-07-23T10:00:34,2000.0,33.0,S
2021-07-23T10:00:34,1400.0,33.0,S
2021-07-23T10:00:34,500.0,33.0,S
2021-07-23T10:00:34,500.0,33.0,S
2021-07-23T10:00:34,21400.0,33.0,S
2021-07-23T10:00:34,900.0,33.0,S
2021-07-23T10:00:34,5500.0,33.0,S
2021-07-23T10:00:34,600.0,33.0,S
2021-07-23T10:00:34,600.0,33.0,S
2021-07-23T10:00:34,100.0,33.0,S
2021-07-23T10:00:34,1000.0,33.0,S
2021-07-23T10:00:34,10200.0,33.0,S
2021-07-23T10:00:34,1100.0,33.0,S
2021-07-23T10:00:34,100.0,33.0,S
2021-07-23T10:00:34,2200.0,33.0,S
2021-07-23T10:00:34,300.0,33.0,S
2021-07-23T10:00:34,15000.0,33.0,S
2021-07-23T10:00:34,600.0,33.0,S
2021-07-23T10:00:34,2100.0,33.0,S
2021-07-23T10:00:34,100.0,33.0,S
2021-07-23T10:00:34,1200.0,33.0,S
2021-07-23T10:00:34,3700.0,33.0,S
2021-07-23T10:00:34,3000.0,33.0,S
2021-07-23T10:00:34,3500.0,33.0,S
2021-07-23T10:00:34,11600.0,33.0,S
2021-07-23T10:00:28,700.0,33.05,B
2021-07-23T10:00:17,200.0,33.05,B
2021-07-23T10:00:17,1100.0,33.05,S
2021-07-23T10:00:17,200.0,33.05,S
2021-07-23T10:00:06,300.0,33.1,B
2021-07-23T09:59:53,200.0,33.1,B
2021-07-23T09:59:52,100.0,33.05,S
2021-07-23T09:59:51,500.0,33.05,S
2021-07-23T09:59:50,600.0,33.05,S
2021-07-23T09:59:50,10100.0,33.05,S
2021-07-23T09:59:50,11100.0,33.05,S
2021-07-23T09:59:50,1100.0,33.05,S
2021-07-23T09:59:50,7100.0,33.05,S
2021-07-23T09:59:45,500.0,33.05,S
2021-07-23T09:59:44,900.0,33.1,B
2021-07-23T09:59:42,300.0,33.1,B
2021-07-23T09:59:40,200.0,33.1,B
2021-07-23T09:59:37,1200.0,33.05,S
2021-07-23T09:59:33,300.0,33.1,B
2021-07-23T09:59:31,1000.0,33.1,B
2021-07-23T09:59:22,3400.0,33.1,B
2021-07-23T09:59:22,500.0,33.05,S
2021-07-23T09:59:14,7300.0,33.05,S
2021-07-23T09:59:14,5200.0,33.05,S
2021-07-23T09:59:14,1100.0,33.05,S
2021-07-23T09:59:14,3700.0,33.05,S
2021-07-23T09:59:14,800.0,33.05,S
2021-07-23T09:59:14,4500.0,33.05,S
2021-07-23T09:59:14,100.0,33.05,S
2021-07-23T09:59:14,2300.0,33.05,S
2021-07-23T09:59:14,600.0,33.1,B
2021-07-23T09:59:12,200.0,33.1,B
2021-07-23T09:59:10,700.0,33.1,B
2021-07-23T09:59:08,500.0,33.1,B
2021-07-23T09:59:06,1000.0,33.1,B
2021-07-23T09:58:54,100.0,33.1,B
2021-07-23T09:58:32,1000.0,33.1,B
2021-07-23T09:58:29,500.0,33.05,S
2021-07-23T09:58:28,1000.0,33.1,B
2021-07-23T09:58:24,100.0,33.1,B
2021-07-23T09:58:20,7200.0,33.1,B
2021-07-23T09:58:10,500.0,33.1,S
2021-07-23T09:58:08,500.0,33.1,B
2021-07-23T09:58:07,2500.0,33.1,B
2021-07-23T09:58:05,1000.0,33.1,B
2021-07-23T09:58:05,5000.0,33.1,B
2021-07-23T09:58:01,100.0,33.1,B
2021-07-23T09:58:01,1000.0,33.1,B
2021-07-23T09:57:59,1200.0,33.1,B
2021-07-23T09:57:58,100.0,33.1,B
2021-07-23T09:57:52,1000.0,33.1,B
2021-07-23T09:57:51,200.0,33.1,B
2021-07-23T09:57:50,1100.0,33.1,B
2021-07-23T09:57:50,900.0,33.1,B
2021-07-23T09:57:47,5000.0,33.1,B
2021-07-23T09:57:44,800.0,33.1,B
2021-07-23T09:57:40,100.0,33.1,B
2021-07-23T09:57:36,5000.0,33.1,B
2021-07-23T09:57:34,200.0,33.1,B
2021-07-23T09:57:33,500.0,33.1,B
2021-07-23T09:57:32,22300.0,33.1,B
2021-07-23T09:57:30,500.0,33.1,B
2021-07-23T09:57:27,100.0,33.1,B
2021-07-23T09:57:25,2000.0,33.1,B
2021-07-23T09:57:23,1000.0,33.1,B
2021-07-23T09:57:22,1000.0,33.1,B
2021-07-23T09:57:12,200.0,33.1,B
2021-07-23T09:56:33,100.0,33.1,B
2021-07-23T09:56:31,500.0,33.05,S
2021-07-23T09:56:18,500.0,33.05,S
2021-07-23T09:56:04,500.0,33.05,S
2021-07-23T09:55:59,100.0,33.05,S
2021-07-23T09:55:55,500.0,33.1,B
2021-07-23T09:55:50,500.0,33.05,S
2021-07-23T09:55:43,300.0,33.05,S
2021-07-23T09:55:42,1200.0,33.1,B
2021-07-23T09:55:35,500.0,33.05,S
2021-07-23T09:55:31,1000.0,33.05,S
2021-07-23T09:55:20,100.0,33.05,S
2021-07-23T09:55:20,500.0,33.05,S
2021-07-23T09:55:19,100.0,33.05,S
2021-07-23T09:55:06,500.0,33.05,S
2021-07-23T09:55:04,300.0,33.05,S
2021-07-23T09:55:04,5000.0,33.05,S
2021-07-23T09:54:56,1000.0,33.1,B
2021-07-23T09:54:51,500.0,33.05,S
2021-07-23T09:54:41,200.0,33.05,S
2021-07-23T09:54:39,2800.0,33.05,S
2021-07-23T09:54:39,500.0,33.05,S
2021-07-23T09:54:27,6000.0,33.05,S
2021-07-23T09:54:27,1000.0,33.1,B
2021-07-23T09:54:24,500.0,33.05,S
2021-07-23T09:54:13,100.0,33.05,S
2021-07-23T09:54:09,300.0,33.1,B
2021-07-23T09:54:04,2000.0,33.1,B
2021-07-23T09:54:02,2000.0,33.1,S
2021-07-23T09:54:02,2400.0,33.1,S
2021-07-23T09:53:56,300.0,33.1,S
2021-07-23T09:53:55,500.0,33.1,S
2021-07-23T09:53:54,1000.0,33.1,S
2021-07-23T09:53:49,5000.0,33.1,S
2021-07-23T09:53:41,500.0,33.1,S
2021-07-23T09:53:35,5000.0,33.1,S
2021-07-23T09:53:34,34000.0,33.1,S
2021-07-23T09:53:28,500.0,33.1,S
2021-07-23T09:53:14,500.0,33.1,S
2021-07-23T09:53:00,400.0,33.1,S
2021-07-23T09:53:00,100.0,33.1,S
2021-07-23T09:52:55,200.0,33.1,B
2021-07-23T09:52:52,300.0,33.05,B
2021-07-23T09:52:51,100.0,33.05,B
2021-07-23T09:52:49,400.0,33.0,S
2021-07-23T09:52:49,300.0,33.05,B
2021-07-23T09:52:42,1100.0,33.05,S
2021-07-23T09:52:42,1000.0,33.05,S
2021-07-23T09:52:42,500.0,33.05,S
2021-07-23T09:52:42,200.0,33.05,S
2021-07-23T09:52:42,500.0,33.05,S
2021-07-23T09:52:42,3500.0,33.05,S
2021-07-23T09:52:42,6100.0,33.05,S
2021-07-23T09:52:42,500.0,33.05,S
2021-07-23T09:52:42,2000.0,33.05,S
2021-07-23T09:52:42,900.0,33.05,S
2021-07-23T09:52:42,1300.0,33.05,S
2021-07-23T09:52:42,24200.0,33.05,S
2021-07-23T09:52:42,700.0,33.05,S
2021-07-23T09:52:42,2100.0,33.05,S
2021-07-23T09:52:42,12900.0,33.05,S
2021-07-23T09:52:42,100.0,33.05,S
2021-07-23T09:52:42,1800.0,33.05,S
2021-07-23T09:52:42,5000.0,33.05,S
2021-07-23T09:52:42,3300.0,33.1,S
2021-07-23T09:52:42,13300.0,33.1,S
2021-07-23T09:52:42,200.0,33.1,S
2021-07-23T09:52:42,12400.0,33.1,S
2021-07-23T09:52:41,600.0,33.1,S
2021-07-23T09:52:35,2900.0,33.1,S
2021-07-23T09:52:32,1000.0,33.1,S
2021-07-23T09:52:30,500.0,33.1,S
2021-07-23T09:52:24,5000.0,33.1,S
2021-07-23T09:52:17,500.0,33.1,S
2021-07-23T09:52:17,1700.0,33.15,B
2021-07-23T09:52:04,4500.0,33.1,S
2021-07-23T09:52:03,2000.0,33.15,B
2021-07-23T09:52:03,500.0,33.1,S
2021-07-23T09:51:49,4100.0,33.1,S
2021-07-23T09:51:22,2000.0,33.15,B
2021-07-23T09:51:19,1700.0,33.1,B
2021-07-23T09:51:19,500.0,33.1,B
2021-07-23T09:51:19,6400.0,33.1,B
2021-07-23T09:51:19,500.0,33.1,B
2021-07-23T09:51:19,500.0,33.1,B
2021-07-23T09:51:19,21400.0,33.1,B
2021-07-23T09:51:17,1000.0,33.1,B
2021-07-23T09:51:08,1600.0,33.05,S
2021-07-23T09:51:05,200.0,33.1,B
2021-07-23T09:51:05,2000.0,33.1,B
2021-07-23T09:51:02,1000.0,33.1,B
2021-07-23T09:50:58,500.0,33.1,B
2021-07-23T09:50:53,2000.0,33.1,B
2021-07-23T09:50:52,500.0,33.1,B
2021-07-23T09:50:41,1000.0,33.1,B
2021-07-23T09:50:39,200.0,33.1,B
2021-07-23T09:50:36,400.0,33.1,B
2021-07-23T09:50:34,100.0,33.1,B
2021-07-23T09:50:08,3000.0,33.1,B
2021-07-23T09:49:51,1000.0,33.1,B
2021-07-23T09:49:46,1000.0,33.1,B
2021-07-23T09:49:46,1000.0,33.1,B
2021-07-23T09:49:19,1200.0,33.1,S
2021-07-23T09:49:19,15800.0,33.1,S
2021-07-23T09:49:16,500.0,33.1,S
2021-07-23T09:49:12,500.0,33.1,S
2021-07-23T09:49:12,26400.0,33.1,S
2021-07-23T09:49:12,5000.0,33.1,S
2021-07-23T09:49:12,18600.0,33.1,S
2021-07-23T09:49:03,1000.0,33.1,S
2021-07-23T09:48:57,500.0,33.1,S
2021-07-23T09:48:48,300.0,33.1,S
2021-07-23T09:48:48,300.0,33.1,S
2021-07-23T09:48:48,200.0,33.1,S
2021-07-23T09:48:45,500.0,33.1,S
2021-07-23T09:48:34,20000.0,33.1,S
2021-07-23T09:48:00,800.0,33.15,B
2021-07-23T09:47:50,300.0,33.15,B
2021-07-23T09:47:44,1500.0,33.15,B
2021-07-23T09:47:33,500.0,33.1,S
2021-07-23T09:47:23,500.0,33.1,S
2021-07-23T09:47:23,16800.0,33.1,B
2021-07-23T09:47:19,500.0,33.1,B
2021-07-23T09:47:17,200.0,33.1,B
2021-07-23T09:47:15,500.0,33.1,B
2021-07-23T09:47:10,1000.0,33.1,B
2021-07-23T09:47:09,300.0,33.1,B
2021-07-23T09:47:00,2000.0,33.1,B
2021-07-23T09:47:00,2200.0,33.1,S
2021-07-23T09:46:51,1300.0,33.1,S
2021-07-23T09:46:50,500.0,33.1,S
2021-07-23T09:46:50,1000.0,33.1,S
2021-07-23T09:46:39,200.0,33.1,S
2021-07-23T09:46:37,500.0,33.1,S
2021-07-23T09:46:23,500.0,33.1,S
2021-07-23T09:46:21,1000.0,33.1,S
2021-07-23T09:46:20,300.0,33.15,B
2021-07-23T09:46:16,2000.0,33.15,B
2021-07-23T09:46:13,100.0,33.15,B
2021-07-23T09:46:07,1000.0,33.15,B
2021-07-23T09:45:59,15300.0,33.15,S
2021-07-23T09:45:54,500.0,33.15,S
2021-07-23T09:45:52,4000.0,33.15,S
2021-07-23T09:45:40,1000.0,33.15,S
2021-07-23T09:45:40,500.0,33.15,S
2021-07-23T09:45:36,3500.0,33.15,B
2021-07-23T09:45:36,500.0,33.15,B
2021-07-23T09:45:36,3200.0,33.15,B
2021-07-23T09:45:35,2000.0,33.15,B
2021-07-23T09:45:30,1800.0,33.15,B
2021-07-23T09:45:26,500.0,33.1,S
2021-07-23T09:45:15,500.0,33.1,B
2021-07-23T09:45:15,1000.0,33.1,B
2021-07-23T09:45:15,2200.0,33.1,B
2021-07-23T09:45:15,30000.0,33.1,B
2021-07-23T09:45:15,5200.0,33.1,B
2021-07-23T09:45:15,600.0,33.1,B
2021-07-23T09:45:15,15200.0,33.1,B
2021-07-23T09:45:15,700.0,33.1,B
2021-07-23T09:45:11,1000.0,33.1,B
2021-07-23T09:45:08,100.0,33.1,B
2021-07-23T09:45:07,500.0,33.1,B
2021-07-23T09:45:00,1400.0,33.1,B
2021-07-23T09:44:56,100.0,33.1,B
2021-07-23T09:44:48,1200.0,33.1,B
2021-07-23T09:44:41,300.0,33.1,B
2021-07-23T09:44:29,100.0,33.1,B
2021-07-23T09:44:28,1000.0,33.05,S
2021-07-23T09:44:18,500.0,33.05,S
2021-07-23T09:44:15,100.0,33.05,S
2021-07-23T09:44:14,500.0,33.05,S
2021-07-23T09:44:10,3000.0,33.05,S
2021-07-23T09:44:06,1000.0,33.05,S
2021-07-23T09:44:00,500.0,33.05,S
2021-07-23T09:43:50,100.0,33.05,S
2021-07-23T09:43:46,500.0,33.05,S
2021-07-23T09:43:41,1800.0,33.05,S
2021-07-23T09:43:33,300.0,33.1,B
2021-07-23T09:43:32,500.0,33.05,S
2021-07-23T09:43:25,2500.0,33.05,S
2021-07-23T09:43:18,3000.0,33.05,S
2021-07-23T09:43:06,500.0,33.05,S
2021-07-23T09:43:05,500.0,33.05,S
2021-07-23T09:42:50,500.0,33.05,S
2021-07-23T09:42:45,200.0,33.05,S
2021-07-23T09:42:35,100.0,33.1,B
2021-07-23T09:42:33,5300.0,33.05,S
2021-07-23T09:42:22,500.0,33.05,S
2021-07-23T09:42:14,10000.0,33.05,S
2021-07-23T09:42:08,3000.0,33.05,S
2021-07-23T09:42:08,1000.0,33.05,S
2021-07-23T09:42:08,500.0,33.05,S
2021-07-23T09:41:57,1000.0,33.05,S
2021-07-23T09:41:56,500.0,33.05,S
2021-07-23T09:41:54,500.0,33.05,S
2021-07-23T09:41:47,400.0,33.05,S
2021-07-23T09:41:41,100.0,33.1,B
2021-07-23T09:41:38,1000.0,33.1,B
2021-07-23T09:41:35,1000.0,33.1,B
2021-07-23T09:41:32,100.0,33.1,S
2021-07-23T09:41:32,2000.0,33.1,S
2021-07-23T09:41:30,700.0,33.1,S
2021-07-23T09:41:30,1500.0,33.1,S
2021-07-23T09:41:30,2800.0,33.1,S
2021-07-23T09:41:27,1700.0,33.1,S
2021-07-23T09:41:27,1300.0,33.1,S
2021-07-23T09:41:25,400.0,33.1,S
2021-07-23T09:41:25,500.0,33.1,S
2021-07-23T09:41:17,2100.0,33.1,S
2021-07-23T09:41:17,1100.0,33.1,S
2021-07-23T09:41:17,3600.0,33.1,S
2021-07-23T09:41:17,300.0,33.1,S
2021-07-23T09:41:17,1000.0,33.1,S
2021-07-23T09:41:17,1900.0,33.1,S
2021-07-23T09:41:17,7300.0,33.1,S
2021-07-23T09:41:15,500.0,33.1,S
2021-07-23T09:41:13,500.0,33.1,S
2021-07-23T09:41:13,4500.0,33.1,S
2021-07-23T09:41:11,500.0,33.1,S
2021-07-23T09:41:10,500.0,33.1,S
2021-07-23T09:41:05,1000.0,33.1,S
2021-07-23T09:41:00,2200.0,33.1,S
2021-07-23T09:40:56,500.0,33.1,S
2021-07-23T09:40:52,2000.0,33.1,S
2021-07-23T09:40:46,500.0,33.1,S
2021-07-23T09:40:42,500.0,33.1,S
2021-07-23T09:40:39,300.0,33.1,S
2021-07-23T09:40:37,1000.0,33.1,S
2021-07-23T09:40:28,6000.0,33.1,S
2021-07-23T09:40:25,1200.0,33.15,B
2021-07-23T09:40:24,200.0,33.15,B
2021-07-23T09:40:21,1000.0,33.15,B
2021-07-23T09:40:05,100.0,33.15,B
2021-07-23T09:40:04,200.0,33.15,B
2021-07-23T09:40:00,500.0,33.1,S
2021-07-23T09:39:55,3000.0,33.15,B
2021-07-23T09:39:51,2400.0,33.1,S
2021-07-23T09:39:51,1600.0,33.1,S
2021-07-23T09:39:45,100.0,33.15,B
2021-07-23T09:39:34,4000.0,33.15,B
2021-07-23T09:39:25,40300.0,33.15,S
2021-07-23T09:39:24,100.0,33.2,B
2021-07-23T09:39:16,7000.0,33.2,B
2021-07-23T09:38:51,700.0,33.2,B
2021-07-23T09:38:49,500.0,33.15,S
2021-07-23T09:38:38,1500.0,33.15,S
2021-07-23T09:38:34,500.0,33.15,S
2021-07-23T09:38:20,500.0,33.15,S
2021-07-23T09:38:17,500.0,33.15,S
2021-07-23T09:38:08,1400.0,33.15,B
2021-07-23T09:38:07,500.0,33.1,S
2021-07-23T09:38:04,300.0,33.1,S
2021-07-23T09:37:57,3300.0,33.15,S
2021-07-23T09:37:55,800.0,33.15,S
2021-07-23T09:37:55,1400.0,33.15,S
2021-07-23T09:37:55,1900.0,33.15,S
2021-07-23T09:37:55,3000.0,33.15,S
2021-07-23T09:37:55,200.0,33.15,S
2021-07-23T09:37:55,2700.0,33.15,S
2021-07-23T09:37:54,1000.0,33.2,B
2021-07-23T09:37:52,500.0,33.15,S
2021-07-23T09:37:50,700.0,33.15,S
2021-07-23T09:37:25,100.0,33.2,B
2021-07-23T09:37:24,500.0,33.15,S
2021-07-23T09:37:22,1000.0,33.15,S
2021-07-23T09:37:04,200.0,33.2,B
2021-07-23T09:36:52,200.0,33.2,B
2021-07-23T09:36:52,1800.0,33.2,B
2021-07-23T09:36:40,10000.0,33.2,B
2021-07-23T09:36:40,200.0,33.2,B
2021-07-23T09:36:27,1000.0,33.2,B
2021-07-23T09:36:27,300.0,33.2,B
2021-07-23T09:36:27,20000.0,33.15,S
2021-07-23T09:36:22,1000.0,33.2,B
2021-07-23T09:36:08,2000.0,33.2,B
2021-07-23T09:36:05,500.0,33.2,B
2021-07-23T09:36:03,3000.0,33.2,B
2021-07-23T09:36:02,1200.0,33.2,B
2021-07-23T09:35:58,3000.0,33.2,B
2021-07-23T09:35:57,100.0,33.2,B
2021-07-23T09:35:53,200.0,33.2,B
2021-07-23T09:35:51,100.0,33.2,B
2021-07-23T09:35:51,2400.0,33.2,S
2021-07-23T09:35:51,1400.0,33.2,S
2021-07-23T09:35:51,100.0,33.2,S
2021-07-23T09:35:51,1400.0,33.2,S
2021-07-23T09:35:51,14100.0,33.2,S
2021-07-23T09:35:51,1200.0,33.2,S
2021-07-23T09:35:51,1500.0,33.2,S
2021-07-23T09:35:51,700.0,33.2,S
2021-07-23T09:35:51,4300.0,33.2,S
2021-07-23T09:35:49,1000.0,33.25,B
2021-07-23T09:35:46,100.0,33.25,B
2021-07-23T09:35:36,3000.0,33.25,B
2021-07-23T09:35:32,13400.0,33.25,S
2021-07-23T09:35:27,1000.0,33.25,S
2021-07-23T09:35:16,500.0,33.25,S
2021-07-23T09:35:14,400.0,33.25,B
2021-07-23T09:35:07,100.0,33.25,B
2021-07-23T09:35:07,200.0,33.25,B
2021-07-23T09:35:07,200.0,33.25,B
2021-07-23T09:35:07,20000.0,33.25,B
2021-07-23T09:35:04,500.0,33.25,B
2021-07-23T09:35:04,1000.0,33.25,B
2021-07-23T09:34:58,1000.0,33.25,B
2021-07-23T09:34:40,300.0,33.25,B
2021-07-23T09:34:40,100.0,33.25,B
2021-07-23T09:34:22,800.0,33.25,B
2021-07-23T09:34:15,200.0,33.3,B
2021-07-23T09:34:15,5000.0,33.2,S
2021-07-23T09:34:14,300.0,33.3,B
2021-07-23T09:34:12,2000.0,33.3,B
2021-07-23T09:34:07,500.0,33.3,B
2021-07-23T09:33:52,2500.0,33.3,B
2021-07-23T09:33:52,100.0,33.25,S
2021-07-23T09:33:46,500.0,33.25,S
2021-07-23T09:33:45,400.0,33.25,B
2021-07-23T09:33:43,2000.0,33.25,B
2021-07-23T09:33:41,600.0,33.2,S
2021-07-23T09:33:39,1400.0,33.2,S
2021-07-23T09:33:39,3000.0,33.2,S
2021-07-23T09:33:34,400.0,33.25,B
2021-07-23T09:33:31,1000.0,33.25,B
2021-07-23T09:33:25,200.0,33.25,B
2021-07-23T09:33:22,700.0,33.25,B
2021-07-23T09:33:22,1300.0,33.25,B
2021-07-23T09:33:09,500.0,33.2,S
2021-07-23T09:33:06,200.0,33.25,B
2021-07-23T09:33:03,2000.0,33.25,B
2021-07-23T09:32:54,500.0,33.2,S
2021-07-23T09:32:50,500.0,33.2,S
2021-07-23T09:32:44,500.0,33.2,B
2021-07-23T09:32:44,1000.0,33.2,B
2021-07-23T09:32:44,500.0,33.2,B
2021-07-23T09:32:44,700.0,33.2,B
2021-07-23T09:32:44,1100.0,33.2,B
2021-07-23T09:32:44,200.0,33.2,B
2021-07-23T09:32:43,500.0,33.2,B
2021-07-23T09:32:40,1100.0,33.2,B
2021-07-23T09:32:34,1000.0,33.2,B
2021-07-23T09:32:32,200.0,33.2,B
2021-07-23T09:32:32,600.0,33.2,B
2021-07-23T09:32:32,1200.0,33.2,B
2021-07-23T09:32:31,400.0,33.2,B
2021-07-23T09:32:31,1600.0,33.2,B
2021-07-23T09:32:31,2400.0,33.2,B
2021-07-23T09:32:31,2600.0,33.2,B
2021-07-23T09:32:25,8900.0,33.2,B
2021-07-23T09:32:17,200.0,33.15,S
2021-07-23T09:32:17,1000.0,33.2,B
2021-07-23T09:32:17,300.0,33.2,B
2021-07-23T09:32:17,5000.0,33.2,B
2021-07-23T09:32:16,100.0,33.2,B
2021-07-23T09:32:14,100.0,33.2,B
2021-07-23T09:32:13,500.0,33.15,S
2021-07-23T09:32:11,100.0,33.2,B
2021-07-23T09:32:07,1000.0,33.2,B
2021-07-23T09:32:04,2500.0,33.2,B
2021-07-23T09:31:56,500.0,33.2,B
2021-07-23T09:31:54,100.0,33.2,B
2021-07-23T09:31:45,500.0,33.2,B
2021-07-23T09:31:42,500.0,33.2,B
2021-07-23T09:31:39,3000.0,33.2,B
2021-07-23T09:31:39,2000.0,33.2,B
2021-07-23T09:31:38,400.0,33.2,B
2021-07-23T09:31:38,1200.0,33.2,B
2021-07-23T09:31:32,200.0,33.2,B
2021-07-23T09:31:30,2000.0,33.2,B
2021-07-23T09:31:28,100.0,33.2,B
2021-07-23T09:31:26,200.0,33.2,B
2021-07-23T09:31:22,100.0,33.2,B
2021-07-23T09:31:20,7700.0,33.2,B
2021-07-23T09:31:16,300.0,33.2,B
2021-07-23T09:31:15,500.0,33.15,S
2021-07-23T09:31:15,10000.0,33.15,S
2021-07-23T09:30:56,500.0,33.2,B
2021-07-23T09:30:47,500.0,33.15,S
2021-07-23T09:30:39,500.0,33.15,S
2021-07-23T09:30:33,1000.0,33.15,S
2021-07-23T09:30:20,500.0,33.15,S
2021-07-23T09:30:17,200.0,33.15,S
2021-07-23T09:30:14,100.0,33.15,S
2021-07-23T09:30:05,500.0,33.15,S
2021-07-23T09:29:52,500.0,33.15,S
2021-07-23T09:29:50,500.0,33.15,S
2021-07-23T09:29:35,500.0,33.15,S
2021-07-23T09:29:32,500.0,33.15,S
2021-07-23T09:29:22,500.0,33.15,S
2021-07-23T09:29:19,500.0,33.15,S
2021-07-23T09:29:19,1500.0,33.15,S
2021-07-23T09:29:18,1000.0,33.2,B
2021-07-23T09:29:16,100.0,33.15,S
2021-07-23T09:29:07,200.0,33.2,B
2021-07-23T09:28:54,500.0,33.15,S
2021-07-23T09:28:53,400.0,33.15,S
2021-07-23T09:28:49,29900.0,33.1,S
2021-07-23T09:28:49,100.0,33.15,S
2021-07-23T09:28:39,500.0,33.15,S
2021-07-23T09:28:38,100.0,33.15,B
2021-07-23T09:28:37,300.0,33.15,B
2021-07-23T09:28:35,100.0,33.15,B
2021-07-23T09:28:26,100.0,33.15,S
2021-07-23T09:28:24,100.0,33.15,S
2021-07-23T09:28:20,100.0,33.2,B
2021-07-23T09:28:19,2000.0,33.15,S
2021-07-23T09:28:15,1000.0,33.15,S
2021-07-23T09:28:07,1200.0,33.15,B
2021-07-23T09:28:05,100.0,33.15,B
2021-07-23T09:28:02,3200.0,33.15,S
2021-07-23T09:28:02,500.0,33.15,S
2021-07-23T09:27:59,8700.0,33.15,S
2021-07-23T09:27:52,500.0,33.15,S
2021-07-23T09:27:49,5000.0,33.15,S
2021-07-23T09:27:27,10000.0,33.15,S
2021-07-23T09:27:27,3000.0,33.2,B
2021-07-23T09:27:26,200.0,33.2,B
2021-07-23T09:27:25,100.0,33.2,B
2021-07-23T09:27:24,2000.0,33.2,B
2021-07-23T09:27:24,2200.0,33.2,S
2021-07-23T09:27:18,200.0,33.2,S
2021-07-23T09:27:18,600.0,33.2,S
2021-07-23T09:27:18,100.0,33.2,S
2021-07-23T09:27:13,1000.0,33.2,S
2021-07-23T09:27:09,500.0,33.2,S
2021-07-23T09:27:00,5000.0,33.2,S
2021-07-23T09:26:59,500.0,33.25,B
2021-07-23T09:26:58,15800.0,33.2,B
2021-07-23T09:26:56,500.0,33.2,B
2021-07-23T09:26:56,6000.0,33.2,B
2021-07-23T09:26:50,1000.0,33.2,B
2021-07-23T09:26:43,100.0,33.2,B
2021-07-23T09:26:38,9600.0,33.2,S
2021-07-23T09:26:33,100.0,33.2,S
2021-07-23T09:26:33,400.0,33.2,S
2021-07-23T09:26:30,2500.0,33.25,B
2021-07-23T09:26:24,8300.0,33.25,S
2021-07-23T09:26:23,2000.0,33.25,S
2021-07-23T09:26:20,1000.0,33.25,S
2021-07-23T09:26:14,700.0,33.25,S
2021-07-23T09:26:12,3000.0,33.25,B
2021-07-23T09:26:02,200.0,33.25,B
2021-07-23T09:25:48,600.0,33.25,S
2021-07-23T09:25:45,1800.0,33.25,S
2021-07-23T09:25:45,2000.0,33.25,S
2021-07-23T09:25:45,1600.0,33.25,S
2021-07-23T09:25:41,10000.0,33.25,S
2021-07-23T09:25:38,3000.0,33.3,B
2021-07-23T09:25:32,1900.0,33.3,B
2021-07-23T09:25:14,2000.0,33.25,S
2021-07-23T09:25:13,1100.0,33.3,S
2021-07-23T09:25:10,10000.0,33.3,S
2021-07-23T09:25:07,2000.0,33.3,S
2021-07-23T09:25:06,3000.0,33.3,S
2021-07-23T09:25:04,5000.0,33.3,S
2021-07-23T09:25:03,2000.0,33.3,B
2021-07-23T09:25:03,11000.0,33.3,B
2021-07-23T09:25:03,6000.0,33.3,B
2021-07-23T09:25:03,1400.0,33.3,B
2021-07-23T09:24:58,7000.0,33.2,B
2021-07-23T09:24:56,8400.0,33.2,S
2021-07-23T09:24:56,14600.0,33.2,S
2021-07-23T09:24:54,1000.0,33.3,B
2021-07-23T09:24:51,500.0,33.3,B
2021-07-23T09:24:49,500.0,33.3,B
2021-07-23T09:24:45,500.0,33.3,B
2021-07-23T09:24:41,1000.0,33.3,B
2021-07-23T09:24:37,100.0,33.3,B
2021-07-23T09:24:34,300.0,33.35,B
2021-07-23T09:24:34,900.0,33.25,S
2021-07-23T09:24:34,7000.0,33.3,S
2021-07-23T09:24:34,8300.0,33.3,S
2021-07-23T09:24:28,100.0,33.35,B
2021-07-23T09:24:27,300.0,33.35,B
2021-07-23T09:24:26,5000.0,33.35,B
2021-07-23T09:24:25,200.0,33.3,S
2021-07-23T09:24:25,200.0,33.3,S
2021-07-23T09:24:25,1600.0,33.3,S
2021-07-23T09:24:25,500.0,33.35,B
2021-07-23T09:24:21,800.0,33.3,S
2021-07-23T09:24:21,4200.0,33.3,S
2021-07-23T09:24:18,500.0,33.35,B
2021-07-23T09:24:16,500.0,33.35,B
2021-07-23T09:24:14,500.0,33.35,B
2021-07-23T09:24:11,500.0,33.35,B
2021-07-23T09:24:11,300.0,33.35,B
2021-07-23T09:24:04,2300.0,33.35,B
2021-07-23T09:24:03,5100.0,33.35,B
2021-07-23T09:24:01,4800.0,33.35,S
2021-07-23T09:23:59,300.0,33.4,B
2021-07-23T09:23:55,5000.0,33.4,B
2021-07-23T09:23:54,200.0,33.4,B
2021-07-23T09:23:52,200.0,33.4,B
2021-07-23T09:23:47,1000.0,33.4,B
2021-07-23T09:23:44,4900.0,33.4,B
2021-07-23T09:23:40,600.0,33.4,B
2021-07-23T09:23:39,3000.0,33.4,B
2021-07-23T09:23:39,500.0,33.4,B
2021-07-23T09:23:37,5000.0,33.4,B
2021-07-23T09:23:36,500.0,33.35,S
2021-07-23T09:23:36,500.0,33.4,B
2021-07-23T09:23:35,1000.0,33.4,B
2021-07-23T09:23:34,800.0,33.4,B
2021-07-23T09:23:34,4200.0,33.4,B
2021-07-23T09:23:32,3000.0,33.35,S
2021-07-23T09:23:26,1000.0,33.4,B
2021-07-23T09:23:25,500.0,33.4,B
2021-07-23T09:23:23,500.0,33.4,B
2021-07-23T09:23:22,1000.0,33.4,B
2021-07-23T09:23:19,500.0,33.4,B
2021-07-23T09:23:13,1000.0,33.4,B
2021-07-23T09:23:10,300.0,33.4,B
2021-07-23T09:23:10,10000.0,33.3,S
2021-07-23T09:23:03,100.0,33.3,S
2021-07-23T09:22:59,5000.0,33.4,B
2021-07-23T09:22:57,300.0,33.35,B
2021-07-23T09:22:56,300.0,33.3,S
2021-07-23T09:22:29,4000.0,33.3,S
2021-07-23T09:22:23,700.0,33.3,S
2021-07-23T09:22:23,300.0,33.35,S
2021-07-23T09:22:06,700.0,33.3,B
2021-07-23T09:22:04,10000.0,33.3,B
2021-07-23T09:22:04,5000.0,33.3,B
2021-07-23T09:21:55,4300.0,33.3,B
2021-07-23T09:21:55,700.0,33.3,B
2021-07-23T09:21:47,7000.0,33.2,B
2021-07-23T09:21:46,1000.0,33.2,B
2021-07-23T09:21:39,500.0,33.2,B
2021-07-23T09:21:24,500.0,33.1,B
2021-07-23T09:21:24,2500.0,33.1,B
2021-07-23T09:21:22,1400.0,33.1,B
2021-07-23T09:21:21,1000.0,33.1,B
2021-07-23T09:21:21,500.0,33.1,B
2021-07-23T09:21:14,8000.0,33.1,B
2021-07-23T09:21:07,1400.0,33.05,S
2021-07-23T09:20:50,1000.0,33.05,S
2021-07-23T09:20:49,100.0,33.1,B
2021-07-23T09:20:42,300.0,33.05,B
2021-07-23T09:20:32,2000.0,33.05,B
2021-07-23T09:20:32,500.0,33.0,B
2021-07-23T09:20:28,1000.0,33.0,B
2021-07-23T09:20:28,200.0,33.0,B
2021-07-23T09:20:26,3000.0,33.0,B
2021-07-23T09:20:24,1100.0,33.0,B
2021-07-23T09:20:22,100.0,33.0,B
2021-07-23T09:20:21,200.0,33.0,B
2021-07-23T09:20:16,100.0,33.0,B
2021-07-23T09:20:16,400.0,33.0,S
2021-07-23T09:20:16,3300.0,33.0,S
2021-07-23T09:20:16,1200.0,33.0,S
2021-07-23T09:20:16,300.0,33.0,S
2021-07-23T09:20:16,2600.0,33.0,S
2021-07-23T09:20:13,300.0,33.05,B
2021-07-23T09:20:13,600.0,33.05,B
2021-07-23T09:20:11,100.0,33.0,S
2021-07-23T09:20:07,1800.0,33.0,S
2021-07-23T09:19:57,1800.0,33.0,B
2021-07-23T09:19:57,1000.0,33.0,B
2021-07-23T09:19:56,100.0,33.0,B
2021-07-23T09:19:55,200.0,33.0,B
2021-07-23T09:19:43,5000.0,33.0,B
2021-07-23T09:19:37,200.0,33.0,B
2021-07-23T09:19:34,2600.0,32.95,B
2021-07-23T09:19:33,200.0,32.9,S
2021-07-23T09:19:26,1000.0,32.9,S
2021-07-23T09:19:19,100.0,32.8,S
2021-07-23T09:19:09,13900.0,32.8,B
2021-07-23T09:19:08,400.0,32.8,B
2021-07-23T09:19:08,200.0,32.8,B
2021-07-23T09:19:08,500.0,32.8,B
2021-07-23T09:19:07,300.0,32.8,B
2021-07-23T09:19:07,700.0,32.8,B
2021-07-23T09:19:05,500.0,32.8,B
2021-07-23T09:19:00,5000.0,32.8,B
2021-07-23T09:18:59,1000.0,32.8,B
2021-07-23T09:18:57,5000.0,32.8,B
2021-07-23T09:18:53,500.0,32.8,B
2021-07-23T09:18:43,1000.0,32.8,B
2021-07-23T09:18:41,500.0,32.7,S
2021-07-23T09:18:38,100.0,32.8,B
2021-07-23T09:18:32,500.0,32.8,B
2021-07-23T09:18:16,4500.0,32.7,S
2021-07-23T09:18:15,100.0,32.7,S
2021-07-23T09:18:15,1000.0,32.7,S
2021-07-23T09:18:15,500.0,32.7,S
2021-07-23T09:18:15,500.0,32.8,B
2021-07-23T09:18:14,300.0,32.8,B
2021-07-23T09:18:09,500.0,32.8,B
2021-07-23T09:18:08,500.0,32.7,S
2021-07-23T09:18:04,300.0,32.8,B
2021-07-23T09:18:01,200.0,32.75,B
2021-07-23T09:17:56,1500.0,32.7,S
2021-07-23T09:17:44,200.0,32.8,B
2021-07-23T09:17:42,100.0,32.8,S
2021-07-23T09:17:42,600.0,32.8,S
2021-07-23T09:17:42,600.0,32.8,S
2021-07-23T09:17:42,500.0,32.8,S
2021-07-23T09:17:42,100.0,32.8,S
2021-07-23T09:17:42,2500.0,32.8,S
2021-07-23T09:17:34,2000.0,32.8,S
2021-07-23T09:17:33,1000.0,32.8,S
2021-07-23T09:17:32,1000.0,32.8,S
2021-07-23T09:17:26,800.0,32.8,S
2021-07-23T09:17:23,500.0,32.8,S
2021-07-23T09:17:21,1300.0,32.85,B
2021-07-23T09:17:18,2000.0,32.8,S
2021-07-23T09:17:13,200.0,32.8,S
2021-07-23T09:17:12,1000.0,32.8,S
2021-07-23T09:17:10,700.0,32.8,S
2021-07-23T09:17:03,3000.0,32.8,S
2021-07-23T09:16:56,10000.0,32.8,S
2021-07-23T09:16:47,1000.0,32.85,S
2021-07-23T09:16:47,100.0,32.9,B
2021-07-23T09:16:36,200.0,32.9,B
2021-07-23T09:16:27,300.0,32.9,B
2021-07-23T09:16:23,1000.0,32.9,B
2021-07-23T09:16:15,100.0,32.9,S
2021-07-23T09:16:15,3800.0,32.9,S
2021-07-23T09:16:05,300.0,32.9,S
2021-07-23T09:15:56,600.0,32.9,S
2021-07-23T09:15:53,300.0,32.9,S
2021-07-23T09:15:52,2100.0,32.9,S
2021-07-23T09:15:52,7900.0,32.9,S
2021-07-23T09:15:43,1000.0,32.9,S
2021-07-23T09:15:34,2000.0,32.95,B
2021-07-23T09:15:33,700.0,32.9,S
2021-07-23T09:15:32,200.0,32.95,B
2021-07-23T09:15:14,1000.0,32.9,S
