tradingTime,volume,price,side
2021-07-23T11:27:52,300.0,37.2,S
2021-07-23T11:26:51,5000.0,37.2,S
2021-07-23T11:26:30,200.0,37.2,S
2021-07-23T11:26:17,7000.0,37.2,S
2021-07-23T11:25:54,1200.0,37.3,S
2021-07-23T11:25:44,5000.0,37.3,S
2021-07-23T11:25:30,4200.0,37.3,S
2021-07-23T11:25:19,100.0,37.3,S
2021-07-23T11:24:58,700.0,37.3,S
2021-07-23T11:24:47,900.0,37.3,S
2021-07-23T11:24:37,200.0,37.3,S
2021-07-23T11:24:24,1600.0,37.3,S
2021-07-23T11:24:14,100.0,37.3,S
2021-07-23T11:23:47,3000.0,37.3,S
2021-07-23T11:23:46,300.0,37.3,S
2021-07-23T11:20:40,100.0,37.4,B
2021-07-23T11:20:04,500.0,37.4,S
2021-07-23T11:18:49,200.0,37.4,B
2021-07-23T11:17:19,1000.0,37.4,B
2021-07-23T11:16:10,100.0,37.4,B
2021-07-23T11:15:27,6000.0,37.4,B
2021-07-23T11:15:03,300.0,37.4,B
2021-07-23T11:14:25,300.0,37.4,B
2021-07-23T11:12:55,500.0,37.4,B
2021-07-23T11:12:37,400.0,37.4,B
2021-07-23T11:10:59,4100.0,37.4,B
2021-07-23T11:10:50,2000.0,37.4,S
2021-07-23T11:10:46,2000.0,37.4,S
2021-07-23T11:10:10,100.0,37.4,S
2021-07-23T11:09:18,100.0,37.4,S
2021-07-23T11:08:39,2000.0,37.4,S
2021-07-23T11:07:52,4000.0,37.4,S
2021-07-23T11:05:58,100.0,37.4,S
2021-07-23T11:05:36,1000.0,37.4,S
2021-07-23T11:05:27,100.0,37.5,B
2021-07-23T11:01:07,1000.0,37.4,S
2021-07-23T10:59:29,1000.0,37.4,S
2021-07-23T10:59:16,100.0,37.4,S
2021-07-23T10:57:47,2900.0,37.4,S
2021-07-23T10:56:52,100.0,37.4,B
2021-07-23T10:56:19,200.0,37.4,B
2021-07-23T10:55:53,100.0,37.4,B
2021-07-23T10:54:56,100.0,37.4,B
2021-07-23T10:53:58,2600.0,37.4,B
2021-07-23T10:53:45,2500.0,37.4,S
2021-07-23T10:52:28,200.0,37.4,S
2021-07-23T10:50:38,1000.0,37.4,S
2021-07-23T10:48:39,200.0,37.4,S
2021-07-23T10:48:31,200.0,37.4,S
2021-07-23T10:45:03,1000.0,37.4,S
2021-07-23T10:44:37,700.0,37.4,S
2021-07-23T10:43:12,500.0,37.4,S
2021-07-23T10:41:42,1400.0,37.4,S
2021-07-23T10:40:57,100.0,37.5,B
2021-07-23T10:36:00,1300.0,37.5,B
2021-07-23T10:33:53,700.0,37.5,B
2021-07-23T10:32:26,6000.0,37.5,B
2021-07-23T10:31:57,100.0,37.4,B
2021-07-23T10:31:54,100.0,37.4,B
2021-07-23T10:31:53,700.0,37.4,B
2021-07-23T10:30:56,1000.0,37.4,B
2021-07-23T10:30:06,100.0,37.4,B
2021-07-23T10:30:05,600.0,37.4,B
2021-07-23T10:28:29,200.0,37.4,B
2021-07-23T10:27:25,900.0,37.4,B
2021-07-23T10:27:04,100.0,37.4,B
2021-07-23T10:26:51,500.0,37.4,B
2021-07-23T10:26:44,1000.0,37.4,B
2021-07-23T10:26:08,1000.0,37.4,B
2021-07-23T10:24:58,16100.0,37.4,S
2021-07-23T10:24:07,200.0,37.5,S
2021-07-23T10:23:53,1000.0,37.5,B
2021-07-23T10:22:07,200.0,37.5,B
2021-07-23T10:20:34,100.0,37.5,B
2021-07-23T10:19:59,300.0,37.5,S
2021-07-23T10:19:50,800.0,37.5,S
2021-07-23T10:19:26,1000.0,37.5,S
2021-07-23T10:18:51,2800.0,37.5,B
2021-07-23T10:18:40,2000.0,37.5,B
2021-07-23T10:18:29,2000.0,37.5,B
2021-07-23T10:17:44,200.0,37.5,B
2021-07-23T10:17:09,1600.0,37.5,B
2021-07-23T10:14:33,1000.0,37.4,S
2021-07-23T10:14:25,100.0,37.5,B
2021-07-23T10:12:47,1800.0,37.5,B
2021-07-23T10:12:40,1800.0,37.4,B
2021-07-23T10:12:38,100.0,37.4,B
2021-07-23T10:12:22,6000.0,37.4,B
2021-07-23T10:12:00,12100.0,37.4,S
2021-07-23T10:11:38,1400.0,37.5,S
2021-07-23T10:10:57,100.0,37.6,B
2021-07-23T10:10:51,100.0,37.5,S
2021-07-23T10:10:25,1000.0,37.6,B
2021-07-23T10:09:29,8000.0,37.6,B
2021-07-23T10:09:16,600.0,37.5,B
2021-07-23T10:08:47,100.0,37.5,B
2021-07-23T10:08:47,400.0,37.5,B
2021-07-23T10:08:34,300.0,37.5,S
2021-07-23T10:08:20,400.0,37.5,B
2021-07-23T10:08:14,500.0,37.5,B
2021-07-23T10:08:00,500.0,37.5,B
2021-07-23T10:07:20,600.0,37.5,B
2021-07-23T10:07:17,10000.0,37.5,B
2021-07-23T10:06:39,700.0,37.4,B
2021-07-23T10:06:14,9900.0,37.4,S
2021-07-23T10:05:19,200.0,37.4,B
2021-07-23T10:04:00,2300.0,37.3,S
2021-07-23T10:03:59,200.0,37.4,B
2021-07-23T10:03:36,100.0,37.3,S
2021-07-23T10:03:30,21100.0,37.5,B
2021-07-23T10:02:53,2000.0,37.4,B
2021-07-23T10:02:27,700.0,37.4,S
2021-07-23T10:02:24,1000.0,37.4,S
2021-07-23T10:02:14,100.0,37.4,S
2021-07-23T10:02:13,2100.0,37.4,B
2021-07-23T10:01:20,10000.0,37.4,B
2021-07-23T10:01:18,5300.0,37.3,S
2021-07-23T10:00:54,4400.0,37.4,B
2021-07-23T10:00:49,200.0,37.4,B
2021-07-23T09:59:49,300.0,37.4,B
2021-07-23T09:58:59,2100.0,37.3,B
2021-07-23T09:58:58,100.0,37.2,S
2021-07-23T09:58:01,200.0,37.3,B
2021-07-23T09:57:47,1000.0,37.3,B
2021-07-23T09:57:27,9100.0,37.3,S
2021-07-23T09:57:06,500.0,37.3,S
2021-07-23T09:55:05,100.0,37.3,S
2021-07-23T09:54:30,100.0,37.3,S
2021-07-23T09:54:25,1000.0,37.3,S
2021-07-23T09:54:20,1200.0,37.3,B
2021-07-23T09:54:01,500.0,37.3,B
2021-07-23T09:52:54,2400.0,37.3,B
2021-07-23T09:49:45,1000.0,37.3,B
2021-07-23T09:46:41,20000.0,37.3,B
2021-07-23T09:43:57,600.0,37.0,S
2021-07-23T09:43:25,100.0,37.0,S
2021-07-23T09:43:25,8200.0,37.0,B
2021-07-23T09:43:14,100.0,37.0,B
2021-07-23T09:42:58,1700.0,37.0,S
2021-07-23T09:42:45,10000.0,37.0,S
2021-07-23T09:42:20,3000.0,37.2,B
2021-07-23T09:41:39,100.0,37.2,B
2021-07-23T09:41:17,500.0,37.1,B
2021-07-23T09:41:15,3300.0,37.1,S
2021-07-23T09:40:26,300.0,37.2,B
2021-07-23T09:40:13,100.0,37.2,B
2021-07-23T09:39:18,100.0,37.2,B
2021-07-23T09:39:16,100.0,37.1,S
2021-07-23T09:38:35,7500.0,37.2,S
2021-07-23T09:37:44,200.0,37.3,S
2021-07-23T09:36:52,200.0,37.4,B
2021-07-23T09:36:12,400.0,37.3,S
2021-07-23T09:35:56,1600.0,37.3,B
2021-07-23T09:34:40,200.0,37.3,B
2021-07-23T09:34:17,1200.0,37.3,S
2021-07-23T09:34:12,100.0,37.4,B
2021-07-23T09:34:03,100.0,37.4,B
2021-07-23T09:33:53,100.0,37.3,S
2021-07-23T09:32:58,300.0,37.3,S
2021-07-23T09:31:42,500.0,37.3,S
2021-07-23T09:31:29,1000.0,37.3,B
2021-07-23T09:31:28,1000.0,37.3,B
2021-07-23T09:31:05,1000.0,37.3,B
2021-07-23T09:30:31,100.0,37.3,B
2021-07-23T09:29:56,100.0,37.3,B
2021-07-23T09:29:30,7600.0,37.3,S
2021-07-23T09:29:30,100.0,37.3,S
2021-07-23T09:29:22,500.0,37.3,S
2021-07-23T09:29:13,500.0,37.3,S
2021-07-23T09:29:05,11300.0,37.3,B
2021-07-23T09:27:58,9200.0,37.3,S
2021-07-23T09:27:19,100.0,37.4,B
2021-07-23T09:26:15,100.0,37.4,B
2021-07-23T09:25:53,100.0,37.4,B
2021-07-23T09:25:00,200.0,37.3,S
2021-07-23T09:24:53,1000.0,37.3,B
2021-07-23T09:24:03,100.0,37.2,B
2021-07-23T09:23:36,100.0,37.2,B
2021-07-23T09:21:00,1000.0,37.1,S
2021-07-23T09:20:47,200.0,37.2,B
2021-07-23T09:20:36,200.0,37.2,B
2021-07-23T09:20:17,200.0,37.2,B
2021-07-23T09:20:13,1000.0,37.2,B
2021-07-23T09:19:44,100.0,37.2,B
2021-07-23T09:19:41,100.0,37.2,B
2021-07-23T09:19:25,600.0,37.2,S
2021-07-23T09:19:21,200.0,37.4,B
2021-07-23T09:19:09,700.0,37.4,B
2021-07-23T09:18:53,100.0,37.2,S
2021-07-23T09:18:38,500.0,37.4,S
2021-07-23T09:18:31,500.0,37.4,S
2021-07-23T09:18:29,100.0,37.4,B
2021-07-23T09:18:21,400.0,37.4,S
2021-07-23T09:18:18,700.0,37.5,B
2021-07-23T09:18:13,600.0,37.4,S
2021-07-23T09:18:10,100.0,37.4,S
2021-07-23T09:18:07,500.0,37.4,S
2021-07-23T09:18:00,7000.0,37.4,S
2021-07-23T09:17:56,100.0,37.4,S
2021-07-23T09:17:55,1300.0,37.4,S
2021-07-23T09:17:55,500.0,37.4,S
2021-07-23T09:17:32,1300.0,37.4,S
2021-07-23T09:17:30,800.0,37.5,B
2021-07-23T09:17:10,3000.0,37.5,B
2021-07-23T09:16:43,500.0,37.5,B
2021-07-23T09:16:19,100.0,37.4,S
2021-07-23T09:15:59,2000.0,37.5,B
2021-07-23T09:15:32,500.0,37.5,B
2021-07-23T09:15:01,2000.0,37.5,B
2021-07-23T09:14:31,4800.0,37.4,B
2021-07-23T09:12:25,500.0,37.4,B
2021-07-23T09:11:18,200.0,37.4,B
2021-07-23T09:10:40,800.0,37.4,B
2021-07-23T09:10:05,200.0,37.4,B
2021-07-23T09:08:45,100.0,37.4,B
2021-07-23T09:08:37,100.0,37.5,B
2021-07-23T09:08:29,100.0,37.4,S
2021-07-23T09:05:41,800.0,37.5,B
2021-07-23T09:05:38,100.0,37.0,B
2021-07-23T09:05:33,800.0,37.0,S
2021-07-23T09:04:55,700.0,37.6,B
2021-07-23T09:04:39,5000.0,37.6,S
2021-07-23T09:04:02,500.0,37.6,S
2021-07-23T09:03:57,100.0,37.6,S
2021-07-23T09:03:56,25000.0,37.9,B
2021-07-23T09:03:48,500.0,37.6,S
2021-07-23T09:03:32,600.0,37.7,B
2021-07-23T09:02:12,1500.0,37.7,B
2021-07-23T09:01:08,100.0,37.5,S
2021-07-23T09:00:58,2000.0,37.5,S
2021-07-23T09:00:54,500.0,37.5,S
2021-07-23T09:00:54,100.0,37.5,S
2021-07-23T09:00:40,100.0,37.5,S
2021-07-23T09:00:32,2900.0,37.5,B
2021-07-23T09:00:32,100.0,37.0,B
