tradingTime,volume,price,side
2021-07-23T11:29:23,100.0,162.3,B
2021-07-23T11:29:21,500.0,162.1,S
2021-07-23T11:29:06,1000.0,162.1,S
2021-07-23T11:28:44,400.0,162.1,B
2021-07-23T11:27:37,600.0,162.0,S
2021-07-23T11:27:31,100.0,162.0,B
2021-07-23T11:27:20,100.0,162.0,S
2021-07-23T11:27:20,200.0,162.0,S
2021-07-23T11:27:05,1000.0,162.0,S
2021-07-23T11:26:33,1200.0,162.0,S
2021-07-23T11:26:33,1700.0,162.0,S
2021-07-23T11:26:33,400.0,162.0,S
2021-07-23T11:26:33,400.0,162.0,S
2021-07-23T11:26:33,200.0,162.0,S
2021-07-23T11:26:33,1100.0,162.0,S
2021-07-23T11:26:32,100.0,162.1,B
2021-07-23T11:26:12,100.0,162.0,S
2021-07-23T11:26:06,1000.0,162.0,S
2021-07-23T11:25:53,500.0,162.0,S
2021-07-23T11:25:53,500.0,162.0,S
2021-07-23T11:25:53,900.0,162.0,S
2021-07-23T11:25:53,100.0,162.0,S
2021-07-23T11:25:37,500.0,162.0,S
2021-07-23T11:25:37,1000.0,162.0,S
2021-07-23T11:25:37,1500.0,162.0,S
2021-07-23T11:25:35,2000.0,162.0,S
2021-07-23T11:25:23,100.0,162.0,S
2021-07-23T11:24:47,100.0,162.0,S
2021-07-23T11:24:47,100.0,162.1,S
2021-07-23T11:24:43,600.0,162.1,S
2021-07-23T11:24:25,2000.0,162.0,S
2021-07-23T11:24:14,200.0,162.0,S
2021-07-23T11:24:03,400.0,162.1,B
2021-07-23T11:24:02,100.0,162.0,S
2021-07-23T11:24:02,400.0,162.0,S
2021-07-23T11:23:57,2000.0,162.0,S
2021-07-23T11:23:48,400.0,162.0,S
2021-07-23T11:23:38,200.0,162.0,S
2021-07-23T11:23:38,400.0,162.0,S
2021-07-23T11:23:33,100.0,162.1,S
2021-07-23T11:23:28,100.0,162.1,S
2021-07-23T11:23:25,100.0,162.1,S
2021-07-23T11:23:20,100.0,162.1,S
2021-07-23T11:23:15,100.0,162.1,S
2021-07-23T11:23:12,2900.0,162.1,S
2021-07-23T11:23:09,100.0,162.1,S
2021-07-23T11:23:04,100.0,162.1,S
2021-07-23T11:23:00,100.0,162.1,S
2021-07-23T11:22:49,400.0,162.1,S
2021-07-23T11:22:44,100.0,162.1,S
2021-07-23T11:22:40,100.0,162.1,S
2021-07-23T11:22:36,100.0,162.1,S
2021-07-23T11:22:32,100.0,162.1,S
2021-07-23T11:22:26,100.0,162.1,S
2021-07-23T11:22:23,100.0,162.1,S
2021-07-23T11:22:18,500.0,162.1,S
2021-07-23T11:22:18,100.0,162.1,S
2021-07-23T11:22:13,300.0,162.1,S
2021-07-23T11:22:13,100.0,162.1,S
2021-07-23T11:22:12,300.0,162.1,S
2021-07-23T11:22:02,400.0,162.1,S
2021-07-23T11:20:58,300.0,162.1,S
2021-07-23T11:20:54,400.0,162.1,S
2021-07-23T11:20:46,200.0,162.1,S
2021-07-23T11:20:44,200.0,162.1,S
2021-07-23T11:20:39,200.0,162.1,S
2021-07-23T11:20:37,400.0,162.1,S
2021-07-23T11:20:36,200.0,162.1,S
2021-07-23T11:20:30,200.0,162.1,S
2021-07-23T11:20:27,300.0,162.1,S
2021-07-23T11:20:25,200.0,162.1,S
2021-07-23T11:20:20,200.0,162.1,S
2021-07-23T11:20:19,500.0,162.1,S
2021-07-23T11:20:11,300.0,162.1,S
2021-07-23T11:20:09,300.0,162.1,S
2021-07-23T11:20:04,100.0,162.1,S
2021-07-23T11:20:04,300.0,162.1,S
2021-07-23T11:20:01,100.0,162.1,S
2021-07-23T11:19:57,100.0,162.1,S
2021-07-23T11:19:55,300.0,162.1,S
2021-07-23T11:19:53,100.0,162.2,S
2021-07-23T11:19:47,100.0,162.2,S
2021-07-23T11:19:47,300.0,162.2,S
2021-07-23T11:19:44,100.0,162.2,S
2021-07-23T11:19:40,100.0,162.2,S
2021-07-23T11:19:33,100.0,162.2,S
2021-07-23T11:19:30,100.0,162.2,S
2021-07-23T11:19:21,400.0,162.2,S
2021-07-23T11:19:05,200.0,162.2,S
2021-07-23T11:18:11,1000.0,162.2,S
2021-07-23T11:18:06,400.0,162.2,S
2021-07-23T11:18:01,100.0,162.2,S
2021-07-23T11:17:57,100.0,162.2,S
2021-07-23T11:17:52,100.0,162.2,S
2021-07-23T11:17:46,100.0,162.2,S
2021-07-23T11:17:46,200.0,162.5,B
2021-07-23T11:17:42,100.0,162.2,S
2021-07-23T11:17:39,800.0,162.2,S
2021-07-23T11:17:39,100.0,162.2,S
2021-07-23T11:17:35,100.0,162.2,S
2021-07-23T11:17:31,100.0,162.2,S
2021-07-23T11:17:16,300.0,162.2,S
2021-07-23T11:17:12,100.0,162.2,S
2021-07-23T11:17:08,100.0,162.2,S
2021-07-23T11:17:05,100.0,162.2,S
2021-07-23T11:17:01,100.0,162.2,S
2021-07-23T11:16:57,100.0,162.2,S
2021-07-23T11:16:53,100.0,162.2,S
2021-07-23T11:16:53,200.0,162.2,S
2021-07-23T11:16:49,100.0,162.2,S
2021-07-23T11:16:47,400.0,162.2,S
2021-07-23T11:16:45,100.0,162.2,S
2021-07-23T11:16:41,1000.0,162.5,B
2021-07-23T11:16:41,100.0,162.2,S
2021-07-23T11:16:40,3300.0,162.2,S
2021-07-23T11:16:38,400.0,162.2,S
2021-07-23T11:16:32,300.0,162.2,S
2021-07-23T11:16:27,300.0,162.2,S
2021-07-23T11:16:26,100.0,162.2,S
2021-07-23T11:16:21,100.0,162.2,S
2021-07-23T11:16:20,300.0,162.2,S
2021-07-23T11:16:17,100.0,162.2,S
2021-07-23T11:16:14,100.0,162.2,S
2021-07-23T11:16:13,300.0,162.2,S
2021-07-23T11:16:09,100.0,162.2,S
2021-07-23T11:16:05,200.0,162.2,S
2021-07-23T11:16:05,100.0,162.2,S
2021-07-23T11:16:02,100.0,162.2,S
2021-07-23T11:15:57,100.0,162.2,S
2021-07-23T11:15:56,300.0,162.2,S
2021-07-23T11:15:50,100.0,162.2,S
2021-07-23T11:15:48,300.0,162.2,S
2021-07-23T11:15:39,400.0,162.2,S
2021-07-23T11:15:33,200.0,162.3,S
2021-07-23T11:15:23,500.0,162.3,S
2021-07-23T11:15:08,400.0,162.2,S
2021-07-23T11:15:08,900.0,162.2,S
2021-07-23T11:14:54,100.0,162.2,S
2021-07-23T11:14:54,800.0,162.3,S
2021-07-23T11:13:53,300.0,162.3,S
2021-07-23T11:13:41,300.0,162.3,B
2021-07-23T11:13:23,1000.0,162.3,B
2021-07-23T11:11:14,900.0,162.2,B
2021-07-23T11:11:01,100.0,162.2,B
2021-07-23T11:10:55,1000.0,162.2,B
2021-07-23T11:10:35,100.0,162.2,B
2021-07-23T11:10:10,100.0,162.2,S
2021-07-23T11:09:39,6000.0,162.2,B
2021-07-23T11:08:56,200.0,162.0,S
2021-07-23T11:08:19,1000.0,162.0,S
2021-07-23T11:08:10,300.0,162.0,S
2021-07-23T11:08:06,700.0,162.0,S
2021-07-23T11:08:06,100.0,162.0,S
2021-07-23T11:08:06,400.0,162.0,S
2021-07-23T11:08:04,100.0,162.0,S
2021-07-23T11:08:04,200.0,162.0,S
2021-07-23T11:08:04,200.0,162.0,S
2021-07-23T11:08:03,300.0,162.0,S
2021-07-23T11:07:57,2700.0,162.0,S
2021-07-23T11:07:56,400.0,162.0,S
2021-07-23T11:07:37,400.0,162.0,S
2021-07-23T11:07:37,100.0,162.0,S
2021-07-23T11:07:37,200.0,162.0,S
2021-07-23T11:07:37,100.0,162.0,S
2021-07-23T11:07:37,200.0,162.0,S
2021-07-23T11:07:32,1000.0,162.0,S
2021-07-23T11:07:29,100.0,162.0,S
2021-07-23T11:07:29,300.0,162.0,S
2021-07-23T11:06:58,100.0,162.0,S
2021-07-23T11:06:46,300.0,162.0,S
2021-07-23T11:06:38,300.0,162.0,S
2021-07-23T11:06:30,300.0,162.0,S
2021-07-23T11:06:20,400.0,162.0,S
2021-07-23T11:06:12,300.0,162.0,S
2021-07-23T11:06:05,300.0,162.0,S
2021-07-23T11:05:55,300.0,162.0,S
2021-07-23T11:05:49,300.0,162.0,S
2021-07-23T11:05:29,400.0,162.0,S
2021-07-23T11:05:27,100.0,162.3,B
2021-07-23T11:05:17,1100.0,162.3,S
2021-07-23T11:05:14,100.0,162.3,S
2021-07-23T11:05:10,300.0,162.3,S
2021-07-23T11:05:01,400.0,162.3,S
2021-07-23T11:04:55,1200.0,162.3,B
2021-07-23T11:04:55,300.0,162.0,S
2021-07-23T11:04:46,300.0,162.0,S
2021-07-23T11:04:38,200.0,162.0,S
2021-07-23T11:04:36,1500.0,162.0,S
2021-07-23T11:04:36,3200.0,162.0,S
2021-07-23T11:04:36,5100.0,162.0,S
2021-07-23T11:04:36,300.0,162.0,S
2021-07-23T11:04:36,3300.0,162.0,S
2021-07-23T11:04:36,2500.0,162.0,S
2021-07-23T11:04:36,3200.0,162.0,S
2021-07-23T11:04:36,1100.0,162.0,S
2021-07-23T11:04:36,2200.0,162.0,S
2021-07-23T11:04:36,100.0,162.0,S
2021-07-23T11:04:36,12700.0,162.0,S
2021-07-23T11:04:36,1700.0,162.1,S
2021-07-23T11:04:36,1000.0,162.1,S
2021-07-23T11:04:36,4100.0,162.1,S
2021-07-23T11:04:31,300.0,162.2,S
2021-07-23T11:04:29,200.0,162.3,B
2021-07-23T11:04:24,200.0,162.2,S
2021-07-23T11:04:19,100.0,162.3,B
2021-07-23T11:04:14,300.0,162.2,S
2021-07-23T11:04:07,200.0,162.2,S
2021-07-23T11:04:03,2000.0,162.2,S
2021-07-23T11:03:57,200.0,162.2,S
2021-07-23T11:03:52,300.0,162.2,S
2021-07-23T11:03:41,200.0,162.2,S
2021-07-23T11:03:34,300.0,162.2,S
2021-07-23T11:03:26,500.0,162.2,S
2021-07-23T11:03:18,1200.0,162.2,S
2021-07-23T11:03:10,300.0,162.2,S
2021-07-23T11:03:07,300.0,162.2,S
2021-07-23T11:03:03,400.0,162.2,S
2021-07-23T11:03:01,300.0,162.2,S
2021-07-23T11:02:54,400.0,162.2,S
2021-07-23T11:02:47,400.0,162.3,B
2021-07-23T11:02:44,300.0,162.2,S
2021-07-23T11:02:39,300.0,162.2,S
2021-07-23T11:02:29,200.0,162.2,S
2021-07-23T11:02:22,300.0,162.2,S
2021-07-23T11:02:14,400.0,162.3,B
2021-07-23T11:02:12,400.0,162.3,S
2021-07-23T11:02:11,400.0,162.3,S
2021-07-23T11:02:06,300.0,162.3,S
2021-07-23T11:01:56,300.0,162.3,S
2021-07-23T11:01:51,400.0,162.3,S
2021-07-23T11:01:39,400.0,162.3,S
2021-07-23T11:01:34,2300.0,162.3,S
2021-07-23T11:01:34,300.0,162.3,S
2021-07-23T11:01:24,400.0,162.3,S
2021-07-23T11:01:05,300.0,162.5,S
2021-07-23T11:01:05,1000.0,162.5,S
2021-07-23T11:01:01,300.0,162.5,S
2021-07-23T11:00:54,400.0,162.5,S
2021-07-23T11:00:45,400.0,162.5,S
2021-07-23T11:00:45,3000.0,162.5,S
2021-07-23T11:00:37,400.0,162.5,S
2021-07-23T11:00:30,200.0,162.5,S
2021-07-23T10:59:54,1500.0,162.5,S
2021-07-23T10:59:54,800.0,162.5,S
2021-07-23T10:59:51,200.0,162.9,B
2021-07-23T10:59:26,2000.0,162.9,B
2021-07-23T10:59:21,200.0,162.9,S
2021-07-23T10:59:00,1400.0,162.9,S
2021-07-23T10:57:25,400.0,163.0,B
2021-07-23T10:57:02,1000.0,163.0,B
2021-07-23T10:56:37,600.0,162.9,B
2021-07-23T10:56:03,200.0,162.9,B
2021-07-23T10:55:48,3000.0,162.9,B
2021-07-23T10:55:43,100.0,162.9,B
2021-07-23T10:55:26,1900.0,162.9,B
2021-07-23T10:55:26,1100.0,162.9,B
2021-07-23T10:55:13,400.0,162.8,S
2021-07-23T10:55:07,1400.0,162.8,B
2021-07-23T10:54:54,200.0,162.8,B
2021-07-23T10:54:48,500.0,162.8,B
2021-07-23T10:53:34,100.0,162.8,B
2021-07-23T10:52:47,700.0,162.5,B
2021-07-23T10:52:32,100.0,162.5,B
2021-07-23T10:52:02,500.0,162.5,B
2021-07-23T10:52:00,100.0,162.5,B
2021-07-23T10:51:24,100.0,162.5,B
2021-07-23T10:50:46,100.0,162.2,S
2021-07-23T10:50:13,200.0,162.2,S
2021-07-23T10:50:08,100.0,162.2,S
2021-07-23T10:50:04,100.0,162.2,S
2021-07-23T10:49:58,100.0,162.2,S
2021-07-23T10:49:37,100.0,162.2,S
2021-07-23T10:49:34,100.0,162.2,S
2021-07-23T10:49:32,100.0,162.1,S
2021-07-23T10:49:30,400.0,162.1,S
2021-07-23T10:49:27,100.0,162.1,S
2021-07-23T10:49:26,100.0,162.2,B
2021-07-23T10:49:22,100.0,162.1,S
2021-07-23T10:49:16,100.0,162.1,S
2021-07-23T10:49:14,500.0,162.1,S
2021-07-23T10:49:14,500.0,162.1,S
2021-07-23T10:49:11,100.0,162.1,S
2021-07-23T10:49:10,400.0,162.1,S
2021-07-23T10:49:07,100.0,162.1,S
2021-07-23T10:49:04,100.0,162.2,B
2021-07-23T10:49:03,100.0,162.2,B
2021-07-23T10:48:59,100.0,162.2,B
2021-07-23T10:48:54,300.0,162.1,S
2021-07-23T10:48:44,200.0,162.1,S
2021-07-23T10:48:36,900.0,162.1,S
2021-07-23T10:48:35,200.0,162.1,S
2021-07-23T10:48:33,2300.0,162.1,S
2021-07-23T10:48:30,500.0,162.1,S
2021-07-23T10:48:26,100.0,162.1,S
2021-07-23T10:48:22,200.0,162.1,S
2021-07-23T10:48:19,200.0,162.2,S
2021-07-23T10:48:14,100.0,162.2,S
2021-07-23T10:48:14,100.0,162.2,S
2021-07-23T10:48:12,500.0,162.2,S
2021-07-23T10:48:10,200.0,162.2,S
2021-07-23T10:48:08,2500.0,162.2,S
2021-07-23T10:48:08,200.0,162.2,S
2021-07-23T10:48:07,12300.0,162.2,S
2021-07-23T10:48:05,200.0,162.5,S
2021-07-23T10:48:05,300.0,162.5,S
2021-07-23T10:48:01,100.0,162.5,S
2021-07-23T10:47:56,300.0,162.5,S
2021-07-23T10:47:50,500.0,162.5,S
2021-07-23T10:47:39,200.0,162.5,S
2021-07-23T10:46:37,2000.0,162.2,S
2021-07-23T10:46:33,4900.0,162.4,B
2021-07-23T10:46:32,500.0,162.2,S
2021-07-23T10:46:17,600.0,162.2,S
2021-07-23T10:46:12,200.0,162.2,S
2021-07-23T10:46:07,600.0,162.2,S
2021-07-23T10:45:57,800.0,162.2,S
2021-07-23T10:45:57,1500.0,162.2,S
2021-07-23T10:45:55,300.0,162.2,S
2021-07-23T10:45:51,2000.0,162.2,S
2021-07-23T10:45:50,400.0,162.3,B
2021-07-23T10:45:47,300.0,162.2,S
2021-07-23T10:45:38,300.0,162.2,S
2021-07-23T10:45:27,200.0,162.2,S
2021-07-23T10:45:24,900.0,162.2,S
2021-07-23T10:45:23,300.0,162.2,S
2021-07-23T10:45:20,100.0,162.2,S
2021-07-23T10:45:19,2300.0,162.2,S
2021-07-23T10:45:11,400.0,162.3,S
2021-07-23T10:45:04,400.0,162.2,S
2021-07-23T10:44:58,200.0,162.2,S
2021-07-23T10:44:57,2000.0,162.2,S
2021-07-23T10:44:54,900.0,162.3,S
2021-07-23T10:44:54,500.0,162.3,S
2021-07-23T10:44:51,400.0,162.3,S
2021-07-23T10:44:44,900.0,162.3,S
2021-07-23T10:44:42,200.0,162.3,S
2021-07-23T10:44:32,300.0,162.3,S
2021-07-23T10:44:27,300.0,162.3,S
2021-07-23T10:44:26,200.0,162.3,S
2021-07-23T10:44:25,300.0,162.3,S
2021-07-23T10:44:17,200.0,162.3,S
2021-07-23T10:44:15,100.0,162.3,S
2021-07-23T10:44:15,100.0,162.4,B
2021-07-23T10:44:03,100.0,162.4,S
2021-07-23T10:44:02,100.0,162.4,S
2021-07-23T10:44:00,100.0,162.4,S
2021-07-23T10:43:46,100.0,162.4,S
2021-07-23T10:43:42,400.0,162.4,S
2021-07-23T10:43:41,100.0,162.4,S
2021-07-23T10:43:37,100.0,162.4,S
2021-07-23T10:43:29,100.0,162.4,S
2021-07-23T10:43:26,100.0,162.4,S
2021-07-23T10:43:19,1000.0,162.9,B
2021-07-23T10:43:19,100.0,162.4,S
2021-07-23T10:42:58,100.0,162.9,B
2021-07-23T10:42:54,400.0,162.4,S
2021-07-23T10:42:49,300.0,162.4,S
2021-07-23T10:40:54,500.0,162.2,S
2021-07-23T10:40:54,500.0,162.2,S
2021-07-23T10:39:55,500.0,162.2,S
2021-07-23T10:39:45,900.0,162.1,S
2021-07-23T10:39:44,100.0,162.2,B
2021-07-23T10:39:40,100.0,162.2,B
2021-07-23T10:39:37,1000.0,162.2,B
2021-07-23T10:39:26,500.0,162.2,B
2021-07-23T10:39:23,900.0,162.1,S
2021-07-23T10:39:21,400.0,162.1,S
2021-07-23T10:39:20,100.0,162.1,S
2021-07-23T10:39:17,100.0,162.1,S
2021-07-23T10:39:16,300.0,162.1,S
2021-07-23T10:39:12,100.0,162.1,S
2021-07-23T10:39:11,4600.0,162.2,S
2021-07-23T10:39:09,100.0,162.3,S
2021-07-23T10:39:07,400.0,162.3,S
2021-07-23T10:39:06,100.0,162.3,S
2021-07-23T10:39:04,100.0,162.9,B
2021-07-23T10:39:02,100.0,162.3,S
2021-07-23T10:38:59,100.0,162.2,S
2021-07-23T10:38:55,100.0,162.2,S
2021-07-23T10:38:52,100.0,162.2,S
2021-07-23T10:38:47,100.0,162.2,B
2021-07-23T10:38:47,400.0,162.2,B
2021-07-23T10:38:47,2900.0,162.2,B
2021-07-23T10:38:44,400.0,162.2,S
2021-07-23T10:38:44,500.0,162.2,S
2021-07-23T10:38:44,1000.0,162.2,S
2021-07-23T10:38:42,100.0,162.3,S
2021-07-23T10:38:40,100.0,162.3,S
2021-07-23T10:38:36,300.0,162.2,S
2021-07-23T10:38:29,300.0,162.2,S
2021-07-23T10:38:20,300.0,162.2,S
2021-07-23T10:38:16,100.0,162.2,S
2021-07-23T10:38:14,300.0,162.2,S
2021-07-23T10:38:11,100.0,162.2,S
2021-07-23T10:38:08,400.0,162.2,S
2021-07-23T10:38:08,100.0,162.2,S
2021-07-23T10:38:07,200.0,162.2,S
2021-07-23T10:38:04,100.0,162.2,S
2021-07-23T10:38:01,100.0,162.4,S
2021-07-23T10:38:01,100.0,162.4,S
2021-07-23T10:38:00,200.0,162.3,B
2021-07-23T10:37:57,100.0,162.2,S
2021-07-23T10:37:56,100.0,162.3,S
2021-07-23T10:37:55,100.0,162.3,S
2021-07-23T10:37:52,100.0,162.3,S
2021-07-23T10:37:49,100.0,162.3,S
2021-07-23T10:37:45,300.0,162.2,S
2021-07-23T10:37:41,100.0,162.2,S
2021-07-23T10:37:41,400.0,162.2,S
2021-07-23T10:37:37,100.0,162.2,S
2021-07-23T10:37:34,300.0,162.2,S
2021-07-23T10:37:29,400.0,162.2,S
2021-07-23T10:37:13,100.0,162.1,S
2021-07-23T10:37:11,300.0,162.1,S
2021-07-23T10:37:01,900.0,162.1,S
2021-07-23T10:36:32,100.0,162.9,B
2021-07-23T10:36:14,400.0,162.1,S
2021-07-23T10:36:00,400.0,162.1,S
2021-07-23T10:35:48,400.0,162.1,S
2021-07-23T10:35:36,400.0,162.1,S
2021-07-23T10:35:24,200.0,162.1,B
2021-07-23T10:35:24,300.0,162.1,B
2021-07-23T10:35:10,100.0,162.1,B
2021-07-23T10:35:04,500.0,162.1,B
2021-07-23T10:35:03,200.0,162.1,B
2021-07-23T10:34:52,100.0,162.1,B
2021-07-23T10:34:51,300.0,162.0,S
2021-07-23T10:34:23,200.0,162.1,B
2021-07-23T10:34:23,300.0,162.0,S
2021-07-23T10:34:11,100.0,162.0,S
2021-07-23T10:34:05,100.0,162.1,S
2021-07-23T10:34:00,100.0,162.1,S
2021-07-23T10:33:59,100.0,162.1,S
2021-07-23T10:33:57,300.0,162.0,S
2021-07-23T10:33:52,100.0,162.0,S
2021-07-23T10:33:49,100.0,162.0,S
2021-07-23T10:33:47,200.0,162.0,S
2021-07-23T10:33:44,100.0,162.0,S
2021-07-23T10:33:40,400.0,162.0,S
2021-07-23T10:33:40,100.0,162.0,S
2021-07-23T10:33:37,100.0,162.0,S
2021-07-23T10:33:33,300.0,162.0,S
2021-07-23T10:33:32,100.0,162.0,S
2021-07-23T10:33:29,100.0,162.0,S
2021-07-23T10:33:25,100.0,162.0,S
2021-07-23T10:33:22,300.0,162.0,S
2021-07-23T10:33:17,400.0,162.0,S
2021-07-23T10:33:12,100.0,162.0,S
2021-07-23T10:33:08,300.0,162.0,S
2021-07-23T10:32:59,200.0,162.0,S
2021-07-23T10:32:54,100.0,162.0,S
2021-07-23T10:32:50,400.0,162.0,S
2021-07-23T10:32:48,100.0,162.0,S
2021-07-23T10:32:45,500.0,162.0,S
2021-07-23T10:32:44,100.0,162.0,S
2021-07-23T10:32:39,100.0,162.0,S
2021-07-23T10:32:39,900.0,162.0,S
2021-07-23T10:32:37,400.0,162.0,S
2021-07-23T10:32:35,300.0,162.1,S
2021-07-23T10:32:34,100.0,162.1,B
2021-07-23T10:32:34,500.0,162.0,B
2021-07-23T10:32:30,1400.0,162.0,S
2021-07-23T10:32:30,100.0,162.0,S
2021-07-23T10:32:29,400.0,162.0,S
2021-07-23T10:32:28,200.0,162.0,S
2021-07-23T10:32:28,200.0,162.0,S
2021-07-23T10:32:28,200.0,162.0,S
2021-07-23T10:32:28,300.0,162.0,S
2021-07-23T10:32:28,100.0,162.0,S
2021-07-23T10:32:28,1400.0,162.0,S
2021-07-23T10:32:28,200.0,162.0,S
2021-07-23T10:32:28,300.0,162.0,S
2021-07-23T10:32:28,600.0,162.0,S
2021-07-23T10:32:28,100.0,162.0,S
2021-07-23T10:32:28,200.0,162.0,S
2021-07-23T10:32:28,700.0,162.0,S
2021-07-23T10:32:28,300.0,162.0,S
2021-07-23T10:32:28,300.0,162.0,S
2021-07-23T10:32:28,800.0,162.0,S
2021-07-23T10:32:28,200.0,162.0,S
2021-07-23T10:32:28,2000.0,162.0,S
2021-07-23T10:32:26,100.0,162.0,S
2021-07-23T10:32:25,200.0,162.0,S
2021-07-23T10:32:25,600.0,162.0,S
2021-07-23T10:32:25,100.0,162.0,S
2021-07-23T10:32:25,1700.0,162.0,S
2021-07-23T10:32:25,5500.0,162.0,S
2021-07-23T10:32:25,400.0,162.0,S
2021-07-23T10:32:25,100.0,162.0,S
2021-07-23T10:32:25,1000.0,162.0,S
2021-07-23T10:32:25,2400.0,162.0,S
2021-07-23T10:32:25,2500.0,162.0,S
2021-07-23T10:32:25,300.0,162.0,S
2021-07-23T10:32:25,1000.0,162.0,S
2021-07-23T10:32:25,500.0,162.0,S
2021-07-23T10:32:25,200.0,162.0,S
2021-07-23T10:32:25,6000.0,162.0,S
2021-07-23T10:32:21,2000.0,162.0,S
2021-07-23T10:32:21,100.0,162.0,S
2021-07-23T10:32:21,400.0,162.0,S
2021-07-23T10:32:20,2000.0,162.0,S
2021-07-23T10:32:18,3000.0,162.0,S
2021-07-23T10:32:16,100.0,162.0,S
2021-07-23T10:32:15,2000.0,162.2,S
2021-07-23T10:32:11,2000.0,162.0,S
2021-07-23T10:32:11,100.0,162.0,S
2021-07-23T10:32:11,1000.0,162.0,S
2021-07-23T10:32:11,400.0,162.0,S
2021-07-23T10:32:09,3000.0,162.0,S
2021-07-23T10:32:08,100.0,162.0,S
2021-07-23T10:32:07,100.0,162.0,S
2021-07-23T10:32:05,200.0,162.0,S
2021-07-23T10:32:01,3000.0,162.0,S
2021-07-23T10:31:58,1600.0,162.0,S
2021-07-23T10:31:58,700.0,162.0,S
2021-07-23T10:31:58,700.0,162.1,S
2021-07-23T10:31:56,500.0,162.1,S
2021-07-23T10:31:55,100.0,162.1,S
2021-07-23T10:31:55,200.0,162.1,S
2021-07-23T10:31:54,200.0,162.2,B
2021-07-23T10:31:51,2000.0,162.1,S
2021-07-23T10:31:50,200.0,162.2,S
2021-07-23T10:31:47,500.0,162.2,S
2021-07-23T10:31:43,3000.0,162.1,S
2021-07-23T10:31:41,100.0,162.1,S
2021-07-23T10:31:41,300.0,162.1,S
2021-07-23T10:31:40,2000.0,162.1,S
2021-07-23T10:31:37,100.0,162.1,S
2021-07-23T10:31:36,500.0,162.1,S
2021-07-23T10:31:34,100.0,162.1,S
2021-07-23T10:31:33,500.0,162.1,S
2021-07-23T10:31:33,300.0,162.1,S
2021-07-23T10:31:33,1200.0,162.1,S
2021-07-23T10:31:31,300.0,162.1,S
2021-07-23T10:31:31,500.0,162.1,S
2021-07-23T10:31:30,100.0,162.1,S
2021-07-23T10:31:27,2100.0,162.1,S
2021-07-23T10:31:25,400.0,162.1,S
2021-07-23T10:31:24,100.0,162.1,S
2021-07-23T10:31:22,100.0,162.1,S
2021-07-23T10:31:18,100.0,162.1,S
2021-07-23T10:31:17,2000.0,162.1,S
2021-07-23T10:31:15,400.0,162.2,S
2021-07-23T10:31:14,100.0,162.2,S
2021-07-23T10:31:12,100.0,162.2,S
2021-07-23T10:31:10,100.0,162.2,S
2021-07-23T10:31:08,500.0,162.2,S
2021-07-23T10:31:05,500.0,162.2,S
2021-07-23T10:31:04,100.0,162.2,S
2021-07-23T10:31:03,500.0,162.2,S
2021-07-23T10:31:00,2000.0,162.1,S
2021-07-23T10:30:59,100.0,162.2,S
2021-07-23T10:30:55,100.0,162.2,S
2021-07-23T10:30:54,100.0,162.2,S
2021-07-23T10:30:50,100.0,162.2,S
2021-07-23T10:30:48,500.0,162.1,S
2021-07-23T10:30:44,2000.0,162.1,S
2021-07-23T10:30:44,2000.0,162.2,S
2021-07-23T10:30:41,300.0,162.2,S
2021-07-23T10:30:41,2000.0,162.2,S
2021-07-23T10:30:20,400.0,162.2,S
2021-07-23T10:30:16,300.0,162.2,S
2021-07-23T10:29:55,900.0,162.2,S
2021-07-23T10:29:53,100.0,162.9,B
2021-07-23T10:29:48,3000.0,162.2,S
2021-07-23T10:29:46,2000.0,162.1,S
2021-07-23T10:29:38,1000.0,162.1,S
2021-07-23T10:29:38,200.0,162.1,S
2021-07-23T10:29:38,1800.0,162.1,S
2021-07-23T10:29:35,2000.0,162.1,S
2021-07-23T10:29:28,1000.0,162.1,S
2021-07-23T10:29:28,200.0,162.2,S
2021-07-23T10:29:28,800.0,162.2,S
2021-07-23T10:29:27,1200.0,162.2,S
2021-07-23T10:29:25,400.0,162.2,S
2021-07-23T10:29:25,1400.0,162.2,S
2021-07-23T10:29:25,100.0,162.2,S
2021-07-23T10:29:25,1100.0,162.2,S
2021-07-23T10:29:19,2000.0,162.2,S
2021-07-23T10:29:15,1900.0,162.2,S
2021-07-23T10:29:15,1100.0,162.2,S
2021-07-23T10:29:13,3000.0,162.2,S
2021-07-23T10:29:11,100.0,163.0,B
2021-07-23T10:29:04,100.0,162.3,S
2021-07-23T10:29:01,100.0,162.2,S
2021-07-23T10:28:55,3000.0,162.2,S
2021-07-23T10:28:50,100.0,162.2,S
2021-07-23T10:28:41,3000.0,162.2,S
2021-07-23T10:28:38,500.0,162.2,S
2021-07-23T10:28:35,600.0,162.2,S
2021-07-23T10:28:35,1400.0,162.3,S
2021-07-23T10:28:33,100.0,162.3,S
2021-07-23T10:28:25,500.0,162.3,S
2021-07-23T10:28:23,100.0,163.0,B
2021-07-23T10:28:12,800.0,162.3,S
2021-07-23T10:28:12,2200.0,162.3,S
2021-07-23T10:28:06,3000.0,162.3,S
2021-07-23T10:28:01,1100.0,162.3,S
2021-07-23T10:28:01,600.0,162.3,S
2021-07-23T10:28:01,300.0,162.3,S
2021-07-23T10:27:59,500.0,162.3,S
2021-07-23T10:27:32,100.0,162.4,S
2021-07-23T10:27:30,300.0,162.4,S
2021-07-23T10:27:23,500.0,162.4,S
2021-07-23T10:27:23,1700.0,162.5,S
2021-07-23T10:27:18,500.0,162.5,S
2021-07-23T10:27:09,100.0,162.5,S
2021-07-23T10:26:33,3000.0,162.5,S
2021-07-23T10:26:25,1200.0,162.4,S
2021-07-23T10:26:25,1800.0,162.5,S
2021-07-23T10:26:19,100.0,162.6,S
2021-07-23T10:26:10,100.0,162.6,S
2021-07-23T10:26:06,100.0,162.6,S
2021-07-23T10:25:33,500.0,162.6,S
2021-07-23T10:25:07,100.0,163.0,B
2021-07-23T10:24:27,500.0,163.0,B
2021-07-23T10:23:47,100.0,163.0,B
2021-07-23T10:23:06,200.0,163.0,B
2021-07-23T10:23:02,200.0,162.9,B
2021-07-23T10:22:58,200.0,162.9,B
2021-07-23T10:22:54,200.0,162.9,B
2021-07-23T10:22:49,200.0,162.9,B
2021-07-23T10:22:45,200.0,162.9,B
2021-07-23T10:22:34,200.0,162.3,S
2021-07-23T10:21:00,1000.0,162.3,S
2021-07-23T10:20:54,500.0,162.5,B
2021-07-23T10:20:45,600.0,162.3,S
2021-07-23T10:20:15,100.0,162.3,S
2021-07-23T10:20:09,100.0,162.3,S
2021-07-23T10:20:06,100.0,162.3,S
2021-07-23T10:20:01,100.0,162.3,S
2021-07-23T10:19:57,100.0,162.3,S
2021-07-23T10:19:53,100.0,162.3,S
2021-07-23T10:19:47,100.0,162.3,S
2021-07-23T10:19:44,200.0,162.3,S
2021-07-23T10:19:43,100.0,162.3,S
2021-07-23T10:19:37,1000.0,162.3,S
2021-07-23T10:19:37,100.0,162.3,S
2021-07-23T10:19:31,100.0,162.3,S
2021-07-23T10:19:26,100.0,162.3,S
2021-07-23T10:19:20,100.0,162.3,S
2021-07-23T10:19:12,300.0,162.3,S
2021-07-23T10:19:02,100.0,162.3,S
2021-07-23T10:18:54,100.0,162.3,S
2021-07-23T10:18:51,100.0,162.3,S
2021-07-23T10:18:45,100.0,162.3,S
2021-07-23T10:18:43,100.0,162.3,S
2021-07-23T10:18:36,100.0,162.3,S
2021-07-23T10:18:33,100.0,162.3,S
2021-07-23T10:18:27,100.0,162.3,S
2021-07-23T10:18:26,200.0,162.6,B
2021-07-23T10:18:22,100.0,162.3,S
2021-07-23T10:18:17,100.0,162.3,S
2021-07-23T10:18:10,100.0,162.3,S
2021-07-23T10:18:06,100.0,162.6,S
2021-07-23T10:18:00,100.0,162.5,B
2021-07-23T10:17:59,300.0,162.5,B
2021-07-23T10:17:54,300.0,162.5,S
2021-07-23T10:17:52,2000.0,162.5,S
2021-07-23T10:17:47,300.0,162.5,S
2021-07-23T10:17:39,300.0,162.5,S
2021-07-23T10:17:26,100.0,162.5,S
2021-07-23T10:17:26,900.0,162.5,S
2021-07-23T10:17:23,200.0,162.5,S
2021-07-23T10:17:22,100.0,162.5,S
2021-07-23T10:17:18,100.0,162.5,S
2021-07-23T10:17:17,900.0,162.6,S
2021-07-23T10:17:15,100.0,162.6,B
2021-07-23T10:17:15,100.0,162.5,S
2021-07-23T10:17:12,400.0,162.5,S
2021-07-23T10:17:09,100.0,162.5,S
2021-07-23T10:17:05,200.0,162.6,S
2021-07-23T10:17:04,100.0,162.6,S
2021-07-23T10:17:00,100.0,162.6,S
2021-07-23T10:17:00,400.0,162.6,S
2021-07-23T10:16:55,100.0,162.6,S
2021-07-23T10:16:52,100.0,162.6,S
2021-07-23T10:16:49,5100.0,163.0,B
2021-07-23T10:16:49,100.0,162.6,S
2021-07-23T10:16:49,100.0,162.6,S
2021-07-23T10:16:45,100.0,162.6,S
2021-07-23T10:16:41,300.0,162.6,S
2021-07-23T10:16:41,100.0,162.6,S
2021-07-23T10:16:34,100.0,162.6,S
2021-07-23T10:16:24,100.0,163.0,B
2021-07-23T10:16:19,200.0,163.0,B
2021-07-23T10:16:04,1400.0,163.0,B
2021-07-23T10:15:42,500.0,163.0,B
2021-07-23T10:15:26,100.0,163.0,B
2021-07-23T10:15:09,100.0,162.6,S
2021-07-23T10:15:06,100.0,162.6,B
2021-07-23T10:13:33,100.0,162.6,B
2021-07-23T10:12:59,700.0,162.1,S
2021-07-23T10:12:49,2000.0,162.1,S
2021-07-23T10:12:44,1000.0,162.1,S
2021-07-23T10:12:44,300.0,162.1,S
2021-07-23T10:12:44,1700.0,162.1,S
2021-07-23T10:12:39,900.0,162.1,S
2021-07-23T10:12:39,600.0,162.1,S
2021-07-23T10:12:39,1500.0,162.2,S
2021-07-23T10:12:37,1900.0,162.2,S
2021-07-23T10:12:37,500.0,162.2,S
2021-07-23T10:12:37,600.0,162.2,S
2021-07-23T10:12:31,100.0,162.2,S
2021-07-23T10:12:26,800.0,162.2,S
2021-07-23T10:12:26,200.0,162.2,S
2021-07-23T10:12:26,400.0,162.2,S
2021-07-23T10:12:26,100.0,162.2,S
2021-07-23T10:12:26,1500.0,162.2,S
2021-07-23T10:12:18,100.0,162.2,S
2021-07-23T10:12:16,2000.0,162.2,S
2021-07-23T10:12:12,500.0,162.2,S
2021-07-23T10:11:24,200.0,162.2,S
2021-07-23T10:11:18,100.0,162.2,S
2021-07-23T10:11:15,100.0,162.2,S
2021-07-23T10:11:11,100.0,162.2,S
2021-07-23T10:11:08,100.0,162.2,S
2021-07-23T10:11:07,200.0,162.2,S
2021-07-23T10:11:04,100.0,162.2,S
2021-07-23T10:11:01,900.0,162.2,S
2021-07-23T10:10:59,100.0,162.2,S
2021-07-23T10:10:58,300.0,162.2,S
2021-07-23T10:10:53,100.0,162.2,S
2021-07-23T10:10:51,900.0,162.2,S
2021-07-23T10:10:50,100.0,162.6,B
2021-07-23T10:10:50,300.0,162.2,S
2021-07-23T10:10:49,100.0,162.2,S
2021-07-23T10:10:48,2400.0,162.2,S
2021-07-23T10:10:43,100.0,162.2,S
2021-07-23T10:10:43,300.0,162.2,S
2021-07-23T10:10:41,900.0,162.2,S
2021-07-23T10:10:35,500.0,162.2,S
2021-07-23T10:10:30,100.0,162.2,S
2021-07-23T10:10:27,200.0,162.2,S
2021-07-23T10:10:26,900.0,162.2,S
2021-07-23T10:10:26,100.0,162.3,S
2021-07-23T10:10:17,300.0,162.2,S
2021-07-23T10:10:15,900.0,162.2,S
2021-07-23T10:10:12,200.0,162.3,S
2021-07-23T10:10:05,900.0,162.2,S
2021-07-23T10:10:04,300.0,162.3,S
2021-07-23T10:09:55,400.0,162.3,S
2021-07-23T10:09:55,900.0,162.3,S
2021-07-23T10:09:45,200.0,162.3,S
2021-07-23T10:09:42,200.0,162.3,S
2021-07-23T10:09:39,100.0,162.3,B
2021-07-23T10:09:36,200.0,162.3,S
2021-07-23T10:09:35,900.0,162.3,S
2021-07-23T10:09:34,200.0,162.3,S
2021-07-23T10:09:29,200.0,162.3,S
2021-07-23T10:09:28,300.0,162.3,S
2021-07-23T10:09:26,2400.0,162.3,S
2021-07-23T10:09:24,900.0,162.3,S
2021-07-23T10:09:24,200.0,162.3,S
2021-07-23T10:09:19,200.0,162.3,S
2021-07-23T10:09:19,100.0,162.3,S
2021-07-23T10:09:19,200.0,162.3,S
2021-07-23T10:09:15,900.0,162.3,S
2021-07-23T10:09:12,400.0,162.5,S
2021-07-23T10:09:12,100.0,162.5,S
2021-07-23T10:09:09,2400.0,162.5,S
2021-07-23T10:09:05,100.0,162.6,S
2021-07-23T10:09:03,100.0,162.5,S
2021-07-23T10:09:02,400.0,162.5,S
2021-07-23T10:09:00,100.0,162.5,S
2021-07-23T10:08:57,300.0,162.5,S
2021-07-23T10:08:55,100.0,162.5,S
2021-07-23T10:08:52,100.0,162.5,S
2021-07-23T10:08:50,900.0,162.5,S
2021-07-23T10:08:47,100.0,162.6,S
2021-07-23T10:08:47,300.0,162.6,S
2021-07-23T10:08:45,100.0,162.6,S
2021-07-23T10:08:41,400.0,162.6,S
2021-07-23T10:08:41,100.0,162.6,S
2021-07-23T10:08:39,900.0,162.6,S
2021-07-23T10:08:37,100.0,162.7,S
2021-07-23T10:08:32,100.0,162.7,S
2021-07-23T10:08:31,200.0,162.7,S
2021-07-23T10:08:30,100.0,163.0,B
2021-07-23T10:08:26,100.0,162.7,S
2021-07-23T10:08:14,100.0,163.0,B
2021-07-23T10:08:11,400.0,162.7,S
2021-07-23T10:08:07,400.0,162.7,S
2021-07-23T10:07:54,1000.0,163.0,B
2021-07-23T10:07:44,500.0,163.0,B
2021-07-23T10:07:43,500.0,163.0,B
2021-07-23T10:07:37,1000.0,163.0,B
2021-07-23T10:07:24,2300.0,163.0,B
2021-07-23T10:07:15,500.0,163.0,B
2021-07-23T10:07:12,1500.0,163.0,B
2021-07-23T10:06:59,500.0,163.0,B
2021-07-23T10:06:34,200.0,163.0,B
2021-07-23T10:05:41,800.0,162.1,S
2021-07-23T10:05:41,100.0,162.1,S
2021-07-23T10:05:41,700.0,162.1,S
2021-07-23T10:05:20,1400.0,162.1,S
2021-07-23T10:04:29,700.0,162.1,S
2021-07-23T10:04:29,5300.0,162.1,S
2021-07-23T10:04:20,3800.0,162.1,S
2021-07-23T10:04:20,600.0,162.2,S
2021-07-23T10:04:20,200.0,162.2,S
2021-07-23T10:04:20,100.0,162.3,S
2021-07-23T10:04:20,1300.0,162.3,S
2021-07-23T10:04:13,300.0,162.3,S
2021-07-23T10:02:55,900.0,162.3,S
2021-07-23T10:02:49,100.0,162.3,S
2021-07-23T10:02:48,300.0,162.3,S
2021-07-23T10:02:18,500.0,162.1,S
2021-07-23T10:02:18,500.0,162.1,S
2021-07-23T10:02:16,400.0,162.5,S
2021-07-23T10:02:16,900.0,162.5,S
2021-07-23T10:02:13,700.0,162.2,B
2021-07-23T10:02:13,300.0,162.1,S
2021-07-23T10:02:10,200.0,162.2,S
2021-07-23T10:02:07,100.0,162.4,B
2021-07-23T10:02:07,100.0,162.2,S
2021-07-23T10:02:05,500.0,162.4,S
2021-07-23T10:02:04,100.0,162.5,S
2021-07-23T10:02:02,300.0,162.5,S
2021-07-23T10:02:00,100.0,162.5,S
2021-07-23T10:01:56,100.0,162.5,S
2021-07-23T10:01:54,900.0,162.5,S
2021-07-23T10:01:52,2000.0,162.5,S
2021-07-23T10:01:52,200.0,162.5,S
2021-07-23T10:01:52,100.0,162.5,S
2021-07-23T10:01:47,100.0,162.5,S
2021-07-23T10:01:44,400.0,162.5,S
2021-07-23T10:01:44,900.0,162.5,S
2021-07-23T10:01:42,100.0,162.5,S
2021-07-23T10:01:37,100.0,162.5,S
2021-07-23T10:01:35,15200.0,162.5,S
2021-07-23T10:01:34,300.0,162.6,S
2021-07-23T10:01:33,100.0,162.6,S
2021-07-23T10:01:30,400.0,162.6,S
2021-07-23T10:01:30,2000.0,162.7,S
2021-07-23T10:01:29,100.0,162.7,S
2021-07-23T10:01:28,300.0,162.7,S
2021-07-23T10:01:24,100.0,162.7,S
2021-07-23T10:01:20,900.0,162.8,S
2021-07-23T10:01:19,500.0,162.8,S
2021-07-23T10:01:12,900.0,162.9,S
2021-07-23T10:01:10,100.0,163.0,B
2021-07-23T10:01:09,400.0,162.9,S
2021-07-23T10:01:02,300.0,162.9,S
2021-07-23T10:01:00,1200.0,163.0,B
2021-07-23T10:01:00,700.0,163.0,S
2021-07-23T10:01:00,500.0,163.0,S
2021-07-23T10:01:00,1400.0,163.0,S
2021-07-23T10:01:00,3900.0,163.0,S
2021-07-23T10:01:00,3900.0,163.0,S
2021-07-23T10:01:00,200.0,163.0,S
2021-07-23T10:01:00,100.0,163.0,S
2021-07-23T10:01:00,1600.0,163.0,S
2021-07-23T10:01:00,4800.0,163.0,S
2021-07-23T10:01:00,900.0,163.0,S
2021-07-23T10:01:00,500.0,163.0,S
2021-07-23T10:00:58,3000.0,163.0,S
2021-07-23T10:00:55,100.0,163.0,S
2021-07-23T10:00:55,200.0,163.0,S
2021-07-23T10:00:54,2000.0,163.0,S
2021-07-23T10:00:52,100.0,163.0,S
2021-07-23T10:00:51,100.0,163.1,B
2021-07-23T10:00:50,100.0,163.0,S
2021-07-23T10:00:50,900.0,163.0,S
2021-07-23T10:00:47,300.0,163.0,S
2021-07-23T10:00:47,3000.0,163.0,S
2021-07-23T10:00:43,500.0,163.1,S
2021-07-23T10:00:41,500.0,163.1,S
2021-07-23T10:00:39,900.0,163.1,S
2021-07-23T10:00:39,100.0,163.1,S
2021-07-23T10:00:38,300.0,163.1,S
2021-07-23T10:00:36,500.0,163.1,S
2021-07-23T10:00:32,100.0,163.1,S
2021-07-23T10:00:31,300.0,163.1,S
2021-07-23T10:00:31,2000.0,163.1,S
2021-07-23T10:00:29,900.0,163.1,S
2021-07-23T10:00:25,100.0,163.2,S
2021-07-23T10:00:25,300.0,163.2,S
2021-07-23T10:00:22,100.0,163.1,S
2021-07-23T10:00:21,100.0,163.1,S
2021-07-23T10:00:19,900.0,163.1,S
2021-07-23T10:00:16,3000.0,163.1,S
2021-07-23T10:00:15,300.0,163.1,S
2021-07-23T10:00:09,2000.0,163.1,S
2021-07-23T10:00:03,100.0,163.1,S
2021-07-23T09:59:53,100.0,163.1,S
2021-07-23T09:59:45,3000.0,163.1,S
2021-07-23T09:59:36,500.0,163.1,S
2021-07-23T09:59:36,1100.0,163.1,S
2021-07-23T09:59:36,300.0,163.1,S
2021-07-23T09:59:36,100.0,163.2,S
2021-07-23T09:59:26,500.0,163.2,S
2021-07-23T09:59:24,500.0,163.1,S
2021-07-23T09:59:22,100.0,163.2,S
2021-07-23T09:59:12,500.0,163.1,S
2021-07-23T09:59:05,200.0,163.1,S
2021-07-23T09:59:05,1600.0,163.1,S
2021-07-23T09:59:05,200.0,163.2,S
2021-07-23T09:59:05,700.0,163.2,S
2021-07-23T09:59:05,300.0,163.2,S
2021-07-23T09:59:00,100.0,163.2,S
2021-07-23T09:58:58,500.0,163.2,S
2021-07-23T09:58:51,400.0,163.2,S
2021-07-23T09:58:51,2600.0,163.2,S
2021-07-23T09:58:49,900.0,163.2,S
2021-07-23T09:58:49,100.0,163.2,S
2021-07-23T09:58:45,500.0,163.2,S
2021-07-23T09:58:45,800.0,163.2,S
2021-07-23T09:58:45,2200.0,163.2,S
2021-07-23T09:58:34,3000.0,163.2,S
2021-07-23T09:58:26,500.0,163.3,S
2021-07-23T09:58:26,100.0,163.6,B
2021-07-23T09:58:07,1000.0,163.6,B
2021-07-23T09:58:06,3000.0,163.3,S
2021-07-23T09:58:02,3000.0,163.4,S
2021-07-23T09:58:01,2000.0,163.4,S
2021-07-23T09:57:47,3000.0,163.4,S
2021-07-23T09:57:45,2600.0,163.4,B
2021-07-23T09:57:40,3000.0,163.3,S
2021-07-23T09:57:38,400.0,163.4,S
2021-07-23T09:57:36,3000.0,163.4,S
2021-07-23T09:56:57,2000.0,163.4,S
2021-07-23T09:56:50,2000.0,163.5,S
2021-07-23T09:56:46,500.0,163.5,S
2021-07-23T09:56:46,2000.0,163.5,S
2021-07-23T09:56:27,100.0,163.6,B
2021-07-23T09:55:27,200.0,163.5,S
2021-07-23T09:55:17,2000.0,163.5,B
2021-07-23T09:55:04,200.0,163.2,S
2021-07-23T09:54:47,100.0,163.3,S
2021-07-23T09:54:32,100.0,163.3,S
2021-07-23T09:54:31,100.0,163.3,B
2021-07-23T09:54:29,100.0,163.3,B
2021-07-23T09:54:20,500.0,163.3,B
2021-07-23T09:54:09,100.0,163.3,B
2021-07-23T09:53:39,100.0,163.3,S
2021-07-23T09:53:12,100.0,163.3,S
2021-07-23T09:52:24,900.0,163.2,S
2021-07-23T09:52:14,900.0,163.2,S
2021-07-23T09:52:09,300.0,163.2,S
2021-07-23T09:52:04,400.0,163.2,S
2021-07-23T09:52:03,900.0,163.2,S
2021-07-23T09:51:55,300.0,163.2,S
2021-07-23T09:51:52,900.0,163.2,S
2021-07-23T09:51:47,300.0,163.3,S
2021-07-23T09:51:44,900.0,163.3,S
2021-07-23T09:51:33,900.0,163.3,S
2021-07-23T09:50:25,300.0,163.5,B
2021-07-23T09:50:18,300.0,163.4,B
2021-07-23T09:50:12,200.0,163.4,B
2021-07-23T09:49:47,100.0,163.4,S
2021-07-23T09:49:47,200.0,163.4,S
2021-07-23T09:49:47,700.0,163.4,S
2021-07-23T09:49:47,100.0,163.4,S
2021-07-23T09:49:43,100.0,163.5,B
2021-07-23T09:49:32,200.0,163.5,B
2021-07-23T09:49:26,200.0,163.5,S
2021-07-23T09:49:25,200.0,163.5,S
2021-07-23T09:49:20,200.0,163.5,S
2021-07-23T09:49:17,400.0,163.5,S
2021-07-23T09:49:16,200.0,163.5,S
2021-07-23T09:49:10,200.0,163.5,S
2021-07-23T09:49:09,900.0,163.5,S
2021-07-23T09:49:08,200.0,163.5,S
2021-07-23T09:49:06,200.0,163.5,S
2021-07-23T09:49:00,100.0,163.5,S
2021-07-23T09:48:59,900.0,163.5,S
2021-07-23T09:48:57,300.0,163.5,S
2021-07-23T09:48:56,100.0,163.5,S
2021-07-23T09:48:44,600.0,163.6,S
2021-07-23T09:48:41,300.0,163.6,S
2021-07-23T09:48:41,500.0,163.6,S
2021-07-23T09:48:41,400.0,163.6,S
2021-07-23T09:48:11,200.0,163.6,S
2021-07-23T09:47:53,1000.0,163.7,B
2021-07-23T09:47:40,400.0,163.7,B
2021-07-23T09:47:00,100.0,163.8,S
2021-07-23T09:46:51,100.0,163.8,B
2021-07-23T09:46:25,100.0,163.8,B
2021-07-23T09:46:21,100.0,163.8,B
2021-07-23T09:46:17,100.0,163.8,B
2021-07-23T09:46:06,300.0,163.8,B
2021-07-23T09:45:59,100.0,163.8,B
2021-07-23T09:43:55,200.0,163.8,B
2021-07-23T09:41:46,600.0,163.5,S
2021-07-23T09:41:45,1000.0,163.5,S
2021-07-23T09:41:25,600.0,163.5,S
2021-07-23T09:41:20,2000.0,163.5,S
2021-07-23T09:41:06,600.0,163.5,S
2021-07-23T09:41:06,100.0,163.7,B
2021-07-23T09:40:50,400.0,163.5,S
2021-07-23T09:40:50,2100.0,163.5,S
2021-07-23T09:40:50,2500.0,163.5,S
2021-07-23T09:40:39,600.0,163.5,S
2021-07-23T09:40:30,600.0,163.6,S
2021-07-23T09:40:21,1000.0,163.6,S
2021-07-23T09:40:05,300.0,163.6,S
2021-07-23T09:40:02,500.0,163.6,S
2021-07-23T09:39:59,600.0,163.6,S
2021-07-23T09:39:40,600.0,163.7,B
2021-07-23T09:39:35,600.0,163.6,S
2021-07-23T09:39:24,600.0,163.6,S
2021-07-23T09:39:19,500.0,163.7,B
2021-07-23T09:39:16,1000.0,163.8,S
2021-07-23T09:39:05,600.0,163.8,S
2021-07-23T09:38:59,400.0,163.7,B
2021-07-23T09:38:47,600.0,163.6,S
2021-07-23T09:38:36,600.0,163.6,S
2021-07-23T09:38:34,3000.0,163.7,B
2021-07-23T09:38:24,2600.0,163.8,S
2021-07-23T09:38:12,1000.0,163.8,S
2021-07-23T09:38:04,500.0,163.9,S
2021-07-23T09:37:39,500.0,163.8,S
2021-07-23T09:37:13,500.0,163.8,S
2021-07-23T09:36:59,200.0,163.8,S
2021-07-23T09:36:59,100.0,163.9,S
2021-07-23T09:36:52,500.0,163.8,S
2021-07-23T09:36:49,500.0,163.8,S
2021-07-23T09:36:38,200.0,163.8,S
2021-07-23T09:36:35,500.0,163.8,S
2021-07-23T09:36:30,900.0,164.0,B
2021-07-23T09:36:24,100.0,164.0,B
2021-07-23T09:36:22,300.0,163.8,S
2021-07-23T09:36:22,200.0,163.8,S
2021-07-23T09:36:21,400.0,163.9,S
2021-07-23T09:36:12,300.0,163.9,S
2021-07-23T09:36:04,100.0,163.9,S
2021-07-23T09:36:04,500.0,164.0,S
2021-07-23T09:36:04,1800.0,164.0,S
2021-07-23T09:36:03,100.0,164.0,S
2021-07-23T09:36:03,300.0,164.0,S
2021-07-23T09:36:00,500.0,164.0,S
2021-07-23T09:35:59,1000.0,164.6,B
2021-07-23T09:35:57,100.0,164.0,S
2021-07-23T09:35:55,300.0,164.0,S
2021-07-23T09:35:50,100.0,164.0,S
2021-07-23T09:35:48,100.0,164.0,S
2021-07-23T09:35:47,400.0,164.0,S
2021-07-23T09:35:46,500.0,164.0,S
2021-07-23T09:35:45,100.0,164.0,S
2021-07-23T09:35:40,400.0,164.0,S
2021-07-23T09:35:36,100.0,164.0,S
2021-07-23T09:35:30,500.0,164.0,S
2021-07-23T09:35:29,300.0,164.0,S
2021-07-23T09:35:25,600.0,164.0,S
2021-07-23T09:35:25,100.0,164.0,S
2021-07-23T09:35:25,400.0,164.0,S
2021-07-23T09:35:24,400.0,164.0,S
2021-07-23T09:35:24,100.0,164.0,S
2021-07-23T09:35:18,100.0,164.0,S
2021-07-23T09:35:18,400.0,164.0,S
2021-07-23T09:35:17,100.0,164.0,S
2021-07-23T09:35:15,400.0,164.0,S
2021-07-23T09:35:12,1100.0,164.0,S
2021-07-23T09:35:12,100.0,164.0,S
2021-07-23T09:35:07,100.0,164.0,S
2021-07-23T09:35:06,300.0,164.0,S
2021-07-23T09:35:01,1100.0,164.0,S
2021-07-23T09:34:59,300.0,164.0,S
2021-07-23T09:34:59,100.0,164.1,S
2021-07-23T09:34:55,500.0,164.0,S
2021-07-23T09:34:52,400.0,164.1,S
2021-07-23T09:34:51,100.0,164.1,S
2021-07-23T09:34:34,500.0,164.1,S
2021-07-23T09:34:20,500.0,164.1,S
2021-07-23T09:34:04,800.0,164.1,S
2021-07-23T09:33:58,500.0,164.1,S
2021-07-23T09:33:38,500.0,164.1,S
2021-07-23T09:33:36,300.0,164.1,S
2021-07-23T09:33:18,400.0,164.1,S
2021-07-23T09:33:18,500.0,164.1,S
2021-07-23T09:32:58,200.0,164.1,S
2021-07-23T09:32:57,1600.0,164.1,S
2021-07-23T09:32:48,400.0,164.1,S
2021-07-23T09:32:39,300.0,164.1,S
2021-07-23T09:32:32,200.0,164.1,S
2021-07-23T09:32:32,500.0,164.1,S
2021-07-23T09:32:24,300.0,164.1,S
2021-07-23T09:32:23,1100.0,164.1,S
2021-07-23T09:32:21,500.0,164.1,S
2021-07-23T09:32:17,500.0,164.1,S
2021-07-23T09:32:15,100.0,164.6,B
2021-07-23T09:31:56,500.0,164.1,S
2021-07-23T09:31:53,100.0,164.1,S
2021-07-23T09:31:19,500.0,164.1,S
2021-07-23T09:31:09,100.0,164.6,B
2021-07-23T09:31:05,100.0,164.6,B
2021-07-23T09:31:02,100.0,164.1,S
2021-07-23T09:31:02,400.0,164.1,S
2021-07-23T09:29:42,1200.0,164.6,B
2021-07-23T09:29:32,500.0,164.1,S
2021-07-23T09:29:22,100.0,164.6,B
2021-07-23T09:28:57,500.0,164.1,S
2021-07-23T09:28:18,500.0,164.1,S
2021-07-23T09:27:54,2000.0,164.8,B
2021-07-23T09:27:53,500.0,164.0,S
2021-07-23T09:27:22,500.0,164.0,S
2021-07-23T09:27:16,600.0,164.0,S
2021-07-23T09:26:54,500.0,164.0,S
2021-07-23T09:26:31,100.0,164.1,B
2021-07-23T09:26:27,100.0,164.1,B
2021-07-23T09:26:27,500.0,164.0,S
2021-07-23T09:26:19,300.0,164.0,S
2021-07-23T09:26:02,100.0,164.1,B
2021-07-23T09:26:00,400.0,164.0,S
2021-07-23T09:25:54,400.0,164.0,S
2021-07-23T09:25:54,100.0,164.0,S
2021-07-23T09:25:52,200.0,164.0,S
2021-07-23T09:25:50,600.0,164.1,S
2021-07-23T09:25:42,400.0,164.1,S
2021-07-23T09:25:38,900.0,164.0,S
2021-07-23T09:25:36,400.0,164.0,S
2021-07-23T09:25:30,2300.0,164.1,S
2021-07-23T09:25:26,900.0,164.1,S
2021-07-23T09:25:26,300.0,164.1,S
2021-07-23T09:25:19,600.0,164.1,S
2021-07-23T09:25:14,400.0,164.1,S
2021-07-23T09:25:06,300.0,164.1,S
2021-07-23T09:24:55,400.0,164.1,S
2021-07-23T09:24:49,2300.0,164.1,S
2021-07-23T09:24:44,300.0,164.1,S
2021-07-23T09:24:34,300.0,164.1,S
2021-07-23T09:24:34,600.0,164.1,S
2021-07-23T09:24:16,3000.0,165.0,B
2021-07-23T09:24:08,600.0,164.0,S
2021-07-23T09:24:08,100.0,164.8,B
2021-07-23T09:23:57,300.0,164.0,S
2021-07-23T09:23:39,600.0,164.0,S
2021-07-23T09:23:21,4900.0,164.8,S
2021-07-23T09:23:21,400.0,164.9,S
2021-07-23T09:23:21,1500.0,165.0,S
2021-07-23T09:23:14,1800.0,165.2,B
2021-07-23T09:23:09,1700.0,165.0,S
2021-07-23T09:23:07,100.0,165.2,B
2021-07-23T09:23:06,1000.0,165.2,B
2021-07-23T09:22:59,200.0,165.0,S
2021-07-23T09:22:53,200.0,165.2,B
2021-07-23T09:22:24,1300.0,165.0,S
2021-07-23T09:22:22,3000.0,165.2,B
2021-07-23T09:21:50,500.0,165.0,S
2021-07-23T09:21:33,100.0,165.0,S
2021-07-23T09:21:06,4800.0,165.0,B
2021-07-23T09:20:57,300.0,164.8,S
2021-07-23T09:20:48,100.0,165.0,B
2021-07-23T09:19:49,100.0,165.0,B
2021-07-23T09:19:49,100.0,165.0,S
2021-07-23T09:19:48,1000.0,165.2,B
2021-07-23T09:19:46,1000.0,165.0,S
2021-07-23T09:19:43,1600.0,165.0,S
2021-07-23T09:19:36,1000.0,165.0,S
2021-07-23T09:19:34,2000.0,165.2,B
2021-07-23T09:19:30,800.0,165.2,B
2021-07-23T09:19:27,300.0,165.2,B
2021-07-23T09:19:06,500.0,165.2,B
2021-07-23T09:18:58,900.0,165.1,B
2021-07-23T09:18:47,200.0,165.0,S
2021-07-23T09:18:44,400.0,165.0,S
2021-07-23T09:18:42,300.0,165.0,S
2021-07-23T09:18:37,800.0,165.0,S
2021-07-23T09:18:27,100.0,165.0,B
2021-07-23T09:18:04,1800.0,165.0,B
2021-07-23T09:17:58,200.0,165.0,B
2021-07-23T09:17:56,500.0,164.0,B
2021-07-23T09:17:49,100.0,163.4,S
2021-07-23T09:17:48,1200.0,163.4,S
2021-07-23T09:17:43,400.0,163.4,S
2021-07-23T09:17:25,1500.0,163.4,S
2021-07-23T09:16:39,600.0,163.4,S
2021-07-23T09:16:33,300.0,163.4,S
2021-07-23T09:15:51,100.0,163.2,S
2021-07-23T09:15:51,100.0,163.2,S
2021-07-23T09:15:45,100.0,163.4,S
