tradingTime,volume,price,side
2021-07-23T11:29:44,500.0,18.05,B
2021-07-23T11:29:38,200.0,18.05,B
2021-07-23T11:29:12,1100.0,18.05,B
2021-07-23T11:28:50,200.0,18.05,B
2021-07-23T11:28:45,2900.0,18.05,B
2021-07-23T11:28:44,1000.0,18.0,S
2021-07-23T11:28:29,2000.0,18.05,B
2021-07-23T11:27:55,900.0,18.0,S
2021-07-23T11:27:55,600.0,18.0,S
2021-07-23T11:27:52,200.0,18.05,B
2021-07-23T11:27:32,500.0,18.0,S
2021-07-23T11:27:18,3000.0,18.0,S
2021-07-23T11:27:13,4900.0,18.05,B
2021-07-23T11:27:02,1000.0,18.05,B
2021-07-23T11:26:32,900.0,18.05,B
2021-07-23T11:26:28,500.0,18.05,B
2021-07-23T11:26:08,300.0,18.0,S
2021-07-23T11:26:08,1000.0,18.0,S
2021-07-23T11:26:08,3700.0,18.0,S
2021-07-23T11:26:00,200.0,18.0,S
2021-07-23T11:25:53,100.0,18.0,S
2021-07-23T11:25:47,1000.0,18.0,S
2021-07-23T11:25:47,2000.0,18.0,S
2021-07-23T11:25:47,7000.0,18.0,S
2021-07-23T11:25:41,500.0,18.0,S
2021-07-23T11:25:36,500.0,18.0,S
2021-07-23T11:25:34,1000.0,18.0,S
2021-07-23T11:25:11,600.0,18.0,S
2021-07-23T11:25:01,3400.0,18.0,S
2021-07-23T11:24:46,800.0,18.0,S
2021-07-23T11:24:41,1000.0,18.0,S
2021-07-23T11:24:39,200.0,18.0,S
2021-07-23T11:24:39,1800.0,18.0,S
2021-07-23T11:24:19,900.0,18.05,B
2021-07-23T11:23:59,500.0,18.0,S
2021-07-23T11:22:53,300.0,18.05,S
2021-07-23T11:22:44,2000.0,18.05,S
2021-07-23T11:22:35,500.0,18.05,S
2021-07-23T11:22:07,800.0,18.1,B
2021-07-23T11:21:48,200.0,18.05,S
2021-07-23T11:21:25,1700.0,18.05,S
2021-07-23T11:21:20,3000.0,18.05,S
2021-07-23T11:19:53,900.0,18.1,B
2021-07-23T11:19:26,1500.0,18.05,S
2021-07-23T11:19:01,200.0,18.05,S
2021-07-23T11:18:11,700.0,18.05,B
2021-07-23T11:18:06,3000.0,18.05,B
2021-07-23T11:18:00,1000.0,18.05,B
2021-07-23T11:17:41,900.0,18.05,B
2021-07-23T11:17:31,500.0,18.05,B
2021-07-23T11:17:06,500.0,18.05,B
2021-07-23T11:17:00,100.0,18.05,B
2021-07-23T11:16:35,500.0,18.05,B
2021-07-23T11:16:17,3400.0,18.05,S
2021-07-23T11:16:17,2700.0,18.05,S
2021-07-23T11:16:17,7400.0,18.05,S
2021-07-23T11:16:10,100.0,18.1,B
2021-07-23T11:16:09,1000.0,18.1,B
2021-07-23T11:15:33,100.0,18.1,B
2021-07-23T11:15:28,900.0,18.1,B
2021-07-23T11:15:20,100.0,18.05,S
2021-07-23T11:15:05,1500.0,18.1,B
2021-07-23T11:15:05,500.0,18.1,B
2021-07-23T11:14:21,1000.0,18.05,S
2021-07-23T11:14:12,1500.0,18.05,S
2021-07-23T11:14:02,100.0,18.1,B
2021-07-23T11:13:46,100.0,18.0,S
2021-07-23T11:13:21,2500.0,18.0,S
2021-07-23T11:13:21,300.0,18.0,S
2021-07-23T11:13:21,600.0,18.0,S
2021-07-23T11:13:16,400.0,18.1,B
2021-07-23T11:13:16,500.0,18.1,B
2021-07-23T11:12:13,200.0,18.0,S
2021-07-23T11:11:52,4500.0,18.1,B
2021-07-23T11:11:52,500.0,18.1,B
2021-07-23T11:11:51,100.0,18.0,S
2021-07-23T11:11:51,100.0,18.0,S
2021-07-23T11:11:51,1500.0,18.0,S
2021-07-23T11:11:51,300.0,18.0,S
2021-07-23T11:11:51,4000.0,18.0,S
2021-07-23T11:11:51,400.0,18.0,S
2021-07-23T11:11:51,100.0,18.0,S
2021-07-23T11:11:51,4200.0,18.0,S
2021-07-23T11:11:51,1600.0,18.0,S
2021-07-23T11:11:51,500.0,18.0,S
2021-07-23T11:11:51,2200.0,18.0,S
2021-07-23T11:11:51,100.0,18.0,S
2021-07-23T11:11:51,500.0,18.0,S
2021-07-23T11:11:51,2000.0,18.0,S
2021-07-23T11:11:51,400.0,18.0,S
2021-07-23T11:11:51,3200.0,18.0,S
2021-07-23T11:11:51,400.0,18.0,S
2021-07-23T11:11:51,300.0,18.0,S
2021-07-23T11:11:51,100.0,18.0,S
2021-07-23T11:11:51,3000.0,18.0,S
2021-07-23T11:11:51,1500.0,18.0,S
2021-07-23T11:11:51,400.0,18.0,S
2021-07-23T11:11:51,1500.0,18.0,S
2021-07-23T11:11:51,2000.0,18.0,S
2021-07-23T11:11:51,400.0,18.0,S
2021-07-23T11:11:50,2600.0,18.05,S
2021-07-23T11:11:50,5000.0,18.05,S
2021-07-23T11:11:50,5200.0,18.05,S
2021-07-23T11:11:50,1500.0,18.05,S
2021-07-23T11:11:50,2000.0,18.05,S
2021-07-23T11:11:50,2900.0,18.05,S
2021-07-23T11:11:46,2000.0,18.1,B
2021-07-23T11:11:04,900.0,18.1,B
2021-07-23T11:10:39,300.0,18.1,B
2021-07-23T11:10:30,200.0,18.1,B
2021-07-23T11:10:20,800.0,18.1,B
2021-07-23T11:09:47,4400.0,18.1,S
2021-07-23T11:09:47,2300.0,18.1,S
2021-07-23T11:09:47,100.0,18.1,S
2021-07-23T11:09:47,7600.0,18.1,S
2021-07-23T11:09:47,1000.0,18.1,S
2021-07-23T11:09:24,300.0,18.15,B
2021-07-23T11:09:01,500.0,18.1,S
2021-07-23T11:08:50,900.0,18.15,B
2021-07-23T11:08:49,500.0,18.15,B
2021-07-23T11:07:07,200.0,18.15,B
2021-07-23T11:06:37,1000.0,18.15,B
2021-07-23T11:06:37,900.0,18.15,B
2021-07-23T11:05:14,200.0,18.15,B
2021-07-23T11:05:06,500.0,18.1,S
2021-07-23T11:04:42,500.0,18.15,B
2021-07-23T11:04:29,500.0,18.1,S
2021-07-23T11:04:25,900.0,18.15,B
2021-07-23T11:04:02,500.0,18.1,S
2021-07-23T11:03:35,9900.0,18.1,S
2021-07-23T11:03:35,100.0,18.1,S
2021-07-23T11:03:10,200.0,18.15,B
2021-07-23T11:02:37,2000.0,18.15,B
2021-07-23T11:02:16,1000.0,18.15,S
2021-07-23T11:02:15,7000.0,18.15,S
2021-07-23T11:02:15,1500.0,18.15,S
2021-07-23T11:02:15,3100.0,18.15,S
2021-07-23T11:02:15,600.0,18.15,S
2021-07-23T11:02:15,7000.0,18.15,S
2021-07-23T11:02:15,5500.0,18.15,S
2021-07-23T11:02:15,11700.0,18.15,S
2021-07-23T11:02:15,1000.0,18.15,S
2021-07-23T11:02:15,100.0,18.15,S
2021-07-23T11:02:15,9400.0,18.15,S
2021-07-23T11:02:12,900.0,18.2,B
2021-07-23T11:01:01,100.0,18.2,B
2021-07-23T11:00:59,100.0,18.2,B
2021-07-23T10:59:59,400.0,18.2,B
2021-07-23T10:59:59,400.0,18.2,B
2021-07-23T10:59:59,100.0,18.2,B
2021-07-23T10:59:40,500.0,18.15,S
2021-07-23T10:58:58,2000.0,18.15,S
2021-07-23T10:58:50,100.0,18.15,S
2021-07-23T10:58:06,500.0,18.15,S
2021-07-23T10:58:06,100.0,18.2,B
2021-07-23T10:57:46,900.0,18.2,B
2021-07-23T10:57:26,300.0,18.2,B
2021-07-23T10:57:21,500.0,18.15,S
2021-07-23T10:56:57,1000.0,18.15,S
2021-07-23T10:56:45,200.0,18.15,S
2021-07-23T10:55:35,300.0,18.15,S
2021-07-23T10:55:34,900.0,18.2,B
2021-07-23T10:55:32,1000.0,18.15,S
2021-07-23T10:55:05,2000.0,18.15,S
2021-07-23T10:54:44,100.0,18.15,S
2021-07-23T10:54:34,300.0,18.15,S
2021-07-23T10:53:34,1000.0,18.2,B
2021-07-23T10:53:20,500.0,18.2,B
2021-07-23T10:53:20,400.0,18.2,B
2021-07-23T10:53:20,2000.0,18.15,S
2021-07-23T10:52:57,500.0,18.15,S
2021-07-23T10:52:05,500.0,18.2,B
2021-07-23T10:51:08,900.0,18.2,B
2021-07-23T10:50:59,7700.0,18.15,S
2021-07-23T10:50:55,1000.0,18.15,S
2021-07-23T10:50:53,3000.0,18.15,S
2021-07-23T10:50:49,500.0,18.15,S
2021-07-23T10:50:48,300.0,18.15,S
2021-07-23T10:50:46,200.0,18.15,S
2021-07-23T10:50:38,400.0,18.15,S
2021-07-23T10:50:32,1100.0,18.15,S
2021-07-23T10:49:24,100.0,18.15,S
2021-07-23T10:48:55,900.0,18.2,B
2021-07-23T10:48:49,200.0,18.2,B
2021-07-23T10:48:44,200.0,18.2,B
2021-07-23T10:48:03,700.0,18.2,B
2021-07-23T10:48:03,100.0,18.2,B
2021-07-23T10:48:03,200.0,18.2,B
2021-07-23T10:47:10,400.0,18.2,B
2021-07-23T10:46:43,800.0,18.2,B
2021-07-23T10:46:31,500.0,18.15,S
2021-07-23T10:46:29,3000.0,18.15,S
2021-07-23T10:46:19,100.0,18.15,S
2021-07-23T10:46:19,2900.0,18.15,S
2021-07-23T10:46:06,4000.0,18.15,S
2021-07-23T10:45:31,1000.0,18.15,S
2021-07-23T10:45:28,3000.0,18.2,B
2021-07-23T10:44:51,100.0,18.2,B
2021-07-23T10:44:37,900.0,18.2,B
2021-07-23T10:44:37,4100.0,18.2,B
2021-07-23T10:44:36,100.0,18.2,B
2021-07-23T10:44:30,900.0,18.2,B
2021-07-23T10:43:52,1000.0,18.15,S
2021-07-23T10:43:47,100.0,18.2,B
2021-07-23T10:43:29,500.0,18.15,S
2021-07-23T10:43:07,2100.0,18.15,B
2021-07-23T10:43:07,1900.0,18.15,B
2021-07-23T10:42:54,2100.0,18.15,S
2021-07-23T10:42:54,3500.0,18.15,S
2021-07-23T10:42:54,1400.0,18.15,S
2021-07-23T10:42:36,700.0,18.15,S
2021-07-23T10:42:36,100.0,18.15,S
2021-07-23T10:42:36,200.0,18.15,S
2021-07-23T10:42:33,500.0,18.15,S
2021-07-23T10:42:17,900.0,18.2,B
2021-07-23T10:42:02,100.0,18.15,S
2021-07-23T10:41:52,100.0,18.15,S
2021-07-23T10:41:46,3000.0,18.15,S
2021-07-23T10:41:42,500.0,18.15,S
2021-07-23T10:41:42,1000.0,18.15,S
2021-07-23T10:41:32,200.0,18.15,S
2021-07-23T10:41:32,2800.0,18.15,S
2021-07-23T10:41:27,500.0,18.15,S
2021-07-23T10:41:15,7300.0,18.15,S
2021-07-23T10:40:31,3000.0,18.15,S
2021-07-23T10:40:28,2000.0,18.2,B
2021-07-23T10:40:24,200.0,18.15,S
2021-07-23T10:40:05,900.0,18.2,B
2021-07-23T10:39:37,1000.0,18.2,B
2021-07-23T10:39:21,400.0,18.2,B
2021-07-23T10:39:02,300.0,18.2,B
2021-07-23T10:39:02,100.0,18.2,B
2021-07-23T10:37:57,100.0,18.2,B
2021-07-23T10:37:53,400.0,18.2,B
2021-07-23T10:37:53,500.0,18.2,B
2021-07-23T10:37:50,100.0,18.15,S
2021-07-23T10:37:39,500.0,18.2,B
2021-07-23T10:37:34,100.0,18.2,B
2021-07-23T10:37:24,100.0,18.2,B
2021-07-23T10:36:40,2700.0,18.15,B
2021-07-23T10:36:25,3200.0,18.15,B
2021-07-23T10:36:25,5300.0,18.15,B
2021-07-23T10:36:25,1500.0,18.15,B
2021-07-23T10:35:39,900.0,18.15,B
2021-07-23T10:35:34,700.0,18.15,B
2021-07-23T10:34:36,100.0,18.15,B
2021-07-23T10:34:24,2300.0,18.15,B
2021-07-23T10:34:06,1700.0,18.15,B
2021-07-23T10:34:00,2800.0,18.1,S
2021-07-23T10:33:40,3400.0,18.15,B
2021-07-23T10:33:40,600.0,18.15,B
2021-07-23T10:33:26,900.0,18.15,B
2021-07-23T10:33:22,200.0,18.15,B
2021-07-23T10:33:03,500.0,18.15,B
2021-07-23T10:32:49,4000.0,18.1,S
2021-07-23T10:32:44,100.0,18.15,B
2021-07-23T10:31:36,1800.0,18.1,S
2021-07-23T10:31:36,200.0,18.1,S
2021-07-23T10:31:25,1000.0,18.15,B
2021-07-23T10:31:14,400.0,18.15,B
2021-07-23T10:31:14,500.0,18.15,B
2021-07-23T10:31:07,100.0,18.15,B
2021-07-23T10:30:22,100.0,18.1,S
2021-07-23T10:30:15,900.0,18.1,S
2021-07-23T10:29:52,100.0,18.05,S
2021-07-23T10:29:41,2100.0,18.1,S
2021-07-23T10:29:38,100.0,18.15,B
2021-07-23T10:29:20,2900.0,18.1,B
2021-07-23T10:29:11,300.0,18.1,B
2021-07-23T10:29:01,900.0,18.1,B
2021-07-23T10:28:50,100.0,18.1,B
2021-07-23T10:28:44,100.0,18.1,B
2021-07-23T10:28:20,500.0,18.1,B
2021-07-23T10:28:02,700.0,18.1,B
2021-07-23T10:27:20,100.0,18.1,B
2021-07-23T10:26:49,900.0,18.1,B
2021-07-23T10:26:19,200.0,18.1,B
2021-07-23T10:26:19,500.0,18.1,B
2021-07-23T10:24:38,700.0,18.1,B
2021-07-23T10:24:37,1100.0,18.05,B
2021-07-23T10:24:36,900.0,18.05,B
2021-07-23T10:24:31,100.0,18.05,B
2021-07-23T10:24:22,100.0,18.05,B
2021-07-23T10:24:21,800.0,18.05,B
2021-07-23T10:24:15,100.0,18.05,B
2021-07-23T10:24:11,200.0,18.0,S
2021-07-23T10:23:56,1000.0,18.0,S
2021-07-23T10:23:54,4000.0,18.0,S
2021-07-23T10:23:48,900.0,18.05,S
2021-07-23T10:23:42,300.0,18.1,B
2021-07-23T10:23:24,4200.0,18.05,B
2021-07-23T10:23:22,500.0,18.05,B
2021-07-23T10:23:19,1300.0,18.05,S
2021-07-23T10:23:19,25200.0,18.05,S
2021-07-23T10:23:19,3500.0,18.05,S
2021-07-23T10:23:19,1000.0,18.05,S
2021-07-23T10:23:19,30500.0,18.05,S
2021-07-23T10:23:11,7600.0,18.1,S
2021-07-23T10:22:36,7000.0,18.1,S
2021-07-23T10:22:23,900.0,18.15,B
2021-07-23T10:22:20,20000.0,18.1,S
2021-07-23T10:22:01,2500.0,18.1,S
2021-07-23T10:21:34,500.0,18.15,B
2021-07-23T10:20:10,900.0,18.15,B
2021-07-23T10:19:58,2500.0,18.1,S
2021-07-23T10:19:58,500.0,18.1,S
2021-07-23T10:19:52,100.0,18.1,S
2021-07-23T10:19:51,700.0,18.1,S
2021-07-23T10:19:50,500.0,18.1,S
2021-07-23T10:19:37,700.0,18.1,S
2021-07-23T10:19:29,100.0,18.1,S
2021-07-23T10:19:10,200.0,18.1,S
2021-07-23T10:18:48,100.0,18.1,S
2021-07-23T10:18:45,5400.0,18.1,S
2021-07-23T10:18:01,10000.0,18.1,S
2021-07-23T10:17:57,100.0,18.15,B
2021-07-23T10:17:57,900.0,18.15,B
2021-07-23T10:17:54,800.0,18.1,S
2021-07-23T10:17:47,100.0,18.15,B
2021-07-23T10:17:29,3000.0,18.15,B
2021-07-23T10:17:12,2000.0,18.15,B
2021-07-23T10:17:12,2000.0,18.15,B
2021-07-23T10:16:54,2000.0,18.15,B
2021-07-23T10:16:43,2000.0,18.15,B
2021-07-23T10:15:45,900.0,18.15,B
2021-07-23T10:15:24,100.0,18.1,B
2021-07-23T10:15:20,400.0,18.05,S
2021-07-23T10:15:16,2900.0,18.1,B
2021-07-23T10:15:13,100.0,18.1,S
2021-07-23T10:15:07,100.0,18.1,S
2021-07-23T10:14:25,200.0,18.1,B
2021-07-23T10:14:18,900.0,18.1,B
2021-07-23T10:14:18,2000.0,18.1,B
2021-07-23T10:14:12,2000.0,18.1,B
2021-07-23T10:14:02,500.0,18.1,B
2021-07-23T10:13:59,1500.0,18.05,S
2021-07-23T10:13:39,200.0,18.1,B
2021-07-23T10:13:32,900.0,18.1,B
2021-07-23T10:13:03,500.0,18.05,S
2021-07-23T10:12:50,100.0,18.05,S
2021-07-23T10:12:44,200.0,18.1,S
2021-07-23T10:12:44,1700.0,18.1,S
2021-07-23T10:12:44,500.0,18.1,S
2021-07-23T10:12:28,2000.0,18.1,S
2021-07-23T10:12:28,1000.0,18.1,S
2021-07-23T10:12:22,1000.0,18.1,S
2021-07-23T10:12:14,1000.0,18.1,S
2021-07-23T10:11:54,1000.0,18.1,S
2021-07-23T10:11:36,100.0,18.15,B
2021-07-23T10:11:21,1100.0,18.1,S
2021-07-23T10:11:19,900.0,18.15,B
2021-07-23T10:11:13,200.0,18.1,S
2021-07-23T10:11:03,700.0,18.1,S
2021-07-23T10:10:50,200.0,18.1,S
2021-07-23T10:10:12,100.0,18.15,B
2021-07-23T10:09:46,3000.0,18.1,S
2021-07-23T10:09:36,500.0,18.1,S
2021-07-23T10:09:07,800.0,18.15,B
2021-07-23T10:08:59,100.0,18.15,B
2021-07-23T10:08:23,12200.0,18.1,B
2021-07-23T10:08:07,1000.0,18.1,B
2021-07-23T10:07:34,4700.0,18.1,B
2021-07-23T10:07:30,100.0,18.1,B
2021-07-23T10:07:17,100.0,18.1,B
2021-07-23T10:07:12,100.0,18.05,S
2021-07-23T10:07:07,1100.0,18.05,S
2021-07-23T10:07:01,100.0,18.1,B
2021-07-23T10:06:54,900.0,18.1,B
2021-07-23T10:06:49,3000.0,18.05,S
2021-07-23T10:06:43,4000.0,18.05,S
2021-07-23T10:06:35,1000.0,18.05,B
2021-07-23T10:06:34,1100.0,18.05,B
2021-07-23T10:06:27,2000.0,18.05,B
2021-07-23T10:06:23,500.0,18.05,B
2021-07-23T10:06:20,100.0,18.05,B
2021-07-23T10:06:15,1000.0,18.05,B
2021-07-23T10:06:15,500.0,18.05,B
2021-07-23T10:06:13,1400.0,18.05,B
2021-07-23T10:05:38,5000.0,18.05,B
2021-07-23T10:05:35,100.0,18.0,S
2021-07-23T10:05:34,400.0,18.05,B
2021-07-23T10:05:14,400.0,18.05,B
2021-07-23T10:04:41,900.0,18.05,B
2021-07-23T10:04:30,5000.0,18.0,S
2021-07-23T10:04:19,100.0,18.0,S
2021-07-23T10:03:55,1300.0,18.05,S
2021-07-23T10:03:51,900.0,18.05,S
2021-07-23T10:03:42,200.0,18.05,S
2021-07-23T10:03:41,2000.0,18.05,S
2021-07-23T10:03:39,1000.0,18.05,S
2021-07-23T10:03:23,1000.0,18.05,S
2021-07-23T10:03:18,5000.0,18.05,S
2021-07-23T10:03:15,800.0,18.05,S
2021-07-23T10:03:08,100.0,18.05,S
2021-07-23T10:03:05,3000.0,18.05,S
2021-07-23T10:02:47,5000.0,18.05,S
2021-07-23T10:02:38,15000.0,18.05,S
2021-07-23T10:02:28,900.0,18.1,B
2021-07-23T10:02:18,2600.0,18.05,S
2021-07-23T10:02:09,7000.0,18.05,S
2021-07-23T10:02:08,1000.0,18.05,S
2021-07-23T10:01:47,4200.0,18.1,S
2021-07-23T10:01:44,100.0,18.1,S
2021-07-23T10:01:44,500.0,18.1,S
2021-07-23T10:01:44,4400.0,18.1,S
2021-07-23T10:01:35,200.0,18.1,S
2021-07-23T10:01:29,2000.0,18.1,S
2021-07-23T10:01:22,1000.0,18.1,S
2021-07-23T10:00:47,100.0,18.15,B
2021-07-23T10:00:44,100.0,18.15,B
2021-07-23T10:00:19,200.0,18.1,S
2021-07-23T10:00:15,900.0,18.15,B
2021-07-23T09:59:46,100.0,18.15,B
2021-07-23T09:59:42,6300.0,18.1,S
2021-07-23T09:58:51,100.0,18.15,B
2021-07-23T09:58:25,100.0,18.15,B
2021-07-23T09:58:25,300.0,18.15,B
2021-07-23T09:58:20,10000.0,18.1,S
2021-07-23T09:58:03,900.0,18.15,B
2021-07-23T09:57:30,300.0,18.1,S
2021-07-23T09:55:50,900.0,18.15,B
2021-07-23T09:55:04,500.0,18.2,B
2021-07-23T09:54:58,700.0,18.15,B
2021-07-23T09:53:37,900.0,18.2,B
2021-07-23T09:53:33,1000.0,18.15,S
2021-07-23T09:53:33,1000.0,18.15,S
2021-07-23T09:52:39,100.0,18.15,S
2021-07-23T09:52:29,500.0,18.15,S
2021-07-23T09:52:10,1000.0,18.15,S
2021-07-23T09:52:05,200.0,18.15,S
2021-07-23T09:51:47,100.0,18.15,B
2021-07-23T09:51:45,400.0,18.15,B
2021-07-23T09:51:25,200.0,18.2,B
2021-07-23T09:51:25,700.0,18.15,B
2021-07-23T09:51:24,700.0,18.1,S
2021-07-23T09:51:24,4300.0,18.1,S
2021-07-23T09:51:09,100.0,18.15,B
2021-07-23T09:51:01,2000.0,18.15,B
2021-07-23T09:50:33,300.0,18.15,B
2021-07-23T09:50:04,1000.0,18.15,B
2021-07-23T09:49:40,200.0,18.15,B
2021-07-23T09:49:13,900.0,18.15,B
2021-07-23T09:49:09,100.0,18.15,B
2021-07-23T09:49:06,800.0,18.15,B
2021-07-23T09:49:06,1200.0,18.15,B
2021-07-23T09:48:41,1000.0,18.15,B
2021-07-23T09:48:39,200.0,18.15,B
2021-07-23T09:48:32,100.0,18.15,B
2021-07-23T09:47:57,700.0,18.15,B
2021-07-23T09:47:56,1100.0,18.15,B
2021-07-23T09:47:56,900.0,18.15,B
2021-07-23T09:47:47,1000.0,18.15,B
2021-07-23T09:47:45,2000.0,18.15,B
2021-07-23T09:47:36,100.0,18.15,B
2021-07-23T09:47:36,600.0,18.15,B
2021-07-23T09:47:36,700.0,18.15,B
2021-07-23T09:47:36,200.0,18.15,B
2021-07-23T09:47:36,400.0,18.15,B
2021-07-23T09:47:15,1000.0,18.15,B
2021-07-23T09:47:00,5000.0,18.15,B
2021-07-23T09:46:58,900.0,18.15,B
2021-07-23T09:46:57,1000.0,18.15,B
2021-07-23T09:46:46,100.0,18.15,B
2021-07-23T09:46:33,2000.0,18.1,S
2021-07-23T09:45:33,6000.0,18.1,S
2021-07-23T09:45:26,1000.0,18.1,S
2021-07-23T09:45:19,200.0,18.1,S
2021-07-23T09:44:46,900.0,18.15,B
2021-07-23T09:43:40,800.0,18.1,S
2021-07-23T09:43:34,200.0,18.1,S
2021-07-23T09:43:08,200.0,18.1,S
2021-07-23T09:42:53,200.0,18.15,B
2021-07-23T09:42:47,5000.0,18.1,S
2021-07-23T09:42:34,900.0,18.15,B
2021-07-23T09:42:20,100.0,18.15,B
2021-07-23T09:41:49,100.0,18.15,B
2021-07-23T09:41:45,1800.0,18.1,S
2021-07-23T09:41:19,2100.0,18.15,B
2021-07-23T09:40:35,1000.0,18.15,S
2021-07-23T09:40:35,200.0,18.15,S
2021-07-23T09:40:35,27000.0,18.15,S
2021-07-23T09:40:21,900.0,18.2,B
2021-07-23T09:40:04,400.0,18.15,S
2021-07-23T09:39:54,29400.0,18.15,S
2021-07-23T09:39:54,500.0,18.15,S
2021-07-23T09:39:54,400.0,18.15,S
2021-07-23T09:39:54,3100.0,18.15,S
2021-07-23T09:39:54,8000.0,18.15,S
2021-07-23T09:39:54,100.0,18.15,S
2021-07-23T09:39:54,200.0,18.15,S
2021-07-23T09:39:54,4100.0,18.15,S
2021-07-23T09:39:54,2000.0,18.15,S
2021-07-23T09:39:54,2200.0,18.15,S
2021-07-23T09:39:36,8800.0,18.15,S
2021-07-23T09:39:10,100.0,18.15,S
2021-07-23T09:38:58,2500.0,18.15,S
2021-07-23T09:38:50,300.0,18.15,S
2021-07-23T09:38:26,2300.0,18.2,S
2021-07-23T09:38:19,5200.0,18.2,B
2021-07-23T09:38:16,2500.0,18.2,B
2021-07-23T09:38:08,600.0,18.2,B
2021-07-23T09:38:08,300.0,18.2,B
2021-07-23T09:37:54,100.0,18.2,B
2021-07-23T09:37:51,1000.0,18.2,B
2021-07-23T09:37:29,300.0,18.2,B
2021-07-23T09:36:28,100.0,18.15,S
2021-07-23T09:36:20,5000.0,18.15,S
2021-07-23T09:36:03,300.0,18.2,S
2021-07-23T09:35:57,900.0,18.25,B
2021-07-23T09:35:45,1000.0,18.2,B
2021-07-23T09:35:37,2700.0,18.2,S
2021-07-23T09:35:28,300.0,18.2,S
2021-07-23T09:35:28,1600.0,18.2,B
2021-07-23T09:35:25,2000.0,18.2,B
2021-07-23T09:35:20,100.0,18.2,B
2021-07-23T09:35:17,1600.0,18.2,B
2021-07-23T09:35:17,400.0,18.2,B
2021-07-23T09:34:57,300.0,18.2,B
2021-07-23T09:34:39,4000.0,18.2,B
2021-07-23T09:34:23,500.0,18.2,B
2021-07-23T09:33:55,500.0,18.2,B
2021-07-23T09:33:50,300.0,18.2,B
2021-07-23T09:33:48,1000.0,18.2,B
2021-07-23T09:33:43,800.0,18.2,B
2021-07-23T09:33:18,2000.0,18.2,S
2021-07-23T09:32:59,3500.0,18.2,S
2021-07-23T09:32:54,500.0,18.2,S
2021-07-23T09:32:15,1400.0,18.2,S
2021-07-23T09:32:15,1000.0,18.2,S
2021-07-23T09:32:15,7600.0,18.2,S
2021-07-23T09:31:30,900.0,18.25,B
2021-07-23T09:31:22,300.0,18.2,S
2021-07-23T09:31:21,200.0,18.2,S
2021-07-23T09:31:19,500.0,18.25,B
2021-07-23T09:31:09,300.0,18.2,B
2021-07-23T09:31:01,600.0,18.2,S
2021-07-23T09:30:53,400.0,18.2,S
2021-07-23T09:30:51,200.0,18.2,B
2021-07-23T09:30:49,1000.0,18.2,B
2021-07-23T09:30:47,3000.0,18.2,B
2021-07-23T09:30:41,200.0,18.2,B
2021-07-23T09:30:18,100.0,18.2,B
2021-07-23T09:30:04,500.0,18.2,B
2021-07-23T09:30:04,1500.0,18.2,B
2021-07-23T09:29:17,900.0,18.2,B
2021-07-23T09:29:14,200.0,18.15,S
2021-07-23T09:29:13,1600.0,18.15,S
2021-07-23T09:29:10,3000.0,18.15,S
2021-07-23T09:29:07,1000.0,18.15,S
2021-07-23T09:29:04,1400.0,18.2,S
2021-07-23T09:28:56,5200.0,18.15,S
2021-07-23T09:28:12,2000.0,18.15,S
2021-07-23T09:27:53,5000.0,18.2,B
2021-07-23T09:27:44,600.0,18.2,B
2021-07-23T09:27:41,100.0,18.2,B
2021-07-23T09:27:39,300.0,18.2,B
2021-07-23T09:27:38,1000.0,18.2,B
2021-07-23T09:27:08,500.0,18.25,B
2021-07-23T09:27:06,100.0,18.2,B
2021-07-23T09:27:05,900.0,18.25,B
2021-07-23T09:26:55,3000.0,18.2,B
2021-07-23T09:26:53,600.0,18.2,B
2021-07-23T09:26:50,1000.0,18.2,B
2021-07-23T09:26:46,100.0,18.2,B
2021-07-23T09:26:45,1700.0,18.2,B
2021-07-23T09:26:34,1000.0,18.2,B
2021-07-23T09:26:28,500.0,18.2,B
2021-07-23T09:26:28,6100.0,18.2,S
2021-07-23T09:26:22,2400.0,18.25,S
2021-07-23T09:26:21,1400.0,18.25,S
2021-07-23T09:26:03,100.0,18.25,S
2021-07-23T09:25:58,1000.0,18.25,S
2021-07-23T09:25:43,7500.0,18.25,B
2021-07-23T09:25:43,1000.0,18.2,B
2021-07-23T09:25:40,2100.0,18.2,S
2021-07-23T09:25:40,100.0,18.25,B
2021-07-23T09:25:36,100.0,18.25,B
2021-07-23T09:24:55,100.0,18.25,B
2021-07-23T09:24:51,900.0,18.25,B
2021-07-23T09:24:40,100.0,18.2,S
2021-07-23T09:24:23,1000.0,18.2,S
2021-07-23T09:24:20,3400.0,18.2,B
2021-07-23T09:24:16,500.0,18.2,B
2021-07-23T09:24:15,500.0,18.2,B
2021-07-23T09:24:14,1300.0,18.2,B
2021-07-23T09:24:06,100.0,18.2,B
2021-07-23T09:24:03,1000.0,18.2,B
2021-07-23T09:23:40,3000.0,18.2,B
2021-07-23T09:23:24,100.0,18.15,S
2021-07-23T09:23:24,1000.0,18.2,B
2021-07-23T09:22:52,2000.0,18.15,B
2021-07-23T09:22:52,600.0,18.15,B
2021-07-23T09:22:50,3900.0,18.15,B
2021-07-23T09:22:50,3700.0,18.15,B
2021-07-23T09:22:39,900.0,18.15,B
2021-07-23T09:22:28,9200.0,18.1,S
2021-07-23T09:22:28,1000.0,18.1,B
2021-07-23T09:22:28,500.0,18.1,B
2021-07-23T09:22:25,100.0,18.1,B
2021-07-23T09:22:20,200.0,18.1,B
2021-07-23T09:22:13,1000.0,18.1,B
2021-07-23T09:22:11,1000.0,18.1,B
2021-07-23T09:22:08,3400.0,18.1,B
2021-07-23T09:21:44,100.0,18.0,S
2021-07-23T09:21:20,2000.0,18.0,S
2021-07-23T09:21:02,200.0,18.0,B
2021-07-23T09:21:02,500.0,18.0,B
2021-07-23T09:21:02,2400.0,18.0,B
2021-07-23T09:21:01,2000.0,18.0,B
2021-07-23T09:21:00,5000.0,18.0,B
2021-07-23T09:20:59,700.0,18.0,B
2021-07-23T09:20:59,1000.0,18.0,B
2021-07-23T09:20:59,300.0,18.0,B
2021-07-23T09:20:59,2000.0,17.95,S
2021-07-23T09:20:58,2000.0,18.0,B
2021-07-23T09:20:56,2800.0,18.0,B
2021-07-23T09:20:56,300.0,18.0,B
2021-07-23T09:20:56,4900.0,18.0,B
2021-07-23T09:20:53,500.0,18.0,B
2021-07-23T09:20:53,100.0,18.0,B
2021-07-23T09:20:52,10000.0,18.0,B
2021-07-23T09:20:43,1000.0,18.0,B
2021-07-23T09:20:43,500.0,18.0,B
2021-07-23T09:20:35,100.0,18.0,B
2021-07-23T09:20:35,3000.0,18.0,B
2021-07-23T09:20:28,10000.0,18.0,B
2021-07-23T09:20:27,900.0,18.0,B
2021-07-23T09:20:18,100.0,18.0,B
2021-07-23T09:20:12,100.0,18.0,B
2021-07-23T09:20:04,1000.0,18.0,B
2021-07-23T09:20:00,200.0,18.0,B
2021-07-23T09:19:52,200.0,17.95,S
2021-07-23T09:19:02,400.0,17.95,S
2021-07-23T09:18:50,500.0,18.0,B
2021-07-23T09:18:47,2000.0,17.95,S
2021-07-23T09:18:39,1000.0,17.95,S
2021-07-23T09:18:28,2000.0,17.95,S
2021-07-23T09:18:20,200.0,17.95,S
2021-07-23T09:18:13,900.0,18.0,B
2021-07-23T09:18:07,3000.0,17.95,S
2021-07-23T09:18:03,3600.0,17.95,S
2021-07-23T09:17:54,2000.0,17.95,S
2021-07-23T09:17:45,200.0,17.95,S
2021-07-23T09:17:28,2500.0,17.95,B
2021-07-23T09:17:28,700.0,17.95,B
2021-07-23T09:17:24,1100.0,17.95,B
2021-07-23T09:17:18,1500.0,17.95,B
2021-07-23T09:17:04,1500.0,17.9,S
2021-07-23T09:17:00,500.0,17.95,B
2021-07-23T09:16:54,3500.0,17.9,S
2021-07-23T09:16:48,3000.0,17.9,S
2021-07-23T09:16:48,1800.0,17.9,B
2021-07-23T09:16:46,3200.0,17.9,S
2021-07-23T09:16:44,800.0,17.9,S
2021-07-23T09:16:35,600.0,17.9,S
2021-07-23T09:16:35,4400.0,17.9,S
2021-07-23T09:16:30,2000.0,17.9,S
2021-07-23T09:16:21,200.0,17.9,S
2021-07-23T09:16:20,100.0,17.9,S
2021-07-23T09:16:08,200.0,17.9,S
2021-07-23T09:16:02,5000.0,17.9,S
2021-07-23T09:16:01,100.0,17.9,S
2021-07-23T09:16:01,900.0,17.95,B
2021-07-23T09:15:55,1000.0,17.9,S
2021-07-23T09:15:51,100.0,17.95,B
2021-07-23T09:15:50,100.0,17.9,S
2021-07-23T09:15:36,5000.0,17.95,S
2021-07-23T09:15:35,200.0,17.95,S
2021-07-23T09:15:30,500.0,18.0,B
2021-07-23T09:15:16,300.0,18.0,B
