tradingTime,volume,price,side
2021-07-23T11:30:01,10500.0,39.5,B
2021-07-23T11:29:58,100.0,39.5,B
2021-07-23T11:29:31,1000.0,39.5,B
2021-07-23T11:29:30,500.0,39.4,S
2021-07-23T11:29:04,1000.0,39.4,S
2021-07-23T11:29:02,200.0,39.5,S
2021-07-23T11:28:56,5500.0,39.5,B
2021-07-23T11:28:48,200.0,39.5,B
2021-07-23T11:28:28,100.0,39.5,B
2021-07-23T11:28:21,1000.0,39.5,B
2021-07-23T11:28:20,1000.0,39.5,B
2021-07-23T11:28:16,200.0,39.5,B
2021-07-23T11:27:59,100.0,39.5,B
2021-07-23T11:27:57,1000.0,39.4,S
2021-07-23T11:27:41,200.0,39.5,B
2021-07-23T11:27:37,3000.0,39.4,S
2021-07-23T11:27:34,200.0,39.4,S
2021-07-23T11:27:24,2000.0,39.4,S
2021-07-23T11:26:55,2800.0,39.4,B
2021-07-23T11:26:54,2000.0,39.4,B
2021-07-23T11:26:54,100.0,39.4,B
2021-07-23T11:26:53,1000.0,39.4,B
2021-07-23T11:26:50,2100.0,39.4,S
2021-07-23T11:26:47,500.0,39.4,S
2021-07-23T11:26:46,1000.0,39.4,S
2021-07-23T11:26:40,300.0,39.4,S
2021-07-23T11:26:38,500.0,39.4,S
2021-07-23T11:26:35,200.0,39.4,S
2021-07-23T11:26:28,500.0,39.4,B
2021-07-23T11:26:27,200.0,39.4,B
2021-07-23T11:26:27,300.0,39.4,S
2021-07-23T11:26:26,200.0,39.4,S
2021-07-23T11:26:22,5000.0,39.3,S
2021-07-23T11:26:20,2900.0,39.4,S
2021-07-23T11:26:06,300.0,39.4,S
2021-07-23T11:26:04,700.0,39.4,S
2021-07-23T11:26:01,14100.0,39.4,S
2021-07-23T11:25:54,1500.0,39.4,S
2021-07-23T11:25:51,200.0,39.4,S
2021-07-23T11:25:44,6000.0,39.4,S
2021-07-23T11:25:43,100.0,39.4,S
2021-07-23T11:25:42,1100.0,39.5,B
2021-07-23T11:25:39,2000.0,39.5,B
2021-07-23T11:25:25,4600.0,39.4,S
2021-07-23T11:25:20,2000.0,39.4,S
2021-07-23T11:25:04,4400.0,39.4,S
2021-07-23T11:24:54,100.0,39.5,B
2021-07-23T11:24:47,1000.0,39.5,B
2021-07-23T11:24:44,200.0,39.5,B
2021-07-23T11:24:34,500.0,39.5,B
2021-07-23T11:24:22,1000.0,39.5,S
2021-07-23T11:24:17,500.0,39.5,S
2021-07-23T11:24:14,1000.0,39.5,S
2021-07-23T11:24:13,5000.0,39.5,S
2021-07-23T11:24:12,400.0,39.5,S
2021-07-23T11:24:11,200.0,39.5,S
2021-07-23T11:24:08,5000.0,39.5,S
2021-07-23T11:23:58,1000.0,39.5,S
2021-07-23T11:23:53,10000.0,39.5,S
2021-07-23T11:23:52,100.0,39.5,S
2021-07-23T11:23:43,1000.0,39.5,S
2021-07-23T11:23:37,5000.0,39.5,S
2021-07-23T11:23:33,30000.0,39.5,S
2021-07-23T11:23:24,1000.0,39.5,S
2021-07-23T11:23:19,500.0,39.5,S
2021-07-23T11:23:11,1000.0,39.5,S
2021-07-23T11:23:10,2000.0,39.5,S
2021-07-23T11:23:08,1000.0,39.5,S
2021-07-23T11:23:07,400.0,39.5,S
2021-07-23T11:23:05,200.0,39.5,S
2021-07-23T11:22:56,100.0,39.5,S
2021-07-23T11:22:42,2000.0,39.5,S
2021-07-23T11:22:32,2000.0,39.5,S
2021-07-23T11:21:28,1000.0,39.5,S
2021-07-23T11:21:25,700.0,39.5,S
2021-07-23T11:21:14,2000.0,39.5,S
2021-07-23T11:21:11,1000.0,39.6,B
2021-07-23T11:20:43,500.0,39.6,B
2021-07-23T11:20:39,400.0,39.6,B
2021-07-23T11:20:23,35400.0,39.5,S
2021-07-23T11:20:16,100.0,39.6,B
2021-07-23T11:20:06,500.0,39.6,B
2021-07-23T11:19:53,300.0,39.6,B
2021-07-23T11:19:50,1000.0,39.6,B
2021-07-23T11:19:31,100.0,39.6,B
2021-07-23T11:19:29,1000.0,39.5,S
2021-07-23T11:19:11,5000.0,39.6,S
2021-07-23T11:19:08,2000.0,39.6,S
2021-07-23T11:18:50,1000.0,39.6,S
2021-07-23T11:18:46,25000.0,39.6,S
2021-07-23T11:18:29,900.0,39.6,S
2021-07-23T11:18:25,1700.0,39.6,S
2021-07-23T11:18:16,1000.0,39.6,S
2021-07-23T11:17:57,400.0,39.6,S
2021-07-23T11:17:11,2400.0,39.6,S
2021-07-23T11:16:25,1500.0,39.6,S
2021-07-23T11:16:21,4400.0,39.6,S
2021-07-23T11:16:19,1000.0,39.6,S
2021-07-23T11:15:21,5000.0,39.6,S
2021-07-23T11:15:14,1500.0,39.7,B
2021-07-23T11:14:53,5000.0,39.6,S
2021-07-23T11:13:02,1400.0,39.6,S
2021-07-23T11:12:55,2000.0,39.7,B
2021-07-23T11:12:34,2000.0,39.7,B
2021-07-23T11:12:24,200.0,39.7,B
2021-07-23T11:12:21,2000.0,39.7,B
2021-07-23T11:11:35,16500.0,39.7,B
2021-07-23T11:11:32,500.0,39.7,B
2021-07-23T11:11:26,500.0,39.7,B
2021-07-23T11:11:16,800.0,39.7,B
2021-07-23T11:10:22,700.0,39.6,S
2021-07-23T11:10:11,100.0,39.6,S
2021-07-23T11:10:02,5000.0,39.6,S
2021-07-23T11:09:05,2000.0,39.6,S
2021-07-23T11:09:00,1000.0,39.6,S
2021-07-23T11:08:56,1000.0,39.7,B
2021-07-23T11:08:45,2000.0,39.6,S
2021-07-23T11:08:41,10000.0,39.6,S
2021-07-23T11:08:36,8500.0,39.6,S
2021-07-23T11:08:17,100.0,39.6,S
2021-07-23T11:08:06,10000.0,39.6,S
2021-07-23T11:07:56,1600.0,39.7,B
2021-07-23T11:07:35,1000.0,39.7,B
2021-07-23T11:07:23,900.0,39.6,S
2021-07-23T11:06:43,1900.0,39.6,S
2021-07-23T11:06:08,9900.0,39.6,S
2021-07-23T11:05:54,1000.0,39.7,B
2021-07-23T11:05:38,500.0,39.7,B
2021-07-23T11:05:24,14000.0,39.7,S
2021-07-23T11:05:23,1000.0,39.7,S
2021-07-23T11:05:21,10000.0,39.7,S
2021-07-23T11:05:16,10000.0,39.7,S
2021-07-23T11:05:10,1400.0,39.7,S
2021-07-23T11:05:01,900.0,39.7,S
2021-07-23T11:04:56,7000.0,39.7,S
2021-07-23T11:04:54,3000.0,39.7,S
2021-07-23T11:04:37,400.0,39.8,B
2021-07-23T11:03:52,1000.0,39.8,B
2021-07-23T11:03:50,500.0,39.8,B
2021-07-23T11:03:26,500.0,39.8,B
2021-07-23T11:03:12,100.0,39.8,B
2021-07-23T11:02:49,100.0,39.8,B
2021-07-23T11:02:37,500.0,39.8,B
2021-07-23T11:02:18,100.0,39.8,B
2021-07-23T11:02:17,4000.0,39.8,B
2021-07-23T11:02:07,100.0,39.8,B
2021-07-23T11:01:57,1000.0,39.8,B
2021-07-23T11:01:52,1000.0,39.8,B
2021-07-23T11:01:44,1000.0,39.8,B
2021-07-23T11:00:56,200.0,39.8,B
2021-07-23T11:00:45,500.0,39.8,B
2021-07-23T11:00:27,3000.0,39.8,B
2021-07-23T11:00:01,2400.0,39.8,B
2021-07-23T10:58:34,1000.0,39.8,B
2021-07-23T10:57:56,400.0,39.8,B
2021-07-23T10:57:56,1600.0,39.8,B
2021-07-23T10:57:50,3000.0,39.8,B
2021-07-23T10:57:28,2000.0,39.8,S
2021-07-23T10:57:11,500.0,39.9,B
2021-07-23T10:56:39,500.0,39.7,S
2021-07-23T10:56:08,6000.0,39.7,S
2021-07-23T10:56:04,100.0,39.8,S
2021-07-23T10:55:27,500.0,39.8,S
2021-07-23T10:55:21,500.0,39.8,B
2021-07-23T10:55:14,100.0,39.8,B
2021-07-23T10:54:00,500.0,39.8,S
2021-07-23T10:53:44,5000.0,39.9,B
2021-07-23T10:53:01,1200.0,39.7,S
2021-07-23T10:52:43,100.0,39.8,S
2021-07-23T10:52:41,1000.0,39.8,B
2021-07-23T10:52:24,500.0,39.8,B
2021-07-23T10:52:13,500.0,39.8,B
2021-07-23T10:51:35,2000.0,39.8,B
2021-07-23T10:51:23,100.0,39.7,S
2021-07-23T10:50:40,2000.0,39.7,S
2021-07-23T10:49:55,200.0,39.7,S
2021-07-23T10:49:03,500.0,39.7,S
2021-07-23T10:49:00,18600.0,39.7,S
2021-07-23T10:48:51,400.0,39.7,S
2021-07-23T10:48:35,200.0,39.7,S
2021-07-23T10:48:27,300.0,39.8,B
2021-07-23T10:48:01,3000.0,39.7,S
2021-07-23T10:47:57,500.0,39.7,S
2021-07-23T10:47:45,4000.0,39.7,S
2021-07-23T10:47:18,800.0,39.7,S
2021-07-23T10:46:59,100.0,39.8,B
2021-07-23T10:46:52,100.0,39.8,B
2021-07-23T10:46:51,1000.0,39.8,B
2021-07-23T10:46:44,200.0,39.8,B
2021-07-23T10:46:03,4300.0,39.8,S
2021-07-23T10:45:53,1000.0,39.8,S
2021-07-23T10:45:42,11000.0,39.8,S
2021-07-23T10:44:49,100.0,39.8,S
2021-07-23T10:44:30,4000.0,39.8,S
2021-07-23T10:44:07,2000.0,39.8,S
2021-07-23T10:43:57,2000.0,39.8,S
2021-07-23T10:43:22,500.0,39.9,B
2021-07-23T10:43:03,100.0,39.9,B
2021-07-23T10:42:54,1200.0,39.9,B
2021-07-23T10:42:46,200.0,39.9,B
2021-07-23T10:42:40,500.0,39.9,B
2021-07-23T10:41:44,300.0,39.9,B
2021-07-23T10:41:41,1500.0,39.9,B
2021-07-23T10:41:37,100.0,39.9,B
2021-07-23T10:41:17,500.0,39.9,B
2021-07-23T10:41:02,2000.0,39.8,S
2021-07-23T10:40:44,100.0,39.9,B
2021-07-23T10:40:36,2400.0,39.9,S
2021-07-23T10:40:31,100.0,39.9,S
2021-07-23T10:40:26,100.0,39.9,S
2021-07-23T10:40:11,300.0,39.9,S
2021-07-23T10:39:45,1000.0,39.9,S
2021-07-23T10:39:39,1000.0,39.9,S
2021-07-23T10:39:20,10100.0,39.9,S
2021-07-23T10:38:55,300.0,40.0,B
2021-07-23T10:38:26,2000.0,40.0,B
2021-07-23T10:38:05,1000.0,40.0,B
2021-07-23T10:37:36,5000.0,40.0,B
2021-07-23T10:37:15,1100.0,40.0,B
2021-07-23T10:37:12,600.0,40.0,B
2021-07-23T10:37:09,1000.0,40.0,B
2021-07-23T10:37:09,5800.0,40.0,B
2021-07-23T10:37:06,800.0,40.0,B
2021-07-23T10:37:03,30000.0,40.0,B
2021-07-23T10:36:57,4000.0,40.0,B
2021-07-23T10:36:54,200.0,40.0,B
2021-07-23T10:36:50,2000.0,40.0,B
2021-07-23T10:36:22,20000.0,40.0,B
2021-07-23T10:35:50,2900.0,40.0,B
2021-07-23T10:35:30,500.0,40.0,B
2021-07-23T10:35:30,1000.0,39.9,S
2021-07-23T10:34:56,2200.0,39.9,S
2021-07-23T10:34:49,30000.0,39.9,B
2021-07-23T10:34:37,100.0,39.9,B
2021-07-23T10:34:03,500.0,39.9,B
2021-07-23T10:33:52,100.0,39.8,S
2021-07-23T10:33:30,100.0,39.8,S
2021-07-23T10:33:14,5000.0,39.9,B
2021-07-23T10:32:54,5000.0,39.9,B
2021-07-23T10:32:41,200.0,39.8,S
2021-07-23T10:32:08,5600.0,39.8,S
2021-07-23T10:32:03,500.0,39.8,B
2021-07-23T10:32:01,1000.0,39.8,B
2021-07-23T10:32:01,100.0,39.8,B
2021-07-23T10:31:52,1000.0,39.8,B
2021-07-23T10:31:44,300.0,39.8,B
2021-07-23T10:31:39,5000.0,39.8,B
2021-07-23T10:31:37,10000.0,39.8,B
2021-07-23T10:31:14,2000.0,39.8,B
2021-07-23T10:30:57,2500.0,39.8,B
2021-07-23T10:30:52,3400.0,39.8,B
2021-07-23T10:30:34,500.0,39.8,B
2021-07-23T10:30:32,5000.0,39.8,B
2021-07-23T10:30:14,500.0,39.8,B
2021-07-23T10:30:12,13300.0,39.8,B
2021-07-23T10:29:42,100.0,39.8,B
2021-07-23T10:29:33,100.0,39.8,B
2021-07-23T10:28:55,2000.0,39.8,B
2021-07-23T10:28:31,500.0,39.7,S
2021-07-23T10:27:57,3700.0,39.7,S
2021-07-23T10:27:54,500.0,39.7,S
2021-07-23T10:27:18,100.0,39.7,S
2021-07-23T10:27:16,500.0,39.7,S
2021-07-23T10:27:13,4500.0,39.7,B
2021-07-23T10:26:59,500.0,39.7,B
2021-07-23T10:26:56,1000.0,39.7,B
2021-07-23T10:26:51,200.0,39.7,B
2021-07-23T10:26:48,2000.0,39.7,B
2021-07-23T10:26:40,200.0,39.7,B
2021-07-23T10:26:37,100.0,39.7,B
2021-07-23T10:26:24,500.0,39.7,B
2021-07-23T10:26:10,2000.0,39.7,B
2021-07-23T10:25:54,100.0,39.7,B
2021-07-23T10:25:53,1000.0,39.7,B
2021-07-23T10:25:48,1000.0,39.7,B
2021-07-23T10:25:47,100.0,39.7,B
2021-07-23T10:25:24,100.0,39.7,B
2021-07-23T10:25:07,1100.0,39.7,S
2021-07-23T10:24:51,300.0,39.7,S
2021-07-23T10:24:23,300.0,39.7,B
2021-07-23T10:24:22,1000.0,39.6,S
2021-07-23T10:24:17,3500.0,39.7,B
2021-07-23T10:24:11,500.0,39.7,B
2021-07-23T10:24:07,100.0,39.7,B
2021-07-23T10:24:05,2000.0,39.7,B
2021-07-23T10:24:03,500.0,39.7,B
2021-07-23T10:24:01,500.0,39.7,B
2021-07-23T10:24:00,1000.0,39.7,B
2021-07-23T10:24:00,300.0,39.6,S
2021-07-23T10:23:49,3000.0,39.7,B
2021-07-23T10:23:46,10000.0,39.6,S
2021-07-23T10:23:39,500.0,39.7,B
2021-07-23T10:23:35,100.0,39.7,B
2021-07-23T10:23:32,4000.0,39.6,S
2021-07-23T10:23:15,1200.0,39.7,B
2021-07-23T10:23:04,5000.0,39.7,B
2021-07-23T10:22:59,300.0,39.7,B
2021-07-23T10:22:47,5700.0,39.7,B
2021-07-23T10:22:18,100.0,39.7,B
2021-07-23T10:22:12,1000.0,39.7,B
2021-07-23T10:20:59,500.0,39.7,B
2021-07-23T10:20:34,500.0,39.7,B
2021-07-23T10:20:25,200.0,39.7,B
2021-07-23T10:19:44,1000.0,39.7,B
2021-07-23T10:19:37,2900.0,39.6,S
2021-07-23T10:19:25,100.0,39.7,B
2021-07-23T10:19:20,100.0,39.7,B
2021-07-23T10:19:07,100.0,39.7,B
2021-07-23T10:19:00,500.0,39.7,B
2021-07-23T10:18:36,300.0,39.7,B
2021-07-23T10:18:28,200.0,39.7,S
2021-07-23T10:18:27,200.0,39.7,S
2021-07-23T10:18:20,100.0,39.7,S
2021-07-23T10:18:07,100.0,39.7,S
2021-07-23T10:17:50,200.0,39.7,S
2021-07-23T10:16:59,1000.0,39.6,S
2021-07-23T10:16:26,500.0,39.7,B
2021-07-23T10:16:21,200.0,39.7,B
2021-07-23T10:16:19,100.0,39.7,B
2021-07-23T10:16:14,8200.0,39.7,S
2021-07-23T10:15:55,1500.0,39.7,S
2021-07-23T10:15:46,200.0,39.7,S
2021-07-23T10:15:33,200.0,39.8,B
2021-07-23T10:15:20,300.0,39.8,B
2021-07-23T10:15:02,100.0,39.8,B
2021-07-23T10:14:54,500.0,39.7,S
2021-07-23T10:14:50,1600.0,39.7,B
2021-07-23T10:14:42,1000.0,39.7,B
2021-07-23T10:14:34,10000.0,39.7,B
2021-07-23T10:14:32,1800.0,39.6,S
2021-07-23T10:14:07,500.0,39.7,B
2021-07-23T10:14:04,100.0,39.7,B
2021-07-23T10:13:50,200.0,39.7,B
2021-07-23T10:13:48,100.0,39.7,B
2021-07-23T10:13:25,1000.0,39.7,B
2021-07-23T10:13:24,100.0,39.7,B
2021-07-23T10:13:21,100.0,39.7,B
2021-07-23T10:12:44,4800.0,39.7,B
2021-07-23T10:12:41,300.0,39.6,S
2021-07-23T10:12:40,2000.0,39.7,B
2021-07-23T10:12:40,2000.0,39.6,S
2021-07-23T10:12:23,500.0,39.7,B
2021-07-23T10:11:59,100.0,39.7,B
2021-07-23T10:11:58,6000.0,39.7,B
2021-07-23T10:11:41,1000.0,39.7,B
2021-07-23T10:11:06,200.0,39.7,B
2021-07-23T10:11:03,2000.0,39.7,B
2021-07-23T10:11:02,300.0,39.7,B
2021-07-23T10:10:58,700.0,39.7,B
2021-07-23T10:10:45,5000.0,39.7,B
2021-07-23T10:10:38,100.0,39.7,B
2021-07-23T10:10:31,100.0,39.7,B
2021-07-23T10:10:24,1000.0,39.7,B
2021-07-23T10:10:20,300.0,39.7,B
2021-07-23T10:09:47,1000.0,39.7,B
2021-07-23T10:09:43,1000.0,39.7,B
2021-07-23T10:09:40,1000.0,39.7,B
2021-07-23T10:09:33,100.0,39.7,B
2021-07-23T10:09:33,100.0,39.7,B
2021-07-23T10:09:28,6500.0,39.7,B
2021-07-23T10:09:17,2900.0,39.7,S
2021-07-23T10:09:02,4600.0,39.7,S
2021-07-23T10:09:00,10000.0,39.7,B
2021-07-23T10:08:57,100.0,39.7,B
2021-07-23T10:08:49,10000.0,39.7,B
2021-07-23T10:08:46,100.0,39.7,B
2021-07-23T10:08:43,5000.0,39.7,B
2021-07-23T10:08:39,100.0,39.7,B
2021-07-23T10:08:31,500.0,39.7,B
2021-07-23T10:08:30,10600.0,39.7,B
2021-07-23T10:08:09,500.0,39.7,B
2021-07-23T10:08:04,1000.0,39.7,B
2021-07-23T10:08:01,100.0,39.7,B
2021-07-23T10:08:00,100.0,39.7,B
2021-07-23T10:07:55,1000.0,39.7,B
2021-07-23T10:07:50,11000.0,39.7,B
2021-07-23T10:07:40,1000.0,39.7,B
2021-07-23T10:07:08,1000.0,39.7,B
2021-07-23T10:07:03,400.0,39.7,B
2021-07-23T10:07:01,1000.0,39.7,B
2021-07-23T10:06:49,100.0,39.7,B
2021-07-23T10:06:47,100.0,39.7,B
2021-07-23T10:06:32,400.0,39.6,S
2021-07-23T10:06:24,300.0,39.7,B
2021-07-23T10:06:24,500.0,39.7,B
2021-07-23T10:06:08,1300.0,39.6,S
2021-07-23T10:06:05,500.0,39.7,B
2021-07-23T10:06:00,800.0,39.7,B
2021-07-23T10:05:56,100.0,39.7,B
2021-07-23T10:05:54,200.0,39.7,B
2021-07-23T10:05:52,100.0,39.7,B
2021-07-23T10:05:47,1000.0,39.6,S
2021-07-23T10:05:30,2000.0,39.7,B
2021-07-23T10:05:24,1000.0,39.7,B
2021-07-23T10:05:22,1000.0,39.7,B
2021-07-23T10:05:00,500.0,39.7,B
2021-07-23T10:04:08,500.0,39.7,B
2021-07-23T10:03:39,22500.0,39.7,S
2021-07-23T10:03:30,2600.0,39.7,S
2021-07-23T10:03:14,1000.0,39.7,S
2021-07-23T10:03:03,200.0,39.7,S
2021-07-23T10:03:03,500.0,39.7,S
2021-07-23T10:02:59,1500.0,39.7,S
2021-07-23T10:02:58,5000.0,39.7,S
2021-07-23T10:02:50,2000.0,39.7,S
2021-07-23T10:02:38,500.0,39.7,S
2021-07-23T10:02:29,500.0,39.7,S
2021-07-23T10:02:20,4500.0,39.8,S
2021-07-23T10:02:14,2000.0,39.8,S
2021-07-23T10:02:13,500.0,39.8,S
2021-07-23T10:02:11,3000.0,39.8,S
2021-07-23T10:02:10,1600.0,39.8,S
2021-07-23T10:02:08,200.0,39.8,S
2021-07-23T10:01:52,1000.0,39.8,S
2021-07-23T10:01:48,19900.0,39.8,S
2021-07-23T10:01:46,1000.0,39.8,S
2021-07-23T10:01:20,500.0,39.9,B
2021-07-23T10:01:07,200.0,39.9,B
2021-07-23T10:00:45,300.0,39.9,B
2021-07-23T09:59:56,3800.0,39.9,B
2021-07-23T09:59:49,4000.0,39.9,B
2021-07-23T09:58:42,1500.0,39.9,B
2021-07-23T09:58:25,100.0,39.9,B
2021-07-23T09:58:24,500.0,39.9,B
2021-07-23T09:58:02,1000.0,39.9,B
2021-07-23T09:57:42,100.0,39.9,B
2021-07-23T09:57:39,500.0,39.9,B
2021-07-23T09:57:35,1000.0,39.9,B
2021-07-23T09:57:08,200.0,39.9,B
2021-07-23T09:56:59,4100.0,39.9,S
2021-07-23T09:56:54,5900.0,39.9,B
2021-07-23T09:55:57,1000.0,39.9,B
2021-07-23T09:55:36,3200.0,39.9,S
2021-07-23T09:55:31,100.0,39.9,S
2021-07-23T09:55:23,2000.0,39.9,S
2021-07-23T09:55:10,1900.0,39.9,S
2021-07-23T09:55:00,100.0,39.9,S
2021-07-23T09:54:54,2000.0,39.9,S
2021-07-23T09:54:39,5000.0,39.9,S
2021-07-23T09:54:37,300.0,39.9,S
2021-07-23T09:54:36,500.0,39.9,S
2021-07-23T09:54:27,5000.0,39.9,S
2021-07-23T09:54:25,1000.0,39.9,S
2021-07-23T09:54:20,1000.0,39.9,S
2021-07-23T09:54:09,500.0,39.9,S
2021-07-23T09:53:29,2400.0,39.9,S
2021-07-23T09:53:26,3000.0,39.9,S
2021-07-23T09:53:22,1000.0,39.9,S
2021-07-23T09:53:01,100.0,39.9,S
2021-07-23T09:52:33,1500.0,39.9,S
2021-07-23T09:52:22,2800.0,39.9,S
2021-07-23T09:52:12,2000.0,39.9,S
2021-07-23T09:52:08,1000.0,39.9,S
2021-07-23T09:51:59,4000.0,39.9,S
2021-07-23T09:51:49,2500.0,39.9,S
2021-07-23T09:51:42,1000.0,39.9,S
2021-07-23T09:51:29,100.0,40.0,B
2021-07-23T09:50:45,1000.0,39.9,S
2021-07-23T09:49:10,4800.0,40.0,B
2021-07-23T09:48:57,1000.0,39.9,B
2021-07-23T09:48:52,4000.0,39.9,B
2021-07-23T09:48:49,600.0,39.9,B
2021-07-23T09:48:43,2000.0,39.9,B
2021-07-23T09:48:34,2000.0,39.9,B
2021-07-23T09:47:23,200.0,39.9,B
2021-07-23T09:47:17,100.0,39.9,B
2021-07-23T09:47:11,1400.0,39.9,S
2021-07-23T09:47:07,2000.0,39.9,S
2021-07-23T09:45:55,1000.0,39.9,S
2021-07-23T09:45:54,700.0,39.9,S
2021-07-23T09:45:54,2000.0,39.9,S
2021-07-23T09:45:12,200.0,39.9,B
2021-07-23T09:44:58,2000.0,39.9,B
2021-07-23T09:44:50,2000.0,39.9,B
2021-07-23T09:44:34,300.0,39.9,B
2021-07-23T09:44:31,300.0,39.9,B
2021-07-23T09:44:04,700.0,39.9,B
2021-07-23T09:43:41,10000.0,39.9,B
2021-07-23T09:42:49,400.0,39.8,S
2021-07-23T09:42:40,500.0,39.9,B
2021-07-23T09:41:56,900.0,39.8,S
2021-07-23T09:41:38,200.0,39.9,B
2021-07-23T09:41:27,100.0,39.9,B
2021-07-23T09:41:26,2000.0,39.9,B
2021-07-23T09:41:24,6000.0,39.9,B
2021-07-23T09:40:57,500.0,39.9,S
2021-07-23T09:40:55,1500.0,39.9,S
2021-07-23T09:40:39,800.0,39.9,S
2021-07-23T09:40:36,4700.0,40.0,S
2021-07-23T09:40:33,100.0,40.0,S
2021-07-23T09:40:28,2000.0,40.0,S
2021-07-23T09:40:26,500.0,40.0,S
2021-07-23T09:40:24,200.0,40.0,S
2021-07-23T09:40:18,2000.0,40.0,S
2021-07-23T09:39:45,600.0,40.0,S
2021-07-23T09:39:44,3000.0,40.0,S
2021-07-23T09:39:40,1000.0,40.0,S
2021-07-23T09:39:32,3100.0,40.0,S
2021-07-23T09:39:30,5000.0,39.9,S
2021-07-23T09:38:50,500.0,40.0,B
2021-07-23T09:38:31,200.0,40.0,B
2021-07-23T09:38:15,1000.0,40.0,B
2021-07-23T09:37:49,2800.0,40.0,S
2021-07-23T09:37:48,2000.0,40.0,S
2021-07-23T09:37:44,10000.0,40.0,S
2021-07-23T09:37:32,10000.0,40.0,S
2021-07-23T09:37:27,200.0,40.0,S
2021-07-23T09:37:20,500.0,40.0,S
2021-07-23T09:37:15,100.0,40.1,B
2021-07-23T09:36:46,200.0,40.0,S
2021-07-23T09:36:30,3000.0,40.0,S
2021-07-23T09:36:29,2000.0,40.0,S
2021-07-23T09:36:24,2000.0,40.0,S
2021-07-23T09:35:46,100.0,40.0,S
2021-07-23T09:35:41,800.0,40.0,S
2021-07-23T09:35:38,700.0,40.1,B
2021-07-23T09:35:32,200.0,40.0,S
2021-07-23T09:35:11,1000.0,40.0,S
2021-07-23T09:35:02,100.0,40.0,S
2021-07-23T09:34:53,100.0,40.1,B
2021-07-23T09:34:21,1000.0,40.1,B
2021-07-23T09:34:15,100.0,40.0,S
2021-07-23T09:33:48,1000.0,40.0,S
2021-07-23T09:33:44,100.0,40.0,S
2021-07-23T09:33:44,100.0,40.1,B
2021-07-23T09:32:56,45600.0,40.0,B
2021-07-23T09:32:46,2100.0,40.0,B
2021-07-23T09:32:41,200.0,40.0,B
2021-07-23T09:32:21,5900.0,40.0,B
2021-07-23T09:32:10,5700.0,40.0,B
2021-07-23T09:32:09,500.0,40.0,B
2021-07-23T09:32:05,100.0,39.9,S
2021-07-23T09:31:42,10000.0,39.9,S
2021-07-23T09:31:38,6000.0,39.9,S
2021-07-23T09:31:36,100.0,39.9,S
2021-07-23T09:31:19,200.0,39.9,S
2021-07-23T09:31:16,200.0,39.9,S
2021-07-23T09:31:11,1000.0,39.9,S
2021-07-23T09:30:55,5000.0,39.9,S
2021-07-23T09:30:30,1000.0,40.0,B
2021-07-23T09:30:21,200.0,40.0,B
2021-07-23T09:30:11,1000.0,40.0,B
2021-07-23T09:30:06,200.0,40.0,B
2021-07-23T09:29:28,100.0,40.0,B
2021-07-23T09:28:47,100.0,40.0,B
2021-07-23T09:28:37,100.0,40.0,B
2021-07-23T09:28:26,1000.0,39.9,S
2021-07-23T09:28:10,100.0,39.9,S
2021-07-23T09:27:53,100.0,39.9,S
2021-07-23T09:27:49,200.0,40.0,B
2021-07-23T09:27:40,400.0,40.0,B
2021-07-23T09:27:39,100.0,40.0,B
2021-07-23T09:27:24,3000.0,39.9,S
2021-07-23T09:26:49,200.0,40.0,B
2021-07-23T09:26:28,500.0,40.0,B
2021-07-23T09:26:27,600.0,40.0,B
2021-07-23T09:26:19,500.0,40.0,B
2021-07-23T09:26:16,100.0,40.0,S
2021-07-23T09:26:15,9000.0,39.9,S
2021-07-23T09:26:06,11700.0,40.0,S
2021-07-23T09:26:05,900.0,40.0,S
2021-07-23T09:25:53,5000.0,40.0,S
2021-07-23T09:25:52,4000.0,40.1,B
2021-07-23T09:25:36,1000.0,40.1,B
2021-07-23T09:25:33,5000.0,40.0,S
2021-07-23T09:25:30,2000.0,40.1,B
2021-07-23T09:25:28,500.0,40.1,B
2021-07-23T09:25:24,100.0,40.1,B
2021-07-23T09:24:52,100.0,40.1,B
2021-07-23T09:24:45,1100.0,40.1,B
2021-07-23T09:24:28,200.0,40.1,B
2021-07-23T09:24:24,30000.0,40.1,B
2021-07-23T09:24:04,10000.0,40.1,B
2021-07-23T09:23:58,1000.0,40.0,S
2021-07-23T09:23:43,500.0,40.0,S
2021-07-23T09:23:27,500.0,40.0,B
2021-07-23T09:23:25,1500.0,40.0,S
2021-07-23T09:23:19,300.0,40.0,S
2021-07-23T09:23:03,1500.0,40.0,B
2021-07-23T09:23:03,900.0,40.0,B
2021-07-23T09:22:51,2100.0,40.0,B
2021-07-23T09:22:44,5000.0,40.0,B
2021-07-23T09:22:43,800.0,40.0,B
2021-07-23T09:22:40,9500.0,40.0,B
2021-07-23T09:22:39,30000.0,40.0,B
2021-07-23T09:22:38,500.0,40.0,B
2021-07-23T09:22:38,500.0,40.0,B
2021-07-23T09:22:37,100.0,39.9,S
2021-07-23T09:22:20,2000.0,40.0,B
2021-07-23T09:22:14,10000.0,40.0,B
2021-07-23T09:21:57,2000.0,39.9,S
2021-07-23T09:21:55,5000.0,40.0,B
2021-07-23T09:21:52,2000.0,40.0,B
2021-07-23T09:21:51,100.0,40.0,B
2021-07-23T09:21:47,200.0,40.0,B
2021-07-23T09:21:22,900.0,40.0,B
2021-07-23T09:21:15,500.0,39.9,S
2021-07-23T09:21:09,1000.0,39.9,S
2021-07-23T09:21:04,7700.0,39.9,B
2021-07-23T09:20:46,500.0,39.8,S
2021-07-23T09:20:32,200.0,39.8,B
2021-07-23T09:20:31,1000.0,39.8,B
2021-07-23T09:20:18,100.0,39.8,B
2021-07-23T09:20:13,100.0,39.7,S
2021-07-23T09:19:57,400.0,39.7,S
2021-07-23T09:19:53,100.0,39.7,S
2021-07-23T09:19:52,400.0,39.7,B
2021-07-23T09:19:47,2000.0,39.6,S
2021-07-23T09:19:46,500.0,39.7,S
2021-07-23T09:19:46,1200.0,39.7,B
2021-07-23T09:19:45,100.0,39.7,B
2021-07-23T09:19:44,2000.0,39.6,S
2021-07-23T09:19:34,15000.0,39.7,B
2021-07-23T09:19:34,1000.0,39.6,S
2021-07-23T09:19:31,1500.0,39.6,S
2021-07-23T09:19:31,1000.0,39.6,S
2021-07-23T09:19:30,600.0,39.6,S
2021-07-23T09:19:30,100.0,39.6,S
2021-07-23T09:19:27,600.0,39.6,S
2021-07-23T09:19:27,300.0,39.6,S
2021-07-23T09:19:21,500.0,39.6,S
2021-07-23T09:19:17,1000.0,39.6,S
2021-07-23T09:19:12,300.0,39.6,S
2021-07-23T09:19:09,1300.0,39.6,S
2021-07-23T09:19:06,1500.0,39.6,S
2021-07-23T09:19:03,100.0,39.6,S
2021-07-23T09:18:57,300.0,39.6,S
2021-07-23T09:18:49,1000.0,39.6,S
2021-07-23T09:18:43,5000.0,39.6,S
2021-07-23T09:18:18,100.0,39.6,S
2021-07-23T09:18:14,100.0,39.7,B
2021-07-23T09:18:06,200.0,39.6,S
2021-07-23T09:18:05,1000.0,39.6,S
2021-07-23T09:18:04,500.0,39.6,S
2021-07-23T09:18:04,700.0,39.6,S
2021-07-23T09:17:59,1000.0,39.6,S
2021-07-23T09:17:58,1000.0,39.6,S
2021-07-23T09:17:53,1000.0,39.6,S
2021-07-23T09:17:49,1000.0,39.6,S
2021-07-23T09:17:43,2900.0,39.6,S
2021-07-23T09:17:43,200.0,39.6,S
2021-07-23T09:17:36,2700.0,39.6,S
2021-07-23T09:17:35,200.0,39.7,B
2021-07-23T09:17:24,200.0,39.7,B
2021-07-23T09:17:19,500.0,39.7,B
2021-07-23T09:17:09,500.0,39.7,B
2021-07-23T09:17:03,200.0,39.7,B
2021-07-23T09:16:43,1000.0,39.7,B
2021-07-23T09:16:15,100.0,39.7,S
2021-07-23T09:16:14,300.0,39.7,S
2021-07-23T09:16:10,500.0,39.7,S
2021-07-23T09:16:07,100.0,39.7,S
2021-07-23T09:15:57,10000.0,39.6,S
2021-07-23T09:15:44,10000.0,39.6,S
2021-07-23T09:15:31,100.0,39.8,B
2021-07-23T09:15:26,1000.0,39.7,B
2021-07-23T09:15:23,3000.0,39.7,S
2021-07-23T09:15:21,3000.0,39.7,S
2021-07-23T09:15:17,500.0,39.7,S
2021-07-23T09:13:46,200.0,39.8,B
2021-07-23T09:13:43,700.0,39.8,B
2021-07-23T09:13:26,100.0,39.8,S
2021-07-23T09:13:24,600.0,39.8,S
2021-07-23T09:13:20,100.0,39.8,S
2021-07-23T09:13:15,400.0,39.8,S
2021-07-23T09:12:57,400.0,39.8,S
2021-07-23T09:12:17,1000.0,39.8,S
2021-07-23T09:11:31,500.0,39.8,S
2021-07-23T09:11:22,2000.0,39.8,S
2021-07-23T09:11:10,1600.0,39.8,B
2021-07-23T09:11:09,2000.0,39.7,S
2021-07-23T09:11:02,100.0,39.8,B
2021-07-23T09:10:55,100.0,39.8,B
2021-07-23T09:10:48,200.0,39.8,S
2021-07-23T09:10:42,2000.0,39.8,S
2021-07-23T09:10:35,300.0,39.8,S
2021-07-23T09:10:33,500.0,39.9,B
2021-07-23T09:10:24,300.0,39.8,S
2021-07-23T09:10:18,1100.0,39.9,B
2021-07-23T09:09:43,100.0,39.9,B
2021-07-23T09:09:22,1400.0,39.9,B
2021-07-23T09:09:19,1500.0,39.8,S
2021-07-23T09:09:19,200.0,39.8,S
2021-07-23T09:09:07,3000.0,39.8,S
2021-07-23T09:08:56,100.0,39.8,S
2021-07-23T09:08:53,200.0,39.8,S
2021-07-23T09:08:51,500.0,39.8,S
2021-07-23T09:08:46,200.0,39.8,S
2021-07-23T09:08:42,100.0,39.8,S
2021-07-23T09:08:24,1000.0,39.8,S
2021-07-23T09:08:18,10000.0,39.8,S
2021-07-23T09:08:04,500.0,39.9,S
2021-07-23T09:08:02,10000.0,39.9,S
2021-07-23T09:07:55,1000.0,39.9,S
2021-07-23T09:07:52,600.0,39.9,S
2021-07-23T09:07:34,7900.0,39.9,B
2021-07-23T09:07:25,500.0,39.8,S
2021-07-23T09:07:21,100.0,39.9,B
2021-07-23T09:07:16,200.0,39.8,S
2021-07-23T09:07:07,100.0,39.8,S
2021-07-23T09:07:02,500.0,39.8,S
2021-07-23T09:06:49,2000.0,39.7,S
2021-07-23T09:06:17,10000.0,39.9,B
2021-07-23T09:06:16,500.0,39.8,B
2021-07-23T09:06:01,500.0,39.8,B
2021-07-23T09:05:58,700.0,39.8,B
2021-07-23T09:05:52,2100.0,39.8,B
2021-07-23T09:05:28,100.0,39.8,B
2021-07-23T09:05:07,200.0,39.8,B
2021-07-23T09:05:03,300.0,39.8,B
2021-07-23T09:05:00,100.0,39.8,B
2021-07-23T09:04:59,5000.0,39.8,B
2021-07-23T09:04:54,400.0,39.7,S
2021-07-23T09:04:37,3000.0,39.7,S
2021-07-23T09:04:35,400.0,39.8,S
2021-07-23T09:04:31,400.0,39.8,B
2021-07-23T09:04:26,200.0,39.8,B
2021-07-23T09:04:22,500.0,39.8,B
2021-07-23T09:03:32,8500.0,39.8,S
2021-07-23T09:03:15,200.0,39.8,S
2021-07-23T09:02:53,500.0,39.8,S
2021-07-23T09:02:39,2000.0,39.8,S
2021-07-23T09:01:37,200.0,40.0,B
2021-07-23T09:01:26,2000.0,40.0,B
2021-07-23T09:01:22,2700.0,40.0,S
2021-07-23T09:01:22,7800.0,40.0,S
2021-07-23T09:01:20,500.0,40.1,B
2021-07-23T09:01:17,400.0,40.0,S
2021-07-23T09:01:12,200.0,40.1,B
2021-07-23T09:01:05,1000.0,40.0,S
2021-07-23T09:00:58,100.0,40.1,B
2021-07-23T09:00:58,5000.0,40.0,S
2021-07-23T09:00:54,5000.0,40.0,S
2021-07-23T09:00:48,500.0,40.0,S
2021-07-23T09:00:46,1000.0,40.1,B
2021-07-23T09:00:18,200.0,40.0,S
2021-07-23T09:00:02,500.0,40.0,B
