tradingTime,volume,price,side
2021-07-23T11:29:55,400.0,39.3,B
2021-07-23T11:29:55,100.0,39.3,B
2021-07-23T11:29:26,3000.0,39.3,B
2021-07-23T11:29:23,15300.0,39.0,B
2021-07-23T11:29:21,200.0,39.0,B
2021-07-23T11:29:07,1000.0,39.0,B
2021-07-23T11:29:06,200.0,38.95,S
2021-07-23T11:28:25,1100.0,38.9,S
2021-07-23T11:28:20,200.0,39.0,B
2021-07-23T11:28:13,100.0,39.0,B
2021-07-23T11:27:51,200.0,38.9,S
2021-07-23T11:27:49,500.0,39.0,B
2021-07-23T11:27:37,2000.0,38.9,S
2021-07-23T11:27:16,200.0,39.0,B
2021-07-23T11:27:05,3000.0,38.9,S
2021-07-23T11:27:04,100.0,39.0,B
2021-07-23T11:26:05,2200.0,38.9,S
2021-07-23T11:25:54,2000.0,39.0,B
2021-07-23T11:25:10,1000.0,38.9,S
2021-07-23T11:25:01,100.0,38.9,S
2021-07-23T11:24:24,1400.0,38.9,S
2021-07-23T11:23:33,500.0,39.0,B
2021-07-23T11:22:45,600.0,39.0,B
2021-07-23T11:22:32,200.0,38.9,S
2021-07-23T11:22:24,100.0,39.0,B
2021-07-23T11:22:21,1100.0,38.9,S
2021-07-23T11:22:04,300.0,38.9,S
2021-07-23T11:21:48,24200.0,38.9,S
2021-07-23T11:21:46,1000.0,38.9,S
2021-07-23T11:21:28,2600.0,39.0,S
2021-07-23T11:21:28,1000.0,39.0,S
2021-07-23T11:21:28,500.0,39.0,S
2021-07-23T11:21:28,1100.0,39.0,S
2021-07-23T11:21:28,2600.0,39.0,S
2021-07-23T11:21:28,5200.0,39.0,S
2021-07-23T11:21:28,300.0,39.0,S
2021-07-23T11:21:28,9000.0,39.0,S
2021-07-23T11:21:22,1500.0,39.0,S
2021-07-23T11:21:22,5000.0,39.0,S
2021-07-23T11:21:22,1300.0,39.0,S
2021-07-23T11:21:22,500.0,39.0,S
2021-07-23T11:21:22,11700.0,39.0,S
2021-07-23T11:20:56,2000.0,39.1,S
2021-07-23T11:20:36,100.0,39.2,B
2021-07-23T11:20:35,1000.0,39.2,B
2021-07-23T11:20:00,400.0,39.2,B
2021-07-23T11:19:36,100.0,39.1,S
2021-07-23T11:19:36,400.0,39.1,S
2021-07-23T11:18:57,300.0,39.1,S
2021-07-23T11:18:06,100.0,39.1,S
2021-07-23T11:16:53,2300.0,39.2,B
2021-07-23T11:16:51,100.0,39.0,S
2021-07-23T11:16:51,700.0,39.0,S
2021-07-23T11:16:51,4200.0,39.0,S
2021-07-23T11:16:11,200.0,39.2,B
2021-07-23T11:16:11,1500.0,39.2,S
2021-07-23T11:16:11,6000.0,39.2,S
2021-07-23T11:15:57,500.0,39.3,B
2021-07-23T11:15:39,3100.0,39.3,S
2021-07-23T11:15:08,100.0,39.35,B
2021-07-23T11:14:20,1000.0,39.35,S
2021-07-23T11:14:20,2200.0,39.35,S
2021-07-23T11:14:20,15000.0,39.35,S
2021-07-23T11:14:15,300.0,39.4,S
2021-07-23T11:14:06,1700.0,39.4,S
2021-07-23T11:14:06,1300.0,39.4,S
2021-07-23T11:13:53,200.0,39.4,S
2021-07-23T11:13:41,400.0,39.4,S
2021-07-23T11:13:29,300.0,39.45,S
2021-07-23T11:12:38,300.0,39.4,S
2021-07-23T11:12:38,500.0,39.4,S
2021-07-23T11:12:38,700.0,39.4,S
2021-07-23T11:12:38,200.0,39.4,S
2021-07-23T11:12:38,3300.0,39.4,S
2021-07-23T11:12:00,3500.0,39.4,S
2021-07-23T11:12:00,500.0,39.4,S
2021-07-23T11:12:00,100.0,39.4,S
2021-07-23T11:12:00,900.0,39.4,S
2021-07-23T11:11:05,100.0,39.4,S
2021-07-23T11:09:04,3000.0,39.4,S
2021-07-23T11:08:44,1000.0,39.4,S
2021-07-23T11:08:24,700.0,39.45,S
2021-07-23T11:08:04,100.0,39.45,S
2021-07-23T11:07:45,100.0,39.45,S
2021-07-23T11:06:01,2000.0,39.45,S
2021-07-23T11:05:57,100.0,39.5,B
2021-07-23T11:05:11,2200.0,39.45,S
2021-07-23T11:05:11,800.0,39.45,S
2021-07-23T11:04:59,600.0,39.45,S
2021-07-23T11:02:48,5000.0,39.45,S
2021-07-23T11:00:29,1200.0,39.45,S
2021-07-23T11:00:04,100.0,39.45,S
2021-07-23T11:00:02,200.0,39.45,S
2021-07-23T10:59:45,1000.0,39.5,B
2021-07-23T10:59:21,200.0,39.5,B
2021-07-23T10:58:54,400.0,39.5,B
2021-07-23T10:58:54,100.0,39.5,B
2021-07-23T10:58:23,300.0,39.5,B
2021-07-23T10:58:02,100.0,39.45,S
2021-07-23T10:57:09,300.0,39.45,S
2021-07-23T10:57:09,1700.0,39.45,S
2021-07-23T10:56:55,500.0,39.45,S
2021-07-23T10:53:12,200.0,39.45,S
2021-07-23T10:53:12,200.0,39.45,S
2021-07-23T10:53:12,2100.0,39.45,S
2021-07-23T10:52:16,200.0,39.45,S
2021-07-23T10:51:55,500.0,39.5,B
2021-07-23T10:51:55,500.0,39.5,B
2021-07-23T10:50:47,500.0,39.5,S
2021-07-23T10:50:24,1000.0,39.5,S
2021-07-23T10:50:01,200.0,39.55,B
2021-07-23T10:49:59,1000.0,39.5,S
2021-07-23T10:49:55,400.0,39.5,S
2021-07-23T10:48:14,100.0,39.55,B
2021-07-23T10:47:58,100.0,39.55,B
2021-07-23T10:47:26,3100.0,39.5,S
2021-07-23T10:47:26,900.0,39.5,S
2021-07-23T10:47:12,400.0,39.5,S
2021-07-23T10:46:45,1700.0,39.5,S
2021-07-23T10:46:45,1500.0,39.5,S
2021-07-23T10:46:45,1000.0,39.5,S
2021-07-23T10:44:45,800.0,39.55,S
2021-07-23T10:44:45,4300.0,39.55,S
2021-07-23T10:43:57,200.0,39.6,B
2021-07-23T10:43:46,500.0,39.6,S
2021-07-23T10:43:25,500.0,39.6,B
2021-07-23T10:43:16,1600.0,39.6,B
2021-07-23T10:43:16,100.0,39.6,B
2021-07-23T10:43:14,5900.0,39.6,B
2021-07-23T10:43:06,300.0,39.6,B
2021-07-23T10:42:31,1000.0,39.6,B
2021-07-23T10:40:48,100.0,39.6,B
2021-07-23T10:38:49,2000.0,39.6,B
2021-07-23T10:38:27,2000.0,39.6,B
2021-07-23T10:38:12,900.0,39.6,B
2021-07-23T10:38:12,2100.0,39.6,B
2021-07-23T10:37:32,500.0,39.55,S
2021-07-23T10:35:56,200.0,39.55,S
2021-07-23T10:35:25,1300.0,39.55,S
2021-07-23T10:35:18,300.0,39.55,S
2021-07-23T10:35:14,300.0,39.5,S
2021-07-23T10:34:26,1000.0,39.55,B
2021-07-23T10:33:21,200.0,39.45,S
2021-07-23T10:33:20,300.0,39.5,B
2021-07-23T10:33:15,1000.0,39.5,B
2021-07-23T10:33:04,500.0,39.5,B
2021-07-23T10:32:55,300.0,39.45,S
2021-07-23T10:30:44,200.0,39.5,B
2021-07-23T10:30:19,300.0,39.5,B
2021-07-23T10:30:18,100.0,39.5,B
2021-07-23T10:29:59,200.0,39.5,B
2021-07-23T10:29:48,1000.0,39.45,S
2021-07-23T10:29:46,1000.0,39.5,B
2021-07-23T10:29:15,1000.0,39.5,B
2021-07-23T10:29:15,1000.0,39.45,S
2021-07-23T10:29:05,700.0,39.45,S
2021-07-23T10:29:05,300.0,39.45,S
2021-07-23T10:28:04,100.0,39.45,S
2021-07-23T10:27:37,300.0,39.45,S
2021-07-23T10:27:30,100.0,39.5,B
2021-07-23T10:27:11,1000.0,39.45,S
2021-07-23T10:27:06,5000.0,39.5,B
2021-07-23T10:26:49,600.0,39.5,B
2021-07-23T10:26:12,1000.0,39.5,B
2021-07-23T10:25:59,5000.0,39.45,S
2021-07-23T10:25:16,5000.0,39.45,S
2021-07-23T10:24:55,100.0,39.45,S
2021-07-23T10:24:06,5000.0,39.45,S
2021-07-23T10:23:58,500.0,39.45,S
2021-07-23T10:22:44,300.0,39.45,S
2021-07-23T10:22:15,11300.0,39.45,S
2021-07-23T10:22:14,8700.0,39.45,S
2021-07-23T10:21:59,1000.0,39.45,S
2021-07-23T10:21:54,5000.0,39.5,B
2021-07-23T10:21:37,100.0,39.5,B
2021-07-23T10:21:34,7000.0,39.45,S
2021-07-23T10:21:30,600.0,39.5,S
2021-07-23T10:21:09,800.0,39.5,S
2021-07-23T10:20:35,900.0,39.5,S
2021-07-23T10:20:35,100.0,39.5,S
2021-07-23T10:20:32,2000.0,39.5,S
2021-07-23T10:20:32,1000.0,39.5,S
2021-07-23T10:20:09,1000.0,39.5,S
2021-07-23T10:19:27,100.0,39.5,S
2021-07-23T10:18:36,1000.0,39.55,B
2021-07-23T10:17:59,200.0,39.55,B
2021-07-23T10:17:54,1300.0,39.55,S
2021-07-23T10:16:33,300.0,39.55,S
2021-07-23T10:15:24,400.0,39.55,B
2021-07-23T10:14:45,3000.0,39.55,B
2021-07-23T10:13:57,400.0,39.5,S
2021-07-23T10:13:40,1000.0,39.5,S
2021-07-23T10:13:12,100.0,39.5,S
2021-07-23T10:12:53,500.0,39.5,S
2021-07-23T10:12:23,300.0,39.5,S
2021-07-23T10:11:13,400.0,39.5,S
2021-07-23T10:11:13,700.0,39.5,S
2021-07-23T10:11:02,200.0,39.5,S
2021-07-23T10:10:27,100.0,39.55,B
2021-07-23T10:10:09,3000.0,39.6,B
2021-07-23T10:10:08,900.0,39.5,S
2021-07-23T10:09:53,200.0,39.6,B
2021-07-23T10:09:53,1000.0,39.55,S
2021-07-23T10:08:59,1000.0,39.6,B
2021-07-23T10:08:42,1000.0,39.5,S
2021-07-23T10:08:22,800.0,39.55,B
2021-07-23T10:08:17,1000.0,39.55,B
2021-07-23T10:08:11,200.0,39.55,B
2021-07-23T10:07:56,100.0,39.5,S
2021-07-23T10:07:40,1000.0,39.5,S
2021-07-23T10:07:09,200.0,39.5,S
2021-07-23T10:07:07,1000.0,39.5,S
2021-07-23T10:06:56,1000.0,39.5,S
2021-07-23T10:06:46,300.0,39.5,S
2021-07-23T10:06:24,500.0,39.5,S
2021-07-23T10:06:11,300.0,39.5,S
2021-07-23T10:05:05,6000.0,39.5,S
2021-07-23T10:04:32,1500.0,39.5,S
2021-07-23T10:04:10,2400.0,39.5,S
2021-07-23T10:03:42,500.0,39.55,B
2021-07-23T10:03:42,1000.0,39.55,S
2021-07-23T10:03:32,100.0,39.55,S
2021-07-23T10:03:24,100.0,39.55,S
2021-07-23T10:03:20,400.0,39.55,B
2021-07-23T10:03:14,900.0,39.55,S
2021-07-23T10:02:59,800.0,39.55,S
2021-07-23T10:02:50,400.0,39.55,S
2021-07-23T10:02:32,1000.0,39.55,S
2021-07-23T10:02:30,1500.0,39.55,S
2021-07-23T10:02:27,100.0,39.55,S
2021-07-23T10:02:26,1000.0,39.55,S
2021-07-23T10:02:20,1000.0,39.55,S
2021-07-23T10:02:14,1000.0,39.55,S
2021-07-23T10:01:52,1600.0,39.55,S
2021-07-23T10:01:51,800.0,39.55,S
2021-07-23T10:01:43,500.0,39.55,S
2021-07-23T10:01:27,500.0,39.6,B
2021-07-23T10:01:27,1000.0,39.55,S
2021-07-23T10:00:35,2100.0,39.6,S
2021-07-23T10:00:34,200.0,39.65,B
2021-07-23T10:00:32,500.0,39.6,S
2021-07-23T10:00:03,100.0,39.6,S
2021-07-23T09:57:32,500.0,39.65,B
2021-07-23T09:57:30,400.0,39.6,S
2021-07-23T09:57:25,500.0,39.6,S
2021-07-23T09:57:17,1000.0,39.6,S
2021-07-23T09:56:47,2000.0,39.6,S
2021-07-23T09:56:11,500.0,39.6,S
2021-07-23T09:56:01,1000.0,39.6,S
2021-07-23T09:55:26,5200.0,39.6,B
2021-07-23T09:55:19,100.0,39.55,S
2021-07-23T09:55:16,100.0,39.6,B
2021-07-23T09:55:03,100.0,39.55,S
2021-07-23T09:55:03,100.0,39.6,B
2021-07-23T09:54:59,5000.0,39.6,B
2021-07-23T09:54:44,5000.0,39.6,B
2021-07-23T09:54:39,100.0,39.6,B
2021-07-23T09:53:11,100.0,39.6,B
2021-07-23T09:53:00,100.0,39.55,S
2021-07-23T09:52:48,600.0,39.55,S
2021-07-23T09:52:06,300.0,39.55,S
2021-07-23T09:50:29,200.0,39.5,S
2021-07-23T09:50:25,100.0,39.55,B
2021-07-23T09:50:08,200.0,39.55,B
2021-07-23T09:49:39,200.0,39.5,S
2021-07-23T09:49:12,1800.0,39.5,S
2021-07-23T09:49:06,700.0,39.5,B
2021-07-23T09:48:57,300.0,39.5,S
2021-07-23T09:48:56,5000.0,39.45,S
2021-07-23T09:47:58,5000.0,39.45,S
2021-07-23T09:47:56,1000.0,39.45,S
2021-07-23T09:47:44,500.0,39.45,S
2021-07-23T09:47:17,5000.0,39.45,S
2021-07-23T09:46:49,5000.0,39.45,S
2021-07-23T09:46:27,8000.0,39.45,S
2021-07-23T09:46:04,500.0,39.45,S
2021-07-23T09:45:55,100.0,39.5,B
2021-07-23T09:45:42,5000.0,39.45,S
2021-07-23T09:45:38,12200.0,39.5,S
2021-07-23T09:45:38,3500.0,39.5,S
2021-07-23T09:45:38,500.0,39.5,S
2021-07-23T09:45:25,6000.0,39.5,S
2021-07-23T09:45:18,3000.0,39.5,S
2021-07-23T09:44:04,2000.0,39.55,S
2021-07-23T09:43:46,2000.0,39.55,S
2021-07-23T09:43:37,4000.0,39.6,S
2021-07-23T09:43:37,100.0,39.65,S
2021-07-23T09:43:36,400.0,39.65,S
2021-07-23T09:43:31,100.0,39.6,S
2021-07-23T09:43:29,400.0,39.65,S
2021-07-23T09:43:15,2000.0,39.65,S
2021-07-23T09:43:13,1000.0,39.65,S
2021-07-23T09:42:50,1000.0,39.65,S
2021-07-23T09:42:47,3000.0,39.65,S
2021-07-23T09:42:44,200.0,39.65,S
2021-07-23T09:42:24,500.0,39.65,S
2021-07-23T09:42:22,4000.0,39.7,B
2021-07-23T09:42:04,700.0,39.65,S
2021-07-23T09:41:57,3100.0,39.6,B
2021-07-23T09:41:51,100.0,39.55,S
2021-07-23T09:41:30,200.0,39.6,B
2021-07-23T09:41:17,1000.0,39.6,B
2021-07-23T09:40:38,4400.0,39.55,B
2021-07-23T09:40:05,100.0,39.5,S
2021-07-23T09:40:04,3000.0,39.5,S
2021-07-23T09:39:53,200.0,39.6,B
2021-07-23T09:39:40,1000.0,39.6,B
2021-07-23T09:39:40,400.0,39.6,B
2021-07-23T09:39:33,3000.0,39.55,S
2021-07-23T09:38:49,1000.0,39.6,B
2021-07-23T09:38:28,200.0,39.6,B
2021-07-23T09:38:25,1300.0,39.6,S
2021-07-23T09:37:52,300.0,39.7,S
2021-07-23T09:37:49,3000.0,39.7,S
2021-07-23T09:37:37,100.0,39.7,S
2021-07-23T09:37:31,2300.0,39.7,S
2021-07-23T09:36:56,3000.0,39.75,S
2021-07-23T09:36:24,300.0,39.75,S
2021-07-23T09:36:24,200.0,39.75,S
2021-07-23T09:36:12,1000.0,39.75,S
2021-07-23T09:36:10,500.0,39.8,B
2021-07-23T09:35:18,100.0,39.8,B
2021-07-23T09:34:58,1000.0,39.8,B
2021-07-23T09:34:53,3500.0,39.8,S
2021-07-23T09:34:42,1500.0,39.8,S
2021-07-23T09:34:40,1000.0,39.85,B
2021-07-23T09:34:15,2000.0,39.85,B
2021-07-23T09:34:11,1000.0,39.8,S
2021-07-23T09:33:23,1600.0,39.85,S
2021-07-23T09:33:19,800.0,39.9,B
2021-07-23T09:32:50,100.0,39.85,B
2021-07-23T09:32:47,200.0,39.85,B
2021-07-23T09:32:46,6500.0,39.75,S
2021-07-23T09:32:43,3000.0,39.75,S
2021-07-23T09:32:41,500.0,39.85,B
2021-07-23T09:32:30,100.0,39.85,B
2021-07-23T09:32:24,500.0,39.85,B
2021-07-23T09:32:09,3400.0,39.85,B
2021-07-23T09:31:42,400.0,39.8,B
2021-07-23T09:31:17,2200.0,39.8,B
2021-07-23T09:31:04,300.0,39.75,S
2021-07-23T09:30:43,2400.0,39.8,B
2021-07-23T09:30:43,300.0,39.75,S
2021-07-23T09:30:31,1000.0,39.8,B
2021-07-23T09:30:01,100.0,39.75,S
2021-07-23T09:30:01,200.0,39.8,B
2021-07-23T09:29:57,200.0,39.8,B
2021-07-23T09:29:54,2000.0,39.8,B
2021-07-23T09:29:40,500.0,39.75,S
2021-07-23T09:29:30,1200.0,39.8,B
2021-07-23T09:29:09,2000.0,39.8,B
2021-07-23T09:28:42,6000.0,39.8,S
2021-07-23T09:28:39,100.0,39.85,B
2021-07-23T09:28:37,100.0,39.8,S
2021-07-23T09:28:22,2000.0,39.85,B
2021-07-23T09:28:20,300.0,39.85,S
2021-07-23T09:28:18,300.0,39.85,S
2021-07-23T09:27:53,100.0,39.85,S
2021-07-23T09:27:35,200.0,39.9,B
2021-07-23T09:27:29,1000.0,39.9,B
2021-07-23T09:27:10,500.0,39.9,B
2021-07-23T09:27:03,500.0,39.85,S
2021-07-23T09:26:50,1000.0,39.9,B
2021-07-23T09:26:28,7800.0,39.9,S
2021-07-23T09:26:23,100.0,39.9,S
2021-07-23T09:26:17,2000.0,39.9,S
2021-07-23T09:25:59,100.0,39.9,S
2021-07-23T09:25:56,1300.0,39.85,S
2021-07-23T09:25:33,200.0,39.8,B
2021-07-23T09:25:24,700.0,39.85,S
2021-07-23T09:25:22,1300.0,40.0,B
2021-07-23T09:25:00,200.0,39.8,B
2021-07-23T09:24:27,400.0,39.7,B
2021-07-23T09:24:26,500.0,39.7,B
2021-07-23T09:24:07,500.0,39.7,B
2021-07-23T09:24:03,100.0,39.6,B
2021-07-23T09:24:01,2000.0,39.6,B
2021-07-23T09:23:54,3700.0,39.55,B
2021-07-23T09:23:47,1100.0,39.5,B
2021-07-23T09:23:47,900.0,39.5,B
2021-07-23T09:23:31,100.0,39.5,B
2021-07-23T09:23:24,2400.0,39.45,B
2021-07-23T09:23:06,600.0,39.4,S
2021-07-23T09:23:01,5000.0,39.45,B
2021-07-23T09:22:59,300.0,39.4,S
2021-07-23T09:22:53,2000.0,39.45,B
2021-07-23T09:22:47,200.0,39.45,B
2021-07-23T09:22:46,100.0,39.45,B
2021-07-23T09:22:35,1000.0,39.45,B
2021-07-23T09:22:33,100.0,39.45,B
2021-07-23T09:22:18,200.0,39.45,B
2021-07-23T09:21:33,1200.0,39.4,B
2021-07-23T09:21:24,500.0,39.2,S
2021-07-23T09:21:15,500.0,39.3,S
2021-07-23T09:21:13,300.0,39.2,S
2021-07-23T09:20:48,100.0,39.2,S
2021-07-23T09:20:37,200.0,39.2,S
2021-07-23T09:20:07,2000.0,39.2,B
2021-07-23T09:20:01,1000.0,39.2,B
2021-07-23T09:19:50,500.0,39.2,B
2021-07-23T09:18:54,1400.0,39.2,S
2021-07-23T09:18:17,100.0,39.2,S
2021-07-23T09:17:31,200.0,39.0,S
2021-07-23T09:17:17,5200.0,39.0,S
2021-07-23T09:17:17,1800.0,39.0,S
2021-07-23T09:16:43,3000.0,39.4,B
2021-07-23T09:16:24,3000.0,39.5,B
2021-07-23T09:16:14,100.0,39.4,S
2021-07-23T09:15:30,100.0,39.5,B
2021-07-23T09:15:30,400.0,39.5,B
2021-07-23T09:15:30,500.0,39.5,B
