tradingTime,volume,price,side
2021-07-23T11:29:52,300.0,7.08,S
2021-07-23T11:29:32,300.0,7.09,B
2021-07-23T11:29:31,1500.0,7.09,B
2021-07-23T11:29:15,1000.0,7.1,B
2021-07-23T11:28:57,1000.0,7.1,B
2021-07-23T11:28:57,500.0,7.05,S
2021-07-23T11:28:57,4300.0,7.05,S
2021-07-23T11:28:57,100.0,7.05,S
2021-07-23T11:28:57,4600.0,7.07,S
2021-07-23T11:28:57,200.0,7.08,S
2021-07-23T11:28:57,300.0,7.08,S
2021-07-23T11:28:41,400.0,7.1,B
2021-07-23T11:28:25,9600.0,7.1,B
2021-07-23T11:28:25,400.0,7.1,B
2021-07-23T11:28:19,100.0,7.08,S
2021-07-23T11:27:52,500.0,7.09,B
2021-07-23T11:27:47,200.0,7.09,B
2021-07-23T11:27:38,100.0,7.08,B
2021-07-23T11:27:30,4400.0,7.08,B
2021-07-23T11:27:28,100.0,7.08,B
2021-07-23T11:27:25,1000.0,7.08,B
2021-07-23T11:27:05,500.0,7.07,B
2021-07-23T11:26:56,300.0,7.07,B
2021-07-23T11:26:10,200.0,7.07,B
2021-07-23T11:25:45,400.0,7.07,S
2021-07-23T11:25:42,100.0,7.07,B
2021-07-23T11:25:18,400.0,7.07,B
2021-07-23T11:25:16,15000.0,7.04,S
2021-07-23T11:25:09,1500.0,7.05,S
2021-07-23T11:25:02,200.0,7.05,S
2021-07-23T11:24:44,500.0,7.04,S
2021-07-23T11:24:34,300.0,7.04,S
2021-07-23T11:24:17,12500.0,7.03,S
2021-07-23T11:24:17,4500.0,7.07,S
2021-07-23T11:24:04,1000.0,7.07,S
2021-07-23T11:24:04,100.0,7.08,B
2021-07-23T11:23:58,1200.0,7.03,S
2021-07-23T11:23:58,200.0,7.05,S
2021-07-23T11:23:57,1200.0,7.05,S
2021-07-23T11:23:57,1200.0,7.05,S
2021-07-23T11:23:57,45900.0,7.05,S
2021-07-23T11:23:57,5600.0,7.07,S
2021-07-23T11:23:55,500.0,7.08,B
2021-07-23T11:23:52,100.0,7.08,B
2021-07-23T11:23:35,1000.0,7.08,B
2021-07-23T11:23:28,1000.0,7.07,S
2021-07-23T11:23:27,5700.0,7.07,S
2021-07-23T11:23:23,2500.0,7.07,S
2021-07-23T11:23:23,300.0,7.07,S
2021-07-23T11:23:22,4000.0,7.08,B
2021-07-23T11:23:21,1900.0,7.08,B
2021-07-23T11:23:02,500.0,7.08,S
2021-07-23T11:22:51,200.0,7.09,B
2021-07-23T11:22:07,100.0,7.09,B
2021-07-23T11:22:01,200.0,7.07,S
2021-07-23T11:20:57,7100.0,7.07,S
2021-07-23T11:20:57,500.0,7.07,S
2021-07-23T11:20:57,4500.0,7.07,S
2021-07-23T11:20:57,11900.0,7.08,S
2021-07-23T11:20:56,200.0,7.1,B
2021-07-23T11:19:42,200.0,7.1,B
2021-07-23T11:19:22,9500.0,7.08,S
2021-07-23T11:19:06,300.0,7.1,B
2021-07-23T11:19:06,500.0,7.08,B
2021-07-23T11:19:03,2000.0,7.08,B
2021-07-23T11:18:43,200.0,7.08,S
2021-07-23T11:18:43,40000.0,7.08,S
2021-07-23T11:18:43,1000.0,7.08,S
2021-07-23T11:18:43,200.0,7.08,S
2021-07-23T11:18:43,6000.0,7.08,S
2021-07-23T11:18:41,1000.0,7.1,B
2021-07-23T11:18:25,1000.0,7.1,B
2021-07-23T11:18:24,10000.0,7.1,S
2021-07-23T11:18:24,13000.0,7.1,S
2021-07-23T11:18:24,5500.0,7.1,S
2021-07-23T11:18:24,1500.0,7.1,S
2021-07-23T11:18:24,1800.0,7.1,S
2021-07-23T11:18:24,2200.0,7.1,S
2021-07-23T11:18:24,100.0,7.1,S
2021-07-23T11:18:24,7600.0,7.1,S
2021-07-23T11:18:24,100.0,7.1,S
2021-07-23T11:18:24,9900.0,7.1,S
2021-07-23T11:18:24,2200.0,7.1,S
2021-07-23T11:18:24,2100.0,7.1,S
2021-07-23T11:18:24,3500.0,7.1,S
2021-07-23T11:18:24,3200.0,7.1,S
2021-07-23T11:18:24,200.0,7.1,S
2021-07-23T11:18:24,29200.0,7.1,S
2021-07-23T11:18:20,25200.0,7.1,S
2021-07-23T11:18:20,100.0,7.1,S
2021-07-23T11:18:20,1000.0,7.1,S
2021-07-23T11:18:20,5000.0,7.1,S
2021-07-23T11:18:20,6800.0,7.1,S
2021-07-23T11:18:20,400.0,7.1,S
2021-07-23T11:18:20,400.0,7.1,S
2021-07-23T11:18:20,57600.0,7.1,S
2021-07-23T11:18:20,400.0,7.11,S
2021-07-23T11:18:20,100.0,7.11,S
2021-07-23T11:18:20,27000.0,7.11,S
2021-07-23T11:17:36,500.0,7.12,S
2021-07-23T11:17:16,10000.0,7.12,S
2021-07-23T11:16:51,4800.0,7.12,S
2021-07-23T11:16:23,10000.0,7.14,B
2021-07-23T11:15:59,800.0,7.14,S
2021-07-23T11:15:40,1200.0,7.14,B
2021-07-23T11:14:57,100.0,7.14,B
2021-07-23T11:13:21,500.0,7.13,B
2021-07-23T11:09:59,300.0,7.13,S
2021-07-23T11:09:29,4700.0,7.12,B
2021-07-23T11:09:25,1000.0,7.12,B
2021-07-23T11:09:09,2000.0,7.12,B
2021-07-23T11:08:02,200.0,7.12,B
2021-07-23T11:07:23,1000.0,7.12,B
2021-07-23T11:07:13,24100.0,7.11,S
2021-07-23T11:07:13,9800.0,7.11,S
2021-07-23T11:07:13,300.0,7.11,S
2021-07-23T11:07:12,15800.0,7.11,S
2021-07-23T11:07:02,300.0,7.12,B
2021-07-23T11:06:29,800.0,7.12,S
2021-07-23T11:06:29,10200.0,7.12,S
2021-07-23T11:06:29,900.0,7.12,S
2021-07-23T11:06:29,6900.0,7.12,S
2021-07-23T11:06:29,6100.0,7.12,S
2021-07-23T11:06:29,200.0,7.12,S
2021-07-23T11:06:29,1700.0,7.12,S
2021-07-23T11:06:25,1300.0,7.13,B
2021-07-23T11:06:19,9400.0,7.13,S
2021-07-23T11:06:19,300.0,7.13,S
2021-07-23T11:06:19,5300.0,7.13,S
2021-07-23T11:05:36,400.0,7.13,S
2021-07-23T11:05:36,6600.0,7.13,S
2021-07-23T11:05:27,700.0,7.14,S
2021-07-23T11:05:04,1000.0,7.14,B
2021-07-23T11:04:59,4300.0,7.14,S
2021-07-23T11:01:51,900.0,7.15,S
2021-07-23T11:01:39,1400.0,7.15,S
2021-07-23T10:59:19,7700.0,7.15,B
2021-07-23T10:58:53,200.0,7.15,B
2021-07-23T10:58:33,2000.0,7.15,B
2021-07-23T10:58:10,1000.0,7.15,B
2021-07-23T10:56:45,100.0,7.15,B
2021-07-23T10:55:01,300.0,7.15,B
2021-07-23T10:52:13,4500.0,7.13,S
2021-07-23T10:52:10,3900.0,7.13,S
2021-07-23T10:51:24,600.0,7.15,S
2021-07-23T10:50:26,3600.0,7.14,B
2021-07-23T10:50:20,200.0,7.14,B
2021-07-23T10:49:58,200.0,7.15,S
2021-07-23T10:49:23,100.0,7.15,S
2021-07-23T10:49:00,4000.0,7.13,S
2021-07-23T10:48:44,4700.0,7.13,S
2021-07-23T10:48:44,600.0,7.13,S
2021-07-23T10:48:44,14700.0,7.13,S
2021-07-23T10:48:30,3600.0,7.15,S
2021-07-23T10:46:52,500.0,7.15,S
2021-07-23T10:45:41,3500.0,7.16,B
2021-07-23T10:45:29,500.0,7.15,S
2021-07-23T10:45:08,200.0,7.16,B
2021-07-23T10:44:35,13900.0,7.16,B
2021-07-23T10:43:38,200.0,7.18,B
2021-07-23T10:43:05,200.0,7.18,B
2021-07-23T10:41:59,700.0,7.18,B
2021-07-23T10:41:26,16100.0,7.15,B
2021-07-23T10:40:34,4100.0,7.15,B
2021-07-23T10:40:07,100.0,7.14,S
2021-07-23T10:40:07,900.0,7.15,B
2021-07-23T10:39:51,2300.0,7.14,S
2021-07-23T10:39:02,500.0,7.15,B
2021-07-23T10:38:48,500.0,7.15,B
2021-07-23T10:37:00,200.0,7.13,S
2021-07-23T10:36:27,200.0,7.13,S
2021-07-23T10:35:43,700.0,7.13,S
2021-07-23T10:35:19,2000.0,7.13,S
2021-07-23T10:35:02,1000.0,7.13,S
2021-07-23T10:32:21,7600.0,7.13,S
2021-07-23T10:32:21,1000.0,7.14,S
2021-07-23T10:32:21,1400.0,7.14,S
2021-07-23T10:32:11,200.0,7.15,S
2021-07-23T10:30:09,1000.0,7.15,B
2021-07-23T10:30:09,4200.0,7.15,B
2021-07-23T10:30:09,3600.0,7.14,S
2021-07-23T10:30:06,200.0,7.15,B
2021-07-23T10:29:54,5000.0,7.15,B
2021-07-23T10:29:33,600.0,7.15,B
2021-07-23T10:26:17,300.0,7.14,S
2021-07-23T10:26:01,1000.0,7.15,B
2021-07-23T10:25:34,100.0,7.15,B
2021-07-23T10:25:11,3000.0,7.15,B
2021-07-23T10:23:11,300.0,7.15,B
2021-07-23T10:23:07,300.0,7.14,S
2021-07-23T10:22:39,1000.0,7.14,B
2021-07-23T10:22:24,1000.0,7.13,S
2021-07-23T10:22:10,1100.0,7.13,S
2021-07-23T10:22:04,4900.0,7.13,S
2021-07-23T10:22:04,100.0,7.14,S
2021-07-23T10:21:51,100.0,7.15,B
2021-07-23T10:20:56,3300.0,7.15,B
2021-07-23T10:20:56,26700.0,7.15,B
2021-07-23T10:20:33,1000.0,7.13,S
2021-07-23T10:20:16,5100.0,7.13,S
2021-07-23T10:20:00,10000.0,7.13,S
2021-07-23T10:19:20,10000.0,7.13,S
2021-07-23T10:19:20,3300.0,7.14,B
2021-07-23T10:19:18,700.0,7.14,B
2021-07-23T10:19:06,4900.0,7.14,B
2021-07-23T10:19:06,5100.0,7.14,B
2021-07-23T10:18:58,200.0,7.14,B
2021-07-23T10:18:50,5000.0,7.14,B
2021-07-23T10:18:19,900.0,7.14,B
2021-07-23T10:17:57,600.0,7.13,S
2021-07-23T10:16:54,900.0,7.12,S
2021-07-23T10:16:34,16800.0,7.12,S
2021-07-23T10:16:12,5000.0,7.12,S
2021-07-23T10:16:04,10000.0,7.12,S
2021-07-23T10:15:48,100.0,7.12,S
2021-07-23T10:15:35,500.0,7.12,S
2021-07-23T10:14:36,100.0,7.11,B
2021-07-23T10:14:21,500.0,7.11,B
2021-07-23T10:14:20,1000.0,7.11,B
2021-07-23T10:14:12,5000.0,7.11,B
2021-07-23T10:14:00,1000.0,7.11,B
2021-07-23T10:13:36,200.0,7.11,B
2021-07-23T10:13:24,2200.0,7.11,S
2021-07-23T10:13:24,1600.0,7.11,S
2021-07-23T10:13:24,5200.0,7.11,S
2021-07-23T10:13:24,1600.0,7.11,S
2021-07-23T10:13:24,13900.0,7.11,S
2021-07-23T10:13:24,3700.0,7.11,S
2021-07-23T10:12:44,2000.0,7.11,S
2021-07-23T10:11:21,100.0,7.11,S
2021-07-23T10:10:05,700.0,7.11,S
2021-07-23T10:10:05,7000.0,7.11,S
2021-07-23T10:10:05,11100.0,7.11,S
2021-07-23T10:10:05,800.0,7.11,S
2021-07-23T10:10:05,7600.0,7.11,S
2021-07-23T10:10:05,4000.0,7.12,S
2021-07-23T10:10:05,1500.0,7.12,S
2021-07-23T10:10:05,1300.0,7.12,S
2021-07-23T10:10:05,1300.0,7.12,S
2021-07-23T10:10:05,12500.0,7.12,S
2021-07-23T10:10:05,1300.0,7.12,S
2021-07-23T10:10:05,10900.0,7.12,S
2021-07-23T10:09:45,1000.0,7.14,B
2021-07-23T10:08:55,2000.0,7.14,B
2021-07-23T10:07:52,200.0,7.14,B
2021-07-23T10:07:51,400.0,7.14,B
2021-07-23T10:07:50,5200.0,7.14,S
2021-07-23T10:07:32,200.0,7.14,S
2021-07-23T10:06:58,200.0,7.14,S
2021-07-23T10:06:19,4000.0,7.14,S
2021-07-23T10:06:18,300.0,7.14,S
2021-07-23T10:06:06,300.0,7.14,S
2021-07-23T10:05:42,5000.0,7.14,B
2021-07-23T10:05:39,2000.0,7.14,B
2021-07-23T10:05:37,500.0,7.14,B
2021-07-23T10:05:33,100.0,7.13,S
2021-07-23T10:05:30,1000.0,7.13,S
2021-07-23T10:05:05,1900.0,7.14,B
2021-07-23T10:05:00,1000.0,7.13,S
2021-07-23T10:04:36,100.0,7.14,B
2021-07-23T10:04:25,3000.0,7.13,S
2021-07-23T10:03:51,2000.0,7.14,S
2021-07-23T10:03:51,1400.0,7.14,S
2021-07-23T10:03:51,100.0,7.14,S
2021-07-23T10:03:51,100.0,7.14,S
2021-07-23T10:01:08,100.0,7.15,B
2021-07-23T10:00:51,2000.0,7.15,B
2021-07-23T09:58:49,1100.0,7.15,B
2021-07-23T09:58:30,500.0,7.15,B
2021-07-23T09:57:46,1000.0,7.15,S
2021-07-23T09:56:54,9000.0,7.15,B
2021-07-23T09:56:36,100.0,7.15,B
2021-07-23T09:56:36,200.0,7.15,B
2021-07-23T09:55:39,100.0,7.15,B
2021-07-23T09:55:39,400.0,7.15,S
2021-07-23T09:55:39,7100.0,7.15,S
2021-07-23T09:55:39,3100.0,7.15,S
2021-07-23T09:55:35,1900.0,7.16,S
2021-07-23T09:55:33,300.0,7.16,S
2021-07-23T09:55:08,2000.0,7.16,S
2021-07-23T09:54:49,4000.0,7.17,S
2021-07-23T09:54:11,10000.0,7.17,S
2021-07-23T09:53:50,500.0,7.18,S
2021-07-23T09:53:50,600.0,7.18,S
2021-07-23T09:53:45,1900.0,7.18,S
2021-07-23T09:53:29,100.0,7.19,B
2021-07-23T09:52:28,200.0,7.19,B
2021-07-23T09:51:58,1000.0,7.19,B
2021-07-23T09:51:35,200.0,7.19,B
2021-07-23T09:49:58,500.0,7.19,B
2021-07-23T09:49:50,300.0,7.2,B
2021-07-23T09:49:40,2700.0,7.2,B
2021-07-23T09:49:29,100.0,7.2,B
2021-07-23T09:48:47,100.0,7.2,B
2021-07-23T09:48:05,200.0,7.2,B
2021-07-23T09:48:00,1900.0,7.19,B
2021-07-23T09:47:53,100.0,7.17,B
2021-07-23T09:47:18,5100.0,7.16,B
2021-07-23T09:46:45,1000.0,7.15,S
2021-07-23T09:45:57,900.0,7.16,B
2021-07-23T09:45:52,1000.0,7.16,B
2021-07-23T09:45:23,300.0,7.15,B
2021-07-23T09:45:20,7700.0,7.15,B
2021-07-23T09:45:20,7300.0,7.14,B
2021-07-23T09:45:20,400.0,7.12,S
2021-07-23T09:45:18,700.0,7.13,B
2021-07-23T09:45:04,1000.0,7.13,B
2021-07-23T09:44:53,1000.0,7.13,B
2021-07-23T09:44:25,100.0,7.13,B
2021-07-23T09:44:15,100.0,7.13,B
2021-07-23T09:43:47,100.0,7.13,B
2021-07-23T09:43:22,100.0,7.13,B
2021-07-23T09:43:16,1000.0,7.13,S
2021-07-23T09:43:16,6000.0,7.13,S
2021-07-23T09:43:16,2200.0,7.13,S
2021-07-23T09:43:16,1300.0,7.13,S
2021-07-23T09:43:16,1900.0,7.13,S
2021-07-23T09:42:50,500.0,7.14,B
2021-07-23T09:42:34,1000.0,7.14,B
2021-07-23T09:42:15,100.0,7.13,S
2021-07-23T09:41:50,100.0,7.14,B
2021-07-23T09:41:34,500.0,7.14,B
2021-07-23T09:41:25,200.0,7.14,S
2021-07-23T09:41:14,1800.0,7.15,B
2021-07-23T09:41:01,300.0,7.15,S
2021-07-23T09:41:01,9900.0,7.15,S
2021-07-23T09:40:44,8800.0,7.15,S
2021-07-23T09:40:39,100.0,7.16,B
2021-07-23T09:40:35,10000.0,7.15,S
2021-07-23T09:40:34,4000.0,7.15,S
2021-07-23T09:40:10,100.0,7.16,B
2021-07-23T09:40:10,3000.0,7.15,S
2021-07-23T09:40:10,100.0,7.15,S
2021-07-23T09:40:10,1900.0,7.15,S
2021-07-23T09:40:07,400.0,7.15,S
2021-07-23T09:40:02,300.0,7.16,B
2021-07-23T09:39:48,7500.0,7.16,S
2021-07-23T09:39:31,500.0,7.16,S
2021-07-23T09:39:19,20000.0,7.16,S
2021-07-23T09:39:16,8000.0,7.17,S
2021-07-23T09:38:51,3900.0,7.17,S
2021-07-23T09:38:51,200.0,7.17,S
2021-07-23T09:38:51,1700.0,7.18,S
2021-07-23T09:38:51,400.0,7.18,S
2021-07-23T09:38:25,100.0,7.19,B
2021-07-23T09:37:56,1000.0,7.2,B
2021-07-23T09:37:43,1000.0,7.2,B
2021-07-23T09:37:17,1000.0,7.22,B
2021-07-23T09:37:15,300.0,7.2,S
2021-07-23T09:37:07,5000.0,7.2,S
2021-07-23T09:36:49,3000.0,7.2,S
2021-07-23T09:36:18,1000.0,7.2,S
2021-07-23T09:36:01,100.0,7.22,B
2021-07-23T09:35:39,100.0,7.2,S
2021-07-23T09:35:39,300.0,7.2,S
2021-07-23T09:35:04,5400.0,7.2,S
2021-07-23T09:34:32,3500.0,7.2,B
2021-07-23T09:34:32,1800.0,7.2,B
2021-07-23T09:34:32,4000.0,7.2,B
2021-07-23T09:34:13,3000.0,7.17,S
2021-07-23T09:34:01,2000.0,7.17,B
2021-07-23T09:33:51,100.0,7.17,B
2021-07-23T09:33:44,200.0,7.17,B
2021-07-23T09:33:34,1500.0,7.16,S
2021-07-23T09:33:09,1300.0,7.17,B
2021-07-23T09:32:55,300.0,7.16,B
2021-07-23T09:32:55,300.0,7.16,B
2021-07-23T09:32:50,2000.0,7.16,B
2021-07-23T09:32:49,700.0,7.16,B
2021-07-23T09:32:31,100.0,7.16,B
2021-07-23T09:32:24,200.0,7.16,B
2021-07-23T09:32:22,2000.0,7.15,S
2021-07-23T09:32:19,1400.0,7.16,S
2021-07-23T09:32:07,500.0,7.17,B
2021-07-23T09:32:04,200.0,7.17,B
2021-07-23T09:31:59,5300.0,7.16,S
2021-07-23T09:31:55,100.0,7.17,B
2021-07-23T09:31:53,100.0,7.17,B
2021-07-23T09:31:36,100.0,7.17,B
2021-07-23T09:31:21,400.0,7.16,S
2021-07-23T09:30:43,5000.0,7.15,S
2021-07-23T09:30:39,5100.0,7.17,B
2021-07-23T09:30:22,200.0,7.17,B
2021-07-23T09:30:04,100.0,7.16,B
2021-07-23T09:29:57,100.0,7.15,S
2021-07-23T09:29:51,500.0,7.16,B
2021-07-23T09:29:35,2000.0,7.15,S
2021-07-23T09:29:26,200.0,7.16,B
2021-07-23T09:29:21,2200.0,7.16,S
2021-07-23T09:29:03,100.0,7.17,B
2021-07-23T09:28:54,2000.0,7.17,B
2021-07-23T09:28:44,1400.0,7.18,S
2021-07-23T09:28:36,3000.0,7.18,S
2021-07-23T09:27:47,800.0,7.17,B
2021-07-23T09:27:43,200.0,7.17,B
2021-07-23T09:27:06,100.0,7.2,B
2021-07-23T09:26:46,1700.0,7.2,S
2021-07-23T09:26:17,200.0,7.22,B
2021-07-23T09:26:11,500.0,7.22,B
2021-07-23T09:25:55,2000.0,7.22,B
2021-07-23T09:25:44,300.0,7.22,B
2021-07-23T09:25:17,1800.0,7.22,B
2021-07-23T09:24:56,6000.0,7.23,B
2021-07-23T09:24:56,2400.0,7.23,B
2021-07-23T09:24:32,700.0,7.23,B
2021-07-23T09:24:31,300.0,7.23,B
2021-07-23T09:24:27,1000.0,7.22,B
2021-07-23T09:24:08,1100.0,7.23,B
2021-07-23T09:23:44,3500.0,7.22,S
2021-07-23T09:23:35,400.0,7.22,B
2021-07-23T09:23:35,1100.0,7.22,B
2021-07-23T09:23:35,2600.0,7.22,B
2021-07-23T09:23:32,500.0,7.22,B
2021-07-23T09:23:32,800.0,7.22,B
2021-07-23T09:23:15,2000.0,7.22,B
2021-07-23T09:22:55,500.0,7.22,B
2021-07-23T09:22:18,3600.0,7.22,S
2021-07-23T09:22:13,400.0,7.22,S
2021-07-23T09:22:10,500.0,7.23,B
2021-07-23T09:22:07,1000.0,7.23,B
2021-07-23T09:22:01,700.0,7.23,B
2021-07-23T09:21:58,8600.0,7.22,S
2021-07-23T09:21:55,200.0,7.23,B
2021-07-23T09:21:42,900.0,7.23,B
2021-07-23T09:21:36,1000.0,7.23,B
2021-07-23T09:21:36,1400.0,7.23,B
2021-07-23T09:21:32,1600.0,7.23,B
2021-07-23T09:21:32,1400.0,7.23,B
2021-07-23T09:21:24,100.0,7.22,B
2021-07-23T09:21:24,900.0,7.22,B
2021-07-23T09:21:24,17900.0,7.22,B
2021-07-23T09:21:24,500.0,7.21,B
2021-07-23T09:21:06,2800.0,7.15,S
2021-07-23T09:21:06,3000.0,7.21,B
2021-07-23T09:20:46,200.0,7.2,B
2021-07-23T09:20:46,700.0,7.12,S
2021-07-23T09:20:44,100.0,7.15,B
2021-07-23T09:20:23,2000.0,7.12,S
2021-07-23T09:20:18,1000.0,7.12,B
2021-07-23T09:20:06,13000.0,7.11,B
2021-07-23T09:20:06,1500.0,7.11,B
2021-07-23T09:20:04,55000.0,7.11,B
2021-07-23T09:20:01,300.0,7.11,B
2021-07-23T09:20:01,2800.0,7.11,B
2021-07-23T09:19:57,100.0,7.11,B
2021-07-23T09:19:53,1500.0,7.11,B
2021-07-23T09:19:43,15000.0,7.11,B
2021-07-23T09:19:42,2000.0,7.11,B
2021-07-23T09:19:32,1000.0,7.11,B
2021-07-23T09:19:30,5000.0,7.11,B
2021-07-23T09:19:27,100.0,7.11,B
2021-07-23T09:19:23,400.0,7.11,B
2021-07-23T09:19:18,1000.0,7.1,S
2021-07-23T09:19:02,100.0,7.11,B
2021-07-23T09:18:50,1800.0,7.1,S
2021-07-23T09:18:38,600.0,7.1,S
2021-07-23T09:18:37,2400.0,7.1,S
2021-07-23T09:18:37,2600.0,7.1,S
2021-07-23T09:18:32,200.0,7.11,B
2021-07-23T09:18:24,400.0,7.11,B
2021-07-23T09:18:22,300.0,7.11,B
2021-07-23T09:18:16,1400.0,7.11,S
2021-07-23T09:17:52,9800.0,7.11,S
2021-07-23T09:17:40,100.0,7.15,B
2021-07-23T09:17:19,100.0,7.15,B
2021-07-23T09:17:00,900.0,7.15,B
2021-07-23T09:16:52,15000.0,7.15,S
2021-07-23T09:16:44,100.0,7.2,B
2021-07-23T09:16:32,2200.0,7.15,S
2021-07-23T09:16:32,6800.0,7.15,S
2021-07-23T09:16:20,1000.0,7.2,B
2021-07-23T09:16:19,5000.0,7.2,B
2021-07-23T09:16:02,2000.0,7.2,B
2021-07-23T09:15:16,3000.0,7.22,B
