tradingTime,volume,price,side
2021-07-23T11:29:47,200.0,41.05,B
2021-07-23T11:29:23,2000.0,41.0,S
2021-07-23T11:29:17,4700.0,41.0,S
2021-07-23T11:28:48,5000.0,41.0,S
2021-07-23T11:28:34,700.0,41.0,S
2021-07-23T11:27:47,200.0,41.0,S
2021-07-23T11:27:32,100.0,41.0,S
2021-07-23T11:27:23,600.0,41.0,S
2021-07-23T11:27:05,2700.0,41.0,S
2021-07-23T11:27:05,1500.0,41.0,S
2021-07-23T11:27:05,800.0,41.0,S
2021-07-23T11:26:14,200.0,41.0,S
2021-07-23T11:26:03,200.0,41.0,S
2021-07-23T11:26:03,1000.0,41.0,S
2021-07-23T11:26:03,800.0,41.0,S
2021-07-23T11:26:01,8000.0,41.1,B
2021-07-23T11:25:56,200.0,41.0,S
2021-07-23T11:25:56,700.0,41.0,S
2021-07-23T11:25:56,3100.0,41.0,S
2021-07-23T11:25:56,2300.0,41.0,S
2021-07-23T11:25:49,100.0,41.0,S
2021-07-23T11:25:43,1000.0,41.0,S
2021-07-23T11:25:37,300.0,41.0,S
2021-07-23T11:25:35,1000.0,41.0,S
2021-07-23T11:25:31,2000.0,41.0,S
2021-07-23T11:24:22,300.0,41.0,S
2021-07-23T11:23:54,400.0,41.0,S
2021-07-23T11:23:54,100.0,41.0,S
2021-07-23T11:23:54,300.0,41.0,S
2021-07-23T11:23:54,1000.0,41.0,S
2021-07-23T11:23:54,200.0,41.0,S
2021-07-23T11:23:54,800.0,41.0,S
2021-07-23T11:23:54,13700.0,41.0,S
2021-07-23T11:20:43,10000.0,41.05,S
2021-07-23T11:20:28,1500.0,41.2,B
2021-07-23T11:20:28,1700.0,41.2,B
2021-07-23T11:20:07,700.0,41.0,S
2021-07-23T11:19:47,800.0,41.05,S
2021-07-23T11:19:26,400.0,41.05,S
2021-07-23T11:19:26,1500.0,41.05,S
2021-07-23T11:19:26,2300.0,41.05,S
2021-07-23T11:19:08,100.0,41.2,B
2021-07-23T11:19:04,4300.0,41.1,S
2021-07-23T11:17:15,500.0,41.3,B
2021-07-23T11:17:15,500.0,41.2,B
2021-07-23T11:16:51,300.0,41.2,B
2021-07-23T11:16:11,1000.0,41.2,B
2021-07-23T11:15:53,1000.0,41.1,S
2021-07-23T11:15:36,2000.0,41.1,S
2021-07-23T11:15:22,500.0,41.1,S
2021-07-23T11:14:54,1000.0,41.1,B
2021-07-23T11:14:52,100.0,41.1,B
2021-07-23T11:13:31,500.0,41.05,S
2021-07-23T11:11:42,100.0,41.1,B
2021-07-23T11:11:32,100.0,41.1,B
2021-07-23T11:11:21,4000.0,41.05,S
2021-07-23T11:09:20,200.0,41.1,B
2021-07-23T11:09:02,1700.0,41.1,S
2021-07-23T11:08:45,100.0,41.2,B
2021-07-23T11:08:04,800.0,41.2,B
2021-07-23T11:07:54,1200.0,41.2,S
2021-07-23T11:07:44,500.0,41.2,S
2021-07-23T11:07:03,6300.0,41.2,S
2021-07-23T11:06:33,900.0,41.2,B
2021-07-23T11:06:19,3000.0,41.1,S
2021-07-23T11:06:18,100.0,41.2,B
2021-07-23T11:05:23,300.0,41.2,B
2021-07-23T11:05:14,300.0,41.2,B
2021-07-23T11:04:34,200.0,41.2,B
2021-07-23T11:04:29,100.0,41.2,B
2021-07-23T11:04:03,1000.0,41.2,B
2021-07-23T11:03:44,1100.0,41.2,S
2021-07-23T11:03:19,200.0,41.2,S
2021-07-23T11:01:57,100.0,41.2,S
2021-07-23T11:01:54,100.0,41.2,S
2021-07-23T11:01:52,100.0,41.2,S
2021-07-23T11:01:48,100.0,41.2,S
2021-07-23T11:01:45,100.0,41.1,S
2021-07-23T11:01:39,100.0,41.1,S
2021-07-23T11:01:34,100.0,41.1,S
2021-07-23T11:01:18,100.0,41.1,S
2021-07-23T11:01:14,100.0,41.1,S
2021-07-23T11:01:13,100.0,41.1,S
2021-07-23T11:01:10,100.0,41.1,S
2021-07-23T11:01:07,100.0,41.1,S
2021-07-23T11:01:03,100.0,41.1,S
2021-07-23T11:00:59,100.0,41.1,S
2021-07-23T11:00:35,700.0,41.1,S
2021-07-23T10:59:51,700.0,41.1,S
2021-07-23T10:59:45,300.0,41.25,B
2021-07-23T10:59:25,10000.0,41.4,B
2021-07-23T10:59:19,300.0,41.25,B
2021-07-23T10:58:40,1000.0,41.25,B
2021-07-23T10:58:29,300.0,41.15,S
2021-07-23T10:56:43,700.0,41.1,S
2021-07-23T10:55:44,3000.0,41.1,S
2021-07-23T10:55:09,100.0,41.1,S
2021-07-23T10:51:33,500.0,41.05,S
2021-07-23T10:51:09,100.0,41.05,S
2021-07-23T10:50:32,1000.0,41.05,S
2021-07-23T10:49:56,100.0,41.3,B
2021-07-23T10:48:38,5000.0,41.05,S
2021-07-23T10:48:36,100.0,41.1,S
2021-07-23T10:48:12,1000.0,41.1,S
2021-07-23T10:47:51,500.0,41.1,B
2021-07-23T10:47:19,100.0,41.05,B
2021-07-23T10:47:08,600.0,41.05,B
2021-07-23T10:46:55,300.0,41.05,B
2021-07-23T10:46:43,100.0,41.05,B
2021-07-23T10:46:36,100.0,41.0,S
2021-07-23T10:46:33,800.0,41.0,S
2021-07-23T10:46:32,100.0,41.05,B
2021-07-23T10:46:23,500.0,41.0,S
2021-07-23T10:46:15,2000.0,41.0,S
2021-07-23T10:46:10,100.0,41.0,S
2021-07-23T10:46:07,9000.0,41.0,S
2021-07-23T10:46:07,100.0,41.0,S
2021-07-23T10:46:04,100.0,41.0,S
2021-07-23T10:46:02,100.0,41.0,S
2021-07-23T10:45:58,100.0,41.0,S
2021-07-23T10:45:56,3200.0,41.05,S
2021-07-23T10:45:52,100.0,41.05,S
2021-07-23T10:45:49,100.0,41.05,S
2021-07-23T10:45:38,700.0,41.05,S
2021-07-23T10:45:19,3000.0,41.1,S
2021-07-23T10:45:19,800.0,41.1,S
2021-07-23T10:45:18,100.0,41.1,S
2021-07-23T10:45:01,500.0,41.25,B
2021-07-23T10:44:20,100.0,41.25,B
2021-07-23T10:43:46,300.0,41.3,B
2021-07-23T10:43:22,500.0,41.25,B
2021-07-23T10:42:33,2500.0,41.0,S
2021-07-23T10:42:33,1400.0,41.05,S
2021-07-23T10:42:33,4900.0,41.1,S
2021-07-23T10:42:33,400.0,41.15,S
2021-07-23T10:42:33,2200.0,41.15,S
2021-07-23T10:42:28,500.0,41.3,B
2021-07-23T10:42:19,200.0,41.3,B
2021-07-23T10:42:11,500.0,41.3,B
2021-07-23T10:41:54,100.0,41.3,B
2021-07-23T10:41:05,100.0,41.3,B
2021-07-23T10:41:05,10200.0,41.3,S
2021-07-23T10:41:05,1100.0,41.3,S
2021-07-23T10:39:57,600.0,41.4,B
2021-07-23T10:39:10,200.0,41.4,B
2021-07-23T10:38:41,200.0,41.4,S
2021-07-23T10:38:34,200.0,41.4,B
2021-07-23T10:38:28,300.0,41.4,S
2021-07-23T10:37:57,4500.0,41.4,S
2021-07-23T10:37:45,100.0,41.3,S
2021-07-23T10:37:05,1400.0,41.3,S
2021-07-23T10:36:23,100.0,41.3,S
2021-07-23T10:36:18,300.0,41.5,B
2021-07-23T10:36:18,100.0,41.5,B
2021-07-23T10:36:18,2600.0,41.4,B
2021-07-23T10:36:05,1000.0,41.3,B
2021-07-23T10:36:05,800.0,41.3,B
2021-07-23T10:35:56,200.0,41.3,B
2021-07-23T10:35:55,300.0,41.3,B
2021-07-23T10:35:17,500.0,41.25,B
2021-07-23T10:35:05,300.0,41.25,B
2021-07-23T10:35:01,100.0,41.2,S
2021-07-23T10:34:42,100.0,41.2,B
2021-07-23T10:33:22,500.0,41.15,S
2021-07-23T10:33:15,1000.0,41.15,S
2021-07-23T10:33:13,18200.0,41.15,B
2021-07-23T10:33:02,1000.0,41.1,S
2021-07-23T10:32:50,100.0,41.15,B
2021-07-23T10:32:34,1800.0,41.15,S
2021-07-23T10:31:57,200.0,41.15,B
2021-07-23T10:31:43,100.0,41.15,S
2021-07-23T10:31:43,1200.0,41.15,S
2021-07-23T10:31:34,200.0,41.25,B
2021-07-23T10:31:33,200.0,41.15,S
2021-07-23T10:31:33,1000.0,41.15,S
2021-07-23T10:31:29,300.0,41.15,S
2021-07-23T10:31:18,5000.0,41.15,S
2021-07-23T10:31:17,100.0,41.2,B
2021-07-23T10:31:03,500.0,41.2,B
2021-07-23T10:31:00,700.0,41.2,B
2021-07-23T10:31:00,1100.0,41.2,B
2021-07-23T10:30:59,100.0,41.2,B
2021-07-23T10:30:57,1000.0,41.2,B
2021-07-23T10:30:56,900.0,41.2,B
2021-07-23T10:30:56,100.0,41.2,B
2021-07-23T10:30:52,500.0,41.2,B
2021-07-23T10:30:52,200.0,41.15,S
2021-07-23T10:30:48,100.0,41.2,B
2021-07-23T10:30:18,1000.0,41.2,B
2021-07-23T10:30:17,1800.0,41.15,S
2021-07-23T10:29:25,100.0,41.15,S
2021-07-23T10:28:49,800.0,41.15,S
2021-07-23T10:28:39,500.0,41.2,B
2021-07-23T10:27:40,500.0,41.15,S
2021-07-23T10:26:23,1000.0,41.15,B
2021-07-23T10:26:19,500.0,41.1,S
2021-07-23T10:26:04,100.0,41.1,S
2021-07-23T10:25:31,500.0,41.1,S
2021-07-23T10:24:35,100.0,41.1,S
2021-07-23T10:24:05,3000.0,41.1,B
2021-07-23T10:23:48,500.0,41.0,S
2021-07-23T10:23:29,10000.0,41.1,B
2021-07-23T10:23:25,1500.0,41.05,S
2021-07-23T10:22:12,100.0,41.05,S
2021-07-23T10:20:39,1500.0,41.05,B
2021-07-23T10:20:39,1100.0,41.05,B
2021-07-23T10:19:04,400.0,41.05,B
2021-07-23T10:19:03,2000.0,41.0,S
2021-07-23T10:17:36,3000.0,41.0,S
2021-07-23T10:16:54,700.0,41.0,S
2021-07-23T10:16:40,200.0,41.0,S
2021-07-23T10:15:59,500.0,41.0,S
2021-07-23T10:15:55,200.0,41.0,B
2021-07-23T10:15:54,3000.0,41.0,B
2021-07-23T10:14:56,500.0,41.0,B
2021-07-23T10:14:32,100.0,41.0,B
2021-07-23T10:13:58,2100.0,41.0,S
2021-07-23T10:13:54,1000.0,41.0,S
2021-07-23T10:13:48,1300.0,41.0,S
2021-07-23T10:13:41,5000.0,41.0,B
2021-07-23T10:12:57,100.0,40.75,S
2021-07-23T10:12:14,600.0,40.7,S
2021-07-23T10:11:54,100.0,40.6,S
2021-07-23T10:11:54,500.0,40.6,S
2021-07-23T10:11:26,300.0,40.6,S
2021-07-23T10:11:18,500.0,40.6,S
2021-07-23T10:11:14,500.0,40.9,B
2021-07-23T10:11:03,200.0,40.6,S
2021-07-23T10:11:03,1800.0,40.6,S
2021-07-23T10:10:59,100.0,40.9,B
2021-07-23T10:10:41,800.0,40.6,S
2021-07-23T10:10:41,100.0,40.6,S
2021-07-23T10:10:41,3700.0,40.6,S
2021-07-23T10:10:41,300.0,40.8,S
2021-07-23T10:10:41,200.0,40.8,S
2021-07-23T10:10:41,600.0,40.8,S
2021-07-23T10:10:41,600.0,40.8,S
2021-07-23T10:10:41,900.0,40.8,S
2021-07-23T10:10:41,200.0,40.8,S
2021-07-23T10:10:41,2600.0,40.8,S
2021-07-23T10:10:40,700.0,40.9,B
2021-07-23T10:10:35,1100.0,40.9,S
2021-07-23T10:10:35,1400.0,40.9,S
2021-07-23T10:10:35,1300.0,40.9,S
2021-07-23T10:10:35,300.0,40.9,S
2021-07-23T10:10:35,600.0,40.9,S
2021-07-23T10:10:35,600.0,40.9,S
2021-07-23T10:10:35,2800.0,40.9,S
2021-07-23T10:10:34,100.0,40.95,B
2021-07-23T10:10:23,500.0,40.9,S
2021-07-23T10:10:17,200.0,40.95,S
2021-07-23T10:10:17,4000.0,40.95,S
2021-07-23T10:09:53,2400.0,40.95,S
2021-07-23T10:09:53,100.0,40.95,S
2021-07-23T10:09:53,4500.0,40.95,S
2021-07-23T10:09:43,2000.0,41.0,S
2021-07-23T10:09:36,600.0,41.0,S
2021-07-23T10:09:15,400.0,41.0,S
2021-07-23T10:09:15,200.0,41.0,S
2021-07-23T10:09:15,1900.0,41.0,S
2021-07-23T10:09:01,1400.0,41.1,B
2021-07-23T10:07:40,500.0,41.0,S
2021-07-23T10:07:27,100.0,41.1,B
2021-07-23T10:07:23,300.0,41.0,S
2021-07-23T10:07:09,100.0,41.1,B
2021-07-23T10:06:51,100.0,41.0,S
2021-07-23T10:06:51,1900.0,41.0,S
2021-07-23T10:06:28,200.0,41.0,B
2021-07-23T10:05:52,300.0,41.0,S
2021-07-23T10:05:52,300.0,41.0,S
2021-07-23T10:05:52,1500.0,41.0,S
2021-07-23T10:05:52,900.0,41.0,S
2021-07-23T10:05:52,1800.0,41.0,S
2021-07-23T10:05:43,200.0,41.0,S
2021-07-23T10:05:39,200.0,41.1,B
2021-07-23T10:05:35,10000.0,41.0,S
2021-07-23T10:04:25,1100.0,41.0,S
2021-07-23T10:03:54,100.0,41.1,B
2021-07-23T10:03:29,500.0,41.1,B
2021-07-23T10:02:37,500.0,41.1,B
2021-07-23T10:02:33,800.0,41.1,B
2021-07-23T10:02:08,300.0,41.0,S
2021-07-23T10:01:49,500.0,41.0,S
2021-07-23T10:01:09,1000.0,41.0,S
2021-07-23T10:00:57,200.0,41.0,S
2021-07-23T10:00:57,700.0,41.0,S
2021-07-23T10:00:47,200.0,41.0,S
2021-07-23T10:00:41,700.0,41.0,S
2021-07-23T10:00:41,1300.0,41.0,S
2021-07-23T10:00:35,100.0,41.1,B
2021-07-23T09:59:11,1000.0,41.0,S
2021-07-23T09:59:08,400.0,41.0,S
2021-07-23T09:58:39,500.0,41.0,S
2021-07-23T09:58:13,200.0,41.0,S
2021-07-23T09:57:44,4700.0,41.0,S
2021-07-23T09:57:40,100.0,41.05,B
2021-07-23T09:57:27,300.0,41.0,S
2021-07-23T09:57:09,7800.0,41.0,S
2021-07-23T09:57:09,400.0,41.0,S
2021-07-23T09:57:09,1800.0,41.0,S
2021-07-23T09:56:44,200.0,41.05,B
2021-07-23T09:56:31,100.0,41.05,B
2021-07-23T09:55:29,8000.0,41.0,S
2021-07-23T09:55:17,1200.0,41.0,S
2021-07-23T09:54:59,200.0,41.05,B
2021-07-23T09:54:51,200.0,41.05,B
2021-07-23T09:54:41,100.0,41.05,B
2021-07-23T09:54:30,300.0,41.0,S
2021-07-23T09:54:21,700.0,41.0,B
2021-07-23T09:54:06,100.0,41.0,B
2021-07-23T09:53:57,100.0,41.0,B
2021-07-23T09:53:53,100.0,41.0,B
2021-07-23T09:53:42,300.0,41.0,S
2021-07-23T09:53:42,100.0,41.0,S
2021-07-23T09:53:42,400.0,41.0,S
2021-07-23T09:53:42,3200.0,41.0,S
2021-07-23T09:53:42,700.0,41.0,S
2021-07-23T09:53:42,1000.0,41.0,S
2021-07-23T09:53:42,21600.0,41.0,S
2021-07-23T09:53:29,5000.0,41.0,S
2021-07-23T09:53:25,2400.0,41.05,S
2021-07-23T09:53:08,1000.0,41.1,S
2021-07-23T09:53:08,400.0,41.1,S
2021-07-23T09:53:08,100.0,41.1,S
2021-07-23T09:53:08,500.0,41.1,S
2021-07-23T09:52:24,400.0,41.2,B
2021-07-23T09:51:13,100.0,41.2,B
2021-07-23T09:50:49,100.0,41.2,B
2021-07-23T09:50:21,100.0,41.2,B
2021-07-23T09:50:09,2000.0,41.2,B
2021-07-23T09:48:32,300.0,41.1,B
2021-07-23T09:48:11,100.0,41.0,S
2021-07-23T09:48:09,1700.0,41.0,S
2021-07-23T09:47:44,5000.0,41.0,S
2021-07-23T09:47:44,7400.0,41.0,S
2021-07-23T09:47:44,100.0,41.0,S
2021-07-23T09:47:44,2900.0,41.0,S
2021-07-23T09:47:10,500.0,41.1,B
2021-07-23T09:46:39,100.0,41.0,S
2021-07-23T09:46:31,1000.0,41.1,B
2021-07-23T09:46:09,5000.0,41.0,S
2021-07-23T09:46:03,100.0,41.1,S
2021-07-23T09:45:46,100.0,41.1,S
2021-07-23T09:45:25,3200.0,41.05,B
2021-07-23T09:44:59,100.0,41.0,B
2021-07-23T09:44:58,200.0,41.0,B
2021-07-23T09:44:53,100.0,41.0,B
2021-07-23T09:44:50,500.0,41.0,B
2021-07-23T09:44:49,1000.0,41.0,B
2021-07-23T09:44:46,1100.0,41.0,S
2021-07-23T09:44:46,900.0,41.0,S
2021-07-23T09:44:46,4300.0,41.0,S
2021-07-23T09:44:46,1000.0,41.0,S
2021-07-23T09:44:46,3600.0,41.0,S
2021-07-23T09:44:46,15600.0,41.0,S
2021-07-23T09:44:46,1900.0,41.0,S
2021-07-23T09:44:46,5700.0,41.0,S
2021-07-23T09:44:46,800.0,41.0,S
2021-07-23T09:44:46,16000.0,41.0,S
2021-07-23T09:44:41,7800.0,41.0,S
2021-07-23T09:44:40,1100.0,41.0,S
2021-07-23T09:44:40,900.0,41.0,S
2021-07-23T09:44:40,300.0,41.0,S
2021-07-23T09:44:40,11400.0,41.0,S
2021-07-23T09:44:39,100.0,41.0,S
2021-07-23T09:44:20,2100.0,41.0,S
2021-07-23T09:44:20,1500.0,41.0,S
2021-07-23T09:44:20,500.0,41.0,S
2021-07-23T09:44:19,1000.0,41.05,B
2021-07-23T09:44:04,3600.0,41.05,S
2021-07-23T09:44:04,3200.0,41.05,S
2021-07-23T09:44:04,100.0,41.05,S
2021-07-23T09:43:59,1000.0,41.05,S
2021-07-23T09:43:32,200.0,41.1,B
2021-07-23T09:43:02,700.0,41.1,B
2021-07-23T09:43:02,200.0,41.1,B
2021-07-23T09:43:00,100.0,41.05,S
2021-07-23T09:42:47,7800.0,41.1,S
2021-07-23T09:42:37,7300.0,41.1,S
2021-07-23T09:42:37,1200.0,41.1,S
2021-07-23T09:42:37,1500.0,41.1,S
2021-07-23T09:42:33,200.0,41.1,S
2021-07-23T09:42:33,2000.0,41.1,S
2021-07-23T09:42:33,2200.0,41.1,S
2021-07-23T09:42:33,5600.0,41.1,S
2021-07-23T09:42:31,100.0,41.1,S
2021-07-23T09:42:11,100.0,41.1,S
2021-07-23T09:41:58,2300.0,41.15,B
2021-07-23T09:41:50,6900.0,41.15,S
2021-07-23T09:41:44,500.0,41.15,S
2021-07-23T09:40:08,100.0,41.15,S
2021-07-23T09:40:02,2500.0,41.15,S
2021-07-23T09:39:36,500.0,41.15,S
2021-07-23T09:39:30,1500.0,41.15,S
2021-07-23T09:39:24,300.0,41.15,S
2021-07-23T09:39:21,3000.0,41.15,S
2021-07-23T09:39:16,600.0,41.2,B
2021-07-23T09:39:09,200.0,41.2,B
2021-07-23T09:38:49,100.0,41.2,B
2021-07-23T09:38:41,700.0,41.2,B
2021-07-23T09:38:38,100.0,41.2,B
2021-07-23T09:38:35,500.0,41.2,B
2021-07-23T09:38:20,8700.0,41.2,S
2021-07-23T09:38:05,1000.0,41.2,S
2021-07-23T09:37:59,100.0,41.3,B
2021-07-23T09:37:37,100.0,41.3,B
2021-07-23T09:37:25,400.0,41.2,B
2021-07-23T09:37:00,500.0,41.2,B
2021-07-23T09:36:57,500.0,41.2,B
2021-07-23T09:36:37,200.0,41.2,B
2021-07-23T09:36:37,18400.0,41.2,S
2021-07-23T09:36:32,700.0,41.3,S
2021-07-23T09:36:32,1400.0,41.3,S
2021-07-23T09:36:32,800.0,41.3,S
2021-07-23T09:36:32,2200.0,41.3,S
2021-07-23T09:36:17,500.0,41.4,B
2021-07-23T09:36:05,3000.0,41.4,S
2021-07-23T09:35:24,500.0,41.5,B
2021-07-23T09:34:27,200.0,41.5,B
2021-07-23T09:34:25,200.0,41.5,B
2021-07-23T09:34:15,1000.0,41.4,S
2021-07-23T09:34:04,200.0,41.5,B
2021-07-23T09:34:01,100.0,41.5,B
2021-07-23T09:33:52,500.0,41.5,B
2021-07-23T09:33:33,300.0,41.5,B
2021-07-23T09:33:19,1200.0,41.4,S
2021-07-23T09:33:07,100.0,41.5,B
2021-07-23T09:32:52,300.0,41.5,B
2021-07-23T09:32:37,100.0,41.4,B
2021-07-23T09:32:12,300.0,41.3,S
2021-07-23T09:32:06,1000.0,41.3,B
2021-07-23T09:31:45,1300.0,41.2,B
2021-07-23T09:31:45,1000.0,41.2,B
2021-07-23T09:31:42,5000.0,41.2,B
2021-07-23T09:31:34,500.0,41.2,B
2021-07-23T09:30:49,700.0,41.15,B
2021-07-23T09:30:34,1000.0,41.15,S
2021-07-23T09:30:25,200.0,41.15,B
2021-07-23T09:30:14,200.0,41.1,S
2021-07-23T09:29:44,500.0,41.1,S
2021-07-23T09:29:42,100.0,41.15,B
2021-07-23T09:29:38,200.0,41.15,B
2021-07-23T09:29:38,100.0,41.15,B
2021-07-23T09:29:32,100.0,41.15,B
2021-07-23T09:29:18,100.0,41.15,B
2021-07-23T09:29:12,800.0,41.15,B
2021-07-23T09:29:04,200.0,41.15,B
2021-07-23T09:29:02,2000.0,41.15,B
2021-07-23T09:28:57,200.0,41.15,B
2021-07-23T09:28:56,500.0,41.15,S
2021-07-23T09:28:56,1100.0,41.15,S
2021-07-23T09:28:56,1100.0,41.15,S
2021-07-23T09:28:56,1200.0,41.15,S
2021-07-23T09:28:56,100.0,41.15,S
2021-07-23T09:28:56,2000.0,41.15,S
2021-07-23T09:28:13,100.0,41.2,B
2021-07-23T09:27:54,2000.0,41.15,S
2021-07-23T09:27:38,300.0,41.15,S
2021-07-23T09:27:03,700.0,41.15,S
2021-07-23T09:26:33,200.0,41.2,B
2021-07-23T09:26:32,2800.0,41.2,S
2021-07-23T09:26:12,200.0,41.2,S
2021-07-23T09:26:03,700.0,41.2,S
2021-07-23T09:25:36,2000.0,41.0,S
2021-07-23T09:25:36,8900.0,41.0,S
2021-07-23T09:25:36,600.0,41.1,S
2021-07-23T09:25:36,1000.0,41.2,S
2021-07-23T09:25:32,2000.0,41.2,S
2021-07-23T09:25:21,500.0,41.2,S
2021-07-23T09:25:16,300.0,41.3,B
2021-07-23T09:25:12,700.0,41.2,S
2021-07-23T09:25:04,8400.0,41.3,S
2021-07-23T09:24:46,1200.0,41.3,S
2021-07-23T09:24:35,100.0,41.3,S
2021-07-23T09:24:16,200.0,41.3,S
2021-07-23T09:24:16,100.0,41.4,S
2021-07-23T09:24:16,400.0,41.4,S
2021-07-23T09:23:56,300.0,41.4,S
2021-07-23T09:23:44,100.0,41.5,B
2021-07-23T09:23:35,200.0,41.5,B
2021-07-23T09:23:34,2000.0,41.5,B
2021-07-23T09:23:25,700.0,41.4,S
2021-07-23T09:23:22,1000.0,41.5,B
2021-07-23T09:23:18,100.0,41.5,B
2021-07-23T09:22:57,100.0,41.5,B
2021-07-23T09:22:52,1000.0,41.5,B
2021-07-23T09:22:46,2000.0,41.5,B
2021-07-23T09:22:29,500.0,41.5,B
2021-07-23T09:22:29,100.0,41.3,S
2021-07-23T09:22:21,100.0,41.4,B
2021-07-23T09:22:13,200.0,41.5,B
2021-07-23T09:22:12,200.0,41.5,B
2021-07-23T09:22:04,2100.0,41.5,B
2021-07-23T09:21:47,500.0,41.5,S
2021-07-23T09:21:31,10000.0,41.5,B
2021-07-23T09:21:30,100.0,41.5,B
2021-07-23T09:21:01,200.0,41.2,S
2021-07-23T09:20:51,400.0,41.2,S
2021-07-23T09:20:46,6000.0,41.2,B
2021-07-23T09:20:42,200.0,41.2,B
2021-07-23T09:20:41,100.0,41.2,B
2021-07-23T09:20:38,300.0,41.2,B
2021-07-23T09:20:34,200.0,41.2,B
2021-07-23T09:20:16,300.0,41.2,B
2021-07-23T09:20:06,500.0,41.2,B
2021-07-23T09:20:02,100.0,41.2,B
2021-07-23T09:19:47,2900.0,41.1,B
2021-07-23T09:19:28,100.0,41.1,B
2021-07-23T09:19:10,200.0,41.1,S
2021-07-23T09:18:56,300.0,41.1,S
2021-07-23T09:18:37,1400.0,41.2,B
2021-07-23T09:18:08,1500.0,41.2,S
2021-07-23T09:18:01,300.0,41.2,S
2021-07-23T09:17:56,2200.0,41.2,B
2021-07-23T09:17:48,100.0,41.0,S
2021-07-23T09:16:49,1600.0,41.0,B
2021-07-23T09:16:46,1000.0,41.0,B
2021-07-23T09:16:27,400.0,41.0,S
2021-07-23T09:15:59,8600.0,41.0,S
2021-07-23T09:15:54,800.0,41.2,S
2021-07-23T09:15:45,1900.0,41.2,S
