tradingTime,volume,price,side
2021-07-23T11:29:54,500.0,86.4,S
2021-07-23T11:28:51,3500.0,86.4,S
2021-07-23T11:28:17,200.0,86.4,S
2021-07-23T11:27:43,1000.0,86.4,S
2021-07-23T11:27:21,100.0,86.5,B
2021-07-23T11:26:19,300.0,86.5,B
2021-07-23T11:26:17,800.0,86.5,B
2021-07-23T11:26:17,1300.0,86.5,B
2021-07-23T11:26:13,200.0,86.5,B
2021-07-23T11:25:57,4000.0,86.3,S
2021-07-23T11:25:49,500.0,86.5,B
2021-07-23T11:25:33,100.0,86.5,B
2021-07-23T11:25:04,1300.0,86.3,B
2021-07-23T11:24:51,100.0,86.3,B
2021-07-23T11:24:49,700.0,86.3,B
2021-07-23T11:24:47,5000.0,86.3,B
2021-07-23T11:24:38,400.0,86.3,B
2021-07-23T11:24:38,900.0,86.3,S
2021-07-23T11:24:38,600.0,86.3,S
2021-07-23T11:24:38,400.0,86.3,S
2021-07-23T11:24:38,100.0,86.3,S
2021-07-23T11:24:38,1000.0,86.3,S
2021-07-23T11:24:31,500.0,86.3,S
2021-07-23T11:24:31,1400.0,86.3,S
2021-07-23T11:24:31,100.0,86.3,S
2021-07-23T11:24:31,3400.0,86.3,S
2021-07-23T11:23:47,600.0,86.3,S
2021-07-23T11:23:47,200.0,86.3,S
2021-07-23T11:23:47,400.0,86.3,S
2021-07-23T11:23:47,100.0,86.3,S
2021-07-23T11:23:45,100.0,86.3,S
2021-07-23T11:23:45,1900.0,86.3,S
2021-07-23T11:23:38,700.0,86.3,S
2021-07-23T11:23:29,600.0,86.3,S
2021-07-23T11:23:24,600.0,86.3,S
2021-07-23T11:23:23,100.0,86.3,S
2021-07-23T11:23:20,600.0,86.3,S
2021-07-23T11:23:15,3600.0,86.3,S
2021-07-23T11:23:12,100.0,86.5,B
2021-07-23T11:23:12,3000.0,86.5,B
2021-07-23T11:23:11,4200.0,86.3,S
2021-07-23T11:23:08,100.0,86.3,S
2021-07-23T11:23:08,500.0,86.3,S
2021-07-23T11:23:04,600.0,86.3,S
2021-07-23T11:23:00,600.0,86.3,S
2021-07-23T11:22:50,3000.0,86.3,S
2021-07-23T11:22:45,3500.0,86.3,S
2021-07-23T11:22:45,2500.0,86.3,S
2021-07-23T11:22:40,600.0,86.3,S
2021-07-23T11:22:36,600.0,86.3,S
2021-07-23T11:22:33,1000.0,86.3,S
2021-07-23T11:22:32,600.0,86.3,S
2021-07-23T11:22:26,600.0,86.3,S
2021-07-23T11:22:26,900.0,86.3,S
2021-07-23T11:22:22,600.0,86.3,S
2021-07-23T11:22:21,1400.0,86.3,S
2021-07-23T11:22:18,600.0,86.3,S
2021-07-23T11:22:12,600.0,86.3,S
2021-07-23T11:22:12,200.0,86.3,S
2021-07-23T11:22:12,600.0,86.3,S
2021-07-23T11:22:12,500.0,86.4,S
2021-07-23T11:22:04,1200.0,86.4,S
2021-07-23T11:21:36,300.0,86.4,B
2021-07-23T11:20:59,1100.0,86.3,S
2021-07-23T11:20:51,1100.0,86.3,S
2021-07-23T11:20:44,900.0,86.3,S
2021-07-23T11:20:44,200.0,86.3,S
2021-07-23T11:20:42,100.0,86.5,B
2021-07-23T11:20:39,800.0,86.3,S
2021-07-23T11:20:37,1200.0,86.3,S
2021-07-23T11:20:35,800.0,86.3,S
2021-07-23T11:20:30,800.0,86.3,S
2021-07-23T11:20:29,400.0,86.3,S
2021-07-23T11:20:29,800.0,86.3,S
2021-07-23T11:20:25,800.0,86.3,S
2021-07-23T11:20:20,800.0,86.3,S
2021-07-23T11:20:19,1400.0,86.3,S
2021-07-23T11:20:10,1100.0,86.3,S
2021-07-23T11:20:06,1000.0,86.3,S
2021-07-23T11:20:01,200.0,86.3,S
2021-07-23T11:19:57,1900.0,86.3,S
2021-07-23T11:19:53,600.0,86.3,S
2021-07-23T11:19:48,900.0,86.3,S
2021-07-23T11:19:47,600.0,86.3,S
2021-07-23T11:19:44,600.0,86.3,S
2021-07-23T11:19:38,600.0,86.3,S
2021-07-23T11:19:33,600.0,86.3,S
2021-07-23T11:19:29,400.0,86.3,S
2021-07-23T11:19:17,1400.0,86.3,S
2021-07-23T11:19:13,1000.0,86.5,B
2021-07-23T11:19:03,700.0,86.3,S
2021-07-23T11:18:26,300.0,86.3,S
2021-07-23T11:18:10,900.0,86.4,B
2021-07-23T11:17:56,600.0,86.3,S
2021-07-23T11:17:52,600.0,86.3,S
2021-07-23T11:17:46,500.0,86.3,S
2021-07-23T11:17:46,100.0,86.3,S
2021-07-23T11:17:42,600.0,86.3,S
2021-07-23T11:17:39,600.0,86.3,S
2021-07-23T11:17:36,800.0,86.4,S
2021-07-23T11:17:35,600.0,86.4,S
2021-07-23T11:17:30,600.0,86.4,S
2021-07-23T11:17:26,2900.0,86.3,S
2021-07-23T11:17:04,300.0,86.3,S
2021-07-23T11:17:04,100.0,86.3,S
2021-07-23T11:17:04,200.0,86.3,S
2021-07-23T11:17:01,600.0,86.3,S
2021-07-23T11:16:57,600.0,86.3,S
2021-07-23T11:16:54,700.0,86.3,S
2021-07-23T11:16:53,600.0,86.3,S
2021-07-23T11:16:49,600.0,86.3,S
2021-07-23T11:16:48,2900.0,86.3,S
2021-07-23T11:16:47,1300.0,86.3,S
2021-07-23T11:16:44,600.0,86.3,S
2021-07-23T11:16:40,500.0,86.3,S
2021-07-23T11:16:40,100.0,86.4,S
2021-07-23T11:16:38,600.0,86.4,S
2021-07-23T11:16:38,100.0,86.4,S
2021-07-23T11:16:38,100.0,86.4,S
2021-07-23T11:16:38,500.0,86.4,S
2021-07-23T11:16:27,1000.0,86.4,S
2021-07-23T11:16:20,1000.0,86.4,S
2021-07-23T11:16:17,400.0,86.4,S
2021-07-23T11:16:14,900.0,86.4,S
2021-07-23T11:16:14,600.0,86.4,S
2021-07-23T11:16:13,1200.0,86.4,S
2021-07-23T11:16:09,600.0,86.4,S
2021-07-23T11:16:05,800.0,86.4,S
2021-07-23T11:16:05,600.0,86.4,S
2021-07-23T11:16:01,600.0,86.4,S
2021-07-23T11:15:57,600.0,86.4,S
2021-07-23T11:15:55,100.0,86.4,S
2021-07-23T11:15:55,900.0,86.4,S
2021-07-23T11:15:50,600.0,86.4,S
2021-07-23T11:15:50,800.0,86.4,S
2021-07-23T11:15:41,1400.0,86.4,S
2021-07-23T11:15:36,200.0,86.4,S
2021-07-23T11:15:33,900.0,86.4,S
2021-07-23T11:15:22,1400.0,86.4,S
2021-07-23T11:15:12,1400.0,86.4,S
2021-07-23T11:15:12,2900.0,86.4,S
2021-07-23T11:14:56,700.0,86.4,S
2021-07-23T11:14:56,700.0,86.4,S
2021-07-23T11:14:56,1500.0,86.5,S
2021-07-23T11:14:52,200.0,86.6,B
2021-07-23T11:14:39,100.0,86.6,B
2021-07-23T11:14:08,200.0,86.6,B
2021-07-23T11:13:40,200.0,86.6,B
2021-07-23T11:12:58,1600.0,86.5,B
2021-07-23T11:12:33,200.0,86.4,S
2021-07-23T11:12:16,300.0,86.4,B
2021-07-23T11:12:10,200.0,86.4,B
2021-07-23T11:12:09,2000.0,86.4,B
2021-07-23T11:12:06,100.0,86.4,B
2021-07-23T11:12:04,1000.0,86.4,B
2021-07-23T11:11:46,200.0,86.4,B
2021-07-23T11:11:17,100.0,86.4,B
2021-07-23T11:11:10,100.0,86.4,B
2021-07-23T11:10:50,100.0,86.4,B
2021-07-23T11:10:49,1500.0,86.4,B
2021-07-23T11:10:46,200.0,86.4,B
2021-07-23T11:10:44,2000.0,86.4,B
2021-07-23T11:10:29,500.0,86.4,B
2021-07-23T11:10:28,5000.0,86.4,B
2021-07-23T11:10:17,200.0,86.4,B
2021-07-23T11:10:17,2000.0,86.4,B
2021-07-23T11:09:09,500.0,86.3,S
2021-07-23T11:08:55,100.0,86.3,S
2021-07-23T11:08:52,200.0,86.4,B
2021-07-23T11:08:50,2000.0,86.4,B
2021-07-23T11:08:11,1000.0,86.3,S
2021-07-23T11:08:03,800.0,86.3,S
2021-07-23T11:07:56,1400.0,86.3,S
2021-07-23T11:07:32,1400.0,86.3,S
2021-07-23T11:07:31,200.0,86.4,B
2021-07-23T11:07:29,2200.0,86.4,S
2021-07-23T11:06:44,900.0,86.4,S
2021-07-23T11:06:37,1000.0,86.4,S
2021-07-23T11:06:27,1000.0,86.4,S
2021-07-23T11:06:18,1300.0,86.3,S
2021-07-23T11:06:12,1200.0,86.3,S
2021-07-23T11:06:10,800.0,86.3,S
2021-07-23T11:06:04,700.0,86.3,S
2021-07-23T11:05:54,1100.0,86.3,S
2021-07-23T11:05:49,1000.0,86.4,S
2021-07-23T11:05:29,1400.0,86.4,S
2021-07-23T11:05:26,100.0,86.4,S
2021-07-23T11:05:10,1200.0,86.4,S
2021-07-23T11:05:03,1400.0,86.3,S
2021-07-23T11:04:55,900.0,86.3,S
2021-07-23T11:04:46,900.0,86.3,S
2021-07-23T11:04:37,700.0,86.3,S
2021-07-23T11:04:26,1000.0,86.3,S
2021-07-23T11:04:23,800.0,86.3,S
2021-07-23T11:04:16,800.0,86.3,S
2021-07-23T11:04:15,700.0,86.3,S
2021-07-23T11:04:07,800.0,86.3,S
2021-07-23T11:04:02,4900.0,86.3,S
2021-07-23T11:04:02,800.0,86.3,S
2021-07-23T11:04:02,300.0,86.3,S
2021-07-23T11:04:02,15600.0,86.3,S
2021-07-23T11:03:59,600.0,86.4,S
2021-07-23T11:03:56,800.0,86.4,S
2021-07-23T11:03:50,800.0,86.4,S
2021-07-23T11:03:44,800.0,86.3,S
2021-07-23T11:03:38,500.0,86.3,S
2021-07-23T11:03:32,1100.0,86.3,S
2021-07-23T11:03:24,500.0,86.3,S
2021-07-23T11:03:24,200.0,86.3,S
2021-07-23T11:03:24,700.0,86.3,S
2021-07-23T11:03:18,800.0,86.3,S
2021-07-23T11:03:13,100.0,86.4,S
2021-07-23T11:03:10,900.0,86.4,S
2021-07-23T11:03:08,1200.0,86.4,S
2021-07-23T11:03:07,300.0,86.4,S
2021-07-23T11:03:01,1200.0,86.4,S
2021-07-23T11:02:59,1400.0,86.4,S
2021-07-23T11:02:57,900.0,86.4,S
2021-07-23T11:02:54,200.0,86.4,S
2021-07-23T11:02:54,500.0,86.4,S
2021-07-23T11:02:54,700.0,86.4,S
2021-07-23T11:02:43,1000.0,86.4,S
2021-07-23T11:02:39,1000.0,86.4,S
2021-07-23T11:02:35,200.0,86.4,S
2021-07-23T11:02:31,100.0,86.5,B
2021-07-23T11:02:30,3000.0,86.5,B
2021-07-23T11:02:30,800.0,86.4,S
2021-07-23T11:02:26,700.0,86.5,B
2021-07-23T11:02:26,100.0,86.5,B
2021-07-23T11:02:26,200.0,86.5,B
2021-07-23T11:02:19,1000.0,86.4,S
2021-07-23T11:02:12,1000.0,86.4,S
2021-07-23T11:02:10,1400.0,86.4,S
2021-07-23T11:02:10,800.0,86.4,S
2021-07-23T11:02:08,1300.0,86.4,S
2021-07-23T11:02:07,1300.0,86.4,S
2021-07-23T11:02:04,1300.0,86.4,S
2021-07-23T11:02:04,1300.0,86.4,S
2021-07-23T11:02:03,400.0,86.4,S
2021-07-23T11:02:03,700.0,86.4,S
2021-07-23T11:01:56,1000.0,86.4,S
2021-07-23T11:01:53,100.0,86.4,S
2021-07-23T11:00:45,100.0,86.5,B
2021-07-23T11:00:45,100.0,86.5,B
2021-07-23T11:00:16,500.0,86.5,B
2021-07-23T11:00:10,100.0,86.5,B
2021-07-23T11:00:07,100.0,86.5,B
2021-07-23T10:59:38,100.0,86.5,B
2021-07-23T10:59:28,300.0,86.5,B
2021-07-23T10:59:28,200.0,86.5,B
2021-07-23T10:59:26,300.0,86.5,B
2021-07-23T10:58:56,100.0,86.5,B
2021-07-23T10:58:39,200.0,86.5,B
2021-07-23T10:58:28,200.0,86.5,B
2021-07-23T10:58:19,100.0,86.5,B
2021-07-23T10:57:16,200.0,86.5,B
2021-07-23T10:56:55,100.0,86.5,B
2021-07-23T10:56:34,100.0,86.5,B
2021-07-23T10:56:33,1100.0,86.5,B
2021-07-23T10:55:54,200.0,86.5,B
2021-07-23T10:55:13,1400.0,86.4,S
2021-07-23T10:54:31,200.0,86.4,S
2021-07-23T10:51:24,1500.0,86.3,S
2021-07-23T10:50:46,1000.0,86.3,S
2021-07-23T10:50:37,3000.0,86.3,S
2021-07-23T10:50:36,2200.0,86.3,S
2021-07-23T10:50:14,200.0,86.3,S
2021-07-23T10:50:08,400.0,86.3,S
2021-07-23T10:50:03,400.0,86.3,S
2021-07-23T10:49:58,400.0,86.4,S
2021-07-23T10:49:37,400.0,86.3,S
2021-07-23T10:49:32,100.0,86.4,S
2021-07-23T10:49:32,300.0,86.4,S
2021-07-23T10:49:29,800.0,86.4,S
2021-07-23T10:49:29,100.0,86.4,S
2021-07-23T10:49:29,200.0,86.4,S
2021-07-23T10:49:27,400.0,86.4,S
2021-07-23T10:49:22,400.0,86.4,S
2021-07-23T10:49:16,400.0,86.4,S
2021-07-23T10:49:12,400.0,86.4,S
2021-07-23T10:49:11,100.0,86.4,S
2021-07-23T10:49:11,200.0,86.4,S
2021-07-23T10:49:11,200.0,86.4,S
2021-07-23T10:49:11,800.0,86.4,S
2021-07-23T10:49:07,400.0,86.4,S
2021-07-23T10:49:05,5000.0,86.4,S
2021-07-23T10:49:05,200.0,86.4,S
2021-07-23T10:49:02,300.0,86.4,S
2021-07-23T10:49:02,500.0,86.4,S
2021-07-23T10:48:52,900.0,86.4,S
2021-07-23T10:48:47,700.0,86.4,S
2021-07-23T10:48:39,900.0,86.4,S
2021-07-23T10:48:39,400.0,86.4,S
2021-07-23T10:48:39,100.0,86.4,S
2021-07-23T10:48:39,400.0,86.4,S
2021-07-23T10:48:39,2000.0,86.4,S
2021-07-23T10:48:34,100.0,86.4,S
2021-07-23T10:48:31,1500.0,86.4,S
2021-07-23T10:48:29,4000.0,86.4,S
2021-07-23T10:48:22,600.0,86.4,S
2021-07-23T10:48:22,1200.0,86.4,S
2021-07-23T10:48:18,800.0,86.4,S
2021-07-23T10:48:14,800.0,86.4,S
2021-07-23T10:48:12,1400.0,86.4,S
2021-07-23T10:48:10,600.0,86.4,S
2021-07-23T10:48:10,200.0,86.4,S
2021-07-23T10:48:05,800.0,86.4,S
2021-07-23T10:48:05,200.0,86.4,S
2021-07-23T10:48:03,1100.0,86.4,S
2021-07-23T10:48:00,400.0,86.4,S
2021-07-23T10:47:58,1200.0,86.4,S
2021-07-23T10:47:50,1500.0,86.4,S
2021-07-23T10:47:42,100.0,86.4,S
2021-07-23T10:47:39,700.0,86.4,S
2021-07-23T10:46:36,5300.0,86.4,S
2021-07-23T10:46:36,1600.0,86.4,S
2021-07-23T10:46:36,3000.0,86.4,S
2021-07-23T10:46:36,100.0,86.4,S
2021-07-23T10:46:36,4200.0,86.4,S
2021-07-23T10:46:36,700.0,86.4,S
2021-07-23T10:46:36,1000.0,86.4,S
2021-07-23T10:46:36,1200.0,86.4,S
2021-07-23T10:46:36,600.0,86.4,S
2021-07-23T10:46:36,3900.0,86.4,S
2021-07-23T10:46:33,500.0,86.5,S
2021-07-23T10:46:29,100.0,86.5,S
2021-07-23T10:46:11,900.0,86.5,S
2021-07-23T10:45:54,200.0,86.4,S
2021-07-23T10:45:54,800.0,86.4,S
2021-07-23T10:45:49,2100.0,86.4,S
2021-07-23T10:45:48,6100.0,86.4,S
2021-07-23T10:45:48,100.0,86.5,S
2021-07-23T10:45:48,400.0,86.5,S
2021-07-23T10:45:48,2900.0,86.5,S
2021-07-23T10:45:48,100.0,86.5,S
2021-07-23T10:45:48,12000.0,86.5,S
2021-07-23T10:45:47,800.0,86.5,S
2021-07-23T10:45:39,1200.0,86.5,S
2021-07-23T10:45:28,2900.0,86.5,S
2021-07-23T10:45:27,700.0,86.5,S
2021-07-23T10:45:27,200.0,86.5,S
2021-07-23T10:45:24,100.0,86.5,S
2021-07-23T10:45:22,800.0,86.5,S
2021-07-23T10:45:20,100.0,86.5,S
2021-07-23T10:45:17,200.0,86.6,B
2021-07-23T10:45:13,1400.0,86.5,S
2021-07-23T10:45:05,1400.0,86.5,S
2021-07-23T10:44:59,800.0,86.5,S
2021-07-23T10:44:58,1300.0,86.5,S
2021-07-23T10:44:58,200.0,86.5,S
2021-07-23T10:44:58,1400.0,86.5,S
2021-07-23T10:44:54,3800.0,86.5,S
2021-07-23T10:44:54,700.0,86.5,S
2021-07-23T10:44:54,700.0,86.5,S
2021-07-23T10:44:54,1000.0,86.5,S
2021-07-23T10:44:54,4400.0,86.5,S
2021-07-23T10:44:54,1300.0,86.5,S
2021-07-23T10:44:54,1100.0,86.5,S
2021-07-23T10:44:54,2700.0,86.5,S
2021-07-23T10:44:54,200.0,86.5,S
2021-07-23T10:44:54,4800.0,86.5,S
2021-07-23T10:44:54,900.0,86.5,S
2021-07-23T10:44:53,100.0,86.6,B
2021-07-23T10:44:47,1100.0,86.5,S
2021-07-23T10:44:46,2900.0,86.5,S
2021-07-23T10:44:42,100.0,86.6,B
2021-07-23T10:44:40,200.0,86.6,S
2021-07-23T10:44:40,200.0,86.6,S
2021-07-23T10:44:40,100.0,86.6,S
2021-07-23T10:44:34,100.0,86.6,S
2021-07-23T10:44:32,400.0,86.6,S
2021-07-23T10:44:32,100.0,86.6,S
2021-07-23T10:44:32,400.0,86.6,S
2021-07-23T10:44:25,500.0,86.6,S
2021-07-23T10:44:24,1200.0,86.6,S
2021-07-23T10:44:17,200.0,86.6,S
2021-07-23T10:44:16,1400.0,86.6,S
2021-07-23T10:44:15,400.0,86.6,S
2021-07-23T10:44:09,800.0,86.6,S
2021-07-23T10:44:03,400.0,86.6,S
2021-07-23T10:44:00,300.0,86.6,S
2021-07-23T10:44:00,100.0,86.6,S
2021-07-23T10:43:57,400.0,86.6,S
2021-07-23T10:43:44,400.0,86.6,S
2021-07-23T10:43:42,1400.0,86.6,S
2021-07-23T10:43:41,400.0,86.6,S
2021-07-23T10:43:41,200.0,86.6,S
2021-07-23T10:43:37,400.0,86.6,S
2021-07-23T10:43:29,400.0,86.6,S
2021-07-23T10:43:25,400.0,86.6,S
2021-07-23T10:43:25,1600.0,86.6,S
2021-07-23T10:43:19,400.0,86.6,S
2021-07-23T10:43:16,4400.0,86.6,B
2021-07-23T10:43:02,300.0,86.6,B
2021-07-23T10:43:02,200.0,86.6,B
2021-07-23T10:42:31,300.0,86.6,S
2021-07-23T10:42:29,700.0,86.6,B
2021-07-23T10:42:17,300.0,86.6,B
2021-07-23T10:42:12,100.0,86.6,B
2021-07-23T10:42:06,100.0,86.6,B
2021-07-23T10:41:59,100.0,86.6,S
2021-07-23T10:41:58,100.0,86.6,S
2021-07-23T10:41:54,300.0,86.6,B
2021-07-23T10:41:46,200.0,86.6,S
2021-07-23T10:41:42,200.0,86.6,S
2021-07-23T10:41:31,100.0,86.6,S
2021-07-23T10:40:54,1700.0,86.6,B
2021-07-23T10:40:40,100.0,86.6,B
2021-07-23T10:40:15,700.0,86.6,B
2021-07-23T10:39:48,2900.0,86.5,S
2021-07-23T10:39:44,1400.0,86.5,S
2021-07-23T10:39:35,1400.0,86.5,S
2021-07-23T10:39:26,700.0,86.5,S
2021-07-23T10:39:26,300.0,86.5,S
2021-07-23T10:39:26,500.0,86.5,S
2021-07-23T10:39:26,1400.0,86.5,S
2021-07-23T10:39:19,200.0,86.6,B
2021-07-23T10:39:17,200.0,86.5,S
2021-07-23T10:39:15,1500.0,86.5,S
2021-07-23T10:39:15,7600.0,86.5,S
2021-07-23T10:39:15,10000.0,86.6,S
2021-07-23T10:39:15,1900.0,86.6,S
2021-07-23T10:39:12,400.0,86.6,S
2021-07-23T10:39:07,400.0,86.6,S
2021-07-23T10:39:06,400.0,86.6,S
2021-07-23T10:39:06,1300.0,86.6,S
2021-07-23T10:39:02,400.0,86.6,S
2021-07-23T10:38:59,400.0,86.6,S
2021-07-23T10:38:54,400.0,86.5,S
2021-07-23T10:38:52,400.0,86.5,S
2021-07-23T10:38:48,9300.0,86.5,S
2021-07-23T10:38:48,100.0,86.6,S
2021-07-23T10:38:48,100.0,86.6,S
2021-07-23T10:38:48,1000.0,86.6,S
2021-07-23T10:38:48,200.0,86.6,S
2021-07-23T10:38:48,1300.0,86.6,S
2021-07-23T10:38:48,300.0,86.6,S
2021-07-23T10:38:48,300.0,86.6,S
2021-07-23T10:38:48,100.0,86.6,S
2021-07-23T10:38:48,1000.0,86.6,S
2021-07-23T10:38:47,400.0,86.6,S
2021-07-23T10:38:42,400.0,86.6,S
2021-07-23T10:38:40,400.0,86.6,S
2021-07-23T10:38:39,1300.0,86.6,S
2021-07-23T10:38:31,900.0,86.6,S
2021-07-23T10:38:22,1100.0,86.6,S
2021-07-23T10:38:13,800.0,86.6,S
2021-07-23T10:38:11,200.0,86.6,S
2021-07-23T10:38:08,400.0,86.6,S
2021-07-23T10:38:07,1300.0,86.6,S
2021-07-23T10:38:05,400.0,86.6,S
2021-07-23T10:38:03,900.0,86.6,S
2021-07-23T10:38:01,400.0,86.6,S
2021-07-23T10:38:00,300.0,86.6,S
2021-07-23T10:37:57,400.0,86.6,S
2021-07-23T10:37:56,800.0,86.6,S
2021-07-23T10:37:55,400.0,86.6,S
2021-07-23T10:37:50,400.0,86.6,S
2021-07-23T10:37:50,900.0,86.6,S
2021-07-23T10:37:50,100.0,86.6,S
2021-07-23T10:37:48,400.0,86.6,S
2021-07-23T10:37:41,400.0,86.6,S
2021-07-23T10:37:39,1000.0,86.6,S
2021-07-23T10:37:39,400.0,86.6,S
2021-07-23T10:37:36,400.0,86.6,S
2021-07-23T10:37:32,1200.0,86.6,S
2021-07-23T10:37:25,1000.0,86.6,S
2021-07-23T10:37:25,100.0,86.6,S
2021-07-23T10:37:25,2000.0,86.6,S
2021-07-23T10:37:13,1300.0,86.6,S
2021-07-23T10:37:12,400.0,86.6,S
2021-07-23T10:37:04,2900.0,86.6,S
2021-07-23T10:36:46,500.0,86.7,B
2021-07-23T10:36:44,700.0,86.7,B
2021-07-23T10:36:13,1100.0,86.6,S
2021-07-23T10:36:00,1400.0,86.6,S
2021-07-23T10:35:48,1400.0,86.6,S
2021-07-23T10:35:39,100.0,86.6,S
2021-07-23T10:35:35,1400.0,86.6,S
2021-07-23T10:35:24,3000.0,86.6,B
2021-07-23T10:35:22,500.0,86.6,B
2021-07-23T10:35:15,100.0,86.6,B
2021-07-23T10:35:09,100.0,86.6,B
2021-07-23T10:35:09,100.0,86.6,B
2021-07-23T10:35:08,1000.0,86.6,B
2021-07-23T10:35:07,100.0,86.5,S
2021-07-23T10:35:02,800.0,86.6,B
2021-07-23T10:34:54,4200.0,86.5,S
2021-07-23T10:34:40,100.0,86.6,B
2021-07-23T10:34:34,100.0,86.6,B
2021-07-23T10:34:33,100.0,86.6,B
2021-07-23T10:34:33,900.0,86.6,B
2021-07-23T10:34:11,100.0,86.6,B
2021-07-23T10:34:04,900.0,86.6,S
2021-07-23T10:34:00,200.0,86.6,S
2021-07-23T10:33:58,400.0,86.6,S
2021-07-23T10:33:56,4100.0,86.6,B
2021-07-23T10:33:56,900.0,86.5,S
2021-07-23T10:33:52,400.0,86.5,S
2021-07-23T10:33:49,400.0,86.5,S
2021-07-23T10:33:49,800.0,86.5,S
2021-07-23T10:33:44,400.0,86.5,S
2021-07-23T10:33:40,400.0,86.5,S
2021-07-23T10:33:39,800.0,86.5,S
2021-07-23T10:33:39,300.0,86.5,S
2021-07-23T10:33:39,300.0,86.5,S
2021-07-23T10:33:39,200.0,86.6,B
2021-07-23T10:33:38,400.0,86.6,B
2021-07-23T10:33:37,2000.0,86.5,S
2021-07-23T10:33:37,3000.0,86.6,B
2021-07-23T10:33:37,400.0,86.5,S
2021-07-23T10:33:33,5000.0,86.5,S
2021-07-23T10:33:32,400.0,86.5,S
2021-07-23T10:33:29,400.0,86.6,B
2021-07-23T10:33:28,400.0,86.5,S
2021-07-23T10:33:25,1300.0,86.5,S
2021-07-23T10:33:25,400.0,86.5,S
2021-07-23T10:33:14,1100.0,86.5,S
2021-07-23T10:33:11,400.0,86.5,S
2021-07-23T10:33:09,1200.0,86.5,S
2021-07-23T10:32:58,700.0,86.5,S
2021-07-23T10:32:52,1100.0,86.5,S
2021-07-23T10:32:51,200.0,86.5,S
2021-07-23T10:32:49,500.0,86.6,B
2021-07-23T10:32:46,400.0,86.5,S
2021-07-23T10:32:45,1400.0,86.5,S
2021-07-23T10:32:43,400.0,86.5,S
2021-07-23T10:32:43,100.0,86.5,S
2021-07-23T10:32:38,400.0,86.5,S
2021-07-23T10:32:37,1100.0,86.5,S
2021-07-23T10:32:34,200.0,86.5,S
2021-07-23T10:32:34,200.0,86.5,S
2021-07-23T10:32:30,400.0,86.5,S
2021-07-23T10:32:28,1400.0,86.5,S
2021-07-23T10:32:26,400.0,86.5,S
2021-07-23T10:32:21,1400.0,86.5,S
2021-07-23T10:32:21,400.0,86.5,S
2021-07-23T10:32:16,400.0,86.5,S
2021-07-23T10:32:11,1300.0,86.5,S
2021-07-23T10:32:11,200.0,86.5,S
2021-07-23T10:32:11,200.0,86.5,S
2021-07-23T10:32:08,400.0,86.5,S
2021-07-23T10:32:05,800.0,86.5,S
2021-07-23T10:31:57,700.0,86.5,S
2021-07-23T10:31:57,3000.0,86.6,B
2021-07-23T10:31:49,1500.0,86.5,S
2021-07-23T10:31:39,900.0,86.5,S
2021-07-23T10:31:37,200.0,86.5,S
2021-07-23T10:31:34,400.0,86.5,S
2021-07-23T10:31:33,1100.0,86.5,S
2021-07-23T10:31:30,400.0,86.5,S
2021-07-23T10:31:25,400.0,86.5,S
2021-07-23T10:31:22,1400.0,86.5,S
2021-07-23T10:31:22,400.0,86.5,S
2021-07-23T10:31:17,400.0,86.5,S
2021-07-23T10:31:14,1400.0,86.5,S
2021-07-23T10:31:13,400.0,86.5,S
2021-07-23T10:31:09,400.0,86.5,S
2021-07-23T10:31:04,300.0,86.6,B
2021-07-23T10:31:04,400.0,86.5,S
2021-07-23T10:31:01,700.0,86.6,S
2021-07-23T10:30:59,100.0,86.6,S
2021-07-23T10:30:59,100.0,86.6,S
2021-07-23T10:30:59,200.0,86.6,S
2021-07-23T10:30:54,400.0,86.6,S
2021-07-23T10:30:54,1400.0,86.6,S
2021-07-23T10:30:54,2000.0,86.6,S
2021-07-23T10:30:53,1600.0,86.6,S
2021-07-23T10:30:43,1000.0,86.6,S
2021-07-23T10:30:38,100.0,86.6,S
2021-07-23T10:30:20,1200.0,86.6,S
2021-07-23T10:30:15,1000.0,86.6,S
2021-07-23T10:29:26,2000.0,86.6,S
2021-07-23T10:28:59,500.0,86.6,S
2021-07-23T10:28:45,10000.0,86.6,S
2021-07-23T10:28:44,100.0,86.6,S
2021-07-23T10:28:24,100.0,86.6,S
2021-07-23T10:27:33,300.0,86.6,B
2021-07-23T10:27:33,100.0,86.6,B
2021-07-23T10:27:33,2700.0,86.6,B
2021-07-23T10:27:30,1200.0,86.5,S
2021-07-23T10:27:26,100.0,86.5,S
2021-07-23T10:27:23,100.0,86.5,S
2021-07-23T10:26:47,3900.0,86.4,S
2021-07-23T10:26:47,300.0,86.4,S
2021-07-23T10:26:47,5800.0,86.4,S
2021-07-23T10:26:46,300.0,86.5,B
2021-07-23T10:26:44,5000.0,86.5,B
2021-07-23T10:26:42,500.0,86.5,B
2021-07-23T10:26:40,500.0,86.4,S
2021-07-23T10:26:39,100.0,86.5,B
2021-07-23T10:26:37,100.0,86.5,B
2021-07-23T10:26:35,1000.0,86.5,B
2021-07-23T10:26:34,500.0,86.5,B
2021-07-23T10:26:24,400.0,86.5,B
2021-07-23T10:26:22,3000.0,86.5,B
2021-07-23T10:25:51,600.0,86.5,B
2021-07-23T10:25:07,1200.0,86.4,S
2021-07-23T10:24:36,300.0,86.4,S
2021-07-23T10:24:34,100.0,86.5,B
2021-07-23T10:24:27,400.0,86.5,B
2021-07-23T10:24:24,300.0,86.5,B
2021-07-23T10:24:20,400.0,86.5,B
2021-07-23T10:24:18,100.0,86.5,B
2021-07-23T10:24:10,2800.0,86.4,S
2021-07-23T10:24:10,7200.0,86.4,S
2021-07-23T10:24:00,100.0,86.4,S
2021-07-23T10:23:31,100.0,86.5,B
2021-07-23T10:23:30,1000.0,86.5,B
2021-07-23T10:23:25,1000.0,86.4,S
2021-07-23T10:23:18,100.0,86.5,B
2021-07-23T10:23:15,1000.0,86.5,B
2021-07-23T10:23:05,200.0,86.4,S
2021-07-23T10:23:02,800.0,86.5,B
2021-07-23T10:22:58,100.0,86.4,S
2021-07-23T10:22:58,800.0,86.5,B
2021-07-23T10:22:54,800.0,86.5,B
2021-07-23T10:22:49,100.0,86.5,B
2021-07-23T10:22:49,800.0,86.5,B
2021-07-23T10:22:49,600.0,86.5,B
2021-07-23T10:22:47,5000.0,86.5,B
2021-07-23T10:22:44,800.0,86.5,B
2021-07-23T10:22:37,200.0,86.5,B
2021-07-23T10:22:01,100.0,86.4,S
2021-07-23T10:21:59,100.0,86.5,B
2021-07-23T10:21:45,100.0,86.4,S
2021-07-23T10:21:39,100.0,86.5,B
2021-07-23T10:21:36,100.0,86.5,B
2021-07-23T10:21:34,1500.0,86.5,B
2021-07-23T10:21:34,1300.0,86.5,B
2021-07-23T10:21:34,2400.0,86.5,S
2021-07-23T10:21:34,400.0,86.5,S
2021-07-23T10:21:34,1100.0,86.5,S
2021-07-23T10:21:34,1300.0,86.5,S
2021-07-23T10:21:34,1100.0,86.5,S
2021-07-23T10:21:34,15000.0,86.5,S
2021-07-23T10:21:34,1400.0,86.5,S
2021-07-23T10:21:28,1200.0,86.5,S
2021-07-23T10:21:28,600.0,86.5,S
2021-07-23T10:21:28,3200.0,86.5,S
2021-07-23T10:21:28,1000.0,86.5,S
2021-07-23T10:21:28,1200.0,86.5,S
2021-07-23T10:21:28,1700.0,86.5,S
2021-07-23T10:21:28,100.0,86.5,S
2021-07-23T10:21:28,1300.0,86.5,S
2021-07-23T10:21:28,9700.0,86.5,S
2021-07-23T10:21:27,100.0,86.6,S
2021-07-23T10:21:26,1600.0,86.6,B
2021-07-23T10:21:26,1400.0,86.6,B
2021-07-23T10:21:25,800.0,86.6,B
2021-07-23T10:21:25,6200.0,86.6,B
2021-07-23T10:20:54,100.0,86.6,B
2021-07-23T10:20:53,1000.0,86.6,B
2021-07-23T10:20:09,200.0,86.5,S
2021-07-23T10:20:04,400.0,86.5,S
2021-07-23T10:20:01,400.0,86.5,S
2021-07-23T10:19:57,400.0,86.5,S
2021-07-23T10:19:53,400.0,86.5,S
2021-07-23T10:19:49,100.0,86.6,B
2021-07-23T10:19:47,400.0,86.5,S
2021-07-23T10:19:47,200.0,86.6,B
2021-07-23T10:19:47,2400.0,86.6,B
2021-07-23T10:19:42,400.0,86.6,S
2021-07-23T10:19:37,400.0,86.6,S
2021-07-23T10:19:31,400.0,86.6,S
2021-07-23T10:19:27,100.0,86.6,S
2021-07-23T10:19:26,400.0,86.6,S
2021-07-23T10:19:22,2700.0,86.6,S
2021-07-23T10:19:20,400.0,86.5,S
2021-07-23T10:19:19,100.0,86.6,B
2021-07-23T10:19:14,100.0,86.6,B
2021-07-23T10:19:11,100.0,86.6,S
2021-07-23T10:19:00,300.0,86.6,B
2021-07-23T10:18:54,100.0,86.6,B
2021-07-23T10:18:54,200.0,86.5,S
2021-07-23T10:18:51,400.0,86.5,S
2021-07-23T10:18:50,2400.0,86.5,S
2021-07-23T10:18:45,400.0,86.5,S
2021-07-23T10:18:43,400.0,86.5,S
2021-07-23T10:18:42,10000.0,86.6,B
2021-07-23T10:18:36,400.0,86.5,S
2021-07-23T10:18:32,400.0,86.5,S
2021-07-23T10:18:27,400.0,86.5,S
2021-07-23T10:18:22,400.0,86.5,S
2021-07-23T10:18:15,400.0,86.5,S
2021-07-23T10:18:10,400.0,86.5,S
2021-07-23T10:18:10,1300.0,86.5,S
2021-07-23T10:18:05,400.0,86.5,S
2021-07-23T10:17:54,900.0,86.5,S
2021-07-23T10:17:50,3200.0,86.5,S
2021-07-23T10:17:50,200.0,86.5,S
2021-07-23T10:17:50,200.0,86.6,S
2021-07-23T10:17:50,1600.0,86.6,S
2021-07-23T10:17:50,10000.0,86.6,S
2021-07-23T10:17:50,1100.0,86.6,S
2021-07-23T10:17:50,1300.0,86.6,S
2021-07-23T10:17:50,4000.0,86.6,S
2021-07-23T10:17:49,1000.0,86.6,S
2021-07-23T10:17:45,700.0,86.6,S
2021-07-23T10:17:45,300.0,86.6,S
2021-07-23T10:17:45,300.0,86.6,S
2021-07-23T10:17:42,1100.0,86.6,S
2021-07-23T10:17:42,300.0,86.6,S
2021-07-23T10:17:42,100.0,86.6,S
2021-07-23T10:17:42,100.0,86.6,S
2021-07-23T10:17:42,500.0,86.6,S
2021-07-23T10:17:42,100.0,86.6,S
2021-07-23T10:17:42,300.0,86.6,S
2021-07-23T10:17:42,200.0,86.6,S
2021-07-23T10:17:42,800.0,86.6,S
2021-07-23T10:17:42,1000.0,86.6,S
2021-07-23T10:17:42,5500.0,86.6,S
2021-07-23T10:17:40,700.0,86.6,S
2021-07-23T10:17:38,500.0,86.6,S
2021-07-23T10:17:29,1500.0,86.6,S
2021-07-23T10:17:29,200.0,86.6,S
2021-07-23T10:17:29,1200.0,86.6,S
2021-07-23T10:17:24,800.0,86.6,S
2021-07-23T10:17:22,200.0,86.6,S
2021-07-23T10:17:20,300.0,86.7,S
2021-07-23T10:17:19,200.0,86.7,S
2021-07-23T10:17:19,1500.0,86.7,S
2021-07-23T10:17:19,1200.0,86.7,S
2021-07-23T10:17:18,400.0,86.7,S
2021-07-23T10:17:15,1300.0,86.7,S
2021-07-23T10:17:12,400.0,86.7,S
2021-07-23T10:17:08,1000.0,86.7,S
2021-07-23T10:17:08,400.0,86.7,S
2021-07-23T10:17:05,500.0,86.7,S
2021-07-23T10:17:04,400.0,86.7,S
2021-07-23T10:17:04,100.0,86.7,S
2021-07-23T10:17:00,400.0,86.7,S
2021-07-23T10:16:58,1400.0,86.7,S
2021-07-23T10:16:55,400.0,86.7,S
2021-07-23T10:16:52,800.0,86.7,S
2021-07-23T10:16:52,400.0,86.7,S
2021-07-23T10:16:51,1700.0,86.7,S
2021-07-23T10:16:51,2300.0,86.7,S
2021-07-23T10:16:45,400.0,86.7,S
2021-07-23T10:16:41,900.0,86.7,S
2021-07-23T10:16:40,400.0,86.7,S
2021-07-23T10:16:34,400.0,86.7,S
2021-07-23T10:16:34,1300.0,86.7,S
2021-07-23T10:16:21,5400.0,86.7,S
2021-07-23T10:16:21,3000.0,86.8,B
2021-07-23T10:16:04,100.0,86.8,B
2021-07-23T10:16:04,100.0,86.8,B
2021-07-23T10:16:04,900.0,86.8,B
2021-07-23T10:15:33,500.0,86.8,B
2021-07-23T10:15:23,300.0,86.8,B
2021-07-23T10:14:43,500.0,86.8,B
2021-07-23T10:14:25,500.0,86.8,B
2021-07-23T10:14:12,100.0,86.7,S
2021-07-23T10:13:59,200.0,86.8,B
2021-07-23T10:13:57,300.0,86.8,B
2021-07-23T10:13:57,100.0,86.8,B
2021-07-23T10:13:57,400.0,86.8,B
2021-07-23T10:13:57,1200.0,86.8,B
2021-07-23T10:13:51,200.0,86.7,S
2021-07-23T10:13:27,300.0,86.7,S
2021-07-23T10:13:27,1000.0,86.7,S
2021-07-23T10:13:22,100.0,86.7,S
2021-07-23T10:13:04,100.0,86.7,S
2021-07-23T10:12:55,100.0,86.7,S
2021-07-23T10:12:30,300.0,86.7,S
2021-07-23T10:11:58,200.0,86.7,S
2021-07-23T10:11:39,500.0,86.7,B
2021-07-23T10:11:23,300.0,86.6,S
2021-07-23T10:11:21,300.0,86.6,S
2021-07-23T10:11:18,2100.0,86.6,S
2021-07-23T10:11:15,200.0,86.6,S
2021-07-23T10:11:11,400.0,86.6,S
2021-07-23T10:11:09,500.0,86.7,B
2021-07-23T10:11:08,400.0,86.6,S
2021-07-23T10:11:06,700.0,86.6,S
2021-07-23T10:11:04,2900.0,86.6,S
2021-07-23T10:11:03,400.0,86.6,S
2021-07-23T10:10:59,1200.0,86.6,S
2021-07-23T10:10:59,400.0,86.6,S
2021-07-23T10:10:57,100.0,86.6,S
2021-07-23T10:10:53,2900.0,86.6,S
2021-07-23T10:10:52,400.0,86.6,S
2021-07-23T10:10:51,8400.0,86.6,S
2021-07-23T10:10:50,2900.0,86.7,B
2021-07-23T10:10:48,400.0,86.6,S
2021-07-23T10:10:43,2900.0,86.6,S
2021-07-23T10:10:43,400.0,86.6,S
2021-07-23T10:10:42,1100.0,86.6,S
2021-07-23T10:10:35,400.0,86.6,S
2021-07-23T10:10:35,1200.0,86.6,S
2021-07-23T10:10:34,100.0,86.6,S
2021-07-23T10:10:30,400.0,86.6,S
2021-07-23T10:10:29,2900.0,86.6,S
2021-07-23T10:10:29,900.0,86.6,S
2021-07-23T10:10:26,1400.0,86.6,S
2021-07-23T10:10:25,400.0,86.6,S
2021-07-23T10:10:21,400.0,86.7,B
2021-07-23T10:10:20,1000.0,86.7,B
2021-07-23T10:10:20,2900.0,86.6,S
2021-07-23T10:10:17,900.0,86.6,S
2021-07-23T10:10:13,700.0,86.6,S
2021-07-23T10:10:08,2900.0,86.6,S
2021-07-23T10:10:04,900.0,86.6,S
2021-07-23T10:09:59,2900.0,86.6,S
2021-07-23T10:09:50,200.0,86.7,B
2021-07-23T10:09:45,200.0,86.6,S
2021-07-23T10:09:39,800.0,86.6,S
2021-07-23T10:09:36,2900.0,86.6,S
2021-07-23T10:09:35,1100.0,86.6,S
2021-07-23T10:09:34,800.0,86.6,S
2021-07-23T10:09:29,7200.0,86.6,S
2021-07-23T10:09:29,100.0,86.6,S
2021-07-23T10:09:29,1100.0,86.6,S
2021-07-23T10:09:29,800.0,86.6,S
2021-07-23T10:09:27,400.0,86.7,S
2021-07-23T10:09:24,300.0,86.7,S
2021-07-23T10:09:24,1100.0,86.7,S
2021-07-23T10:09:24,600.0,86.7,S
2021-07-23T10:09:24,100.0,86.7,S
2021-07-23T10:09:24,800.0,86.7,S
2021-07-23T10:09:19,800.0,86.7,S
2021-07-23T10:09:19,1000.0,86.7,S
2021-07-23T10:09:18,2900.0,86.7,S
2021-07-23T10:09:12,8400.0,86.7,S
2021-07-23T10:09:10,1300.0,86.7,S
2021-07-23T10:09:04,1400.0,86.7,S
2021-07-23T10:09:03,400.0,86.7,S
2021-07-23T10:09:00,400.0,86.7,S
2021-07-23T10:08:55,400.0,86.7,S
2021-07-23T10:08:54,1000.0,86.7,S
2021-07-23T10:08:53,2900.0,86.7,S
2021-07-23T10:08:52,400.0,86.7,S
2021-07-23T10:08:47,1500.0,86.7,S
2021-07-23T10:08:46,2100.0,86.7,S
2021-07-23T10:08:44,400.0,86.7,S
2021-07-23T10:08:43,400.0,86.7,S
2021-07-23T10:08:43,200.0,86.7,S
2021-07-23T10:08:43,1300.0,86.7,S
2021-07-23T10:08:43,600.0,86.7,S
2021-07-23T10:08:43,400.0,86.7,S
2021-07-23T10:08:39,400.0,86.7,S
2021-07-23T10:08:38,1100.0,86.7,S
2021-07-23T10:08:36,400.0,86.7,S
2021-07-23T10:08:32,400.0,86.7,S
2021-07-23T10:08:30,800.0,86.7,S
2021-07-23T10:08:26,400.0,86.7,S
2021-07-23T10:08:22,100.0,86.7,S
2021-07-23T10:08:22,100.0,86.7,S
2021-07-23T10:08:06,1400.0,86.7,S
2021-07-23T10:07:52,300.0,86.8,S
2021-07-23T10:07:27,200.0,86.8,S
2021-07-23T10:07:20,800.0,86.8,B
2021-07-23T10:07:20,700.0,86.8,B
2021-07-23T10:07:14,1000.0,86.7,S
2021-07-23T10:06:48,300.0,86.7,S
2021-07-23T10:06:48,200.0,86.7,S
2021-07-23T10:06:23,200.0,86.7,S
2021-07-23T10:05:43,1700.0,86.7,S
2021-07-23T10:04:39,5000.0,86.7,S
2021-07-23T10:04:26,1000.0,86.7,S
2021-07-23T10:04:08,600.0,86.7,S
2021-07-23T10:04:05,1900.0,86.7,S
2021-07-23T10:03:45,200.0,86.7,S
2021-07-23T10:03:00,100.0,86.7,S
2021-07-23T10:02:27,1000.0,86.7,S
2021-07-23T10:02:20,2900.0,86.7,S
2021-07-23T10:02:15,1400.0,86.7,S
2021-07-23T10:02:13,100.0,86.7,S
2021-07-23T10:02:07,2900.0,86.7,S
2021-07-23T10:02:02,900.0,86.7,S
2021-07-23T10:01:59,400.0,86.7,S
2021-07-23T10:01:57,2900.0,86.7,S
2021-07-23T10:01:55,400.0,86.7,S
2021-07-23T10:01:52,800.0,86.7,S
2021-07-23T10:01:51,400.0,86.7,S
2021-07-23T10:01:48,2900.0,86.7,S
2021-07-23T10:01:44,100.0,86.7,S
2021-07-23T10:01:44,300.0,86.7,S
2021-07-23T10:01:44,1400.0,86.7,S
2021-07-23T10:01:42,400.0,86.7,S
2021-07-23T10:01:37,400.0,86.7,S
2021-07-23T10:01:35,2900.0,86.7,S
2021-07-23T10:01:33,700.0,86.7,S
2021-07-23T10:01:33,400.0,86.7,S
2021-07-23T10:01:33,5100.0,86.7,S
2021-07-23T10:01:33,3200.0,86.7,S
2021-07-23T10:01:33,100.0,86.8,S
2021-07-23T10:01:28,400.0,86.8,S
2021-07-23T10:01:27,300.0,86.8,S
2021-07-23T10:01:27,400.0,86.8,S
2021-07-23T10:01:27,100.0,86.8,S
2021-07-23T10:01:27,300.0,86.8,S
2021-07-23T10:01:22,400.0,86.8,S
2021-07-23T10:01:22,200.0,86.8,S
2021-07-23T10:01:22,300.0,86.8,S
2021-07-23T10:01:22,2400.0,86.8,S
2021-07-23T10:01:18,400.0,86.8,S
2021-07-23T10:01:17,1400.0,86.8,S
2021-07-23T10:01:14,2900.0,86.8,S
2021-07-23T10:01:14,200.0,86.8,S
2021-07-23T10:01:12,300.0,86.9,B
2021-07-23T10:01:10,1200.0,86.8,S
2021-07-23T10:01:08,100.0,86.9,B
2021-07-23T10:01:03,2900.0,86.8,S
2021-07-23T10:01:02,1100.0,86.8,S
2021-07-23T10:00:55,3800.0,86.8,S
2021-07-23T10:00:55,400.0,86.8,S
2021-07-23T10:00:53,1700.0,86.8,S
2021-07-23T10:00:53,1200.0,86.9,S
2021-07-23T10:00:51,300.0,86.9,S
2021-07-23T10:00:47,900.0,86.9,S
2021-07-23T10:00:43,2900.0,86.9,S
2021-07-23T10:00:37,1300.0,86.8,S
2021-07-23T10:00:37,200.0,86.8,S
2021-07-23T10:00:32,2900.0,86.8,S
2021-07-23T10:00:32,1600.0,86.8,S
2021-07-23T10:00:32,500.0,86.9,S
2021-07-23T10:00:31,900.0,86.9,S
2021-07-23T10:00:22,1000.0,86.9,B
2021-07-23T10:00:22,1800.0,86.9,B
2021-07-23T10:00:22,100.0,86.9,B
2021-07-23T10:00:22,100.0,86.9,B
2021-07-23T10:00:22,2900.0,86.8,S
2021-07-23T10:00:21,12900.0,86.9,B
2021-07-23T10:00:21,100.0,86.9,B
2021-07-23T10:00:21,17000.0,86.9,B
2021-07-23T10:00:10,100.0,86.9,B
2021-07-23T10:00:10,1000.0,86.9,B
2021-07-23T09:59:42,100.0,86.9,B
2021-07-23T09:58:55,200.0,86.8,S
2021-07-23T09:58:53,1900.0,86.8,S
2021-07-23T09:58:53,400.0,86.8,S
2021-07-23T09:58:52,600.0,86.8,S
2021-07-23T09:58:51,2100.0,86.8,S
2021-07-23T09:58:45,1400.0,86.8,S
2021-07-23T09:57:55,100.0,86.8,S
2021-07-23T09:57:55,3400.0,86.8,S
2021-07-23T09:57:38,500.0,86.8,S
2021-07-23T09:57:31,5000.0,86.8,S
2021-07-23T09:57:31,2700.0,86.8,S
2021-07-23T09:57:09,100.0,86.9,B
2021-07-23T09:57:01,100.0,86.9,B
2021-07-23T09:56:59,1300.0,86.9,B
2021-07-23T09:56:59,700.0,86.9,B
2021-07-23T09:56:59,10300.0,86.9,B
2021-07-23T09:56:57,600.0,86.8,S
2021-07-23T09:56:54,5000.0,86.8,S
2021-07-23T09:56:26,100.0,86.8,S
2021-07-23T09:56:11,900.0,86.8,B
2021-07-23T09:56:11,2000.0,86.8,B
2021-07-23T09:56:11,3600.0,86.8,B
2021-07-23T09:56:06,100.0,86.8,B
2021-07-23T09:56:05,1200.0,86.8,B
2021-07-23T09:56:04,2200.0,86.8,B
2021-07-23T09:56:04,1100.0,86.8,B
2021-07-23T09:56:04,6700.0,86.8,B
2021-07-23T09:55:03,200.0,86.8,B
2021-07-23T09:54:09,200.0,86.7,S
2021-07-23T09:53:14,200.0,86.7,S
2021-07-23T09:52:29,2000.0,86.6,S
2021-07-23T09:52:29,100.0,86.6,S
2021-07-23T09:52:27,2900.0,86.6,S
2021-07-23T09:52:16,200.0,86.6,S
2021-07-23T09:52:16,900.0,86.6,S
2021-07-23T09:52:16,1800.0,86.7,S
2021-07-23T09:52:11,1000.0,86.7,S
2021-07-23T09:52:06,400.0,86.7,S
2021-07-23T09:52:06,300.0,86.7,S
2021-07-23T09:52:06,2200.0,86.7,S
2021-07-23T09:52:03,1400.0,86.7,S
2021-07-23T09:51:56,1200.0,86.7,S
2021-07-23T09:51:56,2900.0,86.7,S
2021-07-23T09:51:46,1000.0,86.7,S
2021-07-23T09:51:45,2900.0,86.7,S
2021-07-23T09:51:35,2900.0,86.7,S
2021-07-23T09:51:28,400.0,86.8,B
2021-07-23T09:51:28,200.0,86.8,B
2021-07-23T09:51:28,5000.0,86.8,B
2021-07-23T09:51:05,2100.0,86.7,S
2021-07-23T09:50:32,300.0,86.7,S
2021-07-23T09:50:23,800.0,86.8,B
2021-07-23T09:50:21,7000.0,86.8,B
2021-07-23T09:50:12,500.0,86.7,S
2021-07-23T09:49:47,600.0,86.8,B
2021-07-23T09:49:43,2100.0,86.7,S
2021-07-23T09:49:35,100.0,86.8,B
2021-07-23T09:49:33,200.0,86.8,B
2021-07-23T09:49:29,100.0,86.7,S
2021-07-23T09:49:24,800.0,86.7,S
2021-07-23T09:49:20,100.0,86.7,S
2021-07-23T09:49:20,100.0,86.8,B
2021-07-23T09:49:20,200.0,86.8,B
2021-07-23T09:49:20,800.0,86.7,S
2021-07-23T09:49:17,100.0,86.8,B
2021-07-23T09:49:16,800.0,86.7,S
2021-07-23T09:49:15,1000.0,86.8,B
2021-07-23T09:49:13,400.0,86.8,B
2021-07-23T09:49:12,2900.0,86.7,S
2021-07-23T09:49:10,800.0,86.7,S
2021-07-23T09:49:08,200.0,86.8,S
2021-07-23T09:49:06,600.0,86.8,B
2021-07-23T09:49:06,6000.0,86.8,B
2021-07-23T09:49:05,800.0,86.7,S
2021-07-23T09:49:02,2900.0,86.7,S
2021-07-23T09:49:00,400.0,86.7,S
2021-07-23T09:48:59,900.0,86.7,S
2021-07-23T09:48:54,400.0,86.7,S
2021-07-23T09:48:49,400.0,86.8,B
2021-07-23T09:48:48,4100.0,86.8,S
2021-07-23T09:48:46,200.0,86.8,S
2021-07-23T09:48:43,1700.0,86.8,S
2021-07-23T09:48:43,1200.0,86.8,S
2021-07-23T09:48:43,100.0,86.8,S
2021-07-23T09:48:41,800.0,86.8,S
2021-07-23T09:48:26,500.0,86.8,S
2021-07-23T09:48:14,100.0,86.8,S
2021-07-23T09:48:09,900.0,86.8,S
2021-07-23T09:48:09,1100.0,86.8,S
2021-07-23T09:47:45,500.0,86.8,S
2021-07-23T09:46:46,500.0,86.8,B
2021-07-23T09:46:42,100.0,86.8,B
2021-07-23T09:46:38,100.0,86.8,B
2021-07-23T09:46:27,200.0,86.8,B
2021-07-23T09:46:18,200.0,86.7,S
2021-07-23T09:46:17,100.0,86.8,B
2021-07-23T09:45:57,100.0,86.8,S
2021-07-23T09:45:52,800.0,86.8,S
2021-07-23T09:45:37,100.0,86.8,B
2021-07-23T09:45:23,100.0,86.8,B
2021-07-23T09:45:22,1000.0,86.8,B
2021-07-23T09:45:08,400.0,86.7,S
2021-07-23T09:45:07,200.0,86.8,B
2021-07-23T09:45:05,2000.0,86.8,B
2021-07-23T09:44:49,600.0,86.8,B
2021-07-23T09:44:31,400.0,86.7,S
2021-07-23T09:44:30,500.0,86.7,S
2021-07-23T09:44:01,500.0,86.8,B
2021-07-23T09:43:20,100.0,86.8,B
2021-07-23T09:43:18,100.0,86.8,B
2021-07-23T09:43:18,200.0,86.8,B
2021-07-23T09:43:18,800.0,86.7,S
2021-07-23T09:43:17,3000.0,86.8,B
2021-07-23T09:42:50,100.0,86.7,S
2021-07-23T09:42:35,100.0,86.7,S
2021-07-23T09:42:08,900.0,86.7,S
2021-07-23T09:42:03,3000.0,86.7,S
2021-07-23T09:42:03,300.0,86.7,S
2021-07-23T09:41:49,2100.0,86.7,S
2021-07-23T09:41:41,100.0,86.7,S
2021-07-23T09:41:37,200.0,86.8,B
2021-07-23T09:41:28,2100.0,86.7,S
2021-07-23T09:41:11,2100.0,86.7,S
2021-07-23T09:41:05,100.0,86.8,S
2021-07-23T09:40:58,500.0,86.8,S
2021-07-23T09:40:46,100.0,86.9,B
2021-07-23T09:40:46,100.0,86.9,B
2021-07-23T09:40:46,100.0,86.9,B
2021-07-23T09:40:46,900.0,86.9,B
2021-07-23T09:40:45,100.0,86.9,B
2021-07-23T09:40:45,100.0,86.6,S
2021-07-23T09:40:45,1900.0,86.6,S
2021-07-23T09:40:42,400.0,86.6,S
2021-07-23T09:40:42,1700.0,86.6,S
2021-07-23T09:40:33,1900.0,86.6,S
2021-07-23T09:40:33,200.0,86.8,S
2021-07-23T09:40:30,500.0,86.8,S
2021-07-23T09:40:15,200.0,86.8,B
2021-07-23T09:40:02,2100.0,86.6,S
2021-07-23T09:39:39,1200.0,86.6,S
2021-07-23T09:39:39,900.0,86.7,S
2021-07-23T09:39:27,1700.0,86.7,S
2021-07-23T09:39:27,400.0,86.7,S
2021-07-23T09:39:22,1000.0,86.7,S
2021-07-23T09:39:21,11100.0,86.7,S
2021-07-23T09:39:21,400.0,86.7,S
2021-07-23T09:39:21,5500.0,86.7,S
2021-07-23T09:39:21,3000.0,86.7,S
2021-07-23T09:39:06,1000.0,86.7,S
2021-07-23T09:38:50,1600.0,86.7,S
2021-07-23T09:38:50,500.0,86.7,S
2021-07-23T09:38:40,2100.0,86.7,S
2021-07-23T09:38:30,7400.0,86.7,S
2021-07-23T09:38:30,10400.0,86.7,S
2021-07-23T09:38:30,800.0,86.8,S
2021-07-23T09:38:30,2400.0,86.8,S
2021-07-23T09:38:18,200.0,86.8,S
2021-07-23T09:38:12,2000.0,86.8,S
2021-07-23T09:38:03,5400.0,86.8,S
2021-07-23T09:37:37,5400.0,86.7,S
2021-07-23T09:37:34,1900.0,86.8,B
2021-07-23T09:37:32,100.0,86.8,B
2021-07-23T09:37:11,5400.0,86.7,S
2021-07-23T09:37:07,300.0,86.8,B
2021-07-23T09:37:00,900.0,86.7,S
2021-07-23T09:37:00,300.0,86.7,S
2021-07-23T09:36:51,5400.0,86.7,S
2021-07-23T09:36:46,700.0,86.8,S
2021-07-23T09:36:38,100.0,86.8,S
2021-07-23T09:36:38,800.0,86.8,S
2021-07-23T09:36:33,100.0,86.8,S
2021-07-23T09:36:33,600.0,86.7,S
2021-07-23T09:36:33,300.0,86.7,S
2021-07-23T09:36:33,4500.0,86.7,S
2021-07-23T09:36:33,100.0,86.8,S
2021-07-23T09:36:30,1000.0,86.8,S
2021-07-23T09:36:27,900.0,86.8,S
2021-07-23T09:36:23,3600.0,86.8,B
2021-07-23T09:36:20,5400.0,86.7,S
2021-07-23T09:36:19,100.0,86.8,B
2021-07-23T09:36:13,1000.0,86.8,B
2021-07-23T09:36:03,500.0,86.8,B
2021-07-23T09:35:59,100.0,86.8,B
2021-07-23T09:35:58,1100.0,86.7,S
2021-07-23T09:35:58,4300.0,86.7,S
2021-07-23T09:35:56,800.0,86.7,S
2021-07-23T09:35:49,400.0,86.7,S
2021-07-23T09:35:48,600.0,86.8,B
2021-07-23T09:35:46,1400.0,86.7,S
2021-07-23T09:35:46,400.0,86.7,S
2021-07-23T09:35:46,700.0,86.8,B
2021-07-23T09:35:45,400.0,86.7,S
2021-07-23T09:35:44,100.0,86.8,B
2021-07-23T09:35:44,1500.0,86.7,S
2021-07-23T09:35:44,700.0,86.7,S
2021-07-23T09:35:44,3200.0,86.7,S
2021-07-23T09:35:37,1200.0,86.8,S
2021-07-23T09:35:37,1000.0,86.8,S
2021-07-23T09:35:37,1100.0,86.8,S
2021-07-23T09:35:37,300.0,86.8,S
2021-07-23T09:35:37,1400.0,86.8,S
2021-07-23T09:35:37,1400.0,86.8,S
2021-07-23T09:35:36,400.0,86.8,S
2021-07-23T09:35:30,1100.0,86.8,S
2021-07-23T09:35:28,5400.0,86.8,S
2021-07-23T09:35:28,3800.0,86.8,S
2021-07-23T09:35:23,400.0,86.8,S
2021-07-23T09:35:22,1300.0,86.8,S
2021-07-23T09:35:17,400.0,86.8,S
2021-07-23T09:35:17,4900.0,86.8,S
2021-07-23T09:35:16,500.0,86.8,S
2021-07-23T09:35:16,1200.0,86.8,S
2021-07-23T09:35:11,400.0,86.8,S
2021-07-23T09:35:07,1200.0,86.8,S
2021-07-23T09:35:07,400.0,86.8,S
2021-07-23T09:35:04,3800.0,86.8,S
2021-07-23T09:34:59,900.0,86.8,S
2021-07-23T09:34:58,400.0,86.8,S
2021-07-23T09:34:53,5400.0,86.8,S
2021-07-23T09:34:52,1200.0,86.8,S
2021-07-23T09:34:52,100.0,86.8,S
2021-07-23T09:34:50,400.0,86.8,S
2021-07-23T09:34:40,200.0,86.8,S
2021-07-23T09:34:33,5400.0,86.8,S
2021-07-23T09:34:32,100.0,86.8,S
2021-07-23T09:34:17,5400.0,86.8,S
2021-07-23T09:33:57,5400.0,86.8,S
2021-07-23T09:33:36,5400.0,86.8,S
2021-07-23T09:33:34,900.0,86.8,S
2021-07-23T09:33:21,100.0,87.0,B
2021-07-23T09:33:18,1400.0,86.8,S
2021-07-23T09:33:16,500.0,86.8,S
2021-07-23T09:33:16,4900.0,86.8,S
2021-07-23T09:33:07,100.0,86.8,S
2021-07-23T09:33:00,3800.0,86.7,S
2021-07-23T09:32:58,900.0,86.7,S
2021-07-23T09:32:56,5400.0,86.7,S
2021-07-23T09:32:50,1300.0,86.8,S
2021-07-23T09:32:42,900.0,86.8,S
2021-07-23T09:32:31,500.0,86.8,S
2021-07-23T09:32:31,200.0,86.8,S
2021-07-23T09:32:31,4700.0,86.8,S
2021-07-23T09:32:29,800.0,86.8,S
2021-07-23T09:32:29,100.0,86.8,S
2021-07-23T09:32:28,100.0,87.0,B
2021-07-23T09:32:28,100.0,87.0,B
2021-07-23T09:32:26,600.0,86.8,S
2021-07-23T09:32:26,100.0,86.8,S
2021-07-23T09:32:26,700.0,86.8,S
2021-07-23T09:32:26,2400.0,86.8,S
2021-07-23T09:32:22,1000.0,86.8,S
2021-07-23T09:32:19,5100.0,86.8,S
2021-07-23T09:32:19,300.0,86.8,S
2021-07-23T09:32:15,1300.0,86.8,S
2021-07-23T09:32:15,100.0,86.9,S
2021-07-23T09:31:55,3000.0,86.8,S
2021-07-23T09:31:55,2400.0,86.8,S
2021-07-23T09:31:48,100.0,86.9,S
2021-07-23T09:31:17,5400.0,86.8,S
2021-07-23T09:31:05,300.0,87.0,B
2021-07-23T09:31:04,3000.0,87.0,B
2021-07-23T09:31:01,4700.0,86.8,S
2021-07-23T09:31:01,700.0,86.9,S
2021-07-23T09:30:49,100.0,86.9,S
2021-07-23T09:29:32,4500.0,86.8,S
2021-07-23T09:29:32,900.0,86.8,S
2021-07-23T09:28:56,1000.0,86.8,S
2021-07-23T09:28:56,1000.0,86.8,S
2021-07-23T09:28:56,500.0,86.8,S
2021-07-23T09:28:56,2900.0,86.8,S
2021-07-23T09:28:54,100.0,87.0,S
2021-07-23T09:28:45,100.0,87.1,B
2021-07-23T09:28:44,1000.0,87.1,B
2021-07-23T09:28:41,300.0,87.0,S
2021-07-23T09:28:31,100.0,87.0,S
2021-07-23T09:28:31,1100.0,87.0,B
2021-07-23T09:28:17,3900.0,86.8,S
2021-07-23T09:28:17,300.0,86.8,S
2021-07-23T09:28:17,1200.0,86.9,S
2021-07-23T09:27:52,300.0,86.8,S
2021-07-23T09:27:52,2100.0,86.8,S
2021-07-23T09:27:52,700.0,86.8,S
2021-07-23T09:27:52,200.0,86.8,S
2021-07-23T09:27:52,1400.0,86.8,S
2021-07-23T09:27:52,700.0,87.0,S
2021-07-23T09:27:37,200.0,87.0,S
2021-07-23T09:27:22,5400.0,86.8,S
2021-07-23T09:27:18,200.0,87.0,S
2021-07-23T09:27:12,100.0,87.0,S
2021-07-23T09:27:12,100.0,87.1,B
2021-07-23T09:27:12,400.0,87.1,B
2021-07-23T09:27:03,500.0,87.0,B
2021-07-23T09:27:03,500.0,87.0,B
2021-07-23T09:27:01,100.0,87.0,B
2021-07-23T09:26:59,1000.0,87.0,B
2021-07-23T09:26:52,5400.0,86.8,S
2021-07-23T09:26:48,100.0,87.0,B
2021-07-23T09:26:46,1000.0,87.0,B
2021-07-23T09:26:30,500.0,87.0,B
2021-07-23T09:26:25,5400.0,86.8,S
2021-07-23T09:26:21,300.0,87.0,B
2021-07-23T09:26:20,900.0,87.0,B
2021-07-23T09:26:20,2100.0,87.0,B
2021-07-23T09:26:19,500.0,86.8,S
2021-07-23T09:26:19,300.0,86.8,S
2021-07-23T09:26:19,500.0,86.8,S
2021-07-23T09:26:18,100.0,86.8,S
2021-07-23T09:26:18,1000.0,87.0,B
2021-07-23T09:26:16,200.0,87.0,B
2021-07-23T09:26:16,2000.0,87.0,B
2021-07-23T09:26:00,1200.0,86.8,S
2021-07-23T09:25:56,500.0,87.0,B
2021-07-23T09:25:54,5700.0,87.0,B
2021-07-23T09:25:54,2900.0,86.8,S
2021-07-23T09:25:52,2600.0,86.8,S
2021-07-23T09:25:52,100.0,86.8,S
2021-07-23T09:25:52,2700.0,86.9,S
2021-07-23T09:25:49,200.0,86.9,S
2021-07-23T09:25:43,1400.0,86.8,S
2021-07-23T09:25:42,600.0,86.8,S
2021-07-23T09:25:42,2300.0,86.8,S
2021-07-23T09:25:38,100.0,87.0,B
2021-07-23T09:25:38,200.0,86.9,B
2021-07-23T09:25:36,2000.0,86.9,B
2021-07-23T09:25:35,1300.0,86.8,S
2021-07-23T09:25:32,2900.0,86.8,S
2021-07-23T09:25:28,1200.0,86.8,S
2021-07-23T09:25:24,500.0,86.8,S
2021-07-23T09:25:22,2100.0,86.8,S
2021-07-23T09:25:19,5200.0,86.8,B
2021-07-23T09:25:19,2200.0,86.8,B
2021-07-23T09:25:17,12300.0,86.8,B
2021-07-23T09:25:16,1100.0,86.7,S
2021-07-23T09:25:11,100.0,86.8,B
2021-07-23T09:25:09,500.0,86.8,B
2021-07-23T09:25:09,1000.0,86.7,S
2021-07-23T09:25:07,200.0,86.8,B
2021-07-23T09:25:06,2400.0,86.8,B
2021-07-23T09:24:55,600.0,86.8,B
2021-07-23T09:24:52,100.0,86.7,S
2021-07-23T09:24:51,1400.0,86.7,S
2021-07-23T09:24:45,900.0,86.7,S
2021-07-23T09:24:37,2100.0,86.7,S
2021-07-23T09:24:35,1100.0,86.7,S
2021-07-23T09:24:24,1000.0,86.7,S
2021-07-23T09:24:23,800.0,86.8,B
2021-07-23T09:24:11,2100.0,86.7,S
2021-07-23T09:24:03,100.0,86.7,S
2021-07-23T09:23:59,200.0,86.7,S
2021-07-23T09:23:57,1200.0,86.7,S
2021-07-23T09:23:51,300.0,86.7,B
2021-07-23T09:23:42,2100.0,86.6,S
2021-07-23T09:23:32,2000.0,86.6,S
2021-07-23T09:23:32,2300.0,86.6,S
2021-07-23T09:23:19,300.0,86.7,B
2021-07-23T09:23:18,1900.0,86.7,B
2021-07-23T09:23:18,800.0,86.7,B
2021-07-23T09:23:18,200.0,86.7,B
2021-07-23T09:23:18,100.0,86.7,B
2021-07-23T09:23:13,100.0,86.7,B
2021-07-23T09:23:03,100.0,86.6,S
2021-07-23T09:22:51,500.0,86.6,B
2021-07-23T09:22:27,200.0,86.6,B
2021-07-23T09:22:26,100.0,86.6,B
2021-07-23T09:22:25,1000.0,86.6,B
2021-07-23T09:21:57,200.0,86.6,S
2021-07-23T09:21:40,100.0,86.6,S
2021-07-23T09:21:39,700.0,86.6,S
2021-07-23T09:21:26,2500.0,86.5,S
2021-07-23T09:21:26,6000.0,86.5,S
2021-07-23T09:21:26,1500.0,86.5,S
2021-07-23T09:21:15,200.0,86.6,B
2021-07-23T09:21:12,2000.0,86.5,S
2021-07-23T09:20:44,500.0,86.6,B
2021-07-23T09:20:31,500.0,86.6,S
2021-07-23T09:20:26,300.0,86.7,B
2021-07-23T09:20:12,100.0,86.6,S
2021-07-23T09:20:09,100.0,86.6,S
2021-07-23T09:20:05,1000.0,86.6,S
2021-07-23T09:19:48,1000.0,86.6,S
2021-07-23T09:19:46,400.0,86.8,B
2021-07-23T09:19:45,2500.0,86.8,B
2021-07-23T09:19:45,200.0,86.8,B
2021-07-23T09:19:45,1200.0,86.6,B
2021-07-23T09:19:45,300.0,86.6,B
2021-07-23T09:19:23,200.0,86.6,B
2021-07-23T09:19:22,2000.0,86.6,S
2021-07-23T09:19:09,100.0,86.6,B
2021-07-23T09:19:04,700.0,86.8,B
2021-07-23T09:19:03,1100.0,86.8,B
2021-07-23T09:19:03,400.0,86.8,B
2021-07-23T09:19:03,1500.0,86.7,B
2021-07-23T09:19:03,1000.0,86.7,B
2021-07-23T09:19:03,1300.0,86.7,B
2021-07-23T09:19:03,1300.0,86.7,B
2021-07-23T09:19:03,500.0,86.6,B
2021-07-23T09:19:02,1000.0,86.5,S
2021-07-23T09:19:01,100.0,86.6,B
2021-07-23T09:19:00,1000.0,86.6,B
2021-07-23T09:18:52,100.0,86.6,B
2021-07-23T09:18:52,100.0,86.6,B
2021-07-23T09:18:51,2000.0,86.6,B
2021-07-23T09:18:42,500.0,86.5,S
2021-07-23T09:18:42,500.0,86.5,S
2021-07-23T09:18:33,200.0,86.6,B
2021-07-23T09:18:33,2800.0,86.6,S
2021-07-23T09:18:12,500.0,86.7,B
2021-07-23T09:18:11,600.0,86.7,B
2021-07-23T09:18:11,800.0,86.6,S
2021-07-23T09:18:11,4200.0,86.6,S
2021-07-23T09:18:09,6300.0,86.7,B
2021-07-23T09:17:50,800.0,86.6,S
2021-07-23T09:17:50,300.0,86.6,S
2021-07-23T09:17:15,700.0,86.7,S
2021-07-23T09:17:12,600.0,86.7,S
2021-07-23T09:17:11,100.0,86.7,S
2021-07-23T09:17:08,1800.0,86.7,S
2021-07-23T09:17:06,400.0,86.7,S
2021-07-23T09:16:59,100.0,86.7,S
2021-07-23T09:16:50,300.0,86.7,S
2021-07-23T09:16:41,100.0,86.7,S
2021-07-23T09:16:33,100.0,86.8,B
2021-07-23T09:16:32,1100.0,86.8,B
2021-07-23T09:16:28,1200.0,86.7,S
2021-07-23T09:16:25,100.0,86.7,S
2021-07-23T09:16:21,300.0,86.8,B
2021-07-23T09:16:20,2900.0,86.8,B
2021-07-23T09:15:53,200.0,86.8,B
2021-07-23T09:15:51,2200.0,86.8,B
2021-07-23T09:15:51,2200.0,86.8,S
2021-07-23T09:15:48,100.0,86.8,S
2021-07-23T09:15:46,100.0,86.8,S
2021-07-23T09:15:43,500.0,86.8,S
2021-07-23T09:15:39,400.0,86.8,S
2021-07-23T09:15:02,600.0,86.8,B
2021-07-23T09:15:02,900.0,86.8,B
2021-07-23T09:15:02,600.0,86.8,B
2021-07-23T09:15:02,500.0,86.8,B
