tradingTime,volume,price,side
2021-07-23T11:29:58,1200.0,60.1,S
2021-07-23T11:29:58,3300.0,60.1,S
2021-07-23T11:29:58,7500.0,60.1,S
2021-07-23T11:29:58,2000.0,60.1,S
2021-07-23T11:29:58,600.0,60.1,S
2021-07-23T11:29:58,14800.0,60.1,S
2021-07-23T11:29:42,9100.0,60.2,B
2021-07-23T11:29:25,1300.0,60.1,S
2021-07-23T11:29:25,1700.0,60.1,S
2021-07-23T11:29:23,300.0,60.2,B
2021-07-23T11:29:15,30000.0,60.2,B
2021-07-23T11:29:08,1000.0,60.2,B
2021-07-23T11:29:07,100.0,60.1,S
2021-07-23T11:29:06,2000.0,60.1,S
2021-07-23T11:29:03,2000.0,60.1,S
2021-07-23T11:28:52,100.0,60.2,B
2021-07-23T11:28:50,30000.0,60.1,S
2021-07-23T11:28:48,1000.0,60.2,B
2021-07-23T11:28:41,100.0,60.2,B
2021-07-23T11:28:31,5000.0,60.2,B
2021-07-23T11:28:24,100.0,60.2,B
2021-07-23T11:27:58,1000.0,60.2,B
2021-07-23T11:27:35,500.0,60.2,B
2021-07-23T11:27:35,1000.0,60.1,S
2021-07-23T11:27:26,2000.0,60.1,S
2021-07-23T11:26:57,10000.0,60.1,S
2021-07-23T11:26:35,100.0,60.2,B
2021-07-23T11:26:24,1000.0,60.2,B
2021-07-23T11:26:14,100.0,60.2,B
2021-07-23T11:25:54,200.0,60.2,B
2021-07-23T11:25:34,1500.0,60.2,B
2021-07-23T11:24:51,800.0,60.2,S
2021-07-23T11:24:18,1200.0,60.2,S
2021-07-23T11:24:02,2800.0,60.1,S
2021-07-23T11:23:48,300.0,60.1,S
2021-07-23T11:23:48,700.0,60.1,S
2021-07-23T11:23:48,1000.0,60.2,S
2021-07-23T11:23:38,1100.0,60.1,S
2021-07-23T11:23:35,700.0,60.2,B
2021-07-23T11:23:33,300.0,60.1,S
2021-07-23T11:23:28,900.0,60.1,S
2021-07-23T11:23:27,200.0,60.1,S
2021-07-23T11:23:27,500.0,60.1,S
2021-07-23T11:23:24,100.0,60.1,S
2021-07-23T11:23:24,800.0,60.1,S
2021-07-23T11:23:19,900.0,60.1,S
2021-07-23T11:23:15,900.0,60.1,S
2021-07-23T11:23:09,900.0,60.1,S
2021-07-23T11:23:04,900.0,60.1,S
2021-07-23T11:23:00,300.0,60.2,B
2021-07-23T11:22:59,900.0,60.1,S
2021-07-23T11:22:55,100.0,60.2,B
2021-07-23T11:22:44,300.0,60.1,S
2021-07-23T11:22:40,900.0,60.1,S
2021-07-23T11:22:36,900.0,60.1,S
2021-07-23T11:22:36,200.0,60.2,B
2021-07-23T11:22:32,900.0,60.1,S
2021-07-23T11:22:28,900.0,60.1,S
2021-07-23T11:22:26,100.0,60.2,B
2021-07-23T11:22:22,900.0,60.1,S
2021-07-23T11:22:22,1600.0,60.1,S
2021-07-23T11:22:22,900.0,60.1,S
2021-07-23T11:22:22,600.0,60.1,S
2021-07-23T11:22:22,1200.0,60.1,S
2021-07-23T11:22:22,1100.0,60.1,S
2021-07-23T11:22:22,2000.0,60.1,S
2021-07-23T11:22:22,5200.0,60.1,S
2021-07-23T11:22:22,1000.0,60.1,S
2021-07-23T11:22:22,9700.0,60.1,S
2021-07-23T11:22:19,2100.0,60.1,S
2021-07-23T11:22:18,500.0,60.2,B
2021-07-23T11:22:18,900.0,60.1,S
2021-07-23T11:22:13,2000.0,60.1,S
2021-07-23T11:22:12,900.0,60.1,S
2021-07-23T11:22:09,5000.0,60.1,S
2021-07-23T11:22:03,1900.0,60.1,S
2021-07-23T11:21:55,20000.0,60.2,B
2021-07-23T11:21:41,200.0,60.2,B
2021-07-23T11:21:25,100.0,60.2,B
2021-07-23T11:21:18,200.0,60.2,B
2021-07-23T11:21:08,500.0,60.2,B
2021-07-23T11:21:02,1000.0,60.2,B
2021-07-23T11:21:02,1600.0,60.1,S
2021-07-23T11:20:58,5100.0,60.2,S
2021-07-23T11:20:58,2600.0,60.2,S
2021-07-23T11:20:58,2100.0,60.2,S
2021-07-23T11:20:58,20000.0,60.2,S
2021-07-23T11:20:58,200.0,60.2,S
2021-07-23T11:20:58,8000.0,60.2,S
2021-07-23T11:20:58,1000.0,60.2,S
2021-07-23T11:20:58,100.0,60.2,S
2021-07-23T11:20:58,100.0,60.2,S
2021-07-23T11:20:58,2200.0,60.2,S
2021-07-23T11:20:58,600.0,60.2,S
2021-07-23T11:20:58,1100.0,60.2,S
2021-07-23T11:20:58,600.0,60.2,S
2021-07-23T11:20:58,5000.0,60.2,S
2021-07-23T11:20:58,300.0,60.2,S
2021-07-23T11:20:58,2100.0,60.2,S
2021-07-23T11:20:58,400.0,60.2,S
2021-07-23T11:20:58,1100.0,60.2,S
2021-07-23T11:20:58,400.0,60.2,S
2021-07-23T11:20:58,13300.0,60.2,S
2021-07-23T11:20:58,600.0,60.2,S
2021-07-23T11:20:58,300.0,60.2,S
2021-07-23T11:20:58,1600.0,60.2,S
2021-07-23T11:20:58,3000.0,60.2,S
2021-07-23T11:20:58,600.0,60.2,S
2021-07-23T11:20:58,1800.0,60.2,S
2021-07-23T11:20:58,100.0,60.2,S
2021-07-23T11:20:58,11600.0,60.2,S
2021-07-23T11:20:58,700.0,60.2,S
2021-07-23T11:20:58,8300.0,60.2,S
2021-07-23T11:20:58,600.0,60.2,S
2021-07-23T11:20:58,200.0,60.2,S
2021-07-23T11:20:58,500.0,60.2,S
2021-07-23T11:20:58,4900.0,60.2,S
2021-07-23T11:20:58,5300.0,60.2,S
2021-07-23T11:20:58,5000.0,60.2,S
2021-07-23T11:20:58,1200.0,60.2,S
2021-07-23T11:20:58,1800.0,60.2,S
2021-07-23T11:20:58,100.0,60.2,S
2021-07-23T11:20:58,2300.0,60.2,S
2021-07-23T11:20:58,1300.0,60.2,S
2021-07-23T11:20:58,200.0,60.2,S
2021-07-23T11:20:58,600.0,60.2,S
2021-07-23T11:20:58,1300.0,60.2,S
2021-07-23T11:20:58,500.0,60.2,S
2021-07-23T11:20:58,2700.0,60.2,S
2021-07-23T11:20:58,1000.0,60.2,S
2021-07-23T11:20:58,2000.0,60.2,S
2021-07-23T11:20:58,700.0,60.2,S
2021-07-23T11:20:58,10100.0,60.2,S
2021-07-23T11:20:58,8200.0,60.2,S
2021-07-23T11:20:58,2900.0,60.2,S
2021-07-23T11:20:58,200.0,60.2,S
2021-07-23T11:20:58,17400.0,60.2,S
2021-07-23T11:20:58,1400.0,60.2,S
2021-07-23T11:20:58,500.0,60.2,S
2021-07-23T11:20:58,8900.0,60.2,S
2021-07-23T11:20:51,1700.0,60.2,S
2021-07-23T11:20:51,5000.0,60.3,B
2021-07-23T11:20:44,1400.0,60.2,S
2021-07-23T11:20:43,100.0,60.2,S
2021-07-23T11:20:40,1300.0,60.2,S
2021-07-23T11:20:35,1300.0,60.2,S
2021-07-23T11:20:35,1400.0,60.2,S
2021-07-23T11:20:35,400.0,60.2,S
2021-07-23T11:20:30,1300.0,60.2,S
2021-07-23T11:20:27,1900.0,60.2,S
2021-07-23T11:20:25,1300.0,60.2,S
2021-07-23T11:20:22,2700.0,60.3,S
2021-07-23T11:20:22,1300.0,60.3,S
2021-07-23T11:20:22,1100.0,60.3,S
2021-07-23T11:20:22,800.0,60.3,S
2021-07-23T11:20:22,4200.0,60.3,S
2021-07-23T11:20:22,1000.0,60.3,S
2021-07-23T11:20:22,1000.0,60.3,S
2021-07-23T11:20:22,1000.0,60.3,S
2021-07-23T11:20:22,500.0,60.3,S
2021-07-23T11:20:22,300.0,60.3,S
2021-07-23T11:20:22,3600.0,60.3,S
2021-07-23T11:20:22,1000.0,60.3,S
2021-07-23T11:20:22,1500.0,60.3,S
2021-07-23T11:20:22,3000.0,60.3,S
2021-07-23T11:20:22,1100.0,60.3,S
2021-07-23T11:20:22,17500.0,60.3,S
2021-07-23T11:20:21,2200.0,60.3,S
2021-07-23T11:20:19,1300.0,60.3,S
2021-07-23T11:20:11,1500.0,60.3,S
2021-07-23T11:20:04,1600.0,60.3,S
2021-07-23T11:20:01,600.0,60.3,S
2021-07-23T11:19:57,900.0,60.3,S
2021-07-23T11:19:56,2000.0,60.3,S
2021-07-23T11:19:53,900.0,60.4,S
2021-07-23T11:19:47,1300.0,60.4,S
2021-07-23T11:19:47,900.0,60.4,S
2021-07-23T11:19:44,900.0,60.4,S
2021-07-23T11:19:38,900.0,60.4,S
2021-07-23T11:19:32,900.0,60.4,S
2021-07-23T11:19:29,600.0,60.4,S
2021-07-23T11:19:29,100.0,60.4,S
2021-07-23T11:19:21,2200.0,60.4,S
2021-07-23T11:19:07,8400.0,60.4,B
2021-07-23T11:19:07,2900.0,60.4,B
2021-07-23T11:19:02,1100.0,60.3,S
2021-07-23T11:18:53,300.0,60.4,B
2021-07-23T11:18:53,1700.0,60.4,B
2021-07-23T11:18:03,200.0,60.3,S
2021-07-23T11:18:01,300.0,60.3,S
2021-07-23T11:17:56,900.0,60.3,S
2021-07-23T11:17:52,900.0,60.3,S
2021-07-23T11:17:46,900.0,60.3,S
2021-07-23T11:17:42,900.0,60.3,S
2021-07-23T11:17:39,900.0,60.3,S
2021-07-23T11:17:35,900.0,60.3,S
2021-07-23T11:17:30,900.0,60.3,S
2021-07-23T11:17:30,10000.0,60.3,S
2021-07-23T11:17:25,4500.0,60.3,S
2021-07-23T11:17:08,300.0,60.3,S
2021-07-23T11:17:04,900.0,60.3,S
2021-07-23T11:17:01,900.0,60.3,S
2021-07-23T11:16:57,900.0,60.3,S
2021-07-23T11:16:54,5000.0,60.3,S
2021-07-23T11:16:53,900.0,60.3,S
2021-07-23T11:16:51,1200.0,60.3,S
2021-07-23T11:16:49,900.0,60.3,S
2021-07-23T11:16:47,4500.0,60.3,S
2021-07-23T11:16:46,1900.0,60.3,S
2021-07-23T11:16:44,900.0,60.3,S
2021-07-23T11:16:41,900.0,60.3,S
2021-07-23T11:16:36,2000.0,60.3,S
2021-07-23T11:16:27,1500.0,60.3,S
2021-07-23T11:16:25,3100.0,60.3,S
2021-07-23T11:16:20,1600.0,60.3,S
2021-07-23T11:16:17,900.0,60.3,S
2021-07-23T11:16:17,10000.0,60.3,S
2021-07-23T11:16:14,900.0,60.3,S
2021-07-23T11:16:11,1800.0,60.3,S
2021-07-23T11:16:09,900.0,60.3,S
2021-07-23T11:16:05,5000.0,60.3,S
2021-07-23T11:16:05,900.0,60.3,S
2021-07-23T11:16:03,1100.0,60.3,S
2021-07-23T11:16:02,900.0,60.3,S
2021-07-23T11:15:57,900.0,60.3,S
2021-07-23T11:15:56,1600.0,60.3,S
2021-07-23T11:15:50,900.0,60.3,S
2021-07-23T11:15:47,1200.0,60.3,S
2021-07-23T11:15:41,2100.0,60.3,S
2021-07-23T11:15:36,300.0,60.3,S
2021-07-23T11:15:35,1400.0,60.3,S
2021-07-23T11:15:23,2100.0,60.3,S
2021-07-23T11:15:08,4500.0,60.3,S
2021-07-23T11:15:08,2200.0,60.3,S
2021-07-23T11:15:00,400.0,60.4,B
2021-07-23T11:14:56,100.0,60.4,B
2021-07-23T11:14:55,4500.0,60.3,S
2021-07-23T11:14:46,500.0,60.4,B
2021-07-23T11:14:36,2000.0,60.4,S
2021-07-23T11:14:10,200.0,60.4,S
2021-07-23T11:13:54,800.0,60.4,S
2021-07-23T11:13:47,200.0,60.4,S
2021-07-23T11:13:39,5900.0,60.4,B
2021-07-23T11:13:39,43100.0,60.4,B
2021-07-23T11:13:21,2100.0,60.3,S
2021-07-23T11:12:23,500.0,60.3,S
2021-07-23T11:11:45,1100.0,60.3,S
2021-07-23T11:11:05,1000.0,60.4,B
2021-07-23T11:10:25,600.0,60.4,B
2021-07-23T11:09:20,100.0,60.4,B
2021-07-23T11:09:09,800.0,60.3,S
2021-07-23T11:09:00,1500.0,60.3,S
2021-07-23T11:08:12,500.0,60.3,S
2021-07-23T11:08:11,1600.0,60.3,S
2021-07-23T11:08:04,1200.0,60.3,S
2021-07-23T11:07:55,2200.0,60.3,S
2021-07-23T11:07:51,700.0,60.3,S
2021-07-23T11:07:29,2100.0,60.3,S
2021-07-23T11:07:18,100.0,60.4,B
2021-07-23T11:07:08,1000.0,60.3,S
2021-07-23T11:07:00,1800.0,60.3,S
2021-07-23T11:06:44,1400.0,60.3,S
2021-07-23T11:06:40,500.0,60.3,S
2021-07-23T11:06:34,1600.0,60.3,S
2021-07-23T11:06:28,1500.0,60.3,S
2021-07-23T11:06:20,2000.0,60.3,S
2021-07-23T11:06:19,500.0,60.3,S
2021-07-23T11:06:13,1700.0,60.3,S
2021-07-23T11:06:05,1200.0,60.3,S
2021-07-23T11:05:57,1600.0,60.3,S
2021-07-23T11:05:50,500.0,60.3,S
2021-07-23T11:05:48,1500.0,60.3,S
2021-07-23T11:05:32,2200.0,60.3,S
2021-07-23T11:05:16,100.0,60.3,S
2021-07-23T11:05:09,1800.0,60.3,S
2021-07-23T11:05:04,2100.0,60.3,S
2021-07-23T11:04:59,2000.0,60.3,S
2021-07-23T11:04:55,1400.0,60.3,S
2021-07-23T11:04:53,1000.0,60.3,S
2021-07-23T11:04:46,1300.0,60.3,S
2021-07-23T11:04:40,1200.0,60.3,S
2021-07-23T11:04:26,1600.0,60.3,S
2021-07-23T11:04:21,1200.0,60.3,S
2021-07-23T11:04:15,1100.0,60.3,S
2021-07-23T11:04:07,10000.0,60.3,S
2021-07-23T11:04:07,200.0,60.3,S
2021-07-23T11:04:05,1200.0,60.3,S
2021-07-23T11:04:02,10800.0,60.3,S
2021-07-23T11:03:58,1400.0,60.3,S
2021-07-23T11:03:52,3000.0,60.4,B
2021-07-23T11:03:47,1100.0,60.3,S
2021-07-23T11:03:39,1200.0,60.3,S
2021-07-23T11:03:32,1800.0,60.3,S
2021-07-23T11:03:26,2100.0,60.3,S
2021-07-23T11:03:16,1200.0,60.3,S
2021-07-23T11:03:07,1400.0,60.3,S
2021-07-23T11:03:04,1700.0,60.3,S
2021-07-23T11:02:59,4000.0,60.3,S
2021-07-23T11:02:53,2200.0,60.3,S
2021-07-23T11:02:45,1500.0,60.3,S
2021-07-23T11:02:37,1600.0,60.3,S
2021-07-23T11:02:29,1200.0,60.3,S
2021-07-23T11:02:19,1500.0,60.3,S
2021-07-23T11:02:15,1600.0,60.3,S
2021-07-23T11:02:08,600.0,60.3,S
2021-07-23T11:02:07,2000.0,60.3,S
2021-07-23T11:01:59,200.0,60.3,S
2021-07-23T11:01:57,500.0,60.3,S
2021-07-23T11:01:57,1500.0,60.3,S
2021-07-23T11:01:54,500.0,60.3,S
2021-07-23T11:01:51,500.0,60.3,S
2021-07-23T11:01:51,1800.0,60.3,S
2021-07-23T11:01:48,400.0,60.3,S
2021-07-23T11:01:48,100.0,60.3,S
2021-07-23T11:01:45,500.0,60.3,S
2021-07-23T11:01:43,2100.0,60.3,S
2021-07-23T11:01:39,500.0,60.3,S
2021-07-23T11:01:34,500.0,60.3,S
2021-07-23T11:01:34,1400.0,60.3,S
2021-07-23T11:01:24,2200.0,60.3,S
2021-07-23T11:01:21,200.0,60.3,S
2021-07-23T11:01:18,500.0,60.3,S
2021-07-23T11:01:16,900.0,60.4,S
2021-07-23T11:01:14,500.0,60.4,S
2021-07-23T11:01:13,500.0,60.4,S
2021-07-23T11:01:10,500.0,60.4,S
2021-07-23T11:01:07,2000.0,60.4,S
2021-07-23T11:01:06,500.0,60.4,S
2021-07-23T11:01:01,500.0,60.4,S
2021-07-23T11:01:01,1900.0,60.4,S
2021-07-23T11:00:59,100.0,60.4,S
2021-07-23T11:00:59,400.0,60.4,S
2021-07-23T11:00:54,2000.0,60.4,S
2021-07-23T11:00:45,2100.0,60.4,S
2021-07-23T11:00:39,1000.0,60.4,S
2021-07-23T11:00:35,1800.0,60.4,S
2021-07-23T11:00:27,100.0,60.4,S
2021-07-23T11:00:27,1200.0,60.4,S
2021-07-23T11:00:26,400.0,60.4,S
2021-07-23T11:00:24,400.0,60.4,S
2021-07-23T11:00:21,400.0,60.4,S
2021-07-23T11:00:18,400.0,60.4,S
2021-07-23T11:00:14,400.0,60.4,S
2021-07-23T11:00:12,1000.0,60.4,S
2021-07-23T11:00:12,400.0,60.4,S
2021-07-23T11:00:09,400.0,60.4,S
2021-07-23T11:00:05,400.0,60.4,S
2021-07-23T11:00:01,400.0,60.4,S
2021-07-23T10:59:50,100.0,60.5,B
2021-07-23T10:59:50,20600.0,60.4,S
2021-07-23T10:59:50,500.0,60.4,S
2021-07-23T10:59:50,2500.0,60.4,S
2021-07-23T10:59:50,5800.0,60.4,S
2021-07-23T10:59:50,100.0,60.4,S
2021-07-23T10:59:50,500.0,60.4,S
2021-07-23T10:59:39,200.0,60.4,S
2021-07-23T10:59:36,400.0,60.4,S
2021-07-23T10:59:34,300.0,60.4,S
2021-07-23T10:59:34,100.0,60.4,S
2021-07-23T10:59:29,400.0,60.4,S
2021-07-23T10:59:26,400.0,60.4,S
2021-07-23T10:59:26,300.0,60.4,S
2021-07-23T10:59:26,700.0,60.4,S
2021-07-23T10:59:24,400.0,60.4,S
2021-07-23T10:59:21,400.0,60.4,S
2021-07-23T10:59:17,400.0,60.4,S
2021-07-23T10:59:13,300.0,60.4,S
2021-07-23T10:59:09,300.0,60.4,S
2021-07-23T10:59:02,100.0,60.4,S
2021-07-23T10:58:32,2000.0,60.4,S
2021-07-23T10:58:31,500.0,60.5,B
2021-07-23T10:58:27,1000.0,60.4,S
2021-07-23T10:57:52,500.0,60.5,B
2021-07-23T10:57:47,1100.0,60.4,S
2021-07-23T10:57:07,2000.0,60.4,S
2021-07-23T10:56:31,300.0,60.4,S
2021-07-23T10:56:28,300.0,60.4,S
2021-07-23T10:56:24,300.0,60.4,S
2021-07-23T10:56:23,1000.0,60.4,S
2021-07-23T10:56:19,100.0,60.4,S
2021-07-23T10:56:15,100.0,60.4,S
2021-07-23T10:56:12,100.0,60.4,S
2021-07-23T10:56:10,100.0,60.4,S
2021-07-23T10:56:05,100.0,60.4,S
2021-07-23T10:56:03,100.0,60.4,S
2021-07-23T10:55:56,100.0,60.4,S
2021-07-23T10:55:53,100.0,60.4,S
2021-07-23T10:55:49,100.0,60.4,S
2021-07-23T10:55:47,100.0,60.4,S
2021-07-23T10:55:44,100.0,60.4,S
2021-07-23T10:55:42,100.0,60.4,S
2021-07-23T10:55:37,100.0,60.4,S
2021-07-23T10:55:35,100.0,60.4,S
2021-07-23T10:55:34,100.0,60.4,S
2021-07-23T10:55:29,100.0,60.4,S
2021-07-23T10:55:21,100.0,60.4,S
2021-07-23T10:55:14,100.0,60.4,S
2021-07-23T10:55:14,2200.0,60.4,S
2021-07-23T10:55:14,100.0,60.4,S
2021-07-23T10:55:12,100.0,60.4,S
2021-07-23T10:55:09,100.0,60.4,S
2021-07-23T10:55:05,100.0,60.4,S
2021-07-23T10:55:03,100.0,60.4,S
2021-07-23T10:55:02,100.0,60.4,S
2021-07-23T10:54:56,100.0,60.4,S
2021-07-23T10:54:54,100.0,60.4,S
2021-07-23T10:54:50,100.0,60.4,S
2021-07-23T10:54:48,100.0,60.4,S
2021-07-23T10:54:40,100.0,60.4,S
2021-07-23T10:54:19,2300.0,60.4,S
2021-07-23T10:54:14,100.0,60.4,B
2021-07-23T10:54:09,100.0,60.4,B
2021-07-23T10:54:04,500.0,60.4,B
2021-07-23T10:54:03,100.0,60.4,B
2021-07-23T10:54:00,400.0,60.4,B
2021-07-23T10:53:51,2000.0,60.4,B
2021-07-23T10:53:46,300.0,60.4,B
2021-07-23T10:53:30,100.0,60.4,B
2021-07-23T10:53:09,1000.0,60.4,B
2021-07-23T10:53:01,500.0,60.3,S
2021-07-23T10:52:56,1000.0,60.4,B
2021-07-23T10:52:48,300.0,60.3,S
2021-07-23T10:52:47,6000.0,60.4,B
2021-07-23T10:52:40,500.0,60.3,S
2021-07-23T10:52:18,1000.0,60.3,S
2021-07-23T10:51:04,500.0,60.4,B
2021-07-23T10:50:41,2000.0,60.4,B
2021-07-23T10:50:24,100.0,60.3,S
2021-07-23T10:50:13,600.0,60.3,S
2021-07-23T10:50:08,600.0,60.3,S
2021-07-23T10:50:03,600.0,60.3,S
2021-07-23T10:49:58,500.0,60.3,S
2021-07-23T10:49:58,600.0,60.3,S
2021-07-23T10:49:53,7300.0,60.3,S
2021-07-23T10:49:50,100.0,60.2,S
2021-07-23T10:49:39,100.0,60.3,B
2021-07-23T10:49:37,600.0,60.2,S
2021-07-23T10:49:32,600.0,60.2,S
2021-07-23T10:49:32,500.0,60.3,B
2021-07-23T10:49:30,100.0,60.3,B
2021-07-23T10:49:29,1800.0,60.2,S
2021-07-23T10:49:27,600.0,60.2,S
2021-07-23T10:49:22,600.0,60.2,S
2021-07-23T10:49:16,600.0,60.2,S
2021-07-23T10:49:13,2000.0,60.3,B
2021-07-23T10:49:11,600.0,60.2,S
2021-07-23T10:49:08,500.0,60.3,S
2021-07-23T10:49:08,1300.0,60.3,S
2021-07-23T10:49:08,1200.0,60.3,S
2021-07-23T10:49:08,1000.0,60.3,S
2021-07-23T10:49:08,600.0,60.3,S
2021-07-23T10:49:08,200.0,60.3,S
2021-07-23T10:49:08,800.0,60.3,S
2021-07-23T10:49:08,500.0,60.3,S
2021-07-23T10:49:08,2000.0,60.3,S
2021-07-23T10:49:08,200.0,60.3,S
2021-07-23T10:49:08,100.0,60.3,S
2021-07-23T10:49:08,1100.0,60.3,S
2021-07-23T10:49:08,6100.0,60.3,S
2021-07-23T10:49:08,400.0,60.3,S
2021-07-23T10:49:08,200.0,60.3,S
2021-07-23T10:49:08,13300.0,60.3,S
2021-07-23T10:49:08,200.0,60.3,S
2021-07-23T10:49:08,67300.0,60.3,S
2021-07-23T10:49:07,600.0,60.3,S
2021-07-23T10:49:00,1200.0,60.3,S
2021-07-23T10:48:58,30000.0,60.3,S
2021-07-23T10:48:55,100.0,60.4,B
2021-07-23T10:48:55,1400.0,60.3,S
2021-07-23T10:48:51,1200.0,60.3,S
2021-07-23T10:48:49,2000.0,60.3,S
2021-07-23T10:48:46,1100.0,60.3,S
2021-07-23T10:48:39,1400.0,60.3,S
2021-07-23T10:48:38,4500.0,60.3,S
2021-07-23T10:48:30,2100.0,60.3,S
2021-07-23T10:48:28,1900.0,60.3,S
2021-07-23T10:48:22,800.0,60.3,S
2021-07-23T10:48:21,2000.0,60.3,S
2021-07-23T10:48:18,1300.0,60.3,S
2021-07-23T10:48:14,1300.0,60.3,S
2021-07-23T10:48:12,2100.0,60.3,S
2021-07-23T10:48:10,1300.0,60.3,S
2021-07-23T10:48:08,2000.0,60.4,S
2021-07-23T10:48:05,1300.0,60.4,S
2021-07-23T10:48:01,600.0,60.4,S
2021-07-23T10:47:18,100.0,60.5,B
2021-07-23T10:47:14,100.0,60.4,B
2021-07-23T10:47:09,2900.0,60.4,S
2021-07-23T10:47:06,7100.0,60.4,B
2021-07-23T10:46:47,200.0,60.4,B
2021-07-23T10:46:37,100.0,60.3,S
2021-07-23T10:46:37,10700.0,60.3,S
2021-07-23T10:46:36,500.0,60.4,B
2021-07-23T10:46:35,200.0,60.4,B
2021-07-23T10:46:24,10000.0,60.4,B
2021-07-23T10:46:17,100.0,60.4,B
2021-07-23T10:46:12,1400.0,60.3,S
2021-07-23T10:46:07,200.0,60.3,S
2021-07-23T10:46:04,700.0,60.3,S
2021-07-23T10:46:01,700.0,60.3,S
2021-07-23T10:45:57,700.0,60.3,S
2021-07-23T10:45:56,300.0,60.4,B
2021-07-23T10:45:53,1500.0,60.3,S
2021-07-23T10:45:52,700.0,60.3,S
2021-07-23T10:45:50,10800.0,60.3,S
2021-07-23T10:45:49,700.0,60.3,S
2021-07-23T10:45:45,100.0,60.3,S
2021-07-23T10:45:45,1200.0,60.3,S
2021-07-23T10:45:39,1800.0,60.3,S
2021-07-23T10:45:28,1100.0,60.3,S
2021-07-23T10:45:24,300.0,60.3,S
2021-07-23T10:45:24,13000.0,60.4,S
2021-07-23T10:45:24,6000.0,60.4,S
2021-07-23T10:45:24,1000.0,60.4,S
2021-07-23T10:45:24,1700.0,60.4,S
2021-07-23T10:45:24,1800.0,60.4,S
2021-07-23T10:45:24,400.0,60.4,S
2021-07-23T10:45:24,1100.0,60.4,S
2021-07-23T10:45:24,2200.0,60.4,S
2021-07-23T10:45:24,600.0,60.4,S
2021-07-23T10:45:24,9500.0,60.4,S
2021-07-23T10:45:23,1200.0,60.4,S
2021-07-23T10:45:22,300.0,60.4,S
2021-07-23T10:45:19,300.0,60.4,S
2021-07-23T10:45:17,13800.0,60.4,S
2021-07-23T10:45:17,36200.0,60.4,S
2021-07-23T10:45:16,300.0,60.4,S
2021-07-23T10:45:13,2200.0,60.4,S
2021-07-23T10:45:12,300.0,60.4,S
2021-07-23T10:45:08,300.0,60.4,S
2021-07-23T10:45:07,2000.0,60.4,S
2021-07-23T10:45:06,2100.0,60.4,S
2021-07-23T10:45:05,300.0,60.4,S
2021-07-23T10:45:02,32000.0,60.4,S
2021-07-23T10:45:01,300.0,60.4,S
2021-07-23T10:44:57,300.0,60.4,S
2021-07-23T10:44:57,1200.0,60.4,S
2021-07-23T10:44:56,10800.0,60.4,S
2021-07-23T10:44:54,4500.0,60.4,S
2021-07-23T10:44:53,300.0,60.4,S
2021-07-23T10:44:49,300.0,60.4,S
2021-07-23T10:44:47,1700.0,60.4,S
2021-07-23T10:44:45,300.0,60.4,S
2021-07-23T10:44:45,4500.0,60.4,S
2021-07-23T10:44:40,100.0,60.4,S
2021-07-23T10:44:39,1400.0,60.4,S
2021-07-23T10:44:32,1400.0,60.4,S
2021-07-23T10:44:26,1700.0,60.4,S
2021-07-23T10:44:17,600.0,60.4,S
2021-07-23T10:44:17,2200.0,60.4,S
2021-07-23T10:44:16,600.0,60.4,S
2021-07-23T10:44:09,1200.0,60.4,S
2021-07-23T10:44:03,600.0,60.4,S
2021-07-23T10:44:02,600.0,60.4,S
2021-07-23T10:44:00,600.0,60.4,S
2021-07-23T10:43:47,200.0,60.5,B
2021-07-23T10:43:46,600.0,60.4,S
2021-07-23T10:43:42,2100.0,60.4,S
2021-07-23T10:43:41,600.0,60.4,S
2021-07-23T10:43:37,600.0,60.4,S
2021-07-23T10:43:29,600.0,60.4,S
2021-07-23T10:43:25,600.0,60.4,S
2021-07-23T10:43:19,600.0,60.4,S
2021-07-23T10:43:14,1800.0,60.4,S
2021-07-23T10:43:02,1300.0,60.4,S
2021-07-23T10:42:57,2200.0,60.4,S
2021-07-23T10:42:54,500.0,60.4,S
2021-07-23T10:42:50,2800.0,60.4,S
2021-07-23T10:42:49,1400.0,60.4,S
2021-07-23T10:42:48,400.0,60.5,B
2021-07-23T10:42:26,1900.0,60.4,S
2021-07-23T10:42:26,1000.0,60.5,B
2021-07-23T10:42:19,300.0,60.4,S
2021-07-23T10:42:17,100.0,60.5,B
2021-07-23T10:42:16,900.0,60.4,S
2021-07-23T10:42:04,2000.0,60.5,B
2021-07-23T10:41:48,10000.0,60.5,B
2021-07-23T10:41:36,5000.0,60.5,B
2021-07-23T10:41:34,3000.0,60.5,B
2021-07-23T10:41:31,100.0,60.5,B
2021-07-23T10:41:20,500.0,60.5,B
2021-07-23T10:40:59,100.0,60.5,B
2021-07-23T10:40:43,2500.0,60.5,B
2021-07-23T10:40:42,2000.0,60.5,B
2021-07-23T10:40:25,2900.0,60.5,B
2021-07-23T10:40:19,100.0,60.5,B
2021-07-23T10:40:13,100.0,60.5,B
2021-07-23T10:40:11,2000.0,60.4,S
2021-07-23T10:40:05,3100.0,60.5,B
2021-07-23T10:39:47,13800.0,60.5,S
2021-07-23T10:39:47,3900.0,60.5,S
2021-07-23T10:39:47,2100.0,60.5,S
2021-07-23T10:39:47,47400.0,60.5,S
2021-07-23T10:39:46,4500.0,60.5,S
2021-07-23T10:39:43,2100.0,60.5,S
2021-07-23T10:39:42,1500.0,60.5,S
2021-07-23T10:39:40,100.0,60.6,B
2021-07-23T10:39:39,200000.0,60.5,S
2021-07-23T10:39:35,2200.0,60.5,S
2021-07-23T10:39:25,4500.0,60.5,S
2021-07-23T10:39:21,1700.0,60.5,S
2021-07-23T10:39:17,600.0,60.5,S
2021-07-23T10:39:15,32800.0,60.5,S
2021-07-23T10:39:15,200.0,60.6,S
2021-07-23T10:39:12,600.0,60.6,S
2021-07-23T10:39:11,200.0,60.6,B
2021-07-23T10:39:07,600.0,60.5,S
2021-07-23T10:39:06,600.0,60.5,S
2021-07-23T10:39:06,1900.0,60.5,S
2021-07-23T10:39:02,600.0,60.5,S
2021-07-23T10:38:58,600.0,60.5,S
2021-07-23T10:38:55,100.0,60.6,B
2021-07-23T10:38:55,600.0,60.5,S
2021-07-23T10:38:52,600.0,60.5,S
2021-07-23T10:38:48,23100.0,60.5,S
2021-07-23T10:38:47,600.0,60.6,S
2021-07-23T10:38:44,1800.0,60.6,S
2021-07-23T10:38:42,600.0,60.6,S
2021-07-23T10:38:41,200.0,60.6,S
2021-07-23T10:38:40,600.0,60.6,S
2021-07-23T10:38:36,1900.0,60.6,S
2021-07-23T10:38:28,1400.0,60.6,S
2021-07-23T10:38:24,1800.0,60.6,S
2021-07-23T10:38:20,600.0,60.6,B
2021-07-23T10:38:16,1000.0,60.6,B
2021-07-23T10:38:13,1000.0,60.6,B
2021-07-23T10:38:11,200.0,60.6,B
2021-07-23T10:38:11,600.0,60.5,S
2021-07-23T10:38:10,100.0,60.5,S
2021-07-23T10:38:09,1000.0,60.6,B
2021-07-23T10:38:08,2000.0,60.5,S
2021-07-23T10:38:04,600.0,60.5,S
2021-07-23T10:38:01,600.0,60.5,S
2021-07-23T10:37:57,600.0,60.5,S
2021-07-23T10:37:55,100.0,60.6,B
2021-07-23T10:37:55,600.0,60.5,S
2021-07-23T10:37:52,600.0,60.5,S
2021-07-23T10:37:49,400.0,60.5,S
2021-07-23T10:37:49,200.0,60.6,S
2021-07-23T10:37:43,200.0,60.6,S
2021-07-23T10:37:41,600.0,60.5,S
2021-07-23T10:37:40,1900.0,60.6,S
2021-07-23T10:37:39,13100.0,60.6,B
2021-07-23T10:37:39,3000.0,60.6,B
2021-07-23T10:37:36,600.0,60.5,S
2021-07-23T10:37:28,1500.0,60.6,B
2021-07-23T10:37:20,1000.0,60.5,S
2021-07-23T10:37:16,500.0,60.6,B
2021-07-23T10:37:12,600.0,60.5,S
2021-07-23T10:37:08,1500.0,60.6,B
2021-07-23T10:37:07,300.0,60.6,B
2021-07-23T10:37:02,4500.0,60.5,S
2021-07-23T10:36:57,500.0,60.6,B
2021-07-23T10:36:55,500.0,60.6,B
2021-07-23T10:36:52,1000.0,60.5,S
2021-07-23T10:36:52,10000.0,60.6,B
2021-07-23T10:36:47,200.0,60.6,B
2021-07-23T10:36:46,20000.0,60.6,B
2021-07-23T10:36:30,1000.0,60.6,B
2021-07-23T10:36:15,10600.0,60.6,S
2021-07-23T10:36:14,1800.0,60.6,S
2021-07-23T10:36:12,100.0,60.6,S
2021-07-23T10:36:00,2100.0,60.6,S
2021-07-23T10:35:57,1400.0,60.6,B
2021-07-23T10:35:55,100.0,60.5,S
2021-07-23T10:35:48,800.0,60.6,S
2021-07-23T10:35:38,1700.0,60.6,S
2021-07-23T10:35:38,400.0,60.6,S
2021-07-23T10:35:20,1200.0,60.6,S
2021-07-23T10:35:15,300.0,60.6,S
2021-07-23T10:35:15,500.0,60.6,B
2021-07-23T10:35:12,900.0,60.6,B
2021-07-23T10:35:12,1100.0,60.6,B
2021-07-23T10:35:08,500.0,60.6,B
2021-07-23T10:34:57,1000.0,60.6,B
2021-07-23T10:34:54,300.0,60.6,B
2021-07-23T10:34:52,1000.0,60.6,B
2021-07-23T10:34:52,300.0,60.6,B
2021-07-23T10:34:42,100.0,60.6,B
2021-07-23T10:34:37,1900.0,60.6,S
2021-07-23T10:34:35,1300.0,60.6,S
2021-07-23T10:34:33,16800.0,60.6,B
2021-07-23T10:34:23,2000.0,60.6,B
2021-07-23T10:34:16,800.0,60.6,S
2021-07-23T10:34:16,13400.0,60.6,S
2021-07-23T10:34:13,18200.0,60.6,S
2021-07-23T10:34:11,1700.0,60.6,S
2021-07-23T10:34:05,1400.0,60.6,S
2021-07-23T10:34:00,600.0,60.6,S
2021-07-23T10:33:58,600.0,60.6,S
2021-07-23T10:33:55,1400.0,60.6,S
2021-07-23T10:33:52,600.0,60.6,S
2021-07-23T10:33:49,100.0,60.6,S
2021-07-23T10:33:49,600.0,60.6,S
2021-07-23T10:33:47,100.0,60.7,B
2021-07-23T10:33:44,600.0,60.6,S
2021-07-23T10:33:40,2100.0,60.6,S
2021-07-23T10:33:40,600.0,60.6,S
2021-07-23T10:33:38,3700.0,60.6,B
2021-07-23T10:33:38,2300.0,60.6,B
2021-07-23T10:33:38,2700.0,60.6,B
2021-07-23T10:33:38,100.0,60.6,B
2021-07-23T10:33:38,23500.0,60.6,B
2021-07-23T10:33:37,600.0,60.5,S
2021-07-23T10:33:35,2000.0,60.5,S
2021-07-23T10:33:35,100.0,60.6,B
2021-07-23T10:33:35,1800.0,60.5,S
2021-07-23T10:33:34,2100.0,60.5,S
2021-07-23T10:33:34,2200.0,60.5,S
2021-07-23T10:33:32,600.0,60.5,S
2021-07-23T10:33:31,1200.0,60.5,S
2021-07-23T10:33:31,300.0,60.6,B
2021-07-23T10:33:29,600.0,60.5,S
2021-07-23T10:33:27,1000.0,60.6,B
2021-07-23T10:33:25,600.0,60.5,S
2021-07-23T10:33:18,1000.0,60.6,B
2021-07-23T10:33:15,100.0,60.6,B
2021-07-23T10:33:14,10000.0,60.6,B
2021-07-23T10:33:12,600.0,60.5,S
2021-07-23T10:33:09,10000.0,60.6,B
2021-07-23T10:33:06,100.0,60.6,B
2021-07-23T10:33:05,100.0,60.6,B
2021-07-23T10:33:05,5000.0,60.6,B
2021-07-23T10:32:58,1000.0,60.6,B
2021-07-23T10:32:57,600.0,60.6,B
2021-07-23T10:32:51,1000.0,60.6,B
2021-07-23T10:32:50,600.0,60.5,S
2021-07-23T10:32:48,600.0,60.5,S
2021-07-23T10:32:46,2100.0,60.5,S
2021-07-23T10:32:43,600.0,60.5,S
2021-07-23T10:32:41,9000.0,60.6,B
2021-07-23T10:32:38,600.0,60.5,S
2021-07-23T10:32:34,600.0,60.5,S
2021-07-23T10:32:32,1000.0,60.6,B
2021-07-23T10:32:30,600.0,60.5,S
2021-07-23T10:32:26,600.0,60.5,S
2021-07-23T10:32:23,200.0,60.6,B
2021-07-23T10:32:21,600.0,60.5,S
2021-07-23T10:32:19,2400.0,60.6,B
2021-07-23T10:32:16,600.0,60.5,S
2021-07-23T10:32:15,10000.0,60.6,B
2021-07-23T10:32:11,600.0,60.5,S
2021-07-23T10:32:08,10000.0,60.6,B
2021-07-23T10:32:07,600.0,60.5,S
2021-07-23T10:32:05,300.0,60.5,S
2021-07-23T10:32:04,1100.0,60.5,S
2021-07-23T10:32:01,2000.0,60.5,S
2021-07-23T10:32:00,200.0,60.6,B
2021-07-23T10:31:56,1200.0,60.5,S
2021-07-23T10:31:55,1500.0,60.5,S
2021-07-23T10:31:48,2200.0,60.5,S
2021-07-23T10:31:37,600.0,60.5,S
2021-07-23T10:31:37,500.0,60.5,S
2021-07-23T10:31:37,800.0,60.5,S
2021-07-23T10:31:34,600.0,60.5,S
2021-07-23T10:31:32,7000.0,60.6,B
2021-07-23T10:31:32,1800.0,60.5,S
2021-07-23T10:31:30,600.0,60.5,S
2021-07-23T10:31:30,1800.0,60.5,S
2021-07-23T10:31:28,1600.0,60.5,S
2021-07-23T10:31:25,2100.0,60.5,S
2021-07-23T10:31:25,600.0,60.5,S
2021-07-23T10:31:22,600.0,60.5,S
2021-07-23T10:31:19,1000.0,60.6,B
2021-07-23T10:31:17,600.0,60.5,S
2021-07-23T10:31:16,1000.0,60.6,B
2021-07-23T10:31:15,500.0,60.6,B
2021-07-23T10:31:15,2200.0,60.5,S
2021-07-23T10:31:14,200.0,60.6,B
2021-07-23T10:31:14,600.0,60.5,S
2021-07-23T10:31:10,600.0,60.5,S
2021-07-23T10:31:04,600.0,60.5,S
2021-07-23T10:30:59,600.0,60.5,S
2021-07-23T10:30:54,600.0,60.5,S
2021-07-23T10:30:51,500.0,60.6,B
2021-07-23T10:30:39,1000.0,60.6,B
2021-07-23T10:30:33,1000.0,60.6,B
2021-07-23T10:30:31,400.0,60.6,B
2021-07-23T10:30:20,15000.0,60.6,B
2021-07-23T10:30:02,10000.0,60.6,B
2021-07-23T10:29:57,200.0,60.5,B
2021-07-23T10:29:49,500.0,60.5,B
2021-07-23T10:29:41,5000.0,60.5,B
2021-07-23T10:29:38,1000.0,60.5,B
2021-07-23T10:29:37,3700.0,60.5,B
2021-07-23T10:29:23,100.0,60.5,B
2021-07-23T10:29:11,800.0,60.5,B
2021-07-23T10:29:11,9200.0,60.5,B
2021-07-23T10:29:06,200.0,60.5,B
2021-07-23T10:28:59,700.0,60.5,B
2021-07-23T10:28:59,43300.0,60.5,B
2021-07-23T10:28:55,2700.0,60.4,S
2021-07-23T10:28:55,300.0,60.4,S
2021-07-23T10:28:54,300.0,60.5,B
2021-07-23T10:28:54,16700.0,60.5,B
2021-07-23T10:28:42,1000.0,60.5,B
2021-07-23T10:27:40,44000.0,60.5,B
2021-07-23T10:27:32,1700.0,60.4,S
2021-07-23T10:27:15,1500.0,60.4,S
2021-07-23T10:27:09,6500.0,60.4,S
2021-07-23T10:27:01,500.0,60.3,S
2021-07-23T10:26:52,300.0,60.3,S
2021-07-23T10:26:27,100.0,60.4,B
2021-07-23T10:26:25,300.0,60.3,S
2021-07-23T10:26:21,3500.0,60.4,B
2021-07-23T10:26:15,100.0,60.4,S
2021-07-23T10:25:54,100.0,60.4,S
2021-07-23T10:25:53,100.0,60.5,B
2021-07-23T10:25:48,400.0,60.4,S
2021-07-23T10:25:22,100.0,60.4,S
2021-07-23T10:25:02,500.0,60.4,S
2021-07-23T10:24:21,500.0,60.4,S
2021-07-23T10:24:05,1300.0,60.4,S
2021-07-23T10:23:52,1000.0,60.4,S
2021-07-23T10:23:39,1000.0,60.4,S
2021-07-23T10:23:30,400.0,60.4,B
2021-07-23T10:23:25,8000.0,60.4,B
2021-07-23T10:23:21,17000.0,60.4,B
2021-07-23T10:23:18,500.0,60.4,B
2021-07-23T10:23:07,2000.0,60.4,B
2021-07-23T10:23:00,1100.0,60.4,B
2021-07-23T10:22:56,1300.0,60.4,B
2021-07-23T10:22:54,1300.0,60.4,B
2021-07-23T10:22:49,900.0,60.4,B
2021-07-23T10:22:49,400.0,60.4,B
2021-07-23T10:22:44,1300.0,60.4,B
2021-07-23T10:22:37,300.0,60.4,B
2021-07-23T10:22:32,600.0,60.3,S
2021-07-23T10:22:23,4400.0,60.3,B
2021-07-23T10:22:19,1800.0,60.3,B
2021-07-23T10:22:04,100.0,60.3,B
2021-07-23T10:22:04,1500.0,60.3,B
2021-07-23T10:21:51,200.0,60.3,B
2021-07-23T10:21:48,5500.0,60.3,B
2021-07-23T10:21:42,30000.0,60.3,B
2021-07-23T10:21:37,700.0,60.3,B
2021-07-23T10:21:34,1000.0,60.3,B
2021-07-23T10:21:27,500.0,60.3,B
2021-07-23T10:21:21,300.0,60.3,B
2021-07-23T10:21:12,500.0,60.3,B
2021-07-23T10:20:46,500.0,60.3,B
2021-07-23T10:20:34,1000.0,60.2,S
2021-07-23T10:20:16,100.0,60.3,B
2021-07-23T10:20:09,2000.0,60.3,B
2021-07-23T10:20:09,600.0,60.2,S
2021-07-23T10:20:04,600.0,60.2,S
2021-07-23T10:20:01,600.0,60.2,S
2021-07-23T10:19:57,600.0,60.2,S
2021-07-23T10:19:53,600.0,60.2,S
2021-07-23T10:19:47,600.0,60.2,S
2021-07-23T10:19:44,1600.0,60.2,S
2021-07-23T10:19:42,600.0,60.2,S
2021-07-23T10:19:37,600.0,60.2,S
2021-07-23T10:19:31,600.0,60.2,S
2021-07-23T10:19:26,600.0,60.2,S
2021-07-23T10:19:20,600.0,60.2,S
2021-07-23T10:19:14,300.0,60.2,S
2021-07-23T10:19:00,1000.0,60.3,B
2021-07-23T10:18:59,21500.0,60.3,S
2021-07-23T10:18:59,600.0,60.3,S
2021-07-23T10:18:59,4900.0,60.3,S
2021-07-23T10:18:54,600.0,60.3,S
2021-07-23T10:18:50,600.0,60.3,S
2021-07-23T10:18:45,600.0,60.3,S
2021-07-23T10:18:42,600.0,60.3,S
2021-07-23T10:18:36,600.0,60.3,S
2021-07-23T10:18:32,600.0,60.3,S
2021-07-23T10:18:28,1100.0,60.3,S
2021-07-23T10:18:27,600.0,60.3,S
2021-07-23T10:18:22,600.0,60.3,S
2021-07-23T10:18:17,600.0,60.3,S
2021-07-23T10:18:15,1000.0,60.4,B
2021-07-23T10:18:10,2000.0,60.3,S
2021-07-23T10:18:10,600.0,60.3,S
2021-07-23T10:18:05,600.0,60.3,S
2021-07-23T10:17:57,1300.0,60.3,S
2021-07-23T10:17:52,10800.0,60.3,S
2021-07-23T10:17:30,2000.0,60.4,B
2021-07-23T10:17:26,4500.0,60.4,S
2021-07-23T10:17:25,1200.0,60.4,S
2021-07-23T10:17:24,3000.0,60.4,S
2021-07-23T10:17:22,600.0,60.4,S
2021-07-23T10:17:18,600.0,60.4,S
2021-07-23T10:17:18,4500.0,60.4,S
2021-07-23T10:17:14,600.0,60.4,S
2021-07-23T10:17:14,2000.0,60.4,S
2021-07-23T10:17:08,600.0,60.3,S
2021-07-23T10:17:07,1500.0,60.3,S
2021-07-23T10:17:04,600.0,60.3,S
2021-07-23T10:17:00,2200.0,60.3,S
2021-07-23T10:17:00,600.0,60.4,S
2021-07-23T10:16:55,600.0,60.3,S
2021-07-23T10:16:52,600.0,60.4,S
2021-07-23T10:16:49,1200.0,60.3,S
2021-07-23T10:16:49,500.0,60.4,B
2021-07-23T10:16:49,100.0,60.4,B
2021-07-23T10:16:45,600.0,60.3,S
2021-07-23T10:16:41,1300.0,60.3,S
2021-07-23T10:16:40,600.0,60.3,S
2021-07-23T10:16:34,600.0,60.3,S
2021-07-23T10:16:34,100.0,60.4,B
2021-07-23T10:16:33,1800.0,60.4,S
2021-07-23T10:15:58,1000.0,60.4,S
2021-07-23T10:15:52,200.0,60.4,S
2021-07-23T10:15:37,2000.0,60.4,S
2021-07-23T10:15:24,2000.0,60.4,S
2021-07-23T10:15:01,500.0,60.4,S
2021-07-23T10:14:34,46600.0,60.4,B
2021-07-23T10:14:25,3800.0,60.3,S
2021-07-23T10:14:21,3800.0,60.3,S
2021-07-23T10:14:20,6400.0,60.3,S
2021-07-23T10:14:07,1000.0,60.3,S
2021-07-23T10:14:04,3300.0,60.3,B
2021-07-23T10:14:02,5000.0,60.3,B
2021-07-23T10:13:59,100.0,60.3,B
2021-07-23T10:13:54,1000.0,60.3,B
2021-07-23T10:13:52,800.0,60.3,B
2021-07-23T10:13:41,1300.0,60.3,B
2021-07-23T10:13:32,1000.0,60.3,B
2021-07-23T10:13:27,200.0,60.3,B
2021-07-23T10:13:25,200.0,60.3,B
2021-07-23T10:13:19,100.0,60.3,B
2021-07-23T10:13:18,7200.0,60.3,S
2021-07-23T10:13:17,2800.0,60.3,B
2021-07-23T10:13:17,200.0,60.3,B
2021-07-23T10:13:09,2000.0,60.3,B
2021-07-23T10:13:08,1000.0,60.3,B
2021-07-23T10:13:07,1000.0,60.3,B
2021-07-23T10:13:05,4800.0,60.3,B
2021-07-23T10:13:04,100.0,60.3,B
2021-07-23T10:12:52,2000.0,60.3,B
2021-07-23T10:12:46,100.0,60.3,B
2021-07-23T10:12:37,1000.0,60.3,B
2021-07-23T10:11:57,3800.0,60.3,B
2021-07-23T10:11:50,100.0,60.2,S
2021-07-23T10:11:43,100.0,60.3,B
2021-07-23T10:11:41,5000.0,60.2,S
2021-07-23T10:11:34,7000.0,60.2,S
2021-07-23T10:11:31,300.0,60.2,S
2021-07-23T10:11:29,1500.0,60.2,S
2021-07-23T10:11:21,50200.0,60.2,S
2021-07-23T10:11:19,2000.0,60.2,S
2021-07-23T10:11:15,600.0,60.2,S
2021-07-23T10:11:14,200.0,60.2,S
2021-07-23T10:11:14,50000.0,60.2,S
2021-07-23T10:11:11,1000.0,60.3,B
2021-07-23T10:11:11,600.0,60.2,S
2021-07-23T10:11:08,1200.0,60.2,S
2021-07-23T10:11:07,600.0,60.2,S
2021-07-23T10:11:03,600.0,60.2,S
2021-07-23T10:11:02,4500.0,60.2,S
2021-07-23T10:10:59,1000.0,60.3,B
2021-07-23T10:10:59,600.0,60.2,S
2021-07-23T10:10:57,100.0,60.3,B
2021-07-23T10:10:55,200.0,60.3,B
2021-07-23T10:10:53,1300.0,60.2,S
2021-07-23T10:10:52,600.0,60.2,S
2021-07-23T10:10:52,4500.0,60.2,S
2021-07-23T10:10:51,14600.0,60.2,S
2021-07-23T10:10:48,100.0,60.2,S
2021-07-23T10:10:48,500.0,60.2,S
2021-07-23T10:10:48,500.0,60.2,S
2021-07-23T10:10:45,1800.0,60.2,S
2021-07-23T10:10:43,600.0,60.2,S
2021-07-23T10:10:41,4500.0,60.2,S
2021-07-23T10:10:37,1700.0,60.2,S
2021-07-23T10:10:35,600.0,60.2,S
2021-07-23T10:10:31,300.0,60.3,B
2021-07-23T10:10:30,600.0,60.2,S
2021-07-23T10:10:27,1400.0,60.2,S
2021-07-23T10:10:27,2000.0,60.2,S
2021-07-23T10:10:27,2500.0,60.2,S
2021-07-23T10:10:25,600.0,60.2,S
2021-07-23T10:10:17,4500.0,60.2,S
2021-07-23T10:10:15,1000.0,60.3,B
2021-07-23T10:10:13,1200.0,60.2,S
2021-07-23T10:10:08,300.0,60.2,S
2021-07-23T10:10:06,4500.0,60.2,S
2021-07-23T10:10:04,1400.0,60.2,S
2021-07-23T10:09:55,4500.0,60.2,S
2021-07-23T10:09:55,2100.0,60.2,S
2021-07-23T10:09:45,100.0,60.2,S
2021-07-23T10:09:44,500.0,60.3,B
2021-07-23T10:09:39,1300.0,60.2,S
2021-07-23T10:09:36,1600.0,60.2,S
2021-07-23T10:09:36,400.0,60.3,B
2021-07-23T10:09:34,900.0,60.2,S
2021-07-23T10:09:34,400.0,60.2,S
2021-07-23T10:09:33,100.0,60.3,B
2021-07-23T10:09:33,1800.0,60.3,S
2021-07-23T10:09:33,200.0,60.3,S
2021-07-23T10:09:33,700.0,60.3,S
2021-07-23T10:09:33,500.0,60.3,S
2021-07-23T10:09:33,5200.0,60.3,S
2021-07-23T10:09:33,200.0,60.3,S
2021-07-23T10:09:33,900.0,60.3,S
2021-07-23T10:09:33,2100.0,60.3,S
2021-07-23T10:09:33,500.0,60.3,S
2021-07-23T10:09:33,400.0,60.3,S
2021-07-23T10:09:33,2100.0,60.3,S
2021-07-23T10:09:33,1000.0,60.3,S
2021-07-23T10:09:33,1000.0,60.3,S
2021-07-23T10:09:33,8400.0,60.3,S
2021-07-23T10:09:33,5000.0,60.3,S
2021-07-23T10:09:33,16800.0,60.3,S
2021-07-23T10:09:33,50200.0,60.3,S
2021-07-23T10:09:29,14500.0,60.3,S
2021-07-23T10:09:28,1600.0,60.3,S
2021-07-23T10:09:26,4500.0,60.3,S
2021-07-23T10:09:24,1400.0,60.4,B
2021-07-23T10:09:22,1500.0,60.3,S
2021-07-23T10:09:19,1000.0,60.3,S
2021-07-23T10:09:19,1300.0,60.3,S
2021-07-23T10:09:16,4500.0,60.3,S
2021-07-23T10:09:14,2000.0,60.3,S
2021-07-23T10:09:14,800.0,60.3,S
2021-07-23T10:09:14,100.0,60.3,S
2021-07-23T10:09:14,10600.0,60.3,S
2021-07-23T10:09:12,1200.0,60.3,S
2021-07-23T10:09:12,7500.0,60.3,S
2021-07-23T10:09:12,200.0,60.3,S
2021-07-23T10:09:12,4300.0,60.4,S
2021-07-23T10:09:10,1600.0,60.4,S
2021-07-23T10:09:10,200.0,60.4,S
2021-07-23T10:09:10,700.0,60.4,S
2021-07-23T10:09:09,1000.0,60.4,S
2021-07-23T10:09:05,300.0,60.4,S
2021-07-23T10:09:04,2100.0,60.4,S
2021-07-23T10:09:03,600.0,60.4,S
2021-07-23T10:09:01,1100.0,60.5,B
2021-07-23T10:08:59,600.0,60.4,S
2021-07-23T10:08:55,600.0,60.4,S
2021-07-23T10:08:55,1600.0,60.4,S
2021-07-23T10:08:54,1200.0,60.5,B
2021-07-23T10:08:51,600.0,60.4,S
2021-07-23T10:08:51,6500.0,60.5,B
2021-07-23T10:08:47,1500.0,60.5,B
2021-07-23T10:08:47,600.0,60.4,S
2021-07-23T10:08:45,1600.0,60.4,S
2021-07-23T10:08:44,600.0,60.4,S
2021-07-23T10:08:41,4500.0,60.4,S
2021-07-23T10:08:41,600.0,60.4,S
2021-07-23T10:08:38,1700.0,60.4,S
2021-07-23T10:08:36,600.0,60.4,S
2021-07-23T10:08:33,1200.0,60.4,S
2021-07-23T10:08:32,1100.0,60.5,B
2021-07-23T10:08:31,600.0,60.4,S
2021-07-23T10:08:26,300.0,60.4,S
2021-07-23T10:08:26,300.0,60.4,S
2021-07-23T10:08:24,3000.0,60.5,B
2021-07-23T10:08:22,300.0,60.4,S
2021-07-23T10:08:11,2100.0,60.5,B
2021-07-23T10:08:07,1000.0,60.5,B
2021-07-23T10:08:06,9000.0,60.4,S
2021-07-23T10:08:05,2200.0,60.4,S
2021-07-23T10:08:01,500.0,60.5,B
2021-07-23T10:07:59,200.0,60.5,B
2021-07-23T10:07:50,100.0,60.5,B
2021-07-23T10:07:45,200.0,60.5,B
2021-07-23T10:07:32,300.0,60.5,B
2021-07-23T10:07:24,8000.0,60.4,S
2021-07-23T10:07:23,200.0,60.5,B
2021-07-23T10:07:21,5400.0,60.4,S
2021-07-23T10:07:21,1600.0,60.4,S
2021-07-23T10:07:21,1000.0,60.4,S
2021-07-23T10:07:19,100.0,60.5,B
2021-07-23T10:07:11,500.0,60.5,B
2021-07-23T10:06:48,17000.0,60.4,S
2021-07-23T10:06:32,500.0,60.5,B
2021-07-23T10:06:32,100.0,60.5,B
2021-07-23T10:06:30,3000.0,60.4,S
2021-07-23T10:06:28,2500.0,60.4,S
2021-07-23T10:06:25,200.0,60.5,B
2021-07-23T10:06:13,5000.0,60.4,S
2021-07-23T10:05:53,3300.0,60.5,B
2021-07-23T10:05:43,2000.0,60.4,S
2021-07-23T10:05:29,2700.0,60.4,S
2021-07-23T10:05:19,1000.0,60.4,S
2021-07-23T10:05:00,1400.0,60.3,S
2021-07-23T10:04:54,200.0,60.3,S
2021-07-23T10:04:54,300.0,60.3,S
2021-07-23T10:04:32,500.0,60.3,S
2021-07-23T10:04:14,500.0,60.4,B
2021-07-23T10:04:12,100.0,60.4,B
2021-07-23T10:04:08,5000.0,60.4,B
2021-07-23T10:03:41,300.0,60.4,B
2021-07-23T10:03:41,1400.0,60.4,B
2021-07-23T10:03:30,100.0,60.4,B
2021-07-23T10:03:26,1000.0,60.4,B
2021-07-23T10:02:57,2500.0,60.4,B
2021-07-23T10:02:41,2000.0,60.4,B
2021-07-23T10:02:28,300.0,60.3,S
2021-07-23T10:02:21,500.0,60.4,B
2021-07-23T10:02:16,1400.0,60.3,S
2021-07-23T10:02:16,200.0,60.3,S
2021-07-23T10:02:16,2900.0,60.3,S
2021-07-23T10:02:16,2100.0,60.3,S
2021-07-23T10:02:13,1100.0,60.4,B
2021-07-23T10:02:05,2100.0,60.4,S
2021-07-23T10:02:04,300.0,60.4,S
2021-07-23T10:02:02,600.0,60.4,S
2021-07-23T10:02:02,800.0,60.4,S
2021-07-23T10:02:02,500.0,60.4,S
2021-07-23T10:02:02,900.0,60.4,S
2021-07-23T10:02:02,500.0,60.4,S
2021-07-23T10:02:00,600.0,60.4,S
2021-07-23T10:01:57,3300.0,60.4,S
2021-07-23T10:01:57,36700.0,60.4,S
2021-07-23T10:01:56,600.0,60.4,S
2021-07-23T10:01:56,58000.0,60.4,S
2021-07-23T10:01:55,4500.0,60.4,S
2021-07-23T10:01:52,1100.0,60.4,S
2021-07-23T10:01:51,600.0,60.4,S
2021-07-23T10:01:44,600.0,60.4,S
2021-07-23T10:01:44,4500.0,60.4,S
2021-07-23T10:01:44,2200.0,60.4,S
2021-07-23T10:01:42,7500.0,60.4,S
2021-07-23T10:01:41,600.0,60.4,S
2021-07-23T10:01:37,2000.0,60.4,S
2021-07-23T10:01:37,600.0,60.4,S
2021-07-23T10:01:36,1800.0,60.4,S
2021-07-23T10:01:34,1200.0,60.4,S
2021-07-23T10:01:33,600.0,60.4,S
2021-07-23T10:01:33,13200.0,60.4,S
2021-07-23T10:01:32,4500.0,60.4,S
2021-07-23T10:01:28,600.0,60.5,S
2021-07-23T10:01:25,1500.0,60.5,S
2021-07-23T10:01:22,600.0,60.5,S
2021-07-23T10:01:20,4500.0,60.5,S
2021-07-23T10:01:20,1100.0,60.6,B
2021-07-23T10:01:18,2200.0,60.5,S
2021-07-23T10:01:18,600.0,60.5,S
2021-07-23T10:01:14,300.0,60.4,S
2021-07-23T10:01:13,4500.0,60.4,S
2021-07-23T10:01:12,1900.0,60.4,S
2021-07-23T10:01:11,10000.0,60.6,B
2021-07-23T10:01:10,500.0,60.5,S
2021-07-23T10:01:08,1000.0,60.6,B
2021-07-23T10:01:03,1600.0,60.5,S
2021-07-23T10:01:03,200.0,60.5,S
2021-07-23T10:01:01,4500.0,60.5,S
2021-07-23T10:00:55,500.0,60.5,S
2021-07-23T10:00:55,700.0,60.5,S
2021-07-23T10:00:51,4500.0,60.5,S
2021-07-23T10:00:50,30000.0,60.6,B
2021-07-23T10:00:46,1300.0,60.5,S
2021-07-23T10:00:41,4500.0,60.5,S
2021-07-23T10:00:31,200.0,60.6,B
2021-07-23T10:00:31,19800.0,60.6,B
2021-07-23T10:00:30,4500.0,60.5,S
2021-07-23T10:00:28,1000.0,60.5,S
2021-07-23T10:00:21,1500.0,60.5,S
2021-07-23T10:00:20,4500.0,60.5,S
2021-07-23T10:00:10,2000.0,60.6,B
2021-07-23T09:59:53,1000.0,60.5,S
2021-07-23T09:59:46,100.0,60.5,S
2021-07-23T09:59:26,1500.0,60.5,B
2021-07-23T09:59:26,100.0,60.5,B
2021-07-23T09:59:14,20000.0,60.5,B
2021-07-23T09:59:10,500.0,60.5,B
2021-07-23T09:59:06,15000.0,60.5,B
2021-07-23T09:59:02,35000.0,60.5,B
2021-07-23T09:58:51,4500.0,60.4,S
2021-07-23T09:58:49,1000.0,60.4,S
2021-07-23T09:58:44,18100.0,60.5,S
2021-07-23T09:58:42,2100.0,60.5,S
2021-07-23T09:58:36,50000.0,60.5,S
2021-07-23T09:58:35,200.0,60.5,S
2021-07-23T09:58:24,29600.0,60.5,B
2021-07-23T09:58:16,300.0,60.5,B
2021-07-23T09:58:08,1600.0,60.5,B
2021-07-23T09:58:06,1000.0,60.5,B
2021-07-23T09:58:05,2500.0,60.5,S
2021-07-23T09:58:05,1300.0,60.5,S
2021-07-23T09:58:05,100.0,60.5,S
2021-07-23T09:58:05,33700.0,60.5,S
2021-07-23T09:57:51,500.0,60.6,B
2021-07-23T09:57:19,100.0,60.5,S
2021-07-23T09:57:17,12300.0,60.5,S
2021-07-23T09:57:17,20300.0,60.5,B
2021-07-23T09:57:17,17800.0,60.5,B
2021-07-23T09:57:17,17200.0,60.5,B
2021-07-23T09:57:15,1000.0,60.5,B
2021-07-23T09:56:36,500.0,60.5,B
2021-07-23T09:56:18,1600.0,60.5,B
2021-07-23T09:56:03,7000.0,60.4,S
2021-07-23T09:55:20,500.0,60.4,S
2021-07-23T09:55:05,100.0,60.5,B
2021-07-23T09:54:57,4600.0,60.4,S
2021-07-23T09:54:57,200.0,60.4,S
2021-07-23T09:54:57,1500.0,60.4,S
2021-07-23T09:54:57,3200.0,60.4,S
2021-07-23T09:54:57,500.0,60.4,S
2021-07-23T09:54:55,2000.0,60.5,B
2021-07-23T09:54:50,500.0,60.5,B
2021-07-23T09:54:43,10000.0,60.5,B
2021-07-23T09:54:32,3000.0,60.4,S
2021-07-23T09:54:24,200.0,60.5,B
2021-07-23T09:54:11,500.0,60.5,B
2021-07-23T09:53:37,100.0,60.5,B
2021-07-23T09:53:29,2000.0,60.5,B
2021-07-23T09:53:20,1000.0,60.5,B
2021-07-23T09:53:06,500.0,60.4,S
2021-07-23T09:53:04,200.0,60.5,B
2021-07-23T09:53:01,100.0,60.5,B
2021-07-23T09:52:40,25000.0,60.5,B
2021-07-23T09:52:35,35000.0,60.5,B
2021-07-23T09:52:25,1500.0,60.4,S
2021-07-23T09:52:25,1200.0,60.4,S
2021-07-23T09:52:25,1800.0,60.4,S
2021-07-23T09:52:14,2600.0,60.4,S
2021-07-23T09:52:14,1900.0,60.4,S
2021-07-23T09:52:10,100.0,60.4,S
2021-07-23T09:52:10,1500.0,60.4,S
2021-07-23T09:52:04,15000.0,60.5,B
2021-07-23T09:52:04,4500.0,60.4,S
2021-07-23T09:52:04,300.0,60.5,B
2021-07-23T09:52:00,2200.0,60.4,S
2021-07-23T09:52:00,35000.0,60.5,B
2021-07-23T09:51:57,1700.0,60.4,S
2021-07-23T09:51:52,2400.0,60.4,S
2021-07-23T09:51:52,2100.0,60.4,S
2021-07-23T09:51:47,1600.0,60.4,S
2021-07-23T09:51:45,4500.0,60.4,S
2021-07-23T09:51:41,17000.0,60.5,B
2021-07-23T09:51:37,40000.0,60.5,B
2021-07-23T09:51:33,4500.0,60.4,S
2021-07-23T09:51:29,25000.0,60.5,B
2021-07-23T09:51:29,200.0,60.5,B
2021-07-23T09:51:26,200.0,60.5,B
2021-07-23T09:51:11,100.0,60.5,B
2021-07-23T09:50:36,1000.0,60.5,B
2021-07-23T09:50:33,100.0,60.5,B
2021-07-23T09:50:29,300.0,60.4,S
2021-07-23T09:50:29,900.0,60.4,S
2021-07-23T09:50:29,11500.0,60.5,S
2021-07-23T09:50:29,300.0,60.5,S
2021-07-23T09:50:29,2100.0,60.5,S
2021-07-23T09:50:29,600.0,60.5,S
2021-07-23T09:50:29,4100.0,60.5,S
2021-07-23T09:50:29,1100.0,60.5,S
2021-07-23T09:50:29,1000.0,60.5,S
2021-07-23T09:50:29,1100.0,60.5,S
2021-07-23T09:50:29,600.0,60.5,S
2021-07-23T09:50:29,2500.0,60.5,S
2021-07-23T09:50:29,2200.0,60.5,S
2021-07-23T09:50:29,900.0,60.5,S
2021-07-23T09:50:08,500.0,60.6,B
2021-07-23T09:49:58,200.0,60.6,B
2021-07-23T09:49:42,500.0,60.6,B
2021-07-23T09:49:32,900.0,60.5,S
2021-07-23T09:49:20,800.0,60.6,B
2021-07-23T09:49:20,1200.0,60.5,S
2021-07-23T09:49:16,1000.0,60.6,S
2021-07-23T09:49:15,1300.0,60.6,S
2021-07-23T09:49:10,1300.0,60.6,S
2021-07-23T09:49:10,4500.0,60.6,S
2021-07-23T09:49:09,1400.0,60.6,S
2021-07-23T09:49:05,1300.0,60.6,S
2021-07-23T09:49:00,600.0,60.6,S
2021-07-23T09:48:59,4500.0,60.6,S
2021-07-23T09:48:57,1300.0,60.6,S
2021-07-23T09:48:55,600.0,60.6,S
2021-07-23T09:48:52,1800.0,60.6,S
2021-07-23T09:48:46,300.0,60.6,S
2021-07-23T09:48:41,4500.0,60.6,S
2021-07-23T09:48:26,100.0,60.7,B
2021-07-23T09:48:16,200.0,60.7,B
2021-07-23T09:47:52,2500.0,60.7,S
2021-07-23T09:47:09,500.0,60.8,B
2021-07-23T09:47:08,1000.0,60.7,S
2021-07-23T09:47:04,1100.0,60.7,B
2021-07-23T09:46:59,10200.0,60.7,B
2021-07-23T09:46:59,13800.0,60.7,B
2021-07-23T09:46:39,2000.0,60.7,B
2021-07-23T09:46:37,100.0,60.6,B
2021-07-23T09:46:34,100.0,60.6,B
2021-07-23T09:46:31,800.0,60.6,S
2021-07-23T09:46:24,1900.0,60.6,S
2021-07-23T09:46:24,100.0,60.6,B
2021-07-23T09:46:13,100.0,60.6,S
2021-07-23T09:46:05,200.0,60.6,S
2021-07-23T09:45:37,100.0,60.6,S
2021-07-23T09:43:42,1300.0,60.5,S
2021-07-23T09:43:41,100.0,60.5,S
2021-07-23T09:43:37,500.0,60.5,B
2021-07-23T09:43:34,100.0,60.4,S
2021-07-23T09:43:32,900.0,60.5,B
2021-07-23T09:43:27,100.0,60.5,B
2021-07-23T09:43:22,1000.0,60.5,S
2021-07-23T09:43:22,1600.0,60.5,S
2021-07-23T09:43:22,600.0,60.5,S
2021-07-23T09:43:22,12400.0,60.5,S
2021-07-23T09:43:22,4300.0,60.5,S
2021-07-23T09:43:18,1000.0,60.5,S
2021-07-23T09:43:13,15700.0,60.5,S
2021-07-23T09:43:13,200.0,60.5,S
2021-07-23T09:43:13,200.0,60.5,S
2021-07-23T09:43:13,200.0,60.5,S
2021-07-23T09:43:13,3600.0,60.5,S
2021-07-23T09:43:13,1000.0,60.5,S
2021-07-23T09:43:13,3200.0,60.5,S
2021-07-23T09:43:13,1000.0,60.5,S
2021-07-23T09:43:13,4300.0,60.5,S
2021-07-23T09:43:13,1200.0,60.5,S
2021-07-23T09:43:13,500.0,60.5,S
2021-07-23T09:43:13,400.0,60.5,S
2021-07-23T09:43:13,1000.0,60.5,S
2021-07-23T09:43:13,46500.0,60.5,S
2021-07-23T09:43:06,200.0,60.5,S
2021-07-23T09:43:06,8000.0,60.5,S
2021-07-23T09:43:06,31800.0,60.5,S
2021-07-23T09:42:35,100.0,60.7,B
2021-07-23T09:42:16,5000.0,60.7,B
2021-07-23T09:42:12,100.0,60.5,S
2021-07-23T09:42:11,20000.0,60.6,B
2021-07-23T09:42:08,30000.0,60.6,B
2021-07-23T09:41:57,500.0,60.5,S
2021-07-23T09:41:52,1800.0,60.6,S
2021-07-23T09:41:52,6300.0,60.6,S
2021-07-23T09:41:52,4000.0,60.6,S
2021-07-23T09:41:52,500.0,60.6,S
2021-07-23T09:41:52,35800.0,60.6,S
2021-07-23T09:41:49,1000.0,60.7,B
2021-07-23T09:41:49,3300.0,60.6,S
2021-07-23T09:41:48,100000.0,60.6,S
2021-07-23T09:41:43,500.0,60.6,S
2021-07-23T09:41:29,100.0,60.7,B
2021-07-23T09:41:28,3300.0,60.6,S
2021-07-23T09:41:26,100.0,60.7,B
2021-07-23T09:41:11,100.0,60.7,B
2021-07-23T09:41:11,3300.0,60.6,S
2021-07-23T09:41:06,1600.0,60.7,S
2021-07-23T09:41:01,500.0,60.7,S
2021-07-23T09:40:55,100.0,60.7,S
2021-07-23T09:40:46,1000.0,60.8,B
2021-07-23T09:40:42,3300.0,60.7,S
2021-07-23T09:40:33,3300.0,60.6,S
2021-07-23T09:40:24,50000.0,60.8,B
2021-07-23T09:40:24,100.0,60.7,B
2021-07-23T09:40:21,2000.0,60.7,B
2021-07-23T09:40:05,2100.0,60.7,B
2021-07-23T09:40:04,700.0,60.7,B
2021-07-23T09:40:02,2700.0,60.6,S
2021-07-23T09:40:02,500.0,60.6,S
2021-07-23T09:39:59,500.0,60.7,B
2021-07-23T09:39:56,1000.0,60.7,B
2021-07-23T09:39:55,600.0,60.7,S
2021-07-23T09:39:55,300.0,60.7,S
2021-07-23T09:39:55,9400.0,60.7,S
2021-07-23T09:39:50,150000.0,60.7,S
2021-07-23T09:39:39,3300.0,60.7,S
2021-07-23T09:39:30,600.0,60.8,B
2021-07-23T09:39:27,3300.0,60.7,S
2021-07-23T09:39:24,300.0,60.8,B
2021-07-23T09:39:24,10000.0,60.8,B
2021-07-23T09:39:22,33000.0,60.7,S
2021-07-23T09:39:18,1500.0,60.8,B
2021-07-23T09:39:16,1600.0,60.8,S
2021-07-23T09:39:16,700.0,60.8,S
2021-07-23T09:39:16,26300.0,60.8,S
2021-07-23T09:39:16,3000.0,60.8,S
2021-07-23T09:39:15,197800.0,60.8,S
2021-07-23T09:39:15,2200.0,60.8,S
2021-07-23T09:39:12,4000.0,60.8,S
2021-07-23T09:39:09,140000.0,60.8,S
2021-07-23T09:39:08,3000.0,60.8,S
2021-07-23T09:39:04,2000.0,60.8,S
2021-07-23T09:39:03,100.0,60.9,B
2021-07-23T09:39:01,2000.0,60.8,S
2021-07-23T09:38:57,2000.0,60.8,S
2021-07-23T09:38:53,2000.0,60.8,S
2021-07-23T09:38:53,6600.0,60.9,S
2021-07-23T09:38:52,1000.0,60.9,S
2021-07-23T09:38:52,1000.0,60.9,S
2021-07-23T09:38:50,1000.0,60.9,S
2021-07-23T09:38:50,3300.0,60.9,S
2021-07-23T09:38:48,3000.0,60.9,S
2021-07-23T09:38:47,100.0,61.0,B
2021-07-23T09:38:45,2000.0,60.9,S
2021-07-23T09:38:40,3300.0,60.9,S
2021-07-23T09:38:40,3000.0,60.9,S
2021-07-23T09:38:39,5000.0,60.9,B
2021-07-23T09:38:36,2000.0,60.8,S
2021-07-23T09:38:30,33000.0,60.8,S
2021-07-23T09:38:30,4000.0,60.8,S
2021-07-23T09:38:27,1700.0,61.0,B
2021-07-23T09:38:27,1500.0,61.0,B
2021-07-23T09:38:26,4000.0,60.8,S
2021-07-23T09:38:24,200.0,60.8,S
2021-07-23T09:38:23,3000.0,60.8,S
2021-07-23T09:38:21,200.0,60.9,B
2021-07-23T09:38:18,4000.0,60.8,S
2021-07-23T09:38:14,3000.0,60.8,S
2021-07-23T09:38:12,29700.0,60.9,S
2021-07-23T09:38:10,300.0,60.9,B
2021-07-23T09:38:09,3000.0,60.8,S
2021-07-23T09:38:09,200.0,60.8,S
2021-07-23T09:38:05,5000.0,60.8,S
2021-07-23T09:38:04,2700.0,60.8,S
2021-07-23T09:38:01,2000.0,60.8,S
2021-07-23T09:38:00,700.0,60.9,B
2021-07-23T09:37:58,500.0,60.8,S
2021-07-23T09:37:57,2000.0,60.8,S
2021-07-23T09:37:52,5000.0,60.8,S
2021-07-23T09:37:45,3000.0,60.8,S
2021-07-23T09:37:42,3000.0,60.9,S
2021-07-23T09:37:39,6700.0,60.9,S
2021-07-23T09:37:37,200.0,60.9,S
2021-07-23T09:37:35,2000.0,60.9,S
2021-07-23T09:37:34,100.0,61.0,B
2021-07-23T09:37:22,3000.0,60.8,S
2021-07-23T09:37:21,400.0,61.0,B
2021-07-23T09:37:20,4000.0,60.8,S
2021-07-23T09:37:18,3700.0,60.8,S
2021-07-23T09:37:13,2700.0,60.8,S
2021-07-23T09:37:11,1000.0,60.8,S
2021-07-23T09:37:11,1000.0,60.9,S
2021-07-23T09:37:07,3000.0,60.8,S
2021-07-23T09:37:05,100.0,61.0,B
2021-07-23T09:37:03,3000.0,60.8,S
2021-07-23T09:36:59,5000.0,60.8,S
2021-07-23T09:36:59,1700.0,60.8,S
2021-07-23T09:36:54,5000.0,60.8,S
2021-07-23T09:36:52,2700.0,60.8,S
2021-07-23T09:36:51,4000.0,60.8,S
2021-07-23T09:36:48,2000.0,60.8,S
2021-07-23T09:36:47,3000.0,60.8,S
2021-07-23T09:36:44,400.0,61.0,B
2021-07-23T09:36:41,5000.0,60.9,S
2021-07-23T09:36:39,1200.0,60.9,S
2021-07-23T09:36:39,3100.0,60.9,S
2021-07-23T09:36:34,2700.0,60.9,S
2021-07-23T09:36:34,4000.0,60.9,S
2021-07-23T09:36:28,4100.0,60.9,S
2021-07-23T09:36:28,900.0,60.9,S
2021-07-23T09:36:27,1300.0,60.9,S
2021-07-23T09:36:24,4000.0,60.9,S
2021-07-23T09:36:22,50000.0,61.0,B
2021-07-23T09:36:21,2700.0,60.9,S
2021-07-23T09:36:20,3000.0,60.9,S
2021-07-23T09:36:20,2200.0,60.9,S
2021-07-23T09:36:12,2000.0,60.9,S
2021-07-23T09:36:12,1700.0,60.9,S
2021-07-23T09:36:09,3000.0,60.8,S
2021-07-23T09:36:07,1000.0,60.9,B
2021-07-23T09:36:04,5600.0,60.9,S
2021-07-23T09:36:00,5000.0,60.9,S
2021-07-23T09:35:59,2700.0,60.9,S
2021-07-23T09:35:57,300.0,60.9,S
2021-07-23T09:35:57,1200.0,60.9,S
2021-07-23T09:35:56,5000.0,60.9,S
2021-07-23T09:35:50,2000.0,60.9,S
2021-07-23T09:35:49,600.0,60.9,S
2021-07-23T09:35:49,7300.0,60.9,B
2021-07-23T09:35:47,2000.0,60.8,S
2021-07-23T09:35:47,100.0,60.9,B
2021-07-23T09:35:46,600.0,60.8,S
2021-07-23T09:35:46,2100.0,60.8,S
2021-07-23T09:35:45,2700.0,60.8,S
2021-07-23T09:35:45,300.0,60.9,B
2021-07-23T09:35:44,3000.0,60.8,S
2021-07-23T09:35:43,600.0,60.8,S
2021-07-23T09:35:43,50000.0,60.9,B
2021-07-23T09:35:40,4000.0,60.8,S
2021-07-23T09:35:37,2200.0,60.8,S
2021-07-23T09:35:35,600.0,60.8,S
2021-07-23T09:35:35,3000.0,60.8,S
2021-07-23T09:35:31,3000.0,60.9,B
2021-07-23T09:35:31,4000.0,60.8,S
2021-07-23T09:35:31,1000.0,60.9,B
2021-07-23T09:35:29,2700.0,60.8,S
2021-07-23T09:35:27,3000.0,60.8,S
2021-07-23T09:35:27,5900.0,60.8,S
2021-07-23T09:35:27,1000.0,60.9,B
2021-07-23T09:35:23,600.0,60.8,S
2021-07-23T09:35:23,3000.0,60.8,S
2021-07-23T09:35:22,2000.0,60.8,S
2021-07-23T09:35:19,3000.0,60.8,S
2021-07-23T09:35:17,2700.0,60.8,S
2021-07-23T09:35:17,600.0,60.8,S
2021-07-23T09:35:16,4000.0,60.8,S
2021-07-23T09:35:14,1800.0,60.8,S
2021-07-23T09:35:12,2000.0,60.8,S
2021-07-23T09:35:11,600.0,60.8,S
2021-07-23T09:35:09,5000.0,60.8,S
2021-07-23T09:35:07,1900.0,60.8,S
2021-07-23T09:35:07,600.0,60.8,S
2021-07-23T09:35:06,5000.0,60.8,S
2021-07-23T09:35:04,10000.0,60.9,B
2021-07-23T09:35:02,5900.0,60.8,S
2021-07-23T09:35:02,2000.0,60.8,S
2021-07-23T09:34:59,1400.0,60.8,S
2021-07-23T09:34:58,600.0,60.8,S
2021-07-23T09:34:57,500.0,60.8,S
2021-07-23T09:34:57,4000.0,60.8,S
2021-07-23T09:34:55,1300.0,60.8,B
2021-07-23T09:34:54,2700.0,60.7,S
2021-07-23T09:34:51,1900.0,60.7,S
2021-07-23T09:34:50,600.0,60.7,S
2021-07-23T09:34:49,4800.0,60.8,S
2021-07-23T09:34:48,2200.0,60.8,B
2021-07-23T09:34:40,2000.0,60.8,S
2021-07-23T09:34:40,300.0,60.8,S
2021-07-23T09:34:40,2000.0,60.8,S
2021-07-23T09:34:39,700.0,60.8,B
2021-07-23T09:34:34,2700.0,60.7,S
2021-07-23T09:34:32,2700.0,60.8,S
2021-07-23T09:34:30,1200.0,60.8,S
2021-07-23T09:34:27,100.0,60.7,S
2021-07-23T09:34:26,1200.0,60.8,B
2021-07-23T09:34:26,200.0,60.8,B
2021-07-23T09:34:20,1700.0,60.8,S
2021-07-23T09:34:19,2700.0,60.8,S
2021-07-23T09:34:12,1300.0,60.8,S
2021-07-23T09:34:05,2200.0,60.8,S
2021-07-23T09:33:58,2700.0,60.7,S
2021-07-23T09:33:55,1000.0,60.8,S
2021-07-23T09:33:54,19000.0,60.8,B
2021-07-23T09:33:48,30000.0,60.8,B
2021-07-23T09:33:46,300.0,60.8,B
2021-07-23T09:33:44,50000.0,60.8,B
2021-07-23T09:33:39,1000.0,60.8,B
2021-07-23T09:33:37,2700.0,60.7,S
2021-07-23T09:33:34,1400.0,60.7,S
2021-07-23T09:33:32,2200.0,60.8,S
2021-07-23T09:33:28,2000.0,60.8,S
2021-07-23T09:33:18,3000.0,60.8,S
2021-07-23T09:33:17,2700.0,60.8,S
2021-07-23T09:33:17,2200.0,60.8,S
2021-07-23T09:33:14,4000.0,60.8,S
2021-07-23T09:33:12,83900.0,60.8,S
2021-07-23T09:33:12,1000.0,60.8,B
2021-07-23T09:33:09,5000.0,60.8,B
2021-07-23T09:33:02,1000.0,60.8,B
2021-07-23T09:33:02,1700.0,60.8,B
2021-07-23T09:33:01,100.0,60.8,B
2021-07-23T09:33:00,1300.0,60.7,S
2021-07-23T09:32:59,12400.0,60.8,B
2021-07-23T09:32:58,5900.0,60.8,S
2021-07-23T09:32:57,2700.0,60.8,S
2021-07-23T09:32:56,4000.0,60.8,S
2021-07-23T09:32:52,2400.0,60.8,S
2021-07-23T09:32:50,27600.0,60.8,B
2021-07-23T09:32:49,2000.0,60.7,S
2021-07-23T09:32:44,100.0,60.7,S
2021-07-23T09:32:39,1300.0,60.7,S
2021-07-23T09:32:36,800.0,60.8,B
2021-07-23T09:32:34,4000.0,60.8,B
2021-07-23T09:32:34,21000.0,60.8,B
2021-07-23T09:32:32,1400.0,60.7,S
2021-07-23T09:32:32,2700.0,60.7,S
2021-07-23T09:32:29,1000.0,60.8,B
2021-07-23T09:32:27,29900.0,60.8,B
2021-07-23T09:32:27,5100.0,60.8,B
2021-07-23T09:32:24,5900.0,60.7,S
2021-07-23T09:32:23,1600.0,60.7,S
2021-07-23T09:32:21,2700.0,60.7,S
2021-07-23T09:32:17,1000.0,60.7,S
2021-07-23T09:32:14,2100.0,60.7,S
2021-07-23T09:32:06,3400.0,60.8,B
2021-07-23T09:31:55,1900.0,60.6,S
2021-07-23T09:31:55,800.0,60.7,S
2021-07-23T09:31:54,1000.0,60.8,B
2021-07-23T09:31:35,4200.0,60.8,B
2021-07-23T09:31:35,800.0,60.7,B
2021-07-23T09:31:30,100.0,60.7,B
2021-07-23T09:31:27,3100.0,60.7,S
2021-07-23T09:31:19,500.0,60.7,S
2021-07-23T09:31:19,2200.0,60.7,S
2021-07-23T09:31:02,2700.0,60.7,S
2021-07-23T09:30:53,1000.0,60.7,S
2021-07-23T09:30:40,1000.0,60.7,S
2021-07-23T09:30:34,200.0,60.7,S
2021-07-23T09:30:29,100.0,60.7,S
2021-07-23T09:30:00,1100.0,60.7,S
2021-07-23T09:29:58,42200.0,60.7,B
2021-07-23T09:29:39,500.0,60.7,B
2021-07-23T09:29:35,10000.0,60.7,B
2021-07-23T09:29:35,18500.0,60.6,B
2021-07-23T09:29:32,2700.0,60.5,S
2021-07-23T09:29:26,1000.0,60.6,B
2021-07-23T09:29:24,5000.0,60.6,B
2021-07-23T09:29:22,100.0,60.6,B
2021-07-23T09:29:18,35000.0,60.6,B
2021-07-23T09:29:16,1100.0,60.6,B
2021-07-23T09:29:12,1900.0,60.6,B
2021-07-23T09:29:09,1000.0,60.6,B
2021-07-23T09:29:03,1700.0,60.5,S
2021-07-23T09:28:57,2300.0,60.5,S
2021-07-23T09:28:57,100.0,60.5,S
2021-07-23T09:28:57,300.0,60.5,S
2021-07-23T09:28:57,2000.0,60.6,B
2021-07-23T09:28:51,3500.0,60.6,S
2021-07-23T09:28:44,1300.0,60.6,S
2021-07-23T09:28:41,1000.0,60.6,S
2021-07-23T09:28:36,4500.0,60.6,S
2021-07-23T09:28:18,2700.0,60.6,S
2021-07-23T09:28:16,27100.0,60.6,B
2021-07-23T09:28:16,300.0,60.6,B
2021-07-23T09:28:16,20000.0,60.6,B
2021-07-23T09:28:06,500.0,60.6,B
2021-07-23T09:28:05,2200.0,60.6,S
2021-07-23T09:27:59,100.0,60.6,S
2021-07-23T09:27:53,2700.0,60.5,S
2021-07-23T09:27:41,2000.0,60.6,S
2021-07-23T09:27:38,200.0,60.6,S
2021-07-23T09:27:36,500.0,60.6,S
2021-07-23T09:27:22,2700.0,60.6,S
2021-07-23T09:27:08,1000.0,60.7,B
2021-07-23T09:27:03,100.0,60.5,S
2021-07-23T09:26:58,300.0,60.5,S
2021-07-23T09:26:56,300.0,60.5,S
2021-07-23T09:26:55,300.0,60.5,S
2021-07-23T09:26:53,2700.0,60.5,S
2021-07-23T09:26:51,300.0,60.5,S
2021-07-23T09:26:46,300.0,60.5,S
2021-07-23T09:26:44,300.0,60.5,S
2021-07-23T09:26:41,300.0,60.5,S
2021-07-23T09:26:38,300.0,60.5,S
2021-07-23T09:26:36,300.0,60.7,B
2021-07-23T09:26:34,300.0,60.5,S
2021-07-23T09:26:32,6300.0,60.5,S
2021-07-23T09:26:31,300.0,60.6,S
2021-07-23T09:26:28,300.0,60.6,S
2021-07-23T09:26:27,2700.0,60.6,S
2021-07-23T09:26:25,300.0,60.7,S
2021-07-23T09:26:21,300.0,60.7,S
2021-07-23T09:26:19,200.0,60.7,S
2021-07-23T09:26:18,2000.0,60.7,S
2021-07-23T09:26:06,400.0,60.7,S
2021-07-23T09:26:03,400.0,60.6,S
2021-07-23T09:26:02,2000.0,60.6,S
2021-07-23T09:26:01,1700.0,60.6,S
2021-07-23T09:25:59,300.0,60.6,S
2021-07-23T09:25:55,300.0,60.6,S
2021-07-23T09:25:53,2700.0,60.5,S
2021-07-23T09:25:53,300.0,60.5,S
2021-07-23T09:25:52,1200.0,60.5,S
2021-07-23T09:25:50,3000.0,60.5,S
2021-07-23T09:25:50,1500.0,60.6,S
2021-07-23T09:25:50,1000.0,60.8,B
2021-07-23T09:25:50,500.0,60.6,S
2021-07-23T09:25:50,1500.0,60.8,B
2021-07-23T09:25:50,500.0,60.8,B
2021-07-23T09:25:50,300.0,60.5,S
2021-07-23T09:25:47,300.0,60.5,S
2021-07-23T09:25:46,500.0,60.5,S
2021-07-23T09:25:43,300.0,60.5,S
2021-07-23T09:25:42,2200.0,60.5,S
2021-07-23T09:25:40,300.0,60.5,S
2021-07-23T09:25:40,4500.0,60.5,S
2021-07-23T09:25:37,300.0,60.5,S
2021-07-23T09:25:33,1900.0,60.5,S
2021-07-23T09:25:32,300.0,60.5,S
2021-07-23T09:25:29,300.0,60.5,S
2021-07-23T09:25:28,4500.0,60.6,S
2021-07-23T09:25:27,1800.0,60.6,S
2021-07-23T09:25:26,300.0,60.6,S
2021-07-23T09:25:22,3300.0,60.6,S
2021-07-23T09:25:16,1700.0,60.5,S
2021-07-23T09:25:11,100.0,60.5,S
2021-07-23T09:25:09,500.0,60.5,S
2021-07-23T09:25:08,1600.0,60.5,S
2021-07-23T09:25:06,300.0,60.7,S
2021-07-23T09:25:02,300.0,60.5,S
2021-07-23T09:25:00,300.0,60.5,S
2021-07-23T09:24:56,300.0,60.5,S
2021-07-23T09:24:54,2200.0,60.7,S
2021-07-23T09:24:53,300.0,60.7,S
2021-07-23T09:24:50,300.0,60.7,S
2021-07-23T09:24:47,7200.0,60.7,B
2021-07-23T09:24:46,300.0,60.5,S
2021-07-23T09:24:46,1300.0,60.5,S
2021-07-23T09:24:43,300.0,60.5,S
2021-07-23T09:24:41,300.0,60.5,S
2021-07-23T09:24:37,300.0,60.5,S
2021-07-23T09:24:37,3300.0,60.5,S
2021-07-23T09:24:34,1600.0,60.5,S
2021-07-23T09:24:34,300.0,60.5,S
2021-07-23T09:24:30,300.0,60.5,S
2021-07-23T09:24:25,100.0,60.5,S
2021-07-23T09:24:19,5000.0,60.5,S
2021-07-23T09:24:16,400.0,60.5,S
2021-07-23T09:24:11,3300.0,60.5,S
2021-07-23T09:24:11,300.0,60.5,S
2021-07-23T09:24:11,2500.0,60.7,B
2021-07-23T09:24:09,300.0,60.5,S
2021-07-23T09:24:04,300.0,60.5,S
2021-07-23T09:24:02,300.0,60.5,S
2021-07-23T09:23:58,300.0,60.5,S
2021-07-23T09:23:58,1900.0,60.5,S
2021-07-23T09:23:56,300.0,60.5,S
2021-07-23T09:23:52,300.0,60.5,S
2021-07-23T09:23:52,5000.0,60.5,S
2021-07-23T09:23:49,300.0,60.5,S
2021-07-23T09:23:45,300.0,60.5,S
2021-07-23T09:23:42,3300.0,60.5,S
2021-07-23T09:23:42,300.0,60.5,S
2021-07-23T09:23:40,300.0,60.5,S
2021-07-23T09:23:39,300.0,60.5,S
2021-07-23T09:23:39,3000.0,60.7,B
2021-07-23T09:23:36,2000.0,60.5,S
2021-07-23T09:23:31,1600.0,60.5,B
2021-07-23T09:23:23,600.0,60.5,B
2021-07-23T09:23:23,1800.0,60.5,S
2021-07-23T09:23:18,300.0,60.5,S
2021-07-23T09:23:15,300.0,60.5,S
2021-07-23T09:23:11,300.0,60.5,S
2021-07-23T09:23:09,300.0,60.5,S
2021-07-23T09:23:06,300.0,60.5,S
2021-07-23T09:23:04,100.0,60.5,S
2021-07-23T09:23:04,3000.0,60.5,B
2021-07-23T09:23:01,100.0,60.4,S
2021-07-23T09:23:01,200.0,60.4,S
2021-07-23T09:23:01,500.0,60.5,B
2021-07-23T09:22:57,300.0,60.4,S
2021-07-23T09:22:53,300.0,60.4,S
2021-07-23T09:22:51,1000.0,60.5,B
2021-07-23T09:22:49,300.0,60.4,S
2021-07-23T09:22:44,300.0,60.4,S
2021-07-23T09:22:44,500.0,60.5,B
2021-07-23T09:22:40,300.0,60.4,S
2021-07-23T09:22:38,3000.0,60.5,B
2021-07-23T09:22:34,300.0,60.4,S
2021-07-23T09:22:31,100.0,60.5,B
2021-07-23T09:22:29,100.0,60.4,S
2021-07-23T09:22:26,2500.0,60.5,S
2021-07-23T09:22:22,9000.0,60.5,B
2021-07-23T09:22:13,700.0,60.5,B
2021-07-23T09:22:07,400.0,60.5,B
2021-07-23T09:21:50,100.0,60.4,S
2021-07-23T09:21:44,100.0,60.5,B
2021-07-23T09:21:43,4000.0,60.5,B
2021-07-23T09:21:34,9000.0,60.4,S
2021-07-23T09:21:17,10000.0,60.4,S
2021-07-23T09:21:17,3300.0,60.5,B
2021-07-23T09:20:48,1800.0,60.4,B
2021-07-23T09:20:43,200.0,60.4,B
2021-07-23T09:20:39,3000.0,60.4,S
2021-07-23T09:20:24,200.0,60.5,B
2021-07-23T09:20:18,300.0,60.5,B
2021-07-23T09:20:09,2000.0,60.5,B
2021-07-23T09:19:39,3000.0,60.3,S
2021-07-23T09:19:22,2000.0,60.3,S
2021-07-23T09:19:13,700.0,60.3,B
2021-07-23T09:19:01,4500.0,60.3,B
2021-07-23T09:19:01,1000.0,60.3,B
2021-07-23T09:18:52,100.0,60.3,B
2021-07-23T09:18:49,300.0,60.2,S
2021-07-23T09:18:39,500.0,60.2,S
2021-07-23T09:18:39,7400.0,60.3,B
2021-07-23T09:18:32,100.0,60.3,B
2021-07-23T09:18:27,100.0,60.3,B
2021-07-23T09:18:21,3500.0,60.3,B
2021-07-23T09:18:19,1400.0,60.3,S
2021-07-23T09:18:18,900.0,60.3,S
2021-07-23T09:18:09,9900.0,60.5,B
2021-07-23T09:18:07,100.0,60.3,S
2021-07-23T09:18:04,100.0,60.4,B
2021-07-23T09:17:56,500.0,60.4,S
2021-07-23T09:17:56,100.0,60.4,S
2021-07-23T09:17:43,200.0,60.5,B
2021-07-23T09:17:37,100.0,60.5,B
2021-07-23T09:17:33,700.0,60.5,S
2021-07-23T09:17:30,2000.0,60.5,S
2021-07-23T09:17:29,4000.0,60.5,S
2021-07-23T09:17:28,500.0,60.5,S
2021-07-23T09:17:25,1000.0,60.5,S
2021-07-23T09:17:19,1700.0,60.5,S
2021-07-23T09:17:19,1300.0,60.5,S
2021-07-23T09:17:12,200.0,60.5,S
2021-07-23T09:17:05,2500.0,60.5,S
2021-07-23T09:16:57,300.0,60.5,S
2021-07-23T09:16:54,100.0,60.5,S
2021-07-23T09:16:52,200.0,60.5,S
2021-07-23T09:16:48,500.0,60.5,S
2021-07-23T09:16:45,200.0,60.5,S
2021-07-23T09:16:43,600.0,60.5,S
2021-07-23T09:16:43,2400.0,60.5,S
2021-07-23T09:16:09,200.0,60.6,S
