tradingTime,volume,price,side
2021-07-12T14:30:00,1000.0,9.55,B
2021-07-12T14:29:46,200.0,9.55,B
2021-07-12T14:29:46,300.0,9.55,B
2021-07-12T14:29:46,1500.0,9.5,B
2021-07-12T14:29:46,300.0,9.5,B
2021-07-12T14:29:46,2700.0,9.5,B
2021-07-12T14:29:39,5000.0,9.49,S
2021-07-12T14:29:35,4000.0,9.5,B
2021-07-12T14:29:24,4000.0,9.5,B
2021-07-12T14:29:11,4000.0,9.5,B
2021-07-12T14:29:00,800.0,9.5,B
2021-07-12T14:29:00,2200.0,9.5,B
2021-07-12T14:28:58,3000.0,9.49,S
2021-07-12T14:28:50,2000.0,9.49,S
2021-07-12T14:28:49,1800.0,9.49,B
2021-07-12T14:28:49,500.0,9.49,B
2021-07-12T14:28:49,2700.0,9.49,B
2021-07-12T14:28:49,2300.0,9.49,B
2021-07-12T14:28:49,500.0,9.49,B
2021-07-12T14:28:49,500.0,9.49,B
2021-07-12T14:28:49,6700.0,9.49,B
2021-07-12T14:28:45,5000.0,9.49,B
2021-07-12T14:28:43,2000.0,9.49,B
2021-07-12T14:28:38,100.0,9.49,B
2021-07-12T14:28:37,3000.0,9.49,B
2021-07-12T14:28:31,200.0,9.49,B
2021-07-12T14:28:26,600.0,9.49,B
2021-07-12T14:28:26,3400.0,9.49,B
2021-07-12T14:28:26,100.0,9.49,B
2021-07-12T14:28:19,500.0,9.49,B
2021-07-12T14:28:16,600.0,9.49,B
2021-07-12T14:28:16,300.0,9.49,B
2021-07-12T14:28:16,6200.0,9.49,B
2021-07-12T14:28:16,1900.0,9.49,B
2021-07-12T14:28:16,5000.0,9.49,B
2021-07-12T14:28:16,3900.0,9.49,B
2021-07-12T14:28:16,2100.0,9.49,B
2021-07-12T14:28:15,5000.0,9.49,B
2021-07-12T14:28:14,2000.0,9.49,B
2021-07-12T14:28:14,2000.0,9.49,B
2021-07-12T14:28:12,1000.0,9.49,B
2021-07-12T14:28:06,5000.0,9.49,B
2021-07-12T14:28:03,2000.0,9.49,B
2021-07-12T14:27:59,5000.0,9.49,B
2021-07-12T14:27:49,1000.0,9.49,B
2021-07-12T14:27:49,800.0,9.49,B
2021-07-12T14:27:47,500.0,9.49,B
2021-07-12T14:27:41,11000.0,9.49,B
2021-07-12T14:27:41,20000.0,9.49,B
2021-07-12T14:27:39,3000.0,9.49,B
2021-07-12T14:27:35,1000.0,9.49,B
2021-07-12T14:27:29,4000.0,9.49,B
2021-07-12T14:27:21,10000.0,9.49,B
2021-07-12T14:27:18,1100.0,9.49,B
2021-07-12T14:27:18,1000.0,9.49,B
2021-07-12T14:27:18,7900.0,9.49,B
2021-07-12T14:27:16,1600.0,9.49,B
2021-07-12T14:27:15,100.0,9.49,B
2021-07-12T14:27:12,1000.0,9.49,B
2021-07-12T14:27:10,100.0,9.49,B
2021-07-12T14:27:07,300.0,9.49,B
2021-07-12T14:27:05,2000.0,9.49,B
2021-07-12T14:27:04,7200.0,9.49,B
2021-07-12T14:27:04,2000.0,9.49,B
2021-07-12T14:27:04,800.0,9.49,B
2021-07-12T14:27:04,1100.0,9.49,B
2021-07-12T14:27:04,2500.0,9.49,B
2021-07-12T14:27:04,26400.0,9.49,B
2021-07-12T14:26:55,100.0,9.49,B
2021-07-12T14:26:50,1000.0,9.49,B
2021-07-12T14:26:39,2000.0,9.49,B
2021-07-12T14:26:27,1000.0,9.49,B
2021-07-12T14:26:17,100.0,9.49,B
2021-07-12T14:26:16,1500.0,9.49,B
2021-07-12T14:26:02,1000.0,9.49,B
2021-07-12T14:25:50,3000.0,9.49,B
2021-07-12T14:25:49,9400.0,9.49,B
2021-07-12T14:25:40,2000.0,9.49,B
2021-07-12T14:25:16,10000.0,9.49,B
2021-07-12T14:24:40,10000.0,9.49,B
2021-07-12T14:24:05,100.0,9.49,B
2021-07-12T14:23:39,100.0,9.49,B
2021-07-12T14:20:27,100.0,9.49,B
2021-07-12T14:19:56,100.0,9.49,B
2021-07-12T14:19:34,100.0,9.49,B
2021-07-12T14:19:30,100.0,9.49,B
2021-07-12T14:17:46,500.0,9.49,B
2021-07-12T14:16:06,4100.0,9.49,B
2021-07-12T14:13:32,200.0,9.49,B
2021-07-12T14:11:11,100.0,9.49,B
2021-07-12T14:07:17,500.0,9.49,B
2021-07-12T14:07:04,300.0,9.49,B
2021-07-12T14:04:48,200.0,9.49,B
2021-07-12T14:03:58,1000.0,9.49,B
2021-07-12T14:03:50,100.0,9.49,B
2021-07-12T14:02:01,500.0,9.49,B
2021-07-12T14:01:17,100.0,9.49,B
2021-07-12T13:59:53,500.0,9.49,B
2021-07-12T13:55:02,900.0,9.49,B
2021-07-12T13:50:47,200.0,9.49,B
2021-07-12T13:48:14,1000.0,9.49,B
2021-07-12T13:47:28,1000.0,9.49,B
2021-07-12T13:47:08,1500.0,9.49,B
2021-07-12T13:44:58,200.0,9.49,B
2021-07-12T13:43:26,100.0,9.49,B
2021-07-12T13:43:02,100.0,9.49,B
2021-07-12T13:40:26,500.0,9.49,B
2021-07-12T13:40:02,3000.0,9.49,B
2021-07-12T13:39:31,100.0,9.49,B
2021-07-12T13:39:00,200.0,9.49,B
2021-07-12T13:38:58,500.0,9.49,B
2021-07-12T13:38:21,100.0,9.49,B
2021-07-12T13:34:43,100.0,9.49,B
2021-07-12T13:34:23,5000.0,9.49,B
2021-07-12T13:33:03,100.0,9.49,B
2021-07-12T13:31:58,3500.0,9.49,B
2021-07-12T13:31:21,100.0,9.49,B
2021-07-12T13:30:58,1000.0,9.49,B
2021-07-12T13:29:58,300.0,9.49,B
2021-07-12T13:28:36,300.0,9.49,B
2021-07-12T13:28:16,2000.0,9.49,B
2021-07-12T13:27:33,2000.0,9.49,B
2021-07-12T13:26:52,1000.0,9.49,B
2021-07-12T13:26:33,1100.0,9.49,B
2021-07-12T13:23:44,5000.0,9.49,B
2021-07-12T13:23:36,2000.0,9.49,B
2021-07-12T13:23:10,5600.0,9.49,B
2021-07-12T13:23:09,1400.0,9.49,B
2021-07-12T13:22:34,1000.0,9.49,B
2021-07-12T13:21:52,500.0,9.49,B
2021-07-12T13:21:03,200.0,9.49,B
2021-07-12T13:20:39,200.0,9.49,B
2021-07-12T13:20:20,600.0,9.49,B
2021-07-12T13:20:06,100.0,9.49,B
2021-07-12T13:19:04,100.0,9.49,B
2021-07-12T13:19:04,1000.0,9.49,B
2021-07-12T13:18:55,100.0,9.49,B
2021-07-12T13:18:50,100.0,9.49,B
2021-07-12T13:18:39,8000.0,9.49,B
2021-07-12T13:17:58,500.0,9.49,B
2021-07-12T13:17:14,1000.0,9.49,B
2021-07-12T13:17:13,2000.0,9.49,B
2021-07-12T13:16:55,100.0,9.49,B
2021-07-12T13:16:04,200.0,9.49,S
2021-07-12T13:16:03,100.0,9.49,B
2021-07-12T13:15:58,400.0,9.49,S
2021-07-12T13:15:48,5000.0,9.49,S
2021-07-12T13:14:54,1400.0,9.49,B
2021-07-12T13:14:27,1000.0,9.49,B
2021-07-12T13:14:17,100.0,9.49,B
2021-07-12T13:14:17,4600.0,9.49,B
2021-07-12T13:14:13,100.0,9.49,B
2021-07-12T13:14:11,200.0,9.49,B
2021-07-12T13:13:58,200.0,9.49,B
2021-07-12T13:13:58,500.0,9.49,B
2021-07-12T13:13:58,800.0,9.49,B
2021-07-12T13:13:57,3500.0,9.49,B
2021-07-12T13:13:29,5000.0,9.49,B
2021-07-12T13:12:55,300.0,9.49,B
2021-07-12T13:12:55,500.0,9.49,B
2021-07-12T13:12:41,1000.0,9.49,B
2021-07-12T13:12:38,1400.0,9.49,B
2021-07-12T13:12:05,200.0,9.49,B
2021-07-12T13:11:58,1000.0,9.49,B
2021-07-12T13:11:57,500.0,9.49,B
2021-07-12T13:11:47,2000.0,9.49,B
2021-07-12T13:11:47,100.0,9.49,B
2021-07-12T13:11:39,500.0,9.49,B
2021-07-12T13:11:36,3000.0,9.49,B
2021-07-12T13:11:28,5000.0,9.49,B
2021-07-12T13:11:08,1000.0,9.49,B
2021-07-12T13:10:34,300.0,9.49,B
2021-07-12T13:10:22,1000.0,9.49,S
2021-07-12T13:10:22,1900.0,9.49,S
2021-07-12T13:10:16,8300.0,9.49,S
2021-07-12T13:10:16,1700.0,9.49,S
2021-07-12T13:09:52,100.0,9.49,S
2021-07-12T13:09:08,2000.0,9.49,S
2021-07-12T13:08:59,1400.0,9.49,B
2021-07-12T13:08:49,1000.0,9.49,B
2021-07-12T13:08:47,1000.0,9.49,B
2021-07-12T13:08:43,6000.0,9.49,B
2021-07-12T13:08:41,1000.0,9.49,B
2021-07-12T13:08:40,100.0,9.49,B
2021-07-12T13:08:35,1600.0,9.49,B
2021-07-12T13:08:20,100.0,9.49,B
2021-07-12T13:08:02,3200.0,9.49,B
2021-07-12T13:07:45,1000.0,9.49,S
2021-07-12T13:07:43,700.0,9.49,S
2021-07-12T13:07:29,11200.0,9.49,S
2021-07-12T13:07:29,1200.0,9.49,S
2021-07-12T13:07:29,1200.0,9.49,S
2021-07-12T13:07:29,2000.0,9.49,S
2021-07-12T13:07:29,2500.0,9.49,S
2021-07-12T13:07:29,1900.0,9.49,S
2021-07-12T13:06:42,500.0,9.5,B
2021-07-12T13:06:38,100.0,9.5,B
2021-07-12T13:05:30,5000.0,9.5,B
2021-07-12T13:05:27,3100.0,9.49,S
2021-07-12T13:04:59,200.0,9.5,B
2021-07-12T13:04:57,500.0,9.49,S
2021-07-12T13:04:57,1500.0,9.49,S
2021-07-12T13:04:41,200.0,9.5,B
2021-07-12T13:04:39,100.0,9.5,B
2021-07-12T13:04:31,500.0,9.5,B
2021-07-12T13:04:22,2000.0,9.5,S
2021-07-12T13:04:21,300.0,9.5,S
2021-07-12T13:04:12,900.0,9.49,S
2021-07-12T13:04:12,2800.0,9.5,S
2021-07-12T13:04:11,1300.0,9.5,S
2021-07-12T13:03:52,700.0,9.5,S
2021-07-12T13:03:32,2000.0,9.5,B
2021-07-12T13:03:16,2300.0,9.5,S
2021-07-12T13:03:03,3000.0,9.5,S
2021-07-12T13:02:25,1900.0,9.5,B
2021-07-12T13:02:25,1000.0,9.5,B
2021-07-12T13:02:15,1000.0,9.5,S
2021-07-12T13:02:15,200.0,9.5,S
2021-07-12T13:02:14,1100.0,9.5,S
2021-07-12T13:00:55,300.0,9.5,S
2021-07-12T13:00:37,200.0,9.55,S
2021-07-12T13:00:10,100.0,9.6,B
2021-07-12T13:00:03,1000.0,9.55,S
2021-07-12T13:00:03,100.0,9.6,B
2021-07-12T11:29:54,200.0,9.6,B
2021-07-12T11:28:51,100.0,9.5,S
2021-07-12T11:28:39,2600.0,9.5,B
2021-07-12T11:28:17,1000.0,9.49,S
2021-07-12T11:27:54,2000.0,9.5,B
2021-07-12T11:26:50,400.0,9.49,S
2021-07-12T11:26:50,1600.0,9.49,S
2021-07-12T11:26:50,6300.0,9.49,S
2021-07-12T11:26:50,1700.0,9.49,S
2021-07-12T11:26:14,200.0,9.5,B
2021-07-12T11:26:01,100.0,9.5,B
2021-07-12T11:26:01,400.0,9.5,B
2021-07-12T11:24:56,3000.0,9.5,B
2021-07-12T11:24:43,1400.0,9.5,B
2021-07-12T11:24:28,2100.0,9.49,S
2021-07-12T11:24:22,1100.0,9.5,B
2021-07-12T11:24:20,1400.0,9.5,B
2021-07-12T11:23:54,1000.0,9.5,B
2021-07-12T11:23:20,200.0,9.5,B
2021-07-12T11:23:19,100.0,9.5,B
2021-07-12T11:22:47,1000.0,9.5,B
2021-07-12T11:21:45,100.0,9.5,B
2021-07-12T11:21:40,43900.0,9.5,S
2021-07-12T11:21:28,1000.0,9.61,B
2021-07-12T11:20:55,100.0,9.6,S
2021-07-12T11:20:53,2500.0,9.6,S
2021-07-12T11:20:11,300.0,9.6,S
2021-07-12T11:20:02,200.0,9.6,S
2021-07-12T11:19:42,100.0,9.6,S
2021-07-12T11:18:54,2000.0,9.64,B
2021-07-12T11:18:37,100.0,9.6,S
2021-07-12T11:18:35,100.0,9.6,S
2021-07-12T11:18:08,900.0,9.64,B
2021-07-12T11:17:17,2000.0,9.65,B
2021-07-12T11:17:13,200.0,9.6,S
2021-07-12T11:17:03,100.0,9.6,S
2021-07-12T11:16:26,1000.0,9.65,B
2021-07-12T11:15:41,1700.0,9.65,B
2021-07-12T11:15:41,300.0,9.64,B
2021-07-12T11:15:33,1000.0,9.65,B
2021-07-12T11:14:30,5000.0,9.65,B
2021-07-12T11:14:07,1000.0,9.65,B
2021-07-12T11:13:58,500.0,9.49,S
2021-07-12T11:13:55,800.0,9.49,B
2021-07-12T11:13:47,11100.0,9.49,S
2021-07-12T11:13:47,8100.0,9.49,S
2021-07-12T11:13:23,1000.0,9.65,B
2021-07-12T11:13:11,2000.0,9.63,B
2021-07-12T11:12:50,25000.0,9.49,S
2021-07-12T11:12:40,2400.0,9.6,S
2021-07-12T11:12:38,800.0,9.5,S
2021-07-12T11:12:35,1300.0,9.5,B
2021-07-12T11:12:32,2000.0,9.5,B
2021-07-12T11:12:29,5000.0,9.5,B
2021-07-12T11:12:22,200.0,9.49,S
2021-07-12T11:12:22,22200.0,9.49,B
2021-07-12T11:12:21,200.0,9.49,B
2021-07-12T11:12:18,10000.0,9.49,B
2021-07-12T11:12:15,5000.0,9.49,B
2021-07-12T11:12:01,100.0,9.49,B
2021-07-12T11:11:47,100.0,9.49,B
2021-07-12T11:11:26,100.0,9.49,B
2021-07-12T11:11:09,200.0,9.49,B
2021-07-12T11:11:08,1000.0,9.49,B
2021-07-12T11:10:58,1000.0,9.49,B
2021-07-12T11:10:27,500.0,9.49,B
2021-07-12T11:10:22,200.0,9.49,B
2021-07-12T11:10:21,1000.0,9.49,B
2021-07-12T11:10:13,3000.0,9.49,B
2021-07-12T11:09:59,2000.0,9.49,B
2021-07-12T11:09:30,400.0,9.49,B
2021-07-12T11:08:53,500.0,9.49,B
2021-07-12T11:08:34,100.0,9.49,B
2021-07-12T11:08:26,1600.0,9.49,S
2021-07-12T11:08:14,2400.0,9.49,B
2021-07-12T11:08:10,400.0,9.49,S
2021-07-12T11:08:02,700.0,9.49,S
2021-07-12T11:08:02,1100.0,9.49,S
2021-07-12T11:08:02,4300.0,9.49,S
2021-07-12T11:08:02,600.0,9.49,S
2021-07-12T11:08:02,8300.0,9.49,S
2021-07-12T11:07:58,2000.0,9.49,S
2021-07-12T11:07:48,2000.0,9.49,S
2021-07-12T11:07:44,2100.0,9.49,S
2021-07-12T11:07:44,12500.0,9.49,S
2021-07-12T11:07:44,200.0,9.49,S
2021-07-12T11:07:44,35200.0,9.49,S
2021-07-12T11:07:28,1500.0,9.49,S
2021-07-12T11:07:17,100.0,9.5,B
2021-07-12T11:07:07,300.0,9.5,B
2021-07-12T11:06:58,1000.0,9.5,B
2021-07-12T11:06:51,600.0,9.5,B
2021-07-12T11:06:51,400.0,9.5,B
2021-07-12T11:06:50,2100.0,9.5,B
2021-07-12T11:06:41,1000.0,9.49,S
2021-07-12T11:06:28,500.0,9.5,B
2021-07-12T11:06:25,1000.0,9.49,S
2021-07-12T11:06:01,1000.0,9.5,B
2021-07-12T11:05:58,3000.0,9.49,S
2021-07-12T11:05:51,1400.0,9.49,S
2021-07-12T11:05:29,1000.0,9.5,B
2021-07-12T11:05:23,1400.0,9.49,S
2021-07-12T11:05:23,7000.0,9.49,S
2021-07-12T11:05:23,1200.0,9.49,S
2021-07-12T11:05:23,400.0,9.49,S
2021-07-12T11:05:13,10000.0,9.49,S
2021-07-12T11:05:03,1200.0,9.6,B
2021-07-12T11:05:03,600.0,9.59,B
2021-07-12T11:05:03,5200.0,9.59,B
2021-07-12T11:04:46,200.0,9.5,S
2021-07-12T11:04:44,100.0,9.5,S
2021-07-12T11:04:40,1000.0,9.55,B
2021-07-12T11:04:36,300.0,9.5,S
2021-07-12T11:04:30,20400.0,9.5,B
2021-07-12T11:04:13,2000.0,9.5,B
2021-07-12T11:03:59,500.0,9.5,B
2021-07-12T11:03:30,1100.0,9.5,S
2021-07-12T11:03:13,5000.0,9.5,S
2021-07-12T11:03:06,100.0,9.5,S
2021-07-12T11:02:33,1000.0,9.5,S
2021-07-12T11:02:26,800.0,9.5,S
2021-07-12T11:02:26,300.0,9.5,S
2021-07-12T11:01:59,600.0,9.5,S
2021-07-12T11:01:49,2900.0,9.5,S
2021-07-12T11:01:49,4100.0,9.5,S
2021-07-12T11:01:45,3000.0,9.5,S
2021-07-12T11:01:39,100.0,9.55,B
2021-07-12T11:01:28,100.0,9.5,S
2021-07-12T11:01:27,1000.0,9.5,S
2021-07-12T11:01:08,100.0,9.5,S
2021-07-12T11:00:59,4500.0,9.5,S
2021-07-12T11:00:34,500.0,9.5,S
2021-07-12T11:00:33,1000.0,9.5,S
2021-07-12T10:59:21,2900.0,9.5,S
2021-07-12T10:59:14,300.0,9.5,S
2021-07-12T10:59:11,2200.0,9.5,S
2021-07-12T10:59:11,1000.0,9.5,S
2021-07-12T10:59:11,2200.0,9.5,S
2021-07-12T10:59:11,54600.0,9.5,S
2021-07-12T10:58:42,50000.0,9.5,S
2021-07-12T10:58:30,300.0,9.5,S
2021-07-12T10:58:22,100.0,9.5,S
2021-07-12T10:58:11,100.0,9.51,B
2021-07-12T10:57:23,400.0,9.5,S
2021-07-12T10:57:01,4000.0,9.5,S
2021-07-12T10:56:39,100.0,9.5,S
2021-07-12T10:56:29,100.0,9.5,S
2021-07-12T10:56:06,1500.0,9.5,S
2021-07-12T10:55:50,500.0,9.54,S
2021-07-12T10:55:33,2000.0,9.54,S
2021-07-12T10:55:33,500.0,9.55,B
2021-07-12T10:55:15,2500.0,9.54,S
2021-07-12T10:55:05,10000.0,9.5,S
2021-07-12T10:54:38,3400.0,9.5,S
2021-07-12T10:54:33,1000.0,9.5,S
2021-07-12T10:54:28,11000.0,9.5,S
2021-07-12T10:54:13,400.0,9.5,S
2021-07-12T10:53:40,11600.0,9.5,S
2021-07-12T10:53:40,1400.0,9.51,S
2021-07-12T10:53:40,4800.0,9.51,S
2021-07-12T10:53:40,300.0,9.51,S
2021-07-12T10:53:40,7200.0,9.51,S
2021-07-12T10:53:40,200.0,9.52,S
2021-07-12T10:53:25,2100.0,9.51,S
2021-07-12T10:52:59,800.0,9.52,S
2021-07-12T10:52:49,200.0,9.52,B
2021-07-12T10:51:35,1000.0,9.52,S
2021-07-12T10:51:07,2000.0,9.54,B
2021-07-12T10:50:21,1000.0,9.54,B
2021-07-12T10:50:15,1000.0,9.54,B
2021-07-12T10:49:53,200.0,9.54,S
2021-07-12T10:49:13,1000.0,9.54,S
2021-07-12T10:48:30,100.0,9.55,B
2021-07-12T10:48:01,1000.0,9.54,S
2021-07-12T10:47:07,1000.0,9.54,S
2021-07-12T10:46:03,100.0,9.54,B
2021-07-12T10:45:55,20000.0,9.55,B
2021-07-12T10:45:18,200.0,9.54,B
2021-07-12T10:44:51,600.0,9.54,B
2021-07-12T10:44:39,100.0,9.54,B
2021-07-12T10:44:38,4000.0,9.51,S
2021-07-12T10:44:37,1800.0,9.54,B
2021-07-12T10:44:18,700.0,9.54,B
2021-07-12T10:44:18,10000.0,9.54,B
2021-07-12T10:44:15,1000.0,9.54,B
2021-07-12T10:44:05,500.0,9.54,B
2021-07-12T10:43:55,2000.0,9.54,B
2021-07-12T10:43:17,400.0,9.54,B
2021-07-12T10:43:17,200.0,9.54,B
2021-07-12T10:43:10,100.0,9.54,B
2021-07-12T10:43:06,3000.0,9.54,B
2021-07-12T10:43:03,100.0,9.54,B
2021-07-12T10:42:53,200.0,9.54,B
2021-07-12T10:42:21,500.0,9.55,B
2021-07-12T10:42:15,300.0,9.55,B
2021-07-12T10:42:05,500.0,9.55,B
2021-07-12T10:41:14,500.0,9.51,S
2021-07-12T10:40:52,3000.0,9.55,S
2021-07-12T10:40:46,5500.0,9.51,S
2021-07-12T10:40:40,3200.0,9.55,S
2021-07-12T10:40:31,100.0,9.55,S
2021-07-12T10:39:37,100.0,9.55,S
2021-07-12T10:39:34,200.0,9.55,S
2021-07-12T10:39:32,3100.0,9.55,S
2021-07-12T10:39:23,4100.0,9.55,B
2021-07-12T10:39:23,1400.0,9.55,B
2021-07-12T10:39:23,5600.0,9.55,B
2021-07-12T10:39:21,3000.0,9.5,S
2021-07-12T10:39:18,4000.0,9.5,S
2021-07-12T10:39:17,4000.0,9.5,S
2021-07-12T10:38:54,10000.0,9.5,S
2021-07-12T10:38:46,10000.0,9.55,B
2021-07-12T10:38:41,10000.0,9.5,S
2021-07-12T10:38:34,2600.0,9.55,B
2021-07-12T10:38:28,600.0,9.51,S
2021-07-12T10:38:26,200.0,9.54,B
2021-07-12T10:38:25,1000.0,9.51,S
2021-07-12T10:38:23,10000.0,9.51,S
2021-07-12T10:38:18,400.0,9.51,S
2021-07-12T10:38:04,400.0,9.55,B
2021-07-12T10:37:44,300.0,9.55,S
2021-07-12T10:37:32,500.0,9.6,S
2021-07-12T10:37:05,600.0,9.6,S
2021-07-12T10:37:05,5600.0,9.6,S
2021-07-12T10:37:05,2400.0,9.6,S
2021-07-12T10:37:05,12700.0,9.6,S
2021-07-12T10:37:05,63700.0,9.6,S
2021-07-12T10:36:49,1000.0,9.61,B
2021-07-12T10:36:49,16600.0,9.61,S
2021-07-12T10:36:08,100.0,9.61,S
2021-07-12T10:36:05,5300.0,9.62,S
2021-07-12T10:36:05,2000.0,9.62,S
2021-07-12T10:36:03,3400.0,9.62,S
2021-07-12T10:35:57,100.0,9.63,B
2021-07-12T10:35:55,1000.0,9.62,S
2021-07-12T10:35:17,4000.0,9.62,S
2021-07-12T10:35:06,100.0,9.62,S
2021-07-12T10:35:05,500.0,9.62,S
2021-07-12T10:34:48,100.0,9.62,S
2021-07-12T10:34:43,1400.0,9.62,S
2021-07-12T10:34:43,2000.0,9.62,S
2021-07-12T10:34:39,200.0,9.62,S
2021-07-12T10:34:32,100.0,9.63,S
2021-07-12T10:34:32,200.0,9.63,S
2021-07-12T10:34:01,1300.0,9.65,S
2021-07-12T10:33:59,2000.0,9.65,S
2021-07-12T10:33:55,100.0,9.65,S
2021-07-12T10:33:54,500.0,9.65,S
2021-07-12T10:33:44,600.0,9.65,S
2021-07-12T10:33:40,500.0,9.65,B
2021-07-12T10:33:31,1000.0,9.65,B
2021-07-12T10:33:25,2400.0,9.65,S
2021-07-12T10:33:25,6600.0,9.65,S
2021-07-12T10:32:57,100.0,9.65,S
2021-07-12T10:32:52,100.0,9.65,S
2021-07-12T10:32:47,1600.0,9.66,S
2021-07-12T10:32:47,500.0,9.66,S
2021-07-12T10:32:13,1000.0,9.7,B
2021-07-12T10:32:13,300.0,9.7,S
2021-07-12T10:32:13,1000.0,9.7,S
2021-07-12T10:32:13,6400.0,9.7,S
2021-07-12T10:32:09,100.0,9.7,S
2021-07-12T10:32:07,1000.0,9.79,B
2021-07-12T10:32:06,1600.0,9.7,S
2021-07-12T10:31:59,1000.0,9.7,S
2021-07-12T10:31:38,1500.0,9.7,S
2021-07-12T10:31:37,2000.0,9.7,S
2021-07-12T10:31:36,100.0,9.7,S
2021-07-12T10:31:24,300.0,9.7,S
2021-07-12T10:31:15,100.0,9.7,S
2021-07-12T10:31:15,900.0,9.7,S
2021-07-12T10:31:13,5000.0,9.7,S
2021-07-12T10:31:11,400.0,9.7,S
2021-07-12T10:30:59,1100.0,9.7,S
2021-07-12T10:30:59,6900.0,9.7,S
2021-07-12T10:30:56,2000.0,9.71,S
2021-07-12T10:30:55,100.0,9.71,S
2021-07-12T10:30:53,3000.0,9.71,S
2021-07-12T10:30:41,1000.0,9.71,S
2021-07-12T10:30:41,200.0,9.71,S
2021-07-12T10:30:07,200.0,9.71,S
2021-07-12T10:29:57,200.0,9.71,S
2021-07-12T10:29:14,2100.0,9.72,S
2021-07-12T10:28:43,2000.0,9.72,S
2021-07-12T10:28:29,4800.0,9.73,S
2021-07-12T10:28:01,1000.0,9.73,S
2021-07-12T10:27:56,1300.0,9.73,S
2021-07-12T10:27:43,200.0,9.73,S
2021-07-12T10:27:29,100.0,9.73,S
2021-07-12T10:27:17,3000.0,9.73,S
2021-07-12T10:27:12,100.0,9.74,S
2021-07-12T10:26:38,2000.0,9.73,S
2021-07-12T10:25:40,1000.0,9.73,S
2021-07-12T10:25:10,300.0,9.8,B
2021-07-12T10:24:04,100.0,9.8,B
2021-07-12T10:23:16,100.0,9.8,B
2021-07-12T10:23:11,9000.0,9.74,S
2021-07-12T10:22:37,1000.0,9.73,S
2021-07-12T10:22:05,3000.0,9.73,S
2021-07-12T10:21:16,900.0,9.73,S
2021-07-12T10:21:08,200.0,9.73,S
2021-07-12T10:19:57,500.0,9.73,S
2021-07-12T10:19:33,200.0,9.73,S
2021-07-12T10:18:24,1000.0,9.8,B
2021-07-12T10:18:15,1000.0,9.8,B
2021-07-12T10:17:40,2000.0,9.73,S
2021-07-12T10:17:32,1800.0,9.73,S
2021-07-12T10:17:07,100.0,9.73,S
2021-07-12T10:16:41,300.0,9.8,B
2021-07-12T10:16:40,1000.0,9.73,S
2021-07-12T10:16:31,700.0,9.73,S
2021-07-12T10:16:01,600.0,9.73,S
2021-07-12T10:15:44,500.0,9.73,B
2021-07-12T10:15:11,100.0,9.73,B
2021-07-12T10:15:09,100.0,9.73,B
2021-07-12T10:15:00,2700.0,9.73,B
2021-07-12T10:14:38,900.0,9.8,S
2021-07-12T10:14:00,3400.0,9.8,S
2021-07-12T10:14:00,6600.0,9.8,S
2021-07-12T10:13:48,100.0,9.81,B
2021-07-12T10:13:37,500.0,9.81,B
2021-07-12T10:13:24,2600.0,9.81,S
2021-07-12T10:12:40,3000.0,9.81,S
2021-07-12T10:12:40,700.0,9.81,S
2021-07-12T10:12:40,300.0,9.82,S
2021-07-12T10:12:05,1000.0,9.9,B
2021-07-12T10:11:44,1000.0,9.82,S
2021-07-12T10:11:27,200.0,9.85,S
2021-07-12T10:10:00,1000.0,9.9,B
2021-07-12T10:08:46,1000.0,9.9,B
2021-07-12T10:08:37,600.0,9.9,B
2021-07-12T10:08:37,2100.0,9.9,B
2021-07-12T10:07:48,100.0,9.81,S
2021-07-12T10:06:46,2000.0,9.9,B
2021-07-12T10:04:51,1000.0,9.9,B
2021-07-12T10:04:08,700.0,9.8,B
2021-07-12T10:03:45,5000.0,9.72,S
2021-07-12T10:03:42,2000.0,9.8,B
2021-07-12T10:03:32,5000.0,9.8,B
2021-07-12T10:03:12,500.0,9.8,S
2021-07-12T10:02:34,600.0,9.8,S
2021-07-12T10:02:13,500.0,9.8,S
2021-07-12T10:01:49,500.0,9.8,S
2021-07-12T10:01:44,2800.0,9.8,S
2021-07-12T10:01:41,100.0,9.9,B
2021-07-12T10:01:16,100.0,9.8,S
2021-07-12T10:01:07,100.0,9.8,B
2021-07-12T10:01:07,11100.0,9.8,B
2021-07-12T10:01:07,4000.0,9.8,B
2021-07-12T10:01:07,100.0,9.8,B
2021-07-12T10:00:35,7700.0,9.71,S
2021-07-12T10:00:05,500.0,9.8,B
2021-07-12T10:00:00,5000.0,9.8,B
2021-07-12T09:59:17,500.0,9.8,B
2021-07-12T09:58:41,1000.0,9.8,B
2021-07-12T09:58:18,1000.0,9.72,S
2021-07-12T09:58:18,2000.0,9.72,S
2021-07-12T09:57:47,1000.0,9.71,S
2021-07-12T09:57:46,1000.0,9.8,B
2021-07-12T09:56:58,2000.0,9.8,B
2021-07-12T09:56:45,1000.0,9.8,B
2021-07-12T09:56:19,11500.0,9.71,S
2021-07-12T09:56:01,1700.0,9.8,B
2021-07-12T09:55:34,1000.0,9.8,B
2021-07-12T09:55:13,1000.0,9.8,B
2021-07-12T09:54:53,1500.0,9.8,B
2021-07-12T09:53:40,3000.0,9.8,B
2021-07-12T09:53:34,1200.0,9.7,S
2021-07-12T09:53:34,800.0,9.7,S
2021-07-12T09:53:28,3000.0,9.7,S
2021-07-12T09:53:00,5000.0,9.7,S
2021-07-12T09:52:58,500.0,9.8,B
2021-07-12T09:52:26,100.0,9.8,B
2021-07-12T09:52:23,100.0,9.8,B
2021-07-12T09:52:14,100.0,9.8,B
2021-07-12T09:52:11,1000.0,9.8,B
2021-07-12T09:51:46,500.0,9.8,S
2021-07-12T09:51:38,500.0,9.8,S
2021-07-12T09:51:34,2000.0,9.8,S
2021-07-12T09:50:42,200.0,9.9,B
2021-07-12T09:50:22,400.0,9.9,B
2021-07-12T09:50:19,1000.0,9.9,S
2021-07-12T09:49:33,1600.0,9.94,B
2021-07-12T09:48:48,100.0,9.94,B
2021-07-12T09:48:23,100.0,9.94,B
2021-07-12T09:47:41,1000.0,9.95,B
2021-07-12T09:47:30,100.0,9.8,S
2021-07-12T09:46:50,900.0,9.94,B
2021-07-12T09:46:47,500.0,9.94,B
2021-07-12T09:46:29,1000.0,9.94,B
2021-07-12T09:46:07,2500.0,9.8,S
2021-07-12T09:45:51,1000.0,9.8,S
2021-07-12T09:45:48,700.0,9.8,S
2021-07-12T09:45:41,300.0,9.8,B
2021-07-12T09:45:08,4400.0,9.7,B
2021-07-12T09:45:03,5000.0,9.7,B
2021-07-12T09:45:01,200.0,9.7,B
2021-07-12T09:44:59,5000.0,9.7,B
2021-07-12T09:44:55,500.0,9.7,B
2021-07-12T09:44:53,400.0,9.7,B
2021-07-12T09:44:27,1000.0,9.7,B
2021-07-12T09:44:23,100.0,9.7,B
2021-07-12T09:44:18,1000.0,9.7,B
2021-07-12T09:44:12,300.0,9.7,B
2021-07-12T09:44:03,200.0,9.65,S
2021-07-12T09:43:49,1700.0,9.95,B
2021-07-12T09:43:49,15100.0,9.9,B
2021-07-12T09:43:49,1000.0,9.9,B
2021-07-12T09:43:49,9600.0,9.85,B
2021-07-12T09:43:49,22600.0,9.8,B
2021-07-12T09:43:49,500.0,9.65,B
2021-07-12T09:43:36,100.0,9.65,B
2021-07-12T09:42:56,7000.0,9.65,S
2021-07-12T09:42:34,100.0,9.7,B
2021-07-12T09:42:29,100.0,9.7,S
2021-07-12T09:42:22,1000.0,9.7,S
2021-07-12T09:42:19,900.0,9.7,B
2021-07-12T09:42:12,100.0,9.7,B
2021-07-12T09:41:59,700.0,9.7,S
2021-07-12T09:41:56,200.0,9.7,S
2021-07-12T09:41:52,4000.0,9.8,B
2021-07-12T09:41:36,500.0,9.7,S
2021-07-12T09:41:36,100.0,9.7,S
2021-07-12T09:41:36,1000.0,9.7,S
2021-07-12T09:41:23,700.0,9.7,B
2021-07-12T09:41:11,1000.0,9.7,S
2021-07-12T09:41:11,3300.0,9.7,S
2021-07-12T09:41:05,600.0,9.7,S
2021-07-12T09:41:04,1300.0,9.7,S
2021-07-12T09:41:00,400.0,9.7,S
2021-07-12T09:40:59,4400.0,9.7,S
2021-07-12T09:40:59,100.0,9.7,S
2021-07-12T09:40:59,500.0,9.7,S
2021-07-12T09:40:54,300.0,9.7,S
2021-07-12T09:40:54,3000.0,9.7,S
2021-07-12T09:40:47,10000.0,9.7,S
2021-07-12T09:40:21,300.0,9.8,B
2021-07-12T09:40:00,10200.0,9.8,S
2021-07-12T09:39:57,300.0,9.8,S
2021-07-12T09:39:54,1000.0,9.82,B
2021-07-12T09:39:42,4000.0,9.8,S
2021-07-12T09:39:37,1000.0,9.8,S
2021-07-12T09:39:33,5000.0,9.8,S
2021-07-12T09:39:31,1000.0,9.81,S
2021-07-12T09:39:25,600.0,9.82,S
2021-07-12T09:39:21,600.0,9.82,S
2021-07-12T09:39:19,400.0,9.82,S
2021-07-12T09:39:04,9400.0,9.82,S
2021-07-12T09:38:51,6000.0,9.82,S
2021-07-12T09:38:50,300.0,9.83,B
2021-07-12T09:38:41,4300.0,9.82,S
2021-07-12T09:38:41,700.0,9.83,S
2021-07-12T09:38:38,600.0,9.84,B
2021-07-12T09:38:32,500.0,9.84,B
2021-07-12T09:38:25,9000.0,9.83,S
2021-07-12T09:38:25,100.0,9.83,S
2021-07-12T09:38:22,200.0,9.83,B
2021-07-12T09:38:18,100.0,9.83,S
2021-07-12T09:37:53,400.0,9.83,S
2021-07-12T09:37:39,500.0,9.85,S
2021-07-12T09:37:39,4100.0,9.85,S
2021-07-12T09:37:26,1000.0,9.87,S
2021-07-12T09:37:06,1500.0,9.9,B
2021-07-12T09:37:06,500.0,9.9,B
2021-07-12T09:35:41,500.0,9.9,S
2021-07-12T09:35:32,100.0,9.9,S
2021-07-12T09:35:32,3000.0,9.9,S
2021-07-12T09:35:32,100.0,9.9,S
2021-07-12T09:35:32,8600.0,9.9,S
2021-07-12T09:35:26,20000.0,9.9,S
2021-07-12T09:35:26,6300.0,9.9,S
2021-07-12T09:35:06,3400.0,9.9,S
2021-07-12T09:35:03,1000.0,9.9,S
2021-07-12T09:34:32,15000.0,9.9,S
2021-07-12T09:34:31,200.0,9.9,S
2021-07-12T09:33:50,23600.0,9.9,S
2021-07-12T09:33:50,7000.0,9.93,S
2021-07-12T09:33:50,19400.0,9.93,S
2021-07-12T09:33:47,2000.0,10.0,B
2021-07-12T09:33:46,200.0,9.95,B
2021-07-12T09:33:37,300.0,9.95,B
2021-07-12T09:33:22,100.0,9.95,S
2021-07-12T09:33:17,2000.0,9.93,S
2021-07-12T09:33:06,900.0,9.95,S
2021-07-12T09:33:02,200.0,9.95,S
2021-07-12T09:32:55,500.0,9.95,S
2021-07-12T09:32:54,2000.0,9.95,S
2021-07-12T09:32:51,1000.0,9.95,S
2021-07-12T09:32:42,800.0,9.95,S
2021-07-12T09:32:39,400.0,9.95,S
2021-07-12T09:32:36,500.0,9.95,S
2021-07-12T09:32:36,3000.0,9.95,S
2021-07-12T09:32:25,1000.0,9.95,S
2021-07-12T09:32:05,2000.0,10.0,B
2021-07-12T09:31:54,1900.0,9.95,S
2021-07-12T09:31:51,1000.0,9.95,S
2021-07-12T09:31:23,1000.0,9.95,S
2021-07-12T09:31:06,10000.0,9.95,S
2021-07-12T09:31:06,2000.0,9.95,S
2021-07-12T09:30:50,500.0,9.95,S
2021-07-12T09:30:38,3000.0,10.0,B
2021-07-12T09:30:27,800.0,9.95,S
2021-07-12T09:29:58,1000.0,9.95,S
2021-07-12T09:29:55,100.0,9.95,S
2021-07-12T09:29:45,2500.0,9.95,S
2021-07-12T09:29:43,3500.0,9.95,S
2021-07-12T09:29:32,1000.0,9.95,S
2021-07-12T09:29:27,3000.0,10.0,B
2021-07-12T09:29:25,2400.0,9.95,B
2021-07-12T09:29:17,100.0,9.95,B
2021-07-12T09:29:09,2500.0,9.95,S
2021-07-12T09:29:05,3000.0,10.0,B
2021-07-12T09:29:05,3000.0,9.95,S
2021-07-12T09:28:45,15000.0,9.95,S
2021-07-12T09:28:42,900.0,9.96,S
2021-07-12T09:28:39,2300.0,9.96,B
2021-07-12T09:28:26,1200.0,9.95,S
2021-07-12T09:28:23,1300.0,9.96,S
2021-07-12T09:27:42,10000.0,9.96,S
2021-07-12T09:27:23,2000.0,10.0,B
2021-07-12T09:26:52,400.0,10.0,B
2021-07-12T09:26:37,100.0,10.0,B
2021-07-12T09:26:18,2700.0,10.0,S
2021-07-12T09:26:17,2000.0,10.1,B
2021-07-12T09:26:10,100.0,10.0,S
2021-07-12T09:26:06,5000.0,10.0,S
2021-07-12T09:25:38,200.0,10.0,S
2021-07-12T09:25:17,100.0,10.0,S
2021-07-12T09:24:56,1000.0,10.1,B
2021-07-12T09:23:52,5000.0,10.0,S
2021-07-12T09:23:36,5000.0,10.0,S
2021-07-12T09:23:25,1000.0,10.0,S
2021-07-12T09:23:21,1000.0,10.0,S
2021-07-12T09:22:51,400.0,10.0,S
2021-07-12T09:22:46,1300.0,10.0,S
2021-07-12T09:21:57,1000.0,10.0,S
2021-07-12T09:21:30,2900.0,10.1,B
2021-07-12T09:21:02,300.0,10.0,S
2021-07-12T09:20:43,700.0,10.0,S
2021-07-12T09:20:36,1000.0,10.1,B
2021-07-12T09:20:22,200.0,10.0,S
2021-07-12T09:20:20,2500.0,10.0,B
2021-07-12T09:20:20,200.0,10.0,B
2021-07-12T09:20:19,7000.0,10.0,B
2021-07-12T09:20:16,1000.0,10.0,B
2021-07-12T09:20:16,100.0,10.0,B
2021-07-12T09:20:15,2000.0,9.95,S
2021-07-12T09:20:10,4000.0,10.0,B
2021-07-12T09:19:50,3000.0,10.0,B
2021-07-12T09:19:16,2000.0,10.0,B
2021-07-12T09:18:48,5000.0,9.99,S
2021-07-12T09:18:46,200.0,10.0,B
2021-07-12T09:18:35,400.0,10.0,S
2021-07-12T09:18:25,100.0,10.0,S
2021-07-12T09:18:25,2000.0,10.1,B
2021-07-12T09:18:16,500.0,10.0,B
2021-07-12T09:18:11,3000.0,10.0,B
2021-07-12T09:17:53,200.0,10.0,B
2021-07-12T09:17:45,300.0,10.0,B
2021-07-12T09:17:45,1400.0,10.0,S
2021-07-12T09:17:38,100.0,10.0,S
2021-07-12T09:17:32,2000.0,10.1,B
2021-07-12T09:17:31,5000.0,10.0,S
2021-07-12T09:17:15,300.0,10.0,S
2021-07-12T09:17:09,2000.0,10.1,B
2021-07-12T09:17:04,200.0,10.0,S
2021-07-12T09:17:04,900.0,10.0,S
2021-07-12T09:16:47,3000.0,10.0,S
2021-07-12T09:16:42,1000.0,10.1,B
2021-07-12T09:16:01,1000.0,10.1,B
2021-07-12T09:15:32,400.0,10.0,S
2021-07-12T09:15:32,1600.0,10.0,S
2021-07-12T09:15:29,1000.0,10.0,S
2021-07-12T09:15:05,1000.0,10.0,S
