tradingTime,volume,price,side
2021-07-12T14:29:59,400.0,50.2,B
2021-07-12T14:29:57,100.0,50.0,S
2021-07-12T14:29:47,200.0,50.2,B
2021-07-12T14:29:18,400.0,50.0,S
2021-07-12T14:28:31,1000.0,50.0,S
2021-07-12T14:27:54,200.0,50.2,B
2021-07-12T14:27:41,600.0,50.1,B
2021-07-12T14:27:27,9800.0,50.0,B
2021-07-12T14:27:17,2000.0,50.0,B
2021-07-12T14:27:06,100.0,50.0,B
2021-07-12T14:26:46,1100.0,50.0,B
2021-07-12T14:26:30,400.0,50.0,B
2021-07-12T14:26:16,1000.0,49.9,B
2021-07-12T14:25:36,1100.0,50.0,B
2021-07-12T14:25:16,2100.0,50.0,B
2021-07-12T14:25:16,200.0,50.0,B
2021-07-12T14:25:01,300.0,49.8,B
2021-07-12T14:24:49,300.0,49.8,B
2021-07-12T14:24:45,1200.0,49.8,B
2021-07-12T14:24:45,1800.0,49.8,B
2021-07-12T14:24:39,100.0,49.8,B
2021-07-12T14:24:37,100.0,49.7,S
2021-07-12T14:24:26,500.0,49.8,B
2021-07-12T14:24:17,100.0,49.8,B
2021-07-12T14:24:07,200.0,49.8,B
2021-07-12T14:24:02,300.0,50.0,B
2021-07-12T14:23:39,500.0,49.8,B
2021-07-12T14:23:28,1000.0,49.7,B
2021-07-12T14:23:23,1100.0,49.7,B
2021-07-12T14:23:23,1000.0,49.7,B
2021-07-12T14:23:21,500.0,49.7,B
2021-07-12T14:23:09,200.0,49.7,B
2021-07-12T14:23:03,200.0,49.7,B
2021-07-12T14:22:55,200.0,49.7,B
2021-07-12T14:22:43,200.0,49.7,B
2021-07-12T14:22:41,1400.0,49.7,B
2021-07-12T14:22:36,800.0,49.7,B
2021-07-12T14:22:33,300.0,49.7,B
2021-07-12T14:21:59,300.0,49.7,B
2021-07-12T14:21:58,200.0,49.55,B
2021-07-12T14:21:49,500.0,49.55,B
2021-07-12T14:21:46,200.0,49.55,B
2021-07-12T14:21:16,2300.0,49.55,B
2021-07-12T14:21:16,2700.0,49.5,B
2021-07-12T14:21:10,500.0,49.45,S
2021-07-12T14:20:50,200.0,49.45,S
2021-07-12T14:20:36,100.0,49.5,B
2021-07-12T14:20:34,1100.0,49.5,B
2021-07-12T14:20:07,300.0,49.5,B
2021-07-12T14:20:06,300.0,49.5,B
2021-07-12T14:19:55,100.0,49.5,B
2021-07-12T14:19:51,500.0,49.5,B
2021-07-12T14:19:40,900.0,49.5,B
2021-07-12T14:19:40,100.0,49.5,B
2021-07-12T14:19:25,500.0,49.45,B
2021-07-12T14:19:25,4400.0,49.45,B
2021-07-12T14:19:23,200.0,49.45,B
2021-07-12T14:18:54,1500.0,49.45,B
2021-07-12T14:18:54,500.0,49.45,B
2021-07-12T14:18:17,200.0,49.45,B
2021-07-12T14:18:12,1300.0,49.45,B
2021-07-12T14:18:12,1000.0,49.45,B
2021-07-12T14:17:56,200.0,49.45,B
2021-07-12T14:17:44,4200.0,49.45,B
2021-07-12T14:17:44,800.0,49.45,B
2021-07-12T14:17:40,100.0,49.45,B
2021-07-12T14:17:37,300.0,49.45,B
2021-07-12T14:17:23,1000.0,49.45,B
2021-07-12T14:17:02,5000.0,49.45,B
2021-07-12T14:16:54,500.0,49.45,B
2021-07-12T14:16:38,500.0,49.45,B
2021-07-12T14:16:22,1000.0,49.4,S
2021-07-12T14:16:21,200.0,49.4,S
2021-07-12T14:16:20,100.0,49.45,B
2021-07-12T14:15:37,500.0,49.45,B
2021-07-12T14:15:34,1000.0,49.45,B
2021-07-12T14:15:09,200.0,49.45,B
2021-07-12T14:15:08,300.0,49.45,B
2021-07-12T14:15:06,1200.0,49.4,S
2021-07-12T14:14:40,100.0,49.45,B
2021-07-12T14:13:50,500.0,49.45,B
2021-07-12T14:13:44,3000.0,49.4,S
2021-07-12T14:13:43,2000.0,49.45,B
2021-07-12T14:13:30,200.0,49.45,B
2021-07-12T14:13:29,300.0,49.4,S
2021-07-12T14:13:17,1000.0,49.45,B
2021-07-12T14:13:02,1000.0,49.4,S
2021-07-12T14:12:40,300.0,49.45,B
2021-07-12T14:12:23,1000.0,49.4,S
2021-07-12T14:12:17,400.0,49.45,B
2021-07-12T14:12:00,700.0,49.45,B
2021-07-12T14:11:39,600.0,49.45,B
2021-07-12T14:11:16,1200.0,49.45,B
2021-07-12T14:11:13,1500.0,49.4,S
2021-07-12T14:10:26,1300.0,49.4,S
2021-07-12T14:10:26,4800.0,49.4,S
2021-07-12T14:10:26,3500.0,49.4,S
2021-07-12T14:10:26,600.0,49.4,S
2021-07-12T14:10:26,1100.0,49.4,S
2021-07-12T14:10:26,2300.0,49.4,S
2021-07-12T14:10:26,1500.0,49.4,S
2021-07-12T14:10:12,300.0,49.45,B
2021-07-12T14:10:02,1000.0,49.45,B
2021-07-12T14:09:52,1500.0,49.45,B
2021-07-12T14:09:45,100.0,49.45,B
2021-07-12T14:09:28,1100.0,49.45,B
2021-07-12T14:09:04,100.0,49.4,S
2021-07-12T14:08:57,1100.0,49.45,B
2021-07-12T14:08:57,100.0,49.45,B
2021-07-12T14:08:47,1100.0,49.45,B
2021-07-12T14:08:25,800.0,49.45,B
2021-07-12T14:08:25,2200.0,49.45,B
2021-07-12T14:08:21,300.0,49.45,B
2021-07-12T14:07:45,300.0,49.45,B
2021-07-12T14:07:45,800.0,49.45,B
2021-07-12T14:07:43,300.0,49.45,B
2021-07-12T14:07:39,500.0,49.4,S
2021-07-12T14:07:31,200.0,49.45,B
2021-07-12T14:07:25,100.0,49.45,B
2021-07-12T14:07:00,100.0,49.45,B
2021-07-12T14:06:57,1200.0,49.45,B
2021-07-12T14:06:40,200.0,49.45,B
2021-07-12T14:06:35,1000.0,49.45,B
2021-07-12T14:06:34,500.0,49.45,B
2021-07-12T14:06:28,600.0,49.4,S
2021-07-12T14:06:28,900.0,49.4,S
2021-07-12T14:06:23,1000.0,49.45,B
2021-07-12T14:06:16,100.0,49.45,B
2021-07-12T14:05:59,2000.0,49.45,B
2021-07-12T14:05:37,600.0,49.45,B
2021-07-12T14:05:28,1000.0,49.45,B
2021-07-12T14:05:17,1400.0,49.4,S
2021-07-12T14:05:15,300.0,49.45,B
2021-07-12T14:04:57,100.0,49.45,B
2021-07-12T14:04:55,100.0,49.45,B
2021-07-12T14:04:48,800.0,49.4,S
2021-07-12T14:04:48,1200.0,49.4,S
2021-07-12T14:04:43,500.0,49.4,S
2021-07-12T14:04:39,500.0,49.45,B
2021-07-12T14:04:39,200.0,49.45,B
2021-07-12T14:04:35,500.0,49.45,B
2021-07-12T14:04:32,2000.0,49.4,S
2021-07-12T14:04:30,500.0,49.4,S
2021-07-12T14:04:02,100.0,49.4,S
2021-07-12T14:03:57,800.0,49.4,S
2021-07-12T14:03:57,200.0,49.4,S
2021-07-12T14:03:57,400.0,49.4,S
2021-07-12T14:03:57,2000.0,49.4,S
2021-07-12T14:03:57,1800.0,49.4,S
2021-07-12T14:03:57,1700.0,49.4,S
2021-07-12T14:03:56,10000.0,49.4,S
2021-07-12T14:03:48,1000.0,49.4,S
2021-07-12T14:03:43,2800.0,49.4,S
2021-07-12T14:03:43,5300.0,49.4,S
2021-07-12T14:03:43,2500.0,49.4,S
2021-07-12T14:03:43,300.0,49.4,S
2021-07-12T14:03:43,9000.0,49.4,S
2021-07-12T14:03:43,100.0,49.4,S
2021-07-12T14:03:38,1500.0,49.4,S
2021-07-12T14:03:38,100.0,49.4,S
2021-07-12T14:03:38,1100.0,49.4,S
2021-07-12T14:03:38,200.0,49.4,S
2021-07-12T14:03:33,700.0,49.4,S
2021-07-12T14:03:33,400.0,49.4,S
2021-07-12T14:03:23,2000.0,49.4,S
2021-07-12T14:03:11,100.0,49.4,S
2021-07-12T14:03:08,5000.0,49.4,S
2021-07-12T14:02:57,1500.0,49.4,S
2021-07-12T14:02:50,100.0,49.4,S
2021-07-12T14:02:48,2900.0,49.4,S
2021-07-12T14:02:47,300.0,49.45,B
2021-07-12T14:02:38,400.0,49.4,S
2021-07-12T14:02:34,500.0,49.4,S
2021-07-12T14:02:25,1500.0,49.4,S
2021-07-12T14:02:25,900.0,49.4,S
2021-07-12T14:02:25,100.0,49.4,S
2021-07-12T14:02:25,7500.0,49.4,S
2021-07-12T14:02:16,500.0,49.45,B
2021-07-12T14:01:58,1000.0,49.4,S
2021-07-12T14:01:49,1000.0,49.4,S
2021-07-12T14:01:48,100.0,49.4,S
2021-07-12T14:01:47,1300.0,49.45,B
2021-07-12T14:01:36,500.0,49.4,S
2021-07-12T14:01:22,500.0,49.45,B
2021-07-12T14:01:20,200.0,49.4,S
2021-07-12T14:01:11,2000.0,49.4,S
2021-07-12T14:01:00,100.0,49.4,S
2021-07-12T14:00:59,8000.0,49.4,S
2021-07-12T14:00:53,800.0,49.45,B
2021-07-12T14:00:53,300.0,49.45,B
2021-07-12T14:00:52,1000.0,49.4,S
2021-07-12T14:00:49,300.0,49.4,S
2021-07-12T14:00:41,1500.0,49.4,S
2021-07-12T14:00:41,3500.0,49.4,S
2021-07-12T14:00:41,300.0,49.4,S
2021-07-12T14:00:36,2000.0,49.4,S
2021-07-12T14:00:36,200.0,49.4,S
2021-07-12T14:00:28,200.0,49.4,S
2021-07-12T14:00:21,100.0,49.4,S
2021-07-12T14:00:20,4000.0,49.4,S
2021-07-12T14:00:20,300.0,49.4,S
2021-07-12T14:00:19,300.0,49.45,B
2021-07-12T14:00:15,8600.0,49.4,S
2021-07-12T14:00:12,3000.0,49.4,S
2021-07-12T14:00:12,200.0,49.4,S
2021-07-12T14:00:08,3000.0,49.4,S
2021-07-12T13:59:58,200.0,49.4,S
2021-07-12T13:59:53,1000.0,49.4,S
2021-07-12T13:59:53,300.0,49.4,S
2021-07-12T13:59:52,1100.0,49.45,B
2021-07-12T13:59:47,300.0,49.45,B
2021-07-12T13:59:47,700.0,49.45,B
2021-07-12T13:59:39,1100.0,49.45,B
2021-07-12T13:59:39,700.0,49.4,S
2021-07-12T13:59:39,800.0,49.4,S
2021-07-12T13:59:35,200.0,49.4,S
2021-07-12T13:59:32,3800.0,49.4,S
2021-07-12T13:59:27,200.0,49.4,S
2021-07-12T13:59:16,700.0,49.45,B
2021-07-12T13:59:14,100.0,49.4,S
2021-07-12T13:59:12,800.0,49.45,B
2021-07-12T13:59:07,1000.0,49.4,S
2021-07-12T13:58:44,100.0,49.45,B
2021-07-12T13:58:29,500.0,49.45,B
2021-07-12T13:58:14,3000.0,49.45,B
2021-07-12T13:58:06,1200.0,49.4,S
2021-07-12T13:58:06,1800.0,49.4,S
2021-07-12T13:57:55,200.0,49.4,S
2021-07-12T13:57:51,300.0,49.45,B
2021-07-12T13:57:49,300.0,49.4,S
2021-07-12T13:57:44,500.0,49.4,S
2021-07-12T13:57:36,900.0,49.4,S
2021-07-12T13:57:17,100.0,49.4,S
2021-07-12T13:57:17,1100.0,49.4,S
2021-07-12T13:57:17,500.0,49.4,S
2021-07-12T13:57:07,600.0,49.4,S
2021-07-12T13:56:58,4400.0,49.4,S
2021-07-12T13:56:58,1000.0,49.4,S
2021-07-12T13:56:58,9600.0,49.4,S
2021-07-12T13:56:55,1000.0,49.4,S
2021-07-12T13:56:52,500.0,49.45,B
2021-07-12T13:56:49,1000.0,49.45,B
2021-07-12T13:56:45,100.0,49.45,B
2021-07-12T13:56:41,1000.0,49.4,S
2021-07-12T13:56:36,200.0,49.4,S
2021-07-12T13:56:29,500.0,49.45,B
2021-07-12T13:56:29,300.0,49.4,S
2021-07-12T13:56:24,500.0,49.45,B
2021-07-12T13:56:22,300.0,49.4,S
2021-07-12T13:56:15,200.0,49.4,S
2021-07-12T13:56:08,200.0,49.4,S
2021-07-12T13:55:59,200.0,49.45,S
2021-07-12T13:55:54,200.0,49.45,S
2021-07-12T13:55:51,1000.0,49.45,S
2021-07-12T13:55:22,300.0,49.5,B
2021-07-12T13:55:22,900.0,49.45,S
2021-07-12T13:55:22,1100.0,49.45,S
2021-07-12T13:55:15,500.0,49.45,S
2021-07-12T13:55:01,300.0,49.5,B
2021-07-12T13:54:59,500.0,49.5,B
2021-07-12T13:54:44,500.0,49.45,S
2021-07-12T13:54:42,700.0,49.45,S
2021-07-12T13:54:03,900.0,49.45,S
2021-07-12T13:53:58,200.0,49.45,S
2021-07-12T13:53:58,2800.0,49.45,S
2021-07-12T13:53:57,500.0,49.5,B
2021-07-12T13:53:55,2000.0,49.45,S
2021-07-12T13:53:47,4000.0,49.45,S
2021-07-12T13:53:37,1500.0,49.45,S
2021-07-12T13:53:08,500.0,49.5,B
2021-07-12T13:52:54,300.0,49.5,B
2021-07-12T13:52:46,300.0,49.5,B
2021-07-12T13:52:43,200.0,49.45,S
2021-07-12T13:52:41,300.0,49.5,B
2021-07-12T13:52:33,500.0,49.5,B
2021-07-12T13:52:17,500.0,49.45,S
2021-07-12T13:52:12,11400.0,49.45,S
2021-07-12T13:52:10,100.0,49.5,B
2021-07-12T13:52:05,900.0,49.45,S
2021-07-12T13:51:48,100.0,49.45,S
2021-07-12T13:51:44,100.0,49.45,S
2021-07-12T13:51:29,100.0,49.45,S
2021-07-12T13:50:56,1000.0,49.45,S
2021-07-12T13:50:44,300.0,49.5,B
2021-07-12T13:50:44,200.0,49.5,B
2021-07-12T13:50:43,1400.0,49.45,S
2021-07-12T13:50:42,100.0,49.5,B
2021-07-12T13:50:31,300.0,49.5,B
2021-07-12T13:50:26,200.0,49.5,B
2021-07-12T13:50:01,5000.0,49.45,S
2021-07-12T13:49:57,500.0,49.45,S
2021-07-12T13:49:43,200.0,49.45,B
2021-07-12T13:49:34,1300.0,49.45,B
2021-07-12T13:49:33,700.0,49.4,S
2021-07-12T13:49:28,500.0,49.45,B
2021-07-12T13:49:24,100.0,49.4,S
2021-07-12T13:49:11,100.0,49.45,B
2021-07-12T13:48:25,400.0,49.4,S
2021-07-12T13:48:24,500.0,49.5,B
2021-07-12T13:48:20,1300.0,49.45,S
2021-07-12T13:48:20,2100.0,49.45,S
2021-07-12T13:48:20,200.0,49.45,S
2021-07-12T13:48:20,800.0,49.45,S
2021-07-12T13:48:20,5300.0,49.45,S
2021-07-12T13:48:16,300.0,49.5,B
2021-07-12T13:48:06,500.0,49.45,S
2021-07-12T13:48:00,200.0,49.5,B
2021-07-12T13:47:57,200.0,49.5,B
2021-07-12T13:47:47,200.0,49.45,S
2021-07-12T13:47:38,100.0,49.5,B
2021-07-12T13:47:07,100.0,49.5,B
2021-07-12T13:46:56,100.0,49.5,S
2021-07-12T13:46:50,200.0,49.55,B
2021-07-12T13:46:44,500.0,49.5,S
2021-07-12T13:46:43,100.0,49.45,S
2021-07-12T13:46:42,100.0,49.45,S
2021-07-12T13:46:40,100.0,49.45,S
2021-07-12T13:46:31,1000.0,49.45,S
2021-07-12T13:46:31,1000.0,49.45,S
2021-07-12T13:46:25,200.0,49.45,S
2021-07-12T13:46:20,200.0,49.45,S
2021-07-12T13:46:17,400.0,49.45,S
2021-07-12T13:46:15,2500.0,49.55,B
2021-07-12T13:46:13,300.0,49.45,S
2021-07-12T13:46:11,700.0,49.5,S
2021-07-12T13:46:05,200.0,49.5,S
2021-07-12T13:46:01,300.0,49.55,B
2021-07-12T13:45:59,200.0,49.5,S
2021-07-12T13:45:50,400.0,49.5,S
2021-07-12T13:45:50,200.0,49.5,S
2021-07-12T13:45:44,200.0,49.5,S
2021-07-12T13:45:40,800.0,49.55,S
2021-07-12T13:45:34,1000.0,49.55,S
2021-07-12T13:45:34,200.0,49.55,S
2021-07-12T13:45:29,200.0,49.6,B
2021-07-12T13:45:21,1000.0,49.6,B
2021-07-12T13:45:13,700.0,49.55,S
2021-07-12T13:44:43,300.0,49.6,B
2021-07-12T13:44:41,300.0,49.55,S
2021-07-12T13:44:05,500.0,49.6,B
2021-07-12T13:43:58,200.0,49.5,S
2021-07-12T13:43:58,900.0,49.5,S
2021-07-12T13:43:58,300.0,49.5,S
2021-07-12T13:43:58,5200.0,49.5,S
2021-07-12T13:43:58,1000.0,49.5,S
2021-07-12T13:43:58,12400.0,49.5,S
2021-07-12T13:43:46,300.0,49.6,B
2021-07-12T13:43:22,600.0,49.55,S
2021-07-12T13:43:01,200.0,49.6,B
2021-07-12T13:42:38,100.0,49.55,S
2021-07-12T13:42:31,2000.0,49.6,B
2021-07-12T13:42:07,2000.0,49.55,S
2021-07-12T13:41:52,300.0,49.6,B
2021-07-12T13:41:50,300.0,49.6,B
2021-07-12T13:41:31,300.0,49.6,B
2021-07-12T13:41:04,100.0,49.6,B
2021-07-12T13:40:59,500.0,49.6,B
2021-07-12T13:40:33,200.0,49.6,B
2021-07-12T13:40:08,100.0,49.6,B
2021-07-12T13:39:34,100.0,49.6,B
2021-07-12T13:39:26,200.0,49.5,S
2021-07-12T13:39:21,400.0,49.5,S
2021-07-12T13:39:19,200.0,49.5,S
2021-07-12T13:39:17,500.0,49.6,B
2021-07-12T13:39:16,300.0,49.6,B
2021-07-12T13:39:10,300.0,49.5,S
2021-07-12T13:38:44,5000.0,49.5,S
2021-07-12T13:38:40,100.0,49.5,S
2021-07-12T13:38:35,100.0,49.5,S
2021-07-12T13:38:25,2000.0,49.6,B
2021-07-12T13:38:21,400.0,49.5,S
2021-07-12T13:38:19,5000.0,49.5,S
2021-07-12T13:38:09,100.0,49.6,B
2021-07-12T13:38:05,200.0,49.6,B
2021-07-12T13:38:04,2000.0,49.5,S
2021-07-12T13:37:57,500.0,49.55,B
2021-07-12T13:37:45,600.0,49.55,S
2021-07-12T13:37:45,500.0,49.55,S
2021-07-12T13:37:45,900.0,49.55,S
2021-07-12T13:37:18,100.0,49.6,B
2021-07-12T13:37:01,300.0,49.6,B
2021-07-12T13:36:53,20000.0,49.6,B
2021-07-12T13:36:25,300.0,49.55,S
2021-07-12T13:36:25,400.0,49.55,S
2021-07-12T13:36:25,300.0,49.55,S
2021-07-12T13:35:57,500.0,49.6,B
2021-07-12T13:35:36,200.0,49.6,B
2021-07-12T13:35:19,500.0,49.6,B
2021-07-12T13:35:11,800.0,49.55,S
2021-07-12T13:35:02,500.0,49.6,B
2021-07-12T13:34:46,300.0,49.6,B
2021-07-12T13:34:33,1000.0,49.6,B
2021-07-12T13:34:23,100.0,49.55,S
2021-07-12T13:34:20,500.0,49.6,B
2021-07-12T13:34:20,300.0,49.6,B
2021-07-12T13:33:14,700.0,49.55,B
2021-07-12T13:33:13,5000.0,49.5,B
2021-07-12T13:33:08,200.0,49.5,B
2021-07-12T13:33:05,100.0,49.5,B
2021-07-12T13:32:57,200.0,49.5,B
2021-07-12T13:32:55,400.0,49.5,S
2021-07-12T13:32:55,11200.0,49.5,S
2021-07-12T13:32:55,5200.0,49.5,S
2021-07-12T13:32:55,3900.0,49.5,S
2021-07-12T13:32:55,1400.0,49.5,S
2021-07-12T13:32:55,5000.0,49.5,S
2021-07-12T13:32:55,400.0,49.5,S
2021-07-12T13:32:55,2500.0,49.5,S
2021-07-12T13:32:55,4100.0,49.5,S
2021-07-12T13:32:55,3200.0,49.5,S
2021-07-12T13:32:55,1000.0,49.5,S
2021-07-12T13:32:55,6000.0,49.5,S
2021-07-12T13:32:31,300.0,49.6,B
2021-07-12T13:32:02,1000.0,49.6,B
2021-07-12T13:32:01,1500.0,49.6,S
2021-07-12T13:32:01,200.0,49.6,S
2021-07-12T13:32:01,5800.0,49.6,S
2021-07-12T13:31:57,5700.0,49.7,S
2021-07-12T13:31:57,200.0,49.75,S
2021-07-12T13:31:57,1100.0,49.8,S
2021-07-12T13:30:43,1000.0,49.9,S
2021-07-12T13:30:40,200.0,50.0,B
2021-07-12T13:30:18,100.0,50.0,S
2021-07-12T13:30:15,300.0,50.1,B
2021-07-12T13:29:57,200.0,50.0,S
2021-07-12T13:29:56,200.0,50.0,S
2021-07-12T13:29:54,400.0,50.0,S
2021-07-12T13:29:53,700.0,50.1,B
2021-07-12T13:29:48,300.0,50.0,S
2021-07-12T13:29:36,100.0,50.1,B
2021-07-12T13:29:08,100.0,50.0,S
2021-07-12T13:28:40,800.0,50.0,B
2021-07-12T13:28:40,300.0,50.0,B
2021-07-12T13:28:40,100.0,50.0,B
2021-07-12T13:28:28,500.0,50.0,B
2021-07-12T13:28:25,2000.0,50.0,B
2021-07-12T13:28:17,100.0,50.0,B
2021-07-12T13:28:13,200.0,50.0,B
2021-07-12T13:28:01,300.0,50.0,B
2021-07-12T13:27:55,3000.0,49.95,B
2021-07-12T13:27:55,100.0,49.95,B
2021-07-12T13:27:53,100.0,49.9,S
2021-07-12T13:27:03,800.0,49.8,S
2021-07-12T13:26:50,300.0,49.8,B
2021-07-12T13:26:50,200.0,49.8,B
2021-07-12T13:26:50,200.0,49.8,B
2021-07-12T13:26:44,2400.0,49.8,B
2021-07-12T13:26:31,200.0,49.8,B
2021-07-12T13:26:26,500.0,49.75,B
2021-07-12T13:26:26,2000.0,49.75,B
2021-07-12T13:26:19,200.0,49.75,B
2021-07-12T13:26:17,1600.0,49.6,S
2021-07-12T13:26:17,4400.0,49.6,S
2021-07-12T13:26:16,1300.0,49.7,B
2021-07-12T13:26:09,600.0,49.6,S
2021-07-12T13:26:08,100.0,49.7,S
2021-07-12T13:26:07,1000.0,49.7,B
2021-07-12T13:26:02,200.0,49.7,B
2021-07-12T13:25:59,4000.0,49.7,B
2021-07-12T13:25:55,700.0,49.7,B
2021-07-12T13:25:51,200.0,49.7,B
2021-07-12T13:25:51,100.0,49.7,B
2021-07-12T13:25:46,300.0,49.7,B
2021-07-12T13:25:44,1600.0,49.75,B
2021-07-12T13:25:42,200.0,49.7,B
2021-07-12T13:25:36,200.0,49.7,B
2021-07-12T13:25:29,800.0,49.7,S
2021-07-12T13:25:29,400.0,49.7,S
2021-07-12T13:25:20,300.0,49.75,B
2021-07-12T13:25:15,300.0,49.7,S
2021-07-12T13:25:11,200.0,49.75,B
2021-07-12T13:24:06,1000.0,49.75,B
2021-07-12T13:23:43,600.0,49.75,S
2021-07-12T13:23:43,1000.0,49.75,S
2021-07-12T13:23:30,300.0,49.8,B
2021-07-12T13:23:15,200.0,49.8,B
2021-07-12T13:22:29,2100.0,49.8,S
2021-07-12T13:22:22,400.0,49.8,S
2021-07-12T13:21:52,200.0,49.8,S
2021-07-12T13:21:45,200.0,49.8,S
2021-07-12T13:21:38,200.0,49.8,S
2021-07-12T13:21:33,400.0,49.8,S
2021-07-12T13:21:33,100.0,49.95,B
2021-07-12T13:21:30,300.0,49.8,S
2021-07-12T13:21:24,200.0,49.8,S
2021-07-12T13:21:21,400.0,49.8,S
2021-07-12T13:21:18,400.0,49.95,B
2021-07-12T13:21:17,300.0,49.8,S
2021-07-12T13:21:16,300.0,50.1,B
2021-07-12T13:21:12,400.0,49.8,S
2021-07-12T13:21:10,400.0,49.9,S
2021-07-12T13:21:10,300.0,49.9,S
2021-07-12T13:21:01,200.0,49.95,S
2021-07-12T13:20:53,200.0,49.95,S
2021-07-12T13:20:49,200.0,49.95,S
2021-07-12T13:20:48,400.0,49.95,S
2021-07-12T13:20:47,100.0,50.0,B
2021-07-12T13:20:39,200.0,49.95,S
2021-07-12T13:20:39,1000.0,50.0,B
2021-07-12T13:20:33,900.0,50.0,S
2021-07-12T13:20:30,200.0,50.0,S
2021-07-12T13:20:26,1000.0,50.0,S
2021-07-12T13:20:26,100.0,50.0,S
2021-07-12T13:20:26,4900.0,50.0,S
2021-07-12T13:20:23,200.0,50.0,S
2021-07-12T13:20:22,3000.0,50.0,S
2021-07-12T13:20:17,2900.0,50.0,S
2021-07-12T13:20:15,100.0,50.0,S
2021-07-12T13:20:15,200.0,50.0,S
2021-07-12T13:20:13,400.0,50.0,S
2021-07-12T13:20:08,2100.0,50.0,S
2021-07-12T13:20:08,1000.0,50.0,S
2021-07-12T13:20:08,6900.0,50.0,S
2021-07-12T13:20:06,300.0,50.0,S
2021-07-12T13:20:04,400.0,50.0,S
2021-07-12T13:20:03,400.0,50.0,S
2021-07-12T13:19:53,300.0,50.0,S
2021-07-12T13:19:38,100.0,50.0,S
2021-07-12T13:19:26,1000.0,50.0,S
2021-07-12T13:19:22,100.0,50.0,S
2021-07-12T13:19:16,300.0,50.0,S
2021-07-12T13:19:04,300.0,50.1,B
2021-07-12T13:19:01,5000.0,50.0,S
2021-07-12T13:19:00,300.0,50.1,B
2021-07-12T13:18:32,2000.0,50.1,B
2021-07-12T13:18:19,200.0,50.1,B
2021-07-12T13:17:57,500.0,50.1,B
2021-07-12T13:17:49,4000.0,50.0,S
2021-07-12T13:17:44,5000.0,50.1,B
2021-07-12T13:16:45,300.0,50.1,B
2021-07-12T13:16:22,500.0,50.0,S
2021-07-12T13:16:17,2000.0,50.0,S
2021-07-12T13:16:15,100.0,50.0,S
2021-07-12T13:16:01,200.0,50.0,S
2021-07-12T13:16:01,100.0,50.0,S
2021-07-12T13:15:53,400.0,50.0,S
2021-07-12T13:15:49,200.0,50.1,B
2021-07-12T13:15:48,200.0,50.0,S
2021-07-12T13:15:34,300.0,50.0,S
2021-07-12T13:15:24,300.0,50.0,S
2021-07-12T13:15:10,100.0,50.1,B
2021-07-12T13:14:55,1200.0,50.1,S
2021-07-12T13:14:54,200.0,50.1,S
2021-07-12T13:14:47,400.0,50.1,S
2021-07-12T13:14:31,300.0,50.2,B
2021-07-12T13:14:24,6500.0,50.2,S
2021-07-12T13:14:17,500.0,50.3,B
2021-07-12T13:13:22,200.0,50.3,B
2021-07-12T13:12:16,300.0,50.4,B
2021-07-12T13:11:54,200.0,50.4,B
2021-07-12T13:11:50,400.0,50.4,B
2021-07-12T13:11:50,900.0,50.4,B
2021-07-12T13:11:50,100.0,50.3,B
2021-07-12T13:11:39,200.0,50.4,B
2021-07-12T13:11:32,3600.0,50.2,S
2021-07-12T13:11:32,800.0,50.2,S
2021-07-12T13:11:25,200.0,50.3,B
2021-07-12T13:10:54,200.0,50.4,B
2021-07-12T13:10:44,300.0,50.4,B
2021-07-12T13:10:00,200.0,50.4,B
2021-07-12T13:08:58,300.0,50.4,B
2021-07-12T13:08:42,400.0,50.2,S
2021-07-12T13:08:26,200.0,50.4,B
2021-07-12T13:08:13,1800.0,50.3,S
2021-07-12T13:08:13,2200.0,50.3,S
2021-07-12T13:07:59,100.0,50.4,B
2021-07-12T13:07:48,100.0,50.4,B
2021-07-12T13:07:45,200.0,50.4,B
2021-07-12T13:07:37,400.0,50.4,S
2021-07-12T13:07:08,2100.0,50.4,S
2021-07-12T13:07:08,900.0,50.4,S
2021-07-12T13:07:05,500.0,50.5,B
2021-07-12T13:06:53,100.0,50.5,B
2021-07-12T13:06:52,400.0,50.4,S
2021-07-12T13:06:36,1000.0,50.4,S
2021-07-12T13:06:26,200.0,50.4,S
2021-07-12T13:06:17,200.0,50.4,S
2021-07-12T13:06:17,200.0,50.4,S
2021-07-12T13:06:05,200.0,50.4,S
2021-07-12T13:06:02,100.0,50.5,B
2021-07-12T13:06:00,2000.0,50.4,S
2021-07-12T13:05:57,200.0,50.5,B
2021-07-12T13:05:31,200.0,50.5,B
2021-07-12T13:05:29,400.0,50.4,S
2021-07-12T13:05:03,500.0,50.4,S
2021-07-12T13:04:17,100.0,50.4,S
2021-07-12T13:03:55,300.0,50.5,B
2021-07-12T13:03:36,300.0,50.5,B
2021-07-12T13:03:36,400.0,50.5,B
2021-07-12T13:03:29,200.0,50.5,B
2021-07-12T13:03:16,200.0,50.5,B
2021-07-12T13:03:09,200.0,50.5,B
2021-07-12T13:02:53,200.0,50.5,B
2021-07-12T13:02:40,200.0,50.5,B
2021-07-12T13:02:28,3000.0,50.4,B
2021-07-12T13:02:26,200.0,50.4,B
2021-07-12T13:02:20,6700.0,50.4,B
2021-07-12T13:02:11,200.0,50.4,B
2021-07-12T13:02:00,200.0,50.4,B
2021-07-12T13:01:46,200.0,50.4,B
2021-07-12T13:01:44,1000.0,50.4,B
2021-07-12T13:01:40,500.0,50.4,B
2021-07-12T13:01:28,200.0,50.4,B
2021-07-12T13:01:25,300.0,50.4,B
2021-07-12T13:01:14,300.0,50.4,B
2021-07-12T13:01:01,500.0,50.4,B
2021-07-12T13:01:01,200.0,50.4,B
2021-07-12T13:00:47,200.0,50.4,B
2021-07-12T13:00:40,200.0,50.4,B
2021-07-12T13:00:22,100.0,50.3,S
2021-07-12T13:00:15,100.0,50.4,B
2021-07-12T13:00:14,100.0,50.4,B
2021-07-12T13:00:12,100.0,50.4,B
2021-07-12T13:00:12,100.0,50.4,B
2021-07-12T13:00:10,400.0,50.4,B
2021-07-12T13:00:10,200.0,50.4,B
2021-07-12T13:00:10,600.0,50.4,B
2021-07-12T13:00:10,200.0,50.4,B
2021-07-12T13:00:10,300.0,50.4,B
2021-07-12T13:00:06,100.0,50.4,B
2021-07-12T13:00:06,1000.0,50.4,B
2021-07-12T13:00:06,200.0,50.4,B
2021-07-12T13:00:03,500.0,50.4,B
2021-07-12T13:00:03,100.0,50.4,B
2021-07-12T13:00:03,100.0,50.4,S
2021-07-12T11:29:55,100.0,50.4,S
2021-07-12T11:29:45,1000.0,50.5,B
2021-07-12T11:29:43,400.0,50.5,B
2021-07-12T11:29:34,200.0,50.5,B
2021-07-12T11:29:32,900.0,50.5,B
2021-07-12T11:29:32,900.0,50.5,B
2021-07-12T11:29:02,100.0,50.5,B
2021-07-12T11:28:37,100.0,50.5,B
2021-07-12T11:28:25,200.0,50.5,B
2021-07-12T11:28:01,100.0,50.4,B
2021-07-12T11:27:54,200.0,50.4,B
2021-07-12T11:26:37,300.0,50.4,B
2021-07-12T11:26:13,100.0,50.1,S
2021-07-12T11:25:54,900.0,50.1,S
2021-07-12T11:25:14,300.0,50.5,B
2021-07-12T11:25:14,100.0,50.5,B
2021-07-12T11:25:02,300.0,50.5,B
2021-07-12T11:24:38,200.0,50.1,S
2021-07-12T11:24:23,100.0,50.1,S
2021-07-12T11:24:23,200.0,50.1,S
2021-07-12T11:24:03,200.0,50.1,S
2021-07-12T11:23:57,200.0,50.1,S
2021-07-12T11:23:51,300.0,50.5,B
2021-07-12T11:23:51,200.0,50.1,S
2021-07-12T11:23:51,100.0,50.1,S
2021-07-12T11:23:50,100.0,50.2,S
2021-07-12T11:22:40,200.0,50.1,S
2021-07-12T11:22:32,300.0,50.1,S
2021-07-12T11:22:26,300.0,50.5,B
2021-07-12T11:22:23,200.0,50.1,S
2021-07-12T11:21:54,400.0,50.1,S
2021-07-12T11:21:43,200.0,50.6,B
2021-07-12T11:21:43,200.0,50.5,B
2021-07-12T11:21:42,100.0,50.5,B
2021-07-12T11:21:25,100.0,50.5,B
2021-07-12T11:21:20,1000.0,50.5,B
2021-07-12T11:21:14,100.0,50.5,B
2021-07-12T11:21:14,100.0,50.5,B
2021-07-12T11:21:13,100.0,50.5,B
2021-07-12T11:21:04,300.0,50.5,B
2021-07-12T11:20:49,600.0,50.5,B
2021-07-12T11:20:49,400.0,50.5,B
2021-07-12T11:19:54,100.0,50.5,S
2021-07-12T11:19:48,100.0,50.5,S
2021-07-12T11:19:43,2300.0,50.5,B
2021-07-12T11:19:39,2000.0,50.5,B
2021-07-12T11:19:39,300.0,50.5,B
2021-07-12T11:19:36,500.0,50.5,B
2021-07-12T11:19:28,100.0,50.5,B
2021-07-12T11:19:19,100.0,50.4,B
2021-07-12T11:18:53,800.0,50.5,B
2021-07-12T11:18:46,100.0,50.6,B
2021-07-12T11:18:38,500.0,50.6,B
2021-07-12T11:18:15,300.0,50.6,B
2021-07-12T11:18:10,200.0,50.0,S
2021-07-12T11:18:08,300.0,50.6,B
2021-07-12T11:18:08,1700.0,50.5,B
2021-07-12T11:18:03,300.0,50.0,S
2021-07-12T11:18:03,2000.0,50.0,S
2021-07-12T11:17:39,400.0,50.1,S
2021-07-12T11:17:27,300.0,50.5,B
2021-07-12T11:16:55,1000.0,50.0,S
2021-07-12T11:16:53,100.0,50.4,B
2021-07-12T11:16:46,100.0,50.1,S
2021-07-12T11:16:35,200.0,50.1,B
2021-07-12T11:16:26,100.0,50.0,S
2021-07-12T11:16:24,7000.0,50.0,B
2021-07-12T11:16:14,100.0,50.0,B
2021-07-12T11:15:51,800.0,50.0,B
2021-07-12T11:15:46,600.0,50.0,B
2021-07-12T11:15:44,300.0,49.9,B
2021-07-12T11:15:43,3000.0,49.9,B
2021-07-12T11:15:33,2700.0,49.8,B
2021-07-12T11:15:28,300.0,49.8,B
2021-07-12T11:15:26,2200.0,49.7,B
2021-07-12T11:15:26,500.0,49.7,B
2021-07-12T11:15:25,700.0,49.6,S
2021-07-12T11:15:25,300.0,49.7,B
2021-07-12T11:15:25,700.0,49.7,B
2021-07-12T11:15:20,300.0,49.7,B
2021-07-12T11:15:20,1000.0,49.7,B
2021-07-12T11:15:20,300.0,49.7,B
2021-07-12T11:15:10,5000.0,49.7,B
2021-07-12T11:15:09,500.0,49.7,B
2021-07-12T11:15:04,200.0,49.65,B
2021-07-12T11:14:59,500.0,49.5,S
2021-07-12T11:14:56,3000.0,49.6,B
2021-07-12T11:14:41,22700.0,49.5,B
2021-07-12T11:14:37,1700.0,49.5,B
2021-07-12T11:14:33,20000.0,49.5,B
2021-07-12T11:14:27,100.0,49.5,B
2021-07-12T11:14:27,300.0,49.5,B
2021-07-12T11:14:25,100.0,49.5,B
2021-07-12T11:14:24,2000.0,49.5,B
2021-07-12T11:14:22,200.0,49.5,B
2021-07-12T11:14:22,200.0,49.5,B
2021-07-12T11:14:19,2400.0,49.5,B
2021-07-12T11:14:16,1200.0,49.5,B
2021-07-12T11:14:14,300.0,49.5,B
2021-07-12T11:14:06,1000.0,49.5,B
2021-07-12T11:14:03,900.0,49.5,B
2021-07-12T11:13:38,300.0,49.5,B
2021-07-12T11:13:23,500.0,49.5,B
2021-07-12T11:13:11,200.0,49.5,B
2021-07-12T11:13:09,200.0,49.5,B
2021-07-12T11:13:07,1000.0,49.5,B
2021-07-12T11:12:49,100.0,49.5,B
2021-07-12T11:12:37,1000.0,49.5,B
2021-07-12T11:12:37,500.0,49.5,B
2021-07-12T11:12:25,100.0,49.5,B
2021-07-12T11:12:22,4000.0,49.45,S
2021-07-12T11:12:22,1000.0,49.45,S
2021-07-12T11:12:12,500.0,49.5,B
2021-07-12T11:11:56,3100.0,49.4,S
2021-07-12T11:11:56,4900.0,49.4,S
2021-07-12T11:11:50,100.0,49.5,B
2021-07-12T11:11:48,1000.0,49.5,B
2021-07-12T11:11:46,10000.0,49.4,S
2021-07-12T11:11:36,200.0,49.5,B
2021-07-12T11:11:34,1400.0,49.4,S
2021-07-12T11:11:34,700.0,49.4,S
2021-07-12T11:11:34,500.0,49.4,S
2021-07-12T11:11:34,100.0,49.4,S
2021-07-12T11:11:34,2600.0,49.4,S
2021-07-12T11:11:34,4700.0,49.4,S
2021-07-12T11:11:32,200.0,49.5,B
2021-07-12T11:11:30,500.0,49.5,B
2021-07-12T11:11:26,5000.0,49.5,B
2021-07-12T11:11:13,300.0,49.45,S
2021-07-12T11:11:13,1100.0,49.45,S
2021-07-12T11:11:10,100.0,49.45,S
2021-07-12T11:11:10,700.0,49.45,S
2021-07-12T11:11:07,100.0,49.5,B
2021-07-12T11:10:56,500.0,49.5,B
2021-07-12T11:10:39,4500.0,49.45,S
2021-07-12T11:10:39,300.0,49.45,S
2021-07-12T11:10:39,1200.0,49.45,S
2021-07-12T11:10:37,200.0,49.5,B
2021-07-12T11:10:32,1000.0,49.5,B
2021-07-12T11:10:25,200.0,49.5,B
2021-07-12T11:10:22,600.0,49.5,B
2021-07-12T11:10:15,1000.0,49.5,B
2021-07-12T11:10:04,200.0,49.5,B
2021-07-12T11:10:03,200.0,49.5,B
2021-07-12T11:09:55,2000.0,49.5,B
2021-07-12T11:09:51,100.0,49.5,B
2021-07-12T11:09:50,300.0,49.5,B
2021-07-12T11:09:45,2500.0,49.45,S
2021-07-12T11:09:38,3000.0,49.5,B
2021-07-12T11:09:34,200.0,49.5,B
2021-07-12T11:09:31,200.0,49.5,B
2021-07-12T11:09:22,3400.0,49.45,B
2021-07-12T11:09:21,700.0,49.45,B
2021-07-12T11:09:18,900.0,49.45,S
2021-07-12T11:08:45,600.0,49.5,B
2021-07-12T11:08:26,100.0,49.45,S
2021-07-12T11:08:19,100.0,49.5,B
2021-07-12T11:08:17,100.0,49.5,S
2021-07-12T11:08:17,400.0,49.5,S
2021-07-12T11:08:17,100.0,49.5,S
2021-07-12T11:08:17,500.0,49.5,S
2021-07-12T11:08:17,6600.0,49.5,S
2021-07-12T11:08:17,500.0,49.5,S
2021-07-12T11:08:17,1400.0,49.5,S
2021-07-12T11:08:17,200.0,49.5,S
2021-07-12T11:08:17,1100.0,49.5,S
2021-07-12T11:08:17,1900.0,49.5,S
2021-07-12T11:08:17,1600.0,49.5,S
2021-07-12T11:08:17,100.0,49.5,S
2021-07-12T11:08:17,300.0,49.5,S
2021-07-12T11:08:17,1100.0,49.5,S
2021-07-12T11:08:17,300.0,49.5,S
2021-07-12T11:08:17,1100.0,49.5,S
2021-07-12T11:08:17,400.0,49.5,S
2021-07-12T11:08:17,300.0,49.5,S
2021-07-12T11:08:17,2100.0,49.5,S
2021-07-12T11:08:17,600.0,49.5,S
2021-07-12T11:08:17,200.0,49.5,S
2021-07-12T11:08:17,800.0,49.5,S
2021-07-12T11:08:17,800.0,49.55,S
2021-07-12T11:08:17,1100.0,49.55,S
2021-07-12T11:08:17,100.0,49.55,S
2021-07-12T11:08:17,300.0,49.6,S
2021-07-12T11:08:17,300.0,49.6,S
2021-07-12T11:08:17,1100.0,49.6,S
2021-07-12T11:08:16,300.0,49.6,S
2021-07-12T11:08:12,800.0,49.7,B
2021-07-12T11:08:10,900.0,49.6,S
2021-07-12T11:08:08,100.0,49.6,S
2021-07-12T11:07:31,400.0,49.7,S
2021-07-12T11:07:31,12100.0,49.7,S
2021-07-12T11:07:30,100.0,49.7,S
2021-07-12T11:07:16,500.0,49.8,B
2021-07-12T11:07:14,500.0,49.7,S
2021-07-12T11:06:57,600.0,49.7,S
2021-07-12T11:06:55,100.0,49.7,S
2021-07-12T11:06:53,4000.0,49.7,S
2021-07-12T11:06:52,100.0,49.8,B
2021-07-12T11:06:50,300.0,49.7,S
2021-07-12T11:06:41,200.0,49.7,S
2021-07-12T11:06:40,200.0,49.7,S
2021-07-12T11:06:34,2000.0,49.7,S
2021-07-12T11:06:33,200.0,49.7,S
2021-07-12T11:06:25,200.0,49.7,S
2021-07-12T11:06:19,1300.0,49.7,S
2021-07-12T11:06:19,1500.0,49.7,S
2021-07-12T11:06:19,400.0,49.8,S
2021-07-12T11:06:19,100.0,49.8,S
2021-07-12T11:06:19,700.0,49.9,S
2021-07-12T11:06:17,100.0,49.9,S
2021-07-12T11:06:17,200.0,49.9,S
2021-07-12T11:06:15,6000.0,50.0,B
2021-07-12T11:06:09,200.0,49.9,S
2021-07-12T11:06:08,400.0,49.9,S
2021-07-12T11:06:07,6500.0,49.9,S
2021-07-12T11:06:03,300.0,50.0,B
2021-07-12T11:06:03,1000.0,49.9,S
2021-07-12T11:06:00,200.0,49.95,S
2021-07-12T11:05:58,200.0,50.0,B
2021-07-12T11:05:31,1300.0,50.0,S
2021-07-12T11:05:26,100.0,50.0,S
2021-07-12T11:05:22,6000.0,50.0,S
2021-07-12T11:05:13,1400.0,50.1,B
2021-07-12T11:04:47,100.0,50.0,S
2021-07-12T11:04:41,1000.0,50.0,S
2021-07-12T11:04:32,200.0,50.0,S
2021-07-12T11:04:32,1000.0,50.0,S
2021-07-12T11:04:31,200.0,50.0,S
2021-07-12T11:04:24,200.0,50.0,S
2021-07-12T11:04:17,1000.0,50.0,S
2021-07-12T11:04:16,100.0,50.0,S
2021-07-12T11:04:16,100.0,50.0,S
2021-07-12T11:04:12,400.0,50.0,S
2021-07-12T11:04:12,1000.0,50.0,S
2021-07-12T11:04:08,300.0,50.0,S
2021-07-12T11:03:37,3100.0,50.0,S
2021-07-12T11:03:37,1900.0,50.0,S
2021-07-12T11:03:28,3000.0,50.0,S
2021-07-12T11:03:25,900.0,50.2,S
2021-07-12T11:03:04,1100.0,50.2,B
2021-07-12T11:02:54,400.0,50.0,S
2021-07-12T11:02:54,1400.0,50.0,S
2021-07-12T11:02:43,1000.0,50.2,B
2021-07-12T11:02:33,300.0,50.2,S
2021-07-12T11:02:33,1200.0,50.2,S
2021-07-12T11:02:33,300.0,50.2,S
2021-07-12T11:02:33,1900.0,50.2,S
2021-07-12T11:02:30,200.0,50.2,S
2021-07-12T11:02:23,100.0,50.2,S
2021-07-12T11:02:22,400.0,50.2,S
2021-07-12T11:02:22,200.0,50.2,S
2021-07-12T11:02:16,300.0,50.2,S
2021-07-12T11:02:15,300.0,50.5,B
2021-07-12T11:02:06,300.0,50.2,S
2021-07-12T11:01:56,200.0,50.2,S
2021-07-12T11:01:55,4700.0,50.5,B
2021-07-12T11:01:50,200.0,50.3,S
2021-07-12T11:01:47,100.0,50.3,S
2021-07-12T11:01:42,300.0,50.3,S
2021-07-12T11:01:35,1100.0,50.4,S
2021-07-12T11:01:12,1000.0,50.4,S
2021-07-12T11:00:58,700.0,50.4,S
2021-07-12T11:00:29,400.0,50.5,B
2021-07-12T11:00:29,300.0,50.5,S
2021-07-12T11:00:29,4300.0,50.5,S
2021-07-12T11:00:29,700.0,50.5,S
2021-07-12T11:00:28,1000.0,50.5,S
2021-07-12T11:00:24,3300.0,50.5,S
2021-07-12T10:59:54,200.0,50.5,S
2021-07-12T10:59:31,300.0,50.5,S
2021-07-12T10:59:30,500.0,50.6,B
2021-07-12T10:59:30,1300.0,50.6,S
2021-07-12T10:59:17,200.0,50.6,S
2021-07-12T10:59:06,1100.0,50.6,S
2021-07-12T10:59:06,600.0,50.6,S
2021-07-12T10:59:06,600.0,50.6,S
2021-07-12T10:59:06,7700.0,50.6,S
2021-07-12T10:58:30,200.0,50.7,B
2021-07-12T10:58:27,300.0,50.7,B
2021-07-12T10:58:23,300.0,50.7,B
2021-07-12T10:57:36,100.0,50.7,B
2021-07-12T10:57:30,100.0,50.6,S
2021-07-12T10:57:25,1000.0,50.6,S
2021-07-12T10:57:00,100.0,50.6,S
2021-07-12T10:56:50,5000.0,50.6,S
2021-07-12T10:56:44,1900.0,50.6,S
2021-07-12T10:56:35,100.0,50.7,S
2021-07-12T10:56:30,700.0,50.7,S
2021-07-12T10:56:23,200.0,50.7,S
2021-07-12T10:56:08,300.0,50.7,S
2021-07-12T10:56:06,300.0,50.8,B
2021-07-12T10:56:01,200.0,50.7,S
2021-07-12T10:55:57,400.0,50.7,S
2021-07-12T10:55:53,200.0,50.7,S
2021-07-12T10:54:41,300.0,50.8,B
2021-07-12T10:54:33,1000.0,50.7,S
2021-07-12T10:54:19,200.0,50.7,S
2021-07-12T10:54:09,2100.0,50.7,B
2021-07-12T10:54:09,400.0,50.7,B
2021-07-12T10:53:53,1000.0,50.7,B
2021-07-12T10:53:08,1000.0,50.7,B
2021-07-12T10:52:49,1000.0,50.7,B
2021-07-12T10:52:34,500.0,50.7,B
2021-07-12T10:52:34,200.0,50.7,B
2021-07-12T10:51:56,300.0,50.6,S
2021-07-12T10:51:45,100.0,50.6,S
2021-07-12T10:51:26,100.0,50.6,S
2021-07-12T10:51:16,400.0,50.6,S
2021-07-12T10:51:08,100.0,50.6,S
2021-07-12T10:50:53,300.0,50.6,S
2021-07-12T10:50:53,200.0,50.8,B
2021-07-12T10:50:53,100.0,50.8,B
2021-07-12T10:50:20,400.0,50.6,S
2021-07-12T10:50:02,1000.0,50.6,S
2021-07-12T10:50:01,500.0,50.8,B
2021-07-12T10:49:54,200.0,50.8,B
2021-07-12T10:49:45,100.0,50.8,B
2021-07-12T10:49:12,500.0,50.8,B
2021-07-12T10:49:08,700.0,50.6,S
2021-07-12T10:48:46,1000.0,50.6,S
2021-07-12T10:48:17,1000.0,50.6,B
2021-07-12T10:48:17,2100.0,50.6,B
2021-07-12T10:48:17,3100.0,50.6,B
2021-07-12T10:47:15,400.0,50.5,S
2021-07-12T10:47:13,900.0,50.6,B
2021-07-12T10:47:05,300.0,50.6,B
2021-07-12T10:47:05,300.0,50.6,B
2021-07-12T10:46:41,500.0,50.6,B
2021-07-12T10:46:39,2000.0,50.6,B
2021-07-12T10:46:15,700.0,50.6,B
2021-07-12T10:45:50,100.0,50.6,B
2021-07-12T10:45:27,100.0,50.6,B
2021-07-12T10:44:49,200.0,50.5,S
2021-07-12T10:43:57,400.0,50.6,S
2021-07-12T10:43:38,2000.0,50.8,B
2021-07-12T10:43:38,2000.0,50.8,B
2021-07-12T10:43:38,600.0,50.8,B
2021-07-12T10:43:25,100.0,50.5,S
2021-07-12T10:43:18,300.0,50.8,B
2021-07-12T10:43:14,100.0,50.8,B
2021-07-12T10:43:07,1000.0,50.5,S
2021-07-12T10:41:50,100.0,50.5,B
2021-07-12T10:41:45,2000.0,50.5,B
2021-07-12T10:41:28,600.0,50.5,S
2021-07-12T10:41:17,400.0,50.5,S
2021-07-12T10:41:17,300.0,50.5,S
2021-07-12T10:41:17,4300.0,50.5,S
2021-07-12T10:41:05,800.0,50.5,S
2021-07-12T10:40:50,400.0,50.5,S
2021-07-12T10:40:47,200.0,50.5,S
2021-07-12T10:40:46,500.0,50.5,S
2021-07-12T10:40:43,1000.0,50.5,S
2021-07-12T10:40:11,1000.0,50.5,S
2021-07-12T10:39:46,800.0,50.5,S
2021-07-12T10:39:39,100.0,51.0,B
2021-07-12T10:39:34,100.0,50.6,S
2021-07-12T10:39:30,300.0,51.0,B
2021-07-12T10:39:21,700.0,50.5,B
2021-07-12T10:39:17,500.0,50.5,B
2021-07-12T10:39:13,500.0,50.5,B
2021-07-12T10:39:13,500.0,50.4,S
2021-07-12T10:39:11,300.0,50.5,B
2021-07-12T10:38:51,900.0,50.2,B
2021-07-12T10:38:47,1400.0,50.2,B
2021-07-12T10:38:47,1600.0,50.2,B
2021-07-12T10:38:39,200.0,50.2,B
2021-07-12T10:38:35,1000.0,50.0,S
2021-07-12T10:38:27,100.0,50.0,S
2021-07-12T10:38:19,500.0,50.0,S
2021-07-12T10:38:16,100.0,50.0,S
2021-07-12T10:38:15,5000.0,50.2,B
2021-07-12T10:38:03,100.0,50.0,B
2021-07-12T10:37:56,300.0,50.1,B
2021-07-12T10:37:56,600.0,50.0,B
2021-07-12T10:37:56,3500.0,50.0,B
2021-07-12T10:37:51,600.0,50.0,B
2021-07-12T10:37:51,200.0,50.0,B
2021-07-12T10:37:51,500.0,50.0,B
2021-07-12T10:37:51,1600.0,50.0,B
2021-07-12T10:37:51,500.0,50.0,B
2021-07-12T10:37:51,5400.0,50.0,B
2021-07-12T10:37:46,1500.0,50.0,B
2021-07-12T10:37:41,1400.0,50.0,B
2021-07-12T10:37:38,1000.0,49.95,S
2021-07-12T10:37:31,100.0,50.0,B
2021-07-12T10:37:27,900.0,50.0,B
2021-07-12T10:37:27,1600.0,50.0,B
2021-07-12T10:37:27,100.0,49.95,S
2021-07-12T10:37:15,300.0,50.0,B
2021-07-12T10:37:07,100.0,50.0,B
2021-07-12T10:36:54,300.0,49.95,S
2021-07-12T10:36:52,200.0,49.95,S
2021-07-12T10:36:50,200.0,49.95,S
2021-07-12T10:36:46,200.0,50.0,B
2021-07-12T10:36:37,700.0,49.95,B
2021-07-12T10:36:30,100.0,49.95,B
2021-07-12T10:36:28,100.0,49.95,B
2021-07-12T10:36:20,100.0,49.95,B
2021-07-12T10:36:07,100.0,49.9,S
2021-07-12T10:36:03,200.0,49.95,B
2021-07-12T10:35:45,800.0,49.95,S
2021-07-12T10:35:43,300.0,50.0,B
2021-07-12T10:35:43,2000.0,49.95,S
2021-07-12T10:35:26,200.0,50.0,B
2021-07-12T10:35:24,100.0,49.95,S
2021-07-12T10:35:06,300.0,49.95,B
2021-07-12T10:35:02,900.0,49.95,B
2021-07-12T10:34:55,200.0,50.0,B
2021-07-12T10:34:55,300.0,50.0,B
2021-07-12T10:34:18,1000.0,50.0,B
2021-07-12T10:34:18,5000.0,50.0,B
2021-07-12T10:34:11,1900.0,50.0,B
2021-07-12T10:34:06,200.0,50.0,B
2021-07-12T10:33:58,200.0,50.0,B
2021-07-12T10:33:55,100.0,50.0,B
2021-07-12T10:33:39,100.0,50.0,B
2021-07-12T10:33:24,200.0,50.0,B
2021-07-12T10:33:17,200.0,50.0,B
2021-07-12T10:33:11,200.0,50.0,B
2021-07-12T10:32:38,3000.0,49.9,S
2021-07-12T10:32:09,1000.0,49.85,S
2021-07-12T10:32:08,2000.0,50.0,B
2021-07-12T10:32:03,500.0,50.0,B
2021-07-12T10:31:54,200.0,50.0,B
2021-07-12T10:31:50,100.0,49.9,S
2021-07-12T10:31:16,200.0,49.9,S
2021-07-12T10:31:06,300.0,49.9,S
2021-07-12T10:31:04,1800.0,50.1,B
2021-07-12T10:31:04,200.0,50.1,B
2021-07-12T10:30:58,200.0,49.9,S
2021-07-12T10:30:48,300.0,49.9,S
2021-07-12T10:30:41,200.0,49.9,S
2021-07-12T10:30:34,300.0,50.2,B
2021-07-12T10:30:34,300.0,49.8,S
2021-07-12T10:30:33,400.0,50.1,S
2021-07-12T10:30:25,200.0,50.1,S
2021-07-12T10:30:22,300.0,50.1,S
2021-07-12T10:30:15,200.0,49.5,S
2021-07-12T10:30:12,1000.0,49.5,S
2021-07-12T10:30:12,1200.0,49.5,S
2021-07-12T10:30:12,4500.0,49.6,S
2021-07-12T10:30:12,200.0,49.6,S
2021-07-12T10:30:12,3400.0,49.7,S
2021-07-12T10:30:12,1200.0,49.8,S
2021-07-12T10:30:12,2200.0,49.95,S
2021-07-12T10:30:12,500.0,50.0,S
2021-07-12T10:30:12,600.0,50.0,S
2021-07-12T10:30:12,20500.0,50.0,S
2021-07-12T10:30:05,200.0,50.1,S
2021-07-12T10:30:04,500.0,51.0,B
2021-07-12T10:30:02,600.0,50.0,S
2021-07-12T10:30:02,100.0,50.0,S
2021-07-12T10:30:02,2100.0,50.0,S
2021-07-12T10:30:02,3200.0,50.0,S
2021-07-12T10:30:02,3000.0,50.0,S
2021-07-12T10:30:02,7800.0,50.0,S
2021-07-12T10:29:59,300.0,50.1,S
2021-07-12T10:29:53,1200.0,50.1,S
2021-07-12T10:29:53,100.0,51.0,B
2021-07-12T10:29:35,1300.0,50.1,S
2021-07-12T10:29:34,300.0,50.1,S
2021-07-12T10:29:32,500.0,50.1,S
2021-07-12T10:29:29,3000.0,50.1,S
2021-07-12T10:29:18,200.0,50.1,S
2021-07-12T10:29:10,400.0,50.1,S
2021-07-12T10:29:10,300.0,50.1,S
2021-07-12T10:28:59,200.0,50.1,S
2021-07-12T10:28:59,3400.0,50.1,S
2021-07-12T10:28:59,400.0,50.1,S
2021-07-12T10:28:59,100.0,50.2,S
2021-07-12T10:28:59,300.0,50.5,S
2021-07-12T10:28:59,3100.0,50.5,S
2021-07-12T10:28:59,100.0,50.5,S
2021-07-12T10:28:59,100.0,50.5,S
2021-07-12T10:28:59,100.0,50.5,S
2021-07-12T10:28:59,1300.0,50.5,S
2021-07-12T10:28:59,500.0,50.8,S
2021-07-12T10:28:59,600.0,50.9,S
2021-07-12T10:28:42,100.0,51.0,S
2021-07-12T10:28:42,500.0,51.0,S
2021-07-12T10:28:42,100.0,51.0,S
2021-07-12T10:28:42,400.0,51.0,S
2021-07-12T10:28:42,1300.0,51.0,S
2021-07-12T10:28:42,100.0,51.0,S
2021-07-12T10:28:42,400.0,51.0,S
2021-07-12T10:28:42,4000.0,51.0,S
2021-07-12T10:28:42,1000.0,51.0,S
2021-07-12T10:28:42,4600.0,51.0,S
2021-07-12T10:28:42,100.0,51.0,S
2021-07-12T10:28:42,2500.0,51.0,S
2021-07-12T10:28:42,900.0,51.0,S
2021-07-12T10:28:42,100.0,51.0,S
2021-07-12T10:28:42,2100.0,51.0,S
2021-07-12T10:28:42,100.0,51.0,S
2021-07-12T10:28:42,3000.0,51.1,S
2021-07-12T10:28:42,1400.0,51.1,S
2021-07-12T10:28:42,4500.0,51.1,S
2021-07-12T10:28:42,100.0,51.2,S
2021-07-12T10:28:42,1800.0,51.2,S
2021-07-12T10:28:33,300.0,51.2,S
2021-07-12T10:28:32,400.0,51.2,S
2021-07-12T10:28:10,1400.0,51.3,S
2021-07-12T10:28:07,200.0,51.4,B
2021-07-12T10:27:33,400.0,51.3,S
2021-07-12T10:27:32,200.0,51.3,S
2021-07-12T10:27:23,300.0,51.3,S
2021-07-12T10:27:15,600.0,51.3,S
2021-07-12T10:27:07,800.0,51.3,S
2021-07-12T10:26:37,1000.0,51.3,S
2021-07-12T10:26:26,500.0,51.3,S
2021-07-12T10:26:17,400.0,51.3,S
2021-07-12T10:26:01,200.0,51.3,S
2021-07-12T10:25:54,400.0,51.3,S
2021-07-12T10:25:41,2000.0,51.4,B
2021-07-12T10:25:35,1000.0,51.4,B
2021-07-12T10:25:06,300.0,51.4,B
2021-07-12T10:24:56,400.0,51.3,S
2021-07-12T10:24:50,100.0,51.4,B
2021-07-12T10:24:21,500.0,51.4,B
2021-07-12T10:24:19,200.0,51.4,B
2021-07-12T10:23:51,1000.0,51.4,B
2021-07-12T10:23:43,100.0,51.4,B
2021-07-12T10:23:24,2000.0,51.4,B
2021-07-12T10:23:02,2000.0,51.3,S
2021-07-12T10:22:54,2000.0,51.3,S
2021-07-12T10:22:34,1800.0,51.3,S
2021-07-12T10:22:10,100.0,51.4,B
2021-07-12T10:22:00,600.0,51.4,S
2021-07-12T10:22:00,1000.0,51.4,S
2021-07-12T10:22:00,900.0,51.4,S
2021-07-12T10:22:00,300.0,51.4,S
2021-07-12T10:22:00,400.0,51.4,S
2021-07-12T10:22:00,2600.0,51.4,S
2021-07-12T10:21:59,900.0,51.4,S
2021-07-12T10:21:39,400.0,51.4,S
2021-07-12T10:21:26,5000.0,51.5,B
2021-07-12T10:21:14,500.0,51.5,B
2021-07-12T10:20:31,200.0,51.5,B
2021-07-12T10:20:02,200.0,51.5,B
2021-07-12T10:19:57,400.0,51.5,B
2021-07-12T10:19:36,600.0,51.4,S
2021-07-12T10:19:34,400.0,51.5,B
2021-07-12T10:19:24,1000.0,51.5,B
2021-07-12T10:19:01,100.0,51.4,S
2021-07-12T10:19:01,500.0,51.4,S
2021-07-12T10:19:01,200.0,51.5,B
2021-07-12T10:19:01,100.0,51.5,B
2021-07-12T10:19:01,1700.0,51.5,B
2021-07-12T10:19:01,1000.0,51.5,B
2021-07-12T10:19:00,100.0,51.5,B
2021-07-12T10:18:55,100.0,51.5,B
2021-07-12T10:18:42,400.0,51.5,B
2021-07-12T10:18:18,100.0,51.5,B
2021-07-12T10:18:12,400.0,51.5,B
2021-07-12T10:18:01,400.0,51.5,B
2021-07-12T10:17:50,400.0,51.5,B
2021-07-12T10:17:39,400.0,51.5,B
2021-07-12T10:17:00,300.0,51.5,B
2021-07-12T10:16:58,200.0,51.4,S
2021-07-12T10:16:47,200.0,51.5,B
2021-07-12T10:16:43,200.0,51.5,B
2021-07-12T10:16:42,200.0,51.5,B
2021-07-12T10:16:36,400.0,51.5,B
2021-07-12T10:16:11,200.0,51.5,B
2021-07-12T10:16:04,300.0,51.5,B
2021-07-12T10:16:01,100.0,51.5,B
2021-07-12T10:15:59,200.0,51.5,B
2021-07-12T10:15:52,400.0,51.5,B
2021-07-12T10:15:43,100.0,51.5,S
2021-07-12T10:15:42,400.0,51.6,B
2021-07-12T10:15:34,500.0,51.5,S
2021-07-12T10:15:11,600.0,51.5,S
2021-07-12T10:15:08,100.0,51.6,B
2021-07-12T10:14:46,200.0,51.6,B
2021-07-12T10:14:39,800.0,51.5,S
2021-07-12T10:14:39,11300.0,51.5,S
2021-07-12T10:14:39,1000.0,51.5,S
2021-07-12T10:14:39,3500.0,51.5,S
2021-07-12T10:14:39,400.0,51.5,S
2021-07-12T10:14:39,200.0,51.5,S
2021-07-12T10:14:39,2500.0,51.5,S
2021-07-12T10:14:39,300.0,51.5,S
2021-07-12T10:14:37,300.0,51.5,S
2021-07-12T10:14:36,100.0,51.6,B
2021-07-12T10:14:36,400.0,51.6,B
2021-07-12T10:13:33,400.0,51.6,B
2021-07-12T10:13:07,2200.0,51.6,B
2021-07-12T10:13:03,1000.0,51.6,B
2021-07-12T10:12:57,200.0,51.6,B
2021-07-12T10:12:55,200.0,51.6,B
2021-07-12T10:12:21,500.0,51.6,S
2021-07-12T10:12:21,300.0,51.6,S
2021-07-12T10:12:21,900.0,51.6,S
2021-07-12T10:12:21,400.0,51.6,S
2021-07-12T10:12:21,100.0,51.6,S
2021-07-12T10:12:21,1400.0,51.6,S
2021-07-12T10:12:21,2400.0,51.6,S
2021-07-12T10:12:21,10200.0,51.6,S
2021-07-12T10:10:57,100.0,51.7,B
2021-07-12T10:10:25,11800.0,51.7,S
2021-07-12T10:10:25,1300.0,51.7,S
2021-07-12T10:09:36,500.0,51.7,S
2021-07-12T10:09:29,100.0,51.8,S
2021-07-12T10:09:29,100.0,51.8,S
2021-07-12T10:09:29,2300.0,51.8,S
2021-07-12T10:09:29,400.0,51.8,S
2021-07-12T10:09:29,1700.0,51.8,S
2021-07-12T10:09:29,300.0,51.8,S
2021-07-12T10:09:29,2800.0,51.8,S
2021-07-12T10:09:11,500.0,51.8,S
2021-07-12T10:09:08,200.0,51.9,B
2021-07-12T10:08:57,1000.0,51.9,S
2021-07-12T10:08:57,1500.0,51.9,S
2021-07-12T10:08:57,1200.0,51.9,S
2021-07-12T10:08:50,500.0,51.9,S
2021-07-12T10:08:20,400.0,51.9,S
2021-07-12T10:08:08,1000.0,51.9,S
2021-07-12T10:07:57,100.0,51.9,S
2021-07-12T10:07:44,200.0,52.0,B
2021-07-12T10:07:37,1000.0,51.9,S
2021-07-12T10:06:27,1400.0,51.9,B
2021-07-12T10:06:22,500.0,51.9,B
2021-07-12T10:05:59,1200.0,51.9,B
2021-07-12T10:05:57,200.0,51.8,S
2021-07-12T10:05:30,200.0,51.8,S
2021-07-12T10:05:19,200.0,51.9,B
2021-07-12T10:04:33,600.0,51.8,S
2021-07-12T10:04:19,700.0,51.8,B
2021-07-12T10:04:14,500.0,51.8,B
2021-07-12T10:04:04,1000.0,51.8,B
2021-07-12T10:04:02,300.0,51.8,B
2021-07-12T10:03:42,100.0,51.8,B
2021-07-12T10:03:34,1000.0,51.8,B
2021-07-12T10:03:31,100.0,51.8,B
2021-07-12T10:03:25,100.0,51.8,B
2021-07-12T10:03:11,200.0,51.7,S
2021-07-12T10:02:55,1200.0,51.7,S
2021-07-12T10:02:55,200.0,51.7,S
2021-07-12T10:02:55,200.0,51.7,S
2021-07-12T10:02:55,4400.0,51.7,S
2021-07-12T10:02:39,500.0,51.7,S
2021-07-12T10:02:37,400.0,51.7,S
2021-07-12T10:02:35,1500.0,51.8,B
2021-07-12T10:02:24,5000.0,51.8,B
2021-07-12T10:02:18,200.0,51.8,B
2021-07-12T10:02:17,200.0,51.8,B
2021-07-12T10:02:10,1000.0,51.8,B
2021-07-12T10:01:45,2000.0,51.8,B
2021-07-12T10:01:38,1000.0,51.8,B
2021-07-12T10:01:33,1100.0,51.8,S
2021-07-12T10:01:33,800.0,51.8,S
2021-07-12T10:01:33,4200.0,51.8,S
2021-07-12T10:01:33,10000.0,51.8,S
2021-07-12T10:01:33,2500.0,51.8,S
2021-07-12T10:01:33,300.0,51.8,S
2021-07-12T10:01:33,600.0,51.8,S
2021-07-12T10:01:33,300.0,51.8,S
2021-07-12T10:01:33,200.0,51.9,B
2021-07-12T10:01:14,500.0,51.9,B
2021-07-12T10:00:42,5400.0,51.9,S
2021-07-12T10:00:42,7500.0,51.9,S
2021-07-12T09:59:54,500.0,51.9,S
2021-07-12T09:59:53,400.0,52.0,B
2021-07-12T09:59:43,500.0,52.0,B
2021-07-12T09:59:31,3100.0,52.0,B
2021-07-12T09:59:31,1900.0,52.0,B
2021-07-12T09:59:20,5000.0,52.0,B
2021-07-12T09:59:04,2000.0,52.0,B
2021-07-12T09:58:50,200.0,51.9,S
2021-07-12T09:58:37,100.0,52.0,B
2021-07-12T09:58:36,4200.0,52.0,B
2021-07-12T09:58:30,800.0,52.0,B
2021-07-12T09:58:11,100.0,52.0,B
2021-07-12T09:57:45,100.0,52.0,B
2021-07-12T09:57:45,100.0,52.0,B
2021-07-12T09:57:39,500.0,51.9,S
2021-07-12T09:57:36,800.0,52.0,B
2021-07-12T09:57:20,300.0,52.0,B
2021-07-12T09:57:20,200.0,52.0,B
2021-07-12T09:57:08,500.0,51.9,B
2021-07-12T09:57:08,300.0,51.9,B
2021-07-12T09:57:08,3100.0,51.9,B
2021-07-12T09:57:02,5000.0,51.9,B
2021-07-12T09:56:49,100.0,51.8,S
2021-07-12T09:56:46,200.0,51.8,S
2021-07-12T09:56:46,100.0,51.8,S
2021-07-12T09:56:24,500.0,51.8,S
2021-07-12T09:56:14,1500.0,51.8,S
2021-07-12T09:55:53,600.0,51.8,S
2021-07-12T09:55:17,1000.0,51.8,S
2021-07-12T09:55:13,100.0,51.9,B
2021-07-12T09:54:52,2800.0,51.9,B
2021-07-12T09:54:52,2600.0,51.9,B
2021-07-12T09:54:52,3000.0,51.9,B
2021-07-12T09:54:52,3600.0,51.9,B
2021-07-12T09:54:07,500.0,51.9,B
2021-07-12T09:54:00,400.0,51.9,B
2021-07-12T09:53:57,200.0,51.9,B
2021-07-12T09:53:52,800.0,51.9,B
2021-07-12T09:53:49,400.0,51.9,B
2021-07-12T09:53:29,400.0,51.9,B
2021-07-12T09:53:18,400.0,51.9,B
2021-07-12T09:53:16,800.0,51.9,B
2021-07-12T09:53:06,400.0,51.9,B
2021-07-12T09:53:04,500.0,51.9,B
2021-07-12T09:52:56,200.0,51.8,S
2021-07-12T09:52:54,400.0,51.9,B
2021-07-12T09:52:44,800.0,51.9,B
2021-07-12T09:52:43,400.0,51.9,B
2021-07-12T09:52:36,1000.0,51.9,B
2021-07-12T09:52:31,200.0,51.8,S
2021-07-12T09:52:31,200.0,51.8,S
2021-07-12T09:52:31,1100.0,51.8,S
2021-07-12T09:52:20,1000.0,51.9,B
2021-07-12T09:52:16,100.0,51.9,B
2021-07-12T09:52:14,400.0,51.9,B
2021-07-12T09:52:02,400.0,51.9,B
2021-07-12T09:51:57,800.0,51.9,B
2021-07-12T09:51:27,800.0,51.9,B
2021-07-12T09:51:05,100.0,51.9,B
2021-07-12T09:50:57,100.0,51.9,B
2021-07-12T09:50:53,800.0,51.9,B
2021-07-12T09:50:42,1900.0,51.8,S
2021-07-12T09:50:32,100.0,51.8,S
2021-07-12T09:50:16,400.0,51.8,S
2021-07-12T09:50:10,200.0,51.9,B
2021-07-12T09:50:09,800.0,51.9,B
2021-07-12T09:49:48,700.0,51.8,B
2021-07-12T09:49:45,500.0,51.8,S
2021-07-12T09:49:44,500.0,51.8,B
2021-07-12T09:49:26,500.0,51.8,S
2021-07-12T09:49:21,200.0,51.8,S
2021-07-12T09:49:09,2500.0,51.8,S
2021-07-12T09:49:08,500.0,51.8,S
2021-07-12T09:49:05,1000.0,52.0,B
2021-07-12T09:49:04,100.0,51.8,S
2021-07-12T09:48:56,400.0,51.8,S
2021-07-12T09:48:49,800.0,51.8,B
2021-07-12T09:48:38,800.0,51.7,S
2021-07-12T09:48:30,600.0,52.0,B
2021-07-12T09:48:19,300.0,52.0,B
2021-07-12T09:48:19,500.0,52.0,B
2021-07-12T09:48:16,500.0,51.8,S
2021-07-12T09:48:00,100.0,51.8,S
2021-07-12T09:47:52,300.0,51.8,S
2021-07-12T09:47:39,1100.0,51.8,B
2021-07-12T09:47:32,300.0,51.8,B
2021-07-12T09:47:18,1000.0,52.0,B
2021-07-12T09:47:11,400.0,51.8,S
2021-07-12T09:47:11,1600.0,51.8,S
2021-07-12T09:46:58,100.0,52.0,B
2021-07-12T09:46:43,100.0,51.8,S
2021-07-12T09:46:39,10000.0,52.0,B
2021-07-12T09:46:22,200.0,52.0,B
2021-07-12T09:46:21,100.0,52.0,B
2021-07-12T09:46:21,900.0,52.0,B
2021-07-12T09:46:11,100.0,51.9,B
2021-07-12T09:45:51,300.0,51.8,S
2021-07-12T09:45:32,600.0,51.9,S
2021-07-12T09:45:11,300.0,51.9,S
2021-07-12T09:45:02,3000.0,51.8,S
2021-07-12T09:44:59,300.0,51.8,B
2021-07-12T09:44:55,200.0,51.8,S
2021-07-12T09:44:51,200.0,51.8,S
2021-07-12T09:44:49,100.0,51.8,B
2021-07-12T09:44:44,3100.0,51.8,B
2021-07-12T09:44:35,3000.0,51.7,S
2021-07-12T09:44:14,200.0,51.7,S
2021-07-12T09:44:05,5200.0,52.0,B
2021-07-12T09:44:05,100.0,52.0,B
2021-07-12T09:44:05,2700.0,52.0,B
2021-07-12T09:44:05,7000.0,51.9,B
2021-07-12T09:44:05,5200.0,51.9,B
2021-07-12T09:44:01,400.0,51.8,B
2021-07-12T09:44:01,400.0,51.8,B
2021-07-12T09:43:56,100.0,51.8,S
2021-07-12T09:43:53,300.0,51.9,B
2021-07-12T09:43:53,200.0,51.9,B
2021-07-12T09:43:52,5000.0,51.8,S
2021-07-12T09:43:41,500.0,51.8,B
2021-07-12T09:43:39,100.0,51.8,B
2021-07-12T09:43:36,500.0,51.8,B
2021-07-12T09:43:36,600.0,51.8,B
2021-07-12T09:43:36,1400.0,51.8,B
2021-07-12T09:43:36,1200.0,51.8,B
2021-07-12T09:43:29,100.0,51.8,B
2021-07-12T09:43:28,100.0,51.8,B
2021-07-12T09:43:25,500.0,51.8,B
2021-07-12T09:43:24,3000.0,51.8,B
2021-07-12T09:43:21,200.0,51.8,B
2021-07-12T09:43:12,300.0,51.8,B
2021-07-12T09:43:09,100.0,51.7,S
2021-07-12T09:43:06,100.0,51.8,B
2021-07-12T09:42:55,3000.0,51.8,B
2021-07-12T09:42:43,200.0,51.8,B
2021-07-12T09:42:43,300.0,51.8,B
2021-07-12T09:42:42,6900.0,51.6,S
2021-07-12T09:42:42,1300.0,51.6,S
2021-07-12T09:42:42,1000.0,51.7,S
2021-07-12T09:42:42,800.0,51.7,S
2021-07-12T09:42:41,100.0,51.7,S
2021-07-12T09:42:34,200.0,51.8,B
2021-07-12T09:42:31,200.0,51.8,B
2021-07-12T09:42:30,500.0,51.8,B
2021-07-12T09:42:24,200.0,51.8,B
2021-07-12T09:42:13,200.0,51.8,B
2021-07-12T09:42:13,6100.0,51.7,S
2021-07-12T09:42:04,200.0,51.6,S
2021-07-12T09:42:03,200.0,51.7,B
2021-07-12T09:42:01,300.0,51.7,B
2021-07-12T09:41:55,200.0,51.7,B
2021-07-12T09:41:40,100.0,51.7,B
2021-07-12T09:41:38,200.0,51.7,B
2021-07-12T09:41:32,1000.0,51.7,S
2021-07-12T09:41:25,200.0,51.9,B
2021-07-12T09:41:23,5000.0,51.9,B
2021-07-12T09:41:23,200.0,51.7,B
2021-07-12T09:41:19,1100.0,51.7,S
2021-07-12T09:41:09,300.0,51.8,B
2021-07-12T09:41:09,100.0,51.8,B
2021-07-12T09:41:09,200.0,51.8,B
2021-07-12T09:40:56,200.0,51.8,B
2021-07-12T09:40:49,400.0,51.7,S
2021-07-12T09:40:49,500.0,51.7,S
2021-07-12T09:40:48,200.0,51.8,B
2021-07-12T09:40:42,200.0,51.8,B
2021-07-12T09:40:40,500.0,51.8,S
2021-07-12T09:40:40,700.0,51.8,S
2021-07-12T09:40:28,200.0,51.9,B
2021-07-12T09:40:24,1000.0,51.9,B
2021-07-12T09:40:16,200.0,51.9,B
2021-07-12T09:40:15,200.0,51.8,S
2021-07-12T09:40:14,200.0,51.9,B
2021-07-12T09:40:12,100.0,51.9,B
2021-07-12T09:40:11,200.0,51.8,S
2021-07-12T09:40:10,400.0,51.8,S
2021-07-12T09:40:10,4000.0,51.8,S
2021-07-12T09:40:02,500.0,51.8,S
2021-07-12T09:39:59,200.0,51.9,B
2021-07-12T09:39:50,1000.0,51.8,S
2021-07-12T09:39:45,200.0,51.9,B
2021-07-12T09:39:38,300.0,51.8,S
2021-07-12T09:39:34,200.0,51.9,B
2021-07-12T09:39:31,200.0,51.9,B
2021-07-12T09:39:30,800.0,51.9,B
2021-07-12T09:39:23,100.0,51.9,B
2021-07-12T09:39:19,500.0,51.9,B
2021-07-12T09:39:15,2000.0,51.8,S
2021-07-12T09:39:13,500.0,51.8,S
2021-07-12T09:39:06,500.0,51.8,S
2021-07-12T09:39:00,2400.0,51.8,S
2021-07-12T09:39:00,100.0,51.8,S
2021-07-12T09:39:00,1500.0,51.8,S
2021-07-12T09:38:47,200.0,51.9,B
2021-07-12T09:38:45,100.0,51.8,S
2021-07-12T09:38:39,100.0,51.8,S
2021-07-12T09:38:35,1500.0,51.8,S
2021-07-12T09:38:33,200.0,51.8,S
2021-07-12T09:38:29,5000.0,51.9,B
2021-07-12T09:38:18,100.0,51.9,B
2021-07-12T09:38:08,3100.0,51.9,S
2021-07-12T09:38:06,1000.0,51.9,S
2021-07-12T09:38:03,200.0,51.9,S
2021-07-12T09:38:03,100.0,51.9,S
2021-07-12T09:38:03,100.0,51.9,S
2021-07-12T09:37:54,100.0,51.9,S
2021-07-12T09:37:44,200.0,51.9,S
2021-07-12T09:37:35,1600.0,51.9,S
2021-07-12T09:37:32,100.0,51.9,S
2021-07-12T09:37:25,200.0,52.0,B
2021-07-12T09:37:21,200.0,51.9,S
2021-07-12T09:37:08,200.0,52.0,B
2021-07-12T09:37:08,3000.0,52.0,B
2021-07-12T09:36:54,200.0,52.0,B
2021-07-12T09:36:52,300.0,52.0,B
2021-07-12T09:36:51,1000.0,52.0,B
2021-07-12T09:36:34,200.0,52.0,B
2021-07-12T09:36:31,200.0,52.0,B
2021-07-12T09:36:27,300.0,52.0,B
2021-07-12T09:36:19,1100.0,52.0,S
2021-07-12T09:36:18,200.0,52.1,B
2021-07-12T09:36:13,100.0,52.0,B
2021-07-12T09:36:13,3800.0,52.0,B
2021-07-12T09:36:04,200.0,52.0,B
2021-07-12T09:36:03,5000.0,52.0,B
2021-07-12T09:35:55,200.0,52.1,B
2021-07-12T09:35:54,300.0,52.1,B
2021-07-12T09:35:44,2500.0,52.0,S
2021-07-12T09:35:44,500.0,52.0,S
2021-07-12T09:35:42,100.0,52.1,B
2021-07-12T09:35:38,200.0,52.1,B
2021-07-12T09:35:35,300.0,52.1,B
2021-07-12T09:35:25,200.0,52.1,B
2021-07-12T09:35:12,300.0,52.1,B
2021-07-12T09:35:09,200.0,52.1,B
2021-07-12T09:34:59,200.0,52.0,B
2021-07-12T09:34:58,200.0,52.1,B
2021-07-12T09:34:56,2100.0,51.8,S
2021-07-12T09:34:55,200.0,52.1,B
2021-07-12T09:34:54,200.0,52.1,B
2021-07-12T09:34:52,300.0,52.1,B
2021-07-12T09:34:44,200.0,52.1,B
2021-07-12T09:34:43,200.0,52.1,B
2021-07-12T09:34:26,200.0,52.1,B
2021-07-12T09:34:25,200.0,52.1,B
2021-07-12T09:34:23,300.0,52.1,B
2021-07-12T09:34:13,500.0,52.0,S
2021-07-12T09:34:13,200.0,52.1,B
2021-07-12T09:34:13,700.0,51.8,S
2021-07-12T09:34:13,100.0,51.9,S
2021-07-12T09:34:13,900.0,51.9,S
2021-07-12T09:34:10,200.0,52.1,B
2021-07-12T09:34:02,200.0,52.1,B
2021-07-12T09:33:57,300.0,52.1,B
2021-07-12T09:33:56,200.0,52.1,B
2021-07-12T09:33:48,200.0,52.1,B
2021-07-12T09:33:45,200.0,52.1,B
2021-07-12T09:33:44,200.0,52.1,B
2021-07-12T09:33:43,700.0,52.1,B
2021-07-12T09:33:43,4800.0,52.0,S
2021-07-12T09:33:41,200.0,52.1,B
2021-07-12T09:33:35,1000.0,52.1,B
2021-07-12T09:33:32,300.0,52.1,B
2021-07-12T09:33:32,200.0,52.1,B
2021-07-12T09:33:27,100.0,52.0,S
2021-07-12T09:33:27,300.0,52.0,S
2021-07-12T09:33:27,1000.0,52.0,S
2021-07-12T09:33:19,300.0,52.1,B
2021-07-12T09:33:16,200.0,52.1,B
2021-07-12T09:33:11,1000.0,52.0,S
2021-07-12T09:33:09,300.0,52.1,B
2021-07-12T09:33:09,1400.0,52.0,S
2021-07-12T09:33:09,1700.0,52.0,S
2021-07-12T09:33:09,100.0,52.0,S
2021-07-12T09:33:09,4800.0,52.0,S
2021-07-12T09:33:05,200.0,52.1,B
2021-07-12T09:33:04,300.0,52.1,B
2021-07-12T09:32:55,2000.0,52.0,S
2021-07-12T09:32:55,1000.0,52.1,B
2021-07-12T09:32:55,500.0,52.0,S
2021-07-12T09:32:53,300.0,52.1,B
2021-07-12T09:32:51,200.0,52.0,S
2021-07-12T09:32:51,100.0,52.0,S
2021-07-12T09:32:51,300.0,52.0,S
2021-07-12T09:32:47,200.0,52.1,B
2021-07-12T09:32:34,300.0,52.1,B
2021-07-12T09:32:34,2000.0,52.1,B
2021-07-12T09:32:32,200.0,52.1,B
2021-07-12T09:32:19,200.0,52.1,B
2021-07-12T09:32:16,100.0,52.1,B
2021-07-12T09:32:12,300.0,52.1,B
2021-07-12T09:32:09,200.0,52.0,S
2021-07-12T09:32:06,1300.0,52.0,S
2021-07-12T09:32:06,1000.0,52.1,S
2021-07-12T09:32:05,200.0,52.2,B
2021-07-12T09:31:57,600.0,52.1,S
2021-07-12T09:31:56,200.0,52.2,B
2021-07-12T09:31:54,2000.0,52.1,S
2021-07-12T09:31:52,500.0,52.1,S
2021-07-12T09:31:49,300.0,52.2,B
2021-07-12T09:31:38,1500.0,52.1,S
2021-07-12T09:31:37,100.0,52.2,B
2021-07-12T09:31:37,200.0,52.2,B
2021-07-12T09:31:30,100.0,52.2,B
2021-07-12T09:31:28,100.0,52.1,S
2021-07-12T09:31:25,200.0,52.3,B
2021-07-12T09:31:21,500.0,52.3,B
2021-07-12T09:31:18,200.0,52.3,B
2021-07-12T09:31:18,100.0,52.2,B
2021-07-12T09:31:12,200.0,52.2,B
2021-07-12T09:31:08,200.0,52.2,B
2021-07-12T09:31:08,400.0,52.1,S
2021-07-12T09:31:01,300.0,52.2,B
2021-07-12T09:31:00,5000.0,52.1,S
2021-07-12T09:30:53,1000.0,52.1,S
2021-07-12T09:30:52,500.0,52.1,S
2021-07-12T09:30:28,500.0,52.1,S
2021-07-12T09:30:28,300.0,52.2,B
2021-07-12T09:30:25,500.0,52.2,S
2021-07-12T09:30:15,100.0,52.3,B
2021-07-12T09:30:13,100.0,52.2,S
2021-07-12T09:30:04,600.0,52.2,S
2021-07-12T09:29:46,500.0,52.3,B
2021-07-12T09:29:44,200.0,52.3,B
2021-07-12T09:29:41,300.0,52.3,B
2021-07-12T09:29:39,500.0,52.2,S
2021-07-12T09:29:16,200.0,52.3,B
2021-07-12T09:29:13,300.0,52.3,B
2021-07-12T09:29:06,300.0,52.3,S
2021-07-12T09:29:06,1900.0,52.3,S
2021-07-12T09:29:06,500.0,52.3,S
2021-07-12T09:29:03,200.0,52.3,S
2021-07-12T09:29:03,200.0,52.4,B
2021-07-12T09:29:03,800.0,52.3,S
2021-07-12T09:29:02,2000.0,52.3,S
2021-07-12T09:28:59,1300.0,52.3,S
2021-07-12T09:28:56,300.0,52.4,B
2021-07-12T09:28:52,100.0,52.3,S
2021-07-12T09:28:52,800.0,52.3,S
2021-07-12T09:28:52,600.0,52.3,S
2021-07-12T09:28:47,1000.0,52.3,S
2021-07-12T09:28:44,300.0,52.3,S
2021-07-12T09:28:33,1000.0,52.3,S
2021-07-12T09:28:17,200.0,52.3,S
2021-07-12T09:28:16,1500.0,52.4,B
2021-07-12T09:28:00,200.0,52.4,B
2021-07-12T09:27:53,500.0,52.3,S
2021-07-12T09:27:43,300.0,52.4,B
2021-07-12T09:27:39,1000.0,52.4,B
2021-07-12T09:27:35,200.0,52.4,B
2021-07-12T09:27:25,200.0,52.4,B
2021-07-12T09:27:24,200.0,52.4,B
2021-07-12T09:27:12,600.0,52.3,S
2021-07-12T09:27:03,300.0,52.4,B
2021-07-12T09:26:51,200.0,52.4,S
2021-07-12T09:26:49,200.0,52.5,B
2021-07-12T09:26:40,1000.0,52.4,S
2021-07-12T09:26:35,2000.0,52.5,B
2021-07-12T09:26:17,200.0,52.5,B
2021-07-12T09:26:12,20000.0,52.4,S
2021-07-12T09:26:12,100.0,52.5,S
2021-07-12T09:25:48,1000.0,52.5,S
2021-07-12T09:25:44,13000.0,52.5,S
2021-07-12T09:25:44,500.0,52.6,B
2021-07-12T09:25:16,300.0,52.6,S
2021-07-12T09:25:14,300.0,52.6,S
2021-07-12T09:25:14,100.0,52.6,S
2021-07-12T09:25:04,900.0,52.6,S
2021-07-12T09:24:45,200.0,52.6,S
2021-07-12T09:24:34,100.0,52.7,B
2021-07-12T09:24:19,300.0,52.6,S
2021-07-12T09:24:01,2000.0,52.6,S
2021-07-12T09:23:36,200.0,52.7,B
2021-07-12T09:23:34,1000.0,52.6,S
2021-07-12T09:23:30,100.0,52.7,B
2021-07-12T09:23:25,3000.0,52.7,B
2021-07-12T09:23:09,100.0,52.7,B
2021-07-12T09:23:01,300.0,52.7,B
2021-07-12T09:22:56,2000.0,52.6,S
2021-07-12T09:22:43,300.0,52.6,S
2021-07-12T09:22:30,200.0,52.6,B
2021-07-12T09:21:22,100.0,52.6,B
2021-07-12T09:21:22,1000.0,52.6,B
2021-07-12T09:21:18,100.0,52.5,S
2021-07-12T09:21:00,1800.0,52.5,S
2021-07-12T09:20:54,300.0,52.5,S
2021-07-12T09:20:28,300.0,52.7,B
2021-07-12T09:20:25,1700.0,52.5,S
2021-07-12T09:20:25,1300.0,52.6,S
2021-07-12T09:20:13,200.0,52.8,B
2021-07-12T09:20:07,200.0,52.8,B
2021-07-12T09:19:49,200.0,52.8,B
2021-07-12T09:19:42,200.0,52.9,B
2021-07-12T09:19:31,2000.0,52.9,B
2021-07-12T09:19:29,200.0,52.9,B
2021-07-12T09:19:08,200.0,52.9,B
2021-07-12T09:18:52,200.0,52.9,B
2021-07-12T09:18:48,200.0,52.9,B
2021-07-12T09:18:48,1000.0,52.5,S
2021-07-12T09:18:40,300.0,52.9,B
2021-07-12T09:18:36,300.0,52.9,B
2021-07-12T09:18:36,200.0,52.9,B
2021-07-12T09:18:15,300.0,52.9,B
2021-07-12T09:17:49,200.0,52.9,B
2021-07-12T09:17:39,300.0,52.9,B
2021-07-12T09:17:33,400.0,52.9,B
2021-07-12T09:17:33,300.0,52.9,B
2021-07-12T09:17:30,100.0,52.5,S
2021-07-12T09:17:15,100.0,52.9,B
2021-07-12T09:16:45,200.0,52.9,B
2021-07-12T09:16:31,500.0,52.5,S
2021-07-12T09:16:14,1500.0,52.9,B
2021-07-12T09:16:14,200.0,52.9,B
2021-07-12T09:16:14,300.0,52.9,B
2021-07-12T09:16:04,100.0,52.9,S
2021-07-12T09:16:01,200.0,53.0,B
2021-07-12T09:15:23,400.0,52.9,S
2021-07-12T09:15:05,800.0,52.4,B
