tradingTime,volume,price,side
2021-07-12T14:29:34,1000.0,27.2,S
2021-07-12T14:29:12,2000.0,27.6,B
2021-07-12T14:27:42,900.0,27.5,B
2021-07-12T14:27:42,3600.0,27.4,B
2021-07-12T14:27:42,1000.0,27.4,B
2021-07-12T14:27:42,500.0,27.4,B
2021-07-12T14:22:19,4500.0,27.2,B
2021-07-12T14:22:04,500.0,27.2,B
2021-07-12T14:20:21,1000.0,27.1,B
2021-07-12T14:19:39,1500.0,27.0,B
2021-07-12T14:18:14,300.0,27.0,S
2021-07-12T14:17:39,800.0,27.1,B
2021-07-12T14:15:16,200.0,27.0,S
2021-07-12T14:13:49,5000.0,27.1,B
2021-07-12T14:13:44,4800.0,27.0,S
2021-07-12T14:13:44,1200.0,27.0,S
2021-07-12T14:13:15,300.0,27.0,S
2021-07-12T14:11:58,100.0,27.1,B
2021-07-12T14:10:24,500.0,27.1,B
2021-07-12T14:09:33,2400.0,27.0,S
2021-07-12T14:06:11,500.0,27.0,S
2021-07-12T14:04:44,1200.0,27.0,B
2021-07-12T14:03:56,100.0,27.0,B
2021-07-12T14:03:39,400.0,27.0,B
2021-07-12T14:03:39,3100.0,27.0,S
2021-07-12T14:03:39,3100.0,27.0,S
2021-07-12T14:03:39,11500.0,27.0,S
2021-07-12T14:03:39,15000.0,27.0,S
2021-07-12T14:03:39,2200.0,27.0,S
2021-07-12T14:03:39,100.0,27.1,S
2021-07-12T14:03:39,1300.0,27.15,S
2021-07-12T14:03:20,800.0,27.2,B
2021-07-12T14:02:01,1200.0,27.2,S
2021-07-12T14:01:40,800.0,27.2,S
2021-07-12T14:00:39,1800.0,27.2,S
2021-07-12T14:00:39,900.0,27.3,S
2021-07-12T13:59:22,1000.0,27.3,S
2021-07-12T13:57:33,500.0,27.3,S
2021-07-12T13:55:19,100.0,27.4,B
2021-07-12T13:54:04,3000.0,27.3,S
2021-07-12T13:52:33,1100.0,27.4,B
2021-07-12T13:50:02,1000.0,27.35,S
2021-07-12T13:47:22,100.0,27.4,S
2021-07-12T13:41:33,900.0,27.3,S
2021-07-12T13:41:18,300.0,27.4,S
2021-07-12T13:39:09,800.0,27.4,S
2021-07-12T13:37:06,500.0,27.4,S
2021-07-12T13:36:27,600.0,27.45,S
2021-07-12T13:27:54,200.0,27.45,S
2021-07-12T13:27:06,200.0,27.45,S
2021-07-12T13:24:05,1900.0,27.5,S
2021-07-12T13:19:37,400.0,27.55,S
2021-07-12T13:17:49,100.0,27.55,S
2021-07-12T13:13:48,100.0,27.6,B
2021-07-12T13:12:04,100.0,27.6,B
2021-07-12T13:06:03,100.0,27.5,S
2021-07-12T13:05:10,1000.0,27.7,B
2021-07-12T13:04:33,1000.0,27.7,B
2021-07-12T13:04:00,3000.0,27.7,B
2021-07-12T13:00:47,100.0,27.5,S
2021-07-12T13:00:15,500.0,27.6,B
2021-07-12T13:00:14,100.0,27.5,S
2021-07-12T13:00:10,500.0,27.6,B
2021-07-12T13:00:10,100.0,27.5,S
2021-07-12T11:28:39,500.0,27.4,S
2021-07-12T11:25:52,600.0,27.35,S
2021-07-12T11:25:27,200.0,27.35,S
2021-07-12T11:22:07,200.0,27.35,S
2021-07-12T11:19:43,1300.0,27.2,S
2021-07-12T11:19:28,100.0,27.3,S
2021-07-12T11:19:28,100.0,27.3,S
2021-07-12T11:18:50,900.0,27.3,S
2021-07-12T11:18:50,400.0,27.3,S
2021-07-12T11:16:32,500.0,27.3,S
2021-07-12T11:16:20,200.0,27.5,B
2021-07-12T11:16:10,500.0,27.3,S
2021-07-12T11:15:25,100.0,27.6,B
2021-07-12T11:15:05,400.0,27.5,B
2021-07-12T11:14:40,1700.0,27.4,B
2021-07-12T11:12:15,1300.0,27.4,S
2021-07-12T11:11:02,100.0,27.5,S
2021-07-12T11:10:36,700.0,27.5,S
2021-07-12T11:10:34,400.0,27.5,S
2021-07-12T11:10:10,1000.0,27.5,S
2021-07-12T11:10:10,4000.0,27.5,S
2021-07-12T11:09:42,100.0,27.55,S
2021-07-12T11:09:29,100.0,27.6,B
2021-07-12T11:04:15,100.0,27.6,S
2021-07-12T11:04:13,1300.0,27.6,S
2021-07-12T11:04:09,400.0,27.6,S
2021-07-12T11:03:34,200.0,27.6,S
2021-07-12T10:55:36,100.0,27.7,B
2021-07-12T10:54:58,800.0,27.7,B
2021-07-12T10:54:23,100.0,27.7,B
2021-07-12T10:53:34,500.0,27.7,S
2021-07-12T10:51:30,600.0,27.7,S
2021-07-12T10:44:35,2600.0,27.7,B
2021-07-12T10:41:53,100.0,27.6,S
2021-07-12T10:41:22,200.0,27.6,S
2021-07-12T10:39:01,100.0,27.7,B
2021-07-12T10:38:31,4200.0,27.5,S
2021-07-12T10:38:19,2800.0,27.6,S
2021-07-12T10:37:28,1000.0,27.7,B
2021-07-12T10:37:27,300.0,27.7,S
2021-07-12T10:37:07,500.0,27.7,S
2021-07-12T10:37:07,200.0,27.7,S
2021-07-12T10:35:46,400.0,27.75,B
2021-07-12T10:35:08,1500.0,27.7,S
2021-07-12T10:34:27,500.0,27.7,S
2021-07-12T10:34:00,200.0,27.7,S
2021-07-12T10:32:24,1200.0,27.7,S
2021-07-12T10:31:46,300.0,27.7,S
2021-07-12T10:31:33,500.0,27.7,S
2021-07-12T10:31:31,300.0,27.7,S
2021-07-12T10:31:31,200.0,27.7,S
2021-07-12T10:29:38,500.0,27.7,S
2021-07-12T10:28:23,1100.0,27.7,S
2021-07-12T10:27:38,400.0,27.8,S
2021-07-12T10:24:31,500.0,27.8,S
2021-07-12T10:21:49,1000.0,27.9,B
2021-07-12T10:21:32,1300.0,27.8,S
2021-07-12T10:14:55,1000.0,27.8,B
2021-07-12T10:10:00,300.0,27.7,S
2021-07-12T10:03:53,100.0,27.7,S
2021-07-12T09:59:25,100.0,28.0,B
2021-07-12T09:54:00,100.0,28.0,B
2021-07-12T09:51:25,100.0,27.7,S
2021-07-12T09:45:30,200.0,27.7,B
2021-07-12T09:45:28,100.0,27.7,B
2021-07-12T09:44:39,3000.0,27.7,B
2021-07-12T09:44:23,1300.0,27.6,B
2021-07-12T09:43:52,200.0,27.6,B
2021-07-12T09:43:31,100.0,27.6,S
2021-07-12T09:43:06,200.0,27.6,B
2021-07-12T09:42:47,100.0,27.6,B
2021-07-12T09:42:31,200.0,27.5,S
2021-07-12T09:41:04,200.0,27.5,S
2021-07-12T09:40:56,2000.0,27.5,S
2021-07-12T09:40:35,100.0,27.65,S
2021-07-12T09:40:18,100.0,27.65,S
2021-07-12T09:40:09,1000.0,27.65,S
2021-07-12T09:39:33,2000.0,27.7,S
2021-07-12T09:39:21,100.0,27.7,S
2021-07-12T09:39:21,100.0,27.7,S
2021-07-12T09:35:31,100.0,27.9,S
2021-07-12T09:33:45,1200.0,28.0,S
2021-07-12T09:33:11,2000.0,28.0,S
2021-07-12T09:32:43,200.0,28.0,S
2021-07-12T09:31:24,1200.0,28.0,S
2021-07-12T09:31:16,1700.0,28.05,B
2021-07-12T09:30:58,200.0,28.2,B
2021-07-12T09:29:06,500.0,28.05,S
2021-07-12T09:28:59,300.0,28.2,B
2021-07-12T09:22:27,1000.0,28.0,S
2021-07-12T09:22:02,1000.0,28.1,S
2021-07-12T09:17:28,100.0,28.1,S
2021-07-12T09:17:27,100.0,28.1,S
2021-07-12T09:16:53,300.0,28.2,S
