tradingTime,volume,price,side
2021-07-12T14:28:55,500.0,13.8,B
2021-07-12T14:28:19,100.0,13.7,S
2021-07-12T14:20:10,800.0,13.8,B
2021-07-12T14:20:10,3200.0,13.8,B
2021-07-12T14:19:44,1000.0,13.7,B
2021-07-12T14:19:19,5700.0,13.65,B
2021-07-12T14:18:17,5000.0,13.6,S
2021-07-12T14:18:07,1000.0,13.65,B
2021-07-12T14:16:40,300.0,13.6,S
2021-07-12T14:15:48,6500.0,13.6,S
2021-07-12T14:13:56,10000.0,13.6,S
2021-07-12T14:09:22,100.0,13.6,S
2021-07-12T14:07:38,32100.0,13.6,B
2021-07-12T14:07:16,2900.0,13.6,B
2021-07-12T14:06:38,500.0,13.6,B
2021-07-12T14:06:11,4500.0,13.6,B
2021-07-12T14:05:32,100.0,13.6,B
2021-07-12T14:04:55,2000.0,13.6,B
2021-07-12T14:02:50,300.0,13.6,B
2021-07-12T14:01:20,21600.0,13.6,S
2021-07-12T14:00:59,1000.0,13.65,B
2021-07-12T14:00:34,500.0,13.65,B
2021-07-12T14:00:12,1000.0,13.6,S
2021-07-12T13:56:45,2000.0,13.6,S
2021-07-12T13:55:55,15300.0,13.6,S
2021-07-12T13:54:01,500.0,13.6,B
2021-07-12T13:53:59,1200.0,13.6,S
2021-07-12T13:53:59,100.0,13.6,S
2021-07-12T13:53:59,2400.0,13.6,S
2021-07-12T13:53:59,18500.0,13.6,S
2021-07-12T13:53:41,1000.0,13.6,S
2021-07-12T13:53:33,2700.0,13.6,S
2021-07-12T13:53:33,100.0,13.6,S
2021-07-12T13:53:33,17200.0,13.6,S
2021-07-12T13:53:22,1500.0,13.65,S
2021-07-12T13:52:06,20000.0,13.65,S
2021-07-12T13:51:27,500.0,13.65,S
2021-07-12T13:49:31,1000.0,13.65,S
2021-07-12T13:46:06,3000.0,13.65,S
2021-07-12T13:45:59,1000.0,13.65,S
2021-07-12T13:43:25,5500.0,13.65,S
2021-07-12T13:42:28,500.0,13.7,S
2021-07-12T13:40:24,100.0,13.7,S
2021-07-12T13:40:12,2000.0,13.7,S
2021-07-12T13:38:57,500.0,13.8,B
2021-07-12T13:38:56,100.0,13.75,S
2021-07-12T13:33:02,300.0,13.85,B
2021-07-12T13:32:11,500.0,13.8,S
2021-07-12T13:29:44,700.0,13.85,S
2021-07-12T13:19:59,100.0,13.9,B
2021-07-12T13:19:00,100.0,13.85,S
2021-07-12T13:16:42,500.0,13.8,S
2021-07-12T13:15:56,300.0,13.8,S
2021-07-12T13:09:14,2300.0,13.8,S
2021-07-12T13:08:41,2000.0,13.8,S
2021-07-12T13:07:53,700.0,13.9,S
2021-07-12T13:07:53,800.0,13.9,S
2021-07-12T13:00:12,100.0,14.0,B
2021-07-12T11:29:38,100.0,14.0,B
2021-07-12T11:28:37,4000.0,14.0,B
2021-07-12T11:27:22,4000.0,14.0,B
2021-07-12T11:19:46,200.0,14.0,S
2021-07-12T11:19:45,100.0,14.0,S
2021-07-12T11:19:02,200.0,14.1,B
2021-07-12T11:18:53,700.0,14.0,B
2021-07-12T11:18:53,200.0,14.0,B
2021-07-12T11:18:38,900.0,13.9,B
2021-07-12T11:18:31,7600.0,13.8,B
2021-07-12T11:18:12,500.0,13.8,B
2021-07-12T11:18:04,10000.0,13.7,B
2021-07-12T11:16:57,300.0,13.7,B
2021-07-12T11:16:48,600.0,13.7,B
2021-07-12T11:16:35,1300.0,13.7,B
2021-07-12T11:14:39,200.0,13.65,S
2021-07-12T11:13:33,300.0,13.7,B
2021-07-12T11:12:58,400.0,13.65,B
2021-07-12T11:11:36,200.0,13.6,S
2021-07-12T11:11:14,300.0,13.6,S
2021-07-12T11:11:03,300.0,13.65,S
2021-07-12T11:11:03,1300.0,13.65,S
2021-07-12T11:08:39,1000.0,13.65,S
2021-07-12T11:07:47,2700.0,13.65,B
2021-07-12T11:07:47,100.0,13.6,S
2021-07-12T11:07:47,7200.0,13.6,S
2021-07-12T11:07:47,2700.0,13.6,S
2021-07-12T11:06:28,200.0,13.65,B
2021-07-12T11:06:08,200.0,13.65,B
2021-07-12T11:04:11,2300.0,13.6,S
2021-07-12T11:04:08,1000.0,13.6,B
2021-07-12T11:04:08,1000.0,13.6,B
2021-07-12T11:04:03,200.0,13.6,B
2021-07-12T11:04:02,5000.0,13.6,B
2021-07-12T11:03:45,1200.0,13.6,B
2021-07-12T11:03:37,100.0,13.6,B
2021-07-12T11:02:35,3000.0,13.6,S
2021-07-12T11:02:35,9200.0,13.6,S
2021-07-12T11:02:35,4100.0,13.6,S
2021-07-12T11:02:35,100.0,13.6,S
2021-07-12T11:02:35,1400.0,13.6,S
2021-07-12T11:02:35,4500.0,13.6,S
2021-07-12T11:02:35,6900.0,13.6,S
2021-07-12T11:02:09,8900.0,13.6,S
2021-07-12T11:01:42,900.0,13.6,S
2021-07-12T11:01:42,9100.0,13.6,S
2021-07-12T11:00:14,100.0,13.7,B
2021-07-12T11:00:07,100.0,13.7,B
2021-07-12T10:58:28,5000.0,13.6,S
2021-07-12T10:58:08,5000.0,13.6,S
2021-07-12T10:57:01,2500.0,13.65,S
2021-07-12T10:57:01,300.0,13.65,S
2021-07-12T10:57:01,2200.0,13.65,S
2021-07-12T10:55:14,300.0,13.7,S
2021-07-12T10:54:20,700.0,13.7,B
2021-07-12T10:54:17,500.0,13.7,B
2021-07-12T10:53:35,1800.0,13.7,S
2021-07-12T10:52:13,300.0,13.7,S
2021-07-12T10:50:19,100.0,13.7,S
2021-07-12T10:49:17,2000.0,13.7,S
2021-07-12T10:48:59,500.0,13.8,B
2021-07-12T10:40:36,500.0,13.7,S
2021-07-12T10:39:33,4400.0,13.7,B
2021-07-12T10:38:55,1000.0,13.7,B
2021-07-12T10:38:45,5000.0,13.65,S
2021-07-12T10:38:37,4000.0,13.65,S
2021-07-12T10:38:19,100.0,13.7,B
2021-07-12T10:38:02,4500.0,13.7,B
2021-07-12T10:37:44,1300.0,13.7,S
2021-07-12T10:37:40,100.0,13.7,S
2021-07-12T10:37:36,900.0,13.7,B
2021-07-12T10:36:58,200.0,13.7,B
2021-07-12T10:36:47,100.0,13.7,S
2021-07-12T10:36:47,2100.0,13.7,S
2021-07-12T10:36:47,1000.0,13.7,S
2021-07-12T10:36:47,5700.0,13.7,S
2021-07-12T10:34:49,200.0,13.8,B
2021-07-12T10:32:44,2200.0,13.8,S
2021-07-12T10:32:17,900.0,13.9,S
2021-07-12T10:30:47,600.0,13.9,S
2021-07-12T10:30:47,1000.0,13.9,S
2021-07-12T10:30:22,100.0,13.95,S
2021-07-12T10:30:22,1400.0,13.95,S
2021-07-12T10:30:18,1100.0,13.95,S
2021-07-12T10:29:43,200.0,14.0,S
2021-07-12T10:29:40,500.0,14.0,S
2021-07-12T10:29:34,1000.0,14.0,S
2021-07-12T10:28:24,100.0,14.0,S
2021-07-12T10:27:43,5000.0,14.0,S
2021-07-12T10:27:43,100.0,14.0,S
2021-07-12T10:27:28,2000.0,14.0,S
2021-07-12T10:27:07,100.0,14.0,S
2021-07-12T10:22:15,1200.0,14.0,B
2021-07-12T10:22:15,10200.0,14.0,B
2021-07-12T10:19:44,200.0,14.0,B
2021-07-12T10:17:57,900.0,14.0,B
2021-07-12T10:17:29,300.0,14.0,B
2021-07-12T10:14:41,13500.0,14.0,S
2021-07-12T10:14:17,100.0,14.1,B
2021-07-12T10:14:01,7000.0,14.0,S
2021-07-12T10:14:01,500.0,14.1,B
2021-07-12T10:13:31,200.0,14.1,B
2021-07-12T10:11:40,700.0,14.0,S
2021-07-12T10:09:32,200.0,14.0,S
2021-07-12T10:08:57,1000.0,14.0,B
2021-07-12T10:06:54,500.0,13.95,S
2021-07-12T10:06:04,300.0,14.0,B
2021-07-12T10:05:19,1000.0,13.95,S
2021-07-12T10:05:15,1200.0,14.0,B
2021-07-12T10:05:12,200.0,14.0,B
2021-07-12T10:05:07,1000.0,14.0,B
2021-07-12T10:04:57,4000.0,14.0,B
2021-07-12T10:03:42,100.0,14.0,B
2021-07-12T10:02:48,100.0,14.0,B
2021-07-12T10:02:36,1400.0,14.0,B
2021-07-12T10:02:24,1900.0,14.0,B
2021-07-12T10:00:59,1000.0,13.95,B
2021-07-12T09:56:48,100.0,14.0,B
2021-07-12T09:54:33,200.0,14.0,B
2021-07-12T09:53:48,100.0,14.0,B
2021-07-12T09:53:25,200.0,14.0,B
2021-07-12T09:53:17,5000.0,14.0,B
2021-07-12T09:52:14,2100.0,14.0,S
2021-07-12T09:51:44,5000.0,14.0,S
2021-07-12T09:51:25,200.0,14.0,S
2021-07-12T09:51:16,400.0,14.0,S
2021-07-12T09:49:56,500.0,14.0,S
2021-07-12T09:49:30,23800.0,14.0,B
2021-07-12T09:48:19,100.0,14.0,B
2021-07-12T09:47:41,5000.0,14.0,B
2021-07-12T09:47:26,14500.0,14.0,S
2021-07-12T09:45:17,2900.0,14.1,S
2021-07-12T09:45:10,100.0,14.1,S
2021-07-12T09:44:43,900.0,14.1,B
2021-07-12T09:43:23,1000.0,14.0,S
2021-07-12T09:40:22,700.0,14.0,S
2021-07-12T09:40:22,1300.0,14.0,S
2021-07-12T09:39:13,100.0,14.0,S
2021-07-12T09:38:13,600.0,14.0,S
2021-07-12T09:38:13,2400.0,14.0,S
2021-07-12T09:37:21,500.0,14.0,S
2021-07-12T09:36:06,200.0,14.0,S
2021-07-12T09:35:56,100.0,14.0,S
2021-07-12T09:35:51,1000.0,14.0,S
2021-07-12T09:35:51,100.0,14.0,S
2021-07-12T09:35:24,400.0,14.0,S
2021-07-12T09:35:06,4100.0,14.1,S
2021-07-12T09:34:18,200.0,14.1,S
2021-07-12T09:33:44,100.0,14.1,S
2021-07-12T09:33:43,600.0,14.1,S
2021-07-12T09:33:07,3300.0,14.0,B
2021-07-12T09:33:00,5000.0,14.0,B
2021-07-12T09:32:54,1000.0,14.0,B
2021-07-12T09:32:47,500.0,14.0,B
2021-07-12T09:32:35,200.0,14.0,B
2021-07-12T09:32:30,500.0,14.0,S
2021-07-12T09:32:30,8200.0,14.0,S
2021-07-12T09:32:06,500.0,14.05,S
2021-07-12T09:32:06,700.0,14.05,S
2021-07-12T09:32:06,1000.0,14.05,S
2021-07-12T09:32:01,8200.0,14.1,S
2021-07-12T09:31:54,1000.0,14.1,S
2021-07-12T09:31:30,400.0,14.1,S
2021-07-12T09:31:16,2000.0,14.1,S
2021-07-12T09:31:13,100.0,14.2,B
2021-07-12T09:30:42,6900.0,14.1,S
2021-07-12T09:29:38,600.0,14.2,B
2021-07-12T09:29:32,3100.0,14.2,S
2021-07-12T09:28:53,5000.0,14.2,S
2021-07-12T09:28:10,300.0,14.25,S
2021-07-12T09:26:21,2500.0,14.25,S
2021-07-12T09:26:11,1900.0,14.3,S
2021-07-12T09:25:26,1500.0,14.3,S
2021-07-12T09:25:19,1000.0,14.3,S
2021-07-12T09:25:04,1000.0,14.3,S
2021-07-12T09:24:19,1000.0,14.35,B
2021-07-12T09:24:12,3000.0,14.35,B
2021-07-12T09:24:01,200.0,14.35,B
2021-07-12T09:23:15,1300.0,14.35,S
2021-07-12T09:23:08,100.0,14.35,S
2021-07-12T09:21:39,500.0,14.35,S
2021-07-12T09:20:28,100.0,14.35,S
2021-07-12T09:17:13,1600.0,14.4,B
2021-07-12T09:16:45,100.0,14.4,B
