tradingTime,volume,price,side
2021-07-12T14:29:28,400.0,52.0,S
2021-07-12T14:29:28,100.0,52.0,S
2021-07-12T14:29:07,1200.0,52.0,B
2021-07-12T14:29:06,800.0,52.0,B
2021-07-12T14:27:59,600.0,52.1,S
2021-07-12T14:27:43,400.0,52.1,B
2021-07-12T14:27:38,2000.0,52.1,B
2021-07-12T14:27:33,100.0,52.0,S
2021-07-12T14:27:08,100.0,52.0,S
2021-07-12T14:26:49,900.0,52.0,S
2021-07-12T14:26:41,1000.0,52.0,S
2021-07-12T14:26:18,100.0,52.0,B
2021-07-12T14:26:18,1200.0,52.0,B
2021-07-12T14:26:18,400.0,52.0,B
2021-07-12T14:26:18,200.0,52.0,B
2021-07-12T14:26:18,1200.0,51.7,B
2021-07-12T14:25:33,5000.0,51.5,S
2021-07-12T14:25:23,1000.0,51.5,S
2021-07-12T14:25:10,18200.0,51.5,S
2021-07-12T14:25:10,3700.0,51.5,S
2021-07-12T14:25:10,38100.0,51.6,S
2021-07-12T14:25:05,1000.0,51.7,S
2021-07-12T14:24:29,1000.0,51.7,S
2021-07-12T14:24:24,1000.0,51.8,B
2021-07-12T14:24:04,20000.0,51.7,B
2021-07-12T14:23:59,100.0,51.6,S
2021-07-12T14:23:55,200.0,51.6,S
2021-07-12T14:23:34,400.0,51.6,B
2021-07-12T14:23:20,1000.0,51.5,S
2021-07-12T14:23:06,100.0,51.5,B
2021-07-12T14:23:04,1000.0,51.5,B
2021-07-12T14:23:04,500.0,51.5,B
2021-07-12T14:23:02,20000.0,51.5,B
2021-07-12T14:23:00,7800.0,51.5,B
2021-07-12T14:23:00,2000.0,51.5,B
2021-07-12T14:23:00,8200.0,51.5,B
2021-07-12T14:23:00,33000.0,51.5,B
2021-07-12T14:22:58,4000.0,51.5,B
2021-07-12T14:22:55,100.0,51.5,B
2021-07-12T14:22:49,2000.0,51.5,B
2021-07-12T14:22:46,2000.0,51.5,B
2021-07-12T14:22:46,500.0,51.5,B
2021-07-12T14:22:28,600.0,51.5,B
2021-07-12T14:22:28,5000.0,51.5,B
2021-07-12T14:22:28,4400.0,51.5,B
2021-07-12T14:22:21,200.0,51.5,B
2021-07-12T14:22:01,1000.0,51.5,B
2021-07-12T14:21:40,3500.0,51.5,B
2021-07-12T14:21:21,200.0,51.5,B
2021-07-12T14:21:06,600.0,51.5,B
2021-07-12T14:21:06,200.0,51.5,B
2021-07-12T14:21:06,3900.0,51.5,B
2021-07-12T14:20:57,8000.0,51.5,B
2021-07-12T14:20:28,200.0,51.5,B
2021-07-12T14:20:18,100.0,51.5,B
2021-07-12T14:19:20,100.0,51.5,B
2021-07-12T14:18:45,500.0,51.5,B
2021-07-12T14:18:42,200.0,51.5,B
2021-07-12T14:18:40,1000.0,51.5,B
2021-07-12T14:18:28,100.0,51.5,B
2021-07-12T14:18:07,100.0,51.5,B
2021-07-12T14:17:56,9000.0,51.5,B
2021-07-12T14:17:55,100.0,51.5,B
2021-07-12T14:17:54,100.0,51.5,B
2021-07-12T14:17:42,200.0,51.5,B
2021-07-12T14:17:26,100.0,51.5,B
2021-07-12T14:16:11,1000.0,51.5,B
2021-07-12T14:16:10,500.0,51.5,B
2021-07-12T14:16:05,100.0,51.5,B
2021-07-12T14:16:04,1000.0,51.5,B
2021-07-12T14:14:34,500.0,51.5,B
2021-07-12T14:14:13,100.0,51.5,B
2021-07-12T14:13:01,1900.0,51.5,B
2021-07-12T14:12:53,100.0,51.5,B
2021-07-12T14:12:26,400.0,51.5,B
2021-07-12T14:12:22,800.0,51.5,B
2021-07-12T14:12:12,100.0,51.5,B
2021-07-12T14:12:11,2000.0,51.5,B
2021-07-12T14:11:27,300.0,51.5,B
2021-07-12T14:11:07,500.0,51.5,B
2021-07-12T14:08:43,500.0,51.5,B
2021-07-12T14:08:42,100.0,51.5,B
2021-07-12T14:08:39,500.0,51.5,B
2021-07-12T14:08:35,100.0,51.5,B
2021-07-12T14:07:48,300.0,51.5,B
2021-07-12T14:06:38,500.0,51.5,B
2021-07-12T14:05:13,100.0,51.5,B
2021-07-12T14:04:54,100.0,51.5,B
2021-07-12T14:03:32,500.0,51.5,B
2021-07-12T14:02:47,1000.0,51.5,B
2021-07-12T14:02:46,1000.0,51.5,B
2021-07-12T14:02:18,100.0,51.5,B
2021-07-12T14:01:59,2000.0,51.5,B
2021-07-12T14:01:57,100.0,51.5,B
2021-07-12T14:00:51,20000.0,51.5,B
2021-07-12T14:00:44,500.0,51.5,B
2021-07-12T14:00:44,2000.0,51.5,B
2021-07-12T14:00:23,100.0,51.5,B
2021-07-12T13:59:31,500.0,51.5,B
2021-07-12T13:59:09,100.0,51.5,B
2021-07-12T13:57:52,200.0,51.5,B
2021-07-12T13:57:52,1000.0,51.5,B
2021-07-12T13:57:52,100.0,51.5,B
2021-07-12T13:56:36,200.0,51.5,B
2021-07-12T13:56:22,100.0,51.5,B
2021-07-12T13:56:06,100.0,51.5,B
2021-07-12T13:55:43,400.0,51.5,B
2021-07-12T13:55:38,200.0,51.5,B
2021-07-12T13:55:20,300.0,51.5,B
2021-07-12T13:55:04,500.0,51.5,B
2021-07-12T13:54:49,100.0,51.5,B
2021-07-12T13:54:26,200.0,51.5,B
2021-07-12T13:54:13,500.0,51.5,B
2021-07-12T13:53:59,500.0,51.5,B
2021-07-12T13:53:48,200.0,51.5,B
2021-07-12T13:53:48,7800.0,51.5,B
2021-07-12T13:53:30,100.0,51.5,B
2021-07-12T13:52:20,100.0,51.5,B
2021-07-12T13:51:25,500.0,51.5,B
2021-07-12T13:50:55,5000.0,51.5,B
2021-07-12T13:50:47,400.0,51.5,B
2021-07-12T13:49:45,100.0,51.5,B
2021-07-12T13:49:43,300.0,51.5,B
2021-07-12T13:49:36,10000.0,51.5,B
2021-07-12T13:49:36,100.0,51.5,B
2021-07-12T13:49:27,6900.0,51.5,B
2021-07-12T13:49:27,1000.0,51.5,S
2021-07-12T13:49:23,1100.0,51.5,S
2021-07-12T13:49:16,1600.0,51.5,S
2021-07-12T13:49:09,39400.0,51.5,B
2021-07-12T13:48:43,200.0,51.5,B
2021-07-12T13:48:24,300.0,51.5,B
2021-07-12T13:47:49,500.0,51.5,B
2021-07-12T13:47:46,100.0,51.5,B
2021-07-12T13:47:39,2000.0,51.5,B
2021-07-12T13:47:18,100.0,51.5,B
2021-07-12T13:47:09,200.0,51.5,B
2021-07-12T13:47:09,100.0,51.5,B
2021-07-12T13:46:59,100.0,51.5,B
2021-07-12T13:46:48,1900.0,51.5,S
2021-07-12T13:46:48,1200.0,51.5,S
2021-07-12T13:46:48,100.0,51.5,S
2021-07-12T13:46:48,4800.0,51.5,S
2021-07-12T13:46:39,300.0,51.6,B
2021-07-12T13:46:30,100.0,51.6,B
2021-07-12T13:46:24,2000.0,51.5,S
2021-07-12T13:46:17,1000.0,51.5,S
2021-07-12T13:46:14,500.0,51.6,B
2021-07-12T13:46:04,1500.0,51.5,S
2021-07-12T13:45:33,5000.0,51.5,S
2021-07-12T13:45:19,200.0,51.5,S
2021-07-12T13:45:15,200.0,51.5,S
2021-07-12T13:44:57,200.0,51.5,S
2021-07-12T13:44:54,100.0,51.5,S
2021-07-12T13:44:23,2000.0,51.5,S
2021-07-12T13:43:49,200.0,51.5,S
2021-07-12T13:43:05,49100.0,51.5,B
2021-07-12T13:43:03,3000.0,51.5,B
2021-07-12T13:42:43,10000.0,51.5,B
2021-07-12T13:42:07,500.0,51.5,B
2021-07-12T13:42:04,100.0,51.5,B
2021-07-12T13:41:53,500.0,51.5,B
2021-07-12T13:41:51,100.0,51.5,B
2021-07-12T13:41:42,200.0,51.5,B
2021-07-12T13:41:31,100.0,51.5,B
2021-07-12T13:41:23,3000.0,51.5,B
2021-07-12T13:41:21,100.0,51.5,B
2021-07-12T13:41:13,3000.0,51.5,B
2021-07-12T13:41:09,3500.0,51.5,S
2021-07-12T13:41:06,2000.0,51.5,S
2021-07-12T13:40:48,5000.0,51.6,B
2021-07-12T13:40:44,1000.0,51.5,B
2021-07-12T13:40:43,100.0,51.5,B
2021-07-12T13:40:41,700.0,51.5,S
2021-07-12T13:40:41,400.0,51.5,S
2021-07-12T13:40:41,94500.0,51.5,S
2021-07-12T13:40:39,1000.0,51.5,S
2021-07-12T13:40:32,1000.0,51.5,S
2021-07-12T13:40:23,7700.0,51.5,B
2021-07-12T13:40:18,100.0,51.5,B
2021-07-12T13:40:18,42200.0,51.5,S
2021-07-12T13:40:17,5000.0,51.5,S
2021-07-12T13:40:16,4500.0,51.5,S
2021-07-12T13:40:05,1700.0,51.5,S
2021-07-12T13:40:04,14700.0,51.5,B
2021-07-12T13:40:01,5300.0,51.5,S
2021-07-12T13:39:53,4600.0,51.5,S
2021-07-12T13:39:36,1000.0,51.5,B
2021-07-12T13:39:34,5000.0,51.5,B
2021-07-12T13:39:33,500.0,51.5,B
2021-07-12T13:39:31,2800.0,51.5,S
2021-07-12T13:39:31,6000.0,51.5,S
2021-07-12T13:39:31,4700.0,51.5,S
2021-07-12T13:38:56,200.0,51.5,S
2021-07-12T13:38:47,15100.0,51.5,B
2021-07-12T13:38:44,2100.0,51.5,B
2021-07-12T13:38:43,200.0,51.5,B
2021-07-12T13:38:42,200.0,51.5,B
2021-07-12T13:38:40,200.0,51.5,B
2021-07-12T13:38:35,200.0,51.5,B
2021-07-12T13:38:27,500.0,51.5,B
2021-07-12T13:38:26,1000.0,51.5,B
2021-07-12T13:38:16,100.0,51.5,B
2021-07-12T13:38:16,5000.0,51.5,B
2021-07-12T13:38:08,300.0,51.5,B
2021-07-12T13:38:04,1000.0,51.5,B
2021-07-12T13:38:03,500.0,51.5,B
2021-07-12T13:38:01,400.0,51.5,B
2021-07-12T13:37:47,1200.0,51.5,S
2021-07-12T13:37:47,100.0,51.5,S
2021-07-12T13:37:47,5300.0,51.5,S
2021-07-12T13:37:47,3200.0,51.5,S
2021-07-12T13:37:47,700.0,51.5,S
2021-07-12T13:37:47,10500.0,51.5,S
2021-07-12T13:37:47,600.0,51.5,S
2021-07-12T13:37:47,50000.0,51.5,S
2021-07-12T13:37:47,1000.0,51.5,S
2021-07-12T13:37:47,10500.0,51.5,S
2021-07-12T13:37:47,6600.0,51.5,S
2021-07-12T13:37:47,6700.0,51.5,S
2021-07-12T13:37:47,700.0,51.5,S
2021-07-12T13:37:47,1000.0,51.5,S
2021-07-12T13:37:47,20500.0,51.5,S
2021-07-12T13:37:47,2200.0,51.5,S
2021-07-12T13:37:47,500.0,51.5,S
2021-07-12T13:37:47,60500.0,51.5,S
2021-07-12T13:37:41,2500.0,51.6,S
2021-07-12T13:37:15,6700.0,51.7,S
2021-07-12T13:37:11,10000.0,51.7,S
2021-07-12T13:36:42,2300.0,51.7,B
2021-07-12T13:36:39,100.0,51.6,S
2021-07-12T13:36:39,15100.0,51.6,S
2021-07-12T13:36:39,800.0,51.6,S
2021-07-12T13:36:39,200.0,51.6,S
2021-07-12T13:36:39,43500.0,51.6,S
2021-07-12T13:36:36,1000.0,51.6,S
2021-07-12T13:36:11,8000.0,51.7,B
2021-07-12T13:34:00,2500.0,51.7,S
2021-07-12T13:31:54,200.0,51.8,B
2021-07-12T13:31:43,100.0,51.6,S
2021-07-12T13:30:34,2000.0,51.8,B
2021-07-12T13:30:30,1000.0,51.8,B
2021-07-12T13:29:58,200.0,51.8,B
2021-07-12T13:29:29,1200.0,51.8,S
2021-07-12T13:29:13,4900.0,51.9,S
2021-07-12T13:28:54,100.0,51.9,S
2021-07-12T13:28:10,300.0,51.8,S
2021-07-12T13:27:58,200.0,51.8,S
2021-07-12T13:27:33,1000.0,52.2,B
2021-07-12T13:27:23,100.0,51.8,B
2021-07-12T13:27:12,100.0,52.0,S
2021-07-12T13:27:11,2600.0,52.0,B
2021-07-12T13:27:11,18200.0,52.0,B
2021-07-12T13:27:10,29100.0,52.0,B
2021-07-12T13:26:56,200.0,51.6,S
2021-07-12T13:26:37,500.0,51.6,S
2021-07-12T13:25:24,4000.0,51.6,S
2021-07-12T13:24:53,4000.0,51.6,S
2021-07-12T13:24:53,22500.0,51.7,B
2021-07-12T13:24:45,200.0,51.6,B
2021-07-12T13:24:37,2300.0,51.5,S
2021-07-12T13:24:34,100.0,51.6,B
2021-07-12T13:24:29,200.0,51.6,B
2021-07-12T13:24:21,1300.0,51.5,S
2021-07-12T13:23:19,7000.0,51.5,B
2021-07-12T13:23:18,100.0,51.5,B
2021-07-12T13:23:16,200.0,51.5,B
2021-07-12T13:23:13,800.0,51.5,B
2021-07-12T13:23:11,300.0,51.5,B
2021-07-12T13:23:10,100.0,51.5,B
2021-07-12T13:23:08,800.0,51.5,B
2021-07-12T13:23:04,100000.0,51.5,B
2021-07-12T13:23:04,100.0,51.5,B
2021-07-12T13:22:59,100.0,51.5,B
2021-07-12T13:22:58,1800.0,51.5,B
2021-07-12T13:22:54,100.0,51.5,B
2021-07-12T13:22:42,200.0,51.5,B
2021-07-12T13:22:36,100.0,51.5,B
2021-07-12T13:22:31,1000.0,51.5,B
2021-07-12T13:22:25,2000.0,51.5,B
2021-07-12T13:22:09,11000.0,51.5,S
2021-07-12T13:22:09,5000.0,51.5,S
2021-07-12T13:22:09,500.0,51.5,S
2021-07-12T13:22:09,2200.0,51.5,S
2021-07-12T13:22:09,1100.0,51.5,S
2021-07-12T13:22:09,1000.0,51.5,S
2021-07-12T13:22:09,3400.0,51.5,S
2021-07-12T13:22:09,1100.0,51.5,S
2021-07-12T13:22:09,500.0,51.5,S
2021-07-12T13:22:09,1600.0,51.5,S
2021-07-12T13:22:09,400.0,51.5,S
2021-07-12T13:22:09,1500.0,51.5,S
2021-07-12T13:22:09,1100.0,51.5,S
2021-07-12T13:22:09,5200.0,51.5,S
2021-07-12T13:22:09,300.0,51.5,S
2021-07-12T13:22:09,900.0,51.5,S
2021-07-12T13:22:09,300.0,51.5,S
2021-07-12T13:22:09,100.0,51.5,S
2021-07-12T13:22:09,100.0,51.5,S
2021-07-12T13:22:09,5500.0,51.5,S
2021-07-12T13:22:09,800.0,51.5,S
2021-07-12T13:22:09,3600.0,51.5,S
2021-07-12T13:22:09,500.0,51.5,S
2021-07-12T13:22:09,1600.0,51.5,S
2021-07-12T13:22:09,16300.0,51.5,S
2021-07-12T13:22:09,3300.0,51.5,S
2021-07-12T13:22:09,1000.0,51.5,S
2021-07-12T13:22:09,900.0,51.5,S
2021-07-12T13:22:09,200.0,51.5,S
2021-07-12T13:22:09,300.0,51.5,S
2021-07-12T13:22:09,1900.0,51.5,S
2021-07-12T13:22:09,3200.0,51.5,S
2021-07-12T13:22:09,900.0,51.5,S
2021-07-12T13:22:09,2000.0,51.5,S
2021-07-12T13:22:09,10000.0,51.5,S
2021-07-12T13:22:09,3100.0,51.5,S
2021-07-12T13:22:09,5100.0,51.5,S
2021-07-12T13:22:09,200.0,51.5,S
2021-07-12T13:22:08,300.0,51.5,S
2021-07-12T13:22:08,100.0,51.5,S
2021-07-12T13:22:08,500.0,51.5,S
2021-07-12T13:22:08,400.0,51.5,S
2021-07-12T13:22:08,1600.0,51.5,S
2021-07-12T13:22:08,800.0,51.5,S
2021-07-12T13:22:08,10500.0,51.5,S
2021-07-12T13:22:08,5400.0,51.5,S
2021-07-12T13:22:08,50100.0,51.5,S
2021-07-12T13:22:08,3700.0,51.5,S
2021-07-12T13:22:08,900.0,51.5,S
2021-07-12T13:22:08,43300.0,51.5,S
2021-07-12T13:21:52,15000.0,51.5,S
2021-07-12T13:21:48,50000.0,51.6,B
2021-07-12T13:21:28,3000.0,51.7,B
2021-07-12T13:21:27,800.0,51.5,S
2021-07-12T13:21:27,1000.0,51.6,S
2021-07-12T13:21:27,2200.0,51.6,S
2021-07-12T13:21:18,18700.0,51.6,S
2021-07-12T13:21:18,2400.0,51.6,S
2021-07-12T13:21:18,6200.0,51.6,S
2021-07-12T13:21:18,1300.0,51.6,S
2021-07-12T13:21:18,10000.0,51.6,S
2021-07-12T13:21:17,3500.0,51.6,S
2021-07-12T13:21:17,1000.0,51.6,S
2021-07-12T13:21:17,1800.0,51.6,S
2021-07-12T13:21:17,29100.0,51.6,S
2021-07-12T13:20:55,100.0,51.7,B
2021-07-12T13:20:36,4000.0,51.7,B
2021-07-12T13:20:22,500.0,51.7,B
2021-07-12T13:20:07,500.0,51.7,B
2021-07-12T13:20:05,32400.0,51.7,B
2021-07-12T13:19:51,2100.0,51.8,S
2021-07-12T13:19:20,100.0,51.9,S
2021-07-12T13:19:05,2000.0,52.0,B
2021-07-12T13:18:50,1000.0,51.9,S
2021-07-12T13:18:46,900.0,51.9,B
2021-07-12T13:18:35,200.0,51.9,B
2021-07-12T13:18:22,500.0,51.9,B
2021-07-12T13:18:08,1000.0,51.9,B
2021-07-12T13:18:05,300.0,51.8,S
2021-07-12T13:18:05,11300.0,51.8,S
2021-07-12T13:17:45,300.0,51.9,B
2021-07-12T13:17:40,2500.0,51.9,S
2021-07-12T13:17:27,7200.0,51.9,B
2021-07-12T13:16:43,2800.0,51.9,S
2021-07-12T13:16:30,100.0,52.0,B
2021-07-12T13:16:21,10000.0,51.9,S
2021-07-12T13:16:03,1000.0,52.0,B
2021-07-12T13:16:02,100.0,52.0,B
2021-07-12T13:15:18,100.0,52.0,S
2021-07-12T13:14:54,300.0,52.2,B
2021-07-12T13:14:52,2200.0,52.0,B
2021-07-12T13:14:26,2000.0,52.0,B
2021-07-12T13:13:59,400.0,51.9,B
2021-07-12T13:13:48,2500.0,51.8,S
2021-07-12T13:12:25,13200.0,51.7,S
2021-07-12T13:12:25,4100.0,51.7,S
2021-07-12T13:12:25,2500.0,51.7,S
2021-07-12T13:12:25,500.0,51.8,S
2021-07-12T13:12:25,9700.0,51.8,S
2021-07-12T13:12:20,4300.0,52.0,B
2021-07-12T13:12:20,200.0,51.9,B
2021-07-12T13:11:54,1000.0,51.9,B
2021-07-12T13:11:36,200.0,51.9,B
2021-07-12T13:11:17,2000.0,51.9,B
2021-07-12T13:11:14,100.0,51.9,B
2021-07-12T13:11:11,500.0,51.9,B
2021-07-12T13:10:42,1000.0,51.9,B
2021-07-12T13:10:29,200.0,52.0,B
2021-07-12T13:10:03,6100.0,52.0,S
2021-07-12T13:09:09,900.0,51.9,B
2021-07-12T13:08:33,1000.0,51.9,S
2021-07-12T13:08:33,2200.0,51.9,S
2021-07-12T13:08:33,23800.0,51.9,S
2021-07-12T13:08:33,7100.0,52.1,S
2021-07-12T13:08:04,7000.0,52.2,S
2021-07-12T13:08:02,200.0,52.3,B
2021-07-12T13:07:14,26900.0,52.3,B
2021-07-12T13:06:32,5000.0,52.5,B
2021-07-12T13:06:10,3000.0,52.5,B
2021-07-12T13:05:35,100.0,52.4,B
2021-07-12T13:04:59,800.0,52.3,S
2021-07-12T13:04:50,5000.0,52.2,S
2021-07-12T13:03:45,200.0,52.3,B
2021-07-12T13:03:06,5000.0,52.3,B
2021-07-12T13:02:11,3000.0,52.1,B
2021-07-12T13:01:57,2000.0,52.1,B
2021-07-12T13:01:10,1000.0,52.0,B
2021-07-12T13:01:10,7800.0,52.0,B
2021-07-12T13:00:56,600.0,52.0,B
2021-07-12T13:00:56,100.0,52.0,B
2021-07-12T13:00:45,100.0,52.0,B
2021-07-12T13:00:40,100.0,51.9,S
2021-07-12T13:00:14,100.0,52.0,B
2021-07-12T13:00:14,300.0,52.0,B
2021-07-12T13:00:12,200.0,52.0,B
2021-07-12T13:00:12,100.0,52.0,B
2021-07-12T13:00:06,500.0,51.9,S
2021-07-12T13:00:06,6400.0,51.9,S
2021-07-12T13:00:06,100.0,51.9,S
2021-07-12T13:00:06,500.0,51.9,S
2021-07-12T13:00:03,100.0,52.0,B
2021-07-12T13:00:03,700.0,52.0,B
2021-07-12T13:00:03,800.0,51.9,S
2021-07-12T13:00:03,100.0,52.0,B
2021-07-12T13:00:00,300.0,51.9,S
2021-07-12T13:00:00,100.0,51.9,S
2021-07-12T11:29:38,500.0,51.9,B
2021-07-12T11:29:32,100.0,51.9,B
2021-07-12T11:29:27,400.0,51.9,B
2021-07-12T11:28:13,500.0,52.0,B
2021-07-12T11:27:57,100.0,52.0,B
2021-07-12T11:27:46,100.0,52.0,B
2021-07-12T11:26:01,7500.0,52.0,S
2021-07-12T11:25:57,400.0,52.0,S
2021-07-12T11:25:53,5100.0,51.9,B
2021-07-12T11:25:42,4000.0,51.9,B
2021-07-12T11:25:18,900.0,52.0,S
2021-07-12T11:25:12,100.0,52.0,B
2021-07-12T11:25:12,4000.0,52.0,B
2021-07-12T11:24:24,10000.0,51.6,S
2021-07-12T11:23:51,5000.0,52.0,S
2021-07-12T11:23:37,5000.0,52.0,B
2021-07-12T11:23:36,7000.0,52.0,B
2021-07-12T11:23:34,400.0,51.8,B
2021-07-12T11:23:31,2000.0,51.8,B
2021-07-12T11:23:20,100.0,51.8,B
2021-07-12T11:23:11,7300.0,51.8,B
2021-07-12T11:23:11,2700.0,51.8,B
2021-07-12T11:23:09,200.0,51.7,S
2021-07-12T11:23:09,17500.0,51.7,S
2021-07-12T11:22:44,100.0,51.8,B
2021-07-12T11:22:36,1000.0,51.8,B
2021-07-12T11:22:10,5100.0,51.8,B
2021-07-12T11:22:10,2900.0,51.8,B
2021-07-12T11:21:54,500.0,51.8,B
2021-07-12T11:21:52,200.0,51.8,B
2021-07-12T11:21:52,1000.0,51.8,B
2021-07-12T11:21:39,100.0,51.8,B
2021-07-12T11:21:14,1000.0,51.8,B
2021-07-12T11:21:04,14300.0,51.8,B
2021-07-12T11:20:48,500.0,52.0,S
2021-07-12T11:20:48,1900.0,52.0,S
2021-07-12T11:20:43,100.0,52.0,B
2021-07-12T11:20:26,900.0,52.0,S
2021-07-12T11:19:59,2100.0,52.0,B
2021-07-12T11:19:37,2000.0,52.0,B
2021-07-12T11:18:54,1700.0,51.8,S
2021-07-12T11:17:50,1000.0,52.0,B
2021-07-12T11:17:28,100.0,52.0,B
2021-07-12T11:16:50,500.0,51.8,S
2021-07-12T11:16:39,3000.0,52.0,B
2021-07-12T11:16:39,600.0,51.8,B
2021-07-12T11:16:31,200.0,51.8,B
2021-07-12T11:16:14,100.0,51.8,B
2021-07-12T11:16:14,100.0,51.9,S
2021-07-12T11:15:49,3000.0,52.0,B
2021-07-12T11:15:43,3200.0,51.8,B
2021-07-12T11:15:40,500.0,51.8,B
2021-07-12T11:15:20,5500.0,51.8,S
2021-07-12T11:15:17,2000.0,52.0,B
2021-07-12T11:15:13,100.0,52.0,B
2021-07-12T11:14:55,1900.0,51.8,S
2021-07-12T11:14:38,4900.0,51.8,B
2021-07-12T11:14:33,100.0,51.8,B
2021-07-12T11:14:25,500.0,51.8,B
2021-07-12T11:14:11,500.0,51.7,S
2021-07-12T11:14:08,500.0,51.8,B
2021-07-12T11:13:33,100.0,51.7,S
2021-07-12T11:13:12,1000.0,51.7,S
2021-07-12T11:12:03,300.0,51.7,S
2021-07-12T11:11:53,500.0,51.7,S
2021-07-12T11:11:50,100.0,51.7,S
2021-07-12T11:11:48,800.0,51.7,B
2021-07-12T11:11:47,200.0,51.7,B
2021-07-12T11:11:46,5000.0,51.7,B
2021-07-12T11:11:30,1000.0,51.7,B
2021-07-12T11:11:27,9500.0,51.6,S
2021-07-12T11:11:17,8500.0,51.6,S
2021-07-12T11:11:14,200.0,51.6,S
2021-07-12T11:11:12,100.0,51.7,B
2021-07-12T11:11:11,200.0,51.7,B
2021-07-12T11:11:01,6000.0,51.6,S
2021-07-12T11:10:59,2500.0,51.6,B
2021-07-12T11:10:59,2700.0,51.6,B
2021-07-12T11:10:59,10100.0,51.6,B
2021-07-12T11:10:43,1400.0,51.5,S
2021-07-12T11:10:43,100.0,51.6,B
2021-07-12T11:10:28,100.0,51.6,B
2021-07-12T11:10:22,2000.0,51.6,B
2021-07-12T11:10:09,100.0,51.5,S
2021-07-12T11:10:07,500.0,51.6,B
2021-07-12T11:10:01,500.0,51.6,B
2021-07-12T11:10:00,300.0,51.6,B
2021-07-12T11:09:48,100.0,51.6,B
2021-07-12T11:09:47,2000.0,51.5,S
2021-07-12T11:09:46,1000.0,51.5,S
2021-07-12T11:09:44,10000.0,51.5,S
2021-07-12T11:09:32,300.0,51.5,S
2021-07-12T11:09:31,300.0,51.5,S
2021-07-12T11:09:12,400.0,51.5,B
2021-07-12T11:09:10,500.0,51.5,B
2021-07-12T11:09:10,1000.0,51.5,B
2021-07-12T11:09:07,1000.0,51.5,B
2021-07-12T11:09:06,1000.0,51.5,B
2021-07-12T11:09:06,200.0,51.5,B
2021-07-12T11:09:05,200.0,51.5,B
2021-07-12T11:09:03,200.0,51.5,B
2021-07-12T11:09:02,10000.0,51.5,B
2021-07-12T11:09:02,200.0,51.5,B
2021-07-12T11:09:02,1500.0,51.5,B
2021-07-12T11:09:01,300.0,51.5,B
2021-07-12T11:08:59,100.0,51.5,B
2021-07-12T11:08:56,20000.0,51.5,B
2021-07-12T11:08:55,1000.0,51.5,B
2021-07-12T11:08:50,100.0,51.5,B
2021-07-12T11:08:46,500.0,51.5,B
2021-07-12T11:08:41,200.0,51.5,B
2021-07-12T11:08:39,2500.0,51.5,B
2021-07-12T11:08:37,13600.0,51.5,S
2021-07-12T11:08:34,19000.0,51.5,S
2021-07-12T11:08:19,23800.0,51.5,S
2021-07-12T11:08:19,5000.0,51.5,S
2021-07-12T11:08:19,1100.0,51.5,S
2021-07-12T11:08:19,1600.0,51.5,S
2021-07-12T11:08:19,100.0,51.5,S
2021-07-12T11:08:19,700.0,51.5,S
2021-07-12T11:08:19,1700.0,51.5,S
2021-07-12T11:08:19,2600.0,51.5,S
2021-07-12T11:08:19,1500.0,51.5,S
2021-07-12T11:08:19,200.0,51.5,S
2021-07-12T11:08:19,200.0,51.5,S
2021-07-12T11:08:19,500.0,51.5,S
2021-07-12T11:08:19,900.0,51.5,S
2021-07-12T11:08:19,10400.0,51.5,S
2021-07-12T11:08:19,400.0,51.5,S
2021-07-12T11:08:19,5500.0,51.5,S
2021-07-12T11:08:19,300.0,51.5,S
2021-07-12T11:08:19,400.0,51.5,S
2021-07-12T11:08:19,20500.0,51.5,S
2021-07-12T11:08:19,3000.0,51.5,S
2021-07-12T11:08:19,600.0,51.5,S
2021-07-12T11:08:19,5100.0,51.5,S
2021-07-12T11:08:19,400.0,51.5,S
2021-07-12T11:08:19,900.0,51.5,S
2021-07-12T11:08:19,6000.0,51.5,S
2021-07-12T11:08:19,1300.0,51.5,S
2021-07-12T11:08:19,100.0,51.5,S
2021-07-12T11:08:19,2400.0,51.5,S
2021-07-12T11:08:19,2800.0,51.5,S
2021-07-12T11:08:18,200.0,51.6,B
2021-07-12T11:08:18,900.0,51.5,S
2021-07-12T11:08:03,7000.0,51.5,S
2021-07-12T11:07:49,1000.0,51.6,B
2021-07-12T11:07:34,100.0,51.6,B
2021-07-12T11:07:33,11000.0,51.6,S
2021-07-12T11:07:28,2000.0,51.6,S
2021-07-12T11:07:25,2000.0,51.6,S
2021-07-12T11:07:25,1000.0,51.6,S
2021-07-12T11:07:20,100.0,51.6,S
2021-07-12T11:07:17,11500.0,51.6,S
2021-07-12T11:07:12,20000.0,51.6,S
2021-07-12T11:07:08,1500.0,51.6,S
2021-07-12T11:06:57,1000.0,51.7,B
2021-07-12T11:06:44,2100.0,51.7,B
2021-07-12T11:06:41,1500.0,51.7,S
2021-07-12T11:06:18,1000.0,51.8,B
2021-07-12T11:06:15,1800.0,51.8,S
2021-07-12T11:06:07,20000.0,52.0,B
2021-07-12T11:05:57,1500.0,51.8,S
2021-07-12T11:05:53,500.0,51.9,B
2021-07-12T11:05:53,300.0,51.9,B
2021-07-12T11:05:49,600.0,51.8,S
2021-07-12T11:05:12,100.0,52.0,B
2021-07-12T11:05:11,2700.0,51.8,S
2021-07-12T11:05:03,100.0,51.9,S
2021-07-12T11:05:03,200.0,51.9,S
2021-07-12T11:04:54,100.0,52.0,B
2021-07-12T11:04:51,100.0,52.0,B
2021-07-12T11:04:51,300.0,52.0,S
2021-07-12T11:04:51,4300.0,52.0,S
2021-07-12T11:04:51,1000.0,52.0,S
2021-07-12T11:04:51,5400.0,52.0,S
2021-07-12T11:04:51,1000.0,52.0,S
2021-07-12T11:04:51,1600.0,52.0,S
2021-07-12T11:04:51,200.0,52.0,S
2021-07-12T11:04:51,1000.0,52.0,S
2021-07-12T11:04:51,3000.0,52.0,S
2021-07-12T11:04:51,3800.0,52.0,S
2021-07-12T11:04:51,600.0,52.0,S
2021-07-12T11:04:51,200.0,52.0,S
2021-07-12T11:04:51,900.0,52.0,S
2021-07-12T11:04:51,700.0,52.0,S
2021-07-12T11:04:51,2100.0,52.0,S
2021-07-12T11:04:51,100.0,52.0,S
2021-07-12T11:04:51,9600.0,52.0,S
2021-07-12T11:04:49,1000.0,52.0,S
2021-07-12T11:04:46,10000.0,52.0,S
2021-07-12T11:04:44,100.0,52.2,B
2021-07-12T11:04:33,100.0,52.2,B
2021-07-12T11:04:27,14200.0,52.0,S
2021-07-12T11:04:16,100.0,52.3,B
2021-07-12T11:04:14,2200.0,52.2,S
2021-07-12T11:04:10,2500.0,52.3,S
2021-07-12T11:04:05,100.0,52.4,B
2021-07-12T11:03:49,200.0,52.4,S
2021-07-12T11:03:49,500.0,52.5,S
2021-07-12T11:03:46,500.0,52.5,S
2021-07-12T11:03:40,2000.0,52.5,S
2021-07-12T11:03:37,500.0,52.5,S
2021-07-12T11:03:29,1000.0,52.4,S
2021-07-12T11:03:29,1500.0,52.5,S
2021-07-12T11:02:44,500.0,52.5,S
2021-07-12T11:02:32,6500.0,52.8,B
2021-07-12T11:02:32,20000.0,52.8,B
2021-07-12T11:02:32,23500.0,52.8,B
2021-07-12T11:02:27,100.0,52.5,B
2021-07-12T11:02:20,1000.0,52.5,S
2021-07-12T11:02:20,4100.0,52.5,S
2021-07-12T11:02:20,700.0,52.5,S
2021-07-12T11:01:54,1200.0,52.6,B
2021-07-12T11:01:38,100.0,52.6,B
2021-07-12T11:01:32,2000.0,52.5,S
2021-07-12T11:01:10,100.0,52.6,B
2021-07-12T11:01:08,600.0,52.6,S
2021-07-12T11:00:45,400.0,52.6,B
2021-07-12T11:00:12,1600.0,52.6,S
2021-07-12T10:59:14,1000.0,52.8,S
2021-07-12T10:58:55,400.0,52.5,S
2021-07-12T10:58:55,500.0,52.5,S
2021-07-12T10:58:55,1000.0,52.5,S
2021-07-12T10:58:55,1800.0,52.6,S
2021-07-12T10:58:11,400.0,52.6,S
2021-07-12T10:58:03,19200.0,53.0,B
2021-07-12T10:58:03,500.0,53.0,B
2021-07-12T10:58:03,100.0,53.0,B
2021-07-12T10:58:03,900.0,53.0,B
2021-07-12T10:58:03,3200.0,53.0,B
2021-07-12T10:58:03,3000.0,52.9,B
2021-07-12T10:58:03,6200.0,52.9,B
2021-07-12T10:58:03,400.0,52.8,B
2021-07-12T10:58:03,100.0,52.8,B
2021-07-12T10:58:00,200.0,52.6,S
2021-07-12T10:57:45,200.0,52.6,S
2021-07-12T10:57:33,4200.0,52.5,S
2021-07-12T10:57:33,1800.0,52.5,S
2021-07-12T10:57:28,100.0,52.8,B
2021-07-12T10:56:31,4000.0,52.5,S
2021-07-12T10:55:28,100.0,52.8,B
2021-07-12T10:55:22,1000.0,52.8,B
2021-07-12T10:55:18,6900.0,52.5,S
2021-07-12T10:55:18,7600.0,52.6,S
2021-07-12T10:55:18,300.0,52.6,S
2021-07-12T10:55:18,200.0,52.7,S
2021-07-12T10:55:14,3000.0,52.7,S
2021-07-12T10:54:26,1200.0,52.8,S
2021-07-12T10:54:01,2000.0,52.8,S
2021-07-12T10:53:47,100.0,52.9,B
2021-07-12T10:53:31,100.0,52.8,S
2021-07-12T10:53:11,1200.0,52.9,B
2021-07-12T10:53:11,800.0,52.9,B
2021-07-12T10:51:33,23200.0,53.0,B
2021-07-12T10:51:33,300.0,53.0,B
2021-07-12T10:51:33,1100.0,52.9,B
2021-07-12T10:51:33,5400.0,52.8,B
2021-07-12T10:51:28,1300.0,52.7,S
2021-07-12T10:51:28,200.0,52.8,B
2021-07-12T10:51:19,500.0,52.8,B
2021-07-12T10:51:11,300.0,52.8,B
2021-07-12T10:51:09,500.0,52.8,B
2021-07-12T10:51:03,500.0,52.7,S
2021-07-12T10:51:00,500.0,52.7,S
2021-07-12T10:50:49,1500.0,52.8,B
2021-07-12T10:50:39,100.0,52.7,S
2021-07-12T10:50:37,100.0,52.8,B
2021-07-12T10:50:37,500.0,52.8,B
2021-07-12T10:50:13,700.0,52.7,S
2021-07-12T10:49:56,300.0,52.7,S
2021-07-12T10:49:48,1000.0,52.8,B
2021-07-12T10:49:05,2000.0,52.8,B
2021-07-12T10:48:50,500.0,52.8,S
2021-07-12T10:48:48,500.0,52.8,B
2021-07-12T10:48:40,900.0,52.8,B
2021-07-12T10:48:33,100.0,52.8,S
2021-07-12T10:48:04,100.0,53.0,B
2021-07-12T10:47:23,2300.0,53.0,S
2021-07-12T10:47:23,200.0,53.0,S
2021-07-12T10:47:20,2000.0,53.0,S
2021-07-12T10:46:56,300.0,53.1,B
2021-07-12T10:46:34,300.0,53.0,S
2021-07-12T10:46:27,200.0,53.0,S
2021-07-12T10:45:54,100.0,53.0,S
2021-07-12T10:45:42,2000.0,53.1,B
2021-07-12T10:45:39,300.0,53.0,B
2021-07-12T10:45:31,100.0,53.1,B
2021-07-12T10:45:11,700.0,53.0,B
2021-07-12T10:44:49,100.0,53.0,S
2021-07-12T10:44:32,3100.0,53.0,B
2021-07-12T10:44:32,800.0,53.0,B
2021-07-12T10:44:32,6800.0,53.0,B
2021-07-12T10:44:24,300.0,52.9,B
2021-07-12T10:44:09,1500.0,52.9,B
2021-07-12T10:43:33,2000.0,52.9,B
2021-07-12T10:43:33,300.0,52.9,B
2021-07-12T10:42:40,1600.0,52.9,B
2021-07-12T10:42:40,400.0,52.9,B
2021-07-12T10:42:22,3000.0,52.7,B
2021-07-12T10:42:10,100.0,52.7,B
2021-07-12T10:41:51,500.0,52.7,B
2021-07-12T10:41:46,100.0,52.7,B
2021-07-12T10:41:23,100.0,52.7,B
2021-07-12T10:41:15,100.0,52.7,B
2021-07-12T10:41:01,400.0,52.7,B
2021-07-12T10:40:59,1500.0,52.7,S
2021-07-12T10:40:57,900.0,52.8,B
2021-07-12T10:40:14,100.0,52.7,B
2021-07-12T10:40:11,100.0,52.7,S
2021-07-12T10:40:03,500.0,52.7,B
2021-07-12T10:39:58,200.0,52.6,S
2021-07-12T10:39:52,500.0,52.6,B
2021-07-12T10:39:41,100.0,52.6,B
2021-07-12T10:39:37,200.0,52.6,B
2021-07-12T10:39:03,500.0,52.6,B
2021-07-12T10:38:33,27100.0,52.5,B
2021-07-12T10:38:30,500.0,52.3,S
2021-07-12T10:38:20,500.0,52.3,B
2021-07-12T10:38:12,300.0,52.2,S
2021-07-12T10:38:08,200.0,52.2,S
2021-07-12T10:38:03,100.0,52.2,S
2021-07-12T10:37:56,2000.0,52.2,S
2021-07-12T10:37:55,700.0,52.1,B
2021-07-12T10:37:54,1700.0,52.1,S
2021-07-12T10:37:49,400.0,52.2,S
2021-07-12T10:37:41,9800.0,52.1,S
2021-07-12T10:37:41,200.0,52.2,S
2021-07-12T10:37:37,2600.0,52.2,B
2021-07-12T10:37:24,1100.0,52.1,S
2021-07-12T10:37:24,100.0,52.1,S
2021-07-12T10:37:24,1500.0,52.1,S
2021-07-12T10:37:12,1500.0,52.1,S
2021-07-12T10:37:08,100.0,52.1,S
2021-07-12T10:36:45,4900.0,52.0,S
2021-07-12T10:36:45,100.0,52.0,S
2021-07-12T10:36:45,5000.0,52.0,S
2021-07-12T10:36:37,2900.0,52.1,S
2021-07-12T10:36:37,4000.0,52.1,S
2021-07-12T10:36:37,3100.0,52.1,S
2021-07-12T10:36:31,500.0,52.2,S
2021-07-12T10:36:28,500.0,52.2,S
2021-07-12T10:36:27,600.0,52.2,B
2021-07-12T10:36:22,200.0,52.2,B
2021-07-12T10:36:08,300.0,52.2,B
2021-07-12T10:35:48,300.0,52.2,B
2021-07-12T10:35:38,100.0,52.2,B
2021-07-12T10:35:16,100.0,52.3,S
2021-07-12T10:35:14,20000.0,52.5,B
2021-07-12T10:34:55,1000.0,52.2,S
2021-07-12T10:34:55,7500.0,52.2,S
2021-07-12T10:34:05,4200.0,52.5,B
2021-07-12T10:34:05,800.0,52.5,B
2021-07-12T10:34:02,300.0,52.4,S
2021-07-12T10:33:50,100.0,52.4,S
2021-07-12T10:33:29,100.0,52.5,B
2021-07-12T10:33:08,4900.0,52.5,B
2021-07-12T10:33:08,27500.0,52.5,S
2021-07-12T10:33:08,2200.0,52.5,S
2021-07-12T10:33:07,2000.0,52.5,S
2021-07-12T10:33:04,100.0,52.5,S
2021-07-12T10:32:57,1300.0,52.5,S
2021-07-12T10:32:57,100.0,52.5,S
2021-07-12T10:32:57,2800.0,52.5,S
2021-07-12T10:32:57,200.0,52.5,S
2021-07-12T10:32:57,200.0,52.5,S
2021-07-12T10:32:57,1300.0,52.5,S
2021-07-12T10:32:57,6600.0,52.5,S
2021-07-12T10:32:57,1500.0,52.5,S
2021-07-12T10:32:57,100.0,52.5,S
2021-07-12T10:32:57,18600.0,52.5,S
2021-07-12T10:32:55,3000.0,52.5,S
2021-07-12T10:32:54,2000.0,52.5,S
2021-07-12T10:32:47,200.0,52.5,S
2021-07-12T10:32:34,20000.0,52.5,S
2021-07-12T10:32:29,1000.0,52.6,S
2021-07-12T10:32:27,300.0,52.6,S
2021-07-12T10:32:26,6000.0,52.6,B
2021-07-12T10:32:07,200.0,52.5,S
2021-07-12T10:31:59,400.0,52.5,S
2021-07-12T10:31:54,200.0,52.5,S
2021-07-12T10:31:44,5100.0,52.5,S
2021-07-12T10:31:34,13900.0,52.5,S
2021-07-12T10:31:26,2000.0,52.5,S
2021-07-12T10:31:23,2000.0,52.5,S
2021-07-12T10:31:08,5000.0,52.5,S
2021-07-12T10:30:55,4800.0,52.6,S
2021-07-12T10:30:50,200.0,52.6,S
2021-07-12T10:30:50,5000.0,52.6,S
2021-07-12T10:30:46,1600.0,52.5,S
2021-07-12T10:30:44,10000.0,52.6,B
2021-07-12T10:30:37,15400.0,52.6,S
2021-07-12T10:30:31,3000.0,52.6,S
2021-07-12T10:30:26,2000.0,52.6,S
2021-07-12T10:30:15,100.0,52.6,S
2021-07-12T10:30:06,300.0,52.6,S
2021-07-12T10:29:50,2000.0,52.6,S
2021-07-12T10:29:40,2300.0,52.6,S
2021-07-12T10:29:36,400.0,52.7,S
2021-07-12T10:29:30,700.0,52.7,S
2021-07-12T10:28:59,100.0,52.8,B
2021-07-12T10:28:38,1000.0,52.8,B
2021-07-12T10:28:37,8400.0,52.8,S
2021-07-12T10:28:21,2300.0,53.0,S
2021-07-12T10:28:14,20000.0,53.0,S
2021-07-12T10:28:04,600.0,53.0,S
2021-07-12T10:28:03,100.0,53.0,S
2021-07-12T10:27:47,5000.0,53.0,S
2021-07-12T10:27:39,1000.0,53.0,B
2021-07-12T10:27:39,11100.0,53.0,B
2021-07-12T10:27:39,8900.0,53.0,B
2021-07-12T10:27:39,1000.0,52.9,B
2021-07-12T10:27:28,2700.0,52.8,B
2021-07-12T10:27:16,300.0,52.7,S
2021-07-12T10:26:33,100.0,52.8,B
2021-07-12T10:26:07,2000.0,52.7,S
2021-07-12T10:26:07,500.0,52.7,S
2021-07-12T10:26:05,2400.0,52.8,S
2021-07-12T10:25:56,100.0,52.8,S
2021-07-12T10:25:56,200.0,52.9,B
2021-07-12T10:25:37,3500.0,52.7,S
2021-07-12T10:25:22,2000.0,52.9,B
2021-07-12T10:25:15,2000.0,52.9,B
2021-07-12T10:25:10,800.0,52.8,S
2021-07-12T10:25:10,3000.0,52.8,S
2021-07-12T10:25:10,200.0,52.8,S
2021-07-12T10:25:10,8100.0,52.8,S
2021-07-12T10:25:10,1000.0,52.8,S
2021-07-12T10:25:10,3500.0,52.8,S
2021-07-12T10:25:10,3400.0,52.8,S
2021-07-12T10:24:24,100.0,52.9,B
2021-07-12T10:24:06,1000.0,52.9,B
2021-07-12T10:23:25,700.0,52.9,S
2021-07-12T10:23:20,1000.0,52.9,S
2021-07-12T10:23:14,300.0,52.9,S
2021-07-12T10:23:09,5000.0,52.9,S
2021-07-12T10:23:05,300.0,52.9,S
2021-07-12T10:22:31,1900.0,52.9,S
2021-07-12T10:22:23,100.0,53.0,S
2021-07-12T10:22:12,2200.0,53.0,B
2021-07-12T10:21:40,100.0,53.0,B
2021-07-12T10:20:38,800.0,53.0,S
2021-07-12T10:19:38,4200.0,53.0,B
2021-07-12T10:19:30,1000.0,53.0,B
2021-07-12T10:19:17,100.0,53.0,B
2021-07-12T10:19:10,100.0,53.0,B
2021-07-12T10:18:58,5000.0,53.0,B
2021-07-12T10:18:35,1000.0,53.0,B
2021-07-12T10:18:35,3000.0,53.0,B
2021-07-12T10:17:36,5000.0,52.8,S
2021-07-12T10:17:07,400.0,53.1,B
2021-07-12T10:17:03,1000.0,52.9,S
2021-07-12T10:16:46,10100.0,52.9,S
2021-07-12T10:16:38,500.0,52.9,S
2021-07-12T10:16:12,100.0,53.1,B
2021-07-12T10:16:06,2000.0,53.0,S
2021-07-12T10:15:43,10900.0,52.9,S
2021-07-12T10:15:43,300.0,53.0,S
2021-07-12T10:15:43,1200.0,53.0,S
2021-07-12T10:14:50,100.0,53.1,B
2021-07-12T10:14:46,400.0,53.0,S
2021-07-12T10:13:57,1000.0,53.1,B
2021-07-12T10:13:54,1200.0,53.0,S
2021-07-12T10:13:48,200.0,53.0,S
2021-07-12T10:12:50,500.0,53.0,S
2021-07-12T10:12:43,500.0,53.0,S
2021-07-12T10:11:42,300.0,53.0,S
2021-07-12T10:11:37,100.0,53.0,S
2021-07-12T10:11:37,200.0,53.0,S
2021-07-12T10:11:08,6100.0,53.0,B
2021-07-12T10:11:06,1000.0,53.0,B
2021-07-12T10:11:01,200.0,53.0,B
2021-07-12T10:10:58,100.0,53.0,B
2021-07-12T10:10:49,500.0,53.0,S
2021-07-12T10:10:49,2500.0,53.0,S
2021-07-12T10:10:49,1000.0,53.0,S
2021-07-12T10:10:49,100.0,53.0,S
2021-07-12T10:10:49,6700.0,53.0,S
2021-07-12T10:10:49,11800.0,53.0,S
2021-07-12T10:10:47,1800.0,53.0,S
2021-07-12T10:10:47,2100.0,53.0,S
2021-07-12T10:10:47,1600.0,53.0,S
2021-07-12T10:10:47,100.0,53.0,S
2021-07-12T10:10:47,4400.0,53.0,S
2021-07-12T10:10:31,200.0,53.1,S
2021-07-12T10:10:31,1100.0,53.1,S
2021-07-12T10:10:31,55100.0,53.1,S
2021-07-12T10:10:31,12600.0,53.1,S
2021-07-12T10:10:27,100.0,53.2,S
2021-07-12T10:10:01,1000.0,53.2,S
2021-07-12T10:09:55,300.0,53.2,S
2021-07-12T10:08:21,100.0,53.1,S
2021-07-12T10:07:57,100.0,53.2,S
2021-07-12T10:07:11,400.0,53.1,S
2021-07-12T10:06:38,300.0,53.2,S
2021-07-12T10:06:25,100.0,53.2,S
2021-07-12T10:05:14,100.0,53.2,S
2021-07-12T10:04:59,200.0,53.2,S
2021-07-12T10:04:40,600.0,53.5,B
2021-07-12T10:04:25,200.0,53.5,B
2021-07-12T10:04:23,100.0,53.2,S
2021-07-12T10:03:56,900.0,53.1,S
2021-07-12T10:03:56,15000.0,53.1,S
2021-07-12T10:03:56,600.0,53.1,S
2021-07-12T10:03:56,600.0,53.2,S
2021-07-12T10:03:56,3000.0,53.2,S
2021-07-12T10:03:40,3000.0,53.3,S
2021-07-12T10:02:51,1000.0,53.3,S
2021-07-12T10:02:32,800.0,53.3,S
2021-07-12T10:02:06,1000.0,53.2,S
2021-07-12T10:02:00,200.0,53.3,B
2021-07-12T10:02:00,9500.0,53.3,B
2021-07-12T10:01:59,100.0,53.2,S
2021-07-12T10:01:30,300.0,53.2,S
2021-07-12T10:01:14,200.0,53.3,B
2021-07-12T10:00:46,700.0,53.3,S
2021-07-12T10:00:29,100.0,53.3,B
2021-07-12T10:00:29,200.0,53.3,B
2021-07-12T09:59:51,500.0,53.3,B
2021-07-12T09:59:36,300.0,53.3,S
2021-07-12T09:59:02,500.0,53.3,S
2021-07-12T09:58:53,100.0,53.2,B
2021-07-12T09:58:39,100.0,53.3,S
2021-07-12T09:57:26,500.0,53.3,S
2021-07-12T09:57:18,2000.0,53.2,B
2021-07-12T09:56:58,800.0,53.2,B
2021-07-12T09:56:58,700.0,53.2,B
2021-07-12T09:56:19,100.0,53.2,B
2021-07-12T09:56:01,200.0,53.2,B
2021-07-12T09:55:48,200.0,53.2,B
2021-07-12T09:55:41,100.0,53.1,S
2021-07-12T09:55:40,300.0,53.1,B
2021-07-12T09:55:36,100.0,53.1,B
2021-07-12T09:55:34,100.0,53.1,B
2021-07-12T09:55:17,1000.0,53.1,B
2021-07-12T09:55:13,8500.0,53.1,B
2021-07-12T09:55:10,5000.0,53.1,B
2021-07-12T09:54:45,2000.0,53.0,S
2021-07-12T09:54:42,100.0,53.1,B
2021-07-12T09:54:30,100.0,53.1,B
2021-07-12T09:54:16,1900.0,53.1,S
2021-07-12T09:53:54,400.0,53.1,S
2021-07-12T09:53:46,5000.0,53.1,S
2021-07-12T09:53:38,300.0,53.1,S
2021-07-12T09:53:37,500.0,53.2,B
2021-07-12T09:53:25,2000.0,53.2,B
2021-07-12T09:53:14,2400.0,53.1,S
2021-07-12T09:53:09,500.0,53.1,S
2021-07-12T09:52:38,100.0,53.1,B
2021-07-12T09:52:36,200.0,53.0,S
2021-07-12T09:52:05,300.0,53.0,S
2021-07-12T09:52:01,100.0,53.1,B
2021-07-12T09:51:50,2000.0,53.0,S
2021-07-12T09:51:36,600.0,53.0,S
2021-07-12T09:51:21,1500.0,53.2,S
2021-07-12T09:51:06,100.0,53.2,S
2021-07-12T09:51:02,600.0,53.2,S
2021-07-12T09:51:01,700.0,53.2,S
2021-07-12T09:50:46,10000.0,53.5,B
2021-07-12T09:50:46,100.0,53.2,S
2021-07-12T09:50:29,12300.0,53.3,S
2021-07-12T09:50:29,3100.0,53.3,S
2021-07-12T09:50:13,2000.0,53.3,S
2021-07-12T09:50:04,800.0,53.3,S
2021-07-12T09:48:56,100.0,53.3,S
2021-07-12T09:48:47,200.0,53.3,S
2021-07-12T09:47:42,400.0,53.3,S
2021-07-12T09:47:39,500.0,53.5,B
2021-07-12T09:47:27,2000.0,53.5,B
2021-07-12T09:46:51,1400.0,53.5,B
2021-07-12T09:46:51,600.0,53.5,B
2021-07-12T09:46:23,100.0,53.3,S
2021-07-12T09:46:23,200.0,53.3,S
2021-07-12T09:45:48,100.0,53.3,S
2021-07-12T09:45:42,200.0,53.3,B
2021-07-12T09:45:32,200.0,53.2,S
2021-07-12T09:45:25,1500.0,53.2,S
2021-07-12T09:45:22,6900.0,53.2,S
2021-07-12T09:44:18,600.0,53.2,B
2021-07-12T09:44:07,4000.0,53.0,S
2021-07-12T09:44:07,700.0,53.0,S
2021-07-12T09:44:07,300.0,53.0,S
2021-07-12T09:44:02,1000.0,53.0,S
2021-07-12T09:44:00,100.0,53.0,S
2021-07-12T09:43:56,500.0,53.0,S
2021-07-12T09:43:55,500.0,53.1,B
2021-07-12T09:43:46,500.0,53.0,S
2021-07-12T09:43:45,600.0,53.0,B
2021-07-12T09:43:45,7000.0,53.0,B
2021-07-12T09:43:43,1000.0,52.9,S
2021-07-12T09:43:42,5000.0,53.0,B
2021-07-12T09:43:39,3000.0,53.0,B
2021-07-12T09:43:27,100.0,53.0,B
2021-07-12T09:43:26,3000.0,53.0,B
2021-07-12T09:43:24,20000.0,53.0,B
2021-07-12T09:43:21,100.0,53.0,B
2021-07-12T09:43:19,1000.0,53.0,B
2021-07-12T09:43:16,35000.0,53.0,B
2021-07-12T09:43:16,100.0,53.0,B
2021-07-12T09:42:55,600.0,52.8,S
2021-07-12T09:42:43,300.0,52.6,S
2021-07-12T09:42:36,100.0,53.0,B
2021-07-12T09:42:28,1000.0,52.6,S
2021-07-12T09:42:26,1900.0,52.6,B
2021-07-12T09:42:19,800.0,52.5,S
2021-07-12T09:42:13,500.0,52.6,B
2021-07-12T09:42:12,300.0,52.5,S
2021-07-12T09:42:12,200.0,52.5,S
2021-07-12T09:41:59,400.0,52.5,S
2021-07-12T09:41:51,1500.0,52.5,S
2021-07-12T09:41:46,3500.0,52.5,S
2021-07-12T09:41:46,6500.0,52.5,S
2021-07-12T09:41:36,6300.0,52.5,S
2021-07-12T09:41:32,500.0,52.6,B
2021-07-12T09:41:32,100.0,52.6,B
2021-07-12T09:41:28,300.0,52.5,S
2021-07-12T09:41:22,500.0,53.0,B
2021-07-12T09:41:21,600.0,52.9,B
2021-07-12T09:41:21,400.0,52.6,B
2021-07-12T09:41:11,1600.0,52.6,S
2021-07-12T09:41:09,1000.0,52.6,S
2021-07-12T09:41:09,500.0,52.6,S
2021-07-12T09:41:04,400.0,52.6,S
2021-07-12T09:41:04,500.0,52.6,S
2021-07-12T09:41:04,100.0,52.6,S
2021-07-12T09:40:34,100.0,52.6,S
2021-07-12T09:40:22,700.0,52.5,S
2021-07-12T09:40:19,3100.0,52.5,S
2021-07-12T09:40:19,1200.0,52.5,S
2021-07-12T09:40:19,200.0,52.5,S
2021-07-12T09:40:16,5000.0,53.0,B
2021-07-12T09:40:07,100.0,53.0,B
2021-07-12T09:39:52,100.0,53.0,B
2021-07-12T09:39:41,900.0,52.5,S
2021-07-12T09:39:39,5000.0,53.0,B
2021-07-12T09:39:35,1000.0,53.0,B
2021-07-12T09:39:31,2000.0,52.5,S
2021-07-12T09:39:26,100.0,53.0,B
2021-07-12T09:39:23,100.0,53.0,S
2021-07-12T09:39:23,19800.0,53.0,S
2021-07-12T09:39:15,900.0,53.0,S
2021-07-12T09:39:15,900.0,53.0,S
2021-07-12T09:39:15,4600.0,53.0,S
2021-07-12T09:39:13,300.0,53.1,S
2021-07-12T09:38:55,1000.0,53.5,B
2021-07-12T09:38:54,200.0,53.0,S
2021-07-12T09:38:54,2400.0,53.0,S
2021-07-12T09:38:54,1100.0,53.0,S
2021-07-12T09:38:54,6500.0,53.0,S
2021-07-12T09:38:51,300.0,53.1,S
2021-07-12T09:38:51,2900.0,53.1,S
2021-07-12T09:38:38,1000.0,53.1,S
2021-07-12T09:38:37,200.0,53.1,S
2021-07-12T09:38:30,2500.0,53.1,S
2021-07-12T09:38:28,500.0,53.1,S
2021-07-12T09:38:11,3000.0,53.1,S
2021-07-12T09:38:11,500.0,53.1,S
2021-07-12T09:38:11,700.0,53.1,S
2021-07-12T09:38:11,300.0,53.1,S
2021-07-12T09:37:55,500.0,53.2,S
2021-07-12T09:37:33,100.0,53.2,S
2021-07-12T09:37:29,300.0,53.2,S
2021-07-12T09:37:25,700.0,53.5,B
2021-07-12T09:37:25,200.0,53.2,S
2021-07-12T09:37:25,3800.0,53.5,S
2021-07-12T09:37:19,6500.0,53.5,S
2021-07-12T09:37:13,100.0,53.5,S
2021-07-12T09:37:12,100.0,53.7,B
2021-07-12T09:37:11,100.0,53.5,S
2021-07-12T09:37:05,20000.0,53.5,S
2021-07-12T09:37:02,7600.0,53.6,B
2021-07-12T09:36:58,200.0,53.5,S
2021-07-12T09:36:56,4300.0,53.6,S
2021-07-12T09:36:54,200.0,53.6,S
2021-07-12T09:36:45,500.0,53.6,B
2021-07-12T09:36:36,500.0,53.6,B
2021-07-12T09:36:33,10000.0,53.5,S
2021-07-12T09:36:27,100.0,53.5,S
2021-07-12T09:36:25,2000.0,53.5,S
2021-07-12T09:36:22,500.0,53.5,S
2021-07-12T09:36:16,200.0,53.5,S
2021-07-12T09:36:09,1000.0,53.5,S
2021-07-12T09:36:06,2000.0,53.5,S
2021-07-12T09:35:56,1500.0,53.5,B
2021-07-12T09:35:48,300.0,53.5,B
2021-07-12T09:35:48,28200.0,53.5,S
2021-07-12T09:35:47,5400.0,53.5,S
2021-07-12T09:35:47,1000.0,53.6,B
2021-07-12T09:35:47,300.0,53.6,B
2021-07-12T09:35:46,400.0,53.5,S
2021-07-12T09:35:40,20000.0,53.5,S
2021-07-12T09:35:32,10000.0,53.5,S
2021-07-12T09:35:29,500.0,53.6,S
2021-07-12T09:35:21,100.0,53.6,S
2021-07-12T09:34:45,1900.0,53.6,B
2021-07-12T09:34:45,4000.0,53.5,S
2021-07-12T09:34:44,15000.0,53.5,S
2021-07-12T09:34:42,1000.0,53.5,S
2021-07-12T09:34:38,1000.0,53.5,S
2021-07-12T09:34:22,300.0,53.5,S
2021-07-12T09:34:20,2000.0,53.5,S
2021-07-12T09:33:48,4500.0,53.6,S
2021-07-12T09:33:48,500.0,53.6,S
2021-07-12T09:33:46,100.0,53.7,B
2021-07-12T09:33:43,1000.0,53.7,B
2021-07-12T09:33:37,700.0,53.7,S
2021-07-12T09:33:36,2000.0,53.7,S
2021-07-12T09:33:32,800.0,53.7,S
2021-07-12T09:33:22,1500.0,53.7,S
2021-07-12T09:33:09,300.0,53.7,S
2021-07-12T09:32:59,4800.0,53.7,S
2021-07-12T09:32:57,20000.0,54.0,B
2021-07-12T09:31:42,600.0,53.9,S
2021-07-12T09:31:42,200.0,53.9,S
2021-07-12T09:31:42,5400.0,53.9,S
2021-07-12T09:31:42,1000.0,53.9,S
2021-07-12T09:31:06,100.0,54.0,B
2021-07-12T09:30:46,500.0,54.0,B
2021-07-12T09:30:40,7000.0,54.1,B
2021-07-12T09:30:31,100.0,54.0,B
2021-07-12T09:30:31,4100.0,54.0,S
2021-07-12T09:30:31,11200.0,54.0,S
2021-07-12T09:30:08,300.0,54.0,S
2021-07-12T09:30:06,20000.0,54.0,S
2021-07-12T09:30:00,500.0,54.2,S
2021-07-12T09:29:56,1000.0,54.1,S
2021-07-12T09:29:52,200.0,54.1,S
2021-07-12T09:29:52,400.0,54.1,S
2021-07-12T09:29:52,600.0,54.1,S
2021-07-12T09:29:49,1400.0,54.1,S
2021-07-12T09:29:32,100.0,54.1,S
2021-07-12T09:29:32,1000.0,54.1,S
2021-07-12T09:28:41,10000.0,54.1,S
2021-07-12T09:28:39,100.0,54.3,S
2021-07-12T09:28:38,400.0,54.3,S
2021-07-12T09:28:31,200.0,54.4,B
2021-07-12T09:28:31,3000.0,54.3,S
2021-07-12T09:27:53,1000.0,54.3,S
2021-07-12T09:27:33,1000.0,54.3,S
2021-07-12T09:27:18,300.0,54.3,S
2021-07-12T09:26:20,4000.0,54.5,B
2021-07-12T09:26:15,1200.0,54.5,S
2021-07-12T09:26:15,12300.0,54.5,S
2021-07-12T09:26:05,300.0,54.5,S
2021-07-12T09:25:35,3900.0,54.6,S
2021-07-12T09:25:32,500.0,54.6,S
2021-07-12T09:25:00,300.0,54.6,S
2021-07-12T09:24:47,600.0,54.8,S
2021-07-12T09:24:46,200.0,54.8,S
2021-07-12T09:24:01,100.0,54.8,S
2021-07-12T09:23:46,100.0,54.8,S
2021-07-12T09:22:58,100.0,54.8,B
2021-07-12T09:22:51,100.0,54.6,S
2021-07-12T09:21:53,500.0,54.8,B
2021-07-12T09:21:50,200.0,54.6,S
2021-07-12T09:20:17,500.0,55.0,B
2021-07-12T09:20:11,400.0,54.5,S
2021-07-12T09:19:44,12200.0,54.5,B
2021-07-12T09:19:28,100.0,54.3,B
2021-07-12T09:19:24,100.0,54.3,B
2021-07-12T09:19:17,500.0,54.2,B
2021-07-12T09:19:12,1000.0,54.1,S
2021-07-12T09:19:12,1000.0,54.1,S
2021-07-12T09:19:06,1000.0,54.1,S
2021-07-12T09:18:29,5000.0,54.1,S
2021-07-12T09:18:12,2000.0,54.2,S
2021-07-12T09:18:11,600.0,54.2,S
2021-07-12T09:17:59,500.0,54.2,S
2021-07-12T09:17:52,500.0,54.5,B
2021-07-12T09:17:49,500.0,54.5,B
2021-07-12T09:17:41,300.0,54.5,B
2021-07-12T09:17:37,4800.0,54.5,S
2021-07-12T09:16:56,2000.0,54.5,S
2021-07-12T09:16:49,300.0,55.0,B
2021-07-12T09:16:19,5000.0,54.5,B
2021-07-12T09:16:08,400.0,54.5,B
2021-07-12T09:15:44,100.0,54.5,B
2021-07-12T09:15:33,100.0,54.5,B
