tradingTime,volume,price,side
2021-07-12T14:29:58,200.0,98.2,B
2021-07-12T14:28:07,300.0,98.2,B
2021-07-12T14:27:33,100.0,97.5,S
2021-07-12T14:27:33,100.0,97.5,S
2021-07-12T14:25:17,100.0,98.2,B
2021-07-12T14:23:17,100.0,98.0,B
2021-07-12T14:20:46,300.0,97.7,B
2021-07-12T14:20:23,100.0,97.6,S
2021-07-12T14:20:12,10000.0,97.6,S
2021-07-12T14:19:46,9700.0,97.7,S
2021-07-12T14:18:54,2800.0,97.7,S
2021-07-12T14:18:54,100.0,97.8,S
2021-07-12T14:18:54,100.0,97.8,S
2021-07-12T14:17:19,1000.0,97.8,S
2021-07-12T14:16:22,5000.0,97.8,S
2021-07-12T14:13:33,300.0,97.8,S
2021-07-12T14:12:45,100.0,97.9,S
2021-07-12T14:07:08,100.0,97.9,S
2021-07-12T14:05:26,300.0,97.8,S
2021-07-12T14:05:05,100.0,97.8,S
2021-07-12T14:02:54,300.0,97.8,S
2021-07-12T14:01:07,200.0,97.8,S
2021-07-12T14:00:42,100.0,97.8,S
2021-07-12T13:59:42,1000.0,97.8,S
2021-07-12T13:59:30,200.0,97.8,S
2021-07-12T13:58:07,600.0,97.8,S
2021-07-12T13:57:26,100.0,97.9,S
2021-07-12T13:55:23,2000.0,98.0,S
2021-07-12T13:53:41,100.0,98.2,B
2021-07-12T13:52:42,1000.0,98.0,S
2021-07-12T13:51:11,300.0,98.0,S
2021-07-12T13:49:48,100.0,98.0,S
2021-07-12T13:48:33,6600.0,98.0,B
2021-07-12T13:47:03,100.0,97.8,S
2021-07-12T13:47:02,200.0,97.8,S
2021-07-12T13:47:01,600.0,97.8,S
2021-07-12T13:46:17,100.0,97.8,S
2021-07-12T13:46:05,900.0,97.9,S
2021-07-12T13:45:52,5000.0,97.9,S
2021-07-12T13:45:36,1500.0,97.9,S
2021-07-12T13:44:28,2000.0,97.9,S
2021-07-12T13:43:50,300.0,97.9,S
2021-07-12T13:43:39,200.0,97.9,S
2021-07-12T13:42:40,200.0,97.9,S
2021-07-12T13:42:31,100.0,97.9,S
2021-07-12T13:42:09,100.0,97.9,S
2021-07-12T13:41:23,300.0,98.0,S
2021-07-12T13:41:23,200.0,98.0,S
2021-07-12T13:41:23,3000.0,98.0,S
2021-07-12T13:41:20,5000.0,98.0,S
2021-07-12T13:39:57,2500.0,98.0,S
2021-07-12T13:39:57,1500.0,98.0,S
2021-07-12T13:39:13,100.0,98.0,S
2021-07-12T13:38:33,1000.0,98.0,S
2021-07-12T13:34:30,100.0,98.0,S
2021-07-12T13:33:35,100.0,98.0,S
2021-07-12T13:32:16,1000.0,98.0,S
2021-07-12T13:30:37,3400.0,98.0,S
2021-07-12T13:29:40,300.0,98.1,S
2021-07-12T13:29:29,200.0,98.2,B
2021-07-12T13:29:05,700.0,98.1,B
2021-07-12T13:28:38,300.0,98.1,S
2021-07-12T13:26:51,100.0,98.0,S
2021-07-12T13:23:52,1000.0,98.0,S
2021-07-12T13:22:26,1000.0,98.0,S
2021-07-12T13:21:41,400.0,98.0,S
2021-07-12T13:21:29,200.0,98.0,S
2021-07-12T13:21:09,100.0,98.0,S
2021-07-12T13:21:01,400.0,98.0,S
2021-07-12T13:20:59,400.0,98.0,S
2021-07-12T13:20:59,200.0,98.0,S
2021-07-12T13:20:15,600.0,98.1,S
2021-07-12T13:20:14,200.0,98.2,S
2021-07-12T13:19:12,100.0,98.2,S
2021-07-12T13:17:49,500.0,98.2,S
2021-07-12T13:17:08,300.0,98.2,S
2021-07-12T13:12:34,500.0,98.2,S
2021-07-12T13:11:32,100.0,98.2,S
2021-07-12T13:08:13,100.0,99.0,B
2021-07-12T13:05:33,100.0,99.5,S
2021-07-12T13:05:33,200.0,99.5,S
2021-07-12T13:03:55,100.0,99.5,S
2021-07-12T13:02:42,500.0,99.5,B
2021-07-12T13:01:38,500.0,99.0,S
2021-07-12T13:00:12,100.0,99.5,B
2021-07-12T11:29:08,200.0,98.6,S
2021-07-12T11:26:16,100.0,98.2,S
2021-07-12T11:21:54,100.0,99.5,S
2021-07-12T11:19:25,100.0,99.6,B
2021-07-12T11:19:09,1000.0,99.6,B
2021-07-12T11:18:37,100.0,99.5,S
2021-07-12T11:14:01,700.0,100.0,B
2021-07-12T11:14:01,300.0,99.9,B
2021-07-12T11:12:14,100.0,98.2,S
2021-07-12T11:10:59,100.0,98.1,S
2021-07-12T11:08:29,200.0,98.1,S
2021-07-12T11:07:05,1000.0,98.1,S
2021-07-12T11:06:46,8800.0,98.1,S
2021-07-12T11:06:46,200.0,98.1,S
2021-07-12T11:06:46,500.0,98.2,S
2021-07-12T11:06:46,200.0,98.2,S
2021-07-12T11:06:46,300.0,98.2,S
2021-07-12T11:06:12,500.0,98.2,S
2021-07-12T11:03:50,500.0,98.2,S
2021-07-12T11:03:21,200.0,98.2,S
2021-07-12T11:02:12,300.0,98.2,S
2021-07-12T11:02:11,700.0,98.2,S
2021-07-12T11:00:14,100.0,100.0,B
2021-07-12T10:58:12,300.0,100.1,B
2021-07-12T10:58:12,3000.0,100.1,B
2021-07-12T10:58:12,1000.0,99.5,B
2021-07-12T10:58:12,2100.0,99.0,B
2021-07-12T10:56:06,200.0,98.2,S
2021-07-12T10:55:41,100.0,98.5,S
2021-07-12T10:54:21,100.0,98.3,S
2021-07-12T10:53:30,900.0,98.3,B
2021-07-12T10:51:31,500.0,98.3,B
2021-07-12T10:51:24,500.0,98.3,B
2021-07-12T10:50:56,600.0,98.3,S
2021-07-12T10:48:17,200.0,98.3,S
2021-07-12T10:48:03,100.0,98.4,S
2021-07-12T10:46:01,200.0,99.0,B
2021-07-12T10:45:48,100.0,99.0,B
2021-07-12T10:44:39,100.0,99.0,B
2021-07-12T10:44:18,100.0,98.2,S
2021-07-12T10:43:50,100.0,98.2,B
2021-07-12T10:43:45,300.0,98.2,B
2021-07-12T10:43:20,100.0,98.2,B
2021-07-12T10:43:18,100.0,98.2,B
2021-07-12T10:43:00,100.0,98.2,B
2021-07-12T10:41:02,1000.0,98.2,B
2021-07-12T10:40:24,100.0,98.1,S
2021-07-12T10:39:33,100.0,98.2,B
2021-07-12T10:38:20,1000.0,98.2,B
2021-07-12T10:38:20,100.0,98.2,B
2021-07-12T10:37:59,2000.0,98.2,B
2021-07-12T10:37:48,5000.0,98.1,S
2021-07-12T10:37:35,200.0,98.2,S
2021-07-12T10:36:30,100.0,98.1,S
2021-07-12T10:36:04,600.0,98.1,S
2021-07-12T10:35:18,500.0,98.5,S
2021-07-12T10:34:36,100.0,98.5,S
2021-07-12T10:34:18,1000.0,99.0,S
2021-07-12T10:33:42,200.0,99.0,S
2021-07-12T10:33:42,1000.0,99.0,S
2021-07-12T10:33:42,200.0,99.0,S
2021-07-12T10:33:26,200.0,99.0,S
2021-07-12T10:33:23,1000.0,99.0,S
2021-07-12T10:33:19,100.0,99.0,S
2021-07-12T10:33:06,400.0,99.0,S
2021-07-12T10:32:59,400.0,99.0,S
2021-07-12T10:32:53,200.0,99.0,S
2021-07-12T10:32:45,100.0,99.1,S
2021-07-12T10:32:29,7700.0,99.9,S
2021-07-12T10:29:20,900.0,99.9,S
2021-07-12T10:28:41,100.0,99.9,S
2021-07-12T10:28:14,1000.0,99.9,S
2021-07-12T10:27:44,300.0,99.9,S
2021-07-12T10:27:33,600.0,100.0,S
2021-07-12T10:27:33,300.0,100.0,S
2021-07-12T10:27:33,600.0,100.0,S
2021-07-12T10:27:33,900.0,100.0,S
2021-07-12T10:27:33,400.0,100.0,S
2021-07-12T10:27:33,4000.0,100.0,S
2021-07-12T10:27:22,100.0,100.0,S
2021-07-12T10:27:12,200.0,100.0,S
2021-07-12T10:27:11,800.0,100.0,S
2021-07-12T10:26:49,1000.0,100.0,S
2021-07-12T10:26:32,400.0,100.1,B
2021-07-12T10:26:29,1500.0,100.0,S
2021-07-12T10:26:23,500.0,100.0,S
2021-07-12T10:26:06,500.0,100.0,S
2021-07-12T10:25:07,100.0,100.0,S
2021-07-12T10:24:48,100.0,100.1,B
2021-07-12T10:24:27,1300.0,100.0,S
2021-07-12T10:24:27,200.0,100.0,S
2021-07-12T10:24:27,500.0,100.0,S
2021-07-12T10:23:56,3800.0,100.1,S
2021-07-12T10:23:39,1000.0,100.1,S
2021-07-12T10:22:14,1000.0,100.1,S
2021-07-12T10:21:34,1000.0,100.1,S
2021-07-12T10:20:55,500.0,100.1,S
2021-07-12T10:20:35,100.0,100.2,S
2021-07-12T10:20:35,400.0,100.2,S
2021-07-12T10:20:35,600.0,100.2,S
2021-07-12T10:19:48,3000.0,100.2,S
2021-07-12T10:19:41,400.0,100.6,B
2021-07-12T10:17:54,200.0,100.3,S
2021-07-12T10:17:54,300.0,100.3,S
2021-07-12T10:17:27,100.0,100.5,S
2021-07-12T10:15:50,500.0,100.5,S
2021-07-12T10:13:40,500.0,100.6,S
2021-07-12T10:12:41,400.0,100.6,S
2021-07-12T10:10:24,100.0,101.9,B
2021-07-12T10:09:48,100.0,100.3,S
2021-07-12T10:07:31,500.0,100.6,S
2021-07-12T10:07:00,100.0,101.0,S
2021-07-12T10:05:51,1100.0,100.3,S
2021-07-12T10:05:51,300.0,100.3,S
2021-07-12T10:05:51,100.0,100.3,S
2021-07-12T10:05:25,500.0,100.6,S
2021-07-12T10:02:11,100.0,100.3,S
2021-07-12T09:57:10,200.0,100.3,S
2021-07-12T09:56:42,2000.0,100.3,S
2021-07-12T09:54:31,100.0,100.3,S
2021-07-12T09:54:06,100.0,101.9,B
2021-07-12T09:46:52,100.0,100.2,S
2021-07-12T09:44:54,100.0,103.4,B
2021-07-12T09:42:24,100.0,100.1,S
2021-07-12T09:40:30,2000.0,100.1,S
2021-07-12T09:39:32,100.0,100.1,S
2021-07-12T09:39:24,100.0,100.1,S
2021-07-12T09:39:23,100.0,100.1,S
2021-07-12T09:39:13,100.0,100.1,S
2021-07-12T09:38:19,800.0,100.1,S
2021-07-12T09:38:19,300.0,100.3,S
2021-07-12T09:38:19,100.0,100.3,S
2021-07-12T09:35:57,200.0,100.4,B
2021-07-12T09:34:11,500.0,100.3,S
2021-07-12T09:34:08,800.0,100.5,B
2021-07-12T09:33:07,300.0,100.4,S
2021-07-12T09:33:05,200.0,100.4,S
2021-07-12T09:32:36,100.0,100.4,S
2021-07-12T09:32:01,200.0,100.5,S
2021-07-12T09:31:35,100.0,100.5,S
2021-07-12T09:30:01,1100.0,104.0,B
2021-07-12T09:23:56,100.0,100.4,S
2021-07-12T09:17:33,300.0,100.0,B
2021-07-12T09:17:32,700.0,100.0,S
2021-07-12T09:16:17,200.0,100.1,S
