tradingTime,volume,price,side
2021-07-12T14:29:55,1000.0,22.15,B
2021-07-12T14:29:53,500.0,22.15,B
2021-07-12T14:29:44,100.0,22.15,B
2021-07-12T14:29:30,5000.0,22.15,B
2021-07-12T14:29:29,3000.0,22.15,B
2021-07-12T14:29:28,500.0,22.15,B
2021-07-12T14:29:23,100.0,22.1,S
2021-07-12T14:29:22,1500.0,22.15,B
2021-07-12T14:29:11,5000.0,22.15,B
2021-07-12T14:29:10,1000.0,22.15,B
2021-07-12T14:29:08,500.0,22.15,B
2021-07-12T14:29:01,200.0,22.15,B
2021-07-12T14:28:58,5000.0,22.15,B
2021-07-12T14:28:48,500.0,22.15,B
2021-07-12T14:28:46,100.0,22.15,B
2021-07-12T14:28:12,20000.0,22.15,B
2021-07-12T14:27:54,5000.0,22.15,B
2021-07-12T14:27:45,100.0,22.15,S
2021-07-12T14:27:40,100.0,22.15,S
2021-07-12T14:27:39,500.0,22.15,S
2021-07-12T14:27:36,600.0,22.15,S
2021-07-12T14:27:24,300.0,22.15,B
2021-07-12T14:27:24,8400.0,22.15,B
2021-07-12T14:27:12,3000.0,22.1,S
2021-07-12T14:27:11,100.0,22.15,B
2021-07-12T14:27:06,200.0,22.15,B
2021-07-12T14:27:00,5000.0,22.15,B
2021-07-12T14:26:52,1300.0,22.15,B
2021-07-12T14:26:35,8000.0,22.15,B
2021-07-12T14:25:55,200.0,22.1,B
2021-07-12T14:25:33,400.0,22.1,S
2021-07-12T14:25:30,200.0,22.15,B
2021-07-12T14:25:25,300.0,22.1,B
2021-07-12T14:25:12,500.0,22.1,B
2021-07-12T14:24:58,100.0,22.1,S
2021-07-12T14:24:42,500.0,22.15,B
2021-07-12T14:24:39,300.0,22.15,B
2021-07-12T14:24:38,2000.0,22.15,B
2021-07-12T14:24:24,1200.0,22.15,S
2021-07-12T14:24:22,500.0,22.2,B
2021-07-12T14:24:18,100.0,22.15,S
2021-07-12T14:24:17,3000.0,22.2,B
2021-07-12T14:24:10,200.0,22.15,S
2021-07-12T14:23:55,1000.0,22.15,S
2021-07-12T14:23:51,800.0,22.2,B
2021-07-12T14:23:49,700.0,22.15,B
2021-07-12T14:23:49,2100.0,22.15,B
2021-07-12T14:23:42,100.0,22.15,B
2021-07-12T14:23:32,200.0,22.15,B
2021-07-12T14:23:29,20000.0,22.05,S
2021-07-12T14:23:20,1000.0,22.15,S
2021-07-12T14:23:17,2600.0,22.15,S
2021-07-12T14:23:17,700.0,22.15,S
2021-07-12T14:23:01,300.0,22.2,B
2021-07-12T14:22:54,100.0,22.15,S
2021-07-12T14:22:52,1100.0,22.2,B
2021-07-12T14:22:49,1000.0,22.2,B
2021-07-12T14:22:39,3000.0,22.2,B
2021-07-12T14:22:39,500.0,22.15,S
2021-07-12T14:22:37,800.0,22.2,B
2021-07-12T14:22:27,10000.0,22.2,B
2021-07-12T14:22:23,2000.0,22.2,B
2021-07-12T14:22:19,1800.0,22.2,B
2021-07-12T14:22:07,8600.0,22.2,B
2021-07-12T14:22:00,200.0,22.15,S
2021-07-12T14:21:41,5000.0,22.2,B
2021-07-12T14:21:40,200.0,22.05,S
2021-07-12T14:21:37,1000.0,22.05,S
2021-07-12T14:21:27,4700.0,22.05,B
2021-07-12T14:21:18,1300.0,22.0,B
2021-07-12T14:21:08,200.0,22.0,S
2021-07-12T14:21:06,500.0,22.0,B
2021-07-12T14:21:05,3600.0,22.0,B
2021-07-12T14:21:05,6400.0,22.0,B
2021-07-12T14:20:57,2600.0,22.0,B
2021-07-12T14:20:57,2600.0,22.0,B
2021-07-12T14:20:57,1700.0,22.0,B
2021-07-12T14:20:57,100.0,22.0,B
2021-07-12T14:20:57,13000.0,22.0,B
2021-07-12T14:20:53,1000.0,22.0,B
2021-07-12T14:20:50,800.0,22.0,B
2021-07-12T14:20:40,200.0,22.0,B
2021-07-12T14:20:32,1000.0,22.0,B
2021-07-12T14:20:17,200.0,22.0,B
2021-07-12T14:20:12,30000.0,21.95,B
2021-07-12T14:20:11,900.0,21.95,B
2021-07-12T14:20:01,4000.0,21.95,B
2021-07-12T14:19:56,100.0,21.95,B
2021-07-12T14:19:20,600.0,21.9,S
2021-07-12T14:19:19,1000.0,21.95,B
2021-07-12T14:19:16,1900.0,21.9,S
2021-07-12T14:19:15,300.0,21.95,B
2021-07-12T14:19:07,2000.0,21.9,S
2021-07-12T14:19:07,5000.0,21.95,B
2021-07-12T14:19:06,100.0,21.9,S
2021-07-12T14:18:54,200.0,21.9,S
2021-07-12T14:18:37,5900.0,21.9,B
2021-07-12T14:18:37,7100.0,21.9,B
2021-07-12T14:18:36,2000.0,21.9,B
2021-07-12T14:18:34,5700.0,21.9,B
2021-07-12T14:18:34,100.0,21.9,B
2021-07-12T14:18:34,3500.0,21.9,B
2021-07-12T14:18:34,600.0,21.9,B
2021-07-12T14:18:34,15800.0,21.9,B
2021-07-12T14:18:34,3900.0,21.9,B
2021-07-12T14:18:34,1000.0,21.9,B
2021-07-12T14:18:34,1300.0,21.9,B
2021-07-12T14:18:34,2600.0,21.9,B
2021-07-12T14:18:34,2800.0,21.9,B
2021-07-12T14:18:34,300.0,21.9,B
2021-07-12T14:18:34,100.0,21.9,B
2021-07-12T14:18:34,1100.0,21.9,B
2021-07-12T14:18:34,11200.0,21.9,B
2021-07-12T14:18:26,2000.0,21.9,B
2021-07-12T14:18:22,300.0,21.9,B
2021-07-12T14:18:16,100.0,21.9,B
2021-07-12T14:18:16,500.0,21.9,B
2021-07-12T14:18:09,5000.0,21.9,B
2021-07-12T14:18:03,10000.0,21.9,B
2021-07-12T14:17:59,1000.0,21.9,B
2021-07-12T14:17:50,5300.0,21.9,B
2021-07-12T14:17:49,1000.0,21.9,B
2021-07-12T14:17:42,100.0,21.9,B
2021-07-12T14:17:37,10000.0,21.9,B
2021-07-12T14:17:27,100.0,21.9,B
2021-07-12T14:17:26,1000.0,21.9,B
2021-07-12T14:17:10,26700.0,21.9,B
2021-07-12T14:17:10,5300.0,21.9,B
2021-07-12T14:17:10,900.0,21.9,B
2021-07-12T14:17:10,1800.0,21.9,B
2021-07-12T14:17:10,6200.0,21.9,B
2021-07-12T14:17:10,9100.0,21.9,B
2021-07-12T14:16:53,100.0,21.9,B
2021-07-12T14:16:49,200.0,21.9,B
2021-07-12T14:16:28,20000.0,21.9,B
2021-07-12T14:15:53,1100.0,21.9,B
2021-07-12T14:15:53,1000.0,21.9,B
2021-07-12T14:15:53,1700.0,21.9,B
2021-07-12T14:15:53,19600.0,21.9,B
2021-07-12T14:15:53,4300.0,21.9,B
2021-07-12T14:15:53,1800.0,21.9,B
2021-07-12T14:15:52,500.0,21.9,B
2021-07-12T14:15:48,1000.0,21.9,B
2021-07-12T14:15:46,10000.0,21.9,B
2021-07-12T14:15:46,2000.0,21.9,B
2021-07-12T14:15:35,1000.0,21.9,B
2021-07-12T14:15:29,100.0,21.9,B
2021-07-12T14:15:25,100.0,21.9,B
2021-07-12T14:15:14,100.0,21.9,B
2021-07-12T14:15:10,1800.0,21.9,B
2021-07-12T14:14:03,100.0,21.9,B
2021-07-12T14:13:57,200.0,21.9,B
2021-07-12T14:13:02,100.0,21.9,B
2021-07-12T14:12:29,3500.0,21.9,B
2021-07-12T14:12:22,200.0,21.9,B
2021-07-12T14:11:56,100.0,21.9,B
2021-07-12T14:11:32,10000.0,21.9,B
2021-07-12T14:11:17,100.0,21.9,B
2021-07-12T14:11:09,100.0,21.9,B
2021-07-12T14:10:33,200.0,21.9,B
2021-07-12T14:10:24,1000.0,21.9,B
2021-07-12T14:10:10,4500.0,21.9,B
2021-07-12T14:09:59,1100.0,21.9,B
2021-07-12T14:09:33,100.0,21.9,B
2021-07-12T14:08:17,200.0,21.9,B
2021-07-12T14:08:14,1000.0,21.9,B
2021-07-12T14:07:41,300.0,21.9,B
2021-07-12T14:06:56,1000.0,21.9,B
2021-07-12T14:06:15,100.0,21.9,B
2021-07-12T14:05:26,1900.0,21.9,B
2021-07-12T14:05:22,3600.0,21.9,B
2021-07-12T14:04:49,1000.0,21.9,B
2021-07-12T14:04:35,20000.0,21.9,B
2021-07-12T14:04:10,1000.0,21.9,B
2021-07-12T14:03:46,200.0,21.9,B
2021-07-12T14:03:42,5000.0,21.9,B
2021-07-12T14:02:40,1000.0,21.9,B
2021-07-12T14:02:28,1000.0,21.9,B
2021-07-12T14:02:14,100.0,21.9,B
2021-07-12T14:02:14,1000.0,21.9,B
2021-07-12T14:01:58,400.0,21.9,B
2021-07-12T14:01:51,5400.0,21.9,B
2021-07-12T14:01:51,6000.0,21.9,B
2021-07-12T14:01:51,5400.0,21.9,B
2021-07-12T14:01:51,3200.0,21.9,B
2021-07-12T14:01:41,2000.0,21.9,B
2021-07-12T14:01:28,1000.0,21.9,B
2021-07-12T14:01:27,4500.0,21.9,B
2021-07-12T14:01:20,1000.0,21.9,B
2021-07-12T14:00:58,100.0,21.9,B
2021-07-12T14:00:51,9500.0,21.9,B
2021-07-12T14:00:49,100.0,21.9,B
2021-07-12T14:00:33,2300.0,21.9,B
2021-07-12T14:00:33,2700.0,21.9,B
2021-07-12T14:00:17,3000.0,21.9,B
2021-07-12T13:59:37,500.0,21.9,B
2021-07-12T13:59:33,100.0,21.9,B
2021-07-12T13:59:29,100.0,21.9,B
2021-07-12T13:59:22,100.0,21.9,B
2021-07-12T13:59:16,2000.0,21.9,B
2021-07-12T13:59:11,3000.0,21.9,B
2021-07-12T13:58:57,100.0,21.9,B
2021-07-12T13:58:33,1000.0,21.9,B
2021-07-12T13:58:13,100.0,21.9,B
2021-07-12T13:57:46,200.0,21.9,B
2021-07-12T13:56:58,100.0,21.9,B
2021-07-12T13:56:48,300.0,21.9,B
2021-07-12T13:56:27,100.0,21.9,B
2021-07-12T13:56:24,500.0,21.9,B
2021-07-12T13:56:01,200.0,21.9,B
2021-07-12T13:55:48,100.0,21.9,B
2021-07-12T13:55:47,2400.0,21.9,B
2021-07-12T13:55:15,400.0,21.9,B
2021-07-12T13:54:54,900.0,21.9,B
2021-07-12T13:54:51,1000.0,21.9,B
2021-07-12T13:54:32,200.0,21.9,B
2021-07-12T13:54:29,1000.0,21.9,B
2021-07-12T13:54:22,200.0,21.9,B
2021-07-12T13:53:38,100.0,21.9,B
2021-07-12T13:53:30,500.0,21.9,B
2021-07-12T13:52:59,300.0,21.9,B
2021-07-12T13:52:58,200.0,21.9,B
2021-07-12T13:52:43,100.0,21.9,B
2021-07-12T13:51:53,3500.0,21.9,B
2021-07-12T13:51:49,400.0,21.9,B
2021-07-12T13:51:41,200.0,21.9,B
2021-07-12T13:50:24,500.0,21.9,B
2021-07-12T13:50:11,200.0,21.9,B
2021-07-12T13:50:08,600.0,21.9,B
2021-07-12T13:50:04,100.0,21.9,B
2021-07-12T13:49:54,10000.0,21.9,B
2021-07-12T13:49:46,5000.0,21.9,B
2021-07-12T13:49:35,4000.0,21.9,B
2021-07-12T13:49:27,100.0,21.9,B
2021-07-12T13:49:17,1500.0,21.9,B
2021-07-12T13:49:16,700.0,21.9,S
2021-07-12T13:49:16,1400.0,21.9,S
2021-07-12T13:49:16,900.0,21.9,S
2021-07-12T13:49:16,2200.0,21.9,S
2021-07-12T13:49:16,1400.0,21.9,S
2021-07-12T13:49:16,300.0,21.9,S
2021-07-12T13:49:16,300.0,21.9,S
2021-07-12T13:49:16,400.0,21.9,S
2021-07-12T13:49:12,400.0,21.9,S
2021-07-12T13:49:12,1900.0,21.9,S
2021-07-12T13:49:12,100.0,21.9,S
2021-07-12T13:49:12,100.0,21.9,S
2021-07-12T13:49:12,13700.0,21.9,S
2021-07-12T13:49:12,200.0,21.9,S
2021-07-12T13:49:12,1500.0,21.9,S
2021-07-12T13:49:12,700.0,21.9,S
2021-07-12T13:49:12,2100.0,21.9,S
2021-07-12T13:49:12,200.0,21.9,S
2021-07-12T13:49:12,3000.0,21.9,S
2021-07-12T13:49:12,800.0,21.9,S
2021-07-12T13:49:12,1500.0,21.9,S
2021-07-12T13:49:12,1100.0,21.9,S
2021-07-12T13:49:12,100.0,21.9,S
2021-07-12T13:49:12,1200.0,21.9,S
2021-07-12T13:49:12,400.0,21.9,S
2021-07-12T13:49:12,6700.0,21.9,S
2021-07-12T13:49:12,200.0,21.9,S
2021-07-12T13:49:12,5700.0,21.9,S
2021-07-12T13:49:12,700.0,21.9,S
2021-07-12T13:49:12,7700.0,21.9,S
2021-07-12T13:49:04,2200.0,21.9,S
2021-07-12T13:49:00,5300.0,21.9,S
2021-07-12T13:48:59,100.0,21.9,S
2021-07-12T13:48:59,200.0,21.9,S
2021-07-12T13:48:59,100.0,21.9,S
2021-07-12T13:48:59,100.0,21.9,S
2021-07-12T13:48:59,900.0,21.9,S
2021-07-12T13:48:59,500.0,21.9,S
2021-07-12T13:48:59,6300.0,21.9,S
2021-07-12T13:48:59,3300.0,21.9,S
2021-07-12T13:48:59,1000.0,21.9,S
2021-07-12T13:48:59,600.0,21.9,S
2021-07-12T13:48:59,2100.0,21.9,S
2021-07-12T13:48:59,10100.0,21.9,S
2021-07-12T13:48:59,4400.0,21.9,S
2021-07-12T13:48:54,100.0,21.9,S
2021-07-12T13:48:51,2600.0,21.9,S
2021-07-12T13:48:51,1000.0,21.9,S
2021-07-12T13:48:49,6400.0,21.9,S
2021-07-12T13:48:46,900.0,21.9,S
2021-07-12T13:48:38,5000.0,21.9,S
2021-07-12T13:48:27,8000.0,21.9,S
2021-07-12T13:48:10,1700.0,21.9,S
2021-07-12T13:48:05,5000.0,21.9,S
2021-07-12T13:48:04,5000.0,21.9,S
2021-07-12T13:48:03,500.0,21.9,S
2021-07-12T13:48:01,300.0,21.95,B
2021-07-12T13:48:00,5000.0,21.9,S
2021-07-12T13:47:46,500.0,21.9,S
2021-07-12T13:47:23,600.0,21.95,B
2021-07-12T13:47:20,5000.0,21.9,S
2021-07-12T13:47:18,5000.0,21.9,S
2021-07-12T13:47:15,1800.0,21.9,S
2021-07-12T13:47:08,7000.0,21.9,S
2021-07-12T13:47:08,2300.0,21.9,S
2021-07-12T13:47:08,1100.0,21.9,S
2021-07-12T13:47:08,1000.0,21.9,S
2021-07-12T13:47:08,100.0,21.9,S
2021-07-12T13:47:08,5000.0,21.9,S
2021-07-12T13:47:08,1600.0,21.9,S
2021-07-12T13:47:08,8000.0,21.9,S
2021-07-12T13:47:06,200.0,21.9,S
2021-07-12T13:47:03,600.0,21.9,S
2021-07-12T13:46:59,1500.0,21.9,S
2021-07-12T13:46:57,500.0,21.9,S
2021-07-12T13:46:57,1000.0,21.9,S
2021-07-12T13:46:48,6000.0,21.9,S
2021-07-12T13:46:44,7200.0,21.9,S
2021-07-12T13:46:30,3400.0,21.9,S
2021-07-12T13:46:19,2400.0,21.9,S
2021-07-12T13:46:19,400.0,21.9,S
2021-07-12T13:46:19,2200.0,21.9,S
2021-07-12T13:46:03,5000.0,21.95,B
2021-07-12T13:45:51,400.0,21.9,S
2021-07-12T13:45:40,2000.0,21.9,S
2021-07-12T13:45:37,5000.0,21.9,S
2021-07-12T13:45:26,4500.0,21.9,S
2021-07-12T13:45:26,1700.0,21.9,S
2021-07-12T13:45:26,800.0,21.9,S
2021-07-12T13:45:24,200.0,21.9,S
2021-07-12T13:45:24,8100.0,21.9,S
2021-07-12T13:45:07,2000.0,21.9,S
2021-07-12T13:44:48,500.0,21.9,S
2021-07-12T13:44:35,7000.0,21.9,S
2021-07-12T13:44:30,5000.0,21.9,S
2021-07-12T13:43:57,2700.0,21.9,S
2021-07-12T13:43:45,2600.0,21.9,S
2021-07-12T13:43:45,600.0,21.9,S
2021-07-12T13:43:45,2300.0,21.9,S
2021-07-12T13:43:45,400.0,21.9,S
2021-07-12T13:43:45,1600.0,21.9,S
2021-07-12T13:43:33,500.0,21.9,S
2021-07-12T13:43:22,1000.0,21.9,S
2021-07-12T13:43:22,1000.0,21.9,S
2021-07-12T13:43:16,5000.0,21.9,S
2021-07-12T13:43:09,5000.0,21.9,S
2021-07-12T13:42:49,100.0,21.9,S
2021-07-12T13:42:47,300.0,21.9,S
2021-07-12T13:42:25,300.0,21.9,S
2021-07-12T13:42:22,500.0,21.9,S
2021-07-12T13:42:22,4500.0,21.95,B
2021-07-12T13:42:22,4600.0,21.95,B
2021-07-12T13:42:18,1900.0,21.9,S
2021-07-12T13:42:08,600.0,21.9,S
2021-07-12T13:42:00,100.0,21.9,S
2021-07-12T13:41:48,1000.0,21.95,B
2021-07-12T13:41:41,500.0,21.95,B
2021-07-12T13:41:12,100.0,21.95,B
2021-07-12T13:41:09,5000.0,21.9,S
2021-07-12T13:40:40,2000.0,21.9,S
2021-07-12T13:40:33,2000.0,21.9,S
2021-07-12T13:40:32,100.0,21.9,S
2021-07-12T13:40:31,1500.0,21.9,S
2021-07-12T13:40:16,5000.0,21.9,S
2021-07-12T13:40:06,2600.0,21.9,S
2021-07-12T13:39:24,4500.0,21.9,S
2021-07-12T13:39:24,100.0,21.9,S
2021-07-12T13:39:24,800.0,21.9,S
2021-07-12T13:39:24,200.0,21.9,S
2021-07-12T13:39:24,900.0,21.9,S
2021-07-12T13:39:22,2000.0,21.95,B
2021-07-12T13:39:14,300.0,21.95,B
2021-07-12T13:39:12,500.0,21.95,B
2021-07-12T13:39:01,500.0,21.95,B
2021-07-12T13:38:59,1000.0,21.95,B
2021-07-12T13:38:56,100.0,21.9,S
2021-07-12T13:38:51,500.0,21.95,B
2021-07-12T13:38:49,3000.0,21.95,B
2021-07-12T13:38:46,100.0,21.9,S
2021-07-12T13:38:39,1200.0,21.9,S
2021-07-12T13:38:39,1800.0,21.9,S
2021-07-12T13:38:03,100.0,21.95,B
2021-07-12T13:37:49,200.0,21.9,S
2021-07-12T13:37:35,500.0,21.95,S
2021-07-12T13:37:14,600.0,21.95,S
2021-07-12T13:37:14,800.0,21.95,S
2021-07-12T13:37:14,200.0,21.95,S
2021-07-12T13:36:51,100.0,21.95,S
2021-07-12T13:36:32,1800.0,21.95,S
2021-07-12T13:36:22,600.0,21.95,S
2021-07-12T13:35:40,1000.0,21.95,S
2021-07-12T13:35:31,300.0,22.0,B
2021-07-12T13:35:28,200.0,22.0,B
2021-07-12T13:35:16,100.0,22.0,B
2021-07-12T13:35:13,3000.0,21.95,S
2021-07-12T13:35:07,100.0,22.0,B
2021-07-12T13:34:46,6500.0,21.95,S
2021-07-12T13:34:45,200.0,21.95,S
2021-07-12T13:34:39,500.0,21.95,S
2021-07-12T13:34:29,100.0,21.95,S
2021-07-12T13:34:02,200.0,21.95,B
2021-07-12T13:33:55,500.0,21.95,B
2021-07-12T13:33:53,300.0,21.95,B
2021-07-12T13:33:40,100.0,21.95,B
2021-07-12T13:33:39,1000.0,21.95,B
2021-07-12T13:33:37,1000.0,21.95,B
2021-07-12T13:33:32,10000.0,21.95,B
2021-07-12T13:33:28,900.0,21.95,B
2021-07-12T13:33:09,500.0,21.9,S
2021-07-12T13:33:06,100.0,21.9,S
2021-07-12T13:33:06,400.0,21.9,S
2021-07-12T13:33:05,200.0,21.95,B
2021-07-12T13:33:04,100.0,21.9,S
2021-07-12T13:33:04,3400.0,21.9,S
2021-07-12T13:33:04,500.0,21.9,S
2021-07-12T13:33:04,200.0,21.9,S
2021-07-12T13:33:04,2200.0,21.9,S
2021-07-12T13:33:04,7900.0,21.9,S
2021-07-12T13:33:04,800.0,21.9,S
2021-07-12T13:32:59,5000.0,21.95,B
2021-07-12T13:32:58,900.0,21.95,B
2021-07-12T13:32:58,4100.0,21.95,B
2021-07-12T13:32:36,600.0,21.9,S
2021-07-12T13:32:12,500.0,21.95,B
2021-07-12T13:32:11,10000.0,21.95,B
2021-07-12T13:32:04,5000.0,21.95,B
2021-07-12T13:32:03,600.0,21.9,S
2021-07-12T13:32:03,19400.0,21.9,S
2021-07-12T13:32:03,2000.0,21.95,B
2021-07-12T13:31:51,10000.0,21.95,B
2021-07-12T13:31:49,10000.0,21.95,B
2021-07-12T13:31:36,11900.0,21.95,B
2021-07-12T13:31:31,200.0,21.95,B
2021-07-12T13:31:28,1000.0,21.95,B
2021-07-12T13:31:25,10000.0,21.95,B
2021-07-12T13:31:17,2000.0,21.95,B
2021-07-12T13:30:56,6500.0,21.95,B
2021-07-12T13:30:47,9100.0,21.95,B
2021-07-12T13:30:43,500.0,21.95,B
2021-07-12T13:30:43,1000.0,21.95,B
2021-07-12T13:30:32,500.0,21.95,B
2021-07-12T13:30:16,500.0,21.95,B
2021-07-12T13:30:15,200.0,21.95,B
2021-07-12T13:30:13,5000.0,21.95,B
2021-07-12T13:30:07,100.0,21.95,B
2021-07-12T13:29:53,500.0,21.95,B
2021-07-12T13:29:48,200.0,21.95,B
2021-07-12T13:29:19,100.0,21.95,B
2021-07-12T13:29:10,100.0,21.95,B
2021-07-12T13:29:06,400.0,21.95,B
2021-07-12T13:29:04,300.0,21.9,S
2021-07-12T13:28:54,3500.0,21.95,S
2021-07-12T13:28:54,6100.0,21.95,S
2021-07-12T13:27:47,14700.0,21.9,S
2021-07-12T13:27:47,5300.0,21.95,S
2021-07-12T13:27:38,100.0,21.95,S
2021-07-12T13:27:13,500.0,21.95,S
2021-07-12T13:27:11,7800.0,22.0,B
2021-07-12T13:27:11,11100.0,22.0,B
2021-07-12T13:27:11,1100.0,22.0,B
2021-07-12T13:26:58,1000.0,21.95,S
2021-07-12T13:26:51,3900.0,21.95,B
2021-07-12T13:26:47,100.0,21.95,B
2021-07-12T13:26:39,3300.0,21.95,S
2021-07-12T13:26:36,700.0,21.95,B
2021-07-12T13:26:33,2000.0,21.95,B
2021-07-12T13:26:30,200.0,21.9,S
2021-07-12T13:26:26,200.0,21.95,B
2021-07-12T13:26:25,300.0,21.9,S
2021-07-12T13:26:23,8200.0,21.95,B
2021-07-12T13:26:19,1000.0,21.9,S
2021-07-12T13:26:09,100.0,21.95,B
2021-07-12T13:26:02,300.0,21.95,B
2021-07-12T13:26:01,100.0,21.95,B
2021-07-12T13:25:54,2000.0,21.95,B
2021-07-12T13:25:48,1700.0,21.95,S
2021-07-12T13:25:42,900.0,21.95,S
2021-07-12T13:25:20,300.0,21.95,S
2021-07-12T13:25:20,500.0,21.95,S
2021-07-12T13:25:20,700.0,21.95,S
2021-07-12T13:25:17,1000.0,21.95,S
2021-07-12T13:25:15,100.0,21.95,S
2021-07-12T13:25:12,7000.0,21.95,S
2021-07-12T13:25:08,500.0,21.95,S
2021-07-12T13:25:02,3000.0,21.95,S
2021-07-12T13:24:55,20000.0,21.95,S
2021-07-12T13:24:52,100.0,21.95,S
2021-07-12T13:24:47,200.0,22.0,B
2021-07-12T13:24:47,800.0,22.0,B
2021-07-12T13:24:36,2000.0,21.95,S
2021-07-12T13:24:27,200.0,22.0,B
2021-07-12T13:24:08,3000.0,22.0,B
2021-07-12T13:23:18,1000.0,22.0,B
2021-07-12T13:23:12,1000.0,21.95,S
2021-07-12T13:23:07,200.0,22.0,B
2021-07-12T13:23:01,400.0,22.0,B
2021-07-12T13:22:59,200.0,22.0,B
2021-07-12T13:22:53,100.0,22.0,B
2021-07-12T13:22:45,900.0,22.0,B
2021-07-12T13:22:45,400.0,22.0,B
2021-07-12T13:22:11,1000.0,22.0,B
2021-07-12T13:22:07,7000.0,21.95,S
2021-07-12T13:22:03,2000.0,21.95,S
2021-07-12T13:22:02,200.0,22.0,B
2021-07-12T13:21:52,1000.0,22.0,B
2021-07-12T13:21:49,100.0,21.95,S
2021-07-12T13:21:42,100.0,21.95,S
2021-07-12T13:21:37,300.0,22.0,B
2021-07-12T13:21:35,2600.0,21.95,S
2021-07-12T13:21:35,1400.0,21.95,S
2021-07-12T13:21:30,1000.0,22.0,B
2021-07-12T13:21:27,100.0,22.0,B
2021-07-12T13:21:26,10000.0,22.0,B
2021-07-12T13:21:15,1000.0,22.0,B
2021-07-12T13:21:06,500.0,22.0,B
2021-07-12T13:21:01,500.0,22.0,B
2021-07-12T13:20:47,1000.0,22.0,B
2021-07-12T13:20:34,1000.0,22.0,B
2021-07-12T13:20:33,2000.0,22.0,B
2021-07-12T13:20:19,100.0,22.0,B
2021-07-12T13:20:19,100.0,22.0,B
2021-07-12T13:20:13,100.0,21.95,S
2021-07-12T13:20:06,100.0,22.0,B
2021-07-12T13:19:57,3000.0,22.0,B
2021-07-12T13:19:48,1000.0,22.0,B
2021-07-12T13:19:38,1000.0,22.0,B
2021-07-12T13:19:31,5000.0,22.0,B
2021-07-12T13:19:29,100.0,21.95,S
2021-07-12T13:19:27,300.0,22.0,B
2021-07-12T13:19:23,200.0,22.0,B
2021-07-12T13:19:22,3000.0,22.0,B
2021-07-12T13:19:09,200.0,22.0,B
2021-07-12T13:19:07,10000.0,22.0,B
2021-07-12T13:18:43,100.0,22.0,B
2021-07-12T13:18:39,100.0,22.0,B
2021-07-12T13:18:39,200.0,21.95,S
2021-07-12T13:18:33,200.0,22.0,B
2021-07-12T13:18:32,600.0,22.0,B
2021-07-12T13:18:30,3000.0,21.95,S
2021-07-12T13:18:13,500.0,22.0,B
2021-07-12T13:18:05,4600.0,21.95,S
2021-07-12T13:17:47,400.0,22.0,B
2021-07-12T13:17:44,10000.0,22.0,B
2021-07-12T13:17:37,100.0,22.0,B
2021-07-12T13:17:30,600.0,22.0,B
2021-07-12T13:17:11,2000.0,22.0,B
2021-07-12T13:16:32,1000.0,22.0,B
2021-07-12T13:16:30,4000.0,22.0,B
2021-07-12T13:16:30,200.0,22.0,S
2021-07-12T13:16:30,14600.0,22.0,S
2021-07-12T13:16:30,1000.0,22.0,S
2021-07-12T13:16:30,500.0,22.0,S
2021-07-12T13:16:30,5900.0,22.0,S
2021-07-12T13:16:30,2000.0,22.0,S
2021-07-12T13:16:30,8000.0,22.0,S
2021-07-12T13:16:30,5400.0,22.0,S
2021-07-12T13:16:30,1600.0,22.0,S
2021-07-12T13:16:30,200.0,22.0,S
2021-07-12T13:16:30,7500.0,22.0,S
2021-07-12T13:16:24,1000.0,22.15,B
2021-07-12T13:16:14,500.0,22.15,B
2021-07-12T13:16:07,500.0,22.15,S
2021-07-12T13:16:06,300.0,22.15,S
2021-07-12T13:15:48,500.0,22.15,S
2021-07-12T13:15:19,700.0,22.15,S
2021-07-12T13:15:03,100.0,22.2,B
2021-07-12T13:14:44,900.0,22.2,S
2021-07-12T13:14:44,3100.0,22.2,S
2021-07-12T13:14:32,10000.0,22.2,S
2021-07-12T13:14:24,10000.0,22.2,S
2021-07-12T13:14:03,800.0,22.2,S
2021-07-12T13:14:00,10000.0,22.2,S
2021-07-12T13:13:46,100.0,22.2,S
2021-07-12T13:13:17,100.0,22.2,S
2021-07-12T13:12:30,600.0,22.25,B
2021-07-12T13:12:21,500.0,22.25,B
2021-07-12T13:12:14,200.0,22.25,B
2021-07-12T13:12:00,3000.0,22.25,B
2021-07-12T13:11:55,3800.0,22.25,S
2021-07-12T13:11:45,5000.0,22.25,S
2021-07-12T13:11:29,300.0,22.25,S
2021-07-12T13:11:28,600.0,22.25,S
2021-07-12T13:11:25,5000.0,22.25,S
2021-07-12T13:11:14,600.0,22.25,S
2021-07-12T13:11:03,1000.0,22.3,B
2021-07-12T13:10:59,700.0,22.3,S
2021-07-12T13:10:59,11900.0,22.3,S
2021-07-12T13:10:36,100.0,22.35,B
2021-07-12T13:10:23,3000.0,22.35,S
2021-07-12T13:10:23,1400.0,22.35,S
2021-07-12T13:10:23,200.0,22.35,S
2021-07-12T13:10:22,100.0,22.35,S
2021-07-12T13:09:54,100.0,22.35,S
2021-07-12T13:09:23,1000.0,22.35,S
2021-07-12T13:09:01,1000.0,22.4,B
2021-07-12T13:08:56,400.0,22.35,S
2021-07-12T13:08:54,1000.0,22.4,B
2021-07-12T13:08:51,900.0,22.35,S
2021-07-12T13:07:44,1000.0,22.45,B
2021-07-12T13:07:33,200.0,22.45,B
2021-07-12T13:07:19,100.0,22.45,B
2021-07-12T13:06:50,1000.0,22.45,B
2021-07-12T13:06:29,800.0,22.45,S
2021-07-12T13:05:49,500.0,22.45,B
2021-07-12T13:05:49,200.0,22.45,B
2021-07-12T13:05:21,1000.0,22.35,S
2021-07-12T13:04:35,1000.0,22.35,S
2021-07-12T13:04:25,10000.0,22.45,B
2021-07-12T13:04:20,13900.0,22.35,B
2021-07-12T13:04:11,1200.0,22.35,B
2021-07-12T13:03:25,2000.0,22.35,S
2021-07-12T13:03:17,3500.0,22.35,S
2021-07-12T13:02:53,4200.0,22.35,S
2021-07-12T13:02:53,100.0,22.35,S
2021-07-12T13:02:53,200.0,22.35,S
2021-07-12T13:02:53,1800.0,22.35,S
2021-07-12T13:02:53,600.0,22.35,S
2021-07-12T13:02:53,3100.0,22.4,S
2021-07-12T13:02:35,100.0,22.45,S
2021-07-12T13:01:40,500.0,22.4,S
2021-07-12T13:01:22,100.0,22.4,S
2021-07-12T13:01:05,100.0,22.4,S
2021-07-12T13:00:32,500.0,22.4,S
2021-07-12T13:00:15,700.0,22.4,S
2021-07-12T13:00:14,100.0,22.4,S
2021-07-12T13:00:14,100.0,22.4,S
2021-07-12T13:00:14,100.0,22.4,S
2021-07-12T13:00:12,200.0,22.4,S
2021-07-12T13:00:12,300.0,22.4,S
2021-07-12T13:00:12,700.0,22.4,S
2021-07-12T13:00:12,1000.0,22.4,S
2021-07-12T13:00:06,500.0,22.5,B
2021-07-12T13:00:06,900.0,22.4,S
2021-07-12T13:00:03,100.0,22.5,S
2021-07-12T11:29:56,600.0,22.4,S
2021-07-12T11:29:56,100.0,22.5,S
2021-07-12T11:29:56,2300.0,22.5,S
2021-07-12T11:29:53,100.0,22.5,S
2021-07-12T11:29:45,500.0,22.5,S
2021-07-12T11:29:16,100.0,22.5,S
2021-07-12T11:28:33,300.0,22.6,S
2021-07-12T11:28:24,100.0,22.6,B
2021-07-12T11:27:51,3400.0,22.3,B
2021-07-12T11:27:50,100.0,22.3,B
2021-07-12T11:27:43,10000.0,22.3,B
2021-07-12T11:27:39,5600.0,22.3,S
2021-07-12T11:27:39,2100.0,22.3,S
2021-07-12T11:27:39,10200.0,22.3,S
2021-07-12T11:27:39,2500.0,22.3,S
2021-07-12T11:27:39,5100.0,22.35,S
2021-07-12T11:27:39,800.0,22.35,S
2021-07-12T11:27:39,200.0,22.4,S
2021-07-12T11:27:27,31600.0,22.9,B
2021-07-12T11:27:27,68400.0,22.8,B
2021-07-12T11:27:09,200.0,22.35,S
2021-07-12T11:26:50,50000.0,22.9,B
2021-07-12T11:26:25,58400.0,22.9,B
2021-07-12T11:26:25,41600.0,22.9,B
2021-07-12T11:26:17,500.0,22.3,S
2021-07-12T11:26:02,2100.0,22.5,S
2021-07-12T11:25:56,2800.0,22.9,B
2021-07-12T11:25:53,10000.0,22.9,S
2021-07-12T11:25:49,2000.0,22.9,S
2021-07-12T11:25:48,200.0,22.9,S
2021-07-12T11:25:47,2400.0,22.9,S
2021-07-12T11:25:42,200.0,22.9,S
2021-07-12T11:25:39,500.0,22.9,S
2021-07-12T11:25:37,600.0,22.9,S
2021-07-12T11:25:36,200.0,22.9,S
2021-07-12T11:25:33,1500.0,22.9,B
2021-07-12T11:25:33,9400.0,22.9,B
2021-07-12T11:25:33,38900.0,22.9,B
2021-07-12T11:25:33,11300.0,22.8,B
2021-07-12T11:25:33,20000.0,22.65,B
2021-07-12T11:25:20,27700.0,22.9,B
2021-07-12T11:25:20,1000.0,22.9,B
2021-07-12T11:25:20,200.0,22.9,B
2021-07-12T11:25:20,200.0,22.9,B
2021-07-12T11:25:20,100.0,22.85,B
2021-07-12T11:25:20,1400.0,22.85,B
2021-07-12T11:25:20,2000.0,22.85,B
2021-07-12T11:25:20,100.0,22.85,B
2021-07-12T11:25:20,1300.0,22.85,B
2021-07-12T11:25:20,1600.0,22.8,B
2021-07-12T11:25:20,9100.0,22.8,B
2021-07-12T11:25:20,1500.0,22.8,B
2021-07-12T11:25:20,43000.0,22.8,B
2021-07-12T11:25:20,3000.0,22.7,B
2021-07-12T11:25:20,100.0,22.7,B
2021-07-12T11:25:20,7700.0,22.7,B
2021-07-12T11:25:01,1000.0,22.25,S
2021-07-12T11:24:36,8500.0,22.7,B
2021-07-12T11:24:33,1500.0,22.5,S
2021-07-12T11:24:24,2000.0,22.7,B
2021-07-12T11:23:50,300.0,22.7,B
2021-07-12T11:23:39,35800.0,22.8,B
2021-07-12T11:23:39,1100.0,22.8,B
2021-07-12T11:23:39,10000.0,22.8,B
2021-07-12T11:23:39,4500.0,22.75,B
2021-07-12T11:23:39,2200.0,22.75,B
2021-07-12T11:23:39,46400.0,22.7,B
2021-07-12T11:23:29,2000.0,22.65,B
2021-07-12T11:23:10,57000.0,22.7,B
2021-07-12T11:23:10,1000.0,22.7,B
2021-07-12T11:23:10,100.0,22.7,B
2021-07-12T11:23:10,6100.0,22.7,B
2021-07-12T11:23:10,3700.0,22.7,B
2021-07-12T11:23:10,700.0,22.7,B
2021-07-12T11:23:10,3400.0,22.7,B
2021-07-12T11:23:10,28000.0,22.65,B
2021-07-12T11:23:06,20100.0,22.6,B
2021-07-12T11:23:03,1500.0,22.65,B
2021-07-12T11:23:01,29000.0,22.6,S
2021-07-12T11:22:48,2300.0,22.6,B
2021-07-12T11:22:48,500.0,22.6,B
2021-07-12T11:22:48,1000.0,22.6,B
2021-07-12T11:22:48,5500.0,22.6,B
2021-07-12T11:22:48,200.0,22.55,B
2021-07-12T11:22:48,1900.0,22.5,B
2021-07-12T11:22:48,200.0,22.5,B
2021-07-12T11:22:48,100.0,22.5,B
2021-07-12T11:22:48,2100.0,22.5,B
2021-07-12T11:22:48,1300.0,22.5,B
2021-07-12T11:22:48,10000.0,22.5,B
2021-07-12T11:22:48,17900.0,22.5,B
2021-07-12T11:22:48,3600.0,22.45,B
2021-07-12T11:22:48,4300.0,22.45,B
2021-07-12T11:22:45,14700.0,22.45,B
2021-07-12T11:22:45,15300.0,22.45,B
2021-07-12T11:22:08,2000.0,22.2,S
2021-07-12T11:22:01,300.0,22.2,S
2021-07-12T11:21:29,600.0,22.2,S
2021-07-12T11:21:23,1500.0,22.2,S
2021-07-12T11:21:19,8800.0,22.2,S
2021-07-12T11:21:19,100.0,22.3,S
2021-07-12T11:21:18,21100.0,22.3,S
2021-07-12T11:21:07,4400.0,22.4,B
2021-07-12T11:21:06,100.0,22.4,S
2021-07-12T11:20:58,10000.0,22.4,S
2021-07-12T11:20:57,4000.0,22.4,B
2021-07-12T11:20:57,36500.0,22.4,B
2021-07-12T11:20:50,30000.0,22.3,S
2021-07-12T11:20:50,1000.0,22.3,S
2021-07-12T11:20:38,100.0,22.35,B
2021-07-12T11:20:05,100.0,22.3,S
2021-07-12T11:19:48,500.0,22.3,S
2021-07-12T11:19:34,10000.0,22.3,S
2021-07-12T11:19:10,2900.0,22.4,S
2021-07-12T11:19:01,100.0,22.4,S
2021-07-12T11:18:48,1000.0,22.4,S
2021-07-12T11:18:41,100.0,22.4,S
2021-07-12T11:18:38,100.0,22.4,S
2021-07-12T11:18:38,10000.0,22.4,S
2021-07-12T11:18:34,500.0,22.4,S
2021-07-12T11:18:27,2100.0,22.4,S
2021-07-12T11:18:26,2000.0,22.4,S
2021-07-12T11:18:11,1000.0,22.4,S
2021-07-12T11:18:05,500.0,22.4,S
2021-07-12T11:18:03,2000.0,22.4,S
2021-07-12T11:17:37,1000.0,22.4,S
2021-07-12T11:17:27,18000.0,22.4,B
2021-07-12T11:17:11,2000.0,22.35,B
2021-07-12T11:16:39,1000.0,22.3,S
2021-07-12T11:16:35,3800.0,22.35,S
2021-07-12T11:16:31,6200.0,22.35,B
2021-07-12T11:16:20,1000.0,22.35,B
2021-07-12T11:16:12,3100.0,22.3,S
2021-07-12T11:16:09,1700.0,22.3,S
2021-07-12T11:16:02,1000.0,22.3,B
2021-07-12T11:16:02,3000.0,22.3,B
2021-07-12T11:16:02,500.0,22.3,B
2021-07-12T11:16:02,31100.0,22.3,B
2021-07-12T11:15:55,2200.0,22.2,S
2021-07-12T11:15:53,1300.0,22.1,S
2021-07-12T11:15:49,300.0,22.1,S
2021-07-12T11:15:44,200.0,22.1,S
2021-07-12T11:15:43,500.0,22.15,B
2021-07-12T11:15:41,10000.0,22.1,S
2021-07-12T11:15:32,1000.0,22.1,S
2021-07-12T11:15:28,8400.0,22.1,B
2021-07-12T11:15:16,6400.0,22.0,B
2021-07-12T11:15:16,1200.0,22.0,B
2021-07-12T11:15:16,4300.0,22.0,B
2021-07-12T11:15:16,4800.0,21.95,B
2021-07-12T11:15:12,1000.0,21.95,B
2021-07-12T11:14:57,2000.0,21.95,B
2021-07-12T11:14:55,1000.0,21.95,B
2021-07-12T11:14:42,4700.0,21.9,S
2021-07-12T11:14:42,700.0,21.9,S
2021-07-12T11:14:42,4100.0,21.9,S
2021-07-12T11:14:31,100.0,21.95,B
2021-07-12T11:14:21,1500.0,21.9,S
2021-07-12T11:14:17,1600.0,21.95,S
2021-07-12T11:14:13,2000.0,21.95,S
2021-07-12T11:14:01,1000.0,21.95,S
2021-07-12T11:13:37,9500.0,21.95,S
2021-07-12T11:13:37,500.0,21.95,S
2021-07-12T11:13:34,300.0,21.95,S
2021-07-12T11:13:23,300.0,21.95,B
2021-07-12T11:13:23,500.0,21.9,S
2021-07-12T11:13:23,500.0,21.95,B
2021-07-12T11:13:21,200.0,21.9,S
2021-07-12T11:13:18,1000.0,21.95,B
2021-07-12T11:13:13,2000.0,21.95,B
2021-07-12T11:13:11,1500.0,21.95,B
2021-07-12T11:13:00,100.0,21.9,S
2021-07-12T11:12:59,1000.0,21.95,B
2021-07-12T11:12:57,200.0,21.9,S
2021-07-12T11:12:57,800.0,21.9,S
2021-07-12T11:12:51,100.0,21.95,B
2021-07-12T11:12:44,500.0,21.95,B
2021-07-12T11:12:37,200.0,21.95,B
2021-07-12T11:12:35,10000.0,21.95,B
2021-07-12T11:12:34,100.0,21.95,B
2021-07-12T11:12:14,5000.0,21.95,B
2021-07-12T11:12:06,500.0,21.9,B
2021-07-12T11:12:05,3700.0,21.9,B
2021-07-12T11:12:05,2000.0,21.9,B
2021-07-12T11:12:01,100.0,21.9,B
2021-07-12T11:12:00,3500.0,21.9,B
2021-07-12T11:11:56,700.0,21.9,B
2021-07-12T11:11:56,100.0,21.9,B
2021-07-12T11:11:55,5000.0,21.9,B
2021-07-12T11:11:50,1000.0,21.9,B
2021-07-12T11:11:49,2000.0,21.9,B
2021-07-12T11:11:48,100.0,21.9,B
2021-07-12T11:11:46,1400.0,21.9,B
2021-07-12T11:11:46,8600.0,21.9,B
2021-07-12T11:11:45,1000.0,21.9,B
2021-07-12T11:11:43,12200.0,21.9,B
2021-07-12T11:11:43,3000.0,21.9,B
2021-07-12T11:11:43,9800.0,21.9,B
2021-07-12T11:11:41,3000.0,21.9,B
2021-07-12T11:11:35,600.0,21.9,B
2021-07-12T11:11:25,1000.0,21.9,B
2021-07-12T11:11:16,100.0,21.9,B
2021-07-12T11:11:07,1000.0,21.9,B
2021-07-12T11:11:03,100.0,21.9,B
2021-07-12T11:11:03,100.0,21.9,B
2021-07-12T11:11:02,100.0,21.9,B
2021-07-12T11:11:01,1000.0,21.9,B
2021-07-12T11:10:53,1000.0,21.9,B
2021-07-12T11:10:51,800.0,21.9,B
2021-07-12T11:10:49,1000.0,21.9,B
2021-07-12T11:10:39,1000.0,21.9,B
2021-07-12T11:10:25,200.0,21.9,B
2021-07-12T11:10:25,200.0,21.9,B
2021-07-12T11:10:22,1000.0,21.9,B
2021-07-12T11:10:21,200.0,21.9,B
2021-07-12T11:10:15,900.0,21.9,B
2021-07-12T11:10:06,200.0,21.9,B
2021-07-12T11:10:01,1000.0,21.9,B
2021-07-12T11:10:01,200.0,21.9,B
2021-07-12T11:09:57,500.0,21.9,B
2021-07-12T11:09:52,1000.0,21.9,B
2021-07-12T11:09:51,100.0,21.9,B
2021-07-12T11:09:45,1000.0,21.9,B
2021-07-12T11:09:31,100.0,21.9,B
2021-07-12T11:09:23,200.0,21.9,B
2021-07-12T11:09:23,100.0,21.9,B
2021-07-12T11:09:21,300.0,21.9,B
2021-07-12T11:09:11,2000.0,21.9,B
2021-07-12T11:09:07,100.0,21.9,B
2021-07-12T11:09:07,200.0,21.9,B
2021-07-12T11:08:55,100.0,21.9,B
2021-07-12T11:08:54,2000.0,21.9,B
2021-07-12T11:08:48,15000.0,21.9,B
2021-07-12T11:08:46,8900.0,21.9,B
2021-07-12T11:08:43,500.0,21.9,B
2021-07-12T11:08:34,100.0,21.9,B
2021-07-12T11:08:34,1700.0,21.9,B
2021-07-12T11:08:27,500.0,21.9,B
2021-07-12T11:08:22,500.0,21.9,B
2021-07-12T11:08:21,500.0,21.9,B
2021-07-12T11:08:14,300.0,21.9,B
2021-07-12T11:08:12,100.0,21.9,B
2021-07-12T11:08:10,16800.0,21.9,S
2021-07-12T11:08:09,33300.0,21.9,S
2021-07-12T11:08:09,2800.0,21.9,S
2021-07-12T11:08:09,2200.0,21.9,S
2021-07-12T11:08:09,10000.0,21.9,S
2021-07-12T11:08:09,1700.0,21.9,S
2021-07-12T11:08:07,1000.0,21.9,S
2021-07-12T11:08:02,500.0,21.95,B
2021-07-12T11:08:02,100.0,21.9,S
2021-07-12T11:07:56,6200.0,21.9,S
2021-07-12T11:07:56,2700.0,21.9,S
2021-07-12T11:07:56,2000.0,21.9,S
2021-07-12T11:07:56,100.0,21.9,S
2021-07-12T11:07:56,4000.0,21.9,S
2021-07-12T11:07:56,1700.0,21.9,S
2021-07-12T11:07:56,3300.0,21.9,S
2021-07-12T11:07:56,3000.0,21.9,S
2021-07-12T11:07:56,1100.0,21.9,S
2021-07-12T11:07:56,3100.0,21.9,S
2021-07-12T11:07:56,6100.0,21.9,S
2021-07-12T11:07:56,400.0,21.9,S
2021-07-12T11:07:48,1000.0,21.95,B
2021-07-12T11:07:40,2000.0,21.95,B
2021-07-12T11:07:40,3300.0,21.9,S
2021-07-12T11:07:39,1000.0,21.9,S
2021-07-12T11:07:37,300.0,21.9,S
2021-07-12T11:07:34,200.0,21.9,S
2021-07-12T11:07:23,1100.0,21.9,S
2021-07-12T11:07:20,1000.0,21.9,S
2021-07-12T11:07:18,300.0,21.95,B
2021-07-12T11:07:17,1500.0,21.9,S
2021-07-12T11:07:16,6000.0,21.9,S
2021-07-12T11:07:00,500.0,21.95,B
2021-07-12T11:06:58,1000.0,21.9,S
2021-07-12T11:06:57,200.0,21.9,S
2021-07-12T11:06:56,10000.0,21.9,S
2021-07-12T11:06:55,500.0,21.9,S
2021-07-12T11:06:55,1000.0,21.9,S
2021-07-12T11:06:55,100.0,21.9,S
2021-07-12T11:06:55,1500.0,21.9,S
2021-07-12T11:06:55,4000.0,21.9,S
2021-07-12T11:06:55,500.0,21.9,S
2021-07-12T11:06:55,500.0,21.9,S
2021-07-12T11:06:55,100.0,21.9,S
2021-07-12T11:06:55,400.0,21.9,S
2021-07-12T11:06:55,200.0,21.9,S
2021-07-12T11:06:55,4600.0,21.9,S
2021-07-12T11:06:55,500.0,21.9,S
2021-07-12T11:06:55,5500.0,21.9,S
2021-07-12T11:06:55,200.0,21.9,S
2021-07-12T11:06:55,8300.0,21.9,S
2021-07-12T11:06:55,2000.0,21.9,S
2021-07-12T11:06:55,100.0,21.9,S
2021-07-12T11:06:55,100.0,21.9,S
2021-07-12T11:06:55,800.0,21.9,S
2021-07-12T11:06:55,200.0,21.9,S
2021-07-12T11:06:55,600.0,21.9,S
2021-07-12T11:06:55,1100.0,21.9,S
2021-07-12T11:06:55,400.0,21.9,S
2021-07-12T11:06:55,5300.0,21.9,S
2021-07-12T11:06:55,1000.0,21.9,S
2021-07-12T11:06:55,400.0,21.9,S
2021-07-12T11:06:55,1600.0,21.9,S
2021-07-12T11:06:55,1100.0,21.9,S
2021-07-12T11:06:55,12000.0,21.9,S
2021-07-12T11:06:55,4000.0,21.9,S
2021-07-12T11:06:55,5800.0,21.9,S
2021-07-12T11:06:55,200.0,21.9,S
2021-07-12T11:06:55,23200.0,21.9,S
2021-07-12T11:06:55,500.0,21.9,S
2021-07-12T11:06:55,2200.0,21.9,S
2021-07-12T11:06:55,1100.0,21.9,S
2021-07-12T11:06:55,19400.0,21.9,S
2021-07-12T11:06:41,3000.0,21.9,S
2021-07-12T11:06:39,1000.0,21.9,S
2021-07-12T11:06:32,1000.0,21.9,S
2021-07-12T11:06:23,1500.0,21.9,S
2021-07-12T11:06:18,9400.0,21.9,S
2021-07-12T11:06:18,600.0,21.9,S
2021-07-12T11:06:11,2000.0,21.9,S
2021-07-12T11:06:02,100.0,21.9,S
2021-07-12T11:05:56,2000.0,21.95,B
2021-07-12T11:05:53,500.0,21.9,S
2021-07-12T11:05:45,700.0,21.9,S
2021-07-12T11:05:37,5000.0,21.95,B
2021-07-12T11:05:28,15000.0,21.9,S
2021-07-12T11:05:15,2800.0,21.95,B
2021-07-12T11:05:08,1000.0,21.9,S
2021-07-12T11:05:05,300.0,21.95,B
2021-07-12T11:04:51,1100.0,21.95,S
2021-07-12T11:04:49,1500.0,21.9,S
2021-07-12T11:04:48,1000.0,21.9,S
2021-07-12T11:04:46,2000.0,21.9,S
2021-07-12T11:04:40,1500.0,21.95,S
2021-07-12T11:04:36,1000.0,21.95,S
2021-07-12T11:04:36,100.0,21.95,B
2021-07-12T11:04:23,500.0,21.95,B
2021-07-12T11:04:23,2000.0,21.9,S
2021-07-12T11:04:16,300.0,21.9,S
2021-07-12T11:04:11,200.0,21.9,S
2021-07-12T11:04:09,1000.0,21.9,S
2021-07-12T11:04:09,400.0,21.95,B
2021-07-12T11:04:04,100.0,22.0,B
2021-07-12T11:04:02,1000.0,21.9,S
2021-07-12T11:03:58,20000.0,21.9,S
2021-07-12T11:03:51,1400.0,21.9,S
2021-07-12T11:03:42,2000.0,21.9,S
2021-07-12T11:03:40,3500.0,21.9,S
2021-07-12T11:03:40,600.0,21.9,S
2021-07-12T11:03:40,300.0,21.9,S
2021-07-12T11:03:40,500.0,21.9,S
2021-07-12T11:03:40,200.0,21.9,S
2021-07-12T11:03:40,9900.0,21.9,S
2021-07-12T11:03:34,700.0,21.9,S
2021-07-12T11:03:34,500.0,21.9,S
2021-07-12T11:03:34,1800.0,21.9,S
2021-07-12T11:03:31,4000.0,21.9,S
2021-07-12T11:03:28,1000.0,21.9,S
2021-07-12T11:03:28,8000.0,21.9,S
2021-07-12T11:03:23,200.0,21.9,S
2021-07-12T11:03:20,3000.0,21.95,B
2021-07-12T11:03:18,2000.0,21.9,S
2021-07-12T11:03:17,900.0,21.95,B
2021-07-12T11:03:17,4100.0,21.95,B
2021-07-12T11:03:16,1000.0,21.95,B
2021-07-12T11:03:16,200.0,21.95,B
2021-07-12T11:03:16,200.0,21.95,B
2021-07-12T11:03:10,5000.0,21.95,B
2021-07-12T11:03:03,1000.0,21.95,B
2021-07-12T11:02:55,200.0,21.95,B
2021-07-12T11:02:54,100.0,21.9,S
2021-07-12T11:02:53,1000.0,21.9,S
2021-07-12T11:02:41,6800.0,21.95,S
2021-07-12T11:02:41,2000.0,21.95,S
2021-07-12T11:02:41,33200.0,21.95,S
2021-07-12T11:02:39,100.0,21.95,S
2021-07-12T11:02:35,2000.0,22.0,B
2021-07-12T11:02:32,300.0,21.95,S
2021-07-12T11:02:17,1000.0,22.0,B
2021-07-12T11:02:09,1800.0,22.0,B
2021-07-12T11:02:05,500.0,22.0,B
2021-07-12T11:02:01,200.0,22.0,S
2021-07-12T11:02:01,7000.0,22.0,S
2021-07-12T11:02:01,6500.0,22.0,S
2021-07-12T11:02:01,200.0,22.0,S
2021-07-12T11:02:01,2000.0,22.0,S
2021-07-12T11:02:01,2700.0,22.0,S
2021-07-12T11:02:01,300.0,22.0,S
2021-07-12T11:02:01,6300.0,22.0,S
2021-07-12T11:02:01,1900.0,22.0,S
2021-07-12T11:01:59,20000.0,22.0,S
2021-07-12T11:01:52,1000.0,22.0,S
2021-07-12T11:01:50,400.0,22.0,S
2021-07-12T11:01:45,30000.0,22.0,S
2021-07-12T11:01:39,2600.0,22.0,S
2021-07-12T11:01:39,500.0,22.0,S
2021-07-12T11:01:37,200.0,22.0,S
2021-07-12T11:01:35,500.0,22.0,S
2021-07-12T11:01:29,1500.0,22.0,S
2021-07-12T11:01:24,1000.0,22.05,S
2021-07-12T11:01:15,700.0,22.0,S
2021-07-12T11:01:15,300.0,22.05,S
2021-07-12T11:01:15,100.0,22.05,S
2021-07-12T11:01:12,600.0,22.05,S
2021-07-12T11:00:55,34500.0,22.0,S
2021-07-12T11:00:55,1000.0,22.0,S
2021-07-12T11:00:55,400.0,22.0,S
2021-07-12T11:00:55,3800.0,22.0,S
2021-07-12T11:00:55,1100.0,22.0,S
2021-07-12T11:00:55,100.0,22.0,S
2021-07-12T11:00:55,6800.0,22.0,S
2021-07-12T11:00:55,6300.0,22.0,S
2021-07-12T11:00:55,7100.0,22.0,S
2021-07-12T11:00:55,1000.0,22.0,S
2021-07-12T11:00:55,5100.0,22.0,S
2021-07-12T11:00:55,700.0,22.0,S
2021-07-12T11:00:55,10700.0,22.0,S
2021-07-12T11:00:34,1000.0,22.0,S
2021-07-12T11:00:30,1200.0,22.0,S
2021-07-12T11:00:07,8400.0,22.0,S
2021-07-12T11:00:07,100.0,22.0,S
2021-07-12T11:00:07,2900.0,22.0,S
2021-07-12T11:00:07,500.0,22.0,S
2021-07-12T11:00:07,10000.0,22.0,S
2021-07-12T11:00:07,1000.0,22.0,S
2021-07-12T11:00:07,1200.0,22.0,S
2021-07-12T11:00:07,600.0,22.0,S
2021-07-12T11:00:07,15700.0,22.0,S
2021-07-12T11:00:07,2500.0,22.0,S
2021-07-12T11:00:07,12000.0,22.0,S
2021-07-12T11:00:07,10000.0,22.0,S
2021-07-12T11:00:07,1000.0,22.0,S
2021-07-12T11:00:07,800.0,22.0,S
2021-07-12T11:00:07,27000.0,22.0,S
2021-07-12T11:00:07,500.0,22.0,S
2021-07-12T11:00:07,5800.0,22.0,S
2021-07-12T11:00:07,1000.0,22.0,S
2021-07-12T11:00:07,200.0,22.0,S
2021-07-12T11:00:07,500.0,22.0,S
2021-07-12T11:00:07,2000.0,22.0,S
2021-07-12T11:00:07,57900.0,22.0,S
2021-07-12T11:00:07,4800.0,22.05,S
2021-07-12T11:00:07,200.0,22.1,S
2021-07-12T11:00:07,2100.0,22.1,S
2021-07-12T11:00:07,10200.0,22.1,S
2021-07-12T11:00:07,2300.0,22.1,S
2021-07-12T11:00:07,600.0,22.1,S
2021-07-12T11:00:07,3200.0,22.1,S
2021-07-12T11:00:07,10000.0,22.1,S
2021-07-12T11:00:07,2500.0,22.1,S
2021-07-12T11:00:07,700.0,22.15,S
2021-07-12T11:00:07,1800.0,22.15,S
2021-07-12T10:59:49,600.0,22.15,S
2021-07-12T10:59:48,7000.0,22.15,S
2021-07-12T10:58:52,500.0,22.15,S
2021-07-12T10:58:35,500.0,22.15,S
2021-07-12T10:58:29,100.0,22.2,B
2021-07-12T10:58:07,4000.0,22.2,B
2021-07-12T10:58:06,300.0,22.2,B
2021-07-12T10:57:55,1000.0,22.2,B
2021-07-12T10:57:48,100.0,22.2,S
2021-07-12T10:57:45,1000.0,22.2,S
2021-07-12T10:57:41,900.0,22.2,S
2021-07-12T10:57:41,100.0,22.2,S
2021-07-12T10:57:40,2900.0,22.2,S
2021-07-12T10:57:40,7100.0,22.2,S
2021-07-12T10:57:13,14000.0,22.2,S
2021-07-12T10:56:29,900.0,22.25,B
2021-07-12T10:56:14,5300.0,22.2,S
2021-07-12T10:56:14,600.0,22.2,S
2021-07-12T10:56:14,2100.0,22.2,S
2021-07-12T10:56:14,2000.0,22.2,S
2021-07-12T10:55:46,500.0,22.2,S
2021-07-12T10:55:12,900.0,22.25,B
2021-07-12T10:55:04,100.0,22.25,B
2021-07-12T10:54:46,14500.0,22.25,S
2021-07-12T10:54:39,1000.0,22.25,S
2021-07-12T10:54:32,1000.0,22.3,B
2021-07-12T10:54:26,300.0,22.25,S
2021-07-12T10:54:09,3000.0,22.25,S
2021-07-12T10:53:58,600.0,22.25,S
2021-07-12T10:53:28,100.0,22.25,S
2021-07-12T10:53:27,500.0,22.25,S
2021-07-12T10:53:25,600.0,22.25,S
2021-07-12T10:53:24,200.0,22.25,S
2021-07-12T10:53:16,100.0,22.25,S
2021-07-12T10:53:08,500.0,22.25,S
2021-07-12T10:52:21,400.0,22.25,S
2021-07-12T10:52:21,6900.0,22.3,B
2021-07-12T10:52:21,300.0,22.3,B
2021-07-12T10:52:21,2800.0,22.3,B
2021-07-12T10:52:16,4200.0,22.3,B
2021-07-12T10:52:16,5800.0,22.3,B
2021-07-12T10:52:09,200.0,22.25,S
2021-07-12T10:51:59,500.0,22.25,S
2021-07-12T10:51:51,800.0,22.25,S
2021-07-12T10:51:29,1000.0,22.25,S
2021-07-12T10:51:25,600.0,22.3,B
2021-07-12T10:50:59,200.0,22.3,B
2021-07-12T10:50:53,2200.0,22.25,S
2021-07-12T10:50:51,500.0,22.25,S
2021-07-12T10:50:37,600.0,22.3,S
2021-07-12T10:50:22,400.0,22.3,S
2021-07-12T10:50:01,1000.0,22.3,S
2021-07-12T10:49:51,1500.0,22.3,S
2021-07-12T10:49:36,1000.0,22.3,S
2021-07-12T10:49:33,900.0,22.3,S
2021-07-12T10:49:21,1000.0,22.3,S
2021-07-12T10:48:35,800.0,22.3,S
2021-07-12T10:48:19,9700.0,22.3,S
2021-07-12T10:48:14,15800.0,22.35,S
2021-07-12T10:48:13,2000.0,22.4,B
2021-07-12T10:48:03,10000.0,22.4,B
2021-07-12T10:47:46,200.0,22.35,S
2021-07-12T10:47:44,600.0,22.4,B
2021-07-12T10:47:37,3000.0,22.35,S
2021-07-12T10:47:33,3000.0,22.35,S
2021-07-12T10:47:27,1000.0,22.35,S
2021-07-12T10:47:05,1000.0,22.35,S
2021-07-12T10:47:04,1400.0,22.35,S
2021-07-12T10:47:03,900.0,22.35,B
2021-07-12T10:46:40,100.0,22.35,B
2021-07-12T10:46:25,400.0,22.35,B
2021-07-12T10:46:23,1000.0,22.3,S
2021-07-12T10:46:15,100.0,22.35,B
2021-07-12T10:45:48,100.0,22.3,S
2021-07-12T10:45:47,1000.0,22.45,B
2021-07-12T10:45:28,1700.0,22.45,B
2021-07-12T10:45:28,2300.0,22.45,B
2021-07-12T10:45:19,3000.0,22.4,B
2021-07-12T10:45:17,400.0,22.3,S
2021-07-12T10:45:06,400.0,22.3,S
2021-07-12T10:44:51,300.0,22.3,S
2021-07-12T10:44:40,300.0,22.3,S
2021-07-12T10:44:40,100.0,22.3,S
2021-07-12T10:44:31,500.0,22.35,B
2021-07-12T10:44:25,200.0,22.35,B
2021-07-12T10:44:22,4100.0,22.35,B
2021-07-12T10:44:17,100.0,22.3,S
2021-07-12T10:43:48,100.0,22.3,S
2021-07-12T10:43:27,1000.0,22.3,S
2021-07-12T10:43:23,500.0,22.3,B
2021-07-12T10:43:23,4200.0,22.3,B
2021-07-12T10:43:23,200.0,22.3,B
2021-07-12T10:43:18,300.0,22.3,B
2021-07-12T10:43:12,1000.0,22.25,S
2021-07-12T10:43:09,1000.0,22.3,B
2021-07-12T10:42:55,400.0,22.3,B
2021-07-12T10:42:49,400.0,22.25,S
2021-07-12T10:42:38,3600.0,22.25,B
2021-07-12T10:42:19,100.0,22.2,S
2021-07-12T10:42:14,2500.0,22.2,S
2021-07-12T10:41:58,100.0,22.25,B
2021-07-12T10:41:56,600.0,22.2,S
2021-07-12T10:41:42,700.0,22.2,B
2021-07-12T10:41:39,300.0,22.2,B
2021-07-12T10:41:35,1000.0,22.2,S
2021-07-12T10:41:29,300.0,22.25,B
2021-07-12T10:41:16,500.0,22.25,B
2021-07-12T10:40:42,10000.0,22.15,S
2021-07-12T10:40:37,100.0,22.25,B
2021-07-12T10:40:24,500.0,22.2,S
2021-07-12T10:40:09,400.0,22.2,B
2021-07-12T10:40:03,6500.0,22.2,S
2021-07-12T10:39:42,500.0,22.2,S
2021-07-12T10:39:35,8900.0,22.2,S
2021-07-12T10:39:34,5000.0,22.2,B
2021-07-12T10:39:26,6000.0,22.15,B
2021-07-12T10:39:23,400.0,22.1,S
2021-07-12T10:39:19,3000.0,22.15,B
2021-07-12T10:39:17,600.0,22.1,S
2021-07-12T10:39:15,500.0,22.15,B
2021-07-12T10:39:09,300.0,22.1,S
2021-07-12T10:39:04,2000.0,22.15,B
2021-07-12T10:39:00,500.0,22.1,S
2021-07-12T10:38:54,400.0,22.1,S
2021-07-12T10:38:52,500.0,22.1,S
2021-07-12T10:38:51,1100.0,22.1,S
2021-07-12T10:38:34,7800.0,22.1,B
2021-07-12T10:38:28,900.0,22.1,B
2021-07-12T10:38:18,1000.0,22.1,B
2021-07-12T10:38:07,100.0,22.05,S
2021-07-12T10:38:05,200.0,22.1,B
2021-07-12T10:38:04,1500.0,22.1,B
2021-07-12T10:38:04,500.0,22.1,B
2021-07-12T10:38:02,400.0,22.05,S
2021-07-12T10:37:54,1000.0,22.05,S
2021-07-12T10:37:54,2700.0,22.05,B
2021-07-12T10:37:52,1000.0,22.05,B
2021-07-12T10:37:48,1000.0,22.05,B
2021-07-12T10:37:43,5000.0,22.05,B
2021-07-12T10:37:42,1000.0,22.05,B
2021-07-12T10:37:40,600.0,22.05,B
2021-07-12T10:37:32,1000.0,22.05,B
2021-07-12T10:37:30,800.0,22.05,B
2021-07-12T10:37:27,3000.0,22.05,B
2021-07-12T10:37:25,3000.0,22.05,B
2021-07-12T10:37:13,2200.0,22.05,B
2021-07-12T10:37:12,13500.0,22.05,S
2021-07-12T10:37:09,100.0,22.05,S
2021-07-12T10:37:09,10000.0,22.05,S
2021-07-12T10:37:04,100.0,22.1,B
2021-07-12T10:37:02,2000.0,22.1,B
2021-07-12T10:36:50,5600.0,22.1,S
2021-07-12T10:36:37,300.0,22.15,S
2021-07-12T10:36:32,4700.0,22.1,B
2021-07-12T10:36:32,4400.0,22.05,S
2021-07-12T10:36:31,2000.0,22.05,S
2021-07-12T10:36:27,100.0,22.05,S
2021-07-12T10:36:25,1700.0,22.05,S
2021-07-12T10:36:23,900.0,22.05,B
2021-07-12T10:36:23,1000.0,22.05,B
2021-07-12T10:36:12,3000.0,22.05,B
2021-07-12T10:36:07,1600.0,22.0,S
2021-07-12T10:35:59,2100.0,22.05,B
2021-07-12T10:35:53,1000.0,22.0,S
2021-07-12T10:35:53,1300.0,22.05,S
2021-07-12T10:35:52,300.0,22.1,B
2021-07-12T10:35:51,3500.0,22.05,S
2021-07-12T10:35:44,100.0,22.05,S
2021-07-12T10:35:42,1100.0,22.05,B
2021-07-12T10:35:39,100.0,22.05,B
2021-07-12T10:35:38,1000.0,22.05,B
2021-07-12T10:35:33,400.0,22.0,S
2021-07-12T10:35:33,100.0,22.05,B
2021-07-12T10:35:32,1200.0,22.0,S
2021-07-12T10:35:32,1600.0,22.0,S
2021-07-12T10:35:32,600.0,22.0,S
2021-07-12T10:35:32,1600.0,22.0,S
2021-07-12T10:35:29,500.0,22.05,B
2021-07-12T10:35:22,32700.0,22.05,S
2021-07-12T10:35:16,600.0,22.05,S
2021-07-12T10:35:15,10000.0,22.05,S
2021-07-12T10:35:11,900.0,22.1,B
2021-07-12T10:35:10,3000.0,22.05,S
2021-07-12T10:35:06,200.0,22.1,B
2021-07-12T10:35:05,500.0,22.1,B
2021-07-12T10:34:59,100.0,22.1,B
2021-07-12T10:34:55,100.0,22.1,B
2021-07-12T10:34:54,500.0,22.1,B
2021-07-12T10:34:51,300.0,22.1,B
2021-07-12T10:34:51,700.0,22.1,B
2021-07-12T10:34:44,300.0,22.1,S
2021-07-12T10:34:44,100.0,22.1,S
2021-07-12T10:34:44,100.0,22.1,S
2021-07-12T10:34:43,500.0,22.1,S
2021-07-12T10:34:39,2600.0,22.1,B
2021-07-12T10:34:21,400.0,22.1,B
2021-07-12T10:34:14,300.0,22.1,S
2021-07-12T10:34:13,500.0,22.1,S
2021-07-12T10:34:12,1500.0,22.1,S
2021-07-12T10:34:10,500.0,22.1,S
2021-07-12T10:34:05,20000.0,22.1,S
2021-07-12T10:34:01,100.0,22.1,S
2021-07-12T10:33:57,1000.0,22.1,S
2021-07-12T10:33:48,500.0,22.1,S
2021-07-12T10:33:41,1000.0,22.1,S
2021-07-12T10:33:37,600.0,22.1,S
2021-07-12T10:33:35,300.0,22.1,S
2021-07-12T10:33:23,4100.0,22.1,B
2021-07-12T10:33:20,10000.0,22.05,S
2021-07-12T10:33:17,100.0,22.1,B
2021-07-12T10:33:17,2200.0,22.05,S
2021-07-12T10:33:12,10000.0,22.05,S
2021-07-12T10:33:04,400.0,22.05,S
2021-07-12T10:32:57,10000.0,22.05,S
2021-07-12T10:32:54,1000.0,22.05,S
2021-07-12T10:32:45,100.0,22.1,B
2021-07-12T10:32:32,700.0,22.1,S
2021-07-12T10:32:32,6900.0,22.1,S
2021-07-12T10:32:32,1900.0,22.1,S
2021-07-12T10:32:32,6200.0,22.1,S
2021-07-12T10:32:32,4000.0,22.1,S
2021-07-12T10:32:32,39200.0,22.1,S
2021-07-12T10:32:28,700.0,22.2,B
2021-07-12T10:32:21,900.0,22.15,S
2021-07-12T10:32:21,700.0,22.15,S
2021-07-12T10:32:21,100.0,22.2,B
2021-07-12T10:31:54,200.0,22.2,B
2021-07-12T10:31:53,500.0,22.2,S
2021-07-12T10:31:53,1600.0,22.2,S
2021-07-12T10:31:53,6800.0,22.2,S
2021-07-12T10:31:53,300.0,22.2,S
2021-07-12T10:31:52,1900.0,22.2,S
2021-07-12T10:31:48,2000.0,22.2,S
2021-07-12T10:31:42,600.0,22.2,S
2021-07-12T10:31:42,3800.0,22.2,S
2021-07-12T10:31:42,15600.0,22.2,S
2021-07-12T10:31:40,500.0,22.25,S
2021-07-12T10:31:31,1000.0,22.25,S
2021-07-12T10:31:25,3000.0,22.25,S
2021-07-12T10:31:24,2000.0,22.3,S
2021-07-12T10:31:17,600.0,22.3,S
2021-07-12T10:31:16,100.0,22.35,B
2021-07-12T10:31:15,2000.0,22.3,S
2021-07-12T10:31:14,1000.0,22.3,S
2021-07-12T10:31:11,1000.0,22.3,S
2021-07-12T10:31:03,100.0,22.3,S
2021-07-12T10:30:55,600.0,22.3,S
2021-07-12T10:30:35,2800.0,22.35,S
2021-07-12T10:30:31,1500.0,22.35,S
2021-07-12T10:30:22,500.0,22.35,S
2021-07-12T10:30:19,1000.0,22.35,S
2021-07-12T10:30:18,200.0,22.35,S
2021-07-12T10:30:18,800.0,22.35,S
2021-07-12T10:30:02,100.0,22.35,S
2021-07-12T10:30:01,600.0,22.4,S
2021-07-12T10:29:49,2000.0,22.4,S
2021-07-12T10:29:45,1800.0,22.4,S
2021-07-12T10:29:43,6100.0,22.4,S
2021-07-12T10:28:58,100.0,22.45,B
2021-07-12T10:28:11,200.0,22.4,S
2021-07-12T10:28:10,1000.0,22.4,S
2021-07-12T10:28:07,3400.0,22.4,S
2021-07-12T10:28:07,4600.0,22.4,S
2021-07-12T10:27:53,500.0,22.4,S
2021-07-12T10:27:53,100.0,22.45,B
2021-07-12T10:27:26,3800.0,22.4,S
2021-07-12T10:26:25,5000.0,22.4,S
2021-07-12T10:26:11,100.0,22.4,S
2021-07-12T10:26:10,100.0,22.45,B
2021-07-12T10:25:59,2000.0,22.4,S
2021-07-12T10:25:45,300.0,22.45,B
2021-07-12T10:25:43,100.0,22.45,B
2021-07-12T10:24:50,2200.0,22.45,S
2021-07-12T10:24:50,1000.0,22.5,B
2021-07-12T10:24:49,100.0,22.5,B
2021-07-12T10:24:44,100.0,22.45,S
2021-07-12T10:24:12,900.0,22.5,B
2021-07-12T10:22:48,200.0,22.5,S
2021-07-12T10:22:47,200.0,22.5,B
2021-07-12T10:21:58,700.0,22.5,S
2021-07-12T10:21:46,1000.0,22.5,S
2021-07-12T10:21:10,600.0,22.5,S
2021-07-12T10:20:32,1000.0,22.5,S
2021-07-12T10:20:09,100.0,22.5,S
2021-07-12T10:20:01,100.0,22.5,S
2021-07-12T10:19:55,1000.0,22.55,B
2021-07-12T10:19:43,100.0,22.5,S
2021-07-12T10:18:57,1000.0,22.5,S
2021-07-12T10:18:48,2000.0,22.5,S
2021-07-12T10:18:47,1000.0,22.5,S
2021-07-12T10:18:32,1500.0,22.5,S
2021-07-12T10:18:24,1000.0,22.5,S
2021-07-12T10:18:18,500.0,22.5,S
2021-07-12T10:18:16,500.0,22.5,S
2021-07-12T10:18:13,1500.0,22.5,S
2021-07-12T10:17:47,1000.0,22.5,S
2021-07-12T10:17:46,1000.0,22.5,S
2021-07-12T10:17:32,400.0,22.5,S
2021-07-12T10:17:32,3500.0,22.5,S
2021-07-12T10:17:27,600.0,22.5,S
2021-07-12T10:17:15,1000.0,22.5,S
2021-07-12T10:16:50,700.0,22.5,S
2021-07-12T10:16:40,1000.0,22.5,S
2021-07-12T10:16:34,100.0,22.5,S
2021-07-12T10:16:25,300.0,22.5,S
2021-07-12T10:16:24,5000.0,22.5,S
2021-07-12T10:16:17,700.0,22.5,S
2021-07-12T10:16:17,700.0,22.5,S
2021-07-12T10:16:16,4400.0,22.5,S
2021-07-12T10:16:08,600.0,22.5,S
2021-07-12T10:15:55,1000.0,22.5,S
2021-07-12T10:15:52,1000.0,22.5,S
2021-07-12T10:15:52,900.0,22.5,S
2021-07-12T10:15:42,300.0,22.5,S
2021-07-12T10:15:25,1400.0,22.5,S
2021-07-12T10:15:25,200.0,22.5,S
2021-07-12T10:15:25,700.0,22.5,S
2021-07-12T10:15:25,3000.0,22.5,S
2021-07-12T10:15:25,500.0,22.5,S
2021-07-12T10:15:25,4500.0,22.5,S
2021-07-12T10:14:59,1400.0,22.5,S
2021-07-12T10:14:59,1600.0,22.5,S
2021-07-12T10:14:27,300.0,22.55,S
2021-07-12T10:14:25,7500.0,22.55,S
2021-07-12T10:14:18,300.0,22.55,S
2021-07-12T10:14:11,2000.0,22.55,S
2021-07-12T10:14:09,300.0,22.6,B
2021-07-12T10:13:59,10000.0,22.55,S
2021-07-12T10:13:53,200.0,22.55,S
2021-07-12T10:13:47,100.0,22.6,S
2021-07-12T10:13:37,100.0,22.6,S
2021-07-12T10:13:31,100.0,22.6,B
2021-07-12T10:13:14,1000.0,22.55,S
2021-07-12T10:12:55,400.0,22.6,S
2021-07-12T10:12:39,7600.0,22.6,B
2021-07-12T10:12:26,200.0,22.6,S
2021-07-12T10:12:26,2200.0,22.6,S
2021-07-12T10:12:19,5000.0,22.6,S
2021-07-12T10:12:12,500.0,22.6,S
2021-07-12T10:11:22,100.0,22.65,B
2021-07-12T10:11:17,100.0,22.65,S
2021-07-12T10:11:17,1200.0,22.65,S
2021-07-12T10:10:57,500.0,22.65,S
2021-07-12T10:10:49,500.0,22.65,S
2021-07-12T10:10:49,1000.0,22.65,S
2021-07-12T10:10:28,6400.0,22.65,B
2021-07-12T10:10:28,2300.0,22.65,B
2021-07-12T10:10:26,1000.0,22.65,B
2021-07-12T10:10:25,100.0,22.65,B
2021-07-12T10:10:20,200.0,22.6,S
2021-07-12T10:09:39,300.0,22.65,B
2021-07-12T10:09:23,10000.0,22.65,B
2021-07-12T10:08:52,900.0,22.65,S
2021-07-12T10:08:42,100.0,22.65,S
2021-07-12T10:08:34,1000.0,22.65,S
2021-07-12T10:08:22,300.0,22.65,S
2021-07-12T10:08:13,3300.0,22.65,S
2021-07-12T10:07:52,100.0,22.65,B
2021-07-12T10:07:45,1000.0,22.65,B
2021-07-12T10:07:19,3100.0,22.65,B
2021-07-12T10:07:19,7400.0,22.65,B
2021-07-12T10:07:07,200.0,22.65,B
2021-07-12T10:07:02,200.0,22.65,B
2021-07-12T10:06:36,500.0,22.6,S
2021-07-12T10:06:24,200.0,22.65,B
2021-07-12T10:06:12,3000.0,22.65,B
2021-07-12T10:06:11,5000.0,22.6,S
2021-07-12T10:06:02,1000.0,22.65,B
2021-07-12T10:05:59,100.0,22.6,S
2021-07-12T10:05:53,300.0,22.65,B
2021-07-12T10:05:48,100.0,22.65,B
2021-07-12T10:05:14,200.0,22.65,B
2021-07-12T10:05:12,5000.0,22.6,S
2021-07-12T10:05:11,300.0,22.6,S
2021-07-12T10:04:40,100.0,22.6,S
2021-07-12T10:04:32,2000.0,22.6,S
2021-07-12T10:04:08,18000.0,22.6,S
2021-07-12T10:04:07,100.0,22.65,S
2021-07-12T10:03:53,400.0,22.65,B
2021-07-12T10:03:51,300.0,22.65,B
2021-07-12T10:03:37,1500.0,22.65,B
2021-07-12T10:03:34,1500.0,22.6,S
2021-07-12T10:03:25,2000.0,22.6,S
2021-07-12T10:03:18,100.0,22.65,B
2021-07-12T10:03:15,100.0,22.6,S
2021-07-12T10:03:12,500.0,22.65,B
2021-07-12T10:02:43,500.0,22.6,S
2021-07-12T10:02:00,600.0,22.6,S
2021-07-12T10:01:47,1000.0,22.6,S
2021-07-12T10:01:40,400.0,22.6,S
2021-07-12T10:01:30,5900.0,22.6,B
2021-07-12T10:01:30,12100.0,22.6,B
2021-07-12T10:00:48,2400.0,22.55,B
2021-07-12T10:00:42,2600.0,22.55,S
2021-07-12T10:00:27,1000.0,22.55,S
2021-07-12T10:00:14,300.0,22.6,B
2021-07-12T10:00:12,1000.0,22.6,B
2021-07-12T10:00:00,2700.0,22.6,B
2021-07-12T09:59:49,2000.0,22.6,B
2021-07-12T09:59:38,1000.0,22.55,S
2021-07-12T09:59:06,200.0,22.55,B
2021-07-12T09:59:06,800.0,22.55,B
2021-07-12T09:59:06,1400.0,22.55,B
2021-07-12T09:59:06,3600.0,22.55,B
2021-07-12T09:59:05,1000.0,22.55,B
2021-07-12T09:59:05,200.0,22.5,S
2021-07-12T09:58:53,2000.0,22.55,B
2021-07-12T09:58:51,2000.0,22.55,B
2021-07-12T09:58:25,100.0,22.55,B
2021-07-12T09:58:16,1000.0,22.5,S
2021-07-12T09:58:12,3000.0,22.55,B
2021-07-12T09:58:09,100.0,22.5,S
2021-07-12T09:58:08,500.0,22.5,S
2021-07-12T09:58:02,700.0,22.5,S
2021-07-12T09:57:56,500.0,22.5,S
2021-07-12T09:57:56,200.0,22.5,S
2021-07-12T09:57:48,200.0,22.5,S
2021-07-12T09:57:35,200.0,22.5,S
2021-07-12T09:57:30,2000.0,22.55,B
2021-07-12T09:57:30,3000.0,22.5,S
2021-07-12T09:57:15,1500.0,22.55,B
2021-07-12T09:57:12,3000.0,22.5,S
2021-07-12T09:57:05,200.0,22.5,S
2021-07-12T09:56:49,200.0,22.55,B
2021-07-12T09:56:44,3000.0,22.55,B
2021-07-12T09:56:41,5000.0,22.55,B
2021-07-12T09:56:36,4000.0,22.5,S
2021-07-12T09:56:18,2000.0,22.55,B
2021-07-12T09:56:16,1000.0,22.55,B
2021-07-12T09:56:13,200.0,22.55,B
2021-07-12T09:56:11,100.0,22.5,S
2021-07-12T09:55:55,5000.0,22.55,B
2021-07-12T09:55:55,100.0,22.5,S
2021-07-12T09:55:50,1000.0,22.5,S
2021-07-12T09:55:45,300.0,22.55,B
2021-07-12T09:55:41,700.0,22.5,S
2021-07-12T09:55:15,100.0,22.55,B
2021-07-12T09:55:14,3700.0,22.55,S
2021-07-12T09:55:01,500.0,22.55,S
2021-07-12T09:54:41,600.0,22.55,B
2021-07-12T09:54:29,1000.0,22.5,S
2021-07-12T09:54:29,100.0,22.6,B
2021-07-12T09:54:28,10000.0,22.5,S
2021-07-12T09:54:25,1000.0,22.5,S
2021-07-12T09:54:18,5000.0,22.6,B
2021-07-12T09:54:02,300.0,22.55,S
2021-07-12T09:53:31,100.0,22.55,S
2021-07-12T09:53:22,1000.0,22.55,S
2021-07-12T09:53:15,300.0,22.55,S
2021-07-12T09:53:13,300.0,22.55,S
2021-07-12T09:53:01,2500.0,22.55,S
2021-07-12T09:53:00,100.0,22.55,S
2021-07-12T09:52:57,200.0,22.55,S
2021-07-12T09:52:56,800.0,22.55,S
2021-07-12T09:52:43,200.0,22.55,S
2021-07-12T09:52:37,100.0,22.55,S
2021-07-12T09:52:23,100.0,22.55,S
2021-07-12T09:52:14,200.0,22.55,S
2021-07-12T09:52:07,100.0,22.55,S
2021-07-12T09:52:07,1900.0,22.55,S
2021-07-12T09:52:01,600.0,22.55,S
2021-07-12T09:51:57,1000.0,22.55,S
2021-07-12T09:51:34,100.0,22.55,S
2021-07-12T09:51:26,1000.0,22.55,S
2021-07-12T09:51:21,100.0,22.55,S
2021-07-12T09:51:12,500.0,22.55,S
2021-07-12T09:50:49,800.0,22.55,S
2021-07-12T09:50:42,1000.0,22.55,S
2021-07-12T09:50:40,100.0,22.55,S
2021-07-12T09:50:19,2000.0,22.55,S
2021-07-12T09:50:17,2000.0,22.6,B
2021-07-12T09:50:04,4000.0,22.5,S
2021-07-12T09:49:55,100.0,22.6,S
2021-07-12T09:49:48,300.0,22.6,S
2021-07-12T09:49:44,100.0,22.6,S
2021-07-12T09:49:30,1100.0,22.6,B
2021-07-12T09:49:30,1600.0,22.6,B
2021-07-12T09:49:30,100.0,22.6,B
2021-07-12T09:49:30,3300.0,22.6,B
2021-07-12T09:49:09,5000.0,22.5,S
2021-07-12T09:48:47,1400.0,22.5,S
2021-07-12T09:48:38,2000.0,22.5,S
2021-07-12T09:48:21,2000.0,22.6,B
2021-07-12T09:48:19,4000.0,22.55,S
2021-07-12T09:47:50,600.0,22.6,S
2021-07-12T09:47:47,500.0,22.6,S
2021-07-12T09:47:42,2000.0,22.6,S
2021-07-12T09:47:26,500.0,22.6,S
2021-07-12T09:47:21,800.0,22.6,S
2021-07-12T09:47:02,500.0,22.6,B
2021-07-12T09:46:58,3000.0,22.7,B
2021-07-12T09:46:42,100.0,22.5,S
2021-07-12T09:46:35,400.0,22.6,B
2021-07-12T09:46:27,3900.0,22.5,S
2021-07-12T09:46:27,100.0,22.55,S
2021-07-12T09:46:27,1000.0,22.55,S
2021-07-12T09:46:18,300.0,22.6,B
2021-07-12T09:46:13,1000.0,22.5,S
2021-07-12T09:46:13,1000.0,22.55,S
2021-07-12T09:46:10,100.0,22.55,B
2021-07-12T09:45:57,100.0,22.55,B
2021-07-12T09:45:48,3000.0,22.5,S
2021-07-12T09:45:46,2000.0,22.5,S
2021-07-12T09:45:39,1000.0,22.5,S
2021-07-12T09:45:37,100.0,22.5,S
2021-07-12T09:45:37,100.0,22.55,B
2021-07-12T09:45:29,500.0,22.5,S
2021-07-12T09:45:23,1000.0,22.5,S
2021-07-12T09:45:19,600.0,22.5,S
2021-07-12T09:45:03,2000.0,22.5,S
2021-07-12T09:45:02,1000.0,22.55,B
2021-07-12T09:44:43,100.0,22.55,S
2021-07-12T09:44:40,300.0,22.55,S
2021-07-12T09:44:38,300.0,22.55,S
2021-07-12T09:44:36,1000.0,22.55,S
2021-07-12T09:44:33,500.0,22.55,S
2021-07-12T09:44:31,2000.0,22.55,S
2021-07-12T09:44:22,200.0,22.55,S
2021-07-12T09:44:21,1000.0,22.55,S
2021-07-12T09:44:19,2700.0,22.55,B
2021-07-12T09:44:19,500.0,22.55,B
2021-07-12T09:44:19,1500.0,22.55,B
2021-07-12T09:44:14,5900.0,22.5,S
2021-07-12T09:44:08,100.0,22.55,B
2021-07-12T09:44:08,1000.0,22.55,B
2021-07-12T09:44:07,1200.0,22.55,B
2021-07-12T09:44:07,1300.0,22.55,B
2021-07-12T09:43:59,200.0,22.55,B
2021-07-12T09:43:46,100.0,22.55,B
2021-07-12T09:43:46,5300.0,22.5,S
2021-07-12T09:43:42,1000.0,22.55,B
2021-07-12T09:43:30,300.0,22.5,S
2021-07-12T09:43:14,700.0,22.5,B
2021-07-12T09:43:14,4700.0,22.5,B
2021-07-12T09:43:14,3500.0,22.5,B
2021-07-12T09:43:14,1500.0,22.5,B
2021-07-12T09:43:14,11300.0,22.5,B
2021-07-12T09:43:14,2800.0,22.5,B
2021-07-12T09:43:14,20000.0,22.5,B
2021-07-12T09:43:14,1500.0,22.5,B
2021-07-12T09:43:11,1100.0,22.45,B
2021-07-12T09:43:06,600.0,22.45,S
2021-07-12T09:43:06,100.0,22.5,B
2021-07-12T09:43:06,9400.0,22.45,B
2021-07-12T09:42:48,4000.0,22.45,B
2021-07-12T09:42:41,4100.0,22.4,B
2021-07-12T09:42:41,3100.0,22.4,B
2021-07-12T09:42:41,6900.0,22.4,B
2021-07-12T09:42:26,6100.0,22.4,S
2021-07-12T09:42:21,200.0,22.4,S
2021-07-12T09:42:19,4000.0,22.4,S
2021-07-12T09:42:18,2000.0,22.4,S
2021-07-12T09:42:12,38100.0,22.4,B
2021-07-12T09:42:12,700.0,22.3,B
2021-07-12T09:42:06,4400.0,22.3,S
2021-07-12T09:42:06,4300.0,22.3,S
2021-07-12T09:42:06,500.0,22.35,S
2021-07-12T09:42:06,6000.0,22.4,B
2021-07-12T09:41:55,1500.0,22.3,S
2021-07-12T09:41:44,2000.0,22.3,S
2021-07-12T09:41:42,2000.0,22.3,S
2021-07-12T09:41:40,7900.0,22.3,S
2021-07-12T09:41:38,900.0,22.25,S
2021-07-12T09:41:29,1500.0,22.25,S
2021-07-12T09:41:16,5000.0,22.2,S
2021-07-12T09:41:16,300.0,22.25,S
2021-07-12T09:41:15,200.0,22.25,S
2021-07-12T09:41:15,100.0,22.3,B
2021-07-12T09:41:09,600.0,22.25,S
2021-07-12T09:40:58,1000.0,22.2,S
2021-07-12T09:40:57,4000.0,22.2,S
2021-07-12T09:40:54,3000.0,22.25,S
2021-07-12T09:40:53,3000.0,22.25,S
2021-07-12T09:40:53,1000.0,22.25,S
2021-07-12T09:40:42,1000.0,22.2,S
2021-07-12T09:40:18,1000.0,22.2,S
2021-07-12T09:40:17,1000.0,22.2,S
2021-07-12T09:40:16,500.0,22.2,S
2021-07-12T09:40:13,5700.0,22.2,B
2021-07-12T09:40:00,100.0,22.2,B
2021-07-12T09:39:59,1000.0,22.15,S
2021-07-12T09:39:58,100.0,22.2,B
2021-07-12T09:39:57,100.0,22.15,S
2021-07-12T09:39:53,500.0,22.15,S
2021-07-12T09:39:51,300.0,22.15,S
2021-07-12T09:39:49,100.0,22.2,S
2021-07-12T09:39:46,500.0,22.2,S
2021-07-12T09:39:44,100.0,22.2,S
2021-07-12T09:39:40,1300.0,22.2,B
2021-07-12T09:39:39,10000.0,22.1,S
2021-07-12T09:39:38,7500.0,22.1,S
2021-07-12T09:39:33,10600.0,22.1,S
2021-07-12T09:39:29,6000.0,22.2,B
2021-07-12T09:39:18,500.0,22.15,S
2021-07-12T09:39:09,3000.0,22.15,S
2021-07-12T09:39:04,2300.0,22.0,S
2021-07-12T09:38:51,600.0,22.2,B
2021-07-12T09:38:51,2400.0,22.2,B
2021-07-12T09:38:41,3000.0,22.2,B
2021-07-12T09:38:35,600.0,22.2,S
2021-07-12T09:38:31,1200.0,22.2,S
2021-07-12T09:38:27,700.0,22.2,S
2021-07-12T09:38:25,4400.0,22.0,S
2021-07-12T09:38:25,25300.0,22.0,S
2021-07-12T09:38:25,5100.0,22.1,S
2021-07-12T09:38:25,200.0,22.1,S
2021-07-12T09:38:25,6300.0,22.1,S
2021-07-12T09:38:25,8200.0,22.1,S
2021-07-12T09:38:03,1500.0,22.2,S
2021-07-12T09:38:03,800.0,22.2,S
2021-07-12T09:38:03,2800.0,22.2,S
2021-07-12T09:38:03,2500.0,22.2,S
2021-07-12T09:38:03,5600.0,22.2,S
2021-07-12T09:38:03,800.0,22.3,S
2021-07-12T09:38:03,17500.0,22.3,S
2021-07-12T09:38:01,500.0,22.4,S
2021-07-12T09:37:56,2000.0,22.4,S
2021-07-12T09:37:55,3000.0,22.4,S
2021-07-12T09:37:46,2000.0,22.4,S
2021-07-12T09:37:46,3000.0,22.45,B
2021-07-12T09:37:27,4300.0,22.45,S
2021-07-12T09:37:21,20000.0,22.45,S
2021-07-12T09:37:12,1000.0,22.45,S
2021-07-12T09:36:40,2100.0,22.5,B
2021-07-12T09:36:40,7300.0,22.5,S
2021-07-12T09:36:38,800.0,22.5,S
2021-07-12T09:36:28,100.0,22.5,S
2021-07-12T09:36:12,5000.0,22.5,S
2021-07-12T09:36:04,100.0,22.55,B
2021-07-12T09:36:02,100.0,22.5,S
2021-07-12T09:35:58,1000.0,22.5,S
2021-07-12T09:35:44,300.0,22.5,S
2021-07-12T09:35:29,9600.0,22.5,S
2021-07-12T09:35:27,2500.0,22.5,S
2021-07-12T09:35:11,7000.0,22.55,B
2021-07-12T09:34:57,300.0,22.55,B
2021-07-12T09:34:52,600.0,22.5,S
2021-07-12T09:34:48,1000.0,22.5,S
2021-07-12T09:34:48,1000.0,22.5,S
2021-07-12T09:34:46,300.0,22.5,S
2021-07-12T09:34:38,9000.0,22.5,S
2021-07-12T09:34:32,10000.0,22.55,S
2021-07-12T09:34:25,1000.0,22.55,S
2021-07-12T09:34:06,1000.0,22.55,S
2021-07-12T09:34:03,2000.0,22.55,S
2021-07-12T09:33:57,100.0,22.55,S
2021-07-12T09:33:57,400.0,22.55,S
2021-07-12T09:33:56,200.0,22.55,S
2021-07-12T09:33:56,1000.0,22.55,B
2021-07-12T09:33:35,200.0,22.55,S
2021-07-12T09:33:35,1300.0,22.6,S
2021-07-12T09:33:25,800.0,22.6,S
2021-07-12T09:33:17,100.0,22.6,S
2021-07-12T09:33:08,1000.0,22.6,S
2021-07-12T09:32:59,200.0,22.65,S
2021-07-12T09:32:50,500.0,22.7,B
2021-07-12T09:32:48,5200.0,22.7,S
2021-07-12T09:32:48,800.0,22.7,S
2021-07-12T09:32:48,3800.0,22.7,S
2021-07-12T09:32:48,100.0,22.7,S
2021-07-12T09:32:48,6000.0,22.7,S
2021-07-12T09:32:33,400.0,22.75,S
2021-07-12T09:32:31,700.0,22.75,S
2021-07-12T09:32:30,200.0,22.75,S
2021-07-12T09:32:26,20000.0,22.75,S
2021-07-12T09:32:20,2000.0,22.8,B
2021-07-12T09:32:17,200.0,22.75,S
2021-07-12T09:32:16,500.0,22.75,S
2021-07-12T09:32:01,200.0,22.75,S
2021-07-12T09:31:58,7700.0,22.8,S
2021-07-12T09:31:52,10000.0,22.8,S
2021-07-12T09:31:45,30000.0,22.8,S
2021-07-12T09:31:39,1000.0,22.85,S
2021-07-12T09:31:35,500.0,22.85,S
2021-07-12T09:31:35,3000.0,22.85,S
2021-07-12T09:31:33,500.0,22.85,S
2021-07-12T09:31:31,600.0,22.85,S
2021-07-12T09:31:30,500.0,22.85,S
2021-07-12T09:31:29,100.0,22.85,S
2021-07-12T09:31:23,200.0,22.85,S
2021-07-12T09:31:12,200.0,22.85,S
2021-07-12T09:31:11,500.0,22.85,S
2021-07-12T09:31:07,200.0,22.85,S
2021-07-12T09:31:00,800.0,22.85,B
2021-07-12T09:31:00,8200.0,22.85,B
2021-07-12T09:30:57,500.0,22.8,S
2021-07-12T09:30:52,2000.0,22.8,S
2021-07-12T09:30:37,1300.0,22.85,B
2021-07-12T09:30:36,1500.0,22.85,S
2021-07-12T09:30:34,1000.0,22.85,S
2021-07-12T09:30:32,200.0,22.85,S
2021-07-12T09:30:20,3000.0,22.85,S
2021-07-12T09:30:14,1800.0,22.85,B
2021-07-12T09:30:14,500.0,22.85,B
2021-07-12T09:30:14,700.0,22.8,B
2021-07-12T09:30:11,100.0,22.8,B
2021-07-12T09:30:04,100.0,22.8,S
2021-07-12T09:30:04,1100.0,22.8,S
2021-07-12T09:30:04,1000.0,22.8,S
2021-07-12T09:30:03,200.0,22.8,S
2021-07-12T09:30:02,1000.0,22.8,S
2021-07-12T09:30:02,2000.0,22.85,S
2021-07-12T09:30:01,28000.0,22.85,B
2021-07-12T09:29:56,1000.0,22.85,B
2021-07-12T09:29:53,6000.0,22.8,S
2021-07-12T09:29:51,300.0,22.8,S
2021-07-12T09:29:41,500.0,22.8,S
2021-07-12T09:29:20,17000.0,22.85,S
2021-07-12T09:29:16,8900.0,22.9,S
2021-07-12T09:29:13,500.0,22.9,S
2021-07-12T09:28:55,100.0,22.9,S
2021-07-12T09:28:35,500.0,22.9,S
2021-07-12T09:28:32,1000.0,22.9,S
2021-07-12T09:28:16,1000.0,22.9,S
2021-07-12T09:28:14,600.0,22.9,S
2021-07-12T09:28:06,2000.0,22.9,S
2021-07-12T09:27:53,100.0,22.9,S
2021-07-12T09:27:48,100.0,22.9,S
2021-07-12T09:27:46,5000.0,22.9,S
2021-07-12T09:27:35,200.0,22.9,S
2021-07-12T09:27:20,600.0,22.9,S
2021-07-12T09:27:12,300.0,22.9,S
2021-07-12T09:26:43,500.0,23.0,B
2021-07-12T09:26:39,3000.0,22.9,S
2021-07-12T09:26:37,500.0,22.9,S
2021-07-12T09:26:36,8000.0,23.0,B
2021-07-12T09:26:31,100.0,22.9,S
2021-07-12T09:26:23,100.0,22.9,S
2021-07-12T09:26:19,2400.0,22.9,B
2021-07-12T09:26:19,400.0,22.9,B
2021-07-12T09:26:19,300.0,22.9,B
2021-07-12T09:26:19,500.0,22.9,B
2021-07-12T09:26:19,1500.0,22.9,B
2021-07-12T09:26:16,300.0,22.85,S
2021-07-12T09:26:05,400.0,22.85,S
2021-07-12T09:25:51,3000.0,22.9,B
2021-07-12T09:25:49,100.0,22.85,S
2021-07-12T09:25:34,100.0,22.9,B
2021-07-12T09:24:45,100.0,22.9,B
2021-07-12T09:24:43,100.0,22.85,S
2021-07-12T09:24:40,3000.0,22.85,S
2021-07-12T09:24:24,4300.0,22.85,B
2021-07-12T09:24:11,2000.0,22.85,B
2021-07-12T09:24:10,2000.0,22.85,B
2021-07-12T09:24:09,100.0,22.85,B
2021-07-12T09:24:05,4000.0,22.8,S
2021-07-12T09:23:44,6200.0,22.8,B
2021-07-12T09:23:40,1600.0,22.8,B
2021-07-12T09:23:40,400.0,22.8,B
2021-07-12T09:23:26,7000.0,22.75,S
2021-07-12T09:23:20,300.0,22.8,B
2021-07-12T09:23:16,200.0,22.8,B
2021-07-12T09:23:07,1000.0,22.8,B
2021-07-12T09:23:01,500.0,22.75,S
2021-07-12T09:22:53,3300.0,22.75,S
2021-07-12T09:22:53,1700.0,22.75,S
2021-07-12T09:22:48,1200.0,22.75,S
2021-07-12T09:22:43,400.0,22.75,S
2021-07-12T09:22:23,400.0,22.75,S
2021-07-12T09:22:20,200.0,22.75,S
2021-07-12T09:22:00,100.0,22.75,S
2021-07-12T09:21:59,1000.0,22.8,B
2021-07-12T09:21:53,1600.0,22.75,S
2021-07-12T09:21:30,100.0,22.75,S
2021-07-12T09:21:27,500.0,22.75,S
2021-07-12T09:21:24,1000.0,22.75,S
2021-07-12T09:21:19,300.0,22.75,S
2021-07-12T09:21:13,2000.0,22.75,S
2021-07-12T09:21:11,1000.0,22.75,S
2021-07-12T09:21:09,1300.0,22.75,S
2021-07-12T09:21:02,4000.0,22.75,B
2021-07-12T09:20:58,7000.0,22.75,B
2021-07-12T09:20:30,1000.0,22.7,S
2021-07-12T09:20:30,3000.0,22.75,S
2021-07-12T09:20:28,500.0,22.75,S
2021-07-12T09:20:24,1700.0,22.75,B
2021-07-12T09:20:15,100.0,22.7,S
2021-07-12T09:20:13,2000.0,22.75,B
2021-07-12T09:20:06,100.0,22.75,B
2021-07-12T09:20:05,1500.0,22.7,S
2021-07-12T09:20:01,800.0,22.75,S
2021-07-12T09:19:59,300.0,22.75,S
2021-07-12T09:19:55,2900.0,22.75,B
2021-07-12T09:19:54,3100.0,22.75,S
2021-07-12T09:19:52,1000.0,22.8,B
2021-07-12T09:19:47,1000.0,22.75,S
2021-07-12T09:19:41,1000.0,22.75,B
2021-07-12T09:19:41,200.0,22.75,B
2021-07-12T09:19:41,800.0,22.75,B
2021-07-12T09:19:40,1000.0,22.75,B
2021-07-12T09:19:35,4000.0,22.75,B
2021-07-12T09:19:35,5000.0,22.7,S
2021-07-12T09:19:28,1000.0,22.75,S
2021-07-12T09:19:25,5000.0,22.8,B
2021-07-12T09:19:21,2600.0,22.75,S
2021-07-12T09:19:03,1000.0,22.75,S
2021-07-12T09:18:43,200.0,22.8,S
2021-07-12T09:18:43,2900.0,22.8,S
2021-07-12T09:18:39,300.0,22.8,S
2021-07-12T09:18:34,100.0,22.8,S
2021-07-12T09:18:33,600.0,22.8,S
2021-07-12T09:18:29,1000.0,22.8,S
2021-07-12T09:18:14,1000.0,22.8,S
2021-07-12T09:18:02,1000.0,22.8,S
2021-07-12T09:18:02,2000.0,22.8,S
2021-07-12T09:18:00,3000.0,22.8,S
2021-07-12T09:17:49,4000.0,22.8,S
2021-07-12T09:17:49,1000.0,22.8,S
2021-07-12T09:17:44,1000.0,22.8,S
2021-07-12T09:17:44,500.0,22.85,S
2021-07-12T09:17:01,500.0,22.9,B
2021-07-12T09:16:54,100.0,22.9,S
2021-07-12T09:16:49,10000.0,23.0,B
2021-07-12T09:16:45,2400.0,22.9,S
2021-07-12T09:16:40,1200.0,22.9,S
2021-07-12T09:16:35,100.0,22.9,S
2021-07-12T09:16:35,1000.0,22.9,S
2021-07-12T09:16:35,2000.0,22.9,S
2021-07-12T09:16:35,2800.0,22.9,S
2021-07-12T09:16:29,400.0,23.0,B
2021-07-12T09:16:11,300.0,23.0,B
2021-07-12T09:15:52,2000.0,23.0,S
2021-07-12T09:15:52,200.0,23.0,S
2021-07-12T09:15:52,500.0,23.0,S
2021-07-12T09:15:52,1000.0,23.0,S
2021-07-12T09:15:52,15100.0,23.0,S
2021-07-12T09:15:34,1000.0,23.0,S
2021-07-12T09:15:22,700.0,23.1,S
