tradingTime,volume,price,side
2021-07-12T14:29:32,500.0,55.6,B
2021-07-12T14:29:14,500.0,55.6,B
2021-07-12T14:28:55,100.0,55.6,B
2021-07-12T14:28:55,5600.0,55.6,B
2021-07-12T14:28:51,300.0,55.6,B
2021-07-12T14:28:26,1000.0,55.6,B
2021-07-12T14:28:12,200.0,55.6,B
2021-07-12T14:27:23,2600.0,55.6,B
2021-07-12T14:27:11,10000.0,55.6,B
2021-07-12T14:27:06,6900.0,55.6,B
2021-07-12T14:26:03,100.0,55.6,B
2021-07-12T14:22:11,100.0,55.6,B
2021-07-12T14:19:55,100.0,55.6,B
2021-07-12T14:17:13,200.0,55.6,B
2021-07-12T14:15:40,200.0,55.6,B
2021-07-12T14:10:12,200.0,55.6,B
2021-07-12T14:10:07,200.0,55.6,B
2021-07-12T14:07:56,200.0,55.6,B
2021-07-12T14:06:58,300.0,55.6,B
2021-07-12T14:06:25,500.0,55.6,B
2021-07-12T13:57:33,10000.0,55.6,B
2021-07-12T13:45:07,200.0,55.6,B
2021-07-12T13:38:18,1900.0,55.6,B
2021-07-12T13:35:05,400.0,55.6,B
2021-07-12T13:34:18,500.0,55.6,B
2021-07-12T13:30:57,100.0,55.6,B
2021-07-12T13:25:47,100.0,55.6,B
2021-07-12T13:19:59,100.0,55.6,B
2021-07-12T13:18:35,100.0,55.6,B
2021-07-12T13:16:42,200.0,55.6,B
2021-07-12T13:15:52,100.0,55.6,B
2021-07-12T13:11:43,100.0,55.6,B
2021-07-12T13:10:20,200.0,55.6,B
2021-07-12T13:09:33,1200.0,55.6,B
2021-07-12T13:01:58,100.0,55.6,B
2021-07-12T13:01:01,100.0,55.6,B
2021-07-12T13:00:41,500.0,55.6,B
2021-07-12T13:00:37,15000.0,55.6,B
2021-07-12T13:00:19,1000.0,55.6,B
2021-07-12T13:00:14,200.0,55.6,B
2021-07-12T13:00:12,500.0,55.6,B
2021-07-12T13:00:12,2000.0,55.6,B
2021-07-12T13:00:10,500.0,55.6,B
2021-07-12T13:00:06,100.0,55.6,B
2021-07-12T13:00:06,100.0,55.6,B
2021-07-12T13:00:06,300.0,55.6,B
2021-07-12T13:00:03,4000.0,55.6,B
2021-07-12T13:00:03,200.0,55.6,B
2021-07-12T11:28:43,1000.0,55.6,B
2021-07-12T11:23:35,100.0,55.6,B
2021-07-12T11:22:45,500.0,55.6,B
2021-07-12T11:20:16,100.0,55.6,B
2021-07-12T11:18:29,100.0,55.6,B
2021-07-12T11:18:13,3600.0,55.6,B
2021-07-12T11:15:55,100.0,55.6,B
2021-07-12T11:14:56,2000.0,55.6,B
2021-07-12T11:14:44,200.0,55.6,B
2021-07-12T11:10:57,100.0,55.6,B
2021-07-12T11:10:45,500.0,55.6,B
2021-07-12T11:10:18,100.0,55.6,B
2021-07-12T11:08:20,500.0,55.6,B
2021-07-12T11:05:48,100.0,55.6,B
2021-07-12T11:04:37,100.0,55.6,B
2021-07-12T11:03:42,2300.0,55.6,S
2021-07-12T11:03:24,1000.0,55.6,S
2021-07-12T11:02:27,100.0,55.7,S
2021-07-12T11:00:00,1000.0,55.6,S
2021-07-12T10:58:25,1500.0,55.9,B
2021-07-12T10:57:20,100.0,55.6,S
2021-07-12T10:57:01,700.0,55.6,S
2021-07-12T10:56:21,500.0,55.6,B
2021-07-12T10:55:12,1000.0,55.6,B
2021-07-12T10:54:17,2000.0,55.6,B
2021-07-12T10:54:05,100.0,55.6,B
2021-07-12T10:53:24,800.0,55.6,S
2021-07-12T10:53:24,1000.0,55.6,S
2021-07-12T10:53:24,5900.0,55.6,S
2021-07-12T10:52:55,100.0,55.6,S
2021-07-12T10:50:08,3700.0,55.6,S
2021-07-12T10:49:42,600.0,55.6,S
2021-07-12T10:47:32,500.0,56.1,B
2021-07-12T10:47:12,100.0,56.1,B
2021-07-12T10:43:36,100.0,56.2,S
2021-07-12T10:43:33,500.0,56.2,S
2021-07-12T10:42:41,400.0,56.2,B
2021-07-12T10:42:15,3400.0,55.6,B
2021-07-12T10:42:05,1000.0,55.6,B
2021-07-12T10:42:04,1000.0,55.6,B
2021-07-12T10:41:30,100.0,55.6,B
2021-07-12T10:41:24,1500.0,55.6,B
2021-07-12T10:41:17,1000.0,55.6,B
2021-07-12T10:41:15,200.0,55.6,B
2021-07-12T10:41:00,100.0,55.6,B
2021-07-12T10:40:53,800.0,55.6,B
2021-07-12T10:40:44,1000.0,55.6,B
2021-07-12T10:40:40,10000.0,55.6,B
2021-07-12T10:40:37,7100.0,55.6,B
2021-07-12T10:40:35,1000.0,55.6,B
2021-07-12T10:39:33,600.0,55.6,B
2021-07-12T10:39:33,9400.0,55.6,B
2021-07-12T10:38:45,200.0,55.6,B
2021-07-12T10:35:43,400.0,55.6,B
2021-07-12T10:35:04,200.0,55.6,B
2021-07-12T10:32:07,100.0,55.6,B
2021-07-12T10:31:40,500.0,55.6,B
2021-07-12T10:30:18,500.0,55.6,B
2021-07-12T10:29:23,100.0,55.6,B
2021-07-12T10:29:20,1000.0,55.6,B
2021-07-12T10:28:51,100.0,55.6,B
2021-07-12T10:28:37,6000.0,55.6,B
2021-07-12T10:28:13,10000.0,55.6,B
2021-07-12T10:28:00,1000.0,55.6,B
2021-07-12T10:27:55,5000.0,55.6,S
2021-07-12T10:27:55,800.0,55.6,S
2021-07-12T10:27:55,300.0,55.6,S
2021-07-12T10:27:39,900.0,55.6,S
2021-07-12T10:27:39,1300.0,55.6,S
2021-07-12T10:27:39,6700.0,55.6,S
2021-07-12T10:24:33,100.0,56.3,S
2021-07-12T10:23:49,1000.0,56.0,S
2021-07-12T10:20:38,400.0,56.4,B
2021-07-12T10:20:26,5400.0,55.6,S
2021-07-12T10:20:13,3700.0,55.6,S
2021-07-12T10:19:12,300.0,55.6,S
2021-07-12T10:18:52,100.0,55.6,S
2021-07-12T10:18:52,400.0,55.6,S
2021-07-12T10:18:52,200.0,55.6,S
2021-07-12T10:18:43,300.0,55.6,S
2021-07-12T10:18:11,11000.0,55.6,S
2021-07-12T10:18:10,1000.0,56.5,B
2021-07-12T10:17:57,300.0,56.6,S
2021-07-12T10:17:27,700.0,56.5,B
2021-07-12T10:17:21,400.0,55.6,S
2021-07-12T10:17:21,7800.0,55.6,S
2021-07-12T10:17:21,200.0,55.6,S
2021-07-12T10:17:21,3100.0,55.6,S
2021-07-12T10:17:21,1500.0,55.6,S
2021-07-12T10:17:21,700.0,55.6,S
2021-07-12T10:17:21,100.0,55.6,S
2021-07-12T10:17:21,10200.0,55.6,S
2021-07-12T10:17:21,2800.0,55.6,S
2021-07-12T10:17:21,1100.0,55.6,S
2021-07-12T10:17:21,6500.0,55.6,S
2021-07-12T10:16:48,200.0,55.7,S
2021-07-12T10:16:44,700.0,56.0,B
2021-07-12T10:16:33,3000.0,55.7,S
2021-07-12T10:15:42,4000.0,55.7,S
2021-07-12T10:15:42,3400.0,55.7,S
2021-07-12T10:15:08,500.0,55.7,S
2021-07-12T10:11:46,200.0,55.6,S
2021-07-12T10:11:40,200.0,56.0,B
2021-07-12T10:10:23,100.0,56.0,B
2021-07-12T10:10:19,3000.0,55.6,B
2021-07-12T10:10:17,100.0,55.6,B
2021-07-12T10:10:11,10000.0,55.6,B
2021-07-12T10:09:44,2000.0,55.6,B
2021-07-12T10:09:19,300.0,55.6,B
2021-07-12T10:09:04,5000.0,55.6,B
2021-07-12T10:08:53,200.0,55.6,B
2021-07-12T10:08:42,700.0,55.6,B
2021-07-12T10:08:41,300.0,55.6,B
2021-07-12T10:08:34,100.0,55.6,B
2021-07-12T10:08:32,1000.0,55.6,B
2021-07-12T10:08:30,100.0,55.6,B
2021-07-12T10:08:30,300.0,55.6,S
2021-07-12T10:08:30,1100.0,55.6,S
2021-07-12T10:08:30,9400.0,55.6,S
2021-07-12T10:07:51,13900.0,55.6,S
2021-07-12T10:07:33,1400.0,55.6,S
2021-07-12T10:06:54,1400.0,55.6,S
2021-07-12T10:05:51,600.0,55.6,S
2021-07-12T10:05:51,5700.0,55.6,S
2021-07-12T10:05:51,200.0,55.6,S
2021-07-12T10:05:51,2400.0,55.6,S
2021-07-12T10:05:51,600.0,55.6,S
2021-07-12T10:05:51,800.0,55.6,S
2021-07-12T10:05:51,200.0,55.6,S
2021-07-12T10:05:51,9500.0,55.6,S
2021-07-12T10:05:36,2200.0,56.0,S
2021-07-12T10:05:28,200.0,56.0,B
2021-07-12T10:04:26,1200.0,55.6,S
2021-07-12T10:04:26,300.0,55.6,S
2021-07-12T10:04:25,19600.0,55.6,S
2021-07-12T10:04:16,100.0,56.0,B
2021-07-12T10:02:10,4300.0,55.6,B
2021-07-12T10:01:57,600.0,55.6,B
2021-07-12T10:01:49,500.0,55.6,B
2021-07-12T10:01:43,1100.0,55.6,B
2021-07-12T10:01:37,100.0,55.6,B
2021-07-12T10:01:35,300.0,55.6,B
2021-07-12T10:01:33,7100.0,55.6,B
2021-07-12T10:01:33,1200.0,55.6,S
2021-07-12T10:01:33,900.0,55.6,S
2021-07-12T10:01:33,2000.0,55.7,S
2021-07-12T10:01:16,14300.0,55.6,S
2021-07-12T10:00:20,800.0,55.6,S
2021-07-12T10:00:20,9300.0,55.6,S
2021-07-12T09:58:45,1000.0,55.6,S
2021-07-12T09:58:42,400.0,55.6,B
2021-07-12T09:58:36,100.0,55.6,B
2021-07-12T09:58:28,1000.0,55.6,B
2021-07-12T09:58:24,200.0,55.6,B
2021-07-12T09:58:19,200.0,55.6,B
2021-07-12T09:58:19,100.0,55.6,B
2021-07-12T09:58:01,8900.0,55.6,S
2021-07-12T09:57:49,2100.0,55.6,S
2021-07-12T09:57:46,200.0,55.6,B
2021-07-12T09:57:46,100.0,55.6,B
2021-07-12T09:57:40,500.0,55.6,B
2021-07-12T09:57:39,1000.0,55.6,B
2021-07-12T09:57:38,500.0,55.6,B
2021-07-12T09:57:34,100.0,55.6,B
2021-07-12T09:57:30,300.0,55.6,B
2021-07-12T09:57:29,1000.0,55.6,B
2021-07-12T09:57:28,11300.0,55.6,S
2021-07-12T09:57:21,500.0,56.0,B
2021-07-12T09:57:14,900.0,55.6,S
2021-07-12T09:57:14,1200.0,55.6,S
2021-07-12T09:57:14,3200.0,55.6,S
2021-07-12T09:57:14,700.0,55.6,S
2021-07-12T09:57:14,8400.0,55.6,S
2021-07-12T09:56:51,10200.0,55.6,S
2021-07-12T09:56:20,100.0,56.0,B
2021-07-12T09:55:20,100.0,55.6,S
2021-07-12T09:54:59,200.0,55.6,S
2021-07-12T09:54:57,800.0,55.6,S
2021-07-12T09:54:57,3300.0,55.6,S
2021-07-12T09:54:22,6000.0,55.6,S
2021-07-12T09:54:22,1100.0,55.6,S
2021-07-12T09:54:22,8200.0,55.6,S
2021-07-12T09:54:22,1600.0,55.6,S
2021-07-12T09:54:22,1000.0,55.7,S
2021-07-12T09:54:22,100.0,55.7,S
2021-07-12T09:54:22,2000.0,55.7,S
2021-07-12T09:53:30,8100.0,55.6,S
2021-07-12T09:52:55,2000.0,55.6,S
2021-07-12T09:52:55,200.0,55.6,S
2021-07-12T09:52:54,1700.0,55.6,B
2021-07-12T09:52:52,1000.0,55.6,B
2021-07-12T09:52:49,5000.0,55.6,B
2021-07-12T09:52:43,1700.0,55.6,B
2021-07-12T09:52:39,2000.0,55.6,B
2021-07-12T09:52:36,1000.0,55.6,B
2021-07-12T09:52:33,200.0,55.6,B
2021-07-12T09:52:31,100.0,55.6,B
2021-07-12T09:52:21,1000.0,55.6,B
2021-07-12T09:52:17,1500.0,55.6,B
2021-07-12T09:52:09,200.0,55.6,B
2021-07-12T09:52:08,100.0,55.6,B
2021-07-12T09:52:06,500.0,55.6,B
2021-07-12T09:52:04,13100.0,55.6,B
2021-07-12T09:52:04,900.0,55.6,S
2021-07-12T09:51:36,1000.0,55.6,S
2021-07-12T09:51:36,200.0,55.6,S
2021-07-12T09:51:36,10200.0,55.6,S
2021-07-12T09:51:36,1400.0,55.6,S
2021-07-12T09:51:36,12000.0,55.6,S
2021-07-12T09:51:22,500.0,55.9,B
2021-07-12T09:50:45,1000.0,55.9,B
2021-07-12T09:50:16,300.0,56.0,B
2021-07-12T09:50:03,700.0,55.6,S
2021-07-12T09:50:03,2200.0,55.6,S
2021-07-12T09:50:03,2100.0,55.6,S
2021-07-12T09:50:03,300.0,55.6,S
2021-07-12T09:50:03,1400.0,55.6,S
2021-07-12T09:50:03,1000.0,55.6,S
2021-07-12T09:50:03,1600.0,55.6,S
2021-07-12T09:50:03,2100.0,55.7,S
2021-07-12T09:50:03,300.0,55.7,S
2021-07-12T09:50:03,1400.0,55.7,S
2021-07-12T09:50:03,16000.0,55.7,S
2021-07-12T09:49:51,200.0,55.9,B
2021-07-12T09:49:51,200.0,55.9,B
2021-07-12T09:49:14,100.0,55.9,B
2021-07-12T09:49:14,500.0,55.9,B
2021-07-12T09:48:36,200.0,55.9,S
2021-07-12T09:48:00,800.0,55.9,S
2021-07-12T09:47:31,500.0,56.0,S
2021-07-12T09:47:31,2900.0,56.0,S
2021-07-12T09:47:31,100.0,56.0,S
2021-07-12T09:47:31,1100.0,56.0,S
2021-07-12T09:47:16,2000.0,56.0,S
2021-07-12T09:47:16,1200.0,56.0,S
2021-07-12T09:46:25,100.0,56.0,S
2021-07-12T09:46:20,300.0,56.0,S
2021-07-12T09:45:55,11800.0,56.0,S
2021-07-12T09:45:09,6400.0,58.0,B
2021-07-12T09:44:43,200.0,56.0,B
2021-07-12T09:44:19,1900.0,55.7,S
2021-07-12T09:44:19,2000.0,55.8,S
2021-07-12T09:44:00,2000.0,55.7,S
2021-07-12T09:43:52,200.0,55.9,B
2021-07-12T09:43:50,700.0,55.7,S
2021-07-12T09:43:19,1300.0,55.7,S
2021-07-12T09:43:02,3600.0,55.6,S
2021-07-12T09:43:02,10600.0,55.6,S
2021-07-12T09:42:58,5000.0,55.6,S
2021-07-12T09:42:42,300.0,56.0,B
2021-07-12T09:42:31,2000.0,56.0,B
2021-07-12T09:42:22,100.0,56.0,B
2021-07-12T09:42:08,1000.0,56.0,B
2021-07-12T09:41:55,22700.0,55.6,S
2021-07-12T09:41:55,3500.0,55.7,S
2021-07-12T09:41:55,1800.0,55.7,S
2021-07-12T09:41:54,100.0,56.0,B
2021-07-12T09:41:52,200.0,55.7,S
2021-07-12T09:41:19,400.0,56.0,S
2021-07-12T09:41:13,1000.0,56.0,S
2021-07-12T09:40:35,3000.0,56.0,S
2021-07-12T09:40:35,100.0,56.0,S
2021-07-12T09:40:35,600.0,56.0,S
2021-07-12T09:40:35,24200.0,56.0,S
2021-07-12T09:40:35,200.0,56.0,S
2021-07-12T09:40:35,1900.0,56.0,S
2021-07-12T09:40:20,200.0,56.5,S
2021-07-12T09:39:50,300.0,56.5,S
2021-07-12T09:39:47,800.0,56.6,S
2021-07-12T09:39:34,100.0,56.6,S
2021-07-12T09:39:24,100.0,56.6,S
2021-07-12T09:39:13,100.0,56.8,B
2021-07-12T09:38:39,100.0,56.8,B
2021-07-12T09:38:11,100.0,56.8,S
2021-07-12T09:37:56,600.0,56.9,S
2021-07-12T09:37:49,100.0,56.9,S
2021-07-12T09:37:40,300.0,56.9,S
2021-07-12T09:37:19,1000.0,57.0,S
2021-07-12T09:36:58,1600.0,57.0,S
2021-07-12T09:36:27,300.0,57.0,S
2021-07-12T09:36:27,700.0,57.0,S
2021-07-12T09:36:27,500.0,57.1,S
2021-07-12T09:36:27,1200.0,57.1,S
2021-07-12T09:35:57,200.0,57.4,S
2021-07-12T09:35:33,4400.0,57.5,S
2021-07-12T09:34:56,100.0,57.7,S
2021-07-12T09:34:50,3000.0,57.7,S
2021-07-12T09:34:41,100.0,57.8,B
2021-07-12T09:34:41,300.0,57.7,S
2021-07-12T09:34:11,500.0,57.7,S
2021-07-12T09:33:29,500.0,58.0,S
2021-07-12T09:32:51,500.0,58.0,B
2021-07-12T09:32:51,400.0,57.8,S
2021-07-12T09:32:46,200.0,57.8,S
2021-07-12T09:32:21,100.0,58.0,B
2021-07-12T09:32:16,200.0,58.0,S
2021-07-12T09:31:07,500.0,58.0,S
2021-07-12T09:30:19,300.0,58.0,S
2021-07-12T09:30:13,200.0,58.0,S
2021-07-12T09:30:09,600.0,57.9,S
2021-07-12T09:30:01,3200.0,58.0,S
2021-07-12T09:29:25,200.0,58.0,S
2021-07-12T09:29:03,400.0,58.1,S
2021-07-12T09:28:58,1500.0,58.1,S
2021-07-12T09:28:51,300.0,58.2,S
2021-07-12T09:26:45,100.0,58.2,S
2021-07-12T09:26:06,2100.0,58.2,S
2021-07-12T09:23:26,1300.0,58.2,S
2021-07-12T09:18:56,500.0,58.1,S
2021-07-12T09:17:36,5000.0,58.1,S
2021-07-12T09:15:57,500.0,58.0,S
