tradingTime,volume,price,side
2021-07-12T14:29:59,500.0,118.0,B
2021-07-12T14:29:57,1900.0,118.0,B
2021-07-12T14:29:42,1300.0,117.8,B
2021-07-12T14:29:40,900.0,118.0,B
2021-07-12T14:29:40,2000.0,118.0,B
2021-07-12T14:29:40,300.0,118.0,B
2021-07-12T14:29:40,6800.0,118.0,B
2021-07-12T14:29:38,300.0,118.0,B
2021-07-12T14:29:38,100.0,118.0,B
2021-07-12T14:29:38,2200.0,118.0,B
2021-07-12T14:29:38,2400.0,118.0,B
2021-07-12T14:29:34,100.0,117.1,B
2021-07-12T14:29:34,200.0,117.0,B
2021-07-12T14:29:32,100.0,117.0,B
2021-07-12T14:29:31,3500.0,117.0,S
2021-07-12T14:29:31,1200.0,117.0,S
2021-07-12T14:29:29,600.0,117.8,B
2021-07-12T14:29:20,900.0,117.0,S
2021-07-12T14:29:20,300.0,117.0,S
2021-07-12T14:29:20,200.0,117.0,S
2021-07-12T14:29:20,200.0,117.0,S
2021-07-12T14:29:18,500.0,117.5,B
2021-07-12T14:29:09,700.0,117.0,S
2021-07-12T14:29:06,300.0,117.5,B
2021-07-12T14:29:05,200.0,117.5,B
2021-07-12T14:29:01,100.0,117.8,B
2021-07-12T14:28:40,1000.0,117.0,S
2021-07-12T14:28:33,1000.0,117.9,B
2021-07-12T14:28:21,1200.0,117.8,B
2021-07-12T14:28:07,2000.0,117.0,S
2021-07-12T14:28:03,100.0,117.5,B
2021-07-12T14:27:50,5000.0,117.0,B
2021-07-12T14:27:50,2500.0,117.0,B
2021-07-12T14:27:43,500.0,116.9,B
2021-07-12T14:27:23,200.0,116.9,B
2021-07-12T14:27:23,1200.0,116.9,B
2021-07-12T14:27:23,2600.0,116.9,B
2021-07-12T14:27:15,100.0,116.8,S
2021-07-12T14:27:03,400.0,116.9,B
2021-07-12T14:26:43,300.0,116.9,B
2021-07-12T14:26:40,1000.0,116.9,B
2021-07-12T14:26:38,400.0,116.9,B
2021-07-12T14:26:25,300.0,116.9,B
2021-07-12T14:26:25,2300.0,116.9,B
2021-07-12T14:26:23,800.0,116.9,B
2021-07-12T14:26:23,5000.0,116.9,B
2021-07-12T14:26:22,700.0,116.8,B
2021-07-12T14:25:07,4000.0,116.8,B
2021-07-12T14:24:52,100.0,116.6,B
2021-07-12T14:24:50,300.0,116.6,B
2021-07-12T14:24:50,900.0,116.5,B
2021-07-12T14:24:50,100.0,116.4,B
2021-07-12T14:24:50,1800.0,116.4,B
2021-07-12T14:24:27,200.0,116.0,S
2021-07-12T14:24:14,100.0,116.0,S
2021-07-12T14:24:11,500.0,116.4,B
2021-07-12T14:24:05,10000.0,116.4,B
2021-07-12T14:24:02,100.0,116.0,B
2021-07-12T14:23:54,100.0,116.0,B
2021-07-12T14:23:53,3100.0,116.0,B
2021-07-12T14:23:53,100.0,116.0,B
2021-07-12T14:23:32,300.0,116.0,B
2021-07-12T14:23:21,1500.0,116.0,B
2021-07-12T14:23:21,3500.0,116.0,B
2021-07-12T14:23:21,1000.0,116.0,B
2021-07-12T14:23:21,100.0,116.0,B
2021-07-12T14:23:21,100.0,116.0,B
2021-07-12T14:23:19,900.0,116.0,B
2021-07-12T14:23:19,8200.0,116.0,B
2021-07-12T14:23:19,2700.0,116.0,B
2021-07-12T14:23:19,1100.0,116.0,B
2021-07-12T14:23:19,2000.0,116.0,B
2021-07-12T14:23:19,700.0,116.0,B
2021-07-12T14:23:19,13800.0,115.9,B
2021-07-12T14:23:18,600.0,115.9,B
2021-07-12T14:23:12,400.0,115.9,B
2021-07-12T14:23:10,6800.0,115.9,B
2021-07-12T14:23:06,1200.0,115.9,B
2021-07-12T14:23:02,800.0,115.7,B
2021-07-12T14:23:00,1100.0,115.7,B
2021-07-12T14:22:52,19500.0,115.6,B
2021-07-12T14:22:44,1300.0,115.6,B
2021-07-12T14:22:40,3400.0,115.0,B
2021-07-12T14:22:33,6600.0,114.9,B
2021-07-12T14:22:33,1300.0,114.9,B
2021-07-12T14:22:14,100.0,114.8,B
2021-07-12T14:22:02,100.0,114.8,B
2021-07-12T14:21:59,400.0,114.8,B
2021-07-12T14:21:59,1000.0,114.8,B
2021-07-12T14:21:58,400.0,114.0,S
2021-07-12T14:21:54,800.0,114.8,B
2021-07-12T14:21:52,100.0,114.8,B
2021-07-12T14:21:50,2000.0,114.8,B
2021-07-12T14:21:44,1300.0,114.8,B
2021-07-12T14:21:22,100.0,114.0,S
2021-07-12T14:21:19,100.0,114.0,S
2021-07-12T14:21:17,1000.0,114.5,B
2021-07-12T14:21:05,2000.0,114.0,B
2021-07-12T14:21:04,7200.0,114.0,B
2021-07-12T14:21:02,3500.0,114.0,B
2021-07-12T14:20:01,1500.0,114.0,B
2021-07-12T14:19:32,100.0,114.0,B
2021-07-12T14:19:22,2500.0,114.0,B
2021-07-12T14:19:12,300.0,114.0,B
2021-07-12T14:19:07,3800.0,114.0,B
2021-07-12T14:19:07,2200.0,114.0,B
2021-07-12T14:19:07,1000.0,114.0,B
2021-07-12T14:19:07,900.0,114.0,B
2021-07-12T14:18:46,100.0,114.0,B
2021-07-12T14:18:30,500.0,114.0,B
2021-07-12T14:18:01,100.0,114.0,B
2021-07-12T14:17:54,1200.0,114.0,B
2021-07-12T14:17:54,1800.0,113.8,B
2021-07-12T14:17:52,100.0,113.8,B
2021-07-12T14:17:47,3100.0,113.8,B
2021-07-12T14:17:29,100.0,114.0,B
2021-07-12T14:17:26,500.0,112.4,S
2021-07-12T14:17:03,5000.0,112.4,S
2021-07-12T14:15:42,200.0,114.0,B
2021-07-12T14:15:34,600.0,114.9,B
2021-07-12T14:15:34,3500.0,114.5,B
2021-07-12T14:15:34,100.0,114.0,B
2021-07-12T14:15:34,500.0,114.0,B
2021-07-12T14:14:53,300.0,112.4,S
2021-07-12T14:14:10,3000.0,112.4,S
2021-07-12T14:13:19,1600.0,112.4,S
2021-07-12T14:12:21,100.0,112.4,S
2021-07-12T14:12:03,1200.0,114.0,B
2021-07-12T14:12:03,3500.0,114.0,B
2021-07-12T14:11:33,1400.0,114.0,B
2021-07-12T14:11:09,4100.0,114.0,B
2021-07-12T14:11:09,3800.0,114.0,B
2021-07-12T14:09:53,3600.0,112.0,S
2021-07-12T14:09:53,7500.0,112.1,S
2021-07-12T14:09:52,1500.0,114.0,B
2021-07-12T14:09:44,2300.0,114.0,B
2021-07-12T14:09:44,700.0,114.0,B
2021-07-12T14:09:36,500.0,112.0,S
2021-07-12T14:09:05,100.0,113.5,S
2021-07-12T14:09:01,900.0,113.5,B
2021-07-12T14:09:01,500.0,113.0,B
2021-07-12T14:09:01,1300.0,113.0,B
2021-07-12T14:09:01,5200.0,113.0,B
2021-07-12T14:08:35,600.0,112.1,S
2021-07-12T14:07:58,1000.0,112.0,S
2021-07-12T14:07:52,1000.0,112.0,S
2021-07-12T14:07:51,9000.0,112.0,S
2021-07-12T14:07:51,1700.0,113.0,B
2021-07-12T14:07:45,5000.0,112.1,S
2021-07-12T14:07:27,200.0,112.1,S
2021-07-12T14:07:27,1300.0,112.1,S
2021-07-12T14:07:22,100.0,112.1,S
2021-07-12T14:07:17,100.0,112.1,S
2021-07-12T14:07:03,1000.0,112.1,S
2021-07-12T14:07:03,2100.0,113.0,B
2021-07-12T14:07:03,100.0,112.9,B
2021-07-12T14:07:03,5700.0,112.9,B
2021-07-12T14:06:55,300.0,112.2,B
2021-07-12T14:06:54,2000.0,112.2,B
2021-07-12T14:06:53,5000.0,112.1,S
2021-07-12T14:06:20,1900.0,112.1,S
2021-07-12T14:05:45,100.0,112.2,B
2021-07-12T14:05:39,500.0,112.1,S
2021-07-12T14:05:26,200.0,112.1,S
2021-07-12T14:05:13,1000.0,112.2,B
2021-07-12T14:04:53,2000.0,112.1,S
2021-07-12T14:04:43,100.0,112.1,S
2021-07-12T14:04:42,100.0,112.2,B
2021-07-12T14:04:31,400.0,112.1,S
2021-07-12T14:04:31,100.0,112.2,S
2021-07-12T14:04:28,3000.0,113.0,B
2021-07-12T14:04:28,4900.0,113.0,B
2021-07-12T14:04:26,200.0,112.5,B
2021-07-12T14:04:20,700.0,112.5,S
2021-07-12T14:04:19,1100.0,113.0,B
2021-07-12T14:04:19,200.0,113.0,B
2021-07-12T14:04:18,500.0,113.0,B
2021-07-12T14:04:18,2900.0,113.0,B
2021-07-12T14:04:16,100.0,112.5,S
2021-07-12T14:04:16,100.0,112.5,S
2021-07-12T14:04:16,200.0,112.5,S
2021-07-12T14:04:13,100.0,112.5,S
2021-07-12T14:03:30,300.0,112.5,S
2021-07-12T14:03:19,4300.0,112.5,S
2021-07-12T14:03:17,900.0,112.5,S
2021-07-12T14:02:58,2800.0,112.5,S
2021-07-12T14:02:49,2000.0,112.5,S
2021-07-12T14:02:44,100.0,113.0,B
2021-07-12T14:01:26,200.0,113.0,B
2021-07-12T14:01:17,4700.0,113.0,B
2021-07-12T14:00:57,100.0,112.5,S
2021-07-12T14:00:48,1400.0,112.5,S
2021-07-12T14:00:47,1000.0,112.5,S
2021-07-12T14:00:41,1500.0,112.1,S
2021-07-12T14:00:35,1100.0,112.1,S
2021-07-12T14:00:25,1100.0,112.2,S
2021-07-12T14:00:21,1400.0,112.2,S
2021-07-12T14:00:13,1100.0,113.0,S
2021-07-12T13:59:27,1200.0,113.0,S
2021-07-12T13:59:27,1100.0,113.0,S
2021-07-12T13:59:14,300.0,115.0,B
2021-07-12T13:59:08,500.0,115.0,B
2021-07-12T13:59:08,300.0,114.9,B
2021-07-12T13:59:08,700.0,114.9,B
2021-07-12T13:59:08,200.0,114.9,B
2021-07-12T13:59:08,900.0,114.5,B
2021-07-12T13:59:08,1500.0,114.0,B
2021-07-12T13:59:08,2500.0,114.0,B
2021-07-12T13:59:08,200.0,113.8,B
2021-07-12T13:59:08,1100.0,113.8,B
2021-07-12T13:59:01,100.0,113.0,S
2021-07-12T13:58:36,500.0,113.0,S
2021-07-12T13:58:21,400.0,113.0,S
2021-07-12T13:57:59,4000.0,113.0,S
2021-07-12T13:57:57,1300.0,113.0,S
2021-07-12T13:57:56,300.0,113.0,S
2021-07-12T13:57:48,1500.0,113.0,S
2021-07-12T13:56:55,200.0,113.9,B
2021-07-12T13:56:47,4700.0,113.9,B
2021-07-12T13:56:36,1000.0,112.1,S
2021-07-12T13:56:36,200.0,112.1,S
2021-07-12T13:56:29,1400.0,112.1,S
2021-07-12T13:56:20,900.0,112.1,S
2021-07-12T13:56:20,100.0,112.3,S
2021-07-12T13:56:20,500.0,112.5,S
2021-07-12T13:56:16,300.0,112.5,S
2021-07-12T13:56:16,700.0,112.5,S
2021-07-12T13:56:14,500.0,112.5,S
2021-07-12T13:56:14,400.0,112.5,S
2021-07-12T13:56:14,300.0,112.5,S
2021-07-12T13:56:14,100.0,112.5,S
2021-07-12T13:56:08,1100.0,112.5,S
2021-07-12T13:56:01,1000.0,112.5,S
2021-07-12T13:56:01,1300.0,112.5,S
2021-07-12T13:55:54,1100.0,112.5,S
2021-07-12T13:55:25,200.0,112.6,B
2021-07-12T13:55:15,1500.0,112.6,S
2021-07-12T13:54:55,500.0,112.6,S
2021-07-12T13:54:55,200.0,113.6,B
2021-07-12T13:54:52,800.0,113.6,B
2021-07-12T13:54:52,3900.0,113.6,B
2021-07-12T13:54:24,100.0,112.6,S
2021-07-12T13:54:24,500.0,112.6,S
2021-07-12T13:54:24,400.0,112.6,S
2021-07-12T13:54:01,100.0,113.8,B
2021-07-12T13:53:19,1300.0,113.9,B
2021-07-12T13:53:19,2000.0,113.8,B
2021-07-12T13:53:07,4700.0,113.9,B
2021-07-12T13:52:59,100.0,113.9,B
2021-07-12T13:52:34,700.0,114.0,S
2021-07-12T13:52:32,4600.0,114.8,B
2021-07-12T13:52:32,100.0,114.8,B
2021-07-12T13:52:25,1000.0,114.0,S
2021-07-12T13:52:19,200.0,114.0,S
2021-07-12T13:52:13,100.0,114.0,S
2021-07-12T13:51:57,1000.0,114.0,S
2021-07-12T13:51:51,100.0,114.0,S
2021-07-12T13:51:37,2200.0,114.0,B
2021-07-12T13:50:43,200.0,114.9,B
2021-07-12T13:50:36,400.0,114.9,B
2021-07-12T13:50:36,600.0,114.9,B
2021-07-12T13:50:36,1600.0,114.9,B
2021-07-12T13:50:36,400.0,114.9,B
2021-07-12T13:50:36,1700.0,114.9,B
2021-07-12T13:49:43,1000.0,112.5,S
2021-07-12T13:49:41,500.0,112.6,S
2021-07-12T13:49:33,200.0,114.9,B
2021-07-12T13:49:25,1300.0,114.9,B
2021-07-12T13:49:25,2900.0,114.9,B
2021-07-12T13:49:25,100.0,114.8,B
2021-07-12T13:49:25,400.0,114.7,B
2021-07-12T13:49:16,300.0,114.7,B
2021-07-12T13:48:23,200.0,114.9,B
2021-07-12T13:48:21,700.0,114.9,B
2021-07-12T13:48:15,4700.0,114.9,B
2021-07-12T13:46:53,200.0,114.9,B
2021-07-12T13:46:47,3500.0,114.9,B
2021-07-12T13:46:47,1200.0,114.9,B
2021-07-12T13:46:43,500.0,112.5,S
2021-07-12T13:46:25,1300.0,112.5,S
2021-07-12T13:46:17,1200.0,112.5,S
2021-07-12T13:46:17,1600.0,112.5,S
2021-07-12T13:46:12,400.0,112.5,S
2021-07-12T13:46:12,800.0,112.5,S
2021-07-12T13:46:12,200.0,113.0,S
2021-07-12T13:46:05,1300.0,113.0,S
2021-07-12T13:46:04,300.0,113.0,S
2021-07-12T13:45:56,1000.0,113.0,S
2021-07-12T13:45:51,600.0,113.0,S
2021-07-12T13:45:51,1000.0,113.0,S
2021-07-12T13:45:51,1000.0,113.1,S
2021-07-12T13:45:44,1300.0,113.1,S
2021-07-12T13:45:37,1100.0,113.2,S
2021-07-12T13:44:53,100.0,114.9,B
2021-07-12T13:44:45,300.0,115.6,B
2021-07-12T13:44:45,2300.0,115.6,B
2021-07-12T13:44:45,300.0,114.9,B
2021-07-12T13:44:45,200.0,114.9,B
2021-07-12T13:44:42,1300.0,113.2,S
2021-07-12T13:44:42,100.0,113.5,S
2021-07-12T13:44:04,200.0,114.9,B
2021-07-12T13:44:00,4700.0,114.9,B
2021-07-12T13:43:36,100.0,114.9,B
2021-07-12T13:41:43,100.0,115.7,B
2021-07-12T13:41:41,3100.0,115.7,B
2021-07-12T13:39:56,500.0,113.8,B
2021-07-12T13:39:25,1200.0,113.1,S
2021-07-12T13:39:21,500.0,113.3,S
2021-07-12T13:39:21,600.0,113.3,S
2021-07-12T13:39:21,500.0,113.3,S
2021-07-12T13:39:20,1100.0,113.5,S
2021-07-12T13:39:12,1400.0,113.7,S
2021-07-12T13:38:40,400.0,113.9,S
2021-07-12T13:38:36,400.0,113.9,S
2021-07-12T13:38:27,300.0,115.7,B
2021-07-12T13:38:21,1600.0,113.9,S
2021-07-12T13:38:04,1300.0,115.7,B
2021-07-12T13:38:04,200.0,115.7,B
2021-07-12T13:37:15,1500.0,115.7,B
2021-07-12T13:35:53,400.0,115.9,B
2021-07-12T13:35:46,4700.0,115.9,B
2021-07-12T13:35:45,4000.0,114.0,S
2021-07-12T13:35:45,300.0,114.0,S
2021-07-12T13:35:18,100.0,115.8,B
2021-07-12T13:34:33,100.0,115.9,B
2021-07-12T13:34:25,3000.0,115.9,B
2021-07-12T13:34:23,100.0,115.9,B
2021-07-12T13:32:13,200.0,116.0,B
2021-07-12T13:32:03,2500.0,116.0,B
2021-07-12T13:32:03,600.0,116.0,B
2021-07-12T13:32:03,900.0,116.0,B
2021-07-12T13:31:47,1400.0,116.0,B
2021-07-12T13:31:33,100.0,116.0,B
2021-07-12T13:31:31,300.0,116.0,B
2021-07-12T13:31:30,1700.0,116.0,B
2021-07-12T13:29:57,800.0,113.3,S
2021-07-12T13:29:56,1300.0,113.3,S
2021-07-12T13:29:56,1600.0,113.3,S
2021-07-12T13:29:50,1400.0,113.3,S
2021-07-12T13:29:33,1500.0,116.0,B
2021-07-12T13:28:36,400.0,116.0,B
2021-07-12T13:28:06,100.0,116.0,S
2021-07-12T13:27:54,900.0,116.1,B
2021-07-12T13:27:43,1000.0,116.1,S
2021-07-12T13:27:36,1000.0,116.1,S
2021-07-12T13:27:36,200.0,116.1,S
2021-07-12T13:27:27,100.0,116.1,S
2021-07-12T13:27:21,100.0,116.1,S
2021-07-12T13:27:00,3000.0,116.1,S
2021-07-12T13:26:46,200.0,116.1,S
2021-07-12T13:26:35,1100.0,116.4,B
2021-07-12T13:26:23,100.0,116.4,B
2021-07-12T13:26:18,1000.0,116.4,B
2021-07-12T13:26:17,100.0,116.1,S
2021-07-12T13:26:16,400.0,116.4,B
2021-07-12T13:26:16,400.0,116.4,B
2021-07-12T13:26:12,100.0,116.4,B
2021-07-12T13:26:11,800.0,116.4,B
2021-07-12T13:26:07,1100.0,116.4,B
2021-07-12T13:26:06,800.0,116.4,B
2021-07-12T13:26:03,100.0,116.4,B
2021-07-12T13:25:59,800.0,116.4,B
2021-07-12T13:25:56,200.0,116.1,S
2021-07-12T13:25:53,800.0,116.4,B
2021-07-12T13:25:53,200.0,116.4,B
2021-07-12T13:25:48,400.0,116.4,B
2021-07-12T13:25:48,600.0,116.4,B
2021-07-12T13:25:42,100.0,116.1,S
2021-07-12T13:25:42,2900.0,116.1,B
2021-07-12T13:25:39,400.0,116.0,B
2021-07-12T13:25:38,1100.0,116.0,B
2021-07-12T13:25:35,100.0,116.0,B
2021-07-12T13:25:33,1200.0,116.0,B
2021-07-12T13:25:27,1200.0,116.0,B
2021-07-12T13:25:22,1400.0,115.5,B
2021-07-12T13:25:20,1200.0,113.0,B
2021-07-12T13:24:54,100.0,112.1,S
2021-07-12T13:24:52,500.0,112.1,S
2021-07-12T13:24:15,4000.0,112.0,S
2021-07-12T13:23:23,2300.0,112.1,S
2021-07-12T13:22:45,100.0,112.5,S
2021-07-12T13:21:52,1100.0,112.0,S
2021-07-12T13:21:44,1100.0,112.0,S
2021-07-12T13:21:38,1100.0,112.0,S
2021-07-12T13:21:33,2300.0,112.0,S
2021-07-12T13:21:30,300.0,112.0,S
2021-07-12T13:21:30,1200.0,112.0,S
2021-07-12T13:21:24,1000.0,112.0,S
2021-07-12T13:21:16,1400.0,112.0,S
2021-07-12T13:21:14,5100.0,113.0,S
2021-07-12T13:21:12,1600.0,113.0,S
2021-07-12T13:21:09,2300.0,113.0,S
2021-07-12T13:21:09,2800.0,113.0,S
2021-07-12T13:21:09,1400.0,112.0,S
2021-07-12T13:21:02,1100.0,112.0,S
2021-07-12T13:21:00,400.0,113.0,B
2021-07-12T13:20:55,1100.0,112.0,S
2021-07-12T13:20:51,800.0,112.0,S
2021-07-12T13:20:47,100.0,113.0,S
2021-07-12T13:20:47,1800.0,113.0,S
2021-07-12T13:20:41,1300.0,113.0,S
2021-07-12T13:20:39,800.0,113.0,S
2021-07-12T13:20:34,1100.0,113.0,B
2021-07-12T13:20:30,400.0,112.0,S
2021-07-12T13:20:30,600.0,112.0,S
2021-07-12T13:20:22,1300.0,112.0,S
2021-07-12T13:20:15,800.0,112.0,S
2021-07-12T13:20:15,400.0,112.3,S
2021-07-12T13:20:13,200.0,113.0,B
2021-07-12T13:20:12,1600.0,113.0,S
2021-07-12T13:20:08,100.0,113.0,S
2021-07-12T13:20:06,1400.0,113.0,S
2021-07-12T13:20:04,400.0,113.0,S
2021-07-12T13:20:04,100.0,114.0,S
2021-07-12T13:20:04,1600.0,114.0,S
2021-07-12T13:20:02,2300.0,114.0,S
2021-07-12T13:20:01,500.0,114.0,S
2021-07-12T13:19:58,600.0,114.0,S
2021-07-12T13:19:57,500.0,113.0,S
2021-07-12T13:19:53,200.0,113.0,S
2021-07-12T13:19:53,200.0,113.1,S
2021-07-12T13:19:53,200.0,113.1,S
2021-07-12T13:19:53,500.0,113.7,S
2021-07-12T13:19:53,400.0,114.0,S
2021-07-12T13:19:40,100.0,114.0,S
2021-07-12T13:19:35,500.0,114.0,S
2021-07-12T13:19:29,500.0,114.0,S
2021-07-12T13:19:23,500.0,114.0,S
2021-07-12T13:19:16,1300.0,114.0,S
2021-07-12T13:19:16,200.0,114.9,S
2021-07-12T13:19:03,100.0,114.9,S
2021-07-12T13:17:47,500.0,114.9,S
2021-07-12T13:17:43,400.0,114.9,S
2021-07-12T13:17:36,100.0,114.9,S
2021-07-12T13:17:34,100.0,114.0,S
2021-07-12T13:17:27,100.0,114.0,S
2021-07-12T13:17:23,100.0,114.0,S
2021-07-12T13:17:20,100.0,114.0,S
2021-07-12T13:17:14,100.0,114.0,S
2021-07-12T13:17:07,100.0,114.0,S
2021-07-12T13:17:01,100.0,114.0,S
2021-07-12T13:17:00,1000.0,114.0,S
2021-07-12T13:16:56,100.0,114.0,S
2021-07-12T13:16:46,300.0,114.0,S
2021-07-12T13:15:59,1100.0,113.0,S
2021-07-12T13:15:59,900.0,113.0,S
2021-07-12T13:15:58,1000.0,116.4,B
2021-07-12T13:15:54,1600.0,114.0,S
2021-07-12T13:15:54,500.0,114.1,S
2021-07-12T13:15:49,200.0,114.1,S
2021-07-12T13:15:48,1100.0,114.1,S
2021-07-12T13:15:42,100.0,116.3,B
2021-07-12T13:15:37,1400.0,114.1,S
2021-07-12T13:15:27,1400.0,114.2,S
2021-07-12T13:15:20,200.0,114.3,S
2021-07-12T13:15:06,800.0,116.4,B
2021-07-12T13:14:52,400.0,116.4,B
2021-07-12T13:14:24,400.0,116.4,S
2021-07-12T13:14:24,700.0,116.4,S
2021-07-12T13:14:17,100.0,116.4,S
2021-07-12T13:14:13,100.0,116.4,S
2021-07-12T13:13:58,100.0,116.4,S
2021-07-12T13:13:54,100.0,116.4,S
2021-07-12T13:13:54,1000.0,116.4,S
2021-07-12T13:13:20,5000.0,116.4,S
2021-07-12T13:12:52,1000.0,116.4,S
2021-07-12T13:12:52,100.0,116.5,B
2021-07-12T13:12:42,100.0,116.4,S
2021-07-12T13:11:53,1700.0,116.3,B
2021-07-12T13:11:52,1100.0,116.3,B
2021-07-12T13:11:37,700.0,116.3,B
2021-07-12T13:11:37,400.0,116.0,B
2021-07-12T13:11:34,200.0,116.0,B
2021-07-12T13:11:22,1300.0,116.0,B
2021-07-12T13:11:12,1000.0,115.4,B
2021-07-12T13:10:55,500.0,114.0,S
2021-07-12T13:10:53,100.0,114.0,S
2021-07-12T13:10:44,1500.0,115.6,B
2021-07-12T13:10:29,500.0,114.0,S
2021-07-12T13:10:02,400.0,114.0,S
2021-07-12T13:09:32,900.0,114.0,S
2021-07-12T13:09:20,200.0,114.0,S
2021-07-12T13:09:20,300.0,114.0,S
2021-07-12T13:09:14,200.0,114.0,S
2021-07-12T13:09:09,200.0,114.0,S
2021-07-12T13:09:06,300.0,114.0,S
2021-07-12T13:09:02,200.0,113.0,S
2021-07-12T13:08:57,100.0,113.1,S
2021-07-12T13:08:57,100.0,113.1,S
2021-07-12T13:08:51,200.0,113.5,S
2021-07-12T13:08:47,200.0,114.0,S
2021-07-12T13:08:44,1600.0,114.1,S
2021-07-12T13:08:42,200.0,115.0,S
2021-07-12T13:08:25,1000.0,115.0,S
2021-07-12T13:08:22,200.0,114.2,S
2021-07-12T13:08:16,200.0,114.2,S
2021-07-12T13:08:11,200.0,115.0,S
2021-07-12T13:08:04,200.0,115.0,S
2021-07-12T13:08:00,200.0,115.0,S
2021-07-12T13:07:58,200.0,115.0,S
2021-07-12T13:07:54,200.0,115.0,S
2021-07-12T13:07:49,200.0,115.0,S
2021-07-12T13:07:44,200.0,115.0,S
2021-07-12T13:07:40,200.0,116.0,S
2021-07-12T13:07:27,1000.0,116.0,S
2021-07-12T13:07:18,200.0,116.0,S
2021-07-12T13:07:13,200.0,116.0,S
2021-07-12T13:07:07,200.0,116.0,S
2021-07-12T13:07:01,200.0,116.0,S
2021-07-12T13:06:57,500.0,116.9,B
2021-07-12T13:06:56,200.0,116.0,S
2021-07-12T13:06:53,1000.0,116.0,S
2021-07-12T13:06:53,600.0,116.0,S
2021-07-12T13:06:52,200.0,116.0,S
2021-07-12T13:06:46,200.0,116.0,S
2021-07-12T13:06:38,200.0,116.0,S
2021-07-12T13:06:17,1600.0,116.0,S
2021-07-12T13:06:17,200.0,116.0,S
2021-07-12T13:06:12,300.0,116.0,S
2021-07-12T13:06:12,200.0,116.0,S
2021-07-12T13:06:07,300.0,116.0,S
2021-07-12T13:06:07,100.0,116.9,B
2021-07-12T13:06:04,1100.0,116.0,S
2021-07-12T13:06:04,300.0,116.0,S
2021-07-12T13:05:59,300.0,116.0,S
2021-07-12T13:05:52,200.0,116.0,S
2021-07-12T13:05:30,1600.0,116.0,S
2021-07-12T13:05:22,1800.0,116.0,S
2021-07-12T13:05:05,100.0,116.9,B
2021-07-12T13:05:04,100.0,116.9,B
2021-07-12T13:04:45,1000.0,116.9,B
2021-07-12T13:04:41,100.0,116.8,B
2021-07-12T13:04:17,700.0,116.9,B
2021-07-12T13:04:05,100.0,116.1,B
2021-07-12T13:03:55,200.0,116.0,B
2021-07-12T13:03:52,400.0,116.0,B
2021-07-12T13:03:52,200.0,116.0,B
2021-07-12T13:03:52,100.0,116.0,B
2021-07-12T13:03:52,300.0,116.0,B
2021-07-12T13:03:42,500.0,115.0,S
2021-07-12T13:03:41,1600.0,116.0,B
2021-07-12T13:03:08,1300.0,116.0,B
2021-07-12T13:02:55,1300.0,116.0,B
2021-07-12T13:02:42,1000.0,116.0,B
2021-07-12T13:02:27,800.0,116.0,B
2021-07-12T13:02:27,300.0,115.0,B
2021-07-12T13:02:12,500.0,115.0,B
2021-07-12T13:02:12,700.0,115.0,B
2021-07-12T13:02:06,100.0,115.0,B
2021-07-12T13:02:02,400.0,115.0,B
2021-07-12T13:01:58,600.0,115.0,B
2021-07-12T13:01:57,1300.0,114.9,B
2021-07-12T13:01:53,600.0,114.9,B
2021-07-12T13:01:46,600.0,114.9,B
2021-07-12T13:01:43,1100.0,114.9,B
2021-07-12T13:01:40,600.0,114.9,B
2021-07-12T13:01:35,600.0,114.9,B
2021-07-12T13:01:32,1000.0,114.9,B
2021-07-12T13:01:30,600.0,114.9,B
2021-07-12T13:01:25,100.0,114.9,B
2021-07-12T13:01:17,300.0,114.9,B
2021-07-12T13:01:15,1500.0,114.9,B
2021-07-12T13:01:14,1700.0,114.9,B
2021-07-12T13:01:14,2300.0,114.9,B
2021-07-12T13:01:14,1000.0,114.8,B
2021-07-12T13:01:10,1000.0,114.8,B
2021-07-12T13:01:07,100.0,114.8,B
2021-07-12T13:01:02,1400.0,114.8,B
2021-07-12T13:01:02,2000.0,114.8,B
2021-07-12T13:01:02,100.0,114.8,B
2021-07-12T13:00:57,500.0,114.8,B
2021-07-12T13:00:57,200.0,114.7,B
2021-07-12T13:00:57,1300.0,114.5,B
2021-07-12T13:00:46,1100.0,114.5,B
2021-07-12T13:00:37,1100.0,114.5,B
2021-07-12T13:00:25,300.0,113.2,S
2021-07-12T13:00:14,700.0,114.5,B
2021-07-12T13:00:14,300.0,114.5,B
2021-07-12T13:00:14,200.0,114.5,B
2021-07-12T13:00:12,100.0,114.5,B
2021-07-12T13:00:12,400.0,113.6,S
2021-07-12T13:00:12,100.0,114.0,S
2021-07-12T13:00:10,100.0,114.5,B
2021-07-12T13:00:06,100.0,114.5,B
2021-07-12T13:00:03,100.0,114.9,B
2021-07-12T11:29:37,1100.0,114.9,B
2021-07-12T11:29:19,1000.0,114.7,B
2021-07-12T11:28:23,1200.0,114.7,B
2021-07-12T11:28:06,400.0,113.0,S
2021-07-12T11:28:02,300.0,113.0,B
2021-07-12T11:28:02,200.0,113.0,B
2021-07-12T11:27:24,500.0,113.0,B
2021-07-12T11:27:16,1000.0,113.0,B
2021-07-12T11:27:02,400.0,113.0,B
2021-07-12T11:26:56,100.0,113.0,B
2021-07-12T11:25:40,1000.0,113.0,B
2021-07-12T11:25:18,100.0,113.0,B
2021-07-12T11:25:07,1500.0,112.0,S
2021-07-12T11:24:55,400.0,112.0,S
2021-07-12T11:24:37,1300.0,112.0,S
2021-07-12T11:24:34,600.0,112.0,S
2021-07-12T11:24:23,1400.0,112.0,S
2021-07-12T11:24:10,900.0,113.0,B
2021-07-12T11:24:06,1300.0,112.0,S
2021-07-12T11:23:56,1200.0,112.0,S
2021-07-12T11:23:51,1200.0,112.0,S
2021-07-12T11:23:51,300.0,112.2,S
2021-07-12T11:23:51,100.0,112.2,S
2021-07-12T11:23:48,500.0,113.0,B
2021-07-12T11:22:40,1300.0,112.0,S
2021-07-12T11:22:35,200.0,113.0,B
2021-07-12T11:22:33,100.0,111.2,S
2021-07-12T11:22:33,1500.0,111.2,S
2021-07-12T11:22:30,1500.0,112.0,S
2021-07-12T11:22:23,100.0,113.0,B
2021-07-12T11:22:23,400.0,112.0,S
2021-07-12T11:22:23,100.0,112.0,S
2021-07-12T11:22:23,500.0,112.1,S
2021-07-12T11:22:05,100.0,113.0,B
2021-07-12T11:22:05,1000.0,113.0,B
2021-07-12T11:22:02,6900.0,113.0,B
2021-07-12T11:22:01,2000.0,113.0,S
2021-07-12T11:21:54,1600.0,113.0,S
2021-07-12T11:21:45,300.0,113.2,S
2021-07-12T11:21:38,300.0,114.6,B
2021-07-12T11:21:37,300.0,113.2,S
2021-07-12T11:21:37,200.0,113.3,S
2021-07-12T11:20:54,300.0,113.0,S
2021-07-12T11:20:43,200.0,114.9,B
2021-07-12T11:20:17,100.0,114.9,B
2021-07-12T11:19:57,600.0,114.9,B
2021-07-12T11:19:20,200.0,114.9,B
2021-07-12T11:18:49,100.0,115.0,B
2021-07-12T11:18:12,1100.0,112.0,S
2021-07-12T11:18:03,1500.0,113.0,S
2021-07-12T11:17:50,100.0,115.0,S
2021-07-12T11:17:49,1000.0,116.0,B
2021-07-12T11:17:39,1600.0,115.0,S
2021-07-12T11:16:56,100.0,115.9,B
2021-07-12T11:16:10,1700.0,116.0,B
2021-07-12T11:15:47,1400.0,116.0,B
2021-07-12T11:15:43,2200.0,115.0,S
2021-07-12T11:15:36,100.0,115.0,B
2021-07-12T11:15:24,100.0,115.0,B
2021-07-12T11:15:21,1500.0,115.0,B
2021-07-12T11:15:10,1000.0,115.0,B
2021-07-12T11:14:57,200.0,114.0,S
2021-07-12T11:14:39,2000.0,115.0,B
2021-07-12T11:14:17,4800.0,115.0,B
2021-07-12T11:14:15,100.0,113.7,B
2021-07-12T11:14:14,200.0,114.0,B
2021-07-12T11:14:05,100.0,114.9,B
2021-07-12T11:14:01,900.0,114.0,S
2021-07-12T11:13:53,1000.0,114.0,S
2021-07-12T11:13:51,100.0,114.0,S
2021-07-12T11:13:47,1200.0,114.0,B
2021-07-12T11:13:30,100.0,114.0,B
2021-07-12T11:13:28,100.0,114.0,S
2021-07-12T11:13:08,1100.0,114.0,B
2021-07-12T11:12:54,900.0,113.0,S
2021-07-12T11:12:53,4100.0,113.0,S
2021-07-12T11:12:46,100.0,113.5,B
2021-07-12T11:12:27,100.0,113.8,B
2021-07-12T11:12:13,100.0,113.0,S
2021-07-12T11:12:00,100.0,113.0,S
2021-07-12T11:11:50,400.0,113.0,B
2021-07-12T11:11:48,100.0,113.0,B
2021-07-12T11:11:46,1000.0,113.0,B
2021-07-12T11:11:46,100.0,113.0,B
2021-07-12T11:11:46,100.0,113.0,B
2021-07-12T11:11:44,200.0,113.0,B
2021-07-12T11:11:44,800.0,113.0,B
2021-07-12T11:11:37,2100.0,113.0,B
2021-07-12T11:11:31,100.0,113.0,B
2021-07-12T11:11:28,100.0,113.0,B
2021-07-12T11:11:26,2000.0,113.0,B
2021-07-12T11:10:56,1000.0,113.0,B
2021-07-12T11:10:53,1000.0,113.0,B
2021-07-12T11:10:53,100.0,112.0,S
2021-07-12T11:10:42,1200.0,113.0,B
2021-07-12T11:10:31,100.0,112.0,S
2021-07-12T11:10:30,300.0,112.0,S
2021-07-12T11:10:30,1000.0,113.0,B
2021-07-12T11:10:28,400.0,112.0,S
2021-07-12T11:10:13,5000.0,112.0,S
2021-07-12T11:10:07,1000.0,112.9,B
2021-07-12T11:10:01,100.0,112.1,S
2021-07-12T11:09:38,1000.0,112.0,S
2021-07-12T11:09:36,200.0,112.9,B
2021-07-12T11:09:30,1000.0,112.0,S
2021-07-12T11:09:29,1200.0,112.9,B
2021-07-12T11:09:14,2000.0,112.0,S
2021-07-12T11:08:51,200.0,111.2,S
2021-07-12T11:08:34,100.0,111.1,S
2021-07-12T11:08:34,1000.0,111.1,S
2021-07-12T11:08:14,500.0,111.1,S
2021-07-12T11:08:08,500.0,113.0,B
2021-07-12T11:08:04,100.0,113.0,B
2021-07-12T11:08:01,100.0,111.1,S
2021-07-12T11:08:01,200.0,111.1,S
2021-07-12T11:07:58,200.0,111.1,S
2021-07-12T11:07:17,2000.0,111.1,S
2021-07-12T11:07:05,300.0,111.0,S
2021-07-12T11:07:04,2700.0,111.0,B
2021-07-12T11:06:55,200.0,109.6,S
2021-07-12T11:06:50,1500.0,109.6,S
2021-07-12T11:06:50,3000.0,109.6,S
2021-07-12T11:06:49,1000.0,109.7,S
2021-07-12T11:06:49,500.0,109.7,S
2021-07-12T11:06:46,700.0,110.0,B
2021-07-12T11:06:45,100.0,110.0,B
2021-07-12T11:06:41,1100.0,109.7,S
2021-07-12T11:06:36,200.0,110.0,B
2021-07-12T11:06:35,100.0,110.0,B
2021-07-12T11:06:35,600.0,110.0,B
2021-07-12T11:06:34,1000.0,109.7,S
2021-07-12T11:06:33,200.0,110.0,B
2021-07-12T11:06:31,3000.0,109.7,S
2021-07-12T11:06:26,700.0,110.0,B
2021-07-12T11:06:25,1100.0,109.7,S
2021-07-12T11:06:17,1400.0,109.6,S
2021-07-12T11:06:09,1600.0,109.8,S
2021-07-12T11:06:09,1100.0,109.8,S
2021-07-12T11:06:07,2000.0,109.8,S
2021-07-12T11:06:01,1100.0,109.6,S
2021-07-12T11:05:58,1100.0,110.0,B
2021-07-12T11:05:35,700.0,109.6,S
2021-07-12T11:05:28,300.0,109.5,S
2021-07-12T11:05:28,300.0,109.5,S
2021-07-12T11:05:00,100.0,109.5,S
2021-07-12T11:04:41,400.0,109.5,S
2021-07-12T11:04:36,100.0,109.5,S
2021-07-12T11:04:31,1300.0,109.5,S
2021-07-12T11:04:30,100.0,110.0,B
2021-07-12T11:04:26,1600.0,109.5,S
2021-07-12T11:04:24,1100.0,109.5,S
2021-07-12T11:04:20,300.0,109.5,S
2021-07-12T11:04:14,1300.0,109.5,S
2021-07-12T11:04:13,3900.0,110.0,B
2021-07-12T11:04:13,100.0,110.0,B
2021-07-12T11:04:13,4000.0,110.0,B
2021-07-12T11:04:13,1600.0,109.5,S
2021-07-12T11:04:10,1200.0,109.5,S
2021-07-12T11:04:07,500.0,110.0,B
2021-07-12T11:04:07,1400.0,109.5,S
2021-07-12T11:04:07,1600.0,109.5,S
2021-07-12T11:04:01,100.0,110.0,B
2021-07-12T11:03:56,100.0,110.0,B
2021-07-12T11:03:53,100.0,110.0,B
2021-07-12T11:03:52,1000.0,110.0,B
2021-07-12T11:03:35,400.0,110.0,B
2021-07-12T11:03:31,500.0,110.0,B
2021-07-12T11:03:31,100.0,110.0,B
2021-07-12T11:03:29,1100.0,110.0,S
2021-07-12T11:03:29,7500.0,110.0,S
2021-07-12T11:03:29,3200.0,110.0,S
2021-07-12T11:03:26,200.0,110.1,B
2021-07-12T11:03:25,1000.0,110.0,S
2021-07-12T11:03:20,1300.0,110.1,S
2021-07-12T11:03:18,3000.0,110.1,S
2021-07-12T11:03:16,100.0,110.1,S
2021-07-12T11:03:08,600.0,110.1,S
2021-07-12T11:03:02,100.0,110.1,S
2021-07-12T11:02:49,100.0,110.1,S
2021-07-12T11:02:44,500.0,110.0,S
2021-07-12T11:02:38,500.0,110.0,S
2021-07-12T11:02:33,500.0,111.0,B
2021-07-12T11:02:30,600.0,110.0,S
2021-07-12T11:02:30,500.0,110.0,S
2021-07-12T11:02:23,1300.0,110.1,S
2021-07-12T11:02:22,1600.0,110.1,S
2021-07-12T11:02:14,1400.0,110.0,S
2021-07-12T11:02:11,700.0,110.0,S
2021-07-12T11:02:11,500.0,110.0,S
2021-07-12T11:02:11,3900.0,110.0,S
2021-07-12T11:02:11,1400.0,110.0,S
2021-07-12T11:02:07,1600.0,111.0,S
2021-07-12T11:02:05,1400.0,111.0,S
2021-07-12T11:02:02,1600.0,111.0,S
2021-07-12T11:02:00,200.0,112.8,B
2021-07-12T11:01:59,1100.0,112.0,S
2021-07-12T11:01:51,100.0,113.0,B
2021-07-12T11:01:51,400.0,112.0,S
2021-07-12T11:01:50,100.0,111.0,S
2021-07-12T11:01:50,600.0,111.1,S
2021-07-12T11:01:50,500.0,112.0,S
2021-07-12T11:01:44,100.0,113.0,B
2021-07-12T11:01:42,400.0,113.0,B
2021-07-12T11:01:41,500.0,113.0,B
2021-07-12T11:01:41,100.0,113.0,B
2021-07-12T11:01:39,1400.0,112.1,S
2021-07-12T11:01:38,300.0,113.0,B
2021-07-12T11:01:38,1700.0,113.0,B
2021-07-12T11:01:29,2200.0,113.0,S
2021-07-12T11:01:26,2400.0,113.0,S
2021-07-12T11:01:26,800.0,113.0,S
2021-07-12T11:01:22,300.0,113.0,S
2021-07-12T11:01:17,1100.0,113.0,S
2021-07-12T11:01:11,1900.0,113.0,S
2021-07-12T11:01:10,200.0,113.8,S
2021-07-12T11:00:49,100.0,113.8,S
2021-07-12T11:00:29,500.0,113.9,S
2021-07-12T11:00:28,200.0,113.9,S
2021-07-12T11:00:00,100.0,113.9,B
2021-07-12T10:59:32,300.0,114.0,B
2021-07-12T10:59:26,1400.0,115.0,B
2021-07-12T10:58:59,200.0,114.0,S
2021-07-12T10:58:56,1000.0,114.0,B
2021-07-12T10:58:39,100.0,114.0,S
2021-07-12T10:58:39,1300.0,114.0,S
2021-07-12T10:58:39,500.0,114.0,S
2021-07-12T10:58:39,200.0,114.0,S
2021-07-12T10:58:39,2100.0,114.0,S
2021-07-12T10:58:39,7200.0,114.0,S
2021-07-12T10:58:39,1100.0,114.0,S
2021-07-12T10:58:39,1800.0,114.0,S
2021-07-12T10:58:39,2400.0,114.1,S
2021-07-12T10:58:39,600.0,114.1,S
2021-07-12T10:58:39,1700.0,114.2,S
2021-07-12T10:58:18,4000.0,114.2,S
2021-07-12T10:57:50,5000.0,114.2,S
2021-07-12T10:57:49,200.0,114.6,B
2021-07-12T10:57:47,100.0,114.5,S
2021-07-12T10:57:47,2200.0,114.5,S
2021-07-12T10:57:39,200.0,114.6,B
2021-07-12T10:57:35,600.0,114.6,S
2021-07-12T10:57:18,700.0,114.6,S
2021-07-12T10:57:18,2000.0,114.6,S
2021-07-12T10:57:17,1900.0,115.0,B
2021-07-12T10:57:04,400.0,114.6,S
2021-07-12T10:57:01,100.0,114.6,S
2021-07-12T10:56:41,200.0,114.6,S
2021-07-12T10:56:19,2000.0,114.6,S
2021-07-12T10:56:12,100.0,115.0,B
2021-07-12T10:56:09,1400.0,114.6,S
2021-07-12T10:56:08,100.0,114.6,S
2021-07-12T10:56:02,1200.0,114.6,S
2021-07-12T10:55:58,100.0,115.0,B
2021-07-12T10:55:58,400.0,114.7,S
2021-07-12T10:55:58,1600.0,114.7,S
2021-07-12T10:55:57,13500.0,115.0,S
2021-07-12T10:55:57,1400.0,115.0,S
2021-07-12T10:55:55,400.0,115.0,S
2021-07-12T10:55:52,1300.0,115.0,S
2021-07-12T10:55:50,400.0,115.0,S
2021-07-12T10:55:46,100.0,115.5,B
2021-07-12T10:55:43,3000.0,115.0,S
2021-07-12T10:55:36,900.0,115.5,S
2021-07-12T10:55:19,100.0,115.5,S
2021-07-12T10:55:19,3400.0,115.5,S
2021-07-12T10:55:07,1000.0,115.7,S
2021-07-12T10:54:33,200.0,115.7,S
2021-07-12T10:54:20,200.0,116.0,B
2021-07-12T10:54:09,200.0,116.0,B
2021-07-12T10:54:09,800.0,116.0,B
2021-07-12T10:53:50,100.0,116.0,B
2021-07-12T10:53:17,400.0,115.7,S
2021-07-12T10:53:08,1000.0,115.7,S
2021-07-12T10:52:27,300.0,115.7,S
2021-07-12T10:52:23,300.0,116.0,B
2021-07-12T10:52:02,400.0,115.7,S
2021-07-12T10:52:01,400.0,116.0,S
2021-07-12T10:51:56,1500.0,116.0,S
2021-07-12T10:51:50,9000.0,116.0,S
2021-07-12T10:51:45,200.0,116.0,S
2021-07-12T10:51:42,300.0,116.0,S
2021-07-12T10:51:37,300.0,116.0,S
2021-07-12T10:51:33,200.0,116.0,S
2021-07-12T10:51:30,1500.0,116.0,S
2021-07-12T10:51:25,200.0,116.0,S
2021-07-12T10:51:21,1000.0,116.0,S
2021-07-12T10:51:21,200.0,116.0,S
2021-07-12T10:51:18,100.0,116.0,S
2021-07-12T10:51:17,1600.0,116.0,S
2021-07-12T10:51:12,100.0,116.0,S
2021-07-12T10:51:00,2400.0,116.0,S
2021-07-12T10:50:53,1400.0,116.1,S
2021-07-12T10:50:30,300.0,116.5,B
2021-07-12T10:50:20,600.0,116.1,S
2021-07-12T10:50:20,1000.0,116.2,S
2021-07-12T10:49:58,400.0,116.2,S
2021-07-12T10:49:24,200.0,116.0,S
2021-07-12T10:49:21,400.0,116.2,S
2021-07-12T10:49:21,100.0,116.2,B
2021-07-12T10:48:30,500.0,116.0,S
2021-07-12T10:48:12,1000.0,116.2,B
2021-07-12T10:48:12,100.0,116.0,S
2021-07-12T10:48:07,1000.0,116.2,B
2021-07-12T10:48:05,100.0,116.2,B
2021-07-12T10:47:58,500.0,116.0,S
2021-07-12T10:47:43,1000.0,116.2,B
2021-07-12T10:47:37,200.0,116.0,S
2021-07-12T10:47:28,600.0,116.2,S
2021-07-12T10:47:24,200.0,116.2,B
2021-07-12T10:47:16,1600.0,116.0,S
2021-07-12T10:47:07,400.0,116.2,B
2021-07-12T10:47:02,200.0,116.2,B
2021-07-12T10:46:57,100.0,116.2,B
2021-07-12T10:46:42,1500.0,116.2,B
2021-07-12T10:46:37,200.0,116.2,B
2021-07-12T10:46:34,500.0,116.2,S
2021-07-12T10:46:07,100.0,116.2,S
2021-07-12T10:45:57,500.0,116.9,B
2021-07-12T10:45:44,200.0,116.2,S
2021-07-12T10:45:39,200.0,116.2,S
2021-07-12T10:45:37,100.0,116.2,S
2021-07-12T10:45:11,100.0,116.2,S
2021-07-12T10:44:52,2000.0,116.0,S
2021-07-12T10:44:49,100.0,116.9,B
2021-07-12T10:44:49,1300.0,116.0,S
2021-07-12T10:44:28,500.0,116.0,S
2021-07-12T10:43:58,500.0,116.0,S
2021-07-12T10:43:58,1100.0,116.5,S
2021-07-12T10:43:49,200.0,116.9,B
2021-07-12T10:43:43,100.0,116.9,B
2021-07-12T10:43:25,200.0,116.9,B
2021-07-12T10:43:08,200.0,116.9,B
2021-07-12T10:43:05,100.0,116.9,B
2021-07-12T10:43:04,100.0,116.9,B
2021-07-12T10:43:00,300.0,116.9,B
2021-07-12T10:42:54,100.0,116.9,B
2021-07-12T10:42:26,200.0,116.9,B
2021-07-12T10:42:04,400.0,116.9,B
2021-07-12T10:41:47,2400.0,116.9,B
2021-07-12T10:41:28,1000.0,116.9,B
2021-07-12T10:41:27,300.0,116.9,B
2021-07-12T10:41:20,100.0,116.0,S
2021-07-12T10:41:01,2000.0,116.9,B
2021-07-12T10:40:50,500.0,116.0,S
2021-07-12T10:40:50,900.0,116.3,S
2021-07-12T10:40:50,200.0,116.7,S
2021-07-12T10:40:47,600.0,116.9,B
2021-07-12T10:40:27,100.0,116.7,S
2021-07-12T10:40:01,7500.0,116.5,S
2021-07-12T10:40:00,100.0,116.9,B
2021-07-12T10:39:55,100.0,116.9,B
2021-07-12T10:39:54,3500.0,116.5,S
2021-07-12T10:39:54,2100.0,116.5,S
2021-07-12T10:39:54,100.0,116.6,S
2021-07-12T10:39:30,100.0,116.6,B
2021-07-12T10:39:12,200.0,116.6,B
2021-07-12T10:39:11,300.0,116.5,S
2021-07-12T10:38:42,200.0,116.5,S
2021-07-12T10:38:42,300.0,116.5,S
2021-07-12T10:38:41,1000.0,117.0,B
2021-07-12T10:38:40,100.0,116.5,S
2021-07-12T10:38:39,1100.0,117.0,B
2021-07-12T10:38:26,200.0,116.5,S
2021-07-12T10:38:06,100.0,117.0,B
2021-07-12T10:37:54,1400.0,117.0,B
2021-07-12T10:37:43,2000.0,117.0,B
2021-07-12T10:37:37,2000.0,117.0,B
2021-07-12T10:36:49,1100.0,117.0,B
2021-07-12T10:36:12,500.0,116.1,S
2021-07-12T10:36:05,100.0,117.0,B
2021-07-12T10:35:28,1100.0,117.0,B
2021-07-12T10:35:25,500.0,116.0,S
2021-07-12T10:35:20,100.0,117.0,B
2021-07-12T10:34:53,500.0,116.0,S
2021-07-12T10:34:46,1600.0,117.1,B
2021-07-12T10:34:42,100.0,116.0,B
2021-07-12T10:34:42,1000.0,116.0,B
2021-07-12T10:34:41,800.0,116.0,B
2021-07-12T10:34:34,200.0,116.0,B
2021-07-12T10:34:32,100.0,116.0,B
2021-07-12T10:34:27,800.0,116.0,B
2021-07-12T10:34:22,800.0,116.0,B
2021-07-12T10:34:12,500.0,115.5,S
2021-07-12T10:34:06,1300.0,116.0,B
2021-07-12T10:33:59,200.0,115.5,S
2021-07-12T10:33:35,100.0,117.1,B
2021-07-12T10:33:19,1000.0,115.0,S
2021-07-12T10:33:18,400.0,115.0,S
2021-07-12T10:33:12,400.0,115.0,S
2021-07-12T10:33:12,1100.0,116.5,B
2021-07-12T10:32:51,500.0,115.0,S
2021-07-12T10:32:45,200.0,115.0,S
2021-07-12T10:32:45,1600.0,115.0,S
2021-07-12T10:32:45,300.0,115.0,S
2021-07-12T10:32:45,3100.0,115.5,S
2021-07-12T10:32:32,300.0,115.5,S
2021-07-12T10:32:27,200.0,115.5,S
2021-07-12T10:32:27,100.0,115.5,S
2021-07-12T10:32:26,100.0,115.5,S
2021-07-12T10:32:17,100.0,115.5,S
2021-07-12T10:32:13,1700.0,116.0,B
2021-07-12T10:31:59,100.0,115.5,S
2021-07-12T10:31:47,500.0,115.5,S
2021-07-12T10:31:41,100.0,115.5,S
2021-07-12T10:31:27,500.0,115.0,S
2021-07-12T10:31:26,400.0,114.5,S
2021-07-12T10:31:25,2500.0,115.0,S
2021-07-12T10:31:22,1600.0,115.0,S
2021-07-12T10:31:14,1100.0,115.2,S
2021-07-12T10:31:14,100.0,115.2,S
2021-07-12T10:31:08,300.0,115.0,S
2021-07-12T10:31:06,400.0,115.0,B
2021-07-12T10:31:06,1400.0,114.1,S
2021-07-12T10:30:57,1300.0,114.2,S
2021-07-12T10:30:49,1500.0,114.1,S
2021-07-12T10:30:45,4000.0,115.0,S
2021-07-12T10:30:45,2000.0,115.0,S
2021-07-12T10:30:44,300.0,115.0,S
2021-07-12T10:30:44,100.0,115.0,S
2021-07-12T10:30:44,1200.0,115.0,S
2021-07-12T10:30:40,1300.0,115.0,S
2021-07-12T10:30:36,500.0,115.0,S
2021-07-12T10:30:33,100.0,115.1,S
2021-07-12T10:30:33,900.0,115.1,S
2021-07-12T10:30:32,1500.0,116.0,S
2021-07-12T10:30:32,2300.0,116.0,S
2021-07-12T10:30:31,1600.0,116.0,S
2021-07-12T10:30:30,100.0,116.0,S
2021-07-12T10:30:27,2100.0,116.0,B
2021-07-12T10:30:24,1100.0,115.6,S
2021-07-12T10:30:22,200.0,115.6,S
2021-07-12T10:30:19,400.0,115.6,S
2021-07-12T10:30:17,300.0,116.0,B
2021-07-12T10:30:17,2600.0,116.0,S
2021-07-12T10:30:16,1100.0,116.0,S
2021-07-12T10:30:15,400.0,116.0,S
2021-07-12T10:30:13,100.0,116.0,S
2021-07-12T10:30:13,300.0,116.0,S
2021-07-12T10:30:10,6000.0,116.0,S
2021-07-12T10:30:10,4800.0,116.0,S
2021-07-12T10:30:10,1300.0,116.0,S
2021-07-12T10:30:10,500.0,116.0,S
2021-07-12T10:30:10,400.0,116.2,S
2021-07-12T10:30:06,1300.0,116.2,S
2021-07-12T10:30:05,400.0,116.2,S
2021-07-12T10:29:57,1400.0,116.2,S
2021-07-12T10:29:46,400.0,116.5,S
2021-07-12T10:29:45,100.0,116.5,S
2021-07-12T10:29:42,400.0,116.5,S
2021-07-12T10:29:37,400.0,116.3,S
2021-07-12T10:29:32,1400.0,116.3,S
2021-07-12T10:29:32,400.0,116.3,S
2021-07-12T10:29:32,1000.0,116.3,S
2021-07-12T10:29:32,600.0,116.5,S
2021-07-12T10:29:32,100.0,116.5,S
2021-07-12T10:29:32,400.0,116.5,S
2021-07-12T10:29:32,200.0,116.5,S
2021-07-12T10:29:17,1100.0,116.5,S
2021-07-12T10:29:17,400.0,116.8,S
2021-07-12T10:29:12,400.0,116.9,S
2021-07-12T10:29:10,800.0,116.9,S
2021-07-12T10:29:10,800.0,116.9,S
2021-07-12T10:29:09,1400.0,117.0,S
2021-07-12T10:29:09,400.0,117.0,S
2021-07-12T10:29:05,400.0,117.0,S
2021-07-12T10:29:01,200.0,117.1,B
2021-07-12T10:28:56,1200.0,117.0,S
2021-07-12T10:28:56,2000.0,117.0,S
2021-07-12T10:28:54,300.0,117.1,B
2021-07-12T10:28:54,2000.0,117.1,B
2021-07-12T10:28:48,1000.0,117.0,S
2021-07-12T10:28:46,400.0,117.1,S
2021-07-12T10:28:40,400.0,117.1,S
2021-07-12T10:28:36,400.0,117.1,S
2021-07-12T10:28:33,1400.0,117.1,S
2021-07-12T10:28:33,1600.0,117.3,S
2021-07-12T10:28:32,400.0,117.3,S
2021-07-12T10:28:15,1300.0,118.5,S
2021-07-12T10:28:05,200.0,118.5,S
2021-07-12T10:28:00,300.0,117.5,S
2021-07-12T10:27:54,300.0,117.5,S
2021-07-12T10:27:45,800.0,117.5,S
2021-07-12T10:27:42,300.0,117.5,S
2021-07-12T10:27:39,300.0,117.5,S
2021-07-12T10:27:33,200.0,117.5,S
2021-07-12T10:27:33,1200.0,118.0,S
2021-07-12T10:27:33,200.0,118.0,S
2021-07-12T10:27:32,1100.0,118.0,S
2021-07-12T10:27:31,200.0,118.0,S
2021-07-12T10:27:27,500.0,118.0,S
2021-07-12T10:26:33,100.0,118.1,S
2021-07-12T10:26:30,400.0,118.1,S
2021-07-12T10:26:24,400.0,118.1,S
2021-07-12T10:26:19,300.0,119.0,B
2021-07-12T10:26:19,1600.0,118.1,S
2021-07-12T10:26:13,400.0,118.1,S
2021-07-12T10:26:08,300.0,118.1,S
2021-07-12T10:26:06,200.0,119.0,B
2021-07-12T10:26:00,1300.0,118.0,S
2021-07-12T10:25:56,600.0,118.7,S
2021-07-12T10:25:56,1000.0,118.8,S
2021-07-12T10:25:35,900.0,119.0,S
2021-07-12T10:25:23,100.0,119.0,S
2021-07-12T10:25:22,200.0,119.0,S
2021-07-12T10:24:57,800.0,119.0,S
2021-07-12T10:24:57,600.0,119.0,S
2021-07-12T10:24:57,200.0,119.1,S
2021-07-12T10:24:14,100.0,119.1,B
2021-07-12T10:24:06,1000.0,119.1,B
2021-07-12T10:24:03,500.0,119.1,B
2021-07-12T10:23:49,100.0,119.1,B
2021-07-12T10:23:33,100.0,119.0,S
2021-07-12T10:23:29,100.0,119.1,B
2021-07-12T10:23:23,100.0,119.1,B
2021-07-12T10:23:12,1000.0,119.1,B
2021-07-12T10:23:09,300.0,119.1,B
2021-07-12T10:22:32,100.0,119.1,B
2021-07-12T10:22:23,300.0,119.1,B
2021-07-12T10:22:21,500.0,119.1,B
2021-07-12T10:22:12,100.0,119.1,B
2021-07-12T10:21:54,100.0,119.0,S
2021-07-12T10:21:53,1000.0,119.0,S
2021-07-12T10:21:52,100.0,119.1,B
2021-07-12T10:21:44,100.0,119.0,B
2021-07-12T10:21:37,1000.0,119.0,B
2021-07-12T10:21:37,500.0,119.0,B
2021-07-12T10:21:15,1000.0,119.0,B
2021-07-12T10:21:00,500.0,118.7,S
2021-07-12T10:20:39,1600.0,119.0,B
2021-07-12T10:20:38,4800.0,119.0,B
2021-07-12T10:20:35,1000.0,119.0,S
2021-07-12T10:20:28,2000.0,119.0,S
2021-07-12T10:20:22,100.0,119.0,S
2021-07-12T10:20:21,300.0,119.0,S
2021-07-12T10:20:20,300.0,119.1,B
2021-07-12T10:20:18,2000.0,119.0,S
2021-07-12T10:20:13,500.0,119.0,B
2021-07-12T10:20:13,200.0,119.0,B
2021-07-12T10:20:13,300.0,119.0,B
2021-07-12T10:20:13,200.0,119.0,B
2021-07-12T10:20:13,200.0,119.0,B
2021-07-12T10:20:13,1800.0,119.0,B
2021-07-12T10:20:13,2500.0,119.0,B
2021-07-12T10:20:13,500.0,119.0,B
2021-07-12T10:20:13,3600.0,119.0,B
2021-07-12T10:20:13,9000.0,119.0,B
2021-07-12T10:20:11,2000.0,118.9,S
2021-07-12T10:20:07,30000.0,119.0,B
2021-07-12T10:20:02,1300.0,119.0,B
2021-07-12T10:19:56,2300.0,119.0,B
2021-07-12T10:19:33,2000.0,118.9,S
2021-07-12T10:19:33,2300.0,119.0,B
2021-07-12T10:19:03,800.0,119.0,B
2021-07-12T10:19:01,1600.0,119.0,B
2021-07-12T10:18:58,800.0,119.0,B
2021-07-12T10:18:55,300.0,118.9,S
2021-07-12T10:18:52,800.0,119.0,B
2021-07-12T10:18:51,200.0,118.9,S
2021-07-12T10:18:49,2000.0,118.9,S
2021-07-12T10:18:46,800.0,119.0,B
2021-07-12T10:18:42,400.0,118.9,S
2021-07-12T10:18:41,2300.0,119.0,B
2021-07-12T10:18:39,700.0,119.0,B
2021-07-12T10:18:39,100.0,119.0,B
2021-07-12T10:18:22,3300.0,118.9,B
2021-07-12T10:18:11,2300.0,118.9,B
2021-07-12T10:18:00,2300.0,118.9,B
2021-07-12T10:17:57,100.0,118.7,S
2021-07-12T10:17:48,2300.0,118.9,B
2021-07-12T10:17:38,2300.0,118.9,B
2021-07-12T10:17:38,800.0,118.9,B
2021-07-12T10:17:34,800.0,118.9,B
2021-07-12T10:17:28,800.0,118.9,B
2021-07-12T10:17:23,800.0,118.9,B
2021-07-12T10:17:16,800.0,118.9,B
2021-07-12T10:16:48,1100.0,118.9,B
2021-07-12T10:16:43,800.0,118.9,B
2021-07-12T10:16:37,800.0,118.9,B
2021-07-12T10:16:35,2300.0,118.9,B
2021-07-12T10:16:32,600.0,118.8,B
2021-07-12T10:16:32,200.0,118.8,B
2021-07-12T10:16:27,800.0,118.8,B
2021-07-12T10:16:21,800.0,118.7,B
2021-07-12T10:16:04,800.0,118.5,B
2021-07-12T10:16:03,1100.0,118.1,B
2021-07-12T10:15:57,800.0,118.1,B
2021-07-12T10:15:52,800.0,118.0,B
2021-07-12T10:15:52,2300.0,118.0,B
2021-07-12T10:15:47,800.0,118.0,B
2021-07-12T10:15:42,800.0,118.0,B
2021-07-12T10:15:41,2300.0,118.0,B
2021-07-12T10:14:50,1000.0,118.0,B
2021-07-12T10:14:35,2300.0,118.0,B
2021-07-12T10:14:18,1500.0,118.0,B
2021-07-12T10:13:33,2300.0,118.0,B
2021-07-12T10:13:22,1600.0,118.0,S
2021-07-12T10:13:17,1000.0,118.0,S
2021-07-12T10:13:16,2400.0,118.0,S
2021-07-12T10:13:03,2500.0,118.0,S
2021-07-12T10:12:28,100.0,118.1,B
2021-07-12T10:11:40,300.0,118.1,B
2021-07-12T10:11:24,100.0,118.1,S
2021-07-12T10:10:02,100.0,118.1,S
2021-07-12T10:09:30,1500.0,118.8,B
2021-07-12T10:08:40,400.0,118.1,S
2021-07-12T10:08:14,4000.0,118.0,S
2021-07-12T10:08:03,2200.0,118.0,S
2021-07-12T10:07:30,100.0,118.2,S
2021-07-12T10:07:22,300.0,118.2,S
2021-07-12T10:07:01,100.0,118.8,B
2021-07-12T10:07:01,100.0,118.8,B
2021-07-12T10:06:29,100.0,118.8,B
2021-07-12T10:06:23,1000.0,118.0,S
2021-07-12T10:06:09,11500.0,118.0,S
2021-07-12T10:06:01,100.0,118.0,S
2021-07-12T10:05:19,1200.0,118.0,S
2021-07-12T10:04:57,300.0,118.0,S
2021-07-12T10:04:57,1700.0,118.0,S
2021-07-12T10:04:43,100.0,118.9,B
2021-07-12T10:04:42,600.0,118.1,S
2021-07-12T10:04:39,100.0,118.9,B
2021-07-12T10:03:57,100.0,118.1,S
2021-07-12T10:03:48,1000.0,118.1,S
2021-07-12T10:02:51,4600.0,118.1,S
2021-07-12T10:02:11,500.0,119.0,B
2021-07-12T10:01:54,1000.0,119.0,B
2021-07-12T10:01:54,100.0,118.9,S
2021-07-12T10:01:51,500.0,119.0,B
2021-07-12T10:01:40,200.0,118.9,S
2021-07-12T10:01:29,100.0,118.9,S
2021-07-12T10:01:27,3400.0,119.0,S
2021-07-12T10:01:18,100.0,119.0,S
2021-07-12T10:01:17,100.0,119.1,B
2021-07-12T10:01:04,100.0,119.0,S
2021-07-12T10:00:51,100.0,119.0,B
2021-07-12T10:00:51,7600.0,119.0,B
2021-07-12T10:00:08,400.0,119.0,S
2021-07-12T10:00:06,100.0,119.0,S
2021-07-12T10:00:01,300.0,119.0,S
2021-07-12T09:59:57,1000.0,119.0,S
2021-07-12T09:59:52,300.0,119.0,S
2021-07-12T09:59:40,3800.0,119.0,B
2021-07-12T09:59:40,2200.0,119.0,B
2021-07-12T09:59:37,500.0,119.0,B
2021-07-12T09:59:23,17600.0,119.0,B
2021-07-12T09:59:23,1900.0,119.0,B
2021-07-12T09:59:23,800.0,119.0,B
2021-07-12T09:59:23,400.0,119.0,B
2021-07-12T09:59:23,200.0,119.0,B
2021-07-12T09:59:23,2500.0,119.0,B
2021-07-12T09:59:23,200.0,119.0,B
2021-07-12T09:59:23,2300.0,119.0,B
2021-07-12T09:59:23,100.0,119.0,B
2021-07-12T09:59:23,300.0,119.0,B
2021-07-12T09:59:23,100.0,119.0,B
2021-07-12T09:59:23,2800.0,119.0,B
2021-07-12T09:59:23,2000.0,119.0,B
2021-07-12T09:59:23,700.0,119.0,B
2021-07-12T09:59:23,700.0,119.0,B
2021-07-12T09:59:23,8000.0,119.0,B
2021-07-12T09:59:23,200.0,119.0,B
2021-07-12T09:59:23,2700.0,119.0,B
2021-07-12T09:59:23,200.0,119.0,B
2021-07-12T09:59:23,200.0,119.0,B
2021-07-12T09:59:23,600.0,119.0,B
2021-07-12T09:59:23,6000.0,119.0,B
2021-07-12T09:59:23,1100.0,119.0,B
2021-07-12T09:59:08,200.0,119.0,B
2021-07-12T09:59:08,7800.0,119.0,B
2021-07-12T09:59:06,500.0,118.9,B
2021-07-12T09:58:37,2000.0,118.9,B
2021-07-12T09:58:37,1500.0,118.9,B
2021-07-12T09:58:37,4500.0,118.9,B
2021-07-12T09:58:31,900.0,118.9,B
2021-07-12T09:58:31,100.0,118.9,B
2021-07-12T09:58:31,600.0,118.8,B
2021-07-12T09:58:31,1600.0,118.6,B
2021-07-12T09:57:37,2400.0,118.5,B
2021-07-12T09:57:37,800.0,118.2,B
2021-07-12T09:56:58,200.0,118.2,S
2021-07-12T09:56:45,600.0,118.2,B
2021-07-12T09:55:59,400.0,117.3,S
2021-07-12T09:55:47,100.0,118.2,B
2021-07-12T09:54:43,100.0,118.2,B
2021-07-12T09:54:26,100.0,118.6,B
2021-07-12T09:54:22,100.0,118.5,S
2021-07-12T09:54:20,100.0,117.9,B
2021-07-12T09:54:04,1000.0,118.6,B
2021-07-12T09:54:01,1000.0,118.5,B
2021-07-12T09:53:59,900.0,118.5,B
2021-07-12T09:53:59,300.0,118.5,B
2021-07-12T09:53:59,1100.0,118.5,B
2021-07-12T09:53:57,2000.0,118.3,B
2021-07-12T09:53:55,200.0,118.3,B
2021-07-12T09:53:53,3200.0,118.3,B
2021-07-12T09:53:52,2300.0,118.3,S
2021-07-12T09:53:51,2200.0,118.3,S
2021-07-12T09:53:48,2300.0,118.5,B
2021-07-12T09:53:47,100.0,118.3,S
2021-07-12T09:53:43,6000.0,118.5,B
2021-07-12T09:53:17,700.0,118.4,B
2021-07-12T09:53:17,2200.0,118.4,B
2021-07-12T09:53:17,300.0,118.2,B
2021-07-12T09:53:12,100.0,117.2,S
2021-07-12T09:53:05,2300.0,118.3,B
2021-07-12T09:53:02,1200.0,118.2,B
2021-07-12T09:52:53,1100.0,118.2,B
2021-07-12T09:52:45,3200.0,118.2,B
2021-07-12T09:52:41,2300.0,118.0,B
2021-07-12T09:52:13,300.0,118.0,B
2021-07-12T09:52:13,1200.0,118.0,B
2021-07-12T09:52:13,800.0,118.0,B
2021-07-12T09:52:01,2300.0,118.0,B
2021-07-12T09:51:59,3200.0,118.0,B
2021-07-12T09:51:28,3200.0,118.0,B
2021-07-12T09:51:23,400.0,117.0,S
2021-07-12T09:51:05,1000.0,117.4,B
2021-07-12T09:50:54,3200.0,117.4,B
2021-07-12T09:50:47,200.0,117.5,S
2021-07-12T09:50:47,200.0,117.5,S
2021-07-12T09:50:47,1500.0,117.5,S
2021-07-12T09:50:47,3800.0,117.5,S
2021-07-12T09:50:39,300.0,117.5,S
2021-07-12T09:50:28,100.0,118.0,B
2021-07-12T09:50:14,500.0,117.5,S
2021-07-12T09:50:11,3200.0,118.0,B
2021-07-12T09:49:39,5200.0,118.0,S
2021-07-12T09:49:21,400.0,118.0,S
2021-07-12T09:49:21,5000.0,118.0,S
2021-07-12T09:49:04,2500.0,118.0,S
2021-07-12T09:48:49,400.0,118.0,S
2021-07-12T09:48:49,600.0,118.2,S
2021-07-12T09:48:26,100.0,118.2,S
2021-07-12T09:48:21,3200.0,118.3,B
2021-07-12T09:47:57,500.0,118.2,S
2021-07-12T09:47:39,100.0,118.2,B
2021-07-12T09:47:39,8900.0,118.2,B
2021-07-12T09:47:37,500.0,118.0,S
2021-07-12T09:47:32,1000.0,118.0,S
2021-07-12T09:47:18,2000.0,118.2,B
2021-07-12T09:47:08,100.0,118.0,S
2021-07-12T09:47:02,300.0,118.2,B
2021-07-12T09:46:55,100.0,118.2,B
2021-07-12T09:46:51,200.0,118.2,B
2021-07-12T09:46:45,100.0,118.0,S
2021-07-12T09:46:43,2000.0,118.0,S
2021-07-12T09:46:39,100.0,118.1,B
2021-07-12T09:46:32,300.0,118.0,S
2021-07-12T09:46:27,400.0,118.0,S
2021-07-12T09:46:26,1500.0,118.0,B
2021-07-12T09:46:26,100.0,118.0,B
2021-07-12T09:46:26,10100.0,118.0,B
2021-07-12T09:46:26,1300.0,118.0,B
2021-07-12T09:46:26,1100.0,118.0,B
2021-07-12T09:46:26,1100.0,118.0,B
2021-07-12T09:46:26,100.0,118.0,B
2021-07-12T09:46:26,1500.0,118.0,B
2021-07-12T09:46:26,4100.0,118.0,B
2021-07-12T09:46:26,5900.0,118.0,B
2021-07-12T09:46:26,1300.0,118.0,B
2021-07-12T09:46:26,2100.0,118.0,B
2021-07-12T09:46:26,1500.0,118.0,B
2021-07-12T09:46:26,1800.0,118.0,B
2021-07-12T09:46:26,10400.0,118.0,B
2021-07-12T09:46:20,4600.0,117.9,B
2021-07-12T09:45:59,400.0,117.6,B
2021-07-12T09:45:58,1500.0,117.5,S
2021-07-12T09:45:54,200.0,117.5,S
2021-07-12T09:45:52,2900.0,117.5,S
2021-07-12T09:45:46,500.0,117.5,S
2021-07-12T09:45:41,100.0,117.5,S
2021-07-12T09:45:35,100.0,117.5,S
2021-07-12T09:45:29,200.0,117.5,B
2021-07-12T09:44:57,100.0,117.5,B
2021-07-12T09:44:55,200.0,117.5,B
2021-07-12T09:44:50,100.0,117.5,B
2021-07-12T09:44:41,100.0,117.5,B
2021-07-12T09:43:42,4800.0,117.9,B
2021-07-12T09:43:34,100.0,117.8,S
2021-07-12T09:43:32,100.0,117.8,S
2021-07-12T09:43:29,2000.0,117.9,B
2021-07-12T09:43:26,300.0,117.8,S
2021-07-12T09:43:21,1000.0,117.9,B
2021-07-12T09:43:16,400.0,117.8,S
2021-07-12T09:43:14,800.0,117.9,B
2021-07-12T09:43:12,1500.0,117.9,B
2021-07-12T09:43:10,800.0,117.9,B
2021-07-12T09:43:06,500.0,117.8,S
2021-07-12T09:43:05,100.0,117.8,S
2021-07-12T09:43:05,800.0,117.9,B
2021-07-12T09:43:05,200.0,117.8,S
2021-07-12T09:43:03,600.0,117.5,B
2021-07-12T09:43:00,100.0,117.5,B
2021-07-12T09:42:59,800.0,117.9,B
2021-07-12T09:42:58,1000.0,117.9,B
2021-07-12T09:42:56,500.0,117.8,B
2021-07-12T09:42:54,800.0,117.0,S
2021-07-12T09:42:50,100.0,117.0,S
2021-07-12T09:42:49,800.0,117.8,B
2021-07-12T09:42:48,2300.0,117.8,B
2021-07-12T09:42:48,400.0,117.0,S
2021-07-12T09:42:48,100.0,117.0,S
2021-07-12T09:42:43,1500.0,117.7,B
2021-07-12T09:42:39,1200.0,117.5,B
2021-07-12T09:42:33,1700.0,117.3,B
2021-07-12T09:42:31,1200.0,117.3,B
2021-07-12T09:42:27,800.0,117.5,S
2021-07-12T09:42:22,200.0,117.5,B
2021-07-12T09:42:22,100.0,117.5,B
2021-07-12T09:42:14,100.0,117.0,S
2021-07-12T09:42:14,1200.0,117.5,S
2021-07-12T09:42:12,1200.0,117.8,B
2021-07-12T09:42:09,1600.0,117.7,B
2021-07-12T09:42:06,1000.0,117.7,B
2021-07-12T09:42:03,200.0,117.5,S
2021-07-12T09:42:03,500.0,117.5,S
2021-07-12T09:42:02,100.0,117.5,B
2021-07-12T09:42:01,1500.0,117.5,B
2021-07-12T09:41:54,1200.0,117.5,B
2021-07-12T09:41:52,200.0,117.5,B
2021-07-12T09:41:38,1200.0,117.8,B
2021-07-12T09:41:30,5000.0,117.0,S
2021-07-12T09:41:26,1200.0,117.9,B
2021-07-12T09:41:24,800.0,117.9,B
2021-07-12T09:41:22,1200.0,117.9,B
2021-07-12T09:41:17,800.0,117.9,B
2021-07-12T09:41:15,2300.0,116.4,S
2021-07-12T09:41:13,800.0,117.9,B
2021-07-12T09:41:09,1500.0,117.9,B
2021-07-12T09:41:08,1200.0,117.9,B
2021-07-12T09:41:04,800.0,117.9,B
2021-07-12T09:41:01,1000.0,117.0,B
2021-07-12T09:40:58,800.0,117.9,B
2021-07-12T09:40:56,2000.0,117.0,S
2021-07-12T09:40:54,1200.0,117.9,B
2021-07-12T09:40:50,1300.0,117.9,B
2021-07-12T09:40:40,1200.0,117.9,B
2021-07-12T09:40:34,800.0,117.9,B
2021-07-12T09:40:28,800.0,117.9,B
2021-07-12T09:40:27,1200.0,117.8,B
2021-07-12T09:40:22,800.0,117.8,B
2021-07-12T09:40:16,1300.0,118.0,B
2021-07-12T09:40:12,1200.0,117.9,B
2021-07-12T09:40:12,800.0,117.9,B
2021-07-12T09:40:06,800.0,117.9,B
2021-07-12T09:40:04,400.0,117.9,S
2021-07-12T09:39:58,500.0,117.9,S
2021-07-12T09:39:57,1200.0,118.0,B
2021-07-12T09:39:56,100.0,117.9,S
2021-07-12T09:39:48,800.0,118.0,B
2021-07-12T09:39:43,1200.0,118.0,B
2021-07-12T09:39:42,800.0,118.0,B
2021-07-12T09:39:34,1200.0,118.0,B
2021-07-12T09:39:33,800.0,118.0,B
2021-07-12T09:39:32,200.0,117.9,S
2021-07-12T09:39:27,100.0,118.0,B
2021-07-12T09:39:27,700.0,118.0,B
2021-07-12T09:39:22,800.0,117.9,B
2021-07-12T09:39:21,500.0,116.5,B
2021-07-12T09:39:08,300.0,116.5,B
2021-07-12T09:38:55,200.0,116.5,B
2021-07-12T09:38:46,200.0,116.5,B
2021-07-12T09:38:38,100.0,116.5,S
2021-07-12T09:38:21,1900.0,116.5,S
2021-07-12T09:38:19,3000.0,116.5,S
2021-07-12T09:38:14,1100.0,116.5,S
2021-07-12T09:37:49,300.0,118.0,B
2021-07-12T09:37:37,1800.0,116.5,S
2021-07-12T09:37:37,100.0,116.9,S
2021-07-12T09:37:37,1100.0,117.0,S
2021-07-12T09:37:27,500.0,118.0,S
2021-07-12T09:37:25,1100.0,118.1,B
2021-07-12T09:37:22,300.0,118.0,S
2021-07-12T09:37:17,500.0,118.0,S
2021-07-12T09:37:15,700.0,118.0,B
2021-07-12T09:37:12,100.0,118.0,B
2021-07-12T09:37:06,1100.0,118.1,B
2021-07-12T09:37:06,2000.0,118.0,B
2021-07-12T09:37:05,2300.0,117.0,S
2021-07-12T09:36:53,1300.0,118.0,B
2021-07-12T09:36:52,300.0,118.0,B
2021-07-12T09:36:52,200.0,118.0,B
2021-07-12T09:36:52,1000.0,118.0,B
2021-07-12T09:36:41,100.0,117.5,S
2021-07-12T09:36:38,1200.0,118.0,B
2021-07-12T09:36:33,10000.0,118.0,B
2021-07-12T09:36:27,1500.0,117.9,B
2021-07-12T09:36:19,1200.0,117.9,B
2021-07-12T09:36:06,1300.0,117.9,B
2021-07-12T09:36:01,200.0,117.9,B
2021-07-12T09:35:59,5000.0,118.0,B
2021-07-12T09:35:56,2000.0,118.0,B
2021-07-12T09:35:55,1500.0,118.0,B
2021-07-12T09:35:52,1200.0,118.0,B
2021-07-12T09:35:44,200.0,118.0,B
2021-07-12T09:35:37,1300.0,118.0,B
2021-07-12T09:35:35,1500.0,118.0,B
2021-07-12T09:35:25,1100.0,118.0,B
2021-07-12T09:35:12,1100.0,118.0,B
2021-07-12T09:35:12,1500.0,118.0,B
2021-07-12T09:35:02,100.0,117.9,B
2021-07-12T09:34:59,500.0,117.9,S
2021-07-12T09:34:59,1000.0,118.0,B
2021-07-12T09:34:57,1100.0,118.0,B
2021-07-12T09:34:57,1200.0,118.0,B
2021-07-12T09:34:52,1500.0,118.0,B
2021-07-12T09:34:48,400.0,118.0,B
2021-07-12T09:34:48,400.0,118.0,B
2021-07-12T09:34:47,1100.0,118.0,B
2021-07-12T09:34:42,1200.0,118.0,B
2021-07-12T09:34:41,2000.0,118.0,B
2021-07-12T09:34:38,800.0,118.0,B
2021-07-12T09:34:37,800.0,118.0,B
2021-07-12T09:34:28,2000.0,118.0,B
2021-07-12T09:34:28,1000.0,118.0,B
2021-07-12T09:34:24,800.0,118.0,B
2021-07-12T09:34:24,1200.0,118.0,B
2021-07-12T09:34:23,800.0,118.0,B
2021-07-12T09:34:23,1500.0,118.0,B
2021-07-12T09:34:18,100.0,118.0,B
2021-07-12T09:34:16,800.0,118.0,B
2021-07-12T09:34:13,1300.0,118.0,B
2021-07-12T09:34:09,1200.0,118.0,B
2021-07-12T09:34:01,800.0,118.0,B
2021-07-12T09:33:59,1200.0,118.0,B
2021-07-12T09:33:57,1500.0,118.0,B
2021-07-12T09:33:55,700.0,117.9,B
2021-07-12T09:33:52,800.0,118.0,B
2021-07-12T09:33:47,800.0,118.0,B
2021-07-12T09:33:43,1000.0,118.0,B
2021-07-12T09:33:43,100.0,117.9,B
2021-07-12T09:33:43,1200.0,117.9,B
2021-07-12T09:33:40,800.0,117.9,B
2021-07-12T09:33:39,500.0,116.5,S
2021-07-12T09:33:34,800.0,118.0,B
2021-07-12T09:33:34,1000.0,118.0,B
2021-07-12T09:33:32,1500.0,118.0,B
2021-07-12T09:33:31,1500.0,116.4,S
2021-07-12T09:33:31,800.0,118.0,B
2021-07-12T09:33:22,800.0,116.9,S
2021-07-12T09:33:19,1500.0,118.2,B
2021-07-12T09:33:17,800.0,118.2,B
2021-07-12T09:33:16,1100.0,118.2,B
2021-07-12T09:33:09,1500.0,118.0,B
2021-07-12T09:33:08,1600.0,118.0,B
2021-07-12T09:33:04,800.0,118.0,B
2021-07-12T09:33:04,1400.0,118.0,B
2021-07-12T09:32:58,800.0,118.0,B
2021-07-12T09:32:54,800.0,118.2,B
2021-07-12T09:32:53,400.0,118.0,B
2021-07-12T09:32:53,1100.0,118.0,B
2021-07-12T09:32:50,1000.0,118.0,B
2021-07-12T09:32:46,800.0,118.0,B
2021-07-12T09:32:44,2400.0,118.1,S
2021-07-12T09:32:41,200.0,118.1,S
2021-07-12T09:32:37,100.0,118.1,S
2021-07-12T09:32:37,8500.0,118.0,B
2021-07-12T09:32:35,1000.0,118.0,B
2021-07-12T09:32:35,1500.0,118.0,B
2021-07-12T09:32:20,1100.0,118.0,B
2021-07-12T09:32:16,800.0,118.2,B
2021-07-12T09:32:12,1500.0,118.2,B
2021-07-12T09:32:11,1300.0,118.2,B
2021-07-12T09:32:09,800.0,118.2,B
2021-07-12T09:32:06,1000.0,116.9,S
2021-07-12T09:32:04,800.0,118.2,B
2021-07-12T09:31:57,800.0,118.2,B
2021-07-12T09:31:52,1300.0,118.2,B
2021-07-12T09:31:49,1500.0,118.2,B
2021-07-12T09:31:45,800.0,118.2,B
2021-07-12T09:31:39,1100.0,118.9,B
2021-07-12T09:31:33,400.0,116.4,S
2021-07-12T09:31:33,1000.0,116.5,S
2021-07-12T09:31:33,400.0,116.5,S
2021-07-12T09:31:33,100.0,117.0,S
2021-07-12T09:31:33,200.0,117.0,S
2021-07-12T09:31:33,1000.0,117.0,S
2021-07-12T09:31:33,200.0,117.0,S
2021-07-12T09:31:33,2300.0,117.1,S
2021-07-12T09:31:26,200.0,118.9,B
2021-07-12T09:31:23,1200.0,118.9,B
2021-07-12T09:31:21,800.0,118.9,B
2021-07-12T09:31:18,1500.0,118.6,B
2021-07-12T09:31:14,800.0,118.6,B
2021-07-12T09:31:09,800.0,118.6,B
2021-07-12T09:31:04,1100.0,118.6,B
2021-07-12T09:31:01,1500.0,118.6,B
2021-07-12T09:30:53,1000.0,118.6,B
2021-07-12T09:30:42,300.0,118.5,S
2021-07-12T09:30:38,100.0,118.5,S
2021-07-12T09:30:38,500.0,118.5,S
2021-07-12T09:30:28,1500.0,118.6,B
2021-07-12T09:30:14,100.0,118.6,B
2021-07-12T09:30:05,1000.0,118.6,B
2021-07-12T09:30:01,300.0,118.5,S
2021-07-12T09:29:56,800.0,118.9,B
2021-07-12T09:29:52,1000.0,118.9,B
2021-07-12T09:29:51,800.0,118.9,B
2021-07-12T09:29:49,1100.0,118.9,B
2021-07-12T09:29:42,1500.0,118.6,S
2021-07-12T09:29:41,1500.0,118.9,B
2021-07-12T09:29:28,1000.0,118.9,B
2021-07-12T09:29:21,800.0,118.9,B
2021-07-12T09:29:15,800.0,119.0,B
2021-07-12T09:29:13,1100.0,119.0,B
2021-07-12T09:29:13,1500.0,119.0,B
2021-07-12T09:29:09,800.0,119.0,B
2021-07-12T09:29:06,100.0,118.6,S
2021-07-12T09:29:05,800.0,119.0,B
2021-07-12T09:29:01,1000.0,119.0,B
2021-07-12T09:28:59,800.0,119.0,B
2021-07-12T09:28:59,1000.0,118.6,S
2021-07-12T09:28:59,5000.0,118.6,S
2021-07-12T09:28:56,1500.0,119.0,B
2021-07-12T09:28:44,500.0,118.9,B
2021-07-12T09:28:39,100.0,118.9,B
2021-07-12T09:28:34,1300.0,119.0,B
2021-07-12T09:28:29,500.0,119.0,B
2021-07-12T09:28:26,100.0,119.0,B
2021-07-12T09:28:24,1900.0,119.0,B
2021-07-12T09:28:14,400.0,119.0,B
2021-07-12T09:27:39,1400.0,119.0,B
2021-07-12T09:27:29,600.0,119.0,B
2021-07-12T09:27:29,4400.0,119.0,B
2021-07-12T09:27:29,100.0,118.7,S
2021-07-12T09:27:29,1200.0,118.9,B
2021-07-12T09:27:28,500.0,118.9,B
2021-07-12T09:27:26,400.0,118.7,S
2021-07-12T09:27:05,200.0,118.7,S
2021-07-12T09:27:05,600.0,118.7,S
2021-07-12T09:27:05,200.0,118.9,B
2021-07-12T09:26:58,1400.0,118.9,B
2021-07-12T09:26:49,1100.0,119.0,B
2021-07-12T09:26:41,200.0,118.9,B
2021-07-12T09:26:34,700.0,118.9,B
2021-07-12T09:26:34,100.0,118.9,B
2021-07-12T09:26:33,2000.0,118.7,S
2021-07-12T09:26:28,600.0,119.0,B
2021-07-12T09:26:28,200.0,118.9,S
2021-07-12T09:26:28,500.0,118.9,S
2021-07-12T09:26:21,1000.0,118.9,S
2021-07-12T09:26:20,800.0,119.0,B
2021-07-12T09:26:20,100.0,118.9,S
2021-07-12T09:26:16,1300.0,118.9,B
2021-07-12T09:26:13,800.0,118.9,B
2021-07-12T09:26:06,600.0,118.9,B
2021-07-12T09:25:43,500.0,118.9,B
2021-07-12T09:25:38,1600.0,118.9,B
2021-07-12T09:25:22,100.0,118.9,B
2021-07-12T09:25:16,900.0,118.9,S
2021-07-12T09:25:08,1300.0,118.9,S
2021-07-12T09:25:05,4000.0,119.0,B
2021-07-12T09:25:04,1000.0,118.9,S
2021-07-12T09:24:44,500.0,118.9,S
2021-07-12T09:24:28,1200.0,119.0,B
2021-07-12T09:24:20,300.0,119.0,S
2021-07-12T09:24:18,600.0,119.0,S
2021-07-12T09:24:14,400.0,119.0,S
2021-07-12T09:24:14,500.0,119.0,S
2021-07-12T09:24:02,1200.0,119.0,B
2021-07-12T09:23:56,400.0,119.0,B
2021-07-12T09:23:54,300.0,119.0,B
2021-07-12T09:23:52,1000.0,119.0,B
2021-07-12T09:23:48,8000.0,119.0,B
2021-07-12T09:23:27,2000.0,119.0,B
2021-07-12T09:23:17,1000.0,119.0,B
2021-07-12T09:23:16,600.0,119.0,B
2021-07-12T09:23:09,600.0,119.0,B
2021-07-12T09:23:06,100.0,118.9,S
2021-07-12T09:22:59,200.0,118.9,S
2021-07-12T09:22:56,100.0,118.9,S
2021-07-12T09:22:56,600.0,119.0,B
2021-07-12T09:22:51,100.0,118.9,S
2021-07-12T09:22:50,4200.0,119.0,B
2021-07-12T09:22:50,100.0,118.9,S
2021-07-12T09:22:38,800.0,118.9,B
2021-07-12T09:22:37,600.0,118.9,B
2021-07-12T09:22:37,1800.0,118.9,S
2021-07-12T09:22:31,100.0,118.9,S
2021-07-12T09:22:20,1900.0,118.9,B
2021-07-12T09:22:12,100.0,118.9,S
2021-07-12T09:22:09,200.0,118.9,S
2021-07-12T09:22:08,100.0,118.9,S
2021-07-12T09:22:07,1100.0,118.9,B
2021-07-12T09:22:06,500.0,118.6,S
2021-07-12T09:21:57,200.0,118.6,S
2021-07-12T09:21:53,400.0,118.9,B
2021-07-12T09:21:45,5000.0,118.9,B
2021-07-12T09:21:43,100.0,118.6,S
2021-07-12T09:21:43,300.0,118.8,B
2021-07-12T09:21:40,900.0,118.8,B
2021-07-12T09:21:38,600.0,118.8,B
2021-07-12T09:21:33,300.0,118.6,S
2021-07-12T09:21:26,600.0,118.9,B
2021-07-12T09:21:18,100.0,118.5,S
2021-07-12T09:21:18,100.0,118.5,S
2021-07-12T09:21:18,100.0,118.5,S
2021-07-12T09:21:17,400.0,118.9,B
2021-07-12T09:21:08,400.0,118.5,S
2021-07-12T09:21:06,100.0,118.8,B
2021-07-12T09:20:55,100.0,118.5,S
2021-07-12T09:20:54,200.0,118.5,S
2021-07-12T09:20:54,7000.0,118.5,S
2021-07-12T09:20:53,2000.0,118.5,S
2021-07-12T09:20:34,100.0,118.5,S
2021-07-12T09:20:32,2700.0,118.5,B
2021-07-12T09:20:25,1500.0,118.5,B
2021-07-12T09:20:21,400.0,118.0,S
2021-07-12T09:20:14,1200.0,118.5,B
2021-07-12T09:20:04,200.0,118.0,S
2021-07-12T09:19:57,1000.0,118.5,B
2021-07-12T09:19:52,500.0,118.5,B
2021-07-12T09:19:51,500.0,118.0,B
2021-07-12T09:19:47,100.0,117.0,S
2021-07-12T09:19:41,100.0,118.0,B
2021-07-12T09:19:37,800.0,118.9,B
2021-07-12T09:19:34,100.0,118.0,B
2021-07-12T09:19:34,100.0,118.0,S
2021-07-12T09:19:32,800.0,118.5,B
2021-07-12T09:19:30,800.0,118.0,B
2021-07-12T09:19:30,2100.0,118.0,B
2021-07-12T09:19:30,3600.0,118.0,B
2021-07-12T09:19:30,1400.0,118.0,B
2021-07-12T09:19:30,1100.0,118.0,B
2021-07-12T09:19:23,800.0,118.0,B
2021-07-12T09:19:16,800.0,118.0,B
2021-07-12T09:19:07,800.0,118.0,B
2021-07-12T09:19:06,1000.0,117.0,B
2021-07-12T09:18:56,300.0,117.0,S
2021-07-12T09:18:51,1300.0,117.9,B
2021-07-12T09:18:47,100.0,117.9,B
2021-07-12T09:18:34,1400.0,118.0,B
2021-07-12T09:18:24,1600.0,117.0,B
2021-07-12T09:18:16,1500.0,117.0,B
2021-07-12T09:17:58,100.0,116.3,S
2021-07-12T09:17:44,1400.0,116.3,B
2021-07-12T09:17:42,1400.0,116.3,B
2021-07-12T09:17:29,1500.0,116.3,B
2021-07-12T09:17:29,200.0,116.2,B
2021-07-12T09:17:21,800.0,116.2,B
2021-07-12T09:17:18,200.0,116.2,S
2021-07-12T09:17:18,1700.0,116.2,S
2021-07-12T09:17:18,100.0,116.2,S
2021-07-12T09:17:08,200.0,116.3,B
2021-07-12T09:16:57,700.0,116.3,S
2021-07-12T09:16:38,100.0,116.2,S
2021-07-12T09:16:22,1000.0,116.9,B
2021-07-12T09:16:09,1000.0,116.2,S
2021-07-12T09:15:46,100.0,116.2,S
2021-07-12T09:15:33,100.0,116.5,S
2021-07-12T09:15:31,500.0,116.8,S
2021-07-12T09:15:27,200.0,116.9,S
2021-07-12T09:15:15,200.0,117.0,S
2021-07-12T09:15:15,3000.0,117.0,S
2021-07-12T09:15:15,2100.0,117.0,S
2021-07-12T09:15:15,2400.0,117.0,S
2021-07-12T09:15:15,300.0,118.0,B
