tradingTime,volume,price,side
2021-07-12T14:30:01,10000.0,30.6,B
2021-07-12T14:29:58,500.0,30.6,B
2021-07-12T14:29:53,3000.0,30.6,B
2021-07-12T14:29:46,2000.0,30.6,B
2021-07-12T14:29:44,10000.0,30.6,B
2021-07-12T14:29:44,200.0,30.6,B
2021-07-12T14:29:44,9800.0,30.6,B
2021-07-12T14:29:42,100.0,30.6,B
2021-07-12T14:29:35,10000.0,30.6,B
2021-07-12T14:29:18,400.0,30.6,B
2021-07-12T14:29:18,2000.0,30.6,B
2021-07-12T14:29:18,4300.0,30.6,B
2021-07-12T14:29:18,2000.0,30.6,B
2021-07-12T14:29:18,11300.0,30.6,B
2021-07-12T14:29:07,3000.0,30.6,B
2021-07-12T14:29:05,10000.0,30.6,B
2021-07-12T14:29:03,500.0,30.6,B
2021-07-12T14:29:01,300.0,30.6,B
2021-07-12T14:29:00,300.0,30.6,B
2021-07-12T14:28:59,100.0,30.6,B
2021-07-12T14:28:59,100.0,30.6,B
2021-07-12T14:28:59,8500.0,30.6,B
2021-07-12T14:28:59,1500.0,30.6,B
2021-07-12T14:28:59,3200.0,30.6,B
2021-07-12T14:28:59,46600.0,30.6,B
2021-07-12T14:28:46,1000.0,30.6,B
2021-07-12T14:28:30,2000.0,30.6,B
2021-07-12T14:28:28,100.0,30.6,B
2021-07-12T14:28:19,500.0,30.6,B
2021-07-12T14:28:12,2000.0,30.6,B
2021-07-12T14:28:10,100.0,30.6,B
2021-07-12T14:28:01,1000.0,30.6,B
2021-07-12T14:27:39,10000.0,30.6,B
2021-07-12T14:27:38,2000.0,30.6,B
2021-07-12T14:27:24,500.0,30.6,B
2021-07-12T14:27:21,200.0,30.6,B
2021-07-12T14:27:21,7900.0,30.6,B
2021-07-12T14:27:21,1000.0,30.6,B
2021-07-12T14:27:21,1100.0,30.6,B
2021-07-12T14:27:12,400.0,30.6,B
2021-07-12T14:27:11,200.0,30.6,B
2021-07-12T14:27:01,700.0,30.6,B
2021-07-12T14:26:55,100.0,30.6,B
2021-07-12T14:26:49,100.0,30.6,B
2021-07-12T14:26:47,5000.0,30.6,B
2021-07-12T14:26:36,500.0,30.6,B
2021-07-12T14:26:34,200.0,30.6,B
2021-07-12T14:26:30,4200.0,30.6,B
2021-07-12T14:26:25,600.0,30.6,B
2021-07-12T14:26:22,100.0,30.6,B
2021-07-12T14:26:22,100.0,30.6,B
2021-07-12T14:26:17,500.0,30.6,B
2021-07-12T14:26:12,1900.0,30.6,B
2021-07-12T14:26:09,100.0,30.6,B
2021-07-12T14:26:00,1000.0,30.6,B
2021-07-12T14:25:36,2000.0,30.6,B
2021-07-12T14:25:29,2700.0,30.6,B
2021-07-12T14:25:29,1500.0,30.6,B
2021-07-12T14:25:29,5700.0,30.6,B
2021-07-12T14:25:29,2000.0,30.6,B
2021-07-12T14:25:29,3600.0,30.6,B
2021-07-12T14:25:29,4500.0,30.6,B
2021-07-12T14:25:23,2000.0,30.6,B
2021-07-12T14:25:21,300.0,30.6,B
2021-07-12T14:25:21,2100.0,30.6,B
2021-07-12T14:25:21,2600.0,30.6,B
2021-07-12T14:25:21,2500.0,30.6,B
2021-07-12T14:25:21,2500.0,30.6,B
2021-07-12T14:25:17,2000.0,30.6,B
2021-07-12T14:24:28,100.0,30.6,B
2021-07-12T14:24:11,7000.0,30.6,B
2021-07-12T14:22:54,100.0,30.6,B
2021-07-12T14:20:33,100.0,30.6,B
2021-07-12T14:20:32,100.0,30.6,B
2021-07-12T14:19:51,100.0,30.6,B
2021-07-12T14:18:26,20000.0,30.6,B
2021-07-12T14:16:57,1000.0,30.6,B
2021-07-12T14:16:31,17000.0,30.6,B
2021-07-12T14:16:31,3000.0,30.6,B
2021-07-12T14:14:24,200.0,30.6,B
2021-07-12T14:14:00,1000.0,30.6,B
2021-07-12T14:13:44,100.0,30.6,B
2021-07-12T14:12:15,20000.0,30.6,B
2021-07-12T14:11:19,100.0,30.6,B
2021-07-12T14:10:38,100.0,30.6,B
2021-07-12T14:10:08,100.0,30.6,B
2021-07-12T14:07:51,500.0,30.6,B
2021-07-12T14:07:40,400.0,30.6,B
2021-07-12T14:07:34,100.0,30.6,B
2021-07-12T14:06:42,300.0,30.6,B
2021-07-12T14:04:56,7100.0,30.6,B
2021-07-12T14:04:56,3800.0,30.6,B
2021-07-12T14:04:56,9100.0,30.6,B
2021-07-12T14:04:22,40000.0,30.6,B
2021-07-12T14:03:52,4400.0,30.6,B
2021-07-12T14:03:52,15600.0,30.6,B
2021-07-12T14:03:12,200.0,30.6,B
2021-07-12T13:58:45,100.0,30.6,B
2021-07-12T13:58:40,300.0,30.6,B
2021-07-12T13:57:46,100.0,30.6,B
2021-07-12T13:56:29,500.0,30.6,B
2021-07-12T13:55:23,200.0,30.6,B
2021-07-12T13:53:57,200.0,30.6,B
2021-07-12T13:51:18,100.0,30.6,B
2021-07-12T13:49:46,100.0,30.6,B
2021-07-12T13:48:20,300.0,30.6,B
2021-07-12T13:47:50,20000.0,30.6,B
2021-07-12T13:47:39,300.0,30.6,B
2021-07-12T13:45:46,300.0,30.6,B
2021-07-12T13:45:08,200.0,30.6,B
2021-07-12T13:42:56,100.0,30.6,B
2021-07-12T13:42:44,1000.0,30.6,B
2021-07-12T13:39:32,500.0,30.6,B
2021-07-12T13:37:23,200.0,30.6,B
2021-07-12T13:37:14,600.0,30.6,B
2021-07-12T13:37:06,100.0,30.6,B
2021-07-12T13:36:51,2000.0,30.6,B
2021-07-12T13:31:52,100.0,30.6,B
2021-07-12T13:29:39,100.0,30.6,B
2021-07-12T13:29:06,3000.0,30.6,B
2021-07-12T13:29:05,2000.0,30.6,B
2021-07-12T13:27:47,100.0,30.6,B
2021-07-12T13:27:46,500.0,30.6,B
2021-07-12T13:26:34,100.0,30.6,B
2021-07-12T13:26:06,200.0,30.6,B
2021-07-12T13:18:11,8200.0,30.6,S
2021-07-12T13:17:49,1000.0,30.6,S
2021-07-12T13:17:18,4000.0,30.6,S
2021-07-12T13:16:48,37800.0,30.6,B
2021-07-12T13:16:42,400.0,30.6,B
2021-07-12T13:15:59,600.0,30.6,B
2021-07-12T13:15:57,2500.0,30.6,B
2021-07-12T13:15:52,300.0,30.6,B
2021-07-12T13:15:52,3500.0,30.6,B
2021-07-12T13:15:52,2500.0,30.6,B
2021-07-12T13:15:52,38700.0,30.6,B
2021-07-12T13:15:19,100.0,30.6,B
2021-07-12T13:12:58,100.0,30.6,B
2021-07-12T13:12:38,1100.0,30.6,S
2021-07-12T13:12:37,1000.0,30.65,B
2021-07-12T13:12:27,500.0,30.6,S
2021-07-12T13:12:22,2100.0,30.6,S
2021-07-12T13:12:11,1000.0,30.6,S
2021-07-12T13:12:06,50000.0,30.6,S
2021-07-12T13:11:55,2400.0,30.6,S
2021-07-12T13:11:54,600.0,30.65,B
2021-07-12T13:11:24,100.0,30.6,S
2021-07-12T13:11:11,2000.0,30.6,S
2021-07-12T13:10:52,800.0,30.6,S
2021-07-12T13:10:52,200.0,30.6,S
2021-07-12T13:10:47,10000.0,30.6,S
2021-07-12T13:10:44,500.0,30.65,B
2021-07-12T13:10:27,100.0,30.6,S
2021-07-12T13:10:22,2000.0,30.6,S
2021-07-12T13:10:22,500.0,30.6,S
2021-07-12T13:10:13,3000.0,30.6,S
2021-07-12T13:09:45,2000.0,30.6,S
2021-07-12T13:09:44,3000.0,30.6,S
2021-07-12T13:09:38,500.0,30.6,S
2021-07-12T13:09:22,1000.0,30.6,S
2021-07-12T13:09:20,500.0,30.6,S
2021-07-12T13:08:54,100.0,30.6,S
2021-07-12T13:08:49,300.0,30.6,S
2021-07-12T13:08:42,1000.0,30.6,S
2021-07-12T13:08:39,3000.0,30.6,S
2021-07-12T13:08:39,100.0,30.6,S
2021-07-12T13:08:38,100.0,30.6,S
2021-07-12T13:08:30,1000.0,30.6,S
2021-07-12T13:08:26,500.0,30.6,S
2021-07-12T13:08:15,500.0,30.6,S
2021-07-12T13:08:14,2000.0,30.6,S
2021-07-12T13:08:09,2000.0,30.6,S
2021-07-12T13:07:54,100.0,30.6,S
2021-07-12T13:07:49,500.0,30.6,S
2021-07-12T13:07:22,1700.0,30.65,B
2021-07-12T13:07:22,1300.0,30.65,B
2021-07-12T13:07:12,100.0,30.6,S
2021-07-12T13:07:06,1800.0,30.6,S
2021-07-12T13:06:58,500.0,30.6,B
2021-07-12T13:06:54,500.0,30.6,B
2021-07-12T13:06:50,1000.0,30.6,B
2021-07-12T13:06:47,100.0,30.6,B
2021-07-12T13:06:45,7000.0,30.6,B
2021-07-12T13:06:45,5000.0,30.6,B
2021-07-12T13:06:37,600.0,30.6,B
2021-07-12T13:06:32,300.0,30.6,B
2021-07-12T13:06:23,200.0,30.6,B
2021-07-12T13:06:21,7800.0,30.6,B
2021-07-12T13:06:21,500.0,30.6,B
2021-07-12T13:06:21,1500.0,30.6,B
2021-07-12T13:06:21,100.0,30.6,B
2021-07-12T13:06:21,10100.0,30.6,B
2021-07-12T13:06:08,800.0,30.6,B
2021-07-12T13:06:06,5000.0,30.6,B
2021-07-12T13:06:02,1000.0,30.6,B
2021-07-12T13:06:02,10000.0,30.6,B
2021-07-12T13:05:57,400.0,30.6,B
2021-07-12T13:05:32,1000.0,30.6,B
2021-07-12T13:05:31,20000.0,30.6,B
2021-07-12T13:05:31,500.0,30.6,B
2021-07-12T13:05:20,200.0,30.6,B
2021-07-12T13:05:15,3000.0,30.6,B
2021-07-12T13:05:13,500.0,30.6,B
2021-07-12T13:05:00,5000.0,30.6,B
2021-07-12T13:04:42,100.0,30.6,B
2021-07-12T13:04:21,1000.0,30.6,B
2021-07-12T13:04:12,10000.0,30.6,B
2021-07-12T13:03:19,200.0,30.6,B
2021-07-12T13:03:19,200.0,30.6,B
2021-07-12T13:03:18,2400.0,30.6,B
2021-07-12T13:02:58,2300.0,30.6,B
2021-07-12T13:01:49,1000.0,30.6,B
2021-07-12T13:01:45,200.0,30.6,B
2021-07-12T13:01:19,100.0,30.6,B
2021-07-12T13:01:09,100.0,30.6,B
2021-07-12T13:00:58,100.0,30.6,B
2021-07-12T13:00:53,300.0,30.6,B
2021-07-12T13:00:52,200.0,30.6,B
2021-07-12T13:00:50,100.0,30.6,B
2021-07-12T13:00:32,100.0,30.6,B
2021-07-12T13:00:31,100.0,30.6,B
2021-07-12T13:00:28,400.0,30.6,B
2021-07-12T13:00:19,500.0,30.6,B
2021-07-12T13:00:16,1800.0,30.6,B
2021-07-12T13:00:16,100.0,30.6,B
2021-07-12T13:00:15,1800.0,30.6,B
2021-07-12T13:00:14,100.0,30.6,B
2021-07-12T13:00:13,1000.0,30.6,B
2021-07-12T13:00:12,200.0,30.6,B
2021-07-12T13:00:12,500.0,30.6,B
2021-07-12T13:00:12,300.0,30.6,B
2021-07-12T13:00:12,2000.0,30.6,B
2021-07-12T13:00:10,200.0,30.6,B
2021-07-12T13:00:10,1000.0,30.6,B
2021-07-12T13:00:10,200.0,30.6,B
2021-07-12T13:00:10,1000.0,30.6,B
2021-07-12T13:00:10,300.0,30.6,B
2021-07-12T13:00:06,100.0,30.6,B
2021-07-12T13:00:06,100.0,30.6,B
2021-07-12T13:00:06,2000.0,30.6,B
2021-07-12T13:00:03,200.0,30.6,B
2021-07-12T13:00:03,200.0,30.6,B
2021-07-12T13:00:03,1400.0,30.6,B
2021-07-12T13:00:03,1000.0,30.6,B
2021-07-12T13:00:03,2200.0,30.6,B
2021-07-12T13:00:03,300.0,30.6,B
2021-07-12T13:00:03,5100.0,30.6,B
2021-07-12T13:00:03,1200.0,30.6,B
2021-07-12T13:00:03,500.0,30.6,B
2021-07-12T11:30:01,300.0,30.6,B
2021-07-12T11:29:31,3000.0,30.6,B
2021-07-12T11:29:26,1000.0,30.6,B
2021-07-12T11:29:19,100.0,30.6,B
2021-07-12T11:28:47,15000.0,30.6,B
2021-07-12T11:28:39,100.0,30.6,B
2021-07-12T11:27:54,200.0,30.6,B
2021-07-12T11:27:00,100.0,30.6,B
2021-07-12T11:27:00,100.0,30.6,B
2021-07-12T11:26:43,300.0,30.6,B
2021-07-12T11:26:19,300.0,30.6,B
2021-07-12T11:25:48,5000.0,30.6,B
2021-07-12T11:25:33,1000.0,30.6,B
2021-07-12T11:25:26,200.0,30.6,B
2021-07-12T11:25:04,300.0,30.6,B
2021-07-12T11:24:43,2000.0,30.6,B
2021-07-12T11:23:46,100.0,30.6,B
2021-07-12T11:23:37,700.0,30.6,B
2021-07-12T11:23:37,200.0,30.6,B
2021-07-12T11:23:14,300.0,30.6,B
2021-07-12T11:23:14,100.0,30.6,B
2021-07-12T11:23:14,500.0,30.6,B
2021-07-12T11:23:06,100.0,30.6,B
2021-07-12T11:23:03,200.0,30.6,B
2021-07-12T11:22:56,600.0,30.6,B
2021-07-12T11:22:56,5000.0,30.6,B
2021-07-12T11:22:56,7300.0,30.6,B
2021-07-12T11:22:56,1500.0,30.6,B
2021-07-12T11:22:56,1000.0,30.6,B
2021-07-12T11:22:56,1900.0,30.6,B
2021-07-12T11:22:56,1500.0,30.6,B
2021-07-12T11:22:56,1200.0,30.6,B
2021-07-12T11:22:38,500.0,30.6,B
2021-07-12T11:22:36,2000.0,30.6,B
2021-07-12T11:22:23,2800.0,30.6,B
2021-07-12T11:22:23,4000.0,30.6,B
2021-07-12T11:22:23,13200.0,30.6,B
2021-07-12T11:22:23,500.0,30.6,B
2021-07-12T11:22:03,20000.0,30.6,B
2021-07-12T11:21:46,2000.0,30.6,B
2021-07-12T11:21:45,500.0,30.6,B
2021-07-12T11:21:21,2000.0,30.6,B
2021-07-12T11:21:15,3000.0,30.6,B
2021-07-12T11:21:15,10000.0,30.6,B
2021-07-12T11:21:15,1900.0,30.6,B
2021-07-12T11:21:15,2600.0,30.6,B
2021-07-12T11:21:15,10700.0,30.6,B
2021-07-12T11:21:15,400.0,30.6,B
2021-07-12T11:21:15,1400.0,30.6,B
2021-07-12T11:21:04,2000.0,30.6,B
2021-07-12T11:21:04,100.0,30.6,B
2021-07-12T11:20:50,1300.0,30.6,B
2021-07-12T11:20:37,200.0,30.6,B
2021-07-12T11:20:28,500.0,30.6,B
2021-07-12T11:20:27,100.0,30.6,B
2021-07-12T11:20:26,100.0,30.6,B
2021-07-12T11:19:59,100000.0,30.6,B
2021-07-12T11:19:50,500.0,30.6,B
2021-07-12T11:19:41,1000.0,30.6,B
2021-07-12T11:19:07,100.0,30.6,B
2021-07-12T11:18:57,2000.0,30.6,B
2021-07-12T11:18:56,100.0,30.6,B
2021-07-12T11:18:38,1000.0,30.6,B
2021-07-12T11:18:13,500.0,30.6,B
2021-07-12T11:17:59,2000.0,30.6,B
2021-07-12T11:17:48,1900.0,30.6,B
2021-07-12T11:17:45,5000.0,30.6,B
2021-07-12T11:17:27,100.0,30.6,B
2021-07-12T11:17:26,1500.0,30.6,B
2021-07-12T11:17:23,100.0,30.6,B
2021-07-12T11:16:57,100.0,30.6,B
2021-07-12T11:16:37,300.0,30.6,B
2021-07-12T11:16:20,600.0,30.6,B
2021-07-12T11:16:07,1000.0,30.6,B
2021-07-12T11:16:00,2000.0,30.6,B
2021-07-12T11:15:03,2600.0,30.6,B
2021-07-12T11:14:41,200.0,30.6,B
2021-07-12T11:14:20,1000.0,30.6,B
2021-07-12T11:13:44,1000.0,30.6,B
2021-07-12T11:12:57,200.0,30.6,B
2021-07-12T11:10:39,100.0,30.6,B
2021-07-12T11:10:18,500.0,30.6,B
2021-07-12T11:10:16,600.0,30.6,B
2021-07-12T11:08:55,300.0,30.6,B
2021-07-12T11:08:42,400.0,30.6,B
2021-07-12T11:08:24,1000.0,30.6,B
2021-07-12T11:07:38,100.0,30.6,B
2021-07-12T11:06:15,100.0,30.6,B
2021-07-12T11:06:08,20000.0,30.6,B
2021-07-12T11:06:00,100.0,30.6,B
2021-07-12T11:05:34,200.0,30.6,B
2021-07-12T11:05:03,1000.0,30.6,B
2021-07-12T11:04:48,5000.0,30.6,B
2021-07-12T11:04:47,400.0,30.6,B
2021-07-12T11:04:29,21300.0,30.6,B
2021-07-12T11:04:29,7900.0,30.6,B
2021-07-12T11:04:29,2000.0,30.6,B
2021-07-12T11:04:29,14000.0,30.6,B
2021-07-12T11:04:29,5000.0,30.6,B
2021-07-12T11:04:29,9000.0,30.6,B
2021-07-12T11:04:29,24500.0,30.6,B
2021-07-12T11:04:29,15000.0,30.6,B
2021-07-12T11:04:29,1300.0,30.6,B
2021-07-12T11:03:27,400.0,30.6,B
2021-07-12T11:02:54,3000.0,30.6,B
2021-07-12T11:01:17,1000.0,30.6,B
2021-07-12T11:01:17,24800.0,30.6,S
2021-07-12T11:01:03,100.0,30.6,S
2021-07-12T11:01:00,300.0,30.6,S
2021-07-12T11:00:59,8000.0,30.6,S
2021-07-12T11:00:36,10000.0,30.6,S
2021-07-12T11:00:28,1500.0,30.6,S
2021-07-12T11:00:28,2000.0,30.6,S
2021-07-12T11:00:11,5200.0,30.6,S
2021-07-12T11:00:09,1000.0,30.6,S
2021-07-12T10:59:57,500.0,30.6,S
2021-07-12T10:59:47,4100.0,30.6,S
2021-07-12T10:59:42,1300.0,30.6,S
2021-07-12T10:59:27,100.0,30.6,S
2021-07-12T10:59:26,500.0,30.6,S
2021-07-12T10:59:08,200.0,30.6,S
2021-07-12T10:58:58,6800.0,30.6,S
2021-07-12T10:58:58,200.0,30.6,B
2021-07-12T10:58:58,900.0,30.6,B
2021-07-12T10:58:58,11600.0,30.6,B
2021-07-12T10:58:58,10600.0,30.6,B
2021-07-12T10:58:58,30600.0,30.6,B
2021-07-12T10:58:39,20000.0,30.6,B
2021-07-12T10:57:36,400.0,30.6,B
2021-07-12T10:57:36,600.0,30.6,B
2021-07-12T10:57:13,200.0,30.6,B
2021-07-12T10:57:08,1000.0,30.6,B
2021-07-12T10:56:51,200.0,30.6,S
2021-07-12T10:56:46,1300.0,30.6,S
2021-07-12T10:56:46,700.0,30.6,S
2021-07-12T10:56:46,200.0,30.6,S
2021-07-12T10:56:43,500.0,30.6,S
2021-07-12T10:56:42,1600.0,30.6,S
2021-07-12T10:56:41,500.0,30.6,S
2021-07-12T10:56:35,100.0,30.6,S
2021-07-12T10:56:35,800.0,30.6,S
2021-07-12T10:56:24,6600.0,30.6,B
2021-07-12T10:55:58,1000.0,30.6,B
2021-07-12T10:55:29,2000.0,30.6,S
2021-07-12T10:55:25,2000.0,30.6,S
2021-07-12T10:55:23,4600.0,30.6,S
2021-07-12T10:55:19,1600.0,30.6,B
2021-07-12T10:55:04,100.0,30.6,S
2021-07-12T10:55:02,300.0,30.65,B
2021-07-12T10:54:58,1000.0,30.6,B
2021-07-12T10:54:42,24000.0,30.6,S
2021-07-12T10:54:21,100.0,30.6,B
2021-07-12T10:54:21,25900.0,30.6,B
2021-07-12T10:53:52,500.0,30.6,B
2021-07-12T10:53:32,1000.0,30.6,B
2021-07-12T10:52:53,500.0,30.6,B
2021-07-12T10:52:47,200.0,30.6,B
2021-07-12T10:52:40,10000.0,30.6,B
2021-07-12T10:52:31,900.0,30.6,B
2021-07-12T10:52:19,900.0,30.6,B
2021-07-12T10:52:05,7000.0,30.6,B
2021-07-12T10:52:01,200.0,30.6,B
2021-07-12T10:51:54,200.0,30.6,B
2021-07-12T10:51:45,500.0,30.6,B
2021-07-12T10:51:33,100.0,30.6,B
2021-07-12T10:51:20,50000.0,30.6,B
2021-07-12T10:51:18,600.0,30.6,B
2021-07-12T10:51:07,1000.0,30.6,B
2021-07-12T10:50:57,100.0,30.6,B
2021-07-12T10:50:43,100.0,30.6,B
2021-07-12T10:50:13,300.0,30.6,B
2021-07-12T10:49:58,1000.0,30.6,B
2021-07-12T10:49:42,100.0,30.6,B
2021-07-12T10:49:25,100.0,30.6,B
2021-07-12T10:49:23,200.0,30.6,B
2021-07-12T10:49:05,800.0,30.6,B
2021-07-12T10:48:55,2000.0,30.6,B
2021-07-12T10:48:45,1000.0,30.6,B
2021-07-12T10:48:33,200.0,30.6,B
2021-07-12T10:48:27,1000.0,30.6,B
2021-07-12T10:48:21,1100.0,30.6,B
2021-07-12T10:48:15,900.0,30.6,B
2021-07-12T10:47:55,2000.0,30.6,B
2021-07-12T10:47:47,100.0,30.6,B
2021-07-12T10:47:43,200.0,30.6,B
2021-07-12T10:47:42,1800.0,30.6,B
2021-07-12T10:47:36,100.0,30.6,S
2021-07-12T10:47:36,1200.0,30.6,S
2021-07-12T10:47:36,400.0,30.6,S
2021-07-12T10:47:36,2300.0,30.6,S
2021-07-12T10:47:36,4100.0,30.6,S
2021-07-12T10:47:36,11800.0,30.6,S
2021-07-12T10:47:36,2200.0,30.6,S
2021-07-12T10:47:36,400.0,30.6,S
2021-07-12T10:47:36,6000.0,30.6,S
2021-07-12T10:47:30,1000.0,30.6,S
2021-07-12T10:47:28,500.0,30.6,S
2021-07-12T10:47:19,500.0,30.6,S
2021-07-12T10:47:19,900.0,30.6,S
2021-07-12T10:46:59,500.0,30.6,S
2021-07-12T10:46:48,3300.0,30.6,S
2021-07-12T10:46:36,500.0,30.65,S
2021-07-12T10:45:53,15500.0,30.6,S
2021-07-12T10:45:53,1100.0,30.6,S
2021-07-12T10:45:53,500.0,30.6,S
2021-07-12T10:45:53,17900.0,30.6,S
2021-07-12T10:45:42,9800.0,30.7,B
2021-07-12T10:45:40,400.0,30.65,S
2021-07-12T10:45:39,3000.0,30.65,S
2021-07-12T10:45:39,500.0,30.65,S
2021-07-12T10:45:33,700.0,30.65,S
2021-07-12T10:45:18,200.0,30.65,S
2021-07-12T10:44:50,100.0,30.65,B
2021-07-12T10:44:50,10000.0,30.65,B
2021-07-12T10:44:50,3600.0,30.65,B
2021-07-12T10:44:30,2000.0,30.65,B
2021-07-12T10:44:18,100.0,30.6,S
2021-07-12T10:44:08,1000.0,30.65,B
2021-07-12T10:44:04,600.0,30.65,S
2021-07-12T10:43:32,200.0,30.65,S
2021-07-12T10:43:23,4000.0,30.6,S
2021-07-12T10:43:21,100.0,30.6,S
2021-07-12T10:43:19,4100.0,30.7,B
2021-07-12T10:43:19,3200.0,30.7,B
2021-07-12T10:42:11,2700.0,30.6,B
2021-07-12T10:42:05,5000.0,30.6,B
2021-07-12T10:42:03,1800.0,30.6,B
2021-07-12T10:42:03,3200.0,30.6,B
2021-07-12T10:41:53,1000.0,30.6,B
2021-07-12T10:41:51,300.0,30.6,B
2021-07-12T10:41:50,20000.0,30.6,B
2021-07-12T10:41:45,1000.0,30.6,B
2021-07-12T10:41:39,500.0,30.6,B
2021-07-12T10:41:38,5000.0,30.6,B
2021-07-12T10:41:31,300.0,30.6,B
2021-07-12T10:41:31,2000.0,30.6,B
2021-07-12T10:41:31,500.0,30.6,B
2021-07-12T10:41:31,17200.0,30.6,B
2021-07-12T10:41:26,100.0,30.6,B
2021-07-12T10:41:24,1000.0,30.6,B
2021-07-12T10:41:15,2000.0,30.6,B
2021-07-12T10:41:13,300.0,30.6,B
2021-07-12T10:41:09,20000.0,30.6,B
2021-07-12T10:41:08,500.0,30.6,B
2021-07-12T10:41:01,1000.0,30.6,B
2021-07-12T10:40:58,11800.0,30.6,B
2021-07-12T10:40:58,1200.0,30.6,B
2021-07-12T10:40:58,200.0,30.6,B
2021-07-12T10:40:58,6800.0,30.6,B
2021-07-12T10:40:53,300.0,30.6,B
2021-07-12T10:40:52,19700.0,30.6,B
2021-07-12T10:40:40,500.0,30.6,B
2021-07-12T10:40:40,1000.0,30.6,B
2021-07-12T10:40:38,2000.0,30.6,B
2021-07-12T10:40:33,11700.0,30.6,B
2021-07-12T10:40:33,1800.0,30.6,B
2021-07-12T10:40:32,3600.0,30.6,B
2021-07-12T10:40:32,2900.0,30.6,B
2021-07-12T10:40:30,1000.0,30.6,B
2021-07-12T10:40:21,5000.0,30.6,B
2021-07-12T10:39:55,13500.0,30.6,B
2021-07-12T10:39:55,6500.0,30.6,B
2021-07-12T10:39:46,500.0,30.6,B
2021-07-12T10:38:52,20000.0,30.6,B
2021-07-12T10:38:38,200.0,30.6,B
2021-07-12T10:38:32,1000.0,30.6,B
2021-07-12T10:37:50,20000.0,30.6,B
2021-07-12T10:36:03,5000.0,30.6,B
2021-07-12T10:35:39,1000.0,30.6,B
2021-07-12T10:34:49,200.0,30.6,B
2021-07-12T10:34:42,3000.0,30.6,B
2021-07-12T10:34:27,100.0,30.6,B
2021-07-12T10:34:18,100.0,30.6,B
2021-07-12T10:33:57,15000.0,30.6,B
2021-07-12T10:33:06,100.0,30.6,B
2021-07-12T10:32:55,200.0,30.6,B
2021-07-12T10:32:40,500.0,30.6,B
2021-07-12T10:32:34,100.0,30.6,B
2021-07-12T10:32:28,2000.0,30.6,B
2021-07-12T10:31:17,800.0,30.6,B
2021-07-12T10:31:01,1000.0,30.6,B
2021-07-12T10:30:36,2000.0,30.6,B
2021-07-12T10:29:52,1200.0,30.6,B
2021-07-12T10:29:52,11100.0,30.6,S
2021-07-12T10:29:52,1100.0,30.6,S
2021-07-12T10:29:52,1300.0,30.6,S
2021-07-12T10:29:52,13400.0,30.6,S
2021-07-12T10:29:49,2800.0,30.6,S
2021-07-12T10:29:46,1000.0,30.6,S
2021-07-12T10:29:37,2000.0,30.6,S
2021-07-12T10:29:36,30000.0,30.6,S
2021-07-12T10:29:32,9000.0,30.6,S
2021-07-12T10:29:31,20000.0,30.6,S
2021-07-12T10:29:28,12800.0,30.6,S
2021-07-12T10:29:28,900.0,30.6,S
2021-07-12T10:29:28,200.0,30.6,S
2021-07-12T10:29:28,6100.0,30.6,S
2021-07-12T10:29:28,100.0,30.65,B
2021-07-12T10:29:23,300.0,30.6,S
2021-07-12T10:29:19,1700.0,30.6,S
2021-07-12T10:29:19,300.0,30.6,S
2021-07-12T10:29:19,2600.0,30.6,S
2021-07-12T10:29:06,700.0,30.6,S
2021-07-12T10:29:04,300.0,30.6,S
2021-07-12T10:29:03,12000.0,30.6,S
2021-07-12T10:29:01,4000.0,30.6,S
2021-07-12T10:28:55,6200.0,30.6,S
2021-07-12T10:28:55,20300.0,30.6,S
2021-07-12T10:28:55,500.0,30.6,S
2021-07-12T10:28:55,8200.0,30.6,S
2021-07-12T10:28:55,500.0,30.6,S
2021-07-12T10:28:55,14300.0,30.6,S
2021-07-12T10:28:54,3400.0,30.6,S
2021-07-12T10:28:38,200.0,30.6,S
2021-07-12T10:28:32,44700.0,30.6,S
2021-07-12T10:28:32,300.0,30.6,S
2021-07-12T10:27:55,100.0,30.6,S
2021-07-12T10:27:33,200.0,30.65,S
2021-07-12T10:27:33,300.0,30.65,S
2021-07-12T10:27:33,100.0,30.65,S
2021-07-12T10:27:33,3800.0,30.65,S
2021-07-12T10:27:28,10000.0,30.65,S
2021-07-12T10:27:26,200.0,30.65,S
2021-07-12T10:27:26,300.0,30.65,S
2021-07-12T10:27:22,200.0,30.65,S
2021-07-12T10:27:17,500.0,30.65,S
2021-07-12T10:27:07,200.0,30.65,S
2021-07-12T10:26:55,500.0,30.65,S
2021-07-12T10:26:48,500.0,30.65,S
2021-07-12T10:26:47,4000.0,30.65,S
2021-07-12T10:26:40,5000.0,30.65,S
2021-07-12T10:26:39,1000.0,30.65,S
2021-07-12T10:26:38,10000.0,30.65,S
2021-07-12T10:26:36,900.0,30.65,S
2021-07-12T10:26:23,300.0,30.65,S
2021-07-12T10:24:08,100.0,30.65,S
2021-07-12T10:23:58,200.0,30.7,B
2021-07-12T10:23:55,1000.0,30.7,B
2021-07-12T10:23:55,3000.0,30.7,B
2021-07-12T10:23:52,300.0,30.65,S
2021-07-12T10:23:37,200.0,30.65,S
2021-07-12T10:23:33,300.0,30.65,S
2021-07-12T10:23:14,100.0,30.65,S
2021-07-12T10:23:11,1400.0,30.65,S
2021-07-12T10:22:32,200.0,30.65,S
2021-07-12T10:22:26,1000.0,30.65,S
2021-07-12T10:22:20,200.0,30.65,S
2021-07-12T10:21:15,4000.0,30.65,S
2021-07-12T10:21:11,400.0,30.65,S
2021-07-12T10:20:07,200.0,30.65,S
2021-07-12T10:19:57,100.0,30.65,B
2021-07-12T10:19:48,600.0,30.65,B
2021-07-12T10:19:47,1500.0,30.6,S
2021-07-12T10:19:31,500.0,30.65,B
2021-07-12T10:19:02,1500.0,30.65,B
2021-07-12T10:18:59,800.0,30.6,S
2021-07-12T10:18:49,7400.0,30.6,S
2021-07-12T10:18:49,2000.0,30.6,S
2021-07-12T10:18:49,5300.0,30.6,S
2021-07-12T10:18:49,5300.0,30.6,S
2021-07-12T10:18:45,1600.0,30.6,S
2021-07-12T10:18:27,1000.0,30.6,S
2021-07-12T10:18:26,100.0,30.65,B
2021-07-12T10:18:23,20000.0,30.6,S
2021-07-12T10:18:22,200.0,30.6,S
2021-07-12T10:18:18,100.0,30.6,S
2021-07-12T10:18:16,3000.0,30.6,S
2021-07-12T10:18:12,2300.0,30.6,S
2021-07-12T10:18:05,7700.0,30.6,S
2021-07-12T10:18:05,300.0,30.6,S
2021-07-12T10:18:05,4000.0,30.6,S
2021-07-12T10:17:55,100.0,30.65,B
2021-07-12T10:17:49,23500.0,30.6,S
2021-07-12T10:17:37,1000.0,30.6,S
2021-07-12T10:17:37,200.0,30.6,S
2021-07-12T10:17:37,100.0,30.65,B
2021-07-12T10:17:34,100.0,30.6,S
2021-07-12T10:17:19,1000.0,30.6,S
2021-07-12T10:17:12,2000.0,30.6,S
2021-07-12T10:17:10,1000.0,30.6,S
2021-07-12T10:17:06,400.0,30.6,S
2021-07-12T10:17:03,500.0,30.65,B
2021-07-12T10:17:03,3000.0,30.65,B
2021-07-12T10:17:00,5000.0,30.6,S
2021-07-12T10:16:58,79800.0,30.6,S
2021-07-12T10:16:58,4500.0,30.6,S
2021-07-12T10:16:58,4100.0,30.6,S
2021-07-12T10:16:58,4200.0,30.6,S
2021-07-12T10:16:58,5000.0,30.6,S
2021-07-12T10:16:58,2400.0,30.6,S
2021-07-12T10:16:54,500.0,30.6,S
2021-07-12T10:16:53,5000.0,30.6,S
2021-07-12T10:16:46,2200.0,30.6,S
2021-07-12T10:16:46,1900.0,30.6,S
2021-07-12T10:16:46,600.0,30.6,S
2021-07-12T10:16:46,2100.0,30.6,S
2021-07-12T10:16:30,1000.0,30.6,S
2021-07-12T10:16:24,100.0,30.6,S
2021-07-12T10:16:24,9400.0,30.6,S
2021-07-12T10:16:20,200.0,30.6,S
2021-07-12T10:16:19,100.0,30.6,S
2021-07-12T10:15:50,100.0,30.6,S
2021-07-12T10:15:50,200.0,30.6,S
2021-07-12T10:15:44,700.0,30.6,S
2021-07-12T10:15:35,100.0,30.6,S
2021-07-12T10:15:17,3000.0,30.6,S
2021-07-12T10:14:47,12000.0,30.6,S
2021-07-12T10:14:43,1000.0,30.65,S
2021-07-12T10:14:37,400.0,30.65,S
2021-07-12T10:14:24,300.0,30.65,S
2021-07-12T10:14:18,200.0,30.65,S
2021-07-12T10:14:12,3000.0,30.65,S
2021-07-12T10:14:07,1000.0,30.65,S
2021-07-12T10:14:04,1000.0,30.65,S
2021-07-12T10:13:32,300.0,30.65,S
2021-07-12T10:13:13,2000.0,30.7,B
2021-07-12T10:12:45,500.0,30.65,S
2021-07-12T10:12:22,1000.0,30.7,B
2021-07-12T10:12:10,200.0,30.7,B
2021-07-12T10:11:39,3500.0,30.6,S
2021-07-12T10:11:33,500.0,30.7,B
2021-07-12T10:11:33,200.0,30.7,B
2021-07-12T10:11:04,4000.0,30.6,S
2021-07-12T10:10:52,2000.0,30.6,S
2021-07-12T10:10:50,1900.0,30.6,S
2021-07-12T10:10:31,400.0,30.7,B
2021-07-12T10:10:31,100.0,30.7,B
2021-07-12T10:10:31,5000.0,30.7,B
2021-07-12T10:10:07,1400.0,30.6,S
2021-07-12T10:10:07,14200.0,30.6,S
2021-07-12T10:10:07,3200.0,30.6,S
2021-07-12T10:10:07,23400.0,30.6,S
2021-07-12T10:09:51,24300.0,30.6,S
2021-07-12T10:09:27,7600.0,30.6,S
2021-07-12T10:09:27,1500.0,30.6,S
2021-07-12T10:09:27,400.0,30.6,S
2021-07-12T10:09:27,300.0,30.6,S
2021-07-12T10:09:27,6100.0,30.6,S
2021-07-12T10:09:27,100.0,30.6,S
2021-07-12T10:09:27,200.0,30.6,S
2021-07-12T10:09:27,100.0,30.6,S
2021-07-12T10:09:27,3900.0,30.6,S
2021-07-12T10:09:27,600.0,30.6,S
2021-07-12T10:09:27,3200.0,30.6,S
2021-07-12T10:09:27,900.0,30.6,S
2021-07-12T10:09:27,12400.0,30.6,S
2021-07-12T10:09:27,62700.0,30.6,S
2021-07-12T10:09:21,1100.0,30.65,S
2021-07-12T10:09:21,2200.0,30.65,S
2021-07-12T10:09:21,16700.0,30.65,S
2021-07-12T10:09:17,1000.0,30.7,B
2021-07-12T10:09:08,100.0,30.7,B
2021-07-12T10:08:58,5000.0,30.65,S
2021-07-12T10:08:56,200.0,30.65,S
2021-07-12T10:08:30,3000.0,30.7,B
2021-07-12T10:08:28,11000.0,30.7,S
2021-07-12T10:08:13,200.0,30.7,S
2021-07-12T10:07:43,200.0,30.7,S
2021-07-12T10:07:04,700.0,30.7,S
2021-07-12T10:06:41,3000.0,30.7,S
2021-07-12T10:06:39,3100.0,30.7,B
2021-07-12T10:06:39,1000.0,30.7,B
2021-07-12T10:06:39,2200.0,30.7,B
2021-07-12T10:06:38,2900.0,30.7,B
2021-07-12T10:06:38,4100.0,30.7,B
2021-07-12T10:05:55,2600.0,30.7,B
2021-07-12T10:05:34,1100.0,30.65,S
2021-07-12T10:04:57,200.0,30.65,S
2021-07-12T10:04:54,100.0,30.7,B
2021-07-12T10:04:45,100.0,30.7,B
2021-07-12T10:04:41,200.0,30.7,B
2021-07-12T10:04:41,3000.0,30.7,B
2021-07-12T10:04:25,800.0,30.65,S
2021-07-12T10:04:25,1200.0,30.65,S
2021-07-12T10:04:12,1000.0,30.65,S
2021-07-12T10:03:53,300.0,30.7,B
2021-07-12T10:03:46,100.0,30.7,B
2021-07-12T10:03:13,300.0,30.7,B
2021-07-12T10:03:01,1000.0,30.7,S
2021-07-12T10:03:01,2900.0,30.7,S
2021-07-12T10:03:01,1300.0,30.7,S
2021-07-12T10:03:01,2700.0,30.7,S
2021-07-12T10:02:37,300.0,30.7,S
2021-07-12T10:02:35,600.0,30.7,S
2021-07-12T10:02:35,100.0,30.7,S
2021-07-12T10:02:35,1900.0,30.7,S
2021-07-12T10:02:35,1400.0,30.7,S
2021-07-12T10:02:35,1000.0,30.75,S
2021-07-12T10:02:27,1000.0,30.75,S
2021-07-12T10:01:59,100.0,30.75,S
2021-07-12T10:01:56,1000.0,30.75,S
2021-07-12T10:01:41,900.0,30.75,S
2021-07-12T10:01:41,100.0,30.75,S
2021-07-12T10:01:41,100.0,30.75,S
2021-07-12T10:01:41,1600.0,30.75,S
2021-07-12T10:01:41,1600.0,30.8,B
2021-07-12T10:01:41,500.0,30.8,B
2021-07-12T10:01:40,900.0,30.8,B
2021-07-12T10:01:14,600.0,30.75,S
2021-07-12T10:01:09,200.0,30.75,S
2021-07-12T10:01:06,1000.0,30.75,S
2021-07-12T10:01:00,10000.0,30.75,S
2021-07-12T10:00:51,1200.0,30.8,B
2021-07-12T10:00:49,100.0,30.75,S
2021-07-12T10:00:35,2000.0,30.75,S
2021-07-12T09:59:59,1400.0,30.75,B
2021-07-12T09:59:53,600.0,30.75,B
2021-07-12T09:59:45,100.0,30.75,S
2021-07-12T09:59:36,200.0,30.75,S
2021-07-12T09:59:36,200.0,30.75,S
2021-07-12T09:59:36,100.0,30.75,S
2021-07-12T09:59:20,100.0,30.75,S
2021-07-12T09:59:15,1000.0,30.8,B
2021-07-12T09:58:36,5000.0,30.8,B
2021-07-12T09:58:32,2500.0,30.75,S
2021-07-12T09:58:16,2000.0,30.8,B
2021-07-12T09:58:01,100.0,30.8,B
2021-07-12T09:57:44,2000.0,30.8,B
2021-07-12T09:57:10,1000.0,30.8,B
2021-07-12T09:57:02,1100.0,30.8,B
2021-07-12T09:57:02,1300.0,30.8,B
2021-07-12T09:57:02,1500.0,30.8,B
2021-07-12T09:57:02,4400.0,30.8,B
2021-07-12T09:57:02,300.0,30.75,S
2021-07-12T09:56:56,2700.0,30.8,B
2021-07-12T09:56:25,2000.0,30.8,B
2021-07-12T09:56:24,2000.0,30.75,S
2021-07-12T09:56:18,1000.0,30.75,S
2021-07-12T09:55:56,300.0,30.75,S
2021-07-12T09:55:40,100.0,30.75,S
2021-07-12T09:55:38,17400.0,30.75,B
2021-07-12T09:55:34,100.0,30.7,S
2021-07-12T09:55:09,1000.0,30.7,S
2021-07-12T09:54:57,200.0,30.7,S
2021-07-12T09:54:57,2700.0,30.7,S
2021-07-12T09:54:35,800.0,30.7,B
2021-07-12T09:54:32,100.0,30.7,B
2021-07-12T09:54:09,100.0,30.7,B
2021-07-12T09:53:57,10000.0,30.65,S
2021-07-12T09:53:55,200.0,30.7,B
2021-07-12T09:53:47,200.0,30.7,B
2021-07-12T09:53:46,2800.0,30.7,B
2021-07-12T09:53:31,800.0,30.7,B
2021-07-12T09:52:54,1000.0,30.7,B
2021-07-12T09:52:53,700.0,30.65,S
2021-07-12T09:52:49,100.0,30.65,S
2021-07-12T09:52:33,4700.0,30.6,S
2021-07-12T09:52:33,6200.0,30.6,S
2021-07-12T09:52:26,200.0,30.65,S
2021-07-12T09:52:25,500.0,30.65,B
2021-07-12T09:52:16,800.0,30.6,S
2021-07-12T09:52:11,500.0,30.65,S
2021-07-12T09:52:09,12300.0,30.6,S
2021-07-12T09:52:09,2700.0,30.65,S
2021-07-12T09:51:41,3000.0,30.65,S
2021-07-12T09:51:38,100.0,30.65,S
2021-07-12T09:51:30,600.0,30.65,B
2021-07-12T09:51:21,300.0,30.65,B
2021-07-12T09:51:10,41700.0,30.6,S
2021-07-12T09:51:10,3000.0,30.6,S
2021-07-12T09:51:10,1000.0,30.6,S
2021-07-12T09:51:10,3000.0,30.6,S
2021-07-12T09:51:09,25000.0,30.6,S
2021-07-12T09:51:09,500.0,30.7,B
2021-07-12T09:51:02,300.0,30.7,B
2021-07-12T09:50:28,300.0,30.7,S
2021-07-12T09:50:22,1000.0,30.6,S
2021-07-12T09:50:18,18500.0,30.6,S
2021-07-12T09:50:18,1500.0,30.6,S
2021-07-12T09:50:18,2100.0,30.6,S
2021-07-12T09:50:18,1700.0,30.6,S
2021-07-12T09:50:18,7000.0,30.65,S
2021-07-12T09:50:18,1000.0,30.65,S
2021-07-12T09:50:18,18200.0,30.65,S
2021-07-12T09:49:31,500.0,30.75,B
2021-07-12T09:49:10,500.0,30.75,B
2021-07-12T09:49:08,1200.0,30.65,S
2021-07-12T09:49:01,100.0,30.75,B
2021-07-12T09:48:48,300.0,30.65,S
2021-07-12T09:48:30,100.0,30.75,B
2021-07-12T09:48:21,2000.0,30.65,S
2021-07-12T09:48:10,800.0,30.75,S
2021-07-12T09:48:02,4000.0,30.8,B
2021-07-12T09:47:47,200.0,30.75,B
2021-07-12T09:47:39,1300.0,30.65,S
2021-07-12T09:47:25,32600.0,30.65,S
2021-07-12T09:47:25,500.0,30.7,S
2021-07-12T09:47:25,6000.0,30.7,S
2021-07-12T09:47:25,600.0,30.7,S
2021-07-12T09:47:25,2100.0,30.7,S
2021-07-12T09:47:25,9200.0,30.7,S
2021-07-12T09:47:25,9000.0,30.7,S
2021-07-12T09:47:21,2000.0,30.8,B
2021-07-12T09:47:08,1300.0,30.75,S
2021-07-12T09:47:08,1400.0,30.75,S
2021-07-12T09:47:03,3700.0,30.75,S
2021-07-12T09:46:51,100.0,30.75,S
2021-07-12T09:46:37,300.0,30.75,S
2021-07-12T09:46:25,200.0,30.8,B
2021-07-12T09:46:22,1000.0,30.75,S
2021-07-12T09:46:17,1000.0,30.8,B
2021-07-12T09:46:11,200.0,30.8,B
2021-07-12T09:46:05,10000.0,30.8,B
2021-07-12T09:46:03,3000.0,30.8,B
2021-07-12T09:45:51,100.0,30.8,B
2021-07-12T09:45:44,1000.0,30.8,B
2021-07-12T09:45:44,200.0,30.8,B
2021-07-12T09:45:35,1000.0,30.8,B
2021-07-12T09:45:31,1000.0,30.8,B
2021-07-12T09:45:30,500.0,30.8,B
2021-07-12T09:45:26,1000.0,30.8,B
2021-07-12T09:45:15,300.0,30.8,B
2021-07-12T09:45:15,3000.0,30.8,B
2021-07-12T09:45:09,100.0,30.8,B
2021-07-12T09:45:06,10000.0,30.8,B
2021-07-12T09:45:01,100.0,30.8,B
2021-07-12T09:44:52,1000.0,30.8,B
2021-07-12T09:44:40,2000.0,30.8,B
2021-07-12T09:44:23,1400.0,30.8,B
2021-07-12T09:44:02,500.0,30.75,B
2021-07-12T09:44:02,1700.0,30.75,B
2021-07-12T09:43:39,1000.0,30.7,S
2021-07-12T09:43:33,200.0,30.75,B
2021-07-12T09:43:30,100.0,30.75,B
2021-07-12T09:43:24,200.0,30.7,S
2021-07-12T09:43:24,300.0,30.8,B
2021-07-12T09:43:19,2700.0,30.7,S
2021-07-12T09:43:16,1600.0,30.7,S
2021-07-12T09:43:16,100.0,30.75,S
2021-07-12T09:43:07,2000.0,30.75,S
2021-07-12T09:43:06,100.0,30.8,B
2021-07-12T09:43:05,1500.0,30.75,S
2021-07-12T09:43:05,1000.0,30.8,B
2021-07-12T09:42:56,200.0,30.8,B
2021-07-12T09:42:39,100.0,30.7,S
2021-07-12T09:42:31,100.0,30.7,S
2021-07-12T09:42:28,3000.0,30.75,B
2021-07-12T09:42:02,2400.0,30.7,B
2021-07-12T09:41:52,5000.0,30.6,S
2021-07-12T09:41:36,200.0,30.6,S
2021-07-12T09:41:35,500.0,30.6,S
2021-07-12T09:41:29,3600.0,30.6,S
2021-07-12T09:41:26,1500.0,30.6,S
2021-07-12T09:41:12,100.0,30.6,S
2021-07-12T09:41:09,300.0,30.6,S
2021-07-12T09:41:09,100.0,30.7,B
2021-07-12T09:40:53,300.0,30.6,S
2021-07-12T09:40:52,4000.0,30.6,S
2021-07-12T09:40:45,1000.0,30.6,S
2021-07-12T09:40:37,700.0,30.6,S
2021-07-12T09:40:35,500.0,30.6,S
2021-07-12T09:40:33,100.0,30.7,S
2021-07-12T09:40:25,300.0,30.7,S
2021-07-12T09:40:24,200.0,30.75,B
2021-07-12T09:40:09,200.0,30.75,B
2021-07-12T09:40:01,20000.0,30.6,S
2021-07-12T09:40:01,200.0,30.6,S
2021-07-12T09:40:01,100.0,30.6,S
2021-07-12T09:40:01,200.0,30.6,S
2021-07-12T09:40:01,29500.0,30.6,S
2021-07-12T09:39:55,200.0,30.7,S
2021-07-12T09:39:53,2200.0,30.7,S
2021-07-12T09:39:51,2600.0,30.7,B
2021-07-12T09:39:50,7400.0,30.6,S
2021-07-12T09:39:47,700.0,30.7,B
2021-07-12T09:39:46,29400.0,30.6,S
2021-07-12T09:39:46,20600.0,30.6,S
2021-07-12T09:39:42,1600.0,30.7,B
2021-07-12T09:39:40,500.0,30.6,S
2021-07-12T09:39:39,500.0,30.6,S
2021-07-12T09:39:38,10000.0,30.6,S
2021-07-12T09:39:37,1900.0,30.6,S
2021-07-12T09:39:35,800.0,30.6,S
2021-07-12T09:39:30,1000.0,30.6,S
2021-07-12T09:39:27,14000.0,30.7,B
2021-07-12T09:39:23,2000.0,30.6,S
2021-07-12T09:39:13,500.0,30.6,S
2021-07-12T09:39:13,500.0,30.7,B
2021-07-12T09:39:10,200.0,30.7,B
2021-07-12T09:39:09,100.0,30.6,S
2021-07-12T09:39:05,1000.0,30.7,B
2021-07-12T09:39:02,600.0,30.6,S
2021-07-12T09:38:58,200.0,30.7,B
2021-07-12T09:38:50,600.0,30.6,S
2021-07-12T09:38:49,100.0,30.7,B
2021-07-12T09:38:48,1000.0,30.6,S
2021-07-12T09:38:44,1000.0,30.6,S
2021-07-12T09:38:26,300.0,30.6,S
2021-07-12T09:38:23,500.0,30.6,S
2021-07-12T09:38:22,300.0,30.7,B
2021-07-12T09:38:21,10000.0,30.6,S
2021-07-12T09:38:14,400.0,30.6,S
2021-07-12T09:38:14,1000.0,30.6,B
2021-07-12T09:38:14,2500.0,30.6,B
2021-07-12T09:38:13,100.0,30.6,B
2021-07-12T09:38:13,10000.0,30.6,B
2021-07-12T09:38:10,300.0,30.6,B
2021-07-12T09:38:09,200.0,30.6,B
2021-07-12T09:38:09,2000.0,30.6,B
2021-07-12T09:38:08,10000.0,30.6,B
2021-07-12T09:38:03,50000.0,30.6,B
2021-07-12T09:38:03,100.0,30.6,B
2021-07-12T09:37:57,300.0,30.6,B
2021-07-12T09:37:56,100.0,30.6,B
2021-07-12T09:37:50,5000.0,30.6,B
2021-07-12T09:37:49,5000.0,30.6,B
2021-07-12T09:37:48,100.0,30.6,B
2021-07-12T09:37:48,2000.0,30.6,B
2021-07-12T09:37:48,1000.0,30.6,B
2021-07-12T09:37:46,10000.0,30.6,B
2021-07-12T09:37:44,16000.0,30.6,B
2021-07-12T09:37:41,100.0,30.6,B
2021-07-12T09:37:37,10000.0,30.6,B
2021-07-12T09:37:33,8000.0,30.6,B
2021-07-12T09:37:33,200.0,30.6,B
2021-07-12T09:37:33,4000.0,30.6,B
2021-07-12T09:37:32,20000.0,30.6,B
2021-07-12T09:37:32,100.0,30.6,B
2021-07-12T09:37:30,30000.0,30.6,B
2021-07-12T09:37:27,56100.0,30.6,S
2021-07-12T09:37:27,20400.0,30.6,S
2021-07-12T09:37:27,700.0,30.6,S
2021-07-12T09:37:27,800.0,30.6,S
2021-07-12T09:37:27,2300.0,30.6,S
2021-07-12T09:37:27,1000.0,30.6,S
2021-07-12T09:37:27,1300.0,30.6,S
2021-07-12T09:37:27,10500.0,30.6,S
2021-07-12T09:37:27,2300.0,30.6,S
2021-07-12T09:37:27,1000.0,30.6,S
2021-07-12T09:37:27,1600.0,30.6,S
2021-07-12T09:37:27,900.0,30.6,S
2021-07-12T09:37:24,3000.0,30.6,S
2021-07-12T09:37:22,2000.0,30.6,S
2021-07-12T09:37:20,900.0,30.7,B
2021-07-12T09:37:18,50000.0,30.6,S
2021-07-12T09:37:12,20000.0,30.6,S
2021-07-12T09:37:11,8400.0,30.6,S
2021-07-12T09:37:11,10400.0,30.6,S
2021-07-12T09:37:11,3600.0,30.6,S
2021-07-12T09:37:11,37600.0,30.6,S
2021-07-12T09:37:07,1000.0,30.65,S
2021-07-12T09:37:06,5000.0,30.65,S
2021-07-12T09:37:05,10000.0,30.75,B
2021-07-12T09:37:04,3000.0,30.65,S
2021-07-12T09:37:04,2000.0,30.65,S
2021-07-12T09:37:01,20000.0,30.75,B
2021-07-12T09:37:00,100000.0,30.65,S
2021-07-12T09:36:59,100.0,30.7,S
2021-07-12T09:36:54,400.0,30.7,S
2021-07-12T09:36:53,1000.0,30.7,S
2021-07-12T09:36:51,3000.0,30.65,S
2021-07-12T09:36:44,4500.0,30.65,S
2021-07-12T09:36:44,200.0,30.7,S
2021-07-12T09:36:44,300.0,30.7,S
2021-07-12T09:36:41,1300.0,30.7,S
2021-07-12T09:36:38,5000.0,30.7,S
2021-07-12T09:36:30,10000.0,30.75,B
2021-07-12T09:36:28,2100.0,30.75,S
2021-07-12T09:36:23,2000.0,30.8,B
2021-07-12T09:36:14,100.0,30.8,B
2021-07-12T09:35:53,5000.0,30.8,B
2021-07-12T09:35:45,500.0,30.8,B
2021-07-12T09:35:40,300.0,30.8,B
2021-07-12T09:35:32,2700.0,30.8,S
2021-07-12T09:35:32,800.0,30.8,S
2021-07-12T09:35:29,200.0,30.8,S
2021-07-12T09:35:26,1000.0,30.8,S
2021-07-12T09:35:23,30000.0,30.8,S
2021-07-12T09:35:19,26900.0,30.8,S
2021-07-12T09:35:19,1000.0,30.8,S
2021-07-12T09:35:19,2100.0,30.8,S
2021-07-12T09:35:02,400.0,30.8,S
2021-07-12T09:35:02,2600.0,30.8,S
2021-07-12T09:34:54,1000.0,30.8,S
2021-07-12T09:34:45,900.0,31.0,B
2021-07-12T09:34:45,800.0,30.8,S
2021-07-12T09:34:43,500.0,30.8,S
2021-07-12T09:34:38,40000.0,30.8,S
2021-07-12T09:34:28,20000.0,30.8,S
2021-07-12T09:34:26,100.0,31.0,B
2021-07-12T09:34:25,200.0,30.9,S
2021-07-12T09:34:16,30000.0,30.8,S
2021-07-12T09:34:10,2200.0,30.8,S
2021-07-12T09:34:01,20000.0,30.8,S
2021-07-12T09:33:53,200.0,30.9,S
2021-07-12T09:33:52,900.0,30.9,S
2021-07-12T09:33:49,400.0,30.9,B
2021-07-12T09:33:48,2000.0,30.8,S
2021-07-12T09:33:41,1000.0,30.8,S
2021-07-12T09:33:36,200.0,30.8,S
2021-07-12T09:33:28,100.0,30.8,S
2021-07-12T09:33:07,300.0,30.8,S
2021-07-12T09:33:04,10000.0,30.8,S
2021-07-12T09:32:58,600.0,30.9,S
2021-07-12T09:32:53,1000.0,30.9,S
2021-07-12T09:32:50,14900.0,30.9,B
2021-07-12T09:32:50,100.0,30.9,B
2021-07-12T09:32:50,3800.0,30.9,B
2021-07-12T09:32:50,6000.0,30.8,S
2021-07-12T09:32:41,500.0,30.8,S
2021-07-12T09:32:37,1500.0,30.8,S
2021-07-12T09:32:27,100.0,30.8,S
2021-07-12T09:32:10,500.0,30.9,B
2021-07-12T09:32:06,1000.0,30.8,S
2021-07-12T09:32:00,1500.0,30.8,S
2021-07-12T09:31:48,5000.0,30.8,S
2021-07-12T09:31:41,200.0,31.0,B
2021-07-12T09:31:34,500.0,30.9,S
2021-07-12T09:31:27,3400.0,30.9,S
2021-07-12T09:31:27,96600.0,30.9,S
2021-07-12T09:31:21,100.0,31.0,B
2021-07-12T09:31:21,1000.0,31.0,B
2021-07-12T09:31:21,18500.0,31.0,B
2021-07-12T09:31:12,200.0,31.0,B
2021-07-12T09:30:59,400.0,31.0,B
2021-07-12T09:30:56,200.0,31.0,S
2021-07-12T09:30:54,200.0,31.0,S
2021-07-12T09:30:54,1000.0,31.0,S
2021-07-12T09:30:53,500.0,31.0,S
2021-07-12T09:30:53,7500.0,31.0,S
2021-07-12T09:30:46,200.0,31.0,S
2021-07-12T09:30:43,3000.0,31.0,S
2021-07-12T09:30:40,100.0,31.0,S
2021-07-12T09:30:38,1000.0,31.0,S
2021-07-12T09:30:34,100.0,31.0,S
2021-07-12T09:30:28,2300.0,31.0,S
2021-07-12T09:30:16,20000.0,31.3,B
2021-07-12T09:30:10,300.0,31.2,S
2021-07-12T09:30:01,31100.0,31.3,S
2021-07-12T09:29:52,3000.0,31.3,S
2021-07-12T09:29:50,1000.0,31.5,B
2021-07-12T09:29:50,6000.0,31.5,B
2021-07-12T09:29:50,700.0,31.5,B
2021-07-12T09:29:50,1100.0,31.5,B
2021-07-12T09:29:50,200.0,31.4,B
2021-07-12T09:29:50,1000.0,31.4,B
2021-07-12T09:29:41,4000.0,31.3,S
2021-07-12T09:29:38,3000.0,31.3,S
2021-07-12T09:29:34,600.0,31.3,S
2021-07-12T09:29:32,500.0,31.3,S
2021-07-12T09:29:27,1700.0,31.3,S
2021-07-12T09:29:15,6100.0,31.3,B
2021-07-12T09:29:12,500.0,31.0,S
2021-07-12T09:29:06,4000.0,31.0,S
2021-07-12T09:29:05,1000.0,31.0,S
2021-07-12T09:29:00,1900.0,31.0,S
2021-07-12T09:28:59,5000.0,31.0,S
2021-07-12T09:28:54,1000.0,31.0,S
2021-07-12T09:28:53,500.0,31.0,S
2021-07-12T09:28:53,3500.0,31.0,S
2021-07-12T09:28:49,600.0,31.0,S
2021-07-12T09:28:49,400.0,31.0,S
2021-07-12T09:28:45,100.0,31.0,S
2021-07-12T09:28:39,100.0,31.0,S
2021-07-12T09:28:39,300.0,31.0,B
2021-07-12T09:28:39,1600.0,31.0,B
2021-07-12T09:28:39,2000.0,31.0,B
2021-07-12T09:28:39,500.0,31.0,B
2021-07-12T09:28:39,6300.0,30.9,S
2021-07-12T09:28:33,1000.0,30.9,S
2021-07-12T09:28:30,1000.0,30.9,S
2021-07-12T09:28:29,7000.0,31.0,B
2021-07-12T09:28:19,5000.0,30.9,S
2021-07-12T09:28:16,700.0,30.9,S
2021-07-12T09:28:14,300.0,30.9,S
2021-07-12T09:28:13,800.0,30.9,S
2021-07-12T09:28:02,1100.0,30.9,S
2021-07-12T09:27:50,1000.0,30.9,S
2021-07-12T09:27:50,20000.0,31.0,B
2021-07-12T09:27:48,20000.0,31.0,B
2021-07-12T09:27:42,600.0,30.9,S
2021-07-12T09:27:35,100.0,31.0,B
2021-07-12T09:27:35,700.0,31.0,S
2021-07-12T09:27:35,100.0,31.0,S
2021-07-12T09:27:35,12900.0,31.0,S
2021-07-12T09:27:35,8200.0,31.0,S
2021-07-12T09:27:35,33700.0,31.1,S
2021-07-12T09:27:31,400.0,31.3,S
2021-07-12T09:27:29,1000.0,31.3,S
2021-07-12T09:27:28,4200.0,31.3,B
2021-07-12T09:27:28,1400.0,31.3,B
2021-07-12T09:27:27,1200.0,31.2,S
2021-07-12T09:27:18,3300.0,31.2,S
2021-07-12T09:27:12,1000.0,31.2,S
2021-07-12T09:27:11,1000.0,31.2,S
2021-07-12T09:27:09,500.0,31.2,S
2021-07-12T09:27:06,100.0,31.2,S
2021-07-12T09:26:58,3400.0,31.2,S
2021-07-12T09:26:58,6600.0,31.2,S
2021-07-12T09:26:50,400.0,31.3,S
2021-07-12T09:26:48,2200.0,31.3,S
2021-07-12T09:26:48,300.0,31.3,S
2021-07-12T09:26:48,1300.0,31.3,S
2021-07-12T09:26:35,100.0,31.4,B
2021-07-12T09:26:33,400.0,31.3,S
2021-07-12T09:26:30,3000.0,31.4,B
2021-07-12T09:26:15,1000.0,31.4,S
2021-07-12T09:26:09,300.0,31.5,S
2021-07-12T09:25:46,1900.0,31.5,S
2021-07-12T09:25:38,3900.0,31.7,S
2021-07-12T09:25:34,1400.0,31.7,S
2021-07-12T09:25:30,200.0,31.7,S
2021-07-12T09:25:14,600.0,31.7,S
2021-07-12T09:25:10,200.0,31.7,S
2021-07-12T09:25:07,1000.0,31.7,S
2021-07-12T09:25:01,500.0,31.7,S
2021-07-12T09:24:49,5800.0,31.7,B
2021-07-12T09:24:49,2100.0,31.7,B
2021-07-12T09:24:49,100.0,31.7,B
2021-07-12T09:24:49,5200.0,31.7,B
2021-07-12T09:24:26,3200.0,31.3,S
2021-07-12T09:24:24,200.0,31.6,B
2021-07-12T09:24:02,1000.0,31.6,B
2021-07-12T09:23:37,500.0,31.3,S
2021-07-12T09:23:32,200.0,31.3,S
2021-07-12T09:23:27,1000.0,31.3,S
2021-07-12T09:23:09,1000.0,31.3,S
2021-07-12T09:23:02,1000.0,31.3,S
2021-07-12T09:22:51,100.0,31.3,B
2021-07-12T09:22:51,4600.0,31.3,B
2021-07-12T09:22:50,1000.0,31.2,S
2021-07-12T09:22:47,4500.0,31.3,B
2021-07-12T09:22:47,800.0,31.2,S
2021-07-12T09:22:47,200.0,31.2,S
2021-07-12T09:22:47,200.0,31.2,S
2021-07-12T09:22:45,2600.0,31.2,S
2021-07-12T09:22:43,1800.0,31.2,S
2021-07-12T09:22:35,100.0,31.2,S
2021-07-12T09:22:35,200.0,31.2,S
2021-07-12T09:22:29,20000.0,31.3,B
2021-07-12T09:22:28,10000.0,31.3,B
2021-07-12T09:22:25,4600.0,31.0,S
2021-07-12T09:22:25,5900.0,31.2,S
2021-07-12T09:22:21,3000.0,31.2,S
2021-07-12T09:22:19,50000.0,31.3,B
2021-07-12T09:22:14,1000.0,31.2,S
2021-07-12T09:22:01,1500.0,31.2,S
2021-07-12T09:21:53,500.0,31.3,B
2021-07-12T09:21:41,500.0,31.3,B
2021-07-12T09:21:40,300.0,31.3,S
2021-07-12T09:21:40,100100.0,31.3,S
2021-07-12T09:21:40,11600.0,31.35,S
2021-07-12T09:21:38,500.0,31.5,B
2021-07-12T09:21:35,300.0,31.5,S
2021-07-12T09:21:34,200.0,31.5,S
2021-07-12T09:21:31,100.0,31.5,S
2021-07-12T09:21:20,4200.0,31.5,S
2021-07-12T09:21:17,300.0,31.5,S
2021-07-12T09:21:10,300.0,31.5,S
2021-07-12T09:21:09,100.0,31.5,S
2021-07-12T09:20:43,200.0,31.5,S
2021-07-12T09:20:27,200.0,31.5,S
2021-07-12T09:20:21,13500.0,31.6,S
2021-07-12T09:20:15,4000.0,31.6,S
2021-07-12T09:20:15,1000.0,31.6,S
2021-07-12T09:20:11,1000.0,31.6,S
2021-07-12T09:20:08,100.0,31.6,S
2021-07-12T09:19:57,700.0,31.6,S
2021-07-12T09:19:50,100.0,31.6,S
2021-07-12T09:19:46,1000.0,31.6,S
2021-07-12T09:19:41,100.0,31.6,S
2021-07-12T09:19:29,3000.0,31.6,S
2021-07-12T09:19:20,100.0,31.6,S
2021-07-12T09:19:15,4900.0,31.6,S
2021-07-12T09:18:15,300.0,31.7,B
2021-07-12T09:18:03,5500.0,31.6,S
2021-07-12T09:18:03,500.0,31.7,S
2021-07-12T09:18:01,200.0,31.7,S
2021-07-12T09:17:58,1500.0,31.7,S
2021-07-12T09:17:51,9000.0,31.7,S
2021-07-12T09:17:48,600.0,31.7,S
2021-07-12T09:17:46,500.0,31.7,S
2021-07-12T09:17:35,2000.0,31.7,S
2021-07-12T09:17:34,20000.0,31.7,S
2021-07-12T09:17:33,1200.0,31.7,S
2021-07-12T09:17:31,600.0,31.7,S
2021-07-12T09:17:28,13300.0,31.7,S
2021-07-12T09:17:19,500.0,31.7,S
2021-07-12T09:17:12,500.0,31.7,S
2021-07-12T09:17:12,100.0,31.7,S
2021-07-12T09:17:04,100.0,31.7,S
2021-07-12T09:16:59,1100.0,31.7,S
2021-07-12T09:16:53,500.0,31.7,S
2021-07-12T09:16:52,1000.0,31.9,B
2021-07-12T09:16:31,500.0,31.7,S
2021-07-12T09:16:27,800.0,31.7,S
2021-07-12T09:16:23,500.0,31.7,S
2021-07-12T09:16:22,3100.0,31.7,S
2021-07-12T09:16:20,500.0,31.6,S
2021-07-12T09:16:12,500.0,31.6,S
2021-07-12T09:16:05,100.0,31.6,S
2021-07-12T09:16:04,500.0,31.6,S
2021-07-12T09:15:57,1500.0,31.6,S
2021-07-12T09:15:48,1000.0,31.6,S
2021-07-12T09:15:31,200.0,31.6,S
2021-07-12T09:15:23,100.0,31.9,B
