tradingTime,volume,price,side
2021-07-12T14:59:49,5000.0,11.5,B
2021-07-12T14:59:39,5000.0,11.5,B
2021-07-12T14:58:22,5000.0,11.5,B
2021-07-12T14:57:59,300.0,11.5,B
2021-07-12T14:57:24,2800.0,11.5,B
2021-07-12T14:57:24,5000.0,11.5,B
2021-07-12T14:56:29,2400.0,11.5,B
2021-07-12T14:55:54,100.0,11.5,B
2021-07-12T14:55:39,200.0,11.5,B
2021-07-12T14:55:29,100.0,11.5,B
2021-07-12T14:55:24,10000.0,11.5,S
2021-07-12T14:55:24,200.0,11.5,S
2021-07-12T14:55:19,2100.0,11.5,S
2021-07-12T14:53:54,200.0,11.6,B
2021-07-12T14:53:49,1000.0,11.5,S
2021-07-12T14:53:24,1100.0,11.5,S
2021-07-12T14:53:24,1700.0,11.5,S
2021-07-12T14:52:59,400.0,11.5,S
2021-07-12T14:52:19,1000.0,11.5,S
2021-07-12T14:51:59,400.0,11.5,S
2021-07-12T14:51:44,100.0,11.5,S
2021-07-12T14:51:39,2000.0,11.5,S
2021-07-12T14:51:09,100.0,11.6,B
2021-07-12T14:49:49,200.0,11.6,B
2021-07-12T14:49:44,1000.0,11.6,B
2021-07-12T14:49:34,600.0,11.5,S
2021-07-12T14:49:19,3000.0,11.5,S
2021-07-12T14:49:14,1400.0,11.5,S
2021-07-12T14:49:14,3500.0,11.5,S
2021-07-12T14:49:04,2000.0,11.5,S
2021-07-12T14:48:09,5000.0,11.5,S
2021-07-12T14:47:58,1100.0,11.6,B
2021-07-12T14:47:49,1500.0,11.5,S
2021-07-12T14:47:49,200.0,11.5,S
2021-07-12T14:47:44,1000.0,11.5,S
2021-07-12T14:47:41,100.0,11.6,B
2021-07-12T14:47:39,200.0,11.5,S
2021-07-12T14:47:26,43000.0,11.5,S
2021-07-12T14:46:49,500.0,11.5,S
2021-07-12T14:46:24,100.0,11.6,B
2021-07-12T14:46:24,700.0,11.5,S
2021-07-12T14:46:05,500.0,11.5,S
2021-07-12T14:45:04,200.0,11.5,S
2021-07-12T14:44:49,1000.0,11.6,B
2021-07-12T14:44:14,1000.0,11.6,B
2021-07-12T14:44:09,2000.0,11.5,S
2021-07-12T14:43:59,1000.0,11.5,S
2021-07-12T14:43:49,3400.0,11.5,S
2021-07-12T14:43:49,200.0,11.5,S
2021-07-12T14:43:34,400.0,11.5,S
2021-07-12T14:43:24,2000.0,11.5,S
2021-07-12T14:43:19,2000.0,11.5,S
2021-07-12T14:42:34,2000.0,11.5,S
2021-07-12T14:42:24,300.0,11.5,S
2021-07-12T14:41:49,2000.0,11.5,S
2021-07-12T14:41:34,2000.0,11.5,S
2021-07-12T14:41:24,200.0,11.5,S
2021-07-12T14:40:44,1000.0,11.5,S
2021-07-12T14:40:04,400.0,11.5,S
2021-07-12T14:39:29,300.0,11.5,S
2021-07-12T14:39:09,1200.0,11.5,S
2021-07-12T14:39:04,500.0,11.5,S
2021-07-12T14:38:54,100.0,11.5,S
2021-07-12T14:38:34,800.0,11.5,S
2021-07-12T14:38:09,500.0,11.5,S
2021-07-12T14:38:04,100.0,11.5,S
2021-07-12T14:37:54,500.0,11.5,S
2021-07-12T14:37:44,3200.0,11.6,B
2021-07-12T14:37:39,100.0,11.6,B
2021-07-12T14:37:29,1200.0,11.5,S
2021-07-12T14:37:24,500.0,11.5,S
2021-07-12T14:37:04,100.0,11.5,S
2021-07-12T14:36:44,500.0,11.5,S
2021-07-12T14:36:34,600.0,11.5,S
2021-07-12T14:36:29,100.0,11.5,S
2021-07-12T14:36:19,100.0,11.5,S
2021-07-12T14:36:14,10000.0,11.5,S
2021-07-12T14:35:49,500.0,11.5,S
2021-07-12T14:35:04,400.0,11.5,S
2021-07-12T14:34:59,1000.0,11.6,B
2021-07-12T14:34:54,200.0,11.6,B
2021-07-12T14:34:39,200.0,11.6,B
2021-07-12T14:33:59,100.0,11.6,B
2021-07-12T14:33:59,22500.0,11.5,S
2021-07-12T14:33:49,100.0,11.6,B
2021-07-12T14:33:44,1000.0,11.5,S
2021-07-12T14:33:34,500.0,11.5,S
2021-07-12T14:33:29,100.0,11.5,S
2021-07-12T14:33:24,100.0,11.6,B
2021-07-12T14:33:09,1000.0,11.6,B
2021-07-12T14:33:04,600.0,11.6,B
2021-07-12T14:32:19,1000.0,11.6,B
2021-07-12T14:32:19,400.0,11.6,B
2021-07-12T14:32:14,100.0,11.6,B
2021-07-12T14:31:59,5000.0,11.6,B
2021-07-12T14:31:54,1000.0,11.6,B
2021-07-12T14:31:49,200.0,11.6,B
2021-07-12T14:31:49,200.0,11.6,B
2021-07-12T14:31:44,400.0,11.6,B
2021-07-12T14:31:39,2400.0,11.6,B
2021-07-12T14:31:34,1000.0,11.6,B
2021-07-12T14:31:29,5000.0,11.6,B
2021-07-12T14:31:19,200.0,11.6,B
2021-07-12T14:31:14,30000.0,11.5,S
2021-07-12T14:31:09,3500.0,11.6,S
2021-07-12T14:30:59,100.0,11.6,S
2021-07-12T14:30:54,700.0,11.6,B
2021-07-12T14:30:49,5300.0,11.5,S
2021-07-12T14:30:49,3000.0,11.6,B
2021-07-12T14:30:49,100.0,11.6,B
2021-07-12T14:30:44,500.0,11.6,B
2021-07-12T14:30:44,5000.0,11.6,B
2021-07-12T14:30:29,500.0,11.5,S
2021-07-12T14:30:24,100.0,11.5,S
2021-07-12T14:30:09,156200.0,11.5,B
2021-07-12T14:30:09,400.0,11.5,B
2021-07-12T14:30:09,2000.0,11.5,B
2021-07-12T14:30:06,2300.0,11.5,B
2021-07-12T14:30:06,900.0,11.5,B
2021-07-12T14:30:03,10000.0,11.5,B
2021-07-12T14:30:03,100.0,11.5,B
2021-07-12T14:30:01,100.0,11.5,B
2021-07-12T14:30:00,20000.0,11.5,B
2021-07-12T14:29:59,3000.0,11.5,B
2021-07-12T14:29:58,500.0,11.5,B
2021-07-12T14:29:57,20000.0,11.5,B
2021-07-12T14:29:55,1000.0,11.5,B
2021-07-12T14:29:55,1000.0,11.5,B
2021-07-12T14:29:53,500.0,11.5,B
2021-07-12T14:29:51,289000.0,11.5,B
2021-07-12T14:29:46,1900.0,11.5,B
2021-07-12T14:29:44,1000.0,11.5,B
2021-07-12T14:29:43,100.0,11.5,B
2021-07-12T14:29:40,500.0,11.5,B
2021-07-12T14:29:36,2000.0,11.5,B
2021-07-12T14:29:30,900.0,11.5,B
2021-07-12T14:29:26,100.0,11.5,B
2021-07-12T14:29:08,100.0,11.5,B
2021-07-12T14:29:03,5000.0,11.5,B
2021-07-12T14:29:00,1000.0,11.5,B
2021-07-12T14:28:59,200.0,11.5,B
2021-07-12T14:28:58,5000.0,11.5,B
2021-07-12T14:28:50,5000.0,11.5,B
2021-07-12T14:28:45,11000.0,11.5,B
2021-07-12T14:28:42,1000.0,11.5,B
2021-07-12T14:28:42,4300.0,11.5,B
2021-07-12T14:28:41,500.0,11.5,B
2021-07-12T14:28:41,15000.0,11.5,B
2021-07-12T14:28:40,10000.0,11.5,B
2021-07-12T14:28:38,900.0,11.5,B
2021-07-12T14:28:38,1000.0,11.5,B
2021-07-12T14:28:37,2000.0,11.5,B
2021-07-12T14:28:35,8000.0,11.5,B
2021-07-12T14:28:31,3500.0,11.5,B
2021-07-12T14:28:29,1000.0,11.5,B
2021-07-12T14:28:26,7000.0,11.5,B
2021-07-12T14:28:22,300.0,11.5,B
2021-07-12T14:28:18,100.0,11.5,B
2021-07-12T14:28:18,800.0,11.5,B
2021-07-12T14:28:17,300.0,11.5,B
2021-07-12T14:28:14,1000.0,11.5,B
2021-07-12T14:28:10,50000.0,11.5,B
2021-07-12T14:28:01,200.0,11.5,B
2021-07-12T14:27:59,500.0,11.5,B
2021-07-12T14:27:59,500.0,11.5,B
2021-07-12T14:27:56,500.0,11.5,B
2021-07-12T14:27:51,1600.0,11.5,B
2021-07-12T14:27:43,100.0,11.5,B
2021-07-12T14:27:40,100.0,11.5,B
2021-07-12T14:27:39,200.0,11.5,B
2021-07-12T14:27:31,100.0,11.5,B
2021-07-12T14:27:31,3000.0,11.5,B
2021-07-12T14:27:29,200.0,11.5,B
2021-07-12T14:27:28,700.0,11.5,B
2021-07-12T14:27:25,1000.0,11.5,B
2021-07-12T14:27:23,1000.0,11.5,B
2021-07-12T14:27:13,500.0,11.5,B
2021-07-12T14:27:06,5000.0,11.5,B
2021-07-12T14:26:54,100.0,11.5,B
2021-07-12T14:26:50,1000.0,11.5,B
2021-07-12T14:26:34,3000.0,11.5,B
2021-07-12T14:26:32,800.0,11.5,B
2021-07-12T14:26:31,500.0,11.5,B
2021-07-12T14:26:22,200.0,11.5,B
2021-07-12T14:26:05,500.0,11.5,B
2021-07-12T14:26:01,100.0,11.5,B
2021-07-12T14:25:59,1000.0,11.5,B
2021-07-12T14:25:56,10000.0,11.5,B
2021-07-12T14:25:34,9500.0,11.5,B
2021-07-12T14:25:26,100.0,11.5,B
2021-07-12T14:25:20,2500.0,11.5,B
2021-07-12T14:25:06,300.0,11.5,B
2021-07-12T14:24:58,500.0,11.5,B
2021-07-12T14:24:26,100.0,11.5,B
2021-07-12T14:24:10,300.0,11.5,B
2021-07-12T14:23:43,100.0,11.5,B
2021-07-12T14:23:40,1000.0,11.5,B
2021-07-12T14:23:17,1000.0,11.5,B
2021-07-12T14:22:33,100.0,11.5,B
2021-07-12T14:22:28,1000.0,11.5,B
2021-07-12T14:21:14,200.0,11.5,B
2021-07-12T14:20:56,200.0,11.5,B
2021-07-12T14:20:40,1000.0,11.5,B
2021-07-12T14:19:54,100.0,11.5,B
2021-07-12T14:19:30,1000.0,11.5,B
2021-07-12T14:19:30,300.0,11.5,B
2021-07-12T14:18:54,300.0,11.5,B
2021-07-12T14:18:46,100.0,11.5,B
2021-07-12T14:18:19,300.0,11.5,B
2021-07-12T14:17:32,200.0,11.5,B
2021-07-12T14:16:49,100.0,11.5,B
2021-07-12T14:16:22,1000.0,11.5,B
2021-07-12T14:16:20,400.0,11.5,B
2021-07-12T14:15:57,200.0,11.5,B
2021-07-12T14:15:20,100.0,11.5,B
2021-07-12T14:15:17,500.0,11.5,B
2021-07-12T14:14:36,300.0,11.5,B
2021-07-12T14:14:19,200.0,11.5,B
2021-07-12T14:13:59,200.0,11.5,B
2021-07-12T14:13:37,100.0,11.5,B
2021-07-12T14:13:26,500.0,11.5,B
2021-07-12T14:13:22,3000.0,11.5,B
2021-07-12T14:13:00,300.0,11.5,B
2021-07-12T14:12:58,2000.0,11.5,B
2021-07-12T14:12:03,1000.0,11.5,B
2021-07-12T14:11:44,300.0,11.5,B
2021-07-12T14:10:18,300.0,11.5,B
2021-07-12T14:08:57,200.0,11.5,B
2021-07-12T14:08:41,200.0,11.5,B
2021-07-12T14:06:40,700.0,11.5,B
2021-07-12T14:06:17,1000.0,11.5,B
2021-07-12T14:05:55,400.0,11.5,B
2021-07-12T14:05:55,100.0,11.5,B
2021-07-12T14:05:52,100.0,11.5,B
2021-07-12T14:05:31,200.0,11.5,B
2021-07-12T14:05:28,200.0,11.5,B
2021-07-12T14:05:13,1000.0,11.5,B
2021-07-12T14:04:48,1800.0,11.5,B
2021-07-12T14:03:50,200.0,11.5,B
2021-07-12T14:03:33,100.0,11.5,B
2021-07-12T14:03:30,300.0,11.5,B
2021-07-12T14:03:29,100.0,11.5,B
2021-07-12T14:02:43,3000.0,11.5,B
2021-07-12T14:02:23,100.0,11.5,B
2021-07-12T14:02:21,100.0,11.5,B
2021-07-12T14:01:51,200.0,11.5,B
2021-07-12T13:59:24,2000.0,11.5,B
2021-07-12T13:58:34,600.0,11.5,B
2021-07-12T13:58:24,100.0,11.5,B
2021-07-12T13:57:57,1300.0,11.5,B
2021-07-12T13:57:37,100.0,11.5,B
2021-07-12T13:57:01,200.0,11.5,B
2021-07-12T13:55:56,1000.0,11.5,B
2021-07-12T13:55:40,100.0,11.5,B
2021-07-12T13:54:59,1900.0,11.5,B
2021-07-12T13:53:47,2000.0,11.5,B
2021-07-12T13:53:45,100.0,11.5,B
2021-07-12T13:53:44,3000.0,11.5,B
2021-07-12T13:53:01,100.0,11.5,B
2021-07-12T13:52:24,100.0,11.5,B
2021-07-12T13:52:06,200.0,11.5,B
2021-07-12T13:51:32,100.0,11.5,B
2021-07-12T13:49:48,100.0,11.5,B
2021-07-12T13:49:24,200.0,11.5,B
2021-07-12T13:48:52,1000.0,11.5,B
2021-07-12T13:48:51,100.0,11.5,B
2021-07-12T13:46:12,100.0,11.5,B
2021-07-12T13:46:10,600.0,11.5,B
2021-07-12T13:46:01,500.0,11.5,B
2021-07-12T13:44:57,1000.0,11.5,B
2021-07-12T13:44:22,100.0,11.5,B
2021-07-12T13:43:49,2000.0,11.5,B
2021-07-12T13:43:39,500.0,11.5,B
2021-07-12T13:43:00,100.0,11.5,B
2021-07-12T13:42:31,1000.0,11.5,B
2021-07-12T13:41:44,300.0,11.5,B
2021-07-12T13:41:37,100.0,11.5,B
2021-07-12T13:41:07,400.0,11.5,B
2021-07-12T13:41:02,100.0,11.5,B
2021-07-12T13:40:44,100.0,11.5,B
2021-07-12T13:40:43,1000.0,11.5,B
2021-07-12T13:40:18,100.0,11.5,B
2021-07-12T13:39:41,500.0,11.5,B
2021-07-12T13:39:24,700.0,11.5,B
2021-07-12T13:39:11,100.0,11.5,B
2021-07-12T13:39:01,1000.0,11.5,B
2021-07-12T13:38:33,2600.0,11.5,B
2021-07-12T13:38:08,100.0,11.5,B
2021-07-12T13:37:47,1000.0,11.5,B
2021-07-12T13:37:38,300.0,11.5,B
2021-07-12T13:36:30,6000.0,11.5,B
2021-07-12T13:36:07,400.0,11.5,B
2021-07-12T13:36:05,800.0,11.5,B
2021-07-12T13:35:43,1000.0,11.5,B
2021-07-12T13:34:39,500.0,11.5,B
2021-07-12T13:34:03,200.0,11.5,B
2021-07-12T13:34:03,200.0,11.5,B
2021-07-12T13:34:00,7000.0,11.5,B
2021-07-12T13:33:53,500.0,11.5,B
2021-07-12T13:33:45,100.0,11.5,B
2021-07-12T13:33:20,2000.0,11.5,B
2021-07-12T13:32:57,100.0,11.5,B
2021-07-12T13:32:47,100.0,11.5,B
2021-07-12T13:32:30,1000.0,11.5,B
2021-07-12T13:31:58,200.0,11.5,B
2021-07-12T13:31:30,100.0,11.5,B
2021-07-12T13:31:30,100.0,11.5,B
2021-07-12T13:31:17,1000.0,11.5,B
2021-07-12T13:30:58,200.0,11.5,B
2021-07-12T13:30:30,100.0,11.5,B
2021-07-12T13:30:26,10000.0,11.5,B
2021-07-12T13:30:25,4400.0,11.5,B
2021-07-12T13:30:23,100.0,11.5,B
2021-07-12T13:29:53,300.0,11.5,B
2021-07-12T13:29:51,500.0,11.5,B
2021-07-12T13:29:48,100.0,11.5,B
2021-07-12T13:29:05,1000.0,11.5,B
2021-07-12T13:28:54,100.0,11.5,B
2021-07-12T13:28:07,200.0,11.5,B
2021-07-12T13:28:06,100.0,11.5,B
2021-07-12T13:27:44,100.0,11.5,B
2021-07-12T13:27:07,200.0,11.5,B
2021-07-12T13:26:54,100.0,11.5,B
2021-07-12T13:26:12,300.0,11.5,B
2021-07-12T13:26:02,1000.0,11.5,B
2021-07-12T13:25:42,100.0,11.5,B
2021-07-12T13:24:55,100.0,11.5,B
2021-07-12T13:24:41,300.0,11.5,B
2021-07-12T13:24:35,1000.0,11.5,B
2021-07-12T13:24:09,200.0,11.5,B
2021-07-12T13:24:02,200.0,11.5,B
2021-07-12T13:23:52,200.0,11.5,B
2021-07-12T13:23:37,4000.0,11.5,B
2021-07-12T13:23:31,1000.0,11.5,B
2021-07-12T13:22:50,100.0,11.5,B
2021-07-12T13:22:43,100.0,11.5,B
2021-07-12T13:22:08,1000.0,11.5,B
2021-07-12T13:22:03,200.0,11.5,B
2021-07-12T13:21:22,1500.0,11.5,B
2021-07-12T13:21:16,100.0,11.5,B
2021-07-12T13:21:12,300.0,11.5,B
2021-07-12T13:21:01,200.0,11.5,B
2021-07-12T13:20:30,1200.0,11.5,B
2021-07-12T13:20:09,300.0,11.5,B
2021-07-12T13:19:58,1000.0,11.5,B
2021-07-12T13:17:49,100.0,11.5,B
2021-07-12T13:17:39,7000.0,11.5,B
2021-07-12T13:17:35,400.0,11.5,B
2021-07-12T13:17:30,300.0,11.5,B
2021-07-12T13:17:10,200.0,11.5,B
2021-07-12T13:17:02,500.0,11.5,B
2021-07-12T13:16:44,100.0,11.5,B
2021-07-12T13:16:39,100.0,11.5,B
2021-07-12T13:15:58,1000.0,11.5,B
2021-07-12T13:15:54,2900.0,11.5,B
2021-07-12T13:15:49,300.0,11.5,B
2021-07-12T13:15:32,100.0,11.5,B
2021-07-12T13:15:19,300.0,11.5,B
2021-07-12T13:15:17,200.0,11.5,B
2021-07-12T13:15:12,100.0,11.5,B
2021-07-12T13:14:58,1000.0,11.5,B
2021-07-12T13:14:38,100.0,11.5,B
2021-07-12T13:14:23,2000.0,11.5,B
2021-07-12T13:14:20,100.0,11.5,B
2021-07-12T13:13:58,100.0,11.5,B
2021-07-12T13:13:43,2200.0,11.5,B
2021-07-12T13:13:31,200.0,11.5,B
2021-07-12T13:13:23,500.0,11.5,B
2021-07-12T13:13:17,2000.0,11.5,B
2021-07-12T13:13:00,500.0,11.5,B
2021-07-12T13:12:30,500.0,11.5,B
2021-07-12T13:12:30,500.0,11.5,B
2021-07-12T13:12:29,100.0,11.5,B
2021-07-12T13:12:10,2000.0,11.5,B
2021-07-12T13:11:22,1000.0,11.5,B
2021-07-12T13:11:03,200.0,11.5,B
2021-07-12T13:10:53,100.0,11.5,B
2021-07-12T13:10:40,1000.0,11.5,B
2021-07-12T13:10:37,1800.0,11.5,B
2021-07-12T13:10:16,11400.0,11.5,S
2021-07-12T13:10:08,100.0,11.5,S
2021-07-12T13:10:08,4000.0,11.5,S
2021-07-12T13:10:04,300.0,11.5,S
2021-07-12T13:09:47,1000.0,11.5,S
2021-07-12T13:09:44,6000.0,11.5,S
2021-07-12T13:09:42,1000.0,11.5,S
2021-07-12T13:09:41,20000.0,11.5,S
2021-07-12T13:09:38,500.0,11.5,S
2021-07-12T13:09:21,6000.0,11.5,S
2021-07-12T13:09:16,20000.0,11.5,S
2021-07-12T13:09:13,1000.0,11.5,S
2021-07-12T13:09:10,100.0,11.5,S
2021-07-12T13:08:54,8700.0,11.5,S
2021-07-12T13:08:46,2000.0,11.5,S
2021-07-12T13:08:42,7000.0,11.5,S
2021-07-12T13:08:33,20000.0,11.5,S
2021-07-12T13:08:30,1000.0,11.5,S
2021-07-12T13:08:27,200.0,11.6,B
2021-07-12T13:08:25,5000.0,11.5,S
2021-07-12T13:07:37,1000.0,11.5,S
2021-07-12T13:07:02,10000.0,11.5,S
2021-07-12T13:06:58,8500.0,11.5,S
2021-07-12T13:06:56,100.0,11.5,S
2021-07-12T13:06:49,1400.0,11.6,S
2021-07-12T13:06:25,31000.0,11.6,S
2021-07-12T13:06:23,1000.0,11.7,B
2021-07-12T13:06:12,200.0,11.7,B
2021-07-12T13:05:58,200.0,11.7,B
2021-07-12T13:05:11,1000.0,11.7,B
2021-07-12T13:04:37,700.0,11.6,S
2021-07-12T13:04:34,300.0,11.6,B
2021-07-12T13:04:33,19700.0,11.6,B
2021-07-12T13:04:31,1000.0,11.6,B
2021-07-12T13:03:50,200.0,11.6,B
2021-07-12T13:03:34,5000.0,11.6,B
2021-07-12T13:02:59,1200.0,11.5,S
2021-07-12T13:02:51,2200.0,11.6,B
2021-07-12T13:02:37,4400.0,11.6,B
2021-07-12T13:02:25,600.0,11.5,S
2021-07-12T13:01:54,200.0,11.6,B
2021-07-12T13:01:33,2500.0,11.6,B
2021-07-12T13:01:00,100.0,11.6,B
2021-07-12T13:00:59,100.0,11.6,B
2021-07-12T13:00:50,2000.0,11.5,S
2021-07-12T13:00:49,200.0,11.6,B
2021-07-12T13:00:48,4000.0,11.5,S
2021-07-12T13:00:47,400.0,11.5,S
2021-07-12T13:00:37,2000.0,11.6,B
2021-07-12T13:00:28,100.0,11.6,B
2021-07-12T13:00:19,100.0,11.6,B
2021-07-12T13:00:19,2500.0,11.5,S
2021-07-12T13:00:19,4000.0,11.5,S
2021-07-12T13:00:19,500.0,11.5,S
2021-07-12T11:30:07,1000.0,11.5,S
2021-07-12T11:30:02,500.0,11.6,B
2021-07-12T11:29:51,10000.0,11.6,B
2021-07-12T11:28:43,100.0,11.6,B
2021-07-12T11:28:22,100.0,11.6,B
2021-07-12T11:28:10,100.0,11.6,B
2021-07-12T11:27:57,1000.0,11.5,S
2021-07-12T11:27:52,300.0,11.5,S
2021-07-12T11:27:50,200.0,11.6,B
2021-07-12T11:27:47,1500.0,11.5,S
2021-07-12T11:27:41,3000.0,11.5,S
2021-07-12T11:27:22,1000.0,11.6,B
2021-07-12T11:26:44,400.0,11.5,S
2021-07-12T11:26:43,1000.0,11.5,S
2021-07-12T11:26:41,500.0,11.5,S
2021-07-12T11:26:31,4000.0,11.5,S
2021-07-12T11:26:17,200.0,11.5,S
2021-07-12T11:26:15,9400.0,11.5,S
2021-07-12T11:26:03,200.0,11.6,B
2021-07-12T11:25:26,100.0,11.6,B
2021-07-12T11:25:18,13000.0,11.5,S
2021-07-12T11:25:12,1000.0,11.6,B
2021-07-12T11:24:54,100.0,11.6,B
2021-07-12T11:24:24,300.0,11.6,B
2021-07-12T11:23:48,100.0,11.6,B
2021-07-12T11:23:02,6000.0,11.6,B
2021-07-12T11:22:53,200.0,11.6,B
2021-07-12T11:22:07,1000.0,11.6,B
2021-07-12T11:22:02,1000.0,11.6,B
2021-07-12T11:21:15,100.0,11.6,B
2021-07-12T11:21:00,5000.0,11.6,B
2021-07-12T11:20:57,100.0,11.6,B
2021-07-12T11:20:35,400.0,11.5,S
2021-07-12T11:20:33,1000.0,11.5,S
2021-07-12T11:20:24,2000.0,11.6,B
2021-07-12T11:20:02,600.0,11.6,B
2021-07-12T11:19:41,100.0,11.6,B
2021-07-12T11:19:31,100.0,11.5,S
2021-07-12T11:18:56,5000.0,11.5,S
2021-07-12T11:18:51,100.0,11.5,S
2021-07-12T11:18:28,2000.0,11.5,S
2021-07-12T11:18:07,1000.0,11.5,S
2021-07-12T11:17:17,1000.0,11.5,S
2021-07-12T11:17:14,9000.0,11.5,S
2021-07-12T11:17:11,25000.0,11.5,B
2021-07-12T11:17:10,2000.0,11.5,B
2021-07-12T11:17:08,3000.0,11.5,B
2021-07-12T11:17:08,1000.0,11.5,B
2021-07-12T11:17:02,2000.0,11.5,B
2021-07-12T11:16:57,8000.0,11.5,B
2021-07-12T11:16:57,1000.0,11.5,B
2021-07-12T11:16:55,200.0,11.5,B
2021-07-12T11:16:46,1000.0,11.5,B
2021-07-12T11:16:42,1000.0,11.5,B
2021-07-12T11:16:41,10000.0,11.5,B
2021-07-12T11:16:32,1100.0,11.5,B
2021-07-12T11:16:32,100.0,11.5,B
2021-07-12T11:16:28,300.0,11.5,B
2021-07-12T11:16:25,1000.0,11.5,B
2021-07-12T11:16:25,100.0,11.5,B
2021-07-12T11:16:17,1000.0,11.5,B
2021-07-12T11:16:02,2000.0,11.5,B
2021-07-12T11:15:58,1000.0,11.5,B
2021-07-12T11:15:54,400.0,11.5,B
2021-07-12T11:15:44,2000.0,11.5,B
2021-07-12T11:15:31,200.0,11.5,B
2021-07-12T11:15:31,100.0,11.5,B
2021-07-12T11:15:28,300.0,11.5,B
2021-07-12T11:15:28,500.0,11.5,B
2021-07-12T11:15:27,3000.0,11.5,B
2021-07-12T11:15:24,1000.0,11.5,B
2021-07-12T11:15:20,100.0,11.5,B
2021-07-12T11:15:18,200.0,11.5,B
2021-07-12T11:15:14,500.0,11.5,B
2021-07-12T11:15:10,1000.0,11.5,B
2021-07-12T11:15:08,2300.0,11.5,B
2021-07-12T11:15:05,1500.0,11.5,B
2021-07-12T11:15:04,300.0,11.5,B
2021-07-12T11:15:04,3700.0,11.5,B
2021-07-12T11:15:01,100.0,11.5,B
2021-07-12T11:14:55,3000.0,11.5,B
2021-07-12T11:14:52,500.0,11.5,B
2021-07-12T11:14:49,5000.0,11.5,B
2021-07-12T11:14:37,4200.0,11.5,B
2021-07-12T11:14:35,5000.0,11.5,B
2021-07-12T11:14:29,5500.0,11.5,B
2021-07-12T11:14:29,1000.0,11.5,B
2021-07-12T11:14:24,400.0,11.5,B
2021-07-12T11:14:20,1500.0,11.5,B
2021-07-12T11:14:19,1000.0,11.5,B
2021-07-12T11:14:16,200.0,11.5,B
2021-07-12T11:14:16,100.0,11.5,B
2021-07-12T11:14:08,100.0,11.5,B
2021-07-12T11:14:06,500.0,11.5,B
2021-07-12T11:13:52,10000.0,11.5,B
2021-07-12T11:13:52,100.0,11.5,B
2021-07-12T11:13:50,100.0,11.5,B
2021-07-12T11:13:27,200.0,11.5,B
2021-07-12T11:13:26,100.0,11.5,B
2021-07-12T11:13:23,100.0,11.5,B
2021-07-12T11:13:09,500.0,11.5,B
2021-07-12T11:12:39,400.0,11.5,B
2021-07-12T11:12:39,100.0,11.5,B
2021-07-12T11:12:36,100.0,11.5,B
2021-07-12T11:12:26,10000.0,11.5,B
2021-07-12T11:12:21,100.0,11.5,B
2021-07-12T11:12:11,100.0,11.5,B
2021-07-12T11:12:08,100.0,11.5,B
2021-07-12T11:12:07,1000.0,11.5,B
2021-07-12T11:12:04,1000.0,11.5,B
2021-07-12T11:11:55,500.0,11.5,B
2021-07-12T11:11:54,500.0,11.5,B
2021-07-12T11:11:50,2000.0,11.5,B
2021-07-12T11:11:48,300.0,11.5,B
2021-07-12T11:11:42,2000.0,11.5,B
2021-07-12T11:11:37,100.0,11.5,B
2021-07-12T11:11:37,200.0,11.5,B
2021-07-12T11:11:28,200.0,11.5,B
2021-07-12T11:11:25,500.0,11.5,B
2021-07-12T11:11:19,5000.0,11.5,B
2021-07-12T11:11:03,1200.0,11.5,B
2021-07-12T11:10:58,180800.0,11.5,B
2021-07-12T11:10:51,200.0,11.6,B
2021-07-12T11:10:49,7500.0,11.5,S
2021-07-12T11:10:34,500.0,11.5,S
2021-07-12T11:10:33,30000.0,11.5,S
2021-07-12T11:10:30,1000.0,11.5,S
2021-07-12T11:10:29,1100.0,11.5,S
2021-07-12T11:10:18,10000.0,11.5,S
2021-07-12T11:09:45,1500.0,11.5,S
2021-07-12T11:09:33,5000.0,11.5,S
2021-07-12T11:09:29,2700.0,11.5,S
2021-07-12T11:09:14,6100.0,11.5,S
2021-07-12T11:09:10,400.0,11.5,S
2021-07-12T11:09:07,6000.0,11.5,S
2021-07-12T11:08:49,4000.0,11.5,S
2021-07-12T11:08:42,600.0,11.5,S
2021-07-12T11:08:36,1000.0,11.5,S
2021-07-12T11:08:36,10000.0,11.5,S
2021-07-12T11:08:31,500.0,11.5,S
2021-07-12T11:08:28,1000.0,11.5,S
2021-07-12T11:08:26,1000.0,11.5,S
2021-07-12T11:08:24,10000.0,11.5,S
2021-07-12T11:08:20,100.0,11.5,S
2021-07-12T11:08:19,4000.0,11.5,S
2021-07-12T11:08:13,400.0,11.5,S
2021-07-12T11:08:11,1000.0,11.5,S
2021-07-12T11:08:11,2200.0,11.5,S
2021-07-12T11:07:54,2500.0,11.5,S
2021-07-12T11:07:20,200.0,11.6,B
2021-07-12T11:07:19,200.0,11.5,S
2021-07-12T11:07:17,4000.0,11.5,S
2021-07-12T11:07:14,30000.0,11.5,S
2021-07-12T11:07:06,2000.0,11.5,S
2021-07-12T11:07:01,4000.0,11.5,S
2021-07-12T11:06:59,200.0,11.5,S
2021-07-12T11:06:47,5000.0,11.5,S
2021-07-12T11:06:45,1500.0,11.5,S
2021-07-12T11:06:44,500.0,11.5,S
2021-07-12T11:06:16,30000.0,11.5,S
2021-07-12T11:06:09,3000.0,11.5,S
2021-07-12T11:06:08,300.0,11.5,S
2021-07-12T11:05:58,1500.0,11.5,S
2021-07-12T11:05:41,5400.0,11.5,S
2021-07-12T11:05:35,8000.0,11.5,S
2021-07-12T11:05:31,1000.0,11.5,S
2021-07-12T11:05:29,4000.0,11.5,S
2021-07-12T11:05:26,300.0,11.5,S
2021-07-12T11:05:26,2000.0,11.5,S
2021-07-12T11:05:23,100.0,11.6,B
2021-07-12T11:05:23,30000.0,11.5,S
2021-07-12T11:05:19,300.0,11.5,S
2021-07-12T11:05:16,100.0,11.5,S
2021-07-12T11:05:15,55100.0,11.5,S
2021-07-12T11:04:58,700.0,11.5,S
2021-07-12T11:04:52,2000.0,11.5,S
2021-07-12T11:04:46,200.0,11.5,S
2021-07-12T11:04:41,5500.0,11.5,S
2021-07-12T11:04:30,300.0,11.5,S
2021-07-12T11:04:17,500.0,11.6,B
2021-07-12T11:04:11,100.0,11.5,S
2021-07-12T11:04:08,100.0,11.5,S
2021-07-12T11:04:04,10000.0,11.5,S
2021-07-12T11:03:34,100.0,11.5,S
2021-07-12T11:03:14,5100.0,11.5,S
2021-07-12T11:03:12,5000.0,11.6,B
2021-07-12T11:03:10,500.0,11.5,S
2021-07-12T11:03:09,400.0,11.5,S
2021-07-12T11:03:00,1000.0,11.6,B
2021-07-12T11:02:59,100.0,11.6,B
2021-07-12T11:02:58,20000.0,11.5,S
2021-07-12T11:02:48,200.0,11.5,S
2021-07-12T11:02:24,4400.0,11.5,S
2021-07-12T11:01:51,700.0,11.5,S
2021-07-12T11:01:37,6500.0,11.6,S
2021-07-12T11:01:21,500.0,11.6,S
2021-07-12T11:01:09,100.0,11.6,S
2021-07-12T11:01:06,100.0,11.7,B
2021-07-12T11:01:04,10000.0,11.6,S
2021-07-12T11:00:19,2000.0,11.6,S
2021-07-12T11:00:02,300.0,11.7,B
2021-07-12T10:59:51,100.0,11.6,S
2021-07-12T10:59:50,20000.0,11.5,S
2021-07-12T10:59:43,1000.0,11.6,S
2021-07-12T10:59:42,400.0,11.6,S
2021-07-12T10:59:33,700.0,11.6,S
2021-07-12T10:59:24,500.0,11.6,S
2021-07-12T10:59:17,1000.0,11.6,S
2021-07-12T10:59:16,1600.0,11.7,B
2021-07-12T10:59:07,6000.0,11.6,S
2021-07-12T10:58:57,1100.0,11.6,S
2021-07-12T10:58:49,5100.0,11.6,S
2021-07-12T10:58:38,100.0,11.7,B
2021-07-12T10:57:08,300.0,11.6,S
2021-07-12T10:56:53,10900.0,11.6,S
2021-07-12T10:56:51,500.0,11.6,S
2021-07-12T10:56:13,11000.0,11.6,S
2021-07-12T10:56:02,500.0,11.6,S
2021-07-12T10:55:52,3000.0,11.6,S
2021-07-12T10:55:49,10000.0,11.6,S
2021-07-12T10:55:47,800.0,11.6,S
2021-07-12T10:55:38,4000.0,11.6,S
2021-07-12T10:55:36,1000.0,11.6,S
2021-07-12T10:55:22,900.0,11.6,S
2021-07-12T10:55:17,200.0,11.6,S
2021-07-12T10:54:55,1200.0,11.6,S
2021-07-12T10:54:49,600.0,11.6,S
2021-07-12T10:54:44,500.0,11.6,S
2021-07-12T10:54:05,1000.0,11.6,S
2021-07-12T10:53:39,1000.0,11.6,S
2021-07-12T10:53:35,300.0,11.6,S
2021-07-12T10:53:28,100.0,11.6,S
2021-07-12T10:52:51,100.0,11.6,S
2021-07-12T10:52:00,200.0,11.7,B
2021-07-12T10:51:42,100.0,11.7,B
2021-07-12T10:51:37,100.0,11.6,S
2021-07-12T10:50:33,200.0,11.6,S
2021-07-12T10:50:23,2800.0,11.6,S
2021-07-12T10:49:47,300.0,11.7,B
2021-07-12T10:49:44,100.0,11.7,B
2021-07-12T10:49:36,500.0,11.7,B
2021-07-12T10:49:26,500.0,11.7,B
2021-07-12T10:49:19,200.0,11.7,B
2021-07-12T10:48:28,3800.0,11.7,S
2021-07-12T10:47:51,100.0,11.8,B
2021-07-12T10:47:26,200.0,11.8,B
2021-07-12T10:46:59,500.0,11.8,S
2021-07-12T10:46:20,600.0,11.9,B
2021-07-12T10:46:18,300.0,11.9,S
2021-07-12T10:46:14,5000.0,11.9,S
2021-07-12T10:46:01,800.0,11.9,S
2021-07-12T10:46:01,10000.0,11.9,S
2021-07-12T10:45:47,100.0,11.9,S
2021-07-12T10:45:34,3000.0,11.9,S
2021-07-12T10:44:57,200.0,12.0,B
2021-07-12T10:44:49,100.0,12.0,B
2021-07-12T10:43:18,9000.0,12.0,B
2021-07-12T10:42:55,63200.0,11.9,B
2021-07-12T10:42:33,500.0,11.7,B
2021-07-12T10:42:11,2000.0,11.7,B
2021-07-12T10:42:01,300.0,11.6,S
2021-07-12T10:41:50,100.0,11.6,S
2021-07-12T10:41:36,200.0,11.6,S
2021-07-12T10:41:23,300.0,11.6,B
2021-07-12T10:41:01,200.0,11.6,B
2021-07-12T10:41:00,19100.0,11.6,S
2021-07-12T10:40:46,3500.0,11.7,B
2021-07-12T10:40:46,300.0,11.6,S
2021-07-12T10:39:52,7200.0,11.6,B
2021-07-12T10:39:46,100.0,11.6,B
2021-07-12T10:39:34,200.0,11.6,B
2021-07-12T10:39:30,3000.0,11.6,B
2021-07-12T10:39:30,600.0,11.6,B
2021-07-12T10:39:24,3100.0,11.6,S
2021-07-12T10:39:05,19100.0,11.6,S
2021-07-12T10:39:02,200.0,11.6,B
2021-07-12T10:38:54,500.0,11.6,B
2021-07-12T10:38:51,1500.0,11.6,B
2021-07-12T10:38:42,5000.0,11.6,B
2021-07-12T10:38:35,5000.0,11.6,B
2021-07-12T10:38:32,10000.0,11.5,S
2021-07-12T10:38:30,100.0,11.6,B
2021-07-12T10:38:28,400.0,11.6,B
2021-07-12T10:38:22,500.0,11.6,B
2021-07-12T10:38:16,200.0,11.5,S
2021-07-12T10:38:11,100.0,11.6,B
2021-07-12T10:38:00,27700.0,11.6,B
2021-07-12T10:37:54,2400.0,11.5,S
2021-07-12T10:37:28,3000.0,11.6,B
2021-07-12T10:37:20,1500.0,11.5,S
2021-07-12T10:36:59,1000.0,11.5,S
2021-07-12T10:36:59,1000.0,11.5,S
2021-07-12T10:36:52,58700.0,11.5,S
2021-07-12T10:36:49,200.0,11.6,B
2021-07-12T10:36:48,1000.0,11.6,B
2021-07-12T10:36:47,3700.0,11.5,S
2021-07-12T10:36:38,200.0,11.6,B
2021-07-12T10:36:37,2600.0,11.5,S
2021-07-12T10:36:33,100.0,11.6,B
2021-07-12T10:36:20,200.0,11.6,B
2021-07-12T10:36:15,1000.0,11.6,B
2021-07-12T10:36:11,200.0,11.5,S
2021-07-12T10:35:54,2000.0,11.6,B
2021-07-12T10:35:52,100.0,11.5,S
2021-07-12T10:35:33,20000.0,11.5,S
2021-07-12T10:35:29,5000.0,11.6,B
2021-07-12T10:35:11,600.0,11.6,B
2021-07-12T10:34:58,500.0,11.5,S
2021-07-12T10:34:46,5000.0,11.6,B
2021-07-12T10:34:42,400.0,11.5,S
2021-07-12T10:34:37,500.0,11.5,S
2021-07-12T10:34:34,1000.0,11.5,S
2021-07-12T10:34:26,3000.0,11.5,S
2021-07-12T10:34:20,100.0,11.5,S
2021-07-12T10:34:14,400.0,11.5,S
2021-07-12T10:34:07,4000.0,11.5,S
2021-07-12T10:33:37,300.0,11.5,S
2021-07-12T10:33:26,6000.0,11.5,S
2021-07-12T10:33:14,2000.0,11.6,S
2021-07-12T10:33:11,1000.0,11.6,S
2021-07-12T10:33:09,100.0,11.6,S
2021-07-12T10:33:08,900.0,11.6,S
2021-07-12T10:32:58,300.0,11.6,S
2021-07-12T10:32:52,2000.0,11.6,S
2021-07-12T10:32:51,2100.0,11.6,S
2021-07-12T10:32:49,10200.0,11.6,S
2021-07-12T10:32:48,900.0,11.6,S
2021-07-12T10:32:32,2000.0,11.6,S
2021-07-12T10:32:26,5000.0,11.6,S
2021-07-12T10:32:25,100.0,11.6,S
2021-07-12T10:32:25,3500.0,11.6,S
2021-07-12T10:32:10,5000.0,11.6,S
2021-07-12T10:32:06,68000.0,11.6,S
2021-07-12T10:32:03,16300.0,11.6,S
2021-07-12T10:31:59,1000.0,11.6,S
2021-07-12T10:31:58,6000.0,11.6,S
2021-07-12T10:31:55,400.0,11.6,S
2021-07-12T10:31:53,5000.0,11.6,S
2021-07-12T10:31:47,300.0,11.6,S
2021-07-12T10:31:44,2000.0,11.6,S
2021-07-12T10:31:39,6000.0,11.6,S
2021-07-12T10:31:36,10000.0,11.6,S
2021-07-12T10:31:32,1500.0,11.6,S
2021-07-12T10:31:31,1900.0,11.6,S
2021-07-12T10:31:27,2000.0,11.6,S
2021-07-12T10:31:25,6300.0,11.6,S
2021-07-12T10:31:21,3000.0,11.6,S
2021-07-12T10:31:16,400.0,11.6,S
2021-07-12T10:31:16,100.0,11.6,S
2021-07-12T10:31:13,2000.0,11.6,S
2021-07-12T10:31:10,100.0,11.6,S
2021-07-12T10:31:09,1600.0,11.6,S
2021-07-12T10:31:07,1000.0,11.6,S
2021-07-12T10:30:38,1000.0,11.6,S
2021-07-12T10:30:21,300.0,11.6,S
2021-07-12T10:30:17,5000.0,11.6,S
2021-07-12T10:30:03,900.0,11.6,S
2021-07-12T10:29:54,4000.0,11.6,S
2021-07-12T10:29:46,1700.0,11.7,B
2021-07-12T10:29:43,500.0,11.6,S
2021-07-12T10:29:22,100.0,11.7,B
2021-07-12T10:28:35,500.0,11.7,B
2021-07-12T10:28:26,200.0,11.7,B
2021-07-12T10:28:09,18200.0,11.7,S
2021-07-12T10:28:04,12000.0,11.7,S
2021-07-12T10:27:23,100.0,11.8,B
2021-07-12T10:27:06,1000.0,11.8,B
2021-07-12T10:27:00,3400.0,11.8,S
2021-07-12T10:26:55,2100.0,11.8,S
2021-07-12T10:26:31,100.0,11.8,S
2021-07-12T10:26:29,500.0,11.8,S
2021-07-12T10:26:13,500.0,11.8,S
2021-07-12T10:26:13,900.0,11.8,S
2021-07-12T10:26:08,1400.0,11.8,S
2021-07-12T10:26:06,1100.0,11.8,S
2021-07-12T10:25:56,2000.0,11.8,S
2021-07-12T10:25:56,2500.0,11.8,S
2021-07-12T10:25:52,2000.0,11.8,S
2021-07-12T10:25:39,1000.0,11.8,S
2021-07-12T10:24:55,3000.0,11.8,S
2021-07-12T10:24:19,100.0,11.8,S
2021-07-12T10:24:01,100.0,11.8,S
2021-07-12T10:24:00,2000.0,11.9,B
2021-07-12T10:23:29,200.0,11.9,B
2021-07-12T10:23:28,1000.0,11.8,S
2021-07-12T10:23:27,100.0,11.9,B
2021-07-12T10:23:03,100.0,11.9,B
2021-07-12T10:21:54,400.0,11.9,B
2021-07-12T10:21:44,10000.0,11.9,B
2021-07-12T10:21:42,700.0,11.9,B
2021-07-12T10:21:21,1000.0,11.9,B
2021-07-12T10:20:52,1000.0,11.9,B
2021-07-12T10:20:45,1000.0,11.9,B
2021-07-12T10:20:43,400.0,11.9,B
2021-07-12T10:20:18,300.0,11.9,B
2021-07-12T10:20:01,200.0,11.9,B
2021-07-12T10:19:56,500.0,11.8,S
2021-07-12T10:19:48,100.0,11.9,B
2021-07-12T10:19:16,500.0,11.8,S
2021-07-12T10:19:12,700.0,11.8,B
2021-07-12T10:18:43,1000.0,11.8,B
2021-07-12T10:18:38,2000.0,11.8,B
2021-07-12T10:18:29,100.0,11.8,B
2021-07-12T10:18:19,600.0,11.8,B
2021-07-12T10:18:02,100.0,11.8,B
2021-07-12T10:17:54,200.0,11.8,B
2021-07-12T10:17:49,200.0,11.8,B
2021-07-12T10:17:47,200.0,11.8,B
2021-07-12T10:17:38,6000.0,11.8,B
2021-07-12T10:17:29,100.0,11.8,B
2021-07-12T10:17:25,300.0,11.8,B
2021-07-12T10:17:21,3400.0,11.8,S
2021-07-12T10:17:19,500.0,11.9,B
2021-07-12T10:17:00,7500.0,11.8,S
2021-07-12T10:16:50,21400.0,11.8,S
2021-07-12T10:16:38,300.0,11.8,S
2021-07-12T10:16:38,700.0,11.8,S
2021-07-12T10:16:37,500.0,11.8,S
2021-07-12T10:16:35,3000.0,11.8,S
2021-07-12T10:16:04,400.0,11.8,S
2021-07-12T10:15:34,6500.0,11.8,B
2021-07-12T10:15:21,100.0,11.8,B
2021-07-12T10:15:19,300.0,11.8,B
2021-07-12T10:15:07,3100.0,11.8,B
2021-07-12T10:15:03,1000.0,11.8,S
2021-07-12T10:14:54,500.0,11.8,S
2021-07-12T10:14:47,200.0,11.8,S
2021-07-12T10:14:47,800.0,11.8,S
2021-07-12T10:14:45,5000.0,11.8,S
2021-07-12T10:14:35,700.0,11.8,S
2021-07-12T10:14:24,1000.0,11.8,S
2021-07-12T10:14:22,500.0,11.8,S
2021-07-12T10:14:12,10000.0,11.8,S
2021-07-12T10:14:05,9100.0,11.8,S
2021-07-12T10:13:37,800.0,11.9,B
2021-07-12T10:13:34,41600.0,11.9,S
2021-07-12T10:13:23,24000.0,12.0,B
2021-07-12T10:13:15,1500.0,12.0,S
2021-07-12T10:13:09,500.0,12.0,S
2021-07-12T10:13:07,1000.0,12.0,S
2021-07-12T10:13:02,5000.0,12.0,S
2021-07-12T10:12:40,2000.0,12.0,S
2021-07-12T10:12:38,2500.0,12.0,S
2021-07-12T10:12:32,700.0,12.0,S
2021-07-12T10:12:24,9700.0,12.0,S
2021-07-12T10:12:05,4900.0,12.0,S
2021-07-12T10:11:58,1000.0,12.0,S
2021-07-12T10:11:52,3500.0,12.0,S
2021-07-12T10:11:37,30000.0,12.0,S
2021-07-12T10:11:23,200.0,12.0,S
2021-07-12T10:11:12,500.0,12.0,S
2021-07-12T10:11:09,2000.0,12.0,S
2021-07-12T10:11:09,100.0,12.0,S
2021-07-12T10:10:49,1100.0,12.0,S
2021-07-12T10:10:27,1300.0,12.1,S
2021-07-12T10:10:22,700.0,12.1,B
2021-07-12T10:10:13,800.0,12.1,S
2021-07-12T10:10:07,1900.0,12.1,B
2021-07-12T10:09:52,5000.0,12.0,S
2021-07-12T10:08:30,1000.0,12.1,S
2021-07-12T10:08:20,900.0,12.0,S
2021-07-12T10:08:07,2000.0,12.0,S
2021-07-12T10:07:59,200.0,12.1,S
2021-07-12T10:07:57,1800.0,12.1,S
2021-07-12T10:07:48,6000.0,12.1,S
2021-07-12T10:07:47,200.0,12.1,S
2021-07-12T10:07:29,500.0,12.1,S
2021-07-12T10:07:14,11800.0,12.1,B
2021-07-12T10:07:08,700.0,12.0,S
2021-07-12T10:06:47,700.0,12.1,B
2021-07-12T10:06:38,3900.0,12.0,S
2021-07-12T10:06:23,1000.0,12.0,S
2021-07-12T10:06:08,6000.0,12.0,S
2021-07-12T10:05:46,300.0,12.0,S
2021-07-12T10:05:37,500.0,12.1,B
2021-07-12T10:05:34,500.0,12.0,S
2021-07-12T10:05:13,2500.0,12.0,S
2021-07-12T10:04:55,100.0,12.0,S
2021-07-12T10:04:46,100.0,12.1,B
2021-07-12T10:04:38,300.0,12.0,S
2021-07-12T10:04:21,1500.0,12.0,S
2021-07-12T10:04:11,100.0,12.0,S
2021-07-12T10:04:06,200.0,12.0,S
2021-07-12T10:04:01,1300.0,12.0,B
2021-07-12T10:04:00,1300.0,12.0,B
2021-07-12T10:03:58,3000.0,12.0,B
2021-07-12T10:03:55,100.0,11.9,S
2021-07-12T10:03:54,300.0,12.0,B
2021-07-12T10:03:50,500.0,12.0,B
2021-07-12T10:03:37,200.0,12.0,B
2021-07-12T10:03:32,300.0,12.0,B
2021-07-12T10:03:15,200.0,12.0,B
2021-07-12T10:03:07,100.0,11.9,S
2021-07-12T10:03:05,1000.0,12.0,B
2021-07-12T10:02:46,100.0,12.0,B
2021-07-12T10:02:36,3000.0,12.0,B
2021-07-12T10:02:08,1900.0,12.0,B
2021-07-12T10:01:55,35000.0,12.0,B
2021-07-12T10:01:51,200.0,12.0,B
2021-07-12T10:01:39,500.0,11.9,S
2021-07-12T10:01:28,200.0,12.0,B
2021-07-12T10:01:21,200.0,12.0,B
2021-07-12T10:01:17,200.0,12.0,B
2021-07-12T10:01:01,2300.0,12.0,B
2021-07-12T10:00:49,200.0,11.9,S
2021-07-12T10:00:43,1000.0,11.9,S
2021-07-12T10:00:14,300.0,11.9,S
2021-07-12T10:00:05,200.0,11.9,S
2021-07-12T09:59:23,500.0,11.9,S
2021-07-12T09:58:53,300.0,11.9,S
2021-07-12T09:58:44,2000.0,11.9,S
2021-07-12T09:58:32,1500.0,11.9,S
2021-07-12T09:58:11,2000.0,11.9,S
2021-07-12T09:57:50,5000.0,11.9,S
2021-07-12T09:57:48,100.0,12.0,B
2021-07-12T09:57:43,100.0,11.9,S
2021-07-12T09:57:29,500.0,11.9,S
2021-07-12T09:57:28,100.0,11.9,S
2021-07-12T09:57:05,3000.0,11.9,S
2021-07-12T09:56:15,100.0,12.0,B
2021-07-12T09:55:42,100.0,12.0,B
2021-07-12T09:55:30,800.0,11.9,S
2021-07-12T09:55:30,1600.0,11.9,S
2021-07-12T09:54:54,300.0,11.9,S
2021-07-12T09:54:53,2100.0,11.9,B
2021-07-12T09:54:28,300.0,11.9,S
2021-07-12T09:54:15,400.0,11.9,S
2021-07-12T09:54:13,7300.0,11.9,S
2021-07-12T09:54:10,1200.0,11.9,B
2021-07-12T09:54:06,200.0,11.9,B
2021-07-12T09:54:02,200.0,11.8,S
2021-07-12T09:53:59,1100.0,11.9,B
2021-07-12T09:53:55,1000.0,11.9,B
2021-07-12T09:53:34,6800.0,11.8,S
2021-07-12T09:53:25,500.0,11.8,S
2021-07-12T09:53:10,500.0,11.8,S
2021-07-12T09:53:00,4300.0,11.8,S
2021-07-12T09:52:44,200.0,11.8,S
2021-07-12T09:52:34,200.0,11.8,S
2021-07-12T09:52:30,100.0,11.8,S
2021-07-12T09:52:28,1000.0,11.8,S
2021-07-12T09:52:20,7000.0,11.8,S
2021-07-12T09:52:10,200.0,11.9,B
2021-07-12T09:52:09,1000.0,11.9,B
2021-07-12T09:51:35,100.0,11.8,S
2021-07-12T09:51:16,1000.0,11.8,S
2021-07-12T09:51:10,300.0,11.9,B
2021-07-12T09:51:09,1000.0,11.9,B
2021-07-12T09:50:54,2000.0,11.8,S
2021-07-12T09:50:38,300.0,11.8,S
2021-07-12T09:50:29,1500.0,11.9,B
2021-07-12T09:50:21,500.0,11.8,S
2021-07-12T09:50:12,1000.0,11.9,B
2021-07-12T09:50:08,5900.0,11.9,S
2021-07-12T09:49:43,6000.0,11.9,S
2021-07-12T09:49:32,100.0,11.9,S
2021-07-12T09:49:02,3000.0,11.9,S
2021-07-12T09:48:50,7000.0,11.9,S
2021-07-12T09:48:28,100.0,12.0,B
2021-07-12T09:48:21,100.0,12.0,B
2021-07-12T09:48:20,1700.0,12.0,B
2021-07-12T09:48:15,400.0,12.0,S
2021-07-12T09:48:10,1000.0,12.0,S
2021-07-12T09:48:05,100.0,12.0,S
2021-07-12T09:48:05,500.0,12.0,S
2021-07-12T09:47:56,200.0,12.0,S
2021-07-12T09:47:54,1500.0,12.0,S
2021-07-12T09:47:53,200.0,12.0,S
2021-07-12T09:47:53,2500.0,12.0,S
2021-07-12T09:47:52,100.0,12.0,S
2021-07-12T09:47:40,2000.0,12.0,S
2021-07-12T09:47:39,11900.0,12.0,B
2021-07-12T09:47:38,1000.0,11.8,S
2021-07-12T09:47:24,500.0,12.0,B
2021-07-12T09:47:16,100.0,12.0,B
2021-07-12T09:47:12,3000.0,12.0,B
2021-07-12T09:46:56,3000.0,11.8,S
2021-07-12T09:46:37,2000.0,11.8,S
2021-07-12T09:46:18,200.0,11.8,S
2021-07-12T09:46:01,200.0,12.0,B
2021-07-12T09:45:55,3000.0,12.0,B
2021-07-12T09:45:53,3000.0,12.0,B
2021-07-12T09:45:51,200.0,11.8,S
2021-07-12T09:45:49,10500.0,12.0,B
2021-07-12T09:45:38,200.0,12.0,B
2021-07-12T09:45:35,1000.0,11.8,S
2021-07-12T09:45:32,1000.0,12.0,B
2021-07-12T09:45:30,400.0,11.8,S
2021-07-12T09:45:22,300.0,12.0,B
2021-07-12T09:45:03,300.0,11.8,S
2021-07-12T09:44:53,2000.0,12.0,B
2021-07-12T09:44:50,1800.0,11.9,S
2021-07-12T09:44:43,300.0,11.9,S
2021-07-12T09:44:41,7800.0,11.9,B
2021-07-12T09:44:35,1000.0,11.9,B
2021-07-12T09:44:33,100.0,11.8,S
2021-07-12T09:44:07,6100.0,11.8,B
2021-07-12T09:44:07,1000.0,11.8,B
2021-07-12T09:43:46,500.0,11.8,B
2021-07-12T09:43:22,1900.0,11.7,S
2021-07-12T09:43:21,500.0,11.7,S
2021-07-12T09:43:16,100.0,11.7,S
2021-07-12T09:43:06,500.0,11.7,S
2021-07-12T09:42:56,2000.0,11.8,B
2021-07-12T09:42:43,500.0,11.7,S
2021-07-12T09:42:34,2100.0,11.7,S
2021-07-12T09:42:34,2000.0,11.8,B
2021-07-12T09:42:30,100.0,11.7,S
2021-07-12T09:42:24,1000.0,11.7,S
2021-07-12T09:42:17,400.0,11.7,S
2021-07-12T09:42:11,100.0,11.6,S
2021-07-12T09:42:08,3000.0,11.7,B
2021-07-12T09:42:00,100.0,11.6,S
2021-07-12T09:41:51,700.0,11.6,S
2021-07-12T09:41:47,200.0,11.6,S
2021-07-12T09:41:44,2000.0,11.6,S
2021-07-12T09:41:35,10000.0,11.6,S
2021-07-12T09:41:34,10000.0,11.7,B
2021-07-12T09:41:04,3000.0,11.6,S
2021-07-12T09:41:01,1000.0,11.6,S
2021-07-12T09:41:00,4000.0,11.6,S
2021-07-12T09:40:54,25000.0,11.7,B
2021-07-12T09:40:52,1300.0,11.6,S
2021-07-12T09:40:43,13700.0,11.6,S
2021-07-12T09:40:41,2500.0,11.6,S
2021-07-12T09:40:36,16700.0,11.6,S
2021-07-12T09:40:22,1000.0,11.6,S
2021-07-12T09:40:21,500.0,11.7,B
2021-07-12T09:40:08,100.0,11.7,B
2021-07-12T09:40:01,400.0,11.7,B
2021-07-12T09:39:37,100.0,11.7,B
2021-07-12T09:39:34,5100.0,11.7,S
2021-07-12T09:39:30,1000.0,11.7,S
2021-07-12T09:39:23,800.0,11.7,S
2021-07-12T09:39:21,2100.0,11.7,B
2021-07-12T09:39:16,400.0,11.7,S
2021-07-12T09:39:12,200.0,11.7,S
2021-07-12T09:39:10,500.0,11.7,S
2021-07-12T09:38:56,100.0,11.7,S
2021-07-12T09:38:55,200.0,11.7,S
2021-07-12T09:38:49,8400.0,11.7,B
2021-07-12T09:38:46,100.0,11.7,B
2021-07-12T09:38:45,500.0,11.7,B
2021-07-12T09:38:44,1000.0,11.6,S
2021-07-12T09:38:43,1200.0,11.6,S
2021-07-12T09:38:32,2200.0,11.6,S
2021-07-12T09:38:24,100.0,11.7,B
2021-07-12T09:38:18,700.0,11.6,S
2021-07-12T09:38:14,700.0,11.6,S
2021-07-12T09:38:13,10000.0,11.7,B
2021-07-12T09:38:12,500.0,11.6,S
2021-07-12T09:38:06,600.0,11.6,S
2021-07-12T09:38:06,1100.0,11.6,S
2021-07-12T09:38:03,200.0,11.6,S
2021-07-12T09:38:01,300.0,11.7,B
2021-07-12T09:37:48,600.0,11.7,B
2021-07-12T09:37:44,2000.0,11.6,S
2021-07-12T09:37:40,800.0,11.6,S
2021-07-12T09:37:25,19800.0,11.6,S
2021-07-12T09:37:25,300.0,11.6,S
2021-07-12T09:37:21,2000.0,11.6,S
2021-07-12T09:37:19,200.0,11.7,B
2021-07-12T09:36:56,15000.0,11.6,S
2021-07-12T09:36:52,2000.0,11.6,S
2021-07-12T09:36:46,500.0,11.6,S
2021-07-12T09:36:36,800.0,11.7,B
2021-07-12T09:36:30,2800.0,11.7,B
2021-07-12T09:36:25,400.0,11.7,B
2021-07-12T09:36:16,100.0,11.6,S
2021-07-12T09:36:08,1000.0,11.7,S
2021-07-12T09:35:58,700.0,11.7,B
2021-07-12T09:35:57,1100.0,11.6,S
2021-07-12T09:35:45,300.0,11.7,S
2021-07-12T09:35:36,800.0,11.7,B
2021-07-12T09:35:35,3200.0,11.6,S
2021-07-12T09:35:33,400.0,11.6,S
2021-07-12T09:35:32,200.0,11.7,B
2021-07-12T09:35:25,200.0,11.6,S
2021-07-12T09:35:24,2000.0,11.6,S
2021-07-12T09:35:14,2000.0,11.6,S
2021-07-12T09:35:06,500.0,11.6,S
2021-07-12T09:34:48,600.0,11.6,S
2021-07-12T09:34:44,200.0,11.6,S
2021-07-12T09:34:34,1000.0,11.6,S
2021-07-12T09:34:34,100.0,11.6,S
2021-07-12T09:34:32,1000.0,11.6,S
2021-07-12T09:34:26,1000.0,11.6,S
2021-07-12T09:34:15,500.0,11.7,B
2021-07-12T09:33:54,100.0,11.7,B
2021-07-12T09:33:53,100.0,11.6,S
2021-07-12T09:33:46,1000.0,11.7,B
2021-07-12T09:33:41,200.0,11.7,B
2021-07-12T09:33:40,22900.0,11.6,S
2021-07-12T09:33:36,30000.0,11.7,B
2021-07-12T09:33:25,8000.0,11.6,S
2021-07-12T09:33:17,13000.0,11.6,S
2021-07-12T09:33:10,10000.0,11.6,S
2021-07-12T09:33:05,100.0,11.6,S
2021-07-12T09:32:59,20600.0,11.7,B
2021-07-12T09:32:49,200.0,11.6,S
2021-07-12T09:32:49,3000.0,11.6,S
2021-07-12T09:32:21,100.0,11.6,S
2021-07-12T09:32:20,2500.0,11.6,S
2021-07-12T09:32:16,200.0,11.7,B
2021-07-12T09:32:16,200.0,11.6,S
2021-07-12T09:32:05,1500.0,11.6,S
2021-07-12T09:31:56,5000.0,11.6,S
2021-07-12T09:31:49,6500.0,11.7,B
2021-07-12T09:31:45,13900.0,11.6,S
2021-07-12T09:31:41,3000.0,11.6,S
2021-07-12T09:31:34,25000.0,11.6,S
2021-07-12T09:31:33,1000.0,11.6,S
2021-07-12T09:31:28,100.0,11.6,S
2021-07-12T09:31:26,3000.0,11.6,S
2021-07-12T09:31:22,1000.0,11.6,S
2021-07-12T09:31:19,1100.0,11.6,S
2021-07-12T09:31:16,3000.0,11.7,B
2021-07-12T09:31:10,900.0,11.6,S
2021-07-12T09:31:09,100.0,11.6,S
2021-07-12T09:31:03,1000.0,11.6,S
2021-07-12T09:30:36,500.0,11.6,S
2021-07-12T09:30:34,100.0,11.6,S
2021-07-12T09:30:31,300.0,11.6,S
2021-07-12T09:30:31,2000.0,11.6,S
2021-07-12T09:30:27,6000.0,11.5,S
2021-07-12T09:30:17,2500.0,11.6,B
2021-07-12T09:30:16,23000.0,11.5,S
2021-07-12T09:30:15,500.0,11.6,B
2021-07-12T09:30:13,900.0,11.6,B
2021-07-12T09:30:10,8600.0,11.5,S
2021-07-12T09:29:56,100.0,11.6,B
2021-07-12T09:29:55,8700.0,11.6,B
2021-07-12T09:29:50,300.0,11.6,S
2021-07-12T09:29:48,2000.0,11.7,S
2021-07-12T09:29:47,200.0,11.7,B
2021-07-12T09:29:43,40000.0,11.6,S
2021-07-12T09:29:38,400.0,11.7,S
2021-07-12T09:29:38,5100.0,11.7,B
2021-07-12T09:29:37,19600.0,11.6,S
2021-07-12T09:29:32,300.0,11.7,B
2021-07-12T09:29:31,100.0,11.7,B
2021-07-12T09:29:28,5000.0,11.6,S
2021-07-12T09:29:22,200.0,11.7,B
2021-07-12T09:29:21,100.0,11.7,B
2021-07-12T09:29:19,300.0,11.7,B
2021-07-12T09:29:16,2800.0,11.7,S
2021-07-12T09:29:14,300.0,11.7,S
2021-07-12T09:29:10,500.0,11.7,S
2021-07-12T09:29:09,1400.0,11.7,S
2021-07-12T09:29:08,4100.0,11.7,S
2021-07-12T09:29:05,300.0,11.7,S
2021-07-12T09:29:04,1600.0,11.7,S
2021-07-12T09:29:00,800.0,11.7,B
2021-07-12T09:29:00,6700.0,11.7,S
2021-07-12T09:28:59,300.0,11.7,S
2021-07-12T09:28:54,2900.0,11.7,S
2021-07-12T09:28:51,1000.0,11.7,S
2021-07-12T09:28:49,1000.0,11.7,S
2021-07-12T09:28:48,100.0,11.7,S
2021-07-12T09:28:46,2000.0,11.7,S
2021-07-12T09:28:44,1000.0,11.7,S
2021-07-12T09:28:41,1300.0,11.6,S
2021-07-12T09:28:40,10000.0,11.8,B
2021-07-12T09:28:30,1200.0,11.7,B
2021-07-12T09:28:28,200.0,11.7,S
2021-07-12T09:28:28,800.0,11.7,S
2021-07-12T09:28:25,1000.0,11.7,S
2021-07-12T09:28:22,200.0,11.9,B
2021-07-12T09:28:19,500.0,11.8,S
2021-07-12T09:28:15,300.0,11.7,S
2021-07-12T09:28:10,5900.0,11.7,S
2021-07-12T09:27:59,100.0,11.8,S
2021-07-12T09:27:59,100.0,11.8,S
2021-07-12T09:27:58,100.0,11.9,B
2021-07-12T09:27:56,1000.0,11.8,S
2021-07-12T09:27:51,500.0,11.9,B
2021-07-12T09:27:50,200.0,11.8,S
2021-07-12T09:27:45,2000.0,11.8,S
2021-07-12T09:27:33,600.0,11.8,S
2021-07-12T09:27:29,1500.0,11.8,S
2021-07-12T09:27:21,200.0,11.9,B
2021-07-12T09:27:13,500.0,11.9,B
2021-07-12T09:27:11,2100.0,11.8,S
2021-07-12T09:27:10,200.0,11.9,S
2021-07-12T09:26:41,20800.0,12.0,S
2021-07-12T09:26:41,8000.0,12.0,S
2021-07-12T09:26:32,1000.0,12.0,S
2021-07-12T09:26:31,600.0,12.0,S
2021-07-12T09:26:08,4300.0,12.1,S
2021-07-12T09:26:04,9700.0,12.1,S
2021-07-12T09:26:02,1800.0,12.2,B
2021-07-12T09:25:52,400.0,12.1,S
2021-07-12T09:25:47,100.0,12.2,B
2021-07-12T09:25:41,100.0,12.2,B
2021-07-12T09:25:39,1000.0,12.2,B
2021-07-12T09:25:34,1100.0,12.1,S
2021-07-12T09:25:24,2200.0,12.2,B
2021-07-12T09:25:23,100.0,12.2,B
2021-07-12T09:25:19,3000.0,12.2,B
2021-07-12T09:25:12,23400.0,12.2,S
2021-07-12T09:25:00,500.0,12.2,S
2021-07-12T09:24:52,200.0,12.2,S
2021-07-12T09:24:51,300.0,12.2,S
2021-07-12T09:24:48,100.0,12.2,S
2021-07-12T09:24:38,1000.0,12.2,S
2021-07-12T09:24:37,200.0,12.3,B
2021-07-12T09:24:26,100.0,12.2,S
2021-07-12T09:24:19,200.0,12.3,B
2021-07-12T09:24:16,100.0,12.3,B
2021-07-12T09:24:11,200.0,12.3,B
2021-07-12T09:24:06,2000.0,12.3,B
2021-07-12T09:24:01,500.0,12.3,B
2021-07-12T09:23:54,200.0,12.2,S
2021-07-12T09:23:52,1000.0,12.3,B
2021-07-12T09:23:50,1600.0,12.3,B
2021-07-12T09:23:38,1000.0,12.2,S
2021-07-12T09:23:33,1700.0,12.2,S
2021-07-12T09:22:51,100.0,12.2,S
2021-07-12T09:22:47,200.0,12.2,S
2021-07-12T09:22:43,1500.0,12.2,S
2021-07-12T09:22:31,100.0,12.2,S
2021-07-12T09:22:11,3100.0,12.2,S
2021-07-12T09:22:01,4900.0,12.2,S
2021-07-12T09:22:00,100.0,12.3,B
2021-07-12T09:21:58,100.0,12.3,B
2021-07-12T09:21:54,100.0,12.2,S
2021-07-12T09:21:48,3200.0,12.3,S
2021-07-12T09:21:27,20000.0,12.2,S
2021-07-12T09:21:17,500.0,12.4,B
2021-07-12T09:21:15,200.0,12.3,S
2021-07-12T09:20:58,400.0,12.3,S
2021-07-12T09:20:52,5000.0,12.3,S
2021-07-12T09:20:43,600.0,12.3,S
2021-07-12T09:20:41,100.0,12.3,S
2021-07-12T09:20:34,2000.0,12.3,S
2021-07-12T09:20:23,100.0,12.3,S
2021-07-12T09:20:02,10000.0,12.3,S
2021-07-12T09:19:59,500.0,12.4,B
2021-07-12T09:19:52,300.0,12.3,S
2021-07-12T09:19:39,800.0,12.3,S
2021-07-12T09:19:37,1000.0,12.3,S
2021-07-12T09:19:35,100.0,12.4,B
2021-07-12T09:19:28,300.0,12.3,S
2021-07-12T09:19:27,5000.0,12.5,B
2021-07-12T09:19:16,800.0,12.5,B
2021-07-12T09:19:08,100.0,12.5,B
2021-07-12T09:18:36,1000.0,12.5,B
2021-07-12T09:18:32,5000.0,12.3,S
2021-07-12T09:18:26,2000.0,12.3,S
2021-07-12T09:18:16,100.0,12.5,B
2021-07-12T09:17:54,300.0,12.5,B
2021-07-12T09:17:54,1500.0,12.3,S
2021-07-12T09:17:49,1200.0,12.5,B
2021-07-12T09:17:44,600.0,12.3,S
2021-07-12T09:17:18,400.0,12.3,S
2021-07-12T09:17:12,300.0,12.3,S
2021-07-12T09:17:08,2000.0,12.3,S
2021-07-12T09:17:05,1100.0,12.3,S
2021-07-12T09:17:03,200.0,12.3,B
2021-07-12T09:16:59,300.0,12.3,B
2021-07-12T09:16:50,15000.0,12.3,B
2021-07-12T09:16:46,100.0,12.3,B
2021-07-12T09:16:41,200.0,12.2,S
2021-07-12T09:16:38,100.0,12.3,B
2021-07-12T09:16:34,200.0,12.3,B
2021-07-12T09:16:23,200.0,12.3,B
2021-07-12T09:16:11,1600.0,12.3,S
2021-07-12T09:16:07,28000.0,12.3,S
2021-07-12T09:16:07,7000.0,12.4,S
2021-07-12T09:16:03,10700.0,12.5,B
2021-07-12T09:15:51,500.0,12.6,B
2021-07-12T09:15:10,1500.0,12.6,S
2021-07-12T09:15:05,3500.0,12.6,B
2021-07-12T09:15:00,1000.0,12.6,B
2021-07-12T09:14:30,1100.0,12.6,S
2021-07-12T09:14:21,500.0,12.6,S
2021-07-12T09:14:09,300.0,12.6,S
2021-07-12T09:14:05,100.0,12.6,S
2021-07-12T09:14:01,100.0,12.6,S
2021-07-12T09:13:44,2900.0,12.6,B
2021-07-12T09:13:37,800.0,12.5,S
2021-07-12T09:13:35,400.0,12.5,S
2021-07-12T09:13:21,200.0,12.5,S
2021-07-12T09:13:09,100.0,12.5,S
2021-07-12T09:13:00,100.0,12.6,B
2021-07-12T09:12:49,200.0,12.6,B
2021-07-12T09:12:36,300.0,12.6,B
2021-07-12T09:12:26,100.0,12.6,B
2021-07-12T09:11:41,5000.0,12.6,B
2021-07-12T09:11:15,1000.0,12.6,B
2021-07-12T09:11:09,100.0,12.6,B
2021-07-12T09:10:32,6000.0,12.6,S
2021-07-12T09:10:31,100.0,12.6,S
2021-07-12T09:10:04,300.0,12.6,S
2021-07-12T09:10:01,100.0,12.6,S
2021-07-12T09:09:55,300.0,12.6,S
2021-07-12T09:09:53,1000.0,12.6,S
2021-07-12T09:09:27,1000.0,12.6,S
2021-07-12T09:08:57,3000.0,12.6,B
2021-07-12T09:08:53,300.0,12.6,B
2021-07-12T09:08:25,1100.0,12.5,S
2021-07-12T09:07:54,600.0,12.5,B
2021-07-12T09:07:49,1000.0,12.5,B
2021-07-12T09:07:43,700.0,12.5,S
2021-07-12T09:07:39,8300.0,12.5,B
2021-07-12T09:07:34,1000.0,12.5,B
2021-07-12T09:07:33,400.0,12.5,B
2021-07-12T09:07:16,100.0,12.5,B
2021-07-12T09:07:14,1000.0,12.5,B
2021-07-12T09:07:08,10000.0,12.5,B
2021-07-12T09:07:02,1000.0,12.5,B
2021-07-12T09:06:53,10000.0,12.5,B
2021-07-12T09:06:46,400.0,12.5,B
2021-07-12T09:06:39,1000.0,12.5,B
2021-07-12T09:06:37,1000.0,12.5,B
2021-07-12T09:06:36,100.0,12.5,B
2021-07-12T09:06:19,2000.0,12.4,S
2021-07-12T09:06:19,300.0,12.5,S
2021-07-12T09:06:13,8700.0,12.5,B
2021-07-12T09:06:04,1000.0,12.5,B
2021-07-12T09:06:03,300.0,12.5,B
2021-07-12T09:05:47,800.0,12.4,S
2021-07-12T09:05:18,500.0,12.4,S
2021-07-12T09:05:07,600.0,12.4,S
2021-07-12T09:05:04,2500.0,12.3,S
2021-07-12T09:04:55,1800.0,12.3,S
2021-07-12T09:04:54,1000.0,12.3,S
2021-07-12T09:04:39,1000.0,12.3,S
2021-07-12T09:04:21,100.0,12.3,S
2021-07-12T09:04:09,1500.0,12.3,B
2021-07-12T09:04:04,300.0,12.3,B
2021-07-12T09:04:03,400.0,12.3,B
2021-07-12T09:04:02,1500.0,12.3,S
2021-07-12T09:03:58,3600.0,12.3,S
2021-07-12T09:03:54,10000.0,12.3,B
2021-07-12T09:03:44,2000.0,12.3,B
2021-07-12T09:03:42,25000.0,12.3,B
2021-07-12T09:03:40,200.0,12.3,B
2021-07-12T09:03:39,2000.0,12.3,B
2021-07-12T09:03:32,6000.0,12.3,B
2021-07-12T09:03:31,1400.0,12.2,S
2021-07-12T09:03:14,400.0,12.3,B
2021-07-12T09:03:08,600.0,12.3,B
2021-07-12T09:03:06,1000.0,12.3,B
2021-07-12T09:03:03,1000.0,12.3,B
2021-07-12T09:03:00,1000.0,12.3,B
2021-07-12T09:02:44,100.0,12.3,B
2021-07-12T09:02:26,3000.0,12.3,B
2021-07-12T09:02:25,100.0,12.3,B
2021-07-12T09:02:17,100.0,12.3,B
2021-07-12T09:02:10,100.0,12.3,B
2021-07-12T09:02:01,200.0,12.2,S
2021-07-12T09:01:57,200.0,12.2,B
2021-07-12T09:01:55,100.0,12.2,B
2021-07-12T09:01:48,3000.0,12.2,B
2021-07-12T09:01:42,200.0,12.2,B
2021-07-12T09:01:38,500.0,12.5,B
2021-07-12T09:01:36,1000.0,12.7,B
2021-07-12T09:01:18,600.0,12.7,B
2021-07-12T09:01:17,2000.0,12.7,S
2021-07-12T09:00:59,2900.0,12.7,S
2021-07-12T09:00:46,200.0,12.7,B
2021-07-12T09:00:32,1000.0,12.7,B
2021-07-12T09:00:28,300.0,12.7,B
2021-07-12T09:00:26,300.0,12.9,S
2021-07-12T09:00:22,100.0,13.0,B
