tradingTime,volume,price,side
2021-07-12T14:29:22,7200.0,17.0,B
2021-07-12T14:29:22,5900.0,17.0,B
2021-07-12T14:29:22,300.0,17.0,B
2021-07-12T14:29:22,400.0,17.0,B
2021-07-12T14:29:22,5800.0,17.0,B
2021-07-12T14:29:19,800.0,16.9,S
2021-07-12T14:29:12,100.0,16.95,B
2021-07-12T14:28:57,500.0,16.95,B
2021-07-12T14:28:54,200.0,16.95,B
2021-07-12T14:28:54,100.0,16.95,B
2021-07-12T14:28:37,100.0,16.95,B
2021-07-12T14:28:23,3000.0,16.95,B
2021-07-12T14:28:19,100.0,17.0,B
2021-07-12T14:28:05,100.0,17.0,B
2021-07-12T14:28:04,1200.0,17.0,B
2021-07-12T14:28:04,2800.0,17.0,B
2021-07-12T14:28:04,6000.0,17.0,B
2021-07-12T14:26:49,4400.0,17.0,B
2021-07-12T14:26:48,700.0,16.9,S
2021-07-12T14:26:48,200.0,16.9,S
2021-07-12T14:26:48,1100.0,16.9,S
2021-07-12T14:26:30,100.0,16.95,S
2021-07-12T14:26:23,100.0,17.0,B
2021-07-12T14:26:22,900.0,16.95,S
2021-07-12T14:25:59,1800.0,16.9,S
2021-07-12T14:25:59,1000.0,16.9,S
2021-07-12T14:25:59,3100.0,16.9,S
2021-07-12T14:25:58,1200.0,17.0,B
2021-07-12T14:25:57,1000.0,17.0,B
2021-07-12T14:25:37,300.0,16.95,B
2021-07-12T14:25:32,300.0,16.95,B
2021-07-12T14:25:24,10000.0,17.0,B
2021-07-12T14:25:01,100.0,16.9,S
2021-07-12T14:24:54,500.0,16.95,B
2021-07-12T14:24:45,2000.0,16.95,B
2021-07-12T14:24:43,100.0,16.95,B
2021-07-12T14:24:38,300.0,16.95,B
2021-07-12T14:23:39,5000.0,16.95,B
2021-07-12T14:23:33,27800.0,16.95,B
2021-07-12T14:23:33,1100.0,16.9,B
2021-07-12T14:23:33,500.0,16.9,B
2021-07-12T14:23:33,600.0,16.9,B
2021-07-12T14:23:29,500.0,16.9,B
2021-07-12T14:23:27,100.0,16.9,B
2021-07-12T14:23:23,1000.0,16.9,B
2021-07-12T14:23:22,100.0,16.9,B
2021-07-12T14:23:19,500.0,16.9,B
2021-07-12T14:23:19,5000.0,16.9,B
2021-07-12T14:23:12,1000.0,16.9,B
2021-07-12T14:23:12,1000.0,16.9,B
2021-07-12T14:23:10,1000.0,16.9,B
2021-07-12T14:23:06,6300.0,16.9,B
2021-07-12T14:23:06,3700.0,16.9,B
2021-07-12T14:23:01,4500.0,16.9,B
2021-07-12T14:23:01,300.0,16.9,B
2021-07-12T14:23:00,1000.0,16.9,B
2021-07-12T14:22:59,600.0,16.9,B
2021-07-12T14:22:58,600.0,16.9,B
2021-07-12T14:22:57,3000.0,16.9,B
2021-07-12T14:22:57,6000.0,16.9,B
2021-07-12T14:22:55,100.0,16.9,B
2021-07-12T14:22:55,200.0,16.9,B
2021-07-12T14:22:55,7900.0,16.9,B
2021-07-12T14:22:47,500.0,16.9,B
2021-07-12T14:22:47,700.0,16.9,B
2021-07-12T14:22:43,12000.0,16.9,B
2021-07-12T14:22:35,5200.0,16.9,B
2021-07-12T14:22:35,5500.0,16.9,B
2021-07-12T14:22:28,2400.0,16.9,B
2021-07-12T14:22:20,3700.0,16.9,B
2021-07-12T14:22:17,5000.0,16.9,B
2021-07-12T14:22:11,500.0,16.9,B
2021-07-12T14:22:08,2000.0,16.9,B
2021-07-12T14:22:06,9000.0,16.9,B
2021-07-12T14:22:00,700.0,16.9,B
2021-07-12T14:21:54,5000.0,16.85,S
2021-07-12T14:21:54,3000.0,16.85,S
2021-07-12T14:21:50,4000.0,16.9,B
2021-07-12T14:21:43,700.0,16.9,B
2021-07-12T14:21:30,500.0,16.85,S
2021-07-12T14:21:26,1000.0,16.85,S
2021-07-12T14:21:20,1000.0,16.9,B
2021-07-12T14:21:11,1000.0,16.9,B
2021-07-12T14:21:08,3000.0,16.9,B
2021-07-12T14:21:04,100.0,16.9,B
2021-07-12T14:20:56,100.0,16.9,B
2021-07-12T14:20:49,600.0,16.9,B
2021-07-12T14:20:41,200.0,16.9,B
2021-07-12T14:20:40,100.0,16.9,B
2021-07-12T14:20:26,100.0,16.9,B
2021-07-12T14:20:19,100.0,16.9,B
2021-07-12T14:20:12,7800.0,16.85,S
2021-07-12T14:20:10,100.0,16.9,B
2021-07-12T14:20:01,100.0,16.9,B
2021-07-12T14:19:58,100.0,16.9,B
2021-07-12T14:19:47,100.0,16.9,B
2021-07-12T14:19:36,100.0,16.9,B
2021-07-12T14:19:28,100.0,16.9,B
2021-07-12T14:19:12,100.0,16.9,B
2021-07-12T14:18:48,10000.0,16.85,S
2021-07-12T14:18:45,100.0,16.9,B
2021-07-12T14:18:39,2000.0,16.9,B
2021-07-12T14:18:21,300.0,16.9,B
2021-07-12T14:18:21,200.0,16.9,B
2021-07-12T14:18:05,10000.0,16.85,S
2021-07-12T14:18:04,100.0,16.9,B
2021-07-12T14:18:02,100.0,16.9,B
2021-07-12T14:17:48,100.0,16.9,B
2021-07-12T14:17:33,14000.0,16.85,S
2021-07-12T14:17:26,300.0,16.9,B
2021-07-12T14:17:04,200.0,16.9,B
2021-07-12T14:16:52,1000.0,16.9,B
2021-07-12T14:16:44,1000.0,16.9,B
2021-07-12T14:16:44,100.0,16.9,B
2021-07-12T14:16:41,1000.0,16.9,B
2021-07-12T14:16:30,1000.0,16.9,B
2021-07-12T14:16:22,1000.0,16.9,B
2021-07-12T14:16:12,1000.0,16.9,B
2021-07-12T14:16:05,100.0,16.9,B
2021-07-12T14:16:01,1000.0,16.9,B
2021-07-12T14:15:59,100.0,16.9,B
2021-07-12T14:15:44,1000.0,16.9,B
2021-07-12T14:14:37,500.0,16.85,S
2021-07-12T14:13:49,1200.0,16.9,B
2021-07-12T14:13:47,20000.0,16.9,B
2021-07-12T14:13:33,500.0,16.85,S
2021-07-12T14:13:23,500.0,16.85,S
2021-07-12T14:13:19,400.0,16.85,S
2021-07-12T14:13:19,600.0,16.85,S
2021-07-12T14:13:01,2000.0,16.9,B
2021-07-12T14:12:38,5000.0,16.85,S
2021-07-12T14:12:16,900.0,16.9,B
2021-07-12T14:12:04,700.0,16.85,S
2021-07-12T14:11:39,100.0,16.85,S
2021-07-12T14:11:35,5000.0,16.85,S
2021-07-12T14:10:59,800.0,16.85,S
2021-07-12T14:10:56,1000.0,16.85,S
2021-07-12T14:10:40,400.0,16.9,B
2021-07-12T14:09:58,2500.0,16.85,S
2021-07-12T14:09:55,1000.0,16.9,B
2021-07-12T14:09:36,200.0,16.9,B
2021-07-12T14:09:09,500.0,16.85,S
2021-07-12T14:09:03,100.0,16.85,S
2021-07-12T14:08:45,2000.0,16.85,S
2021-07-12T14:08:43,900.0,16.85,S
2021-07-12T14:08:05,1200.0,16.85,S
2021-07-12T14:08:02,5000.0,16.85,S
2021-07-12T14:07:35,25000.0,16.85,S
2021-07-12T14:07:27,2000.0,16.85,S
2021-07-12T14:07:17,6000.0,16.85,S
2021-07-12T14:06:58,300.0,16.85,S
2021-07-12T14:06:41,100.0,16.85,S
2021-07-12T14:06:39,2000.0,16.85,S
2021-07-12T14:06:38,200.0,16.85,S
2021-07-12T14:06:04,200.0,16.85,S
2021-07-12T14:05:57,500.0,16.85,S
2021-07-12T14:05:44,14100.0,16.85,S
2021-07-12T14:05:44,7900.0,16.85,S
2021-07-12T14:05:44,700.0,16.85,S
2021-07-12T14:05:44,1500.0,16.85,S
2021-07-12T14:05:44,35700.0,16.85,S
2021-07-12T14:05:44,100.0,16.85,S
2021-07-12T14:05:42,100.0,16.85,S
2021-07-12T14:05:39,100.0,16.9,B
2021-07-12T14:05:35,2000.0,16.85,S
2021-07-12T14:05:32,600.0,16.85,S
2021-07-12T14:05:30,300.0,16.85,S
2021-07-12T14:04:59,300.0,16.85,S
2021-07-12T14:04:47,2900.0,16.85,S
2021-07-12T14:04:36,500.0,16.85,S
2021-07-12T14:04:19,1000.0,16.9,B
2021-07-12T14:03:56,300.0,16.9,B
2021-07-12T14:03:43,2000.0,16.85,S
2021-07-12T14:03:36,500.0,16.85,S
2021-07-12T14:03:09,100.0,16.85,S
2021-07-12T14:03:02,500.0,16.85,S
2021-07-12T14:02:57,20000.0,16.85,S
2021-07-12T14:02:43,1000.0,16.85,S
2021-07-12T14:02:30,4300.0,16.85,S
2021-07-12T14:02:30,700.0,16.85,S
2021-07-12T14:01:46,10000.0,16.85,S
2021-07-12T14:01:39,1000.0,16.85,S
2021-07-12T14:01:34,800.0,16.85,S
2021-07-12T14:01:34,100.0,16.85,S
2021-07-12T14:01:34,4100.0,16.85,S
2021-07-12T14:01:30,5000.0,16.85,S
2021-07-12T14:01:22,1000.0,16.85,S
2021-07-12T14:01:22,3700.0,16.85,S
2021-07-12T14:01:22,1300.0,16.85,S
2021-07-12T14:01:17,17000.0,16.9,B
2021-07-12T14:01:16,300.0,16.85,S
2021-07-12T14:01:16,2000.0,16.85,S
2021-07-12T14:01:09,1100.0,16.85,S
2021-07-12T14:01:07,600.0,16.85,S
2021-07-12T14:01:05,500.0,16.9,B
2021-07-12T14:00:58,100.0,16.85,S
2021-07-12T14:00:56,600.0,16.85,S
2021-07-12T14:00:54,500.0,16.85,S
2021-07-12T14:00:49,700.0,16.85,S
2021-07-12T14:00:42,800.0,16.85,S
2021-07-12T14:00:38,500.0,16.85,S
2021-07-12T14:00:36,600.0,16.85,S
2021-07-12T14:00:31,3000.0,16.85,S
2021-07-12T14:00:27,600.0,16.85,S
2021-07-12T14:00:27,18200.0,16.85,S
2021-07-12T14:00:25,200.0,16.85,S
2021-07-12T14:00:25,300.0,16.85,S
2021-07-12T14:00:21,700.0,16.85,S
2021-07-12T14:00:18,2500.0,16.9,B
2021-07-12T14:00:17,2000.0,16.85,S
2021-07-12T14:00:15,100.0,16.85,S
2021-07-12T14:00:13,600.0,16.85,S
2021-07-12T14:00:01,11500.0,16.85,S
2021-07-12T13:59:52,100.0,16.85,S
2021-07-12T13:59:41,11000.0,16.85,S
2021-07-12T13:59:27,600.0,16.85,S
2021-07-12T13:59:25,1000.0,16.9,B
2021-07-12T13:59:23,10000.0,16.85,S
2021-07-12T13:59:17,100.0,16.85,S
2021-07-12T13:59:14,1900.0,16.9,B
2021-07-12T13:59:09,6000.0,16.9,B
2021-07-12T13:59:09,400.0,16.85,S
2021-07-12T13:59:04,2000.0,16.85,S
2021-07-12T13:59:00,1200.0,16.9,B
2021-07-12T13:58:56,5000.0,16.85,S
2021-07-12T13:58:52,12000.0,16.85,S
2021-07-12T13:58:42,800.0,16.85,S
2021-07-12T13:58:27,1000.0,16.85,S
2021-07-12T13:58:05,5000.0,16.85,S
2021-07-12T13:58:04,5000.0,16.85,S
2021-07-12T13:57:59,1000.0,16.85,S
2021-07-12T13:57:59,9000.0,16.85,S
2021-07-12T13:57:57,1000.0,16.9,B
2021-07-12T13:57:57,700.0,16.85,S
2021-07-12T13:57:49,800.0,16.85,S
2021-07-12T13:57:46,300.0,16.85,S
2021-07-12T13:57:46,1300.0,16.85,S
2021-07-12T13:57:27,1400.0,16.9,B
2021-07-12T13:56:58,300.0,16.85,S
2021-07-12T13:56:48,2600.0,16.9,B
2021-07-12T13:56:48,1000.0,16.9,B
2021-07-12T13:56:37,500.0,16.9,B
2021-07-12T13:56:35,600.0,16.85,S
2021-07-12T13:56:28,700.0,16.85,S
2021-07-12T13:56:21,1300.0,16.85,S
2021-07-12T13:56:21,800.0,16.85,S
2021-07-12T13:56:21,1200.0,16.85,S
2021-07-12T13:56:21,800.0,16.85,S
2021-07-12T13:56:14,700.0,16.85,S
2021-07-12T13:56:08,600.0,16.85,S
2021-07-12T13:56:06,4900.0,16.85,S
2021-07-12T13:56:06,15100.0,16.85,S
2021-07-12T13:56:01,700.0,16.85,S
2021-07-12T13:55:59,2000.0,16.85,S
2021-07-12T13:55:51,600.0,16.85,S
2021-07-12T13:55:33,7000.0,16.85,S
2021-07-12T13:55:28,3100.0,16.85,S
2021-07-12T13:55:26,1600.0,16.85,S
2021-07-12T13:55:22,20000.0,16.85,S
2021-07-12T13:55:02,20000.0,16.85,S
2021-07-12T13:55:02,1100.0,16.9,B
2021-07-12T13:55:02,2500.0,16.9,B
2021-07-12T13:54:55,900.0,16.85,S
2021-07-12T13:54:45,4500.0,16.85,S
2021-07-12T13:54:45,5500.0,16.85,S
2021-07-12T13:54:21,1000.0,16.85,S
2021-07-12T13:54:19,100.0,16.85,S
2021-07-12T13:53:39,5000.0,16.85,S
2021-07-12T13:53:39,2000.0,16.85,S
2021-07-12T13:53:30,20000.0,16.85,S
2021-07-12T13:53:02,1000.0,16.85,S
2021-07-12T13:52:50,300.0,16.85,S
2021-07-12T13:52:24,1000.0,16.85,S
2021-07-12T13:52:01,20000.0,16.85,S
2021-07-12T13:52:00,200.0,16.85,S
2021-07-12T13:51:55,100.0,16.9,B
2021-07-12T13:51:52,100.0,16.85,S
2021-07-12T13:51:40,2000.0,16.85,S
2021-07-12T13:51:40,1000.0,16.85,S
2021-07-12T13:51:06,2500.0,16.85,S
2021-07-12T13:50:59,8900.0,16.85,B
2021-07-12T13:50:59,20000.0,16.85,B
2021-07-12T13:50:58,200.0,16.85,B
2021-07-12T13:50:58,100.0,16.85,B
2021-07-12T13:50:53,100.0,16.85,B
2021-07-12T13:50:43,20000.0,16.85,B
2021-07-12T13:50:38,200.0,16.85,B
2021-07-12T13:50:37,2500.0,16.85,B
2021-07-12T13:50:36,500.0,16.85,B
2021-07-12T13:50:34,1800.0,16.85,B
2021-07-12T13:50:33,4800.0,16.85,S
2021-07-12T13:50:29,1500.0,16.85,S
2021-07-12T13:50:17,4100.0,16.85,S
2021-07-12T13:50:15,1900.0,16.85,S
2021-07-12T13:50:14,5500.0,16.85,S
2021-07-12T13:50:08,1000.0,16.85,S
2021-07-12T13:49:38,1000.0,16.85,S
2021-07-12T13:49:32,5000.0,16.85,S
2021-07-12T13:49:32,1300.0,16.85,S
2021-07-12T13:49:32,2000.0,16.85,S
2021-07-12T13:49:32,600.0,16.85,S
2021-07-12T13:49:32,100.0,16.85,S
2021-07-12T13:49:32,100.0,16.85,S
2021-07-12T13:49:32,200.0,16.85,S
2021-07-12T13:49:32,500.0,16.85,S
2021-07-12T13:49:32,6500.0,16.85,S
2021-07-12T13:49:32,900.0,16.85,S
2021-07-12T13:49:32,10600.0,16.85,S
2021-07-12T13:49:32,4500.0,16.85,S
2021-07-12T13:49:32,3800.0,16.85,S
2021-07-12T13:49:32,7400.0,16.85,S
2021-07-12T13:49:32,100.0,16.85,S
2021-07-12T13:49:32,100.0,16.85,S
2021-07-12T13:49:32,5100.0,16.85,S
2021-07-12T13:49:32,100.0,16.85,S
2021-07-12T13:49:32,2500.0,16.85,S
2021-07-12T13:49:32,100.0,16.85,S
2021-07-12T13:49:32,100.0,16.85,S
2021-07-12T13:49:32,100.0,16.85,S
2021-07-12T13:49:32,100.0,16.85,S
2021-07-12T13:49:32,900.0,16.85,S
2021-07-12T13:49:32,300.0,16.85,S
2021-07-12T13:49:32,1400.0,16.85,S
2021-07-12T13:49:32,2000.0,16.85,S
2021-07-12T13:49:32,37200.0,16.85,S
2021-07-12T13:49:32,100.0,16.85,S
2021-07-12T13:49:32,600.0,16.85,S
2021-07-12T13:49:32,113100.0,16.85,S
2021-07-12T13:49:32,200.0,16.85,S
2021-07-12T13:49:32,7100.0,16.85,S
2021-07-12T13:49:32,500.0,16.85,S
2021-07-12T13:49:32,3600.0,16.85,S
2021-07-12T13:49:32,200.0,16.85,S
2021-07-12T13:49:32,1100.0,16.85,S
2021-07-12T13:49:32,100.0,16.85,S
2021-07-12T13:49:32,14500.0,16.85,S
2021-07-12T13:49:32,2200.0,16.85,S
2021-07-12T13:49:32,400.0,16.85,S
2021-07-12T13:49:32,4300.0,16.85,S
2021-07-12T13:49:32,600.0,16.85,S
2021-07-12T13:49:32,1900.0,16.85,S
2021-07-12T13:49:32,3000.0,16.85,S
2021-07-12T13:49:32,100.0,16.85,S
2021-07-12T13:49:32,2500.0,16.85,S
2021-07-12T13:49:32,600.0,16.85,S
2021-07-12T13:49:32,3200.0,16.85,S
2021-07-12T13:49:32,1100.0,16.85,S
2021-07-12T13:49:32,100500.0,16.85,S
2021-07-12T13:49:32,4600.0,16.85,S
2021-07-12T13:49:32,600.0,16.85,S
2021-07-12T13:49:32,600.0,16.85,S
2021-07-12T13:49:32,600.0,16.85,S
2021-07-12T13:49:32,1300.0,16.85,S
2021-07-12T13:49:32,200.0,16.85,S
2021-07-12T13:49:32,6300.0,16.85,S
2021-07-12T13:49:32,200.0,16.85,S
2021-07-12T13:49:32,1100.0,16.85,S
2021-07-12T13:49:32,400.0,16.85,S
2021-07-12T13:49:32,5000.0,16.85,S
2021-07-12T13:49:32,600.0,16.85,S
2021-07-12T13:49:32,600.0,16.85,S
2021-07-12T13:49:32,1500.0,16.85,S
2021-07-12T13:49:32,100.0,16.85,S
2021-07-12T13:49:32,400.0,16.85,S
2021-07-12T13:49:32,5500.0,16.85,S
2021-07-12T13:49:32,2000.0,16.85,S
2021-07-12T13:49:32,500.0,16.85,S
2021-07-12T13:49:32,2000.0,16.85,S
2021-07-12T13:49:32,6000.0,16.85,S
2021-07-12T13:49:32,1000.0,16.85,S
2021-07-12T13:49:32,1100.0,16.85,S
2021-07-12T13:49:32,10100.0,16.85,S
2021-07-12T13:49:32,200.0,16.85,S
2021-07-12T13:49:31,200.0,16.85,S
2021-07-12T13:49:31,4400.0,16.85,S
2021-07-12T13:49:31,300.0,16.85,S
2021-07-12T13:49:31,1200.0,16.85,S
2021-07-12T13:49:31,2000.0,16.85,S
2021-07-12T13:49:31,1200.0,16.85,S
2021-07-12T13:49:31,400.0,16.85,S
2021-07-12T13:49:31,1200.0,16.85,S
2021-07-12T13:49:31,2100.0,16.85,S
2021-07-12T13:49:31,2100.0,16.85,S
2021-07-12T13:49:31,1000.0,16.85,S
2021-07-12T13:49:31,76300.0,16.85,S
2021-07-12T13:49:27,2500.0,16.9,B
2021-07-12T13:49:26,2100.0,16.85,S
2021-07-12T13:49:22,100.0,16.9,B
2021-07-12T13:49:00,500.0,16.9,B
2021-07-12T13:49:00,2000.0,16.9,B
2021-07-12T13:48:55,100.0,16.9,B
2021-07-12T13:48:53,1400.0,16.9,B
2021-07-12T13:48:52,2600.0,16.9,B
2021-07-12T13:48:47,1000.0,16.9,B
2021-07-12T13:48:38,100.0,16.9,B
2021-07-12T13:48:38,30000.0,16.85,S
2021-07-12T13:48:35,1000.0,16.9,B
2021-07-12T13:48:32,100.0,16.9,B
2021-07-12T13:48:24,1000.0,16.9,B
2021-07-12T13:48:19,2500.0,16.9,B
2021-07-12T13:48:18,500.0,16.9,B
2021-07-12T13:48:17,500.0,16.85,S
2021-07-12T13:48:15,1000.0,16.9,B
2021-07-12T13:48:05,1000.0,16.9,B
2021-07-12T13:48:02,1000.0,16.9,B
2021-07-12T13:47:44,9500.0,16.85,S
2021-07-12T13:47:42,1000.0,16.9,B
2021-07-12T13:47:28,1000.0,16.9,B
2021-07-12T13:47:08,6600.0,16.9,B
2021-07-12T13:46:49,300.0,16.85,S
2021-07-12T13:46:42,2500.0,16.9,B
2021-07-12T13:46:41,1000.0,16.85,S
2021-07-12T13:46:39,15300.0,16.85,S
2021-07-12T13:46:39,5000.0,16.85,S
2021-07-12T13:46:39,10400.0,16.85,S
2021-07-12T13:46:39,3300.0,16.85,S
2021-07-12T13:46:39,2000.0,16.85,S
2021-07-12T13:46:39,14000.0,16.85,S
2021-07-12T13:46:26,700.0,16.85,S
2021-07-12T13:46:19,600.0,16.85,S
2021-07-12T13:46:17,800.0,16.85,S
2021-07-12T13:46:12,700.0,16.85,S
2021-07-12T13:46:04,700.0,16.85,S
2021-07-12T13:45:59,500.0,16.85,S
2021-07-12T13:45:52,200.0,16.9,B
2021-07-12T13:45:51,500.0,16.85,S
2021-07-12T13:45:50,800.0,16.85,S
2021-07-12T13:45:42,700.0,16.85,S
2021-07-12T13:45:38,1000.0,16.9,B
2021-07-12T13:45:37,300.0,16.85,S
2021-07-12T13:45:34,600.0,16.85,S
2021-07-12T13:45:33,1400.0,16.85,S
2021-07-12T13:45:33,300.0,16.85,S
2021-07-12T13:45:28,600.0,16.9,B
2021-07-12T13:45:28,400.0,16.9,B
2021-07-12T13:45:12,4600.0,16.9,S
2021-07-12T13:45:04,1600.0,16.9,S
2021-07-12T13:45:02,800.0,16.9,S
2021-07-12T13:44:48,900.0,16.85,S
2021-07-12T13:44:48,600.0,16.85,S
2021-07-12T13:44:48,15000.0,16.85,S
2021-07-12T13:44:48,100.0,16.85,S
2021-07-12T13:44:48,83400.0,16.85,S
2021-07-12T13:44:48,4200.0,16.9,S
2021-07-12T13:44:44,300.0,16.85,S
2021-07-12T13:44:42,1600.0,16.9,B
2021-07-12T13:44:40,700.0,16.85,S
2021-07-12T13:44:35,116600.0,16.85,S
2021-07-12T13:44:35,1600.0,16.85,S
2021-07-12T13:44:35,5100.0,16.85,S
2021-07-12T13:44:35,2700.0,16.85,S
2021-07-12T13:44:35,2100.0,16.85,S
2021-07-12T13:44:35,20000.0,16.85,S
2021-07-12T13:44:35,51900.0,16.85,S
2021-07-12T13:44:33,4200.0,16.9,S
2021-07-12T13:44:08,30000.0,16.85,S
2021-07-12T13:44:04,2500.0,16.95,B
2021-07-12T13:43:58,700.0,16.9,S
2021-07-12T13:43:47,2000.0,16.9,B
2021-07-12T13:43:43,1800.0,16.85,S
2021-07-12T13:43:39,500.0,16.9,B
2021-07-12T13:43:38,1500.0,16.9,S
2021-07-12T13:43:27,100.0,16.9,S
2021-07-12T13:43:17,400.0,16.9,B
2021-07-12T13:43:12,100.0,16.9,B
2021-07-12T13:43:09,100.0,16.9,B
2021-07-12T13:43:09,400.0,16.9,B
2021-07-12T13:42:54,100.0,16.85,S
2021-07-12T13:42:28,500.0,16.85,S
2021-07-12T13:42:25,5000.0,16.9,B
2021-07-12T13:42:07,2000.0,16.85,S
2021-07-12T13:42:05,1000.0,16.85,S
2021-07-12T13:42:01,200.0,16.9,B
2021-07-12T13:41:59,3400.0,16.9,B
2021-07-12T13:41:59,1800.0,16.9,S
2021-07-12T13:41:49,1600.0,16.95,B
2021-07-12T13:41:46,300.0,16.9,S
2021-07-12T13:41:31,1100.0,16.9,S
2021-07-12T13:40:50,200.0,17.0,B
2021-07-12T13:40:37,2600.0,16.9,S
2021-07-12T13:40:37,1600.0,16.9,S
2021-07-12T13:40:37,2000.0,16.9,S
2021-07-12T13:40:37,5400.0,16.9,S
2021-07-12T13:40:37,101200.0,16.9,S
2021-07-12T13:40:37,7000.0,16.9,S
2021-07-12T13:40:37,6800.0,16.9,S
2021-07-12T13:40:37,1000.0,16.9,S
2021-07-12T13:40:37,22400.0,16.9,S
2021-07-12T13:40:32,5000.0,16.95,S
2021-07-12T13:40:19,1000.0,17.0,B
2021-07-12T13:40:08,100.0,17.0,B
2021-07-12T13:39:26,600.0,16.95,S
2021-07-12T13:39:21,800.0,16.95,S
2021-07-12T13:39:20,2000.0,16.95,S
2021-07-12T13:39:17,600.0,16.95,S
2021-07-12T13:39:11,700.0,16.95,S
2021-07-12T13:39:07,300.0,16.95,S
2021-07-12T13:39:03,100.0,17.0,B
2021-07-12T13:38:47,5000.0,16.95,S
2021-07-12T13:38:43,100.0,16.95,S
2021-07-12T13:38:40,200.0,16.95,S
2021-07-12T13:38:36,200.0,16.95,S
2021-07-12T13:38:20,800.0,16.95,S
2021-07-12T13:38:06,800.0,17.0,B
2021-07-12T13:37:49,4000.0,17.0,B
2021-07-12T13:37:48,4000.0,16.95,S
2021-07-12T13:37:43,1000.0,17.0,B
2021-07-12T13:37:17,800.0,17.0,B
2021-07-12T13:36:29,4000.0,17.0,B
2021-07-12T13:36:22,200.0,17.0,B
2021-07-12T13:36:06,300.0,17.0,B
2021-07-12T13:35:56,2500.0,17.0,B
2021-07-12T13:35:46,100.0,17.0,B
2021-07-12T13:35:40,1000.0,17.0,B
2021-07-12T13:35:16,3900.0,17.0,S
2021-07-12T13:34:58,300.0,17.05,B
2021-07-12T13:34:19,1300.0,17.05,B
2021-07-12T13:34:19,300.0,17.0,B
2021-07-12T13:34:19,100.0,16.95,S
2021-07-12T13:34:11,1500.0,16.95,S
2021-07-12T13:33:42,600.0,17.05,B
2021-07-12T13:33:38,2000.0,17.0,S
2021-07-12T13:33:30,5000.0,17.0,S
2021-07-12T13:33:23,8400.0,17.0,S
2021-07-12T13:33:11,1700.0,17.05,B
2021-07-12T13:33:00,600.0,17.0,S
2021-07-12T13:33:00,1000.0,17.0,S
2021-07-12T13:32:57,1000.0,17.05,B
2021-07-12T13:32:15,400.0,17.05,B
2021-07-12T13:32:08,5000.0,17.05,B
2021-07-12T13:32:02,2000.0,17.05,B
2021-07-12T13:30:54,15300.0,17.05,S
2021-07-12T13:30:40,500.0,17.05,S
2021-07-12T13:30:37,1000.0,17.05,S
2021-07-12T13:30:08,500.0,17.05,S
2021-07-12T13:30:02,1000.0,17.1,B
2021-07-12T13:29:57,400.0,17.05,S
2021-07-12T13:29:57,700.0,17.05,S
2021-07-12T13:29:54,800.0,17.05,S
2021-07-12T13:29:48,700.0,17.05,S
2021-07-12T13:29:34,800.0,17.1,B
2021-07-12T13:29:18,200.0,17.1,B
2021-07-12T13:29:00,100.0,17.05,S
2021-07-12T13:28:31,5000.0,17.1,B
2021-07-12T13:27:55,900.0,17.1,B
2021-07-12T13:27:19,200.0,17.05,B
2021-07-12T13:26:43,1000.0,17.0,B
2021-07-12T13:26:38,100.0,17.0,B
2021-07-12T13:26:35,200.0,17.0,B
2021-07-12T13:26:34,600.0,17.0,B
2021-07-12T13:26:27,100.0,17.0,B
2021-07-12T13:26:20,500.0,17.0,B
2021-07-12T13:26:17,500.0,17.0,B
2021-07-12T13:26:16,500.0,17.0,B
2021-07-12T13:26:06,500.0,17.05,B
2021-07-12T13:26:06,100.0,17.0,B
2021-07-12T13:26:02,100.0,17.0,B
2021-07-12T13:26:01,5000.0,17.0,B
2021-07-12T13:25:52,500.0,17.0,B
2021-07-12T13:25:49,5000.0,16.95,S
2021-07-12T13:25:49,200.0,17.0,B
2021-07-12T13:25:37,3200.0,17.0,B
2021-07-12T13:25:37,600.0,17.0,B
2021-07-12T13:25:29,300.0,16.95,B
2021-07-12T13:25:29,2500.0,16.95,B
2021-07-12T13:25:29,5800.0,16.95,B
2021-07-12T13:25:22,700.0,16.95,B
2021-07-12T13:25:19,100.0,16.9,S
2021-07-12T13:25:15,200.0,16.95,B
2021-07-12T13:24:43,300.0,16.95,B
2021-07-12T13:24:29,100.0,16.95,B
2021-07-12T13:24:05,900.0,16.95,B
2021-07-12T13:24:00,200.0,16.95,B
2021-07-12T13:23:56,1000.0,16.95,B
2021-07-12T13:23:47,1000.0,16.95,B
2021-07-12T13:23:01,300.0,16.95,B
2021-07-12T13:22:50,500.0,16.95,B
2021-07-12T13:22:21,100.0,16.9,S
2021-07-12T13:22:11,25700.0,16.85,S
2021-07-12T13:22:11,4300.0,16.85,S
2021-07-12T13:22:05,100.0,16.95,B
2021-07-12T13:22:02,1400.0,16.85,S
2021-07-12T13:22:02,600.0,16.85,S
2021-07-12T13:22:02,4600.0,16.85,S
2021-07-12T13:22:02,1600.0,16.85,S
2021-07-12T13:22:02,100.0,16.85,S
2021-07-12T13:22:02,1700.0,16.85,S
2021-07-12T13:21:52,100.0,16.85,S
2021-07-12T13:21:52,500.0,16.9,S
2021-07-12T13:21:51,3000.0,16.85,S
2021-07-12T13:21:46,600.0,16.85,S
2021-07-12T13:21:39,600.0,16.85,S
2021-07-12T13:21:29,800.0,16.85,S
2021-07-12T13:21:29,700.0,16.85,S
2021-07-12T13:21:29,500.0,16.95,S
2021-07-12T13:21:23,500.0,16.85,S
2021-07-12T13:21:16,700.0,16.85,S
2021-07-12T13:21:16,1200.0,16.85,S
2021-07-12T13:21:12,800.0,16.85,S
2021-07-12T13:21:10,700.0,16.85,S
2021-07-12T13:21:05,1200.0,16.85,S
2021-07-12T13:21:02,1000.0,16.9,S
2021-07-12T13:21:02,2100.0,16.9,S
2021-07-12T13:21:02,700.0,16.9,S
2021-07-12T13:21:02,101100.0,16.9,S
2021-07-12T13:21:02,100.0,16.9,S
2021-07-12T13:21:02,50200.0,16.9,S
2021-07-12T13:21:02,95400.0,16.9,S
2021-07-12T13:21:02,5200.0,16.9,S
2021-07-12T13:21:02,1600.0,16.9,S
2021-07-12T13:21:02,10200.0,16.9,S
2021-07-12T13:21:02,55000.0,16.9,S
2021-07-12T13:21:02,51700.0,16.9,S
2021-07-12T13:21:01,600.0,16.95,S
2021-07-12T13:20:55,600.0,16.95,S
2021-07-12T13:20:47,700.0,16.95,S
2021-07-12T13:20:47,300.0,17.0,S
2021-07-12T13:20:47,300.0,17.0,S
2021-07-12T13:20:47,1400.0,17.0,S
2021-07-12T13:20:47,100.0,17.0,S
2021-07-12T13:20:47,2700.0,17.0,S
2021-07-12T13:20:45,200.0,17.0,S
2021-07-12T13:20:43,1200.0,17.0,S
2021-07-12T13:20:41,700.0,17.0,S
2021-07-12T13:20:30,500.0,17.0,S
2021-07-12T13:20:27,700.0,17.0,S
2021-07-12T13:20:23,700.0,17.0,S
2021-07-12T13:20:14,600.0,17.0,S
2021-07-12T13:20:12,400.0,17.0,S
2021-07-12T13:20:08,1200.0,17.0,S
2021-07-12T13:20:06,700.0,17.0,S
2021-07-12T13:20:03,800.0,17.0,S
2021-07-12T13:19:58,1200.0,17.0,S
2021-07-12T13:19:55,800.0,17.0,S
2021-07-12T13:19:15,800.0,17.0,S
2021-07-12T13:18:44,1000.0,17.1,B
2021-07-12T13:18:31,5000.0,17.1,B
2021-07-12T13:17:39,20000.0,17.0,S
2021-07-12T13:17:07,500.0,17.05,S
2021-07-12T13:16:54,100.0,17.05,S
2021-07-12T13:16:46,300.0,17.05,B
2021-07-12T13:16:42,500.0,17.0,S
2021-07-12T13:16:40,1500.0,17.0,S
2021-07-12T13:16:33,1200.0,17.0,S
2021-07-12T13:16:07,500.0,17.0,S
2021-07-12T13:16:06,1900.0,17.0,B
2021-07-12T13:16:01,600.0,16.95,S
2021-07-12T13:15:54,500.0,16.95,S
2021-07-12T13:15:54,200.0,17.0,S
2021-07-12T13:15:54,100.0,17.0,S
2021-07-12T13:15:48,600.0,17.0,S
2021-07-12T13:15:45,21000.0,17.0,S
2021-07-12T13:15:34,700.0,17.0,S
2021-07-12T13:15:26,700.0,17.0,S
2021-07-12T13:15:10,100.0,17.05,B
2021-07-12T13:15:06,300.0,17.0,S
2021-07-12T13:14:54,1000.0,17.0,S
2021-07-12T13:14:32,300.0,17.1,B
2021-07-12T13:14:07,100.0,17.1,B
2021-07-12T13:13:41,2100.0,17.1,B
2021-07-12T13:12:51,3000.0,17.1,B
2021-07-12T13:12:42,2000.0,17.1,B
2021-07-12T13:11:55,2800.0,17.2,B
2021-07-12T13:11:52,600.0,17.2,B
2021-07-12T13:11:50,500.0,17.0,S
2021-07-12T13:11:38,600.0,17.2,B
2021-07-12T13:11:25,700.0,17.2,B
2021-07-12T13:10:57,400.0,17.1,S
2021-07-12T13:10:45,800.0,17.2,B
2021-07-12T13:10:42,100.0,17.0,S
2021-07-12T13:10:32,100.0,17.0,S
2021-07-12T13:09:04,100.0,17.2,B
2021-07-12T13:09:04,100.0,17.0,S
2021-07-12T13:08:42,800.0,17.0,S
2021-07-12T13:08:20,400.0,17.3,B
2021-07-12T13:08:20,200.0,17.3,B
2021-07-12T13:08:07,100.0,17.0,S
2021-07-12T13:07:30,100.0,17.3,B
2021-07-12T13:07:27,200.0,17.3,S
2021-07-12T13:07:22,58000.0,17.3,S
2021-07-12T13:07:21,300.0,17.3,S
2021-07-12T13:07:15,400.0,17.3,S
2021-07-12T13:07:12,200.0,17.3,S
2021-07-12T13:07:03,12500.0,17.3,B
2021-07-12T13:06:54,800.0,16.9,S
2021-07-12T13:06:37,25000.0,17.1,B
2021-07-12T13:06:31,10500.0,16.9,S
2021-07-12T13:06:31,2200.0,16.9,S
2021-07-12T13:06:31,13200.0,16.9,S
2021-07-12T13:06:31,2100.0,16.9,S
2021-07-12T13:06:31,200.0,16.9,S
2021-07-12T13:06:31,1000.0,16.9,S
2021-07-12T13:06:31,52400.0,16.9,S
2021-07-12T13:06:31,8500.0,16.95,S
2021-07-12T13:06:31,300.0,17.0,S
2021-07-12T13:06:31,200.0,17.0,S
2021-07-12T13:06:31,100.0,17.0,S
2021-07-12T13:06:31,300.0,17.0,S
2021-07-12T13:06:31,500.0,17.0,S
2021-07-12T13:06:31,1000.0,17.0,S
2021-07-12T13:06:31,400.0,17.0,S
2021-07-12T13:06:31,2000.0,17.0,S
2021-07-12T13:06:31,2300.0,17.0,S
2021-07-12T13:06:31,16000.0,17.0,S
2021-07-12T13:06:31,5000.0,17.0,S
2021-07-12T13:06:31,200.0,17.0,S
2021-07-12T13:06:31,700.0,17.0,S
2021-07-12T13:06:31,200.0,17.0,S
2021-07-12T13:06:31,2200.0,17.0,S
2021-07-12T13:06:31,100.0,17.0,S
2021-07-12T13:06:31,8400.0,17.0,S
2021-07-12T13:06:30,5000.0,17.1,B
2021-07-12T13:06:17,1000.0,17.1,B
2021-07-12T13:06:16,800.0,17.0,S
2021-07-12T13:06:14,1100.0,17.1,S
2021-07-12T13:06:14,5300.0,17.1,S
2021-07-12T13:06:14,200.0,17.1,S
2021-07-12T13:06:14,700.0,17.1,S
2021-07-12T13:06:14,22300.0,17.1,S
2021-07-12T13:06:14,4800.0,17.15,S
2021-07-12T13:06:14,200.0,17.15,S
2021-07-12T13:06:14,10500.0,17.15,S
2021-07-12T13:06:04,200.0,17.3,S
2021-07-12T13:06:04,400.0,17.3,S
2021-07-12T13:05:48,9000.0,17.3,S
2021-07-12T13:05:42,1100.0,17.3,S
2021-07-12T13:05:42,900.0,17.3,S
2021-07-12T13:05:29,600.0,17.3,S
2021-07-12T13:05:29,200.0,17.3,S
2021-07-12T13:05:02,500.0,17.3,S
2021-07-12T13:05:02,1500.0,17.35,B
2021-07-12T13:04:58,31000.0,17.3,S
2021-07-12T13:04:49,500.0,17.3,S
2021-07-12T13:04:47,3000.0,17.35,B
2021-07-12T13:04:28,500.0,17.3,S
2021-07-12T13:03:43,5000.0,17.35,B
2021-07-12T13:03:39,800.0,17.35,B
2021-07-12T13:03:36,10000.0,17.35,B
2021-07-12T13:03:23,100.0,17.35,B
2021-07-12T13:03:17,2000.0,17.35,B
2021-07-12T13:03:08,100.0,17.35,B
2021-07-12T13:03:08,600.0,17.35,B
2021-07-12T13:02:59,500.0,17.3,B
2021-07-12T13:02:59,1100.0,17.3,B
2021-07-12T13:02:59,400.0,17.3,B
2021-07-12T13:02:54,700.0,17.3,B
2021-07-12T13:02:46,500.0,17.3,B
2021-07-12T13:02:45,2500.0,17.3,B
2021-07-12T13:02:42,500.0,17.3,B
2021-07-12T13:02:40,500.0,17.3,B
2021-07-12T13:02:24,600.0,17.3,B
2021-07-12T13:02:14,600.0,17.3,B
2021-07-12T13:01:58,700.0,17.3,B
2021-07-12T13:01:45,600.0,17.25,B
2021-07-12T13:01:44,2000.0,17.25,B
2021-07-12T13:01:32,500.0,17.25,B
2021-07-12T13:01:17,800.0,17.25,B
2021-07-12T13:01:07,2000.0,17.15,S
2021-07-12T13:01:01,700.0,17.25,B
2021-07-12T13:00:57,200.0,17.15,S
2021-07-12T13:00:48,600.0,17.25,B
2021-07-12T13:00:43,2000.0,17.15,S
2021-07-12T13:00:40,600.0,17.25,B
2021-07-12T13:00:37,3500.0,17.2,B
2021-07-12T13:00:37,400.0,17.2,B
2021-07-12T13:00:37,5100.0,17.2,B
2021-07-12T13:00:30,200.0,17.15,S
2021-07-12T13:00:14,300.0,17.15,S
2021-07-12T13:00:12,1000.0,17.15,S
2021-07-12T13:00:12,500.0,17.2,B
2021-07-12T13:00:10,100.0,17.15,S
2021-07-12T13:00:03,1000.0,17.15,S
2021-07-12T13:00:03,900.0,17.15,S
2021-07-12T13:00:03,200.0,17.2,B
2021-07-12T13:00:03,100.0,17.15,S
2021-07-12T13:00:03,100.0,17.2,B
2021-07-12T13:00:03,1000.0,17.15,S
2021-07-12T11:29:45,300.0,17.15,S
2021-07-12T11:29:39,600.0,17.2,B
2021-07-12T11:29:39,200.0,17.15,S
2021-07-12T11:29:11,100.0,17.15,S
2021-07-12T11:28:48,200.0,17.15,S
2021-07-12T11:28:23,600.0,17.2,B
2021-07-12T11:28:15,100.0,17.15,S
2021-07-12T11:28:13,600.0,17.2,B
2021-07-12T11:28:01,2000.0,17.2,B
2021-07-12T11:27:49,300.0,17.2,B
2021-07-12T11:27:45,500.0,17.2,B
2021-07-12T11:27:38,100.0,17.2,B
2021-07-12T11:26:39,1000.0,17.2,B
2021-07-12T11:26:34,1000.0,17.15,S
2021-07-12T11:26:05,17400.0,17.1,B
2021-07-12T11:25:35,100.0,17.1,B
2021-07-12T11:25:27,400.0,17.1,B
2021-07-12T11:25:12,300.0,17.1,B
2021-07-12T11:25:08,100.0,17.1,B
2021-07-12T11:25:05,100.0,17.1,B
2021-07-12T11:24:58,900.0,17.1,B
2021-07-12T11:24:54,200.0,17.1,S
2021-07-12T11:24:36,700.0,17.1,S
2021-07-12T11:24:24,700.0,17.1,S
2021-07-12T11:24:05,700.0,17.1,S
2021-07-12T11:23:56,600.0,17.1,S
2021-07-12T11:23:50,800.0,17.1,S
2021-07-12T11:23:33,300.0,17.1,S
2021-07-12T11:23:02,1000.0,17.1,S
2021-07-12T11:22:45,1000.0,17.1,S
2021-07-12T11:22:40,700.0,17.1,S
2021-07-12T11:22:30,800.0,17.1,S
2021-07-12T11:22:28,5000.0,17.2,B
2021-07-12T11:22:23,500.0,17.15,S
2021-07-12T11:21:55,800.0,17.15,S
2021-07-12T11:21:30,500.0,17.15,S
2021-07-12T11:20:38,200.0,17.1,S
2021-07-12T11:20:12,2600.0,17.2,B
2021-07-12T11:19:59,4000.0,17.2,B
2021-07-12T11:19:07,200.0,17.1,S
2021-07-12T11:18:57,2000.0,17.1,S
2021-07-12T11:18:12,600.0,17.1,S
2021-07-12T11:18:02,800.0,17.1,S
2021-07-12T11:18:00,500.0,17.2,B
2021-07-12T11:17:55,1500.0,17.2,B
2021-07-12T11:17:38,800.0,17.1,S
2021-07-12T11:17:35,200.0,17.1,S
2021-07-12T11:16:32,3000.0,17.0,S
2021-07-12T11:16:10,20000.0,17.0,S
2021-07-12T11:15:53,300.0,17.2,B
2021-07-12T11:15:43,700.0,17.2,B
2021-07-12T11:15:22,2000.0,17.2,B
2021-07-12T11:15:22,800.0,17.2,B
2021-07-12T11:15:12,5000.0,17.2,B
2021-07-12T11:15:08,500.0,17.15,B
2021-07-12T11:15:03,1000.0,17.15,B
2021-07-12T11:14:50,1000.0,17.1,S
2021-07-12T11:14:33,1200.0,17.15,B
2021-07-12T11:14:31,800.0,17.1,B
2021-07-12T11:14:26,100.0,17.1,B
2021-07-12T11:14:16,2400.0,17.1,B
2021-07-12T11:14:12,2700.0,17.1,B
2021-07-12T11:14:12,2300.0,17.05,B
2021-07-12T11:13:53,24900.0,17.0,B
2021-07-12T11:13:36,400.0,16.95,S
2021-07-12T11:13:09,600.0,17.0,B
2021-07-12T11:13:03,100.0,17.0,B
2021-07-12T11:12:55,200.0,17.0,B
2021-07-12T11:12:35,5000.0,17.0,B
2021-07-12T11:12:26,1500.0,16.9,S
2021-07-12T11:12:08,200.0,17.0,B
2021-07-12T11:12:05,1500.0,16.9,S
2021-07-12T11:11:57,1000.0,16.9,S
2021-07-12T11:11:40,7000.0,17.0,B
2021-07-12T11:11:40,1000.0,17.0,B
2021-07-12T11:11:40,4100.0,16.9,B
2021-07-12T11:11:35,1400.0,16.9,S
2021-07-12T11:11:31,600.0,17.0,B
2021-07-12T11:11:11,600.0,16.9,B
2021-07-12T11:11:10,100.0,16.9,B
2021-07-12T11:11:09,200.0,16.85,S
2021-07-12T11:10:59,2000.0,16.85,S
2021-07-12T11:10:52,300.0,16.9,B
2021-07-12T11:10:39,600.0,17.0,B
2021-07-12T11:10:31,300.0,16.9,B
2021-07-12T11:10:24,400.0,16.9,S
2021-07-12T11:10:09,38200.0,16.85,S
2021-07-12T11:10:09,4400.0,16.9,S
2021-07-12T11:10:09,1500.0,16.9,S
2021-07-12T11:10:09,5100.0,16.9,S
2021-07-12T11:10:08,800.0,16.9,S
2021-07-12T11:10:08,500.0,17.0,B
2021-07-12T11:09:29,600.0,17.0,B
2021-07-12T11:09:24,6500.0,16.9,S
2021-07-12T11:09:21,500.0,16.9,S
2021-07-12T11:08:59,400.0,16.9,S
2021-07-12T11:08:56,200.0,16.9,S
2021-07-12T11:08:50,700.0,16.9,S
2021-07-12T11:08:41,200.0,16.9,S
2021-07-12T11:08:34,1200.0,16.9,S
2021-07-12T11:08:12,400.0,16.9,S
2021-07-12T11:08:04,1000.0,16.9,S
2021-07-12T11:07:48,15000.0,16.9,S
2021-07-12T11:07:30,2000.0,16.9,S
2021-07-12T11:07:24,500.0,16.9,S
2021-07-12T11:07:20,100.0,16.9,B
2021-07-12T11:07:20,1000.0,16.9,B
2021-07-12T11:07:06,100.0,16.9,B
2021-07-12T11:07:05,49600.0,16.85,S
2021-07-12T11:07:05,400.0,16.85,S
2021-07-12T11:07:03,100.0,16.9,B
2021-07-12T11:06:55,1200.0,16.9,S
2021-07-12T11:06:55,200.0,16.9,S
2021-07-12T11:06:55,5000.0,16.9,S
2021-07-12T11:06:55,2300.0,16.9,S
2021-07-12T11:06:55,86000.0,16.9,S
2021-07-12T11:06:55,800.0,16.9,S
2021-07-12T11:06:55,2000.0,16.9,S
2021-07-12T11:06:55,100.0,16.9,S
2021-07-12T11:06:55,4500.0,16.9,S
2021-07-12T11:06:55,2100.0,16.9,S
2021-07-12T11:06:55,500.0,16.9,S
2021-07-12T11:06:55,300.0,16.9,S
2021-07-12T11:06:55,300.0,16.9,S
2021-07-12T11:06:55,400.0,16.9,S
2021-07-12T11:06:55,500.0,16.9,S
2021-07-12T11:06:55,6900.0,16.9,S
2021-07-12T11:06:55,36600.0,16.9,S
2021-07-12T11:06:50,800.0,16.9,S
2021-07-12T11:06:48,1000.0,16.9,S
2021-07-12T11:06:42,600.0,16.9,S
2021-07-12T11:06:41,900.0,16.9,S
2021-07-12T11:06:32,500.0,16.9,S
2021-07-12T11:06:25,300.0,16.9,S
2021-07-12T11:06:24,600.0,16.9,S
2021-07-12T11:06:17,19500.0,16.9,S
2021-07-12T11:06:17,100.0,16.9,S
2021-07-12T11:06:17,400.0,16.95,S
2021-07-12T11:06:17,700.0,16.95,S
2021-07-12T11:06:09,800.0,16.95,S
2021-07-12T11:06:08,600.0,16.95,S
2021-07-12T11:06:01,1400.0,17.0,S
2021-07-12T11:06:01,1800.0,17.0,S
2021-07-12T11:06:01,3600.0,17.0,S
2021-07-12T11:06:01,100.0,17.0,S
2021-07-12T11:06:01,400.0,17.0,S
2021-07-12T11:06:01,200.0,17.0,S
2021-07-12T11:06:01,400.0,17.0,S
2021-07-12T11:06:01,1200.0,17.0,S
2021-07-12T11:06:01,200.0,17.0,S
2021-07-12T11:06:00,600.0,17.0,S
2021-07-12T11:06:00,700.0,17.0,S
2021-07-12T11:06:00,300.0,17.0,S
2021-07-12T11:05:57,600.0,17.05,B
2021-07-12T11:05:56,5000.0,17.0,S
2021-07-12T11:05:46,3300.0,17.0,S
2021-07-12T11:05:38,2000.0,17.0,S
2021-07-12T11:05:28,300.0,17.0,S
2021-07-12T11:05:26,5000.0,17.0,S
2021-07-12T11:05:23,100.0,17.0,S
2021-07-12T11:05:21,100.0,17.0,S
2021-07-12T11:05:18,3900.0,17.0,S
2021-07-12T11:05:18,1000.0,17.0,S
2021-07-12T11:05:18,300.0,17.0,S
2021-07-12T11:05:18,100.0,17.0,S
2021-07-12T11:05:18,400.0,17.0,S
2021-07-12T11:05:18,300.0,17.0,S
2021-07-12T11:05:18,1000.0,17.0,S
2021-07-12T11:05:18,500.0,17.0,S
2021-07-12T11:05:18,9500.0,17.0,S
2021-07-12T11:05:18,700.0,17.0,S
2021-07-12T11:05:18,2300.0,17.0,S
2021-07-12T11:05:16,2000.0,17.0,S
2021-07-12T11:05:03,2600.0,17.0,S
2021-07-12T11:05:02,1200.0,17.0,S
2021-07-12T11:05:01,600.0,17.0,S
2021-07-12T11:05:01,600.0,17.0,S
2021-07-12T11:05:01,15800.0,17.0,S
2021-07-12T11:04:50,1200.0,17.0,S
2021-07-12T11:04:33,300.0,17.1,B
2021-07-12T11:04:31,32600.0,17.0,S
2021-07-12T11:04:31,700.0,17.05,S
2021-07-12T11:04:24,600.0,17.05,S
2021-07-12T11:04:24,1500.0,17.05,S
2021-07-12T11:04:17,500.0,17.1,S
2021-07-12T11:04:17,9400.0,17.1,S
2021-07-12T11:04:17,100.0,17.1,S
2021-07-12T11:04:17,2400.0,17.1,S
2021-07-12T11:04:14,700.0,17.1,S
2021-07-12T11:04:13,800.0,17.1,S
2021-07-12T11:04:08,1500.0,17.1,S
2021-07-12T11:04:08,700.0,17.1,S
2021-07-12T11:04:07,1000.0,17.1,S
2021-07-12T11:03:58,500.0,17.1,S
2021-07-12T11:03:45,1400.0,17.1,S
2021-07-12T11:03:45,100.0,17.1,S
2021-07-12T11:03:45,1500.0,17.1,S
2021-07-12T11:03:29,11600.0,17.1,S
2021-07-12T11:03:29,15700.0,17.1,S
2021-07-12T11:03:29,12000.0,17.15,S
2021-07-12T11:03:29,9600.0,17.15,S
2021-07-12T11:03:17,35000.0,17.15,S
2021-07-12T11:03:16,600.0,17.15,S
2021-07-12T11:02:32,600.0,17.15,S
2021-07-12T11:02:22,700.0,17.15,S
2021-07-12T11:02:22,800.0,17.15,S
2021-07-12T11:02:14,700.0,17.15,S
2021-07-12T11:02:10,800.0,17.15,S
2021-07-12T11:02:06,700.0,17.15,S
2021-07-12T11:01:58,600.0,17.15,S
2021-07-12T11:01:49,600.0,17.15,S
2021-07-12T11:01:41,700.0,17.15,S
2021-07-12T11:01:16,3000.0,17.15,S
2021-07-12T11:00:43,500.0,17.15,S
2021-07-12T11:00:04,1000.0,17.2,S
2021-07-12T11:00:04,2200.0,17.2,S
2021-07-12T11:00:04,2100.0,17.2,S
2021-07-12T11:00:04,61100.0,17.2,S
2021-07-12T10:59:52,1400.0,17.2,S
2021-07-12T10:59:21,300.0,17.25,S
2021-07-12T10:59:11,800.0,17.25,S
2021-07-12T10:58:58,2600.0,17.25,S
2021-07-12T10:58:58,200.0,17.25,S
2021-07-12T10:58:45,1500.0,17.25,S
2021-07-12T10:56:39,500.0,17.25,B
2021-07-12T10:56:26,6000.0,17.25,B
2021-07-12T10:56:08,700.0,17.2,S
2021-07-12T10:56:03,600.0,17.2,S
2021-07-12T10:55:57,800.0,17.2,S
2021-07-12T10:55:57,10000.0,17.2,S
2021-07-12T10:55:53,700.0,17.2,S
2021-07-12T10:55:32,10000.0,17.2,S
2021-07-12T10:55:16,500.0,17.25,S
2021-07-12T10:54:47,600.0,17.25,B
2021-07-12T10:54:23,900.0,17.25,S
2021-07-12T10:54:14,1100.0,17.25,S
2021-07-12T10:54:05,900.0,17.3,B
2021-07-12T10:54:02,1400.0,17.25,S
2021-07-12T10:54:02,1000.0,17.25,S
2021-07-12T10:54:02,600.0,17.25,S
2021-07-12T10:53:25,500.0,17.3,B
2021-07-12T10:53:08,500.0,17.3,B
2021-07-12T10:52:52,200.0,17.3,B
2021-07-12T10:52:38,200.0,17.3,B
2021-07-12T10:52:31,100.0,17.25,S
2021-07-12T10:51:56,800.0,17.25,S
2021-07-12T10:51:50,2000.0,17.25,S
2021-07-12T10:51:37,1000.0,17.25,S
2021-07-12T10:51:17,800.0,17.25,S
2021-07-12T10:50:53,300.0,17.25,S
2021-07-12T10:50:53,400.0,17.3,S
2021-07-12T10:50:52,1800.0,17.25,S
2021-07-12T10:50:37,100.0,17.25,S
2021-07-12T10:50:20,800.0,17.25,S
2021-07-12T10:50:17,100.0,17.3,B
2021-07-12T10:50:16,100.0,17.3,B
2021-07-12T10:48:38,100.0,17.35,B
2021-07-12T10:48:22,12400.0,17.25,S
2021-07-12T10:48:05,30000.0,17.25,S
2021-07-12T10:47:30,500.0,17.35,B
2021-07-12T10:47:16,800.0,17.3,S
2021-07-12T10:47:09,200.0,17.3,B
2021-07-12T10:47:09,700.0,17.3,B
2021-07-12T10:47:09,1200.0,17.3,B
2021-07-12T10:47:09,2100.0,17.3,B
2021-07-12T10:47:09,1200.0,17.3,B
2021-07-12T10:47:09,3900.0,17.3,B
2021-07-12T10:47:04,200.0,17.25,S
2021-07-12T10:46:46,100.0,17.3,B
2021-07-12T10:46:22,5000.0,17.3,B
2021-07-12T10:46:21,100.0,17.3,B
2021-07-12T10:46:21,1900.0,17.3,B
2021-07-12T10:46:10,5000.0,17.3,B
2021-07-12T10:45:48,10000.0,17.25,S
2021-07-12T10:45:17,400.0,17.25,S
2021-07-12T10:45:05,100.0,17.25,S
2021-07-12T10:44:48,700.0,17.25,S
2021-07-12T10:44:27,2000.0,17.3,B
2021-07-12T10:44:22,400.0,17.2,S
2021-07-12T10:44:22,99600.0,17.2,S
2021-07-12T10:44:08,500.0,17.3,B
2021-07-12T10:43:58,800.0,17.25,S
2021-07-12T10:43:53,100.0,17.25,S
2021-07-12T10:43:46,4400.0,17.25,S
2021-07-12T10:43:46,1600.0,17.25,S
2021-07-12T10:43:45,600.0,17.3,B
2021-07-12T10:43:44,1000.0,17.25,S
2021-07-12T10:43:43,100.0,17.3,B
2021-07-12T10:43:30,1000.0,17.3,B
2021-07-12T10:43:23,2000.0,17.25,S
2021-07-12T10:43:16,20000.0,17.3,B
2021-07-12T10:43:14,2000.0,17.3,B
2021-07-12T10:43:07,1400.0,17.3,B
2021-07-12T10:42:55,300.0,17.3,B
2021-07-12T10:42:27,1000.0,17.25,S
2021-07-12T10:42:25,5000.0,17.3,B
2021-07-12T10:42:09,1000.0,17.3,B
2021-07-12T10:41:46,100.0,17.3,B
2021-07-12T10:41:38,100.0,17.25,S
2021-07-12T10:41:17,500.0,17.25,B
2021-07-12T10:40:49,200.0,17.15,S
2021-07-12T10:40:49,600.0,17.15,S
2021-07-12T10:40:25,800.0,17.2,S
2021-07-12T10:40:18,900.0,17.2,S
2021-07-12T10:40:18,400.0,17.2,S
2021-07-12T10:40:16,2000.0,17.2,S
2021-07-12T10:39:37,100.0,17.2,S
2021-07-12T10:39:12,500.0,17.15,S
2021-07-12T10:38:54,2100.0,17.1,S
2021-07-12T10:38:41,1000.0,17.1,S
2021-07-12T10:38:40,600.0,17.3,B
2021-07-12T10:38:29,7100.0,17.1,S
2021-07-12T10:38:29,22900.0,17.15,S
2021-07-12T10:38:17,5000.0,17.3,B
2021-07-12T10:38:11,1000.0,17.25,B
2021-07-12T10:37:58,700.0,17.3,B
2021-07-12T10:37:52,47300.0,17.15,S
2021-07-12T10:37:52,15700.0,17.2,S
2021-07-12T10:37:50,500.0,17.2,S
2021-07-12T10:37:47,200.0,17.2,S
2021-07-12T10:37:39,6800.0,17.2,S
2021-07-12T10:37:24,1000.0,17.2,S
2021-07-12T10:37:22,1000.0,17.2,S
2021-07-12T10:37:20,10200.0,17.2,S
2021-07-12T10:37:17,5800.0,17.2,S
2021-07-12T10:37:03,100.0,17.3,B
2021-07-12T10:37:00,300.0,17.2,S
2021-07-12T10:36:47,600.0,17.3,B
2021-07-12T10:36:33,3200.0,17.25,B
2021-07-12T10:36:32,900.0,17.2,S
2021-07-12T10:36:23,3000.0,17.2,S
2021-07-12T10:36:16,2000.0,17.2,S
2021-07-12T10:36:10,4000.0,17.2,S
2021-07-12T10:36:08,1000.0,17.2,S
2021-07-12T10:36:06,1000.0,17.2,S
2021-07-12T10:36:03,500.0,17.2,S
2021-07-12T10:35:55,1000.0,17.2,S
2021-07-12T10:35:52,7000.0,17.2,S
2021-07-12T10:35:48,200.0,17.25,B
2021-07-12T10:35:39,1000.0,17.2,S
2021-07-12T10:35:39,1000.0,17.2,S
2021-07-12T10:35:28,600.0,17.3,B
2021-07-12T10:35:23,200.0,17.3,B
2021-07-12T10:35:06,2800.0,17.3,B
2021-07-12T10:35:05,1000.0,17.3,B
2021-07-12T10:34:08,700.0,17.3,B
2021-07-12T10:34:07,500.0,17.15,S
2021-07-12T10:33:49,2500.0,17.15,S
2021-07-12T10:33:28,40000.0,17.15,S
2021-07-12T10:33:28,8900.0,17.2,S
2021-07-12T10:33:28,1100.0,17.2,S
2021-07-12T10:33:13,600.0,17.3,B
2021-07-12T10:32:57,1100.0,17.2,S
2021-07-12T10:32:57,1000.0,17.2,S
2021-07-12T10:32:57,7900.0,17.2,S
2021-07-12T10:32:51,6000.0,17.2,S
2021-07-12T10:32:37,300.0,17.2,S
2021-07-12T10:32:36,1000.0,17.2,S
2021-07-12T10:32:32,4000.0,17.2,S
2021-07-12T10:32:26,2300.0,17.2,S
2021-07-12T10:32:26,1000.0,17.2,S
2021-07-12T10:32:26,2500.0,17.2,S
2021-07-12T10:32:26,14200.0,17.2,S
2021-07-12T10:32:19,1700.0,17.2,S
2021-07-12T10:32:12,1000.0,17.25,S
2021-07-12T10:31:56,1000.0,17.25,S
2021-07-12T10:31:54,1000.0,17.25,S
2021-07-12T10:31:49,700.0,17.25,B
2021-07-12T10:31:41,1300.0,17.2,S
2021-07-12T10:31:39,100.0,17.2,S
2021-07-12T10:31:35,1000.0,17.2,S
2021-07-12T10:31:21,4300.0,17.25,S
2021-07-12T10:31:17,1700.0,17.25,S
2021-07-12T10:31:17,1300.0,17.25,S
2021-07-12T10:31:13,600.0,17.25,S
2021-07-12T10:31:10,1000.0,17.25,S
2021-07-12T10:31:05,700.0,17.25,S
2021-07-12T10:31:04,400.0,17.3,S
2021-07-12T10:31:04,700.0,17.3,S
2021-07-12T10:31:04,1500.0,17.3,S
2021-07-12T10:31:04,2300.0,17.3,S
2021-07-12T10:31:04,100.0,17.3,S
2021-07-12T10:31:04,600.0,17.3,S
2021-07-12T10:31:04,3200.0,17.3,S
2021-07-12T10:31:04,1600.0,17.3,S
2021-07-12T10:31:04,500.0,17.3,S
2021-07-12T10:31:04,2300.0,17.3,S
2021-07-12T10:31:01,500.0,17.3,S
2021-07-12T10:30:59,1400.0,17.3,S
2021-07-12T10:30:58,5500.0,17.3,S
2021-07-12T10:30:58,1000.0,17.3,S
2021-07-12T10:30:56,700.0,17.3,S
2021-07-12T10:30:55,200.0,17.3,S
2021-07-12T10:30:53,2000.0,17.3,S
2021-07-12T10:30:49,800.0,17.3,S
2021-07-12T10:30:41,700.0,17.3,S
2021-07-12T10:30:33,800.0,17.3,S
2021-07-12T10:30:31,4200.0,17.3,S
2021-07-12T10:30:29,200.0,17.3,S
2021-07-12T10:30:25,600.0,17.3,S
2021-07-12T10:30:24,1200.0,17.3,S
2021-07-12T10:30:23,1000.0,17.3,S
2021-07-12T10:30:17,600.0,17.3,S
2021-07-12T10:30:08,4000.0,17.35,B
2021-07-12T10:30:08,3300.0,17.3,S
2021-07-12T10:30:06,700.0,17.3,S
2021-07-12T10:30:03,1000.0,17.3,S
2021-07-12T10:29:58,700.0,17.3,S
2021-07-12T10:29:35,700.0,17.3,S
2021-07-12T10:29:24,100.0,17.35,B
2021-07-12T10:29:18,600.0,17.3,S
2021-07-12T10:29:10,700.0,17.3,S
2021-07-12T10:29:09,800.0,17.3,S
2021-07-12T10:29:09,2000.0,17.35,S
2021-07-12T10:29:09,4000.0,17.35,S
2021-07-12T10:29:02,2000.0,17.35,S
2021-07-12T10:28:59,200.0,17.35,S
2021-07-12T10:28:57,600.0,17.35,S
2021-07-12T10:28:56,500.0,17.35,S
2021-07-12T10:28:42,100.0,17.4,B
2021-07-12T10:28:33,700.0,17.35,S
2021-07-12T10:28:32,800.0,17.35,S
2021-07-12T10:28:28,1000.0,17.4,S
2021-07-12T10:28:02,100.0,17.35,S
2021-07-12T10:27:43,100.0,17.35,S
2021-07-12T10:27:43,2300.0,17.35,S
2021-07-12T10:27:43,200.0,17.35,S
2021-07-12T10:27:43,3000.0,17.35,S
2021-07-12T10:27:43,9400.0,17.4,S
2021-07-12T10:27:33,800.0,17.4,S
2021-07-12T10:27:32,600.0,17.4,S
2021-07-12T10:27:30,100.0,17.4,S
2021-07-12T10:26:50,200.0,17.45,B
2021-07-12T10:26:48,100.0,17.45,S
2021-07-12T10:26:37,2200.0,17.45,S
2021-07-12T10:26:36,2500.0,17.45,S
2021-07-12T10:26:29,100.0,17.45,S
2021-07-12T10:26:17,800.0,17.45,S
2021-07-12T10:26:00,700.0,17.45,S
2021-07-12T10:25:56,800.0,17.45,S
2021-07-12T10:25:35,500.0,17.45,S
2021-07-12T10:25:17,1000.0,17.45,S
2021-07-12T10:25:04,1000.0,17.5,B
2021-07-12T10:25:02,500.0,17.45,S
2021-07-12T10:24:56,800.0,17.45,S
2021-07-12T10:24:48,1900.0,17.5,B
2021-07-12T10:24:47,8100.0,17.5,B
2021-07-12T10:24:33,200.0,17.5,B
2021-07-12T10:24:31,200.0,17.5,B
2021-07-12T10:24:31,300.0,17.5,B
2021-07-12T10:24:28,200.0,17.5,B
2021-07-12T10:24:05,100.0,17.5,B
2021-07-12T10:23:53,100.0,17.5,B
2021-07-12T10:23:34,300.0,17.5,B
2021-07-12T10:23:26,1500.0,17.5,B
2021-07-12T10:23:07,1000.0,17.45,S
2021-07-12T10:23:00,1000.0,17.5,B
2021-07-12T10:22:34,200.0,17.5,B
2021-07-12T10:22:24,300.0,17.45,B
2021-07-12T10:22:11,2700.0,17.5,B
2021-07-12T10:21:56,300.0,17.5,B
2021-07-12T10:21:21,500.0,17.5,B
2021-07-12T10:21:07,200.0,17.5,B
2021-07-12T10:20:52,300.0,17.5,B
2021-07-12T10:20:13,200.0,17.5,B
2021-07-12T10:20:11,700.0,17.5,B
2021-07-12T10:19:50,5000.0,17.5,B
2021-07-12T10:19:50,1200.0,17.5,B
2021-07-12T10:19:28,1200.0,17.5,B
2021-07-12T10:19:20,100.0,17.4,S
2021-07-12T10:18:43,500.0,17.35,S
2021-07-12T10:18:36,1200.0,17.55,B
2021-07-12T10:18:28,1900.0,17.4,B
2021-07-12T10:18:21,100.0,17.4,B
2021-07-12T10:18:12,9000.0,17.4,S
2021-07-12T10:18:12,900.0,17.4,S
2021-07-12T10:18:12,200.0,17.4,S
2021-07-12T10:18:12,12300.0,17.4,S
2021-07-12T10:18:12,2300.0,17.4,S
2021-07-12T10:18:12,5000.0,17.4,S
2021-07-12T10:18:12,8300.0,17.4,S
2021-07-12T10:18:06,100.0,17.55,B
2021-07-12T10:18:06,1100.0,17.5,B
2021-07-12T10:18:00,200.0,17.5,S
2021-07-12T10:17:55,1200.0,17.55,B
2021-07-12T10:17:44,1200.0,17.55,B
2021-07-12T10:17:40,14000.0,17.55,B
2021-07-12T10:17:32,1200.0,17.55,B
2021-07-12T10:17:18,100.0,17.5,S
2021-07-12T10:17:09,40000.0,17.55,B
2021-07-12T10:16:50,600.0,17.55,B
2021-07-12T10:16:30,1200.0,17.55,B
2021-07-12T10:16:25,30000.0,17.55,B
2021-07-12T10:16:12,45500.0,17.55,B
2021-07-12T10:16:12,3200.0,17.5,B
2021-07-12T10:16:12,1300.0,17.45,B
2021-07-12T10:16:01,600.0,17.45,B
2021-07-12T10:15:57,48100.0,17.45,S
2021-07-12T10:15:46,1200.0,17.55,B
2021-07-12T10:15:36,1200.0,17.6,B
2021-07-12T10:15:25,2500.0,17.5,S
2021-07-12T10:15:16,15000.0,17.5,S
2021-07-12T10:15:02,50000.0,17.5,S
2021-07-12T10:14:57,2800.0,17.55,B
2021-07-12T10:14:51,500.0,17.55,B
2021-07-12T10:14:50,5000.0,17.5,S
2021-07-12T10:14:29,1200.0,17.55,B
2021-07-12T10:14:23,800.0,17.55,B
2021-07-12T10:13:27,1200.0,17.55,B
2021-07-12T10:13:19,5400.0,17.55,S
2021-07-12T10:13:19,1000.0,17.55,S
2021-07-12T10:13:15,1200.0,17.55,S
2021-07-12T10:12:51,22500.0,17.55,B
2021-07-12T10:12:36,100.0,17.55,B
2021-07-12T10:12:33,1000.0,17.5,S
2021-07-12T10:12:32,100.0,17.55,B
2021-07-12T10:12:19,2000.0,17.5,S
2021-07-12T10:11:47,1000.0,17.5,S
2021-07-12T10:11:44,1100.0,17.5,S
2021-07-12T10:11:31,1000.0,17.5,S
2021-07-12T10:11:30,100.0,17.5,S
2021-07-12T10:11:30,100.0,17.5,S
2021-07-12T10:11:23,300.0,17.55,B
2021-07-12T10:11:21,200.0,17.5,S
2021-07-12T10:10:58,400.0,17.5,S
2021-07-12T10:10:51,3800.0,17.55,B
2021-07-12T10:10:51,800.0,17.55,B
2021-07-12T10:10:51,500.0,17.55,B
2021-07-12T10:10:29,500.0,17.5,S
2021-07-12T10:10:28,100.0,17.55,B
2021-07-12T10:10:12,1000.0,17.5,S
2021-07-12T10:09:57,2000.0,17.55,B
2021-07-12T10:09:27,1200.0,17.5,B
2021-07-12T10:09:27,100.0,17.5,B
2021-07-12T10:09:17,4200.0,17.45,S
2021-07-12T10:09:17,1500.0,17.45,S
2021-07-12T10:09:17,1100.0,17.45,S
2021-07-12T10:09:17,2000.0,17.45,S
2021-07-12T10:09:17,200.0,17.45,S
2021-07-12T10:09:17,6000.0,17.45,S
2021-07-12T10:08:50,500.0,17.5,B
2021-07-12T10:08:40,100.0,17.5,B
2021-07-12T10:08:37,2000.0,17.5,B
2021-07-12T10:08:18,100.0,17.5,B
2021-07-12T10:08:05,500.0,17.5,B
2021-07-12T10:07:48,4000.0,17.5,B
2021-07-12T10:07:48,700.0,17.5,B
2021-07-12T10:07:48,500.0,17.5,B
2021-07-12T10:07:48,500.0,17.5,B
2021-07-12T10:07:48,4300.0,17.5,B
2021-07-12T10:06:47,3000.0,17.45,S
2021-07-12T10:06:34,200.0,17.5,B
2021-07-12T10:06:34,6600.0,17.5,B
2021-07-12T10:06:34,1700.0,17.5,B
2021-07-12T10:06:19,500.0,17.5,B
2021-07-12T10:06:19,500.0,17.5,B
2021-07-12T10:06:02,5000.0,17.5,B
2021-07-12T10:05:57,500.0,17.5,B
2021-07-12T10:05:42,1000.0,17.5,B
2021-07-12T10:05:42,100.0,17.5,B
2021-07-12T10:05:30,1000.0,17.5,B
2021-07-12T10:05:30,100.0,17.45,S
2021-07-12T10:05:00,500.0,17.5,B
2021-07-12T10:04:12,2000.0,17.5,B
2021-07-12T10:04:02,5000.0,17.45,S
2021-07-12T10:03:49,2000.0,17.45,S
2021-07-12T10:03:42,200.0,17.5,B
2021-07-12T10:03:41,100.0,17.5,B
2021-07-12T10:03:13,5000.0,17.5,B
2021-07-12T10:02:28,900.0,17.45,B
2021-07-12T10:02:23,4000.0,17.45,S
2021-07-12T10:02:23,100.0,17.45,S
2021-07-12T10:02:21,2000.0,17.5,B
2021-07-12T10:02:21,200.0,17.45,S
2021-07-12T10:02:13,100.0,17.45,S
2021-07-12T10:02:10,600.0,17.45,B
2021-07-12T10:01:54,2400.0,17.45,B
2021-07-12T10:01:52,47600.0,17.45,B
2021-07-12T10:01:40,3500.0,17.45,B
2021-07-12T10:01:28,10000.0,17.45,B
2021-07-12T10:01:21,400.0,17.4,S
2021-07-12T10:01:01,3000.0,17.4,S
2021-07-12T10:00:56,300.0,17.4,S
2021-07-12T10:00:56,100.0,17.45,B
2021-07-12T10:00:54,4100.0,17.45,B
2021-07-12T10:00:53,1100.0,17.4,S
2021-07-12T10:00:53,900.0,17.4,S
2021-07-12T10:00:52,500.0,17.45,B
2021-07-12T10:00:46,1000.0,17.45,B
2021-07-12T10:00:45,100.0,17.45,B
2021-07-12T10:00:36,500.0,17.45,B
2021-07-12T10:00:33,2500.0,17.45,B
2021-07-12T10:00:33,500.0,17.45,B
2021-07-12T10:00:33,100.0,17.45,B
2021-07-12T10:00:33,6900.0,17.45,B
2021-07-12T10:00:07,6000.0,17.45,B
2021-07-12T10:00:00,2100.0,17.4,S
2021-07-12T10:00:00,2900.0,17.4,S
2021-07-12T09:59:55,100.0,17.45,B
2021-07-12T09:59:42,100.0,17.4,S
2021-07-12T09:59:27,1000.0,17.45,B
2021-07-12T09:59:20,5000.0,17.45,B
2021-07-12T09:59:16,100.0,17.45,B
2021-07-12T09:59:14,2000.0,17.45,B
2021-07-12T09:59:11,4000.0,17.45,B
2021-07-12T09:58:41,3600.0,17.45,B
2021-07-12T09:58:37,1200.0,17.4,S
2021-07-12T09:58:37,100.0,17.4,S
2021-07-12T09:58:37,1300.0,17.4,S
2021-07-12T09:58:32,1000.0,17.4,S
2021-07-12T09:58:32,1600.0,17.45,B
2021-07-12T09:58:21,100.0,17.4,S
2021-07-12T09:58:12,3000.0,17.4,S
2021-07-12T09:58:08,500.0,17.4,S
2021-07-12T09:57:54,3000.0,17.4,S
2021-07-12T09:57:39,1600.0,17.45,B
2021-07-12T09:57:29,5000.0,17.45,B
2021-07-12T09:57:27,100.0,17.4,S
2021-07-12T09:57:23,3900.0,17.4,S
2021-07-12T09:57:23,100.0,17.4,S
2021-07-12T09:57:23,4000.0,17.4,S
2021-07-12T09:57:21,1300.0,17.4,S
2021-07-12T09:57:20,2000.0,17.45,B
2021-07-12T09:57:19,500.0,17.4,S
2021-07-12T09:57:12,200.0,17.45,B
2021-07-12T09:56:54,1000.0,17.4,S
2021-07-12T09:56:49,200.0,17.4,S
2021-07-12T09:55:59,15000.0,17.4,S
2021-07-12T09:55:54,2000.0,17.45,B
2021-07-12T09:55:41,1000.0,17.45,B
2021-07-12T09:55:38,10000.0,17.45,B
2021-07-12T09:55:30,1600.0,17.45,B
2021-07-12T09:55:26,1000.0,17.4,S
2021-07-12T09:55:18,100.0,17.45,B
2021-07-12T09:55:08,4900.0,17.45,B
2021-07-12T09:55:05,10200.0,17.45,B
2021-07-12T09:54:41,16500.0,17.45,S
2021-07-12T09:54:37,1000.0,17.45,S
2021-07-12T09:54:34,700.0,17.5,B
2021-07-12T09:54:16,4000.0,17.45,S
2021-07-12T09:54:05,6000.0,17.4,S
2021-07-12T09:54:04,200.0,17.5,B
2021-07-12T09:54:03,300.0,17.4,S
2021-07-12T09:53:55,1600.0,17.5,B
2021-07-12T09:53:53,1200.0,17.5,B
2021-07-12T09:53:41,1200.0,17.5,B
2021-07-12T09:53:36,2000.0,17.5,B
2021-07-12T09:53:21,1200.0,17.5,B
2021-07-12T09:53:18,1600.0,17.5,B
2021-07-12T09:53:16,2000.0,17.5,B
2021-07-12T09:53:12,700.0,17.4,S
2021-07-12T09:53:11,1000.0,17.5,B
2021-07-12T09:53:11,200.0,17.5,B
2021-07-12T09:53:10,200.0,17.5,B
2021-07-12T09:52:58,1200.0,17.5,B
2021-07-12T09:52:57,200.0,17.5,B
2021-07-12T09:52:55,8000.0,17.4,S
2021-07-12T09:52:48,4000.0,17.4,S
2021-07-12T09:52:47,1200.0,17.5,B
2021-07-12T09:52:46,1600.0,17.5,B
2021-07-12T09:52:34,1200.0,17.5,B
2021-07-12T09:52:26,500.0,17.4,S
2021-07-12T09:52:20,5000.0,17.4,S
2021-07-12T09:52:08,2300.0,17.35,S
2021-07-12T09:52:07,1200.0,17.5,B
2021-07-12T09:52:00,1600.0,17.5,B
2021-07-12T09:51:54,1000.0,17.5,B
2021-07-12T09:51:54,1200.0,17.5,B
2021-07-12T09:51:41,700.0,17.5,B
2021-07-12T09:51:35,15000.0,17.4,S
2021-07-12T09:51:29,1600.0,17.45,B
2021-07-12T09:51:29,100.0,17.45,B
2021-07-12T09:51:27,100.0,17.45,S
2021-07-12T09:51:19,100.0,17.5,B
2021-07-12T09:51:19,100.0,17.5,B
2021-07-12T09:51:16,1000.0,17.45,S
2021-07-12T09:51:09,1000.0,17.5,B
2021-07-12T09:50:56,1600.0,17.55,B
2021-07-12T09:50:54,200.0,17.5,B
2021-07-12T09:50:54,5000.0,17.5,B
2021-07-12T09:50:54,11300.0,17.5,B
2021-07-12T09:50:54,11700.0,17.5,B
2021-07-12T09:50:54,600.0,17.5,B
2021-07-12T09:50:53,9200.0,17.5,B
2021-07-12T09:50:29,3000.0,17.5,B
2021-07-12T09:50:12,100.0,17.5,B
2021-07-12T09:50:12,1600.0,17.5,B
2021-07-12T09:49:55,1000.0,17.45,B
2021-07-12T09:49:55,1800.0,17.45,S
2021-07-12T09:49:55,1100.0,17.45,S
2021-07-12T09:49:49,700.0,17.45,S
2021-07-12T09:49:47,2600.0,17.5,B
2021-07-12T09:49:47,1200.0,17.5,B
2021-07-12T09:49:47,6200.0,17.5,B
2021-07-12T09:49:40,700.0,17.45,S
2021-07-12T09:49:29,100.0,17.4,S
2021-07-12T09:49:19,5600.0,17.4,B
2021-07-12T09:48:55,4200.0,17.35,B
2021-07-12T09:48:50,2000.0,17.35,B
2021-07-12T09:48:44,3800.0,17.35,S
2021-07-12T09:48:42,700.0,17.4,B
2021-07-12T09:48:38,900.0,17.35,B
2021-07-12T09:48:23,100.0,17.35,S
2021-07-12T09:48:23,5000.0,17.35,S
2021-07-12T09:48:21,1600.0,17.4,B
2021-07-12T09:48:21,100.0,17.4,B
2021-07-12T09:48:14,5000.0,17.35,S
2021-07-12T09:48:10,4600.0,17.4,S
2021-07-12T09:48:06,1500.0,17.5,B
2021-07-12T09:48:04,1400.0,17.4,S
2021-07-12T09:48:04,3600.0,17.4,S
2021-07-12T09:47:54,1000.0,17.4,S
2021-07-12T09:47:45,100.0,17.4,S
2021-07-12T09:47:45,300.0,17.4,S
2021-07-12T09:46:57,5000.0,17.4,S
2021-07-12T09:46:35,4700.0,17.4,S
2021-07-12T09:46:32,100.0,17.4,B
2021-07-12T09:46:27,1100.0,17.4,B
2021-07-12T09:46:26,200.0,17.4,B
2021-07-12T09:46:18,100.0,17.4,B
2021-07-12T09:46:15,1500.0,17.4,B
2021-07-12T09:46:11,100.0,17.4,B
2021-07-12T09:46:04,4200.0,17.4,S
2021-07-12T09:45:51,800.0,17.4,B
2021-07-12T09:45:42,4700.0,17.4,S
2021-07-12T09:45:40,1000.0,17.4,S
2021-07-12T09:45:29,6600.0,17.4,S
2021-07-12T09:45:29,700.0,17.4,S
2021-07-12T09:45:14,100.0,17.4,B
2021-07-12T09:44:59,10000.0,17.3,S
2021-07-12T09:44:57,100.0,17.4,S
2021-07-12T09:44:56,1000.0,17.4,S
2021-07-12T09:44:49,400.0,17.4,S
2021-07-12T09:44:45,2000.0,17.4,S
2021-07-12T09:44:33,600.0,17.4,S
2021-07-12T09:44:06,2500.0,17.3,S
2021-07-12T09:44:04,500.0,17.4,B
2021-07-12T09:43:50,500.0,17.4,B
2021-07-12T09:43:41,2400.0,17.5,B
2021-07-12T09:43:38,100.0,17.5,B
2021-07-12T09:43:36,10300.0,17.3,S
2021-07-12T09:43:36,6000.0,17.3,S
2021-07-12T09:43:36,8700.0,17.4,S
2021-07-12T09:43:34,300.0,17.4,S
2021-07-12T09:43:19,200.0,17.4,S
2021-07-12T09:43:19,500.0,17.4,S
2021-07-12T09:43:16,500.0,17.5,B
2021-07-12T09:43:12,1000.0,17.5,B
2021-07-12T09:42:54,20000.0,17.3,S
2021-07-12T09:42:47,500.0,17.4,S
2021-07-12T09:42:43,1000.0,17.5,B
2021-07-12T09:42:42,1000.0,17.5,B
2021-07-12T09:42:41,400.0,17.4,B
2021-07-12T09:42:41,4600.0,17.4,B
2021-07-12T09:42:39,1200.0,17.4,B
2021-07-12T09:42:39,600.0,17.4,B
2021-07-12T09:42:36,100.0,17.4,B
2021-07-12T09:42:34,100.0,17.3,B
2021-07-12T09:42:31,300.0,17.4,B
2021-07-12T09:42:31,800.0,17.4,B
2021-07-12T09:42:31,5200.0,17.4,B
2021-07-12T09:42:30,100.0,17.4,B
2021-07-12T09:42:28,3000.0,17.4,B
2021-07-12T09:42:21,600.0,17.4,B
2021-07-12T09:42:21,10000.0,17.25,S
2021-07-12T09:42:16,2000.0,17.4,B
2021-07-12T09:42:10,800.0,17.4,B
2021-07-12T09:42:08,400.0,17.3,S
2021-07-12T09:42:05,500.0,17.4,B
2021-07-12T09:42:02,600.0,17.4,B
2021-07-12T09:42:01,1000.0,17.4,B
2021-07-12T09:41:46,600.0,17.4,B
2021-07-12T09:41:28,400.0,17.3,B
2021-07-12T09:41:26,600.0,17.3,S
2021-07-12T09:41:23,600.0,17.4,B
2021-07-12T09:41:21,400.0,17.4,B
2021-07-12T09:41:20,100.0,17.4,B
2021-07-12T09:41:09,100.0,17.4,B
2021-07-12T09:41:09,1000.0,17.4,B
2021-07-12T09:41:05,15000.0,17.2,S
2021-07-12T09:41:04,100.0,17.3,S
2021-07-12T09:40:54,100.0,17.25,S
2021-07-12T09:40:50,1000.0,17.25,S
2021-07-12T09:40:49,1100.0,17.3,B
2021-07-12T09:40:49,700.0,17.3,B
2021-07-12T09:40:46,600.0,17.3,B
2021-07-12T09:40:46,10000.0,17.3,B
2021-07-12T09:40:39,200.0,17.3,B
2021-07-12T09:40:39,2000.0,17.3,B
2021-07-12T09:40:34,3000.0,17.2,S
2021-07-12T09:40:33,600.0,17.3,B
2021-07-12T09:40:18,600.0,17.4,B
2021-07-12T09:40:16,700.0,17.3,B
2021-07-12T09:40:13,1200.0,17.2,S
2021-07-12T09:40:13,100.0,17.25,S
2021-07-12T09:40:13,3700.0,17.25,S
2021-07-12T09:40:10,4000.0,17.3,S
2021-07-12T09:40:09,500.0,17.3,S
2021-07-12T09:40:08,8000.0,17.3,S
2021-07-12T09:40:06,2000.0,17.4,B
2021-07-12T09:40:03,600.0,17.4,B
2021-07-12T09:39:59,1000.0,17.4,B
2021-07-12T09:39:50,1500.0,17.4,S
2021-07-12T09:39:50,600.0,17.5,B
2021-07-12T09:39:44,600.0,17.4,S
2021-07-12T09:39:36,500.0,17.5,B
2021-07-12T09:39:35,600.0,17.5,B
2021-07-12T09:39:31,600.0,17.5,B
2021-07-12T09:39:29,1000.0,17.3,S
2021-07-12T09:39:26,500.0,17.4,S
2021-07-12T09:39:24,100.0,17.4,B
2021-07-12T09:39:24,1800.0,17.4,B
2021-07-12T09:39:21,1700.0,17.35,S
2021-07-12T09:39:21,600.0,17.4,B
2021-07-12T09:39:20,700.0,17.35,S
2021-07-12T09:39:13,500.0,17.35,S
2021-07-12T09:39:02,2000.0,17.35,S
2021-07-12T09:39:00,400.0,17.35,S
2021-07-12T09:38:59,500.0,17.35,S
2021-07-12T09:38:59,500.0,17.35,S
2021-07-12T09:38:51,500.0,17.35,S
2021-07-12T09:38:50,5000.0,17.35,S
2021-07-12T09:38:35,500.0,17.35,S
2021-07-12T09:38:32,300.0,17.4,B
2021-07-12T09:38:29,500.0,17.35,S
2021-07-12T09:38:25,700.0,17.4,S
2021-07-12T09:38:15,100.0,17.4,S
2021-07-12T09:38:09,10000.0,17.5,B
2021-07-12T09:38:08,5000.0,17.4,S
2021-07-12T09:38:00,500.0,17.4,S
2021-07-12T09:37:56,5000.0,17.5,B
2021-07-12T09:37:56,100.0,17.5,B
2021-07-12T09:37:35,100.0,17.4,S
2021-07-12T09:37:30,100.0,17.4,S
2021-07-12T09:37:27,100.0,17.5,B
2021-07-12T09:37:24,1000.0,17.5,B
2021-07-12T09:37:24,600.0,17.5,B
2021-07-12T09:37:21,5000.0,17.5,B
2021-07-12T09:37:21,20000.0,17.35,S
2021-07-12T09:37:11,50000.0,17.5,B
2021-07-12T09:37:08,600.0,17.4,B
2021-07-12T09:37:06,100.0,17.4,S
2021-07-12T09:37:06,400.0,17.4,S
2021-07-12T09:37:06,1900.0,17.4,S
2021-07-12T09:36:57,2000.0,17.4,S
2021-07-12T09:36:54,700.0,17.5,B
2021-07-12T09:36:52,900.0,17.5,B
2021-07-12T09:36:52,4900.0,17.4,S
2021-07-12T09:36:34,20000.0,17.5,B
2021-07-12T09:36:31,600.0,17.5,B
2021-07-12T09:36:28,300.0,17.4,S
2021-07-12T09:36:27,900.0,17.5,B
2021-07-12T09:36:25,500.0,17.5,B
2021-07-12T09:36:19,600.0,17.5,B
2021-07-12T09:36:19,800.0,17.4,S
2021-07-12T09:36:17,2000.0,17.5,B
2021-07-12T09:36:11,2000.0,17.5,B
2021-07-12T09:36:11,1200.0,17.4,S
2021-07-12T09:36:11,500.0,17.5,B
2021-07-12T09:36:09,11200.0,17.5,B
2021-07-12T09:36:08,700.0,17.5,B
2021-07-12T09:36:02,1000.0,17.5,B
2021-07-12T09:35:55,900.0,17.5,B
2021-07-12T09:35:54,3000.0,17.4,S
2021-07-12T09:35:51,600.0,17.5,B
2021-07-12T09:35:46,16200.0,17.5,B
2021-07-12T09:35:38,700.0,17.6,B
2021-07-12T09:35:35,2000.0,17.5,S
2021-07-12T09:35:35,900.0,17.6,B
2021-07-12T09:35:32,5000.0,17.6,B
2021-07-12T09:35:29,27000.0,17.5,S
2021-07-12T09:35:25,8900.0,17.5,S
2021-07-12T09:35:25,100.0,17.5,S
2021-07-12T09:35:23,600.0,17.6,B
2021-07-12T09:35:19,300.0,17.5,S
2021-07-12T09:35:16,300.0,17.5,S
2021-07-12T09:35:16,100.0,17.5,S
2021-07-12T09:35:16,600.0,17.5,S
2021-07-12T09:35:16,100.0,17.6,B
2021-07-12T09:35:12,900.0,17.6,B
2021-07-12T09:35:09,3000.0,17.5,S
2021-07-12T09:35:09,600.0,17.6,B
2021-07-12T09:34:57,1000.0,17.55,S
2021-07-12T09:34:56,600.0,17.6,B
2021-07-12T09:34:54,2000.0,17.55,S
2021-07-12T09:34:52,900.0,17.6,B
2021-07-12T09:34:48,1000.0,17.6,B
2021-07-12T09:34:48,600.0,17.6,B
2021-07-12T09:34:45,600.0,17.6,B
2021-07-12T09:34:44,1500.0,17.55,S
2021-07-12T09:34:40,5000.0,17.55,S
2021-07-12T09:34:31,600.0,17.6,B
2021-07-12T09:34:28,500.0,17.6,B
2021-07-12T09:34:24,400.0,17.6,B
2021-07-12T09:34:23,900.0,17.6,B
2021-07-12T09:34:15,700.0,17.6,B
2021-07-12T09:34:15,600.0,17.6,B
2021-07-12T09:34:11,500.0,17.55,S
2021-07-12T09:34:10,600.0,17.6,B
2021-07-12T09:34:02,3000.0,17.6,B
2021-07-12T09:34:01,600.0,17.6,B
2021-07-12T09:34:01,600.0,17.6,B
2021-07-12T09:33:57,900.0,17.6,B
2021-07-12T09:33:51,8500.0,17.6,S
2021-07-12T09:33:48,600.0,17.75,B
2021-07-12T09:33:46,500.0,17.75,B
2021-07-12T09:33:40,1500.0,17.6,S
2021-07-12T09:33:38,8300.0,17.6,S
2021-07-12T09:33:38,17200.0,17.6,S
2021-07-12T09:33:36,400.0,17.8,B
2021-07-12T09:33:35,600.0,17.8,B
2021-07-12T09:33:32,900.0,17.8,B
2021-07-12T09:33:29,500.0,17.8,B
2021-07-12T09:33:27,600.0,17.8,B
2021-07-12T09:33:19,900.0,17.8,B
2021-07-12T09:33:09,900.0,17.85,B
2021-07-12T09:33:08,400.0,17.85,B
2021-07-12T09:33:08,400.0,17.8,B
2021-07-12T09:33:05,700.0,17.8,B
2021-07-12T09:33:04,700.0,17.8,B
2021-07-12T09:32:55,1700.0,17.85,S
2021-07-12T09:32:53,900.0,17.95,B
2021-07-12T09:32:49,100.0,17.85,S
2021-07-12T09:32:49,500.0,17.95,B
2021-07-12T09:32:41,200.0,17.85,S
2021-07-12T09:32:37,600.0,17.8,S
2021-07-12T09:32:36,500.0,17.95,B
2021-07-12T09:32:35,900.0,17.95,B
2021-07-12T09:32:33,100.0,17.8,S
2021-07-12T09:32:28,600.0,17.8,S
2021-07-12T09:32:24,600.0,17.8,S
2021-07-12T09:32:20,600.0,17.9,B
2021-07-12T09:32:12,900.0,17.95,B
2021-07-12T09:32:08,700.0,17.8,B
2021-07-12T09:32:06,1000.0,17.8,B
2021-07-12T09:32:04,100.0,17.75,B
2021-07-12T09:32:01,9000.0,17.6,S
2021-07-12T09:32:01,1000.0,17.8,S
2021-07-12T09:31:57,500.0,17.7,S
2021-07-12T09:31:54,700.0,17.95,B
2021-07-12T09:31:52,400.0,17.8,S
2021-07-12T09:31:52,1000.0,17.8,S
2021-07-12T09:31:49,300.0,17.9,B
2021-07-12T09:31:49,600.0,17.9,B
2021-07-12T09:31:43,600.0,17.8,B
2021-07-12T09:31:41,600.0,17.7,B
2021-07-12T09:31:39,600.0,17.7,S
2021-07-12T09:31:39,1700.0,17.7,S
2021-07-12T09:31:24,600.0,17.9,B
2021-07-12T09:31:22,1000.0,17.7,S
2021-07-12T09:31:18,900.0,17.9,B
2021-07-12T09:31:14,3000.0,17.9,B
2021-07-12T09:31:11,2100.0,17.8,S
2021-07-12T09:31:07,600.0,17.8,B
2021-07-12T09:31:01,1400.0,17.8,B
2021-07-12T09:30:56,1000.0,17.8,S
2021-07-12T09:30:55,300.0,17.8,S
2021-07-12T09:30:54,700.0,17.8,S
2021-07-12T09:30:54,200.0,17.8,S
2021-07-12T09:30:54,1100.0,17.8,S
2021-07-12T09:30:46,29000.0,17.9,B
2021-07-12T09:30:42,100.0,17.85,B
2021-07-12T09:30:28,900.0,17.9,B
2021-07-12T09:30:16,500.0,17.9,S
2021-07-12T09:30:11,2000.0,17.9,S
2021-07-12T09:30:06,100.0,17.9,S
2021-07-12T09:29:48,600.0,17.95,B
2021-07-12T09:29:41,900.0,18.0,B
2021-07-12T09:29:38,200.0,17.9,S
2021-07-12T09:29:32,1700.0,17.9,B
2021-07-12T09:29:32,500.0,17.9,B
2021-07-12T09:29:31,2600.0,17.9,B
2021-07-12T09:29:28,2000.0,17.9,S
2021-07-12T09:29:28,3200.0,17.9,S
2021-07-12T09:29:26,500.0,18.0,B
2021-07-12T09:29:17,100.0,18.0,B
2021-07-12T09:29:17,500.0,18.0,B
2021-07-12T09:29:13,900.0,18.0,B
2021-07-12T09:29:01,500.0,18.0,B
2021-07-12T09:28:57,900.0,18.0,B
2021-07-12T09:28:46,100.0,18.0,B
2021-07-12T09:28:38,1000.0,17.95,S
2021-07-12T09:28:19,1000.0,18.0,B
2021-07-12T09:28:14,2000.0,18.0,B
2021-07-12T09:28:09,100.0,18.0,B
2021-07-12T09:28:09,500.0,18.0,B
2021-07-12T09:28:00,500.0,18.0,B
2021-07-12T09:27:44,100.0,18.0,B
2021-07-12T09:27:43,700.0,18.0,B
2021-07-12T09:27:41,2500.0,18.0,S
2021-07-12T09:27:41,5400.0,18.0,S
2021-07-12T09:27:41,1400.0,18.0,S
2021-07-12T09:27:41,1000.0,18.0,S
2021-07-12T09:27:41,500.0,18.0,S
2021-07-12T09:27:41,4600.0,18.0,S
2021-07-12T09:27:33,800.0,18.1,B
2021-07-12T09:27:33,1000.0,18.1,B
2021-07-12T09:27:33,1200.0,18.1,B
2021-07-12T09:27:25,600.0,18.1,B
2021-07-12T09:26:58,700.0,18.1,B
2021-07-12T09:26:43,600.0,18.1,B
2021-07-12T09:26:39,500.0,18.1,B
2021-07-12T09:26:25,500.0,18.1,B
2021-07-12T09:26:19,100.0,18.1,B
2021-07-12T09:26:19,200.0,18.05,B
2021-07-12T09:26:19,400.0,18.05,B
2021-07-12T09:25:49,100.0,18.05,B
2021-07-12T09:25:31,5000.0,18.1,B
2021-07-12T09:25:28,200.0,18.0,S
2021-07-12T09:25:22,100.0,18.0,S
2021-07-12T09:25:21,24100.0,18.0,S
2021-07-12T09:25:21,600.0,18.0,S
2021-07-12T09:25:21,5000.0,18.0,S
2021-07-12T09:25:21,700.0,18.0,S
2021-07-12T09:25:21,100.0,18.0,S
2021-07-12T09:25:21,600.0,18.0,S
2021-07-12T09:25:21,2000.0,18.0,S
2021-07-12T09:25:21,10000.0,18.05,S
2021-07-12T09:25:21,1200.0,18.05,S
2021-07-12T09:25:21,7900.0,18.05,S
2021-07-12T09:25:06,200.0,18.05,S
2021-07-12T09:24:59,100.0,18.1,B
2021-07-12T09:24:51,1800.0,18.1,S
2021-07-12T09:24:43,100.0,18.1,S
2021-07-12T09:24:39,1900.0,18.1,S
2021-07-12T09:24:31,3000.0,18.1,S
2021-07-12T09:24:28,100.0,18.1,S
2021-07-12T09:24:06,2400.0,18.1,S
2021-07-12T09:23:40,300.0,18.1,S
2021-07-12T09:23:40,1700.0,18.1,S
2021-07-12T09:23:36,2000.0,18.1,S
2021-07-12T09:23:21,2500.0,18.1,S
2021-07-12T09:23:08,2000.0,18.1,S
2021-07-12T09:22:51,500.0,18.1,S
2021-07-12T09:22:43,700.0,18.1,B
2021-07-12T09:22:39,300.0,18.1,B
2021-07-12T09:22:36,500.0,18.1,B
2021-07-12T09:22:17,7000.0,18.1,B
2021-07-12T09:22:17,1400.0,18.1,B
2021-07-12T09:22:17,23000.0,18.1,B
2021-07-12T09:22:17,100.0,18.1,B
2021-07-12T09:22:17,18500.0,18.1,B
2021-07-12T09:22:15,400.0,18.05,S
2021-07-12T09:22:06,100.0,18.1,B
2021-07-12T09:21:55,10000.0,18.1,B
2021-07-12T09:21:49,4000.0,18.05,S
2021-07-12T09:21:48,18300.0,18.1,B
2021-07-12T09:21:48,1700.0,18.1,B
2021-07-12T09:21:30,500.0,18.1,B
2021-07-12T09:21:28,1800.0,18.1,B
2021-07-12T09:21:28,2200.0,18.1,B
2021-07-12T09:21:19,2000.0,18.05,S
2021-07-12T09:20:58,3000.0,18.1,B
2021-07-12T09:20:31,4000.0,18.1,B
2021-07-12T09:20:27,800.0,18.1,B
2021-07-12T09:20:11,600.0,18.1,B
2021-07-12T09:20:07,300.0,18.05,S
2021-07-12T09:19:57,1000.0,18.05,S
2021-07-12T09:19:54,500.0,18.1,B
2021-07-12T09:19:50,1200.0,18.1,B
2021-07-12T09:19:49,500.0,18.1,B
2021-07-12T09:19:44,1300.0,18.1,B
2021-07-12T09:19:28,600.0,18.1,B
2021-07-12T09:19:19,2000.0,18.05,S
2021-07-12T09:19:08,500.0,18.1,B
2021-07-12T09:19:07,2000.0,18.1,B
2021-07-12T09:19:04,100.0,18.1,B
2021-07-12T09:18:52,700.0,18.1,B
2021-07-12T09:18:48,3000.0,18.05,S
2021-07-12T09:18:38,200.0,18.05,S
2021-07-12T09:18:36,100.0,18.1,B
2021-07-12T09:18:35,700.0,18.1,B
2021-07-12T09:18:24,800.0,18.1,B
2021-07-12T09:18:16,800.0,18.1,B
2021-07-12T09:18:12,100.0,18.1,B
2021-07-12T09:18:02,100.0,18.1,B
2021-07-12T09:17:47,700.0,18.1,B
2021-07-12T09:17:41,500.0,18.1,B
2021-07-12T09:17:40,200.0,18.1,B
2021-07-12T09:17:40,300.0,18.1,B
2021-07-12T09:17:40,200.0,18.1,B
2021-07-12T09:17:38,500.0,18.05,S
2021-07-12T09:17:36,300.0,18.05,S
2021-07-12T09:17:32,800.0,18.1,B
2021-07-12T09:17:31,600.0,18.05,S
2021-07-12T09:17:31,400.0,18.05,S
2021-07-12T09:17:26,800.0,18.05,S
2021-07-12T09:17:26,2000.0,18.1,B
2021-07-12T09:17:21,400.0,18.1,B
2021-07-12T09:16:43,4000.0,18.05,S
2021-07-12T09:16:17,300.0,18.1,S
2021-07-12T09:16:09,500.0,18.1,S
2021-07-12T09:16:01,2400.0,18.1,B
2021-07-12T09:15:38,100.0,18.05,S
2021-07-12T09:15:38,200.0,18.1,S
2021-07-12T09:15:38,16300.0,18.1,S
