tradingTime,volume,price,side
2021-07-12T14:29:59,2000.0,35.05,S
2021-07-12T14:29:57,500.0,35.1,B
2021-07-12T14:29:56,200.0,35.05,S
2021-07-12T14:29:44,200.0,35.05,B
2021-07-12T14:29:43,500.0,35.0,S
2021-07-12T14:29:23,300.0,35.05,B
2021-07-12T14:29:04,1700.0,35.0,B
2021-07-12T14:29:02,2700.0,35.0,B
2021-07-12T14:29:02,2100.0,35.0,B
2021-07-12T14:29:02,6000.0,35.0,B
2021-07-12T14:29:02,6600.0,35.0,B
2021-07-12T14:29:02,4800.0,35.0,B
2021-07-12T14:29:01,200.0,34.95,S
2021-07-12T14:29:00,1000.0,34.95,S
2021-07-12T14:28:57,100.0,35.0,B
2021-07-12T14:28:54,300.0,35.0,B
2021-07-12T14:28:54,100.0,34.95,S
2021-07-12T14:28:52,2000.0,35.0,B
2021-07-12T14:28:52,500.0,34.95,S
2021-07-12T14:28:39,200.0,34.95,S
2021-07-12T14:28:28,1000.0,35.0,B
2021-07-12T14:28:18,100.0,35.0,B
2021-07-12T14:28:12,100.0,35.0,B
2021-07-12T14:28:11,100.0,35.0,B
2021-07-12T14:28:07,200.0,35.0,B
2021-07-12T14:28:05,500.0,35.0,B
2021-07-12T14:28:05,1700.0,35.0,B
2021-07-12T14:28:02,2000.0,35.0,B
2021-07-12T14:28:01,100.0,35.0,B
2021-07-12T14:28:00,500.0,35.0,B
2021-07-12T14:28:00,2500.0,35.0,B
2021-07-12T14:27:52,100.0,35.0,B
2021-07-12T14:27:46,18000.0,35.0,B
2021-07-12T14:27:41,5100.0,34.9,S
2021-07-12T14:27:39,500.0,34.95,S
2021-07-12T14:27:32,2000.0,35.0,B
2021-07-12T14:27:31,400.0,34.95,B
2021-07-12T14:27:25,800.0,34.95,B
2021-07-12T14:27:24,8000.0,34.95,B
2021-07-12T14:27:20,500.0,34.95,B
2021-07-12T14:27:17,1000.0,34.95,B
2021-07-12T14:27:13,4300.0,34.95,B
2021-07-12T14:27:13,700.0,34.95,B
2021-07-12T14:27:12,100.0,34.9,S
2021-07-12T14:26:59,100.0,34.95,B
2021-07-12T14:26:59,100.0,34.9,B
2021-07-12T14:26:51,1200.0,34.8,S
2021-07-12T14:26:45,100.0,34.9,S
2021-07-12T14:26:45,300.0,34.9,S
2021-07-12T14:25:59,200.0,34.75,S
2021-07-12T14:25:57,200.0,34.95,B
2021-07-12T14:25:57,1000.0,34.9,B
2021-07-12T14:25:57,2800.0,34.8,B
2021-07-12T14:25:57,1000.0,34.8,B
2021-07-12T14:25:55,400.0,34.75,B
2021-07-12T14:25:55,100.0,34.75,B
2021-07-12T14:25:43,500.0,34.75,B
2021-07-12T14:25:38,2000.0,34.65,S
2021-07-12T14:25:35,300.0,34.7,B
2021-07-12T14:25:35,100.0,34.7,B
2021-07-12T14:25:28,100.0,34.65,S
2021-07-12T14:25:27,6000.0,34.7,B
2021-07-12T14:25:11,16300.0,34.65,B
2021-07-12T14:25:08,200.0,34.55,B
2021-07-12T14:25:03,900.0,34.55,S
2021-07-12T14:24:56,2600.0,34.65,B
2021-07-12T14:24:56,5700.0,34.65,B
2021-07-12T14:24:56,2500.0,34.65,B
2021-07-12T14:24:56,1100.0,34.65,B
2021-07-12T14:24:56,8100.0,34.6,B
2021-07-12T14:24:52,300.0,34.55,S
2021-07-12T14:24:31,300.0,34.55,B
2021-07-12T14:24:31,900.0,34.55,B
2021-07-12T14:24:31,2700.0,34.55,B
2021-07-12T14:24:31,300.0,34.55,B
2021-07-12T14:24:30,500.0,34.55,B
2021-07-12T14:24:28,500.0,34.55,B
2021-07-12T14:24:22,1500.0,34.55,B
2021-07-12T14:24:21,100.0,34.55,B
2021-07-12T14:23:58,1000.0,34.55,B
2021-07-12T14:23:46,300.0,34.5,S
2021-07-12T14:23:42,100.0,34.55,B
2021-07-12T14:23:37,100.0,34.55,B
2021-07-12T14:23:35,1000.0,34.55,B
2021-07-12T14:23:33,500.0,34.55,B
2021-07-12T14:23:28,100.0,34.55,B
2021-07-12T14:23:26,500.0,34.55,B
2021-07-12T14:23:24,500.0,34.55,B
2021-07-12T14:23:19,1900.0,34.5,S
2021-07-12T14:23:19,1000.0,34.5,S
2021-07-12T14:23:13,100.0,34.55,B
2021-07-12T14:23:11,100.0,34.55,B
2021-07-12T14:23:05,100.0,34.55,B
2021-07-12T14:23:00,1700.0,34.55,B
2021-07-12T14:22:58,700.0,34.55,B
2021-07-12T14:22:45,2000.0,34.55,B
2021-07-12T14:22:43,6100.0,34.55,B
2021-07-12T14:22:43,1200.0,34.5,B
2021-07-12T14:22:43,7000.0,34.5,B
2021-07-12T14:22:42,100.0,34.5,B
2021-07-12T14:22:41,200.0,34.5,B
2021-07-12T14:22:39,1000.0,34.5,B
2021-07-12T14:22:32,2000.0,34.5,B
2021-07-12T14:22:31,600.0,34.5,B
2021-07-12T14:22:30,100.0,34.5,B
2021-07-12T14:22:27,2000.0,34.5,B
2021-07-12T14:22:25,100.0,34.5,B
2021-07-12T14:22:19,500.0,34.5,B
2021-07-12T14:22:17,15000.0,34.5,B
2021-07-12T14:22:16,500.0,34.45,S
2021-07-12T14:22:10,500.0,34.5,B
2021-07-12T14:22:00,2100.0,34.5,B
2021-07-12T14:21:58,200.0,34.45,S
2021-07-12T14:21:58,200.0,34.45,S
2021-07-12T14:21:53,7900.0,34.5,B
2021-07-12T14:21:53,3600.0,34.5,B
2021-07-12T14:21:47,1600.0,34.5,B
2021-07-12T14:21:47,400.0,34.5,B
2021-07-12T14:21:46,500.0,34.5,B
2021-07-12T14:21:37,2500.0,34.5,B
2021-07-12T14:21:37,400.0,34.5,B
2021-07-12T14:21:34,200.0,34.5,B
2021-07-12T14:21:34,1200.0,34.5,B
2021-07-12T14:21:19,7300.0,34.5,B
2021-07-12T14:21:09,300.0,34.5,B
2021-07-12T14:21:04,1700.0,34.45,S
2021-07-12T14:20:51,3000.0,34.5,B
2021-07-12T14:20:21,100.0,34.45,S
2021-07-12T14:20:10,1400.0,34.5,B
2021-07-12T14:20:06,200.0,34.5,B
2021-07-12T14:20:03,100.0,34.5,B
2021-07-12T14:20:02,500.0,34.5,B
2021-07-12T14:19:42,100.0,34.5,B
2021-07-12T14:19:39,1000.0,34.5,B
2021-07-12T14:19:28,200.0,34.5,B
2021-07-12T14:19:24,100.0,34.5,B
2021-07-12T14:19:16,2000.0,34.5,B
2021-07-12T14:19:12,300.0,34.45,S
2021-07-12T14:19:02,100.0,34.5,B
2021-07-12T14:19:00,100.0,34.5,B
2021-07-12T14:19:00,100.0,34.45,S
2021-07-12T14:18:50,1000.0,34.5,B
2021-07-12T14:18:49,1000.0,34.45,S
2021-07-12T14:18:35,100.0,34.5,B
2021-07-12T14:18:30,3000.0,34.45,S
2021-07-12T14:18:21,400.0,34.45,S
2021-07-12T14:17:57,100.0,34.5,B
2021-07-12T14:17:40,2800.0,34.45,S
2021-07-12T14:17:37,3000.0,34.45,S
2021-07-12T14:17:36,200.0,34.5,B
2021-07-12T14:17:29,100.0,34.45,S
2021-07-12T14:17:29,300.0,34.5,B
2021-07-12T14:17:26,100.0,34.45,S
2021-07-12T14:17:25,100.0,34.5,B
2021-07-12T14:17:20,200.0,34.5,B
2021-07-12T14:17:19,200.0,34.45,S
2021-07-12T14:17:13,10000.0,34.5,B
2021-07-12T14:17:07,1100.0,34.5,B
2021-07-12T14:17:07,4000.0,34.5,B
2021-07-12T14:17:03,200.0,34.5,B
2021-07-12T14:17:00,800.0,34.45,S
2021-07-12T14:17:00,100.0,34.45,S
2021-07-12T14:17:00,9100.0,34.45,S
2021-07-12T14:16:54,400.0,34.5,B
2021-07-12T14:16:29,500.0,34.5,B
2021-07-12T14:16:24,100.0,34.5,B
2021-07-12T14:16:07,2000.0,34.5,B
2021-07-12T14:16:07,500.0,34.5,B
2021-07-12T14:16:02,100.0,34.5,B
2021-07-12T14:16:01,200.0,34.5,B
2021-07-12T14:15:50,100.0,34.5,B
2021-07-12T14:15:46,2000.0,34.5,B
2021-07-12T14:15:45,100.0,34.5,B
2021-07-12T14:15:44,3000.0,34.5,B
2021-07-12T14:15:35,100.0,34.5,B
2021-07-12T14:15:31,1000.0,34.45,S
2021-07-12T14:15:23,1100.0,34.5,B
2021-07-12T14:15:06,100.0,34.45,S
2021-07-12T14:14:50,1700.0,34.45,S
2021-07-12T14:14:32,200.0,34.5,B
2021-07-12T14:14:29,7000.0,34.45,S
2021-07-12T14:14:26,1300.0,34.45,S
2021-07-12T14:14:26,100.0,34.45,S
2021-07-12T14:14:26,400.0,34.45,S
2021-07-12T14:14:26,700.0,34.45,S
2021-07-12T14:14:26,1200.0,34.45,S
2021-07-12T14:14:26,8300.0,34.45,S
2021-07-12T14:14:13,300.0,34.45,S
2021-07-12T14:14:09,2200.0,34.5,B
2021-07-12T14:14:09,800.0,34.5,B
2021-07-12T14:14:03,300.0,34.45,S
2021-07-12T14:13:59,100.0,34.45,S
2021-07-12T14:13:56,1400.0,34.5,B
2021-07-12T14:13:52,100.0,34.45,S
2021-07-12T14:13:38,2000.0,34.45,S
2021-07-12T14:13:38,1000.0,34.45,S
2021-07-12T14:13:37,100.0,34.45,S
2021-07-12T14:13:26,600.0,34.45,S
2021-07-12T14:13:02,400.0,34.45,S
2021-07-12T14:12:57,900.0,34.45,S
2021-07-12T14:12:57,1000.0,34.45,S
2021-07-12T14:12:57,100.0,34.45,S
2021-07-12T14:12:54,400.0,34.45,S
2021-07-12T14:12:54,4600.0,34.45,S
2021-07-12T14:12:45,1100.0,34.5,S
2021-07-12T14:12:45,100.0,34.5,S
2021-07-12T14:12:45,8600.0,34.5,S
2021-07-12T14:12:43,500.0,34.5,S
2021-07-12T14:12:42,14000.0,34.5,S
2021-07-12T14:12:36,100.0,34.5,S
2021-07-12T14:12:35,600.0,34.5,S
2021-07-12T14:12:27,1000.0,34.5,S
2021-07-12T14:12:22,1000.0,34.5,S
2021-07-12T14:12:15,1000.0,34.5,S
2021-07-12T14:12:13,600.0,34.5,S
2021-07-12T14:12:13,2300.0,34.5,S
2021-07-12T14:12:05,500.0,34.5,S
2021-07-12T14:12:03,500.0,34.5,S
2021-07-12T14:11:58,100.0,34.5,S
2021-07-12T14:11:53,10000.0,34.5,S
2021-07-12T14:11:48,300.0,34.5,S
2021-07-12T14:11:46,1000.0,34.5,S
2021-07-12T14:11:34,1000.0,34.5,S
2021-07-12T14:11:33,2000.0,34.5,S
2021-07-12T14:11:32,300.0,34.5,S
2021-07-12T14:11:29,500.0,34.5,S
2021-07-12T14:11:22,1000.0,34.5,S
2021-07-12T14:11:07,900.0,34.5,S
2021-07-12T14:11:00,100.0,34.5,S
2021-07-12T14:10:37,100.0,34.55,B
2021-07-12T14:10:35,1000.0,34.5,S
2021-07-12T14:10:29,10000.0,34.5,S
2021-07-12T14:10:14,100.0,34.55,B
2021-07-12T14:10:11,1000.0,34.5,S
2021-07-12T14:10:00,200.0,34.5,S
2021-07-12T14:09:50,1000.0,34.5,S
2021-07-12T14:09:38,1200.0,34.5,S
2021-07-12T14:09:32,500.0,34.5,S
2021-07-12T14:09:27,700.0,34.5,S
2021-07-12T14:09:22,2000.0,34.5,S
2021-07-12T14:09:22,400.0,34.5,S
2021-07-12T14:09:17,200.0,34.5,S
2021-07-12T14:09:10,100.0,34.5,S
2021-07-12T14:09:10,100.0,34.5,S
2021-07-12T14:08:57,4000.0,34.5,S
2021-07-12T14:08:56,500.0,34.5,S
2021-07-12T14:08:56,100.0,34.55,B
2021-07-12T14:08:50,900.0,34.5,S
2021-07-12T14:08:45,1000.0,34.5,S
2021-07-12T14:08:43,5300.0,34.5,S
2021-07-12T14:08:40,1200.0,34.5,S
2021-07-12T14:08:27,1000.0,34.5,S
2021-07-12T14:08:26,3000.0,34.5,S
2021-07-12T14:08:22,10000.0,34.5,S
2021-07-12T14:08:16,1000.0,34.5,S
2021-07-12T14:08:14,200.0,34.5,S
2021-07-12T14:08:12,500.0,34.5,S
2021-07-12T14:08:10,1000.0,34.5,S
2021-07-12T14:08:10,1000.0,34.5,S
2021-07-12T14:08:03,400.0,34.5,S
2021-07-12T14:08:00,100.0,34.5,S
2021-07-12T14:07:51,200.0,34.5,S
2021-07-12T14:07:46,500.0,34.5,S
2021-07-12T14:07:34,700.0,34.5,S
2021-07-12T14:07:32,11700.0,34.5,S
2021-07-12T14:07:32,200.0,34.5,S
2021-07-12T14:07:31,500.0,34.55,B
2021-07-12T14:07:27,3000.0,34.5,S
2021-07-12T14:07:20,500.0,34.5,S
2021-07-12T14:07:14,100.0,34.5,S
2021-07-12T14:07:03,1000.0,34.5,S
2021-07-12T14:07:00,500.0,34.5,S
2021-07-12T14:06:52,5000.0,34.5,S
2021-07-12T14:06:51,300.0,34.5,S
2021-07-12T14:06:47,2000.0,34.5,S
2021-07-12T14:06:43,700.0,34.5,S
2021-07-12T14:06:36,100.0,34.5,S
2021-07-12T14:06:36,3000.0,34.5,S
2021-07-12T14:06:34,100.0,34.5,S
2021-07-12T14:06:28,100.0,34.5,S
2021-07-12T14:06:24,1200.0,34.5,S
2021-07-12T14:06:19,500.0,34.5,S
2021-07-12T14:06:05,200.0,34.5,S
2021-07-12T14:05:55,100.0,34.5,S
2021-07-12T14:05:54,100.0,34.5,S
2021-07-12T14:05:53,5000.0,34.5,S
2021-07-12T14:05:49,900.0,34.5,S
2021-07-12T14:05:38,500.0,34.5,B
2021-07-12T14:05:38,18400.0,34.5,B
2021-07-12T14:05:34,1100.0,34.45,S
2021-07-12T14:05:28,4300.0,34.45,B
2021-07-12T14:05:23,1000.0,34.45,B
2021-07-12T14:05:13,2900.0,34.45,S
2021-07-12T14:05:13,500.0,34.45,S
2021-07-12T14:05:12,6600.0,34.45,B
2021-07-12T14:05:12,1400.0,34.45,S
2021-07-12T14:05:03,100.0,34.45,B
2021-07-12T14:05:03,500.0,34.45,B
2021-07-12T14:05:03,2400.0,34.45,B
2021-07-12T14:05:03,6300.0,34.45,B
2021-07-12T14:05:02,3000.0,34.45,B
2021-07-12T14:04:53,7200.0,34.45,B
2021-07-12T14:04:53,2800.0,34.45,B
2021-07-12T14:04:51,100.0,34.45,B
2021-07-12T14:04:45,1000.0,34.45,B
2021-07-12T14:04:43,200.0,34.45,B
2021-07-12T14:04:31,1500.0,34.45,B
2021-07-12T14:04:27,100.0,34.45,B
2021-07-12T14:04:26,12000.0,34.45,B
2021-07-12T14:04:24,300.0,34.45,B
2021-07-12T14:04:22,100.0,34.45,B
2021-07-12T14:04:22,10000.0,34.45,B
2021-07-12T14:04:17,1000.0,34.45,B
2021-07-12T14:04:15,100.0,34.45,B
2021-07-12T14:04:13,10000.0,34.45,B
2021-07-12T14:04:12,100.0,34.45,B
2021-07-12T14:04:10,200.0,34.45,B
2021-07-12T14:04:07,1000.0,34.45,B
2021-07-12T14:03:52,200.0,34.45,B
2021-07-12T14:03:49,100.0,34.45,B
2021-07-12T14:03:43,100.0,34.45,B
2021-07-12T14:03:42,200.0,34.45,B
2021-07-12T14:03:42,100.0,34.45,B
2021-07-12T14:03:22,100.0,34.45,B
2021-07-12T14:03:18,4400.0,34.45,B
2021-07-12T14:03:18,4600.0,34.45,B
2021-07-12T14:03:18,300.0,34.45,B
2021-07-12T14:03:18,4900.0,34.45,B
2021-07-12T14:03:18,1700.0,34.45,B
2021-07-12T14:03:18,14100.0,34.45,B
2021-07-12T14:03:11,1000.0,34.45,B
2021-07-12T14:03:07,100.0,34.45,B
2021-07-12T14:02:52,2000.0,34.45,B
2021-07-12T14:02:51,5000.0,34.45,B
2021-07-12T14:02:48,100.0,34.45,B
2021-07-12T14:02:47,200.0,34.45,B
2021-07-12T14:02:38,100.0,34.45,B
2021-07-12T14:02:35,200.0,34.45,B
2021-07-12T14:02:20,500.0,34.45,B
2021-07-12T14:02:15,100.0,34.45,B
2021-07-12T14:02:10,100.0,34.45,B
2021-07-12T14:02:06,100.0,34.45,B
2021-07-12T14:02:06,300.0,34.45,B
2021-07-12T14:01:58,500.0,34.45,B
2021-07-12T14:01:55,200.0,34.45,B
2021-07-12T14:01:40,1000.0,34.45,B
2021-07-12T14:01:31,1000.0,34.45,B
2021-07-12T14:01:30,2000.0,34.45,B
2021-07-12T14:01:30,200.0,34.45,B
2021-07-12T14:01:29,200.0,34.45,B
2021-07-12T14:01:27,100.0,34.45,B
2021-07-12T14:01:24,100.0,34.45,B
2021-07-12T14:01:21,200.0,34.45,B
2021-07-12T14:01:19,700.0,34.45,S
2021-07-12T14:01:19,1300.0,34.45,S
2021-07-12T14:01:19,4200.0,34.45,S
2021-07-12T14:01:17,700.0,34.45,S
2021-07-12T14:01:17,300.0,34.45,S
2021-07-12T14:00:56,200.0,34.45,S
2021-07-12T14:00:48,100.0,34.5,B
2021-07-12T14:00:47,1000.0,34.45,S
2021-07-12T14:00:44,200.0,34.45,S
2021-07-12T14:00:41,1000.0,34.45,S
2021-07-12T14:00:36,1700.0,34.45,S
2021-07-12T14:00:35,1000.0,34.45,S
2021-07-12T14:00:29,600.0,34.5,B
2021-07-12T14:00:28,1600.0,34.45,S
2021-07-12T14:00:22,300.0,34.45,S
2021-07-12T14:00:20,2100.0,34.45,S
2021-07-12T14:00:18,1400.0,34.45,S
2021-07-12T14:00:14,20000.0,34.45,S
2021-07-12T14:00:13,1700.0,34.45,S
2021-07-12T14:00:10,2000.0,34.45,S
2021-07-12T14:00:08,100.0,34.45,S
2021-07-12T13:59:47,200.0,34.45,S
2021-07-12T13:59:47,400.0,34.45,S
2021-07-12T13:59:37,300.0,34.45,B
2021-07-12T13:59:37,1600.0,34.45,B
2021-07-12T13:59:37,7700.0,34.45,B
2021-07-12T13:59:37,10700.0,34.45,B
2021-07-12T13:59:35,2000.0,34.45,B
2021-07-12T13:59:35,100.0,34.45,B
2021-07-12T13:59:25,1000.0,34.45,B
2021-07-12T13:59:22,200.0,34.45,B
2021-07-12T13:59:19,100.0,34.45,B
2021-07-12T13:59:16,300.0,34.45,B
2021-07-12T13:59:12,500.0,34.45,B
2021-07-12T13:58:48,200.0,34.45,B
2021-07-12T13:58:45,200.0,34.45,B
2021-07-12T13:58:45,200.0,34.45,B
2021-07-12T13:58:35,1000.0,34.45,B
2021-07-12T13:58:24,5000.0,34.45,B
2021-07-12T13:58:22,200.0,34.45,B
2021-07-12T13:58:17,500.0,34.45,B
2021-07-12T13:58:14,200.0,34.45,B
2021-07-12T13:58:13,100.0,34.45,B
2021-07-12T13:58:09,200.0,34.45,B
2021-07-12T13:58:05,100.0,34.45,B
2021-07-12T13:58:03,100.0,34.45,B
2021-07-12T13:57:57,3000.0,34.45,B
2021-07-12T13:57:57,100.0,34.45,B
2021-07-12T13:57:52,100.0,34.45,B
2021-07-12T13:57:51,100.0,34.45,B
2021-07-12T13:57:47,100.0,34.45,B
2021-07-12T13:57:47,300.0,34.45,B
2021-07-12T13:57:46,100.0,34.45,B
2021-07-12T13:57:42,300.0,34.45,B
2021-07-12T13:57:39,100.0,34.45,B
2021-07-12T13:57:39,800.0,34.45,B
2021-07-12T13:57:38,100.0,34.45,B
2021-07-12T13:57:38,30000.0,34.45,B
2021-07-12T13:57:32,1000.0,34.45,B
2021-07-12T13:57:32,100.0,34.45,B
2021-07-12T13:57:26,300.0,34.45,B
2021-07-12T13:57:16,100.0,34.45,B
2021-07-12T13:57:15,1000.0,34.45,B
2021-07-12T13:57:12,200.0,34.45,B
2021-07-12T13:57:09,200.0,34.45,B
2021-07-12T13:57:08,100.0,34.45,B
2021-07-12T13:57:02,100.0,34.45,B
2021-07-12T13:56:59,200.0,34.45,B
2021-07-12T13:56:59,200.0,34.45,B
2021-07-12T13:56:57,100.0,34.45,B
2021-07-12T13:56:52,300.0,34.45,B
2021-07-12T13:56:48,200.0,34.45,B
2021-07-12T13:56:47,300.0,34.45,B
2021-07-12T13:56:47,100.0,34.45,B
2021-07-12T13:56:42,1000.0,34.45,B
2021-07-12T13:56:41,100.0,34.45,B
2021-07-12T13:56:39,200.0,34.45,B
2021-07-12T13:56:37,100.0,34.45,B
2021-07-12T13:56:36,100.0,34.45,B
2021-07-12T13:56:33,100.0,34.45,B
2021-07-12T13:56:31,200.0,34.45,B
2021-07-12T13:56:30,100.0,34.45,B
2021-07-12T13:56:27,200.0,34.45,B
2021-07-12T13:56:19,1000.0,34.45,B
2021-07-12T13:56:18,1000.0,34.45,B
2021-07-12T13:56:04,3100.0,34.5,B
2021-07-12T13:56:04,6400.0,34.5,B
2021-07-12T13:56:04,1900.0,34.5,B
2021-07-12T13:56:04,5100.0,34.5,B
2021-07-12T13:56:04,5000.0,34.5,B
2021-07-12T13:56:04,7100.0,34.5,B
2021-07-12T13:56:04,7900.0,34.5,B
2021-07-12T13:56:04,3200.0,34.45,B
2021-07-12T13:56:04,10300.0,34.45,B
2021-07-12T13:56:01,100.0,34.45,B
2021-07-12T13:55:57,1000.0,34.45,B
2021-07-12T13:55:54,100.0,34.45,B
2021-07-12T13:55:53,300.0,34.45,B
2021-07-12T13:55:48,100.0,34.45,B
2021-07-12T13:55:44,1000.0,34.45,B
2021-07-12T13:55:39,1000.0,34.45,B
2021-07-12T13:55:33,100.0,34.45,B
2021-07-12T13:55:31,300.0,34.45,B
2021-07-12T13:55:30,2700.0,34.45,B
2021-07-12T13:55:29,100.0,34.45,S
2021-07-12T13:55:29,2200.0,34.45,S
2021-07-12T13:55:29,2200.0,34.45,S
2021-07-12T13:55:29,100.0,34.45,S
2021-07-12T13:55:29,500.0,34.45,S
2021-07-12T13:55:29,9900.0,34.45,S
2021-07-12T13:55:18,400.0,34.45,S
2021-07-12T13:55:12,800.0,34.45,S
2021-07-12T13:55:00,1000.0,34.45,S
2021-07-12T13:54:47,300.0,34.45,S
2021-07-12T13:54:46,2000.0,34.5,B
2021-07-12T13:54:44,2000.0,34.5,B
2021-07-12T13:54:41,300.0,34.45,S
2021-07-12T13:54:32,500.0,34.5,B
2021-07-12T13:54:15,100.0,34.5,B
2021-07-12T13:54:07,5700.0,34.45,B
2021-07-12T13:54:07,13100.0,34.45,B
2021-07-12T13:54:07,10100.0,34.45,B
2021-07-12T13:54:07,500.0,34.45,B
2021-07-12T13:54:07,8700.0,34.45,B
2021-07-12T13:54:07,500.0,34.45,B
2021-07-12T13:53:59,100.0,34.45,B
2021-07-12T13:53:59,300.0,34.45,B
2021-07-12T13:53:59,600.0,34.45,B
2021-07-12T13:53:57,1500.0,34.45,B
2021-07-12T13:53:57,1000.0,34.45,B
2021-07-12T13:53:57,3800.0,34.45,B
2021-07-12T13:53:55,100.0,34.45,B
2021-07-12T13:53:47,100.0,34.45,B
2021-07-12T13:53:46,1500.0,34.45,B
2021-07-12T13:53:46,1000.0,34.45,B
2021-07-12T13:53:44,1000.0,34.45,B
2021-07-12T13:53:44,1900.0,34.45,B
2021-07-12T13:53:40,200.0,34.45,B
2021-07-12T13:53:40,200.0,34.45,B
2021-07-12T13:53:39,400.0,34.45,B
2021-07-12T13:53:38,1000.0,34.45,B
2021-07-12T13:53:38,1000.0,34.45,B
2021-07-12T13:53:31,300.0,34.45,B
2021-07-12T13:53:28,100.0,34.45,B
2021-07-12T13:53:28,100.0,34.45,B
2021-07-12T13:53:27,1000.0,34.45,B
2021-07-12T13:53:25,100.0,34.45,B
2021-07-12T13:53:15,100.0,34.45,B
2021-07-12T13:53:15,500.0,34.45,B
2021-07-12T13:53:11,100.0,34.45,B
2021-07-12T13:53:11,500.0,34.45,B
2021-07-12T13:53:10,20000.0,34.45,B
2021-07-12T13:53:09,500.0,34.45,B
2021-07-12T13:53:03,200.0,34.45,B
2021-07-12T13:53:02,100.0,34.45,B
2021-07-12T13:52:56,200.0,34.45,B
2021-07-12T13:52:56,100.0,34.45,B
2021-07-12T13:52:55,100.0,34.45,B
2021-07-12T13:52:51,700.0,34.45,B
2021-07-12T13:52:45,500.0,34.45,B
2021-07-12T13:52:41,300.0,34.45,B
2021-07-12T13:52:34,200.0,34.45,B
2021-07-12T13:52:26,2000.0,34.45,B
2021-07-12T13:52:24,1200.0,34.45,B
2021-07-12T13:52:22,200.0,34.45,B
2021-07-12T13:52:22,100.0,34.45,B
2021-07-12T13:52:22,300.0,34.45,B
2021-07-12T13:52:17,100.0,34.45,B
2021-07-12T13:52:09,100.0,34.45,B
2021-07-12T13:52:08,500.0,34.45,B
2021-07-12T13:52:05,100.0,34.45,B
2021-07-12T13:52:00,100.0,34.45,B
2021-07-12T13:51:59,200.0,34.45,B
2021-07-12T13:51:56,300.0,34.45,B
2021-07-12T13:51:42,1000.0,34.45,B
2021-07-12T13:51:41,100.0,34.45,B
2021-07-12T13:51:40,1000.0,34.45,B
2021-07-12T13:51:37,100.0,34.45,B
2021-07-12T13:51:32,100.0,34.45,B
2021-07-12T13:51:29,200.0,34.45,B
2021-07-12T13:51:26,100.0,34.45,B
2021-07-12T13:51:21,100.0,34.45,B
2021-07-12T13:51:17,1000.0,34.45,B
2021-07-12T13:51:14,500.0,34.45,B
2021-07-12T13:51:11,100.0,34.45,B
2021-07-12T13:51:10,1000.0,34.45,B
2021-07-12T13:51:09,200.0,34.45,B
2021-07-12T13:51:08,100.0,34.45,B
2021-07-12T13:50:58,500.0,34.45,B
2021-07-12T13:50:58,9900.0,34.45,B
2021-07-12T13:50:58,2600.0,34.45,S
2021-07-12T13:50:58,100.0,34.45,S
2021-07-12T13:50:58,2200.0,34.45,S
2021-07-12T13:50:58,2600.0,34.45,S
2021-07-12T13:50:58,2000.0,34.45,S
2021-07-12T13:50:53,200.0,34.45,S
2021-07-12T13:50:47,100.0,34.45,S
2021-07-12T13:50:46,300.0,34.45,S
2021-07-12T13:50:41,14700.0,34.45,S
2021-07-12T13:50:29,2200.0,34.45,S
2021-07-12T13:50:25,100.0,34.5,B
2021-07-12T13:50:23,100.0,34.5,B
2021-07-12T13:50:17,400.0,34.45,S
2021-07-12T13:50:15,1700.0,34.45,S
2021-07-12T13:50:13,200.0,34.45,S
2021-07-12T13:50:13,1200.0,34.45,S
2021-07-12T13:50:13,19700.0,34.45,S
2021-07-12T13:50:06,7800.0,34.45,B
2021-07-12T13:50:02,500.0,34.45,B
2021-07-12T13:50:02,1100.0,34.45,S
2021-07-12T13:50:02,2500.0,34.45,S
2021-07-12T13:50:02,500.0,34.45,S
2021-07-12T13:50:02,300.0,34.45,S
2021-07-12T13:50:02,300.0,34.45,S
2021-07-12T13:50:01,5000.0,34.45,S
2021-07-12T13:50:01,600.0,34.45,S
2021-07-12T13:49:57,500.0,34.45,S
2021-07-12T13:49:57,100.0,34.45,S
2021-07-12T13:49:57,20000.0,34.45,S
2021-07-12T13:49:54,3000.0,34.45,S
2021-07-12T13:49:51,40000.0,34.45,S
2021-07-12T13:49:51,100.0,34.5,B
2021-07-12T13:49:48,6600.0,34.45,S
2021-07-12T13:49:48,3200.0,34.45,S
2021-07-12T13:49:48,700.0,34.45,S
2021-07-12T13:49:48,5000.0,34.45,S
2021-07-12T13:49:48,1000.0,34.45,S
2021-07-12T13:49:48,1000.0,34.45,S
2021-07-12T13:49:48,1200.0,34.45,S
2021-07-12T13:49:48,900.0,34.45,S
2021-07-12T13:49:48,3400.0,34.45,S
2021-07-12T13:49:45,400.0,34.45,S
2021-07-12T13:49:45,300.0,34.45,S
2021-07-12T13:49:45,1000.0,34.45,S
2021-07-12T13:49:45,100.0,34.45,S
2021-07-12T13:49:45,200.0,34.45,S
2021-07-12T13:49:45,2100.0,34.45,S
2021-07-12T13:49:45,800.0,34.45,S
2021-07-12T13:49:45,1000.0,34.45,S
2021-07-12T13:49:45,300.0,34.45,S
2021-07-12T13:49:45,200.0,34.45,S
2021-07-12T13:49:45,1000.0,34.45,S
2021-07-12T13:49:45,1600.0,34.45,S
2021-07-12T13:49:45,1000.0,34.45,S
2021-07-12T13:49:42,1000.0,34.45,S
2021-07-12T13:49:37,2000.0,34.45,S
2021-07-12T13:49:34,3900.0,34.45,S
2021-07-12T13:49:31,4500.0,34.45,S
2021-07-12T13:49:30,10000.0,34.45,S
2021-07-12T13:49:28,2600.0,34.45,S
2021-07-12T13:49:28,900.0,34.45,S
2021-07-12T13:49:28,2400.0,34.45,S
2021-07-12T13:49:28,3200.0,34.45,S
2021-07-12T13:49:28,2600.0,34.45,S
2021-07-12T13:49:28,300.0,34.45,S
2021-07-12T13:49:28,100.0,34.45,S
2021-07-12T13:49:28,900.0,34.45,S
2021-07-12T13:49:28,6300.0,34.45,S
2021-07-12T13:49:27,100.0,34.5,B
2021-07-12T13:49:18,400.0,34.45,S
2021-07-12T13:49:18,100.0,34.45,S
2021-07-12T13:49:18,4500.0,34.45,S
2021-07-12T13:49:17,6100.0,34.45,S
2021-07-12T13:49:16,7000.0,34.45,S
2021-07-12T13:49:12,1300.0,34.45,S
2021-07-12T13:49:12,600.0,34.45,S
2021-07-12T13:49:12,3300.0,34.45,S
2021-07-12T13:49:12,2000.0,34.45,S
2021-07-12T13:49:12,2800.0,34.45,S
2021-07-12T13:49:12,100.0,34.45,S
2021-07-12T13:49:12,1100.0,34.45,S
2021-07-12T13:49:12,100.0,34.45,S
2021-07-12T13:49:12,1000.0,34.45,S
2021-07-12T13:49:12,400.0,34.45,S
2021-07-12T13:49:12,1100.0,34.45,S
2021-07-12T13:49:12,1400.0,34.45,S
2021-07-12T13:49:12,1100.0,34.45,S
2021-07-12T13:49:12,1600.0,34.45,S
2021-07-12T13:49:12,3300.0,34.45,S
2021-07-12T13:49:12,400.0,34.45,S
2021-07-12T13:49:12,100.0,34.45,S
2021-07-12T13:49:12,100.0,34.45,S
2021-07-12T13:49:12,200.0,34.45,S
2021-07-12T13:49:12,40600.0,34.45,S
2021-07-12T13:49:12,1100.0,34.45,S
2021-07-12T13:49:12,500.0,34.45,S
2021-07-12T13:49:12,4400.0,34.45,S
2021-07-12T13:49:12,1400.0,34.45,S
2021-07-12T13:49:07,400.0,34.45,S
2021-07-12T13:49:07,300.0,34.45,S
2021-07-12T13:49:07,1000.0,34.45,S
2021-07-12T13:49:07,1100.0,34.45,S
2021-07-12T13:49:07,900.0,34.45,S
2021-07-12T13:49:07,1500.0,34.45,S
2021-07-12T13:49:07,900.0,34.45,S
2021-07-12T13:49:07,600.0,34.45,S
2021-07-12T13:49:07,1200.0,34.45,S
2021-07-12T13:49:07,500.0,34.45,S
2021-07-12T13:49:07,5500.0,34.45,S
2021-07-12T13:49:07,1600.0,34.45,S
2021-07-12T13:49:07,500.0,34.45,S
2021-07-12T13:49:07,200.0,34.45,S
2021-07-12T13:49:07,600.0,34.45,S
2021-07-12T13:49:07,1200.0,34.45,S
2021-07-12T13:49:07,7000.0,34.45,S
2021-07-12T13:49:07,400.0,34.45,S
2021-07-12T13:49:07,300.0,34.45,S
2021-07-12T13:49:07,500.0,34.45,S
2021-07-12T13:49:07,300.0,34.45,S
2021-07-12T13:49:07,200.0,34.45,S
2021-07-12T13:49:07,1200.0,34.45,S
2021-07-12T13:49:07,700.0,34.45,S
2021-07-12T13:49:07,10100.0,34.45,S
2021-07-12T13:49:07,100.0,34.45,S
2021-07-12T13:49:07,11200.0,34.45,S
2021-07-12T13:48:55,10000.0,34.5,B
2021-07-12T13:48:52,500.0,34.45,S
2021-07-12T13:48:48,200.0,34.45,S
2021-07-12T13:48:48,100.0,34.45,S
2021-07-12T13:48:48,200.0,34.45,S
2021-07-12T13:48:48,8300.0,34.45,S
2021-07-12T13:48:45,1500.0,34.45,S
2021-07-12T13:48:39,1500.0,34.45,S
2021-07-12T13:48:35,9500.0,34.45,S
2021-07-12T13:48:35,500.0,34.45,S
2021-07-12T13:48:35,500.0,34.45,S
2021-07-12T13:48:35,2200.0,34.45,S
2021-07-12T13:48:35,1100.0,34.45,S
2021-07-12T13:48:35,1200.0,34.45,S
2021-07-12T13:48:35,800.0,34.45,S
2021-07-12T13:48:35,1000.0,34.45,S
2021-07-12T13:48:35,15200.0,34.45,S
2021-07-12T13:48:33,2000.0,34.45,S
2021-07-12T13:48:32,2000.0,34.45,S
2021-07-12T13:48:31,300.0,34.5,B
2021-07-12T13:48:25,1000.0,34.45,S
2021-07-12T13:48:20,100.0,34.5,B
2021-07-12T13:48:18,8000.0,34.45,S
2021-07-12T13:48:18,1200.0,34.45,S
2021-07-12T13:48:18,800.0,34.45,S
2021-07-12T13:48:12,700.0,34.45,S
2021-07-12T13:48:12,600.0,34.45,S
2021-07-12T13:48:12,1400.0,34.45,S
2021-07-12T13:48:12,200.0,34.45,S
2021-07-12T13:48:12,200.0,34.45,S
2021-07-12T13:48:12,2600.0,34.45,S
2021-07-12T13:48:09,1000.0,34.5,B
2021-07-12T13:48:00,300.0,34.5,B
2021-07-12T13:47:57,100.0,34.45,S
2021-07-12T13:47:54,1000.0,34.45,S
2021-07-12T13:47:48,100.0,34.5,B
2021-07-12T13:47:42,3700.0,34.45,S
2021-07-12T13:47:42,2900.0,34.45,S
2021-07-12T13:47:42,1100.0,34.45,S
2021-07-12T13:47:42,3100.0,34.45,S
2021-07-12T13:47:42,1000.0,34.45,S
2021-07-12T13:47:42,2000.0,34.45,S
2021-07-12T13:47:42,2200.0,34.45,S
2021-07-12T13:47:36,2600.0,34.45,S
2021-07-12T13:47:32,500.0,34.45,S
2021-07-12T13:47:24,500.0,34.45,S
2021-07-12T13:47:21,100.0,34.5,B
2021-07-12T13:47:18,300.0,34.5,B
2021-07-12T13:47:17,2000.0,34.45,S
2021-07-12T13:47:15,200.0,34.5,B
2021-07-12T13:47:14,100.0,34.5,B
2021-07-12T13:47:08,3000.0,34.5,B
2021-07-12T13:47:07,1000.0,34.5,B
2021-07-12T13:46:59,200.0,34.5,B
2021-07-12T13:46:51,1000.0,34.5,B
2021-07-12T13:46:50,500.0,34.45,S
2021-07-12T13:46:50,700.0,34.45,S
2021-07-12T13:46:50,200.0,34.45,S
2021-07-12T13:46:50,600.0,34.45,S
2021-07-12T13:46:46,20000.0,34.5,B
2021-07-12T13:46:42,1000.0,34.45,S
2021-07-12T13:46:36,2000.0,34.45,S
2021-07-12T13:46:29,100.0,34.45,S
2021-07-12T13:46:29,1500.0,34.45,S
2021-07-12T13:46:29,1600.0,34.45,S
2021-07-12T13:46:29,200.0,34.45,S
2021-07-12T13:46:29,400.0,34.45,S
2021-07-12T13:46:29,1200.0,34.45,S
2021-07-12T13:46:29,700.0,34.45,S
2021-07-12T13:46:29,1300.0,34.45,S
2021-07-12T13:46:29,300.0,34.45,S
2021-07-12T13:46:29,400.0,34.45,S
2021-07-12T13:46:29,1200.0,34.45,S
2021-07-12T13:46:29,1000.0,34.45,S
2021-07-12T13:46:29,2500.0,34.45,S
2021-07-12T13:46:29,800.0,34.45,S
2021-07-12T13:46:29,1300.0,34.45,S
2021-07-12T13:46:29,200.0,34.45,S
2021-07-12T13:46:29,3000.0,34.45,S
2021-07-12T13:46:29,500.0,34.45,S
2021-07-12T13:46:29,2100.0,34.45,S
2021-07-12T13:46:29,1200.0,34.45,S
2021-07-12T13:46:29,3500.0,34.45,S
2021-07-12T13:46:29,2200.0,34.45,S
2021-07-12T13:46:29,6100.0,34.45,S
2021-07-12T13:46:29,3100.0,34.45,S
2021-07-12T13:46:29,600.0,34.45,S
2021-07-12T13:46:29,1100.0,34.45,S
2021-07-12T13:46:29,1000.0,34.45,S
2021-07-12T13:46:29,1200.0,34.45,S
2021-07-12T13:46:29,5700.0,34.45,S
2021-07-12T13:46:29,700.0,34.45,S
2021-07-12T13:46:29,1100.0,34.45,S
2021-07-12T13:46:29,1000.0,34.45,S
2021-07-12T13:46:29,200.0,34.45,S
2021-07-12T13:46:29,1900.0,34.45,S
2021-07-12T13:46:29,500.0,34.45,S
2021-07-12T13:46:29,1400.0,34.45,S
2021-07-12T13:46:29,500.0,34.45,S
2021-07-12T13:46:29,100.0,34.45,S
2021-07-12T13:46:29,2600.0,34.45,S
2021-07-12T13:46:29,900.0,34.45,S
2021-07-12T13:46:29,10700.0,34.45,S
2021-07-12T13:46:29,18100.0,34.45,S
2021-07-12T13:46:28,2000.0,34.45,S
2021-07-12T13:46:22,500.0,34.45,S
2021-07-12T13:46:20,1800.0,34.45,S
2021-07-12T13:46:12,2100.0,34.45,S
2021-07-12T13:46:05,2000.0,34.45,S
2021-07-12T13:46:02,1400.0,34.5,S
2021-07-12T13:45:59,1500.0,34.5,S
2021-07-12T13:45:57,100.0,34.5,S
2021-07-12T13:45:54,3000.0,34.5,S
2021-07-12T13:45:54,700.0,34.5,S
2021-07-12T13:45:54,400.0,34.5,S
2021-07-12T13:45:54,1200.0,34.5,S
2021-07-12T13:45:54,200.0,34.5,S
2021-07-12T13:45:54,1700.0,34.5,S
2021-07-12T13:45:54,600.0,34.5,S
2021-07-12T13:45:54,5200.0,34.5,S
2021-07-12T13:45:52,1000.0,34.5,S
2021-07-12T13:45:51,5700.0,34.5,S
2021-07-12T13:45:51,500.0,34.5,S
2021-07-12T13:45:51,1200.0,34.5,S
2021-07-12T13:45:51,2800.0,34.5,S
2021-07-12T13:45:51,16800.0,34.5,S
2021-07-12T13:45:51,12200.0,34.5,S
2021-07-12T13:45:51,1500.0,34.5,S
2021-07-12T13:45:51,4400.0,34.5,S
2021-07-12T13:45:51,4900.0,34.5,S
2021-07-12T13:45:50,1500.0,34.5,S
2021-07-12T13:45:47,900.0,34.5,S
2021-07-12T13:45:46,1000.0,34.5,S
2021-07-12T13:45:44,1700.0,34.5,S
2021-07-12T13:45:44,300.0,34.5,S
2021-07-12T13:45:43,100.0,34.5,S
2021-07-12T13:45:39,5000.0,34.5,S
2021-07-12T13:45:37,1700.0,34.5,S
2021-07-12T13:45:36,3000.0,34.5,S
2021-07-12T13:45:33,10000.0,34.5,S
2021-07-12T13:45:33,10000.0,34.5,S
2021-07-12T13:45:31,1300.0,34.5,S
2021-07-12T13:45:31,4000.0,34.5,S
2021-07-12T13:45:30,10000.0,34.5,S
2021-07-12T13:45:29,1000.0,34.5,S
2021-07-12T13:45:27,300.0,34.55,B
2021-07-12T13:45:23,6400.0,34.5,S
2021-07-12T13:45:21,100.0,34.5,S
2021-07-12T13:45:10,2000.0,34.5,S
2021-07-12T13:45:10,400.0,34.5,S
2021-07-12T13:45:09,1000.0,34.5,S
2021-07-12T13:45:04,30000.0,34.5,S
2021-07-12T13:45:04,1000.0,34.5,S
2021-07-12T13:44:59,200.0,34.55,B
2021-07-12T13:44:58,100.0,34.5,S
2021-07-12T13:44:55,100.0,34.5,S
2021-07-12T13:44:48,100.0,34.55,B
2021-07-12T13:44:45,200.0,34.5,S
2021-07-12T13:44:43,1000.0,34.5,S
2021-07-12T13:44:42,2100.0,34.5,S
2021-07-12T13:44:27,1100.0,34.5,S
2021-07-12T13:44:22,5000.0,34.5,S
2021-07-12T13:44:21,1000.0,34.5,S
2021-07-12T13:44:18,10000.0,34.55,B
2021-07-12T13:44:16,200.0,34.5,S
2021-07-12T13:44:15,1000.0,34.5,S
2021-07-12T13:44:07,1000.0,34.5,S
2021-07-12T13:43:47,500.0,34.55,B
2021-07-12T13:43:42,4000.0,34.5,S
2021-07-12T13:43:26,100.0,34.5,S
2021-07-12T13:43:15,200.0,34.5,S
2021-07-12T13:43:09,200.0,34.5,S
2021-07-12T13:43:06,100.0,34.5,S
2021-07-12T13:43:06,500.0,34.5,S
2021-07-12T13:42:55,500.0,34.5,S
2021-07-12T13:42:48,100.0,34.5,S
2021-07-12T13:42:43,600.0,34.5,S
2021-07-12T13:42:43,500.0,34.5,S
2021-07-12T13:42:43,200.0,34.5,S
2021-07-12T13:42:41,400.0,34.5,S
2021-07-12T13:42:41,100.0,34.5,S
2021-07-12T13:42:41,200.0,34.5,S
2021-07-12T13:42:41,1300.0,34.5,S
2021-07-12T13:42:41,3000.0,34.5,S
2021-07-12T13:42:37,2000.0,34.5,S
2021-07-12T13:42:32,200.0,34.5,S
2021-07-12T13:42:23,200.0,34.5,S
2021-07-12T13:42:18,100.0,34.5,S
2021-07-12T13:42:18,500.0,34.5,S
2021-07-12T13:42:14,1000.0,34.5,S
2021-07-12T13:42:13,1200.0,34.5,S
2021-07-12T13:42:12,400.0,34.5,S
2021-07-12T13:42:09,300.0,34.5,S
2021-07-12T13:42:01,400.0,34.55,B
2021-07-12T13:41:55,400.0,34.5,S
2021-07-12T13:41:46,500.0,34.5,S
2021-07-12T13:41:45,2500.0,34.5,S
2021-07-12T13:41:32,400.0,34.5,S
2021-07-12T13:41:10,3000.0,34.5,S
2021-07-12T13:41:03,600.0,34.5,S
2021-07-12T13:40:44,1500.0,34.5,S
2021-07-12T13:40:44,100.0,34.55,B
2021-07-12T13:40:36,4500.0,34.5,S
2021-07-12T13:40:36,500.0,34.5,S
2021-07-12T13:40:23,800.0,34.5,S
2021-07-12T13:40:21,1200.0,34.5,S
2021-07-12T13:40:04,200.0,34.5,S
2021-07-12T13:39:53,3000.0,34.5,S
2021-07-12T13:39:46,28200.0,34.5,S
2021-07-12T13:39:46,5400.0,34.5,S
2021-07-12T13:39:46,2800.0,34.5,S
2021-07-12T13:39:46,200.0,34.5,S
2021-07-12T13:39:46,300.0,34.5,S
2021-07-12T13:39:46,1300.0,34.5,S
2021-07-12T13:39:46,8300.0,34.5,S
2021-07-12T13:39:46,500.0,34.5,S
2021-07-12T13:39:46,3000.0,34.5,S
2021-07-12T13:39:27,100.0,34.55,B
2021-07-12T13:39:26,1800.0,34.5,S
2021-07-12T13:39:20,1600.0,34.5,S
2021-07-12T13:39:16,200.0,34.55,B
2021-07-12T13:39:12,1700.0,34.5,S
2021-07-12T13:39:12,400.0,34.55,S
2021-07-12T13:39:05,1000.0,34.55,S
2021-07-12T13:38:59,500.0,34.55,S
2021-07-12T13:38:57,500.0,34.55,S
2021-07-12T13:38:56,300.0,34.55,S
2021-07-12T13:38:56,100.0,34.55,S
2021-07-12T13:38:52,100.0,34.55,S
2021-07-12T13:38:52,200.0,34.6,B
2021-07-12T13:38:47,5000.0,34.55,S
2021-07-12T13:38:44,7900.0,34.55,S
2021-07-12T13:38:44,100.0,34.55,S
2021-07-12T13:38:43,300.0,34.55,S
2021-07-12T13:38:40,600.0,34.55,S
2021-07-12T13:38:36,600.0,34.55,S
2021-07-12T13:38:22,100.0,34.55,S
2021-07-12T13:38:16,5000.0,34.6,B
2021-07-12T13:38:16,200.0,34.55,S
2021-07-12T13:38:16,6800.0,34.55,S
2021-07-12T13:38:13,200.0,34.55,S
2021-07-12T13:38:13,600.0,34.55,S
2021-07-12T13:38:13,700.0,34.55,S
2021-07-12T13:38:09,1400.0,34.55,S
2021-07-12T13:37:51,300.0,34.55,S
2021-07-12T13:37:43,2000.0,34.55,S
2021-07-12T13:37:34,5000.0,34.6,B
2021-07-12T13:37:33,1000.0,34.55,S
2021-07-12T13:37:33,300.0,34.55,S
2021-07-12T13:37:21,3500.0,34.55,S
2021-07-12T13:37:12,7700.0,34.55,S
2021-07-12T13:37:12,600.0,34.55,S
2021-07-12T13:37:07,2000.0,34.55,S
2021-07-12T13:36:56,800.0,34.55,S
2021-07-12T13:36:49,5000.0,34.55,S
2021-07-12T13:36:45,2000.0,34.55,S
2021-07-12T13:36:19,400.0,34.55,S
2021-07-12T13:36:16,300.0,34.55,S
2021-07-12T13:36:15,7500.0,34.55,S
2021-07-12T13:36:10,100.0,34.55,S
2021-07-12T13:36:08,200.0,34.55,S
2021-07-12T13:36:04,4200.0,34.55,S
2021-07-12T13:36:02,10000.0,34.55,S
2021-07-12T13:35:58,100.0,34.6,B
2021-07-12T13:35:43,100.0,34.6,B
2021-07-12T13:35:23,100.0,34.6,B
2021-07-12T13:35:18,500.0,34.55,S
2021-07-12T13:35:02,300.0,34.6,B
2021-07-12T13:34:56,100.0,34.6,B
2021-07-12T13:34:47,100.0,34.6,B
2021-07-12T13:34:46,100.0,34.6,S
2021-07-12T13:34:45,2000.0,34.6,S
2021-07-12T13:34:36,1000.0,34.6,S
2021-07-12T13:34:35,600.0,34.6,S
2021-07-12T13:34:35,1700.0,34.6,S
2021-07-12T13:34:35,300.0,34.6,S
2021-07-12T13:34:35,2400.0,34.6,S
2021-07-12T13:34:30,5000.0,34.6,S
2021-07-12T13:34:10,100.0,34.6,S
2021-07-12T13:33:48,100.0,34.65,B
2021-07-12T13:33:46,2000.0,34.6,S
2021-07-12T13:33:33,3000.0,34.6,S
2021-07-12T13:33:28,400.0,34.6,S
2021-07-12T13:33:09,600.0,34.6,S
2021-07-12T13:33:09,400.0,34.6,S
2021-07-12T13:33:06,300.0,34.6,S
2021-07-12T13:33:06,1000.0,34.65,B
2021-07-12T13:31:58,1000.0,34.65,B
2021-07-12T13:31:43,1500.0,34.6,S
2021-07-12T13:31:30,1000.0,34.6,S
2021-07-12T13:31:27,5000.0,34.6,S
2021-07-12T13:31:21,200.0,34.6,S
2021-07-12T13:31:17,100.0,34.65,B
2021-07-12T13:31:16,3000.0,34.6,S
2021-07-12T13:30:45,800.0,34.6,S
2021-07-12T13:30:35,400.0,34.6,S
2021-07-12T13:30:20,100.0,34.6,S
2021-07-12T13:29:57,1300.0,34.6,S
2021-07-12T13:29:57,2000.0,34.6,S
2021-07-12T13:29:55,100.0,34.7,B
2021-07-12T13:29:52,100.0,34.7,B
2021-07-12T13:29:48,2100.0,34.6,S
2021-07-12T13:29:17,100.0,34.7,B
2021-07-12T13:29:14,400.0,34.7,B
2021-07-12T13:29:08,500.0,34.7,S
2021-07-12T13:28:59,3000.0,34.7,B
2021-07-12T13:28:59,6200.0,34.7,B
2021-07-12T13:28:37,100.0,34.7,B
2021-07-12T13:28:33,100.0,34.7,B
2021-07-12T13:28:16,1000.0,34.7,B
2021-07-12T13:28:10,400.0,34.7,B
2021-07-12T13:27:52,300.0,34.7,B
2021-07-12T13:27:49,400.0,34.65,B
2021-07-12T13:27:45,100.0,34.65,B
2021-07-12T13:27:38,200.0,34.7,B
2021-07-12T13:27:35,200.0,34.7,B
2021-07-12T13:27:34,200.0,34.7,B
2021-07-12T13:27:28,500.0,34.7,B
2021-07-12T13:27:26,100.0,34.65,S
2021-07-12T13:27:20,20000.0,34.7,B
2021-07-12T13:26:48,2000.0,34.6,S
2021-07-12T13:26:38,300.0,34.6,S
2021-07-12T13:26:38,100.0,34.6,S
2021-07-12T13:26:38,600.0,34.6,S
2021-07-12T13:26:38,700.0,34.6,S
2021-07-12T13:26:35,500.0,34.6,S
2021-07-12T13:26:34,2800.0,34.7,B
2021-07-12T13:26:34,500.0,34.7,B
2021-07-12T13:26:32,1700.0,34.7,B
2021-07-12T13:26:18,1500.0,34.7,B
2021-07-12T13:26:14,200.0,34.6,S
2021-07-12T13:26:14,300.0,34.6,S
2021-07-12T13:26:06,1600.0,34.7,B
2021-07-12T13:26:00,1000.0,34.6,S
2021-07-12T13:25:59,200.0,34.7,B
2021-07-12T13:25:50,1500.0,34.7,B
2021-07-12T13:25:45,10400.0,34.7,B
2021-07-12T13:25:41,1000.0,34.6,S
2021-07-12T13:25:37,300.0,34.7,B
2021-07-12T13:25:35,1600.0,34.7,B
2021-07-12T13:25:34,700.0,34.55,S
2021-07-12T13:25:34,1300.0,34.55,S
2021-07-12T13:25:27,100.0,34.55,S
2021-07-12T13:25:27,100.0,34.55,S
2021-07-12T13:25:24,2100.0,34.7,B
2021-07-12T13:25:17,100.0,34.6,B
2021-07-12T13:25:11,1000.0,34.6,B
2021-07-12T13:25:05,200.0,34.6,B
2021-07-12T13:25:00,1000.0,34.6,B
2021-07-12T13:24:53,200.0,34.6,S
2021-07-12T13:24:53,700.0,34.6,S
2021-07-12T13:24:53,100.0,34.6,S
2021-07-12T13:24:53,500.0,34.6,S
2021-07-12T13:24:51,600.0,34.6,S
2021-07-12T13:24:48,500.0,34.6,S
2021-07-12T13:24:32,100.0,34.6,S
2021-07-12T13:24:26,200.0,34.6,S
2021-07-12T13:24:15,300.0,34.6,S
2021-07-12T13:24:01,100.0,34.6,S
2021-07-12T13:24:01,200.0,34.6,S
2021-07-12T13:24:00,400.0,34.6,S
2021-07-12T13:23:59,100.0,34.7,B
2021-07-12T13:23:55,500.0,34.6,S
2021-07-12T13:23:51,500.0,34.6,S
2021-07-12T13:23:50,500.0,34.6,S
2021-07-12T13:23:39,200.0,34.7,B
2021-07-12T13:23:26,3200.0,34.6,S
2021-07-12T13:23:26,3800.0,34.6,S
2021-07-12T13:23:07,100.0,34.7,B
2021-07-12T13:22:59,2500.0,34.6,S
2021-07-12T13:22:59,100.0,34.6,S
2021-07-12T13:22:59,3000.0,34.6,S
2021-07-12T13:22:59,100.0,34.6,S
2021-07-12T13:22:59,2200.0,34.6,S
2021-07-12T13:22:59,100.0,34.65,S
2021-07-12T13:22:54,100.0,34.7,B
2021-07-12T13:22:49,4000.0,34.7,B
2021-07-12T13:22:49,100.0,34.7,B
2021-07-12T13:22:48,200.0,34.65,S
2021-07-12T13:22:41,200.0,34.7,S
2021-07-12T13:22:41,50400.0,34.7,S
2021-07-12T13:22:41,100.0,34.7,S
2021-07-12T13:22:41,100.0,34.7,S
2021-07-12T13:22:41,500.0,34.7,S
2021-07-12T13:22:41,200.0,34.7,S
2021-07-12T13:22:41,33200.0,34.7,S
2021-07-12T13:22:41,200.0,34.7,S
2021-07-12T13:22:41,400.0,34.7,S
2021-07-12T13:22:41,2300.0,34.7,S
2021-07-12T13:22:41,5400.0,34.7,S
2021-07-12T13:22:20,200.0,34.75,B
2021-07-12T13:22:20,100.0,34.75,S
2021-07-12T13:22:16,10000.0,34.75,S
2021-07-12T13:22:07,10000.0,34.75,S
2021-07-12T13:22:05,100.0,34.8,B
2021-07-12T13:22:03,700.0,34.75,S
2021-07-12T13:22:03,800.0,34.75,S
2021-07-12T13:22:03,300.0,34.75,S
2021-07-12T13:21:52,300.0,34.8,S
2021-07-12T13:21:52,1700.0,34.8,S
2021-07-12T13:21:52,2000.0,34.8,S
2021-07-12T13:21:52,3000.0,34.8,S
2021-07-12T13:21:47,2000.0,34.8,S
2021-07-12T13:21:45,1700.0,34.8,S
2021-07-12T13:21:38,1600.0,34.8,S
2021-07-12T13:21:35,1000.0,34.8,S
2021-07-12T13:21:33,300.0,34.8,S
2021-07-12T13:21:32,2200.0,34.8,S
2021-07-12T13:21:29,3500.0,34.8,S
2021-07-12T13:21:23,1500.0,34.8,S
2021-07-12T13:21:19,10000.0,34.8,S
2021-07-12T13:21:17,3500.0,34.8,S
2021-07-12T13:21:17,2100.0,34.8,S
2021-07-12T13:21:09,2100.0,34.8,S
2021-07-12T13:21:06,3500.0,34.8,S
2021-07-12T13:21:02,1700.0,34.8,S
2021-07-12T13:21:00,5100.0,34.8,S
2021-07-12T13:21:00,1500.0,34.8,S
2021-07-12T13:20:59,700.0,34.8,S
2021-07-12T13:20:54,1600.0,34.85,S
2021-07-12T13:20:47,2100.0,34.85,S
2021-07-12T13:20:47,2100.0,34.85,B
2021-07-12T13:20:44,3500.0,34.8,S
2021-07-12T13:20:42,200.0,34.8,S
2021-07-12T13:20:41,2000.0,34.8,S
2021-07-12T13:20:39,900.0,34.8,S
2021-07-12T13:20:39,200.0,34.8,S
2021-07-12T13:20:30,1500.0,34.8,S
2021-07-12T13:20:23,300.0,34.8,S
2021-07-12T13:20:23,2000.0,34.8,S
2021-07-12T13:20:22,100.0,34.85,B
2021-07-12T13:20:14,1600.0,34.8,S
2021-07-12T13:20:14,200.0,34.8,S
2021-07-12T13:20:10,1000.0,34.8,S
2021-07-12T13:20:09,3500.0,34.8,S
2021-07-12T13:20:08,200.0,34.8,S
2021-07-12T13:20:06,1100.0,34.8,S
2021-07-12T13:20:06,2100.0,34.8,S
2021-07-12T13:20:04,800.0,34.8,S
2021-07-12T13:20:01,800.0,34.8,S
2021-07-12T13:19:59,3500.0,34.8,S
2021-07-12T13:19:57,800.0,34.8,S
2021-07-12T13:19:54,2200.0,34.8,S
2021-07-12T13:19:42,500.0,34.85,B
2021-07-12T13:19:40,200.0,34.8,S
2021-07-12T13:19:36,800.0,34.8,S
2021-07-12T13:19:29,800.0,34.8,S
2021-07-12T13:19:23,800.0,34.8,S
2021-07-12T13:19:16,2200.0,34.8,S
2021-07-12T13:18:52,400.0,34.8,S
2021-07-12T13:18:52,1600.0,34.8,S
2021-07-12T13:18:50,2000.0,34.9,B
2021-07-12T13:18:50,1000.0,34.9,B
2021-07-12T13:18:34,600.0,34.8,S
2021-07-12T13:18:34,2100.0,34.8,S
2021-07-12T13:18:34,200.0,34.8,S
2021-07-12T13:18:34,500.0,34.8,S
2021-07-12T13:18:34,300.0,34.8,S
2021-07-12T13:18:05,2000.0,34.8,S
2021-07-12T13:18:01,500.0,34.8,S
2021-07-12T13:18:01,3000.0,34.8,S
2021-07-12T13:17:53,900.0,34.8,S
2021-07-12T13:17:50,2500.0,34.8,S
2021-07-12T13:17:49,1000.0,34.8,S
2021-07-12T13:17:41,1500.0,34.8,S
2021-07-12T13:17:38,1000.0,34.8,S
2021-07-12T13:17:27,200.0,34.8,S
2021-07-12T13:17:27,100.0,34.8,S
2021-07-12T13:17:23,300.0,34.8,S
2021-07-12T13:17:22,1000.0,34.8,S
2021-07-12T13:17:21,300.0,34.8,S
2021-07-12T13:17:14,300.0,34.8,S
2021-07-12T13:17:13,500.0,34.8,S
2021-07-12T13:17:08,9100.0,34.8,S
2021-07-12T13:17:07,300.0,34.8,S
2021-07-12T13:17:01,300.0,34.8,S
2021-07-12T13:16:56,300.0,34.8,S
2021-07-12T13:16:55,1600.0,34.8,S
2021-07-12T13:16:51,100.0,34.8,S
2021-07-12T13:16:49,100.0,34.85,B
2021-07-12T13:16:46,500.0,34.8,S
2021-07-12T13:16:40,500.0,34.8,S
2021-07-12T13:16:22,5400.0,34.8,S
2021-07-12T13:16:22,200.0,34.8,S
2021-07-12T13:16:22,1100.0,34.8,S
2021-07-12T13:16:22,1500.0,34.8,S
2021-07-12T13:16:22,300.0,34.8,S
2021-07-12T13:16:22,1100.0,34.8,S
2021-07-12T13:16:22,5400.0,34.8,S
2021-07-12T13:16:06,500.0,34.8,S
2021-07-12T13:16:02,1700.0,34.8,S
2021-07-12T13:16:02,300.0,34.9,B
2021-07-12T13:16:02,2100.0,34.9,B
2021-07-12T13:16:02,7600.0,34.9,B
2021-07-12T13:15:59,1500.0,34.8,S
2021-07-12T13:15:57,300.0,34.8,S
2021-07-12T13:15:56,1200.0,34.8,S
2021-07-12T13:15:54,800.0,34.8,S
2021-07-12T13:15:51,100.0,34.8,S
2021-07-12T13:15:49,1700.0,34.8,S
2021-07-12T13:15:49,300.0,34.8,S
2021-07-12T13:15:48,200.0,34.8,S
2021-07-12T13:15:43,300.0,34.8,S
2021-07-12T13:15:38,2100.0,34.8,S
2021-07-12T13:15:24,500.0,34.85,S
2021-07-12T13:15:24,3800.0,34.85,S
2021-07-12T13:15:24,1000.0,34.85,S
2021-07-12T13:15:24,1000.0,34.85,S
2021-07-12T13:15:24,100.0,34.85,S
2021-07-12T13:15:16,300.0,34.9,B
2021-07-12T13:14:57,200.0,34.9,B
2021-07-12T13:14:47,300.0,34.9,B
2021-07-12T13:14:40,400.0,34.9,B
2021-07-12T13:14:38,200.0,34.9,B
2021-07-12T13:14:32,2000.0,34.9,B
2021-07-12T13:14:32,2800.0,34.9,B
2021-07-12T13:14:27,100.0,34.9,B
2021-07-12T13:13:52,700.0,34.9,B
2021-07-12T13:13:51,1000.0,34.9,B
2021-07-12T13:13:45,500.0,34.9,B
2021-07-12T13:13:43,10000.0,34.85,S
2021-07-12T13:13:41,400.0,34.9,B
2021-07-12T13:13:40,100.0,34.9,B
2021-07-12T13:13:37,100.0,34.9,B
2021-07-12T13:13:35,100.0,34.9,B
2021-07-12T13:13:19,200.0,34.9,B
2021-07-12T13:12:58,200.0,34.9,B
2021-07-12T13:12:52,600.0,34.9,S
2021-07-12T13:12:52,1000.0,34.9,S
2021-07-12T13:12:52,200.0,34.9,S
2021-07-12T13:12:52,800.0,34.9,S
2021-07-12T13:12:52,400.0,34.9,S
2021-07-12T13:12:52,8000.0,34.9,S
2021-07-12T13:12:45,600.0,34.9,S
2021-07-12T13:12:41,100.0,35.0,B
2021-07-12T13:12:38,2400.0,34.9,S
2021-07-12T13:12:37,10000.0,35.0,B
2021-07-12T13:12:21,500.0,35.0,B
2021-07-12T13:12:20,2000.0,35.0,B
2021-07-12T13:12:18,3000.0,34.95,S
2021-07-12T13:12:10,10000.0,35.0,B
2021-07-12T13:11:56,9100.0,35.0,B
2021-07-12T13:11:55,500.0,35.0,B
2021-07-12T13:11:54,200.0,35.0,B
2021-07-12T13:11:49,1600.0,35.0,B
2021-07-12T13:11:46,200.0,35.0,B
2021-07-12T13:11:39,1700.0,35.0,B
2021-07-12T13:11:38,4300.0,34.95,S
2021-07-12T13:11:38,600.0,34.95,S
2021-07-12T13:11:32,300.0,35.0,B
2021-07-12T13:11:28,3100.0,34.95,S
2021-07-12T13:11:28,100.0,35.0,B
2021-07-12T13:11:25,1000.0,35.0,B
2021-07-12T13:11:25,2000.0,35.0,B
2021-07-12T13:11:19,300.0,35.0,B
2021-07-12T13:11:17,100.0,35.0,B
2021-07-12T13:11:08,200.0,35.0,B
2021-07-12T13:10:53,500.0,35.0,B
2021-07-12T13:10:50,100.0,35.0,B
2021-07-12T13:10:42,2200.0,35.0,B
2021-07-12T13:10:20,1500.0,34.95,S
2021-07-12T13:10:06,100.0,35.0,B
2021-07-12T13:10:03,800.0,35.0,S
2021-07-12T13:10:03,2000.0,35.0,S
2021-07-12T13:10:03,2200.0,35.0,S
2021-07-12T13:10:03,1000.0,35.0,S
2021-07-12T13:10:03,1600.0,35.0,S
2021-07-12T13:10:01,700.0,35.0,S
2021-07-12T13:09:51,300.0,35.0,S
2021-07-12T13:09:50,500.0,35.0,S
2021-07-12T13:09:37,1800.0,35.0,S
2021-07-12T13:09:37,2000.0,35.0,S
2021-07-12T13:09:32,2000.0,35.0,S
2021-07-12T13:09:30,100.0,35.0,S
2021-07-12T13:09:27,200.0,35.0,S
2021-07-12T13:09:20,300.0,35.0,S
2021-07-12T13:09:18,2500.0,35.0,S
2021-07-12T13:09:18,100.0,35.0,S
2021-07-12T13:09:14,300.0,35.0,S
2021-07-12T13:09:11,500.0,35.0,S
2021-07-12T13:09:09,300.0,35.0,S
2021-07-12T13:09:07,5000.0,35.0,S
2021-07-12T13:09:02,300.0,35.0,S
2021-07-12T13:08:59,5000.0,35.0,S
2021-07-12T13:08:59,100.0,35.0,S
2021-07-12T13:08:58,100.0,35.0,S
2021-07-12T13:08:57,300.0,35.0,S
2021-07-12T13:08:55,3000.0,35.0,S
2021-07-12T13:08:54,100.0,35.0,S
2021-07-12T13:08:52,300.0,35.0,S
2021-07-12T13:08:47,300.0,35.0,S
2021-07-12T13:08:42,300.0,35.0,S
2021-07-12T13:08:33,500.0,35.05,S
2021-07-12T13:08:32,1000.0,35.05,S
2021-07-12T13:08:27,700.0,35.05,S
2021-07-12T13:08:26,400.0,35.1,B
2021-07-12T13:08:22,500.0,35.05,S
2021-07-12T13:08:16,300.0,35.05,S
2021-07-12T13:08:11,300.0,35.05,S
2021-07-12T13:08:07,100.0,35.1,S
2021-07-12T13:08:04,300.0,35.1,S
2021-07-12T13:07:59,300.0,35.1,S
2021-07-12T13:07:54,300.0,35.1,S
2021-07-12T13:07:53,100.0,35.1,S
2021-07-12T13:07:52,100.0,35.1,S
2021-07-12T13:07:48,300.0,35.1,S
2021-07-12T13:07:44,100.0,35.1,S
2021-07-12T13:07:44,200.0,35.1,S
2021-07-12T13:07:43,200.0,35.2,B
2021-07-12T13:07:41,500.0,35.2,B
2021-07-12T13:07:27,600.0,35.2,B
2021-07-12T13:07:24,200.0,35.1,S
2021-07-12T13:07:18,300.0,35.1,S
2021-07-12T13:07:18,1000.0,35.1,S
2021-07-12T13:07:17,1500.0,35.1,S
2021-07-12T13:07:12,300.0,35.1,S
2021-07-12T13:07:12,8700.0,35.2,B
2021-07-12T13:07:12,1300.0,35.2,B
2021-07-12T13:07:08,100.0,35.1,S
2021-07-12T13:07:07,300.0,35.1,S
2021-07-12T13:07:01,300.0,35.1,S
2021-07-12T13:06:58,5400.0,35.1,S
2021-07-12T13:06:56,300.0,35.1,S
2021-07-12T13:06:51,300.0,35.1,S
2021-07-12T13:06:47,500.0,35.15,B
2021-07-12T13:06:46,300.0,35.1,S
2021-07-12T13:06:45,100.0,35.1,S
2021-07-12T13:06:40,300.0,35.1,S
2021-07-12T13:06:32,300.0,35.1,S
2021-07-12T13:06:29,700.0,35.1,S
2021-07-12T13:06:29,300.0,35.1,S
2021-07-12T13:06:17,300.0,35.1,S
2021-07-12T13:06:12,500.0,35.1,S
2021-07-12T13:06:08,1000.0,35.2,B
2021-07-12T13:06:08,500.0,35.15,S
2021-07-12T13:06:04,200.0,35.1,S
2021-07-12T13:06:04,300.0,35.1,S
2021-07-12T13:06:03,1700.0,35.1,S
2021-07-12T13:05:59,500.0,35.1,S
2021-07-12T13:05:54,1800.0,35.2,B
2021-07-12T13:05:52,300.0,35.1,S
2021-07-12T13:05:46,100.0,35.2,B
2021-07-12T13:05:42,400.0,35.2,B
2021-07-12T13:05:39,1000.0,35.2,B
2021-07-12T13:05:28,4000.0,35.2,B
2021-07-12T13:05:17,100.0,35.1,S
2021-07-12T13:05:15,100.0,35.1,S
2021-07-12T13:05:15,2500.0,35.1,S
2021-07-12T13:04:45,1000.0,35.1,B
2021-07-12T13:04:45,1000.0,35.1,B
2021-07-12T13:04:26,4500.0,35.1,B
2021-07-12T13:04:23,600.0,35.0,B
2021-07-12T13:04:16,500.0,35.0,B
2021-07-12T13:04:15,5800.0,35.0,B
2021-07-12T13:04:09,1000.0,35.0,B
2021-07-12T13:04:09,400.0,35.0,S
2021-07-12T13:04:09,100.0,35.0,S
2021-07-12T13:04:08,300.0,35.0,S
2021-07-12T13:04:08,6100.0,35.0,S
2021-07-12T13:04:08,3700.0,35.0,S
2021-07-12T13:03:52,100.0,35.2,B
2021-07-12T13:03:49,200.0,35.2,B
2021-07-12T13:03:45,1400.0,35.2,B
2021-07-12T13:03:40,2600.0,35.2,B
2021-07-12T13:03:28,100.0,35.2,B
2021-07-12T13:03:10,1900.0,35.2,B
2021-07-12T13:03:06,500.0,35.2,B
2021-07-12T13:02:53,2000.0,35.2,B
2021-07-12T13:02:37,1500.0,35.15,B
2021-07-12T13:02:27,100.0,35.1,B
2021-07-12T13:02:27,1200.0,35.1,B
2021-07-12T13:02:27,400.0,35.1,B
2021-07-12T13:02:26,2000.0,35.0,B
2021-07-12T13:02:25,100.0,35.0,B
2021-07-12T13:02:24,1400.0,35.0,B
2021-07-12T13:02:23,100.0,35.0,B
2021-07-12T13:02:13,1800.0,35.0,B
2021-07-12T13:02:11,3000.0,34.95,S
2021-07-12T13:02:05,11800.0,35.0,B
2021-07-12T13:02:03,500.0,35.0,B
2021-07-12T13:02:03,100.0,35.0,B
2021-07-12T13:02:00,1200.0,35.0,B
2021-07-12T13:02:00,800.0,35.0,B
2021-07-12T13:01:55,100.0,35.0,B
2021-07-12T13:01:55,200.0,35.0,B
2021-07-12T13:01:48,1000.0,35.0,B
2021-07-12T13:01:44,1600.0,35.0,B
2021-07-12T13:01:42,500.0,35.0,B
2021-07-12T13:01:30,1500.0,35.0,B
2021-07-12T13:01:25,1000.0,35.0,B
2021-07-12T13:01:25,200.0,35.0,B
2021-07-12T13:01:17,100.0,35.0,B
2021-07-12T13:01:15,100.0,35.0,B
2021-07-12T13:01:15,1800.0,35.0,B
2021-07-12T13:01:15,5500.0,35.0,B
2021-07-12T13:01:14,2700.0,35.0,B
2021-07-12T13:01:14,2200.0,35.0,B
2021-07-12T13:01:09,10000.0,35.0,B
2021-07-12T13:01:05,1000.0,34.95,B
2021-07-12T13:01:05,100.0,34.9,S
2021-07-12T13:01:03,400.0,34.95,S
2021-07-12T13:00:59,2100.0,35.0,B
2021-07-12T13:00:57,10000.0,34.9,S
2021-07-12T13:00:48,1600.0,35.0,B
2021-07-12T13:00:47,300.0,35.0,B
2021-07-12T13:00:40,1700.0,34.95,B
2021-07-12T13:00:23,400.0,34.95,B
2021-07-12T13:00:19,200.0,34.95,B
2021-07-12T13:00:19,200.0,34.95,B
2021-07-12T13:00:16,1000.0,34.95,B
2021-07-12T13:00:16,7200.0,34.95,S
2021-07-12T13:00:14,200.0,35.0,B
2021-07-12T13:00:13,100.0,34.95,S
2021-07-12T13:00:12,1000.0,34.95,S
2021-07-12T13:00:12,100.0,34.95,S
2021-07-12T13:00:12,800.0,34.95,B
2021-07-12T13:00:12,100.0,34.95,B
2021-07-12T13:00:12,200.0,34.95,B
2021-07-12T13:00:12,100.0,34.95,B
2021-07-12T13:00:12,300.0,34.9,S
2021-07-12T13:00:12,5000.0,34.95,B
2021-07-12T13:00:12,100.0,34.95,B
2021-07-12T13:00:10,500.0,34.95,B
2021-07-12T13:00:10,400.0,34.95,B
2021-07-12T13:00:10,100.0,34.95,B
2021-07-12T13:00:10,100.0,34.95,B
2021-07-12T13:00:10,200.0,34.9,S
2021-07-12T13:00:10,100.0,34.95,B
2021-07-12T13:00:06,100.0,34.9,S
2021-07-12T13:00:06,1000.0,34.9,S
2021-07-12T13:00:06,1500.0,34.9,S
2021-07-12T13:00:06,100.0,35.0,B
2021-07-12T13:00:06,100.0,34.95,B
2021-07-12T13:00:03,500.0,35.0,B
2021-07-12T13:00:03,200.0,34.95,S
2021-07-12T13:00:03,500.0,34.9,S
2021-07-12T13:00:03,100.0,34.95,S
2021-07-12T13:00:03,900.0,34.95,S
2021-07-12T13:00:03,200.0,34.9,S
2021-07-12T13:00:03,1500.0,34.95,S
2021-07-12T13:00:03,200.0,34.95,S
2021-07-12T13:00:03,1800.0,34.9,S
2021-07-12T13:00:00,5000.0,34.95,B
2021-07-12T11:29:39,1600.0,34.95,B
2021-07-12T11:29:28,5000.0,34.9,B
2021-07-12T11:29:18,100.0,34.9,B
2021-07-12T11:29:14,100.0,34.9,B
2021-07-12T11:28:49,100.0,34.9,B
2021-07-12T11:28:49,1000.0,34.8,S
2021-07-12T11:28:47,200.0,34.9,B
2021-07-12T11:28:42,200.0,34.9,B
2021-07-12T11:28:41,100.0,34.8,S
2021-07-12T11:28:39,1600.0,34.9,B
2021-07-12T11:28:30,3700.0,34.8,S
2021-07-12T11:28:24,700.0,34.9,B
2021-07-12T11:28:23,1800.0,34.9,B
2021-07-12T11:28:23,20000.0,34.8,S
2021-07-12T11:28:13,100.0,34.9,B
2021-07-12T11:28:13,300.0,34.9,B
2021-07-12T11:28:09,2600.0,34.9,B
2021-07-12T11:28:01,5000.0,34.9,B
2021-07-12T11:28:00,200.0,34.8,S
2021-07-12T11:27:45,1900.0,34.9,B
2021-07-12T11:26:53,200.0,34.9,S
2021-07-12T11:26:48,100.0,34.9,B
2021-07-12T11:26:41,1000.0,34.9,B
2021-07-12T11:26:38,100.0,34.9,B
2021-07-12T11:26:36,1400.0,34.9,S
2021-07-12T11:26:23,200.0,34.9,S
2021-07-12T11:26:19,100.0,34.8,S
2021-07-12T11:26:12,1100.0,34.8,S
2021-07-12T11:26:12,100.0,34.8,S
2021-07-12T11:26:00,100.0,34.9,B
2021-07-12T11:25:56,100.0,34.7,S
2021-07-12T11:25:42,1000.0,34.7,S
2021-07-12T11:25:22,1000.0,34.7,S
2021-07-12T11:24:38,100.0,35.0,B
2021-07-12T11:24:37,2000.0,34.7,S
2021-07-12T11:24:35,100.0,34.8,S
2021-07-12T11:24:24,300.0,34.8,S
2021-07-12T11:24:24,1800.0,34.8,S
2021-07-12T11:24:20,100.0,34.8,S
2021-07-12T11:24:05,2000.0,34.8,S
2021-07-12T11:23:57,1100.0,34.8,S
2021-07-12T11:23:57,700.0,34.8,S
2021-07-12T11:23:54,600.0,35.0,S
2021-07-12T11:23:53,100.0,35.0,S
2021-07-12T11:23:48,200.0,35.0,S
2021-07-12T11:23:43,3000.0,35.0,S
2021-07-12T11:23:38,500.0,35.0,S
2021-07-12T11:23:31,10000.0,35.0,S
2021-07-12T11:23:26,5000.0,35.0,S
2021-07-12T11:23:17,100.0,35.0,S
2021-07-12T11:23:12,1100.0,35.0,B
2021-07-12T11:23:12,1500.0,35.0,B
2021-07-12T11:23:12,15700.0,35.0,B
2021-07-12T11:23:12,600.0,34.9,B
2021-07-12T11:23:12,3200.0,34.9,B
2021-07-12T11:23:12,8400.0,34.8,B
2021-07-12T11:23:11,1600.0,34.8,S
2021-07-12T11:22:56,1500.0,34.8,S
2021-07-12T11:22:55,100.0,34.9,B
2021-07-12T11:22:52,200.0,34.9,B
2021-07-12T11:22:51,2500.0,34.9,B
2021-07-12T11:22:47,6900.0,34.8,B
2021-07-12T11:22:46,500.0,34.8,B
2021-07-12T11:22:46,100.0,34.8,S
2021-07-12T11:22:46,500.0,34.8,S
2021-07-12T11:22:40,100.0,34.9,B
2021-07-12T11:22:39,2000.0,34.8,S
2021-07-12T11:22:36,200.0,34.8,S
2021-07-12T11:22:33,2300.0,34.8,S
2021-07-12T11:22:33,300.0,34.8,S
2021-07-12T11:22:30,2200.0,34.8,S
2021-07-12T11:22:22,1500.0,34.8,S
2021-07-12T11:22:06,3000.0,34.9,B
2021-07-12T11:22:05,100.0,34.9,B
2021-07-12T11:21:39,500.0,34.9,B
2021-07-12T11:21:13,1000.0,34.8,S
2021-07-12T11:21:09,1000.0,34.9,B
2021-07-12T11:21:07,500.0,34.8,S
2021-07-12T11:21:06,200.0,34.8,S
2021-07-12T11:20:39,300.0,34.8,B
2021-07-12T11:20:26,200.0,34.8,B
2021-07-12T11:20:24,5500.0,34.8,B
2021-07-12T11:20:24,200.0,34.9,B
2021-07-12T11:20:23,800.0,34.9,B
2021-07-12T11:20:10,5000.0,34.9,B
2021-07-12T11:20:04,400.0,34.8,S
2021-07-12T11:19:57,1000.0,34.9,B
2021-07-12T11:19:54,5200.0,34.8,S
2021-07-12T11:19:54,500.0,34.8,S
2021-07-12T11:19:54,600.0,34.8,S
2021-07-12T11:19:54,7300.0,34.8,S
2021-07-12T11:19:51,100.0,34.9,B
2021-07-12T11:19:40,2000.0,34.9,B
2021-07-12T11:19:37,400.0,34.9,B
2021-07-12T11:19:31,100.0,34.9,B
2021-07-12T11:19:20,100.0,34.9,B
2021-07-12T11:19:19,300.0,34.8,S
2021-07-12T11:19:13,200.0,34.9,B
2021-07-12T11:19:08,100.0,34.9,B
2021-07-12T11:19:05,1100.0,34.9,B
2021-07-12T11:19:01,300.0,34.9,S
2021-07-12T11:18:45,500.0,34.9,B
2021-07-12T11:18:45,500.0,34.9,B
2021-07-12T11:18:44,1000.0,34.9,B
2021-07-12T11:18:42,100.0,34.8,S
2021-07-12T11:18:42,200.0,34.9,B
2021-07-12T11:18:42,300.0,34.9,B
2021-07-12T11:18:34,3000.0,34.8,S
2021-07-12T11:18:27,100.0,34.9,B
2021-07-12T11:18:22,1200.0,34.8,S
2021-07-12T11:18:16,500.0,34.9,B
2021-07-12T11:18:12,1700.0,34.8,S
2021-07-12T11:18:07,300.0,34.9,B
2021-07-12T11:18:02,2200.0,34.8,S
2021-07-12T11:17:56,400.0,34.85,B
2021-07-12T11:17:44,6200.0,34.8,S
2021-07-12T11:17:42,100.0,34.7,S
2021-07-12T11:17:37,5000.0,34.8,B
2021-07-12T11:17:35,100.0,34.8,B
2021-07-12T11:17:29,900.0,34.7,S
2021-07-12T11:17:23,2000.0,34.7,S
2021-07-12T11:17:23,400.0,34.8,B
2021-07-12T11:17:23,200.0,34.8,B
2021-07-12T11:17:17,100.0,34.8,B
2021-07-12T11:17:15,100.0,34.8,B
2021-07-12T11:17:12,1600.0,34.8,B
2021-07-12T11:17:10,300.0,34.8,B
2021-07-12T11:17:06,200.0,34.8,B
2021-07-12T11:17:05,1000.0,34.8,B
2021-07-12T11:17:02,100.0,34.8,B
2021-07-12T11:17:00,2000.0,34.8,B
2021-07-12T11:16:57,100.0,34.8,B
2021-07-12T11:16:57,15000.0,34.8,B
2021-07-12T11:16:53,1400.0,34.8,B
2021-07-12T11:16:48,100.0,34.8,B
2021-07-12T11:16:36,2000.0,34.8,B
2021-07-12T11:16:32,3500.0,34.8,B
2021-07-12T11:16:30,100.0,34.8,B
2021-07-12T11:16:23,100.0,34.8,B
2021-07-12T11:16:21,700.0,34.8,B
2021-07-12T11:16:19,1000.0,34.8,B
2021-07-12T11:16:11,500.0,34.8,B
2021-07-12T11:16:10,500.0,34.7,S
2021-07-12T11:16:08,1000.0,34.8,B
2021-07-12T11:16:04,200.0,34.75,S
2021-07-12T11:15:57,2000.0,34.8,B
2021-07-12T11:15:55,4500.0,34.8,B
2021-07-12T11:15:54,100.0,34.75,S
2021-07-12T11:15:50,100.0,34.8,B
2021-07-12T11:15:46,200.0,34.8,B
2021-07-12T11:15:44,2100.0,34.8,B
2021-07-12T11:15:27,1000.0,34.8,B
2021-07-12T11:15:26,1400.0,34.7,S
2021-07-12T11:15:26,100.0,34.7,S
2021-07-12T11:15:26,1500.0,34.7,S
2021-07-12T11:15:24,2200.0,34.8,B
2021-07-12T11:15:13,200.0,34.8,B
2021-07-12T11:15:11,100.0,34.8,B
2021-07-12T11:15:11,200.0,34.8,B
2021-07-12T11:15:09,100.0,34.8,B
2021-07-12T11:15:08,2000.0,34.8,B
2021-07-12T11:15:07,1500.0,34.8,B
2021-07-12T11:14:47,100.0,34.8,B
2021-07-12T11:14:47,200.0,34.8,B
2021-07-12T11:14:43,500.0,34.8,B
2021-07-12T11:14:39,200.0,34.8,B
2021-07-12T11:14:36,4000.0,34.8,B
2021-07-12T11:14:30,500.0,34.8,B
2021-07-12T11:14:30,200.0,34.8,B
2021-07-12T11:14:28,1000.0,34.8,B
2021-07-12T11:14:22,500.0,34.7,S
2021-07-12T11:14:21,1000.0,34.8,B
2021-07-12T11:14:19,500.0,34.8,B
2021-07-12T11:14:15,100.0,34.8,B
2021-07-12T11:14:13,100.0,34.8,B
2021-07-12T11:14:07,500.0,34.8,B
2021-07-12T11:14:04,300.0,34.7,B
2021-07-12T11:14:04,500.0,34.7,B
2021-07-12T11:13:59,5000.0,34.6,S
2021-07-12T11:13:58,200.0,34.7,B
2021-07-12T11:13:49,900.0,34.6,B
2021-07-12T11:13:37,100.0,34.6,B
2021-07-12T11:13:31,600.0,34.8,B
2021-07-12T11:13:21,200.0,34.8,B
2021-07-12T11:13:13,100.0,34.8,B
2021-07-12T11:13:08,1700.0,34.8,B
2021-07-12T11:13:06,2500.0,34.5,S
2021-07-12T11:12:52,100.0,34.5,S
2021-07-12T11:12:50,300.0,34.5,S
2021-07-12T11:12:46,1000.0,34.7,B
2021-07-12T11:12:45,100.0,34.5,B
2021-07-12T11:12:43,1000.0,34.45,B
2021-07-12T11:12:42,300.0,34.45,B
2021-07-12T11:12:42,1000.0,34.45,B
2021-07-12T11:12:41,400.0,34.45,B
2021-07-12T11:12:40,1000.0,34.45,B
2021-07-12T11:12:40,1500.0,34.45,B
2021-07-12T11:12:38,1000.0,34.45,B
2021-07-12T11:12:38,100.0,34.45,B
2021-07-12T11:12:38,100.0,34.45,B
2021-07-12T11:12:37,1000.0,34.45,B
2021-07-12T11:12:37,100.0,34.45,B
2021-07-12T11:12:37,1000.0,34.45,B
2021-07-12T11:12:36,100.0,34.45,B
2021-07-12T11:12:35,100.0,34.45,B
2021-07-12T11:12:35,5000.0,34.45,B
2021-07-12T11:12:35,1000.0,34.45,B
2021-07-12T11:12:35,500.0,34.45,B
2021-07-12T11:12:35,1300.0,34.45,B
2021-07-12T11:12:34,200.0,34.45,B
2021-07-12T11:12:32,500.0,34.45,B
2021-07-12T11:12:30,200.0,34.45,B
2021-07-12T11:12:29,2000.0,34.45,B
2021-07-12T11:12:29,500.0,34.45,B
2021-07-12T11:12:29,100.0,34.45,B
2021-07-12T11:12:29,1000.0,34.45,B
2021-07-12T11:12:28,100.0,34.45,B
2021-07-12T11:12:28,200.0,34.45,B
2021-07-12T11:12:27,7800.0,34.45,B
2021-07-12T11:12:27,200.0,34.45,B
2021-07-12T11:12:27,1500.0,34.45,B
2021-07-12T11:12:27,100.0,34.45,B
2021-07-12T11:12:27,200.0,34.45,B
2021-07-12T11:12:27,300.0,34.45,B
2021-07-12T11:12:27,400.0,34.45,B
2021-07-12T11:12:25,300.0,34.45,B
2021-07-12T11:12:24,100.0,34.45,B
2021-07-12T11:12:23,10000.0,34.45,B
2021-07-12T11:12:23,2600.0,34.45,B
2021-07-12T11:12:22,100.0,34.45,B
2021-07-12T11:12:22,1100.0,34.45,B
2021-07-12T11:12:22,4900.0,34.45,B
2021-07-12T11:12:21,200.0,34.45,B
2021-07-12T11:12:19,100.0,34.45,B
2021-07-12T11:12:18,100.0,34.45,B
2021-07-12T11:12:18,200.0,34.45,B
2021-07-12T11:12:18,4000.0,34.45,B
2021-07-12T11:12:16,200.0,34.45,B
2021-07-12T11:12:16,1000.0,34.45,B
2021-07-12T11:12:15,100.0,34.45,B
2021-07-12T11:12:14,2000.0,34.45,B
2021-07-12T11:12:14,200.0,34.45,B
2021-07-12T11:12:14,100.0,34.45,B
2021-07-12T11:12:13,5000.0,34.45,B
2021-07-12T11:12:13,1000.0,34.45,B
2021-07-12T11:12:13,1000.0,34.45,B
2021-07-12T11:12:12,100.0,34.45,B
2021-07-12T11:12:11,500.0,34.45,B
2021-07-12T11:12:11,2000.0,34.45,B
2021-07-12T11:12:11,400.0,34.45,B
2021-07-12T11:12:10,200.0,34.45,B
2021-07-12T11:12:10,100.0,34.45,B
2021-07-12T11:12:08,2400.0,34.45,B
2021-07-12T11:12:08,100.0,34.45,B
2021-07-12T11:12:07,100.0,34.45,B
2021-07-12T11:12:05,100.0,34.45,B
2021-07-12T11:12:05,500.0,34.45,B
2021-07-12T11:12:03,5000.0,34.45,B
2021-07-12T11:12:03,1000.0,34.45,B
2021-07-12T11:12:03,200.0,34.45,B
2021-07-12T11:12:02,1500.0,34.45,B
2021-07-12T11:11:56,200.0,34.45,B
2021-07-12T11:11:56,100.0,34.45,B
2021-07-12T11:11:55,100.0,34.45,B
2021-07-12T11:11:54,100.0,34.45,B
2021-07-12T11:11:54,200.0,34.45,B
2021-07-12T11:11:50,100.0,34.45,B
2021-07-12T11:11:50,100.0,34.45,B
2021-07-12T11:11:50,100.0,34.45,B
2021-07-12T11:11:49,500.0,34.45,B
2021-07-12T11:11:49,100.0,34.45,B
2021-07-12T11:11:48,10000.0,34.45,B
2021-07-12T11:11:46,300.0,34.45,B
2021-07-12T11:11:45,100.0,34.45,B
2021-07-12T11:11:44,100.0,34.45,B
2021-07-12T11:11:43,500.0,34.45,B
2021-07-12T11:11:43,700.0,34.45,B
2021-07-12T11:11:39,30000.0,34.45,B
2021-07-12T11:11:39,500.0,34.45,B
2021-07-12T11:11:31,1600.0,34.45,B
2021-07-12T11:11:30,100.0,34.45,B
2021-07-12T11:11:30,100.0,34.45,B
2021-07-12T11:11:29,100.0,34.45,B
2021-07-12T11:11:29,3000.0,34.45,B
2021-07-12T11:11:28,2000.0,34.45,B
2021-07-12T11:11:24,200.0,34.45,B
2021-07-12T11:11:22,1000.0,34.45,B
2021-07-12T11:11:22,5000.0,34.45,B
2021-07-12T11:11:22,200.0,34.45,B
2021-07-12T11:11:21,100.0,34.45,B
2021-07-12T11:11:20,100.0,34.45,B
2021-07-12T11:11:20,100.0,34.45,B
2021-07-12T11:11:20,1000.0,34.45,B
2021-07-12T11:11:19,100.0,34.45,B
2021-07-12T11:11:16,100.0,34.45,B
2021-07-12T11:11:16,500.0,34.45,B
2021-07-12T11:11:12,300.0,34.45,B
2021-07-12T11:11:11,300.0,34.45,B
2021-07-12T11:11:11,100.0,34.45,B
2021-07-12T11:11:07,300.0,34.45,B
2021-07-12T11:11:07,1300.0,34.45,B
2021-07-12T11:11:03,4500.0,34.45,B
2021-07-12T11:11:02,500.0,34.45,B
2021-07-12T11:10:59,1000.0,34.45,B
2021-07-12T11:10:59,100.0,34.45,B
2021-07-12T11:10:56,4500.0,34.45,B
2021-07-12T11:10:54,200.0,34.45,B
2021-07-12T11:10:54,1000.0,34.45,B
2021-07-12T11:10:53,100.0,34.45,B
2021-07-12T11:10:53,100.0,34.45,B
2021-07-12T11:10:51,1000.0,34.45,B
2021-07-12T11:10:50,2000.0,34.45,B
2021-07-12T11:10:50,100.0,34.45,B
2021-07-12T11:10:49,2000.0,34.45,B
2021-07-12T11:10:49,100.0,34.45,B
2021-07-12T11:10:48,100.0,34.45,B
2021-07-12T11:10:46,100.0,34.45,B
2021-07-12T11:10:45,1000.0,34.45,B
2021-07-12T11:10:45,1000.0,34.45,B
2021-07-12T11:10:44,100.0,34.45,B
2021-07-12T11:10:44,10000.0,34.45,B
2021-07-12T11:10:44,100.0,34.45,B
2021-07-12T11:10:39,1800.0,34.45,B
2021-07-12T11:10:38,100.0,34.45,B
2021-07-12T11:10:36,5000.0,34.45,B
2021-07-12T11:10:34,300.0,34.45,B
2021-07-12T11:10:34,5000.0,34.45,B
2021-07-12T11:10:34,500.0,34.45,B
2021-07-12T11:10:34,100.0,34.45,B
2021-07-12T11:10:33,5000.0,34.45,B
2021-07-12T11:10:32,100.0,34.45,B
2021-07-12T11:10:31,3000.0,34.45,B
2021-07-12T11:10:30,1000.0,34.45,B
2021-07-12T11:10:30,800.0,34.45,B
2021-07-12T11:10:29,800.0,34.45,B
2021-07-12T11:10:28,5000.0,34.45,B
2021-07-12T11:10:26,3900.0,34.45,B
2021-07-12T11:10:26,100.0,34.45,B
2021-07-12T11:10:25,100.0,34.45,B
2021-07-12T11:10:25,2000.0,34.45,B
2021-07-12T11:10:23,1000.0,34.45,B
2021-07-12T11:10:22,500.0,34.45,B
2021-07-12T11:10:22,100.0,34.45,B
2021-07-12T11:10:20,100.0,34.45,B
2021-07-12T11:10:18,100.0,34.45,B
2021-07-12T11:10:17,500.0,34.45,B
2021-07-12T11:10:16,1000.0,34.45,B
2021-07-12T11:10:16,100.0,34.45,B
2021-07-12T11:10:16,200.0,34.45,B
2021-07-12T11:10:16,100.0,34.45,B
2021-07-12T11:10:14,300.0,34.45,B
2021-07-12T11:10:11,800.0,34.45,B
2021-07-12T11:10:07,1500.0,34.45,B
2021-07-12T11:10:04,300.0,34.45,B
2021-07-12T11:10:03,100.0,34.45,B
2021-07-12T11:09:57,5000.0,34.45,B
2021-07-12T11:09:57,2800.0,34.45,B
2021-07-12T11:09:57,500.0,34.45,B
2021-07-12T11:09:55,500.0,34.45,B
2021-07-12T11:09:54,100.0,34.45,B
2021-07-12T11:09:51,5000.0,34.45,B
2021-07-12T11:09:49,100.0,34.45,B
2021-07-12T11:09:49,100.0,34.45,B
2021-07-12T11:09:48,5000.0,34.45,B
2021-07-12T11:09:48,300.0,34.45,B
2021-07-12T11:09:46,500.0,34.45,B
2021-07-12T11:09:46,3000.0,34.45,B
2021-07-12T11:09:42,100.0,34.45,B
2021-07-12T11:09:41,100.0,34.45,B
2021-07-12T11:09:40,100.0,34.45,B
2021-07-12T11:09:38,100.0,34.45,B
2021-07-12T11:09:38,100.0,34.45,B
2021-07-12T11:09:33,1100.0,34.45,B
2021-07-12T11:09:33,2000.0,34.45,B
2021-07-12T11:09:33,1000.0,34.45,B
2021-07-12T11:09:31,1800.0,34.45,B
2021-07-12T11:09:30,1000.0,34.45,B
2021-07-12T11:09:29,200.0,34.45,B
2021-07-12T11:09:28,2200.0,34.45,B
2021-07-12T11:09:28,10800.0,34.45,B
2021-07-12T11:09:28,800.0,34.45,B
2021-07-12T11:09:25,200.0,34.45,B
2021-07-12T11:09:24,300.0,34.45,B
2021-07-12T11:09:23,400.0,34.45,B
2021-07-12T11:09:22,100.0,34.45,B
2021-07-12T11:09:21,100.0,34.45,B
2021-07-12T11:09:21,100.0,34.45,B
2021-07-12T11:09:18,2000.0,34.45,B
2021-07-12T11:09:16,900.0,34.45,B
2021-07-12T11:09:14,800.0,34.45,B
2021-07-12T11:09:13,500.0,34.45,B
2021-07-12T11:09:12,100.0,34.45,B
2021-07-12T11:09:11,300.0,34.45,B
2021-07-12T11:09:11,300.0,34.45,B
2021-07-12T11:09:10,8600.0,34.45,B
2021-07-12T11:09:09,100.0,34.45,B
2021-07-12T11:09:09,300.0,34.45,B
2021-07-12T11:09:05,200.0,34.45,B
2021-07-12T11:09:04,300.0,34.45,B
2021-07-12T11:09:03,100.0,34.45,B
2021-07-12T11:09:03,100.0,34.45,B
2021-07-12T11:09:01,200.0,34.45,B
2021-07-12T11:08:59,100.0,34.45,B
2021-07-12T11:08:59,500.0,34.45,B
2021-07-12T11:08:56,500.0,34.45,B
2021-07-12T11:08:54,500.0,34.45,B
2021-07-12T11:08:54,1800.0,34.45,B
2021-07-12T11:08:54,200.0,34.45,B
2021-07-12T11:08:54,100.0,34.45,B
2021-07-12T11:08:53,500.0,34.45,B
2021-07-12T11:08:52,500.0,34.45,B
2021-07-12T11:08:52,700.0,34.45,B
2021-07-12T11:08:51,10000.0,34.45,B
2021-07-12T11:08:50,700.0,34.45,B
2021-07-12T11:08:47,1000.0,34.45,B
2021-07-12T11:08:47,300.0,34.45,B
2021-07-12T11:08:43,100.0,34.45,B
2021-07-12T11:08:43,100.0,34.45,B
2021-07-12T11:08:41,100.0,34.45,B
2021-07-12T11:08:41,300.0,34.45,B
2021-07-12T11:08:40,100.0,34.45,B
2021-07-12T11:08:40,100.0,34.45,B
2021-07-12T11:08:39,100.0,34.45,B
2021-07-12T11:08:37,500.0,34.45,B
2021-07-12T11:08:36,500.0,34.45,B
2021-07-12T11:08:34,100.0,34.45,B
2021-07-12T11:08:33,500.0,34.45,B
2021-07-12T11:08:29,300.0,34.45,B
2021-07-12T11:08:29,200.0,34.45,B
2021-07-12T11:08:28,1000.0,34.45,B
2021-07-12T11:08:28,200.0,34.45,B
2021-07-12T11:08:27,200.0,34.45,B
2021-07-12T11:08:27,500.0,34.45,B
2021-07-12T11:08:25,100.0,34.45,B
2021-07-12T11:08:23,100.0,34.45,B
2021-07-12T11:08:22,300.0,34.45,B
2021-07-12T11:08:20,100.0,34.45,B
2021-07-12T11:08:20,1000.0,34.45,B
2021-07-12T11:08:19,1000.0,34.45,B
2021-07-12T11:08:18,500.0,34.45,B
2021-07-12T11:08:17,1000.0,34.45,B
2021-07-12T11:08:17,500.0,34.45,B
2021-07-12T11:08:16,100.0,34.45,B
2021-07-12T11:08:16,100.0,34.45,B
2021-07-12T11:08:14,1000.0,34.45,B
2021-07-12T11:08:13,300.0,34.45,B
2021-07-12T11:08:11,500.0,34.45,B
2021-07-12T11:08:10,1000.0,34.45,S
2021-07-12T11:08:10,2000.0,34.45,S
2021-07-12T11:08:10,1500.0,34.45,S
2021-07-12T11:08:08,8500.0,34.45,B
2021-07-12T11:08:08,200.0,34.45,B
2021-07-12T11:08:08,100.0,34.45,B
2021-07-12T11:08:07,1000.0,34.45,B
2021-07-12T11:08:06,2000.0,34.45,B
2021-07-12T11:08:05,100.0,34.45,B
2021-07-12T11:08:05,100.0,34.45,B
2021-07-12T11:08:04,100.0,34.45,B
2021-07-12T11:08:03,100.0,34.45,B
2021-07-12T11:08:02,500.0,34.45,B
2021-07-12T11:08:02,12000.0,34.45,B
2021-07-12T11:08:01,300.0,34.45,B
2021-07-12T11:08:00,500.0,34.45,B
2021-07-12T11:08:00,200.0,34.45,B
2021-07-12T11:07:59,200.0,34.45,B
2021-07-12T11:07:59,1000.0,34.45,B
2021-07-12T11:07:56,200.0,34.45,B
2021-07-12T11:07:55,10000.0,34.45,B
2021-07-12T11:07:54,400.0,34.45,B
2021-07-12T11:07:53,500.0,34.45,B
2021-07-12T11:07:52,100.0,34.45,B
2021-07-12T11:07:51,500.0,34.45,B
2021-07-12T11:07:51,6000.0,34.45,B
2021-07-12T11:07:49,3000.0,34.45,B
2021-07-12T11:07:49,100.0,34.45,B
2021-07-12T11:07:49,200.0,34.45,B
2021-07-12T11:07:48,200.0,34.45,B
2021-07-12T11:07:48,100.0,34.45,B
2021-07-12T11:07:47,700.0,34.45,B
2021-07-12T11:07:47,200.0,34.45,B
2021-07-12T11:07:47,1300.0,34.45,B
2021-07-12T11:07:47,200.0,34.45,B
2021-07-12T11:07:46,100.0,34.45,B
2021-07-12T11:07:46,500.0,34.45,B
2021-07-12T11:07:44,1000.0,34.45,B
2021-07-12T11:07:42,100.0,34.45,B
2021-07-12T11:07:41,100.0,34.45,B
2021-07-12T11:07:41,200.0,34.45,B
2021-07-12T11:07:41,500.0,34.45,B
2021-07-12T11:07:40,100.0,34.45,B
2021-07-12T11:07:40,300.0,34.45,B
2021-07-12T11:07:39,3000.0,34.45,B
2021-07-12T11:07:39,1500.0,34.45,B
2021-07-12T11:07:35,1000.0,34.45,B
2021-07-12T11:07:35,100.0,34.45,B
2021-07-12T11:07:34,200.0,34.45,B
2021-07-12T11:07:33,2500.0,34.45,B
2021-07-12T11:07:32,800.0,34.45,B
2021-07-12T11:07:31,100.0,34.45,B
2021-07-12T11:07:30,200.0,34.45,B
2021-07-12T11:07:30,900.0,34.45,B
2021-07-12T11:07:28,100.0,34.45,B
2021-07-12T11:07:27,200.0,34.45,B
2021-07-12T11:07:27,500.0,34.45,B
2021-07-12T11:07:26,400.0,34.45,B
2021-07-12T11:07:26,3000.0,34.45,B
2021-07-12T11:07:25,5000.0,34.45,B
2021-07-12T11:07:23,100.0,34.45,B
2021-07-12T11:07:20,1300.0,34.45,B
2021-07-12T11:07:20,100.0,34.45,B
2021-07-12T11:07:20,500.0,34.45,B
2021-07-12T11:07:19,200.0,34.45,B
2021-07-12T11:07:17,100.0,34.45,B
2021-07-12T11:07:17,600.0,34.45,B
2021-07-12T11:07:17,200.0,34.45,B
2021-07-12T11:07:16,100.0,34.45,B
2021-07-12T11:07:14,200.0,34.45,B
2021-07-12T11:07:14,200.0,34.45,B
2021-07-12T11:07:14,100.0,34.45,B
2021-07-12T11:07:14,1000.0,34.45,B
2021-07-12T11:07:14,3000.0,34.45,B
2021-07-12T11:07:13,1000.0,34.45,B
2021-07-12T11:07:12,1000.0,34.45,B
2021-07-12T11:07:11,500.0,34.45,B
2021-07-12T11:07:10,25000.0,34.45,B
2021-07-12T11:07:09,500.0,34.45,B
2021-07-12T11:07:05,1000.0,34.45,B
2021-07-12T11:07:05,100.0,34.45,B
2021-07-12T11:07:04,600.0,34.45,B
2021-07-12T11:07:04,1000.0,34.45,B
2021-07-12T11:07:02,200.0,34.45,B
2021-07-12T11:06:59,100.0,34.45,B
2021-07-12T11:06:58,1000.0,34.45,B
2021-07-12T11:06:58,400.0,34.45,B
2021-07-12T11:06:56,2000.0,34.45,B
2021-07-12T11:06:55,1400.0,34.45,B
2021-07-12T11:06:54,200.0,34.45,B
2021-07-12T11:06:54,1000.0,34.45,B
2021-07-12T11:06:54,100.0,34.45,B
2021-07-12T11:06:53,200.0,34.45,B
2021-07-12T11:06:52,100.0,34.45,B
2021-07-12T11:06:52,1000.0,34.45,B
2021-07-12T11:06:52,500.0,34.45,B
2021-07-12T11:06:48,300.0,34.45,B
2021-07-12T11:06:44,100.0,34.45,B
2021-07-12T11:06:39,1000.0,34.45,B
2021-07-12T11:06:33,500.0,34.45,B
2021-07-12T11:06:33,500.0,34.45,B
2021-07-12T11:06:32,1800.0,34.45,B
2021-07-12T11:06:31,1000.0,34.45,B
2021-07-12T11:06:30,1800.0,34.45,S
2021-07-12T11:06:30,2100.0,34.45,S
2021-07-12T11:06:30,10700.0,34.45,S
2021-07-12T11:06:30,1700.0,34.45,S
2021-07-12T11:06:30,100.0,34.45,S
2021-07-12T11:06:30,5100.0,34.45,S
2021-07-12T11:06:30,2300.0,34.45,S
2021-07-12T11:06:30,800.0,34.45,S
2021-07-12T11:06:30,1500.0,34.45,S
2021-07-12T11:06:30,200.0,34.45,S
2021-07-12T11:06:30,2500.0,34.45,S
2021-07-12T11:06:30,5500.0,34.45,S
2021-07-12T11:06:30,800.0,34.45,S
2021-07-12T11:06:30,5700.0,34.45,S
2021-07-12T11:06:30,400.0,34.45,S
2021-07-12T11:06:30,100.0,34.45,S
2021-07-12T11:06:30,500.0,34.45,S
2021-07-12T11:06:30,3700.0,34.45,S
2021-07-12T11:06:30,2300.0,34.45,S
2021-07-12T11:06:30,10200.0,34.45,S
2021-07-12T11:06:30,3000.0,34.45,S
2021-07-12T11:06:30,10000.0,34.45,S
2021-07-12T11:06:30,3500.0,34.45,S
2021-07-12T11:06:30,500.0,34.45,S
2021-07-12T11:06:30,1000.0,34.45,S
2021-07-12T11:06:30,500.0,34.45,S
2021-07-12T11:06:30,1700.0,34.45,S
2021-07-12T11:06:30,1100.0,34.45,S
2021-07-12T11:06:30,1400.0,34.45,S
2021-07-12T11:06:30,300.0,34.45,S
2021-07-12T11:06:30,1000.0,34.45,S
2021-07-12T11:06:30,1800.0,34.45,S
2021-07-12T11:06:30,600.0,34.45,S
2021-07-12T11:06:30,1000.0,34.45,S
2021-07-12T11:06:30,1000.0,34.45,S
2021-07-12T11:06:30,800.0,34.45,S
2021-07-12T11:06:30,2100.0,34.45,S
2021-07-12T11:06:30,2000.0,34.45,S
2021-07-12T11:06:30,2200.0,34.45,S
2021-07-12T11:06:30,400.0,34.45,S
2021-07-12T11:06:30,1000.0,34.45,S
2021-07-12T11:06:30,1300.0,34.45,S
2021-07-12T11:06:30,3200.0,34.45,S
2021-07-12T11:06:30,100.0,34.45,S
2021-07-12T11:06:30,100.0,34.45,S
2021-07-12T11:06:30,100.0,34.45,S
2021-07-12T11:06:30,1200.0,34.45,S
2021-07-12T11:06:30,400.0,34.45,S
2021-07-12T11:06:30,1500.0,34.45,S
2021-07-12T11:06:30,1000.0,34.45,S
2021-07-12T11:06:30,500.0,34.45,S
2021-07-12T11:06:30,5200.0,34.45,S
2021-07-12T11:06:30,200.0,34.45,S
2021-07-12T11:06:30,300.0,34.45,S
2021-07-12T11:06:30,2100.0,34.45,S
2021-07-12T11:06:30,200.0,34.45,S
2021-07-12T11:06:30,600.0,34.45,S
2021-07-12T11:06:30,900.0,34.45,S
2021-07-12T11:06:30,500.0,34.45,S
2021-07-12T11:06:30,3500.0,34.45,S
2021-07-12T11:06:30,2600.0,34.45,S
2021-07-12T11:06:30,200.0,34.45,S
2021-07-12T11:06:30,400.0,34.45,S
2021-07-12T11:06:30,3100.0,34.45,S
2021-07-12T11:06:30,200.0,34.45,S
2021-07-12T11:06:30,100.0,34.45,S
2021-07-12T11:06:30,300.0,34.45,S
2021-07-12T11:06:30,200.0,34.45,S
2021-07-12T11:06:30,1000.0,34.45,S
2021-07-12T11:06:30,700.0,34.45,S
2021-07-12T11:06:30,700.0,34.45,S
2021-07-12T11:06:30,200.0,34.45,S
2021-07-12T11:06:30,600.0,34.45,S
2021-07-12T11:06:30,200.0,34.45,S
2021-07-12T11:06:30,1200.0,34.45,S
2021-07-12T11:06:30,7800.0,34.45,S
2021-07-12T11:06:30,600.0,34.45,S
2021-07-12T11:06:30,1700.0,34.45,S
2021-07-12T11:06:30,1000.0,34.45,S
2021-07-12T11:06:30,100.0,34.45,S
2021-07-12T11:06:30,1100.0,34.45,S
2021-07-12T11:06:30,5100.0,34.45,S
2021-07-12T11:06:30,600.0,34.45,S
2021-07-12T11:06:30,5700.0,34.45,S
2021-07-12T11:06:30,5500.0,34.45,S
2021-07-12T11:06:30,2000.0,34.45,S
2021-07-12T11:06:30,6000.0,34.45,S
2021-07-12T11:06:30,300.0,34.45,S
2021-07-12T11:06:30,400.0,34.45,S
2021-07-12T11:06:30,100.0,34.45,S
2021-07-12T11:06:30,200.0,34.45,S
2021-07-12T11:06:30,2400.0,34.45,S
2021-07-12T11:06:30,100.0,34.45,S
2021-07-12T11:06:30,2600.0,34.45,S
2021-07-12T11:06:30,1400.0,34.45,S
2021-07-12T11:06:30,21300.0,34.5,S
2021-07-12T11:06:30,1200.0,34.5,S
2021-07-12T11:06:30,2100.0,34.5,S
2021-07-12T11:06:30,14600.0,34.5,S
2021-07-12T11:06:28,3200.0,34.5,S
2021-07-12T11:06:24,2000.0,34.5,S
2021-07-12T11:06:24,1600.0,34.5,S
2021-07-12T11:06:23,100.0,34.5,S
2021-07-12T11:06:19,200.0,34.5,S
2021-07-12T11:06:17,600.0,34.5,S
2021-07-12T11:06:17,1500.0,34.5,S
2021-07-12T11:06:15,400.0,34.5,S
2021-07-12T11:06:15,100.0,34.5,S
2021-07-12T11:06:15,1000.0,34.5,S
2021-07-12T11:06:15,100.0,34.5,S
2021-07-12T11:06:15,400.0,34.5,S
2021-07-12T11:06:15,100.0,34.5,S
2021-07-12T11:06:15,1700.0,34.5,S
2021-07-12T11:06:15,100.0,34.5,S
2021-07-12T11:06:15,100.0,34.5,S
2021-07-12T11:06:13,200.0,34.5,S
2021-07-12T11:06:09,1600.0,34.5,S
2021-07-12T11:06:08,1000.0,34.5,S
2021-07-12T11:06:03,400.0,34.5,S
2021-07-12T11:06:01,1600.0,34.5,S
2021-07-12T11:05:59,500.0,34.5,S
2021-07-12T11:05:57,900.0,34.7,B
2021-07-12T11:05:57,800.0,34.7,B
2021-07-12T11:05:53,8400.0,34.5,S
2021-07-12T11:05:53,400.0,34.5,S
2021-07-12T11:05:53,1100.0,34.5,S
2021-07-12T11:05:53,1200.0,34.5,S
2021-07-12T11:05:53,10900.0,34.5,S
2021-07-12T11:05:53,2000.0,34.5,S
2021-07-12T11:05:53,700.0,34.5,S
2021-07-12T11:05:53,1200.0,34.5,S
2021-07-12T11:05:53,100.0,34.5,S
2021-07-12T11:05:53,1300.0,34.5,S
2021-07-12T11:05:53,100.0,34.5,S
2021-07-12T11:05:53,500.0,34.5,S
2021-07-12T11:05:53,100.0,34.5,S
2021-07-12T11:05:53,3100.0,34.5,S
2021-07-12T11:05:53,800.0,34.5,S
2021-07-12T11:05:53,100.0,34.5,S
2021-07-12T11:05:53,13000.0,34.5,S
2021-07-12T11:05:53,2500.0,34.5,S
2021-07-12T11:05:53,200.0,34.5,S
2021-07-12T11:05:53,100.0,34.5,S
2021-07-12T11:05:53,1100.0,34.5,S
2021-07-12T11:05:51,200.0,34.5,S
2021-07-12T11:05:51,4800.0,34.5,S
2021-07-12T11:05:48,200.0,34.55,B
2021-07-12T11:05:48,700.0,34.5,S
2021-07-12T11:05:48,4100.0,34.5,S
2021-07-12T11:05:48,200.0,34.5,S
2021-07-12T11:05:48,4700.0,34.5,S
2021-07-12T11:05:47,200.0,34.5,S
2021-07-12T11:05:45,400.0,34.5,S
2021-07-12T11:05:43,500.0,34.5,S
2021-07-12T11:05:42,1000.0,34.55,B
2021-07-12T11:05:41,1000.0,34.5,S
2021-07-12T11:05:41,1000.0,34.5,S
2021-07-12T11:05:34,1600.0,34.5,S
2021-07-12T11:05:32,100.0,34.5,S
2021-07-12T11:05:31,800.0,34.5,S
2021-07-12T11:05:29,1000.0,34.55,B
2021-07-12T11:05:29,1800.0,34.5,S
2021-07-12T11:05:29,2600.0,34.5,S
2021-07-12T11:05:29,6100.0,34.5,S
2021-07-12T11:05:29,11000.0,34.5,S
2021-07-12T11:05:26,400.0,34.55,B
2021-07-12T11:05:26,400.0,34.5,S
2021-07-12T11:05:24,5100.0,34.5,S
2021-07-12T11:05:23,500.0,34.5,S
2021-07-12T11:05:21,2000.0,34.5,S
2021-07-12T11:05:16,17900.0,34.5,S
2021-07-12T11:05:10,7000.0,34.5,S
2021-07-12T11:05:03,13000.0,34.5,S
2021-07-12T11:05:02,1300.0,34.6,S
2021-07-12T11:05:02,4200.0,34.6,S
2021-07-12T11:05:01,1000.0,34.6,B
2021-07-12T11:05:00,5000.0,34.55,S
2021-07-12T11:04:59,500.0,34.55,S
2021-07-12T11:04:58,4000.0,34.55,S
2021-07-12T11:04:58,1000.0,34.55,S
2021-07-12T11:04:56,2400.0,34.55,S
2021-07-12T11:04:53,300.0,34.55,S
2021-07-12T11:04:53,200.0,34.55,S
2021-07-12T11:04:48,5000.0,34.55,S
2021-07-12T11:04:47,300.0,34.55,S
2021-07-12T11:04:44,500.0,34.55,S
2021-07-12T11:04:34,1000.0,34.5,S
2021-07-12T11:04:33,100.0,34.6,B
2021-07-12T11:04:33,2000.0,34.5,S
2021-07-12T11:04:30,5000.0,34.5,S
2021-07-12T11:04:23,1500.0,34.5,S
2021-07-12T11:04:23,100.0,34.5,S
2021-07-12T11:04:22,1000.0,34.5,S
2021-07-12T11:04:17,3200.0,34.5,S
2021-07-12T11:04:17,800.0,34.5,S
2021-07-12T11:04:16,8000.0,34.5,S
2021-07-12T11:04:15,500.0,34.6,S
2021-07-12T11:04:15,300.0,34.6,S
2021-07-12T11:04:15,1700.0,34.6,S
2021-07-12T11:04:08,2100.0,34.6,S
2021-07-12T11:04:07,2500.0,34.6,S
2021-07-12T11:04:07,100.0,34.6,S
2021-07-12T11:04:03,600.0,34.6,S
2021-07-12T11:04:00,2200.0,34.6,S
2021-07-12T11:04:00,200.0,34.6,S
2021-07-12T11:03:58,1000.0,34.6,S
2021-07-12T11:03:57,200.0,34.6,S
2021-07-12T11:03:44,300.0,34.6,S
2021-07-12T11:03:43,500.0,34.65,S
2021-07-12T11:03:41,300.0,34.6,S
2021-07-12T11:03:41,200.0,34.6,S
2021-07-12T11:03:40,1400.0,34.6,S
2021-07-12T11:03:40,200.0,34.6,S
2021-07-12T11:03:40,700.0,34.6,S
2021-07-12T11:03:40,400.0,34.6,S
2021-07-12T11:03:40,3200.0,34.6,S
2021-07-12T11:03:37,5300.0,34.6,S
2021-07-12T11:03:33,300.0,34.6,S
2021-07-12T11:03:29,600.0,34.65,B
2021-07-12T11:03:27,1000.0,34.6,S
2021-07-12T11:03:27,800.0,34.6,S
2021-07-12T11:03:25,100.0,34.6,S
2021-07-12T11:03:23,1500.0,34.6,S
2021-07-12T11:03:23,500.0,34.65,B
2021-07-12T11:03:21,1300.0,34.6,S
2021-07-12T11:03:21,1700.0,34.6,S
2021-07-12T11:03:18,100.0,34.65,B
2021-07-12T11:03:13,2100.0,34.65,S
2021-07-12T11:03:13,300.0,34.65,S
2021-07-12T11:03:04,200.0,34.7,B
2021-07-12T11:02:54,800.0,34.7,S
2021-07-12T11:02:54,700.0,34.7,S
2021-07-12T11:02:54,200.0,34.7,S
2021-07-12T11:02:54,700.0,34.7,S
2021-07-12T11:02:54,500.0,34.7,S
2021-07-12T11:02:54,200.0,34.7,S
2021-07-12T11:02:54,1500.0,34.7,S
2021-07-12T11:02:53,100.0,34.7,S
2021-07-12T11:02:53,500.0,34.7,S
2021-07-12T11:02:53,600.0,34.7,S
2021-07-12T11:02:49,200.0,34.7,S
2021-07-12T11:02:48,900.0,34.7,S
2021-07-12T11:02:46,1500.0,34.7,S
2021-07-12T11:02:41,13700.0,34.7,S
2021-07-12T11:02:41,500.0,34.7,S
2021-07-12T11:02:41,800.0,34.7,S
2021-07-12T11:02:38,2500.0,34.7,S
2021-07-12T11:02:31,100.0,34.7,S
2021-07-12T11:02:31,1000.0,34.7,S
2021-07-12T11:02:31,1700.0,34.7,S
2021-07-12T11:02:28,1200.0,34.75,S
2021-07-12T11:02:23,2000.0,34.75,S
2021-07-12T11:02:17,1600.0,34.8,S
2021-07-12T11:02:17,100.0,34.8,S
2021-07-12T11:02:17,1000.0,34.8,S
2021-07-12T11:02:17,200.0,34.8,S
2021-07-12T11:02:17,1300.0,34.8,S
2021-07-12T11:02:17,500.0,34.8,S
2021-07-12T11:02:17,300.0,34.8,S
2021-07-12T11:02:17,800.0,34.8,S
2021-07-12T11:02:17,3500.0,34.8,S
2021-07-12T11:02:16,700.0,34.8,S
2021-07-12T11:02:15,300.0,34.8,S
2021-07-12T11:02:13,2100.0,34.8,S
2021-07-12T11:02:13,10000.0,34.8,S
2021-07-12T11:02:12,2600.0,34.8,S
2021-07-12T11:02:08,2000.0,34.85,B
2021-07-12T11:02:06,2100.0,34.8,S
2021-07-12T11:02:02,2600.0,34.8,S
2021-07-12T11:02:02,500.0,34.8,S
2021-07-12T11:01:57,1600.0,34.8,S
2021-07-12T11:01:54,100.0,34.9,B
2021-07-12T11:01:54,100.0,34.85,B
2021-07-12T11:01:51,100.0,34.85,S
2021-07-12T11:01:51,600.0,34.8,S
2021-07-12T11:01:49,1800.0,34.8,S
2021-07-12T11:01:49,20000.0,34.8,S
2021-07-12T11:01:48,1600.0,34.85,S
2021-07-12T11:01:47,500.0,34.85,S
2021-07-12T11:01:44,100.0,34.85,S
2021-07-12T11:01:39,2100.0,34.85,S
2021-07-12T11:01:24,500.0,34.85,S
2021-07-12T11:01:21,400.0,34.9,B
2021-07-12T11:01:20,2500.0,34.85,S
2021-07-12T11:01:20,500.0,34.85,S
2021-07-12T11:01:17,100.0,34.85,S
2021-07-12T11:01:12,8000.0,34.85,S
2021-07-12T11:01:11,300.0,34.85,S
2021-07-12T11:01:08,2500.0,34.9,B
2021-07-12T11:01:04,200.0,34.9,B
2021-07-12T11:01:03,10000.0,34.85,S
2021-07-12T11:00:56,1000.0,34.85,S
2021-07-12T11:00:53,100.0,34.9,B
2021-07-12T11:00:52,200.0,34.9,B
2021-07-12T11:00:51,5900.0,34.85,S
2021-07-12T11:00:51,1000.0,34.85,S
2021-07-12T11:00:39,200.0,34.9,S
2021-07-12T11:00:39,100.0,34.9,S
2021-07-12T11:00:38,1000.0,34.95,B
2021-07-12T11:00:34,500.0,34.9,S
2021-07-12T11:00:34,1400.0,34.9,S
2021-07-12T11:00:34,100.0,34.9,S
2021-07-12T11:00:34,600.0,34.9,S
2021-07-12T11:00:34,900.0,34.9,S
2021-07-12T11:00:30,400.0,34.9,S
2021-07-12T11:00:30,200.0,34.9,S
2021-07-12T11:00:30,2100.0,34.9,S
2021-07-12T11:00:30,200.0,34.9,S
2021-07-12T11:00:30,600.0,34.9,S
2021-07-12T11:00:27,600.0,34.9,S
2021-07-12T11:00:20,300.0,34.9,S
2021-07-12T11:00:17,1300.0,34.9,S
2021-07-12T11:00:17,1700.0,34.9,S
2021-07-12T11:00:10,5000.0,34.9,S
2021-07-12T11:00:10,100.0,34.95,B
2021-07-12T10:59:47,100.0,34.9,S
2021-07-12T10:59:46,1000.0,34.9,S
2021-07-12T10:59:37,100.0,34.9,S
2021-07-12T10:59:36,100.0,34.95,B
2021-07-12T10:59:36,1400.0,34.9,S
2021-07-12T10:59:33,500.0,34.9,S
2021-07-12T10:59:23,200.0,34.9,S
2021-07-12T10:59:22,300.0,34.9,S
2021-07-12T10:59:22,2700.0,34.95,B
2021-07-12T10:59:13,1700.0,34.95,S
2021-07-12T10:59:11,400.0,34.95,S
2021-07-12T10:59:06,100.0,34.95,S
2021-07-12T10:59:04,300.0,34.95,S
2021-07-12T10:59:03,100.0,34.95,S
2021-07-12T10:59:00,5900.0,34.95,S
2021-07-12T10:58:59,200.0,34.95,S
2021-07-12T10:58:56,1000.0,34.95,S
2021-07-12T10:58:45,3000.0,34.95,S
2021-07-12T10:58:44,600.0,34.95,S
2021-07-12T10:58:30,2000.0,34.95,S
2021-07-12T10:58:19,700.0,34.95,S
2021-07-12T10:58:19,300.0,34.95,S
2021-07-12T10:58:17,700.0,34.95,S
2021-07-12T10:58:17,600.0,34.95,S
2021-07-12T10:58:14,1100.0,34.95,S
2021-07-12T10:58:11,200.0,35.0,B
2021-07-12T10:58:05,1500.0,34.95,S
2021-07-12T10:58:05,300.0,35.0,B
2021-07-12T10:58:04,1400.0,34.95,S
2021-07-12T10:57:59,700.0,35.0,B
2021-07-12T10:57:55,800.0,34.95,S
2021-07-12T10:57:36,1000.0,34.95,S
2021-07-12T10:57:23,500.0,35.0,B
2021-07-12T10:57:16,100.0,34.95,S
2021-07-12T10:56:51,500.0,34.95,S
2021-07-12T10:56:51,30000.0,35.0,B
2021-07-12T10:56:46,400.0,34.95,S
2021-07-12T10:56:45,100.0,34.95,S
2021-07-12T10:56:38,500.0,34.95,S
2021-07-12T10:56:36,500.0,35.0,B
2021-07-12T10:56:27,1000.0,34.95,S
2021-07-12T10:56:22,200.0,35.0,B
2021-07-12T10:56:13,300.0,34.95,S
2021-07-12T10:56:12,12000.0,34.95,S
2021-07-12T10:56:08,2100.0,34.95,S
2021-07-12T10:56:04,1800.0,34.95,S
2021-07-12T10:56:03,200.0,35.0,B
2021-07-12T10:56:03,900.0,34.95,S
2021-07-12T10:56:02,200.0,34.95,S
2021-07-12T10:55:58,100.0,35.0,B
2021-07-12T10:55:58,600.0,34.95,S
2021-07-12T10:55:55,600.0,34.95,S
2021-07-12T10:55:53,2000.0,34.95,S
2021-07-12T10:55:51,500.0,35.0,S
2021-07-12T10:55:51,3800.0,35.0,S
2021-07-12T10:55:51,2500.0,35.0,S
2021-07-12T10:55:51,300.0,35.0,S
2021-07-12T10:55:51,500.0,35.0,S
2021-07-12T10:55:50,600.0,35.0,S
2021-07-12T10:55:50,1400.0,35.0,S
2021-07-12T10:55:49,300.0,35.0,S
2021-07-12T10:55:49,100.0,35.0,S
2021-07-12T10:55:48,400.0,35.0,S
2021-07-12T10:55:48,2000.0,35.0,S
2021-07-12T10:55:48,1000.0,35.0,S
2021-07-12T10:55:48,3700.0,35.0,S
2021-07-12T10:55:48,5100.0,35.0,S
2021-07-12T10:55:48,7800.0,35.0,S
2021-07-12T10:55:44,2600.0,35.0,S
2021-07-12T10:55:44,4700.0,35.0,S
2021-07-12T10:55:44,1000.0,35.0,S
2021-07-12T10:55:44,300.0,35.0,S
2021-07-12T10:55:44,300.0,35.0,S
2021-07-12T10:55:44,1100.0,35.0,S
2021-07-12T10:55:44,100.0,35.0,S
2021-07-12T10:55:44,900.0,35.0,S
2021-07-12T10:55:44,2200.0,35.0,S
2021-07-12T10:55:44,2100.0,35.0,S
2021-07-12T10:55:44,500.0,35.0,S
2021-07-12T10:55:44,14200.0,35.0,S
2021-07-12T10:55:38,9800.0,35.0,S
2021-07-12T10:55:38,5200.0,35.0,S
2021-07-12T10:55:38,1900.0,35.0,S
2021-07-12T10:55:38,3200.0,35.0,S
2021-07-12T10:55:38,200.0,35.0,S
2021-07-12T10:55:38,1200.0,35.0,S
2021-07-12T10:55:38,600.0,35.0,S
2021-07-12T10:55:38,100.0,35.0,S
2021-07-12T10:55:38,100.0,35.0,S
2021-07-12T10:55:38,2800.0,35.0,S
2021-07-12T10:55:38,100.0,35.0,S
2021-07-12T10:55:38,600.0,35.0,S
2021-07-12T10:55:38,4200.0,35.0,S
2021-07-12T10:55:37,100.0,35.1,B
2021-07-12T10:55:29,1000.0,35.0,S
2021-07-12T10:55:11,200.0,35.0,S
2021-07-12T10:55:10,100.0,35.1,B
2021-07-12T10:54:47,300.0,35.1,B
2021-07-12T10:54:38,4900.0,35.0,S
2021-07-12T10:54:33,500.0,35.0,S
2021-07-12T10:54:32,1000.0,35.0,S
2021-07-12T10:54:19,500.0,35.0,S
2021-07-12T10:54:14,500.0,35.1,B
2021-07-12T10:54:02,3000.0,35.1,B
2021-07-12T10:53:50,100.0,35.1,B
2021-07-12T10:53:49,300.0,35.1,B
2021-07-12T10:53:48,5000.0,35.0,S
2021-07-12T10:53:37,200.0,35.1,B
2021-07-12T10:53:36,500.0,35.05,S
2021-07-12T10:53:30,100.0,35.1,B
2021-07-12T10:53:28,300.0,35.1,B
2021-07-12T10:53:19,1000.0,35.1,B
2021-07-12T10:53:17,500.0,35.1,B
2021-07-12T10:53:08,100.0,35.1,B
2021-07-12T10:52:57,300.0,35.05,S
2021-07-12T10:52:47,100.0,35.05,S
2021-07-12T10:52:39,500.0,35.1,B
2021-07-12T10:52:38,1000.0,35.1,B
2021-07-12T10:52:36,4900.0,35.1,S
2021-07-12T10:52:36,3000.0,35.1,S
2021-07-12T10:52:35,800.0,35.1,S
2021-07-12T10:52:35,100.0,35.1,S
2021-07-12T10:52:35,4900.0,35.1,S
2021-07-12T10:52:17,300.0,35.1,S
2021-07-12T10:52:13,1000.0,35.2,B
2021-07-12T10:52:11,10000.0,35.1,S
2021-07-12T10:52:02,600.0,35.1,S
2021-07-12T10:51:59,300.0,35.2,B
2021-07-12T10:51:58,600.0,35.2,B
2021-07-12T10:51:56,700.0,35.1,S
2021-07-12T10:51:56,900.0,35.1,S
2021-07-12T10:51:56,100.0,35.1,S
2021-07-12T10:51:56,500.0,35.1,S
2021-07-12T10:51:56,200.0,35.2,B
2021-07-12T10:51:56,1000.0,35.2,B
2021-07-12T10:51:55,8800.0,35.2,S
2021-07-12T10:51:49,2600.0,35.2,S
2021-07-12T10:51:45,100.0,35.2,S
2021-07-12T10:51:42,500.0,35.2,S
2021-07-12T10:51:37,500.0,35.2,S
2021-07-12T10:51:33,5000.0,35.2,S
2021-07-12T10:51:33,300.0,35.2,S
2021-07-12T10:51:25,300.0,35.2,S
2021-07-12T10:51:21,100.0,35.2,S
2021-07-12T10:51:21,300.0,35.2,S
2021-07-12T10:51:21,1000.0,35.3,B
2021-07-12T10:51:20,100.0,35.3,B
2021-07-12T10:51:19,200.0,35.2,S
2021-07-12T10:51:18,300.0,35.2,S
2021-07-12T10:51:12,300.0,35.2,S
2021-07-12T10:50:55,100.0,35.3,B
2021-07-12T10:50:55,1200.0,35.3,B
2021-07-12T10:50:55,1700.0,35.3,B
2021-07-12T10:50:53,300.0,35.2,S
2021-07-12T10:50:53,600.0,35.2,S
2021-07-12T10:50:53,200.0,35.2,S
2021-07-12T10:50:53,1000.0,35.2,S
2021-07-12T10:50:52,400.0,35.3,B
2021-07-12T10:50:44,3000.0,35.3,B
2021-07-12T10:50:37,200.0,35.3,B
2021-07-12T10:50:34,1000.0,35.2,S
2021-07-12T10:50:33,200.0,35.2,S
2021-07-12T10:50:27,100.0,35.3,B
2021-07-12T10:50:25,200.0,35.3,B
2021-07-12T10:50:25,100.0,35.3,B
2021-07-12T10:50:22,400.0,35.2,S
2021-07-12T10:50:17,2500.0,35.3,B
2021-07-12T10:50:17,400.0,35.2,S
2021-07-12T10:50:16,100.0,35.2,S
2021-07-12T10:50:12,200.0,35.3,B
2021-07-12T10:50:10,400.0,35.2,S
2021-07-12T10:50:10,2200.0,35.2,S
2021-07-12T10:50:05,500.0,35.3,B
2021-07-12T10:50:04,100.0,35.3,B
2021-07-12T10:50:02,1100.0,35.3,B
2021-07-12T10:50:02,100.0,35.3,B
2021-07-12T10:49:45,500.0,35.3,B
2021-07-12T10:49:30,200.0,35.3,B
2021-07-12T10:49:23,300.0,35.25,S
2021-07-12T10:49:13,100.0,35.3,B
2021-07-12T10:48:32,1000.0,35.2,S
2021-07-12T10:48:32,2000.0,35.2,S
2021-07-12T10:48:32,1000.0,35.3,S
2021-07-12T10:48:22,500.0,35.3,B
2021-07-12T10:48:18,1000.0,35.3,B
2021-07-12T10:48:12,100.0,35.3,B
2021-07-12T10:48:10,1700.0,35.2,S
2021-07-12T10:48:08,1000.0,35.3,B
2021-07-12T10:48:06,400.0,35.3,S
2021-07-12T10:48:06,1600.0,35.3,S
2021-07-12T10:48:06,1200.0,35.3,S
2021-07-12T10:48:06,5000.0,35.4,B
2021-07-12T10:47:47,200.0,35.3,B
2021-07-12T10:47:42,100.0,35.3,S
2021-07-12T10:47:37,400.0,35.3,B
2021-07-12T10:47:33,700.0,35.3,B
2021-07-12T10:47:32,300.0,35.2,S
2021-07-12T10:47:32,100.0,35.3,B
2021-07-12T10:47:30,2000.0,35.3,B
2021-07-12T10:47:24,500.0,35.3,B
2021-07-12T10:47:06,600.0,35.2,S
2021-07-12T10:47:06,2000.0,35.2,S
2021-07-12T10:47:01,100.0,35.3,B
2021-07-12T10:47:01,200.0,35.3,B
2021-07-12T10:46:54,200.0,35.3,B
2021-07-12T10:46:46,1200.0,35.3,S
2021-07-12T10:46:36,200.0,35.3,S
2021-07-12T10:46:16,2600.0,35.3,S
2021-07-12T10:46:11,100.0,35.3,S
2021-07-12T10:46:07,100.0,35.3,S
2021-07-12T10:45:54,400.0,35.3,S
2021-07-12T10:45:53,2000.0,35.4,B
2021-07-12T10:45:53,1400.0,35.4,B
2021-07-12T10:45:37,600.0,35.3,S
2021-07-12T10:45:35,200.0,35.4,B
2021-07-12T10:45:34,400.0,35.3,S
2021-07-12T10:45:30,1000.0,35.4,B
2021-07-12T10:45:27,100.0,35.4,B
2021-07-12T10:45:26,1000.0,35.3,S
2021-07-12T10:45:23,3000.0,35.3,S
2021-07-12T10:45:17,1900.0,35.35,B
2021-07-12T10:45:12,1000.0,35.35,B
2021-07-12T10:45:10,100.0,35.3,S
2021-07-12T10:45:08,100.0,35.35,B
2021-07-12T10:44:59,100.0,35.35,B
2021-07-12T10:44:49,2000.0,35.3,S
2021-07-12T10:44:46,1500.0,35.3,S
2021-07-12T10:44:45,200.0,35.3,S
2021-07-12T10:44:42,1500.0,35.3,S
2021-07-12T10:44:36,100.0,35.35,S
2021-07-12T10:44:32,5000.0,35.4,B
2021-07-12T10:44:20,200.0,35.4,B
2021-07-12T10:44:16,300.0,35.4,B
2021-07-12T10:43:58,700.0,35.4,B
2021-07-12T10:43:54,1000.0,35.4,B
2021-07-12T10:43:49,400.0,35.3,S
2021-07-12T10:43:49,2200.0,35.3,S
2021-07-12T10:43:45,100.0,35.4,B
2021-07-12T10:43:44,500.0,35.4,B
2021-07-12T10:43:42,100.0,35.4,B
2021-07-12T10:43:33,100.0,35.4,B
2021-07-12T10:43:28,100.0,35.4,B
2021-07-12T10:43:25,700.0,35.4,S
2021-07-12T10:43:25,200.0,35.4,S
2021-07-12T10:43:25,6600.0,35.4,S
2021-07-12T10:43:20,100.0,35.4,S
2021-07-12T10:43:18,1900.0,35.4,S
2021-07-12T10:43:15,100.0,35.4,S
2021-07-12T10:43:08,200.0,35.5,B
2021-07-12T10:43:08,2400.0,35.5,B
2021-07-12T10:43:08,2400.0,35.5,B
2021-07-12T10:43:03,700.0,35.4,S
2021-07-12T10:43:00,100.0,35.4,S
2021-07-12T10:42:50,1000.0,35.4,S
2021-07-12T10:42:43,500.0,35.4,B
2021-07-12T10:42:38,100.0,35.4,B
2021-07-12T10:42:37,100.0,35.4,B
2021-07-12T10:42:22,100.0,35.4,B
2021-07-12T10:42:20,200.0,35.4,B
2021-07-12T10:42:13,2000.0,35.4,B
2021-07-12T10:42:05,200.0,35.5,B
2021-07-12T10:42:04,200.0,35.5,B
2021-07-12T10:41:57,200.0,35.5,B
2021-07-12T10:41:54,500.0,35.5,B
2021-07-12T10:41:36,1500.0,35.5,B
2021-07-12T10:41:26,100.0,35.5,B
2021-07-12T10:41:16,1000.0,35.3,S
2021-07-12T10:41:14,8000.0,35.5,B
2021-07-12T10:41:13,2000.0,35.5,B
2021-07-12T10:41:12,500.0,35.5,B
2021-07-12T10:41:06,200.0,35.5,B
2021-07-12T10:41:01,300.0,35.5,B
2021-07-12T10:40:59,400.0,35.3,S
2021-07-12T10:40:59,1500.0,35.3,S
2021-07-12T10:40:59,100.0,35.3,S
2021-07-12T10:40:59,1000.0,35.4,S
2021-07-12T10:40:52,100.0,35.5,B
2021-07-12T10:40:51,5000.0,35.5,B
2021-07-12T10:40:50,500.0,35.5,B
2021-07-12T10:40:49,500.0,35.5,B
2021-07-12T10:40:42,2600.0,35.3,S
2021-07-12T10:40:39,100.0,35.5,B
2021-07-12T10:40:38,100.0,35.5,B
2021-07-12T10:40:32,300.0,35.5,B
2021-07-12T10:40:27,2000.0,35.5,B
2021-07-12T10:40:03,3000.0,35.5,B
2021-07-12T10:40:01,100.0,35.3,S
2021-07-12T10:39:57,500.0,35.5,B
2021-07-12T10:39:46,300.0,35.2,S
2021-07-12T10:39:42,200.0,35.5,B
2021-07-12T10:39:42,100.0,35.5,B
2021-07-12T10:39:30,1700.0,35.2,B
2021-07-12T10:39:28,200.0,35.2,B
2021-07-12T10:39:26,500.0,35.2,B
2021-07-12T10:39:24,100.0,35.2,B
2021-07-12T10:39:19,2500.0,35.2,S
2021-07-12T10:39:18,100.0,35.3,S
2021-07-12T10:39:12,100.0,35.5,S
2021-07-12T10:39:12,900.0,35.5,B
2021-07-12T10:39:10,100.0,35.5,B
2021-07-12T10:39:09,100.0,35.5,B
2021-07-12T10:39:08,100.0,35.5,B
2021-07-12T10:39:04,5000.0,35.5,B
2021-07-12T10:39:04,500.0,35.5,B
2021-07-12T10:39:03,500.0,35.5,B
2021-07-12T10:38:56,500.0,35.5,B
2021-07-12T10:38:52,2000.0,35.5,B
2021-07-12T10:38:52,500.0,35.5,B
2021-07-12T10:38:51,5000.0,35.5,B
2021-07-12T10:38:45,300.0,35.3,S
2021-07-12T10:38:37,800.0,35.5,B
2021-07-12T10:38:37,400.0,35.3,B
2021-07-12T10:38:37,500.0,35.25,B
2021-07-12T10:38:36,400.0,35.2,B
2021-07-12T10:38:36,100.0,35.2,B
2021-07-12T10:38:36,3700.0,35.2,B
2021-07-12T10:38:25,500.0,35.1,S
2021-07-12T10:38:23,10000.0,35.2,B
2021-07-12T10:38:19,600.0,35.1,B
2021-07-12T10:38:16,2700.0,35.1,B
2021-07-12T10:38:16,2300.0,35.1,B
2021-07-12T10:38:14,300.0,35.1,B
2021-07-12T10:38:13,300.0,35.1,B
2021-07-12T10:38:08,1000.0,35.1,B
2021-07-12T10:37:58,100.0,35.1,B
2021-07-12T10:37:58,1700.0,35.0,B
2021-07-12T10:37:58,2100.0,35.0,B
2021-07-12T10:37:58,600.0,35.0,B
2021-07-12T10:37:55,2100.0,35.0,B
2021-07-12T10:37:54,4200.0,35.0,B
2021-07-12T10:37:54,1000.0,35.0,B
2021-07-12T10:37:53,500.0,35.0,B
2021-07-12T10:37:52,100.0,35.0,B
2021-07-12T10:37:51,3000.0,35.0,B
2021-07-12T10:37:51,500.0,35.0,B
2021-07-12T10:37:44,500.0,35.0,B
2021-07-12T10:37:44,3000.0,35.0,B
2021-07-12T10:37:41,2000.0,35.0,B
2021-07-12T10:37:41,3000.0,35.0,B
2021-07-12T10:37:40,200.0,35.0,B
2021-07-12T10:37:33,100.0,35.0,B
2021-07-12T10:37:33,3000.0,35.0,B
2021-07-12T10:37:30,100.0,34.95,S
2021-07-12T10:37:30,8100.0,35.0,B
2021-07-12T10:37:30,11900.0,35.0,B
2021-07-12T10:37:29,2000.0,35.0,B
2021-07-12T10:37:25,69600.0,35.0,B
2021-07-12T10:37:25,1700.0,35.0,B
2021-07-12T10:37:25,1000.0,35.0,B
2021-07-12T10:37:25,7700.0,35.0,B
2021-07-12T10:37:25,20000.0,34.95,S
2021-07-12T10:37:20,1000.0,34.95,S
2021-07-12T10:37:19,100.0,34.9,S
2021-07-12T10:37:16,1500.0,35.0,B
2021-07-12T10:37:12,400.0,34.9,S
2021-07-12T10:37:10,200.0,35.0,B
2021-07-12T10:37:09,100.0,35.0,B
2021-07-12T10:37:07,200.0,34.9,S
2021-07-12T10:37:06,300.0,35.0,B
2021-07-12T10:37:04,300.0,35.0,B
2021-07-12T10:37:03,1000.0,34.9,S
2021-07-12T10:37:01,700.0,34.9,S
2021-07-12T10:37:00,1000.0,34.9,S
2021-07-12T10:36:54,600.0,34.9,B
2021-07-12T10:36:54,27500.0,34.9,B
2021-07-12T10:36:54,400.0,34.8,B
2021-07-12T10:36:52,200.0,34.8,B
2021-07-12T10:36:52,500.0,34.7,S
2021-07-12T10:36:52,200.0,34.7,S
2021-07-12T10:36:50,600.0,34.7,S
2021-07-12T10:36:46,5000.0,34.85,B
2021-07-12T10:36:46,1600.0,34.85,B
2021-07-12T10:36:45,200.0,34.8,S
2021-07-12T10:36:45,800.0,34.8,S
2021-07-12T10:36:45,1000.0,34.8,S
2021-07-12T10:36:45,4500.0,34.8,S
2021-07-12T10:36:40,500.0,34.8,S
2021-07-12T10:36:40,200.0,34.8,S
2021-07-12T10:36:36,1100.0,34.85,S
2021-07-12T10:36:33,1000.0,34.9,B
2021-07-12T10:36:29,100.0,34.9,B
2021-07-12T10:36:18,500.0,34.9,B
2021-07-12T10:36:14,200.0,34.9,B
2021-07-12T10:36:14,600.0,34.9,S
2021-07-12T10:36:14,800.0,34.9,S
2021-07-12T10:36:13,700.0,34.9,S
2021-07-12T10:36:13,800.0,34.9,S
2021-07-12T10:36:10,4000.0,34.9,S
2021-07-12T10:36:07,100.0,35.0,B
2021-07-12T10:36:07,100.0,35.0,B
2021-07-12T10:36:05,200.0,35.0,B
2021-07-12T10:36:03,100.0,35.0,B
2021-07-12T10:36:03,5000.0,35.0,B
2021-07-12T10:36:00,1100.0,34.9,S
2021-07-12T10:35:59,100.0,34.9,S
2021-07-12T10:35:59,1500.0,34.9,S
2021-07-12T10:35:59,1200.0,34.9,S
2021-07-12T10:35:59,200.0,34.95,S
2021-07-12T10:35:59,100.0,35.0,B
2021-07-12T10:35:58,700.0,35.0,S
2021-07-12T10:35:58,500.0,35.0,S
2021-07-12T10:35:58,2300.0,35.0,S
2021-07-12T10:35:58,1000.0,35.0,S
2021-07-12T10:35:58,2800.0,35.0,S
2021-07-12T10:35:58,1000.0,35.0,S
2021-07-12T10:35:58,2000.0,35.0,S
2021-07-12T10:35:58,6100.0,35.0,S
2021-07-12T10:35:58,1700.0,35.0,S
2021-07-12T10:35:58,300.0,35.0,S
2021-07-12T10:35:58,2300.0,35.0,S
2021-07-12T10:35:58,2300.0,35.0,S
2021-07-12T10:35:58,600.0,35.0,S
2021-07-12T10:35:58,500.0,35.0,S
2021-07-12T10:35:58,1400.0,35.0,S
2021-07-12T10:35:58,2000.0,35.0,S
2021-07-12T10:35:58,1000.0,35.0,S
2021-07-12T10:35:58,200.0,35.0,S
2021-07-12T10:35:58,1000.0,35.0,S
2021-07-12T10:35:58,1100.0,35.0,S
2021-07-12T10:35:58,5300.0,35.0,S
2021-07-12T10:35:58,4200.0,35.0,S
2021-07-12T10:35:58,100.0,35.0,S
2021-07-12T10:35:58,500.0,35.0,S
2021-07-12T10:35:58,10200.0,35.0,S
2021-07-12T10:35:58,6200.0,35.0,S
2021-07-12T10:35:58,200.0,35.0,S
2021-07-12T10:35:58,1000.0,35.0,S
2021-07-12T10:35:58,2100.0,35.0,S
2021-07-12T10:35:58,400.0,35.0,S
2021-07-12T10:35:58,9600.0,35.0,S
2021-07-12T10:35:58,2200.0,35.0,S
2021-07-12T10:35:58,500.0,35.0,S
2021-07-12T10:35:58,600.0,35.0,S
2021-07-12T10:35:58,2200.0,35.0,S
2021-07-12T10:35:58,1100.0,35.0,S
2021-07-12T10:35:58,1000.0,35.0,S
2021-07-12T10:35:58,1000.0,35.0,S
2021-07-12T10:35:58,2300.0,35.0,S
2021-07-12T10:35:58,200.0,35.0,S
2021-07-12T10:35:58,100.0,35.0,S
2021-07-12T10:35:58,600.0,35.0,S
2021-07-12T10:35:58,100.0,35.0,S
2021-07-12T10:35:58,1500.0,35.0,S
2021-07-12T10:35:58,1200.0,35.0,S
2021-07-12T10:35:58,900.0,35.0,S
2021-07-12T10:35:58,700.0,35.0,S
2021-07-12T10:35:58,1400.0,35.0,S
2021-07-12T10:35:52,12400.0,35.0,S
2021-07-12T10:35:52,1000.0,35.0,S
2021-07-12T10:35:52,10900.0,35.05,S
2021-07-12T10:35:52,5700.0,35.05,S
2021-07-12T10:35:43,1000.0,35.1,B
2021-07-12T10:35:42,8100.0,35.05,S
2021-07-12T10:35:40,1000.0,35.05,S
2021-07-12T10:35:29,4000.0,35.05,S
2021-07-12T10:35:25,1700.0,35.2,B
2021-07-12T10:35:23,1500.0,35.05,S
2021-07-12T10:35:21,100.0,35.05,S
2021-07-12T10:35:16,2000.0,35.2,B
2021-07-12T10:35:15,1000.0,35.1,B
2021-07-12T10:35:12,500.0,35.05,S
2021-07-12T10:35:06,200.0,35.05,S
2021-07-12T10:35:04,100.0,35.0,S
2021-07-12T10:35:00,17700.0,35.0,S
2021-07-12T10:35:00,1000.0,35.0,S
2021-07-12T10:35:00,600.0,35.0,S
2021-07-12T10:35:00,700.0,35.0,S
2021-07-12T10:34:55,2000.0,35.0,S
2021-07-12T10:34:55,300.0,35.1,S
2021-07-12T10:34:49,100.0,35.15,B
2021-07-12T10:34:49,9000.0,35.1,B
2021-07-12T10:34:47,1300.0,35.0,S
2021-07-12T10:34:47,1700.0,35.05,S
2021-07-12T10:34:46,1000.0,35.1,B
2021-07-12T10:34:44,300.0,35.05,S
2021-07-12T10:34:36,100.0,35.1,S
2021-07-12T10:34:31,100.0,35.1,S
2021-07-12T10:34:24,2000.0,35.0,S
2021-07-12T10:34:18,10000.0,35.0,S
2021-07-12T10:34:17,10000.0,35.0,S
2021-07-12T10:34:10,2000.0,35.2,B
2021-07-12T10:34:07,100.0,35.15,S
2021-07-12T10:34:06,2100.0,35.1,B
2021-07-12T10:34:04,600.0,35.05,S
2021-07-12T10:34:00,1000.0,35.05,S
2021-07-12T10:33:57,1000.0,35.15,S
2021-07-12T10:33:55,1200.0,35.15,S
2021-07-12T10:33:54,2800.0,35.1,B
2021-07-12T10:33:49,1000.0,35.0,S
2021-07-12T10:33:44,1000.0,35.0,S
2021-07-12T10:33:44,100.0,35.1,B
2021-07-12T10:33:43,200.0,35.0,S
2021-07-12T10:33:40,8000.0,35.0,S
2021-07-12T10:33:40,500.0,35.0,S
2021-07-12T10:33:40,2500.0,35.0,S
2021-07-12T10:33:39,5000.0,35.0,S
2021-07-12T10:33:37,1400.0,35.0,S
2021-07-12T10:33:37,1600.0,35.0,S
2021-07-12T10:33:37,200.0,35.0,S
2021-07-12T10:33:36,2500.0,35.1,B
2021-07-12T10:33:35,200.0,35.1,B
2021-07-12T10:33:33,1000.0,35.1,B
2021-07-12T10:33:31,1000.0,35.05,B
2021-07-12T10:33:30,300.0,35.0,S
2021-07-12T10:33:30,2700.0,35.0,S
2021-07-12T10:33:27,900.0,35.0,S
2021-07-12T10:33:26,100.0,35.0,S
2021-07-12T10:33:24,500.0,35.0,S
2021-07-12T10:33:24,700.0,35.0,S
2021-07-12T10:33:19,300.0,35.0,S
2021-07-12T10:33:19,100.0,35.0,S
2021-07-12T10:33:19,600.0,35.0,S
2021-07-12T10:33:19,5400.0,35.0,S
2021-07-12T10:33:19,1600.0,35.0,S
2021-07-12T10:33:19,2800.0,35.0,S
2021-07-12T10:33:19,5200.0,35.0,S
2021-07-12T10:33:19,5100.0,35.0,S
2021-07-12T10:33:19,100.0,35.0,S
2021-07-12T10:33:19,400.0,35.0,S
2021-07-12T10:33:19,200.0,35.0,S
2021-07-12T10:33:19,1400.0,35.0,S
2021-07-12T10:33:19,300.0,35.0,S
2021-07-12T10:33:19,100.0,35.0,S
2021-07-12T10:33:19,300.0,35.0,S
2021-07-12T10:33:19,1800.0,35.0,S
2021-07-12T10:33:19,3200.0,35.0,S
2021-07-12T10:33:19,7200.0,35.0,S
2021-07-12T10:33:18,500.0,35.0,S
2021-07-12T10:33:14,5000.0,35.0,S
2021-07-12T10:33:14,1000.0,35.1,S
2021-07-12T10:33:10,1600.0,35.2,B
2021-07-12T10:33:10,4500.0,35.2,B
2021-07-12T10:33:07,4400.0,35.0,S
2021-07-12T10:33:07,2600.0,35.05,S
2021-07-12T10:33:05,100.0,35.1,S
2021-07-12T10:33:04,100.0,35.1,B
2021-07-12T10:33:01,400.0,35.05,S
2021-07-12T10:32:59,800.0,35.1,B
2021-07-12T10:32:57,100.0,35.15,B
2021-07-12T10:32:56,100.0,35.15,S
2021-07-12T10:32:54,200.0,35.2,B
2021-07-12T10:32:53,300.0,35.0,S
2021-07-12T10:32:53,3600.0,35.0,S
2021-07-12T10:32:53,2300.0,35.05,S
2021-07-12T10:32:52,4100.0,35.1,S
2021-07-12T10:32:51,2000.0,35.2,B
2021-07-12T10:32:51,100.0,35.15,B
2021-07-12T10:32:42,100.0,35.1,S
2021-07-12T10:32:42,1400.0,35.1,S
2021-07-12T10:32:42,2000.0,35.15,S
2021-07-12T10:32:42,8200.0,35.2,B
2021-07-12T10:32:40,1000.0,35.2,B
2021-07-12T10:32:37,800.0,35.15,S
2021-07-12T10:32:37,9700.0,35.2,S
2021-07-12T10:32:36,100.0,35.25,S
2021-07-12T10:32:29,5000.0,35.2,S
2021-07-12T10:32:27,100.0,35.3,B
2021-07-12T10:32:27,100.0,35.2,S
2021-07-12T10:32:21,3000.0,35.3,B
2021-07-12T10:32:20,100.0,35.2,S
2021-07-12T10:32:13,1000.0,35.3,B
2021-07-12T10:32:12,1000.0,35.3,B
2021-07-12T10:32:12,2000.0,35.2,S
2021-07-12T10:31:59,1000.0,35.3,B
2021-07-12T10:31:52,100.0,35.3,B
2021-07-12T10:31:51,200.0,35.3,B
2021-07-12T10:31:51,100.0,35.2,S
2021-07-12T10:31:49,300.0,35.3,B
2021-07-12T10:31:48,600.0,35.3,B
2021-07-12T10:31:46,100.0,35.2,S
2021-07-12T10:31:43,900.0,35.2,S
2021-07-12T10:31:38,1000.0,35.3,B
2021-07-12T10:31:38,1000.0,35.3,B
2021-07-12T10:31:34,900.0,35.2,S
2021-07-12T10:31:34,200.0,35.2,S
2021-07-12T10:31:34,900.0,35.2,S
2021-07-12T10:31:31,800.0,35.3,B
2021-07-12T10:31:27,300.0,35.2,S
2021-07-12T10:31:25,200.0,35.3,B
2021-07-12T10:31:25,2200.0,35.2,S
2021-07-12T10:31:25,300.0,35.2,S
2021-07-12T10:31:25,700.0,35.2,S
2021-07-12T10:31:24,1800.0,35.2,S
2021-07-12T10:31:23,1000.0,35.3,B
2021-07-12T10:31:22,2600.0,35.2,S
2021-07-12T10:31:22,2000.0,35.3,B
2021-07-12T10:31:21,3200.0,35.2,S
2021-07-12T10:31:21,2500.0,35.2,S
2021-07-12T10:31:21,500.0,35.2,S
2021-07-12T10:31:21,36800.0,35.2,S
2021-07-12T10:31:20,1000.0,35.2,S
2021-07-12T10:31:17,18000.0,35.2,S
2021-07-12T10:31:16,2000.0,35.3,S
2021-07-12T10:31:13,1700.0,35.3,S
2021-07-12T10:31:11,100.0,35.5,B
2021-07-12T10:31:08,600.0,35.3,S
2021-07-12T10:31:06,400.0,35.3,S
2021-07-12T10:31:06,100.0,35.3,S
2021-07-12T10:31:05,400.0,35.3,S
2021-07-12T10:31:05,1700.0,35.3,S
2021-07-12T10:31:05,3000.0,35.3,S
2021-07-12T10:31:04,1300.0,35.3,S
2021-07-12T10:31:04,5900.0,35.3,S
2021-07-12T10:31:04,1000.0,35.3,S
2021-07-12T10:31:04,6800.0,35.3,S
2021-07-12T10:31:01,2000.0,35.3,S
2021-07-12T10:30:58,100.0,35.3,S
2021-07-12T10:30:56,2000.0,35.3,S
2021-07-12T10:30:56,400.0,35.3,S
2021-07-12T10:30:56,1300.0,35.3,S
2021-07-12T10:30:53,100.0,35.3,S
2021-07-12T10:30:53,600.0,35.3,S
2021-07-12T10:30:49,2200.0,35.3,S
2021-07-12T10:30:44,2600.0,35.3,S
2021-07-12T10:30:43,4200.0,35.3,S
2021-07-12T10:30:42,700.0,35.3,S
2021-07-12T10:30:39,2000.0,35.3,S
2021-07-12T10:30:34,2200.0,35.3,S
2021-07-12T10:30:33,1000.0,35.5,B
2021-07-12T10:30:33,1000.0,35.5,B
2021-07-12T10:30:31,2600.0,35.4,S
2021-07-12T10:30:29,2100.0,35.5,S
2021-07-12T10:30:29,1200.0,35.5,S
2021-07-12T10:30:29,1100.0,35.5,S
2021-07-12T10:30:29,18500.0,35.5,S
2021-07-12T10:30:26,3500.0,35.5,S
2021-07-12T10:30:25,7000.0,35.5,S
2021-07-12T10:30:24,1700.0,35.5,S
2021-07-12T10:30:19,800.0,35.5,S
2021-07-12T10:30:19,5000.0,35.5,S
2021-07-12T10:30:18,2500.0,35.5,S
2021-07-12T10:30:17,1600.0,35.5,S
2021-07-12T10:30:15,600.0,35.5,S
2021-07-12T10:30:13,600.0,35.5,S
2021-07-12T10:30:09,1800.0,35.5,S
2021-07-12T10:30:08,1000.0,35.6,B
2021-07-12T10:30:05,600.0,35.5,S
2021-07-12T10:30:05,2000.0,35.5,S
2021-07-12T10:30:01,600.0,35.5,S
2021-07-12T10:30:00,2400.0,35.5,S
2021-07-12T10:30:00,1100.0,35.5,S
2021-07-12T10:30:00,1500.0,35.5,S
2021-07-12T10:30:00,5000.0,35.5,S
2021-07-12T10:29:58,2100.0,35.5,S
2021-07-12T10:29:54,500.0,35.5,S
2021-07-12T10:29:52,200.0,35.5,S
2021-07-12T10:29:50,500.0,35.5,S
2021-07-12T10:29:50,500.0,35.5,S
2021-07-12T10:29:50,500.0,35.5,S
2021-07-12T10:29:49,1000.0,35.5,S
2021-07-12T10:29:48,300.0,35.5,S
2021-07-12T10:29:46,6600.0,35.5,S
2021-07-12T10:29:46,600.0,35.5,S
2021-07-12T10:29:42,600.0,35.5,S
2021-07-12T10:29:37,600.0,35.5,S
2021-07-12T10:29:36,200.0,35.6,B
2021-07-12T10:29:35,2100.0,35.5,S
2021-07-12T10:29:32,600.0,35.5,S
2021-07-12T10:29:30,100.0,35.6,B
2021-07-12T10:29:29,4000.0,35.5,S
2021-07-12T10:29:21,200.0,35.5,S
2021-07-12T10:29:18,1700.0,35.5,S
2021-07-12T10:29:16,600.0,35.5,S
2021-07-12T10:29:13,600.0,35.5,S
2021-07-12T10:29:12,2600.0,35.5,S
2021-07-12T10:29:11,1000.0,35.6,B
2021-07-12T10:29:11,100.0,35.55,S
2021-07-12T10:29:09,2100.0,35.55,S
2021-07-12T10:29:09,600.0,35.55,S
2021-07-12T10:29:07,500.0,35.55,S
2021-07-12T10:29:05,600.0,35.55,S
2021-07-12T10:29:04,500.0,35.6,B
2021-07-12T10:29:03,200.0,35.6,S
