tradingTime,volume,price,side
2021-07-12T14:29:58,300.0,106.5,B
2021-07-12T14:29:58,100.0,106.5,B
2021-07-12T14:29:56,100.0,106.5,S
2021-07-12T14:29:52,100.0,106.8,B
2021-07-12T14:29:50,100.0,106.8,B
2021-07-12T14:29:49,100.0,106.8,B
2021-07-12T14:29:44,500.0,106.8,B
2021-07-12T14:29:44,200.0,106.8,B
2021-07-12T14:29:40,500.0,106.8,B
2021-07-12T14:29:39,500.0,106.8,B
2021-07-12T14:29:39,500.0,106.8,B
2021-07-12T14:29:35,800.0,106.8,S
2021-07-12T14:29:33,800.0,107.0,B
2021-07-12T14:29:33,300.0,107.0,B
2021-07-12T14:29:32,900.0,107.0,B
2021-07-12T14:29:20,100.0,106.8,S
2021-07-12T14:29:19,1900.0,106.9,S
2021-07-12T14:29:19,100.0,106.9,S
2021-07-12T14:29:18,1000.0,106.9,S
2021-07-12T14:28:59,100.0,106.8,S
2021-07-12T14:28:59,100.0,107.0,B
2021-07-12T14:28:58,1000.0,107.0,B
2021-07-12T14:28:52,10000.0,107.0,B
2021-07-12T14:28:41,200.0,107.0,B
2021-07-12T14:28:39,100.0,107.0,B
2021-07-12T14:28:39,5000.0,107.0,B
2021-07-12T14:28:35,1000.0,106.9,S
2021-07-12T14:28:30,30000.0,107.0,B
2021-07-12T14:28:28,500.0,106.9,S
2021-07-12T14:28:15,200.0,106.9,S
2021-07-12T14:28:11,100.0,107.0,B
2021-07-12T14:28:06,1500.0,107.0,B
2021-07-12T14:28:05,4100.0,107.0,B
2021-07-12T14:28:02,1000.0,106.9,S
2021-07-12T14:28:02,1000.0,106.9,S
2021-07-12T14:27:42,600.0,106.9,S
2021-07-12T14:27:35,100.0,107.0,B
2021-07-12T14:27:35,1000.0,106.9,S
2021-07-12T14:27:33,500.0,107.0,B
2021-07-12T14:27:32,2000.0,106.9,S
2021-07-12T14:27:31,100.0,106.9,S
2021-07-12T14:27:31,100.0,107.0,B
2021-07-12T14:27:28,500.0,107.0,B
2021-07-12T14:27:27,200.0,107.0,B
2021-07-12T14:27:27,2000.0,107.0,B
2021-07-12T14:27:25,500.0,106.9,S
2021-07-12T14:27:20,900.0,107.0,B
2021-07-12T14:27:13,2400.0,107.0,B
2021-07-12T14:27:13,600.0,107.0,B
2021-07-12T14:27:13,500.0,107.0,B
2021-07-12T14:27:13,1200.0,107.0,B
2021-07-12T14:27:13,300.0,107.0,B
2021-07-12T14:26:54,200.0,107.0,B
2021-07-12T14:26:47,1000.0,107.0,B
2021-07-12T14:26:42,1000.0,106.9,S
2021-07-12T14:26:40,200.0,107.0,B
2021-07-12T14:26:37,2000.0,106.9,S
2021-07-12T14:26:31,1000.0,107.0,B
2021-07-12T14:26:28,7100.0,107.0,B
2021-07-12T14:26:21,100.0,106.9,S
2021-07-12T14:26:19,700.0,107.0,B
2021-07-12T14:26:17,100.0,107.0,B
2021-07-12T14:26:15,100.0,106.9,S
2021-07-12T14:26:09,700.0,106.9,B
2021-07-12T14:26:04,300.0,106.9,B
2021-07-12T14:26:03,100.0,106.9,B
2021-07-12T14:25:58,5000.0,107.0,B
2021-07-12T14:25:57,200.0,106.9,S
2021-07-12T14:25:49,2000.0,107.0,B
2021-07-12T14:25:47,400.0,106.9,S
2021-07-12T14:25:44,4000.0,107.0,B
2021-07-12T14:25:42,100.0,107.0,B
2021-07-12T14:25:38,10800.0,107.0,B
2021-07-12T14:25:38,3800.0,107.0,B
2021-07-12T14:25:38,2700.0,107.0,B
2021-07-12T14:25:38,900.0,107.0,B
2021-07-12T14:25:38,8500.0,107.0,B
2021-07-12T14:25:34,100.0,107.0,B
2021-07-12T14:25:32,600.0,107.0,B
2021-07-12T14:25:27,3000.0,106.9,S
2021-07-12T14:25:27,100.0,107.0,B
2021-07-12T14:25:24,600.0,107.0,B
2021-07-12T14:25:22,1000.0,106.9,S
2021-07-12T14:25:17,3500.0,107.0,B
2021-07-12T14:25:17,2000.0,107.0,B
2021-07-12T14:25:17,2000.0,107.0,B
2021-07-12T14:25:17,1700.0,107.0,B
2021-07-12T14:25:17,200.0,107.0,B
2021-07-12T14:25:17,500.0,106.9,S
2021-07-12T14:25:10,500.0,106.9,B
2021-07-12T14:25:08,100.0,106.9,B
2021-07-12T14:25:08,11600.0,106.9,B
2021-07-12T14:25:02,500.0,106.8,B
2021-07-12T14:24:57,100.0,106.8,B
2021-07-12T14:24:50,500.0,106.8,B
2021-07-12T14:24:50,200.0,106.8,B
2021-07-12T14:24:50,1300.0,106.8,B
2021-07-12T14:24:50,400.0,106.7,B
2021-07-12T14:24:50,500.0,106.7,B
2021-07-12T14:24:49,3100.0,106.7,B
2021-07-12T14:24:49,1000.0,106.6,S
2021-07-12T14:24:33,300.0,106.7,B
2021-07-12T14:23:51,3100.0,106.7,B
2021-07-12T14:23:36,100.0,106.7,B
2021-07-12T14:23:24,1200.0,106.3,S
2021-07-12T14:23:17,3500.0,106.7,B
2021-07-12T14:23:17,1200.0,106.6,B
2021-07-12T14:23:16,200.0,106.5,B
2021-07-12T14:23:12,500.0,106.5,B
2021-07-12T14:23:01,1300.0,106.5,B
2021-07-12T14:22:53,100.0,106.2,B
2021-07-12T14:22:48,200.0,106.0,S
2021-07-12T14:22:47,500.0,106.0,B
2021-07-12T14:22:47,1600.0,106.0,B
2021-07-12T14:22:46,100.0,106.0,B
2021-07-12T14:22:46,1100.0,106.0,B
2021-07-12T14:22:36,100.0,105.6,B
2021-07-12T14:22:35,2000.0,105.6,B
2021-07-12T14:22:30,10000.0,105.0,S
2021-07-12T14:22:30,4600.0,105.6,B
2021-07-12T14:22:30,3200.0,105.5,B
2021-07-12T14:22:24,500.0,105.2,B
2021-07-12T14:22:20,10000.0,105.0,S
2021-07-12T14:22:08,3200.0,105.0,B
2021-07-12T14:22:08,100.0,105.0,B
2021-07-12T14:22:08,2400.0,105.0,B
2021-07-12T14:22:08,10000.0,105.0,B
2021-07-12T14:22:07,1000.0,105.0,B
2021-07-12T14:22:03,500.0,105.0,B
2021-07-12T14:22:03,1000.0,105.0,B
2021-07-12T14:22:00,1700.0,105.0,B
2021-07-12T14:22:00,600.0,105.0,B
2021-07-12T14:22:00,3000.0,105.0,B
2021-07-12T14:22:00,1400.0,105.0,B
2021-07-12T14:21:59,10000.0,104.9,S
2021-07-12T14:21:51,100.0,104.9,B
2021-07-12T14:21:50,900.0,104.9,S
2021-07-12T14:21:46,1000.0,105.0,B
2021-07-12T14:21:45,100.0,105.0,B
2021-07-12T14:21:45,1600.0,105.0,B
2021-07-12T14:21:42,8500.0,104.9,B
2021-07-12T14:21:42,3900.0,104.8,S
2021-07-12T14:21:42,6100.0,104.8,S
2021-07-12T14:21:24,100.0,104.9,B
2021-07-12T14:21:24,1000.0,104.8,B
2021-07-12T14:21:22,3000.0,104.8,B
2021-07-12T14:21:18,100.0,104.8,B
2021-07-12T14:21:17,500.0,104.8,B
2021-07-12T14:21:13,100.0,104.8,B
2021-07-12T14:21:10,300.0,104.8,B
2021-07-12T14:21:09,1000.0,104.8,B
2021-07-12T14:21:09,300.0,104.8,B
2021-07-12T14:21:08,2500.0,104.8,S
2021-07-12T14:21:08,1200.0,104.8,S
2021-07-12T14:21:07,5800.0,105.0,B
2021-07-12T14:21:07,100.0,105.0,B
2021-07-12T14:21:07,2000.0,105.0,B
2021-07-12T14:21:07,12100.0,105.0,B
2021-07-12T14:21:02,25000.0,105.0,B
2021-07-12T14:20:57,100.0,105.0,B
2021-07-12T14:20:57,1000.0,104.9,B
2021-07-12T14:20:53,9800.0,104.8,S
2021-07-12T14:20:53,200.0,104.8,S
2021-07-12T14:20:46,300.0,105.0,B
2021-07-12T14:20:42,500.0,105.0,B
2021-07-12T14:20:38,2800.0,104.8,S
2021-07-12T14:20:38,100.0,104.8,S
2021-07-12T14:20:38,200.0,104.8,S
2021-07-12T14:20:38,1500.0,104.8,S
2021-07-12T14:20:38,5400.0,104.8,S
2021-07-12T14:20:37,3000.0,105.0,B
2021-07-12T14:20:36,300.0,104.8,S
2021-07-12T14:20:33,300.0,105.0,B
2021-07-12T14:20:25,10000.0,104.8,S
2021-07-12T14:20:23,900.0,104.8,S
2021-07-12T14:20:12,3400.0,104.8,B
2021-07-12T14:20:10,10000.0,104.7,S
2021-07-12T14:20:09,100.0,104.8,B
2021-07-12T14:20:06,100.0,104.8,B
2021-07-12T14:20:05,100.0,104.8,B
2021-07-12T14:20:01,2500.0,104.8,B
2021-07-12T14:19:59,100.0,104.7,S
2021-07-12T14:19:54,10000.0,104.7,S
2021-07-12T14:19:53,1500.0,104.8,B
2021-07-12T14:19:37,10000.0,104.7,S
2021-07-12T14:19:36,100.0,104.8,B
2021-07-12T14:19:30,500.0,104.7,S
2021-07-12T14:19:24,100.0,104.8,B
2021-07-12T14:19:18,200.0,104.7,S
2021-07-12T14:19:07,7800.0,104.8,B
2021-07-12T14:19:07,500.0,104.8,B
2021-07-12T14:19:06,300.0,104.8,B
2021-07-12T14:19:03,6500.0,104.8,S
2021-07-12T14:18:54,13200.0,104.7,S
2021-07-12T14:18:53,30000.0,105.0,B
2021-07-12T14:18:47,20000.0,105.0,B
2021-07-12T14:18:47,100.0,104.8,B
2021-07-12T14:18:44,200.0,104.7,S
2021-07-12T14:18:42,1000.0,104.8,B
2021-07-12T14:18:42,2000.0,104.8,B
2021-07-12T14:18:42,10000.0,104.7,S
2021-07-12T14:18:25,10000.0,104.8,S
2021-07-12T14:18:10,200.0,105.0,B
2021-07-12T14:18:08,10000.0,104.8,S
2021-07-12T14:18:06,1000.0,105.0,B
2021-07-12T14:18:04,1500.0,105.0,B
2021-07-12T14:17:53,1000.0,105.0,B
2021-07-12T14:17:47,1000.0,105.0,B
2021-07-12T14:17:46,300.0,105.0,B
2021-07-12T14:17:44,3100.0,105.0,B
2021-07-12T14:17:39,4200.0,104.8,S
2021-07-12T14:17:39,1100.0,104.8,S
2021-07-12T14:17:39,4700.0,104.8,S
2021-07-12T14:17:32,3000.0,105.0,B
2021-07-12T14:17:27,500.0,104.9,S
2021-07-12T14:17:19,1300.0,104.9,S
2021-07-12T14:17:14,200.0,104.8,S
2021-07-12T14:17:09,400.0,104.8,S
2021-07-12T14:17:04,4700.0,104.8,S
2021-07-12T14:17:04,400.0,104.9,B
2021-07-12T14:17:03,500.0,104.9,B
2021-07-12T14:16:57,600.0,104.8,B
2021-07-12T14:16:54,100.0,104.8,S
2021-07-12T14:16:42,10000.0,104.7,S
2021-07-12T14:16:30,500.0,104.9,B
2021-07-12T14:16:18,9100.0,104.7,S
2021-07-12T14:16:18,900.0,104.8,S
2021-07-12T14:16:12,200.0,104.8,S
2021-07-12T14:16:02,10000.0,104.7,S
2021-07-12T14:16:01,200.0,104.8,S
2021-07-12T14:15:56,300.0,104.8,S
2021-07-12T14:15:54,1500.0,104.8,B
2021-07-12T14:15:51,3500.0,104.8,S
2021-07-12T14:15:40,10000.0,104.7,S
2021-07-12T14:15:35,100.0,104.8,B
2021-07-12T14:15:35,100.0,104.8,B
2021-07-12T14:15:32,600.0,104.9,B
2021-07-12T14:15:32,4100.0,104.8,B
2021-07-12T14:15:25,200.0,104.8,B
2021-07-12T14:15:22,200.0,104.7,S
2021-07-12T14:15:18,17000.0,104.8,B
2021-07-12T14:15:14,100.0,104.8,B
2021-07-12T14:15:08,5000.0,104.7,S
2021-07-12T14:15:07,800.0,104.8,B
2021-07-12T14:15:06,500.0,104.8,B
2021-07-12T14:14:53,3600.0,104.8,S
2021-07-12T14:14:44,200.0,104.7,S
2021-07-12T14:14:44,6200.0,104.8,B
2021-07-12T14:14:37,100.0,104.8,B
2021-07-12T14:14:37,100.0,104.8,B
2021-07-12T14:14:37,2300.0,104.8,B
2021-07-12T14:14:34,2800.0,104.8,B
2021-07-12T14:14:31,100.0,104.8,B
2021-07-12T14:14:30,200.0,104.8,B
2021-07-12T14:14:29,200.0,104.7,S
2021-07-12T14:14:19,100.0,104.8,B
2021-07-12T14:14:18,100.0,104.8,B
2021-07-12T14:14:16,100.0,104.8,B
2021-07-12T14:14:12,700.0,104.7,S
2021-07-12T14:14:11,300.0,104.8,B
2021-07-12T14:14:05,500.0,104.8,B
2021-07-12T14:13:44,15000.0,104.7,S
2021-07-12T14:13:44,2500.0,104.8,B
2021-07-12T14:13:43,1300.0,104.8,S
2021-07-12T14:13:38,4900.0,104.8,B
2021-07-12T14:13:36,1000.0,104.8,B
2021-07-12T14:13:33,100.0,104.8,B
2021-07-12T14:13:32,200.0,104.8,B
2021-07-12T14:13:30,3500.0,104.8,B
2021-07-12T14:13:28,100.0,104.8,B
2021-07-12T14:13:26,400.0,104.8,B
2021-07-12T14:13:24,100.0,104.8,B
2021-07-12T14:13:21,500.0,104.8,B
2021-07-12T14:13:20,100.0,104.8,B
2021-07-12T14:13:17,2700.0,104.7,S
2021-07-12T14:13:17,3600.0,104.7,S
2021-07-12T14:13:17,2100.0,104.7,S
2021-07-12T14:13:17,1600.0,104.7,S
2021-07-12T14:13:17,200.0,104.8,B
2021-07-12T14:13:07,1400.0,104.7,S
2021-07-12T14:13:07,900.0,104.7,S
2021-07-12T14:13:07,500.0,104.7,S
2021-07-12T14:13:07,7200.0,104.7,S
2021-07-12T14:13:06,200.0,104.8,B
2021-07-12T14:13:00,500.0,104.8,B
2021-07-12T14:13:00,500.0,104.8,B
2021-07-12T14:12:58,500.0,104.8,B
2021-07-12T14:12:57,600.0,104.7,S
2021-07-12T14:12:56,100.0,104.8,B
2021-07-12T14:12:50,500.0,104.8,B
2021-07-12T14:12:49,5700.0,104.7,S
2021-07-12T14:12:49,700.0,104.7,S
2021-07-12T14:12:49,500.0,104.7,S
2021-07-12T14:12:49,3100.0,104.7,S
2021-07-12T14:12:49,5000.0,104.8,B
2021-07-12T14:12:47,200.0,104.8,B
2021-07-12T14:12:46,100.0,104.8,B
2021-07-12T14:12:45,5000.0,104.8,B
2021-07-12T14:12:45,100.0,104.8,B
2021-07-12T14:12:44,900.0,104.7,S
2021-07-12T14:12:39,5000.0,104.8,B
2021-07-12T14:12:34,500.0,104.8,B
2021-07-12T14:12:31,600.0,104.7,S
2021-07-12T14:12:27,9100.0,104.8,B
2021-07-12T14:12:27,100.0,104.7,S
2021-07-12T14:12:27,400.0,104.7,S
2021-07-12T14:12:27,100.0,104.7,S
2021-07-12T14:12:27,500.0,104.7,S
2021-07-12T14:12:27,900.0,104.7,S
2021-07-12T14:12:27,500.0,104.7,S
2021-07-12T14:12:27,100.0,104.7,S
2021-07-12T14:12:27,1600.0,104.7,S
2021-07-12T14:12:27,300.0,104.7,S
2021-07-12T14:12:27,400.0,104.7,S
2021-07-12T14:12:27,1300.0,104.7,S
2021-07-12T14:12:27,1300.0,104.7,S
2021-07-12T14:12:27,5200.0,104.7,S
2021-07-12T14:12:27,100.0,104.7,S
2021-07-12T14:12:27,3600.0,104.7,S
2021-07-12T14:12:27,600.0,104.7,S
2021-07-12T14:12:27,900.0,104.7,S
2021-07-12T14:12:27,3200.0,104.7,S
2021-07-12T14:12:27,200.0,104.7,S
2021-07-12T14:12:27,200.0,104.7,S
2021-07-12T14:12:27,1100.0,104.7,S
2021-07-12T14:12:27,800.0,104.7,S
2021-07-12T14:12:27,5000.0,104.7,S
2021-07-12T14:12:27,2500.0,104.7,S
2021-07-12T14:12:27,1400.0,104.8,B
2021-07-12T14:12:26,1600.0,104.7,S
2021-07-12T14:12:26,700.0,104.7,S
2021-07-12T14:12:26,3500.0,104.7,S
2021-07-12T14:12:26,200.0,104.7,S
2021-07-12T14:12:26,100.0,104.7,S
2021-07-12T14:12:26,13900.0,104.7,S
2021-07-12T14:12:25,1000.0,104.7,S
2021-07-12T14:12:25,100.0,104.8,B
2021-07-12T14:12:25,1000.0,104.8,B
2021-07-12T14:12:22,200.0,104.8,B
2021-07-12T14:12:21,100.0,104.8,B
2021-07-12T14:12:09,1000.0,104.8,B
2021-07-12T14:12:08,9000.0,104.7,S
2021-07-12T14:12:08,1500.0,104.7,S
2021-07-12T14:12:07,500.0,104.7,S
2021-07-12T14:12:07,2000.0,104.7,S
2021-07-12T14:12:07,7000.0,104.7,S
2021-07-12T14:12:07,200.0,104.8,B
2021-07-12T14:11:55,4700.0,104.8,B
2021-07-12T14:11:55,800.0,104.7,S
2021-07-12T14:11:55,3100.0,104.7,S
2021-07-12T14:11:55,800.0,104.7,S
2021-07-12T14:11:55,700.0,104.7,S
2021-07-12T14:11:55,4600.0,104.7,S
2021-07-12T14:11:49,100.0,104.8,B
2021-07-12T14:11:48,600.0,104.8,B
2021-07-12T14:11:47,100.0,104.8,B
2021-07-12T14:11:44,300.0,104.7,S
2021-07-12T14:11:43,5000.0,104.8,B
2021-07-12T14:11:42,100.0,104.8,B
2021-07-12T14:11:37,600.0,104.8,B
2021-07-12T14:11:32,100.0,104.8,B
2021-07-12T14:11:27,500.0,104.8,B
2021-07-12T14:11:22,2800.0,104.8,S
2021-07-12T14:11:15,700.0,105.0,B
2021-07-12T14:11:15,500.0,104.9,B
2021-07-12T14:11:15,6600.0,104.9,B
2021-07-12T14:11:13,7200.0,104.8,B
2021-07-12T14:11:13,500.0,104.8,B
2021-07-12T14:11:12,100.0,104.8,B
2021-07-12T14:11:05,200.0,104.8,B
2021-07-12T14:11:03,200.0,104.7,S
2021-07-12T14:11:03,100.0,104.7,S
2021-07-12T14:11:03,400.0,104.7,S
2021-07-12T14:11:03,800.0,104.7,S
2021-07-12T14:11:03,200.0,104.8,B
2021-07-12T14:11:01,500.0,104.8,B
2021-07-12T14:10:59,500.0,104.8,B
2021-07-12T14:10:57,1000.0,104.8,B
2021-07-12T14:10:54,200.0,104.7,S
2021-07-12T14:10:53,100.0,104.8,B
2021-07-12T14:10:53,1500.0,104.8,B
2021-07-12T14:10:51,300.0,104.8,B
2021-07-12T14:10:48,500.0,104.8,B
2021-07-12T14:10:45,12000.0,104.7,S
2021-07-12T14:10:36,20000.0,104.9,B
2021-07-12T14:10:34,600.0,104.8,S
2021-07-12T14:10:30,300.0,104.9,B
2021-07-12T14:10:28,500.0,104.9,B
2021-07-12T14:10:16,2200.0,104.8,S
2021-07-12T14:10:07,100.0,104.8,S
2021-07-12T14:10:06,200.0,104.8,S
2021-07-12T14:10:05,7900.0,104.8,B
2021-07-12T14:10:03,200.0,104.8,B
2021-07-12T14:10:03,600.0,104.8,B
2021-07-12T14:10:02,400.0,104.8,B
2021-07-12T14:10:01,600.0,104.8,B
2021-07-12T14:09:57,11300.0,104.8,B
2021-07-12T14:09:57,5000.0,104.8,B
2021-07-12T14:09:57,6000.0,104.8,B
2021-07-12T14:09:57,2000.0,104.8,B
2021-07-12T14:09:57,3000.0,104.8,B
2021-07-12T14:09:57,22700.0,104.8,B
2021-07-12T14:09:49,50000.0,104.8,B
2021-07-12T14:09:48,100.0,104.8,B
2021-07-12T14:09:47,1600.0,104.7,S
2021-07-12T14:09:46,100.0,104.7,S
2021-07-12T14:09:44,100.0,104.8,B
2021-07-12T14:09:41,1000.0,104.7,S
2021-07-12T14:09:32,200.0,104.8,B
2021-07-12T14:09:31,300.0,104.7,S
2021-07-12T14:09:25,300.0,104.7,S
2021-07-12T14:09:24,100.0,104.7,S
2021-07-12T14:09:18,2000.0,104.7,S
2021-07-12T14:09:18,500.0,104.7,S
2021-07-12T14:09:14,1700.0,104.8,B
2021-07-12T14:09:03,400.0,104.8,B
2021-07-12T14:08:52,100.0,104.7,S
2021-07-12T14:08:51,7800.0,104.8,B
2021-07-12T14:08:36,500.0,104.7,S
2021-07-12T14:08:31,5000.0,104.8,B
2021-07-12T14:08:30,5000.0,104.7,S
2021-07-12T14:08:29,300.0,104.8,B
2021-07-12T14:08:27,1000.0,104.8,B
2021-07-12T14:08:26,10000.0,104.8,B
2021-07-12T14:08:18,500.0,104.7,S
2021-07-12T14:08:17,1100.0,104.7,S
2021-07-12T14:08:14,100.0,104.8,B
2021-07-12T14:08:10,2100.0,104.7,S
2021-07-12T14:08:01,400.0,104.8,B
2021-07-12T14:07:42,200.0,104.7,S
2021-07-12T14:07:38,100.0,104.7,S
2021-07-12T14:07:37,100.0,104.8,B
2021-07-12T14:07:29,500.0,104.8,B
2021-07-12T14:07:27,500.0,104.8,B
2021-07-12T14:07:27,200.0,104.7,S
2021-07-12T14:07:20,2000.0,104.8,B
2021-07-12T14:07:20,100.0,104.8,B
2021-07-12T14:07:12,2000.0,104.7,S
2021-07-12T14:07:11,5000.0,104.8,B
2021-07-12T14:07:10,2000.0,104.8,B
2021-07-12T14:07:09,500.0,104.7,S
2021-07-12T14:07:09,1500.0,104.7,S
2021-07-12T14:07:09,1000.0,104.8,B
2021-07-12T14:07:06,100.0,104.8,B
2021-07-12T14:06:58,100.0,104.8,B
2021-07-12T14:06:56,500.0,104.7,S
2021-07-12T14:06:53,7800.0,104.8,B
2021-07-12T14:06:52,900.0,104.7,S
2021-07-12T14:06:47,100.0,104.8,B
2021-07-12T14:06:35,300.0,104.8,B
2021-07-12T14:06:32,500.0,104.8,B
2021-07-12T14:06:28,10100.0,104.8,B
2021-07-12T14:06:27,200.0,104.8,B
2021-07-12T14:06:21,200.0,104.7,S
2021-07-12T14:06:20,5000.0,104.8,B
2021-07-12T14:06:16,500.0,104.8,B
2021-07-12T14:06:11,1000.0,104.8,B
2021-07-12T14:06:08,1300.0,104.8,S
2021-07-12T14:06:08,1200.0,104.8,S
2021-07-12T14:06:08,200.0,104.8,S
2021-07-12T14:06:08,11100.0,104.8,S
2021-07-12T14:06:05,300.0,104.8,S
2021-07-12T14:06:05,300.0,104.8,S
2021-07-12T14:06:00,100.0,104.8,S
2021-07-12T14:05:55,10000.0,104.8,S
2021-07-12T14:05:44,100.0,104.8,S
2021-07-12T14:05:31,2000.0,104.8,S
2021-07-12T14:05:22,20000.0,104.8,S
2021-07-12T14:05:18,100.0,104.8,S
2021-07-12T14:05:06,900.0,104.8,S
2021-07-12T14:04:56,5000.0,105.0,B
2021-07-12T14:04:51,10000.0,104.9,B
2021-07-12T14:04:50,5000.0,104.9,B
2021-07-12T14:04:48,400.0,104.9,B
2021-07-12T14:04:39,100.0,105.0,B
2021-07-12T14:04:33,600.0,105.0,B
2021-07-12T14:04:31,1000.0,104.8,S
2021-07-12T14:04:27,7800.0,105.0,B
2021-07-12T14:04:26,100.0,105.0,B
2021-07-12T14:04:19,1000.0,105.0,B
2021-07-12T14:04:16,4700.0,105.0,B
2021-07-12T14:04:16,1000.0,104.8,S
2021-07-12T14:04:12,1000.0,104.8,S
2021-07-12T14:04:11,100.0,105.0,B
2021-07-12T14:04:07,9000.0,104.8,S
2021-07-12T14:04:07,31000.0,104.8,S
2021-07-12T14:04:07,100.0,104.8,S
2021-07-12T14:04:07,500.0,104.9,S
2021-07-12T14:04:07,400.0,104.9,S
2021-07-12T14:04:05,100.0,104.9,S
2021-07-12T14:04:04,1000.0,105.0,B
2021-07-12T14:03:57,9000.0,104.8,S
2021-07-12T14:03:57,1800.0,104.8,S
2021-07-12T14:03:57,400.0,104.8,S
2021-07-12T14:03:57,8800.0,104.8,S
2021-07-12T14:03:50,1000.0,105.0,B
2021-07-12T14:03:46,400.0,105.0,B
2021-07-12T14:03:46,900.0,104.9,B
2021-07-12T14:03:43,200.0,104.9,B
2021-07-12T14:03:25,100.0,104.9,S
2021-07-12T14:03:13,6800.0,104.8,S
2021-07-12T14:03:13,2900.0,104.8,S
2021-07-12T14:03:12,10000.0,104.8,S
2021-07-12T14:03:12,200.0,104.8,S
2021-07-12T14:02:52,300.0,104.8,S
2021-07-12T14:02:51,2300.0,104.8,S
2021-07-12T14:02:48,300.0,105.0,B
2021-07-12T14:02:43,5000.0,104.9,S
2021-07-12T14:02:33,100.0,104.9,S
2021-07-12T14:02:23,200.0,104.9,S
2021-07-12T14:02:20,200.0,105.0,B
2021-07-12T14:01:47,5000.0,105.0,B
2021-07-12T14:01:39,2000.0,104.8,S
2021-07-12T14:01:38,3000.0,104.8,S
2021-07-12T14:01:29,2000.0,104.8,S
2021-07-12T14:01:27,1000.0,104.8,S
2021-07-12T14:01:26,200.0,104.8,S
2021-07-12T14:01:25,100.0,104.9,B
2021-07-12T14:01:22,500.0,104.9,S
2021-07-12T14:01:17,9200.0,104.8,S
2021-07-12T14:01:17,800.0,104.8,S
2021-07-12T14:01:17,500.0,104.8,S
2021-07-12T14:01:17,2000.0,105.0,B
2021-07-12T14:01:14,4700.0,105.0,B
2021-07-12T14:01:11,1000.0,104.8,S
2021-07-12T14:01:09,2000.0,104.8,S
2021-07-12T14:00:56,100.0,104.8,S
2021-07-12T14:00:51,10000.0,104.8,S
2021-07-12T14:00:49,1700.0,104.8,S
2021-07-12T14:00:42,8400.0,104.8,S
2021-07-12T14:00:42,1600.0,104.8,S
2021-07-12T14:00:41,1800.0,104.8,S
2021-07-12T14:00:34,1300.0,104.8,S
2021-07-12T14:00:29,2000.0,104.8,S
2021-07-12T14:00:28,1300.0,104.8,S
2021-07-12T14:00:21,1700.0,104.8,S
2021-07-12T14:00:13,1300.0,104.8,S
2021-07-12T14:00:13,200.0,105.0,B
2021-07-12T14:00:08,1000.0,105.0,B
2021-07-12T14:00:07,300.0,104.9,B
2021-07-12T13:59:58,800.0,105.0,B
2021-07-12T13:59:58,200.0,104.9,B
2021-07-12T13:59:49,800.0,104.8,B
2021-07-12T13:59:48,300.0,104.8,S
2021-07-12T13:59:48,8800.0,104.8,S
2021-07-12T13:59:48,100.0,104.9,S
2021-07-12T13:59:44,500.0,104.8,S
2021-07-12T13:59:41,5000.0,105.0,B
2021-07-12T13:59:38,1000.0,104.8,S
2021-07-12T13:59:34,100.0,104.8,B
2021-07-12T13:59:29,300.0,104.8,B
2021-07-12T13:59:27,300.0,104.7,S
2021-07-12T13:59:27,1000.0,104.7,S
2021-07-12T13:59:27,100.0,104.8,B
2021-07-12T13:59:24,600.0,104.7,S
2021-07-12T13:59:24,500.0,104.7,S
2021-07-12T13:59:24,700.0,104.7,S
2021-07-12T13:59:17,100.0,104.8,B
2021-07-12T13:59:17,100.0,104.8,B
2021-07-12T13:59:14,100.0,104.7,S
2021-07-12T13:59:14,2100.0,104.7,S
2021-07-12T13:59:14,200.0,104.7,S
2021-07-12T13:59:14,7600.0,104.7,S
2021-07-12T13:59:11,100.0,104.7,S
2021-07-12T13:59:11,400.0,104.7,S
2021-07-12T13:59:09,900.0,104.7,S
2021-07-12T13:59:09,1000.0,104.7,S
2021-07-12T13:59:09,800.0,104.7,S
2021-07-12T13:59:09,100.0,104.7,S
2021-07-12T13:59:09,200.0,104.7,S
2021-07-12T13:59:09,800.0,104.7,S
2021-07-12T13:59:09,3800.0,104.7,S
2021-07-12T13:59:09,100.0,104.7,S
2021-07-12T13:59:09,2300.0,104.7,S
2021-07-12T13:59:09,6000.0,104.8,B
2021-07-12T13:59:05,7800.0,105.0,B
2021-07-12T13:59:05,2400.0,104.7,S
2021-07-12T13:59:05,2900.0,104.7,S
2021-07-12T13:59:05,200.0,104.7,S
2021-07-12T13:59:05,800.0,104.7,S
2021-07-12T13:59:05,12800.0,104.7,S
2021-07-12T13:59:05,6000.0,104.8,S
2021-07-12T13:59:05,1600.0,104.9,S
2021-07-12T13:58:56,8400.0,104.9,B
2021-07-12T13:58:51,300.0,104.8,S
2021-07-12T13:58:47,2000.0,104.8,S
2021-07-12T13:58:44,400.0,104.8,S
2021-07-12T13:58:41,1700.0,104.8,S
2021-07-12T13:58:41,8300.0,104.8,S
2021-07-12T13:58:39,200.0,104.8,S
2021-07-12T13:58:37,2000.0,104.8,S
2021-07-12T13:58:30,1000.0,104.8,S
2021-07-12T13:58:29,10000.0,104.8,S
2021-07-12T13:58:28,28500.0,104.8,B
2021-07-12T13:58:23,2000.0,104.7,S
2021-07-12T13:58:19,10000.0,104.7,S
2021-07-12T13:58:12,100.0,104.7,S
2021-07-12T13:58:02,100.0,104.7,S
2021-07-12T13:58:01,100.0,104.7,S
2021-07-12T13:58:00,1300.0,104.8,B
2021-07-12T13:58:00,3700.0,104.8,B
2021-07-12T13:58:00,900.0,104.7,S
2021-07-12T13:57:56,100.0,104.7,S
2021-07-12T13:57:56,500.0,104.7,S
2021-07-12T13:57:56,5900.0,104.7,S
2021-07-12T13:57:56,8000.0,104.7,S
2021-07-12T13:57:56,600.0,104.7,S
2021-07-12T13:57:56,2300.0,104.7,S
2021-07-12T13:57:56,300.0,104.7,S
2021-07-12T13:57:56,3100.0,104.7,S
2021-07-12T13:57:56,2200.0,104.7,S
2021-07-12T13:57:56,5600.0,104.7,S
2021-07-12T13:57:56,100.0,104.7,S
2021-07-12T13:57:56,5200.0,104.7,S
2021-07-12T13:57:56,2100.0,104.7,S
2021-07-12T13:57:56,1000.0,104.7,S
2021-07-12T13:57:56,5000.0,104.7,S
2021-07-12T13:57:56,700.0,104.7,S
2021-07-12T13:57:56,7100.0,104.7,S
2021-07-12T13:57:49,1800.0,104.7,S
2021-07-12T13:57:47,900.0,104.7,S
2021-07-12T13:57:47,300.0,104.7,S
2021-07-12T13:57:47,1300.0,104.7,S
2021-07-12T13:57:47,100.0,104.7,S
2021-07-12T13:57:47,200.0,104.7,S
2021-07-12T13:57:47,7200.0,104.7,S
2021-07-12T13:57:46,3200.0,104.7,S
2021-07-12T13:57:42,100.0,104.7,S
2021-07-12T13:57:38,1100.0,104.7,S
2021-07-12T13:57:36,200.0,104.8,B
2021-07-12T13:57:36,22600.0,104.7,S
2021-07-12T13:57:32,500.0,104.7,S
2021-07-12T13:57:31,2000.0,104.7,S
2021-07-12T13:57:29,9800.0,104.7,S
2021-07-12T13:57:29,100.0,104.7,S
2021-07-12T13:57:29,100.0,104.7,S
2021-07-12T13:57:27,800.0,104.8,B
2021-07-12T13:57:26,200.0,104.7,S
2021-07-12T13:57:26,500.0,104.7,S
2021-07-12T13:57:26,200.0,104.7,S
2021-07-12T13:57:26,200.0,104.7,S
2021-07-12T13:57:25,500.0,104.7,S
2021-07-12T13:57:25,400.0,104.7,S
2021-07-12T13:57:25,100.0,104.7,S
2021-07-12T13:57:20,400.0,104.7,S
2021-07-12T13:57:16,1000.0,104.7,S
2021-07-12T13:57:16,500.0,104.7,S
2021-07-12T13:57:16,600.0,104.7,S
2021-07-12T13:57:16,400.0,104.7,S
2021-07-12T13:57:16,300.0,104.7,S
2021-07-12T13:57:16,1400.0,104.7,S
2021-07-12T13:57:16,100.0,104.7,S
2021-07-12T13:57:16,1200.0,104.7,S
2021-07-12T13:57:16,1500.0,104.7,S
2021-07-12T13:57:16,100.0,104.7,S
2021-07-12T13:57:16,2900.0,104.7,S
2021-07-12T13:57:10,1200.0,104.7,S
2021-07-12T13:57:10,1000.0,104.7,S
2021-07-12T13:57:10,2300.0,104.7,S
2021-07-12T13:57:10,200.0,104.7,S
2021-07-12T13:57:10,3300.0,104.7,S
2021-07-12T13:57:10,2000.0,104.7,S
2021-07-12T13:57:01,100.0,104.7,S
2021-07-12T13:57:00,3000.0,104.7,S
2021-07-12T13:56:57,100.0,104.8,B
2021-07-12T13:56:57,500.0,104.7,S
2021-07-12T13:56:56,2000.0,104.8,B
2021-07-12T13:56:45,200.0,104.8,B
2021-07-12T13:56:43,4700.0,104.8,B
2021-07-12T13:56:41,100.0,104.8,B
2021-07-12T13:56:36,5100.0,104.8,S
2021-07-12T13:56:36,600.0,104.8,S
2021-07-12T13:56:36,600.0,104.8,S
2021-07-12T13:56:36,500.0,104.8,S
2021-07-12T13:56:36,700.0,104.8,S
2021-07-12T13:56:33,600.0,104.8,S
2021-07-12T13:56:33,2400.0,104.8,S
2021-07-12T13:56:32,5100.0,104.8,S
2021-07-12T13:56:32,600.0,104.8,S
2021-07-12T13:56:32,3600.0,104.8,S
2021-07-12T13:56:32,1200.0,104.8,S
2021-07-12T13:56:32,2700.0,104.8,S
2021-07-12T13:56:32,100.0,104.8,S
2021-07-12T13:56:32,4000.0,104.8,S
2021-07-12T13:56:32,2700.0,104.8,S
2021-07-12T13:56:30,1700.0,104.8,S
2021-07-12T13:56:26,800.0,104.8,S
2021-07-12T13:56:26,500.0,104.8,S
2021-07-12T13:56:26,1600.0,104.8,S
2021-07-12T13:56:26,900.0,104.8,S
2021-07-12T13:56:26,300.0,104.8,S
2021-07-12T13:56:26,1100.0,104.8,S
2021-07-12T13:56:26,3300.0,104.8,S
2021-07-12T13:56:26,6000.0,104.8,S
2021-07-12T13:56:26,800.0,104.8,S
2021-07-12T13:56:24,2000.0,104.8,S
2021-07-12T13:56:22,3000.0,104.8,S
2021-07-12T13:56:21,400.0,104.8,S
2021-07-12T13:56:21,600.0,104.8,S
2021-07-12T13:56:21,500.0,104.8,S
2021-07-12T13:56:21,300.0,104.8,S
2021-07-12T13:56:17,50000.0,104.8,S
2021-07-12T13:56:15,1600.0,104.8,S
2021-07-12T13:56:08,1300.0,104.8,S
2021-07-12T13:56:08,400.0,104.9,B
2021-07-12T13:56:05,2400.0,104.8,S
2021-07-12T13:56:03,1200.0,104.8,S
2021-07-12T13:56:00,500.0,104.8,S
2021-07-12T13:55:59,1600.0,104.8,S
2021-07-12T13:55:59,1000.0,104.8,S
2021-07-12T13:55:53,100.0,104.9,B
2021-07-12T13:55:53,5000.0,104.8,S
2021-07-12T13:55:53,1300.0,104.8,S
2021-07-12T13:55:42,5700.0,104.8,S
2021-07-12T13:55:42,300.0,104.8,S
2021-07-12T13:55:42,500.0,104.8,S
2021-07-12T13:55:30,1000.0,104.8,S
2021-07-12T13:55:25,400.0,104.9,B
2021-07-12T13:55:18,200.0,104.8,S
2021-07-12T13:55:15,500.0,104.9,B
2021-07-12T13:55:09,8200.0,104.9,B
2021-07-12T13:55:08,2000.0,104.8,S
2021-07-12T13:54:52,4700.0,104.9,B
2021-07-12T13:54:47,500.0,104.9,B
2021-07-12T13:54:47,1000.0,104.8,S
2021-07-12T13:54:44,1400.0,104.8,S
2021-07-12T13:54:39,200.0,104.9,B
2021-07-12T13:54:37,6000.0,104.8,S
2021-07-12T13:54:37,300.0,104.9,B
2021-07-12T13:54:27,500.0,104.9,B
2021-07-12T13:54:25,100.0,104.9,B
2021-07-12T13:54:21,100.0,104.9,B
2021-07-12T13:54:15,100.0,104.9,B
2021-07-12T13:54:15,500.0,104.8,S
2021-07-12T13:54:10,800.0,104.9,S
2021-07-12T13:54:09,1400.0,104.9,S
2021-07-12T13:54:09,700.0,104.9,S
2021-07-12T13:54:09,200.0,104.9,S
2021-07-12T13:54:09,2400.0,104.9,S
2021-07-12T13:54:09,5300.0,104.9,S
2021-07-12T13:54:09,400.0,104.9,S
2021-07-12T13:54:09,700.0,104.9,S
2021-07-12T13:54:09,400.0,104.9,S
2021-07-12T13:54:07,7000.0,104.9,S
2021-07-12T13:54:06,2700.0,104.9,S
2021-07-12T13:54:06,200.0,104.9,S
2021-07-12T13:54:06,200.0,104.9,S
2021-07-12T13:54:06,2100.0,104.9,S
2021-07-12T13:54:06,800.0,104.9,S
2021-07-12T13:54:06,1200.0,104.9,S
2021-07-12T13:54:06,100.0,104.9,S
2021-07-12T13:54:05,2700.0,104.9,S
2021-07-12T13:54:03,1000.0,104.9,S
2021-07-12T13:53:52,6500.0,104.9,S
2021-07-12T13:53:52,1200.0,104.9,S
2021-07-12T13:53:52,200.0,104.9,S
2021-07-12T13:53:52,1200.0,104.9,S
2021-07-12T13:53:52,100.0,104.9,S
2021-07-12T13:53:51,800.0,104.9,S
2021-07-12T13:53:51,100.0,104.9,S
2021-07-12T13:53:46,100.0,105.0,B
2021-07-12T13:53:35,300.0,104.9,S
2021-07-12T13:53:20,100.0,104.9,S
2021-07-12T13:53:17,500.0,104.9,S
2021-07-12T13:53:15,200.0,105.0,B
2021-07-12T13:53:08,200.0,105.0,B
2021-07-12T13:53:06,1000.0,104.9,S
2021-07-12T13:53:06,1200.0,105.0,B
2021-07-12T13:53:04,100.0,105.0,S
2021-07-12T13:53:01,2100.0,105.2,B
2021-07-12T13:53:01,600.0,105.2,B
2021-07-12T13:53:01,2000.0,105.0,B
2021-07-12T13:52:58,100.0,105.0,B
2021-07-12T13:52:50,1000.0,105.0,B
2021-07-12T13:52:50,1100.0,104.9,S
2021-07-12T13:52:49,2000.0,104.9,S
2021-07-12T13:52:39,4100.0,104.9,S
2021-07-12T13:52:39,3500.0,104.9,S
2021-07-12T13:52:39,400.0,104.9,S
2021-07-12T13:52:39,100.0,104.9,S
2021-07-12T13:52:39,900.0,104.9,S
2021-07-12T13:52:35,100.0,105.0,B
2021-07-12T13:52:31,100.0,105.0,B
2021-07-12T13:52:27,100.0,105.0,B
2021-07-12T13:52:26,100.0,105.0,B
2021-07-12T13:52:26,4700.0,105.0,B
2021-07-12T13:52:25,1700.0,105.0,S
2021-07-12T13:52:22,700.0,105.0,S
2021-07-12T13:52:22,1700.0,105.0,S
2021-07-12T13:52:22,2500.0,105.0,S
2021-07-12T13:52:22,1200.0,105.0,S
2021-07-12T13:52:22,600.0,105.0,S
2021-07-12T13:52:22,400.0,105.0,S
2021-07-12T13:52:22,200.0,105.0,S
2021-07-12T13:52:22,200.0,105.0,S
2021-07-12T13:52:22,500.0,105.0,S
2021-07-12T13:52:22,5100.0,105.0,S
2021-07-12T13:52:22,1100.0,105.0,S
2021-07-12T13:52:22,100.0,105.0,S
2021-07-12T13:52:22,6100.0,105.0,S
2021-07-12T13:52:13,200.0,105.0,S
2021-07-12T13:52:08,300.0,105.0,S
2021-07-12T13:52:06,3200.0,105.0,S
2021-07-12T13:52:06,200.0,105.0,S
2021-07-12T13:52:06,800.0,105.0,S
2021-07-12T13:51:56,100.0,105.2,B
2021-07-12T13:51:52,5000.0,105.0,S
2021-07-12T13:51:37,3000.0,105.3,B
2021-07-12T13:51:30,100.0,105.0,S
2021-07-12T13:51:24,10000.0,105.0,S
2021-07-12T13:51:22,1300.0,105.0,S
2021-07-12T13:51:14,3000.0,105.0,S
2021-07-12T13:51:12,1000.0,105.1,S
2021-07-12T13:51:11,2100.0,105.1,B
2021-07-12T13:51:11,300.0,105.0,S
2021-07-12T13:51:11,1100.0,105.0,S
2021-07-12T13:51:11,2300.0,105.0,S
2021-07-12T13:51:11,200.0,105.0,S
2021-07-12T13:51:11,6100.0,105.0,S
2021-07-12T13:51:10,8000.0,105.0,S
2021-07-12T13:51:02,3000.0,105.0,S
2021-07-12T13:51:02,1800.0,105.0,S
2021-07-12T13:51:02,300.0,105.0,S
2021-07-12T13:51:02,1300.0,105.0,S
2021-07-12T13:51:02,400.0,105.0,S
2021-07-12T13:51:02,700.0,105.0,S
2021-07-12T13:51:02,800.0,105.0,S
2021-07-12T13:51:02,600.0,105.0,S
2021-07-12T13:51:02,1200.0,105.0,S
2021-07-12T13:51:02,2900.0,105.0,S
2021-07-12T13:50:59,3000.0,105.0,S
2021-07-12T13:50:56,2000.0,105.0,S
2021-07-12T13:50:53,100.0,105.0,S
2021-07-12T13:50:52,300.0,105.1,B
2021-07-12T13:50:50,200.0,105.1,B
2021-07-12T13:50:45,1000.0,105.0,S
2021-07-12T13:50:43,300.0,105.0,S
2021-07-12T13:50:38,2000.0,105.1,B
2021-07-12T13:50:35,10000.0,105.0,S
2021-07-12T13:50:34,400.0,105.1,B
2021-07-12T13:50:32,1800.0,105.0,S
2021-07-12T13:50:32,500.0,105.0,S
2021-07-12T13:50:32,1200.0,105.0,S
2021-07-12T13:50:32,600.0,105.0,S
2021-07-12T13:50:32,2000.0,105.0,S
2021-07-12T13:50:32,3900.0,105.0,S
2021-07-12T13:50:32,4700.0,105.1,B
2021-07-12T13:50:28,1800.0,105.0,S
2021-07-12T13:50:28,100.0,105.0,S
2021-07-12T13:50:28,1200.0,105.0,S
2021-07-12T13:50:28,300.0,105.0,S
2021-07-12T13:50:28,1600.0,105.0,S
2021-07-12T13:50:27,100.0,105.0,S
2021-07-12T13:50:27,200.0,105.0,S
2021-07-12T13:50:27,400.0,105.0,S
2021-07-12T13:50:24,800.0,105.0,S
2021-07-12T13:50:24,5000.0,105.0,S
2021-07-12T13:50:22,400.0,105.1,B
2021-07-12T13:50:22,2000.0,105.0,S
2021-07-12T13:50:19,1000.0,105.0,S
2021-07-12T13:50:09,200.0,105.0,S
2021-07-12T13:50:06,10200.0,105.0,S
2021-07-12T13:50:06,2600.0,105.0,S
2021-07-12T13:50:06,1300.0,105.0,S
2021-07-12T13:50:06,100.0,105.0,S
2021-07-12T13:50:06,2800.0,105.0,S
2021-07-12T13:50:05,1000.0,105.1,B
2021-07-12T13:50:04,1600.0,105.0,S
2021-07-12T13:50:04,1200.0,105.0,S
2021-07-12T13:50:04,300.0,105.0,S
2021-07-12T13:50:04,6900.0,105.0,S
2021-07-12T13:50:01,100.0,105.0,S
2021-07-12T13:49:58,5100.0,105.0,S
2021-07-12T13:49:58,7600.0,105.0,S
2021-07-12T13:49:58,100.0,105.0,S
2021-07-12T13:49:58,2200.0,105.0,S
2021-07-12T13:49:58,1000.0,105.0,S
2021-07-12T13:49:58,4000.0,105.0,S
2021-07-12T13:49:58,500.0,105.1,S
2021-07-12T13:49:53,900.0,105.0,S
2021-07-12T13:49:53,700.0,105.0,S
2021-07-12T13:49:53,100.0,105.0,S
2021-07-12T13:49:53,300.0,105.0,S
2021-07-12T13:49:53,2200.0,105.0,S
2021-07-12T13:49:53,1800.0,105.0,S
2021-07-12T13:49:53,600.0,105.0,S
2021-07-12T13:49:53,100.0,105.0,S
2021-07-12T13:49:53,100.0,105.0,S
2021-07-12T13:49:53,1000.0,105.0,S
2021-07-12T13:49:53,1500.0,105.0,S
2021-07-12T13:49:53,100.0,105.0,S
2021-07-12T13:49:53,2400.0,105.0,S
2021-07-12T13:49:53,8200.0,105.0,S
2021-07-12T13:49:50,3000.0,105.0,S
2021-07-12T13:49:48,15700.0,105.0,S
2021-07-12T13:49:47,700.0,105.0,S
2021-07-12T13:49:47,200.0,105.1,S
2021-07-12T13:49:45,10000.0,105.0,S
2021-07-12T13:49:33,5000.0,105.0,S
2021-07-12T13:49:32,100.0,105.3,B
2021-07-12T13:49:22,1000.0,105.0,S
2021-07-12T13:49:20,4700.0,105.3,B
2021-07-12T13:49:19,7000.0,105.3,B
2021-07-12T13:49:19,600.0,105.3,B
2021-07-12T13:49:19,2400.0,105.2,B
2021-07-12T13:49:17,800.0,105.1,B
2021-07-12T13:49:14,100.0,105.0,S
2021-07-12T13:49:11,300.0,105.0,S
2021-07-12T13:49:10,10000.0,105.0,S
2021-07-12T13:49:04,200.0,105.0,S
2021-07-12T13:49:03,2500.0,105.1,S
2021-07-12T13:48:57,1000.0,105.0,S
2021-07-12T13:48:52,400.0,105.1,B
2021-07-12T13:48:49,3300.0,105.0,S
2021-07-12T13:48:41,100.0,105.1,S
2021-07-12T13:48:41,3000.0,105.0,S
2021-07-12T13:48:30,1900.0,105.0,S
2021-07-12T13:48:30,900.0,105.1,S
2021-07-12T13:48:26,4200.0,105.1,B
2021-07-12T13:48:17,1000.0,105.1,B
2021-07-12T13:48:16,100.0,105.1,B
2021-07-12T13:48:15,3000.0,105.1,B
2021-07-12T13:48:14,900.0,105.1,B
2021-07-12T13:48:13,300.0,105.0,S
2021-07-12T13:48:10,4700.0,105.1,B
2021-07-12T13:48:05,500.0,105.1,B
2021-07-12T13:48:00,500.0,105.0,S
2021-07-12T13:47:58,1000.0,105.1,B
2021-07-12T13:47:57,5000.0,105.1,B
2021-07-12T13:47:53,1500.0,105.1,B
2021-07-12T13:47:48,200.0,105.0,S
2021-07-12T13:47:38,100.0,105.1,B
2021-07-12T13:47:36,2000.0,105.1,B
2021-07-12T13:47:35,700.0,105.1,S
2021-07-12T13:47:33,200.0,105.1,S
2021-07-12T13:47:26,600.0,105.1,S
2021-07-12T13:47:21,300.0,105.2,S
2021-07-12T13:47:20,400.0,105.2,S
2021-07-12T13:47:11,500.0,105.0,S
2021-07-12T13:47:09,400.0,105.0,S
2021-07-12T13:47:08,9200.0,105.0,S
2021-07-12T13:47:08,500.0,105.0,S
2021-07-12T13:47:08,100.0,105.0,S
2021-07-12T13:47:08,1100.0,105.1,S
2021-07-12T13:47:08,1000.0,105.1,S
2021-07-12T13:47:08,11800.0,105.1,S
2021-07-12T13:47:08,100.0,105.1,S
2021-07-12T13:47:08,400.0,105.1,S
2021-07-12T13:47:08,3000.0,105.1,S
2021-07-12T13:47:08,1000.0,105.1,S
2021-07-12T13:47:08,3800.0,105.1,S
2021-07-12T13:47:07,200.0,105.3,B
2021-07-12T13:47:05,100.0,105.2,S
2021-07-12T13:47:01,100.0,105.2,S
2021-07-12T13:46:57,200.0,105.2,S
2021-07-12T13:46:54,100.0,105.2,S
2021-07-12T13:46:51,100.0,105.3,B
2021-07-12T13:46:49,200.0,105.2,S
2021-07-12T13:46:49,400.0,105.2,S
2021-07-12T13:46:49,100.0,105.2,S
2021-07-12T13:46:45,200.0,105.1,S
2021-07-12T13:46:40,8200.0,105.1,S
2021-07-12T13:46:40,100.0,105.3,B
2021-07-12T13:46:34,4700.0,105.3,B
2021-07-12T13:46:33,400.0,105.2,S
2021-07-12T13:46:32,300.0,105.2,S
2021-07-12T13:46:31,1000.0,105.2,S
2021-07-12T13:46:30,1900.0,105.3,B
2021-07-12T13:46:28,500.0,105.2,S
2021-07-12T13:46:27,100.0,105.2,S
2021-07-12T13:46:27,1600.0,105.2,S
2021-07-12T13:46:22,500.0,105.2,S
2021-07-12T13:46:19,300.0,105.2,S
2021-07-12T13:46:19,1200.0,105.2,S
2021-07-12T13:46:17,1900.0,105.2,S
2021-07-12T13:46:17,100.0,105.2,S
2021-07-12T13:46:12,100.0,105.3,B
2021-07-12T13:46:12,1700.0,105.2,S
2021-07-12T13:46:06,2400.0,105.3,S
2021-07-12T13:46:05,1600.0,105.3,S
2021-07-12T13:45:57,1200.0,105.3,S
2021-07-12T13:45:54,3000.0,105.3,S
2021-07-12T13:45:54,700.0,105.5,S
2021-07-12T13:45:54,5100.0,105.5,S
2021-07-12T13:45:54,600.0,105.5,S
2021-07-12T13:45:54,3600.0,105.5,S
2021-07-12T13:45:51,100.0,105.5,S
2021-07-12T13:45:51,1200.0,105.5,S
2021-07-12T13:45:50,2000.0,105.5,S
2021-07-12T13:45:47,3600.0,105.5,S
2021-07-12T13:45:47,1400.0,105.5,S
2021-07-12T13:45:46,100.0,105.5,S
2021-07-12T13:45:42,1600.0,105.5,S
2021-07-12T13:45:42,200.0,105.5,S
2021-07-12T13:45:40,5000.0,105.5,S
2021-07-12T13:45:39,100.0,105.5,S
2021-07-12T13:45:35,8000.0,105.5,S
2021-07-12T13:45:34,1300.0,105.5,S
2021-07-12T13:45:31,100.0,105.6,B
2021-07-12T13:45:09,100.0,105.6,B
2021-07-12T13:44:59,100.0,105.6,B
2021-07-12T13:44:57,200.0,105.6,S
2021-07-12T13:44:57,300.0,105.6,S
2021-07-12T13:44:57,1100.0,105.6,S
2021-07-12T13:44:57,1200.0,105.6,S
2021-07-12T13:44:45,9000.0,105.6,S
2021-07-12T13:44:45,800.0,105.6,S
2021-07-12T13:44:45,200.0,105.7,S
2021-07-12T13:44:44,300.0,105.9,B
2021-07-12T13:44:40,300.0,105.6,S
2021-07-12T13:44:40,400.0,105.7,S
2021-07-12T13:44:40,600.0,105.7,S
2021-07-12T13:44:40,400.0,105.7,S
2021-07-12T13:44:36,3100.0,105.9,B
2021-07-12T13:44:32,5400.0,105.9,B
2021-07-12T13:44:29,500.0,105.9,B
2021-07-12T13:44:08,4700.0,105.9,B
2021-07-12T13:44:00,200.0,105.9,B
2021-07-12T13:43:59,500.0,105.9,B
2021-07-12T13:43:58,100.0,105.8,S
2021-07-12T13:43:58,200.0,105.8,S
2021-07-12T13:43:54,100.0,105.8,S
2021-07-12T13:43:49,400.0,105.9,B
2021-07-12T13:43:43,100.0,105.9,B
2021-07-12T13:43:36,300.0,105.9,B
2021-07-12T13:43:29,6600.0,105.9,S
2021-07-12T13:43:22,100.0,106.0,B
2021-07-12T13:43:13,400.0,106.0,B
2021-07-12T13:43:09,100.0,106.0,B
2021-07-12T13:43:06,100.0,106.0,B
2021-07-12T13:43:06,13800.0,106.0,B
2021-07-12T13:43:03,2600.0,106.0,B
2021-07-12T13:43:00,1700.0,106.0,S
2021-07-12T13:43:00,6300.0,106.0,S
2021-07-12T13:43:00,1000.0,106.0,S
2021-07-12T13:43:00,500.0,106.0,S
2021-07-12T13:43:00,6900.0,106.0,S
2021-07-12T13:43:00,200.0,106.0,S
2021-07-12T13:43:00,2400.0,106.0,S
2021-07-12T13:43:00,1400.0,106.0,S
2021-07-12T13:43:00,2300.0,106.0,S
2021-07-12T13:43:00,10100.0,106.0,S
2021-07-12T13:43:00,600.0,106.0,S
2021-07-12T13:43:00,500.0,106.0,S
2021-07-12T13:43:00,4100.0,106.0,S
2021-07-12T13:43:00,500.0,106.0,S
2021-07-12T13:43:00,1100.0,106.1,S
2021-07-12T13:43:00,1300.0,106.1,S
2021-07-12T13:43:00,100.0,106.2,S
2021-07-12T13:43:00,200.0,106.2,S
2021-07-12T13:43:00,3600.0,106.2,S
2021-07-12T13:43:00,600.0,106.3,S
2021-07-12T13:43:00,5500.0,106.3,S
2021-07-12T13:43:00,500.0,106.3,S
2021-07-12T13:43:00,900.0,106.3,S
2021-07-12T13:42:37,100.0,106.4,B
2021-07-12T13:42:31,300.0,106.4,B
2021-07-12T13:42:28,100.0,106.4,B
2021-07-12T13:42:20,800.0,106.4,B
2021-07-12T13:42:20,500.0,106.4,B
2021-07-12T13:42:19,300.0,106.4,B
2021-07-12T13:42:08,1000.0,106.3,S
2021-07-12T13:41:53,100.0,106.4,B
2021-07-12T13:41:43,2800.0,106.4,B
2021-07-12T13:41:37,3100.0,106.4,B
2021-07-12T13:41:36,300.0,106.4,S
2021-07-12T13:41:36,100.0,106.4,S
2021-07-12T13:41:36,400.0,106.4,S
2021-07-12T13:41:36,100.0,106.4,S
2021-07-12T13:41:35,300.0,106.4,S
2021-07-12T13:41:35,23100.0,106.4,S
2021-07-12T13:41:35,800.0,106.5,S
2021-07-12T13:41:35,400.0,106.5,S
2021-07-12T13:41:35,800.0,106.5,S
2021-07-12T13:41:35,10000.0,106.5,S
2021-07-12T13:41:35,500.0,106.5,S
2021-07-12T13:41:35,1100.0,106.5,S
2021-07-12T13:41:35,800.0,106.5,S
2021-07-12T13:41:35,1300.0,106.5,S
2021-07-12T13:41:35,13200.0,106.5,S
2021-07-12T13:41:33,200.0,106.6,B
2021-07-12T13:41:24,4000.0,106.5,S
2021-07-12T13:41:17,500.0,106.5,S
2021-07-12T13:41:10,10000.0,106.5,S
2021-07-12T13:40:50,100.0,106.5,S
2021-07-12T13:40:46,500.0,106.5,S
2021-07-12T13:40:43,200.0,106.6,B
2021-07-12T13:40:39,500.0,106.6,B
2021-07-12T13:40:35,4000.0,106.5,S
2021-07-12T13:40:29,200.0,106.5,S
2021-07-12T13:40:28,100.0,106.5,S
2021-07-12T13:40:24,100.0,106.6,B
2021-07-12T13:40:16,100.0,106.5,S
2021-07-12T13:40:15,100.0,106.5,S
2021-07-12T13:40:14,10000.0,106.5,S
2021-07-12T13:40:06,100.0,106.5,S
2021-07-12T13:40:01,4200.0,106.5,S
2021-07-12T13:40:01,800.0,106.5,S
2021-07-12T13:39:59,100.0,106.5,S
2021-07-12T13:39:58,100.0,106.5,S
2021-07-12T13:39:57,300.0,106.5,S
2021-07-12T13:39:55,5000.0,106.5,S
2021-07-12T13:39:53,200.0,106.5,S
2021-07-12T13:39:49,3000.0,106.5,S
2021-07-12T13:39:45,300.0,106.5,S
2021-07-12T13:39:43,600.0,106.7,B
2021-07-12T13:39:36,2000.0,106.7,B
2021-07-12T13:39:36,100.0,106.7,B
2021-07-12T13:39:34,10000.0,106.5,S
2021-07-12T13:39:25,300.0,106.5,S
2021-07-12T13:39:25,200.0,106.5,S
2021-07-12T13:39:25,1000.0,106.5,S
2021-07-12T13:39:22,2000.0,106.5,S
2021-07-12T13:39:22,2000.0,106.5,S
2021-07-12T13:39:20,1300.0,106.5,S
2021-07-12T13:39:11,1700.0,106.5,S
2021-07-12T13:39:06,200.0,106.6,S
2021-07-12T13:39:03,5000.0,106.5,S
2021-07-12T13:38:41,500.0,106.5,S
2021-07-12T13:38:36,500.0,106.5,S
2021-07-12T13:38:33,6200.0,106.5,S
2021-07-12T13:38:33,10000.0,106.5,S
2021-07-12T13:38:33,8800.0,106.5,S
2021-07-12T13:38:27,200.0,106.6,S
2021-07-12T13:38:27,100.0,106.6,S
2021-07-12T13:38:22,600.0,106.6,S
2021-07-12T13:38:22,1400.0,106.6,S
2021-07-12T13:37:58,1500.0,106.7,B
2021-07-12T13:37:58,100.0,106.6,S
2021-07-12T13:37:50,300.0,106.6,S
2021-07-12T13:37:50,800.0,106.6,S
2021-07-12T13:37:50,400.0,106.6,S
2021-07-12T13:37:39,1400.0,106.7,S
2021-07-12T13:37:28,500.0,106.9,B
2021-07-12T13:37:15,7000.0,106.6,S
2021-07-12T13:37:08,5000.0,106.6,S
2021-07-12T13:37:07,1500.0,106.9,B
2021-07-12T13:36:39,100.0,106.9,B
2021-07-12T13:36:30,100.0,106.9,B
2021-07-12T13:36:24,100.0,106.9,B
2021-07-12T13:36:20,100.0,106.9,B
2021-07-12T13:35:53,600.0,106.9,B
2021-07-12T13:35:52,4700.0,106.9,B
2021-07-12T13:35:50,8200.0,106.7,S
2021-07-12T13:35:22,2500.0,106.7,S
2021-07-12T13:34:36,100.0,106.9,B
2021-07-12T13:34:30,900.0,106.6,S
2021-07-12T13:34:23,100.0,106.9,B
2021-07-12T13:34:12,3100.0,106.9,B
2021-07-12T13:33:55,1300.0,106.9,S
2021-07-12T13:33:40,2500.0,106.9,B
2021-07-12T13:33:39,15000.0,106.6,S
2021-07-12T13:33:39,200.0,106.6,S
2021-07-12T13:33:39,4500.0,106.6,S
2021-07-12T13:33:39,400.0,106.6,S
2021-07-12T13:33:39,200.0,106.6,S
2021-07-12T13:33:33,300.0,106.7,S
2021-07-12T13:33:28,100.0,106.7,S
2021-07-12T13:32:40,200.0,107.0,B
2021-07-12T13:32:03,200.0,107.0,B
2021-07-12T13:32:02,4700.0,107.0,B
2021-07-12T13:32:02,300.0,106.9,B
2021-07-12T13:30:32,1000.0,107.0,B
2021-07-12T13:30:30,4300.0,107.0,B
2021-07-12T13:30:30,2200.0,107.0,B
2021-07-12T13:30:30,13500.0,106.9,B
2021-07-12T13:30:25,600.0,106.9,B
2021-07-12T13:30:08,100.0,106.9,B
2021-07-12T13:30:03,500.0,106.9,B
2021-07-12T13:30:01,100.0,106.9,S
2021-07-12T13:30:01,100.0,106.9,S
2021-07-12T13:30:01,5200.0,106.9,S
2021-07-12T13:29:57,1600.0,106.9,S
2021-07-12T13:29:57,1000.0,106.9,S
2021-07-12T13:29:56,2000.0,106.9,S
2021-07-12T13:29:48,100.0,106.9,S
2021-07-12T13:29:48,1600.0,106.9,S
2021-07-12T13:29:37,1600.0,106.9,S
2021-07-12T13:29:33,500.0,107.0,B
2021-07-12T13:29:29,1500.0,107.0,B
2021-07-12T13:29:25,100.0,107.0,B
2021-07-12T13:29:23,200.0,107.0,B
2021-07-12T13:29:19,200.0,107.0,B
2021-07-12T13:29:18,3400.0,107.0,B
2021-07-12T13:29:14,1000.0,107.0,B
2021-07-12T13:29:12,300.0,106.9,S
2021-07-12T13:29:07,1000.0,107.0,B
2021-07-12T13:29:05,1500.0,107.0,B
2021-07-12T13:29:03,500.0,107.0,B
2021-07-12T13:29:02,5000.0,107.0,B
2021-07-12T13:28:56,800.0,107.0,B
2021-07-12T13:28:54,6000.0,107.0,B
2021-07-12T13:28:48,600.0,107.0,B
2021-07-12T13:28:46,200.0,107.0,B
2021-07-12T13:28:42,200.0,107.0,B
2021-07-12T13:28:36,1000.0,106.9,S
2021-07-12T13:28:33,200.0,107.0,B
2021-07-12T13:28:28,2000.0,107.0,B
2021-07-12T13:28:23,1500.0,107.0,B
2021-07-12T13:28:23,800.0,107.0,B
2021-07-12T13:28:20,20000.0,107.0,B
2021-07-12T13:28:17,1000.0,106.9,S
2021-07-12T13:28:16,1800.0,107.0,B
2021-07-12T13:28:16,3000.0,107.0,B
2021-07-12T13:28:16,5200.0,107.0,B
2021-07-12T13:28:13,200.0,107.0,B
2021-07-12T13:28:10,2900.0,107.0,B
2021-07-12T13:28:07,2300.0,107.0,B
2021-07-12T13:28:03,500.0,107.0,B
2021-07-12T13:27:59,400.0,107.0,S
2021-07-12T13:27:59,3000.0,107.0,S
2021-07-12T13:27:59,500.0,107.0,S
2021-07-12T13:27:59,1100.0,107.0,S
2021-07-12T13:27:59,900.0,107.0,S
2021-07-12T13:27:59,3300.0,107.0,S
2021-07-12T13:27:56,1000.0,107.0,S
2021-07-12T13:27:38,500.0,107.0,S
2021-07-12T13:27:23,500.0,107.0,S
2021-07-12T13:27:04,4700.0,107.0,B
2021-07-12T13:27:03,500.0,107.0,B
2021-07-12T13:26:59,10000.0,107.0,B
2021-07-12T13:26:55,500.0,107.0,B
2021-07-12T13:26:51,900.0,106.9,S
2021-07-12T13:26:50,4900.0,107.0,B
2021-07-12T13:26:48,10000.0,107.0,B
2021-07-12T13:26:43,900.0,107.0,B
2021-07-12T13:26:39,18500.0,107.0,S
2021-07-12T13:26:34,1300.0,107.4,B
2021-07-12T13:26:29,100.0,107.0,S
2021-07-12T13:26:23,100.0,107.4,B
2021-07-12T13:26:18,1200.0,107.4,B
2021-07-12T13:26:16,1000.0,107.4,B
2021-07-12T13:26:13,600.0,107.4,B
2021-07-12T13:26:11,1000.0,107.4,B
2021-07-12T13:26:09,10000.0,107.0,S
2021-07-12T13:26:06,1000.0,107.3,B
2021-07-12T13:26:04,200.0,107.0,S
2021-07-12T13:26:03,1300.0,107.3,B
2021-07-12T13:26:02,100.0,107.0,S
2021-07-12T13:26:00,600.0,107.0,S
2021-07-12T13:25:59,1000.0,107.2,B
2021-07-12T13:25:59,1600.0,107.1,B
2021-07-12T13:25:54,6100.0,107.0,B
2021-07-12T13:25:53,1000.0,107.0,B
2021-07-12T13:25:53,1200.0,107.0,B
2021-07-12T13:25:53,900.0,107.0,B
2021-07-12T13:25:51,10000.0,107.0,B
2021-07-12T13:25:45,8000.0,107.0,B
2021-07-12T13:25:42,100.0,107.0,B
2021-07-12T13:25:39,500.0,107.0,B
2021-07-12T13:25:38,1300.0,107.0,B
2021-07-12T13:25:35,1000.0,107.0,B
2021-07-12T13:25:35,300.0,106.9,B
2021-07-12T13:25:35,200.0,106.7,B
2021-07-12T13:25:27,1100.0,106.6,B
2021-07-12T13:25:27,100.0,106.6,B
2021-07-12T13:25:27,1500.0,106.6,B
2021-07-12T13:25:23,1700.0,106.6,B
2021-07-12T13:25:23,200.0,106.6,B
2021-07-12T13:25:23,2000.0,106.6,B
2021-07-12T13:25:22,1500.0,106.6,B
2021-07-12T13:25:15,500.0,106.6,B
2021-07-12T13:25:15,2000.0,106.6,B
2021-07-12T13:25:13,1000.0,106.5,S
2021-07-12T13:25:12,200.0,106.6,B
2021-07-12T13:25:03,100.0,106.6,B
2021-07-12T13:24:57,2000.0,106.6,B
2021-07-12T13:24:51,100.0,106.6,B
2021-07-12T13:24:48,1500.0,106.5,S
2021-07-12T13:24:38,100.0,106.6,B
2021-07-12T13:24:02,100.0,106.6,B
2021-07-12T13:24:02,500.0,106.6,B
2021-07-12T13:24:02,9400.0,106.6,B
2021-07-12T13:24:02,600.0,106.6,B
2021-07-12T13:23:57,300.0,106.5,S
2021-07-12T13:23:45,100.0,106.6,B
2021-07-12T13:23:21,10000.0,106.5,S
2021-07-12T13:23:17,100.0,106.5,S
2021-07-12T13:23:11,3300.0,106.5,B
2021-07-12T13:23:09,300.0,106.4,S
2021-07-12T13:22:56,300.0,106.5,B
2021-07-12T13:22:54,300.0,106.5,B
2021-07-12T13:22:51,100.0,106.4,S
2021-07-12T13:22:48,100.0,106.4,S
2021-07-12T13:22:45,200.0,106.5,B
2021-07-12T13:22:43,300.0,106.4,S
2021-07-12T13:22:41,1000.0,106.4,S
2021-07-12T13:22:34,10000.0,106.4,S
2021-07-12T13:22:33,500.0,106.4,S
2021-07-12T13:22:33,700.0,106.5,B
2021-07-12T13:22:31,10000.0,106.5,B
2021-07-12T13:22:24,4700.0,106.4,B
2021-07-12T13:22:22,600.0,106.4,B
2021-07-12T13:22:20,800.0,106.4,S
2021-07-12T13:22:20,1900.0,106.4,S
2021-07-12T13:22:14,10000.0,106.4,S
2021-07-12T13:22:07,4000.0,106.4,S
2021-07-12T13:22:05,200.0,106.5,B
2021-07-12T13:22:03,200.0,106.4,S
2021-07-12T13:21:58,100.0,106.4,S
2021-07-12T13:21:57,100.0,106.4,S
2021-07-12T13:21:55,3700.0,106.4,S
2021-07-12T13:21:55,6300.0,106.4,S
2021-07-12T13:21:52,1300.0,106.4,S
2021-07-12T13:21:46,1300.0,106.4,S
2021-07-12T13:21:43,400.0,106.5,B
2021-07-12T13:21:43,600.0,106.5,B
2021-07-12T13:21:39,300.0,106.5,B
2021-07-12T13:21:39,200.0,106.5,B
2021-07-12T13:21:38,1100.0,106.4,S
2021-07-12T13:21:38,200.0,106.4,S
2021-07-12T13:21:33,200.0,106.5,S
2021-07-12T13:21:33,1200.0,106.5,S
2021-07-12T13:21:33,100.0,106.5,S
2021-07-12T13:21:33,900.0,106.5,S
2021-07-12T13:21:33,500.0,106.5,S
2021-07-12T13:21:33,5000.0,106.5,S
2021-07-12T13:21:33,100.0,106.5,S
2021-07-12T13:21:33,400.0,106.5,S
2021-07-12T13:21:33,5500.0,106.5,S
2021-07-12T13:21:33,5300.0,106.5,S
2021-07-12T13:21:29,1800.0,106.5,S
2021-07-12T13:21:28,2700.0,106.5,S
2021-07-12T13:21:24,1200.0,106.5,S
2021-07-12T13:21:16,1700.0,106.5,S
2021-07-12T13:21:15,200.0,106.5,S
2021-07-12T13:21:14,2700.0,106.5,S
2021-07-12T13:21:12,2000.0,106.5,S
2021-07-12T13:21:09,1700.0,106.5,S
2021-07-12T13:21:07,100.0,106.5,S
2021-07-12T13:21:06,300.0,106.5,S
2021-07-12T13:21:05,1900.0,106.5,S
2021-07-12T13:21:03,2700.0,106.5,S
2021-07-12T13:21:02,1300.0,106.5,S
2021-07-12T13:20:54,1300.0,106.5,S
2021-07-12T13:20:54,1000.0,106.9,B
2021-07-12T13:20:51,1000.0,106.5,S
2021-07-12T13:20:48,1600.0,106.5,S
2021-07-12T13:20:46,500.0,106.5,S
2021-07-12T13:20:45,1000.0,106.9,B
2021-07-12T13:20:45,100.0,106.5,S
2021-07-12T13:20:41,2700.0,106.5,S
2021-07-12T13:20:41,1000.0,106.5,S
2021-07-12T13:20:39,1600.0,106.5,S
2021-07-12T13:20:38,200.0,106.5,S
2021-07-12T13:20:34,300.0,106.5,S
2021-07-12T13:20:31,1200.0,106.5,S
2021-07-12T13:20:26,3200.0,106.5,S
2021-07-12T13:20:22,1600.0,106.5,S
2021-07-12T13:20:15,1500.0,106.5,S
2021-07-12T13:20:08,200.0,106.6,S
2021-07-12T13:20:07,2700.0,106.6,S
2021-07-12T13:20:05,1700.0,106.6,S
2021-07-12T13:20:04,600.0,106.6,S
2021-07-12T13:20:04,400.0,106.6,S
2021-07-12T13:20:04,1600.0,106.7,S
2021-07-12T13:20:01,600.0,106.7,S
2021-07-12T13:19:57,600.0,106.7,S
2021-07-12T13:19:57,2700.0,106.7,S
2021-07-12T13:19:55,1800.0,106.7,S
2021-07-12T13:19:46,100.0,106.7,S
2021-07-12T13:19:42,100.0,106.7,S
2021-07-12T13:19:39,200.0,106.7,S
2021-07-12T13:19:35,600.0,106.7,S
2021-07-12T13:19:28,600.0,106.7,S
2021-07-12T13:19:26,6600.0,107.0,B
2021-07-12T13:19:23,600.0,106.7,S
2021-07-12T13:19:22,1000.0,106.9,S
2021-07-12T13:19:16,1800.0,106.7,S
2021-07-12T13:19:15,3000.0,107.0,B
2021-07-12T13:19:12,100.0,106.7,S
2021-07-12T13:19:12,500.0,106.7,S
2021-07-12T13:19:12,300.0,106.9,S
2021-07-12T13:19:12,400.0,106.9,S
2021-07-12T13:19:12,300.0,106.9,S
2021-07-12T13:19:12,6300.0,106.9,S
2021-07-12T13:19:07,15900.0,107.0,B
2021-07-12T13:19:07,2200.0,107.0,B
2021-07-12T13:19:07,1900.0,107.0,B
2021-07-12T13:19:04,100.0,106.9,S
2021-07-12T13:18:56,900.0,106.9,S
2021-07-12T13:18:41,500.0,106.9,S
2021-07-12T13:18:31,1000.0,107.0,B
2021-07-12T13:18:24,500.0,107.0,B
2021-07-12T13:18:21,200.0,107.0,B
2021-07-12T13:18:14,10000.0,107.0,B
2021-07-12T13:18:13,900.0,107.0,B
2021-07-12T13:18:09,500.0,107.0,B
2021-07-12T13:18:08,2100.0,107.1,B
2021-07-12T13:18:08,2900.0,107.1,B
2021-07-12T13:18:08,400.0,107.0,S
2021-07-12T13:18:08,2700.0,107.0,S
2021-07-12T13:18:05,10000.0,107.0,S
2021-07-12T13:18:00,100.0,107.0,S
2021-07-12T13:17:51,2000.0,107.0,S
2021-07-12T13:17:45,2000.0,107.0,S
2021-07-12T13:17:44,1000.0,107.0,S
2021-07-12T13:17:36,1500.0,107.0,S
2021-07-12T13:17:34,100.0,107.0,S
2021-07-12T13:17:27,200.0,107.0,S
2021-07-12T13:17:26,300.0,107.1,B
2021-07-12T13:17:24,500.0,107.0,S
2021-07-12T13:17:23,200.0,107.0,S
2021-07-12T13:17:20,200.0,107.0,S
2021-07-12T13:17:14,200.0,107.0,S
2021-07-12T13:17:08,100.0,107.0,B
2021-07-12T13:17:08,10000.0,106.9,S
2021-07-12T13:17:07,200.0,106.9,S
2021-07-12T13:17:00,200.0,106.9,S
2021-07-12T13:16:56,200.0,106.9,S
2021-07-12T13:16:52,1300.0,106.9,S
2021-07-12T13:16:52,3700.0,107.0,S
2021-07-12T13:16:50,100.0,107.1,S
2021-07-12T13:16:47,300.0,107.0,S
2021-07-12T13:16:46,400.0,107.0,S
2021-07-12T13:16:45,5000.0,107.0,S
2021-07-12T13:16:38,2000.0,107.0,B
2021-07-12T13:16:32,200.0,107.0,B
2021-07-12T13:16:29,2800.0,107.0,S
2021-07-12T13:16:24,2000.0,107.0,S
2021-07-12T13:16:20,700.0,107.0,B
2021-07-12T13:16:14,9600.0,106.9,S
2021-07-12T13:16:01,1300.0,106.9,S
2021-07-12T13:15:59,1100.0,106.9,S
2021-07-12T13:15:54,2000.0,107.0,S
2021-07-12T13:15:54,600.0,107.0,S
2021-07-12T13:15:49,300.0,107.0,S
2021-07-12T13:15:49,1000.0,107.0,S
2021-07-12T13:15:49,100.0,107.0,S
2021-07-12T13:15:49,200.0,107.0,S
2021-07-12T13:15:41,4000.0,107.0,S
2021-07-12T13:15:37,1700.0,107.0,S
2021-07-12T13:15:28,1000.0,107.0,S
2021-07-12T13:15:26,1700.0,107.0,S
2021-07-12T13:15:22,100.0,107.4,B
2021-07-12T13:15:20,2000.0,107.4,B
2021-07-12T13:15:18,300.0,107.4,B
2021-07-12T13:15:13,100.0,107.4,B
2021-07-12T13:15:09,400.0,107.4,B
2021-07-12T13:14:58,1000.0,107.4,B
2021-07-12T13:14:44,100.0,107.4,S
2021-07-12T13:14:44,200.0,107.4,S
2021-07-12T13:14:42,600.0,107.4,S
2021-07-12T13:14:42,200.0,107.4,S
2021-07-12T13:14:42,1200.0,107.4,S
2021-07-12T13:14:34,100.0,107.5,B
2021-07-12T13:14:31,10100.0,107.4,S
2021-07-12T13:14:27,100.0,107.4,S
2021-07-12T13:14:24,3000.0,107.4,S
2021-07-12T13:14:04,1300.0,107.4,S
2021-07-12T13:14:02,200.0,107.6,B
2021-07-12T13:14:02,700.0,107.6,B
2021-07-12T13:13:54,100.0,107.6,B
2021-07-12T13:13:48,1000.0,107.4,S
2021-07-12T13:13:48,4000.0,107.5,B
2021-07-12T13:13:48,4000.0,107.5,B
2021-07-12T13:13:42,3000.0,107.4,S
2021-07-12T13:13:41,1000.0,107.4,B
2021-07-12T13:13:36,400.0,107.4,B
2021-07-12T13:13:32,8400.0,107.4,B
2021-07-12T13:13:26,100.0,107.4,B
2021-07-12T13:13:11,100.0,107.4,B
2021-07-12T13:12:25,5000.0,107.0,S
2021-07-12T13:12:16,1000.0,107.0,S
2021-07-12T13:12:08,4800.0,107.0,B
2021-07-12T13:12:01,300.0,107.0,B
2021-07-12T13:11:57,7000.0,107.0,B
2021-07-12T13:11:57,300.0,107.0,B
2021-07-12T13:11:50,1300.0,107.0,B
2021-07-12T13:11:50,300.0,107.0,B
2021-07-12T13:11:46,1300.0,107.0,S
2021-07-12T13:11:46,4300.0,107.0,S
2021-07-12T13:11:46,500.0,107.0,S
2021-07-12T13:11:45,500.0,107.1,S
2021-07-12T13:11:40,1300.0,107.5,B
2021-07-12T13:11:39,400.0,107.0,S
2021-07-12T13:11:39,2400.0,107.0,S
2021-07-12T13:11:32,1000.0,107.0,S
2021-07-12T13:11:25,300.0,107.4,B
2021-07-12T13:11:24,1600.0,107.4,B
2021-07-12T13:11:24,5000.0,107.3,B
2021-07-12T13:11:17,500.0,107.0,S
2021-07-12T13:10:45,1800.0,107.3,B
2021-07-12T13:10:39,3000.0,107.0,S
2021-07-12T13:10:32,6500.0,107.0,S
2021-07-12T13:10:29,1600.0,107.0,B
2021-07-12T13:10:22,500.0,107.0,B
2021-07-12T13:09:53,1100.0,107.0,B
2021-07-12T13:09:45,300.0,107.0,B
2021-07-12T13:09:45,300.0,107.0,B
2021-07-12T13:09:41,7100.0,107.0,S
2021-07-12T13:09:33,3400.0,107.0,S
2021-07-12T13:09:32,100.0,106.9,S
2021-07-12T13:09:31,500.0,107.0,B
2021-07-12T13:09:28,1100.0,107.0,B
2021-07-12T13:09:28,8900.0,107.0,B
2021-07-12T13:09:14,700.0,107.0,S
2021-07-12T13:09:14,200.0,107.0,S
2021-07-12T13:09:14,200.0,107.0,S
2021-07-12T13:09:13,200.0,107.0,S
2021-07-12T13:09:09,300.0,107.0,S
2021-07-12T13:09:07,300.0,107.0,S
2021-07-12T13:09:07,7700.0,107.0,S
2021-07-12T13:09:02,300.0,107.1,S
2021-07-12T13:08:57,300.0,107.1,S
2021-07-12T13:08:52,300.0,107.1,S
2021-07-12T13:08:49,500.0,107.1,S
2021-07-12T13:08:49,4000.0,107.1,S
2021-07-12T13:08:47,300.0,107.1,S
2021-07-12T13:08:44,2000.0,107.1,S
2021-07-12T13:08:42,300.0,107.2,S
2021-07-12T13:08:42,100.0,107.3,B
2021-07-12T13:08:40,1000.0,107.2,S
2021-07-12T13:08:39,3000.0,107.2,S
2021-07-12T13:08:32,400.0,107.3,B
2021-07-12T13:08:30,100.0,107.2,S
2021-07-12T13:08:28,200.0,107.3,B
2021-07-12T13:08:26,600.0,107.3,B
2021-07-12T13:08:24,13400.0,107.3,S
2021-07-12T13:08:22,100.0,107.3,S
2021-07-12T13:08:16,200.0,107.3,S
2021-07-12T13:08:11,300.0,107.3,S
2021-07-12T13:08:04,300.0,107.3,S
2021-07-12T13:07:58,300.0,107.3,S
2021-07-12T13:07:56,500.0,107.3,S
2021-07-12T13:07:53,300.0,107.3,S
2021-07-12T13:07:53,100.0,107.5,S
2021-07-12T13:07:48,300.0,107.4,S
2021-07-12T13:07:44,300.0,107.3,S
2021-07-12T13:07:33,500.0,107.5,B
2021-07-12T13:07:33,100.0,107.3,S
2021-07-12T13:07:24,1000.0,107.3,S
2021-07-12T13:07:21,800.0,107.5,B
2021-07-12T13:07:12,200.0,107.3,S
2021-07-12T13:07:07,300.0,107.3,S
2021-07-12T13:07:06,200.0,107.5,B
2021-07-12T13:07:04,1000.0,107.5,B
2021-07-12T13:07:04,700.0,107.5,B
2021-07-12T13:07:04,200.0,107.5,B
2021-07-12T13:07:04,3100.0,107.5,B
2021-07-12T13:07:04,200.0,107.3,S
2021-07-12T13:07:03,100.0,107.3,S
2021-07-12T13:07:00,300.0,107.3,S
2021-07-12T13:06:55,300.0,107.3,S
2021-07-12T13:06:53,2000.0,107.3,S
2021-07-12T13:06:51,300.0,107.3,S
2021-07-12T13:06:46,300.0,107.3,S
2021-07-12T13:06:46,1600.0,107.5,B
2021-07-12T13:06:38,300.0,107.3,S
2021-07-12T13:06:32,500.0,107.5,B
2021-07-12T13:06:31,100.0,107.5,B
2021-07-12T13:06:29,100.0,107.5,B
2021-07-12T13:06:29,3000.0,107.5,B
2021-07-12T13:06:21,600.0,107.5,B
2021-07-12T13:06:19,10000.0,107.5,B
2021-07-12T13:06:17,800.0,107.3,S
2021-07-12T13:06:17,1200.0,107.3,S
2021-07-12T13:06:17,100.0,107.3,S
2021-07-12T13:06:13,400.0,107.3,S
2021-07-12T13:06:08,400.0,107.3,S
2021-07-12T13:06:04,1300.0,107.3,S
2021-07-12T13:06:04,100.0,107.3,B
2021-07-12T13:06:03,400.0,107.2,S
2021-07-12T13:06:02,100.0,107.2,S
2021-07-12T13:05:59,400.0,107.2,S
2021-07-12T13:05:58,100.0,107.3,B
2021-07-12T13:05:58,500.0,107.2,S
2021-07-12T13:05:52,300.0,107.2,S
2021-07-12T13:05:44,200.0,107.3,B
2021-07-12T13:05:38,200.0,107.2,S
2021-07-12T13:05:38,500.0,107.3,B
2021-07-12T13:05:36,1400.0,107.3,B
2021-07-12T13:05:35,200.0,107.3,B
2021-07-12T13:05:33,3200.0,107.3,B
2021-07-12T13:05:31,2000.0,107.2,S
2021-07-12T13:05:30,100.0,107.3,B
2021-07-12T13:05:24,1800.0,107.2,B
2021-07-12T13:05:24,100.0,107.2,B
2021-07-12T13:05:11,1100.0,107.2,B
2021-07-12T13:05:10,300.0,107.2,B
2021-07-12T13:05:10,17900.0,107.2,B
2021-07-12T13:05:10,2100.0,107.2,B
2021-07-12T13:05:09,1200.0,107.1,S
2021-07-12T13:05:09,800.0,107.1,S
2021-07-12T13:04:55,100.0,107.2,B
2021-07-12T13:04:47,100.0,107.2,B
2021-07-12T13:04:45,100.0,107.2,B
2021-07-12T13:04:41,100.0,107.2,B
2021-07-12T13:04:39,500.0,107.2,B
2021-07-12T13:04:35,2000.0,107.2,B
2021-07-12T13:04:30,200.0,107.3,B
2021-07-12T13:04:19,100.0,107.3,B
2021-07-12T13:04:10,100.0,107.3,B
2021-07-12T13:04:08,2000.0,107.3,B
2021-07-12T13:04:00,500.0,107.3,B
2021-07-12T13:03:59,1000.0,107.3,B
2021-07-12T13:03:59,9000.0,107.2,B
2021-07-12T13:03:56,300.0,107.3,B
2021-07-12T13:03:55,900.0,107.1,S
2021-07-12T13:03:50,300.0,107.2,B
2021-07-12T13:03:45,800.0,107.2,B
2021-07-12T13:03:43,100.0,107.2,B
2021-07-12T13:03:32,100.0,107.1,S
2021-07-12T13:03:32,100.0,107.1,S
2021-07-12T13:03:32,5000.0,107.2,B
2021-07-12T13:03:31,1400.0,107.2,B
2021-07-12T13:03:31,100.0,107.2,B
2021-07-12T13:03:16,100.0,107.2,B
2021-07-12T13:03:08,1500.0,107.2,B
2021-07-12T13:03:07,100.0,107.2,B
2021-07-12T13:02:58,300.0,107.2,B
2021-07-12T13:02:54,1600.0,107.2,B
2021-07-12T13:02:54,300.0,107.2,B
2021-07-12T13:02:42,1200.0,107.2,B
2021-07-12T13:02:37,100.0,107.1,B
2021-07-12T13:02:34,100.0,107.1,B
2021-07-12T13:02:32,300.0,107.1,B
2021-07-12T13:02:31,100.0,107.1,B
2021-07-12T13:02:30,500.0,107.1,B
2021-07-12T13:02:30,1000.0,107.0,S
2021-07-12T13:02:29,1300.0,107.1,B
2021-07-12T13:02:16,100.0,107.0,S
2021-07-12T13:02:16,100.0,107.1,B
2021-07-12T13:02:13,1500.0,107.1,B
2021-07-12T13:02:12,500.0,107.1,B
2021-07-12T13:02:06,100.0,107.1,B
2021-07-12T13:02:06,400.0,107.1,B
2021-07-12T13:02:03,700.0,107.1,B
2021-07-12T13:02:02,7800.0,107.1,B
2021-07-12T13:02:01,100.0,107.1,B
2021-07-12T13:01:59,1600.0,107.1,B
2021-07-12T13:01:58,100.0,107.1,B
2021-07-12T13:01:58,600.0,107.0,B
2021-07-12T13:01:55,300.0,107.0,B
2021-07-12T13:01:54,700.0,107.0,B
2021-07-12T13:01:50,100.0,107.0,B
2021-07-12T13:01:48,100.0,107.0,B
2021-07-12T13:01:47,700.0,107.0,B
2021-07-12T13:01:46,1300.0,107.0,B
2021-07-12T13:01:46,1400.0,107.0,B
2021-07-12T13:01:45,5500.0,107.0,B
2021-07-12T13:01:45,20300.0,107.0,B
2021-07-12T13:01:45,1200.0,107.0,B
2021-07-12T13:01:40,800.0,107.0,B
2021-07-12T13:01:40,700.0,107.0,B
2021-07-12T13:01:40,3000.0,107.0,B
2021-07-12T13:01:38,200.0,107.0,B
2021-07-12T13:01:35,13200.0,107.0,B
2021-07-12T13:01:35,700.0,107.0,B
2021-07-12T13:01:31,300.0,107.0,B
2021-07-12T13:01:30,700.0,107.0,B
2021-07-12T13:01:28,1200.0,107.0,B
2021-07-12T13:01:28,6100.0,106.9,B
2021-07-12T13:01:22,500.0,106.9,B
2021-07-12T13:01:17,1800.0,106.9,B
2021-07-12T13:01:07,2000.0,106.7,B
2021-07-12T13:01:07,7700.0,106.7,B
2021-07-12T13:01:05,100.0,106.7,B
2021-07-12T13:01:05,1700.0,106.7,B
2021-07-12T13:01:02,2500.0,106.7,B
2021-07-12T13:01:02,300.0,106.5,S
2021-07-12T13:01:01,100.0,106.7,B
2021-07-12T13:00:58,2500.0,106.7,B
2021-07-12T13:00:52,1000.0,106.7,B
2021-07-12T13:00:51,100.0,106.5,S
2021-07-12T13:00:49,1300.0,106.7,B
2021-07-12T13:00:47,500.0,106.5,S
2021-07-12T13:00:46,100.0,106.7,B
2021-07-12T13:00:40,2200.0,106.7,B
2021-07-12T13:00:40,200.0,106.5,B
2021-07-12T13:00:40,200.0,106.5,B
2021-07-12T13:00:40,900.0,106.5,B
2021-07-12T13:00:37,200.0,106.5,B
2021-07-12T13:00:37,200.0,106.5,B
2021-07-12T13:00:37,1000.0,106.3,S
2021-07-12T13:00:36,100.0,106.5,B
2021-07-12T13:00:35,2000.0,106.5,B
2021-07-12T13:00:28,1700.0,106.5,B
2021-07-12T13:00:25,100.0,106.5,B
2021-07-12T13:00:19,100.0,106.5,B
2021-07-12T13:00:16,600.0,106.5,B
2021-07-12T13:00:16,100.0,106.5,B
2021-07-12T13:00:16,2300.0,106.5,B
2021-07-12T13:00:15,1000.0,106.5,B
2021-07-12T13:00:14,100.0,106.5,B
2021-07-12T13:00:14,2000.0,106.4,S
2021-07-12T13:00:14,100.0,106.4,S
2021-07-12T13:00:14,200.0,106.5,B
2021-07-12T13:00:12,3000.0,106.5,B
2021-07-12T13:00:12,100.0,106.5,B
2021-07-12T13:00:12,100.0,106.5,B
2021-07-12T13:00:12,100.0,106.5,B
2021-07-12T13:00:12,1700.0,106.5,B
2021-07-12T13:00:12,1000.0,106.5,B
2021-07-12T13:00:12,100.0,106.5,B
2021-07-12T13:00:12,900.0,106.5,B
2021-07-12T13:00:10,1000.0,106.5,B
2021-07-12T13:00:10,300.0,106.5,B
2021-07-12T13:00:10,100.0,106.5,B
2021-07-12T13:00:10,300.0,106.5,B
2021-07-12T13:00:10,100.0,106.5,B
2021-07-12T13:00:10,200.0,106.5,B
2021-07-12T13:00:10,500.0,106.5,B
2021-07-12T13:00:10,1000.0,106.5,B
2021-07-12T13:00:10,600.0,106.5,B
2021-07-12T13:00:06,100.0,106.5,B
2021-07-12T13:00:06,400.0,106.5,B
2021-07-12T13:00:06,200.0,106.4,S
2021-07-12T13:00:03,1000.0,106.5,B
2021-07-12T13:00:03,500.0,106.4,B
2021-07-12T13:00:03,100.0,106.5,B
2021-07-12T13:00:03,100.0,106.5,B
2021-07-12T13:00:03,100.0,106.4,B
2021-07-12T13:00:03,3000.0,106.5,B
2021-07-12T13:00:03,200.0,106.4,B
2021-07-12T13:00:03,200.0,106.4,S
2021-07-12T11:30:00,100.0,106.5,B
2021-07-12T11:29:58,1000.0,106.5,B
2021-07-12T11:29:58,100.0,106.5,B
2021-07-12T11:29:56,500.0,106.5,B
2021-07-12T11:29:55,100.0,106.5,B
2021-07-12T11:29:53,6700.0,106.5,B
2021-07-12T11:29:51,500.0,106.5,B
2021-07-12T11:29:37,1300.0,106.5,B
2021-07-12T11:29:31,5000.0,106.5,B
2021-07-12T11:29:26,100.0,106.5,B
2021-07-12T11:29:07,5000.0,106.5,B
2021-07-12T11:29:06,100.0,106.5,B
2021-07-12T11:29:05,3000.0,106.3,S
2021-07-12T11:28:54,100.0,106.3,S
2021-07-12T11:28:43,100.0,106.2,S
2021-07-12T11:28:32,200.0,106.2,S
2021-07-12T11:28:28,1900.0,106.2,B
2021-07-12T11:28:23,1500.0,106.2,B
2021-07-12T11:28:21,4000.0,106.2,B
2021-07-12T11:28:21,2600.0,106.2,S
2021-07-12T11:27:58,700.0,106.2,B
2021-07-12T11:27:51,21600.0,106.1,B
2021-07-12T11:27:42,3100.0,106.0,B
2021-07-12T11:27:42,3000.0,106.0,B
2021-07-12T11:27:42,13900.0,106.0,B
2021-07-12T11:27:40,100.0,105.9,B
2021-07-12T11:27:30,800.0,105.9,B
2021-07-12T11:27:27,100.0,105.9,B
2021-07-12T11:27:07,1700.0,105.8,B
2021-07-12T11:26:50,100.0,105.8,B
2021-07-12T11:26:47,100.0,105.8,B
2021-07-12T11:26:35,1000.0,105.8,B
2021-07-12T11:26:33,1000.0,105.8,B
2021-07-12T11:26:19,10000.0,105.8,S
2021-07-12T11:26:19,1700.0,105.8,S
2021-07-12T11:26:16,900.0,105.8,S
2021-07-12T11:26:16,100.0,105.9,B
2021-07-12T11:26:09,1000.0,105.9,B
2021-07-12T11:25:47,900.0,105.9,S
2021-07-12T11:25:28,400.0,105.9,S
2021-07-12T11:25:07,100.0,105.9,S
2021-07-12T11:24:53,100.0,106.0,S
2021-07-12T11:24:53,100.0,106.0,S
2021-07-12T11:24:53,200.0,106.0,S
2021-07-12T11:24:53,7000.0,106.0,S
2021-07-12T11:24:52,100.0,106.1,B
2021-07-12T11:24:43,4500.0,106.0,S
2021-07-12T11:24:43,400.0,106.0,S
2021-07-12T11:24:43,1200.0,106.0,S
2021-07-12T11:24:43,600.0,106.0,S
2021-07-12T11:24:43,10300.0,106.0,S
2021-07-12T11:24:36,1600.0,106.0,S
2021-07-12T11:24:23,500.0,106.1,B
2021-07-12T11:24:23,1700.0,106.0,S
2021-07-12T11:24:22,100.0,106.1,B
2021-07-12T11:24:13,200.0,106.1,B
2021-07-12T11:24:06,1600.0,106.0,S
2021-07-12T11:23:56,1500.0,106.0,S
2021-07-12T11:23:54,100.0,106.3,S
2021-07-12T11:23:54,900.0,106.3,S
2021-07-12T11:23:54,5100.0,106.3,S
2021-07-12T11:23:54,800.0,106.3,S
2021-07-12T11:23:54,5300.0,106.3,S
2021-07-12T11:23:51,2000.0,106.3,S
2021-07-12T11:23:36,100.0,106.5,B
2021-07-12T11:23:27,100.0,106.5,B
2021-07-12T11:23:26,500.0,106.5,B
2021-07-12T11:23:16,500.0,106.5,B
2021-07-12T11:23:14,100.0,106.5,S
2021-07-12T11:23:10,400.0,106.3,S
2021-07-12T11:23:09,2000.0,106.5,B
2021-07-12T11:23:08,500.0,106.3,S
2021-07-12T11:22:58,1000.0,106.5,B
2021-07-12T11:22:39,1600.0,106.3,S
2021-07-12T11:22:33,2000.0,106.5,S
2021-07-12T11:22:32,500.0,107.0,B
2021-07-12T11:22:32,1800.0,106.3,S
2021-07-12T11:22:25,100.0,106.4,S
2021-07-12T11:22:23,1100.0,106.4,S
2021-07-12T11:22:10,300.0,106.8,S
2021-07-12T11:22:10,100.0,107.0,B
2021-07-12T11:21:55,200.0,106.8,S
2021-07-12T11:21:55,1800.0,106.8,S
2021-07-12T11:21:52,100.0,107.0,B
2021-07-12T11:21:46,100.0,107.0,B
2021-07-12T11:21:40,100.0,107.0,B
2021-07-12T11:21:25,600.0,107.0,B
2021-07-12T11:21:09,200.0,107.0,B
2021-07-12T11:20:49,10000.0,107.0,B
2021-07-12T11:20:43,300.0,106.8,S
2021-07-12T11:20:38,1000.0,107.0,B
2021-07-12T11:20:37,800.0,107.0,B
2021-07-12T11:20:27,200.0,107.0,B
2021-07-12T11:20:22,900.0,106.8,S
2021-07-12T11:20:12,600.0,107.0,B
2021-07-12T11:20:08,500.0,107.0,B
2021-07-12T11:20:03,1800.0,107.0,B
2021-07-12T11:19:43,4100.0,106.6,S
2021-07-12T11:19:43,800.0,106.6,S
2021-07-12T11:19:15,2000.0,106.6,S
2021-07-12T11:19:08,500.0,107.0,B
2021-07-12T11:19:07,1000.0,106.6,S
2021-07-12T11:19:07,1000.0,107.0,B
2021-07-12T11:19:02,1000.0,107.0,B
2021-07-12T11:19:00,100.0,107.0,B
2021-07-12T11:19:00,100.0,107.0,B
2021-07-12T11:19:00,100.0,107.0,B
2021-07-12T11:19:00,900.0,107.0,B
2021-07-12T11:18:59,500.0,107.0,B
2021-07-12T11:18:52,1600.0,107.0,B
2021-07-12T11:18:51,8400.0,107.0,B
2021-07-12T11:18:51,200.0,106.6,S
2021-07-12T11:18:48,4000.0,106.6,S
2021-07-12T11:18:47,5500.0,107.0,B
2021-07-12T11:18:38,100.0,107.0,B
2021-07-12T11:18:38,7400.0,107.0,B
2021-07-12T11:18:38,200.0,106.9,B
2021-07-12T11:18:38,2400.0,106.8,B
2021-07-12T11:18:37,900.0,106.6,S
2021-07-12T11:18:35,15000.0,106.6,B
2021-07-12T11:18:32,3000.0,106.4,S
2021-07-12T11:18:31,100.0,106.5,B
2021-07-12T11:18:30,2200.0,106.5,B
2021-07-12T11:18:30,100.0,106.5,B
2021-07-12T11:18:18,1000.0,106.5,B
2021-07-12T11:18:17,1000.0,106.5,B
2021-07-12T11:18:15,15000.0,106.5,B
2021-07-12T11:18:10,3800.0,106.5,B
2021-07-12T11:18:07,5000.0,106.5,B
2021-07-12T11:18:03,500.0,106.5,B
2021-07-12T11:18:03,8000.0,106.4,S
2021-07-12T11:18:03,1800.0,106.4,S
2021-07-12T11:18:01,200.0,106.5,B
2021-07-12T11:17:57,1000.0,106.5,B
2021-07-12T11:17:49,4600.0,106.5,B
2021-07-12T11:17:43,6500.0,106.4,B
2021-07-12T11:17:41,1500.0,106.4,B
2021-07-12T11:17:39,12000.0,106.4,B
2021-07-12T11:17:39,2000.0,106.3,S
2021-07-12T11:17:34,100.0,106.4,B
2021-07-12T11:17:34,200.0,106.4,B
2021-07-12T11:17:21,500.0,106.4,B
2021-07-12T11:17:09,2000.0,106.3,S
2021-07-12T11:17:03,5000.0,106.3,S
2021-07-12T11:17:03,8800.0,106.3,B
2021-07-12T11:16:56,200.0,106.3,B
2021-07-12T11:16:55,1000.0,106.3,B
2021-07-12T11:16:46,20700.0,106.0,B
2021-07-12T11:16:46,2300.0,106.0,B
2021-07-12T11:16:45,500.0,106.0,B
2021-07-12T11:16:43,100.0,106.0,B
2021-07-12T11:16:43,3500.0,106.0,B
2021-07-12T11:16:43,13000.0,106.0,B
2021-07-12T11:16:43,100.0,106.0,B
2021-07-12T11:16:43,33400.0,106.0,B
2021-07-12T11:16:41,300.0,106.0,B
2021-07-12T11:16:40,100.0,106.0,B
2021-07-12T11:16:40,400.0,106.0,B
2021-07-12T11:16:36,5500.0,106.0,B
2021-07-12T11:16:32,100.0,106.0,B
2021-07-12T11:16:31,4400.0,106.0,B
2021-07-12T11:16:31,100.0,106.0,B
2021-07-12T11:16:30,1500.0,106.0,B
2021-07-12T11:16:29,500.0,106.0,B
2021-07-12T11:16:25,500.0,106.0,B
2021-07-12T11:16:24,3000.0,106.0,B
2021-07-12T11:16:22,5200.0,106.0,B
2021-07-12T11:16:18,200.0,106.0,B
2021-07-12T11:16:18,500.0,106.0,B
2021-07-12T11:16:18,200.0,106.0,B
2021-07-12T11:16:16,300.0,106.0,B
2021-07-12T11:16:14,100.0,106.0,B
2021-07-12T11:16:13,100.0,106.0,B
2021-07-12T11:16:07,500.0,106.0,B
2021-07-12T11:16:05,200.0,106.0,B
2021-07-12T11:16:02,1500.0,106.0,B
2021-07-12T11:16:01,1000.0,106.0,B
2021-07-12T11:15:57,100.0,106.0,B
2021-07-12T11:15:55,300.0,105.9,S
2021-07-12T11:15:55,200.0,106.0,B
2021-07-12T11:15:55,1000.0,106.0,B
2021-07-12T11:15:53,200.0,106.0,B
2021-07-12T11:15:52,500.0,106.0,B
2021-07-12T11:15:50,2000.0,106.0,B
2021-07-12T11:15:49,100.0,106.0,B
2021-07-12T11:15:48,1700.0,106.0,B
2021-07-12T11:15:44,2000.0,106.0,B
2021-07-12T11:15:41,5000.0,106.0,B
2021-07-12T11:15:35,1000.0,106.0,B
2021-07-12T11:15:34,100.0,106.0,B
2021-07-12T11:15:26,25000.0,106.0,B
2021-07-12T11:15:26,200.0,105.9,B
2021-07-12T11:15:24,1800.0,105.9,B
2021-07-12T11:15:24,100.0,105.9,B
2021-07-12T11:15:16,3000.0,105.9,B
2021-07-12T11:15:08,1200.0,105.9,B
2021-07-12T11:15:06,100.0,105.9,B
2021-07-12T11:15:06,1900.0,105.9,B
2021-07-12T11:15:04,1000.0,105.8,B
2021-07-12T11:15:04,300.0,105.8,B
2021-07-12T11:15:03,100.0,105.8,B
2021-07-12T11:15:02,500.0,105.8,B
2021-07-12T11:15:02,500.0,105.8,B
2021-07-12T11:14:58,100.0,105.8,B
2021-07-12T11:14:56,1000.0,105.8,B
2021-07-12T11:14:54,200.0,105.8,B
2021-07-12T11:14:51,2000.0,105.8,B
2021-07-12T11:14:47,500.0,105.8,B
2021-07-12T11:14:46,200.0,105.8,B
2021-07-12T11:14:45,100.0,105.8,B
2021-07-12T11:14:43,2500.0,105.8,S
2021-07-12T11:14:36,500.0,105.8,B
2021-07-12T11:14:27,100.0,105.8,B
2021-07-12T11:14:27,900.0,105.8,B
2021-07-12T11:14:25,400.0,105.6,B
2021-07-12T11:14:21,100.0,105.6,B
2021-07-12T11:14:17,6000.0,105.6,B
2021-07-12T11:14:15,100.0,105.6,B
2021-07-12T11:14:13,100.0,105.6,B
2021-07-12T11:14:01,2000.0,105.3,S
2021-07-12T11:13:59,19400.0,105.4,S
2021-07-12T11:13:59,100.0,105.4,B
2021-07-12T11:13:57,500.0,105.4,B
2021-07-12T11:13:54,500.0,105.4,B
2021-07-12T11:13:49,100.0,105.4,B
2021-07-12T11:13:47,100.0,105.4,B
2021-07-12T11:13:44,10000.0,105.4,B
2021-07-12T11:13:39,300.0,105.4,B
2021-07-12T11:13:30,1300.0,105.4,B
2021-07-12T11:13:28,1000.0,105.3,B
2021-07-12T11:13:22,2000.0,105.3,B
2021-07-12T11:13:20,3600.0,105.3,S
2021-07-12T11:13:20,2600.0,105.3,S
2021-07-12T11:13:13,100.0,105.3,B
2021-07-12T11:13:13,2300.0,105.3,B
2021-07-12T11:13:13,200.0,105.3,B
2021-07-12T11:13:12,500.0,105.3,B
2021-07-12T11:13:09,200.0,105.3,B
2021-07-12T11:13:08,3000.0,105.2,S
2021-07-12T11:13:07,400.0,105.3,B
2021-07-12T11:13:07,1300.0,105.3,B
2021-07-12T11:12:57,1400.0,105.3,B
2021-07-12T11:12:51,1000.0,105.3,B
2021-07-12T11:12:50,200.0,105.2,S
2021-07-12T11:12:46,100.0,105.2,S
2021-07-12T11:12:44,700.0,105.1,S
2021-07-12T11:12:40,3300.0,105.1,S
2021-07-12T11:12:37,8000.0,105.0,S
2021-07-12T11:12:37,500.0,105.0,S
2021-07-12T11:12:36,5000.0,105.0,S
2021-07-12T11:12:36,1600.0,105.0,S
2021-07-12T11:12:36,200.0,105.0,S
2021-07-12T11:12:36,100.0,105.0,S
2021-07-12T11:12:36,5800.0,105.0,S
2021-07-12T11:12:36,8800.0,105.1,S
2021-07-12T11:12:31,3300.0,105.1,B
2021-07-12T11:12:31,5000.0,105.0,S
2021-07-12T11:12:27,100.0,105.1,B
2021-07-12T11:12:27,2100.0,105.1,B
2021-07-12T11:12:27,7900.0,105.1,B
2021-07-12T11:12:24,500.0,105.1,B
2021-07-12T11:12:20,500.0,105.1,B
2021-07-12T11:12:16,2000.0,105.1,B
2021-07-12T11:12:16,300.0,105.1,B
2021-07-12T11:12:14,500.0,105.0,S
2021-07-12T11:12:14,100.0,105.1,B
2021-07-12T11:12:13,1000.0,105.1,B
2021-07-12T11:12:08,2000.0,105.1,B
2021-07-12T11:12:02,1000.0,105.1,B
2021-07-12T11:12:02,10000.0,105.1,B
2021-07-12T11:12:00,500.0,105.1,S
2021-07-12T11:12:00,500.0,105.1,S
2021-07-12T11:12:00,3700.0,105.1,S
2021-07-12T11:12:00,1400.0,105.3,B
2021-07-12T11:11:56,2000.0,105.3,B
2021-07-12T11:11:50,100.0,105.3,B
2021-07-12T11:11:48,200.0,105.3,B
2021-07-12T11:11:48,4300.0,105.3,B
2021-07-12T11:11:47,400.0,105.1,S
2021-07-12T11:11:31,5700.0,105.1,B
2021-07-12T11:11:30,1300.0,105.1,B
2021-07-12T11:11:25,2000.0,105.0,S
2021-07-12T11:11:19,1500.0,105.0,S
2021-07-12T11:11:18,3000.0,105.0,S
2021-07-12T11:11:10,100.0,105.0,S
2021-07-12T11:11:10,1100.0,105.0,S
2021-07-12T11:11:05,700.0,105.0,S
2021-07-12T11:11:05,5400.0,105.0,S
2021-07-12T11:11:05,1600.0,105.1,S
2021-07-12T11:11:03,800.0,105.1,B
2021-07-12T11:11:02,500.0,105.0,S
2021-07-12T11:10:59,900.0,105.0,S
2021-07-12T11:10:58,5300.0,105.0,B
2021-07-12T11:10:56,200.0,104.9,S
2021-07-12T11:10:55,500.0,104.9,S
2021-07-12T11:10:55,300.0,104.9,S
2021-07-12T11:10:49,40000.0,105.0,B
2021-07-12T11:10:48,300.0,105.0,B
2021-07-12T11:10:44,300.0,104.9,S
2021-07-12T11:10:43,100.0,105.0,B
2021-07-12T11:10:41,200.0,105.0,B
2021-07-12T11:10:41,1500.0,105.0,B
2021-07-12T11:10:37,100.0,105.0,B
2021-07-12T11:10:36,2000.0,105.0,B
2021-07-12T11:10:36,200.0,105.0,B
2021-07-12T11:10:36,300.0,105.0,B
2021-07-12T11:10:34,15000.0,105.0,B
2021-07-12T11:10:34,1000.0,105.0,B
2021-07-12T11:10:33,200.0,105.0,S
2021-07-12T11:10:33,1000.0,105.0,S
2021-07-12T11:10:33,5000.0,105.0,S
2021-07-12T11:10:33,300.0,105.0,S
2021-07-12T11:10:33,100.0,105.0,S
2021-07-12T11:10:33,300.0,105.0,S
2021-07-12T11:10:33,1200.0,105.0,S
2021-07-12T11:10:33,26900.0,105.0,S
2021-07-12T11:10:28,100.0,105.1,B
2021-07-12T11:10:27,1100.0,105.0,S
2021-07-12T11:10:27,1900.0,105.0,S
2021-07-12T11:10:26,200.0,105.1,B
2021-07-12T11:10:25,400.0,105.0,S
2021-07-12T11:10:17,2200.0,105.0,S
2021-07-12T11:10:16,100.0,105.1,B
2021-07-12T11:10:15,5000.0,105.1,B
2021-07-12T11:10:13,1000.0,105.1,B
2021-07-12T11:10:13,100.0,105.1,B
2021-07-12T11:10:10,500.0,105.1,B
2021-07-12T11:10:07,1300.0,105.1,S
2021-07-12T11:10:06,1200.0,105.3,B
2021-07-12T11:10:00,5600.0,105.0,S
2021-07-12T11:10:00,10100.0,105.0,S
2021-07-12T11:10:00,3000.0,105.0,S
2021-07-12T11:10:00,500.0,105.0,S
2021-07-12T11:10:00,10400.0,105.0,S
2021-07-12T11:10:00,2600.0,105.0,S
2021-07-12T11:10:00,100.0,105.0,S
2021-07-12T11:10:00,800.0,105.0,S
2021-07-12T11:10:00,9900.0,105.0,S
2021-07-12T11:10:00,100.0,105.0,S
2021-07-12T11:10:00,2100.0,105.0,S
2021-07-12T11:10:00,2500.0,105.0,S
2021-07-12T11:10:00,3400.0,105.0,S
2021-07-12T11:10:00,48900.0,105.0,S
2021-07-12T11:09:53,200.0,105.1,S
2021-07-12T11:09:49,200.0,105.4,B
2021-07-12T11:09:45,10000.0,105.1,S
2021-07-12T11:09:43,2000.0,105.4,B
2021-07-12T11:09:41,900.0,105.1,S
2021-07-12T11:09:34,100.0,105.1,S
2021-07-12T11:09:30,500.0,105.4,B
2021-07-12T11:09:30,1000.0,105.4,B
2021-07-12T11:09:28,100.0,105.1,S
2021-07-12T11:09:22,2000.0,105.0,S
2021-07-12T11:09:16,10000.0,105.0,S
2021-07-12T11:09:14,300.0,105.0,S
2021-07-12T11:09:14,600.0,105.0,S
2021-07-12T11:09:14,2100.0,105.0,S
2021-07-12T11:09:14,7000.0,105.0,S
2021-07-12T11:09:11,4000.0,105.0,S
2021-07-12T11:09:11,10000.0,105.0,S
2021-07-12T11:09:01,10000.0,105.0,S
2021-07-12T11:08:59,500.0,105.5,B
2021-07-12T11:08:59,100.0,105.5,B
2021-07-12T11:08:58,500.0,105.1,S
2021-07-12T11:08:58,1500.0,105.5,B
2021-07-12T11:08:43,55600.0,105.0,S
2021-07-12T11:08:43,500.0,105.0,S
2021-07-12T11:08:43,100.0,105.0,S
2021-07-12T11:08:43,1200.0,105.0,S
2021-07-12T11:08:43,1200.0,105.0,S
2021-07-12T11:08:43,800.0,105.0,S
2021-07-12T11:08:43,300.0,105.0,S
2021-07-12T11:08:43,800.0,105.0,S
2021-07-12T11:08:43,3300.0,105.0,S
2021-07-12T11:08:43,1000.0,105.0,S
2021-07-12T11:08:43,5000.0,105.0,S
2021-07-12T11:08:43,11400.0,105.0,S
2021-07-12T11:08:43,300.0,105.0,S
2021-07-12T11:08:43,100.0,105.0,S
2021-07-12T11:08:43,900.0,105.0,S
2021-07-12T11:08:43,2300.0,105.0,S
2021-07-12T11:08:43,3800.0,105.0,S
2021-07-12T11:08:43,10500.0,105.0,S
2021-07-12T11:08:43,2000.0,105.1,S
2021-07-12T11:08:43,11000.0,105.1,S
2021-07-12T11:08:43,11900.0,105.2,S
2021-07-12T11:08:43,144400.0,105.2,S
2021-07-12T11:08:43,400.0,105.3,S
2021-07-12T11:08:43,200.0,105.3,S
2021-07-12T11:08:43,5000.0,105.3,S
2021-07-12T11:08:43,6000.0,105.3,S
2021-07-12T11:08:42,300.0,105.3,S
2021-07-12T11:08:42,2000.0,105.3,S
2021-07-12T11:08:42,100.0,105.4,S
2021-07-12T11:08:42,100.0,105.4,S
2021-07-12T11:08:41,1000.0,105.5,B
2021-07-12T11:08:29,400.0,105.5,S
2021-07-12T11:08:27,1800.0,105.5,S
2021-07-12T11:08:24,1300.0,105.6,B
2021-07-12T11:08:18,500.0,105.5,S
2021-07-12T11:08:17,100.0,105.5,S
2021-07-12T11:08:14,100.0,105.5,S
2021-07-12T11:08:13,1000.0,105.5,S
2021-07-12T11:08:11,100.0,105.5,S
2021-07-12T11:08:02,1700.0,105.5,B
2021-07-12T11:07:58,5000.0,105.5,B
2021-07-12T11:07:56,1000.0,105.5,B
2021-07-12T11:07:56,100.0,105.5,B
2021-07-12T11:07:55,200.0,105.5,B
2021-07-12T11:07:51,100.0,105.5,B
2021-07-12T11:07:49,1000.0,105.5,B
2021-07-12T11:07:39,500.0,105.5,B
2021-07-12T11:07:38,100.0,105.5,B
2021-07-12T11:07:34,500.0,105.5,B
2021-07-12T11:07:33,100.0,105.5,B
2021-07-12T11:07:26,2100.0,105.5,S
2021-07-12T11:07:25,500.0,105.5,S
2021-07-12T11:07:25,200.0,105.5,S
2021-07-12T11:07:23,300.0,105.5,S
2021-07-12T11:07:17,5000.0,105.6,B
2021-07-12T11:07:11,1000.0,105.5,B
2021-07-12T11:07:03,200.0,105.5,S
2021-07-12T11:06:49,1800.0,105.3,S
2021-07-12T11:06:47,100.0,105.3,S
2021-07-12T11:06:44,600.0,105.3,S
2021-07-12T11:06:40,1300.0,105.5,S
2021-07-12T11:06:39,1300.0,105.5,B
2021-07-12T11:06:39,300.0,105.5,B
2021-07-12T11:06:38,200.0,105.5,B
2021-07-12T11:06:34,1200.0,105.3,S
2021-07-12T11:06:26,1300.0,105.3,S
2021-07-12T11:06:24,500.0,105.2,S
2021-07-12T11:06:21,200.0,105.2,S
2021-07-12T11:06:17,1700.0,105.2,S
2021-07-12T11:06:16,1000.0,105.5,B
2021-07-12T11:06:15,1000.0,105.5,B
2021-07-12T11:06:14,100.0,105.5,B
2021-07-12T11:06:13,100.0,105.2,S
2021-07-12T11:06:09,2000.0,105.2,S
2021-07-12T11:06:08,1300.0,105.2,S
2021-07-12T11:06:07,100.0,105.5,B
2021-07-12T11:06:06,1000.0,105.2,S
2021-07-12T11:06:05,200.0,105.5,B
2021-07-12T11:05:59,1300.0,105.2,S
2021-07-12T11:05:56,7000.0,105.2,S
2021-07-12T11:05:53,1300.0,105.5,B
2021-07-12T11:05:53,11400.0,105.2,S
2021-07-12T11:05:52,200.0,105.3,B
2021-07-12T11:05:52,400.0,105.2,S
2021-07-12T11:05:49,2000.0,105.2,S
2021-07-12T11:05:49,500.0,105.2,S
2021-07-12T11:05:47,5000.0,105.2,S
2021-07-12T11:05:47,600.0,105.2,S
2021-07-12T11:05:45,200.0,105.2,B
2021-07-12T11:05:45,27700.0,105.2,B
2021-07-12T11:05:45,100.0,105.1,B
2021-07-12T11:05:42,100.0,105.1,B
2021-07-12T11:05:41,100.0,105.1,S
2021-07-12T11:05:41,9500.0,105.0,S
2021-07-12T11:05:41,1600.0,105.0,S
2021-07-12T11:05:41,1200.0,105.0,S
2021-07-12T11:05:41,500.0,105.0,S
2021-07-12T11:05:41,1000.0,105.0,S
2021-07-12T11:05:41,7200.0,105.0,S
2021-07-12T11:05:40,300.0,105.0,S
2021-07-12T11:05:40,800.0,105.0,S
2021-07-12T11:05:40,3200.0,105.0,S
2021-07-12T11:05:40,500.0,105.0,S
2021-07-12T11:05:40,5200.0,105.0,S
2021-07-12T11:05:39,400.0,105.1,S
2021-07-12T11:05:35,3000.0,105.2,B
2021-07-12T11:05:34,1000.0,105.1,S
2021-07-12T11:05:34,100.0,105.1,S
2021-07-12T11:05:33,100.0,105.2,B
2021-07-12T11:05:32,2000.0,105.1,S
2021-07-12T11:05:29,200.0,105.2,B
2021-07-12T11:05:28,7800.0,105.0,S
2021-07-12T11:05:28,100.0,105.0,S
2021-07-12T11:05:28,17100.0,105.0,S
2021-07-12T11:05:26,100.0,105.1,S
2021-07-12T11:05:20,20000.0,105.1,S
2021-07-12T11:05:19,2100.0,105.1,S
2021-07-12T11:05:19,400.0,105.1,S
2021-07-12T11:05:19,1000.0,105.1,S
2021-07-12T11:05:07,6000.0,105.2,S
2021-07-12T11:05:05,4400.0,105.2,S
2021-07-12T11:05:03,20000.0,105.2,S
2021-07-12T11:05:02,100.0,105.3,B
2021-07-12T11:05:01,600.0,105.3,S
2021-07-12T11:05:01,100.0,105.4,S
2021-07-12T11:04:59,8800.0,105.5,B
2021-07-12T11:04:59,3500.0,105.5,B
2021-07-12T11:04:59,7700.0,105.5,B
2021-07-12T11:04:59,300.0,105.3,S
2021-07-12T11:04:57,2000.0,105.3,S
2021-07-12T11:04:54,300.0,105.3,S
2021-07-12T11:04:48,100.0,105.5,B
2021-07-12T11:04:47,300.0,105.5,B
2021-07-12T11:04:46,200.0,105.5,B
2021-07-12T11:04:44,1000.0,105.3,S
2021-07-12T11:04:44,2000.0,105.5,B
2021-07-12T11:04:42,5000.0,105.5,B
2021-07-12T11:04:40,100.0,105.5,B
2021-07-12T11:04:38,1300.0,105.3,S
2021-07-12T11:04:36,100.0,105.5,B
2021-07-12T11:04:34,4300.0,105.5,B
2021-07-12T11:04:34,200.0,105.5,B
2021-07-12T11:04:32,1600.0,105.3,S
2021-07-12T11:04:32,2000.0,105.3,S
2021-07-12T11:04:30,2200.0,105.3,S
2021-07-12T11:04:25,100.0,105.5,B
2021-07-12T11:04:24,100.0,105.5,S
2021-07-12T11:04:24,15800.0,105.5,S
2021-07-12T11:04:23,1300.0,105.5,S
2021-07-12T11:04:22,2000.0,105.5,S
2021-07-12T11:04:20,2200.0,105.5,S
2021-07-12T11:04:20,500.0,105.5,S
2021-07-12T11:04:20,600.0,105.5,S
2021-07-12T11:04:20,700.0,105.5,S
2021-07-12T11:04:20,1000.0,105.5,S
2021-07-12T11:04:20,4000.0,105.5,S
2021-07-12T11:04:20,200.0,105.5,S
2021-07-12T11:04:20,800.0,105.5,S
2021-07-12T11:04:15,1600.0,105.6,S
2021-07-12T11:04:14,1900.0,105.8,S
2021-07-12T11:04:14,100.0,105.8,S
2021-07-12T11:04:12,100.0,105.8,S
2021-07-12T11:04:10,100.0,105.8,S
2021-07-12T11:04:08,200.0,105.9,S
2021-07-12T11:04:08,1700.0,105.9,S
2021-07-12T11:04:07,1900.0,105.9,S
2021-07-12T11:04:07,100.0,105.9,S
2021-07-12T11:04:04,100.0,105.9,S
2021-07-12T11:04:03,100.0,106.0,B
2021-07-12T11:04:00,100.0,106.0,B
2021-07-12T11:04:00,300.0,106.0,B
2021-07-12T11:03:54,100.0,105.9,S
2021-07-12T11:03:47,1000.0,105.9,S
2021-07-12T11:03:44,300.0,106.0,B
2021-07-12T11:03:41,700.0,106.0,S
2021-07-12T11:03:41,700.0,106.0,S
2021-07-12T11:03:38,1100.0,106.0,S
2021-07-12T11:03:38,500.0,106.0,S
2021-07-12T11:03:38,200.0,106.0,S
2021-07-12T11:03:38,1600.0,106.0,S
2021-07-12T11:03:38,3400.0,106.0,S
2021-07-12T11:03:38,300.0,106.0,S
2021-07-12T11:03:38,12500.0,106.0,S
2021-07-12T11:03:38,200.0,106.0,S
2021-07-12T11:03:38,1000.0,106.0,S
2021-07-12T11:03:38,5200.0,106.0,S
2021-07-12T11:03:38,1000.0,106.0,S
2021-07-12T11:03:38,7100.0,106.0,S
2021-07-12T11:03:38,100.0,106.0,S
2021-07-12T11:03:38,2200.0,106.0,S
2021-07-12T11:03:38,300.0,106.0,S
2021-07-12T11:03:38,3300.0,106.0,S
2021-07-12T11:03:37,1700.0,106.0,S
2021-07-12T11:03:34,2000.0,106.0,S
2021-07-12T11:03:32,100.0,106.1,B
2021-07-12T11:03:32,100.0,106.0,S
2021-07-12T11:03:30,7100.0,106.0,S
2021-07-12T11:03:30,3300.0,106.0,S
2021-07-12T11:03:30,300.0,106.0,S
2021-07-12T11:03:30,1800.0,106.0,S
2021-07-12T11:03:30,2400.0,106.0,S
2021-07-12T11:03:30,300.0,106.0,S
2021-07-12T11:03:30,6300.0,106.0,S
2021-07-12T11:03:30,4600.0,106.0,S
2021-07-12T11:03:30,700.0,106.0,S
2021-07-12T11:03:30,500.0,106.0,S
2021-07-12T11:03:30,4100.0,106.0,S
2021-07-12T11:03:30,16400.0,106.0,S
2021-07-12T11:03:30,2200.0,106.0,S
2021-07-12T11:03:21,1000.0,106.0,S
2021-07-12T11:03:21,1900.0,106.0,S
2021-07-12T11:03:20,6100.0,106.0,S
2021-07-12T11:03:20,900.0,106.0,S
2021-07-12T11:03:17,10000.0,106.0,S
2021-07-12T11:03:10,100.0,106.1,B
2021-07-12T11:03:06,300.0,106.1,B
2021-07-12T11:03:06,100.0,106.1,S
2021-07-12T11:03:05,100.0,106.1,S
2021-07-12T11:03:01,1000.0,106.1,S
2021-07-12T11:02:59,500.0,106.1,S
2021-07-12T11:02:56,400.0,106.1,S
2021-07-12T11:02:56,100.0,106.1,S
2021-07-12T11:02:55,2000.0,106.1,S
2021-07-12T11:02:49,5000.0,106.1,S
2021-07-12T11:02:49,100.0,106.1,S
2021-07-12T11:02:43,2000.0,106.1,S
2021-07-12T11:02:42,200.0,106.2,S
2021-07-12T11:02:33,100.0,106.2,S
2021-07-12T11:02:30,800.0,106.1,S
2021-07-12T11:02:30,500.0,106.2,S
2021-07-12T11:02:23,1600.0,106.1,S
2021-07-12T11:02:22,1200.0,106.1,S
2021-07-12T11:02:22,300.0,106.2,S
2021-07-12T11:02:22,500.0,106.2,S
2021-07-12T11:02:13,500.0,106.2,S
2021-07-12T11:02:13,200.0,106.2,S
2021-07-12T11:02:13,100.0,106.2,S
2021-07-12T11:02:13,200.0,106.2,S
2021-07-12T11:02:13,400.0,106.2,S
2021-07-12T11:02:13,600.0,106.2,S
2021-07-12T11:02:13,1700.0,106.2,S
2021-07-12T11:02:09,500.0,106.2,S
2021-07-12T11:02:06,1700.0,106.2,S
2021-07-12T11:02:01,2000.0,106.2,S
2021-07-12T11:01:58,1300.0,106.2,S
2021-07-12T11:01:56,400.0,106.2,S
2021-07-12T11:01:55,400.0,106.2,S
2021-07-12T11:01:55,100.0,106.3,S
2021-07-12T11:01:55,200.0,106.3,S
2021-07-12T11:01:55,800.0,106.3,S
2021-07-12T11:01:55,6000.0,106.3,S
2021-07-12T11:01:55,1300.0,106.3,S
2021-07-12T11:01:55,1100.0,106.3,S
2021-07-12T11:01:55,100.0,106.3,S
2021-07-12T11:01:55,300.0,106.4,S
2021-07-12T11:01:55,300.0,106.4,S
2021-07-12T11:01:55,600.0,106.4,S
2021-07-12T11:01:55,3700.0,106.4,S
2021-07-12T11:01:53,200.0,106.5,B
2021-07-12T11:01:50,1500.0,106.4,S
2021-07-12T11:01:47,100.0,106.4,S
2021-07-12T11:01:46,1000.0,106.4,S
2021-07-12T11:01:42,1000.0,106.4,S
2021-07-12T11:01:42,500.0,106.5,B
2021-07-12T11:01:41,1700.0,106.4,S
2021-07-12T11:01:41,200.0,106.5,B
2021-07-12T11:01:39,2100.0,106.4,S
2021-07-12T11:01:39,100.0,106.5,B
2021-07-12T11:01:36,1000.0,106.4,S
2021-07-12T11:01:35,1000.0,106.4,S
2021-07-12T11:01:35,1800.0,106.4,S
2021-07-12T11:01:34,800.0,106.5,B
2021-07-12T11:01:27,5000.0,106.5,B
2021-07-12T11:01:20,4600.0,106.4,S
2021-07-12T11:01:20,400.0,106.4,S
2021-07-12T11:01:17,100.0,106.5,B
2021-07-12T11:01:11,400.0,106.5,B
2021-07-12T11:01:07,1500.0,106.4,S
2021-07-12T11:00:58,100.0,106.5,B
2021-07-12T11:00:57,100.0,106.4,S
2021-07-12T11:00:49,100.0,106.5,B
2021-07-12T11:00:46,5000.0,106.5,B
2021-07-12T11:00:44,300.0,106.5,B
2021-07-12T11:00:40,300.0,106.5,B
2021-07-12T11:00:33,200.0,106.4,S
2021-07-12T11:00:31,500.0,106.4,S
2021-07-12T11:00:30,2000.0,106.4,S
2021-07-12T11:00:30,400.0,106.4,S
2021-07-12T11:00:26,500.0,106.4,S
2021-07-12T11:00:21,100.0,106.5,B
2021-07-12T11:00:04,100.0,106.4,S
2021-07-12T11:00:01,100.0,106.5,B
2021-07-12T11:00:01,100.0,106.5,B
2021-07-12T10:59:49,300.0,106.5,B
2021-07-12T10:59:48,1000.0,106.4,S
2021-07-12T10:59:45,100.0,106.5,S
2021-07-12T10:59:45,300.0,106.5,S
2021-07-12T10:59:45,1700.0,106.5,S
2021-07-12T10:59:45,400.0,106.5,S
2021-07-12T10:59:45,1300.0,106.5,S
2021-07-12T10:59:45,5900.0,106.5,S
2021-07-12T10:59:37,500.0,106.7,B
2021-07-12T10:59:37,200.0,106.5,S
2021-07-12T10:59:35,1000.0,106.5,S
2021-07-12T10:59:23,9000.0,106.5,S
2021-07-12T10:59:15,2000.0,106.7,S
2021-07-12T10:59:00,500.0,106.7,S
2021-07-12T10:58:42,100.0,106.8,S
2021-07-12T10:58:39,100.0,106.5,S
2021-07-12T10:58:39,500.0,106.5,S
2021-07-12T10:58:26,10000.0,106.9,B
2021-07-12T10:58:25,7000.0,106.5,S
2021-07-12T10:58:24,300.0,106.7,B
2021-07-12T10:58:19,100.0,106.7,B
2021-07-12T10:58:14,5800.0,106.7,S
2021-07-12T10:58:13,300.0,106.7,S
2021-07-12T10:58:13,5000.0,106.9,B
2021-07-12T10:58:07,2400.0,106.8,B
2021-07-12T10:57:55,500.0,106.7,S
2021-07-12T10:57:55,100.0,106.7,S
2021-07-12T10:57:51,100.0,106.8,B
2021-07-12T10:57:38,200.0,106.7,S
2021-07-12T10:57:33,1200.0,106.6,S
2021-07-12T10:57:23,400.0,106.6,S
2021-07-12T10:57:23,100.0,106.6,S
2021-07-12T10:57:16,400.0,106.6,S
2021-07-12T10:57:15,2700.0,106.6,B
2021-07-12T10:57:14,100.0,106.5,B
2021-07-12T10:57:14,200.0,106.5,B
2021-07-12T10:57:12,100.0,106.5,B
2021-07-12T10:57:10,500.0,106.5,S
2021-07-12T10:57:10,1200.0,106.5,S
2021-07-12T10:57:10,2100.0,106.5,S
2021-07-12T10:57:10,2800.0,106.5,S
2021-07-12T10:57:10,5300.0,106.5,S
2021-07-12T10:57:10,600.0,106.5,S
2021-07-12T10:57:10,900.0,106.5,S
2021-07-12T10:57:10,100.0,106.5,S
2021-07-12T10:57:10,3000.0,106.5,S
2021-07-12T10:57:10,6700.0,106.5,S
2021-07-12T10:57:10,2400.0,106.5,S
2021-07-12T10:57:10,22300.0,106.5,S
2021-07-12T10:56:55,1000.0,106.6,B
2021-07-12T10:56:47,1000.0,106.5,S
2021-07-12T10:56:30,300.0,106.5,S
2021-07-12T10:56:26,100.0,106.7,S
2021-07-12T10:56:21,200.0,106.5,S
2021-07-12T10:56:15,900.0,106.9,B
2021-07-12T10:56:15,1500.0,106.5,S
2021-07-12T10:56:15,1200.0,106.5,S
2021-07-12T10:56:15,1200.0,106.5,S
2021-07-12T10:56:15,500.0,106.6,S
2021-07-12T10:56:15,600.0,106.6,S
2021-07-12T10:56:11,100.0,106.7,B
2021-07-12T10:56:09,300.0,106.6,S
2021-07-12T10:56:08,1700.0,106.6,S
2021-07-12T10:56:02,100.0,106.7,B
2021-07-12T10:55:58,1500.0,106.6,S
2021-07-12T10:55:58,500.0,106.6,S
2021-07-12T10:55:58,100.0,106.7,S
2021-07-12T10:55:58,2000.0,106.7,S
2021-07-12T10:55:55,500.0,106.7,S
2021-07-12T10:55:52,1600.0,106.7,S
2021-07-12T10:55:52,7700.0,106.9,S
2021-07-12T10:55:50,500.0,106.9,S
2021-07-12T10:55:48,400.0,106.9,S
2021-07-12T10:55:46,500.0,106.9,S
2021-07-12T10:55:41,900.0,106.9,S
2021-07-12T10:55:34,1000.0,107.0,B
2021-07-12T10:55:32,200.0,107.0,B
2021-07-12T10:55:19,100.0,107.0,B
2021-07-12T10:55:07,1000.0,107.0,B
2021-07-12T10:55:07,100.0,107.0,B
2021-07-12T10:55:06,1500.0,106.9,S
2021-07-12T10:54:49,1000.0,107.0,B
2021-07-12T10:54:44,5000.0,107.0,B
2021-07-12T10:54:44,100.0,107.0,B
2021-07-12T10:54:41,500.0,107.0,B
2021-07-12T10:54:39,100.0,107.0,B
2021-07-12T10:54:38,2000.0,107.0,B
2021-07-12T10:54:27,3000.0,107.0,B
2021-07-12T10:54:16,100.0,107.0,B
2021-07-12T10:54:10,200.0,107.0,B
2021-07-12T10:53:58,100.0,106.9,S
2021-07-12T10:53:45,200.0,106.9,B
2021-07-12T10:53:23,2800.0,106.7,S
2021-07-12T10:53:23,100.0,106.8,S
2021-07-12T10:53:23,1600.0,106.8,S
2021-07-12T10:53:23,900.0,106.8,S
2021-07-12T10:53:23,200.0,106.9,S
2021-07-12T10:53:11,100.0,107.0,B
2021-07-12T10:53:05,400.0,107.0,B
2021-07-12T10:53:01,100.0,107.0,B
2021-07-12T10:53:00,100.0,107.0,B
2021-07-12T10:52:59,1000.0,106.8,S
2021-07-12T10:52:56,5000.0,107.0,B
2021-07-12T10:52:55,200.0,106.9,S
2021-07-12T10:52:52,100.0,107.0,B
2021-07-12T10:52:41,500.0,107.0,B
2021-07-12T10:52:38,100.0,107.0,B
2021-07-12T10:52:37,200.0,107.0,B
2021-07-12T10:52:33,1000.0,107.0,B
2021-07-12T10:52:32,300.0,107.0,B
2021-07-12T10:52:27,200.0,106.9,S
2021-07-12T10:52:26,100.0,107.0,B
2021-07-12T10:52:26,500.0,107.0,B
2021-07-12T10:52:25,5000.0,107.0,B
2021-07-12T10:52:23,2700.0,107.0,S
2021-07-12T10:52:23,1000.0,107.2,B
2021-07-12T10:52:22,100.0,107.2,B
2021-07-12T10:52:21,400.0,107.0,S
2021-07-12T10:52:09,200.0,107.0,B
2021-07-12T10:52:08,300.0,107.0,S
2021-07-12T10:52:06,500.0,107.0,S
2021-07-12T10:52:03,200.0,107.0,S
2021-07-12T10:52:03,20300.0,107.0,S
2021-07-12T10:52:03,200.0,107.0,S
2021-07-12T10:52:03,2000.0,107.0,S
2021-07-12T10:52:03,200.0,107.0,S
2021-07-12T10:52:03,1700.0,107.0,S
2021-07-12T10:52:03,200.0,107.0,S
2021-07-12T10:52:03,1000.0,107.0,S
2021-07-12T10:52:03,3600.0,107.0,S
2021-07-12T10:52:03,200.0,107.0,S
2021-07-12T10:52:03,700.0,107.0,S
2021-07-12T10:52:03,1000.0,107.0,S
2021-07-12T10:52:03,400.0,107.0,S
2021-07-12T10:52:03,100.0,107.0,S
2021-07-12T10:52:03,2700.0,107.0,S
2021-07-12T10:52:03,500.0,107.0,S
2021-07-12T10:52:03,500.0,107.0,S
2021-07-12T10:52:03,2700.0,107.0,S
2021-07-12T10:52:03,1300.0,107.0,S
2021-07-12T10:52:03,500.0,107.0,S
2021-07-12T10:52:01,500.0,107.0,S
2021-07-12T10:51:57,1800.0,107.0,S
2021-07-12T10:51:51,500.0,107.2,B
2021-07-12T10:51:51,500.0,107.0,S
2021-07-12T10:51:47,2100.0,107.2,S
2021-07-12T10:51:42,300.0,107.2,S
2021-07-12T10:51:41,100.0,107.3,B
2021-07-12T10:51:37,400.0,107.2,S
2021-07-12T10:51:37,500.0,107.2,S
2021-07-12T10:51:34,200.0,107.3,S
2021-07-12T10:51:33,300.0,107.2,S
2021-07-12T10:51:33,300.0,107.2,S
2021-07-12T10:51:33,2300.0,107.2,S
2021-07-12T10:51:33,7700.0,107.2,S
2021-07-12T10:51:31,800.0,107.5,B
2021-07-12T10:51:25,300.0,107.2,S
2021-07-12T10:51:24,300.0,107.4,S
2021-07-12T10:51:21,100.0,107.5,B
2021-07-12T10:51:21,100.0,107.5,B
2021-07-12T10:51:21,100.0,107.3,S
2021-07-12T10:51:21,200.0,107.3,S
2021-07-12T10:51:18,2000.0,107.3,S
2021-07-12T10:51:17,200.0,107.3,S
2021-07-12T10:51:17,100.0,107.5,B
2021-07-12T10:51:15,5000.0,107.5,B
2021-07-12T10:51:12,200.0,107.4,S
2021-07-12T10:51:11,200.0,107.5,B
2021-07-12T10:50:57,400.0,107.5,S
2021-07-12T10:50:57,100.0,107.5,S
2021-07-12T10:50:53,1700.0,107.5,S
2021-07-12T10:50:53,500.0,107.5,S
2021-07-12T10:50:49,3100.0,107.5,S
2021-07-12T10:50:49,5200.0,107.5,S
2021-07-12T10:50:49,1500.0,107.5,S
2021-07-12T10:50:49,200.0,107.5,S
2021-07-12T10:50:42,800.0,107.5,S
2021-07-12T10:50:42,100.0,107.5,S
2021-07-12T10:50:42,1600.0,107.5,S
2021-07-12T10:50:41,1000.0,107.8,B
2021-07-12T10:50:34,200.0,107.5,S
2021-07-12T10:50:21,500.0,107.5,S
2021-07-12T10:50:21,400.0,107.5,S
2021-07-12T10:50:21,1100.0,107.5,S
2021-07-12T10:50:20,100.0,107.6,S
2021-07-12T10:50:19,100.0,107.7,B
2021-07-12T10:50:13,500.0,107.6,B
2021-07-12T10:50:13,600.0,107.6,B
2021-07-12T10:49:58,800.0,107.6,B
2021-07-12T10:49:55,100.0,107.6,B
2021-07-12T10:49:53,1100.0,107.6,B
2021-07-12T10:49:48,100.0,107.6,B
2021-07-12T10:49:45,1000.0,107.6,B
2021-07-12T10:49:45,100.0,107.6,B
2021-07-12T10:49:44,100.0,107.6,B
2021-07-12T10:49:36,700.0,107.6,S
2021-07-12T10:49:36,400.0,107.6,S
2021-07-12T10:49:36,1300.0,107.6,S
2021-07-12T10:49:36,800.0,107.6,S
2021-07-12T10:49:36,6400.0,107.6,S
2021-07-12T10:49:36,1500.0,107.7,S
2021-07-12T10:49:20,2900.0,107.7,S
2021-07-12T10:49:20,1100.0,107.7,S
2021-07-12T10:48:59,1000.0,107.7,S
2021-07-12T10:48:47,1100.0,107.7,S
2021-07-12T10:48:45,1000.0,107.8,B
2021-07-12T10:48:26,500.0,107.7,S
2021-07-12T10:48:15,100.0,107.7,S
2021-07-12T10:48:02,100.0,107.6,S
2021-07-12T10:48:02,400.0,107.7,S
2021-07-12T10:48:02,400.0,107.7,S
2021-07-12T10:47:47,300.0,107.9,B
2021-07-12T10:47:47,500.0,107.9,B
2021-07-12T10:47:35,400.0,108.0,B
2021-07-12T10:47:20,100.0,108.0,B
2021-07-12T10:47:16,800.0,107.7,S
2021-07-12T10:47:16,300.0,107.7,S
2021-07-12T10:47:16,900.0,107.8,S
2021-07-12T10:47:05,400.0,108.0,B
2021-07-12T10:47:03,300.0,108.0,B
2021-07-12T10:47:01,500.0,108.0,B
2021-07-12T10:46:55,1000.0,108.0,B
2021-07-12T10:46:52,100.0,108.0,B
2021-07-12T10:46:47,1300.0,108.0,B
2021-07-12T10:46:47,8600.0,107.9,B
2021-07-12T10:46:45,7000.0,107.8,S
2021-07-12T10:46:43,1000.0,107.9,B
2021-07-12T10:46:24,600.0,107.8,S
2021-07-12T10:46:24,500.0,107.9,B
2021-07-12T10:46:18,100.0,107.9,B
2021-07-12T10:46:03,500.0,107.9,B
2021-07-12T10:46:03,300.0,107.9,S
2021-07-12T10:45:59,1000.0,108.0,B
2021-07-12T10:45:56,300.0,108.0,B
2021-07-12T10:45:53,100.0,108.0,B
2021-07-12T10:45:45,1000.0,108.0,B
2021-07-12T10:45:41,100.0,108.0,B
2021-07-12T10:45:35,1000.0,108.0,B
2021-07-12T10:45:34,300.0,108.0,B
2021-07-12T10:45:33,100.0,108.0,B
2021-07-12T10:45:31,200.0,108.0,S
2021-07-12T10:45:31,500.0,108.0,S
2021-07-12T10:45:30,7300.0,108.0,S
2021-07-12T10:45:30,5600.0,108.0,S
2021-07-12T10:45:30,100.0,108.0,S
2021-07-12T10:45:28,2000.0,108.0,S
2021-07-12T10:45:28,5300.0,108.0,S
2021-07-12T10:45:20,3000.0,108.0,S
2021-07-12T10:45:20,100.0,108.3,B
2021-07-12T10:45:11,100.0,108.0,S
2021-07-12T10:45:11,100.0,108.1,S
2021-07-12T10:45:10,2000.0,108.3,B
2021-07-12T10:45:08,100.0,108.3,B
2021-07-12T10:45:02,100.0,108.3,B
2021-07-12T10:44:49,1500.0,108.0,S
2021-07-12T10:44:49,100.0,108.0,S
2021-07-12T10:44:47,100.0,108.3,B
2021-07-12T10:44:46,2300.0,108.3,B
2021-07-12T10:44:34,3900.0,108.3,B
2021-07-12T10:44:22,100.0,108.3,B
2021-07-12T10:44:18,2000.0,108.3,B
2021-07-12T10:44:13,600.0,108.3,S
2021-07-12T10:44:08,2000.0,108.3,S
2021-07-12T10:43:58,2000.0,108.3,S
2021-07-12T10:43:50,6800.0,108.3,B
2021-07-12T10:43:27,8700.0,108.0,B
2021-07-12T10:43:25,200.0,108.0,B
2021-07-12T10:43:22,1000.0,108.0,B
2021-07-12T10:43:22,200.0,108.0,B
2021-07-12T10:43:21,1000.0,108.0,B
2021-07-12T10:43:18,100.0,108.0,B
2021-07-12T10:43:15,200.0,108.0,B
2021-07-12T10:43:14,200.0,108.0,B
2021-07-12T10:43:14,100.0,108.0,S
2021-07-12T10:43:14,300.0,108.0,S
2021-07-12T10:43:10,2000.0,108.0,S
2021-07-12T10:43:03,5200.0,108.0,B
2021-07-12T10:43:03,300.0,108.0,B
2021-07-12T10:43:03,3900.0,107.7,S
2021-07-12T10:43:03,100.0,107.9,S
2021-07-12T10:42:58,100.0,108.0,B
2021-07-12T10:42:55,200.0,108.0,B
2021-07-12T10:42:55,100.0,108.0,B
2021-07-12T10:42:50,200.0,108.0,B
2021-07-12T10:42:46,200.0,108.0,B
2021-07-12T10:42:35,500.0,108.0,B
2021-07-12T10:42:27,100.0,108.0,B
2021-07-12T10:42:25,300.0,108.0,B
2021-07-12T10:42:24,3000.0,108.0,B
2021-07-12T10:42:24,1000.0,108.0,B
2021-07-12T10:42:20,20000.0,108.0,B
2021-07-12T10:42:10,10000.0,108.0,B
2021-07-12T10:42:03,600.0,107.9,B
2021-07-12T10:41:53,200.0,107.9,B
2021-07-12T10:41:18,100.0,107.9,B
2021-07-12T10:41:18,300.0,107.9,B
2021-07-12T10:41:17,7500.0,107.6,S
2021-07-12T10:41:09,1000.0,107.9,B
2021-07-12T10:40:56,200.0,107.9,B
2021-07-12T10:40:55,100.0,107.9,B
2021-07-12T10:40:52,1000.0,107.6,S
2021-07-12T10:40:51,900.0,107.7,S
2021-07-12T10:40:51,200.0,107.7,S
2021-07-12T10:40:51,700.0,107.8,S
2021-07-12T10:40:51,100.0,107.8,S
2021-07-12T10:40:51,100.0,107.8,S
2021-07-12T10:40:46,1000.0,107.9,B
2021-07-12T10:40:26,3100.0,107.9,B
2021-07-12T10:40:23,900.0,107.8,S
2021-07-12T10:40:19,1000.0,107.9,B
2021-07-12T10:40:03,3200.0,107.8,B
2021-07-12T10:39:59,500.0,107.8,B
2021-07-12T10:39:57,5000.0,107.8,B
2021-07-12T10:39:54,100.0,107.8,B
2021-07-12T10:39:53,1000.0,107.8,B
2021-07-12T10:39:46,8000.0,107.7,S
2021-07-12T10:39:46,200.0,107.7,B
2021-07-12T10:39:45,1100.0,107.7,S
2021-07-12T10:39:45,700.0,107.7,S
2021-07-12T10:39:42,500.0,107.8,B
2021-07-12T10:39:37,100.0,107.7,B
2021-07-12T10:39:37,3800.0,107.7,B
2021-07-12T10:39:32,200.0,107.7,B
2021-07-12T10:39:30,100.0,107.7,B
2021-07-12T10:39:28,100.0,107.7,B
2021-07-12T10:39:27,7500.0,107.7,B
2021-07-12T10:39:26,100.0,107.7,B
2021-07-12T10:39:24,1000.0,107.7,B
2021-07-12T10:39:23,1000.0,107.7,B
2021-07-12T10:39:12,100.0,107.7,B
2021-07-12T10:39:11,1000.0,107.7,B
2021-07-12T10:39:04,2200.0,107.5,S
2021-07-12T10:39:03,100.0,107.7,B
2021-07-12T10:38:58,5000.0,107.8,B
2021-07-12T10:38:56,100.0,107.5,S
2021-07-12T10:38:48,1000.0,107.8,B
2021-07-12T10:38:47,100.0,107.8,B
2021-07-12T10:38:41,200.0,107.8,B
2021-07-12T10:38:40,500.0,107.8,B
2021-07-12T10:38:39,1300.0,107.8,B
2021-07-12T10:38:38,500.0,107.8,B
2021-07-12T10:38:33,1300.0,107.8,B
2021-07-12T10:38:32,100.0,107.6,S
2021-07-12T10:38:31,100.0,107.8,B
2021-07-12T10:38:25,1000.0,107.8,B
2021-07-12T10:38:22,6500.0,107.5,B
2021-07-12T10:38:20,100.0,107.5,B
2021-07-12T10:38:19,600.0,107.5,B
2021-07-12T10:38:19,2000.0,107.5,B
2021-07-12T10:38:19,200.0,107.5,B
2021-07-12T10:38:18,300.0,107.2,S
2021-07-12T10:38:12,4800.0,107.5,B
2021-07-12T10:38:08,500.0,107.5,B
2021-07-12T10:38:06,300.0,107.5,B
2021-07-12T10:38:05,1000.0,107.5,B
2021-07-12T10:37:56,700.0,107.5,B
2021-07-12T10:37:56,1000.0,107.5,B
2021-07-12T10:37:55,500.0,107.2,S
2021-07-12T10:37:54,100.0,107.2,S
2021-07-12T10:37:51,32700.0,107.2,B
2021-07-12T10:37:50,500.0,107.0,B
2021-07-12T10:37:48,200.0,107.0,B
2021-07-12T10:37:46,4800.0,107.0,S
2021-07-12T10:37:43,2500.0,107.2,B
2021-07-12T10:37:41,2500.0,107.0,B
2021-07-12T10:37:40,200.0,107.0,B
2021-07-12T10:37:40,500.0,107.0,B
2021-07-12T10:37:40,200.0,107.0,B
2021-07-12T10:37:39,2100.0,107.0,B
2021-07-12T10:37:37,200.0,107.0,B
2021-07-12T10:37:35,100.0,107.0,B
2021-07-12T10:37:33,1900.0,107.0,S
2021-07-12T10:37:33,100.0,107.0,S
2021-07-12T10:37:33,300.0,107.0,S
2021-07-12T10:37:33,6000.0,107.0,S
2021-07-12T10:37:33,600.0,107.0,S
2021-07-12T10:37:33,700.0,107.0,S
2021-07-12T10:37:33,100.0,107.0,S
2021-07-12T10:37:33,2400.0,107.0,S
2021-07-12T10:37:33,1500.0,107.0,S
2021-07-12T10:37:32,100.0,107.2,B
2021-07-12T10:37:23,200.0,107.2,B
2021-07-12T10:37:20,1000.0,107.2,B
2021-07-12T10:37:17,1500.0,107.2,B
2021-07-12T10:37:15,200.0,107.0,S
2021-07-12T10:37:13,300.0,107.2,B
2021-07-12T10:37:13,1000.0,107.2,B
2021-07-12T10:37:12,2000.0,107.2,B
2021-07-12T10:37:11,20000.0,107.0,S
2021-07-12T10:37:11,4000.0,107.2,B
2021-07-12T10:37:09,1000.0,107.2,B
2021-07-12T10:37:07,200.0,107.1,S
2021-07-12T10:37:06,3000.0,107.1,S
2021-07-12T10:37:01,5000.0,107.2,B
2021-07-12T10:37:00,100.0,107.2,B
2021-07-12T10:37:00,2000.0,107.2,B
2021-07-12T10:36:56,100.0,107.1,S
2021-07-12T10:36:56,200.0,107.2,B
2021-07-12T10:36:55,200.0,107.2,B
2021-07-12T10:36:52,100.0,107.1,S
2021-07-12T10:36:47,1300.0,107.2,B
2021-07-12T10:36:45,100.0,107.2,B
2021-07-12T10:36:40,100.0,107.2,B
2021-07-12T10:36:40,2700.0,107.2,S
2021-07-12T10:36:39,300.0,107.5,S
2021-07-12T10:36:37,1700.0,107.5,B
2021-07-12T10:36:37,4200.0,107.5,B
2021-07-12T10:36:36,1000.0,107.5,B
2021-07-12T10:36:35,2800.0,107.0,S
2021-07-12T10:36:35,1400.0,107.0,S
2021-07-12T10:36:35,3300.0,107.0,S
2021-07-12T10:36:35,300.0,107.1,S
2021-07-12T10:36:35,22200.0,107.2,S
2021-07-12T10:36:29,500.0,107.5,B
2021-07-12T10:36:27,1000.0,107.2,S
2021-07-12T10:36:25,1000.0,107.2,S
2021-07-12T10:36:25,3500.0,107.2,S
2021-07-12T10:36:20,100.0,107.5,B
2021-07-12T10:36:20,1500.0,107.2,S
2021-07-12T10:36:13,1400.0,107.1,S
2021-07-12T10:36:13,600.0,107.2,S
2021-07-12T10:36:05,3300.0,107.2,B
2021-07-12T10:36:04,100.0,107.2,B
2021-07-12T10:36:02,300.0,107.2,B
2021-07-12T10:35:59,300.0,107.2,B
2021-07-12T10:35:54,500.0,107.1,S
2021-07-12T10:35:53,1000.0,107.1,S
2021-07-12T10:35:40,800.0,107.0,S
2021-07-12T10:35:40,200.0,107.0,S
2021-07-12T10:35:36,300.0,107.0,S
2021-07-12T10:35:36,700.0,107.0,S
2021-07-12T10:35:26,1300.0,107.5,B
2021-07-12T10:35:24,3400.0,107.0,B
2021-07-12T10:35:23,6100.0,107.0,B
2021-07-12T10:35:23,3900.0,107.0,B
2021-07-12T10:35:20,1100.0,107.0,S
2021-07-12T10:35:12,4000.0,107.0,B
2021-07-12T10:35:08,1000.0,107.0,B
2021-07-12T10:35:08,800.0,107.0,B
2021-07-12T10:35:06,100.0,107.0,B
2021-07-12T10:35:00,100.0,107.0,B
2021-07-12T10:34:59,1000.0,107.0,B
2021-07-12T10:34:57,300.0,106.8,S
2021-07-12T10:34:57,100.0,106.8,S
2021-07-12T10:34:57,100.0,107.0,S
2021-07-12T10:34:53,900.0,106.8,S
2021-07-12T10:34:53,100.0,106.8,S
2021-07-12T10:34:53,4000.0,107.0,S
2021-07-12T10:34:46,2000.0,107.5,B
2021-07-12T10:34:44,200.0,107.0,B
2021-07-12T10:34:41,1000.0,107.0,B
2021-07-12T10:34:40,500.0,107.0,S
2021-07-12T10:34:38,400.0,107.0,B
2021-07-12T10:34:29,1000.0,107.5,B
2021-07-12T10:34:27,200.0,107.0,S
2021-07-12T10:34:26,300.0,107.0,S
2021-07-12T10:34:25,100.0,106.6,S
2021-07-12T10:34:25,400.0,106.6,S
2021-07-12T10:34:22,1000.0,107.5,B
2021-07-12T10:34:19,4900.0,106.6,S
2021-07-12T10:34:19,4100.0,106.6,S
2021-07-12T10:34:17,700.0,107.0,S
2021-07-12T10:34:12,400.0,106.7,S
2021-07-12T10:34:12,100.0,107.0,S
2021-07-12T10:34:07,2000.0,106.7,S
2021-07-12T10:34:07,5100.0,107.5,B
2021-07-12T10:34:07,500.0,107.0,B
2021-07-12T10:34:07,2300.0,107.0,B
2021-07-12T10:34:07,100.0,107.0,B
2021-07-12T10:34:07,2600.0,107.0,B
2021-07-12T10:34:07,1000.0,107.0,B
2021-07-12T10:34:07,1400.0,107.0,B
2021-07-12T10:34:06,1600.0,107.0,B
2021-07-12T10:34:01,100.0,106.8,S
2021-07-12T10:34:00,200.0,107.0,B
2021-07-12T10:33:59,100.0,107.0,B
2021-07-12T10:33:59,100.0,107.0,B
2021-07-12T10:33:53,100.0,107.0,B
2021-07-12T10:33:52,100.0,107.0,B
2021-07-12T10:33:51,1000.0,107.0,B
2021-07-12T10:33:47,200.0,107.0,B
2021-07-12T10:33:46,500.0,107.0,B
2021-07-12T10:33:37,500.0,107.0,B
2021-07-12T10:33:30,2200.0,107.0,B
2021-07-12T10:33:29,200.0,107.0,B
2021-07-12T10:33:27,1000.0,107.0,B
2021-07-12T10:33:26,100.0,106.7,S
2021-07-12T10:33:24,100.0,107.0,B
2021-07-12T10:33:22,2000.0,107.0,B
2021-07-12T10:33:17,5000.0,107.0,B
2021-07-12T10:33:11,1300.0,107.0,B
2021-07-12T10:33:07,200.0,107.0,B
2021-07-12T10:33:07,5000.0,106.6,S
2021-07-12T10:33:07,500.0,107.0,B
2021-07-12T10:33:04,1700.0,107.0,S
2021-07-12T10:33:03,3000.0,107.0,S
2021-07-12T10:33:03,200.0,107.0,S
2021-07-12T10:32:54,100.0,107.0,B
2021-07-12T10:32:53,200.0,106.6,S
2021-07-12T10:32:52,500.0,106.6,S
2021-07-12T10:32:50,100.0,107.9,B
2021-07-12T10:32:45,900.0,106.4,S
2021-07-12T10:32:44,2000.0,106.4,S
2021-07-12T10:32:44,200.0,107.0,S
2021-07-12T10:32:43,400.0,107.0,S
2021-07-12T10:32:41,500.0,107.0,S
2021-07-12T10:32:39,500.0,107.0,B
2021-07-12T10:32:37,22000.0,107.0,B
2021-07-12T10:32:36,100.0,106.6,S
2021-07-12T10:32:32,26100.0,106.4,S
2021-07-12T10:32:32,1200.0,106.4,S
2021-07-12T10:32:32,1400.0,106.5,S
2021-07-12T10:32:32,6800.0,106.5,S
2021-07-12T10:32:32,2600.0,106.5,S
2021-07-12T10:32:32,11900.0,106.6,S
2021-07-12T10:32:28,2000.0,106.6,S
2021-07-12T10:32:23,2100.0,107.0,B
2021-07-12T10:32:21,2000.0,107.0,B
2021-07-12T10:32:18,100.0,106.6,S
2021-07-12T10:32:18,300.0,107.0,B
2021-07-12T10:32:17,100.0,107.0,B
2021-07-12T10:32:11,300.0,107.0,B
2021-07-12T10:32:10,200.0,107.0,B
