tradingTime,volume,price,side
2021-07-12T14:30:01,18200.0,38.0,S
2021-07-12T14:29:55,100.0,38.0,S
2021-07-12T14:29:55,40000.0,38.7,B
2021-07-12T14:29:55,400.0,38.6,B
2021-07-12T14:29:53,200.0,38.5,B
2021-07-12T14:29:50,5000.0,38.5,B
2021-07-12T14:29:49,200.0,38.5,B
2021-07-12T14:29:44,200.0,38.5,S
2021-07-12T14:29:43,100.0,38.5,S
2021-07-12T14:29:42,400.0,38.0,S
2021-07-12T14:29:42,1000.0,38.5,S
2021-07-12T14:29:40,2000.0,38.6,B
2021-07-12T14:29:34,200.0,38.5,S
2021-07-12T14:29:26,500.0,38.6,B
2021-07-12T14:29:25,30000.0,38.0,S
2021-07-12T14:29:24,700.0,38.5,S
2021-07-12T14:29:21,300.0,38.5,S
2021-07-12T14:29:19,500.0,38.6,B
2021-07-12T14:29:11,1000.0,38.6,B
2021-07-12T14:28:54,3100.0,38.6,B
2021-07-12T14:28:49,200.0,38.6,B
2021-07-12T14:28:46,600.0,38.6,B
2021-07-12T14:28:44,100.0,38.6,B
2021-07-12T14:28:39,4000.0,38.6,B
2021-07-12T14:28:26,500.0,38.5,S
2021-07-12T14:28:21,300.0,38.5,S
2021-07-12T14:28:12,800.0,38.5,S
2021-07-12T14:28:10,200.0,38.5,S
2021-07-12T14:28:05,1000.0,38.6,B
2021-07-12T14:28:00,1000.0,38.6,B
2021-07-12T14:27:57,100.0,38.5,S
2021-07-12T14:27:48,100.0,38.5,S
2021-07-12T14:27:47,300.0,38.6,B
2021-07-12T14:27:46,600.0,38.6,B
2021-07-12T14:27:46,1000.0,38.6,B
2021-07-12T14:27:43,200.0,38.6,B
2021-07-12T14:27:30,300.0,38.6,B
2021-07-12T14:27:29,500.0,38.5,S
2021-07-12T14:27:18,500.0,38.5,S
2021-07-12T14:27:17,100.0,38.5,S
2021-07-12T14:27:17,900.0,38.5,S
2021-07-12T14:27:13,3700.0,38.6,B
2021-07-12T14:27:07,7000.0,38.5,S
2021-07-12T14:27:05,100.0,38.5,S
2021-07-12T14:27:01,600.0,38.5,S
2021-07-12T14:26:53,700.0,38.6,B
2021-07-12T14:26:51,100.0,38.6,B
2021-07-12T14:26:48,200.0,38.5,S
2021-07-12T14:26:45,2900.0,38.6,B
2021-07-12T14:26:44,100.0,38.6,B
2021-07-12T14:26:31,200.0,38.6,B
2021-07-12T14:26:28,500.0,38.5,S
2021-07-12T14:26:27,50000.0,38.6,B
2021-07-12T14:26:21,1500.0,38.6,B
2021-07-12T14:26:17,1900.0,38.5,B
2021-07-12T14:26:16,400.0,38.5,B
2021-07-12T14:26:15,3000.0,38.4,S
2021-07-12T14:26:09,1000.0,38.5,B
2021-07-12T14:26:08,5500.0,38.5,B
2021-07-12T14:26:06,2900.0,38.5,B
2021-07-12T14:26:06,100.0,38.5,B
2021-07-12T14:26:05,2000.0,38.5,B
2021-07-12T14:26:02,200.0,38.5,B
2021-07-12T14:26:00,100.0,38.5,B
2021-07-12T14:25:53,200.0,38.4,S
2021-07-12T14:25:51,8000.0,38.5,B
2021-07-12T14:25:50,3000.0,38.5,B
2021-07-12T14:25:48,3300.0,38.5,B
2021-07-12T14:25:47,5000.0,38.5,B
2021-07-12T14:25:47,500.0,38.5,B
2021-07-12T14:25:36,7200.0,38.4,B
2021-07-12T14:25:36,800.0,38.3,B
2021-07-12T14:25:35,1000.0,38.2,S
2021-07-12T14:25:34,5000.0,38.3,B
2021-07-12T14:25:34,500.0,38.3,B
2021-07-12T14:25:32,2900.0,38.3,B
2021-07-12T14:25:31,100.0,38.3,B
2021-07-12T14:25:29,500.0,38.3,B
2021-07-12T14:25:26,4000.0,38.3,B
2021-07-12T14:25:26,100.0,38.2,S
2021-07-12T14:25:22,500.0,38.3,B
2021-07-12T14:25:20,2000.0,38.3,B
2021-07-12T14:25:14,1000.0,38.1,S
2021-07-12T14:25:13,1800.0,38.2,B
2021-07-12T14:25:11,5900.0,38.2,B
2021-07-12T14:25:09,2500.0,38.2,B
2021-07-12T14:25:07,2500.0,38.1,S
2021-07-12T14:25:05,2000.0,38.2,B
2021-07-12T14:25:00,8400.0,38.1,B
2021-07-12T14:24:57,300.0,38.1,B
2021-07-12T14:24:45,8000.0,38.0,B
2021-07-12T14:24:43,300.0,38.0,B
2021-07-12T14:24:39,50000.0,38.0,B
2021-07-12T14:24:38,4500.0,38.0,B
2021-07-12T14:24:36,9900.0,37.8,S
2021-07-12T14:24:32,10000.0,38.0,B
2021-07-12T14:24:30,1500.0,37.9,B
2021-07-12T14:24:28,100.0,37.8,S
2021-07-12T14:24:27,100.0,37.9,B
2021-07-12T14:24:25,100.0,37.9,B
2021-07-12T14:24:21,17300.0,37.8,B
2021-07-12T14:24:20,10400.0,37.8,B
2021-07-12T14:24:20,500.0,37.8,B
2021-07-12T14:24:18,100.0,37.8,B
2021-07-12T14:24:18,200.0,37.8,B
2021-07-12T14:24:17,1200.0,37.8,B
2021-07-12T14:24:16,1600.0,37.8,B
2021-07-12T14:24:15,500.0,37.8,B
2021-07-12T14:24:14,100.0,37.8,B
2021-07-12T14:24:14,2700.0,37.7,S
2021-07-12T14:24:13,400.0,37.8,B
2021-07-12T14:24:07,3000.0,37.8,B
2021-07-12T14:24:05,500.0,37.8,B
2021-07-12T14:24:01,156600.0,37.7,B
2021-07-12T14:24:01,400.0,37.7,B
2021-07-12T14:24:00,1700.0,37.7,B
2021-07-12T14:23:59,5100.0,37.7,B
2021-07-12T14:23:58,2700.0,37.7,B
2021-07-12T14:23:57,8000.0,37.7,B
2021-07-12T14:23:57,100.0,37.7,B
2021-07-12T14:23:55,300.0,37.7,B
2021-07-12T14:23:55,5300.0,37.7,B
2021-07-12T14:23:55,11100.0,37.7,B
2021-07-12T14:23:55,6400.0,37.7,B
2021-07-12T14:23:54,1600.0,37.7,B
2021-07-12T14:23:54,2100.0,37.7,B
2021-07-12T14:23:53,3000.0,37.7,B
2021-07-12T14:23:53,6400.0,37.7,B
2021-07-12T14:23:51,18900.0,37.7,B
2021-07-12T14:23:50,5400.0,37.7,B
2021-07-12T14:23:49,300.0,37.7,B
2021-07-12T14:23:47,300.0,37.7,B
2021-07-12T14:23:47,500.0,37.7,B
2021-07-12T14:23:47,100.0,37.7,B
2021-07-12T14:23:47,10100.0,37.7,B
2021-07-12T14:23:46,3200.0,37.7,B
2021-07-12T14:23:45,2500.0,37.7,B
2021-07-12T14:23:45,500.0,37.7,B
2021-07-12T14:23:44,3100.0,37.7,B
2021-07-12T14:23:44,2200.0,37.7,B
2021-07-12T14:23:43,300.0,37.7,B
2021-07-12T14:23:42,300.0,37.7,B
2021-07-12T14:23:42,1000.0,37.7,B
2021-07-12T14:23:40,3000.0,37.7,B
2021-07-12T14:23:40,500.0,37.7,B
2021-07-12T14:23:39,2300.0,37.7,B
2021-07-12T14:23:38,19400.0,37.7,B
2021-07-12T14:23:38,100.0,37.7,B
2021-07-12T14:23:37,200.0,37.7,B
2021-07-12T14:23:36,300.0,37.7,B
2021-07-12T14:23:35,5200.0,37.7,B
2021-07-12T14:23:34,700.0,37.7,B
2021-07-12T14:23:33,400.0,37.7,B
2021-07-12T14:23:30,600.0,37.7,B
2021-07-12T14:23:29,2800.0,37.7,B
2021-07-12T14:23:28,3500.0,37.7,B
2021-07-12T14:23:28,300.0,37.7,B
2021-07-12T14:23:27,1800.0,37.7,B
2021-07-12T14:23:25,500.0,37.7,B
2021-07-12T14:23:24,1000.0,37.7,B
2021-07-12T14:23:24,2000.0,37.7,B
2021-07-12T14:23:23,9000.0,37.7,B
2021-07-12T14:23:23,200.0,37.7,B
2021-07-12T14:23:22,1100.0,37.7,B
2021-07-12T14:23:22,32000.0,37.7,B
2021-07-12T14:23:21,1200.0,37.7,B
2021-07-12T14:23:21,3000.0,37.7,B
2021-07-12T14:23:20,2000.0,37.7,B
2021-07-12T14:23:20,7100.0,37.7,B
2021-07-12T14:23:19,100.0,37.7,B
2021-07-12T14:23:18,10200.0,37.7,B
2021-07-12T14:23:17,5000.0,37.7,B
2021-07-12T14:23:17,100.0,37.7,B
2021-07-12T14:23:16,13500.0,37.7,B
2021-07-12T14:23:15,1700.0,37.7,B
2021-07-12T14:23:14,7000.0,37.7,B
2021-07-12T14:23:13,100.0,37.7,B
2021-07-12T14:23:13,2500.0,37.7,B
2021-07-12T14:23:11,100.0,37.7,B
2021-07-12T14:23:10,2000.0,37.7,B
2021-07-12T14:23:09,300.0,37.7,B
2021-07-12T14:23:08,500.0,37.7,B
2021-07-12T14:23:07,300.0,37.7,B
2021-07-12T14:23:07,300.0,37.7,B
2021-07-12T14:23:06,1000.0,37.7,B
2021-07-12T14:23:04,400.0,37.7,B
2021-07-12T14:23:02,1600.0,37.7,B
2021-07-12T14:23:01,500.0,37.7,B
2021-07-12T14:23:01,100.0,37.7,B
2021-07-12T14:22:59,300.0,37.7,B
2021-07-12T14:22:58,1000.0,37.7,B
2021-07-12T14:22:57,300.0,37.7,B
2021-07-12T14:22:57,500.0,37.7,B
2021-07-12T14:22:56,10000.0,37.7,B
2021-07-12T14:22:55,600.0,37.7,B
2021-07-12T14:22:55,300.0,37.7,B
2021-07-12T14:22:54,500.0,37.7,B
2021-07-12T14:22:53,2000.0,37.7,B
2021-07-12T14:22:52,600.0,37.7,B
2021-07-12T14:22:51,10000.0,37.7,B
2021-07-12T14:22:50,100.0,37.7,B
2021-07-12T14:22:50,2000.0,37.7,B
2021-07-12T14:22:49,500.0,37.7,B
2021-07-12T14:22:48,100.0,37.7,B
2021-07-12T14:22:47,100.0,37.7,B
2021-07-12T14:22:47,100.0,37.7,B
2021-07-12T14:22:46,200.0,37.7,B
2021-07-12T14:22:45,200.0,37.7,B
2021-07-12T14:22:44,1000.0,37.7,B
2021-07-12T14:22:42,100.0,37.7,B
2021-07-12T14:22:41,4200.0,37.7,B
2021-07-12T14:22:39,500.0,37.7,B
2021-07-12T14:22:37,1500.0,37.7,B
2021-07-12T14:22:35,100.0,37.7,B
2021-07-12T14:22:34,5000.0,37.7,B
2021-07-12T14:22:34,500.0,37.7,B
2021-07-12T14:22:33,500.0,37.7,B
2021-07-12T14:22:32,400.0,37.7,B
2021-07-12T14:22:31,500.0,37.7,B
2021-07-12T14:22:30,300.0,37.7,B
2021-07-12T14:22:27,200.0,37.7,B
2021-07-12T14:22:26,500.0,37.7,B
2021-07-12T14:22:25,92000.0,37.7,B
2021-07-12T14:22:25,14300.0,37.7,B
2021-07-12T14:22:25,300.0,37.7,B
2021-07-12T14:22:22,200.0,37.7,B
2021-07-12T14:22:22,300.0,37.7,B
2021-07-12T14:22:21,100.0,37.7,B
2021-07-12T14:22:18,100.0,37.7,B
2021-07-12T14:22:18,300.0,37.7,B
2021-07-12T14:22:14,500.0,37.7,B
2021-07-12T14:22:12,800.0,37.7,B
2021-07-12T14:22:11,3100.0,37.7,B
2021-07-12T14:22:06,500.0,37.7,B
2021-07-12T14:22:04,200.0,37.7,B
2021-07-12T14:22:02,1000.0,37.7,B
2021-07-12T14:22:02,10000.0,37.7,B
2021-07-12T14:22:01,100.0,37.7,B
2021-07-12T14:22:01,1000.0,37.7,B
2021-07-12T14:21:59,1000.0,37.7,B
2021-07-12T14:21:58,300.0,37.7,B
2021-07-12T14:21:57,200.0,37.7,B
2021-07-12T14:21:56,10000.0,37.7,B
2021-07-12T14:21:53,200.0,37.7,B
2021-07-12T14:21:49,3000.0,37.7,B
2021-07-12T14:21:43,200.0,37.7,B
2021-07-12T14:21:41,1100.0,37.7,B
2021-07-12T14:21:39,2000.0,37.7,B
2021-07-12T14:21:35,100.0,37.7,B
2021-07-12T14:21:31,200.0,37.7,B
2021-07-12T14:21:30,2000.0,37.7,B
2021-07-12T14:21:24,1200.0,37.7,B
2021-07-12T14:21:22,500.0,37.7,B
2021-07-12T14:21:18,100.0,37.7,B
2021-07-12T14:21:12,100.0,37.7,B
2021-07-12T14:21:11,200.0,37.7,B
2021-07-12T14:21:07,500.0,37.7,B
2021-07-12T14:21:05,500.0,37.7,B
2021-07-12T14:21:03,13000.0,37.7,B
2021-07-12T14:21:03,3000.0,37.7,B
2021-07-12T14:21:00,100.0,37.7,B
2021-07-12T14:20:59,500.0,37.7,B
2021-07-12T14:20:56,300.0,37.7,B
2021-07-12T14:20:50,200.0,37.7,B
2021-07-12T14:20:48,300.0,37.7,B
2021-07-12T14:20:46,1200.0,37.7,B
2021-07-12T14:20:45,2000.0,37.7,B
2021-07-12T14:20:41,1000.0,37.7,B
2021-07-12T14:20:40,100.0,37.7,B
2021-07-12T14:20:38,300.0,37.7,B
2021-07-12T14:20:33,100.0,37.7,B
2021-07-12T14:20:31,2000.0,37.7,B
2021-07-12T14:20:29,200.0,37.7,B
2021-07-12T14:20:20,300.0,37.7,B
2021-07-12T14:20:17,1100.0,37.7,B
2021-07-12T14:20:16,1000.0,37.7,B
2021-07-12T14:20:11,100.0,37.7,B
2021-07-12T14:20:10,100.0,37.7,B
2021-07-12T14:20:01,3400.0,37.7,B
2021-07-12T14:19:58,2100.0,37.7,B
2021-07-12T14:19:54,100.0,37.7,B
2021-07-12T14:19:53,100.0,37.7,B
2021-07-12T14:19:51,200.0,37.7,B
2021-07-12T14:19:49,1000.0,37.7,B
2021-07-12T14:19:47,100.0,37.7,B
2021-07-12T14:19:44,1000.0,37.7,B
2021-07-12T14:19:41,500.0,37.7,B
2021-07-12T14:19:40,500.0,37.7,B
2021-07-12T14:19:39,200.0,37.7,B
2021-07-12T14:19:35,100.0,37.7,B
2021-07-12T14:19:35,900.0,37.7,B
2021-07-12T14:19:33,3700.0,37.7,B
2021-07-12T14:19:30,300.0,37.7,B
2021-07-12T14:19:30,6000.0,37.7,B
2021-07-12T14:19:26,500.0,37.7,B
2021-07-12T14:19:25,300.0,37.7,B
2021-07-12T14:19:24,300.0,37.7,B
2021-07-12T14:19:23,1000.0,37.7,B
2021-07-12T14:19:19,100.0,37.7,B
2021-07-12T14:19:19,2500.0,37.7,B
2021-07-12T14:19:16,2000.0,37.7,B
2021-07-12T14:19:16,1500.0,37.7,B
2021-07-12T14:19:12,100.0,37.7,B
2021-07-12T14:19:11,400.0,37.7,B
2021-07-12T14:19:10,5000.0,37.7,B
2021-07-12T14:19:06,1300.0,37.7,B
2021-07-12T14:19:04,100.0,37.7,B
2021-07-12T14:19:03,1000.0,37.7,B
2021-07-12T14:18:54,100.0,37.7,B
2021-07-12T14:18:44,400.0,37.7,B
2021-07-12T14:18:37,300.0,37.7,B
2021-07-12T14:18:31,800.0,37.7,B
2021-07-12T14:18:23,300.0,37.7,B
2021-07-12T14:18:22,300.0,37.7,B
2021-07-12T14:18:12,1400.0,37.7,B
2021-07-12T14:18:05,200.0,37.7,B
2021-07-12T14:18:04,200.0,37.7,B
2021-07-12T14:18:02,5000.0,37.7,B
2021-07-12T14:17:58,100.0,37.7,B
2021-07-12T14:17:56,100.0,37.7,B
2021-07-12T14:17:53,500.0,37.7,B
2021-07-12T14:17:46,100.0,37.7,B
2021-07-12T14:17:43,400.0,37.7,B
2021-07-12T14:17:40,500.0,37.7,B
2021-07-12T14:17:39,100.0,37.7,B
2021-07-12T14:17:27,200.0,37.7,B
2021-07-12T14:17:25,200.0,37.7,B
2021-07-12T14:17:22,1000.0,37.7,B
2021-07-12T14:17:19,200.0,37.7,B
2021-07-12T14:17:18,300.0,37.7,B
2021-07-12T14:17:16,200.0,37.7,B
2021-07-12T14:17:13,5900.0,37.7,B
2021-07-12T14:17:12,300.0,37.7,B
2021-07-12T14:17:08,4500.0,37.7,B
2021-07-12T14:17:01,1000.0,37.7,B
2021-07-12T14:17:01,100.0,37.7,B
2021-07-12T14:16:56,1100.0,37.7,B
2021-07-12T14:16:41,100.0,37.7,B
2021-07-12T14:16:34,1100.0,37.7,B
2021-07-12T14:16:24,100.0,37.7,B
2021-07-12T14:16:22,200.0,37.7,B
2021-07-12T14:16:10,5000.0,37.7,B
2021-07-12T14:16:07,400.0,37.7,B
2021-07-12T14:16:05,100.0,37.7,B
2021-07-12T14:16:02,5000.0,37.7,B
2021-07-12T14:16:00,500.0,37.7,B
2021-07-12T14:15:57,4200.0,37.7,B
2021-07-12T14:15:57,5000.0,37.7,B
2021-07-12T14:15:55,200.0,37.7,B
2021-07-12T14:15:48,100.0,37.7,B
2021-07-12T14:15:38,400.0,37.7,B
2021-07-12T14:15:34,200.0,37.7,B
2021-07-12T14:15:32,100.0,37.7,B
2021-07-12T14:15:27,200.0,37.7,B
2021-07-12T14:15:21,100.0,37.7,B
2021-07-12T14:15:14,100.0,37.7,B
2021-07-12T14:15:09,100.0,37.7,B
2021-07-12T14:15:06,500.0,37.7,B
2021-07-12T14:15:04,1000.0,37.7,B
2021-07-12T14:15:02,100.0,37.7,B
2021-07-12T14:14:56,200.0,37.7,B
2021-07-12T14:14:55,300.0,37.7,B
2021-07-12T14:14:54,100.0,37.7,B
2021-07-12T14:14:53,100.0,37.7,B
2021-07-12T14:14:51,300.0,37.7,B
2021-07-12T14:14:45,100.0,37.7,B
2021-07-12T14:14:44,500.0,37.7,B
2021-07-12T14:14:42,200.0,37.7,B
2021-07-12T14:14:39,300.0,37.7,B
2021-07-12T14:14:37,3100.0,37.7,B
2021-07-12T14:14:35,500.0,37.7,B
2021-07-12T14:14:28,1700.0,37.7,B
2021-07-12T14:14:26,500.0,37.7,B
2021-07-12T14:14:23,100.0,37.7,B
2021-07-12T14:14:21,200.0,37.7,B
2021-07-12T14:14:18,700.0,37.7,B
2021-07-12T14:14:15,2700.0,37.7,B
2021-07-12T14:14:11,200.0,37.7,B
2021-07-12T14:14:03,100.0,37.7,B
2021-07-12T14:13:59,1700.0,37.7,B
2021-07-12T14:13:53,2500.0,37.7,B
2021-07-12T14:13:52,100.0,37.7,B
2021-07-12T14:13:49,200.0,37.7,B
2021-07-12T14:13:47,200.0,37.7,B
2021-07-12T14:13:43,500.0,37.7,B
2021-07-12T14:13:37,500.0,37.7,B
2021-07-12T14:13:35,300.0,37.7,B
2021-07-12T14:13:30,2000.0,37.7,B
2021-07-12T14:13:26,100.0,37.7,B
2021-07-12T14:13:15,100.0,37.7,B
2021-07-12T14:13:10,200.0,37.7,B
2021-07-12T14:13:06,5000.0,37.7,B
2021-07-12T14:13:04,400.0,37.7,B
2021-07-12T14:13:02,2000.0,37.7,B
2021-07-12T14:12:55,500.0,37.7,B
2021-07-12T14:12:53,100.0,37.7,B
2021-07-12T14:12:51,200.0,37.7,B
2021-07-12T14:12:49,3000.0,37.7,B
2021-07-12T14:12:47,1000.0,37.7,B
2021-07-12T14:12:42,300.0,37.7,B
2021-07-12T14:12:34,100.0,37.7,B
2021-07-12T14:12:33,1000.0,37.7,B
2021-07-12T14:12:31,100.0,37.7,B
2021-07-12T14:12:27,500.0,37.7,B
2021-07-12T14:12:24,100.0,37.7,B
2021-07-12T14:12:20,100.0,37.7,B
2021-07-12T14:12:15,100.0,37.7,B
2021-07-12T14:12:14,100.0,37.7,B
2021-07-12T14:12:08,100.0,37.7,B
2021-07-12T14:12:05,400.0,37.7,B
2021-07-12T14:12:00,1000.0,37.7,B
2021-07-12T14:11:58,100.0,37.7,B
2021-07-12T14:11:52,300.0,37.7,B
2021-07-12T14:11:44,300.0,37.7,B
2021-07-12T14:11:32,100.0,37.7,B
2021-07-12T14:11:29,100.0,37.7,B
2021-07-12T14:11:28,200.0,37.7,B
2021-07-12T14:11:25,300.0,37.7,B
2021-07-12T14:11:20,15000.0,37.7,B
2021-07-12T14:11:19,1100.0,37.7,B
2021-07-12T14:11:18,11900.0,37.7,B
2021-07-12T14:11:05,200.0,37.7,B
2021-07-12T14:11:03,300.0,37.7,B
2021-07-12T14:11:02,300.0,37.7,B
2021-07-12T14:10:58,100.0,37.7,B
2021-07-12T14:10:50,500.0,37.7,B
2021-07-12T14:10:49,2000.0,37.7,B
2021-07-12T14:10:43,100.0,37.7,B
2021-07-12T14:10:37,100.0,37.7,B
2021-07-12T14:10:35,100.0,37.7,B
2021-07-12T14:10:34,300.0,37.7,B
2021-07-12T14:10:34,200.0,37.7,B
2021-07-12T14:10:29,100.0,37.7,B
2021-07-12T14:10:18,100.0,37.7,B
2021-07-12T14:10:17,1300.0,37.7,B
2021-07-12T14:10:17,1000.0,37.7,B
2021-07-12T14:10:13,500.0,37.7,B
2021-07-12T14:10:10,100.0,37.7,B
2021-07-12T14:10:09,10000.0,37.7,B
2021-07-12T14:10:04,200.0,37.7,B
2021-07-12T14:10:03,100.0,37.7,B
2021-07-12T14:09:59,100.0,37.7,B
2021-07-12T14:09:36,100.0,37.7,B
2021-07-12T14:09:27,500.0,37.7,B
2021-07-12T14:09:25,100.0,37.7,B
2021-07-12T14:09:20,200.0,37.7,B
2021-07-12T14:09:15,100.0,37.7,B
2021-07-12T14:09:14,1000.0,37.7,B
2021-07-12T14:09:09,500.0,37.7,B
2021-07-12T14:09:08,300.0,37.7,B
2021-07-12T14:09:07,5000.0,37.7,B
2021-07-12T14:08:59,1000.0,37.7,B
2021-07-12T14:08:55,200.0,37.7,B
2021-07-12T14:08:54,300.0,37.7,B
2021-07-12T14:08:52,100.0,37.7,B
2021-07-12T14:08:52,100.0,37.7,B
2021-07-12T14:08:41,200.0,37.7,B
2021-07-12T14:08:39,2200.0,37.7,B
2021-07-12T14:08:31,500.0,37.7,B
2021-07-12T14:08:28,3000.0,37.7,B
2021-07-12T14:08:25,100.0,37.7,B
2021-07-12T14:08:24,100.0,37.7,B
2021-07-12T14:08:21,2000.0,37.7,B
2021-07-12T14:08:19,700.0,37.7,B
2021-07-12T14:08:14,100.0,37.7,B
2021-07-12T14:08:12,500.0,37.7,B
2021-07-12T14:08:02,100.0,37.7,B
2021-07-12T14:08:01,100.0,37.7,B
2021-07-12T14:08:00,500.0,37.7,B
2021-07-12T14:07:57,5900.0,37.7,B
2021-07-12T14:07:54,1000.0,37.7,B
2021-07-12T14:07:52,100.0,37.7,B
2021-07-12T14:07:51,100.0,37.7,B
2021-07-12T14:07:51,100.0,37.7,B
2021-07-12T14:07:31,1000.0,37.7,B
2021-07-12T14:07:27,100.0,37.7,B
2021-07-12T14:07:23,1000.0,37.7,B
2021-07-12T14:07:14,100.0,37.7,B
2021-07-12T14:07:13,100.0,37.7,B
2021-07-12T14:07:08,100.0,37.7,B
2021-07-12T14:07:08,100.0,37.7,B
2021-07-12T14:07:07,200.0,37.7,B
2021-07-12T14:06:53,400.0,37.7,B
2021-07-12T14:06:52,200.0,37.7,B
2021-07-12T14:06:51,100.0,37.7,B
2021-07-12T14:06:47,5000.0,37.7,B
2021-07-12T14:06:45,300.0,37.7,B
2021-07-12T14:06:35,100.0,37.7,B
2021-07-12T14:06:34,400.0,37.7,B
2021-07-12T14:06:29,100.0,37.7,B
2021-07-12T14:06:25,200.0,37.7,B
2021-07-12T14:06:25,100.0,37.7,B
2021-07-12T14:06:22,200.0,37.7,B
2021-07-12T14:06:21,500.0,37.7,B
2021-07-12T14:06:10,200.0,37.7,B
2021-07-12T14:05:51,500.0,37.7,B
2021-07-12T14:05:45,200.0,37.7,B
2021-07-12T14:05:43,100.0,37.7,B
2021-07-12T14:05:42,1000.0,37.7,B
2021-07-12T14:05:27,100.0,37.7,B
2021-07-12T14:05:23,200.0,37.7,B
2021-07-12T14:05:22,1000.0,37.7,B
2021-07-12T14:05:09,100.0,37.7,B
2021-07-12T14:05:06,800.0,37.7,B
2021-07-12T14:04:58,300.0,37.7,B
2021-07-12T14:04:57,1000.0,37.7,B
2021-07-12T14:04:56,100.0,37.7,B
2021-07-12T14:04:44,500.0,37.7,B
2021-07-12T14:04:41,400.0,37.7,B
2021-07-12T14:04:25,2000.0,37.7,B
2021-07-12T14:04:15,500.0,37.7,B
2021-07-12T14:04:13,300.0,37.7,B
2021-07-12T14:04:13,100.0,37.7,B
2021-07-12T14:04:12,100.0,37.7,B
2021-07-12T14:04:10,100.0,37.7,B
2021-07-12T14:04:07,100.0,37.7,B
2021-07-12T14:04:05,100.0,37.7,B
2021-07-12T14:03:58,100.0,37.7,B
2021-07-12T14:03:56,500.0,37.7,B
2021-07-12T14:03:50,100.0,37.7,B
2021-07-12T14:03:48,500.0,37.7,B
2021-07-12T14:03:45,500.0,37.7,B
2021-07-12T14:03:40,100.0,37.7,B
2021-07-12T14:03:37,1000.0,37.7,B
2021-07-12T14:03:33,5000.0,37.7,B
2021-07-12T14:03:29,3000.0,37.7,B
2021-07-12T14:03:28,200.0,37.7,B
2021-07-12T14:03:18,300.0,37.7,B
2021-07-12T14:03:16,200.0,37.7,B
2021-07-12T14:03:13,100.0,37.7,B
2021-07-12T14:03:09,200.0,37.7,B
2021-07-12T14:03:08,100.0,37.7,B
2021-07-12T14:02:58,5900.0,37.7,B
2021-07-12T14:02:56,100.0,37.7,B
2021-07-12T14:02:53,100.0,37.7,B
2021-07-12T14:02:51,200.0,37.7,B
2021-07-12T14:02:48,100.0,37.7,B
2021-07-12T14:02:43,100.0,37.7,B
2021-07-12T14:02:42,1100.0,37.7,B
2021-07-12T14:02:42,300.0,37.7,B
2021-07-12T14:02:36,5000.0,37.7,B
2021-07-12T14:02:34,100.0,37.7,B
2021-07-12T14:02:32,100.0,37.7,B
2021-07-12T14:02:30,100.0,37.7,B
2021-07-12T14:02:23,400.0,37.7,B
2021-07-12T14:02:19,100.0,37.7,B
2021-07-12T14:02:14,1800.0,37.7,B
2021-07-12T14:02:14,200.0,37.7,B
2021-07-12T14:02:11,1100.0,37.7,B
2021-07-12T14:02:08,100.0,37.7,B
2021-07-12T14:02:07,300.0,37.7,B
2021-07-12T14:01:57,100.0,37.7,B
2021-07-12T14:01:56,500.0,37.7,B
2021-07-12T14:01:55,100.0,37.7,B
2021-07-12T14:01:54,1000.0,37.7,B
2021-07-12T14:01:48,500.0,37.7,B
2021-07-12T14:01:45,300.0,37.7,B
2021-07-12T14:01:43,100.0,37.7,B
2021-07-12T14:01:39,200.0,37.7,B
2021-07-12T14:01:27,100.0,37.7,B
2021-07-12T14:01:22,100.0,37.7,B
2021-07-12T14:01:22,1000.0,37.7,B
2021-07-12T14:01:17,100.0,37.7,B
2021-07-12T14:01:09,100.0,37.7,B
2021-07-12T14:01:08,100.0,37.7,B
2021-07-12T14:01:07,5000.0,37.7,B
2021-07-12T14:01:04,500.0,37.7,B
2021-07-12T14:01:02,100.0,37.7,B
2021-07-12T14:01:02,1300.0,37.7,B
2021-07-12T14:00:58,200.0,37.7,B
2021-07-12T14:00:57,300.0,37.7,B
2021-07-12T14:00:56,200.0,37.7,B
2021-07-12T14:00:52,100.0,37.7,B
2021-07-12T14:00:46,500.0,37.7,B
2021-07-12T14:00:40,200.0,37.7,B
2021-07-12T14:00:38,100.0,37.7,B
2021-07-12T14:00:37,300.0,37.7,B
2021-07-12T14:00:37,1600.0,37.7,B
2021-07-12T14:00:36,2000.0,37.7,B
2021-07-12T14:00:35,400.0,37.7,B
2021-07-12T14:00:34,3600.0,37.7,B
2021-07-12T14:00:25,1000.0,37.7,B
2021-07-12T14:00:20,100.0,37.7,B
2021-07-12T14:00:17,100.0,37.7,B
2021-07-12T14:00:16,5900.0,37.7,B
2021-07-12T14:00:15,100.0,37.7,B
2021-07-12T14:00:15,400.0,37.7,B
2021-07-12T14:00:13,100.0,37.7,B
2021-07-12T14:00:07,100.0,37.7,B
2021-07-12T14:00:02,2000.0,37.7,B
2021-07-12T14:00:01,1000.0,37.7,B
2021-07-12T13:59:57,200.0,37.7,B
2021-07-12T13:59:55,100.0,37.7,B
2021-07-12T13:59:54,2000.0,37.7,B
2021-07-12T13:59:52,500.0,37.7,B
2021-07-12T13:59:48,2900.0,37.7,B
2021-07-12T13:59:48,100.0,37.7,B
2021-07-12T13:59:47,400.0,37.7,B
2021-07-12T13:59:46,100.0,37.7,B
2021-07-12T13:59:42,200.0,37.7,B
2021-07-12T13:59:39,1000.0,37.7,B
2021-07-12T13:59:37,2900.0,37.7,B
2021-07-12T13:59:35,100.0,37.7,B
2021-07-12T13:59:27,200.0,37.7,B
2021-07-12T13:59:26,1100.0,37.7,B
2021-07-12T13:59:12,100.0,37.7,B
2021-07-12T13:59:09,300.0,37.7,B
2021-07-12T13:59:04,1000.0,37.7,B
2021-07-12T13:59:03,100.0,37.7,B
2021-07-12T13:59:01,200.0,37.7,B
2021-07-12T13:58:59,100.0,37.7,B
2021-07-12T13:58:58,1000.0,37.7,B
2021-07-12T13:58:57,100.0,37.7,B
2021-07-12T13:58:51,100.0,37.7,B
2021-07-12T13:58:51,300.0,37.7,B
2021-07-12T13:58:41,800.0,37.7,B
2021-07-12T13:58:37,200.0,37.7,B
2021-07-12T13:58:33,2400.0,37.7,B
2021-07-12T13:58:29,10000.0,37.7,B
2021-07-12T13:58:25,2300.0,37.7,B
2021-07-12T13:58:23,200.0,37.7,B
2021-07-12T13:58:22,100.0,37.7,B
2021-07-12T13:58:18,200.0,37.7,B
2021-07-12T13:58:14,100.0,37.7,B
2021-07-12T13:58:13,200.0,37.7,B
2021-07-12T13:58:13,100.0,37.7,B
2021-07-12T13:58:10,100.0,37.7,B
2021-07-12T13:58:09,500.0,37.7,B
2021-07-12T13:58:05,100.0,37.7,B
2021-07-12T13:58:04,700.0,37.7,B
2021-07-12T13:58:02,100.0,37.7,B
2021-07-12T13:57:59,100.0,37.7,B
2021-07-12T13:57:52,100.0,37.7,B
2021-07-12T13:57:51,1000.0,37.7,B
2021-07-12T13:57:50,200.0,37.7,B
2021-07-12T13:57:49,100.0,37.7,B
2021-07-12T13:57:46,3800.0,37.7,B
2021-07-12T13:57:42,100.0,37.7,B
2021-07-12T13:57:41,500.0,37.7,B
2021-07-12T13:57:38,500.0,37.7,B
2021-07-12T13:57:38,500.0,37.7,B
2021-07-12T13:57:36,400.0,37.7,B
2021-07-12T13:57:29,600.0,37.7,B
2021-07-12T13:57:27,200.0,37.7,B
2021-07-12T13:57:24,200.0,37.7,B
2021-07-12T13:57:22,1000.0,37.7,B
2021-07-12T13:57:20,100.0,37.7,B
2021-07-12T13:57:18,500.0,37.7,B
2021-07-12T13:57:17,100.0,37.7,B
2021-07-12T13:57:17,100.0,37.7,B
2021-07-12T13:57:16,100.0,37.7,B
2021-07-12T13:57:15,30400.0,37.7,B
2021-07-12T13:57:08,200.0,37.7,B
2021-07-12T13:57:07,2000.0,37.7,B
2021-07-12T13:57:06,2000.0,37.7,B
2021-07-12T13:57:04,100.0,37.7,B
2021-07-12T13:57:03,100.0,37.7,B
2021-07-12T13:57:02,1000.0,37.7,B
2021-07-12T13:57:00,200.0,37.7,B
2021-07-12T13:56:55,100.0,37.7,B
2021-07-12T13:56:51,400.0,37.7,B
2021-07-12T13:56:50,100.0,37.7,B
2021-07-12T13:56:46,300.0,37.7,B
2021-07-12T13:56:41,100.0,37.7,B
2021-07-12T13:56:39,400.0,37.7,B
2021-07-12T13:56:35,100.0,37.7,B
2021-07-12T13:56:32,100.0,37.7,B
2021-07-12T13:56:31,700.0,37.7,B
2021-07-12T13:56:22,1000.0,37.7,B
2021-07-12T13:56:21,200.0,37.7,B
2021-07-12T13:56:20,168100.0,37.7,B
2021-07-12T13:56:19,300.0,37.7,S
2021-07-12T13:56:19,3000.0,37.7,S
2021-07-12T13:56:15,265000.0,37.7,S
2021-07-12T13:56:12,2500.0,37.7,S
2021-07-12T13:56:06,600.0,37.7,S
2021-07-12T13:56:02,300.0,37.8,B
2021-07-12T13:56:02,200.0,37.7,S
2021-07-12T13:56:01,2000.0,37.7,S
2021-07-12T13:55:59,2000.0,37.7,S
2021-07-12T13:55:54,100.0,37.7,S
2021-07-12T13:55:51,2000.0,37.7,S
2021-07-12T13:55:49,1100.0,37.7,S
2021-07-12T13:55:45,4600.0,37.7,S
2021-07-12T13:55:45,500.0,37.7,S
2021-07-12T13:55:39,1400.0,37.7,S
2021-07-12T13:55:38,800.0,37.7,S
2021-07-12T13:55:33,1000.0,37.7,S
2021-07-12T13:55:33,2000.0,37.7,S
2021-07-12T13:55:32,600.0,37.7,S
2021-07-12T13:55:31,4000.0,37.7,S
2021-07-12T13:55:30,200.0,37.7,S
2021-07-12T13:55:30,5000.0,37.7,S
2021-07-12T13:55:26,100.0,37.8,B
2021-07-12T13:55:24,300.0,37.7,S
2021-07-12T13:55:23,200.0,37.7,S
2021-07-12T13:55:21,1100.0,37.7,S
2021-07-12T13:55:20,2500.0,37.7,S
2021-07-12T13:55:19,10000.0,37.7,S
2021-07-12T13:55:13,500.0,37.7,S
2021-07-12T13:55:09,900.0,37.7,S
2021-07-12T13:55:07,1000.0,37.7,S
2021-07-12T13:55:04,500.0,37.7,S
2021-07-12T13:55:01,800.0,37.8,B
2021-07-12T13:55:00,25600.0,37.8,B
2021-07-12T13:54:59,1600.0,37.7,S
2021-07-12T13:54:59,1000.0,37.7,S
2021-07-12T13:54:55,2500.0,37.7,S
2021-07-12T13:54:55,300.0,37.8,B
2021-07-12T13:54:54,1000.0,37.7,S
2021-07-12T13:54:52,1000.0,37.7,S
2021-07-12T13:54:51,500.0,37.8,B
2021-07-12T13:54:49,100.0,37.7,S
2021-07-12T13:54:49,500.0,37.7,S
2021-07-12T13:54:46,1500.0,37.7,S
2021-07-12T13:54:45,1000.0,37.7,S
2021-07-12T13:54:45,500.0,37.7,S
2021-07-12T13:54:44,400.0,37.8,B
2021-07-12T13:54:42,2000.0,37.7,S
2021-07-12T13:54:40,10000.0,37.7,S
2021-07-12T13:54:35,6000.0,37.7,S
2021-07-12T13:54:35,300.0,37.8,B
2021-07-12T13:54:34,1000.0,37.7,S
2021-07-12T13:54:32,5000.0,37.7,S
2021-07-12T13:54:31,700.0,37.7,S
2021-07-12T13:54:28,500.0,37.7,S
2021-07-12T13:54:25,12000.0,37.7,S
2021-07-12T13:54:22,500.0,37.8,B
2021-07-12T13:54:21,4000.0,37.7,S
2021-07-12T13:54:21,200.0,37.8,B
2021-07-12T13:54:20,100.0,37.7,S
2021-07-12T13:54:16,9200.0,37.7,S
2021-07-12T13:54:15,1000.0,37.7,S
2021-07-12T13:54:14,800.0,37.7,S
2021-07-12T13:54:11,800.0,37.7,S
2021-07-12T13:54:10,2000.0,37.7,S
2021-07-12T13:54:09,500.0,37.7,S
2021-07-12T13:53:57,4000.0,37.7,S
2021-07-12T13:53:53,3000.0,37.8,B
2021-07-12T13:53:52,1500.0,37.7,S
2021-07-12T13:53:52,1000.0,37.7,S
2021-07-12T13:53:51,2000.0,37.7,S
2021-07-12T13:53:48,1100.0,37.7,S
2021-07-12T13:53:41,100.0,37.8,B
2021-07-12T13:53:38,500.0,37.8,B
2021-07-12T13:53:36,100.0,37.8,B
2021-07-12T13:53:36,1000.0,37.8,B
2021-07-12T13:53:35,600.0,37.7,S
2021-07-12T13:53:31,200.0,37.7,S
2021-07-12T13:53:30,1000.0,37.7,S
2021-07-12T13:53:29,5200.0,37.7,S
2021-07-12T13:53:28,2000.0,37.7,S
2021-07-12T13:53:27,900.0,37.7,S
2021-07-12T13:53:26,2000.0,37.7,S
2021-07-12T13:53:26,5000.0,37.7,S
2021-07-12T13:53:25,200.0,37.7,S
2021-07-12T13:53:22,2700.0,37.7,S
2021-07-12T13:53:19,1400.0,37.7,S
2021-07-12T13:53:15,15000.0,37.7,S
2021-07-12T13:53:12,1000.0,37.7,S
2021-07-12T13:53:11,1600.0,37.7,S
2021-07-12T13:53:10,10000.0,37.7,S
2021-07-12T13:53:10,2000.0,37.7,S
2021-07-12T13:53:09,900.0,37.7,S
2021-07-12T13:53:06,500.0,37.7,S
2021-07-12T13:53:03,200.0,37.7,S
2021-07-12T13:53:02,1400.0,37.7,S
2021-07-12T13:53:02,100.0,37.7,S
2021-07-12T13:52:58,400.0,37.8,B
2021-07-12T13:52:57,300.0,37.7,S
2021-07-12T13:52:57,2000.0,37.7,S
2021-07-12T13:52:52,4600.0,37.7,S
2021-07-12T13:52:51,34000.0,37.7,S
2021-07-12T13:52:50,100.0,37.7,S
2021-07-12T13:52:46,5000.0,37.7,S
2021-07-12T13:52:42,100.0,37.8,B
2021-07-12T13:52:40,1000.0,37.7,S
2021-07-12T13:52:35,500.0,37.7,S
2021-07-12T13:52:34,2000.0,37.7,S
2021-07-12T13:52:33,1000.0,37.7,S
2021-07-12T13:52:32,1000.0,37.7,S
2021-07-12T13:52:31,100.0,37.7,S
2021-07-12T13:52:22,200.0,37.7,S
2021-07-12T13:52:19,1000.0,37.7,S
2021-07-12T13:52:19,400.0,37.7,S
2021-07-12T13:52:18,200.0,37.7,S
2021-07-12T13:52:14,8000.0,37.7,S
2021-07-12T13:52:14,3100.0,37.7,S
2021-07-12T13:52:14,300.0,37.8,B
2021-07-12T13:52:09,10000.0,37.7,S
2021-07-12T13:52:08,2000.0,37.7,S
2021-07-12T13:52:08,500.0,37.7,S
2021-07-12T13:52:06,500.0,37.7,S
2021-07-12T13:52:04,100.0,37.7,S
2021-07-12T13:51:53,2000.0,37.7,S
2021-07-12T13:51:49,31000.0,37.7,S
2021-07-12T13:51:45,1000.0,37.8,B
2021-07-12T13:51:40,100.0,37.8,B
2021-07-12T13:51:40,1000.0,37.8,B
2021-07-12T13:51:39,500.0,37.8,B
2021-07-12T13:51:38,400.0,37.7,S
2021-07-12T13:51:37,100.0,37.8,B
2021-07-12T13:51:36,10000.0,37.7,S
2021-07-12T13:51:32,200.0,37.7,S
2021-07-12T13:51:29,5000.0,37.7,S
2021-07-12T13:51:28,2000.0,37.7,S
2021-07-12T13:51:26,500.0,37.8,B
2021-07-12T13:51:25,1000.0,37.7,S
2021-07-12T13:51:24,21100.0,37.7,S
2021-07-12T13:51:21,3500.0,37.7,S
2021-07-12T13:51:20,500.0,37.7,S
2021-07-12T13:51:14,1900.0,37.7,S
2021-07-12T13:51:13,1900.0,37.7,S
2021-07-12T13:51:11,1000.0,37.8,B
2021-07-12T13:51:11,400.0,37.8,B
2021-07-12T13:51:10,1000.0,37.8,B
2021-07-12T13:51:09,200.0,37.7,S
2021-07-12T13:51:06,200.0,37.7,S
2021-07-12T13:51:06,5000.0,37.7,S
2021-07-12T13:51:03,1000.0,37.7,S
2021-07-12T13:50:59,500.0,37.8,B
2021-07-12T13:50:56,11100.0,37.7,S
2021-07-12T13:50:52,1800.0,37.7,S
2021-07-12T13:50:49,1500.0,37.7,S
2021-07-12T13:50:48,200.0,37.7,S
2021-07-12T13:50:46,200.0,37.8,B
2021-07-12T13:50:46,500.0,37.7,S
2021-07-12T13:50:44,15800.0,37.7,S
2021-07-12T13:50:43,1100.0,37.7,S
2021-07-12T13:50:41,6000.0,37.7,S
2021-07-12T13:50:36,400.0,37.7,S
2021-07-12T13:50:36,8300.0,37.7,S
2021-07-12T13:50:35,2000.0,37.7,S
2021-07-12T13:50:33,700.0,37.7,S
2021-07-12T13:50:26,100.0,37.7,S
2021-07-12T13:50:25,100.0,37.7,S
2021-07-12T13:50:25,10100.0,37.7,S
2021-07-12T13:50:24,500.0,37.8,B
2021-07-12T13:50:17,1000.0,37.7,S
2021-07-12T13:50:17,94000.0,37.7,S
2021-07-12T13:50:16,1000.0,37.7,S
2021-07-12T13:50:14,400.0,37.7,S
2021-07-12T13:50:10,600.0,37.7,S
2021-07-12T13:50:07,200.0,37.8,B
2021-07-12T13:50:04,1000.0,37.7,S
2021-07-12T13:50:02,800.0,37.8,B
2021-07-12T13:49:59,10000.0,37.7,S
2021-07-12T13:49:58,33000.0,37.7,S
2021-07-12T13:49:52,5000.0,37.7,S
2021-07-12T13:49:46,1000.0,37.7,S
2021-07-12T13:49:46,2000.0,37.7,S
2021-07-12T13:49:43,400.0,37.7,S
2021-07-12T13:49:43,700.0,37.7,S
2021-07-12T13:49:38,1000.0,37.7,S
2021-07-12T13:49:34,21600.0,37.7,S
2021-07-12T13:49:33,1800.0,37.8,B
2021-07-12T13:49:31,7600.0,37.7,S
2021-07-12T13:49:27,200.0,37.7,S
2021-07-12T13:49:25,4900.0,37.7,S
2021-07-12T13:49:23,800.0,37.7,S
2021-07-12T13:49:22,500.0,37.7,S
2021-07-12T13:49:22,1800.0,37.7,S
2021-07-12T13:49:20,500.0,37.7,S
2021-07-12T13:49:19,500.0,37.7,S
2021-07-12T13:49:18,24700.0,37.7,S
2021-07-12T13:49:17,1000.0,37.8,B
2021-07-12T13:49:12,200.0,37.7,S
2021-07-12T13:49:11,2000.0,37.7,S
2021-07-12T13:49:10,700.0,37.7,S
2021-07-12T13:49:09,1900.0,37.7,S
2021-07-12T13:49:07,500.0,37.7,S
2021-07-12T13:49:07,1000.0,37.7,S
2021-07-12T13:49:05,100.0,37.7,S
2021-07-12T13:49:05,100.0,37.7,S
2021-07-12T13:49:04,4000.0,37.7,S
2021-07-12T13:49:01,800.0,37.8,B
2021-07-12T13:48:56,2100.0,37.7,S
2021-07-12T13:48:52,800.0,37.7,S
2021-07-12T13:48:49,200.0,37.8,B
2021-07-12T13:48:47,500.0,37.8,B
2021-07-12T13:48:45,100.0,37.7,S
2021-07-12T13:48:44,500.0,37.7,S
2021-07-12T13:48:38,2000.0,37.7,S
2021-07-12T13:48:35,400.0,37.7,S
2021-07-12T13:48:31,300.0,37.7,S
2021-07-12T13:48:28,30000.0,37.7,S
2021-07-12T13:48:28,1000.0,37.7,S
2021-07-12T13:48:26,52500.0,37.7,S
2021-07-12T13:48:25,800.0,37.7,S
2021-07-12T13:48:19,3000.0,37.8,B
2021-07-12T13:48:18,1100.0,37.7,S
2021-07-12T13:48:17,4000.0,37.7,S
2021-07-12T13:48:15,400.0,37.7,S
2021-07-12T13:48:15,200.0,37.7,S
2021-07-12T13:48:09,10000.0,37.7,S
2021-07-12T13:48:08,400.0,37.8,B
2021-07-12T13:48:00,1000.0,37.7,S
2021-07-12T13:47:58,200.0,37.7,S
2021-07-12T13:47:55,3100.0,37.7,S
2021-07-12T13:47:54,2000.0,37.8,B
2021-07-12T13:47:52,1000.0,37.8,B
2021-07-12T13:47:51,200.0,37.8,B
2021-07-12T13:47:49,100.0,37.8,B
2021-07-12T13:47:47,2000.0,37.7,S
2021-07-12T13:47:46,2000.0,37.7,S
2021-07-12T13:47:44,3100.0,37.7,S
2021-07-12T13:47:43,100.0,37.7,S
2021-07-12T13:47:39,1400.0,37.8,B
2021-07-12T13:47:39,2600.0,37.7,S
2021-07-12T13:47:33,500.0,37.7,S
2021-07-12T13:47:31,7000.0,37.7,S
2021-07-12T13:47:30,100.0,37.8,B
2021-07-12T13:47:29,1000.0,37.7,S
2021-07-12T13:47:25,500.0,37.7,S
2021-07-12T13:47:23,1000.0,37.7,S
2021-07-12T13:47:22,2500.0,37.8,B
2021-07-12T13:47:22,500.0,37.7,S
2021-07-12T13:47:18,2800.0,37.8,B
2021-07-12T13:47:17,1700.0,37.7,S
2021-07-12T13:47:13,200.0,37.7,S
2021-07-12T13:47:08,100.0,37.7,S
2021-07-12T13:47:03,5000.0,37.7,S
2021-07-12T13:47:01,600.0,37.8,B
2021-07-12T13:47:00,200.0,37.7,S
2021-07-12T13:46:57,400.0,37.7,S
2021-07-12T13:46:51,5700.0,37.7,S
2021-07-12T13:46:50,100.0,37.7,S
2021-07-12T13:46:47,100.0,37.8,B
2021-07-12T13:46:44,2600.0,37.7,S
2021-07-12T13:46:39,300.0,37.8,B
2021-07-12T13:46:34,500.0,37.7,S
2021-07-12T13:46:27,2000.0,37.7,S
2021-07-12T13:46:24,1500.0,37.8,B
2021-07-12T13:46:22,1100.0,37.7,S
2021-07-12T13:46:13,500.0,37.7,S
2021-07-12T13:46:08,100.0,37.8,B
2021-07-12T13:46:04,1800.0,37.7,S
2021-07-12T13:46:03,3000.0,37.8,B
2021-07-12T13:46:02,9600.0,37.7,S
2021-07-12T13:45:56,10000.0,37.7,S
2021-07-12T13:45:54,400.0,37.7,S
2021-07-12T13:45:53,500.0,37.8,B
2021-07-12T13:45:47,400.0,37.7,S
2021-07-12T13:45:46,300.0,37.8,B
2021-07-12T13:45:43,400.0,37.7,S
2021-07-12T13:45:41,100.0,37.8,B
2021-07-12T13:45:35,100.0,37.8,B
2021-07-12T13:45:29,6000.0,37.7,S
2021-07-12T13:45:27,500.0,37.8,B
2021-07-12T13:45:26,200.0,37.8,B
2021-07-12T13:45:15,400.0,37.8,B
2021-07-12T13:45:12,1000.0,37.7,S
2021-07-12T13:45:10,1000.0,37.8,B
2021-07-12T13:45:09,10000.0,37.8,B
2021-07-12T13:45:07,200.0,37.8,B
2021-07-12T13:45:06,100.0,37.8,B
2021-07-12T13:45:06,100.0,37.8,B
2021-07-12T13:45:04,100.0,37.8,B
2021-07-12T13:45:02,10100.0,37.8,B
2021-07-12T13:45:02,50000.0,37.7,S
2021-07-12T13:45:01,100.0,37.8,B
2021-07-12T13:44:59,2100.0,37.8,B
2021-07-12T13:44:57,100.0,37.8,B
2021-07-12T13:44:53,1100.0,37.7,S
2021-07-12T13:44:45,200.0,37.7,S
2021-07-12T13:44:39,200.0,37.8,B
2021-07-12T13:44:35,1000.0,37.7,S
2021-07-12T13:44:34,700.0,37.8,B
2021-07-12T13:44:24,70000.0,37.7,S
2021-07-12T13:44:18,500.0,37.7,S
2021-07-12T13:44:17,100.0,37.8,B
2021-07-12T13:44:16,1000.0,37.8,B
2021-07-12T13:44:15,200.0,37.7,S
2021-07-12T13:44:08,4000.0,37.8,B
2021-07-12T13:44:07,200.0,37.8,B
2021-07-12T13:44:05,100.0,37.7,S
2021-07-12T13:44:05,300.0,37.7,S
2021-07-12T13:43:53,2300.0,37.8,B
2021-07-12T13:43:42,2000.0,37.8,B
2021-07-12T13:43:37,1000.0,37.7,S
2021-07-12T13:43:32,400.0,37.7,S
2021-07-12T13:43:31,100.0,37.8,B
2021-07-12T13:43:30,2000.0,37.8,B
2021-07-12T13:43:28,1000.0,37.8,B
2021-07-12T13:43:22,100.0,37.8,B
2021-07-12T13:43:22,6600.0,37.7,S
2021-07-12T13:43:15,1000.0,37.8,B
2021-07-12T13:43:13,800.0,37.7,S
2021-07-12T13:43:07,200.0,37.8,B
2021-07-12T13:43:07,200.0,37.8,B
2021-07-12T13:43:01,200.0,37.8,B
2021-07-12T13:43:01,800.0,37.8,B
2021-07-12T13:42:56,100.0,37.8,B
2021-07-12T13:42:52,1000.0,37.8,B
2021-07-12T13:42:43,1000.0,37.8,B
2021-07-12T13:42:38,2600.0,37.7,S
2021-07-12T13:42:30,2000.0,37.8,B
2021-07-12T13:42:29,10000.0,37.7,S
2021-07-12T13:42:27,100.0,37.7,S
2021-07-12T13:42:21,10000.0,37.7,S
2021-07-12T13:42:20,1000.0,37.7,S
2021-07-12T13:42:15,100.0,37.7,S
2021-07-12T13:42:11,600.0,37.7,S
2021-07-12T13:42:09,10000.0,37.8,B
2021-07-12T13:42:06,300.0,37.8,B
2021-07-12T13:42:05,39700.0,37.7,S
2021-07-12T13:41:52,1000.0,37.7,S
2021-07-12T13:41:41,10000.0,37.7,S
2021-07-12T13:41:39,1000.0,37.8,B
2021-07-12T13:41:35,100.0,37.7,S
2021-07-12T13:41:31,900.0,37.7,S
2021-07-12T13:41:30,100.0,37.7,S
2021-07-12T13:41:30,200.0,37.8,B
2021-07-12T13:41:27,300.0,37.7,S
2021-07-12T13:41:23,3300.0,37.7,S
2021-07-12T13:41:18,100.0,37.8,B
2021-07-12T13:41:12,100.0,37.8,B
2021-07-12T13:41:11,300.0,37.7,S
2021-07-12T13:41:11,100.0,37.7,S
2021-07-12T13:41:10,600.0,37.8,B
2021-07-12T13:41:01,1700.0,37.8,B
2021-07-12T13:40:58,400.0,37.7,S
2021-07-12T13:40:53,200.0,37.8,B
2021-07-12T13:40:53,1000.0,37.8,B
2021-07-12T13:40:51,1000.0,37.8,S
2021-07-12T13:40:50,1000.0,37.8,S
2021-07-12T13:40:44,200.0,37.8,S
2021-07-12T13:40:43,1000.0,37.8,S
2021-07-12T13:40:41,5000.0,37.8,S
2021-07-12T13:40:41,3000.0,37.8,S
2021-07-12T13:40:32,100.0,37.8,S
2021-07-12T13:40:29,5200.0,37.8,S
2021-07-12T13:40:27,20000.0,37.8,S
2021-07-12T13:40:22,500.0,37.8,S
2021-07-12T13:40:21,1000.0,37.8,S
2021-07-12T13:40:20,50000.0,37.8,S
2021-07-12T13:40:18,100.0,37.9,B
2021-07-12T13:40:17,22500.0,37.8,S
2021-07-12T13:40:16,21000.0,37.9,B
2021-07-12T13:40:08,20500.0,37.9,B
2021-07-12T13:40:02,20000.0,37.8,S
2021-07-12T13:39:57,28600.0,37.8,S
2021-07-12T13:39:55,5200.0,37.8,S
2021-07-12T13:39:53,300.0,37.8,S
2021-07-12T13:39:51,4200.0,37.8,S
2021-07-12T13:39:48,5000.0,37.8,S
2021-07-12T13:39:48,500.0,37.9,B
2021-07-12T13:39:45,2000.0,37.8,S
2021-07-12T13:39:41,2000.0,37.8,S
2021-07-12T13:39:36,300.0,37.9,B
2021-07-12T13:39:32,100.0,37.9,B
2021-07-12T13:39:19,100.0,37.9,S
2021-07-12T13:39:16,100.0,38.0,B
2021-07-12T13:39:12,3500.0,37.8,S
2021-07-12T13:39:11,9300.0,37.9,B
2021-07-12T13:39:11,5700.0,37.9,S
2021-07-12T13:39:10,600.0,37.9,S
2021-07-12T13:39:09,5000.0,37.9,S
2021-07-12T13:39:01,600.0,37.9,S
2021-07-12T13:38:59,200.0,37.9,S
2021-07-12T13:38:54,4700.0,37.9,S
2021-07-12T13:38:50,400.0,37.9,S
2021-07-12T13:38:50,1000.0,37.9,S
2021-07-12T13:38:44,7500.0,37.9,B
2021-07-12T13:38:28,500.0,37.9,B
2021-07-12T13:38:25,100.0,37.9,B
2021-07-12T13:38:24,9600.0,37.9,S
2021-07-12T13:38:18,200.0,37.9,S
2021-07-12T13:38:15,5000.0,37.9,S
2021-07-12T13:38:14,5000.0,38.0,B
2021-07-12T13:38:04,500.0,37.9,S
2021-07-12T13:37:54,200.0,38.0,B
2021-07-12T13:37:50,300.0,37.9,S
2021-07-12T13:37:39,100.0,38.0,B
2021-07-12T13:37:36,200.0,38.0,B
2021-07-12T13:37:33,15000.0,37.9,S
2021-07-12T13:37:20,5000.0,37.9,S
2021-07-12T13:37:19,1000.0,37.9,S
2021-07-12T13:37:01,800.0,38.0,B
2021-07-12T13:36:59,100.0,38.0,B
2021-07-12T13:36:56,1300.0,38.0,B
2021-07-12T13:36:47,2000.0,37.9,S
2021-07-12T13:36:39,2000.0,37.9,S
2021-07-12T13:36:33,1000.0,37.9,S
2021-07-12T13:36:32,1000.0,37.9,S
2021-07-12T13:36:29,400.0,37.9,S
2021-07-12T13:36:26,100.0,37.9,S
2021-07-12T13:36:23,1000.0,37.9,S
2021-07-12T13:36:12,100.0,37.9,S
2021-07-12T13:35:54,2000.0,37.9,S
2021-07-12T13:35:49,2000.0,38.0,B
2021-07-12T13:35:47,1400.0,37.9,S
2021-07-12T13:35:43,500.0,37.9,S
2021-07-12T13:35:41,100.0,37.9,S
2021-07-12T13:35:30,100.0,38.0,B
2021-07-12T13:35:28,200.0,37.9,S
2021-07-12T13:35:27,2600.0,37.9,B
2021-07-12T13:35:21,1700.0,37.8,S
2021-07-12T13:35:17,100.0,37.9,B
2021-07-12T13:35:17,100.0,37.9,B
2021-07-12T13:35:12,200.0,37.9,B
2021-07-12T13:35:08,500.0,37.8,S
2021-07-12T13:35:01,50000.0,37.9,B
2021-07-12T13:34:55,200.0,37.8,S
2021-07-12T13:34:36,100.0,37.9,B
2021-07-12T13:34:18,1000.0,37.8,S
2021-07-12T13:34:11,2000.0,37.8,S
2021-07-12T13:34:07,400.0,37.8,S
2021-07-12T13:33:57,1000.0,37.8,S
2021-07-12T13:33:54,100.0,37.8,S
2021-07-12T13:33:52,100.0,37.9,B
2021-07-12T13:33:47,10000.0,37.8,S
2021-07-12T13:33:40,100.0,37.9,B
2021-07-12T13:33:32,100.0,37.9,B
2021-07-12T13:33:31,100.0,37.8,S
2021-07-12T13:33:21,3400.0,37.9,B
2021-07-12T13:33:18,2500.0,37.9,B
2021-07-12T13:33:15,1500.0,37.8,S
2021-07-12T13:33:12,200.0,37.9,B
2021-07-12T13:33:08,100.0,37.9,B
2021-07-12T13:33:07,100.0,37.9,B
2021-07-12T13:33:05,200.0,37.9,B
2021-07-12T13:33:00,2500.0,37.8,S
2021-07-12T13:32:50,100.0,37.9,B
2021-07-12T13:32:47,1000.0,37.8,S
2021-07-12T13:32:44,300.0,37.9,B
2021-07-12T13:32:43,500.0,37.8,S
2021-07-12T13:32:40,4000.0,37.8,S
2021-07-12T13:32:35,2000.0,37.9,B
2021-07-12T13:32:33,1000.0,37.8,S
2021-07-12T13:32:16,20000.0,37.9,B
2021-07-12T13:32:05,5000.0,37.8,S
2021-07-12T13:32:04,12100.0,37.9,B
2021-07-12T13:32:04,7100.0,38.0,B
2021-07-12T13:31:54,600.0,37.9,S
2021-07-12T13:31:52,1000.0,37.9,S
2021-07-12T13:31:46,400.0,37.9,S
2021-07-12T13:31:40,1000.0,37.9,S
2021-07-12T13:31:39,100.0,38.0,B
2021-07-12T13:31:35,500.0,37.9,S
2021-07-12T13:31:25,200.0,37.9,S
2021-07-12T13:31:24,11700.0,37.9,S
2021-07-12T13:31:23,300.0,37.9,S
2021-07-12T13:31:16,31000.0,37.9,S
2021-07-12T13:31:14,800.0,37.9,S
2021-07-12T13:31:12,3000.0,37.9,S
2021-07-12T13:31:07,1000.0,37.9,S
2021-07-12T13:31:01,800.0,38.0,B
2021-07-12T13:30:58,300.0,37.9,S
2021-07-12T13:30:57,5000.0,38.0,B
2021-07-12T13:30:46,5000.0,38.0,B
2021-07-12T13:30:40,600.0,37.9,S
2021-07-12T13:30:40,100.0,37.9,S
2021-07-12T13:30:37,3500.0,38.0,B
2021-07-12T13:30:35,100.0,38.0,B
2021-07-12T13:30:27,600.0,37.9,S
2021-07-12T13:30:27,200.0,37.9,S
2021-07-12T13:30:17,500.0,37.9,S
2021-07-12T13:30:17,2000.0,38.0,B
2021-07-12T13:30:12,300.0,38.0,B
2021-07-12T13:30:10,1000.0,38.0,B
2021-07-12T13:30:04,500.0,38.0,B
2021-07-12T13:30:02,2400.0,38.0,B
2021-07-12T13:29:50,200.0,38.0,B
2021-07-12T13:29:47,600.0,38.0,B
2021-07-12T13:29:46,1000.0,37.9,S
2021-07-12T13:29:40,200.0,37.9,S
2021-07-12T13:29:39,2000.0,38.0,B
2021-07-12T13:29:38,200.0,38.0,B
2021-07-12T13:29:35,100.0,38.0,B
2021-07-12T13:29:28,500.0,38.0,B
2021-07-12T13:29:25,300.0,37.9,S
2021-07-12T13:29:24,500.0,38.0,B
2021-07-12T13:29:22,9000.0,38.0,B
2021-07-12T13:29:22,2200.0,38.0,B
2021-07-12T13:29:20,200.0,38.0,B
2021-07-12T13:29:16,200.0,38.0,B
2021-07-12T13:29:14,200.0,38.0,B
2021-07-12T13:29:13,5000.0,38.0,B
2021-07-12T13:29:12,5000.0,38.0,B
2021-07-12T13:29:10,200.0,38.0,B
2021-07-12T13:29:09,100.0,38.0,B
2021-07-12T13:28:53,200.0,38.0,B
2021-07-12T13:28:51,5600.0,38.0,B
2021-07-12T13:28:48,300.0,38.0,B
2021-07-12T13:28:44,100.0,38.0,B
2021-07-12T13:28:37,10000.0,38.0,B
2021-07-12T13:28:33,16000.0,38.0,B
2021-07-12T13:28:28,1000.0,38.0,B
2021-07-12T13:28:19,1000.0,37.9,S
2021-07-12T13:28:15,1000.0,37.9,S
2021-07-12T13:28:06,1000.0,38.0,B
2021-07-12T13:28:01,100.0,38.0,B
2021-07-12T13:28:00,700.0,38.0,B
2021-07-12T13:27:56,500.0,38.0,B
2021-07-12T13:27:56,2000.0,38.0,B
2021-07-12T13:27:48,1000.0,38.0,B
2021-07-12T13:27:47,1700.0,38.0,B
2021-07-12T13:27:44,400.0,38.0,B
2021-07-12T13:27:39,2500.0,38.0,B
2021-07-12T13:27:39,1800.0,38.0,B
2021-07-12T13:27:36,3000.0,38.0,B
2021-07-12T13:27:32,200.0,38.0,B
2021-07-12T13:27:29,1100.0,38.0,B
2021-07-12T13:27:24,1000.0,38.0,B
2021-07-12T13:27:18,100.0,38.0,B
2021-07-12T13:27:17,4000.0,38.0,B
2021-07-12T13:27:15,100.0,38.0,B
2021-07-12T13:27:11,2000.0,38.0,B
2021-07-12T13:27:06,1000.0,38.0,B
2021-07-12T13:27:05,100.0,38.0,B
2021-07-12T13:27:05,400.0,37.9,S
2021-07-12T13:27:04,100.0,37.9,S
2021-07-12T13:27:00,1000.0,38.0,B
2021-07-12T13:26:57,1500.0,37.9,S
2021-07-12T13:26:55,100.0,38.0,B
2021-07-12T13:26:53,5000.0,38.0,B
2021-07-12T13:26:45,5000.0,38.0,B
2021-07-12T13:26:44,1000.0,37.9,S
2021-07-12T13:26:42,1800.0,38.0,B
2021-07-12T13:26:37,200.0,38.0,B
2021-07-12T13:26:37,2000.0,38.0,B
2021-07-12T13:26:35,100.0,38.0,B
2021-07-12T13:26:32,500.0,38.0,B
2021-07-12T13:26:32,100.0,38.0,B
2021-07-12T13:26:31,200.0,38.0,B
2021-07-12T13:26:29,100.0,38.0,B
2021-07-12T13:26:28,100.0,38.0,B
2021-07-12T13:26:25,1000.0,38.0,B
2021-07-12T13:26:16,200.0,38.0,B
2021-07-12T13:26:12,500.0,38.0,B
2021-07-12T13:26:05,200.0,38.0,B
2021-07-12T13:26:03,2000.0,38.0,B
2021-07-12T13:25:50,800.0,38.0,B
2021-07-12T13:25:42,1000.0,37.9,S
2021-07-12T13:25:41,400.0,38.0,B
2021-07-12T13:25:40,2600.0,37.9,S
2021-07-12T13:25:35,200.0,37.9,S
2021-07-12T13:25:32,500.0,37.9,S
2021-07-12T13:25:28,500.0,37.9,S
2021-07-12T13:25:25,1000.0,37.9,S
2021-07-12T13:25:13,100.0,37.8,S
2021-07-12T13:25:13,4600.0,37.8,S
2021-07-12T13:25:12,100.0,37.9,B
2021-07-12T13:25:11,1400.0,37.8,S
2021-07-12T13:25:09,2000.0,37.8,S
2021-07-12T13:25:07,10000.0,37.9,B
2021-07-12T13:25:05,200.0,37.8,S
2021-07-12T13:25:00,800.0,37.9,B
2021-07-12T13:24:52,200.0,37.8,S
2021-07-12T13:24:49,200.0,37.9,B
2021-07-12T13:24:48,3000.0,37.8,S
2021-07-12T13:24:47,200.0,37.9,B
2021-07-12T13:24:46,1300.0,37.8,S
2021-07-12T13:24:45,4000.0,37.8,S
2021-07-12T13:24:42,400.0,37.8,S
2021-07-12T13:24:41,3400.0,37.8,S
2021-07-12T13:24:39,200.0,37.8,S
2021-07-12T13:24:36,1000.0,37.9,B
2021-07-12T13:24:34,500.0,37.9,B
2021-07-12T13:24:27,800.0,37.8,S
2021-07-12T13:24:25,300.0,37.9,B
2021-07-12T13:24:19,8000.0,37.8,S
2021-07-12T13:24:18,3400.0,37.8,B
2021-07-12T13:24:15,100.0,37.8,B
2021-07-12T13:24:15,2000.0,37.8,B
2021-07-12T13:24:14,700.0,37.8,B
2021-07-12T13:24:11,3000.0,37.8,B
2021-07-12T13:24:09,200.0,37.8,B
2021-07-12T13:24:08,1000.0,37.8,B
2021-07-12T13:24:07,1000.0,37.8,B
2021-07-12T13:24:07,3000.0,37.8,B
2021-07-12T13:24:00,1000.0,37.8,B
2021-07-12T13:23:56,100.0,37.8,B
2021-07-12T13:23:43,1000.0,37.7,S
2021-07-12T13:23:42,1000.0,37.7,S
2021-07-12T13:23:35,5000.0,37.7,S
2021-07-12T13:23:32,200.0,37.8,B
2021-07-12T13:23:32,800.0,37.8,B
2021-07-12T13:23:27,2000.0,37.8,B
2021-07-12T13:23:26,2700.0,37.8,S
2021-07-12T13:23:24,1300.0,37.8,S
2021-07-12T13:23:22,500.0,37.8,S
2021-07-12T13:23:17,200.0,37.8,S
2021-07-12T13:23:16,5200.0,37.8,S
2021-07-12T13:23:11,500.0,37.8,S
2021-07-12T13:23:10,14400.0,37.9,B
2021-07-12T13:22:58,4700.0,37.8,S
2021-07-12T13:22:56,2500.0,37.8,S
2021-07-12T13:22:54,1000.0,37.9,B
2021-07-12T13:22:52,500.0,37.8,S
2021-07-12T13:22:51,19600.0,37.8,S
2021-07-12T13:22:49,300.0,37.8,S
2021-07-12T13:22:47,1000.0,37.8,S
2021-07-12T13:22:44,900.0,37.9,B
2021-07-12T13:22:43,2500.0,37.8,S
2021-07-12T13:22:40,200.0,37.8,S
2021-07-12T13:22:39,20000.0,37.8,S
2021-07-12T13:22:31,30000.0,37.8,S
2021-07-12T13:22:29,200.0,37.9,B
2021-07-12T13:22:29,100.0,37.8,S
2021-07-12T13:22:27,10000.0,37.8,S
2021-07-12T13:22:27,800.0,37.8,S
2021-07-12T13:22:26,20000.0,37.8,S
2021-07-12T13:22:21,400.0,37.8,S
2021-07-12T13:22:14,4000.0,37.8,S
2021-07-12T13:22:12,1000.0,37.8,S
2021-07-12T13:22:05,4200.0,37.9,B
2021-07-12T13:22:01,1200.0,37.9,B
2021-07-12T13:21:59,1000.0,37.8,S
2021-07-12T13:21:58,4000.0,37.8,S
2021-07-12T13:21:52,4500.0,37.8,S
2021-07-12T13:21:52,7400.0,37.8,S
2021-07-12T13:21:44,2000.0,37.8,S
2021-07-12T13:21:43,500.0,37.9,B
2021-07-12T13:21:41,400.0,37.9,B
2021-07-12T13:21:37,8000.0,37.8,S
2021-07-12T13:21:35,3000.0,37.8,S
2021-07-12T13:21:29,2000.0,37.9,B
2021-07-12T13:21:28,3000.0,37.8,S
2021-07-12T13:21:27,600.0,37.9,B
2021-07-12T13:21:20,4300.0,37.9,S
2021-07-12T13:21:19,800.0,37.9,S
2021-07-12T13:21:12,1000.0,37.9,S
2021-07-12T13:21:08,6400.0,37.9,S
2021-07-12T13:21:07,200.0,38.0,B
2021-07-12T13:21:04,20000.0,37.9,S
2021-07-12T13:20:51,4000.0,38.0,B
2021-07-12T13:20:44,1600.0,37.9,S
2021-07-12T13:20:41,1000.0,37.9,S
2021-07-12T13:20:36,300.0,38.0,B
2021-07-12T13:20:34,100.0,38.0,B
2021-07-12T13:20:33,100.0,38.0,B
2021-07-12T13:20:23,2000.0,38.0,S
2021-07-12T13:20:13,100.0,38.0,S
2021-07-12T13:20:07,200.0,38.1,B
2021-07-12T13:20:04,1000.0,38.0,S
2021-07-12T13:20:03,100.0,38.0,B
2021-07-12T13:20:01,400.0,38.0,B
2021-07-12T13:20:01,14500.0,38.0,S
2021-07-12T13:20:01,300.0,38.0,S
2021-07-12T13:19:57,1500.0,38.0,S
2021-07-12T13:19:52,12900.0,38.0,S
2021-07-12T13:19:45,2000.0,38.0,B
2021-07-12T13:19:38,1700.0,38.0,S
2021-07-12T13:19:35,500.0,38.0,S
2021-07-12T13:19:26,600.0,38.0,S
2021-07-12T13:19:21,1600.0,38.1,B
2021-07-12T13:19:20,100.0,38.0,S
2021-07-12T13:19:19,3000.0,38.0,S
2021-07-12T13:19:15,300.0,38.0,S
2021-07-12T13:19:09,1000.0,38.0,S
2021-07-12T13:19:01,800.0,38.1,B
2021-07-12T13:19:00,100.0,38.0,S
2021-07-12T13:18:59,1000.0,38.0,S
2021-07-12T13:18:55,100.0,38.0,S
2021-07-12T13:18:54,1300.0,38.0,S
2021-07-12T13:18:54,300.0,38.0,S
2021-07-12T13:18:52,500.0,38.0,S
2021-07-12T13:18:48,300.0,38.0,S
2021-07-12T13:18:48,8700.0,38.0,S
2021-07-12T13:18:43,1000.0,38.0,S
2021-07-12T13:18:43,100.0,38.0,S
2021-07-12T13:18:42,1400.0,38.0,S
2021-07-12T13:18:40,1000.0,38.0,S
2021-07-12T13:18:34,100.0,38.0,S
2021-07-12T13:18:34,1000.0,38.0,S
2021-07-12T13:18:31,400.0,38.0,S
2021-07-12T13:18:30,300.0,38.0,S
2021-07-12T13:18:22,4000.0,38.0,S
2021-07-12T13:18:22,3000.0,38.0,S
2021-07-12T13:18:20,4500.0,38.0,S
2021-07-12T13:18:14,7000.0,38.0,S
2021-07-12T13:18:10,6600.0,38.0,S
2021-07-12T13:18:03,22000.0,38.0,S
2021-07-12T13:17:53,200.0,38.1,B
2021-07-12T13:17:50,300.0,38.0,S
2021-07-12T13:17:48,1000.0,38.1,B
2021-07-12T13:17:43,100.0,38.1,B
2021-07-12T13:17:39,400.0,38.0,S
2021-07-12T13:17:39,2000.0,38.1,B
2021-07-12T13:17:36,500.0,38.0,S
2021-07-12T13:17:24,200.0,38.1,B
2021-07-12T13:17:22,200.0,38.1,B
2021-07-12T13:17:16,2400.0,38.0,S
2021-07-12T13:17:11,600.0,38.1,S
2021-07-12T13:17:08,8800.0,38.0,S
2021-07-12T13:17:08,100.0,38.1,S
2021-07-12T13:17:04,400.0,38.1,S
2021-07-12T13:17:02,2000.0,38.2,B
2021-07-12T13:16:57,300.0,38.1,S
2021-07-12T13:16:49,2500.0,38.1,S
2021-07-12T13:16:43,200.0,38.1,S
2021-07-12T13:16:38,1000.0,38.1,S
2021-07-12T13:16:31,5000.0,38.1,S
2021-07-12T13:16:18,1000.0,38.2,B
2021-07-12T13:16:09,5000.0,38.2,B
2021-07-12T13:16:08,1000.0,38.1,S
2021-07-12T13:16:01,100.0,38.2,B
2021-07-12T13:15:59,10000.0,38.1,S
2021-07-12T13:15:51,500.0,38.2,B
2021-07-12T13:15:51,500.0,38.2,B
2021-07-12T13:15:49,200.0,38.1,S
2021-07-12T13:15:37,1000.0,38.2,B
2021-07-12T13:15:32,400.0,38.2,B
2021-07-12T13:15:30,500.0,38.1,S
2021-07-12T13:15:24,1600.0,38.1,S
2021-07-12T13:15:20,2000.0,38.1,S
2021-07-12T13:15:18,400.0,38.1,S
2021-07-12T13:15:17,600.0,38.1,S
2021-07-12T13:14:58,200.0,38.1,S
2021-07-12T13:14:38,1000.0,38.1,S
2021-07-12T13:14:35,14700.0,38.2,S
2021-07-12T13:14:34,100.0,38.3,B
2021-07-12T13:14:27,600.0,38.3,B
2021-07-12T13:14:15,200.0,38.3,B
2021-07-12T13:14:07,100.0,38.2,S
2021-07-12T13:13:58,600.0,38.3,B
2021-07-12T13:13:46,800.0,38.2,S
2021-07-12T13:13:43,1000.0,38.2,S
2021-07-12T13:13:37,300.0,38.3,B
2021-07-12T13:13:35,200.0,38.2,S
2021-07-12T13:13:20,400.0,38.2,S
2021-07-12T13:13:19,500.0,38.3,B
2021-07-12T13:13:15,200.0,38.2,S
2021-07-12T13:13:14,1000.0,38.3,B
2021-07-12T13:13:10,1200.0,38.3,B
2021-07-12T13:13:09,800.0,38.2,S
2021-07-12T13:13:07,1000.0,38.2,S
2021-07-12T13:13:01,900.0,38.2,S
2021-07-12T13:12:57,400.0,38.2,S
2021-07-12T13:12:48,1000.0,38.2,S
2021-07-12T13:12:42,200.0,38.3,B
2021-07-12T13:12:37,300.0,38.3,B
2021-07-12T13:12:19,15600.0,38.3,B
2021-07-12T13:12:14,3000.0,38.3,S
2021-07-12T13:12:12,2000.0,38.3,S
2021-07-12T13:11:47,300.0,38.3,S
2021-07-12T13:11:45,1200.0,38.3,S
2021-07-12T13:11:44,3000.0,38.4,B
2021-07-12T13:11:34,1000.0,38.3,S
2021-07-12T13:11:10,100.0,38.4,B
2021-07-12T13:11:02,100.0,38.4,S
2021-07-12T13:11:00,3500.0,38.4,S
2021-07-12T13:10:57,1000.0,38.4,S
2021-07-12T13:10:54,200.0,38.4,S
2021-07-12T13:10:52,500.0,38.4,S
2021-07-12T13:10:38,2000.0,38.4,S
2021-07-12T13:10:35,400.0,38.4,S
2021-07-12T13:10:33,300.0,38.5,B
2021-07-12T13:10:29,100.0,38.4,S
2021-07-12T13:10:29,100.0,38.4,S
2021-07-12T13:10:15,10000.0,38.5,B
2021-07-12T13:10:15,1000.0,38.4,S
2021-07-12T13:10:10,2000.0,38.5,B
2021-07-12T13:10:07,200.0,38.5,B
2021-07-12T13:10:06,1000.0,38.4,S
2021-07-12T13:09:57,5300.0,38.5,B
2021-07-12T13:09:54,1000.0,38.4,S
2021-07-12T13:09:54,700.0,38.4,B
2021-07-12T13:09:52,200.0,38.4,B
2021-07-12T13:09:47,5000.0,38.4,B
2021-07-12T13:09:35,100.0,38.4,B
2021-07-12T13:09:26,200.0,38.4,B
2021-07-12T13:09:18,1600.0,38.4,B
2021-07-12T13:09:17,100.0,38.4,B
2021-07-12T13:09:13,100.0,38.4,B
2021-07-12T13:09:09,1100.0,38.4,S
2021-07-12T13:09:07,400.0,38.4,S
2021-07-12T13:09:05,18000.0,38.4,S
2021-07-12T13:08:58,2000.0,38.4,S
2021-07-12T13:08:51,3000.0,38.4,S
2021-07-12T13:08:49,2100.0,38.4,S
2021-07-12T13:08:47,400.0,38.4,S
2021-07-12T13:08:46,500.0,38.4,S
2021-07-12T13:08:43,200.0,38.4,S
2021-07-12T13:08:33,1000.0,38.4,S
2021-07-12T13:08:27,4000.0,38.4,S
2021-07-12T13:08:23,200.0,38.4,S
2021-07-12T13:08:14,300.0,38.4,S
2021-07-12T13:08:02,200.0,38.4,S
2021-07-12T13:07:58,10000.0,38.5,B
2021-07-12T13:07:53,10000.0,38.5,B
2021-07-12T13:07:49,500.0,38.4,S
2021-07-12T13:07:46,200.0,38.4,S
2021-07-12T13:07:41,200.0,38.5,B
2021-07-12T13:07:33,100.0,38.5,B
2021-07-12T13:07:32,200.0,38.5,B
2021-07-12T13:07:30,200.0,38.5,B
2021-07-12T13:07:24,4600.0,38.5,S
2021-07-12T13:07:15,2000.0,38.5,S
2021-07-12T13:07:13,1200.0,38.5,S
2021-07-12T13:07:09,300.0,38.5,S
2021-07-12T13:07:03,1000.0,38.5,S
2021-07-12T13:07:01,800.0,38.6,B
2021-07-12T13:06:57,500.0,38.5,S
2021-07-12T13:06:55,2000.0,38.6,B
2021-07-12T13:06:53,4000.0,38.5,S
2021-07-12T13:06:50,5000.0,38.5,S
2021-07-12T13:06:43,500.0,38.6,B
2021-07-12T13:06:35,1500.0,38.6,B
2021-07-12T13:06:32,100.0,38.5,S
2021-07-12T13:06:25,400.0,38.5,S
2021-07-12T13:06:18,1000.0,38.5,S
2021-07-12T13:06:17,2500.0,38.5,S
2021-07-12T13:06:10,700.0,38.5,S
2021-07-12T13:05:55,5000.0,38.5,S
2021-07-12T13:05:54,400.0,38.5,S
2021-07-12T13:05:48,100.0,38.6,B
2021-07-12T13:05:46,1000.0,38.5,S
2021-07-12T13:05:38,200.0,38.5,S
2021-07-12T13:05:34,5000.0,38.6,B
2021-07-12T13:05:33,3000.0,38.5,S
2021-07-12T13:05:24,1000.0,38.6,B
2021-07-12T13:05:23,5000.0,38.5,S
2021-07-12T13:05:23,500.0,38.6,B
2021-07-12T13:05:18,5000.0,38.5,S
2021-07-12T13:05:15,100.0,38.6,B
2021-07-12T13:05:14,5000.0,38.5,S
2021-07-12T13:05:09,5000.0,38.5,S
2021-07-12T13:05:05,100.0,38.6,B
2021-07-12T13:04:59,1200.0,38.6,B
2021-07-12T13:04:52,500.0,38.6,S
2021-07-12T13:04:51,1500.0,38.6,S
2021-07-12T13:04:47,100.0,38.6,S
2021-07-12T13:04:45,700.0,38.7,B
2021-07-12T13:04:39,400.0,38.6,S
2021-07-12T13:04:30,2900.0,38.6,B
2021-07-12T13:04:27,1000.0,38.6,B
2021-07-12T13:04:24,300.0,38.6,B
2021-07-12T13:04:19,500.0,38.6,B
2021-07-12T13:04:12,1000.0,38.6,B
2021-07-12T13:04:09,500.0,38.6,S
2021-07-12T13:04:03,1000.0,38.6,S
2021-07-12T13:04:03,300.0,38.6,S
2021-07-12T13:04:02,100.0,38.6,S
2021-07-12T13:04:01,500.0,38.6,S
2021-07-12T13:03:57,300.0,38.6,S
2021-07-12T13:03:55,300.0,38.7,B
2021-07-12T13:03:41,300.0,38.6,S
2021-07-12T13:03:32,300.0,38.6,B
2021-07-12T13:03:31,400.0,38.5,S
2021-07-12T13:03:23,5000.0,38.6,B
2021-07-12T13:03:16,1000.0,38.5,S
2021-07-12T13:03:15,10000.0,38.6,B
2021-07-12T13:03:11,300.0,38.6,B
2021-07-12T13:03:10,1500.0,38.6,B
2021-07-12T13:03:01,600.0,38.5,S
2021-07-12T13:03:00,400.0,38.6,B
2021-07-12T13:02:55,500.0,38.6,B
2021-07-12T13:02:45,600.0,38.6,B
2021-07-12T13:02:32,1000.0,38.5,S
2021-07-12T13:02:27,1000.0,38.6,B
2021-07-12T13:02:20,1000.0,38.5,S
2021-07-12T13:02:19,100.0,38.5,S
2021-07-12T13:02:11,1600.0,38.5,S
2021-07-12T13:02:11,100.0,38.5,S
2021-07-12T13:02:06,1500.0,38.6,B
2021-07-12T13:02:05,3000.0,38.6,B
2021-07-12T13:01:53,2000.0,38.5,S
2021-07-12T13:01:52,1500.0,38.6,B
2021-07-12T13:01:49,100.0,38.6,B
2021-07-12T13:01:43,3000.0,38.6,B
2021-07-12T13:01:10,400.0,38.5,S
2021-07-12T13:01:07,2600.0,38.5,S
2021-07-12T13:01:03,10000.0,38.6,B
2021-07-12T13:01:00,1800.0,38.6,B
2021-07-12T13:00:59,1500.0,38.5,S
2021-07-12T13:00:47,500.0,38.6,B
2021-07-12T13:00:32,200.0,38.5,S
2021-07-12T13:00:31,300.0,38.6,B
2021-07-12T13:00:30,1000.0,38.5,S
2021-07-12T13:00:21,1100.0,38.6,B
2021-07-12T13:00:19,2400.0,38.6,B
2021-07-12T13:00:12,1200.0,38.6,B
2021-07-12T13:00:10,200.0,38.5,S
2021-07-12T13:00:09,2900.0,38.6,B
2021-07-12T13:00:08,30300.0,38.5,S
2021-07-12T13:00:07,800.0,38.6,B
2021-07-12T13:00:07,2500.0,38.5,S
2021-07-12T13:00:04,400.0,38.5,S
2021-07-12T13:00:04,99700.0,38.7,B
2021-07-12T13:00:04,2900.0,38.5,B
2021-07-12T13:00:04,10100.0,38.5,B
2021-07-12T13:00:03,800.0,38.5,B
2021-07-12T13:00:03,2600.0,38.5,B
2021-07-12T13:00:02,7800.0,38.5,B
2021-07-12T13:00:02,3200.0,38.5,S
2021-07-12T11:30:00,300.0,38.5,S
2021-07-12T11:29:58,100.0,38.5,S
2021-07-12T11:29:53,1500.0,38.5,S
2021-07-12T11:29:49,100.0,38.5,S
2021-07-12T11:29:16,400.0,38.5,S
2021-07-12T11:29:12,1000.0,38.5,S
2021-07-12T11:29:04,500.0,38.6,B
2021-07-12T11:29:02,200.0,38.5,S
2021-07-12T11:28:49,300.0,38.5,S
2021-07-12T11:28:41,200.0,38.5,S
2021-07-12T11:28:39,1500.0,38.5,S
2021-07-12T11:28:32,9300.0,38.5,S
2021-07-12T11:28:25,500.0,38.5,B
2021-07-12T11:28:11,100.0,38.5,B
2021-07-12T11:28:07,2000.0,38.5,B
2021-07-12T11:28:01,3000.0,38.4,S
2021-07-12T11:28:00,300.0,38.5,B
2021-07-12T11:27:52,400.0,38.5,B
2021-07-12T11:27:51,200.0,38.5,B
2021-07-12T11:27:46,100.0,38.4,S
2021-07-12T11:27:45,10000.0,38.5,B
2021-07-12T11:27:44,500.0,38.5,B
2021-07-12T11:27:26,2000.0,38.5,B
2021-07-12T11:27:18,200.0,38.5,B
2021-07-12T11:27:13,100.0,38.5,B
2021-07-12T11:27:05,100.0,38.5,B
2021-07-12T11:26:57,1100.0,38.5,B
2021-07-12T11:26:54,500.0,38.5,B
2021-07-12T11:26:46,1000.0,38.5,B
2021-07-12T11:26:44,1000.0,38.5,B
2021-07-12T11:26:42,1000.0,38.5,B
2021-07-12T11:26:42,500.0,38.5,B
2021-07-12T11:26:42,4500.0,38.5,B
2021-07-12T11:26:36,500.0,38.5,S
2021-07-12T11:26:34,100.0,38.5,S
2021-07-12T11:26:29,400.0,38.5,S
2021-07-12T11:26:28,1000.0,38.5,S
2021-07-12T11:26:25,2500.0,38.5,S
2021-07-12T11:26:22,800.0,38.5,S
2021-07-12T11:26:15,200.0,38.5,S
2021-07-12T11:26:14,100.0,38.5,S
2021-07-12T11:26:13,100.0,38.5,S
2021-07-12T11:26:11,300.0,38.5,B
2021-07-12T11:26:09,200.0,38.5,S
2021-07-12T11:26:05,500.0,38.5,S
2021-07-12T11:26:04,800.0,38.5,S
2021-07-12T11:26:04,2200.0,38.5,S
2021-07-12T11:26:00,2800.0,38.5,S
2021-07-12T11:25:53,1200.0,38.5,S
2021-07-12T11:25:49,400.0,38.5,S
2021-07-12T11:25:49,3200.0,38.5,S
2021-07-12T11:25:42,500.0,38.5,S
2021-07-12T11:25:34,100.0,38.6,B
2021-07-12T11:25:33,500.0,38.5,S
2021-07-12T11:25:33,200.0,38.5,S
2021-07-12T11:25:31,700.0,38.5,S
2021-07-12T11:25:30,500.0,38.5,S
2021-07-12T11:25:25,500.0,38.5,B
2021-07-12T11:25:22,3000.0,38.5,B
2021-07-12T11:25:17,700.0,38.5,B
2021-07-12T11:25:09,1000.0,38.5,S
2021-07-12T11:25:05,5900.0,38.5,B
2021-07-12T11:25:02,1000.0,38.5,B
2021-07-12T11:25:02,1200.0,38.4,S
2021-07-12T11:25:01,500.0,38.5,B
2021-07-12T11:24:59,800.0,38.5,B
2021-07-12T11:24:58,100.0,38.5,B
2021-07-12T11:24:56,300.0,38.5,S
2021-07-12T11:24:54,2400.0,38.5,S
2021-07-12T11:24:50,1000.0,38.5,S
2021-07-12T11:24:45,500.0,38.5,S
2021-07-12T11:24:43,2000.0,38.5,S
2021-07-12T11:24:37,100.0,38.5,S
2021-07-12T11:24:29,100.0,38.5,S
2021-07-12T11:24:28,200.0,38.5,S
2021-07-12T11:24:24,2500.0,38.5,B
2021-07-12T11:24:18,5000.0,38.5,B
2021-07-12T11:24:11,10000.0,38.5,B
2021-07-12T11:24:07,400.0,38.4,S
2021-07-12T11:24:05,200.0,38.5,B
2021-07-12T11:24:02,200.0,38.5,B
2021-07-12T11:23:53,1000.0,38.4,S
2021-07-12T11:23:52,500.0,38.4,S
2021-07-12T11:23:51,700.0,38.4,S
2021-07-12T11:23:41,500.0,38.5,B
2021-07-12T11:23:38,700.0,38.4,S
2021-07-12T11:23:37,200.0,38.4,S
2021-07-12T11:23:35,1400.0,38.5,B
2021-07-12T11:23:26,200.0,38.4,S
2021-07-12T11:23:17,500.0,38.4,S
2021-07-12T11:23:13,1200.0,38.4,S
2021-07-12T11:23:00,1000.0,38.4,S
2021-07-12T11:22:54,1000.0,38.4,S
2021-07-12T11:22:50,1200.0,38.4,S
2021-07-12T11:22:45,300.0,38.4,S
2021-07-12T11:22:36,2000.0,38.5,B
2021-07-12T11:22:28,100.0,38.4,S
2021-07-12T11:22:19,2000.0,38.4,S
2021-07-12T11:22:16,500.0,38.5,B
2021-07-12T11:22:11,1100.0,38.4,S
2021-07-12T11:22:09,200.0,38.4,S
2021-07-12T11:21:46,400.0,38.4,S
2021-07-12T11:21:39,500.0,38.4,S
2021-07-12T11:21:31,500.0,38.4,S
2021-07-12T11:21:28,100.0,38.5,B
2021-07-12T11:21:27,1600.0,38.4,B
2021-07-12T11:21:21,300.0,38.4,B
2021-07-12T11:21:20,2000.0,38.4,B
2021-07-12T11:21:16,100.0,38.4,B
2021-07-12T11:21:07,2000.0,38.4,B
2021-07-12T11:21:04,500.0,38.4,B
2021-07-12T11:21:02,500.0,38.4,B
2021-07-12T11:20:59,100.0,38.4,B
2021-07-12T11:20:49,200.0,38.4,B
2021-07-12T11:20:46,1000.0,38.4,B
2021-07-12T11:20:46,200.0,38.4,B
2021-07-12T11:20:44,600.0,38.2,S
2021-07-12T11:20:39,1200.0,38.2,S
2021-07-12T11:20:37,1400.0,38.4,B
2021-07-12T11:20:35,100.0,38.4,B
2021-07-12T11:20:34,10000.0,38.2,S
2021-07-12T11:20:23,1800.0,38.4,S
2021-07-12T11:20:22,200.0,38.5,B
2021-07-12T11:20:17,400.0,38.4,S
2021-07-12T11:20:09,200.0,38.4,S
2021-07-12T11:20:09,1000.0,38.5,B
2021-07-12T11:20:05,100.0,38.5,B
2021-07-12T11:20:04,100.0,38.5,B
2021-07-12T11:20:01,100.0,38.5,B
2021-07-12T11:19:48,800.0,38.5,B
2021-07-12T11:19:46,500.0,38.5,B
2021-07-12T11:19:45,300.0,38.5,B
2021-07-12T11:19:40,200.0,38.5,B
2021-07-12T11:19:36,100.0,38.5,B
2021-07-12T11:19:34,1100.0,38.5,S
2021-07-12T11:19:30,3500.0,38.6,B
2021-07-12T11:19:27,2000.0,38.5,S
2021-07-12T11:19:25,100.0,38.6,B
2021-07-12T11:19:25,400.0,38.5,S
2021-07-12T11:19:23,200.0,38.5,S
2021-07-12T11:19:22,1000.0,38.5,S
2021-07-12T11:19:17,400.0,38.6,B
2021-07-12T11:19:12,500.0,38.5,S
2021-07-12T11:19:05,1000.0,38.5,S
2021-07-12T11:19:05,100.0,38.5,S
2021-07-12T11:18:57,200.0,38.5,B
2021-07-12T11:18:54,100.0,38.5,B
2021-07-12T11:18:53,1700.0,38.5,S
2021-07-12T11:18:46,100.0,38.6,B
2021-07-12T11:18:44,500.0,38.5,S
2021-07-12T11:18:33,500.0,38.5,S
2021-07-12T11:18:29,1000.0,38.6,B
2021-07-12T11:18:28,100.0,38.4,B
2021-07-12T11:18:28,200.0,38.4,B
2021-07-12T11:18:27,5000.0,38.6,B
2021-07-12T11:18:26,18000.0,38.5,B
2021-07-12T11:18:26,500.0,38.5,B
2021-07-12T11:18:21,500.0,38.5,B
2021-07-12T11:18:20,100.0,38.5,B
2021-07-12T11:18:16,500.0,38.5,B
2021-07-12T11:18:10,5000.0,38.5,B
2021-07-12T11:18:02,1000.0,38.5,B
2021-07-12T11:17:58,200.0,38.5,B
2021-07-12T11:17:56,100.0,38.5,B
2021-07-12T11:17:44,500.0,38.5,B
2021-07-12T11:17:39,500.0,38.5,B
2021-07-12T11:17:37,100.0,38.5,B
2021-07-12T11:17:27,4400.0,38.5,B
2021-07-12T11:17:24,200.0,38.3,B
2021-07-12T11:17:23,100.0,38.3,B
2021-07-12T11:17:21,4900.0,38.3,S
2021-07-12T11:17:18,100.0,38.4,B
2021-07-12T11:17:15,400.0,38.4,B
2021-07-12T11:17:13,200.0,38.4,B
2021-07-12T11:17:13,500.0,38.3,S
2021-07-12T11:17:11,2000.0,38.4,B
2021-07-12T11:17:08,500.0,38.4,B
2021-07-12T11:17:03,300.0,38.2,S
2021-07-12T11:17:02,100.0,38.3,S
2021-07-12T11:17:01,800.0,38.3,B
2021-07-12T11:16:56,200.0,38.3,B
2021-07-12T11:16:43,500.0,38.3,S
2021-07-12T11:16:37,200.0,38.2,S
2021-07-12T11:16:36,100.0,38.3,B
2021-07-12T11:16:32,100.0,38.3,B
2021-07-12T11:16:31,100.0,38.3,B
2021-07-12T11:16:17,1200.0,38.1,S
2021-07-12T11:16:14,2000.0,38.3,B
2021-07-12T11:16:10,300.0,38.2,B
2021-07-12T11:16:08,100.0,38.2,B
2021-07-12T11:16:07,2000.0,38.2,B
2021-07-12T11:16:04,2300.0,38.2,B
2021-07-12T11:16:00,200.0,38.2,B
2021-07-12T11:15:57,5000.0,38.2,B
2021-07-12T11:15:53,100.0,38.1,S
2021-07-12T11:15:49,100.0,38.1,S
2021-07-12T11:15:39,1000.0,38.1,S
2021-07-12T11:15:36,1700.0,38.1,B
2021-07-12T11:15:35,3800.0,38.1,B
2021-07-12T11:15:28,16200.0,38.1,B
2021-07-12T11:15:23,600.0,38.1,B
2021-07-12T11:15:19,1000.0,38.1,B
2021-07-12T11:15:18,1300.0,38.0,S
2021-07-12T11:15:16,500.0,38.1,B
2021-07-12T11:15:10,100.0,38.1,B
2021-07-12T11:15:09,100.0,38.1,B
2021-07-12T11:15:01,500.0,38.0,S
2021-07-12T11:14:57,3000.0,38.0,S
2021-07-12T11:14:51,100.0,38.0,S
2021-07-12T11:14:46,1000.0,38.0,S
2021-07-12T11:14:42,400.0,38.0,S
2021-07-12T11:14:37,5200.0,38.1,B
2021-07-12T11:14:32,2000.0,38.1,B
2021-07-12T11:14:29,500.0,38.0,B
2021-07-12T11:14:29,500.0,38.0,B
2021-07-12T11:14:22,300.0,38.0,B
2021-07-12T11:14:16,1400.0,37.9,S
2021-07-12T11:14:15,200.0,38.0,B
2021-07-12T11:14:14,100.0,38.0,B
2021-07-12T11:14:11,1800.0,38.0,B
2021-07-12T11:14:11,100.0,38.0,B
2021-07-12T11:14:08,200.0,38.0,B
2021-07-12T11:14:06,1200.0,37.9,S
2021-07-12T11:14:05,100.0,38.0,B
2021-07-12T11:14:04,300.0,38.0,B
2021-07-12T11:14:03,3000.0,38.0,B
2021-07-12T11:14:02,100.0,38.0,B
2021-07-12T11:14:00,100.0,38.0,B
2021-07-12T11:13:59,100.0,38.0,B
2021-07-12T11:13:58,1000.0,38.0,B
2021-07-12T11:13:53,100.0,38.0,B
2021-07-12T11:13:52,100.0,38.0,B
2021-07-12T11:13:51,500.0,38.0,B
2021-07-12T11:13:50,700.0,38.0,B
2021-07-12T11:13:44,600.0,38.0,B
2021-07-12T11:13:43,900.0,38.0,B
2021-07-12T11:13:43,1000.0,38.0,B
2021-07-12T11:13:36,6600.0,38.0,B
2021-07-12T11:13:36,1900.0,38.0,B
2021-07-12T11:13:31,2000.0,37.9,S
2021-07-12T11:13:29,100.0,38.0,B
2021-07-12T11:13:29,500.0,38.0,B
2021-07-12T11:13:27,200.0,38.0,B
2021-07-12T11:13:26,100.0,38.0,B
2021-07-12T11:13:22,300.0,38.0,B
2021-07-12T11:13:19,1000.0,38.0,B
2021-07-12T11:13:19,1800.0,38.0,B
2021-07-12T11:13:18,1000.0,38.0,B
2021-07-12T11:13:12,500.0,38.0,B
2021-07-12T11:13:09,300.0,38.0,B
2021-07-12T11:13:08,2500.0,38.0,B
2021-07-12T11:13:08,5000.0,38.0,B
2021-07-12T11:13:03,1600.0,38.0,B
2021-07-12T11:12:57,2000.0,38.0,B
2021-07-12T11:12:53,1000.0,38.0,B
2021-07-12T11:12:51,3000.0,37.9,S
2021-07-12T11:12:49,100.0,38.0,B
2021-07-12T11:12:47,100.0,38.0,B
2021-07-12T11:12:42,100.0,38.0,B
2021-07-12T11:12:41,200.0,37.9,S
2021-07-12T11:12:34,100.0,37.9,S
2021-07-12T11:12:32,100.0,37.9,B
2021-07-12T11:12:32,300.0,37.9,B
2021-07-12T11:12:30,600.0,37.8,S
2021-07-12T11:12:29,10000.0,37.8,S
2021-07-12T11:12:27,100.0,37.9,B
2021-07-12T11:12:26,100.0,37.9,B
2021-07-12T11:12:23,400.0,37.9,B
2021-07-12T11:12:22,1200.0,37.9,B
2021-07-12T11:12:21,400.0,37.9,B
2021-07-12T11:12:21,400.0,37.8,S
2021-07-12T11:12:15,100.0,37.9,B
2021-07-12T11:12:09,500.0,37.9,B
2021-07-12T11:12:01,7400.0,37.9,B
2021-07-12T11:11:58,13000.0,37.8,S
2021-07-12T11:11:58,1000.0,37.9,B
2021-07-12T11:11:57,800.0,37.8,S
2021-07-12T11:11:55,1200.0,37.8,S
2021-07-12T11:11:54,200.0,37.9,B
2021-07-12T11:11:53,100.0,37.9,B
2021-07-12T11:11:53,4000.0,37.9,B
2021-07-12T11:11:50,3000.0,37.9,B
2021-07-12T11:11:47,1000.0,37.8,S
2021-07-12T11:11:47,700.0,37.8,S
2021-07-12T11:11:43,500.0,37.9,B
2021-07-12T11:11:40,10000.0,37.8,S
2021-07-12T11:11:40,5500.0,37.8,S
2021-07-12T11:11:35,500.0,37.8,S
2021-07-12T11:11:32,500.0,37.8,S
2021-07-12T11:11:28,2000.0,37.8,S
2021-07-12T11:11:21,9800.0,37.8,S
2021-07-12T11:11:18,400.0,37.8,S
2021-07-12T11:11:14,100.0,37.9,B
2021-07-12T11:11:03,50000.0,37.7,S
2021-07-12T11:10:59,300.0,37.8,S
2021-07-12T11:10:58,700.0,37.8,S
2021-07-12T11:10:54,3500.0,37.8,B
2021-07-12T11:10:53,100.0,37.8,B
2021-07-12T11:10:52,16400.0,37.8,S
2021-07-12T11:10:52,200.0,37.8,S
2021-07-12T11:10:51,200.0,37.9,B
2021-07-12T11:10:44,100.0,37.8,S
2021-07-12T11:10:43,1200.0,37.8,S
2021-07-12T11:10:42,500.0,37.8,S
2021-07-12T11:10:37,200.0,37.8,S
2021-07-12T11:10:33,11500.0,37.8,B
2021-07-12T11:10:32,1000.0,37.8,B
2021-07-12T11:10:31,500.0,37.8,B
2021-07-12T11:10:29,100.0,37.8,B
2021-07-12T11:10:27,1000.0,37.8,B
2021-07-12T11:10:26,1000.0,37.8,B
2021-07-12T11:10:25,500.0,37.8,B
2021-07-12T11:10:24,500.0,37.7,S
2021-07-12T11:10:18,3000.0,37.7,S
2021-07-12T11:10:11,1500.0,37.8,B
2021-07-12T11:10:10,100.0,37.8,B
2021-07-12T11:10:08,100.0,37.8,B
2021-07-12T11:10:04,20000.0,37.7,S
2021-07-12T11:10:03,2000.0,37.8,B
2021-07-12T11:10:02,14500.0,37.7,S
2021-07-12T11:10:00,400.0,37.7,S
2021-07-12T11:09:57,500.0,37.8,B
2021-07-12T11:09:57,500.0,37.7,S
2021-07-12T11:09:57,1100.0,37.7,S
2021-07-12T11:09:56,3600.0,37.7,S
2021-07-12T11:09:55,1000.0,37.8,B
2021-07-12T11:09:54,200.0,37.7,S
2021-07-12T11:09:52,200.0,37.8,B
2021-07-12T11:09:51,200.0,37.8,B
2021-07-12T11:09:46,30000.0,37.7,S
2021-07-12T11:09:44,1200.0,37.7,S
2021-07-12T11:09:43,1000.0,37.8,B
2021-07-12T11:09:42,100.0,37.8,B
2021-07-12T11:09:38,1000.0,37.8,B
2021-07-12T11:09:29,400.0,37.8,B
2021-07-12T11:09:23,2600.0,37.8,B
2021-07-12T11:09:21,1000.0,37.8,B
2021-07-12T11:09:17,300.0,37.7,S
2021-07-12T11:09:16,500.0,37.8,B
2021-07-12T11:09:14,1000.0,37.8,B
2021-07-12T11:09:12,100.0,37.8,B
2021-07-12T11:09:06,200.0,37.8,B
2021-07-12T11:09:05,1800.0,37.8,B
2021-07-12T11:08:59,1000.0,37.8,B
2021-07-12T11:08:58,25000.0,37.7,S
2021-07-12T11:08:57,10000.0,37.7,S
2021-07-12T11:08:55,100.0,37.7,S
2021-07-12T11:08:54,200.0,37.7,S
2021-07-12T11:08:49,3000.0,37.7,S
2021-07-12T11:08:44,200.0,37.8,B
2021-07-12T11:08:43,10000.0,37.7,S
2021-07-12T11:08:42,2000.0,37.7,S
2021-07-12T11:08:40,4600.0,37.8,B
2021-07-12T11:08:34,700.0,37.8,S
2021-07-12T11:08:33,600.0,37.8,S
2021-07-12T11:08:32,10000.0,37.8,S
2021-07-12T11:08:25,200.0,37.8,S
2021-07-12T11:08:21,900.0,37.8,S
2021-07-12T11:08:21,400.0,37.8,S
2021-07-12T11:08:20,1800.0,37.8,S
2021-07-12T11:08:20,10000.0,37.8,S
2021-07-12T11:08:19,4000.0,37.8,S
2021-07-12T11:08:17,2000.0,37.8,S
2021-07-12T11:08:14,100.0,37.8,S
2021-07-12T11:08:14,100.0,37.9,B
2021-07-12T11:08:11,9000.0,37.8,S
2021-07-12T11:08:10,2800.0,37.8,S
2021-07-12T11:08:09,500.0,37.8,S
2021-07-12T11:08:05,2900.0,37.8,S
2021-07-12T11:08:02,1400.0,37.8,S
2021-07-12T11:08:01,2500.0,37.8,S
2021-07-12T11:08:00,100.0,37.8,S
2021-07-12T11:07:58,7100.0,37.8,S
2021-07-12T11:07:57,100.0,37.8,S
2021-07-12T11:07:55,3300.0,37.8,S
2021-07-12T11:07:55,100.0,37.9,B
2021-07-12T11:07:54,3400.0,37.8,S
2021-07-12T11:07:54,2000.0,37.8,S
2021-07-12T11:07:51,2400.0,37.8,S
2021-07-12T11:07:49,70000.0,37.8,S
2021-07-12T11:07:46,400.0,37.8,S
2021-07-12T11:07:41,300.0,37.8,S
2021-07-12T11:07:39,900.0,37.8,S
2021-07-12T11:07:38,3600.0,37.8,S
2021-07-12T11:07:36,1000.0,37.8,S
2021-07-12T11:07:36,100.0,37.8,S
2021-07-12T11:07:35,700.0,37.9,B
2021-07-12T11:07:33,1200.0,37.8,S
2021-07-12T11:07:24,100.0,37.8,S
2021-07-12T11:07:18,200.0,37.8,S
2021-07-12T11:07:12,1500.0,37.8,S
2021-07-12T11:07:08,500.0,37.9,B
2021-07-12T11:07:06,1000.0,37.8,S
2021-07-12T11:07:04,2300.0,37.8,S
2021-07-12T11:07:02,300.0,37.8,S
2021-07-12T11:07:01,1500.0,37.8,S
2021-07-12T11:06:58,35700.0,37.8,S
2021-07-12T11:06:57,10100.0,37.8,S
2021-07-12T11:06:52,1000.0,37.9,B
2021-07-12T11:06:50,200.0,37.8,S
2021-07-12T11:06:44,2000.0,37.8,S
2021-07-12T11:06:43,5000.0,37.8,S
2021-07-12T11:06:40,300.0,37.8,S
2021-07-12T11:06:40,100.0,37.8,S
2021-07-12T11:06:35,100.0,37.8,S
2021-07-12T11:06:25,2000.0,37.8,S
2021-07-12T11:06:25,100.0,37.8,S
2021-07-12T11:06:24,10300.0,37.8,S
2021-07-12T11:06:23,5000.0,37.8,S
2021-07-12T11:06:22,100.0,37.8,S
2021-07-12T11:06:19,100.0,37.8,S
2021-07-12T11:06:19,500.0,37.9,B
2021-07-12T11:06:17,1000.0,37.8,S
2021-07-12T11:06:15,2800.0,37.8,S
2021-07-12T11:06:14,4300.0,37.8,S
2021-07-12T11:06:09,1800.0,37.8,S
2021-07-12T11:06:07,100.0,37.8,S
2021-07-12T11:06:07,100.0,37.8,S
2021-07-12T11:06:04,2000.0,37.9,B
2021-07-12T11:06:02,600.0,37.8,S
2021-07-12T11:06:00,100.0,37.8,S
2021-07-12T11:05:59,3700.0,37.8,S
2021-07-12T11:05:53,200.0,37.8,S
2021-07-12T11:05:53,300.0,37.8,S
2021-07-12T11:05:53,1700.0,37.8,S
2021-07-12T11:05:51,100.0,37.8,S
2021-07-12T11:05:49,1000.0,37.8,S
2021-07-12T11:05:48,3000.0,37.8,S
2021-07-12T11:05:48,5100.0,37.8,S
2021-07-12T11:05:47,100.0,37.9,B
2021-07-12T11:05:46,200.0,37.9,B
2021-07-12T11:05:38,500.0,37.8,S
2021-07-12T11:05:35,3500.0,37.8,S
2021-07-12T11:05:32,100.0,37.8,S
2021-07-12T11:05:31,10000.0,37.8,S
2021-07-12T11:05:26,1000.0,37.8,S
2021-07-12T11:05:26,200.0,37.9,B
2021-07-12T11:05:25,100.0,37.9,B
2021-07-12T11:05:22,4100.0,37.8,S
2021-07-12T11:05:22,1000.0,37.8,S
2021-07-12T11:05:21,2200.0,37.8,S
2021-07-12T11:05:20,500.0,37.9,B
2021-07-12T11:05:18,300.0,37.8,S
2021-07-12T11:05:17,300.0,37.8,S
2021-07-12T11:05:08,400.0,37.8,S
2021-07-12T11:05:07,1000.0,37.8,S
2021-07-12T11:05:06,1300.0,37.8,S
2021-07-12T11:05:03,3000.0,37.8,S
2021-07-12T11:05:03,500.0,37.8,S
2021-07-12T11:05:02,200.0,37.9,B
2021-07-12T11:05:01,100.0,37.9,B
2021-07-12T11:05:01,700.0,37.8,S
2021-07-12T11:04:59,2400.0,37.8,S
2021-07-12T11:04:59,1000.0,37.8,S
2021-07-12T11:04:57,300.0,37.8,S
2021-07-12T11:04:52,200.0,37.8,S
2021-07-12T11:04:52,1000.0,37.9,B
2021-07-12T11:04:50,4800.0,37.8,S
2021-07-12T11:04:49,2500.0,37.8,S
2021-07-12T11:04:48,100.0,37.8,S
2021-07-12T11:04:46,20000.0,37.8,S
2021-07-12T11:04:43,1000.0,37.8,S
2021-07-12T11:04:42,300.0,37.8,S
2021-07-12T11:04:41,10300.0,37.9,B
2021-07-12T11:04:40,500.0,37.8,S
2021-07-12T11:04:39,15200.0,37.8,S
2021-07-12T11:04:37,400.0,37.8,S
2021-07-12T11:04:36,3300.0,37.8,S
2021-07-12T11:04:35,500.0,37.8,S
2021-07-12T11:04:31,200.0,37.8,S
2021-07-12T11:04:31,500.0,37.8,S
2021-07-12T11:04:29,2000.0,37.8,S
2021-07-12T11:04:27,1700.0,37.8,S
2021-07-12T11:04:26,100.0,37.9,B
2021-07-12T11:04:23,2400.0,37.8,S
2021-07-12T11:04:18,1200.0,37.8,S
2021-07-12T11:04:16,2400.0,37.8,S
2021-07-12T11:04:13,900.0,37.8,S
2021-07-12T11:04:12,1100.0,37.9,B
2021-07-12T11:04:11,500.0,37.8,S
2021-07-12T11:04:10,500.0,37.8,S
2021-07-12T11:04:09,6000.0,37.8,S
2021-07-12T11:04:07,1500.0,37.8,S
2021-07-12T11:04:07,100.0,37.8,S
2021-07-12T11:04:06,100.0,37.8,S
2021-07-12T11:03:58,20000.0,37.8,S
2021-07-12T11:03:56,6600.0,37.8,S
2021-07-12T11:03:55,100.0,37.8,S
2021-07-12T11:03:51,1200.0,37.8,S
2021-07-12T11:03:50,25000.0,37.8,S
2021-07-12T11:03:49,500.0,37.8,S
2021-07-12T11:03:48,2000.0,37.9,B
2021-07-12T11:03:46,1400.0,37.8,S
2021-07-12T11:03:37,2000.0,37.8,S
2021-07-12T11:03:36,200.0,37.9,B
2021-07-12T11:03:31,500.0,37.8,S
2021-07-12T11:03:31,2500.0,37.8,S
2021-07-12T11:03:23,300.0,37.8,S
2021-07-12T11:03:18,4700.0,37.8,S
2021-07-12T11:03:17,500.0,37.8,S
2021-07-12T11:03:16,1000.0,37.8,S
2021-07-12T11:03:14,11000.0,37.8,S
2021-07-12T11:03:13,2000.0,37.8,S
2021-07-12T11:03:10,1200.0,37.8,S
2021-07-12T11:03:08,1000.0,37.8,S
2021-07-12T11:03:06,100.0,37.8,S
2021-07-12T11:03:02,5400.0,37.8,S
2021-07-12T11:03:00,200.0,37.8,S
2021-07-12T11:02:58,30000.0,37.8,S
2021-07-12T11:02:57,2200.0,37.8,S
2021-07-12T11:02:56,400.0,37.8,S
2021-07-12T11:02:55,2000.0,37.8,S
2021-07-12T11:02:53,100.0,37.8,S
2021-07-12T11:02:52,10000.0,37.8,S
2021-07-12T11:02:51,200.0,37.8,S
2021-07-12T11:02:49,4000.0,37.8,S
2021-07-12T11:02:45,6000.0,37.8,S
2021-07-12T11:02:43,8000.0,37.8,S
2021-07-12T11:02:42,500.0,37.8,S
2021-07-12T11:02:38,1000.0,37.9,B
2021-07-12T11:02:33,100.0,37.9,B
2021-07-12T11:02:31,1000.0,37.9,B
2021-07-12T11:02:23,100.0,37.9,B
2021-07-12T11:02:21,200.0,37.9,B
2021-07-12T11:02:20,1500.0,37.8,S
2021-07-12T11:02:09,100.0,37.9,B
2021-07-12T11:02:07,7200.0,37.9,S
2021-07-12T11:02:05,500.0,37.9,S
2021-07-12T11:02:00,6000.0,37.9,S
2021-07-12T11:01:59,5200.0,37.9,S
2021-07-12T11:01:58,900.0,37.9,S
2021-07-12T11:01:57,1400.0,37.9,S
2021-07-12T11:01:56,10000.0,37.9,S
2021-07-12T11:01:52,600.0,37.9,S
2021-07-12T11:01:51,10000.0,37.9,S
2021-07-12T11:01:50,1700.0,37.9,S
2021-07-12T11:01:48,500.0,37.9,S
2021-07-12T11:01:46,1000.0,37.9,S
2021-07-12T11:01:46,1000.0,38.0,B
2021-07-12T11:01:42,5000.0,37.9,S
2021-07-12T11:01:41,500.0,37.9,S
2021-07-12T11:01:31,1000.0,37.9,S
2021-07-12T11:01:31,500.0,37.9,S
2021-07-12T11:01:23,1000.0,37.9,S
2021-07-12T11:01:23,500.0,38.0,B
2021-07-12T11:01:20,2000.0,37.9,S
2021-07-12T11:01:15,10000.0,37.9,S
2021-07-12T11:01:15,500.0,37.9,S
2021-07-12T11:01:11,4000.0,37.9,S
2021-07-12T11:01:08,300.0,37.9,S
2021-07-12T11:01:03,2000.0,37.9,S
2021-07-12T11:00:59,1200.0,37.9,S
2021-07-12T11:00:57,1300.0,37.9,S
2021-07-12T11:00:53,100.0,37.9,S
2021-07-12T11:00:53,5000.0,37.9,S
2021-07-12T11:00:49,100.0,38.0,B
2021-07-12T11:00:49,1000.0,37.9,S
2021-07-12T11:00:48,200.0,37.9,S
2021-07-12T11:00:47,1000.0,37.9,S
2021-07-12T11:00:41,2400.0,37.9,S
2021-07-12T11:00:38,1000.0,37.9,S
2021-07-12T11:00:35,400.0,37.9,S
2021-07-12T11:00:22,700.0,38.0,B
2021-07-12T11:00:21,100.0,38.0,B
2021-07-12T11:00:19,20100.0,38.0,S
2021-07-12T11:00:18,400.0,38.0,S
2021-07-12T11:00:16,2300.0,38.0,S
2021-07-12T11:00:15,300.0,38.0,S
2021-07-12T11:00:11,1000.0,38.0,S
2021-07-12T11:00:10,400.0,38.0,S
2021-07-12T11:00:03,100.0,38.0,S
2021-07-12T11:00:03,1200.0,38.0,S
2021-07-12T11:00:02,400.0,38.0,S
2021-07-12T10:59:42,800.0,38.0,S
2021-07-12T10:59:42,1000.0,38.0,S
2021-07-12T10:59:41,700.0,38.0,S
2021-07-12T10:59:39,200.0,38.0,S
2021-07-12T10:59:39,1500.0,38.0,S
2021-07-12T10:59:36,100.0,38.0,S
2021-07-12T10:59:34,1300.0,38.0,S
2021-07-12T10:59:31,1000.0,38.0,S
2021-07-12T10:59:31,3000.0,38.0,S
2021-07-12T10:59:30,800.0,38.0,S
2021-07-12T10:59:26,27000.0,38.0,S
2021-07-12T10:59:16,500.0,38.0,S
2021-07-12T10:59:14,100.0,38.0,S
2021-07-12T10:59:08,200.0,38.0,S
2021-07-12T10:59:01,8900.0,38.0,S
2021-07-12T10:58:58,12000.0,38.0,S
2021-07-12T10:58:56,100.0,38.1,S
2021-07-12T10:58:52,28000.0,38.0,S
2021-07-12T10:58:51,700.0,38.1,B
2021-07-12T10:58:47,800.0,38.1,B
2021-07-12T10:58:35,11000.0,38.0,S
2021-07-12T10:58:35,2000.0,38.1,S
2021-07-12T10:58:19,500.0,38.1,S
2021-07-12T10:58:17,20000.0,38.1,S
2021-07-12T10:58:13,400.0,38.1,S
2021-07-12T10:58:12,1700.0,38.2,B
2021-07-12T10:57:54,4000.0,38.1,S
2021-07-12T10:57:52,500.0,38.1,S
2021-07-12T10:57:51,100.0,38.2,S
2021-07-12T10:57:49,200.0,38.2,S
2021-07-12T10:57:40,800.0,38.2,B
2021-07-12T10:57:39,700.0,38.1,S
2021-07-12T10:57:35,300.0,38.2,B
2021-07-12T10:57:32,3000.0,38.1,S
2021-07-12T10:57:27,500.0,38.2,B
2021-07-12T10:57:23,300.0,38.2,B
2021-07-12T10:57:18,100.0,38.2,B
2021-07-12T10:57:14,11000.0,38.1,S
2021-07-12T10:57:08,1000.0,38.2,B
2021-07-12T10:57:07,1000.0,38.1,S
2021-07-12T10:57:02,200.0,38.1,S
2021-07-12T10:56:57,100.0,38.1,S
2021-07-12T10:56:56,1200.0,38.2,B
2021-07-12T10:56:55,100.0,38.1,S
2021-07-12T10:56:48,1000.0,38.1,S
2021-07-12T10:56:37,1200.0,38.1,S
2021-07-12T10:56:36,2000.0,38.1,S
2021-07-12T10:56:31,200.0,38.2,B
2021-07-12T10:56:30,500.0,38.2,B
2021-07-12T10:56:24,1400.0,38.2,S
2021-07-12T10:56:13,200.0,38.2,B
2021-07-12T10:56:11,200.0,38.2,B
2021-07-12T10:55:54,100.0,38.2,B
2021-07-12T10:55:53,500.0,38.2,S
2021-07-12T10:55:52,300.0,38.2,S
2021-07-12T10:55:51,1000.0,38.2,S
2021-07-12T10:55:50,200.0,38.2,S
2021-07-12T10:55:33,1000.0,38.2,S
2021-07-12T10:55:29,1500.0,38.2,S
2021-07-12T10:55:23,10000.0,38.2,S
2021-07-12T10:55:17,1000.0,38.2,S
2021-07-12T10:55:11,200.0,38.2,S
2021-07-12T10:55:02,2500.0,38.5,B
2021-07-12T10:54:42,1500.0,38.1,S
2021-07-12T10:54:38,3000.0,38.1,S
2021-07-12T10:54:30,1000.0,38.5,B
2021-07-12T10:54:28,100.0,38.2,B
2021-07-12T10:54:25,700.0,38.2,B
2021-07-12T10:54:23,1000.0,38.5,B
2021-07-12T10:54:19,2200.0,38.4,S
2021-07-12T10:54:14,1000.0,38.5,B
2021-07-12T10:54:10,500.0,38.4,B
2021-07-12T10:54:10,5500.0,38.1,S
2021-07-12T10:54:09,20000.0,38.1,S
2021-07-12T10:53:59,100.0,38.4,B
2021-07-12T10:53:55,200.0,38.4,S
2021-07-12T10:53:49,27000.0,38.2,S
2021-07-12T10:53:37,2000.0,38.4,S
2021-07-12T10:53:33,100.0,38.5,B
2021-07-12T10:53:31,900.0,38.5,B
2021-07-12T10:53:24,400.0,38.5,B
2021-07-12T10:53:23,4800.0,38.5,S
2021-07-12T10:53:22,100.0,38.5,S
2021-07-12T10:53:17,1000.0,38.5,S
2021-07-12T10:53:15,100.0,38.5,S
2021-07-12T10:53:12,100.0,38.5,S
2021-07-12T10:53:12,3000.0,38.5,S
2021-07-12T10:53:10,200.0,38.5,S
2021-07-12T10:53:10,1500.0,38.5,S
2021-07-12T10:53:07,4600.0,38.5,S
2021-07-12T10:53:06,500.0,38.5,S
2021-07-12T10:53:02,5200.0,38.5,S
2021-07-12T10:52:57,500.0,38.5,S
2021-07-12T10:52:57,300.0,38.5,S
2021-07-12T10:52:49,2000.0,38.5,S
2021-07-12T10:52:47,900.0,38.5,S
2021-07-12T10:52:47,100.0,38.5,S
2021-07-12T10:52:46,1000.0,38.5,S
2021-07-12T10:52:33,500.0,38.5,S
2021-07-12T10:52:32,600.0,38.5,S
2021-07-12T10:52:31,5000.0,38.5,S
2021-07-12T10:52:29,1000.0,38.6,B
2021-07-12T10:52:29,1000.0,38.5,S
2021-07-12T10:52:28,2800.0,38.5,S
2021-07-12T10:52:27,1000.0,38.5,S
2021-07-12T10:52:22,1000.0,38.5,S
2021-07-12T10:52:17,400.0,38.5,S
2021-07-12T10:52:16,200.0,38.5,S
2021-07-12T10:52:15,1000.0,38.5,S
2021-07-12T10:52:14,1200.0,38.5,S
2021-07-12T10:52:09,700.0,38.5,S
2021-07-12T10:51:59,100.0,38.6,B
2021-07-12T10:51:58,500.0,38.5,S
2021-07-12T10:51:45,1000.0,38.5,S
2021-07-12T10:51:40,100.0,38.6,B
2021-07-12T10:51:37,1700.0,38.6,S
2021-07-12T10:51:32,700.0,38.6,S
2021-07-12T10:51:29,700.0,38.6,S
2021-07-12T10:51:26,5500.0,38.6,S
2021-07-12T10:51:20,500.0,38.6,S
2021-07-12T10:51:10,400.0,38.6,S
2021-07-12T10:50:45,1000.0,38.7,B
2021-07-12T10:50:43,1000.0,38.6,S
2021-07-12T10:50:42,400.0,38.6,S
2021-07-12T10:50:35,3000.0,38.6,S
2021-07-12T10:50:23,100.0,38.7,B
2021-07-12T10:50:08,100.0,38.7,B
2021-07-12T10:50:07,200.0,38.7,B
2021-07-12T10:50:06,100.0,38.7,B
2021-07-12T10:50:02,1200.0,38.6,S
2021-07-12T10:50:01,100.0,38.7,B
2021-07-12T10:49:59,300.0,38.6,S
2021-07-12T10:49:55,100.0,38.6,S
2021-07-12T10:49:53,2000.0,38.7,B
2021-07-12T10:49:47,1000.0,38.6,S
2021-07-12T10:49:43,200.0,38.7,B
2021-07-12T10:49:42,500.0,38.6,S
2021-07-12T10:49:42,500.0,38.6,S
2021-07-12T10:49:36,100.0,38.6,S
2021-07-12T10:49:33,1700.0,38.7,B
2021-07-12T10:49:28,2400.0,38.7,B
2021-07-12T10:49:17,1000.0,38.6,S
2021-07-12T10:49:11,1000.0,38.7,S
2021-07-12T10:49:08,500.0,38.7,S
2021-07-12T10:49:02,1000.0,38.7,S
2021-07-12T10:48:59,100.0,38.7,S
2021-07-12T10:48:58,500.0,38.7,S
2021-07-12T10:48:56,1100.0,38.7,S
2021-07-12T10:48:55,3500.0,38.7,S
2021-07-12T10:48:52,400.0,38.7,S
2021-07-12T10:48:49,200.0,38.7,S
2021-07-12T10:48:46,500.0,38.7,S
2021-07-12T10:48:33,200.0,38.7,S
2021-07-12T10:48:32,1000.0,38.7,S
2021-07-12T10:48:31,500.0,38.7,S
2021-07-12T10:48:28,3300.0,38.7,B
2021-07-12T10:48:18,100.0,38.7,B
2021-07-12T10:48:10,500.0,38.7,B
2021-07-12T10:47:58,1800.0,38.7,B
2021-07-12T10:47:57,1000.0,38.7,B
2021-07-12T10:47:52,1200.0,38.6,S
2021-07-12T10:47:46,100.0,38.7,B
2021-07-12T10:47:44,1000.0,38.7,B
2021-07-12T10:47:41,2100.0,38.6,S
2021-07-12T10:47:37,200.0,38.6,S
2021-07-12T10:47:32,500.0,38.7,B
2021-07-12T10:47:27,1000.0,38.7,B
2021-07-12T10:47:21,2000.0,38.7,B
2021-07-12T10:47:12,700.0,38.7,B
2021-07-12T10:47:06,2000.0,38.6,S
2021-07-12T10:46:51,3100.0,38.7,B
2021-07-12T10:46:45,100.0,38.6,S
2021-07-12T10:46:35,100.0,38.7,B
2021-07-12T10:46:31,700.0,38.6,S
2021-07-12T10:46:29,100.0,38.7,B
2021-07-12T10:46:27,400.0,38.6,S
2021-07-12T10:46:27,3500.0,38.7,B
2021-07-12T10:46:21,1000.0,38.6,S
2021-07-12T10:46:09,100.0,38.7,B
2021-07-12T10:46:01,1000.0,38.7,B
2021-07-12T10:45:54,900.0,38.7,S
2021-07-12T10:45:50,500.0,38.7,S
2021-07-12T10:45:44,1000.0,38.7,S
2021-07-12T10:45:41,1200.0,38.7,S
2021-07-12T10:45:39,100.0,38.7,S
2021-07-12T10:45:38,2000.0,38.7,S
2021-07-12T10:45:38,500.0,38.8,B
2021-07-12T10:45:35,1000.0,38.7,S
2021-07-12T10:45:31,100.0,38.7,S
2021-07-12T10:45:30,200.0,38.7,S
2021-07-12T10:45:30,500.0,38.7,S
2021-07-12T10:45:20,5000.0,38.7,S
2021-07-12T10:45:13,1500.0,38.7,S
2021-07-12T10:45:12,100.0,38.8,B
2021-07-12T10:45:10,600.0,38.7,S
2021-07-12T10:45:05,3000.0,38.7,S
2021-07-12T10:45:03,100.0,38.7,S
2021-07-12T10:44:56,1000.0,38.7,S
2021-07-12T10:44:51,100.0,38.7,S
2021-07-12T10:44:50,1700.0,38.8,B
2021-07-12T10:44:46,100.0,38.7,S
2021-07-12T10:44:43,100.0,38.7,S
2021-07-12T10:44:43,3000.0,38.8,B
2021-07-12T10:44:40,200.0,38.8,B
2021-07-12T10:44:39,200.0,38.8,B
2021-07-12T10:44:38,100.0,38.7,S
2021-07-12T10:44:27,700.0,38.8,B
2021-07-12T10:44:22,200.0,38.7,S
2021-07-12T10:44:10,100.0,38.8,B
2021-07-12T10:44:07,200.0,38.7,S
2021-07-12T10:44:05,300.0,38.7,S
2021-07-12T10:44:02,1000.0,38.7,S
2021-07-12T10:43:59,400.0,38.7,S
2021-07-12T10:43:57,200.0,38.7,S
2021-07-12T10:43:55,100.0,38.7,S
2021-07-12T10:43:53,300.0,38.8,B
2021-07-12T10:43:51,2000.0,38.7,S
2021-07-12T10:43:45,100.0,38.7,S
2021-07-12T10:43:29,1200.0,38.7,S
2021-07-12T10:43:27,3300.0,38.7,B
2021-07-12T10:43:26,500.0,38.6,S
2021-07-12T10:43:23,1900.0,38.7,B
2021-07-12T10:43:18,300.0,38.6,S
2021-07-12T10:43:17,100.0,38.6,S
2021-07-12T10:43:16,2000.0,38.6,S
2021-07-12T10:43:12,3500.0,38.6,S
2021-07-12T10:43:12,1100.0,38.6,B
2021-07-12T10:43:11,500.0,38.6,B
2021-07-12T10:43:05,100.0,38.6,B
2021-07-12T10:42:56,300.0,38.5,S
2021-07-12T10:42:50,200.0,38.6,B
2021-07-12T10:42:43,500.0,38.5,S
2021-07-12T10:42:42,5300.0,38.6,B
2021-07-12T10:42:40,500.0,38.5,S
2021-07-12T10:42:35,2300.0,38.5,B
2021-07-12T10:42:33,1000.0,38.5,B
2021-07-12T10:42:31,100.0,38.4,S
2021-07-12T10:42:28,100.0,38.5,B
2021-07-12T10:42:26,21700.0,38.5,B
2021-07-12T10:42:24,2600.0,38.5,B
2021-07-12T10:42:22,100.0,38.5,B
2021-07-12T10:42:21,100.0,38.5,B
2021-07-12T10:42:18,1000.0,38.5,B
2021-07-12T10:42:11,1000.0,38.5,B
2021-07-12T10:42:07,200.0,38.5,B
2021-07-12T10:42:05,700.0,38.5,B
2021-07-12T10:42:02,300.0,38.5,B
2021-07-12T10:41:58,200.0,38.5,B
2021-07-12T10:41:55,500.0,38.5,B
2021-07-12T10:41:53,300.0,38.5,B
2021-07-12T10:41:50,400.0,38.5,B
2021-07-12T10:41:47,19000.0,38.5,B
2021-07-12T10:41:47,400.0,38.5,B
2021-07-12T10:41:46,200.0,38.5,B
2021-07-12T10:41:44,400.0,38.4,S
2021-07-12T10:41:42,2000.0,38.5,B
2021-07-12T10:41:42,500.0,38.5,B
2021-07-12T10:41:38,1200.0,38.4,S
2021-07-12T10:41:32,100.0,38.5,B
2021-07-12T10:41:29,1000.0,38.4,S
2021-07-12T10:41:27,400.0,38.4,S
2021-07-12T10:41:26,100.0,38.5,B
2021-07-12T10:41:20,5300.0,38.4,S
2021-07-12T10:41:18,1500.0,38.4,S
2021-07-12T10:41:15,1000.0,38.4,S
2021-07-12T10:41:03,400.0,38.4,B
2021-07-12T10:41:02,100.0,38.4,B
2021-07-12T10:40:58,1400.0,38.4,B
2021-07-12T10:40:57,1000.0,38.3,S
2021-07-12T10:40:55,3200.0,38.4,B
2021-07-12T10:40:55,400.0,38.4,B
2021-07-12T10:40:50,100.0,38.4,B
2021-07-12T10:40:40,200.0,38.4,B
2021-07-12T10:40:39,7300.0,38.3,B
2021-07-12T10:40:38,1000.0,38.3,B
2021-07-12T10:40:36,1300.0,38.3,B
2021-07-12T10:40:35,500.0,38.2,S
2021-07-12T10:40:34,500.0,38.3,B
2021-07-12T10:40:30,500.0,38.3,B
2021-07-12T10:40:27,300.0,38.2,S
2021-07-12T10:40:21,100.0,38.2,S
2021-07-12T10:40:20,100.0,38.3,B
2021-07-12T10:40:07,300.0,38.2,S
2021-07-12T10:40:07,400.0,38.2,S
2021-07-12T10:40:03,1200.0,38.2,S
2021-07-12T10:39:58,100.0,38.2,S
2021-07-12T10:39:53,400.0,38.2,B
2021-07-12T10:39:51,1700.0,38.2,B
2021-07-12T10:39:50,6000.0,38.2,B
2021-07-12T10:39:46,100.0,38.2,B
2021-07-12T10:39:42,100.0,38.2,B
2021-07-12T10:39:41,2000.0,38.2,B
2021-07-12T10:39:37,800.0,38.1,S
2021-07-12T10:39:36,200.0,38.2,B
2021-07-12T10:39:35,600.0,38.1,S
2021-07-12T10:39:33,300.0,38.2,B
2021-07-12T10:39:32,10000.0,38.2,B
2021-07-12T10:39:30,1100.0,38.2,B
2021-07-12T10:39:28,1000.0,38.2,B
2021-07-12T10:39:26,400.0,38.1,S
2021-07-12T10:39:19,5000.0,38.1,S
2021-07-12T10:39:15,18000.0,38.1,S
2021-07-12T10:39:12,100.0,38.1,S
2021-07-12T10:39:09,7900.0,38.1,B
2021-07-12T10:39:07,1500.0,38.1,B
2021-07-12T10:39:07,500.0,38.1,B
2021-07-12T10:39:06,1200.0,38.0,S
2021-07-12T10:39:05,200.0,38.1,B
2021-07-12T10:39:02,1200.0,38.1,B
2021-07-12T10:39:01,2000.0,38.1,B
2021-07-12T10:39:00,500.0,38.1,B
2021-07-12T10:39:00,200.0,38.1,B
2021-07-12T10:38:59,100.0,38.1,B
2021-07-12T10:38:58,2000.0,38.1,B
2021-07-12T10:38:57,100.0,38.1,B
2021-07-12T10:38:56,100.0,38.1,B
2021-07-12T10:38:56,200.0,38.1,B
2021-07-12T10:38:56,1100.0,38.1,B
2021-07-12T10:38:50,500.0,38.1,B
2021-07-12T10:38:50,100.0,38.1,B
2021-07-12T10:38:48,2000.0,38.1,B
2021-07-12T10:38:40,500.0,38.1,B
2021-07-12T10:38:35,10000.0,38.0,S
2021-07-12T10:38:34,1600.0,38.1,B
2021-07-12T10:38:32,4400.0,38.1,B
2021-07-12T10:38:31,1000.0,38.1,B
2021-07-12T10:38:28,200.0,38.1,B
2021-07-12T10:38:25,200.0,38.1,B
2021-07-12T10:38:25,100.0,38.1,B
2021-07-12T10:38:24,3000.0,38.1,B
2021-07-12T10:38:24,24000.0,38.0,S
2021-07-12T10:38:22,100.0,38.0,S
2021-07-12T10:38:18,100.0,38.1,B
2021-07-12T10:38:18,1000.0,38.1,B
2021-07-12T10:38:17,200.0,38.1,B
2021-07-12T10:38:15,400.0,38.0,S
2021-07-12T10:38:10,1300.0,38.0,S
2021-07-12T10:38:08,1000.0,38.1,B
2021-07-12T10:38:07,100.0,38.1,B
2021-07-12T10:38:05,1000.0,38.1,B
2021-07-12T10:38:01,1000.0,38.0,S
2021-07-12T10:38:00,600.0,38.0,S
2021-07-12T10:37:59,200.0,38.1,B
2021-07-12T10:37:58,100.0,38.1,B
2021-07-12T10:37:57,300.0,38.0,S
2021-07-12T10:37:50,100.0,38.0,S
2021-07-12T10:37:50,1300.0,38.0,S
2021-07-12T10:37:48,10000.0,38.0,S
2021-07-12T10:37:47,1000.0,38.0,S
2021-07-12T10:37:46,500.0,38.1,B
2021-07-12T10:37:44,100.0,38.0,S
2021-07-12T10:37:43,700.0,38.0,S
2021-07-12T10:37:43,1300.0,38.0,S
2021-07-12T10:37:42,1200.0,38.0,S
2021-07-12T10:37:41,500.0,38.0,S
2021-07-12T10:37:40,1000.0,38.1,B
2021-07-12T10:37:38,100.0,38.0,S
2021-07-12T10:37:37,200.0,38.1,B
2021-07-12T10:37:32,200.0,38.0,S
2021-07-12T10:37:31,500.0,38.0,S
2021-07-12T10:37:29,100.0,38.0,S
2021-07-12T10:37:27,5000.0,38.1,B
2021-07-12T10:37:26,800.0,38.0,S
2021-07-12T10:37:20,3000.0,38.0,S
2021-07-12T10:37:20,1000.0,38.0,S
2021-07-12T10:37:18,2600.0,38.1,B
2021-07-12T10:37:15,1000.0,38.1,B
2021-07-12T10:37:11,300.0,38.1,B
2021-07-12T10:37:10,1000.0,38.0,S
2021-07-12T10:37:02,2400.0,38.0,S
2021-07-12T10:37:02,1600.0,38.0,S
2021-07-12T10:37:01,400.0,38.0,S
2021-07-12T10:36:57,1000.0,38.0,S
2021-07-12T10:36:56,1200.0,38.0,S
2021-07-12T10:36:54,4000.0,38.0,S
2021-07-12T10:36:49,500.0,38.1,B
2021-07-12T10:36:44,800.0,38.0,S
2021-07-12T10:36:40,1200.0,38.0,S
2021-07-12T10:36:39,100.0,38.1,B
2021-07-12T10:36:38,1000.0,38.0,S
2021-07-12T10:36:36,2000.0,38.0,S
2021-07-12T10:36:33,3000.0,38.0,S
2021-07-12T10:36:32,2500.0,38.0,S
2021-07-12T10:36:31,1100.0,38.0,S
2021-07-12T10:36:30,2000.0,38.0,S
2021-07-12T10:36:29,4100.0,38.0,S
2021-07-12T10:36:28,5000.0,37.9,S
2021-07-12T10:36:27,1400.0,38.0,S
2021-07-12T10:36:27,800.0,38.0,S
2021-07-12T10:36:25,400.0,38.0,S
2021-07-12T10:36:24,800.0,38.0,S
2021-07-12T10:36:22,500.0,38.0,S
2021-07-12T10:36:20,100.0,38.0,S
2021-07-12T10:36:19,200.0,37.9,S
2021-07-12T10:36:19,3000.0,37.9,S
2021-07-12T10:36:18,18300.0,38.0,B
2021-07-12T10:36:17,100.0,38.0,B
2021-07-12T10:36:16,200.0,37.9,S
2021-07-12T10:36:15,200.0,38.0,B
2021-07-12T10:36:12,100.0,37.9,S
2021-07-12T10:36:10,200.0,38.0,B
2021-07-12T10:36:08,1200.0,38.0,B
2021-07-12T10:36:07,100.0,38.0,B
2021-07-12T10:36:06,100.0,38.0,B
2021-07-12T10:36:05,500.0,38.0,B
2021-07-12T10:36:04,200.0,38.0,B
2021-07-12T10:36:03,3000.0,38.0,B
2021-07-12T10:35:57,100.0,38.0,B
2021-07-12T10:35:55,1500.0,38.0,S
2021-07-12T10:35:54,1100.0,38.0,S
2021-07-12T10:35:53,1200.0,38.0,B
2021-07-12T10:35:52,200.0,37.9,S
2021-07-12T10:35:51,200.0,38.0,B
2021-07-12T10:35:50,600.0,38.0,B
2021-07-12T10:35:49,1500.0,38.0,B
2021-07-12T10:35:45,100.0,37.9,S
2021-07-12T10:35:44,1000.0,37.9,S
2021-07-12T10:35:43,400.0,38.0,B
2021-07-12T10:35:42,700.0,38.0,B
2021-07-12T10:35:39,1000.0,38.0,B
2021-07-12T10:35:37,200.0,38.0,B
2021-07-12T10:35:35,2000.0,38.0,B
2021-07-12T10:35:30,4000.0,37.9,S
2021-07-12T10:35:28,100.0,38.0,B
2021-07-12T10:35:26,100.0,38.0,B
2021-07-12T10:35:25,44000.0,38.0,B
2021-07-12T10:35:24,100.0,38.0,B
2021-07-12T10:35:23,3000.0,37.9,S
2021-07-12T10:35:22,900.0,38.0,B
2021-07-12T10:35:21,300.0,38.0,B
2021-07-12T10:35:17,100.0,38.0,B
2021-07-12T10:35:16,100.0,38.0,B
2021-07-12T10:35:12,100.0,38.0,B
2021-07-12T10:35:11,2400.0,38.0,B
2021-07-12T10:35:11,100.0,38.0,B
2021-07-12T10:35:09,300.0,38.0,B
2021-07-12T10:35:09,1000.0,38.0,B
2021-07-12T10:35:08,4200.0,38.0,S
2021-07-12T10:35:07,5000.0,38.0,S
2021-07-12T10:35:05,18000.0,38.0,S
2021-07-12T10:35:00,2000.0,38.0,S
2021-07-12T10:34:58,1300.0,38.0,S
2021-07-12T10:34:58,1000.0,38.0,S
2021-07-12T10:34:57,40200.0,38.0,S
2021-07-12T10:34:57,200.0,38.0,S
2021-07-12T10:34:53,5500.0,38.0,S
2021-07-12T10:34:51,1000.0,38.1,S
2021-07-12T10:34:49,700.0,38.1,S
2021-07-12T10:34:49,1000.0,38.0,S
2021-07-12T10:34:47,1000.0,38.0,S
2021-07-12T10:34:46,30800.0,38.0,S
2021-07-12T10:34:46,900.0,38.0,S
2021-07-12T10:34:44,1200.0,38.0,S
2021-07-12T10:34:44,10000.0,38.0,S
2021-07-12T10:34:43,2000.0,38.0,S
2021-07-12T10:34:41,3000.0,38.0,S
2021-07-12T10:34:40,1700.0,38.0,S
2021-07-12T10:34:39,100.0,38.0,S
2021-07-12T10:34:36,100.0,38.0,S
2021-07-12T10:34:34,3000.0,38.0,S
2021-07-12T10:34:34,100.0,38.2,B
2021-07-12T10:34:33,7000.0,38.0,S
2021-07-12T10:34:32,600.0,38.0,S
2021-07-12T10:34:31,3600.0,38.0,S
2021-07-12T10:34:29,500.0,38.0,S
2021-07-12T10:34:27,1000.0,38.0,S
2021-07-12T10:34:26,300.0,38.0,S
2021-07-12T10:34:22,1000.0,38.0,S
2021-07-12T10:34:19,5000.0,38.0,S
2021-07-12T10:34:17,1000.0,38.0,S
2021-07-12T10:34:15,6000.0,38.0,S
2021-07-12T10:34:14,7100.0,38.1,B
2021-07-12T10:34:13,200.0,38.0,S
2021-07-12T10:34:12,300.0,38.0,S
2021-07-12T10:34:11,300.0,38.0,S
2021-07-12T10:34:10,1100.0,38.0,S
2021-07-12T10:34:07,500.0,38.0,S
2021-07-12T10:34:06,1000.0,38.0,S
2021-07-12T10:34:02,1900.0,38.0,S
2021-07-12T10:34:01,500.0,38.2,B
2021-07-12T10:34:00,300.0,38.0,S
2021-07-12T10:33:59,500.0,38.0,S
2021-07-12T10:33:58,300.0,38.0,S
2021-07-12T10:33:58,2000.0,38.1,S
2021-07-12T10:33:56,4900.0,38.1,S
2021-07-12T10:33:56,500.0,38.0,S
2021-07-12T10:33:55,200.0,38.0,S
2021-07-12T10:33:54,100.0,38.0,S
2021-07-12T10:33:54,500.0,38.0,S
2021-07-12T10:33:52,400.0,38.0,S
2021-07-12T10:33:51,500.0,38.0,S
2021-07-12T10:33:50,3000.0,38.0,S
2021-07-12T10:33:49,500.0,38.1,B
2021-07-12T10:33:47,6600.0,38.0,S
2021-07-12T10:33:45,5000.0,38.0,S
2021-07-12T10:33:44,2000.0,38.0,S
2021-07-12T10:33:40,35000.0,38.0,S
2021-07-12T10:33:40,300.0,38.1,S
2021-07-12T10:33:39,2700.0,38.1,S
2021-07-12T10:33:39,100.0,38.1,B
2021-07-12T10:33:37,1000.0,38.0,S
2021-07-12T10:33:37,200.0,38.0,S
2021-07-12T10:33:36,1500.0,38.0,S
2021-07-12T10:33:35,300.0,38.0,S
2021-07-12T10:33:33,200.0,38.0,S
2021-07-12T10:33:32,2900.0,38.0,S
2021-07-12T10:33:31,200.0,38.1,B
2021-07-12T10:33:30,1500.0,38.0,S
2021-07-12T10:33:29,100.0,38.0,S
2021-07-12T10:33:26,1000.0,38.0,S
2021-07-12T10:33:26,7400.0,38.0,S
2021-07-12T10:33:25,700.0,38.0,S
2021-07-12T10:33:24,600.0,38.0,S
2021-07-12T10:33:21,5000.0,38.0,S
2021-07-12T10:33:20,26000.0,38.0,S
2021-07-12T10:33:20,12000.0,38.2,B
2021-07-12T10:33:19,1100.0,38.0,S
2021-07-12T10:33:16,200.0,38.0,S
2021-07-12T10:33:15,100.0,38.1,B
2021-07-12T10:33:14,200.0,38.0,S
2021-07-12T10:33:11,100.0,38.1,B
2021-07-12T10:33:10,7300.0,38.0,S
2021-07-12T10:33:09,2000.0,38.0,S
2021-07-12T10:33:07,3000.0,38.0,S
2021-07-12T10:33:06,5000.0,38.0,S
2021-07-12T10:33:04,500.0,38.0,S
2021-07-12T10:33:02,6000.0,38.0,S
2021-07-12T10:33:00,21500.0,38.0,S
2021-07-12T10:32:59,5200.0,38.0,S
2021-07-12T10:32:58,7600.0,38.0,S
2021-07-12T10:32:57,1000.0,38.0,S
2021-07-12T10:32:56,2000.0,38.0,S
2021-07-12T10:32:55,4500.0,38.0,S
2021-07-12T10:32:53,1800.0,38.0,S
2021-07-12T10:32:52,4400.0,38.0,S
2021-07-12T10:32:52,10000.0,38.0,S
2021-07-12T10:32:51,10500.0,38.0,S
2021-07-12T10:32:49,20600.0,38.0,S
2021-07-12T10:32:49,3000.0,38.0,S
2021-07-12T10:32:48,500.0,38.0,S
2021-07-12T10:32:47,1200.0,38.0,S
2021-07-12T10:32:46,2000.0,38.0,S
2021-07-12T10:32:45,1500.0,38.0,S
2021-07-12T10:32:44,1000.0,38.0,S
2021-07-12T10:32:44,5000.0,38.0,S
2021-07-12T10:32:43,4000.0,38.0,S
2021-07-12T10:32:43,400.0,38.1,B
2021-07-12T10:32:42,700.0,38.0,S
2021-07-12T10:32:41,100.0,38.1,B
2021-07-12T10:32:39,200.0,38.0,S
2021-07-12T10:32:38,7000.0,38.0,S
2021-07-12T10:32:38,19000.0,38.0,S
2021-07-12T10:32:34,42400.0,38.0,S
2021-07-12T10:32:34,12800.0,38.0,S
2021-07-12T10:32:31,3000.0,38.0,S
2021-07-12T10:32:29,300.0,38.0,S
2021-07-12T10:32:29,1000.0,38.0,S
2021-07-12T10:32:28,1000.0,38.0,S
2021-07-12T10:32:27,1800.0,38.0,S
2021-07-12T10:32:23,4000.0,38.0,S
2021-07-12T10:32:23,100.0,38.0,S
2021-07-12T10:32:21,800.0,38.0,S
2021-07-12T10:32:21,200.0,38.0,S
2021-07-12T10:32:19,300.0,38.0,S
2021-07-12T10:32:17,4700.0,38.0,S
2021-07-12T10:32:17,500.0,38.1,B
2021-07-12T10:32:14,2000.0,38.0,S
2021-07-12T10:32:13,31400.0,38.0,S
2021-07-12T10:32:11,3300.0,38.0,S
2021-07-12T10:32:09,16400.0,38.0,S
2021-07-12T10:32:08,10000.0,38.0,S
2021-07-12T10:32:08,4600.0,38.0,S
2021-07-12T10:32:07,400.0,38.0,S
2021-07-12T10:32:05,200.0,38.1,B
2021-07-12T10:32:02,20000.0,38.0,S
2021-07-12T10:31:59,3500.0,38.0,S
2021-07-12T10:31:58,500.0,38.0,S
2021-07-12T10:31:57,1000.0,38.0,S
2021-07-12T10:31:53,200.0,38.0,S
2021-07-12T10:31:48,10000.0,38.0,S
2021-07-12T10:31:47,1000.0,38.1,B
2021-07-12T10:31:46,100.0,38.1,B
2021-07-12T10:31:46,8800.0,38.1,S
2021-07-12T10:31:44,400.0,38.1,S
2021-07-12T10:31:42,100.0,38.1,S
2021-07-12T10:31:40,1500.0,38.1,S
2021-07-12T10:31:40,3000.0,38.1,S
2021-07-12T10:31:39,1000.0,38.2,B
2021-07-12T10:31:39,100.0,38.1,S
2021-07-12T10:31:38,7000.0,38.1,S
2021-07-12T10:31:35,1200.0,38.1,S
2021-07-12T10:31:34,20400.0,38.1,S
2021-07-12T10:31:33,100.0,38.1,S
2021-07-12T10:31:32,500.0,38.1,S
2021-07-12T10:31:29,300.0,38.2,B
2021-07-12T10:31:28,500.0,38.1,S
2021-07-12T10:31:27,5000.0,38.1,S
2021-07-12T10:31:26,200.0,38.2,B
2021-07-12T10:31:25,4100.0,38.1,S
2021-07-12T10:31:24,2800.0,38.1,S
2021-07-12T10:31:24,3300.0,38.1,S
2021-07-12T10:31:23,100.0,38.2,B
2021-07-12T10:31:21,1200.0,38.2,B
2021-07-12T10:31:20,100.0,38.2,B
2021-07-12T10:31:16,3000.0,38.1,S
2021-07-12T10:31:14,500.0,38.2,B
2021-07-12T10:31:12,1000.0,38.1,S
2021-07-12T10:31:06,17600.0,38.2,S
2021-07-12T10:31:06,3000.0,38.2,S
2021-07-12T10:31:05,2000.0,38.2,S
2021-07-12T10:31:01,7200.0,38.2,S
2021-07-12T10:31:00,2000.0,38.2,S
2021-07-12T10:30:57,800.0,38.2,S
2021-07-12T10:30:55,200.0,38.2,S
2021-07-12T10:30:55,10000.0,38.2,S
2021-07-12T10:30:54,500.0,38.2,S
2021-07-12T10:30:52,100.0,38.2,S
2021-07-12T10:30:52,500.0,38.2,S
2021-07-12T10:30:51,1000.0,38.2,S
2021-07-12T10:30:50,5000.0,38.2,S
2021-07-12T10:30:43,700.0,38.2,S
2021-07-12T10:30:42,400.0,38.2,S
2021-07-12T10:30:38,1000.0,38.3,B
2021-07-12T10:30:37,300.0,38.2,S
2021-07-12T10:30:35,200.0,38.3,B
2021-07-12T10:30:34,1200.0,38.3,S
2021-07-12T10:30:33,10000.0,38.2,S
2021-07-12T10:30:32,2500.0,38.3,S
2021-07-12T10:30:32,10000.0,38.3,S
2021-07-12T10:30:28,1400.0,38.3,S
2021-07-12T10:30:26,2000.0,38.3,S
2021-07-12T10:30:25,500.0,38.3,S
2021-07-12T10:30:24,2000.0,38.3,S
2021-07-12T10:30:23,100.0,38.3,S
2021-07-12T10:30:21,2800.0,38.3,S
2021-07-12T10:30:21,500.0,38.4,B
2021-07-12T10:30:17,900.0,38.3,S
2021-07-12T10:30:15,700.0,38.3,S
2021-07-12T10:30:15,4600.0,38.3,S
2021-07-12T10:30:13,1000.0,38.3,S
2021-07-12T10:30:12,2000.0,38.3,S
2021-07-12T10:30:08,2000.0,38.3,S
2021-07-12T10:30:07,400.0,38.3,S
2021-07-12T10:30:06,200.0,38.3,S
2021-07-12T10:30:05,8000.0,38.3,S
2021-07-12T10:30:04,1500.0,38.3,S
2021-07-12T10:29:59,11200.0,38.3,S
2021-07-12T10:29:58,400.0,38.3,S
2021-07-12T10:29:57,2000.0,38.3,S
2021-07-12T10:29:55,200.0,38.3,S
2021-07-12T10:29:53,1100.0,38.4,B
2021-07-12T10:29:52,600.0,38.3,S
2021-07-12T10:29:51,3000.0,38.3,S
2021-07-12T10:29:50,700.0,38.3,S
2021-07-12T10:29:49,5000.0,38.3,S
2021-07-12T10:29:44,200.0,38.3,S
2021-07-12T10:29:43,400.0,38.3,S
2021-07-12T10:29:41,1300.0,38.4,B
2021-07-12T10:29:41,1500.0,38.3,S
2021-07-12T10:29:39,2300.0,38.4,B
2021-07-12T10:29:35,100.0,38.3,S
2021-07-12T10:29:32,10100.0,38.3,S
2021-07-12T10:29:31,200.0,38.4,B
2021-07-12T10:29:26,1000.0,38.3,S
2021-07-12T10:29:20,4500.0,38.4,S
2021-07-12T10:29:20,1000.0,38.4,S
2021-07-12T10:29:19,2700.0,38.4,S
2021-07-12T10:29:18,2000.0,38.4,S
2021-07-12T10:29:16,100.0,38.4,S
2021-07-12T10:29:15,6000.0,38.4,S
2021-07-12T10:29:14,500.0,38.4,S
2021-07-12T10:29:10,1000.0,38.4,S
2021-07-12T10:29:08,900.0,38.4,S
2021-07-12T10:29:07,1000.0,38.4,S
2021-07-12T10:29:05,2900.0,38.4,S
2021-07-12T10:29:03,400.0,38.4,S
2021-07-12T10:29:03,100.0,38.4,S
2021-07-12T10:29:01,3000.0,38.4,S
2021-07-12T10:28:59,2100.0,38.4,S
2021-07-12T10:28:55,200.0,38.5,B
2021-07-12T10:28:55,30000.0,38.4,S
2021-07-12T10:28:50,600.0,38.4,S
2021-07-12T10:28:49,100.0,38.5,B
2021-07-12T10:28:48,1000.0,38.4,S
2021-07-12T10:28:43,300.0,38.5,B
2021-07-12T10:28:38,100.0,38.5,B
2021-07-12T10:28:37,3500.0,38.5,S
2021-07-12T10:28:35,5000.0,38.5,S
2021-07-12T10:28:31,200.0,38.5,S
2021-07-12T10:28:27,6000.0,38.5,S
2021-07-12T10:28:26,1500.0,38.5,S
2021-07-12T10:28:18,1500.0,38.5,S
2021-07-12T10:28:16,40000.0,38.5,S
2021-07-12T10:28:12,1000.0,38.6,B
2021-07-12T10:28:11,100.0,38.6,B
2021-07-12T10:28:10,1200.0,38.5,S
2021-07-12T10:28:09,700.0,38.6,S
2021-07-12T10:28:01,500.0,38.6,S
2021-07-12T10:27:59,100.0,38.6,S
2021-07-12T10:27:56,1000.0,38.6,S
2021-07-12T10:27:46,300.0,38.6,S
2021-07-12T10:27:42,2900.0,38.6,B
2021-07-12T10:27:39,1000.0,38.6,B
2021-07-12T10:27:37,400.0,38.5,S
2021-07-12T10:27:35,3000.0,38.6,B
2021-07-12T10:27:31,100.0,38.6,B
2021-07-12T10:27:30,2000.0,38.6,B
2021-07-12T10:27:28,50000.0,38.5,S
2021-07-12T10:27:21,2400.0,38.6,S
2021-07-12T10:27:20,1000.0,38.6,S
2021-07-12T10:27:18,600.0,38.7,B
2021-07-12T10:27:16,50000.0,38.6,S
2021-07-12T10:27:15,3000.0,38.7,B
2021-07-12T10:27:09,4700.0,38.6,S
2021-07-12T10:27:07,100.0,38.6,S
2021-07-12T10:27:03,500.0,38.7,B
2021-07-12T10:26:59,100.0,38.7,B
2021-07-12T10:26:57,100.0,38.6,S
2021-07-12T10:26:50,100.0,38.7,B
2021-07-12T10:26:46,200.0,38.6,S
2021-07-12T10:26:42,500.0,38.7,B
2021-07-12T10:26:40,800.0,38.6,S
2021-07-12T10:26:39,200.0,38.7,S
2021-07-12T10:26:39,100.0,38.7,S
2021-07-12T10:26:37,500.0,38.6,S
2021-07-12T10:26:32,10000.0,38.6,S
2021-07-12T10:26:29,200.0,38.7,B
2021-07-12T10:26:28,600.0,38.7,B
2021-07-12T10:26:13,4100.0,38.7,B
2021-07-12T10:26:07,1800.0,38.7,S
2021-07-12T10:26:00,3000.0,38.7,S
2021-07-12T10:26:00,1100.0,38.7,S
2021-07-12T10:25:56,500.0,38.8,B
2021-07-12T10:25:45,1000.0,38.7,S
2021-07-12T10:25:35,500.0,38.8,B
2021-07-12T10:25:34,20000.0,38.7,S
2021-07-12T10:25:26,200.0,38.8,B
2021-07-12T10:25:23,500.0,38.8,B
2021-07-12T10:25:21,2000.0,38.8,B
2021-07-12T10:25:17,500.0,38.7,S
2021-07-12T10:25:16,400.0,38.7,S
2021-07-12T10:25:06,1000.0,38.8,B
2021-07-12T10:25:02,200.0,38.8,B
2021-07-12T10:24:50,100.0,38.8,B
2021-07-12T10:24:47,300.0,38.8,B
2021-07-12T10:24:21,10000.0,38.8,B
2021-07-12T10:24:02,500.0,38.7,S
2021-07-12T10:23:53,300.0,38.7,S
2021-07-12T10:23:49,1100.0,38.7,S
2021-07-12T10:23:46,1000.0,38.7,S
2021-07-12T10:23:43,500.0,38.7,S
2021-07-12T10:23:41,200.0,38.8,B
2021-07-12T10:23:39,100.0,38.7,S
2021-07-12T10:23:37,1000.0,38.7,S
2021-07-12T10:23:34,1000.0,38.7,S
2021-07-12T10:23:29,1000.0,38.8,B
2021-07-12T10:23:27,1000.0,38.7,S
2021-07-12T10:23:19,1200.0,38.7,S
2021-07-12T10:23:18,100.0,38.8,B
2021-07-12T10:23:04,700.0,38.7,B
2021-07-12T10:23:04,400.0,38.7,B
2021-07-12T10:23:03,100.0,38.7,B
2021-07-12T10:23:03,200.0,38.7,B
2021-07-12T10:23:02,2000.0,38.7,B
2021-07-12T10:23:01,100.0,38.7,B
2021-07-12T10:22:59,5000.0,38.7,B
2021-07-12T10:22:59,100.0,38.7,B
2021-07-12T10:22:57,2000.0,38.7,B
2021-07-12T10:22:56,100.0,38.7,B
2021-07-12T10:22:54,300.0,38.6,S
2021-07-12T10:22:52,500.0,38.7,B
2021-07-12T10:22:46,2000.0,38.7,B
2021-07-12T10:22:37,200.0,38.7,B
2021-07-12T10:22:36,400.0,38.7,B
2021-07-12T10:22:18,1000.0,38.7,B
2021-07-12T10:22:12,19800.0,38.6,B
2021-07-12T10:22:08,10000.0,38.6,B
2021-07-12T10:22:08,1000.0,38.5,S
2021-07-12T10:22:02,1000.0,38.5,S
2021-07-12T10:22:00,500.0,38.6,B
2021-07-12T10:21:58,200.0,38.6,B
2021-07-12T10:21:54,300.0,38.6,B
2021-07-12T10:21:54,100.0,38.6,B
2021-07-12T10:21:53,3000.0,38.6,B
2021-07-12T10:21:53,100.0,38.6,B
2021-07-12T10:21:52,700.0,38.6,B
2021-07-12T10:21:49,100.0,38.6,B
2021-07-12T10:21:49,100.0,38.6,B
2021-07-12T10:21:46,100.0,38.6,B
2021-07-12T10:21:41,200.0,38.6,B
2021-07-12T10:21:39,100.0,38.6,B
2021-07-12T10:21:37,1100.0,38.5,S
2021-07-12T10:21:30,300.0,38.6,B
2021-07-12T10:21:28,100.0,38.5,S
2021-07-12T10:21:25,100.0,38.6,B
2021-07-12T10:21:24,200.0,38.6,B
2021-07-12T10:21:22,1000.0,38.6,B
2021-07-12T10:21:18,100.0,38.6,B
2021-07-12T10:21:16,100.0,38.6,B
2021-07-12T10:21:12,100.0,38.5,S
2021-07-12T10:21:04,1000.0,38.6,B
2021-07-12T10:21:00,5000.0,38.6,B
2021-07-12T10:20:56,1000.0,38.6,B
2021-07-12T10:20:55,100.0,38.6,B
2021-07-12T10:20:51,200.0,38.6,B
2021-07-12T10:20:49,700.0,38.6,B
2021-07-12T10:20:46,100.0,38.5,S
2021-07-12T10:20:46,2000.0,38.6,B
2021-07-12T10:20:39,100.0,38.6,B
2021-07-12T10:20:35,300.0,38.6,B
2021-07-12T10:20:34,500.0,38.6,B
2021-07-12T10:20:33,400.0,38.5,S
2021-07-12T10:20:33,3000.0,38.6,B
2021-07-12T10:20:32,1800.0,38.6,B
2021-07-12T10:20:26,100.0,38.6,B
2021-07-12T10:20:24,3000.0,38.6,B
2021-07-12T10:20:16,200.0,38.6,B
2021-07-12T10:20:11,100.0,38.6,B
2021-07-12T10:20:10,2300.0,38.5,S
2021-07-12T10:20:09,100.0,38.6,B
2021-07-12T10:20:03,100.0,38.6,B
