tradingTime,volume,price,side
2021-07-02T13:20:16,1800.0,31.3,B
2021-07-02T13:18:36,200.0,31.3,B
2021-07-02T13:18:17,900.0,31.3,S
2021-07-02T13:18:04,100.0,31.3,S
2021-07-02T13:18:04,5900.0,31.3,S
2021-07-02T13:18:04,1200.0,31.3,S
2021-07-02T13:18:04,3300.0,31.3,S
2021-07-02T13:17:44,2000.0,31.3,S
2021-07-02T13:17:19,1000.0,31.3,S
2021-07-02T13:16:57,100.0,31.3,S
2021-07-02T13:16:37,1000.0,31.3,S
2021-07-02T13:16:07,5000.0,31.3,S
2021-07-02T13:15:55,200.0,31.3,S
2021-07-02T13:15:35,2000.0,31.3,S
2021-07-02T13:15:20,300.0,31.3,S
2021-07-02T13:15:17,1200.0,31.35,B
2021-07-02T13:14:08,300.0,31.3,S
2021-07-02T13:13:39,200.0,31.3,S
2021-07-02T13:13:14,2200.0,31.3,S
2021-07-02T13:13:14,200.0,31.3,S
2021-07-02T13:13:07,800.0,31.35,B
2021-07-02T13:12:01,1000.0,31.35,B
2021-07-02T13:11:59,1300.0,31.3,S
2021-07-02T13:11:36,100.0,31.35,S
2021-07-02T13:11:33,2600.0,31.35,S
2021-07-02T13:11:23,1700.0,31.35,S
2021-07-02T13:11:15,1400.0,31.35,S
2021-07-02T13:10:46,3000.0,31.35,S
2021-07-02T13:10:11,100.0,31.35,S
2021-07-02T13:10:05,4200.0,31.4,B
2021-07-02T13:09:20,1700.0,31.35,S
2021-07-02T13:09:10,2300.0,31.35,S
2021-07-02T13:09:01,100.0,31.35,S
2021-07-02T13:08:32,100.0,31.35,S
2021-07-02T13:05:10,2000.0,31.4,B
2021-07-02T13:04:03,600.0,31.35,S
2021-07-02T13:04:03,4400.0,31.35,S
2021-07-02T13:03:15,2400.0,31.35,S
2021-07-02T13:02:54,200.0,31.4,B
2021-07-02T13:02:36,900.0,31.4,B
2021-07-02T13:02:03,1500.0,31.4,S
2021-07-02T13:00:59,100.0,31.4,S
2021-07-02T13:00:42,400.0,31.45,B
2021-07-02T13:00:40,7200.0,31.45,B
2021-07-02T13:00:40,200.0,31.4,S
2021-07-02T13:00:32,500.0,31.4,S
2021-07-02T13:00:28,500.0,31.4,S
2021-07-02T13:00:27,300.0,31.45,B
2021-07-02T13:00:22,3000.0,31.45,B
2021-07-02T13:00:18,500.0,31.4,S
2021-07-02T13:00:16,200.0,31.4,S
2021-07-02T13:00:14,900.0,31.4,S
2021-07-02T13:00:14,5000.0,31.4,S
2021-07-02T11:29:53,5000.0,31.4,S
2021-07-02T11:29:52,100.0,31.4,S
2021-07-02T11:27:32,1000.0,31.4,S
2021-07-02T11:26:59,300.0,31.4,S
2021-07-02T11:26:41,1000.0,31.4,S
2021-07-02T11:26:38,500.0,31.4,S
2021-07-02T11:26:34,400.0,31.4,S
2021-07-02T11:25:29,300.0,31.4,S
2021-07-02T11:22:55,900.0,31.4,S
2021-07-02T11:22:08,5000.0,31.4,S
2021-07-02T11:21:34,2000.0,31.45,B
2021-07-02T11:21:32,5500.0,31.3,S
2021-07-02T11:21:32,21200.0,31.3,S
2021-07-02T11:21:32,1500.0,31.35,S
2021-07-02T11:21:30,6800.0,31.35,S
2021-07-02T11:21:17,500.0,31.45,B
2021-07-02T11:20:04,400.0,31.45,B
2021-07-02T11:19:11,100.0,31.45,B
2021-07-02T11:18:49,700.0,31.4,B
2021-07-02T11:18:47,400.0,31.4,B
2021-07-02T11:18:24,500.0,31.4,B
2021-07-02T11:17:27,300.0,31.4,S
2021-07-02T11:17:23,700.0,31.4,B
2021-07-02T11:17:22,3300.0,31.4,B
2021-07-02T11:17:22,4600.0,31.4,B
2021-07-02T11:16:27,100.0,31.4,B
2021-07-02T11:15:00,100.0,31.4,B
2021-07-02T11:14:26,100.0,31.4,B
2021-07-02T11:11:30,500.0,31.4,B
2021-07-02T11:10:28,200.0,31.4,B
2021-07-02T11:09:06,500.0,31.4,B
2021-07-02T11:06:34,1500.0,31.4,S
2021-07-02T11:04:22,100.0,31.35,B
2021-07-02T11:03:27,7000.0,31.3,B
2021-07-02T11:03:10,100.0,31.3,B
2021-07-02T11:03:02,1300.0,31.3,B
2021-07-02T11:03:00,600.0,31.3,B
2021-07-02T11:02:58,1600.0,31.3,B
2021-07-02T11:02:58,1000.0,31.3,B
2021-07-02T11:02:47,2400.0,31.3,B
2021-07-02T11:02:38,100.0,31.3,B
2021-07-02T11:02:33,3000.0,31.3,B
2021-07-02T11:02:14,1000.0,31.3,B
2021-07-02T11:02:08,200.0,31.3,B
2021-07-02T11:00:41,1000.0,31.3,B
2021-07-02T10:59:45,900.0,31.3,B
2021-07-02T10:59:43,5000.0,31.3,B
2021-07-02T10:59:43,5000.0,31.3,B
2021-07-02T10:59:38,2100.0,31.3,B
2021-07-02T10:59:37,4000.0,31.3,B
2021-07-02T10:59:33,1000.0,31.3,B
2021-07-02T10:59:25,100.0,31.3,B
2021-07-02T10:59:23,100.0,31.3,B
2021-07-02T10:59:18,1000.0,31.3,S
2021-07-02T10:59:18,10000.0,31.3,S
2021-07-02T10:59:10,28300.0,31.4,B
2021-07-02T10:58:02,2600.0,31.3,S
2021-07-02T10:58:01,2400.0,31.3,S
2021-07-02T10:56:51,3700.0,31.35,B
2021-07-02T10:56:41,5000.0,31.3,S
2021-07-02T10:56:33,1500.0,31.3,S
2021-07-02T10:56:21,500.0,31.35,B
2021-07-02T10:55:47,3000.0,31.35,B
2021-07-02T10:55:43,3000.0,31.3,S
2021-07-02T10:55:31,1500.0,31.35,B
2021-07-02T10:55:15,100.0,31.35,B
2021-07-02T10:55:00,500.0,31.35,S
2021-07-02T10:54:41,100.0,31.35,B
2021-07-02T10:54:30,100.0,31.35,B
2021-07-02T10:53:53,500.0,31.35,B
2021-07-02T10:53:50,200.0,31.35,B
2021-07-02T10:53:37,500.0,31.35,B
2021-07-02T10:53:18,200.0,31.35,B
2021-07-02T10:53:18,100.0,31.35,B
2021-07-02T10:53:08,200.0,31.35,B
2021-07-02T10:53:02,2000.0,31.35,B
2021-07-02T10:52:19,100.0,31.35,B
2021-07-02T10:51:24,2000.0,31.3,S
2021-07-02T10:50:27,1800.0,31.35,B
2021-07-02T10:50:27,2200.0,31.35,B
2021-07-02T10:50:03,100.0,31.35,B
2021-07-02T10:49:21,100.0,31.35,B
2021-07-02T10:48:57,200.0,31.35,B
2021-07-02T10:48:56,300.0,31.35,B
2021-07-02T10:48:37,2300.0,31.35,B
2021-07-02T10:46:29,1500.0,31.3,S
2021-07-02T10:46:21,300.0,31.35,B
2021-07-02T10:46:02,200.0,31.3,S
2021-07-02T10:45:42,6700.0,31.25,S
2021-07-02T10:45:31,9100.0,31.3,B
2021-07-02T10:45:26,400.0,31.3,B
2021-07-02T10:45:15,400.0,31.3,B
2021-07-02T10:45:01,200.0,31.3,B
2021-07-02T10:44:52,100.0,31.3,B
2021-07-02T10:44:33,1300.0,31.3,B
2021-07-02T10:44:29,200.0,31.3,B
2021-07-02T10:44:26,2000.0,31.3,B
2021-07-02T10:44:19,300.0,31.3,B
2021-07-02T10:43:45,100.0,31.3,S
2021-07-02T10:43:45,4000.0,31.3,S
2021-07-02T10:43:45,1600.0,31.3,S
2021-07-02T10:43:45,200.0,31.3,S
2021-07-02T10:43:45,100.0,31.3,S
2021-07-02T10:43:45,1500.0,31.3,S
2021-07-02T10:43:45,12600.0,31.3,S
2021-07-02T10:43:43,100.0,31.3,S
2021-07-02T10:43:40,500.0,31.3,S
2021-07-02T10:43:25,6300.0,31.3,S
2021-07-02T10:43:25,900.0,31.3,S
2021-07-02T10:43:25,700.0,31.3,S
2021-07-02T10:43:24,3000.0,31.3,S
2021-07-02T10:43:24,14100.0,31.3,S
2021-07-02T10:43:10,1500.0,31.3,S
2021-07-02T10:43:10,200.0,31.3,S
2021-07-02T10:43:10,1500.0,31.3,S
2021-07-02T10:43:10,5000.0,31.35,S
2021-07-02T10:43:10,200.0,31.35,S
2021-07-02T10:43:10,1600.0,31.35,S
2021-07-02T10:43:04,1600.0,31.35,S
2021-07-02T10:43:04,2000.0,31.35,S
2021-07-02T10:43:04,4900.0,31.35,S
2021-07-02T10:43:04,600.0,31.35,S
2021-07-02T10:43:04,3700.0,31.35,S
2021-07-02T10:42:52,300.0,31.4,B
2021-07-02T10:42:41,1200.0,31.4,B
2021-07-02T10:42:36,1600.0,31.4,S
2021-07-02T10:42:36,400.0,31.4,S
2021-07-02T10:42:36,1200.0,31.4,S
2021-07-02T10:42:36,17100.0,31.4,S
2021-07-02T10:42:18,1400.0,31.4,S
2021-07-02T10:42:17,1300.0,31.4,S
2021-07-02T10:42:17,1500.0,31.4,S
2021-07-02T10:42:16,2200.0,31.4,S
2021-07-02T10:42:12,600.0,31.45,B
2021-07-02T10:41:34,1000.0,31.45,B
2021-07-02T10:41:28,10500.0,31.45,S
2021-07-02T10:41:28,600.0,31.45,S
2021-07-02T10:41:25,500.0,31.45,S
2021-07-02T10:41:22,1000.0,31.5,B
2021-07-02T10:39:04,300.0,31.5,B
2021-07-02T10:38:41,300.0,31.5,B
2021-07-02T10:38:23,1000.0,31.5,S
2021-07-02T10:38:23,5000.0,31.5,S
2021-07-02T10:38:23,200.0,31.5,S
2021-07-02T10:38:23,6600.0,31.5,S
2021-07-02T10:38:15,2000.0,31.5,S
2021-07-02T10:38:14,4900.0,31.5,S
2021-07-02T10:38:02,100.0,31.5,S
2021-07-02T10:37:40,200.0,31.55,S
2021-07-02T10:37:39,1700.0,31.55,S
2021-07-02T10:37:24,300.0,31.55,S
2021-07-02T10:37:24,1700.0,31.55,S
2021-07-02T10:37:10,300.0,31.55,S
2021-07-02T10:37:09,2700.0,31.55,S
2021-07-02T10:36:39,500.0,31.55,S
2021-07-02T10:36:34,300.0,31.55,S
2021-07-02T10:36:31,1500.0,31.55,S
2021-07-02T10:36:09,100.0,31.55,S
2021-07-02T10:35:56,6900.0,31.55,B
2021-07-02T10:35:56,2000.0,31.5,S
2021-07-02T10:35:17,800.0,31.55,B
2021-07-02T10:34:54,2000.0,31.5,S
2021-07-02T10:34:36,500.0,31.5,S
2021-07-02T10:34:21,500.0,31.55,B
2021-07-02T10:34:17,3600.0,31.5,S
2021-07-02T10:33:39,100.0,31.5,S
2021-07-02T10:33:19,1500.0,31.5,S
2021-07-02T10:31:49,200.0,31.5,S
2021-07-02T10:30:46,100.0,31.5,S
2021-07-02T10:29:04,1400.0,31.5,S
2021-07-02T10:29:04,12000.0,31.5,S
2021-07-02T10:28:48,2100.0,31.55,S
2021-07-02T10:28:28,700.0,31.55,S
2021-07-02T10:27:58,1400.0,31.6,B
2021-07-02T10:27:55,900.0,31.6,B
2021-07-02T10:27:42,1700.0,31.5,S
2021-07-02T10:27:42,13000.0,31.5,S
2021-07-02T10:27:42,700.0,31.55,S
2021-07-02T10:27:42,4600.0,31.55,S
2021-07-02T10:27:26,300.0,31.6,B
2021-07-02T10:27:18,500.0,31.55,S
2021-07-02T10:27:10,300.0,31.55,S
2021-07-02T10:27:08,300.0,31.55,S
2021-07-02T10:26:31,1500.0,31.55,S
2021-07-02T10:25:47,3000.0,31.6,B
2021-07-02T10:25:36,1000.0,31.6,B
2021-07-02T10:25:30,3000.0,31.55,S
2021-07-02T10:23:57,2000.0,31.6,B
2021-07-02T10:23:04,1000.0,31.6,B
2021-07-02T10:22:59,500.0,31.6,B
2021-07-02T10:22:36,300.0,31.6,B
2021-07-02T10:22:17,500.0,31.6,B
2021-07-02T10:22:12,5000.0,31.6,B
2021-07-02T10:21:54,400.0,31.6,B
2021-07-02T10:21:42,100.0,31.6,B
2021-07-02T10:21:31,2000.0,31.6,S
2021-07-02T10:20:38,200.0,31.6,S
2021-07-02T10:20:36,100.0,31.6,S
2021-07-02T10:20:01,100.0,31.6,B
2021-07-02T10:19:35,200.0,31.6,S
2021-07-02T10:19:25,5000.0,31.65,B
2021-07-02T10:19:15,500.0,31.65,B
2021-07-02T10:19:07,1000.0,31.6,B
2021-07-02T10:18:44,100.0,31.65,B
2021-07-02T10:18:44,1900.0,31.65,B
2021-07-02T10:18:43,1800.0,31.65,B
2021-07-02T10:18:30,5000.0,31.65,B
2021-07-02T10:18:04,1000.0,31.65,B
2021-07-02T10:16:48,400.0,31.65,B
2021-07-02T10:16:48,2000.0,31.6,B
2021-07-02T10:16:48,600.0,31.55,B
2021-07-02T10:16:27,1500.0,31.5,S
2021-07-02T10:16:14,1500.0,31.5,B
2021-07-02T10:15:56,100.0,31.45,B
2021-07-02T10:15:43,1200.0,31.45,S
2021-07-02T10:15:30,100.0,31.45,S
2021-07-02T10:15:24,100.0,31.45,S
2021-07-02T10:15:12,300.0,31.45,S
2021-07-02T10:15:06,5000.0,31.4,S
2021-07-02T10:14:45,1100.0,31.4,S
2021-07-02T10:14:07,200.0,31.4,B
2021-07-02T10:14:02,200.0,31.4,B
2021-07-02T10:13:56,500.0,31.4,B
2021-07-02T10:13:47,100.0,31.4,B
2021-07-02T10:13:43,3500.0,31.45,B
2021-07-02T10:13:28,5500.0,31.4,B
2021-07-02T10:13:28,4400.0,31.4,B
2021-07-02T10:13:23,100.0,31.4,B
2021-07-02T10:13:21,3000.0,31.4,B
2021-07-02T10:13:07,100.0,31.4,B
2021-07-02T10:12:57,3000.0,31.4,B
2021-07-02T10:12:45,1500.0,31.4,B
2021-07-02T10:11:13,100.0,31.35,S
2021-07-02T10:11:09,500.0,31.35,S
2021-07-02T10:10:37,3000.0,31.35,S
2021-07-02T10:10:06,2500.0,31.35,S
2021-07-02T10:09:56,700.0,31.35,S
2021-07-02T10:09:31,200.0,31.35,S
2021-07-02T10:09:31,2800.0,31.35,S
2021-07-02T10:09:14,300.0,31.35,B
2021-07-02T10:09:10,200.0,31.35,B
2021-07-02T10:09:08,200.0,31.3,S
2021-07-02T10:09:00,100.0,31.35,B
2021-07-02T10:08:56,300.0,31.35,B
2021-07-02T10:08:51,500.0,31.35,B
2021-07-02T10:08:38,100.0,31.35,B
2021-07-02T10:08:29,5000.0,31.35,B
2021-07-02T10:08:28,400.0,31.3,S
2021-07-02T10:08:28,200.0,31.3,S
2021-07-02T10:08:28,4400.0,31.3,S
2021-07-02T10:08:11,6200.0,31.3,S
2021-07-02T10:08:11,3800.0,31.3,S
2021-07-02T10:07:56,500.0,31.35,B
2021-07-02T10:07:53,1100.0,31.35,B
2021-07-02T10:07:53,1800.0,31.35,B
2021-07-02T10:07:50,1000.0,31.35,B
2021-07-02T10:07:49,100.0,31.35,B
2021-07-02T10:07:49,500.0,31.35,B
2021-07-02T10:07:46,100.0,31.35,B
2021-07-02T10:07:22,1000.0,31.35,B
2021-07-02T10:07:18,1500.0,31.35,B
2021-07-02T10:07:17,2000.0,31.35,B
2021-07-02T10:07:14,500.0,31.35,B
2021-07-02T10:07:12,2000.0,31.3,S
2021-07-02T10:07:00,900.0,31.35,B
2021-07-02T10:06:57,500.0,31.3,S
2021-07-02T10:06:43,300.0,31.35,S
2021-07-02T10:06:42,200.0,31.35,S
2021-07-02T10:06:42,100.0,31.35,S
2021-07-02T10:06:34,800.0,31.3,S
2021-07-02T10:06:34,5700.0,31.3,S
2021-07-02T10:06:32,1500.0,31.35,S
2021-07-02T10:06:27,100.0,31.35,S
2021-07-02T10:06:18,200.0,31.4,B
2021-07-02T10:05:41,15000.0,31.35,S
2021-07-02T10:05:07,200.0,31.4,S
2021-07-02T10:05:06,2600.0,31.4,S
2021-07-02T10:05:03,4900.0,31.4,S
2021-07-02T10:04:47,1000.0,31.45,S
2021-07-02T10:04:15,200.0,31.4,S
2021-07-02T10:04:15,1800.0,31.4,S
2021-07-02T10:03:59,600.0,31.45,S
2021-07-02T10:03:04,800.0,31.5,S
2021-07-02T10:02:18,100.0,31.5,S
2021-07-02T10:02:09,100.0,31.55,S
2021-07-02T10:01:29,1000.0,31.55,S
2021-07-02T10:01:13,1000.0,31.6,S
2021-07-02T10:01:13,2000.0,31.6,S
2021-07-02T10:01:10,1000.0,31.3,S
2021-07-02T09:59:22,800.0,31.3,S
2021-07-02T09:59:05,100.0,31.3,B
2021-07-02T09:59:05,1000.0,31.3,B
2021-07-02T09:58:53,400.0,31.25,S
2021-07-02T09:58:06,100.0,31.3,S
2021-07-02T09:58:04,14900.0,31.7,S
2021-07-02T09:57:40,10000.0,31.7,S
2021-07-02T09:57:26,5200.0,31.7,B
2021-07-02T09:57:26,1100.0,31.7,B
2021-07-02T09:57:26,400.0,31.7,B
2021-07-02T09:57:26,2100.0,31.7,B
2021-07-02T09:57:26,1400.0,31.7,B
2021-07-02T09:57:26,2000.0,31.7,B
2021-07-02T09:57:25,1300.0,31.7,B
2021-07-02T09:57:25,300.0,31.7,B
2021-07-02T09:57:25,5500.0,31.7,B
2021-07-02T09:57:25,3300.0,31.7,B
2021-07-02T09:57:25,5000.0,31.7,B
2021-07-02T09:57:25,200.0,31.7,B
2021-07-02T09:57:25,4200.0,31.65,B
2021-07-02T09:57:25,6000.0,31.65,B
2021-07-02T09:57:25,5000.0,31.65,B
2021-07-02T09:57:25,1100.0,31.6,B
2021-07-02T09:57:25,200.0,31.6,B
2021-07-02T09:57:25,6100.0,31.6,B
2021-07-02T09:57:25,600.0,31.6,B
2021-07-02T09:57:25,8000.0,31.6,B
2021-07-02T09:57:25,11800.0,31.6,B
2021-07-02T09:57:25,100.0,31.5,B
2021-07-02T09:57:25,900.0,31.5,B
2021-07-02T09:57:25,2300.0,31.45,B
2021-07-02T09:57:25,26000.0,31.4,B
2021-07-02T09:57:19,200.0,31.3,B
2021-07-02T09:56:53,100.0,31.3,B
2021-07-02T09:56:48,1500.0,31.3,B
2021-07-02T09:56:36,1000.0,31.3,B
2021-07-02T09:56:32,1500.0,31.25,S
2021-07-02T09:56:31,100.0,31.3,B
2021-07-02T09:56:17,3100.0,31.25,S
2021-07-02T09:56:12,200.0,31.3,B
2021-07-02T09:55:27,200.0,31.25,S
2021-07-02T09:55:20,1100.0,31.25,S
2021-07-02T09:54:46,1500.0,31.25,S
2021-07-02T09:54:38,1000.0,31.25,S
2021-07-02T09:54:36,100.0,31.25,S
2021-07-02T09:54:14,100.0,31.25,S
2021-07-02T09:54:13,700.0,31.25,S
2021-07-02T09:53:59,500.0,31.25,S
2021-07-02T09:53:53,1300.0,31.25,S
2021-07-02T09:53:33,1000.0,31.4,B
2021-07-02T09:53:29,1300.0,31.25,S
2021-07-02T09:53:16,4000.0,31.4,B
2021-07-02T09:52:42,100.0,31.3,S
2021-07-02T09:52:20,200.0,31.25,S
2021-07-02T09:52:18,300.0,31.35,S
2021-07-02T09:52:10,200.0,31.35,S
2021-07-02T09:52:08,1300.0,31.25,S
2021-07-02T09:52:06,5000.0,31.25,S
2021-07-02T09:51:50,100.0,31.25,S
2021-07-02T09:51:47,1000.0,31.25,S
2021-07-02T09:51:46,200.0,31.25,S
2021-07-02T09:51:46,2700.0,31.25,S
2021-07-02T09:51:29,2000.0,31.35,S
2021-07-02T09:50:54,1500.0,31.2,S
2021-07-02T09:50:54,700.0,31.2,S
2021-07-02T09:50:54,700.0,31.2,S
2021-07-02T09:50:54,4000.0,31.25,S
2021-07-02T09:50:54,1600.0,31.25,S
2021-07-02T09:50:54,1000.0,31.3,S
2021-07-02T09:50:54,1400.0,31.3,S
2021-07-02T09:50:54,2200.0,31.3,S
2021-07-02T09:50:54,2600.0,31.3,S
2021-07-02T09:50:54,3500.0,31.3,S
2021-07-02T09:50:54,2400.0,31.3,S
2021-07-02T09:50:54,2000.0,31.3,S
2021-07-02T09:50:54,1300.0,31.3,S
2021-07-02T09:50:54,4400.0,31.3,S
2021-07-02T09:50:54,500.0,31.3,S
2021-07-02T09:50:54,1300.0,31.35,S
2021-07-02T09:50:54,1600.0,31.35,S
2021-07-02T09:50:54,14000.0,31.35,S
2021-07-02T09:50:53,3300.0,31.35,S
2021-07-02T09:50:38,300.0,31.4,B
2021-07-02T09:50:27,200.0,31.4,B
2021-07-02T09:50:11,3500.0,31.4,B
2021-07-02T09:50:07,500.0,31.4,B
2021-07-02T09:49:45,800.0,31.35,S
2021-07-02T09:49:12,2000.0,31.35,S
2021-07-02T09:49:07,1000.0,31.4,B
2021-07-02T09:49:07,1000.0,31.4,B
2021-07-02T09:49:03,700.0,31.35,S
2021-07-02T09:48:55,100.0,31.4,B
2021-07-02T09:48:36,100.0,31.4,B
2021-07-02T09:48:10,100.0,31.4,B
2021-07-02T09:47:23,1000.0,31.4,S
2021-07-02T09:47:22,100.0,31.4,S
2021-07-02T09:47:19,100.0,31.4,S
2021-07-02T09:47:16,100.0,31.4,S
2021-07-02T09:47:09,100.0,31.4,S
2021-07-02T09:47:07,300.0,31.4,S
2021-07-02T09:47:07,2500.0,31.4,S
2021-07-02T09:47:07,6900.0,31.4,S
2021-07-02T09:47:07,2800.0,31.4,S
2021-07-02T09:47:03,1000.0,31.4,S
2021-07-02T09:46:32,1600.0,31.4,S
2021-07-02T09:46:26,200.0,31.45,B
2021-07-02T09:45:53,2200.0,31.4,S
2021-07-02T09:45:53,300.0,31.4,S
2021-07-02T09:45:53,2000.0,31.4,S
2021-07-02T09:45:45,100.0,31.45,S
2021-07-02T09:45:44,300.0,31.45,S
2021-07-02T09:45:31,100.0,31.5,B
2021-07-02T09:45:06,1000.0,31.45,S
2021-07-02T09:44:56,200.0,31.45,S
2021-07-02T09:44:54,1000.0,31.5,B
2021-07-02T09:44:42,3000.0,31.45,S
2021-07-02T09:44:32,500.0,31.5,B
2021-07-02T09:43:31,200.0,31.5,B
2021-07-02T09:43:31,100.0,31.5,B
2021-07-02T09:42:51,600.0,31.5,S
2021-07-02T09:42:42,700.0,31.6,B
2021-07-02T09:42:36,200.0,31.5,S
2021-07-02T09:42:25,500.0,31.5,S
2021-07-02T09:41:55,1900.0,31.5,S
2021-07-02T09:41:55,100.0,31.55,S
2021-07-02T09:39:43,200.0,31.5,B
2021-07-02T09:39:07,1000.0,31.5,B
2021-07-02T09:38:51,100.0,31.5,B
2021-07-02T09:38:51,400.0,31.5,B
2021-07-02T09:38:44,100.0,31.5,B
2021-07-02T09:38:44,200.0,31.4,S
2021-07-02T09:38:36,500.0,31.4,S
2021-07-02T09:38:09,200.0,31.4,S
2021-07-02T09:38:04,500.0,31.4,S
2021-07-02T09:37:54,200.0,31.4,S
2021-07-02T09:36:36,1500.0,31.4,S
2021-07-02T09:36:08,2500.0,31.35,S
2021-07-02T09:36:08,2500.0,31.4,S
2021-07-02T09:35:45,2500.0,31.35,S
2021-07-02T09:35:45,400.0,31.35,S
2021-07-02T09:35:45,500.0,31.4,S
2021-07-02T09:35:45,1000.0,31.4,S
2021-07-02T09:35:45,300.0,31.4,S
2021-07-02T09:35:45,700.0,31.4,S
2021-07-02T09:35:45,1100.0,31.4,S
2021-07-02T09:35:45,700.0,31.45,S
2021-07-02T09:35:45,1500.0,31.45,S
2021-07-02T09:35:45,1000.0,31.5,S
2021-07-02T09:35:45,2900.0,31.5,S
2021-07-02T09:35:45,700.0,31.5,S
2021-07-02T09:35:45,1000.0,31.5,S
2021-07-02T09:35:44,1000.0,31.5,S
2021-07-02T09:35:44,4700.0,31.5,S
2021-07-02T09:35:21,500.0,31.5,S
2021-07-02T09:35:06,100.0,31.6,B
2021-07-02T09:35:04,300.0,31.6,B
2021-07-02T09:33:43,5000.0,31.6,B
2021-07-02T09:33:15,1000.0,31.6,B
2021-07-02T09:32:20,100.0,31.6,B
2021-07-02T09:32:06,300.0,31.6,B
2021-07-02T09:31:48,4900.0,31.6,B
2021-07-02T09:31:41,100.0,31.65,B
2021-07-02T09:31:19,3000.0,31.6,B
2021-07-02T09:31:14,1000.0,31.6,B
2021-07-02T09:30:49,100.0,31.6,B
2021-07-02T09:30:22,200.0,31.6,B
2021-07-02T09:30:11,1000.0,31.6,B
2021-07-02T09:29:32,100.0,31.6,B
2021-07-02T09:29:30,1000.0,31.6,B
2021-07-02T09:29:26,1200.0,31.6,B
2021-07-02T09:29:18,600.0,31.6,B
2021-07-02T09:29:15,2000.0,31.6,B
2021-07-02T09:28:30,5000.0,31.7,B
2021-07-02T09:28:23,400.0,31.6,B
2021-07-02T09:28:23,1700.0,31.6,B
2021-07-02T09:28:20,200.0,31.6,B
2021-07-02T09:27:55,500.0,31.6,B
2021-07-02T09:27:29,300.0,31.6,B
2021-07-02T09:27:19,2400.0,31.6,B
2021-07-02T09:27:07,300.0,31.6,S
2021-07-02T09:26:57,500.0,31.6,S
2021-07-02T09:26:54,9100.0,31.6,S
2021-07-02T09:26:49,1000.0,31.6,S
2021-07-02T09:26:32,1300.0,31.6,S
2021-07-02T09:26:31,200.0,31.65,S
2021-07-02T09:25:33,100.0,31.7,B
2021-07-02T09:25:18,100.0,31.6,S
2021-07-02T09:25:09,400.0,31.7,B
2021-07-02T09:25:09,18500.0,31.7,B
2021-07-02T09:25:09,3000.0,31.7,B
2021-07-02T09:25:09,300.0,31.65,B
2021-07-02T09:25:09,800.0,31.65,B
2021-07-02T09:25:09,1100.0,31.65,B
2021-07-02T09:25:08,900.0,31.65,B
2021-07-02T09:25:02,1200.0,31.6,S
2021-07-02T09:24:59,100.0,31.65,B
2021-07-02T09:24:48,1000.0,31.6,S
2021-07-02T09:24:38,100.0,31.6,S
2021-07-02T09:23:47,4000.0,31.6,B
2021-07-02T09:23:41,200.0,31.5,S
2021-07-02T09:23:40,100.0,31.5,S
2021-07-02T09:23:34,700.0,31.5,S
2021-07-02T09:23:20,5000.0,31.6,B
2021-07-02T09:22:58,300.0,31.5,S
2021-07-02T09:22:44,1000.0,31.5,S
2021-07-02T09:22:34,400.0,31.5,S
2021-07-02T09:22:34,300.0,31.5,S
2021-07-02T09:22:34,800.0,31.5,S
2021-07-02T09:22:27,1000.0,31.5,S
2021-07-02T09:21:21,1200.0,31.5,B
2021-07-02T09:21:17,2000.0,31.4,S
2021-07-02T09:21:09,200.0,31.4,S
2021-07-02T09:21:09,1000.0,31.4,S
2021-07-02T09:21:09,4400.0,31.4,S
2021-07-02T09:21:09,4000.0,31.4,S
2021-07-02T09:21:09,3000.0,31.4,S
2021-07-02T09:21:09,4500.0,31.45,S
2021-07-02T09:21:02,600.0,31.5,B
2021-07-02T09:20:56,200.0,31.5,B
2021-07-02T09:20:37,200.0,31.5,B
2021-07-02T09:20:13,500.0,31.5,S
2021-07-02T09:19:14,400.0,31.45,S
2021-07-02T09:19:10,900.0,31.45,S
2021-07-02T09:19:07,600.0,31.5,S
2021-07-02T09:18:51,100.0,31.5,B
2021-07-02T09:18:50,100.0,31.5,B
2021-07-02T09:18:40,3600.0,31.5,B
2021-07-02T09:18:14,200.0,31.5,B
2021-07-02T09:18:12,4100.0,31.5,B
2021-07-02T09:17:50,500.0,31.4,S
2021-07-02T09:17:41,100.0,31.45,S
2021-07-02T09:17:36,4200.0,31.35,S
2021-07-02T09:17:36,2900.0,31.4,S
2021-07-02T09:17:36,2900.0,31.4,S
2021-07-02T09:16:24,1500.0,31.4,S
2021-07-02T09:16:09,3200.0,31.4,B
2021-07-02T09:16:06,1000.0,31.4,B
2021-07-02T09:16:03,1000.0,31.4,B
