tradingTime,volume,price,side
2021-07-02T13:20:51,1000.0,91.9,S
2021-07-02T13:20:51,1000.0,91.9,S
2021-07-02T13:20:48,1000.0,91.9,S
2021-07-02T13:20:44,400.0,92.0,B
2021-07-02T13:20:44,2400.0,92.0,B
2021-07-02T13:20:44,5000.0,91.9,S
2021-07-02T13:20:43,2000.0,91.9,S
2021-07-02T13:20:39,400.0,91.9,S
2021-07-02T13:20:34,1000.0,91.9,S
2021-07-02T13:20:32,500.0,91.9,S
2021-07-02T13:20:28,100.0,91.9,S
2021-07-02T13:20:23,200.0,91.9,S
2021-07-02T13:20:19,200.0,91.9,S
2021-07-02T13:20:13,800.0,91.9,S
2021-07-02T13:20:13,200.0,91.9,S
2021-07-02T13:20:12,100.0,91.9,S
2021-07-02T13:20:11,100.0,91.9,S
2021-07-02T13:20:11,100.0,91.9,S
2021-07-02T13:20:07,200.0,91.9,B
2021-07-02T13:20:07,1000.0,91.9,B
2021-07-02T13:19:46,100.0,91.8,S
2021-07-02T13:19:45,500.0,91.8,S
2021-07-02T13:19:43,1600.0,92.0,B
2021-07-02T13:19:43,8500.0,92.0,B
2021-07-02T13:19:43,500.0,92.0,B
2021-07-02T13:19:43,100.0,92.0,B
2021-07-02T13:19:43,400.0,92.0,B
2021-07-02T13:19:43,1000.0,92.0,B
2021-07-02T13:19:43,300.0,92.0,B
2021-07-02T13:19:43,3900.0,92.0,B
2021-07-02T13:19:43,100.0,91.9,B
2021-07-02T13:19:43,300.0,91.9,B
2021-07-02T13:19:43,100.0,91.9,B
2021-07-02T13:19:43,1300.0,91.9,B
2021-07-02T13:19:43,300.0,91.9,B
2021-07-02T13:19:43,200.0,91.9,B
2021-07-02T13:19:43,100.0,91.9,B
2021-07-02T13:19:43,1900.0,91.9,B
2021-07-02T13:19:43,300.0,91.9,B
2021-07-02T13:19:43,300.0,91.9,B
2021-07-02T13:19:43,1500.0,91.9,B
2021-07-02T13:19:43,200.0,91.9,B
2021-07-02T13:19:43,300.0,91.9,B
2021-07-02T13:19:43,2200.0,91.9,B
2021-07-02T13:19:43,9700.0,91.9,B
2021-07-02T13:19:43,14900.0,91.9,B
2021-07-02T13:19:40,100.0,91.8,S
2021-07-02T13:19:40,100.0,91.9,B
2021-07-02T13:19:36,100.0,91.8,S
2021-07-02T13:19:34,2300.0,91.9,B
2021-07-02T13:19:32,200.0,91.8,S
2021-07-02T13:19:30,100.0,91.9,B
2021-07-02T13:19:30,700.0,91.8,S
2021-07-02T13:19:26,1100.0,91.8,S
2021-07-02T13:19:22,100.0,91.8,S
2021-07-02T13:19:22,200.0,91.8,S
2021-07-02T13:19:20,100.0,91.8,S
2021-07-02T13:19:20,1000.0,91.8,S
2021-07-02T13:19:19,1000.0,91.8,S
2021-07-02T13:19:17,100.0,91.8,S
2021-07-02T13:19:14,500.0,91.8,S
2021-07-02T13:19:13,100.0,91.8,S
2021-07-02T13:19:10,100.0,91.8,S
2021-07-02T13:19:10,200.0,91.8,S
2021-07-02T13:19:06,100.0,91.8,S
2021-07-02T13:19:05,100.0,91.8,S
2021-07-02T13:19:04,100.0,91.8,S
2021-07-02T13:19:01,1000.0,91.8,S
2021-07-02T13:19:00,100.0,91.8,B
2021-07-02T13:19:00,200.0,91.8,B
2021-07-02T13:19:00,5300.0,91.8,B
2021-07-02T13:18:59,2200.0,91.8,B
2021-07-02T13:18:54,100.0,91.8,B
2021-07-02T13:18:50,1000.0,91.8,B
2021-07-02T13:18:48,100.0,91.8,B
2021-07-02T13:18:46,100.0,91.8,B
2021-07-02T13:18:42,200.0,91.8,B
2021-07-02T13:18:34,500.0,91.7,S
2021-07-02T13:18:31,100.0,91.8,S
2021-07-02T13:18:31,900.0,91.8,S
2021-07-02T13:18:29,700.0,91.8,B
2021-07-02T13:18:27,300.0,91.8,B
2021-07-02T13:18:27,700.0,91.8,B
2021-07-02T13:18:20,500.0,91.8,B
2021-07-02T13:18:20,500.0,91.8,B
2021-07-02T13:18:16,1700.0,91.8,B
2021-07-02T13:18:16,1100.0,91.8,B
2021-07-02T13:18:16,1100.0,91.8,B
2021-07-02T13:18:11,1300.0,91.8,B
2021-07-02T13:18:09,5100.0,91.6,S
2021-07-02T13:18:09,900.0,91.6,S
2021-07-02T13:18:08,4100.0,91.6,S
2021-07-02T13:18:08,1900.0,91.6,S
2021-07-02T13:18:08,100.0,91.6,S
2021-07-02T13:18:08,800.0,91.6,S
2021-07-02T13:18:08,600.0,91.6,S
2021-07-02T13:18:08,500.0,91.7,S
2021-07-02T13:18:08,6000.0,91.7,S
2021-07-02T13:18:06,200.0,91.8,B
2021-07-02T13:18:06,200.0,91.8,B
2021-07-02T13:18:00,500.0,91.8,B
2021-07-02T13:18:00,100.0,91.7,S
2021-07-02T13:17:59,900.0,91.7,S
2021-07-02T13:17:58,400.0,91.8,B
2021-07-02T13:17:57,600.0,91.8,B
2021-07-02T13:17:57,1000.0,91.8,B
2021-07-02T13:17:55,2000.0,91.9,B
2021-07-02T13:17:54,8600.0,91.8,B
2021-07-02T13:17:52,3600.0,91.8,B
2021-07-02T13:17:49,1500.0,91.7,S
2021-07-02T13:17:46,100.0,91.8,B
2021-07-02T13:17:45,500.0,91.8,B
2021-07-02T13:17:45,200.0,91.8,B
2021-07-02T13:17:45,1000.0,91.8,B
2021-07-02T13:17:42,100.0,91.8,B
2021-07-02T13:17:40,100.0,91.7,S
2021-07-02T13:17:40,300.0,91.8,B
2021-07-02T13:17:40,1000.0,91.8,B
2021-07-02T13:17:38,200.0,91.8,B
2021-07-02T13:17:38,1000.0,91.8,B
2021-07-02T13:17:36,100.0,91.8,B
2021-07-02T13:17:31,200.0,91.8,B
2021-07-02T13:17:31,200.0,91.8,B
2021-07-02T13:17:28,1000.0,91.8,B
2021-07-02T13:17:21,700.0,91.8,B
2021-07-02T13:17:20,100.0,91.8,B
2021-07-02T13:17:19,100.0,91.8,B
2021-07-02T13:17:19,100.0,91.8,B
2021-07-02T13:17:17,100.0,91.8,B
2021-07-02T13:17:15,300.0,91.8,B
2021-07-02T13:17:14,2000.0,91.8,B
2021-07-02T13:17:12,300.0,91.8,B
2021-07-02T13:17:11,100.0,91.8,B
2021-07-02T13:17:09,100.0,91.8,B
2021-07-02T13:17:08,300.0,91.8,B
2021-07-02T13:17:05,1200.0,91.8,B
2021-07-02T13:17:03,300.0,91.8,B
2021-07-02T13:16:58,1900.0,91.8,S
2021-07-02T13:16:54,900.0,91.8,S
2021-07-02T13:16:48,3100.0,91.8,S
2021-07-02T13:16:47,100.0,91.8,S
2021-07-02T13:16:45,100.0,91.7,S
2021-07-02T13:16:44,2300.0,91.9,B
2021-07-02T13:16:44,2700.0,91.9,B
2021-07-02T13:16:43,100.0,91.8,S
2021-07-02T13:16:40,8500.0,91.9,B
2021-07-02T13:16:40,300.0,91.9,B
2021-07-02T13:16:40,1200.0,91.9,B
2021-07-02T13:16:35,3000.0,91.9,B
2021-07-02T13:16:34,1500.0,91.9,B
2021-07-02T13:16:31,100.0,91.8,S
2021-07-02T13:16:30,200.0,91.8,S
2021-07-02T13:16:28,500.0,91.9,B
2021-07-02T13:16:28,100.0,91.9,B
2021-07-02T13:16:25,200.0,91.8,B
2021-07-02T13:16:25,400.0,91.8,B
2021-07-02T13:16:23,800.0,91.8,B
2021-07-02T13:16:21,1000.0,91.9,B
2021-07-02T13:16:21,1300.0,91.8,B
2021-07-02T13:16:19,3700.0,91.8,B
2021-07-02T13:16:19,900.0,91.8,B
2021-07-02T13:16:17,1500.0,91.8,B
2021-07-02T13:16:16,800.0,91.8,B
2021-07-02T13:16:16,500.0,91.8,B
2021-07-02T13:16:11,1800.0,91.8,S
2021-07-02T13:16:06,100.0,91.8,B
2021-07-02T13:16:06,300.0,91.9,B
2021-07-02T13:16:05,100.0,91.8,B
2021-07-02T13:16:04,100.0,91.8,B
2021-07-02T13:16:04,400.0,91.8,B
2021-07-02T13:16:02,100.0,91.7,S
2021-07-02T13:16:01,200.0,91.8,B
2021-07-02T13:16:00,100.0,91.8,B
2021-07-02T13:15:59,100.0,91.8,B
2021-07-02T13:15:59,100.0,91.7,S
2021-07-02T13:15:58,400.0,91.8,B
2021-07-02T13:15:57,100.0,91.8,B
2021-07-02T13:15:56,100.0,91.7,S
2021-07-02T13:15:53,2000.0,91.8,B
2021-07-02T13:15:51,2000.0,91.8,B
2021-07-02T13:15:50,100.0,91.8,B
2021-07-02T13:15:48,500.0,91.8,B
2021-07-02T13:15:46,300.0,91.8,B
2021-07-02T13:15:44,300.0,91.8,B
2021-07-02T13:15:42,1000.0,91.8,B
2021-07-02T13:15:40,500.0,91.7,S
2021-07-02T13:15:34,200.0,91.8,B
2021-07-02T13:15:32,600.0,91.7,B
2021-07-02T13:15:31,1000.0,91.7,B
2021-07-02T13:15:29,400.0,91.7,B
2021-07-02T13:15:21,200.0,91.7,S
2021-07-02T13:15:20,200.0,91.7,S
2021-07-02T13:15:17,700.0,91.8,B
2021-07-02T13:15:16,200.0,91.6,S
2021-07-02T13:15:16,200.0,91.8,B
2021-07-02T13:15:14,100.0,91.7,S
2021-07-02T13:15:12,100.0,91.6,S
2021-07-02T13:15:04,2000.0,91.6,S
2021-07-02T13:15:01,500.0,91.8,B
2021-07-02T13:15:01,500.0,91.7,B
2021-07-02T13:14:57,3100.0,91.5,S
2021-07-02T13:14:56,100.0,91.7,B
2021-07-02T13:14:55,100.0,91.6,S
2021-07-02T13:14:54,300.0,91.6,S
2021-07-02T13:14:44,100.0,91.6,B
2021-07-02T13:14:44,100.0,91.6,B
2021-07-02T13:14:44,400.0,91.6,B
2021-07-02T13:14:43,5000.0,91.5,B
2021-07-02T13:14:43,100.0,91.5,B
2021-07-02T13:14:42,100.0,91.5,B
2021-07-02T13:14:41,1600.0,91.5,B
2021-07-02T13:14:41,500.0,91.5,B
2021-07-02T13:14:39,100.0,91.5,B
2021-07-02T13:14:39,1700.0,91.5,B
2021-07-02T13:14:37,1000.0,91.5,B
2021-07-02T13:14:37,100.0,91.5,B
2021-07-02T13:14:37,1000.0,91.5,B
2021-07-02T13:14:37,500.0,91.5,B
2021-07-02T13:14:34,100.0,91.5,B
2021-07-02T13:14:32,400.0,91.5,B
2021-07-02T13:14:30,600.0,91.5,B
2021-07-02T13:14:29,800.0,91.5,B
2021-07-02T13:14:26,400.0,91.5,B
2021-07-02T13:14:25,1000.0,91.5,S
2021-07-02T13:14:25,100.0,91.5,S
2021-07-02T13:14:25,1000.0,91.5,S
2021-07-02T13:14:23,700.0,91.5,S
2021-07-02T13:14:23,1000.0,91.5,S
2021-07-02T13:14:22,400.0,91.5,S
2021-07-02T13:14:22,100.0,91.5,S
2021-07-02T13:14:21,500.0,91.5,S
2021-07-02T13:14:21,17500.0,91.5,S
2021-07-02T13:14:15,100.0,91.9,B
2021-07-02T13:14:14,500.0,91.9,B
2021-07-02T13:14:13,200.0,91.5,S
2021-07-02T13:14:12,300.0,91.5,S
2021-07-02T13:14:12,100.0,91.5,S
2021-07-02T13:14:12,100.0,91.5,B
2021-07-02T13:14:11,2000.0,91.9,B
2021-07-02T13:14:11,1400.0,91.9,B
2021-07-02T13:14:11,100.0,91.7,B
2021-07-02T13:14:11,1800.0,91.6,B
2021-07-02T13:14:11,300.0,91.6,B
2021-07-02T13:14:09,100.0,91.5,B
2021-07-02T13:14:04,100.0,91.5,B
2021-07-02T13:14:04,700.0,91.5,B
2021-07-02T13:14:04,300.0,91.5,B
2021-07-02T13:14:03,1000.0,91.5,B
2021-07-02T13:14:03,8200.0,91.5,B
2021-07-02T13:14:03,100.0,91.5,B
2021-07-02T13:14:03,5300.0,91.5,B
2021-07-02T13:14:03,200.0,91.5,B
2021-07-02T13:14:02,500.0,91.4,S
2021-07-02T13:14:02,100.0,91.5,B
2021-07-02T13:14:01,1400.0,91.5,B
2021-07-02T13:14:01,100.0,91.5,B
2021-07-02T13:14:01,2200.0,91.5,B
2021-07-02T13:13:57,2000.0,91.5,B
2021-07-02T13:13:56,4500.0,91.5,B
2021-07-02T13:13:56,100.0,91.5,B
2021-07-02T13:13:56,1000.0,91.4,S
2021-07-02T13:13:55,300.0,91.5,B
2021-07-02T13:13:52,300.0,91.5,B
2021-07-02T13:13:49,400.0,91.5,B
2021-07-02T13:13:48,200.0,91.5,B
2021-07-02T13:13:46,100.0,91.4,B
2021-07-02T13:13:45,400.0,91.4,B
2021-07-02T13:13:45,2000.0,91.5,B
2021-07-02T13:13:44,500.0,91.4,B
2021-07-02T13:13:44,100.0,91.5,B
2021-07-02T13:13:39,300.0,91.4,B
2021-07-02T13:13:36,500.0,91.4,B
2021-07-02T13:13:35,500.0,91.4,B
2021-07-02T13:13:28,100.0,91.3,B
2021-07-02T13:13:28,200.0,91.4,B
2021-07-02T13:13:27,200.0,91.5,B
2021-07-02T13:13:26,1500.0,91.3,B
2021-07-02T13:13:26,200.0,91.4,B
2021-07-02T13:13:24,1300.0,91.5,B
2021-07-02T13:13:18,400.0,91.5,B
2021-07-02T13:13:18,500.0,91.4,B
2021-07-02T13:13:17,100.0,91.5,B
2021-07-02T13:13:17,100.0,91.5,B
2021-07-02T13:13:17,500.0,91.4,B
2021-07-02T13:13:17,2100.0,91.4,B
2021-07-02T13:13:16,1000.0,91.2,S
2021-07-02T13:13:15,1500.0,91.4,B
2021-07-02T13:13:15,100.0,91.2,S
2021-07-02T13:13:14,100.0,91.3,B
2021-07-02T13:13:13,300.0,91.3,B
2021-07-02T13:13:12,500.0,91.4,B
2021-07-02T13:13:11,600.0,91.4,B
2021-07-02T13:13:08,400.0,91.3,B
2021-07-02T13:13:06,200.0,91.3,B
2021-07-02T13:13:04,300.0,91.4,B
2021-07-02T13:13:02,4500.0,91.4,B
2021-07-02T13:13:02,1000.0,91.3,B
2021-07-02T13:13:02,1300.0,91.3,B
2021-07-02T13:13:01,100.0,91.4,B
2021-07-02T13:12:56,100.0,91.4,B
2021-07-02T13:12:53,500.0,91.4,B
2021-07-02T13:12:52,600.0,91.4,B
2021-07-02T13:12:52,5400.0,91.4,B
2021-07-02T13:12:51,100.0,91.2,S
2021-07-02T13:12:46,400.0,91.3,B
2021-07-02T13:12:42,700.0,91.3,B
2021-07-02T13:12:32,2100.0,91.2,S
2021-07-02T13:12:27,300.0,91.3,B
2021-07-02T13:12:18,500.0,91.0,S
2021-07-02T13:12:18,100.0,91.0,S
2021-07-02T13:12:17,1600.0,91.0,S
2021-07-02T13:12:17,400.0,91.0,S
2021-07-02T13:12:13,500.0,91.3,B
2021-07-02T13:12:13,1600.0,91.0,S
2021-07-02T13:12:12,3400.0,91.0,S
2021-07-02T13:12:12,500.0,91.3,B
2021-07-02T13:12:11,300.0,91.2,B
2021-07-02T13:12:10,300.0,91.0,S
2021-07-02T13:12:10,100.0,91.0,S
2021-07-02T13:12:10,200.0,91.2,B
2021-07-02T13:12:10,500.0,91.2,B
2021-07-02T13:12:09,100.0,91.0,S
2021-07-02T13:12:05,200.0,91.0,S
2021-07-02T13:12:04,400.0,91.0,S
2021-07-02T13:12:04,100.0,91.1,B
2021-07-02T13:12:01,200.0,91.1,B
2021-07-02T13:12:00,100.0,91.0,S
2021-07-02T13:12:00,100.0,91.0,S
2021-07-02T13:11:59,100.0,91.0,S
2021-07-02T13:11:57,100.0,91.0,B
2021-07-02T13:11:56,200.0,91.1,B
2021-07-02T13:11:56,100.0,91.1,B
2021-07-02T13:11:56,100.0,91.0,B
2021-07-02T13:11:54,1000.0,91.0,B
2021-07-02T13:11:54,1000.0,91.0,B
2021-07-02T13:11:53,100.0,91.0,B
2021-07-02T13:11:52,500.0,91.0,B
2021-07-02T13:11:51,100.0,91.0,B
2021-07-02T13:11:46,500.0,91.0,B
2021-07-02T13:11:46,700.0,91.0,B
2021-07-02T13:11:46,800.0,91.0,B
2021-07-02T13:11:45,10000.0,91.0,B
2021-07-02T13:11:44,400.0,91.0,B
2021-07-02T13:11:42,1000.0,91.0,B
2021-07-02T13:11:42,100.0,91.0,B
2021-07-02T13:11:41,4600.0,91.0,B
2021-07-02T13:11:41,600.0,91.0,B
2021-07-02T13:11:41,11000.0,91.0,B
2021-07-02T13:11:40,100.0,90.9,S
2021-07-02T13:11:38,4000.0,91.0,B
2021-07-02T13:11:37,3700.0,91.0,B
2021-07-02T13:11:37,100.0,91.0,B
2021-07-02T13:11:36,200.0,91.0,B
2021-07-02T13:11:36,500.0,91.0,B
2021-07-02T13:11:33,100.0,91.0,B
2021-07-02T13:11:33,1300.0,91.0,B
2021-07-02T13:11:32,1700.0,91.0,B
2021-07-02T13:11:32,1000.0,91.0,B
2021-07-02T13:11:30,200.0,91.0,B
2021-07-02T13:11:30,1000.0,90.9,S
2021-07-02T13:11:30,400.0,91.0,B
2021-07-02T13:11:30,400.0,91.0,B
2021-07-02T13:11:30,2000.0,91.0,B
2021-07-02T13:11:29,100.0,91.0,B
2021-07-02T13:11:27,200.0,91.0,B
2021-07-02T13:11:27,500.0,91.0,B
2021-07-02T13:11:27,300.0,91.0,B
2021-07-02T13:11:24,2500.0,91.0,B
2021-07-02T13:11:24,200.0,91.0,B
2021-07-02T13:11:23,100.0,91.0,B
2021-07-02T13:11:21,9600.0,91.0,B
2021-07-02T13:11:19,600.0,91.0,B
2021-07-02T13:11:19,400.0,91.0,B
2021-07-02T13:11:15,500.0,91.0,B
2021-07-02T13:11:15,1000.0,91.0,B
2021-07-02T13:11:15,100.0,91.0,B
2021-07-02T13:11:15,600.0,91.0,B
2021-07-02T13:11:15,900.0,91.0,B
2021-07-02T13:11:15,4000.0,91.0,B
2021-07-02T13:11:15,2000.0,91.0,B
2021-07-02T13:11:03,500.0,91.0,B
2021-07-02T13:11:01,100.0,90.9,B
2021-07-02T13:11:01,100.0,90.9,B
2021-07-02T13:10:56,10500.0,90.9,B
2021-07-02T13:10:56,100.0,90.6,S
2021-07-02T13:10:44,100.0,90.6,S
2021-07-02T13:10:44,1100.0,90.8,B
2021-07-02T13:10:42,100.0,90.6,B
2021-07-02T13:10:41,400.0,90.6,B
2021-07-02T13:10:41,400.0,90.6,B
2021-07-02T13:10:41,400.0,90.3,S
2021-07-02T13:10:40,900.0,90.3,S
2021-07-02T13:10:40,600.0,90.6,B
2021-07-02T13:10:40,600.0,90.6,B
2021-07-02T13:10:39,200.0,90.5,S
2021-07-02T13:10:39,300.0,90.5,S
2021-07-02T13:10:37,100.0,90.5,S
2021-07-02T13:10:25,5000.0,90.6,B
2021-07-02T13:10:22,400.0,90.6,B
2021-07-02T13:10:20,100.0,90.3,S
2021-07-02T13:10:13,400.0,90.3,S
2021-07-02T13:10:11,2000.0,90.6,B
2021-07-02T13:10:08,300.0,90.3,B
2021-07-02T13:10:05,300.0,90.1,S
2021-07-02T13:10:05,200.0,90.2,B
2021-07-02T13:09:54,500.0,90.0,S
2021-07-02T13:09:52,11300.0,90.6,B
2021-07-02T13:09:52,7100.0,90.5,B
2021-07-02T13:09:52,600.0,90.5,B
2021-07-02T13:09:51,100.0,90.5,B
2021-07-02T13:09:51,1100.0,90.5,B
2021-07-02T13:09:51,700.0,90.5,B
2021-07-02T13:09:51,1700.0,90.5,B
2021-07-02T13:09:51,11200.0,90.5,B
2021-07-02T13:09:51,100.0,90.5,B
2021-07-02T13:09:51,1700.0,90.5,B
2021-07-02T13:09:51,400.0,90.5,B
2021-07-02T13:09:51,1800.0,90.5,B
2021-07-02T13:09:51,500.0,90.4,B
2021-07-02T13:09:51,400.0,90.4,B
2021-07-02T13:09:51,100.0,90.3,B
2021-07-02T13:09:51,200.0,90.3,B
2021-07-02T13:09:51,5000.0,90.3,B
2021-07-02T13:09:48,300.0,90.0,S
2021-07-02T13:09:44,300.0,90.2,B
2021-07-02T13:09:43,100.0,90.0,B
2021-07-02T13:09:43,1000.0,90.2,B
2021-07-02T13:09:41,100.0,90.0,B
2021-07-02T13:09:41,100.0,90.0,B
2021-07-02T13:09:39,100.0,90.0,B
2021-07-02T13:09:39,200.0,90.0,B
2021-07-02T13:09:39,100.0,90.2,B
2021-07-02T13:09:39,100.0,90.2,B
2021-07-02T13:09:39,2900.0,90.2,B
2021-07-02T13:09:39,200.0,90.2,B
2021-07-02T13:09:39,700.0,90.2,B
2021-07-02T13:09:39,600.0,90.2,B
2021-07-02T13:09:39,200.0,90.1,B
2021-07-02T13:09:39,2400.0,90.1,B
2021-07-02T13:09:39,100.0,90.1,B
2021-07-02T13:09:39,400.0,90.1,B
2021-07-02T13:09:39,400.0,90.1,B
2021-07-02T13:09:39,500.0,90.0,B
2021-07-02T13:09:39,500.0,90.0,B
2021-07-02T13:09:39,3900.0,90.0,B
2021-07-02T13:09:38,1000.0,90.0,B
2021-07-02T13:09:38,300.0,90.0,B
2021-07-02T13:09:37,1900.0,90.0,B
2021-07-02T13:09:37,500.0,90.0,B
2021-07-02T13:09:37,500.0,90.0,B
2021-07-02T13:09:37,2100.0,90.0,B
2021-07-02T13:09:36,500.0,90.0,B
2021-07-02T13:09:36,900.0,90.0,B
2021-07-02T13:09:36,1500.0,90.0,B
2021-07-02T13:09:35,2500.0,90.0,B
2021-07-02T13:09:35,500.0,90.0,B
2021-07-02T13:09:33,200.0,90.0,B
2021-07-02T13:09:32,200.0,90.0,B
2021-07-02T13:09:32,400.0,90.0,B
2021-07-02T13:09:32,1000.0,90.0,B
2021-07-02T13:09:32,500.0,90.0,B
2021-07-02T13:09:32,1600.0,90.0,B
2021-07-02T13:09:31,400.0,90.0,B
2021-07-02T13:09:31,400.0,90.0,B
2021-07-02T13:09:31,600.0,90.0,B
2021-07-02T13:09:30,1300.0,90.0,B
2021-07-02T13:09:30,200.0,90.0,B
2021-07-02T13:09:29,200.0,90.0,B
2021-07-02T13:09:28,1100.0,90.0,B
2021-07-02T13:09:28,3900.0,90.0,B
2021-07-02T13:09:28,500.0,90.0,B
2021-07-02T13:09:27,300.0,90.0,B
2021-07-02T13:09:27,400.0,90.0,B
2021-07-02T13:09:27,100.0,90.0,B
2021-07-02T13:09:27,200.0,90.0,B
2021-07-02T13:09:27,100.0,90.0,B
2021-07-02T13:09:27,2500.0,90.0,B
2021-07-02T13:09:26,2100.0,90.0,B
2021-07-02T13:09:25,100.0,90.0,B
2021-07-02T13:09:24,1300.0,90.0,B
2021-07-02T13:09:24,700.0,90.0,B
2021-07-02T13:09:24,1000.0,90.0,B
2021-07-02T13:09:23,2500.0,90.0,B
2021-07-02T13:09:23,400.0,90.0,B
2021-07-02T13:09:23,100.0,90.0,B
2021-07-02T13:09:22,800.0,90.0,B
2021-07-02T13:09:22,2000.0,90.0,B
2021-07-02T13:09:22,600.0,90.0,B
2021-07-02T13:09:22,600.0,90.0,B
2021-07-02T13:09:22,500.0,90.0,B
2021-07-02T13:09:21,500.0,90.0,B
2021-07-02T13:09:21,400.0,90.0,B
2021-07-02T13:09:21,2600.0,90.0,B
2021-07-02T13:09:18,100.0,90.0,B
2021-07-02T13:09:18,2900.0,90.0,B
2021-07-02T13:09:18,11000.0,90.0,B
2021-07-02T13:09:16,16700.0,90.0,B
2021-07-02T13:09:16,1400.0,90.0,B
2021-07-02T13:09:16,1400.0,90.0,B
2021-07-02T13:09:16,500.0,90.0,B
2021-07-02T13:09:15,300.0,90.0,B
2021-07-02T13:09:14,500.0,90.0,B
2021-07-02T13:09:13,400.0,90.0,B
2021-07-02T13:09:11,500.0,90.0,B
2021-07-02T13:09:08,500.0,90.0,B
2021-07-02T13:09:08,300.0,90.0,B
2021-07-02T13:09:08,3000.0,90.0,B
2021-07-02T13:09:07,500.0,90.0,B
2021-07-02T13:09:07,1000.0,90.0,B
2021-07-02T13:09:06,1100.0,90.0,B
2021-07-02T13:09:05,5000.0,90.0,B
2021-07-02T13:09:03,2000.0,90.0,B
2021-07-02T13:09:03,100.0,90.0,B
2021-07-02T13:09:02,400.0,90.0,B
2021-07-02T13:09:02,1600.0,90.0,B
2021-07-02T13:09:00,1000.0,90.0,B
2021-07-02T13:08:59,1000.0,90.0,B
2021-07-02T13:08:58,2000.0,90.0,B
2021-07-02T13:08:57,300.0,90.0,B
2021-07-02T13:08:57,100.0,90.0,B
2021-07-02T13:08:57,100.0,90.0,B
2021-07-02T13:08:55,1100.0,90.0,B
2021-07-02T13:08:55,1000.0,90.0,B
2021-07-02T13:08:53,500.0,90.0,B
2021-07-02T13:08:53,5000.0,90.0,B
2021-07-02T13:08:53,300.0,90.0,B
2021-07-02T13:08:52,500.0,90.0,B
2021-07-02T13:08:51,200.0,90.0,B
2021-07-02T13:08:51,200.0,90.0,B
2021-07-02T13:08:50,500.0,90.0,B
2021-07-02T13:08:50,1100.0,90.0,B
2021-07-02T13:08:49,10000.0,90.0,B
2021-07-02T13:08:49,100.0,90.0,B
2021-07-02T13:08:47,500.0,90.0,B
2021-07-02T13:08:47,300.0,90.0,B
2021-07-02T13:08:46,500.0,90.0,B
2021-07-02T13:08:46,2000.0,90.0,B
2021-07-02T13:08:45,4800.0,90.0,B
2021-07-02T13:08:45,300.0,90.0,B
2021-07-02T13:08:45,1000.0,90.0,B
2021-07-02T13:08:44,500.0,89.9,S
2021-07-02T13:08:44,6800.0,89.9,S
2021-07-02T13:08:44,2700.0,89.9,S
2021-07-02T13:08:43,100.0,90.0,B
2021-07-02T13:08:40,1000.0,90.0,B
2021-07-02T13:08:40,100.0,90.0,B
2021-07-02T13:08:39,100.0,90.0,B
2021-07-02T13:08:39,300.0,90.0,B
2021-07-02T13:08:38,300.0,90.0,B
2021-07-02T13:08:37,100.0,90.0,B
2021-07-02T13:08:37,200.0,90.0,B
2021-07-02T13:08:36,100.0,90.0,B
2021-07-02T13:08:35,1000.0,90.0,B
2021-07-02T13:08:34,600.0,90.0,B
2021-07-02T13:08:34,200.0,90.0,B
2021-07-02T13:08:32,100.0,90.0,B
2021-07-02T13:08:32,200.0,90.0,B
2021-07-02T13:08:30,3000.0,90.0,B
2021-07-02T13:08:29,1600.0,90.0,B
2021-07-02T13:08:27,200.0,90.0,B
2021-07-02T13:08:27,100.0,90.0,B
2021-07-02T13:08:26,500.0,90.0,B
2021-07-02T13:08:25,800.0,90.0,B
2021-07-02T13:08:25,1000.0,90.0,B
2021-07-02T13:08:24,900.0,90.0,B
2021-07-02T13:08:23,900.0,90.0,B
2021-07-02T13:08:21,500.0,90.0,B
2021-07-02T13:08:19,100.0,90.0,B
2021-07-02T13:08:19,2000.0,90.0,B
2021-07-02T13:08:19,100.0,90.0,B
2021-07-02T13:08:16,2000.0,90.0,B
2021-07-02T13:08:14,200.0,90.0,B
2021-07-02T13:08:14,1900.0,90.0,B
2021-07-02T13:08:14,500.0,90.0,B
2021-07-02T13:08:14,1500.0,90.0,B
2021-07-02T13:08:14,1000.0,90.0,B
2021-07-02T13:08:13,200.0,90.0,B
2021-07-02T13:08:13,1500.0,90.0,B
2021-07-02T13:08:13,2100.0,90.0,B
2021-07-02T13:08:13,1700.0,90.0,B
2021-07-02T13:08:13,1100.0,90.0,B
2021-07-02T13:08:13,1300.0,90.0,B
2021-07-02T13:08:13,700.0,90.0,B
2021-07-02T13:08:13,500.0,90.0,B
2021-07-02T13:08:13,200.0,90.0,B
2021-07-02T13:08:13,4600.0,90.0,B
2021-07-02T13:08:13,300.0,90.0,B
2021-07-02T13:08:13,1200.0,90.0,B
2021-07-02T13:08:11,1800.0,90.0,B
2021-07-02T13:08:11,3200.0,90.0,B
2021-07-02T13:08:10,600.0,90.0,B
2021-07-02T13:08:05,1200.0,90.0,B
2021-07-02T13:08:04,500.0,90.0,B
2021-07-02T13:08:04,500.0,90.0,B
2021-07-02T13:08:04,100.0,90.0,B
2021-07-02T13:08:04,100.0,90.0,B
2021-07-02T13:08:04,300.0,90.0,B
2021-07-02T13:08:04,100.0,90.0,B
2021-07-02T13:07:56,300.0,89.9,S
2021-07-02T13:07:54,200.0,90.0,B
2021-07-02T13:07:54,200.0,90.0,B
2021-07-02T13:07:54,700.0,90.0,B
2021-07-02T13:07:54,700.0,90.0,B
2021-07-02T13:07:53,300.0,89.9,S
2021-07-02T13:07:52,500.0,90.0,B
2021-07-02T13:07:51,100.0,89.9,S
2021-07-02T13:07:46,100.0,89.9,B
2021-07-02T13:07:46,200.0,89.9,B
2021-07-02T13:07:46,500.0,89.9,B
2021-07-02T13:07:45,1000.0,89.9,B
2021-07-02T13:07:45,700.0,89.9,B
2021-07-02T13:07:42,1000.0,89.9,B
2021-07-02T13:07:41,1000.0,89.8,S
2021-07-02T13:07:41,300.0,89.9,B
2021-07-02T13:07:40,700.0,89.9,B
2021-07-02T13:07:39,100.0,89.9,B
2021-07-02T13:07:39,200.0,89.9,B
2021-07-02T13:07:39,6700.0,89.9,B
2021-07-02T13:07:39,100.0,89.9,B
2021-07-02T13:07:39,1000.0,89.9,B
2021-07-02T13:07:39,2600.0,89.9,B
2021-07-02T13:07:39,600.0,89.9,B
2021-07-02T13:07:35,200.0,89.9,B
2021-07-02T13:07:31,600.0,89.9,B
2021-07-02T13:07:28,100.0,89.9,B
2021-07-02T13:07:28,200.0,89.9,B
2021-07-02T13:07:24,100.0,89.8,S
2021-07-02T13:07:22,5500.0,89.7,S
2021-07-02T13:07:22,6000.0,89.7,S
2021-07-02T13:07:22,200.0,89.8,S
2021-07-02T13:07:21,7800.0,89.8,S
2021-07-02T13:07:21,500.0,89.8,S
2021-07-02T13:07:17,2700.0,89.9,B
2021-07-02T13:07:17,500.0,89.9,B
2021-07-02T13:07:17,1800.0,89.9,B
2021-07-02T13:07:12,200.0,89.9,B
2021-07-02T13:07:12,900.0,89.9,B
2021-07-02T13:07:08,100.0,89.9,B
2021-07-02T13:07:06,1000.0,89.8,B
2021-07-02T13:07:03,1300.0,89.9,B
2021-07-02T13:07:02,4400.0,89.9,B
2021-07-02T13:07:02,900.0,89.8,B
2021-07-02T13:07:00,3200.0,89.8,B
2021-07-02T13:06:58,6100.0,89.8,B
2021-07-02T13:06:57,1000.0,89.8,B
2021-07-02T13:06:57,500.0,89.8,B
2021-07-02T13:06:56,1000.0,89.8,B
2021-07-02T13:06:48,1100.0,89.8,B
2021-07-02T13:06:46,200.0,89.8,B
2021-07-02T13:06:37,2800.0,89.8,B
2021-07-02T13:06:36,200.0,89.7,B
2021-07-02T13:06:34,100.0,89.8,B
2021-07-02T13:06:32,1500.0,89.8,B
2021-07-02T13:06:32,1000.0,89.7,B
2021-07-02T13:06:31,2700.0,89.7,B
2021-07-02T13:06:31,900.0,89.7,B
2021-07-02T13:06:30,1000.0,89.7,B
2021-07-02T13:06:25,800.0,89.7,B
2021-07-02T13:06:23,900.0,89.7,B
2021-07-02T13:06:23,4400.0,89.7,B
2021-07-02T13:06:23,400.0,89.7,B
2021-07-02T13:06:22,600.0,89.7,B
2021-07-02T13:06:22,1400.0,89.7,B
2021-07-02T13:06:22,200.0,89.7,B
2021-07-02T13:06:19,500.0,89.7,B
2021-07-02T13:06:13,1600.0,89.7,B
2021-07-02T13:06:10,1000.0,89.7,B
2021-07-02T13:06:08,300.0,89.7,B
2021-07-02T13:06:04,100.0,89.6,S
2021-07-02T13:05:59,500.0,89.7,B
2021-07-02T13:05:59,500.0,89.7,B
2021-07-02T13:05:57,700.0,89.7,B
2021-07-02T13:05:54,200.0,89.6,B
2021-07-02T13:05:50,500.0,89.6,B
2021-07-02T13:05:50,700.0,89.6,B
2021-07-02T13:05:50,1800.0,89.6,B
2021-07-02T13:05:48,200.0,89.6,B
2021-07-02T13:05:46,9300.0,89.6,B
2021-07-02T13:05:46,400.0,89.6,B
2021-07-02T13:05:46,200.0,89.6,B
2021-07-02T13:05:45,3700.0,89.6,B
2021-07-02T13:05:45,200.0,89.6,B
2021-07-02T13:05:42,5500.0,89.6,B
2021-07-02T13:05:42,2700.0,89.6,B
2021-07-02T13:05:40,500.0,89.6,B
2021-07-02T13:05:40,300.0,89.6,B
2021-07-02T13:05:36,800.0,89.6,B
2021-07-02T13:05:35,8100.0,89.6,B
2021-07-02T13:05:32,2000.0,89.6,B
2021-07-02T13:05:32,300.0,89.6,B
2021-07-02T13:05:30,200.0,89.6,B
2021-07-02T13:05:29,100.0,89.6,B
2021-07-02T13:05:28,800.0,89.6,B
2021-07-02T13:05:24,300.0,89.6,B
2021-07-02T13:05:24,100.0,89.6,B
2021-07-02T13:05:24,100.0,89.5,S
2021-07-02T13:05:23,500.0,89.6,B
2021-07-02T13:05:23,100.0,89.6,B
2021-07-02T13:05:21,100.0,89.6,B
2021-07-02T13:05:21,1000.0,89.6,B
2021-07-02T13:05:20,500.0,89.6,B
2021-07-02T13:05:20,3000.0,89.6,B
2021-07-02T13:05:18,100.0,89.6,B
2021-07-02T13:05:13,10000.0,89.6,B
2021-07-02T13:05:12,5000.0,89.6,B
2021-07-02T13:05:11,500.0,89.6,B
2021-07-02T13:05:11,400.0,89.6,B
2021-07-02T13:05:11,200.0,89.6,B
2021-07-02T13:05:11,900.0,89.6,B
2021-07-02T13:05:08,300.0,89.6,B
2021-07-02T13:05:04,2000.0,89.6,B
2021-07-02T13:05:04,800.0,89.6,B
2021-07-02T13:05:04,3300.0,89.6,B
2021-07-02T13:05:04,100.0,89.6,B
2021-07-02T13:05:03,1000.0,89.6,B
2021-07-02T13:05:03,1000.0,89.6,B
2021-07-02T13:05:02,300.0,89.6,B
2021-07-02T13:05:01,3000.0,89.6,B
2021-07-02T13:05:01,500.0,89.6,B
2021-07-02T13:05:00,100.0,89.6,B
2021-07-02T13:05:00,100.0,89.6,B
2021-07-02T13:04:58,4000.0,89.6,B
2021-07-02T13:04:58,300.0,89.6,B
2021-07-02T13:04:56,3100.0,89.6,B
2021-07-02T13:04:55,200.0,89.6,B
2021-07-02T13:04:54,1000.0,89.6,B
2021-07-02T13:04:50,1000.0,89.6,B
2021-07-02T13:04:48,200.0,89.6,B
2021-07-02T13:04:47,200.0,89.6,B
2021-07-02T13:04:43,100.0,89.6,B
2021-07-02T13:04:40,400.0,89.6,B
2021-07-02T13:04:39,300.0,89.6,B
2021-07-02T13:04:38,1000.0,89.6,B
2021-07-02T13:04:36,100.0,89.6,B
2021-07-02T13:04:34,100.0,89.6,B
2021-07-02T13:04:33,3000.0,89.6,B
2021-07-02T13:04:33,1000.0,89.6,B
2021-07-02T13:04:28,10000.0,89.6,B
2021-07-02T13:04:14,3000.0,89.5,B
2021-07-02T13:04:14,300.0,89.5,B
2021-07-02T13:04:12,100.0,89.5,B
2021-07-02T13:04:11,300.0,89.5,B
2021-07-02T13:04:11,1000.0,89.5,B
2021-07-02T13:04:11,2100.0,89.5,B
2021-07-02T13:04:10,1000.0,89.5,B
2021-07-02T13:04:09,2700.0,89.5,B
2021-07-02T13:04:07,400.0,89.5,B
2021-07-02T13:04:06,200.0,89.5,B
2021-07-02T13:04:06,1100.0,89.5,B
2021-07-02T13:04:06,3700.0,89.5,B
2021-07-02T13:04:04,200.0,89.5,B
2021-07-02T13:04:04,800.0,89.5,B
2021-07-02T13:04:04,200.0,89.5,B
2021-07-02T13:04:03,100.0,89.5,B
2021-07-02T13:04:03,100.0,89.5,B
2021-07-02T13:04:01,100.0,89.5,B
2021-07-02T13:04:01,1300.0,89.4,S
2021-07-02T13:04:01,300.0,89.4,S
2021-07-02T13:04:00,500.0,89.5,B
2021-07-02T13:04:00,1600.0,89.5,B
2021-07-02T13:04:00,500.0,89.5,B
2021-07-02T13:04:00,1000.0,89.5,B
2021-07-02T13:04:00,15000.0,89.5,B
2021-07-02T13:04:00,1100.0,89.5,B
2021-07-02T13:04:00,2200.0,89.5,B
2021-07-02T13:04:00,4000.0,89.5,B
2021-07-02T13:04:00,400.0,89.5,B
2021-07-02T13:04:00,200.0,89.5,B
2021-07-02T13:04:00,300.0,89.5,B
2021-07-02T13:04:00,1700.0,89.5,B
2021-07-02T13:04:00,2700.0,89.5,B
2021-07-02T13:04:00,100.0,89.5,B
2021-07-02T13:03:59,1500.0,89.5,B
2021-07-02T13:03:59,2200.0,89.5,B
2021-07-02T13:03:59,100.0,89.5,B
2021-07-02T13:03:59,800.0,89.5,B
2021-07-02T13:03:59,800.0,89.5,B
2021-07-02T13:03:59,2300.0,89.5,B
2021-07-02T13:03:59,1400.0,89.5,B
2021-07-02T13:03:59,500.0,89.5,B
2021-07-02T13:03:56,1100.0,89.5,B
2021-07-02T13:03:56,1400.0,89.5,B
2021-07-02T13:03:55,2400.0,89.5,B
2021-07-02T13:03:55,2600.0,89.5,B
2021-07-02T13:03:52,1200.0,89.5,B
2021-07-02T13:03:52,200.0,89.5,B
2021-07-02T13:03:51,400.0,89.5,B
2021-07-02T13:03:51,1600.0,89.5,B
2021-07-02T13:03:50,300.0,89.5,B
2021-07-02T13:03:49,200.0,89.5,B
2021-07-02T13:03:49,1300.0,89.5,B
2021-07-02T13:03:49,100.0,89.5,B
2021-07-02T13:03:49,300.0,89.5,B
2021-07-02T13:03:49,1000.0,89.5,B
2021-07-02T13:03:49,7300.0,89.5,B
2021-07-02T13:03:48,400.0,89.5,B
2021-07-02T13:03:48,5000.0,89.5,B
2021-07-02T13:03:45,700.0,89.5,B
2021-07-02T13:03:44,2000.0,89.5,B
2021-07-02T13:03:44,2000.0,89.5,B
2021-07-02T13:03:41,1000.0,89.5,B
2021-07-02T13:03:41,500.0,89.5,B
2021-07-02T13:03:36,2100.0,89.5,B
2021-07-02T13:03:34,200.0,89.5,B
2021-07-02T13:03:34,1200.0,89.5,B
2021-07-02T13:03:33,3800.0,89.5,B
2021-07-02T13:03:33,2000.0,89.5,B
2021-07-02T13:03:32,500.0,89.5,B
2021-07-02T13:03:27,100.0,89.5,B
2021-07-02T13:03:26,100.0,89.5,B
2021-07-02T13:03:25,1300.0,89.5,B
2021-07-02T13:03:25,1000.0,89.5,B
2021-07-02T13:03:24,900.0,89.5,B
2021-07-02T13:03:24,200.0,89.5,B
2021-07-02T13:03:22,200.0,89.5,B
2021-07-02T13:03:19,100.0,89.5,B
2021-07-02T13:03:16,200.0,89.5,B
2021-07-02T13:03:15,900.0,89.5,B
2021-07-02T13:03:15,100.0,89.5,B
2021-07-02T13:03:14,200.0,89.5,B
2021-07-02T13:03:12,100.0,89.5,B
2021-07-02T13:03:11,2000.0,89.5,B
2021-07-02T13:03:10,6000.0,89.5,B
2021-07-02T13:03:09,700.0,89.5,B
2021-07-02T13:03:00,400.0,89.5,B
2021-07-02T13:02:52,2000.0,89.5,B
2021-07-02T13:02:46,500.0,89.4,B
2021-07-02T13:02:45,100.0,89.4,B
2021-07-02T13:02:45,1100.0,89.3,S
2021-07-02T13:02:45,4300.0,89.4,B
2021-07-02T13:02:40,300.0,89.4,B
2021-07-02T13:02:39,9700.0,89.4,B
2021-07-02T13:02:39,5600.0,89.4,B
2021-07-02T13:02:39,300.0,89.4,B
2021-07-02T13:02:38,3700.0,89.4,B
2021-07-02T13:02:38,700.0,89.4,B
2021-07-02T13:02:38,100.0,89.4,B
2021-07-02T13:02:35,1200.0,89.4,B
2021-07-02T13:02:27,6200.0,89.4,B
2021-07-02T13:02:18,300.0,89.4,B
2021-07-02T13:02:18,1400.0,89.4,B
2021-07-02T13:02:18,1100.0,89.4,B
2021-07-02T13:02:17,1500.0,89.4,B
2021-07-02T13:02:12,600.0,89.4,B
2021-07-02T13:02:06,700.0,89.3,B
2021-07-02T13:02:04,600.0,89.4,B
2021-07-02T13:02:04,4400.0,89.4,B
2021-07-02T13:02:04,500.0,89.4,B
2021-07-02T13:02:03,800.0,89.4,B
2021-07-02T13:02:01,100.0,89.3,B
2021-07-02T13:02:01,700.0,89.3,B
2021-07-02T13:02:00,1600.0,89.3,B
2021-07-02T13:01:57,300.0,89.3,B
2021-07-02T13:01:52,4300.0,89.3,B
2021-07-02T13:01:49,2300.0,89.3,B
2021-07-02T13:01:49,200.0,89.3,B
2021-07-02T13:01:49,400.0,89.3,B
2021-07-02T13:01:49,7100.0,89.3,B
2021-07-02T13:01:46,800.0,89.3,B
2021-07-02T13:01:44,200.0,89.3,B
2021-07-02T13:01:42,300.0,89.3,B
2021-07-02T13:01:40,300.0,89.3,B
2021-07-02T13:01:39,100.0,89.3,B
2021-07-02T13:01:32,300.0,89.3,B
2021-07-02T13:01:31,1200.0,89.3,B
2021-07-02T13:01:30,500.0,89.3,B
2021-07-02T13:01:28,100.0,89.3,B
2021-07-02T13:01:28,400.0,89.3,B
2021-07-02T13:01:27,300.0,89.3,B
2021-07-02T13:01:27,2000.0,89.3,B
2021-07-02T13:01:26,700.0,89.3,B
2021-07-02T13:01:20,100.0,89.3,B
2021-07-02T13:01:20,1000.0,89.3,B
2021-07-02T13:01:20,500.0,89.3,B
2021-07-02T13:01:19,700.0,89.3,B
2021-07-02T13:01:19,1600.0,89.3,B
2021-07-02T13:01:19,500.0,89.3,B
2021-07-02T13:01:19,2300.0,89.3,B
2021-07-02T13:01:18,2000.0,89.3,B
2021-07-02T13:01:16,5000.0,89.3,B
2021-07-02T13:01:11,100.0,89.2,B
2021-07-02T13:01:10,100.0,89.2,B
2021-07-02T13:01:06,100.0,89.3,B
2021-07-02T13:00:58,100.0,89.3,B
2021-07-02T13:00:52,800.0,89.3,B
2021-07-02T13:00:51,600.0,89.2,B
2021-07-02T13:00:50,2100.0,89.3,B
2021-07-02T13:00:48,100.0,89.2,B
2021-07-02T13:00:48,1000.0,89.3,B
2021-07-02T13:00:45,200.0,89.3,B
2021-07-02T13:00:42,100.0,89.3,B
2021-07-02T13:00:42,100.0,89.1,B
2021-07-02T13:00:37,1000.0,89.1,B
2021-07-02T13:00:34,200.0,89.3,B
2021-07-02T13:00:27,2000.0,89.1,B
2021-07-02T13:00:27,200.0,89.2,B
2021-07-02T13:00:26,100.0,89.2,B
2021-07-02T13:00:26,100.0,89.2,B
2021-07-02T13:00:24,600.0,89.2,B
2021-07-02T13:00:24,100.0,89.3,B
2021-07-02T13:00:24,200.0,89.3,B
2021-07-02T13:00:24,500.0,89.3,B
2021-07-02T13:00:22,900.0,89.2,B
2021-07-02T13:00:22,100.0,89.2,B
2021-07-02T13:00:22,100.0,89.1,B
2021-07-02T13:00:20,200.0,89.1,B
2021-07-02T13:00:18,100.0,89.1,B
2021-07-02T13:00:18,300.0,89.1,B
2021-07-02T13:00:18,800.0,89.1,B
2021-07-02T13:00:18,200.0,89.1,B
2021-07-02T13:00:18,100.0,89.0,S
2021-07-02T13:00:16,2100.0,89.1,B
2021-07-02T13:00:16,1000.0,89.1,B
2021-07-02T13:00:16,2900.0,89.1,B
2021-07-02T13:00:16,500.0,89.1,B
2021-07-02T13:00:16,3000.0,89.1,B
2021-07-02T13:00:14,1400.0,89.1,B
2021-07-02T13:00:14,300.0,89.1,B
2021-07-02T13:00:14,300.0,89.1,B
2021-07-02T13:00:14,200.0,89.1,B
2021-07-02T13:00:14,1100.0,89.1,B
2021-07-02T13:00:14,500.0,89.1,B
2021-07-02T13:00:14,5000.0,89.1,B
2021-07-02T11:30:04,100.0,89.0,S
2021-07-02T11:29:53,500.0,89.0,B
2021-07-02T11:29:53,500.0,89.0,B
2021-07-02T11:29:52,1000.0,89.0,B
2021-07-02T11:29:52,1000.0,89.0,B
2021-07-02T11:29:52,1000.0,89.0,B
2021-07-02T11:29:49,2000.0,89.0,B
2021-07-02T11:29:49,3000.0,89.0,B
2021-07-02T11:29:46,1000.0,89.0,B
2021-07-02T11:29:39,1000.0,89.0,B
2021-07-02T11:29:36,500.0,89.0,B
2021-07-02T11:29:30,4000.0,89.0,B
2021-07-02T11:29:27,1000.0,89.0,B
2021-07-02T11:29:25,1000.0,89.0,B
2021-07-02T11:29:25,1000.0,89.0,B
2021-07-02T11:29:17,400.0,89.0,B
2021-07-02T11:29:17,200.0,89.0,B
2021-07-02T11:29:16,3000.0,89.0,B
2021-07-02T11:29:15,4100.0,89.0,B
2021-07-02T11:29:14,5000.0,89.0,B
2021-07-02T11:29:14,200.0,89.0,B
2021-07-02T11:29:13,200.0,89.0,B
2021-07-02T11:29:06,800.0,89.0,B
2021-07-02T11:29:06,2000.0,89.0,B
2021-07-02T11:29:04,2000.0,89.0,B
2021-07-02T11:29:02,1000.0,89.0,B
2021-07-02T11:29:02,1000.0,89.0,B
2021-07-02T11:28:51,4000.0,89.0,B
2021-07-02T11:28:48,200.0,88.9,S
2021-07-02T11:28:38,200.0,89.0,B
2021-07-02T11:28:37,1000.0,89.0,B
2021-07-02T11:28:32,1000.0,89.0,B
2021-07-02T11:28:28,1000.0,89.0,B
2021-07-02T11:28:26,1000.0,89.0,B
2021-07-02T11:28:24,1000.0,89.0,B
2021-07-02T11:28:23,100.0,89.0,B
2021-07-02T11:28:20,400.0,89.0,B
2021-07-02T11:28:06,700.0,89.0,B
2021-07-02T11:27:46,1500.0,89.0,B
2021-07-02T11:27:40,1100.0,89.0,B
2021-07-02T11:27:37,100.0,89.0,B
2021-07-02T11:27:36,200.0,89.0,B
2021-07-02T11:27:31,900.0,88.9,S
2021-07-02T11:27:29,300.0,89.0,B
2021-07-02T11:27:29,500.0,89.0,B
2021-07-02T11:27:23,1000.0,89.0,B
2021-07-02T11:27:15,2000.0,89.0,B
2021-07-02T11:27:15,100.0,88.9,S
2021-07-02T11:27:09,300.0,89.0,B
2021-07-02T11:26:58,1000.0,89.0,B
2021-07-02T11:26:56,400.0,89.0,B
2021-07-02T11:26:56,500.0,89.0,B
2021-07-02T11:26:55,1000.0,89.0,B
2021-07-02T11:26:54,3000.0,89.0,B
2021-07-02T11:26:54,1800.0,89.0,B
2021-07-02T11:26:51,100.0,89.0,B
2021-07-02T11:26:51,700.0,89.0,B
2021-07-02T11:26:48,2500.0,89.0,B
2021-07-02T11:26:48,300.0,88.9,S
2021-07-02T11:26:48,800.0,88.9,S
2021-07-02T11:26:48,300.0,88.9,S
2021-07-02T11:26:48,1600.0,88.9,S
2021-07-02T11:26:43,100.0,89.0,B
2021-07-02T11:26:42,100.0,89.0,B
2021-07-02T11:26:36,300.0,89.0,B
2021-07-02T11:26:28,300.0,89.0,B
2021-07-02T11:26:19,200.0,89.0,B
2021-07-02T11:26:17,100.0,89.0,B
2021-07-02T11:26:16,200.0,89.0,B
2021-07-02T11:26:14,600.0,89.0,B
2021-07-02T11:26:14,700.0,89.0,B
2021-07-02T11:26:10,100.0,89.0,S
2021-07-02T11:26:10,2000.0,89.0,S
2021-07-02T11:26:10,1100.0,89.0,S
2021-07-02T11:26:10,2000.0,89.0,S
2021-07-02T11:26:09,400.0,89.0,S
2021-07-02T11:26:09,13100.0,89.0,S
2021-07-02T11:26:09,9400.0,89.0,S
2021-07-02T11:26:09,1400.0,89.0,S
2021-07-02T11:26:09,200.0,89.0,S
2021-07-02T11:26:09,2000.0,89.0,S
2021-07-02T11:26:09,1400.0,89.0,S
2021-07-02T11:26:09,1000.0,89.1,B
2021-07-02T11:25:59,100.0,89.1,B
2021-07-02T11:25:59,1800.0,89.1,B
2021-07-02T11:25:59,600.0,89.1,B
2021-07-02T11:25:59,200.0,89.1,B
2021-07-02T11:25:59,200.0,89.1,B
2021-07-02T11:25:59,900.0,89.1,B
2021-07-02T11:25:59,1100.0,89.1,B
2021-07-02T11:25:59,1000.0,89.1,B
2021-07-02T11:25:59,1000.0,89.1,B
2021-07-02T11:25:59,100.0,89.1,B
2021-07-02T11:25:58,800.0,89.1,B
2021-07-02T11:25:57,300.0,89.2,S
2021-07-02T11:25:55,1000.0,89.3,B
2021-07-02T11:25:44,1500.0,89.3,B
2021-07-02T11:25:42,300.0,89.2,B
2021-07-02T11:25:26,600.0,89.2,B
2021-07-02T11:25:25,200.0,89.2,B
2021-07-02T11:25:25,5000.0,89.2,B
2021-07-02T11:25:19,700.0,89.2,B
2021-07-02T11:25:18,200.0,89.2,B
2021-07-02T11:25:11,1000.0,89.2,B
2021-07-02T11:25:05,200.0,89.2,B
2021-07-02T11:24:59,1600.0,89.2,B
2021-07-02T11:24:27,300.0,89.2,B
2021-07-02T11:24:11,500.0,89.1,S
2021-07-02T11:24:07,1000.0,89.1,S
2021-07-02T11:24:02,100.0,89.2,B
2021-07-02T11:23:53,100.0,89.2,B
2021-07-02T11:23:11,1000.0,89.2,B
2021-07-02T11:23:09,300.0,89.2,B
2021-07-02T11:22:33,800.0,89.1,S
2021-07-02T11:22:31,1900.0,89.2,B
2021-07-02T11:22:27,200.0,89.2,B
2021-07-02T11:22:27,4800.0,89.2,B
2021-07-02T11:21:08,500.0,89.2,B
2021-07-02T11:21:04,100.0,89.1,B
2021-07-02T11:20:33,100.0,89.1,B
2021-07-02T11:20:30,200.0,89.1,B
2021-07-02T11:20:23,1000.0,89.1,B
2021-07-02T11:20:12,1000.0,89.1,B
2021-07-02T11:20:09,1000.0,89.0,S
2021-07-02T11:20:07,1200.0,89.1,B
2021-07-02T11:20:01,200.0,89.1,B
2021-07-02T11:19:55,800.0,89.0,S
2021-07-02T11:19:54,200.0,89.1,B
2021-07-02T11:19:54,3700.0,89.1,B
2021-07-02T11:19:20,7300.0,89.1,B
2021-07-02T11:19:17,2200.0,89.0,S
2021-07-02T11:19:10,800.0,89.1,B
2021-07-02T11:18:33,600.0,89.0,S
2021-07-02T11:18:29,1000.0,89.0,S
2021-07-02T11:18:25,1000.0,89.0,S
2021-07-02T11:18:20,1000.0,89.0,S
2021-07-02T11:18:16,2400.0,89.0,S
2021-07-02T11:18:14,100.0,89.0,S
2021-07-02T11:18:08,300.0,89.0,B
2021-07-02T11:18:02,100.0,89.0,B
2021-07-02T11:17:54,2200.0,89.0,S
2021-07-02T11:17:51,1400.0,89.0,S
2021-07-02T11:17:50,300.0,89.0,S
2021-07-02T11:17:47,500.0,89.0,S
2021-07-02T11:17:47,300.0,89.0,S
2021-07-02T11:17:44,500.0,89.0,S
2021-07-02T11:17:07,500.0,89.0,B
2021-07-02T11:16:52,100.0,89.0,B
2021-07-02T11:16:40,100.0,89.0,B
2021-07-02T11:16:25,200.0,89.0,S
2021-07-02T11:16:15,400.0,89.0,S
2021-07-02T11:16:11,700.0,89.0,S
2021-07-02T11:16:08,300.0,89.0,B
2021-07-02T11:16:06,100.0,89.0,B
2021-07-02T11:15:56,500.0,89.0,S
2021-07-02T11:15:49,1200.0,89.0,S
2021-07-02T11:15:45,2400.0,89.0,S
2021-07-02T11:15:41,1000.0,89.0,S
2021-07-02T11:15:39,500.0,89.0,B
2021-07-02T11:15:36,100.0,89.0,B
2021-07-02T11:15:27,400.0,89.0,B
2021-07-02T11:15:25,1300.0,89.0,S
2021-07-02T11:15:22,1000.0,89.0,S
2021-07-02T11:15:18,400.0,89.0,B
2021-07-02T11:15:04,500.0,89.0,S
2021-07-02T11:15:02,900.0,89.0,S
2021-07-02T11:14:59,900.0,89.0,S
2021-07-02T11:14:53,100.0,89.0,B
2021-07-02T11:14:38,100.0,89.0,S
2021-07-02T11:14:34,200.0,89.0,S
2021-07-02T11:14:27,900.0,89.0,B
2021-07-02T11:14:26,200.0,89.0,B
2021-07-02T11:14:15,500.0,89.0,B
2021-07-02T11:14:07,1600.0,89.0,S
2021-07-02T11:14:01,400.0,89.0,B
2021-07-02T11:13:54,100.0,88.9,S
2021-07-02T11:13:52,100.0,89.0,B
2021-07-02T11:13:39,100.0,89.0,B
2021-07-02T11:13:38,400.0,89.0,B
2021-07-02T11:13:29,100.0,88.9,S
2021-07-02T11:13:27,100.0,89.0,S
2021-07-02T11:13:19,800.0,89.0,S
2021-07-02T11:13:08,9200.0,89.0,B
2021-07-02T11:12:57,1000.0,89.0,B
2021-07-02T11:12:47,100.0,88.9,S
2021-07-02T11:12:39,200.0,89.0,B
2021-07-02T11:12:25,5000.0,89.0,B
2021-07-02T11:12:19,100.0,89.0,B
2021-07-02T11:12:08,1300.0,89.0,B
2021-07-02T11:12:05,100.0,89.0,B
2021-07-02T11:12:02,600.0,89.0,B
2021-07-02T11:11:45,100.0,89.0,B
2021-07-02T11:11:44,200.0,89.0,B
2021-07-02T11:11:39,300.0,89.0,B
2021-07-02T11:11:34,400.0,89.0,B
2021-07-02T11:11:15,100.0,89.0,B
2021-07-02T11:11:11,100.0,89.0,B
2021-07-02T11:11:09,1000.0,89.0,B
2021-07-02T11:11:06,300.0,89.0,B
2021-07-02T11:10:57,400.0,89.0,B
2021-07-02T11:10:31,500.0,89.0,S
2021-07-02T11:10:31,3100.0,89.0,S
2021-07-02T11:10:31,1800.0,89.0,S
2021-07-02T11:10:31,100.0,89.0,S
2021-07-02T11:10:29,3800.0,89.0,S
2021-07-02T11:10:26,500.0,89.0,S
2021-07-02T11:10:26,2100.0,89.0,S
2021-07-02T11:10:23,2000.0,89.0,S
2021-07-02T11:10:18,1000.0,89.0,S
2021-07-02T11:10:12,2400.0,89.0,S
2021-07-02T11:10:09,3400.0,89.0,S
2021-07-02T11:10:06,1000.0,89.0,S
2021-07-02T11:10:01,1600.0,89.0,S
2021-07-02T11:10:01,1000.0,89.0,S
2021-07-02T11:09:56,100.0,89.0,S
2021-07-02T11:09:56,100.0,89.0,S
2021-07-02T11:09:56,1800.0,89.0,S
2021-07-02T11:09:56,400.0,89.0,S
2021-07-02T11:09:55,2600.0,89.0,S
2021-07-02T11:09:53,200.0,89.0,S
2021-07-02T11:09:52,1800.0,89.0,S
2021-07-02T11:09:49,2600.0,89.0,S
2021-07-02T11:09:46,3000.0,89.0,S
2021-07-02T11:09:43,2500.0,89.0,S
2021-07-02T11:09:42,2600.0,89.0,S
2021-07-02T11:09:39,100.0,89.0,S
2021-07-02T11:09:16,1200.0,89.0,S
2021-07-02T11:09:16,1300.0,89.0,S
2021-07-02T11:09:16,100.0,89.0,S
2021-07-02T11:09:16,700.0,89.0,S
2021-07-02T11:09:16,700.0,89.0,S
2021-07-02T11:09:00,100.0,89.0,S
2021-07-02T11:08:54,900.0,89.0,S
2021-07-02T11:08:54,2500.0,89.0,S
2021-07-02T11:08:54,600.0,89.0,S
2021-07-02T11:08:54,200.0,89.0,S
2021-07-02T11:08:53,800.0,89.0,S
2021-07-02T11:08:52,100.0,89.0,S
2021-07-02T11:08:44,300.0,89.0,S
2021-07-02T11:08:39,4800.0,89.0,S
2021-07-02T11:08:39,200.0,89.0,S
2021-07-02T11:07:59,200.0,89.0,S
2021-07-02T11:07:59,200.0,89.0,S
2021-07-02T11:07:59,500.0,89.0,S
2021-07-02T11:07:59,100.0,89.0,S
2021-07-02T11:07:56,1000.0,89.0,S
2021-07-02T11:07:51,2400.0,89.0,S
2021-07-02T11:07:48,200.0,89.0,S
2021-07-02T11:07:48,1800.0,89.0,S
2021-07-02T11:07:45,2600.0,89.0,S
2021-07-02T11:07:41,1000.0,89.1,S
2021-07-02T11:07:37,2400.0,89.1,S
2021-07-02T11:07:33,1000.0,89.1,S
2021-07-02T11:07:29,2600.0,89.1,S
2021-07-02T11:07:26,2000.0,89.1,S
2021-07-02T11:07:23,2000.0,89.1,S
2021-07-02T11:07:21,100.0,89.3,B
2021-07-02T11:07:18,1300.0,89.1,S
2021-07-02T11:07:18,1300.0,89.1,S
2021-07-02T11:07:14,2600.0,89.1,S
2021-07-02T11:07:10,2400.0,89.1,S
2021-07-02T11:07:07,100.0,89.2,S
2021-07-02T11:07:07,100.0,89.2,S
2021-07-02T11:07:07,2400.0,89.2,S
2021-07-02T11:06:57,2400.0,89.2,S
2021-07-02T11:06:26,500.0,89.2,S
2021-07-02T11:06:13,1000.0,89.2,S
2021-07-02T11:06:05,200.0,89.2,S
2021-07-02T11:05:47,100.0,89.2,S
2021-07-02T11:05:47,900.0,89.2,S
2021-07-02T11:05:37,100.0,89.2,S
2021-07-02T11:05:34,100.0,89.2,S
2021-07-02T11:05:22,1000.0,89.2,S
2021-07-02T11:05:16,5000.0,89.2,S
2021-07-02T11:05:03,300.0,89.2,S
2021-07-02T11:03:37,100.0,89.2,S
2021-07-02T11:03:19,100.0,89.2,S
2021-07-02T11:03:06,100.0,89.2,S
2021-07-02T11:02:48,400.0,89.2,S
2021-07-02T11:02:41,4200.0,89.2,B
2021-07-02T11:02:39,2000.0,89.2,B
2021-07-02T11:02:29,4100.0,89.2,B
2021-07-02T11:02:29,5900.0,89.2,B
2021-07-02T11:02:23,100.0,89.2,B
2021-07-02T11:01:54,200.0,89.1,S
2021-07-02T11:01:03,300.0,89.1,S
2021-07-02T11:00:56,300.0,89.2,B
2021-07-02T11:00:52,600.0,89.1,S
2021-07-02T11:00:49,100.0,89.1,S
2021-07-02T11:00:40,3000.0,89.2,B
2021-07-02T11:00:34,1400.0,89.0,S
2021-07-02T11:00:34,300.0,89.0,S
2021-07-02T11:00:34,500.0,89.1,S
2021-07-02T11:00:32,600.0,89.1,S
2021-07-02T11:00:29,700.0,89.1,S
2021-07-02T11:00:17,600.0,89.1,B
2021-07-02T11:00:10,400.0,89.1,S
2021-07-02T10:59:58,100.0,89.1,S
2021-07-02T10:59:58,1700.0,89.1,S
2021-07-02T10:59:58,700.0,89.1,S
2021-07-02T10:59:58,1200.0,89.1,S
2021-07-02T10:59:58,1300.0,89.1,S
2021-07-02T10:59:51,3200.0,89.2,B
2021-07-02T10:59:32,100.0,89.2,B
2021-07-02T10:58:19,1000.0,89.2,B
2021-07-02T10:57:59,300.0,89.1,S
2021-07-02T10:57:56,3000.0,89.2,B
2021-07-02T10:57:41,100.0,89.1,S
2021-07-02T10:57:39,1900.0,89.1,S
2021-07-02T10:57:24,2000.0,89.0,S
2021-07-02T10:57:20,200.0,89.1,S
2021-07-02T10:57:15,600.0,89.1,S
2021-07-02T10:57:00,3000.0,89.2,B
2021-07-02T10:56:50,200.0,89.1,B
2021-07-02T10:56:45,2000.0,89.1,B
2021-07-02T10:56:36,400.0,89.1,S
2021-07-02T10:56:35,100.0,89.0,S
2021-07-02T10:56:28,100.0,89.1,B
2021-07-02T10:56:28,100.0,89.1,B
2021-07-02T10:56:24,2100.0,89.1,B
2021-07-02T10:56:24,2900.0,89.1,B
2021-07-02T10:56:22,1200.0,89.1,B
2021-07-02T10:56:11,2000.0,89.1,B
2021-07-02T10:56:08,100.0,89.1,B
2021-07-02T10:56:01,3000.0,89.1,B
2021-07-02T10:55:59,100.0,89.0,S
2021-07-02T10:55:53,400.0,89.0,S
2021-07-02T10:55:44,100.0,89.0,S
2021-07-02T10:55:38,500.0,89.0,S
2021-07-02T10:54:36,100.0,89.0,S
2021-07-02T10:54:22,100.0,89.0,S
2021-07-02T10:54:15,300.0,89.0,S
2021-07-02T10:53:57,100.0,89.0,S
2021-07-02T10:53:29,1000.0,89.0,S
2021-07-02T10:53:29,300.0,89.0,S
2021-07-02T10:53:29,1700.0,89.0,S
2021-07-02T10:53:16,300.0,89.0,S
2021-07-02T10:53:16,4700.0,89.0,S
2021-07-02T10:52:46,100.0,89.0,S
2021-07-02T10:52:34,600.0,89.0,S
2021-07-02T10:52:34,300.0,89.0,S
2021-07-02T10:52:34,1100.0,89.0,S
2021-07-02T10:52:19,500.0,89.0,S
2021-07-02T10:52:14,100.0,89.1,B
2021-07-02T10:52:06,300.0,89.1,B
2021-07-02T10:51:50,600.0,89.1,S
2021-07-02T10:51:50,200.0,89.1,S
2021-07-02T10:51:50,600.0,89.1,S
2021-07-02T10:51:50,800.0,89.1,S
2021-07-02T10:51:50,3300.0,89.1,S
2021-07-02T10:51:50,6300.0,89.1,S
2021-07-02T10:51:24,200.0,89.2,B
2021-07-02T10:51:07,10000.0,89.1,S
2021-07-02T10:50:51,100.0,89.2,S
2021-07-02T10:50:47,200.0,89.2,S
2021-07-02T10:50:42,400.0,89.2,S
2021-07-02T10:50:42,2500.0,89.2,S
2021-07-02T10:50:42,500.0,89.2,S
2021-07-02T10:50:29,1300.0,89.2,S
2021-07-02T10:50:29,8700.0,89.2,S
2021-07-02T10:50:22,1000.0,89.2,S
2021-07-02T10:50:19,100.0,89.2,S
2021-07-02T10:49:36,1000.0,89.2,S
2021-07-02T10:49:32,3000.0,89.2,S
2021-07-02T10:49:09,200.0,89.2,S
2021-07-02T10:49:09,1800.0,89.2,S
2021-07-02T10:49:05,1100.0,89.3,B
2021-07-02T10:48:57,100.0,89.3,B
2021-07-02T10:48:35,600.0,89.3,B
2021-07-02T10:48:33,100.0,89.3,B
2021-07-02T10:48:25,300.0,89.2,S
2021-07-02T10:48:07,400.0,89.3,B
2021-07-02T10:47:30,200.0,89.3,B
2021-07-02T10:47:01,100.0,89.3,B
2021-07-02T10:46:29,200.0,89.3,B
2021-07-02T10:46:26,200.0,89.2,S
2021-07-02T10:46:26,1500.0,89.2,S
2021-07-02T10:46:26,300.0,89.2,S
2021-07-02T10:46:26,100.0,89.2,S
2021-07-02T10:46:26,100.0,89.2,S
2021-07-02T10:46:26,4600.0,89.2,S
2021-07-02T10:46:26,1000.0,89.2,S
2021-07-02T10:46:26,1300.0,89.2,S
2021-07-02T10:46:26,900.0,89.2,S
2021-07-02T10:46:24,100.0,89.2,S
2021-07-02T10:46:24,400.0,89.2,S
2021-07-02T10:45:37,100.0,89.3,B
2021-07-02T10:45:30,100.0,89.2,S
2021-07-02T10:45:02,1000.0,89.2,S
2021-07-02T10:44:59,200.0,89.2,S
2021-07-02T10:44:54,900.0,89.3,B
2021-07-02T10:44:53,100.0,89.2,S
2021-07-02T10:44:50,100.0,89.3,B
2021-07-02T10:44:29,1000.0,89.2,S
2021-07-02T10:44:18,100.0,89.2,S
2021-07-02T10:44:15,1000.0,89.2,S
2021-07-02T10:44:12,100.0,89.3,B
2021-07-02T10:44:00,2000.0,89.3,B
2021-07-02T10:43:29,100.0,89.2,S
2021-07-02T10:43:28,100.0,89.2,S
2021-07-02T10:43:22,300.0,89.2,S
2021-07-02T10:42:49,100.0,89.3,B
2021-07-02T10:42:36,200.0,89.2,S
2021-07-02T10:42:35,100.0,89.2,S
2021-07-02T10:42:35,100.0,89.2,S
2021-07-02T10:42:07,3300.0,89.2,S
2021-07-02T10:41:39,1000.0,89.2,S
2021-07-02T10:41:39,100.0,89.3,B
2021-07-02T10:41:15,200.0,89.3,B
2021-07-02T10:40:51,300.0,89.3,B
2021-07-02T10:40:36,1000.0,89.2,S
2021-07-02T10:40:25,200.0,89.3,B
2021-07-02T10:40:18,5000.0,89.2,S
2021-07-02T10:40:10,100.0,89.3,B
2021-07-02T10:40:04,1000.0,89.3,S
2021-07-02T10:39:56,100.0,89.3,S
2021-07-02T10:39:53,100.0,89.4,B
2021-07-02T10:39:49,100.0,89.3,S
2021-07-02T10:39:44,300.0,89.3,S
2021-07-02T10:39:37,100.0,89.3,S
2021-07-02T10:39:20,2800.0,89.4,B
2021-07-02T10:39:13,200.0,89.4,B
2021-07-02T10:39:08,100.0,89.3,S
2021-07-02T10:38:59,600.0,89.2,S
2021-07-02T10:38:49,200.0,89.3,S
2021-07-02T10:38:20,600.0,89.3,S
2021-07-02T10:38:18,800.0,89.4,B
2021-07-02T10:38:15,400.0,89.3,S
2021-07-02T10:38:11,100.0,89.3,S
2021-07-02T10:38:00,100.0,89.3,B
2021-07-02T10:37:40,1000.0,89.3,B
2021-07-02T10:37:19,400.0,89.3,S
2021-07-02T10:36:59,5000.0,89.3,S
2021-07-02T10:36:47,500.0,89.4,B
2021-07-02T10:36:22,400.0,89.3,S
2021-07-02T10:36:19,500.0,89.3,S
2021-07-02T10:36:00,2000.0,89.3,S
2021-07-02T10:35:46,200.0,89.4,B
2021-07-02T10:35:22,2000.0,89.4,B
2021-07-02T10:35:07,100.0,89.4,B
2021-07-02T10:34:57,200.0,89.4,B
2021-07-02T10:34:52,300.0,89.3,S
2021-07-02T10:34:22,100.0,89.4,B
2021-07-02T10:33:28,1000.0,89.4,B
2021-07-02T10:33:18,3900.0,89.3,B
2021-07-02T10:33:17,200.0,89.3,B
2021-07-02T10:33:06,1000.0,89.3,B
2021-07-02T10:32:59,300.0,89.3,B
2021-07-02T10:32:42,1000.0,89.3,B
2021-07-02T10:32:34,200.0,89.2,S
2021-07-02T10:32:30,100.0,89.3,B
2021-07-02T10:32:21,500.0,89.3,S
2021-07-02T10:32:10,100.0,89.3,S
2021-07-02T10:31:36,100.0,89.3,B
2021-07-02T10:31:34,200.0,89.2,S
2021-07-02T10:31:29,900.0,89.3,B
2021-07-02T10:31:18,10000.0,89.4,B
2021-07-02T10:31:16,300.0,89.3,B
2021-07-02T10:31:14,300.0,89.3,B
2021-07-02T10:31:11,3000.0,89.3,B
2021-07-02T10:31:06,200.0,89.3,B
2021-07-02T10:31:01,100.0,89.3,B
2021-07-02T10:31:01,1000.0,89.3,B
2021-07-02T10:30:55,100.0,89.3,B
2021-07-02T10:30:44,100.0,89.3,B
2021-07-02T10:30:27,100.0,89.3,S
2021-07-02T10:30:23,1100.0,89.3,S
2021-07-02T10:30:23,4000.0,89.3,S
2021-07-02T10:30:23,2000.0,89.3,S
2021-07-02T10:30:23,1100.0,89.3,S
2021-07-02T10:30:23,500.0,89.3,S
2021-07-02T10:30:20,300.0,89.3,S
2021-07-02T10:30:06,1000.0,89.3,S
2021-07-02T10:29:23,300.0,89.4,B
2021-07-02T10:29:21,1000.0,89.3,S
2021-07-02T10:29:10,400.0,89.3,S
2021-07-02T10:29:07,100.0,89.4,B
2021-07-02T10:29:03,1200.0,89.3,S
2021-07-02T10:29:03,200.0,89.3,S
2021-07-02T10:28:52,500.0,89.3,S
2021-07-02T10:28:40,1000.0,89.3,S
2021-07-02T10:28:29,500.0,89.3,S
2021-07-02T10:28:28,500.0,89.3,S
2021-07-02T10:28:25,300.0,89.3,S
2021-07-02T10:28:21,500.0,89.3,S
2021-07-02T10:28:17,400.0,89.3,S
2021-07-02T10:28:14,100.0,89.3,S
2021-07-02T10:27:57,100.0,89.3,S
2021-07-02T10:27:43,500.0,89.3,S
2021-07-02T10:27:30,400.0,89.3,S
2021-07-02T10:27:29,100.0,89.3,S
2021-07-02T10:27:10,500.0,89.3,S
2021-07-02T10:27:08,300.0,89.3,S
2021-07-02T10:26:51,1000.0,89.3,S
2021-07-02T10:26:50,200.0,89.3,S
2021-07-02T10:26:37,500.0,89.3,S
2021-07-02T10:26:25,100.0,89.3,S
2021-07-02T10:26:23,1000.0,89.3,S
2021-07-02T10:26:09,300.0,89.3,S
2021-07-02T10:26:05,100.0,89.3,S
2021-07-02T10:25:28,1000.0,89.3,S
2021-07-02T10:25:24,100.0,89.3,S
2021-07-02T10:25:11,500.0,89.3,S
2021-07-02T10:24:56,100.0,89.3,S
2021-07-02T10:24:41,100.0,89.3,S
2021-07-02T10:24:38,100.0,89.3,S
2021-07-02T10:24:28,100.0,89.4,B
2021-07-02T10:24:01,200.0,89.4,B
2021-07-02T10:23:54,3000.0,89.3,B
2021-07-02T10:23:45,5000.0,89.3,B
2021-07-02T10:23:45,100.0,89.3,B
2021-07-02T10:23:37,3000.0,89.3,B
2021-07-02T10:23:31,500.0,89.3,B
2021-07-02T10:23:28,1600.0,89.3,B
2021-07-02T10:23:18,2700.0,89.3,B
2021-07-02T10:23:18,500.0,89.3,B
2021-07-02T10:23:18,500.0,89.3,B
2021-07-02T10:23:18,3000.0,89.3,B
2021-07-02T10:23:18,200.0,89.3,B
2021-07-02T10:23:18,900.0,89.3,B
2021-07-02T10:23:18,600.0,89.3,B
2021-07-02T10:23:18,1500.0,89.3,B
2021-07-02T10:23:18,100.0,89.3,B
2021-07-02T10:23:09,100.0,89.3,B
2021-07-02T10:23:00,400.0,89.2,S
2021-07-02T10:22:45,2300.0,89.2,S
2021-07-02T10:22:31,1800.0,89.2,S
2021-07-02T10:22:16,100.0,89.3,B
2021-07-02T10:21:54,100.0,89.3,B
2021-07-02T10:21:29,500.0,89.2,S
2021-07-02T10:21:01,300.0,89.2,S
2021-07-02T10:20:44,100.0,89.2,S
2021-07-02T10:20:33,200.0,89.3,B
2021-07-02T10:20:30,300.0,89.3,B
2021-07-02T10:20:18,500.0,89.3,B
2021-07-02T10:20:17,100.0,89.3,B
2021-07-02T10:19:57,500.0,89.3,B
2021-07-02T10:19:38,900.0,89.2,S
2021-07-02T10:19:32,3000.0,89.3,B
2021-07-02T10:19:22,100.0,89.2,S
2021-07-02T10:19:20,300.0,89.2,S
2021-07-02T10:19:05,2000.0,89.2,S
2021-07-02T10:18:36,300.0,89.2,S
2021-07-02T10:18:31,4000.0,89.2,B
2021-07-02T10:18:29,5900.0,89.2,B
2021-07-02T10:18:25,200.0,89.2,B
2021-07-02T10:18:11,1700.0,89.2,B
2021-07-02T10:17:41,600.0,89.2,B
2021-07-02T10:17:37,2100.0,89.2,S
2021-07-02T10:17:36,100.0,89.3,B
2021-07-02T10:16:53,10000.0,89.3,B
2021-07-02T10:16:39,500.0,89.3,B
2021-07-02T10:16:28,14000.0,89.3,B
2021-07-02T10:16:24,100.0,89.2,S
2021-07-02T10:16:23,4000.0,89.1,S
2021-07-02T10:16:21,500.0,89.2,S
2021-07-02T10:16:16,1700.0,89.2,B
2021-07-02T10:15:56,3000.0,89.2,B
2021-07-02T10:15:48,2000.0,89.0,S
2021-07-02T10:15:38,1200.0,89.2,B
2021-07-02T10:15:38,1300.0,89.2,B
2021-07-02T10:15:38,300.0,89.2,B
2021-07-02T10:15:38,5100.0,89.2,B
2021-07-02T10:15:38,600.0,89.2,B
2021-07-02T10:15:38,13300.0,89.2,B
2021-07-02T10:15:35,100.0,89.1,B
2021-07-02T10:15:29,1000.0,89.1,S
2021-07-02T10:15:29,11700.0,89.1,S
2021-07-02T10:15:25,100.0,89.2,B
2021-07-02T10:15:10,1000.0,89.2,B
2021-07-02T10:14:56,200.0,89.1,S
2021-07-02T10:14:26,100.0,89.1,S
2021-07-02T10:14:08,300.0,89.1,S
2021-07-02T10:13:48,700.0,89.1,S
2021-07-02T10:13:48,200.0,89.1,S
2021-07-02T10:13:10,1000.0,89.1,S
2021-07-02T10:12:16,600.0,89.1,B
2021-07-02T10:12:16,100.0,89.1,B
2021-07-02T10:12:16,800.0,89.1,B
2021-07-02T10:12:06,100.0,89.0,S
2021-07-02T10:12:00,100.0,89.1,B
2021-07-02T10:11:55,200.0,89.0,S
2021-07-02T10:11:55,300.0,89.0,S
2021-07-02T10:11:42,500.0,89.0,S
2021-07-02T10:11:04,2000.0,89.0,S
2021-07-02T10:10:35,100.0,89.0,S
2021-07-02T10:10:25,500.0,89.1,B
2021-07-02T10:10:22,100.0,89.0,S
2021-07-02T10:10:13,100.0,89.0,S
2021-07-02T10:10:12,100.0,89.1,B
2021-07-02T10:10:00,500.0,89.0,S
2021-07-02T10:10:00,300.0,89.0,S
2021-07-02T10:10:00,200.0,89.0,S
2021-07-02T10:09:52,100.0,89.1,B
2021-07-02T10:09:28,100.0,89.1,B
2021-07-02T10:09:19,900.0,89.0,S
2021-07-02T10:09:19,500.0,89.0,S
2021-07-02T10:09:19,6200.0,89.0,S
2021-07-02T10:09:19,1100.0,89.0,S
2021-07-02T10:09:19,500.0,89.0,S
2021-07-02T10:09:19,200.0,89.0,S
2021-07-02T10:09:19,500.0,89.0,S
2021-07-02T10:09:19,2100.0,89.0,S
2021-07-02T10:09:14,500.0,89.1,B
2021-07-02T10:09:00,1400.0,89.0,S
2021-07-02T10:08:56,1300.0,89.1,B
2021-07-02T10:08:56,1000.0,89.1,B
2021-07-02T10:08:55,1000.0,89.1,B
2021-07-02T10:08:31,200.0,89.1,B
2021-07-02T10:08:04,400.0,89.1,S
2021-07-02T10:07:53,100.0,89.1,S
2021-07-02T10:07:53,1300.0,89.1,S
2021-07-02T10:07:49,100.0,89.1,S
2021-07-02T10:07:39,500.0,89.1,S
2021-07-02T10:07:37,500.0,89.1,S
2021-07-02T10:07:35,600.0,89.1,S
2021-07-02T10:07:32,100.0,89.1,S
2021-07-02T10:07:28,400.0,89.1,B
2021-07-02T10:07:09,500.0,89.1,B
2021-07-02T10:07:09,200.0,89.0,S
2021-07-02T10:06:44,500.0,89.1,S
2021-07-02T10:06:41,200.0,89.1,S
2021-07-02T10:06:39,1000.0,89.1,S
2021-07-02T10:06:32,1900.0,89.1,S
2021-07-02T10:06:28,100.0,89.1,S
2021-07-02T10:06:27,3000.0,89.2,B
2021-07-02T10:06:04,1000.0,89.1,S
2021-07-02T10:06:01,3600.0,89.1,S
2021-07-02T10:06:01,900.0,89.1,S
2021-07-02T10:05:55,800.0,89.1,S
2021-07-02T10:05:55,200.0,89.1,S
2021-07-02T10:05:09,100.0,89.1,B
2021-07-02T10:05:05,3600.0,89.1,B
2021-07-02T10:04:52,100.0,89.1,B
2021-07-02T10:04:52,1500.0,89.0,S
2021-07-02T10:04:30,200.0,89.1,B
2021-07-02T10:04:15,200.0,89.1,B
2021-07-02T10:04:15,1000.0,89.1,B
2021-07-02T10:04:15,1500.0,89.1,B
2021-07-02T10:04:14,1000.0,89.1,B
2021-07-02T10:03:49,100.0,89.1,B
2021-07-02T10:03:40,500.0,89.1,B
2021-07-02T10:02:43,500.0,89.1,B
2021-07-02T10:02:21,1000.0,89.1,B
2021-07-02T10:02:18,1000.0,89.0,S
2021-07-02T10:02:16,200.0,89.1,B
2021-07-02T10:01:59,300.0,89.1,B
2021-07-02T10:01:57,1000.0,89.0,S
2021-07-02T10:01:50,600.0,89.0,S
2021-07-02T10:01:49,100.0,89.0,S
2021-07-02T10:01:49,100.0,89.0,S
2021-07-02T10:01:33,100.0,89.0,S
2021-07-02T10:01:20,3000.0,89.1,B
2021-07-02T10:01:13,1700.0,89.1,B
2021-07-02T10:01:12,1000.0,89.1,B
2021-07-02T10:01:11,100.0,89.1,B
2021-07-02T10:01:09,100.0,89.1,B
2021-07-02T10:01:09,200.0,88.9,S
2021-07-02T10:01:07,100.0,88.9,S
2021-07-02T10:01:07,700.0,88.9,S
2021-07-02T10:01:07,3100.0,88.9,S
2021-07-02T10:01:07,1800.0,88.9,S
2021-07-02T10:01:07,1300.0,88.9,S
2021-07-02T10:01:07,3600.0,88.9,S
2021-07-02T10:01:07,600.0,88.9,S
2021-07-02T10:01:07,400.0,88.9,S
2021-07-02T10:01:07,1000.0,88.9,S
2021-07-02T10:01:07,5100.0,88.9,S
2021-07-02T10:01:07,700.0,88.9,S
2021-07-02T10:01:07,1600.0,88.9,S
2021-07-02T10:01:07,2200.0,88.9,S
2021-07-02T10:01:07,2900.0,88.9,S
2021-07-02T10:01:07,600.0,88.9,S
2021-07-02T10:01:07,400.0,88.9,S
2021-07-02T10:01:07,500.0,89.0,S
2021-07-02T10:01:07,1800.0,89.0,S
2021-07-02T10:01:07,1200.0,89.0,S
2021-07-02T10:01:07,7000.0,89.0,S
2021-07-02T10:01:07,500.0,89.0,S
2021-07-02T10:01:06,100.0,89.0,S
2021-07-02T10:01:06,100.0,89.0,S
2021-07-02T10:01:06,9600.0,89.0,S
2021-07-02T10:01:06,1000.0,89.0,S
2021-07-02T10:01:06,300.0,89.0,S
2021-07-02T10:01:06,100.0,89.0,S
2021-07-02T10:01:06,300.0,89.0,S
2021-07-02T10:01:06,400.0,89.0,S
2021-07-02T10:01:06,700.0,89.0,S
2021-07-02T10:01:06,1400.0,89.0,S
2021-07-02T10:01:06,3800.0,89.0,S
2021-07-02T10:01:06,1200.0,89.0,S
2021-07-02T10:01:06,300.0,89.0,S
2021-07-02T10:01:06,3700.0,89.0,S
2021-07-02T10:01:02,500.0,89.0,S
2021-07-02T10:01:01,100.0,89.1,B
2021-07-02T10:01:00,100.0,89.1,B
2021-07-02T10:00:44,500.0,89.1,B
2021-07-02T10:00:39,1100.0,89.1,B
2021-07-02T10:00:39,1200.0,89.1,B
2021-07-02T10:00:39,400.0,89.1,B
2021-07-02T10:00:39,5700.0,89.1,B
2021-07-02T10:00:09,100.0,89.2,B
2021-07-02T09:59:44,1000.0,89.2,B
2021-07-02T09:59:43,500.0,89.1,S
2021-07-02T09:59:32,300.0,89.1,S
2021-07-02T09:59:32,1000.0,89.1,S
2021-07-02T09:59:05,100.0,89.2,B
2021-07-02T09:58:17,100.0,89.2,B
2021-07-02T09:58:08,100.0,89.2,B
2021-07-02T09:58:08,100.0,89.2,B
2021-07-02T09:57:50,200.0,89.1,S
2021-07-02T09:57:50,100.0,89.2,B
2021-07-02T09:57:28,1200.0,89.2,B
2021-07-02T09:57:18,1000.0,89.2,B
2021-07-02T09:57:15,100.0,89.2,B
2021-07-02T09:56:50,300.0,89.2,B
2021-07-02T09:56:49,1300.0,89.2,B
2021-07-02T09:56:47,200.0,89.2,B
2021-07-02T09:56:46,300.0,89.2,B
2021-07-02T09:56:11,300.0,89.2,B
2021-07-02T09:56:02,1000.0,89.2,B
2021-07-02T09:55:27,3500.0,89.3,B
2021-07-02T09:55:24,2200.0,89.1,S
2021-07-02T09:55:19,1500.0,89.1,S
2021-07-02T09:55:19,700.0,89.1,S
2021-07-02T09:55:19,200.0,89.1,S
2021-07-02T09:55:08,2200.0,89.1,S
2021-07-02T09:54:53,100.0,89.2,S
2021-07-02T09:54:48,2200.0,89.1,S
2021-07-02T09:54:34,2200.0,89.1,S
2021-07-02T09:54:18,2200.0,89.1,S
2021-07-02T09:54:08,2200.0,89.1,S
2021-07-02T09:54:05,200.0,89.1,S
2021-07-02T09:53:59,2200.0,89.1,S
2021-07-02T09:53:50,2200.0,89.1,S
2021-07-02T09:53:38,2200.0,89.1,S
2021-07-02T09:53:28,400.0,89.3,B
2021-07-02T09:53:27,100.0,89.3,B
2021-07-02T09:53:23,2200.0,89.1,S
2021-07-02T09:53:08,2200.0,89.2,S
2021-07-02T09:53:05,2000.0,89.2,S
2021-07-02T09:52:54,2200.0,89.2,S
2021-07-02T09:52:52,200.0,89.2,S
2021-07-02T09:52:48,1800.0,89.2,B
2021-07-02T09:52:46,600.0,89.2,B
2021-07-02T09:52:46,300.0,89.1,S
2021-07-02T09:52:43,1000.0,89.2,B
2021-07-02T09:52:35,200.0,89.1,S
2021-07-02T09:52:32,100.0,89.2,B
2021-07-02T09:52:28,200.0,89.1,S
2021-07-02T09:52:26,100.0,89.2,B
2021-07-02T09:51:57,800.0,89.2,B
2021-07-02T09:51:53,1300.0,89.2,B
2021-07-02T09:51:49,100.0,89.1,S
2021-07-02T09:51:39,200.0,89.2,B
2021-07-02T09:51:39,2300.0,89.1,S
2021-07-02T09:51:23,500.0,89.1,S
2021-07-02T09:51:17,200.0,89.1,S
2021-07-02T09:51:03,500.0,89.1,S
2021-07-02T09:50:44,500.0,89.1,S
2021-07-02T09:50:43,300.0,89.1,S
2021-07-02T09:50:38,1500.0,89.2,B
2021-07-02T09:50:31,2200.0,89.0,S
2021-07-02T09:50:30,1300.0,89.0,S
2021-07-02T09:50:30,100.0,89.0,S
2021-07-02T09:50:30,500.0,89.0,S
2021-07-02T09:50:30,2100.0,89.0,S
2021-07-02T09:50:30,2200.0,89.0,S
2021-07-02T09:50:30,7600.0,89.0,S
2021-07-02T09:50:16,2200.0,89.0,S
2021-07-02T09:50:11,2200.0,89.0,S
2021-07-02T09:50:11,900.0,89.0,S
2021-07-02T09:50:11,1000.0,89.0,S
2021-07-02T09:50:11,300.0,89.0,S
2021-07-02T09:50:02,200.0,89.2,S
2021-07-02T09:50:00,600.0,89.2,S
2021-07-02T09:50:00,4400.0,89.0,S
2021-07-02T09:50:00,400.0,89.1,S
2021-07-02T09:49:59,10700.0,89.1,S
2021-07-02T09:49:59,500.0,89.2,S
2021-07-02T09:49:58,1500.0,89.2,S
2021-07-02T09:49:58,100.0,89.2,S
2021-07-02T09:49:58,100.0,89.2,S
2021-07-02T09:49:50,100.0,89.2,S
2021-07-02T09:49:47,200.0,89.2,S
2021-07-02T09:49:47,400.0,89.2,S
2021-07-02T09:49:46,100.0,89.2,S
2021-07-02T09:49:46,1400.0,89.2,S
2021-07-02T09:49:43,600.0,89.2,S
2021-07-02T09:49:43,300.0,89.2,S
2021-07-02T09:49:43,4100.0,89.2,S
2021-07-02T09:49:27,2200.0,89.2,S
2021-07-02T09:49:22,100.0,89.2,S
2021-07-02T09:49:21,2200.0,89.2,S
2021-07-02T09:49:08,2200.0,89.2,S
2021-07-02T09:49:06,100.0,89.3,B
2021-07-02T09:48:59,800.0,89.2,S
2021-07-02T09:48:59,1400.0,89.2,S
2021-07-02T09:48:45,200.0,89.2,S
2021-07-02T09:48:28,600.0,89.3,S
2021-07-02T09:48:23,2200.0,89.3,S
2021-07-02T09:48:19,3900.0,89.4,B
2021-07-02T09:48:08,200.0,89.4,B
2021-07-02T09:48:01,300.0,89.4,B
2021-07-02T09:47:48,4100.0,89.4,S
2021-07-02T09:47:36,2500.0,89.4,S
2021-07-02T09:47:34,200.0,89.5,B
2021-07-02T09:47:05,1200.0,89.4,S
2021-07-02T09:46:44,1500.0,89.4,S
2021-07-02T09:46:41,200.0,89.5,B
2021-07-02T09:46:19,1100.0,89.5,B
2021-07-02T09:46:13,600.0,89.4,S
2021-07-02T09:46:08,700.0,89.4,S
2021-07-02T09:45:58,500.0,89.4,S
2021-07-02T09:45:52,500.0,89.3,S
2021-07-02T09:45:52,3000.0,89.3,S
2021-07-02T09:45:52,300.0,89.3,S
2021-07-02T09:45:50,10600.0,89.3,S
2021-07-02T09:45:47,1000.0,89.4,S
2021-07-02T09:45:45,400.0,89.4,S
2021-07-02T09:45:12,900.0,89.4,S
2021-07-02T09:45:11,500.0,89.4,S
2021-07-02T09:44:59,2000.0,89.3,S
2021-07-02T09:44:59,800.0,89.4,S
2021-07-02T09:44:58,100.0,89.4,S
2021-07-02T09:44:54,500.0,89.4,S
2021-07-02T09:44:45,1000.0,89.4,S
2021-07-02T09:44:36,1600.0,89.4,S
2021-07-02T09:44:30,1900.0,89.4,S
2021-07-02T09:44:29,900.0,89.4,S
2021-07-02T09:44:19,300.0,89.4,S
2021-07-02T09:44:15,100.0,89.4,S
2021-07-02T09:44:12,300.0,89.4,S
2021-07-02T09:44:06,400.0,89.4,S
2021-07-02T09:44:02,100.0,89.4,S
2021-07-02T09:44:00,200.0,89.4,S
2021-07-02T09:43:24,1000.0,89.4,S
2021-07-02T09:43:13,800.0,89.3,S
2021-07-02T09:42:59,300.0,89.3,S
2021-07-02T09:42:51,1100.0,89.3,S
2021-07-02T09:42:41,500.0,89.3,S
2021-07-02T09:42:31,100.0,89.3,S
2021-07-02T09:42:25,100.0,89.3,S
2021-07-02T09:42:16,100.0,89.3,S
2021-07-02T09:42:09,100.0,89.3,S
2021-07-02T09:42:00,100.0,89.3,B
2021-07-02T09:41:56,100.0,89.3,B
2021-07-02T09:41:49,500.0,89.3,B
2021-07-02T09:41:43,1000.0,89.3,B
2021-07-02T09:41:41,100.0,89.3,B
2021-07-02T09:41:37,9200.0,89.5,B
2021-07-02T09:41:37,100.0,89.5,B
2021-07-02T09:41:37,5300.0,89.4,B
2021-07-02T09:41:37,600.0,89.4,B
2021-07-02T09:41:37,500.0,89.4,B
2021-07-02T09:41:37,700.0,89.4,B
2021-07-02T09:41:37,2100.0,89.4,B
2021-07-02T09:41:37,1500.0,89.4,B
2021-07-02T09:41:32,100.0,89.3,B
2021-07-02T09:41:28,400.0,89.3,B
2021-07-02T09:41:16,100.0,89.2,S
2021-07-02T09:41:04,500.0,89.3,B
2021-07-02T09:41:02,100.0,89.3,B
2021-07-02T09:41:01,300.0,89.2,S
2021-07-02T09:40:28,1400.0,89.3,B
2021-07-02T09:40:10,1100.0,89.2,B
2021-07-02T09:40:10,400.0,89.3,B
2021-07-02T09:39:55,200.0,89.3,B
2021-07-02T09:39:55,900.0,89.3,B
2021-07-02T09:39:48,3000.0,89.3,B
2021-07-02T09:39:37,1300.0,89.2,B
2021-07-02T09:39:21,200.0,89.2,B
2021-07-02T09:39:07,500.0,89.2,B
2021-07-02T09:39:02,200.0,89.3,B
2021-07-02T09:38:31,100.0,89.2,B
2021-07-02T09:38:30,300.0,89.2,B
2021-07-02T09:38:30,200.0,89.2,B
2021-07-02T09:38:27,200.0,89.1,S
2021-07-02T09:38:02,1000.0,89.2,S
2021-07-02T09:37:42,100.0,89.1,S
2021-07-02T09:37:27,800.0,89.1,S
2021-07-02T09:37:19,1500.0,89.1,S
2021-07-02T09:37:15,300.0,89.2,S
2021-07-02T09:37:15,100.0,89.2,S
2021-07-02T09:37:10,2600.0,89.3,B
2021-07-02T09:37:07,100.0,89.2,S
2021-07-02T09:37:04,1900.0,89.3,B
2021-07-02T09:37:02,2500.0,89.3,B
2021-07-02T09:36:54,300.0,89.2,B
2021-07-02T09:36:46,8000.0,89.1,B
2021-07-02T09:36:37,1000.0,89.2,B
2021-07-02T09:36:33,800.0,89.2,B
2021-07-02T09:36:32,4500.0,89.1,B
2021-07-02T09:36:32,500.0,89.1,B
2021-07-02T09:36:32,5000.0,89.1,B
2021-07-02T09:36:30,800.0,89.2,B
2021-07-02T09:36:25,4600.0,89.2,B
2021-07-02T09:36:25,1000.0,89.2,B
2021-07-02T09:36:15,300.0,89.1,B
2021-07-02T09:36:11,2400.0,89.3,B
2021-07-02T09:36:09,1900.0,89.3,B
2021-07-02T09:36:09,200.0,89.3,B
2021-07-02T09:36:07,1000.0,89.3,B
2021-07-02T09:36:04,200.0,89.2,B
2021-07-02T09:36:02,100.0,89.3,B
2021-07-02T09:35:57,1600.0,89.4,B
2021-07-02T09:35:51,400.0,89.3,B
2021-07-02T09:35:48,1600.0,89.3,B
2021-07-02T09:35:37,900.0,89.3,B
2021-07-02T09:35:07,1500.0,89.3,B
2021-07-02T09:35:02,2300.0,89.3,B
2021-07-02T09:35:00,100.0,89.1,B
2021-07-02T09:34:59,100.0,89.1,B
2021-07-02T09:34:57,1200.0,89.3,B
2021-07-02T09:34:56,100.0,89.2,B
2021-07-02T09:34:56,500.0,89.2,B
2021-07-02T09:34:56,900.0,89.2,B
2021-07-02T09:34:56,100.0,89.2,B
2021-07-02T09:34:50,100.0,89.2,B
2021-07-02T09:34:50,600.0,89.2,B
2021-07-02T09:34:50,100.0,89.2,B
2021-07-02T09:34:50,1200.0,89.2,B
2021-07-02T09:34:47,1100.0,89.0,S
2021-07-02T09:34:43,1600.0,89.2,B
2021-07-02T09:34:32,1000.0,89.1,B
2021-07-02T09:34:28,1600.0,89.1,B
2021-07-02T09:34:21,1000.0,89.0,S
2021-07-02T09:34:21,200.0,89.1,B
2021-07-02T09:34:17,900.0,89.1,B
2021-07-02T09:34:10,2000.0,89.1,B
2021-07-02T09:34:09,300.0,89.1,B
2021-07-02T09:34:08,100.0,89.1,B
2021-07-02T09:34:05,800.0,89.0,S
2021-07-02T09:34:05,1000.0,89.1,B
2021-07-02T09:34:02,2100.0,89.1,B
2021-07-02T09:33:53,2300.0,89.1,B
2021-07-02T09:33:50,5400.0,89.1,B
2021-07-02T09:33:49,1000.0,89.1,B
2021-07-02T09:33:49,100.0,89.0,S
2021-07-02T09:33:48,20000.0,89.0,S
2021-07-02T09:33:47,100.0,89.0,S
2021-07-02T09:33:47,1500.0,89.1,B
2021-07-02T09:33:41,100.0,89.1,B
2021-07-02T09:33:35,1600.0,89.1,B
2021-07-02T09:33:34,100.0,89.0,S
2021-07-02T09:33:29,1900.0,89.1,B
2021-07-02T09:33:28,1600.0,89.1,B
2021-07-02T09:33:21,1600.0,89.1,B
2021-07-02T09:33:19,100.0,89.1,B
2021-07-02T09:33:11,2000.0,89.1,B
2021-07-02T09:33:07,400.0,89.1,B
2021-07-02T09:33:05,900.0,89.1,B
2021-07-02T09:32:56,200.0,89.0,B
2021-07-02T09:32:54,200.0,89.0,B
2021-07-02T09:32:50,300.0,89.1,B
2021-07-02T09:32:39,1300.0,89.0,B
2021-07-02T09:32:22,300.0,89.0,B
2021-07-02T09:32:14,100.0,89.0,B
2021-07-02T09:32:10,100.0,89.0,B
2021-07-02T09:31:58,200.0,89.0,B
2021-07-02T09:31:58,900.0,89.0,B
2021-07-02T09:31:54,400.0,89.0,B
2021-07-02T09:31:54,200.0,89.0,B
2021-07-02T09:31:54,400.0,89.0,B
2021-07-02T09:31:53,100.0,88.9,S
2021-07-02T09:31:49,500.0,89.0,B
2021-07-02T09:31:37,1000.0,89.0,B
2021-07-02T09:31:37,300.0,89.0,B
2021-07-02T09:31:35,200.0,89.0,B
2021-07-02T09:31:35,7500.0,88.9,S
2021-07-02T09:31:35,400.0,88.9,S
2021-07-02T09:31:35,800.0,88.9,S
2021-07-02T09:31:35,500.0,88.9,S
2021-07-02T09:31:35,800.0,88.9,S
2021-07-02T09:31:30,1000.0,89.0,B
2021-07-02T09:31:30,100.0,89.0,B
2021-07-02T09:31:15,100.0,89.0,B
2021-07-02T09:31:07,500.0,89.0,B
2021-07-02T09:31:04,500.0,89.0,B
2021-07-02T09:31:04,100.0,89.0,B
2021-07-02T09:30:51,500.0,89.0,B
2021-07-02T09:30:51,1000.0,89.0,B
2021-07-02T09:30:49,100.0,89.0,B
2021-07-02T09:30:39,300.0,89.0,B
2021-07-02T09:30:35,100.0,89.0,B
2021-07-02T09:30:31,100.0,89.0,B
2021-07-02T09:30:27,100.0,89.0,B
2021-07-02T09:30:25,2000.0,89.0,B
2021-07-02T09:30:19,1000.0,89.0,B
2021-07-02T09:30:18,500.0,89.0,B
2021-07-02T09:30:13,100.0,89.0,B
2021-07-02T09:30:08,2000.0,89.0,B
2021-07-02T09:30:02,100.0,89.0,B
2021-07-02T09:29:57,400.0,89.0,S
2021-07-02T09:29:43,2000.0,89.0,S
2021-07-02T09:29:40,100.0,89.0,S
2021-07-02T09:29:39,1000.0,89.0,S
2021-07-02T09:29:38,100.0,89.0,S
2021-07-02T09:29:38,200.0,89.0,S
2021-07-02T09:29:37,100.0,89.0,S
2021-07-02T09:29:34,5900.0,89.0,S
2021-07-02T09:29:34,3500.0,89.0,S
2021-07-02T09:29:34,1300.0,89.0,S
2021-07-02T09:29:34,200.0,89.0,S
2021-07-02T09:29:34,100.0,89.0,S
2021-07-02T09:29:33,7500.0,89.0,S
2021-07-02T09:29:22,1400.0,89.1,B
2021-07-02T09:29:22,600.0,89.1,B
2021-07-02T09:29:17,1100.0,89.1,B
2021-07-02T09:29:11,100.0,89.0,S
2021-07-02T09:29:10,14900.0,89.0,S
2021-07-02T09:29:06,600.0,89.1,B
2021-07-02T09:29:03,300.0,89.1,B
2021-07-02T09:28:49,100.0,89.1,B
2021-07-02T09:28:34,200.0,89.1,S
2021-07-02T09:28:29,500.0,89.1,S
2021-07-02T09:28:25,100.0,89.1,S
2021-07-02T09:28:21,1000.0,89.1,S
2021-07-02T09:28:19,500.0,89.1,S
2021-07-02T09:28:07,100.0,89.1,S
2021-07-02T09:28:04,300.0,89.1,S
2021-07-02T09:27:59,400.0,89.1,S
2021-07-02T09:27:56,1000.0,89.1,S
2021-07-02T09:27:46,100.0,89.1,S
2021-07-02T09:27:40,100.0,89.1,S
2021-07-02T09:27:28,100.0,89.1,S
2021-07-02T09:27:19,1900.0,89.1,S
2021-07-02T09:27:13,500.0,89.1,S
2021-07-02T09:27:13,500.0,89.1,S
2021-07-02T09:26:48,1900.0,89.1,S
2021-07-02T09:26:44,100.0,89.1,S
2021-07-02T09:26:39,100.0,89.1,S
2021-07-02T09:26:38,2300.0,89.1,S
2021-07-02T09:26:32,500.0,89.1,S
2021-07-02T09:26:32,1200.0,89.1,S
2021-07-02T09:26:32,3900.0,89.1,S
2021-07-02T09:26:15,100.0,89.2,B
2021-07-02T09:26:08,100.0,89.2,B
2021-07-02T09:26:04,100.0,89.2,B
2021-07-02T09:25:51,3900.0,89.1,S
2021-07-02T09:25:26,100.0,89.2,B
2021-07-02T09:25:07,200.0,89.1,S
2021-07-02T09:25:07,200.0,89.2,B
2021-07-02T09:25:07,900.0,89.2,B
2021-07-02T09:25:05,200.0,89.2,B
2021-07-02T09:25:04,5300.0,89.2,B
2021-07-02T09:25:03,4500.0,89.2,B
2021-07-02T09:24:52,100.0,89.2,B
2021-07-02T09:24:48,300.0,89.2,B
2021-07-02T09:24:44,200.0,89.2,B
2021-07-02T09:24:43,1000.0,89.2,B
2021-07-02T09:24:37,1000.0,89.2,B
2021-07-02T09:24:36,2200.0,89.1,S
2021-07-02T09:24:16,100.0,89.2,S
2021-07-02T09:23:57,200.0,89.2,S
2021-07-02T09:23:51,300.0,89.2,S
2021-07-02T09:23:48,100.0,89.2,S
2021-07-02T09:23:48,200.0,89.2,S
2021-07-02T09:23:34,500.0,89.2,S
2021-07-02T09:23:29,100.0,89.2,S
2021-07-02T09:23:23,100.0,89.2,S
2021-07-02T09:23:20,300.0,89.2,S
2021-07-02T09:23:08,100.0,89.2,S
2021-07-02T09:22:55,8400.0,89.2,S
2021-07-02T09:22:48,300.0,89.3,B
2021-07-02T09:22:40,2200.0,89.2,S
2021-07-02T09:22:36,100.0,89.3,B
2021-07-02T09:22:35,100.0,89.3,B
2021-07-02T09:22:29,200.0,89.3,S
2021-07-02T09:22:29,600.0,89.3,S
2021-07-02T09:22:29,1100.0,89.3,S
2021-07-02T09:22:27,400.0,89.3,S
2021-07-02T09:22:27,1900.0,89.3,S
2021-07-02T09:22:27,600.0,89.3,S
2021-07-02T09:22:26,7500.0,89.3,S
2021-07-02T09:22:24,300.0,89.4,B
2021-07-02T09:22:23,100.0,89.4,B
2021-07-02T09:22:21,2200.0,89.3,S
2021-07-02T09:22:14,1000.0,89.3,S
2021-07-02T09:22:10,2200.0,89.3,S
2021-07-02T09:22:04,1000.0,89.3,S
2021-07-02T09:21:59,1200.0,89.3,S
2021-07-02T09:21:59,1000.0,89.3,S
2021-07-02T09:21:56,200.0,89.4,B
2021-07-02T09:21:49,2200.0,89.3,S
2021-07-02T09:21:43,100.0,89.4,B
2021-07-02T09:21:40,200.0,89.4,B
2021-07-02T09:21:31,800.0,89.3,S
2021-07-02T09:21:29,100.0,89.4,B
2021-07-02T09:21:26,700.0,89.4,B
2021-07-02T09:21:15,1000.0,89.4,B
2021-07-02T09:20:56,2500.0,89.3,S
2021-07-02T09:20:55,500.0,89.4,B
2021-07-02T09:20:53,8800.0,89.4,B
2021-07-02T09:20:48,700.0,89.4,B
2021-07-02T09:20:45,100.0,89.4,B
2021-07-02T09:20:33,100.0,89.4,B
2021-07-02T09:20:26,5000.0,89.4,S
2021-07-02T09:20:19,200.0,89.4,S
2021-07-02T09:20:11,1400.0,89.3,S
2021-07-02T09:20:08,200.0,89.4,S
2021-07-02T09:20:06,2000.0,89.4,S
2021-07-02T09:20:06,3200.0,89.4,S
2021-07-02T09:20:06,500.0,89.4,S
2021-07-02T09:20:05,2300.0,89.4,S
2021-07-02T09:20:05,100.0,89.5,S
2021-07-02T09:19:58,500.0,89.6,B
2021-07-02T09:19:43,5000.0,89.4,S
2021-07-02T09:19:42,400.0,89.5,S
2021-07-02T09:19:31,100.0,89.5,S
2021-07-02T09:19:27,100.0,89.4,S
2021-07-02T09:19:25,2000.0,89.5,S
2021-07-02T09:19:17,1000.0,89.5,S
2021-07-02T09:19:04,100.0,89.5,S
2021-07-02T09:19:01,1000.0,89.5,B
2021-07-02T09:18:59,2400.0,89.5,B
2021-07-02T09:18:45,100.0,89.5,B
2021-07-02T09:18:44,200.0,89.5,B
2021-07-02T09:18:37,1800.0,89.4,S
2021-07-02T09:18:37,5100.0,89.4,S
2021-07-02T09:18:36,4400.0,89.4,S
2021-07-02T09:18:36,3700.0,89.5,B
2021-07-02T09:18:36,1000.0,89.6,B
2021-07-02T09:18:35,100.0,89.5,B
2021-07-02T09:18:34,200.0,89.5,B
2021-07-02T09:18:34,400.0,89.6,B
2021-07-02T09:18:22,200.0,89.5,B
2021-07-02T09:18:21,500.0,89.6,B
2021-07-02T09:18:21,1000.0,89.5,B
2021-07-02T09:18:15,100.0,89.6,B
2021-07-02T09:18:04,300.0,89.5,B
2021-07-02T09:17:52,200.0,89.6,B
2021-07-02T09:17:50,100.0,89.5,B
2021-07-02T09:17:48,200.0,89.5,B
2021-07-02T09:17:47,200.0,89.5,B
2021-07-02T09:17:47,500.0,89.5,B
2021-07-02T09:17:45,100.0,89.5,B
2021-07-02T09:17:45,300.0,89.5,B
2021-07-02T09:17:44,4000.0,89.5,B
2021-07-02T09:17:38,2000.0,89.5,B
2021-07-02T09:17:36,1200.0,89.5,B
2021-07-02T09:17:28,500.0,89.5,B
2021-07-02T09:17:25,1000.0,89.5,B
2021-07-02T09:17:25,300.0,89.5,B
2021-07-02T09:17:24,800.0,89.5,B
2021-07-02T09:17:24,300.0,89.5,B
2021-07-02T09:17:24,100.0,89.5,B
2021-07-02T09:17:24,1100.0,89.5,B
2021-07-02T09:17:23,600.0,89.5,B
2021-07-02T09:17:23,2700.0,89.5,B
2021-07-02T09:17:21,300.0,89.5,B
2021-07-02T09:17:17,200.0,89.5,B
2021-07-02T09:17:14,1200.0,89.5,B
2021-07-02T09:17:13,1000.0,89.5,B
2021-07-02T09:17:09,100.0,89.5,B
2021-07-02T09:17:08,200.0,89.5,B
2021-07-02T09:17:08,100.0,89.5,B
2021-07-02T09:17:05,4000.0,89.5,B
2021-07-02T09:16:57,5000.0,89.5,B
2021-07-02T09:16:52,2600.0,89.5,B
2021-07-02T09:16:49,300.0,89.5,B
2021-07-02T09:16:49,3000.0,89.5,B
2021-07-02T09:16:39,1000.0,89.5,B
2021-07-02T09:16:36,1200.0,89.5,B
2021-07-02T09:16:24,500.0,89.5,B
2021-07-02T09:16:20,200.0,89.5,B
2021-07-02T09:16:19,2100.0,89.5,B
2021-07-02T09:16:15,1000.0,89.5,B
2021-07-02T09:16:11,100.0,89.5,B
2021-07-02T09:16:10,100.0,89.4,S
2021-07-02T09:16:07,800.0,89.5,B
2021-07-02T09:16:07,4200.0,89.5,B
2021-07-02T09:16:04,400.0,89.5,B
2021-07-02T09:16:04,600.0,89.5,B
2021-07-02T09:16:00,1600.0,89.4,S
2021-07-02T09:15:51,100.0,89.5,B
2021-07-02T09:15:50,400.0,89.5,B
2021-07-02T09:15:49,700.0,89.5,B
2021-07-02T09:15:49,900.0,89.5,B
2021-07-02T09:15:49,900.0,89.5,B
