tradingTime,volume,price,side
2021-07-02T13:20:50,2000.0,37.15,B
2021-07-02T13:20:36,1000.0,37.15,B
2021-07-02T13:20:09,10200.0,37.15,B
2021-07-02T13:20:00,900.0,37.1,S
2021-07-02T13:19:57,200.0,37.15,B
2021-07-02T13:19:56,2600.0,37.15,B
2021-07-02T13:19:46,200.0,37.15,B
2021-07-02T13:19:38,2500.0,37.15,B
2021-07-02T13:19:17,100.0,37.15,B
2021-07-02T13:18:54,2000.0,37.15,B
2021-07-02T13:18:50,1000.0,37.15,B
2021-07-02T13:18:44,1300.0,37.15,B
2021-07-02T13:18:12,500.0,37.15,B
2021-07-02T13:18:09,1100.0,37.15,B
2021-07-02T13:17:55,100.0,37.1,S
2021-07-02T13:17:55,900.0,37.1,S
2021-07-02T13:17:54,1000.0,37.15,B
2021-07-02T13:17:51,100.0,37.1,S
2021-07-02T13:17:37,300.0,37.15,B
2021-07-02T13:17:26,100.0,37.1,S
2021-07-02T13:17:20,200.0,37.15,B
2021-07-02T13:17:15,500.0,37.1,S
2021-07-02T13:17:09,1000.0,37.1,S
2021-07-02T13:16:46,100.0,37.1,S
2021-07-02T13:16:35,200.0,37.15,B
2021-07-02T13:16:34,200.0,37.15,B
2021-07-02T13:16:28,100.0,37.15,B
2021-07-02T13:16:14,2000.0,37.15,B
2021-07-02T13:16:06,2200.0,37.15,S
2021-07-02T13:16:06,6300.0,37.15,S
2021-07-02T13:16:06,1400.0,37.15,S
2021-07-02T13:16:06,1800.0,37.15,S
2021-07-02T13:16:06,1500.0,37.15,S
2021-07-02T13:16:06,2200.0,37.15,S
2021-07-02T13:16:06,6000.0,37.15,S
2021-07-02T13:16:06,600.0,37.15,S
2021-07-02T13:16:06,21100.0,37.15,S
2021-07-02T13:15:54,100.0,37.2,B
2021-07-02T13:15:48,300.0,37.15,S
2021-07-02T13:15:48,500.0,37.15,S
2021-07-02T13:15:47,2200.0,37.15,S
2021-07-02T13:15:46,900.0,37.2,B
2021-07-02T13:15:46,100.0,37.2,B
2021-07-02T13:15:45,500.0,37.15,S
2021-07-02T13:15:45,900.0,37.2,B
2021-07-02T13:15:40,200.0,37.15,S
2021-07-02T13:15:39,800.0,37.15,S
2021-07-02T13:15:34,200.0,37.2,B
2021-07-02T13:15:32,3500.0,37.2,B
2021-07-02T13:15:11,3000.0,37.15,S
2021-07-02T13:15:11,1800.0,37.2,B
2021-07-02T13:14:46,1000.0,37.2,B
2021-07-02T13:14:25,100.0,37.15,S
2021-07-02T13:13:52,5000.0,37.2,B
2021-07-02T13:13:36,1000.0,37.15,S
2021-07-02T13:13:36,1000.0,37.2,B
2021-07-02T13:13:10,2300.0,37.2,B
2021-07-02T13:13:07,1800.0,37.15,S
2021-07-02T13:13:05,2300.0,37.2,B
2021-07-02T13:12:47,3000.0,37.2,B
2021-07-02T13:12:46,200.0,37.2,B
2021-07-02T13:12:18,1500.0,37.2,B
2021-07-02T13:11:44,1800.0,37.2,B
2021-07-02T13:11:34,200.0,37.15,S
2021-07-02T13:11:27,1000.0,37.15,S
2021-07-02T13:11:26,500.0,37.15,S
2021-07-02T13:11:15,100.0,37.15,S
2021-07-02T13:11:05,300.0,37.15,S
2021-07-02T13:10:58,400.0,37.2,B
2021-07-02T13:10:44,1000.0,37.15,S
2021-07-02T13:10:39,10000.0,37.2,B
2021-07-02T13:10:30,1400.0,37.2,B
2021-07-02T13:10:14,800.0,37.2,B
2021-07-02T13:10:07,100.0,37.2,B
2021-07-02T13:10:06,2900.0,37.2,B
2021-07-02T13:09:52,2000.0,37.2,B
2021-07-02T13:09:42,300.0,37.2,B
2021-07-02T13:09:33,2300.0,37.2,B
2021-07-02T13:09:32,900.0,37.15,S
2021-07-02T13:09:31,100.0,37.15,S
2021-07-02T13:09:18,100.0,37.2,B
2021-07-02T13:08:43,1000.0,37.15,S
2021-07-02T13:08:16,1000.0,37.15,S
2021-07-02T13:08:16,100.0,37.15,S
2021-07-02T13:08:12,900.0,37.15,S
2021-07-02T13:07:47,200.0,37.15,S
2021-07-02T13:07:26,900.0,37.15,S
2021-07-02T13:06:49,1900.0,37.15,S
2021-07-02T13:06:38,700.0,37.2,B
2021-07-02T13:06:38,1800.0,37.2,B
2021-07-02T13:06:38,2100.0,37.2,B
2021-07-02T13:06:38,1000.0,37.2,B
2021-07-02T13:06:38,4300.0,37.2,B
2021-07-02T13:06:38,100.0,37.2,B
2021-07-02T13:06:32,1300.0,37.15,S
2021-07-02T13:06:18,5100.0,37.15,S
2021-07-02T13:05:33,2000.0,37.15,S
2021-07-02T13:05:27,1200.0,37.2,B
2021-07-02T13:05:27,1300.0,37.2,B
2021-07-02T13:05:26,1000.0,37.2,B
2021-07-02T13:05:21,1500.0,37.2,B
2021-07-02T13:05:21,1000.0,37.15,S
2021-07-02T13:05:08,100.0,37.2,B
2021-07-02T13:05:00,100.0,37.2,B
2021-07-02T13:04:48,800.0,37.2,B
2021-07-02T13:04:46,100.0,37.15,S
2021-07-02T13:04:24,300.0,37.2,B
2021-07-02T13:04:20,200.0,37.15,S
2021-07-02T13:04:18,500.0,37.2,B
2021-07-02T13:04:00,200.0,37.2,B
2021-07-02T13:03:59,500.0,37.2,B
2021-07-02T13:03:56,1000.0,37.2,B
2021-07-02T13:03:56,300.0,37.2,B
2021-07-02T13:03:56,400.0,37.2,B
2021-07-02T13:03:56,300.0,37.2,B
2021-07-02T13:03:09,1300.0,37.2,B
2021-07-02T13:03:09,300.0,37.15,S
2021-07-02T13:02:56,2200.0,37.2,B
2021-07-02T13:02:56,100.0,37.2,B
2021-07-02T13:02:56,900.0,37.2,B
2021-07-02T13:02:56,6800.0,37.2,B
2021-07-02T13:02:28,200.0,37.2,B
2021-07-02T13:02:19,5000.0,37.2,B
2021-07-02T13:02:13,100.0,37.15,S
2021-07-02T13:01:17,2000.0,37.2,B
2021-07-02T13:01:13,600.0,37.15,S
2021-07-02T13:01:12,400.0,37.15,S
2021-07-02T13:01:11,3200.0,37.2,B
2021-07-02T13:01:04,600.0,37.15,S
2021-07-02T13:01:03,500.0,37.2,B
2021-07-02T13:01:01,2000.0,37.2,B
2021-07-02T13:00:55,3600.0,37.2,B
2021-07-02T13:00:55,200.0,37.2,B
2021-07-02T13:00:55,2100.0,37.2,B
2021-07-02T13:00:54,4100.0,37.2,B
2021-07-02T13:00:52,200.0,37.2,B
2021-07-02T13:00:49,10000.0,37.2,B
2021-07-02T13:00:48,300.0,37.2,B
2021-07-02T13:00:42,500.0,37.2,B
2021-07-02T13:00:39,100.0,37.2,B
2021-07-02T13:00:35,700.0,37.2,B
2021-07-02T13:00:31,5500.0,37.2,B
2021-07-02T13:00:31,300.0,37.2,B
2021-07-02T13:00:29,100.0,37.2,B
2021-07-02T13:00:29,1000.0,37.2,B
2021-07-02T13:00:28,500.0,37.2,B
2021-07-02T13:00:27,100.0,37.2,B
2021-07-02T13:00:24,300.0,37.2,B
2021-07-02T13:00:24,1000.0,37.2,B
2021-07-02T13:00:24,800.0,37.2,B
2021-07-02T13:00:24,100.0,37.2,B
2021-07-02T13:00:22,200.0,37.2,B
2021-07-02T13:00:22,100.0,37.2,B
2021-07-02T13:00:22,1000.0,37.2,B
2021-07-02T13:00:20,100.0,37.15,S
2021-07-02T13:00:20,1000.0,37.2,B
2021-07-02T13:00:18,200.0,37.2,B
2021-07-02T13:00:18,700.0,37.15,S
2021-07-02T13:00:16,1200.0,37.15,S
2021-07-02T13:00:16,400.0,37.2,B
2021-07-02T11:30:09,800.0,37.2,B
2021-07-02T11:29:56,3000.0,37.2,B
2021-07-02T11:29:44,500.0,37.2,B
2021-07-02T11:29:37,2000.0,37.15,S
2021-07-02T11:29:14,500.0,37.2,B
2021-07-02T11:28:56,2300.0,37.2,B
2021-07-02T11:28:40,1000.0,37.2,B
2021-07-02T11:28:28,400.0,37.2,B
2021-07-02T11:28:27,300.0,37.15,S
2021-07-02T11:27:58,2800.0,37.15,S
2021-07-02T11:27:58,200.0,37.15,S
2021-07-02T11:27:42,2300.0,37.2,B
2021-07-02T11:27:22,2300.0,37.2,B
2021-07-02T11:27:15,500.0,37.15,S
2021-07-02T11:27:07,1000.0,37.15,S
2021-07-02T11:26:31,1000.0,37.15,S
2021-07-02T11:26:19,900.0,37.15,S
2021-07-02T11:25:33,600.0,37.15,S
2021-07-02T11:24:20,900.0,37.15,S
2021-07-02T11:24:06,600.0,37.2,B
2021-07-02T11:24:06,1200.0,37.2,B
2021-07-02T11:24:06,700.0,37.2,B
2021-07-02T11:23:55,100.0,37.15,S
2021-07-02T11:23:29,2000.0,37.15,S
2021-07-02T11:23:04,1000.0,37.2,B
2021-07-02T11:22:38,200.0,37.2,B
2021-07-02T11:22:09,1000.0,37.15,S
2021-07-02T11:22:07,1400.0,37.15,S
2021-07-02T11:22:00,2600.0,37.15,B
2021-07-02T11:22:00,3000.0,37.15,B
2021-07-02T11:22:00,8500.0,37.15,B
2021-07-02T11:21:54,4500.0,37.15,B
2021-07-02T11:21:54,15500.0,37.15,B
2021-07-02T11:21:00,2500.0,37.15,B
2021-07-02T11:20:58,2000.0,37.15,B
2021-07-02T11:20:58,3000.0,37.15,B
2021-07-02T11:20:42,400.0,37.15,B
2021-07-02T11:20:42,700.0,37.15,B
2021-07-02T11:20:04,1800.0,37.15,S
2021-07-02T11:19:59,100.0,37.15,S
2021-07-02T11:19:48,100.0,37.15,B
2021-07-02T11:19:19,5900.0,37.15,S
2021-07-02T11:19:10,500.0,37.15,S
2021-07-02T11:18:48,100.0,37.15,S
2021-07-02T11:18:38,1000.0,37.15,B
2021-07-02T11:18:37,5100.0,37.15,B
2021-07-02T11:18:24,200.0,37.15,S
2021-07-02T11:18:24,1400.0,37.15,S
2021-07-02T11:18:19,1000.0,37.15,S
2021-07-02T11:18:19,500.0,37.15,S
2021-07-02T11:17:59,2000.0,37.15,S
2021-07-02T11:17:53,1000.0,37.15,S
2021-07-02T11:17:19,700.0,37.15,S
2021-07-02T11:17:13,1700.0,37.15,S
2021-07-02T11:17:13,800.0,37.15,S
2021-07-02T11:17:13,600.0,37.15,S
2021-07-02T11:17:13,1000.0,37.15,S
2021-07-02T11:17:13,14400.0,37.15,S
2021-07-02T11:17:13,9600.0,37.15,S
2021-07-02T11:17:13,3200.0,37.15,S
2021-07-02T11:16:40,400.0,37.15,S
2021-07-02T11:16:26,300.0,37.15,S
2021-07-02T11:15:47,900.0,37.15,S
2021-07-02T11:15:44,1100.0,37.15,S
2021-07-02T11:15:40,1000.0,37.15,S
2021-07-02T11:15:26,4000.0,37.15,S
2021-07-02T11:15:17,1000.0,37.2,B
2021-07-02T11:15:11,100.0,37.2,B
2021-07-02T11:15:09,100.0,37.15,S
2021-07-02T11:15:07,300.0,37.15,S
2021-07-02T11:15:07,2000.0,37.2,B
2021-07-02T11:15:05,100.0,37.15,S
2021-07-02T11:15:00,2000.0,37.15,S
2021-07-02T11:14:44,100.0,37.15,S
2021-07-02T11:14:41,200.0,37.15,S
2021-07-02T11:14:19,20000.0,37.15,S
2021-07-02T11:14:02,1000.0,37.15,S
2021-07-02T11:13:42,1000.0,37.15,S
2021-07-02T11:13:32,300.0,37.15,S
2021-07-02T11:13:29,100.0,37.15,S
2021-07-02T11:13:19,900.0,37.15,B
2021-07-02T11:12:58,3600.0,37.15,B
2021-07-02T11:12:58,2500.0,37.15,B
2021-07-02T11:12:58,400.0,37.15,B
2021-07-02T11:12:58,6200.0,37.15,B
2021-07-02T11:12:58,900.0,37.15,B
2021-07-02T11:12:58,2000.0,37.15,B
2021-07-02T11:12:58,10500.0,37.15,B
2021-07-02T11:12:58,400.0,37.15,B
2021-07-02T11:12:57,1000.0,37.15,B
2021-07-02T11:12:57,100.0,37.15,B
2021-07-02T11:12:57,22400.0,37.15,B
2021-07-02T11:12:57,100.0,37.1,S
2021-07-02T11:12:50,500.0,37.1,S
2021-07-02T11:12:27,300.0,37.1,S
2021-07-02T11:11:41,100.0,37.1,S
2021-07-02T11:11:36,1000.0,37.1,S
2021-07-02T11:10:44,100.0,37.1,S
2021-07-02T11:10:33,500.0,37.15,B
2021-07-02T11:10:32,2000.0,37.15,B
2021-07-02T11:10:14,2000.0,37.1,S
2021-07-02T11:10:13,2200.0,37.15,B
2021-07-02T11:10:13,300.0,37.15,B
2021-07-02T11:10:06,100.0,37.1,S
2021-07-02T11:09:53,500.0,37.1,S
2021-07-02T11:09:37,900.0,37.1,S
2021-07-02T11:09:19,600.0,37.1,S
2021-07-02T11:09:17,300.0,37.15,B
2021-07-02T11:09:13,900.0,37.15,B
2021-07-02T11:09:01,200.0,37.1,S
2021-07-02T11:08:07,1000.0,37.15,B
2021-07-02T11:07:43,100.0,37.15,B
2021-07-02T11:07:32,900.0,37.1,S
2021-07-02T11:07:20,600.0,37.15,B
2021-07-02T11:07:18,1000.0,37.1,S
2021-07-02T11:06:49,300.0,37.15,B
2021-07-02T11:06:20,2000.0,37.15,B
2021-07-02T11:06:05,100.0,37.15,B
2021-07-02T11:05:23,1000.0,37.1,S
2021-07-02T11:05:18,300.0,37.15,B
2021-07-02T11:04:55,100.0,37.1,S
2021-07-02T11:04:51,4000.0,37.1,S
2021-07-02T11:04:50,100.0,37.1,S
2021-07-02T11:04:44,3800.0,37.1,B
2021-07-02T11:04:28,2900.0,37.1,B
2021-07-02T11:04:28,7100.0,37.1,B
2021-07-02T11:04:26,10000.0,37.1,B
2021-07-02T11:03:59,1000.0,37.1,B
2021-07-02T11:03:39,100.0,37.1,B
2021-07-02T11:03:36,300.0,37.1,B
2021-07-02T11:03:25,1000.0,37.1,B
2021-07-02T11:03:20,1000.0,37.1,B
2021-07-02T11:03:16,900.0,37.05,S
2021-07-02T11:03:03,200.0,37.1,B
2021-07-02T11:03:03,1600.0,37.1,B
2021-07-02T11:03:03,1000.0,37.1,B
2021-07-02T11:03:02,200.0,37.1,B
2021-07-02T11:02:21,200.0,37.1,B
2021-07-02T11:01:45,1500.0,37.1,B
2021-07-02T11:01:23,1500.0,37.05,S
2021-07-02T11:01:22,2000.0,37.1,B
2021-07-02T11:01:17,200.0,37.1,B
2021-07-02T11:01:11,1500.0,37.1,B
2021-07-02T11:01:00,1000.0,37.05,S
2021-07-02T11:00:55,5000.0,37.1,B
2021-07-02T11:00:31,200.0,37.1,B
2021-07-02T11:00:30,400.0,37.05,S
2021-07-02T11:00:29,500.0,37.1,B
2021-07-02T11:00:10,200.0,37.1,B
2021-07-02T11:00:05,500.0,37.1,B
2021-07-02T10:59:57,3000.0,37.1,B
2021-07-02T10:59:30,500.0,37.1,B
2021-07-02T10:59:27,100.0,37.1,B
2021-07-02T10:59:10,100.0,37.1,B
2021-07-02T10:59:10,100.0,37.1,B
2021-07-02T10:59:08,2000.0,37.1,B
2021-07-02T10:59:03,600.0,37.05,S
2021-07-02T10:58:58,700.0,37.1,B
2021-07-02T10:58:57,1000.0,37.05,S
2021-07-02T10:58:46,1000.0,37.1,B
2021-07-02T10:58:42,900.0,37.05,S
2021-07-02T10:58:39,2100.0,37.05,S
2021-07-02T10:58:36,4900.0,37.05,S
2021-07-02T10:58:12,100.0,37.05,S
2021-07-02T10:58:04,300.0,37.05,S
2021-07-02T10:57:18,100.0,37.05,S
2021-07-02T10:57:13,300.0,37.05,S
2021-07-02T10:56:59,900.0,37.05,S
2021-07-02T10:56:08,500.0,37.05,S
2021-07-02T10:56:06,200.0,37.1,B
2021-07-02T10:55:51,1400.0,37.05,S
2021-07-02T10:55:42,600.0,37.05,S
2021-07-02T10:55:26,100.0,37.05,S
2021-07-02T10:55:26,300.0,37.05,S
2021-07-02T10:55:26,100.0,37.05,S
2021-07-02T10:55:18,1600.0,37.05,S
2021-07-02T10:55:08,800.0,37.05,S
2021-07-02T10:55:06,100.0,37.05,S
2021-07-02T10:55:06,100.0,37.05,S
2021-07-02T10:54:54,900.0,37.05,S
2021-07-02T10:54:48,100.0,37.05,S
2021-07-02T10:54:30,3700.0,37.05,S
2021-07-02T10:54:30,4300.0,37.05,S
2021-07-02T10:54:29,100.0,37.05,S
2021-07-02T10:54:26,2000.0,37.05,S
2021-07-02T10:54:21,500.0,37.05,S
2021-07-02T10:54:13,500.0,37.05,S
2021-07-02T10:53:53,100.0,37.05,S
2021-07-02T10:53:53,1000.0,37.05,S
2021-07-02T10:53:51,100.0,37.05,S
2021-07-02T10:53:08,2000.0,37.05,S
2021-07-02T10:53:05,500.0,37.05,S
2021-07-02T10:53:02,6900.0,37.05,S
2021-07-02T10:52:56,1000.0,37.05,S
2021-07-02T10:52:56,2000.0,37.05,S
2021-07-02T10:52:52,100.0,37.1,B
2021-07-02T10:52:48,1000.0,37.05,S
2021-07-02T10:52:22,5000.0,37.05,S
2021-07-02T10:52:02,1000.0,37.05,S
2021-07-02T10:52:01,3000.0,37.05,S
2021-07-02T10:51:55,1000.0,37.1,B
2021-07-02T10:51:52,2000.0,37.05,S
2021-07-02T10:51:48,2000.0,37.05,S
2021-07-02T10:51:22,500.0,37.05,S
2021-07-02T10:51:03,2200.0,37.1,B
2021-07-02T10:51:02,200.0,37.1,B
2021-07-02T10:50:53,2000.0,37.1,B
2021-07-02T10:50:42,1000.0,37.05,S
2021-07-02T10:50:36,200.0,37.05,S
2021-07-02T10:50:36,100.0,37.1,B
2021-07-02T10:50:31,4000.0,37.1,B
2021-07-02T10:50:29,5000.0,37.05,S
2021-07-02T10:50:05,1000.0,37.1,B
2021-07-02T10:49:51,1000.0,37.1,B
2021-07-02T10:49:48,3000.0,37.05,S
2021-07-02T10:49:34,500.0,37.1,B
2021-07-02T10:49:24,500.0,37.1,B
2021-07-02T10:49:05,500.0,37.1,B
2021-07-02T10:49:05,200.0,37.1,B
2021-07-02T10:48:53,500.0,37.1,S
2021-07-02T10:48:49,1000.0,37.15,B
2021-07-02T10:48:49,2000.0,37.15,B
2021-07-02T10:48:45,500.0,37.1,S
2021-07-02T10:48:43,3700.0,37.1,S
2021-07-02T10:48:42,3000.0,37.1,S
2021-07-02T10:48:28,1000.0,37.1,S
2021-07-02T10:47:44,2000.0,37.1,S
2021-07-02T10:47:44,10000.0,37.1,S
2021-07-02T10:47:42,1000.0,37.1,S
2021-07-02T10:47:42,100.0,37.15,B
2021-07-02T10:47:29,500.0,37.1,S
2021-07-02T10:47:10,6000.0,37.1,S
2021-07-02T10:47:09,1000.0,37.1,S
2021-07-02T10:46:53,600.0,37.1,S
2021-07-02T10:46:16,1000.0,37.1,S
2021-07-02T10:45:55,100.0,37.1,S
2021-07-02T10:45:55,2900.0,37.1,S
2021-07-02T10:45:54,10000.0,37.15,B
2021-07-02T10:45:35,600.0,37.1,S
2021-07-02T10:45:35,1000.0,37.1,S
2021-07-02T10:45:25,1000.0,37.1,S
2021-07-02T10:45:19,300.0,37.1,S
2021-07-02T10:45:15,100.0,37.1,S
2021-07-02T10:45:08,100.0,37.1,S
2021-07-02T10:44:59,1000.0,37.1,S
2021-07-02T10:44:56,300.0,37.1,S
2021-07-02T10:44:50,600.0,37.1,S
2021-07-02T10:44:44,300.0,37.1,S
2021-07-02T10:44:43,1400.0,37.1,S
2021-07-02T10:44:42,100.0,37.1,S
2021-07-02T10:44:36,200.0,37.1,S
2021-07-02T10:44:25,200.0,37.1,S
2021-07-02T10:44:25,800.0,37.1,S
2021-07-02T10:44:13,1000.0,37.1,S
2021-07-02T10:43:58,2200.0,37.1,S
2021-07-02T10:43:55,500.0,37.1,S
2021-07-02T10:43:40,1000.0,37.1,S
2021-07-02T10:43:28,3300.0,37.1,S
2021-07-02T10:43:25,400.0,37.15,B
2021-07-02T10:43:24,100.0,37.1,S
2021-07-02T10:43:13,2000.0,37.1,S
2021-07-02T10:43:05,9400.0,37.1,S
2021-07-02T10:43:05,2100.0,37.1,S
2021-07-02T10:43:05,1000.0,37.1,S
2021-07-02T10:43:05,2700.0,37.1,S
2021-07-02T10:43:05,600.0,37.1,S
2021-07-02T10:43:05,700.0,37.1,S
2021-07-02T10:43:05,1000.0,37.1,S
2021-07-02T10:43:05,400.0,37.1,S
2021-07-02T10:43:05,2500.0,37.1,S
2021-07-02T10:43:05,1400.0,37.1,S
2021-07-02T10:43:05,1000.0,37.1,S
2021-07-02T10:43:05,2900.0,37.1,S
2021-07-02T10:43:05,14300.0,37.1,S
2021-07-02T10:43:01,100.0,37.1,S
2021-07-02T10:43:00,1000.0,37.15,B
2021-07-02T10:42:51,1000.0,37.15,B
2021-07-02T10:42:47,1000.0,37.1,S
2021-07-02T10:42:44,1000.0,37.1,S
2021-07-02T10:42:31,2000.0,37.1,S
2021-07-02T10:42:27,500.0,37.1,S
2021-07-02T10:42:24,1000.0,37.1,S
2021-07-02T10:42:16,100.0,37.15,B
2021-07-02T10:42:12,200.0,37.1,S
2021-07-02T10:42:12,200.0,37.1,S
2021-07-02T10:42:11,600.0,37.1,S
2021-07-02T10:42:04,1000.0,37.1,S
2021-07-02T10:42:00,4500.0,37.15,B
2021-07-02T10:41:52,100.0,37.1,S
2021-07-02T10:41:38,500.0,37.1,S
2021-07-02T10:41:35,200.0,37.15,B
2021-07-02T10:41:19,1000.0,37.1,S
2021-07-02T10:40:48,1000.0,37.15,B
2021-07-02T10:40:31,1000.0,37.1,S
2021-07-02T10:40:23,100.0,37.15,B
2021-07-02T10:40:16,100.0,37.15,B
2021-07-02T10:40:02,200.0,37.15,B
2021-07-02T10:39:58,1000.0,37.1,S
2021-07-02T10:39:36,300.0,37.1,S
2021-07-02T10:39:33,1000.0,37.1,S
2021-07-02T10:39:23,100.0,37.1,S
2021-07-02T10:39:22,1000.0,37.1,S
2021-07-02T10:39:19,10000.0,37.1,S
2021-07-02T10:38:40,1000.0,37.1,S
2021-07-02T10:38:33,1000.0,37.1,S
2021-07-02T10:38:27,1000.0,37.15,B
2021-07-02T10:38:14,2700.0,37.15,B
2021-07-02T10:38:13,1100.0,37.15,B
2021-07-02T10:38:11,200.0,37.15,B
2021-07-02T10:38:04,3900.0,37.15,B
2021-07-02T10:37:56,900.0,37.1,S
2021-07-02T10:37:54,200.0,37.15,B
2021-07-02T10:37:35,3000.0,37.15,B
2021-07-02T10:37:11,100.0,37.1,S
2021-07-02T10:37:11,100.0,37.1,S
2021-07-02T10:36:35,5000.0,37.1,S
2021-07-02T10:36:23,1600.0,37.1,S
2021-07-02T10:36:20,1500.0,37.1,S
2021-07-02T10:36:09,700.0,37.1,S
2021-07-02T10:36:00,500.0,37.1,S
2021-07-02T10:35:55,400.0,37.1,S
2021-07-02T10:35:49,1000.0,37.1,S
2021-07-02T10:35:43,500.0,37.1,S
2021-07-02T10:35:32,100.0,37.1,S
2021-07-02T10:35:26,4300.0,37.15,B
2021-07-02T10:35:26,200.0,37.15,B
2021-07-02T10:35:26,3500.0,37.15,B
2021-07-02T10:35:25,2000.0,37.15,B
2021-07-02T10:35:05,400.0,37.1,S
2021-07-02T10:34:53,300.0,37.1,S
2021-07-02T10:34:46,3000.0,37.15,B
2021-07-02T10:34:36,3000.0,37.1,S
2021-07-02T10:34:31,100.0,37.15,B
2021-07-02T10:34:27,600.0,37.15,B
2021-07-02T10:34:14,800.0,37.15,B
2021-07-02T10:34:12,1000.0,37.1,S
2021-07-02T10:34:11,200.0,37.1,S
2021-07-02T10:34:11,300.0,37.1,S
2021-07-02T10:34:08,500.0,37.1,S
2021-07-02T10:33:56,500.0,37.1,S
2021-07-02T10:33:48,300.0,37.1,S
2021-07-02T10:33:48,500.0,37.1,S
2021-07-02T10:33:42,1000.0,37.1,S
2021-07-02T10:33:33,100.0,37.1,S
2021-07-02T10:33:33,1700.0,37.1,S
2021-07-02T10:33:33,2300.0,37.1,S
2021-07-02T10:33:33,10900.0,37.1,S
2021-07-02T10:33:32,200.0,37.1,S
2021-07-02T10:33:20,200.0,37.1,S
2021-07-02T10:33:17,200.0,37.1,S
2021-07-02T10:33:13,700.0,37.1,S
2021-07-02T10:33:11,5300.0,37.1,S
2021-07-02T10:33:11,1900.0,37.1,S
2021-07-02T10:33:11,5800.0,37.1,S
2021-07-02T10:33:11,700.0,37.1,S
2021-07-02T10:33:11,200.0,37.1,S
2021-07-02T10:33:11,3800.0,37.1,S
2021-07-02T10:33:11,500.0,37.1,S
2021-07-02T10:33:11,2100.0,37.1,S
2021-07-02T10:33:08,500.0,37.1,S
2021-07-02T10:32:56,2000.0,37.1,S
2021-07-02T10:32:52,2000.0,37.1,S
2021-07-02T10:32:50,500.0,37.1,S
2021-07-02T10:32:39,200.0,37.1,S
2021-07-02T10:32:26,200.0,37.1,S
2021-07-02T10:32:26,100.0,37.1,S
2021-07-02T10:31:59,200.0,37.1,S
2021-07-02T10:31:54,2000.0,37.1,S
2021-07-02T10:31:50,200.0,37.1,S
2021-07-02T10:31:41,100.0,37.1,S
2021-07-02T10:31:41,200.0,37.1,S
2021-07-02T10:31:41,600.0,37.1,S
2021-07-02T10:31:36,500.0,37.1,S
2021-07-02T10:31:36,300.0,37.1,S
2021-07-02T10:31:34,6100.0,37.1,S
2021-07-02T10:31:34,3300.0,37.1,S
2021-07-02T10:31:34,14800.0,37.1,S
2021-07-02T10:31:20,900.0,37.15,B
2021-07-02T10:31:03,600.0,37.15,B
2021-07-02T10:30:06,100.0,37.15,B
2021-07-02T10:29:31,1000.0,37.1,S
2021-07-02T10:28:59,3000.0,37.15,B
2021-07-02T10:28:52,500.0,37.1,S
2021-07-02T10:28:35,1000.0,37.15,B
2021-07-02T10:28:02,200.0,37.15,B
2021-07-02T10:27:53,700.0,37.15,B
2021-07-02T10:27:30,100.0,37.15,B
2021-07-02T10:27:24,100.0,37.15,S
2021-07-02T10:27:24,1900.0,37.15,S
2021-07-02T10:27:24,200.0,37.15,S
2021-07-02T10:27:21,500.0,37.15,S
2021-07-02T10:27:10,1800.0,37.15,S
2021-07-02T10:27:05,200.0,37.15,S
2021-07-02T10:26:50,200.0,37.15,S
2021-07-02T10:26:38,3000.0,37.15,S
2021-07-02T10:26:36,300.0,37.15,S
2021-07-02T10:26:30,1000.0,37.15,S
2021-07-02T10:26:28,3400.0,37.15,S
2021-07-02T10:26:19,1000.0,37.15,S
2021-07-02T10:25:47,1500.0,37.15,S
2021-07-02T10:25:32,1100.0,37.15,B
2021-07-02T10:25:26,900.0,37.1,S
2021-07-02T10:25:24,1000.0,37.15,B
2021-07-02T10:25:19,300.0,37.15,B
2021-07-02T10:25:05,7600.0,37.15,S
2021-07-02T10:25:05,1600.0,37.15,S
2021-07-02T10:24:37,100.0,37.2,B
2021-07-02T10:24:35,500.0,37.15,S
2021-07-02T10:24:24,300.0,37.15,S
2021-07-02T10:24:14,5000.0,37.15,S
2021-07-02T10:24:11,2000.0,37.15,S
2021-07-02T10:23:25,1000.0,37.15,S
2021-07-02T10:23:17,100.0,37.15,S
2021-07-02T10:23:15,1000.0,37.15,S
2021-07-02T10:23:02,3900.0,37.15,B
2021-07-02T10:23:01,500.0,37.1,S
2021-07-02T10:23:00,10000.0,37.15,B
2021-07-02T10:22:58,500.0,37.15,B
2021-07-02T10:22:47,9200.0,37.15,B
2021-07-02T10:22:45,200.0,37.1,S
2021-07-02T10:22:45,800.0,37.1,S
2021-07-02T10:22:45,500.0,37.1,S
2021-07-02T10:22:45,2100.0,37.1,S
2021-07-02T10:22:31,300.0,37.15,B
2021-07-02T10:22:31,2700.0,37.1,S
2021-07-02T10:22:00,100.0,37.15,B
2021-07-02T10:21:56,300.0,37.15,B
2021-07-02T10:21:50,100.0,37.15,B
2021-07-02T10:21:49,2000.0,37.15,B
2021-07-02T10:21:47,100.0,37.15,B
2021-07-02T10:21:40,200.0,37.15,B
2021-07-02T10:21:32,100.0,37.15,S
2021-07-02T10:21:32,900.0,37.15,S
2021-07-02T10:21:32,1100.0,37.15,S
2021-07-02T10:21:32,1500.0,37.15,S
2021-07-02T10:21:32,3600.0,37.15,S
2021-07-02T10:21:14,1000.0,37.15,S
2021-07-02T10:21:14,1000.0,37.15,S
2021-07-02T10:20:38,400.0,37.15,S
2021-07-02T10:20:31,1000.0,37.15,S
2021-07-02T10:20:11,500.0,37.15,S
2021-07-02T10:20:01,2500.0,37.15,B
2021-07-02T10:19:48,500.0,37.15,B
2021-07-02T10:19:44,3000.0,37.15,B
2021-07-02T10:19:37,200.0,37.15,B
2021-07-02T10:19:35,100.0,37.1,S
2021-07-02T10:19:31,1000.0,37.1,S
2021-07-02T10:19:29,600.0,37.15,B
2021-07-02T10:19:22,10000.0,37.15,B
2021-07-02T10:19:15,3000.0,37.15,B
2021-07-02T10:19:15,100.0,37.15,B
2021-07-02T10:19:11,900.0,37.1,S
2021-07-02T10:19:08,8000.0,37.15,B
2021-07-02T10:19:00,200.0,37.15,B
2021-07-02T10:18:54,200.0,37.1,S
2021-07-02T10:18:47,200.0,37.15,B
2021-07-02T10:18:42,1200.0,37.15,B
2021-07-02T10:18:30,2700.0,37.15,B
2021-07-02T10:18:19,600.0,37.15,B
2021-07-02T10:18:19,1200.0,37.15,B
2021-07-02T10:18:14,4600.0,37.15,B
2021-07-02T10:18:08,300.0,37.1,S
2021-07-02T10:18:05,200.0,37.15,B
2021-07-02T10:17:54,500.0,37.15,B
2021-07-02T10:17:51,5000.0,37.15,B
2021-07-02T10:17:38,10000.0,37.1,S
2021-07-02T10:17:38,200.0,37.1,S
2021-07-02T10:17:33,800.0,37.1,S
2021-07-02T10:17:18,3000.0,37.15,B
2021-07-02T10:17:08,9500.0,37.1,S
2021-07-02T10:17:01,900.0,37.1,S
2021-07-02T10:16:56,100.0,37.15,B
2021-07-02T10:16:44,10000.0,37.15,B
2021-07-02T10:16:42,400.0,37.1,S
2021-07-02T10:16:30,1000.0,37.1,S
2021-07-02T10:16:30,1000.0,37.1,S
2021-07-02T10:16:11,6200.0,37.1,S
2021-07-02T10:16:04,2500.0,37.1,S
2021-07-02T10:16:01,400.0,37.15,B
2021-07-02T10:15:07,100.0,37.1,S
2021-07-02T10:15:03,900.0,37.1,S
2021-07-02T10:14:51,500.0,37.1,S
2021-07-02T10:14:50,400.0,37.15,B
2021-07-02T10:14:22,100.0,37.15,B
2021-07-02T10:14:20,200.0,37.1,S
2021-07-02T10:14:04,100.0,37.1,S
2021-07-02T10:13:58,100.0,37.15,B
2021-07-02T10:13:55,700.0,37.15,B
2021-07-02T10:13:49,200.0,37.1,S
2021-07-02T10:13:34,100.0,37.1,S
2021-07-02T10:13:23,200.0,37.1,S
2021-07-02T10:13:19,1500.0,37.1,S
2021-07-02T10:13:19,200.0,37.1,S
2021-07-02T10:12:56,1000.0,37.1,S
2021-07-02T10:12:41,300.0,37.15,B
2021-07-02T10:12:40,500.0,37.1,S
2021-07-02T10:12:27,600.0,37.1,S
2021-07-02T10:11:45,500.0,37.1,S
2021-07-02T10:11:43,200.0,37.15,B
2021-07-02T10:11:43,100.0,37.1,S
2021-07-02T10:11:13,1000.0,37.15,B
2021-07-02T10:11:10,1400.0,37.1,S
2021-07-02T10:11:03,100.0,37.1,S
2021-07-02T10:11:03,700.0,37.1,S
2021-07-02T10:11:03,2500.0,37.1,S
2021-07-02T10:11:03,1700.0,37.1,S
2021-07-02T10:11:03,700.0,37.1,S
2021-07-02T10:11:02,4300.0,37.1,S
2021-07-02T10:10:56,500.0,37.15,B
2021-07-02T10:10:53,400.0,37.15,B
2021-07-02T10:10:51,500.0,37.15,B
2021-07-02T10:10:48,1000.0,37.1,S
2021-07-02T10:10:09,1000.0,37.15,B
2021-07-02T10:10:06,1000.0,37.1,S
2021-07-02T10:09:56,1000.0,37.15,B
2021-07-02T10:09:53,500.0,37.15,B
2021-07-02T10:09:39,1000.0,37.15,B
2021-07-02T10:09:36,3400.0,37.15,B
2021-07-02T10:09:26,100.0,37.1,S
2021-07-02T10:09:26,200.0,37.1,S
2021-07-02T10:09:15,2000.0,37.1,S
2021-07-02T10:08:44,1900.0,37.15,B
2021-07-02T10:08:38,1000.0,37.1,S
2021-07-02T10:08:18,200.0,37.15,B
2021-07-02T10:08:05,200.0,37.15,B
2021-07-02T10:07:49,200.0,37.15,B
2021-07-02T10:07:39,500.0,37.15,B
2021-07-02T10:07:37,300.0,37.15,B
2021-07-02T10:07:37,500.0,37.1,S
2021-07-02T10:07:27,2200.0,37.15,B
2021-07-02T10:07:26,2800.0,37.15,B
2021-07-02T10:07:24,300.0,37.15,B
2021-07-02T10:06:53,1000.0,37.15,B
2021-07-02T10:06:42,1400.0,37.1,S
2021-07-02T10:06:41,500.0,37.05,S
2021-07-02T10:06:37,500.0,37.1,S
2021-07-02T10:06:37,1000.0,37.1,S
2021-07-02T10:06:31,3000.0,37.1,S
2021-07-02T10:06:31,1200.0,37.1,S
2021-07-02T10:06:30,5800.0,37.1,S
2021-07-02T10:06:27,500.0,37.1,S
2021-07-02T10:06:27,200.0,37.1,S
2021-07-02T10:06:14,1000.0,37.1,S
2021-07-02T10:05:58,2000.0,37.1,S
2021-07-02T10:05:32,500.0,37.1,S
2021-07-02T10:05:22,100.0,37.1,S
2021-07-02T10:05:21,100.0,37.15,B
2021-07-02T10:05:18,100.0,37.1,S
2021-07-02T10:05:18,100.0,37.1,S
2021-07-02T10:05:17,8800.0,37.1,S
2021-07-02T10:05:13,1000.0,37.1,S
2021-07-02T10:05:07,1000.0,37.1,S
2021-07-02T10:05:01,1000.0,37.15,B
2021-07-02T10:04:51,100.0,37.1,S
2021-07-02T10:04:51,900.0,37.1,S
2021-07-02T10:04:51,300.0,37.1,S
2021-07-02T10:04:51,8800.0,37.1,S
2021-07-02T10:04:46,3300.0,37.15,B
2021-07-02T10:04:38,1000.0,37.15,B
2021-07-02T10:04:31,100.0,37.1,S
2021-07-02T10:04:30,100.0,37.15,B
2021-07-02T10:04:29,2000.0,37.15,B
2021-07-02T10:04:29,1000.0,37.1,S
2021-07-02T10:04:23,500.0,37.15,B
2021-07-02T10:04:22,200.0,37.15,B
2021-07-02T10:04:15,600.0,37.1,S
2021-07-02T10:04:01,1000.0,37.15,B
2021-07-02T10:04:01,5000.0,37.1,S
2021-07-02T10:03:59,1000.0,37.1,S
2021-07-02T10:03:30,7300.0,37.15,S
2021-07-02T10:03:24,200.0,37.15,S
2021-07-02T10:03:13,1500.0,37.15,S
2021-07-02T10:03:13,1900.0,37.15,S
2021-07-02T10:03:13,900.0,37.15,S
2021-07-02T10:03:13,500.0,37.15,S
2021-07-02T10:03:13,200.0,37.15,S
2021-07-02T10:03:13,1800.0,37.15,S
2021-07-02T10:03:13,8200.0,37.15,S
2021-07-02T10:03:04,8000.0,37.15,S
2021-07-02T10:03:04,600.0,37.15,S
2021-07-02T10:03:00,1000.0,37.15,S
2021-07-02T10:02:55,100.0,37.2,B
2021-07-02T10:02:54,200.0,37.2,B
2021-07-02T10:02:50,1000.0,37.15,S
2021-07-02T10:02:46,300.0,37.2,B
2021-07-02T10:02:44,300.0,37.15,S
2021-07-02T10:02:27,900.0,37.15,S
2021-07-02T10:02:26,300.0,37.2,B
2021-07-02T10:02:26,3000.0,37.15,S
2021-07-02T10:02:21,6300.0,37.2,B
2021-07-02T10:02:21,1000.0,37.2,B
2021-07-02T10:02:11,200.0,37.2,B
2021-07-02T10:02:10,1300.0,37.2,B
2021-07-02T10:02:03,500.0,37.2,B
2021-07-02T10:02:03,5000.0,37.15,S
2021-07-02T10:01:50,2000.0,37.2,B
2021-07-02T10:01:45,400.0,37.2,B
2021-07-02T10:01:44,500.0,37.2,B
2021-07-02T10:01:38,500.0,37.2,B
2021-07-02T10:01:33,300.0,37.2,B
2021-07-02T10:01:16,100.0,37.2,S
2021-07-02T10:01:13,300.0,37.2,S
2021-07-02T10:01:12,900.0,37.2,S
2021-07-02T10:01:12,5000.0,37.2,S
2021-07-02T10:01:11,500.0,37.2,S
2021-07-02T10:01:11,900.0,37.2,S
2021-07-02T10:01:10,800.0,37.15,S
2021-07-02T10:01:08,900.0,37.2,S
2021-07-02T10:01:07,300.0,37.2,S
2021-07-02T10:01:05,600.0,37.2,S
2021-07-02T10:01:05,100.0,37.2,S
2021-07-02T10:01:05,5100.0,37.2,S
2021-07-02T10:01:05,5700.0,37.2,S
2021-07-02T10:01:05,1100.0,37.2,S
2021-07-02T10:01:05,100.0,37.2,S
2021-07-02T10:01:05,1800.0,37.2,S
2021-07-02T10:01:05,4500.0,37.2,S
2021-07-02T10:01:04,500.0,37.2,S
2021-07-02T10:01:03,600.0,37.2,S
2021-07-02T10:01:03,400.0,37.2,S
2021-07-02T10:01:03,500.0,37.2,S
2021-07-02T10:01:02,600.0,37.2,S
2021-07-02T10:01:02,10000.0,37.25,B
2021-07-02T10:01:01,2000.0,37.2,S
2021-07-02T10:01:01,100.0,37.2,S
2021-07-02T10:01:01,600.0,37.2,S
2021-07-02T10:01:00,2000.0,37.2,S
2021-07-02T10:01:00,800.0,37.25,B
2021-07-02T10:01:00,100.0,37.2,S
2021-07-02T10:00:55,300.0,37.25,B
2021-07-02T10:00:39,200.0,37.2,S
2021-07-02T10:00:39,100.0,37.2,S
2021-07-02T10:00:39,300.0,37.25,B
2021-07-02T10:00:39,800.0,37.2,S
2021-07-02T10:00:34,100.0,37.2,S
2021-07-02T10:00:19,500.0,37.2,S
2021-07-02T09:59:58,1000.0,37.2,S
2021-07-02T09:59:38,2000.0,37.25,B
2021-07-02T09:59:22,100.0,37.2,S
2021-07-02T09:59:22,2700.0,37.25,B
2021-07-02T09:59:22,2600.0,37.25,B
2021-07-02T09:59:22,15100.0,37.25,B
2021-07-02T09:59:05,100.0,37.2,S
2021-07-02T09:59:04,900.0,37.2,S
2021-07-02T09:58:43,200.0,37.2,S
2021-07-02T09:58:27,6100.0,37.2,S
2021-07-02T09:58:27,4300.0,37.2,S
2021-07-02T09:58:26,4000.0,37.2,S
2021-07-02T09:58:26,1000.0,37.2,S
2021-07-02T09:58:26,700.0,37.2,S
2021-07-02T09:58:26,1600.0,37.2,S
2021-07-02T09:58:26,200.0,37.2,S
2021-07-02T09:58:26,200.0,37.2,S
2021-07-02T09:58:26,12300.0,37.2,S
2021-07-02T09:58:26,1800.0,37.2,S
2021-07-02T09:58:26,1100.0,37.2,S
2021-07-02T09:58:26,66700.0,37.2,S
2021-07-02T09:58:08,100.0,37.25,B
2021-07-02T09:58:06,200.0,37.25,B
2021-07-02T09:58:04,100.0,37.2,S
2021-07-02T09:58:00,20000.0,37.2,S
2021-07-02T09:57:26,3000.0,37.2,S
2021-07-02T09:57:25,500.0,37.25,B
2021-07-02T09:57:24,100.0,37.25,B
2021-07-02T09:57:09,500.0,37.25,B
2021-07-02T09:57:09,200.0,37.25,B
2021-07-02T09:57:08,200.0,37.2,S
2021-07-02T09:57:04,200.0,37.2,S
2021-07-02T09:57:02,100.0,37.25,B
2021-07-02T09:57:02,100.0,37.2,S
2021-07-02T09:56:50,100.0,37.25,B
2021-07-02T09:56:47,2000.0,37.2,S
2021-07-02T09:56:40,1500.0,37.25,B
2021-07-02T09:56:38,200.0,37.25,B
2021-07-02T09:56:37,4400.0,37.25,B
2021-07-02T09:56:28,600.0,37.25,B
2021-07-02T09:56:21,200.0,37.25,B
2021-07-02T09:56:18,500.0,37.25,B
2021-07-02T09:56:17,100.0,37.25,B
2021-07-02T09:56:16,500.0,37.25,B
2021-07-02T09:56:15,900.0,37.2,S
2021-07-02T09:56:14,100.0,37.25,B
2021-07-02T09:56:10,1700.0,37.25,B
2021-07-02T09:56:08,200.0,37.25,B
2021-07-02T09:56:05,400.0,37.25,S
2021-07-02T09:56:03,100.0,37.25,S
2021-07-02T09:55:56,2800.0,37.25,S
2021-07-02T09:55:56,2100.0,37.25,S
2021-07-02T09:55:43,2100.0,37.3,B
2021-07-02T09:55:40,1400.0,37.3,B
2021-07-02T09:55:40,8600.0,37.25,S
2021-07-02T09:55:38,200.0,37.25,S
2021-07-02T09:55:37,500.0,37.25,S
2021-07-02T09:55:34,300.0,37.25,S
2021-07-02T09:55:34,500.0,37.25,S
2021-07-02T09:55:31,300.0,37.25,S
2021-07-02T09:55:28,100.0,37.25,S
2021-07-02T09:55:26,200.0,37.25,S
2021-07-02T09:55:25,35600.0,37.2,S
2021-07-02T09:55:24,3400.0,37.25,S
2021-07-02T09:55:19,5400.0,37.25,S
2021-07-02T09:55:16,1000.0,37.25,S
2021-07-02T09:54:58,3400.0,37.25,S
2021-07-02T09:54:54,1500.0,37.25,S
2021-07-02T09:54:53,1000.0,37.3,B
2021-07-02T09:54:47,100.0,37.25,S
2021-07-02T09:54:45,500.0,37.25,S
2021-07-02T09:54:45,1000.0,37.25,S
2021-07-02T09:54:44,100.0,37.25,S
2021-07-02T09:54:44,2300.0,37.25,S
2021-07-02T09:54:31,3400.0,37.25,S
2021-07-02T09:54:23,3400.0,37.25,S
2021-07-02T09:54:10,3400.0,37.25,S
2021-07-02T09:54:09,200.0,37.25,S
2021-07-02T09:54:09,700.0,37.25,S
2021-07-02T09:54:05,400.0,37.3,B
2021-07-02T09:53:58,300.0,37.25,S
2021-07-02T09:53:58,3100.0,37.25,S
2021-07-02T09:53:53,3400.0,37.25,S
2021-07-02T09:53:51,1000.0,37.3,B
2021-07-02T09:53:43,600.0,37.3,B
2021-07-02T09:53:43,600.0,37.3,B
2021-07-02T09:53:38,3400.0,37.25,S
2021-07-02T09:53:32,100.0,37.3,B
2021-07-02T09:53:21,3400.0,37.25,S
2021-07-02T09:53:17,100.0,37.3,B
2021-07-02T09:53:15,5000.0,37.3,B
2021-07-02T09:53:09,100.0,37.3,B
2021-07-02T09:53:08,3400.0,37.25,S
2021-07-02T09:53:04,100.0,37.3,B
2021-07-02T09:53:02,500.0,37.25,S
2021-07-02T09:53:01,500.0,37.3,B
2021-07-02T09:52:56,3400.0,37.25,S
2021-07-02T09:52:55,700.0,37.3,B
2021-07-02T09:52:50,5000.0,37.3,B
2021-07-02T09:52:44,1000.0,37.3,B
2021-07-02T09:52:43,300.0,37.25,B
2021-07-02T09:52:42,5000.0,37.25,B
2021-07-02T09:52:37,1400.0,37.25,B
2021-07-02T09:52:36,2000.0,37.25,B
2021-07-02T09:52:35,500.0,37.25,B
2021-07-02T09:52:35,200.0,37.25,B
2021-07-02T09:52:35,3400.0,37.2,S
2021-07-02T09:52:33,1000.0,37.25,B
2021-07-02T09:52:24,100.0,37.25,S
2021-07-02T09:52:20,700.0,37.25,S
2021-07-02T09:52:18,300.0,37.25,S
2021-07-02T09:52:18,500.0,37.25,S
2021-07-02T09:52:16,500.0,37.25,S
2021-07-02T09:52:16,3100.0,37.25,S
2021-07-02T09:52:16,1100.0,37.25,S
2021-07-02T09:52:16,6100.0,37.25,S
2021-07-02T09:52:16,100.0,37.25,S
2021-07-02T09:52:15,2000.0,37.3,B
2021-07-02T09:52:10,200.0,37.25,S
2021-07-02T09:52:05,100.0,37.25,S
2021-07-02T09:51:54,20000.0,37.25,S
2021-07-02T09:51:51,300.0,37.25,S
2021-07-02T09:51:44,1000.0,37.3,B
2021-07-02T09:51:39,500.0,37.3,B
2021-07-02T09:51:37,3400.0,37.25,S
2021-07-02T09:51:23,200.0,37.25,S
2021-07-02T09:51:14,400.0,37.3,B
2021-07-02T09:51:07,100.0,37.3,B
2021-07-02T09:51:06,400.0,37.3,B
2021-07-02T09:51:01,200.0,37.3,B
2021-07-02T09:50:59,5000.0,37.3,B
2021-07-02T09:50:56,1000.0,37.3,B
2021-07-02T09:50:42,1400.0,37.3,B
2021-07-02T09:50:36,1000.0,37.25,S
2021-07-02T09:50:32,100.0,37.3,B
2021-07-02T09:50:28,3400.0,37.25,S
2021-07-02T09:50:26,2000.0,37.3,B
2021-07-02T09:50:18,100.0,37.3,B
2021-07-02T09:50:17,600.0,37.3,B
2021-07-02T09:50:12,100.0,37.3,B
2021-07-02T09:50:11,1000.0,37.3,B
2021-07-02T09:50:10,1000.0,37.3,S
2021-07-02T09:50:09,100.0,37.3,S
2021-07-02T09:50:02,300.0,37.3,S
2021-07-02T09:50:00,500.0,37.3,S
2021-07-02T09:49:59,1000.0,37.3,S
2021-07-02T09:49:56,3000.0,37.3,S
2021-07-02T09:49:52,3000.0,37.3,S
2021-07-02T09:49:52,2000.0,37.3,S
2021-07-02T09:49:47,500.0,37.3,S
2021-07-02T09:49:45,400.0,37.3,S
2021-07-02T09:49:38,21800.0,37.3,S
2021-07-02T09:49:37,100.0,37.3,S
2021-07-02T09:49:33,100.0,37.3,S
2021-07-02T09:49:33,3400.0,37.3,S
2021-07-02T09:49:30,400.0,37.3,S
2021-07-02T09:49:29,100.0,37.3,S
2021-07-02T09:49:23,100.0,37.3,S
2021-07-02T09:49:21,3400.0,37.3,S
2021-07-02T09:49:20,100.0,37.3,S
2021-07-02T09:49:08,3400.0,37.3,B
2021-07-02T09:49:07,100.0,37.3,B
2021-07-02T09:49:00,1000.0,37.3,B
2021-07-02T09:48:59,1300.0,37.3,B
2021-07-02T09:48:59,10000.0,37.3,B
2021-07-02T09:48:59,1000.0,37.3,B
2021-07-02T09:48:59,3400.0,37.25,S
2021-07-02T09:48:56,28100.0,37.2,S
2021-07-02T09:48:54,1000.0,37.25,S
2021-07-02T09:48:53,1900.0,37.3,B
2021-07-02T09:48:53,400.0,37.3,B
2021-07-02T09:48:52,100.0,37.3,B
2021-07-02T09:48:44,700.0,37.25,S
2021-07-02T09:48:43,100.0,37.25,S
2021-07-02T09:48:41,100.0,37.25,S
2021-07-02T09:48:41,1500.0,37.25,S
2021-07-02T09:48:41,1900.0,37.25,S
2021-07-02T09:48:40,100.0,37.3,B
2021-07-02T09:48:36,1000.0,37.3,B
2021-07-02T09:48:32,500.0,37.3,B
2021-07-02T09:48:31,3400.0,37.25,S
2021-07-02T09:48:31,500.0,37.3,B
2021-07-02T09:48:30,1000.0,37.3,B
2021-07-02T09:48:21,200.0,37.3,B
2021-07-02T09:48:18,3400.0,37.25,S
2021-07-02T09:48:16,2000.0,37.25,S
2021-07-02T09:48:15,100.0,37.3,B
2021-07-02T09:48:11,100.0,37.25,S
2021-07-02T09:48:09,1000.0,37.25,S
2021-07-02T09:48:08,1000.0,37.3,B
2021-07-02T09:47:53,500.0,37.3,B
2021-07-02T09:47:52,2000.0,37.3,B
2021-07-02T09:47:46,100.0,37.3,B
2021-07-02T09:47:42,200.0,37.3,B
2021-07-02T09:47:41,100.0,37.3,B
2021-07-02T09:47:41,100.0,37.3,B
2021-07-02T09:47:37,100.0,37.3,B
2021-07-02T09:47:35,500.0,37.3,B
2021-07-02T09:47:30,100.0,37.3,B
2021-07-02T09:47:29,200.0,37.3,B
2021-07-02T09:47:28,500.0,37.3,B
2021-07-02T09:47:22,2000.0,37.3,B
2021-07-02T09:47:20,100.0,37.25,S
2021-07-02T09:47:20,1400.0,37.3,B
2021-07-02T09:47:19,1500.0,37.3,B
2021-07-02T09:47:16,100.0,37.3,B
2021-07-02T09:47:16,1000.0,37.3,B
2021-07-02T09:47:11,4000.0,37.3,B
2021-07-02T09:47:05,600.0,37.3,B
2021-07-02T09:47:05,1000.0,37.3,B
2021-07-02T09:47:05,4400.0,37.3,B
2021-07-02T09:47:01,800.0,37.3,B
2021-07-02T09:46:55,200.0,37.3,B
2021-07-02T09:46:54,500.0,37.3,B
2021-07-02T09:46:54,1200.0,37.3,B
2021-07-02T09:46:54,700.0,37.3,B
2021-07-02T09:46:54,2600.0,37.3,B
2021-07-02T09:46:41,500.0,37.3,B
2021-07-02T09:46:20,100.0,37.3,B
2021-07-02T09:46:12,500.0,37.25,B
2021-07-02T09:46:12,500.0,37.25,B
2021-07-02T09:46:09,900.0,37.25,B
2021-07-02T09:46:05,100.0,37.25,B
2021-07-02T09:46:02,1800.0,37.3,B
2021-07-02T09:45:59,500.0,37.25,B
2021-07-02T09:45:53,1000.0,37.2,S
2021-07-02T09:45:35,10000.0,37.2,S
2021-07-02T09:45:32,300.0,37.25,B
2021-07-02T09:45:31,200.0,37.3,B
2021-07-02T09:45:28,12100.0,37.25,B
2021-07-02T09:45:24,300.0,37.25,B
2021-07-02T09:45:20,1000.0,37.2,S
2021-07-02T09:45:19,1200.0,37.25,B
2021-07-02T09:45:19,1000.0,37.25,B
2021-07-02T09:45:19,9000.0,37.25,B
2021-07-02T09:45:15,300.0,37.25,B
2021-07-02T09:45:11,100.0,37.25,B
2021-07-02T09:45:10,1000.0,37.25,B
2021-07-02T09:44:58,1300.0,37.25,B
2021-07-02T09:44:55,4000.0,37.25,B
2021-07-02T09:44:47,100.0,37.2,S
2021-07-02T09:44:41,700.0,37.2,S
2021-07-02T09:44:28,600.0,37.2,B
2021-07-02T09:44:27,15700.0,37.2,B
2021-07-02T09:44:22,200.0,37.2,B
2021-07-02T09:44:21,300.0,37.2,B
2021-07-02T09:44:15,200.0,37.2,B
2021-07-02T09:44:14,1000.0,37.2,B
2021-07-02T09:44:11,900.0,37.2,B
2021-07-02T09:44:07,45300.0,37.2,B
2021-07-02T09:44:05,1100.0,37.2,B
2021-07-02T09:44:02,900.0,37.2,B
2021-07-02T09:44:00,2000.0,37.15,S
2021-07-02T09:43:57,300.0,37.2,B
2021-07-02T09:43:55,5000.0,37.2,B
2021-07-02T09:43:53,1000.0,37.2,B
2021-07-02T09:43:52,900.0,37.2,B
2021-07-02T09:43:52,100.0,37.2,B
2021-07-02T09:43:50,1200.0,37.2,B
2021-07-02T09:43:49,900.0,37.2,B
2021-07-02T09:43:47,3000.0,37.2,B
2021-07-02T09:43:43,800.0,37.2,B
2021-07-02T09:43:43,200.0,37.2,B
2021-07-02T09:43:43,3100.0,37.2,B
2021-07-02T09:43:32,400.0,37.2,B
2021-07-02T09:43:32,1300.0,37.2,B
2021-07-02T09:43:32,1100.0,37.2,B
2021-07-02T09:43:32,100.0,37.2,B
2021-07-02T09:43:32,1800.0,37.2,B
2021-07-02T09:43:32,1800.0,37.2,B
2021-07-02T09:43:30,8400.0,37.2,B
2021-07-02T09:43:23,1500.0,37.2,B
2021-07-02T09:43:21,500.0,37.2,B
2021-07-02T09:43:18,2000.0,37.2,B
2021-07-02T09:43:10,6000.0,37.2,B
2021-07-02T09:43:08,2000.0,37.2,B
2021-07-02T09:43:08,33700.0,37.2,B
2021-07-02T09:43:08,100.0,37.2,B
2021-07-02T09:43:08,2600.0,37.2,B
2021-07-02T09:43:08,5100.0,37.2,B
2021-07-02T09:43:08,200.0,37.2,B
2021-07-02T09:43:08,1400.0,37.2,B
2021-07-02T09:43:08,1200.0,37.2,B
2021-07-02T09:43:08,5700.0,37.2,B
2021-07-02T09:43:01,3000.0,37.2,B
2021-07-02T09:42:58,3000.0,37.2,B
2021-07-02T09:42:53,100.0,37.2,B
2021-07-02T09:42:50,200.0,37.2,B
2021-07-02T09:42:42,100.0,37.2,B
2021-07-02T09:42:41,2700.0,37.2,B
2021-07-02T09:42:41,400.0,37.2,B
2021-07-02T09:42:41,900.0,37.2,B
2021-07-02T09:42:36,1000.0,37.15,S
2021-07-02T09:42:22,5000.0,37.2,B
2021-07-02T09:42:11,100.0,37.15,B
2021-07-02T09:42:10,6100.0,37.15,B
2021-07-02T09:42:09,1500.0,37.2,B
2021-07-02T09:41:58,1000.0,37.15,B
2021-07-02T09:41:55,100.0,37.2,B
2021-07-02T09:41:51,500.0,37.2,B
2021-07-02T09:41:51,100.0,37.15,B
2021-07-02T09:41:39,1300.0,37.15,B
2021-07-02T09:41:37,3800.0,37.15,B
2021-07-02T09:41:37,1200.0,37.15,B
2021-07-02T09:41:34,3600.0,37.15,B
2021-07-02T09:41:33,2000.0,37.1,S
2021-07-02T09:41:30,1000.0,37.1,S
2021-07-02T09:41:29,200.0,37.15,B
2021-07-02T09:41:22,100.0,37.15,B
2021-07-02T09:41:15,1000.0,37.15,B
2021-07-02T09:41:12,500.0,37.15,B
2021-07-02T09:41:07,500.0,37.15,B
2021-07-02T09:41:04,100.0,37.15,B
2021-07-02T09:40:54,200.0,37.15,B
2021-07-02T09:40:54,100.0,37.15,B
2021-07-02T09:40:47,2000.0,37.15,B
2021-07-02T09:40:46,100.0,37.1,B
2021-07-02T09:40:45,5000.0,37.1,B
2021-07-02T09:40:36,100.0,37.1,B
2021-07-02T09:40:28,100.0,37.1,B
2021-07-02T09:40:26,200.0,37.1,B
2021-07-02T09:40:13,100.0,37.1,B
2021-07-02T09:40:03,200.0,37.1,B
2021-07-02T09:40:02,2600.0,37.2,B
2021-07-02T09:40:01,900.0,37.1,B
2021-07-02T09:39:47,1000.0,37.1,B
2021-07-02T09:39:44,100.0,37.1,B
2021-07-02T09:39:33,100.0,37.1,B
2021-07-02T09:39:17,100.0,37.1,B
2021-07-02T09:39:14,4000.0,37.1,B
2021-07-02T09:39:07,100.0,37.2,B
2021-07-02T09:38:56,400.0,37.1,B
2021-07-02T09:38:39,9000.0,37.2,B
2021-07-02T09:38:33,200.0,37.1,B
2021-07-02T09:38:31,1000.0,37.1,B
2021-07-02T09:38:30,1000.0,37.1,B
2021-07-02T09:38:19,300.0,37.1,B
2021-07-02T09:38:11,3000.0,37.1,B
2021-07-02T09:38:10,500.0,37.05,S
2021-07-02T09:38:10,900.0,37.1,B
2021-07-02T09:38:09,1400.0,37.1,B
2021-07-02T09:38:06,800.0,37.1,B
2021-07-02T09:38:04,600.0,37.1,B
2021-07-02T09:37:59,6000.0,37.1,B
2021-07-02T09:37:50,5000.0,37.1,B
2021-07-02T09:37:49,9600.0,37.1,B
2021-07-02T09:37:49,50000.0,37.1,B
2021-07-02T09:37:49,3000.0,37.1,B
2021-07-02T09:37:49,37400.0,37.1,B
2021-07-02T09:37:47,1000.0,37.05,S
2021-07-02T09:37:45,10000.0,37.1,B
2021-07-02T09:37:45,2100.0,37.1,B
2021-07-02T09:37:45,900.0,37.1,B
2021-07-02T09:37:27,100.0,37.1,B
2021-07-02T09:37:23,500.0,37.1,B
2021-07-02T09:37:23,300.0,37.1,B
2021-07-02T09:37:23,1000.0,37.1,B
2021-07-02T09:37:22,100.0,37.1,B
2021-07-02T09:37:22,1500.0,37.1,B
2021-07-02T09:37:03,100.0,37.05,B
2021-07-02T09:36:44,100.0,37.0,B
2021-07-02T09:36:43,300.0,37.0,B
2021-07-02T09:36:34,300.0,37.0,B
2021-07-02T09:36:27,100.0,37.1,B
2021-07-02T09:36:27,3000.0,37.0,B
2021-07-02T09:36:25,1500.0,37.1,B
2021-07-02T09:36:15,3700.0,37.1,B
2021-07-02T09:36:05,100.0,37.0,B
2021-07-02T09:35:59,400.0,37.0,B
2021-07-02T09:35:57,2500.0,37.1,B
2021-07-02T09:35:48,200.0,37.0,B
2021-07-02T09:35:47,2500.0,37.1,B
2021-07-02T09:35:43,900.0,37.0,B
2021-07-02T09:35:42,1800.0,37.0,B
2021-07-02T09:35:40,100.0,37.0,B
2021-07-02T09:35:40,1000.0,36.95,B
2021-07-02T09:35:37,700.0,37.0,B
2021-07-02T09:35:37,600.0,37.0,B
2021-07-02T09:35:35,2600.0,37.0,B
2021-07-02T09:35:35,2200.0,37.0,B
2021-07-02T09:35:35,5200.0,37.0,B
2021-07-02T09:35:31,700.0,37.0,B
2021-07-02T09:35:31,500.0,37.0,B
2021-07-02T09:35:31,1600.0,37.0,B
2021-07-02T09:35:31,2500.0,37.0,B
2021-07-02T09:35:31,2000.0,37.0,B
2021-07-02T09:35:31,700.0,37.0,B
2021-07-02T09:35:31,1500.0,37.0,B
2021-07-02T09:35:31,5500.0,37.0,B
2021-07-02T09:35:29,300.0,37.0,B
2021-07-02T09:35:29,500.0,36.95,B
2021-07-02T09:35:23,1200.0,37.0,B
2021-07-02T09:35:21,2300.0,37.0,B
2021-07-02T09:35:19,800.0,37.0,B
2021-07-02T09:35:07,2200.0,37.0,B
2021-07-02T09:35:04,100.0,37.0,B
2021-07-02T09:35:04,2900.0,37.0,B
2021-07-02T09:35:02,3600.0,37.0,B
2021-07-02T09:35:01,500.0,37.0,B
2021-07-02T09:34:56,600.0,37.0,B
2021-07-02T09:34:56,300.0,37.0,B
2021-07-02T09:34:56,1600.0,37.0,B
2021-07-02T09:34:51,3000.0,37.0,B
2021-07-02T09:34:47,100.0,36.95,B
2021-07-02T09:34:44,1000.0,36.95,B
2021-07-02T09:34:40,2500.0,37.0,B
2021-07-02T09:34:34,4600.0,37.0,B
2021-07-02T09:34:28,2500.0,37.0,B
2021-07-02T09:34:26,5000.0,37.0,B
2021-07-02T09:34:20,5800.0,36.95,B
2021-07-02T09:34:20,25000.0,36.95,B
2021-07-02T09:34:18,1300.0,36.95,B
2021-07-02T09:34:10,3000.0,36.95,B
2021-07-02T09:34:10,500.0,36.95,B
2021-07-02T09:34:09,200.0,36.95,B
2021-07-02T09:34:05,2000.0,36.95,B
2021-07-02T09:34:03,3400.0,36.9,S
2021-07-02T09:33:54,6400.0,36.95,B
2021-07-02T09:33:50,3500.0,36.95,B
2021-07-02T09:33:48,400.0,36.95,B
2021-07-02T09:33:47,2200.0,36.95,B
2021-07-02T09:33:36,900.0,36.9,B
2021-07-02T09:33:35,2500.0,36.95,B
2021-07-02T09:33:29,2500.0,36.95,B
2021-07-02T09:33:21,700.0,36.95,B
2021-07-02T09:33:21,1000.0,36.95,B
2021-07-02T09:33:21,500.0,36.95,B
2021-07-02T09:33:20,300.0,36.95,B
2021-07-02T09:33:17,500.0,36.9,B
2021-07-02T09:33:16,1400.0,36.9,B
2021-07-02T09:33:07,500.0,36.9,B
2021-07-02T09:33:06,1300.0,36.95,B
2021-07-02T09:33:05,4000.0,36.9,B
2021-07-02T09:33:04,600.0,36.9,B
2021-07-02T09:33:04,400.0,36.9,B
2021-07-02T09:32:57,2600.0,36.9,B
2021-07-02T09:32:53,600.0,36.9,B
2021-07-02T09:32:52,1000.0,36.9,B
2021-07-02T09:32:51,1700.0,36.9,B
2021-07-02T09:32:51,500.0,36.9,B
2021-07-02T09:32:44,2300.0,36.9,B
2021-07-02T09:32:42,500.0,36.85,S
2021-07-02T09:32:41,300.0,36.9,B
2021-07-02T09:32:35,1000.0,36.9,B
2021-07-02T09:32:29,1000.0,36.9,B
2021-07-02T09:32:29,3000.0,36.9,B
2021-07-02T09:32:20,3000.0,36.9,B
2021-07-02T09:32:20,300.0,36.9,B
2021-07-02T09:32:17,6000.0,36.85,S
2021-07-02T09:32:14,8000.0,36.9,B
2021-07-02T09:32:04,300.0,36.85,S
2021-07-02T09:32:03,100.0,36.9,B
2021-07-02T09:32:00,800.0,36.9,B
2021-07-02T09:31:59,200.0,36.9,B
2021-07-02T09:31:55,1000.0,36.85,S
2021-07-02T09:31:51,2000.0,36.9,B
2021-07-02T09:31:48,500.0,36.85,S
2021-07-02T09:31:41,100.0,36.9,B
2021-07-02T09:31:36,600.0,36.9,B
2021-07-02T09:31:35,900.0,36.85,S
2021-07-02T09:31:22,100.0,36.85,S
2021-07-02T09:31:21,1000.0,36.85,S
2021-07-02T09:31:09,2000.0,36.85,S
2021-07-02T09:31:03,200.0,36.9,B
2021-07-02T09:30:47,900.0,36.85,S
2021-07-02T09:30:39,300.0,36.9,B
2021-07-02T09:30:39,4700.0,36.9,B
2021-07-02T09:30:26,5000.0,36.85,S
2021-07-02T09:30:25,3000.0,36.9,B
2021-07-02T09:30:23,1400.0,36.9,B
2021-07-02T09:30:18,600.0,36.9,B
2021-07-02T09:30:12,1600.0,36.85,S
2021-07-02T09:30:12,1400.0,36.85,S
2021-07-02T09:30:07,4400.0,36.85,S
2021-07-02T09:30:06,600.0,36.85,S
2021-07-02T09:30:04,500.0,36.9,B
2021-07-02T09:29:52,5000.0,36.9,B
2021-07-02T09:29:46,3600.0,36.9,B
2021-07-02T09:29:45,5000.0,36.9,B
2021-07-02T09:29:45,200.0,36.9,B
2021-07-02T09:29:39,200.0,36.9,B
2021-07-02T09:29:32,1000.0,36.9,B
2021-07-02T09:29:30,4400.0,36.85,S
2021-07-02T09:29:30,100.0,36.9,B
2021-07-02T09:29:28,3000.0,36.9,B
2021-07-02T09:29:26,500.0,36.9,B
2021-07-02T09:29:13,5000.0,36.9,B
2021-07-02T09:29:13,300.0,36.9,B
2021-07-02T09:29:07,3400.0,36.9,B
2021-07-02T09:29:03,1000.0,36.9,B
2021-07-02T09:28:56,500.0,36.85,S
2021-07-02T09:28:52,500.0,36.9,B
2021-07-02T09:28:47,300.0,36.9,B
2021-07-02T09:28:42,200.0,36.85,S
2021-07-02T09:28:39,300.0,36.9,B
2021-07-02T09:28:39,800.0,36.85,S
2021-07-02T09:28:26,5000.0,36.9,B
2021-07-02T09:28:20,2000.0,36.9,B
2021-07-02T09:28:17,100.0,36.9,B
2021-07-02T09:28:16,2700.0,36.8,S
2021-07-02T09:28:16,2200.0,36.85,S
2021-07-02T09:28:10,2500.0,36.9,B
2021-07-02T09:28:05,1000.0,36.9,B
2021-07-02T09:28:04,100.0,36.9,B
2021-07-02T09:28:03,1200.0,36.85,S
2021-07-02T09:28:03,500.0,36.85,S
2021-07-02T09:27:56,2000.0,36.85,S
2021-07-02T09:27:52,2200.0,36.9,B
2021-07-02T09:27:49,300.0,36.9,B
2021-07-02T09:27:47,1300.0,36.9,B
2021-07-02T09:27:43,500.0,36.9,B
2021-07-02T09:27:42,100.0,36.9,B
2021-07-02T09:27:30,300.0,36.9,B
2021-07-02T09:27:28,5000.0,36.9,B
2021-07-02T09:27:24,1000.0,36.85,S
2021-07-02T09:27:22,3000.0,36.9,B
2021-07-02T09:27:13,2000.0,36.9,B
2021-07-02T09:27:12,500.0,36.9,B
2021-07-02T09:27:08,200.0,36.85,S
2021-07-02T09:26:58,200.0,36.9,B
2021-07-02T09:26:49,3600.0,36.9,B
2021-07-02T09:26:47,100.0,36.9,B
2021-07-02T09:26:42,3600.0,36.9,B
2021-07-02T09:26:32,100.0,36.9,B
2021-07-02T09:26:27,200.0,36.9,S
2021-07-02T09:26:26,100.0,36.9,S
2021-07-02T09:26:25,1000.0,36.9,S
2021-07-02T09:26:23,300.0,36.85,S
2021-07-02T09:26:19,2000.0,36.9,S
2021-07-02T09:26:19,100.0,36.9,S
2021-07-02T09:26:14,500.0,36.9,S
2021-07-02T09:26:12,100.0,36.9,S
2021-07-02T09:26:04,300.0,36.9,S
2021-07-02T09:25:59,400.0,36.9,S
2021-07-02T09:25:53,1000.0,36.9,S
2021-07-02T09:25:53,800.0,36.9,S
2021-07-02T09:25:45,1200.0,36.9,S
2021-07-02T09:25:45,10800.0,36.9,S
2021-07-02T09:25:45,12700.0,36.9,S
2021-07-02T09:25:36,1200.0,36.95,S
2021-07-02T09:25:33,900.0,36.95,S
2021-07-02T09:25:31,400.0,37.0,B
2021-07-02T09:25:28,200.0,36.95,S
2021-07-02T09:25:26,2800.0,36.95,S
2021-07-02T09:25:21,3100.0,36.95,S
2021-07-02T09:25:18,100.0,36.95,S
2021-07-02T09:25:14,1000.0,36.95,S
2021-07-02T09:25:14,100.0,36.95,S
2021-07-02T09:25:14,400.0,36.95,S
2021-07-02T09:25:05,500.0,36.95,S
2021-07-02T09:25:01,200.0,37.0,B
2021-07-02T09:24:59,1000.0,37.0,B
2021-07-02T09:24:57,1000.0,36.95,S
2021-07-02T09:24:50,1400.0,36.95,S
2021-07-02T09:24:50,700.0,36.95,S
2021-07-02T09:24:50,3400.0,36.95,S
2021-07-02T09:24:49,3400.0,36.95,S
2021-07-02T09:24:49,1600.0,36.95,S
2021-07-02T09:24:49,1800.0,36.95,S
2021-07-02T09:24:49,3400.0,36.95,S
2021-07-02T09:24:39,2000.0,37.0,S
2021-07-02T09:24:34,2100.0,37.0,S
2021-07-02T09:24:34,700.0,37.0,S
2021-07-02T09:24:34,100.0,37.0,S
2021-07-02T09:24:23,3600.0,37.0,S
2021-07-02T09:24:23,300.0,37.0,S
2021-07-02T09:24:23,1100.0,37.0,S
2021-07-02T09:24:23,3600.0,37.0,S
2021-07-02T09:24:23,600.0,37.0,S
2021-07-02T09:24:23,1600.0,37.0,S
2021-07-02T09:24:23,23800.0,37.0,S
2021-07-02T09:24:17,200.0,37.1,S
2021-07-02T09:24:16,30000.0,37.0,S
2021-07-02T09:24:14,300.0,37.1,S
2021-07-02T09:24:10,16100.0,37.0,S
2021-07-02T09:24:10,500.0,37.0,S
2021-07-02T09:24:10,18400.0,37.0,S
2021-07-02T09:23:59,1000.0,37.1,S
2021-07-02T09:23:48,1000.0,37.0,S
2021-07-02T09:23:46,10000.0,37.1,S
2021-07-02T09:23:46,1000.0,37.1,S
2021-07-02T09:23:40,1000.0,37.1,S
2021-07-02T09:23:40,500.0,37.1,S
2021-07-02T09:23:39,100.0,37.1,S
2021-07-02T09:23:36,2000.0,37.1,S
2021-07-02T09:23:35,700.0,37.1,S
2021-07-02T09:23:33,400.0,37.1,S
2021-07-02T09:23:29,1500.0,37.1,S
2021-07-02T09:23:29,500.0,37.1,S
2021-07-02T09:23:27,4200.0,37.1,S
2021-07-02T09:23:22,100.0,37.2,B
2021-07-02T09:23:22,10000.0,37.1,S
2021-07-02T09:23:20,1000.0,37.2,B
2021-07-02T09:23:18,900.0,37.1,S
2021-07-02T09:23:10,500.0,37.2,B
2021-07-02T09:23:07,200.0,37.2,B
2021-07-02T09:23:04,1600.0,37.2,S
2021-07-02T09:23:02,100.0,37.2,S
2021-07-02T09:23:02,1000.0,37.2,S
2021-07-02T09:22:56,300.0,37.2,S
2021-07-02T09:22:54,400.0,37.2,S
2021-07-02T09:22:52,4600.0,37.1,S
2021-07-02T09:22:45,2400.0,37.2,S
2021-07-02T09:22:45,100.0,37.2,S
2021-07-02T09:22:45,4400.0,37.2,S
2021-07-02T09:22:45,1100.0,37.2,S
2021-07-02T09:22:44,5000.0,37.2,S
2021-07-02T09:22:44,200.0,37.2,S
2021-07-02T09:22:39,500.0,37.2,S
2021-07-02T09:22:38,5000.0,37.2,S
2021-07-02T09:22:34,200.0,37.2,S
2021-07-02T09:22:23,100.0,37.2,S
2021-07-02T09:22:21,200.0,37.2,S
2021-07-02T09:22:07,1000.0,37.2,S
2021-07-02T09:22:07,4000.0,37.2,S
2021-07-02T09:21:58,5000.0,37.2,S
2021-07-02T09:21:56,100.0,37.1,S
2021-07-02T09:21:56,200.0,37.1,S
2021-07-02T09:21:55,200.0,37.1,S
2021-07-02T09:21:52,5000.0,37.2,S
2021-07-02T09:21:50,400.0,37.2,S
2021-07-02T09:21:47,500.0,37.0,S
2021-07-02T09:21:38,2400.0,37.2,S
2021-07-02T09:21:36,300.0,37.2,S
2021-07-02T09:21:30,13200.0,37.0,S
2021-07-02T09:21:30,1400.0,37.0,S
2021-07-02T09:21:30,400.0,37.1,S
2021-07-02T09:21:27,200.0,37.2,S
2021-07-02T09:21:24,1000.0,37.2,S
2021-07-02T09:21:23,9000.0,37.2,S
2021-07-02T09:21:19,10000.0,37.2,S
2021-07-02T09:21:16,1300.0,37.0,S
2021-07-02T09:21:16,7500.0,37.1,S
2021-07-02T09:21:16,1200.0,37.1,S
2021-07-02T09:21:13,100.0,37.2,S
2021-07-02T09:21:06,5200.0,37.2,S
2021-07-02T09:21:03,3000.0,37.2,S
2021-07-02T09:20:59,400.0,37.2,S
2021-07-02T09:20:55,1200.0,37.2,S
2021-07-02T09:20:55,200.0,37.2,S
2021-07-02T09:20:54,200.0,37.2,S
2021-07-02T09:20:52,300.0,37.1,S
2021-07-02T09:20:51,200.0,37.2,S
2021-07-02T09:20:48,10100.0,37.2,S
2021-07-02T09:20:48,500.0,37.3,B
2021-07-02T09:20:43,3000.0,37.2,S
2021-07-02T09:20:42,100.0,37.3,B
2021-07-02T09:20:42,600.0,37.3,B
2021-07-02T09:20:36,100.0,37.2,B
2021-07-02T09:20:34,400.0,37.3,B
2021-07-02T09:20:31,2000.0,37.3,B
2021-07-02T09:20:30,1200.0,37.2,B
2021-07-02T09:20:26,10000.0,37.3,B
2021-07-02T09:20:23,100.0,37.1,B
2021-07-02T09:20:15,100.0,37.2,B
2021-07-02T09:20:11,2500.0,37.1,B
2021-07-02T09:20:10,20000.0,37.2,B
2021-07-02T09:20:08,4000.0,37.2,B
2021-07-02T09:20:07,100.0,37.1,B
2021-07-02T09:20:04,2100.0,37.1,B
2021-07-02T09:20:02,6000.0,37.1,B
2021-07-02T09:19:58,200.0,37.1,B
2021-07-02T09:19:58,200.0,37.1,B
2021-07-02T09:19:58,500.0,37.1,B
2021-07-02T09:19:45,100.0,37.1,B
2021-07-02T09:19:44,3000.0,37.1,B
2021-07-02T09:19:43,500.0,37.0,S
2021-07-02T09:19:32,2000.0,37.0,S
2021-07-02T09:19:28,1000.0,37.0,S
2021-07-02T09:19:25,200.0,37.0,S
2021-07-02T09:19:23,100.0,37.0,S
2021-07-02T09:19:23,100.0,37.0,S
2021-07-02T09:19:21,2000.0,37.0,B
2021-07-02T09:19:19,200.0,37.0,B
2021-07-02T09:19:16,1100.0,37.0,B
2021-07-02T09:19:14,1000.0,37.1,B
2021-07-02T09:19:11,900.0,37.0,B
2021-07-02T09:19:11,200.0,37.0,B
2021-07-02T09:19:10,500.0,37.0,B
2021-07-02T09:19:08,1500.0,37.0,B
2021-07-02T09:19:08,200.0,37.0,B
2021-07-02T09:19:07,200.0,37.0,B
2021-07-02T09:19:01,1000.0,37.0,B
2021-07-02T09:19:01,3000.0,37.0,B
2021-07-02T09:18:59,100.0,37.0,B
2021-07-02T09:18:59,1000.0,37.0,B
2021-07-02T09:18:57,500.0,37.0,B
2021-07-02T09:18:56,100.0,37.0,B
2021-07-02T09:18:53,100.0,37.0,B
2021-07-02T09:18:41,100.0,37.0,B
2021-07-02T09:18:41,300.0,37.0,B
2021-07-02T09:18:41,5300.0,37.0,B
2021-07-02T09:18:39,2100.0,37.0,B
2021-07-02T09:18:36,100.0,37.0,B
2021-07-02T09:18:35,600.0,37.0,B
2021-07-02T09:18:33,300.0,37.0,B
2021-07-02T09:18:33,3300.0,37.0,B
2021-07-02T09:18:33,100.0,36.95,B
2021-07-02T09:18:31,300.0,37.0,B
2021-07-02T09:18:28,20000.0,37.0,B
2021-07-02T09:18:22,100.0,37.0,B
2021-07-02T09:18:17,3500.0,37.0,B
2021-07-02T09:18:17,200.0,37.0,B
2021-07-02T09:18:13,5000.0,37.0,B
2021-07-02T09:18:13,300.0,36.95,B
2021-07-02T09:18:09,500.0,36.95,B
2021-07-02T09:18:08,1000.0,37.0,B
2021-07-02T09:18:06,500.0,37.0,B
2021-07-02T09:18:01,1000.0,36.95,B
2021-07-02T09:17:58,1000.0,36.95,B
2021-07-02T09:17:54,1000.0,36.95,B
2021-07-02T09:17:53,100.0,37.0,B
2021-07-02T09:17:44,3800.0,37.0,B
2021-07-02T09:17:44,5700.0,37.0,B
2021-07-02T09:17:44,5000.0,37.0,B
2021-07-02T09:17:44,3100.0,37.0,B
2021-07-02T09:17:42,800.0,37.0,B
2021-07-02T09:17:35,200.0,36.95,B
2021-07-02T09:17:32,100.0,36.95,B
2021-07-02T09:17:25,2000.0,37.0,B
2021-07-02T09:17:25,1000.0,37.0,B
2021-07-02T09:17:24,1900.0,36.95,B
2021-07-02T09:17:24,3300.0,36.95,B
2021-07-02T09:17:17,2200.0,36.95,B
2021-07-02T09:17:12,5000.0,36.95,B
2021-07-02T09:17:08,2400.0,36.9,B
2021-07-02T09:17:04,1000.0,36.9,B
2021-07-02T09:17:01,400.0,36.9,B
2021-07-02T09:17:00,12000.0,36.9,B
2021-07-02T09:16:53,1000.0,36.9,B
2021-07-02T09:16:39,500.0,36.9,B
2021-07-02T09:16:27,1700.0,36.9,B
2021-07-02T09:16:20,2800.0,36.8,B
2021-07-02T09:16:19,300.0,36.75,S
2021-07-02T09:16:13,1000.0,36.8,B
2021-07-02T09:16:11,100.0,36.7,S
2021-07-02T09:16:04,400.0,36.7,B
2021-07-02T09:16:03,2000.0,36.6,S
2021-07-02T09:15:52,200.0,36.7,B
2021-07-02T09:15:51,3600.0,36.6,B
2021-07-02T09:15:49,100.0,36.6,B
