tradingTime,volume,price,side
2021-07-02T13:20:49,400.0,43.5,S
2021-07-02T13:20:35,600.0,43.5,B
2021-07-02T13:20:25,100.0,43.5,B
2021-07-02T13:18:54,3000.0,43.5,S
2021-07-02T13:18:52,1300.0,43.5,S
2021-07-02T13:18:38,1000.0,43.5,S
2021-07-02T13:18:30,700.0,43.5,S
2021-07-02T13:16:40,400.0,43.5,S
2021-07-02T13:16:26,500.0,43.5,S
2021-07-02T13:15:57,100.0,43.5,S
2021-07-02T13:15:44,1000.0,43.5,S
2021-07-02T13:15:27,400.0,43.5,S
2021-07-02T13:15:10,1000.0,43.5,S
2021-07-02T13:15:04,400.0,43.5,S
2021-07-02T13:15:04,3200.0,43.5,S
2021-07-02T13:14:36,1800.0,43.5,S
2021-07-02T13:14:36,1200.0,43.5,S
2021-07-02T13:13:33,200.0,43.5,S
2021-07-02T13:13:17,900.0,43.5,S
2021-07-02T13:13:17,300.0,43.5,S
2021-07-02T13:13:17,1300.0,43.5,S
2021-07-02T13:13:08,500.0,43.5,S
2021-07-02T13:12:32,1000.0,43.5,S
2021-07-02T13:11:54,17200.0,43.5,S
2021-07-02T13:11:54,100.0,43.5,S
2021-07-02T13:11:53,1000.0,43.5,S
2021-07-02T13:11:53,1700.0,43.5,S
2021-07-02T13:11:32,2100.0,43.5,S
2021-07-02T13:11:32,200.0,43.5,S
2021-07-02T13:11:32,300.0,43.5,S
2021-07-02T13:10:53,800.0,43.55,B
2021-07-02T13:10:49,200.0,43.55,B
2021-07-02T13:10:49,100.0,43.55,B
2021-07-02T13:10:01,1000.0,43.55,B
2021-07-02T13:09:04,500.0,43.55,B
2021-07-02T13:08:53,500.0,43.55,B
2021-07-02T13:08:26,900.0,43.5,S
2021-07-02T13:07:54,100.0,43.55,B
2021-07-02T13:07:42,200.0,43.5,S
2021-07-02T13:07:40,700.0,43.55,B
2021-07-02T13:06:50,200.0,43.55,B
2021-07-02T13:06:23,1000.0,43.55,B
2021-07-02T13:05:45,200.0,43.55,S
2021-07-02T13:05:45,700.0,43.55,S
2021-07-02T13:05:36,1000.0,43.6,B
2021-07-02T13:05:27,500.0,43.55,S
2021-07-02T13:04:14,200.0,43.55,S
2021-07-02T13:03:07,100.0,43.55,B
2021-07-02T13:02:33,500.0,43.5,S
2021-07-02T13:01:20,500.0,43.5,S
2021-07-02T13:01:20,500.0,43.5,S
2021-07-02T13:00:48,100.0,43.5,S
2021-07-02T13:00:30,200.0,43.5,S
2021-07-02T13:00:27,600.0,43.5,S
2021-07-02T13:00:27,1500.0,43.5,S
2021-07-02T13:00:18,100.0,43.6,B
2021-07-02T13:00:14,1000.0,43.5,S
2021-07-02T13:00:14,5000.0,43.65,B
2021-07-02T13:00:14,400.0,43.5,S
2021-07-02T11:29:57,400.0,43.5,B
2021-07-02T11:29:55,2000.0,43.4,S
2021-07-02T11:29:49,700.0,43.5,B
2021-07-02T11:29:40,1900.0,43.4,S
2021-07-02T11:28:58,500.0,43.4,S
2021-07-02T11:28:48,1000.0,43.5,B
2021-07-02T11:28:41,1000.0,43.5,B
2021-07-02T11:28:06,200.0,43.45,S
2021-07-02T11:27:34,900.0,43.5,B
2021-07-02T11:27:34,100.0,43.5,B
2021-07-02T11:27:31,100.0,43.5,B
2021-07-02T11:27:25,2000.0,43.5,B
2021-07-02T11:27:16,3000.0,43.45,S
2021-07-02T11:27:07,500.0,43.5,B
2021-07-02T11:27:06,1000.0,43.5,B
2021-07-02T11:27:03,400.0,43.45,S
2021-07-02T11:26:17,100.0,43.5,B
2021-07-02T11:25:52,600.0,43.5,S
2021-07-02T11:25:52,600.0,43.5,S
2021-07-02T11:25:46,2500.0,43.5,S
2021-07-02T11:25:46,300.0,43.5,S
2021-07-02T11:25:46,1600.0,43.5,S
2021-07-02T11:25:46,5600.0,43.5,S
2021-07-02T11:25:06,8100.0,43.5,S
2021-07-02T11:25:06,300.0,43.5,S
2021-07-02T11:25:06,300.0,43.5,S
2021-07-02T11:25:06,5300.0,43.5,S
2021-07-02T11:25:01,100.0,43.5,S
2021-07-02T11:24:45,1000.0,43.5,S
2021-07-02T11:24:45,1300.0,43.5,S
2021-07-02T11:24:45,2500.0,43.5,S
2021-07-02T11:24:45,5200.0,43.5,S
2021-07-02T11:23:23,7500.0,43.55,S
2021-07-02T11:22:54,700.0,43.55,S
2021-07-02T11:21:05,5000.0,43.55,S
2021-07-02T11:19:20,1000.0,43.55,S
2021-07-02T11:19:11,1000.0,43.55,S
2021-07-02T11:19:03,100.0,43.6,B
2021-07-02T11:19:02,1800.0,43.55,S
2021-07-02T11:18:31,700.0,43.6,S
2021-07-02T11:18:31,400.0,43.6,S
2021-07-02T11:18:30,2900.0,43.6,S
2021-07-02T11:18:13,300.0,43.65,B
2021-07-02T11:17:14,1000.0,43.65,B
2021-07-02T11:16:53,100.0,43.65,B
2021-07-02T11:15:12,1000.0,43.6,S
2021-07-02T11:15:11,500.0,43.6,B
2021-07-02T11:15:05,1000.0,43.6,B
2021-07-02T11:14:57,1000.0,43.6,B
2021-07-02T11:14:42,200.0,43.6,B
2021-07-02T11:14:34,500.0,43.6,B
2021-07-02T11:13:56,2000.0,43.6,B
2021-07-02T11:13:50,100.0,43.6,B
2021-07-02T11:13:44,100.0,43.6,B
2021-07-02T11:13:33,200.0,43.6,B
2021-07-02T11:13:32,1000.0,43.6,B
2021-07-02T11:13:16,600.0,43.6,B
2021-07-02T11:12:39,200.0,43.6,B
2021-07-02T11:12:25,300.0,43.6,B
2021-07-02T11:12:20,300.0,43.6,B
2021-07-02T11:11:57,200.0,43.6,B
2021-07-02T11:11:37,3000.0,43.6,B
2021-07-02T11:11:24,700.0,43.6,B
2021-07-02T11:10:27,500.0,43.6,B
2021-07-02T11:09:49,200.0,43.6,B
2021-07-02T11:09:21,1500.0,43.5,S
2021-07-02T11:08:13,2000.0,43.5,S
2021-07-02T11:07:12,800.0,43.5,S
2021-07-02T11:07:12,100.0,43.5,S
2021-07-02T11:07:12,100.0,43.5,S
2021-07-02T11:06:49,1000.0,43.5,S
2021-07-02T11:02:17,1400.0,43.5,S
2021-07-02T11:02:17,600.0,43.5,S
2021-07-02T10:59:18,500.0,43.5,S
2021-07-02T10:56:46,500.0,43.5,S
2021-07-02T10:55:52,600.0,43.6,B
2021-07-02T10:55:52,5300.0,43.6,B
2021-07-02T10:55:52,100.0,43.6,B
2021-07-02T10:55:21,1000.0,43.5,S
2021-07-02T10:55:16,3300.0,43.5,S
2021-07-02T10:54:53,200.0,43.5,S
2021-07-02T10:53:23,100.0,43.5,S
2021-07-02T10:53:23,700.0,43.5,S
2021-07-02T10:53:01,500.0,43.6,B
2021-07-02T10:52:53,100.0,43.6,B
2021-07-02T10:52:17,10000.0,43.6,B
2021-07-02T10:52:00,2000.0,43.6,B
2021-07-02T10:50:03,200.0,43.6,B
2021-07-02T10:50:00,100.0,43.6,B
2021-07-02T10:49:51,2000.0,43.6,B
2021-07-02T10:47:08,2000.0,43.6,B
2021-07-02T10:46:14,1800.0,43.6,S
2021-07-02T10:45:53,200.0,43.6,B
2021-07-02T10:45:07,400.0,43.6,B
2021-07-02T10:45:07,200.0,43.5,S
2021-07-02T10:45:04,300.0,43.5,S
2021-07-02T10:44:33,400.0,43.5,S
2021-07-02T10:44:33,1100.0,43.5,S
2021-07-02T10:44:33,8000.0,43.5,S
2021-07-02T10:44:33,300.0,43.5,S
2021-07-02T10:44:33,2600.0,43.5,S
2021-07-02T10:44:33,1500.0,43.5,S
2021-07-02T10:44:33,1300.0,43.5,S
2021-07-02T10:44:33,3000.0,43.5,S
2021-07-02T10:44:33,2100.0,43.5,S
2021-07-02T10:44:33,1000.0,43.5,S
2021-07-02T10:44:33,3900.0,43.5,S
2021-07-02T10:44:33,100.0,43.5,S
2021-07-02T10:44:33,12000.0,43.5,S
2021-07-02T10:44:33,1200.0,43.5,S
2021-07-02T10:44:33,600.0,43.5,S
2021-07-02T10:44:33,16000.0,43.5,S
2021-07-02T10:43:58,1000.0,43.6,B
2021-07-02T10:43:58,100.0,43.55,S
2021-07-02T10:43:40,1000.0,43.5,S
2021-07-02T10:43:02,1000.0,43.6,B
2021-07-02T10:42:30,300.0,43.6,S
2021-07-02T10:42:07,41400.0,43.5,S
2021-07-02T10:42:06,100.0,43.6,S
2021-07-02T10:41:53,1800.0,43.6,B
2021-07-02T10:41:03,200.0,43.6,B
2021-07-02T10:40:29,3000.0,43.6,S
2021-07-02T10:40:07,500.0,43.6,S
2021-07-02T10:39:41,3000.0,43.6,S
2021-07-02T10:39:41,500.0,43.6,S
2021-07-02T10:39:41,3000.0,43.6,S
2021-07-02T10:39:41,1600.0,43.6,S
2021-07-02T10:39:41,1100.0,43.6,S
2021-07-02T10:39:41,3100.0,43.6,S
2021-07-02T10:39:15,1000.0,43.6,S
2021-07-02T10:39:03,2000.0,43.6,S
2021-07-02T10:38:48,500.0,43.65,B
2021-07-02T10:37:40,1000.0,43.65,B
2021-07-02T10:37:29,1000.0,43.65,B
2021-07-02T10:37:22,7000.0,43.65,B
2021-07-02T10:37:15,1000.0,43.6,S
2021-07-02T10:36:38,2300.0,43.6,S
2021-07-02T10:35:34,1000.0,43.6,S
2021-07-02T10:35:10,2000.0,43.6,S
2021-07-02T10:35:06,100.0,43.65,B
2021-07-02T10:34:56,3000.0,43.65,B
2021-07-02T10:34:31,100.0,43.65,B
2021-07-02T10:34:24,2000.0,43.65,B
2021-07-02T10:34:16,200.0,43.65,B
2021-07-02T10:33:57,300.0,43.65,B
2021-07-02T10:33:42,500.0,43.65,B
2021-07-02T10:33:32,200.0,43.65,B
2021-07-02T10:33:20,500.0,43.65,B
2021-07-02T10:33:17,300.0,43.65,B
2021-07-02T10:32:35,100.0,43.65,B
2021-07-02T10:31:54,1000.0,43.65,B
2021-07-02T10:31:52,2500.0,43.6,S
2021-07-02T10:30:53,1200.0,43.6,S
2021-07-02T10:30:17,1000.0,43.65,B
2021-07-02T10:28:46,200.0,43.65,B
2021-07-02T10:28:28,11400.0,43.5,S
2021-07-02T10:28:28,100.0,43.55,S
2021-07-02T10:28:28,6600.0,43.55,S
2021-07-02T10:28:28,400.0,43.6,S
2021-07-02T10:28:28,2100.0,43.6,S
2021-07-02T10:28:28,1000.0,43.6,S
2021-07-02T10:28:28,8400.0,43.6,S
2021-07-02T10:28:13,500.0,43.65,B
2021-07-02T10:28:10,200.0,43.65,B
2021-07-02T10:28:00,1000.0,43.6,S
2021-07-02T10:27:42,1000.0,43.65,B
2021-07-02T10:27:15,1000.0,43.6,S
2021-07-02T10:26:32,300.0,43.6,S
2021-07-02T10:26:19,2000.0,43.6,S
2021-07-02T10:25:06,200.0,43.65,B
2021-07-02T10:25:03,1000.0,43.65,B
2021-07-02T10:24:35,600.0,43.65,B
2021-07-02T10:24:12,1000.0,43.65,B
2021-07-02T10:24:08,500.0,43.65,B
2021-07-02T10:24:06,400.0,43.6,S
2021-07-02T10:24:02,900.0,43.6,S
2021-07-02T10:24:02,100.0,43.6,S
2021-07-02T10:24:01,20800.0,43.6,S
2021-07-02T10:24:01,2900.0,43.6,S
2021-07-02T10:24:01,400.0,43.6,S
2021-07-02T10:24:01,3700.0,43.6,S
2021-07-02T10:24:01,13700.0,43.6,S
2021-07-02T10:23:35,1000.0,43.65,B
2021-07-02T10:23:12,1000.0,43.65,B
2021-07-02T10:23:04,2600.0,43.65,S
2021-07-02T10:23:04,7200.0,43.65,S
2021-07-02T10:23:03,1000.0,43.65,S
2021-07-02T10:23:02,5000.0,43.65,S
2021-07-02T10:20:47,1500.0,43.7,S
2021-07-02T10:20:47,16100.0,43.7,S
2021-07-02T10:20:47,200.0,43.7,S
2021-07-02T10:20:47,100.0,43.7,S
2021-07-02T10:20:26,100.0,43.75,S
2021-07-02T10:20:26,300.0,43.75,S
2021-07-02T10:20:26,46200.0,43.75,S
2021-07-02T10:20:26,600.0,43.75,S
2021-07-02T10:20:09,3000.0,43.75,S
2021-07-02T10:19:32,1000.0,43.8,B
2021-07-02T10:19:03,700.0,43.8,B
2021-07-02T10:18:52,900.0,43.8,B
2021-07-02T10:18:47,1000.0,43.8,B
2021-07-02T10:18:29,800.0,43.8,B
2021-07-02T10:18:14,1000.0,43.8,B
2021-07-02T10:18:00,500.0,43.8,B
2021-07-02T10:17:22,3000.0,43.8,B
2021-07-02T10:17:16,300.0,43.8,B
2021-07-02T10:16:25,3000.0,43.8,B
2021-07-02T10:16:07,600.0,43.75,S
2021-07-02T10:14:53,500.0,43.75,S
2021-07-02T10:13:15,600.0,43.75,S
2021-07-02T10:12:01,200.0,43.8,B
2021-07-02T10:11:48,700.0,43.8,B
2021-07-02T10:11:39,200.0,43.8,S
2021-07-02T10:11:35,2500.0,43.8,S
2021-07-02T10:11:22,1000.0,43.85,B
2021-07-02T10:11:16,2300.0,43.8,S
2021-07-02T10:11:16,2700.0,43.8,S
2021-07-02T10:11:06,1000.0,43.85,B
2021-07-02T10:10:48,1800.0,43.85,B
2021-07-02T10:10:48,1200.0,43.85,B
2021-07-02T10:10:06,200.0,43.8,S
2021-07-02T10:09:05,200.0,43.85,B
2021-07-02T10:08:08,500.0,43.85,B
2021-07-02T10:07:41,2000.0,43.85,B
2021-07-02T10:05:27,1000.0,43.85,B
2021-07-02T10:05:10,10000.0,43.85,B
2021-07-02T10:04:57,2800.0,43.8,S
2021-07-02T10:04:17,1000.0,43.85,B
2021-07-02T10:03:21,100.0,43.85,B
2021-07-02T10:03:07,500.0,43.85,B
2021-07-02T10:02:45,1000.0,43.8,S
2021-07-02T10:02:14,2400.0,43.8,S
2021-07-02T10:01:13,600.0,43.8,S
2021-07-02T10:01:11,2000.0,43.8,S
2021-07-02T10:01:05,700.0,43.8,S
2021-07-02T10:01:00,4700.0,43.8,S
2021-07-02T09:59:58,11700.0,43.8,B
2021-07-02T09:57:34,1000.0,43.8,S
2021-07-02T09:57:28,100.0,43.8,S
2021-07-02T09:57:22,1000.0,43.8,S
2021-07-02T09:57:09,1000.0,43.8,S
2021-07-02T09:56:56,700.0,43.8,S
2021-07-02T09:56:01,1000.0,43.8,S
2021-07-02T09:55:24,5000.0,43.75,S
2021-07-02T09:54:36,500.0,43.8,S
2021-07-02T09:54:03,400.0,43.8,S
2021-07-02T09:53:55,100.0,43.8,S
2021-07-02T09:53:49,200.0,43.8,S
2021-07-02T09:52:49,500.0,43.8,S
2021-07-02T09:52:44,100.0,43.8,S
2021-07-02T09:52:39,1000.0,43.8,S
2021-07-02T09:52:06,2000.0,43.8,S
2021-07-02T09:51:47,10000.0,43.8,S
2021-07-02T09:51:23,100.0,43.8,S
2021-07-02T09:51:22,400.0,43.8,S
2021-07-02T09:50:41,400.0,43.8,S
2021-07-02T09:50:38,500.0,43.8,S
2021-07-02T09:50:17,3100.0,43.8,S
2021-07-02T09:49:00,3000.0,43.8,S
2021-07-02T09:47:34,500.0,43.9,B
2021-07-02T09:47:24,100.0,43.8,S
2021-07-02T09:45:55,1000.0,43.8,B
2021-07-02T09:44:54,500.0,43.8,B
2021-07-02T09:44:54,1000.0,43.8,B
2021-07-02T09:44:24,2000.0,43.8,B
2021-07-02T09:43:53,400.0,43.8,S
2021-07-02T09:43:52,1600.0,43.8,S
2021-07-02T09:43:38,1300.0,43.8,S
2021-07-02T09:43:03,100.0,43.8,S
2021-07-02T09:42:58,100.0,43.8,S
2021-07-02T09:42:56,200.0,43.8,S
2021-07-02T09:42:32,700.0,43.8,S
2021-07-02T09:42:11,300.0,43.8,B
2021-07-02T09:41:20,200.0,43.8,B
2021-07-02T09:41:20,2100.0,43.8,B
2021-07-02T09:40:41,1000.0,43.8,B
2021-07-02T09:39:59,100.0,43.8,B
2021-07-02T09:39:38,2200.0,43.65,S
2021-07-02T09:39:38,200.0,43.65,S
2021-07-02T09:39:38,1700.0,43.65,S
2021-07-02T09:37:48,100.0,43.8,B
2021-07-02T09:36:26,8000.0,43.65,B
2021-07-02T09:34:38,700.0,43.65,B
2021-07-02T09:34:04,4000.0,43.65,B
2021-07-02T09:33:50,1000.0,43.65,B
2021-07-02T09:33:40,400.0,43.65,B
2021-07-02T09:33:21,100.0,43.65,S
2021-07-02T09:33:21,600.0,43.65,S
2021-07-02T09:33:18,300.0,43.65,S
2021-07-02T09:32:59,100.0,43.65,S
2021-07-02T09:32:59,200.0,43.65,S
2021-07-02T09:32:42,100.0,43.65,S
2021-07-02T09:32:36,2700.0,43.65,S
2021-07-02T09:32:36,500.0,43.65,S
2021-07-02T09:32:25,400.0,43.65,S
2021-07-02T09:32:25,1300.0,43.65,S
2021-07-02T09:32:24,3300.0,43.65,S
2021-07-02T09:32:01,300.0,43.65,S
2021-07-02T09:31:52,1000.0,43.8,B
2021-07-02T09:29:49,200.0,43.65,S
2021-07-02T09:28:50,100.0,43.65,S
2021-07-02T09:28:26,400.0,43.65,S
2021-07-02T09:27:40,1000.0,43.65,S
2021-07-02T09:27:03,500.0,43.65,S
2021-07-02T09:26:38,900.0,43.7,S
2021-07-02T09:26:26,100.0,43.7,S
2021-07-02T09:26:18,1800.0,43.65,S
2021-07-02T09:25:29,1100.0,43.7,S
2021-07-02T09:25:28,3900.0,43.7,S
2021-07-02T09:25:24,600.0,43.9,B
2021-07-02T09:25:05,100.0,43.9,B
2021-07-02T09:24:47,1300.0,43.9,B
2021-07-02T09:24:37,500.0,43.9,B
2021-07-02T09:24:37,1700.0,43.9,B
2021-07-02T09:24:37,1300.0,43.9,B
2021-07-02T09:24:03,5000.0,43.9,B
2021-07-02T09:23:14,500.0,43.8,S
2021-07-02T09:23:07,200.0,43.8,S
2021-07-02T09:22:55,300.0,43.8,S
2021-07-02T09:22:45,3000.0,43.8,S
2021-07-02T09:22:23,100.0,43.9,S
2021-07-02T09:21:50,100.0,43.9,S
2021-07-02T09:21:34,600.0,44.0,B
2021-07-02T09:21:31,1000.0,44.0,B
2021-07-02T09:21:11,1000.0,44.0,B
2021-07-02T09:20:41,3000.0,44.0,B
2021-07-02T09:20:27,100.0,44.0,B
2021-07-02T09:19:53,3000.0,44.0,B
2021-07-02T09:19:52,1000.0,43.9,S
2021-07-02T09:19:11,700.0,44.0,B
2021-07-02T09:19:11,200.0,44.0,B
2021-07-02T09:19:11,1100.0,44.0,B
2021-07-02T09:18:55,500.0,43.9,S
2021-07-02T09:18:44,200.0,43.9,S
2021-07-02T09:18:22,200.0,44.0,B
2021-07-02T09:18:12,4500.0,44.0,B
2021-07-02T09:18:12,4500.0,44.0,B
2021-07-02T09:17:18,1500.0,44.0,B
2021-07-02T09:15:43,1300.0,44.0,B
2021-07-02T09:15:43,1100.0,44.0,B
2021-07-02T09:15:42,7600.0,44.0,B
2021-07-02T09:15:33,300.0,43.6,B
