tradingTime,volume,price,side
2021-07-02T13:21:09,2000.0,118.3,S
2021-07-02T13:20:41,1000.0,118.3,S
2021-07-02T13:20:39,600.0,118.3,S
2021-07-02T13:20:06,200.0,118.4,B
2021-07-02T13:19:36,1600.0,118.4,B
2021-07-02T13:19:30,300.0,118.4,B
2021-07-02T13:19:04,1000.0,118.4,B
2021-07-02T13:19:03,1000.0,118.3,S
2021-07-02T13:19:03,1000.0,118.4,B
2021-07-02T13:18:33,500.0,118.4,B
2021-07-02T13:18:32,100.0,118.4,B
2021-07-02T13:18:31,1000.0,118.4,B
2021-07-02T13:18:29,400.0,118.3,S
2021-07-02T13:18:26,100.0,118.4,B
2021-07-02T13:17:45,500.0,118.4,B
2021-07-02T13:17:44,200.0,118.4,B
2021-07-02T13:17:17,800.0,118.3,S
2021-07-02T13:17:17,200.0,118.4,S
2021-07-02T13:16:35,200.0,118.5,B
2021-07-02T13:16:32,100.0,118.4,B
2021-07-02T13:16:14,100.0,118.4,B
2021-07-02T13:16:09,2000.0,118.3,S
2021-07-02T13:14:52,800.0,118.4,B
2021-07-02T13:14:51,200.0,118.4,B
2021-07-02T13:14:37,2000.0,118.4,B
2021-07-02T13:14:11,2000.0,118.4,B
2021-07-02T13:13:51,300.0,118.4,B
2021-07-02T13:13:11,1100.0,118.4,B
2021-07-02T13:13:07,500.0,118.3,S
2021-07-02T13:13:07,1000.0,118.3,S
2021-07-02T13:13:07,1900.0,118.3,S
2021-07-02T13:11:54,500.0,118.3,S
2021-07-02T13:11:27,500.0,118.4,B
2021-07-02T13:11:27,600.0,118.4,B
2021-07-02T13:11:01,1000.0,118.4,B
2021-07-02T13:10:58,300.0,118.4,B
2021-07-02T13:10:39,5000.0,118.4,B
2021-07-02T13:10:25,100.0,118.4,B
2021-07-02T13:10:16,800.0,118.4,B
2021-07-02T13:10:08,2500.0,118.4,S
2021-07-02T13:09:54,600.0,118.4,S
2021-07-02T13:09:52,100.0,118.4,S
2021-07-02T13:09:46,100.0,118.4,S
2021-07-02T13:09:40,600.0,118.4,S
2021-07-02T13:09:34,1100.0,118.5,B
2021-07-02T13:09:31,300.0,118.4,S
2021-07-02T13:09:04,300.0,118.4,S
2021-07-02T13:09:02,1000.0,118.4,S
2021-07-02T13:08:13,500.0,118.4,S
2021-07-02T13:08:10,300.0,118.5,B
2021-07-02T13:08:04,100.0,118.5,B
2021-07-02T13:07:27,100.0,118.5,B
2021-07-02T13:07:01,200.0,118.5,B
2021-07-02T13:06:36,20000.0,118.5,B
2021-07-02T13:06:36,100.0,118.3,S
2021-07-02T13:06:33,200.0,118.5,B
2021-07-02T13:06:33,300.0,118.5,B
2021-07-02T13:06:31,1000.0,118.3,S
2021-07-02T13:06:31,400.0,118.3,S
2021-07-02T13:06:20,200.0,118.3,S
2021-07-02T13:05:44,200.0,118.5,B
2021-07-02T13:05:43,200.0,118.5,B
2021-07-02T13:05:22,300.0,118.5,B
2021-07-02T13:05:02,1000.0,118.5,B
2021-07-02T13:04:45,200.0,118.3,S
2021-07-02T13:04:35,1500.0,118.3,S
2021-07-02T13:04:34,100.0,118.3,S
2021-07-02T13:04:24,3100.0,118.6,S
2021-07-02T13:04:14,800.0,118.6,S
2021-07-02T13:04:13,300.0,118.6,S
2021-07-02T13:04:11,800.0,118.6,S
2021-07-02T13:03:24,2700.0,118.3,S
2021-07-02T13:03:24,1000.0,118.4,S
2021-07-02T13:03:24,300.0,118.4,S
2021-07-02T13:03:24,4000.0,118.4,S
2021-07-02T13:02:26,300.0,118.8,B
2021-07-02T13:02:22,1500.0,118.6,S
2021-07-02T13:01:04,700.0,118.6,S
2021-07-02T13:00:59,200.0,118.8,S
2021-07-02T13:00:50,100.0,118.8,S
2021-07-02T13:00:40,100.0,118.8,S
2021-07-02T13:00:33,300.0,118.8,S
2021-07-02T13:00:24,100.0,118.9,B
2021-07-02T13:00:24,400.0,118.9,B
2021-07-02T13:00:16,4200.0,118.9,B
2021-07-02T13:00:16,500.0,118.6,S
2021-07-02T13:00:14,1200.0,118.9,B
2021-07-02T11:29:28,300.0,118.9,B
2021-07-02T11:28:56,1100.0,118.9,B
2021-07-02T11:27:51,1000.0,118.6,S
2021-07-02T11:27:47,1100.0,118.9,B
2021-07-02T11:27:40,100.0,118.9,B
2021-07-02T11:27:37,100.0,118.6,S
2021-07-02T11:27:28,500.0,118.6,S
2021-07-02T11:27:23,1100.0,118.9,B
2021-07-02T11:26:51,1100.0,118.6,B
2021-07-02T11:26:37,200.0,118.6,B
2021-07-02T11:26:34,600.0,118.6,B
2021-07-02T11:26:34,200.0,118.5,B
2021-07-02T11:26:21,500.0,118.4,S
2021-07-02T11:23:45,300.0,118.6,B
2021-07-02T11:23:42,400.0,118.3,S
2021-07-02T11:23:42,200.0,118.4,S
2021-07-02T11:23:01,500.0,118.5,B
2021-07-02T11:22:58,2800.0,118.4,B
2021-07-02T11:22:37,1300.0,118.3,S
2021-07-02T11:21:59,200.0,118.3,S
2021-07-02T11:21:43,500.0,118.4,B
2021-07-02T11:21:25,300.0,118.4,B
2021-07-02T11:21:03,500.0,118.4,B
2021-07-02T11:21:00,300.0,118.4,B
2021-07-02T11:20:12,100.0,118.4,B
2021-07-02T11:20:09,300.0,118.3,S
2021-07-02T11:19:37,500.0,118.4,B
2021-07-02T11:19:26,100.0,118.4,B
2021-07-02T11:19:13,500.0,118.4,B
2021-07-02T11:19:06,200.0,118.4,S
2021-07-02T11:18:05,300.0,118.5,B
2021-07-02T11:17:10,100.0,118.4,S
2021-07-02T11:16:14,400.0,118.3,S
2021-07-02T11:16:14,3600.0,118.3,S
2021-07-02T11:16:11,500.0,118.4,B
2021-07-02T11:15:23,100.0,118.4,S
2021-07-02T11:15:23,2300.0,118.4,S
2021-07-02T11:15:15,300.0,118.5,B
2021-07-02T11:15:13,300.0,118.5,B
2021-07-02T11:14:56,500.0,118.4,S
2021-07-02T11:14:23,200.0,118.5,B
2021-07-02T11:14:10,100.0,118.4,S
2021-07-02T11:14:04,200.0,118.4,S
2021-07-02T11:13:45,1000.0,118.5,B
2021-07-02T11:13:44,5000.0,118.5,B
2021-07-02T11:13:30,3800.0,118.5,S
2021-07-02T11:13:16,100.0,118.6,S
2021-07-02T11:12:28,800.0,118.6,S
2021-07-02T11:12:25,300.0,118.9,B
2021-07-02T11:11:59,1000.0,118.5,S
2021-07-02T11:11:59,4000.0,118.5,S
2021-07-02T11:11:45,10000.0,118.6,S
2021-07-02T11:11:24,1000.0,118.6,S
2021-07-02T11:11:18,400.0,118.8,S
2021-07-02T11:11:10,200.0,118.9,B
2021-07-02T11:10:47,1800.0,118.9,S
2021-07-02T11:10:44,1600.0,119.0,B
2021-07-02T11:10:36,1000.0,118.9,S
2021-07-02T11:10:24,1000.0,119.0,B
2021-07-02T11:09:37,300.0,119.0,B
2021-07-02T11:09:13,100.0,118.9,S
2021-07-02T11:08:44,500.0,118.9,B
2021-07-02T11:08:09,1300.0,118.9,B
2021-07-02T11:07:51,200.0,118.9,B
2021-07-02T11:07:33,3000.0,119.0,B
2021-07-02T11:07:33,600.0,118.9,B
2021-07-02T11:07:19,200.0,118.9,B
2021-07-02T11:06:53,800.0,118.9,S
2021-07-02T11:06:43,200.0,119.0,B
2021-07-02T11:06:05,300.0,119.0,B
2021-07-02T11:05:29,2000.0,118.9,S
2021-07-02T11:05:06,300.0,119.0,B
2021-07-02T11:05:03,2000.0,118.9,S
2021-07-02T11:04:31,4000.0,119.0,B
2021-07-02T11:04:29,100.0,119.0,B
2021-07-02T11:04:13,500.0,119.0,B
2021-07-02T11:03:52,300.0,119.0,B
2021-07-02T11:02:28,200.0,119.0,B
2021-07-02T11:02:24,300.0,119.0,B
2021-07-02T11:02:21,3000.0,119.0,B
2021-07-02T11:02:11,1000.0,118.9,S
2021-07-02T11:02:03,4000.0,119.0,B
2021-07-02T11:02:03,1000.0,119.0,B
2021-07-02T11:01:18,1000.0,119.0,B
2021-07-02T11:00:55,1000.0,119.0,B
2021-07-02T11:00:53,300.0,119.0,B
2021-07-02T10:59:49,200.0,119.0,B
2021-07-02T10:59:18,1000.0,118.6,S
2021-07-02T10:59:13,300.0,118.9,B
2021-07-02T10:58:21,2000.0,118.9,B
2021-07-02T10:58:12,1000.0,118.9,B
2021-07-02T10:58:08,300.0,118.9,B
2021-07-02T10:57:38,1000.0,118.9,B
2021-07-02T10:57:03,200.0,119.0,B
2021-07-02T10:56:52,5000.0,119.0,B
2021-07-02T10:56:08,1000.0,119.0,B
2021-07-02T10:56:06,100.0,119.0,B
2021-07-02T10:55:16,100.0,119.0,B
2021-07-02T10:55:16,200.0,118.6,B
2021-07-02T10:55:08,800.0,118.5,B
2021-07-02T10:54:58,100.0,118.5,B
2021-07-02T10:54:47,700.0,118.5,B
2021-07-02T10:54:47,500.0,118.5,B
2021-07-02T10:54:46,100.0,118.5,B
2021-07-02T10:54:30,1000.0,118.5,B
2021-07-02T10:54:25,500.0,118.5,B
2021-07-02T10:54:19,500.0,118.5,B
2021-07-02T10:54:13,100.0,118.5,B
2021-07-02T10:54:12,200.0,118.5,B
2021-07-02T10:54:08,200.0,118.5,B
2021-07-02T10:54:02,200.0,118.5,B
2021-07-02T10:53:31,3000.0,118.5,B
2021-07-02T10:53:05,200.0,118.5,B
2021-07-02T10:52:37,500.0,118.3,S
2021-07-02T10:52:25,300.0,118.5,B
2021-07-02T10:51:35,300.0,118.3,B
2021-07-02T10:51:22,200.0,118.3,B
2021-07-02T10:51:18,100.0,118.3,B
2021-07-02T10:51:16,5000.0,118.3,B
2021-07-02T10:50:52,3400.0,118.5,B
2021-07-02T10:50:52,1600.0,118.5,B
2021-07-02T10:50:48,4600.0,118.0,S
2021-07-02T10:50:34,1000.0,118.0,S
2021-07-02T10:50:31,200.0,118.3,B
2021-07-02T10:50:27,1700.0,118.0,S
2021-07-02T10:50:13,200.0,118.0,S
2021-07-02T10:50:05,300.0,118.3,B
2021-07-02T10:49:54,100.0,118.0,S
2021-07-02T10:49:49,900.0,118.0,S
2021-07-02T10:49:40,5000.0,118.0,B
2021-07-02T10:49:34,800.0,118.0,B
2021-07-02T10:49:31,2000.0,118.0,B
2021-07-02T10:49:21,100.0,117.9,S
2021-07-02T10:49:19,3800.0,118.0,B
2021-07-02T10:49:14,5000.0,118.0,B
2021-07-02T10:48:43,5500.0,117.9,B
2021-07-02T10:48:43,800.0,117.9,B
2021-07-02T10:48:35,200.0,117.9,B
2021-07-02T10:48:35,800.0,117.9,B
2021-07-02T10:48:30,500.0,117.9,B
2021-07-02T10:48:29,300.0,117.9,B
2021-07-02T10:48:25,700.0,117.9,B
2021-07-02T10:48:06,100.0,117.9,B
2021-07-02T10:47:35,500.0,117.8,S
2021-07-02T10:47:33,1000.0,117.8,S
2021-07-02T10:47:30,200.0,117.8,S
2021-07-02T10:47:30,100.0,117.8,S
2021-07-02T10:47:25,100.0,117.8,S
2021-07-02T10:47:22,100.0,117.8,S
2021-07-02T10:47:17,200.0,117.8,B
2021-07-02T10:47:17,5000.0,117.8,B
2021-07-02T10:47:01,1000.0,117.8,B
2021-07-02T10:46:40,200.0,117.8,B
2021-07-02T10:46:33,200.0,117.8,B
2021-07-02T10:46:29,100.0,117.8,S
2021-07-02T10:46:21,2000.0,117.7,S
2021-07-02T10:46:15,200.0,117.8,B
2021-07-02T10:46:14,200.0,117.8,B
2021-07-02T10:46:04,100.0,117.7,S
2021-07-02T10:45:52,500.0,117.7,S
2021-07-02T10:45:14,600.0,117.6,S
2021-07-02T10:45:14,400.0,117.6,S
2021-07-02T10:45:09,100.0,117.9,B
2021-07-02T10:44:48,5000.0,117.9,B
2021-07-02T10:44:41,1000.0,117.9,B
2021-07-02T10:44:31,200.0,117.9,B
2021-07-02T10:44:18,100.0,117.6,S
2021-07-02T10:44:17,1000.0,117.9,B
2021-07-02T10:44:10,200.0,117.9,B
2021-07-02T10:43:54,2500.0,117.9,B
2021-07-02T10:43:50,1000.0,117.9,B
2021-07-02T10:43:50,300.0,118.0,B
2021-07-02T10:43:40,2300.0,117.9,B
2021-07-02T10:43:40,200.0,117.8,B
2021-07-02T10:43:38,600.0,117.5,S
2021-07-02T10:43:36,100.0,117.8,S
2021-07-02T10:43:14,3000.0,117.9,B
2021-07-02T10:43:06,9400.0,117.3,S
2021-07-02T10:43:06,1700.0,117.5,S
2021-07-02T10:42:51,400.0,117.5,S
2021-07-02T10:42:32,100.0,117.9,B
2021-07-02T10:42:30,2400.0,117.5,S
2021-07-02T10:42:29,1600.0,117.5,S
2021-07-02T10:42:08,5000.0,117.5,S
2021-07-02T10:42:06,400.0,117.9,S
2021-07-02T10:41:59,1200.0,117.9,B
2021-07-02T10:41:51,100.0,117.9,B
2021-07-02T10:41:23,400.0,117.9,B
2021-07-02T10:41:19,1000.0,117.9,B
2021-07-02T10:41:18,100.0,117.3,S
2021-07-02T10:41:00,100.0,117.5,S
2021-07-02T10:40:59,500.0,117.5,S
2021-07-02T10:40:57,1500.0,117.5,S
2021-07-02T10:40:56,300.0,117.9,B
2021-07-02T10:40:55,500.0,117.9,B
2021-07-02T10:40:29,5000.0,118.0,B
2021-07-02T10:40:10,1000.0,117.9,B
2021-07-02T10:40:08,1000.0,118.0,B
2021-07-02T10:40:07,6900.0,117.0,S
2021-07-02T10:39:59,200.0,117.5,S
2021-07-02T10:39:57,3000.0,117.5,S
2021-07-02T10:39:43,900.0,118.0,B
2021-07-02T10:39:38,100.0,118.0,B
2021-07-02T10:39:36,100.0,118.0,B
2021-07-02T10:39:36,100.0,118.0,B
2021-07-02T10:39:27,1600.0,118.0,S
2021-07-02T10:39:26,100.0,118.0,S
2021-07-02T10:39:24,9000.0,118.0,S
2021-07-02T10:39:24,200.0,118.0,S
2021-07-02T10:39:24,600.0,118.0,S
2021-07-02T10:39:24,200.0,118.0,S
2021-07-02T10:39:23,200.0,118.0,S
2021-07-02T10:39:23,400.0,118.0,S
2021-07-02T10:39:23,700.0,118.0,S
2021-07-02T10:39:23,1100.0,118.0,S
2021-07-02T10:39:23,2600.0,118.0,S
2021-07-02T10:39:22,500.0,118.0,S
2021-07-02T10:39:22,100.0,118.0,S
2021-07-02T10:39:22,9400.0,118.0,S
2021-07-02T10:39:12,11500.0,118.0,S
2021-07-02T10:39:12,1100.0,118.0,S
2021-07-02T10:39:12,23000.0,118.0,S
2021-07-02T10:39:12,8400.0,118.1,S
2021-07-02T10:39:10,100.0,118.2,S
2021-07-02T10:39:09,100.0,118.5,B
2021-07-02T10:39:03,4000.0,118.1,S
2021-07-02T10:39:03,1000.0,118.1,S
2021-07-02T10:38:46,5000.0,118.1,S
2021-07-02T10:38:43,100.0,118.4,S
2021-07-02T10:38:41,100.0,118.4,S
2021-07-02T10:38:34,400.0,118.5,B
2021-07-02T10:38:34,1300.0,118.4,B
2021-07-02T10:38:32,900.0,118.4,B
2021-07-02T10:38:32,300.0,118.4,B
2021-07-02T10:38:25,500.0,118.4,B
2021-07-02T10:38:22,200.0,118.4,B
2021-07-02T10:38:14,100.0,118.4,B
2021-07-02T10:38:08,300.0,118.4,B
2021-07-02T10:37:53,100.0,118.4,S
2021-07-02T10:37:48,100.0,118.4,S
2021-07-02T10:37:40,1000.0,118.4,S
2021-07-02T10:37:35,2000.0,118.5,B
2021-07-02T10:37:34,200.0,118.5,B
2021-07-02T10:37:29,1000.0,118.5,S
2021-07-02T10:37:23,500.0,118.5,S
2021-07-02T10:37:20,2200.0,118.5,S
2021-07-02T10:37:15,1200.0,118.5,S
2021-07-02T10:37:13,10000.0,118.5,S
2021-07-02T10:37:12,3000.0,118.5,S
2021-07-02T10:37:11,200.0,118.5,S
2021-07-02T10:37:04,3000.0,118.5,S
2021-07-02T10:37:03,3000.0,118.5,S
2021-07-02T10:36:58,3000.0,118.5,S
2021-07-02T10:36:56,300.0,118.6,B
2021-07-02T10:36:48,3100.0,118.5,B
2021-07-02T10:36:48,2000.0,118.5,B
2021-07-02T10:36:38,4900.0,118.4,S
2021-07-02T10:36:36,9400.0,118.5,S
2021-07-02T10:36:36,600.0,118.6,S
2021-07-02T10:36:24,10000.0,118.5,S
2021-07-02T10:36:22,1000.0,118.8,B
2021-07-02T10:36:21,20000.0,118.5,S
2021-07-02T10:36:20,1400.0,118.5,S
2021-07-02T10:36:20,100.0,118.5,S
2021-07-02T10:36:20,100.0,118.5,S
2021-07-02T10:36:20,200.0,118.5,S
2021-07-02T10:36:20,1900.0,118.5,S
2021-07-02T10:36:20,2100.0,118.5,S
2021-07-02T10:36:20,2700.0,118.5,S
2021-07-02T10:36:20,200.0,118.5,S
2021-07-02T10:36:20,2100.0,118.5,S
2021-07-02T10:36:20,100.0,118.6,B
2021-07-02T10:36:19,300.0,118.6,B
2021-07-02T10:36:03,1100.0,118.5,S
2021-07-02T10:35:58,500.0,118.6,B
2021-07-02T10:35:51,100.0,118.6,B
2021-07-02T10:35:49,200.0,118.5,S
2021-07-02T10:35:46,200.0,118.6,B
2021-07-02T10:35:43,100.0,118.6,B
2021-07-02T10:35:25,1400.0,118.6,S
2021-07-02T10:35:23,1000.0,118.8,B
2021-07-02T10:34:59,200.0,118.8,B
2021-07-02T10:34:42,200.0,118.8,B
2021-07-02T10:34:39,100.0,118.8,B
2021-07-02T10:34:21,100.0,118.8,B
2021-07-02T10:34:20,200.0,118.5,S
2021-07-02T10:34:12,100.0,118.8,B
2021-07-02T10:34:08,100.0,118.6,S
2021-07-02T10:33:22,2000.0,119.0,B
2021-07-02T10:33:13,700.0,118.5,S
2021-07-02T10:33:04,100.0,119.0,B
2021-07-02T10:32:50,2000.0,119.0,B
2021-07-02T10:32:36,100.0,119.0,B
2021-07-02T10:32:30,300.0,119.0,B
2021-07-02T10:32:28,100.0,118.9,S
2021-07-02T10:32:26,1700.0,119.0,B
2021-07-02T10:32:19,700.0,118.5,S
2021-07-02T10:32:19,300.0,118.9,S
2021-07-02T10:32:18,2000.0,119.0,B
2021-07-02T10:31:55,100.0,119.0,B
2021-07-02T10:31:47,100.0,119.0,S
2021-07-02T10:31:29,5000.0,118.9,S
2021-07-02T10:31:25,900.0,119.0,S
2021-07-02T10:31:20,10000.0,119.0,S
2021-07-02T10:31:18,400.0,119.0,S
2021-07-02T10:31:18,10000.0,119.0,S
2021-07-02T10:31:16,6000.0,119.0,S
2021-07-02T10:31:16,300.0,119.0,S
2021-07-02T10:31:15,6700.0,119.0,S
2021-07-02T10:31:09,2500.0,119.0,S
2021-07-02T10:31:09,2500.0,119.0,S
2021-07-02T10:31:09,700.0,119.0,S
2021-07-02T10:31:09,500.0,119.0,S
2021-07-02T10:31:09,700.0,119.0,S
2021-07-02T10:31:09,600.0,119.0,S
2021-07-02T10:31:09,13900.0,119.0,S
2021-07-02T10:31:09,3600.0,119.0,S
2021-07-02T10:31:05,9100.0,119.0,S
2021-07-02T10:30:53,20000.0,119.0,S
2021-07-02T10:30:40,200.0,119.0,S
2021-07-02T10:30:37,10500.0,119.0,S
2021-07-02T10:30:22,1000.0,119.2,B
2021-07-02T10:30:20,15900.0,119.0,S
2021-07-02T10:30:14,10000.0,119.0,S
2021-07-02T10:30:12,4000.0,119.0,S
2021-07-02T10:30:10,100.0,119.0,S
2021-07-02T10:30:08,35000.0,119.0,S
2021-07-02T10:30:08,200.0,119.1,S
2021-07-02T10:30:03,9300.0,119.0,S
2021-07-02T10:30:02,1000.0,119.0,S
2021-07-02T10:30:02,19700.0,119.1,S
2021-07-02T10:29:56,2000.0,119.1,S
2021-07-02T10:29:49,100.0,119.2,B
2021-07-02T10:29:38,200.0,119.1,S
2021-07-02T10:29:07,4000.0,119.1,S
2021-07-02T10:29:03,10000.0,119.2,S
2021-07-02T10:28:57,10100.0,119.2,S
2021-07-02T10:28:57,300.0,119.2,S
2021-07-02T10:28:57,600.0,119.2,S
2021-07-02T10:28:50,2000.0,119.2,S
2021-07-02T10:28:48,500.0,119.2,S
2021-07-02T10:28:40,900.0,119.3,B
2021-07-02T10:28:25,500.0,119.2,S
2021-07-02T10:28:24,1000.0,119.2,S
2021-07-02T10:28:18,1000.0,119.2,S
2021-07-02T10:28:03,600.0,119.2,S
2021-07-02T10:27:29,300.0,119.3,B
2021-07-02T10:27:27,100.0,119.2,S
2021-07-02T10:27:22,100.0,119.3,B
2021-07-02T10:27:16,5000.0,119.2,S
2021-07-02T10:27:09,5000.0,119.3,B
2021-07-02T10:27:03,2000.0,119.2,S
2021-07-02T10:26:54,100.0,119.3,B
2021-07-02T10:26:49,200.0,119.3,B
2021-07-02T10:26:46,500.0,119.3,B
2021-07-02T10:26:44,10000.0,119.2,S
2021-07-02T10:25:19,900.0,119.3,S
2021-07-02T10:25:19,4400.0,119.3,S
2021-07-02T10:25:19,1700.0,119.3,S
2021-07-02T10:25:19,4800.0,119.3,S
2021-07-02T10:24:42,400.0,119.3,S
2021-07-02T10:24:28,100.0,119.3,S
2021-07-02T10:24:21,2000.0,119.3,S
2021-07-02T10:24:14,200.0,119.3,S
2021-07-02T10:24:01,700.0,119.3,S
2021-07-02T10:24:01,600.0,119.3,S
2021-07-02T10:24:01,1000.0,119.3,S
2021-07-02T10:23:45,2200.0,119.3,S
2021-07-02T10:23:30,200.0,119.3,S
2021-07-02T10:23:21,1200.0,119.4,B
2021-07-02T10:23:13,200.0,119.3,S
2021-07-02T10:23:00,300.0,119.3,S
2021-07-02T10:22:45,1600.0,119.3,S
2021-07-02T10:22:29,1300.0,119.3,S
2021-07-02T10:21:01,100.0,119.4,B
2021-07-02T10:20:22,100.0,119.4,S
2021-07-02T10:20:16,300.0,119.4,S
2021-07-02T10:20:13,2000.0,119.4,S
2021-07-02T10:20:10,3100.0,119.4,S
2021-07-02T10:20:01,1000.0,119.4,S
2021-07-02T10:19:44,200.0,119.4,S
2021-07-02T10:19:35,2000.0,119.4,S
2021-07-02T10:19:16,200.0,119.4,S
2021-07-02T10:18:58,2000.0,119.4,S
2021-07-02T10:18:47,500.0,119.5,B
2021-07-02T10:18:41,500.0,119.5,B
2021-07-02T10:18:15,1800.0,119.5,B
2021-07-02T10:17:33,500.0,119.5,B
2021-07-02T10:17:29,3000.0,119.4,S
2021-07-02T10:16:51,900.0,119.4,S
2021-07-02T10:16:51,200.0,119.4,S
2021-07-02T10:16:39,1200.0,119.4,S
2021-07-02T10:16:01,3000.0,119.4,S
2021-07-02T10:15:06,1100.0,119.4,S
2021-07-02T10:14:48,100.0,119.5,B
2021-07-02T10:14:26,1000.0,119.4,S
2021-07-02T10:14:23,9000.0,119.4,S
2021-07-02T10:14:22,100.0,119.5,B
2021-07-02T10:14:07,2500.0,119.5,B
2021-07-02T10:14:07,100.0,119.5,B
2021-07-02T10:13:55,500.0,119.5,B
2021-07-02T10:13:47,1100.0,119.5,B
2021-07-02T10:13:37,100.0,119.5,B
2021-07-02T10:13:28,300.0,119.4,S
2021-07-02T10:13:26,300.0,119.4,S
2021-07-02T10:13:06,200.0,119.5,B
2021-07-02T10:12:46,1000.0,119.5,B
2021-07-02T10:12:14,2000.0,119.5,B
2021-07-02T10:11:58,400.0,119.5,B
2021-07-02T10:11:57,500.0,119.5,B
2021-07-02T10:11:47,2000.0,119.5,B
2021-07-02T10:11:43,2000.0,119.5,B
2021-07-02T10:11:08,1000.0,119.5,B
2021-07-02T10:10:55,500.0,119.5,B
2021-07-02T10:10:33,500.0,119.4,S
2021-07-02T10:10:22,100.0,119.5,B
2021-07-02T10:10:09,2800.0,119.5,B
2021-07-02T10:10:08,5200.0,119.5,B
2021-07-02T10:10:08,2000.0,119.5,B
2021-07-02T10:09:53,1200.0,119.4,S
2021-07-02T10:09:02,700.0,119.4,S
2021-07-02T10:08:55,10000.0,119.5,B
2021-07-02T10:08:51,700.0,119.4,S
2021-07-02T10:08:44,300.0,119.4,S
2021-07-02T10:08:33,3400.0,119.4,S
2021-07-02T10:08:29,300.0,119.4,S
2021-07-02T10:07:56,1600.0,119.4,B
2021-07-02T10:07:56,900.0,119.4,B
2021-07-02T10:07:45,3500.0,119.4,B
2021-07-02T10:07:42,200.0,119.3,S
2021-07-02T10:07:31,10000.0,119.3,S
2021-07-02T10:07:18,1000.0,119.4,B
2021-07-02T10:07:00,1000.0,119.4,B
2021-07-02T10:06:58,500.0,119.4,B
2021-07-02T10:06:51,400.0,119.4,B
2021-07-02T10:06:27,700.0,119.4,B
2021-07-02T10:06:07,100.0,119.4,B
2021-07-02T10:05:24,3500.0,119.4,S
2021-07-02T10:05:24,6500.0,119.4,S
2021-07-02T10:05:14,200.0,119.4,S
2021-07-02T10:04:46,300.0,119.5,B
2021-07-02T10:04:34,2000.0,119.4,S
2021-07-02T10:04:34,100.0,119.5,B
2021-07-02T10:04:24,100.0,119.5,B
2021-07-02T10:04:21,100.0,119.5,B
2021-07-02T10:04:21,3100.0,119.4,S
2021-07-02T10:03:51,500.0,119.5,B
2021-07-02T10:03:37,5000.0,119.4,S
2021-07-02T10:03:28,3000.0,119.4,S
2021-07-02T10:03:14,1100.0,119.4,S
2021-07-02T10:02:42,100.0,119.5,S
2021-07-02T10:02:35,300.0,119.5,S
2021-07-02T10:02:33,300.0,119.5,S
2021-07-02T10:02:33,5800.0,119.5,S
2021-07-02T10:02:18,1300.0,119.6,B
2021-07-02T10:02:09,10000.0,119.5,S
2021-07-02T10:01:57,300.0,119.5,S
2021-07-02T10:01:55,500.0,119.6,B
2021-07-02T10:01:47,500.0,119.5,S
2021-07-02T10:01:13,100.0,119.6,B
2021-07-02T10:01:12,500.0,119.6,B
2021-07-02T10:01:11,500.0,119.5,S
2021-07-02T10:01:07,900.0,119.5,S
2021-07-02T10:01:03,1000.0,119.6,B
2021-07-02T10:01:03,1000.0,119.6,B
2021-07-02T10:01:01,1000.0,119.6,B
2021-07-02T10:00:50,500.0,119.6,B
2021-07-02T10:00:44,300.0,119.6,B
2021-07-02T09:59:58,4700.0,119.5,S
2021-07-02T09:59:58,900.0,119.5,S
2021-07-02T09:59:58,2600.0,119.5,S
2021-07-02T09:59:58,200.0,119.5,S
2021-07-02T09:59:58,200.0,119.5,S
2021-07-02T09:59:58,4500.0,119.5,S
2021-07-02T09:59:48,100.0,119.6,B
2021-07-02T09:59:43,500.0,119.6,B
2021-07-02T09:59:05,100.0,119.6,B
2021-07-02T09:59:05,300.0,119.6,B
2021-07-02T09:58:08,100.0,119.6,B
2021-07-02T09:57:48,1000.0,119.6,B
2021-07-02T09:57:33,500.0,119.6,S
2021-07-02T09:57:33,9500.0,119.6,S
2021-07-02T09:57:11,100.0,119.6,S
2021-07-02T09:57:08,100.0,119.6,S
2021-07-02T09:57:00,500.0,119.6,S
2021-07-02T09:56:56,800.0,119.6,S
2021-07-02T09:56:40,10000.0,119.6,S
2021-07-02T09:56:32,100.0,119.7,B
2021-07-02T09:56:26,100.0,119.7,B
2021-07-02T09:56:25,100.0,119.7,B
2021-07-02T09:56:17,500.0,119.7,B
2021-07-02T09:56:05,1400.0,119.6,S
2021-07-02T09:55:57,200.0,119.6,S
2021-07-02T09:55:57,9800.0,119.6,S
2021-07-02T09:55:54,3000.0,119.6,S
2021-07-02T09:55:52,6000.0,119.5,S
2021-07-02T09:55:52,200.0,119.5,S
2021-07-02T09:55:51,3800.0,119.5,S
2021-07-02T09:55:50,200.0,119.5,S
2021-07-02T09:55:41,2000.0,119.6,S
2021-07-02T09:55:40,5000.0,119.6,S
2021-07-02T09:55:33,10000.0,119.6,S
2021-07-02T09:55:33,500.0,119.6,S
2021-07-02T09:55:28,100.0,119.6,S
2021-07-02T09:55:24,100.0,119.6,S
2021-07-02T09:55:08,300.0,119.6,S
2021-07-02T09:55:05,500.0,119.5,S
2021-07-02T09:54:45,500.0,119.6,S
2021-07-02T09:54:41,1100.0,119.6,S
2021-07-02T09:54:39,1400.0,119.6,S
2021-07-02T09:54:31,1600.0,119.6,S
2021-07-02T09:54:21,1600.0,119.6,S
2021-07-02T09:54:12,1600.0,119.6,S
2021-07-02T09:54:01,1600.0,119.6,S
2021-07-02T09:53:59,500.0,119.7,S
2021-07-02T09:53:53,1600.0,119.6,S
2021-07-02T09:53:38,1600.0,119.6,S
2021-07-02T09:53:30,1000.0,119.6,S
2021-07-02T09:53:21,1600.0,119.6,S
2021-07-02T09:53:06,1600.0,119.6,S
2021-07-02T09:52:57,1600.0,119.7,S
2021-07-02T09:52:38,200.0,119.6,S
2021-07-02T09:52:38,800.0,119.6,S
2021-07-02T09:52:38,1400.0,119.6,S
2021-07-02T09:52:38,100.0,119.6,S
2021-07-02T09:52:38,2500.0,119.6,S
2021-07-02T09:52:06,1600.0,119.7,S
2021-07-02T09:51:37,1600.0,119.6,S
2021-07-02T09:50:29,1600.0,119.6,S
2021-07-02T09:50:14,1600.0,119.5,S
2021-07-02T09:50:05,1600.0,119.5,S
2021-07-02T09:49:58,2000.0,120.0,B
2021-07-02T09:49:56,1600.0,119.5,S
2021-07-02T09:49:43,1000.0,120.0,B
2021-07-02T09:49:43,1600.0,119.5,S
2021-07-02T09:49:30,1500.0,119.5,S
2021-07-02T09:49:30,100.0,119.6,S
2021-07-02T09:49:21,1600.0,119.5,S
2021-07-02T09:49:07,1600.0,119.5,S
2021-07-02T09:48:56,1600.0,119.5,S
2021-07-02T09:48:41,1600.0,119.5,S
2021-07-02T09:48:36,1000.0,119.5,S
2021-07-02T09:48:33,1100.0,119.5,S
2021-07-02T09:48:33,500.0,119.8,S
2021-07-02T09:47:52,1000.0,120.0,S
2021-07-02T09:47:46,400.0,120.0,S
2021-07-02T09:47:40,100.0,120.0,S
2021-07-02T09:47:23,900.0,120.0,S
2021-07-02T09:47:03,200.0,120.0,S
2021-07-02T09:46:58,1500.0,120.0,S
2021-07-02T09:46:55,400.0,120.0,S
2021-07-02T09:46:45,2600.0,120.0,S
2021-07-02T09:46:45,300.0,120.0,S
2021-07-02T09:46:44,1400.0,120.0,S
2021-07-02T09:46:43,1700.0,120.1,B
2021-07-02T09:46:33,500.0,120.1,B
2021-07-02T09:46:30,100.0,120.1,B
2021-07-02T09:46:15,1000.0,120.1,B
2021-07-02T09:46:08,1000.0,120.0,S
2021-07-02T09:45:59,700.0,120.0,S
2021-07-02T09:45:55,1500.0,120.0,S
2021-07-02T09:45:55,500.0,120.0,S
2021-07-02T09:45:37,2500.0,120.0,S
2021-07-02T09:45:34,1000.0,120.0,S
2021-07-02T09:45:19,100.0,120.0,S
2021-07-02T09:45:13,4000.0,120.0,S
2021-07-02T09:44:52,1500.0,120.0,S
2021-07-02T09:44:45,400.0,120.1,S
2021-07-02T09:44:41,100.0,120.6,B
2021-07-02T09:44:34,8700.0,120.0,S
2021-07-02T09:44:11,6100.0,120.0,S
2021-07-02T09:44:11,300.0,120.1,S
2021-07-02T09:44:10,300.0,120.1,S
2021-07-02T09:43:20,100.0,120.6,B
2021-07-02T09:43:15,100.0,120.4,B
2021-07-02T09:42:56,1100.0,120.0,S
2021-07-02T09:42:31,1900.0,120.0,S
2021-07-02T09:42:31,200.0,120.0,S
2021-07-02T09:42:31,2400.0,120.0,S
2021-07-02T09:42:31,500.0,120.1,S
2021-07-02T09:41:53,100.0,120.1,S
2021-07-02T09:41:16,200.0,120.7,B
2021-07-02T09:39:40,100.0,120.8,B
2021-07-02T09:39:32,2000.0,120.8,B
2021-07-02T09:38:09,1000.0,120.8,B
2021-07-02T09:38:04,100.0,120.0,S
2021-07-02T09:37:40,200.0,120.0,S
2021-07-02T09:37:40,18100.0,120.0,S
2021-07-02T09:37:40,6200.0,120.1,S
2021-07-02T09:37:40,7500.0,120.2,S
2021-07-02T09:37:03,100.0,120.8,S
2021-07-02T09:36:24,700.0,120.8,S
2021-07-02T09:36:17,1800.0,120.8,S
2021-07-02T09:35:58,1200.0,120.8,S
2021-07-02T09:35:49,1200.0,120.8,S
2021-07-02T09:35:37,600.0,120.8,S
2021-07-02T09:35:24,100.0,120.8,S
2021-07-02T09:35:16,1600.0,120.9,B
2021-07-02T09:35:08,1100.0,120.9,B
2021-07-02T09:35:03,1600.0,120.9,B
2021-07-02T09:34:56,1200.0,120.9,B
2021-07-02T09:34:51,3000.0,120.3,S
2021-07-02T09:34:45,1400.0,120.9,B
2021-07-02T09:34:42,1200.0,120.9,B
2021-07-02T09:34:37,2200.0,120.9,B
2021-07-02T09:34:27,1200.0,120.9,B
2021-07-02T09:34:24,72600.0,120.9,B
2021-07-02T09:34:16,600.0,120.9,B
2021-07-02T09:34:09,200.0,120.9,B
2021-07-02T09:34:05,28000.0,120.9,B
2021-07-02T09:34:05,1400.0,120.9,B
2021-07-02T09:34:04,1500.0,120.9,B
2021-07-02T09:34:02,100.0,120.9,B
2021-07-02T09:33:54,90000.0,120.9,B
2021-07-02T09:33:51,1600.0,120.8,B
2021-07-02T09:33:45,1100.0,120.9,B
2021-07-02T09:33:38,35900.0,120.9,B
2021-07-02T09:33:38,14100.0,120.9,B
2021-07-02T09:33:35,1200.0,120.8,B
2021-07-02T09:33:34,300.0,120.4,S
2021-07-02T09:33:28,1200.0,120.8,B
2021-07-02T09:33:26,1300.0,120.8,B
2021-07-02T09:33:19,1200.0,120.8,B
2021-07-02T09:33:18,1300.0,120.8,B
2021-07-02T09:33:11,1800.0,120.8,B
2021-07-02T09:33:07,1800.0,120.9,B
2021-07-02T09:33:05,600.0,120.9,B
2021-07-02T09:32:58,1800.0,120.9,B
2021-07-02T09:32:54,1300.0,120.9,B
2021-07-02T09:32:50,200.0,120.9,B
2021-07-02T09:32:43,1100.0,120.9,B
2021-07-02T09:32:41,1800.0,120.9,B
2021-07-02T09:32:26,1400.0,120.9,B
2021-07-02T09:32:19,1400.0,120.9,B
2021-07-02T09:32:09,1400.0,120.9,B
2021-07-02T09:31:59,1600.0,120.9,B
2021-07-02T09:30:24,10000.0,120.9,B
2021-07-02T09:29:25,1600.0,120.9,B
2021-07-02T09:28:58,1000.0,121.0,B
2021-07-02T09:28:34,100.0,121.0,B
2021-07-02T09:28:01,400.0,121.0,B
2021-07-02T09:27:44,20000.0,121.0,B
2021-07-02T09:27:38,14800.0,121.0,B
2021-07-02T09:27:37,15200.0,121.0,B
2021-07-02T09:27:26,500.0,120.3,S
2021-07-02T09:27:10,1000.0,121.0,B
2021-07-02T09:26:48,1600.0,121.0,B
2021-07-02T09:26:42,1600.0,121.0,B
2021-07-02T09:26:23,500.0,121.0,S
2021-07-02T09:26:20,1800.0,120.3,S
2021-07-02T09:25:59,400.0,121.0,S
2021-07-02T09:25:21,400.0,120.3,S
2021-07-02T09:25:11,200.0,121.8,B
2021-07-02T09:25:11,4100.0,121.8,B
2021-07-02T09:25:11,2000.0,121.8,B
2021-07-02T09:25:11,1100.0,121.8,B
2021-07-02T09:25:10,4500.0,121.8,B
2021-07-02T09:25:10,3900.0,121.8,B
2021-07-02T09:25:09,3700.0,121.8,B
2021-07-02T09:25:09,1600.0,121.8,B
2021-07-02T09:25:09,2500.0,121.8,B
2021-07-02T09:25:09,2700.0,121.8,B
2021-07-02T09:25:08,3300.0,121.8,B
2021-07-02T09:25:08,3500.0,121.7,B
2021-07-02T09:25:07,2300.0,121.7,B
2021-07-02T09:25:07,2900.0,121.7,B
2021-07-02T09:25:06,2500.0,121.8,B
2021-07-02T09:25:06,4000.0,121.8,B
2021-07-02T09:24:46,700.0,120.3,B
2021-07-02T09:24:27,10800.0,121.8,B
2021-07-02T09:24:26,4800.0,121.8,B
2021-07-02T09:24:26,5400.0,121.8,B
2021-07-02T09:24:26,3900.0,121.8,B
2021-07-02T09:24:25,3600.0,121.8,B
2021-07-02T09:24:23,4200.0,121.8,B
2021-07-02T09:24:23,10800.0,121.8,B
2021-07-02T09:24:23,5100.0,121.8,B
2021-07-02T09:24:22,2100.0,121.8,B
2021-07-02T09:24:22,1800.0,121.8,B
2021-07-02T09:24:21,1500.0,121.8,B
2021-07-02T09:23:40,2800.0,121.8,B
2021-07-02T09:23:40,3700.0,121.8,B
2021-07-02T09:23:40,7300.0,121.8,B
2021-07-02T09:23:40,4100.0,121.8,B
2021-07-02T09:23:39,1600.0,121.8,B
2021-07-02T09:23:39,6900.0,121.8,B
2021-07-02T09:23:39,4500.0,121.8,B
2021-07-02T09:23:38,5300.0,121.8,B
2021-07-02T09:23:38,6100.0,121.8,B
2021-07-02T09:23:37,8600.0,121.8,B
2021-07-02T09:23:37,4100.0,121.8,B
2021-07-02T09:23:36,3300.0,121.7,B
2021-07-02T09:23:35,2900.0,121.7,B
2021-07-02T09:23:25,2000.0,120.3,B
2021-07-02T09:23:24,12600.0,120.2,B
2021-07-02T09:23:20,100.0,120.2,B
2021-07-02T09:23:12,5000.0,120.2,S
2021-07-02T09:23:10,100.0,120.2,S
2021-07-02T09:23:01,200.0,120.2,S
2021-07-02T09:22:53,100.0,120.2,S
2021-07-02T09:22:52,2200.0,120.0,S
2021-07-02T09:22:49,3000.0,120.0,S
2021-07-02T09:22:44,100.0,120.2,S
2021-07-02T09:22:36,5800.0,121.8,B
2021-07-02T09:22:36,5500.0,121.8,B
2021-07-02T09:22:34,4000.0,121.8,B
2021-07-02T09:22:34,10100.0,121.8,B
2021-07-02T09:22:33,8900.0,121.8,B
2021-07-02T09:22:33,3700.0,121.8,B
2021-07-02T09:22:33,3400.0,121.8,B
2021-07-02T09:22:32,3100.0,121.8,B
2021-07-02T09:22:31,2800.0,121.8,B
2021-07-02T09:22:31,2500.0,121.8,B
2021-07-02T09:22:25,900.0,121.8,B
2021-07-02T09:22:24,1000.0,121.8,B
2021-07-02T09:22:24,17500.0,121.8,B
2021-07-02T09:22:24,15000.0,120.2,S
2021-07-02T09:22:23,1600.0,120.2,S
2021-07-02T09:22:11,1600.0,120.2,S
2021-07-02T09:21:59,1600.0,120.2,S
2021-07-02T09:21:57,11400.0,121.9,B
2021-07-02T09:21:57,14600.0,121.8,B
2021-07-02T09:21:56,1000.0,121.7,S
2021-07-02T09:21:49,1600.0,120.2,S
2021-07-02T09:21:41,15400.0,121.8,B
2021-07-02T09:21:32,2500.0,121.8,B
2021-07-02T09:21:31,1000.0,121.7,S
2021-07-02T09:21:04,2000.0,121.9,B
2021-07-02T09:20:56,33000.0,121.9,B
2021-07-02T09:20:56,17000.0,121.8,B
2021-07-02T09:20:46,6100.0,121.9,B
2021-07-02T09:20:46,6500.0,121.9,B
2021-07-02T09:20:45,5300.0,121.9,B
2021-07-02T09:20:45,6900.0,121.9,B
2021-07-02T09:20:44,4900.0,121.9,B
2021-07-02T09:20:43,3700.0,121.8,B
2021-07-02T09:20:43,5700.0,121.8,B
2021-07-02T09:20:43,4100.0,121.8,B
2021-07-02T09:20:43,4500.0,121.8,B
2021-07-02T09:20:43,3300.0,121.8,B
2021-07-02T09:20:42,2900.0,121.8,B
2021-07-02T09:20:42,2500.0,121.8,B
2021-07-02T09:20:28,12300.0,121.9,B
2021-07-02T09:20:27,5700.0,121.9,B
2021-07-02T09:20:27,5400.0,121.9,B
2021-07-02T09:20:27,9300.0,121.9,B
2021-07-02T09:20:26,9300.0,121.9,B
2021-07-02T09:20:26,3300.0,121.9,B
2021-07-02T09:20:26,3900.0,121.9,B
2021-07-02T09:20:26,3600.0,121.9,B
2021-07-02T09:20:24,3000.0,121.9,B
2021-07-02T09:20:08,40000.0,121.9,B
2021-07-02T09:20:04,31300.0,121.8,B
2021-07-02T09:19:56,100.0,121.8,B
2021-07-02T09:19:52,43200.0,121.9,B
2021-07-02T09:19:43,40000.0,121.9,B
2021-07-02T09:19:36,45500.0,121.8,B
2021-07-02T09:19:36,3800.0,121.8,B
2021-07-02T09:19:27,35500.0,121.9,B
2021-07-02T09:19:27,10000.0,121.8,B
2021-07-02T09:19:17,47400.0,121.9,B
2021-07-02T09:19:17,6000.0,121.9,B
2021-07-02T09:19:17,6000.0,121.9,B
2021-07-02T09:19:17,9400.0,121.8,B
2021-07-02T09:19:16,1200.0,121.5,B
2021-07-02T09:18:56,20000.0,121.8,B
2021-07-02T09:18:45,36900.0,121.8,B
2021-07-02T09:18:45,200.0,121.8,B
2021-07-02T09:18:44,17900.0,121.8,B
2021-07-02T09:18:44,1000.0,120.5,S
2021-07-02T09:18:39,1000.0,121.8,B
2021-07-02T09:18:32,5600.0,121.8,B
2021-07-02T09:18:32,100.0,121.8,B
2021-07-02T09:18:32,10200.0,121.8,B
2021-07-02T09:18:32,6200.0,121.7,B
2021-07-02T09:18:16,30000.0,121.8,B
2021-07-02T09:18:07,40000.0,121.8,B
2021-07-02T09:18:04,200.0,120.5,S
2021-07-02T09:17:59,400.0,121.5,B
2021-07-02T09:17:31,200.0,121.5,B
2021-07-02T09:17:30,7700.0,121.8,B
2021-07-02T09:17:30,600.0,121.8,B
2021-07-02T09:17:30,11700.0,121.6,B
2021-07-02T09:17:26,800.0,121.5,B
2021-07-02T09:17:17,600.0,120.8,B
2021-07-02T09:17:07,60000.0,121.9,B
2021-07-02T09:16:51,85000.0,121.9,B
2021-07-02T09:16:32,27600.0,121.9,B
2021-07-02T09:16:32,7500.0,121.8,B
2021-07-02T09:16:32,10000.0,121.7,B
2021-07-02T09:16:20,55500.0,121.9,B
2021-07-02T09:16:02,18700.0,121.9,B
2021-07-02T09:16:02,26300.0,121.8,B
2021-07-02T09:15:53,1000.0,121.0,S
2021-07-02T09:15:53,1800.0,121.6,B
2021-07-02T09:15:48,60000.0,121.9,B
2021-07-02T09:15:33,35500.0,121.9,B
