tradingTime,volume,price,side
2021-07-02T13:21:07,1000.0,21.05,S
2021-07-02T13:21:07,1600.0,21.05,S
2021-07-02T13:21:07,1200.0,21.05,S
2021-07-02T13:21:06,100.0,21.05,S
2021-07-02T13:21:06,16100.0,21.05,S
2021-07-02T13:20:36,20000.0,21.15,B
2021-07-02T13:20:19,100.0,21.1,S
2021-07-02T13:20:11,12500.0,21.15,B
2021-07-02T13:19:57,12100.0,21.1,B
2021-07-02T13:19:53,500.0,21.05,S
2021-07-02T13:19:44,5000.0,21.1,B
2021-07-02T13:19:29,2100.0,21.05,S
2021-07-02T13:19:29,1800.0,21.05,S
2021-07-02T13:19:12,1000.0,21.05,S
2021-07-02T13:19:11,1000.0,21.1,B
2021-07-02T13:19:01,100.0,21.1,B
2021-07-02T13:18:11,500.0,21.1,B
2021-07-02T13:18:03,1000.0,21.1,B
2021-07-02T13:17:24,100.0,21.1,B
2021-07-02T13:17:24,800.0,21.05,S
2021-07-02T13:17:24,3000.0,21.05,S
2021-07-02T13:16:39,100.0,21.1,B
2021-07-02T13:16:24,1200.0,21.05,S
2021-07-02T13:15:21,3600.0,21.05,S
2021-07-02T13:14:09,1600.0,21.05,S
2021-07-02T13:13:53,1000.0,21.1,B
2021-07-02T13:13:47,1000.0,21.1,B
2021-07-02T13:13:36,1000.0,21.1,B
2021-07-02T13:13:27,1000.0,21.1,B
2021-07-02T13:13:17,3800.0,21.05,S
2021-07-02T13:13:12,400.0,21.1,B
2021-07-02T13:13:04,400.0,21.1,S
2021-07-02T13:12:59,1100.0,21.1,S
2021-07-02T13:12:59,200.0,21.1,S
2021-07-02T13:12:59,2400.0,21.1,S
2021-07-02T13:12:59,5000.0,21.1,S
2021-07-02T13:12:59,6000.0,21.1,S
2021-07-02T13:12:59,8500.0,21.1,S
2021-07-02T13:12:50,2000.0,21.1,S
2021-07-02T13:12:32,100.0,21.1,S
2021-07-02T13:12:26,300.0,21.1,S
2021-07-02T13:12:23,1700.0,21.1,S
2021-07-02T13:11:42,200.0,21.1,S
2021-07-02T13:11:30,1000.0,21.1,S
2021-07-02T13:11:24,2000.0,21.1,S
2021-07-02T13:11:15,3600.0,21.1,S
2021-07-02T13:11:05,2000.0,21.1,S
2021-07-02T13:10:26,1500.0,21.1,S
2021-07-02T13:10:02,5000.0,21.1,S
2021-07-02T13:10:00,1000.0,21.15,B
2021-07-02T13:09:38,3000.0,21.1,S
2021-07-02T13:09:33,3900.0,21.1,S
2021-07-02T13:09:33,400.0,21.15,B
2021-07-02T13:09:15,1800.0,21.15,B
2021-07-02T13:09:04,100.0,21.15,B
2021-07-02T13:08:58,100.0,21.1,S
2021-07-02T13:08:41,100.0,21.15,B
2021-07-02T13:08:10,1100.0,21.15,B
2021-07-02T13:07:58,100.0,21.15,B
2021-07-02T13:07:54,100.0,21.15,B
2021-07-02T13:07:24,1000.0,21.1,S
2021-07-02T13:06:48,700.0,21.15,B
2021-07-02T13:06:21,100.0,21.15,B
2021-07-02T13:06:03,100.0,21.15,B
2021-07-02T13:05:48,200.0,21.15,B
2021-07-02T13:05:38,200.0,21.15,B
2021-07-02T13:05:21,4000.0,21.1,S
2021-07-02T13:05:08,8300.0,21.1,S
2021-07-02T13:04:58,4500.0,21.15,B
2021-07-02T13:04:58,500.0,21.15,B
2021-07-02T13:04:39,300.0,21.1,S
2021-07-02T13:04:11,600.0,21.15,B
2021-07-02T13:04:09,200.0,21.15,B
2021-07-02T13:04:06,200.0,21.15,B
2021-07-02T13:04:01,200.0,21.15,B
2021-07-02T13:03:52,100.0,21.15,B
2021-07-02T13:03:48,5500.0,21.15,B
2021-07-02T13:03:26,400.0,21.15,B
2021-07-02T13:03:18,5000.0,21.15,B
2021-07-02T13:03:10,900.0,21.1,S
2021-07-02T13:03:10,2900.0,21.1,S
2021-07-02T13:01:15,3900.0,21.1,S
2021-07-02T13:01:11,1000.0,21.15,B
2021-07-02T13:01:04,6500.0,21.1,S
2021-07-02T13:00:51,100.0,21.1,S
2021-07-02T13:00:46,1200.0,21.15,B
2021-07-02T13:00:31,100.0,21.15,B
2021-07-02T13:00:30,400.0,21.1,S
2021-07-02T13:00:29,2000.0,21.1,S
2021-07-02T13:00:27,3000.0,21.1,S
2021-07-02T13:00:20,6000.0,21.1,S
2021-07-02T13:00:18,200.0,21.1,S
2021-07-02T13:00:14,300.0,21.1,S
2021-07-02T11:29:24,100.0,21.1,S
2021-07-02T11:29:08,1900.0,21.1,B
2021-07-02T11:28:58,200.0,21.1,B
2021-07-02T11:28:57,400.0,21.1,B
2021-07-02T11:28:50,100.0,21.1,B
2021-07-02T11:28:36,1000.0,21.1,B
2021-07-02T11:28:28,1100.0,21.05,S
2021-07-02T11:28:15,100.0,21.1,B
2021-07-02T11:28:15,300.0,21.1,S
2021-07-02T11:27:47,400.0,21.15,B
2021-07-02T11:27:45,300.0,21.15,B
2021-07-02T11:27:22,400.0,21.15,B
2021-07-02T11:26:37,200.0,21.1,B
2021-07-02T11:26:24,1000.0,21.05,S
2021-07-02T11:26:24,1600.0,21.05,S
2021-07-02T11:26:24,100.0,21.05,S
2021-07-02T11:26:23,900.0,21.05,S
2021-07-02T11:26:06,300.0,21.05,S
2021-07-02T11:25:47,2300.0,21.1,B
2021-07-02T11:25:47,200.0,21.1,B
2021-07-02T11:24:18,200.0,21.05,S
2021-07-02T11:24:18,1600.0,21.05,S
2021-07-02T11:24:18,200.0,21.05,S
2021-07-02T11:24:18,1500.0,21.05,S
2021-07-02T11:24:16,300.0,21.05,S
2021-07-02T11:23:35,500.0,21.1,S
2021-07-02T11:23:35,4300.0,21.1,S
2021-07-02T11:23:06,700.0,21.1,B
2021-07-02T11:22:45,1000.0,21.1,B
2021-07-02T11:22:30,500.0,21.1,B
2021-07-02T11:22:24,100.0,21.1,B
2021-07-02T11:22:21,2000.0,21.05,S
2021-07-02T11:22:10,3900.0,21.05,S
2021-07-02T11:22:00,1700.0,21.1,B
2021-07-02T11:21:52,1000.0,21.1,S
2021-07-02T11:21:43,3000.0,21.15,B
2021-07-02T11:21:09,500.0,21.1,S
2021-07-02T11:20:56,400.0,21.1,B
2021-07-02T11:20:44,3600.0,21.1,B
2021-07-02T11:20:42,500.0,21.05,S
2021-07-02T11:20:07,3700.0,21.05,S
2021-07-02T11:19:55,100.0,21.1,B
2021-07-02T11:19:31,1000.0,21.1,B
2021-07-02T11:19:30,500.0,21.1,B
2021-07-02T11:19:18,5000.0,21.1,B
2021-07-02T11:19:16,100.0,21.1,B
2021-07-02T11:19:03,700.0,21.1,S
2021-07-02T11:18:39,1000.0,21.15,B
2021-07-02T11:18:36,300.0,21.1,B
2021-07-02T11:18:25,100.0,21.1,B
2021-07-02T11:18:16,100.0,21.1,S
2021-07-02T11:18:03,2900.0,21.1,S
2021-07-02T11:18:03,300.0,21.1,S
2021-07-02T11:18:02,400.0,21.1,S
2021-07-02T11:17:37,600.0,21.1,S
2021-07-02T11:17:15,4000.0,21.1,B
2021-07-02T11:15:52,3800.0,21.1,S
2021-07-02T11:14:41,200.0,21.1,S
2021-07-02T11:14:24,1000.0,21.1,S
2021-07-02T11:13:54,700.0,21.1,S
2021-07-02T11:13:54,2500.0,21.1,S
2021-07-02T11:13:54,100.0,21.1,S
2021-07-02T11:13:54,300.0,21.1,S
2021-07-02T11:13:50,500.0,21.1,S
2021-07-02T11:13:33,1000.0,21.1,S
2021-07-02T11:12:50,100.0,21.1,S
2021-07-02T11:12:31,100.0,21.1,S
2021-07-02T11:11:53,3700.0,21.1,S
2021-07-02T11:11:50,2000.0,21.15,B
2021-07-02T11:11:50,500.0,21.15,B
2021-07-02T11:10:21,100.0,21.15,B
2021-07-02T11:09:48,100.0,21.15,B
2021-07-02T11:09:48,1600.0,21.1,S
2021-07-02T11:09:48,2200.0,21.1,S
2021-07-02T11:08:13,300.0,21.15,B
2021-07-02T11:07:37,500.0,21.1,S
2021-07-02T11:07:37,1400.0,21.1,S
2021-07-02T11:07:37,300.0,21.1,S
2021-07-02T11:07:37,2200.0,21.1,S
2021-07-02T11:07:26,600.0,21.15,B
2021-07-02T11:07:18,500.0,21.1,S
2021-07-02T11:06:55,300.0,21.1,S
2021-07-02T11:06:06,300.0,21.1,S
2021-07-02T11:06:03,100.0,21.15,B
2021-07-02T11:05:39,200.0,21.15,B
2021-07-02T11:05:37,1100.0,21.1,S
2021-07-02T11:05:37,500.0,21.1,S
2021-07-02T11:05:37,2100.0,21.1,S
2021-07-02T11:03:45,2500.0,21.15,B
2021-07-02T11:03:33,3600.0,21.1,S
2021-07-02T11:02:19,1000.0,21.1,S
2021-07-02T11:01:50,4500.0,21.1,S
2021-07-02T11:01:50,500.0,21.1,S
2021-07-02T11:01:22,100.0,21.1,S
2021-07-02T11:01:20,700.0,21.1,S
2021-07-02T11:01:20,1000.0,21.15,B
2021-07-02T11:01:19,3800.0,21.1,S
2021-07-02T11:00:50,10000.0,21.1,S
2021-07-02T11:00:47,2000.0,21.1,S
2021-07-02T11:00:01,1000.0,21.1,S
2021-07-02T10:59:28,1300.0,21.1,S
2021-07-02T10:59:23,3600.0,21.1,S
2021-07-02T10:57:44,100.0,21.1,S
2021-07-02T10:57:13,3900.0,21.1,S
2021-07-02T10:56:58,400.0,21.1,S
2021-07-02T10:56:56,4000.0,21.1,S
2021-07-02T10:56:37,1000.0,21.1,S
2021-07-02T10:56:30,500.0,21.1,S
2021-07-02T10:55:03,100.0,21.1,S
2021-07-02T10:55:03,1000.0,21.1,S
2021-07-02T10:55:03,1300.0,21.1,S
2021-07-02T10:55:03,200.0,21.1,S
2021-07-02T10:55:03,1300.0,21.1,S
2021-07-02T10:54:13,500.0,21.2,B
2021-07-02T10:54:06,500.0,21.1,S
2021-07-02T10:53:26,200.0,21.1,S
2021-07-02T10:53:05,1000.0,21.1,S
2021-07-02T10:52:57,3800.0,21.1,S
2021-07-02T10:52:54,500.0,21.2,B
2021-07-02T10:51:50,100.0,21.1,B
2021-07-02T10:51:46,200.0,21.1,B
2021-07-02T10:51:40,1800.0,21.1,B
2021-07-02T10:51:10,3200.0,21.1,S
2021-07-02T10:50:57,3700.0,21.1,S
2021-07-02T10:50:53,5000.0,21.1,S
2021-07-02T10:50:41,100.0,21.1,S
2021-07-02T10:48:45,3800.0,21.05,S
2021-07-02T10:48:44,300.0,21.1,B
2021-07-02T10:48:35,100.0,21.1,B
2021-07-02T10:48:28,3500.0,21.05,S
2021-07-02T10:47:55,1000.0,21.1,B
2021-07-02T10:47:50,300.0,21.1,B
2021-07-02T10:47:44,200.0,21.1,S
2021-07-02T10:47:44,200.0,21.1,S
2021-07-02T10:47:43,200.0,21.1,S
2021-07-02T10:47:43,600.0,21.1,S
2021-07-02T10:47:43,500.0,21.1,S
2021-07-02T10:47:43,6000.0,21.1,S
2021-07-02T10:47:43,5000.0,21.1,S
2021-07-02T10:47:43,2300.0,21.1,S
2021-07-02T10:47:43,700.0,21.1,S
2021-07-02T10:47:43,500.0,21.1,S
2021-07-02T10:47:43,600.0,21.1,S
2021-07-02T10:47:43,2200.0,21.1,S
2021-07-02T10:47:43,100.0,21.1,S
2021-07-02T10:47:43,2000.0,21.1,S
2021-07-02T10:47:40,1000.0,21.2,B
2021-07-02T10:46:49,900.0,21.15,S
2021-07-02T10:46:38,300.0,21.15,B
2021-07-02T10:46:31,3600.0,21.15,S
2021-07-02T10:45:50,3000.0,21.1,S
2021-07-02T10:45:50,1300.0,21.15,S
2021-07-02T10:45:50,6700.0,21.15,S
2021-07-02T10:44:44,1000.0,21.15,S
2021-07-02T10:44:30,2400.0,21.15,S
2021-07-02T10:44:30,200.0,21.15,S
2021-07-02T10:44:30,1200.0,21.15,S
2021-07-02T10:44:07,2600.0,21.2,B
2021-07-02T10:43:44,100.0,21.15,S
2021-07-02T10:43:39,17700.0,21.15,S
2021-07-02T10:43:32,1000.0,21.15,S
2021-07-02T10:43:09,1000.0,21.15,S
2021-07-02T10:42:28,3100.0,21.15,S
2021-07-02T10:42:28,500.0,21.15,S
2021-07-02T10:42:08,1000.0,21.15,S
2021-07-02T10:41:01,1000.0,21.2,B
2021-07-02T10:40:41,400.0,21.2,S
2021-07-02T10:40:41,500.0,21.2,S
2021-07-02T10:40:41,2600.0,21.2,S
2021-07-02T10:40:41,2000.0,21.2,S
2021-07-02T10:40:41,3600.0,21.2,S
2021-07-02T10:40:41,3100.0,21.2,S
2021-07-02T10:40:41,1600.0,21.2,S
2021-07-02T10:40:26,2000.0,21.2,S
2021-07-02T10:40:19,50000.0,21.2,S
2021-07-02T10:40:14,3900.0,21.2,S
2021-07-02T10:39:56,3000.0,21.25,B
2021-07-02T10:39:19,9500.0,21.2,S
2021-07-02T10:38:56,100.0,21.25,B
2021-07-02T10:38:33,2000.0,21.2,S
2021-07-02T10:38:08,3900.0,21.2,S
2021-07-02T10:37:49,200.0,21.25,B
2021-07-02T10:37:33,2000.0,21.25,B
2021-07-02T10:37:17,100.0,21.25,S
2021-07-02T10:37:16,9500.0,21.25,S
2021-07-02T10:36:57,10000.0,21.25,S
2021-07-02T10:36:21,3000.0,21.3,B
2021-07-02T10:36:03,6900.0,21.25,S
2021-07-02T10:36:00,100.0,21.25,S
2021-07-02T10:36:00,3400.0,21.25,S
2021-07-02T10:36:00,300.0,21.25,S
2021-07-02T10:35:15,700.0,21.3,B
2021-07-02T10:34:53,5000.0,21.3,B
2021-07-02T10:34:25,200.0,21.3,B
2021-07-02T10:34:24,200.0,21.25,S
2021-07-02T10:34:08,1000.0,21.25,S
2021-07-02T10:34:06,1000.0,21.3,B
2021-07-02T10:33:50,3900.0,21.25,S
2021-07-02T10:33:24,10000.0,21.3,B
2021-07-02T10:33:06,200.0,21.3,B
2021-07-02T10:32:53,1000.0,21.3,B
2021-07-02T10:32:27,100.0,21.3,B
2021-07-02T10:32:25,1000.0,21.3,B
2021-07-02T10:31:49,4400.0,21.3,S
2021-07-02T10:31:49,2500.0,21.3,S
2021-07-02T10:31:43,3800.0,21.3,S
2021-07-02T10:31:23,1000.0,21.3,S
2021-07-02T10:31:20,100.0,21.3,S
2021-07-02T10:31:11,2000.0,21.3,S
2021-07-02T10:31:05,100.0,21.3,S
2021-07-02T10:30:48,300.0,21.3,S
2021-07-02T10:30:22,100.0,21.3,S
2021-07-02T10:30:17,1000.0,21.3,S
2021-07-02T10:29:31,6300.0,21.3,B
2021-07-02T10:29:31,900.0,21.2,S
2021-07-02T10:29:31,3000.0,21.2,S
2021-07-02T10:28:56,900.0,21.25,S
2021-07-02T10:28:43,200.0,21.3,S
2021-07-02T10:28:36,100.0,21.3,S
2021-07-02T10:28:20,2500.0,21.3,B
2021-07-02T10:27:56,2000.0,21.25,S
2021-07-02T10:27:23,1300.0,21.3,S
2021-07-02T10:27:09,500.0,21.35,B
2021-07-02T10:27:04,2100.0,21.35,S
2021-07-02T10:26:07,500.0,21.35,S
2021-07-02T10:25:53,100.0,21.35,S
2021-07-02T10:25:47,100.0,21.35,B
2021-07-02T10:25:42,1700.0,21.35,B
2021-07-02T10:25:42,1200.0,21.35,B
2021-07-02T10:25:42,1800.0,21.35,B
2021-07-02T10:25:42,12500.0,21.35,B
2021-07-02T10:25:17,3800.0,21.3,S
2021-07-02T10:24:35,6900.0,21.35,B
2021-07-02T10:24:35,400.0,21.35,B
2021-07-02T10:24:35,1000.0,21.35,B
2021-07-02T10:24:35,6900.0,21.35,B
2021-07-02T10:24:35,3700.0,21.35,B
2021-07-02T10:24:35,400.0,21.35,B
2021-07-02T10:24:34,700.0,21.35,B
2021-07-02T10:23:50,100.0,21.35,B
2021-07-02T10:23:41,1000.0,21.3,S
2021-07-02T10:23:36,100.0,21.3,B
2021-07-02T10:23:34,500.0,21.3,B
2021-07-02T10:23:27,300.0,21.3,S
2021-07-02T10:23:22,800.0,21.3,B
2021-07-02T10:23:12,3700.0,21.25,S
2021-07-02T10:23:01,1000.0,21.3,B
2021-07-02T10:23:01,100.0,21.2,S
2021-07-02T10:22:41,700.0,21.2,S
2021-07-02T10:22:35,3000.0,21.2,S
2021-07-02T10:22:31,10000.0,21.3,B
2021-07-02T10:22:31,500.0,21.2,S
2021-07-02T10:22:13,100.0,21.2,S
2021-07-02T10:21:48,1000.0,21.2,S
2021-07-02T10:21:26,500.0,21.2,S
2021-07-02T10:21:15,1400.0,21.2,S
2021-07-02T10:21:15,1500.0,21.2,S
2021-07-02T10:21:15,500.0,21.2,S
2021-07-02T10:21:15,200.0,21.2,S
2021-07-02T10:21:00,200.0,21.3,B
2021-07-02T10:19:17,300.0,21.3,B
2021-07-02T10:19:03,3900.0,21.2,S
2021-07-02T10:18:40,100.0,21.3,B
2021-07-02T10:18:25,300.0,21.2,S
2021-07-02T10:17:50,300.0,21.2,S
2021-07-02T10:17:18,100.0,21.2,S
2021-07-02T10:16:54,1200.0,21.2,S
2021-07-02T10:16:54,200.0,21.2,S
2021-07-02T10:16:54,1100.0,21.2,S
2021-07-02T10:16:54,1200.0,21.2,S
2021-07-02T10:16:53,300.0,21.2,S
2021-07-02T10:16:10,3400.0,21.2,S
2021-07-02T10:16:10,26600.0,21.2,S
2021-07-02T10:15:56,800.0,21.3,B
2021-07-02T10:15:37,100.0,21.3,B
2021-07-02T10:15:30,1300.0,21.3,S
2021-07-02T10:15:23,8700.0,21.3,B
2021-07-02T10:15:15,100.0,21.3,S
2021-07-02T10:15:09,11200.0,21.3,S
2021-07-02T10:15:08,500.0,21.3,S
2021-07-02T10:14:53,3800.0,21.3,S
2021-07-02T10:14:51,2000.0,21.3,S
2021-07-02T10:14:42,1000.0,21.3,S
2021-07-02T10:14:30,100.0,21.3,S
2021-07-02T10:14:21,2700.0,21.3,S
2021-07-02T10:14:18,15000.0,21.3,S
2021-07-02T10:13:02,2700.0,21.3,B
2021-07-02T10:12:52,10000.0,21.3,B
2021-07-02T10:12:47,3700.0,21.2,S
2021-07-02T10:12:23,12800.0,21.2,S
2021-07-02T10:12:23,17200.0,21.2,S
2021-07-02T10:11:32,400.0,21.2,S
2021-07-02T10:11:00,1500.0,21.2,S
2021-07-02T10:10:55,5000.0,21.2,S
2021-07-02T10:10:53,1000.0,21.3,B
2021-07-02T10:10:48,3600.0,21.2,S
2021-07-02T10:10:30,1000.0,21.2,S
2021-07-02T10:10:21,1000.0,21.2,S
2021-07-02T10:09:43,1000.0,21.2,S
2021-07-02T10:09:09,5000.0,21.2,S
2021-07-02T10:08:42,3600.0,21.2,S
2021-07-02T10:08:42,200.0,21.2,S
2021-07-02T10:08:06,500.0,21.2,S
2021-07-02T10:07:59,900.0,21.25,S
2021-07-02T10:07:18,2000.0,21.2,S
2021-07-02T10:07:05,400.0,21.3,B
2021-07-02T10:06:57,100.0,21.25,B
2021-07-02T10:06:32,3800.0,21.25,S
2021-07-02T10:06:31,200.0,21.25,S
2021-07-02T10:06:29,200.0,21.3,B
2021-07-02T10:06:27,200.0,21.25,S
2021-07-02T10:06:10,500.0,21.25,S
2021-07-02T10:05:38,100.0,21.25,S
2021-07-02T10:04:51,5000.0,21.25,S
2021-07-02T10:04:50,100.0,21.25,S
2021-07-02T10:04:47,200.0,21.25,B
2021-07-02T10:04:44,2600.0,21.25,B
2021-07-02T10:04:18,1200.0,21.25,S
2021-07-02T10:03:35,200.0,21.3,B
2021-07-02T10:03:18,100.0,21.25,B
2021-07-02T10:03:13,2000.0,21.25,B
2021-07-02T10:03:08,200.0,21.25,B
2021-07-02T10:02:52,100.0,21.25,B
2021-07-02T10:02:50,300.0,21.25,B
2021-07-02T10:02:16,3400.0,21.25,S
2021-07-02T10:01:54,300.0,21.25,S
2021-07-02T10:01:31,1400.0,21.3,B
2021-07-02T10:01:16,500.0,21.2,S
2021-07-02T10:01:14,500.0,21.2,S
2021-07-02T10:01:13,500.0,21.2,S
2021-07-02T10:01:10,100.0,21.25,S
2021-07-02T10:01:07,1000.0,21.2,S
2021-07-02T10:01:05,1500.0,21.2,S
2021-07-02T10:01:04,3700.0,21.2,S
2021-07-02T10:01:01,2500.0,21.2,S
2021-07-02T09:59:58,300.0,21.2,S
2021-07-02T09:59:10,500.0,21.2,S
2021-07-02T09:59:10,2900.0,21.2,S
2021-07-02T09:58:24,600.0,21.2,S
2021-07-02T09:57:40,100.0,21.2,B
2021-07-02T09:57:32,300.0,21.2,B
2021-07-02T09:57:29,2000.0,21.2,B
2021-07-02T09:56:59,5300.0,21.2,B
2021-07-02T09:56:58,1100.0,21.2,B
2021-07-02T09:56:47,500.0,21.2,B
2021-07-02T09:56:46,500.0,21.2,B
2021-07-02T09:56:30,100.0,21.2,B
2021-07-02T09:56:24,100.0,21.2,S
2021-07-02T09:56:21,1100.0,21.2,S
2021-07-02T09:56:15,500.0,21.2,S
2021-07-02T09:56:11,3400.0,21.2,S
2021-07-02T09:56:02,300.0,21.2,S
2021-07-02T09:55:41,100.0,21.2,S
2021-07-02T09:55:40,200.0,21.2,S
2021-07-02T09:55:40,7000.0,21.2,S
2021-07-02T09:55:29,5000.0,21.3,B
2021-07-02T09:55:24,700.0,21.2,S
2021-07-02T09:55:21,13000.0,21.2,S
2021-07-02T09:55:20,700.0,21.2,S
2021-07-02T09:55:08,700.0,21.2,S
2021-07-02T09:54:47,100.0,21.2,S
2021-07-02T09:54:47,100.0,21.2,S
2021-07-02T09:54:46,500.0,21.2,S
2021-07-02T09:54:31,700.0,21.2,S
2021-07-02T09:54:22,700.0,21.2,S
2021-07-02T09:54:14,300.0,21.2,S
2021-07-02T09:54:14,400.0,21.2,S
2021-07-02T09:54:14,1000.0,21.2,S
2021-07-02T09:54:14,2100.0,21.2,S
2021-07-02T09:54:11,700.0,21.2,S
2021-07-02T09:53:56,700.0,21.2,S
2021-07-02T09:53:51,700.0,21.2,S
2021-07-02T09:53:42,700.0,21.2,S
2021-07-02T09:53:29,100.0,21.25,B
2021-07-02T09:53:27,300.0,21.25,B
2021-07-02T09:53:24,700.0,21.2,S
2021-07-02T09:53:15,500.0,21.25,B
2021-07-02T09:52:58,100.0,21.25,S
2021-07-02T09:52:43,2500.0,21.25,S
2021-07-02T09:52:42,3100.0,21.25,S
2021-07-02T09:52:25,700.0,21.25,S
2021-07-02T09:52:14,3600.0,21.25,S
2021-07-02T09:51:49,1000.0,21.25,S
2021-07-02T09:51:44,1800.0,21.25,S
2021-07-02T09:51:44,400.0,21.3,B
2021-07-02T09:51:39,700.0,21.25,S
2021-07-02T09:51:33,1000.0,21.25,S
2021-07-02T09:50:34,100.0,21.25,B
2021-07-02T09:50:34,700.0,21.25,B
2021-07-02T09:50:34,800.0,21.25,B
2021-07-02T09:50:29,8100.0,21.2,S
2021-07-02T09:50:13,700.0,21.2,S
2021-07-02T09:50:08,700.0,21.2,S
2021-07-02T09:50:00,500.0,21.25,B
2021-07-02T09:49:56,300.0,21.2,S
2021-07-02T09:49:56,9700.0,21.2,S
2021-07-02T09:49:54,700.0,21.2,S
2021-07-02T09:49:50,1000.0,21.25,B
2021-07-02T09:49:46,1000.0,21.25,B
2021-07-02T09:49:46,700.0,21.2,S
2021-07-02T09:49:37,300.0,21.25,S
2021-07-02T09:49:36,2000.0,21.25,S
2021-07-02T09:49:36,5100.0,21.25,S
2021-07-02T09:49:36,2500.0,21.25,S
2021-07-02T09:49:36,2600.0,21.25,S
2021-07-02T09:49:36,100.0,21.25,S
2021-07-02T09:49:36,800.0,21.25,S
2021-07-02T09:49:36,33300.0,21.25,S
2021-07-02T09:49:32,700.0,21.25,S
2021-07-02T09:49:18,700.0,21.25,S
2021-07-02T09:49:08,700.0,21.25,S
2021-07-02T09:48:58,400.0,21.25,S
2021-07-02T09:48:58,700.0,21.25,S
2021-07-02T09:48:55,300.0,21.25,S
2021-07-02T09:48:43,700.0,21.25,S
2021-07-02T09:48:41,200.0,21.25,S
2021-07-02T09:48:31,700.0,21.25,S
2021-07-02T09:48:03,400.0,21.3,S
2021-07-02T09:47:39,1300.0,21.3,S
2021-07-02T09:47:35,500.0,21.3,S
2021-07-02T09:47:20,1000.0,21.3,S
2021-07-02T09:46:40,100.0,21.3,B
2021-07-02T09:46:11,3900.0,21.25,S
2021-07-02T09:46:08,1300.0,21.3,B
2021-07-02T09:45:55,100.0,21.3,B
2021-07-02T09:45:55,800.0,21.3,B
2021-07-02T09:45:44,1200.0,21.3,B
2021-07-02T09:45:43,500.0,21.3,B
2021-07-02T09:45:12,2900.0,21.3,B
2021-07-02T09:44:11,2500.0,21.3,B
2021-07-02T09:44:06,3900.0,21.25,S
2021-07-02T09:43:51,100.0,21.3,B
2021-07-02T09:43:42,200.0,21.25,S
2021-07-02T09:43:02,2000.0,21.25,S
2021-07-02T09:42:58,300.0,21.3,B
2021-07-02T09:42:46,1200.0,21.3,S
2021-07-02T09:42:42,8000.0,21.3,S
2021-07-02T09:41:49,4000.0,21.3,S
2021-07-02T09:41:39,500.0,21.3,S
2021-07-02T09:41:30,2000.0,21.35,B
2021-07-02T09:41:19,100.0,21.3,S
2021-07-02T09:41:09,2700.0,21.3,S
2021-07-02T09:40:59,500.0,21.3,S
2021-07-02T09:40:42,1500.0,21.3,S
2021-07-02T09:40:25,3000.0,21.3,S
2021-07-02T09:40:10,3000.0,21.3,S
2021-07-02T09:40:05,3600.0,21.3,S
2021-07-02T09:40:05,2600.0,21.3,S
2021-07-02T09:40:05,1100.0,21.3,S
2021-07-02T09:39:34,400.0,21.35,B
2021-07-02T09:39:29,200.0,21.35,B
2021-07-02T09:39:09,300.0,21.35,S
2021-07-02T09:39:00,2000.0,21.35,S
2021-07-02T09:38:52,1000.0,21.35,S
2021-07-02T09:38:45,700.0,21.35,S
2021-07-02T09:38:44,100.0,21.35,S
2021-07-02T09:38:30,1000.0,21.35,S
2021-07-02T09:38:17,500.0,21.35,S
2021-07-02T09:38:11,1000.0,21.35,S
2021-07-02T09:38:00,20100.0,21.35,S
2021-07-02T09:37:41,100.0,21.35,S
2021-07-02T09:37:27,800.0,21.35,B
2021-07-02T09:37:18,100.0,21.35,B
2021-07-02T09:37:04,200.0,21.3,S
2021-07-02T09:36:17,200.0,21.35,B
2021-07-02T09:36:13,3200.0,21.35,B
2021-07-02T09:36:11,1600.0,21.35,B
2021-07-02T09:35:55,3800.0,21.3,S
2021-07-02T09:35:53,1400.0,21.35,B
2021-07-02T09:35:53,100.0,21.35,B
2021-07-02T09:35:53,1500.0,21.35,B
2021-07-02T09:35:16,700.0,21.35,B
2021-07-02T09:35:15,200.0,21.3,S
2021-07-02T09:35:03,2000.0,21.35,B
2021-07-02T09:35:02,700.0,21.35,B
2021-07-02T09:34:48,600.0,21.35,B
2021-07-02T09:34:46,1000.0,21.3,S
2021-07-02T09:34:35,800.0,21.35,B
2021-07-02T09:34:15,100.0,21.3,S
2021-07-02T09:34:14,400.0,21.3,S
2021-07-02T09:34:05,600.0,21.35,B
2021-07-02T09:34:02,600.0,21.35,B
2021-07-02T09:33:47,1200.0,21.3,S
2021-07-02T09:33:47,1300.0,21.3,S
2021-07-02T09:33:47,1300.0,21.3,S
2021-07-02T09:33:36,500.0,21.3,S
2021-07-02T09:33:31,500.0,21.3,S
2021-07-02T09:33:31,600.0,21.3,S
2021-07-02T09:33:31,200.0,21.3,S
2021-07-02T09:33:30,100.0,21.3,S
2021-07-02T09:33:22,500.0,21.3,S
2021-07-02T09:33:13,500.0,21.3,S
2021-07-02T09:32:49,2000.0,21.3,S
2021-07-02T09:32:42,400.0,21.35,B
2021-07-02T09:31:58,400.0,21.3,S
2021-07-02T09:31:54,100.0,21.3,S
2021-07-02T09:31:52,200.0,21.3,S
2021-07-02T09:31:50,100.0,21.3,S
2021-07-02T09:31:42,3400.0,21.3,S
2021-07-02T09:31:24,500.0,21.3,S
2021-07-02T09:31:21,1000.0,21.3,S
2021-07-02T09:31:01,500.0,21.3,S
2021-07-02T09:30:29,100.0,21.3,S
2021-07-02T09:30:19,3000.0,21.3,S
2021-07-02T09:29:34,3800.0,21.3,S
2021-07-02T09:29:33,1000.0,21.3,S
2021-07-02T09:29:07,500.0,21.3,S
2021-07-02T09:28:39,100.0,21.3,S
2021-07-02T09:28:35,100.0,21.35,B
2021-07-02T09:28:23,300.0,21.35,B
2021-07-02T09:28:11,200.0,21.3,S
2021-07-02T09:28:00,100.0,21.3,S
2021-07-02T09:27:59,100.0,21.3,S
2021-07-02T09:27:44,900.0,21.3,S
2021-07-02T09:27:31,500.0,21.3,S
2021-07-02T09:27:31,500.0,21.35,B
2021-07-02T09:27:26,300.0,21.3,S
2021-07-02T09:27:25,200.0,21.3,S
2021-07-02T09:27:24,3700.0,21.3,S
2021-07-02T09:26:49,700.0,21.35,B
2021-07-02T09:26:38,700.0,21.35,S
2021-07-02T09:26:33,1000.0,21.35,S
2021-07-02T09:26:29,10000.0,21.35,S
2021-07-02T09:25:45,500.0,21.35,S
2021-07-02T09:25:36,3700.0,21.35,S
2021-07-02T09:25:35,3700.0,21.35,S
2021-07-02T09:25:34,100.0,21.35,S
2021-07-02T09:25:17,2400.0,21.35,S
2021-07-02T09:25:17,7300.0,21.35,S
2021-07-02T09:25:17,600.0,21.35,S
2021-07-02T09:25:17,4700.0,21.35,S
2021-07-02T09:25:06,200.0,21.4,B
2021-07-02T09:24:58,2900.0,21.35,S
2021-07-02T09:24:57,1900.0,21.35,S
2021-07-02T09:24:23,100.0,21.4,B
2021-07-02T09:24:11,1000.0,21.4,B
2021-07-02T09:23:50,100.0,21.4,B
2021-07-02T09:23:40,300.0,21.4,B
2021-07-02T09:23:32,1000.0,21.4,B
2021-07-02T09:23:25,900.0,21.35,S
2021-07-02T09:23:23,3500.0,21.4,S
2021-07-02T09:23:12,5000.0,21.4,S
2021-07-02T09:23:10,200.0,21.4,S
2021-07-02T09:23:10,400.0,21.4,S
2021-07-02T09:23:10,3200.0,21.4,S
2021-07-02T09:23:10,400.0,21.4,S
2021-07-02T09:23:09,9700.0,21.4,S
2021-07-02T09:22:58,3800.0,21.45,B
2021-07-02T09:22:55,700.0,21.45,B
2021-07-02T09:22:55,300.0,21.45,B
2021-07-02T09:22:50,800.0,21.45,B
2021-07-02T09:22:39,700.0,21.4,S
2021-07-02T09:22:35,100.0,21.4,S
2021-07-02T09:22:35,600.0,21.4,S
2021-07-02T09:22:34,100.0,21.45,B
2021-07-02T09:22:27,1000.0,21.45,B
2021-07-02T09:22:24,700.0,21.4,S
2021-07-02T09:22:09,700.0,21.4,S
2021-07-02T09:22:02,700.0,21.4,S
2021-07-02T09:21:59,800.0,21.4,S
2021-07-02T09:21:50,700.0,21.4,S
2021-07-02T09:21:49,200.0,21.45,B
2021-07-02T09:21:46,500.0,21.4,S
2021-07-02T09:21:43,800.0,21.45,B
2021-07-02T09:21:29,2300.0,21.45,B
2021-07-02T09:21:26,500.0,21.45,B
2021-07-02T09:21:21,3900.0,21.4,S
2021-07-02T09:21:00,100.0,21.45,B
2021-07-02T09:20:59,2000.0,21.45,S
2021-07-02T09:20:58,5000.0,21.45,S
2021-07-02T09:20:40,1000.0,21.45,S
2021-07-02T09:20:26,9100.0,21.45,S
2021-07-02T09:20:22,500.0,21.5,S
2021-07-02T09:20:15,2000.0,21.5,S
2021-07-02T09:20:11,2800.0,21.5,S
2021-07-02T09:19:58,100.0,21.5,S
2021-07-02T09:19:56,20000.0,21.5,S
2021-07-02T09:19:53,5300.0,21.5,S
2021-07-02T09:19:42,200.0,21.5,S
2021-07-02T09:19:13,3800.0,21.5,B
2021-07-02T09:19:08,500.0,21.5,B
2021-07-02T09:18:59,900.0,21.5,B
2021-07-02T09:18:59,400.0,21.5,B
2021-07-02T09:18:52,100.0,21.5,B
2021-07-02T09:18:45,1000.0,21.5,B
2021-07-02T09:18:45,1900.0,21.5,B
2021-07-02T09:18:45,31100.0,21.5,B
2021-07-02T09:18:39,2000.0,21.45,S
2021-07-02T09:18:34,700.0,21.5,B
2021-07-02T09:18:34,4200.0,21.5,B
2021-07-02T09:18:29,2500.0,21.5,B
2021-07-02T09:18:21,300.0,21.45,S
2021-07-02T09:17:50,500.0,21.5,B
2021-07-02T09:17:45,300.0,21.5,B
2021-07-02T09:17:44,1000.0,21.45,S
2021-07-02T09:17:25,1300.0,21.45,S
2021-07-02T09:17:25,2500.0,21.45,S
2021-07-02T09:17:25,3700.0,21.45,S
2021-07-02T09:17:19,500.0,21.45,S
2021-07-02T09:17:18,2000.0,21.45,S
2021-07-02T09:17:14,2000.0,21.5,B
2021-07-02T09:17:05,500.0,21.5,B
2021-07-02T09:16:49,3000.0,21.5,B
2021-07-02T09:16:40,10000.0,21.5,B
2021-07-02T09:16:36,100.0,21.5,B
2021-07-02T09:16:14,900.0,21.45,B
2021-07-02T09:15:58,3000.0,21.5,B
2021-07-02T09:15:53,300.0,21.45,B
2021-07-02T09:15:51,700.0,21.45,B
