tradingTime,volume,price,side
2021-07-02T13:21:36,1100.0,38.5,S
2021-07-02T13:21:21,3000.0,38.5,S
2021-07-02T13:21:21,800.0,38.5,S
2021-07-02T13:21:11,3000.0,38.5,S
2021-07-02T13:18:22,100.0,38.5,S
2021-07-02T13:17:54,500.0,38.5,S
2021-07-02T13:17:46,200.0,38.55,B
2021-07-02T13:17:44,100.0,38.55,B
2021-07-02T13:17:35,100.0,38.5,S
2021-07-02T13:17:14,300.0,38.5,S
2021-07-02T13:17:07,100.0,38.5,B
2021-07-02T13:17:04,2200.0,38.5,B
2021-07-02T13:16:32,4000.0,38.45,S
2021-07-02T13:15:58,2000.0,38.45,S
2021-07-02T13:15:26,4900.0,38.45,S
2021-07-02T13:14:22,1700.0,38.45,S
2021-07-02T13:13:27,800.0,38.45,S
2021-07-02T13:12:37,6500.0,38.45,S
2021-07-02T13:12:37,1500.0,38.45,S
2021-07-02T13:11:21,100.0,38.45,S
2021-07-02T13:11:21,200.0,38.5,S
2021-07-02T13:11:21,11700.0,38.5,S
2021-07-02T13:11:21,1100.0,38.5,S
2021-07-02T13:11:21,10700.0,38.5,S
2021-07-02T13:11:21,100.0,38.55,B
2021-07-02T13:10:51,3100.0,38.5,S
2021-07-02T13:09:45,700.0,38.55,S
2021-07-02T13:09:45,500.0,38.55,S
2021-07-02T13:09:03,100.0,38.55,S
2021-07-02T13:07:53,300.0,38.55,B
2021-07-02T13:07:48,2000.0,38.55,B
2021-07-02T13:07:26,100.0,38.5,S
2021-07-02T13:06:45,100.0,38.5,S
2021-07-02T13:05:30,300.0,38.5,S
2021-07-02T13:05:10,700.0,38.55,S
2021-07-02T13:05:04,500.0,38.6,B
2021-07-02T13:01:34,100.0,38.6,B
2021-07-02T13:01:14,300.0,38.6,B
2021-07-02T13:00:16,100.0,38.55,S
2021-07-02T11:30:09,100.0,38.6,B
2021-07-02T11:29:13,1000.0,38.55,S
2021-07-02T11:28:04,100.0,38.6,B
2021-07-02T11:26:16,1900.0,38.55,S
2021-07-02T11:25:52,400.0,38.55,S
2021-07-02T11:24:57,100.0,38.55,S
2021-07-02T11:24:42,1600.0,38.55,S
2021-07-02T11:22:07,500.0,38.6,B
2021-07-02T11:17:23,200.0,38.6,S
2021-07-02T11:17:13,200.0,38.6,S
2021-07-02T11:16:54,100.0,38.6,S
2021-07-02T11:15:43,200.0,38.6,S
2021-07-02T11:14:49,100.0,38.7,B
2021-07-02T11:14:32,600.0,38.6,S
2021-07-02T11:14:14,400.0,38.6,B
2021-07-02T11:12:28,100.0,38.6,B
2021-07-02T11:11:47,800.0,38.6,B
2021-07-02T11:11:47,200.0,38.6,B
2021-07-02T11:11:13,100.0,38.6,B
2021-07-02T11:10:43,100.0,38.6,S
2021-07-02T11:10:36,300.0,38.6,S
2021-07-02T11:10:29,200.0,38.6,S
2021-07-02T11:09:44,100.0,38.6,B
2021-07-02T11:05:09,1000.0,38.7,B
2021-07-02T11:05:08,9000.0,38.7,B
2021-07-02T11:04:08,500.0,38.7,B
2021-07-02T11:03:55,500.0,38.7,S
2021-07-02T11:03:44,100.0,38.7,S
2021-07-02T11:03:33,200.0,38.7,S
2021-07-02T11:03:19,200.0,38.7,B
2021-07-02T11:02:57,100.0,38.7,S
2021-07-02T11:02:45,1200.0,38.7,B
2021-07-02T11:02:08,100.0,38.7,B
2021-07-02T11:02:02,1600.0,38.5,S
2021-07-02T11:00:59,300.0,38.5,B
2021-07-02T11:00:56,100.0,38.5,B
2021-07-02T11:00:41,1000.0,38.5,B
2021-07-02T11:00:38,1000.0,38.5,B
2021-07-02T11:00:35,1000.0,38.5,B
2021-07-02T11:00:15,20000.0,38.5,B
2021-07-02T10:59:49,1000.0,38.5,B
2021-07-02T10:58:17,100.0,38.5,B
2021-07-02T10:57:29,100.0,38.5,B
2021-07-02T10:57:18,1000.0,38.45,S
2021-07-02T10:56:43,2000.0,38.45,S
2021-07-02T10:56:16,100.0,38.5,B
2021-07-02T10:55:49,500.0,38.45,S
2021-07-02T10:55:49,100.0,38.5,B
2021-07-02T10:55:41,300.0,38.5,B
2021-07-02T10:55:27,200.0,38.5,B
2021-07-02T10:55:05,1000.0,38.5,B
2021-07-02T10:54:44,1000.0,38.5,B
2021-07-02T10:53:59,100.0,38.5,B
2021-07-02T10:53:11,100.0,38.5,B
2021-07-02T10:52:32,600.0,38.5,B
2021-07-02T10:52:16,2000.0,38.5,B
2021-07-02T10:48:44,100.0,38.5,B
2021-07-02T10:48:25,1000.0,38.45,S
2021-07-02T10:48:00,1000.0,38.5,B
2021-07-02T10:47:57,1000.0,38.5,B
2021-07-02T10:46:43,500.0,38.5,B
2021-07-02T10:46:26,1000.0,38.5,B
2021-07-02T10:45:21,1000.0,38.5,B
2021-07-02T10:44:48,200.0,38.5,B
2021-07-02T10:44:04,100.0,38.5,B
2021-07-02T10:43:47,1200.0,38.45,S
2021-07-02T10:42:38,100.0,38.5,B
2021-07-02T10:42:14,500.0,38.5,B
2021-07-02T10:41:42,100.0,38.5,B
2021-07-02T10:41:27,1000.0,38.5,B
2021-07-02T10:40:29,300.0,38.5,B
2021-07-02T10:40:23,400.0,38.5,B
2021-07-02T10:40:20,200.0,38.5,B
2021-07-02T10:40:13,1000.0,38.5,B
2021-07-02T10:39:23,500.0,38.5,B
2021-07-02T10:39:04,4800.0,38.5,S
2021-07-02T10:39:04,1000.0,38.5,S
2021-07-02T10:39:04,2900.0,38.5,S
2021-07-02T10:39:04,2000.0,38.6,S
2021-07-02T10:39:04,600.0,38.6,S
2021-07-02T10:39:04,600.0,38.6,S
2021-07-02T10:39:04,100.0,38.6,S
2021-07-02T10:39:04,600.0,38.7,B
2021-07-02T10:38:48,300.0,38.7,B
2021-07-02T10:38:46,300.0,38.7,B
2021-07-02T10:38:25,200.0,38.7,B
2021-07-02T10:38:13,1500.0,38.7,S
2021-07-02T10:37:54,2000.0,38.8,B
2021-07-02T10:37:33,500.0,38.7,S
2021-07-02T10:36:55,2800.0,38.7,S
2021-07-02T10:36:54,200.0,38.7,S
2021-07-02T10:36:43,200.0,38.7,S
2021-07-02T10:36:09,2000.0,38.7,S
2021-07-02T10:35:51,100.0,38.8,B
2021-07-02T10:35:47,2000.0,38.7,S
2021-07-02T10:34:58,200.0,38.8,B
2021-07-02T10:34:55,1000.0,38.7,S
2021-07-02T10:34:54,3000.0,38.7,S
2021-07-02T10:34:28,300.0,38.7,S
2021-07-02T10:34:22,2000.0,38.7,S
2021-07-02T10:33:41,500.0,38.7,S
2021-07-02T10:33:35,1000.0,38.8,S
2021-07-02T10:33:28,1000.0,38.8,S
2021-07-02T10:33:24,3000.0,38.8,S
2021-07-02T10:32:10,1000.0,38.8,S
2021-07-02T10:32:07,100.0,38.8,S
2021-07-02T10:31:55,500.0,39.0,B
2021-07-02T10:31:44,100.0,38.8,S
2021-07-02T10:31:33,1000.0,38.8,S
2021-07-02T10:31:33,900.0,38.8,S
2021-07-02T10:31:20,800.0,39.0,B
2021-07-02T10:29:38,100.0,39.0,B
2021-07-02T10:29:28,300.0,39.0,B
2021-07-02T10:28:58,1400.0,39.0,B
2021-07-02T10:28:46,100.0,39.0,B
2021-07-02T10:28:44,600.0,39.0,B
2021-07-02T10:28:44,400.0,39.0,B
2021-07-02T10:28:38,400.0,39.0,B
2021-07-02T10:28:28,100.0,39.0,B
2021-07-02T10:28:27,700.0,39.0,B
2021-07-02T10:28:26,200.0,39.0,B
2021-07-02T10:28:18,1000.0,39.0,B
2021-07-02T10:28:17,200.0,39.0,B
2021-07-02T10:28:07,3000.0,39.0,B
2021-07-02T10:28:00,500.0,39.0,B
2021-07-02T10:27:39,10000.0,39.0,B
2021-07-02T10:27:20,3000.0,38.7,S
2021-07-02T10:27:11,20000.0,39.0,B
2021-07-02T10:26:55,200.0,39.0,B
2021-07-02T10:26:51,200.0,39.0,B
2021-07-02T10:26:40,9400.0,39.0,B
2021-07-02T10:26:40,6400.0,38.9,B
2021-07-02T10:26:40,5000.0,38.9,B
2021-07-02T10:26:40,600.0,38.9,B
2021-07-02T10:26:40,7800.0,38.9,B
2021-07-02T10:26:40,800.0,38.8,B
2021-07-02T10:26:39,1000.0,38.8,B
2021-07-02T10:26:37,100.0,38.8,B
2021-07-02T10:26:15,100.0,38.8,B
2021-07-02T10:26:03,1000.0,38.7,B
2021-07-02T10:25:47,1000.0,38.7,B
2021-07-02T10:25:31,300.0,38.7,B
2021-07-02T10:25:29,5000.0,38.7,B
2021-07-02T10:24:55,300.0,38.7,B
2021-07-02T10:24:54,100.0,38.7,B
2021-07-02T10:24:51,2000.0,38.7,B
2021-07-02T10:24:35,100.0,38.7,B
2021-07-02T10:24:05,10200.0,38.6,B
2021-07-02T10:23:52,100.0,38.6,B
2021-07-02T10:23:36,600.0,38.5,B
2021-07-02T10:23:36,2500.0,38.5,B
2021-07-02T10:23:36,9100.0,38.5,B
2021-07-02T10:23:31,10000.0,38.5,B
2021-07-02T10:22:28,900.0,38.5,B
2021-07-02T10:22:02,1400.0,38.5,B
2021-07-02T10:20:54,100.0,38.5,B
2021-07-02T10:20:27,300.0,38.45,S
2021-07-02T10:20:15,3200.0,38.45,B
2021-07-02T10:19:17,100.0,38.45,B
2021-07-02T10:18:51,100.0,38.4,S
2021-07-02T10:18:40,1000.0,38.45,B
2021-07-02T10:18:25,100.0,38.45,B
2021-07-02T10:17:34,100.0,38.45,B
2021-07-02T10:16:17,100.0,38.45,B
2021-07-02T10:15:58,1000.0,38.4,B
2021-07-02T10:15:58,1000.0,38.4,B
2021-07-02T10:15:55,2600.0,38.4,B
2021-07-02T10:15:52,100.0,38.3,S
2021-07-02T10:15:52,600.0,38.3,S
2021-07-02T10:15:51,300.0,38.3,S
2021-07-02T10:15:03,800.0,38.4,B
2021-07-02T10:14:50,600.0,38.4,B
2021-07-02T10:13:57,1000.0,38.4,S
2021-07-02T10:13:06,4000.0,38.45,B
2021-07-02T10:12:59,1000.0,38.35,S
2021-07-02T10:12:21,1000.0,38.4,B
2021-07-02T10:11:30,3700.0,38.4,B
2021-07-02T10:11:30,1300.0,38.4,B
2021-07-02T10:11:26,700.0,38.3,S
2021-07-02T10:10:29,100.0,38.3,S
2021-07-02T10:07:56,2000.0,38.3,S
2021-07-02T10:05:56,800.0,38.4,S
2021-07-02T10:05:38,400.0,38.4,S
2021-07-02T10:05:31,1000.0,38.4,S
2021-07-02T10:05:04,1100.0,38.4,S
2021-07-02T10:03:20,1000.0,38.45,B
2021-07-02T10:02:39,100.0,38.35,S
2021-07-02T10:01:13,300.0,38.35,S
2021-07-02T10:01:13,1000.0,38.35,S
2021-07-02T10:01:03,1000.0,38.35,S
2021-07-02T10:00:29,2000.0,38.3,S
2021-07-02T09:57:00,2000.0,38.3,S
2021-07-02T09:56:46,300.0,38.3,S
2021-07-02T09:55:38,900.0,38.3,S
2021-07-02T09:55:20,200.0,38.3,S
2021-07-02T09:55:10,100.0,38.3,S
2021-07-02T09:54:25,200.0,38.3,S
2021-07-02T09:53:51,500.0,38.25,S
2021-07-02T09:53:51,4500.0,38.25,S
2021-07-02T09:53:40,1500.0,38.4,B
2021-07-02T09:53:35,1000.0,38.3,B
2021-07-02T09:53:08,2000.0,38.3,B
2021-07-02T09:52:44,300.0,38.3,B
2021-07-02T09:51:49,100.0,38.3,S
2021-07-02T09:51:36,200.0,38.3,S
2021-07-02T09:51:35,100.0,38.3,S
2021-07-02T09:51:00,1700.0,38.3,S
2021-07-02T09:50:56,300.0,38.3,S
2021-07-02T09:50:06,200.0,38.3,S
2021-07-02T09:48:50,100.0,38.3,S
2021-07-02T09:48:48,100.0,38.3,S
2021-07-02T09:48:45,900.0,38.3,S
2021-07-02T09:48:21,100.0,38.3,S
2021-07-02T09:48:03,2100.0,38.25,S
2021-07-02T09:47:43,200.0,38.3,S
2021-07-02T09:46:53,1500.0,38.25,S
2021-07-02T09:46:17,400.0,38.3,B
2021-07-02T09:45:58,1000.0,38.3,B
2021-07-02T09:45:43,100.0,38.3,B
2021-07-02T09:45:22,100.0,38.3,B
2021-07-02T09:44:58,200.0,38.3,S
2021-07-02T09:44:33,1000.0,38.3,S
2021-07-02T09:43:52,100.0,38.3,S
2021-07-02T09:43:24,200.0,38.25,S
2021-07-02T09:43:11,100.0,38.3,S
2021-07-02T09:41:54,500.0,38.3,B
2021-07-02T09:41:07,8000.0,38.25,S
2021-07-02T09:40:45,100.0,38.3,S
2021-07-02T09:40:36,500.0,38.3,S
2021-07-02T09:40:00,300.0,38.3,S
2021-07-02T09:39:48,1000.0,38.3,S
2021-07-02T09:39:47,100.0,38.3,S
2021-07-02T09:39:08,12000.0,38.2,S
2021-07-02T09:38:51,300.0,38.25,S
2021-07-02T09:38:25,300.0,38.25,S
2021-07-02T09:38:19,100.0,38.3,B
2021-07-02T09:38:06,300.0,38.2,S
2021-07-02T09:38:01,500.0,38.3,B
2021-07-02T09:37:59,100.0,38.3,B
2021-07-02T09:37:29,300.0,38.3,S
2021-07-02T09:37:04,300.0,38.3,S
2021-07-02T09:36:54,3000.0,38.2,S
2021-07-02T09:36:50,2000.0,38.2,S
2021-07-02T09:36:39,300.0,38.3,S
2021-07-02T09:36:32,1900.0,38.2,S
2021-07-02T09:34:53,200.0,38.3,S
2021-07-02T09:34:31,1100.0,38.3,S
2021-07-02T09:33:55,200.0,38.3,S
2021-07-02T09:32:41,1100.0,38.3,S
2021-07-02T09:32:17,3300.0,38.3,S
2021-07-02T09:32:17,100.0,38.3,S
2021-07-02T09:32:17,6600.0,38.3,S
2021-07-02T09:31:33,300.0,38.3,S
2021-07-02T09:29:35,100.0,38.3,S
2021-07-02T09:29:22,500.0,38.3,S
2021-07-02T09:29:03,2500.0,38.3,S
2021-07-02T09:28:13,1000.0,38.2,S
2021-07-02T09:27:28,10000.0,38.2,S
2021-07-02T09:27:10,1000.0,38.2,S
2021-07-02T09:26:06,300.0,38.3,S
2021-07-02T09:25:06,200.0,38.2,S
2021-07-02T09:24:36,5000.0,38.2,S
2021-07-02T09:24:34,1900.0,38.5,B
2021-07-02T09:23:50,100.0,38.5,B
2021-07-02T09:23:49,500.0,38.5,B
2021-07-02T09:23:43,500.0,38.4,S
2021-07-02T09:22:55,2500.0,38.2,S
2021-07-02T09:21:53,100.0,38.2,S
2021-07-02T09:21:53,200.0,38.2,S
2021-07-02T09:21:28,700.0,38.2,S
2021-07-02T09:21:28,700.0,38.2,S
2021-07-02T09:21:07,4700.0,38.2,S
2021-07-02T09:21:07,100.0,38.25,S
2021-07-02T09:20:42,100.0,38.25,S
2021-07-02T09:18:34,500.0,38.1,S
2021-07-02T09:17:01,200.0,38.1,S
2021-07-02T09:15:32,2000.0,38.1,S
