tradingTime,volume,price,side
2021-07-02T13:21:37,1400.0,18.15,B
2021-07-02T13:21:28,200.0,18.1,S
2021-07-02T13:21:09,1000.0,18.15,B
2021-07-02T13:20:54,600.0,18.15,B
2021-07-02T13:20:53,3000.0,18.15,B
2021-07-02T13:20:42,5800.0,18.1,S
2021-07-02T13:20:40,100.0,18.15,B
2021-07-02T13:20:36,1000.0,18.15,B
2021-07-02T13:20:35,300.0,18.15,B
2021-07-02T13:20:32,200.0,18.1,S
2021-07-02T13:20:16,1000.0,18.15,B
2021-07-02T13:20:06,400.0,18.15,B
2021-07-02T13:19:41,1200.0,18.15,B
2021-07-02T13:19:34,200.0,18.15,B
2021-07-02T13:19:19,500.0,18.15,B
2021-07-02T13:19:11,1000.0,18.15,B
2021-07-02T13:19:08,900.0,18.15,B
2021-07-02T13:18:59,500.0,18.15,B
2021-07-02T13:18:57,3000.0,18.1,S
2021-07-02T13:18:54,1100.0,18.15,B
2021-07-02T13:18:54,16700.0,18.15,B
2021-07-02T13:18:51,700.0,18.15,B
2021-07-02T13:18:50,100.0,18.15,B
2021-07-02T13:18:44,4000.0,18.1,S
2021-07-02T13:18:32,1000.0,18.15,B
2021-07-02T13:18:27,2200.0,18.15,B
2021-07-02T13:18:26,600.0,18.15,B
2021-07-02T13:18:25,200.0,18.1,S
2021-07-02T13:18:24,100.0,18.15,B
2021-07-02T13:18:17,400.0,18.15,B
2021-07-02T13:18:09,3000.0,18.1,S
2021-07-02T13:18:09,200.0,18.15,B
2021-07-02T13:18:07,3000.0,18.1,S
2021-07-02T13:18:04,200.0,18.1,S
2021-07-02T13:17:46,700.0,18.1,S
2021-07-02T13:17:45,300.0,18.1,S
2021-07-02T13:17:26,700.0,18.15,B
2021-07-02T13:17:26,800.0,18.15,B
2021-07-02T13:17:10,100.0,18.15,B
2021-07-02T13:17:06,100.0,18.15,S
2021-07-02T13:17:03,1000.0,18.15,S
2021-07-02T13:17:03,500.0,18.15,S
2021-07-02T13:17:03,100.0,18.15,S
2021-07-02T13:17:03,1700.0,18.15,S
2021-07-02T13:17:03,2500.0,18.15,S
2021-07-02T13:17:03,2000.0,18.15,S
2021-07-02T13:17:02,1000.0,18.15,S
2021-07-02T13:16:47,500.0,18.15,S
2021-07-02T13:16:40,2500.0,18.15,S
2021-07-02T13:16:40,2500.0,18.15,S
2021-07-02T13:16:40,1000.0,18.15,S
2021-07-02T13:16:35,2000.0,18.15,S
2021-07-02T13:16:23,2400.0,18.15,S
2021-07-02T13:16:23,1500.0,18.15,S
2021-07-02T13:16:23,6100.0,18.15,S
2021-07-02T13:16:18,500.0,18.2,B
2021-07-02T13:16:14,5000.0,18.15,S
2021-07-02T13:15:53,5000.0,18.15,S
2021-07-02T13:15:52,500.0,18.15,S
2021-07-02T13:15:47,600.0,18.15,S
2021-07-02T13:15:42,1000.0,18.15,S
2021-07-02T13:15:34,3000.0,18.15,S
2021-07-02T13:15:31,3000.0,18.15,S
2021-07-02T13:14:56,11500.0,18.15,S
2021-07-02T13:14:56,500.0,18.15,S
2021-07-02T13:14:50,200.0,18.2,B
2021-07-02T13:14:48,700.0,18.15,S
2021-07-02T13:14:48,4700.0,18.15,S
2021-07-02T13:14:48,2000.0,18.15,S
2021-07-02T13:14:48,7000.0,18.15,S
2021-07-02T13:14:48,2000.0,18.15,S
2021-07-02T13:14:48,500.0,18.15,S
2021-07-02T13:14:48,1800.0,18.15,S
2021-07-02T13:14:48,3000.0,18.15,S
2021-07-02T13:14:48,6600.0,18.15,S
2021-07-02T13:14:48,7200.0,18.15,S
2021-07-02T13:14:48,23400.0,18.15,S
2021-07-02T13:14:48,5500.0,18.15,S
2021-07-02T13:14:48,700.0,18.15,S
2021-07-02T13:14:48,3300.0,18.15,S
2021-07-02T13:14:48,4400.0,18.15,S
2021-07-02T13:14:47,600.0,18.15,S
2021-07-02T13:14:47,3900.0,18.15,S
2021-07-02T13:14:47,900.0,18.15,S
2021-07-02T13:14:47,2000.0,18.15,S
2021-07-02T13:14:47,4000.0,18.15,S
2021-07-02T13:14:47,15800.0,18.15,S
2021-07-02T13:14:47,1000.0,18.15,S
2021-07-02T13:14:33,100.0,18.15,S
2021-07-02T13:14:25,1000.0,18.15,S
2021-07-02T13:14:09,100.0,18.15,S
2021-07-02T13:13:59,5000.0,18.15,S
2021-07-02T13:13:56,100.0,18.15,S
2021-07-02T13:13:42,2000.0,18.15,S
2021-07-02T13:13:38,2300.0,18.15,S
2021-07-02T13:13:38,700.0,18.15,S
2021-07-02T13:13:36,100.0,18.15,S
2021-07-02T13:13:14,1000.0,18.15,S
2021-07-02T13:13:13,300.0,18.15,S
2021-07-02T13:13:05,2000.0,18.15,S
2021-07-02T13:12:50,1000.0,18.15,S
2021-07-02T13:12:44,1000.0,18.15,S
2021-07-02T13:12:44,1000.0,18.15,S
2021-07-02T13:12:20,500.0,18.15,S
2021-07-02T13:12:07,1100.0,18.15,S
2021-07-02T13:12:06,100.0,18.15,S
2021-07-02T13:12:00,1000.0,18.2,B
2021-07-02T13:11:44,1000.0,18.15,S
2021-07-02T13:11:40,1000.0,18.15,S
2021-07-02T13:11:40,100.0,18.15,S
2021-07-02T13:11:39,2900.0,18.15,S
2021-07-02T13:11:15,3000.0,18.2,B
2021-07-02T13:11:15,1000.0,18.2,B
2021-07-02T13:11:14,1200.0,18.2,B
2021-07-02T13:10:33,100.0,18.2,B
2021-07-02T13:10:15,500.0,18.15,S
2021-07-02T13:10:08,2000.0,18.2,B
2021-07-02T13:09:43,600.0,18.2,B
2021-07-02T13:09:42,500.0,18.15,S
2021-07-02T13:09:42,100.0,18.2,B
2021-07-02T13:09:40,200.0,18.2,B
2021-07-02T13:09:37,700.0,18.15,S
2021-07-02T13:09:26,200.0,18.15,S
2021-07-02T13:09:10,500.0,18.2,B
2021-07-02T13:09:01,400.0,18.15,S
2021-07-02T13:09:00,100.0,18.15,S
2021-07-02T13:08:35,200.0,18.15,S
2021-07-02T13:08:30,500.0,18.2,B
2021-07-02T13:08:12,500.0,18.2,B
2021-07-02T13:08:02,500.0,18.2,B
2021-07-02T13:07:29,2500.0,18.2,B
2021-07-02T13:07:28,500.0,18.2,B
2021-07-02T13:07:19,1000.0,18.2,B
2021-07-02T13:07:13,100.0,18.2,B
2021-07-02T13:07:13,4000.0,18.2,B
2021-07-02T13:07:03,300.0,18.2,B
2021-07-02T13:07:02,500.0,18.15,S
2021-07-02T13:06:52,1000.0,18.2,B
2021-07-02T13:06:36,200.0,18.2,B
2021-07-02T13:06:13,300.0,18.2,B
2021-07-02T13:06:12,300.0,18.2,B
2021-07-02T13:06:00,200.0,18.2,B
2021-07-02T13:05:35,200.0,18.2,B
2021-07-02T13:05:21,900.0,18.15,S
2021-07-02T13:04:34,1000.0,18.2,B
2021-07-02T13:04:26,300.0,18.2,B
2021-07-02T13:04:09,1000.0,18.2,B
2021-07-02T13:03:56,100.0,18.2,B
2021-07-02T13:03:18,2000.0,18.2,B
2021-07-02T13:03:02,200.0,18.2,B
2021-07-02T13:03:00,200.0,18.2,B
2021-07-02T13:02:46,600.0,18.2,B
2021-07-02T13:02:27,2000.0,18.2,B
2021-07-02T13:02:27,2000.0,18.2,B
2021-07-02T13:01:58,1000.0,18.2,B
2021-07-02T13:01:42,4600.0,18.15,S
2021-07-02T13:01:42,500.0,18.15,S
2021-07-02T13:01:42,7400.0,18.15,S
2021-07-02T13:01:33,1000.0,18.2,B
2021-07-02T13:01:16,100.0,18.2,B
2021-07-02T13:01:14,3000.0,18.2,B
2021-07-02T13:01:12,100.0,18.2,B
2021-07-02T13:01:12,200.0,18.2,B
2021-07-02T13:01:10,5500.0,18.2,B
2021-07-02T13:01:09,200.0,18.2,B
2021-07-02T13:01:06,1000.0,18.2,B
2021-07-02T13:01:06,500.0,18.2,B
2021-07-02T13:01:01,2000.0,18.15,S
2021-07-02T13:01:00,2000.0,18.2,B
2021-07-02T13:00:49,300.0,18.2,B
2021-07-02T13:00:49,300.0,18.2,B
2021-07-02T13:00:48,700.0,18.2,B
2021-07-02T13:00:47,200.0,18.2,B
2021-07-02T13:00:45,2100.0,18.2,B
2021-07-02T13:00:45,3000.0,18.2,B
2021-07-02T13:00:42,300.0,18.2,B
2021-07-02T13:00:40,300.0,18.2,B
2021-07-02T13:00:38,400.0,18.2,B
2021-07-02T13:00:34,100.0,18.2,B
2021-07-02T13:00:33,2000.0,18.2,B
2021-07-02T13:00:32,2400.0,18.2,B
2021-07-02T13:00:31,1000.0,18.2,B
2021-07-02T13:00:31,1000.0,18.2,B
2021-07-02T13:00:30,100.0,18.2,B
2021-07-02T13:00:30,1000.0,18.2,B
2021-07-02T13:00:30,400.0,18.2,B
2021-07-02T13:00:30,500.0,18.2,B
2021-07-02T13:00:30,2100.0,18.2,B
2021-07-02T13:00:29,1700.0,18.2,B
2021-07-02T13:00:29,200.0,18.2,B
2021-07-02T13:00:29,300.0,18.2,B
2021-07-02T13:00:29,700.0,18.2,B
2021-07-02T13:00:28,3000.0,18.2,B
2021-07-02T13:00:28,1000.0,18.2,B
2021-07-02T13:00:28,200.0,18.2,B
2021-07-02T13:00:28,2200.0,18.2,B
2021-07-02T13:00:27,300.0,18.2,B
2021-07-02T13:00:27,300.0,18.2,B
2021-07-02T13:00:27,10000.0,18.15,S
2021-07-02T13:00:24,200.0,18.2,B
2021-07-02T13:00:24,1000.0,18.2,B
2021-07-02T13:00:24,1000.0,18.2,B
2021-07-02T13:00:22,4300.0,18.2,B
2021-07-02T13:00:22,1000.0,18.2,B
2021-07-02T13:00:20,100.0,18.2,B
2021-07-02T13:00:20,200.0,18.2,B
2021-07-02T13:00:20,2000.0,18.2,B
2021-07-02T13:00:20,2600.0,18.15,S
2021-07-02T13:00:20,2600.0,18.15,S
2021-07-02T13:00:20,1400.0,18.15,S
2021-07-02T13:00:20,3000.0,18.15,S
2021-07-02T13:00:20,1600.0,18.15,S
2021-07-02T13:00:18,2000.0,18.2,B
2021-07-02T13:00:18,200.0,18.15,S
2021-07-02T13:00:18,500.0,18.2,B
2021-07-02T13:00:18,2500.0,18.2,B
2021-07-02T13:00:18,100.0,18.2,B
2021-07-02T13:00:16,10000.0,18.2,B
2021-07-02T13:00:16,900.0,18.2,B
2021-07-02T13:00:16,1000.0,18.2,B
2021-07-02T13:00:16,1600.0,18.2,B
2021-07-02T13:00:16,400.0,18.2,B
2021-07-02T13:00:16,200.0,18.2,B
2021-07-02T13:00:16,900.0,18.2,B
2021-07-02T13:00:16,200.0,18.2,B
2021-07-02T13:00:16,100.0,18.2,B
2021-07-02T13:00:16,300.0,18.2,B
2021-07-02T13:00:14,100.0,18.2,B
2021-07-02T13:00:14,1300.0,18.2,B
2021-07-02T13:00:14,100.0,18.2,B
2021-07-02T13:00:14,3000.0,18.2,B
2021-07-02T13:00:14,20000.0,18.2,B
2021-07-02T13:00:14,4000.0,18.2,B
2021-07-02T13:00:14,1500.0,18.2,B
2021-07-02T13:00:14,500.0,18.2,B
2021-07-02T13:00:14,200.0,18.15,S
2021-07-02T13:00:14,100.0,18.15,S
2021-07-02T13:00:14,200.0,18.2,B
2021-07-02T13:00:14,1000.0,18.2,B
2021-07-02T13:00:14,1000.0,18.2,B
2021-07-02T13:00:14,3100.0,18.15,S
2021-07-02T13:00:14,500.0,18.2,B
2021-07-02T11:30:06,2000.0,18.2,B
2021-07-02T11:29:45,1000.0,18.15,S
2021-07-02T11:29:44,200.0,18.15,S
2021-07-02T11:29:27,2000.0,18.2,B
2021-07-02T11:29:20,2000.0,18.2,B
2021-07-02T11:29:15,500.0,18.15,S
2021-07-02T11:28:46,200.0,18.15,S
2021-07-02T11:28:44,5000.0,18.15,S
2021-07-02T11:28:27,100.0,18.15,S
2021-07-02T11:28:12,100.0,18.15,S
2021-07-02T11:28:02,200.0,18.15,S
2021-07-02T11:27:45,5000.0,18.15,S
2021-07-02T11:27:41,800.0,18.15,S
2021-07-02T11:27:36,300.0,18.2,B
2021-07-02T11:27:10,300.0,18.15,S
2021-07-02T11:26:52,100.0,18.15,S
2021-07-02T11:26:40,500.0,18.15,S
2021-07-02T11:26:32,1500.0,18.15,S
2021-07-02T11:26:13,3000.0,18.15,S
2021-07-02T11:26:03,1100.0,18.15,S
2021-07-02T11:25:46,200.0,18.15,S
2021-07-02T11:25:42,700.0,18.15,S
2021-07-02T11:24:52,200.0,18.15,S
2021-07-02T11:24:50,1200.0,18.15,S
2021-07-02T11:24:31,10000.0,18.15,S
2021-07-02T11:24:28,1000.0,18.15,S
2021-07-02T11:24:04,1900.0,18.15,S
2021-07-02T11:23:38,1500.0,18.2,B
2021-07-02T11:23:12,1500.0,18.2,B
2021-07-02T11:23:09,6400.0,18.15,S
2021-07-02T11:23:09,13900.0,18.15,S
2021-07-02T11:23:03,1200.0,18.15,S
2021-07-02T11:22:45,300.0,18.15,S
2021-07-02T11:22:33,3500.0,18.15,S
2021-07-02T11:22:09,900.0,18.15,S
2021-07-02T11:22:08,1000.0,18.2,B
2021-07-02T11:21:57,2000.0,18.2,B
2021-07-02T11:21:54,600.0,18.2,B
2021-07-02T11:21:32,200.0,18.2,B
2021-07-02T11:21:24,2500.0,18.2,B
2021-07-02T11:21:20,100.0,18.2,B
2021-07-02T11:21:05,3700.0,18.2,B
2021-07-02T11:20:34,200.0,18.2,B
2021-07-02T11:19:59,1800.0,18.2,B
2021-07-02T11:18:42,2000.0,18.15,S
2021-07-02T11:18:19,1700.0,18.2,B
2021-07-02T11:18:10,500.0,18.2,B
2021-07-02T11:17:59,100.0,18.15,S
2021-07-02T11:17:54,2500.0,18.2,B
2021-07-02T11:17:46,100.0,18.2,B
2021-07-02T11:17:41,100.0,18.2,B
2021-07-02T11:17:38,100.0,18.2,B
2021-07-02T11:17:31,1000.0,18.2,B
2021-07-02T11:17:28,1200.0,18.2,B
2021-07-02T11:17:24,100.0,18.2,B
2021-07-02T11:17:22,3300.0,18.15,S
2021-07-02T11:17:21,1000.0,18.2,B
2021-07-02T11:17:18,1000.0,18.2,B
2021-07-02T11:17:11,100.0,18.2,B
2021-07-02T11:17:01,2000.0,18.2,B
2021-07-02T11:16:59,100.0,18.2,B
2021-07-02T11:16:59,900.0,18.2,B
2021-07-02T11:16:37,100.0,18.2,B
2021-07-02T11:16:36,500.0,18.2,B
2021-07-02T11:16:35,2000.0,18.2,B
2021-07-02T11:16:24,100.0,18.15,S
2021-07-02T11:16:23,6000.0,18.15,S
2021-07-02T11:16:19,700.0,18.2,B
2021-07-02T11:15:59,100.0,18.2,B
2021-07-02T11:15:30,3000.0,18.2,B
2021-07-02T11:15:29,2000.0,18.2,B
2021-07-02T11:15:21,2000.0,18.15,S
2021-07-02T11:14:53,5000.0,18.15,S
2021-07-02T11:14:52,600.0,18.2,B
2021-07-02T11:14:51,200.0,18.2,B
2021-07-02T11:14:49,400.0,18.2,B
2021-07-02T11:14:24,4000.0,18.2,B
2021-07-02T11:14:07,1000.0,18.2,B
2021-07-02T11:14:06,200.0,18.2,B
2021-07-02T11:14:06,2800.0,18.2,B
2021-07-02T11:13:54,500.0,18.15,S
2021-07-02T11:13:34,1000.0,18.2,B
2021-07-02T11:13:18,3000.0,18.2,B
2021-07-02T11:13:05,200.0,18.2,B
2021-07-02T11:13:02,100.0,18.2,B
2021-07-02T11:12:42,1800.0,18.2,B
2021-07-02T11:12:36,2000.0,18.2,B
2021-07-02T11:12:29,1000.0,18.15,S
2021-07-02T11:12:13,2000.0,18.2,B
2021-07-02T11:12:12,5900.0,18.2,B
2021-07-02T11:12:01,200.0,18.2,B
2021-07-02T11:11:47,700.0,18.2,B
2021-07-02T11:11:45,2000.0,18.2,B
2021-07-02T11:11:43,5000.0,18.2,B
2021-07-02T11:11:42,100.0,18.2,B
2021-07-02T11:11:38,1000.0,18.2,B
2021-07-02T11:11:38,700.0,18.2,B
2021-07-02T11:11:38,1000.0,18.2,B
2021-07-02T11:11:30,400.0,18.2,B
2021-07-02T11:11:29,300.0,18.2,B
2021-07-02T11:11:17,200.0,18.2,B
2021-07-02T11:11:15,1000.0,18.15,S
2021-07-02T11:10:50,300.0,18.2,B
2021-07-02T11:10:26,2900.0,18.2,B
2021-07-02T11:10:21,800.0,18.15,S
2021-07-02T11:10:21,200.0,18.15,S
2021-07-02T11:09:53,300.0,18.15,S
2021-07-02T11:09:52,500.0,18.2,B
2021-07-02T11:09:45,1000.0,18.15,S
2021-07-02T11:09:42,10000.0,18.2,B
2021-07-02T11:09:22,3000.0,18.15,S
2021-07-02T11:09:08,2000.0,18.2,B
2021-07-02T11:08:52,3000.0,18.15,S
2021-07-02T11:08:50,1500.0,18.2,B
2021-07-02T11:08:50,2700.0,18.2,B
2021-07-02T11:08:48,10000.0,18.15,S
2021-07-02T11:08:25,20300.0,18.15,B
2021-07-02T11:08:24,300.0,18.15,B
2021-07-02T11:08:18,4000.0,18.15,B
2021-07-02T11:08:14,2000.0,18.15,B
2021-07-02T11:08:12,1000.0,18.15,B
2021-07-02T11:08:05,100.0,18.15,B
2021-07-02T11:08:00,200.0,18.15,B
2021-07-02T11:07:59,500.0,18.15,B
2021-07-02T11:07:50,100.0,18.15,B
2021-07-02T11:07:49,2000.0,18.15,B
2021-07-02T11:07:46,1000.0,18.15,B
2021-07-02T11:07:43,3000.0,18.15,B
2021-07-02T11:07:37,1000.0,18.1,S
2021-07-02T11:07:36,300.0,18.15,B
2021-07-02T11:07:25,1000.0,18.15,B
2021-07-02T11:07:18,20000.0,18.15,B
2021-07-02T11:07:17,20000.0,18.15,B
2021-07-02T11:07:14,3000.0,18.15,B
2021-07-02T11:07:13,5000.0,18.15,B
2021-07-02T11:07:13,2000.0,18.15,B
2021-07-02T11:07:10,200.0,18.15,B
2021-07-02T11:07:07,3500.0,18.15,B
2021-07-02T11:07:07,100.0,18.15,B
2021-07-02T11:07:07,2900.0,18.15,B
2021-07-02T11:07:05,2400.0,18.15,B
2021-07-02T11:07:05,400.0,18.15,B
2021-07-02T11:07:05,16200.0,18.15,B
2021-07-02T11:07:02,500.0,18.15,B
2021-07-02T11:07:01,500.0,18.15,B
2021-07-02T11:06:58,1000.0,18.15,B
2021-07-02T11:06:58,300.0,18.15,B
2021-07-02T11:06:57,7000.0,18.15,B
2021-07-02T11:06:48,500.0,18.15,B
2021-07-02T11:06:47,400.0,18.15,B
2021-07-02T11:06:46,2000.0,18.15,B
2021-07-02T11:06:45,100.0,18.15,B
2021-07-02T11:06:39,5800.0,18.15,B
2021-07-02T11:06:34,700.0,18.15,B
2021-07-02T11:06:31,4000.0,18.15,B
2021-07-02T11:06:29,3000.0,18.15,B
2021-07-02T11:06:24,2000.0,18.15,B
2021-07-02T11:06:22,5000.0,18.15,B
2021-07-02T11:06:19,600.0,18.15,B
2021-07-02T11:06:17,5000.0,18.15,B
2021-07-02T11:06:17,900.0,18.15,B
2021-07-02T11:06:17,100.0,18.15,B
2021-07-02T11:06:17,1000.0,18.15,B
2021-07-02T11:05:50,2100.0,18.15,B
2021-07-02T11:05:50,1700.0,18.15,B
2021-07-02T11:05:50,100.0,18.1,S
2021-07-02T11:05:43,100.0,18.1,S
2021-07-02T11:05:14,5000.0,18.1,S
2021-07-02T11:05:13,2000.0,18.15,B
2021-07-02T11:05:10,300.0,18.15,B
2021-07-02T11:04:59,3600.0,18.15,B
2021-07-02T11:04:51,3000.0,18.15,B
2021-07-02T11:04:50,7700.0,18.15,B
2021-07-02T11:04:46,1000.0,18.15,B
2021-07-02T11:04:39,200.0,18.15,B
2021-07-02T11:04:36,500.0,18.15,B
2021-07-02T11:04:17,1000.0,18.15,B
2021-07-02T11:04:14,10000.0,18.15,B
2021-07-02T11:04:12,200.0,18.15,B
2021-07-02T11:04:10,900.0,18.1,S
2021-07-02T11:04:05,500.0,18.15,B
2021-07-02T11:04:04,500.0,18.15,B
2021-07-02T11:03:55,300.0,18.15,B
2021-07-02T11:03:50,600.0,18.15,B
2021-07-02T11:03:34,100.0,18.15,B
2021-07-02T11:03:23,1000.0,18.15,B
2021-07-02T11:03:19,1000.0,18.15,B
2021-07-02T11:03:16,6300.0,18.15,B
2021-07-02T11:03:13,1000.0,18.15,B
2021-07-02T11:03:01,200.0,18.15,B
2021-07-02T11:02:58,100.0,18.15,B
2021-07-02T11:02:53,100.0,18.15,B
2021-07-02T11:02:41,1300.0,18.15,B
2021-07-02T11:02:39,1000.0,18.15,B
2021-07-02T11:02:26,100.0,18.15,B
2021-07-02T11:02:21,1100.0,18.15,B
2021-07-02T11:02:17,3400.0,18.15,B
2021-07-02T11:01:59,2500.0,18.15,B
2021-07-02T11:01:50,500.0,18.1,S
2021-07-02T11:01:47,1700.0,18.15,B
2021-07-02T11:01:44,200.0,18.15,B
2021-07-02T11:01:40,500.0,18.15,B
2021-07-02T11:01:30,1000.0,18.15,B
2021-07-02T11:01:15,1500.0,18.15,B
2021-07-02T11:01:15,100.0,18.15,B
2021-07-02T11:01:04,4700.0,18.15,B
2021-07-02T11:01:00,300.0,18.15,B
2021-07-02T11:00:52,100.0,18.15,B
2021-07-02T11:00:49,5200.0,18.1,S
2021-07-02T11:00:47,3000.0,18.15,B
2021-07-02T11:00:47,600.0,18.15,B
2021-07-02T11:00:37,400.0,18.15,B
2021-07-02T11:00:28,500.0,18.15,B
2021-07-02T11:00:18,2000.0,18.15,B
2021-07-02T11:00:12,1000.0,18.15,B
2021-07-02T11:00:07,500.0,18.15,B
2021-07-02T10:59:48,2000.0,18.15,B
2021-07-02T10:59:16,200.0,18.15,B
2021-07-02T10:59:04,500.0,18.15,B
2021-07-02T10:59:00,100.0,18.15,B
2021-07-02T10:58:57,1000.0,18.1,S
2021-07-02T10:58:08,1000.0,18.1,S
2021-07-02T10:58:03,1000.0,18.1,S
2021-07-02T10:58:00,200.0,18.1,S
2021-07-02T10:57:30,200.0,18.1,S
2021-07-02T10:57:21,500.0,18.1,S
2021-07-02T10:56:56,300.0,18.1,S
2021-07-02T10:56:48,6000.0,18.1,S
2021-07-02T10:56:13,800.0,18.1,S
2021-07-02T10:56:09,5000.0,18.1,S
2021-07-02T10:56:04,500.0,18.1,S
2021-07-02T10:55:48,2200.0,18.15,B
2021-07-02T10:55:48,21200.0,18.1,B
2021-07-02T10:55:47,1000.0,18.1,B
2021-07-02T10:55:40,300.0,18.1,B
2021-07-02T10:55:32,4600.0,18.1,B
2021-07-02T10:55:29,2000.0,18.1,B
2021-07-02T10:55:21,200.0,18.1,B
2021-07-02T10:55:06,3300.0,18.1,B
2021-07-02T10:54:59,2300.0,18.1,B
2021-07-02T10:54:58,1000.0,18.05,S
2021-07-02T10:54:47,500.0,18.1,B
2021-07-02T10:54:28,10000.0,18.1,B
2021-07-02T10:54:23,500.0,18.1,B
2021-07-02T10:54:11,100.0,18.1,B
2021-07-02T10:53:55,900.0,18.1,S
2021-07-02T10:53:43,800.0,18.1,S
2021-07-02T10:53:43,8500.0,18.1,S
2021-07-02T10:53:43,5700.0,18.1,S
2021-07-02T10:53:41,4000.0,18.1,S
2021-07-02T10:53:40,100.0,18.1,S
2021-07-02T10:53:36,5200.0,18.1,S
2021-07-02T10:53:36,2100.0,18.1,S
2021-07-02T10:53:36,2400.0,18.1,S
2021-07-02T10:53:36,6600.0,18.1,S
2021-07-02T10:53:36,3700.0,18.1,S
2021-07-02T10:53:35,2300.0,18.1,S
2021-07-02T10:53:35,300.0,18.1,S
2021-07-02T10:53:35,200.0,18.1,S
2021-07-02T10:53:35,8200.0,18.1,S
2021-07-02T10:53:31,5000.0,18.1,S
2021-07-02T10:53:29,100.0,18.1,S
2021-07-02T10:53:26,1000.0,18.1,S
2021-07-02T10:53:25,100.0,18.1,S
2021-07-02T10:53:20,2500.0,18.1,S
2021-07-02T10:53:15,100.0,18.1,S
2021-07-02T10:53:13,5000.0,18.1,S
2021-07-02T10:53:03,3500.0,18.1,S
2021-07-02T10:53:00,200.0,18.1,S
2021-07-02T10:52:58,1200.0,18.1,S
2021-07-02T10:52:58,300.0,18.1,S
2021-07-02T10:52:56,1000.0,18.1,S
2021-07-02T10:52:56,1300.0,18.1,S
2021-07-02T10:52:56,500.0,18.1,S
2021-07-02T10:52:56,2300.0,18.1,S
2021-07-02T10:52:55,2000.0,18.1,S
2021-07-02T10:52:50,3500.0,18.1,S
2021-07-02T10:52:50,4900.0,18.1,S
2021-07-02T10:52:48,1600.0,18.1,S
2021-07-02T10:52:46,100.0,18.1,S
2021-07-02T10:52:39,200.0,18.1,S
2021-07-02T10:52:37,200.0,18.15,B
2021-07-02T10:52:04,5000.0,18.1,S
2021-07-02T10:51:45,300.0,18.1,S
2021-07-02T10:51:45,4700.0,18.1,S
2021-07-02T10:51:44,14700.0,18.15,B
2021-07-02T10:51:44,1600.0,18.15,B
2021-07-02T10:51:44,700.0,18.15,B
2021-07-02T10:51:36,500.0,18.1,S
2021-07-02T10:51:19,800.0,18.1,S
2021-07-02T10:51:19,100.0,18.1,S
2021-07-02T10:51:19,5100.0,18.1,S
2021-07-02T10:51:19,9900.0,18.1,S
2021-07-02T10:51:16,1000.0,18.15,B
2021-07-02T10:51:12,100.0,18.1,S
2021-07-02T10:50:59,1000.0,18.15,B
2021-07-02T10:50:52,200.0,18.15,B
2021-07-02T10:50:36,5500.0,18.15,B
2021-07-02T10:50:31,5000.0,18.15,B
2021-07-02T10:50:15,200.0,18.15,B
2021-07-02T10:50:09,500.0,18.15,B
2021-07-02T10:50:05,400.0,18.15,B
2021-07-02T10:49:39,4200.0,18.15,B
2021-07-02T10:49:38,2000.0,18.15,B
2021-07-02T10:49:31,500.0,18.15,B
2021-07-02T10:49:28,100.0,18.15,B
2021-07-02T10:49:23,1000.0,18.15,B
2021-07-02T10:49:14,300.0,18.15,B
2021-07-02T10:49:08,200.0,18.15,B
2021-07-02T10:49:06,100.0,18.15,B
2021-07-02T10:49:05,400.0,18.15,B
2021-07-02T10:49:02,500.0,18.15,B
2021-07-02T10:48:58,2000.0,18.15,B
2021-07-02T10:48:56,200.0,18.15,B
2021-07-02T10:48:26,400.0,18.15,B
2021-07-02T10:48:06,200.0,18.15,S
2021-07-02T10:48:06,600.0,18.15,S
2021-07-02T10:47:57,6000.0,18.15,B
2021-07-02T10:47:50,100.0,18.1,S
2021-07-02T10:47:42,100.0,18.15,B
2021-07-02T10:47:41,1000.0,18.15,B
2021-07-02T10:47:35,3000.0,18.15,B
2021-07-02T10:47:33,300.0,18.1,S
2021-07-02T10:47:20,1000.0,18.15,S
2021-07-02T10:47:17,100.0,18.15,S
2021-07-02T10:47:13,7800.0,18.15,S
2021-07-02T10:47:10,5000.0,18.15,S
2021-07-02T10:47:00,1000.0,18.15,S
2021-07-02T10:46:24,3300.0,18.15,B
2021-07-02T10:46:24,100.0,18.15,B
2021-07-02T10:46:24,4600.0,18.15,B
2021-07-02T10:46:24,3200.0,18.15,B
2021-07-02T10:46:24,15900.0,18.15,B
2021-07-02T10:46:12,100.0,18.15,B
2021-07-02T10:46:05,1500.0,18.15,B
2021-07-02T10:45:59,500.0,18.15,B
2021-07-02T10:45:48,1000.0,18.15,B
2021-07-02T10:45:43,500.0,18.15,B
2021-07-02T10:45:42,2100.0,18.15,B
2021-07-02T10:45:38,1300.0,18.15,B
2021-07-02T10:45:33,4300.0,18.1,S
2021-07-02T10:45:20,1000.0,18.15,B
2021-07-02T10:45:18,200.0,18.1,S
2021-07-02T10:45:16,200.0,18.15,B
2021-07-02T10:45:15,200.0,18.15,B
2021-07-02T10:45:14,500.0,18.15,B
2021-07-02T10:44:54,1000.0,18.15,B
2021-07-02T10:44:36,500.0,18.15,B
2021-07-02T10:44:31,100.0,18.15,S
2021-07-02T10:44:31,700.0,18.15,S
2021-07-02T10:44:31,6000.0,18.15,S
2021-07-02T10:44:22,800.0,18.15,S
2021-07-02T10:44:18,500.0,18.15,S
2021-07-02T10:44:15,2000.0,18.15,S
2021-07-02T10:44:15,300.0,18.2,B
2021-07-02T10:44:07,100.0,18.15,S
2021-07-02T10:44:05,1000.0,18.15,S
2021-07-02T10:44:01,5000.0,18.15,S
2021-07-02T10:43:59,500.0,18.15,S
2021-07-02T10:43:57,100.0,18.15,S
2021-07-02T10:43:56,300.0,18.15,S
2021-07-02T10:43:48,500.0,18.15,S
2021-07-02T10:43:48,4500.0,18.15,S
2021-07-02T10:43:45,5000.0,18.15,S
2021-07-02T10:43:36,900.0,18.15,S
2021-07-02T10:43:36,100.0,18.15,S
2021-07-02T10:43:36,4000.0,18.15,S
2021-07-02T10:43:35,1000.0,18.2,B
2021-07-02T10:43:28,100.0,18.15,S
2021-07-02T10:43:22,900.0,18.15,S
2021-07-02T10:43:22,2000.0,18.15,S
2021-07-02T10:43:18,500.0,18.15,S
2021-07-02T10:43:17,1000.0,18.15,S
2021-07-02T10:43:17,2800.0,18.15,S
2021-07-02T10:43:17,500.0,18.15,S
2021-07-02T10:43:17,3300.0,18.15,S
2021-07-02T10:43:17,2000.0,18.15,S
2021-07-02T10:43:17,1400.0,18.15,S
2021-07-02T10:43:17,1000.0,18.15,S
2021-07-02T10:43:01,1400.0,18.15,S
2021-07-02T10:43:01,3600.0,18.15,S
2021-07-02T10:42:54,200.0,18.15,S
2021-07-02T10:42:54,5000.0,18.15,S
2021-07-02T10:42:49,1900.0,18.15,S
2021-07-02T10:42:47,500.0,18.15,S
2021-07-02T10:42:47,2000.0,18.15,S
2021-07-02T10:42:41,1000.0,18.15,S
2021-07-02T10:42:39,1000.0,18.15,S
2021-07-02T10:42:33,1100.0,18.15,S
2021-07-02T10:42:24,200.0,18.15,S
2021-07-02T10:42:19,2700.0,18.15,S
2021-07-02T10:42:18,4400.0,18.2,B
2021-07-02T10:42:10,200.0,18.15,S
2021-07-02T10:42:08,900.0,18.15,S
2021-07-02T10:42:05,100.0,18.15,S
2021-07-02T10:41:53,3000.0,18.15,S
2021-07-02T10:41:14,1000.0,18.15,S
2021-07-02T10:40:59,300.0,18.2,B
2021-07-02T10:40:36,100.0,18.15,S
2021-07-02T10:40:22,200.0,18.15,S
2021-07-02T10:40:18,2000.0,18.15,S
2021-07-02T10:40:10,5000.0,18.15,S
2021-07-02T10:40:02,100.0,18.15,S
2021-07-02T10:39:35,800.0,18.15,S
2021-07-02T10:39:35,500.0,18.2,B
2021-07-02T10:39:33,200.0,18.15,S
2021-07-02T10:39:30,600.0,18.15,S
2021-07-02T10:39:30,500.0,18.15,S
2021-07-02T10:39:05,1000.0,18.15,S
2021-07-02T10:38:52,1000.0,18.15,S
2021-07-02T10:38:35,2000.0,18.2,B
2021-07-02T10:38:35,3000.0,18.2,B
2021-07-02T10:38:35,600.0,18.2,B
2021-07-02T10:38:35,800.0,18.2,B
2021-07-02T10:38:35,1500.0,18.2,B
2021-07-02T10:38:35,1500.0,18.2,B
2021-07-02T10:38:35,200.0,18.2,B
2021-07-02T10:38:35,2700.0,18.2,B
2021-07-02T10:38:35,1100.0,18.2,B
2021-07-02T10:38:35,500.0,18.2,B
2021-07-02T10:38:35,6000.0,18.2,B
2021-07-02T10:38:35,3800.0,18.2,B
2021-07-02T10:38:35,800.0,18.2,B
2021-07-02T10:38:35,700.0,18.2,B
2021-07-02T10:38:34,1700.0,18.2,B
2021-07-02T10:38:34,200.0,18.2,B
2021-07-02T10:38:34,7100.0,18.2,B
2021-07-02T10:38:34,1000.0,18.2,B
2021-07-02T10:38:34,1200.0,18.2,B
2021-07-02T10:38:34,6500.0,18.2,B
2021-07-02T10:38:34,900.0,18.2,B
2021-07-02T10:38:34,2300.0,18.2,B
2021-07-02T10:38:34,3900.0,18.2,B
2021-07-02T10:38:25,600.0,18.15,S
2021-07-02T10:38:19,1300.0,18.15,S
2021-07-02T10:38:04,1000.0,18.15,S
2021-07-02T10:38:03,100.0,18.15,S
2021-07-02T10:37:46,100.0,18.15,S
2021-07-02T10:37:46,200.0,18.15,S
2021-07-02T10:37:24,1200.0,18.15,S
2021-07-02T10:37:16,200.0,18.2,B
2021-07-02T10:37:07,700.0,18.15,S
2021-07-02T10:37:07,3500.0,18.15,S
2021-07-02T10:37:07,10300.0,18.15,S
2021-07-02T10:37:07,1000.0,18.15,S
2021-07-02T10:37:07,4500.0,18.15,S
2021-07-02T10:37:02,400.0,18.15,S
2021-07-02T10:36:47,500.0,18.2,B
2021-07-02T10:36:38,500.0,18.15,S
2021-07-02T10:36:20,1000.0,18.2,B
2021-07-02T10:36:20,200.0,18.15,S
2021-07-02T10:36:14,6400.0,18.15,S
2021-07-02T10:36:09,100.0,18.15,S
2021-07-02T10:36:09,1000.0,18.2,B
2021-07-02T10:36:02,100.0,18.2,B
2021-07-02T10:35:55,2000.0,18.15,S
2021-07-02T10:35:32,100.0,18.2,B
2021-07-02T10:35:28,5000.0,18.15,S
2021-07-02T10:35:23,2800.0,18.15,S
2021-07-02T10:35:21,200.0,18.15,S
2021-07-02T10:35:17,1000.0,18.15,S
2021-07-02T10:35:14,600.0,18.15,S
2021-07-02T10:35:14,100.0,18.15,S
2021-07-02T10:35:10,100.0,18.15,S
2021-07-02T10:35:05,1600.0,18.15,S
2021-07-02T10:34:53,15900.0,18.15,B
2021-07-02T10:34:51,500.0,18.15,B
2021-07-02T10:34:35,1000.0,18.15,S
2021-07-02T10:34:34,500.0,18.15,S
2021-07-02T10:34:28,7700.0,18.15,S
2021-07-02T10:34:28,1000.0,18.15,S
2021-07-02T10:34:27,1100.0,18.15,S
2021-07-02T10:34:27,8900.0,18.15,S
2021-07-02T10:34:24,10000.0,18.15,S
2021-07-02T10:34:24,5000.0,18.15,S
2021-07-02T10:34:18,3000.0,18.15,S
2021-07-02T10:34:04,100.0,18.15,S
2021-07-02T10:33:53,200.0,18.15,S
2021-07-02T10:33:53,100.0,18.15,S
2021-07-02T10:33:53,700.0,18.15,S
2021-07-02T10:33:52,100.0,18.15,S
2021-07-02T10:33:51,400.0,18.15,S
2021-07-02T10:33:49,300.0,18.15,S
2021-07-02T10:33:41,400.0,18.15,S
2021-07-02T10:33:40,1000.0,18.15,S
2021-07-02T10:33:39,500.0,18.15,S
2021-07-02T10:33:36,100.0,18.2,B
2021-07-02T10:33:36,5000.0,18.15,S
2021-07-02T10:33:35,500.0,18.15,S
2021-07-02T10:33:28,2600.0,18.15,S
2021-07-02T10:33:28,3600.0,18.15,S
2021-07-02T10:33:28,2000.0,18.15,S
2021-07-02T10:33:27,1800.0,18.15,S
2021-07-02T10:33:25,1700.0,18.15,S
2021-07-02T10:33:22,1000.0,18.15,S
2021-07-02T10:33:08,5000.0,18.15,S
2021-07-02T10:33:00,2000.0,18.15,S
2021-07-02T10:32:58,1000.0,18.15,S
2021-07-02T10:32:57,800.0,18.15,S
2021-07-02T10:32:50,100.0,18.15,S
2021-07-02T10:32:26,500.0,18.15,S
2021-07-02T10:32:18,500.0,18.2,B
2021-07-02T10:32:10,300.0,18.2,B
2021-07-02T10:32:08,100.0,18.2,B
2021-07-02T10:32:07,200.0,18.15,S
2021-07-02T10:32:02,1000.0,18.2,B
2021-07-02T10:31:59,2000.0,18.15,S
2021-07-02T10:31:54,10000.0,18.2,B
2021-07-02T10:31:51,100.0,18.2,B
2021-07-02T10:31:43,700.0,18.15,S
2021-07-02T10:31:40,100.0,18.2,B
2021-07-02T10:31:29,1000.0,18.2,B
2021-07-02T10:31:25,200.0,18.15,S
2021-07-02T10:31:19,600.0,18.2,B
2021-07-02T10:31:09,100.0,18.2,B
2021-07-02T10:31:06,1500.0,18.15,S
2021-07-02T10:31:06,3500.0,18.15,S
2021-07-02T10:31:05,700.0,18.2,B
2021-07-02T10:31:05,1900.0,18.2,B
2021-07-02T10:30:57,1000.0,18.2,B
2021-07-02T10:30:41,500.0,18.2,B
2021-07-02T10:30:33,2000.0,18.2,B
2021-07-02T10:30:31,600.0,18.2,B
2021-07-02T10:30:21,1000.0,18.15,S
2021-07-02T10:30:18,3000.0,18.2,B
2021-07-02T10:30:18,1000.0,18.2,B
2021-07-02T10:30:16,3000.0,18.2,B
2021-07-02T10:30:15,1600.0,18.2,B
2021-07-02T10:30:15,400.0,18.2,B
2021-07-02T10:30:10,600.0,18.2,B
2021-07-02T10:30:08,100.0,18.2,B
2021-07-02T10:30:08,100.0,18.15,S
2021-07-02T10:30:06,300.0,18.2,B
2021-07-02T10:30:06,500.0,18.2,B
2021-07-02T10:30:03,2000.0,18.2,B
2021-07-02T10:30:00,100.0,18.15,S
2021-07-02T10:29:57,100.0,18.2,B
2021-07-02T10:29:55,1000.0,18.2,B
2021-07-02T10:29:48,100.0,18.2,B
2021-07-02T10:29:43,100.0,18.2,B
2021-07-02T10:29:42,6600.0,18.25,B
2021-07-02T10:29:42,5800.0,18.25,B
2021-07-02T10:29:42,100.0,18.25,B
2021-07-02T10:29:42,15100.0,18.25,B
2021-07-02T10:29:42,2900.0,18.2,B
2021-07-02T10:29:42,500.0,18.2,B
2021-07-02T10:29:38,200.0,18.2,B
2021-07-02T10:29:37,600.0,18.2,B
2021-07-02T10:29:36,20000.0,18.2,B
2021-07-02T10:29:35,1400.0,18.2,B
2021-07-02T10:29:33,4000.0,18.2,B
2021-07-02T10:29:28,2000.0,18.2,S
2021-07-02T10:29:18,200.0,18.2,S
2021-07-02T10:29:17,1900.0,18.2,S
2021-07-02T10:29:15,2000.0,18.2,S
2021-07-02T10:29:14,1000.0,18.2,S
2021-07-02T10:29:14,200.0,18.2,S
2021-07-02T10:29:12,2000.0,18.2,S
2021-07-02T10:29:11,500.0,18.2,S
2021-07-02T10:29:04,700.0,18.2,S
2021-07-02T10:29:04,300.0,18.2,S
2021-07-02T10:29:04,9700.0,18.2,S
2021-07-02T10:29:02,5000.0,18.2,S
2021-07-02T10:29:00,5500.0,18.2,S
2021-07-02T10:28:59,300.0,18.2,S
2021-07-02T10:28:54,1000.0,18.2,S
2021-07-02T10:28:54,5000.0,18.2,S
2021-07-02T10:28:53,1000.0,18.2,S
2021-07-02T10:28:52,500.0,18.25,B
2021-07-02T10:28:52,4800.0,18.2,S
2021-07-02T10:28:52,2300.0,18.2,S
2021-07-02T10:28:52,4400.0,18.2,S
2021-07-02T10:28:52,100.0,18.2,S
2021-07-02T10:28:51,700.0,18.2,S
2021-07-02T10:28:51,7700.0,18.2,S
2021-07-02T10:28:51,5100.0,18.2,S
2021-07-02T10:28:48,20000.0,18.2,S
2021-07-02T10:28:47,3400.0,18.2,S
2021-07-02T10:28:47,1200.0,18.2,S
2021-07-02T10:28:44,200.0,18.2,S
2021-07-02T10:28:43,100.0,18.2,S
2021-07-02T10:28:43,200.0,18.2,S
2021-07-02T10:28:35,3000.0,18.2,S
2021-07-02T10:28:35,600.0,18.2,S
2021-07-02T10:28:35,1000.0,18.2,S
2021-07-02T10:28:35,1000.0,18.2,S
2021-07-02T10:28:35,100.0,18.2,S
2021-07-02T10:28:35,100.0,18.2,S
2021-07-02T10:28:35,500.0,18.2,S
2021-07-02T10:28:35,300.0,18.2,S
2021-07-02T10:28:35,400.0,18.2,S
2021-07-02T10:28:35,500.0,18.2,S
2021-07-02T10:28:31,700.0,18.2,S
2021-07-02T10:28:31,200.0,18.2,S
2021-07-02T10:28:29,400.0,18.2,S
2021-07-02T10:28:28,300.0,18.2,S
2021-07-02T10:28:26,700.0,18.2,S
2021-07-02T10:28:26,100.0,18.2,S
2021-07-02T10:28:26,600.0,18.2,S
2021-07-02T10:28:26,600.0,18.2,S
2021-07-02T10:28:23,1300.0,18.2,S
2021-07-02T10:28:20,500.0,18.2,S
2021-07-02T10:28:18,1100.0,18.2,S
2021-07-02T10:28:17,100.0,18.2,S
2021-07-02T10:28:17,4900.0,18.2,S
2021-07-02T10:28:17,5100.0,18.2,S
2021-07-02T10:28:17,100.0,18.25,B
2021-07-02T10:28:16,4200.0,18.2,S
2021-07-02T10:28:16,1200.0,18.2,S
2021-07-02T10:28:16,4000.0,18.2,S
2021-07-02T10:28:16,600.0,18.2,S
2021-07-02T10:28:15,300.0,18.2,S
2021-07-02T10:28:15,1300.0,18.2,S
2021-07-02T10:28:15,2200.0,18.2,S
2021-07-02T10:28:15,6600.0,18.2,S
2021-07-02T10:28:14,1800.0,18.2,S
2021-07-02T10:28:06,500.0,18.2,S
2021-07-02T10:27:59,1000.0,18.2,S
2021-07-02T10:27:51,200.0,18.2,S
2021-07-02T10:27:51,4800.0,18.2,S
2021-07-02T10:27:48,1000.0,18.2,S
2021-07-02T10:27:47,2000.0,18.2,S
2021-07-02T10:27:45,2000.0,18.2,S
2021-07-02T10:27:43,100.0,18.2,S
2021-07-02T10:27:42,5000.0,18.25,B
2021-07-02T10:27:42,500.0,18.2,S
2021-07-02T10:27:42,200.0,18.2,S
2021-07-02T10:27:42,1000.0,18.2,S
2021-07-02T10:27:39,9300.0,18.2,S
2021-07-02T10:27:39,5700.0,18.2,S
2021-07-02T10:27:30,5000.0,18.2,S
2021-07-02T10:27:30,2000.0,18.2,S
2021-07-02T10:27:29,200.0,18.2,S
2021-07-02T10:27:26,3000.0,18.25,B
2021-07-02T10:27:26,800.0,18.2,S
2021-07-02T10:27:24,3000.0,18.2,S
2021-07-02T10:27:23,1000.0,18.2,S
2021-07-02T10:27:16,5900.0,18.2,S
2021-07-02T10:27:04,200.0,18.2,S
2021-07-02T10:27:03,2100.0,18.2,S
2021-07-02T10:27:03,200.0,18.2,S
2021-07-02T10:27:03,1800.0,18.2,S
2021-07-02T10:27:00,300.0,18.2,S
2021-07-02T10:26:59,16000.0,18.2,S
2021-07-02T10:26:59,1000.0,18.2,S
2021-07-02T10:26:42,1000.0,18.2,S
2021-07-02T10:26:39,1000.0,18.2,S
2021-07-02T10:26:37,9000.0,18.2,S
2021-07-02T10:26:36,200.0,18.25,B
2021-07-02T10:26:33,200.0,18.25,B
2021-07-02T10:26:31,2400.0,18.2,S
2021-07-02T10:26:30,1000.0,18.2,S
2021-07-02T10:26:28,3200.0,18.25,B
2021-07-02T10:26:28,2800.0,18.25,B
2021-07-02T10:26:18,100.0,18.2,S
2021-07-02T10:26:17,200.0,18.25,B
2021-07-02T10:26:13,2000.0,18.25,B
2021-07-02T10:26:01,10300.0,18.2,S
2021-07-02T10:26:01,100.0,18.2,S
2021-07-02T10:25:53,300.0,18.2,S
2021-07-02T10:25:50,500.0,18.2,S
2021-07-02T10:25:47,600.0,18.25,B
2021-07-02T10:25:46,400.0,18.2,S
2021-07-02T10:25:44,2500.0,18.2,S
2021-07-02T10:25:44,500.0,18.2,S
2021-07-02T10:25:43,2000.0,18.25,B
2021-07-02T10:25:40,2000.0,18.2,S
2021-07-02T10:25:37,200.0,18.2,S
2021-07-02T10:25:30,1000.0,18.2,S
2021-07-02T10:25:28,500.0,18.2,S
2021-07-02T10:25:24,100.0,18.2,S
2021-07-02T10:25:20,200.0,18.2,S
2021-07-02T10:25:19,200.0,18.25,B
2021-07-02T10:25:18,500.0,18.2,S
2021-07-02T10:25:18,5000.0,18.2,S
2021-07-02T10:25:12,600.0,18.2,S
2021-07-02T10:25:11,200.0,18.2,S
2021-07-02T10:25:05,100.0,18.2,S
2021-07-02T10:25:05,100.0,18.2,S
2021-07-02T10:25:05,2500.0,18.25,B
2021-07-02T10:25:04,100.0,18.2,S
2021-07-02T10:24:54,200.0,18.2,S
2021-07-02T10:24:49,500.0,18.2,S
2021-07-02T10:24:49,500.0,18.2,S
2021-07-02T10:24:49,100.0,18.25,B
2021-07-02T10:24:47,500.0,18.2,S
2021-07-02T10:24:43,100.0,18.25,B
2021-07-02T10:24:34,2000.0,18.2,S
2021-07-02T10:24:30,500.0,18.25,B
2021-07-02T10:24:28,2000.0,18.25,B
2021-07-02T10:24:27,2000.0,18.2,S
2021-07-02T10:24:17,500.0,18.25,B
2021-07-02T10:24:16,4900.0,18.25,B
2021-07-02T10:24:16,100.0,18.25,B
2021-07-02T10:24:10,7000.0,18.25,B
2021-07-02T10:24:07,500.0,18.25,B
2021-07-02T10:24:04,800.0,18.25,B
2021-07-02T10:23:59,1000.0,18.2,S
2021-07-02T10:23:59,1000.0,18.25,B
2021-07-02T10:23:53,100.0,18.25,B
2021-07-02T10:23:49,100.0,18.2,S
2021-07-02T10:23:45,500.0,18.25,B
2021-07-02T10:23:41,1000.0,18.25,B
2021-07-02T10:23:38,3000.0,18.2,S
2021-07-02T10:23:36,200.0,18.25,B
2021-07-02T10:23:36,2500.0,18.25,B
2021-07-02T10:23:31,2500.0,18.25,B
2021-07-02T10:23:26,100.0,18.2,S
2021-07-02T10:23:23,200.0,18.25,B
2021-07-02T10:23:14,500.0,18.25,B
2021-07-02T10:23:11,200.0,18.25,B
2021-07-02T10:23:11,200.0,18.25,B
2021-07-02T10:23:03,100.0,18.2,S
2021-07-02T10:23:01,2000.0,18.25,B
2021-07-02T10:23:01,200.0,18.25,B
2021-07-02T10:22:50,5000.0,18.25,B
2021-07-02T10:22:39,300.0,18.25,B
2021-07-02T10:22:38,6000.0,18.2,S
2021-07-02T10:22:36,300.0,18.25,B
2021-07-02T10:22:35,100.0,18.2,S
2021-07-02T10:22:34,300.0,18.25,B
2021-07-02T10:22:33,100.0,18.25,B
2021-07-02T10:22:33,1100.0,18.25,B
2021-07-02T10:22:24,2000.0,18.2,S
2021-07-02T10:22:24,100.0,18.2,S
2021-07-02T10:22:18,300.0,18.25,B
2021-07-02T10:22:15,300.0,18.25,B
2021-07-02T10:22:12,10000.0,18.25,B
2021-07-02T10:22:04,200.0,18.25,B
2021-07-02T10:21:59,400.0,18.25,B
2021-07-02T10:21:48,3000.0,18.25,B
2021-07-02T10:21:45,200.0,18.2,S
2021-07-02T10:21:44,200.0,18.25,B
2021-07-02T10:21:43,700.0,18.2,S
2021-07-02T10:21:38,500.0,18.25,B
2021-07-02T10:21:37,100.0,18.25,B
2021-07-02T10:21:34,500.0,18.2,S
2021-07-02T10:21:32,200.0,18.25,B
2021-07-02T10:21:27,1100.0,18.25,B
2021-07-02T10:21:24,2000.0,18.2,S
2021-07-02T10:21:23,100.0,18.25,B
2021-07-02T10:21:22,500.0,18.25,B
2021-07-02T10:21:20,500.0,18.25,B
2021-07-02T10:21:19,2000.0,18.2,S
2021-07-02T10:21:17,1000.0,18.25,B
2021-07-02T10:21:17,100.0,18.25,B
2021-07-02T10:21:15,500.0,18.25,B
2021-07-02T10:21:14,1000.0,18.25,B
2021-07-02T10:21:11,2000.0,18.25,B
2021-07-02T10:21:09,700.0,18.25,B
2021-07-02T10:21:03,300.0,18.25,B
2021-07-02T10:21:01,200.0,18.25,B
2021-07-02T10:21:01,200.0,18.25,B
2021-07-02T10:20:58,800.0,18.25,B
2021-07-02T10:20:55,100.0,18.25,B
2021-07-02T10:20:46,200.0,18.25,B
2021-07-02T10:20:39,100.0,18.25,B
2021-07-02T10:20:32,2000.0,18.25,B
2021-07-02T10:20:11,800.0,18.25,B
2021-07-02T10:20:08,1000.0,18.25,B
2021-07-02T10:20:06,300.0,18.25,B
2021-07-02T10:20:01,2500.0,18.25,B
2021-07-02T10:19:47,300.0,18.25,B
2021-07-02T10:19:45,600.0,18.25,B
2021-07-02T10:19:45,1500.0,18.25,B
2021-07-02T10:19:45,900.0,18.25,B
2021-07-02T10:19:42,1000.0,18.25,B
2021-07-02T10:19:34,500.0,18.25,B
2021-07-02T10:19:34,300.0,18.25,B
2021-07-02T10:19:33,400.0,18.25,B
2021-07-02T10:19:33,2900.0,18.25,B
2021-07-02T10:19:32,500.0,18.25,B
2021-07-02T10:19:30,3600.0,18.25,S
2021-07-02T10:19:30,4000.0,18.25,S
2021-07-02T10:19:30,1000.0,18.25,S
2021-07-02T10:19:30,900.0,18.25,S
2021-07-02T10:19:29,2000.0,18.25,S
2021-07-02T10:19:26,1000.0,18.25,S
2021-07-02T10:19:21,2000.0,18.25,S
2021-07-02T10:19:19,100.0,18.25,S
2021-07-02T10:19:18,200.0,18.25,S
2021-07-02T10:19:01,200.0,18.25,S
2021-07-02T10:19:01,500.0,18.25,S
2021-07-02T10:19:01,200.0,18.25,S
2021-07-02T10:18:57,300.0,18.25,S
2021-07-02T10:18:56,300.0,18.25,S
2021-07-02T10:18:56,500.0,18.25,S
2021-07-02T10:18:56,4500.0,18.25,S
2021-07-02T10:18:55,4700.0,18.25,S
2021-07-02T10:18:54,5000.0,18.25,S
2021-07-02T10:18:48,300.0,18.25,S
2021-07-02T10:18:44,2500.0,18.3,B
2021-07-02T10:18:36,2800.0,18.25,S
2021-07-02T10:18:29,5000.0,18.3,B
2021-07-02T10:18:29,200.0,18.25,S
2021-07-02T10:18:24,3000.0,18.3,B
2021-07-02T10:18:23,3000.0,18.25,S
2021-07-02T10:18:23,2500.0,18.25,S
2021-07-02T10:18:21,1000.0,18.25,S
2021-07-02T10:18:19,100.0,18.25,S
2021-07-02T10:18:16,500.0,18.3,B
2021-07-02T10:18:14,2000.0,18.25,S
2021-07-02T10:18:11,500.0,18.25,S
2021-07-02T10:18:09,3000.0,18.25,B
2021-07-02T10:18:09,400.0,18.3,B
2021-07-02T10:18:06,1000.0,18.25,B
2021-07-02T10:18:04,6300.0,18.25,B
2021-07-02T10:17:59,7200.0,18.3,B
2021-07-02T10:17:58,3200.0,18.3,B
2021-07-02T10:17:58,4300.0,18.3,B
2021-07-02T10:17:58,200.0,18.3,B
2021-07-02T10:17:58,500.0,18.3,B
2021-07-02T10:17:58,1200.0,18.3,B
2021-07-02T10:17:58,5200.0,18.3,B
2021-07-02T10:17:58,600.0,18.3,B
2021-07-02T10:17:58,1300.0,18.3,B
2021-07-02T10:17:58,1600.0,18.3,B
2021-07-02T10:17:58,2900.0,18.3,B
2021-07-02T10:17:58,1400.0,18.3,B
2021-07-02T10:17:58,20400.0,18.3,B
2021-07-02T10:17:54,2300.0,18.25,B
2021-07-02T10:17:53,100.0,18.25,B
2021-07-02T10:17:51,200.0,18.25,B
2021-07-02T10:17:50,1800.0,18.25,B
2021-07-02T10:17:49,3000.0,18.25,S
2021-07-02T10:17:49,9000.0,18.25,S
2021-07-02T10:17:47,2000.0,18.25,S
2021-07-02T10:17:45,3900.0,18.25,S
2021-07-02T10:17:44,1000.0,18.25,S
2021-07-02T10:17:41,100.0,18.25,S
2021-07-02T10:17:35,4500.0,18.25,S
2021-07-02T10:17:33,1000.0,18.25,S
2021-07-02T10:17:31,1000.0,18.25,S
2021-07-02T10:17:30,400.0,18.25,S
2021-07-02T10:17:30,3000.0,18.25,S
2021-07-02T10:17:28,10000.0,18.25,S
2021-07-02T10:17:28,7000.0,18.25,S
2021-07-02T10:17:27,1000.0,18.25,S
2021-07-02T10:17:26,200.0,18.25,S
2021-07-02T10:17:25,600.0,18.25,S
2021-07-02T10:17:25,12300.0,18.25,S
2021-07-02T10:17:25,100.0,18.25,S
2021-07-02T10:17:24,1000.0,18.25,S
2021-07-02T10:17:22,900.0,18.3,B
2021-07-02T10:17:22,400.0,18.25,S
2021-07-02T10:17:12,400.0,18.25,S
2021-07-02T10:17:09,400.0,18.25,S
2021-07-02T10:17:09,600.0,18.25,S
2021-07-02T10:17:09,3000.0,18.25,S
2021-07-02T10:17:07,100.0,18.25,S
2021-07-02T10:17:04,300.0,18.25,S
2021-07-02T10:17:03,2000.0,18.25,S
2021-07-02T10:17:00,2000.0,18.3,B
2021-07-02T10:17:00,2000.0,18.25,S
2021-07-02T10:16:59,1000.0,18.25,S
2021-07-02T10:16:58,1000.0,18.3,B
2021-07-02T10:16:57,10000.0,18.25,S
2021-07-02T10:16:55,1000.0,18.25,S
2021-07-02T10:16:54,1000.0,18.25,S
2021-07-02T10:16:53,100.0,18.25,S
2021-07-02T10:16:51,1000.0,18.25,S
2021-07-02T10:16:47,300.0,18.25,S
2021-07-02T10:16:47,1000.0,18.25,S
2021-07-02T10:16:42,2000.0,18.3,B
2021-07-02T10:16:41,4600.0,18.25,S
2021-07-02T10:16:40,100.0,18.3,B
2021-07-02T10:16:40,3000.0,18.3,B
2021-07-02T10:16:39,300.0,18.25,S
2021-07-02T10:16:33,100.0,18.3,B
2021-07-02T10:16:33,7400.0,18.25,S
2021-07-02T10:16:33,3000.0,18.25,S
2021-07-02T10:16:33,1000.0,18.25,S
2021-07-02T10:16:30,2000.0,18.25,S
2021-07-02T10:16:28,3000.0,18.3,B
2021-07-02T10:16:25,800.0,18.25,S
2021-07-02T10:16:24,2000.0,18.3,B
2021-07-02T10:16:23,200.0,18.25,S
2021-07-02T10:16:23,2000.0,18.25,S
2021-07-02T10:16:22,2000.0,18.25,S
2021-07-02T10:16:20,2400.0,18.25,S
2021-07-02T10:16:20,1200.0,18.25,S
2021-07-02T10:16:18,2400.0,18.25,S
2021-07-02T10:16:15,200.0,18.25,S
2021-07-02T10:16:15,3000.0,18.25,S
2021-07-02T10:16:14,2300.0,18.25,S
2021-07-02T10:16:14,1700.0,18.25,S
2021-07-02T10:16:11,2000.0,18.25,S
2021-07-02T10:16:03,14500.0,18.25,S
2021-07-02T10:16:02,300.0,18.3,B
2021-07-02T10:16:00,100.0,18.3,B
2021-07-02T10:15:58,1000.0,18.3,B
2021-07-02T10:15:55,2400.0,18.25,S
2021-07-02T10:15:52,200.0,18.3,B
2021-07-02T10:15:51,300.0,18.3,B
2021-07-02T10:15:49,200.0,18.3,B
2021-07-02T10:15:44,500.0,18.3,B
2021-07-02T10:15:42,6000.0,18.25,S
2021-07-02T10:15:37,1000.0,18.3,B
2021-07-02T10:15:33,12500.0,18.3,B
2021-07-02T10:15:30,200.0,18.25,S
2021-07-02T10:15:23,10000.0,18.25,S
2021-07-02T10:15:20,2000.0,18.25,S
2021-07-02T10:15:19,100.0,18.3,B
2021-07-02T10:15:16,3000.0,18.3,B
2021-07-02T10:15:16,300.0,18.25,S
2021-07-02T10:15:15,100.0,18.3,B
2021-07-02T10:15:12,600.0,18.25,S
2021-07-02T10:15:12,6400.0,18.25,S
2021-07-02T10:15:10,1400.0,18.3,B
2021-07-02T10:15:07,200.0,18.25,S
2021-07-02T10:15:07,5000.0,18.25,S
2021-07-02T10:15:06,100.0,18.25,S
2021-07-02T10:15:03,300.0,18.3,B
2021-07-02T10:15:03,600.0,18.25,S
2021-07-02T10:15:01,600.0,18.3,B
2021-07-02T10:15:00,400.0,18.3,B
2021-07-02T10:14:57,300.0,18.3,B
2021-07-02T10:14:57,2000.0,18.3,B
2021-07-02T10:14:56,500.0,18.25,S
2021-07-02T10:14:55,500.0,18.3,B
2021-07-02T10:14:51,500.0,18.25,S
2021-07-02T10:14:50,1000.0,18.3,B
2021-07-02T10:14:48,1000.0,18.3,B
2021-07-02T10:14:48,100.0,18.25,S
2021-07-02T10:14:48,4300.0,18.3,B
2021-07-02T10:14:47,5000.0,18.25,S
2021-07-02T10:14:44,500.0,18.25,S
2021-07-02T10:14:39,100.0,18.3,B
2021-07-02T10:14:37,900.0,18.25,S
2021-07-02T10:14:35,500.0,18.3,B
2021-07-02T10:14:35,800.0,18.3,B
2021-07-02T10:14:34,200.0,18.3,B
2021-07-02T10:14:34,1000.0,18.3,B
2021-07-02T10:14:27,500.0,18.3,B
2021-07-02T10:14:27,100.0,18.3,B
2021-07-02T10:14:25,2300.0,18.3,B
2021-07-02T10:14:24,1000.0,18.3,B
2021-07-02T10:14:20,400.0,18.3,B
2021-07-02T10:14:20,200.0,18.3,B
2021-07-02T10:14:18,300.0,18.3,B
2021-07-02T10:14:18,2700.0,18.3,B
2021-07-02T10:14:18,3300.0,18.3,B
2021-07-02T10:14:14,2000.0,18.3,B
2021-07-02T10:14:12,200.0,18.25,S
2021-07-02T10:14:11,500.0,18.3,B
2021-07-02T10:14:07,1200.0,18.3,B
2021-07-02T10:14:04,500.0,18.25,S
2021-07-02T10:14:04,500.0,18.3,B
2021-07-02T10:14:02,2000.0,18.3,B
2021-07-02T10:14:01,100.0,18.3,B
2021-07-02T10:14:00,300.0,18.25,S
2021-07-02T10:13:59,7500.0,18.25,S
2021-07-02T10:13:59,500.0,18.25,S
2021-07-02T10:13:59,1900.0,18.25,S
2021-07-02T10:13:58,2000.0,18.25,S
2021-07-02T10:13:58,100.0,18.3,B
2021-07-02T10:13:57,3000.0,18.25,S
2021-07-02T10:13:55,500.0,18.3,B
2021-07-02T10:13:55,400.0,18.25,S
2021-07-02T10:13:52,3000.0,18.3,B
2021-07-02T10:13:51,5000.0,18.3,B
2021-07-02T10:13:51,600.0,18.25,S
2021-07-02T10:13:47,200.0,18.3,B
2021-07-02T10:13:47,3000.0,18.3,B
2021-07-02T10:13:45,500.0,18.3,B
2021-07-02T10:13:42,100.0,18.3,B
2021-07-02T10:13:37,3000.0,18.3,B
2021-07-02T10:13:35,100.0,18.3,B
2021-07-02T10:13:31,100.0,18.3,B
2021-07-02T10:13:31,100.0,18.3,B
2021-07-02T10:13:30,7000.0,18.3,B
2021-07-02T10:13:21,10000.0,18.3,S
2021-07-02T10:13:17,200.0,18.3,S
2021-07-02T10:13:17,1200.0,18.3,S
2021-07-02T10:13:16,1400.0,18.3,S
2021-07-02T10:13:13,300.0,18.3,S
2021-07-02T10:13:11,100.0,18.3,S
2021-07-02T10:13:08,1300.0,18.3,S
2021-07-02T10:13:06,5000.0,18.3,S
2021-07-02T10:13:04,100.0,18.3,S
2021-07-02T10:13:04,300.0,18.3,S
2021-07-02T10:13:01,1000.0,18.3,S
2021-07-02T10:12:57,3600.0,18.25,S
2021-07-02T10:12:57,9000.0,18.25,S
2021-07-02T10:12:57,5500.0,18.25,S
2021-07-02T10:12:57,2000.0,18.25,S
2021-07-02T10:12:57,2200.0,18.25,S
2021-07-02T10:12:57,2700.0,18.3,B
2021-07-02T10:12:56,1000.0,18.3,B
2021-07-02T10:12:55,400.0,18.3,B
2021-07-02T10:12:49,200.0,18.35,B
2021-07-02T10:12:46,400.0,18.35,B
2021-07-02T10:12:45,2200.0,18.3,B
2021-07-02T10:12:45,3000.0,18.3,B
2021-07-02T10:12:45,5000.0,18.3,B
2021-07-02T10:12:44,300.0,18.3,B
2021-07-02T10:12:43,1600.0,18.3,B
2021-07-02T10:12:41,400.0,18.3,B
2021-07-02T10:12:41,100.0,18.3,S
2021-07-02T10:12:40,200.0,18.3,S
2021-07-02T10:12:40,300.0,18.3,S
2021-07-02T10:12:40,9500.0,18.3,S
2021-07-02T10:12:40,1400.0,18.3,S
2021-07-02T10:12:40,600.0,18.3,S
2021-07-02T10:12:40,2300.0,18.3,S
2021-07-02T10:12:40,6000.0,18.3,S
2021-07-02T10:12:40,9500.0,18.3,S
2021-07-02T10:12:39,9800.0,18.3,S
2021-07-02T10:12:37,2000.0,18.3,S
2021-07-02T10:12:36,100.0,18.35,B
2021-07-02T10:12:34,300.0,18.3,S
2021-07-02T10:12:34,900.0,18.35,B
2021-07-02T10:12:34,1100.0,18.35,B
2021-07-02T10:12:28,200.0,18.3,S
2021-07-02T10:12:28,300.0,18.3,S
2021-07-02T10:12:28,500.0,18.3,S
2021-07-02T10:12:27,200.0,18.35,B
2021-07-02T10:12:27,800.0,18.35,B
2021-07-02T10:12:25,500.0,18.3,S
2021-07-02T10:12:12,1000.0,18.3,S
2021-07-02T10:12:11,1000.0,18.3,S
2021-07-02T10:12:08,3000.0,18.35,B
2021-07-02T10:12:08,1000.0,18.35,B
2021-07-02T10:12:01,1200.0,18.3,B
2021-07-02T10:12:01,300.0,18.3,B
2021-07-02T10:11:59,600.0,18.3,B
2021-07-02T10:11:58,19700.0,18.3,B
2021-07-02T10:11:57,1000.0,18.3,B
2021-07-02T10:11:55,500.0,18.3,B
2021-07-02T10:11:55,200.0,18.3,B
2021-07-02T10:11:55,5000.0,18.3,B
2021-07-02T10:11:55,2100.0,18.3,B
2021-07-02T10:11:54,500.0,18.3,B
2021-07-02T10:11:54,6000.0,18.3,B
2021-07-02T10:11:53,600.0,18.3,B
2021-07-02T10:11:49,2000.0,18.3,B
2021-07-02T10:11:47,100.0,18.3,B
2021-07-02T10:11:43,1400.0,18.3,B
2021-07-02T10:11:42,100.0,18.25,S
2021-07-02T10:11:39,7300.0,18.3,B
2021-07-02T10:11:39,3000.0,18.3,B
2021-07-02T10:11:39,1800.0,18.3,B
2021-07-02T10:11:39,7900.0,18.3,B
2021-07-02T10:11:34,700.0,18.3,B
2021-07-02T10:11:32,3200.0,18.3,B
2021-07-02T10:11:32,1200.0,18.3,B
2021-07-02T10:11:32,1400.0,18.3,B
2021-07-02T10:11:32,1600.0,18.3,B
2021-07-02T10:11:32,4600.0,18.3,B
2021-07-02T10:11:27,400.0,18.25,B
2021-07-02T10:11:27,3000.0,18.25,B
2021-07-02T10:11:26,2000.0,18.25,B
2021-07-02T10:11:25,300.0,18.25,B
2021-07-02T10:11:22,300.0,18.25,B
2021-07-02T10:11:21,700.0,18.25,B
2021-07-02T10:11:17,1000.0,18.25,B
2021-07-02T10:11:17,100.0,18.25,B
2021-07-02T10:11:13,2000.0,18.25,B
2021-07-02T10:11:13,100.0,18.2,S
2021-07-02T10:11:13,100.0,18.2,S
2021-07-02T10:11:05,1000.0,18.2,S
2021-07-02T10:11:03,500.0,18.25,B
2021-07-02T10:11:02,300.0,18.2,S
2021-07-02T10:11:02,500.0,18.2,S
2021-07-02T10:11:02,1000.0,18.2,B
2021-07-02T10:11:01,200.0,18.2,B
2021-07-02T10:11:00,1000.0,18.2,B
2021-07-02T10:11:00,2000.0,18.2,B
2021-07-02T10:11:00,6000.0,18.2,B
2021-07-02T10:11:00,500.0,18.2,B
2021-07-02T10:11:00,2000.0,18.2,B
2021-07-02T10:11:00,11200.0,18.2,B
2021-07-02T10:11:00,23100.0,18.2,B
2021-07-02T10:10:59,500.0,18.2,B
2021-07-02T10:10:59,10000.0,18.2,B
2021-07-02T10:10:54,800.0,18.15,S
2021-07-02T10:10:53,500.0,18.2,B
2021-07-02T10:10:53,2000.0,18.15,S
2021-07-02T10:10:51,800.0,18.2,B
2021-07-02T10:10:51,1300.0,18.2,B
2021-07-02T10:10:51,2900.0,18.2,B
2021-07-02T10:10:51,100.0,18.15,S
2021-07-02T10:10:50,400.0,18.15,S
2021-07-02T10:10:48,5000.0,18.2,B
2021-07-02T10:10:42,2500.0,18.2,B
2021-07-02T10:10:42,900.0,18.2,B
2021-07-02T10:10:42,2000.0,18.2,B
2021-07-02T10:10:40,200.0,18.2,B
2021-07-02T10:10:40,1600.0,18.2,B
2021-07-02T10:10:40,14900.0,18.2,B
2021-07-02T10:10:40,100.0,18.2,B
2021-07-02T10:10:38,500.0,18.2,B
2021-07-02T10:10:34,900.0,18.2,B
2021-07-02T10:10:33,3200.0,18.2,B
2021-07-02T10:10:29,100.0,18.2,B
2021-07-02T10:10:22,1100.0,18.2,B
2021-07-02T10:10:18,100.0,18.15,S
2021-07-02T10:10:17,2000.0,18.15,S
2021-07-02T10:10:16,3000.0,18.2,B
2021-07-02T10:10:11,500.0,18.2,B
2021-07-02T10:10:08,1500.0,18.15,B
2021-07-02T10:10:06,5000.0,18.2,B
2021-07-02T10:10:06,1300.0,18.15,B
2021-07-02T10:10:03,2000.0,18.2,B
2021-07-02T10:09:58,2000.0,18.15,B
2021-07-02T10:09:57,500.0,18.15,B
2021-07-02T10:09:55,400.0,18.15,B
2021-07-02T10:09:54,1000.0,18.15,B
2021-07-02T10:09:53,300.0,18.15,B
2021-07-02T10:09:52,500.0,18.15,B
2021-07-02T10:09:48,300.0,18.1,S
2021-07-02T10:09:45,200.0,18.1,S
2021-07-02T10:09:43,200.0,18.15,B
2021-07-02T10:09:43,1300.0,18.15,B
2021-07-02T10:09:39,600.0,18.15,B
2021-07-02T10:09:37,500.0,18.15,B
2021-07-02T10:09:34,200.0,18.15,B
2021-07-02T10:09:30,2000.0,18.1,S
2021-07-02T10:09:27,1700.0,18.1,S
2021-07-02T10:09:27,300.0,18.1,S
2021-07-02T10:09:26,400.0,18.15,B
2021-07-02T10:09:25,5000.0,18.2,B
2021-07-02T10:09:18,2000.0,18.1,S
2021-07-02T10:09:16,3400.0,18.2,B
2021-07-02T10:09:16,100.0,18.2,B
2021-07-02T10:09:16,5100.0,18.2,B
2021-07-02T10:09:16,3300.0,18.2,B
2021-07-02T10:09:16,8100.0,18.15,B
2021-07-02T10:09:13,500.0,18.1,S
2021-07-02T10:09:12,100.0,18.1,S
2021-07-02T10:09:08,200.0,18.1,S
2021-07-02T10:09:06,3000.0,18.15,B
2021-07-02T10:09:06,200.0,18.1,S
2021-07-02T10:09:04,1000.0,18.15,B
2021-07-02T10:09:02,5100.0,18.1,S
2021-07-02T10:09:01,100.0,18.1,S
2021-07-02T10:08:58,2000.0,18.15,B
2021-07-02T10:08:56,300.0,18.1,B
2021-07-02T10:08:56,1200.0,18.1,B
2021-07-02T10:08:56,6700.0,18.0,S
2021-07-02T10:08:55,13300.0,18.0,S
2021-07-02T10:08:53,100.0,18.1,B
2021-07-02T10:08:53,1900.0,18.1,B
2021-07-02T10:08:50,500.0,18.1,B
2021-07-02T10:08:50,200.0,18.1,B
2021-07-02T10:08:49,1000.0,18.1,B
2021-07-02T10:08:46,300.0,18.0,S
2021-07-02T10:08:45,200.0,18.0,S
2021-07-02T10:08:40,1000.0,18.1,B
2021-07-02T10:08:38,1000.0,18.1,B
2021-07-02T10:08:36,500.0,18.0,S
2021-07-02T10:08:35,35000.0,18.1,B
2021-07-02T10:08:32,6900.0,18.1,B
2021-07-02T10:08:31,8100.0,18.1,B
2021-07-02T10:08:29,200.0,18.0,S
2021-07-02T10:08:25,2000.0,18.0,B
2021-07-02T10:08:20,500.0,18.0,B
2021-07-02T10:08:20,600.0,18.0,B
2021-07-02T10:08:20,900.0,18.0,B
2021-07-02T10:08:20,100.0,18.0,B
2021-07-02T10:08:20,9900.0,18.0,B
2021-07-02T10:08:20,5400.0,18.0,B
2021-07-02T10:08:20,2600.0,18.0,B
2021-07-02T10:08:20,1000.0,18.0,B
2021-07-02T10:08:18,1700.0,18.0,B
2021-07-02T10:08:18,7600.0,18.0,B
2021-07-02T10:08:18,5000.0,18.0,B
2021-07-02T10:08:18,1500.0,18.0,B
2021-07-02T10:08:18,2900.0,18.0,B
2021-07-02T10:08:17,1000.0,18.0,B
2021-07-02T10:08:17,1000.0,18.0,B
2021-07-02T10:08:15,100.0,18.0,B
2021-07-02T10:08:14,17000.0,18.0,B
2021-07-02T10:08:11,800.0,18.0,B
2021-07-02T10:08:11,500.0,18.0,B
2021-07-02T10:08:11,5000.0,18.0,B
2021-07-02T10:08:11,1200.0,18.0,B
2021-07-02T10:08:08,5000.0,18.0,B
2021-07-02T10:08:07,5000.0,18.0,B
2021-07-02T10:08:06,10000.0,18.0,B
2021-07-02T10:08:04,200.0,18.0,B
2021-07-02T10:08:01,500.0,18.0,B
2021-07-02T10:08:00,1200.0,18.0,B
2021-07-02T10:08:00,8800.0,18.0,B
2021-07-02T10:08:00,200.0,18.0,B
2021-07-02T10:08:00,700.0,18.0,B
2021-07-02T10:08:00,3100.0,18.0,B
2021-07-02T10:07:58,800.0,18.0,B
2021-07-02T10:07:58,9200.0,18.0,B
2021-07-02T10:07:56,2900.0,18.0,B
2021-07-02T10:07:56,900.0,18.0,B
2021-07-02T10:07:56,3900.0,18.0,B
2021-07-02T10:07:56,2500.0,18.0,B
2021-07-02T10:07:56,400.0,18.0,B
2021-07-02T10:07:56,24400.0,18.0,B
2021-07-02T10:07:56,4600.0,18.0,B
2021-07-02T10:07:56,2800.0,18.0,B
2021-07-02T10:07:55,1000.0,18.0,B
2021-07-02T10:07:53,4000.0,18.0,B
2021-07-02T10:07:53,2200.0,18.0,B
2021-07-02T10:07:50,5000.0,18.0,B
2021-07-02T10:07:48,10000.0,18.0,B
2021-07-02T10:07:47,2000.0,18.0,B
2021-07-02T10:07:46,1000.0,18.0,B
2021-07-02T10:07:44,200.0,17.9,B
2021-07-02T10:07:43,2300.0,17.9,B
2021-07-02T10:07:40,1000.0,18.0,B
2021-07-02T10:07:40,500.0,18.0,B
2021-07-02T10:07:40,1000.0,18.0,B
2021-07-02T10:07:40,900.0,18.0,B
2021-07-02T10:07:40,1100.0,18.0,B
2021-07-02T10:07:40,8000.0,18.0,B
2021-07-02T10:07:39,3000.0,18.0,B
2021-07-02T10:07:38,200.0,17.95,B
2021-07-02T10:07:37,800.0,18.0,B
2021-07-02T10:07:35,10200.0,18.0,B
2021-07-02T10:07:35,10300.0,18.0,B
2021-07-02T10:07:35,5000.0,18.0,B
2021-07-02T10:07:35,4500.0,18.0,B
2021-07-02T10:07:33,1800.0,18.0,B
2021-07-02T10:07:33,200.0,17.95,B
2021-07-02T10:07:32,500.0,18.0,B
2021-07-02T10:07:25,300.0,18.0,B
2021-07-02T10:07:21,2200.0,18.0,B
2021-07-02T10:07:21,1200.0,18.0,B
2021-07-02T10:07:21,16600.0,18.0,B
2021-07-02T10:07:17,15000.0,17.95,B
2021-07-02T10:07:15,100.0,17.9,B
2021-07-02T10:07:15,1500.0,17.9,B
2021-07-02T10:07:15,18400.0,17.9,B
2021-07-02T10:07:05,5000.0,17.9,B
2021-07-02T10:06:59,4400.0,17.9,B
2021-07-02T10:06:59,7000.0,17.9,B
2021-07-02T10:06:59,300.0,17.9,B
2021-07-02T10:06:59,3100.0,17.9,B
2021-07-02T10:06:59,1800.0,17.9,B
2021-07-02T10:06:59,2500.0,17.9,B
2021-07-02T10:06:59,7200.0,17.9,B
2021-07-02T10:06:59,200.0,17.85,B
2021-07-02T10:06:59,21500.0,17.85,B
2021-07-02T10:06:59,1100.0,17.85,B
2021-07-02T10:06:59,900.0,17.85,B
2021-07-02T10:06:53,1000.0,17.85,B
2021-07-02T10:06:35,100.0,17.8,B
2021-07-02T10:06:34,2000.0,17.85,B
2021-07-02T10:06:30,1000.0,17.8,B
2021-07-02T10:06:19,3200.0,17.8,B
2021-07-02T10:06:19,2600.0,17.8,B
2021-07-02T10:06:19,9000.0,17.8,B
2021-07-02T10:06:19,1000.0,17.8,B
2021-07-02T10:06:19,54400.0,17.8,B
2021-07-02T10:06:18,100.0,17.8,B
2021-07-02T10:06:18,2500.0,17.8,B
2021-07-02T10:06:18,1000.0,17.8,B
2021-07-02T10:06:18,1400.0,17.8,B
2021-07-02T10:06:16,300.0,17.8,B
2021-07-02T10:06:14,400.0,17.8,B
2021-07-02T10:06:14,500.0,17.8,B
2021-07-02T10:06:13,3000.0,17.8,B
2021-07-02T10:06:13,1400.0,17.8,B
2021-07-02T10:06:11,1800.0,17.8,B
2021-07-02T10:06:11,1000.0,17.8,B
2021-07-02T10:06:11,100.0,17.8,B
2021-07-02T10:06:11,1000.0,17.8,B
2021-07-02T10:06:09,1200.0,17.8,B
2021-07-02T10:06:09,1800.0,17.8,B
2021-07-02T10:06:07,300.0,17.8,B
2021-07-02T10:06:05,1700.0,17.8,B
2021-07-02T10:06:04,2700.0,17.8,B
2021-07-02T10:06:04,4300.0,17.8,B
2021-07-02T10:06:04,1000.0,17.8,B
2021-07-02T10:06:04,300.0,17.8,B
2021-07-02T10:06:03,1000.0,17.8,B
2021-07-02T10:06:02,1000.0,17.8,B
2021-07-02T10:06:01,200.0,17.8,B
2021-07-02T10:05:59,2000.0,17.8,B
2021-07-02T10:05:58,500.0,17.8,B
2021-07-02T10:05:54,2000.0,17.8,B
2021-07-02T10:05:54,5900.0,17.8,B
2021-07-02T10:05:52,500.0,17.8,B
2021-07-02T10:05:52,5000.0,17.8,B
2021-07-02T10:05:51,2700.0,17.8,B
2021-07-02T10:05:43,1200.0,17.8,B
2021-07-02T10:05:40,2000.0,17.8,B
2021-07-02T10:05:40,10000.0,17.8,B
2021-07-02T10:05:39,4000.0,17.8,B
2021-07-02T10:05:35,1500.0,17.8,B
2021-07-02T10:05:33,100.0,17.8,B
2021-07-02T10:05:29,1000.0,17.8,B
2021-07-02T10:05:25,9000.0,17.8,B
2021-07-02T10:05:22,100.0,17.8,B
2021-07-02T10:05:15,10000.0,17.8,B
2021-07-02T10:05:06,600.0,17.8,B
2021-07-02T10:05:04,1000.0,17.8,B
2021-07-02T10:05:03,2000.0,17.75,S
2021-07-02T10:05:02,1800.0,17.75,S
2021-07-02T10:04:57,300.0,17.8,B
2021-07-02T10:04:57,1000.0,17.75,S
2021-07-02T10:04:52,300.0,17.75,S
2021-07-02T10:04:43,3000.0,17.8,B
2021-07-02T10:04:37,1000.0,17.75,S
2021-07-02T10:04:26,8100.0,17.75,B
2021-07-02T10:04:25,500.0,17.75,B
2021-07-02T10:04:24,100.0,17.75,B
2021-07-02T10:04:22,2000.0,17.75,B
2021-07-02T10:04:22,12000.0,17.75,B
2021-07-02T10:04:21,1700.0,17.75,B
2021-07-02T10:04:21,11000.0,17.75,B
2021-07-02T10:04:18,2000.0,17.75,B
2021-07-02T10:04:11,1700.0,17.75,B
2021-07-02T10:04:06,500.0,17.75,B
2021-07-02T10:03:58,200.0,17.75,B
2021-07-02T10:03:56,6200.0,17.75,B
2021-07-02T10:03:56,5500.0,17.75,B
2021-07-02T10:03:56,5000.0,17.75,B
2021-07-02T10:03:56,2100.0,17.75,B
2021-07-02T10:03:56,4000.0,17.75,B
2021-07-02T10:03:56,4400.0,17.75,B
2021-07-02T10:03:56,1900.0,17.75,B
2021-07-02T10:03:56,3800.0,17.75,B
2021-07-02T10:03:56,17700.0,17.75,B
2021-07-02T10:03:56,9400.0,17.75,B
2021-07-02T10:03:56,1000.0,17.75,B
2021-07-02T10:03:45,2000.0,17.75,B
2021-07-02T10:03:45,500.0,17.75,B
2021-07-02T10:03:40,5000.0,17.75,B
2021-07-02T10:03:36,4000.0,17.75,B
2021-07-02T10:03:30,5000.0,17.75,B
2021-07-02T10:03:24,3200.0,17.7,S
2021-07-02T10:03:23,3000.0,17.75,B
2021-07-02T10:03:22,1000.0,17.75,B
2021-07-02T10:03:22,5000.0,17.75,B
2021-07-02T10:03:14,1000.0,17.75,B
2021-07-02T10:03:14,4300.0,17.75,B
2021-07-02T10:02:58,1000.0,17.7,S
2021-07-02T10:02:24,1000.0,17.75,B
2021-07-02T10:02:22,400.0,17.7,B
2021-07-02T10:02:20,100.0,17.7,B
2021-07-02T10:02:16,1000.0,17.7,B
2021-07-02T10:02:14,5000.0,17.7,B
2021-07-02T10:02:12,500.0,17.7,B
2021-07-02T10:02:01,6500.0,17.75,B
2021-07-02T10:02:01,300.0,17.7,B
2021-07-02T10:01:55,700.0,17.7,B
2021-07-02T10:01:43,25000.0,17.75,B
2021-07-02T10:01:37,1200.0,17.7,S
2021-07-02T10:01:32,3000.0,17.7,S
2021-07-02T10:01:32,2200.0,17.7,S
2021-07-02T10:01:32,7100.0,17.7,S
2021-07-02T10:01:25,1000.0,17.7,S
2021-07-02T10:01:14,800.0,17.7,S
2021-07-02T10:01:11,3000.0,17.7,S
2021-07-02T10:01:09,4000.0,17.7,S
2021-07-02T10:01:09,1200.0,17.7,S
2021-07-02T10:01:08,3000.0,17.7,S
2021-07-02T10:01:07,300.0,17.7,S
2021-07-02T10:01:07,200.0,17.75,B
2021-07-02T10:01:06,1000.0,17.7,S
2021-07-02T10:01:06,10000.0,17.7,S
2021-07-02T10:01:04,300.0,17.7,S
2021-07-02T10:01:03,9500.0,17.75,B
2021-07-02T10:01:02,100.0,17.75,B
2021-07-02T10:01:01,2800.0,17.7,S
2021-07-02T10:00:44,5000.0,17.75,B
2021-07-02T10:00:44,2000.0,17.7,S
2021-07-02T10:00:44,6700.0,17.7,S
2021-07-02T10:00:39,1000.0,17.7,S
2021-07-02T09:59:58,500.0,17.7,S
2021-07-02T09:59:58,900.0,17.7,S
2021-07-02T09:59:48,5900.0,17.7,S
2021-07-02T09:59:38,5000.0,17.7,S
2021-07-02T09:59:32,1000.0,17.7,S
2021-07-02T09:59:05,100.0,17.75,B
2021-07-02T09:59:05,2300.0,17.75,B
2021-07-02T09:58:51,1400.0,17.7,S
2021-07-02T09:58:28,1000.0,17.7,S
2021-07-02T09:58:18,100.0,17.7,S
2021-07-02T09:58:08,19000.0,17.7,S
2021-07-02T09:58:06,600.0,17.7,S
2021-07-02T09:57:50,3100.0,17.7,S
2021-07-02T09:57:47,300.0,17.7,S
2021-07-02T09:57:24,6400.0,17.7,B
2021-07-02T09:57:15,900.0,17.7,B
2021-07-02T09:57:02,2000.0,17.65,S
2021-07-02T09:56:59,900.0,17.7,B
2021-07-02T09:56:59,4200.0,17.7,B
2021-07-02T09:56:59,300.0,17.7,B
2021-07-02T09:56:59,700.0,17.7,B
2021-07-02T09:56:59,6700.0,17.7,B
2021-07-02T09:56:59,800.0,17.7,B
2021-07-02T09:56:59,3000.0,17.7,B
2021-07-02T09:56:59,1000.0,17.7,B
2021-07-02T09:56:59,19200.0,17.7,B
2021-07-02T09:56:59,13700.0,17.7,B
2021-07-02T09:56:59,200.0,17.7,B
2021-07-02T09:56:59,2000.0,17.7,B
2021-07-02T09:56:59,600.0,17.7,B
2021-07-02T09:56:59,1100.0,17.7,B
2021-07-02T09:56:59,2500.0,17.7,B
2021-07-02T09:56:40,5000.0,17.7,B
2021-07-02T09:56:38,15000.0,17.65,S
2021-07-02T09:56:32,6300.0,17.7,B
2021-07-02T09:56:31,200.0,17.7,B
2021-07-02T09:56:14,500.0,17.7,B
2021-07-02T09:56:08,900.0,17.7,B
2021-07-02T09:56:08,3400.0,17.7,B
2021-07-02T09:55:50,5100.0,17.7,B
2021-07-02T09:55:41,300.0,17.7,B
2021-07-02T09:55:40,13000.0,17.7,B
2021-07-02T09:55:39,3700.0,17.7,B
2021-07-02T09:55:38,2000.0,17.7,B
2021-07-02T09:55:35,2000.0,17.7,B
2021-07-02T09:55:32,1000.0,17.65,S
2021-07-02T09:55:27,1000.0,17.7,B
2021-07-02T09:55:21,3000.0,17.7,B
2021-07-02T09:55:21,1700.0,17.7,B
2021-07-02T09:55:20,1800.0,17.7,B
2021-07-02T09:55:18,3600.0,17.7,B
2021-07-02T09:55:18,500.0,17.65,S
2021-07-02T09:54:59,800.0,17.7,B
2021-07-02T09:54:55,100.0,17.7,B
2021-07-02T09:54:47,100.0,17.7,B
2021-07-02T09:54:39,100.0,17.7,B
2021-07-02T09:54:39,2000.0,17.65,S
2021-07-02T09:54:15,1900.0,17.7,B
2021-07-02T09:54:05,200.0,17.7,B
2021-07-02T09:54:03,2900.0,17.7,B
2021-07-02T09:54:02,300.0,17.7,B
2021-07-02T09:53:58,1200.0,17.7,B
2021-07-02T09:53:55,5000.0,17.7,B
2021-07-02T09:53:54,3600.0,17.7,B
2021-07-02T09:53:23,400.0,17.7,B
2021-07-02T09:53:23,400.0,17.7,B
2021-07-02T09:53:10,4500.0,17.7,B
2021-07-02T09:53:04,300.0,17.7,B
2021-07-02T09:53:02,500.0,17.65,S
2021-07-02T09:52:41,1300.0,17.7,B
2021-07-02T09:52:35,500.0,17.7,B
2021-07-02T09:52:18,5200.0,17.7,B
2021-07-02T09:52:13,4500.0,17.65,S
2021-07-02T09:52:08,1600.0,17.7,B
2021-07-02T09:51:50,3600.0,17.7,B
2021-07-02T09:51:48,100.0,17.65,S
2021-07-02T09:51:45,3000.0,17.65,S
2021-07-02T09:51:41,2500.0,17.7,B
2021-07-02T09:51:35,1200.0,17.7,B
2021-07-02T09:51:35,100.0,17.7,B
2021-07-02T09:51:26,400.0,17.65,S
2021-07-02T09:51:23,500.0,17.65,S
2021-07-02T09:51:13,100.0,17.7,B
2021-07-02T09:51:01,1500.0,17.65,S
2021-07-02T09:50:43,3000.0,17.7,B
2021-07-02T09:50:38,3000.0,17.65,S
2021-07-02T09:50:01,500.0,17.65,S
2021-07-02T09:49:59,5000.0,17.7,B
2021-07-02T09:49:54,100.0,17.65,S
2021-07-02T09:49:54,100.0,17.65,S
2021-07-02T09:49:43,200.0,17.65,S
2021-07-02T09:49:38,2400.0,17.65,S
2021-07-02T09:49:23,100.0,17.65,S
2021-07-02T09:48:43,4000.0,17.65,S
2021-07-02T09:47:52,2000.0,17.65,S
2021-07-02T09:47:40,300.0,17.65,S
2021-07-02T09:47:38,2000.0,17.7,B
2021-07-02T09:47:22,200.0,17.65,S
2021-07-02T09:46:46,2800.0,17.65,S
2021-07-02T09:46:27,100.0,17.65,S
2021-07-02T09:45:59,1000.0,17.65,S
2021-07-02T09:45:58,300.0,17.65,S
2021-07-02T09:45:39,600.0,17.65,S
2021-07-02T09:45:35,100.0,17.65,S
2021-07-02T09:45:34,900.0,17.65,S
2021-07-02T09:45:22,500.0,17.65,S
2021-07-02T09:45:14,500.0,17.65,S
2021-07-02T09:44:58,400.0,17.65,S
2021-07-02T09:44:35,1000.0,17.65,S
2021-07-02T09:44:30,1000.0,17.65,S
2021-07-02T09:44:25,600.0,17.65,S
2021-07-02T09:43:32,500.0,17.65,S
2021-07-02T09:43:30,1300.0,17.65,S
2021-07-02T09:43:13,2400.0,17.65,S
2021-07-02T09:43:10,200.0,17.65,S
2021-07-02T09:42:52,500.0,17.65,S
2021-07-02T09:42:49,400.0,17.65,S
2021-07-02T09:42:31,3900.0,17.65,S
2021-07-02T09:42:23,200.0,17.65,S
2021-07-02T09:41:40,1000.0,17.65,S
2021-07-02T09:41:30,1300.0,17.65,S
2021-07-02T09:41:17,5000.0,17.65,S
2021-07-02T09:41:12,1000.0,17.65,B
2021-07-02T09:40:51,100.0,17.65,B
2021-07-02T09:40:47,100.0,17.7,B
2021-07-02T09:40:39,100.0,17.65,B
2021-07-02T09:40:38,3000.0,17.65,B
2021-07-02T09:40:36,900.0,17.6,S
2021-07-02T09:40:03,2400.0,17.65,B
2021-07-02T09:40:03,200.0,17.65,B
2021-07-02T09:40:03,500.0,17.65,B
2021-07-02T09:40:03,4700.0,17.65,B
2021-07-02T09:40:03,3000.0,17.65,B
2021-07-02T09:40:03,5000.0,17.65,B
2021-07-02T09:40:03,4200.0,17.65,B
2021-07-02T09:39:46,1000.0,17.6,S
2021-07-02T09:39:08,4000.0,17.6,S
2021-07-02T09:38:46,1000.0,17.6,S
2021-07-02T09:38:34,1000.0,17.65,B
2021-07-02T09:38:30,300.0,17.6,S
2021-07-02T09:38:20,1000.0,17.6,S
2021-07-02T09:38:11,5600.0,17.65,B
2021-07-02T09:38:01,8400.0,17.65,B
2021-07-02T09:37:50,1000.0,17.6,S
2021-07-02T09:37:45,1000.0,17.6,S
2021-07-02T09:37:15,1500.0,17.6,S
2021-07-02T09:36:58,3000.0,17.6,S
2021-07-02T09:36:44,300.0,17.6,S
2021-07-02T09:36:40,3600.0,17.65,B
2021-07-02T09:36:40,2000.0,17.6,S
2021-07-02T09:36:37,200.0,17.65,B
2021-07-02T09:36:34,6200.0,17.65,B
2021-07-02T09:36:32,500.0,17.6,S
2021-07-02T09:36:28,10000.0,17.55,S
2021-07-02T09:36:20,7000.0,17.65,B
2021-07-02T09:36:07,500.0,17.6,S
2021-07-02T09:36:07,11500.0,17.6,S
2021-07-02T09:36:00,2500.0,17.65,B
2021-07-02T09:35:49,1700.0,17.65,B
2021-07-02T09:35:32,700.0,17.65,B
2021-07-02T09:35:29,500.0,17.65,B
2021-07-02T09:35:23,3000.0,17.65,B
2021-07-02T09:34:53,500.0,17.65,B
2021-07-02T09:34:46,11000.0,17.65,B
2021-07-02T09:33:17,400.0,17.65,B
2021-07-02T09:33:17,900.0,17.6,B
2021-07-02T09:33:12,700.0,17.6,B
2021-07-02T09:33:10,1000.0,17.6,B
2021-07-02T09:33:06,1300.0,17.6,B
2021-07-02T09:33:04,500.0,17.6,B
2021-07-02T09:32:55,200.0,17.6,B
2021-07-02T09:32:55,1800.0,17.6,B
2021-07-02T09:32:54,100.0,17.6,B
2021-07-02T09:32:32,2600.0,17.6,B
2021-07-02T09:32:30,200.0,17.6,B
2021-07-02T09:32:30,300.0,17.6,B
2021-07-02T09:32:22,200.0,17.6,B
2021-07-02T09:32:14,500.0,17.6,B
2021-07-02T09:32:14,400.0,17.6,B
2021-07-02T09:32:14,100.0,17.6,B
2021-07-02T09:32:09,3000.0,17.6,B
2021-07-02T09:31:55,2800.0,17.6,B
2021-07-02T09:31:53,1400.0,17.6,B
2021-07-02T09:31:53,1000.0,17.55,S
2021-07-02T09:31:38,5000.0,17.6,B
2021-07-02T09:31:09,1000.0,17.6,B
2021-07-02T09:31:01,300.0,17.55,S
2021-07-02T09:30:41,5000.0,17.6,B
2021-07-02T09:30:38,300.0,17.6,B
2021-07-02T09:30:35,1000.0,17.6,B
2021-07-02T09:29:07,500.0,17.6,B
2021-07-02T09:29:01,2100.0,17.5,S
2021-07-02T09:29:01,2400.0,17.5,S
2021-07-02T09:29:01,5500.0,17.5,S
2021-07-02T09:28:47,16700.0,17.55,B
2021-07-02T09:28:37,100.0,17.5,S
2021-07-02T09:28:30,2000.0,17.5,S
2021-07-02T09:27:37,1000.0,17.55,S
2021-07-02T09:27:31,100.0,17.55,S
2021-07-02T09:27:23,200.0,17.55,S
2021-07-02T09:27:00,100.0,17.55,S
2021-07-02T09:26:58,100.0,17.6,B
2021-07-02T09:26:18,1000.0,17.55,S
2021-07-02T09:26:16,1000.0,17.55,S
2021-07-02T09:26:06,9000.0,17.5,S
2021-07-02T09:26:06,1500.0,17.5,S
2021-07-02T09:26:06,2700.0,17.5,S
2021-07-02T09:26:06,200.0,17.5,S
2021-07-02T09:26:06,5700.0,17.5,S
2021-07-02T09:26:06,1000.0,17.5,S
2021-07-02T09:26:05,4900.0,17.5,S
2021-07-02T09:25:41,100.0,17.6,B
2021-07-02T09:25:31,500.0,17.5,S
2021-07-02T09:25:28,2200.0,17.6,B
2021-07-02T09:25:13,100.0,17.6,B
2021-07-02T09:25:05,1200.0,17.6,B
2021-07-02T09:24:33,1000.0,17.6,B
2021-07-02T09:24:25,300.0,17.6,B
2021-07-02T09:24:16,100.0,17.5,S
2021-07-02T09:23:47,100.0,17.6,B
2021-07-02T09:23:45,100.0,17.6,B
2021-07-02T09:23:39,200.0,17.6,S
2021-07-02T09:23:31,2000.0,17.5,S
2021-07-02T09:23:31,22000.0,17.5,S
2021-07-02T09:23:23,3700.0,17.6,S
2021-07-02T09:23:20,700.0,17.65,B
2021-07-02T09:23:20,1000.0,17.6,S
2021-07-02T09:23:04,900.0,17.6,S
2021-07-02T09:23:01,500.0,17.65,B
2021-07-02T09:22:57,1500.0,17.6,S
2021-07-02T09:22:39,300.0,17.6,S
2021-07-02T09:22:21,200.0,17.6,S
2021-07-02T09:22:12,700.0,17.6,S
2021-07-02T09:22:12,1800.0,17.6,S
2021-07-02T09:21:55,500.0,17.65,B
2021-07-02T09:21:49,2000.0,17.6,S
2021-07-02T09:21:39,200.0,17.6,S
2021-07-02T09:21:37,2100.0,17.65,B
2021-07-02T09:21:14,1000.0,17.65,B
2021-07-02T09:21:04,300.0,17.65,B
2021-07-02T09:21:03,400.0,17.65,B
2021-07-02T09:21:02,500.0,17.65,B
2021-07-02T09:20:59,1000.0,17.65,B
2021-07-02T09:20:53,100.0,17.65,B
2021-07-02T09:20:26,300.0,17.65,B
2021-07-02T09:20:11,500.0,17.65,B
2021-07-02T09:20:05,100.0,17.65,B
2021-07-02T09:19:55,400.0,17.55,S
2021-07-02T09:19:50,700.0,17.65,B
2021-07-02T09:19:44,100.0,17.65,S
2021-07-02T09:19:35,200.0,17.65,S
2021-07-02T09:19:34,1000.0,17.65,S
2021-07-02T09:19:24,1000.0,17.65,S
2021-07-02T09:19:19,100.0,17.65,S
2021-07-02T09:19:11,3200.0,17.65,S
2021-07-02T09:19:11,1000.0,17.55,S
2021-07-02T09:19:11,5900.0,17.6,S
2021-07-02T09:18:41,100.0,17.65,S
2021-07-02T09:18:39,600.0,17.65,S
2021-07-02T09:18:30,5000.0,17.65,S
2021-07-02T09:18:28,500.0,17.65,S
2021-07-02T09:18:15,1000.0,17.65,S
2021-07-02T09:18:09,300.0,17.65,S
2021-07-02T09:18:08,1000.0,17.65,S
2021-07-02T09:18:06,5000.0,17.65,S
2021-07-02T09:18:04,2000.0,17.7,B
2021-07-02T09:17:45,200.0,17.7,B
2021-07-02T09:17:38,600.0,17.7,B
2021-07-02T09:17:37,1200.0,17.65,S
2021-07-02T09:17:27,3000.0,17.7,B
2021-07-02T09:16:51,500.0,17.7,B
2021-07-02T09:16:48,500.0,17.6,S
2021-07-02T09:16:38,1600.0,17.7,B
2021-07-02T09:16:27,1000.0,17.65,S
2021-07-02T09:16:25,900.0,17.65,S
2021-07-02T09:16:25,100.0,17.65,S
2021-07-02T09:16:23,100.0,17.65,S
2021-07-02T09:16:10,500.0,17.7,B
2021-07-02T09:16:07,300.0,17.7,B
2021-07-02T09:15:35,100.0,17.7,B
