tradingTime,volume,price,side
2021-07-02T13:19:55,600.0,49.3,S
2021-07-02T13:19:55,1500.0,49.3,S
2021-07-02T13:19:10,600.0,49.5,B
2021-07-02T13:18:13,600.0,49.5,B
2021-07-02T13:17:28,200.0,49.5,B
2021-07-02T13:14:28,200.0,49.5,B
2021-07-02T13:13:49,100.0,49.3,S
2021-07-02T13:13:47,100.0,49.5,B
2021-07-02T13:11:45,200.0,49.3,S
2021-07-02T13:10:38,100.0,49.3,S
2021-07-02T13:09:47,300.0,49.3,S
2021-07-02T13:09:47,2600.0,49.3,S
2021-07-02T13:08:45,4700.0,49.4,S
2021-07-02T13:06:35,1800.0,49.5,S
2021-07-02T13:06:10,500.0,49.7,S
2021-07-02T13:05:20,2500.0,49.7,S
2021-07-02T13:04:54,100.0,49.7,B
2021-07-02T13:04:47,400.0,49.7,S
2021-07-02T13:04:23,100.0,49.8,B
2021-07-02T13:02:25,1000.0,49.8,B
2021-07-02T13:00:40,100.0,49.5,B
2021-07-02T13:00:22,200.0,49.5,B
2021-07-02T13:00:20,2700.0,49.5,S
2021-07-02T11:28:19,1400.0,49.5,S
2021-07-02T11:28:18,3600.0,49.5,S
2021-07-02T11:26:13,200.0,49.9,B
2021-07-02T11:23:13,200.0,49.9,B
2021-07-02T11:19:35,100.0,49.8,S
2021-07-02T11:19:03,1000.0,49.8,S
2021-07-02T11:16:47,200.0,49.9,B
2021-07-02T11:14:56,100.0,49.9,B
2021-07-02T11:13:46,100.0,49.9,B
2021-07-02T11:10:14,2000.0,49.8,S
2021-07-02T11:09:00,1000.0,49.8,S
2021-07-02T11:08:37,3000.0,49.8,S
2021-07-02T11:08:24,500.0,49.9,B
2021-07-02T11:07:21,100.0,49.9,B
2021-07-02T11:06:49,500.0,49.8,S
2021-07-02T11:04:59,2800.0,49.8,S
2021-07-02T11:04:46,2300.0,49.8,B
2021-07-02T11:04:23,100.0,49.8,B
2021-07-02T11:02:45,500.0,49.8,B
2021-07-02T11:01:23,200.0,49.8,B
2021-07-02T10:58:23,100.0,49.7,B
2021-07-02T10:53:45,100.0,49.5,B
2021-07-02T10:53:18,100.0,49.5,B
2021-07-02T10:53:11,3900.0,49.5,S
2021-07-02T10:52:43,100.0,49.6,S
2021-07-02T10:52:24,100.0,49.5,S
2021-07-02T10:51:15,600.0,49.5,S
2021-07-02T10:50:01,3000.0,49.5,S
2021-07-02T10:47:41,400.0,49.6,B
2021-07-02T10:46:23,1000.0,49.5,B
2021-07-02T10:45:54,300.0,49.5,S
2021-07-02T10:45:54,3700.0,49.5,S
2021-07-02T10:45:46,3000.0,49.5,S
2021-07-02T10:45:30,1600.0,49.6,B
2021-07-02T10:44:44,100.0,49.9,B
2021-07-02T10:41:26,700.0,49.6,S
2021-07-02T10:38:33,1400.0,49.5,S
2021-07-02T10:38:02,600.0,49.6,S
2021-07-02T10:37:28,100.0,49.8,B
2021-07-02T10:36:59,3000.0,49.7,S
2021-07-02T10:36:42,6200.0,49.8,S
2021-07-02T10:36:12,3000.0,49.9,B
2021-07-02T10:34:47,100.0,49.9,B
2021-07-02T10:29:28,1000.0,49.9,S
2021-07-02T10:28:21,400.0,50.0,B
2021-07-02T10:28:18,500.0,50.0,S
2021-07-02T10:27:12,100.0,50.0,B
2021-07-02T10:26:48,1300.0,50.0,S
2021-07-02T10:26:48,3600.0,50.0,S
2021-07-02T10:26:45,500.0,50.0,S
2021-07-02T10:26:32,800.0,50.1,S
2021-07-02T10:26:24,2000.0,50.1,S
2021-07-02T10:25:45,1000.0,50.1,S
2021-07-02T10:25:40,400.0,50.1,S
2021-07-02T10:24:59,100.0,50.1,S
2021-07-02T10:24:24,500.0,50.1,S
2021-07-02T10:24:06,5300.0,50.1,B
2021-07-02T10:23:18,1000.0,50.0,S
2021-07-02T10:23:09,1000.0,50.0,S
2021-07-02T10:22:54,4000.0,50.0,S
2021-07-02T10:21:15,200.0,50.1,S
2021-07-02T10:21:10,200.0,50.2,B
2021-07-02T10:20:18,4000.0,50.1,S
2021-07-02T10:18:09,100.0,50.2,B
2021-07-02T10:17:23,500.0,50.1,S
2021-07-02T10:16:23,200.0,50.1,S
2021-07-02T10:16:11,200.0,50.1,S
2021-07-02T10:15:10,100.0,50.2,B
2021-07-02T10:12:10,100.0,50.2,B
2021-07-02T10:09:40,300.0,50.2,B
2021-07-02T10:09:10,200.0,50.2,B
2021-07-02T10:08:33,300.0,50.2,B
2021-07-02T10:07:32,300.0,50.2,S
2021-07-02T10:07:13,400.0,50.2,B
2021-07-02T10:06:45,3000.0,50.2,B
2021-07-02T10:06:10,100.0,50.2,B
2021-07-02T10:03:52,200.0,50.1,B
2021-07-02T10:02:35,1200.0,50.1,S
2021-07-02T10:02:34,3700.0,50.1,S
2021-07-02T10:02:33,5000.0,50.1,S
2021-07-02T10:01:45,1000.0,50.2,S
2021-07-02T10:01:35,3000.0,50.2,B
2021-07-02T10:01:02,800.0,50.2,B
2021-07-02T10:00:12,100.0,50.1,S
2021-07-02T09:59:42,500.0,50.1,S
2021-07-02T09:59:37,200.0,50.2,B
2021-07-02T09:56:59,600.0,50.2,B
2021-07-02T09:54:55,100.0,50.2,B
2021-07-02T09:54:15,8800.0,50.2,S
2021-07-02T09:54:08,500.0,50.2,S
2021-07-02T09:53:10,1000.0,50.2,S
2021-07-02T09:53:00,200.0,50.2,S
2021-07-02T09:52:35,300.0,50.2,S
2021-07-02T09:52:06,100.0,50.2,S
2021-07-02T09:51:06,100.0,50.2,B
2021-07-02T09:50:58,100.0,50.2,S
2021-07-02T09:50:53,500.0,50.2,S
2021-07-02T09:50:15,8000.0,50.2,S
2021-07-02T09:49:48,400.0,50.2,S
2021-07-02T09:49:38,100.0,50.3,B
2021-07-02T09:48:40,300.0,50.2,S
2021-07-02T09:48:36,2000.0,50.2,S
2021-07-02T09:48:26,1000.0,50.2,S
2021-07-02T09:48:06,300.0,50.2,S
2021-07-02T09:47:37,1000.0,50.2,S
2021-07-02T09:47:30,1000.0,50.2,S
2021-07-02T09:47:29,2400.0,50.2,B
2021-07-02T09:47:18,100.0,50.2,S
2021-07-02T09:47:05,4900.0,50.2,B
2021-07-02T09:46:38,100.0,50.2,B
2021-07-02T09:45:41,100.0,50.2,B
2021-07-02T09:44:09,500.0,50.2,B
2021-07-02T09:43:38,100.0,50.2,B
2021-07-02T09:42:11,700.0,50.2,B
2021-07-02T09:42:05,100.0,50.1,S
2021-07-02T09:40:54,1000.0,50.0,S
2021-07-02T09:39:57,10000.0,50.0,S
2021-07-02T09:39:45,1600.0,50.1,B
2021-07-02T09:39:24,200.0,50.1,B
2021-07-02T09:38:20,1000.0,50.1,B
2021-07-02T09:37:19,2200.0,50.1,S
2021-07-02T09:37:11,5000.0,50.1,S
2021-07-02T09:36:43,7200.0,50.2,B
2021-07-02T09:36:39,500.0,50.2,B
2021-07-02T09:36:16,3300.0,50.1,B
2021-07-02T09:36:09,100.0,50.1,B
2021-07-02T09:36:02,1000.0,50.1,B
2021-07-02T09:35:50,1000.0,50.1,B
2021-07-02T09:35:47,1000.0,50.1,B
2021-07-02T09:34:23,5100.0,50.0,B
2021-07-02T09:34:15,1000.0,50.0,B
2021-07-02T09:33:56,1000.0,50.0,B
2021-07-02T09:33:45,1300.0,49.9,S
2021-07-02T09:33:44,3700.0,49.9,S
2021-07-02T09:33:01,1000.0,49.9,S
2021-07-02T09:32:56,100.0,49.9,S
2021-07-02T09:32:47,100.0,49.9,S
2021-07-02T09:32:38,100.0,49.9,S
2021-07-02T09:32:29,100.0,49.9,S
2021-07-02T09:32:06,500.0,49.9,S
2021-07-02T09:30:26,300.0,50.0,B
2021-07-02T09:30:18,700.0,50.0,S
2021-07-02T09:30:13,10000.0,50.0,S
2021-07-02T09:29:56,500.0,50.0,S
2021-07-02T09:29:42,300.0,50.0,S
2021-07-02T09:28:09,1000.0,50.1,S
2021-07-02T09:28:06,200.0,50.1,S
2021-07-02T09:27:49,400.0,50.1,S
2021-07-02T09:27:39,2000.0,50.1,S
2021-07-02T09:27:28,400.0,50.1,S
2021-07-02T09:26:56,1000.0,50.1,S
2021-07-02T09:26:38,1000.0,50.1,S
2021-07-02T09:26:05,1000.0,50.1,S
2021-07-02T09:25:56,1100.0,50.2,B
2021-07-02T09:25:42,100.0,50.1,S
2021-07-02T09:25:09,300.0,50.1,S
2021-07-02T09:25:08,300.0,50.1,S
2021-07-02T09:24:59,500.0,50.1,S
2021-07-02T09:24:55,1000.0,50.1,S
2021-07-02T09:24:44,200.0,50.1,S
2021-07-02T09:24:28,2000.0,50.1,S
2021-07-02T09:24:03,600.0,50.1,S
2021-07-02T09:23:58,500.0,50.1,S
2021-07-02T09:23:55,300.0,50.1,S
2021-07-02T09:23:48,500.0,50.1,S
2021-07-02T09:23:40,100.0,50.2,B
2021-07-02T09:21:45,100.0,50.2,S
2021-07-02T09:21:38,500.0,50.2,S
2021-07-02T09:21:22,200.0,50.2,S
2021-07-02T09:21:21,100.0,50.2,S
2021-07-02T09:21:05,1100.0,50.2,B
2021-07-02T09:20:19,100.0,50.2,B
2021-07-02T09:20:15,100.0,50.2,B
2021-07-02T09:19:58,4200.0,50.2,S
2021-07-02T09:19:58,100.0,50.2,S
2021-07-02T09:19:55,100.0,50.3,B
2021-07-02T09:19:37,300.0,50.2,S
2021-07-02T09:19:03,400.0,50.2,S
2021-07-02T09:18:12,1200.0,50.3,B
2021-07-02T09:18:08,200.0,50.3,B
2021-07-02T09:18:02,1100.0,50.3,B
2021-07-02T09:18:01,100.0,50.3,S
2021-07-02T09:16:58,1000.0,50.3,S
2021-07-02T09:16:34,100.0,50.4,B
2021-07-02T09:15:01,1300.0,50.4,S
2021-07-02T09:14:49,100.0,50.4,S
2021-07-02T09:14:33,600.0,50.4,B
2021-07-02T09:14:31,1000.0,50.3,S
2021-07-02T09:14:24,1000.0,50.3,S
2021-07-02T09:14:08,400.0,50.3,S
2021-07-02T09:14:03,1700.0,50.4,S
2021-07-02T09:13:40,2100.0,50.4,B
2021-07-02T09:13:00,100.0,50.3,S
2021-07-02T09:12:40,200.0,50.3,S
2021-07-02T09:12:32,1000.0,50.3,S
2021-07-02T09:11:39,300.0,50.3,S
2021-07-02T09:11:08,200.0,50.3,S
2021-07-02T09:10:59,700.0,50.4,B
2021-07-02T09:10:48,500.0,50.3,S
2021-07-02T09:10:41,800.0,50.3,B
2021-07-02T09:10:38,2000.0,50.3,B
2021-07-02T09:10:25,200.0,50.3,B
2021-07-02T09:09:55,2000.0,50.3,B
2021-07-02T09:09:33,1000.0,50.4,B
2021-07-02T09:09:30,700.0,50.3,S
2021-07-02T09:09:30,3700.0,50.3,S
2021-07-02T09:09:25,700.0,50.3,S
2021-07-02T09:09:24,4300.0,50.3,S
2021-07-02T09:09:24,500.0,50.4,B
2021-07-02T09:09:16,1100.0,50.4,S
2021-07-02T09:09:11,500.0,50.4,S
2021-07-02T09:09:07,500.0,50.4,S
2021-07-02T09:09:02,4000.0,50.5,B
2021-07-02T09:08:57,500.0,50.4,S
2021-07-02T09:08:56,200.0,50.4,S
2021-07-02T09:08:39,200.0,50.4,S
2021-07-02T09:08:37,2000.0,50.4,B
2021-07-02T09:08:10,200.0,50.3,S
2021-07-02T09:06:55,1300.0,50.3,S
2021-07-02T09:06:53,1600.0,50.3,B
2021-07-02T09:04:57,400.0,50.3,S
2021-07-02T09:04:51,100.0,50.3,S
2021-07-02T09:04:42,100.0,50.3,S
2021-07-02T09:04:34,500.0,50.3,S
2021-07-02T09:04:15,500.0,50.3,S
2021-07-02T09:04:09,200.0,50.3,S
2021-07-02T09:04:04,1000.0,50.3,S
2021-07-02T09:03:49,3200.0,50.3,B
2021-07-02T09:03:32,3000.0,50.3,B
2021-07-02T09:03:09,100.0,50.0,S
2021-07-02T09:02:55,100.0,50.2,B
2021-07-02T09:02:40,2300.0,50.0,B
2021-07-02T09:02:38,600.0,50.0,B
2021-07-02T09:02:34,300.0,50.0,B
2021-07-02T09:02:27,600.0,50.0,B
2021-07-02T09:02:15,300.0,50.0,B
2021-07-02T09:02:15,1000.0,50.0,B
2021-07-02T09:02:11,2000.0,50.0,B
2021-07-02T09:02:06,100.0,50.0,B
2021-07-02T09:01:45,3000.0,50.0,B
2021-07-02T09:01:34,4000.0,50.0,B
2021-07-02T09:01:20,500.0,49.8,B
2021-07-02T09:01:09,500.0,49.7,S
2021-07-02T09:01:06,800.0,49.7,S
2021-07-02T09:01:04,3500.0,49.7,S
2021-07-02T09:01:04,2000.0,49.7,B
2021-07-02T09:00:50,100.0,49.7,B
2021-07-02T09:00:48,1700.0,49.5,B
