tradingTime,volume,price,side
2021-07-02T13:19:50,300.0,8.4,B
2021-07-02T13:18:26,2000.0,8.4,B
2021-07-02T13:17:06,300.0,8.4,B
2021-07-02T13:16:36,9500.0,8.4,B
2021-07-02T13:16:36,500.0,8.4,B
2021-07-02T13:13:42,4800.0,8.36,B
2021-07-02T13:12:03,200.0,8.36,B
2021-07-02T13:05:57,300.0,8.35,S
2021-07-02T13:05:54,900.0,8.35,S
2021-07-02T13:04:29,700.0,8.35,S
2021-07-02T13:03:08,5000.0,8.35,S
2021-07-02T13:02:44,300.0,8.35,S
2021-07-02T13:01:10,400.0,8.38,S
2021-07-02T13:00:30,1000.0,8.35,S
2021-07-02T13:00:16,2000.0,8.35,S
2021-07-02T13:00:16,500.0,8.4,B
2021-07-02T11:28:33,200.0,8.35,S
2021-07-02T11:28:33,3800.0,8.35,S
2021-07-02T11:22:34,3900.0,8.35,S
2021-07-02T11:18:30,1900.0,8.35,S
2021-07-02T11:17:14,400.0,8.38,S
2021-07-02T11:17:14,200.0,8.38,S
2021-07-02T11:15:49,2500.0,8.4,S
2021-07-02T11:14:40,5000.0,8.4,S
2021-07-02T11:13:39,1000.0,8.41,B
2021-07-02T11:13:14,1600.0,8.4,B
2021-07-02T11:12:54,100.0,8.4,B
2021-07-02T11:12:12,200.0,8.4,B
2021-07-02T11:11:47,1000.0,8.4,B
2021-07-02T11:10:44,5000.0,8.38,S
2021-07-02T11:09:16,3300.0,8.4,S
2021-07-02T11:07:32,100.0,8.44,B
2021-07-02T11:06:19,200.0,8.4,S
2021-07-02T11:05:17,2100.0,8.4,S
2021-07-02T11:05:05,400.0,8.44,B
2021-07-02T11:04:46,2600.0,8.44,B
2021-07-02T11:03:55,200.0,8.44,B
2021-07-02T11:03:02,400.0,8.45,B
2021-07-02T11:02:11,500.0,8.45,B
2021-07-02T11:01:11,100.0,8.45,B
2021-07-02T11:01:00,700.0,8.45,B
2021-07-02T11:00:34,600.0,8.45,S
2021-07-02T11:00:17,9400.0,8.45,B
2021-07-02T10:59:46,600.0,8.45,S
2021-07-02T10:59:36,900.0,8.45,B
2021-07-02T10:59:32,49100.0,8.45,S
2021-07-02T10:59:23,4900.0,8.46,B
2021-07-02T10:59:17,100.0,8.46,B
2021-07-02T10:58:52,2000.0,8.45,B
2021-07-02T10:58:42,5000.0,8.45,B
2021-07-02T10:58:18,600.0,8.45,B
2021-07-02T10:58:05,1000.0,8.45,B
2021-07-02T10:58:01,2200.0,8.45,B
2021-07-02T10:57:40,2000.0,8.45,B
2021-07-02T10:57:37,1000.0,8.4,S
2021-07-02T10:57:25,1000.0,8.45,B
2021-07-02T10:56:56,200.0,8.4,B
2021-07-02T10:56:56,4400.0,8.4,B
2021-07-02T10:56:50,400.0,8.4,B
2021-07-02T10:56:35,200.0,8.4,B
2021-07-02T10:56:34,4400.0,8.4,B
2021-07-02T10:56:34,7100.0,8.4,B
2021-07-02T10:56:33,8500.0,8.4,B
2021-07-02T10:56:13,100.0,8.4,B
2021-07-02T10:55:38,16300.0,8.38,B
2021-07-02T10:51:18,300.0,8.38,B
2021-07-02T10:50:22,5000.0,8.38,B
2021-07-02T10:49:29,500.0,8.38,B
2021-07-02T10:48:22,200.0,8.35,B
2021-07-02T10:48:06,1000.0,8.3,S
2021-07-02T10:47:25,30000.0,8.3,S
2021-07-02T10:47:11,3000.0,8.31,S
2021-07-02T10:46:38,2500.0,8.31,S
2021-07-02T10:45:31,600.0,8.31,B
2021-07-02T10:45:07,1000.0,8.31,B
2021-07-02T10:44:33,1000.0,8.3,S
2021-07-02T10:43:10,2000.0,8.3,S
2021-07-02T10:42:42,1000.0,8.31,B
2021-07-02T10:42:39,300.0,8.31,B
2021-07-02T10:42:21,1000.0,8.3,S
2021-07-02T10:41:51,200.0,8.31,B
2021-07-02T10:40:16,6500.0,8.3,S
2021-07-02T10:40:16,800.0,8.3,S
2021-07-02T10:40:16,12700.0,8.3,S
2021-07-02T10:40:10,5000.0,8.31,B
2021-07-02T10:39:36,100.0,8.31,B
2021-07-02T10:38:13,300.0,8.31,B
2021-07-02T10:37:13,100.0,8.3,S
2021-07-02T10:36:20,5000.0,8.3,S
2021-07-02T10:36:02,100.0,8.31,S
2021-07-02T10:36:02,10100.0,8.31,S
2021-07-02T10:35:10,1000.0,8.31,S
2021-07-02T10:33:23,5000.0,8.3,S
2021-07-02T10:32:04,1000.0,8.4,B
2021-07-02T10:30:48,1900.0,8.3,S
2021-07-02T10:30:47,2100.0,8.32,S
2021-07-02T10:30:32,1900.0,8.38,B
2021-07-02T10:29:28,1000.0,8.38,B
2021-07-02T10:28:48,7200.0,8.38,S
2021-07-02T10:28:35,10000.0,8.38,S
2021-07-02T10:28:28,1000.0,8.4,B
2021-07-02T10:28:21,300.0,8.4,B
2021-07-02T10:28:21,4700.0,8.39,B
2021-07-02T10:28:10,1000.0,8.39,B
2021-07-02T10:27:24,2000.0,8.39,B
2021-07-02T10:27:23,1000.0,8.39,B
2021-07-02T10:26:55,2900.0,8.39,B
2021-07-02T10:26:28,1800.0,8.38,B
2021-07-02T10:25:28,2000.0,8.32,S
2021-07-02T10:25:12,500.0,8.32,S
2021-07-02T10:24:02,5000.0,8.26,S
2021-07-02T10:22:12,2000.0,8.3,S
2021-07-02T10:18:21,2000.0,8.4,B
2021-07-02T10:17:51,200.0,8.35,B
2021-07-02T10:17:51,500.0,8.35,B
2021-07-02T10:17:34,300.0,8.3,B
2021-07-02T10:17:08,10000.0,8.3,B
2021-07-02T10:15:01,5000.0,8.25,S
2021-07-02T10:14:57,2000.0,8.3,B
2021-07-02T10:14:21,1000.0,8.3,B
2021-07-02T10:13:59,2000.0,8.3,B
2021-07-02T10:13:13,2000.0,8.3,B
2021-07-02T10:12:07,5000.0,8.3,B
2021-07-02T10:11:30,4000.0,8.25,S
2021-07-02T10:09:56,1000.0,8.3,B
2021-07-02T10:09:43,200.0,8.3,B
2021-07-02T10:09:20,1500.0,8.3,B
2021-07-02T10:09:11,4100.0,8.3,S
2021-07-02T10:08:59,500.0,8.3,S
2021-07-02T10:08:22,1000.0,8.3,S
2021-07-02T10:08:10,900.0,8.3,B
2021-07-02T10:08:05,500.0,8.3,B
2021-07-02T10:08:02,400.0,8.3,B
2021-07-02T10:07:58,6000.0,8.3,S
2021-07-02T10:07:58,1600.0,8.3,S
2021-07-02T10:07:58,7200.0,8.3,S
2021-07-02T10:07:58,23400.0,8.3,S
2021-07-02T10:04:25,1900.0,8.3,S
2021-07-02T10:04:21,200.0,8.4,B
2021-07-02T10:03:34,100.0,8.4,B
2021-07-02T10:01:13,200.0,8.3,B
2021-07-02T10:01:07,9600.0,8.3,B
2021-07-02T09:58:26,5000.0,8.27,S
2021-07-02T09:57:14,400.0,8.3,B
2021-07-02T09:56:32,100.0,8.3,B
2021-07-02T09:54:24,1600.0,8.3,B
2021-07-02T09:54:19,3300.0,8.3,S
2021-07-02T09:54:03,100.0,8.3,S
2021-07-02T09:53:29,100.0,8.3,S
2021-07-02T09:52:48,400.0,8.3,S
2021-07-02T09:52:07,2500.0,8.3,S
2021-07-02T09:51:39,400.0,8.4,S
2021-07-02T09:51:35,1500.0,8.4,S
2021-07-02T09:51:24,2200.0,8.41,S
2021-07-02T09:51:00,4000.0,8.41,S
2021-07-02T09:50:59,400.0,8.41,S
2021-07-02T09:50:17,900.0,8.41,S
2021-07-02T09:49:34,900.0,8.41,S
2021-07-02T09:49:34,100.0,8.45,S
2021-07-02T09:48:57,600.0,8.5,B
2021-07-02T09:47:37,3000.0,8.5,B
2021-07-02T09:47:37,2000.0,8.5,B
2021-07-02T09:47:29,100.0,8.5,B
2021-07-02T09:47:05,500.0,8.5,B
2021-07-02T09:46:57,5000.0,8.5,B
2021-07-02T09:46:55,200.0,8.5,B
2021-07-02T09:46:42,1800.0,8.5,B
2021-07-02T09:46:32,5000.0,8.5,B
2021-07-02T09:46:22,1000.0,8.5,B
2021-07-02T09:46:02,800.0,8.5,B
2021-07-02T09:45:50,3000.0,8.5,B
2021-07-02T09:45:03,20400.0,8.5,B
2021-07-02T09:44:55,1000.0,8.5,B
2021-07-02T09:44:49,500.0,8.5,B
2021-07-02T09:44:47,10600.0,8.4,B
2021-07-02T09:44:46,500.0,8.5,B
2021-07-02T09:44:45,1500.0,8.5,B
2021-07-02T09:44:45,700.0,8.48,B
2021-07-02T09:44:33,500.0,8.48,B
2021-07-02T09:44:29,500.0,8.48,B
2021-07-02T09:44:25,500.0,8.48,B
2021-07-02T09:44:22,500.0,8.48,B
2021-07-02T09:44:11,500.0,8.4,B
2021-07-02T09:43:56,1300.0,8.4,B
2021-07-02T09:43:56,600.0,8.4,B
2021-07-02T09:43:37,1000.0,8.4,B
2021-07-02T09:43:14,500.0,8.4,B
2021-07-02T09:43:11,500.0,8.4,B
2021-07-02T09:42:58,500.0,8.4,B
2021-07-02T09:41:37,2000.0,8.3,S
2021-07-02T09:41:05,100.0,8.3,B
2021-07-02T09:41:04,300.0,8.3,B
2021-07-02T09:40:52,300.0,8.3,B
2021-07-02T09:40:48,3000.0,8.3,B
2021-07-02T09:40:01,400.0,8.2,S
2021-07-02T09:39:24,1000.0,8.2,B
2021-07-02T09:39:24,19000.0,8.2,B
2021-07-02T09:39:03,200.0,8.18,B
2021-07-02T09:38:39,300.0,8.18,B
2021-07-02T09:38:31,400.0,8.18,B
2021-07-02T09:38:23,700.0,8.18,B
2021-07-02T09:38:09,2900.0,8.18,B
2021-07-02T09:35:32,4000.0,8.16,B
2021-07-02T09:35:04,25000.0,8.15,S
2021-07-02T09:34:57,500.0,8.15,B
2021-07-02T09:34:17,300.0,8.15,B
2021-07-02T09:34:04,2000.0,8.15,B
2021-07-02T09:33:08,4600.0,8.15,B
2021-07-02T09:32:49,2000.0,8.15,B
2021-07-02T09:31:49,3000.0,8.15,B
2021-07-02T09:31:33,1900.0,8.11,B
2021-07-02T09:31:04,1000.0,8.11,B
2021-07-02T09:30:27,2600.0,8.1,B
2021-07-02T09:30:03,1000.0,8.1,B
2021-07-02T09:29:37,1800.0,8.09,S
2021-07-02T09:29:27,10000.0,8.1,B
2021-07-02T09:29:15,3000.0,8.09,S
2021-07-02T09:29:08,400.0,8.09,S
2021-07-02T09:28:35,500.0,8.09,S
2021-07-02T09:28:03,5500.0,8.09,S
2021-07-02T09:27:47,1000.0,8.1,B
2021-07-02T09:27:35,4000.0,8.09,S
2021-07-02T09:27:30,20000.0,8.1,B
2021-07-02T09:27:00,1000.0,8.1,B
2021-07-02T09:26:35,8000.0,8.1,S
2021-07-02T09:26:35,30200.0,8.1,S
2021-07-02T09:26:34,3100.0,8.11,B
2021-07-02T09:26:18,400.0,8.11,B
2021-07-02T09:26:10,500.0,8.11,B
2021-07-02T09:25:48,100.0,8.11,B
2021-07-02T09:25:31,1000.0,8.11,B
2021-07-02T09:25:21,1000.0,8.1,S
2021-07-02T09:25:02,300.0,8.1,S
2021-07-02T09:24:52,1000.0,8.1,S
2021-07-02T09:24:47,7500.0,8.1,S
2021-07-02T09:24:47,29000.0,8.1,S
2021-07-02T09:24:47,200.0,8.1,S
2021-07-02T09:24:46,13300.0,8.1,S
2021-07-02T09:24:45,100.0,8.11,B
2021-07-02T09:24:34,7000.0,8.1,S
2021-07-02T09:24:23,100.0,8.11,B
2021-07-02T09:24:21,600.0,8.11,B
2021-07-02T09:22:49,500.0,8.1,B
2021-07-02T09:22:23,5000.0,8.1,B
2021-07-02T09:22:15,500.0,8.1,B
2021-07-02T09:22:13,1500.0,8.1,B
2021-07-02T09:22:13,100.0,8.1,B
2021-07-02T09:22:01,10000.0,8.1,B
2021-07-02T09:21:52,100.0,8.1,B
2021-07-02T09:21:44,20000.0,8.09,S
2021-07-02T09:21:25,400.0,8.1,B
2021-07-02T09:21:24,3300.0,8.09,S
2021-07-02T09:21:20,10000.0,8.1,B
2021-07-02T09:21:19,6000.0,8.09,S
2021-07-02T09:20:58,300.0,8.09,B
2021-07-02T09:20:07,500.0,8.09,B
2021-07-02T09:20:07,10000.0,8.1,B
2021-07-02T09:20:04,500.0,8.09,B
2021-07-02T09:19:49,2500.0,8.09,S
2021-07-02T09:19:45,100.0,8.1,S
2021-07-02T09:19:24,500.0,8.09,S
2021-07-02T09:19:07,800.0,8.1,S
2021-07-02T09:18:46,2000.0,8.09,S
2021-07-02T09:18:40,1800.0,8.07,S
2021-07-02T09:18:22,700.0,8.08,S
2021-07-02T09:18:20,5000.0,8.08,S
2021-07-02T09:17:56,4600.0,8.1,S
2021-07-02T09:17:51,1400.0,8.1,S
2021-07-02T09:17:47,100.0,8.1,S
2021-07-02T09:17:45,500.0,8.1,S
2021-07-02T09:17:31,9100.0,8.1,S
2021-07-02T09:17:17,200.0,8.1,S
2021-07-02T09:17:08,2000.0,8.1,S
2021-07-02T09:16:57,8900.0,8.09,S
2021-07-02T09:16:46,4100.0,8.1,B
2021-07-02T09:16:13,5900.0,8.1,S
2021-07-02T09:15:55,12000.0,8.1,S
