tradingTime,volume,price,side
2021-07-02T13:22:03,100.0,90.3,S
2021-07-02T13:22:03,100.0,90.4,B
2021-07-02T13:22:02,500.0,90.4,B
2021-07-02T13:21:57,200.0,90.4,B
2021-07-02T13:21:54,2000.0,90.4,B
2021-07-02T13:21:42,200.0,90.4,B
2021-07-02T13:21:39,500.0,90.4,B
2021-07-02T13:21:36,700.0,90.4,B
2021-07-02T13:21:28,200.0,90.3,S
2021-07-02T13:21:28,100.0,90.4,B
2021-07-02T13:21:27,500.0,90.4,B
2021-07-02T13:21:20,1000.0,90.4,B
2021-07-02T13:21:19,100.0,90.4,B
2021-07-02T13:21:10,100.0,90.4,B
2021-07-02T13:21:06,100.0,90.4,B
2021-07-02T13:21:04,900.0,90.4,B
2021-07-02T13:20:54,100.0,90.4,B
2021-07-02T13:20:46,100.0,90.4,B
2021-07-02T13:20:39,1300.0,90.4,S
2021-07-02T13:20:39,100.0,90.4,S
2021-07-02T13:20:34,100.0,90.4,S
2021-07-02T13:20:32,100.0,90.4,S
2021-07-02T13:20:32,3600.0,90.4,S
2021-07-02T13:20:32,2500.0,90.4,S
2021-07-02T13:20:32,1100.0,90.4,S
2021-07-02T13:20:32,200.0,90.4,S
2021-07-02T13:20:32,1300.0,90.4,S
2021-07-02T13:20:32,800.0,90.4,S
2021-07-02T13:20:32,100.0,90.4,S
2021-07-02T13:20:32,300.0,90.4,S
2021-07-02T13:20:31,1200.0,90.4,S
2021-07-02T13:20:24,1000.0,90.4,S
2021-07-02T13:20:22,3000.0,90.4,S
2021-07-02T13:20:22,300.0,90.4,S
2021-07-02T13:20:22,200.0,90.4,S
2021-07-02T13:20:22,600.0,90.4,S
2021-07-02T13:20:22,400.0,90.4,S
2021-07-02T13:20:22,1200.0,90.4,S
2021-07-02T13:20:22,300.0,90.4,S
2021-07-02T13:20:22,100.0,90.4,S
2021-07-02T13:20:22,200.0,90.4,S
2021-07-02T13:20:22,2500.0,90.4,S
2021-07-02T13:20:22,300.0,90.4,S
2021-07-02T13:20:22,4300.0,90.4,S
2021-07-02T13:20:22,3100.0,90.4,S
2021-07-02T13:20:22,500.0,90.4,S
2021-07-02T13:20:22,300.0,90.4,S
2021-07-02T13:20:22,1000.0,90.4,S
2021-07-02T13:20:22,600.0,90.4,S
2021-07-02T13:20:22,1300.0,90.4,S
2021-07-02T13:20:22,100.0,90.4,S
2021-07-02T13:20:22,5100.0,90.4,S
2021-07-02T13:20:22,4600.0,90.4,S
2021-07-02T13:20:01,600.0,90.4,S
2021-07-02T13:19:57,200.0,90.5,B
2021-07-02T13:19:57,200.0,90.5,B
2021-07-02T13:19:51,2400.0,90.5,S
2021-07-02T13:19:40,1000.0,90.5,S
2021-07-02T13:19:34,100.0,90.6,B
2021-07-02T13:19:31,600.0,90.6,B
2021-07-02T13:19:31,800.0,90.5,S
2021-07-02T13:19:30,100.0,90.5,S
2021-07-02T13:19:29,1300.0,90.5,S
2021-07-02T13:19:29,300.0,90.5,S
2021-07-02T13:19:29,100.0,90.5,S
2021-07-02T13:19:28,4100.0,90.5,S
2021-07-02T13:19:28,1400.0,90.5,S
2021-07-02T13:19:28,200.0,90.5,S
2021-07-02T13:19:28,1000.0,90.5,S
2021-07-02T13:19:28,200.0,90.5,S
2021-07-02T13:19:28,400.0,90.5,S
2021-07-02T13:19:27,300.0,90.5,S
2021-07-02T13:19:27,800.0,90.5,S
2021-07-02T13:19:27,2000.0,90.5,S
2021-07-02T13:19:27,200.0,90.5,S
2021-07-02T13:19:27,700.0,90.5,S
2021-07-02T13:19:27,200.0,90.5,S
2021-07-02T13:19:27,800.0,90.5,S
2021-07-02T13:19:27,500.0,90.5,S
2021-07-02T13:19:27,1000.0,90.5,S
2021-07-02T13:19:27,1200.0,90.5,S
2021-07-02T13:19:27,300.0,90.5,S
2021-07-02T13:19:26,300.0,90.5,S
2021-07-02T13:19:26,1300.0,90.5,S
2021-07-02T13:19:24,2000.0,90.5,S
2021-07-02T13:19:24,300.0,90.5,S
2021-07-02T13:19:24,700.0,90.5,S
2021-07-02T13:19:24,3800.0,90.5,S
2021-07-02T13:19:24,200.0,90.5,S
2021-07-02T13:19:24,600.0,90.5,S
2021-07-02T13:19:24,300.0,90.5,S
2021-07-02T13:19:23,2100.0,90.5,S
2021-07-02T13:19:23,600.0,90.5,S
2021-07-02T13:19:08,5500.0,90.5,S
2021-07-02T13:19:08,700.0,90.5,S
2021-07-02T13:19:08,200.0,90.5,S
2021-07-02T13:19:08,2300.0,90.5,S
2021-07-02T13:19:08,200.0,90.5,S
2021-07-02T13:19:08,800.0,90.5,S
2021-07-02T13:19:08,1800.0,90.5,S
2021-07-02T13:19:08,5500.0,90.5,S
2021-07-02T13:19:08,3900.0,90.5,S
2021-07-02T13:19:08,800.0,90.5,S
2021-07-02T13:19:08,700.0,90.5,S
2021-07-02T13:19:07,1100.0,90.5,S
2021-07-02T13:19:07,300.0,90.5,S
2021-07-02T13:19:07,200.0,90.5,S
2021-07-02T13:19:07,5200.0,90.5,S
2021-07-02T13:19:07,400.0,90.5,S
2021-07-02T13:19:07,300.0,90.5,S
2021-07-02T13:19:07,800.0,90.5,S
2021-07-02T13:19:07,11200.0,90.5,S
2021-07-02T13:19:07,400.0,90.5,S
2021-07-02T13:19:07,100.0,90.5,S
2021-07-02T13:19:07,200.0,90.5,S
2021-07-02T13:19:07,2600.0,90.5,S
2021-07-02T13:19:06,800.0,90.5,S
2021-07-02T13:19:06,1000.0,90.5,S
2021-07-02T13:19:06,200.0,90.5,S
2021-07-02T13:19:06,2100.0,90.5,S
2021-07-02T13:19:05,4100.0,90.5,S
2021-07-02T13:19:00,600.0,90.5,S
2021-07-02T13:18:58,100.0,90.5,S
2021-07-02T13:18:56,100.0,90.5,S
2021-07-02T13:18:56,900.0,90.5,S
2021-07-02T13:18:16,1000.0,90.5,S
2021-07-02T13:18:04,1000.0,90.5,S
2021-07-02T13:17:52,600.0,90.5,S
2021-07-02T13:17:36,100.0,90.6,B
2021-07-02T13:17:33,100.0,90.6,B
2021-07-02T13:17:33,600.0,90.6,B
2021-07-02T13:17:26,1400.0,90.6,B
2021-07-02T13:17:16,500.0,90.6,B
2021-07-02T13:16:47,200.0,90.6,B
2021-07-02T13:16:36,1000.0,90.5,S
2021-07-02T13:15:42,5000.0,90.5,S
2021-07-02T13:15:41,600.0,90.5,S
2021-07-02T13:15:29,500.0,90.6,B
2021-07-02T13:15:29,100.0,90.6,B
2021-07-02T13:15:25,1500.0,90.5,S
2021-07-02T13:15:08,100.0,90.6,B
2021-07-02T13:15:07,200.0,90.5,S
2021-07-02T13:15:00,100.0,90.6,B
2021-07-02T13:14:53,500.0,90.6,B
2021-07-02T13:14:53,500.0,90.6,B
2021-07-02T13:14:35,300.0,90.6,B
2021-07-02T13:14:33,100.0,90.6,B
2021-07-02T13:14:28,1200.0,90.6,B
2021-07-02T13:14:26,1800.0,90.6,B
2021-07-02T13:14:26,200.0,90.6,B
2021-07-02T13:14:25,1400.0,90.6,B
2021-07-02T13:14:25,400.0,90.6,B
2021-07-02T13:14:18,3700.0,90.6,B
2021-07-02T13:14:16,300.0,90.6,B
2021-07-02T13:13:46,500.0,90.6,B
2021-07-02T13:13:41,500.0,90.5,S
2021-07-02T13:13:27,600.0,90.6,B
2021-07-02T13:13:17,200.0,90.6,B
2021-07-02T13:13:13,200.0,90.6,B
2021-07-02T13:13:10,1100.0,90.6,B
2021-07-02T13:13:10,900.0,90.6,B
2021-07-02T13:13:10,100.0,90.6,B
2021-07-02T13:13:04,2100.0,90.6,B
2021-07-02T13:12:51,500.0,90.6,B
2021-07-02T13:12:51,100.0,90.5,S
2021-07-02T13:12:51,100.0,90.5,S
2021-07-02T13:12:51,1800.0,90.5,S
2021-07-02T13:12:51,600.0,90.5,S
2021-07-02T13:12:51,400.0,90.5,S
2021-07-02T13:12:28,300.0,90.5,S
2021-07-02T13:12:27,200.0,90.6,B
2021-07-02T13:12:06,500.0,90.6,B
2021-07-02T13:11:44,100.0,90.5,S
2021-07-02T13:11:41,400.0,90.6,B
2021-07-02T13:11:40,200.0,90.6,B
2021-07-02T13:11:33,100.0,90.6,B
2021-07-02T13:11:33,2000.0,90.5,S
2021-07-02T13:11:32,600.0,90.5,S
2021-07-02T13:11:27,600.0,90.6,B
2021-07-02T13:11:26,1600.0,90.6,B
2021-07-02T13:11:04,200.0,90.5,S
2021-07-02T13:11:00,500.0,90.5,S
2021-07-02T13:10:41,1000.0,90.5,S
2021-07-02T13:09:55,100.0,90.6,B
2021-07-02T13:09:48,1200.0,90.6,B
2021-07-02T13:09:46,2000.0,90.5,S
2021-07-02T13:09:42,200.0,90.6,B
2021-07-02T13:09:41,10000.0,90.6,B
2021-07-02T13:09:34,2100.0,90.6,B
2021-07-02T13:09:31,600.0,90.5,S
2021-07-02T13:09:28,600.0,90.6,B
2021-07-02T13:09:04,500.0,90.5,S
2021-07-02T13:08:55,100.0,90.5,S
2021-07-02T13:08:38,100.0,90.6,B
2021-07-02T13:07:49,500.0,90.6,B
2021-07-02T13:07:21,600.0,90.6,B
2021-07-02T13:07:16,200.0,90.5,S
2021-07-02T13:07:16,400.0,90.5,S
2021-07-02T13:07:13,300.0,90.6,B
2021-07-02T13:07:06,3000.0,90.6,B
2021-07-02T13:06:59,400.0,90.6,S
2021-07-02T13:06:59,2300.0,90.6,S
2021-07-02T13:06:59,1200.0,90.6,S
2021-07-02T13:06:59,1000.0,90.6,S
2021-07-02T13:06:59,9000.0,90.6,S
2021-07-02T13:06:59,700.0,90.6,S
2021-07-02T13:06:59,500.0,90.6,S
2021-07-02T13:06:59,1600.0,90.6,S
2021-07-02T13:06:58,800.0,90.6,S
2021-07-02T13:06:58,1000.0,90.6,S
2021-07-02T13:06:58,6500.0,90.6,S
2021-07-02T13:06:00,200.0,90.6,S
2021-07-02T13:05:18,600.0,90.7,B
2021-07-02T13:05:11,600.0,90.6,S
2021-07-02T13:04:44,100.0,90.7,B
2021-07-02T13:04:41,1500.0,90.7,B
2021-07-02T13:04:33,100.0,90.7,B
2021-07-02T13:03:52,900.0,90.6,S
2021-07-02T13:03:14,1000.0,90.6,S
2021-07-02T13:03:09,600.0,90.7,B
2021-07-02T13:03:07,600.0,90.6,S
2021-07-02T13:03:05,3200.0,90.6,S
2021-07-02T13:02:54,200.0,90.7,B
2021-07-02T13:02:20,3000.0,90.6,S
2021-07-02T13:01:40,4000.0,90.6,S
2021-07-02T13:01:28,300.0,90.6,S
2021-07-02T13:01:28,1700.0,90.6,S
2021-07-02T13:01:22,400.0,90.7,B
2021-07-02T13:01:15,600.0,90.6,S
2021-07-02T13:01:13,600.0,90.7,B
2021-07-02T13:00:31,400.0,90.7,B
2021-07-02T13:00:31,100.0,90.7,B
2021-07-02T13:00:29,100.0,90.6,S
2021-07-02T13:00:28,200.0,90.7,B
2021-07-02T13:00:28,100.0,90.7,B
2021-07-02T13:00:27,100.0,90.7,B
2021-07-02T13:00:24,3200.0,90.7,B
2021-07-02T13:00:24,300.0,90.6,S
2021-07-02T13:00:24,100.0,90.7,B
2021-07-02T13:00:24,100.0,90.7,B
2021-07-02T13:00:24,200.0,90.7,B
2021-07-02T13:00:22,100.0,90.7,B
2021-07-02T13:00:22,1000.0,90.6,S
2021-07-02T13:00:18,200.0,90.7,B
2021-07-02T13:00:18,2000.0,90.7,B
2021-07-02T13:00:16,200.0,90.7,B
2021-07-02T13:00:16,100.0,90.6,S
2021-07-02T13:00:14,400.0,90.7,B
2021-07-02T13:00:14,100.0,90.7,B
2021-07-02T13:00:14,400.0,90.6,S
2021-07-02T11:29:17,100.0,90.7,B
2021-07-02T11:29:15,900.0,90.7,B
2021-07-02T11:29:11,3600.0,90.7,B
2021-07-02T11:29:11,500.0,90.7,B
2021-07-02T11:29:09,300.0,90.7,B
2021-07-02T11:29:09,2700.0,90.7,B
2021-07-02T11:29:09,1100.0,90.7,B
2021-07-02T11:29:02,200.0,90.7,B
2021-07-02T11:28:57,2100.0,90.7,B
2021-07-02T11:28:42,100.0,90.6,S
2021-07-02T11:28:37,100.0,90.6,S
2021-07-02T11:28:37,100.0,90.6,S
2021-07-02T11:28:37,1700.0,90.6,S
2021-07-02T11:28:25,2000.0,90.6,S
2021-07-02T11:28:18,900.0,90.6,S
2021-07-02T11:28:17,100.0,90.6,S
2021-07-02T11:28:17,100.0,90.6,S
2021-07-02T11:27:42,400.0,90.7,B
2021-07-02T11:27:37,500.0,90.6,S
2021-07-02T11:27:23,200.0,90.7,B
2021-07-02T11:27:22,2100.0,90.7,B
2021-07-02T11:27:17,2000.0,90.6,S
2021-07-02T11:27:11,200.0,90.6,S
2021-07-02T11:27:01,500.0,90.6,S
2021-07-02T11:27:01,1000.0,90.6,S
2021-07-02T11:27:00,500.0,90.6,S
2021-07-02T11:26:16,100.0,90.6,S
2021-07-02T11:26:09,500.0,90.6,S
2021-07-02T11:25:40,600.0,90.7,B
2021-07-02T11:25:34,400.0,90.6,S
2021-07-02T11:25:09,2000.0,90.6,S
2021-07-02T11:24:59,300.0,90.6,S
2021-07-02T11:24:59,300.0,90.6,S
2021-07-02T11:24:34,200.0,90.6,S
2021-07-02T11:24:28,500.0,90.6,S
2021-07-02T11:24:04,6000.0,90.6,S
2021-07-02T11:23:26,700.0,90.7,B
2021-07-02T11:23:19,300.0,90.7,B
2021-07-02T11:22:48,600.0,90.6,S
2021-07-02T11:22:33,100.0,90.6,S
2021-07-02T11:21:21,700.0,90.7,B
2021-07-02T11:21:02,100.0,90.6,S
2021-07-02T11:21:02,800.0,90.6,S
2021-07-02T11:21:00,300.0,90.6,S
2021-07-02T11:20:53,600.0,90.6,S
2021-07-02T11:20:51,100.0,90.6,S
2021-07-02T11:20:29,2800.0,90.6,S
2021-07-02T11:19:57,400.0,90.6,S
2021-07-02T11:19:29,1000.0,90.6,S
2021-07-02T11:19:19,600.0,90.7,B
2021-07-02T11:18:59,3000.0,90.6,S
2021-07-02T11:18:34,600.0,90.6,S
2021-07-02T11:18:18,100.0,90.6,B
2021-07-02T11:18:13,5300.0,90.6,B
2021-07-02T11:18:07,6600.0,90.6,S
2021-07-02T11:18:07,1000.0,90.6,S
2021-07-02T11:18:07,1500.0,90.6,S
2021-07-02T11:18:07,200.0,90.6,S
2021-07-02T11:18:07,300.0,90.6,S
2021-07-02T11:18:07,400.0,90.6,S
2021-07-02T11:18:07,2300.0,90.6,S
2021-07-02T11:18:07,200.0,90.6,S
2021-07-02T11:18:07,600.0,90.6,S
2021-07-02T11:18:07,1000.0,90.6,S
2021-07-02T11:18:07,100.0,90.6,S
2021-07-02T11:18:07,300.0,90.6,S
2021-07-02T11:18:07,10400.0,90.6,S
2021-07-02T11:18:07,500.0,90.6,S
2021-07-02T11:18:07,100.0,90.6,S
2021-07-02T11:18:07,1000.0,90.6,S
2021-07-02T11:18:07,1900.0,90.6,S
2021-07-02T11:18:07,200.0,90.6,S
2021-07-02T11:18:07,500.0,90.6,S
2021-07-02T11:18:07,800.0,90.6,S
2021-07-02T11:18:07,1200.0,90.6,S
2021-07-02T11:18:07,100.0,90.6,S
2021-07-02T11:18:07,400.0,90.6,S
2021-07-02T11:18:07,700.0,90.6,S
2021-07-02T11:18:07,400.0,90.6,S
2021-07-02T11:18:07,3000.0,90.6,S
2021-07-02T11:18:07,300.0,90.6,S
2021-07-02T11:18:07,5600.0,90.6,S
2021-07-02T11:18:07,3000.0,90.6,S
2021-07-02T11:18:03,100.0,90.6,S
2021-07-02T11:17:25,400.0,90.6,S
2021-07-02T11:17:11,700.0,90.7,B
2021-07-02T11:16:23,300.0,90.6,S
2021-07-02T11:16:22,300.0,90.6,S
2021-07-02T11:15:58,3000.0,90.6,S
2021-07-02T11:15:40,600.0,90.7,B
2021-07-02T11:15:38,100.0,90.7,S
2021-07-02T11:15:18,1000.0,90.6,S
2021-07-02T11:15:00,600.0,90.8,B
2021-07-02T11:14:52,100.0,90.6,S
2021-07-02T11:14:44,200.0,90.8,B
2021-07-02T11:14:29,100.0,90.6,S
2021-07-02T11:14:22,600.0,90.6,S
2021-07-02T11:14:17,1000.0,90.7,B
2021-07-02T11:14:10,100.0,90.6,S
2021-07-02T11:13:45,500.0,90.7,S
2021-07-02T11:13:07,300.0,90.7,S
2021-07-02T11:13:02,300.0,90.8,B
2021-07-02T11:13:02,300.0,90.8,B
2021-07-02T11:12:25,500.0,90.6,S
2021-07-02T11:11:50,200.0,90.8,B
2021-07-02T11:11:45,100.0,90.8,B
2021-07-02T11:11:45,400.0,90.7,B
2021-07-02T11:11:45,1000.0,90.7,B
2021-07-02T11:11:44,200.0,90.7,B
2021-07-02T11:11:24,300.0,90.7,B
2021-07-02T11:11:22,100.0,90.7,B
2021-07-02T11:11:17,1000.0,90.7,B
2021-07-02T11:10:56,100.0,90.7,B
2021-07-02T11:10:53,600.0,90.7,B
2021-07-02T11:10:44,600.0,90.7,B
2021-07-02T11:10:21,200.0,90.7,B
2021-07-02T11:10:18,200.0,90.7,B
2021-07-02T11:10:14,600.0,90.6,S
2021-07-02T11:10:10,1900.0,90.7,B
2021-07-02T11:10:06,7200.0,90.7,S
2021-07-02T11:10:06,700.0,90.7,S
2021-07-02T11:10:06,8700.0,90.7,S
2021-07-02T11:09:59,100.0,90.7,S
2021-07-02T11:09:48,300.0,90.7,S
2021-07-02T11:09:14,1000.0,90.7,S
2021-07-02T11:09:09,1000.0,90.7,S
2021-07-02T11:08:51,600.0,90.8,B
2021-07-02T11:08:49,10000.0,90.7,S
2021-07-02T11:08:14,500.0,90.7,S
2021-07-02T11:08:10,700.0,90.7,S
2021-07-02T11:08:10,100.0,90.7,S
2021-07-02T11:08:10,300.0,90.7,S
2021-07-02T11:08:10,300.0,90.7,S
2021-07-02T11:08:10,2400.0,90.7,S
2021-07-02T11:08:10,1200.0,90.7,S
2021-07-02T11:07:25,1000.0,90.7,S
2021-07-02T11:06:50,600.0,90.8,B
2021-07-02T11:06:44,1000.0,90.7,S
2021-07-02T11:06:25,100.0,90.7,S
2021-07-02T11:06:09,600.0,90.7,S
2021-07-02T11:05:24,6200.0,90.7,S
2021-07-02T11:05:24,1800.0,90.7,S
2021-07-02T11:05:18,1000.0,90.7,S
2021-07-02T11:05:13,500.0,90.8,B
2021-07-02T11:05:12,1800.0,90.7,S
2021-07-02T11:04:45,600.0,90.8,B
2021-07-02T11:04:39,100.0,90.8,B
2021-07-02T11:04:33,100.0,90.7,S
2021-07-02T11:04:20,200.0,90.8,B
2021-07-02T11:04:08,500.0,90.7,S
2021-07-02T11:03:23,100.0,90.8,B
2021-07-02T11:03:18,200.0,90.8,B
2021-07-02T11:03:11,2000.0,90.8,B
2021-07-02T11:03:03,100.0,90.8,B
2021-07-02T11:02:35,700.0,90.8,B
2021-07-02T11:02:01,3000.0,90.7,S
2021-07-02T11:01:59,600.0,90.7,S
2021-07-02T11:01:38,1000.0,90.7,S
2021-07-02T11:01:20,200.0,90.7,S
2021-07-02T11:01:07,100.0,90.7,S
2021-07-02T11:00:50,100.0,90.7,S
2021-07-02T11:00:26,1000.0,90.7,S
2021-07-02T11:00:23,600.0,90.8,B
2021-07-02T10:59:54,6300.0,90.7,S
2021-07-02T10:59:54,13700.0,90.7,S
2021-07-02T10:59:49,500.0,90.7,S
2021-07-02T10:59:33,500.0,90.7,S
2021-07-02T10:58:24,600.0,90.8,B
2021-07-02T10:57:55,500.0,90.7,S
2021-07-02T10:57:48,500.0,90.7,S
2021-07-02T10:57:41,600.0,90.8,B
2021-07-02T10:57:38,500.0,90.8,B
2021-07-02T10:57:37,200.0,90.8,B
2021-07-02T10:57:35,5000.0,90.8,B
2021-07-02T10:57:29,2000.0,90.8,B
2021-07-02T10:57:24,100.0,90.8,B
2021-07-02T10:57:16,1400.0,90.8,B
2021-07-02T10:57:11,1000.0,90.7,S
2021-07-02T10:57:04,300.0,90.7,S
2021-07-02T10:56:47,500.0,90.7,S
2021-07-02T10:56:32,4400.0,90.7,B
2021-07-02T10:56:27,100.0,90.7,B
2021-07-02T10:56:22,200.0,90.7,B
2021-07-02T10:56:16,1000.0,90.7,B
2021-07-02T10:56:12,700.0,90.7,B
2021-07-02T10:56:06,100.0,90.7,B
2021-07-02T10:55:48,400.0,90.7,B
2021-07-02T10:55:42,100.0,90.7,S
2021-07-02T10:55:41,3600.0,90.7,S
2021-07-02T10:55:32,100.0,90.7,S
2021-07-02T10:54:51,600.0,90.7,S
2021-07-02T10:54:51,100.0,90.7,S
2021-07-02T10:54:51,9300.0,90.7,S
2021-07-02T10:54:35,200.0,90.7,S
2021-07-02T10:54:15,100.0,90.7,S
2021-07-02T10:54:06,600.0,90.8,B
2021-07-02T10:54:02,200.0,90.7,S
2021-07-02T10:53:51,1000.0,90.7,S
2021-07-02T10:53:48,200.0,90.7,S
2021-07-02T10:53:47,100.0,90.7,S
2021-07-02T10:53:30,600.0,90.7,S
2021-07-02T10:53:27,700.0,90.7,S
2021-07-02T10:53:18,6600.0,90.7,S
2021-07-02T10:53:16,700.0,90.7,S
2021-07-02T10:53:11,400.0,90.7,S
2021-07-02T10:52:48,2000.0,90.7,S
2021-07-02T10:52:41,1000.0,90.7,B
2021-07-02T10:52:28,200.0,90.7,B
2021-07-02T10:52:27,200.0,90.7,B
2021-07-02T10:52:22,100.0,90.7,S
2021-07-02T10:52:19,500.0,90.7,S
2021-07-02T10:52:19,100.0,90.7,S
2021-07-02T10:52:19,1400.0,90.7,S
2021-07-02T10:52:03,400.0,90.8,B
2021-07-02T10:52:03,200.0,90.8,B
2021-07-02T10:51:51,1500.0,90.7,S
2021-07-02T10:51:35,3000.0,90.7,S
2021-07-02T10:51:24,600.0,90.7,S
2021-07-02T10:51:20,200.0,90.8,B
2021-07-02T10:51:12,600.0,90.8,B
2021-07-02T10:51:12,1100.0,90.7,S
2021-07-02T10:51:12,100.0,90.7,S
2021-07-02T10:51:11,7800.0,90.7,S
2021-07-02T10:51:11,200.0,90.7,S
2021-07-02T10:50:21,200.0,90.8,B
2021-07-02T10:50:14,1800.0,90.7,S
2021-07-02T10:50:01,300.0,90.8,B
2021-07-02T10:49:51,700.0,90.8,B
2021-07-02T10:49:51,2000.0,90.7,S
2021-07-02T10:49:51,100.0,90.8,B
2021-07-02T10:49:48,100.0,90.7,S
2021-07-02T10:49:18,600.0,90.7,S
2021-07-02T10:49:16,300.0,90.7,S
2021-07-02T10:49:07,1100.0,90.7,S
2021-07-02T10:49:05,500.0,90.7,S
2021-07-02T10:49:02,900.0,90.7,S
2021-07-02T10:49:02,2100.0,90.7,S
2021-07-02T10:48:52,100.0,90.7,S
2021-07-02T10:48:52,600.0,90.7,S
2021-07-02T10:48:52,600.0,90.7,S
2021-07-02T10:48:52,100.0,90.7,S
2021-07-02T10:48:52,400.0,90.7,S
2021-07-02T10:48:27,200.0,90.7,S
2021-07-02T10:48:13,800.0,90.7,S
2021-07-02T10:47:58,10000.0,90.7,S
2021-07-02T10:47:55,1000.0,90.7,S
2021-07-02T10:47:40,700.0,90.8,B
2021-07-02T10:47:22,400.0,90.7,S
2021-07-02T10:47:22,100.0,90.7,S
2021-07-02T10:47:22,300.0,90.7,S
2021-07-02T10:47:22,800.0,90.7,S
2021-07-02T10:47:22,1100.0,90.7,S
2021-07-02T10:47:22,300.0,90.7,S
2021-07-02T10:47:22,300.0,90.7,S
2021-07-02T10:47:22,800.0,90.7,S
2021-07-02T10:47:22,200.0,90.7,S
2021-07-02T10:47:20,700.0,90.7,S
2021-07-02T10:47:19,200.0,90.7,S
2021-07-02T10:47:19,100.0,90.7,S
2021-07-02T10:47:19,200.0,90.7,S
2021-07-02T10:47:08,300.0,90.7,S
2021-07-02T10:46:54,100.0,90.7,S
2021-07-02T10:46:53,100.0,90.7,S
2021-07-02T10:46:52,100.0,90.8,B
2021-07-02T10:46:21,100.0,90.8,B
2021-07-02T10:46:17,1000.0,90.8,B
2021-07-02T10:45:33,700.0,90.8,B
2021-07-02T10:45:32,700.0,90.8,B
2021-07-02T10:45:20,400.0,90.7,S
2021-07-02T10:45:08,100.0,90.8,B
2021-07-02T10:45:06,600.0,90.7,S
2021-07-02T10:44:24,300.0,90.8,B
2021-07-02T10:44:18,400.0,90.8,B
2021-07-02T10:44:18,100.0,90.8,B
2021-07-02T10:44:18,2500.0,90.8,B
2021-07-02T10:44:17,200.0,90.7,S
2021-07-02T10:43:40,100.0,90.7,S
2021-07-02T10:43:28,200.0,90.8,B
2021-07-02T10:43:24,700.0,90.8,B
2021-07-02T10:43:23,100.0,90.8,B
2021-07-02T10:43:20,100.0,90.8,B
2021-07-02T10:43:13,700.0,90.8,B
2021-07-02T10:43:13,900.0,90.8,B
2021-07-02T10:43:10,1000.0,90.8,B
2021-07-02T10:43:06,100.0,90.7,S
2021-07-02T10:43:06,400.0,90.7,S
2021-07-02T10:42:38,1000.0,90.7,S
2021-07-02T10:42:35,600.0,90.8,B
2021-07-02T10:42:23,100.0,90.8,B
2021-07-02T10:42:19,100.0,90.8,B
2021-07-02T10:42:14,200.0,90.8,B
2021-07-02T10:42:13,1600.0,90.8,B
2021-07-02T10:42:10,100.0,90.7,S
2021-07-02T10:41:47,300.0,90.8,B
2021-07-02T10:41:44,300.0,90.8,B
2021-07-02T10:41:42,900.0,90.7,S
2021-07-02T10:41:39,2500.0,90.8,B
2021-07-02T10:41:37,300.0,90.8,B
2021-07-02T10:41:28,100.0,90.8,B
2021-07-02T10:41:15,100.0,90.8,B
2021-07-02T10:41:15,500.0,90.8,B
2021-07-02T10:41:07,200.0,90.7,S
2021-07-02T10:41:01,100.0,90.8,B
2021-07-02T10:40:51,600.0,90.7,S
2021-07-02T10:40:45,100.0,90.8,B
2021-07-02T10:40:40,100.0,90.8,B
2021-07-02T10:40:35,100.0,90.8,B
2021-07-02T10:40:32,100.0,90.7,S
2021-07-02T10:40:28,100.0,90.8,B
2021-07-02T10:40:24,1000.0,90.8,B
2021-07-02T10:40:24,100.0,90.8,B
2021-07-02T10:40:17,100.0,90.8,B
2021-07-02T10:40:17,200.0,90.7,S
2021-07-02T10:39:06,700.0,90.8,B
2021-07-02T10:39:03,200.0,90.7,S
2021-07-02T10:39:03,100.0,90.7,S
2021-07-02T10:39:01,1300.0,90.7,S
2021-07-02T10:38:57,200.0,90.7,S
2021-07-02T10:38:50,500.0,90.7,S
2021-07-02T10:38:44,600.0,90.7,S
2021-07-02T10:38:35,1000.0,90.7,S
2021-07-02T10:38:32,1000.0,90.7,S
2021-07-02T10:38:31,500.0,90.7,S
2021-07-02T10:38:00,300.0,90.7,S
2021-07-02T10:38:00,100.0,90.7,S
2021-07-02T10:38:00,9700.0,90.7,S
2021-07-02T10:37:40,300.0,90.7,S
2021-07-02T10:37:40,100.0,90.7,S
2021-07-02T10:37:40,1300.0,90.7,S
2021-07-02T10:37:06,600.0,90.8,B
2021-07-02T10:36:57,200.0,90.7,S
2021-07-02T10:36:50,600.0,90.7,S
2021-07-02T10:36:40,500.0,90.7,S
2021-07-02T10:36:25,200.0,90.8,B
2021-07-02T10:36:21,100.0,90.8,B
2021-07-02T10:36:19,100.0,90.8,B
2021-07-02T10:35:22,100.0,90.8,B
2021-07-02T10:35:12,100.0,90.8,B
2021-07-02T10:35:02,600.0,90.8,B
2021-07-02T10:34:59,100.0,90.7,S
2021-07-02T10:34:31,600.0,90.7,S
2021-07-02T10:34:14,200.0,90.8,B
2021-07-02T10:34:07,100.0,90.8,B
2021-07-02T10:34:05,200.0,90.8,B
2021-07-02T10:34:04,100.0,90.8,S
2021-07-02T10:34:04,200.0,90.8,S
2021-07-02T10:34:03,500.0,90.8,S
2021-07-02T10:33:59,1000.0,90.8,S
2021-07-02T10:33:35,1300.0,90.8,S
2021-07-02T10:33:35,1100.0,90.8,S
2021-07-02T10:33:35,1300.0,90.8,S
2021-07-02T10:33:35,100.0,90.8,S
2021-07-02T10:33:35,200.0,90.8,S
2021-07-02T10:33:35,1000.0,90.8,S
2021-07-02T10:33:32,2000.0,90.8,S
2021-07-02T10:33:14,500.0,90.8,S
2021-07-02T10:33:06,2800.0,90.8,S
2021-07-02T10:33:06,2200.0,90.8,S
2021-07-02T10:32:57,600.0,90.9,B
2021-07-02T10:32:49,200.0,90.8,S
2021-07-02T10:32:34,100.0,90.9,B
2021-07-02T10:32:32,500.0,90.8,S
2021-07-02T10:32:30,2000.0,90.8,S
2021-07-02T10:32:28,600.0,90.8,S
2021-07-02T10:32:20,2000.0,90.8,S
2021-07-02T10:32:19,100.0,90.8,S
2021-07-02T10:32:19,300.0,90.8,S
2021-07-02T10:32:06,200.0,90.8,B
2021-07-02T10:31:52,3000.0,90.8,B
2021-07-02T10:31:38,500.0,90.8,B
2021-07-02T10:31:36,100.0,90.8,B
2021-07-02T10:31:34,8700.0,90.8,B
2021-07-02T10:31:24,500.0,90.8,B
2021-07-02T10:31:10,100.0,90.8,B
2021-07-02T10:31:05,600.0,90.7,S
2021-07-02T10:31:05,400.0,90.8,B
2021-07-02T10:31:05,200.0,90.8,B
2021-07-02T10:30:51,200.0,90.7,S
2021-07-02T10:30:51,400.0,90.7,S
2021-07-02T10:30:47,700.0,90.8,B
2021-07-02T10:30:37,2000.0,90.7,S
2021-07-02T10:30:35,100.0,90.8,B
2021-07-02T10:30:18,600.0,90.7,S
2021-07-02T10:30:11,100.0,90.8,B
2021-07-02T10:30:08,700.0,90.8,B
2021-07-02T10:30:02,100.0,90.8,B
2021-07-02T10:29:53,600.0,90.8,B
2021-07-02T10:29:25,100.0,90.8,B
2021-07-02T10:29:23,100.0,90.8,B
2021-07-02T10:29:19,4100.0,90.7,S
2021-07-02T10:29:15,100.0,90.8,B
2021-07-02T10:28:57,500.0,90.8,B
2021-07-02T10:28:50,500.0,90.8,B
2021-07-02T10:28:44,200.0,90.8,B
2021-07-02T10:28:36,700.0,90.8,B
2021-07-02T10:28:17,200.0,90.8,B
2021-07-02T10:28:16,100.0,90.8,B
2021-07-02T10:28:14,100.0,90.8,B
2021-07-02T10:28:08,600.0,90.8,B
2021-07-02T10:28:08,1300.0,90.8,B
2021-07-02T10:28:08,600.0,90.7,S
2021-07-02T10:28:00,1000.0,90.7,S
2021-07-02T10:27:54,700.0,90.8,B
2021-07-02T10:27:47,6000.0,90.8,B
2021-07-02T10:27:29,100.0,90.7,S
2021-07-02T10:27:05,100.0,90.7,S
2021-07-02T10:26:39,100.0,90.7,S
2021-07-02T10:26:37,200.0,90.8,B
2021-07-02T10:26:26,600.0,90.8,B
2021-07-02T10:26:17,200.0,90.8,B
2021-07-02T10:26:11,100.0,90.8,B
2021-07-02T10:26:11,2000.0,90.8,B
2021-07-02T10:26:08,400.0,90.8,B
2021-07-02T10:26:06,1000.0,90.8,B
2021-07-02T10:26:01,4000.0,90.8,B
2021-07-02T10:26:00,600.0,90.7,S
2021-07-02T10:25:59,9000.0,90.8,B
2021-07-02T10:25:57,100.0,90.7,S
2021-07-02T10:25:33,1000.0,90.7,S
2021-07-02T10:25:25,1000.0,90.7,S
2021-07-02T10:25:25,100.0,90.7,S
2021-07-02T10:25:25,500.0,90.7,S
2021-07-02T10:25:22,500.0,90.8,B
2021-07-02T10:25:11,100.0,90.8,B
2021-07-02T10:24:27,600.0,90.8,B
2021-07-02T10:24:27,5000.0,90.8,B
2021-07-02T10:24:23,200.0,90.8,B
2021-07-02T10:24:22,2000.0,90.8,B
2021-07-02T10:24:19,600.0,90.8,B
2021-07-02T10:24:17,500.0,90.8,B
2021-07-02T10:24:13,1000.0,90.7,S
2021-07-02T10:24:11,100.0,90.8,B
2021-07-02T10:24:10,1200.0,90.8,B
2021-07-02T10:24:08,500.0,90.8,B
2021-07-02T10:23:50,600.0,90.7,S
2021-07-02T10:23:41,200.0,90.8,B
2021-07-02T10:23:31,300.0,90.8,B
2021-07-02T10:23:25,200.0,90.8,B
2021-07-02T10:23:24,100.0,90.8,B
2021-07-02T10:23:22,5700.0,90.7,S
2021-07-02T10:23:15,100.0,90.8,B
2021-07-02T10:23:14,200.0,90.8,B
2021-07-02T10:23:06,200.0,90.8,B
2021-07-02T10:23:00,500.0,90.7,S
2021-07-02T10:22:57,100.0,90.8,B
2021-07-02T10:22:54,1500.0,90.8,B
2021-07-02T10:22:51,200.0,90.8,S
2021-07-02T10:22:51,600.0,90.8,S
2021-07-02T10:22:51,1100.0,90.8,S
2021-07-02T10:22:51,100.0,90.8,S
2021-07-02T10:22:51,2400.0,90.8,S
2021-07-02T10:22:51,900.0,90.8,S
2021-07-02T10:22:51,400.0,90.8,S
2021-07-02T10:22:51,100.0,90.8,S
2021-07-02T10:22:51,7100.0,90.8,S
2021-07-02T10:22:45,3300.0,90.8,S
2021-07-02T10:22:44,200.0,90.9,B
2021-07-02T10:22:39,2000.0,90.9,B
2021-07-02T10:22:31,100.0,90.8,S
2021-07-02T10:22:29,2500.0,90.8,S
2021-07-02T10:22:29,100.0,90.9,B
2021-07-02T10:22:20,300.0,90.9,B
2021-07-02T10:22:15,3000.0,90.9,B
2021-07-02T10:22:13,100.0,90.9,B
2021-07-02T10:22:13,600.0,90.9,B
2021-07-02T10:21:57,100.0,90.8,S
2021-07-02T10:21:56,500.0,90.8,S
2021-07-02T10:21:24,100.0,90.9,B
2021-07-02T10:21:15,100.0,90.9,B
2021-07-02T10:21:11,700.0,90.8,S
2021-07-02T10:20:14,100.0,90.9,B
2021-07-02T10:20:08,1200.0,90.9,B
2021-07-02T10:20:05,600.0,90.9,B
2021-07-02T10:20:00,10000.0,90.9,B
2021-07-02T10:19:47,600.0,90.8,S
2021-07-02T10:19:39,1200.0,90.8,S
2021-07-02T10:19:39,1700.0,90.8,S
2021-07-02T10:19:34,100.0,90.9,B
2021-07-02T10:19:29,100.0,90.8,S
2021-07-02T10:19:07,500.0,90.9,B
2021-07-02T10:18:51,100.0,90.8,S
2021-07-02T10:18:51,300.0,90.9,B
2021-07-02T10:18:50,4700.0,90.9,B
2021-07-02T10:18:43,100.0,90.8,S
2021-07-02T10:18:41,100.0,90.9,B
2021-07-02T10:18:36,500.0,90.9,B
2021-07-02T10:18:35,1000.0,90.9,B
2021-07-02T10:18:34,100.0,90.9,B
2021-07-02T10:18:33,2000.0,90.8,S
2021-07-02T10:18:32,1000.0,90.8,S
2021-07-02T10:18:29,4200.0,90.9,B
2021-07-02T10:18:28,1200.0,90.9,B
2021-07-02T10:18:21,10000.0,90.9,B
2021-07-02T10:17:59,100.0,90.8,S
2021-07-02T10:17:56,600.0,90.9,B
2021-07-02T10:17:43,500.0,90.8,S
2021-07-02T10:17:41,100.0,90.9,B
2021-07-02T10:17:37,1000.0,90.9,B
2021-07-02T10:17:34,8600.0,90.9,B
2021-07-02T10:17:28,5000.0,90.9,B
2021-07-02T10:17:24,100.0,90.9,B
2021-07-02T10:17:22,900.0,90.8,S
2021-07-02T10:16:32,100.0,90.9,B
2021-07-02T10:16:30,300.0,90.8,S
2021-07-02T10:16:30,100.0,90.9,B
2021-07-02T10:16:29,1000.0,90.9,B
2021-07-02T10:16:25,100.0,90.9,B
2021-07-02T10:16:23,100.0,90.9,B
2021-07-02T10:16:21,1000.0,90.9,B
2021-07-02T10:16:12,100.0,90.9,B
2021-07-02T10:16:12,300.0,90.9,B
2021-07-02T10:15:57,100.0,90.9,B
2021-07-02T10:15:52,100.0,90.8,S
2021-07-02T10:15:49,1600.0,90.9,B
2021-07-02T10:15:39,600.0,90.8,S
2021-07-02T10:14:42,200.0,90.9,B
2021-07-02T10:14:38,500.0,90.8,S
2021-07-02T10:14:30,100.0,90.9,B
2021-07-02T10:14:28,1000.0,90.8,S
2021-07-02T10:14:08,1000.0,90.8,S
2021-07-02T10:13:58,100.0,90.9,B
2021-07-02T10:13:51,600.0,90.9,B
2021-07-02T10:13:51,300.0,90.8,S
2021-07-02T10:13:41,100.0,90.8,S
2021-07-02T10:13:40,600.0,90.8,S
2021-07-02T10:13:27,400.0,90.8,S
2021-07-02T10:13:27,400.0,90.8,S
2021-07-02T10:13:27,200.0,90.8,S
2021-07-02T10:13:18,100.0,90.9,B
2021-07-02T10:12:52,200.0,90.8,S
2021-07-02T10:12:52,100.0,90.8,S
2021-07-02T10:12:52,100.0,90.8,S
2021-07-02T10:12:52,200.0,90.8,S
2021-07-02T10:12:52,400.0,90.8,S
2021-07-02T10:12:30,200.0,90.8,S
2021-07-02T10:12:28,500.0,90.9,B
2021-07-02T10:12:03,100.0,90.9,B
2021-07-02T10:11:54,700.0,90.9,B
2021-07-02T10:11:38,100.0,90.8,S
2021-07-02T10:11:38,700.0,90.9,B
2021-07-02T10:11:31,500.0,90.8,S
2021-07-02T10:11:26,600.0,90.8,S
2021-07-02T10:11:23,700.0,90.8,S
2021-07-02T10:11:10,3100.0,90.8,S
2021-07-02T10:11:08,600.0,90.8,S
2021-07-02T10:10:54,100.0,90.9,B
2021-07-02T10:10:51,100.0,90.9,B
2021-07-02T10:10:49,2100.0,90.8,S
2021-07-02T10:10:49,300.0,90.8,S
2021-07-02T10:10:49,400.0,90.8,S
2021-07-02T10:10:49,1200.0,90.8,S
2021-07-02T10:10:48,300.0,90.9,B
2021-07-02T10:10:48,100.0,90.9,B
2021-07-02T10:10:48,900.0,90.9,B
2021-07-02T10:10:42,1000.0,90.9,B
2021-07-02T10:10:01,100.0,90.9,B
2021-07-02T10:09:54,100.0,90.9,B
2021-07-02T10:09:45,100.0,90.9,B
2021-07-02T10:09:43,900.0,90.9,B
2021-07-02T10:09:38,100.0,90.9,B
2021-07-02T10:09:34,8000.0,90.9,B
2021-07-02T10:09:33,600.0,90.9,B
2021-07-02T10:09:29,1000.0,90.9,B
2021-07-02T10:09:29,500.0,90.9,B
2021-07-02T10:09:19,600.0,90.8,S
2021-07-02T10:09:08,200.0,90.9,B
2021-07-02T10:09:01,1800.0,90.9,B
2021-07-02T10:08:55,1400.0,90.9,B
2021-07-02T10:08:55,4300.0,90.9,B
2021-07-02T10:08:55,1200.0,90.9,B
2021-07-02T10:08:55,6200.0,90.9,B
2021-07-02T10:08:55,1900.0,90.9,B
2021-07-02T10:08:22,1000.0,90.8,S
2021-07-02T10:08:17,100.0,90.8,S
2021-07-02T10:08:03,500.0,90.8,S
2021-07-02T10:07:53,500.0,90.8,S
2021-07-02T10:07:36,100.0,90.8,S
2021-07-02T10:07:30,1000.0,90.8,S
2021-07-02T10:07:22,700.0,90.9,B
2021-07-02T10:07:19,500.0,90.8,S
2021-07-02T10:07:17,100.0,90.9,B
2021-07-02T10:07:16,600.0,90.8,S
2021-07-02T10:07:12,800.0,90.8,S
2021-07-02T10:07:08,500.0,90.8,S
2021-07-02T10:06:57,500.0,90.8,S
2021-07-02T10:06:55,200.0,90.8,S
2021-07-02T10:06:51,300.0,90.8,S
2021-07-02T10:06:41,100.0,90.8,B
2021-07-02T10:06:41,400.0,90.8,B
2021-07-02T10:06:35,500.0,90.8,B
2021-07-02T10:06:23,1000.0,90.7,S
2021-07-02T10:06:23,100.0,90.7,S
2021-07-02T10:06:23,1300.0,90.7,S
2021-07-02T10:06:23,2100.0,90.7,S
2021-07-02T10:06:22,400.0,90.8,B
2021-07-02T10:06:22,100.0,90.8,B
2021-07-02T10:06:22,200.0,90.8,B
2021-07-02T10:06:22,4100.0,90.8,B
2021-07-02T10:06:14,400.0,90.8,B
2021-07-02T10:06:14,400.0,90.8,B
2021-07-02T10:06:14,600.0,90.8,B
2021-07-02T10:06:14,4000.0,90.8,B
2021-07-02T10:06:09,700.0,90.7,S
2021-07-02T10:06:09,100.0,90.7,S
2021-07-02T10:06:09,1600.0,90.7,S
2021-07-02T10:06:08,100.0,90.7,S
2021-07-02T10:06:08,300.0,90.7,S
2021-07-02T10:06:08,2100.0,90.7,S
2021-07-02T10:06:08,300.0,90.7,S
2021-07-02T10:06:07,4100.0,90.7,S
2021-07-02T10:06:01,200.0,90.7,S
2021-07-02T10:05:49,100.0,90.8,B
2021-07-02T10:05:49,400.0,90.8,B
2021-07-02T10:05:49,200.0,90.8,B
2021-07-02T10:05:43,100.0,90.8,B
2021-07-02T10:05:41,3100.0,90.8,B
2021-07-02T10:05:41,1200.0,90.8,B
2021-07-02T10:05:41,500.0,90.8,B
2021-07-02T10:05:40,200.0,90.8,B
2021-07-02T10:05:39,500.0,90.7,S
2021-07-02T10:05:35,1100.0,90.8,B
2021-07-02T10:05:29,9300.0,90.8,B
2021-07-02T10:05:28,200.0,90.8,B
2021-07-02T10:05:21,1200.0,90.8,B
2021-07-02T10:05:20,400.0,90.7,S
2021-07-02T10:05:20,800.0,90.7,S
2021-07-02T10:05:20,500.0,90.7,S
2021-07-02T10:05:20,5900.0,90.7,S
2021-07-02T10:05:20,300.0,90.7,S
2021-07-02T10:05:20,100.0,90.7,S
2021-07-02T10:05:20,400.0,90.7,S
2021-07-02T10:05:20,1000.0,90.7,S
2021-07-02T10:05:19,4600.0,90.7,S
2021-07-02T10:05:19,100.0,90.7,S
2021-07-02T10:05:19,200.0,90.7,S
2021-07-02T10:05:19,1000.0,90.7,S
2021-07-02T10:05:14,5000.0,90.8,B
2021-07-02T10:05:10,300.0,90.7,S
2021-07-02T10:05:09,600.0,90.7,S
2021-07-02T10:04:49,100.0,90.8,B
2021-07-02T10:04:43,1000.0,90.8,B
2021-07-02T10:04:27,100.0,90.8,B
2021-07-02T10:04:22,1000.0,90.8,B
2021-07-02T10:04:06,100.0,90.8,B
2021-07-02T10:04:04,100.0,90.8,B
2021-07-02T10:04:02,100.0,90.8,B
2021-07-02T10:04:02,1000.0,90.7,S
2021-07-02T10:03:59,100.0,90.8,B
2021-07-02T10:03:56,1000.0,90.8,B
2021-07-02T10:03:53,8400.0,90.7,S
2021-07-02T10:03:52,10300.0,90.7,S
2021-07-02T10:03:52,17300.0,90.7,S
2021-07-02T10:03:52,2000.0,90.7,S
2021-07-02T10:03:52,1200.0,90.8,B
2021-07-02T10:03:52,12100.0,90.7,S
2021-07-02T10:03:52,400.0,90.7,S
2021-07-02T10:03:52,100.0,90.7,S
2021-07-02T10:03:51,700.0,90.7,S
2021-07-02T10:03:51,10400.0,90.7,S
2021-07-02T10:03:51,300.0,90.7,S
2021-07-02T10:03:51,100.0,90.7,S
2021-07-02T10:03:51,100.0,90.7,S
2021-07-02T10:03:51,1100.0,90.7,S
2021-07-02T10:03:51,200.0,90.7,S
2021-07-02T10:03:51,400.0,90.7,S
2021-07-02T10:03:51,100.0,90.7,S
2021-07-02T10:03:51,400.0,90.7,S
2021-07-02T10:03:51,1400.0,90.7,S
2021-07-02T10:03:51,4600.0,90.7,S
2021-07-02T10:03:48,6900.0,90.8,B
2021-07-02T10:03:48,3100.0,90.8,B
2021-07-02T10:03:48,200.0,90.7,S
2021-07-02T10:03:44,1000.0,90.7,S
2021-07-02T10:03:41,100.0,90.8,B
2021-07-02T10:03:37,1000.0,90.8,B
2021-07-02T10:03:35,500.0,90.8,B
2021-07-02T10:03:13,600.0,90.8,B
2021-07-02T10:03:12,200.0,90.7,S
2021-07-02T10:03:11,100.0,90.7,S
2021-07-02T10:03:11,1000.0,90.8,B
2021-07-02T10:03:09,200.0,90.7,S
2021-07-02T10:02:56,600.0,90.7,S
2021-07-02T10:02:38,200.0,90.7,S
2021-07-02T10:02:33,100.0,90.7,S
2021-07-02T10:02:11,500.0,90.7,S
2021-07-02T10:02:03,100.0,90.7,S
2021-07-02T10:02:01,200.0,90.8,B
2021-07-02T10:01:59,100.0,90.8,B
2021-07-02T10:01:52,900.0,90.8,B
2021-07-02T10:01:49,1000.0,90.7,S
2021-07-02T10:01:44,1500.0,90.7,S
2021-07-02T10:01:19,800.0,90.7,S
2021-07-02T10:01:14,400.0,90.8,B
2021-07-02T10:01:13,100.0,90.8,B
2021-07-02T10:01:13,2200.0,90.7,S
2021-07-02T10:01:13,1000.0,90.7,S
2021-07-02T10:01:13,100.0,90.8,B
2021-07-02T10:01:12,400.0,90.7,S
2021-07-02T10:01:12,200.0,90.7,S
2021-07-02T10:01:12,300.0,90.7,S
2021-07-02T10:01:12,1000.0,90.7,S
2021-07-02T10:01:11,700.0,90.7,S
2021-07-02T10:01:09,1000.0,90.7,S
2021-07-02T10:01:07,100.0,90.8,B
2021-07-02T10:01:07,200.0,90.8,B
2021-07-02T10:01:07,500.0,90.8,B
2021-07-02T10:01:06,600.0,90.7,S
2021-07-02T10:01:04,500.0,90.7,S
2021-07-02T10:01:03,1000.0,90.7,S
2021-07-02T10:01:02,1000.0,90.7,S
2021-07-02T10:01:01,1200.0,90.7,S
2021-07-02T10:01:00,200.0,90.8,B
2021-07-02T10:00:03,1000.0,90.7,S
2021-07-02T09:59:58,600.0,90.8,B
2021-07-02T09:59:44,1000.0,90.7,S
2021-07-02T09:59:44,500.0,90.7,S
2021-07-02T09:59:44,200.0,90.8,B
2021-07-02T09:59:43,100.0,90.7,S
2021-07-02T09:59:26,300.0,90.7,S
2021-07-02T09:58:27,500.0,90.7,S
2021-07-02T09:58:20,300.0,90.7,S
2021-07-02T09:57:50,400.0,90.8,B
2021-07-02T09:57:48,600.0,90.7,S
2021-07-02T09:57:41,900.0,90.7,S
2021-07-02T09:57:08,700.0,90.7,S
2021-07-02T09:57:02,600.0,90.8,B
2021-07-02T09:56:50,300.0,90.7,S
2021-07-02T09:56:49,100.0,90.6,S
2021-07-02T09:56:46,100.0,90.7,S
2021-07-02T09:56:44,200.0,90.7,S
2021-07-02T09:56:35,300.0,90.7,S
2021-07-02T09:56:35,900.0,90.7,S
2021-07-02T09:56:26,500.0,90.7,S
2021-07-02T09:56:18,300.0,90.7,S
2021-07-02T09:56:18,200.0,90.7,S
2021-07-02T09:56:14,200.0,90.7,S
2021-07-02T09:56:12,500.0,90.7,S
2021-07-02T09:56:11,600.0,90.7,S
2021-07-02T09:56:11,400.0,90.7,S
2021-07-02T09:56:11,600.0,90.7,S
2021-07-02T09:56:10,400.0,90.7,S
2021-07-02T09:56:08,100.0,90.8,B
2021-07-02T09:56:03,500.0,90.7,S
2021-07-02T09:56:03,100.0,90.7,S
2021-07-02T09:56:01,200.0,90.7,S
2021-07-02T09:55:58,1400.0,90.7,S
2021-07-02T09:55:57,200.0,90.7,S
2021-07-02T09:55:52,100.0,90.7,S
2021-07-02T09:55:48,200.0,90.7,S
2021-07-02T09:55:47,300.0,90.7,S
2021-07-02T09:55:45,1000.0,90.7,S
2021-07-02T09:55:44,200.0,90.7,S
2021-07-02T09:55:41,300.0,90.7,S
2021-07-02T09:55:39,500.0,90.7,S
2021-07-02T09:55:38,1000.0,90.7,S
2021-07-02T09:55:38,100.0,90.7,S
2021-07-02T09:55:27,10000.0,90.7,S
2021-07-02T09:55:24,3200.0,90.7,S
2021-07-02T09:55:21,600.0,90.7,S
2021-07-02T09:55:20,300.0,90.7,S
2021-07-02T09:55:20,100.0,90.7,S
2021-07-02T09:55:20,3200.0,90.7,S
2021-07-02T09:55:10,600.0,90.8,B
2021-07-02T09:55:03,200.0,90.7,S
2021-07-02T09:55:03,3000.0,90.7,S
2021-07-02T09:54:51,3000.0,90.7,S
2021-07-02T09:54:48,7000.0,90.7,S
2021-07-02T09:54:46,3200.0,90.7,S
2021-07-02T09:54:45,100.0,90.7,S
2021-07-02T09:54:38,1000.0,90.7,S
2021-07-02T09:54:35,3200.0,90.7,S
2021-07-02T09:54:34,600.0,90.7,S
2021-07-02T09:54:33,500.0,90.7,S
2021-07-02T09:54:25,200.0,90.7,S
2021-07-02T09:54:21,3200.0,90.7,S
2021-07-02T09:54:14,500.0,90.7,S
2021-07-02T09:54:11,3200.0,90.7,S
2021-07-02T09:54:09,8000.0,90.7,S
2021-07-02T09:54:08,700.0,90.7,S
2021-07-02T09:54:05,1100.0,90.7,S
2021-07-02T09:54:03,1200.0,90.7,S
2021-07-02T09:53:59,200.0,90.7,S
2021-07-02T09:53:57,7700.0,90.7,S
2021-07-02T09:53:57,2200.0,90.7,S
2021-07-02T09:53:57,10100.0,90.7,S
2021-07-02T09:53:53,200.0,90.7,S
2021-07-02T09:53:53,2000.0,90.7,S
2021-07-02T09:53:53,100.0,90.6,S
2021-07-02T09:53:53,100.0,90.6,S
2021-07-02T09:53:49,300.0,90.7,S
2021-07-02T09:53:44,100.0,90.7,S
2021-07-02T09:53:44,1300.0,90.7,S
2021-07-02T09:53:44,1000.0,90.7,S
2021-07-02T09:53:43,700.0,90.7,S
2021-07-02T09:53:43,400.0,90.7,S
2021-07-02T09:53:43,200.0,90.7,S
2021-07-02T09:53:43,400.0,90.7,S
2021-07-02T09:53:43,15100.0,90.7,S
2021-07-02T09:53:39,100.0,90.7,S
2021-07-02T09:53:39,3200.0,90.7,S
2021-07-02T09:53:37,500.0,90.7,S
2021-07-02T09:53:23,1300.0,90.7,S
2021-07-02T09:53:23,700.0,90.7,S
2021-07-02T09:53:21,1200.0,90.7,S
2021-07-02T09:53:19,2000.0,90.7,S
2021-07-02T09:53:12,100.0,90.7,S
2021-07-02T09:53:10,100.0,90.8,B
2021-07-02T09:53:05,3200.0,90.7,S
2021-07-02T09:53:02,2000.0,90.7,S
2021-07-02T09:53:02,100.0,90.8,B
2021-07-02T09:52:55,2500.0,90.7,S
2021-07-02T09:52:55,700.0,90.7,S
2021-07-02T09:52:50,600.0,90.8,B
2021-07-02T09:52:41,400.0,90.7,S
2021-07-02T09:52:38,4500.0,90.7,S
2021-07-02T09:52:30,100.0,90.8,B
2021-07-02T09:52:29,600.0,90.7,S
2021-07-02T09:52:27,6000.0,90.7,S
2021-07-02T09:52:26,100.0,90.8,B
2021-07-02T09:52:13,300.0,90.8,B
2021-07-02T09:52:13,400.0,90.8,B
2021-07-02T09:51:41,100.0,90.8,B
2021-07-02T09:51:37,3200.0,90.7,S
2021-07-02T09:51:26,400.0,90.8,B
2021-07-02T09:51:24,100.0,90.7,S
2021-07-02T09:51:22,600.0,90.7,S
2021-07-02T09:51:17,100.0,90.7,S
2021-07-02T09:50:53,1000.0,90.7,S
2021-07-02T09:50:45,100.0,90.7,S
2021-07-02T09:50:42,100.0,90.8,B
2021-07-02T09:50:41,600.0,90.8,B
2021-07-02T09:50:32,3800.0,90.7,S
2021-07-02T09:50:32,700.0,90.7,S
2021-07-02T09:50:32,100.0,90.7,S
2021-07-02T09:50:32,400.0,90.7,S
2021-07-02T09:50:29,400.0,90.7,S
2021-07-02T09:50:29,300.0,90.7,S
2021-07-02T09:50:29,700.0,90.7,S
2021-07-02T09:50:28,1800.0,90.7,S
2021-07-02T09:50:28,600.0,90.7,S
2021-07-02T09:50:17,3200.0,90.7,S
2021-07-02T09:50:12,100.0,90.8,B
2021-07-02T09:50:06,3200.0,90.7,S
2021-07-02T09:50:06,100.0,90.8,B
2021-07-02T09:49:59,1600.0,90.8,B
2021-07-02T09:49:54,3200.0,90.7,S
2021-07-02T09:49:52,100.0,90.8,B
2021-07-02T09:49:45,3200.0,90.7,S
2021-07-02T09:49:34,100.0,90.8,B
2021-07-02T09:49:28,3200.0,90.7,S
2021-07-02T09:49:21,1000.0,90.7,S
2021-07-02T09:49:17,3200.0,90.7,S
2021-07-02T09:49:08,3200.0,90.7,S
2021-07-02T09:48:56,3800.0,90.7,S
2021-07-02T09:48:55,1000.0,90.7,S
2021-07-02T09:48:54,1000.0,90.7,S
2021-07-02T09:48:52,100.0,90.7,S
2021-07-02T09:48:49,5000.0,90.8,B
2021-07-02T09:48:40,3200.0,90.7,S
2021-07-02T09:48:33,3200.0,90.7,S
2021-07-02T09:48:32,500.0,90.8,B
2021-07-02T09:48:32,100.0,90.8,B
2021-07-02T09:48:32,100.0,90.8,B
2021-07-02T09:48:27,100.0,90.7,S
2021-07-02T09:48:24,500.0,90.7,S
2021-07-02T09:48:24,3200.0,90.7,S
2021-07-02T09:48:18,3200.0,90.7,S
2021-07-02T09:48:18,700.0,90.7,S
2021-07-02T09:48:18,10700.0,90.7,S
2021-07-02T09:48:08,200.0,90.7,S
2021-07-02T09:48:07,2700.0,90.7,S
2021-07-02T09:48:02,3000.0,90.7,S
2021-07-02T09:47:48,500.0,90.7,S
2021-07-02T09:47:45,7000.0,90.7,S
2021-07-02T09:47:43,100.0,90.7,S
2021-07-02T09:47:41,100.0,90.7,S
2021-07-02T09:47:33,6000.0,90.7,S
2021-07-02T09:47:23,300.0,90.7,S
2021-07-02T09:47:22,100.0,90.7,S
2021-07-02T09:47:22,6000.0,90.7,S
2021-07-02T09:47:10,200.0,90.7,S
2021-07-02T09:47:03,100.0,90.7,S
2021-07-02T09:46:59,500.0,90.7,S
2021-07-02T09:46:59,200.0,90.7,S
2021-07-02T09:46:59,700.0,90.7,S
2021-07-02T09:46:59,16700.0,90.7,S
2021-07-02T09:46:39,1900.0,90.7,S
2021-07-02T09:46:39,5000.0,90.8,B
2021-07-02T09:46:30,600.0,90.8,B
2021-07-02T09:46:23,500.0,90.7,S
2021-07-02T09:46:01,600.0,90.8,B
2021-07-02T09:45:57,100.0,90.8,B
2021-07-02T09:45:55,5500.0,90.8,B
2021-07-02T09:45:52,100.0,90.8,B
2021-07-02T09:45:38,100.0,90.8,S
2021-07-02T09:45:25,200.0,90.8,S
2021-07-02T09:45:09,100.0,90.8,S
2021-07-02T09:44:59,100.0,90.8,S
2021-07-02T09:44:58,500.0,90.8,S
2021-07-02T09:44:56,200.0,90.8,S
2021-07-02T09:44:55,200.0,90.8,S
2021-07-02T09:44:55,200.0,90.7,S
2021-07-02T09:44:51,100.0,90.8,S
2021-07-02T09:44:46,100.0,90.8,S
2021-07-02T09:44:46,1700.0,90.8,S
2021-07-02T09:44:41,100.0,90.8,S
2021-07-02T09:44:35,5900.0,90.8,S
2021-07-02T09:44:35,7600.0,90.8,S
2021-07-02T09:44:35,500.0,90.8,S
2021-07-02T09:44:35,500.0,90.8,S
2021-07-02T09:44:32,600.0,90.7,S
2021-07-02T09:44:31,100.0,90.8,S
2021-07-02T09:44:28,600.0,90.8,S
2021-07-02T09:44:28,100.0,90.8,S
2021-07-02T09:44:27,100.0,90.8,S
2021-07-02T09:44:23,100.0,90.8,S
2021-07-02T09:44:16,1200.0,90.8,S
2021-07-02T09:44:04,8400.0,90.8,S
2021-07-02T09:44:03,800.0,90.8,S
2021-07-02T09:44:03,1500.0,90.8,S
2021-07-02T09:44:03,400.0,90.8,S
2021-07-02T09:43:59,100.0,90.8,S
2021-07-02T09:43:49,500.0,90.8,S
2021-07-02T09:43:49,100.0,90.8,S
2021-07-02T09:43:49,2100.0,90.8,S
2021-07-02T09:43:49,100.0,90.8,S
2021-07-02T09:43:48,400.0,90.8,S
2021-07-02T09:43:48,7000.0,90.8,S
2021-07-02T09:43:48,100.0,90.8,S
2021-07-02T09:43:48,200.0,90.8,S
2021-07-02T09:43:48,1700.0,90.8,S
2021-07-02T09:43:48,100.0,90.8,S
2021-07-02T09:43:48,1700.0,90.8,S
2021-07-02T09:43:31,3900.0,90.8,S
2021-07-02T09:43:19,1000.0,90.8,S
2021-07-02T09:43:06,1000.0,90.8,S
2021-07-02T09:43:01,100.0,90.8,S
2021-07-02T09:42:59,500.0,90.8,S
2021-07-02T09:42:40,900.0,90.8,S
2021-07-02T09:42:40,1400.0,90.8,S
2021-07-02T09:42:40,1700.0,90.8,S
2021-07-02T09:42:21,500.0,90.8,S
2021-07-02T09:42:19,1100.0,90.8,S
2021-07-02T09:42:14,600.0,90.8,S
2021-07-02T09:42:13,700.0,90.9,B
2021-07-02T09:42:10,1200.0,90.8,S
2021-07-02T09:42:04,300.0,90.8,S
2021-07-02T09:42:03,100.0,90.8,S
2021-07-02T09:41:57,400.0,90.9,B
2021-07-02T09:41:41,700.0,90.8,S
2021-07-02T09:41:33,1000.0,90.8,S
2021-07-02T09:41:29,2400.0,90.8,S
2021-07-02T09:41:29,100.0,90.8,S
2021-07-02T09:41:29,800.0,90.8,S
2021-07-02T09:41:29,3200.0,90.8,S
2021-07-02T09:41:28,1000.0,90.8,S
2021-07-02T09:41:21,3600.0,90.8,S
2021-07-02T09:41:15,100.0,90.8,S
2021-07-02T09:41:15,1000.0,90.8,S
2021-07-02T09:41:01,100.0,90.8,S
2021-07-02T09:41:00,1100.0,90.8,S
2021-07-02T09:40:52,200.0,90.9,B
2021-07-02T09:40:47,100.0,90.9,B
2021-07-02T09:40:43,100.0,90.9,B
2021-07-02T09:40:25,400.0,90.9,B
2021-07-02T09:40:24,300.0,90.9,B
2021-07-02T09:40:15,600.0,90.9,B
2021-07-02T09:40:15,100.0,90.9,B
2021-07-02T09:40:10,100.0,90.9,B
2021-07-02T09:40:08,600.0,90.8,S
2021-07-02T09:40:03,100.0,90.9,B
2021-07-02T09:40:02,200.0,90.9,B
2021-07-02T09:40:01,100.0,90.9,B
2021-07-02T09:39:57,100.0,90.9,B
2021-07-02T09:39:56,100.0,90.9,B
2021-07-02T09:39:48,100.0,90.9,B
2021-07-02T09:39:46,100.0,90.9,B
2021-07-02T09:39:29,100.0,90.9,B
2021-07-02T09:39:22,900.0,90.9,B
2021-07-02T09:39:22,100.0,90.9,B
2021-07-02T09:39:15,100.0,90.9,B
2021-07-02T09:39:15,4100.0,90.9,B
2021-07-02T09:39:15,1200.0,90.9,B
2021-07-02T09:39:15,2900.0,90.9,B
2021-07-02T09:39:14,100.0,90.9,B
2021-07-02T09:39:11,100.0,90.9,B
2021-07-02T09:39:08,100.0,90.9,B
2021-07-02T09:39:02,100.0,90.9,B
2021-07-02T09:39:00,100.0,90.9,B
2021-07-02T09:38:56,100.0,90.9,B
2021-07-02T09:38:53,100.0,90.9,B
2021-07-02T09:38:50,100.0,90.9,B
2021-07-02T09:38:48,1000.0,90.9,B
2021-07-02T09:38:47,100.0,90.9,B
2021-07-02T09:38:30,200.0,90.9,B
2021-07-02T09:38:29,100.0,90.9,B
2021-07-02T09:38:27,100.0,90.9,B
2021-07-02T09:38:23,2200.0,90.9,B
2021-07-02T09:38:22,1100.0,90.9,B
2021-07-02T09:38:22,500.0,90.9,B
2021-07-02T09:38:15,200.0,91.0,B
2021-07-02T09:38:09,2400.0,91.0,B
2021-07-02T09:38:06,100.0,90.9,B
2021-07-02T09:38:04,600.0,90.9,B
2021-07-02T09:38:03,2200.0,90.8,S
2021-07-02T09:38:02,3200.0,90.9,B
2021-07-02T09:38:02,100.0,90.9,B
2021-07-02T09:38:02,100.0,90.9,B
2021-07-02T09:38:01,4200.0,90.8,S
2021-07-02T09:37:56,100.0,90.9,B
2021-07-02T09:37:54,100.0,90.9,B
2021-07-02T09:37:42,100.0,90.9,B
2021-07-02T09:37:36,100.0,90.9,B
2021-07-02T09:37:27,100.0,90.9,B
2021-07-02T09:36:54,100.0,90.9,B
2021-07-02T09:36:50,100.0,90.9,B
2021-07-02T09:36:46,100.0,90.9,B
2021-07-02T09:36:44,200.0,91.0,B
2021-07-02T09:36:44,300.0,91.0,B
2021-07-02T09:36:37,1500.0,91.0,B
2021-07-02T09:36:37,400.0,91.0,B
2021-07-02T09:36:37,300.0,91.0,B
2021-07-02T09:36:37,300.0,91.0,B
2021-07-02T09:36:36,2700.0,91.0,B
2021-07-02T09:36:34,100.0,91.0,B
2021-07-02T09:36:32,100.0,91.0,B
2021-07-02T09:36:26,500.0,90.7,S
2021-07-02T09:36:26,200.0,90.7,S
2021-07-02T09:36:26,200.0,90.8,B
2021-07-02T09:36:26,100.0,90.9,B
2021-07-02T09:36:24,600.0,91.0,B
2021-07-02T09:36:23,700.0,91.0,B
2021-07-02T09:36:22,100.0,90.8,B
2021-07-02T09:36:20,100.0,91.0,B
2021-07-02T09:36:20,100.0,91.0,B
2021-07-02T09:36:20,100.0,91.0,B
2021-07-02T09:36:20,100.0,91.0,B
2021-07-02T09:36:18,200.0,91.0,B
2021-07-02T09:36:05,2600.0,91.0,B
2021-07-02T09:36:05,400.0,91.0,B
2021-07-02T09:36:05,400.0,91.0,B
2021-07-02T09:36:03,100.0,91.0,B
2021-07-02T09:36:02,600.0,91.0,B
2021-07-02T09:36:01,600.0,90.8,B
2021-07-02T09:35:58,300.0,91.0,B
2021-07-02T09:35:57,2000.0,91.0,B
2021-07-02T09:35:57,300.0,91.0,B
2021-07-02T09:35:46,2500.0,91.0,B
2021-07-02T09:35:46,800.0,90.8,B
2021-07-02T09:35:44,100.0,91.0,B
2021-07-02T09:35:40,5300.0,90.8,B
2021-07-02T09:35:37,1200.0,91.0,B
2021-07-02T09:35:19,800.0,90.8,B
2021-07-02T09:35:16,300.0,90.8,B
2021-07-02T09:35:14,100.0,90.6,S
2021-07-02T09:35:13,600.0,90.6,S
2021-07-02T09:35:08,200.0,90.8,B
2021-07-02T09:35:06,1900.0,90.8,B
2021-07-02T09:35:05,100.0,90.8,B
2021-07-02T09:35:03,300.0,90.8,B
2021-07-02T09:35:02,100.0,90.8,B
2021-07-02T09:35:01,3300.0,91.0,B
2021-07-02T09:35:00,200.0,90.6,S
2021-07-02T09:35:00,200.0,90.6,S
2021-07-02T09:34:59,1300.0,90.6,S
2021-07-02T09:34:56,200.0,91.0,B
2021-07-02T09:34:54,2300.0,91.0,B
2021-07-02T09:34:50,500.0,91.0,B
2021-07-02T09:34:49,1600.0,91.0,B
2021-07-02T09:34:49,1200.0,91.0,B
2021-07-02T09:34:43,300.0,90.8,B
2021-07-02T09:34:39,2300.0,91.0,B
2021-07-02T09:34:37,1100.0,90.6,B
2021-07-02T09:34:36,3600.0,90.7,B
2021-07-02T09:34:36,1100.0,91.0,B
2021-07-02T09:34:36,900.0,91.0,B
2021-07-02T09:34:35,300.0,90.9,B
2021-07-02T09:34:35,1900.0,90.9,B
2021-07-02T09:34:27,2300.0,90.9,B
2021-07-02T09:34:24,100.0,90.9,B
2021-07-02T09:34:21,100.0,90.8,B
2021-07-02T09:34:18,100.0,90.8,B
2021-07-02T09:34:16,900.0,90.9,B
2021-07-02T09:34:16,300.0,90.9,B
2021-07-02T09:34:12,300.0,90.9,B
2021-07-02T09:34:09,500.0,90.9,B
2021-07-02T09:34:09,300.0,90.8,B
2021-07-02T09:34:05,1000.0,90.9,B
2021-07-02T09:34:05,1800.0,90.9,B
2021-07-02T09:33:58,1700.0,90.8,B
2021-07-02T09:33:58,100.0,90.8,B
2021-07-02T09:33:58,1300.0,90.8,B
2021-07-02T09:33:56,100.0,90.7,B
2021-07-02T09:33:54,200.0,90.7,B
2021-07-02T09:33:52,100.0,90.7,B
2021-07-02T09:33:50,100.0,90.7,B
2021-07-02T09:33:50,400.0,90.7,B
2021-07-02T09:33:50,200.0,90.7,B
2021-07-02T09:33:50,2600.0,90.7,B
2021-07-02T09:33:50,700.0,90.7,B
2021-07-02T09:33:49,100.0,90.7,B
2021-07-02T09:33:48,600.0,90.6,B
2021-07-02T09:33:47,100.0,90.7,B
2021-07-02T09:33:47,1900.0,90.7,B
2021-07-02T09:33:43,200.0,90.7,B
2021-07-02T09:33:35,2300.0,90.7,B
2021-07-02T09:33:29,400.0,90.6,B
2021-07-02T09:33:29,300.0,90.6,B
2021-07-02T09:33:28,2300.0,90.7,B
2021-07-02T09:33:21,2400.0,90.6,B
2021-07-02T09:33:12,200.0,90.6,B
2021-07-02T09:33:12,100.0,90.6,B
2021-07-02T09:33:10,100.0,90.6,B
2021-07-02T09:33:10,1600.0,90.6,B
2021-07-02T09:33:09,2000.0,90.6,B
2021-07-02T09:33:09,100.0,90.6,B
2021-07-02T09:33:06,1200.0,90.6,B
2021-07-02T09:33:03,200.0,90.6,B
2021-07-02T09:32:55,100.0,90.6,B
2021-07-02T09:32:50,500.0,90.6,B
2021-07-02T09:32:45,1000.0,90.6,B
2021-07-02T09:32:44,500.0,90.6,B
2021-07-02T09:32:44,600.0,90.6,B
2021-07-02T09:32:26,1000.0,90.5,B
2021-07-02T09:32:25,500.0,90.5,B
2021-07-02T09:32:20,400.0,90.5,B
2021-07-02T09:32:16,1100.0,90.5,B
2021-07-02T09:32:14,100.0,90.5,B
2021-07-02T09:32:14,100.0,90.5,B
2021-07-02T09:32:10,300.0,90.5,B
2021-07-02T09:32:09,2800.0,90.5,B
2021-07-02T09:32:04,900.0,90.5,B
2021-07-02T09:32:03,3300.0,90.5,B
2021-07-02T09:32:01,100.0,90.5,B
2021-07-02T09:31:52,100.0,90.5,B
2021-07-02T09:31:51,100.0,90.5,B
2021-07-02T09:31:49,500.0,90.5,B
2021-07-02T09:31:45,1700.0,90.5,S
2021-07-02T09:31:44,1200.0,90.5,S
2021-07-02T09:31:38,100.0,90.5,S
2021-07-02T09:31:36,10000.0,90.5,S
2021-07-02T09:31:25,100.0,90.5,S
2021-07-02T09:31:25,100.0,90.5,S
2021-07-02T09:31:23,300.0,90.5,S
2021-07-02T09:31:19,100.0,90.5,S
2021-07-02T09:31:13,100.0,90.5,S
2021-07-02T09:31:09,500.0,90.5,S
2021-07-02T09:31:09,100.0,90.5,S
2021-07-02T09:31:02,600.0,90.5,S
2021-07-02T09:31:01,500.0,90.7,B
2021-07-02T09:30:48,500.0,90.6,S
2021-07-02T09:30:32,4900.0,90.4,S
2021-07-02T09:30:32,3800.0,90.4,S
2021-07-02T09:30:32,300.0,90.5,S
2021-07-02T09:30:32,300.0,90.5,S
2021-07-02T09:30:32,600.0,90.5,S
2021-07-02T09:30:32,300.0,90.5,S
2021-07-02T09:30:32,1200.0,90.5,S
2021-07-02T09:30:32,200.0,90.5,S
2021-07-02T09:30:32,300.0,90.5,S
2021-07-02T09:30:32,200.0,90.5,S
2021-07-02T09:30:32,800.0,90.6,S
2021-07-02T09:30:32,1700.0,90.6,S
2021-07-02T09:30:32,100.0,90.6,S
2021-07-02T09:30:31,7800.0,90.6,S
2021-07-02T09:30:23,100.0,90.7,B
2021-07-02T09:30:16,1000.0,90.6,S
2021-07-02T09:30:09,100.0,90.7,B
2021-07-02T09:30:04,200.0,90.7,B
2021-07-02T09:30:01,200.0,90.7,B
2021-07-02T09:29:57,100.0,90.7,B
2021-07-02T09:29:53,100.0,90.7,B
2021-07-02T09:29:42,600.0,90.7,B
2021-07-02T09:29:38,1000.0,90.6,B
2021-07-02T09:29:38,100.0,90.6,B
2021-07-02T09:29:35,200.0,90.6,B
2021-07-02T09:29:33,1400.0,90.6,B
2021-07-02T09:29:28,1500.0,90.6,B
2021-07-02T09:29:28,1800.0,90.6,B
2021-07-02T09:29:27,100.0,90.6,B
2021-07-02T09:29:25,1900.0,90.6,B
2021-07-02T09:29:22,100.0,90.6,B
2021-07-02T09:29:16,100.0,90.6,B
2021-07-02T09:29:08,100.0,90.5,S
2021-07-02T09:29:03,100.0,90.6,B
2021-07-02T09:29:01,100.0,90.6,B
2021-07-02T09:28:39,100.0,90.6,B
2021-07-02T09:28:32,100.0,90.6,B
2021-07-02T09:28:27,100.0,90.6,B
2021-07-02T09:28:21,100.0,90.6,B
2021-07-02T09:28:19,100.0,90.6,B
2021-07-02T09:28:19,500.0,90.5,S
2021-07-02T09:28:15,3000.0,90.5,S
2021-07-02T09:28:07,200.0,90.5,S
2021-07-02T09:28:05,300.0,90.5,S
2021-07-02T09:28:00,100.0,90.6,B
2021-07-02T09:27:55,100.0,90.6,B
2021-07-02T09:27:40,600.0,90.6,B
2021-07-02T09:27:28,600.0,90.5,B
2021-07-02T09:27:19,200.0,90.5,B
2021-07-02T09:27:15,5100.0,90.5,B
2021-07-02T09:27:13,300.0,90.5,B
2021-07-02T09:27:12,200.0,90.5,B
2021-07-02T09:27:10,100.0,90.5,B
2021-07-02T09:27:07,100.0,90.5,B
2021-07-02T09:27:02,1200.0,90.5,B
2021-07-02T09:27:00,1000.0,90.5,B
2021-07-02T09:26:56,10000.0,90.5,B
2021-07-02T09:26:56,300.0,90.5,B
2021-07-02T09:26:51,200.0,90.5,S
2021-07-02T09:26:50,300.0,90.5,S
2021-07-02T09:26:47,3300.0,90.5,S
2021-07-02T09:26:46,2000.0,90.5,S
2021-07-02T09:26:46,300.0,90.5,S
2021-07-02T09:26:45,3300.0,90.5,S
2021-07-02T09:26:38,100.0,90.5,S
2021-07-02T09:26:34,100.0,90.5,S
2021-07-02T09:26:31,100.0,90.5,S
2021-07-02T09:26:30,100.0,90.5,S
2021-07-02T09:26:30,500.0,90.5,S
2021-07-02T09:26:27,100.0,90.5,S
2021-07-02T09:26:27,100.0,90.5,S
2021-07-02T09:26:25,300.0,90.5,S
2021-07-02T09:26:24,1200.0,90.5,S
2021-07-02T09:26:14,600.0,90.5,S
2021-07-02T09:26:09,100.0,90.5,S
2021-07-02T09:26:09,400.0,90.5,S
2021-07-02T09:26:06,5000.0,90.5,S
2021-07-02T09:26:05,100.0,90.5,S
2021-07-02T09:26:05,200.0,90.5,S
2021-07-02T09:26:04,100.0,90.5,S
2021-07-02T09:26:04,1300.0,90.5,S
2021-07-02T09:26:03,100.0,90.5,S
2021-07-02T09:26:03,1000.0,90.5,S
2021-07-02T09:25:59,1000.0,90.5,S
2021-07-02T09:25:58,100.0,90.5,S
2021-07-02T09:25:58,1600.0,90.5,S
2021-07-02T09:25:58,300.0,90.5,S
2021-07-02T09:25:57,2100.0,90.5,S
2021-07-02T09:25:57,3600.0,90.5,S
2021-07-02T09:25:57,500.0,90.5,S
2021-07-02T09:25:57,1100.0,90.5,S
2021-07-02T09:25:57,500.0,90.5,S
2021-07-02T09:25:56,400.0,90.5,S
2021-07-02T09:25:49,1500.0,90.5,S
2021-07-02T09:25:49,500.0,90.5,S
2021-07-02T09:25:49,2500.0,90.5,S
2021-07-02T09:25:47,100.0,90.5,S
2021-07-02T09:25:47,1000.0,90.5,S
2021-07-02T09:25:46,1500.0,90.5,S
2021-07-02T09:25:46,900.0,90.5,S
2021-07-02T09:25:37,600.0,90.7,B
2021-07-02T09:25:29,100.0,90.6,B
2021-07-02T09:25:22,600.0,90.5,B
2021-07-02T09:25:20,400.0,90.5,B
2021-07-02T09:25:20,600.0,90.5,B
2021-07-02T09:25:07,200.0,90.6,B
2021-07-02T09:25:06,100.0,90.6,B
2021-07-02T09:25:01,100.0,90.6,B
2021-07-02T09:25:01,100.0,90.6,B
2021-07-02T09:24:54,100.0,90.7,B
2021-07-02T09:24:46,100.0,90.7,B
2021-07-02T09:24:45,100.0,90.7,B
2021-07-02T09:24:34,100.0,90.7,B
2021-07-02T09:24:32,100.0,90.7,B
2021-07-02T09:24:14,100.0,90.7,B
2021-07-02T09:24:09,100.0,90.7,B
2021-07-02T09:24:02,1300.0,90.7,B
2021-07-02T09:23:52,100.0,90.5,B
2021-07-02T09:23:47,100.0,90.5,B
2021-07-02T09:23:29,400.0,90.5,S
2021-07-02T09:23:28,700.0,90.5,S
2021-07-02T09:23:24,100.0,90.4,S
2021-07-02T09:23:20,100.0,90.4,S
2021-07-02T09:23:13,600.0,90.5,S
2021-07-02T09:23:10,100.0,90.5,S
2021-07-02T09:23:09,200.0,90.5,S
2021-07-02T09:23:08,2100.0,90.5,S
2021-07-02T09:23:08,2900.0,90.5,S
2021-07-02T09:23:07,300.0,90.5,S
2021-07-02T09:23:07,200.0,90.5,S
2021-07-02T09:23:02,1000.0,90.5,S
2021-07-02T09:23:02,2000.0,90.5,S
2021-07-02T09:22:58,200.0,90.5,S
2021-07-02T09:22:56,100.0,90.5,S
2021-07-02T09:22:52,2700.0,90.3,S
2021-07-02T09:22:52,900.0,90.3,S
2021-07-02T09:22:52,300.0,90.3,S
2021-07-02T09:22:52,100.0,90.4,S
2021-07-02T09:22:51,200.0,90.4,S
2021-07-02T09:22:49,2000.0,90.5,S
2021-07-02T09:22:39,100.0,90.5,S
2021-07-02T09:22:33,500.0,90.5,S
2021-07-02T09:22:29,100.0,90.5,S
2021-07-02T09:22:23,1000.0,90.5,S
2021-07-02T09:22:19,400.0,90.5,S
2021-07-02T09:22:17,200.0,90.5,S
2021-07-02T09:22:10,2100.0,90.5,S
2021-07-02T09:22:08,100.0,90.5,S
2021-07-02T09:22:04,3200.0,90.5,S
2021-07-02T09:21:55,100.0,90.8,B
2021-07-02T09:21:52,600.0,90.5,S
2021-07-02T09:21:52,1700.0,90.5,S
2021-07-02T09:21:52,400.0,90.6,S
2021-07-02T09:21:52,100.0,90.6,S
2021-07-02T09:21:52,300.0,90.6,S
2021-07-02T09:21:50,100.0,90.7,S
2021-07-02T09:21:49,1000.0,90.7,S
2021-07-02T09:21:45,1300.0,90.8,B
2021-07-02T09:21:45,100.0,90.8,B
2021-07-02T09:21:45,600.0,90.8,B
2021-07-02T09:21:43,100.0,90.8,B
2021-07-02T09:21:32,1000.0,90.8,B
2021-07-02T09:21:27,600.0,90.8,B
2021-07-02T09:21:27,300.0,90.9,B
2021-07-02T09:21:27,600.0,90.8,B
2021-07-02T09:21:18,700.0,90.9,B
2021-07-02T09:21:17,2000.0,90.9,B
2021-07-02T09:21:16,1800.0,90.8,B
2021-07-02T09:21:15,100.0,90.8,B
2021-07-02T09:20:53,600.0,90.8,S
2021-07-02T09:20:48,200.0,90.8,S
2021-07-02T09:20:39,100.0,90.8,S
2021-07-02T09:20:30,200.0,90.9,B
2021-07-02T09:20:29,4600.0,90.8,S
2021-07-02T09:20:24,100.0,90.8,S
2021-07-02T09:20:24,300.0,90.8,S
2021-07-02T09:20:15,1000.0,90.9,B
2021-07-02T09:20:10,100.0,90.9,B
2021-07-02T09:20:02,500.0,90.9,B
2021-07-02T09:20:02,600.0,90.9,B
2021-07-02T09:20:00,100.0,90.9,B
2021-07-02T09:19:57,200.0,90.9,B
2021-07-02T09:19:57,600.0,90.9,B
2021-07-02T09:19:53,600.0,90.9,S
2021-07-02T09:19:46,5000.0,90.9,S
2021-07-02T09:19:41,300.0,90.9,S
2021-07-02T09:19:36,100.0,90.9,S
2021-07-02T09:19:32,3000.0,90.9,S
2021-07-02T09:19:28,1000.0,90.9,S
2021-07-02T09:19:24,300.0,90.9,S
2021-07-02T09:19:14,600.0,90.9,S
2021-07-02T09:19:06,100.0,90.9,S
2021-07-02T09:18:58,1100.0,90.9,S
2021-07-02T09:18:54,100.0,90.9,S
2021-07-02T09:18:51,100.0,90.9,S
2021-07-02T09:18:51,9500.0,90.9,S
2021-07-02T09:18:47,100.0,90.9,S
2021-07-02T09:18:43,400.0,90.9,S
2021-07-02T09:18:41,1000.0,90.9,S
2021-07-02T09:18:39,2000.0,90.9,S
2021-07-02T09:18:39,400.0,90.9,S
2021-07-02T09:18:35,100.0,90.9,S
2021-07-02T09:18:26,1200.0,90.9,S
2021-07-02T09:18:22,100.0,91.0,B
2021-07-02T09:18:18,100.0,91.0,B
2021-07-02T09:18:15,800.0,90.9,S
2021-07-02T09:18:13,100.0,90.9,S
2021-07-02T09:18:08,200.0,90.9,S
2021-07-02T09:18:08,1000.0,91.0,B
2021-07-02T09:18:08,100.0,90.9,S
2021-07-02T09:17:59,500.0,91.0,B
2021-07-02T09:17:59,500.0,91.0,B
2021-07-02T09:17:54,200.0,90.9,S
2021-07-02T09:17:44,2400.0,90.9,S
2021-07-02T09:17:41,100.0,90.2,S
2021-07-02T09:17:41,200.0,90.2,S
2021-07-02T09:17:40,1000.0,90.2,S
2021-07-02T09:17:40,600.0,90.4,S
2021-07-02T09:17:40,700.0,90.4,S
2021-07-02T09:17:40,500.0,90.4,S
2021-07-02T09:17:40,3600.0,90.4,S
2021-07-02T09:17:40,1500.0,90.5,S
2021-07-02T09:17:40,300.0,90.5,S
2021-07-02T09:17:40,1200.0,90.5,S
2021-07-02T09:17:40,100.0,90.5,S
2021-07-02T09:17:40,500.0,90.5,S
2021-07-02T09:17:40,1000.0,90.6,S
2021-07-02T09:17:40,900.0,90.6,S
2021-07-02T09:17:40,300.0,90.7,S
2021-07-02T09:17:40,200.0,90.7,S
2021-07-02T09:17:39,300.0,90.7,S
2021-07-02T09:17:39,300.0,90.8,S
2021-07-02T09:17:39,2400.0,90.8,S
2021-07-02T09:17:39,300.0,90.8,S
2021-07-02T09:17:39,900.0,90.8,S
2021-07-02T09:17:39,100.0,90.9,S
2021-07-02T09:17:39,200.0,90.9,S
2021-07-02T09:17:39,200.0,90.9,S
2021-07-02T09:17:39,200.0,90.9,S
2021-07-02T09:17:38,300.0,91.0,B
2021-07-02T09:17:35,600.0,90.9,S
2021-07-02T09:17:35,600.0,90.9,S
2021-07-02T09:17:29,600.0,90.9,S
2021-07-02T09:17:28,500.0,90.9,S
2021-07-02T09:17:26,600.0,91.0,B
2021-07-02T09:17:26,600.0,91.0,B
2021-07-02T09:17:24,1000.0,90.9,S
2021-07-02T09:17:04,100.0,90.9,S
2021-07-02T09:17:04,1400.0,90.9,S
2021-07-02T09:17:00,1000.0,90.9,S
2021-07-02T09:17:00,1400.0,90.9,S
2021-07-02T09:17:00,2600.0,90.9,S
2021-07-02T09:16:56,800.0,91.0,B
2021-07-02T09:16:53,200.0,91.0,B
2021-07-02T09:16:39,700.0,90.9,S
2021-07-02T09:16:39,2600.0,90.9,S
2021-07-02T09:16:39,100.0,90.9,S
2021-07-02T09:16:39,1600.0,90.9,S
2021-07-02T09:16:35,2000.0,90.9,S
2021-07-02T09:16:29,500.0,90.9,S
2021-07-02T09:15:57,500.0,91.0,B
2021-07-02T09:15:53,400.0,91.0,B
2021-07-02T09:15:52,3600.0,91.0,B
2021-07-02T09:15:32,200.0,90.9,S
2021-07-02T09:15:32,3900.0,91.0,B
