tradingTime,volume,price,side
2021-07-22T13:49:50,100.0,12.6,B
2021-07-22T13:49:14,100.0,12.6,B
2021-07-22T13:48:54,1000.0,12.6,B
2021-07-22T13:48:45,5100.0,12.55,B
2021-07-22T13:48:43,1000.0,12.55,B
2021-07-22T13:48:41,200.0,12.55,B
2021-07-22T13:48:34,2500.0,12.55,S
2021-07-22T13:48:34,4400.0,12.55,S
2021-07-22T13:48:06,600.0,12.55,B
2021-07-22T13:48:00,200.0,12.55,B
2021-07-22T13:47:58,1000.0,12.55,B
2021-07-22T13:47:55,100.0,12.55,B
2021-07-22T13:47:38,1300.0,12.55,B
2021-07-22T13:47:37,5100.0,12.55,S
2021-07-22T13:46:47,5000.0,12.55,S
2021-07-22T13:46:24,1400.0,12.6,B
2021-07-22T13:46:01,5000.0,12.6,B
2021-07-22T13:45:35,3600.0,12.55,S
2021-07-22T13:45:29,700.0,12.6,B
2021-07-22T13:45:15,5000.0,12.6,B
2021-07-22T13:44:16,5000.0,12.6,B
2021-07-22T13:44:04,500.0,12.6,B
2021-07-22T13:43:27,5000.0,12.6,B
2021-07-22T13:43:25,6000.0,12.55,S
2021-07-22T13:42:23,1000.0,12.6,B
2021-07-22T13:42:15,500.0,12.6,B
2021-07-22T13:41:58,400.0,12.6,B
2021-07-22T13:41:30,21100.0,12.6,B
2021-07-22T13:41:30,17900.0,12.6,B
2021-07-22T13:41:30,11000.0,12.55,B
2021-07-22T13:41:06,1900.0,12.55,B
2021-07-22T13:40:05,500.0,12.55,B
2021-07-22T13:39:55,600.0,12.55,B
2021-07-22T13:39:35,1000.0,12.55,B
2021-07-22T13:39:31,100.0,12.55,B
2021-07-22T13:39:20,500.0,12.55,S
2021-07-22T13:39:16,100.0,12.6,B
2021-07-22T13:38:46,200.0,12.55,S
2021-07-22T13:38:38,2000.0,12.55,B
2021-07-22T13:38:19,1300.0,12.55,S
2021-07-22T13:38:19,1500.0,12.55,S
2021-07-22T13:37:37,2800.0,12.6,B
2021-07-22T13:37:37,6000.0,12.6,B
2021-07-22T13:37:00,900.0,12.6,B
2021-07-22T13:33:19,1000.0,12.6,B
2021-07-22T13:33:04,5800.0,12.5,S
2021-07-22T13:33:04,4200.0,12.55,S
2021-07-22T13:32:55,500.0,12.6,B
2021-07-22T13:32:45,200.0,12.6,B
2021-07-22T13:32:38,1000.0,12.55,S
2021-07-22T13:32:20,200.0,12.6,B
2021-07-22T13:31:20,4100.0,12.6,S
2021-07-22T13:29:57,900.0,12.65,B
2021-07-22T13:29:46,2200.0,12.65,B
2021-07-22T13:29:46,3800.0,12.65,B
2021-07-22T13:29:46,4500.0,12.65,B
2021-07-22T13:29:46,100.0,12.65,B
2021-07-22T13:29:46,5400.0,12.65,B
2021-07-22T13:29:28,700.0,12.6,S
2021-07-22T13:29:17,100.0,12.6,S
2021-07-22T13:28:50,200.0,12.6,B
2021-07-22T13:28:34,800.0,12.6,B
2021-07-22T13:28:09,100.0,12.55,S
2021-07-22T13:27:52,1000.0,12.6,B
2021-07-22T13:27:21,2000.0,12.55,S
2021-07-22T13:27:19,1400.0,12.6,B
2021-07-22T13:26:58,2000.0,12.6,B
2021-07-22T13:26:35,1600.0,12.6,B
2021-07-22T13:26:35,400.0,12.6,B
2021-07-22T13:25:52,500.0,12.6,B
2021-07-22T13:24:50,5000.0,12.55,S
2021-07-22T13:24:31,100.0,12.6,S
2021-07-22T13:24:28,100.0,12.6,S
2021-07-22T13:24:06,1100.0,12.6,B
2021-07-22T13:24:06,1500.0,12.6,B
2021-07-22T13:24:06,1000.0,12.6,B
2021-07-22T13:24:06,1000.0,12.6,B
2021-07-22T13:24:06,200.0,12.6,B
2021-07-22T13:24:06,700.0,12.6,B
2021-07-22T13:24:06,2100.0,12.6,B
2021-07-22T13:24:06,5200.0,12.6,B
2021-07-22T13:24:06,2100.0,12.6,B
2021-07-22T13:24:06,1900.0,12.6,B
2021-07-22T13:23:28,1000.0,12.55,S
2021-07-22T13:23:27,100.0,12.55,S
2021-07-22T13:21:36,200.0,12.55,S
2021-07-22T13:21:17,2000.0,12.55,S
2021-07-22T13:20:55,700.0,12.55,S
2021-07-22T13:20:26,300.0,12.55,S
2021-07-22T13:19:23,3000.0,12.6,B
2021-07-22T13:18:57,200.0,12.6,B
2021-07-22T13:18:17,200.0,12.6,B
2021-07-22T13:18:17,200.0,12.6,B
2021-07-22T13:17:50,300.0,12.6,B
2021-07-22T13:15:47,100.0,12.6,B
2021-07-22T13:15:02,200.0,12.6,B
2021-07-22T13:14:37,500.0,12.6,B
2021-07-22T13:14:35,5000.0,12.6,B
2021-07-22T13:14:08,400.0,12.55,S
2021-07-22T13:13:56,400.0,12.55,S
2021-07-22T13:13:13,300.0,12.6,B
2021-07-22T13:12:17,1400.0,12.6,S
2021-07-22T13:11:58,1000.0,12.6,S
2021-07-22T13:11:26,400.0,12.6,S
2021-07-22T13:10:14,100.0,12.6,B
2021-07-22T13:09:57,400.0,12.6,S
2021-07-22T13:09:18,300.0,12.6,B
2021-07-22T13:08:43,300.0,12.6,B
2021-07-22T13:08:04,300.0,12.6,B
2021-07-22T13:08:03,300.0,12.6,B
2021-07-22T13:07:14,800.0,12.6,B
2021-07-22T13:07:04,2000.0,12.6,B
2021-07-22T13:07:02,500.0,12.6,B
2021-07-22T13:07:02,500.0,12.6,B
2021-07-22T13:06:58,500.0,12.6,B
2021-07-22T13:06:49,300.0,12.6,B
2021-07-22T13:06:49,200.0,12.6,B
2021-07-22T13:06:10,500.0,12.6,B
2021-07-22T13:06:10,600.0,12.6,B
2021-07-22T13:06:05,16000.0,12.6,B
2021-07-22T13:05:59,4200.0,12.6,B
2021-07-22T13:05:17,200.0,12.6,B
2021-07-22T13:04:34,100.0,12.6,B
2021-07-22T13:03:48,2000.0,12.6,B
2021-07-22T13:01:40,200.0,12.55,S
2021-07-22T13:00:37,500.0,12.6,B
2021-07-22T13:00:25,2000.0,12.55,S
2021-07-22T13:00:25,3200.0,12.55,B
2021-07-22T13:00:25,3600.0,12.55,B
2021-07-22T13:00:15,200.0,12.55,B
2021-07-22T13:00:12,2300.0,12.55,B
2021-07-22T13:00:12,700.0,12.55,B
2021-07-22T13:00:12,200.0,12.55,B
2021-07-22T13:00:12,800.0,12.55,B
2021-07-22T13:00:09,2000.0,12.55,B
2021-07-22T13:00:08,3000.0,12.55,B
2021-07-22T13:00:08,100.0,12.55,B
2021-07-22T13:00:08,100.0,12.55,B
2021-07-22T13:00:08,500.0,12.55,B
2021-07-22T11:29:42,100.0,12.55,B
2021-07-22T11:29:08,100.0,12.55,B
2021-07-22T11:28:57,100.0,12.55,B
2021-07-22T11:25:07,100.0,12.55,B
2021-07-22T11:24:53,2000.0,12.55,B
2021-07-22T11:23:14,100.0,12.55,B
2021-07-22T11:22:48,4100.0,12.55,B
2021-07-22T11:22:48,5000.0,12.55,B
2021-07-22T11:22:48,900.0,12.55,B
2021-07-22T11:22:30,1000.0,12.5,S
2021-07-22T11:22:22,300.0,12.55,B
2021-07-22T11:22:22,700.0,12.55,B
2021-07-22T11:21:04,400.0,12.55,B
2021-07-22T11:20:49,3800.0,12.55,B
2021-07-22T11:20:49,6200.0,12.55,B
2021-07-22T11:20:42,1600.0,12.5,S
2021-07-22T11:20:42,3000.0,12.5,S
2021-07-22T11:20:30,300.0,12.5,S
2021-07-22T11:18:44,800.0,12.55,S
2021-07-22T11:18:42,3000.0,12.55,S
2021-07-22T11:18:37,3000.0,12.55,S
2021-07-22T11:18:26,100.0,12.6,B
2021-07-22T11:17:05,1500.0,12.6,B
2021-07-22T11:16:33,500.0,12.6,B
2021-07-22T11:16:20,1000.0,12.55,S
2021-07-22T11:16:13,200.0,12.55,S
2021-07-22T11:16:12,1000.0,12.55,S
2021-07-22T11:16:07,100.0,12.55,S
2021-07-22T11:16:02,500.0,12.55,S
2021-07-22T11:15:40,5000.0,12.55,S
2021-07-22T11:15:37,200.0,12.5,S
2021-07-22T11:14:01,500.0,12.5,S
2021-07-22T11:13:37,500.0,12.6,B
2021-07-22T11:13:26,500.0,12.6,B
2021-07-22T11:11:32,400.0,12.6,B
2021-07-22T11:10:54,3000.0,12.5,S
2021-07-22T11:10:47,1000.0,12.6,B
2021-07-22T11:10:30,1300.0,12.6,S
2021-07-22T11:10:04,5000.0,12.6,S
2021-07-22T11:09:42,100.0,12.65,B
2021-07-22T11:09:39,100.0,12.65,B
2021-07-22T11:09:25,900.0,12.65,S
2021-07-22T11:09:20,1000.0,12.65,S
2021-07-22T11:09:11,3500.0,12.65,S
2021-07-22T11:09:08,1400.0,12.65,S
2021-07-22T11:08:59,3200.0,12.65,B
2021-07-22T11:08:34,100.0,12.65,B
2021-07-22T11:07:52,1200.0,12.65,B
2021-07-22T11:07:38,400.0,12.65,S
2021-07-22T11:07:16,1000.0,12.65,S
2021-07-22T11:06:52,300.0,12.65,B
2021-07-22T11:06:48,200.0,12.65,B
2021-07-22T11:06:44,100.0,12.65,B
2021-07-22T11:06:26,400.0,12.6,S
2021-07-22T11:06:21,1500.0,12.65,B
2021-07-22T11:06:21,2500.0,12.65,B
2021-07-22T11:06:21,1000.0,12.65,B
2021-07-22T11:05:32,2000.0,12.6,S
2021-07-22T11:05:11,400.0,12.6,B
2021-07-22T11:05:10,100.0,12.55,S
2021-07-22T11:04:45,7900.0,12.6,B
2021-07-22T11:04:45,200.0,12.6,B
2021-07-22T11:04:45,1000.0,12.6,B
2021-07-22T11:04:45,200.0,12.6,B
2021-07-22T11:04:45,4300.0,12.6,B
2021-07-22T11:04:45,1500.0,12.6,B
2021-07-22T11:04:45,2000.0,12.6,B
2021-07-22T11:04:45,100.0,12.6,B
2021-07-22T11:04:45,2200.0,12.6,B
2021-07-22T11:04:45,200.0,12.6,B
2021-07-22T11:04:45,400.0,12.55,B
2021-07-22T11:04:37,2000.0,12.5,S
2021-07-22T11:04:29,1100.0,12.55,B
2021-07-22T11:04:29,200.0,12.55,B
2021-07-22T11:04:29,2700.0,12.55,B
2021-07-22T11:04:07,500.0,12.5,S
2021-07-22T11:04:03,2600.0,12.5,B
2021-07-22T11:03:56,200.0,12.5,B
2021-07-22T11:03:56,3900.0,12.5,B
2021-07-22T11:03:47,2700.0,12.5,B
2021-07-22T11:03:47,800.0,12.5,B
2021-07-22T11:03:47,800.0,12.5,B
2021-07-22T11:03:33,100.0,12.5,B
2021-07-22T11:03:27,600.0,12.5,B
2021-07-22T11:03:27,100.0,12.5,B
2021-07-22T11:03:27,2300.0,12.5,B
2021-07-22T11:03:21,4800.0,12.5,B
2021-07-22T11:03:09,1100.0,12.5,B
2021-07-22T11:02:42,100.0,12.5,B
2021-07-22T11:02:26,3000.0,12.5,B
2021-07-22T11:02:24,1000.0,12.45,S
2021-07-22T11:01:47,200.0,12.5,B
2021-07-22T11:01:45,400.0,12.5,B
2021-07-22T11:01:28,500.0,12.5,B
2021-07-22T11:01:24,500.0,12.5,B
2021-07-22T11:01:24,500.0,12.5,B
2021-07-22T11:01:19,2800.0,12.5,B
2021-07-22T11:01:19,2200.0,12.5,B
2021-07-22T11:01:18,1000.0,12.5,B
2021-07-22T11:00:02,100.0,12.5,B
2021-07-22T10:59:39,200.0,12.5,B
2021-07-22T10:59:13,5000.0,12.5,B
2021-07-22T10:57:38,200.0,12.45,B
2021-07-22T10:57:38,2800.0,12.45,B
2021-07-22T10:57:13,500.0,12.45,B
2021-07-22T10:57:08,1500.0,12.45,B
2021-07-22T10:57:04,3000.0,12.45,B
2021-07-22T10:55:32,10000.0,12.45,B
2021-07-22T10:55:24,30000.0,12.4,S
2021-07-22T10:53:36,500.0,12.45,B
2021-07-22T10:53:25,100.0,12.45,B
2021-07-22T10:53:15,5000.0,12.4,S
2021-07-22T10:51:20,500.0,12.45,B
2021-07-22T10:50:17,3200.0,12.45,B
2021-07-22T10:50:02,100.0,12.45,B
2021-07-22T10:49:47,500.0,12.45,B
2021-07-22T10:48:31,1400.0,12.4,S
2021-07-22T10:46:39,6100.0,12.45,B
2021-07-22T10:46:39,6600.0,12.45,B
2021-07-22T10:46:39,300.0,12.45,B
2021-07-22T10:46:39,5000.0,12.45,B
2021-07-22T10:46:32,500.0,12.4,S
2021-07-22T10:45:05,100.0,12.4,S
2021-07-22T10:44:43,200.0,12.4,S
2021-07-22T10:44:16,300.0,12.4,S
2021-07-22T10:44:09,200.0,12.4,S
2021-07-22T10:43:34,1200.0,12.4,S
2021-07-22T10:43:28,7100.0,12.4,B
2021-07-22T10:42:54,100.0,12.4,S
2021-07-22T10:42:54,12800.0,12.4,S
2021-07-22T10:42:50,100.0,12.4,S
2021-07-22T10:42:39,500.0,12.4,S
2021-07-22T10:42:03,2000.0,12.4,S
2021-07-22T10:41:11,3000.0,12.4,S
2021-07-22T10:39:55,5000.0,12.4,S
2021-07-22T10:39:07,3000.0,12.4,S
2021-07-22T10:38:12,2000.0,12.4,S
2021-07-22T10:37:57,500.0,12.4,S
2021-07-22T10:37:38,200.0,12.4,S
2021-07-22T10:36:25,2900.0,12.4,B
2021-07-22T10:35:30,500.0,12.4,S
2021-07-22T10:35:30,1700.0,12.4,S
2021-07-22T10:34:59,100.0,12.45,B
2021-07-22T10:34:20,300.0,12.45,B
2021-07-22T10:34:02,4000.0,12.4,S
2021-07-22T10:33:42,2000.0,12.4,S
2021-07-22T10:32:23,100.0,12.45,B
2021-07-22T10:31:57,100.0,12.45,B
2021-07-22T10:31:39,100.0,12.45,B
2021-07-22T10:31:09,100.0,12.4,S
2021-07-22T10:30:44,2400.0,12.4,B
2021-07-22T10:30:39,100.0,12.4,B
2021-07-22T10:30:28,300.0,12.4,B
2021-07-22T10:30:14,200.0,12.4,B
2021-07-22T10:29:48,1000.0,12.4,B
2021-07-22T10:29:25,300.0,12.4,B
2021-07-22T10:28:28,100.0,12.4,B
2021-07-22T10:28:27,200.0,12.35,S
2021-07-22T10:28:21,10000.0,12.35,S
2021-07-22T10:27:10,200.0,12.4,B
2021-07-22T10:26:56,500.0,12.4,S
2021-07-22T10:26:45,700.0,12.4,S
2021-07-22T10:25:37,19800.0,12.4,B
2021-07-22T10:25:29,100.0,12.4,B
2021-07-22T10:25:12,2000.0,12.4,B
2021-07-22T10:25:01,100.0,12.4,B
2021-07-22T10:24:55,2000.0,12.4,B
2021-07-22T10:24:48,700.0,12.35,S
2021-07-22T10:23:48,200.0,12.35,S
2021-07-22T10:23:48,800.0,12.35,S
2021-07-22T10:23:17,200.0,12.4,B
2021-07-22T10:23:15,2000.0,12.4,B
2021-07-22T10:22:55,400.0,12.4,B
2021-07-22T10:22:10,200.0,12.4,B
2021-07-22T10:21:50,1000.0,12.4,B
2021-07-22T10:21:23,400.0,12.4,B
2021-07-22T10:20:50,500.0,12.4,B
2021-07-22T10:20:42,100.0,12.4,B
2021-07-22T10:20:41,1000.0,12.4,S
2021-07-22T10:20:41,2300.0,12.4,S
2021-07-22T10:20:41,700.0,12.4,S
2021-07-22T10:20:36,100.0,12.45,B
2021-07-22T10:20:22,5000.0,12.4,S
2021-07-22T10:20:21,11700.0,12.4,S
2021-07-22T10:19:52,6000.0,12.4,S
2021-07-22T10:18:17,100.0,12.4,S
2021-07-22T10:17:53,2000.0,12.4,S
2021-07-22T10:17:03,4000.0,12.4,S
2021-07-22T10:16:44,100.0,12.45,B
2021-07-22T10:16:36,500.0,12.45,B
2021-07-22T10:16:28,500.0,12.45,B
2021-07-22T10:15:40,300.0,12.45,B
2021-07-22T10:15:24,100.0,12.45,B
2021-07-22T10:14:57,100.0,12.45,B
2021-07-22T10:14:50,500.0,12.45,B
2021-07-22T10:14:41,300.0,12.45,B
2021-07-22T10:13:39,800.0,12.45,S
2021-07-22T10:13:33,1100.0,12.45,S
2021-07-22T10:13:20,3100.0,12.45,S
2021-07-22T10:13:20,5200.0,12.45,S
2021-07-22T10:13:20,500.0,12.45,S
2021-07-22T10:13:20,1200.0,12.45,S
2021-07-22T10:11:32,600.0,12.45,S
2021-07-22T10:11:32,400.0,12.45,S
2021-07-22T10:11:14,4000.0,12.45,S
2021-07-22T10:09:58,200.0,12.45,S
2021-07-22T10:09:51,1000.0,12.45,S
2021-07-22T10:08:46,300.0,12.45,S
2021-07-22T10:08:01,1000.0,12.45,S
2021-07-22T10:07:38,100.0,12.45,S
2021-07-22T10:07:37,100.0,12.5,B
2021-07-22T10:07:35,2000.0,12.45,S
2021-07-22T10:06:48,1900.0,12.45,B
2021-07-22T10:06:32,25000.0,12.45,B
2021-07-22T10:05:44,100.0,12.45,B
2021-07-22T10:05:26,100.0,12.4,S
2021-07-22T10:05:13,6000.0,12.4,S
2021-07-22T10:05:02,100.0,12.4,S
2021-07-22T10:04:58,1500.0,12.45,B
2021-07-22T10:04:41,200.0,12.45,B
2021-07-22T10:03:17,500.0,12.4,S
2021-07-22T10:03:01,200.0,12.45,B
2021-07-22T10:02:57,400.0,12.4,S
2021-07-22T10:02:57,1600.0,12.4,S
2021-07-22T10:02:57,400.0,12.4,S
2021-07-22T10:02:38,1700.0,12.4,S
2021-07-22T10:02:38,1300.0,12.4,S
2021-07-22T10:01:40,200.0,12.45,B
2021-07-22T10:00:48,300.0,12.45,S
2021-07-22T10:00:39,2000.0,12.45,S
2021-07-22T10:00:36,700.0,12.45,S
2021-07-22T10:00:36,5100.0,12.45,S
2021-07-22T10:00:36,2200.0,12.45,S
2021-07-22T10:00:36,3000.0,12.45,S
2021-07-22T10:00:36,9000.0,12.45,S
2021-07-22T10:00:36,5000.0,12.5,B
2021-07-22T10:00:31,1000.0,12.45,S
2021-07-22T09:59:12,1100.0,12.45,S
2021-07-22T09:56:27,5000.0,12.45,B
2021-07-22T09:56:25,600.0,12.45,B
2021-07-22T09:56:23,500.0,12.45,B
2021-07-22T09:56:16,300.0,12.45,B
2021-07-22T09:56:08,5000.0,12.45,B
2021-07-22T09:55:02,300.0,12.45,B
2021-07-22T09:54:24,100.0,12.45,B
2021-07-22T09:53:17,1400.0,12.45,B
2021-07-22T09:52:24,100.0,12.4,S
2021-07-22T09:52:15,1000.0,12.4,S
2021-07-22T09:52:08,100.0,12.4,S
2021-07-22T09:51:34,1800.0,12.4,S
2021-07-22T09:50:33,100.0,12.4,S
2021-07-22T09:50:25,100.0,12.45,B
2021-07-22T09:50:25,100.0,12.45,B
2021-07-22T09:49:36,2300.0,12.4,B
2021-07-22T09:49:17,15000.0,12.4,B
2021-07-22T09:48:29,400.0,12.35,S
2021-07-22T09:48:12,4000.0,12.4,B
2021-07-22T09:48:10,1000.0,12.4,B
2021-07-22T09:48:02,1000.0,12.4,B
2021-07-22T09:47:12,200.0,12.4,B
2021-07-22T09:46:01,500.0,12.4,B
2021-07-22T09:45:43,100.0,12.4,B
2021-07-22T09:45:20,1000.0,12.4,B
2021-07-22T09:44:40,5100.0,12.4,B
2021-07-22T09:44:25,100.0,12.35,B
2021-07-22T09:44:15,300.0,12.35,B
2021-07-22T09:43:52,1200.0,12.35,S
2021-07-22T09:43:52,100.0,12.4,B
2021-07-22T09:42:45,500.0,12.35,S
2021-07-22T09:42:22,900.0,12.35,B
2021-07-22T09:41:53,2700.0,12.35,S
2021-07-22T09:41:41,1500.0,12.35,S
2021-07-22T09:41:41,2400.0,12.35,S
2021-07-22T09:41:41,1000.0,12.35,S
2021-07-22T09:41:41,100.0,12.35,S
2021-07-22T09:40:27,1000.0,12.4,B
2021-07-22T09:40:02,100.0,12.4,B
2021-07-22T09:39:27,1000.0,12.4,B
2021-07-22T09:39:15,1000.0,12.4,B
2021-07-22T09:37:58,300.0,12.35,S
2021-07-22T09:37:31,100.0,12.35,S
2021-07-22T09:36:52,300.0,12.4,B
2021-07-22T09:36:18,200.0,12.4,B
2021-07-22T09:35:56,100.0,12.4,B
2021-07-22T09:35:20,100.0,12.4,S
2021-07-22T09:35:14,100.0,12.4,B
2021-07-22T09:35:07,100.0,12.4,B
2021-07-22T09:35:02,200.0,12.4,B
2021-07-22T09:34:41,1900.0,12.4,S
2021-07-22T09:34:41,800.0,12.4,S
2021-07-22T09:34:41,1000.0,12.4,S
2021-07-22T09:33:47,100.0,12.4,S
2021-07-22T09:33:22,1400.0,12.45,B
2021-07-22T09:32:49,100.0,12.5,B
2021-07-22T09:32:39,100.0,12.5,B
2021-07-22T09:30:56,2200.0,12.5,B
2021-07-22T09:30:56,500.0,12.5,B
2021-07-22T09:30:14,300.0,12.5,B
2021-07-22T09:29:29,1000.0,12.5,B
2021-07-22T09:29:18,1900.0,12.4,S
2021-07-22T09:28:45,500.0,12.4,B
2021-07-22T09:28:42,2000.0,12.4,B
2021-07-22T09:28:22,200.0,12.4,B
2021-07-22T09:28:04,200.0,12.4,B
2021-07-22T09:27:51,100.0,12.4,B
2021-07-22T09:27:42,400.0,12.4,B
2021-07-22T09:27:41,500.0,12.35,S
2021-07-22T09:27:32,1000.0,12.4,B
2021-07-22T09:27:18,1400.0,12.35,B
2021-07-22T09:27:13,600.0,12.35,S
2021-07-22T09:26:57,400.0,12.35,B
2021-07-22T09:26:50,1700.0,12.3,S
2021-07-22T09:26:36,200.0,12.35,B
2021-07-22T09:26:35,2000.0,12.3,S
2021-07-22T09:25:39,100.0,12.3,S
2021-07-22T09:25:29,400.0,12.3,B
2021-07-22T09:25:27,3000.0,12.3,B
2021-07-22T09:25:24,600.0,12.25,S
2021-07-22T09:25:24,1600.0,12.3,B
2021-07-22T09:25:20,1000.0,12.3,B
2021-07-22T09:25:12,7000.0,12.3,B
2021-07-22T09:24:52,100.0,12.25,S
2021-07-22T09:24:31,200.0,12.3,B
2021-07-22T09:24:11,4000.0,12.3,B
2021-07-22T09:24:07,1000.0,12.3,B
2021-07-22T09:23:41,100.0,12.3,S
2021-07-22T09:23:32,1400.0,12.3,B
2021-07-22T09:23:27,100.0,12.3,B
2021-07-22T09:22:07,600.0,12.3,S
2021-07-22T09:21:59,200.0,12.3,B
2021-07-22T09:21:37,500.0,12.3,B
2021-07-22T09:21:32,100.0,12.3,B
2021-07-22T09:21:03,300.0,12.3,B
2021-07-22T09:21:03,600.0,12.3,B
2021-07-22T09:20:49,3200.0,12.25,S
2021-07-22T09:19:14,100.0,12.25,B
2021-07-22T09:18:44,100.0,12.2,S
2021-07-22T09:18:37,400.0,12.2,S
2021-07-22T09:18:28,200.0,12.2,S
2021-07-22T09:18:15,100.0,12.2,S
2021-07-22T09:18:08,200.0,12.25,B
2021-07-22T09:17:48,1000.0,12.3,B
2021-07-22T09:17:34,100.0,12.3,S
2021-07-22T09:17:10,300.0,12.35,B
2021-07-22T09:16:58,200.0,12.35,B
2021-07-22T09:16:33,1600.0,12.35,S
2021-07-22T09:15:05,100.0,12.35,S
