tradingTime,volume,price,side
2021-07-22T13:49:59,1800.0,40.95,B
2021-07-22T13:49:59,8200.0,40.95,B
2021-07-22T13:49:52,100.0,40.95,B
2021-07-22T13:49:46,200.0,40.95,B
2021-07-22T13:49:38,200.0,40.95,B
2021-07-22T13:49:34,1200.0,40.9,S
2021-07-22T13:49:34,100.0,40.9,S
2021-07-22T13:49:34,2000.0,40.9,S
2021-07-22T13:49:34,1000.0,40.9,S
2021-07-22T13:49:34,3000.0,40.9,S
2021-07-22T13:49:34,600.0,40.9,S
2021-07-22T13:49:34,2100.0,40.9,S
2021-07-22T13:49:16,1400.0,40.95,B
2021-07-22T13:49:13,100.0,40.95,B
2021-07-22T13:48:43,500.0,40.95,B
2021-07-22T13:48:15,400.0,40.95,B
2021-07-22T13:48:00,200.0,40.95,B
2021-07-22T13:47:42,800.0,40.95,S
2021-07-22T13:47:30,600.0,40.95,S
2021-07-22T13:47:30,1500.0,40.95,S
2021-07-22T13:47:30,7100.0,40.95,S
2021-07-22T13:47:30,700.0,40.95,S
2021-07-22T13:47:30,100.0,40.95,S
2021-07-22T13:47:11,100.0,41.0,B
2021-07-22T13:47:10,500.0,41.0,B
2021-07-22T13:47:02,100.0,41.0,B
2021-07-22T13:46:06,1000.0,41.0,B
2021-07-22T13:45:44,200.0,41.0,B
2021-07-22T13:44:48,500.0,40.95,S
2021-07-22T13:44:43,800.0,41.0,B
2021-07-22T13:44:15,200.0,40.95,S
2021-07-22T13:44:09,3000.0,40.95,S
2021-07-22T13:44:06,100.0,40.95,S
2021-07-22T13:43:58,100.0,40.95,S
2021-07-22T13:43:58,900.0,40.95,S
2021-07-22T13:43:25,1000.0,40.95,B
2021-07-22T13:43:25,4600.0,40.95,B
2021-07-22T13:42:52,900.0,40.95,B
2021-07-22T13:42:35,1000.0,40.95,B
2021-07-22T13:42:35,500.0,40.95,B
2021-07-22T13:42:35,200.0,40.95,B
2021-07-22T13:42:19,100.0,40.95,S
2021-07-22T13:42:17,1900.0,40.95,B
2021-07-22T13:42:14,100.0,40.95,B
2021-07-22T13:42:08,1000.0,40.95,S
2021-07-22T13:41:52,5000.0,40.95,S
2021-07-22T13:41:15,200.0,40.95,S
2021-07-22T13:40:58,2000.0,40.95,S
2021-07-22T13:40:23,600.0,40.95,B
2021-07-22T13:40:23,5000.0,40.95,B
2021-07-22T13:40:23,1600.0,40.95,B
2021-07-22T13:40:23,900.0,40.9,S
2021-07-22T13:40:23,1100.0,40.9,S
2021-07-22T13:39:52,1500.0,40.95,B
2021-07-22T13:39:50,3000.0,40.9,S
2021-07-22T13:39:50,2900.0,40.9,S
2021-07-22T13:39:50,14100.0,40.9,S
2021-07-22T13:39:49,1300.0,40.95,B
2021-07-22T13:39:49,3700.0,40.95,B
2021-07-22T13:39:43,200.0,40.9,S
2021-07-22T13:39:37,100.0,40.95,B
2021-07-22T13:39:32,200.0,40.95,B
2021-07-22T13:39:28,100.0,40.95,B
2021-07-22T13:39:27,100.0,40.95,B
2021-07-22T13:39:23,200.0,40.95,B
2021-07-22T13:39:17,5000.0,40.95,B
2021-07-22T13:39:14,200.0,40.95,B
2021-07-22T13:39:05,100.0,40.95,B
2021-07-22T13:38:46,900.0,40.95,B
2021-07-22T13:38:44,200.0,40.95,B
2021-07-22T13:38:35,100.0,40.95,B
2021-07-22T13:38:32,200.0,40.95,B
2021-07-22T13:38:23,100.0,40.95,B
2021-07-22T13:38:18,1800.0,40.9,S
2021-07-22T13:38:07,700.0,40.95,B
2021-07-22T13:38:05,500.0,40.9,S
2021-07-22T13:37:39,100.0,40.9,S
2021-07-22T13:37:33,300.0,40.9,S
2021-07-22T13:37:26,200.0,40.95,B
2021-07-22T13:37:14,100.0,40.95,B
2021-07-22T13:37:07,500.0,40.9,S
2021-07-22T13:36:53,100.0,40.95,B
2021-07-22T13:36:47,600.0,40.95,B
2021-07-22T13:36:47,700.0,40.95,B
2021-07-22T13:36:33,200.0,40.95,B
2021-07-22T13:36:22,200.0,40.95,B
2021-07-22T13:36:13,2900.0,40.95,B
2021-07-22T13:36:10,4100.0,40.9,S
2021-07-22T13:36:10,300.0,40.9,S
2021-07-22T13:36:10,5600.0,40.9,S
2021-07-22T13:36:10,100.0,40.95,B
2021-07-22T13:36:04,200.0,40.95,B
2021-07-22T13:36:02,200.0,40.9,S
2021-07-22T13:35:57,200.0,40.95,B
2021-07-22T13:35:49,300.0,40.95,B
2021-07-22T13:35:39,100.0,40.95,B
2021-07-22T13:35:32,200.0,40.95,B
2021-07-22T13:35:25,200.0,40.95,B
2021-07-22T13:35:17,1500.0,40.95,B
2021-07-22T13:35:14,200.0,40.95,B
2021-07-22T13:35:12,400.0,40.95,B
2021-07-22T13:35:09,100.0,40.95,B
2021-07-22T13:34:54,10000.0,40.9,S
2021-07-22T13:33:36,900.0,40.9,S
2021-07-22T13:33:30,10000.0,40.9,S
2021-07-22T13:33:10,2600.0,40.9,S
2021-07-22T13:33:10,1500.0,40.9,S
2021-07-22T13:33:10,1100.0,40.9,S
2021-07-22T13:33:10,4800.0,40.9,S
2021-07-22T13:33:01,300.0,40.9,S
2021-07-22T13:32:31,100.0,40.95,B
2021-07-22T13:32:02,200.0,40.9,S
2021-07-22T13:32:01,1000.0,40.9,S
2021-07-22T13:31:53,200.0,40.9,S
2021-07-22T13:31:53,100.0,40.9,S
2021-07-22T13:31:44,10000.0,40.9,S
2021-07-22T13:31:06,1000.0,40.95,B
2021-07-22T13:30:53,1000.0,40.9,S
2021-07-22T13:30:45,3900.0,40.9,B
2021-07-22T13:30:43,500.0,40.9,B
2021-07-22T13:30:42,500.0,40.9,B
2021-07-22T13:30:40,100.0,40.9,B
2021-07-22T13:30:38,2700.0,40.9,B
2021-07-22T13:30:30,600.0,40.9,B
2021-07-22T13:30:28,200.0,40.9,B
2021-07-22T13:30:12,600.0,40.9,B
2021-07-22T13:30:12,400.0,40.9,B
2021-07-22T13:30:12,1000.0,40.9,B
2021-07-22T13:30:12,4500.0,40.9,B
2021-07-22T13:30:10,500.0,40.9,B
2021-07-22T13:30:07,300.0,40.9,B
2021-07-22T13:29:49,4900.0,40.9,B
2021-07-22T13:29:47,400.0,40.9,B
2021-07-22T13:29:47,500.0,40.9,B
2021-07-22T13:29:47,100.0,40.9,B
2021-07-22T13:29:42,100.0,40.9,B
2021-07-22T13:29:28,700.0,40.9,B
2021-07-22T13:29:10,300.0,40.9,B
2021-07-22T13:28:56,100.0,40.9,B
2021-07-22T13:28:42,100.0,40.9,B
2021-07-22T13:28:18,500.0,40.85,S
2021-07-22T13:28:14,200.0,40.9,B
2021-07-22T13:28:03,1000.0,40.85,S
2021-07-22T13:27:58,100.0,40.9,B
2021-07-22T13:27:24,200.0,40.9,B
2021-07-22T13:27:07,600.0,40.85,S
2021-07-22T13:26:37,3600.0,40.85,S
2021-07-22T13:26:37,200.0,40.85,S
2021-07-22T13:26:37,700.0,40.85,S
2021-07-22T13:26:37,2300.0,40.85,S
2021-07-22T13:26:37,3200.0,40.85,S
2021-07-22T13:26:14,100.0,40.9,B
2021-07-22T13:26:05,100.0,40.9,B
2021-07-22T13:26:02,300.0,40.9,B
2021-07-22T13:26:00,200.0,40.9,B
2021-07-22T13:25:53,200.0,40.9,B
2021-07-22T13:25:45,200.0,40.9,B
2021-07-22T13:25:39,500.0,40.9,B
2021-07-22T13:25:36,100.0,40.9,B
2021-07-22T13:25:35,100.0,40.9,B
2021-07-22T13:25:27,200.0,40.9,B
2021-07-22T13:25:22,500.0,40.9,B
2021-07-22T13:24:51,900.0,40.9,B
2021-07-22T13:24:39,100.0,40.9,B
2021-07-22T13:24:35,1000.0,40.9,B
2021-07-22T13:24:33,100.0,40.9,B
2021-07-22T13:24:29,10000.0,40.9,B
2021-07-22T13:24:24,200.0,40.9,B
2021-07-22T13:24:14,100.0,40.9,B
2021-07-22T13:24:12,900.0,40.9,B
2021-07-22T13:24:08,200.0,40.9,B
2021-07-22T13:23:59,100.0,40.9,B
2021-07-22T13:23:58,2000.0,40.85,S
2021-07-22T13:23:49,200.0,40.9,B
2021-07-22T13:23:42,100.0,40.9,B
2021-07-22T13:22:36,100.0,40.85,S
2021-07-22T13:22:14,2000.0,40.85,S
2021-07-22T13:22:03,100.0,40.9,B
2021-07-22T13:21:28,100.0,40.9,B
2021-07-22T13:21:08,2000.0,40.85,S
2021-07-22T13:20:17,2000.0,40.85,S
2021-07-22T13:20:11,1500.0,40.85,S
2021-07-22T13:20:11,1700.0,40.85,S
2021-07-22T13:20:11,1100.0,40.85,S
2021-07-22T13:20:11,700.0,40.85,S
2021-07-22T13:20:07,1200.0,40.9,B
2021-07-22T13:19:52,200.0,40.9,B
2021-07-22T13:19:38,100.0,40.9,B
2021-07-22T13:19:36,2000.0,40.85,S
2021-07-22T13:18:23,600.0,40.85,S
2021-07-22T13:18:11,1000.0,40.9,B
2021-07-22T13:18:06,100.0,40.9,B
2021-07-22T13:17:14,1000.0,40.9,B
2021-07-22T13:16:30,100.0,40.9,B
2021-07-22T13:15:29,500.0,40.9,B
2021-07-22T13:15:27,100.0,40.9,B
2021-07-22T13:15:22,300.0,40.9,B
2021-07-22T13:14:50,200.0,40.9,B
2021-07-22T13:14:45,300.0,40.9,B
2021-07-22T13:14:44,700.0,40.9,B
2021-07-22T13:14:27,500.0,40.9,B
2021-07-22T13:14:14,200.0,40.9,B
2021-07-22T13:14:13,500.0,40.9,B
2021-07-22T13:13:50,1400.0,40.9,S
2021-07-22T13:13:50,26700.0,40.9,S
2021-07-22T13:13:50,100.0,40.95,B
2021-07-22T13:13:50,100.0,40.95,B
2021-07-22T13:13:37,1000.0,40.95,B
2021-07-22T13:13:27,200.0,40.95,B
2021-07-22T13:13:15,400.0,40.95,B
2021-07-22T13:13:08,100.0,40.95,B
2021-07-22T13:13:07,100.0,40.95,B
2021-07-22T13:12:35,5700.0,40.95,S
2021-07-22T13:12:17,300.0,40.95,S
2021-07-22T13:12:14,300.0,40.95,S
2021-07-22T13:12:07,1600.0,41.0,B
2021-07-22T13:11:39,500.0,40.95,S
2021-07-22T13:11:33,3200.0,40.95,B
2021-07-22T13:11:31,200.0,40.95,B
2021-07-22T13:11:24,1600.0,40.95,S
2021-07-22T13:11:10,1000.0,40.95,S
2021-07-22T13:11:10,4000.0,40.95,S
2021-07-22T13:10:48,300.0,40.95,S
2021-07-22T13:10:15,100.0,40.95,S
2021-07-22T13:09:58,5600.0,40.95,B
2021-07-22T13:09:55,200.0,40.95,B
2021-07-22T13:09:44,500.0,40.95,B
2021-07-22T13:09:40,100.0,40.95,B
2021-07-22T13:09:32,1000.0,40.95,B
2021-07-22T13:09:32,300.0,40.95,B
2021-07-22T13:09:11,2300.0,40.95,S
2021-07-22T13:08:16,100.0,41.0,B
2021-07-22T13:07:50,1300.0,41.0,B
2021-07-22T13:07:50,2200.0,41.0,B
2021-07-22T13:07:50,700.0,40.95,B
2021-07-22T13:07:50,800.0,40.95,B
2021-07-22T13:07:37,100.0,40.95,B
2021-07-22T13:07:31,10000.0,40.95,B
2021-07-22T13:07:06,1000.0,40.9,S
2021-07-22T13:07:00,5000.0,40.95,B
2021-07-22T13:06:56,100.0,40.9,S
2021-07-22T13:06:14,2800.0,40.9,B
2021-07-22T13:06:08,500.0,40.9,B
2021-07-22T13:06:04,2000.0,40.9,B
2021-07-22T13:05:30,5000.0,40.9,B
2021-07-22T13:05:08,1100.0,40.9,S
2021-07-22T13:05:08,900.0,40.9,S
2021-07-22T13:05:08,18300.0,40.9,S
2021-07-22T13:05:08,10000.0,40.9,S
2021-07-22T13:05:08,100.0,40.9,S
2021-07-22T13:05:08,1000.0,40.9,S
2021-07-22T13:05:08,200.0,40.9,S
2021-07-22T13:05:08,1200.0,40.9,S
2021-07-22T13:05:08,800.0,40.9,S
2021-07-22T13:05:08,1100.0,40.9,S
2021-07-22T13:05:08,2000.0,40.9,S
2021-07-22T13:05:08,300.0,40.9,S
2021-07-22T13:05:08,2700.0,40.9,S
2021-07-22T13:05:07,300.0,40.95,B
2021-07-22T13:04:24,500.0,40.9,S
2021-07-22T13:04:24,4500.0,40.9,S
2021-07-22T13:04:22,100.0,40.95,B
2021-07-22T13:04:01,1000.0,40.95,B
2021-07-22T13:03:38,1000.0,40.95,B
2021-07-22T13:02:53,1000.0,40.95,B
2021-07-22T13:02:27,700.0,40.95,S
2021-07-22T13:02:22,300.0,40.95,S
2021-07-22T13:01:37,2000.0,40.95,B
2021-07-22T13:01:11,600.0,40.95,S
2021-07-22T13:01:11,100.0,40.95,S
2021-07-22T13:01:11,7000.0,40.95,S
2021-07-22T13:00:20,300.0,40.95,S
2021-07-22T13:00:09,300.0,40.95,B
2021-07-22T13:00:09,800.0,40.95,B
2021-07-22T13:00:09,900.0,40.95,B
2021-07-22T13:00:08,100.0,40.95,B
2021-07-22T13:00:08,2000.0,40.95,B
2021-07-22T13:00:08,100.0,40.9,S
2021-07-22T13:00:08,100.0,40.95,B
2021-07-22T13:00:04,400.0,40.95,B
2021-07-22T11:29:40,100.0,40.95,B
2021-07-22T11:29:11,100.0,40.95,B
2021-07-22T11:28:58,300.0,40.95,B
2021-07-22T11:28:58,100.0,40.95,B
2021-07-22T11:28:58,300.0,40.95,B
2021-07-22T11:28:25,700.0,40.95,B
2021-07-22T11:28:05,1000.0,40.9,S
2021-07-22T11:27:06,200.0,40.95,B
2021-07-22T11:26:58,2000.0,40.95,B
2021-07-22T11:26:44,200.0,40.9,S
2021-07-22T11:26:41,1000.0,40.95,B
2021-07-22T11:26:20,1000.0,40.95,B
2021-07-22T11:25:38,100.0,40.95,B
2021-07-22T11:25:32,300.0,40.95,B
2021-07-22T11:25:16,200.0,40.95,B
2021-07-22T11:23:36,1000.0,40.95,S
2021-07-22T11:23:36,200.0,40.95,S
2021-07-22T11:22:59,5000.0,41.0,B
2021-07-22T11:22:47,100.0,41.0,B
2021-07-22T11:22:43,1000.0,41.0,B
2021-07-22T11:22:17,100.0,41.0,B
2021-07-22T11:21:27,600.0,41.0,B
2021-07-22T11:21:24,400.0,41.0,B
2021-07-22T11:21:18,300.0,40.95,S
2021-07-22T11:21:13,500.0,40.95,S
2021-07-22T11:21:04,700.0,41.0,B
2021-07-22T11:20:08,100.0,41.0,B
2021-07-22T11:19:58,100.0,41.0,B
2021-07-22T11:19:35,300.0,41.0,B
2021-07-22T11:19:35,400.0,41.0,B
2021-07-22T11:19:34,500.0,41.0,B
2021-07-22T11:19:30,5000.0,41.0,B
2021-07-22T11:19:29,500.0,41.0,B
2021-07-22T11:19:24,100.0,41.0,B
2021-07-22T11:19:13,1000.0,41.0,S
2021-07-22T11:19:13,2400.0,41.0,S
2021-07-22T11:19:02,3700.0,41.0,S
2021-07-22T11:19:02,200.0,41.0,S
2021-07-22T11:19:00,1100.0,41.0,S
2021-07-22T11:19:00,100.0,41.0,S
2021-07-22T11:19:00,500.0,41.0,S
2021-07-22T11:19:00,2200.0,41.0,S
2021-07-22T11:19:00,5200.0,41.0,S
2021-07-22T11:19:00,400.0,41.0,S
2021-07-22T11:18:56,300.0,41.0,S
2021-07-22T11:18:50,400.0,41.0,S
2021-07-22T11:18:45,3200.0,41.0,S
2021-07-22T11:18:42,1000.0,41.0,S
2021-07-22T11:18:39,5000.0,41.0,S
2021-07-22T11:18:28,200.0,41.0,S
2021-07-22T11:18:12,5000.0,41.0,S
2021-07-22T11:17:55,100.0,41.05,B
2021-07-22T11:17:42,100.0,41.05,B
2021-07-22T11:17:19,1000.0,41.0,S
2021-07-22T11:17:19,5000.0,41.0,S
2021-07-22T11:17:04,4200.0,41.0,S
2021-07-22T11:17:04,500.0,41.0,S
2021-07-22T11:17:04,300.0,41.0,S
2021-07-22T11:16:42,100.0,41.0,S
2021-07-22T11:16:29,1300.0,41.05,B
2021-07-22T11:15:36,100.0,41.0,S
2021-07-22T11:15:32,2000.0,41.05,B
2021-07-22T11:15:14,300.0,41.05,S
2021-07-22T11:15:14,200.0,41.05,S
2021-07-22T11:15:14,2300.0,41.05,S
2021-07-22T11:15:02,100.0,41.05,S
2021-07-22T11:13:52,1900.0,41.05,B
2021-07-22T11:13:52,1100.0,41.05,S
2021-07-22T11:13:47,3000.0,41.05,S
2021-07-22T11:13:39,1000.0,41.05,S
2021-07-22T11:12:50,1000.0,41.1,B
2021-07-22T11:12:49,2000.0,41.05,S
2021-07-22T11:12:23,900.0,41.05,B
2021-07-22T11:12:23,1000.0,41.05,B
2021-07-22T11:12:19,100.0,41.05,B
2021-07-22T11:12:05,100.0,41.05,S
2021-07-22T11:12:04,3500.0,41.1,B
2021-07-22T11:12:04,2900.0,41.1,B
2021-07-22T11:12:04,1100.0,41.1,B
2021-07-22T11:12:04,200.0,41.1,B
2021-07-22T11:12:04,1900.0,41.1,B
2021-07-22T11:12:01,2500.0,41.05,S
2021-07-22T11:11:59,500.0,41.1,B
2021-07-22T11:11:40,400.0,41.05,B
2021-07-22T11:11:35,1000.0,41.05,B
2021-07-22T11:11:19,1000.0,41.05,B
2021-07-22T11:11:07,700.0,41.05,B
2021-07-22T11:10:59,300.0,41.0,S
2021-07-22T11:10:51,1000.0,41.05,B
2021-07-22T11:10:30,1000.0,41.05,B
2021-07-22T11:10:28,1200.0,41.0,S
2021-07-22T11:10:28,2800.0,41.0,S
2021-07-22T11:10:21,500.0,41.0,S
2021-07-22T11:09:58,100.0,41.0,S
2021-07-22T11:09:57,1100.0,41.0,S
2021-07-22T11:09:41,1500.0,41.0,S
2021-07-22T11:09:33,300.0,41.0,S
2021-07-22T11:09:28,3300.0,41.1,B
2021-07-22T11:09:28,3100.0,41.1,B
2021-07-22T11:09:28,1000.0,41.05,B
2021-07-22T11:09:28,3800.0,41.05,B
2021-07-22T11:09:28,100.0,41.05,B
2021-07-22T11:09:28,3700.0,41.05,B
2021-07-22T11:09:13,2000.0,41.0,S
2021-07-22T11:09:00,100.0,41.0,S
2021-07-22T11:09:00,500.0,41.0,S
2021-07-22T11:08:39,2100.0,41.0,B
2021-07-22T11:08:38,300.0,41.0,B
2021-07-22T11:08:36,300.0,41.0,B
2021-07-22T11:08:36,700.0,41.0,B
2021-07-22T11:08:27,2000.0,41.0,B
2021-07-22T11:08:27,700.0,41.0,B
2021-07-22T11:08:14,2000.0,40.95,S
2021-07-22T11:08:08,2000.0,41.0,B
2021-07-22T11:08:03,700.0,41.0,B
2021-07-22T11:07:48,2000.0,41.0,B
2021-07-22T11:07:42,1000.0,40.95,S
2021-07-22T11:07:10,200.0,40.95,S
2021-07-22T11:07:09,6200.0,40.95,B
2021-07-22T11:06:54,100.0,40.95,B
2021-07-22T11:06:48,2000.0,40.95,B
2021-07-22T11:06:21,100.0,40.95,B
2021-07-22T11:05:47,200.0,40.95,B
2021-07-22T11:05:27,3000.0,40.9,S
2021-07-22T11:05:23,200.0,40.9,S
2021-07-22T11:04:54,1000.0,40.95,B
2021-07-22T11:04:52,1000.0,40.9,S
2021-07-22T11:04:26,500.0,40.95,B
2021-07-22T11:04:10,700.0,40.95,B
2021-07-22T11:03:56,1000.0,40.95,B
2021-07-22T11:03:29,2500.0,40.95,S
2021-07-22T11:03:29,1000.0,40.95,S
2021-07-22T11:03:22,200.0,40.95,S
2021-07-22T11:02:08,5000.0,40.95,S
2021-07-22T11:00:58,18800.0,40.95,S
2021-07-22T11:00:39,500.0,40.9,S
2021-07-22T10:59:23,3000.0,40.9,S
2021-07-22T10:59:20,1000.0,40.95,B
2021-07-22T10:59:04,100.0,40.95,B
2021-07-22T10:59:03,1200.0,40.95,S
2021-07-22T10:58:25,300.0,40.95,S
2021-07-22T10:57:38,100.0,41.0,B
2021-07-22T10:57:36,600.0,41.0,B
2021-07-22T10:57:10,600.0,41.0,B
2021-07-22T10:56:42,2000.0,41.0,B
2021-07-22T10:56:26,2000.0,41.0,B
2021-07-22T10:55:57,500.0,41.0,B
2021-07-22T10:55:28,200.0,41.0,B
2021-07-22T10:55:19,300.0,41.0,B
2021-07-22T10:55:01,2900.0,41.0,S
2021-07-22T10:55:01,6800.0,41.0,S
2021-07-22T10:54:36,1400.0,41.05,B
2021-07-22T10:54:34,600.0,41.05,B
2021-07-22T10:54:34,2700.0,41.0,S
2021-07-22T10:54:24,5000.0,41.0,S
2021-07-22T10:54:21,100.0,41.0,S
2021-07-22T10:54:14,200.0,41.0,S
2021-07-22T10:53:52,800.0,41.0,S
2021-07-22T10:53:29,3000.0,41.0,S
2021-07-22T10:52:23,300.0,41.05,B
2021-07-22T10:52:14,100.0,41.0,S
2021-07-22T10:52:10,1000.0,41.0,S
2021-07-22T10:52:10,100.0,41.0,S
2021-07-22T10:52:10,300.0,41.0,S
2021-07-22T10:51:35,2000.0,41.0,S
2021-07-22T10:51:33,600.0,41.05,B
2021-07-22T10:51:33,100.0,41.0,S
2021-07-22T10:51:33,200.0,41.0,S
2021-07-22T10:51:26,2000.0,41.0,S
2021-07-22T10:51:18,2000.0,41.0,S
2021-07-22T10:51:12,5000.0,41.0,S
2021-07-22T10:51:08,700.0,41.0,S
2021-07-22T10:50:36,100.0,41.0,S
2021-07-22T10:50:33,2000.0,41.0,S
2021-07-22T10:50:26,200.0,41.0,S
2021-07-22T10:49:51,100.0,41.0,S
2021-07-22T10:49:47,100.0,41.0,S
2021-07-22T10:49:47,3300.0,41.0,B
2021-07-22T10:49:47,800.0,41.0,B
2021-07-22T10:49:47,8000.0,41.0,B
2021-07-22T10:49:47,35400.0,41.0,B
2021-07-22T10:49:47,19200.0,41.0,B
2021-07-22T10:49:33,300.0,40.95,B
2021-07-22T10:49:30,300.0,40.9,S
2021-07-22T10:49:27,2900.0,40.9,B
2021-07-22T10:49:22,500.0,40.9,B
2021-07-22T10:49:11,400.0,40.9,B
2021-07-22T10:49:11,1000.0,40.9,B
2021-07-22T10:48:48,500.0,40.9,B
2021-07-22T10:48:48,700.0,40.9,B
2021-07-22T10:48:47,600.0,40.9,B
2021-07-22T10:48:31,9000.0,40.9,B
2021-07-22T10:48:09,500.0,40.9,B
2021-07-22T10:47:19,100.0,40.9,S
2021-07-22T10:47:13,100.0,40.9,S
2021-07-22T10:47:13,100.0,40.9,S
2021-07-22T10:47:03,8900.0,40.9,S
2021-07-22T10:47:03,1100.0,40.9,S
2021-07-22T10:46:54,100.0,40.9,S
2021-07-22T10:46:28,100.0,41.0,B
2021-07-22T10:46:24,100.0,41.0,B
2021-07-22T10:46:10,300.0,41.0,B
2021-07-22T10:46:01,2000.0,41.0,B
2021-07-22T10:45:13,2700.0,41.0,B
2021-07-22T10:45:03,200.0,40.9,S
2021-07-22T10:45:02,100.0,40.9,S
2021-07-22T10:44:33,1000.0,41.0,B
2021-07-22T10:44:22,100.0,40.9,S
2021-07-22T10:44:14,8400.0,40.9,B
2021-07-22T10:42:15,100.0,40.9,B
2021-07-22T10:42:04,600.0,40.9,S
2021-07-22T10:42:04,900.0,40.9,S
2021-07-22T10:41:57,100.0,40.9,S
2021-07-22T10:41:20,1000.0,40.9,S
2021-07-22T10:41:20,400.0,40.9,S
2021-07-22T10:41:20,8600.0,40.9,S
2021-07-22T10:41:07,3100.0,41.0,S
2021-07-22T10:41:03,100.0,41.0,S
2021-07-22T10:40:57,3000.0,41.0,S
2021-07-22T10:40:53,1000.0,41.0,S
2021-07-22T10:40:52,1000.0,41.0,S
2021-07-22T10:40:45,700.0,41.05,B
2021-07-22T10:40:43,400.0,41.0,S
2021-07-22T10:40:37,2000.0,41.0,S
2021-07-22T10:40:25,100.0,41.0,S
2021-07-22T10:39:59,500.0,41.0,S
2021-07-22T10:39:40,500.0,41.0,S
2021-07-22T10:39:15,4500.0,41.05,B
2021-07-22T10:39:15,900.0,41.05,B
2021-07-22T10:39:15,300.0,41.05,B
2021-07-22T10:39:15,4300.0,41.05,B
2021-07-22T10:38:09,900.0,41.05,B
2021-07-22T10:38:08,100.0,41.0,S
2021-07-22T10:38:08,5000.0,41.0,S
2021-07-22T10:38:03,300.0,41.0,S
2021-07-22T10:37:59,4600.0,41.0,S
2021-07-22T10:37:54,300.0,41.0,B
2021-07-22T10:37:41,10000.0,41.0,B
2021-07-22T10:36:41,10000.0,41.0,B
2021-07-22T10:36:25,300.0,41.0,B
2021-07-22T10:36:11,200.0,41.0,B
2021-07-22T10:36:00,700.0,41.0,B
2021-07-22T10:35:54,100.0,41.0,B
2021-07-22T10:35:53,500.0,41.0,B
2021-07-22T10:34:41,3500.0,41.0,S
2021-07-22T10:34:38,500.0,41.0,S
2021-07-22T10:34:28,500.0,41.0,S
2021-07-22T10:34:19,100.0,41.0,S
2021-07-22T10:34:04,1000.0,41.0,S
2021-07-22T10:34:01,200.0,41.0,S
2021-07-22T10:33:59,100.0,41.0,S
2021-07-22T10:33:54,5000.0,41.0,S
2021-07-22T10:33:35,500.0,41.0,S
2021-07-22T10:33:11,1500.0,41.0,B
2021-07-22T10:33:11,1300.0,41.0,B
2021-07-22T10:33:11,20500.0,41.0,B
2021-07-22T10:33:11,1500.0,41.0,B
2021-07-22T10:33:11,200.0,41.0,B
2021-07-22T10:33:11,1300.0,41.0,B
2021-07-22T10:33:11,1300.0,41.0,B
2021-07-22T10:33:11,100.0,41.0,B
2021-07-22T10:33:11,1500.0,41.0,B
2021-07-22T10:33:11,1200.0,41.0,B
2021-07-22T10:33:11,1500.0,41.0,B
2021-07-22T10:33:11,1400.0,41.0,B
2021-07-22T10:33:11,8800.0,41.0,B
2021-07-22T10:33:11,1000.0,40.95,B
2021-07-22T10:32:38,200.0,40.9,S
2021-07-22T10:31:24,300.0,40.95,B
2021-07-22T10:31:12,700.0,40.95,B
2021-07-22T10:29:56,200.0,40.95,S
2021-07-22T10:29:55,1000.0,40.95,B
2021-07-22T10:28:47,2000.0,41.0,B
2021-07-22T10:28:28,4600.0,41.0,B
2021-07-22T10:28:28,200.0,41.0,B
2021-07-22T10:28:28,4600.0,41.0,B
2021-07-22T10:28:28,1500.0,41.0,B
2021-07-22T10:28:28,300.0,41.0,B
2021-07-22T10:28:27,5300.0,41.0,B
2021-07-22T10:28:27,1200.0,40.95,B
2021-07-22T10:28:27,1900.0,40.95,B
2021-07-22T10:28:27,4900.0,40.9,B
2021-07-22T10:28:27,900.0,40.9,B
2021-07-22T10:28:27,20000.0,40.9,B
2021-07-22T10:28:27,4600.0,40.9,B
2021-07-22T10:28:24,100.0,40.85,S
2021-07-22T10:28:12,700.0,40.9,B
2021-07-22T10:27:34,300.0,40.9,B
2021-07-22T10:27:21,100.0,40.85,S
2021-07-22T10:26:01,1000.0,40.85,S
2021-07-22T10:25:23,300.0,40.9,B
2021-07-22T10:25:07,300.0,40.9,B
2021-07-22T10:25:02,700.0,40.9,B
2021-07-22T10:24:45,100.0,40.9,B
2021-07-22T10:24:25,100.0,40.9,B
2021-07-22T10:23:15,1000.0,40.9,B
2021-07-22T10:22:49,700.0,40.9,B
2021-07-22T10:21:00,200.0,40.9,B
2021-07-22T10:20:32,200.0,40.85,S
2021-07-22T10:19:50,400.0,40.9,B
2021-07-22T10:19:50,400.0,40.9,B
2021-07-22T10:19:41,800.0,40.85,S
2021-07-22T10:18:58,300.0,40.9,B
2021-07-22T10:17:24,6600.0,40.85,B
2021-07-22T10:17:20,100.0,40.85,B
2021-07-22T10:16:34,1000.0,40.8,S
2021-07-22T10:16:25,2000.0,40.8,S
2021-07-22T10:16:07,300.0,40.8,S
2021-07-22T10:16:07,8000.0,40.8,S
2021-07-22T10:16:07,400.0,40.8,S
2021-07-22T10:16:07,2600.0,40.8,S
2021-07-22T10:16:07,100.0,40.9,B
2021-07-22T10:15:48,200.0,40.9,B
2021-07-22T10:14:11,100.0,40.9,B
2021-07-22T10:13:13,100.0,40.9,B
2021-07-22T10:12:54,100.0,40.9,B
2021-07-22T10:12:47,100.0,40.9,B
2021-07-22T10:12:30,1000.0,40.9,B
2021-07-22T10:11:45,100.0,40.8,S
2021-07-22T10:11:08,600.0,40.85,B
2021-07-22T10:10:02,600.0,40.8,S
2021-07-22T10:09:56,500.0,40.85,B
2021-07-22T10:09:53,700.0,40.85,B
2021-07-22T10:08:44,3000.0,40.85,B
2021-07-22T10:08:43,1000.0,40.85,B
2021-07-22T10:08:21,100.0,40.85,B
2021-07-22T10:07:54,700.0,40.85,B
2021-07-22T10:07:35,1000.0,40.85,B
2021-07-22T10:07:19,100.0,40.85,B
2021-07-22T10:07:05,1000.0,40.85,B
2021-07-22T10:06:51,500.0,40.85,B
2021-07-22T10:06:35,200.0,40.8,S
2021-07-22T10:05:24,6000.0,40.8,S
2021-07-22T10:04:16,200.0,40.8,S
2021-07-22T10:03:02,100.0,40.8,S
2021-07-22T10:02:56,400.0,40.85,B
2021-07-22T10:01:58,15400.0,40.85,S
2021-07-22T10:01:45,500.0,40.9,B
2021-07-22T10:01:27,100.0,40.9,S
2021-07-22T10:01:10,500.0,40.85,S
2021-07-22T10:01:10,500.0,40.9,S
2021-07-22T10:01:04,200.0,40.9,S
2021-07-22T10:00:55,300.0,40.9,B
2021-07-22T10:00:52,1000.0,40.9,B
2021-07-22T10:00:51,500.0,40.9,B
2021-07-22T10:00:32,400.0,40.9,S
2021-07-22T10:00:04,1000.0,40.9,S
2021-07-22T09:59:55,200.0,40.9,S
2021-07-22T09:59:51,100.0,40.9,S
2021-07-22T09:58:58,200.0,40.9,S
2021-07-22T09:58:56,1400.0,40.9,S
2021-07-22T09:58:26,200.0,40.9,S
2021-07-22T09:58:26,300.0,40.9,S
2021-07-22T09:58:15,200.0,40.9,S
2021-07-22T09:58:10,100.0,40.9,S
2021-07-22T09:58:07,100.0,40.9,S
2021-07-22T09:58:03,200.0,40.9,S
2021-07-22T09:57:53,200.0,40.9,S
2021-07-22T09:57:48,600.0,40.9,S
2021-07-22T09:57:48,3000.0,40.9,S
2021-07-22T09:57:48,21400.0,40.9,S
2021-07-22T09:57:42,200.0,40.95,S
2021-07-22T09:55:41,200.0,40.95,S
2021-07-22T09:54:52,500.0,41.0,B
2021-07-22T09:54:37,4100.0,41.0,B
2021-07-22T09:54:37,600.0,41.0,B
2021-07-22T09:54:37,3200.0,41.0,B
2021-07-22T09:54:37,800.0,41.0,B
2021-07-22T09:54:37,1700.0,41.0,B
2021-07-22T09:54:37,5900.0,41.0,B
2021-07-22T09:54:37,1100.0,41.0,B
2021-07-22T09:54:37,4600.0,41.0,B
2021-07-22T09:54:09,1000.0,40.95,S
2021-07-22T09:53:42,100.0,40.95,S
2021-07-22T09:53:23,8400.0,40.95,B
2021-07-22T09:53:21,100.0,40.95,B
2021-07-22T09:53:05,300.0,40.95,B
2021-07-22T09:53:03,300.0,40.95,B
2021-07-22T09:52:58,100.0,40.95,B
2021-07-22T09:52:51,6600.0,40.95,S
2021-07-22T09:52:51,100.0,41.0,B
2021-07-22T09:52:35,3500.0,40.95,S
2021-07-22T09:52:19,2000.0,40.95,B
2021-07-22T09:52:17,4000.0,40.95,B
2021-07-22T09:52:16,200.0,40.95,B
2021-07-22T09:52:05,400.0,40.95,B
2021-07-22T09:51:54,200.0,40.95,B
2021-07-22T09:51:32,200.0,40.95,B
2021-07-22T09:51:27,300.0,40.95,B
2021-07-22T09:51:22,400.0,40.9,S
2021-07-22T09:51:10,3000.0,40.95,B
2021-07-22T09:50:54,200.0,40.9,S
2021-07-22T09:50:54,900.0,40.9,S
2021-07-22T09:50:54,3400.0,40.9,S
2021-07-22T09:50:54,1200.0,40.9,S
2021-07-22T09:50:47,1300.0,40.95,S
2021-07-22T09:50:42,3000.0,40.95,S
2021-07-22T09:50:29,100.0,40.95,S
2021-07-22T09:50:15,200.0,40.95,S
2021-07-22T09:50:11,500.0,40.95,S
2021-07-22T09:49:51,500.0,40.95,S
2021-07-22T09:49:32,5000.0,40.95,S
2021-07-22T09:49:22,2400.0,40.95,B
2021-07-22T09:49:14,100.0,40.95,B
2021-07-22T09:49:12,400.0,40.95,B
2021-07-22T09:49:06,100.0,40.95,B
2021-07-22T09:48:04,500.0,40.95,B
2021-07-22T09:48:04,100.0,40.95,B
2021-07-22T09:47:30,100.0,40.95,B
2021-07-22T09:47:01,100.0,40.95,B
2021-07-22T09:46:50,300.0,40.95,B
2021-07-22T09:46:50,100.0,40.95,B
2021-07-22T09:46:46,100.0,40.95,B
2021-07-22T09:46:21,100.0,40.9,S
2021-07-22T09:46:18,500.0,40.95,B
2021-07-22T09:45:33,1500.0,40.9,S
2021-07-22T09:44:52,200.0,40.9,B
2021-07-22T09:44:47,600.0,40.85,S
2021-07-22T09:44:28,200.0,40.9,B
2021-07-22T09:44:07,400.0,40.9,B
2021-07-22T09:44:05,400.0,40.9,B
2021-07-22T09:43:38,100.0,40.9,S
2021-07-22T09:43:26,2000.0,40.9,S
2021-07-22T09:43:21,1200.0,40.9,S
2021-07-22T09:43:17,5800.0,40.9,S
2021-07-22T09:43:06,500.0,40.95,B
2021-07-22T09:42:33,400.0,40.95,B
2021-07-22T09:42:26,1400.0,40.95,S
2021-07-22T09:41:42,500.0,41.0,B
2021-07-22T09:41:37,1000.0,41.0,B
2021-07-22T09:41:29,900.0,41.0,B
2021-07-22T09:41:29,400.0,41.0,B
2021-07-22T09:41:29,700.0,41.0,B
2021-07-22T09:41:07,2100.0,41.0,B
2021-07-22T09:41:07,100.0,41.0,B
2021-07-22T09:41:07,1800.0,41.0,B
2021-07-22T09:41:06,100.0,41.0,B
2021-07-22T09:40:39,500.0,41.0,B
2021-07-22T09:40:38,100.0,40.95,S
2021-07-22T09:40:24,2000.0,41.0,B
2021-07-22T09:40:14,500.0,41.0,B
2021-07-22T09:40:07,100.0,41.0,B
2021-07-22T09:40:07,2100.0,41.0,B
2021-07-22T09:40:07,900.0,41.0,B
2021-07-22T09:40:07,3400.0,41.0,B
2021-07-22T09:40:07,1300.0,41.0,B
2021-07-22T09:40:07,100.0,41.0,B
2021-07-22T09:40:07,1100.0,41.0,B
2021-07-22T09:40:06,800.0,40.95,S
2021-07-22T09:39:58,2000.0,41.0,B
2021-07-22T09:39:30,100.0,41.0,B
2021-07-22T09:38:52,500.0,41.0,B
2021-07-22T09:38:27,1000.0,41.0,B
2021-07-22T09:38:24,100.0,40.95,S
2021-07-22T09:38:07,2600.0,40.95,B
2021-07-22T09:37:50,300.0,40.95,B
2021-07-22T09:37:42,1200.0,40.95,B
2021-07-22T09:37:31,1900.0,40.9,B
2021-07-22T09:37:26,1200.0,40.9,B
2021-07-22T09:37:26,1700.0,40.9,B
2021-07-22T09:37:20,1000.0,40.9,B
2021-07-22T09:36:58,2200.0,40.9,B
2021-07-22T09:36:38,100.0,40.9,B
2021-07-22T09:36:03,100.0,40.9,B
2021-07-22T09:35:06,200.0,40.9,B
2021-07-22T09:34:30,400.0,40.9,B
2021-07-22T09:34:28,400.0,40.9,B
2021-07-22T09:33:42,1000.0,40.9,B
2021-07-22T09:33:34,800.0,40.9,S
2021-07-22T09:33:26,200.0,40.9,S
2021-07-22T09:33:16,500.0,40.9,S
2021-07-22T09:33:14,500.0,40.9,S
2021-07-22T09:32:51,3900.0,40.9,B
2021-07-22T09:32:43,1000.0,40.9,B
2021-07-22T09:32:35,500.0,40.8,S
2021-07-22T09:32:11,1000.0,40.8,S
2021-07-22T09:32:07,100.0,40.9,S
2021-07-22T09:32:00,100.0,40.95,B
2021-07-22T09:31:56,100.0,40.9,S
2021-07-22T09:31:49,100.0,40.95,B
2021-07-22T09:30:53,2000.0,40.95,B
2021-07-22T09:30:23,6000.0,40.8,S
2021-07-22T09:30:14,500.0,40.95,B
2021-07-22T09:30:02,1000.0,40.95,B
2021-07-22T09:29:55,1700.0,40.8,B
2021-07-22T09:29:54,1000.0,40.75,S
2021-07-22T09:29:44,500.0,40.75,S
2021-07-22T09:29:21,400.0,40.8,B
2021-07-22T09:29:19,2900.0,40.8,S
2021-07-22T09:29:17,100.0,40.9,B
2021-07-22T09:29:06,100.0,40.9,B
2021-07-22T09:28:45,100.0,40.9,B
2021-07-22T09:28:02,100.0,40.9,B
2021-07-22T09:26:46,200.0,40.8,S
2021-07-22T09:26:44,200.0,40.9,B
2021-07-22T09:26:19,1600.0,40.9,B
2021-07-22T09:26:19,100.0,40.9,B
2021-07-22T09:26:19,1300.0,40.9,B
2021-07-22T09:25:51,600.0,40.8,B
2021-07-22T09:25:49,100.0,40.8,B
2021-07-22T09:25:34,1500.0,40.8,B
2021-07-22T09:25:22,100.0,40.75,S
2021-07-22T09:25:03,1500.0,40.75,S
2021-07-22T09:24:25,400.0,40.7,B
2021-07-22T09:24:25,2000.0,40.6,S
2021-07-22T09:24:13,600.0,40.7,B
2021-07-22T09:24:09,2900.0,40.6,S
2021-07-22T09:24:02,3000.0,40.6,S
2021-07-22T09:23:43,3000.0,40.6,S
2021-07-22T09:23:18,100.0,40.6,S
2021-07-22T09:23:16,100.0,40.65,B
2021-07-22T09:23:01,4800.0,40.65,S
2021-07-22T09:22:48,100.0,40.65,S
2021-07-22T09:22:37,100.0,40.7,S
2021-07-22T09:22:33,200.0,40.7,S
2021-07-22T09:22:32,100.0,40.7,S
2021-07-22T09:22:18,100.0,40.7,S
2021-07-22T09:22:16,300.0,40.7,S
2021-07-22T09:21:39,1800.0,40.7,B
2021-07-22T09:21:37,500.0,40.7,B
2021-07-22T09:21:14,200.0,40.7,S
2021-07-22T09:21:06,100.0,40.65,S
2021-07-22T09:20:51,100.0,40.7,B
2021-07-22T09:20:51,1000.0,40.7,B
2021-07-22T09:20:50,1000.0,40.65,S
2021-07-22T09:20:47,1400.0,40.7,B
2021-07-22T09:20:27,300.0,40.7,S
2021-07-22T09:20:17,1000.0,40.7,S
2021-07-22T09:19:54,5000.0,40.7,S
2021-07-22T09:19:39,2000.0,40.7,S
2021-07-22T09:18:58,200.0,40.7,S
2021-07-22T09:18:54,100.0,40.7,S
2021-07-22T09:18:41,100.0,40.7,B
2021-07-22T09:18:28,100.0,40.7,B
2021-07-22T09:18:11,800.0,40.75,S
2021-07-22T09:18:11,600.0,40.75,S
2021-07-22T09:18:08,500.0,40.75,S
2021-07-22T09:17:53,3100.0,40.75,B
2021-07-22T09:17:43,500.0,40.7,B
2021-07-22T09:17:32,100.0,40.65,S
2021-07-22T09:17:29,5000.0,40.7,B
2021-07-22T09:17:05,300.0,40.7,B
2021-07-22T09:16:10,500.0,40.65,S
2021-07-22T09:15:40,500.0,40.6,S
