tradingTime,volume,price,side
2021-07-22T13:49:58,3000.0,17.6,B
2021-07-22T13:49:50,100.0,17.6,B
2021-07-22T13:49:42,500.0,17.5,S
2021-07-22T13:49:42,10000.0,17.6,B
2021-07-22T13:49:40,100.0,17.6,B
2021-07-22T13:49:32,800.0,17.6,B
2021-07-22T13:49:31,3000.0,17.6,B
2021-07-22T13:49:28,500.0,17.5,S
2021-07-22T13:49:24,200.0,17.6,B
2021-07-22T13:49:22,300.0,17.6,B
2021-07-22T13:49:21,500.0,17.6,B
2021-07-22T13:49:17,9100.0,17.5,S
2021-07-22T13:49:14,100.0,17.6,B
2021-07-22T13:48:53,100.0,17.6,B
2021-07-22T13:48:49,100.0,17.6,B
2021-07-22T13:48:48,1000.0,17.6,B
2021-07-22T13:48:45,500.0,17.6,B
2021-07-22T13:48:41,5000.0,17.6,B
2021-07-22T13:48:32,100.0,17.6,B
2021-07-22T13:48:29,100.0,17.6,B
2021-07-22T13:48:28,200.0,17.6,B
2021-07-22T13:48:27,600.0,17.6,B
2021-07-22T13:48:27,100.0,17.6,B
2021-07-22T13:48:17,100.0,17.6,B
2021-07-22T13:48:16,500.0,17.6,B
2021-07-22T13:48:04,5000.0,17.6,B
2021-07-22T13:47:58,100.0,17.6,B
2021-07-22T13:47:49,100.0,17.6,B
2021-07-22T13:47:42,300.0,17.6,B
2021-07-22T13:47:41,500.0,17.6,B
2021-07-22T13:47:35,100.0,17.6,B
2021-07-22T13:47:30,500.0,17.6,B
2021-07-22T13:47:29,600.0,17.6,B
2021-07-22T13:47:15,15000.0,17.6,B
2021-07-22T13:47:06,100.0,17.6,B
2021-07-22T13:47:00,1800.0,17.6,B
2021-07-22T13:46:59,8500.0,17.6,B
2021-07-22T13:46:44,100.0,17.6,B
2021-07-22T13:46:43,400.0,17.6,B
2021-07-22T13:46:42,500.0,17.6,B
2021-07-22T13:46:38,300.0,17.6,B
2021-07-22T13:46:36,100.0,17.6,B
2021-07-22T13:46:35,2000.0,17.6,B
2021-07-22T13:46:32,6200.0,17.6,B
2021-07-22T13:46:26,200.0,17.6,B
2021-07-22T13:46:25,100.0,17.6,B
2021-07-22T13:46:16,500.0,17.6,B
2021-07-22T13:46:02,100.0,17.6,B
2021-07-22T13:46:02,200.0,17.6,B
2021-07-22T13:46:01,300.0,17.6,B
2021-07-22T13:45:59,5000.0,17.6,B
2021-07-22T13:45:59,1300.0,17.6,B
2021-07-22T13:45:57,200.0,17.6,B
2021-07-22T13:45:52,100.0,17.6,B
2021-07-22T13:45:48,400.0,17.6,B
2021-07-22T13:45:42,700.0,17.6,B
2021-07-22T13:45:33,300.0,17.6,B
2021-07-22T13:45:16,900.0,17.6,B
2021-07-22T13:44:56,200.0,17.5,S
2021-07-22T13:44:49,2000.0,17.5,S
2021-07-22T13:44:41,400.0,17.6,B
2021-07-22T13:44:40,2000.0,17.5,S
2021-07-22T13:44:39,200.0,17.6,B
2021-07-22T13:44:36,100.0,17.5,S
2021-07-22T13:44:31,5500.0,17.5,S
2021-07-22T13:44:27,500.0,17.6,B
2021-07-22T13:44:19,1800.0,17.6,B
2021-07-22T13:44:15,1200.0,17.6,B
2021-07-22T13:44:12,500.0,17.6,B
2021-07-22T13:44:11,68000.0,17.6,B
2021-07-22T13:43:38,100.0,17.6,B
2021-07-22T13:43:28,100.0,17.6,B
2021-07-22T13:43:26,2000.0,17.5,S
2021-07-22T13:43:00,5000.0,17.6,B
2021-07-22T13:42:43,2000.0,17.6,B
2021-07-22T13:42:38,1100.0,17.6,B
2021-07-22T13:42:35,1100.0,17.5,S
2021-07-22T13:42:34,100.0,17.6,B
2021-07-22T13:42:31,100.0,17.6,B
2021-07-22T13:42:23,500.0,17.6,B
2021-07-22T13:42:20,200.0,17.6,B
2021-07-22T13:42:15,1000.0,17.6,B
2021-07-22T13:42:15,1000.0,17.6,B
2021-07-22T13:42:15,600.0,17.6,B
2021-07-22T13:42:10,300.0,17.5,S
2021-07-22T13:42:09,3000.0,17.6,B
2021-07-22T13:42:03,100.0,17.5,S
2021-07-22T13:42:01,300.0,17.6,B
2021-07-22T13:41:40,100.0,17.6,B
2021-07-22T13:41:36,2000.0,17.6,B
2021-07-22T13:41:36,5700.0,17.6,B
2021-07-22T13:41:35,1000.0,17.6,B
2021-07-22T13:41:34,2000.0,17.5,S
2021-07-22T13:41:23,1000.0,17.6,B
2021-07-22T13:41:20,800.0,17.6,B
2021-07-22T13:41:19,2000.0,17.6,B
2021-07-22T13:41:12,100.0,17.6,B
2021-07-22T13:41:10,400.0,17.6,B
2021-07-22T13:41:07,100.0,17.6,B
2021-07-22T13:41:02,300.0,17.6,B
2021-07-22T13:40:59,2000.0,17.6,B
2021-07-22T13:40:56,2600.0,17.6,B
2021-07-22T13:40:43,500.0,17.6,B
2021-07-22T13:40:38,400.0,17.6,B
2021-07-22T13:40:36,500.0,17.6,B
2021-07-22T13:40:29,2000.0,17.6,B
2021-07-22T13:40:27,300.0,17.6,B
2021-07-22T13:40:26,5000.0,17.6,B
2021-07-22T13:40:21,200.0,17.6,B
2021-07-22T13:40:13,100.0,17.6,B
2021-07-22T13:40:12,200.0,17.5,S
2021-07-22T13:39:53,100.0,17.5,S
2021-07-22T13:39:48,500.0,17.6,B
2021-07-22T13:39:42,500.0,17.5,S
2021-07-22T13:39:26,100.0,17.5,S
2021-07-22T13:39:22,200.0,17.6,B
2021-07-22T13:39:14,100.0,17.5,S
2021-07-22T13:39:12,3000.0,17.5,S
2021-07-22T13:39:07,2300.0,17.6,B
2021-07-22T13:39:01,700.0,17.5,S
2021-07-22T13:38:39,10000.0,17.6,B
2021-07-22T13:38:35,100.0,17.6,B
2021-07-22T13:38:34,400.0,17.6,B
2021-07-22T13:38:26,100.0,17.6,B
2021-07-22T13:38:25,600.0,17.6,B
2021-07-22T13:38:13,600.0,17.6,B
2021-07-22T13:38:09,2000.0,17.6,B
2021-07-22T13:38:08,1300.0,17.6,B
2021-07-22T13:38:05,500.0,17.6,B
2021-07-22T13:37:43,200.0,17.6,B
2021-07-22T13:37:43,400.0,17.6,B
2021-07-22T13:37:39,10000.0,17.6,B
2021-07-22T13:37:38,5000.0,17.6,B
2021-07-22T13:37:33,8000.0,17.6,B
2021-07-22T13:37:19,900.0,17.6,B
2021-07-22T13:37:18,1600.0,17.6,B
2021-07-22T13:37:02,1000.0,17.6,B
2021-07-22T13:37:00,100.0,17.6,B
2021-07-22T13:36:54,300.0,17.6,B
2021-07-22T13:36:49,400.0,17.6,B
2021-07-22T13:36:43,5500.0,17.6,B
2021-07-22T13:36:43,100.0,17.5,S
2021-07-22T13:36:40,200.0,17.5,S
2021-07-22T13:36:38,1000.0,17.5,S
2021-07-22T13:36:36,100.0,17.5,S
2021-07-22T13:36:29,100.0,17.5,S
2021-07-22T13:36:23,1100.0,17.5,S
2021-07-22T13:36:16,1000.0,17.5,S
2021-07-22T13:36:04,100.0,17.5,S
2021-07-22T13:35:59,2500.0,17.5,S
2021-07-22T13:35:58,300.0,17.5,S
2021-07-22T13:35:42,2000.0,17.5,S
2021-07-22T13:35:25,3000.0,17.5,S
2021-07-22T13:35:20,2000.0,17.5,S
2021-07-22T13:35:15,2000.0,17.5,S
2021-07-22T13:35:11,200.0,17.5,S
2021-07-22T13:35:08,500.0,17.5,S
2021-07-22T13:35:02,500.0,17.5,S
2021-07-22T13:34:58,17600.0,17.5,S
2021-07-22T13:34:54,2000.0,17.4,S
2021-07-22T13:34:49,300.0,17.5,B
2021-07-22T13:34:48,7500.0,17.5,B
2021-07-22T13:34:47,300.0,17.4,S
2021-07-22T13:34:40,900.0,17.4,S
2021-07-22T13:34:34,2000.0,17.5,B
2021-07-22T13:34:33,1500.0,17.5,B
2021-07-22T13:34:32,100.0,17.5,B
2021-07-22T13:34:28,200.0,17.5,B
2021-07-22T13:34:28,23000.0,17.5,B
2021-07-22T13:34:18,2000.0,17.5,B
2021-07-22T13:34:13,7000.0,17.5,B
2021-07-22T13:34:03,6600.0,17.5,B
2021-07-22T13:34:02,300.0,17.5,B
2021-07-22T13:34:02,3100.0,17.5,B
2021-07-22T13:33:58,100.0,17.5,B
2021-07-22T13:33:52,300.0,17.5,B
2021-07-22T13:33:49,700.0,17.5,B
2021-07-22T13:33:44,5000.0,17.5,B
2021-07-22T13:33:42,2100.0,17.5,B
2021-07-22T13:33:40,600.0,17.5,B
2021-07-22T13:33:35,100.0,17.5,B
2021-07-22T13:33:33,10000.0,17.5,B
2021-07-22T13:33:31,500.0,17.5,B
2021-07-22T13:33:29,300.0,17.5,B
2021-07-22T13:33:25,4000.0,17.5,B
2021-07-22T13:33:20,500.0,17.5,B
2021-07-22T13:33:19,100.0,17.5,B
2021-07-22T13:33:17,300.0,17.5,B
2021-07-22T13:33:15,14000.0,17.5,B
2021-07-22T13:33:12,100.0,17.5,S
2021-07-22T13:33:11,5000.0,17.5,S
2021-07-22T13:33:07,100.0,17.5,S
2021-07-22T13:32:55,1600.0,17.5,S
2021-07-22T13:32:54,20000.0,17.5,S
2021-07-22T13:32:30,200.0,17.5,S
2021-07-22T13:32:29,20000.0,17.5,S
2021-07-22T13:32:28,100.0,17.5,S
2021-07-22T13:32:26,100.0,17.5,S
2021-07-22T13:32:23,500.0,17.5,S
2021-07-22T13:32:18,400.0,17.5,B
2021-07-22T13:32:14,1200.0,17.5,B
2021-07-22T13:32:13,300.0,17.5,B
2021-07-22T13:32:08,1000.0,17.5,B
2021-07-22T13:32:06,1000.0,17.5,B
2021-07-22T13:32:04,200.0,17.5,B
2021-07-22T13:32:03,100.0,17.5,B
2021-07-22T13:31:57,1000.0,17.5,B
2021-07-22T13:31:57,3000.0,17.5,B
2021-07-22T13:31:56,6000.0,17.5,B
2021-07-22T13:31:53,500.0,17.5,B
2021-07-22T13:31:53,200.0,17.5,B
2021-07-22T13:31:44,2000.0,17.5,B
2021-07-22T13:31:37,200.0,17.5,B
2021-07-22T13:31:28,200.0,17.5,B
2021-07-22T13:31:25,100.0,17.5,B
2021-07-22T13:31:20,1000.0,17.5,B
2021-07-22T13:31:12,1000.0,17.5,B
2021-07-22T13:31:12,5300.0,17.5,B
2021-07-22T13:31:10,500.0,17.5,B
2021-07-22T13:31:07,100.0,17.5,B
2021-07-22T13:31:01,200.0,17.5,B
2021-07-22T13:31:00,600.0,17.5,B
2021-07-22T13:30:58,500.0,17.5,B
2021-07-22T13:30:55,100.0,17.5,B
2021-07-22T13:30:55,900.0,17.5,B
2021-07-22T13:30:52,1500.0,17.5,S
2021-07-22T13:30:51,500.0,17.5,S
2021-07-22T13:30:48,200.0,17.5,S
2021-07-22T13:30:43,600.0,17.5,B
2021-07-22T13:30:43,1000.0,17.5,B
2021-07-22T13:30:40,1000.0,17.5,B
2021-07-22T13:30:40,2000.0,17.5,B
2021-07-22T13:30:40,200.0,17.5,B
2021-07-22T13:30:38,100.0,17.5,S
2021-07-22T13:30:38,8100.0,17.5,S
2021-07-22T13:30:36,100.0,17.6,B
2021-07-22T13:30:33,200.0,17.5,S
2021-07-22T13:30:32,123000.0,17.6,B
2021-07-22T13:30:31,600.0,17.5,S
2021-07-22T13:30:30,200.0,17.5,S
2021-07-22T13:30:30,1000.0,17.5,S
2021-07-22T13:30:27,9500.0,17.5,S
2021-07-22T13:30:26,1500.0,17.5,S
2021-07-22T13:30:22,300.0,17.5,S
2021-07-22T13:30:18,10000.0,17.5,S
2021-07-22T13:30:17,1200.0,17.6,B
2021-07-22T13:30:16,400.0,17.5,S
2021-07-22T13:30:15,500.0,17.5,S
2021-07-22T13:30:12,1300.0,17.5,S
2021-07-22T13:30:12,10000.0,17.5,S
2021-07-22T13:30:07,20000.0,17.6,B
2021-07-22T13:30:07,7000.0,17.5,S
2021-07-22T13:30:07,10000.0,17.5,S
2021-07-22T13:30:06,1500.0,17.5,S
2021-07-22T13:30:02,5500.0,17.5,S
2021-07-22T13:30:02,500.0,17.6,B
2021-07-22T13:30:00,20000.0,17.6,B
2021-07-22T13:30:00,2000.0,17.5,S
2021-07-22T13:29:58,4900.0,17.5,S
2021-07-22T13:29:56,10000.0,17.5,S
2021-07-22T13:29:56,40000.0,17.5,S
2021-07-22T13:29:53,1200.0,17.6,B
2021-07-22T13:29:53,100000.0,17.5,S
2021-07-22T13:29:51,200.0,17.6,B
2021-07-22T13:29:49,500.0,17.6,B
2021-07-22T13:29:46,500.0,17.5,S
2021-07-22T13:29:43,2000.0,17.6,B
2021-07-22T13:29:42,200.0,17.6,B
2021-07-22T13:29:40,100.0,17.6,B
2021-07-22T13:29:40,5000.0,17.6,B
2021-07-22T13:29:39,2500.0,17.6,B
2021-07-22T13:29:38,1200.0,17.5,S
2021-07-22T13:29:36,2000.0,17.5,S
2021-07-22T13:29:35,600.0,17.6,B
2021-07-22T13:29:28,2000.0,17.6,B
2021-07-22T13:29:26,1000.0,17.6,B
2021-07-22T13:29:23,100.0,17.6,B
2021-07-22T13:29:22,100.0,17.6,B
2021-07-22T13:29:17,2000.0,17.6,B
2021-07-22T13:29:17,100.0,17.6,B
2021-07-22T13:29:17,100.0,17.6,B
2021-07-22T13:29:15,5100.0,17.5,S
2021-07-22T13:29:00,100.0,17.6,B
2021-07-22T13:28:56,100.0,17.6,B
2021-07-22T13:28:56,500.0,17.6,B
2021-07-22T13:28:53,5000.0,17.5,S
2021-07-22T13:28:53,6000.0,17.6,B
2021-07-22T13:28:45,100.0,17.6,B
2021-07-22T13:28:42,1000.0,17.6,B
2021-07-22T13:28:40,1000.0,17.6,B
2021-07-22T13:28:38,100.0,17.6,B
2021-07-22T13:28:37,800.0,17.6,B
2021-07-22T13:28:35,100.0,17.6,B
2021-07-22T13:28:27,100.0,17.6,B
2021-07-22T13:28:25,16700.0,17.5,S
2021-07-22T13:28:25,2500.0,17.6,B
2021-07-22T13:28:18,1000.0,17.6,B
2021-07-22T13:28:14,100.0,17.6,B
2021-07-22T13:28:13,2000.0,17.6,B
2021-07-22T13:28:09,100.0,17.6,B
2021-07-22T13:28:08,5300.0,17.6,B
2021-07-22T13:28:08,100.0,17.6,B
2021-07-22T13:28:04,100.0,17.6,B
2021-07-22T13:28:01,500.0,17.6,B
2021-07-22T13:28:01,10000.0,17.6,B
2021-07-22T13:28:00,500.0,17.6,B
2021-07-22T13:27:57,500.0,17.6,B
2021-07-22T13:27:55,100.0,17.6,B
2021-07-22T13:27:54,100.0,17.6,B
2021-07-22T13:27:53,1000.0,17.6,B
2021-07-22T13:27:52,47500.0,17.6,B
2021-07-22T13:27:51,19100.0,17.6,S
2021-07-22T13:27:49,9800.0,17.7,B
2021-07-22T13:27:49,1500.0,17.6,S
2021-07-22T13:27:49,25000.0,17.6,S
2021-07-22T13:27:48,100.0,17.7,B
2021-07-22T13:27:48,300.0,17.7,B
2021-07-22T13:27:47,5000.0,17.6,S
2021-07-22T13:27:46,10000.0,17.6,S
2021-07-22T13:27:44,10000.0,17.6,S
2021-07-22T13:27:42,5000.0,17.6,S
2021-07-22T13:27:38,5000.0,17.6,S
2021-07-22T13:27:30,500.0,17.7,B
2021-07-22T13:27:29,500.0,17.7,B
2021-07-22T13:27:26,1300.0,17.6,S
2021-07-22T13:27:22,2400.0,17.7,B
2021-07-22T13:27:21,600.0,17.6,S
2021-07-22T13:27:19,500.0,17.6,S
2021-07-22T13:27:17,2400.0,17.6,S
2021-07-22T13:27:16,2000.0,17.6,S
2021-07-22T13:27:12,1500.0,17.7,B
2021-07-22T13:27:11,1000.0,17.6,S
2021-07-22T13:27:09,3000.0,17.7,B
2021-07-22T13:27:06,1000.0,17.6,S
2021-07-22T13:27:05,500.0,17.6,S
2021-07-22T13:26:57,300.0,17.6,S
2021-07-22T13:26:55,3000.0,17.7,B
2021-07-22T13:26:53,1200.0,17.7,B
2021-07-22T13:26:47,200.0,17.7,B
2021-07-22T13:26:47,200.0,17.7,B
2021-07-22T13:26:46,1500.0,17.7,B
2021-07-22T13:26:46,500.0,17.7,B
2021-07-22T13:26:44,1300.0,17.7,B
2021-07-22T13:26:43,400.0,17.7,B
2021-07-22T13:26:42,1000.0,17.6,S
2021-07-22T13:26:41,11000.0,17.7,B
2021-07-22T13:26:40,1000.0,17.7,B
2021-07-22T13:26:38,4000.0,17.7,B
2021-07-22T13:26:35,1500.0,17.7,B
2021-07-22T13:26:35,500.0,17.7,B
2021-07-22T13:26:32,100.0,17.7,B
2021-07-22T13:26:30,500.0,17.7,B
2021-07-22T13:26:29,10000.0,17.7,B
2021-07-22T13:26:25,10000.0,17.7,B
2021-07-22T13:26:24,700.0,17.7,B
2021-07-22T13:26:23,600.0,17.7,B
2021-07-22T13:26:19,1000.0,17.7,B
2021-07-22T13:26:19,1000.0,17.7,B
2021-07-22T13:26:18,600.0,17.7,B
2021-07-22T13:26:18,1600.0,17.7,B
2021-07-22T13:26:16,1000.0,17.7,B
2021-07-22T13:26:16,2000.0,17.7,B
2021-07-22T13:26:14,5000.0,17.7,B
2021-07-22T13:26:12,2000.0,17.7,B
2021-07-22T13:26:09,11000.0,17.7,B
2021-07-22T13:26:08,2500.0,17.7,B
2021-07-22T13:26:07,900.0,17.7,B
2021-07-22T13:26:06,200.0,17.7,B
2021-07-22T13:26:05,4000.0,17.7,B
2021-07-22T13:26:05,8000.0,17.7,B
2021-07-22T13:26:01,40000.0,17.7,B
2021-07-22T13:26:00,100.0,17.7,B
2021-07-22T13:25:58,2000.0,17.7,B
2021-07-22T13:25:57,1000.0,17.7,B
2021-07-22T13:25:56,2000.0,17.7,B
2021-07-22T13:25:53,2000.0,17.7,B
2021-07-22T13:25:52,2000.0,17.7,B
2021-07-22T13:25:49,300.0,17.7,B
2021-07-22T13:25:45,100.0,17.7,B
2021-07-22T13:25:45,500.0,17.7,B
2021-07-22T13:25:45,20000.0,17.7,B
2021-07-22T13:25:44,1000.0,17.6,S
2021-07-22T13:25:42,1100.0,17.7,B
2021-07-22T13:25:42,5000.0,17.6,S
2021-07-22T13:25:40,15800.0,17.7,B
2021-07-22T13:25:37,200.0,17.7,B
2021-07-22T13:25:36,2000.0,17.7,B
2021-07-22T13:25:28,9700.0,17.6,S
2021-07-22T13:25:27,500.0,17.6,S
2021-07-22T13:25:26,500.0,17.7,B
2021-07-22T13:25:26,900.0,17.7,B
2021-07-22T13:25:22,500.0,17.7,B
2021-07-22T13:25:21,1000.0,17.7,B
2021-07-22T13:25:20,800.0,17.7,B
2021-07-22T13:25:19,1000.0,17.7,B
2021-07-22T13:25:19,30000.0,17.7,B
2021-07-22T13:25:11,1600.0,17.7,B
2021-07-22T13:25:09,1000.0,17.6,S
2021-07-22T13:25:06,3000.0,17.6,S
2021-07-22T13:25:05,300.0,17.6,S
2021-07-22T13:25:04,10000.0,17.6,S
2021-07-22T13:25:00,2900.0,17.6,S
2021-07-22T13:24:58,61500.0,17.6,S
2021-07-22T13:24:58,4000.0,17.6,B
2021-07-22T13:24:56,3000.0,17.6,B
2021-07-22T13:24:56,100.0,17.6,B
2021-07-22T13:24:53,1900.0,17.6,B
2021-07-22T13:24:53,500.0,17.6,B
2021-07-22T13:24:53,100.0,17.6,B
2021-07-22T13:24:52,1000.0,17.6,B
2021-07-22T13:24:52,5100.0,17.6,B
2021-07-22T13:24:51,1000.0,17.6,B
2021-07-22T13:24:47,500.0,17.6,B
2021-07-22T13:24:46,1500.0,17.6,B
2021-07-22T13:24:46,17000.0,17.6,B
2021-07-22T13:24:43,4200.0,17.6,B
2021-07-22T13:24:43,5000.0,17.6,B
2021-07-22T13:24:43,2000.0,17.6,B
2021-07-22T13:24:42,2000.0,17.6,B
2021-07-22T13:24:42,6000.0,17.6,B
2021-07-22T13:24:41,3000.0,17.6,B
2021-07-22T13:24:40,11000.0,17.6,B
2021-07-22T13:24:37,10400.0,17.6,B
2021-07-22T13:24:35,2000.0,17.6,B
2021-07-22T13:24:33,5000.0,17.6,B
2021-07-22T13:24:33,10000.0,17.6,B
2021-07-22T13:24:33,200.0,17.6,B
2021-07-22T13:24:32,1300.0,17.6,B
2021-07-22T13:24:31,200.0,17.6,B
2021-07-22T13:24:28,10000.0,17.6,B
2021-07-22T13:24:27,200.0,17.6,B
2021-07-22T13:24:26,500.0,17.6,B
2021-07-22T13:24:24,4500.0,17.6,B
2021-07-22T13:24:23,500.0,17.6,B
2021-07-22T13:24:21,5000.0,17.6,B
2021-07-22T13:24:20,200.0,17.6,B
2021-07-22T13:24:16,300.0,17.6,B
2021-07-22T13:24:13,1000.0,17.6,B
2021-07-22T13:24:09,1000.0,17.6,B
2021-07-22T13:24:09,200.0,17.6,B
2021-07-22T13:24:07,5700.0,17.6,B
2021-07-22T13:24:01,10000.0,17.5,S
2021-07-22T13:23:58,200.0,17.5,S
2021-07-22T13:23:55,2000.0,17.5,S
2021-07-22T13:23:54,1000.0,17.6,B
2021-07-22T13:23:48,100.0,17.5,S
2021-07-22T13:23:47,300.0,17.5,S
2021-07-22T13:23:45,2000.0,17.5,S
2021-07-22T13:23:44,200.0,17.5,S
2021-07-22T13:23:40,300.0,17.5,S
2021-07-22T13:23:35,1000.0,17.5,S
2021-07-22T13:23:34,259900.0,17.5,S
2021-07-22T13:23:31,30100.0,17.5,B
2021-07-22T13:23:29,100.0,17.5,B
2021-07-22T13:23:29,1000.0,17.5,B
2021-07-22T13:23:29,5400.0,17.5,B
2021-07-22T13:23:25,1700.0,17.5,B
2021-07-22T13:23:24,700.0,17.5,B
2021-07-22T13:23:23,1000.0,17.5,B
2021-07-22T13:23:20,100.0,17.5,B
2021-07-22T13:23:18,1500.0,17.5,B
2021-07-22T13:23:16,1000.0,17.5,B
2021-07-22T13:23:13,1200.0,17.5,B
2021-07-22T13:23:11,10000.0,17.5,B
2021-07-22T13:23:10,15100.0,17.5,B
2021-07-22T13:23:09,500.0,17.5,B
2021-07-22T13:23:07,2000.0,17.5,B
2021-07-22T13:23:06,2400.0,17.5,B
2021-07-22T13:23:05,5000.0,17.5,B
2021-07-22T13:23:00,5000.0,17.5,B
2021-07-22T13:23:00,1000.0,17.4,S
2021-07-22T13:22:57,100.0,17.5,B
2021-07-22T13:22:55,1000.0,17.5,B
2021-07-22T13:22:54,5000.0,17.5,B
2021-07-22T13:22:50,1500.0,17.5,B
2021-07-22T13:22:42,1000.0,17.5,B
2021-07-22T13:22:41,5000.0,17.5,B
2021-07-22T13:22:32,10000.0,17.5,B
2021-07-22T13:22:26,200.0,17.5,B
2021-07-22T13:22:24,1300.0,17.4,S
2021-07-22T13:22:22,300.0,17.5,B
2021-07-22T13:22:19,50000.0,17.4,S
2021-07-22T13:22:18,100.0,17.5,B
2021-07-22T13:22:18,500.0,17.5,B
2021-07-22T13:22:17,1000.0,17.5,B
2021-07-22T13:22:15,200.0,17.5,B
2021-07-22T13:22:12,1000.0,17.5,B
2021-07-22T13:22:12,1000.0,17.5,B
2021-07-22T13:22:12,1300.0,17.5,B
2021-07-22T13:22:11,300.0,17.5,B
2021-07-22T13:22:06,1700.0,17.5,B
2021-07-22T13:22:05,200.0,17.5,B
2021-07-22T13:22:03,200.0,17.5,B
2021-07-22T13:22:03,500.0,17.5,B
2021-07-22T13:22:02,3000.0,17.5,B
2021-07-22T13:22:01,100.0,17.5,B
2021-07-22T13:21:58,20000.0,17.5,B
2021-07-22T13:21:57,200.0,17.5,B
2021-07-22T13:21:53,500.0,17.5,B
2021-07-22T13:21:53,10000.0,17.5,B
2021-07-22T13:21:43,300.0,17.5,B
2021-07-22T13:21:36,10000.0,17.5,B
2021-07-22T13:21:35,100.0,17.5,B
2021-07-22T13:21:33,40100.0,17.5,B
2021-07-22T13:21:30,200.0,17.5,B
2021-07-22T13:21:28,200.0,17.5,B
2021-07-22T13:21:24,1000.0,17.5,B
2021-07-22T13:21:21,500.0,17.5,B
2021-07-22T13:21:20,100.0,17.5,B
2021-07-22T13:21:19,14600.0,17.5,B
2021-07-22T13:21:17,2000.0,17.5,B
2021-07-22T13:21:17,100.0,17.5,B
2021-07-22T13:21:15,5000.0,17.5,B
2021-07-22T13:21:14,10100.0,17.5,B
2021-07-22T13:21:12,400.0,17.5,B
2021-07-22T13:21:10,100.0,17.4,S
2021-07-22T13:21:10,1000.0,17.5,B
2021-07-22T13:21:06,100.0,17.5,B
2021-07-22T13:21:05,400.0,17.5,B
2021-07-22T13:21:03,300.0,17.5,B
2021-07-22T13:21:00,10000.0,17.5,B
2021-07-22T13:20:59,100.0,17.5,B
2021-07-22T13:20:57,2000.0,17.5,B
2021-07-22T13:20:51,200.0,17.5,B
2021-07-22T13:20:49,100.0,17.5,B
2021-07-22T13:20:49,1000.0,17.5,B
2021-07-22T13:20:46,5800.0,17.5,B
2021-07-22T13:20:42,4000.0,17.5,B
2021-07-22T13:20:40,400.0,17.4,S
2021-07-22T13:20:39,400.0,17.5,B
2021-07-22T13:20:38,1000.0,17.5,B
2021-07-22T13:20:36,100.0,17.5,B
2021-07-22T13:20:34,2000.0,17.5,B
2021-07-22T13:20:26,300.0,17.5,B
2021-07-22T13:20:26,100.0,17.4,S
2021-07-22T13:20:23,100.0,17.5,B
2021-07-22T13:20:21,200.0,17.5,B
2021-07-22T13:20:19,2000.0,17.5,B
2021-07-22T13:20:18,2000.0,17.5,B
2021-07-22T13:20:15,500.0,17.5,B
2021-07-22T13:20:07,1500.0,17.5,B
2021-07-22T13:20:03,800.0,17.5,B
2021-07-22T13:20:02,400.0,17.5,B
2021-07-22T13:19:59,300.0,17.5,B
2021-07-22T13:19:57,1000.0,17.5,B
2021-07-22T13:19:54,20000.0,17.5,B
2021-07-22T13:19:52,200.0,17.5,B
2021-07-22T13:19:51,100.0,17.4,S
2021-07-22T13:19:49,300.0,17.4,S
2021-07-22T13:19:49,1000.0,17.5,B
2021-07-22T13:19:44,200.0,17.5,B
2021-07-22T13:19:40,100.0,17.4,S
2021-07-22T13:19:37,2000.0,17.4,S
2021-07-22T13:19:23,3700.0,17.4,B
2021-07-22T13:19:23,1000.0,17.4,B
2021-07-22T13:19:21,1000.0,17.4,B
2021-07-22T13:19:20,500.0,17.4,B
2021-07-22T13:19:20,500.0,17.4,B
2021-07-22T13:19:19,11000.0,17.4,B
2021-07-22T13:19:19,3300.0,17.4,B
2021-07-22T13:19:18,10000.0,17.4,B
2021-07-22T13:19:18,500.0,17.4,B
2021-07-22T13:19:17,100.0,17.4,B
2021-07-22T13:19:15,1000.0,17.4,B
2021-07-22T13:19:13,17000.0,17.4,B
2021-07-22T13:19:12,500.0,17.4,B
2021-07-22T13:19:12,28000.0,17.4,B
2021-07-22T13:19:11,200200.0,17.3,S
2021-07-22T13:19:09,200.0,17.4,B
2021-07-22T13:19:08,2800.0,17.4,B
2021-07-22T13:19:02,200.0,17.4,B
2021-07-22T13:19:01,101000.0,17.4,B
2021-07-22T13:18:54,1000.0,17.3,S
2021-07-22T13:18:44,3000.0,17.3,S
2021-07-22T13:18:33,300.0,17.3,B
2021-07-22T13:18:33,6400.0,17.3,B
2021-07-22T13:18:32,30000.0,17.3,B
2021-07-22T13:18:32,2000.0,17.3,B
2021-07-22T13:18:31,9600.0,17.3,B
2021-07-22T13:18:30,1500.0,17.3,B
2021-07-22T13:18:30,5000.0,17.3,B
2021-07-22T13:18:28,1000.0,17.3,B
2021-07-22T13:18:28,100500.0,17.3,B
2021-07-22T13:18:27,4000.0,17.3,B
2021-07-22T13:18:27,2000.0,17.3,B
2021-07-22T13:18:26,10000.0,17.3,B
2021-07-22T13:18:24,6500.0,17.3,B
2021-07-22T13:18:24,23000.0,17.2,S
2021-07-22T13:18:22,20000.0,17.3,B
2021-07-22T13:18:21,900.0,17.3,B
2021-07-22T13:18:20,20000.0,17.3,B
2021-07-22T13:18:18,27000.0,17.3,B
2021-07-22T13:18:17,100.0,17.3,B
2021-07-22T13:18:17,5000.0,17.3,B
2021-07-22T13:18:16,2000.0,17.3,B
2021-07-22T13:18:15,2400.0,17.3,B
2021-07-22T13:18:15,10600.0,17.3,B
2021-07-22T13:18:14,10000.0,17.3,B
2021-07-22T13:18:14,200.0,17.3,B
2021-07-22T13:18:12,100.0,17.3,B
2021-07-22T13:18:11,500.0,17.3,B
2021-07-22T13:18:08,2000.0,17.3,B
2021-07-22T13:18:06,1200.0,17.3,B
2021-07-22T13:18:06,3000.0,17.3,B
2021-07-22T13:18:04,100.0,17.3,B
2021-07-22T13:18:04,10000.0,17.3,B
2021-07-22T13:18:03,20000.0,17.3,B
2021-07-22T13:18:01,500.0,17.3,B
2021-07-22T13:18:00,5000.0,17.3,B
2021-07-22T13:17:58,1100.0,17.3,B
2021-07-22T13:17:53,12000.0,17.3,B
2021-07-22T13:17:52,2500.0,17.3,B
2021-07-22T13:17:50,5900.0,17.3,B
2021-07-22T13:17:49,3000.0,17.3,B
2021-07-22T13:17:46,10000.0,17.3,B
2021-07-22T13:17:46,200.0,17.3,B
2021-07-22T13:17:44,1000.0,17.3,B
2021-07-22T13:17:43,5400.0,17.3,B
2021-07-22T13:17:39,500.0,17.3,B
2021-07-22T13:17:39,2000.0,17.3,B
2021-07-22T13:17:38,2000.0,17.3,B
2021-07-22T13:17:36,500.0,17.3,B
2021-07-22T13:17:34,500.0,17.3,B
2021-07-22T13:17:32,600.0,17.3,B
2021-07-22T13:17:28,1000.0,17.3,B
2021-07-22T13:17:27,100.0,17.3,B
2021-07-22T13:17:27,2000.0,17.3,B
2021-07-22T13:17:27,1000.0,17.3,B
2021-07-22T13:17:26,200.0,17.3,B
2021-07-22T13:17:24,3000.0,17.3,B
2021-07-22T13:17:22,10000.0,17.3,B
2021-07-22T13:17:19,25000.0,17.3,B
2021-07-22T13:17:18,9200.0,17.2,S
2021-07-22T13:17:16,38000.0,17.3,B
2021-07-22T13:17:13,3000.0,17.3,B
2021-07-22T13:17:13,300.0,17.3,B
2021-07-22T13:17:10,9500.0,17.3,B
2021-07-22T13:17:09,200.0,17.3,B
2021-07-22T13:17:08,10000.0,17.3,B
2021-07-22T13:17:07,1000.0,17.3,B
2021-07-22T13:17:06,1300.0,17.3,B
2021-07-22T13:17:04,1000.0,17.3,B
2021-07-22T13:17:04,5500.0,17.3,B
2021-07-22T13:17:00,8000.0,17.3,B
2021-07-22T13:16:57,2000.0,17.3,B
2021-07-22T13:16:49,500.0,17.3,B
2021-07-22T13:16:47,3000.0,17.3,B
2021-07-22T13:16:45,1200.0,17.3,B
2021-07-22T13:16:43,1000.0,17.3,B
2021-07-22T13:16:43,100.0,17.3,B
2021-07-22T13:16:42,1000.0,17.3,B
2021-07-22T13:16:42,200.0,17.3,B
2021-07-22T13:16:41,2000.0,17.3,B
2021-07-22T13:16:39,3400.0,17.3,B
2021-07-22T13:16:39,200.0,17.3,B
2021-07-22T13:16:37,500.0,17.3,B
2021-07-22T13:16:35,300.0,17.3,B
2021-07-22T13:16:35,800.0,17.3,B
2021-07-22T13:16:33,400.0,17.3,B
2021-07-22T13:16:29,500.0,17.3,B
2021-07-22T13:16:28,1000.0,17.3,B
2021-07-22T13:16:25,500.0,17.3,B
2021-07-22T13:16:23,500.0,17.3,B
2021-07-22T13:16:19,400.0,17.3,B
2021-07-22T13:16:19,100.0,17.3,B
2021-07-22T13:16:17,1000.0,17.3,B
2021-07-22T13:16:17,200.0,17.3,B
2021-07-22T13:16:16,9000.0,17.3,B
2021-07-22T13:16:16,1000.0,17.3,B
2021-07-22T13:16:11,500.0,17.3,B
2021-07-22T13:16:07,3000.0,17.3,B
2021-07-22T13:16:04,1700.0,17.3,B
2021-07-22T13:16:02,500.0,17.3,B
2021-07-22T13:15:59,1000.0,17.3,B
2021-07-22T13:15:56,500.0,17.3,B
2021-07-22T13:15:55,12000.0,17.3,B
2021-07-22T13:15:55,2400.0,17.3,B
2021-07-22T13:15:53,2000.0,17.3,B
2021-07-22T13:15:52,500.0,17.3,B
2021-07-22T13:15:52,500.0,17.3,B
2021-07-22T13:15:51,2000.0,17.3,B
2021-07-22T13:15:50,500.0,17.3,B
2021-07-22T13:15:48,5000.0,17.3,B
2021-07-22T13:15:45,400.0,17.3,B
2021-07-22T13:15:37,300.0,17.3,B
2021-07-22T13:15:28,1000.0,17.3,B
2021-07-22T13:15:24,1200.0,17.3,B
2021-07-22T13:15:19,2300.0,17.3,B
2021-07-22T13:15:17,3200.0,17.3,B
2021-07-22T13:15:15,1000.0,17.3,B
2021-07-22T13:15:15,100.0,17.3,B
2021-07-22T13:15:11,10000.0,17.3,B
2021-07-22T13:14:57,1000.0,17.3,B
2021-07-22T13:14:55,3000.0,17.3,B
2021-07-22T13:14:49,500.0,17.3,B
2021-07-22T13:14:43,200.0,17.3,B
2021-07-22T13:14:42,2000.0,17.3,B
2021-07-22T13:14:40,100.0,17.3,B
2021-07-22T13:14:33,2000.0,17.3,B
2021-07-22T13:14:11,2000.0,17.3,B
2021-07-22T13:14:10,2000.0,17.3,B
2021-07-22T13:13:59,300.0,17.3,B
2021-07-22T13:13:58,10000.0,17.3,B
2021-07-22T13:13:58,500.0,17.2,S
2021-07-22T13:13:57,200.0,17.3,B
2021-07-22T13:13:42,5000.0,17.3,B
2021-07-22T13:13:36,1500.0,17.3,B
2021-07-22T13:13:32,1000.0,17.2,S
2021-07-22T13:13:11,1000.0,17.2,S
2021-07-22T13:12:18,1000.0,17.2,S
2021-07-22T13:12:14,100.0,17.2,S
2021-07-22T13:11:49,200.0,17.2,S
2021-07-22T13:11:47,1300.0,17.2,S
2021-07-22T13:11:35,200.0,17.2,S
2021-07-22T13:11:12,2000.0,17.2,S
2021-07-22T13:11:07,300.0,17.2,S
2021-07-22T13:11:06,200.0,17.2,S
2021-07-22T13:10:58,500.0,17.2,S
2021-07-22T13:10:52,500.0,17.2,S
2021-07-22T13:10:42,200.0,17.2,S
2021-07-22T13:10:35,900.0,17.2,S
2021-07-22T13:10:30,4000.0,17.2,S
2021-07-22T13:10:26,2500.0,17.2,S
2021-07-22T13:10:23,700.0,17.2,S
2021-07-22T13:10:08,1000.0,17.2,S
2021-07-22T13:09:55,100.0,17.2,S
2021-07-22T13:09:50,700.0,17.2,S
2021-07-22T13:09:33,2000.0,17.2,S
2021-07-22T13:09:27,1000.0,17.2,S
2021-07-22T13:09:13,100.0,17.2,B
2021-07-22T13:09:11,200000.0,17.2,B
2021-07-22T13:09:07,2000.0,17.2,B
2021-07-22T13:09:01,17600.0,17.2,B
2021-07-22T13:09:01,37400.0,17.2,B
2021-07-22T13:08:56,50000.0,17.2,B
2021-07-22T13:08:51,80000.0,17.2,B
2021-07-22T13:08:47,200.0,17.2,B
2021-07-22T13:08:45,1500.0,17.1,S
2021-07-22T13:08:35,100.0,17.2,B
2021-07-22T13:08:29,500.0,17.1,S
2021-07-22T13:08:28,1000.0,17.2,B
2021-07-22T13:08:27,1000.0,17.2,B
2021-07-22T13:08:20,50000.0,17.2,B
2021-07-22T13:08:09,1500.0,17.2,B
2021-07-22T13:07:58,1600.0,17.2,B
2021-07-22T13:07:54,100.0,17.2,B
2021-07-22T13:07:51,200.0,17.2,B
2021-07-22T13:07:44,1000.0,17.2,B
2021-07-22T13:07:41,12000.0,17.2,B
2021-07-22T13:07:25,100.0,17.2,B
2021-07-22T13:07:18,5000.0,17.2,B
2021-07-22T13:07:17,500.0,17.2,B
2021-07-22T13:07:16,500.0,17.2,B
2021-07-22T13:07:16,500.0,17.2,B
2021-07-22T13:07:04,900.0,17.2,B
2021-07-22T13:06:53,10000.0,17.2,B
2021-07-22T13:06:34,5000.0,17.1,S
2021-07-22T13:06:32,1000.0,17.2,B
2021-07-22T13:06:24,500.0,17.2,B
2021-07-22T13:06:23,1400.0,17.2,B
2021-07-22T13:06:16,100.0,17.2,B
2021-07-22T13:06:14,400.0,17.2,B
2021-07-22T13:06:10,10000.0,17.1,S
2021-07-22T13:06:07,600.0,17.2,B
2021-07-22T13:05:52,500.0,17.2,B
2021-07-22T13:05:44,1000.0,17.2,B
2021-07-22T13:05:42,4000.0,17.2,B
2021-07-22T13:05:42,500.0,17.1,S
2021-07-22T13:05:30,100.0,17.2,B
2021-07-22T13:05:24,500.0,17.2,B
2021-07-22T13:05:18,200.0,17.2,B
2021-07-22T13:05:17,100.0,17.2,B
2021-07-22T13:05:07,1000.0,17.2,B
2021-07-22T13:04:16,1300.0,17.1,S
2021-07-22T13:03:59,1000.0,17.1,S
2021-07-22T13:03:55,500.0,17.2,B
2021-07-22T13:03:22,500.0,17.2,B
2021-07-22T13:03:14,500.0,17.2,B
2021-07-22T13:03:14,2100.0,17.1,S
2021-07-22T13:03:03,700.0,17.1,S
2021-07-22T13:03:02,100.0,17.2,B
2021-07-22T13:02:49,200.0,17.2,B
2021-07-22T13:02:45,200.0,17.2,B
2021-07-22T13:02:38,500.0,17.2,B
2021-07-22T13:02:17,500.0,17.2,B
2021-07-22T13:01:53,500.0,17.2,B
2021-07-22T13:01:52,100.0,17.2,B
2021-07-22T13:01:49,200.0,17.2,B
2021-07-22T13:01:46,1000.0,17.2,B
2021-07-22T13:01:40,100.0,17.2,B
2021-07-22T13:01:37,500.0,17.2,B
2021-07-22T13:01:35,500.0,17.2,B
2021-07-22T13:01:33,10000.0,17.2,B
2021-07-22T13:01:23,500.0,17.2,B
2021-07-22T13:01:15,700.0,17.2,B
2021-07-22T13:01:14,500.0,17.2,B
2021-07-22T13:00:45,1300.0,17.2,B
2021-07-22T13:00:43,200.0,17.2,B
2021-07-22T13:00:43,3200.0,17.2,B
2021-07-22T13:00:33,200.0,17.2,B
2021-07-22T13:00:27,200.0,17.1,S
2021-07-22T13:00:22,1600.0,17.1,S
2021-07-22T13:00:18,5000.0,17.2,B
2021-07-22T13:00:18,500.0,17.2,B
2021-07-22T13:00:17,500.0,17.2,B
2021-07-22T11:30:03,500.0,17.2,B
2021-07-22T11:29:58,10000.0,17.2,B
2021-07-22T11:29:32,1000.0,17.2,B
2021-07-22T11:29:28,100.0,17.2,B
2021-07-22T11:29:07,400.0,17.2,B
2021-07-22T11:29:03,1000.0,17.2,B
2021-07-22T11:28:58,1400.0,17.2,B
2021-07-22T11:28:52,300.0,17.2,B
2021-07-22T11:28:34,1000.0,17.2,B
2021-07-22T11:28:14,100.0,17.2,B
2021-07-22T11:27:56,100.0,17.2,B
2021-07-22T11:27:53,200.0,17.1,S
2021-07-22T11:27:51,200.0,17.2,B
2021-07-22T11:27:37,200.0,17.2,B
2021-07-22T11:27:36,300.0,17.2,B
2021-07-22T11:27:36,500.0,17.2,B
2021-07-22T11:27:31,1500.0,17.2,B
2021-07-22T11:27:29,500.0,17.2,B
2021-07-22T11:27:21,8000.0,17.2,B
2021-07-22T11:27:20,10000.0,17.2,B
2021-07-22T11:27:02,1000.0,17.2,B
2021-07-22T11:26:56,1000.0,17.1,S
2021-07-22T11:26:42,5000.0,17.1,S
2021-07-22T11:26:22,200.0,17.1,S
2021-07-22T11:26:00,6000.0,17.2,B
2021-07-22T11:25:42,2500.0,17.1,S
2021-07-22T11:25:38,300.0,17.2,B
2021-07-22T11:25:19,1000.0,17.1,S
2021-07-22T11:25:14,200.0,17.1,S
2021-07-22T11:24:43,100.0,17.1,S
2021-07-22T11:24:33,500.0,17.1,S
2021-07-22T11:24:25,600.0,17.2,B
2021-07-22T11:24:02,200.0,17.2,B
2021-07-22T11:23:46,100.0,17.2,B
2021-07-22T11:23:35,100.0,17.2,B
2021-07-22T11:23:27,600.0,17.1,S
2021-07-22T11:22:49,2000.0,17.1,S
2021-07-22T11:22:33,800.0,17.1,S
2021-07-22T11:21:54,100.0,17.1,S
2021-07-22T11:21:35,800.0,17.1,S
2021-07-22T11:21:32,400.0,17.1,S
2021-07-22T11:21:20,900.0,17.1,S
2021-07-22T11:21:11,1000.0,17.2,B
2021-07-22T11:21:09,1000.0,17.2,B
2021-07-22T11:20:59,500.0,17.2,B
2021-07-22T11:20:46,200.0,17.2,B
2021-07-22T11:19:58,100.0,17.2,B
2021-07-22T11:19:33,200.0,17.2,B
2021-07-22T11:19:25,10000.0,17.1,S
2021-07-22T11:19:17,5000.0,17.1,S
2021-07-22T11:19:09,500.0,17.2,B
2021-07-22T11:18:50,100.0,17.1,S
2021-07-22T11:18:38,100.0,17.2,B
2021-07-22T11:18:21,100.0,17.2,B
2021-07-22T11:18:13,200.0,17.2,B
2021-07-22T11:18:12,500.0,17.2,B
2021-07-22T11:18:09,1000.0,17.2,B
2021-07-22T11:17:55,1000.0,17.2,B
2021-07-22T11:17:27,3000.0,17.2,B
2021-07-22T11:17:24,200.0,17.2,B
2021-07-22T11:17:21,200.0,17.1,S
2021-07-22T11:17:07,100.0,17.1,S
2021-07-22T11:17:02,1000.0,17.2,B
2021-07-22T11:16:42,900.0,17.2,B
2021-07-22T11:16:33,2000.0,17.2,B
2021-07-22T11:16:26,2000.0,17.2,B
2021-07-22T11:16:04,1000.0,17.2,B
2021-07-22T11:15:47,200.0,17.1,S
2021-07-22T11:15:43,500.0,17.2,B
2021-07-22T11:15:35,1000.0,17.2,B
2021-07-22T11:15:32,500.0,17.2,B
2021-07-22T11:15:32,500.0,17.2,B
2021-07-22T11:15:19,1000.0,17.2,B
2021-07-22T11:14:46,300.0,17.2,B
2021-07-22T11:14:35,100.0,17.2,B
2021-07-22T11:14:26,100.0,17.2,B
2021-07-22T11:14:22,300.0,17.2,B
2021-07-22T11:14:14,300.0,17.2,B
2021-07-22T11:14:01,5000.0,17.2,B
2021-07-22T11:13:54,100.0,17.2,B
2021-07-22T11:13:52,500.0,17.2,B
2021-07-22T11:13:46,1000.0,17.2,B
2021-07-22T11:13:19,2000.0,17.2,B
2021-07-22T11:13:06,1200.0,17.2,B
2021-07-22T11:12:57,1000.0,17.2,B
2021-07-22T11:12:30,2000.0,17.2,B
2021-07-22T11:12:22,100.0,17.1,S
2021-07-22T11:12:14,200.0,17.2,B
2021-07-22T11:11:52,300.0,17.1,S
2021-07-22T11:11:48,1000.0,17.1,S
2021-07-22T11:11:37,400.0,17.1,S
2021-07-22T11:11:35,300.0,17.1,S
2021-07-22T11:10:27,100.0,17.1,S
2021-07-22T11:10:13,2000.0,17.1,S
2021-07-22T11:10:07,1000.0,17.1,S
2021-07-22T11:09:56,100.0,17.1,S
2021-07-22T11:09:40,100.0,17.1,S
2021-07-22T11:09:35,2000.0,17.1,S
2021-07-22T11:09:01,2000.0,17.1,S
2021-07-22T11:08:58,500.0,17.2,B
2021-07-22T11:08:32,2500.0,17.1,S
2021-07-22T11:08:22,500.0,17.2,B
2021-07-22T11:08:17,10000.0,17.2,B
2021-07-22T11:08:14,1000.0,17.1,S
2021-07-22T11:08:08,1000.0,17.1,S
2021-07-22T11:07:48,30000.0,17.1,S
2021-07-22T11:07:40,1000.0,17.1,S
2021-07-22T11:07:40,200.0,17.2,B
2021-07-22T11:07:34,3000.0,17.1,S
2021-07-22T11:07:17,5800.0,17.1,S
2021-07-22T11:06:51,500.0,17.1,S
2021-07-22T11:04:22,5000.0,17.1,S
2021-07-22T11:04:18,100.0,17.1,S
2021-07-22T11:04:06,100.0,17.2,B
2021-07-22T11:03:49,100.0,17.2,B
2021-07-22T11:03:46,3000.0,17.2,B
2021-07-22T11:03:29,3500.0,17.2,B
2021-07-22T11:03:28,1800.0,17.2,B
2021-07-22T11:03:27,100.0,17.1,S
2021-07-22T11:03:12,600.0,17.2,B
2021-07-22T11:03:06,1000.0,17.1,S
2021-07-22T11:02:59,2900.0,17.1,S
2021-07-22T11:02:42,10000.0,17.1,S
2021-07-22T11:02:39,49000.0,17.1,S
2021-07-22T11:02:05,5000.0,17.2,B
2021-07-22T11:01:55,100.0,17.1,S
2021-07-22T11:01:36,1300.0,17.1,S
2021-07-22T11:01:31,3000.0,17.2,B
2021-07-22T11:01:14,500.0,17.1,S
2021-07-22T11:00:59,100.0,17.1,S
2021-07-22T11:00:14,100.0,17.1,S
2021-07-22T10:59:58,100.0,17.1,S
2021-07-22T10:59:58,1000.0,17.1,S
2021-07-22T10:59:57,2000.0,17.1,S
2021-07-22T10:59:48,2000.0,17.1,S
2021-07-22T10:59:45,2000.0,17.1,S
2021-07-22T10:59:44,500.0,17.1,S
2021-07-22T10:59:40,5000.0,17.1,S
2021-07-22T10:59:33,200.0,17.1,S
2021-07-22T10:59:31,1400.0,17.1,S
2021-07-22T10:59:16,3700.0,17.1,S
2021-07-22T10:59:16,10000.0,17.1,S
2021-07-22T10:59:04,5000.0,17.1,S
2021-07-22T10:58:41,11000.0,17.1,S
2021-07-22T10:58:35,10000.0,17.1,S
2021-07-22T10:58:09,50000.0,17.1,S
2021-07-22T10:57:43,1000.0,17.1,S
2021-07-22T10:57:37,10000.0,17.1,S
2021-07-22T10:57:16,1000.0,17.1,S
2021-07-22T10:56:53,500.0,17.1,S
2021-07-22T10:56:29,300.0,17.2,B
2021-07-22T10:56:12,100.0,17.2,B
2021-07-22T10:55:58,1000.0,17.2,B
2021-07-22T10:55:19,500.0,17.2,B
2021-07-22T10:55:07,1000.0,17.2,B
2021-07-22T10:55:04,200.0,17.2,B
2021-07-22T10:55:01,1000.0,17.2,B
2021-07-22T10:54:17,300.0,17.2,B
2021-07-22T10:54:10,800.0,17.2,B
2021-07-22T10:53:48,50000.0,17.2,B
2021-07-22T10:53:37,100.0,17.2,B
2021-07-22T10:53:17,14300.0,17.1,S
2021-07-22T10:53:14,10000.0,17.1,B
2021-07-22T10:53:09,36000.0,17.1,B
2021-07-22T10:53:07,500.0,17.1,B
2021-07-22T10:53:06,10100.0,17.1,B
2021-07-22T10:53:04,100.0,17.1,B
2021-07-22T10:53:02,1000.0,17.1,B
2021-07-22T10:53:00,3000.0,17.1,B
2021-07-22T10:52:59,10000.0,17.1,B
2021-07-22T10:52:58,1000.0,17.1,B
2021-07-22T10:52:55,8000.0,17.1,B
2021-07-22T10:52:48,20000.0,17.1,B
2021-07-22T10:52:40,3000.0,17.1,B
2021-07-22T10:52:37,4600.0,17.1,B
2021-07-22T10:52:33,10000.0,17.1,B
2021-07-22T10:52:27,20000.0,17.1,B
2021-07-22T10:52:14,6000.0,17.1,B
2021-07-22T10:51:53,1100.0,17.0,S
2021-07-22T10:51:42,700.0,17.1,B
2021-07-22T10:51:32,200.0,17.1,B
2021-07-22T10:51:30,500.0,17.1,B
2021-07-22T10:51:28,1000.0,17.1,B
2021-07-22T10:51:22,5000.0,17.1,B
2021-07-22T10:51:06,100.0,17.1,B
2021-07-22T10:51:04,1000.0,17.1,B
2021-07-22T10:50:56,500.0,17.1,B
2021-07-22T10:50:54,500.0,17.1,B
2021-07-22T10:50:52,500.0,17.1,B
2021-07-22T10:50:46,1000.0,17.1,B
2021-07-22T10:50:34,800.0,17.1,B
2021-07-22T10:50:14,20000.0,17.0,S
2021-07-22T10:50:00,1000.0,17.1,B
2021-07-22T10:49:53,100.0,17.1,B
2021-07-22T10:49:45,1000.0,17.1,B
2021-07-22T10:49:30,100.0,17.1,B
2021-07-22T10:49:13,1000.0,17.1,B
2021-07-22T10:48:54,2000.0,17.1,B
2021-07-22T10:48:53,8600.0,17.1,B
2021-07-22T10:48:51,1000.0,17.1,B
2021-07-22T10:48:40,1000.0,17.1,B
2021-07-22T10:48:34,1000.0,17.1,B
2021-07-22T10:47:17,3000.0,17.1,B
2021-07-22T10:47:10,5000.0,17.1,B
2021-07-22T10:47:05,1000.0,17.1,B
2021-07-22T10:46:38,100.0,17.1,B
2021-07-22T10:45:49,11000.0,17.0,S
2021-07-22T10:45:40,500.0,17.0,S
2021-07-22T10:45:35,100.0,17.1,B
2021-07-22T10:45:09,1000.0,17.0,S
2021-07-22T10:45:05,900.0,17.1,B
2021-07-22T10:45:03,10000.0,17.0,S
2021-07-22T10:44:48,100.0,17.0,S
2021-07-22T10:44:31,300.0,17.0,S
2021-07-22T10:44:25,20000.0,17.0,S
2021-07-22T10:44:23,2000.0,17.1,B
2021-07-22T10:44:03,100.0,17.1,B
2021-07-22T10:43:45,500.0,17.0,S
2021-07-22T10:43:03,100.0,17.0,S
2021-07-22T10:43:00,100.0,17.0,S
2021-07-22T10:42:58,200.0,17.0,S
2021-07-22T10:42:55,100.0,17.0,S
2021-07-22T10:42:38,1000.0,17.0,S
2021-07-22T10:42:13,300.0,17.0,S
2021-07-22T10:41:43,1000.0,17.0,S
2021-07-22T10:41:40,2000.0,17.0,S
2021-07-22T10:41:03,1000.0,17.0,S
2021-07-22T10:40:55,700.0,17.1,B
2021-07-22T10:40:14,1000.0,17.1,B
2021-07-22T10:39:53,500.0,17.1,B
2021-07-22T10:39:53,70600.0,17.1,S
2021-07-22T10:39:47,10000.0,17.1,S
2021-07-22T10:39:45,22000.0,17.1,S
2021-07-22T10:39:42,300.0,17.2,B
2021-07-22T10:39:42,5000.0,17.1,S
2021-07-22T10:39:38,1000.0,17.1,S
2021-07-22T10:39:34,100.0,17.1,S
2021-07-22T10:39:31,2100.0,17.1,S
2021-07-22T10:39:23,4500.0,17.1,S
2021-07-22T10:39:22,2500.0,17.1,S
2021-07-22T10:39:20,3900.0,17.1,S
2021-07-22T10:39:19,40000.0,17.1,S
2021-07-22T10:39:11,5000.0,17.1,S
2021-07-22T10:38:59,100.0,17.1,S
2021-07-22T10:38:54,1000.0,17.1,S
2021-07-22T10:38:37,1000.0,17.1,S
2021-07-22T10:38:21,800.0,17.2,B
2021-07-22T10:38:09,1000.0,17.1,S
2021-07-22T10:38:09,6000.0,17.1,S
2021-07-22T10:38:03,15000.0,17.1,S
2021-07-22T10:37:59,500.0,17.1,S
2021-07-22T10:37:38,1000.0,17.1,S
2021-07-22T10:37:32,10000.0,17.1,S
2021-07-22T10:36:54,3000.0,17.2,B
2021-07-22T10:36:19,100.0,17.1,S
2021-07-22T10:36:10,1000.0,17.1,S
2021-07-22T10:36:07,2000.0,17.1,S
2021-07-22T10:35:52,10000.0,17.1,S
2021-07-22T10:35:41,100.0,17.1,S
2021-07-22T10:35:04,100.0,17.2,B
2021-07-22T10:34:53,1000.0,17.1,S
2021-07-22T10:34:52,2000.0,17.1,S
2021-07-22T10:34:40,900.0,17.1,S
2021-07-22T10:34:37,2000.0,17.1,S
2021-07-22T10:34:13,100.0,17.1,S
2021-07-22T10:33:39,600.0,17.1,S
2021-07-22T10:33:27,500.0,17.2,B
2021-07-22T10:33:13,100.0,17.1,S
2021-07-22T10:33:08,500.0,17.1,S
2021-07-22T10:33:07,300.0,17.1,S
2021-07-22T10:32:51,2500.0,17.1,S
2021-07-22T10:32:20,400.0,17.1,S
2021-07-22T10:32:14,200.0,17.1,S
2021-07-22T10:31:45,1000.0,17.1,S
2021-07-22T10:31:42,500.0,17.2,B
2021-07-22T10:31:31,200.0,17.1,S
2021-07-22T10:31:06,400.0,17.2,B
2021-07-22T10:31:03,500.0,17.2,B
2021-07-22T10:30:42,100.0,17.2,B
2021-07-22T10:30:41,400.0,17.2,B
2021-07-22T10:30:36,100.0,17.2,B
2021-07-22T10:29:57,1500.0,17.2,B
2021-07-22T10:29:39,3000.0,17.1,S
2021-07-22T10:29:34,500.0,17.2,B
2021-07-22T10:29:29,500.0,17.2,B
2021-07-22T10:29:12,100.0,17.2,B
2021-07-22T10:29:03,1000.0,17.2,B
2021-07-22T10:28:31,500.0,17.2,B
2021-07-22T10:28:27,3000.0,17.2,B
2021-07-22T10:28:18,200.0,17.1,S
2021-07-22T10:28:11,200.0,17.1,S
2021-07-22T10:28:04,500.0,17.1,S
2021-07-22T10:27:57,300.0,17.1,S
2021-07-22T10:27:26,5000.0,17.1,S
2021-07-22T10:27:19,100.0,17.2,B
2021-07-22T10:27:12,1000.0,17.1,S
2021-07-22T10:26:46,2000.0,17.1,S
2021-07-22T10:26:42,100.0,17.2,B
2021-07-22T10:26:36,900.0,17.1,S
2021-07-22T10:26:26,8300.0,17.1,S
2021-07-22T10:25:43,18000.0,17.1,S
2021-07-22T10:25:33,800.0,17.1,S
2021-07-22T10:25:31,1000.0,17.1,S
2021-07-22T10:25:29,300.0,17.2,B
2021-07-22T10:25:25,100.0,17.2,B
2021-07-22T10:25:02,300.0,17.2,B
2021-07-22T10:24:59,100.0,17.1,S
2021-07-22T10:24:59,100.0,17.1,S
2021-07-22T10:24:57,5000.0,17.1,S
2021-07-22T10:24:44,500.0,17.1,S
2021-07-22T10:24:41,1000.0,17.1,S
2021-07-22T10:24:36,200.0,17.1,S
2021-07-22T10:24:09,100.0,17.1,S
2021-07-22T10:24:09,200.0,17.1,S
2021-07-22T10:24:05,1200.0,17.1,S
2021-07-22T10:23:50,8000.0,17.1,S
2021-07-22T10:23:30,10000.0,17.1,S
2021-07-22T10:23:20,400.0,17.1,S
2021-07-22T10:23:10,200.0,17.1,S
2021-07-22T10:23:05,3000.0,17.2,B
2021-07-22T10:23:04,100.0,17.1,S
2021-07-22T10:22:56,200.0,17.1,S
2021-07-22T10:22:46,100.0,17.1,S
2021-07-22T10:22:38,3000.0,17.1,S
2021-07-22T10:22:33,100.0,17.1,S
2021-07-22T10:21:36,500.0,17.1,S
2021-07-22T10:21:29,400.0,17.1,S
2021-07-22T10:21:00,1800.0,17.1,S
2021-07-22T10:20:49,1000.0,17.2,B
2021-07-22T10:20:47,200.0,17.1,S
2021-07-22T10:20:34,100.0,17.2,B
2021-07-22T10:20:07,1000.0,17.1,S
2021-07-22T10:19:50,100.0,17.1,S
2021-07-22T10:19:43,300.0,17.1,S
2021-07-22T10:19:37,200.0,17.1,S
2021-07-22T10:19:30,1000.0,17.1,S
2021-07-22T10:19:28,200.0,17.1,S
2021-07-22T10:19:21,200.0,17.1,S
2021-07-22T10:19:16,1000.0,17.1,S
2021-07-22T10:19:11,3000.0,17.1,S
2021-07-22T10:19:07,2000.0,17.1,S
2021-07-22T10:19:06,500.0,17.2,B
2021-07-22T10:19:02,500.0,17.2,B
2021-07-22T10:18:53,2000.0,17.1,S
2021-07-22T10:18:51,5000.0,17.1,S
2021-07-22T10:18:42,100.0,17.2,B
2021-07-22T10:18:39,100.0,17.2,B
2021-07-22T10:18:36,5000.0,17.1,S
2021-07-22T10:18:28,200.0,17.1,S
2021-07-22T10:18:23,2000.0,17.2,B
2021-07-22T10:18:15,200.0,17.2,B
2021-07-22T10:17:51,1000.0,17.2,B
2021-07-22T10:17:48,1600.0,17.1,S
2021-07-22T10:17:45,10000.0,17.2,B
2021-07-22T10:17:35,100.0,17.1,S
2021-07-22T10:17:30,5000.0,17.1,S
2021-07-22T10:17:25,100.0,17.2,B
2021-07-22T10:17:11,100.0,17.2,B
2021-07-22T10:16:57,3000.0,17.2,B
2021-07-22T10:16:54,1000.0,17.1,S
2021-07-22T10:16:50,300.0,17.2,B
2021-07-22T10:16:42,100.0,17.1,S
2021-07-22T10:16:19,200.0,17.2,B
2021-07-22T10:16:09,100.0,17.2,B
2021-07-22T10:15:55,100.0,17.2,B
2021-07-22T10:15:34,1700.0,17.2,B
2021-07-22T10:15:26,2000.0,17.2,B
2021-07-22T10:15:13,200.0,17.1,S
2021-07-22T10:15:03,100.0,17.1,S
2021-07-22T10:14:27,100.0,17.1,S
2021-07-22T10:14:25,500.0,17.2,B
2021-07-22T10:14:22,1000.0,17.1,S
2021-07-22T10:14:17,200.0,17.2,B
2021-07-22T10:14:13,400.0,17.2,B
2021-07-22T10:14:05,300.0,17.2,B
2021-07-22T10:14:03,100.0,17.2,B
2021-07-22T10:13:56,200.0,17.2,B
2021-07-22T10:13:26,10000.0,17.2,B
2021-07-22T10:13:17,100.0,17.2,B
2021-07-22T10:13:07,500.0,17.2,B
2021-07-22T10:12:48,2000.0,17.2,B
2021-07-22T10:12:45,1000.0,17.1,S
2021-07-22T10:12:32,3000.0,17.2,B
2021-07-22T10:12:12,200.0,17.2,B
2021-07-22T10:12:11,3000.0,17.1,S
2021-07-22T10:11:52,100.0,17.2,B
2021-07-22T10:11:46,100.0,17.2,B
2021-07-22T10:11:15,100.0,17.2,B
2021-07-22T10:10:45,10000.0,17.2,B
2021-07-22T10:10:39,1000.0,17.1,S
2021-07-22T10:10:32,10000.0,17.1,S
2021-07-22T10:10:23,1500.0,17.1,S
2021-07-22T10:10:10,1700.0,17.1,S
2021-07-22T10:09:55,500.0,17.1,S
2021-07-22T10:09:44,100.0,17.1,S
2021-07-22T10:09:18,300.0,17.1,S
2021-07-22T10:09:17,100.0,17.2,B
2021-07-22T10:09:07,200.0,17.1,S
2021-07-22T10:08:51,200.0,17.1,S
2021-07-22T10:08:47,200.0,17.2,B
2021-07-22T10:08:43,3000.0,17.1,S
2021-07-22T10:07:44,100.0,17.1,S
2021-07-22T10:07:43,500.0,17.1,S
2021-07-22T10:07:19,100.0,17.1,S
2021-07-22T10:07:03,900.0,17.1,S
2021-07-22T10:06:50,100.0,17.1,S
2021-07-22T10:06:37,500.0,17.2,B
2021-07-22T10:06:34,2000.0,17.1,S
2021-07-22T10:06:16,200.0,17.2,B
2021-07-22T10:05:57,5000.0,17.1,S
2021-07-22T10:05:54,100.0,17.1,S
2021-07-22T10:05:48,400.0,17.2,B
2021-07-22T10:05:43,3000.0,17.1,S
2021-07-22T10:05:32,1000.0,17.1,S
2021-07-22T10:05:30,100.0,17.2,B
2021-07-22T10:05:18,4000.0,17.1,S
2021-07-22T10:05:13,100.0,17.2,B
2021-07-22T10:04:53,2000.0,17.1,S
2021-07-22T10:04:42,200.0,17.2,B
2021-07-22T10:04:34,500.0,17.2,B
2021-07-22T10:04:25,200.0,17.1,S
2021-07-22T10:04:25,500.0,17.2,B
2021-07-22T10:04:16,2000.0,17.2,B
2021-07-22T10:04:05,100.0,17.1,S
2021-07-22T10:03:55,100.0,17.2,B
2021-07-22T10:03:51,100.0,17.2,B
2021-07-22T10:03:48,1000.0,17.2,B
2021-07-22T10:03:41,100.0,17.1,S
2021-07-22T10:03:31,2100.0,17.1,S
2021-07-22T10:03:16,3000.0,17.1,S
2021-07-22T10:03:14,2000.0,17.2,B
2021-07-22T10:03:12,300.0,17.2,B
2021-07-22T10:01:57,300.0,17.2,B
2021-07-22T10:01:56,19900.0,17.1,S
2021-07-22T10:01:45,1000.0,17.1,S
2021-07-22T10:00:57,100.0,17.2,B
2021-07-22T10:00:53,100.0,17.2,B
2021-07-22T10:00:50,200.0,17.2,B
2021-07-22T10:00:47,2000.0,17.2,B
2021-07-22T10:00:32,300.0,17.2,B
2021-07-22T10:00:30,500.0,17.2,B
2021-07-22T10:00:22,500.0,17.2,B
2021-07-22T10:00:12,200.0,17.2,B
2021-07-22T10:00:01,200.0,17.2,B
2021-07-22T09:59:47,400.0,17.2,B
2021-07-22T09:59:45,10000.0,17.1,S
2021-07-22T09:59:41,300.0,17.2,B
2021-07-22T09:59:27,30000.0,17.2,B
2021-07-22T09:59:24,1800.0,17.2,B
2021-07-22T09:59:21,100.0,17.2,B
2021-07-22T09:59:12,300.0,17.2,B
2021-07-22T09:59:06,100.0,17.2,B
2021-07-22T09:59:02,400.0,17.1,S
2021-07-22T09:58:57,200.0,17.2,B
2021-07-22T09:58:54,100.0,17.2,B
2021-07-22T09:58:49,500.0,17.2,B
2021-07-22T09:58:44,200.0,17.2,B
2021-07-22T09:58:35,100.0,17.2,B
2021-07-22T09:58:33,5000.0,17.2,B
2021-07-22T09:58:28,100.0,17.2,B
2021-07-22T09:58:16,100.0,17.2,B
2021-07-22T09:58:12,500.0,17.2,B
2021-07-22T09:58:06,6000.0,17.2,B
2021-07-22T09:58:04,200.0,17.2,B
2021-07-22T09:57:51,500.0,17.2,B
2021-07-22T09:57:49,100.0,17.2,B
2021-07-22T09:57:41,300.0,17.2,B
2021-07-22T09:57:22,200.0,17.2,B
2021-07-22T09:57:07,100.0,17.2,B
2021-07-22T09:56:58,500.0,17.2,B
2021-07-22T09:56:52,100.0,17.2,B
2021-07-22T09:56:47,100.0,17.2,B
2021-07-22T09:56:37,100.0,17.2,B
2021-07-22T09:56:28,200.0,17.1,S
2021-07-22T09:55:58,1000.0,17.2,B
2021-07-22T09:55:50,500.0,17.1,S
2021-07-22T09:55:42,300.0,17.1,S
2021-07-22T09:55:36,9000.0,17.1,S
2021-07-22T09:55:06,200.0,17.1,S
2021-07-22T09:54:52,100.0,17.1,S
2021-07-22T09:54:50,5000.0,17.2,B
2021-07-22T09:54:20,500.0,17.2,B
2021-07-22T09:54:02,5000.0,17.2,B
2021-07-22T09:53:48,2100.0,17.2,B
2021-07-22T09:53:21,300.0,17.2,B
2021-07-22T09:53:15,800.0,17.1,S
2021-07-22T09:52:54,600.0,17.2,B
2021-07-22T09:52:54,600.0,17.2,B
2021-07-22T09:52:53,100.0,17.2,B
2021-07-22T09:52:44,100.0,17.2,B
2021-07-22T09:52:33,200.0,17.2,B
2021-07-22T09:52:31,1000.0,17.2,B
2021-07-22T09:52:23,1000.0,17.2,B
2021-07-22T09:52:19,100.0,17.2,B
2021-07-22T09:52:17,54000.0,17.2,S
2021-07-22T09:52:15,100.0,17.2,S
2021-07-22T09:52:14,1000.0,17.2,S
2021-07-22T09:52:13,30000.0,17.2,S
2021-07-22T09:52:12,400.0,17.2,S
2021-07-22T09:52:10,10000.0,17.2,S
2021-07-22T09:52:05,1000.0,17.2,S
2021-07-22T09:52:02,200.0,17.3,B
2021-07-22T09:51:57,100.0,17.2,S
2021-07-22T09:51:57,10000.0,17.2,S
2021-07-22T09:51:54,9100.0,17.2,S
2021-07-22T09:51:45,500.0,17.2,S
2021-07-22T09:51:41,200.0,17.2,S
2021-07-22T09:51:36,1200.0,17.2,S
2021-07-22T09:51:35,200.0,17.2,S
2021-07-22T09:51:32,200.0,17.2,S
2021-07-22T09:51:32,1100.0,17.2,S
2021-07-22T09:51:30,1300.0,17.2,S
2021-07-22T09:51:29,30000.0,17.2,S
2021-07-22T09:51:26,500.0,17.2,S
2021-07-22T09:51:23,5000.0,17.2,S
2021-07-22T09:51:18,500.0,17.2,S
2021-07-22T09:51:08,4000.0,17.2,S
2021-07-22T09:51:04,100.0,17.2,S
2021-07-22T09:51:00,1000.0,17.2,S
2021-07-22T09:50:44,800.0,17.2,S
2021-07-22T09:50:41,2000.0,17.2,S
2021-07-22T09:50:39,500.0,17.2,S
2021-07-22T09:50:32,10000.0,17.2,S
2021-07-22T09:50:31,200.0,17.2,S
2021-07-22T09:50:14,1000.0,17.2,S
2021-07-22T09:49:51,100.0,17.2,S
2021-07-22T09:49:46,1000.0,17.2,S
2021-07-22T09:49:43,2000.0,17.2,S
2021-07-22T09:49:03,100.0,17.2,S
2021-07-22T09:48:58,200.0,17.2,S
2021-07-22T09:48:35,2300.0,17.2,S
2021-07-22T09:48:33,1000.0,17.2,S
2021-07-22T09:48:26,300.0,17.3,B
2021-07-22T09:48:25,400.0,17.2,S
2021-07-22T09:48:22,100.0,17.2,S
2021-07-22T09:48:20,500.0,17.2,S
2021-07-22T09:48:13,200.0,17.2,S
2021-07-22T09:48:12,200.0,17.2,S
2021-07-22T09:48:01,100.0,17.2,S
2021-07-22T09:48:00,100.0,17.2,S
2021-07-22T09:47:48,500.0,17.2,S
2021-07-22T09:47:44,1000.0,17.2,S
2021-07-22T09:47:37,2000.0,17.2,S
2021-07-22T09:47:31,200.0,17.2,S
2021-07-22T09:47:23,1600.0,17.2,S
2021-07-22T09:47:08,500.0,17.2,S
2021-07-22T09:47:03,100.0,17.2,S
2021-07-22T09:46:50,100.0,17.2,S
2021-07-22T09:46:28,6000.0,17.2,S
2021-07-22T09:46:22,1000.0,17.3,B
2021-07-22T09:46:00,100.0,17.3,B
2021-07-22T09:45:47,1000.0,17.3,B
2021-07-22T09:45:45,1000.0,17.2,S
2021-07-22T09:45:44,3000.0,17.3,B
2021-07-22T09:45:37,6000.0,17.3,B
2021-07-22T09:45:37,2000.0,17.3,B
2021-07-22T09:45:36,400.0,17.3,B
2021-07-22T09:45:33,3500.0,17.2,S
2021-07-22T09:45:24,500.0,17.2,S
2021-07-22T09:45:23,3500.0,17.2,S
2021-07-22T09:45:17,2000.0,17.3,B
2021-07-22T09:44:55,100.0,17.3,B
2021-07-22T09:44:55,3000.0,17.2,S
2021-07-22T09:44:54,200.0,17.3,B
2021-07-22T09:44:52,500.0,17.3,B
2021-07-22T09:44:38,1000.0,17.3,B
2021-07-22T09:44:37,7900.0,17.2,S
2021-07-22T09:44:35,2000.0,17.2,S
2021-07-22T09:44:30,200.0,17.2,S
2021-07-22T09:44:07,700.0,17.2,S
2021-07-22T09:43:52,100.0,17.2,S
2021-07-22T09:43:49,2000.0,17.3,B
2021-07-22T09:43:45,100.0,17.2,S
2021-07-22T09:43:44,3900.0,17.2,S
2021-07-22T09:43:41,300.0,17.2,S
2021-07-22T09:43:40,600.0,17.2,S
2021-07-22T09:43:38,200.0,17.2,S
2021-07-22T09:43:15,400.0,17.2,S
2021-07-22T09:43:04,1000.0,17.2,S
2021-07-22T09:43:00,2300.0,17.2,S
2021-07-22T09:43:00,8000.0,17.2,S
2021-07-22T09:42:55,2000.0,17.2,S
2021-07-22T09:42:42,200.0,17.2,S
2021-07-22T09:42:34,100.0,17.2,S
2021-07-22T09:42:24,1000.0,17.2,S
2021-07-22T09:42:22,6300.0,17.3,B
2021-07-22T09:42:14,1900.0,17.2,S
2021-07-22T09:41:56,200.0,17.2,S
2021-07-22T09:41:54,800.0,17.2,S
2021-07-22T09:41:42,100.0,17.2,S
2021-07-22T09:41:37,100.0,17.2,S
2021-07-22T09:41:37,200.0,17.3,B
2021-07-22T09:41:31,500.0,17.3,B
2021-07-22T09:41:26,800.0,17.3,B
2021-07-22T09:41:20,100.0,17.3,B
2021-07-22T09:41:16,1100.0,17.3,B
2021-07-22T09:40:50,2000.0,17.3,B
2021-07-22T09:40:49,100.0,17.3,B
2021-07-22T09:40:47,2000.0,17.3,B
2021-07-22T09:40:34,1000.0,17.3,B
2021-07-22T09:40:29,100.0,17.3,B
2021-07-22T09:40:25,1500.0,17.3,B
2021-07-22T09:40:20,200.0,17.2,S
2021-07-22T09:40:16,400.0,17.3,B
2021-07-22T09:40:01,5000.0,17.2,S
2021-07-22T09:40:00,2000.0,17.3,B
2021-07-22T09:39:58,100.0,17.3,B
2021-07-22T09:39:54,500.0,17.3,B
2021-07-22T09:39:47,500.0,17.3,B
2021-07-22T09:39:44,500.0,17.3,B
2021-07-22T09:39:37,3000.0,17.3,B
2021-07-22T09:39:22,10000.0,17.3,B
2021-07-22T09:39:15,2000.0,17.3,B
2021-07-22T09:39:05,100.0,17.3,B
2021-07-22T09:38:42,2000.0,17.3,B
2021-07-22T09:38:37,300.0,17.3,B
2021-07-22T09:38:24,700.0,17.3,B
2021-07-22T09:38:23,200.0,17.2,S
2021-07-22T09:38:00,5000.0,17.2,S
2021-07-22T09:37:56,500.0,17.2,S
2021-07-22T09:37:46,4000.0,17.3,B
2021-07-22T09:37:43,500.0,17.2,S
2021-07-22T09:37:32,500.0,17.2,S
2021-07-22T09:37:17,500.0,17.2,S
2021-07-22T09:37:09,100.0,17.2,S
2021-07-22T09:37:03,200.0,17.2,B
2021-07-22T09:37:02,2000.0,17.2,B
2021-07-22T09:37:01,100.0,17.2,B
2021-07-22T09:37:01,1000.0,17.2,B
2021-07-22T09:36:58,6000.0,17.2,B
2021-07-22T09:36:58,10000.0,17.2,B
2021-07-22T09:36:58,500.0,17.2,B
2021-07-22T09:36:58,100.0,17.2,B
2021-07-22T09:36:55,5000.0,17.2,B
2021-07-22T09:36:51,100.0,17.2,B
2021-07-22T09:36:50,100.0,17.2,B
2021-07-22T09:36:38,100.0,17.2,B
2021-07-22T09:36:38,30000.0,17.2,B
2021-07-22T09:36:35,10000.0,17.2,B
2021-07-22T09:36:33,3500.0,17.2,B
2021-07-22T09:36:31,10000.0,17.2,B
2021-07-22T09:36:30,100.0,17.2,B
2021-07-22T09:36:28,500.0,17.2,B
2021-07-22T09:36:27,80000.0,17.2,B
2021-07-22T09:36:23,100.0,17.2,B
2021-07-22T09:36:20,3300.0,17.2,B
2021-07-22T09:36:13,2000.0,17.2,B
2021-07-22T09:36:13,1000.0,17.2,B
2021-07-22T09:35:46,500.0,17.2,B
2021-07-22T09:35:42,1000.0,17.2,B
2021-07-22T09:35:41,1000.0,17.2,B
2021-07-22T09:35:39,600.0,17.2,B
2021-07-22T09:35:36,100.0,17.2,B
2021-07-22T09:35:34,2200.0,17.2,B
2021-07-22T09:35:21,100.0,17.2,B
2021-07-22T09:35:18,100.0,17.2,B
2021-07-22T09:35:16,5000.0,17.2,B
2021-07-22T09:35:14,2000.0,17.2,B
2021-07-22T09:35:06,10000.0,17.2,B
2021-07-22T09:34:57,2000.0,17.2,B
2021-07-22T09:34:52,100.0,17.2,B
2021-07-22T09:34:29,2000.0,17.2,B
2021-07-22T09:34:18,100.0,17.1,S
2021-07-22T09:33:47,500.0,17.1,S
2021-07-22T09:33:40,100.0,17.1,S
2021-07-22T09:33:30,100.0,17.1,S
2021-07-22T09:33:09,700.0,17.1,S
2021-07-22T09:33:09,3000.0,17.2,B
2021-07-22T09:33:06,100.0,17.2,B
2021-07-22T09:32:51,1200.0,17.1,S
2021-07-22T09:32:33,500.0,17.1,S
2021-07-22T09:32:31,700.0,17.2,B
2021-07-22T09:32:19,500.0,17.2,B
2021-07-22T09:32:17,100.0,17.2,B
2021-07-22T09:32:13,100.0,17.1,S
2021-07-22T09:32:13,200.0,17.2,B
2021-07-22T09:32:10,1000.0,17.2,B
2021-07-22T09:32:07,1000.0,17.2,B
2021-07-22T09:32:03,500.0,17.2,B
2021-07-22T09:31:54,4700.0,17.2,S
2021-07-22T09:31:54,3100.0,17.2,S
2021-07-22T09:31:53,3000.0,17.2,S
2021-07-22T09:31:52,1000.0,17.2,S
2021-07-22T09:31:51,1400.0,17.2,S
2021-07-22T09:31:50,40000.0,17.2,S
2021-07-22T09:31:46,1600.0,17.2,S
2021-07-22T09:31:42,100.0,17.2,S
2021-07-22T09:31:38,5000.0,17.2,S
2021-07-22T09:31:34,100.0,17.2,S
2021-07-22T09:31:33,200.0,17.2,S
2021-07-22T09:31:33,3100.0,17.2,S
2021-07-22T09:31:26,100.0,17.2,S
2021-07-22T09:31:22,300.0,17.2,S
2021-07-22T09:31:19,500.0,17.2,S
2021-07-22T09:31:13,8000.0,17.2,S
2021-07-22T09:31:02,3000.0,17.2,S
2021-07-22T09:30:55,100.0,17.2,S
2021-07-22T09:30:42,4700.0,17.2,S
2021-07-22T09:30:33,600.0,17.3,B
2021-07-22T09:30:31,500.0,17.2,S
2021-07-22T09:30:17,100.0,17.3,B
2021-07-22T09:30:10,10000.0,17.2,S
2021-07-22T09:30:09,1000.0,17.2,S
2021-07-22T09:29:52,4900.0,17.2,S
2021-07-22T09:29:31,300.0,17.3,B
2021-07-22T09:29:25,100.0,17.2,S
2021-07-22T09:29:18,3000.0,17.3,B
2021-07-22T09:29:16,2000.0,17.2,S
2021-07-22T09:29:16,200.0,17.2,S
2021-07-22T09:29:13,1000.0,17.2,S
2021-07-22T09:29:12,2000.0,17.3,B
2021-07-22T09:29:11,200.0,17.3,B
2021-07-22T09:29:10,100.0,17.3,B
2021-07-22T09:29:07,400.0,17.3,B
2021-07-22T09:28:45,200.0,17.3,B
2021-07-22T09:28:45,1000.0,17.3,B
2021-07-22T09:28:41,500.0,17.3,B
2021-07-22T09:28:31,500.0,17.3,B
2021-07-22T09:28:18,100.0,17.3,B
2021-07-22T09:28:15,200.0,17.3,B
2021-07-22T09:28:11,2000.0,17.3,B
2021-07-22T09:27:37,200.0,17.3,B
2021-07-22T09:27:29,200.0,17.2,S
2021-07-22T09:27:27,42000.0,17.2,S
2021-07-22T09:27:17,1000.0,17.2,S
2021-07-22T09:27:09,300.0,17.2,S
2021-07-22T09:27:04,200.0,17.2,S
2021-07-22T09:26:54,400.0,17.2,S
2021-07-22T09:26:38,1000.0,17.2,S
2021-07-22T09:26:33,200.0,17.2,S
2021-07-22T09:26:33,200.0,17.2,S
2021-07-22T09:26:26,1000.0,17.2,S
2021-07-22T09:26:21,500.0,17.2,S
2021-07-22T09:26:19,3000.0,17.2,S
2021-07-22T09:26:09,200.0,17.2,S
2021-07-22T09:26:09,200.0,17.2,S
2021-07-22T09:26:07,100.0,17.2,S
2021-07-22T09:26:03,1600.0,17.2,S
2021-07-22T09:25:57,1000.0,17.2,S
2021-07-22T09:25:42,200.0,17.2,S
2021-07-22T09:25:36,1700.0,17.2,B
2021-07-22T09:25:36,6300.0,17.2,B
2021-07-22T09:25:34,3600.0,17.2,B
2021-07-22T09:25:33,10000.0,17.2,B
2021-07-22T09:25:26,71000.0,17.2,B
2021-07-22T09:25:26,2000.0,17.2,B
2021-07-22T09:25:22,3100.0,17.2,B
2021-07-22T09:25:21,22000.0,17.2,B
2021-07-22T09:25:17,4000.0,17.1,S
2021-07-22T09:25:16,500.0,17.2,B
2021-07-22T09:25:12,500.0,17.2,B
2021-07-22T09:25:09,4200.0,17.2,B
2021-07-22T09:25:05,100000.0,17.2,B
2021-07-22T09:24:57,43100.0,17.2,B
2021-07-22T09:24:54,200.0,17.2,B
2021-07-22T09:24:53,800.0,17.2,B
2021-07-22T09:24:50,500.0,17.2,B
2021-07-22T09:24:49,500.0,17.1,S
2021-07-22T09:24:44,1200.0,17.2,B
2021-07-22T09:24:38,1000.0,17.2,B
2021-07-22T09:24:36,500.0,17.2,B
2021-07-22T09:24:21,100.0,17.1,S
2021-07-22T09:24:18,200.0,17.2,B
2021-07-22T09:24:15,2500.0,17.2,B
2021-07-22T09:24:14,1000.0,17.2,B
2021-07-22T09:24:02,200.0,17.2,B
2021-07-22T09:23:54,100.0,17.2,B
2021-07-22T09:23:46,5000.0,17.2,B
2021-07-22T09:23:45,8000.0,17.2,B
2021-07-22T09:23:43,100.0,17.2,B
2021-07-22T09:23:38,29000.0,17.2,B
2021-07-22T09:23:30,200.0,17.2,B
2021-07-22T09:23:11,500.0,17.2,B
2021-07-22T09:23:08,3000.0,17.2,B
2021-07-22T09:22:52,100.0,17.2,B
2021-07-22T09:22:50,500.0,17.1,S
2021-07-22T09:22:43,800.0,17.1,S
2021-07-22T09:22:34,20000.0,17.2,B
2021-07-22T09:22:30,100.0,17.1,S
2021-07-22T09:22:25,300.0,17.1,S
2021-07-22T09:22:20,500.0,17.1,S
2021-07-22T09:22:18,500.0,17.1,S
2021-07-22T09:22:12,2000.0,17.1,S
2021-07-22T09:22:11,100.0,17.1,S
2021-07-22T09:22:08,200.0,17.1,S
2021-07-22T09:21:56,100.0,17.1,S
2021-07-22T09:21:55,2000.0,17.1,S
2021-07-22T09:21:52,600.0,17.1,S
2021-07-22T09:21:48,100.0,17.1,S
2021-07-22T09:21:45,2000.0,17.1,S
2021-07-22T09:21:45,500.0,17.1,S
2021-07-22T09:21:38,300.0,17.1,S
2021-07-22T09:21:38,2000.0,17.1,S
2021-07-22T09:21:32,100.0,17.1,S
2021-07-22T09:21:30,8500.0,17.1,B
2021-07-22T09:21:25,2000.0,17.1,B
2021-07-22T09:21:23,4000.0,17.1,B
2021-07-22T09:21:19,9000.0,17.1,B
2021-07-22T09:21:18,500.0,17.1,B
2021-07-22T09:21:06,200.0,17.1,B
2021-07-22T09:21:01,5000.0,17.1,B
2021-07-22T09:20:53,500.0,17.1,B
2021-07-22T09:20:52,2500.0,17.1,B
2021-07-22T09:20:47,1000.0,17.1,B
2021-07-22T09:20:46,200.0,17.1,B
2021-07-22T09:20:44,1800.0,17.1,B
2021-07-22T09:20:42,5000.0,17.1,B
2021-07-22T09:20:36,10000.0,17.1,B
2021-07-22T09:20:34,100.0,17.1,B
2021-07-22T09:20:32,5200.0,17.1,B
2021-07-22T09:20:23,10000.0,17.1,B
2021-07-22T09:20:15,500.0,17.1,B
2021-07-22T09:20:09,200.0,17.1,B
2021-07-22T09:20:05,6000.0,17.0,S
2021-07-22T09:20:03,300.0,17.1,B
2021-07-22T09:20:00,500.0,17.1,B
2021-07-22T09:19:59,5000.0,17.0,S
2021-07-22T09:19:55,5000.0,17.1,B
2021-07-22T09:19:48,9000.0,17.1,B
2021-07-22T09:19:41,10000.0,17.1,B
2021-07-22T09:19:40,3600.0,17.1,B
2021-07-22T09:19:30,11000.0,17.1,B
2021-07-22T09:19:27,200.0,17.1,B
2021-07-22T09:19:07,300.0,17.1,B
2021-07-22T09:19:00,200.0,17.0,S
2021-07-22T09:18:50,3000.0,17.1,B
2021-07-22T09:18:50,100.0,17.0,S
2021-07-22T09:18:49,100.0,17.0,S
2021-07-22T09:18:37,300.0,17.0,S
2021-07-22T09:18:34,200.0,17.1,B
2021-07-22T09:18:28,3300.0,17.1,S
2021-07-22T09:18:27,5000.0,17.1,S
2021-07-22T09:18:26,500.0,17.1,S
2021-07-22T09:18:26,1000.0,17.1,S
2021-07-22T09:18:20,100.0,17.1,S
2021-07-22T09:18:17,10200.0,17.1,S
2021-07-22T09:18:17,1000.0,17.1,S
2021-07-22T09:18:15,1000.0,17.1,S
2021-07-22T09:18:15,10200.0,17.1,S
2021-07-22T09:18:14,2000.0,17.1,S
2021-07-22T09:18:14,3000.0,17.1,S
2021-07-22T09:18:12,1000.0,17.1,S
2021-07-22T09:18:12,1000.0,17.1,S
2021-07-22T09:18:11,1500.0,17.1,S
2021-07-22T09:18:10,400.0,17.1,S
2021-07-22T09:18:05,200.0,17.1,S
2021-07-22T09:18:05,5000.0,17.1,S
2021-07-22T09:18:03,5000.0,17.1,S
2021-07-22T09:17:55,7500.0,17.1,S
2021-07-22T09:17:55,5500.0,17.2,B
2021-07-22T09:17:55,10000.0,17.1,S
2021-07-22T09:17:53,10000.0,17.1,S
2021-07-22T09:17:50,700.0,17.1,S
2021-07-22T09:17:49,1000.0,17.1,S
2021-07-22T09:17:49,1900.0,17.1,S
2021-07-22T09:17:46,1000.0,17.2,B
2021-07-22T09:17:42,100.0,17.1,S
2021-07-22T09:17:42,500.0,17.1,S
2021-07-22T09:17:40,300.0,17.1,S
2021-07-22T09:17:40,200.0,17.1,S
2021-07-22T09:17:37,100.0,17.2,B
2021-07-22T09:17:34,5000.0,17.1,S
2021-07-22T09:17:31,300.0,17.1,S
2021-07-22T09:17:29,100.0,17.1,S
2021-07-22T09:17:28,5000.0,17.1,S
2021-07-22T09:17:25,1300.0,17.2,B
2021-07-22T09:17:24,1200.0,17.1,S
2021-07-22T09:17:21,500.0,17.1,S
2021-07-22T09:17:13,5000.0,17.2,B
2021-07-22T09:17:13,1000.0,17.2,B
2021-07-22T09:16:59,100.0,17.1,S
2021-07-22T09:16:56,17600.0,17.1,S
2021-07-22T09:16:51,1000.0,17.2,B
2021-07-22T09:16:45,100.0,17.1,S
2021-07-22T09:16:34,300.0,17.2,B
2021-07-22T09:16:29,2800.0,17.2,B
2021-07-22T09:16:27,3500.0,17.2,B
2021-07-22T09:16:25,200.0,17.1,S
2021-07-22T09:16:15,200.0,17.2,B
2021-07-22T09:16:15,100.0,17.2,B
2021-07-22T09:16:13,100.0,17.1,S
2021-07-22T09:16:06,200.0,17.2,B
2021-07-22T09:15:58,1000.0,17.1,S
2021-07-22T09:15:58,1000.0,17.2,B
2021-07-22T09:15:49,50000.0,17.1,S
2021-07-22T09:15:37,500.0,17.2,B
2021-07-22T09:15:20,1000.0,17.1,S
2021-07-22T09:15:20,5000.0,17.1,S
2021-07-22T09:15:15,400.0,17.1,S
2021-07-22T09:14:56,500.0,17.1,S
2021-07-22T09:14:53,500.0,17.1,S
2021-07-22T09:14:52,1000.0,17.1,S
2021-07-22T09:14:49,1000.0,17.1,S
2021-07-22T09:14:43,2000.0,17.1,S
2021-07-22T09:14:41,200.0,17.1,S
2021-07-22T09:14:40,500.0,17.2,B
2021-07-22T09:14:34,1000.0,17.1,S
2021-07-22T09:14:30,3000.0,17.1,S
2021-07-22T09:14:24,1500.0,17.1,S
2021-07-22T09:14:23,1000.0,17.1,S
2021-07-22T09:14:22,100.0,17.1,S
2021-07-22T09:14:22,1000.0,17.1,S
2021-07-22T09:14:16,200.0,17.1,S
2021-07-22T09:14:07,500.0,17.1,S
2021-07-22T09:14:01,2100.0,17.1,S
2021-07-22T09:13:58,500.0,17.1,S
2021-07-22T09:13:45,200.0,17.1,S
2021-07-22T09:13:27,100.0,17.1,S
2021-07-22T09:13:24,2500.0,17.1,S
2021-07-22T09:13:17,1000.0,17.1,S
2021-07-22T09:13:15,100.0,17.1,S
2021-07-22T09:13:12,2000.0,17.1,S
2021-07-22T09:13:09,500.0,17.1,S
2021-07-22T09:13:09,1000.0,17.1,S
2021-07-22T09:13:06,1000.0,17.1,S
2021-07-22T09:13:05,1000.0,17.1,S
2021-07-22T09:13:05,2700.0,17.1,S
2021-07-22T09:13:01,20000.0,17.1,S
2021-07-22T09:12:48,100.0,17.1,S
2021-07-22T09:12:48,1000.0,17.1,S
2021-07-22T09:12:46,500.0,17.1,S
2021-07-22T09:12:30,1000.0,17.1,S
2021-07-22T09:12:26,2000.0,17.1,S
2021-07-22T09:12:25,100.0,17.2,B
2021-07-22T09:12:12,900.0,17.1,S
2021-07-22T09:12:12,600.0,17.1,S
2021-07-22T09:12:07,2000.0,17.1,S
2021-07-22T09:11:54,3000.0,17.1,S
2021-07-22T09:11:50,100.0,17.1,S
2021-07-22T09:11:43,800.0,17.1,S
2021-07-22T09:11:37,100.0,17.1,S
2021-07-22T09:11:36,10000.0,17.1,S
2021-07-22T09:11:34,30000.0,17.1,S
2021-07-22T09:11:32,1200.0,17.1,S
2021-07-22T09:11:30,500.0,17.1,S
2021-07-22T09:11:21,400.0,17.1,S
2021-07-22T09:11:16,1000.0,17.1,S
2021-07-22T09:11:14,200.0,17.1,S
2021-07-22T09:11:12,30000.0,17.1,S
2021-07-22T09:11:10,1000.0,17.1,S
2021-07-22T09:11:08,20000.0,17.1,S
2021-07-22T09:11:00,100.0,17.2,B
2021-07-22T09:11:00,100.0,17.1,S
2021-07-22T09:10:59,2000.0,17.1,S
2021-07-22T09:10:57,100.0,17.1,S
2021-07-22T09:10:56,500.0,17.2,B
2021-07-22T09:10:53,3000.0,17.1,S
2021-07-22T09:10:47,500.0,17.1,S
2021-07-22T09:10:46,4500.0,17.1,S
2021-07-22T09:10:37,500.0,17.1,S
2021-07-22T09:10:33,1000.0,17.1,S
2021-07-22T09:10:31,30000.0,17.1,S
2021-07-22T09:10:23,1600.0,17.1,S
2021-07-22T09:10:23,100.0,17.1,S
2021-07-22T09:10:20,100.0,17.1,S
2021-07-22T09:10:12,100.0,17.1,S
2021-07-22T09:10:11,300.0,17.2,B
2021-07-22T09:10:05,200.0,17.1,S
2021-07-22T09:10:03,3000.0,17.1,S
2021-07-22T09:10:01,300.0,17.1,S
2021-07-22T09:10:01,600.0,17.1,S
2021-07-22T09:10:00,1000.0,17.1,S
2021-07-22T09:09:57,100.0,17.1,S
2021-07-22T09:09:55,2000.0,17.1,S
2021-07-22T09:09:52,200.0,17.1,S
2021-07-22T09:09:47,5000.0,17.1,S
2021-07-22T09:09:46,1000.0,17.1,S
2021-07-22T09:09:42,200.0,17.1,S
2021-07-22T09:09:38,100.0,17.1,S
2021-07-22T09:09:34,4700.0,17.1,S
2021-07-22T09:09:30,25000.0,17.1,B
2021-07-22T09:09:28,200.0,17.0,S
2021-07-22T09:09:23,100.0,17.0,S
2021-07-22T09:09:21,100.0,17.1,B
2021-07-22T09:09:18,100.0,17.0,S
2021-07-22T09:08:58,200.0,17.0,S
2021-07-22T09:08:50,1000.0,17.0,S
2021-07-22T09:08:45,200.0,17.1,B
2021-07-22T09:08:44,1000.0,17.0,S
2021-07-22T09:08:42,500.0,17.1,B
2021-07-22T09:08:42,1200.0,17.1,B
2021-07-22T09:08:33,2100.0,17.1,B
2021-07-22T09:08:21,200.0,17.1,B
2021-07-22T09:08:20,2200.0,17.1,B
2021-07-22T09:08:18,100.0,17.1,B
2021-07-22T09:08:16,500.0,17.1,B
2021-07-22T09:08:15,16100.0,17.1,S
2021-07-22T09:08:13,3000.0,17.1,S
2021-07-22T09:08:12,10000.0,17.1,S
2021-07-22T09:08:08,12000.0,17.1,S
2021-07-22T09:08:08,2500.0,17.1,S
2021-07-22T09:08:03,500.0,17.1,S
2021-07-22T09:08:01,1000.0,17.1,S
2021-07-22T09:07:58,2000.0,17.1,S
2021-07-22T09:07:58,400.0,17.1,S
2021-07-22T09:07:50,200.0,17.1,S
2021-07-22T09:07:42,100.0,17.1,S
2021-07-22T09:07:41,4000.0,17.1,S
2021-07-22T09:07:36,3000.0,17.1,S
2021-07-22T09:07:33,7000.0,17.1,S
2021-07-22T09:07:32,3500.0,17.2,B
2021-07-22T09:07:29,5000.0,17.1,S
2021-07-22T09:07:28,2000.0,17.2,B
2021-07-22T09:07:22,200.0,17.1,S
2021-07-22T09:07:21,300.0,17.1,S
2021-07-22T09:07:20,1000.0,17.1,S
2021-07-22T09:07:20,300.0,17.1,S
2021-07-22T09:07:13,2300.0,17.1,S
2021-07-22T09:07:04,2000.0,17.1,S
2021-07-22T09:07:01,3000.0,17.1,S
2021-07-22T09:06:58,6700.0,17.2,B
2021-07-22T09:06:54,100.0,17.1,S
2021-07-22T09:06:52,500.0,17.1,S
2021-07-22T09:06:49,5000.0,17.1,S
2021-07-22T09:06:42,1000.0,17.2,B
2021-07-22T09:06:42,1400.0,17.1,S
2021-07-22T09:06:38,1000.0,17.1,S
2021-07-22T09:06:37,20000.0,17.1,S
2021-07-22T09:06:36,1500.0,17.2,B
2021-07-22T09:06:31,10000.0,17.1,S
2021-07-22T09:06:22,100.0,17.2,B
2021-07-22T09:06:22,300.0,17.2,B
2021-07-22T09:06:19,3000.0,17.1,S
2021-07-22T09:06:17,2000.0,17.2,B
2021-07-22T09:06:12,100.0,17.2,B
2021-07-22T09:06:04,100.0,17.2,B
2021-07-22T09:06:04,100.0,17.2,B
2021-07-22T09:06:01,11000.0,17.2,B
2021-07-22T09:06:00,100.0,17.2,B
2021-07-22T09:05:58,800.0,17.2,B
2021-07-22T09:05:47,5000.0,17.2,B
2021-07-22T09:05:40,500.0,17.2,B
2021-07-22T09:05:31,5000.0,17.2,B
2021-07-22T09:05:27,500.0,17.2,B
2021-07-22T09:05:25,2000.0,17.2,B
2021-07-22T09:05:20,1700.0,17.2,B
2021-07-22T09:05:19,1000.0,17.2,B
2021-07-22T09:05:13,600.0,17.2,B
2021-07-22T09:05:12,100.0,17.2,B
2021-07-22T09:05:10,26700.0,17.2,B
2021-07-22T09:05:08,17900.0,17.3,S
2021-07-22T09:05:05,2000.0,17.3,S
2021-07-22T09:05:04,300.0,17.3,S
2021-07-22T09:05:03,100.0,17.3,S
2021-07-22T09:05:02,3000.0,17.3,S
2021-07-22T09:05:02,5500.0,17.3,S
2021-07-22T09:05:01,121200.0,17.3,S
2021-07-22T09:05:00,1000.0,17.3,B
2021-07-22T09:04:55,2000.0,17.2,S
2021-07-22T09:04:54,1000.0,17.3,B
2021-07-22T09:04:53,5000.0,17.2,S
2021-07-22T09:04:51,30000.0,17.2,S
2021-07-22T09:04:45,200.0,17.2,S
2021-07-22T09:04:42,1000.0,17.3,B
2021-07-22T09:04:41,20000.0,17.3,B
2021-07-22T09:04:40,500.0,17.2,S
2021-07-22T09:04:34,500.0,17.2,S
2021-07-22T09:04:33,3000.0,17.2,S
2021-07-22T09:04:33,500.0,17.2,S
2021-07-22T09:04:30,1200.0,17.3,B
2021-07-22T09:04:27,4000.0,17.2,S
2021-07-22T09:04:24,30000.0,17.2,S
2021-07-22T09:04:24,2000.0,17.2,S
2021-07-22T09:04:21,100.0,17.3,B
2021-07-22T09:04:21,50000.0,17.2,S
2021-07-22T09:04:17,10000.0,17.2,S
2021-07-22T09:04:17,500.0,17.2,S
2021-07-22T09:04:15,200.0,17.2,S
2021-07-22T09:04:15,2200.0,17.2,S
2021-07-22T09:04:14,100.0,17.2,S
2021-07-22T09:04:10,40000.0,17.2,S
2021-07-22T09:04:04,2000.0,17.2,S
2021-07-22T09:04:03,100.0,17.2,S
2021-07-22T09:03:56,10000.0,17.2,S
2021-07-22T09:03:54,300.0,17.2,S
2021-07-22T09:03:51,5000.0,17.2,S
2021-07-22T09:03:50,400.0,17.2,S
2021-07-22T09:03:44,300.0,17.2,S
2021-07-22T09:03:43,1100.0,17.2,B
2021-07-22T09:03:42,10000.0,17.2,B
2021-07-22T09:03:41,2000.0,17.2,B
2021-07-22T09:03:39,200.0,17.2,B
2021-07-22T09:03:37,2800.0,17.2,B
2021-07-22T09:03:36,500.0,17.2,B
2021-07-22T09:03:32,2100.0,17.2,B
2021-07-22T09:03:31,17900.0,17.2,B
2021-07-22T09:03:29,500.0,17.2,B
2021-07-22T09:03:28,5000.0,17.2,B
2021-07-22T09:03:27,20000.0,17.2,B
2021-07-22T09:03:23,500.0,17.2,B
2021-07-22T09:03:20,1000.0,17.2,B
2021-07-22T09:03:18,400.0,17.2,B
2021-07-22T09:03:14,1100.0,17.2,B
2021-07-22T09:03:12,10000.0,17.2,B
2021-07-22T09:03:11,800.0,17.2,B
2021-07-22T09:03:10,2100.0,17.2,B
2021-07-22T09:03:09,3000.0,17.2,B
2021-07-22T09:02:57,100.0,17.2,B
2021-07-22T09:02:57,1000.0,17.2,B
2021-07-22T09:02:50,100000.0,17.2,B
2021-07-22T09:02:47,100.0,17.1,S
2021-07-22T09:02:46,2000.0,17.1,S
2021-07-22T09:02:40,100.0,17.1,S
2021-07-22T09:02:37,5000.0,17.1,S
2021-07-22T09:02:25,1000.0,17.1,S
2021-07-22T09:02:24,100.0,17.1,S
2021-07-22T09:02:22,2000.0,17.1,S
2021-07-22T09:02:21,2500.0,17.1,S
2021-07-22T09:02:20,100.0,17.1,S
2021-07-22T09:02:18,300.0,17.1,S
2021-07-22T09:02:12,300.0,17.1,S
2021-07-22T09:02:12,100.0,17.1,S
2021-07-22T09:02:10,100.0,17.1,S
2021-07-22T09:02:08,100.0,17.1,S
2021-07-22T09:02:04,300.0,17.1,S
2021-07-22T09:02:03,20000.0,17.1,S
2021-07-22T09:02:02,1000.0,17.1,S
2021-07-22T09:02:01,5000.0,17.1,S
2021-07-22T09:02:00,100.0,17.1,S
2021-07-22T09:01:59,500.0,17.1,S
2021-07-22T09:01:57,16600.0,17.1,S
2021-07-22T09:01:57,2000.0,17.1,B
2021-07-22T09:01:55,5000.0,17.1,B
2021-07-22T09:01:53,100.0,17.1,B
2021-07-22T09:01:52,100.0,17.1,B
2021-07-22T09:01:52,10000.0,17.1,B
2021-07-22T09:01:50,2000.0,17.1,B
2021-07-22T09:01:50,3400.0,17.1,B
2021-07-22T09:01:48,500.0,17.1,B
2021-07-22T09:01:48,5000.0,17.1,B
2021-07-22T09:01:45,300.0,17.1,B
2021-07-22T09:01:43,2000.0,17.1,B
2021-07-22T09:01:42,5000.0,17.1,B
2021-07-22T09:01:39,1000.0,17.1,B
2021-07-22T09:01:38,300.0,17.1,B
2021-07-22T09:01:38,6300.0,17.1,S
2021-07-22T09:01:34,300.0,17.1,S
2021-07-22T09:01:34,5000.0,17.1,S
2021-07-22T09:01:32,10700.0,17.1,S
2021-07-22T09:01:31,30000.0,17.2,B
2021-07-22T09:01:27,3000.0,17.1,S
2021-07-22T09:01:26,2000.0,17.1,S
2021-07-22T09:01:24,300.0,17.1,S
2021-07-22T09:01:23,100.0,17.1,S
2021-07-22T09:01:22,10400.0,17.1,B
2021-07-22T09:01:19,6000.0,17.1,S
2021-07-22T09:01:17,5000.0,17.2,B
2021-07-22T09:01:13,4500.0,17.1,B
2021-07-22T09:01:09,200.0,17.1,B
2021-07-22T09:01:07,100.0,17.1,B
2021-07-22T09:01:05,200.0,17.1,S
2021-07-22T09:00:59,300.0,17.2,B
2021-07-22T09:00:59,1800.0,17.1,B
2021-07-22T09:00:57,8100.0,17.1,S
2021-07-22T09:00:55,1200.0,17.2,B
2021-07-22T09:00:44,10000.0,17.0,S
2021-07-22T09:00:44,2000.0,17.0,S
2021-07-22T09:00:42,4600.0,17.2,B
2021-07-22T09:00:39,30000.0,17.2,B
2021-07-22T09:00:30,1500.0,17.0,S
2021-07-22T09:00:30,200.0,17.0,S
2021-07-22T09:00:28,200.0,17.0,S
2021-07-22T09:00:28,16400.0,17.0,S
2021-07-22T09:00:26,100.0,17.0,S
2021-07-22T09:00:26,1000.0,17.0,S
2021-07-22T09:00:26,5500.0,17.1,B
2021-07-22T09:00:24,1100.0,17.0,S
2021-07-22T09:00:24,3000.0,17.0,S
2021-07-22T09:00:24,900.0,17.1,S
2021-07-22T09:00:24,3000.0,17.1,S
2021-07-22T09:00:22,1000.0,17.1,S
2021-07-22T09:00:18,100.0,17.1,S
2021-07-22T09:00:18,100.0,17.0,S
2021-07-22T09:00:16,1000.0,17.0,S
2021-07-22T09:00:04,1000.0,17.2,B
2021-07-22T09:00:02,2500.0,16.8,B
