tradingTime,volume,price,side
2021-07-22T13:50:02,400.0,140.9,S
2021-07-22T13:50:02,900.0,140.9,S
2021-07-22T13:50:02,100.0,140.9,S
2021-07-22T13:47:55,200.0,140.9,S
2021-07-22T13:47:55,800.0,140.9,S
2021-07-22T13:47:30,100.0,140.9,S
2021-07-22T13:47:09,1000.0,140.9,S
2021-07-22T13:46:39,800.0,141.0,S
2021-07-22T13:46:39,1900.0,141.0,S
2021-07-22T13:46:39,200.0,141.0,S
2021-07-22T13:45:53,200.0,141.1,S
2021-07-22T13:45:31,100.0,141.1,S
2021-07-22T13:44:26,800.0,141.1,B
2021-07-22T13:42:31,100.0,141.1,B
2021-07-22T13:42:29,700.0,141.0,B
2021-07-22T13:42:28,300.0,141.0,B
2021-07-22T13:42:28,500.0,141.0,S
2021-07-22T13:42:18,500.0,141.0,S
2021-07-22T13:42:18,500.0,141.0,S
2021-07-22T13:41:47,100.0,141.1,B
2021-07-22T13:41:18,100.0,141.0,S
2021-07-22T13:41:18,900.0,141.0,S
2021-07-22T13:40:53,500.0,141.0,S
2021-07-22T13:40:22,400.0,141.0,S
2021-07-22T13:40:11,100.0,141.0,B
2021-07-22T13:40:10,1100.0,141.0,B
2021-07-22T13:40:01,300.0,141.0,B
2021-07-22T13:39:32,200.0,141.0,S
2021-07-22T13:39:32,100.0,141.0,S
2021-07-22T13:39:24,1200.0,141.0,S
2021-07-22T13:39:17,1000.0,141.0,S
2021-07-22T13:38:55,1000.0,141.0,S
2021-07-22T13:38:43,2100.0,141.1,S
2021-07-22T13:38:32,1000.0,141.1,S
2021-07-22T13:38:02,1600.0,141.1,S
2021-07-22T13:37:39,1600.0,141.2,S
2021-07-22T13:37:19,1300.0,141.2,S
2021-07-22T13:36:53,200.0,141.3,B
2021-07-22T13:36:10,2000.0,141.3,S
2021-07-22T13:34:40,2000.0,141.4,S
2021-07-22T13:31:12,500.0,141.4,S
2021-07-22T13:29:30,400.0,141.4,S
2021-07-22T13:29:30,600.0,141.4,S
2021-07-22T13:28:22,1000.0,141.4,S
2021-07-22T13:27:58,5500.0,141.5,S
2021-07-22T13:27:34,1300.0,141.5,B
2021-07-22T13:27:22,700.0,141.5,S
2021-07-22T13:27:14,1200.0,141.5,S
2021-07-22T13:27:02,500.0,141.5,B
2021-07-22T13:26:36,300.0,141.5,S
2021-07-22T13:25:47,100.0,141.5,B
2021-07-22T13:25:45,1000.0,141.4,S
2021-07-22T13:25:27,600.0,141.5,B
2021-07-22T13:25:18,100.0,141.5,B
2021-07-22T13:25:16,100.0,141.5,B
2021-07-22T13:25:12,100.0,141.5,B
2021-07-22T13:25:06,100.0,141.5,B
2021-07-22T13:22:56,300.0,141.5,S
2021-07-22T13:22:38,200.0,141.5,S
2021-07-22T13:22:03,300.0,141.5,S
2021-07-22T13:22:03,500.0,141.5,S
2021-07-22T13:21:54,500.0,141.5,S
2021-07-22T13:20:54,100.0,141.5,B
2021-07-22T13:20:53,1900.0,141.5,S
2021-07-22T13:18:58,500.0,141.6,S
2021-07-22T13:18:51,1600.0,141.7,B
2021-07-22T13:18:51,300.0,141.7,B
2021-07-22T13:17:59,100.0,141.7,B
2021-07-22T13:16:35,200.0,141.7,S
2021-07-22T13:16:17,100.0,141.7,S
2021-07-22T13:14:58,500.0,141.7,S
2021-07-22T13:14:46,100.0,141.8,B
2021-07-22T13:13:47,1000.0,141.8,B
2021-07-22T13:13:35,1000.0,141.7,B
2021-07-22T13:13:29,300.0,141.7,B
2021-07-22T13:12:49,300.0,141.7,B
2021-07-22T13:12:49,100.0,141.7,B
2021-07-22T13:12:49,900.0,141.7,B
2021-07-22T13:12:18,200.0,141.6,S
2021-07-22T13:11:11,1000.0,141.6,B
2021-07-22T13:11:11,100.0,141.6,B
2021-07-22T13:11:11,400.0,141.5,B
2021-07-22T13:10:41,100.0,141.5,B
2021-07-22T13:10:40,200.0,141.5,B
2021-07-22T13:10:12,500.0,141.5,B
2021-07-22T13:10:01,100.0,141.5,B
2021-07-22T13:09:45,500.0,141.5,B
2021-07-22T13:09:19,900.0,141.1,S
2021-07-22T13:06:55,500.0,141.4,B
2021-07-22T13:05:43,1000.0,141.4,S
2021-07-22T13:05:14,1500.0,141.0,S
2021-07-22T13:05:01,100.0,141.5,B
2021-07-22T13:04:03,200.0,141.5,B
2021-07-22T13:03:37,100.0,141.5,B
2021-07-22T13:02:54,100.0,141.5,B
2021-07-22T13:01:43,500.0,141.5,B
2021-07-22T13:01:43,1500.0,141.5,B
2021-07-22T13:00:59,100.0,141.3,B
2021-07-22T13:00:40,2000.0,141.4,B
2021-07-22T13:00:12,300.0,141.1,S
2021-07-22T13:00:09,100.0,141.3,B
2021-07-22T13:00:09,300.0,141.1,S
2021-07-22T13:00:08,100.0,141.3,B
2021-07-22T11:29:37,200.0,141.3,S
2021-07-22T11:28:30,200.0,141.3,B
2021-07-22T11:25:53,500.0,141.0,S
2021-07-22T11:25:53,500.0,141.3,S
2021-07-22T11:25:53,400.0,141.3,S
2021-07-22T11:25:21,300.0,141.3,S
2021-07-22T11:25:13,100.0,141.3,B
2021-07-22T11:25:12,100.0,141.3,B
2021-07-22T11:24:53,200.0,141.3,B
2021-07-22T11:24:37,700.0,141.3,S
2021-07-22T11:24:28,100.0,141.3,S
2021-07-22T11:24:08,100.0,141.3,S
2021-07-22T11:22:48,200.0,141.3,B
2021-07-22T11:21:32,500.0,141.3,S
2021-07-22T11:21:20,500.0,141.2,B
2021-07-22T11:20:55,100.0,141.0,S
2021-07-22T11:20:53,100.0,141.2,B
2021-07-22T11:19:11,1200.0,141.0,B
2021-07-22T11:18:35,100.0,140.8,S
2021-07-22T11:18:20,3000.0,141.0,B
2021-07-22T11:18:18,100.0,140.8,S
2021-07-22T11:17:47,600.0,140.8,S
2021-07-22T11:17:47,200.0,140.8,S
2021-07-22T11:17:37,5000.0,141.0,B
2021-07-22T11:17:18,600.0,141.0,B
2021-07-22T11:17:13,100.0,141.0,S
2021-07-22T11:16:48,500.0,141.2,B
2021-07-22T11:15:47,100.0,141.3,B
2021-07-22T11:15:24,300.0,141.3,B
2021-07-22T11:15:24,200.0,141.3,B
2021-07-22T11:15:24,400.0,141.3,B
2021-07-22T11:14:30,3200.0,140.7,S
2021-07-22T11:14:05,500.0,140.8,S
2021-07-22T11:12:52,1000.0,140.8,S
2021-07-22T11:11:36,400.0,140.7,S
2021-07-22T11:10:42,900.0,140.7,S
2021-07-22T11:10:02,100.0,141.2,B
2021-07-22T11:07:31,600.0,141.5,B
2021-07-22T11:07:22,2400.0,141.0,S
2021-07-22T11:07:12,1000.0,141.0,B
2021-07-22T11:07:09,2000.0,141.0,B
2021-07-22T11:05:20,1000.0,141.0,B
2021-07-22T11:04:56,100.0,141.0,S
2021-07-22T11:04:56,1000.0,141.0,S
2021-07-22T11:04:56,2600.0,141.0,S
2021-07-22T11:03:50,1600.0,141.5,S
2021-07-22T11:03:40,500.0,141.6,B
2021-07-22T11:03:38,700.0,141.5,S
2021-07-22T11:02:42,300.0,141.5,B
2021-07-22T11:02:19,500.0,141.5,B
2021-07-22T11:02:04,100.0,141.5,B
2021-07-22T11:00:35,500.0,141.5,B
2021-07-22T10:59:51,1000.0,141.5,B
2021-07-22T10:58:49,1000.0,141.3,B
2021-07-22T10:56:49,200.0,141.5,B
2021-07-22T10:54:10,300.0,141.1,B
2021-07-22T10:54:03,1000.0,141.0,S
2021-07-22T10:53:57,100.0,141.0,S
2021-07-22T10:53:54,500.0,141.0,B
2021-07-22T10:53:15,700.0,141.0,B
2021-07-22T10:50:34,100.0,141.1,B
2021-07-22T10:50:23,1000.0,141.1,S
2021-07-22T10:48:18,500.0,141.1,S
2021-07-22T10:47:50,1400.0,141.1,B
2021-07-22T10:47:50,1000.0,141.0,S
2021-07-22T10:47:22,900.0,141.1,B
2021-07-22T10:45:22,400.0,141.7,S
2021-07-22T10:44:56,100.0,141.7,S
2021-07-22T10:43:59,500.0,141.7,B
2021-07-22T10:43:52,100.0,141.7,B
2021-07-22T10:42:58,200.0,141.7,B
2021-07-22T10:39:49,700.0,141.5,B
2021-07-22T10:39:24,100.0,141.0,S
2021-07-22T10:37:09,100.0,141.0,S
2021-07-22T10:36:05,1400.0,141.0,B
2021-07-22T10:35:10,100.0,141.0,S
2021-07-22T10:35:10,100.0,141.0,S
2021-07-22T10:35:01,100.0,141.0,S
2021-07-22T10:31:58,1800.0,141.0,S
2021-07-22T10:28:48,100.0,140.3,S
2021-07-22T10:28:48,400.0,140.4,S
2021-07-22T10:28:28,200.0,140.5,S
2021-07-22T10:26:31,200.0,140.4,B
2021-07-22T10:26:28,200.0,140.4,B
2021-07-22T10:24:52,200.0,140.4,B
2021-07-22T10:24:25,800.0,140.5,S
2021-07-22T10:23:54,100.0,140.5,S
2021-07-22T10:23:45,500.0,140.5,S
2021-07-22T10:22:36,100.0,140.5,S
2021-07-22T10:21:28,800.0,140.5,S
2021-07-22T10:20:48,600.0,141.2,B
2021-07-22T10:20:42,200.0,140.5,S
2021-07-22T10:19:52,200.0,140.1,S
2021-07-22T10:19:41,200.0,140.2,S
2021-07-22T10:18:32,2000.0,140.0,S
2021-07-22T10:18:28,200.0,141.0,S
2021-07-22T10:18:25,700.0,141.0,B
2021-07-22T10:18:23,100.0,140.5,S
2021-07-22T10:17:58,3300.0,141.0,S
2021-07-22T10:17:36,1400.0,141.3,S
2021-07-22T10:17:36,700.0,141.3,S
2021-07-22T10:17:36,800.0,141.3,S
2021-07-22T10:17:36,100.0,141.3,S
2021-07-22T10:17:36,3000.0,141.5,S
2021-07-22T10:17:36,1000.0,141.6,S
2021-07-22T10:17:36,5400.0,141.6,S
2021-07-22T10:16:54,1000.0,141.6,S
2021-07-22T10:15:31,800.0,141.9,S
2021-07-22T10:15:13,500.0,141.9,S
2021-07-22T10:14:42,800.0,141.9,S
2021-07-22T10:14:27,100.0,141.9,B
2021-07-22T10:14:17,100.0,141.9,B
2021-07-22T10:14:00,300.0,141.9,B
2021-07-22T10:13:15,1000.0,141.6,S
2021-07-22T10:12:46,5000.0,141.6,S
2021-07-22T10:12:38,400.0,142.0,B
2021-07-22T10:12:03,300.0,142.0,B
2021-07-22T10:11:57,4000.0,141.9,B
2021-07-22T10:10:52,200.0,141.8,S
2021-07-22T10:10:05,2000.0,141.7,S
2021-07-22T10:10:03,1900.0,141.7,S
2021-07-22T10:10:03,1100.0,141.8,S
2021-07-22T10:10:02,100.0,142.0,B
2021-07-22T10:09:17,100.0,142.0,B
2021-07-22T10:08:53,100.0,142.0,B
2021-07-22T10:08:47,900.0,142.0,B
2021-07-22T10:07:05,3000.0,142.1,B
2021-07-22T10:06:35,200.0,141.9,S
2021-07-22T10:04:46,100.0,142.0,B
2021-07-22T10:03:56,100.0,142.0,S
2021-07-22T10:03:07,1000.0,142.0,S
2021-07-22T10:02:57,100.0,142.1,B
2021-07-22T10:02:35,5000.0,142.0,S
2021-07-22T10:02:14,100.0,142.1,S
2021-07-22T10:02:14,4900.0,142.1,S
2021-07-22T10:01:20,400.0,142.6,B
2021-07-22T10:01:11,100.0,142.6,B
2021-07-22T10:01:03,4000.0,142.1,S
2021-07-22T10:00:09,2000.0,142.6,B
2021-07-22T09:59:35,2000.0,142.6,B
2021-07-22T09:59:32,1400.0,142.2,S
2021-07-22T09:59:31,1700.0,142.5,B
2021-07-22T09:59:22,1000.0,142.5,B
2021-07-22T09:59:02,200.0,142.5,S
2021-07-22T09:58:38,800.0,142.5,B
2021-07-22T09:57:48,100.0,142.5,B
2021-07-22T09:57:48,400.0,142.5,B
2021-07-22T09:56:00,2100.0,142.5,B
2021-07-22T09:54:17,300.0,142.1,S
2021-07-22T09:53:43,1700.0,142.5,B
2021-07-22T09:53:23,100.0,142.1,S
2021-07-22T09:53:14,200.0,142.5,B
2021-07-22T09:53:14,100.0,142.5,B
2021-07-22T09:53:14,3700.0,142.5,B
2021-07-22T09:53:09,100.0,142.4,B
2021-07-22T09:53:08,200.0,142.3,S
2021-07-22T09:52:31,800.0,142.1,S
2021-07-22T09:52:26,100.0,142.3,B
2021-07-22T09:52:26,200.0,142.3,B
2021-07-22T09:51:45,500.0,142.3,B
2021-07-22T09:51:04,1800.0,142.3,B
2021-07-22T09:50:41,600.0,142.1,S
2021-07-22T09:50:26,100.0,142.1,S
2021-07-22T09:50:25,1000.0,142.3,B
2021-07-22T09:50:16,500.0,142.1,S
2021-07-22T09:50:00,100.0,142.1,S
2021-07-22T09:49:56,100.0,142.1,S
2021-07-22T09:49:52,300.0,142.1,S
2021-07-22T09:49:46,200.0,142.1,S
2021-07-22T09:49:35,1100.0,142.1,S
2021-07-22T09:49:35,1900.0,142.1,S
2021-07-22T09:48:40,5700.0,142.3,S
2021-07-22T09:48:40,1000.0,142.3,S
2021-07-22T09:47:26,1400.0,142.5,S
2021-07-22T09:47:19,500.0,142.7,B
2021-07-22T09:47:19,500.0,142.7,B
2021-07-22T09:47:11,2000.0,142.5,S
2021-07-22T09:47:01,2000.0,142.5,S
2021-07-22T09:46:53,400.0,142.6,S
2021-07-22T09:46:38,200.0,142.5,S
2021-07-22T09:46:38,100.0,142.5,S
2021-07-22T09:46:32,100.0,142.5,B
2021-07-22T09:46:21,300.0,142.5,B
2021-07-22T09:46:14,100.0,142.5,B
2021-07-22T09:45:58,100.0,142.5,B
2021-07-22T09:45:54,300.0,142.5,B
2021-07-22T09:45:49,1200.0,142.5,S
2021-07-22T09:45:42,800.0,142.8,B
2021-07-22T09:45:42,1200.0,142.7,B
2021-07-22T09:45:29,900.0,142.5,S
2021-07-22T09:45:29,2000.0,142.5,S
2021-07-22T09:45:29,100.0,142.5,S
2021-07-22T09:45:14,800.0,142.6,B
2021-07-22T09:45:11,2400.0,142.6,S
2021-07-22T09:45:02,100.0,142.8,B
2021-07-22T09:44:59,1000.0,142.8,B
2021-07-22T09:44:40,500.0,142.5,S
2021-07-22T09:44:39,1500.0,142.5,B
2021-07-22T09:44:33,5000.0,142.8,B
2021-07-22T09:44:32,900.0,142.6,B
2021-07-22T09:44:20,200.0,142.6,B
2021-07-22T09:44:08,1000.0,142.6,B
2021-07-22T09:43:59,2000.0,142.6,B
2021-07-22T09:43:58,300.0,142.4,B
2021-07-22T09:43:39,700.0,142.5,S
2021-07-22T09:43:39,1000.0,142.5,S
2021-07-22T09:43:28,2900.0,142.5,B
2021-07-22T09:43:18,1000.0,142.5,B
2021-07-22T09:42:57,1500.0,142.4,B
2021-07-22T09:42:57,100.0,142.4,B
2021-07-22T09:42:48,300.0,142.1,S
2021-07-22T09:42:29,200.0,142.1,B
2021-07-22T09:42:19,1000.0,142.1,B
2021-07-22T09:42:09,1500.0,142.0,B
2021-07-22T09:42:09,1300.0,142.0,B
2021-07-22T09:42:09,500.0,142.0,B
2021-07-22T09:42:01,1000.0,142.0,B
2021-07-22T09:41:19,500.0,141.6,S
2021-07-22T09:40:17,500.0,141.5,S
2021-07-22T09:40:13,1000.0,142.0,B
2021-07-22T09:40:04,100.0,141.5,B
2021-07-22T09:38:33,500.0,141.3,S
2021-07-22T09:37:28,100.0,142.0,B
2021-07-22T09:37:00,500.0,142.0,B
2021-07-22T09:36:54,1800.0,141.1,S
2021-07-22T09:36:25,2000.0,142.0,B
2021-07-22T09:35:51,200.0,141.3,S
2021-07-22T09:35:39,200.0,141.5,B
2021-07-22T09:35:21,1300.0,141.4,S
2021-07-22T09:35:17,1000.0,141.5,B
2021-07-22T09:35:15,1400.0,141.4,S
2021-07-22T09:34:39,100.0,141.4,B
2021-07-22T09:34:28,100.0,141.3,S
2021-07-22T09:34:25,800.0,141.4,B
2021-07-22T09:33:56,100.0,141.3,S
2021-07-22T09:33:51,200.0,141.4,B
2021-07-22T09:33:44,6000.0,141.4,S
2021-07-22T09:33:22,100.0,141.5,B
2021-07-22T09:32:49,100.0,141.5,B
2021-07-22T09:32:48,400.0,141.5,S
2021-07-22T09:32:40,200.0,141.5,S
2021-07-22T09:32:25,500.0,141.5,S
2021-07-22T09:32:18,1000.0,141.6,S
2021-07-22T09:31:34,200.0,141.6,S
2021-07-22T09:31:25,500.0,141.6,S
2021-07-22T09:31:24,200.0,142.0,B
2021-07-22T09:30:41,100.0,142.0,S
2021-07-22T09:30:14,1000.0,142.0,S
2021-07-22T09:30:11,100.0,142.4,B
2021-07-22T09:30:07,3100.0,142.0,S
2021-07-22T09:30:07,200.0,142.0,S
2021-07-22T09:30:07,2700.0,142.0,S
2021-07-22T09:30:03,200.0,142.4,B
2021-07-22T09:29:50,100.0,142.4,S
2021-07-22T09:29:21,1000.0,142.6,B
2021-07-22T09:29:14,100.0,142.6,B
2021-07-22T09:28:57,700.0,142.6,B
2021-07-22T09:28:57,600.0,142.6,B
2021-07-22T09:28:48,200.0,142.6,B
2021-07-22T09:28:47,3000.0,142.5,B
2021-07-22T09:28:32,100.0,142.6,B
2021-07-22T09:28:25,1100.0,142.5,B
2021-07-22T09:28:18,3000.0,142.4,B
2021-07-22T09:28:11,3000.0,142.5,B
2021-07-22T09:27:56,2000.0,142.4,B
2021-07-22T09:27:50,800.0,142.0,B
2021-07-22T09:27:46,2000.0,142.0,B
2021-07-22T09:27:35,200.0,142.0,B
2021-07-22T09:27:32,2000.0,142.0,B
2021-07-22T09:27:31,200.0,141.9,B
2021-07-22T09:27:31,200.0,141.9,B
2021-07-22T09:27:19,500.0,141.9,B
2021-07-22T09:27:13,6000.0,141.8,B
2021-07-22T09:27:00,200.0,141.5,S
2021-07-22T09:26:45,300.0,141.5,S
2021-07-22T09:26:38,2700.0,141.5,B
2021-07-22T09:26:38,500.0,141.5,B
2021-07-22T09:26:29,900.0,141.5,B
2021-07-22T09:26:29,500.0,141.5,B
2021-07-22T09:26:26,1000.0,141.5,B
2021-07-22T09:26:12,4500.0,141.4,B
2021-07-22T09:26:11,100.0,141.3,B
2021-07-22T09:25:51,100.0,141.2,B
2021-07-22T09:25:36,500.0,141.0,S
2021-07-22T09:25:34,100.0,141.0,B
2021-07-22T09:25:24,1300.0,141.0,B
2021-07-22T09:25:24,200.0,141.0,B
2021-07-22T09:25:22,100.0,141.0,B
2021-07-22T09:25:17,300.0,141.0,B
2021-07-22T09:25:09,100.0,141.0,B
2021-07-22T09:24:48,400.0,141.0,B
2021-07-22T09:24:45,100.0,141.0,B
2021-07-22T09:24:33,100.0,141.0,B
2021-07-22T09:24:22,100.0,141.0,B
2021-07-22T09:23:44,100.0,141.0,B
2021-07-22T09:23:44,700.0,141.0,B
2021-07-22T09:23:29,200.0,141.0,B
2021-07-22T09:22:58,300.0,141.0,B
2021-07-22T09:22:51,1000.0,141.0,B
2021-07-22T09:22:48,1000.0,141.0,S
2021-07-22T09:22:48,2300.0,141.0,S
2021-07-22T09:22:37,2900.0,141.5,B
2021-07-22T09:22:28,500.0,141.4,B
2021-07-22T09:22:18,200.0,141.0,S
2021-07-22T09:21:53,100.0,141.0,S
2021-07-22T09:21:52,100.0,141.5,B
2021-07-22T09:21:51,100.0,141.0,S
2021-07-22T09:21:51,100.0,141.0,S
2021-07-22T09:21:38,1000.0,141.0,B
2021-07-22T09:21:38,400.0,141.0,B
2021-07-22T09:21:21,600.0,141.0,B
2021-07-22T09:20:50,1000.0,141.0,B
2021-07-22T09:20:37,100.0,140.9,B
2021-07-22T09:20:29,200.0,140.1,S
2021-07-22T09:20:20,200.0,141.0,B
2021-07-22T09:20:13,200.0,141.0,B
2021-07-22T09:20:12,1400.0,141.0,B
2021-07-22T09:20:07,1000.0,141.0,B
2021-07-22T09:19:57,1500.0,141.0,B
2021-07-22T09:19:57,1000.0,141.0,B
2021-07-22T09:19:39,800.0,140.0,S
2021-07-22T09:19:34,100.0,140.0,S
2021-07-22T09:19:19,1000.0,140.9,B
2021-07-22T09:19:04,400.0,140.9,B
2021-07-22T09:19:04,1200.0,140.0,S
2021-07-22T09:18:51,100.0,139.9,B
2021-07-22T09:18:50,100.0,139.8,B
2021-07-22T09:18:43,500.0,139.8,B
2021-07-22T09:18:36,1500.0,139.8,B
2021-07-22T09:18:28,400.0,139.5,B
2021-07-22T09:18:21,1300.0,139.0,S
2021-07-22T09:18:16,1000.0,139.0,S
2021-07-22T09:18:10,200.0,139.0,S
2021-07-22T09:18:08,400.0,139.0,S
2021-07-22T09:17:55,400.0,139.0,B
2021-07-22T09:17:35,300.0,139.0,B
2021-07-22T09:17:32,1000.0,139.0,B
2021-07-22T09:17:00,200.0,139.0,S
2021-07-22T09:16:59,800.0,139.0,B
2021-07-22T09:16:57,100.0,138.5,S
2021-07-22T09:16:46,1000.0,138.5,S
2021-07-22T09:16:44,300.0,138.5,S
2021-07-22T09:16:41,2500.0,139.0,B
2021-07-22T09:16:35,100.0,139.0,B
2021-07-22T09:16:32,2000.0,139.0,B
2021-07-22T09:16:32,1000.0,139.0,B
2021-07-22T09:16:10,300.0,139.0,B
2021-07-22T09:16:10,300.0,139.0,B
2021-07-22T09:16:10,1400.0,138.9,B
2021-07-22T09:15:34,100.0,139.0,S
2021-07-22T09:15:22,200.0,139.6,S
2021-07-22T09:15:04,400.0,139.6,B
