tradingTime,volume,price,side
2021-07-22T13:50:29,400.0,11.3,B
2021-07-22T13:50:28,500.0,11.25,S
2021-07-22T13:50:02,13500.0,11.3,B
2021-07-22T13:50:02,1000.0,11.3,B
2021-07-22T13:49:34,100.0,11.3,B
2021-07-22T13:49:30,200.0,11.3,B
2021-07-22T13:49:29,200.0,11.25,S
2021-07-22T13:49:29,30000.0,11.3,B
2021-07-22T13:49:27,200.0,11.3,B
2021-07-22T13:49:24,3400.0,11.3,B
2021-07-22T13:49:14,300.0,11.3,B
2021-07-22T13:49:12,1000.0,11.3,B
2021-07-22T13:49:02,16400.0,11.3,B
2021-07-22T13:48:48,300.0,11.3,B
2021-07-22T13:48:41,100.0,11.3,B
2021-07-22T13:48:18,10100.0,11.3,B
2021-07-22T13:48:17,300.0,11.3,B
2021-07-22T13:48:11,3000.0,11.3,S
2021-07-22T13:48:11,10400.0,11.3,S
2021-07-22T13:48:11,26500.0,11.3,S
2021-07-22T13:48:11,10700.0,11.3,S
2021-07-22T13:48:11,30300.0,11.3,S
2021-07-22T13:48:07,100.0,11.3,S
2021-07-22T13:48:02,1500.0,11.35,B
2021-07-22T13:47:45,2900.0,11.3,S
2021-07-22T13:47:30,300.0,11.35,B
2021-07-22T13:47:18,2600.0,11.35,B
2021-07-22T13:47:13,2800.0,11.3,S
2021-07-22T13:47:13,2900.0,11.3,S
2021-07-22T13:47:10,1000.0,11.3,S
2021-07-22T13:47:08,100.0,11.3,S
2021-07-22T13:47:06,800.0,11.3,S
2021-07-22T13:47:01,100.0,11.3,S
2021-07-22T13:46:35,800.0,11.3,S
2021-07-22T13:46:07,1500.0,11.35,B
2021-07-22T13:45:49,3000.0,11.35,B
2021-07-22T13:45:45,100.0,11.3,S
2021-07-22T13:45:40,4000.0,11.35,B
2021-07-22T13:45:39,500.0,11.3,S
2021-07-22T13:45:38,200.0,11.35,B
2021-07-22T13:45:31,4000.0,11.35,B
2021-07-22T13:45:23,1000.0,11.3,S
2021-07-22T13:45:17,1000.0,11.3,S
2021-07-22T13:45:16,200.0,11.35,B
2021-07-22T13:45:13,1000.0,11.3,S
2021-07-22T13:45:12,5000.0,11.3,S
2021-07-22T13:45:04,500.0,11.3,S
2021-07-22T13:45:01,300.0,11.3,S
2021-07-22T13:44:58,800.0,11.35,B
2021-07-22T13:44:54,3000.0,11.35,B
2021-07-22T13:44:53,500.0,11.3,S
2021-07-22T13:44:50,800.0,11.35,B
2021-07-22T13:44:48,100.0,11.35,B
2021-07-22T13:44:45,7300.0,11.35,B
2021-07-22T13:44:14,1000.0,11.35,B
2021-07-22T13:44:12,300.0,11.3,S
2021-07-22T13:44:12,1700.0,11.3,S
2021-07-22T13:44:11,8300.0,11.3,S
2021-07-22T13:44:11,1700.0,11.3,S
2021-07-22T13:44:09,2000.0,11.3,S
2021-07-22T13:44:08,500.0,11.35,B
2021-07-22T13:44:08,1000.0,11.3,S
2021-07-22T13:44:04,2000.0,11.3,S
2021-07-22T13:43:59,2700.0,11.3,S
2021-07-22T13:43:52,500.0,11.3,S
2021-07-22T13:43:45,5000.0,11.3,S
2021-07-22T13:43:30,100.0,11.3,S
2021-07-22T13:43:27,100.0,11.3,S
2021-07-22T13:43:25,500.0,11.3,S
2021-07-22T13:43:21,300.0,11.3,S
2021-07-22T13:43:17,4000.0,11.3,S
2021-07-22T13:43:14,2600.0,11.3,S
2021-07-22T13:43:14,200.0,11.3,B
2021-07-22T13:43:14,7600.0,11.3,B
2021-07-22T13:43:14,200.0,11.3,B
2021-07-22T13:43:14,1900.0,11.3,B
2021-07-22T13:43:14,167800.0,11.3,B
2021-07-22T13:43:13,3000.0,11.3,B
2021-07-22T13:43:08,1000.0,11.25,S
2021-07-22T13:43:04,100.0,11.25,S
2021-07-22T13:42:41,200.0,11.3,B
2021-07-22T13:42:41,1000.0,11.25,S
2021-07-22T13:42:25,100.0,11.25,S
2021-07-22T13:42:05,100.0,11.3,B
2021-07-22T13:41:43,200.0,11.3,B
2021-07-22T13:41:35,45400.0,11.3,S
2021-07-22T13:41:33,500.0,11.3,S
2021-07-22T13:41:29,2900.0,11.3,S
2021-07-22T13:41:18,400.0,11.3,S
2021-07-22T13:41:05,3800.0,11.3,S
2021-07-22T13:41:05,900.0,11.3,S
2021-07-22T13:41:05,5300.0,11.3,S
2021-07-22T13:40:40,100.0,11.3,S
2021-07-22T13:40:36,100.0,11.3,S
2021-07-22T13:40:22,200.0,11.3,S
2021-07-22T13:40:11,300.0,11.3,S
2021-07-22T13:40:00,3000.0,11.3,B
2021-07-22T13:39:59,100.0,11.3,B
2021-07-22T13:39:59,2100.0,11.3,S
2021-07-22T13:39:58,1900.0,11.3,B
2021-07-22T13:39:57,200.0,11.25,S
2021-07-22T13:39:56,1000.0,11.3,B
2021-07-22T13:39:48,100.0,11.3,B
2021-07-22T13:39:31,100.0,11.3,S
2021-07-22T13:39:29,300.0,11.35,B
2021-07-22T13:39:29,100.0,11.3,B
2021-07-22T13:39:20,2200.0,11.4,B
2021-07-22T13:39:20,5800.0,11.4,B
2021-07-22T13:39:17,500.0,11.3,B
2021-07-22T13:39:17,100.0,11.3,B
2021-07-22T13:39:07,6800.0,11.2,S
2021-07-22T13:39:07,3500.0,11.25,S
2021-07-22T13:39:01,100.0,11.25,S
2021-07-22T13:39:00,1400.0,11.25,S
2021-07-22T13:38:44,100.0,11.2,S
2021-07-22T13:38:37,2000.0,11.2,S
2021-07-22T13:38:37,300.0,11.2,B
2021-07-22T13:38:15,3000.0,11.15,S
2021-07-22T13:38:15,19400.0,11.5,B
2021-07-22T13:38:15,9700.0,11.5,B
2021-07-22T13:38:15,10400.0,11.5,B
2021-07-22T13:38:15,3000.0,11.5,B
2021-07-22T13:38:15,3300.0,11.5,B
2021-07-22T13:38:15,36400.0,11.5,B
2021-07-22T13:38:15,29700.0,11.5,B
2021-07-22T13:38:15,1000.0,11.5,B
2021-07-22T13:38:15,5800.0,11.5,B
2021-07-22T13:38:15,700.0,11.5,B
2021-07-22T13:38:15,75200.0,11.5,B
2021-07-22T13:38:15,5300.0,11.5,B
2021-07-22T13:38:15,101000.0,11.5,B
2021-07-22T13:38:15,13400.0,11.5,B
2021-07-22T13:38:15,81000.0,11.5,B
2021-07-22T13:38:15,2100.0,11.5,B
2021-07-22T13:38:15,7400.0,11.5,B
2021-07-22T13:38:15,15500.0,11.5,B
2021-07-22T13:38:15,14900.0,11.5,B
2021-07-22T13:38:15,5000.0,11.5,B
2021-07-22T13:38:15,6000.0,11.5,B
2021-07-22T13:38:15,1000.0,11.5,B
2021-07-22T13:38:15,8100.0,11.5,B
2021-07-22T13:38:15,5000.0,11.5,B
2021-07-22T13:38:15,42700.0,11.5,B
2021-07-22T13:38:15,7000.0,11.5,B
2021-07-22T13:38:15,3500.0,11.5,B
2021-07-22T13:38:15,2000.0,11.5,B
2021-07-22T13:38:15,9800.0,11.45,B
2021-07-22T13:38:15,21400.0,11.45,B
2021-07-22T13:38:15,3500.0,11.45,B
2021-07-22T13:38:15,3000.0,11.45,B
2021-07-22T13:38:15,8400.0,11.45,B
2021-07-22T13:38:15,3500.0,11.45,B
2021-07-22T13:38:15,2300.0,11.45,B
2021-07-22T13:38:14,14600.0,11.45,B
2021-07-22T13:38:14,100.0,11.45,B
2021-07-22T13:38:14,4600.0,11.45,B
2021-07-22T13:38:14,16500.0,11.45,B
2021-07-22T13:38:14,3000.0,11.45,B
2021-07-22T13:38:14,28500.0,11.45,B
2021-07-22T13:38:14,16100.0,11.45,B
2021-07-22T13:38:14,700.0,11.45,B
2021-07-22T13:38:14,8000.0,11.45,B
2021-07-22T13:38:14,14300.0,11.4,B
2021-07-22T13:38:14,3600.0,11.4,B
2021-07-22T13:38:14,6200.0,11.4,B
2021-07-22T13:38:14,1400.0,11.4,B
2021-07-22T13:38:14,3900.0,11.4,B
2021-07-22T13:38:14,100.0,11.4,B
2021-07-22T13:38:14,6000.0,11.4,B
2021-07-22T13:38:14,1100.0,11.4,B
2021-07-22T13:38:14,11600.0,11.4,B
2021-07-22T13:38:14,1600.0,11.4,B
2021-07-22T13:38:14,200.0,11.4,B
2021-07-22T13:38:14,27200.0,11.4,B
2021-07-22T13:38:14,16100.0,11.4,B
2021-07-22T13:38:14,1000.0,11.4,B
2021-07-22T13:38:14,48900.0,11.4,B
2021-07-22T13:38:14,8600.0,11.4,B
2021-07-22T13:38:14,43100.0,11.4,B
2021-07-22T13:38:14,4000.0,11.4,B
2021-07-22T13:38:14,1000.0,11.4,B
2021-07-22T13:38:14,6000.0,11.4,B
2021-07-22T13:38:14,700.0,11.4,B
2021-07-22T13:38:14,31200.0,11.4,B
2021-07-22T13:38:14,6100.0,11.4,B
2021-07-22T13:38:14,100.0,11.4,B
2021-07-22T13:38:14,100000.0,11.4,B
2021-07-22T13:38:14,4200.0,11.4,B
2021-07-22T13:38:14,1000.0,11.4,B
2021-07-22T13:38:14,12400.0,11.4,B
2021-07-22T13:38:14,600.0,11.4,B
2021-07-22T13:38:14,100.0,11.4,B
2021-07-22T13:38:14,5600.0,11.4,B
2021-07-22T13:38:14,2000.0,11.4,B
2021-07-22T13:38:14,16100.0,11.4,B
2021-07-22T13:38:14,5000.0,11.4,B
2021-07-22T13:38:14,10000.0,11.4,B
2021-07-22T13:38:14,200.0,11.4,B
2021-07-22T13:38:14,100.0,11.4,B
2021-07-22T13:38:14,900.0,11.4,B
2021-07-22T13:38:14,3700.0,11.4,B
2021-07-22T13:38:14,400.0,11.4,B
2021-07-22T13:38:14,2700.0,11.4,B
2021-07-22T13:38:14,2000.0,11.4,B
2021-07-22T13:38:14,101300.0,11.4,B
2021-07-22T13:38:14,20000.0,11.4,B
2021-07-22T13:38:14,400.0,11.4,B
2021-07-22T13:38:14,6000.0,11.4,B
2021-07-22T13:38:14,11000.0,11.4,B
2021-07-22T13:38:14,2100.0,11.4,B
2021-07-22T13:38:14,16100.0,11.4,B
2021-07-22T13:38:14,11500.0,11.4,B
2021-07-22T13:38:14,5000.0,11.4,B
2021-07-22T13:38:14,1200.0,11.4,B
2021-07-22T13:38:14,700.0,11.4,B
2021-07-22T13:38:14,200.0,11.4,B
2021-07-22T13:38:14,4600.0,11.4,B
2021-07-22T13:38:14,20000.0,11.4,B
2021-07-22T13:38:14,300.0,11.4,B
2021-07-22T13:38:14,1400.0,11.4,B
2021-07-22T13:38:14,600.0,11.4,B
2021-07-22T13:38:14,7000.0,11.4,B
2021-07-22T13:38:14,21800.0,11.4,B
2021-07-22T13:38:14,10200.0,11.4,B
2021-07-22T13:38:14,5200.0,11.4,B
2021-07-22T13:38:14,2100.0,11.4,B
2021-07-22T13:38:14,1100.0,11.4,B
2021-07-22T13:38:14,7800.0,11.4,B
2021-07-22T13:38:14,200.0,11.4,B
2021-07-22T13:38:14,2400.0,11.4,B
2021-07-22T13:38:14,12600.0,11.4,B
2021-07-22T13:38:14,25500.0,11.4,B
2021-07-22T13:38:14,1000.0,11.35,B
2021-07-22T13:38:14,3200.0,11.35,B
2021-07-22T13:38:14,1800.0,11.35,B
2021-07-22T13:38:14,700.0,11.35,B
2021-07-22T13:38:14,1200.0,11.35,B
2021-07-22T13:38:14,5200.0,11.35,B
2021-07-22T13:38:14,4600.0,11.35,B
2021-07-22T13:38:14,26100.0,11.35,B
2021-07-22T13:38:14,20200.0,11.35,B
2021-07-22T13:38:14,2000.0,11.35,B
2021-07-22T13:38:14,3000.0,11.35,B
2021-07-22T13:38:14,1200.0,11.35,B
2021-07-22T13:38:14,1100.0,11.35,B
2021-07-22T13:38:14,200.0,11.35,B
2021-07-22T13:38:14,2000.0,11.35,B
2021-07-22T13:38:14,400.0,11.35,B
2021-07-22T13:38:14,12000.0,11.35,B
2021-07-22T13:38:14,100.0,11.35,B
2021-07-22T13:38:14,1200.0,11.35,B
2021-07-22T13:38:14,2000.0,11.35,B
2021-07-22T13:38:14,15000.0,11.35,B
2021-07-22T13:38:14,3000.0,11.35,B
2021-07-22T13:38:14,2100.0,11.3,B
2021-07-22T13:38:14,5600.0,11.3,B
2021-07-22T13:38:14,10000.0,11.3,B
2021-07-22T13:38:14,6300.0,11.3,B
2021-07-22T13:38:11,800.0,11.3,B
2021-07-22T13:38:11,10000.0,11.3,B
2021-07-22T13:38:11,200.0,11.3,B
2021-07-22T13:38:11,6300.0,11.3,B
2021-07-22T13:38:11,4300.0,11.3,B
2021-07-22T13:38:11,20400.0,11.3,B
2021-07-22T13:38:11,300.0,11.3,B
2021-07-22T13:38:11,4100.0,11.3,B
2021-07-22T13:38:11,1900.0,11.3,B
2021-07-22T13:38:11,200.0,11.3,B
2021-07-22T13:38:11,2100.0,11.3,B
2021-07-22T13:38:11,300.0,11.3,B
2021-07-22T13:38:11,700.0,11.3,B
2021-07-22T13:38:11,33200.0,11.3,B
2021-07-22T13:38:11,500.0,11.3,B
2021-07-22T13:38:11,18200.0,11.3,B
2021-07-22T13:38:11,1000.0,11.3,B
2021-07-22T13:38:11,56800.0,11.3,B
2021-07-22T13:38:11,200.0,11.3,B
2021-07-22T13:38:11,800.0,11.3,B
2021-07-22T13:38:11,2200.0,11.3,B
2021-07-22T13:38:11,21200.0,11.3,B
2021-07-22T13:38:11,200.0,11.3,B
2021-07-22T13:38:11,6700.0,11.3,B
2021-07-22T13:38:11,500.0,11.3,B
2021-07-22T13:38:11,20700.0,11.3,B
2021-07-22T13:38:11,300.0,11.3,B
2021-07-22T13:38:11,1200.0,11.3,B
2021-07-22T13:38:11,5500.0,11.3,B
2021-07-22T13:38:11,13900.0,11.3,B
2021-07-22T13:38:11,500.0,11.3,B
2021-07-22T13:38:11,800.0,11.3,B
2021-07-22T13:38:11,500.0,11.3,B
2021-07-22T13:38:11,200.0,11.3,B
2021-07-22T13:38:11,1100.0,11.3,B
2021-07-22T13:38:11,1800.0,11.3,B
2021-07-22T13:38:11,3300.0,11.3,B
2021-07-22T13:38:11,700.0,11.3,B
2021-07-22T13:38:11,3000.0,11.25,B
2021-07-22T13:38:11,1000.0,11.25,B
2021-07-22T13:38:11,1000.0,11.25,B
2021-07-22T13:38:11,1000.0,11.25,B
2021-07-22T13:38:11,8000.0,11.25,B
2021-07-22T13:38:11,2500.0,11.25,B
2021-07-22T13:38:11,7100.0,11.25,B
2021-07-22T13:38:11,1100.0,11.25,B
2021-07-22T13:38:11,100.0,11.25,B
2021-07-22T13:38:11,4100.0,11.25,B
2021-07-22T13:38:11,2900.0,11.25,B
2021-07-22T13:38:11,1000.0,11.25,B
2021-07-22T13:38:11,10300.0,11.25,B
2021-07-22T13:38:11,3100.0,11.25,B
2021-07-22T13:38:11,15700.0,11.25,B
2021-07-22T13:38:11,11600.0,11.25,B
2021-07-22T13:38:11,10800.0,11.25,B
2021-07-22T13:38:11,10700.0,11.25,B
2021-07-22T13:38:11,200.0,11.25,B
2021-07-22T13:38:11,7500.0,11.25,B
2021-07-22T13:38:11,3100.0,11.25,B
2021-07-22T13:38:11,7600.0,11.25,B
2021-07-22T13:38:11,3100.0,11.25,B
2021-07-22T13:38:11,10000.0,11.25,B
2021-07-22T13:38:11,1000.0,11.25,B
2021-07-22T13:38:11,1200.0,11.25,B
2021-07-22T13:38:11,100.0,11.25,B
2021-07-22T13:38:11,1600.0,11.25,B
2021-07-22T13:38:11,2100.0,11.25,B
2021-07-22T13:38:11,5000.0,11.25,B
2021-07-22T13:38:11,2700.0,11.25,B
2021-07-22T13:38:11,1400.0,11.25,B
2021-07-22T13:38:11,1000.0,11.25,B
2021-07-22T13:38:11,1700.0,11.2,B
2021-07-22T13:38:11,11400.0,11.2,B
2021-07-22T13:38:11,4400.0,11.2,B
2021-07-22T13:38:11,2000.0,11.2,B
2021-07-22T13:38:11,1000.0,11.2,B
2021-07-22T13:38:11,5300.0,11.2,B
2021-07-22T13:38:11,700.0,11.2,B
2021-07-22T13:38:11,15400.0,11.2,B
2021-07-22T13:38:11,3000.0,11.2,B
2021-07-22T13:38:11,68900.0,11.2,B
2021-07-22T13:38:09,800.0,11.2,B
2021-07-22T13:37:53,500.0,11.2,B
2021-07-22T13:37:52,300.0,11.2,B
2021-07-22T13:37:39,200.0,11.15,S
2021-07-22T13:37:38,600.0,11.15,S
2021-07-22T13:37:38,400.0,11.15,S
2021-07-22T13:37:19,2100.0,11.15,S
2021-07-22T13:37:19,400.0,11.15,S
2021-07-22T13:37:19,2500.0,11.15,S
2021-07-22T13:36:54,1900.0,11.15,S
2021-07-22T13:36:47,2000.0,11.15,S
2021-07-22T13:36:40,500.0,11.15,S
2021-07-22T13:36:32,1100.0,11.15,S
2021-07-22T13:36:27,300.0,11.2,B
2021-07-22T13:36:27,200.0,11.2,B
2021-07-22T13:36:24,500.0,11.15,S
2021-07-22T13:36:23,3000.0,11.15,S
2021-07-22T13:36:03,2000.0,11.15,S
2021-07-22T13:36:01,500.0,11.15,S
2021-07-22T13:36:01,900.0,11.15,S
2021-07-22T13:36:01,1000.0,11.15,S
2021-07-22T13:35:48,4000.0,11.15,S
2021-07-22T13:35:20,2000.0,11.15,S
2021-07-22T13:35:18,500.0,11.15,S
2021-07-22T13:35:15,200.0,11.15,S
2021-07-22T13:35:09,900.0,11.15,B
2021-07-22T13:35:05,4500.0,11.15,B
2021-07-22T13:35:01,4400.0,11.15,B
2021-07-22T13:34:58,500.0,11.15,B
2021-07-22T13:34:52,1000.0,11.15,B
2021-07-22T13:34:37,6400.0,11.15,S
2021-07-22T13:34:17,400.0,11.2,B
2021-07-22T13:34:16,1000.0,11.15,S
2021-07-22T13:34:15,20000.0,11.15,S
2021-07-22T13:34:15,5000.0,11.15,S
2021-07-22T13:34:10,100.0,11.15,S
2021-07-22T13:34:05,9500.0,11.15,S
2021-07-22T13:34:04,200.0,11.15,S
2021-07-22T13:33:54,100.0,11.15,S
2021-07-22T13:33:47,1000.0,11.15,S
2021-07-22T13:33:39,10000.0,11.15,S
2021-07-22T13:33:35,1300.0,11.15,S
2021-07-22T13:33:35,700.0,11.15,S
2021-07-22T13:33:29,200.0,11.15,S
2021-07-22T13:33:28,5000.0,11.15,S
2021-07-22T13:33:20,10000.0,11.15,S
2021-07-22T13:32:58,2000.0,11.15,S
2021-07-22T13:32:55,3000.0,11.15,S
2021-07-22T13:32:38,500.0,11.15,S
2021-07-22T13:32:34,1500.0,11.15,S
2021-07-22T13:32:34,18500.0,11.15,S
2021-07-22T13:32:24,1000.0,11.15,S
2021-07-22T13:32:00,1000.0,11.15,S
2021-07-22T13:31:49,1700.0,11.2,S
2021-07-22T13:31:48,600.0,11.2,S
2021-07-22T13:31:43,400.0,11.2,S
2021-07-22T13:31:41,500.0,11.2,S
2021-07-22T13:31:41,4400.0,11.2,S
2021-07-22T13:31:41,200.0,11.2,S
2021-07-22T13:31:39,1000.0,11.2,S
2021-07-22T13:31:38,1000.0,11.2,S
2021-07-22T13:31:37,500.0,11.2,S
2021-07-22T13:31:34,5100.0,11.2,S
2021-07-22T13:31:34,2000.0,11.2,S
2021-07-22T13:31:33,2000.0,11.2,S
2021-07-22T13:31:30,1000.0,11.2,S
2021-07-22T13:31:28,4400.0,11.2,S
2021-07-22T13:31:27,500.0,11.2,S
2021-07-22T13:31:25,1000.0,11.2,S
2021-07-22T13:31:20,2200.0,11.2,S
2021-07-22T13:31:09,500.0,11.2,S
2021-07-22T13:31:08,500.0,11.2,S
2021-07-22T13:30:48,10000.0,11.2,S
2021-07-22T13:30:43,2600.0,11.2,S
2021-07-22T13:30:30,500.0,11.25,B
2021-07-22T13:30:28,100.0,11.2,S
2021-07-22T13:30:07,200.0,11.25,B
2021-07-22T13:29:43,200.0,11.25,B
2021-07-22T13:29:37,300.0,11.25,B
2021-07-22T13:29:17,300.0,11.25,B
2021-07-22T13:29:11,2000.0,11.25,B
2021-07-22T13:28:59,1800.0,11.25,B
2021-07-22T13:28:59,300.0,11.25,B
2021-07-22T13:28:22,100.0,11.25,B
2021-07-22T13:28:18,500.0,11.2,S
2021-07-22T13:27:44,300.0,11.25,B
2021-07-22T13:27:38,2000.0,11.2,S
2021-07-22T13:27:24,500.0,11.25,B
2021-07-22T13:27:15,200.0,11.25,B
2021-07-22T13:27:08,100.0,11.25,B
2021-07-22T13:27:06,500.0,11.2,S
2021-07-22T13:26:58,10000.0,11.2,S
2021-07-22T13:26:44,500.0,11.2,S
2021-07-22T13:26:38,100.0,11.2,S
2021-07-22T13:26:21,200.0,11.2,S
2021-07-22T13:26:17,100.0,11.25,B
2021-07-22T13:26:00,600.0,11.2,S
2021-07-22T13:25:58,5200.0,11.2,B
2021-07-22T13:25:58,10000.0,11.15,S
2021-07-22T13:25:50,10000.0,11.2,B
2021-07-22T13:25:48,20000.0,11.2,B
2021-07-22T13:25:44,4200.0,11.2,B
2021-07-22T13:25:44,100.0,11.2,B
2021-07-22T13:25:44,1700.0,11.2,B
2021-07-22T13:25:44,3500.0,11.2,B
2021-07-22T13:25:44,900.0,11.2,B
2021-07-22T13:25:44,800.0,11.2,B
2021-07-22T13:25:44,5100.0,11.2,B
2021-07-22T13:25:44,33700.0,11.2,B
2021-07-22T13:25:42,100.0,11.15,S
2021-07-22T13:25:31,59300.0,11.2,B
2021-07-22T13:25:31,2000.0,11.2,B
2021-07-22T13:25:31,10000.0,11.2,B
2021-07-22T13:25:31,7100.0,11.2,B
2021-07-22T13:25:31,700.0,11.2,B
2021-07-22T13:25:31,11100.0,11.2,B
2021-07-22T13:25:31,9800.0,11.2,B
2021-07-22T13:25:25,500.0,11.15,S
2021-07-22T13:25:15,200.0,11.15,S
2021-07-22T13:25:08,1000.0,11.15,S
2021-07-22T13:24:53,600.0,11.15,B
2021-07-22T13:24:38,10000.0,11.15,B
2021-07-22T13:24:38,1000.0,11.15,B
2021-07-22T13:24:35,11600.0,11.15,B
2021-07-22T13:24:24,1000.0,11.15,B
2021-07-22T13:24:05,500.0,11.15,B
2021-07-22T13:23:45,1000.0,11.15,B
2021-07-22T13:23:28,1200.0,11.15,B
2021-07-22T13:23:22,3500.0,11.15,B
2021-07-22T13:23:17,5300.0,11.15,S
2021-07-22T13:23:15,5600.0,11.15,S
2021-07-22T13:23:15,700.0,11.15,S
2021-07-22T13:23:15,3100.0,11.15,S
2021-07-22T13:23:15,100.0,11.15,S
2021-07-22T13:23:15,500.0,11.15,S
2021-07-22T13:23:15,100.0,11.15,S
2021-07-22T13:23:13,500.0,11.15,S
2021-07-22T13:23:12,3000.0,11.15,S
2021-07-22T13:23:12,6400.0,11.15,S
2021-07-22T13:23:12,100.0,11.15,S
2021-07-22T13:23:12,13500.0,11.15,S
2021-07-22T13:22:59,5000.0,11.15,S
2021-07-22T13:22:57,4200.0,11.15,S
2021-07-22T13:22:55,500.0,11.15,S
2021-07-22T13:22:48,400.0,11.15,S
2021-07-22T13:22:46,15000.0,11.15,S
2021-07-22T13:22:37,2000.0,11.15,S
2021-07-22T13:22:25,100.0,11.15,S
2021-07-22T13:22:23,800.0,11.15,S
2021-07-22T13:22:15,600.0,11.15,S
2021-07-22T13:22:07,1800.0,11.15,S
2021-07-22T13:22:06,1000.0,11.15,S
2021-07-22T13:22:05,700.0,11.15,S
2021-07-22T13:22:00,10000.0,11.15,S
2021-07-22T13:21:59,5000.0,11.15,S
2021-07-22T13:21:57,2000.0,11.15,S
2021-07-22T13:21:57,2200.0,11.15,S
2021-07-22T13:21:50,100.0,11.2,B
2021-07-22T13:21:50,1000.0,11.15,S
2021-07-22T13:21:46,200.0,11.15,S
2021-07-22T13:21:39,6000.0,11.15,S
2021-07-22T13:21:39,11300.0,11.15,S
2021-07-22T13:21:39,3700.0,11.15,S
2021-07-22T13:21:36,1000.0,11.15,S
2021-07-22T13:21:31,100.0,11.15,S
2021-07-22T13:21:26,1000.0,11.15,S
2021-07-22T13:20:54,500.0,11.15,S
2021-07-22T13:20:32,300.0,11.2,B
2021-07-22T13:20:29,4000.0,11.2,B
2021-07-22T13:20:27,2000.0,11.15,S
2021-07-22T13:20:07,1200.0,11.2,B
2021-07-22T13:20:00,1000.0,11.15,S
2021-07-22T13:19:49,500.0,11.2,B
2021-07-22T13:19:48,300.0,11.2,B
2021-07-22T13:19:44,2000.0,11.2,B
2021-07-22T13:19:37,200.0,11.2,B
2021-07-22T13:19:16,2000.0,11.2,B
2021-07-22T13:19:04,100.0,11.2,B
2021-07-22T13:18:57,100.0,11.2,B
2021-07-22T13:18:54,300.0,11.2,B
2021-07-22T13:18:54,200.0,11.2,B
2021-07-22T13:18:47,800.0,11.2,B
2021-07-22T13:18:47,1500.0,11.2,B
2021-07-22T13:18:47,2100.0,11.2,B
2021-07-22T13:18:47,5600.0,11.2,B
2021-07-22T13:18:43,1600.0,11.2,B
2021-07-22T13:18:15,1000.0,11.2,B
2021-07-22T13:18:08,5500.0,11.2,S
2021-07-22T13:18:04,200.0,11.2,S
2021-07-22T13:18:02,100.0,11.2,S
2021-07-22T13:18:01,600.0,11.2,S
2021-07-22T13:17:58,1600.0,11.2,S
2021-07-22T13:17:44,100.0,11.2,S
2021-07-22T13:17:44,100.0,11.2,S
2021-07-22T13:17:43,2000.0,11.2,S
2021-07-22T13:17:42,400.0,11.2,S
2021-07-22T13:17:42,1600.0,11.2,S
2021-07-22T13:17:38,500.0,11.2,S
2021-07-22T13:17:24,1800.0,11.2,S
2021-07-22T13:17:24,100.0,11.2,S
2021-07-22T13:17:22,200.0,11.2,S
2021-07-22T13:17:02,2000.0,11.2,S
2021-07-22T13:16:56,4800.0,11.2,S
2021-07-22T13:16:56,5500.0,11.2,S
2021-07-22T13:16:56,117000.0,11.2,S
2021-07-22T13:16:42,200.0,11.25,B
2021-07-22T13:16:17,100.0,11.25,B
2021-07-22T13:16:11,100.0,11.25,B
2021-07-22T13:16:06,100.0,11.2,S
2021-07-22T13:16:00,1500.0,11.2,S
2021-07-22T13:15:59,500.0,11.2,S
2021-07-22T13:15:55,500.0,11.2,S
2021-07-22T13:15:48,1000.0,11.2,S
2021-07-22T13:15:39,24300.0,11.2,S
2021-07-22T13:15:37,2100.0,11.2,B
2021-07-22T13:15:34,300.0,11.2,B
2021-07-22T13:15:30,500.0,11.2,B
2021-07-22T13:15:26,500.0,11.2,B
2021-07-22T13:15:23,2100.0,11.2,B
2021-07-22T13:15:21,50000.0,11.2,B
2021-07-22T13:15:12,100.0,11.2,B
2021-07-22T13:15:10,100.0,11.2,B
2021-07-22T13:15:01,39200.0,11.4,B
2021-07-22T13:15:01,3700.0,11.4,B
2021-07-22T13:15:01,38700.0,11.4,B
2021-07-22T13:15:01,21900.0,11.4,B
2021-07-22T13:15:01,1000.0,11.4,B
2021-07-22T13:15:01,12500.0,11.4,B
2021-07-22T13:15:01,45500.0,11.4,B
2021-07-22T13:15:01,11800.0,11.4,B
2021-07-22T13:15:01,500.0,11.4,B
2021-07-22T13:15:01,2600.0,11.4,B
2021-07-22T13:15:01,1000.0,11.4,B
2021-07-22T13:15:01,5100.0,11.4,B
2021-07-22T13:15:01,2000.0,11.4,B
2021-07-22T13:15:01,11600.0,11.4,B
2021-07-22T13:15:01,2400.0,11.4,B
2021-07-22T13:15:01,10400.0,11.4,B
2021-07-22T13:15:01,11100.0,11.4,B
2021-07-22T13:15:01,1100.0,11.35,B
2021-07-22T13:15:01,2100.0,11.35,B
2021-07-22T13:15:01,5200.0,11.35,B
2021-07-22T13:15:01,1600.0,11.35,B
2021-07-22T13:15:01,89100.0,11.35,B
2021-07-22T13:15:01,1000.0,11.35,B
2021-07-22T13:15:01,10000.0,11.35,B
2021-07-22T13:15:01,2800.0,11.35,B
2021-07-22T13:15:01,17000.0,11.35,B
2021-07-22T13:15:01,300.0,11.35,B
2021-07-22T13:15:01,900.0,11.35,B
2021-07-22T13:15:01,1300.0,11.35,B
2021-07-22T13:15:01,5000.0,11.35,B
2021-07-22T13:15:01,400.0,11.35,B
2021-07-22T13:15:01,3000.0,11.35,B
2021-07-22T13:15:01,30000.0,11.35,B
2021-07-22T13:15:01,1500.0,11.35,B
2021-07-22T13:15:01,4500.0,11.35,B
2021-07-22T13:15:01,9100.0,11.35,B
2021-07-22T13:15:00,36700.0,11.35,B
2021-07-22T13:15:00,33400.0,11.3,B
2021-07-22T13:15:00,400.0,11.3,B
2021-07-22T13:15:00,1600.0,11.3,B
2021-07-22T13:15:00,4100.0,11.3,B
2021-07-22T13:15:00,1100.0,11.3,B
2021-07-22T13:15:00,1000.0,11.3,B
2021-07-22T13:15:00,32900.0,11.3,B
2021-07-22T13:15:00,500.0,11.3,B
2021-07-22T13:15:00,3300.0,11.3,B
2021-07-22T13:15:00,31100.0,11.3,B
2021-07-22T13:15:00,1500.0,11.3,B
2021-07-22T13:15:00,16000.0,11.3,B
2021-07-22T13:15:00,67100.0,11.3,B
2021-07-22T13:15:00,1200.0,11.3,B
2021-07-22T13:15:00,600.0,11.3,B
2021-07-22T13:15:00,1500.0,11.3,B
2021-07-22T13:15:00,1400.0,11.3,B
2021-07-22T13:15:00,10100.0,11.3,B
2021-07-22T13:15:00,100.0,11.3,B
2021-07-22T13:15:00,4400.0,11.3,B
2021-07-22T13:15:00,2000.0,11.3,B
2021-07-22T13:15:00,30000.0,11.3,B
2021-07-22T13:15:00,2500.0,11.3,B
2021-07-22T13:15:00,16700.0,11.3,B
2021-07-22T13:15:00,400.0,11.3,B
2021-07-22T13:15:00,1000.0,11.3,B
2021-07-22T13:15:00,62500.0,11.3,B
2021-07-22T13:15:00,600.0,11.25,B
2021-07-22T13:15:00,10000.0,11.25,B
2021-07-22T13:15:00,2800.0,11.25,B
2021-07-22T13:15:00,15200.0,11.25,B
2021-07-22T13:15:00,1200.0,11.25,B
2021-07-22T13:15:00,200.0,11.25,B
2021-07-22T13:15:00,600.0,11.25,B
2021-07-22T13:15:00,2500.0,11.25,B
2021-07-22T13:15:00,500.0,11.25,B
2021-07-22T13:15:00,1100.0,11.25,B
2021-07-22T13:15:00,11000.0,11.25,B
2021-07-22T13:15:00,100500.0,11.25,B
2021-07-22T13:15:00,6600.0,11.25,B
2021-07-22T13:15:00,1800.0,11.25,B
2021-07-22T13:15:00,100.0,11.25,B
2021-07-22T13:15:00,3000.0,11.25,B
2021-07-22T13:15:00,7000.0,11.25,B
2021-07-22T13:15:00,2100.0,11.25,B
2021-07-22T13:15:00,700.0,11.25,B
2021-07-22T13:15:00,1000.0,11.25,B
2021-07-22T13:15:00,1300.0,11.25,B
2021-07-22T13:15:00,1000.0,11.25,B
2021-07-22T13:15:00,1300.0,11.25,B
2021-07-22T13:15:00,5300.0,11.25,B
2021-07-22T13:15:00,37600.0,11.2,B
2021-07-22T13:15:00,5600.0,11.2,B
2021-07-22T13:15:00,7400.0,11.2,B
2021-07-22T13:14:36,200.0,11.2,B
2021-07-22T13:14:27,500.0,11.15,S
2021-07-22T13:14:26,300.0,11.2,B
2021-07-22T13:14:24,1100.0,11.2,B
2021-07-22T13:14:16,9200.0,11.2,S
2021-07-22T13:14:16,500.0,11.2,S
2021-07-22T13:14:14,2000.0,11.2,S
2021-07-22T13:14:14,100.0,11.2,S
2021-07-22T13:14:12,400.0,11.2,S
2021-07-22T13:14:11,1600.0,11.25,B
2021-07-22T13:14:11,600.0,11.2,S
2021-07-22T13:14:06,100.0,11.2,S
2021-07-22T13:14:05,1000.0,11.2,S
2021-07-22T13:14:04,100.0,11.2,S
2021-07-22T13:14:04,4000.0,11.2,S
2021-07-22T13:14:00,200.0,11.2,S
2021-07-22T13:13:59,1000.0,11.2,S
2021-07-22T13:13:58,3000.0,11.2,S
2021-07-22T13:13:54,5000.0,11.2,S
2021-07-22T13:13:53,10000.0,11.2,S
2021-07-22T13:13:53,2000.0,11.2,S
2021-07-22T13:13:50,400.0,11.2,S
2021-07-22T13:13:48,2000.0,11.2,S
2021-07-22T13:13:46,200.0,11.2,S
2021-07-22T13:13:46,900.0,11.2,S
2021-07-22T13:13:43,500.0,11.2,S
2021-07-22T13:13:42,3000.0,11.2,S
2021-07-22T13:13:40,20100.0,11.2,B
2021-07-22T13:13:40,26300.0,11.2,B
2021-07-22T13:13:40,1000.0,11.2,B
2021-07-22T13:13:40,5000.0,11.2,B
2021-07-22T13:13:40,6800.0,11.2,B
2021-07-22T13:13:27,1600.0,11.2,B
2021-07-22T13:13:27,10000.0,11.2,B
2021-07-22T13:13:25,1000.0,11.2,B
2021-07-22T13:13:07,2100.0,11.2,S
2021-07-22T13:13:05,2000.0,11.2,S
2021-07-22T13:13:05,100.0,11.2,S
2021-07-22T13:13:02,1000.0,11.2,S
2021-07-22T13:13:01,100.0,11.2,S
2021-07-22T13:12:59,800.0,11.2,S
2021-07-22T13:12:58,5000.0,11.2,S
2021-07-22T13:12:58,10000.0,11.2,S
2021-07-22T13:12:57,5000.0,11.2,S
2021-07-22T13:12:57,1000.0,11.2,S
2021-07-22T13:12:56,1000.0,11.2,S
2021-07-22T13:12:55,23400.0,11.2,B
2021-07-22T13:12:50,2000.0,11.2,B
2021-07-22T13:12:42,8000.0,11.2,B
2021-07-22T13:12:42,2000.0,11.2,B
2021-07-22T13:12:37,5000.0,11.15,S
2021-07-22T13:12:35,500.0,11.2,S
2021-07-22T13:12:35,20000.0,11.2,S
2021-07-22T13:12:33,4500.0,11.2,S
2021-07-22T13:12:33,20000.0,11.2,S
2021-07-22T13:12:29,200.0,11.25,B
2021-07-22T13:12:29,100.0,11.25,B
2021-07-22T13:12:22,6100.0,11.2,S
2021-07-22T13:12:22,800.0,11.2,S
2021-07-22T13:12:20,2000.0,11.2,S
2021-07-22T13:12:18,20000.0,11.2,S
2021-07-22T13:12:17,10000.0,11.2,S
2021-07-22T13:12:17,300.0,11.25,B
2021-07-22T13:12:11,2000.0,11.2,S
2021-07-22T13:12:05,5000.0,11.2,S
2021-07-22T13:11:56,23100.0,11.2,S
2021-07-22T13:11:48,100.0,11.2,B
2021-07-22T13:11:41,2000.0,11.2,B
2021-07-22T13:11:33,1100.0,11.2,S
2021-07-22T13:11:27,800.0,11.2,S
2021-07-22T13:11:22,100.0,11.25,B
2021-07-22T13:11:20,200.0,11.2,S
2021-07-22T13:11:12,13500.0,11.2,S
2021-07-22T13:11:12,1900.0,11.2,S
2021-07-22T13:11:05,300.0,11.2,S
2021-07-22T13:11:03,100.0,11.2,S
2021-07-22T13:11:00,1500.0,11.2,S
2021-07-22T13:10:58,4000.0,11.2,S
2021-07-22T13:10:54,300.0,11.2,S
2021-07-22T13:10:47,500.0,11.2,S
2021-07-22T13:10:38,200.0,11.2,S
2021-07-22T13:10:33,25000.0,11.2,S
2021-07-22T13:10:31,500.0,11.3,B
2021-07-22T13:10:28,7600.0,11.2,S
2021-07-22T13:10:28,2400.0,11.2,S
2021-07-22T13:10:28,2800.0,11.3,B
2021-07-22T13:10:28,300.0,11.3,B
2021-07-22T13:10:18,2000.0,11.2,S
2021-07-22T13:10:14,5000.0,11.2,S
2021-07-22T13:10:12,1000.0,11.3,B
2021-07-22T13:10:07,1000.0,11.2,S
2021-07-22T13:10:03,20000.0,11.2,S
2021-07-22T13:10:02,1000.0,11.3,B
2021-07-22T13:09:42,2600.0,11.3,B
2021-07-22T13:09:33,300.0,11.2,S
2021-07-22T13:09:33,700.0,11.2,S
2021-07-22T13:09:32,200.0,11.3,B
2021-07-22T13:09:30,2000.0,11.3,B
2021-07-22T13:09:29,100.0,11.3,B
2021-07-22T13:09:29,700.0,11.3,S
2021-07-22T13:09:27,200.0,11.3,S
2021-07-22T13:09:27,10000.0,11.3,S
2021-07-22T13:09:24,10000.0,11.3,S
2021-07-22T13:09:23,1000.0,11.3,S
2021-07-22T13:09:22,1000.0,11.3,S
2021-07-22T13:09:20,3000.0,11.3,S
2021-07-22T13:09:20,1000.0,11.3,S
2021-07-22T13:09:18,1000.0,11.3,S
2021-07-22T13:09:16,1000.0,11.3,S
2021-07-22T13:09:13,1000.0,11.3,S
2021-07-22T13:09:13,100.0,11.3,S
2021-07-22T13:09:11,200.0,11.3,S
2021-07-22T13:09:11,200.0,11.3,S
2021-07-22T13:09:11,113000.0,11.3,S
2021-07-22T13:09:00,100.0,11.3,S
2021-07-22T13:08:59,1000.0,11.3,S
2021-07-22T13:08:57,11000.0,11.3,B
2021-07-22T13:08:57,1600.0,11.3,B
2021-07-22T13:08:57,300.0,11.3,B
2021-07-22T13:08:57,500.0,11.3,B
2021-07-22T13:08:57,22800.0,11.3,B
2021-07-22T13:08:57,1300.0,11.3,B
2021-07-22T13:08:57,11000.0,11.3,B
2021-07-22T13:08:57,100.0,11.3,B
2021-07-22T13:08:57,18500.0,11.3,B
2021-07-22T13:08:57,500.0,11.3,B
2021-07-22T13:08:57,38900.0,11.3,B
2021-07-22T13:08:57,3500.0,11.3,B
2021-07-22T13:08:57,16700.0,11.3,B
2021-07-22T13:08:57,10900.0,11.3,B
2021-07-22T13:08:57,7100.0,11.3,B
2021-07-22T13:08:57,1100.0,11.3,B
2021-07-22T13:08:57,5100.0,11.3,B
2021-07-22T13:08:57,1300.0,11.3,B
2021-07-22T13:08:57,1500.0,11.3,B
2021-07-22T13:08:57,2200.0,11.3,B
2021-07-22T13:08:57,600.0,11.3,B
2021-07-22T13:08:57,1100.0,11.3,B
2021-07-22T13:08:57,2100.0,11.3,B
2021-07-22T13:08:57,1700.0,11.3,B
2021-07-22T13:08:57,500.0,11.3,B
2021-07-22T13:08:57,5700.0,11.3,B
2021-07-22T13:08:57,66100.0,11.3,B
2021-07-22T13:08:57,200.0,11.3,B
2021-07-22T13:08:57,11000.0,11.3,B
2021-07-22T13:08:57,7000.0,11.3,B
2021-07-22T13:08:57,2000.0,11.3,B
2021-07-22T13:08:57,32300.0,11.3,B
2021-07-22T13:08:57,400.0,11.3,B
2021-07-22T13:08:57,19700.0,11.3,B
2021-07-22T13:08:57,1000.0,11.3,B
2021-07-22T13:08:57,500.0,11.3,B
2021-07-22T13:08:57,3100.0,11.3,B
2021-07-22T13:08:57,3100.0,11.3,B
2021-07-22T13:08:57,2800.0,11.3,B
2021-07-22T13:08:57,4600.0,11.3,B
2021-07-22T13:08:57,200.0,11.3,B
2021-07-22T13:08:57,500.0,11.3,B
2021-07-22T13:08:57,6400.0,11.3,B
2021-07-22T13:08:57,7400.0,11.3,B
2021-07-22T13:08:57,1000.0,11.3,B
2021-07-22T13:08:57,1000.0,11.3,B
2021-07-22T13:08:57,10000.0,11.3,B
2021-07-22T13:08:57,2300.0,11.3,B
2021-07-22T13:08:57,13100.0,11.3,B
2021-07-22T13:08:57,200.0,11.3,B
2021-07-22T13:08:57,10900.0,11.3,B
2021-07-22T13:08:57,1200.0,11.3,B
2021-07-22T13:08:57,15300.0,11.3,B
2021-07-22T13:08:57,600.0,11.3,B
2021-07-22T13:08:57,8600.0,11.3,B
2021-07-22T13:08:57,1400.0,11.3,B
2021-07-22T13:08:57,500.0,11.3,B
2021-07-22T13:08:57,4600.0,11.3,B
2021-07-22T13:08:57,65800.0,11.25,B
2021-07-22T13:08:57,156500.0,11.25,B
2021-07-22T13:08:57,1700.0,11.2,B
2021-07-22T13:08:57,2000.0,11.2,B
2021-07-22T13:08:57,9000.0,11.2,B
2021-07-22T13:08:57,2300.0,11.2,B
2021-07-22T13:08:57,500.0,11.2,B
2021-07-22T13:08:57,3000.0,11.2,B
2021-07-22T13:08:57,8500.0,11.2,B
2021-07-22T13:08:51,400.0,11.2,B
2021-07-22T13:08:42,200.0,11.2,B
2021-07-22T13:08:30,700.0,11.2,B
2021-07-22T13:08:17,100.0,11.2,B
2021-07-22T13:08:17,3100.0,11.2,B
2021-07-22T13:08:17,1200.0,11.2,B
2021-07-22T13:08:17,2700.0,11.2,B
2021-07-22T13:08:17,80500.0,11.2,B
2021-07-22T13:08:17,12400.0,11.15,B
2021-07-22T13:08:14,1000.0,11.15,B
2021-07-22T13:08:13,1600.0,11.1,S
2021-07-22T13:08:13,400.0,11.1,S
2021-07-22T13:07:50,100.0,11.1,S
2021-07-22T13:07:48,300.0,11.15,B
2021-07-22T13:07:37,100.0,11.1,S
2021-07-22T13:07:34,100.0,11.15,B
2021-07-22T13:07:23,500.0,11.1,S
2021-07-22T13:07:17,700.0,11.15,B
2021-07-22T13:07:15,1000.0,11.15,B
2021-07-22T13:07:09,600.0,11.1,S
2021-07-22T13:07:06,5000.0,11.15,B
2021-07-22T13:06:41,2900.0,11.1,S
2021-07-22T13:06:41,4100.0,11.15,S
2021-07-22T13:06:41,1000.0,11.15,S
2021-07-22T13:06:41,7000.0,11.15,S
2021-07-22T13:06:39,1000.0,11.2,B
2021-07-22T13:06:38,50000.0,11.15,S
2021-07-22T13:06:30,21500.0,11.2,S
2021-07-22T13:06:24,200.0,11.25,S
2021-07-22T13:06:24,57500.0,11.25,S
2021-07-22T13:06:24,3000.0,11.25,S
2021-07-22T13:06:21,100.0,11.25,S
2021-07-22T13:06:20,5000.0,11.25,S
2021-07-22T13:06:13,100.0,11.25,S
2021-07-22T13:06:08,500.0,11.25,S
2021-07-22T13:06:04,10000.0,11.25,S
2021-07-22T13:06:00,400.0,11.25,S
2021-07-22T13:05:58,5400.0,11.3,B
2021-07-22T13:05:58,9600.0,11.3,B
2021-07-22T13:05:55,7000.0,11.25,S
2021-07-22T13:05:55,5000.0,11.25,S
2021-07-22T13:05:48,10000.0,11.25,S
2021-07-22T13:05:47,2000.0,11.3,B
2021-07-22T13:05:46,1000.0,11.25,S
2021-07-22T13:05:44,100.0,11.25,S
2021-07-22T13:05:43,1000.0,11.25,S
2021-07-22T13:05:33,3300.0,11.25,S
2021-07-22T13:05:31,600.0,11.25,S
2021-07-22T13:05:23,1000.0,11.25,S
2021-07-22T13:05:14,500.0,11.25,S
2021-07-22T13:05:13,200.0,11.25,S
2021-07-22T13:05:10,10000.0,11.25,S
2021-07-22T13:05:04,200.0,11.25,S
2021-07-22T13:05:04,20000.0,11.3,B
2021-07-22T13:05:04,6100.0,11.3,B
2021-07-22T13:05:04,10000.0,11.3,B
2021-07-22T13:05:04,23900.0,11.3,B
2021-07-22T13:05:00,100.0,11.25,S
2021-07-22T13:04:57,4000.0,11.25,B
2021-07-22T13:04:57,1500.0,11.25,B
2021-07-22T13:04:57,1500.0,11.25,B
2021-07-22T13:04:57,52000.0,11.25,B
2021-07-22T13:04:57,1100.0,11.25,B
2021-07-22T13:04:57,1100.0,11.25,B
2021-07-22T13:04:57,9000.0,11.25,B
2021-07-22T13:04:57,19600.0,11.25,B
2021-07-22T13:04:57,700.0,11.2,S
2021-07-22T13:04:52,10000.0,11.2,S
2021-07-22T13:04:48,1000.0,11.2,S
2021-07-22T13:04:47,1000.0,11.2,S
2021-07-22T13:04:46,100.0,11.25,B
2021-07-22T13:04:46,500.0,11.2,S
2021-07-22T13:04:37,1000.0,11.2,S
2021-07-22T13:04:37,100.0,11.2,S
2021-07-22T13:04:31,5900.0,11.2,S
2021-07-22T13:04:28,2000.0,11.2,S
2021-07-22T13:04:28,3000.0,11.25,B
2021-07-22T13:04:28,100.0,11.25,B
2021-07-22T13:04:25,2000.0,11.25,B
2021-07-22T13:04:19,5000.0,11.25,B
2021-07-22T13:04:19,3000.0,11.25,B
2021-07-22T13:04:19,500.0,11.25,B
2021-07-22T13:04:18,500.0,11.25,B
2021-07-22T13:04:18,1000.0,11.25,B
2021-07-22T13:04:14,100.0,11.25,B
2021-07-22T13:04:08,100.0,11.2,S
2021-07-22T13:04:02,900.0,11.25,B
2021-07-22T13:04:01,5900.0,11.25,B
2021-07-22T13:04:01,1100.0,11.25,B
2021-07-22T13:03:58,500.0,11.25,B
2021-07-22T13:03:52,3800.0,11.25,B
2021-07-22T13:03:52,16200.0,11.25,B
2021-07-22T13:03:52,1000.0,11.2,S
2021-07-22T13:03:48,3000.0,11.2,S
2021-07-22T13:03:48,6700.0,11.25,B
2021-07-22T13:03:47,500.0,11.2,S
2021-07-22T13:03:46,500.0,11.2,S
2021-07-22T13:03:44,300.0,11.25,B
2021-07-22T13:03:38,9000.0,11.2,S
2021-07-22T13:03:38,1000.0,11.2,S
2021-07-22T13:03:38,100.0,11.25,B
2021-07-22T13:03:38,37900.0,11.2,S
2021-07-22T13:03:38,700.0,11.25,B
2021-07-22T13:03:38,1000.0,11.25,B
2021-07-22T13:03:37,21400.0,11.25,B
2021-07-22T13:03:29,5200.0,11.25,B
2021-07-22T13:03:14,5100.0,11.25,B
2021-07-22T13:03:14,3900.0,11.25,B
2021-07-22T13:03:14,2000.0,11.2,S
2021-07-22T13:03:12,100.0,11.25,B
2021-07-22T13:03:09,1000.0,11.2,S
2021-07-22T13:03:06,400.0,11.2,S
2021-07-22T13:03:04,100.0,11.2,S
2021-07-22T13:03:03,5400.0,11.2,S
2021-07-22T13:03:03,4600.0,11.2,B
2021-07-22T13:03:03,300.0,11.2,B
2021-07-22T13:03:03,2100.0,11.2,B
2021-07-22T13:03:03,3600.0,11.2,B
2021-07-22T13:03:03,200.0,11.2,B
2021-07-22T13:03:03,1200.0,11.2,B
2021-07-22T13:03:03,3100.0,11.2,B
2021-07-22T13:03:03,1600.0,11.2,B
2021-07-22T13:03:03,2000.0,11.2,B
2021-07-22T13:03:03,6300.0,11.2,B
2021-07-22T13:03:03,1000.0,11.2,B
2021-07-22T13:03:03,2100.0,11.2,B
2021-07-22T13:03:03,10600.0,11.2,B
2021-07-22T13:03:03,2600.0,11.2,B
2021-07-22T13:03:03,11400.0,11.2,B
2021-07-22T13:03:03,7400.0,11.2,B
2021-07-22T13:03:03,100.0,11.2,B
2021-07-22T13:03:03,1000.0,11.2,B
2021-07-22T13:03:03,6100.0,11.2,B
2021-07-22T13:03:03,11500.0,11.2,B
2021-07-22T13:03:03,100.0,11.2,B
2021-07-22T13:03:03,4400.0,11.2,B
2021-07-22T13:03:03,41600.0,11.2,B
2021-07-22T13:03:03,1500.0,11.2,B
2021-07-22T13:03:03,133900.0,11.2,B
2021-07-22T13:03:03,2000.0,11.2,B
2021-07-22T13:03:03,1900.0,11.2,B
2021-07-22T13:03:03,400.0,11.2,B
2021-07-22T13:03:03,5000.0,11.2,B
2021-07-22T13:03:03,7100.0,11.2,B
2021-07-22T13:03:03,7700.0,11.2,B
2021-07-22T13:03:00,100.0,11.2,B
2021-07-22T13:02:54,2000.0,11.2,B
2021-07-22T13:02:53,3000.0,11.2,B
2021-07-22T13:02:49,500.0,11.2,B
2021-07-22T13:02:49,700.0,11.2,B
2021-07-22T13:02:49,1900.0,11.2,B
2021-07-22T13:02:49,1000.0,11.2,B
2021-07-22T13:02:49,500.0,11.2,B
2021-07-22T13:02:49,23200.0,11.2,B
2021-07-22T13:02:49,200.0,11.2,B
2021-07-22T13:02:49,500.0,11.2,B
2021-07-22T13:02:49,20200.0,11.2,B
2021-07-22T13:02:49,5400.0,11.2,B
2021-07-22T13:02:49,50000.0,11.2,B
2021-07-22T13:02:49,2100.0,11.2,B
2021-07-22T13:02:49,2000.0,11.2,B
2021-07-22T13:02:49,2100.0,11.2,B
2021-07-22T13:02:49,2500.0,11.2,B
2021-07-22T13:02:49,30100.0,11.2,B
2021-07-22T13:02:49,1600.0,11.2,B
2021-07-22T13:02:49,700.0,11.2,B
2021-07-22T13:02:49,400.0,11.2,B
2021-07-22T13:02:49,300.0,11.2,B
2021-07-22T13:02:49,100.0,11.2,B
2021-07-22T13:02:49,7300.0,11.2,B
2021-07-22T13:02:49,1000.0,11.2,B
2021-07-22T13:02:49,13800.0,11.2,B
2021-07-22T13:02:49,6000.0,11.2,B
2021-07-22T13:02:49,600.0,11.2,B
2021-07-22T13:02:49,5700.0,11.2,B
2021-07-22T13:02:49,17500.0,11.2,B
2021-07-22T13:02:49,200.0,11.2,B
2021-07-22T13:02:49,50300.0,11.2,B
2021-07-22T13:02:49,2300.0,11.2,B
2021-07-22T13:02:49,400.0,11.2,B
2021-07-22T13:02:49,8100.0,11.2,B
2021-07-22T13:02:49,300.0,11.2,B
2021-07-22T13:02:49,400.0,11.2,B
2021-07-22T13:02:49,2000.0,11.2,B
2021-07-22T13:02:49,1100.0,11.2,B
2021-07-22T13:02:49,2000.0,11.2,B
2021-07-22T13:02:49,3000.0,11.2,B
2021-07-22T13:02:49,27300.0,11.2,B
2021-07-22T13:02:49,9000.0,11.2,B
2021-07-22T13:02:49,50600.0,11.2,B
2021-07-22T13:02:49,18700.0,11.2,B
2021-07-22T13:02:49,100.0,11.2,B
2021-07-22T13:02:49,26800.0,11.2,B
2021-07-22T13:02:47,2000.0,11.2,B
2021-07-22T13:02:47,3000.0,11.2,B
2021-07-22T13:02:42,500.0,11.2,B
2021-07-22T13:02:42,100.0,11.15,S
2021-07-22T13:02:41,200.0,11.2,B
2021-07-22T13:02:34,10000.0,11.2,B
2021-07-22T13:02:27,20000.0,11.2,B
2021-07-22T13:02:23,1000.0,11.2,B
2021-07-22T13:02:23,500.0,11.15,B
2021-07-22T13:02:23,4000.0,11.15,B
2021-07-22T13:02:23,11100.0,11.15,B
2021-07-22T13:02:23,33400.0,11.15,B
2021-07-22T13:02:23,10000.0,11.15,B
2021-07-22T13:02:18,700.0,11.15,B
2021-07-22T13:02:15,2000.0,11.15,B
2021-07-22T13:02:15,5000.0,11.15,B
2021-07-22T13:02:14,2000.0,11.15,B
2021-07-22T13:02:10,1300.0,11.15,B
2021-07-22T13:02:10,48700.0,11.15,B
2021-07-22T13:02:09,3000.0,11.15,B
2021-07-22T13:02:07,9900.0,11.15,B
2021-07-22T13:02:02,5000.0,11.15,B
2021-07-22T13:01:55,2900.0,11.15,B
2021-07-22T13:01:55,3000.0,11.15,B
2021-07-22T13:01:49,100.0,11.15,B
2021-07-22T13:01:45,2100.0,11.1,S
2021-07-22T13:01:45,1500.0,11.1,S
2021-07-22T13:01:43,1400.0,11.1,S
2021-07-22T13:01:43,500.0,11.1,S
2021-07-22T13:01:37,1000.0,11.15,B
2021-07-22T13:01:33,1000.0,11.1,S
2021-07-22T13:01:32,5000.0,11.1,S
2021-07-22T13:01:31,9400.0,11.15,B
2021-07-22T13:01:30,5000.0,11.15,B
2021-07-22T13:01:28,100.0,11.1,S
2021-07-22T13:01:27,100.0,11.15,B
2021-07-22T13:01:18,7200.0,11.15,B
2021-07-22T13:00:56,17000.0,11.15,B
2021-07-22T13:00:52,5000.0,11.1,S
2021-07-22T13:00:46,5600.0,11.1,S
2021-07-22T13:00:46,2800.0,11.1,S
2021-07-22T13:00:46,500.0,11.1,S
2021-07-22T13:00:46,1100.0,11.1,S
2021-07-22T13:00:44,400.0,11.1,S
2021-07-22T13:00:39,300.0,11.1,S
2021-07-22T13:00:37,100.0,11.1,S
2021-07-22T13:00:36,200.0,11.1,S
2021-07-22T13:00:33,2000.0,11.1,S
2021-07-22T13:00:27,2000.0,11.1,S
2021-07-22T13:00:22,500.0,11.1,S
2021-07-22T13:00:22,100.0,11.15,B
2021-07-22T13:00:22,200.0,11.15,B
2021-07-22T13:00:20,1000.0,11.1,S
2021-07-22T13:00:18,1000.0,11.15,B
2021-07-22T13:00:15,1700.0,11.1,S
2021-07-22T13:00:14,100.0,11.15,B
2021-07-22T13:00:13,200.0,11.1,S
2021-07-22T13:00:13,200.0,11.1,S
2021-07-22T13:00:12,1200.0,11.05,S
2021-07-22T13:00:12,2600.0,11.05,S
2021-07-22T13:00:12,500.0,11.05,S
2021-07-22T13:00:12,3700.0,11.05,S
2021-07-22T13:00:12,6700.0,11.1,S
2021-07-22T13:00:12,2000.0,11.1,S
2021-07-22T13:00:12,2000.0,11.1,S
2021-07-22T13:00:12,100.0,11.1,S
2021-07-22T13:00:12,1200.0,11.1,S
2021-07-22T13:00:12,100.0,11.1,B
2021-07-22T13:00:12,3900.0,11.1,B
2021-07-22T13:00:12,300.0,11.05,S
2021-07-22T13:00:10,2400.0,11.15,B
2021-07-22T13:00:10,1000.0,11.15,B
2021-07-22T13:00:10,1600.0,11.15,B
2021-07-22T13:00:10,500.0,11.15,B
2021-07-22T13:00:10,2000.0,11.15,B
2021-07-22T13:00:10,100.0,11.15,B
2021-07-22T13:00:10,2500.0,11.15,B
2021-07-22T13:00:10,1500.0,11.15,B
2021-07-22T13:00:10,1000.0,11.15,B
2021-07-22T13:00:10,500.0,11.15,B
2021-07-22T13:00:09,4000.0,11.15,B
2021-07-22T13:00:09,1000.0,11.15,B
2021-07-22T13:00:09,31900.0,11.15,B
2021-07-22T13:00:09,1000.0,11.1,S
2021-07-22T13:00:09,6600.0,11.15,B
2021-07-22T13:00:09,200.0,11.1,B
2021-07-22T13:00:09,200.0,11.1,B
2021-07-22T13:00:09,900.0,11.1,B
2021-07-22T13:00:09,100.0,11.1,B
2021-07-22T13:00:09,300.0,11.05,S
2021-07-22T13:00:09,200.0,11.05,S
2021-07-22T13:00:09,1200.0,11.1,B
2021-07-22T13:00:09,1300.0,11.05,S
2021-07-22T13:00:09,1000.0,11.05,S
2021-07-22T13:00:09,20000.0,11.15,B
2021-07-22T13:00:08,3000.0,11.1,B
2021-07-22T13:00:08,500.0,11.05,S
2021-07-22T13:00:08,3800.0,11.05,S
2021-07-22T13:00:08,500.0,11.1,S
2021-07-22T13:00:08,1000.0,11.1,B
2021-07-22T13:00:08,600.0,11.1,B
2021-07-22T13:00:08,1000.0,11.05,S
2021-07-22T13:00:04,100.0,11.1,B
2021-07-22T11:29:51,8000.0,11.05,S
2021-07-22T11:29:43,1000.0,11.1,B
2021-07-22T11:29:37,200.0,11.05,S
2021-07-22T11:29:37,100.0,11.05,S
2021-07-22T11:29:37,1000.0,11.05,S
2021-07-22T11:29:34,100.0,11.05,S
2021-07-22T11:29:32,11200.0,11.15,B
2021-07-22T11:29:32,2700.0,11.15,B
2021-07-22T11:29:32,4300.0,11.15,B
2021-07-22T11:29:32,2200.0,11.15,B
2021-07-22T11:29:32,40000.0,11.15,B
2021-07-22T11:29:32,10000.0,11.15,B
2021-07-22T11:29:32,6000.0,11.15,B
2021-07-22T11:29:32,5000.0,11.15,B
2021-07-22T11:29:32,17300.0,11.15,B
2021-07-22T11:29:32,6000.0,11.1,B
2021-07-22T11:29:32,10600.0,11.1,B
2021-07-22T11:29:32,3500.0,11.1,B
2021-07-22T11:29:32,2000.0,11.1,B
2021-07-22T11:29:32,5300.0,11.1,B
2021-07-22T11:29:32,25700.0,11.1,B
2021-07-22T11:29:32,10000.0,11.1,B
2021-07-22T11:29:32,10100.0,11.1,B
2021-07-22T11:29:32,1300.0,11.1,B
2021-07-22T11:29:32,6600.0,11.1,B
2021-07-22T11:29:32,3100.0,11.1,B
2021-07-22T11:29:32,13100.0,11.1,B
2021-07-22T11:29:32,300.0,11.1,B
2021-07-22T11:29:32,3300.0,11.1,B
2021-07-22T11:29:32,200.0,11.1,B
2021-07-22T11:29:32,2000.0,11.1,B
2021-07-22T11:29:32,11000.0,11.1,B
2021-07-22T11:29:32,5700.0,11.1,B
2021-07-22T11:29:32,300.0,11.1,B
2021-07-22T11:29:32,300.0,11.1,B
2021-07-22T11:29:32,200.0,11.1,B
2021-07-22T11:29:32,56000.0,11.1,B
2021-07-22T11:29:32,24700.0,11.1,B
2021-07-22T11:29:32,200.0,11.1,B
2021-07-22T11:29:30,9800.0,11.05,S
2021-07-22T11:29:30,200.0,11.05,S
2021-07-22T11:29:30,20200.0,11.05,S
2021-07-22T11:29:28,100.0,11.05,S
2021-07-22T11:29:26,100.0,11.05,S
2021-07-22T11:29:23,400.0,11.05,S
2021-07-22T11:29:18,500.0,11.05,B
2021-07-22T11:29:18,10000.0,11.05,B
2021-07-22T11:29:18,100.0,11.05,B
2021-07-22T11:29:18,5300.0,11.05,B
2021-07-22T11:29:18,600.0,11.05,B
2021-07-22T11:29:18,3000.0,11.05,B
2021-07-22T11:29:17,100.0,11.05,B
2021-07-22T11:29:17,5500.0,11.05,B
2021-07-22T11:29:14,3800.0,11.05,B
2021-07-22T11:29:14,3000.0,11.05,B
2021-07-22T11:29:11,1000.0,11.05,B
2021-07-22T11:29:11,2000.0,11.05,B
2021-07-22T11:29:09,10000.0,11.05,B
2021-07-22T11:29:08,100.0,11.05,B
2021-07-22T11:29:08,24200.0,11.05,B
2021-07-22T11:29:08,5000.0,11.05,B
2021-07-22T11:29:08,2000.0,11.05,B
2021-07-22T11:29:08,800.0,11.05,B
2021-07-22T11:29:08,15000.0,11.05,B
2021-07-22T11:29:08,900.0,11.05,B
2021-07-22T11:29:05,2000.0,11.05,B
2021-07-22T11:29:05,100.0,11.05,B
2021-07-22T11:29:05,100.0,11.05,B
2021-07-22T11:29:04,700.0,11.05,B
2021-07-22T11:29:04,1000.0,11.05,B
2021-07-22T11:29:00,1300.0,11.05,B
2021-07-22T11:29:00,700.0,11.05,B
2021-07-22T11:29:00,2200.0,11.05,B
2021-07-22T11:28:57,2000.0,11.05,B
2021-07-22T11:28:56,1000.0,11.05,B
2021-07-22T11:28:54,8000.0,11.05,B
2021-07-22T11:28:52,1000.0,11.05,B
2021-07-22T11:28:51,2000.0,11.05,B
2021-07-22T11:28:51,5000.0,11.05,B
2021-07-22T11:28:47,4000.0,11.05,B
2021-07-22T11:28:45,5000.0,11.05,B
2021-07-22T11:28:44,1000.0,11.05,B
2021-07-22T11:28:44,9000.0,11.05,B
2021-07-22T11:28:43,20000.0,11.05,B
2021-07-22T11:28:42,1000.0,11.05,B
2021-07-22T11:28:41,1200.0,11.05,B
2021-07-22T11:28:36,2000.0,11.05,B
2021-07-22T11:28:36,50000.0,11.05,B
2021-07-22T11:28:36,3000.0,11.05,B
2021-07-22T11:28:34,4600.0,11.05,B
2021-07-22T11:28:34,400.0,11.05,B
2021-07-22T11:28:34,700.0,11.0,S
2021-07-22T11:28:33,600.0,11.05,B
2021-07-22T11:28:32,1000.0,11.0,S
2021-07-22T11:28:29,2000.0,11.05,B
2021-07-22T11:28:29,2000.0,11.0,S
2021-07-22T11:28:25,100.0,11.05,B
2021-07-22T11:28:25,600.0,11.05,B
2021-07-22T11:28:25,4400.0,11.05,B
2021-07-22T11:28:25,1000.0,11.05,B
2021-07-22T11:28:23,1000.0,11.0,S
2021-07-22T11:28:22,4500.0,11.05,B
2021-07-22T11:28:19,500.0,11.0,S
2021-07-22T11:28:18,1000.0,11.05,B
2021-07-22T11:28:14,800.0,11.05,B
2021-07-22T11:28:14,50000.0,11.0,S
2021-07-22T11:28:10,1000.0,11.0,S
2021-07-22T11:28:06,8000.0,11.0,S
2021-07-22T11:27:58,9500.0,11.05,B
2021-07-22T11:27:58,500.0,11.05,B
2021-07-22T11:27:58,20000.0,11.0,S
2021-07-22T11:27:57,300.0,11.0,S
2021-07-22T11:27:56,2000.0,11.0,S
2021-07-22T11:27:53,100.0,11.05,B
2021-07-22T11:27:52,10300.0,11.0,S
2021-07-22T11:27:52,2000.0,11.0,S
2021-07-22T11:27:48,600.0,11.0,S
2021-07-22T11:27:47,20000.0,11.0,S
2021-07-22T11:27:45,3000.0,11.05,B
2021-07-22T11:27:42,200.0,11.0,S
2021-07-22T11:27:41,20000.0,11.0,S
2021-07-22T11:27:39,1800.0,11.05,B
2021-07-22T11:27:39,3000.0,11.0,S
2021-07-22T11:27:37,2400.0,11.05,B
2021-07-22T11:27:35,1000.0,11.05,B
2021-07-22T11:27:35,1000.0,11.05,B
2021-07-22T11:27:35,200.0,11.0,S
2021-07-22T11:27:34,100.0,11.0,S
2021-07-22T11:27:32,1500.0,11.0,S
2021-07-22T11:27:30,2000.0,11.0,S
2021-07-22T11:27:25,1000.0,11.0,S
2021-07-22T11:27:25,500.0,11.05,B
2021-07-22T11:27:23,3000.0,11.05,B
2021-07-22T11:27:22,200.0,11.05,B
2021-07-22T11:27:17,1000.0,11.05,B
2021-07-22T11:27:16,200.0,11.0,S
2021-07-22T11:27:12,10000.0,11.05,B
2021-07-22T11:27:10,1500.0,11.05,B
2021-07-22T11:27:09,3000.0,11.05,B
2021-07-22T11:27:07,100.0,11.05,B
2021-07-22T11:27:06,500.0,11.0,S
2021-07-22T11:27:04,500.0,11.05,B
2021-07-22T11:27:02,200.0,11.05,B
2021-07-22T11:27:02,1900.0,11.05,B
2021-07-22T11:26:57,100.0,11.05,B
2021-07-22T11:26:56,1000.0,11.0,S
2021-07-22T11:26:54,500.0,11.0,S
2021-07-22T11:26:52,1000.0,11.0,S
2021-07-22T11:26:52,1800.0,11.05,B
2021-07-22T11:26:51,100.0,11.05,B
2021-07-22T11:26:49,5000.0,11.05,B
2021-07-22T11:26:49,500.0,11.05,B
2021-07-22T11:26:47,100.0,11.05,B
2021-07-22T11:26:44,1000.0,11.05,B
2021-07-22T11:26:44,17200.0,11.05,B
2021-07-22T11:26:43,5000.0,11.05,B
2021-07-22T11:26:41,400.0,11.05,B
2021-07-22T11:26:41,300.0,11.0,S
2021-07-22T11:26:38,5000.0,11.0,S
2021-07-22T11:26:38,1000.0,11.05,B
2021-07-22T11:26:38,200.0,11.05,B
2021-07-22T11:26:36,1000.0,11.0,S
2021-07-22T11:26:36,5000.0,11.05,B
2021-07-22T11:26:27,300.0,11.05,B
2021-07-22T11:26:26,1000.0,11.05,B
2021-07-22T11:26:22,500.0,11.05,B
2021-07-22T11:26:21,500.0,11.0,S
2021-07-22T11:26:20,100.0,11.0,S
2021-07-22T11:26:18,10000.0,11.05,B
2021-07-22T11:26:12,500.0,11.05,B
2021-07-22T11:26:12,1100.0,11.0,S
2021-07-22T11:26:09,2000.0,11.0,S
2021-07-22T11:26:06,1400.0,11.05,B
2021-07-22T11:26:04,100.0,11.05,B
2021-07-22T11:26:02,200.0,11.05,B
2021-07-22T11:26:00,10000.0,11.05,B
2021-07-22T11:25:57,1000.0,11.05,B
2021-07-22T11:25:55,1000.0,11.05,B
2021-07-22T11:25:51,2000.0,11.1,B
2021-07-22T11:25:50,100.0,11.05,B
2021-07-22T11:25:50,500.0,11.05,B
2021-07-22T11:25:49,400.0,11.05,B
2021-07-22T11:25:47,400.0,11.05,B
2021-07-22T11:25:47,500.0,11.05,B
2021-07-22T11:25:45,100.0,11.0,S
2021-07-22T11:25:43,2000.0,11.05,B
2021-07-22T11:25:38,100.0,11.05,B
2021-07-22T11:25:34,600.0,11.05,B
2021-07-22T11:25:32,200.0,11.05,B
2021-07-22T11:25:32,19600.0,11.05,S
2021-07-22T11:25:32,7800.0,11.05,S
2021-07-22T11:25:32,20300.0,11.05,S
2021-07-22T11:25:32,200.0,11.1,B
2021-07-22T11:25:31,100.0,11.1,B
2021-07-22T11:25:27,1000.0,11.05,S
2021-07-22T11:25:25,2500.0,11.1,B
2021-07-22T11:25:25,10000.0,11.05,S
2021-07-22T11:25:22,40000.0,11.1,B
2021-07-22T11:25:21,2000.0,11.05,S
2021-07-22T11:25:13,1000.0,11.05,S
2021-07-22T11:25:12,1000.0,11.05,S
2021-07-22T11:25:11,300.0,11.1,B
2021-07-22T11:25:10,2000.0,11.1,B
2021-07-22T11:25:06,1000.0,11.05,S
2021-07-22T11:25:06,6900.0,11.1,B
2021-07-22T11:25:02,10000.0,11.1,B
2021-07-22T11:25:02,500.0,11.1,B
2021-07-22T11:25:01,100.0,11.05,S
2021-07-22T11:25:01,100.0,11.05,S
2021-07-22T11:24:57,5000.0,11.05,S
2021-07-22T11:24:53,2000.0,11.05,S
2021-07-22T11:24:53,300.0,11.05,S
2021-07-22T11:24:53,100.0,11.05,S
2021-07-22T11:24:45,16600.0,11.05,S
2021-07-22T11:24:45,7400.0,11.05,S
2021-07-22T11:24:44,1500.0,11.05,S
2021-07-22T11:24:40,1000.0,11.05,S
2021-07-22T11:24:40,35900.0,11.1,B
2021-07-22T11:24:40,50000.0,11.1,B
2021-07-22T11:24:40,14100.0,11.1,B
2021-07-22T11:24:40,10000.0,11.05,S
2021-07-22T11:24:39,100.0,11.05,S
2021-07-22T11:24:33,2000.0,11.1,B
2021-07-22T11:24:31,10600.0,11.1,B
2021-07-22T11:24:28,1000.0,11.05,S
2021-07-22T11:24:25,900.0,11.1,B
2021-07-22T11:24:20,300.0,11.1,S
2021-07-22T11:24:20,600.0,11.1,S
2021-07-22T11:24:19,5000.0,11.1,S
2021-07-22T11:24:19,200.0,11.1,S
2021-07-22T11:24:19,1000.0,11.1,S
2021-07-22T11:24:17,100.0,11.1,S
2021-07-22T11:24:12,200.0,11.1,S
2021-07-22T11:24:11,1400.0,11.1,S
2021-07-22T11:24:10,1000.0,11.1,S
2021-07-22T11:24:08,10000.0,11.1,S
2021-07-22T11:24:03,1300.0,11.15,B
2021-07-22T11:24:01,4000.0,11.1,S
2021-07-22T11:24:00,400.0,11.15,B
2021-07-22T11:23:59,1000.0,11.15,B
2021-07-22T11:23:58,100.0,11.15,S
2021-07-22T11:23:57,100.0,11.15,S
2021-07-22T11:23:55,2000.0,11.15,S
2021-07-22T11:23:55,500.0,11.15,S
2021-07-22T11:23:52,10000.0,11.2,B
2021-07-22T11:23:52,2200.0,11.15,B
2021-07-22T11:23:52,11100.0,11.15,B
2021-07-22T11:23:50,1200.0,11.1,S
2021-07-22T11:23:48,100.0,11.1,S
2021-07-22T11:23:46,1400.0,11.1,S
2021-07-22T11:23:46,100.0,11.15,S
2021-07-22T11:23:46,5200.0,11.15,S
2021-07-22T11:23:46,9800.0,11.15,S
2021-07-22T11:23:43,500.0,11.15,S
2021-07-22T11:23:39,200.0,11.15,B
2021-07-22T11:23:37,1000.0,11.15,B
2021-07-22T11:23:37,500.0,11.15,S
2021-07-22T11:23:36,1500.0,11.15,S
2021-07-22T11:23:34,2300.0,11.2,B
2021-07-22T11:23:34,3300.0,11.2,B
2021-07-22T11:23:34,4400.0,11.2,B
2021-07-22T11:23:34,12000.0,11.2,B
2021-07-22T11:23:34,15200.0,11.2,B
2021-07-22T11:23:34,800.0,11.2,B
2021-07-22T11:23:34,24700.0,11.2,B
2021-07-22T11:23:34,600.0,11.15,B
2021-07-22T11:23:34,40100.0,11.15,B
2021-07-22T11:23:29,2600.0,11.15,B
2021-07-22T11:23:25,400.0,11.1,S
2021-07-22T11:23:25,5000.0,11.15,B
2021-07-22T11:23:25,600.0,11.15,B
2021-07-22T11:23:25,6000.0,11.15,B
2021-07-22T11:23:25,3500.0,11.15,B
2021-07-22T11:23:25,1700.0,11.15,B
2021-07-22T11:23:25,3200.0,11.15,B
2021-07-22T11:23:25,100.0,11.1,S
2021-07-22T11:23:24,2000.0,11.1,S
2021-07-22T11:23:23,1000.0,11.1,S
2021-07-22T11:23:21,100.0,11.1,S
2021-07-22T11:23:18,2000.0,11.1,S
2021-07-22T11:23:17,300.0,11.15,B
2021-07-22T11:23:17,2100.0,11.1,B
2021-07-22T11:23:17,4300.0,11.1,B
2021-07-22T11:23:16,500.0,11.1,B
2021-07-22T11:23:16,3000.0,11.1,B
2021-07-22T11:23:16,1000.0,11.1,B
2021-07-22T11:23:14,11000.0,11.1,B
2021-07-22T11:23:14,10000.0,11.1,B
2021-07-22T11:23:14,200.0,11.1,B
2021-07-22T11:23:11,3600.0,11.1,B
2021-07-22T11:23:11,6400.0,11.1,B
2021-07-22T11:23:10,100.0,11.1,B
2021-07-22T11:23:10,400.0,11.1,B
2021-07-22T11:23:10,4500.0,11.1,B
2021-07-22T11:23:10,5500.0,11.1,B
2021-07-22T11:23:08,2000.0,11.1,B
2021-07-22T11:23:01,22900.0,11.1,B
2021-07-22T11:23:01,100.0,11.1,B
2021-07-22T11:23:01,700.0,11.1,B
2021-07-22T11:23:01,700.0,11.1,B
2021-07-22T11:23:01,3200.0,11.1,B
2021-07-22T11:23:01,2000.0,11.1,B
2021-07-22T11:23:01,100.0,11.1,B
2021-07-22T11:23:01,1800.0,11.1,B
2021-07-22T11:23:01,2000.0,11.1,B
2021-07-22T11:23:01,1600.0,11.1,B
2021-07-22T11:23:01,10200.0,11.1,B
2021-07-22T11:23:01,1300.0,11.1,B
2021-07-22T11:23:01,1800.0,11.1,B
2021-07-22T11:23:01,11100.0,11.1,B
2021-07-22T11:23:01,21500.0,11.1,B
2021-07-22T11:23:01,800.0,11.1,B
2021-07-22T11:23:01,60000.0,11.1,B
2021-07-22T11:23:01,5300.0,11.1,B
2021-07-22T11:23:01,50500.0,11.1,B
2021-07-22T11:23:01,15000.0,11.1,B
2021-07-22T11:23:01,300.0,11.1,B
2021-07-22T11:23:01,3000.0,11.1,B
2021-07-22T11:23:01,84100.0,11.1,B
2021-07-22T11:22:57,28900.0,11.05,B
2021-07-22T11:22:57,200.0,11.05,B
2021-07-22T11:22:56,900.0,11.05,B
2021-07-22T11:22:52,100.0,11.0,S
2021-07-22T11:22:52,100.0,11.0,S
2021-07-22T11:22:48,2000.0,11.0,S
2021-07-22T11:22:43,500.0,11.05,B
2021-07-22T11:22:41,4500.0,11.0,B
2021-07-22T11:22:41,300.0,11.0,B
2021-07-22T11:22:41,200.0,11.0,B
2021-07-22T11:22:41,6300.0,11.0,B
2021-07-22T11:22:41,5300.0,11.0,B
2021-07-22T11:22:41,8500.0,11.0,B
2021-07-22T11:22:37,100.0,11.0,B
2021-07-22T11:22:37,1000.0,11.0,B
2021-07-22T11:22:37,45000.0,11.0,B
2021-07-22T11:22:36,3000.0,11.0,B
2021-07-22T11:22:36,5600.0,11.0,B
2021-07-22T11:22:36,21400.0,11.0,B
2021-07-22T11:22:30,1000.0,11.0,B
2021-07-22T11:22:30,4500.0,11.0,B
2021-07-22T11:22:24,12800.0,11.0,B
2021-07-22T11:22:24,4900.0,11.0,B
2021-07-22T11:22:24,5000.0,11.0,B
2021-07-22T11:22:24,4500.0,11.0,B
2021-07-22T11:22:24,4000.0,11.0,B
2021-07-22T11:22:24,5500.0,11.0,B
2021-07-22T11:22:24,2500.0,11.0,B
2021-07-22T11:22:24,13500.0,11.0,B
2021-07-22T11:22:24,300.0,11.0,B
2021-07-22T11:22:24,7000.0,11.0,B
2021-07-22T11:22:24,10000.0,11.0,B
2021-07-22T11:22:24,600.0,11.0,B
2021-07-22T11:22:24,1300.0,11.0,B
2021-07-22T11:22:24,1000.0,11.0,B
2021-07-22T11:22:24,27100.0,11.0,B
2021-07-22T11:22:22,2000.0,11.0,B
2021-07-22T11:22:18,2600.0,11.0,B
2021-07-22T11:22:14,6600.0,11.0,B
2021-07-22T11:22:14,1100.0,11.0,B
2021-07-22T11:22:14,900.0,11.0,B
2021-07-22T11:22:14,1100.0,11.0,B
2021-07-22T11:22:14,300.0,11.0,B
2021-07-22T11:22:13,500.0,10.95,S
2021-07-22T11:22:03,23800.0,10.95,B
2021-07-22T11:22:03,3400.0,10.95,B
2021-07-22T11:22:02,5000.0,10.95,B
2021-07-22T11:22:00,5000.0,10.95,B
2021-07-22T11:21:59,200.0,10.95,B
2021-07-22T11:21:54,500.0,10.95,B
2021-07-22T11:21:52,500.0,10.95,B
2021-07-22T11:21:47,1000.0,10.95,B
2021-07-22T11:21:43,2000.0,10.95,B
2021-07-22T11:21:42,2000.0,10.95,B
2021-07-22T11:21:41,1000.0,10.95,B
2021-07-22T11:21:40,1000.0,10.95,B
2021-07-22T11:21:39,1000.0,10.95,B
2021-07-22T11:21:37,1700.0,10.95,B
2021-07-22T11:21:34,4000.0,10.95,B
2021-07-22T11:21:32,1000.0,10.95,B
2021-07-22T11:21:29,100.0,10.95,B
2021-07-22T11:21:29,3000.0,10.95,B
2021-07-22T11:21:29,10000.0,10.95,B
2021-07-22T11:21:27,3400.0,10.95,B
2021-07-22T11:21:24,700.0,10.95,B
2021-07-22T11:21:18,100.0,10.95,B
2021-07-22T11:21:18,1300.0,10.95,B
2021-07-22T11:21:12,5000.0,10.9,S
2021-07-22T11:21:11,1000.0,10.95,B
2021-07-22T11:21:09,100.0,10.95,B
2021-07-22T11:21:06,10000.0,10.95,B
2021-07-22T11:21:02,5000.0,10.95,B
2021-07-22T11:21:00,1000.0,10.95,S
2021-07-22T11:20:57,3500.0,11.0,B
2021-07-22T11:20:57,15500.0,11.0,B
2021-07-22T11:20:57,100.0,11.0,B
2021-07-22T11:20:57,9900.0,11.0,B
2021-07-22T11:20:57,1000.0,10.95,B
2021-07-22T11:20:54,2000.0,10.95,B
2021-07-22T11:20:53,100.0,10.95,B
2021-07-22T11:20:53,200.0,10.95,B
2021-07-22T11:20:53,1100.0,10.95,B
2021-07-22T11:20:53,1900.0,10.95,B
2021-07-22T11:20:52,100.0,10.95,B
2021-07-22T11:20:49,2200.0,10.95,B
2021-07-22T11:20:47,900.0,10.95,S
2021-07-22T11:20:47,1000.0,10.95,S
2021-07-22T11:20:45,9000.0,11.0,B
2021-07-22T11:20:42,2000.0,11.0,B
2021-07-22T11:20:42,4500.0,10.95,B
2021-07-22T11:20:42,500.0,10.95,B
2021-07-22T11:20:42,5000.0,11.0,B
2021-07-22T11:20:38,1000.0,10.95,B
2021-07-22T11:20:38,4000.0,10.95,B
2021-07-22T11:20:34,31900.0,10.95,S
2021-07-22T11:20:34,1000.0,10.95,S
2021-07-22T11:20:33,200.0,10.95,S
2021-07-22T11:20:33,2400.0,10.95,S
2021-07-22T11:20:30,1000.0,10.95,S
2021-07-22T11:20:30,5200.0,11.0,B
2021-07-22T11:20:30,15700.0,11.0,B
2021-07-22T11:20:30,5200.0,11.0,B
2021-07-22T11:20:30,12200.0,11.0,B
2021-07-22T11:20:30,11000.0,11.0,B
2021-07-22T11:20:30,6400.0,11.0,B
2021-07-22T11:20:30,4300.0,11.0,B
2021-07-22T11:20:30,9100.0,11.0,B
2021-07-22T11:20:30,1600.0,11.0,B
2021-07-22T11:20:30,3200.0,11.0,B
2021-07-22T11:20:30,41600.0,11.0,B
2021-07-22T11:20:30,11600.0,11.0,B
2021-07-22T11:20:30,1100.0,11.0,B
2021-07-22T11:20:30,5700.0,11.0,B
2021-07-22T11:20:30,105400.0,11.0,B
2021-07-22T11:20:30,17800.0,11.0,B
2021-07-22T11:20:30,200.0,11.0,B
2021-07-22T11:20:30,1000.0,11.0,B
2021-07-22T11:20:30,11000.0,11.0,B
2021-07-22T11:20:30,78000.0,11.0,B
2021-07-22T11:20:30,2900.0,11.0,B
2021-07-22T11:20:30,18600.0,11.0,B
2021-07-22T11:20:30,3200.0,11.0,B
2021-07-22T11:20:30,500.0,11.0,B
2021-07-22T11:20:30,1100.0,11.0,B
2021-07-22T11:20:30,4000.0,11.0,B
2021-07-22T11:20:30,10100.0,11.0,B
2021-07-22T11:20:30,2100.0,11.0,B
2021-07-22T11:20:30,1000.0,11.0,B
2021-07-22T11:20:30,500.0,11.0,B
2021-07-22T11:20:30,3100.0,11.0,B
2021-07-22T11:20:30,1100.0,11.0,B
2021-07-22T11:20:30,500.0,11.0,B
2021-07-22T11:20:30,10000.0,11.0,B
2021-07-22T11:20:30,700.0,11.0,B
2021-07-22T11:20:30,6900.0,11.0,B
2021-07-22T11:20:29,10100.0,11.0,B
2021-07-22T11:20:29,800.0,11.0,B
2021-07-22T11:20:29,700.0,11.0,B
2021-07-22T11:20:29,2100.0,11.0,B
2021-07-22T11:20:29,2600.0,11.0,B
2021-07-22T11:20:29,500.0,11.0,B
2021-07-22T11:20:29,4700.0,11.0,B
2021-07-22T11:20:29,15000.0,11.0,B
2021-07-22T11:20:29,6500.0,11.0,B
2021-07-22T11:20:29,15000.0,11.0,B
2021-07-22T11:20:29,2100.0,11.0,B
2021-07-22T11:20:29,4800.0,11.0,B
2021-07-22T11:20:29,7000.0,11.0,B
2021-07-22T11:20:29,10000.0,11.0,B
2021-07-22T11:20:29,4500.0,11.0,B
2021-07-22T11:20:29,5000.0,10.95,S
2021-07-22T11:20:27,2800.0,10.95,S
2021-07-22T11:20:27,1100.0,10.95,S
2021-07-22T11:20:27,1100.0,10.95,S
2021-07-22T11:20:26,5000.0,11.0,B
2021-07-22T11:20:25,1000.0,10.95,S
2021-07-22T11:20:24,900.0,10.95,S
2021-07-22T11:20:24,1700.0,10.95,S
2021-07-22T11:20:24,7400.0,10.95,S
2021-07-22T11:20:24,1000.0,10.95,S
2021-07-22T11:20:23,11900.0,11.0,B
2021-07-22T11:20:21,1000.0,10.95,S
2021-07-22T11:20:21,1000.0,11.0,B
2021-07-22T11:20:17,2000.0,10.95,S
2021-07-22T11:20:17,1200.0,10.95,S
2021-07-22T11:20:17,10000.0,10.95,S
2021-07-22T11:20:14,1000.0,10.95,S
2021-07-22T11:20:14,5000.0,10.95,S
2021-07-22T11:20:13,1000.0,10.95,S
2021-07-22T11:20:12,200.0,10.95,S
2021-07-22T11:20:12,3000.0,10.95,S
2021-07-22T11:20:09,1000.0,10.95,S
2021-07-22T11:20:09,400.0,10.95,S
2021-07-22T11:20:07,3000.0,11.0,B
2021-07-22T11:20:06,5000.0,10.95,S
2021-07-22T11:20:03,100.0,10.95,S
2021-07-22T11:19:58,1000.0,10.95,S
2021-07-22T11:19:58,1600.0,10.95,S
2021-07-22T11:19:56,100.0,10.95,S
2021-07-22T11:19:56,10000.0,11.0,B
2021-07-22T11:19:51,5400.0,10.95,S
2021-07-22T11:19:48,100.0,10.95,S
2021-07-22T11:19:48,200.0,10.95,S
2021-07-22T11:19:44,200.0,10.95,S
2021-07-22T11:19:42,10000.0,10.95,S
2021-07-22T11:19:39,100.0,10.95,S
2021-07-22T11:19:39,1200.0,10.95,B
2021-07-22T11:19:39,1000.0,10.9,S
2021-07-22T11:19:38,500.0,10.95,B
2021-07-22T11:19:37,300.0,10.95,B
2021-07-22T11:19:35,600.0,10.95,B
2021-07-22T11:19:32,500.0,10.95,B
2021-07-22T11:19:30,17000.0,10.95,B
2021-07-22T11:19:29,500.0,10.95,B
2021-07-22T11:19:28,1000.0,10.95,B
2021-07-22T11:19:27,5000.0,10.95,B
2021-07-22T11:19:27,100.0,10.95,B
2021-07-22T11:19:25,2900.0,10.95,B
2021-07-22T11:19:25,10000.0,10.95,B
2021-07-22T11:19:25,16000.0,10.95,B
2021-07-22T11:19:25,300.0,10.95,B
2021-07-22T11:19:25,3000.0,10.95,B
2021-07-22T11:19:25,17800.0,10.95,B
2021-07-22T11:19:25,8100.0,10.95,B
2021-07-22T11:19:25,600.0,10.95,B
2021-07-22T11:19:25,2400.0,10.95,B
2021-07-22T11:19:25,8900.0,10.95,B
2021-07-22T11:19:24,1000.0,10.95,B
2021-07-22T11:19:24,1000.0,10.95,B
2021-07-22T11:19:17,1000.0,10.9,S
2021-07-22T11:19:15,10000.0,10.95,B
2021-07-22T11:19:13,2000.0,10.95,B
2021-07-22T11:19:09,100.0,10.95,B
2021-07-22T11:19:09,2900.0,10.95,B
2021-07-22T11:19:07,100.0,10.95,B
2021-07-22T11:19:07,500.0,10.95,B
2021-07-22T11:19:07,5200.0,10.95,B
2021-07-22T11:19:07,9700.0,10.95,B
2021-07-22T11:19:07,7500.0,10.95,B
2021-07-22T11:19:07,100.0,10.95,B
2021-07-22T11:19:07,11900.0,10.95,B
2021-07-22T11:19:07,600.0,10.95,B
2021-07-22T11:19:07,64500.0,10.95,B
2021-07-22T11:19:05,400.0,10.9,S
2021-07-22T11:18:59,6000.0,10.95,B
2021-07-22T11:18:58,500.0,10.95,B
2021-07-22T11:18:56,900.0,10.95,B
2021-07-22T11:18:53,1500.0,10.9,S
2021-07-22T11:18:52,10000.0,10.9,S
2021-07-22T11:18:42,300.0,10.95,B
2021-07-22T11:18:42,5000.0,10.9,S
2021-07-22T11:18:41,100.0,10.9,S
2021-07-22T11:18:41,1100.0,10.9,S
2021-07-22T11:18:38,10000.0,10.9,S
2021-07-22T11:18:37,1000.0,10.9,S
2021-07-22T11:18:29,1000.0,10.9,S
2021-07-22T11:18:28,11200.0,10.9,B
2021-07-22T11:18:28,2500.0,10.9,B
2021-07-22T11:18:28,1500.0,10.9,B
2021-07-22T11:18:28,13000.0,10.9,B
2021-07-22T11:18:28,2000.0,10.9,B
2021-07-22T11:18:28,3000.0,10.9,B
2021-07-22T11:18:28,3300.0,10.9,B
2021-07-22T11:18:28,2100.0,10.9,B
2021-07-22T11:18:28,12400.0,10.9,B
2021-07-22T11:18:28,3000.0,10.9,B
2021-07-22T11:18:28,30900.0,10.9,B
2021-07-22T11:18:27,5000.0,10.9,B
2021-07-22T11:18:21,500.0,10.85,S
2021-07-22T11:18:13,2600.0,10.9,B
2021-07-22T11:18:12,1000.0,10.85,S
2021-07-22T11:18:11,500.0,10.9,B
2021-07-22T11:18:11,100.0,10.9,B
2021-07-22T11:18:06,800.0,10.9,B
2021-07-22T11:18:04,800.0,10.9,B
2021-07-22T11:18:04,200.0,10.9,B
2021-07-22T11:18:03,10000.0,10.9,B
2021-07-22T11:17:57,10000.0,10.9,B
2021-07-22T11:17:57,2000.0,10.9,B
2021-07-22T11:17:54,2400.0,10.9,B
2021-07-22T11:17:51,2100.0,10.9,B
2021-07-22T11:17:51,1600.0,10.9,B
2021-07-22T11:17:51,3900.0,10.9,B
2021-07-22T11:17:51,2000.0,10.9,B
2021-07-22T11:17:51,10800.0,10.9,B
2021-07-22T11:17:51,300.0,10.9,B
2021-07-22T11:17:51,1000.0,10.9,B
2021-07-22T11:17:51,2400.0,10.9,B
2021-07-22T11:17:51,700.0,10.9,B
2021-07-22T11:17:51,13700.0,10.9,B
2021-07-22T11:17:51,10500.0,10.9,B
2021-07-22T11:17:51,5300.0,10.9,B
2021-07-22T11:17:51,8000.0,10.9,B
2021-07-22T11:17:51,400.0,10.9,B
2021-07-22T11:17:51,100.0,10.9,B
2021-07-22T11:17:51,1000.0,10.9,B
2021-07-22T11:17:51,10100.0,10.9,B
2021-07-22T11:17:51,9400.0,10.9,B
2021-07-22T11:17:51,2700.0,10.9,B
2021-07-22T11:17:51,11000.0,10.9,B
2021-07-22T11:17:51,100.0,10.9,B
2021-07-22T11:17:51,2400.0,10.9,B
2021-07-22T11:17:51,500.0,10.9,B
2021-07-22T11:17:47,200.0,10.85,S
2021-07-22T11:17:38,400.0,10.85,S
2021-07-22T11:17:15,2000.0,10.85,B
2021-07-22T11:17:14,1000.0,10.85,B
2021-07-22T11:17:12,200.0,10.85,B
2021-07-22T11:17:09,300.0,10.85,B
2021-07-22T11:17:04,500.0,10.85,B
2021-07-22T11:17:00,2000.0,10.85,B
2021-07-22T11:17:00,700.0,10.85,B
2021-07-22T11:17:00,5600.0,10.85,B
2021-07-22T11:17:00,1800.0,10.85,B
2021-07-22T11:17:00,14100.0,10.85,B
2021-07-22T11:17:00,12000.0,10.85,B
2021-07-22T11:17:00,1300.0,10.85,B
2021-07-22T11:17:00,10000.0,10.85,B
2021-07-22T11:17:00,2100.0,10.85,B
2021-07-22T11:17:00,4500.0,10.85,B
2021-07-22T11:17:00,2300.0,10.85,B
2021-07-22T11:17:00,29800.0,10.85,B
2021-07-22T11:17:00,15800.0,10.85,B
2021-07-22T11:17:00,5000.0,10.85,B
2021-07-22T11:16:58,3000.0,10.85,B
2021-07-22T11:16:58,400.0,10.85,B
2021-07-22T11:16:51,1000.0,10.85,B
2021-07-22T11:16:48,100.0,10.85,B
2021-07-22T11:16:45,200.0,10.85,B
2021-07-22T11:16:44,15000.0,10.85,B
2021-07-22T11:16:39,400.0,10.8,S
2021-07-22T11:16:36,28700.0,10.85,B
2021-07-22T11:16:36,5100.0,10.85,B
2021-07-22T11:16:36,8700.0,10.85,B
2021-07-22T11:16:36,15300.0,10.85,B
2021-07-22T11:16:36,1000.0,10.85,B
2021-07-22T11:16:36,5300.0,10.85,B
2021-07-22T11:16:36,1000.0,10.85,B
2021-07-22T11:16:36,6100.0,10.85,B
2021-07-22T11:16:36,300.0,10.85,B
2021-07-22T11:16:36,13100.0,10.85,B
2021-07-22T11:16:36,7900.0,10.85,B
2021-07-22T11:16:36,2700.0,10.85,B
2021-07-22T11:16:36,300.0,10.85,B
2021-07-22T11:16:36,4500.0,10.85,B
2021-07-22T11:16:27,25600.0,10.8,B
2021-07-22T11:16:27,1300.0,10.8,B
2021-07-22T11:16:26,5100.0,10.8,B
2021-07-22T11:16:24,1400.0,10.8,B
2021-07-22T11:16:24,500.0,10.8,B
2021-07-22T11:16:24,500.0,10.8,B
2021-07-22T11:16:22,300.0,10.8,B
2021-07-22T11:16:22,100.0,10.8,B
2021-07-22T11:16:20,100.0,10.8,B
2021-07-22T11:16:17,1000.0,10.8,B
2021-07-22T11:16:14,500.0,10.8,B
2021-07-22T11:16:09,5000.0,10.8,B
2021-07-22T11:16:09,1000.0,10.8,B
2021-07-22T11:16:08,200.0,10.8,B
2021-07-22T11:16:06,4100.0,10.8,B
2021-07-22T11:16:06,1400.0,10.8,B
2021-07-22T11:16:04,1000.0,10.8,B
2021-07-22T11:16:02,3200.0,10.8,B
2021-07-22T11:16:02,100.0,10.8,B
2021-07-22T11:16:02,6700.0,10.8,B
2021-07-22T11:15:58,200.0,10.8,B
2021-07-22T11:15:58,500.0,10.8,B
2021-07-22T11:15:57,10000.0,10.8,B
2021-07-22T11:15:35,1200.0,10.8,B
2021-07-22T11:15:35,18100.0,10.8,B
2021-07-22T11:15:35,700.0,10.8,B
2021-07-22T11:15:35,5500.0,10.8,B
2021-07-22T11:15:35,200.0,10.8,B
2021-07-22T11:15:34,5200.0,10.8,B
2021-07-22T11:15:34,9800.0,10.8,B
2021-07-22T11:15:33,500.0,10.8,B
2021-07-22T11:15:23,500.0,10.8,B
2021-07-22T11:14:56,300.0,10.75,B
2021-07-22T11:14:53,500.0,10.75,B
2021-07-22T11:14:53,3000.0,10.75,B
2021-07-22T11:14:50,2500.0,10.75,B
2021-07-22T11:14:47,1000.0,10.75,B
2021-07-22T11:14:45,200.0,10.75,B
2021-07-22T11:14:34,4000.0,10.75,S
2021-07-22T11:14:34,2100.0,10.75,S
2021-07-22T11:14:30,3400.0,10.8,B
2021-07-22T11:14:26,5900.0,10.75,S
2021-07-22T11:14:26,16500.0,10.75,S
2021-07-22T11:14:26,2000.0,10.75,S
2021-07-22T11:14:26,4500.0,10.75,S
2021-07-22T11:14:26,1000.0,10.75,S
2021-07-22T11:14:26,100.0,10.75,S
2021-07-22T11:14:16,1000.0,10.8,B
2021-07-22T11:14:04,4100.0,10.75,B
2021-07-22T11:14:04,5800.0,10.75,B
2021-07-22T11:14:03,2400.0,10.75,B
2021-07-22T11:14:02,2000.0,10.75,B
2021-07-22T11:14:01,1000.0,10.75,B
2021-07-22T11:14:01,300.0,10.75,B
2021-07-22T11:14:00,100.0,10.75,B
2021-07-22T11:13:58,300.0,10.75,B
2021-07-22T11:13:55,500.0,10.75,B
2021-07-22T11:13:52,1300.0,10.75,B
2021-07-22T11:13:52,700.0,10.75,B
2021-07-22T11:13:52,100.0,10.75,B
2021-07-22T11:13:51,1000.0,10.75,B
2021-07-22T11:13:51,1000.0,10.75,B
2021-07-22T11:13:51,7000.0,10.7,S
2021-07-22T11:13:50,20000.0,10.75,B
2021-07-22T11:13:49,10000.0,10.75,B
2021-07-22T11:13:47,10000.0,10.75,B
2021-07-22T11:13:45,10000.0,10.75,B
2021-07-22T11:13:39,2000.0,10.75,B
2021-07-22T11:13:38,1000.0,10.75,B
2021-07-22T11:13:35,2000.0,10.75,B
2021-07-22T11:13:34,600.0,10.75,B
2021-07-22T11:13:32,1000.0,10.75,B
2021-07-22T11:13:30,10000.0,10.75,B
2021-07-22T11:13:27,400.0,10.75,B
2021-07-22T11:13:23,1000.0,10.75,B
2021-07-22T11:13:18,200.0,10.75,B
2021-07-22T11:13:07,1000.0,10.75,B
2021-07-22T11:12:59,300.0,10.75,B
2021-07-22T11:12:57,2000.0,10.75,B
2021-07-22T11:11:35,2700.0,10.65,B
2021-07-22T11:11:34,1900.0,10.65,B
2021-07-22T11:11:33,1500.0,10.65,B
2021-07-22T11:11:32,2000.0,10.65,B
2021-07-22T11:11:28,300.0,10.65,B
2021-07-22T11:11:27,300.0,10.65,B
2021-07-22T11:11:27,100.0,10.65,B
2021-07-22T11:11:27,500.0,10.65,B
2021-07-22T11:11:26,1000.0,10.65,B
2021-07-22T11:11:24,1000.0,10.65,B
2021-07-22T11:11:24,1300.0,10.65,B
2021-07-22T11:11:24,100.0,10.65,B
2021-07-22T11:11:21,5000.0,10.65,B
2021-07-22T11:11:19,2500.0,10.65,B
2021-07-22T11:11:15,100.0,10.65,B
2021-07-22T11:11:07,400.0,10.65,B
2021-07-22T11:11:03,22800.0,10.65,B
2021-07-22T11:10:57,10300.0,10.65,S
2021-07-22T11:10:57,4000.0,10.65,S
2021-07-22T11:10:57,6900.0,10.7,S
2021-07-22T11:10:53,5000.0,10.75,B
2021-07-22T11:10:50,100.0,10.75,B
2021-07-22T11:10:41,100.0,10.75,B
2021-07-22T11:10:38,100.0,10.75,B
2021-07-22T11:10:36,2000.0,10.75,B
2021-07-22T11:10:32,100.0,10.75,B
2021-07-22T11:10:27,1700.0,10.75,B
2021-07-22T11:10:09,3000.0,10.75,B
2021-07-22T11:10:09,300.0,10.8,B
2021-07-22T11:10:09,1700.0,10.8,B
2021-07-22T11:10:09,3000.0,10.75,B
2021-07-22T11:10:01,100.0,10.75,B
2021-07-22T11:09:59,100.0,10.6,B
2021-07-22T11:09:58,100.0,10.6,B
2021-07-22T11:09:56,100.0,10.6,B
2021-07-22T11:09:54,200.0,10.6,B
2021-07-22T11:09:54,100.0,10.6,B
2021-07-22T11:09:53,31200.0,10.6,S
2021-07-22T11:09:53,2000.0,10.6,S
2021-07-22T11:09:53,25100.0,10.6,S
2021-07-22T11:09:53,3100.0,10.6,S
2021-07-22T11:09:53,4600.0,10.6,S
2021-07-22T11:09:53,26400.0,10.6,S
2021-07-22T11:09:53,50100.0,10.6,S
2021-07-22T11:09:53,1500.0,10.6,S
2021-07-22T11:09:53,100.0,10.6,S
2021-07-22T11:09:53,55300.0,10.6,S
2021-07-22T11:09:51,1000.0,10.75,S
2021-07-22T11:09:49,300.0,10.75,S
2021-07-22T11:09:47,2000.0,10.75,S
2021-07-22T11:09:47,500.0,10.75,S
2021-07-22T11:09:46,200.0,10.75,S
2021-07-22T11:09:43,63500.0,10.75,B
2021-07-22T11:09:42,20000.0,10.75,B
2021-07-22T11:09:40,600.0,10.75,B
2021-07-22T11:09:39,3000.0,10.75,B
2021-07-22T11:09:37,2000.0,10.75,B
2021-07-22T11:09:36,100.0,10.75,B
2021-07-22T11:09:34,1000.0,10.75,B
2021-07-22T11:09:33,1000.0,10.75,B
2021-07-22T11:09:27,300.0,10.75,B
2021-07-22T11:09:23,500.0,10.75,B
2021-07-22T11:09:21,37100.0,10.6,S
2021-07-22T11:09:21,16800.0,10.6,S
2021-07-22T11:09:21,1000.0,10.6,S
2021-07-22T11:09:21,1300.0,10.6,S
2021-07-22T11:09:21,10000.0,10.6,S
2021-07-22T11:09:21,1500.0,10.6,S
2021-07-22T11:09:21,5000.0,10.6,S
2021-07-22T11:09:21,4100.0,10.6,S
2021-07-22T11:09:21,2200.0,10.6,S
2021-07-22T11:09:21,4000.0,10.6,S
2021-07-22T11:09:21,500.0,10.6,S
2021-07-22T11:09:21,4700.0,10.6,S
2021-07-22T11:09:21,2000.0,10.6,S
2021-07-22T11:09:21,11500.0,10.6,S
2021-07-22T11:09:21,5400.0,10.6,S
2021-07-22T11:09:21,1300.0,10.6,S
2021-07-22T11:09:21,12000.0,10.6,S
2021-07-22T11:09:21,3200.0,10.6,S
2021-07-22T11:09:21,52000.0,10.6,S
2021-07-22T11:09:21,300.0,10.6,S
2021-07-22T11:09:21,6700.0,10.6,S
2021-07-22T11:09:21,1000.0,10.6,S
2021-07-22T11:09:21,5000.0,10.6,S
2021-07-22T11:09:21,20500.0,10.6,S
2021-07-22T11:09:21,1500.0,10.6,S
2021-07-22T11:09:21,58800.0,10.6,S
2021-07-22T11:09:21,5900.0,10.6,S
2021-07-22T11:09:21,31000.0,10.6,S
2021-07-22T11:09:21,25100.0,10.6,S
2021-07-22T11:09:21,200.0,10.6,S
2021-07-22T11:09:21,46000.0,10.6,S
2021-07-22T11:09:21,46000.0,10.6,S
2021-07-22T11:09:21,16400.0,10.65,S
2021-07-22T11:09:21,12200.0,10.65,S
2021-07-22T11:09:21,300.0,10.65,S
2021-07-22T11:09:21,14400.0,10.65,S
2021-07-22T11:09:21,1200.0,10.7,S
2021-07-22T11:09:21,5000.0,10.7,S
2021-07-22T11:09:21,4900.0,10.7,S
2021-07-22T11:09:21,5200.0,10.7,S
2021-07-22T11:09:21,10400.0,10.7,S
2021-07-22T11:09:21,1500.0,10.7,S
2021-07-22T11:09:21,4900.0,10.7,S
2021-07-22T11:09:19,900.0,10.75,B
2021-07-22T11:09:12,600.0,10.75,B
2021-07-22T11:09:09,300.0,10.75,B
2021-07-22T11:09:01,500.0,10.75,B
2021-07-22T11:08:59,100.0,10.75,B
2021-07-22T11:08:57,1000.0,10.75,B
2021-07-22T11:08:47,11000.0,10.75,S
2021-07-22T11:08:42,100.0,10.75,S
2021-07-22T11:08:36,500.0,10.75,B
2021-07-22T11:08:36,1000.0,10.75,B
2021-07-22T11:08:36,49400.0,10.75,B
2021-07-22T11:08:20,8500.0,10.75,B
2021-07-22T11:08:10,100.0,10.7,S
2021-07-22T11:08:02,4300.0,10.75,B
2021-07-22T11:08:01,1000.0,10.7,S
2021-07-22T11:07:54,500.0,10.75,B
2021-07-22T11:07:43,500.0,10.75,B
2021-07-22T11:07:40,100.0,10.75,B
2021-07-22T11:07:24,4200.0,10.75,B
2021-07-22T11:07:24,800.0,10.75,B
2021-07-22T11:07:21,200.0,10.75,B
2021-07-22T11:07:15,28100.0,10.6,S
2021-07-22T11:07:15,5000.0,10.6,S
2021-07-22T11:07:15,5200.0,10.6,S
2021-07-22T11:07:15,4500.0,10.6,S
2021-07-22T11:07:15,1000.0,10.6,S
2021-07-22T11:07:15,11000.0,10.6,S
2021-07-22T11:07:15,2300.0,10.6,S
2021-07-22T11:07:15,4200.0,10.6,S
2021-07-22T11:07:15,1000.0,10.6,S
2021-07-22T11:07:15,10000.0,10.6,S
2021-07-22T11:07:15,28100.0,10.6,S
2021-07-22T11:07:15,10700.0,10.6,S
2021-07-22T11:07:15,20200.0,10.6,S
2021-07-22T11:07:15,36000.0,10.6,S
2021-07-22T11:07:15,1100.0,10.6,S
2021-07-22T11:07:15,3000.0,10.6,S
2021-07-22T11:07:15,9000.0,10.6,S
2021-07-22T11:07:15,1100.0,10.6,S
2021-07-22T11:07:15,11000.0,10.6,S
2021-07-22T11:07:15,4000.0,10.6,S
2021-07-22T11:07:15,9700.0,10.6,S
2021-07-22T11:07:15,6000.0,10.6,S
2021-07-22T11:07:15,1000.0,10.6,S
2021-07-22T11:07:15,600.0,10.6,S
2021-07-22T11:07:15,10000.0,10.6,S
2021-07-22T11:07:15,1200.0,10.6,S
2021-07-22T11:07:15,20000.0,10.6,S
2021-07-22T11:07:15,2500.0,10.6,S
2021-07-22T11:07:15,5000.0,10.6,S
2021-07-22T11:07:15,11000.0,10.6,S
2021-07-22T11:07:15,9300.0,10.6,S
2021-07-22T11:07:15,8800.0,10.65,S
2021-07-22T11:07:15,500.0,10.65,S
2021-07-22T11:07:15,1100.0,10.65,S
2021-07-22T11:07:15,11000.0,10.65,S
2021-07-22T11:07:15,3800.0,10.65,S
2021-07-22T11:07:15,100.0,10.65,S
2021-07-22T11:07:15,1900.0,10.65,S
2021-07-22T11:07:08,200.0,10.7,S
2021-07-22T11:06:56,400.0,10.75,B
2021-07-22T11:06:39,300.0,10.75,B
2021-07-22T11:06:34,300.0,10.75,B
2021-07-22T11:06:24,2200.0,10.6,S
2021-07-22T11:06:24,151900.0,10.6,S
2021-07-22T11:06:24,10000.0,10.6,S
2021-07-22T11:06:24,7100.0,10.6,S
2021-07-22T11:06:24,7600.0,10.6,S
2021-07-22T11:06:24,12600.0,10.6,S
2021-07-22T11:06:24,3000.0,10.6,S
2021-07-22T11:06:24,105600.0,10.6,S
2021-07-22T11:06:11,1000.0,10.75,S
2021-07-22T11:06:06,500.0,10.75,S
2021-07-22T11:06:03,44100.0,10.6,S
2021-07-22T11:06:03,1600.0,10.6,S
2021-07-22T11:06:03,5600.0,10.6,S
2021-07-22T11:06:03,2300.0,10.6,S
2021-07-22T11:06:03,61600.0,10.6,S
2021-07-22T11:06:03,50000.0,10.6,S
2021-07-22T11:06:02,81000.0,10.6,S
2021-07-22T11:06:02,6000.0,10.6,S
2021-07-22T11:06:02,1700.0,10.6,S
2021-07-22T11:06:02,3500.0,10.6,S
2021-07-22T11:06:02,13500.0,10.6,S
2021-07-22T11:06:02,53000.0,10.6,S
2021-07-22T11:06:02,500.0,10.6,S
2021-07-22T11:06:02,5900.0,10.6,S
2021-07-22T11:06:02,3200.0,10.6,S
2021-07-22T11:06:02,66500.0,10.6,S
2021-07-22T11:05:54,16600.0,10.75,B
2021-07-22T11:05:42,13400.0,10.75,S
2021-07-22T11:05:34,11600.0,10.6,S
2021-07-22T11:05:34,3700.0,10.6,S
2021-07-22T11:05:34,1100.0,10.65,S
2021-07-22T11:05:34,10600.0,10.65,S
2021-07-22T11:05:34,900.0,10.7,S
2021-07-22T11:05:34,12000.0,10.7,S
2021-07-22T11:05:34,9200.0,10.75,S
2021-07-22T11:05:34,1000.0,10.75,S
2021-07-22T11:05:34,49900.0,10.75,S
2021-07-22T11:05:26,20000.0,10.75,S
2021-07-22T11:05:18,10000.0,10.75,S
2021-07-22T11:05:17,100.0,10.75,S
2021-07-22T11:05:11,200.0,10.75,S
2021-07-22T11:05:07,1100.0,10.75,B
2021-07-22T11:05:07,18700.0,10.75,B
2021-07-22T11:05:01,300.0,10.6,S
2021-07-22T11:05:01,16200.0,10.6,S
2021-07-22T11:05:01,1100.0,10.6,S
2021-07-22T11:05:01,3000.0,10.6,S
2021-07-22T11:05:01,700.0,10.6,S
2021-07-22T11:05:01,2400.0,10.6,S
2021-07-22T11:05:01,8900.0,10.6,S
2021-07-22T11:05:01,10000.0,10.6,S
2021-07-22T11:05:01,25600.0,10.6,S
2021-07-22T11:05:01,3000.0,10.6,S
2021-07-22T11:05:01,12200.0,10.6,S
2021-07-22T11:05:00,17000.0,10.6,S
2021-07-22T11:05:00,1000.0,10.6,S
2021-07-22T11:05:00,10800.0,10.6,S
2021-07-22T11:05:00,1800.0,10.6,S
2021-07-22T11:05:00,12000.0,10.6,S
2021-07-22T11:05:00,2500.0,10.6,S
2021-07-22T11:05:00,1500.0,10.6,S
2021-07-22T11:05:00,7300.0,10.6,S
2021-07-22T11:05:00,1800.0,10.6,S
2021-07-22T11:05:00,3000.0,10.65,S
2021-07-22T11:05:00,1300.0,10.65,S
2021-07-22T11:05:00,56600.0,10.65,S
2021-07-22T11:04:58,3000.0,10.7,S
2021-07-22T11:04:53,100.0,10.75,B
2021-07-22T11:04:51,2400.0,10.75,B
2021-07-22T11:04:45,100.0,10.75,B
2021-07-22T11:04:44,900.0,10.75,B
2021-07-22T11:04:43,6600.0,10.75,B
2021-07-22T11:04:29,2800.0,10.75,B
2021-07-22T11:04:29,5200.0,10.75,B
2021-07-22T11:04:27,2200.0,10.75,B
2021-07-22T11:04:11,8900.0,10.6,S
2021-07-22T11:04:11,10100.0,10.6,S
2021-07-22T11:04:11,25500.0,10.6,S
2021-07-22T11:04:11,1100.0,10.6,S
2021-07-22T11:04:11,4500.0,10.6,S
2021-07-22T11:04:11,24400.0,10.6,S
2021-07-22T11:04:11,10100.0,10.6,S
2021-07-22T11:04:11,700.0,10.6,S
2021-07-22T11:04:11,1300.0,10.6,S
2021-07-22T11:04:11,2100.0,10.6,S
2021-07-22T11:04:11,2500.0,10.6,S
2021-07-22T11:04:11,2000.0,10.6,S
2021-07-22T11:04:11,1500.0,10.6,S
2021-07-22T11:04:11,1700.0,10.6,S
2021-07-22T11:04:11,2600.0,10.6,S
2021-07-22T11:04:11,100.0,10.6,S
2021-07-22T11:04:11,10100.0,10.6,S
2021-07-22T11:04:11,6400.0,10.6,S
2021-07-22T11:04:11,13000.0,10.6,S
2021-07-22T11:04:11,1000.0,10.6,S
2021-07-22T11:04:11,1100.0,10.6,S
2021-07-22T11:04:11,8100.0,10.6,S
2021-07-22T11:04:11,5000.0,10.6,S
2021-07-22T11:04:11,6300.0,10.6,S
2021-07-22T11:04:11,10100.0,10.6,S
2021-07-22T11:04:11,3900.0,10.6,S
2021-07-22T11:04:11,3000.0,10.6,S
2021-07-22T11:04:11,1700.0,10.6,S
2021-07-22T11:04:11,2100.0,10.6,S
2021-07-22T11:04:11,1600.0,10.6,S
2021-07-22T11:04:11,17200.0,10.6,S
2021-07-22T11:04:11,5000.0,10.65,S
2021-07-22T11:04:11,21100.0,10.65,S
2021-07-22T11:04:11,10200.0,10.65,S
2021-07-22T11:04:11,3300.0,10.7,S
2021-07-22T11:04:11,11000.0,10.7,S
2021-07-22T11:04:11,6100.0,10.7,S
2021-07-22T11:04:11,5200.0,10.7,S
2021-07-22T11:04:11,6000.0,10.7,S
2021-07-22T11:04:11,13500.0,10.7,S
2021-07-22T11:04:11,3900.0,10.7,S
2021-07-22T11:04:08,2000.0,10.75,B
2021-07-22T11:04:02,200.0,10.75,B
2021-07-22T11:04:00,10000.0,10.75,B
2021-07-22T11:03:59,100.0,10.75,B
2021-07-22T11:03:51,1200.0,10.75,B
2021-07-22T11:03:51,800.0,10.75,B
2021-07-22T11:03:50,900.0,10.75,B
2021-07-22T11:03:49,400.0,10.75,B
2021-07-22T11:03:49,1000.0,10.75,B
2021-07-22T11:03:49,18600.0,10.75,B
2021-07-22T11:03:44,2000.0,10.75,B
2021-07-22T11:03:40,100.0,10.75,B
2021-07-22T11:03:36,1500.0,10.75,B
2021-07-22T11:03:35,100.0,10.75,B
2021-07-22T11:03:30,500.0,10.75,B
2021-07-22T11:03:25,200.0,10.75,B
2021-07-22T11:03:17,8000.0,10.7,S
2021-07-22T11:02:59,200.0,10.75,B
2021-07-22T11:02:57,200.0,10.7,B
2021-07-22T11:02:57,10900.0,10.7,B
2021-07-22T11:02:57,300.0,10.7,B
2021-07-22T11:02:51,1000.0,10.7,B
2021-07-22T11:02:39,200.0,10.7,B
2021-07-22T11:02:29,4600.0,10.7,S
2021-07-22T11:02:15,21800.0,10.6,S
2021-07-22T11:02:15,3100.0,10.6,S
2021-07-22T11:02:15,30000.0,10.6,S
2021-07-22T11:02:15,1300.0,10.6,S
2021-07-22T11:02:15,3700.0,10.6,S
2021-07-22T11:02:15,100.0,10.6,S
2021-07-22T11:02:15,40000.0,10.6,S
2021-07-22T11:02:00,14700.0,10.6,S
2021-07-22T11:02:00,6100.0,10.6,S
2021-07-22T11:02:00,3500.0,10.6,S
2021-07-22T11:02:00,100.0,10.6,S
2021-07-22T11:02:00,200.0,10.6,S
2021-07-22T11:02:00,500.0,10.6,S
2021-07-22T11:02:00,500.0,10.6,S
2021-07-22T11:02:00,6700.0,10.6,S
2021-07-22T11:02:00,5300.0,10.6,S
2021-07-22T11:02:00,400.0,10.6,S
2021-07-22T11:02:00,5800.0,10.6,S
2021-07-22T11:02:00,400.0,10.6,S
2021-07-22T11:02:00,500.0,10.6,S
2021-07-22T11:02:00,1000.0,10.6,S
2021-07-22T11:02:00,25700.0,10.6,S
2021-07-22T11:02:00,1000.0,10.6,S
2021-07-22T11:02:00,11800.0,10.6,S
2021-07-22T11:02:00,5000.0,10.6,S
2021-07-22T11:02:00,700.0,10.6,S
2021-07-22T11:02:00,6400.0,10.6,S
2021-07-22T11:02:00,100.0,10.6,S
2021-07-22T11:02:00,5500.0,10.6,S
2021-07-22T11:02:00,10100.0,10.6,S
2021-07-22T11:02:00,2000.0,10.6,S
2021-07-22T11:02:00,5500.0,10.6,S
2021-07-22T11:02:00,14000.0,10.6,S
2021-07-22T11:02:00,15700.0,10.6,S
2021-07-22T11:02:00,7300.0,10.6,S
2021-07-22T11:02:00,10100.0,10.6,S
2021-07-22T11:02:00,600.0,10.6,S
2021-07-22T11:02:00,1000.0,10.6,S
2021-07-22T11:02:00,11700.0,10.6,S
2021-07-22T11:02:00,10600.0,10.6,S
2021-07-22T11:02:00,23700.0,10.6,S
2021-07-22T11:02:00,4500.0,10.65,S
2021-07-22T11:02:00,1600.0,10.65,S
2021-07-22T11:02:00,100.0,10.65,S
2021-07-22T11:02:00,12700.0,10.65,S
2021-07-22T11:02:00,300.0,10.65,S
2021-07-22T11:02:00,62500.0,10.65,S
2021-07-22T11:02:00,12200.0,10.65,S
2021-07-22T11:02:00,3700.0,10.7,S
2021-07-22T11:02:00,12300.0,10.7,S
2021-07-22T11:02:00,50900.0,10.7,S
2021-07-22T11:01:45,6100.0,10.7,S
2021-07-22T11:01:21,4000.0,10.7,S
2021-07-22T11:00:59,1600.0,10.7,S
2021-07-22T11:00:59,3400.0,10.7,S
2021-07-22T11:00:58,1000.0,10.75,B
2021-07-22T11:00:41,700.0,10.7,S
2021-07-22T11:00:41,4700.0,10.7,S
2021-07-22T11:00:41,2400.0,10.7,S
2021-07-22T11:00:41,2400.0,10.7,S
2021-07-22T11:00:41,6100.0,10.7,S
2021-07-22T11:00:41,1700.0,10.7,S
2021-07-22T11:00:41,5400.0,10.7,S
2021-07-22T11:00:41,2200.0,10.7,S
2021-07-22T11:00:41,6500.0,10.7,S
2021-07-22T11:00:41,7900.0,10.7,S
2021-07-22T11:00:24,5000.0,10.75,B
2021-07-22T11:00:17,5000.0,10.7,S
2021-07-22T11:00:14,600.0,10.75,B
2021-07-22T11:00:06,5000.0,10.75,B
2021-07-22T10:59:54,500.0,10.75,B
2021-07-22T10:59:33,500.0,10.7,S
2021-07-22T10:59:18,200.0,10.7,S
2021-07-22T10:59:09,5000.0,10.75,B
2021-07-22T10:58:38,500.0,10.7,S
2021-07-22T10:58:30,1300.0,10.7,S
2021-07-22T10:58:08,3800.0,10.7,B
2021-07-22T10:58:04,6000.0,10.7,S
2021-07-22T10:58:04,10800.0,10.7,S
2021-07-22T10:58:01,2300.0,10.7,S
2021-07-22T10:57:49,200.0,10.7,S
2021-07-22T10:57:46,100.0,10.75,B
2021-07-22T10:57:45,10500.0,10.7,S
2021-07-22T10:57:30,28300.0,10.7,B
2021-07-22T10:57:27,100.0,10.7,B
2021-07-22T10:57:17,2800.0,10.7,B
2021-07-22T10:57:01,100.0,10.7,B
2021-07-22T10:56:49,200.0,10.7,S
2021-07-22T10:56:39,81200.0,10.6,S
2021-07-22T10:56:39,2200.0,10.6,S
2021-07-22T10:56:39,500.0,10.6,S
2021-07-22T10:56:39,7300.0,10.6,S
2021-07-22T10:56:39,80100.0,10.6,S
2021-07-22T10:56:39,28700.0,10.7,S
2021-07-22T10:56:33,600.0,10.75,B
2021-07-22T10:56:33,10900.0,10.75,B
2021-07-22T10:56:30,500.0,10.7,S
2021-07-22T10:55:43,200.0,10.75,B
2021-07-22T10:55:38,100.0,10.7,B
2021-07-22T10:55:23,6900.0,10.6,S
2021-07-22T10:55:23,3800.0,10.6,S
2021-07-22T10:55:23,11100.0,10.6,S
2021-07-22T10:55:23,3400.0,10.6,S
2021-07-22T10:55:23,100.0,10.6,S
2021-07-22T10:55:23,2000.0,10.6,S
2021-07-22T10:55:23,6200.0,10.6,S
2021-07-22T10:55:23,13200.0,10.6,S
2021-07-22T10:55:23,33200.0,10.6,S
2021-07-22T10:55:23,3300.0,10.6,S
2021-07-22T10:55:23,500.0,10.6,S
2021-07-22T10:55:23,11600.0,10.6,S
2021-07-22T10:55:23,11700.0,10.6,S
2021-07-22T10:55:23,300.0,10.6,S
2021-07-22T10:55:23,5500.0,10.6,S
2021-07-22T10:55:23,5200.0,10.6,S
2021-07-22T10:55:23,2000.0,10.6,S
2021-07-22T10:55:23,7000.0,10.6,S
2021-07-22T10:55:23,6000.0,10.6,S
2021-07-22T10:55:23,500.0,10.6,S
2021-07-22T10:55:23,15000.0,10.6,S
2021-07-22T10:55:23,6400.0,10.6,S
2021-07-22T10:55:23,33600.0,10.65,S
2021-07-22T10:55:23,2900.0,10.65,S
2021-07-22T10:55:23,2000.0,10.7,S
2021-07-22T10:55:23,6600.0,10.7,S
2021-07-22T10:54:51,10000.0,10.7,S
2021-07-22T10:54:34,100.0,10.7,S
2021-07-22T10:54:10,15500.0,10.7,B
2021-07-22T10:54:00,5000.0,10.7,B
2021-07-22T10:53:39,6500.0,10.65,S
2021-07-22T10:53:27,27000.0,10.6,S
2021-07-22T10:53:27,300.0,10.6,S
2021-07-22T10:53:27,800.0,10.6,S
2021-07-22T10:53:27,14400.0,10.6,S
2021-07-22T10:53:27,28200.0,10.6,S
2021-07-22T10:53:27,11000.0,10.6,S
2021-07-22T10:53:27,2100.0,10.6,S
2021-07-22T10:53:27,200.0,10.6,S
2021-07-22T10:53:27,1100.0,10.6,S
2021-07-22T10:53:27,37200.0,10.6,S
2021-07-22T10:53:27,3600.0,10.6,S
2021-07-22T10:53:27,1200.0,10.6,S
2021-07-22T10:53:27,100.0,10.6,S
2021-07-22T10:53:27,40800.0,10.6,S
2021-07-22T10:53:27,20200.0,10.65,S
2021-07-22T10:53:27,1300.0,10.65,S
2021-07-22T10:53:27,900.0,10.65,S
2021-07-22T10:53:27,300.0,10.7,S
2021-07-22T10:53:27,500.0,10.7,S
2021-07-22T10:53:27,58800.0,10.7,S
2021-07-22T10:53:12,100.0,10.7,S
2021-07-22T10:53:11,500.0,10.75,B
2021-07-22T10:53:08,30000.0,10.7,S
2021-07-22T10:53:06,100.0,10.75,B
2021-07-22T10:53:01,400.0,10.75,B
2021-07-22T10:52:16,100.0,10.75,B
2021-07-22T10:52:14,600.0,10.75,B
2021-07-22T10:52:14,500.0,10.75,B
2021-07-22T10:52:13,5000.0,10.75,B
2021-07-22T10:52:04,400.0,10.75,B
2021-07-22T10:51:53,100.0,10.75,B
2021-07-22T10:51:26,1000.0,10.75,B
2021-07-22T10:50:59,100.0,10.7,S
2021-07-22T10:50:34,100.0,10.7,S
2021-07-22T10:50:21,10000.0,10.7,S
2021-07-22T10:50:09,300.0,10.7,S
2021-07-22T10:49:58,200.0,10.7,S
2021-07-22T10:49:44,5000.0,10.7,S
2021-07-22T10:49:38,100.0,10.75,B
2021-07-22T10:49:30,8600.0,10.7,S
2021-07-22T10:49:30,1400.0,10.7,S
2021-07-22T10:49:00,1800.0,10.6,S
2021-07-22T10:49:00,8000.0,10.6,S
2021-07-22T10:49:00,600.0,10.6,S
2021-07-22T10:49:00,1200.0,10.6,S
2021-07-22T10:49:00,700.0,10.6,S
2021-07-22T10:49:00,11800.0,10.6,S
2021-07-22T10:49:00,1700.0,10.6,S
2021-07-22T10:49:00,58000.0,10.6,S
2021-07-22T10:49:00,2000.0,10.6,S
2021-07-22T10:49:00,1500.0,10.6,S
2021-07-22T10:49:00,50100.0,10.6,S
2021-07-22T10:49:00,2200.0,10.6,S
2021-07-22T10:49:00,1600.0,10.6,S
2021-07-22T10:49:00,10900.0,10.6,S
2021-07-22T10:49:00,4500.0,10.6,S
2021-07-22T10:49:00,14500.0,10.6,S
2021-07-22T10:49:00,400.0,10.6,S
2021-07-22T10:49:00,6500.0,10.6,S
2021-07-22T10:49:00,3500.0,10.6,S
2021-07-22T10:49:00,2000.0,10.6,S
2021-07-22T10:49:00,300.0,10.6,S
2021-07-22T10:49:00,1900.0,10.6,S
2021-07-22T10:49:00,10300.0,10.6,S
2021-07-22T10:49:00,4600.0,10.6,S
2021-07-22T10:49:00,2200.0,10.6,S
2021-07-22T10:49:00,200.0,10.6,S
2021-07-22T10:49:00,6000.0,10.6,S
2021-07-22T10:49:00,8300.0,10.6,S
2021-07-22T10:49:00,8700.0,10.65,S
2021-07-22T10:49:00,27000.0,10.65,S
2021-07-22T10:49:00,7600.0,10.65,S
2021-07-22T10:49:00,39400.0,10.65,S
2021-07-22T10:48:52,1000.0,10.7,S
2021-07-22T10:48:45,1900.0,10.7,S
2021-07-22T10:48:20,200.0,10.7,S
2021-07-22T10:48:02,200.0,10.7,S
2021-07-22T10:47:46,1700.0,10.7,B
2021-07-22T10:47:38,1000.0,10.7,B
2021-07-22T10:47:35,400.0,10.7,B
2021-07-22T10:47:33,8400.0,10.7,B
2021-07-22T10:47:32,11600.0,10.7,B
2021-07-22T10:47:28,3000.0,10.7,B
2021-07-22T10:47:28,1000.0,10.7,B
2021-07-22T10:47:27,900.0,10.7,B
2021-07-22T10:47:27,2100.0,10.7,B
2021-07-22T10:47:03,4100.0,10.7,B
2021-07-22T10:46:53,100.0,10.7,B
2021-07-22T10:46:43,100.0,10.7,B
2021-07-22T10:46:23,7900.0,10.7,B
2021-07-22T10:46:20,100.0,10.7,B
2021-07-22T10:46:09,1000.0,10.7,B
2021-07-22T10:46:04,13900.0,10.6,S
2021-07-22T10:46:04,3600.0,10.6,S
2021-07-22T10:46:04,11000.0,10.6,S
2021-07-22T10:46:04,1000.0,10.6,S
2021-07-22T10:46:04,6000.0,10.6,S
2021-07-22T10:46:04,400.0,10.6,S
2021-07-22T10:46:04,5000.0,10.6,S
2021-07-22T10:46:04,100.0,10.6,S
2021-07-22T10:46:04,4500.0,10.6,S
2021-07-22T10:46:04,5000.0,10.6,S
2021-07-22T10:46:04,500.0,10.6,S
2021-07-22T10:46:04,2300.0,10.6,S
2021-07-22T10:46:04,1000.0,10.6,S
2021-07-22T10:46:04,5100.0,10.6,S
2021-07-22T10:46:04,400.0,10.6,S
2021-07-22T10:46:04,4500.0,10.6,S
2021-07-22T10:46:04,10200.0,10.6,S
2021-07-22T10:46:04,1600.0,10.6,S
2021-07-22T10:46:04,900.0,10.6,S
2021-07-22T10:46:04,2200.0,10.6,S
2021-07-22T10:46:04,12200.0,10.6,S
2021-07-22T10:46:04,6600.0,10.6,S
2021-07-22T10:46:04,4000.0,10.6,S
2021-07-22T10:46:04,5600.0,10.6,S
2021-07-22T10:46:04,9100.0,10.6,S
2021-07-22T10:46:04,22300.0,10.6,S
2021-07-22T10:46:04,15100.0,10.6,S
2021-07-22T10:46:04,5300.0,10.6,S
2021-07-22T10:46:04,1000.0,10.6,S
2021-07-22T10:46:04,1000.0,10.6,S
2021-07-22T10:46:04,5000.0,10.6,S
2021-07-22T10:46:04,1600.0,10.6,S
2021-07-22T10:46:04,100.0,10.6,S
2021-07-22T10:46:04,14100.0,10.6,S
2021-07-22T10:46:04,300.0,10.6,S
2021-07-22T10:46:04,69600.0,10.6,S
2021-07-22T10:46:04,3700.0,10.65,S
2021-07-22T10:46:04,16000.0,10.65,S
2021-07-22T10:46:04,400.0,10.65,S
2021-07-22T10:46:04,8000.0,10.65,S
2021-07-22T10:46:04,19800.0,10.65,S
2021-07-22T10:46:02,100.0,10.65,S
2021-07-22T10:46:00,4500.0,10.7,B
2021-07-22T10:45:48,100.0,10.7,B
2021-07-22T10:45:38,2000.0,10.7,B
2021-07-22T10:45:35,100.0,10.7,B
2021-07-22T10:45:30,1100.0,10.65,S
2021-07-22T10:45:30,1200.0,10.65,S
2021-07-22T10:45:30,100.0,10.65,S
2021-07-22T10:45:30,1300.0,10.65,S
2021-07-22T10:45:30,2500.0,10.65,S
2021-07-22T10:45:30,2100.0,10.65,S
2021-07-22T10:44:41,1300.0,10.65,S
2021-07-22T10:44:41,2200.0,10.65,S
2021-07-22T10:44:39,1000.0,10.7,B
2021-07-22T10:44:32,5600.0,10.7,B
2021-07-22T10:44:09,800.0,10.65,S
2021-07-22T10:44:09,9300.0,10.65,S
2021-07-22T10:44:09,12300.0,10.65,S
2021-07-22T10:44:09,1500.0,10.65,S
2021-07-22T10:44:09,36100.0,10.65,S
2021-07-22T10:43:52,100.0,10.65,S
2021-07-22T10:43:46,200.0,10.7,B
2021-07-22T10:43:43,200.0,10.7,B
2021-07-22T10:43:41,100.0,10.7,B
2021-07-22T10:43:31,200.0,10.7,B
2021-07-22T10:43:28,100.0,10.65,S
2021-07-22T10:43:23,300.0,10.7,B
2021-07-22T10:43:12,7800.0,10.7,B
2021-07-22T10:43:04,100.0,10.7,S
2021-07-22T10:43:01,2100.0,10.7,B
2021-07-22T10:42:56,500.0,10.7,B
2021-07-22T10:42:52,400.0,10.7,B
2021-07-22T10:42:37,1000.0,10.7,B
2021-07-22T10:42:24,300.0,10.7,B
2021-07-22T10:42:20,3100.0,10.7,B
2021-07-22T10:42:20,900.0,10.7,B
2021-07-22T10:42:19,1000.0,10.7,B
2021-07-22T10:42:09,3000.0,10.7,B
2021-07-22T10:42:04,5000.0,10.7,B
2021-07-22T10:41:53,1000.0,10.7,B
2021-07-22T10:41:52,200.0,10.7,B
2021-07-22T10:41:44,100.0,10.7,B
2021-07-22T10:41:32,500.0,10.7,B
2021-07-22T10:41:25,2000.0,10.7,B
2021-07-22T10:41:11,2000.0,10.7,B
2021-07-22T10:40:48,200.0,10.65,S
2021-07-22T10:40:48,400.0,10.7,B
2021-07-22T10:40:33,300.0,10.7,B
2021-07-22T10:40:31,100.0,10.7,B
2021-07-22T10:40:31,300.0,10.7,B
2021-07-22T10:40:21,100.0,10.7,B
2021-07-22T10:40:00,200.0,10.7,S
2021-07-22T10:39:42,3900.0,10.7,B
2021-07-22T10:39:34,1500.0,10.7,B
2021-07-22T10:39:24,2300.0,10.7,S
2021-07-22T10:39:23,100.0,10.7,S
2021-07-22T10:39:20,100.0,10.75,B
2021-07-22T10:39:10,200.0,10.75,B
2021-07-22T10:39:08,300.0,10.7,S
2021-07-22T10:39:05,500.0,10.7,S
2021-07-22T10:39:05,4500.0,10.7,S
2021-07-22T10:38:57,700.0,10.75,B
2021-07-22T10:38:54,400.0,10.7,S
2021-07-22T10:38:49,5000.0,10.7,S
2021-07-22T10:38:36,1500.0,10.75,B
2021-07-22T10:38:04,800.0,10.7,S
2021-07-22T10:38:04,3200.0,10.7,S
2021-07-22T10:37:56,200.0,10.7,S
2021-07-22T10:37:55,200.0,10.7,S
2021-07-22T10:37:45,300.0,10.7,S
2021-07-22T10:37:32,600.0,10.7,S
2021-07-22T10:37:20,100.0,10.7,S
2021-07-22T10:37:20,500.0,10.75,B
2021-07-22T10:37:18,300.0,10.75,B
2021-07-22T10:37:14,100.0,10.75,B
2021-07-22T10:36:52,300.0,10.75,B
2021-07-22T10:36:41,200.0,10.7,S
2021-07-22T10:36:27,42000.0,10.6,S
2021-07-22T10:36:27,3100.0,10.6,S
2021-07-22T10:36:27,11000.0,10.6,S
2021-07-22T10:36:27,500.0,10.6,S
2021-07-22T10:36:27,500.0,10.6,S
2021-07-22T10:36:27,1200.0,10.6,S
2021-07-22T10:36:27,65000.0,10.6,S
2021-07-22T10:36:27,200.0,10.6,S
2021-07-22T10:36:27,1000.0,10.6,S
2021-07-22T10:36:27,5000.0,10.6,S
2021-07-22T10:36:27,700.0,10.6,S
2021-07-22T10:36:27,5400.0,10.6,S
2021-07-22T10:36:27,6900.0,10.6,S
2021-07-22T10:36:27,1000.0,10.6,S
2021-07-22T10:36:27,600.0,10.6,S
2021-07-22T10:36:27,23000.0,10.6,S
2021-07-22T10:36:27,17000.0,10.6,S
2021-07-22T10:36:27,100.0,10.6,S
2021-07-22T10:36:27,7000.0,10.6,S
2021-07-22T10:36:27,5000.0,10.6,S
2021-07-22T10:36:27,1100.0,10.6,S
2021-07-22T10:36:27,3400.0,10.6,S
2021-07-22T10:36:27,9000.0,10.6,S
2021-07-22T10:36:27,2900.0,10.6,S
2021-07-22T10:36:27,1200.0,10.6,S
2021-07-22T10:36:27,2700.0,10.6,S
2021-07-22T10:36:27,100.0,10.6,S
2021-07-22T10:36:27,2000.0,10.6,S
2021-07-22T10:36:27,20500.0,10.6,S
2021-07-22T10:36:27,11000.0,10.6,S
2021-07-22T10:36:27,2600.0,10.6,S
2021-07-22T10:36:27,3200.0,10.6,S
2021-07-22T10:36:27,1000.0,10.6,S
2021-07-22T10:36:27,26600.0,10.6,S
2021-07-22T10:36:27,25000.0,10.6,S
2021-07-22T10:36:27,800.0,10.6,S
2021-07-22T10:36:27,10200.0,10.6,S
2021-07-22T10:36:27,500.0,10.6,S
2021-07-22T10:36:27,21000.0,10.6,S
2021-07-22T10:36:26,447000.0,10.6,S
2021-07-22T10:36:26,10000.0,10.6,S
2021-07-22T10:36:26,300.0,10.65,S
2021-07-22T10:36:26,2500.0,10.65,S
2021-07-22T10:36:26,1000.0,10.65,S
2021-07-22T10:36:26,39200.0,10.65,S
2021-07-22T10:36:12,100.0,10.7,S
2021-07-22T10:35:59,200.0,10.7,S
2021-07-22T10:35:46,7200.0,10.75,B
2021-07-22T10:35:31,100.0,10.75,B
2021-07-22T10:35:19,10000.0,10.75,B
2021-07-22T10:35:07,400.0,10.75,S
2021-07-22T10:35:04,1000.0,10.75,S
2021-07-22T10:34:57,100.0,10.75,S
2021-07-22T10:34:57,100.0,10.8,B
2021-07-22T10:34:36,42500.0,10.6,S
2021-07-22T10:34:36,35000.0,10.6,S
2021-07-22T10:34:36,26100.0,10.6,S
2021-07-22T10:34:36,300.0,10.6,S
2021-07-22T10:34:36,5700.0,10.6,S
2021-07-22T10:34:36,4200.0,10.6,S
2021-07-22T10:34:36,3000.0,10.6,S
2021-07-22T10:34:36,31000.0,10.6,S
2021-07-22T10:34:36,100.0,10.6,S
2021-07-22T10:34:36,5100.0,10.6,S
2021-07-22T10:34:36,2200.0,10.6,S
2021-07-22T10:34:36,2100.0,10.6,S
2021-07-22T10:34:36,11000.0,10.6,S
2021-07-22T10:34:36,78300.0,10.6,S
2021-07-22T10:34:36,1300.0,10.65,S
2021-07-22T10:34:36,15600.0,10.65,S
2021-07-22T10:34:36,13300.0,10.65,S
2021-07-22T10:34:36,1000.0,10.65,S
2021-07-22T10:34:36,23500.0,10.65,S
2021-07-22T10:34:36,12700.0,10.65,S
2021-07-22T10:34:36,2600.0,10.7,S
2021-07-22T10:34:36,200.0,10.7,S
2021-07-22T10:34:36,82200.0,10.7,S
2021-07-22T10:34:34,100.0,10.8,B
2021-07-22T10:34:12,1000.0,10.75,S
2021-07-22T10:34:11,6100.0,10.75,S
2021-07-22T10:34:04,200.0,10.75,B
2021-07-22T10:34:04,13300.0,10.75,B
2021-07-22T10:34:00,200.0,10.75,B
2021-07-22T10:33:54,2000.0,10.75,B
2021-07-22T10:33:48,100.0,10.75,B
2021-07-22T10:33:25,5000.0,10.75,B
2021-07-22T10:33:21,100.0,10.75,B
2021-07-22T10:32:28,100.0,10.75,B
2021-07-22T10:32:19,1000.0,10.75,B
2021-07-22T10:31:57,100.0,10.75,B
2021-07-22T10:31:49,700.0,10.75,B
2021-07-22T10:31:34,200.0,10.75,B
2021-07-22T10:31:24,28000.0,10.6,S
2021-07-22T10:31:24,4000.0,10.6,S
2021-07-22T10:31:24,100.0,10.6,S
2021-07-22T10:31:24,21300.0,10.6,S
2021-07-22T10:31:24,2300.0,10.6,S
2021-07-22T10:31:24,5500.0,10.6,S
2021-07-22T10:31:24,500.0,10.6,S
2021-07-22T10:31:24,1300.0,10.6,S
2021-07-22T10:31:24,2100.0,10.6,S
2021-07-22T10:31:24,7200.0,10.6,S
2021-07-22T10:31:24,1000.0,10.6,S
2021-07-22T10:31:24,6500.0,10.6,S
2021-07-22T10:31:24,100.0,10.6,S
2021-07-22T10:31:24,7600.0,10.6,S
2021-07-22T10:31:24,800.0,10.6,S
2021-07-22T10:31:24,3100.0,10.6,S
2021-07-22T10:31:24,1000.0,10.6,S
2021-07-22T10:31:24,700.0,10.6,S
2021-07-22T10:31:24,300.0,10.6,S
2021-07-22T10:31:24,23500.0,10.6,S
2021-07-22T10:31:24,1500.0,10.6,S
2021-07-22T10:31:24,2500.0,10.6,S
2021-07-22T10:31:24,14600.0,10.6,S
2021-07-22T10:31:24,100.0,10.6,S
2021-07-22T10:31:24,28200.0,10.6,S
2021-07-22T10:31:24,500.0,10.6,S
2021-07-22T10:31:24,8200.0,10.6,S
2021-07-22T10:31:24,20000.0,10.6,S
2021-07-22T10:31:24,1600.0,10.6,S
2021-07-22T10:31:24,1000.0,10.6,S
2021-07-22T10:31:24,15200.0,10.6,S
2021-07-22T10:31:24,3600.0,10.6,S
2021-07-22T10:31:24,5000.0,10.6,S
2021-07-22T10:31:24,6800.0,10.6,S
2021-07-22T10:31:24,600.0,10.6,S
2021-07-22T10:31:24,2700.0,10.6,S
2021-07-22T10:31:24,1100.0,10.6,S
2021-07-22T10:31:24,20000.0,10.6,S
2021-07-22T10:31:24,8600.0,10.6,S
2021-07-22T10:31:24,23000.0,10.6,S
2021-07-22T10:31:24,40000.0,10.6,S
2021-07-22T10:31:24,1000.0,10.6,S
2021-07-22T10:31:24,500.0,10.6,S
2021-07-22T10:31:24,10000.0,10.6,S
2021-07-22T10:31:24,6000.0,10.6,S
2021-07-22T10:31:24,1100.0,10.6,S
2021-07-22T10:31:24,5000.0,10.6,S
2021-07-22T10:31:24,2200.0,10.6,S
2021-07-22T10:31:24,1000.0,10.6,S
2021-07-22T10:31:24,5400.0,10.6,S
2021-07-22T10:31:24,9100.0,10.65,S
2021-07-22T10:31:24,200.0,10.65,S
2021-07-22T10:31:24,3000.0,10.65,S
2021-07-22T10:31:24,500.0,10.65,S
2021-07-22T10:31:24,700.0,10.65,S
2021-07-22T10:31:24,2500.0,10.65,S
2021-07-22T10:31:24,8200.0,10.65,S
2021-07-22T10:31:24,100.0,10.65,S
2021-07-22T10:31:24,500.0,10.65,S
2021-07-22T10:31:24,13500.0,10.65,S
2021-07-22T10:31:24,200.0,10.65,S
2021-07-22T10:31:24,1700.0,10.65,S
2021-07-22T10:31:24,1000.0,10.65,S
2021-07-22T10:31:24,4600.0,10.65,S
2021-07-22T10:31:24,300.0,10.7,S
2021-07-22T10:31:13,100.0,10.75,S
2021-07-22T10:31:02,1000.0,10.75,S
2021-07-22T10:30:46,400.0,10.65,S
2021-07-22T10:30:46,1000.0,10.65,S
2021-07-22T10:30:46,40100.0,10.65,S
2021-07-22T10:30:46,4300.0,10.7,S
2021-07-22T10:30:46,200.0,10.7,S
2021-07-22T10:30:46,25300.0,10.7,S
2021-07-22T10:30:46,200.0,10.7,S
2021-07-22T10:30:46,1000.0,10.7,S
2021-07-22T10:30:46,2000.0,10.7,S
2021-07-22T10:30:46,5500.0,10.7,S
2021-07-22T10:30:46,3400.0,10.7,S
2021-07-22T10:30:46,500.0,10.7,S
2021-07-22T10:30:46,15800.0,10.7,S
2021-07-22T10:30:46,300.0,10.75,S
2021-07-22T10:29:33,1000.0,10.8,B
2021-07-22T10:29:31,2000.0,10.75,B
2021-07-22T10:29:21,7900.0,10.75,S
2021-07-22T10:29:01,200.0,10.75,S
2021-07-22T10:28:59,1400.0,10.75,B
2021-07-22T10:28:56,500.0,10.75,B
2021-07-22T10:28:54,100.0,10.75,B
2021-07-22T10:28:42,1000.0,10.75,B
2021-07-22T10:28:17,2000.0,10.75,B
2021-07-22T10:28:12,1000.0,10.75,B
2021-07-22T10:28:10,200.0,10.75,B
2021-07-22T10:27:34,1000.0,10.75,B
2021-07-22T10:27:27,6000.0,10.75,B
2021-07-22T10:27:25,5000.0,10.75,B
2021-07-22T10:27:24,500.0,10.7,S
2021-07-22T10:27:09,900.0,10.75,S
2021-07-22T10:27:01,4000.0,10.75,B
2021-07-22T10:26:40,2000.0,10.75,B
2021-07-22T10:26:38,200.0,10.7,S
2021-07-22T10:26:23,100.0,10.75,B
2021-07-22T10:26:23,500.0,10.75,B
2021-07-22T10:26:21,500.0,10.75,B
2021-07-22T10:26:09,14100.0,10.75,B
2021-07-22T10:26:09,200.0,10.75,B
2021-07-22T10:26:09,5700.0,10.75,B
2021-07-22T10:25:43,100.0,10.7,S
2021-07-22T10:25:38,600.0,10.75,B
2021-07-22T10:25:37,100.0,10.75,B
2021-07-22T10:25:21,100.0,10.7,S
2021-07-22T10:25:06,3100.0,10.7,B
2021-07-22T10:24:58,900.0,10.6,S
2021-07-22T10:24:58,1000.0,10.6,S
2021-07-22T10:24:58,3600.0,10.6,S
2021-07-22T10:24:58,1000.0,10.6,S
2021-07-22T10:24:58,4000.0,10.6,S
2021-07-22T10:24:58,16900.0,10.6,S
2021-07-22T10:24:58,200.0,10.65,S
2021-07-22T10:24:58,2400.0,10.65,S
2021-07-22T10:24:58,1000.0,10.7,B
2021-07-22T10:24:45,200.0,10.7,B
2021-07-22T10:24:42,1000.0,10.7,B
2021-07-22T10:24:41,1000.0,10.7,B
2021-07-22T10:24:37,500.0,10.7,B
2021-07-22T10:24:37,1000.0,10.7,B
2021-07-22T10:24:32,2100.0,10.7,B
2021-07-22T10:24:10,1200.0,10.7,S
2021-07-22T10:24:10,100.0,10.7,S
2021-07-22T10:23:55,200.0,10.7,S
2021-07-22T10:23:42,100.0,10.75,B
2021-07-22T10:23:36,59200.0,10.6,S
2021-07-22T10:23:36,6000.0,10.6,S
2021-07-22T10:23:36,23900.0,10.6,S
2021-07-22T10:23:36,14200.0,10.6,S
2021-07-22T10:23:36,500.0,10.6,S
2021-07-22T10:23:36,51100.0,10.6,S
2021-07-22T10:23:36,119900.0,10.6,S
2021-07-22T10:23:36,45500.0,10.6,S
2021-07-22T10:23:36,3600.0,10.6,S
2021-07-22T10:23:36,1000.0,10.6,S
2021-07-22T10:23:36,5000.0,10.6,S
2021-07-22T10:23:35,2500.0,10.6,S
2021-07-22T10:23:35,6000.0,10.6,S
2021-07-22T10:23:35,5500.0,10.6,S
2021-07-22T10:23:35,6000.0,10.6,S
2021-07-22T10:23:35,1700.0,10.6,S
2021-07-22T10:23:35,1200.0,10.6,S
2021-07-22T10:23:35,4100.0,10.6,S
2021-07-22T10:23:35,1000.0,10.6,S
2021-07-22T10:23:35,1100.0,10.6,S
2021-07-22T10:23:35,22200.0,10.6,S
2021-07-22T10:23:35,200.0,10.6,S
2021-07-22T10:23:35,20000.0,10.6,S
2021-07-22T10:23:35,3700.0,10.6,S
2021-07-22T10:23:35,4100.0,10.6,S
2021-07-22T10:23:35,4200.0,10.6,S
2021-07-22T10:23:35,400.0,10.6,S
2021-07-22T10:23:35,900.0,10.6,S
2021-07-22T10:23:35,14500.0,10.6,S
2021-07-22T10:23:35,2200.0,10.6,S
2021-07-22T10:23:35,10400.0,10.65,S
2021-07-22T10:23:35,12000.0,10.65,S
2021-07-22T10:23:35,3500.0,10.65,S
2021-07-22T10:23:35,1000.0,10.65,S
2021-07-22T10:23:35,100.0,10.65,S
2021-07-22T10:23:35,10200.0,10.65,S
2021-07-22T10:23:35,15400.0,10.65,S
2021-07-22T10:23:35,31600.0,10.65,S
2021-07-22T10:23:35,5000.0,10.65,S
2021-07-22T10:23:35,5500.0,10.65,S
2021-07-22T10:23:35,1500.0,10.65,S
2021-07-22T10:23:35,3100.0,10.65,S
2021-07-22T10:23:35,5300.0,10.7,S
2021-07-22T10:23:35,400.0,10.7,S
2021-07-22T10:23:35,4800.0,10.7,S
2021-07-22T10:23:35,600.0,10.7,S
2021-07-22T10:23:35,100.0,10.7,S
2021-07-22T10:23:35,8100.0,10.7,S
2021-07-22T10:23:22,2000.0,10.75,B
2021-07-22T10:23:22,3700.0,10.75,B
2021-07-22T10:23:20,2200.0,10.75,B
2021-07-22T10:23:19,500.0,10.75,B
2021-07-22T10:23:15,1000.0,10.75,B
2021-07-22T10:23:08,300.0,10.75,B
2021-07-22T10:22:51,6600.0,10.75,B
2021-07-22T10:22:51,3500.0,10.75,B
2021-07-22T10:22:28,200.0,10.75,B
2021-07-22T10:22:22,300.0,10.7,S
2021-07-22T10:22:17,100.0,10.75,B
2021-07-22T10:22:04,100.0,10.75,B
2021-07-22T10:21:55,300.0,10.75,B
2021-07-22T10:21:46,2000.0,10.75,B
2021-07-22T10:21:40,100.0,10.75,B
2021-07-22T10:21:39,1200.0,10.75,B
2021-07-22T10:21:29,100.0,10.75,B
2021-07-22T10:21:20,300.0,10.75,B
2021-07-22T10:21:04,200.0,10.75,B
2021-07-22T10:21:00,5200.0,10.75,B
2021-07-22T10:20:55,500.0,10.75,B
2021-07-22T10:20:50,100.0,10.75,B
2021-07-22T10:20:10,3000.0,10.75,B
2021-07-22T10:20:02,1500.0,10.75,B
2021-07-22T10:19:50,13000.0,10.6,S
2021-07-22T10:19:45,1700.0,10.75,S
2021-07-22T10:19:44,400.0,10.8,B
2021-07-22T10:19:44,600.0,10.8,B
2021-07-22T10:19:40,200.0,10.75,S
2021-07-22T10:19:23,1100.0,10.6,B
2021-07-22T10:19:22,800.0,10.6,B
2021-07-22T10:19:22,200.0,10.6,B
2021-07-22T10:19:21,10000.0,10.6,B
2021-07-22T10:19:14,3700.0,10.6,B
2021-07-22T10:19:12,200.0,10.6,B
2021-07-22T10:19:12,1000.0,10.6,B
2021-07-22T10:19:11,6000.0,10.6,B
2021-07-22T10:19:11,1500.0,10.6,S
2021-07-22T10:19:11,100.0,10.6,S
2021-07-22T10:19:11,4000.0,10.6,S
2021-07-22T10:19:11,200.0,10.6,S
2021-07-22T10:19:11,1200.0,10.6,S
2021-07-22T10:19:11,2000.0,10.6,S
2021-07-22T10:19:11,2000.0,10.6,S
2021-07-22T10:19:11,400.0,10.6,S
2021-07-22T10:19:11,100.0,10.6,S
2021-07-22T10:19:11,11600.0,10.6,S
2021-07-22T10:19:11,2700.0,10.6,S
2021-07-22T10:19:11,9000.0,10.6,S
2021-07-22T10:19:11,600.0,10.6,S
2021-07-22T10:19:11,6200.0,10.6,S
2021-07-22T10:19:11,600.0,10.6,S
2021-07-22T10:19:11,200.0,10.6,S
2021-07-22T10:19:11,6000.0,10.6,S
2021-07-22T10:19:11,500.0,10.6,S
2021-07-22T10:19:11,3000.0,10.6,S
2021-07-22T10:19:11,1500.0,10.6,S
2021-07-22T10:19:11,5000.0,10.6,S
2021-07-22T10:19:11,6500.0,10.6,S
2021-07-22T10:19:11,10200.0,10.6,S
2021-07-22T10:19:11,15000.0,10.6,S
2021-07-22T10:19:11,10100.0,10.6,S
2021-07-22T10:19:11,200.0,10.6,S
2021-07-22T10:19:11,1000.0,10.6,S
2021-07-22T10:19:11,3500.0,10.6,S
2021-07-22T10:19:11,100.0,10.6,S
2021-07-22T10:19:11,100.0,10.6,S
2021-07-22T10:19:11,9400.0,10.6,S
2021-07-22T10:19:11,4200.0,10.6,S
2021-07-22T10:19:11,10500.0,10.6,S
2021-07-22T10:19:11,50000.0,10.6,S
2021-07-22T10:19:11,1500.0,10.6,S
2021-07-22T10:19:11,2800.0,10.6,S
2021-07-22T10:19:11,8200.0,10.6,S
2021-07-22T10:19:11,20100.0,10.6,S
2021-07-22T10:19:11,15200.0,10.6,S
2021-07-22T10:19:11,1000.0,10.6,S
2021-07-22T10:19:11,400.0,10.6,S
2021-07-22T10:19:11,700.0,10.6,S
2021-07-22T10:19:11,5500.0,10.6,S
2021-07-22T10:19:11,100.0,10.6,S
2021-07-22T10:19:11,200.0,10.6,S
2021-07-22T10:19:11,200.0,10.6,S
2021-07-22T10:19:11,5500.0,10.6,S
2021-07-22T10:19:11,1500.0,10.6,S
2021-07-22T10:19:11,200.0,10.6,S
2021-07-22T10:19:11,2000.0,10.6,S
2021-07-22T10:19:11,51100.0,10.6,S
2021-07-22T10:19:11,22000.0,10.6,S
2021-07-22T10:19:11,5500.0,10.6,S
2021-07-22T10:19:11,500.0,10.6,S
2021-07-22T10:19:11,2600.0,10.6,S
2021-07-22T10:19:11,1800.0,10.6,S
2021-07-22T10:19:11,200.0,10.6,S
2021-07-22T10:19:11,4500.0,10.6,S
2021-07-22T10:19:11,1000.0,10.6,S
2021-07-22T10:19:11,6000.0,10.6,S
2021-07-22T10:19:11,40100.0,10.6,S
2021-07-22T10:19:11,1200.0,10.6,S
2021-07-22T10:19:11,7000.0,10.6,S
2021-07-22T10:19:11,500.0,10.6,S
2021-07-22T10:19:11,2700.0,10.6,S
2021-07-22T10:19:11,5900.0,10.6,S
2021-07-22T10:19:11,6300.0,10.6,S
2021-07-22T10:19:11,100.0,10.6,S
2021-07-22T10:19:11,200.0,10.6,S
2021-07-22T10:19:11,4000.0,10.6,S
2021-07-22T10:19:11,6900.0,10.6,S
2021-07-22T10:19:11,6000.0,10.6,S
2021-07-22T10:19:11,500.0,10.6,S
2021-07-22T10:19:11,300.0,10.6,S
2021-07-22T10:19:11,300.0,10.6,S
2021-07-22T10:19:11,11000.0,10.6,S
2021-07-22T10:19:11,1200.0,10.6,S
2021-07-22T10:19:11,2900.0,10.6,S
2021-07-22T10:19:11,5000.0,10.6,S
2021-07-22T10:19:11,1700.0,10.6,S
2021-07-22T10:19:11,500.0,10.6,S
2021-07-22T10:19:11,1000.0,10.6,S
2021-07-22T10:19:11,600.0,10.6,S
2021-07-22T10:19:11,5000.0,10.6,S
2021-07-22T10:19:11,1300.0,10.6,S
2021-07-22T10:19:11,2000.0,10.6,S
2021-07-22T10:19:11,3100.0,10.6,S
2021-07-22T10:19:11,2000.0,10.6,S
2021-07-22T10:19:11,200.0,10.6,S
2021-07-22T10:19:11,3000.0,10.6,S
2021-07-22T10:19:11,5000.0,10.6,S
2021-07-22T10:19:11,200.0,10.6,S
2021-07-22T10:19:11,2400.0,10.6,S
2021-07-22T10:19:11,1000.0,10.65,S
2021-07-22T10:19:11,500.0,10.65,S
2021-07-22T10:19:11,100.0,10.65,S
2021-07-22T10:19:11,300.0,10.65,S
2021-07-22T10:19:11,13000.0,10.65,S
2021-07-22T10:19:11,39800.0,10.65,S
2021-07-22T10:19:11,7900.0,10.65,S
2021-07-22T10:19:11,600.0,10.65,S
2021-07-22T10:19:11,91800.0,10.65,S
2021-07-22T10:19:11,55100.0,10.65,S
2021-07-22T10:19:11,15000.0,10.65,S
2021-07-22T10:19:11,100.0,10.65,S
2021-07-22T10:19:11,5200.0,10.65,S
2021-07-22T10:19:11,3800.0,10.7,S
2021-07-22T10:19:11,600.0,10.7,S
2021-07-22T10:19:11,4800.0,10.7,S
2021-07-22T10:19:11,17800.0,10.7,S
