tradingTime,volume,price,side
2021-07-22T13:50:42,100.0,13.05,S
2021-07-22T13:50:16,500.0,13.05,S
2021-07-22T13:50:14,1000.0,13.1,B
2021-07-22T13:49:50,10000.0,13.1,B
2021-07-22T13:49:20,500.0,13.1,B
2021-07-22T13:49:04,300.0,13.1,B
2021-07-22T13:48:42,100.0,13.1,B
2021-07-22T13:48:20,500.0,13.05,S
2021-07-22T13:47:47,300.0,13.05,B
2021-07-22T13:47:45,1000.0,13.05,B
2021-07-22T13:47:41,2000.0,13.05,B
2021-07-22T13:47:17,200.0,13.05,B
2021-07-22T13:47:15,1400.0,13.05,B
2021-07-22T13:47:15,600.0,13.05,B
2021-07-22T13:46:46,500.0,13.05,B
2021-07-22T13:46:35,2300.0,13.05,B
2021-07-22T13:46:32,1000.0,13.05,B
2021-07-22T13:46:22,4700.0,13.05,B
2021-07-22T13:46:11,1000.0,13.05,B
2021-07-22T13:46:05,400.0,13.05,B
2021-07-22T13:46:02,400.0,13.05,B
2021-07-22T13:45:59,1000.0,13.05,B
2021-07-22T13:45:55,1000.0,13.05,B
2021-07-22T13:44:44,2100.0,13.05,S
2021-07-22T13:44:44,1600.0,13.05,S
2021-07-22T13:44:44,300.0,13.05,S
2021-07-22T13:44:44,500.0,13.05,S
2021-07-22T13:44:44,1600.0,13.05,S
2021-07-22T13:44:44,1000.0,13.05,S
2021-07-22T13:44:44,6500.0,13.05,S
2021-07-22T13:44:44,1500.0,13.05,S
2021-07-22T13:44:44,3000.0,13.05,S
2021-07-22T13:44:44,100.0,13.05,S
2021-07-22T13:44:44,13400.0,13.05,S
2021-07-22T13:44:38,1000.0,13.05,S
2021-07-22T13:44:25,100.0,13.1,B
2021-07-22T13:44:21,100.0,13.05,S
2021-07-22T13:44:03,5000.0,13.05,S
2021-07-22T13:43:48,400.0,13.1,B
2021-07-22T13:43:37,200.0,13.05,S
2021-07-22T13:43:12,500.0,13.05,S
2021-07-22T13:42:56,400.0,13.1,B
2021-07-22T13:42:54,100.0,13.1,B
2021-07-22T13:42:52,100.0,13.1,B
2021-07-22T13:42:39,500.0,13.1,B
2021-07-22T13:42:22,200.0,13.1,B
2021-07-22T13:42:05,5000.0,13.1,B
2021-07-22T13:42:01,100.0,13.1,B
2021-07-22T13:41:46,2500.0,13.1,B
2021-07-22T13:41:23,100.0,13.05,S
2021-07-22T13:41:20,600.0,13.1,B
2021-07-22T13:41:01,100.0,13.1,B
2021-07-22T13:40:43,1200.0,13.1,B
2021-07-22T13:39:59,2000.0,13.1,B
2021-07-22T13:39:55,2000.0,13.1,B
2021-07-22T13:39:54,200.0,13.1,B
2021-07-22T13:39:12,100.0,13.1,B
2021-07-22T13:39:07,3000.0,13.05,S
2021-07-22T13:39:03,600.0,13.1,B
2021-07-22T13:39:03,900.0,13.1,B
2021-07-22T13:39:02,100.0,13.1,B
2021-07-22T13:39:00,2300.0,13.1,B
2021-07-22T13:39:00,600.0,13.1,B
2021-07-22T13:38:44,300.0,13.1,B
2021-07-22T13:37:02,500.0,13.1,B
2021-07-22T13:36:53,100.0,13.05,S
2021-07-22T13:36:29,500.0,13.1,B
2021-07-22T13:36:19,100.0,13.1,B
2021-07-22T13:35:27,5900.0,13.1,B
2021-07-22T13:35:27,1000.0,13.1,B
2021-07-22T13:35:27,4200.0,13.1,B
2021-07-22T13:35:12,200.0,13.05,S
2021-07-22T13:35:09,1000.0,13.05,S
2021-07-22T13:35:09,600.0,13.05,S
2021-07-22T13:34:58,100.0,13.05,S
2021-07-22T13:33:53,1000.0,13.05,S
2021-07-22T13:32:52,100.0,13.1,B
2021-07-22T13:32:24,5000.0,13.1,B
2021-07-22T13:32:18,100.0,13.1,B
2021-07-22T13:31:39,100.0,13.1,B
2021-07-22T13:31:38,3000.0,13.05,S
2021-07-22T13:30:50,10000.0,13.1,B
2021-07-22T13:30:38,200.0,13.1,B
2021-07-22T13:30:33,600.0,13.1,B
2021-07-22T13:29:44,1000.0,13.1,B
2021-07-22T13:29:11,1400.0,13.1,B
2021-07-22T13:29:11,500.0,13.1,B
2021-07-22T13:29:11,100.0,13.1,B
2021-07-22T13:29:08,800.0,13.05,S
2021-07-22T13:29:08,200.0,13.05,S
2021-07-22T13:28:35,200.0,13.05,S
2021-07-22T13:28:28,1000.0,13.1,B
2021-07-22T13:28:20,100.0,13.1,B
2021-07-22T13:28:02,2400.0,13.1,B
2021-07-22T13:28:02,500.0,13.1,B
2021-07-22T13:27:27,1000.0,13.1,B
2021-07-22T13:27:19,2000.0,13.1,B
2021-07-22T13:27:18,100.0,13.1,B
2021-07-22T13:27:03,100.0,13.1,B
2021-07-22T13:26:57,10100.0,13.1,B
2021-07-22T13:26:57,3000.0,13.1,B
2021-07-22T13:26:57,2000.0,13.1,B
2021-07-22T13:26:57,100.0,13.1,B
2021-07-22T13:26:57,4800.0,13.1,B
2021-07-22T13:25:41,100.0,13.05,S
2021-07-22T13:25:35,500.0,13.05,S
2021-07-22T13:25:30,100.0,13.05,S
2021-07-22T13:24:52,1000.0,13.05,B
2021-07-22T13:24:52,3400.0,13.05,B
2021-07-22T13:24:00,200.0,13.0,S
2021-07-22T13:23:49,1000.0,13.05,B
2021-07-22T13:23:44,5600.0,13.05,S
2021-07-22T13:23:40,1000.0,13.1,B
2021-07-22T13:23:32,200.0,13.05,S
2021-07-22T13:23:31,100.0,13.05,S
2021-07-22T13:23:08,300.0,13.1,B
2021-07-22T13:23:08,4700.0,13.1,B
2021-07-22T13:22:56,100.0,13.05,B
2021-07-22T13:22:45,200.0,13.0,S
2021-07-22T13:22:28,1000.0,13.0,S
2021-07-22T13:22:12,2000.0,13.0,S
2021-07-22T13:22:03,100.0,13.0,S
2021-07-22T13:21:58,2000.0,13.0,S
2021-07-22T13:21:58,2800.0,13.0,S
2021-07-22T13:21:20,100.0,13.0,B
2021-07-22T13:21:20,4500.0,13.0,B
2021-07-22T13:21:20,4300.0,13.0,B
2021-07-22T13:21:16,600.0,13.0,B
2021-07-22T13:21:14,5100.0,13.0,B
2021-07-22T13:21:14,10500.0,13.0,B
2021-07-22T13:21:14,9400.0,13.0,B
2021-07-22T13:21:04,20000.0,13.0,B
2021-07-22T13:19:48,11500.0,13.0,B
2021-07-22T13:19:09,1000.0,13.0,B
2021-07-22T13:18:38,100.0,13.0,B
2021-07-22T13:18:30,500.0,13.0,B
2021-07-22T13:17:44,300.0,13.0,B
2021-07-22T13:17:27,10000.0,12.95,S
2021-07-22T13:17:23,100.0,13.0,B
2021-07-22T13:17:20,1000.0,12.95,S
2021-07-22T13:16:26,3000.0,12.95,S
2021-07-22T13:16:01,1000.0,13.0,B
2021-07-22T13:16:01,100.0,13.0,B
2021-07-22T13:15:54,9000.0,13.0,B
2021-07-22T13:15:53,500.0,13.0,S
2021-07-22T13:15:53,100.0,13.0,S
2021-07-22T13:15:53,5000.0,13.0,S
2021-07-22T13:15:53,500.0,13.0,S
2021-07-22T13:15:53,1000.0,13.0,S
2021-07-22T13:15:53,600.0,13.0,S
2021-07-22T13:15:53,10300.0,13.0,S
2021-07-22T13:15:53,29000.0,13.0,S
2021-07-22T13:15:47,800.0,13.0,S
2021-07-22T13:15:24,600.0,13.0,S
2021-07-22T13:15:03,100.0,13.05,B
2021-07-22T13:15:03,1500.0,13.05,B
2021-07-22T13:15:02,400.0,13.0,S
2021-07-22T13:14:38,9800.0,13.05,S
2021-07-22T13:14:26,100.0,13.05,S
2021-07-22T13:14:23,1000.0,13.05,S
2021-07-22T13:14:13,7200.0,13.05,S
2021-07-22T13:14:10,500.0,13.05,S
2021-07-22T13:13:53,5000.0,13.05,S
2021-07-22T13:13:52,1000.0,13.05,B
2021-07-22T13:13:43,100.0,13.05,B
2021-07-22T13:13:34,100.0,13.0,S
2021-07-22T13:13:12,2100.0,13.05,S
2021-07-22T13:13:09,300.0,13.05,S
2021-07-22T13:12:49,2000.0,13.05,S
2021-07-22T13:12:48,100.0,13.1,B
2021-07-22T13:12:46,2000.0,13.05,S
2021-07-22T13:12:36,500.0,13.05,S
2021-07-22T13:12:05,500.0,13.1,B
2021-07-22T13:11:50,200.0,13.1,S
2021-07-22T13:11:48,300.0,13.1,S
2021-07-22T13:11:46,500.0,13.1,B
2021-07-22T13:11:40,5000.0,13.1,B
2021-07-22T13:11:27,500.0,13.1,B
2021-07-22T13:11:18,5900.0,13.1,S
2021-07-22T13:11:12,300.0,13.1,S
2021-07-22T13:10:56,1000.0,13.15,B
2021-07-22T13:10:48,100.0,13.1,S
2021-07-22T13:10:47,1000.0,13.1,S
2021-07-22T13:10:26,1800.0,13.15,S
2021-07-22T13:10:25,200.0,13.15,S
2021-07-22T13:10:24,400.0,13.15,S
2021-07-22T13:10:21,1000.0,13.15,S
2021-07-22T13:10:15,500.0,13.15,S
2021-07-22T13:10:12,1000.0,13.15,S
2021-07-22T13:10:09,1000.0,13.15,S
2021-07-22T13:10:07,1000.0,13.15,S
2021-07-22T13:10:05,800.0,13.15,S
2021-07-22T13:10:03,900.0,13.15,S
2021-07-22T13:10:03,200.0,13.15,S
2021-07-22T13:10:02,2100.0,13.15,S
2021-07-22T13:10:02,18200.0,13.15,S
2021-07-22T13:09:58,300.0,13.15,S
2021-07-22T13:09:56,200.0,13.15,S
2021-07-22T13:09:56,5000.0,13.15,S
2021-07-22T13:09:50,7000.0,13.15,S
2021-07-22T13:09:47,1000.0,13.15,S
2021-07-22T13:09:42,3000.0,13.15,S
2021-07-22T13:09:39,1000.0,13.2,B
2021-07-22T13:09:34,50000.0,13.15,S
2021-07-22T13:09:30,300.0,13.15,S
2021-07-22T13:09:15,3400.0,13.15,S
2021-07-22T13:09:13,2000.0,13.2,B
2021-07-22T13:09:02,7300.0,13.2,B
2021-07-22T13:08:42,500.0,13.15,S
2021-07-22T13:08:42,500.0,13.15,S
2021-07-22T13:08:33,500.0,13.2,B
2021-07-22T13:08:28,2000.0,13.15,S
2021-07-22T13:08:20,100.0,13.15,S
2021-07-22T13:08:09,200.0,13.15,S
2021-07-22T13:08:00,2000.0,13.2,B
2021-07-22T13:07:57,100.0,13.15,S
2021-07-22T13:07:39,600.0,13.15,B
2021-07-22T13:07:31,1600.0,13.15,S
2021-07-22T13:07:21,500.0,13.15,B
2021-07-22T13:07:16,4500.0,13.15,B
2021-07-22T13:07:02,1000.0,13.15,B
2021-07-22T13:07:02,1000.0,13.15,B
2021-07-22T13:07:02,4200.0,13.15,B
2021-07-22T13:07:02,1500.0,13.15,B
2021-07-22T13:07:02,500.0,13.15,B
2021-07-22T13:07:02,7300.0,13.15,B
2021-07-22T13:07:00,200.0,13.15,B
2021-07-22T13:06:58,300.0,13.15,B
2021-07-22T13:06:53,2000.0,13.15,B
2021-07-22T13:06:41,1000.0,13.15,B
2021-07-22T13:06:39,1000.0,13.15,B
2021-07-22T13:06:37,100.0,13.15,B
2021-07-22T13:06:35,2000.0,13.15,B
2021-07-22T13:06:21,500.0,13.15,B
2021-07-22T13:06:18,2000.0,13.15,B
2021-07-22T13:06:11,1000.0,13.15,B
2021-07-22T13:06:09,500.0,13.15,B
2021-07-22T13:06:08,1000.0,13.15,B
2021-07-22T13:06:07,300.0,13.15,B
2021-07-22T13:06:04,100.0,13.15,B
2021-07-22T13:06:00,200.0,13.15,B
2021-07-22T13:05:59,500.0,13.15,S
2021-07-22T13:05:57,100.0,13.15,B
2021-07-22T13:05:57,26600.0,13.1,S
2021-07-22T13:05:51,10100.0,13.15,B
2021-07-22T13:05:48,200.0,13.15,B
2021-07-22T13:05:45,700.0,13.15,B
2021-07-22T13:05:45,100.0,13.15,B
2021-07-22T13:05:40,100.0,13.1,S
2021-07-22T13:05:37,100.0,13.15,B
2021-07-22T13:05:35,3800.0,13.15,B
2021-07-22T13:05:29,300.0,13.15,B
2021-07-22T13:05:27,200.0,13.1,S
2021-07-22T13:05:23,500.0,13.1,S
2021-07-22T13:05:22,9000.0,13.15,B
2021-07-22T13:05:17,500.0,13.15,B
2021-07-22T13:05:14,2500.0,13.1,S
2021-07-22T13:05:14,5000.0,13.1,S
2021-07-22T13:04:57,200.0,13.1,S
2021-07-22T13:04:55,1000.0,13.05,S
2021-07-22T13:04:55,1000.0,13.1,S
2021-07-22T13:04:52,4000.0,13.1,B
2021-07-22T13:04:51,10000.0,13.1,B
2021-07-22T13:04:46,1000.0,13.1,B
2021-07-22T13:04:40,100.0,13.1,B
2021-07-22T13:04:39,1000.0,13.1,B
2021-07-22T13:04:34,1600.0,13.1,B
2021-07-22T13:04:34,200.0,13.1,B
2021-07-22T13:04:34,1900.0,13.1,B
2021-07-22T13:04:32,100.0,13.1,B
2021-07-22T13:04:30,1000.0,13.1,B
2021-07-22T13:04:29,100.0,13.1,B
2021-07-22T13:04:19,7100.0,13.1,B
2021-07-22T13:04:19,700.0,13.1,B
2021-07-22T13:04:19,6000.0,13.1,B
2021-07-22T13:04:19,3800.0,13.1,B
2021-07-22T13:04:19,5400.0,13.1,B
2021-07-22T13:04:19,1200.0,13.1,B
2021-07-22T13:04:19,23800.0,13.1,B
2021-07-22T13:04:08,200.0,13.1,B
2021-07-22T13:03:46,3000.0,13.1,B
2021-07-22T13:03:42,5000.0,13.1,B
2021-07-22T13:03:40,5000.0,13.1,B
2021-07-22T13:03:17,500.0,13.05,S
2021-07-22T13:03:14,17000.0,13.05,B
2021-07-22T13:03:12,200.0,13.05,B
2021-07-22T13:03:05,700.0,13.0,S
2021-07-22T13:03:03,7400.0,13.0,B
2021-07-22T13:03:03,8400.0,13.0,B
2021-07-22T13:03:03,1100.0,13.0,B
2021-07-22T13:03:03,4800.0,13.0,B
2021-07-22T13:03:03,2000.0,13.0,B
2021-07-22T13:03:00,7700.0,13.0,B
2021-07-22T13:03:00,15000.0,13.0,B
2021-07-22T13:03:00,100.0,13.0,B
2021-07-22T13:03:00,5400.0,13.0,B
2021-07-22T13:03:00,5400.0,13.0,B
2021-07-22T13:03:00,1500.0,13.0,B
2021-07-22T13:03:00,64900.0,13.0,B
2021-07-22T13:02:53,2000.0,13.0,B
2021-07-22T13:02:53,1000.0,13.0,B
2021-07-22T13:02:49,14000.0,13.0,B
2021-07-22T13:02:47,300.0,13.0,B
2021-07-22T13:02:37,1200.0,13.0,B
2021-07-22T13:02:32,1400.0,13.0,B
2021-07-22T13:02:28,2000.0,13.0,B
2021-07-22T13:02:23,15200.0,13.0,B
2021-07-22T13:02:23,1700.0,13.0,B
2021-07-22T13:02:23,3000.0,13.0,B
2021-07-22T13:02:23,2900.0,13.0,B
2021-07-22T13:02:23,1000.0,13.0,B
2021-07-22T13:02:23,400.0,13.0,B
2021-07-22T13:02:23,2500.0,13.0,B
2021-07-22T13:02:23,500.0,13.0,B
2021-07-22T13:02:23,300.0,13.0,B
2021-07-22T13:02:23,1300.0,13.0,B
2021-07-22T13:02:23,3900.0,13.0,B
2021-07-22T13:02:23,200.0,13.0,B
2021-07-22T13:02:23,1600.0,13.0,B
2021-07-22T13:02:23,2100.0,13.0,B
2021-07-22T13:02:23,1300.0,13.0,B
2021-07-22T13:02:23,12100.0,13.0,B
2021-07-22T13:02:23,100.0,13.0,B
2021-07-22T13:02:20,1000.0,13.0,B
2021-07-22T13:02:11,3000.0,13.0,B
2021-07-22T13:01:57,200.0,13.0,B
2021-07-22T13:01:54,100.0,12.95,S
2021-07-22T13:01:48,600.0,13.0,B
2021-07-22T13:01:47,100.0,13.0,B
2021-07-22T13:01:38,1600.0,13.0,B
2021-07-22T13:01:38,1300.0,13.0,B
2021-07-22T13:01:38,1200.0,13.0,B
2021-07-22T13:01:38,900.0,13.0,B
2021-07-22T13:01:30,500.0,13.0,B
2021-07-22T13:01:25,1000.0,13.0,B
2021-07-22T13:01:23,1000.0,13.0,B
2021-07-22T13:01:20,3000.0,13.0,B
2021-07-22T13:01:18,1100.0,13.0,B
2021-07-22T13:01:17,5000.0,13.0,B
2021-07-22T13:01:02,500.0,13.0,B
2021-07-22T13:00:48,2000.0,13.0,B
2021-07-22T13:00:45,1000.0,13.0,B
2021-07-22T13:00:20,1700.0,12.95,B
2021-07-22T13:00:20,3000.0,12.95,B
2021-07-22T13:00:20,10100.0,12.95,B
2021-07-22T13:00:18,1100.0,12.95,B
2021-07-22T13:00:18,400.0,12.95,B
2021-07-22T13:00:18,6000.0,12.95,B
2021-07-22T13:00:18,2100.0,12.95,B
2021-07-22T13:00:18,10400.0,12.95,B
2021-07-22T13:00:12,100.0,12.9,S
2021-07-22T13:00:09,200.0,12.9,S
2021-07-22T13:00:09,10600.0,12.95,B
2021-07-22T13:00:08,100.0,12.9,S
2021-07-22T13:00:08,4000.0,12.9,S
2021-07-22T13:00:08,10000.0,12.95,B
2021-07-22T13:00:08,82600.0,12.95,B
2021-07-22T13:00:08,2500.0,12.95,B
2021-07-22T13:00:08,2100.0,12.95,B
2021-07-22T13:00:08,1100.0,12.95,B
2021-07-22T13:00:08,1700.0,12.95,B
2021-07-22T13:00:08,2400.0,12.9,S
2021-07-22T13:00:08,100.0,12.95,B
2021-07-22T13:00:04,500.0,12.9,S
2021-07-22T11:29:02,500.0,12.9,S
2021-07-22T11:28:16,47600.0,12.9,B
2021-07-22T11:28:16,500.0,12.9,B
2021-07-22T11:28:16,600.0,12.9,B
2021-07-22T11:28:16,1900.0,12.9,B
2021-07-22T11:28:16,1200.0,12.9,B
2021-07-22T11:28:16,500.0,12.9,B
2021-07-22T11:28:16,400.0,12.9,B
2021-07-22T11:28:16,28200.0,12.9,B
2021-07-22T11:28:08,100.0,12.9,B
2021-07-22T11:27:58,2000.0,12.9,B
2021-07-22T11:27:31,4000.0,12.9,B
2021-07-22T11:27:24,200.0,12.85,S
2021-07-22T11:27:00,700.0,12.85,S
2021-07-22T11:26:54,3000.0,12.9,B
2021-07-22T11:26:44,2000.0,12.85,B
2021-07-22T11:26:37,400.0,12.85,B
2021-07-22T11:26:34,600.0,12.85,S
2021-07-22T11:26:04,29600.0,12.9,B
2021-07-22T11:26:04,4700.0,12.9,B
2021-07-22T11:26:04,10600.0,12.9,B
2021-07-22T11:26:04,6500.0,12.9,B
2021-07-22T11:26:04,800.0,12.9,B
2021-07-22T11:26:04,300.0,12.9,B
2021-07-22T11:26:04,200.0,12.9,B
2021-07-22T11:26:04,300.0,12.9,B
2021-07-22T11:26:04,23100.0,12.9,B
2021-07-22T11:24:53,100.0,12.9,B
2021-07-22T11:24:33,300.0,12.85,S
2021-07-22T11:24:20,200.0,12.9,B
2021-07-22T11:23:48,500.0,12.9,B
2021-07-22T11:22:59,10000.0,12.9,B
2021-07-22T11:22:18,1000.0,12.9,B
2021-07-22T11:22:08,3000.0,12.9,B
2021-07-22T11:21:24,14200.0,12.85,B
2021-07-22T11:21:24,1000.0,12.85,B
2021-07-22T11:21:24,7000.0,12.85,B
2021-07-22T11:21:24,1400.0,12.85,B
2021-07-22T11:20:37,500.0,12.85,B
2021-07-22T11:20:21,7500.0,12.85,S
2021-07-22T11:20:21,14700.0,12.85,S
2021-07-22T11:20:21,200.0,12.85,S
2021-07-22T11:20:21,16000.0,12.85,S
2021-07-22T11:19:56,3000.0,12.85,S
2021-07-22T11:19:35,1000.0,12.85,S
2021-07-22T11:19:31,3000.0,12.85,S
2021-07-22T11:19:14,2000.0,12.85,S
2021-07-22T11:19:00,1000.0,12.85,S
2021-07-22T11:18:39,1000.0,12.85,S
2021-07-22T11:18:24,200.0,12.9,B
2021-07-22T11:18:23,200.0,12.9,B
2021-07-22T11:18:19,100.0,12.9,B
2021-07-22T11:18:17,200.0,12.85,S
2021-07-22T11:17:52,100.0,12.9,B
2021-07-22T11:17:46,300.0,12.9,B
2021-07-22T11:17:22,5000.0,12.9,B
2021-07-22T11:17:15,100.0,12.85,S
2021-07-22T11:17:06,1000.0,12.85,S
2021-07-22T11:17:01,6400.0,12.9,B
2021-07-22T11:17:01,500.0,12.9,B
2021-07-22T11:17:01,1200.0,12.9,B
2021-07-22T11:17:01,100.0,12.9,B
2021-07-22T11:17:01,5200.0,12.9,B
2021-07-22T11:17:01,20100.0,12.9,B
2021-07-22T11:17:01,1000.0,12.9,B
2021-07-22T11:17:01,7300.0,12.9,B
2021-07-22T11:17:01,1100.0,12.9,B
2021-07-22T11:17:01,1000.0,12.9,B
2021-07-22T11:17:01,2500.0,12.9,B
2021-07-22T11:17:01,5600.0,12.9,B
2021-07-22T11:17:01,1300.0,12.9,B
2021-07-22T11:17:01,14400.0,12.9,B
2021-07-22T11:16:51,3000.0,12.85,S
2021-07-22T11:16:18,900.0,12.9,B
2021-07-22T11:16:18,100.0,12.9,B
2021-07-22T11:16:18,2000.0,12.85,S
2021-07-22T11:16:06,100.0,12.85,S
2021-07-22T11:15:36,37500.0,12.85,B
2021-07-22T11:15:36,8500.0,12.85,B
2021-07-22T11:15:36,7000.0,12.85,B
2021-07-22T11:15:36,21900.0,12.85,B
2021-07-22T11:15:36,7500.0,12.85,B
2021-07-22T11:15:30,2000.0,12.85,B
2021-07-22T11:15:01,1300.0,12.85,B
2021-07-22T11:14:50,7000.0,12.85,B
2021-07-22T11:14:47,600.0,12.8,S
2021-07-22T11:14:22,3000.0,12.8,S
2021-07-22T11:14:04,500.0,12.8,S
2021-07-22T11:12:57,5000.0,12.85,B
2021-07-22T11:12:18,1500.0,12.85,B
2021-07-22T11:11:58,500.0,12.85,B
2021-07-22T11:11:26,2000.0,12.85,B
2021-07-22T11:11:14,1000.0,12.85,B
2021-07-22T11:10:41,800.0,12.85,B
2021-07-22T11:10:41,100.0,12.85,B
2021-07-22T11:10:41,4100.0,12.85,B
2021-07-22T11:10:11,1500.0,12.85,B
2021-07-22T11:10:02,5000.0,12.85,B
2021-07-22T11:09:36,900.0,12.85,B
2021-07-22T11:09:36,4100.0,12.85,B
2021-07-22T11:09:28,5000.0,12.85,B
2021-07-22T11:09:20,1000.0,12.85,B
2021-07-22T11:08:45,12000.0,12.85,B
2021-07-22T11:08:05,500.0,12.85,B
2021-07-22T11:07:56,200.0,12.8,S
2021-07-22T11:07:43,10000.0,12.85,B
2021-07-22T11:07:20,100.0,12.8,S
2021-07-22T11:06:47,100.0,12.8,S
2021-07-22T11:06:28,200.0,12.8,S
2021-07-22T11:06:06,400.0,12.8,B
2021-07-22T11:06:03,300.0,12.8,B
2021-07-22T11:06:01,100.0,12.8,B
2021-07-22T11:05:53,13000.0,12.8,B
2021-07-22T11:05:44,400.0,12.8,B
2021-07-22T11:05:43,1000.0,12.8,B
2021-07-22T11:05:40,200.0,12.8,S
2021-07-22T11:05:40,6300.0,12.8,S
2021-07-22T11:05:40,100.0,12.85,B
2021-07-22T11:05:37,500.0,12.8,S
2021-07-22T11:05:36,10200.0,12.8,S
2021-07-22T11:05:29,7000.0,12.8,S
2021-07-22T11:05:07,500.0,12.8,B
2021-07-22T11:05:07,100.0,12.8,B
2021-07-22T11:05:07,3100.0,12.8,B
2021-07-22T11:05:07,5000.0,12.8,B
2021-07-22T11:05:07,1900.0,12.8,B
2021-07-22T11:05:07,3400.0,12.8,B
2021-07-22T11:05:03,500.0,12.8,B
2021-07-22T11:05:03,1000.0,12.8,B
2021-07-22T11:04:57,2600.0,12.8,B
2021-07-22T11:04:57,500.0,12.8,B
2021-07-22T11:04:57,6900.0,12.8,B
2021-07-22T11:04:50,6200.0,12.8,B
2021-07-22T11:04:50,23800.0,12.8,B
2021-07-22T11:04:46,3000.0,12.8,B
2021-07-22T11:04:46,14700.0,12.8,B
2021-07-22T11:04:42,1000.0,12.8,B
2021-07-22T11:04:38,8100.0,12.8,B
2021-07-22T11:04:38,13900.0,12.8,B
2021-07-22T11:04:25,6100.0,12.8,B
2021-07-22T11:04:25,200.0,12.8,B
2021-07-22T11:04:25,500.0,12.8,B
2021-07-22T11:04:25,13200.0,12.8,B
2021-07-22T11:04:16,5000.0,12.8,B
2021-07-22T11:04:09,100.0,12.75,S
2021-07-22T11:03:30,1000.0,12.75,S
2021-07-22T11:03:29,1000.0,12.8,B
2021-07-22T11:02:40,3000.0,12.8,B
2021-07-22T11:02:27,200.0,12.8,B
2021-07-22T11:01:52,500.0,12.8,B
2021-07-22T11:01:05,1000.0,12.75,S
2021-07-22T10:59:45,5000.0,12.75,S
2021-07-22T10:58:47,200.0,12.75,S
2021-07-22T10:58:33,100.0,12.75,S
2021-07-22T10:57:10,100.0,12.8,B
2021-07-22T10:56:47,1000.0,12.8,B
2021-07-22T10:56:41,10000.0,12.75,S
2021-07-22T10:56:30,100.0,12.8,B
2021-07-22T10:56:10,100.0,12.75,S
2021-07-22T10:54:32,500.0,12.75,S
2021-07-22T10:54:29,12200.0,12.75,B
2021-07-22T10:54:29,14600.0,12.75,B
2021-07-22T10:54:20,1000.0,12.75,B
2021-07-22T10:54:03,300.0,12.75,B
2021-07-22T10:54:03,100.0,12.75,B
2021-07-22T10:53:34,3500.0,12.7,S
2021-07-22T10:52:55,1000.0,12.7,S
2021-07-22T10:52:32,200.0,12.75,B
2021-07-22T10:52:03,1300.0,12.75,B
2021-07-22T10:52:03,600.0,12.75,B
2021-07-22T10:52:03,100.0,12.75,B
2021-07-22T10:50:34,100.0,12.75,B
2021-07-22T10:49:58,200.0,12.75,B
2021-07-22T10:48:26,100.0,12.75,B
2021-07-22T10:48:01,4000.0,12.75,B
2021-07-22T10:47:11,2000.0,12.75,B
2021-07-22T10:47:10,100.0,12.75,B
2021-07-22T10:47:00,1000.0,12.75,B
2021-07-22T10:46:42,1100.0,12.75,B
2021-07-22T10:46:13,3000.0,12.7,S
2021-07-22T10:46:06,300.0,12.75,B
2021-07-22T10:45:15,5000.0,12.7,S
2021-07-22T10:45:13,100.0,12.7,S
2021-07-22T10:45:03,200.0,12.7,S
2021-07-22T10:45:01,100.0,12.7,S
2021-07-22T10:42:32,1000.0,12.7,S
2021-07-22T10:42:09,3500.0,12.75,B
2021-07-22T10:42:04,400.0,12.75,S
2021-07-22T10:42:00,3000.0,12.75,S
2021-07-22T10:41:49,100.0,12.75,S
2021-07-22T10:41:37,10000.0,12.75,S
2021-07-22T10:41:03,10000.0,12.75,S
2021-07-22T10:41:00,10000.0,12.75,S
2021-07-22T10:40:48,14000.0,12.75,S
2021-07-22T10:40:27,500.0,12.8,B
2021-07-22T10:40:09,200.0,12.8,B
2021-07-22T10:38:12,400.0,12.8,B
2021-07-22T10:37:53,500.0,12.75,S
2021-07-22T10:37:33,1000.0,12.8,B
2021-07-22T10:37:08,400.0,12.8,B
2021-07-22T10:34:58,1000.0,12.8,B
2021-07-22T10:34:42,6400.0,12.8,B
2021-07-22T10:34:42,2200.0,12.8,B
2021-07-22T10:34:42,10800.0,12.8,B
2021-07-22T10:34:42,10600.0,12.8,B
2021-07-22T10:34:17,2000.0,12.8,B
2021-07-22T10:33:55,100.0,12.8,B
2021-07-22T10:33:27,200.0,12.8,B
2021-07-22T10:31:46,500.0,12.75,S
2021-07-22T10:31:27,200.0,12.8,B
2021-07-22T10:31:09,500.0,12.75,S
2021-07-22T10:30:32,100.0,12.8,B
2021-07-22T10:30:25,6100.0,12.8,B
2021-07-22T10:30:14,1000.0,12.8,B
2021-07-22T10:29:46,2700.0,12.8,B
2021-07-22T10:29:13,100.0,12.75,S
2021-07-22T10:28:52,600.0,12.75,S
2021-07-22T10:26:31,100.0,12.75,S
2021-07-22T10:26:20,100.0,12.75,S
2021-07-22T10:25:15,1500.0,12.75,S
2021-07-22T10:25:12,300.0,12.75,S
2021-07-22T10:24:36,500.0,12.75,S
2021-07-22T10:24:04,100.0,12.75,B
2021-07-22T10:24:04,3900.0,12.75,B
2021-07-22T10:23:55,100.0,12.75,B
2021-07-22T10:23:54,1000.0,12.75,B
2021-07-22T10:23:20,200.0,12.75,B
2021-07-22T10:22:36,300.0,12.75,S
2021-07-22T10:22:35,400.0,12.75,S
2021-07-22T10:22:19,1100.0,12.75,B
2021-07-22T10:21:36,500.0,12.75,B
2021-07-22T10:21:25,1500.0,12.75,B
2021-07-22T10:20:16,100.0,12.75,S
2021-07-22T10:20:16,3000.0,12.75,S
2021-07-22T10:20:15,500.0,12.75,S
2021-07-22T10:20:04,1000.0,12.75,S
2021-07-22T10:19:55,5000.0,12.8,B
2021-07-22T10:19:06,1500.0,12.8,B
2021-07-22T10:18:47,1000.0,12.75,S
2021-07-22T10:18:32,200.0,12.75,S
2021-07-22T10:18:23,1000.0,12.75,S
2021-07-22T10:17:57,1300.0,12.8,S
2021-07-22T10:17:53,2000.0,12.8,S
2021-07-22T10:17:42,1000.0,12.8,S
2021-07-22T10:17:35,300.0,12.8,S
2021-07-22T10:17:28,1000.0,12.8,B
2021-07-22T10:17:28,1300.0,12.8,B
2021-07-22T10:17:28,1100.0,12.8,B
2021-07-22T10:17:28,2800.0,12.8,B
2021-07-22T10:17:28,2000.0,12.8,B
2021-07-22T10:17:28,200.0,12.8,B
2021-07-22T10:17:28,1700.0,12.8,B
2021-07-22T10:17:28,3100.0,12.8,B
2021-07-22T10:17:28,3500.0,12.8,B
2021-07-22T10:17:28,1100.0,12.8,B
2021-07-22T10:17:09,200.0,12.8,B
2021-07-22T10:16:59,2700.0,12.8,B
2021-07-22T10:16:59,2500.0,12.8,B
2021-07-22T10:16:59,3500.0,12.8,B
2021-07-22T10:16:59,700.0,12.8,B
2021-07-22T10:16:59,13400.0,12.8,B
2021-07-22T10:16:58,100.0,12.75,S
2021-07-22T10:16:30,1000.0,12.8,B
2021-07-22T10:16:12,500.0,12.8,B
2021-07-22T10:15:21,10000.0,12.8,B
2021-07-22T10:15:10,1000.0,12.75,S
2021-07-22T10:14:52,2000.0,12.75,S
2021-07-22T10:13:38,1000.0,12.75,S
2021-07-22T10:13:32,5000.0,12.75,S
2021-07-22T10:13:03,500.0,12.75,S
2021-07-22T10:13:03,600.0,12.75,B
2021-07-22T10:12:17,300.0,12.75,B
2021-07-22T10:12:03,200.0,12.7,S
2021-07-22T10:11:51,100.0,12.75,B
2021-07-22T10:11:34,2000.0,12.75,B
2021-07-22T10:11:22,500.0,12.75,B
2021-07-22T10:11:18,6700.0,12.75,S
2021-07-22T10:09:29,100.0,12.75,S
2021-07-22T10:08:25,400.0,12.75,B
2021-07-22T10:08:16,1000.0,12.7,S
2021-07-22T10:08:08,1000.0,12.7,S
2021-07-22T10:07:27,400.0,12.7,S
2021-07-22T10:07:13,300.0,12.7,S
2021-07-22T10:06:40,100.0,12.7,S
2021-07-22T10:05:38,100.0,12.7,B
2021-07-22T10:05:30,800.0,12.7,S
2021-07-22T10:04:41,200.0,12.7,B
2021-07-22T10:04:40,200.0,12.7,B
2021-07-22T10:04:16,200.0,12.7,S
2021-07-22T10:04:16,100.0,12.7,S
2021-07-22T10:04:15,1500.0,12.7,S
2021-07-22T10:03:58,500.0,12.7,B
2021-07-22T10:03:29,500.0,12.7,S
2021-07-22T10:03:29,500.0,12.7,S
2021-07-22T10:02:25,2500.0,12.7,B
2021-07-22T10:02:19,2000.0,12.7,B
2021-07-22T10:02:09,5300.0,12.7,S
2021-07-22T10:02:09,100.0,12.7,S
2021-07-22T10:02:09,600.0,12.7,S
2021-07-22T10:02:09,10500.0,12.7,S
2021-07-22T10:02:09,500.0,12.7,S
2021-07-22T10:02:09,37000.0,12.7,S
2021-07-22T10:02:07,200.0,12.8,B
2021-07-22T10:01:39,100.0,12.8,B
2021-07-22T10:01:20,2000.0,12.8,B
2021-07-22T10:01:09,1800.0,12.8,B
2021-07-22T10:00:55,1100.0,12.7,S
2021-07-22T10:00:55,1900.0,12.75,S
2021-07-22T10:00:55,6600.0,12.75,S
2021-07-22T10:00:55,10400.0,12.75,S
2021-07-22T10:00:51,500.0,12.8,B
2021-07-22T10:00:42,1000.0,12.8,B
2021-07-22T10:00:18,3000.0,12.8,B
2021-07-22T09:59:57,200.0,12.8,B
2021-07-22T09:59:52,3900.0,12.8,B
2021-07-22T09:59:52,900.0,12.8,B
2021-07-22T09:59:47,100.0,12.8,B
2021-07-22T09:59:27,2600.0,12.8,B
2021-07-22T09:58:58,4400.0,12.8,B
2021-07-22T09:58:54,2400.0,12.8,S
2021-07-22T09:58:45,1000.0,12.8,S
2021-07-22T09:58:43,500.0,12.8,S
2021-07-22T09:58:12,100.0,12.8,S
2021-07-22T09:58:02,2500.0,12.8,S
2021-07-22T09:57:25,200.0,12.8,B
2021-07-22T09:57:08,1200.0,12.8,S
2021-07-22T09:57:08,18600.0,12.8,S
2021-07-22T09:56:38,4000.0,12.85,B
2021-07-22T09:55:28,100.0,12.8,S
2021-07-22T09:55:17,500.0,12.8,S
2021-07-22T09:54:38,800.0,12.8,B
2021-07-22T09:54:38,300.0,12.8,B
2021-07-22T09:54:38,700.0,12.8,B
2021-07-22T09:54:38,1100.0,12.8,B
2021-07-22T09:54:38,3800.0,12.8,B
2021-07-22T09:54:38,2900.0,12.8,B
2021-07-22T09:54:38,100.0,12.8,B
2021-07-22T09:54:38,19100.0,12.8,B
2021-07-22T09:54:20,100.0,12.8,B
2021-07-22T09:54:04,3000.0,12.8,B
2021-07-22T09:53:41,4000.0,12.75,S
2021-07-22T09:53:24,500.0,12.8,B
2021-07-22T09:53:15,100.0,12.75,S
2021-07-22T09:51:51,2000.0,12.8,B
2021-07-22T09:51:34,100.0,12.8,B
2021-07-22T09:50:34,400.0,12.8,B
2021-07-22T09:48:41,100.0,12.8,S
2021-07-22T09:48:15,200.0,12.8,B
2021-07-22T09:47:53,300.0,12.8,B
2021-07-22T09:47:50,2100.0,12.75,S
2021-07-22T09:47:50,2000.0,12.8,B
2021-07-22T09:47:38,5000.0,12.8,B
2021-07-22T09:47:37,2000.0,12.8,B
2021-07-22T09:47:33,1000.0,12.8,B
2021-07-22T09:47:33,600.0,12.8,B
2021-07-22T09:47:01,3000.0,12.8,B
2021-07-22T09:46:56,8100.0,12.8,B
2021-07-22T09:46:56,11900.0,12.8,B
2021-07-22T09:46:27,100.0,12.75,S
2021-07-22T09:46:20,1900.0,12.8,B
2021-07-22T09:46:20,1900.0,12.8,B
2021-07-22T09:46:20,500.0,12.8,B
2021-07-22T09:46:20,600.0,12.8,B
2021-07-22T09:46:20,800.0,12.8,B
2021-07-22T09:46:20,1200.0,12.8,B
2021-07-22T09:46:20,1300.0,12.8,B
2021-07-22T09:46:20,1800.0,12.8,B
2021-07-22T09:46:06,10500.0,12.8,B
2021-07-22T09:46:06,300.0,12.8,B
2021-07-22T09:46:06,1200.0,12.8,B
2021-07-22T09:45:28,500.0,12.75,S
2021-07-22T09:45:00,300.0,12.75,S
2021-07-22T09:44:35,6000.0,12.75,S
2021-07-22T09:44:12,100.0,12.75,S
2021-07-22T09:44:03,18500.0,12.75,B
2021-07-22T09:43:14,1100.0,12.65,S
2021-07-22T09:41:45,500.0,12.65,S
2021-07-22T09:41:32,100.0,12.75,S
2021-07-22T09:41:08,4400.0,12.65,S
2021-07-22T09:41:08,2700.0,12.65,S
2021-07-22T09:41:08,10000.0,12.65,S
2021-07-22T09:41:07,52500.0,12.65,S
2021-07-22T09:41:01,2800.0,12.75,B
2021-07-22T09:40:37,2700.0,12.75,B
2021-07-22T09:40:32,800.0,12.75,S
2021-07-22T09:40:32,4200.0,12.75,S
2021-07-22T09:40:11,2000.0,12.8,B
2021-07-22T09:40:10,2000.0,12.8,B
2021-07-22T09:40:02,2000.0,12.8,B
2021-07-22T09:39:31,2000.0,12.8,B
2021-07-22T09:38:47,100.0,12.8,B
2021-07-22T09:38:06,2000.0,12.8,B
2021-07-22T09:38:00,100.0,12.8,B
2021-07-22T09:36:33,2000.0,12.8,B
2021-07-22T09:35:59,100.0,12.8,B
2021-07-22T09:35:42,200.0,12.75,S
2021-07-22T09:35:36,1000.0,12.8,B
2021-07-22T09:35:28,5000.0,12.8,B
2021-07-22T09:35:13,900.0,12.8,B
2021-07-22T09:35:13,100.0,12.8,B
2021-07-22T09:34:47,200.0,12.8,B
2021-07-22T09:34:13,5400.0,12.75,B
2021-07-22T09:34:09,100.0,12.75,B
2021-07-22T09:34:09,2300.0,12.75,B
2021-07-22T09:34:07,500.0,12.75,S
2021-07-22T09:34:07,100.0,12.75,S
2021-07-22T09:34:07,6600.0,12.75,S
2021-07-22T09:34:03,1000.0,12.75,S
2021-07-22T09:33:40,500.0,12.75,S
2021-07-22T09:33:12,42900.0,12.75,B
2021-07-22T09:32:35,3000.0,12.75,B
2021-07-22T09:32:35,5000.0,12.75,B
2021-07-22T09:32:28,100.0,12.7,S
2021-07-22T09:32:09,100.0,12.7,S
2021-07-22T09:31:50,3100.0,12.7,S
2021-07-22T09:31:17,600.0,12.7,S
2021-07-22T09:30:52,100.0,12.75,B
2021-07-22T09:30:31,200.0,12.75,B
2021-07-22T09:30:14,4500.0,12.7,S
2021-07-22T09:30:12,1000.0,12.7,S
2021-07-22T09:30:07,1500.0,12.75,B
2021-07-22T09:29:52,100.0,12.75,B
2021-07-22T09:29:51,100.0,12.7,S
2021-07-22T09:29:47,500.0,12.7,S
2021-07-22T09:29:44,200.0,12.7,S
2021-07-22T09:29:42,15000.0,12.7,S
2021-07-22T09:29:40,200.0,12.75,B
2021-07-22T09:29:35,1000.0,12.7,S
2021-07-22T09:29:35,500.0,12.75,B
2021-07-22T09:29:18,2000.0,12.7,S
2021-07-22T09:29:02,20800.0,12.7,B
2021-07-22T09:28:05,100.0,12.7,B
2021-07-22T09:27:27,800.0,12.65,S
2021-07-22T09:27:09,2000.0,12.65,S
2021-07-22T09:26:32,200.0,12.65,B
2021-07-22T09:26:26,800.0,12.65,S
2021-07-22T09:26:17,200.0,12.65,B
2021-07-22T09:26:02,2800.0,12.65,S
2021-07-22T09:25:56,200.0,12.65,S
2021-07-22T09:25:29,500.0,12.65,S
2021-07-22T09:25:29,4300.0,12.65,S
2021-07-22T09:24:33,3300.0,12.65,S
2021-07-22T09:24:15,100.0,12.65,B
2021-07-22T09:24:01,100.0,12.65,B
2021-07-22T09:23:54,2000.0,12.65,B
2021-07-22T09:23:35,200.0,12.6,S
2021-07-22T09:23:08,400.0,12.65,B
2021-07-22T09:22:46,300.0,12.65,B
2021-07-22T09:21:57,100.0,12.65,B
2021-07-22T09:21:48,1000.0,12.65,B
2021-07-22T09:21:43,1000.0,12.65,B
2021-07-22T09:21:33,500.0,12.65,B
2021-07-22T09:21:15,1000.0,12.65,B
2021-07-22T09:20:54,1400.0,12.6,S
2021-07-22T09:20:30,500.0,12.6,S
2021-07-22T09:20:28,20000.0,12.6,S
2021-07-22T09:20:05,200.0,12.6,S
2021-07-22T09:19:33,5000.0,12.6,S
2021-07-22T09:19:10,1000.0,12.6,S
2021-07-22T09:18:53,400.0,12.6,S
2021-07-22T09:18:43,70000.0,12.6,S
2021-07-22T09:17:59,400.0,12.6,S
2021-07-22T09:17:50,1000.0,12.7,B
