tradingTime,volume,price,side
2021-07-22T13:50:05,200.0,5.98,B
2021-07-22T13:49:23,100.0,5.98,B
2021-07-22T13:49:08,400.0,5.98,B
2021-07-22T13:48:32,100.0,5.98,S
2021-07-22T13:48:26,2000.0,5.99,B
2021-07-22T13:48:22,1000.0,5.99,B
2021-07-22T13:48:12,8400.0,5.99,S
2021-07-22T13:47:21,10000.0,5.99,S
2021-07-22T13:46:26,300.0,5.99,S
2021-07-22T13:46:16,5700.0,5.99,S
2021-07-22T13:45:51,2000.0,5.99,S
2021-07-22T13:45:37,6100.0,5.99,B
2021-07-22T13:45:10,100.0,5.99,B
2021-07-22T13:44:58,200.0,5.98,S
2021-07-22T13:44:47,2700.0,5.99,B
2021-07-22T13:44:47,2300.0,5.99,B
2021-07-22T13:44:05,7900.0,5.98,B
2021-07-22T13:42:27,100.0,5.98,B
2021-07-22T13:42:23,100.0,5.96,S
2021-07-22T13:41:12,400.0,5.97,B
2021-07-22T13:41:12,900.0,5.97,B
2021-07-22T13:40:49,100.0,5.97,B
2021-07-22T13:40:18,400.0,5.96,B
2021-07-22T13:40:10,2700.0,5.96,B
2021-07-22T13:39:58,2500.0,5.96,B
2021-07-22T13:39:04,2000.0,5.96,B
2021-07-22T13:38:54,100.0,5.95,B
2021-07-22T13:38:06,3000.0,5.96,B
2021-07-22T13:36:49,1100.0,5.95,B
2021-07-22T13:36:49,1400.0,5.95,B
2021-07-22T13:35:50,1000.0,5.93,S
2021-07-22T13:35:10,100.0,5.95,B
2021-07-22T13:34:44,23000.0,5.95,B
2021-07-22T13:34:18,100.0,5.94,B
2021-07-22T13:33:49,2000.0,5.94,B
2021-07-22T13:33:15,300.0,5.93,S
2021-07-22T13:32:25,100.0,5.95,B
2021-07-22T13:32:20,100.0,5.95,B
2021-07-22T13:32:17,2000.0,5.95,B
2021-07-22T13:31:30,800.0,5.95,B
2021-07-22T13:30:54,500.0,5.95,B
2021-07-22T13:30:40,100.0,5.95,B
2021-07-22T13:29:44,1000.0,5.95,B
2021-07-22T13:29:37,11500.0,5.95,S
2021-07-22T13:29:07,1000.0,5.96,B
2021-07-22T13:28:25,2500.0,5.96,B
2021-07-22T13:28:18,200.0,5.96,B
2021-07-22T13:28:06,200.0,5.96,B
2021-07-22T13:27:59,300.0,5.96,B
2021-07-22T13:27:49,100.0,5.96,B
2021-07-22T13:27:49,500.0,5.96,B
2021-07-22T13:27:16,800.0,5.95,B
2021-07-22T13:26:58,1700.0,5.95,B
2021-07-22T13:26:58,900.0,5.95,B
2021-07-22T13:26:58,5400.0,5.95,B
2021-07-22T13:26:27,1000.0,5.95,B
2021-07-22T13:26:21,100.0,5.95,B
2021-07-22T13:26:09,300.0,5.95,B
2021-07-22T13:26:09,500.0,5.94,B
2021-07-22T13:25:28,3000.0,5.95,B
2021-07-22T13:25:16,2100.0,5.92,B
2021-07-22T13:24:40,18400.0,5.94,B
2021-07-22T13:24:40,11600.0,5.93,B
2021-07-22T13:23:51,30000.0,5.92,B
2021-07-22T13:22:15,1000.0,5.9,S
2021-07-22T13:22:07,500.0,5.9,B
2021-07-22T13:21:22,100.0,5.9,B
2021-07-22T13:20:35,5000.0,5.9,B
2021-07-22T13:19:13,4300.0,5.9,S
2021-07-22T13:18:28,1000.0,5.9,S
2021-07-22T13:17:28,25700.0,5.9,B
2021-07-22T13:17:12,500.0,5.88,S
2021-07-22T13:16:42,1000.0,5.9,B
2021-07-22T13:15:45,1000.0,5.89,B
2021-07-22T13:15:39,11100.0,5.89,S
2021-07-22T13:15:05,10000.0,5.9,B
2021-07-22T13:15:04,500.0,5.9,B
2021-07-22T13:14:43,1000.0,5.9,B
2021-07-22T13:14:38,1000.0,5.9,S
2021-07-22T13:14:38,1300.0,5.9,S
2021-07-22T13:14:38,100.0,5.9,S
2021-07-22T13:14:27,100.0,5.91,S
2021-07-22T13:14:08,11300.0,5.92,S
2021-07-22T13:14:07,200.0,5.94,S
2021-07-22T13:13:35,4500.0,5.94,B
2021-07-22T13:13:14,3000.0,5.94,B
2021-07-22T13:13:01,1000.0,5.94,B
2021-07-22T13:12:46,8500.0,5.94,B
2021-07-22T13:12:46,100.0,5.94,B
2021-07-22T13:12:46,1400.0,5.94,B
2021-07-22T13:12:38,600.0,5.94,B
2021-07-22T13:12:19,300.0,5.93,S
2021-07-22T13:11:38,10000.0,5.93,S
2021-07-22T13:11:27,1000.0,5.94,B
2021-07-22T13:11:23,20000.0,5.94,B
2021-07-22T13:10:22,15000.0,5.94,B
2021-07-22T13:10:00,34600.0,5.93,B
2021-07-22T13:09:33,2500.0,5.92,B
2021-07-22T13:09:24,3000.0,5.92,B
2021-07-22T13:07:08,1700.0,5.92,B
2021-07-22T13:07:08,8300.0,5.92,B
2021-07-22T13:06:47,300.0,5.9,S
2021-07-22T13:06:41,1000.0,5.91,B
2021-07-22T13:06:33,100.0,5.9,S
2021-07-22T13:04:46,3000.0,5.91,B
2021-07-22T13:04:41,500.0,5.9,S
2021-07-22T13:03:08,100.0,5.9,S
2021-07-22T13:00:12,100.0,5.9,B
2021-07-22T13:00:09,100.0,5.9,B
2021-07-22T13:00:09,400.0,5.9,B
2021-07-22T13:00:09,800.0,5.9,B
2021-07-22T13:00:08,100.0,5.9,B
2021-07-22T13:00:08,500.0,5.9,B
2021-07-22T11:29:14,100.0,5.9,B
2021-07-22T11:28:45,200.0,5.9,B
2021-07-22T11:26:58,4200.0,5.9,S
2021-07-22T11:25:32,100.0,5.9,S
2021-07-22T11:25:08,100.0,5.9,S
2021-07-22T11:23:18,100.0,5.9,S
2021-07-22T11:23:16,9000.0,5.91,B
2021-07-22T11:22:30,1000.0,5.91,B
2021-07-22T11:21:23,500.0,5.9,B
2021-07-22T11:20:55,5500.0,5.91,B
2021-07-22T11:20:16,3800.0,5.9,S
2021-07-22T11:20:12,700.0,5.9,S
2021-07-22T11:20:09,100.0,5.91,B
2021-07-22T11:19:54,500.0,5.9,S
2021-07-22T11:19:51,20000.0,5.9,S
2021-07-22T11:19:44,3000.0,5.91,B
2021-07-22T11:19:39,4000.0,5.9,S
2021-07-22T11:19:29,5000.0,5.91,B
2021-07-22T11:19:27,1000.0,5.9,S
2021-07-22T11:19:02,100.0,5.91,S
2021-07-22T11:18:47,10000.0,5.91,S
2021-07-22T11:18:23,1000.0,5.92,B
2021-07-22T11:18:19,400.0,5.91,S
2021-07-22T11:18:09,200.0,5.91,S
2021-07-22T11:18:05,100.0,5.92,B
2021-07-22T11:17:19,3100.0,5.92,B
2021-07-22T11:17:06,100.0,5.92,S
2021-07-22T11:16:57,3000.0,5.92,S
2021-07-22T11:16:18,9500.0,5.92,S
2021-07-22T11:16:09,10800.0,5.92,B
2021-07-22T11:15:42,1000.0,5.92,B
2021-07-22T11:15:06,200.0,5.92,B
2021-07-22T11:14:27,10000.0,5.92,B
2021-07-22T11:13:55,4300.0,5.91,B
2021-07-22T11:13:35,6900.0,5.91,B
2021-07-22T11:13:15,3000.0,5.9,B
2021-07-22T11:13:12,4000.0,5.9,B
2021-07-22T11:13:09,100.0,5.9,B
2021-07-22T11:12:50,8100.0,5.9,B
2021-07-22T11:12:14,2700.0,5.9,B
2021-07-22T11:12:09,500.0,5.9,B
2021-07-22T11:11:44,5000.0,5.9,B
2021-07-22T11:11:37,500.0,5.9,B
2021-07-22T11:11:06,600.0,5.9,B
2021-07-22T11:10:56,400.0,5.89,S
2021-07-22T11:10:24,10000.0,5.9,B
2021-07-22T11:10:16,10000.0,5.9,B
2021-07-22T11:10:04,1400.0,5.9,B
2021-07-22T11:10:04,6300.0,5.9,B
2021-07-22T11:10:04,2300.0,5.9,B
2021-07-22T11:09:33,1000.0,5.89,S
2021-07-22T11:08:46,900.0,5.89,S
2021-07-22T11:08:39,5000.0,5.88,S
2021-07-22T11:08:07,500.0,5.89,B
2021-07-22T11:08:02,600.0,5.89,B
2021-07-22T11:06:44,800.0,5.89,S
2021-07-22T11:06:25,400.0,5.9,B
2021-07-22T11:06:10,100.0,5.89,S
2021-07-22T11:05:55,2000.0,5.89,B
2021-07-22T11:05:55,27100.0,5.89,B
2021-07-22T11:05:33,26300.0,5.88,S
2021-07-22T11:05:16,100.0,5.88,B
2021-07-22T11:05:11,33600.0,5.88,S
2021-07-22T11:05:00,4000.0,5.89,B
2021-07-22T11:05:00,1300.0,5.89,B
2021-07-22T11:04:59,4700.0,5.89,B
2021-07-22T11:04:40,5000.0,5.89,B
2021-07-22T11:04:13,4000.0,5.88,S
2021-07-22T11:03:54,1000.0,5.88,S
2021-07-22T11:03:54,5000.0,5.88,B
2021-07-22T11:03:54,2100.0,5.88,B
2021-07-22T11:03:54,1300.0,5.88,B
2021-07-22T11:03:47,3200.0,5.88,B
2021-07-22T11:03:39,200.0,5.88,B
2021-07-22T11:03:29,5500.0,5.88,B
2021-07-22T11:03:09,200.0,5.88,B
2021-07-22T11:02:30,1400.0,5.88,B
2021-07-22T11:01:56,800.0,5.88,B
2021-07-22T11:01:43,700.0,5.88,B
2021-07-22T11:01:19,400.0,5.88,B
2021-07-22T11:00:09,500.0,5.88,B
2021-07-22T10:58:56,3500.0,5.88,B
2021-07-22T10:58:48,500.0,5.88,S
2021-07-22T10:58:40,1000.0,5.88,S
2021-07-22T10:58:12,2700.0,5.88,B
2021-07-22T10:58:12,43800.0,5.88,B
2021-07-22T10:58:12,31200.0,5.87,B
2021-07-22T10:58:12,700.0,5.87,B
2021-07-22T10:58:12,16600.0,5.87,B
2021-07-22T10:58:09,600.0,5.87,B
2021-07-22T10:54:24,100.0,5.87,B
2021-07-22T10:54:21,200.0,5.87,B
2021-07-22T10:49:38,1200.0,5.87,B
2021-07-22T10:47:15,3100.0,5.85,S
2021-07-22T10:47:14,2300.0,5.85,S
2021-07-22T10:42:10,2000.0,5.85,S
2021-07-22T10:42:02,1700.0,5.85,B
2021-07-22T10:42:00,2000.0,5.85,S
2021-07-22T10:42:00,7000.0,5.85,S
2021-07-22T10:41:59,4000.0,5.85,S
2021-07-22T10:41:59,4400.0,5.85,S
2021-07-22T10:40:40,30000.0,5.86,S
2021-07-22T10:40:40,900.0,5.86,S
2021-07-22T10:40:34,2000.0,5.87,B
2021-07-22T10:38:46,200.0,5.87,B
2021-07-22T10:37:53,100.0,5.87,B
2021-07-22T10:36:52,20000.0,5.86,S
2021-07-22T10:34:54,6000.0,5.86,S
2021-07-22T10:34:18,800.0,5.86,S
2021-07-22T10:31:52,10000.0,5.87,S
2021-07-22T10:29:49,5000.0,5.88,B
2021-07-22T10:29:01,5000.0,5.88,B
2021-07-22T10:28:56,1900.0,5.88,B
2021-07-22T10:28:21,600.0,5.87,S
2021-07-22T10:27:08,5000.0,5.87,S
2021-07-22T10:26:56,500.0,5.88,S
2021-07-22T10:26:45,500.0,5.88,S
2021-07-22T10:26:31,400.0,5.88,S
2021-07-22T10:26:05,100.0,5.88,B
2021-07-22T10:26:05,1800.0,5.88,B
2021-07-22T10:26:05,3100.0,5.88,B
2021-07-22T10:25:15,1000.0,5.88,B
2021-07-22T10:24:59,15300.0,5.88,B
2021-07-22T10:24:59,1000.0,5.87,B
2021-07-22T10:24:59,3700.0,5.87,B
2021-07-22T10:24:14,1000.0,5.87,B
2021-07-22T10:23:42,5300.0,5.87,S
2021-07-22T10:23:30,1000.0,5.88,B
2021-07-22T10:22:38,2000.0,5.87,S
2021-07-22T10:22:19,500.0,5.88,B
2021-07-22T10:22:13,100.0,5.88,S
2021-07-22T10:22:12,100.0,5.88,B
2021-07-22T10:22:04,400.0,5.88,B
2021-07-22T10:21:52,1600.0,5.88,S
2021-07-22T10:20:57,1000.0,5.88,S
2021-07-22T10:20:13,100.0,5.89,B
2021-07-22T10:19:25,1400.0,5.89,S
2021-07-22T10:19:21,100.0,5.89,S
2021-07-22T10:18:54,2500.0,5.89,B
2021-07-22T10:18:48,400.0,5.88,B
2021-07-22T10:18:47,100.0,5.88,S
2021-07-22T10:18:23,800.0,5.89,B
2021-07-22T10:18:20,2500.0,5.89,B
2021-07-22T10:18:15,3500.0,5.89,S
2021-07-22T10:17:52,1000.0,5.89,S
2021-07-22T10:17:51,1500.0,5.89,B
2021-07-22T10:17:25,5000.0,5.89,B
2021-07-22T10:16:36,1500.0,5.89,S
2021-07-22T10:16:19,500.0,5.89,B
2021-07-22T10:15:13,4400.0,5.89,B
2021-07-22T10:15:13,5600.0,5.89,B
2021-07-22T10:15:00,100.0,5.88,S
2021-07-22T10:14:44,600.0,5.88,S
2021-07-22T10:13:24,100.0,5.88,B
2021-07-22T10:12:56,100.0,5.88,B
2021-07-22T10:12:48,1200.0,5.88,B
2021-07-22T10:12:40,800.0,5.88,B
2021-07-22T10:12:40,600.0,5.88,B
2021-07-22T10:12:32,1500.0,5.88,B
2021-07-22T10:12:32,1300.0,5.88,B
2021-07-22T10:11:18,2500.0,5.87,S
2021-07-22T10:08:32,8000.0,5.86,S
2021-07-22T10:08:22,10000.0,5.88,B
2021-07-22T10:07:29,300.0,5.86,S
2021-07-22T10:06:50,200.0,5.86,S
2021-07-22T10:06:49,1000.0,5.87,B
2021-07-22T10:06:49,600.0,5.87,B
2021-07-22T10:06:42,600.0,5.87,B
2021-07-22T10:06:34,900.0,5.87,B
2021-07-22T10:06:26,300.0,5.87,B
2021-07-22T10:06:20,300.0,5.87,B
2021-07-22T10:04:23,1900.0,5.87,B
2021-07-22T10:04:16,2000.0,5.86,S
2021-07-22T10:04:05,400.0,5.87,B
2021-07-22T10:04:05,2500.0,5.87,B
2021-07-22T10:04:05,1100.0,5.87,B
2021-07-22T10:03:40,4300.0,5.86,S
2021-07-22T10:03:40,700.0,5.86,S
2021-07-22T10:03:11,2100.0,5.86,S
2021-07-22T10:03:02,500.0,5.86,S
2021-07-22T10:01:03,1700.0,5.86,S
2021-07-22T10:01:00,300.0,5.86,S
2021-07-22T10:00:53,4700.0,5.86,B
2021-07-22T09:58:13,1000.0,5.86,S
2021-07-22T09:57:17,900.0,5.86,B
2021-07-22T09:57:11,600.0,5.86,B
2021-07-22T09:53:52,10000.0,5.85,S
2021-07-22T09:52:30,500.0,5.86,B
2021-07-22T09:51:39,300.0,5.86,B
2021-07-22T09:50:17,5000.0,5.86,B
2021-07-22T09:49:18,6000.0,5.86,S
2021-07-22T09:48:56,2900.0,5.86,S
2021-07-22T09:47:26,1000.0,5.87,B
2021-07-22T09:47:20,100.0,5.86,S
2021-07-22T09:46:58,6000.0,5.86,B
2021-07-22T09:46:53,100.0,5.85,S
2021-07-22T09:46:39,2500.0,5.85,S
2021-07-22T09:46:21,2000.0,5.86,S
2021-07-22T09:44:17,4000.0,5.85,S
2021-07-22T09:43:24,6200.0,5.85,B
2021-07-22T09:43:00,300.0,5.86,S
2021-07-22T09:42:14,500.0,5.87,B
2021-07-22T09:42:13,200.0,5.86,S
2021-07-22T09:41:58,1000.0,5.87,B
2021-07-22T09:38:51,1700.0,5.86,B
2021-07-22T09:38:42,1000.0,5.86,B
2021-07-22T09:37:23,300.0,5.86,B
2021-07-22T09:36:00,1500.0,5.86,B
2021-07-22T09:35:14,8000.0,5.86,B
2021-07-22T09:34:30,5000.0,5.85,S
2021-07-22T09:33:54,4900.0,5.85,S
2021-07-22T09:32:28,500.0,5.86,S
2021-07-22T09:31:09,400.0,5.86,S
2021-07-22T09:29:25,2500.0,5.86,S
2021-07-22T09:27:24,1500.0,5.86,B
2021-07-22T09:27:16,700.0,5.85,S
2021-07-22T09:26:06,1100.0,5.85,S
2021-07-22T09:25:43,100.0,5.85,B
2021-07-22T09:25:31,200.0,5.84,B
2021-07-22T09:25:31,200.0,5.84,B
2021-07-22T09:25:29,100.0,5.84,B
2021-07-22T09:24:32,1000.0,5.84,B
2021-07-22T09:24:11,6000.0,5.8,S
2021-07-22T09:23:11,200.0,5.8,S
2021-07-22T09:22:45,1100.0,5.8,B
2021-07-22T09:22:37,500.0,5.8,B
2021-07-22T09:22:28,5000.0,5.8,B
2021-07-22T09:20:47,1400.0,5.8,S
2021-07-22T09:20:38,600.0,5.8,S
2021-07-22T09:20:38,400.0,5.8,S
2021-07-22T09:20:08,300.0,5.8,S
2021-07-22T09:19:59,3000.0,5.8,S
2021-07-22T09:19:50,100.0,5.8,S
2021-07-22T09:19:34,2000.0,5.8,S
2021-07-22T09:19:34,200.0,5.8,S
2021-07-22T09:19:34,800.0,5.8,S
2021-07-22T09:19:12,100.0,5.8,S
2021-07-22T09:18:58,8400.0,5.8,S
2021-07-22T09:18:58,1600.0,5.8,S
