tradingTime,volume,price,side
2021-07-22T13:50:44,5000.0,23.95,S
2021-07-22T13:50:28,600.0,23.95,S
2021-07-22T13:50:27,100.0,23.95,S
2021-07-22T13:50:26,1000.0,23.95,S
2021-07-22T13:50:15,500.0,23.95,S
2021-07-22T13:50:13,200.0,23.95,S
2021-07-22T13:50:05,1000.0,23.95,S
2021-07-22T13:49:49,200.0,23.95,S
2021-07-22T13:49:41,500.0,23.95,S
2021-07-22T13:49:08,2000.0,23.95,S
2021-07-22T13:48:17,200.0,23.95,S
2021-07-22T13:48:13,100.0,23.95,S
2021-07-22T13:47:44,200.0,23.95,S
2021-07-22T13:47:34,2000.0,23.95,S
2021-07-22T13:47:29,5000.0,23.95,S
2021-07-22T13:47:27,1000.0,23.95,S
2021-07-22T13:47:15,1200.0,23.95,S
2021-07-22T13:47:13,200.0,23.95,S
2021-07-22T13:46:59,600.0,23.95,S
2021-07-22T13:46:51,500.0,23.95,S
2021-07-22T13:46:26,3000.0,23.95,S
2021-07-22T13:45:52,5000.0,23.95,S
2021-07-22T13:45:42,200.0,23.95,S
2021-07-22T13:45:24,5000.0,23.95,S
2021-07-22T13:45:19,600.0,23.95,S
2021-07-22T13:45:18,200.0,23.95,S
2021-07-22T13:45:10,1000.0,23.95,S
2021-07-22T13:45:03,3000.0,23.95,S
2021-07-22T13:45:02,100.0,23.95,S
2021-07-22T13:44:45,500.0,23.95,S
2021-07-22T13:44:43,600.0,23.95,S
2021-07-22T13:44:39,1500.0,23.95,S
2021-07-22T13:44:38,3000.0,23.95,S
2021-07-22T13:44:11,400.0,23.95,S
2021-07-22T13:43:52,900.0,23.95,S
2021-07-22T13:43:42,100.0,23.95,S
2021-07-22T13:43:40,5000.0,23.95,S
2021-07-22T13:43:37,400.0,23.95,S
2021-07-22T13:43:20,500.0,23.95,S
2021-07-22T13:43:14,500.0,23.95,S
2021-07-22T13:42:58,7000.0,23.95,S
2021-07-22T13:42:57,100.0,23.95,S
2021-07-22T13:42:50,1000.0,23.95,S
2021-07-22T13:42:49,100.0,23.95,S
2021-07-22T13:42:46,400.0,23.95,S
2021-07-22T13:42:46,500.0,23.95,S
2021-07-22T13:42:43,600.0,23.95,S
2021-07-22T13:42:15,1000.0,23.95,S
2021-07-22T13:42:13,1000.0,23.95,S
2021-07-22T13:42:08,200.0,23.95,S
2021-07-22T13:42:03,500.0,23.95,S
2021-07-22T13:41:36,2400.0,23.95,S
2021-07-22T13:41:28,5000.0,23.95,S
2021-07-22T13:41:26,100.0,23.95,S
2021-07-22T13:41:23,100.0,23.95,S
2021-07-22T13:41:18,100.0,23.95,S
2021-07-22T13:41:15,1000.0,23.95,S
2021-07-22T13:41:12,100.0,23.95,S
2021-07-22T13:41:11,1000.0,23.95,S
2021-07-22T13:41:05,300.0,23.95,S
2021-07-22T13:41:05,100.0,23.95,S
2021-07-22T13:40:52,300.0,23.95,S
2021-07-22T13:40:52,100.0,23.95,S
2021-07-22T13:40:50,10000.0,23.95,S
2021-07-22T13:40:49,3600.0,23.95,S
2021-07-22T13:40:46,800.0,23.95,S
2021-07-22T13:40:36,200.0,23.95,S
2021-07-22T13:40:32,300.0,23.95,S
2021-07-22T13:40:29,300.0,23.95,S
2021-07-22T13:40:26,3000.0,23.95,S
2021-07-22T13:40:20,500.0,23.95,S
2021-07-22T13:40:16,2000.0,23.95,S
2021-07-22T13:40:13,1000.0,23.95,S
2021-07-22T13:40:12,200.0,23.95,S
2021-07-22T13:40:12,500.0,23.95,S
2021-07-22T13:40:11,400.0,23.95,S
2021-07-22T13:40:10,500.0,23.95,S
2021-07-22T13:40:09,100.0,23.95,S
2021-07-22T13:40:08,500.0,23.95,S
2021-07-22T13:40:07,3000.0,23.95,S
2021-07-22T13:40:05,2000.0,23.95,S
2021-07-22T13:40:05,100.0,23.95,S
2021-07-22T13:40:03,500.0,23.95,S
2021-07-22T13:39:58,5000.0,23.95,S
2021-07-22T13:39:55,100.0,23.95,S
2021-07-22T13:39:41,1000.0,23.95,S
2021-07-22T13:39:40,700.0,23.95,S
2021-07-22T13:39:35,500.0,23.95,S
2021-07-22T13:39:35,500.0,23.95,S
2021-07-22T13:39:29,500.0,23.95,B
2021-07-22T13:39:29,2100.0,23.95,B
2021-07-22T13:39:29,1000.0,23.95,B
2021-07-22T13:39:29,24800.0,23.95,B
2021-07-22T13:39:29,10000.0,23.95,B
2021-07-22T13:39:29,2600.0,23.95,B
2021-07-22T13:39:29,2400.0,23.95,B
2021-07-22T13:39:29,10000.0,23.9,S
2021-07-22T13:39:27,1000.0,23.95,B
2021-07-22T13:39:25,500.0,23.95,B
2021-07-22T13:39:25,2000.0,23.95,B
2021-07-22T13:39:25,500.0,23.95,B
2021-07-22T13:39:24,1200.0,23.95,B
2021-07-22T13:39:24,3000.0,23.95,B
2021-07-22T13:39:23,9000.0,23.95,B
2021-07-22T13:39:23,6000.0,23.95,B
2021-07-22T13:39:22,4000.0,23.95,B
2021-07-22T13:39:21,5000.0,23.95,B
2021-07-22T13:39:21,16600.0,23.95,B
2021-07-22T13:39:21,700.0,23.95,B
2021-07-22T13:39:21,19900.0,23.95,B
2021-07-22T13:39:21,6800.0,23.95,B
2021-07-22T13:39:21,6000.0,23.95,B
2021-07-22T13:39:17,100.0,23.9,S
2021-07-22T13:39:04,4000.0,23.95,B
2021-07-22T13:39:04,9000.0,23.95,B
2021-07-22T13:39:04,2000.0,23.95,B
2021-07-22T13:39:04,400.0,23.95,B
2021-07-22T13:39:04,5100.0,23.95,B
2021-07-22T13:39:04,100.0,23.95,B
2021-07-22T13:39:04,1000.0,23.95,B
2021-07-22T13:39:04,100.0,23.95,B
2021-07-22T13:39:04,100.0,23.95,B
2021-07-22T13:39:04,1100.0,23.95,B
2021-07-22T13:39:04,200.0,23.95,B
2021-07-22T13:39:04,6000.0,23.95,B
2021-07-22T13:39:04,4500.0,23.95,B
2021-07-22T13:39:04,13300.0,23.95,B
2021-07-22T13:39:04,600.0,23.95,B
2021-07-22T13:39:04,200.0,23.95,B
2021-07-22T13:39:04,300.0,23.95,B
2021-07-22T13:39:04,2600.0,23.95,B
2021-07-22T13:39:04,700.0,23.95,B
2021-07-22T13:39:04,1100.0,23.95,B
2021-07-22T13:39:04,700.0,23.95,B
2021-07-22T13:39:04,900.0,23.95,B
2021-07-22T13:39:04,5000.0,23.95,B
2021-07-22T13:39:04,27200.0,23.95,B
2021-07-22T13:39:04,800.0,23.95,B
2021-07-22T13:39:04,300.0,23.95,B
2021-07-22T13:39:04,6900.0,23.95,B
2021-07-22T13:39:04,2200.0,23.95,B
2021-07-22T13:39:04,2300.0,23.95,B
2021-07-22T13:39:04,21000.0,23.95,B
2021-07-22T13:39:04,400.0,23.95,B
2021-07-22T13:39:04,300.0,23.95,B
2021-07-22T13:39:04,5000.0,23.95,B
2021-07-22T13:39:04,1500.0,23.95,B
2021-07-22T13:39:04,3800.0,23.95,B
2021-07-22T13:39:04,3200.0,23.95,B
2021-07-22T13:39:04,500.0,23.95,B
2021-07-22T13:39:04,100.0,23.95,B
2021-07-22T13:39:04,3500.0,23.95,B
2021-07-22T13:39:04,500.0,23.95,B
2021-07-22T13:39:04,500.0,23.95,B
2021-07-22T13:39:04,6800.0,23.95,B
2021-07-22T13:39:04,200.0,23.95,B
2021-07-22T13:39:04,1000.0,23.95,B
2021-07-22T13:39:04,33600.0,23.95,B
2021-07-22T13:39:04,7500.0,23.95,B
2021-07-22T13:39:04,47200.0,23.95,B
2021-07-22T13:39:04,2500.0,23.95,B
2021-07-22T13:39:04,2000.0,23.95,B
2021-07-22T13:39:04,25200.0,23.95,B
2021-07-22T13:39:04,13200.0,23.95,B
2021-07-22T13:39:04,1000.0,23.95,B
2021-07-22T13:39:04,1000.0,23.95,B
2021-07-22T13:39:04,12100.0,23.95,B
2021-07-22T13:39:04,1800.0,23.95,B
2021-07-22T13:39:04,3200.0,23.95,B
2021-07-22T13:39:04,11000.0,23.95,B
2021-07-22T13:39:04,11700.0,23.95,B
2021-07-22T13:39:04,1700.0,23.95,B
2021-07-22T13:39:04,5900.0,23.95,B
2021-07-22T13:39:04,10100.0,23.9,B
2021-07-22T13:39:04,500.0,23.9,B
2021-07-22T13:39:04,1200.0,23.9,B
2021-07-22T13:39:04,100.0,23.9,B
2021-07-22T13:39:04,100.0,23.9,B
2021-07-22T13:39:04,11200.0,23.9,B
2021-07-22T13:39:04,11000.0,23.9,B
2021-07-22T13:39:04,8100.0,23.9,B
2021-07-22T13:39:04,1000.0,23.9,B
2021-07-22T13:39:04,1700.0,23.9,B
2021-07-22T13:39:04,2400.0,23.9,B
2021-07-22T13:39:04,3600.0,23.9,B
2021-07-22T13:39:04,20000.0,23.9,B
2021-07-22T13:39:04,5300.0,23.9,B
2021-07-22T13:39:04,500.0,23.9,B
2021-07-22T13:39:04,16100.0,23.9,B
2021-07-22T13:39:04,10000.0,23.9,B
2021-07-22T13:39:04,5200.0,23.9,B
2021-07-22T13:39:04,1500.0,23.9,B
2021-07-22T13:39:04,100.0,23.9,B
2021-07-22T13:39:04,1000.0,23.9,B
2021-07-22T13:39:04,61700.0,23.9,B
2021-07-22T13:38:59,5000.0,23.9,B
2021-07-22T13:38:56,500.0,23.9,B
2021-07-22T13:38:51,2000.0,23.9,B
2021-07-22T13:38:48,700.0,23.9,B
2021-07-22T13:38:48,100.0,23.9,B
2021-07-22T13:38:48,4200.0,23.9,B
2021-07-22T13:38:46,21500.0,23.9,B
2021-07-22T13:38:44,1000.0,23.9,B
2021-07-22T13:38:40,3000.0,23.9,B
2021-07-22T13:38:39,2000.0,23.9,B
2021-07-22T13:38:37,3000.0,23.9,B
2021-07-22T13:38:32,2000.0,23.9,B
2021-07-22T13:38:28,500.0,23.9,B
2021-07-22T13:38:21,3000.0,23.9,B
2021-07-22T13:38:15,500.0,23.9,B
2021-07-22T13:38:13,100.0,23.9,B
2021-07-22T13:38:09,300.0,23.85,S
2021-07-22T13:38:04,4000.0,23.85,S
2021-07-22T13:38:02,500.0,23.85,B
2021-07-22T13:38:01,500.0,23.85,B
2021-07-22T13:38:01,500.0,23.85,B
2021-07-22T13:37:56,4800.0,23.85,B
2021-07-22T13:37:56,200.0,23.85,B
2021-07-22T13:37:56,500.0,23.85,B
2021-07-22T13:37:55,400.0,23.85,B
2021-07-22T13:37:49,500.0,23.85,B
2021-07-22T13:37:49,5000.0,23.85,B
2021-07-22T13:37:47,1000.0,23.85,B
2021-07-22T13:37:45,300.0,23.85,B
2021-07-22T13:37:43,50000.0,23.85,B
2021-07-22T13:37:39,200.0,23.85,B
2021-07-22T13:37:38,100.0,23.8,S
2021-07-22T13:37:32,100.0,23.85,B
2021-07-22T13:37:32,1200.0,23.8,S
2021-07-22T13:37:21,5600.0,23.8,B
2021-07-22T13:37:21,2300.0,23.8,B
2021-07-22T13:37:18,100.0,23.8,B
2021-07-22T13:37:13,3500.0,23.8,B
2021-07-22T13:37:13,1000.0,23.8,B
2021-07-22T13:37:13,1100.0,23.8,B
2021-07-22T13:37:13,4000.0,23.8,B
2021-07-22T13:37:13,1000.0,23.8,B
2021-07-22T13:37:13,3600.0,23.8,B
2021-07-22T13:37:12,500.0,23.8,B
2021-07-22T13:37:10,300.0,23.8,B
2021-07-22T13:37:08,200.0,23.8,B
2021-07-22T13:37:07,2500.0,23.8,B
2021-07-22T13:37:07,2200.0,23.8,B
2021-07-22T13:37:07,300.0,23.8,B
2021-07-22T13:37:06,2600.0,23.8,B
2021-07-22T13:37:05,10000.0,23.8,B
2021-07-22T13:37:04,100.0,23.8,B
2021-07-22T13:37:00,10000.0,23.8,B
2021-07-22T13:37:00,1100.0,23.8,B
2021-07-22T13:37:00,500.0,23.8,B
2021-07-22T13:36:56,25000.0,23.8,B
2021-07-22T13:36:47,100.0,23.8,B
2021-07-22T13:36:20,1000.0,23.8,B
2021-07-22T13:36:11,10000.0,23.8,B
2021-07-22T13:36:08,1000.0,23.75,S
2021-07-22T13:36:00,5000.0,23.8,B
2021-07-22T13:35:48,5000.0,23.75,S
2021-07-22T13:35:47,7700.0,23.8,B
2021-07-22T13:35:47,600.0,23.8,B
2021-07-22T13:35:47,600.0,23.8,B
2021-07-22T13:35:47,500.0,23.8,B
2021-07-22T13:35:47,600.0,23.8,B
2021-07-22T13:35:47,20000.0,23.8,B
2021-07-22T13:35:34,2600.0,23.8,B
2021-07-22T13:34:49,1000.0,23.75,S
2021-07-22T13:34:48,4500.0,23.8,B
2021-07-22T13:34:45,400.0,23.8,B
2021-07-22T13:34:43,400.0,23.8,B
2021-07-22T13:34:30,2100.0,23.8,B
2021-07-22T13:34:29,100.0,23.8,B
2021-07-22T13:34:14,400.0,23.8,B
2021-07-22T13:34:12,1100.0,23.8,B
2021-07-22T13:34:04,300.0,23.8,B
2021-07-22T13:33:58,1800.0,23.8,B
2021-07-22T13:33:58,10000.0,23.8,B
2021-07-22T13:33:40,10000.0,23.8,B
2021-07-22T13:33:28,1000.0,23.8,B
2021-07-22T13:33:22,200.0,23.75,S
2021-07-22T13:33:18,500.0,23.75,S
2021-07-22T13:33:08,100.0,23.75,S
2021-07-22T13:32:28,200.0,23.8,B
2021-07-22T13:32:26,2000.0,23.8,B
2021-07-22T13:32:24,100.0,23.75,S
2021-07-22T13:32:20,300.0,23.8,B
2021-07-22T13:32:19,1000.0,23.8,B
2021-07-22T13:32:18,800.0,23.8,B
2021-07-22T13:31:57,500.0,23.8,B
2021-07-22T13:31:52,2800.0,23.75,S
2021-07-22T13:31:37,200.0,23.8,B
2021-07-22T13:31:28,1700.0,23.8,B
2021-07-22T13:31:20,300.0,23.8,B
2021-07-22T13:31:17,1000.0,23.8,B
2021-07-22T13:31:02,300.0,23.8,B
2021-07-22T13:30:46,100.0,23.75,S
2021-07-22T13:30:18,400.0,23.75,S
2021-07-22T13:29:59,2900.0,23.8,B
2021-07-22T13:29:37,300.0,23.75,S
2021-07-22T13:29:28,100.0,23.75,S
2021-07-22T13:29:11,1300.0,23.75,B
2021-07-22T13:29:06,1000.0,23.75,B
2021-07-22T13:28:55,2000.0,23.7,S
2021-07-22T13:28:53,100.0,23.75,S
2021-07-22T13:28:52,5000.0,23.75,S
2021-07-22T13:28:40,3000.0,23.75,B
2021-07-22T13:28:40,1000.0,23.75,B
2021-07-22T13:28:39,1000.0,23.75,B
2021-07-22T13:28:36,500.0,23.75,B
2021-07-22T13:28:36,1400.0,23.75,B
2021-07-22T13:28:36,1600.0,23.75,B
2021-07-22T13:28:36,16500.0,23.75,B
2021-07-22T13:28:32,9600.0,23.75,B
2021-07-22T13:28:32,10400.0,23.75,B
2021-07-22T13:28:24,100.0,23.7,S
2021-07-22T13:28:23,200.0,23.75,B
2021-07-22T13:28:23,800.0,23.75,B
2021-07-22T13:28:23,200.0,23.75,B
2021-07-22T13:28:17,1200.0,23.75,B
2021-07-22T13:28:09,1000.0,23.75,B
2021-07-22T13:28:04,500.0,23.75,B
2021-07-22T13:27:57,100.0,23.75,B
2021-07-22T13:27:57,900.0,23.75,B
2021-07-22T13:27:54,19100.0,23.75,B
2021-07-22T13:27:54,1100.0,23.75,B
2021-07-22T13:27:53,9800.0,23.75,B
2021-07-22T13:27:49,200.0,23.75,B
2021-07-22T13:27:49,800.0,23.75,B
2021-07-22T13:27:42,100.0,23.75,B
2021-07-22T13:27:38,200.0,23.75,B
2021-07-22T13:27:38,19800.0,23.75,B
2021-07-22T13:27:12,700.0,23.75,B
2021-07-22T13:26:58,500.0,23.7,S
2021-07-22T13:26:47,15500.0,23.7,B
2021-07-22T13:26:42,1100.0,23.7,B
2021-07-22T13:26:42,100.0,23.7,B
2021-07-22T13:26:42,100.0,23.7,B
2021-07-22T13:26:41,7000.0,23.7,B
2021-07-22T13:26:41,3000.0,23.7,B
2021-07-22T13:26:33,3000.0,23.7,B
2021-07-22T13:26:19,1000.0,23.65,S
2021-07-22T13:26:05,500.0,23.7,B
2021-07-22T13:25:38,1100.0,23.65,B
2021-07-22T13:25:34,2000.0,23.6,B
2021-07-22T13:25:19,2900.0,23.6,S
2021-07-22T13:25:19,500.0,23.6,S
2021-07-22T13:25:19,900.0,23.6,S
2021-07-22T13:25:19,1200.0,23.6,S
2021-07-22T13:25:19,3000.0,23.6,S
2021-07-22T13:25:19,2700.0,23.6,S
2021-07-22T13:25:19,300.0,23.6,S
2021-07-22T13:25:19,900.0,23.6,S
2021-07-22T13:25:17,10000.0,23.65,B
2021-07-22T13:25:16,1000.0,23.65,B
2021-07-22T13:25:08,1000.0,23.65,B
2021-07-22T13:25:07,10000.0,23.65,S
2021-07-22T13:25:06,900.0,23.7,B
2021-07-22T13:25:02,500.0,23.65,S
2021-07-22T13:25:01,100.0,23.65,S
2021-07-22T13:24:57,1000.0,23.65,S
2021-07-22T13:24:39,1000.0,23.65,S
2021-07-22T13:24:18,100.0,23.65,S
2021-07-22T13:23:53,100.0,23.65,S
2021-07-22T13:23:19,200.0,23.7,B
2021-07-22T13:23:17,10000.0,23.7,B
2021-07-22T13:23:06,500.0,23.7,B
2021-07-22T13:22:55,200.0,23.7,B
2021-07-22T13:22:34,100.0,23.7,B
2021-07-22T13:22:22,500.0,23.7,B
2021-07-22T13:22:16,200.0,23.7,B
2021-07-22T13:22:15,13000.0,23.7,B
2021-07-22T13:21:59,2000.0,23.7,B
2021-07-22T13:21:54,200.0,23.7,B
2021-07-22T13:21:48,100.0,23.7,B
2021-07-22T13:21:33,500.0,23.7,B
2021-07-22T13:21:29,4000.0,23.7,B
2021-07-22T13:21:24,5100.0,23.7,B
2021-07-22T13:21:24,500.0,23.7,B
2021-07-22T13:21:24,24400.0,23.7,B
2021-07-22T13:21:23,400.0,23.65,S
2021-07-22T13:21:23,500.0,23.65,S
2021-07-22T13:21:23,800.0,23.65,S
2021-07-22T13:21:23,2700.0,23.65,S
2021-07-22T13:21:14,1000.0,23.7,B
2021-07-22T13:21:14,2000.0,23.7,B
2021-07-22T13:20:57,3800.0,23.7,S
2021-07-22T13:20:57,1300.0,23.7,S
2021-07-22T13:20:57,500.0,23.7,S
2021-07-22T13:20:57,3200.0,23.7,S
2021-07-22T13:20:54,1000.0,23.7,S
2021-07-22T13:20:54,100.0,23.7,S
2021-07-22T13:20:54,5000.0,23.7,S
2021-07-22T13:20:51,400.0,23.7,S
2021-07-22T13:20:46,500.0,23.7,S
2021-07-22T13:20:45,500.0,23.7,S
2021-07-22T13:20:39,400.0,23.7,S
2021-07-22T13:20:36,500.0,23.7,S
2021-07-22T13:20:29,500.0,23.75,B
2021-07-22T13:20:26,800.0,23.7,S
2021-07-22T13:20:26,2300.0,23.7,S
2021-07-22T13:20:26,3300.0,23.7,S
2021-07-22T13:20:26,13600.0,23.7,S
2021-07-22T13:20:23,7000.0,23.7,S
2021-07-22T13:20:23,5000.0,23.7,S
2021-07-22T13:20:22,900.0,23.7,S
2021-07-22T13:20:14,5000.0,23.7,S
2021-07-22T13:20:03,500.0,23.7,S
2021-07-22T13:20:01,100.0,23.7,S
2021-07-22T13:19:59,2000.0,23.75,B
2021-07-22T13:19:57,100.0,23.75,B
2021-07-22T13:19:57,5000.0,23.75,B
2021-07-22T13:19:51,400.0,23.7,S
2021-07-22T13:18:36,1000.0,23.75,B
2021-07-22T13:18:30,10800.0,23.7,S
2021-07-22T13:18:28,100.0,23.7,S
2021-07-22T13:18:19,10200.0,23.7,S
2021-07-22T13:18:05,1000.0,23.75,B
2021-07-22T13:17:53,100.0,23.75,B
2021-07-22T13:17:47,100.0,23.7,S
2021-07-22T13:17:39,500.0,23.75,B
2021-07-22T13:17:32,3000.0,23.75,B
2021-07-22T13:17:31,800.0,23.75,B
2021-07-22T13:17:23,1000.0,23.75,B
2021-07-22T13:17:19,100.0,23.75,B
2021-07-22T13:17:11,25200.0,23.75,B
2021-07-22T13:16:48,300.0,23.75,B
2021-07-22T13:16:47,100.0,23.7,S
2021-07-22T13:16:43,200.0,23.7,S
2021-07-22T13:16:31,700.0,23.75,B
2021-07-22T13:16:31,4300.0,23.75,B
2021-07-22T13:16:29,200.0,23.7,S
2021-07-22T13:16:25,1500.0,23.7,B
2021-07-22T13:16:22,600.0,23.7,B
2021-07-22T13:16:17,300.0,23.7,B
2021-07-22T13:16:17,1000.0,23.7,B
2021-07-22T13:16:12,100.0,23.7,B
2021-07-22T13:15:59,7600.0,23.7,S
2021-07-22T13:15:47,16000.0,23.7,S
2021-07-22T13:15:41,1300.0,23.7,B
2021-07-22T13:15:41,26400.0,23.7,B
2021-07-22T13:15:36,600.0,23.7,B
2021-07-22T13:15:32,5500.0,23.7,B
2021-07-22T13:15:27,500.0,23.7,B
2021-07-22T13:15:24,2000.0,23.65,S
2021-07-22T13:15:24,8000.0,23.65,S
2021-07-22T13:15:23,15000.0,23.65,S
2021-07-22T13:15:00,1400.0,23.7,S
2021-07-22T13:15:00,1000.0,23.7,S
2021-07-22T13:15:00,500.0,23.7,S
2021-07-22T13:15:00,100.0,23.7,S
2021-07-22T13:14:34,400.0,23.7,S
2021-07-22T13:14:32,1000.0,23.7,S
2021-07-22T13:14:22,8000.0,23.75,B
2021-07-22T13:14:12,1000.0,23.7,B
2021-07-22T13:14:08,1000.0,23.7,B
2021-07-22T13:14:07,400.0,23.7,B
2021-07-22T13:14:05,1400.0,23.7,B
2021-07-22T13:14:05,1500.0,23.7,B
2021-07-22T13:13:52,2000.0,23.7,S
2021-07-22T13:13:46,200.0,23.75,B
2021-07-22T13:13:46,6200.0,23.75,B
2021-07-22T13:13:46,400.0,23.75,B
2021-07-22T13:13:46,100.0,23.7,B
2021-07-22T13:13:46,5900.0,23.7,B
2021-07-22T13:13:31,300.0,23.7,B
2021-07-22T13:13:30,1000.0,23.7,B
2021-07-22T13:13:20,500.0,23.7,B
2021-07-22T13:13:20,100.0,23.7,B
2021-07-22T13:13:18,100.0,23.7,B
2021-07-22T13:13:15,200.0,23.7,B
2021-07-22T13:13:14,20000.0,23.7,B
2021-07-22T13:13:14,1000.0,23.7,B
2021-07-22T13:13:05,1900.0,23.7,S
2021-07-22T13:13:01,100.0,23.7,S
2021-07-22T13:12:53,2300.0,23.7,S
2021-07-22T13:12:44,7900.0,23.7,B
2021-07-22T13:12:44,400.0,23.7,B
2021-07-22T13:12:44,1600.0,23.7,B
2021-07-22T13:12:42,400.0,23.7,B
2021-07-22T13:12:42,100.0,23.7,B
2021-07-22T13:12:42,1000.0,23.7,B
2021-07-22T13:12:42,2000.0,23.7,B
2021-07-22T13:12:42,3100.0,23.7,B
2021-07-22T13:12:42,3100.0,23.7,B
2021-07-22T13:12:42,1000.0,23.7,B
2021-07-22T13:12:42,9300.0,23.7,B
2021-07-22T13:12:41,3600.0,23.7,B
2021-07-22T13:12:40,5000.0,23.7,B
2021-07-22T13:12:40,2000.0,23.7,B
2021-07-22T13:12:36,1800.0,23.7,B
2021-07-22T13:12:30,500.0,23.7,B
2021-07-22T13:12:29,10000.0,23.7,B
2021-07-22T13:12:28,300.0,23.65,S
2021-07-22T13:12:23,1000.0,23.7,B
2021-07-22T13:12:19,3000.0,23.7,B
2021-07-22T13:12:09,900.0,23.7,B
2021-07-22T13:12:09,2000.0,23.7,B
2021-07-22T13:12:08,2000.0,23.7,B
2021-07-22T13:12:07,500.0,23.7,B
2021-07-22T13:12:07,10000.0,23.7,B
2021-07-22T13:11:59,500.0,23.7,B
2021-07-22T13:11:57,1200.0,23.7,B
2021-07-22T13:11:50,3000.0,23.7,B
2021-07-22T13:11:46,5000.0,23.7,B
2021-07-22T13:11:44,10000.0,23.7,B
2021-07-22T13:11:43,1000.0,23.7,B
2021-07-22T13:11:39,21200.0,23.7,B
2021-07-22T13:11:39,200.0,23.7,B
2021-07-22T13:11:37,5000.0,23.7,B
2021-07-22T13:11:21,100.0,23.7,B
2021-07-22T13:11:10,8200.0,23.7,B
2021-07-22T13:11:10,20500.0,23.7,B
2021-07-22T13:11:10,100.0,23.7,B
2021-07-22T13:11:10,3400.0,23.7,B
2021-07-22T13:11:10,300.0,23.7,B
2021-07-22T13:11:10,7000.0,23.7,B
2021-07-22T13:11:10,300.0,23.7,B
2021-07-22T13:11:10,4000.0,23.7,B
2021-07-22T13:11:10,400.0,23.7,B
2021-07-22T13:11:10,32300.0,23.7,B
2021-07-22T13:11:10,23500.0,23.7,B
2021-07-22T13:11:00,200.0,23.65,S
2021-07-22T13:10:45,100.0,23.65,S
2021-07-22T13:10:32,1000.0,23.65,S
2021-07-22T13:10:20,1700.0,23.65,B
2021-07-22T13:10:18,300.0,23.65,B
2021-07-22T13:10:11,500.0,23.65,S
2021-07-22T13:09:27,4600.0,23.65,S
2021-07-22T13:09:27,10400.0,23.65,S
2021-07-22T13:09:13,700.0,23.65,S
2021-07-22T13:08:55,2000.0,23.65,S
2021-07-22T13:08:47,2000.0,23.65,S
2021-07-22T13:08:30,200.0,23.65,S
2021-07-22T13:08:29,2400.0,23.65,B
2021-07-22T13:08:29,13100.0,23.65,B
2021-07-22T13:08:17,500.0,23.65,B
2021-07-22T13:07:58,4600.0,23.65,B
2021-07-22T13:07:58,18800.0,23.65,S
2021-07-22T13:07:31,17100.0,23.65,S
2021-07-22T13:07:30,200.0,23.65,S
2021-07-22T13:07:27,5000.0,23.65,S
2021-07-22T13:07:22,1000.0,23.65,S
2021-07-22T13:07:22,200.0,23.65,S
2021-07-22T13:07:22,800.0,23.65,S
2021-07-22T13:07:01,1000.0,23.65,S
2021-07-22T13:06:58,300.0,23.65,S
2021-07-22T13:06:50,3000.0,23.65,S
2021-07-22T13:06:45,300.0,23.65,S
2021-07-22T13:06:45,1000.0,23.65,S
2021-07-22T13:06:41,100.0,23.65,S
2021-07-22T13:06:38,1800.0,23.65,S
2021-07-22T13:06:35,5800.0,23.65,S
2021-07-22T13:06:22,2000.0,23.65,S
2021-07-22T13:06:12,100.0,23.65,S
2021-07-22T13:06:11,2000.0,23.65,S
2021-07-22T13:06:05,200.0,23.65,S
2021-07-22T13:06:04,4000.0,23.65,B
2021-07-22T13:06:03,2000.0,23.65,B
2021-07-22T13:06:03,8000.0,23.65,B
2021-07-22T13:05:55,13000.0,23.65,B
2021-07-22T13:05:52,100.0,23.65,B
2021-07-22T13:05:45,2000.0,23.65,B
2021-07-22T13:05:22,100.0,23.65,B
2021-07-22T13:05:20,200.0,23.65,B
2021-07-22T13:05:19,1000.0,23.65,B
2021-07-22T13:05:01,100.0,23.65,B
2021-07-22T13:04:44,200.0,23.65,B
2021-07-22T13:04:38,1000.0,23.65,B
2021-07-22T13:04:33,4300.0,23.65,S
2021-07-22T13:04:16,200.0,23.7,B
2021-07-22T13:04:10,10000.0,23.65,S
2021-07-22T13:04:00,200.0,23.7,B
2021-07-22T13:03:50,500.0,23.7,B
2021-07-22T13:03:42,100.0,23.65,S
2021-07-22T13:03:38,300.0,23.7,B
2021-07-22T13:03:29,200.0,23.7,B
2021-07-22T13:03:29,500.0,23.7,B
2021-07-22T13:02:57,500.0,23.7,B
2021-07-22T13:02:49,2000.0,23.65,S
2021-07-22T13:02:42,1000.0,23.7,B
2021-07-22T13:02:37,400.0,23.7,B
2021-07-22T13:02:29,500.0,23.7,B
2021-07-22T13:02:11,1000.0,23.7,B
2021-07-22T13:01:52,2000.0,23.65,B
2021-07-22T13:01:52,300.0,23.65,B
2021-07-22T13:01:50,100.0,23.65,B
2021-07-22T13:01:49,3000.0,23.65,B
2021-07-22T13:01:48,1000.0,23.65,B
2021-07-22T13:01:48,6000.0,23.65,B
2021-07-22T13:01:45,200.0,23.65,B
2021-07-22T13:01:43,8500.0,23.65,B
2021-07-22T13:01:43,1500.0,23.65,B
2021-07-22T13:01:43,1500.0,23.65,B
2021-07-22T13:01:43,6500.0,23.65,B
2021-07-22T13:01:41,1500.0,23.65,B
2021-07-22T13:01:38,5000.0,23.65,B
2021-07-22T13:01:37,18000.0,23.65,B
2021-07-22T13:01:37,500.0,23.65,B
2021-07-22T13:01:32,15000.0,23.65,B
2021-07-22T13:01:28,100.0,23.65,B
2021-07-22T13:01:23,800.0,23.6,B
2021-07-22T13:01:23,100.0,23.6,B
2021-07-22T13:01:23,1000.0,23.6,B
2021-07-22T13:01:23,500.0,23.6,B
2021-07-22T13:01:23,21000.0,23.6,B
2021-07-22T13:01:23,10300.0,23.6,B
2021-07-22T13:01:23,18200.0,23.6,B
2021-07-22T13:01:22,2500.0,23.6,B
2021-07-22T13:01:20,5000.0,23.6,B
2021-07-22T13:01:20,4000.0,23.6,B
2021-07-22T13:01:08,1000.0,23.6,B
2021-07-22T13:01:08,1000.0,23.6,B
2021-07-22T13:01:06,1500.0,23.6,B
2021-07-22T13:01:02,1000.0,23.6,B
2021-07-22T13:00:55,4000.0,23.6,B
2021-07-22T13:00:37,4000.0,23.55,B
2021-07-22T13:00:36,100.0,23.55,B
2021-07-22T13:00:33,800.0,23.55,B
2021-07-22T13:00:29,2000.0,23.55,B
2021-07-22T13:00:25,3000.0,23.55,B
2021-07-22T13:00:23,2000.0,23.55,B
2021-07-22T13:00:20,35000.0,23.55,B
2021-07-22T13:00:15,500.0,23.5,S
2021-07-22T13:00:12,100.0,23.5,S
2021-07-22T13:00:12,100.0,23.55,B
2021-07-22T13:00:12,500.0,23.55,B
2021-07-22T13:00:12,6200.0,23.55,B
2021-07-22T13:00:12,1000.0,23.55,B
2021-07-22T13:00:12,1100.0,23.55,B
2021-07-22T13:00:12,100.0,23.55,B
2021-07-22T13:00:12,16000.0,23.55,B
2021-07-22T13:00:12,1000.0,23.5,B
2021-07-22T13:00:09,1000.0,23.45,S
2021-07-22T13:00:08,300.0,23.5,B
2021-07-22T13:00:08,1700.0,23.5,B
2021-07-22T13:00:08,300.0,23.5,B
2021-07-22T13:00:08,100.0,23.5,B
2021-07-22T13:00:08,100.0,23.5,B
2021-07-22T13:00:08,500.0,23.5,B
2021-07-22T13:00:08,1400.0,23.45,B
2021-07-22T13:00:08,6100.0,23.45,B
2021-07-22T13:00:08,5000.0,23.45,B
2021-07-22T13:00:08,1000.0,23.45,B
2021-07-22T13:00:04,400.0,23.45,B
2021-07-22T11:29:41,5000.0,23.4,S
2021-07-22T11:29:05,100.0,23.4,S
2021-07-22T11:28:45,1400.0,23.4,B
2021-07-22T11:28:44,500.0,23.4,B
2021-07-22T11:28:42,1000.0,23.4,B
2021-07-22T11:28:38,500.0,23.4,B
2021-07-22T11:28:38,1000.0,23.4,B
2021-07-22T11:28:32,1000.0,23.4,B
2021-07-22T11:28:18,1000.0,23.4,B
2021-07-22T11:28:13,500.0,23.4,B
2021-07-22T11:28:02,100.0,23.4,B
2021-07-22T11:27:54,2000.0,23.35,S
2021-07-22T11:27:51,1000.0,23.4,B
2021-07-22T11:27:48,100.0,23.4,B
2021-07-22T11:27:44,100.0,23.4,B
2021-07-22T11:27:31,2000.0,23.4,B
2021-07-22T11:27:24,1000.0,23.4,B
2021-07-22T11:26:49,1500.0,23.4,B
2021-07-22T11:26:41,1000.0,23.4,B
2021-07-22T11:26:19,100.0,23.4,B
2021-07-22T11:26:15,300.0,23.4,B
2021-07-22T11:26:02,10900.0,23.4,S
2021-07-22T11:25:34,2000.0,23.45,B
2021-07-22T11:25:04,300.0,23.4,S
2021-07-22T11:24:00,500.0,23.35,S
2021-07-22T11:23:52,8200.0,23.5,B
2021-07-22T11:23:52,20000.0,23.5,B
2021-07-22T11:23:52,2000.0,23.45,B
2021-07-22T11:23:52,19800.0,23.45,B
2021-07-22T11:23:50,1000.0,23.4,B
2021-07-22T11:23:46,15000.0,23.4,B
2021-07-22T11:23:45,1000.0,23.4,B
2021-07-22T11:23:36,100.0,23.35,S
2021-07-22T11:22:43,1000.0,23.4,B
2021-07-22T11:22:43,7500.0,23.35,S
2021-07-22T11:22:38,5700.0,23.35,S
2021-07-22T11:22:03,300.0,23.4,B
2021-07-22T11:21:44,1000.0,23.4,B
2021-07-22T11:21:16,300.0,23.4,B
2021-07-22T11:20:30,2400.0,23.4,B
2021-07-22T11:20:21,200.0,23.4,B
2021-07-22T11:20:13,500.0,23.4,B
2021-07-22T11:20:06,1000.0,23.4,B
2021-07-22T11:20:04,2200.0,23.4,S
2021-07-22T11:20:00,5000.0,23.4,S
2021-07-22T11:19:43,26900.0,23.4,S
2021-07-22T11:19:43,900.0,23.4,S
2021-07-22T11:19:43,2800.0,23.4,S
2021-07-22T11:19:43,300.0,23.4,S
2021-07-22T11:19:43,500.0,23.4,S
2021-07-22T11:19:43,3000.0,23.4,S
2021-07-22T11:19:43,22000.0,23.4,S
2021-07-22T11:19:43,10500.0,23.4,S
2021-07-22T11:19:43,3100.0,23.4,S
2021-07-22T11:19:21,2000.0,23.45,B
2021-07-22T11:18:45,500.0,23.45,B
2021-07-22T11:18:28,1100.0,23.45,B
2021-07-22T11:18:13,4300.0,23.45,S
2021-07-22T11:17:04,4200.0,23.45,S
2021-07-22T11:17:00,900.0,23.45,B
2021-07-22T11:16:58,2100.0,23.45,B
2021-07-22T11:16:32,1000.0,23.45,B
2021-07-22T11:16:09,3000.0,23.45,B
2021-07-22T11:16:04,500.0,23.4,S
2021-07-22T11:15:59,1500.0,23.45,B
2021-07-22T11:15:47,2400.0,23.45,S
2021-07-22T11:15:47,2300.0,23.45,S
2021-07-22T11:15:40,11800.0,23.5,B
2021-07-22T11:15:40,8100.0,23.5,B
2021-07-22T11:15:40,100.0,23.5,B
2021-07-22T11:15:36,100.0,23.5,B
2021-07-22T11:15:33,600.0,23.5,B
2021-07-22T11:15:24,22600.0,23.45,S
2021-07-22T11:15:24,47400.0,23.45,S
2021-07-22T11:15:14,300.0,23.5,B
2021-07-22T11:15:08,1000.0,23.5,B
2021-07-22T11:14:59,500.0,23.5,B
2021-07-22T11:14:18,200.0,23.5,B
2021-07-22T11:13:58,1000.0,23.5,B
2021-07-22T11:13:51,5000.0,23.5,B
2021-07-22T11:13:45,3200.0,23.5,S
2021-07-22T11:13:33,800.0,23.5,B
2021-07-22T11:13:23,3000.0,23.45,S
2021-07-22T11:13:18,1000.0,23.5,B
2021-07-22T11:13:15,500.0,23.5,B
2021-07-22T11:13:10,1000.0,23.5,B
2021-07-22T11:12:57,4000.0,23.45,S
2021-07-22T11:12:14,2700.0,23.5,B
2021-07-22T11:12:08,2300.0,23.5,B
2021-07-22T11:12:04,2000.0,23.5,S
2021-07-22T11:12:04,15700.0,23.5,S
2021-07-22T11:11:42,5000.0,23.5,S
2021-07-22T11:11:27,1000.0,23.55,B
2021-07-22T11:11:24,1000.0,23.5,S
2021-07-22T11:11:24,400.0,23.5,B
2021-07-22T11:11:18,4000.0,23.5,B
2021-07-22T11:11:13,200.0,23.5,B
2021-07-22T11:10:48,800.0,23.5,B
2021-07-22T11:10:43,1100.0,23.5,B
2021-07-22T11:10:38,1000.0,23.5,B
2021-07-22T11:10:30,200.0,23.5,B
2021-07-22T11:10:19,1000.0,23.5,S
2021-07-22T11:10:19,4800.0,23.5,S
2021-07-22T11:10:08,1200.0,23.5,B
2021-07-22T11:09:59,800.0,23.5,B
2021-07-22T11:09:55,200.0,23.5,B
2021-07-22T11:09:47,200.0,23.5,B
2021-07-22T11:09:41,100.0,23.5,S
2021-07-22T11:09:41,500.0,23.5,S
2021-07-22T11:09:37,2500.0,23.5,S
2021-07-22T11:09:37,4500.0,23.5,S
2021-07-22T11:09:28,300.0,23.5,S
2021-07-22T11:09:28,4200.0,23.5,S
2021-07-22T11:09:28,11000.0,23.5,S
2021-07-22T11:09:27,1000.0,23.5,B
2021-07-22T11:08:17,800.0,23.45,S
2021-07-22T11:07:54,100.0,23.45,S
2021-07-22T11:07:44,5200.0,23.5,S
2021-07-22T11:07:44,4100.0,23.5,S
2021-07-22T11:07:44,31200.0,23.5,S
2021-07-22T11:06:57,2000.0,23.5,S
2021-07-22T11:06:55,1000.0,23.55,B
2021-07-22T11:06:46,2000.0,23.5,S
2021-07-22T11:06:19,900.0,23.5,B
2021-07-22T11:06:19,5000.0,23.5,B
2021-07-22T11:06:18,1000.0,23.5,B
2021-07-22T11:06:11,200.0,23.5,B
2021-07-22T11:06:03,1000.0,23.5,B
2021-07-22T11:05:03,20000.0,23.5,B
2021-07-22T11:05:03,1000.0,23.5,B
2021-07-22T11:05:02,100.0,23.5,B
2021-07-22T11:04:59,1000.0,23.5,B
2021-07-22T11:04:43,200.0,23.5,B
2021-07-22T11:03:19,100.0,23.5,B
2021-07-22T11:02:59,2000.0,23.5,B
2021-07-22T11:02:56,1000.0,23.5,B
2021-07-22T11:02:42,200.0,23.5,B
2021-07-22T11:02:38,1000.0,23.5,B
2021-07-22T11:02:02,600.0,23.5,B
2021-07-22T11:01:56,100.0,23.5,B
2021-07-22T11:01:54,5300.0,23.5,S
2021-07-22T11:01:29,4700.0,23.5,B
2021-07-22T11:01:24,5000.0,23.5,B
2021-07-22T11:01:04,2300.0,23.5,S
2021-07-22T11:00:50,1700.0,23.5,S
2021-07-22T11:00:50,8300.0,23.5,S
2021-07-22T11:00:41,200.0,23.55,B
2021-07-22T11:00:28,100.0,23.5,S
2021-07-22T11:00:27,9700.0,23.55,B
2021-07-22T11:00:26,4000.0,23.5,S
2021-07-22T11:00:21,400.0,23.5,B
2021-07-22T11:00:17,600.0,23.5,B
2021-07-22T11:00:17,4400.0,23.5,B
2021-07-22T11:00:17,200.0,23.5,B
2021-07-22T11:00:14,2400.0,23.5,B
2021-07-22T11:00:05,100.0,23.45,S
2021-07-22T10:59:56,5000.0,23.5,B
2021-07-22T10:59:16,500.0,23.5,B
2021-07-22T10:58:40,200.0,23.5,S
2021-07-22T10:58:38,100.0,23.5,S
2021-07-22T10:58:15,3700.0,23.5,S
2021-07-22T10:58:15,1300.0,23.5,S
2021-07-22T10:57:59,300.0,23.5,B
2021-07-22T10:57:55,1200.0,23.5,B
2021-07-22T10:57:33,300.0,23.5,B
2021-07-22T10:57:30,500.0,23.5,B
2021-07-22T10:57:27,800.0,23.5,B
2021-07-22T10:57:20,3600.0,23.5,B
2021-07-22T10:57:08,1400.0,23.5,S
2021-07-22T10:57:06,1600.0,23.5,S
2021-07-22T10:57:06,3400.0,23.5,S
2021-07-22T10:56:56,2600.0,23.5,S
2021-07-22T10:56:56,17400.0,23.5,S
2021-07-22T10:55:35,100.0,23.5,S
2021-07-22T10:55:21,4200.0,23.5,S
2021-07-22T10:55:12,100.0,23.5,S
2021-07-22T10:54:51,500.0,23.5,S
2021-07-22T10:54:39,10000.0,23.55,B
2021-07-22T10:54:36,500.0,23.55,B
2021-07-22T10:53:43,200.0,23.55,B
2021-07-22T10:53:35,300.0,23.55,B
2021-07-22T10:53:35,8700.0,23.55,B
2021-07-22T10:53:24,1000.0,23.55,B
2021-07-22T10:53:09,700.0,23.55,B
2021-07-22T10:52:55,100.0,23.55,B
2021-07-22T10:52:35,100.0,23.55,B
2021-07-22T10:52:19,100.0,23.5,S
2021-07-22T10:52:01,11000.0,23.5,B
2021-07-22T10:52:01,600.0,23.5,B
2021-07-22T10:52:01,600.0,23.5,B
2021-07-22T10:52:01,200.0,23.5,B
2021-07-22T10:52:01,10500.0,23.5,B
2021-07-22T10:52:01,6500.0,23.5,B
2021-07-22T10:52:01,7900.0,23.5,B
2021-07-22T10:52:01,14300.0,23.5,B
2021-07-22T10:52:01,8000.0,23.5,B
2021-07-22T10:52:01,19600.0,23.5,B
2021-07-22T10:51:55,2800.0,23.45,B
2021-07-22T10:51:53,20000.0,23.4,S
2021-07-22T10:51:32,500.0,23.45,B
2021-07-22T10:50:51,800.0,23.4,B
2021-07-22T10:50:51,20000.0,23.4,B
2021-07-22T10:50:51,1900.0,23.4,B
2021-07-22T10:50:51,4300.0,23.4,B
2021-07-22T10:50:51,1000.0,23.4,B
2021-07-22T10:50:51,22600.0,23.4,B
2021-07-22T10:50:48,2200.0,23.35,S
2021-07-22T10:50:43,2000.0,23.35,B
2021-07-22T10:50:43,100.0,23.35,B
2021-07-22T10:50:43,1000.0,23.35,B
2021-07-22T10:50:42,2000.0,23.35,B
2021-07-22T10:50:34,500.0,23.35,B
2021-07-22T10:50:32,10000.0,23.35,B
2021-07-22T10:50:26,1000.0,23.35,B
2021-07-22T10:49:58,10000.0,23.35,B
2021-07-22T10:49:51,7300.0,23.3,S
2021-07-22T10:49:51,2700.0,23.3,S
2021-07-22T10:49:47,2000.0,23.35,B
2021-07-22T10:49:47,8000.0,23.3,S
2021-07-22T10:49:47,11000.0,23.3,S
2021-07-22T10:49:42,10300.0,23.3,S
2021-07-22T10:49:42,4700.0,23.3,S
2021-07-22T10:49:34,10000.0,23.3,S
2021-07-22T10:49:22,100.0,23.35,B
2021-07-22T10:48:56,100.0,23.3,S
2021-07-22T10:48:53,100.0,23.3,S
2021-07-22T10:48:36,18200.0,23.3,S
2021-07-22T10:48:34,4000.0,23.3,B
2021-07-22T10:48:34,3000.0,23.3,B
2021-07-22T10:48:31,2000.0,23.3,B
2021-07-22T10:48:29,100.0,23.3,B
2021-07-22T10:48:29,1000.0,23.3,B
2021-07-22T10:48:29,5000.0,23.3,B
2021-07-22T10:48:24,10500.0,23.3,B
2021-07-22T10:48:22,1000.0,23.3,B
2021-07-22T10:48:16,5000.0,23.3,B
2021-07-22T10:48:11,2500.0,23.3,B
2021-07-22T10:48:11,15000.0,23.3,B
2021-07-22T10:48:09,1300.0,23.3,B
2021-07-22T10:48:07,800.0,23.25,S
2021-07-22T10:48:04,400.0,23.3,B
2021-07-22T10:48:04,200.0,23.3,B
2021-07-22T10:48:01,500.0,23.3,B
2021-07-22T10:47:55,8000.0,23.3,B
2021-07-22T10:47:44,2000.0,23.3,B
2021-07-22T10:47:33,2500.0,23.3,B
2021-07-22T10:47:19,1200.0,23.25,S
2021-07-22T10:47:19,500.0,23.25,S
2021-07-22T10:47:19,1500.0,23.25,S
2021-07-22T10:47:19,100.0,23.25,S
2021-07-22T10:47:15,2600.0,23.3,B
2021-07-22T10:47:11,5000.0,23.3,B
2021-07-22T10:47:07,100.0,23.3,B
2021-07-22T10:47:03,10000.0,23.3,B
2021-07-22T10:46:46,1600.0,23.3,B
2021-07-22T10:46:46,2400.0,23.3,B
2021-07-22T10:46:00,300.0,23.3,B
2021-07-22T10:45:53,100.0,23.25,S
2021-07-22T10:45:51,100.0,23.3,B
2021-07-22T10:45:45,300.0,23.3,B
2021-07-22T10:45:42,2200.0,23.25,S
2021-07-22T10:45:42,8600.0,23.25,S
2021-07-22T10:45:42,2200.0,23.25,S
2021-07-22T10:45:42,500.0,23.25,S
2021-07-22T10:45:42,4100.0,23.25,S
2021-07-22T10:45:42,5100.0,23.25,S
2021-07-22T10:45:42,6000.0,23.25,S
2021-07-22T10:45:42,31300.0,23.25,S
2021-07-22T10:45:38,1000.0,23.25,S
2021-07-22T10:45:32,1000.0,23.25,S
2021-07-22T10:45:30,3000.0,23.25,S
2021-07-22T10:45:30,3000.0,23.25,S
2021-07-22T10:45:27,500.0,23.3,B
2021-07-22T10:45:27,100.0,23.25,S
2021-07-22T10:45:05,100.0,23.25,S
2021-07-22T10:44:48,2500.0,23.25,S
2021-07-22T10:44:25,1000.0,23.3,B
2021-07-22T10:44:20,2300.0,23.3,S
2021-07-22T10:44:20,300.0,23.3,S
2021-07-22T10:44:20,700.0,23.3,S
2021-07-22T10:44:20,2000.0,23.3,S
2021-07-22T10:44:20,6200.0,23.3,S
2021-07-22T10:44:17,7500.0,23.3,S
2021-07-22T10:44:17,1200.0,23.3,S
2021-07-22T10:44:17,5500.0,23.3,S
2021-07-22T10:44:17,200.0,23.3,S
2021-07-22T10:44:17,8600.0,23.3,S
2021-07-22T10:44:15,1400.0,23.3,S
2021-07-22T10:44:15,700.0,23.3,S
2021-07-22T10:44:15,300.0,23.3,S
2021-07-22T10:44:15,22500.0,23.3,S
2021-07-22T10:44:12,800.0,23.3,S
2021-07-22T10:44:12,1600.0,23.3,S
2021-07-22T10:44:12,300.0,23.3,S
2021-07-22T10:44:12,2300.0,23.3,S
2021-07-22T10:44:04,3000.0,23.3,S
2021-07-22T10:43:46,2500.0,23.3,S
2021-07-22T10:43:34,600.0,23.35,B
2021-07-22T10:43:17,1400.0,23.35,S
2021-07-22T10:43:12,100.0,23.35,S
2021-07-22T10:42:58,1000.0,23.4,B
2021-07-22T10:42:53,30700.0,23.35,S
2021-07-22T10:42:53,200.0,23.35,S
2021-07-22T10:42:53,59100.0,23.35,S
2021-07-22T10:41:57,1000.0,23.4,B
2021-07-22T10:41:54,2500.0,23.35,S
2021-07-22T10:41:52,1000.0,23.35,S
2021-07-22T10:41:47,700.0,23.35,S
2021-07-22T10:41:47,1000.0,23.35,S
2021-07-22T10:41:35,100.0,23.4,B
2021-07-22T10:41:20,700.0,23.35,S
2021-07-22T10:40:41,2000.0,23.4,B
2021-07-22T10:40:33,2000.0,23.4,B
2021-07-22T10:40:31,3000.0,23.4,B
2021-07-22T10:40:15,900.0,23.4,B
2021-07-22T10:40:07,200.0,23.4,B
2021-07-22T10:40:07,200.0,23.4,B
2021-07-22T10:39:39,9200.0,23.4,B
2021-07-22T10:39:26,1000.0,23.4,B
2021-07-22T10:39:23,2500.0,23.4,B
2021-07-22T10:39:19,600.0,23.4,B
2021-07-22T10:39:14,100.0,23.4,B
2021-07-22T10:39:04,1000.0,23.4,B
2021-07-22T10:38:36,600.0,23.4,B
2021-07-22T10:38:28,500.0,23.4,S
2021-07-22T10:38:18,5900.0,23.4,B
2021-07-22T10:38:15,2000.0,23.4,B
2021-07-22T10:38:08,200.0,23.35,S
2021-07-22T10:37:55,3000.0,23.4,S
2021-07-22T10:37:55,3400.0,23.4,S
2021-07-22T10:37:55,36900.0,23.4,S
2021-07-22T10:37:55,700.0,23.4,S
2021-07-22T10:37:55,2500.0,23.4,S
2021-07-22T10:37:55,5200.0,23.4,S
2021-07-22T10:37:55,40400.0,23.4,S
2021-07-22T10:37:54,300.0,23.45,B
2021-07-22T10:37:44,400.0,23.45,B
2021-07-22T10:37:00,100.0,23.45,B
2021-07-22T10:36:44,1000.0,23.45,B
2021-07-22T10:36:43,8200.0,23.45,B
2021-07-22T10:36:03,700.0,23.45,S
2021-07-22T10:36:03,3300.0,23.45,S
2021-07-22T10:36:03,1000.0,23.45,S
2021-07-22T10:36:03,11300.0,23.45,S
2021-07-22T10:36:02,5000.0,23.45,S
2021-07-22T10:35:41,500.0,23.45,S
2021-07-22T10:35:24,300.0,23.45,S
2021-07-22T10:34:43,1000.0,23.5,B
2021-07-22T10:33:53,5000.0,23.45,S
2021-07-22T10:33:43,500.0,23.45,S
2021-07-22T10:33:42,700.0,23.45,B
2021-07-22T10:33:37,5000.0,23.45,B
2021-07-22T10:33:25,4300.0,23.45,S
2021-07-22T10:33:11,1200.0,23.45,S
2021-07-22T10:33:11,4800.0,23.45,S
2021-07-22T10:33:09,300.0,23.5,B
2021-07-22T10:32:36,4600.0,23.5,S
2021-07-22T10:32:03,500.0,23.5,B
2021-07-22T10:31:52,1500.0,23.5,S
2021-07-22T10:31:47,100.0,23.5,S
2021-07-22T10:31:38,400.0,23.5,B
2021-07-22T10:31:32,100.0,23.5,S
2021-07-22T10:31:32,1000.0,23.5,S
2021-07-22T10:31:32,4200.0,23.5,S
2021-07-22T10:31:26,1000.0,23.55,B
2021-07-22T10:31:12,500.0,23.5,S
2021-07-22T10:30:50,100.0,23.5,S
2021-07-22T10:30:45,100.0,23.5,S
2021-07-22T10:30:38,400.0,23.5,B
2021-07-22T10:30:38,5800.0,23.5,B
2021-07-22T10:30:38,1200.0,23.5,B
2021-07-22T10:30:07,8800.0,23.5,B
2021-07-22T10:30:07,1200.0,23.5,B
2021-07-22T10:30:03,1200.0,23.45,S
2021-07-22T10:29:55,500.0,23.45,S
2021-07-22T10:29:21,5000.0,23.45,S
2021-07-22T10:29:13,1400.0,23.5,B
2021-07-22T10:28:51,8300.0,23.45,B
2021-07-22T10:28:42,1000.0,23.45,B
2021-07-22T10:28:32,100.0,23.45,B
2021-07-22T10:28:12,100.0,23.45,B
2021-07-22T10:28:04,500.0,23.45,B
2021-07-22T10:27:44,6500.0,23.4,B
2021-07-22T10:27:39,200.0,23.4,B
2021-07-22T10:27:33,1300.0,23.4,S
2021-07-22T10:27:30,300.0,23.4,B
2021-07-22T10:27:23,200.0,23.4,B
2021-07-22T10:27:04,700.0,23.4,S
2021-07-22T10:27:04,3800.0,23.4,S
2021-07-22T10:27:03,1300.0,23.4,S
2021-07-22T10:27:03,500.0,23.4,S
2021-07-22T10:27:03,600.0,23.4,S
2021-07-22T10:27:03,2400.0,23.4,S
2021-07-22T10:27:03,10000.0,23.4,S
2021-07-22T10:27:03,6100.0,23.4,S
2021-07-22T10:27:03,2500.0,23.4,S
2021-07-22T10:27:03,7400.0,23.4,S
2021-07-22T10:27:03,11500.0,23.4,S
2021-07-22T10:27:03,100.0,23.45,S
2021-07-22T10:27:03,32600.0,23.45,S
2021-07-22T10:26:40,4000.0,23.5,B
2021-07-22T10:26:26,500.0,23.5,B
2021-07-22T10:26:20,200.0,23.5,B
2021-07-22T10:26:12,1000.0,23.5,B
2021-07-22T10:26:04,200.0,23.5,B
2021-07-22T10:26:02,200.0,23.5,B
2021-07-22T10:26:01,4300.0,23.5,S
2021-07-22T10:26:00,1000.0,23.5,S
2021-07-22T10:25:42,100.0,23.5,S
2021-07-22T10:25:38,2000.0,23.5,S
2021-07-22T10:25:29,1000.0,23.5,S
2021-07-22T10:25:17,500.0,23.5,S
2021-07-22T10:25:10,100.0,23.5,S
2021-07-22T10:25:10,5300.0,23.5,B
2021-07-22T10:24:56,200.0,23.45,S
2021-07-22T10:24:46,100.0,23.5,B
2021-07-22T10:24:33,500.0,23.5,B
2021-07-22T10:24:10,500.0,23.5,B
2021-07-22T10:24:05,500.0,23.45,S
2021-07-22T10:24:00,1000.0,23.5,B
2021-07-22T10:23:59,300.0,23.5,B
2021-07-22T10:23:50,100.0,23.45,S
2021-07-22T10:23:45,5000.0,23.5,B
2021-07-22T10:23:32,1000.0,23.5,B
2021-07-22T10:23:30,100.0,23.5,B
2021-07-22T10:23:25,1000.0,23.5,B
2021-07-22T10:23:17,500.0,23.5,B
2021-07-22T10:23:15,10800.0,23.5,S
2021-07-22T10:23:15,4200.0,23.5,S
2021-07-22T10:23:15,30000.0,23.5,S
2021-07-22T10:23:15,5200.0,23.5,S
2021-07-22T10:23:15,1500.0,23.5,S
2021-07-22T10:23:15,21000.0,23.5,S
2021-07-22T10:23:15,300.0,23.5,S
2021-07-22T10:23:15,200.0,23.5,S
2021-07-22T10:23:15,55300.0,23.5,S
2021-07-22T10:23:10,700.0,23.55,S
2021-07-22T10:23:08,4800.0,23.6,B
2021-07-22T10:23:08,3300.0,23.6,B
2021-07-22T10:23:08,5000.0,23.6,B
2021-07-22T10:23:08,5500.0,23.6,B
2021-07-22T10:23:08,3800.0,23.6,B
2021-07-22T10:23:08,7600.0,23.6,B
2021-07-22T10:23:00,200.0,23.55,S
2021-07-22T10:23:00,200.0,23.6,B
2021-07-22T10:22:58,1000.0,23.6,B
2021-07-22T10:22:28,100.0,23.6,B
2021-07-22T10:22:07,100.0,23.55,S
2021-07-22T10:21:59,400.0,23.55,S
2021-07-22T10:21:42,500.0,23.55,S
2021-07-22T10:21:38,9400.0,23.55,S
2021-07-22T10:20:55,100.0,23.55,B
2021-07-22T10:20:55,100.0,23.55,B
2021-07-22T10:20:52,100.0,23.55,B
2021-07-22T10:20:41,3000.0,23.55,B
2021-07-22T10:20:34,14500.0,23.55,S
2021-07-22T10:20:29,100.0,23.6,B
2021-07-22T10:20:25,2500.0,23.6,B
2021-07-22T10:20:20,200.0,23.6,S
2021-07-22T10:20:19,100.0,23.6,S
2021-07-22T10:20:15,200.0,23.6,S
2021-07-22T10:20:05,19800.0,23.6,S
2021-07-22T10:20:05,200.0,23.6,S
2021-07-22T10:20:03,300.0,23.6,S
2021-07-22T10:19:48,300.0,23.6,S
2021-07-22T10:19:18,2000.0,23.65,B
2021-07-22T10:19:18,1000.0,23.6,S
2021-07-22T10:19:08,300.0,23.65,B
2021-07-22T10:19:05,100.0,23.6,S
2021-07-22T10:18:52,300.0,23.65,B
2021-07-22T10:18:36,22500.0,23.65,B
2021-07-22T10:18:26,100.0,23.6,S
2021-07-22T10:18:23,300.0,23.6,S
2021-07-22T10:18:22,300.0,23.6,S
2021-07-22T10:18:17,100.0,23.6,S
2021-07-22T10:18:11,200.0,23.6,S
2021-07-22T10:18:09,300.0,23.6,B
2021-07-22T10:18:09,33900.0,23.6,B
2021-07-22T10:18:00,5000.0,23.6,B
2021-07-22T10:17:53,2000.0,23.55,S
2021-07-22T10:17:52,100.0,23.55,S
2021-07-22T10:17:52,1000.0,23.55,S
2021-07-22T10:17:50,4300.0,23.55,B
2021-07-22T10:17:50,8100.0,23.55,B
2021-07-22T10:17:41,600.0,23.5,S
2021-07-22T10:17:37,2000.0,23.55,B
2021-07-22T10:17:22,1000.0,23.55,B
2021-07-22T10:17:18,100.0,23.55,B
2021-07-22T10:17:04,800.0,23.55,S
2021-07-22T10:17:03,2500.0,23.55,S
2021-07-22T10:16:50,100.0,23.55,S
2021-07-22T10:16:43,500.0,23.55,S
2021-07-22T10:16:31,600.0,23.6,S
2021-07-22T10:16:31,100.0,23.6,S
2021-07-22T10:16:29,1000.0,23.65,B
2021-07-22T10:16:29,1000.0,23.6,S
2021-07-22T10:16:28,500.0,23.6,S
2021-07-22T10:16:27,1800.0,23.6,S
2021-07-22T10:16:26,6000.0,23.6,S
2021-07-22T10:16:24,10000.0,23.6,S
2021-07-22T10:16:23,500.0,23.6,S
2021-07-22T10:16:20,200.0,23.6,S
2021-07-22T10:16:03,1000.0,23.65,B
2021-07-22T10:16:00,500.0,23.65,B
2021-07-22T10:16:00,5400.0,23.65,S
2021-07-22T10:15:57,5000.0,23.65,S
2021-07-22T10:15:50,500.0,23.65,S
2021-07-22T10:15:47,2500.0,23.7,B
2021-07-22T10:15:45,100.0,23.65,S
2021-07-22T10:15:39,200.0,23.65,S
2021-07-22T10:15:37,100.0,23.7,B
2021-07-22T10:15:32,900.0,23.65,S
2021-07-22T10:15:14,100.0,23.7,B
2021-07-22T10:15:05,200.0,23.7,S
2021-07-22T10:15:05,100.0,23.7,S
2021-07-22T10:15:04,3200.0,23.7,S
2021-07-22T10:15:03,6300.0,23.7,S
2021-07-22T10:15:03,3700.0,23.7,S
2021-07-22T10:15:00,200.0,23.7,S
2021-07-22T10:14:53,1000.0,23.7,S
2021-07-22T10:14:51,100.0,23.75,B
2021-07-22T10:14:47,300.0,23.75,B
2021-07-22T10:14:46,1000.0,23.7,S
2021-07-22T10:14:36,1000.0,23.7,S
2021-07-22T10:14:35,500.0,23.7,S
2021-07-22T10:14:25,300.0,23.75,B
2021-07-22T10:14:23,1000.0,23.75,B
2021-07-22T10:14:21,10000.0,23.7,S
2021-07-22T10:14:06,100.0,23.75,B
2021-07-22T10:13:55,500.0,23.75,B
2021-07-22T10:13:47,100.0,23.7,S
2021-07-22T10:13:42,100.0,23.7,S
2021-07-22T10:13:35,3000.0,23.75,B
2021-07-22T10:13:22,5000.0,23.75,B
2021-07-22T10:13:21,1100.0,23.75,B
2021-07-22T10:13:21,100.0,23.75,B
2021-07-22T10:13:18,100.0,23.7,S
2021-07-22T10:13:14,7400.0,23.75,B
2021-07-22T10:13:12,1500.0,23.8,B
2021-07-22T10:13:11,8500.0,23.8,B
2021-07-22T10:13:11,100.0,23.75,S
2021-07-22T10:13:11,800.0,23.75,S
2021-07-22T10:13:11,9200.0,23.75,S
2021-07-22T10:13:06,200.0,23.75,S
2021-07-22T10:13:01,800.0,23.75,S
2021-07-22T10:13:01,200.0,23.75,S
2021-07-22T10:12:59,900.0,23.75,S
2021-07-22T10:12:54,200.0,23.8,B
2021-07-22T10:12:51,200.0,23.75,S
2021-07-22T10:12:46,1000.0,23.75,S
2021-07-22T10:12:45,2900.0,23.8,B
2021-07-22T10:12:45,5000.0,23.8,B
2021-07-22T10:12:45,2200.0,23.8,B
2021-07-22T10:12:44,1000.0,23.75,S
2021-07-22T10:12:41,100.0,23.75,B
2021-07-22T10:12:41,10200.0,23.75,B
2021-07-22T10:12:38,300.0,23.7,S
2021-07-22T10:12:38,100.0,23.75,B
2021-07-22T10:12:38,3000.0,23.75,B
2021-07-22T10:12:37,200.0,23.7,S
2021-07-22T10:12:36,500.0,23.75,B
2021-07-22T10:12:32,3000.0,23.75,B
2021-07-22T10:12:32,10000.0,23.75,B
2021-07-22T10:12:28,2300.0,23.75,B
2021-07-22T10:12:28,3400.0,23.75,B
2021-07-22T10:12:28,400.0,23.75,B
2021-07-22T10:12:28,6200.0,23.75,B
2021-07-22T10:12:19,100.0,23.75,B
2021-07-22T10:12:19,200.0,23.7,S
2021-07-22T10:12:16,300.0,23.7,S
2021-07-22T10:12:11,200.0,23.7,S
2021-07-22T10:12:09,1500.0,23.7,B
2021-07-22T10:12:09,3000.0,23.7,B
2021-07-22T10:12:09,100.0,23.7,B
2021-07-22T10:12:09,5100.0,23.7,B
2021-07-22T10:12:05,100.0,23.7,B
2021-07-22T10:12:03,2000.0,23.7,B
2021-07-22T10:12:03,200.0,23.7,B
2021-07-22T10:12:02,5100.0,23.7,B
2021-07-22T10:12:02,6600.0,23.7,B
2021-07-22T10:12:02,2300.0,23.7,B
2021-07-22T10:12:01,1300.0,23.7,B
2021-07-22T10:12:01,500.0,23.7,B
2021-07-22T10:12:01,200.0,23.7,B
2021-07-22T10:12:00,1100.0,23.7,B
2021-07-22T10:12:00,900.0,23.7,B
2021-07-22T10:12:00,5000.0,23.7,B
2021-07-22T10:11:59,7700.0,23.7,B
2021-07-22T10:11:59,100.0,23.7,B
2021-07-22T10:11:59,2200.0,23.7,B
2021-07-22T10:11:57,10000.0,23.7,B
2021-07-22T10:11:55,3000.0,23.7,B
2021-07-22T10:11:52,15000.0,23.7,B
2021-07-22T10:11:47,3200.0,23.7,B
2021-07-22T10:11:46,100.0,23.65,S
2021-07-22T10:11:46,500.0,23.7,B
2021-07-22T10:11:41,500.0,23.7,B
2021-07-22T10:11:40,2000.0,23.7,B
2021-07-22T10:11:40,10000.0,23.7,B
2021-07-22T10:11:34,1000.0,23.7,B
2021-07-22T10:11:34,1700.0,23.7,B
2021-07-22T10:11:34,200.0,23.7,B
2021-07-22T10:11:34,100.0,23.7,B
2021-07-22T10:11:29,6000.0,23.7,B
2021-07-22T10:11:19,600.0,23.7,B
2021-07-22T10:11:17,500.0,23.65,B
2021-07-22T10:11:17,2400.0,23.65,B
2021-07-22T10:11:17,300.0,23.65,B
2021-07-22T10:11:17,6100.0,23.65,B
2021-07-22T10:11:17,200.0,23.65,B
2021-07-22T10:11:17,11500.0,23.65,B
2021-07-22T10:11:17,33200.0,23.65,B
2021-07-22T10:11:17,2900.0,23.65,B
2021-07-22T10:11:16,2900.0,23.65,B
2021-07-22T10:11:15,18300.0,23.65,B
2021-07-22T10:11:15,1700.0,23.65,B
2021-07-22T10:11:12,100.0,23.65,B
2021-07-22T10:11:08,7000.0,23.65,B
2021-07-22T10:11:07,20000.0,23.65,B
2021-07-22T10:11:04,1000.0,23.65,B
2021-07-22T10:11:03,5000.0,23.65,B
2021-07-22T10:11:03,5000.0,23.65,B
2021-07-22T10:11:02,40000.0,23.65,B
2021-07-22T10:10:57,1000.0,23.65,B
2021-07-22T10:10:54,10000.0,23.65,B
2021-07-22T10:10:53,300.0,23.65,B
2021-07-22T10:10:46,7400.0,23.65,B
2021-07-22T10:10:46,2600.0,23.65,B
2021-07-22T10:10:46,8200.0,23.6,B
2021-07-22T10:10:46,4500.0,23.6,B
2021-07-22T10:10:46,1000.0,23.6,B
2021-07-22T10:10:46,1000.0,23.6,B
2021-07-22T10:10:46,1000.0,23.6,B
2021-07-22T10:10:46,800.0,23.6,B
2021-07-22T10:10:46,500.0,23.6,B
2021-07-22T10:10:46,1500.0,23.6,B
2021-07-22T10:10:46,15500.0,23.6,B
2021-07-22T10:10:46,5500.0,23.6,B
2021-07-22T10:10:46,14000.0,23.6,B
2021-07-22T10:10:46,800.0,23.6,B
2021-07-22T10:10:46,700.0,23.6,B
2021-07-22T10:10:46,500.0,23.6,B
2021-07-22T10:10:46,1500.0,23.6,B
2021-07-22T10:10:46,1000.0,23.6,B
2021-07-22T10:10:46,14600.0,23.6,B
2021-07-22T10:10:46,200.0,23.6,B
2021-07-22T10:10:46,2400.0,23.6,B
2021-07-22T10:10:46,5800.0,23.6,B
2021-07-22T10:10:40,9500.0,23.6,B
2021-07-22T10:10:40,500.0,23.6,B
2021-07-22T10:10:40,1100.0,23.6,B
2021-07-22T10:10:40,8900.0,23.6,B
2021-07-22T10:10:37,300.0,23.55,S
2021-07-22T10:10:35,5000.0,23.6,B
2021-07-22T10:10:15,700.0,23.55,S
2021-07-22T10:10:14,67900.0,23.55,B
2021-07-22T10:10:14,1200.0,23.55,B
2021-07-22T10:10:14,100.0,23.55,B
2021-07-22T10:10:14,800.0,23.55,B
2021-07-22T10:10:09,200.0,23.5,S
2021-07-22T10:10:02,1500.0,23.5,S
2021-07-22T10:10:00,100.0,23.5,S
2021-07-22T10:10:00,200.0,23.55,B
2021-07-22T10:10:00,200.0,23.5,S
2021-07-22T10:10:00,1000.0,23.5,S
2021-07-22T10:09:48,600.0,23.5,S
2021-07-22T10:09:37,3300.0,23.5,B
2021-07-22T10:09:35,200.0,23.5,B
2021-07-22T10:09:33,1000.0,23.5,B
2021-07-22T10:09:32,2000.0,23.5,B
2021-07-22T10:09:30,1000.0,23.5,B
2021-07-22T10:09:30,1000.0,23.45,S
2021-07-22T10:09:23,5700.0,23.5,B
2021-07-22T10:09:20,100.0,23.45,S
2021-07-22T10:09:14,2000.0,23.5,B
2021-07-22T10:09:14,6000.0,23.5,B
2021-07-22T10:09:14,1200.0,23.5,B
2021-07-22T10:09:14,300.0,23.5,B
2021-07-22T10:09:14,10500.0,23.5,B
2021-07-22T10:09:14,3100.0,23.5,B
2021-07-22T10:09:14,5100.0,23.5,B
2021-07-22T10:09:14,200.0,23.5,B
2021-07-22T10:09:14,10500.0,23.5,B
2021-07-22T10:09:14,2000.0,23.5,B
2021-07-22T10:09:14,1100.0,23.5,B
2021-07-22T10:09:14,5000.0,23.5,B
2021-07-22T10:09:14,500.0,23.5,B
2021-07-22T10:09:14,500.0,23.5,B
2021-07-22T10:09:14,500.0,23.5,B
2021-07-22T10:09:14,1500.0,23.5,B
2021-07-22T10:09:14,6300.0,23.5,B
2021-07-22T10:09:14,11000.0,23.5,B
2021-07-22T10:09:14,1200.0,23.5,B
2021-07-22T10:09:14,1100.0,23.5,B
2021-07-22T10:09:14,2100.0,23.5,B
2021-07-22T10:09:14,1600.0,23.5,B
2021-07-22T10:09:14,100.0,23.5,B
2021-07-22T10:09:14,100.0,23.5,B
2021-07-22T10:09:14,1900.0,23.5,B
2021-07-22T10:09:14,26100.0,23.5,B
2021-07-22T10:09:11,1100.0,23.45,S
2021-07-22T10:09:06,1000.0,23.5,B
2021-07-22T10:09:02,1100.0,23.45,S
2021-07-22T10:08:54,100.0,23.5,B
2021-07-22T10:08:47,200.0,23.45,S
2021-07-22T10:08:45,100.0,23.45,S
2021-07-22T10:08:44,100.0,23.5,B
2021-07-22T10:08:41,100.0,23.45,S
2021-07-22T10:08:28,500.0,23.45,S
2021-07-22T10:08:12,10000.0,23.45,S
2021-07-22T10:08:08,1500.0,23.45,S
2021-07-22T10:08:07,500.0,23.45,S
2021-07-22T10:08:00,2000.0,23.45,S
2021-07-22T10:07:53,2000.0,23.5,B
2021-07-22T10:07:47,500.0,23.5,B
2021-07-22T10:07:38,500.0,23.45,S
2021-07-22T10:07:32,100.0,23.5,B
2021-07-22T10:07:04,500.0,23.5,B
2021-07-22T10:06:57,3000.0,23.45,S
2021-07-22T10:06:44,2400.0,23.45,S
2021-07-22T10:06:44,7600.0,23.45,S
2021-07-22T10:06:44,1000.0,23.45,S
2021-07-22T10:06:25,200.0,23.45,S
2021-07-22T10:06:22,500.0,23.5,B
2021-07-22T10:06:10,1000.0,23.45,S
2021-07-22T10:06:03,500.0,23.45,S
2021-07-22T10:05:59,6800.0,23.45,B
2021-07-22T10:05:59,2500.0,23.45,B
2021-07-22T10:05:59,4300.0,23.45,B
2021-07-22T10:05:59,500.0,23.45,B
2021-07-22T10:05:59,10500.0,23.45,B
2021-07-22T10:05:59,6000.0,23.45,B
2021-07-22T10:05:59,13500.0,23.45,B
2021-07-22T10:05:59,100.0,23.45,B
2021-07-22T10:05:59,700.0,23.45,B
2021-07-22T10:05:59,3100.0,23.45,B
2021-07-22T10:05:59,10400.0,23.45,B
2021-07-22T10:05:59,2300.0,23.45,B
2021-07-22T10:05:47,2500.0,23.45,B
2021-07-22T10:05:33,1000.0,23.4,S
2021-07-22T10:05:08,1000.0,23.45,B
2021-07-22T10:04:59,200.0,23.4,S
2021-07-22T10:04:43,1000.0,23.45,B
2021-07-22T10:04:35,700.0,23.4,S
2021-07-22T10:04:23,6700.0,23.4,S
2021-07-22T10:04:23,6000.0,23.4,B
2021-07-22T10:04:22,200.0,23.4,B
2021-07-22T10:04:12,3000.0,23.4,B
2021-07-22T10:04:02,400.0,23.4,B
2021-07-22T10:04:02,300.0,23.4,B
2021-07-22T10:04:02,300.0,23.4,B
2021-07-22T10:04:00,700.0,23.4,B
2021-07-22T10:04:00,300.0,23.4,B
2021-07-22T10:03:57,200.0,23.4,B
2021-07-22T10:03:42,600.0,23.4,B
2021-07-22T10:03:22,300.0,23.4,B
2021-07-22T10:03:12,1000.0,23.4,B
2021-07-22T10:03:04,1000.0,23.35,S
2021-07-22T10:03:01,1000.0,23.4,B
2021-07-22T10:02:57,700.0,23.4,B
2021-07-22T10:02:57,200.0,23.4,B
2021-07-22T10:02:50,3000.0,23.4,S
2021-07-22T10:02:50,3700.0,23.4,S
2021-07-22T10:02:45,500.0,23.45,B
2021-07-22T10:02:41,2000.0,23.4,S
2021-07-22T10:02:39,100.0,23.4,S
2021-07-22T10:02:38,500.0,23.4,S
2021-07-22T10:02:30,4100.0,23.4,B
2021-07-22T10:02:25,22200.0,23.4,S
2021-07-22T10:02:17,2800.0,23.4,S
2021-07-22T10:02:03,500.0,23.4,B
2021-07-22T10:01:59,100.0,23.4,S
2021-07-22T10:01:58,2000.0,23.4,S
2021-07-22T10:01:52,300.0,23.4,S
2021-07-22T10:01:49,11600.0,23.4,S
2021-07-22T10:01:45,6000.0,23.4,B
2021-07-22T10:01:44,900.0,23.4,B
2021-07-22T10:01:42,3100.0,23.4,S
2021-07-22T10:01:22,500.0,23.4,S
2021-07-22T10:01:19,300.0,23.4,B
2021-07-22T10:01:04,5300.0,23.35,S
2021-07-22T10:00:57,1100.0,23.35,S
2021-07-22T10:00:49,6000.0,23.35,S
2021-07-22T10:00:43,5500.0,23.35,S
2021-07-22T10:00:37,100.0,23.4,S
2021-07-22T10:00:37,500.0,23.4,S
2021-07-22T10:00:35,500.0,23.4,S
2021-07-22T10:00:34,3500.0,23.4,S
2021-07-22T10:00:25,100.0,23.4,B
2021-07-22T10:00:25,9300.0,23.4,B
2021-07-22T10:00:25,9100.0,23.4,B
2021-07-22T10:00:25,1700.0,23.4,B
2021-07-22T10:00:25,5300.0,23.4,B
2021-07-22T10:00:25,800.0,23.4,B
2021-07-22T10:00:25,1400.0,23.4,B
2021-07-22T10:00:25,1400.0,23.4,B
2021-07-22T10:00:25,500.0,23.4,B
2021-07-22T10:00:25,6000.0,23.4,B
2021-07-22T10:00:25,5800.0,23.4,B
2021-07-22T10:00:25,500.0,23.4,B
2021-07-22T10:00:25,300.0,23.4,B
2021-07-22T10:00:25,3800.0,23.4,B
2021-07-22T10:00:25,17600.0,23.4,B
2021-07-22T10:00:17,1900.0,23.35,B
2021-07-22T10:00:04,2300.0,23.35,B
2021-07-22T10:00:00,500.0,23.35,B
2021-07-22T09:59:51,300.0,23.35,B
2021-07-22T09:59:41,500.0,23.35,B
2021-07-22T09:59:05,100.0,23.35,B
2021-07-22T09:59:02,7700.0,23.35,S
2021-07-22T09:58:58,200.0,23.4,B
2021-07-22T09:58:58,7200.0,23.35,S
2021-07-22T09:58:45,5000.0,23.35,S
2021-07-22T09:58:21,300.0,23.35,S
2021-07-22T09:58:12,1000.0,23.35,S
2021-07-22T09:58:12,4800.0,23.35,S
2021-07-22T09:58:09,2000.0,23.35,B
2021-07-22T09:58:08,5000.0,23.35,B
2021-07-22T09:58:06,200.0,23.35,B
2021-07-22T09:58:06,4800.0,23.35,B
2021-07-22T09:58:04,100.0,23.3,S
2021-07-22T09:58:02,100.0,23.35,B
2021-07-22T09:57:59,400.0,23.3,S
2021-07-22T09:57:43,1500.0,23.3,B
2021-07-22T09:57:42,4000.0,23.3,B
2021-07-22T09:57:39,1000.0,23.25,S
2021-07-22T09:57:37,3000.0,23.3,B
2021-07-22T09:57:37,2000.0,23.3,B
2021-07-22T09:57:36,5000.0,23.3,B
2021-07-22T09:57:35,100.0,23.3,B
2021-07-22T09:57:33,1000.0,23.3,B
2021-07-22T09:57:33,500.0,23.3,B
2021-07-22T09:57:31,1000.0,23.3,B
2021-07-22T09:57:31,6300.0,23.3,B
2021-07-22T09:57:29,15300.0,23.3,B
2021-07-22T09:57:29,2000.0,23.3,B
2021-07-22T09:57:27,200.0,23.3,B
2021-07-22T09:57:27,2000.0,23.3,B
2021-07-22T09:57:26,5000.0,23.3,B
2021-07-22T09:57:24,1200.0,23.3,B
2021-07-22T09:57:22,100.0,23.3,B
2021-07-22T09:57:21,25000.0,23.3,B
2021-07-22T09:56:49,12600.0,23.3,B
2021-07-22T09:56:49,31400.0,23.3,B
2021-07-22T09:56:49,6000.0,23.3,B
2021-07-22T09:56:43,6500.0,23.3,B
2021-07-22T09:56:29,500.0,23.3,B
2021-07-22T09:56:21,300.0,23.25,S
2021-07-22T09:56:01,3400.0,23.25,S
2021-07-22T09:55:43,100.0,23.25,S
2021-07-22T09:55:02,100.0,23.25,S
2021-07-22T09:55:00,200.0,23.25,S
2021-07-22T09:55:00,1000.0,23.25,S
2021-07-22T09:54:55,5000.0,23.25,S
2021-07-22T09:54:46,800.0,23.25,B
2021-07-22T09:54:44,5000.0,23.25,B
2021-07-22T09:54:39,500.0,23.25,B
2021-07-22T09:54:23,2000.0,23.25,B
2021-07-22T09:54:19,1000.0,23.25,B
2021-07-22T09:54:14,2000.0,23.25,B
2021-07-22T09:54:03,200.0,23.25,B
2021-07-22T09:54:00,1700.0,23.25,B
2021-07-22T09:54:00,300.0,23.25,B
2021-07-22T09:53:45,200.0,23.25,B
2021-07-22T09:53:43,300.0,23.25,B
2021-07-22T09:53:37,1000.0,23.25,B
2021-07-22T09:53:19,2000.0,23.25,B
2021-07-22T09:53:14,2000.0,23.2,S
2021-07-22T09:52:57,1200.0,23.25,S
2021-07-22T09:52:56,200.0,23.3,B
2021-07-22T09:52:51,4100.0,23.25,S
2021-07-22T09:52:35,4300.0,23.2,S
2021-07-22T09:52:35,2000.0,23.2,B
2021-07-22T09:52:28,100.0,23.2,B
2021-07-22T09:52:24,2000.0,23.2,S
2021-07-22T09:52:24,1300.0,23.2,S
2021-07-22T09:52:24,700.0,23.2,S
2021-07-22T09:52:24,4500.0,23.2,S
2021-07-22T09:52:24,5100.0,23.2,S
2021-07-22T09:52:14,200.0,23.3,B
2021-07-22T09:52:11,400.0,23.2,S
2021-07-22T09:52:11,300.0,23.2,S
2021-07-22T09:52:11,5000.0,23.2,S
2021-07-22T09:52:11,400.0,23.2,S
2021-07-22T09:52:11,4800.0,23.2,S
2021-07-22T09:52:11,3500.0,23.2,S
2021-07-22T09:52:10,3600.0,23.25,S
2021-07-22T09:52:10,12000.0,23.25,S
2021-07-22T09:51:52,1000.0,23.3,B
2021-07-22T09:51:47,100.0,23.3,B
2021-07-22T09:51:17,1000.0,23.3,B
2021-07-22T09:51:17,500.0,23.25,S
2021-07-22T09:51:05,1000.0,23.3,B
2021-07-22T09:50:43,10500.0,23.3,S
2021-07-22T09:50:42,2300.0,23.3,S
2021-07-22T09:50:41,300.0,23.3,S
2021-07-22T09:50:41,2400.0,23.3,S
2021-07-22T09:50:41,100.0,23.3,S
2021-07-22T09:50:37,900.0,23.3,S
2021-07-22T09:50:37,300.0,23.3,S
2021-07-22T09:50:37,2100.0,23.3,S
2021-07-22T09:50:37,16700.0,23.3,S
2021-07-22T09:50:32,1000.0,23.3,S
2021-07-22T09:50:17,10000.0,23.3,S
2021-07-22T09:50:15,10000.0,23.3,S
2021-07-22T09:50:03,2000.0,23.35,B
2021-07-22T09:50:02,100.0,23.3,S
2021-07-22T09:50:02,1500.0,23.3,S
2021-07-22T09:50:00,1000.0,23.3,S
2021-07-22T09:49:59,20000.0,23.3,S
2021-07-22T09:49:52,1000.0,23.3,S
2021-07-22T09:49:52,400.0,23.35,B
2021-07-22T09:49:51,3200.0,23.3,S
2021-07-22T09:49:51,1800.0,23.3,S
2021-07-22T09:49:49,1800.0,23.3,S
2021-07-22T09:49:49,1800.0,23.3,S
2021-07-22T09:49:41,1000.0,23.3,S
2021-07-22T09:49:41,400.0,23.3,S
2021-07-22T09:49:37,500.0,23.3,S
2021-07-22T09:49:28,1000.0,23.3,S
2021-07-22T09:49:08,100.0,23.3,S
2021-07-22T09:49:03,1000.0,23.3,S
2021-07-22T09:48:55,100.0,23.3,S
2021-07-22T09:48:43,500.0,23.3,S
2021-07-22T09:48:19,200.0,23.35,B
2021-07-22T09:48:12,100.0,23.35,B
2021-07-22T09:48:05,200.0,23.35,B
2021-07-22T09:47:59,200.0,23.35,B
2021-07-22T09:47:52,1000.0,23.35,S
2021-07-22T09:47:52,17000.0,23.35,S
2021-07-22T09:47:50,20000.0,23.35,S
2021-07-22T09:47:48,2300.0,23.35,S
2021-07-22T09:47:33,200.0,23.4,B
2021-07-22T09:47:31,1000.0,23.35,S
2021-07-22T09:47:17,2000.0,23.35,S
2021-07-22T09:47:12,1500.0,23.4,B
2021-07-22T09:47:08,100.0,23.35,S
2021-07-22T09:46:57,500.0,23.35,S
2021-07-22T09:46:54,300.0,23.35,S
2021-07-22T09:46:42,500.0,23.35,S
2021-07-22T09:46:40,500.0,23.35,S
2021-07-22T09:46:32,200.0,23.35,S
2021-07-22T09:46:17,800.0,23.35,S
2021-07-22T09:46:16,100.0,23.4,B
2021-07-22T09:46:01,2000.0,23.4,B
2021-07-22T09:45:47,300.0,23.4,B
2021-07-22T09:45:33,1000.0,23.4,B
2021-07-22T09:45:29,500.0,23.4,B
2021-07-22T09:45:26,300.0,23.35,S
2021-07-22T09:45:23,1000.0,23.35,S
2021-07-22T09:45:21,14800.0,23.35,B
2021-07-22T09:45:07,2000.0,23.35,B
2021-07-22T09:45:04,100.0,23.35,B
2021-07-22T09:45:00,1000.0,23.3,S
2021-07-22T09:44:54,1400.0,23.35,B
2021-07-22T09:44:54,800.0,23.35,B
2021-07-22T09:44:49,600.0,23.35,B
2021-07-22T09:44:37,100.0,23.35,B
2021-07-22T09:44:33,500.0,23.35,B
2021-07-22T09:44:32,9100.0,23.35,S
2021-07-22T09:44:30,100.0,23.35,S
2021-07-22T09:44:24,700.0,23.35,S
2021-07-22T09:44:06,4300.0,23.35,S
2021-07-22T09:44:03,100.0,23.35,S
2021-07-22T09:44:03,200.0,23.35,B
2021-07-22T09:44:03,900.0,23.35,B
2021-07-22T09:43:59,100.0,23.35,S
2021-07-22T09:43:45,700.0,23.35,S
2021-07-22T09:43:35,4300.0,23.35,B
2021-07-22T09:43:28,300.0,23.35,B
2021-07-22T09:43:28,500.0,23.35,B
2021-07-22T09:43:24,5000.0,23.35,B
2021-07-22T09:43:18,2000.0,23.35,B
2021-07-22T09:43:09,5000.0,23.35,B
2021-07-22T09:43:08,2000.0,23.35,B
2021-07-22T09:43:07,2000.0,23.35,B
2021-07-22T09:42:57,200.0,23.35,B
2021-07-22T09:42:57,1000.0,23.35,B
2021-07-22T09:42:55,500.0,23.35,B
2021-07-22T09:42:08,1000.0,23.35,B
2021-07-22T09:42:01,3000.0,23.35,S
2021-07-22T09:42:01,700.0,23.35,S
2021-07-22T09:42:00,300.0,23.35,S
2021-07-22T09:41:48,100.0,23.35,B
2021-07-22T09:41:48,5000.0,23.35,B
2021-07-22T09:41:46,600.0,23.35,B
2021-07-22T09:41:42,200.0,23.4,B
2021-07-22T09:41:42,9800.0,23.4,B
2021-07-22T09:41:37,2000.0,23.35,S
2021-07-22T09:41:30,400.0,23.35,B
2021-07-22T09:41:30,600.0,23.35,B
2021-07-22T09:41:18,5000.0,23.4,B
2021-07-22T09:41:07,4700.0,23.35,S
2021-07-22T09:41:06,100.0,23.35,S
2021-07-22T09:40:59,25500.0,23.35,B
2021-07-22T09:40:59,2500.0,23.35,B
2021-07-22T09:40:34,1000.0,23.35,B
2021-07-22T09:40:32,1100.0,23.35,S
2021-07-22T09:40:28,500.0,23.4,B
2021-07-22T09:40:28,1200.0,23.35,B
2021-07-22T09:40:26,1800.0,23.35,S
2021-07-22T09:40:22,500.0,23.4,B
2021-07-22T09:40:19,500.0,23.4,B
2021-07-22T09:40:18,100.0,23.35,S
2021-07-22T09:40:16,100.0,23.35,S
2021-07-22T09:40:01,300.0,23.4,B
2021-07-22T09:40:00,100.0,23.35,S
2021-07-22T09:39:59,400.0,23.35,B
2021-07-22T09:39:53,100.0,23.35,B
2021-07-22T09:39:48,12000.0,23.35,S
2021-07-22T09:39:45,10000.0,23.35,S
2021-07-22T09:39:44,200.0,23.35,S
2021-07-22T09:39:41,5000.0,23.35,S
2021-07-22T09:39:39,200.0,23.4,B
2021-07-22T09:39:37,400.0,23.35,S
2021-07-22T09:39:24,5000.0,23.4,B
2021-07-22T09:39:19,2000.0,23.35,S
2021-07-22T09:39:19,700.0,23.35,S
2021-07-22T09:39:12,500.0,23.35,S
2021-07-22T09:39:03,1000.0,23.35,S
2021-07-22T09:39:03,200.0,23.4,B
2021-07-22T09:38:51,6600.0,23.35,S
2021-07-22T09:38:51,1000.0,23.35,S
2021-07-22T09:38:51,7400.0,23.35,S
2021-07-22T09:38:47,10000.0,23.35,S
2021-07-22T09:38:45,500.0,23.4,B
2021-07-22T09:38:44,1000.0,23.35,S
2021-07-22T09:38:44,10000.0,23.4,B
2021-07-22T09:38:39,2500.0,23.4,B
2021-07-22T09:38:36,2000.0,23.35,S
2021-07-22T09:38:26,100.0,23.35,S
2021-07-22T09:38:23,200.0,23.4,B
2021-07-22T09:38:21,2800.0,23.4,B
2021-07-22T09:38:19,100.0,23.35,S
2021-07-22T09:38:19,100.0,23.35,S
2021-07-22T09:38:17,100.0,23.35,S
2021-07-22T09:38:08,500.0,23.4,B
2021-07-22T09:38:08,1700.0,23.4,B
2021-07-22T09:38:08,300.0,23.4,B
2021-07-22T09:38:07,8000.0,23.4,B
2021-07-22T09:37:54,1000.0,23.4,B
2021-07-22T09:37:54,500.0,23.4,B
2021-07-22T09:37:50,800.0,23.35,S
2021-07-22T09:37:47,200.0,23.4,B
2021-07-22T09:37:29,100.0,23.35,S
2021-07-22T09:37:16,500.0,23.4,B
2021-07-22T09:37:11,200.0,23.35,S
2021-07-22T09:37:07,100.0,23.35,S
2021-07-22T09:36:47,1500.0,23.4,B
2021-07-22T09:36:29,500.0,23.4,B
2021-07-22T09:36:23,5000.0,23.35,S
2021-07-22T09:36:22,100.0,23.4,B
2021-07-22T09:36:20,200.0,23.4,B
2021-07-22T09:36:18,1000.0,23.4,B
2021-07-22T09:36:08,1000.0,23.4,B
2021-07-22T09:36:05,100.0,23.4,B
2021-07-22T09:35:57,900.0,23.4,B
2021-07-22T09:35:37,200.0,23.4,B
2021-07-22T09:35:29,800.0,23.4,S
2021-07-22T09:35:27,3000.0,23.4,S
2021-07-22T09:35:26,100.0,23.45,B
2021-07-22T09:35:26,1000.0,23.4,S
2021-07-22T09:35:22,700.0,23.4,B
2021-07-22T09:35:22,3400.0,23.4,B
2021-07-22T09:35:22,1100.0,23.4,B
2021-07-22T09:35:14,200.0,23.4,B
2021-07-22T09:35:11,900.0,23.35,S
2021-07-22T09:35:10,500.0,23.4,B
2021-07-22T09:35:10,400.0,23.4,B
2021-07-22T09:35:10,200.0,23.4,B
2021-07-22T09:35:05,1100.0,23.4,B
2021-07-22T09:35:05,900.0,23.4,B
2021-07-22T09:35:05,2100.0,23.4,B
2021-07-22T09:35:05,400.0,23.4,B
2021-07-22T09:35:05,600.0,23.4,B
2021-07-22T09:35:05,6900.0,23.4,B
2021-07-22T09:34:52,1500.0,23.4,B
2021-07-22T09:34:27,4000.0,23.4,B
2021-07-22T09:34:22,100.0,23.4,B
2021-07-22T09:34:06,6700.0,23.4,S
2021-07-22T09:34:06,1000.0,23.4,S
2021-07-22T09:34:03,5300.0,23.4,S
2021-07-22T09:34:03,900.0,23.4,S
2021-07-22T09:33:58,100.0,23.4,S
2021-07-22T09:33:58,400.0,23.4,S
2021-07-22T09:33:57,100.0,23.4,S
2021-07-22T09:33:55,2000.0,23.4,S
2021-07-22T09:33:53,1100.0,23.4,S
2021-07-22T09:33:52,100.0,23.4,S
2021-07-22T09:33:51,2500.0,23.4,S
2021-07-22T09:33:50,1000.0,23.4,S
2021-07-22T09:33:45,200.0,23.4,S
2021-07-22T09:33:38,5000.0,23.4,S
2021-07-22T09:33:36,5200.0,23.4,S
2021-07-22T09:33:29,100.0,23.4,S
2021-07-22T09:33:24,100.0,23.4,S
2021-07-22T09:33:20,100.0,23.4,S
2021-07-22T09:33:08,200.0,23.4,S
2021-07-22T09:33:07,5600.0,23.4,B
2021-07-22T09:33:05,200.0,23.4,B
2021-07-22T09:33:00,5600.0,23.4,B
2021-07-22T09:32:54,1000.0,23.4,B
2021-07-22T09:32:52,300.0,23.4,B
2021-07-22T09:32:47,6000.0,23.4,B
2021-07-22T09:32:40,2000.0,23.4,B
2021-07-22T09:32:35,100.0,23.4,S
2021-07-22T09:32:35,27400.0,23.4,S
2021-07-22T09:32:33,500.0,23.45,S
2021-07-22T09:32:33,34400.0,23.5,B
2021-07-22T09:32:30,1900.0,23.45,B
2021-07-22T09:32:28,500.0,23.45,B
2021-07-22T09:32:25,100.0,23.4,S
2021-07-22T09:32:13,300.0,23.4,S
2021-07-22T09:32:02,1000.0,23.35,S
2021-07-22T09:31:59,24100.0,23.5,B
2021-07-22T09:31:59,600.0,23.45,B
2021-07-22T09:31:59,500.0,23.4,B
2021-07-22T09:31:59,3000.0,23.4,B
2021-07-22T09:31:59,8100.0,23.4,B
2021-07-22T09:31:59,11500.0,23.4,B
2021-07-22T09:31:59,1200.0,23.4,B
2021-07-22T09:31:59,1000.0,23.4,B
2021-07-22T09:31:56,500.0,23.35,S
2021-07-22T09:31:56,100.0,23.35,S
2021-07-22T09:31:51,500.0,23.35,S
2021-07-22T09:31:44,100.0,23.35,B
2021-07-22T09:31:42,100.0,23.3,S
2021-07-22T09:31:40,7000.0,23.3,B
2021-07-22T09:31:39,2000.0,23.3,B
2021-07-22T09:31:25,3500.0,23.3,B
2021-07-22T09:31:25,500.0,23.3,B
2021-07-22T09:31:23,12500.0,23.2,S
2021-07-22T09:31:23,800.0,23.2,S
2021-07-22T09:31:22,1000.0,23.25,B
2021-07-22T09:31:22,1000.0,23.25,B
2021-07-22T09:31:19,10000.0,23.25,B
2021-07-22T09:31:05,100.0,23.25,B
2021-07-22T09:31:03,4700.0,23.2,B
2021-07-22T09:31:03,200.0,23.2,B
2021-07-22T09:31:01,1000.0,23.2,B
2021-07-22T09:31:01,200.0,23.2,B
2021-07-22T09:30:55,1000.0,23.2,B
2021-07-22T09:30:54,200.0,23.2,B
2021-07-22T09:30:52,5000.0,23.2,B
2021-07-22T09:30:49,5100.0,23.2,B
2021-07-22T09:30:49,1100.0,23.2,B
2021-07-22T09:30:38,2000.0,23.2,B
2021-07-22T09:30:36,200.0,23.15,S
2021-07-22T09:30:16,1600.0,23.0,S
2021-07-22T09:30:10,800.0,23.2,B
2021-07-22T09:30:09,1000.0,23.0,S
2021-07-22T09:30:09,200.0,23.2,B
2021-07-22T09:30:05,1000.0,23.15,S
2021-07-22T09:30:03,500.0,23.2,B
2021-07-22T09:29:58,3700.0,23.0,S
2021-07-22T09:29:58,5600.0,23.0,S
2021-07-22T09:29:58,5900.0,23.0,S
2021-07-22T09:29:58,2100.0,23.0,S
2021-07-22T09:29:58,10100.0,23.0,S
2021-07-22T09:29:58,2300.0,23.0,S
2021-07-22T09:29:58,300.0,23.05,S
2021-07-22T09:29:58,4500.0,23.05,S
2021-07-22T09:29:58,800.0,23.1,S
2021-07-22T09:29:58,1000.0,23.1,S
2021-07-22T09:29:58,3600.0,23.1,S
2021-07-22T09:29:58,1300.0,23.1,S
2021-07-22T09:29:58,8800.0,23.1,S
2021-07-22T09:29:56,5000.0,23.2,B
2021-07-22T09:29:51,200.0,23.2,B
2021-07-22T09:29:51,600.0,23.15,S
2021-07-22T09:29:50,1000.0,23.2,B
2021-07-22T09:29:48,1000.0,23.25,B
2021-07-22T09:29:47,400.0,23.15,S
2021-07-22T09:29:45,3000.0,23.2,S
2021-07-22T09:29:45,1000.0,23.2,S
2021-07-22T09:29:45,1000.0,23.2,S
2021-07-22T09:29:40,100.0,23.2,S
2021-07-22T09:29:40,1000.0,23.25,B
2021-07-22T09:29:38,1000.0,23.2,S
2021-07-22T09:29:37,200.0,23.25,B
2021-07-22T09:29:32,100.0,23.25,B
2021-07-22T09:29:32,600.0,23.2,S
2021-07-22T09:29:28,100.0,23.2,S
2021-07-22T09:29:27,100.0,23.25,B
2021-07-22T09:29:25,100.0,23.2,S
2021-07-22T09:29:22,30000.0,23.3,B
2021-07-22T09:29:18,500.0,23.2,S
2021-07-22T09:29:18,12000.0,23.2,S
2021-07-22T09:29:18,11200.0,23.2,S
2021-07-22T09:29:18,2500.0,23.2,S
2021-07-22T09:29:18,3800.0,23.2,S
2021-07-22T09:29:18,1000.0,23.3,B
2021-07-22T09:29:15,100.0,23.3,B
2021-07-22T09:29:12,1000.0,23.3,B
2021-07-22T09:29:11,500.0,23.25,S
2021-07-22T09:29:09,1000.0,23.3,B
2021-07-22T09:29:04,100.0,23.3,B
2021-07-22T09:29:04,22000.0,23.35,S
2021-07-22T09:29:03,200.0,23.35,B
2021-07-22T09:29:03,300.0,23.35,B
2021-07-22T09:29:03,2200.0,23.35,B
2021-07-22T09:29:03,600.0,23.35,B
2021-07-22T09:29:03,800.0,23.35,B
2021-07-22T09:29:03,23900.0,23.35,B
2021-07-22T09:29:02,1000.0,23.3,S
2021-07-22T09:29:02,4000.0,23.3,S
2021-07-22T09:29:02,1100.0,23.3,S
2021-07-22T09:29:02,200.0,23.3,S
2021-07-22T09:29:02,1000.0,23.3,S
2021-07-22T09:29:02,3000.0,23.3,S
2021-07-22T09:29:02,13000.0,23.3,S
2021-07-22T09:29:02,3000.0,23.3,S
2021-07-22T09:29:02,4000.0,23.3,S
2021-07-22T09:29:02,34600.0,23.3,S
2021-07-22T09:28:58,100.0,23.3,S
2021-07-22T09:28:57,300.0,23.3,S
2021-07-22T09:28:57,100.0,23.35,B
2021-07-22T09:28:56,14000.0,23.3,S
2021-07-22T09:28:56,100.0,23.35,B
2021-07-22T09:28:53,800.0,23.3,S
2021-07-22T09:28:50,500.0,23.35,B
2021-07-22T09:28:50,100.0,23.35,B
2021-07-22T09:28:50,900.0,23.3,S
2021-07-22T09:28:48,5000.0,23.3,S
2021-07-22T09:28:46,200.0,23.35,B
2021-07-22T09:28:40,400.0,23.35,B
2021-07-22T09:28:38,45800.0,23.35,S
2021-07-22T09:28:38,5000.0,23.35,S
2021-07-22T09:28:37,100.0,23.4,B
2021-07-22T09:28:36,900.0,23.35,S
2021-07-22T09:28:32,200.0,23.35,S
2021-07-22T09:28:31,100.0,23.4,B
2021-07-22T09:28:27,200.0,23.35,S
2021-07-22T09:28:25,5000.0,23.35,S
2021-07-22T09:28:24,300.0,23.4,B
2021-07-22T09:28:21,500.0,23.35,S
2021-07-22T09:28:20,1000.0,23.4,B
2021-07-22T09:28:20,1000.0,23.4,B
2021-07-22T09:28:17,1000.0,23.4,B
2021-07-22T09:28:17,200.0,23.4,B
2021-07-22T09:28:15,5000.0,23.35,S
2021-07-22T09:28:14,200.0,23.4,B
2021-07-22T09:28:13,1000.0,23.4,B
2021-07-22T09:28:12,6700.0,23.4,S
2021-07-22T09:28:12,1800.0,23.4,S
2021-07-22T09:28:12,5700.0,23.4,S
2021-07-22T09:28:12,600.0,23.45,S
2021-07-22T09:28:11,3600.0,23.45,S
2021-07-22T09:28:10,500.0,23.45,S
2021-07-22T09:28:08,200.0,23.45,S
2021-07-22T09:28:00,7100.0,23.45,S
2021-07-22T09:28:00,500.0,23.5,S
2021-07-22T09:28:00,24500.0,23.5,S
2021-07-22T09:27:58,200.0,23.5,S
2021-07-22T09:27:58,100.0,23.5,S
2021-07-22T09:27:57,500.0,23.55,B
2021-07-22T09:27:56,100.0,23.55,B
2021-07-22T09:27:53,2500.0,23.55,S
2021-07-22T09:27:52,1000.0,23.55,S
2021-07-22T09:27:51,2000.0,23.55,S
2021-07-22T09:27:48,1000.0,23.55,S
2021-07-22T09:27:48,300.0,23.55,S
2021-07-22T09:27:48,400.0,23.6,B
2021-07-22T09:27:45,200.0,23.6,B
2021-07-22T09:27:45,1000.0,23.55,S
2021-07-22T09:27:37,100.0,23.6,B
2021-07-22T09:27:37,2600.0,23.6,B
2021-07-22T09:27:34,5800.0,23.6,S
2021-07-22T09:27:34,500.0,23.6,S
2021-07-22T09:27:33,400.0,23.6,S
2021-07-22T09:27:26,200.0,23.6,S
2021-07-22T09:27:23,10000.0,23.65,B
2021-07-22T09:27:22,100.0,23.6,B
2021-07-22T09:27:19,10000.0,23.55,S
2021-07-22T09:27:18,1600.0,23.65,B
2021-07-22T09:27:17,10000.0,23.6,S
2021-07-22T09:27:11,400.0,23.65,B
2021-07-22T09:27:09,500.0,23.6,S
2021-07-22T09:27:03,500.0,23.6,S
2021-07-22T09:26:58,600.0,23.65,B
2021-07-22T09:26:56,100.0,23.6,S
2021-07-22T09:26:52,1000.0,23.6,S
2021-07-22T09:26:48,1000.0,23.65,B
2021-07-22T09:26:47,500.0,23.6,S
2021-07-22T09:26:45,500.0,23.6,S
2021-07-22T09:26:43,4300.0,23.6,S
2021-07-22T09:26:38,500.0,23.6,B
2021-07-22T09:26:38,1500.0,23.6,B
2021-07-22T09:26:38,500.0,23.6,B
2021-07-22T09:26:38,300.0,23.6,B
2021-07-22T09:26:38,600.0,23.6,B
2021-07-22T09:26:38,1100.0,23.6,B
2021-07-22T09:26:38,1100.0,23.6,B
2021-07-22T09:26:38,22600.0,23.6,B
2021-07-22T09:26:37,10900.0,23.6,B
2021-07-22T09:26:37,4100.0,23.6,B
2021-07-22T09:26:37,500.0,23.6,B
2021-07-22T09:26:36,100.0,23.6,B
2021-07-22T09:26:35,10500.0,23.55,S
2021-07-22T09:26:35,1000.0,23.55,S
2021-07-22T09:26:33,2000.0,23.6,B
2021-07-22T09:26:33,400.0,23.55,S
2021-07-22T09:26:33,3200.0,23.6,B
2021-07-22T09:26:28,200.0,23.6,B
2021-07-22T09:26:27,400.0,23.6,B
2021-07-22T09:26:19,4300.0,23.6,B
2021-07-22T09:26:19,700.0,23.6,B
2021-07-22T09:26:19,3000.0,23.55,B
2021-07-22T09:26:19,2000.0,23.5,S
2021-07-22T09:26:17,40000.0,23.55,B
2021-07-22T09:26:16,100.0,23.5,S
2021-07-22T09:26:15,2000.0,23.5,S
2021-07-22T09:26:13,200.0,23.5,S
2021-07-22T09:26:10,1000.0,23.5,S
2021-07-22T09:26:10,1000.0,23.5,S
2021-07-22T09:26:07,1000.0,23.5,S
2021-07-22T09:26:04,600.0,23.5,S
2021-07-22T09:25:59,4400.0,23.5,B
2021-07-22T09:25:59,500.0,23.5,B
2021-07-22T09:25:59,2800.0,23.5,B
2021-07-22T09:25:59,3800.0,23.5,B
2021-07-22T09:25:59,2000.0,23.5,B
2021-07-22T09:25:59,16100.0,23.5,B
2021-07-22T09:25:59,13000.0,23.5,B
2021-07-22T09:25:59,4000.0,23.5,B
2021-07-22T09:25:59,21000.0,23.5,B
2021-07-22T09:25:59,10700.0,23.5,B
2021-07-22T09:25:55,3000.0,23.45,S
2021-07-22T09:25:53,1700.0,23.5,B
2021-07-22T09:25:53,3300.0,23.5,B
2021-07-22T09:25:53,10000.0,23.5,B
2021-07-22T09:25:53,100.0,23.45,S
2021-07-22T09:25:53,24000.0,23.5,B
2021-07-22T09:25:53,2900.0,23.5,B
2021-07-22T09:25:52,13100.0,23.5,B
2021-07-22T09:25:51,1400.0,23.45,S
2021-07-22T09:25:50,500.0,23.5,B
2021-07-22T09:25:49,1000.0,23.45,S
2021-07-22T09:25:48,2500.0,23.5,B
2021-07-22T09:25:48,37500.0,23.5,B
2021-07-22T09:25:43,100.0,23.45,S
2021-07-22T09:25:41,500.0,23.5,B
2021-07-22T09:25:40,500.0,23.5,B
2021-07-22T09:25:39,4000.0,23.45,S
2021-07-22T09:25:37,300.0,23.45,S
2021-07-22T09:25:36,1000.0,23.5,B
2021-07-22T09:25:36,300.0,23.45,S
2021-07-22T09:25:36,300.0,23.5,B
2021-07-22T09:25:34,200.0,23.5,B
2021-07-22T09:25:32,1000.0,23.45,S
2021-07-22T09:25:29,300.0,23.5,B
2021-07-22T09:25:29,1000.0,23.45,S
2021-07-22T09:25:27,100.0,23.5,B
2021-07-22T09:25:26,1000.0,23.5,B
2021-07-22T09:25:26,1800.0,23.5,B
2021-07-22T09:25:19,200.0,23.45,S
2021-07-22T09:25:17,4000.0,23.45,S
2021-07-22T09:25:16,1000.0,23.45,B
2021-07-22T09:25:16,31100.0,23.45,B
2021-07-22T09:25:16,300.0,23.4,S
2021-07-22T09:25:14,20000.0,23.45,B
2021-07-22T09:25:14,1000.0,23.4,S
2021-07-22T09:25:10,2000.0,23.4,S
2021-07-22T09:25:06,1000.0,23.45,B
2021-07-22T09:25:03,200.0,23.4,S
2021-07-22T09:25:03,500.0,23.4,S
2021-07-22T09:25:00,100.0,23.4,S
2021-07-22T09:24:59,200.0,23.4,S
2021-07-22T09:24:57,800.0,23.4,S
2021-07-22T09:24:56,500.0,23.4,S
2021-07-22T09:24:56,400.0,23.4,B
2021-07-22T09:24:55,600.0,23.4,S
2021-07-22T09:24:55,900.0,23.4,B
2021-07-22T09:24:55,2000.0,23.4,B
2021-07-22T09:24:53,3000.0,23.4,B
2021-07-22T09:24:52,1000.0,23.4,B
2021-07-22T09:24:52,20000.0,23.4,B
2021-07-22T09:24:51,10000.0,23.4,B
2021-07-22T09:24:51,300.0,23.35,S
2021-07-22T09:24:48,11000.0,23.4,B
2021-07-22T09:24:47,300.0,23.4,B
2021-07-22T09:24:43,2500.0,23.35,S
2021-07-22T09:24:43,1000.0,23.4,B
2021-07-22T09:24:40,700.0,23.4,B
2021-07-22T09:24:25,10700.0,23.35,S
2021-07-22T09:24:25,33300.0,23.35,B
2021-07-22T09:24:22,100.0,23.3,S
2021-07-22T09:24:22,1000.0,23.3,S
2021-07-22T09:24:21,100.0,23.3,S
2021-07-22T09:24:21,2000.0,23.3,B
2021-07-22T09:24:21,600.0,23.3,B
2021-07-22T09:24:19,500.0,23.3,B
2021-07-22T09:24:19,1500.0,23.3,B
2021-07-22T09:24:17,2000.0,23.3,B
2021-07-22T09:24:17,2000.0,23.2,S
2021-07-22T09:24:12,300.0,23.25,S
2021-07-22T09:24:12,2600.0,23.3,B
2021-07-22T09:24:12,1200.0,23.3,B
2021-07-22T09:24:12,1300.0,23.3,B
2021-07-22T09:24:12,22300.0,23.3,B
2021-07-22T09:24:09,10000.0,23.3,B
2021-07-22T09:24:08,1000.0,23.2,S
2021-07-22T09:24:05,600.0,23.25,B
2021-07-22T09:24:05,600.0,23.25,B
2021-07-22T09:24:05,700.0,23.25,B
2021-07-22T09:24:05,47200.0,23.25,B
2021-07-22T09:23:59,2000.0,23.2,S
2021-07-22T09:23:58,5500.0,23.2,B
2021-07-22T09:23:57,1000.0,23.2,B
2021-07-22T09:23:57,3000.0,23.2,B
2021-07-22T09:23:56,2000.0,23.2,B
2021-07-22T09:23:56,2300.0,23.2,B
2021-07-22T09:23:54,4000.0,23.15,S
2021-07-22T09:23:54,10000.0,23.2,B
2021-07-22T09:23:53,11000.0,23.2,B
2021-07-22T09:23:52,6000.0,23.2,B
2021-07-22T09:23:52,5000.0,23.2,B
2021-07-22T09:23:48,3300.0,23.2,S
2021-07-22T09:23:48,7400.0,23.2,S
2021-07-22T09:23:48,5000.0,23.2,S
2021-07-22T09:23:45,3000.0,23.2,S
2021-07-22T09:23:43,300.0,23.2,S
2021-07-22T09:23:41,3800.0,23.2,B
2021-07-22T09:23:34,1500.0,23.2,B
2021-07-22T09:23:33,300.0,23.2,B
2021-07-22T09:23:31,1000.0,23.2,B
2021-07-22T09:23:31,500.0,23.2,B
2021-07-22T09:23:30,1000.0,23.2,B
2021-07-22T09:23:30,300.0,23.2,B
2021-07-22T09:23:28,1000.0,23.2,B
2021-07-22T09:23:23,500.0,23.2,B
2021-07-22T09:23:20,10000.0,23.2,B
2021-07-22T09:23:16,1200.0,23.2,S
2021-07-22T09:23:16,9000.0,23.2,S
2021-07-22T09:23:14,1000.0,23.2,S
2021-07-22T09:23:10,100.0,23.2,S
2021-07-22T09:23:06,20000.0,23.2,S
2021-07-22T09:23:03,200.0,23.2,S
2021-07-22T09:23:00,400.0,23.2,B
2021-07-22T09:22:58,2000.0,23.2,B
2021-07-22T09:22:56,3000.0,23.2,B
2021-07-22T09:22:53,100.0,23.15,S
2021-07-22T09:22:51,300.0,23.2,B
2021-07-22T09:22:50,1000.0,23.2,B
2021-07-22T09:22:49,5000.0,23.2,B
2021-07-22T09:22:49,900.0,23.2,B
2021-07-22T09:22:49,1700.0,23.2,B
2021-07-22T09:22:49,7400.0,23.2,B
2021-07-22T09:22:48,5000.0,23.2,B
2021-07-22T09:22:46,100.0,23.15,S
2021-07-22T09:22:41,100.0,23.15,S
2021-07-22T09:22:36,1000.0,23.15,S
2021-07-22T09:22:35,5100.0,23.15,S
2021-07-22T09:22:33,3000.0,23.15,S
2021-07-22T09:22:30,200.0,23.2,B
2021-07-22T09:22:27,200.0,23.15,S
2021-07-22T09:22:27,200.0,23.15,S
2021-07-22T09:22:25,100.0,23.15,S
2021-07-22T09:22:22,5000.0,23.15,S
2021-07-22T09:22:21,1000.0,23.15,S
2021-07-22T09:22:21,500.0,23.15,B
2021-07-22T09:22:20,2000.0,23.15,B
2021-07-22T09:22:20,200.0,23.15,B
2021-07-22T09:22:19,300.0,23.15,B
2021-07-22T09:22:14,8200.0,23.1,S
2021-07-22T09:22:10,4000.0,23.15,B
2021-07-22T09:22:10,100.0,23.1,S
2021-07-22T09:22:08,500.0,23.15,B
2021-07-22T09:22:07,200.0,23.15,B
2021-07-22T09:22:05,3000.0,23.1,S
2021-07-22T09:22:05,2000.0,23.15,B
2021-07-22T09:22:03,10000.0,23.1,S
2021-07-22T09:22:01,1000.0,23.1,S
2021-07-22T09:22:00,11800.0,23.2,B
2021-07-22T09:22:00,700.0,23.2,B
2021-07-22T09:22:00,300.0,23.15,B
2021-07-22T09:22:00,1200.0,23.15,B
2021-07-22T09:22:00,1000.0,23.15,B
2021-07-22T09:22:00,15000.0,23.15,B
2021-07-22T09:21:52,200.0,23.1,S
2021-07-22T09:21:52,100.0,23.1,S
2021-07-22T09:21:49,1000.0,23.15,B
2021-07-22T09:21:48,1000.0,23.15,B
2021-07-22T09:21:47,100.0,23.1,S
2021-07-22T09:21:45,500.0,23.1,B
2021-07-22T09:21:45,900.0,23.1,S
2021-07-22T09:21:44,500.0,23.0,S
2021-07-22T09:21:44,45000.0,23.15,B
2021-07-22T09:21:37,100.0,23.1,B
2021-07-22T09:21:30,2100.0,23.1,B
2021-07-22T09:21:29,16900.0,23.05,B
2021-07-22T09:21:29,100.0,23.0,S
2021-07-22T09:21:20,2000.0,23.0,S
2021-07-22T09:21:18,2000.0,23.05,B
2021-07-22T09:21:16,5000.0,23.0,S
2021-07-22T09:21:09,2000.0,23.05,B
2021-07-22T09:21:09,5000.0,23.0,B
2021-07-22T09:21:09,4500.0,23.0,B
2021-07-22T09:21:09,3200.0,23.0,B
2021-07-22T09:21:09,300.0,23.0,B
2021-07-22T09:21:07,100.0,22.9,S
2021-07-22T09:21:05,10000.0,23.0,B
2021-07-22T09:21:03,5000.0,23.0,B
2021-07-22T09:21:01,15000.0,23.0,B
2021-07-22T09:20:59,1000.0,22.95,B
2021-07-22T09:20:58,3500.0,22.95,B
2021-07-22T09:20:53,50000.0,22.95,B
2021-07-22T09:20:51,500.0,22.9,B
2021-07-22T09:20:48,3000.0,22.9,B
2021-07-22T09:20:43,9700.0,22.85,B
2021-07-22T09:20:42,1400.0,22.85,B
2021-07-22T09:20:42,1000.0,22.85,B
2021-07-22T09:20:42,8700.0,22.85,B
2021-07-22T09:20:39,100.0,22.85,B
2021-07-22T09:20:28,3000.0,22.8,B
2021-07-22T09:20:28,1900.0,22.8,B
2021-07-22T09:20:27,10000.0,22.8,B
2021-07-22T09:20:27,11000.0,22.8,B
2021-07-22T09:20:16,1000.0,22.75,B
2021-07-22T09:20:09,10000.0,22.75,B
2021-07-22T09:20:08,500.0,22.7,S
2021-07-22T09:20:06,1000.0,22.7,S
2021-07-22T09:20:06,6100.0,22.7,S
2021-07-22T09:20:04,3000.0,22.7,B
2021-07-22T09:19:55,7000.0,22.7,B
2021-07-22T09:19:46,13700.0,22.65,B
2021-07-22T09:19:42,2000.0,22.65,B
2021-07-22T09:19:39,300.0,22.65,B
2021-07-22T09:19:39,2900.0,22.65,B
2021-07-22T09:19:39,1800.0,22.65,B
2021-07-22T09:19:26,100.0,22.65,B
2021-07-22T09:19:26,900.0,22.6,S
2021-07-22T09:19:23,1000.0,22.65,B
2021-07-22T09:19:18,1000.0,22.6,S
2021-07-22T09:19:17,300.0,22.6,S
2021-07-22T09:19:16,1000.0,22.6,S
2021-07-22T09:19:06,200.0,22.6,S
2021-07-22T09:19:00,200.0,22.6,S
2021-07-22T09:18:36,200.0,22.6,S
2021-07-22T09:18:26,2100.0,22.55,S
2021-07-22T09:18:24,100.0,22.55,S
2021-07-22T09:18:21,2000.0,22.6,B
2021-07-22T09:18:19,3000.0,22.6,B
2021-07-22T09:18:15,100.0,22.6,B
2021-07-22T09:18:08,2800.0,22.6,S
2021-07-22T09:18:04,10000.0,22.65,B
2021-07-22T09:17:59,1000.0,22.6,S
2021-07-22T09:17:46,1000.0,22.6,B
2021-07-22T09:17:45,200.0,22.6,B
2021-07-22T09:17:45,100.0,22.6,B
2021-07-22T09:17:42,700.0,22.6,S
2021-07-22T09:17:37,100.0,22.65,B
2021-07-22T09:17:37,10000.0,22.6,S
2021-07-22T09:17:32,2000.0,22.65,B
2021-07-22T09:17:30,4900.0,22.6,S
2021-07-22T09:17:30,800.0,22.6,S
2021-07-22T09:17:08,200.0,22.65,B
2021-07-22T09:17:06,2700.0,22.65,S
2021-07-22T09:17:06,2100.0,22.65,S
2021-07-22T09:17:00,500.0,22.7,B
2021-07-22T09:16:58,500.0,22.7,B
2021-07-22T09:16:54,1500.0,22.7,B
2021-07-22T09:16:51,500.0,22.7,B
2021-07-22T09:16:51,7900.0,22.7,S
2021-07-22T09:16:41,500.0,22.7,S
2021-07-22T09:16:28,7400.0,22.75,B
2021-07-22T09:16:25,2000.0,22.75,B
2021-07-22T09:16:23,500.0,22.7,S
2021-07-22T09:16:20,1300.0,22.75,B
2021-07-22T09:16:13,1000.0,22.7,S
2021-07-22T09:16:02,1000.0,22.75,B
2021-07-22T09:16:02,1000.0,22.75,B
2021-07-22T09:16:02,200.0,22.75,B
2021-07-22T09:16:01,200.0,22.7,S
2021-07-22T09:15:58,1000.0,22.7,S
2021-07-22T09:15:58,4000.0,22.7,S
2021-07-22T09:15:58,6000.0,22.75,B
2021-07-22T09:15:54,1000.0,22.75,B
2021-07-22T09:15:47,2000.0,22.75,B
2021-07-22T09:15:42,2000.0,22.75,B
2021-07-22T09:15:30,100.0,22.75,B
2021-07-22T09:15:17,100.0,22.75,B
2021-07-22T09:15:12,3900.0,22.7,S
