tradingTime,volume,price,side
2021-07-22T13:51:00,500.0,122.6,S
2021-07-22T13:50:45,300.0,122.6,B
2021-07-22T13:50:11,300.0,122.6,B
2021-07-22T13:50:11,100.0,122.6,B
2021-07-22T13:50:05,400.0,122.6,B
2021-07-22T13:49:59,400.0,122.6,B
2021-07-22T13:49:54,400.0,122.6,B
2021-07-22T13:49:48,100.0,122.5,S
2021-07-22T13:49:32,300.0,122.6,B
2021-07-22T13:49:22,3500.0,122.5,B
2021-07-22T13:49:22,400.0,122.5,B
2021-07-22T13:48:59,1500.0,122.5,B
2021-07-22T13:48:59,500.0,122.5,B
2021-07-22T13:48:59,1000.0,122.4,B
2021-07-22T13:48:59,100.0,122.4,B
2021-07-22T13:48:59,1000.0,122.3,B
2021-07-22T13:48:59,900.0,122.3,B
2021-07-22T13:48:44,100.0,122.3,B
2021-07-22T13:48:24,100.0,122.3,B
2021-07-22T13:48:20,100.0,122.3,B
2021-07-22T13:48:15,300.0,122.3,B
2021-07-22T13:48:13,300.0,122.2,B
2021-07-22T13:48:13,100.0,122.2,B
2021-07-22T13:48:10,100.0,122.2,B
2021-07-22T13:48:09,700.0,122.2,B
2021-07-22T13:48:09,1400.0,122.2,B
2021-07-22T13:48:09,1900.0,122.2,B
2021-07-22T13:48:09,1500.0,122.2,B
2021-07-22T13:48:08,300.0,122.2,B
2021-07-22T13:48:06,100.0,122.2,B
2021-07-22T13:48:05,1500.0,122.2,B
2021-07-22T13:48:03,1000.0,122.2,B
2021-07-22T13:48:03,300.0,122.2,B
2021-07-22T13:47:58,300.0,122.2,B
2021-07-22T13:47:55,1500.0,122.1,S
2021-07-22T13:47:53,100.0,122.2,B
2021-07-22T13:47:53,200.0,122.2,B
2021-07-22T13:47:50,500.0,122.2,B
2021-07-22T13:47:43,200.0,122.2,B
2021-07-22T13:47:18,500.0,122.1,S
2021-07-22T13:47:08,900.0,122.1,B
2021-07-22T13:47:08,1000.0,122.1,B
2021-07-22T13:47:08,4400.0,122.1,B
2021-07-22T13:46:51,100.0,122.1,B
2021-07-22T13:46:44,200.0,122.1,B
2021-07-22T13:46:39,900.0,122.1,B
2021-07-22T13:46:32,300.0,122.1,B
2021-07-22T13:46:24,700.0,122.1,B
2021-07-22T13:46:24,1300.0,122.1,B
2021-07-22T13:46:18,500.0,122.1,B
2021-07-22T13:45:55,1500.0,122.1,B
2021-07-22T13:45:29,1400.0,122.0,S
2021-07-22T13:45:10,1000.0,122.1,B
2021-07-22T13:45:09,500.0,122.0,S
2021-07-22T13:44:59,200.0,122.1,B
2021-07-22T13:43:50,400.0,122.0,S
2021-07-22T13:43:47,1000.0,122.0,S
2021-07-22T13:43:38,100.0,122.0,S
2021-07-22T13:43:28,2200.0,122.1,B
2021-07-22T13:43:28,2100.0,122.1,B
2021-07-22T13:43:28,600.0,122.1,B
2021-07-22T13:43:28,100.0,122.1,B
2021-07-22T13:43:26,100.0,122.0,S
2021-07-22T13:43:16,1000.0,122.0,S
2021-07-22T13:42:51,700.0,122.0,B
2021-07-22T13:42:46,1000.0,122.0,B
2021-07-22T13:42:40,1000.0,122.0,B
2021-07-22T13:42:35,100.0,122.0,B
2021-07-22T13:42:23,100.0,122.0,B
2021-07-22T13:41:55,200.0,122.0,B
2021-07-22T13:41:52,100.0,122.0,B
2021-07-22T13:41:48,1000.0,122.0,B
2021-07-22T13:41:46,2400.0,122.0,B
2021-07-22T13:41:44,100.0,121.9,S
2021-07-22T13:41:42,3000.0,122.0,B
2021-07-22T13:41:28,100.0,121.9,S
2021-07-22T13:41:28,1400.0,122.0,B
2021-07-22T13:41:28,2000.0,122.0,B
2021-07-22T13:41:28,1500.0,122.0,B
2021-07-22T13:41:28,5100.0,122.0,B
2021-07-22T13:41:15,5600.0,122.0,B
2021-07-22T13:41:15,500.0,122.0,B
2021-07-22T13:41:15,3900.0,122.0,B
2021-07-22T13:40:40,100.0,121.9,S
2021-07-22T13:40:32,100.0,121.9,S
2021-07-22T13:39:41,400.0,121.9,B
2021-07-22T13:39:29,300.0,122.0,B
2021-07-22T13:39:24,500.0,122.0,B
2021-07-22T13:39:15,400.0,122.0,B
2021-07-22T13:39:05,300.0,122.0,B
2021-07-22T13:39:02,1000.0,122.0,B
2021-07-22T13:38:56,1000.0,122.0,B
2021-07-22T13:38:44,200.0,122.0,B
2021-07-22T13:38:43,400.0,122.0,B
2021-07-22T13:38:37,800.0,122.0,B
2021-07-22T13:38:28,400.0,122.0,B
2021-07-22T13:38:22,100.0,121.8,S
2021-07-22T13:38:18,300.0,122.0,B
2021-07-22T13:38:07,300.0,122.0,B
2021-07-22T13:38:06,200.0,122.0,B
2021-07-22T13:38:04,500.0,121.8,S
2021-07-22T13:37:27,300.0,122.0,B
2021-07-22T13:37:19,500.0,122.0,B
2021-07-22T13:37:13,100.0,122.0,B
2021-07-22T13:37:02,100.0,122.0,B
2021-07-22T13:36:47,1600.0,122.0,B
2021-07-22T13:36:47,500.0,122.0,B
2021-07-22T13:36:33,300.0,122.0,B
2021-07-22T13:36:25,600.0,122.0,B
2021-07-22T13:36:11,400.0,122.0,B
2021-07-22T13:36:10,100.0,122.0,B
2021-07-22T13:36:06,500.0,122.0,B
2021-07-22T13:36:04,400.0,122.0,B
2021-07-22T13:35:58,500.0,122.0,B
2021-07-22T13:35:56,400.0,122.0,B
2021-07-22T13:35:50,500.0,122.0,B
2021-07-22T13:35:50,400.0,121.9,B
2021-07-22T13:35:42,500.0,121.9,B
2021-07-22T13:35:40,300.0,121.9,B
2021-07-22T13:35:33,500.0,121.9,B
2021-07-22T13:35:25,500.0,121.9,B
2021-07-22T13:35:18,400.0,121.9,B
2021-07-22T13:35:08,300.0,121.9,B
2021-07-22T13:34:13,1100.0,121.5,S
2021-07-22T13:34:13,100.0,121.7,S
2021-07-22T13:34:13,3000.0,121.7,S
2021-07-22T13:34:13,5800.0,121.7,S
2021-07-22T13:33:55,1000.0,121.8,S
2021-07-22T13:33:27,500.0,121.8,S
2021-07-22T13:33:17,500.0,121.9,B
2021-07-22T13:33:08,400.0,121.9,S
2021-07-22T13:32:17,2600.0,121.9,B
2021-07-22T13:31:14,200.0,121.8,S
2021-07-22T13:31:12,2000.0,121.8,S
2021-07-22T13:31:12,500.0,121.8,S
2021-07-22T13:30:55,400.0,121.8,S
2021-07-22T13:30:55,700.0,121.8,S
2021-07-22T13:30:55,1300.0,121.8,S
2021-07-22T13:30:22,200.0,121.8,S
2021-07-22T13:29:51,600.0,121.9,S
2021-07-22T13:29:07,400.0,121.9,S
2021-07-22T13:28:44,500.0,121.9,S
2021-07-22T13:28:37,200.0,121.9,S
2021-07-22T13:28:30,2000.0,121.9,S
2021-07-22T13:28:29,300.0,122.0,B
2021-07-22T13:28:28,600.0,122.0,B
2021-07-22T13:28:27,100.0,122.0,B
2021-07-22T13:27:42,100.0,122.0,B
2021-07-22T13:27:42,200.0,121.9,S
2021-07-22T13:27:00,800.0,121.9,S
2021-07-22T13:27:00,400.0,121.9,S
2021-07-22T13:26:33,1000.0,121.8,S
2021-07-22T13:26:30,100.0,121.9,B
2021-07-22T13:26:28,10000.0,121.9,B
2021-07-22T13:26:14,100.0,121.9,B
2021-07-22T13:26:11,300.0,121.9,B
2021-07-22T13:25:58,1000.0,121.9,B
2021-07-22T13:25:57,800.0,121.9,B
2021-07-22T13:25:56,500.0,121.9,B
2021-07-22T13:25:51,1300.0,121.9,B
2021-07-22T13:25:45,800.0,121.9,B
2021-07-22T13:25:45,1000.0,121.9,B
2021-07-22T13:25:43,400.0,121.9,B
2021-07-22T13:25:37,900.0,121.9,B
2021-07-22T13:25:35,300.0,121.9,B
2021-07-22T13:25:28,500.0,121.9,B
2021-07-22T13:25:27,1000.0,121.9,B
2021-07-22T13:25:25,800.0,121.9,B
2021-07-22T13:25:14,800.0,121.9,B
2021-07-22T13:25:13,5000.0,121.9,B
2021-07-22T13:25:13,500.0,121.9,B
2021-07-22T13:25:12,2000.0,121.9,S
2021-07-22T13:25:09,1000.0,121.9,S
2021-07-22T13:24:55,400.0,121.9,S
2021-07-22T13:24:53,1000.0,121.9,S
2021-07-22T13:24:42,700.0,122.0,B
2021-07-22T13:24:38,300.0,122.0,B
2021-07-22T13:24:33,300.0,122.0,B
2021-07-22T13:24:29,1700.0,122.0,B
2021-07-22T13:24:29,1100.0,122.0,B
2021-07-22T13:24:26,300.0,122.0,B
2021-07-22T13:24:26,400.0,122.0,B
2021-07-22T13:24:17,300.0,122.0,B
2021-07-22T13:24:16,400.0,122.0,B
2021-07-22T13:24:13,200.0,122.0,B
2021-07-22T13:24:13,400.0,122.0,B
2021-07-22T13:24:13,1800.0,122.0,B
2021-07-22T13:24:06,500.0,122.0,B
2021-07-22T13:23:59,300.0,122.0,B
2021-07-22T13:23:52,300.0,121.9,S
2021-07-22T13:23:48,400.0,122.0,B
2021-07-22T13:23:38,200.0,122.0,B
2021-07-22T13:23:38,100.0,121.9,B
2021-07-22T13:23:38,100.0,121.9,B
2021-07-22T13:23:29,4300.0,121.9,B
2021-07-22T13:23:28,100.0,121.8,S
2021-07-22T13:23:01,200.0,121.8,S
2021-07-22T13:22:39,500.0,121.9,B
2021-07-22T13:22:27,500.0,121.9,S
2021-07-22T13:22:22,2000.0,121.9,S
2021-07-22T13:22:03,100.0,121.9,B
2021-07-22T13:21:37,1000.0,121.9,B
2021-07-22T13:21:22,100.0,121.8,S
2021-07-22T13:20:42,400.0,121.8,S
2021-07-22T13:20:35,200.0,121.8,S
2021-07-22T13:20:35,300.0,121.8,S
2021-07-22T13:20:15,700.0,122.0,B
2021-07-22T13:20:15,700.0,122.0,B
2021-07-22T13:20:15,2600.0,122.0,B
2021-07-22T13:20:15,3200.0,122.0,B
2021-07-22T13:20:15,600.0,122.0,B
2021-07-22T13:20:15,1000.0,122.0,B
2021-07-22T13:20:15,500.0,122.0,B
2021-07-22T13:20:15,9400.0,122.0,B
2021-07-22T13:20:01,100.0,121.8,S
2021-07-22T13:19:51,2000.0,121.8,S
2021-07-22T13:19:27,500.0,121.8,S
2021-07-22T13:18:57,500.0,121.8,S
2021-07-22T13:18:39,1000.0,121.9,B
2021-07-22T13:18:08,4300.0,121.9,B
2021-07-22T13:18:06,500.0,121.9,S
2021-07-22T13:17:49,2000.0,121.9,S
2021-07-22T13:17:43,900.0,121.9,S
2021-07-22T13:17:16,100.0,121.9,S
2021-07-22T13:17:04,400.0,121.9,S
2021-07-22T13:17:03,500.0,121.9,S
2021-07-22T13:16:30,400.0,121.9,S
2021-07-22T13:16:28,100.0,121.9,S
2021-07-22T13:16:08,600.0,122.0,B
2021-07-22T13:15:45,700.0,121.9,S
2021-07-22T13:15:38,1000.0,122.0,B
2021-07-22T13:15:29,2000.0,122.0,B
2021-07-22T13:14:52,700.0,122.0,B
2021-07-22T13:14:52,3300.0,122.0,B
2021-07-22T13:13:46,100.0,122.0,B
2021-07-22T13:13:07,1000.0,122.0,B
2021-07-22T13:12:43,2000.0,122.0,B
2021-07-22T13:12:32,300.0,121.9,B
2021-07-22T13:12:29,1000.0,121.9,B
2021-07-22T13:12:20,100.0,121.9,B
2021-07-22T13:12:20,1900.0,121.9,B
2021-07-22T13:11:55,100.0,121.9,B
2021-07-22T13:11:41,3000.0,121.9,S
2021-07-22T13:11:11,1000.0,121.9,S
2021-07-22T13:10:54,1200.0,121.9,B
2021-07-22T13:10:40,300.0,121.9,S
2021-07-22T13:10:37,100.0,121.9,S
2021-07-22T13:10:34,1900.0,121.9,B
2021-07-22T13:10:34,100.0,121.9,B
2021-07-22T13:10:18,400.0,121.9,B
2021-07-22T13:09:29,100.0,121.9,S
2021-07-22T13:09:27,2900.0,121.9,B
2021-07-22T13:09:13,400.0,121.8,S
2021-07-22T13:09:06,1100.0,121.8,S
2021-07-22T13:08:36,200.0,121.9,S
2021-07-22T13:08:27,100.0,121.9,S
2021-07-22T13:08:26,700.0,121.9,B
2021-07-22T13:08:21,1100.0,121.8,S
2021-07-22T13:08:14,300.0,121.9,B
2021-07-22T13:08:04,500.0,121.9,S
2021-07-22T13:07:59,2200.0,121.9,B
2021-07-22T13:07:13,100.0,121.8,S
2021-07-22T13:07:02,900.0,121.9,S
2021-07-22T13:06:56,2000.0,122.0,B
2021-07-22T13:06:43,1500.0,121.9,B
2021-07-22T13:06:18,500.0,121.9,S
2021-07-22T13:06:05,100.0,121.9,S
2021-07-22T13:05:58,100.0,122.0,B
2021-07-22T13:05:58,400.0,121.9,S
2021-07-22T13:05:55,1000.0,121.9,S
2021-07-22T13:05:55,1000.0,121.9,S
2021-07-22T13:05:29,2500.0,122.0,B
2021-07-22T13:05:25,100.0,121.8,S
2021-07-22T13:05:07,500.0,121.9,B
2021-07-22T13:04:58,1000.0,122.0,B
2021-07-22T13:04:43,100.0,121.9,B
2021-07-22T13:04:43,500.0,121.9,B
2021-07-22T13:04:15,500.0,121.9,B
2021-07-22T13:04:10,100.0,121.9,B
2021-07-22T13:04:07,200.0,121.7,S
2021-07-22T13:03:48,1200.0,121.9,S
2021-07-22T13:03:48,400.0,121.9,B
2021-07-22T13:03:48,1400.0,121.8,B
2021-07-22T13:03:34,100.0,121.7,B
2021-07-22T13:03:31,300.0,121.7,B
2021-07-22T13:03:27,1000.0,121.7,B
2021-07-22T13:02:58,100.0,121.7,B
2021-07-22T13:02:52,100.0,121.7,B
2021-07-22T13:02:29,1500.0,121.6,B
2021-07-22T13:02:06,200.0,121.6,B
2021-07-22T13:02:06,100.0,121.6,B
2021-07-22T13:01:53,300.0,121.6,B
2021-07-22T13:01:45,300.0,121.6,B
2021-07-22T13:01:33,300.0,121.6,B
2021-07-22T13:01:30,100.0,121.6,B
2021-07-22T13:01:21,300.0,121.6,B
2021-07-22T13:01:15,100.0,121.6,B
2021-07-22T13:00:51,200.0,121.5,S
2021-07-22T13:00:28,800.0,121.5,S
2021-07-22T13:00:23,300.0,121.5,S
2021-07-22T13:00:22,500.0,121.5,S
2021-07-22T13:00:12,100.0,121.5,S
2021-07-22T13:00:12,400.0,121.5,S
2021-07-22T13:00:12,1000.0,121.6,B
2021-07-22T13:00:09,500.0,121.5,S
2021-07-22T13:00:08,500.0,121.5,S
2021-07-22T11:29:40,400.0,121.5,S
2021-07-22T11:29:19,200.0,121.5,S
2021-07-22T11:28:45,700.0,121.5,S
2021-07-22T11:28:27,100.0,121.5,S
2021-07-22T11:28:26,200.0,121.5,S
2021-07-22T11:27:34,400.0,121.5,S
2021-07-22T11:27:22,800.0,121.5,S
2021-07-22T11:27:22,1000.0,121.5,S
2021-07-22T11:26:41,2000.0,121.6,B
2021-07-22T11:26:20,100.0,121.6,B
2021-07-22T11:25:27,500.0,121.5,S
2021-07-22T11:25:04,1000.0,121.5,S
2021-07-22T11:24:33,2000.0,121.6,S
2021-07-22T11:24:27,800.0,121.6,S
2021-07-22T11:24:12,1000.0,121.6,S
2021-07-22T11:23:54,500.0,121.6,S
2021-07-22T11:23:42,600.0,121.6,S
2021-07-22T11:23:39,2000.0,121.6,S
2021-07-22T11:23:25,400.0,121.6,S
2021-07-22T11:23:01,4500.0,121.6,S
2021-07-22T11:22:43,200.0,121.7,B
2021-07-22T11:22:03,200.0,121.7,B
2021-07-22T11:22:03,100.0,121.7,S
2021-07-22T11:21:27,1600.0,121.8,B
2021-07-22T11:21:17,300.0,121.7,S
2021-07-22T11:21:16,400.0,121.7,S
2021-07-22T11:19:35,900.0,121.7,S
2021-07-22T11:19:10,300.0,121.9,B
2021-07-22T11:19:04,1500.0,121.9,B
2021-07-22T11:18:57,900.0,121.9,B
2021-07-22T11:18:50,1000.0,121.9,B
2021-07-22T11:18:07,500.0,121.9,B
2021-07-22T11:17:57,500.0,121.9,S
2021-07-22T11:17:50,2400.0,121.9,S
2021-07-22T11:17:41,100.0,121.9,S
2021-07-22T11:17:32,1000.0,122.0,B
2021-07-22T11:17:27,1000.0,121.9,S
2021-07-22T11:16:27,500.0,122.0,B
2021-07-22T11:16:22,900.0,122.0,B
2021-07-22T11:16:21,1300.0,122.0,B
2021-07-22T11:16:21,400.0,122.0,B
2021-07-22T11:16:21,700.0,122.0,B
2021-07-22T11:16:21,300.0,122.0,B
2021-07-22T11:16:20,1300.0,122.0,B
2021-07-22T11:16:18,300.0,121.9,S
2021-07-22T11:16:14,200.0,122.0,B
2021-07-22T11:16:14,400.0,122.0,B
2021-07-22T11:15:56,500.0,122.0,B
2021-07-22T11:14:53,100.0,122.0,B
2021-07-22T11:14:00,100.0,121.9,S
2021-07-22T11:13:03,100.0,121.9,S
2021-07-22T11:12:50,400.0,121.9,S
2021-07-22T11:12:22,2000.0,121.9,B
2021-07-22T11:12:21,100.0,121.9,B
2021-07-22T11:12:08,1000.0,121.9,B
2021-07-22T11:12:04,1100.0,121.9,B
2021-07-22T11:12:02,1000.0,121.9,B
2021-07-22T11:11:33,200.0,121.9,B
2021-07-22T11:10:57,500.0,121.9,B
2021-07-22T11:10:37,2000.0,121.9,B
2021-07-22T11:10:36,400.0,121.7,S
2021-07-22T11:10:32,2000.0,121.7,S
2021-07-22T11:10:30,100.0,121.7,S
2021-07-22T11:10:20,100.0,121.9,B
2021-07-22T11:09:17,100.0,121.6,S
2021-07-22T11:09:13,500.0,121.7,B
2021-07-22T11:09:06,100.0,121.6,S
2021-07-22T11:08:37,100.0,121.7,S
2021-07-22T11:08:29,200.0,121.7,B
2021-07-22T11:07:46,200.0,121.6,S
2021-07-22T11:07:20,100.0,121.7,B
2021-07-22T11:07:03,100.0,121.7,B
2021-07-22T11:05:58,500.0,121.7,B
2021-07-22T11:04:27,2000.0,121.9,B
2021-07-22T11:03:24,1000.0,121.9,B
2021-07-22T11:02:08,400.0,121.9,B
2021-07-22T11:00:45,2000.0,121.9,B
2021-07-22T11:00:35,500.0,122.0,B
2021-07-22T10:58:40,3800.0,122.0,B
2021-07-22T10:58:00,200.0,122.0,B
2021-07-22T10:58:00,1400.0,122.0,B
2021-07-22T10:57:51,400.0,122.0,B
2021-07-22T10:57:36,400.0,122.0,B
2021-07-22T10:57:36,1200.0,122.0,B
2021-07-22T10:57:30,800.0,122.0,B
2021-07-22T10:57:27,400.0,122.0,B
2021-07-22T10:56:57,100.0,122.0,B
2021-07-22T10:56:53,400.0,122.0,B
2021-07-22T10:56:51,400.0,121.7,B
2021-07-22T10:56:41,400.0,121.7,B
2021-07-22T10:56:31,100.0,121.7,B
2021-07-22T10:56:31,200.0,121.7,B
2021-07-22T10:56:00,400.0,121.1,S
2021-07-22T10:55:53,1100.0,121.1,S
2021-07-22T10:53:54,400.0,121.7,S
2021-07-22T10:53:52,100.0,121.7,S
2021-07-22T10:53:42,2000.0,121.7,S
2021-07-22T10:53:29,1000.0,121.7,S
2021-07-22T10:53:25,500.0,122.0,B
2021-07-22T10:52:53,300.0,122.0,B
2021-07-22T10:52:41,700.0,122.0,B
2021-07-22T10:52:30,600.0,122.0,B
2021-07-22T10:52:27,500.0,122.0,B
2021-07-22T10:52:23,600.0,122.0,B
2021-07-22T10:52:14,500.0,122.0,B
2021-07-22T10:52:05,600.0,122.0,B
2021-07-22T10:51:56,600.0,121.9,B
2021-07-22T10:51:46,800.0,121.9,B
2021-07-22T10:51:37,600.0,121.8,B
2021-07-22T10:51:33,100.0,121.8,B
2021-07-22T10:51:33,100.0,121.8,B
2021-07-22T10:51:33,1400.0,121.6,B
2021-07-22T10:51:30,700.0,121.6,B
2021-07-22T10:51:22,200.0,121.5,B
2021-07-22T10:51:20,600.0,121.5,B
2021-07-22T10:51:13,600.0,121.5,B
2021-07-22T10:51:04,700.0,121.5,B
2021-07-22T10:50:54,400.0,121.5,B
2021-07-22T10:50:48,800.0,121.5,B
2021-07-22T10:50:43,800.0,121.5,B
2021-07-22T10:50:34,800.0,121.5,B
2021-07-22T10:50:25,500.0,121.5,B
2021-07-22T10:50:13,1700.0,121.0,S
2021-07-22T10:50:13,1000.0,121.0,S
2021-07-22T10:50:13,2200.0,121.0,S
2021-07-22T10:50:05,700.0,121.5,B
2021-07-22T10:49:45,800.0,121.5,B
2021-07-22T10:49:32,800.0,121.5,B
2021-07-22T10:49:27,700.0,121.5,B
2021-07-22T10:49:09,600.0,121.5,B
2021-07-22T10:49:09,1000.0,121.4,B
2021-07-22T10:49:02,500.0,121.4,S
2021-07-22T10:49:01,200.0,121.5,B
2021-07-22T10:49:01,700.0,121.5,B
2021-07-22T10:48:49,700.0,121.5,B
2021-07-22T10:48:49,100.0,121.4,S
2021-07-22T10:48:48,1000.0,121.4,B
2021-07-22T10:48:31,400.0,121.4,B
2021-07-22T10:48:31,100.0,121.4,B
2021-07-22T10:48:31,300.0,121.4,B
2021-07-22T10:48:23,1000.0,121.4,B
2021-07-22T10:48:12,200.0,121.4,B
2021-07-22T10:48:12,1800.0,121.4,B
2021-07-22T10:48:12,500.0,121.4,B
2021-07-22T10:47:54,600.0,121.4,B
2021-07-22T10:47:35,800.0,121.4,B
2021-07-22T10:47:20,700.0,121.4,B
2021-07-22T10:47:05,1000.0,121.0,S
2021-07-22T10:46:55,800.0,121.4,B
2021-07-22T10:46:40,700.0,121.4,B
2021-07-22T10:46:19,200.0,121.0,S
2021-07-22T10:46:10,400.0,121.0,B
2021-07-22T10:46:09,800.0,121.0,B
2021-07-22T10:46:07,600.0,121.0,B
2021-07-22T10:45:43,500.0,121.0,S
2021-07-22T10:45:43,1900.0,121.0,S
2021-07-22T10:45:43,500.0,121.0,S
2021-07-22T10:45:43,600.0,121.0,S
2021-07-22T10:45:43,700.0,121.0,S
2021-07-22T10:45:29,300.0,121.0,S
2021-07-22T10:45:29,100.0,121.0,S
2021-07-22T10:45:03,200.0,121.0,S
2021-07-22T10:45:03,200.0,121.0,S
2021-07-22T10:45:03,300.0,121.0,S
2021-07-22T10:44:43,5000.0,121.0,S
2021-07-22T10:44:13,3000.0,121.0,S
2021-07-22T10:44:05,2600.0,121.0,S
2021-07-22T10:44:05,400.0,121.1,S
2021-07-22T10:43:23,400.0,121.1,S
2021-07-22T10:43:06,100.0,121.1,S
2021-07-22T10:42:32,600.0,121.1,S
2021-07-22T10:42:32,300.0,121.1,S
2021-07-22T10:41:44,600.0,121.1,S
2021-07-22T10:41:39,400.0,121.2,B
2021-07-22T10:40:35,500.0,121.2,S
2021-07-22T10:40:25,500.0,121.2,S
2021-07-22T10:40:09,100.0,121.4,B
2021-07-22T10:39:53,200.0,121.4,B
2021-07-22T10:39:20,500.0,121.4,B
2021-07-22T10:36:57,100.0,121.4,B
2021-07-22T10:35:16,400.0,121.0,S
2021-07-22T10:34:58,400.0,121.0,S
2021-07-22T10:34:55,400.0,121.0,S
2021-07-22T10:33:35,3500.0,121.0,S
2021-07-22T10:31:07,1000.0,121.5,B
2021-07-22T10:31:01,100.0,121.1,B
2021-07-22T10:30:35,100.0,121.1,B
2021-07-22T10:30:06,100.0,121.5,B
2021-07-22T10:30:03,100.0,121.0,S
2021-07-22T10:30:03,100.0,121.0,S
2021-07-22T10:30:02,100.0,121.0,S
2021-07-22T10:29:21,400.0,121.0,S
2021-07-22T10:29:21,200.0,121.0,S
2021-07-22T10:29:21,900.0,121.0,S
2021-07-22T10:29:21,500.0,121.0,S
2021-07-22T10:29:21,8000.0,121.1,S
2021-07-22T10:29:01,200.0,121.1,S
2021-07-22T10:28:39,400.0,121.1,S
2021-07-22T10:28:36,100.0,121.1,S
2021-07-22T10:27:52,300.0,121.1,S
2021-07-22T10:27:39,200.0,121.1,S
2021-07-22T10:27:34,800.0,121.5,B
2021-07-22T10:26:33,500.0,121.1,S
2021-07-22T10:25:12,100.0,121.1,S
2021-07-22T10:25:07,400.0,121.1,S
2021-07-22T10:25:02,400.0,121.1,S
2021-07-22T10:25:02,200.0,121.1,S
2021-07-22T10:25:02,300.0,121.1,S
2021-07-22T10:25:02,100.0,121.1,S
2021-07-22T10:25:01,100.0,121.1,S
2021-07-22T10:24:41,200.0,121.1,S
2021-07-22T10:24:25,200.0,121.1,S
2021-07-22T10:24:25,200.0,121.2,S
2021-07-22T10:23:32,100.0,121.1,S
2021-07-22T10:23:19,1200.0,121.5,B
2021-07-22T10:22:43,800.0,121.5,B
2021-07-22T10:22:42,1000.0,121.0,S
2021-07-22T10:22:37,600.0,121.5,B
2021-07-22T10:22:25,400.0,121.1,B
2021-07-22T10:21:15,1000.0,121.1,S
2021-07-22T10:20:32,100.0,121.5,S
2021-07-22T10:20:32,1000.0,121.5,S
2021-07-22T10:19:14,900.0,121.6,S
2021-07-22T10:19:05,100.0,121.6,S
2021-07-22T10:18:54,300.0,121.6,S
2021-07-22T10:18:25,1000.0,121.6,S
2021-07-22T10:18:13,2000.0,121.6,S
2021-07-22T10:18:09,400.0,121.6,S
2021-07-22T10:17:41,2000.0,121.6,S
2021-07-22T10:17:21,100.0,121.6,S
2021-07-22T10:16:57,100.0,121.9,B
2021-07-22T10:16:36,400.0,121.6,S
2021-07-22T10:16:09,800.0,121.6,S
2021-07-22T10:15:11,200.0,121.9,B
2021-07-22T10:12:56,100.0,122.0,B
2021-07-22T10:12:25,100.0,122.0,B
2021-07-22T10:12:16,200.0,121.6,S
2021-07-22T10:12:00,200.0,121.6,S
2021-07-22T10:11:57,100.0,121.9,B
2021-07-22T10:11:48,500.0,121.6,S
2021-07-22T10:10:59,200.0,121.5,S
2021-07-22T10:10:29,100.0,121.9,S
2021-07-22T10:10:14,200.0,121.9,S
2021-07-22T10:10:05,100.0,121.9,S
2021-07-22T10:10:03,400.0,121.9,S
2021-07-22T10:10:00,100.0,121.9,S
2021-07-22T10:09:37,100.0,121.9,S
2021-07-22T10:09:10,2900.0,122.0,B
2021-07-22T10:08:38,200.0,122.0,B
2021-07-22T10:08:28,100.0,121.9,S
2021-07-22T10:08:20,100.0,121.9,S
2021-07-22T10:08:12,100.0,121.9,S
2021-07-22T10:08:10,100.0,121.9,S
2021-07-22T10:08:07,100.0,121.9,S
2021-07-22T10:07:51,100.0,121.9,S
2021-07-22T10:07:33,100.0,121.9,S
2021-07-22T10:07:22,500.0,121.9,B
2021-07-22T10:07:20,5000.0,122.0,B
2021-07-22T10:07:07,100.0,121.9,B
2021-07-22T10:06:51,2000.0,121.0,S
2021-07-22T10:06:50,100.0,121.0,S
2021-07-22T10:06:16,100.0,121.9,B
2021-07-22T10:05:24,100.0,120.8,B
2021-07-22T10:05:15,100.0,120.7,S
2021-07-22T10:05:07,400.0,121.8,B
2021-07-22T10:05:02,100.0,120.7,S
2021-07-22T10:05:00,100.0,120.7,S
2021-07-22T10:03:23,1800.0,121.9,B
2021-07-22T10:03:23,800.0,121.5,B
2021-07-22T10:03:23,100.0,121.5,B
2021-07-22T10:03:23,1400.0,121.5,B
2021-07-22T10:03:23,100.0,120.6,S
2021-07-22T10:03:15,400.0,120.9,B
2021-07-22T10:03:12,200.0,120.9,B
2021-07-22T10:02:41,100.0,120.9,B
2021-07-22T10:02:23,1300.0,120.6,S
2021-07-22T10:02:14,600.0,120.6,S
2021-07-22T10:02:13,200.0,120.7,S
2021-07-22T10:02:07,200.0,120.7,S
2021-07-22T10:01:59,200.0,120.6,S
2021-07-22T10:01:57,4500.0,120.9,B
2021-07-22T10:01:55,100.0,120.6,S
2021-07-22T10:01:51,200.0,120.6,S
2021-07-22T10:01:46,200.0,120.6,S
2021-07-22T10:01:42,100.0,120.5,S
2021-07-22T10:01:42,200.0,120.5,S
2021-07-22T10:01:37,200.0,120.5,S
2021-07-22T10:01:33,200.0,120.5,S
2021-07-22T10:01:29,200.0,120.6,S
2021-07-22T10:01:24,300.0,120.9,B
2021-07-22T10:01:23,200.0,120.6,S
2021-07-22T10:01:17,200.0,120.7,S
2021-07-22T10:01:16,200.0,120.8,S
2021-07-22T10:01:13,1000.0,120.9,S
2021-07-22T10:01:04,500.0,120.9,S
2021-07-22T10:01:03,300.0,120.9,S
2021-07-22T10:01:00,100.0,121.0,B
2021-07-22T10:00:47,200.0,120.9,S
2021-07-22T10:00:41,200.0,120.9,S
2021-07-22T10:00:37,500.0,121.0,B
2021-07-22T10:00:37,200.0,121.0,S
2021-07-22T10:00:36,200.0,121.0,S
2021-07-22T10:00:35,500.0,121.0,S
2021-07-22T10:00:32,200.0,121.0,S
2021-07-22T10:00:27,200.0,121.0,S
2021-07-22T10:00:22,200.0,121.0,S
2021-07-22T10:00:22,1100.0,121.0,S
2021-07-22T10:00:22,4900.0,121.0,S
2021-07-22T10:00:16,200.0,121.0,S
2021-07-22T10:00:09,100.0,121.1,S
2021-07-22T10:00:09,100.0,121.1,S
2021-07-22T10:00:05,900.0,121.5,B
2021-07-22T09:59:45,300.0,121.1,B
2021-07-22T09:59:34,1100.0,121.1,S
2021-07-22T09:59:13,100.0,121.5,B
2021-07-22T09:58:47,200.0,121.5,B
2021-07-22T09:58:40,2000.0,121.0,S
2021-07-22T09:58:24,500.0,121.0,S
2021-07-22T09:58:15,500.0,121.0,S
2021-07-22T09:58:14,2000.0,121.0,S
2021-07-22T09:58:04,600.0,121.2,S
2021-07-22T09:57:59,400.0,121.2,S
2021-07-22T09:57:56,400.0,121.2,S
2021-07-22T09:57:43,500.0,121.2,S
2021-07-22T09:57:29,300.0,121.5,B
2021-07-22T09:57:02,100.0,121.5,B
2021-07-22T09:56:21,100.0,121.5,B
2021-07-22T09:56:04,500.0,121.5,B
2021-07-22T09:55:39,500.0,121.1,S
2021-07-22T09:55:25,1300.0,121.4,B
2021-07-22T09:55:03,200.0,121.1,S
2021-07-22T09:55:02,200.0,121.1,S
2021-07-22T09:55:02,100.0,121.1,S
2021-07-22T09:54:33,100.0,121.1,S
2021-07-22T09:54:09,700.0,121.4,B
2021-07-22T09:53:55,100.0,121.1,S
2021-07-22T09:53:21,100.0,121.4,B
2021-07-22T09:53:15,200.0,121.1,S
2021-07-22T09:53:12,1000.0,121.1,S
2021-07-22T09:53:09,200.0,121.1,S
2021-07-22T09:52:52,200.0,121.1,S
2021-07-22T09:52:49,200.0,121.1,S
2021-07-22T09:52:12,100.0,121.1,S
2021-07-22T09:52:00,200.0,121.3,B
2021-07-22T09:51:32,1000.0,121.3,B
2021-07-22T09:51:14,100.0,121.3,B
2021-07-22T09:50:19,100.0,121.3,B
2021-07-22T09:49:48,100.0,121.3,S
2021-07-22T09:48:37,100.0,121.4,B
2021-07-22T09:46:35,500.0,121.5,B
2021-07-22T09:46:29,500.0,121.1,B
2021-07-22T09:46:05,1200.0,121.1,B
2021-07-22T09:45:07,1000.0,121.5,B
2021-07-22T09:44:58,100.0,121.5,B
2021-07-22T09:44:48,100.0,121.5,B
2021-07-22T09:44:30,100.0,121.1,B
2021-07-22T09:44:26,100.0,121.0,S
2021-07-22T09:44:26,1000.0,121.0,S
2021-07-22T09:44:26,100.0,121.0,S
2021-07-22T09:43:26,1000.0,121.5,B
2021-07-22T09:43:18,100.0,121.0,S
2021-07-22T09:43:16,100.0,121.0,S
2021-07-22T09:42:40,1700.0,120.0,S
2021-07-22T09:42:40,1900.0,120.0,S
2021-07-22T09:42:31,200.0,120.0,S
2021-07-22T09:42:31,1800.0,120.0,S
2021-07-22T09:42:31,800.0,120.2,S
2021-07-22T09:42:31,200.0,120.5,S
2021-07-22T09:42:31,100.0,120.9,S
2021-07-22T09:42:25,200.0,120.9,S
2021-07-22T09:42:22,5600.0,120.0,S
2021-07-22T09:42:22,600.0,120.0,S
2021-07-22T09:42:22,2000.0,120.0,S
2021-07-22T09:42:22,3400.0,120.0,S
2021-07-22T09:42:22,2700.0,120.1,S
2021-07-22T09:42:22,1500.0,120.2,S
2021-07-22T09:42:22,200.0,121.5,S
2021-07-22T09:42:19,100.0,121.5,S
2021-07-22T09:42:09,100.0,120.8,S
2021-07-22T09:42:07,300.0,120.1,S
2021-07-22T09:42:07,1500.0,120.3,S
2021-07-22T09:42:07,1400.0,120.5,S
2021-07-22T09:42:07,2500.0,120.5,S
2021-07-22T09:42:07,3000.0,120.5,S
2021-07-22T09:42:07,7300.0,120.5,S
2021-07-22T09:42:00,1000.0,121.0,B
2021-07-22T09:41:50,100.0,121.0,B
2021-07-22T09:41:48,500.0,121.0,B
2021-07-22T09:41:34,100.0,121.0,B
2021-07-22T09:41:32,1100.0,121.0,B
2021-07-22T09:41:29,100.0,120.7,B
2021-07-22T09:41:22,1000.0,120.7,S
2021-07-22T09:41:20,300.0,121.0,B
2021-07-22T09:41:18,100.0,121.0,B
2021-07-22T09:41:16,500.0,121.0,B
2021-07-22T09:41:16,200.0,121.0,B
2021-07-22T09:41:15,400.0,121.0,S
2021-07-22T09:41:15,2800.0,121.0,S
2021-07-22T09:41:15,500.0,121.0,S
2021-07-22T09:41:15,400.0,121.0,S
2021-07-22T09:41:00,2000.0,121.0,S
2021-07-22T09:40:54,300.0,121.0,S
2021-07-22T09:40:54,2000.0,121.0,S
2021-07-22T09:40:37,400.0,121.6,S
2021-07-22T09:40:34,700.0,122.0,B
2021-07-22T09:40:32,400.0,121.5,S
2021-07-22T09:40:30,400.0,121.5,S
2021-07-22T09:40:26,400.0,121.8,S
2021-07-22T09:40:15,400.0,121.8,S
2021-07-22T09:40:03,300.0,121.8,S
2021-07-22T09:40:02,100.0,121.8,S
2021-07-22T09:40:02,200.0,121.8,S
2021-07-22T09:40:02,100.0,121.8,S
2021-07-22T09:39:58,100.0,121.8,S
2021-07-22T09:39:52,300.0,121.8,S
2021-07-22T09:39:44,200.0,121.8,S
2021-07-22T09:39:40,200.0,121.8,S
2021-07-22T09:39:35,200.0,121.8,S
2021-07-22T09:39:31,8500.0,122.0,S
2021-07-22T09:39:31,200.0,122.0,S
2021-07-22T09:39:31,400.0,122.0,S
2021-07-22T09:39:27,200.0,122.0,S
2021-07-22T09:39:22,200.0,122.0,S
2021-07-22T09:39:18,200.0,122.0,S
2021-07-22T09:39:11,200.0,122.0,S
2021-07-22T09:39:09,100.0,122.0,S
2021-07-22T09:38:07,300.0,122.0,B
2021-07-22T09:38:07,2900.0,122.0,S
2021-07-22T09:38:07,1000.0,122.0,S
2021-07-22T09:38:07,6800.0,122.0,S
2021-07-22T09:38:03,8700.0,122.0,S
2021-07-22T09:38:01,100.0,122.0,S
2021-07-22T09:37:43,300.0,122.1,S
2021-07-22T09:37:32,100.0,122.1,S
2021-07-22T09:37:30,2100.0,122.1,S
2021-07-22T09:36:44,500.0,122.1,B
2021-07-22T09:36:22,1500.0,122.0,S
2021-07-22T09:36:22,500.0,122.0,S
2021-07-22T09:36:20,2000.0,122.0,S
2021-07-22T09:35:51,300.0,122.0,S
2021-07-22T09:35:47,100.0,122.2,B
2021-07-22T09:35:47,1000.0,122.1,S
2021-07-22T09:35:39,800.0,122.1,S
2021-07-22T09:35:34,100.0,122.2,B
2021-07-22T09:34:58,600.0,122.2,B
2021-07-22T09:34:48,200.0,122.2,B
2021-07-22T09:34:36,200.0,122.1,B
2021-07-22T09:34:24,10000.0,122.0,S
2021-07-22T09:34:17,1300.0,122.2,S
2021-07-22T09:34:16,200.0,122.2,S
2021-07-22T09:34:08,2500.0,122.2,B
2021-07-22T09:33:57,3000.0,122.1,S
2021-07-22T09:33:10,2000.0,122.2,S
2021-07-22T09:32:19,100.0,122.2,B
2021-07-22T09:32:01,300.0,122.2,B
2021-07-22T09:31:59,3000.0,122.2,B
2021-07-22T09:31:52,300.0,122.1,S
2021-07-22T09:31:51,100.0,122.1,S
2021-07-22T09:31:41,600.0,122.1,B
2021-07-22T09:31:38,500.0,122.1,B
2021-07-22T09:31:16,200.0,122.0,S
2021-07-22T09:31:15,100.0,122.0,S
2021-07-22T09:31:08,700.0,122.0,B
2021-07-22T09:31:06,100.0,122.0,B
2021-07-22T09:31:00,300.0,122.0,B
2021-07-22T09:30:59,900.0,122.0,S
2021-07-22T09:30:33,200.0,122.0,B
2021-07-22T09:30:25,6500.0,122.0,S
2021-07-22T09:30:25,3000.0,122.0,S
2021-07-22T09:30:25,800.0,122.0,S
2021-07-22T09:30:23,500.0,122.0,S
2021-07-22T09:30:22,100.0,122.1,B
2021-07-22T09:30:12,200.0,122.1,S
2021-07-22T09:29:46,500.0,122.1,S
2021-07-22T09:29:46,500.0,122.1,S
2021-07-22T09:29:43,500.0,122.1,S
2021-07-22T09:29:32,8800.0,122.2,S
2021-07-22T09:29:27,100.0,122.2,S
2021-07-22T09:29:18,1600.0,122.2,S
2021-07-22T09:29:12,500.0,122.2,S
2021-07-22T09:28:51,100.0,122.1,S
2021-07-22T09:28:49,2100.0,122.2,S
2021-07-22T09:28:42,1600.0,122.2,S
2021-07-22T09:28:10,1600.0,122.3,S
2021-07-22T09:27:07,1000.0,122.9,B
2021-07-22T09:27:06,400.0,122.2,S
2021-07-22T09:27:06,1100.0,122.2,S
2021-07-22T09:27:06,100.0,122.8,S
2021-07-22T09:26:54,900.0,122.8,B
2021-07-22T09:26:39,1900.0,122.2,S
2021-07-22T09:26:18,1600.0,122.2,S
2021-07-22T09:26:00,100.0,122.8,B
2021-07-22T09:25:52,500.0,122.2,S
2021-07-22T09:25:22,400.0,122.2,S
2021-07-22T09:25:21,1000.0,122.2,S
2021-07-22T09:24:46,100.0,122.1,S
2021-07-22T09:24:39,300.0,122.9,B
2021-07-22T09:24:39,1700.0,122.9,B
2021-07-22T09:24:19,200.0,122.9,B
2021-07-22T09:24:14,1600.0,122.8,B
2021-07-22T09:24:07,800.0,122.8,B
2021-07-22T09:23:48,700.0,122.6,B
2021-07-22T09:23:28,500.0,122.7,B
2021-07-22T09:23:08,800.0,122.8,B
2021-07-22T09:22:52,700.0,122.8,B
2021-07-22T09:22:33,600.0,122.8,B
2021-07-22T09:22:13,500.0,122.9,B
2021-07-22T09:22:00,300.0,122.0,S
2021-07-22T09:21:55,100.0,122.0,S
2021-07-22T09:21:52,800.0,122.9,B
2021-07-22T09:21:43,300.0,122.1,B
2021-07-22T09:21:33,200.0,122.1,S
2021-07-22T09:20:42,200.0,122.5,S
2021-07-22T09:20:32,100.0,122.9,B
2021-07-22T09:20:22,500.0,122.9,B
2021-07-22T09:20:05,800.0,122.9,B
2021-07-22T09:20:02,500.0,122.9,B
2021-07-22T09:20:00,100.0,122.6,B
2021-07-22T09:19:59,100.0,122.6,B
2021-07-22T09:19:33,700.0,123.0,B
2021-07-22T09:19:29,1000.0,122.9,B
2021-07-22T09:19:12,500.0,122.6,S
2021-07-22T09:19:10,100.0,122.5,S
2021-07-22T09:19:10,2300.0,122.5,B
2021-07-22T09:19:08,200.0,122.0,S
2021-07-22T09:18:54,800.0,122.5,B
2021-07-22T09:18:52,1200.0,122.0,S
2021-07-22T09:18:27,500.0,122.5,B
2021-07-22T09:18:22,500.0,122.0,S
2021-07-22T09:18:20,500.0,122.0,S
2021-07-22T09:17:59,400.0,122.0,S
2021-07-22T09:17:50,500.0,122.0,S
2021-07-22T09:17:22,300.0,122.0,S
2021-07-22T09:17:21,200.0,122.0,S
2021-07-22T09:17:16,100.0,122.0,S
2021-07-22T09:16:41,1000.0,122.0,B
2021-07-22T09:16:15,100.0,122.0,B
2021-07-22T09:15:52,500.0,122.0,B
2021-07-22T09:15:25,100.0,122.0,B
2021-07-22T09:15:18,300.0,122.0,S
2021-07-22T09:15:12,1000.0,122.0,S
2021-07-22T09:15:07,1900.0,122.0,S
