tradingTime,volume,price,side
2021-07-22T13:51:07,1000.0,25.3,B
2021-07-22T13:50:04,5000.0,25.3,B
2021-07-22T13:48:39,2000.0,25.3,B
2021-07-22T13:48:00,100.0,25.3,B
2021-07-22T13:47:39,100.0,25.25,S
2021-07-22T13:47:37,800.0,25.25,B
2021-07-22T13:47:28,300.0,25.25,B
2021-07-22T13:47:28,800.0,25.25,B
2021-07-22T13:47:28,900.0,25.25,B
2021-07-22T13:46:32,1000.0,25.25,B
2021-07-22T13:46:10,500.0,25.25,B
2021-07-22T13:45:54,100.0,25.25,B
2021-07-22T13:45:37,100.0,25.25,B
2021-07-22T13:42:53,100.0,25.25,B
2021-07-22T13:42:00,200.0,25.2,S
2021-07-22T13:41:59,1300.0,25.2,B
2021-07-22T13:41:44,1200.0,25.2,B
2021-07-22T13:41:44,800.0,25.2,B
2021-07-22T13:41:42,500.0,25.2,B
2021-07-22T13:41:28,5000.0,25.2,B
2021-07-22T13:41:12,800.0,25.2,B
2021-07-22T13:40:13,100.0,25.1,B
2021-07-22T13:39:57,200.0,25.1,B
2021-07-22T13:39:26,1000.0,25.1,S
2021-07-22T13:39:25,5500.0,25.1,S
2021-07-22T13:39:07,500.0,25.2,B
2021-07-22T13:38:59,3000.0,25.2,B
2021-07-22T13:38:50,1000.0,25.2,B
2021-07-22T13:38:24,200.0,25.2,B
2021-07-22T13:37:16,500.0,25.2,B
2021-07-22T13:36:47,500.0,25.2,B
2021-07-22T13:36:42,2000.0,25.2,B
2021-07-22T13:36:40,500.0,25.2,B
2021-07-22T13:36:13,1000.0,25.2,B
2021-07-22T13:34:58,3200.0,25.25,B
2021-07-22T13:34:58,800.0,25.25,B
2021-07-22T13:33:30,400.0,25.0,S
2021-07-22T13:33:27,1300.0,25.0,S
2021-07-22T13:33:27,1000.0,25.05,S
2021-07-22T13:33:19,100.0,25.0,S
2021-07-22T13:33:17,1000.0,25.05,B
2021-07-22T13:33:00,100.0,25.05,B
2021-07-22T13:32:45,100.0,25.05,S
2021-07-22T13:32:41,10000.0,25.05,S
2021-07-22T13:32:38,1000.0,25.2,B
2021-07-22T13:32:08,500.0,25.2,S
2021-07-22T13:31:18,1000.0,25.25,B
2021-07-22T13:30:50,2000.0,25.25,B
2021-07-22T13:27:23,500.0,25.3,B
2021-07-22T13:26:56,3400.0,25.3,B
2021-07-22T13:26:56,400.0,25.3,B
2021-07-22T13:26:56,6200.0,25.3,B
2021-07-22T13:26:37,1100.0,25.3,B
2021-07-22T13:24:40,100.0,25.3,B
2021-07-22T13:24:29,300.0,25.1,S
2021-07-22T13:24:17,1900.0,25.1,B
2021-07-22T13:24:09,5000.0,25.1,B
2021-07-22T13:23:47,200.0,25.1,B
2021-07-22T13:23:29,15000.0,25.1,B
2021-07-22T13:23:22,2300.0,25.1,S
2021-07-22T13:21:27,200.0,25.1,S
2021-07-22T13:21:24,1000.0,25.1,B
2021-07-22T13:21:14,100.0,25.1,B
2021-07-22T13:21:14,100.0,25.1,B
2021-07-22T13:21:13,2000.0,25.1,B
2021-07-22T13:21:05,1000.0,25.1,B
2021-07-22T13:20:51,2000.0,25.1,B
2021-07-22T13:20:36,500.0,25.1,B
2021-07-22T13:20:20,500.0,25.1,B
2021-07-22T13:20:12,200.0,25.0,S
2021-07-22T13:20:09,1000.0,25.0,S
2021-07-22T13:20:07,5000.0,25.0,S
2021-07-22T13:18:24,400.0,25.0,B
2021-07-22T13:18:21,100.0,25.0,B
2021-07-22T13:18:21,1500.0,25.0,S
2021-07-22T13:18:19,8500.0,25.0,B
2021-07-22T13:16:53,100.0,25.0,B
2021-07-22T13:16:42,6400.0,25.0,S
2021-07-22T13:16:42,8900.0,25.0,S
2021-07-22T13:16:42,500.0,25.0,S
2021-07-22T13:16:42,600.0,25.0,S
2021-07-22T13:16:42,400.0,25.05,S
2021-07-22T13:16:39,200.0,25.1,B
2021-07-22T13:16:27,200.0,25.1,S
2021-07-22T13:16:27,700.0,25.1,S
2021-07-22T13:16:24,4300.0,25.1,S
2021-07-22T13:16:24,100.0,25.1,S
2021-07-22T13:16:24,300.0,25.1,S
2021-07-22T13:16:24,2400.0,25.2,S
2021-07-22T13:16:24,500.0,25.2,S
2021-07-22T13:16:24,2400.0,25.25,S
2021-07-22T13:08:43,300.0,25.3,B
2021-07-22T13:08:37,300.0,25.3,B
2021-07-22T13:08:33,2000.0,25.3,B
2021-07-22T13:06:42,100.0,25.45,B
2021-07-22T13:05:51,200.0,25.25,S
2021-07-22T13:05:47,1300.0,25.25,S
2021-07-22T13:05:45,2600.0,25.25,B
2021-07-22T13:05:45,4100.0,25.25,B
2021-07-22T13:04:26,5000.0,25.25,B
2021-07-22T13:04:26,300.0,25.25,S
2021-07-22T13:04:26,8000.0,25.25,S
2021-07-22T13:04:17,100.0,25.45,B
2021-07-22T13:01:37,100.0,25.45,B
2021-07-22T13:00:23,100.0,25.4,S
2021-07-22T13:00:20,300.0,25.4,S
2021-07-22T13:00:19,1600.0,25.4,B
2021-07-22T13:00:12,100.0,25.4,B
2021-07-22T13:00:12,100.0,25.4,B
2021-07-22T13:00:08,1000.0,25.4,B
2021-07-22T11:30:00,100.0,25.4,B
2021-07-22T11:28:44,100.0,25.35,S
2021-07-22T11:28:34,500.0,25.35,S
2021-07-22T11:28:31,2500.0,25.35,S
2021-07-22T11:27:51,100.0,25.35,S
2021-07-22T11:27:50,700.0,25.3,S
2021-07-22T11:27:42,2800.0,25.3,B
2021-07-22T11:25:38,200.0,25.4,B
2021-07-22T11:24:37,300.0,25.4,B
2021-07-22T11:23:07,2000.0,25.4,B
2021-07-22T11:22:30,1900.0,25.4,S
2021-07-22T11:22:30,100.0,25.4,S
2021-07-22T11:22:27,600.0,25.4,S
2021-07-22T11:22:26,3000.0,25.4,S
2021-07-22T11:21:54,100.0,25.45,B
2021-07-22T11:21:54,600.0,25.4,S
2021-07-22T11:21:52,3000.0,25.4,S
2021-07-22T11:21:22,200.0,25.4,S
2021-07-22T11:21:09,100.0,25.4,S
2021-07-22T11:21:07,500.0,25.4,B
2021-07-22T11:20:53,1800.0,25.4,S
2021-07-22T11:20:30,200.0,25.4,S
2021-07-22T11:19:30,100.0,25.4,S
2021-07-22T11:19:28,900.0,25.4,B
2021-07-22T11:17:47,500.0,25.45,B
2021-07-22T11:15:35,7500.0,25.45,B
2021-07-22T11:15:33,200.0,25.45,S
2021-07-22T11:15:30,1000.0,25.45,S
2021-07-22T11:15:12,100.0,25.45,S
2021-07-22T11:15:08,200.0,25.45,S
2021-07-22T11:15:06,1100.0,25.45,B
2021-07-22T11:15:02,800.0,25.45,S
2021-07-22T11:15:01,1000.0,25.45,B
2021-07-22T11:15:01,7900.0,25.45,B
2021-07-22T11:15:01,300.0,25.45,B
2021-07-22T11:12:43,100.0,25.45,B
2021-07-22T11:12:22,100.0,25.35,B
2021-07-22T11:12:09,200.0,25.35,B
2021-07-22T11:11:58,100.0,25.35,S
2021-07-22T11:11:55,2000.0,25.35,S
2021-07-22T11:10:38,200.0,25.4,S
2021-07-22T11:10:38,1100.0,25.4,B
2021-07-22T11:08:17,100.0,25.4,B
2021-07-22T11:07:08,100.0,25.4,B
2021-07-22T11:05:50,100.0,25.35,B
2021-07-22T11:04:03,200.0,25.3,S
2021-07-22T11:04:00,1300.0,25.3,B
2021-07-22T11:03:36,200.0,25.3,B
2021-07-22T11:02:48,4300.0,25.3,S
2021-07-22T11:01:24,100.0,25.3,S
2021-07-22T11:01:04,500.0,25.35,B
2021-07-22T11:01:02,2000.0,25.35,B
2021-07-22T10:59:16,100.0,25.3,S
2021-07-22T10:55:44,100.0,25.3,S
2021-07-22T10:55:44,200.0,25.3,S
2021-07-22T10:55:27,400.0,25.3,S
2021-07-22T10:53:49,200.0,25.3,S
2021-07-22T10:53:02,300.0,25.3,S
2021-07-22T10:52:02,500.0,25.35,B
2021-07-22T10:52:01,500.0,25.35,B
2021-07-22T10:51:45,200.0,25.35,B
2021-07-22T10:50:41,10000.0,25.35,S
2021-07-22T10:50:14,100.0,25.3,S
2021-07-22T10:50:12,600.0,25.3,S
2021-07-22T10:50:09,800.0,25.3,B
2021-07-22T10:50:09,2400.0,25.3,B
2021-07-22T10:49:52,4000.0,25.3,B
2021-07-22T10:49:38,2000.0,25.2,B
2021-07-22T10:45:35,100.0,25.1,B
2021-07-22T10:45:33,200.0,25.1,S
2021-07-22T10:45:32,1800.0,25.1,B
2021-07-22T10:45:18,100.0,25.1,B
2021-07-22T10:45:16,300.0,25.05,S
2021-07-22T10:44:35,300.0,25.1,B
2021-07-22T10:43:03,100.0,25.05,S
2021-07-22T10:43:02,700.0,25.05,S
2021-07-22T10:42:50,100.0,25.1,B
2021-07-22T10:42:49,1000.0,25.1,S
2021-07-22T10:42:22,100.0,25.15,B
2021-07-22T10:42:12,200.0,25.15,S
2021-07-22T10:41:57,200.0,25.15,S
2021-07-22T10:41:56,1000.0,25.15,S
2021-07-22T10:41:30,3300.0,25.2,S
2021-07-22T10:41:22,400.0,25.2,S
2021-07-22T10:41:17,2000.0,25.2,S
2021-07-22T10:41:00,500.0,25.3,B
2021-07-22T10:40:53,28500.0,25.3,S
2021-07-22T10:40:42,400.0,25.3,S
2021-07-22T10:40:41,2000.0,25.3,S
2021-07-22T10:40:29,100.0,25.3,S
2021-07-22T10:40:29,100.0,25.3,S
2021-07-22T10:40:09,300.0,25.3,S
2021-07-22T10:39:04,200.0,25.35,B
2021-07-22T10:38:15,1000.0,25.35,S
2021-07-22T10:37:57,5100.0,25.35,S
2021-07-22T10:37:19,800.0,25.35,B
2021-07-22T10:36:15,2000.0,25.35,B
2021-07-22T10:35:41,200.0,25.3,S
2021-07-22T10:35:34,100.0,25.3,S
2021-07-22T10:35:15,100.0,25.35,S
2021-07-22T10:35:14,10100.0,25.35,S
2021-07-22T10:35:14,800.0,25.35,S
2021-07-22T10:35:14,1500.0,25.35,S
2021-07-22T10:34:37,400.0,25.4,S
2021-07-22T10:33:27,200.0,25.4,S
2021-07-22T10:33:23,900.0,25.4,S
2021-07-22T10:33:23,100.0,25.4,S
2021-07-22T10:32:33,100.0,25.4,S
2021-07-22T10:32:30,600.0,25.4,S
2021-07-22T10:32:26,200.0,25.4,S
2021-07-22T10:32:26,300.0,25.4,S
2021-07-22T10:32:26,2500.0,25.4,S
2021-07-22T10:32:24,500.0,25.45,B
2021-07-22T10:31:46,200.0,25.45,B
2021-07-22T10:31:45,1000.0,25.4,S
2021-07-22T10:31:42,5000.0,25.4,S
2021-07-22T10:31:07,100.0,25.4,S
2021-07-22T10:30:42,200.0,25.4,S
2021-07-22T10:30:40,1000.0,25.4,S
2021-07-22T10:30:28,200.0,25.45,B
2021-07-22T10:23:52,3000.0,25.45,B
2021-07-22T10:23:45,300.0,25.45,S
2021-07-22T10:23:20,400.0,25.45,S
2021-07-22T10:23:08,300.0,25.45,B
2021-07-22T10:23:02,1500.0,25.45,B
2021-07-22T10:22:58,600.0,25.45,S
2021-07-22T10:22:54,400.0,25.45,S
2021-07-22T10:22:51,2300.0,25.45,S
2021-07-22T10:22:36,100.0,25.45,S
2021-07-22T10:22:33,500.0,25.45,S
2021-07-22T10:22:25,100.0,25.45,S
2021-07-22T10:21:18,100.0,25.4,S
2021-07-22T10:21:15,900.0,25.4,S
2021-07-22T10:21:14,4700.0,25.4,S
2021-07-22T10:20:54,100.0,25.45,S
2021-07-22T10:20:50,900.0,25.45,S
2021-07-22T10:20:46,300.0,25.5,S
2021-07-22T10:20:45,400.0,25.5,B
2021-07-22T10:20:22,300.0,25.45,B
2021-07-22T10:20:16,100.0,25.45,B
2021-07-22T10:19:50,700.0,25.45,S
2021-07-22T10:19:36,100.0,25.45,S
2021-07-22T10:19:34,100.0,25.45,S
2021-07-22T10:19:33,600.0,25.45,S
2021-07-22T10:18:59,200.0,25.45,S
2021-07-22T10:18:58,1200.0,25.45,S
2021-07-22T10:18:15,100.0,25.45,B
2021-07-22T10:17:53,900.0,25.45,S
2021-07-22T10:17:51,100.0,25.5,S
2021-07-22T10:17:48,500.0,25.5,B
2021-07-22T10:17:19,800.0,25.5,B
2021-07-22T10:17:04,100.0,25.5,B
2021-07-22T10:17:04,2400.0,25.5,S
2021-07-22T10:17:00,100.0,25.5,S
2021-07-22T10:16:57,500.0,25.5,S
2021-07-22T10:16:54,100.0,25.5,S
2021-07-22T10:16:53,900.0,25.5,S
2021-07-22T10:16:50,1600.0,25.5,S
2021-07-22T10:16:49,1000.0,25.55,B
2021-07-22T10:16:18,100.0,25.5,S
2021-07-22T10:16:17,700.0,25.5,S
2021-07-22T10:16:09,200.0,25.5,S
2021-07-22T10:16:07,1000.0,25.5,S
2021-07-22T10:15:39,200.0,25.5,S
2021-07-22T10:15:39,200.0,25.5,S
2021-07-22T10:15:37,2000.0,25.5,S
2021-07-22T10:14:46,300.0,25.5,S
2021-07-22T10:14:38,2300.0,25.6,B
2021-07-22T10:14:38,200.0,25.6,B
2021-07-22T10:14:26,600.0,25.6,B
2021-07-22T10:14:25,200.0,25.6,B
2021-07-22T10:13:41,200.0,25.6,B
2021-07-22T10:13:18,1000.0,25.6,B
2021-07-22T10:12:32,700.0,25.6,B
2021-07-22T10:12:09,400.0,25.6,B
2021-07-22T10:12:09,1500.0,25.6,B
2021-07-22T10:12:09,800.0,25.6,B
2021-07-22T10:12:09,200.0,25.6,B
2021-07-22T10:12:09,600.0,25.6,B
2021-07-22T10:12:09,600.0,25.5,B
2021-07-22T10:12:09,5900.0,25.5,B
2021-07-22T10:11:45,200.0,25.5,B
2021-07-22T10:11:41,900.0,25.5,B
2021-07-22T10:11:35,1000.0,25.5,B
2021-07-22T10:11:17,3000.0,25.5,B
2021-07-22T10:10:39,200.0,25.5,B
2021-07-22T10:10:32,200.0,25.45,S
2021-07-22T10:10:32,800.0,25.45,B
2021-07-22T10:10:32,500.0,25.45,B
2021-07-22T10:10:17,100.0,25.4,S
2021-07-22T10:10:15,500.0,25.4,S
2021-07-22T10:10:13,300.0,25.4,B
2021-07-22T10:10:13,600.0,25.4,B
2021-07-22T10:10:12,800.0,25.4,B
2021-07-22T10:10:12,500.0,25.4,B
2021-07-22T10:10:12,100.0,25.4,B
2021-07-22T10:10:12,600.0,25.4,B
2021-07-22T10:09:47,200.0,25.3,S
2021-07-22T10:09:30,500.0,25.4,B
2021-07-22T10:09:01,200.0,25.4,B
2021-07-22T10:09:00,200.0,25.3,S
2021-07-22T10:08:57,1000.0,25.3,S
2021-07-22T10:08:55,900.0,25.3,S
2021-07-22T10:08:55,4100.0,25.3,S
2021-07-22T10:08:42,200.0,25.4,B
2021-07-22T10:08:07,500.0,25.4,B
2021-07-22T10:06:54,200.0,25.3,S
2021-07-22T10:06:50,100.0,25.3,S
2021-07-22T10:06:49,500.0,25.3,B
2021-07-22T10:06:18,100.0,25.3,S
2021-07-22T10:06:17,900.0,25.3,B
2021-07-22T10:06:08,1400.0,25.3,B
2021-07-22T10:06:07,300.0,25.4,B
2021-07-22T10:06:02,300.0,25.3,S
2021-07-22T10:05:55,200.0,25.4,B
2021-07-22T10:05:35,100.0,25.4,B
2021-07-22T10:05:21,100.0,25.4,B
2021-07-22T10:05:14,1600.0,25.4,B
2021-07-22T10:05:13,200.0,25.3,S
2021-07-22T10:05:04,100.0,25.4,B
2021-07-22T10:04:50,600.0,25.4,S
2021-07-22T10:04:48,600.0,25.4,S
2021-07-22T10:04:27,1300.0,25.5,B
2021-07-22T10:04:12,3000.0,25.5,S
2021-07-22T10:04:12,200.0,25.5,S
2021-07-22T10:04:09,100.0,25.5,S
2021-07-22T10:04:06,500.0,25.5,S
2021-07-22T10:04:06,200.0,25.5,S
2021-07-22T10:04:03,1100.0,25.5,S
2021-07-22T10:04:02,3000.0,25.5,S
2021-07-22T10:03:33,200.0,25.5,S
2021-07-22T10:03:23,100.0,25.5,S
2021-07-22T10:03:21,200.0,25.6,B
2021-07-22T10:03:20,500.0,25.6,B
2021-07-22T10:03:05,300.0,25.6,B
2021-07-22T10:02:55,200.0,25.6,B
2021-07-22T10:02:53,100.0,25.5,S
2021-07-22T10:02:45,100.0,25.5,S
2021-07-22T10:02:43,500.0,25.5,S
2021-07-22T10:02:27,200.0,25.5,S
2021-07-22T10:02:25,900.0,25.5,S
2021-07-22T10:02:23,200.0,25.6,B
2021-07-22T10:02:19,100.0,25.6,B
2021-07-22T10:02:14,300.0,25.5,S
2021-07-22T10:02:13,1500.0,25.5,S
2021-07-22T10:02:09,200.0,25.5,B
2021-07-22T10:02:09,1200.0,25.5,B
2021-07-22T10:02:09,6400.0,25.5,B
2021-07-22T10:02:06,100.0,25.5,B
2021-07-22T10:01:51,100.0,25.5,B
2021-07-22T10:01:29,400.0,25.4,S
2021-07-22T10:01:27,2000.0,25.4,S
2021-07-22T10:01:27,100.0,25.4,S
2021-07-22T10:01:24,200.0,25.4,B
2021-07-22T10:01:17,400.0,25.4,B
2021-07-22T10:01:09,500.0,25.4,B
2021-07-22T10:01:06,200.0,25.3,S
2021-07-22T10:01:03,100.0,25.3,B
2021-07-22T10:01:03,100.0,25.3,B
2021-07-22T10:01:03,900.0,25.3,B
2021-07-22T10:00:55,500.0,25.3,B
2021-07-22T10:00:50,500.0,25.3,B
2021-07-22T10:00:46,200.0,25.3,B
2021-07-22T10:00:35,100.0,25.3,B
2021-07-22T10:00:35,200.0,25.3,B
2021-07-22T10:00:20,100.0,25.3,B
2021-07-22T10:00:20,100.0,25.3,B
2021-07-22T10:00:15,1000.0,25.3,B
2021-07-22T10:00:14,1200.0,25.3,B
2021-07-22T10:00:02,300.0,25.3,B
2021-07-22T09:59:43,2000.0,25.3,B
2021-07-22T09:59:31,200.0,25.0,S
2021-07-22T09:59:06,300.0,24.9,S
2021-07-22T09:59:03,1500.0,24.9,S
2021-07-22T09:58:58,1200.0,24.9,S
2021-07-22T09:58:58,5500.0,25.0,S
2021-07-22T09:58:58,800.0,25.05,S
2021-07-22T09:58:24,100.0,25.05,S
2021-07-22T09:58:21,900.0,25.0,S
2021-07-22T09:58:19,3600.0,25.0,B
2021-07-22T09:58:07,10000.0,25.0,B
2021-07-22T09:57:54,400.0,24.8,S
2021-07-22T09:57:51,2000.0,24.8,B
2021-07-22T09:57:48,500.0,24.8,B
2021-07-22T09:57:43,2000.0,24.8,B
2021-07-22T09:57:26,100.0,24.8,B
2021-07-22T09:56:58,400.0,24.75,B
2021-07-22T09:56:51,100.0,24.75,B
2021-07-22T09:56:36,400.0,24.7,S
2021-07-22T09:56:34,2400.0,24.7,B
2021-07-22T09:56:19,900.0,24.7,B
2021-07-22T09:56:19,200.0,24.7,B
2021-07-22T09:56:19,1900.0,24.7,B
2021-07-22T09:55:57,10000.0,24.7,B
2021-07-22T09:55:27,100.0,24.7,B
2021-07-22T09:52:54,300.0,24.6,B
2021-07-22T09:52:27,100.0,24.6,B
2021-07-22T09:50:05,100.0,24.6,S
2021-07-22T09:50:04,2900.0,24.6,B
2021-07-22T09:48:56,300.0,24.6,B
2021-07-22T09:48:55,200.0,24.6,B
2021-07-22T09:47:48,500.0,24.6,B
2021-07-22T09:47:03,500.0,24.6,B
2021-07-22T09:46:48,200.0,24.5,S
2021-07-22T09:46:46,1000.0,24.5,S
2021-07-22T09:45:54,300.0,24.6,B
2021-07-22T09:45:15,500.0,24.6,S
2021-07-22T09:45:15,200.0,24.6,S
2021-07-22T09:45:14,2100.0,24.6,S
2021-07-22T09:42:45,400.0,24.6,S
2021-07-22T09:42:42,2000.0,24.6,S
2021-07-22T09:38:23,400.0,24.7,B
2021-07-22T09:31:27,200.0,24.7,B
2021-07-22T09:29:38,100.0,24.7,B
2021-07-22T09:29:14,100.0,24.6,S
2021-07-22T09:29:13,900.0,24.6,S
2021-07-22T09:29:01,100.0,24.6,B
2021-07-22T09:24:53,400.0,24.3,S
2021-07-22T09:24:51,2200.0,24.3,S
2021-07-22T09:24:50,2400.0,24.3,S
2021-07-22T09:24:50,8600.0,24.3,S
2021-07-22T09:21:52,100.0,24.6,B
2021-07-22T09:16:06,400.0,24.7,B
2021-07-22T09:15:58,100.0,24.7,S
2021-07-22T09:15:37,100.0,24.75,B
