tradingTime,volume,price,side
2021-07-22T13:51:14,200.0,94.0,B
2021-07-22T13:51:09,200.0,94.0,B
2021-07-22T13:50:59,100.0,94.0,B
2021-07-22T13:50:51,500.0,94.0,S
2021-07-22T13:50:46,2000.0,94.0,S
2021-07-22T13:50:11,200.0,94.0,B
2021-07-22T13:50:05,200.0,94.0,B
2021-07-22T13:49:59,200.0,94.0,B
2021-07-22T13:49:54,200.0,93.9,B
2021-07-22T13:49:34,100.0,93.8,B
2021-07-22T13:48:55,100.0,93.8,B
2021-07-22T13:48:29,100.0,93.8,B
2021-07-22T13:48:25,100.0,93.8,B
2021-07-22T13:48:20,100.0,93.8,B
2021-07-22T13:48:16,500.0,93.8,B
2021-07-22T13:48:15,200.0,93.8,B
2021-07-22T13:48:09,100.0,93.8,B
2021-07-22T13:48:03,100.0,93.8,B
2021-07-22T13:47:58,100.0,93.8,B
2021-07-22T13:47:53,100.0,93.8,B
2021-07-22T13:47:30,100.0,93.8,B
2021-07-22T13:46:29,100.0,93.8,S
2021-07-22T13:46:04,800.0,94.0,B
2021-07-22T13:45:52,1200.0,94.0,S
2021-07-22T13:45:52,3800.0,94.0,S
2021-07-22T13:45:26,200.0,94.2,S
2021-07-22T13:45:26,500.0,94.2,S
2021-07-22T13:45:19,200.0,94.2,S
2021-07-22T13:45:12,1000.0,94.2,S
2021-07-22T13:44:50,1000.0,94.3,B
2021-07-22T13:44:48,500.0,94.2,S
2021-07-22T13:44:42,1000.0,94.2,S
2021-07-22T13:44:30,300.0,94.3,S
2021-07-22T13:44:10,800.0,94.4,S
2021-07-22T13:44:08,200.0,94.4,S
2021-07-22T13:43:58,200.0,94.4,S
2021-07-22T13:43:56,100.0,94.5,B
2021-07-22T13:43:42,200.0,94.5,S
2021-07-22T13:43:23,1400.0,94.5,S
2021-07-22T13:43:13,1000.0,94.5,S
2021-07-22T13:43:10,400.0,94.5,S
2021-07-22T13:43:10,500.0,94.5,S
2021-07-22T13:43:04,500.0,94.5,S
2021-07-22T13:43:04,400.0,94.5,S
2021-07-22T13:42:55,100.0,94.5,S
2021-07-22T13:42:54,100.0,94.5,S
2021-07-22T13:41:56,1000.0,94.6,S
2021-07-22T13:40:33,500.0,94.7,B
2021-07-22T13:39:38,100.0,94.7,B
2021-07-22T13:39:31,200.0,94.8,B
2021-07-22T13:39:29,800.0,94.8,B
2021-07-22T13:39:23,200.0,94.8,B
2021-07-22T13:39:13,100.0,94.8,B
2021-07-22T13:39:05,200.0,94.8,B
2021-07-22T13:38:58,200.0,94.5,S
2021-07-22T13:38:43,200.0,94.8,B
2021-07-22T13:38:43,200.0,94.8,B
2021-07-22T13:38:41,200.0,94.8,B
2021-07-22T13:38:37,100.0,94.8,B
2021-07-22T13:38:31,200.0,94.8,B
2021-07-22T13:38:25,100.0,94.5,S
2021-07-22T13:38:20,100.0,94.8,B
2021-07-22T13:38:19,200.0,94.5,S
2021-07-22T13:38:09,100.0,94.8,B
2021-07-22T13:38:08,1000.0,94.5,S
2021-07-22T13:37:24,200.0,94.5,S
2021-07-22T13:37:23,200.0,94.8,B
2021-07-22T13:37:18,200.0,94.8,B
2021-07-22T13:37:06,200.0,94.5,S
2021-07-22T13:36:40,200.0,94.8,B
2021-07-22T13:36:34,300.0,94.8,B
2021-07-22T13:36:29,200.0,94.8,B
2021-07-22T13:36:25,200.0,94.8,B
2021-07-22T13:36:13,200.0,94.8,B
2021-07-22T13:36:13,200.0,94.7,S
2021-07-22T13:36:08,100.0,94.7,B
2021-07-22T13:36:03,200.0,94.8,B
2021-07-22T13:36:00,200.0,94.7,B
2021-07-22T13:35:59,200.0,94.5,S
2021-07-22T13:35:58,200.0,94.6,B
2021-07-22T13:35:56,200.0,94.5,S
2021-07-22T13:35:51,200.0,94.5,B
2021-07-22T13:35:50,1000.0,94.5,B
2021-07-22T13:35:50,5900.0,94.5,B
2021-07-22T13:35:48,300.0,94.5,B
2021-07-22T13:35:44,200.0,94.5,B
2021-07-22T13:35:40,100.0,94.5,B
2021-07-22T13:35:37,200.0,94.5,B
2021-07-22T13:35:34,200.0,94.4,S
2021-07-22T13:35:30,200.0,94.5,B
2021-07-22T13:35:25,100.0,94.4,S
2021-07-22T13:35:23,600.0,94.4,B
2021-07-22T13:35:22,200.0,94.4,B
2021-07-22T13:35:20,200.0,94.3,S
2021-07-22T13:35:15,200.0,94.4,B
2021-07-22T13:35:08,100.0,94.5,B
2021-07-22T13:34:49,3000.0,94.5,B
2021-07-22T13:34:34,1400.0,94.5,B
2021-07-22T13:34:34,100.0,94.4,B
2021-07-22T13:34:25,400.0,94.2,S
2021-07-22T13:34:18,500.0,94.5,B
2021-07-22T13:34:14,400.0,94.4,S
2021-07-22T13:34:07,100.0,94.5,B
2021-07-22T13:33:35,200.0,94.4,S
2021-07-22T13:33:32,200.0,94.4,S
2021-07-22T13:33:10,1200.0,94.4,B
2021-07-22T13:33:04,200.0,94.2,S
2021-07-22T13:32:58,1300.0,94.4,B
2021-07-22T13:30:42,2000.0,94.2,S
2021-07-22T13:30:37,5300.0,94.4,B
2021-07-22T13:30:29,100.0,94.2,S
2021-07-22T13:30:07,200.0,94.2,S
2021-07-22T13:30:06,100.0,94.2,S
2021-07-22T13:30:03,500.0,94.3,B
2021-07-22T13:29:29,200.0,94.2,S
2021-07-22T13:29:15,100.0,94.2,S
2021-07-22T13:29:05,100.0,94.2,S
2021-07-22T13:29:03,200.0,94.2,S
2021-07-22T13:28:25,200.0,94.1,S
2021-07-22T13:28:23,100.0,94.2,B
2021-07-22T13:27:42,900.0,94.1,B
2021-07-22T13:27:42,100.0,94.1,S
2021-07-22T13:27:14,500.0,94.1,S
2021-07-22T13:26:44,100.0,94.0,S
2021-07-22T13:26:24,100.0,94.0,S
2021-07-22T13:26:11,2000.0,94.0,S
2021-07-22T13:26:11,300.0,94.0,B
2021-07-22T13:26:11,200.0,94.0,B
2021-07-22T13:26:11,1200.0,94.0,B
2021-07-22T13:26:10,5900.0,94.0,B
2021-07-22T13:26:09,5000.0,94.0,B
2021-07-22T13:26:06,200.0,94.0,B
2021-07-22T13:26:02,1000.0,94.0,B
2021-07-22T13:26:00,400.0,94.0,B
2021-07-22T13:25:58,200.0,94.0,B
2021-07-22T13:25:56,500.0,94.0,B
2021-07-22T13:25:55,2500.0,94.0,B
2021-07-22T13:25:50,200.0,94.0,B
2021-07-22T13:25:47,400.0,94.0,B
2021-07-22T13:25:44,200.0,94.0,B
2021-07-22T13:25:37,100.0,94.0,B
2021-07-22T13:25:27,200.0,94.0,B
2021-07-22T13:25:21,400.0,94.0,B
2021-07-22T13:25:15,2000.0,94.0,B
2021-07-22T13:25:11,200.0,93.8,S
2021-07-22T13:25:09,400.0,93.9,B
2021-07-22T13:24:59,2000.0,93.9,B
2021-07-22T13:24:46,500.0,93.9,B
2021-07-22T13:24:42,500.0,93.9,B
2021-07-22T13:24:37,100.0,93.9,B
2021-07-22T13:24:37,100.0,93.9,B
2021-07-22T13:24:35,100.0,93.9,B
2021-07-22T13:24:27,4100.0,93.8,B
2021-07-22T13:24:24,100.0,93.7,B
2021-07-22T13:24:22,200.0,93.7,B
2021-07-22T13:24:19,100.0,93.7,B
2021-07-22T13:24:16,100.0,93.7,B
2021-07-22T13:24:08,300.0,93.7,B
2021-07-22T13:24:07,200.0,93.7,B
2021-07-22T13:24:07,1000.0,93.7,B
2021-07-22T13:24:03,100.0,93.7,B
2021-07-22T13:24:01,100.0,93.7,B
2021-07-22T13:23:50,100.0,93.7,B
2021-07-22T13:23:38,200.0,93.7,B
2021-07-22T13:22:57,100.0,93.6,S
2021-07-22T13:22:39,900.0,93.6,B
2021-07-22T13:22:22,100.0,93.6,B
2021-07-22T13:20:59,200.0,93.6,B
2021-07-22T13:20:48,100.0,93.6,B
2021-07-22T13:20:41,100.0,93.5,S
2021-07-22T13:20:13,100.0,93.5,S
2021-07-22T13:20:12,100.0,93.5,B
2021-07-22T13:20:12,2700.0,93.5,B
2021-07-22T13:19:49,100.0,93.4,S
2021-07-22T13:19:35,200.0,93.4,S
2021-07-22T13:18:56,100.0,93.4,S
2021-07-22T13:18:30,500.0,93.4,S
2021-07-22T13:18:28,300.0,93.4,B
2021-07-22T13:18:27,100.0,93.3,S
2021-07-22T13:18:19,1000.0,93.3,S
2021-07-22T13:18:06,300.0,93.4,S
2021-07-22T13:17:41,200.0,93.4,S
2021-07-22T13:16:26,500.0,93.5,S
2021-07-22T13:16:22,100.0,93.5,S
2021-07-22T13:16:17,500.0,93.5,S
2021-07-22T13:16:08,300.0,93.5,S
2021-07-22T13:15:01,1000.0,93.5,S
2021-07-22T13:14:37,200.0,93.5,S
2021-07-22T13:14:36,800.0,93.5,S
2021-07-22T13:14:06,300.0,93.7,B
2021-07-22T13:13:38,100.0,93.7,B
2021-07-22T13:13:13,100.0,93.5,S
2021-07-22T13:13:07,200.0,93.5,S
2021-07-22T13:11:44,2500.0,93.5,S
2021-07-22T13:11:37,2500.0,93.5,S
2021-07-22T13:11:35,200.0,93.7,B
2021-07-22T13:10:48,1300.0,93.5,B
2021-07-22T13:10:48,1200.0,93.5,B
2021-07-22T13:10:48,1600.0,93.5,B
2021-07-22T13:10:45,500.0,93.4,B
2021-07-22T13:10:16,400.0,93.4,B
2021-07-22T13:10:00,100.0,93.4,B
2021-07-22T13:08:50,300.0,93.4,S
2021-07-22T13:08:05,100.0,93.5,B
2021-07-22T13:05:38,100.0,93.0,S
2021-07-22T13:05:28,300.0,93.0,B
2021-07-22T13:04:57,100.0,92.6,S
2021-07-22T13:04:53,1400.0,93.0,B
2021-07-22T13:04:53,4100.0,93.0,B
2021-07-22T13:04:53,100.0,93.0,B
2021-07-22T13:04:53,600.0,93.0,B
2021-07-22T13:04:53,1200.0,93.0,B
2021-07-22T13:04:53,700.0,93.0,B
2021-07-22T13:04:53,1100.0,93.0,B
2021-07-22T13:04:53,800.0,92.8,B
2021-07-22T13:04:12,200.0,92.6,B
2021-07-22T13:04:09,100.0,92.6,B
2021-07-22T13:03:38,1300.0,92.6,B
2021-07-22T13:02:37,1900.0,92.5,B
2021-07-22T13:02:11,200.0,92.5,B
2021-07-22T13:02:05,100.0,92.5,B
2021-07-22T13:02:02,300.0,92.5,B
2021-07-22T13:02:02,200.0,92.5,B
2021-07-22T13:02:00,100.0,92.5,B
2021-07-22T13:01:58,400.0,92.4,B
2021-07-22T13:01:55,100.0,92.4,B
2021-07-22T13:01:41,100.0,92.4,B
2021-07-22T13:01:36,100.0,92.4,B
2021-07-22T13:01:34,200.0,92.4,B
2021-07-22T13:01:28,100.0,92.4,B
2021-07-22T13:00:09,100.0,92.2,S
2021-07-22T13:00:08,300.0,92.3,B
2021-07-22T13:00:08,100.0,92.2,B
2021-07-22T13:00:08,200.0,92.2,B
2021-07-22T13:00:08,100.0,92.2,B
2021-07-22T13:00:08,200.0,92.2,B
2021-07-22T13:00:08,3000.0,92.2,B
2021-07-22T11:29:50,100.0,92.1,S
2021-07-22T11:29:05,3700.0,92.1,B
2021-07-22T11:29:00,100.0,92.0,S
2021-07-22T11:28:35,100.0,92.1,B
2021-07-22T11:28:22,200.0,92.1,B
2021-07-22T11:27:53,1000.0,92.1,B
2021-07-22T11:27:10,100.0,92.1,B
2021-07-22T11:26:52,100.0,92.0,S
2021-07-22T11:25:42,200.0,92.0,S
2021-07-22T11:25:37,2000.0,92.0,S
2021-07-22T11:24:57,400.0,92.0,S
2021-07-22T11:24:05,100.0,92.0,S
2021-07-22T11:24:03,500.0,92.1,B
2021-07-22T11:22:38,400.0,92.0,S
2021-07-22T11:22:08,1000.0,92.0,S
2021-07-22T11:21:47,300.0,92.1,B
2021-07-22T11:21:42,300.0,92.0,S
2021-07-22T11:21:14,100.0,92.0,S
2021-07-22T11:20:58,200.0,92.0,S
2021-07-22T11:20:47,1000.0,92.0,S
2021-07-22T11:20:46,2000.0,92.0,S
2021-07-22T11:19:51,400.0,92.0,S
2021-07-22T11:19:16,100.0,92.0,S
2021-07-22T11:16:31,500.0,92.0,S
2021-07-22T11:15:01,1000.0,92.0,S
2021-07-22T11:13:55,100.0,92.0,B
2021-07-22T11:13:55,9500.0,92.0,B
2021-07-22T11:12:31,1400.0,92.0,B
2021-07-22T11:12:31,100.0,92.0,B
2021-07-22T11:11:38,200.0,92.0,B
2021-07-22T11:10:31,100.0,91.7,S
2021-07-22T11:10:27,100.0,91.7,S
2021-07-22T11:09:50,3500.0,91.6,S
2021-07-22T11:09:40,2000.0,92.0,B
2021-07-22T11:09:34,1000.0,91.7,B
2021-07-22T11:09:17,2500.0,91.6,S
2021-07-22T11:08:52,3500.0,91.6,B
2021-07-22T11:07:05,2500.0,91.3,S
2021-07-22T11:06:48,100.0,91.4,B
2021-07-22T11:06:22,1000.0,91.4,S
2021-07-22T11:06:22,500.0,91.4,S
2021-07-22T11:06:22,200.0,91.5,S
2021-07-22T11:06:19,200.0,91.6,B
2021-07-22T11:06:12,300.0,91.6,B
2021-07-22T11:06:09,1000.0,91.6,B
2021-07-22T11:05:28,200.0,91.6,B
2021-07-22T11:05:03,1800.0,91.5,B
2021-07-22T11:04:58,100.0,91.5,B
2021-07-22T11:04:43,100.0,91.5,B
2021-07-22T11:02:59,300.0,91.5,B
2021-07-22T11:01:59,600.0,91.5,S
2021-07-22T11:00:14,500.0,91.7,B
2021-07-22T10:59:04,100.0,91.7,B
2021-07-22T10:58:57,400.0,91.7,S
2021-07-22T10:57:51,3000.0,91.7,S
2021-07-22T10:57:46,200.0,92.0,B
2021-07-22T10:57:38,400.0,92.0,B
2021-07-22T10:57:36,200.0,92.0,B
2021-07-22T10:57:26,1500.0,92.0,B
2021-07-22T10:57:26,200.0,92.0,B
2021-07-22T10:57:26,1000.0,92.0,B
2021-07-22T10:57:26,300.0,92.0,B
2021-07-22T10:57:22,100.0,92.0,B
2021-07-22T10:57:18,800.0,92.0,B
2021-07-22T10:56:57,100.0,92.0,B
2021-07-22T10:56:57,200.0,91.9,B
2021-07-22T10:56:44,200.0,91.9,B
2021-07-22T10:56:40,200.0,91.9,B
2021-07-22T10:56:40,1500.0,91.5,S
2021-07-22T10:56:32,100.0,91.9,B
2021-07-22T10:56:05,1300.0,91.9,B
2021-07-22T10:56:05,1300.0,92.0,B
2021-07-22T10:55:11,1000.0,91.9,B
2021-07-22T10:54:44,100.0,91.8,S
2021-07-22T10:54:38,600.0,91.8,B
2021-07-22T10:54:03,400.0,91.8,B
2021-07-22T10:53:42,1200.0,91.7,S
2021-07-22T10:53:15,2000.0,91.8,B
2021-07-22T10:52:09,100.0,91.7,B
2021-07-22T10:51:38,500.0,91.6,S
2021-07-22T10:51:35,200.0,91.6,B
2021-07-22T10:50:46,400.0,91.6,B
2021-07-22T10:50:34,400.0,91.6,B
2021-07-22T10:49:36,2000.0,91.4,S
2021-07-22T10:49:25,300.0,91.4,B
2021-07-22T10:48:09,100.0,91.3,S
2021-07-22T10:48:02,500.0,91.3,S
2021-07-22T10:45:13,100.0,91.2,S
2021-07-22T10:43:52,1400.0,91.2,S
2021-07-22T10:43:52,1200.0,91.2,S
2021-07-22T10:43:52,800.0,91.2,S
2021-07-22T10:43:39,1000.0,91.2,S
2021-07-22T10:42:43,100.0,91.4,B
2021-07-22T10:41:49,100.0,91.4,B
2021-07-22T10:40:27,300.0,91.2,S
2021-07-22T10:39:35,100.0,91.4,B
2021-07-22T10:39:26,300.0,91.4,B
2021-07-22T10:38:52,100.0,91.4,B
2021-07-22T10:38:41,100.0,91.4,S
2021-07-22T10:37:09,100.0,91.5,B
2021-07-22T10:37:08,2500.0,91.2,S
2021-07-22T10:36:52,400.0,91.2,S
2021-07-22T10:36:52,2100.0,91.2,S
2021-07-22T10:36:50,500.0,91.5,B
2021-07-22T10:35:04,100.0,91.5,B
2021-07-22T10:34:56,200.0,91.2,S
2021-07-22T10:34:56,800.0,91.2,S
2021-07-22T10:34:48,100.0,91.5,B
2021-07-22T10:33:37,100.0,91.5,B
2021-07-22T10:31:42,100.0,91.4,S
2021-07-22T10:30:45,200.0,91.5,B
2021-07-22T10:29:49,9000.0,91.5,B
2021-07-22T10:29:03,200.0,91.4,B
2021-07-22T10:28:50,100.0,91.4,B
2021-07-22T10:28:04,1000.0,91.2,S
2021-07-22T10:27:55,100.0,91.4,B
2021-07-22T10:26:22,100.0,91.4,B
2021-07-22T10:24:24,200.0,91.2,S
2021-07-22T10:21:39,100.0,91.2,B
2021-07-22T10:21:20,300.0,91.2,B
2021-07-22T10:20:54,100.0,91.2,S
2021-07-22T10:20:27,500.0,91.2,B
2021-07-22T10:20:00,100.0,91.1,S
2021-07-22T10:19:45,200.0,91.2,B
2021-07-22T10:19:38,400.0,91.2,B
2021-07-22T10:19:30,300.0,91.2,B
2021-07-22T10:19:19,400.0,91.2,B
2021-07-22T10:19:09,100.0,91.1,S
2021-07-22T10:18:48,100.0,91.1,S
2021-07-22T10:18:21,100.0,91.1,S
2021-07-22T10:18:21,100.0,91.1,S
2021-07-22T10:18:08,300.0,91.1,S
2021-07-22T10:18:08,1900.0,91.1,S
2021-07-22T10:18:08,300.0,91.1,S
2021-07-22T10:17:15,600.0,91.2,S
2021-07-22T10:17:11,100.0,91.2,S
2021-07-22T10:16:41,100.0,91.2,S
2021-07-22T10:16:41,700.0,91.2,S
2021-07-22T10:16:41,300.0,91.2,S
2021-07-22T10:16:41,200.0,91.2,S
2021-07-22T10:16:41,2000.0,91.2,S
2021-07-22T10:16:41,200.0,91.2,S
2021-07-22T10:16:41,500.0,91.2,S
2021-07-22T10:16:41,300.0,91.3,S
2021-07-22T10:16:41,500.0,91.3,S
2021-07-22T10:16:41,2200.0,91.3,S
2021-07-22T10:16:31,100.0,91.3,S
2021-07-22T10:15:31,900.0,91.3,S
2021-07-22T10:14:34,100.0,91.4,B
2021-07-22T10:14:22,100.0,91.4,B
2021-07-22T10:12:33,600.0,91.4,S
2021-07-22T10:11:31,600.0,91.4,B
2021-07-22T10:11:27,100.0,91.4,B
2021-07-22T10:11:25,600.0,91.4,B
2021-07-22T10:11:14,400.0,91.4,B
2021-07-22T10:10:29,400.0,91.4,B
2021-07-22T10:10:11,1100.0,91.4,B
2021-07-22T10:09:44,1900.0,91.4,S
2021-07-22T10:09:15,300.0,91.4,S
2021-07-22T10:08:28,500.0,91.5,B
2021-07-22T10:06:36,100.0,91.5,B
2021-07-22T10:05:52,1500.0,91.5,S
2021-07-22T10:05:50,200.0,91.5,S
2021-07-22T10:05:22,100.0,91.5,S
2021-07-22T10:05:10,2000.0,91.5,B
2021-07-22T10:05:09,1000.0,91.4,S
2021-07-22T10:04:50,600.0,91.5,B
2021-07-22T10:04:37,400.0,91.5,B
2021-07-22T10:04:36,2000.0,91.5,B
2021-07-22T10:03:53,100.0,91.5,S
2021-07-22T10:02:12,100.0,91.4,S
2021-07-22T10:02:07,100.0,91.4,S
2021-07-22T10:01:51,100.0,91.4,S
2021-07-22T10:01:46,100.0,91.4,S
2021-07-22T10:01:42,100.0,91.5,S
2021-07-22T10:01:37,100.0,91.4,S
2021-07-22T10:01:33,100.0,91.4,S
2021-07-22T10:01:29,100.0,91.5,S
2021-07-22T10:01:23,100.0,91.5,S
2021-07-22T10:01:17,100.0,91.5,S
2021-07-22T10:01:04,200.0,91.5,S
2021-07-22T10:00:47,100.0,91.5,S
2021-07-22T10:00:42,100.0,91.5,S
2021-07-22T10:00:41,100.0,91.4,S
2021-07-22T10:00:37,100.0,91.4,S
2021-07-22T10:00:32,100.0,91.4,S
2021-07-22T10:00:27,100.0,91.4,S
2021-07-22T10:00:24,100.0,91.4,S
2021-07-22T10:00:16,100.0,91.4,S
2021-07-22T10:00:10,100.0,91.4,S
2021-07-22T09:59:51,1000.0,91.4,B
2021-07-22T09:59:11,900.0,91.3,S
2021-07-22T09:59:11,200.0,91.3,S
2021-07-22T09:59:11,1400.0,91.3,S
2021-07-22T09:59:06,200.0,91.4,B
2021-07-22T09:58:58,400.0,91.4,B
2021-07-22T09:58:39,100.0,91.4,B
2021-07-22T09:58:27,300.0,91.3,S
2021-07-22T09:58:23,800.0,91.4,S
2021-07-22T09:58:16,200.0,91.4,S
2021-07-22T09:58:03,200.0,91.3,S
2021-07-22T09:58:00,400.0,91.4,S
2021-07-22T09:57:55,200.0,91.3,S
2021-07-22T09:57:53,100.0,91.4,B
2021-07-22T09:57:49,200.0,91.4,B
2021-07-22T09:57:46,100.0,91.4,B
2021-07-22T09:57:45,100.0,91.4,B
2021-07-22T09:57:43,200.0,91.3,S
2021-07-22T09:57:38,200.0,91.4,B
2021-07-22T09:57:28,400.0,91.4,B
2021-07-22T09:57:26,200.0,91.4,B
2021-07-22T09:57:25,500.0,91.4,B
2021-07-22T09:57:08,300.0,91.4,S
2021-07-22T09:57:03,1500.0,92.2,B
2021-07-22T09:57:03,900.0,92.0,B
2021-07-22T09:56:49,1400.0,92.0,B
2021-07-22T09:56:49,300.0,92.0,B
2021-07-22T09:56:49,3300.0,92.0,B
2021-07-22T09:56:19,4000.0,92.0,B
2021-07-22T09:56:06,5000.0,91.8,B
2021-07-22T09:55:52,9700.0,91.8,B
2021-07-22T09:55:52,300.0,91.5,B
2021-07-22T09:55:08,100.0,91.3,S
2021-07-22T09:54:16,200.0,91.3,S
2021-07-22T09:53:01,1000.0,91.3,S
2021-07-22T09:52:37,100.0,91.5,B
2021-07-22T09:52:26,6100.0,91.5,S
2021-07-22T09:52:26,1300.0,91.5,S
2021-07-22T09:52:26,1000.0,91.6,S
2021-07-22T09:52:26,1500.0,91.6,S
2021-07-22T09:51:30,3000.0,91.7,B
2021-07-22T09:50:42,100.0,91.7,B
2021-07-22T09:50:40,400.0,91.7,B
2021-07-22T09:49:59,600.0,91.7,S
2021-07-22T09:49:49,300.0,91.7,B
2021-07-22T09:49:42,100.0,91.7,B
2021-07-22T09:49:33,200.0,91.7,B
2021-07-22T09:49:11,200.0,91.7,B
2021-07-22T09:49:02,1700.0,91.7,S
2021-07-22T09:48:59,200.0,91.9,B
2021-07-22T09:48:55,300.0,91.9,B
2021-07-22T09:48:55,600.0,91.9,S
2021-07-22T09:48:49,2100.0,92.0,B
2021-07-22T09:48:30,1000.0,91.9,S
2021-07-22T09:48:20,200.0,91.9,B
2021-07-22T09:47:45,500.0,91.9,S
2021-07-22T09:47:43,800.0,92.0,B
2021-07-22T09:47:01,100.0,91.9,B
2021-07-22T09:46:42,100.0,91.9,B
2021-07-22T09:46:24,8000.0,92.0,B
2021-07-22T09:46:22,100.0,91.9,B
2021-07-22T09:46:02,2000.0,92.0,B
2021-07-22T09:46:01,1000.0,91.7,S
2021-07-22T09:45:50,100.0,91.8,S
2021-07-22T09:45:40,100.0,91.8,S
2021-07-22T09:45:40,300.0,91.8,S
2021-07-22T09:45:36,500.0,91.9,B
2021-07-22T09:45:33,500.0,91.9,B
2021-07-22T09:45:14,200.0,91.9,B
2021-07-22T09:44:55,200.0,91.9,B
2021-07-22T09:44:25,100.0,91.9,B
2021-07-22T09:43:50,300.0,91.8,B
2021-07-22T09:43:37,300.0,91.8,B
2021-07-22T09:43:34,100.0,91.8,B
2021-07-22T09:43:30,200.0,91.7,S
2021-07-22T09:43:26,300.0,91.7,B
2021-07-22T09:43:20,100.0,91.7,B
2021-07-22T09:43:16,200.0,91.7,B
2021-07-22T09:43:15,400.0,91.7,S
2021-07-22T09:43:00,1400.0,91.7,S
2021-07-22T09:42:40,100.0,91.7,B
2021-07-22T09:42:34,100.0,91.7,B
2021-07-22T09:42:19,500.0,91.7,B
2021-07-22T09:40:38,200.0,91.2,S
2021-07-22T09:40:32,200.0,91.2,S
2021-07-22T09:40:26,200.0,91.2,S
2021-07-22T09:40:15,200.0,91.3,S
2021-07-22T09:39:56,100.0,91.8,B
2021-07-22T09:39:56,400.0,91.8,B
2021-07-22T09:39:50,500.0,91.5,S
2021-07-22T09:39:48,800.0,91.6,S
2021-07-22T09:39:44,100.0,91.6,S
2021-07-22T09:39:40,100.0,91.6,S
2021-07-22T09:39:35,100.0,91.6,S
2021-07-22T09:39:31,100.0,91.6,S
2021-07-22T09:39:27,100.0,91.6,S
2021-07-22T09:39:27,300.0,91.7,S
2021-07-22T09:39:22,100.0,91.7,S
2021-07-22T09:39:18,100.0,91.7,S
2021-07-22T09:39:11,100.0,91.7,S
2021-07-22T09:38:46,100.0,91.7,B
2021-07-22T09:38:41,200.0,91.6,B
2021-07-22T09:38:26,100.0,91.7,B
2021-07-22T09:38:19,100.0,91.7,B
2021-07-22T09:38:16,100.0,91.7,B
2021-07-22T09:38:15,200.0,91.7,B
2021-07-22T09:37:28,200.0,91.7,B
2021-07-22T09:37:15,100.0,91.5,S
2021-07-22T09:37:03,100.0,91.5,S
2021-07-22T09:36:40,100.0,91.5,S
2021-07-22T09:36:40,300.0,91.5,S
2021-07-22T09:35:49,100.0,91.5,B
2021-07-22T09:35:13,200.0,91.5,B
2021-07-22T09:34:59,100.0,91.5,B
2021-07-22T09:34:37,500.0,91.5,S
2021-07-22T09:34:37,100.0,91.6,S
2021-07-22T09:34:07,100.0,91.5,S
2021-07-22T09:33:42,100.0,91.7,B
2021-07-22T09:33:33,100.0,91.7,B
2021-07-22T09:33:16,100.0,91.5,B
2021-07-22T09:32:35,200.0,91.5,B
2021-07-22T09:30:54,500.0,90.9,S
2021-07-22T09:29:18,800.0,90.9,S
2021-07-22T09:29:16,1000.0,91.9,B
2021-07-22T09:28:42,200.0,90.9,S
2021-07-22T09:28:42,100.0,91.0,S
2021-07-22T09:28:42,500.0,91.0,S
2021-07-22T09:28:10,800.0,91.0,S
2021-07-22T09:27:06,800.0,90.9,S
2021-07-22T09:27:05,800.0,92.0,B
2021-07-22T09:27:05,100.0,91.9,B
2021-07-22T09:27:05,100.0,91.9,B
2021-07-22T09:27:04,100.0,91.0,S
2021-07-22T09:26:18,800.0,90.9,S
2021-07-22T09:25:41,100.0,91.2,B
2021-07-22T09:25:41,200.0,91.2,B
2021-07-22T09:25:33,200.0,90.8,S
2021-07-22T09:25:23,200.0,90.8,S
2021-07-22T09:24:47,500.0,90.8,B
2021-07-22T09:24:30,100.0,90.8,B
2021-07-22T09:24:21,500.0,90.8,B
2021-07-22T09:24:19,200.0,90.8,B
2021-07-22T09:24:13,200.0,90.8,B
2021-07-22T09:24:07,200.0,90.8,B
2021-07-22T09:23:41,1000.0,90.8,B
2021-07-22T09:23:36,200.0,90.8,B
2021-07-22T09:23:29,300.0,90.8,B
2021-07-22T09:23:23,100.0,90.7,S
2021-07-22T09:23:23,100.0,90.7,S
2021-07-22T09:23:23,800.0,90.7,S
2021-07-22T09:23:08,500.0,90.8,B
2021-07-22T09:23:03,200.0,90.8,B
2021-07-22T09:22:49,400.0,90.8,S
2021-07-22T09:22:49,200.0,90.8,S
2021-07-22T09:22:10,200.0,90.8,S
2021-07-22T09:22:04,100.0,90.8,S
2021-07-22T09:20:54,100.0,90.8,S
2021-07-22T09:20:51,500.0,90.8,S
2021-07-22T09:19:38,500.0,90.8,B
2021-07-22T09:19:25,300.0,91.0,S
2021-07-22T09:18:47,600.0,90.8,S
2021-07-22T09:18:47,200.0,90.9,S
2021-07-22T09:17:40,100.0,91.0,S
2021-07-22T09:17:22,400.0,91.0,B
2021-07-22T09:16:44,500.0,91.0,S
2021-07-22T09:15:58,200.0,91.0,S
