tradingTime,volume,price,side
2021-07-22T13:51:18,100.0,156.2,B
2021-07-22T13:49:48,1600.0,156.3,B
2021-07-22T13:48:34,100.0,156.4,B
2021-07-22T13:47:02,2500.0,156.4,B
2021-07-22T13:47:02,1000.0,156.3,B
2021-07-22T13:47:02,300.0,156.2,B
2021-07-22T13:47:02,1000.0,156.2,B
2021-07-22T13:47:02,1200.0,156.2,B
2021-07-22T13:46:38,800.0,156.2,B
2021-07-22T13:46:18,100.0,156.1,S
2021-07-22T13:44:27,100.0,156.0,S
2021-07-22T13:44:26,5000.0,156.0,S
2021-07-22T13:43:44,100.0,156.1,B
2021-07-22T13:41:00,600.0,156.1,S
2021-07-22T13:40:46,100.0,156.1,S
2021-07-22T13:40:43,200.0,156.1,B
2021-07-22T13:40:43,1300.0,156.1,B
2021-07-22T13:40:37,300.0,156.1,B
2021-07-22T13:40:32,300.0,156.1,B
2021-07-22T13:38:52,100.0,156.1,B
2021-07-22T13:37:59,200.0,156.1,B
2021-07-22T13:37:29,100.0,156.1,B
2021-07-22T13:37:08,200.0,156.1,B
2021-07-22T13:37:00,200.0,156.1,B
2021-07-22T13:36:57,200.0,156.1,B
2021-07-22T13:35:13,100.0,156.0,S
2021-07-22T13:34:06,200.0,156.0,S
2021-07-22T13:33:23,100.0,155.9,S
2021-07-22T13:31:32,100.0,155.9,S
2021-07-22T13:29:42,100.0,155.9,S
2021-07-22T13:28:06,100.0,155.9,B
2021-07-22T13:27:42,500.0,155.9,S
2021-07-22T13:27:07,200.0,156.0,S
2021-07-22T13:26:28,200.0,156.0,S
2021-07-22T13:26:28,1300.0,156.0,S
2021-07-22T13:26:02,100.0,156.0,S
2021-07-22T13:24:09,100.0,156.0,S
2021-07-22T13:22:19,100.0,156.0,S
2021-07-22T13:21:15,400.0,156.0,S
2021-07-22T13:20:28,100.0,155.7,S
2021-07-22T13:20:06,300.0,155.7,S
2021-07-22T13:20:06,100.0,155.9,B
2021-07-22T13:19:12,200.0,155.9,B
2021-07-22T13:17:47,100.0,156.0,B
2021-07-22T13:17:13,200.0,156.0,B
2021-07-22T13:16:30,700.0,156.0,S
2021-07-22T13:16:30,100.0,156.0,S
2021-07-22T13:13:32,100.0,156.1,B
2021-07-22T13:13:21,3000.0,156.0,S
2021-07-22T13:11:18,500.0,156.0,S
2021-07-22T13:09:43,1000.0,156.1,S
2021-07-22T13:07:14,4300.0,156.1,B
2021-07-22T13:06:31,2000.0,156.0,S
2021-07-22T13:06:18,2000.0,156.0,B
2021-07-22T13:06:18,1700.0,156.0,B
2021-07-22T13:06:18,100.0,155.9,B
2021-07-22T13:06:18,600.0,155.9,B
2021-07-22T13:00:08,100.0,155.9,S
2021-07-22T11:29:55,1000.0,155.9,B
2021-07-22T11:29:55,900.0,155.9,B
2021-07-22T11:27:17,200.0,155.5,S
2021-07-22T11:26:33,200.0,155.5,S
2021-07-22T11:25:49,200.0,155.5,S
2021-07-22T11:25:04,100.0,155.5,S
2021-07-22T11:24:20,100.0,155.5,S
2021-07-22T11:23:35,100.0,155.5,S
2021-07-22T11:22:50,100.0,155.5,S
2021-07-22T11:22:07,200.0,155.5,S
2021-07-22T11:21:22,200.0,155.5,S
2021-07-22T11:20:38,100.0,155.9,S
2021-07-22T11:20:23,500.0,155.9,B
2021-07-22T11:20:23,2400.0,155.9,B
2021-07-22T11:19:52,200.0,155.5,S
2021-07-22T11:19:09,200.0,155.5,S
2021-07-22T11:18:24,200.0,155.5,S
2021-07-22T11:17:39,100.0,155.5,S
2021-07-22T11:17:39,100.0,155.5,S
2021-07-22T11:16:56,200.0,155.5,S
2021-07-22T11:16:09,200.0,155.5,S
2021-07-22T11:15:26,200.0,155.5,S
2021-07-22T11:14:42,100.0,155.6,S
2021-07-22T11:14:41,200.0,155.5,S
2021-07-22T11:14:20,100.0,155.5,S
2021-07-22T11:13:58,100.0,155.6,S
2021-07-22T11:12:10,100.0,155.6,S
2021-07-22T11:11:54,100.0,155.9,B
2021-07-22T11:11:25,100.0,155.6,S
2021-07-22T11:10:40,100.0,155.6,S
2021-07-22T11:09:54,100.0,155.6,S
2021-07-22T11:09:32,300.0,155.9,B
2021-07-22T11:09:09,100.0,155.6,S
2021-07-22T11:08:24,100.0,155.6,S
2021-07-22T11:07:38,100.0,155.5,S
2021-07-22T11:06:52,100.0,155.5,S
2021-07-22T11:06:08,100.0,155.5,S
2021-07-22T11:05:22,100.0,155.5,S
2021-07-22T11:04:37,100.0,155.5,S
2021-07-22T11:03:52,100.0,155.5,S
2021-07-22T11:03:06,100.0,155.5,S
2021-07-22T11:02:54,1200.0,155.9,S
2021-07-22T11:02:36,200.0,155.9,B
2021-07-22T11:02:36,1200.0,155.9,B
2021-07-22T11:02:36,2400.0,155.9,B
2021-07-22T11:02:21,100.0,155.4,S
2021-07-22T11:01:36,100.0,155.4,S
2021-07-22T11:00:50,100.0,155.3,S
2021-07-22T11:00:05,100.0,155.3,S
2021-07-22T10:59:20,100.0,155.3,S
2021-07-22T10:58:35,100.0,155.3,S
2021-07-22T10:57:48,100.0,155.3,S
2021-07-22T10:57:03,100.0,155.3,S
2021-07-22T10:56:19,100.0,155.3,S
2021-07-22T10:55:33,100.0,155.3,S
2021-07-22T10:54:46,100.0,155.3,S
2021-07-22T10:54:02,100.0,155.3,S
2021-07-22T10:53:17,100.0,155.3,S
2021-07-22T10:52:30,100.0,155.3,S
2021-07-22T10:51:47,100.0,155.4,S
2021-07-22T10:51:01,100.0,155.4,S
2021-07-22T10:50:16,100.0,155.4,S
2021-07-22T10:49:30,100.0,155.4,S
2021-07-22T10:48:44,100.0,155.4,S
2021-07-22T10:47:59,100.0,155.4,S
2021-07-22T10:47:15,100.0,155.4,S
2021-07-22T10:46:37,100.0,155.6,S
2021-07-22T10:46:29,100.0,155.4,S
2021-07-22T10:45:44,100.0,155.4,S
2021-07-22T10:44:57,100.0,155.4,S
2021-07-22T10:44:13,100.0,155.4,S
2021-07-22T10:43:28,100.0,155.4,S
2021-07-22T10:43:04,100.0,155.5,S
2021-07-22T10:43:04,1300.0,155.5,S
2021-07-22T10:42:42,100.0,155.5,S
2021-07-22T10:42:15,900.0,155.6,S
2021-07-22T10:42:15,100.0,155.6,S
2021-07-22T10:41:57,100.0,155.6,S
2021-07-22T10:41:12,100.0,155.6,S
2021-07-22T10:40:27,100.0,155.6,S
2021-07-22T10:39:41,100.0,155.6,S
2021-07-22T10:38:55,100.0,155.6,S
2021-07-22T10:38:15,100.0,155.9,B
2021-07-22T10:38:09,100.0,155.6,S
2021-07-22T10:37:26,100.0,155.6,S
2021-07-22T10:36:40,100.0,155.6,S
2021-07-22T10:35:56,100.0,155.6,S
2021-07-22T10:35:19,100.0,155.7,S
2021-07-22T10:35:08,100.0,155.7,S
2021-07-22T10:34:24,100.0,155.6,S
2021-07-22T10:33:38,100.0,155.6,S
2021-07-22T10:32:54,100.0,155.6,S
2021-07-22T10:32:07,100.0,155.6,S
2021-07-22T10:31:23,100.0,155.7,S
2021-07-22T10:30:38,100.0,155.6,S
2021-07-22T10:29:52,100.0,155.6,S
2021-07-22T10:29:29,700.0,155.8,S
2021-07-22T10:29:21,500.0,155.8,S
2021-07-22T10:29:06,100.0,155.8,S
2021-07-22T10:28:46,400.0,155.8,S
2021-07-22T10:28:46,300.0,155.8,S
2021-07-22T10:28:22,100.0,155.8,S
2021-07-22T10:27:57,300.0,155.9,S
2021-07-22T10:27:52,500.0,155.9,S
2021-07-22T10:27:36,100.0,155.9,S
2021-07-22T10:26:50,100.0,155.9,S
2021-07-22T10:26:05,100.0,155.9,S
2021-07-22T10:25:20,100.0,156.0,S
2021-07-22T10:25:20,400.0,156.0,S
2021-07-22T10:25:20,100.0,156.0,S
2021-07-22T10:25:05,1000.0,156.0,S
2021-07-22T10:24:38,500.0,156.0,S
2021-07-22T10:24:34,100.0,156.0,S
2021-07-22T10:23:49,100.0,156.0,S
2021-07-22T10:23:03,100.0,156.0,S
2021-07-22T10:22:54,200.0,156.1,S
2021-07-22T10:22:19,100.0,156.1,S
2021-07-22T10:21:42,100.0,156.1,S
2021-07-22T10:21:34,100.0,156.0,S
2021-07-22T10:20:48,100.0,156.0,S
2021-07-22T10:20:03,100.0,156.0,S
2021-07-22T10:19:18,100.0,156.0,S
2021-07-22T10:18:32,100.0,156.0,S
2021-07-22T10:17:46,100.0,156.0,S
2021-07-22T10:17:01,100.0,156.0,S
2021-07-22T10:16:17,100.0,156.0,S
2021-07-22T10:15:31,100.0,156.0,S
2021-07-22T10:14:46,100.0,156.0,S
2021-07-22T10:14:00,100.0,156.2,S
2021-07-22T10:13:29,900.0,156.2,B
2021-07-22T10:13:15,100.0,156.0,S
2021-07-22T10:12:29,100.0,156.0,S
2021-07-22T10:11:04,100.0,156.0,S
2021-07-22T10:10:27,100.0,156.1,S
2021-07-22T10:09:53,100.0,156.2,S
2021-07-22T10:09:49,100.0,156.2,S
2021-07-22T10:09:11,100.0,156.2,S
2021-07-22T10:09:02,400.0,156.2,S
2021-07-22T10:08:53,200.0,156.2,S
2021-07-22T10:08:47,500.0,156.2,S
2021-07-22T10:08:33,100.0,156.2,S
2021-07-22T10:07:55,100.0,156.2,S
2021-07-22T10:07:18,100.0,156.3,S
2021-07-22T10:07:15,400.0,156.3,S
2021-07-22T10:07:15,200.0,156.4,S
2021-07-22T10:06:40,100.0,156.4,S
2021-07-22T10:06:02,100.0,156.4,S
2021-07-22T10:05:24,100.0,156.4,S
2021-07-22T10:04:55,200.0,156.4,S
2021-07-22T10:04:47,1000.0,156.4,S
2021-07-22T10:04:46,100.0,156.4,S
2021-07-22T10:04:07,100.0,156.4,S
2021-07-22T10:03:31,100.0,156.4,S
2021-07-22T10:02:53,100.0,156.2,S
2021-07-22T10:02:14,100.0,156.2,S
2021-07-22T10:01:37,100.0,156.2,S
2021-07-22T10:00:42,300.0,156.2,S
2021-07-22T10:00:12,300.0,156.2,S
2021-07-22T09:58:21,300.0,156.1,S
2021-07-22T09:52:33,200.0,156.0,S
2021-07-22T09:49:46,100.0,156.0,B
2021-07-22T09:49:43,100.0,156.0,B
2021-07-22T09:45:06,1000.0,156.0,B
2021-07-22T09:44:51,200.0,155.8,S
2021-07-22T09:42:12,100.0,156.0,B
2021-07-22T09:39:31,900.0,156.0,B
2021-07-22T09:39:31,100.0,156.0,B
2021-07-22T09:38:50,100.0,156.0,B
2021-07-22T09:36:13,100.0,155.5,S
2021-07-22T09:33:05,200.0,155.5,S
2021-07-22T09:26:14,300.0,155.5,B
2021-07-22T09:20:45,100.0,155.5,B
2021-07-22T09:17:57,100.0,155.5,B
2021-07-22T09:16:23,100.0,155.5,B
