tradingTime,volume,price,side
2021-07-22T13:51:47,300.0,31.85,B
2021-07-22T13:51:41,100.0,31.85,B
2021-07-22T13:50:52,100.0,31.85,B
2021-07-22T13:50:16,100.0,31.85,B
2021-07-22T13:48:53,400.0,31.85,B
2021-07-22T13:48:24,900.0,31.85,B
2021-07-22T13:48:24,100.0,31.85,B
2021-07-22T13:45:54,1000.0,31.85,B
2021-07-22T13:44:55,1700.0,31.85,B
2021-07-22T13:44:55,3300.0,31.85,B
2021-07-22T13:43:14,600.0,31.8,B
2021-07-22T13:42:35,100.0,31.8,B
2021-07-22T13:41:59,900.0,31.75,B
2021-07-22T13:41:37,300.0,31.75,B
2021-07-22T13:41:30,300.0,31.75,B
2021-07-22T13:41:23,200.0,31.75,B
2021-07-22T13:41:23,200.0,31.75,B
2021-07-22T13:41:23,200.0,31.75,B
2021-07-22T13:39:41,100.0,31.7,B
2021-07-22T13:25:41,5000.0,31.6,S
2021-07-22T13:25:09,500.0,31.6,S
2021-07-22T13:25:09,400.0,31.7,S
2021-07-22T13:25:01,400.0,31.65,B
2021-07-22T13:24:53,100.0,31.65,B
2021-07-22T13:24:08,1000.0,31.6,S
2021-07-22T13:24:01,700.0,31.7,B
2021-07-22T13:24:01,600.0,31.7,B
2021-07-22T13:20:31,300.0,31.7,B
2021-07-22T13:19:57,100.0,31.7,B
2021-07-22T13:17:44,100.0,31.7,B
2021-07-22T13:17:00,100.0,31.7,B
2021-07-22T13:10:12,100.0,31.7,B
2021-07-22T13:10:12,200.0,31.7,B
2021-07-22T13:08:53,500.0,31.5,S
2021-07-22T13:05:21,400.0,31.5,S
2021-07-22T13:05:14,200.0,31.5,B
2021-07-22T13:03:40,100.0,31.5,B
2021-07-22T13:02:44,100.0,31.5,B
2021-07-22T13:02:23,100.0,31.5,B
2021-07-22T13:01:51,100.0,31.4,S
2021-07-22T13:00:09,100.0,31.4,S
2021-07-22T13:00:04,1000.0,31.5,B
2021-07-22T11:25:53,1000.0,31.4,S
2021-07-22T11:23:21,500.0,31.5,B
2021-07-22T11:22:52,1000.0,31.5,S
2021-07-22T11:21:54,1500.0,31.5,S
2021-07-22T11:20:17,1100.0,31.5,S
2021-07-22T11:20:00,100.0,31.55,S
2021-07-22T11:19:48,100.0,31.6,B
2021-07-22T11:19:34,100.0,31.6,S
2021-07-22T11:19:34,800.0,31.6,S
2021-07-22T11:19:20,500.0,31.7,S
2021-07-22T11:18:30,1000.0,31.7,S
2021-07-22T11:18:03,100.0,31.7,S
2021-07-22T11:16:35,200.0,31.7,S
2021-07-22T11:16:06,400.0,31.7,S
2021-07-22T11:14:27,1000.0,31.75,B
2021-07-22T11:13:12,500.0,31.7,S
2021-07-22T11:12:30,200.0,31.7,S
2021-07-22T11:12:24,200.0,31.7,B
2021-07-22T11:12:05,300.0,31.7,B
2021-07-22T11:10:43,500.0,31.7,B
2021-07-22T11:10:07,300.0,31.7,B
2021-07-22T11:03:32,3800.0,31.6,B
2021-07-22T11:03:30,1000.0,31.6,B
2021-07-22T11:02:49,200.0,31.6,B
2021-07-22T11:02:02,500.0,31.55,B
2021-07-22T11:01:48,100.0,31.55,B
2021-07-22T10:58:49,100.0,31.55,B
2021-07-22T10:57:14,400.0,31.55,B
2021-07-22T10:57:04,200.0,31.55,B
2021-07-22T10:56:05,7600.0,31.55,B
2021-07-22T10:56:05,4300.0,31.5,S
2021-07-22T10:54:55,2000.0,31.5,S
2021-07-22T10:53:35,100.0,31.55,B
2021-07-22T10:52:44,3000.0,31.55,S
2021-07-22T10:52:44,1000.0,31.55,S
2021-07-22T10:52:44,1200.0,31.65,S
2021-07-22T10:52:44,800.0,31.65,S
2021-07-22T10:51:26,100.0,31.7,S
2021-07-22T10:51:11,100.0,31.7,B
2021-07-22T10:50:57,600.0,31.7,B
2021-07-22T10:50:51,200.0,31.7,B
2021-07-22T10:49:12,3000.0,31.65,S
2021-07-22T10:45:10,500.0,31.65,S
2021-07-22T10:44:35,1000.0,31.75,S
2021-07-22T10:42:32,500.0,31.7,S
2021-07-22T10:41:49,500.0,31.75,B
2021-07-22T10:41:40,2000.0,31.7,S
2021-07-22T10:41:20,100.0,31.7,S
2021-07-22T10:40:31,100.0,31.7,S
2021-07-22T10:39:31,100.0,31.7,S
2021-07-22T10:38:47,200.0,31.7,S
2021-07-22T10:36:21,1300.0,31.75,B
2021-07-22T10:34:46,500.0,31.75,S
2021-07-22T10:34:33,100.0,31.75,S
2021-07-22T10:33:56,100.0,31.75,S
2021-07-22T10:33:36,100.0,31.75,B
2021-07-22T10:33:23,100.0,31.75,B
2021-07-22T10:31:49,100.0,31.7,S
2021-07-22T10:31:40,100.0,31.75,S
2021-07-22T10:31:02,1400.0,31.8,B
2021-07-22T10:31:02,2600.0,31.8,B
2021-07-22T10:30:05,500.0,31.75,S
2021-07-22T10:29:59,200.0,31.8,B
2021-07-22T10:28:59,100.0,31.8,B
2021-07-22T10:28:51,100.0,31.75,S
2021-07-22T10:27:04,100.0,31.75,S
2021-07-22T10:26:05,100.0,31.75,S
2021-07-22T10:23:58,400.0,31.75,S
2021-07-22T10:23:17,400.0,31.75,S
2021-07-22T10:22:56,300.0,31.75,S
2021-07-22T10:22:52,100.0,31.75,S
2021-07-22T10:22:05,200.0,31.75,S
2021-07-22T10:21:52,600.0,31.8,B
2021-07-22T10:21:52,300.0,31.8,B
2021-07-22T10:21:24,3700.0,31.8,B
2021-07-22T10:20:11,300.0,31.8,S
2021-07-22T10:20:11,6900.0,31.8,S
2021-07-22T10:19:47,100.0,31.8,S
2021-07-22T10:19:20,200.0,31.8,S
2021-07-22T10:18:57,500.0,31.8,S
2021-07-22T10:18:52,1000.0,31.85,S
2021-07-22T10:17:50,1500.0,31.9,B
2021-07-22T10:17:39,200.0,31.9,S
2021-07-22T10:16:50,1300.0,31.9,S
2021-07-22T10:16:50,3700.0,31.9,S
2021-07-22T10:16:18,1300.0,31.9,S
2021-07-22T10:16:14,5000.0,31.9,B
2021-07-22T10:14:30,900.0,31.85,S
2021-07-22T10:14:05,100.0,31.85,B
2021-07-22T10:13:41,100.0,31.85,B
2021-07-22T10:12:56,2000.0,31.85,B
2021-07-22T10:12:11,100.0,31.8,B
2021-07-22T10:12:09,100.0,31.8,B
2021-07-22T10:11:16,1000.0,31.8,S
2021-07-22T10:10:20,100.0,31.8,S
2021-07-22T10:09:52,100.0,31.8,S
2021-07-22T10:09:46,500.0,31.8,S
2021-07-22T10:09:45,900.0,31.8,B
2021-07-22T10:09:28,3400.0,31.8,B
2021-07-22T10:09:11,1000.0,31.8,B
2021-07-22T10:09:06,1000.0,31.8,B
2021-07-22T10:09:02,500.0,31.75,S
2021-07-22T10:07:47,100.0,31.75,B
2021-07-22T10:07:26,700.0,31.7,S
2021-07-22T10:07:26,2500.0,31.7,B
2021-07-22T10:07:26,1400.0,31.7,B
2021-07-22T10:06:46,500.0,31.7,B
2021-07-22T10:01:35,1000.0,31.7,B
2021-07-22T09:59:02,100.0,31.65,B
2021-07-22T09:59:02,100.0,31.65,B
2021-07-22T09:57:55,100.0,31.6,B
2021-07-22T09:57:07,600.0,31.6,B
2021-07-22T09:57:02,100.0,31.55,B
2021-07-22T09:56:43,100.0,31.55,B
2021-07-22T09:56:06,200.0,31.55,S
2021-07-22T09:55:52,100.0,31.55,B
2021-07-22T09:54:55,200.0,31.55,S
2021-07-22T09:54:02,100.0,31.55,S
2021-07-22T09:53:29,200.0,31.6,S
2021-07-22T09:53:29,100.0,31.6,S
2021-07-22T09:52:57,300.0,31.6,S
2021-07-22T09:52:30,200.0,31.6,S
2021-07-22T09:51:44,2000.0,31.6,S
2021-07-22T09:50:47,100.0,31.6,S
2021-07-22T09:49:33,100.0,31.6,S
2021-07-22T09:48:57,100.0,31.6,S
2021-07-22T09:48:54,400.0,31.6,S
2021-07-22T09:48:41,1800.0,31.6,S
2021-07-22T09:48:26,100.0,31.6,S
2021-07-22T09:48:04,500.0,31.6,S
2021-07-22T09:47:14,200.0,31.7,B
2021-07-22T09:47:00,200.0,31.7,S
2021-07-22T09:46:46,500.0,31.8,B
2021-07-22T09:46:46,200.0,31.7,S
2021-07-22T09:46:35,5000.0,31.8,B
2021-07-22T09:46:19,200.0,31.8,S
2021-07-22T09:45:40,1100.0,31.8,S
2021-07-22T09:44:30,1400.0,31.9,B
2021-07-22T09:44:27,5000.0,32.0,B
2021-07-22T09:44:20,600.0,31.85,B
2021-07-22T09:43:46,200.0,31.9,S
2021-07-22T09:43:36,1200.0,31.9,S
2021-07-22T09:43:28,1000.0,31.9,S
2021-07-22T09:43:14,100.0,31.9,S
2021-07-22T09:43:09,300.0,31.9,B
2021-07-22T09:43:07,400.0,31.9,S
2021-07-22T09:43:03,700.0,32.0,B
2021-07-22T09:42:41,900.0,31.9,B
2021-07-22T09:42:30,300.0,31.8,B
2021-07-22T09:42:13,100.0,31.7,S
2021-07-22T09:41:27,400.0,31.7,B
2021-07-22T09:40:42,100.0,31.6,B
2021-07-22T09:40:33,200.0,31.6,B
2021-07-22T09:39:45,200.0,31.5,B
2021-07-22T09:39:44,9400.0,31.5,B
2021-07-22T09:37:39,400.0,31.4,B
2021-07-22T09:36:25,3000.0,31.4,B
2021-07-22T09:31:50,1000.0,31.1,S
2021-07-22T09:31:38,2000.0,31.5,B
2021-07-22T09:31:36,1000.0,31.1,B
2021-07-22T09:31:06,4700.0,31.0,B
2021-07-22T09:31:01,100.0,31.0,B
2021-07-22T09:31:00,100.0,31.0,B
2021-07-22T09:30:46,400.0,31.0,B
2021-07-22T09:30:36,100.0,31.0,B
2021-07-22T09:30:14,100.0,31.0,B
2021-07-22T09:30:05,100.0,31.0,B
2021-07-22T09:29:58,1000.0,31.0,B
2021-07-22T09:29:57,1200.0,31.0,B
2021-07-22T09:29:34,700.0,31.0,B
2021-07-22T09:28:39,1200.0,30.9,B
2021-07-22T09:28:25,2700.0,30.9,B
2021-07-22T09:28:07,5000.0,30.9,B
2021-07-22T09:27:41,500.0,30.9,S
2021-07-22T09:27:35,2000.0,30.95,S
2021-07-22T09:26:14,400.0,30.9,B
2021-07-22T09:25:55,2700.0,30.8,B
2021-07-22T09:25:38,100.0,30.65,B
2021-07-22T09:25:06,100.0,30.65,B
2021-07-22T09:24:58,200.0,30.6,S
2021-07-22T09:24:58,100.0,30.6,S
2021-07-22T09:24:58,300.0,30.6,S
2021-07-22T09:24:53,100.0,30.65,B
2021-07-22T09:23:23,500.0,30.6,B
2021-07-22T09:22:22,200.0,30.55,S
2021-07-22T09:19:33,1700.0,30.5,S
2021-07-22T09:18:43,1000.0,30.5,S
2021-07-22T09:17:25,1000.0,30.5,S
