tradingTime,volume,price,side
2021-07-22T13:52:12,600.0,106.2,B
2021-07-22T13:52:07,600.0,106.2,B
2021-07-22T13:52:00,600.0,106.2,B
2021-07-22T13:51:54,600.0,106.2,B
2021-07-22T13:51:42,200.0,106.1,S
2021-07-22T13:51:35,600.0,106.1,S
2021-07-22T13:51:32,100.0,106.2,B
2021-07-22T13:51:32,100.0,106.1,S
2021-07-22T13:51:29,200.0,106.2,B
2021-07-22T13:51:24,600.0,106.2,B
2021-07-22T13:51:19,600.0,106.2,B
2021-07-22T13:51:14,1800.0,106.2,B
2021-07-22T13:51:08,600.0,106.2,B
2021-07-22T13:50:56,500.0,106.2,B
2021-07-22T13:50:51,300.0,106.1,S
2021-07-22T13:50:43,1000.0,106.1,S
2021-07-22T13:50:43,500.0,106.1,S
2021-07-22T13:50:43,500.0,106.1,S
2021-07-22T13:50:18,100.0,106.1,S
2021-07-22T13:50:14,200.0,106.2,B
2021-07-22T13:50:09,600.0,106.2,B
2021-07-22T13:50:05,600.0,106.2,B
2021-07-22T13:50:00,800.0,106.1,S
2021-07-22T13:50:00,1200.0,106.1,S
2021-07-22T13:49:59,600.0,106.2,B
2021-07-22T13:49:54,600.0,106.2,B
2021-07-22T13:49:50,1000.0,106.1,S
2021-07-22T13:49:36,300.0,106.1,S
2021-07-22T13:49:34,100.0,106.1,S
2021-07-22T13:49:28,500.0,106.1,S
2021-07-22T13:49:28,100.0,106.1,S
2021-07-22T13:49:27,400.0,106.1,S
2021-07-22T13:49:04,100.0,106.1,S
2021-07-22T13:48:28,100.0,106.1,S
2021-07-22T13:48:27,2000.0,106.2,B
2021-07-22T13:48:26,100.0,106.2,B
2021-07-22T13:48:20,100.0,106.2,B
2021-07-22T13:48:18,1100.0,106.2,B
2021-07-22T13:48:15,500.0,106.2,B
2021-07-22T13:48:08,500.0,106.2,B
2021-07-22T13:48:03,500.0,106.2,B
2021-07-22T13:47:57,500.0,106.2,B
2021-07-22T13:47:52,500.0,106.2,B
2021-07-22T13:47:49,100.0,106.1,S
2021-07-22T13:47:32,200.0,106.1,S
2021-07-22T13:47:15,600.0,106.1,S
2021-07-22T13:47:15,500.0,106.1,S
2021-07-22T13:46:35,100.0,106.1,S
2021-07-22T13:45:52,200.0,106.1,S
2021-07-22T13:45:52,100.0,106.1,S
2021-07-22T13:45:49,200.0,106.1,S
2021-07-22T13:45:35,500.0,106.1,S
2021-07-22T13:45:29,100.0,106.1,S
2021-07-22T13:45:25,300.0,106.1,S
2021-07-22T13:45:20,100.0,106.1,S
2021-07-22T13:44:47,200.0,106.1,S
2021-07-22T13:44:08,1000.0,106.1,S
2021-07-22T13:44:06,100.0,106.1,S
2021-07-22T13:43:50,2500.0,106.1,B
2021-07-22T13:43:48,100.0,106.1,B
2021-07-22T13:43:37,900.0,106.1,S
2021-07-22T13:43:35,500.0,106.1,S
2021-07-22T13:43:33,100.0,106.1,S
2021-07-22T13:43:20,200.0,106.1,S
2021-07-22T13:43:16,600.0,106.1,S
2021-07-22T13:42:50,100.0,106.1,S
2021-07-22T13:42:43,100.0,106.2,B
2021-07-22T13:42:30,1000.0,106.2,B
2021-07-22T13:42:14,100.0,106.1,S
2021-07-22T13:41:59,5000.0,106.1,S
2021-07-22T13:41:52,300.0,106.2,B
2021-07-22T13:41:43,900.0,106.1,S
2021-07-22T13:41:42,1100.0,106.1,B
2021-07-22T13:41:37,100.0,106.0,S
2021-07-22T13:41:32,100.0,106.1,B
2021-07-22T13:41:16,200.0,106.1,B
2021-07-22T13:41:16,1800.0,106.1,B
2021-07-22T13:41:16,300.0,106.1,B
2021-07-22T13:41:16,3700.0,106.1,B
2021-07-22T13:41:15,300.0,106.0,S
2021-07-22T13:41:07,100.0,106.1,B
2021-07-22T13:41:05,2900.0,106.0,S
2021-07-22T13:41:05,300.0,106.0,S
2021-07-22T13:41:05,1200.0,106.0,S
2021-07-22T13:41:05,600.0,106.0,S
2021-07-22T13:40:59,1000.0,106.0,S
2021-07-22T13:40:58,1100.0,106.1,B
2021-07-22T13:40:58,600.0,106.0,S
2021-07-22T13:40:08,100.0,106.1,B
2021-07-22T13:40:01,200.0,106.1,B
2021-07-22T13:39:38,500.0,106.1,B
2021-07-22T13:39:29,1000.0,106.1,B
2021-07-22T13:39:29,1200.0,106.1,B
2021-07-22T13:39:29,500.0,106.1,B
2021-07-22T13:39:21,700.0,106.1,B
2021-07-22T13:39:13,500.0,106.1,B
2021-07-22T13:39:11,200.0,106.0,S
2021-07-22T13:39:04,600.0,106.1,B
2021-07-22T13:38:42,100.0,106.0,S
2021-07-22T13:38:42,400.0,106.1,B
2021-07-22T13:38:41,600.0,106.1,B
2021-07-22T13:38:39,600.0,106.1,B
2021-07-22T13:38:37,600.0,106.1,B
2021-07-22T13:38:26,600.0,106.1,B
2021-07-22T13:38:22,900.0,106.0,B
2021-07-22T13:38:22,100.0,106.0,B
2021-07-22T13:38:19,100.0,106.0,B
2021-07-22T13:38:18,500.0,106.0,B
2021-07-22T13:38:16,500.0,106.0,B
2021-07-22T13:38:09,500.0,106.0,B
2021-07-22T13:38:09,100.0,106.0,B
2021-07-22T13:38:08,3900.0,106.0,B
2021-07-22T13:38:01,1200.0,106.0,B
2021-07-22T13:37:55,200.0,106.0,B
2021-07-22T13:37:45,500.0,106.0,B
2021-07-22T13:37:27,1200.0,106.0,B
2021-07-22T13:37:26,400.0,106.0,B
2021-07-22T13:37:14,700.0,106.0,B
2021-07-22T13:37:06,300.0,105.9,S
2021-07-22T13:36:50,500.0,106.0,B
2021-07-22T13:36:48,2000.0,106.0,B
2021-07-22T13:36:48,200.0,106.0,B
2021-07-22T13:36:48,1200.0,106.0,B
2021-07-22T13:36:47,500.0,106.0,B
2021-07-22T13:36:47,1000.0,106.0,B
2021-07-22T13:36:47,1800.0,106.0,B
2021-07-22T13:36:34,200.0,106.0,B
2021-07-22T13:36:34,300.0,106.0,B
2021-07-22T13:36:33,1100.0,106.0,B
2021-07-22T13:36:32,100.0,106.0,B
2021-07-22T13:36:32,400.0,106.0,B
2021-07-22T13:36:32,100.0,106.0,B
2021-07-22T13:36:25,500.0,106.0,B
2021-07-22T13:36:23,800.0,106.0,B
2021-07-22T13:36:19,100.0,106.0,B
2021-07-22T13:36:16,1000.0,106.0,B
2021-07-22T13:36:10,600.0,106.0,B
2021-07-22T13:36:10,300.0,106.0,B
2021-07-22T13:36:09,500.0,106.0,B
2021-07-22T13:36:07,500.0,106.0,B
2021-07-22T13:36:05,700.0,106.0,B
2021-07-22T13:36:04,500.0,106.0,B
2021-07-22T13:36:03,2000.0,106.0,B
2021-07-22T13:36:03,1000.0,106.0,B
2021-07-22T13:36:01,200.0,106.0,B
2021-07-22T13:36:00,100.0,106.0,B
2021-07-22T13:35:58,700.0,106.0,B
2021-07-22T13:35:54,700.0,106.0,B
2021-07-22T13:35:54,800.0,106.0,B
2021-07-22T13:35:53,2000.0,106.0,B
2021-07-22T13:35:50,400.0,106.0,B
2021-07-22T13:35:50,400.0,106.0,B
2021-07-22T13:35:50,200.0,106.0,B
2021-07-22T13:35:50,2900.0,106.0,B
2021-07-22T13:35:46,800.0,106.0,B
2021-07-22T13:35:43,700.0,106.0,B
2021-07-22T13:35:37,700.0,106.0,B
2021-07-22T13:35:36,2400.0,106.0,B
2021-07-22T13:35:35,500.0,106.0,B
2021-07-22T13:35:31,700.0,106.0,B
2021-07-22T13:35:20,700.0,106.0,B
2021-07-22T13:35:15,600.0,106.0,B
2021-07-22T13:35:12,1000.0,106.0,B
2021-07-22T13:35:05,500.0,106.0,B
2021-07-22T13:35:00,200.0,105.9,S
2021-07-22T13:34:55,1000.0,106.0,B
2021-07-22T13:34:52,100.0,106.0,B
2021-07-22T13:34:23,100.0,106.0,B
2021-07-22T13:34:15,2000.0,106.0,B
2021-07-22T13:34:00,3700.0,105.9,S
2021-07-22T13:33:25,100.0,105.9,S
2021-07-22T13:32:55,300.0,105.9,S
2021-07-22T13:32:43,100.0,105.9,S
2021-07-22T13:32:43,100.0,106.0,B
2021-07-22T13:32:27,200.0,106.0,B
2021-07-22T13:32:13,2000.0,106.0,B
2021-07-22T13:32:13,500.0,106.0,B
2021-07-22T13:31:30,600.0,105.9,S
2021-07-22T13:31:08,100.0,105.9,S
2021-07-22T13:31:08,200.0,105.9,S
2021-07-22T13:31:05,500.0,106.0,B
2021-07-22T13:30:50,200.0,105.9,S
2021-07-22T13:30:40,100.0,106.0,B
2021-07-22T13:30:40,1100.0,106.0,B
2021-07-22T13:30:37,300.0,106.0,B
2021-07-22T13:30:32,600.0,106.0,B
2021-07-22T13:30:12,1000.0,106.0,B
2021-07-22T13:30:07,200.0,106.0,B
2021-07-22T13:29:59,500.0,106.0,B
2021-07-22T13:29:29,2000.0,106.0,B
2021-07-22T13:29:29,100.0,105.9,S
2021-07-22T13:29:12,1200.0,106.0,B
2021-07-22T13:29:03,2000.0,106.0,B
2021-07-22T13:28:50,100.0,105.9,S
2021-07-22T13:28:45,300.0,105.9,S
2021-07-22T13:27:57,500.0,105.9,S
2021-07-22T13:27:41,100.0,105.9,S
2021-07-22T13:27:12,500.0,105.9,S
2021-07-22T13:26:47,200.0,106.0,B
2021-07-22T13:26:40,200.0,105.9,S
2021-07-22T13:26:34,100.0,106.0,B
2021-07-22T13:26:32,800.0,106.0,B
2021-07-22T13:26:32,2200.0,106.0,B
2021-07-22T13:26:30,500.0,106.0,B
2021-07-22T13:26:30,900.0,106.0,B
2021-07-22T13:26:30,300.0,106.0,B
2021-07-22T13:26:30,1300.0,106.0,B
2021-07-22T13:26:27,1400.0,106.0,B
2021-07-22T13:26:19,700.0,106.0,B
2021-07-22T13:26:17,800.0,105.9,S
2021-07-22T13:26:17,1000.0,106.0,B
2021-07-22T13:26:16,1200.0,106.0,B
2021-07-22T13:26:07,900.0,106.0,B
2021-07-22T13:26:05,500.0,106.0,B
2021-07-22T13:26:01,700.0,106.0,B
2021-07-22T13:25:55,1300.0,106.0,B
2021-07-22T13:25:52,700.0,106.0,B
2021-07-22T13:25:48,1000.0,106.0,B
2021-07-22T13:25:45,100.0,106.0,B
2021-07-22T13:25:45,600.0,106.0,B
2021-07-22T13:25:43,1300.0,106.0,B
2021-07-22T13:25:42,100.0,106.0,B
2021-07-22T13:25:39,400.0,106.0,B
2021-07-22T13:25:35,600.0,105.9,S
2021-07-22T13:25:35,500.0,106.0,B
2021-07-22T13:25:28,300.0,106.0,B
2021-07-22T13:25:28,400.0,106.0,B
2021-07-22T13:25:20,1300.0,106.0,B
2021-07-22T13:25:06,1300.0,106.0,B
2021-07-22T13:24:55,1100.0,106.0,B
2021-07-22T13:24:45,1100.0,106.0,B
2021-07-22T13:24:43,300.0,105.9,S
2021-07-22T13:24:38,500.0,106.0,B
2021-07-22T13:24:31,500.0,106.0,B
2021-07-22T13:24:27,600.0,106.0,B
2021-07-22T13:24:24,100.0,105.9,S
2021-07-22T13:24:22,500.0,106.0,B
2021-07-22T13:24:15,600.0,106.0,B
2021-07-22T13:24:14,500.0,106.0,B
2021-07-22T13:24:09,1000.0,105.9,B
2021-07-22T13:24:08,800.0,105.9,B
2021-07-22T13:24:08,3900.0,105.9,B
2021-07-22T13:24:05,200.0,105.9,B
2021-07-22T13:23:56,400.0,105.9,B
2021-07-22T13:23:50,1100.0,105.9,B
2021-07-22T13:23:47,600.0,105.9,B
2021-07-22T13:23:42,600.0,105.9,B
2021-07-22T13:23:09,100.0,105.8,S
2021-07-22T13:22:30,200.0,105.8,S
2021-07-22T13:21:57,100.0,105.8,S
2021-07-22T13:20:48,100.0,105.8,S
2021-07-22T13:20:36,900.0,105.8,B
2021-07-22T13:20:26,300.0,105.7,S
2021-07-22T13:20:23,1200.0,105.8,B
2021-07-22T13:19:59,200.0,105.8,B
2021-07-22T13:19:43,1100.0,105.8,B
2021-07-22T13:19:42,100.0,105.8,B
2021-07-22T13:19:41,100.0,105.7,S
2021-07-22T13:18:31,100.0,105.7,S
2021-07-22T13:18:19,200.0,105.7,S
2021-07-22T13:18:12,600.0,105.8,S
2021-07-22T13:18:12,900.0,105.8,S
2021-07-22T13:17:53,300.0,105.8,S
2021-07-22T13:17:53,300.0,105.8,S
2021-07-22T13:17:39,100.0,105.9,B
2021-07-22T13:17:22,100.0,105.8,S
2021-07-22T13:17:09,300.0,105.8,S
2021-07-22T13:16:55,300.0,105.8,B
2021-07-22T13:16:26,100.0,105.7,S
2021-07-22T13:16:17,900.0,105.8,S
2021-07-22T13:16:14,300.0,105.8,S
2021-07-22T13:16:13,100.0,105.8,S
2021-07-22T13:16:07,100.0,105.8,S
2021-07-22T13:15:59,500.0,105.8,S
2021-07-22T13:15:52,400.0,105.8,S
2021-07-22T13:15:52,400.0,105.8,S
2021-07-22T13:15:52,4200.0,105.8,S
2021-07-22T13:15:52,2500.0,105.8,S
2021-07-22T13:15:14,600.0,105.9,S
2021-07-22T13:15:04,100.0,105.9,S
2021-07-22T13:15:01,500.0,105.9,S
2021-07-22T13:15:01,700.0,105.9,S
2021-07-22T13:14:56,900.0,105.9,S
2021-07-22T13:14:42,300.0,105.9,S
2021-07-22T13:14:35,300.0,105.9,S
2021-07-22T13:14:29,100.0,105.9,S
2021-07-22T13:14:29,1400.0,105.9,S
2021-07-22T13:14:19,200.0,105.9,S
2021-07-22T13:14:18,1900.0,105.9,S
2021-07-22T13:14:11,2000.0,105.9,S
2021-07-22T13:14:10,400.0,105.9,S
2021-07-22T13:14:10,1700.0,105.9,S
2021-07-22T13:14:10,100.0,105.9,S
2021-07-22T13:14:09,200.0,105.9,S
2021-07-22T13:14:06,100.0,106.0,B
2021-07-22T13:14:00,1100.0,105.9,S
2021-07-22T13:13:50,100.0,106.0,B
2021-07-22T13:13:02,1200.0,106.0,B
2021-07-22T13:12:55,1800.0,106.0,S
2021-07-22T13:12:48,100.0,106.0,S
2021-07-22T13:12:31,100.0,106.0,S
2021-07-22T13:12:14,1500.0,106.0,B
2021-07-22T13:12:03,300.0,105.9,S
2021-07-22T13:11:57,400.0,106.0,B
2021-07-22T13:11:57,600.0,106.0,B
2021-07-22T13:11:47,1100.0,106.0,B
2021-07-22T13:11:35,1200.0,106.0,B
2021-07-22T13:11:20,100.0,106.0,B
2021-07-22T13:11:06,200.0,106.0,B
2021-07-22T13:11:04,1100.0,105.9,S
2021-07-22T13:10:47,300.0,106.0,B
2021-07-22T13:10:47,1200.0,106.0,B
2021-07-22T13:10:45,200.0,106.0,S
2021-07-22T13:10:45,1800.0,106.0,S
2021-07-22T13:10:45,4300.0,106.0,S
2021-07-22T13:10:45,900.0,106.0,S
2021-07-22T13:10:29,200.0,106.0,S
2021-07-22T13:10:29,100.0,106.0,S
2021-07-22T13:10:07,500.0,106.0,S
2021-07-22T13:10:00,200.0,106.0,S
2021-07-22T13:09:20,100.0,106.0,S
2021-07-22T13:09:17,1000.0,106.0,S
2021-07-22T13:09:03,100.0,106.0,S
2021-07-22T13:08:25,1000.0,106.0,S
2021-07-22T13:08:13,100.0,106.0,S
2021-07-22T13:07:54,300.0,106.0,S
2021-07-22T13:07:39,1000.0,106.0,S
2021-07-22T13:07:04,900.0,106.0,S
2021-07-22T13:07:04,300.0,106.0,S
2021-07-22T13:07:04,1800.0,106.0,S
2021-07-22T13:06:53,100.0,106.1,B
2021-07-22T13:06:52,500.0,106.1,B
2021-07-22T13:06:30,100.0,106.1,B
2021-07-22T13:05:54,100.0,106.0,S
2021-07-22T13:05:49,200.0,106.0,S
2021-07-22T13:05:45,200.0,106.1,B
2021-07-22T13:05:43,1100.0,106.1,B
2021-07-22T13:05:38,200.0,106.1,B
2021-07-22T13:05:00,100.0,106.1,B
2021-07-22T13:04:58,500.0,106.1,B
2021-07-22T13:04:45,100.0,106.0,S
2021-07-22T13:04:34,100.0,106.0,S
2021-07-22T13:04:31,200.0,106.0,B
2021-07-22T13:04:30,10000.0,106.0,B
2021-07-22T13:04:17,100.0,105.9,S
2021-07-22T13:04:17,200.0,106.0,B
2021-07-22T13:04:16,1200.0,106.0,B
2021-07-22T13:04:15,300.0,106.0,B
2021-07-22T13:04:15,900.0,106.0,B
2021-07-22T13:04:12,400.0,106.0,B
2021-07-22T13:04:10,2000.0,106.0,B
2021-07-22T13:04:00,500.0,105.9,S
2021-07-22T13:03:59,200.0,106.0,B
2021-07-22T13:03:59,1000.0,106.0,B
2021-07-22T13:03:44,300.0,105.9,S
2021-07-22T13:03:34,100.0,106.0,B
2021-07-22T13:03:24,200.0,106.0,B
2021-07-22T13:03:22,700.0,105.9,S
2021-07-22T13:03:22,300.0,105.9,S
2021-07-22T13:03:07,1300.0,105.9,S
2021-07-22T13:03:07,700.0,105.9,S
2021-07-22T13:03:05,100.0,106.0,B
2021-07-22T13:03:04,500.0,106.0,B
2021-07-22T13:02:49,200.0,106.0,B
2021-07-22T13:02:47,1200.0,106.0,B
2021-07-22T13:02:19,400.0,106.0,B
2021-07-22T13:02:17,200.0,106.0,B
2021-07-22T13:02:15,2000.0,106.0,B
2021-07-22T13:02:15,100.0,106.0,B
2021-07-22T13:02:12,600.0,106.0,S
2021-07-22T13:02:11,1200.0,106.0,B
2021-07-22T13:02:08,100.0,106.0,B
2021-07-22T13:02:05,100.0,106.0,B
2021-07-22T13:02:03,1400.0,106.0,S
2021-07-22T13:02:03,300.0,106.0,S
2021-07-22T13:02:03,600.0,106.0,S
2021-07-22T13:02:03,100.0,106.0,S
2021-07-22T13:02:03,1100.0,106.0,S
2021-07-22T13:02:03,5100.0,106.0,S
2021-07-22T13:02:01,100.0,106.2,B
2021-07-22T13:02:01,400.0,106.2,B
2021-07-22T13:01:55,600.0,106.2,B
2021-07-22T13:01:54,100.0,106.2,B
2021-07-22T13:01:53,600.0,106.2,B
2021-07-22T13:01:50,500.0,106.2,B
2021-07-22T13:01:49,200.0,106.0,S
2021-07-22T13:01:48,200.0,106.2,B
2021-07-22T13:01:45,100.0,106.0,S
2021-07-22T13:01:45,1900.0,106.0,S
2021-07-22T13:01:45,100.0,106.0,S
2021-07-22T13:01:45,100.0,106.1,S
2021-07-22T13:01:45,400.0,106.1,S
2021-07-22T13:01:45,1000.0,106.1,S
2021-07-22T13:01:45,1000.0,106.1,S
2021-07-22T13:01:45,15400.0,106.1,S
2021-07-22T13:01:42,500.0,106.2,B
2021-07-22T13:01:38,2200.0,106.2,B
2021-07-22T13:01:38,500.0,106.1,S
2021-07-22T13:01:38,400.0,106.2,B
2021-07-22T13:01:38,1100.0,106.2,B
2021-07-22T13:01:35,10000.0,106.2,B
2021-07-22T13:01:33,100.0,106.2,B
2021-07-22T13:01:32,2000.0,106.2,B
2021-07-22T13:01:29,500.0,106.2,B
2021-07-22T13:01:28,100.0,106.2,B
2021-07-22T13:01:28,600.0,106.2,B
2021-07-22T13:01:23,200.0,106.2,B
2021-07-22T13:01:20,500.0,106.2,B
2021-07-22T13:01:18,1200.0,106.2,B
2021-07-22T13:01:15,200.0,106.2,B
2021-07-22T13:01:14,100.0,106.2,B
2021-07-22T13:01:08,500.0,106.2,B
2021-07-22T13:01:02,300.0,106.1,S
2021-07-22T13:00:46,100.0,106.1,S
2021-07-22T13:00:36,500.0,106.1,S
2021-07-22T13:00:25,1500.0,106.1,S
2021-07-22T13:00:23,100.0,106.1,S
2021-07-22T13:00:20,700.0,106.1,S
2021-07-22T13:00:20,100.0,106.1,S
2021-07-22T13:00:20,400.0,106.2,B
2021-07-22T13:00:15,2000.0,106.2,B
2021-07-22T13:00:14,600.0,106.1,S
2021-07-22T13:00:13,300.0,106.1,S
2021-07-22T13:00:12,100.0,106.1,S
2021-07-22T13:00:12,100.0,106.1,S
2021-07-22T13:00:12,1000.0,106.1,S
2021-07-22T13:00:12,2000.0,106.1,S
2021-07-22T13:00:09,100.0,106.1,S
2021-07-22T13:00:09,300.0,106.2,B
2021-07-22T13:00:08,500.0,106.1,S
2021-07-22T13:00:08,5000.0,106.1,B
2021-07-22T13:00:08,1200.0,106.1,B
2021-07-22T13:00:08,10000.0,106.1,B
2021-07-22T13:00:08,17600.0,106.1,B
2021-07-22T13:00:08,100.0,106.0,S
2021-07-22T13:00:08,300.0,106.0,S
2021-07-22T13:00:08,3600.0,106.0,S
2021-07-22T13:00:08,200.0,106.0,S
2021-07-22T13:00:08,800.0,106.0,S
2021-07-22T13:00:08,1000.0,106.0,S
2021-07-22T13:00:08,100.0,106.0,S
2021-07-22T13:00:04,100.0,106.1,B
2021-07-22T13:00:04,500.0,106.0,S
2021-07-22T13:00:04,100.0,106.0,S
2021-07-22T11:29:56,500.0,106.0,S
2021-07-22T11:29:49,1000.0,106.0,S
2021-07-22T11:29:41,1000.0,106.0,S
2021-07-22T11:29:35,300.0,105.9,S
2021-07-22T11:29:35,10000.0,106.0,B
2021-07-22T11:29:21,200.0,106.0,B
2021-07-22T11:29:19,1000.0,106.0,B
2021-07-22T11:29:19,4800.0,106.0,S
2021-07-22T11:29:09,1700.0,106.0,B
2021-07-22T11:29:09,100.0,106.0,B
2021-07-22T11:29:09,1500.0,106.0,B
2021-07-22T11:29:09,100.0,106.0,B
2021-07-22T11:29:09,2100.0,106.0,B
2021-07-22T11:29:09,3000.0,106.0,B
2021-07-22T11:29:09,28500.0,106.0,B
2021-07-22T11:29:02,100.0,105.9,S
2021-07-22T11:28:35,100.0,105.9,S
2021-07-22T11:28:35,100.0,105.9,S
2021-07-22T11:28:34,300.0,105.9,S
2021-07-22T11:27:54,100.0,105.9,S
2021-07-22T11:27:48,3000.0,105.9,S
2021-07-22T11:27:30,200.0,105.9,S
2021-07-22T11:27:04,500.0,105.9,S
2021-07-22T11:27:04,100.0,105.9,S
2021-07-22T11:26:58,300.0,105.9,S
2021-07-22T11:26:44,100.0,105.9,S
2021-07-22T11:26:43,600.0,105.9,S
2021-07-22T11:25:34,100.0,105.9,S
2021-07-22T11:25:27,100.0,105.9,S
2021-07-22T11:25:25,300.0,105.9,S
2021-07-22T11:24:38,200.0,105.9,S
2021-07-22T11:24:27,100.0,105.9,S
2021-07-22T11:24:25,6100.0,105.9,S
2021-07-22T11:24:25,600.0,105.9,B
2021-07-22T11:24:02,200.0,105.9,B
2021-07-22T11:24:01,1000.0,105.9,B
2021-07-22T11:23:20,200.0,105.8,S
2021-07-22T11:23:13,200.0,105.9,B
2021-07-22T11:23:11,1000.0,105.9,B
2021-07-22T11:22:49,100.0,105.9,B
2021-07-22T11:22:48,500.0,105.9,B
2021-07-22T11:22:47,2000.0,105.9,S
2021-07-22T11:22:47,700.0,105.9,S
2021-07-22T11:22:22,1000.0,105.9,S
2021-07-22T11:22:21,100.0,105.9,S
2021-07-22T11:22:10,100.0,105.9,S
2021-07-22T11:21:44,3100.0,105.9,B
2021-07-22T11:21:43,200.0,105.8,S
2021-07-22T11:21:27,300.0,105.9,B
2021-07-22T11:21:27,100.0,105.9,B
2021-07-22T11:21:24,500.0,105.9,B
2021-07-22T11:21:24,2600.0,105.9,B
2021-07-22T11:21:15,200.0,105.8,S
2021-07-22T11:21:14,100.0,105.8,S
2021-07-22T11:21:11,1200.0,105.8,S
2021-07-22T11:21:11,500.0,105.8,S
2021-07-22T11:21:10,300.0,105.8,S
2021-07-22T11:21:00,100.0,105.8,S
2021-07-22T11:20:42,600.0,105.8,S
2021-07-22T11:20:38,100.0,105.9,B
2021-07-22T11:19:54,100.0,105.9,B
2021-07-22T11:19:52,100.0,105.8,S
2021-07-22T11:19:39,300.0,105.8,S
2021-07-22T11:19:38,600.0,105.8,S
2021-07-22T11:19:38,500.0,105.9,B
2021-07-22T11:19:35,100.0,105.9,B
2021-07-22T11:19:35,500.0,105.9,B
2021-07-22T11:19:28,900.0,105.8,B
2021-07-22T11:19:27,4100.0,105.8,S
2021-07-22T11:19:25,400.0,105.9,B
2021-07-22T11:19:24,2000.0,105.9,B
2021-07-22T11:19:23,100.0,105.8,S
2021-07-22T11:19:09,200.0,105.8,S
2021-07-22T11:18:39,200.0,105.9,B
2021-07-22T11:18:38,1300.0,105.9,B
2021-07-22T11:18:14,100.0,105.9,B
2021-07-22T11:18:07,200.0,105.9,B
2021-07-22T11:18:06,1100.0,105.9,B
2021-07-22T11:17:42,200.0,105.9,B
2021-07-22T11:17:41,1000.0,105.9,B
2021-07-22T11:17:39,200.0,105.9,B
2021-07-22T11:17:38,1000.0,105.9,B
2021-07-22T11:17:37,600.0,105.9,S
2021-07-22T11:17:37,2000.0,105.9,S
2021-07-22T11:17:37,2300.0,105.9,S
2021-07-22T11:17:10,100.0,106.0,B
2021-07-22T11:17:09,600.0,106.0,B
2021-07-22T11:17:07,3000.0,106.0,S
2021-07-22T11:17:05,3500.0,106.0,B
2021-07-22T11:17:04,26500.0,106.0,S
2021-07-22T11:17:04,300.0,106.0,S
2021-07-22T11:16:58,400.0,106.1,B
2021-07-22T11:16:57,1600.0,106.1,S
2021-07-22T11:16:57,300.0,106.1,S
2021-07-22T11:16:55,1000.0,106.1,S
2021-07-22T11:16:55,200.0,106.1,S
2021-07-22T11:16:55,4200.0,106.1,S
2021-07-22T11:16:51,200.0,106.1,S
2021-07-22T11:16:43,100.0,106.1,S
2021-07-22T11:16:43,500.0,106.1,S
2021-07-22T11:16:27,100.0,106.1,S
2021-07-22T11:16:18,100.0,106.2,B
2021-07-22T11:16:17,100.0,106.2,S
2021-07-22T11:16:17,400.0,106.2,S
2021-07-22T11:16:16,500.0,106.2,S
2021-07-22T11:16:14,700.0,106.2,S
2021-07-22T11:15:40,200.0,106.3,B
2021-07-22T11:15:40,1000.0,106.3,B
2021-07-22T11:15:39,100.0,106.3,B
2021-07-22T11:15:37,500.0,106.3,B
2021-07-22T11:15:20,200.0,106.3,B
2021-07-22T11:15:19,1100.0,106.3,B
2021-07-22T11:15:18,5200.0,106.3,S
2021-07-22T11:15:17,100.0,106.3,S
2021-07-22T11:15:08,100.0,106.3,S
2021-07-22T11:14:58,200.0,106.3,S
2021-07-22T11:14:29,200.0,106.4,B
2021-07-22T11:14:28,1100.0,106.4,B
2021-07-22T11:14:27,3300.0,106.4,B
2021-07-22T11:14:27,1900.0,106.4,B
2021-07-22T11:14:21,100.0,106.4,B
2021-07-22T11:14:21,100.0,106.4,B
2021-07-22T11:14:20,800.0,106.4,B
2021-07-22T11:14:19,3600.0,106.4,B
2021-07-22T11:14:19,400.0,106.4,B
2021-07-22T11:14:16,200.0,106.4,B
2021-07-22T11:14:15,1000.0,106.4,B
2021-07-22T11:14:08,100.0,106.3,S
2021-07-22T11:14:00,100.0,106.3,S
2021-07-22T11:13:58,100.0,106.4,B
2021-07-22T11:13:58,500.0,106.4,B
2021-07-22T11:13:46,400.0,106.4,B
2021-07-22T11:13:45,1100.0,106.4,B
2021-07-22T11:13:45,900.0,106.4,B
2021-07-22T11:13:43,200.0,106.4,B
2021-07-22T11:13:42,1200.0,106.4,B
2021-07-22T11:13:38,400.0,106.4,B
2021-07-22T11:13:37,200.0,106.4,B
2021-07-22T11:13:37,2000.0,106.4,B
2021-07-22T11:13:36,1100.0,106.4,B
2021-07-22T11:13:35,5000.0,106.4,B
2021-07-22T11:13:35,200.0,106.4,B
2021-07-22T11:13:34,1000.0,106.4,B
2021-07-22T11:13:30,200.0,106.4,B
2021-07-22T11:13:29,1000.0,106.4,B
2021-07-22T11:13:29,200.0,106.4,B
2021-07-22T11:13:27,1300.0,106.4,B
2021-07-22T11:13:14,100.0,106.4,B
2021-07-22T11:13:14,800.0,106.4,B
2021-07-22T11:13:10,4000.0,106.4,B
2021-07-22T11:13:10,100.0,106.3,S
2021-07-22T11:12:59,400.0,106.4,B
2021-07-22T11:12:59,1900.0,106.4,B
2021-07-22T11:12:59,100.0,106.3,S
2021-07-22T11:12:54,300.0,106.3,S
2021-07-22T11:12:50,100.0,106.3,S
2021-07-22T11:12:47,100.0,106.4,B
2021-07-22T11:12:41,100.0,106.3,S
2021-07-22T11:12:40,100.0,106.3,S
2021-07-22T11:12:40,200.0,106.3,S
2021-07-22T11:12:34,12400.0,106.3,B
2021-07-22T11:12:34,1200.0,106.3,B
2021-07-22T11:12:32,200.0,106.3,B
2021-07-22T11:12:31,1100.0,106.3,B
2021-07-22T11:12:30,100.0,106.3,B
2021-07-22T11:12:30,5000.0,106.3,B
2021-07-22T11:12:22,200.0,106.3,B
2021-07-22T11:12:21,1000.0,106.3,B
2021-07-22T11:12:16,100.0,106.2,S
2021-07-22T11:12:12,100.0,106.2,B
2021-07-22T11:12:12,900.0,106.2,B
2021-07-22T11:12:11,10000.0,106.2,B
2021-07-22T11:12:09,200.0,106.2,B
2021-07-22T11:12:08,1100.0,106.2,B
2021-07-22T11:12:07,5000.0,106.2,B
2021-07-22T11:11:59,200.0,106.2,B
2021-07-22T11:11:58,1000.0,106.2,B
2021-07-22T11:11:56,200.0,106.2,B
2021-07-22T11:11:54,1000.0,106.1,S
2021-07-22T11:11:48,100.0,106.1,S
2021-07-22T11:11:41,500.0,106.1,B
2021-07-22T11:11:39,100.0,106.1,B
2021-07-22T11:11:39,4100.0,106.1,B
2021-07-22T11:11:39,700.0,106.1,B
2021-07-22T11:11:39,1300.0,106.1,B
2021-07-22T11:11:39,21100.0,106.1,B
2021-07-22T11:11:39,2700.0,106.1,B
2021-07-22T11:11:27,100.0,106.1,B
2021-07-22T11:11:27,200.0,106.0,S
2021-07-22T11:11:26,500.0,106.1,B
2021-07-22T11:11:18,600.0,106.0,S
2021-07-22T11:11:06,500.0,106.0,B
2021-07-22T11:11:06,1700.0,106.0,B
2021-07-22T11:11:06,1200.0,106.0,B
2021-07-22T11:11:06,300.0,106.0,B
2021-07-22T11:11:06,700.0,106.0,B
2021-07-22T11:11:06,1000.0,106.0,B
2021-07-22T11:11:06,1200.0,106.0,B
2021-07-22T11:11:06,200.0,106.0,B
2021-07-22T11:11:06,500.0,106.0,B
2021-07-22T11:11:06,300.0,106.0,B
2021-07-22T11:11:06,200.0,106.0,B
2021-07-22T11:11:06,200.0,106.0,B
2021-07-22T11:11:06,1000.0,106.0,B
2021-07-22T11:11:06,500.0,106.0,B
2021-07-22T11:11:06,700.0,106.0,B
2021-07-22T11:11:06,2000.0,106.0,B
2021-07-22T11:11:06,1200.0,106.0,B
2021-07-22T11:11:06,5300.0,106.0,B
2021-07-22T11:11:06,1000.0,106.0,B
2021-07-22T11:11:06,15400.0,106.0,B
2021-07-22T11:11:04,600.0,105.9,S
2021-07-22T11:10:49,200.0,105.9,S
2021-07-22T11:10:26,200.0,106.0,B
2021-07-22T11:10:25,1100.0,106.0,B
2021-07-22T11:10:24,5000.0,106.0,B
2021-07-22T11:09:37,300.0,106.0,B
2021-07-22T11:09:35,1600.0,106.0,B
2021-07-22T11:09:33,100.0,105.9,S
2021-07-22T11:09:28,500.0,105.9,S
2021-07-22T11:09:22,2500.0,105.9,B
2021-07-22T11:09:22,200.0,105.9,B
2021-07-22T11:09:22,3000.0,105.9,B
2021-07-22T11:09:22,1400.0,105.9,B
2021-07-22T11:09:22,6500.0,105.9,B
2021-07-22T11:08:51,600.0,105.8,S
2021-07-22T11:08:47,1200.0,105.8,S
2021-07-22T11:08:46,100.0,105.9,B
2021-07-22T11:08:44,300.0,105.8,S
2021-07-22T11:08:32,100.0,105.9,B
2021-07-22T11:08:31,500.0,105.9,B
2021-07-22T11:08:31,100.0,105.8,S
2021-07-22T11:07:48,100.0,105.9,B
2021-07-22T11:07:48,500.0,105.9,B
2021-07-22T11:07:18,100.0,105.8,S
2021-07-22T11:07:15,100.0,105.8,S
2021-07-22T11:07:04,100.0,105.8,S
2021-07-22T11:06:39,200.0,105.8,S
2021-07-22T11:06:07,100.0,105.8,S
2021-07-22T11:06:06,100.0,105.8,S
2021-07-22T11:05:24,200.0,105.8,S
2021-07-22T11:05:12,400.0,105.9,B
2021-07-22T11:05:06,200.0,105.9,B
2021-07-22T11:05:04,1000.0,105.9,B
2021-07-22T11:04:46,300.0,105.9,B
2021-07-22T11:04:38,300.0,105.9,B
2021-07-22T11:04:33,300.0,105.8,S
2021-07-22T11:04:33,200.0,105.9,B
2021-07-22T11:03:17,100.0,105.9,B
2021-07-22T11:03:17,500.0,105.9,B
2021-07-22T11:02:47,400.0,105.9,B
2021-07-22T11:02:30,200.0,105.9,B
2021-07-22T11:02:28,200.0,105.8,S
2021-07-22T11:02:03,600.0,105.8,S
2021-07-22T11:01:45,200.0,105.8,B
2021-07-22T11:01:44,100.0,105.8,B
2021-07-22T11:01:44,400.0,105.8,B
2021-07-22T11:01:43,200.0,105.8,B
2021-07-22T11:01:42,1000.0,105.8,B
2021-07-22T11:01:24,200.0,105.8,B
2021-07-22T11:01:19,400.0,105.8,B
2021-07-22T11:01:18,2000.0,105.8,B
2021-07-22T11:01:09,100.0,105.8,B
2021-07-22T11:00:34,100.0,105.8,B
2021-07-22T11:00:24,300.0,105.7,S
2021-07-22T10:59:45,200.0,105.8,B
2021-07-22T10:59:44,200.0,105.8,S
2021-07-22T10:59:44,800.0,105.8,S
2021-07-22T10:59:20,1000.0,105.8,S
2021-07-22T10:59:13,100.0,105.8,S
2021-07-22T10:58:57,300.0,105.8,S
2021-07-22T10:58:56,100.0,105.9,B
2021-07-22T10:58:55,400.0,105.9,B
2021-07-22T10:58:55,500.0,105.9,B
2021-07-22T10:58:54,4300.0,105.9,B
2021-07-22T10:58:27,100.0,105.9,B
2021-07-22T10:58:18,200.0,105.8,S
2021-07-22T10:57:49,100.0,105.9,B
2021-07-22T10:57:47,600.0,105.9,B
2021-07-22T10:57:39,300.0,105.9,B
2021-07-22T10:57:38,1800.0,105.9,B
2021-07-22T10:57:35,300.0,105.8,S
2021-07-22T10:57:33,1100.0,105.9,B
2021-07-22T10:57:33,300.0,105.9,B
2021-07-22T10:57:33,500.0,105.9,B
2021-07-22T10:57:33,100.0,105.9,B
2021-07-22T10:57:33,600.0,105.9,B
2021-07-22T10:57:30,100.0,105.9,B
2021-07-22T10:57:22,700.0,105.9,B
2021-07-22T10:57:20,100.0,105.8,B
2021-07-22T10:57:19,500.0,105.8,B
2021-07-22T10:57:18,2600.0,105.8,B
2021-07-22T10:56:56,100.0,105.8,B
2021-07-22T10:56:50,100.0,105.8,B
2021-07-22T10:56:47,600.0,105.8,B
2021-07-22T10:56:44,700.0,105.8,B
2021-07-22T10:56:42,100.0,105.8,B
2021-07-22T10:56:37,100.0,105.8,B
2021-07-22T10:56:35,700.0,105.8,B
2021-07-22T10:56:33,100.0,105.8,B
2021-07-22T10:56:27,500.0,105.8,B
2021-07-22T10:56:22,100.0,105.8,B
2021-07-22T10:56:14,300.0,105.7,S
2021-07-22T10:56:03,100.0,105.8,B
2021-07-22T10:56:01,500.0,105.8,B
2021-07-22T10:55:53,200.0,105.8,B
2021-07-22T10:55:44,100.0,105.8,B
2021-07-22T10:55:38,300.0,105.8,S
2021-07-22T10:55:18,100.0,105.8,S
2021-07-22T10:55:04,200.0,105.9,B
2021-07-22T10:54:55,100.0,105.9,B
2021-07-22T10:54:55,600.0,105.9,B
2021-07-22T10:54:53,3000.0,105.9,B
2021-07-22T10:54:34,100.0,105.9,B
2021-07-22T10:54:24,100.0,105.9,B
2021-07-22T10:54:24,200.0,105.9,B
2021-07-22T10:54:16,200.0,105.9,B
2021-07-22T10:54:14,1000.0,105.9,B
2021-07-22T10:54:10,200.0,105.9,B
2021-07-22T10:54:09,800.0,105.9,B
2021-07-22T10:54:09,200.0,105.7,S
2021-07-22T10:54:08,4000.0,105.9,B
2021-07-22T10:53:04,200.0,105.9,B
2021-07-22T10:53:03,1000.0,105.9,B
2021-07-22T10:52:57,100.0,105.9,B
2021-07-22T10:52:53,100.0,105.9,B
2021-07-22T10:52:52,900.0,105.9,B
2021-07-22T10:52:44,400.0,105.9,B
2021-07-22T10:52:43,2100.0,105.9,B
2021-07-22T10:52:42,200.0,105.9,B
2021-07-22T10:52:41,1000.0,105.9,B
2021-07-22T10:52:35,300.0,105.9,B
2021-07-22T10:52:34,1800.0,105.9,B
2021-07-22T10:52:23,400.0,105.9,B
2021-07-22T10:52:23,1900.0,105.9,B
2021-07-22T10:52:17,400.0,105.9,B
2021-07-22T10:52:16,1300.0,105.9,B
2021-07-22T10:52:16,700.0,105.9,B
2021-07-22T10:52:14,3200.0,105.9,B
2021-07-22T10:52:14,200.0,105.9,B
2021-07-22T10:52:13,1000.0,105.9,B
2021-07-22T10:52:09,400.0,106.0,B
2021-07-22T10:52:08,300.0,106.0,B
2021-07-22T10:52:07,1900.0,106.0,B
2021-07-22T10:52:03,100.0,105.7,S
2021-07-22T10:52:02,300.0,105.7,S
2021-07-22T10:51:59,100.0,106.0,B
2021-07-22T10:51:57,700.0,106.0,B
2021-07-22T10:51:57,300.0,106.0,B
2021-07-22T10:51:57,3000.0,106.0,B
2021-07-22T10:51:56,1500.0,106.0,B
2021-07-22T10:51:53,100.0,106.0,B
2021-07-22T10:51:53,100.0,106.0,B
2021-07-22T10:51:52,400.0,106.0,B
2021-07-22T10:51:50,100.0,106.0,B
2021-07-22T10:51:49,500.0,106.0,B
2021-07-22T10:51:47,2400.0,106.0,B
2021-07-22T10:51:39,400.0,106.0,B
2021-07-22T10:51:39,1900.0,106.0,B
2021-07-22T10:51:33,300.0,106.0,B
2021-07-22T10:51:33,100.0,105.7,S
2021-07-22T10:51:32,1600.0,106.0,B
2021-07-22T10:51:31,500.0,106.0,B
2021-07-22T10:51:31,4500.0,106.0,B
2021-07-22T10:51:30,2600.0,106.0,B
2021-07-22T10:51:29,400.0,106.0,B
2021-07-22T10:51:28,2000.0,106.0,B
2021-07-22T10:51:20,300.0,106.0,B
2021-07-22T10:51:20,1700.0,106.0,B
2021-07-22T10:51:18,100.0,106.0,B
2021-07-22T10:51:17,700.0,106.0,B
2021-07-22T10:51:16,200.0,106.0,B
2021-07-22T10:51:16,3000.0,106.0,B
2021-07-22T10:51:14,1000.0,106.0,B
2021-07-22T10:51:14,400.0,106.0,B
2021-07-22T10:51:13,1900.0,106.0,B
2021-07-22T10:51:07,300.0,106.0,B
2021-07-22T10:51:06,1700.0,106.0,B
2021-07-22T10:51:05,5000.0,106.0,B
2021-07-22T10:51:05,1000.0,106.0,B
2021-07-22T10:51:05,2000.0,106.0,B
2021-07-22T10:51:04,100.0,105.9,B
2021-07-22T10:50:57,200.0,106.0,B
2021-07-22T10:50:56,1300.0,106.0,B
2021-07-22T10:50:53,100.0,106.0,B
2021-07-22T10:50:51,700.0,106.0,B
2021-07-22T10:50:43,3600.0,106.0,B
2021-07-22T10:50:38,200.0,106.0,B
2021-07-22T10:50:32,1300.0,106.0,B
2021-07-22T10:50:29,100.0,106.0,B
2021-07-22T10:50:29,200.0,106.0,B
2021-07-22T10:50:23,1200.0,106.0,B
2021-07-22T10:50:22,200.0,105.9,B
2021-07-22T10:50:21,1000.0,105.9,B
2021-07-22T10:50:17,200.0,105.9,B
2021-07-22T10:50:12,100.0,105.9,B
2021-07-22T10:50:12,100.0,105.9,B
2021-07-22T10:50:12,200.0,105.9,B
2021-07-22T10:50:11,700.0,105.9,B
2021-07-22T10:50:05,400.0,105.9,B
2021-07-22T10:50:05,2200.0,105.9,B
2021-07-22T10:50:02,100.0,105.6,S
2021-07-22T10:49:58,200.0,105.6,S
2021-07-22T10:49:47,100.0,105.9,B
2021-07-22T10:49:47,500.0,105.9,B
2021-07-22T10:49:47,2400.0,105.9,B
2021-07-22T10:49:42,100.0,105.9,B
2021-07-22T10:49:36,200.0,105.9,B
2021-07-22T10:49:34,1300.0,105.9,B
2021-07-22T10:49:30,100.0,105.8,B
2021-07-22T10:49:30,300.0,105.8,B
2021-07-22T10:49:30,1900.0,105.8,B
2021-07-22T10:49:11,300.0,105.8,B
2021-07-22T10:49:10,1700.0,105.8,B
2021-07-22T10:48:54,200.0,105.8,B
2021-07-22T10:48:54,900.0,105.8,B
2021-07-22T10:48:54,100.0,105.8,B
2021-07-22T10:48:53,400.0,105.7,B
2021-07-22T10:48:52,2200.0,105.7,B
2021-07-22T10:48:37,1500.0,105.6,B
2021-07-22T10:48:31,100.0,105.6,B
2021-07-22T10:48:29,500.0,105.6,B
2021-07-22T10:48:29,900.0,105.6,B
2021-07-22T10:48:29,1300.0,105.6,B
2021-07-22T10:48:29,200.0,105.6,B
2021-07-22T10:48:24,100.0,105.6,B
2021-07-22T10:48:19,200.0,105.6,B
2021-07-22T10:48:17,1000.0,105.6,B
2021-07-22T10:48:12,300.0,105.6,B
2021-07-22T10:48:11,1500.0,105.6,B
2021-07-22T10:48:02,100.0,105.5,S
2021-07-22T10:47:53,300.0,105.4,S
2021-07-22T10:47:52,100.0,105.5,B
2021-07-22T10:47:52,100.0,105.5,B
2021-07-22T10:47:51,1700.0,105.5,B
2021-07-22T10:47:45,100.0,105.5,B
2021-07-22T10:47:44,200.0,105.5,B
2021-07-22T10:47:44,300.0,105.5,B
2021-07-22T10:47:43,1500.0,105.5,B
2021-07-22T10:47:35,100.0,105.5,B
2021-07-22T10:47:34,500.0,105.5,B
2021-07-22T10:47:33,2400.0,105.5,B
2021-07-22T10:47:31,200.0,105.5,B
2021-07-22T10:47:22,400.0,105.5,B
2021-07-22T10:47:21,2100.0,105.5,B
2021-07-22T10:47:11,100.0,105.5,B
2021-07-22T10:47:11,100.0,105.5,B
2021-07-22T10:47:11,1000.0,105.5,B
2021-07-22T10:46:58,100.0,105.5,B
2021-07-22T10:46:57,500.0,105.5,B
2021-07-22T10:46:56,100.0,105.5,B
2021-07-22T10:46:56,200.0,105.5,B
2021-07-22T10:46:56,2100.0,105.5,B
2021-07-22T10:46:55,100.0,105.4,S
2021-07-22T10:46:39,300.0,105.4,B
2021-07-22T10:46:38,100.0,105.4,B
2021-07-22T10:46:38,1800.0,105.4,B
2021-07-22T10:46:09,200.0,105.4,B
2021-07-22T10:46:08,1300.0,105.4,B
2021-07-22T10:46:06,300.0,105.4,B
2021-07-22T10:46:05,1700.0,105.4,B
2021-07-22T10:45:52,300.0,105.2,S
2021-07-22T10:45:48,200.0,105.2,S
2021-07-22T10:45:47,500.0,105.2,S
2021-07-22T10:45:35,1000.0,105.2,S
2021-07-22T10:45:27,100.0,105.2,S
2021-07-22T10:45:04,100.0,105.2,S
2021-07-22T10:45:00,1000.0,105.2,S
2021-07-22T10:44:21,7500.0,105.2,S
2021-07-22T10:44:19,300.0,105.4,B
2021-07-22T10:44:17,100.0,105.3,S
2021-07-22T10:44:17,100.0,105.3,S
2021-07-22T10:43:57,600.0,105.3,S
2021-07-22T10:43:49,2400.0,105.3,S
2021-07-22T10:43:48,600.0,105.2,S
2021-07-22T10:43:42,300.0,105.2,S
2021-07-22T10:43:39,1000.0,105.2,S
2021-07-22T10:43:39,500.0,105.2,S
2021-07-22T10:42:35,100.0,105.3,B
2021-07-22T10:42:34,700.0,105.3,S
2021-07-22T10:42:34,100.0,105.3,S
2021-07-22T10:42:29,2000.0,105.3,S
2021-07-22T10:42:01,100.0,105.3,S
2021-07-22T10:41:57,1000.0,105.3,S
2021-07-22T10:41:37,200.0,105.3,S
2021-07-22T10:41:00,500.0,105.3,S
2021-07-22T10:40:31,200.0,105.4,B
2021-07-22T10:40:23,400.0,105.4,B
2021-07-22T10:40:17,100.0,105.3,S
2021-07-22T10:40:01,200.0,105.3,S
2021-07-22T10:39:44,100.0,105.3,S
2021-07-22T10:39:32,300.0,105.3,S
2021-07-22T10:39:30,200.0,105.4,B
2021-07-22T10:39:28,1000.0,105.4,B
2021-07-22T10:39:15,400.0,105.3,S
2021-07-22T10:38:59,200.0,105.4,B
2021-07-22T10:38:49,300.0,105.4,B
2021-07-22T10:38:41,100.0,105.4,B
2021-07-22T10:38:41,300.0,105.4,B
2021-07-22T10:38:39,300.0,105.4,B
2021-07-22T10:38:39,400.0,105.4,S
2021-07-22T10:38:39,300.0,105.4,S
2021-07-22T10:38:37,100.0,105.5,B
2021-07-22T10:38:35,100.0,105.4,S
2021-07-22T10:38:24,1000.0,105.4,S
2021-07-22T10:37:55,200.0,105.4,S
2021-07-22T10:37:55,100.0,105.4,S
2021-07-22T10:37:47,300.0,105.5,B
2021-07-22T10:37:29,100.0,105.4,B
2021-07-22T10:37:28,200.0,105.3,S
2021-07-22T10:37:19,200.0,105.4,B
2021-07-22T10:37:16,200.0,105.4,S
2021-07-22T10:37:16,200.0,105.4,S
2021-07-22T10:37:12,300.0,105.4,S
2021-07-22T10:37:12,200.0,105.4,S
2021-07-22T10:37:12,400.0,105.4,S
2021-07-22T10:37:12,100.0,105.4,S
2021-07-22T10:37:09,100.0,105.4,S
2021-07-22T10:37:09,200.0,105.4,S
2021-07-22T10:36:45,500.0,105.4,S
2021-07-22T10:36:39,100.0,105.5,B
2021-07-22T10:36:17,100.0,105.4,S
2021-07-22T10:36:12,1000.0,105.4,S
2021-07-22T10:36:10,200.0,105.4,S
2021-07-22T10:35:50,1000.0,105.4,S
2021-07-22T10:35:22,300.0,105.4,S
2021-07-22T10:35:08,100.0,105.4,S
2021-07-22T10:35:01,100.0,105.4,S
2021-07-22T10:34:08,100.0,105.4,S
2021-07-22T10:33:59,100.0,105.4,S
2021-07-22T10:33:18,200.0,105.4,S
2021-07-22T10:33:04,200.0,105.5,B
2021-07-22T10:32:46,100.0,105.5,B
2021-07-22T10:32:37,100.0,105.5,B
2021-07-22T10:32:36,500.0,105.5,S
2021-07-22T10:32:34,100.0,105.6,B
2021-07-22T10:32:34,300.0,105.6,B
2021-07-22T10:32:34,300.0,105.6,B
2021-07-22T10:32:32,1800.0,105.6,B
2021-07-22T10:32:20,100.0,105.5,S
2021-07-22T10:32:03,200.0,105.5,S
2021-07-22T10:32:03,100.0,105.5,S
2021-07-22T10:32:03,700.0,105.5,S
2021-07-22T10:31:58,1000.0,105.5,S
2021-07-22T10:31:54,200.0,105.6,B
2021-07-22T10:31:51,1000.0,105.5,S
2021-07-22T10:31:42,100.0,105.5,S
2021-07-22T10:31:34,200.0,105.5,S
2021-07-22T10:31:32,1000.0,105.5,S
2021-07-22T10:31:13,300.0,105.5,S
2021-07-22T10:31:12,200.0,105.6,B
2021-07-22T10:31:08,300.0,105.6,B
2021-07-22T10:31:02,100.0,105.6,B
2021-07-22T10:30:05,1000.0,105.6,B
2021-07-22T10:30:03,200.0,105.6,B
2021-07-22T10:29:53,200.0,105.5,S
2021-07-22T10:29:27,100.0,105.6,B
2021-07-22T10:29:14,200.0,105.6,B
2021-07-22T10:29:07,200.0,105.5,S
2021-07-22T10:28:56,200.0,105.6,B
2021-07-22T10:28:54,100.0,105.6,B
2021-07-22T10:28:30,100.0,105.5,S
2021-07-22T10:28:16,100.0,105.5,S
2021-07-22T10:28:14,600.0,105.5,S
2021-07-22T10:27:43,100.0,105.5,S
2021-07-22T10:27:37,200.0,105.5,S
2021-07-22T10:27:33,100.0,105.6,B
2021-07-22T10:27:33,1200.0,105.6,B
2021-07-22T10:27:06,100.0,105.5,S
2021-07-22T10:27:02,300.0,105.5,S
2021-07-22T10:26:56,100.0,105.6,B
2021-07-22T10:25:59,1100.0,105.6,S
2021-07-22T10:25:49,200.0,105.6,S
2021-07-22T10:25:29,100.0,105.6,S
2021-07-22T10:25:23,800.0,105.7,B
2021-07-22T10:25:21,1000.0,105.6,S
2021-07-22T10:25:02,100.0,105.6,S
2021-07-22T10:25:00,100.0,105.6,S
2021-07-22T10:24:57,700.0,105.6,B
2021-07-22T10:24:56,200.0,105.5,S
2021-07-22T10:24:16,400.0,105.6,S
2021-07-22T10:24:09,100.0,105.6,S
2021-07-22T10:24:09,100.0,105.6,S
2021-07-22T10:24:08,100.0,105.6,S
2021-07-22T10:23:48,100.0,105.6,B
2021-07-22T10:23:36,100.0,105.6,B
2021-07-22T10:22:51,300.0,105.5,S
2021-07-22T10:22:44,1000.0,105.6,B
2021-07-22T10:22:43,1000.0,105.6,B
2021-07-22T10:22:40,200.0,105.6,S
2021-07-22T10:22:38,100.0,105.7,B
2021-07-22T10:22:32,100.0,105.6,S
2021-07-22T10:22:25,2000.0,105.6,S
2021-07-22T10:22:22,500.0,105.7,B
2021-07-22T10:22:15,400.0,105.7,B
2021-07-22T10:22:15,100.0,105.7,B
2021-07-22T10:22:15,500.0,105.7,B
2021-07-22T10:22:11,600.0,105.6,S
2021-07-22T10:21:59,100.0,105.7,B
2021-07-22T10:21:58,100.0,105.7,B
2021-07-22T10:21:38,500.0,105.7,B
2021-07-22T10:21:14,100.0,105.7,B
2021-07-22T10:21:07,200.0,105.6,S
2021-07-22T10:20:53,100.0,105.6,S
2021-07-22T10:20:52,100.0,105.6,S
2021-07-22T10:20:46,200.0,105.6,S
2021-07-22T10:20:31,100.0,105.7,B
2021-07-22T10:19:57,100.0,105.7,B
2021-07-22T10:19:57,100.0,105.7,B
2021-07-22T10:19:48,100.0,105.7,S
2021-07-22T10:19:45,100.0,105.8,B
2021-07-22T10:19:44,1000.0,105.7,S
2021-07-22T10:18:59,200.0,105.8,S
2021-07-22T10:18:59,300.0,105.8,S
2021-07-22T10:18:52,100.0,105.8,S
2021-07-22T10:18:45,300.0,105.8,S
2021-07-22T10:18:41,300.0,105.8,S
2021-07-22T10:18:41,1000.0,105.8,S
2021-07-22T10:18:37,100.0,105.8,S
2021-07-22T10:17:42,1800.0,105.9,S
2021-07-22T10:17:39,500.0,105.9,S
2021-07-22T10:17:30,500.0,105.9,S
2021-07-22T10:17:24,2000.0,105.9,S
2021-07-22T10:17:22,6300.0,105.9,S
2021-07-22T10:17:17,1000.0,105.9,S
2021-07-22T10:17:15,100.0,105.9,S
2021-07-22T10:17:13,1000.0,105.9,S
2021-07-22T10:17:13,2900.0,105.9,S
2021-07-22T10:17:07,200.0,105.9,S
2021-07-22T10:17:03,2000.0,105.9,S
2021-07-22T10:16:47,100.0,105.9,S
2021-07-22T10:16:36,200.0,105.9,S
2021-07-22T10:16:09,1300.0,105.9,S
2021-07-22T10:16:07,200.0,106.0,B
2021-07-22T10:16:00,100.0,106.0,B
2021-07-22T10:15:59,400.0,106.0,B
2021-07-22T10:15:57,200.0,106.0,B
2021-07-22T10:15:37,100.0,106.0,B
2021-07-22T10:15:35,200.0,106.0,S
2021-07-22T10:15:35,200.0,106.0,S
2021-07-22T10:15:35,1000.0,106.0,S
2021-07-22T10:15:35,300.0,106.0,S
2021-07-22T10:15:22,3000.0,106.1,B
2021-07-22T10:15:08,500.0,106.1,B
2021-07-22T10:15:02,500.0,106.0,S
2021-07-22T10:14:57,1000.0,106.0,S
2021-07-22T10:14:50,500.0,106.0,S
2021-07-22T10:14:49,100.0,106.0,S
2021-07-22T10:14:46,2000.0,106.0,S
2021-07-22T10:14:46,100.0,106.0,S
2021-07-22T10:14:34,100.0,106.0,S
2021-07-22T10:14:31,300.0,106.0,S
2021-07-22T10:14:30,100.0,106.0,S
2021-07-22T10:14:22,200.0,106.0,S
2021-07-22T10:14:21,300.0,106.0,S
2021-07-22T10:14:21,100.0,106.1,B
2021-07-22T10:14:20,500.0,106.0,S
2021-07-22T10:13:36,100.0,106.0,S
2021-07-22T10:13:32,1000.0,106.0,S
2021-07-22T10:13:21,100.0,106.0,S
2021-07-22T10:12:49,300.0,106.0,S
2021-07-22T10:12:45,200.0,106.1,B
2021-07-22T10:12:42,600.0,106.0,S
2021-07-22T10:12:25,200.0,106.0,S
2021-07-22T10:12:25,5000.0,106.1,B
2021-07-22T10:12:23,1000.0,106.0,S
2021-07-22T10:12:12,600.0,106.1,B
2021-07-22T10:12:12,1400.0,106.1,B
2021-07-22T10:12:12,100.0,106.0,S
2021-07-22T10:12:09,300.0,106.0,S
2021-07-22T10:12:04,100.0,106.0,S
2021-07-22T10:12:01,2000.0,106.0,S
2021-07-22T10:11:55,100.0,106.0,S
2021-07-22T10:11:54,700.0,106.0,B
2021-07-22T10:11:52,3000.0,106.0,B
2021-07-22T10:11:52,200.0,106.0,B
2021-07-22T10:11:51,100.0,105.9,S
2021-07-22T10:11:48,1000.0,106.0,B
2021-07-22T10:11:48,5100.0,106.0,B
2021-07-22T10:11:46,500.0,106.0,B
2021-07-22T10:11:43,2000.0,106.0,B
2021-07-22T10:11:43,10000.0,106.0,B
2021-07-22T10:11:42,600.0,105.9,S
2021-07-22T10:11:42,1400.0,105.9,S
2021-07-22T10:11:39,2000.0,106.0,B
2021-07-22T10:11:38,500.0,106.0,B
2021-07-22T10:11:37,100.0,106.0,B
2021-07-22T10:11:32,3600.0,106.0,B
2021-07-22T10:11:29,5000.0,106.0,B
2021-07-22T10:11:29,1000.0,106.0,B
2021-07-22T10:11:18,500.0,106.0,B
2021-07-22T10:11:16,1000.0,106.0,B
2021-07-22T10:11:15,1300.0,106.0,B
2021-07-22T10:11:15,5000.0,106.0,B
2021-07-22T10:11:14,1000.0,106.0,B
2021-07-22T10:11:13,100.0,106.0,B
2021-07-22T10:11:08,500.0,106.0,B
2021-07-22T10:11:07,1000.0,106.0,B
2021-07-22T10:11:03,5000.0,106.0,B
2021-07-22T10:10:46,100.0,105.9,S
2021-07-22T10:10:44,2000.0,105.9,B
2021-07-22T10:10:44,16500.0,105.9,B
2021-07-22T10:10:22,2000.0,105.8,B
2021-07-22T10:10:20,300.0,105.7,S
2021-07-22T10:10:12,600.0,105.8,B
2021-07-22T10:09:53,100.0,105.7,S
2021-07-22T10:09:50,200.0,105.7,S
2021-07-22T10:09:33,300.0,105.5,S
2021-07-22T10:09:20,200.0,105.5,B
2021-07-22T10:09:17,500.0,105.5,B
2021-07-22T10:09:09,4900.0,105.5,B
2021-07-22T10:09:09,100.0,105.5,B
2021-07-22T10:09:02,100.0,105.4,S
2021-07-22T10:08:54,300.0,105.3,S
2021-07-22T10:08:46,100.0,105.3,S
2021-07-22T10:08:28,200.0,105.3,S
2021-07-22T10:08:17,200.0,105.3,S
2021-07-22T10:08:12,300.0,105.4,S
2021-07-22T10:07:50,1000.0,105.3,S
2021-07-22T10:07:37,100.0,105.5,S
2021-07-22T10:07:37,400.0,105.5,S
2021-07-22T10:07:33,3400.0,105.5,S
2021-07-22T10:07:33,1500.0,105.6,S
2021-07-22T10:07:33,100.0,105.8,S
2021-07-22T10:07:07,5000.0,105.8,S
2021-07-22T10:07:04,300.0,105.8,S
2021-07-22T10:06:47,2500.0,105.8,S
2021-07-22T10:06:42,2000.0,105.8,S
2021-07-22T10:06:39,100.0,105.9,B
2021-07-22T10:06:31,400.0,105.9,S
2021-07-22T10:06:28,100.0,105.9,S
2021-07-22T10:06:28,100.0,105.9,S
2021-07-22T10:06:23,200.0,105.9,S
2021-07-22T10:06:10,300.0,105.9,S
2021-07-22T10:05:51,1000.0,105.9,S
2021-07-22T10:05:33,100.0,106.0,B
2021-07-22T10:04:53,1000.0,106.0,B
2021-07-22T10:04:50,400.0,105.8,S
2021-07-22T10:04:46,100.0,105.8,S
2021-07-22T10:04:37,400.0,106.0,B
2021-07-22T10:04:30,600.0,106.0,S
2021-07-22T10:04:29,100.0,106.1,B
2021-07-22T10:04:27,100.0,106.0,S
2021-07-22T10:04:27,3000.0,106.0,S
2021-07-22T10:04:25,3000.0,106.0,S
2021-07-22T10:04:24,100.0,106.0,S
2021-07-22T10:04:22,100.0,106.0,S
2021-07-22T10:04:22,100.0,106.0,S
2021-07-22T10:04:19,300.0,106.0,S
2021-07-22T10:04:16,500.0,106.0,S
2021-07-22T10:04:12,200.0,106.0,S
2021-07-22T10:04:09,2000.0,106.1,B
2021-07-22T10:04:07,2700.0,106.1,S
2021-07-22T10:04:07,200.0,106.1,S
2021-07-22T10:04:06,500.0,106.1,S
2021-07-22T10:04:02,500.0,106.1,S
2021-07-22T10:04:00,200.0,106.1,S
2021-07-22T10:03:54,100.0,106.1,S
2021-07-22T10:03:53,500.0,106.1,S
2021-07-22T10:03:53,1500.0,106.1,S
2021-07-22T10:03:52,500.0,106.1,S
2021-07-22T10:03:50,700.0,106.1,S
2021-07-22T10:03:47,2000.0,106.1,S
2021-07-22T10:03:42,100.0,106.1,S
2021-07-22T10:03:42,200.0,106.2,B
2021-07-22T10:03:37,5000.0,106.1,S
2021-07-22T10:03:32,500.0,106.2,S
2021-07-22T10:03:28,100.0,106.3,B
2021-07-22T10:03:28,500.0,106.2,S
2021-07-22T10:03:23,500.0,106.2,S
2021-07-22T10:03:23,300.0,106.2,S
2021-07-22T10:03:21,100.0,106.2,S
2021-07-22T10:03:17,100.0,106.3,B
2021-07-22T10:03:14,3500.0,106.3,S
2021-07-22T10:03:12,200.0,106.3,S
2021-07-22T10:03:12,500.0,106.3,S
2021-07-22T10:03:10,400.0,106.3,S
2021-07-22T10:03:09,200.0,106.3,S
2021-07-22T10:03:08,500.0,106.3,S
2021-07-22T10:03:07,200.0,106.3,S
2021-07-22T10:03:05,1300.0,106.3,S
2021-07-22T10:03:04,500.0,106.3,S
2021-07-22T10:03:04,100.0,106.3,S
2021-07-22T10:03:03,2000.0,106.3,S
2021-07-22T10:03:02,100.0,106.3,S
2021-07-22T10:03:02,300.0,106.3,S
2021-07-22T10:02:53,400.0,106.3,S
2021-07-22T10:02:52,2200.0,106.4,B
2021-07-22T10:02:49,100.0,106.3,S
2021-07-22T10:02:44,100.0,106.3,S
2021-07-22T10:02:38,5300.0,106.4,S
2021-07-22T10:02:37,2000.0,106.4,S
2021-07-22T10:02:37,2000.0,106.4,S
2021-07-22T10:02:36,100.0,106.4,S
2021-07-22T10:02:32,100.0,106.4,S
2021-07-22T10:02:32,300.0,106.4,S
2021-07-22T10:02:30,200.0,106.4,S
2021-07-22T10:02:25,100.0,106.4,S
2021-07-22T10:02:17,7500.0,106.5,S
2021-07-22T10:02:16,300.0,106.5,S
2021-07-22T10:02:16,200.0,106.5,S
2021-07-22T10:02:14,800.0,106.5,S
2021-07-22T10:02:14,5700.0,106.5,S
2021-07-22T10:02:14,200.0,106.5,S
2021-07-22T10:02:14,1600.0,106.5,S
2021-07-22T10:02:14,500.0,106.5,S
2021-07-22T10:02:13,5000.0,106.5,S
2021-07-22T10:02:13,200.0,106.5,S
2021-07-22T10:02:12,800.0,106.5,S
2021-07-22T10:02:11,300.0,106.5,S
2021-07-22T10:02:10,400.0,106.5,S
2021-07-22T10:02:09,3900.0,106.5,S
2021-07-22T10:02:09,600.0,106.5,S
2021-07-22T10:02:07,300.0,106.5,S
2021-07-22T10:02:05,100.0,106.5,S
2021-07-22T10:02:05,100.0,106.5,S
2021-07-22T10:02:05,700.0,106.5,S
2021-07-22T10:02:02,300.0,106.5,S
2021-07-22T10:02:01,20000.0,106.5,S
2021-07-22T10:01:59,100.0,106.5,S
2021-07-22T10:01:58,200.0,106.5,S
2021-07-22T10:01:55,200.0,106.5,S
2021-07-22T10:01:54,200.0,106.5,S
2021-07-22T10:01:54,100.0,106.5,S
2021-07-22T10:01:51,300.0,106.5,S
2021-07-22T10:01:50,100.0,106.5,S
2021-07-22T10:01:46,100.0,106.6,B
2021-07-22T10:01:46,300.0,106.5,S
2021-07-22T10:01:43,5000.0,106.5,S
2021-07-22T10:01:42,300.0,106.5,S
2021-07-22T10:01:39,100.0,106.5,S
2021-07-22T10:01:37,100.0,106.5,S
2021-07-22T10:01:37,300.0,106.5,S
2021-07-22T10:01:35,100.0,106.6,B
2021-07-22T10:01:35,400.0,106.6,B
2021-07-22T10:01:33,300.0,106.5,S
2021-07-22T10:01:28,100.0,106.5,S
2021-07-22T10:01:27,400.0,106.6,B
2021-07-22T10:01:27,200.0,106.5,S
2021-07-22T10:01:27,100.0,106.5,S
2021-07-22T10:01:27,500.0,106.6,B
2021-07-22T10:01:24,2000.0,106.6,B
2021-07-22T10:01:22,300.0,106.5,S
2021-07-22T10:01:19,100.0,106.5,S
2021-07-22T10:01:17,300.0,106.5,S
2021-07-22T10:01:16,100.0,106.5,S
2021-07-22T10:01:16,100.0,106.6,B
2021-07-22T10:01:03,700.0,106.5,S
2021-07-22T10:01:01,300.0,106.6,S
2021-07-22T10:00:59,400.0,106.6,S
2021-07-22T10:00:58,600.0,106.6,S
2021-07-22T10:00:54,3000.0,106.6,S
2021-07-22T10:00:51,1000.0,106.6,S
2021-07-22T10:00:48,300.0,106.6,S
2021-07-22T10:00:48,100.0,106.6,S
2021-07-22T10:00:46,400.0,106.6,S
2021-07-22T10:00:46,100.0,106.6,S
2021-07-22T10:00:46,600.0,106.6,S
2021-07-22T10:00:44,100.0,106.6,S
2021-07-22T10:00:41,300.0,106.6,S
2021-07-22T10:00:37,200.0,106.6,S
2021-07-22T10:00:36,300.0,106.6,S
2021-07-22T10:00:32,300.0,106.6,S
2021-07-22T10:00:27,300.0,106.6,S
2021-07-22T10:00:27,100.0,106.6,S
2021-07-22T10:00:24,100.0,106.6,S
2021-07-22T10:00:22,300.0,106.6,S
2021-07-22T10:00:16,300.0,106.6,S
2021-07-22T10:00:15,1500.0,106.8,B
2021-07-22T10:00:14,4000.0,106.6,S
2021-07-22T10:00:09,300.0,106.6,S
2021-07-22T10:00:02,100.0,106.6,S
2021-07-22T10:00:02,1000.0,106.6,S
2021-07-22T09:59:59,5000.0,106.7,S
2021-07-22T09:59:58,100.0,106.7,S
2021-07-22T09:59:57,200.0,106.6,S
2021-07-22T09:59:51,100.0,106.7,B
2021-07-22T09:59:45,100.0,106.8,B
2021-07-22T09:59:37,300.0,106.8,B
2021-07-22T09:59:35,700.0,106.8,B
2021-07-22T09:59:35,300.0,106.7,B
2021-07-22T09:59:33,200.0,106.7,B
2021-07-22T09:59:31,2000.0,106.5,S
2021-07-22T09:59:19,400.0,106.5,S
2021-07-22T09:59:16,100.0,106.8,B
2021-07-22T09:59:13,500.0,106.5,S
2021-07-22T09:59:10,20000.0,106.5,S
2021-07-22T09:59:02,500.0,106.8,B
2021-07-22T09:59:02,2500.0,106.8,B
2021-07-22T09:59:01,100.0,106.6,S
2021-07-22T09:58:58,1200.0,106.7,B
2021-07-22T09:58:58,300.0,106.7,B
2021-07-22T09:58:56,100.0,106.6,S
2021-07-22T09:58:54,300.0,106.7,B
2021-07-22T09:58:50,100.0,106.6,S
2021-07-22T09:58:49,100.0,106.6,S
2021-07-22T09:58:46,1000.0,106.6,S
2021-07-22T09:58:46,100.0,106.6,S
2021-07-22T09:58:45,300.0,106.6,B
2021-07-22T09:58:45,300.0,106.6,B
2021-07-22T09:58:45,1100.0,106.6,B
2021-07-22T09:58:43,500.0,106.6,B
2021-07-22T09:58:40,1000.0,106.6,B
2021-07-22T09:58:37,3500.0,106.5,S
2021-07-22T09:58:35,100.0,106.5,S
2021-07-22T09:58:34,200.0,106.5,S
2021-07-22T09:58:33,100.0,106.5,B
2021-07-22T09:58:33,700.0,106.5,B
2021-07-22T09:58:33,900.0,106.5,B
2021-07-22T09:58:33,100.0,106.5,B
2021-07-22T09:58:33,1600.0,106.5,B
2021-07-22T09:58:33,1100.0,106.5,B
2021-07-22T09:58:33,900.0,106.5,B
2021-07-22T09:58:33,200.0,106.5,B
2021-07-22T09:58:33,200.0,106.5,B
2021-07-22T09:58:33,1100.0,106.5,B
2021-07-22T09:58:33,1800.0,106.5,B
2021-07-22T09:58:33,100.0,106.5,B
2021-07-22T09:58:33,9400.0,106.5,B
2021-07-22T09:58:33,100.0,106.5,B
2021-07-22T09:58:33,100.0,106.5,B
2021-07-22T09:58:33,700.0,106.5,B
2021-07-22T09:58:33,500.0,106.5,B
2021-07-22T09:58:33,2500.0,106.5,B
2021-07-22T09:58:33,500.0,106.5,B
2021-07-22T09:58:33,900.0,106.5,B
2021-07-22T09:58:33,200.0,106.5,B
2021-07-22T09:58:33,2000.0,106.5,B
2021-07-22T09:58:33,1400.0,106.5,B
2021-07-22T09:58:33,5000.0,106.5,B
2021-07-22T09:58:33,5400.0,106.5,B
2021-07-22T09:58:33,100.0,106.4,S
2021-07-22T09:58:31,1000.0,106.4,S
2021-07-22T09:58:30,500.0,106.4,S
2021-07-22T09:58:28,400.0,106.5,B
2021-07-22T09:58:28,100.0,106.4,S
2021-07-22T09:58:27,100.0,106.4,S
2021-07-22T09:58:26,800.0,106.4,S
2021-07-22T09:58:22,3400.0,106.3,B
2021-07-22T09:58:22,1600.0,106.3,S
2021-07-22T09:58:19,100.0,106.5,B
2021-07-22T09:58:19,3400.0,106.5,B
2021-07-22T09:58:18,2000.0,106.3,S
2021-07-22T09:58:17,100.0,106.3,S
2021-07-22T09:58:17,100.0,106.3,S
2021-07-22T09:58:13,800.0,106.3,S
2021-07-22T09:58:10,100.0,106.3,S
2021-07-22T09:58:05,800.0,106.3,S
2021-07-22T09:58:05,500.0,106.3,S
2021-07-22T09:58:03,1400.0,106.4,B
2021-07-22T09:58:03,100.0,106.4,B
2021-07-22T09:58:03,2100.0,106.4,B
2021-07-22T09:58:03,200.0,106.4,B
2021-07-22T09:58:03,200.0,106.4,B
2021-07-22T09:58:03,400.0,106.4,B
2021-07-22T09:58:03,100.0,106.4,B
2021-07-22T09:58:03,800.0,106.4,B
2021-07-22T09:58:03,600.0,106.4,B
2021-07-22T09:58:03,100.0,106.4,B
2021-07-22T09:58:03,600.0,106.4,B
2021-07-22T09:58:03,1200.0,106.4,B
2021-07-22T09:58:03,400.0,106.4,B
2021-07-22T09:58:01,100.0,106.3,S
2021-07-22T09:57:59,4300.0,106.3,B
2021-07-22T09:57:58,16200.0,106.3,S
2021-07-22T09:57:53,3000.0,106.3,S
2021-07-22T09:57:52,100.0,106.3,S
2021-07-22T09:57:52,600.0,106.3,S
2021-07-22T09:57:50,300.0,106.3,S
2021-07-22T09:57:45,800.0,106.3,S
2021-07-22T09:57:43,100.0,106.3,S
2021-07-22T09:57:39,800.0,106.3,S
2021-07-22T09:57:39,500.0,106.3,S
2021-07-22T09:57:33,100.0,106.3,S
2021-07-22T09:57:29,200.0,106.3,S
2021-07-22T09:57:27,400.0,106.3,B
2021-07-22T09:57:27,1000.0,106.3,B
2021-07-22T09:57:25,1000.0,106.3,B
2021-07-22T09:57:23,900.0,106.3,B
2021-07-22T09:57:23,100.0,106.3,B
2021-07-22T09:57:22,1000.0,106.2,S
2021-07-22T09:57:21,1000.0,106.3,B
2021-07-22T09:57:18,100.0,106.2,S
2021-07-22T09:57:17,100.0,106.2,S
2021-07-22T09:57:00,200.0,106.2,S
2021-07-22T09:56:59,100.0,106.2,S
2021-07-22T09:56:56,100.0,106.2,S
2021-07-22T09:56:49,100.0,106.3,B
2021-07-22T09:56:48,3500.0,106.2,S
2021-07-22T09:56:47,1000.0,106.2,S
2021-07-22T09:56:41,500.0,106.2,B
2021-07-22T09:56:39,300.0,106.3,B
2021-07-22T09:56:34,100.0,106.2,B
2021-07-22T09:56:33,200.0,106.2,S
2021-07-22T09:56:29,900.0,106.2,B
2021-07-22T09:56:25,200.0,106.2,B
2021-07-22T09:56:21,2000.0,106.2,B
2021-07-22T09:56:10,800.0,106.2,S
2021-07-22T09:56:08,1000.0,106.3,B
2021-07-22T09:56:06,500.0,106.3,B
2021-07-22T09:56:03,400.0,106.2,S
2021-07-22T09:55:54,1100.0,106.2,S
2021-07-22T09:55:54,1800.0,106.2,S
2021-07-22T09:55:53,300.0,106.2,S
2021-07-22T09:55:47,3600.0,106.4,B
2021-07-22T09:55:47,100.0,106.4,B
2021-07-22T09:55:47,1300.0,106.4,B
2021-07-22T09:55:45,200.0,106.2,S
2021-07-22T09:55:42,3000.0,106.4,B
2021-07-22T09:55:41,100.0,106.3,B
2021-07-22T09:55:37,5100.0,106.4,B
2021-07-22T09:55:37,1000.0,106.3,B
2021-07-22T09:55:37,1800.0,106.3,B
2021-07-22T09:55:35,1300.0,106.3,B
2021-07-22T09:55:20,200.0,106.3,B
2021-07-22T09:55:18,1000.0,106.2,S
2021-07-22T09:55:17,100.0,106.2,S
2021-07-22T09:55:14,600.0,106.2,B
2021-07-22T09:55:07,100.0,106.2,B
2021-07-22T09:55:06,400.0,106.2,S
2021-07-22T09:55:00,200.0,106.2,S
2021-07-22T09:54:58,200.0,106.2,B
2021-07-22T09:54:58,200.0,106.2,B
2021-07-22T09:54:58,1700.0,106.2,B
2021-07-22T09:54:58,2500.0,106.2,B
2021-07-22T09:54:58,500.0,106.2,B
2021-07-22T09:54:58,400.0,106.2,B
2021-07-22T09:54:58,4100.0,106.2,B
2021-07-22T09:54:53,300.0,106.1,S
2021-07-22T09:54:49,100.0,106.2,B
2021-07-22T09:54:42,1000.0,106.2,B
2021-07-22T09:54:39,100.0,106.2,B
2021-07-22T09:54:19,5000.0,106.2,B
2021-07-22T09:54:17,100.0,106.1,S
2021-07-22T09:54:14,800.0,106.1,S
2021-07-22T09:54:10,2200.0,106.2,B
2021-07-22T09:54:09,100.0,106.1,S
2021-07-22T09:54:08,3000.0,106.1,S
2021-07-22T09:54:07,1000.0,106.1,B
2021-07-22T09:54:07,1000.0,106.1,S
2021-07-22T09:54:06,500.0,106.1,S
2021-07-22T09:54:04,2000.0,106.1,S
2021-07-22T09:53:58,6000.0,106.1,S
2021-07-22T09:53:58,300.0,106.2,B
2021-07-22T09:53:58,3900.0,106.2,B
2021-07-22T09:53:51,100.0,106.1,S
2021-07-22T09:53:51,100.0,106.1,S
2021-07-22T09:53:49,100.0,106.1,S
2021-07-22T09:53:48,100.0,106.1,S
2021-07-22T09:53:39,300.0,106.0,S
2021-07-22T09:53:39,700.0,106.0,S
2021-07-22T09:53:35,100.0,106.1,B
2021-07-22T09:53:31,100.0,106.0,S
2021-07-22T09:53:28,500.0,106.1,B
2021-07-22T09:53:27,500.0,106.0,S
2021-07-22T09:53:21,300.0,106.0,S
2021-07-22T09:53:12,1000.0,106.0,S
2021-07-22T09:53:09,100.0,106.1,B
2021-07-22T09:53:07,100.0,106.0,S
2021-07-22T09:53:03,500.0,106.2,B
2021-07-22T09:53:03,4200.0,106.1,S
2021-07-22T09:53:03,500.0,106.0,S
2021-07-22T09:53:01,5000.0,106.1,B
2021-07-22T09:53:00,100.0,106.1,B
2021-07-22T09:52:49,500.0,106.0,S
2021-07-22T09:52:47,100.0,106.0,S
2021-07-22T09:52:46,1000.0,106.1,S
2021-07-22T09:52:46,900.0,106.2,B
2021-07-22T09:52:42,400.0,106.1,S
2021-07-22T09:52:42,500.0,106.1,B
2021-07-22T09:52:34,2100.0,106.0,S
2021-07-22T09:52:33,100.0,106.1,S
2021-07-22T09:52:23,200.0,106.0,S
2021-07-22T09:52:22,100.0,106.1,B
2021-07-22T09:52:22,100.0,106.1,B
2021-07-22T09:52:19,300.0,106.0,S
2021-07-22T09:52:18,100.0,106.0,S
2021-07-22T09:52:16,100.0,106.1,B
2021-07-22T09:52:14,200.0,106.0,B
2021-07-22T09:52:14,6300.0,106.0,B
2021-07-22T09:52:14,100.0,106.0,B
2021-07-22T09:52:14,700.0,106.0,B
2021-07-22T09:52:14,1500.0,106.0,B
2021-07-22T09:52:14,1400.0,106.0,B
2021-07-22T09:52:14,1200.0,106.0,B
2021-07-22T09:52:13,100.0,106.0,B
2021-07-22T09:52:13,600.0,106.0,B
2021-07-22T09:52:13,600.0,106.0,B
2021-07-22T09:52:13,300.0,106.0,B
2021-07-22T09:52:13,2100.0,106.0,B
2021-07-22T09:52:13,1200.0,106.0,B
2021-07-22T09:52:13,2600.0,106.0,B
2021-07-22T09:52:13,1700.0,106.0,B
2021-07-22T09:52:13,6500.0,106.0,B
2021-07-22T09:52:13,4400.0,106.0,B
2021-07-22T09:52:13,600.0,106.0,B
2021-07-22T09:52:13,400.0,106.0,B
2021-07-22T09:52:12,100.0,106.0,B
2021-07-22T09:52:12,500.0,106.0,B
2021-07-22T09:52:11,1000.0,106.0,B
2021-07-22T09:52:08,1000.0,105.9,S
2021-07-22T09:52:07,20000.0,106.0,B
2021-07-22T09:52:05,4000.0,106.0,B
2021-07-22T09:52:04,1400.0,106.0,B
2021-07-22T09:52:00,100.0,105.9,S
2021-07-22T09:51:54,200.0,106.0,B
2021-07-22T09:51:54,600.0,106.0,B
2021-07-22T09:51:54,800.0,106.0,B
2021-07-22T09:51:54,11000.0,106.0,B
2021-07-22T09:51:54,600.0,106.0,B
2021-07-22T09:51:54,200.0,106.0,B
2021-07-22T09:51:54,2300.0,106.0,B
2021-07-22T09:51:54,3000.0,106.0,B
2021-07-22T09:51:54,100.0,106.0,B
2021-07-22T09:51:54,1200.0,106.0,B
2021-07-22T09:51:54,1000.0,106.0,B
2021-07-22T09:51:54,700.0,106.0,B
2021-07-22T09:51:54,700.0,106.0,B
2021-07-22T09:51:54,500.0,106.0,B
2021-07-22T09:51:54,1400.0,106.0,B
2021-07-22T09:51:54,1000.0,106.0,B
2021-07-22T09:51:54,10200.0,106.0,B
2021-07-22T09:51:54,500.0,106.0,B
2021-07-22T09:51:52,100.0,106.0,B
2021-07-22T09:51:52,1000.0,106.0,B
2021-07-22T09:51:51,500.0,106.0,B
2021-07-22T09:51:44,500.0,106.0,B
2021-07-22T09:51:42,100.0,105.9,S
2021-07-22T09:51:41,100.0,105.9,S
2021-07-22T09:51:39,300.0,105.9,B
2021-07-22T09:51:39,400.0,105.9,B
2021-07-22T09:51:36,200.0,105.8,S
2021-07-22T09:51:32,1000.0,105.9,B
2021-07-22T09:51:32,3800.0,105.9,B
2021-07-22T09:51:32,500.0,105.9,B
2021-07-22T09:51:32,9200.0,105.9,B
2021-07-22T09:51:23,2500.0,105.8,S
2021-07-22T09:51:23,1000.0,105.9,B
2021-07-22T09:51:14,900.0,105.9,B
2021-07-22T09:51:14,100.0,105.9,B
2021-07-22T09:51:10,200.0,105.9,B
2021-07-22T09:51:10,800.0,105.9,B
2021-07-22T09:51:03,100.0,105.9,B
2021-07-22T09:50:55,200.0,105.8,S
2021-07-22T09:50:51,1000.0,105.8,S
2021-07-22T09:50:47,100.0,105.8,S
2021-07-22T09:50:44,2000.0,105.9,B
2021-07-22T09:50:44,200.0,105.8,S
2021-07-22T09:50:44,1000.0,105.8,S
2021-07-22T09:50:42,100.0,105.8,S
2021-07-22T09:50:34,700.0,105.8,S
2021-07-22T09:50:34,200.0,105.8,S
2021-07-22T09:50:26,100.0,105.8,S
2021-07-22T09:50:23,3000.0,105.8,S
2021-07-22T09:50:23,500.0,105.8,S
2021-07-22T09:50:23,100.0,105.8,S
2021-07-22T09:50:20,500.0,105.8,S
2021-07-22T09:50:18,100.0,105.8,S
2021-07-22T09:50:06,200.0,105.8,S
2021-07-22T09:50:05,100.0,105.8,S
2021-07-22T09:50:04,900.0,105.8,S
2021-07-22T09:50:04,1500.0,105.8,B
2021-07-22T09:49:59,700.0,105.6,S
2021-07-22T09:49:49,100.0,105.8,S
2021-07-22T09:49:46,500.0,105.8,S
2021-07-22T09:49:43,100.0,105.8,S
2021-07-22T09:49:43,300.0,105.8,B
2021-07-22T09:49:38,400.0,105.8,B
2021-07-22T09:49:38,100.0,105.8,B
2021-07-22T09:49:38,300.0,105.8,B
2021-07-22T09:49:38,100.0,105.8,B
2021-07-22T09:49:30,300.0,105.6,S
2021-07-22T09:49:20,100.0,105.7,S
2021-07-22T09:49:09,5000.0,105.8,B
2021-07-22T09:48:57,500.0,105.6,S
2021-07-22T09:48:54,3000.0,105.6,S
2021-07-22T09:48:51,900.0,105.6,B
2021-07-22T09:48:45,100.0,105.6,B
2021-07-22T09:48:37,500.0,105.6,B
2021-07-22T09:48:26,300.0,105.5,B
2021-07-22T09:48:26,200.0,105.5,B
2021-07-22T09:48:26,1200.0,105.5,B
2021-07-22T09:48:19,600.0,105.4,S
2021-07-22T09:48:13,100.0,105.5,B
2021-07-22T09:48:09,1000.0,105.5,B
2021-07-22T09:48:08,2700.0,105.5,B
2021-07-22T09:48:08,400.0,105.5,B
2021-07-22T09:48:08,400.0,105.5,B
2021-07-22T09:48:08,100.0,105.5,B
2021-07-22T09:48:08,200.0,105.5,B
2021-07-22T09:48:08,100.0,105.4,S
2021-07-22T09:47:44,200.0,105.4,S
2021-07-22T09:47:39,100.0,105.4,B
2021-07-22T09:47:28,100.0,105.4,B
2021-07-22T09:47:23,200.0,105.3,S
2021-07-22T09:47:21,300.0,105.5,B
2021-07-22T09:47:18,900.0,105.4,B
2021-07-22T09:47:14,100.0,105.4,B
2021-07-22T09:47:08,600.0,105.4,B
2021-07-22T09:47:08,100.0,105.4,B
2021-07-22T09:47:07,200.0,105.4,B
2021-07-22T09:47:07,100.0,105.4,B
2021-07-22T09:47:07,200.0,105.4,B
2021-07-22T09:46:55,100.0,105.4,B
2021-07-22T09:46:35,100.0,105.4,B
2021-07-22T09:46:35,100.0,105.4,B
2021-07-22T09:46:28,200.0,105.4,S
2021-07-22T09:46:27,100.0,105.4,S
2021-07-22T09:46:18,100.0,105.4,S
2021-07-22T09:46:05,100.0,105.4,S
2021-07-22T09:46:01,3800.0,105.5,B
2021-07-22T09:46:01,100.0,105.5,B
2021-07-22T09:46:01,1100.0,105.5,B
2021-07-22T09:45:53,200.0,105.4,S
2021-07-22T09:45:53,1500.0,105.5,B
2021-07-22T09:45:50,100.0,105.4,S
2021-07-22T09:45:47,900.0,105.4,B
2021-07-22T09:45:41,500.0,105.3,S
2021-07-22T09:45:38,100.0,105.3,B
2021-07-22T09:45:38,400.0,105.3,B
2021-07-22T09:45:23,100.0,105.3,B
2021-07-22T09:45:20,300.0,105.2,S
2021-07-22T09:44:57,1100.0,105.2,B
2021-07-22T09:44:57,300.0,105.2,B
2021-07-22T09:44:57,2200.0,105.2,B
2021-07-22T09:44:55,100.0,105.1,S
2021-07-22T09:44:50,1000.0,105.1,S
2021-07-22T09:44:45,200.0,105.1,B
2021-07-22T09:44:37,100.0,105.1,S
2021-07-22T09:44:37,200.0,105.1,S
2021-07-22T09:44:37,100.0,105.1,S
2021-07-22T09:44:23,2900.0,105.2,B
2021-07-22T09:44:07,900.0,105.1,S
2021-07-22T09:44:03,400.0,105.1,B
2021-07-22T09:43:57,100.0,105.0,S
2021-07-22T09:43:36,700.0,105.0,B
2021-07-22T09:43:28,200.0,105.0,B
2021-07-22T09:43:28,200.0,105.0,B
2021-07-22T09:43:13,100.0,105.0,B
2021-07-22T09:43:08,600.0,104.9,S
2021-07-22T09:43:07,500.0,105.0,B
2021-07-22T09:43:07,500.0,105.0,B
2021-07-22T09:43:06,400.0,105.0,B
2021-07-22T09:43:06,400.0,105.0,B
2021-07-22T09:43:06,100.0,105.0,B
2021-07-22T09:43:06,1200.0,105.0,B
2021-07-22T09:43:06,1400.0,105.0,B
2021-07-22T09:43:06,5500.0,105.0,B
2021-07-22T09:43:05,200.0,104.9,S
2021-07-22T09:42:57,800.0,105.0,B
2021-07-22T09:42:57,200.0,105.0,B
2021-07-22T09:42:55,5000.0,105.0,B
2021-07-22T09:42:49,5000.0,105.0,B
2021-07-22T09:42:41,1000.0,104.9,S
2021-07-22T09:42:26,200.0,104.9,B
2021-07-22T09:42:19,1000.0,104.9,B
2021-07-22T09:41:54,100.0,104.9,S
2021-07-22T09:41:48,100.0,104.9,S
2021-07-22T09:41:45,500.0,104.9,S
2021-07-22T09:41:06,100.0,105.0,B
2021-07-22T09:41:00,200.0,104.9,S
2021-07-22T09:40:49,100.0,104.9,S
2021-07-22T09:40:46,1000.0,104.9,B
2021-07-22T09:40:41,200.0,104.8,S
2021-07-22T09:40:37,600.0,104.8,S
2021-07-22T09:40:30,600.0,104.8,S
2021-07-22T09:40:30,2000.0,104.9,B
2021-07-22T09:40:26,600.0,104.8,S
2021-07-22T09:40:15,600.0,104.8,S
2021-07-22T09:40:11,2000.0,104.9,B
2021-07-22T09:40:10,100.0,104.9,S
2021-07-22T09:40:06,300.0,104.9,S
2021-07-22T09:40:06,100.0,104.9,S
2021-07-22T09:39:48,100.0,104.9,S
2021-07-22T09:39:45,100.0,104.9,S
2021-07-22T09:39:42,300.0,104.9,S
2021-07-22T09:39:39,300.0,104.9,S
2021-07-22T09:39:39,400.0,104.9,S
2021-07-22T09:39:38,300.0,104.9,B
2021-07-22T09:39:35,300.0,104.8,S
2021-07-22T09:39:31,300.0,104.8,S
2021-07-22T09:39:29,500.0,104.8,S
2021-07-22T09:39:26,300.0,104.8,S
2021-07-22T09:39:22,300.0,104.8,S
2021-07-22T09:39:17,300.0,104.6,S
2021-07-22T09:39:09,300.0,104.7,S
2021-07-22T09:39:03,100.0,104.8,S
2021-07-22T09:38:57,500.0,104.9,B
2021-07-22T09:38:54,300.0,104.9,S
2021-07-22T09:38:41,200.0,104.9,S
2021-07-22T09:38:33,10000.0,105.0,B
2021-07-22T09:38:15,100.0,105.0,B
2021-07-22T09:38:06,5000.0,105.0,B
2021-07-22T09:38:01,100.0,104.9,S
2021-07-22T09:37:58,100.0,105.0,B
2021-07-22T09:37:54,3000.0,105.0,B
2021-07-22T09:37:51,4900.0,105.0,B
2021-07-22T09:37:51,100.0,105.0,B
2021-07-22T09:37:47,100.0,104.9,S
2021-07-22T09:37:31,500.0,104.9,B
2021-07-22T09:37:31,100.0,104.9,B
2021-07-22T09:37:31,100.0,104.9,B
2021-07-22T09:37:31,2200.0,104.9,B
2021-07-22T09:37:28,200.0,104.7,B
2021-07-22T09:37:19,100.0,104.7,B
2021-07-22T09:36:38,200.0,104.6,S
2021-07-22T09:36:19,500.0,104.6,S
2021-07-22T09:35:58,700.0,104.5,S
2021-07-22T09:35:58,300.0,104.8,B
2021-07-22T09:35:58,100.0,104.6,B
2021-07-22T09:35:31,100.0,104.5,S
2021-07-22T09:35:10,100.0,104.5,B
2021-07-22T09:35:10,100.0,104.5,B
2021-07-22T09:35:02,1000.0,104.5,B
2021-07-22T09:34:49,1000.0,104.5,B
2021-07-22T09:34:27,100.0,104.4,B
2021-07-22T09:34:17,400.0,104.4,S
2021-07-22T09:34:09,100.0,104.4,B
2021-07-22T09:33:54,100.0,104.4,B
2021-07-22T09:33:22,100.0,104.3,B
2021-07-22T09:33:12,100.0,104.3,B
2021-07-22T09:32:04,100.0,104.2,S
2021-07-22T09:30:55,100.0,104.2,S
2021-07-22T09:30:45,200.0,104.2,S
2021-07-22T09:30:23,600.0,104.2,B
2021-07-22T09:30:02,400.0,104.2,S
2021-07-22T09:29:59,300.0,104.2,S
2021-07-22T09:29:47,100.0,104.2,S
2021-07-22T09:29:18,2600.0,104.2,S
2021-07-22T09:29:10,500.0,104.4,B
2021-07-22T09:28:42,2600.0,104.2,S
2021-07-22T09:28:27,300.0,104.4,B
2021-07-22T09:28:09,2600.0,104.3,S
2021-07-22T09:27:50,100.0,104.4,B
2021-07-22T09:27:34,1000.0,104.3,S
2021-07-22T09:27:29,100.0,104.3,S
2021-07-22T09:27:06,900.0,104.3,S
2021-07-22T09:27:06,1000.0,104.3,S
2021-07-22T09:27:06,700.0,104.3,S
2021-07-22T09:26:20,100.0,104.2,S
2021-07-22T09:26:17,2600.0,104.2,S
2021-07-22T09:26:16,100.0,104.4,B
2021-07-22T09:25:53,100.0,104.3,S
2021-07-22T09:25:48,100.0,105.0,B
2021-07-22T09:25:48,300.0,105.0,B
2021-07-22T09:25:48,100.0,105.0,B
2021-07-22T09:25:48,1500.0,105.0,B
2021-07-22T09:25:23,600.0,104.2,S
2021-07-22T09:25:10,100.0,104.2,S
2021-07-22T09:24:25,200.0,104.2,B
2021-07-22T09:24:18,600.0,104.2,B
2021-07-22T09:24:18,200.0,104.2,S
2021-07-22T09:24:11,500.0,105.0,B
2021-07-22T09:24:11,100.0,105.0,B
2021-07-22T09:24:11,500.0,104.8,B
2021-07-22T09:24:11,300.0,104.5,B
2021-07-22T09:24:11,1000.0,104.5,B
2021-07-22T09:24:11,100.0,104.5,B
2021-07-22T09:24:11,100.0,104.5,B
2021-07-22T09:24:08,1200.0,104.5,B
2021-07-22T09:24:08,100.0,104.4,B
2021-07-22T09:24:08,900.0,104.4,B
2021-07-22T09:23:48,2100.0,104.4,B
2021-07-22T09:23:38,100.0,104.3,B
2021-07-22T09:23:30,1500.0,104.3,B
2021-07-22T09:23:11,1000.0,104.3,B
2021-07-22T09:23:11,100.0,104.0,B
2021-07-22T09:23:11,1300.0,104.0,B
2021-07-22T09:23:07,100.0,104.0,B
2021-07-22T09:22:54,200.0,104.0,B
2021-07-22T09:22:50,1900.0,104.0,B
2021-07-22T09:22:32,2000.0,104.0,B
2021-07-22T09:22:22,100.0,104.0,B
2021-07-22T09:22:12,200.0,104.0,B
2021-07-22T09:22:12,1100.0,104.0,B
2021-07-22T09:21:54,400.0,103.7,S
2021-07-22T09:21:52,2300.0,104.0,B
2021-07-22T09:21:39,100.0,104.0,B
2021-07-22T09:21:23,400.0,104.0,B
2021-07-22T09:20:23,1500.0,104.0,B
2021-07-22T09:20:03,2400.0,104.0,B
2021-07-22T09:20:00,100.0,103.7,S
2021-07-22T09:19:37,200.0,104.0,B
2021-07-22T09:19:35,2200.0,104.0,B
2021-07-22T09:19:25,400.0,104.0,B
2021-07-22T09:19:19,100.0,104.0,B
2021-07-22T09:19:19,4200.0,104.0,S
2021-07-22T09:19:14,100.0,104.4,B
2021-07-22T09:19:10,1500.0,104.4,B
2021-07-22T09:18:53,500.0,104.4,B
2021-07-22T09:18:53,100.0,104.4,B
2021-07-22T09:18:53,1500.0,104.4,B
2021-07-22T09:18:35,2000.0,104.0,S
2021-07-22T09:18:29,100.0,104.0,S
2021-07-22T09:18:26,300.0,104.4,B
2021-07-22T09:18:26,1200.0,104.3,B
2021-07-22T09:18:26,200.0,104.3,B
2021-07-22T09:18:25,100.0,104.0,S
2021-07-22T09:18:19,100.0,104.0,S
2021-07-22T09:17:53,200.0,104.0,S
2021-07-22T09:17:51,700.0,104.0,B
2021-07-22T09:17:50,100.0,104.0,B
2021-07-22T09:17:44,100.0,104.0,B
2021-07-22T09:17:40,100.0,104.0,S
2021-07-22T09:17:40,100.0,104.0,B
2021-07-22T09:17:39,700.0,104.0,B
2021-07-22T09:17:35,100.0,104.0,S
2021-07-22T09:17:12,100.0,104.0,S
2021-07-22T09:17:06,200.0,104.4,B
2021-07-22T09:16:44,100.0,104.0,S
2021-07-22T09:15:49,1400.0,104.4,B
2021-07-22T09:15:41,100.0,104.5,B
2021-07-22T09:15:24,100.0,104.4,B
