tradingTime,volume,price,side
2021-07-22T13:52:18,200.0,114.0,B
2021-07-22T13:52:12,200.0,114.0,B
2021-07-22T13:52:12,100.0,114.0,B
2021-07-22T13:52:07,200.0,114.0,B
2021-07-22T13:52:07,100.0,114.0,B
2021-07-22T13:52:02,200.0,114.0,B
2021-07-22T13:51:59,100.0,114.0,B
2021-07-22T13:51:54,200.0,114.0,B
2021-07-22T13:51:46,3000.0,114.0,B
2021-07-22T13:51:46,1200.0,114.0,B
2021-07-22T13:51:46,100.0,114.0,B
2021-07-22T13:51:46,500.0,114.0,B
2021-07-22T13:51:29,200.0,114.0,B
2021-07-22T13:51:24,200.0,114.0,B
2021-07-22T13:51:19,200.0,114.0,B
2021-07-22T13:51:14,200.0,114.0,B
2021-07-22T13:51:09,200.0,114.0,B
2021-07-22T13:50:59,300.0,114.0,B
2021-07-22T13:50:47,200.0,114.0,B
2021-07-22T13:50:43,200.0,114.0,B
2021-07-22T13:50:37,100.0,114.0,B
2021-07-22T13:50:31,100.0,114.0,B
2021-07-22T13:50:17,1000.0,114.0,B
2021-07-22T13:50:14,200.0,114.0,B
2021-07-22T13:50:10,200.0,114.0,B
2021-07-22T13:50:05,200.0,114.0,B
2021-07-22T13:50:01,2000.0,114.0,B
2021-07-22T13:50:00,200.0,114.0,B
2021-07-22T13:49:54,200.0,114.0,B
2021-07-22T13:49:09,100.0,114.0,B
2021-07-22T13:49:04,100.0,114.0,B
2021-07-22T13:48:15,200.0,114.0,B
2021-07-22T13:48:09,200.0,114.0,B
2021-07-22T13:48:03,200.0,114.0,B
2021-07-22T13:47:58,200.0,114.0,B
2021-07-22T13:47:53,200.0,114.0,B
2021-07-22T13:47:30,100.0,114.0,B
2021-07-22T13:47:24,100.0,114.0,B
2021-07-22T13:47:17,200.0,114.0,B
2021-07-22T13:47:10,200.0,114.0,B
2021-07-22T13:46:23,1000.0,114.0,B
2021-07-22T13:42:54,700.0,114.0,B
2021-07-22T13:42:02,1000.0,114.0,B
2021-07-22T13:41:54,1000.0,113.9,B
2021-07-22T13:41:44,600.0,113.9,B
2021-07-22T13:41:35,300.0,113.9,B
2021-07-22T13:41:22,200.0,113.9,B
2021-07-22T13:39:52,1000.0,113.9,B
2021-07-22T13:39:38,200.0,113.9,B
2021-07-22T13:39:28,200.0,113.9,B
2021-07-22T13:39:24,400.0,113.9,B
2021-07-22T13:39:13,200.0,113.9,B
2021-07-22T13:39:07,200.0,113.9,B
2021-07-22T13:38:47,200.0,113.9,B
2021-07-22T13:38:42,300.0,113.9,B
2021-07-22T13:38:40,200.0,113.9,B
2021-07-22T13:38:35,300.0,113.9,B
2021-07-22T13:38:32,200.0,113.9,B
2021-07-22T13:38:18,200.0,113.9,B
2021-07-22T13:38:11,200.0,113.9,B
2021-07-22T13:37:28,100.0,113.9,B
2021-07-22T13:37:16,300.0,113.9,B
2021-07-22T13:36:43,1000.0,113.9,B
2021-07-22T13:36:43,400.0,113.9,B
2021-07-22T13:36:29,200.0,113.9,B
2021-07-22T13:36:23,400.0,113.9,B
2021-07-22T13:36:12,200.0,113.9,B
2021-07-22T13:36:07,200.0,113.9,B
2021-07-22T13:36:01,400.0,113.9,B
2021-07-22T13:35:57,300.0,113.9,B
2021-07-22T13:35:54,300.0,113.9,B
2021-07-22T13:35:50,400.0,113.9,B
2021-07-22T13:35:47,300.0,113.9,B
2021-07-22T13:35:42,200.0,113.9,B
2021-07-22T13:35:39,300.0,113.9,B
2021-07-22T13:35:33,300.0,113.9,B
2021-07-22T13:35:23,300.0,113.9,B
2021-07-22T13:35:18,300.0,113.9,B
2021-07-22T13:35:07,200.0,113.9,B
2021-07-22T13:34:34,100.0,113.9,B
2021-07-22T13:34:25,200.0,113.9,S
2021-07-22T13:33:00,1800.0,113.9,B
2021-07-22T13:32:41,1000.0,113.9,B
2021-07-22T13:32:24,1800.0,113.9,B
2021-07-22T13:32:11,2800.0,113.9,B
2021-07-22T13:31:38,100.0,113.9,B
2021-07-22T13:31:30,2100.0,113.9,S
2021-07-22T13:31:18,1300.0,113.9,B
2021-07-22T13:31:00,2600.0,113.9,B
2021-07-22T13:30:43,1700.0,113.9,B
2021-07-22T13:30:22,2600.0,113.9,B
2021-07-22T13:30:10,500.0,113.9,S
2021-07-22T13:30:04,500.0,113.9,B
2021-07-22T13:29:56,200.0,113.6,S
2021-07-22T13:29:44,2100.0,113.9,B
2021-07-22T13:29:44,300.0,113.8,B
2021-07-22T13:29:30,1800.0,113.9,B
2021-07-22T13:28:55,100.0,113.9,S
2021-07-22T13:28:45,2100.0,113.9,B
2021-07-22T13:28:32,2400.0,113.9,B
2021-07-22T13:28:20,1700.0,113.9,B
2021-07-22T13:28:02,2800.0,113.9,B
2021-07-22T13:27:48,2000.0,113.9,B
2021-07-22T13:27:38,1500.0,113.9,B
2021-07-22T13:27:38,1100.0,113.9,B
2021-07-22T13:27:21,2800.0,113.9,B
2021-07-22T13:27:06,1100.0,113.9,B
2021-07-22T13:26:58,900.0,113.9,B
2021-07-22T13:26:58,1400.0,113.9,B
2021-07-22T13:26:46,1000.0,113.9,B
2021-07-22T13:26:19,100.0,113.8,S
2021-07-22T13:26:19,300.0,113.8,S
2021-07-22T13:26:11,2500.0,113.8,B
2021-07-22T13:26:07,200.0,113.8,B
2021-07-22T13:25:58,300.0,113.8,B
2021-07-22T13:25:57,500.0,113.9,B
2021-07-22T13:25:53,2500.0,113.8,B
2021-07-22T13:25:52,100.0,113.8,B
2021-07-22T13:25:52,200.0,113.8,B
2021-07-22T13:25:45,500.0,113.8,B
2021-07-22T13:25:43,300.0,113.8,B
2021-07-22T13:25:39,1600.0,113.8,B
2021-07-22T13:25:35,200.0,113.8,B
2021-07-22T13:25:27,300.0,113.8,B
2021-07-22T13:25:23,500.0,113.8,B
2021-07-22T13:25:21,2400.0,113.8,B
2021-07-22T13:25:12,500.0,113.8,B
2021-07-22T13:25:06,2200.0,113.8,B
2021-07-22T13:24:47,400.0,113.8,B
2021-07-22T13:24:47,1500.0,113.8,B
2021-07-22T13:24:38,300.0,113.9,B
2021-07-22T13:24:35,200.0,113.8,B
2021-07-22T13:24:29,1300.0,113.8,S
2021-07-22T13:24:27,1000.0,113.8,B
2021-07-22T13:24:26,200.0,113.8,B
2021-07-22T13:24:22,200.0,113.8,B
2021-07-22T13:24:18,200.0,113.8,B
2021-07-22T13:24:13,300.0,113.8,B
2021-07-22T13:24:13,1600.0,113.8,B
2021-07-22T13:24:09,1500.0,113.8,B
2021-07-22T13:24:09,300.0,113.8,B
2021-07-22T13:24:01,200.0,113.8,B
2021-07-22T13:23:50,300.0,113.8,B
2021-07-22T13:23:40,100.0,113.6,S
2021-07-22T13:23:38,200.0,113.8,S
2021-07-22T13:23:32,2300.0,113.8,S
2021-07-22T13:23:20,1300.0,113.8,B
2021-07-22T13:23:20,400.0,113.8,B
2021-07-22T13:23:08,2500.0,113.8,B
2021-07-22T13:21:19,2000.0,113.8,B
2021-07-22T13:20:49,1700.0,113.8,B
2021-07-22T13:20:32,2000.0,113.8,B
2021-07-22T13:20:19,1300.0,113.8,B
2021-07-22T13:20:08,1900.0,113.8,B
2021-07-22T13:19:36,3000.0,113.8,B
2021-07-22T13:19:25,3000.0,113.7,B
2021-07-22T13:18:42,2000.0,113.6,B
2021-07-22T13:11:18,2200.0,113.8,B
2021-07-22T13:11:02,3000.0,113.7,B
2021-07-22T13:05:17,200.0,113.5,S
2021-07-22T13:04:48,200.0,113.5,S
2021-07-22T13:02:04,100.0,113.6,B
2021-07-22T13:01:54,200.0,113.6,B
2021-07-22T13:01:46,200.0,113.6,B
2021-07-22T13:01:35,200.0,113.6,B
2021-07-22T13:01:23,200.0,113.6,B
2021-07-22T13:01:14,100.0,113.6,B
2021-07-22T13:00:13,100.0,113.6,B
2021-07-22T13:00:12,100.0,113.6,B
2021-07-22T11:28:47,100.0,113.6,B
2021-07-22T11:27:50,200.0,113.6,B
2021-07-22T11:21:24,1000.0,113.7,B
2021-07-22T11:19:14,300.0,113.7,B
2021-07-22T11:18:26,1200.0,113.7,S
2021-07-22T11:12:04,100.0,113.7,S
2021-07-22T11:12:01,200.0,113.9,B
2021-07-22T11:09:33,100.0,113.7,B
2021-07-22T11:03:50,15000.0,113.9,B
2021-07-22T10:57:46,200.0,113.7,B
2021-07-22T10:57:33,1000.0,113.7,B
2021-07-22T10:57:30,500.0,113.7,B
2021-07-22T10:57:27,300.0,113.7,B
2021-07-22T10:56:51,200.0,113.7,B
2021-07-22T10:56:50,300.0,113.7,B
2021-07-22T10:56:39,300.0,113.6,B
2021-07-22T10:56:30,200.0,113.6,B
2021-07-22T10:51:31,1000.0,113.6,B
2021-07-22T10:50:48,500.0,113.6,B
2021-07-22T10:50:34,500.0,113.6,B
2021-07-22T10:49:32,500.0,113.7,B
2021-07-22T10:49:01,3000.0,113.8,B
2021-07-22T10:48:48,1100.0,113.7,B
2021-07-22T10:48:48,1900.0,113.6,B
2021-07-22T10:48:46,1000.0,113.6,B
2021-07-22T10:48:04,2200.0,113.6,B
2021-07-22T10:47:54,2700.0,113.6,B
2021-07-22T10:46:12,900.0,113.7,B
2021-07-22T10:46:08,500.0,113.7,B
2021-07-22T10:46:00,2100.0,113.7,B
2021-07-22T10:45:50,1900.0,113.7,B
2021-07-22T10:45:42,1800.0,113.7,B
2021-07-22T10:43:52,100.0,113.7,B
2021-07-22T10:43:37,2600.0,113.8,B
2021-07-22T10:43:22,3000.0,113.7,B
2021-07-22T10:43:09,800.0,113.6,B
2021-07-22T10:42:55,1600.0,113.6,B
2021-07-22T10:42:07,1900.0,113.7,B
2021-07-22T10:41:36,2200.0,113.7,B
2021-07-22T10:41:11,2700.0,113.6,B
2021-07-22T10:40:43,3000.0,113.6,B
2021-07-22T10:40:30,200.0,113.6,B
2021-07-22T10:39:23,200.0,113.7,B
2021-07-22T10:39:09,3200.0,113.8,B
2021-07-22T10:38:58,800.0,113.7,B
2021-07-22T10:38:46,2200.0,113.7,B
2021-07-22T10:38:37,1200.0,113.7,B
2021-07-22T10:38:23,3000.0,113.7,B
2021-07-22T10:38:09,1900.0,113.6,B
2021-07-22T10:37:59,1100.0,113.6,B
2021-07-22T10:37:50,300.0,113.6,B
2021-07-22T10:37:40,3000.0,113.7,B
2021-07-22T10:37:29,2000.0,113.6,B
2021-07-22T10:37:20,900.0,113.6,B
2021-07-22T10:37:09,600.0,113.7,B
2021-07-22T10:37:00,2000.0,113.7,B
2021-07-22T10:36:51,1100.0,113.8,B
2021-07-22T10:36:40,1400.0,113.7,B
2021-07-22T10:36:29,3000.0,113.7,B
2021-07-22T10:36:15,2000.0,113.7,B
2021-07-22T10:36:02,800.0,113.8,B
2021-07-22T10:36:02,300.0,113.8,B
2021-07-22T10:35:54,2400.0,113.7,B
2021-07-22T10:35:53,500.0,113.7,B
2021-07-22T10:35:38,2800.0,113.7,B
2021-07-22T10:35:26,3500.0,113.7,B
2021-07-22T10:35:15,1400.0,113.7,B
2021-07-22T10:35:04,3000.0,113.6,B
2021-07-22T10:34:53,1700.0,113.7,B
2021-07-22T10:34:44,1200.0,113.6,B
2021-07-22T10:34:34,2000.0,113.6,B
2021-07-22T10:34:21,1900.0,113.6,B
2021-07-22T10:27:34,500.0,113.8,B
2021-07-22T10:25:23,500.0,113.7,B
2021-07-22T10:20:10,200.0,113.7,B
2021-07-22T10:16:09,500.0,112.9,S
2021-07-22T10:11:35,100.0,113.8,B
2021-07-22T10:09:29,4000.0,113.7,B
2021-07-22T10:09:10,1300.0,113.6,B
2021-07-22T10:08:12,100.0,113.6,B
2021-07-22T10:03:20,200.0,113.6,B
2021-07-22T10:02:12,100.0,112.8,S
2021-07-22T10:02:07,100.0,112.9,S
2021-07-22T10:01:55,200.0,112.9,S
2021-07-22T10:01:51,100.0,112.9,S
2021-07-22T10:01:46,100.0,112.9,S
2021-07-22T10:01:42,100.0,112.9,S
2021-07-22T10:01:37,100.0,112.9,S
2021-07-22T10:01:33,100.0,112.9,S
2021-07-22T10:01:29,100.0,112.9,S
2021-07-22T10:01:23,100.0,112.9,S
2021-07-22T10:01:17,100.0,112.9,S
2021-07-22T10:01:12,2200.0,113.6,B
2021-07-22T10:01:12,200.0,113.6,B
2021-07-22T10:01:06,300.0,112.9,S
2021-07-22T10:00:47,300.0,112.9,S
2021-07-22T10:00:44,2800.0,113.5,B
2021-07-22T10:00:42,100.0,112.9,S
2021-07-22T10:00:37,100.0,112.9,S
2021-07-22T10:00:32,100.0,112.9,S
2021-07-22T10:00:27,100.0,112.9,S
2021-07-22T10:00:24,100.0,113.0,S
2021-07-22T10:00:16,100.0,113.0,S
2021-07-22T10:00:10,100.0,113.0,S
2021-07-22T09:59:40,2600.0,113.6,B
2021-07-22T09:58:54,700.0,113.7,B
2021-07-22T09:58:54,2300.0,113.6,B
2021-07-22T09:58:39,1600.0,113.6,B
2021-07-22T09:58:38,100.0,113.6,B
2021-07-22T09:58:27,400.0,113.0,S
2021-07-22T09:58:21,2900.0,113.7,B
2021-07-22T09:58:15,300.0,113.0,S
2021-07-22T09:58:02,400.0,113.0,S
2021-07-22T09:57:55,1600.0,113.6,B
2021-07-22T09:57:52,200.0,113.0,S
2021-07-22T09:57:42,200.0,113.0,S
2021-07-22T09:57:42,200.0,113.0,S
2021-07-22T09:57:33,2400.0,113.6,B
2021-07-22T09:57:15,1700.0,113.6,B
2021-07-22T09:57:00,2600.0,113.7,B
2021-07-22T09:56:31,2400.0,113.7,B
2021-07-22T09:56:17,2800.0,113.7,B
2021-07-22T09:56:03,500.0,113.7,B
2021-07-22T09:55:48,3000.0,113.7,B
2021-07-22T09:55:34,2400.0,113.6,B
2021-07-22T09:55:24,900.0,113.6,B
2021-07-22T09:54:55,900.0,113.6,S
2021-07-22T09:54:46,2800.0,113.6,B
2021-07-22T09:53:30,3300.0,113.6,B
2021-07-22T09:53:03,2800.0,113.7,B
2021-07-22T09:52:47,1700.0,113.6,B
2021-07-22T09:52:33,2500.0,113.6,B
2021-07-22T09:52:05,2800.0,113.7,B
2021-07-22T09:51:50,2400.0,113.6,B
2021-07-22T09:51:37,1900.0,113.6,B
2021-07-22T09:51:24,2600.0,113.7,B
2021-07-22T09:51:07,2300.0,113.7,B
2021-07-22T09:50:54,2400.0,113.7,B
2021-07-22T09:50:27,400.0,113.7,B
2021-07-22T09:50:27,2000.0,113.6,B
2021-07-22T09:50:12,3200.0,113.7,B
2021-07-22T09:49:56,2500.0,113.6,B
2021-07-22T09:49:39,1900.0,113.7,B
2021-07-22T09:49:27,2400.0,113.6,B
2021-07-22T09:48:43,1200.0,113.7,S
2021-07-22T09:48:35,900.0,113.7,B
2021-07-22T09:48:25,2100.0,113.7,S
2021-07-22T09:48:20,600.0,113.7,S
2021-07-22T09:48:08,1900.0,113.7,B
2021-07-22T09:47:39,2300.0,113.7,B
2021-07-22T09:47:26,500.0,113.7,B
2021-07-22T09:47:23,2400.0,113.7,B
2021-07-22T09:46:50,2300.0,113.7,B
2021-07-22T09:46:50,500.0,113.7,B
2021-07-22T09:46:37,1300.0,113.7,B
2021-07-22T09:46:37,1000.0,113.6,B
2021-07-22T09:46:10,2500.0,113.7,B
2021-07-22T09:45:47,3000.0,113.7,B
2021-07-22T09:44:37,2200.0,113.7,B
2021-07-22T09:40:46,2600.0,113.8,B
2021-07-22T09:40:41,200.0,113.0,S
2021-07-22T09:40:38,200.0,113.0,S
2021-07-22T09:40:32,200.0,113.0,S
2021-07-22T09:40:26,200.0,113.0,S
2021-07-22T09:40:15,200.0,113.0,S
2021-07-22T09:39:55,100.0,113.0,S
2021-07-22T09:39:48,100.0,113.0,S
2021-07-22T09:39:44,100.0,113.0,S
2021-07-22T09:39:40,100.0,113.0,S
2021-07-22T09:39:35,100.0,113.0,S
2021-07-22T09:39:31,100.0,113.0,S
2021-07-22T09:39:27,100.0,113.0,S
2021-07-22T09:39:23,100.0,113.0,S
2021-07-22T09:39:19,100.0,113.7,S
2021-07-22T09:39:11,100.0,113.7,S
2021-07-22T09:38:01,600.0,113.8,B
2021-07-22T09:37:39,600.0,113.8,B
2021-07-22T09:37:39,2400.0,113.7,B
2021-07-22T09:37:26,3000.0,113.7,B
2021-07-22T09:36:33,1000.0,113.7,B
2021-07-22T09:36:33,2000.0,113.7,B
2021-07-22T09:36:03,100.0,113.8,B
2021-07-22T09:36:02,2900.0,113.8,B
2021-07-22T09:35:15,1100.0,113.8,B
2021-07-22T09:35:15,200.0,113.7,B
2021-07-22T09:35:02,2800.0,113.7,B
2021-07-22T09:34:49,2200.0,113.8,B
2021-07-22T09:34:40,1500.0,113.7,B
2021-07-22T09:34:21,2300.0,113.8,B
2021-07-22T09:34:21,500.0,113.8,B
2021-07-22T09:33:12,1100.0,113.8,B
2021-07-22T09:32:57,1200.0,113.8,B
2021-07-22T09:32:45,2200.0,113.8,B
2021-07-22T09:32:06,1400.0,113.8,B
2021-07-22T09:31:32,2600.0,113.8,B
2021-07-22T09:31:15,1700.0,113.7,B
2021-07-22T09:31:01,1900.0,113.7,B
2021-07-22T09:30:38,2500.0,113.8,B
2021-07-22T09:30:29,2000.0,113.8,B
2021-07-22T09:30:29,1000.0,113.6,B
2021-07-22T09:29:18,1000.0,113.0,S
2021-07-22T09:28:43,1000.0,113.0,S
2021-07-22T09:28:11,1000.0,113.1,S
2021-07-22T09:27:06,1000.0,113.1,S
2021-07-22T09:26:18,1000.0,113.3,S
2021-07-22T09:25:24,200.0,113.5,S
2021-07-22T09:24:13,1000.0,113.7,B
2021-07-22T09:21:32,100.0,113.5,S
2021-07-22T09:18:12,900.0,113.5,S
2021-07-22T09:16:40,100.0,113.8,S
2021-07-22T09:16:36,300.0,113.8,S
2021-07-22T09:16:17,600.0,113.8,S
