tradingTime,volume,price,side
2021-07-22T13:52:17,200.0,86.7,B
2021-07-22T13:52:15,600.0,86.7,B
2021-07-22T13:52:15,100.0,86.7,B
2021-07-22T13:52:12,500.0,86.7,B
2021-07-22T13:52:12,1000.0,86.7,B
2021-07-22T13:52:09,200.0,86.7,B
2021-07-22T13:52:07,1000.0,86.7,B
2021-07-22T13:52:03,100.0,86.7,B
2021-07-22T13:52:03,100.0,86.7,B
2021-07-22T13:52:00,1000.0,86.7,B
2021-07-22T13:51:57,100.0,86.7,B
2021-07-22T13:51:57,100.0,86.7,B
2021-07-22T13:51:54,1000.0,86.7,B
2021-07-22T13:51:50,200.0,86.6,S
2021-07-22T13:51:50,2100.0,86.7,B
2021-07-22T13:51:46,200.0,86.7,B
2021-07-22T13:51:39,200.0,86.7,B
2021-07-22T13:51:33,200.0,86.7,B
2021-07-22T13:51:29,200.0,86.7,B
2021-07-22T13:51:27,100.0,86.7,B
2021-07-22T13:51:24,1000.0,86.7,B
2021-07-22T13:51:23,200.0,86.7,B
2021-07-22T13:51:19,1000.0,86.7,B
2021-07-22T13:51:17,100.0,86.7,B
2021-07-22T13:51:17,200.0,86.7,B
2021-07-22T13:51:14,1000.0,86.7,B
2021-07-22T13:51:11,200.0,86.7,B
2021-07-22T13:51:08,1000.0,86.7,B
2021-07-22T13:51:05,100.0,86.7,B
2021-07-22T13:51:02,100.0,86.7,B
2021-07-22T13:51:00,200.0,86.7,B
2021-07-22T13:50:54,200.0,86.7,B
2021-07-22T13:50:47,200.0,86.7,B
2021-07-22T13:50:42,100.0,86.7,B
2021-07-22T13:50:42,100.0,86.7,B
2021-07-22T13:50:36,200.0,86.7,B
2021-07-22T13:50:30,200.0,86.7,B
2021-07-22T13:50:25,200.0,86.7,B
2021-07-22T13:50:25,1000.0,86.7,B
2021-07-22T13:50:19,100.0,86.7,B
2021-07-22T13:50:16,1300.0,86.7,B
2021-07-22T13:50:14,200.0,86.7,B
2021-07-22T13:50:13,200.0,86.7,B
2021-07-22T13:50:10,1600.0,86.7,B
2021-07-22T13:50:08,200.0,86.7,B
2021-07-22T13:50:05,1000.0,86.7,B
2021-07-22T13:50:01,200.0,86.7,B
2021-07-22T13:49:59,1000.0,86.7,B
2021-07-22T13:49:56,100.0,86.7,B
2021-07-22T13:49:54,1000.0,86.7,B
2021-07-22T13:49:50,200.0,86.7,B
2021-07-22T13:49:46,200.0,86.7,B
2021-07-22T13:49:45,200.0,86.7,B
2021-07-22T13:49:39,200.0,86.7,B
2021-07-22T13:49:32,100.0,86.7,B
2021-07-22T13:49:27,200.0,86.7,B
2021-07-22T13:49:22,200.0,86.7,B
2021-07-22T13:49:21,1000.0,86.7,B
2021-07-22T13:49:16,200.0,86.7,B
2021-07-22T13:49:10,200.0,86.7,B
2021-07-22T13:49:04,100.0,86.7,B
2021-07-22T13:49:00,200.0,86.7,B
2021-07-22T13:48:59,200.0,86.7,B
2021-07-22T13:48:53,200.0,86.7,B
2021-07-22T13:48:47,200.0,86.7,B
2021-07-22T13:48:41,100.0,86.7,B
2021-07-22T13:48:37,200.0,86.7,B
2021-07-22T13:48:29,200.0,86.7,B
2021-07-22T13:48:24,200.0,86.7,B
2021-07-22T13:48:20,200.0,86.7,B
2021-07-22T13:48:18,100.0,86.7,B
2021-07-22T13:48:15,800.0,86.7,B
2021-07-22T13:48:12,200.0,86.7,B
2021-07-22T13:48:08,800.0,86.7,B
2021-07-22T13:48:07,200.0,86.7,B
2021-07-22T13:48:03,700.0,86.7,B
2021-07-22T13:48:03,800.0,86.7,B
2021-07-22T13:48:00,100.0,86.6,S
2021-07-22T13:48:00,100.0,86.6,B
2021-07-22T13:47:57,800.0,86.6,B
2021-07-22T13:47:55,100.0,86.6,B
2021-07-22T13:47:52,800.0,86.6,B
2021-07-22T13:47:50,200.0,86.6,B
2021-07-22T13:47:44,200.0,86.6,B
2021-07-22T13:47:42,100.0,86.6,B
2021-07-22T13:47:38,200.0,86.6,B
2021-07-22T13:47:32,500.0,86.6,S
2021-07-22T13:47:32,200.0,86.6,S
2021-07-22T13:47:32,500.0,86.6,S
2021-07-22T13:47:32,2500.0,86.6,S
2021-07-22T13:47:32,200.0,86.6,S
2021-07-22T13:47:32,1500.0,86.6,S
2021-07-22T13:47:32,200.0,86.6,S
2021-07-22T13:47:32,400.0,86.6,S
2021-07-22T13:47:32,1100.0,86.6,S
2021-07-22T13:47:32,100.0,86.6,S
2021-07-22T13:47:32,200.0,86.6,S
2021-07-22T13:46:55,100.0,86.6,S
2021-07-22T13:46:49,100.0,86.6,S
2021-07-22T13:46:49,900.0,86.6,S
2021-07-22T13:46:38,2000.0,86.6,S
2021-07-22T13:45:56,500.0,86.6,S
2021-07-22T13:45:46,900.0,86.6,S
2021-07-22T13:45:46,600.0,86.6,S
2021-07-22T13:45:46,400.0,86.6,S
2021-07-22T13:45:46,100.0,86.6,S
2021-07-22T13:45:42,300.0,86.6,S
2021-07-22T13:45:31,100.0,86.6,S
2021-07-22T13:45:24,500.0,86.6,S
2021-07-22T13:45:12,2600.0,86.6,S
2021-07-22T13:45:09,200.0,86.7,B
2021-07-22T13:45:08,300.0,86.6,S
2021-07-22T13:45:03,700.0,86.7,B
2021-07-22T13:45:02,2000.0,86.6,S
2021-07-22T13:44:57,200.0,86.7,B
2021-07-22T13:44:51,100.0,86.7,B
2021-07-22T13:44:47,300.0,86.7,B
2021-07-22T13:44:47,700.0,86.7,B
2021-07-22T13:44:46,200.0,86.7,B
2021-07-22T13:44:40,400.0,86.7,B
2021-07-22T13:44:40,200.0,86.7,B
2021-07-22T13:44:35,400.0,86.7,B
2021-07-22T13:44:34,200.0,86.7,B
2021-07-22T13:44:30,100.0,86.7,B
2021-07-22T13:44:28,100.0,86.7,B
2021-07-22T13:44:23,200.0,86.7,B
2021-07-22T13:44:21,500.0,86.7,B
2021-07-22T13:44:17,200.0,86.7,S
2021-07-22T13:44:17,400.0,86.7,S
2021-07-22T13:44:17,3100.0,86.7,S
2021-07-22T13:44:17,200.0,86.7,S
2021-07-22T13:44:17,3300.0,86.7,S
2021-07-22T13:43:47,300.0,86.7,S
2021-07-22T13:43:46,300.0,86.7,S
2021-07-22T13:43:42,100.0,86.7,B
2021-07-22T13:43:41,100.0,86.7,B
2021-07-22T13:43:35,100.0,86.7,B
2021-07-22T13:43:32,500.0,86.7,B
2021-07-22T13:43:31,200.0,86.7,B
2021-07-22T13:43:25,200.0,86.7,B
2021-07-22T13:43:23,300.0,86.7,S
2021-07-22T13:43:13,100.0,86.7,B
2021-07-22T13:43:10,1000.0,86.7,B
2021-07-22T13:43:08,200.0,86.7,B
2021-07-22T13:43:01,200.0,86.7,B
2021-07-22T13:43:01,100.0,86.7,B
2021-07-22T13:42:57,100.0,86.7,B
2021-07-22T13:42:56,200.0,86.7,B
2021-07-22T13:42:54,200.0,86.7,S
2021-07-22T13:42:54,200.0,86.7,S
2021-07-22T13:42:54,100.0,86.7,S
2021-07-22T13:42:54,400.0,86.7,S
2021-07-22T13:42:54,2200.0,86.7,S
2021-07-22T13:42:54,500.0,86.7,S
2021-07-22T13:42:54,100.0,86.7,S
2021-07-22T13:42:54,500.0,86.7,S
2021-07-22T13:42:54,700.0,86.7,S
2021-07-22T13:42:54,200.0,86.7,S
2021-07-22T13:42:54,11700.0,86.7,S
2021-07-22T13:42:50,100.0,86.8,B
2021-07-22T13:42:43,200.0,86.8,B
2021-07-22T13:42:39,500.0,86.8,B
2021-07-22T13:42:39,700.0,86.7,S
2021-07-22T13:42:32,700.0,86.7,S
2021-07-22T13:42:08,100.0,86.7,S
2021-07-22T13:42:06,100.0,86.7,S
2021-07-22T13:42:03,100.0,86.8,B
2021-07-22T13:41:59,100.0,86.8,B
2021-07-22T13:41:49,100.0,86.7,S
2021-07-22T13:41:47,200.0,86.8,B
2021-07-22T13:41:44,600.0,86.8,B
2021-07-22T13:41:43,1000.0,86.8,B
2021-07-22T13:41:01,100.0,86.7,S
2021-07-22T13:41:01,200.0,86.7,S
2021-07-22T13:41:01,1000.0,86.7,S
2021-07-22T13:41:01,500.0,86.7,S
2021-07-22T13:41:01,200.0,86.7,S
2021-07-22T13:41:01,200.0,86.8,B
2021-07-22T13:40:57,2000.0,86.8,B
2021-07-22T13:40:55,100.0,86.8,B
2021-07-22T13:40:50,200.0,86.8,B
2021-07-22T13:40:43,200.0,86.8,B
2021-07-22T13:40:38,200.0,86.8,B
2021-07-22T13:40:32,100.0,86.8,B
2021-07-22T13:40:26,200.0,86.8,B
2021-07-22T13:40:21,200.0,86.8,B
2021-07-22T13:40:15,200.0,86.8,B
2021-07-22T13:40:10,100.0,86.8,B
2021-07-22T13:39:40,300.0,86.7,S
2021-07-22T13:39:38,700.0,86.8,B
2021-07-22T13:39:35,900.0,86.8,B
2021-07-22T13:39:35,200.0,86.8,B
2021-07-22T13:39:32,800.0,86.8,B
2021-07-22T13:39:29,200.0,86.8,B
2021-07-22T13:39:23,1300.0,86.8,B
2021-07-22T13:39:22,200.0,86.8,B
2021-07-22T13:39:17,100.0,86.8,B
2021-07-22T13:39:14,900.0,86.8,B
2021-07-22T13:39:13,200.0,86.7,S
2021-07-22T13:39:13,800.0,86.7,S
2021-07-22T13:39:12,100.0,86.7,S
2021-07-22T13:39:09,1800.0,86.7,S
2021-07-22T13:39:09,200.0,86.7,S
2021-07-22T13:39:07,900.0,86.8,B
2021-07-22T13:39:05,100.0,86.7,S
2021-07-22T13:39:05,200.0,86.8,B
2021-07-22T13:39:00,200.0,86.8,B
2021-07-22T13:38:54,100.0,86.8,B
2021-07-22T13:38:49,200.0,86.8,B
2021-07-22T13:38:49,200.0,86.8,B
2021-07-22T13:38:44,200.0,86.8,B
2021-07-22T13:38:44,800.0,86.8,B
2021-07-22T13:38:41,600.0,86.8,B
2021-07-22T13:38:38,1000.0,86.8,B
2021-07-22T13:38:38,1000.0,86.7,B
2021-07-22T13:38:34,100.0,86.7,B
2021-07-22T13:38:32,200.0,86.7,B
2021-07-22T13:38:31,500.0,86.7,B
2021-07-22T13:38:26,1000.0,86.7,B
2021-07-22T13:38:21,200.0,86.7,B
2021-07-22T13:38:19,800.0,86.7,B
2021-07-22T13:38:13,200.0,86.7,B
2021-07-22T13:38:11,100.0,86.7,B
2021-07-22T13:38:09,500.0,86.7,B
2021-07-22T13:38:06,800.0,86.7,B
2021-07-22T13:38:02,200.0,86.7,B
2021-07-22T13:37:56,200.0,86.7,B
2021-07-22T13:37:54,100.0,86.7,B
2021-07-22T13:37:51,500.0,86.6,S
2021-07-22T13:37:49,200.0,86.7,B
2021-07-22T13:37:49,500.0,86.7,B
2021-07-22T13:37:45,100.0,86.7,B
2021-07-22T13:37:39,200.0,86.7,B
2021-07-22T13:37:33,200.0,86.7,B
2021-07-22T13:37:32,600.0,86.7,B
2021-07-22T13:37:28,200.0,86.7,B
2021-07-22T13:37:25,800.0,86.7,B
2021-07-22T13:37:23,100.0,86.7,B
2021-07-22T13:37:21,1000.0,86.7,B
2021-07-22T13:37:16,1300.0,86.8,B
2021-07-22T13:37:10,200.0,86.8,B
2021-07-22T13:36:49,100.0,86.8,B
2021-07-22T13:36:48,800.0,86.8,B
2021-07-22T13:36:47,800.0,86.8,B
2021-07-22T13:36:47,100.0,86.8,B
2021-07-22T13:36:47,3300.0,86.8,B
2021-07-22T13:36:47,200.0,86.7,B
2021-07-22T13:36:43,300.0,86.7,B
2021-07-22T13:36:42,500.0,86.7,B
2021-07-22T13:36:42,1300.0,86.7,B
2021-07-22T13:36:38,100.0,86.7,B
2021-07-22T13:36:38,300.0,86.7,B
2021-07-22T13:36:37,2000.0,86.7,B
2021-07-22T13:36:36,10000.0,86.7,B
2021-07-22T13:36:32,100.0,86.7,B
2021-07-22T13:36:31,900.0,86.7,B
2021-07-22T13:36:25,200.0,86.7,B
2021-07-22T13:36:24,700.0,86.7,B
2021-07-22T13:36:24,700.0,86.7,B
2021-07-22T13:36:14,200.0,86.7,B
2021-07-22T13:36:14,1100.0,86.7,B
2021-07-22T13:36:09,100.0,86.7,B
2021-07-22T13:36:07,200.0,86.7,B
2021-07-22T13:36:07,100.0,86.7,B
2021-07-22T13:36:04,300.0,86.7,B
2021-07-22T13:36:04,200.0,86.7,B
2021-07-22T13:36:03,500.0,86.7,B
2021-07-22T13:36:03,1200.0,86.7,B
2021-07-22T13:36:02,100.0,86.7,B
2021-07-22T13:35:56,500.0,86.7,B
2021-07-22T13:35:54,1300.0,86.7,B
2021-07-22T13:35:54,1200.0,86.7,B
2021-07-22T13:35:53,300.0,86.7,B
2021-07-22T13:35:50,1400.0,86.7,B
2021-07-22T13:35:49,100.0,86.6,S
2021-07-22T13:35:48,5100.0,86.6,S
2021-07-22T13:35:44,1200.0,86.6,B
2021-07-22T13:35:43,200.0,86.6,B
2021-07-22T13:35:42,200.0,86.6,B
2021-07-22T13:35:40,1200.0,86.6,B
2021-07-22T13:35:35,800.0,86.6,B
2021-07-22T13:35:34,200.0,86.6,B
2021-07-22T13:35:34,1300.0,86.6,B
2021-07-22T13:35:25,100.0,86.6,B
2021-07-22T13:35:25,600.0,86.6,B
2021-07-22T13:35:23,200.0,86.6,B
2021-07-22T13:35:23,1100.0,86.6,B
2021-07-22T13:35:17,200.0,86.6,B
2021-07-22T13:35:15,1000.0,86.6,B
2021-07-22T13:35:12,500.0,86.5,S
2021-07-22T13:35:08,100.0,86.6,B
2021-07-22T13:35:07,900.0,86.6,B
2021-07-22T13:35:00,300.0,86.6,B
2021-07-22T13:34:59,1500.0,86.6,B
2021-07-22T13:34:49,800.0,86.5,S
2021-07-22T13:34:49,100.0,86.5,S
2021-07-22T13:34:49,3600.0,86.5,S
2021-07-22T13:34:35,100.0,86.6,B
2021-07-22T13:34:34,600.0,86.6,B
2021-07-22T13:34:25,100.0,86.6,B
2021-07-22T13:34:23,200.0,86.6,B
2021-07-22T13:33:55,200.0,86.5,S
2021-07-22T13:33:25,200.0,86.6,B
2021-07-22T13:33:24,500.0,86.6,S
2021-07-22T13:33:24,600.0,86.6,S
2021-07-22T13:33:20,2500.0,86.6,S
2021-07-22T13:33:17,2000.0,86.6,S
2021-07-22T13:33:14,2000.0,86.6,S
2021-07-22T13:33:13,100.0,86.6,S
2021-07-22T13:33:10,100.0,86.6,S
2021-07-22T13:33:08,100.0,86.6,S
2021-07-22T13:33:08,100.0,86.6,S
2021-07-22T13:33:04,100.0,86.6,S
2021-07-22T13:32:52,100.0,86.6,S
2021-07-22T13:32:52,1000.0,86.6,S
2021-07-22T13:32:30,1000.0,86.6,S
2021-07-22T13:32:26,200.0,86.6,S
2021-07-22T13:32:21,200.0,86.6,S
2021-07-22T13:32:07,5000.0,86.6,S
2021-07-22T13:32:04,300.0,86.6,S
2021-07-22T13:31:56,200.0,86.6,S
2021-07-22T13:31:45,100.0,86.6,S
2021-07-22T13:31:34,100.0,86.6,S
2021-07-22T13:31:30,600.0,86.6,S
2021-07-22T13:31:03,200.0,86.6,S
2021-07-22T13:31:00,300.0,86.6,S
2021-07-22T13:30:42,300.0,86.6,S
2021-07-22T13:30:42,7200.0,86.6,S
2021-07-22T13:30:42,2500.0,86.6,S
2021-07-22T13:30:34,200.0,86.7,B
2021-07-22T13:30:30,200.0,86.7,B
2021-07-22T13:30:29,1000.0,86.7,B
2021-07-22T13:29:56,200.0,86.7,B
2021-07-22T13:29:53,1000.0,86.7,B
2021-07-22T13:29:45,200.0,86.7,B
2021-07-22T13:29:44,1000.0,86.7,B
2021-07-22T13:29:28,100.0,86.6,S
2021-07-22T13:28:29,1900.0,86.6,B
2021-07-22T13:28:29,9600.0,86.6,B
2021-07-22T13:28:29,600.0,86.6,B
2021-07-22T13:28:29,500.0,86.6,B
2021-07-22T13:28:29,100.0,86.6,B
2021-07-22T13:28:24,100.0,86.6,B
2021-07-22T13:28:22,600.0,86.6,B
2021-07-22T13:28:22,3000.0,86.6,B
2021-07-22T13:28:19,300.0,86.6,B
2021-07-22T13:28:18,1700.0,86.6,B
2021-07-22T13:28:17,1000.0,86.6,B
2021-07-22T13:28:17,100.0,86.6,B
2021-07-22T13:28:17,800.0,86.6,B
2021-07-22T13:28:17,300.0,86.6,B
2021-07-22T13:28:17,200.0,86.6,B
2021-07-22T13:28:17,6100.0,86.6,B
2021-07-22T13:28:14,500.0,86.5,S
2021-07-22T13:28:11,200.0,86.6,B
2021-07-22T13:28:09,400.0,86.6,B
2021-07-22T13:28:08,2000.0,86.6,B
2021-07-22T13:27:59,100.0,86.5,S
2021-07-22T13:27:55,400.0,86.6,B
2021-07-22T13:27:54,2200.0,86.6,B
2021-07-22T13:27:53,400.0,86.5,S
2021-07-22T13:27:53,100.0,86.5,S
2021-07-22T13:27:35,100.0,86.5,S
2021-07-22T13:27:12,100.0,86.5,S
2021-07-22T13:27:12,100.0,86.5,S
2021-07-22T13:26:28,100.0,86.5,S
2021-07-22T13:26:09,100.0,86.6,B
2021-07-22T13:26:08,800.0,86.6,B
2021-07-22T13:26:07,100.0,86.6,B
2021-07-22T13:26:05,600.0,86.6,B
2021-07-22T13:26:02,200.0,86.6,B
2021-07-22T13:26:02,200.0,86.5,S
2021-07-22T13:26:01,600.0,86.6,B
2021-07-22T13:26:01,300.0,86.6,B
2021-07-22T13:26:01,200.0,86.6,B
2021-07-22T13:25:58,1300.0,86.6,B
2021-07-22T13:25:57,1800.0,86.6,B
2021-07-22T13:25:55,2100.0,86.6,B
2021-07-22T13:25:53,1100.0,86.6,B
2021-07-22T13:25:50,400.0,86.6,B
2021-07-22T13:25:48,200.0,86.6,B
2021-07-22T13:25:44,2100.0,86.6,B
2021-07-22T13:25:43,300.0,86.5,S
2021-07-22T13:25:42,1100.0,86.6,B
2021-07-22T13:25:34,100.0,86.6,B
2021-07-22T13:25:33,700.0,86.6,B
2021-07-22T13:25:33,200.0,86.6,B
2021-07-22T13:25:30,200.0,86.6,B
2021-07-22T13:25:29,1100.0,86.6,B
2021-07-22T13:25:26,400.0,86.6,B
2021-07-22T13:25:24,200.0,86.6,B
2021-07-22T13:25:19,2100.0,86.6,B
2021-07-22T13:25:13,400.0,86.6,B
2021-07-22T13:25:11,300.0,86.5,S
2021-07-22T13:25:06,2100.0,86.6,B
2021-07-22T13:24:56,100.0,86.6,B
2021-07-22T13:24:55,600.0,86.6,B
2021-07-22T13:24:45,300.0,86.6,B
2021-07-22T13:24:39,1800.0,86.6,B
2021-07-22T13:24:35,200.0,86.5,B
2021-07-22T13:24:35,600.0,86.5,B
2021-07-22T13:24:35,100.0,86.5,B
2021-07-22T13:24:31,800.0,86.5,B
2021-07-22T13:24:23,200.0,86.5,B
2021-07-22T13:24:23,1000.0,86.5,B
2021-07-22T13:24:23,800.0,86.5,B
2021-07-22T13:24:22,100.0,86.5,B
2021-07-22T13:24:20,100.0,86.5,B
2021-07-22T13:24:14,1100.0,86.5,B
2021-07-22T13:24:14,800.0,86.5,B
2021-07-22T13:24:09,200.0,86.5,B
2021-07-22T13:24:09,1200.0,86.5,B
2021-07-22T13:24:09,200.0,86.5,B
2021-07-22T13:24:09,300.0,86.5,B
2021-07-22T13:24:09,300.0,86.5,B
2021-07-22T13:24:08,600.0,86.5,B
2021-07-22T13:24:08,6300.0,86.5,B
2021-07-22T13:24:00,100.0,86.5,B
2021-07-22T13:23:59,100.0,86.5,B
2021-07-22T13:23:59,600.0,86.5,B
2021-07-22T13:23:59,100.0,86.5,B
2021-07-22T13:23:48,100.0,86.5,B
2021-07-22T13:23:47,900.0,86.5,B
2021-07-22T13:23:41,100.0,86.5,B
2021-07-22T13:23:40,300.0,86.5,B
2021-07-22T13:23:40,800.0,86.5,B
2021-07-22T13:23:12,100.0,86.5,B
2021-07-22T13:22:55,100.0,86.5,B
2021-07-22T13:22:54,600.0,86.5,B
2021-07-22T13:22:36,200.0,86.5,B
2021-07-22T13:22:34,1000.0,86.5,B
2021-07-22T13:22:32,200.0,86.5,B
2021-07-22T13:22:32,1800.0,86.5,B
2021-07-22T13:22:32,3000.0,86.5,B
2021-07-22T13:22:19,100.0,86.4,S
2021-07-22T13:21:39,1000.0,86.4,S
2021-07-22T13:21:28,200.0,86.4,S
2021-07-22T13:21:28,100.0,86.4,S
2021-07-22T13:21:27,1200.0,86.4,S
2021-07-22T13:21:05,300.0,86.4,S
2021-07-22T13:20:37,500.0,86.4,S
2021-07-22T13:19:34,200.0,86.4,S
2021-07-22T13:18:55,100.0,86.4,S
2021-07-22T13:18:50,200.0,86.5,B
2021-07-22T13:18:49,1000.0,86.5,B
2021-07-22T13:18:36,100.0,86.5,B
2021-07-22T13:18:35,600.0,86.5,B
2021-07-22T13:17:34,100.0,86.5,B
2021-07-22T13:17:34,200.0,86.5,B
2021-07-22T13:17:32,300.0,86.5,B
2021-07-22T13:17:32,1400.0,86.5,B
2021-07-22T13:16:46,100.0,86.4,S
2021-07-22T13:16:31,100.0,86.5,B
2021-07-22T13:16:30,600.0,86.5,B
2021-07-22T13:16:12,100.0,86.5,B
2021-07-22T13:16:11,100.0,86.5,S
2021-07-22T13:16:09,400.0,86.5,S
2021-07-22T13:15:43,300.0,86.5,B
2021-07-22T13:15:43,500.0,86.5,B
2021-07-22T13:15:43,500.0,86.5,B
2021-07-22T13:15:43,600.0,86.5,B
2021-07-22T13:15:43,2400.0,86.5,B
2021-07-22T13:15:33,200.0,86.4,S
2021-07-22T13:15:11,100.0,86.4,S
2021-07-22T13:14:25,100.0,86.5,B
2021-07-22T13:14:23,600.0,86.5,B
2021-07-22T13:14:08,100.0,86.5,B
2021-07-22T13:14:07,600.0,86.5,B
2021-07-22T13:14:06,3000.0,86.5,B
2021-07-22T13:13:50,200.0,86.5,B
2021-07-22T13:13:50,1000.0,86.5,B
2021-07-22T13:13:32,200.0,86.5,B
2021-07-22T13:13:31,1000.0,86.5,B
2021-07-22T13:13:30,5400.0,86.5,S
2021-07-22T13:13:26,100.0,86.5,S
2021-07-22T13:13:10,100.0,86.5,S
2021-07-22T13:12:19,200.0,86.5,S
2021-07-22T13:12:02,200.0,86.5,S
2021-07-22T13:11:57,100.0,86.5,S
2021-07-22T13:11:57,300.0,86.5,S
2021-07-22T13:10:49,2100.0,86.5,S
2021-07-22T13:10:46,100.0,86.5,S
2021-07-22T13:10:24,600.0,86.5,S
2021-07-22T13:10:13,100.0,86.6,B
2021-07-22T13:10:11,700.0,86.6,B
2021-07-22T13:10:00,100.0,86.6,B
2021-07-22T13:09:02,1400.0,86.4,S
2021-07-22T13:09:02,200.0,86.4,S
2021-07-22T13:09:02,100.0,86.4,S
2021-07-22T13:09:02,300.0,86.4,S
2021-07-22T13:09:02,600.0,86.4,S
2021-07-22T13:09:02,100.0,86.4,S
2021-07-22T13:09:02,2900.0,86.4,S
2021-07-22T13:08:28,200.0,86.5,B
2021-07-22T13:08:26,1000.0,86.5,B
2021-07-22T13:08:10,200.0,86.5,B
2021-07-22T13:08:10,1000.0,86.5,B
2021-07-22T13:08:05,100.0,86.5,B
2021-07-22T13:08:04,600.0,86.5,B
2021-07-22T13:07:58,200.0,86.5,B
2021-07-22T13:07:57,1100.0,86.5,S
2021-07-22T13:07:39,100.0,86.6,B
2021-07-22T13:07:39,800.0,86.6,B
2021-07-22T13:07:38,300.0,86.6,B
2021-07-22T13:07:38,1000.0,86.6,S
2021-07-22T13:07:38,800.0,86.6,S
2021-07-22T13:07:38,1900.0,86.6,S
2021-07-22T13:07:38,200.0,86.6,S
2021-07-22T13:07:21,200.0,86.6,S
2021-07-22T13:06:56,200.0,86.6,S
2021-07-22T13:06:53,1000.0,86.6,S
2021-07-22T13:06:53,5000.0,86.6,S
2021-07-22T13:06:50,100.0,86.6,S
2021-07-22T13:06:50,100.0,86.7,B
2021-07-22T13:06:48,1000.0,86.6,S
2021-07-22T13:06:42,500.0,86.6,S
2021-07-22T13:06:39,100.0,86.6,S
2021-07-22T13:06:34,200.0,86.6,S
2021-07-22T13:05:44,100.0,86.6,S
2021-07-22T13:05:43,200.0,86.6,S
2021-07-22T13:05:41,100.0,86.7,B
2021-07-22T13:05:35,100.0,86.7,B
2021-07-22T13:05:34,700.0,86.7,B
2021-07-22T13:05:33,300.0,86.6,S
2021-07-22T13:05:32,3600.0,86.7,B
2021-07-22T13:05:26,200.0,86.7,B
2021-07-22T13:05:25,1400.0,86.7,B
2021-07-22T13:05:17,100.0,86.7,B
2021-07-22T13:05:16,200.0,86.7,B
2021-07-22T13:05:11,100.0,86.7,B
2021-07-22T13:05:07,100.0,86.6,S
2021-07-22T13:05:06,200.0,86.7,B
2021-07-22T13:05:06,1000.0,86.7,B
2021-07-22T13:04:53,300.0,86.6,S
2021-07-22T13:04:23,100.0,86.6,S
2021-07-22T13:04:12,100.0,86.6,B
2021-07-22T13:04:07,200.0,86.6,B
2021-07-22T13:04:04,200.0,86.6,B
2021-07-22T13:04:04,200.0,86.6,B
2021-07-22T13:04:04,600.0,86.6,B
2021-07-22T13:04:03,100.0,86.6,B
2021-07-22T13:04:03,900.0,86.6,B
2021-07-22T13:04:01,4700.0,86.6,B
2021-07-22T13:03:53,100.0,86.6,B
2021-07-22T13:03:52,300.0,86.6,B
2021-07-22T13:03:52,200.0,86.6,B
2021-07-22T13:03:52,100.0,86.6,B
2021-07-22T13:03:52,200.0,86.6,B
2021-07-22T13:03:51,700.0,86.6,B
2021-07-22T13:03:51,400.0,86.6,B
2021-07-22T13:03:41,200.0,86.6,B
2021-07-22T13:03:39,900.0,86.6,B
2021-07-22T13:03:39,100.0,86.5,S
2021-07-22T13:02:54,200.0,86.5,S
2021-07-22T13:02:54,200.0,86.5,S
2021-07-22T13:02:37,100.0,86.6,B
2021-07-22T13:02:09,100.0,86.5,S
2021-07-22T13:02:08,100.0,86.5,B
2021-07-22T13:02:08,100.0,86.5,B
2021-07-22T13:02:08,100.0,86.5,B
2021-07-22T13:02:06,1000.0,86.5,B
2021-07-22T13:02:05,1300.0,86.5,B
2021-07-22T13:02:02,300.0,86.5,B
2021-07-22T13:01:58,600.0,86.5,B
2021-07-22T13:01:57,3000.0,86.5,B
2021-07-22T13:01:57,800.0,86.5,B
2021-07-22T13:01:55,600.0,86.5,B
2021-07-22T13:01:55,200.0,86.5,B
2021-07-22T13:01:54,300.0,86.5,B
2021-07-22T13:01:49,1100.0,86.5,B
2021-07-22T13:01:45,400.0,86.5,B
2021-07-22T13:01:45,4000.0,86.5,B
2021-07-22T13:01:41,1700.0,86.5,B
2021-07-22T13:01:40,1000.0,86.5,B
2021-07-22T13:01:40,800.0,86.5,B
2021-07-22T13:01:37,100.0,86.5,B
2021-07-22T13:01:30,800.0,86.5,B
2021-07-22T13:01:28,100.0,86.5,B
2021-07-22T13:01:23,800.0,86.5,B
2021-07-22T13:01:11,400.0,86.5,B
2021-07-22T13:00:56,100.0,86.4,S
2021-07-22T13:00:38,100.0,86.4,S
2021-07-22T13:00:27,100.0,86.4,S
2021-07-22T13:00:20,100.0,86.4,S
2021-07-22T13:00:18,400.0,86.4,S
2021-07-22T13:00:14,200.0,86.4,S
2021-07-22T13:00:13,500.0,86.4,S
2021-07-22T13:00:12,1000.0,86.4,S
2021-07-22T13:00:12,100.0,86.4,S
2021-07-22T13:00:12,100.0,86.4,S
2021-07-22T13:00:12,100.0,86.4,S
2021-07-22T13:00:12,100.0,86.4,S
2021-07-22T13:00:12,800.0,86.4,S
2021-07-22T13:00:12,800.0,86.4,S
2021-07-22T13:00:09,500.0,86.4,S
2021-07-22T13:00:09,100.0,86.5,B
2021-07-22T13:00:09,100.0,86.4,S
2021-07-22T13:00:09,200.0,86.5,B
2021-07-22T13:00:09,200.0,86.5,B
2021-07-22T13:00:09,100.0,86.5,B
2021-07-22T13:00:09,200.0,86.4,S
2021-07-22T13:00:08,100.0,86.5,B
2021-07-22T13:00:08,200.0,86.4,S
2021-07-22T13:00:08,200.0,86.5,B
2021-07-22T13:00:08,100.0,86.5,B
2021-07-22T13:00:08,300.0,86.4,S
2021-07-22T13:00:08,100.0,86.5,B
2021-07-22T11:29:43,100.0,86.4,S
2021-07-22T11:29:36,100.0,86.4,S
2021-07-22T11:29:23,200.0,86.4,S
2021-07-22T11:29:23,800.0,86.4,S
2021-07-22T11:29:18,200.0,86.4,S
2021-07-22T11:29:11,1500.0,86.4,S
2021-07-22T11:29:10,500.0,86.4,B
2021-07-22T11:28:57,100.0,86.4,B
2021-07-22T11:28:47,1000.0,86.4,S
2021-07-22T11:28:31,4900.0,86.4,S
2021-07-22T11:28:31,3600.0,86.4,S
2021-07-22T11:28:31,1000.0,86.4,S
2021-07-22T11:28:31,500.0,86.4,S
2021-07-22T11:28:16,200.0,86.5,B
2021-07-22T11:27:33,600.0,86.5,B
2021-07-22T11:26:58,100.0,86.5,B
2021-07-22T11:26:44,200.0,86.4,S
2021-07-22T11:26:43,1400.0,86.5,S
2021-07-22T11:26:41,1000.0,86.5,S
2021-07-22T11:26:27,200.0,86.5,S
2021-07-22T11:26:14,400.0,86.5,B
2021-07-22T11:26:11,100.0,86.5,B
2021-07-22T11:26:00,200.0,86.5,B
2021-07-22T11:26:00,100.0,86.5,B
2021-07-22T11:25:58,1000.0,86.5,B
2021-07-22T11:25:27,600.0,86.5,B
2021-07-22T11:25:26,2500.0,86.5,S
2021-07-22T11:24:58,3000.0,86.5,S
2021-07-22T11:24:53,100.0,86.5,S
2021-07-22T11:24:40,300.0,86.6,B
2021-07-22T11:24:36,1400.0,86.5,S
2021-07-22T11:24:33,1000.0,86.5,S
2021-07-22T11:24:17,100.0,86.6,B
2021-07-22T11:24:12,2000.0,86.5,S
2021-07-22T11:23:27,200.0,86.6,B
2021-07-22T11:23:25,600.0,86.6,B
2021-07-22T11:23:23,100.0,86.6,B
2021-07-22T11:23:16,2600.0,86.6,S
2021-07-22T11:23:14,300.0,86.6,S
2021-07-22T11:22:52,200.0,86.6,S
2021-07-22T11:22:47,100.0,86.6,S
2021-07-22T11:22:20,100.0,86.6,S
2021-07-22T11:21:47,100.0,86.6,B
2021-07-22T11:21:24,1000.0,86.7,B
2021-07-22T11:21:24,1100.0,86.7,B
2021-07-22T11:21:24,100.0,86.6,B
2021-07-22T11:21:24,200.0,86.6,B
2021-07-22T11:21:24,200.0,86.6,B
2021-07-22T11:21:24,100.0,86.6,B
2021-07-22T11:21:24,700.0,86.6,B
2021-07-22T11:21:24,300.0,86.6,B
2021-07-22T11:21:24,500.0,86.6,B
2021-07-22T11:21:20,1700.0,86.5,B
2021-07-22T11:21:14,100.0,86.5,B
2021-07-22T11:21:14,100.0,86.5,B
2021-07-22T11:21:14,6300.0,86.5,B
2021-07-22T11:21:14,2200.0,86.5,B
2021-07-22T11:21:14,300.0,86.5,B
2021-07-22T11:21:12,100.0,86.4,S
2021-07-22T11:20:43,100.0,86.4,S
2021-07-22T11:20:34,300.0,86.4,B
2021-07-22T11:20:12,100.0,86.4,S
2021-07-22T11:20:09,100.0,86.4,S
2021-07-22T11:20:02,100.0,86.4,S
2021-07-22T11:19:57,100.0,86.4,S
2021-07-22T11:19:52,200.0,86.4,B
2021-07-22T11:19:51,700.0,86.4,S
2021-07-22T11:19:51,2300.0,86.4,B
2021-07-22T11:19:47,700.0,86.4,B
2021-07-22T11:19:40,1100.0,86.4,B
2021-07-22T11:19:40,800.0,86.4,B
2021-07-22T11:19:34,1000.0,86.4,B
2021-07-22T11:19:26,100.0,86.4,B
2021-07-22T11:19:17,1000.0,86.3,S
2021-07-22T11:19:16,100.0,86.4,B
2021-07-22T11:19:00,800.0,86.3,S
2021-07-22T11:18:49,100.0,86.3,S
2021-07-22T11:18:47,1000.0,86.3,B
2021-07-22T11:18:42,300.0,86.2,S
2021-07-22T11:18:42,200.0,86.3,S
2021-07-22T11:18:42,200.0,86.4,B
2021-07-22T11:18:38,100.0,86.3,S
2021-07-22T11:18:26,1000.0,86.3,S
2021-07-22T11:18:22,100.0,86.4,S
2021-07-22T11:18:21,400.0,86.4,B
2021-07-22T11:18:14,100.0,86.4,S
2021-07-22T11:18:07,3000.0,86.4,S
2021-07-22T11:17:55,1600.0,86.5,S
2021-07-22T11:17:54,200.0,86.6,B
2021-07-22T11:17:51,400.0,86.5,S
2021-07-22T11:17:34,300.0,86.6,B
2021-07-22T11:17:32,1300.0,86.6,S
2021-07-22T11:17:31,200.0,86.6,S
2021-07-22T11:17:29,100.0,86.6,S
2021-07-22T11:17:28,1700.0,86.6,S
2021-07-22T11:17:28,100.0,86.6,S
2021-07-22T11:17:26,1000.0,86.6,S
2021-07-22T11:17:24,3000.0,86.6,S
2021-07-22T11:17:21,2000.0,86.7,B
2021-07-22T11:17:19,10000.0,86.6,S
2021-07-22T11:17:18,100.0,86.6,S
2021-07-22T11:17:17,100.0,86.6,S
2021-07-22T11:17:12,2000.0,86.6,S
2021-07-22T11:17:09,100.0,86.6,S
2021-07-22T11:17:04,1000.0,86.6,S
2021-07-22T11:16:56,100.0,86.6,S
2021-07-22T11:16:53,100.0,86.6,S
2021-07-22T11:16:42,1000.0,86.6,S
2021-07-22T11:16:33,1000.0,86.6,S
2021-07-22T11:16:32,1000.0,86.7,B
2021-07-22T11:16:19,600.0,86.7,S
2021-07-22T11:16:09,500.0,86.7,S
2021-07-22T11:16:02,100.0,86.7,S
2021-07-22T11:15:59,100.0,86.7,S
2021-07-22T11:15:42,500.0,86.8,B
2021-07-22T11:15:30,500.0,86.8,B
2021-07-22T11:15:20,100.0,86.6,S
2021-07-22T11:14:59,5000.0,86.8,B
2021-07-22T11:14:59,1600.0,86.6,S
2021-07-22T11:14:59,10500.0,86.6,S
2021-07-22T11:14:59,7900.0,86.6,S
2021-07-22T11:14:57,600.0,86.8,B
2021-07-22T11:14:54,2000.0,86.8,B
2021-07-22T11:14:50,100.0,86.7,S
2021-07-22T11:14:44,300.0,86.8,B
2021-07-22T11:14:39,1300.0,86.8,S
2021-07-22T11:14:34,500.0,86.8,S
2021-07-22T11:14:28,300.0,86.9,S
2021-07-22T11:14:24,4000.0,86.9,S
2021-07-22T11:14:21,400.0,86.9,S
2021-07-22T11:14:12,2000.0,87.0,B
2021-07-22T11:14:04,200.0,87.0,B
2021-07-22T11:14:03,5000.0,86.9,S
2021-07-22T11:14:00,1400.0,87.0,B
2021-07-22T11:14:00,600.0,87.0,B
2021-07-22T11:13:58,800.0,87.0,B
2021-07-22T11:13:58,500.0,87.0,B
2021-07-22T11:13:55,200.0,87.0,B
2021-07-22T11:13:54,4600.0,87.0,S
2021-07-22T11:13:54,2000.0,87.0,S
2021-07-22T11:13:52,100.0,87.0,S
2021-07-22T11:13:51,100.0,87.0,S
2021-07-22T11:13:51,100.0,87.0,S
2021-07-22T11:13:51,500.0,87.0,S
2021-07-22T11:13:50,1000.0,87.0,S
2021-07-22T11:13:48,100.0,87.0,S
2021-07-22T11:13:47,100.0,87.0,S
2021-07-22T11:13:47,2000.0,87.0,S
2021-07-22T11:13:42,100.0,87.0,S
2021-07-22T11:13:40,2000.0,87.0,S
2021-07-22T11:13:38,7700.0,87.0,S
2021-07-22T11:13:38,3100.0,87.0,S
2021-07-22T11:13:38,4200.0,87.0,S
2021-07-22T11:13:29,100.0,87.1,B
2021-07-22T11:13:26,1000.0,87.0,S
2021-07-22T11:13:25,100.0,87.1,B
2021-07-22T11:13:18,100.0,87.1,B
2021-07-22T11:13:18,100.0,87.0,S
2021-07-22T11:13:18,100.0,87.0,S
2021-07-22T11:13:01,200.0,87.0,S
2021-07-22T11:12:59,10000.0,87.1,B
2021-07-22T11:12:41,500.0,87.0,S
2021-07-22T11:12:40,100.0,87.0,S
2021-07-22T11:12:38,200.0,87.0,S
2021-07-22T11:12:37,100.0,87.0,S
2021-07-22T11:12:33,1000.0,87.0,S
2021-07-22T11:12:30,100.0,87.0,S
2021-07-22T11:12:28,1800.0,87.0,S
2021-07-22T11:12:26,300.0,87.1,B
2021-07-22T11:12:21,200.0,87.0,S
2021-07-22T11:12:18,100.0,87.0,S
2021-07-22T11:12:15,1000.0,87.0,S
2021-07-22T11:12:12,200.0,87.0,S
2021-07-22T11:12:10,200.0,87.0,S
2021-07-22T11:12:08,200.0,87.0,S
2021-07-22T11:12:07,1000.0,87.0,S
2021-07-22T11:12:07,2600.0,87.0,S
2021-07-22T11:12:05,500.0,87.0,S
2021-07-22T11:12:04,600.0,87.0,B
2021-07-22T11:11:59,1200.0,87.0,B
2021-07-22T11:11:56,500.0,87.0,B
2021-07-22T11:11:48,2100.0,87.0,B
2021-07-22T11:11:48,500.0,87.0,B
2021-07-22T11:11:48,600.0,87.0,B
2021-07-22T11:11:48,600.0,87.0,B
2021-07-22T11:11:48,600.0,87.0,B
2021-07-22T11:11:48,600.0,87.0,B
2021-07-22T11:11:48,1200.0,87.0,B
2021-07-22T11:11:48,300.0,87.0,B
2021-07-22T11:11:48,1200.0,87.0,B
2021-07-22T11:11:48,400.0,87.0,B
2021-07-22T11:11:48,1100.0,87.0,B
2021-07-22T11:11:48,1000.0,87.0,B
2021-07-22T11:11:48,500.0,87.0,B
2021-07-22T11:11:48,1100.0,87.0,B
2021-07-22T11:11:48,100.0,87.0,B
2021-07-22T11:11:48,200.0,87.0,B
2021-07-22T11:11:48,800.0,87.0,B
2021-07-22T11:11:48,600.0,87.0,B
2021-07-22T11:11:48,500.0,87.0,B
2021-07-22T11:11:48,300.0,87.0,B
2021-07-22T11:11:48,5200.0,87.0,B
2021-07-22T11:11:48,100.0,87.0,B
2021-07-22T11:11:48,500.0,87.0,B
2021-07-22T11:11:48,600.0,87.0,B
2021-07-22T11:11:48,700.0,87.0,B
2021-07-22T11:11:48,800.0,87.0,B
2021-07-22T11:11:48,700.0,87.0,B
2021-07-22T11:11:48,900.0,87.0,B
2021-07-22T11:11:48,700.0,87.0,B
2021-07-22T11:11:48,4200.0,87.0,B
2021-07-22T11:11:48,1300.0,87.0,B
2021-07-22T11:11:47,100.0,86.9,B
2021-07-22T11:11:44,1000.0,87.0,B
2021-07-22T11:11:39,200.0,87.0,B
2021-07-22T11:11:28,600.0,87.0,B
2021-07-22T11:11:28,200.0,87.0,B
2021-07-22T11:11:28,1700.0,87.0,B
2021-07-22T11:11:28,300.0,87.0,B
2021-07-22T11:11:28,100.0,87.0,B
2021-07-22T11:11:28,300.0,87.0,B
2021-07-22T11:11:28,100.0,87.0,B
2021-07-22T11:11:28,1000.0,87.0,B
2021-07-22T11:11:28,700.0,87.0,B
2021-07-22T11:11:28,300.0,87.0,B
2021-07-22T11:11:28,1400.0,87.0,B
2021-07-22T11:11:28,500.0,87.0,B
2021-07-22T11:11:28,1400.0,86.9,B
2021-07-22T11:11:28,1400.0,86.9,B
2021-07-22T11:11:27,400.0,87.0,B
2021-07-22T11:11:25,1500.0,87.0,B
2021-07-22T11:11:25,2900.0,87.0,B
2021-07-22T11:11:25,200.0,86.9,B
2021-07-22T11:11:25,400.0,86.9,B
2021-07-22T11:11:19,300.0,86.9,B
2021-07-22T11:11:15,200.0,86.9,B
2021-07-22T11:11:06,200.0,86.9,B
2021-07-22T11:11:04,200.0,87.0,B
2021-07-22T11:11:02,9300.0,87.0,B
2021-07-22T11:11:02,700.0,87.0,B
2021-07-22T11:10:55,1700.0,87.0,B
2021-07-22T11:10:55,500.0,87.0,B
2021-07-22T11:10:55,400.0,87.0,B
2021-07-22T11:10:55,2600.0,87.0,B
2021-07-22T11:10:55,200.0,87.0,B
2021-07-22T11:10:54,4600.0,87.0,B
2021-07-22T11:10:54,1000.0,86.9,B
2021-07-22T11:10:51,2300.0,86.9,B
2021-07-22T11:10:43,700.0,86.9,S
2021-07-22T11:10:43,3100.0,86.9,S
2021-07-22T11:10:41,100.0,86.9,S
2021-07-22T11:10:38,100.0,86.9,S
2021-07-22T11:10:36,7200.0,86.9,B
2021-07-22T11:10:28,100.0,86.8,B
2021-07-22T11:10:28,2100.0,86.9,B
2021-07-22T11:10:28,17900.0,86.9,B
2021-07-22T11:10:28,4700.0,86.9,B
2021-07-22T11:10:28,100.0,86.9,B
2021-07-22T11:10:27,4700.0,86.9,B
2021-07-22T11:10:22,100.0,86.9,B
2021-07-22T11:10:22,200.0,86.7,S
2021-07-22T11:10:19,100.0,86.8,B
2021-07-22T11:10:12,2600.0,86.9,B
2021-07-22T11:10:12,600.0,86.9,B
2021-07-22T11:10:12,1800.0,86.9,B
2021-07-22T11:10:08,5000.0,86.9,B
2021-07-22T11:10:03,300.0,86.8,B
2021-07-22T11:10:03,4700.0,86.8,B
2021-07-22T11:09:58,3000.0,86.8,B
2021-07-22T11:09:58,100.0,86.8,B
2021-07-22T11:09:58,500.0,86.8,B
2021-07-22T11:09:58,500.0,86.8,B
2021-07-22T11:09:58,500.0,86.7,B
2021-07-22T11:09:58,100.0,86.7,B
2021-07-22T11:09:58,300.0,86.7,B
2021-07-22T11:09:55,400.0,86.7,B
2021-07-22T11:09:55,100.0,86.7,B
2021-07-22T11:09:55,4500.0,86.7,B
2021-07-22T11:09:51,5000.0,86.7,B
2021-07-22T11:09:49,100.0,86.6,S
2021-07-22T11:09:49,100.0,86.6,S
2021-07-22T11:09:49,1000.0,86.7,B
2021-07-22T11:09:44,100.0,86.6,S
2021-07-22T11:09:30,300.0,86.6,S
2021-07-22T11:09:25,1600.0,86.6,S
2021-07-22T11:09:23,500.0,86.6,B
2021-07-22T11:09:23,500.0,86.6,B
2021-07-22T11:09:22,100.0,86.6,B
2021-07-22T11:09:18,200.0,86.6,B
2021-07-22T11:09:15,700.0,86.6,B
2021-07-22T11:09:15,200.0,86.6,B
2021-07-22T11:09:15,1100.0,86.6,B
2021-07-22T11:09:12,100.0,86.6,B
2021-07-22T11:09:11,10000.0,86.6,B
2021-07-22T11:09:03,500.0,86.6,B
2021-07-22T11:08:57,100.0,86.6,B
2021-07-22T11:08:50,1000.0,86.6,B
2021-07-22T11:08:41,100.0,86.6,B
2021-07-22T11:08:39,1000.0,86.5,S
2021-07-22T11:08:37,700.0,86.6,B
2021-07-22T11:08:36,100.0,86.6,B
2021-07-22T11:08:31,3000.0,86.6,B
2021-07-22T11:08:26,1600.0,86.6,B
2021-07-22T11:08:24,1000.0,86.6,B
2021-07-22T11:08:24,400.0,86.6,B
2021-07-22T11:08:21,100.0,86.5,S
2021-07-22T11:08:20,1000.0,86.6,B
2021-07-22T11:08:20,200.0,86.6,B
2021-07-22T11:08:17,10000.0,86.5,S
2021-07-22T11:08:14,1100.0,86.6,B
2021-07-22T11:08:13,2000.0,86.5,S
2021-07-22T11:08:12,600.0,86.6,B
2021-07-22T11:08:10,2000.0,86.5,S
2021-07-22T11:08:09,2000.0,86.6,B
2021-07-22T11:08:03,200.0,86.6,B
2021-07-22T11:08:03,200.0,86.5,S
2021-07-22T11:07:58,100.0,86.5,S
2021-07-22T11:07:57,500.0,86.5,S
2021-07-22T11:07:57,500.0,86.5,S
2021-07-22T11:07:56,100.0,86.5,S
2021-07-22T11:07:44,400.0,86.5,S
2021-07-22T11:07:43,12300.0,86.5,B
2021-07-22T11:07:38,300.0,86.5,B
2021-07-22T11:07:38,800.0,86.5,B
2021-07-22T11:07:38,200.0,86.5,B
2021-07-22T11:07:38,3700.0,86.5,B
2021-07-22T11:07:36,1000.0,86.5,B
2021-07-22T11:07:32,2500.0,86.5,B
2021-07-22T11:07:27,600.0,86.5,B
2021-07-22T11:07:27,400.0,86.5,B
2021-07-22T11:07:27,2300.0,86.5,B
2021-07-22T11:07:27,100.0,86.5,B
2021-07-22T11:07:27,3400.0,86.5,B
2021-07-22T11:07:27,1000.0,86.5,B
2021-07-22T11:07:27,2000.0,86.5,B
2021-07-22T11:07:27,300.0,86.5,B
2021-07-22T11:07:27,9900.0,86.5,B
2021-07-22T11:07:12,1000.0,86.5,B
2021-07-22T11:07:07,500.0,86.5,B
2021-07-22T11:07:01,200.0,86.4,S
2021-07-22T11:07:00,3000.0,86.4,S
2021-07-22T11:06:59,400.0,86.5,B
2021-07-22T11:06:55,10000.0,86.4,S
2021-07-22T11:06:50,200.0,86.4,S
2021-07-22T11:06:44,1000.0,86.5,B
2021-07-22T11:06:44,1600.0,86.5,B
2021-07-22T11:06:44,400.0,86.5,B
2021-07-22T11:06:44,300.0,86.4,S
2021-07-22T11:06:40,700.0,86.4,B
2021-07-22T11:06:34,2000.0,86.4,B
2021-07-22T11:06:30,400.0,86.3,B
2021-07-22T11:06:28,200.0,86.3,B
2021-07-22T11:06:27,100.0,86.3,B
2021-07-22T11:06:27,400.0,86.3,B
2021-07-22T11:06:27,900.0,86.3,B
2021-07-22T11:06:27,100.0,86.3,B
2021-07-22T11:06:27,100.0,86.3,B
2021-07-22T11:06:27,300.0,86.3,B
2021-07-22T11:06:27,600.0,86.3,B
2021-07-22T11:06:25,2000.0,86.2,S
2021-07-22T11:06:21,100.0,86.2,S
2021-07-22T11:06:13,1400.0,86.2,B
2021-07-22T11:06:13,1300.0,86.2,B
2021-07-22T11:06:13,1600.0,86.2,B
2021-07-22T11:06:13,2600.0,86.2,B
2021-07-22T11:06:10,500.0,86.2,B
2021-07-22T11:06:10,2300.0,86.2,B
2021-07-22T11:06:07,100.0,86.2,B
2021-07-22T11:06:07,700.0,86.2,B
2021-07-22T11:06:07,600.0,86.2,B
2021-07-22T11:06:07,300.0,86.2,B
2021-07-22T11:06:07,300.0,86.2,B
2021-07-22T11:06:05,10700.0,86.1,B
2021-07-22T11:06:05,500.0,86.1,B
2021-07-22T11:06:05,300.0,86.1,B
2021-07-22T11:06:05,1200.0,86.1,B
2021-07-22T11:06:05,1200.0,86.1,B
2021-07-22T11:06:05,400.0,86.1,B
2021-07-22T11:05:58,200.0,86.0,S
2021-07-22T11:05:58,300.0,86.0,S
2021-07-22T11:05:55,100.0,86.0,B
2021-07-22T11:05:55,500.0,86.0,B
2021-07-22T11:05:55,1100.0,86.0,B
2021-07-22T11:05:55,100.0,86.0,B
2021-07-22T11:05:55,1000.0,86.0,B
2021-07-22T11:05:55,300.0,86.0,B
2021-07-22T11:05:55,400.0,86.0,B
2021-07-22T11:05:55,2100.0,86.0,B
2021-07-22T11:05:55,1000.0,86.0,B
2021-07-22T11:05:55,100.0,86.0,B
2021-07-22T11:05:55,500.0,86.0,B
2021-07-22T11:05:55,1000.0,86.0,B
2021-07-22T11:05:55,200.0,86.0,B
2021-07-22T11:05:55,200.0,86.0,B
2021-07-22T11:05:55,500.0,86.0,B
2021-07-22T11:05:55,100.0,86.0,B
2021-07-22T11:05:55,1000.0,86.0,B
2021-07-22T11:05:55,200.0,86.0,B
2021-07-22T11:05:55,100.0,86.0,B
2021-07-22T11:05:54,100.0,86.0,B
2021-07-22T11:05:54,500.0,86.0,B
2021-07-22T11:05:54,1000.0,86.0,B
2021-07-22T11:05:54,100.0,86.0,B
2021-07-22T11:05:54,100.0,86.0,B
2021-07-22T11:05:54,700.0,86.0,B
2021-07-22T11:05:54,200.0,86.0,B
2021-07-22T11:05:53,500.0,86.0,B
2021-07-22T11:05:53,1900.0,86.0,B
2021-07-22T11:05:52,100.0,86.0,B
2021-07-22T11:05:52,200.0,86.0,B
2021-07-22T11:05:52,200.0,86.0,B
2021-07-22T11:05:52,6900.0,86.0,B
2021-07-22T11:05:52,300.0,86.0,B
2021-07-22T11:05:52,2800.0,86.0,B
2021-07-22T11:05:51,5000.0,86.0,B
2021-07-22T11:05:51,3200.0,86.0,B
2021-07-22T11:05:51,100.0,86.0,B
2021-07-22T11:05:50,1700.0,86.0,B
2021-07-22T11:05:49,100.0,86.0,B
2021-07-22T11:05:49,600.0,86.0,B
2021-07-22T11:05:49,500.0,86.0,B
2021-07-22T11:05:49,900.0,86.0,B
2021-07-22T11:05:49,200.0,86.0,B
2021-07-22T11:05:49,1800.0,86.0,B
2021-07-22T11:05:49,1400.0,86.0,B
2021-07-22T11:05:49,200.0,86.0,B
2021-07-22T11:05:48,100.0,86.0,B
2021-07-22T11:05:48,1000.0,86.0,B
2021-07-22T11:05:48,1000.0,86.0,B
2021-07-22T11:05:47,500.0,86.0,B
2021-07-22T11:05:44,2000.0,86.0,B
2021-07-22T11:05:43,200.0,86.0,B
2021-07-22T11:05:43,500.0,86.0,B
2021-07-22T11:05:43,500.0,86.0,B
2021-07-22T11:05:43,1200.0,86.0,B
2021-07-22T11:05:43,1500.0,86.0,B
2021-07-22T11:05:43,10000.0,86.0,B
2021-07-22T11:05:43,200.0,86.0,B
2021-07-22T11:05:43,5500.0,86.0,B
2021-07-22T11:05:43,1200.0,86.0,B
2021-07-22T11:05:40,200.0,86.0,B
2021-07-22T11:05:37,200.0,86.0,B
2021-07-22T11:05:34,200.0,86.0,B
2021-07-22T11:05:32,4000.0,86.0,B
2021-07-22T11:05:31,500.0,86.0,B
2021-07-22T11:05:28,200.0,86.0,B
2021-07-22T11:05:27,2000.0,86.0,B
2021-07-22T11:05:27,1900.0,86.0,B
2021-07-22T11:05:24,1000.0,86.0,B
2021-07-22T11:05:18,100.0,86.0,B
2021-07-22T11:05:18,4000.0,86.0,B
2021-07-22T11:04:41,100.0,86.0,B
2021-07-22T11:04:37,300.0,86.0,B
2021-07-22T11:04:34,200.0,86.0,B
2021-07-22T11:04:29,1000.0,86.0,B
2021-07-22T11:04:29,100.0,86.0,B
2021-07-22T11:04:26,600.0,86.0,B
2021-07-22T11:04:25,500.0,86.0,B
2021-07-22T11:04:18,100.0,86.0,B
2021-07-22T11:04:09,500.0,86.0,B
2021-07-22T11:04:02,1000.0,86.0,B
2021-07-22T11:03:56,1500.0,86.0,B
2021-07-22T11:03:53,300.0,85.9,S
2021-07-22T11:03:52,900.0,86.0,B
2021-07-22T11:03:48,500.0,86.0,B
2021-07-22T11:03:45,600.0,86.0,B
2021-07-22T11:03:45,100.0,86.0,B
2021-07-22T11:03:45,200.0,86.0,B
2021-07-22T11:03:45,900.0,86.0,B
2021-07-22T11:03:45,100.0,86.0,B
2021-07-22T11:03:45,300.0,86.0,B
2021-07-22T11:03:45,300.0,86.0,B
2021-07-22T11:03:45,200.0,86.0,B
2021-07-22T11:03:45,300.0,86.0,B
2021-07-22T11:03:45,800.0,86.0,B
2021-07-22T11:03:45,1000.0,86.0,B
2021-07-22T11:03:45,200.0,86.0,B
2021-07-22T11:03:23,300.0,85.9,S
2021-07-22T11:03:20,100.0,86.0,B
2021-07-22T11:03:14,400.0,86.0,B
2021-07-22T11:03:01,100.0,86.0,B
2021-07-22T11:02:57,900.0,86.0,B
2021-07-22T11:02:57,2100.0,86.0,B
2021-07-22T11:02:49,100.0,86.0,B
2021-07-22T11:02:30,300.0,86.0,B
2021-07-22T11:02:30,200.0,86.0,B
2021-07-22T11:02:30,200.0,86.0,B
2021-07-22T11:01:18,100.0,85.9,S
2021-07-22T11:01:02,200.0,86.0,B
2021-07-22T11:00:57,200.0,86.0,B
2021-07-22T11:00:52,100.0,85.9,S
2021-07-22T11:00:36,2200.0,85.9,B
2021-07-22T11:00:36,400.0,85.9,B
2021-07-22T11:00:36,300.0,85.9,B
2021-07-22T11:00:36,2000.0,85.9,B
2021-07-22T11:00:36,1200.0,85.9,B
2021-07-22T11:00:36,1000.0,85.9,B
2021-07-22T11:00:36,1400.0,85.9,B
2021-07-22T11:00:36,1000.0,85.9,B
2021-07-22T11:00:36,1000.0,85.9,B
2021-07-22T11:00:36,1300.0,85.9,B
2021-07-22T11:00:36,400.0,85.9,B
2021-07-22T11:00:36,100.0,85.9,B
2021-07-22T11:00:36,400.0,85.9,B
2021-07-22T11:00:36,1300.0,85.9,B
2021-07-22T11:00:34,1000.0,85.9,B
2021-07-22T11:00:28,100.0,85.9,B
2021-07-22T11:00:27,9300.0,85.9,B
2021-07-22T11:00:27,3100.0,85.9,B
2021-07-22T11:00:27,2000.0,85.9,B
2021-07-22T11:00:27,600.0,85.9,B
2021-07-22T11:00:21,100.0,85.9,B
2021-07-22T11:00:18,300.0,85.9,B
2021-07-22T11:00:12,100.0,85.9,B
2021-07-22T11:00:12,500.0,85.9,B
2021-07-22T11:00:10,100.0,85.9,B
2021-07-22T10:59:49,100.0,85.9,B
2021-07-22T10:59:40,300.0,85.9,B
2021-07-22T10:59:39,1100.0,85.8,B
2021-07-22T10:59:39,300.0,85.8,B
2021-07-22T10:59:39,1200.0,85.8,B
2021-07-22T10:59:39,500.0,85.8,B
2021-07-22T10:59:39,1100.0,85.8,B
2021-07-22T10:59:37,200.0,85.8,B
2021-07-22T10:59:37,100.0,85.8,B
2021-07-22T10:59:26,11100.0,85.8,B
2021-07-22T10:59:26,400.0,85.8,B
2021-07-22T10:59:25,1200.0,85.8,B
2021-07-22T10:59:25,10000.0,85.8,B
2021-07-22T10:59:25,1600.0,85.8,B
2021-07-22T10:59:25,200.0,85.8,B
2021-07-22T10:59:25,2100.0,85.8,B
2021-07-22T10:59:25,2500.0,85.8,B
2021-07-22T10:59:25,400.0,85.8,B
2021-07-22T10:59:25,500.0,85.8,B
2021-07-22T10:59:13,100.0,85.8,B
2021-07-22T10:59:09,500.0,85.8,B
2021-07-22T10:58:28,1000.0,85.7,S
2021-07-22T10:58:18,600.0,85.7,S
2021-07-22T10:58:15,100.0,85.7,S
2021-07-22T10:58:04,2400.0,85.7,S
2021-07-22T10:58:02,300.0,85.7,B
2021-07-22T10:58:01,700.0,85.7,B
2021-07-22T10:57:55,200.0,85.7,B
2021-07-22T10:57:53,200.0,85.7,B
2021-07-22T10:57:43,900.0,85.7,B
2021-07-22T10:57:42,1000.0,85.7,B
2021-07-22T10:57:36,400.0,85.7,B
2021-07-22T10:57:36,600.0,85.7,B
2021-07-22T10:57:36,500.0,85.7,B
2021-07-22T10:57:36,900.0,85.7,B
2021-07-22T10:57:36,100.0,85.7,B
2021-07-22T10:57:36,200.0,85.7,B
2021-07-22T10:57:36,200.0,85.7,B
2021-07-22T10:57:36,500.0,85.7,B
2021-07-22T10:57:36,1600.0,85.7,B
2021-07-22T10:57:35,4200.0,85.7,B
2021-07-22T10:57:33,2100.0,85.7,B
2021-07-22T10:57:32,1200.0,85.7,B
2021-07-22T10:57:17,4200.0,85.7,B
2021-07-22T10:56:54,800.0,85.7,B
2021-07-22T10:56:42,1200.0,85.7,B
2021-07-22T10:56:38,800.0,85.7,B
2021-07-22T10:56:38,100.0,85.7,B
2021-07-22T10:56:38,300.0,85.7,B
2021-07-22T10:56:32,100.0,85.7,B
2021-07-22T10:56:31,1200.0,85.6,S
2021-07-22T10:56:31,3000.0,85.6,S
2021-07-22T10:56:31,300.0,85.6,S
2021-07-22T10:56:31,300.0,85.6,S
2021-07-22T10:56:31,3100.0,85.6,S
2021-07-22T10:56:31,300.0,85.6,S
2021-07-22T10:56:31,700.0,85.6,S
2021-07-22T10:56:31,100.0,85.6,S
2021-07-22T10:56:27,800.0,85.7,B
2021-07-22T10:56:22,200.0,85.7,B
2021-07-22T10:56:21,100.0,85.7,B
2021-07-22T10:56:16,100.0,85.7,B
2021-07-22T10:56:15,400.0,85.7,B
2021-07-22T10:56:00,600.0,85.7,B
2021-07-22T10:54:03,100.0,85.7,B
2021-07-22T10:53:54,600.0,85.7,B
2021-07-22T10:51:51,100.0,85.7,B
2021-07-22T10:51:47,600.0,85.7,B
2021-07-22T10:51:42,300.0,85.7,B
2021-07-22T10:51:32,2300.0,85.7,B
2021-07-22T10:51:32,1000.0,85.6,B
2021-07-22T10:51:32,900.0,85.6,B
2021-07-22T10:51:22,100.0,85.6,B
2021-07-22T10:51:15,100.0,85.6,B
2021-07-22T10:51:08,200.0,85.6,B
2021-07-22T10:51:04,200.0,85.6,B
2021-07-22T10:51:04,100.0,85.6,B
2021-07-22T10:51:02,100.0,85.6,B
2021-07-22T10:51:01,300.0,85.6,B
2021-07-22T10:51:01,1700.0,85.6,B
2021-07-22T10:50:55,1600.0,85.6,B
2021-07-22T10:50:55,400.0,85.6,B
2021-07-22T10:50:48,300.0,85.6,B
2021-07-22T10:50:43,1900.0,85.6,B
2021-07-22T10:50:42,100.0,85.6,B
2021-07-22T10:50:37,500.0,85.6,B
2021-07-22T10:50:34,100.0,85.6,B
2021-07-22T10:50:31,300.0,85.6,B
2021-07-22T10:50:31,1800.0,85.6,B
2021-07-22T10:50:26,200.0,85.6,B
2021-07-22T10:50:01,100.0,85.6,B
2021-07-22T10:49:55,700.0,85.6,B
2021-07-22T10:49:55,200.0,85.6,B
2021-07-22T10:49:47,100.0,85.6,B
2021-07-22T10:49:44,100.0,85.6,B
2021-07-22T10:49:42,600.0,85.6,B
2021-07-22T10:49:33,300.0,85.6,B
2021-07-22T10:49:33,100.0,85.6,B
2021-07-22T10:49:33,1700.0,85.6,B
2021-07-22T10:49:06,1300.0,85.5,S
2021-07-22T10:48:53,1000.0,85.5,S
2021-07-22T10:48:24,700.0,85.5,S
2021-07-22T10:47:22,500.0,85.5,S
2021-07-22T10:46:26,100.0,85.5,S
2021-07-22T10:46:08,2100.0,85.6,B
2021-07-22T10:46:01,500.0,85.5,B
2021-07-22T10:46:01,1200.0,85.5,B
2021-07-22T10:46:00,3000.0,85.5,B
2021-07-22T10:45:55,200.0,85.5,B
2021-07-22T10:45:29,600.0,85.5,B
2021-07-22T10:45:18,100.0,85.5,B
2021-07-22T10:45:18,500.0,85.5,B
2021-07-22T10:45:18,700.0,85.5,B
2021-07-22T10:44:54,1000.0,85.5,B
2021-07-22T10:44:39,2000.0,85.5,B
2021-07-22T10:44:05,100.0,85.4,S
2021-07-22T10:44:05,300.0,85.4,S
2021-07-22T10:43:58,1300.0,85.4,S
2021-07-22T10:43:58,1700.0,85.4,S
2021-07-22T10:43:52,1000.0,85.5,B
2021-07-22T10:43:46,1000.0,85.5,B
2021-07-22T10:43:39,200.0,85.5,B
2021-07-22T10:43:31,300.0,85.5,B
2021-07-22T10:43:31,1000.0,85.5,B
2021-07-22T10:43:31,700.0,85.5,B
2021-07-22T10:42:37,400.0,85.4,S
2021-07-22T10:42:35,200.0,85.4,S
2021-07-22T10:42:29,300.0,85.4,S
2021-07-22T10:42:17,1000.0,85.4,S
2021-07-22T10:42:15,500.0,85.4,S
2021-07-22T10:42:13,100.0,85.5,B
2021-07-22T10:42:07,1000.0,85.4,S
2021-07-22T10:41:39,3000.0,85.4,S
2021-07-22T10:40:09,800.0,85.4,B
2021-07-22T10:40:09,3300.0,85.4,B
2021-07-22T10:39:55,2000.0,85.4,B
2021-07-22T10:39:45,200.0,85.4,B
2021-07-22T10:39:44,500.0,85.4,B
2021-07-22T10:39:42,1000.0,85.4,B
2021-07-22T10:39:31,200.0,85.3,S
2021-07-22T10:39:29,5000.0,85.4,B
2021-07-22T10:39:28,500.0,85.4,B
2021-07-22T10:39:19,100.0,85.4,B
2021-07-22T10:39:11,600.0,85.4,B
2021-07-22T10:38:57,900.0,85.4,B
2021-07-22T10:38:51,100.0,85.4,B
2021-07-22T10:38:12,100.0,85.4,B
2021-07-22T10:38:04,100.0,85.3,S
2021-07-22T10:37:57,10000.0,85.4,B
2021-07-22T10:37:47,200.0,85.3,S
2021-07-22T10:37:32,200.0,85.4,B
2021-07-22T10:37:28,200.0,85.4,B
2021-07-22T10:37:19,100.0,85.4,B
2021-07-22T10:37:13,1000.0,85.4,B
2021-07-22T10:37:04,600.0,85.4,B
2021-07-22T10:37:03,200.0,85.4,B
2021-07-22T10:37:00,1000.0,85.4,B
2021-07-22T10:36:56,5000.0,85.4,B
2021-07-22T10:35:34,100.0,85.4,B
2021-07-22T10:34:58,600.0,85.4,B
2021-07-22T10:34:58,100.0,85.4,B
2021-07-22T10:34:42,300.0,85.4,B
2021-07-22T10:34:24,200.0,85.4,B
2021-07-22T10:34:23,300.0,85.4,B
2021-07-22T10:33:53,100.0,85.4,B
2021-07-22T10:33:51,200.0,85.4,S
2021-07-22T10:33:51,100.0,85.4,S
2021-07-22T10:33:51,1100.0,85.4,S
2021-07-22T10:33:51,5000.0,85.4,S
2021-07-22T10:33:51,11200.0,85.4,S
2021-07-22T10:33:51,2000.0,85.4,S
2021-07-22T10:33:51,500.0,85.4,S
2021-07-22T10:33:51,400.0,85.4,S
2021-07-22T10:33:51,4100.0,85.4,S
2021-07-22T10:33:51,1000.0,85.4,S
2021-07-22T10:33:51,400.0,85.4,S
2021-07-22T10:33:51,2300.0,85.4,S
2021-07-22T10:33:51,500.0,85.5,S
2021-07-22T10:33:51,4700.0,85.5,S
2021-07-22T10:33:51,3200.0,85.5,S
2021-07-22T10:33:51,2000.0,85.5,S
2021-07-22T10:33:51,700.0,85.5,S
2021-07-22T10:33:51,800.0,85.5,S
2021-07-22T10:33:51,4600.0,85.5,S
2021-07-22T10:33:51,500.0,85.5,S
2021-07-22T10:33:39,100.0,85.6,B
2021-07-22T10:32:54,500.0,85.5,S
2021-07-22T10:32:51,500.0,85.6,B
2021-07-22T10:30:45,600.0,85.6,B
2021-07-22T10:30:28,200.0,85.6,B
2021-07-22T10:29:03,200.0,85.6,B
2021-07-22T10:28:47,100.0,85.6,B
2021-07-22T10:28:39,600.0,85.6,B
2021-07-22T10:28:32,100.0,85.6,B
2021-07-22T10:28:19,200.0,85.6,B
2021-07-22T10:27:57,600.0,85.5,S
2021-07-22T10:27:51,200.0,85.6,B
2021-07-22T10:27:46,200.0,85.5,S
2021-07-22T10:27:33,500.0,85.6,B
2021-07-22T10:27:33,200.0,85.6,B
2021-07-22T10:27:33,200.0,85.6,B
2021-07-22T10:27:33,100.0,85.6,B
2021-07-22T10:27:33,1100.0,85.6,B
2021-07-22T10:27:24,1900.0,85.5,S
2021-07-22T10:27:12,400.0,85.6,B
2021-07-22T10:26:45,300.0,85.5,S
2021-07-22T10:26:18,100.0,85.5,S
2021-07-22T10:25:28,400.0,85.5,S
2021-07-22T10:24:27,3000.0,85.5,S
2021-07-22T10:24:14,100.0,85.5,S
2021-07-22T10:24:05,500.0,85.5,S
2021-07-22T10:24:05,1100.0,85.5,S
2021-07-22T10:23:17,100.0,85.5,S
2021-07-22T10:22:22,300.0,85.6,B
2021-07-22T10:21:54,600.0,85.5,B
2021-07-22T10:21:54,100.0,85.5,B
2021-07-22T10:21:36,2100.0,85.5,B
2021-07-22T10:21:36,1900.0,85.5,B
2021-07-22T10:21:36,2000.0,85.5,B
2021-07-22T10:20:14,600.0,85.5,B
2021-07-22T10:20:03,100.0,85.5,B
2021-07-22T10:20:02,600.0,85.5,B
2021-07-22T10:20:02,400.0,85.5,B
2021-07-22T10:19:47,3000.0,85.4,S
2021-07-22T10:19:46,100.0,85.5,B
2021-07-22T10:19:36,100.0,85.5,B
2021-07-22T10:19:23,1000.0,85.5,B
2021-07-22T10:18:51,100.0,85.5,B
2021-07-22T10:18:49,1000.0,85.5,B
2021-07-22T10:18:36,100.0,85.5,B
2021-07-22T10:18:08,600.0,85.5,B
2021-07-22T10:18:07,900.0,85.5,S
2021-07-22T10:18:07,1700.0,85.5,S
2021-07-22T10:18:01,300.0,85.5,S
2021-07-22T10:18:01,2100.0,85.5,S
2021-07-22T10:18:01,2600.0,85.5,S
2021-07-22T10:17:22,2900.0,85.5,S
2021-07-22T10:16:12,10100.0,85.5,S
2021-07-22T10:16:09,2100.0,85.5,S
2021-07-22T10:16:02,300.0,85.6,B
2021-07-22T10:16:00,600.0,85.6,B
2021-07-22T10:15:57,200.0,85.6,B
2021-07-22T10:15:45,200.0,85.6,B
2021-07-22T10:15:04,1100.0,85.6,S
2021-07-22T10:15:04,600.0,85.6,S
2021-07-22T10:15:04,1300.0,85.6,S
2021-07-22T10:15:04,3900.0,85.6,S
2021-07-22T10:14:53,200.0,85.6,S
2021-07-22T10:14:50,100.0,85.6,S
2021-07-22T10:14:50,2000.0,85.6,S
2021-07-22T10:14:39,100.0,85.6,S
2021-07-22T10:14:22,4700.0,85.6,S
2021-07-22T10:13:55,600.0,85.7,B
2021-07-22T10:12:27,500.0,85.7,B
2021-07-22T10:12:07,2500.0,85.6,S
2021-07-22T10:11:51,1000.0,85.6,S
2021-07-22T10:11:34,1000.0,85.6,S
2021-07-22T10:10:12,100.0,85.6,S
2021-07-22T10:10:06,3600.0,85.7,B
2021-07-22T10:09:55,500.0,85.6,S
2021-07-22T10:09:40,200.0,85.7,B
2021-07-22T10:09:36,100.0,85.6,S
2021-07-22T10:09:31,100.0,85.6,S
2021-07-22T10:09:25,400.0,85.6,S
2021-07-22T10:09:21,300.0,85.7,B
2021-07-22T10:09:21,100.0,85.7,B
2021-07-22T10:09:21,3600.0,85.7,B
2021-07-22T10:09:14,500.0,85.6,S
2021-07-22T10:09:06,500.0,85.7,B
2021-07-22T10:08:47,200.0,85.6,S
2021-07-22T10:08:15,100.0,85.6,S
2021-07-22T10:08:10,300.0,85.7,B
2021-07-22T10:07:37,2000.0,85.7,B
2021-07-22T10:07:33,200.0,85.6,B
2021-07-22T10:07:33,3300.0,85.6,B
2021-07-22T10:07:32,100.0,85.5,S
2021-07-22T10:07:23,100.0,85.6,B
2021-07-22T10:06:54,200.0,85.6,B
2021-07-22T10:06:49,500.0,85.6,B
2021-07-22T10:06:01,1000.0,85.6,B
2021-07-22T10:05:08,2000.0,85.5,B
2021-07-22T10:05:08,400.0,85.5,B
2021-07-22T10:05:08,1000.0,85.5,B
2021-07-22T10:04:55,5000.0,85.4,S
2021-07-22T10:03:54,100.0,85.5,B
2021-07-22T10:03:48,1200.0,85.4,S
2021-07-22T10:03:48,3800.0,85.4,S
2021-07-22T10:02:51,300.0,85.4,S
2021-07-22T10:02:37,500.0,85.4,S
2021-07-22T10:02:37,100.0,85.4,S
2021-07-22T10:02:30,200.0,85.4,S
2021-07-22T10:02:30,300.0,85.4,S
2021-07-22T10:02:28,5000.0,85.4,S
2021-07-22T10:02:16,600.0,85.4,S
2021-07-22T10:02:11,600.0,85.4,S
2021-07-22T10:02:06,600.0,85.4,S
2021-07-22T10:01:46,100.0,85.4,S
2021-07-22T10:01:46,500.0,85.4,S
2021-07-22T10:01:45,100.0,85.5,B
2021-07-22T10:01:42,600.0,85.4,S
2021-07-22T10:01:37,200.0,85.4,S
2021-07-22T10:01:37,400.0,85.4,S
2021-07-22T10:01:33,600.0,85.4,S
2021-07-22T10:01:31,100.0,85.5,B
2021-07-22T10:01:29,600.0,85.4,S
2021-07-22T10:01:23,600.0,85.4,S
2021-07-22T10:01:17,600.0,85.4,S
2021-07-22T10:01:13,100.0,85.5,S
2021-07-22T10:01:03,300.0,85.4,S
2021-07-22T10:01:03,1000.0,85.4,S
2021-07-22T10:01:00,100.0,85.5,B
2021-07-22T10:00:55,500.0,85.5,B
2021-07-22T10:00:50,200.0,85.5,B
2021-07-22T10:00:41,400.0,85.4,S
2021-07-22T10:00:39,2100.0,85.5,S
2021-07-22T10:00:36,600.0,85.5,S
2021-07-22T10:00:32,600.0,85.5,S
2021-07-22T10:00:27,600.0,85.5,S
2021-07-22T10:00:22,600.0,85.5,S
2021-07-22T10:00:16,600.0,85.5,S
2021-07-22T10:00:09,600.0,85.5,S
2021-07-22T10:00:02,200.0,85.5,S
2021-07-22T10:00:01,100.0,85.5,S
2021-07-22T09:59:33,4600.0,85.5,B
2021-07-22T09:59:32,500.0,85.5,B
2021-07-22T09:59:17,500.0,85.5,B
2021-07-22T09:59:13,200.0,85.5,B
2021-07-22T09:59:03,100.0,85.5,B
2021-07-22T09:58:47,100.0,85.5,B
2021-07-22T09:58:38,2100.0,85.5,S
2021-07-22T09:58:38,2300.0,85.5,S
2021-07-22T09:58:38,10000.0,85.5,S
2021-07-22T09:58:38,100.0,85.5,S
2021-07-22T09:58:24,400.0,85.5,S
2021-07-22T09:58:24,1000.0,85.5,S
2021-07-22T09:58:22,100.0,85.6,S
2021-07-22T09:58:22,100.0,85.6,B
2021-07-22T09:58:16,1300.0,85.5,S
2021-07-22T09:58:15,300.0,85.5,S
2021-07-22T09:58:15,300.0,85.6,S
2021-07-22T09:58:11,100.0,85.7,B
2021-07-22T09:58:10,1000.0,85.6,S
2021-07-22T09:58:04,1400.0,85.6,S
2021-07-22T09:57:55,700.0,85.6,S
2021-07-22T09:57:55,300.0,85.6,S
2021-07-22T09:57:45,700.0,85.6,S
2021-07-22T09:57:45,600.0,85.6,S
2021-07-22T09:57:14,500.0,85.7,B
2021-07-22T09:56:13,1000.0,85.7,B
2021-07-22T09:55:15,100.0,85.7,B
2021-07-22T09:54:47,500.0,85.7,B
2021-07-22T09:54:41,200.0,85.7,B
2021-07-22T09:54:14,400.0,85.7,B
2021-07-22T09:54:13,2600.0,85.5,B
2021-07-22T09:54:07,100.0,85.5,B
2021-07-22T09:54:06,100.0,85.5,B
2021-07-22T09:54:02,400.0,85.5,B
2021-07-22T09:54:00,3200.0,85.5,S
2021-07-22T09:54:00,2800.0,85.5,S
2021-07-22T09:54:00,3000.0,85.5,S
2021-07-22T09:54:00,2800.0,85.5,S
2021-07-22T09:53:53,300.0,85.6,S
2021-07-22T09:53:42,1000.0,85.6,B
2021-07-22T09:53:42,600.0,85.6,B
2021-07-22T09:53:42,500.0,85.6,B
2021-07-22T09:53:42,200.0,85.6,B
2021-07-22T09:53:42,100.0,85.6,B
2021-07-22T09:53:42,1500.0,85.6,B
2021-07-22T09:53:42,1000.0,85.6,B
2021-07-22T09:53:42,4500.0,85.6,B
2021-07-22T09:53:39,200.0,85.6,B
2021-07-22T09:53:39,200.0,85.6,B
2021-07-22T09:53:18,1000.0,85.5,S
2021-07-22T09:52:19,300.0,85.5,S
2021-07-22T09:52:05,100.0,85.6,B
2021-07-22T09:51:42,100.0,85.6,B
2021-07-22T09:51:42,500.0,85.6,B
2021-07-22T09:51:41,100.0,85.6,B
2021-07-22T09:51:29,200.0,85.5,S
2021-07-22T09:50:44,100.0,85.6,B
2021-07-22T09:50:17,100.0,85.6,B
2021-07-22T09:49:49,200.0,85.6,B
2021-07-22T09:49:14,200.0,85.6,B
2021-07-22T09:49:14,100.0,85.6,B
2021-07-22T09:49:10,500.0,85.6,B
2021-07-22T09:48:57,500.0,85.6,B
2021-07-22T09:48:56,500.0,85.6,B
2021-07-22T09:47:58,100.0,85.6,B
2021-07-22T09:47:50,100.0,85.6,B
2021-07-22T09:46:53,100.0,85.6,B
2021-07-22T09:45:14,200.0,85.5,S
2021-07-22T09:44:55,200.0,85.5,S
2021-07-22T09:44:19,600.0,85.5,S
2021-07-22T09:44:13,200.0,85.5,S
2021-07-22T09:43:24,100.0,85.5,S
2021-07-22T09:43:17,400.0,85.5,B
2021-07-22T09:43:00,100.0,85.5,S
2021-07-22T09:42:59,2000.0,85.5,S
2021-07-22T09:42:55,5000.0,85.5,S
2021-07-22T09:42:50,400.0,85.5,S
2021-07-22T09:42:50,500.0,85.6,B
2021-07-22T09:42:25,100.0,85.5,S
2021-07-22T09:42:13,400.0,85.5,S
2021-07-22T09:40:56,200.0,85.5,S
2021-07-22T09:40:42,200.0,85.5,S
2021-07-22T09:40:39,100.0,85.5,B
2021-07-22T09:40:37,1000.0,85.4,S
2021-07-22T09:40:34,100.0,85.4,S
2021-07-22T09:40:30,1000.0,85.4,S
2021-07-22T09:40:26,1000.0,85.4,S
2021-07-22T09:40:23,100.0,85.5,S
2021-07-22T09:40:15,1000.0,85.5,S
2021-07-22T09:40:13,500.0,85.6,B
2021-07-22T09:39:47,2000.0,85.5,S
2021-07-22T09:39:39,400.0,85.5,S
2021-07-22T09:39:35,600.0,85.5,S
2021-07-22T09:39:31,600.0,85.5,S
2021-07-22T09:39:26,200.0,85.5,S
2021-07-22T09:39:26,100.0,85.5,S
2021-07-22T09:39:26,300.0,85.5,S
2021-07-22T09:39:22,600.0,85.5,S
2021-07-22T09:39:17,600.0,85.5,S
2021-07-22T09:39:11,600.0,85.5,S
2021-07-22T09:39:03,200.0,85.5,S
2021-07-22T09:38:55,100.0,85.5,S
2021-07-22T09:38:26,200.0,85.5,S
2021-07-22T09:38:21,100.0,85.6,B
2021-07-22T09:38:12,100.0,85.5,S
2021-07-22T09:38:05,500.0,85.6,B
2021-07-22T09:37:05,100.0,85.6,B
2021-07-22T09:36:44,300.0,85.6,B
2021-07-22T09:36:33,2300.0,85.6,B
2021-07-22T09:36:19,500.0,85.5,S
2021-07-22T09:35:42,400.0,85.6,B
2021-07-22T09:35:42,100.0,85.6,B
2021-07-22T09:35:42,500.0,85.6,B
2021-07-22T09:35:31,500.0,85.6,B
2021-07-22T09:35:15,100.0,85.5,S
2021-07-22T09:34:42,100.0,85.6,B
2021-07-22T09:34:30,1200.0,85.5,S
2021-07-22T09:34:30,500.0,85.5,S
2021-07-22T09:34:30,300.0,85.5,S
2021-07-22T09:34:01,800.0,85.6,B
2021-07-22T09:33:33,2400.0,85.6,B
2021-07-22T09:33:33,1500.0,85.6,B
2021-07-22T09:33:24,600.0,85.5,S
2021-07-22T09:33:14,200.0,85.5,S
2021-07-22T09:33:04,500.0,85.5,S
2021-07-22T09:32:40,500.0,85.5,S
2021-07-22T09:32:37,600.0,85.6,B
2021-07-22T09:32:35,100.0,85.5,S
2021-07-22T09:32:23,100.0,85.5,S
2021-07-22T09:32:22,2000.0,85.5,S
2021-07-22T09:32:11,400.0,85.6,B
2021-07-22T09:32:11,200.0,85.6,B
2021-07-22T09:30:53,400.0,85.6,B
2021-07-22T09:30:48,900.0,85.6,B
2021-07-22T09:30:10,2300.0,85.6,B
2021-07-22T09:30:10,300.0,85.6,B
2021-07-22T09:30:10,1000.0,85.6,B
2021-07-22T09:29:36,200.0,85.6,B
2021-07-22T09:29:34,100.0,85.5,S
2021-07-22T09:29:30,300.0,85.5,B
2021-07-22T09:29:30,100.0,85.5,B
2021-07-22T09:29:18,1600.0,85.4,S
2021-07-22T09:29:18,900.0,85.4,S
2021-07-22T09:29:18,1000.0,85.4,S
2021-07-22T09:29:18,700.0,85.5,S
2021-07-22T09:29:04,300.0,85.5,S
2021-07-22T09:29:03,100.0,85.5,S
2021-07-22T09:28:42,4200.0,85.5,S
2021-07-22T09:28:29,100.0,85.5,S
2021-07-22T09:28:27,200.0,85.5,S
2021-07-22T09:28:18,200.0,85.5,S
2021-07-22T09:28:11,100.0,85.5,S
2021-07-22T09:28:09,1300.0,85.5,S
2021-07-22T09:28:09,2900.0,85.5,S
2021-07-22T09:27:38,1000.0,85.5,S
2021-07-22T09:27:28,300.0,85.5,S
2021-07-22T09:27:17,400.0,85.5,S
2021-07-22T09:27:06,400.0,85.4,S
2021-07-22T09:27:06,1000.0,85.5,S
2021-07-22T09:27:06,2800.0,85.5,S
2021-07-22T09:27:00,500.0,85.6,B
2021-07-22T09:26:17,4200.0,85.5,S
2021-07-22T09:26:09,100.0,85.5,S
2021-07-22T09:25:48,900.0,85.5,S
2021-07-22T09:25:48,200.0,85.5,S
2021-07-22T09:25:24,1100.0,85.5,S
2021-07-22T09:25:00,100.0,85.5,S
2021-07-22T09:25:00,1200.0,85.5,S
2021-07-22T09:24:52,1000.0,85.5,S
2021-07-22T09:24:50,100.0,85.5,S
2021-07-22T09:24:50,200.0,85.5,S
2021-07-22T09:24:20,100.0,85.5,S
2021-07-22T09:24:12,2600.0,85.6,B
2021-07-22T09:24:12,1000.0,85.6,B
2021-07-22T09:24:12,600.0,85.5,B
2021-07-22T09:24:12,200.0,85.5,B
2021-07-22T09:24:07,800.0,85.5,B
2021-07-22T09:24:06,1500.0,85.4,S
2021-07-22T09:23:56,2000.0,85.4,S
2021-07-22T09:23:54,1100.0,85.5,B
2021-07-22T09:23:53,100.0,85.4,S
2021-07-22T09:23:48,300.0,85.4,S
2021-07-22T09:23:42,500.0,85.5,B
2021-07-22T09:23:23,500.0,85.4,S
2021-07-22T09:23:18,100.0,85.5,B
2021-07-22T09:23:07,800.0,85.5,S
2021-07-22T09:23:03,500.0,85.5,S
2021-07-22T09:22:56,300.0,85.5,S
2021-07-22T09:22:56,100.0,85.5,S
2021-07-22T09:22:54,100.0,85.5,S
2021-07-22T09:22:53,100.0,85.5,S
2021-07-22T09:22:48,200.0,85.5,S
2021-07-22T09:22:22,1800.0,85.5,S
2021-07-22T09:22:22,200.0,85.5,S
2021-07-22T09:21:59,700.0,85.5,S
2021-07-22T09:20:56,100.0,85.5,S
2021-07-22T09:20:54,200.0,85.5,S
2021-07-22T09:20:44,100.0,85.5,S
2021-07-22T09:20:20,100.0,85.6,B
2021-07-22T09:20:09,200.0,85.5,S
2021-07-22T09:20:02,100.0,85.6,B
2021-07-22T09:20:00,1000.0,85.5,S
2021-07-22T09:19:58,700.0,85.5,S
2021-07-22T09:19:58,1000.0,85.5,S
2021-07-22T09:19:45,100.0,85.6,B
2021-07-22T09:19:33,100.0,85.6,B
2021-07-22T09:19:20,100.0,85.6,B
2021-07-22T09:19:14,200.0,85.6,S
2021-07-22T09:19:12,1000.0,85.6,S
2021-07-22T09:19:05,200.0,85.6,S
2021-07-22T09:19:03,200.0,85.6,S
2021-07-22T09:18:53,100.0,85.6,S
2021-07-22T09:18:34,400.0,85.6,S
2021-07-22T09:18:20,300.0,85.6,B
2021-07-22T09:18:08,700.0,85.6,S
2021-07-22T09:18:07,1000.0,85.6,S
2021-07-22T09:17:46,500.0,85.6,S
2021-07-22T09:17:44,200.0,85.6,S
2021-07-22T09:17:39,200.0,85.6,S
2021-07-22T09:17:30,100.0,85.6,S
2021-07-22T09:17:20,100.0,85.5,S
2021-07-22T09:17:12,100.0,85.6,S
2021-07-22T09:16:46,1000.0,85.6,S
2021-07-22T09:16:32,500.0,85.6,B
2021-07-22T09:15:55,1000.0,85.5,S
2021-07-22T09:15:45,100.0,85.9,B
2021-07-22T09:15:45,2500.0,85.9,B
2021-07-22T09:15:45,2200.0,85.8,B
2021-07-22T09:15:45,200.0,85.6,B
2021-07-22T09:15:45,400.0,85.5,S
2021-07-22T09:15:37,1000.0,85.5,S
