tradingTime,volume,price,side
2021-06-23T14:18:56,500.0,31.9,B
2021-06-23T14:16:40,1000.0,31.9,B
2021-06-23T14:16:33,10000.0,31.5,S
2021-06-23T14:14:17,100.0,31.6,B
2021-06-23T14:06:08,100.0,31.5,S
2021-06-23T14:05:43,100.0,31.5,S
2021-06-23T14:04:55,200.0,31.5,B
2021-06-23T14:03:37,400.0,31.5,S
2021-06-23T14:03:37,2000.0,31.5,S
2021-06-23T14:03:37,100.0,31.5,S
2021-06-23T14:03:37,500.0,31.5,S
2021-06-23T14:03:37,500.0,31.5,S
2021-06-23T14:03:37,1300.0,31.5,S
2021-06-23T13:59:18,900.0,31.5,S
2021-06-23T13:59:18,2100.0,31.5,S
2021-06-23T13:59:18,400.0,31.5,S
2021-06-23T13:59:18,100.0,31.5,S
2021-06-23T13:59:18,1500.0,31.55,S
2021-06-23T13:43:39,1500.0,31.5,S
2021-06-23T13:42:44,600.0,31.5,B
2021-06-23T13:42:27,500.0,31.5,S
2021-06-23T13:42:27,1500.0,31.5,S
2021-06-23T13:42:27,300.0,31.5,S
2021-06-23T13:42:27,1100.0,31.5,S
2021-06-23T13:40:32,100.0,31.5,B
2021-06-23T13:39:50,100.0,31.5,B
2021-06-23T13:39:04,500.0,31.5,S
2021-06-23T13:39:04,2200.0,31.5,S
2021-06-23T13:39:04,500.0,31.5,S
2021-06-23T13:39:04,2700.0,31.5,S
2021-06-23T13:39:04,1900.0,31.5,S
2021-06-23T13:32:55,500.0,32.0,B
2021-06-23T13:29:04,900.0,32.0,B
2021-06-23T13:27:47,300.0,31.7,B
2021-06-23T13:24:35,2000.0,31.5,S
2021-06-23T13:24:35,2800.0,31.5,S
2021-06-23T13:24:35,2200.0,31.5,S
2021-06-23T13:24:35,100.0,31.6,S
2021-06-23T13:24:34,900.0,31.6,S
2021-06-23T13:23:56,1000.0,31.65,S
2021-06-23T13:23:33,1700.0,31.7,S
2021-06-23T13:23:21,2500.0,31.7,S
2021-06-23T13:18:19,1800.0,31.7,S
2021-06-23T13:18:19,200.0,31.7,S
2021-06-23T13:18:19,200.0,31.7,S
2021-06-23T13:18:19,100.0,31.7,S
2021-06-23T13:18:19,600.0,31.7,S
2021-06-23T13:18:19,900.0,31.7,S
2021-06-23T13:18:19,100.0,31.7,S
2021-06-23T13:18:19,300.0,31.7,S
2021-06-23T13:18:19,100.0,31.7,S
2021-06-23T13:18:18,3700.0,31.7,S
2021-06-23T13:15:07,100.0,31.75,S
2021-06-23T13:10:59,100.0,31.8,B
2021-06-23T13:10:22,300.0,31.8,S
2021-06-23T13:10:05,100.0,32.0,B
2021-06-23T13:06:56,100.0,31.8,B
2021-06-23T13:06:01,200.0,31.8,B
2021-06-23T13:05:19,100.0,31.8,B
2021-06-23T13:05:03,500.0,31.8,S
2021-06-23T13:05:03,1300.0,31.8,S
2021-06-23T13:05:03,1800.0,31.8,S
2021-06-23T13:05:02,200.0,31.9,B
2021-06-23T13:04:40,200.0,31.9,B
2021-06-23T13:00:06,100.0,32.0,B
2021-06-23T11:29:25,200.0,31.8,S
2021-06-23T11:22:34,500.0,31.8,B
2021-06-23T11:21:07,200.0,31.8,B
2021-06-23T11:19:40,400.0,31.7,S
2021-06-23T11:17:52,300.0,31.8,B
2021-06-23T11:16:14,300.0,31.8,B
2021-06-23T11:15:09,100.0,31.8,S
2021-06-23T11:14:28,400.0,31.8,S
2021-06-23T11:13:14,1000.0,31.8,S
2021-06-23T11:13:14,300.0,31.8,S
2021-06-23T11:13:13,700.0,31.8,S
2021-06-23T11:11:46,400.0,31.8,S
2021-06-23T11:09:06,200.0,31.9,S
2021-06-23T11:06:21,100.0,31.9,S
2021-06-23T11:05:45,2000.0,31.9,S
2021-06-23T11:05:25,100.0,32.0,B
2021-06-23T11:05:22,300.0,32.0,B
2021-06-23T11:03:42,100.0,32.0,B
2021-06-23T11:02:41,1000.0,32.0,B
2021-06-23T11:01:57,2000.0,32.0,B
2021-06-23T11:00:32,100.0,32.0,B
2021-06-23T10:58:51,1500.0,32.0,B
2021-06-23T10:58:32,2300.0,31.9,S
2021-06-23T10:58:32,700.0,31.9,S
2021-06-23T10:57:41,1000.0,31.95,S
2021-06-23T10:57:24,400.0,31.95,S
2021-06-23T10:57:24,600.0,31.95,S
2021-06-23T10:57:08,900.0,31.95,S
2021-06-23T10:55:28,1000.0,32.0,S
2021-06-23T10:53:36,100.0,32.0,B
2021-06-23T10:53:01,300.0,32.0,B
2021-06-23T10:52:42,300.0,32.0,B
2021-06-23T10:51:41,800.0,31.95,S
2021-06-23T10:50:03,100.0,32.0,S
2021-06-23T10:49:45,1100.0,32.0,S
2021-06-23T10:49:45,1600.0,32.0,S
2021-06-23T10:49:45,500.0,32.0,S
2021-06-23T10:49:14,100.0,32.05,S
2021-06-23T10:46:32,200.0,32.05,B
2021-06-23T10:46:00,100.0,32.05,B
2021-06-23T10:45:47,2000.0,32.0,S
2021-06-23T10:44:47,100.0,32.05,B
2021-06-23T10:44:01,100.0,32.0,S
2021-06-23T10:41:26,300.0,32.0,B
2021-06-23T10:41:09,900.0,32.0,S
2021-06-23T10:41:06,4800.0,32.0,S
2021-06-23T10:40:57,100.0,32.05,B
2021-06-23T10:40:10,2000.0,32.05,S
2021-06-23T10:38:51,100.0,32.3,B
2021-06-23T10:37:11,700.0,32.3,S
2021-06-23T10:34:11,3000.0,32.3,S
2021-06-23T10:33:01,1000.0,32.4,S
2021-06-23T10:33:01,100.0,32.5,S
2021-06-23T10:31:59,300.0,32.55,S
2021-06-23T10:31:18,300.0,32.55,S
2021-06-23T10:29:26,300.0,32.55,S
2021-06-23T10:28:34,1200.0,32.55,B
2021-06-23T10:27:53,1000.0,32.55,B
2021-06-23T10:21:47,600.0,32.55,B
2021-06-23T10:21:20,900.0,32.55,B
2021-06-23T10:21:20,100.0,32.5,B
2021-06-23T10:13:34,900.0,32.5,S
2021-06-23T10:12:38,1200.0,32.5,S
2021-06-23T10:11:01,100.0,32.55,B
2021-06-23T10:10:24,100.0,32.55,B
2021-06-23T10:09:59,300.0,32.4,B
2021-06-23T10:09:46,2000.0,32.0,S
2021-06-23T10:09:35,2500.0,32.3,B
2021-06-23T10:09:17,100.0,32.0,S
2021-06-23T10:05:54,1000.0,32.0,B
2021-06-23T10:05:14,500.0,32.0,S
2021-06-23T10:05:00,4500.0,32.0,S
2021-06-23T10:04:05,8000.0,32.0,S
2021-06-23T10:03:35,800.0,32.2,S
2021-06-23T10:01:59,1200.0,32.2,S
2021-06-23T10:01:01,2400.0,32.3,S
2021-06-23T10:01:01,100.0,32.35,S
2021-06-23T09:59:21,1700.0,32.4,S
2021-06-23T09:55:47,300.0,32.5,S
2021-06-23T09:55:27,100.0,32.5,S
2021-06-23T09:49:02,700.0,32.55,S
2021-06-23T09:49:02,2800.0,32.55,S
2021-06-23T09:47:37,700.0,32.6,S
2021-06-23T09:47:16,200.0,32.6,S
2021-06-23T09:43:28,100.0,32.75,B
2021-06-23T09:40:31,200.0,32.75,B
2021-06-23T09:39:18,100.0,32.75,B
2021-06-23T09:39:18,400.0,32.75,B
2021-06-23T09:39:17,100.0,32.6,S
2021-06-23T09:39:17,100.0,32.75,B
2021-06-23T09:37:44,100.0,32.6,S
2021-06-23T09:36:31,100.0,32.75,B
2021-06-23T09:35:18,1500.0,32.75,B
2021-06-23T09:34:41,100.0,32.55,S
2021-06-23T09:31:49,300.0,32.75,B
2021-06-23T09:30:51,1000.0,32.75,B
2021-06-23T09:30:16,2000.0,32.6,B
2021-06-23T09:28:44,100.0,32.55,B
2021-06-23T09:27:06,400.0,32.55,B
2021-06-23T09:23:53,600.0,32.55,S
2021-06-23T09:22:58,1000.0,32.55,B
2021-06-23T09:22:50,400.0,32.55,B
2021-06-23T09:20:16,200.0,32.55,B
2021-06-23T09:19:34,400.0,32.55,B
2021-06-23T09:18:04,2000.0,32.55,S
2021-06-23T09:16:28,100.0,33.0,B
2021-06-23T09:16:10,100.0,32.55,B
2021-06-23T09:15:32,1900.0,32.55,S
