tradingTime,volume,price,side
2021-06-23T14:19:31,200.0,13.5,B
2021-06-23T14:19:23,2000.0,13.5,B
2021-06-23T14:19:15,5000.0,13.5,B
2021-06-23T14:18:40,100.0,13.5,B
2021-06-23T14:18:30,100.0,13.5,B
2021-06-23T14:18:16,500.0,13.5,B
2021-06-23T14:18:00,13100.0,13.5,S
2021-06-23T14:17:39,2500.0,13.5,S
2021-06-23T14:17:39,500.0,13.5,S
2021-06-23T14:17:39,2400.0,13.5,S
2021-06-23T14:17:39,400.0,13.5,S
2021-06-23T14:17:39,19200.0,13.5,S
2021-06-23T14:17:27,500.0,13.55,B
2021-06-23T14:17:23,10000.0,13.5,S
2021-06-23T14:17:15,1000.0,13.55,B
2021-06-23T14:17:08,5000.0,13.5,S
2021-06-23T14:16:48,10000.0,13.55,B
2021-06-23T14:16:18,700.0,13.5,S
2021-06-23T14:15:58,200.0,13.55,B
2021-06-23T14:15:53,1200.0,13.55,B
2021-06-23T14:15:53,2400.0,13.55,B
2021-06-23T14:15:44,1000.0,13.55,B
2021-06-23T14:15:34,10000.0,13.55,B
2021-06-23T14:15:22,1000.0,13.55,B
2021-06-23T14:14:41,1000.0,13.55,B
2021-06-23T14:14:19,500.0,13.55,B
2021-06-23T14:12:57,8000.0,13.55,B
2021-06-23T14:12:50,500.0,13.5,S
2021-06-23T14:11:31,100.0,13.55,B
2021-06-23T14:11:12,800.0,13.55,B
2021-06-23T14:10:43,6400.0,13.55,B
2021-06-23T14:09:40,200.0,13.5,S
2021-06-23T14:08:55,11500.0,13.5,S
2021-06-23T14:08:10,3500.0,13.55,B
2021-06-23T14:06:41,600.0,13.5,S
2021-06-23T14:06:10,800.0,13.5,S
2021-06-23T14:06:08,100.0,13.5,S
2021-06-23T14:05:56,1100.0,13.55,B
2021-06-23T14:05:54,400.0,13.55,B
2021-06-23T14:05:25,100.0,13.55,B
2021-06-23T14:03:03,100.0,13.55,B
2021-06-23T14:02:48,2000.0,13.5,S
2021-06-23T14:01:01,1000.0,13.5,S
2021-06-23T14:00:37,1000.0,13.5,S
2021-06-23T14:00:20,600.0,13.5,S
2021-06-23T13:59:05,500.0,13.5,S
2021-06-23T13:58:56,100.0,13.55,B
2021-06-23T13:57:56,300.0,13.55,B
2021-06-23T13:57:45,1400.0,13.55,S
2021-06-23T13:57:29,200.0,13.55,S
2021-06-23T13:57:22,100.0,13.55,S
2021-06-23T13:57:18,200.0,13.55,S
2021-06-23T13:57:06,200.0,13.55,S
2021-06-23T13:56:45,100.0,13.55,S
2021-06-23T13:56:29,2000.0,13.6,B
2021-06-23T13:56:29,1000.0,13.55,S
2021-06-23T13:56:29,4000.0,13.55,S
2021-06-23T13:56:28,100.0,13.55,S
2021-06-23T13:55:57,100.0,13.6,B
2021-06-23T13:55:54,100.0,13.6,B
2021-06-23T13:53:23,900.0,13.55,B
2021-06-23T13:52:54,1000.0,13.55,B
2021-06-23T13:52:51,2800.0,13.55,B
2021-06-23T13:52:37,500.0,13.55,S
2021-06-23T13:52:25,4500.0,13.55,B
2021-06-23T13:52:07,3600.0,13.55,B
2021-06-23T13:51:28,4000.0,13.55,B
2021-06-23T13:50:19,500.0,13.55,B
2021-06-23T13:49:36,500.0,13.55,S
2021-06-23T13:48:57,5800.0,13.5,S
2021-06-23T13:48:51,5000.0,13.55,S
2021-06-23T13:48:39,2100.0,13.55,B
2021-06-23T13:48:39,2300.0,13.55,B
2021-06-23T13:48:39,2100.0,13.55,B
2021-06-23T13:48:39,5000.0,13.55,B
2021-06-23T13:47:09,500.0,13.5,S
2021-06-23T13:46:44,5000.0,13.5,S
2021-06-23T13:46:39,1000.0,13.5,B
2021-06-23T13:46:32,2000.0,13.5,B
2021-06-23T13:46:26,2000.0,13.5,S
2021-06-23T13:46:24,100.0,13.55,B
2021-06-23T13:46:09,2000.0,13.5,S
2021-06-23T13:45:55,800.0,13.5,S
2021-06-23T13:45:46,900.0,13.55,B
2021-06-23T13:45:38,500.0,13.5,S
2021-06-23T13:44:59,3300.0,13.5,S
2021-06-23T13:44:59,100.0,13.5,S
2021-06-23T13:44:59,1000.0,13.5,S
2021-06-23T13:44:59,10400.0,13.5,S
2021-06-23T13:44:25,1000.0,13.5,S
2021-06-23T13:43:32,500.0,13.5,S
2021-06-23T13:43:24,900.0,13.5,S
2021-06-23T13:43:24,200.0,13.55,B
2021-06-23T13:42:36,200.0,13.5,S
2021-06-23T13:42:36,2700.0,13.5,B
2021-06-23T13:42:33,400.0,13.5,B
2021-06-23T13:42:32,500.0,13.5,B
2021-06-23T13:42:11,900.0,13.5,B
2021-06-23T13:42:11,4100.0,13.5,B
2021-06-23T13:42:08,2000.0,13.5,B
2021-06-23T13:42:02,1000.0,13.5,B
2021-06-23T13:41:48,6000.0,13.5,B
2021-06-23T13:41:48,500.0,13.5,B
2021-06-23T13:41:48,500.0,13.5,B
2021-06-23T13:41:26,600.0,13.5,B
2021-06-23T13:40:48,5000.0,13.5,B
2021-06-23T13:40:43,300.0,13.5,B
2021-06-23T13:40:34,200.0,13.5,B
2021-06-23T13:40:34,3000.0,13.5,B
2021-06-23T13:39:40,100.0,13.5,B
2021-06-23T13:38:52,300.0,13.5,B
2021-06-23T13:38:43,100.0,13.5,B
2021-06-23T13:38:35,1000.0,13.5,B
2021-06-23T13:38:30,500.0,13.5,B
2021-06-23T13:38:08,100.0,13.5,B
2021-06-23T13:37:29,1000.0,13.5,B
2021-06-23T13:37:10,3000.0,13.45,S
2021-06-23T13:36:35,200.0,13.45,S
2021-06-23T13:35:48,200.0,13.45,S
2021-06-23T13:35:39,500.0,13.45,S
2021-06-23T13:34:51,3000.0,13.45,B
2021-06-23T13:34:51,1000.0,13.45,B
2021-06-23T13:34:47,400.0,13.45,B
2021-06-23T13:34:45,100.0,13.45,B
2021-06-23T13:34:44,300.0,13.45,B
2021-06-23T13:34:43,1000.0,13.45,B
2021-06-23T13:33:36,200.0,13.45,B
2021-06-23T13:33:35,800.0,13.45,B
2021-06-23T13:33:21,10000.0,13.45,B
2021-06-23T13:33:18,2000.0,13.45,B
2021-06-23T13:32:39,3000.0,13.45,B
2021-06-23T13:32:25,200.0,13.45,B
2021-06-23T13:32:20,500.0,13.45,B
2021-06-23T13:31:49,3000.0,13.45,B
2021-06-23T13:31:46,100.0,13.4,S
2021-06-23T13:31:19,300.0,13.4,S
2021-06-23T13:31:09,4000.0,13.45,B
2021-06-23T13:30:45,300.0,13.45,B
2021-06-23T13:30:13,500.0,13.45,B
2021-06-23T13:29:58,1300.0,13.45,B
2021-06-23T13:29:23,400.0,13.45,B
2021-06-23T13:29:22,1800.0,13.45,B
2021-06-23T13:29:22,1200.0,13.45,B
2021-06-23T13:28:58,100.0,13.45,B
2021-06-23T13:28:42,100.0,13.45,B
2021-06-23T13:27:46,200.0,13.45,B
2021-06-23T13:26:37,100.0,13.45,B
2021-06-23T13:26:20,3000.0,13.45,B
2021-06-23T13:26:06,4000.0,13.45,B
2021-06-23T13:23:53,5000.0,13.45,B
2021-06-23T13:23:04,1000.0,13.45,S
2021-06-23T13:23:00,2000.0,13.45,S
2021-06-23T13:22:25,4300.0,13.45,S
2021-06-23T13:22:08,1000.0,13.45,S
2021-06-23T13:21:49,100.0,13.45,S
2021-06-23T13:21:49,600.0,13.45,S
2021-06-23T13:21:19,2000.0,13.45,S
2021-06-23T13:21:19,5000.0,13.45,S
2021-06-23T13:18:59,500.0,13.45,S
2021-06-23T13:18:36,300.0,13.45,S
2021-06-23T13:18:18,1200.0,13.45,S
2021-06-23T13:18:09,3000.0,13.5,B
2021-06-23T13:18:06,8800.0,13.45,S
2021-06-23T13:18:04,6700.0,13.45,S
2021-06-23T13:18:04,4500.0,13.45,S
2021-06-23T13:17:58,1700.0,13.5,B
2021-06-23T13:17:32,500.0,13.5,B
2021-06-23T13:17:06,100.0,13.5,B
2021-06-23T13:16:56,21000.0,13.5,B
2021-06-23T13:16:47,5000.0,13.5,B
2021-06-23T13:16:40,500.0,13.5,S
2021-06-23T13:16:40,11600.0,13.5,S
2021-06-23T13:16:33,100.0,13.5,S
2021-06-23T13:16:10,4300.0,13.55,B
2021-06-23T13:16:08,300.0,13.5,S
2021-06-23T13:15:36,5000.0,13.55,B
2021-06-23T13:15:14,100.0,13.5,S
2021-06-23T13:14:55,100.0,13.55,S
2021-06-23T13:14:25,4000.0,13.5,S
2021-06-23T13:14:11,500.0,13.6,B
2021-06-23T13:14:07,10800.0,13.55,B
2021-06-23T13:14:03,8700.0,13.55,B
2021-06-23T13:13:42,100.0,13.55,B
2021-06-23T13:13:19,1500.0,13.55,B
2021-06-23T13:13:13,1000.0,13.55,B
2021-06-23T13:12:56,300.0,13.55,B
2021-06-23T13:12:46,1000.0,13.55,B
2021-06-23T13:11:38,2500.0,13.55,S
2021-06-23T13:11:38,200.0,13.55,S
2021-06-23T13:11:38,8000.0,13.55,S
2021-06-23T13:11:03,100.0,13.55,S
2021-06-23T13:10:59,2000.0,13.55,S
2021-06-23T13:10:52,100.0,13.55,S
2021-06-23T13:10:28,5200.0,13.55,B
2021-06-23T13:10:25,1500.0,13.5,S
2021-06-23T13:10:18,2500.0,13.55,B
2021-06-23T13:09:29,500.0,13.5,S
2021-06-23T13:09:24,500.0,13.55,B
2021-06-23T13:09:02,1000.0,13.55,B
2021-06-23T13:08:59,300.0,13.55,B
2021-06-23T13:08:59,1200.0,13.55,B
2021-06-23T13:08:59,100.0,13.55,B
2021-06-23T13:08:59,400.0,13.55,B
2021-06-23T13:08:49,100.0,13.55,B
2021-06-23T13:08:41,1500.0,13.55,B
2021-06-23T13:08:35,1600.0,13.55,B
2021-06-23T13:08:29,100.0,13.55,B
2021-06-23T13:08:12,5000.0,13.55,B
2021-06-23T13:07:31,1000.0,13.55,B
2021-06-23T13:05:51,100.0,13.5,S
2021-06-23T13:05:30,1300.0,13.5,B
2021-06-23T13:04:43,5000.0,13.5,B
2021-06-23T13:04:42,500.0,13.45,S
2021-06-23T13:04:20,2700.0,13.5,B
2021-06-23T13:04:20,4200.0,13.5,B
2021-06-23T13:04:20,100.0,13.5,B
2021-06-23T13:04:09,3000.0,13.5,B
2021-06-23T13:03:55,500.0,13.5,B
2021-06-23T13:03:26,100.0,13.45,S
2021-06-23T13:01:11,200.0,13.45,S
2021-06-23T13:00:59,300.0,13.45,S
2021-06-23T13:00:52,8000.0,13.45,S
2021-06-23T13:00:46,2000.0,13.45,S
2021-06-23T13:00:39,2000.0,13.45,S
2021-06-23T13:00:24,1500.0,13.45,S
2021-06-23T13:00:20,3000.0,13.45,B
2021-06-23T13:00:18,100.0,13.45,B
2021-06-23T13:00:10,100.0,13.45,B
2021-06-23T13:00:10,200.0,13.45,B
2021-06-23T13:00:10,500.0,13.45,B
2021-06-23T13:00:07,2800.0,13.45,B
2021-06-23T13:00:07,700.0,13.45,B
2021-06-23T13:00:07,2900.0,13.45,B
2021-06-23T11:30:02,3000.0,13.45,B
2021-06-23T11:29:55,8000.0,13.45,B
2021-06-23T11:29:45,2000.0,13.45,B
2021-06-23T11:27:58,1000.0,13.4,S
2021-06-23T11:27:20,100.0,13.4,B
2021-06-23T11:27:06,8000.0,13.4,B
2021-06-23T11:26:59,200.0,13.4,B
2021-06-23T11:26:59,6400.0,13.4,B
2021-06-23T11:26:58,100.0,13.4,B
2021-06-23T11:26:24,1000.0,13.4,B
2021-06-23T11:26:00,1500.0,13.4,B
2021-06-23T11:25:37,500.0,13.4,B
2021-06-23T11:25:35,2000.0,13.4,B
2021-06-23T11:25:19,3000.0,13.4,B
2021-06-23T11:25:14,100.0,13.4,B
2021-06-23T11:24:54,1000.0,13.4,B
2021-06-23T11:24:54,1000.0,13.4,B
2021-06-23T11:24:40,800.0,13.35,S
2021-06-23T11:24:37,1000.0,13.4,B
2021-06-23T11:24:36,20000.0,13.35,S
2021-06-23T11:24:16,100.0,13.4,B
2021-06-23T11:24:11,100.0,13.4,B
2021-06-23T11:23:59,1800.0,13.4,B
2021-06-23T11:23:58,100.0,13.4,B
2021-06-23T11:23:56,2000.0,13.35,S
2021-06-23T11:23:33,1800.0,13.4,B
2021-06-23T11:23:23,3200.0,13.4,B
2021-06-23T11:22:47,200.0,13.4,B
2021-06-23T11:22:47,3000.0,13.35,S
2021-06-23T11:22:23,100.0,13.4,B
2021-06-23T11:21:28,500.0,13.4,S
2021-06-23T11:21:10,2400.0,13.35,S
2021-06-23T11:20:11,3000.0,13.35,S
2021-06-23T11:19:33,400.0,13.4,S
2021-06-23T11:19:33,500.0,13.4,S
2021-06-23T11:19:33,100.0,13.4,S
2021-06-23T11:19:00,500.0,13.45,B
2021-06-23T11:18:16,300.0,13.4,S
2021-06-23T11:18:16,9700.0,13.4,S
2021-06-23T11:18:15,10000.0,13.4,S
2021-06-23T11:18:03,4000.0,13.4,S
2021-06-23T11:18:01,800.0,13.45,B
2021-06-23T11:17:54,20000.0,13.4,S
2021-06-23T11:17:36,300.0,13.4,S
2021-06-23T11:16:44,10000.0,13.4,S
2021-06-23T11:16:42,2000.0,13.4,S
2021-06-23T11:16:39,100.0,13.4,S
2021-06-23T11:16:38,4400.0,13.4,S
2021-06-23T11:16:36,5000.0,13.4,S
2021-06-23T11:16:35,10000.0,13.4,S
2021-06-23T11:16:29,10000.0,13.4,S
2021-06-23T11:15:47,14500.0,13.4,S
2021-06-23T11:15:47,2500.0,13.4,S
2021-06-23T11:15:47,2000.0,13.4,S
2021-06-23T11:15:19,100.0,13.45,B
2021-06-23T11:14:21,3000.0,13.45,S
2021-06-23T11:14:13,700.0,13.45,S
2021-06-23T11:14:01,500.0,13.45,S
2021-06-23T11:13:27,200.0,13.45,S
2021-06-23T11:13:03,1000.0,13.45,S
2021-06-23T11:12:46,300.0,13.5,B
2021-06-23T11:12:38,2000.0,13.45,S
2021-06-23T11:12:34,500.0,13.5,B
2021-06-23T11:11:58,200.0,13.5,B
2021-06-23T11:11:13,12300.0,13.45,S
2021-06-23T11:10:47,2000.0,13.45,S
2021-06-23T11:10:41,1000.0,13.45,S
2021-06-23T11:10:08,3000.0,13.45,S
2021-06-23T11:09:32,1200.0,13.5,B
2021-06-23T11:09:24,100.0,13.5,B
2021-06-23T11:08:57,100.0,13.5,B
2021-06-23T11:07:52,1000.0,13.45,S
2021-06-23T11:07:48,10000.0,13.45,S
2021-06-23T11:06:57,200.0,13.5,B
2021-06-23T11:06:55,200.0,13.5,B
2021-06-23T11:06:30,500.0,13.5,B
2021-06-23T11:06:21,500.0,13.5,B
2021-06-23T11:06:15,3800.0,13.45,S
2021-06-23T11:06:14,300.0,13.45,S
2021-06-23T11:06:14,5900.0,13.45,S
2021-06-23T11:06:08,100.0,13.5,B
2021-06-23T11:05:47,200.0,13.5,B
2021-06-23T11:05:35,5000.0,13.5,S
2021-06-23T11:05:34,700.0,13.5,S
2021-06-23T11:05:34,2900.0,13.5,S
2021-06-23T11:05:34,10300.0,13.5,S
2021-06-23T11:05:29,3000.0,13.5,S
2021-06-23T11:04:36,3100.0,13.5,S
2021-06-23T11:04:36,200.0,13.5,S
2021-06-23T11:04:36,10600.0,13.5,S
2021-06-23T11:04:36,3600.0,13.5,S
2021-06-23T11:04:36,18200.0,13.5,S
2021-06-23T11:04:36,800.0,13.5,S
2021-06-23T11:04:36,400.0,13.5,S
2021-06-23T11:04:36,4200.0,13.5,S
2021-06-23T11:04:36,1000.0,13.5,S
2021-06-23T11:04:36,500.0,13.5,S
2021-06-23T11:04:35,4100.0,13.5,S
2021-06-23T11:04:35,2100.0,13.5,S
2021-06-23T11:04:35,1200.0,13.5,S
2021-06-23T11:03:40,2300.0,13.5,S
2021-06-23T11:03:15,5000.0,13.5,S
2021-06-23T11:03:14,500.0,13.5,S
2021-06-23T11:02:48,300.0,13.5,S
2021-06-23T11:02:33,100.0,13.55,B
2021-06-23T11:02:26,500.0,13.5,S
2021-06-23T11:02:15,100.0,13.55,B
2021-06-23T11:01:28,5000.0,13.55,B
2021-06-23T11:01:23,500.0,13.5,S
2021-06-23T11:00:47,100.0,13.55,B
2021-06-23T11:00:39,1500.0,13.5,S
2021-06-23T11:00:00,500.0,13.55,B
2021-06-23T10:58:33,100.0,13.55,B
2021-06-23T10:58:26,2000.0,13.55,B
2021-06-23T10:58:25,2000.0,13.55,B
2021-06-23T10:58:17,600.0,13.55,B
2021-06-23T10:58:14,6000.0,13.55,B
2021-06-23T10:58:05,800.0,13.5,S
2021-06-23T10:58:05,1500.0,13.5,S
2021-06-23T10:57:53,1000.0,13.55,B
2021-06-23T10:57:43,300.0,13.5,S
2021-06-23T10:57:30,100.0,13.5,S
2021-06-23T10:57:22,200.0,13.55,B
2021-06-23T10:57:17,1200.0,13.5,S
2021-06-23T10:56:21,100.0,13.55,B
2021-06-23T10:56:20,4900.0,13.55,B
2021-06-23T10:56:07,500.0,13.55,B
2021-06-23T10:56:03,100.0,13.55,B
2021-06-23T10:55:53,5000.0,13.55,B
2021-06-23T10:55:49,1000.0,13.55,B
2021-06-23T10:55:25,100.0,13.55,B
2021-06-23T10:55:11,2500.0,13.55,S
2021-06-23T10:55:11,5300.0,13.55,S
2021-06-23T10:55:11,1800.0,13.55,S
2021-06-23T10:55:11,2000.0,13.55,S
2021-06-23T10:55:11,2200.0,13.55,S
2021-06-23T10:55:11,1600.0,13.55,S
2021-06-23T10:54:41,800.0,13.55,S
2021-06-23T10:54:37,100.0,13.55,S
2021-06-23T10:54:34,1000.0,13.55,S
2021-06-23T10:54:18,3000.0,13.55,S
2021-06-23T10:54:13,300.0,13.55,S
2021-06-23T10:54:03,200.0,13.55,S
2021-06-23T10:53:49,1000.0,13.55,S
2021-06-23T10:53:43,2000.0,13.55,S
2021-06-23T10:53:43,500.0,13.55,S
2021-06-23T10:53:43,1600.0,13.55,S
2021-06-23T10:53:30,5600.0,13.55,S
2021-06-23T10:53:26,100.0,13.55,S
2021-06-23T10:53:14,1500.0,13.55,S
2021-06-23T10:53:14,500.0,13.55,S
2021-06-23T10:53:14,1000.0,13.55,S
2021-06-23T10:53:13,300.0,13.55,S
2021-06-23T10:52:55,200.0,13.55,S
2021-06-23T10:52:48,1000.0,13.55,S
2021-06-23T10:52:18,100.0,13.55,S
2021-06-23T10:51:22,3000.0,13.55,S
2021-06-23T10:50:26,200.0,13.6,B
2021-06-23T10:50:02,200.0,13.6,B
2021-06-23T10:49:14,200.0,13.6,B
2021-06-23T10:49:14,1800.0,13.6,B
2021-06-23T10:49:04,1000.0,13.55,S
2021-06-23T10:47:25,100.0,13.55,S
2021-06-23T10:47:07,100.0,13.6,B
2021-06-23T10:46:33,100.0,13.6,B
2021-06-23T10:46:09,100.0,13.6,S
2021-06-23T10:46:01,400.0,13.6,S
2021-06-23T10:46:01,3100.0,13.6,S
2021-06-23T10:45:55,300.0,13.6,S
2021-06-23T10:45:55,700.0,13.6,S
2021-06-23T10:45:50,200.0,13.6,S
2021-06-23T10:45:47,500.0,13.6,S
2021-06-23T10:45:36,500.0,13.6,S
2021-06-23T10:45:18,500.0,13.6,S
2021-06-23T10:44:30,400.0,13.65,B
2021-06-23T10:44:01,300.0,13.6,S
2021-06-23T10:43:46,200.0,13.65,B
2021-06-23T10:43:42,4500.0,13.6,S
2021-06-23T10:43:23,400.0,13.6,S
2021-06-23T10:43:23,2600.0,13.6,S
2021-06-23T10:43:20,200.0,13.65,B
2021-06-23T10:43:16,1000.0,13.65,B
2021-06-23T10:41:23,1400.0,13.65,B
2021-06-23T10:41:20,2000.0,13.65,B
2021-06-23T10:41:00,200.0,13.65,B
2021-06-23T10:40:42,100.0,13.65,B
2021-06-23T10:40:41,100.0,13.65,B
2021-06-23T10:40:32,800.0,13.65,B
2021-06-23T10:40:10,100.0,13.65,B
2021-06-23T10:39:53,200.0,13.65,B
2021-06-23T10:39:18,400.0,13.65,B
2021-06-23T10:39:17,2000.0,13.6,S
2021-06-23T10:38:59,5000.0,13.65,B
2021-06-23T10:38:58,500.0,13.6,S
2021-06-23T10:38:41,100.0,13.65,B
2021-06-23T10:38:34,700.0,13.65,B
2021-06-23T10:38:31,500.0,13.65,B
2021-06-23T10:37:17,100.0,13.65,B
2021-06-23T10:36:54,200.0,13.65,B
2021-06-23T10:36:26,100.0,13.6,S
2021-06-23T10:36:00,100.0,13.6,S
2021-06-23T10:34:51,2000.0,13.6,S
2021-06-23T10:34:20,2800.0,13.6,S
2021-06-23T10:34:20,800.0,13.6,S
2021-06-23T10:34:20,12400.0,13.6,S
2021-06-23T10:34:18,1600.0,13.6,S
2021-06-23T10:34:10,1100.0,13.6,S
2021-06-23T10:33:54,1000.0,13.6,S
2021-06-23T10:33:13,10200.0,13.6,S
2021-06-23T10:33:13,500.0,13.6,S
2021-06-23T10:33:13,900.0,13.6,S
2021-06-23T10:33:13,5800.0,13.6,S
2021-06-23T10:33:13,2600.0,13.6,S
2021-06-23T10:33:07,200.0,13.6,S
2021-06-23T10:32:38,200.0,13.65,B
2021-06-23T10:31:56,1000.0,13.6,S
2021-06-23T10:31:30,10000.0,13.65,B
2021-06-23T10:30:58,2200.0,13.65,B
2021-06-23T10:30:57,800.0,13.65,B
2021-06-23T10:30:55,2800.0,13.6,S
2021-06-23T10:30:55,600.0,13.6,S
2021-06-23T10:30:54,16600.0,13.6,S
2021-06-23T10:30:48,100.0,13.65,B
2021-06-23T10:30:25,100.0,13.65,B
2021-06-23T10:29:48,100.0,13.65,B
2021-06-23T10:29:40,500.0,13.65,B
2021-06-23T10:29:29,4300.0,13.65,B
2021-06-23T10:29:23,300.0,13.65,B
2021-06-23T10:29:22,2000.0,13.65,B
2021-06-23T10:29:03,1600.0,13.65,B
2021-06-23T10:28:55,100.0,13.65,B
2021-06-23T10:28:33,100.0,13.65,B
2021-06-23T10:28:25,100.0,13.65,B
2021-06-23T10:28:21,200.0,13.65,B
2021-06-23T10:28:20,1000.0,13.65,B
2021-06-23T10:27:57,500.0,13.65,B
2021-06-23T10:27:51,400.0,13.65,B
2021-06-23T10:27:15,9000.0,13.65,S
2021-06-23T10:26:55,3000.0,13.65,S
2021-06-23T10:26:55,300.0,13.65,S
2021-06-23T10:26:55,100.0,13.7,B
2021-06-23T10:26:20,300.0,13.65,S
2021-06-23T10:25:42,1000.0,13.65,S
2021-06-23T10:25:25,1000.0,13.6,S
2021-06-23T10:25:09,2100.0,13.65,S
2021-06-23T10:25:09,200.0,13.65,S
2021-06-23T10:24:42,1000.0,13.65,S
2021-06-23T10:24:37,1300.0,13.65,B
2021-06-23T10:24:26,500.0,13.65,B
2021-06-23T10:24:23,3200.0,13.65,S
2021-06-23T10:24:07,5000.0,13.65,S
2021-06-23T10:23:53,1000.0,13.65,S
2021-06-23T10:23:37,3500.0,13.65,S
2021-06-23T10:23:37,6500.0,13.65,S
2021-06-23T10:23:20,200.0,13.65,S
2021-06-23T10:22:53,100.0,13.65,S
2021-06-23T10:22:47,300.0,13.65,S
2021-06-23T10:22:17,200.0,13.65,S
2021-06-23T10:22:16,300.0,13.65,B
2021-06-23T10:22:11,800.0,13.65,B
2021-06-23T10:21:42,400.0,13.65,B
2021-06-23T10:21:42,200.0,13.65,B
2021-06-23T10:21:42,100.0,13.65,B
2021-06-23T10:20:47,200.0,13.65,B
2021-06-23T10:20:27,2500.0,13.65,B
2021-06-23T10:20:19,100.0,13.65,B
2021-06-23T10:20:17,200.0,13.65,B
2021-06-23T10:19:56,1000.0,13.65,B
2021-06-23T10:19:52,400.0,13.65,B
2021-06-23T10:19:35,100.0,13.65,B
2021-06-23T10:19:33,100.0,13.65,B
2021-06-23T10:18:58,500.0,13.65,S
2021-06-23T10:18:43,9700.0,13.65,S
2021-06-23T10:18:43,4000.0,13.65,S
2021-06-23T10:18:43,22300.0,13.65,S
2021-06-23T10:18:06,100.0,13.7,B
2021-06-23T10:17:26,1000.0,13.7,B
2021-06-23T10:17:07,1000.0,13.7,B
2021-06-23T10:17:00,300.0,13.7,B
2021-06-23T10:16:46,4000.0,13.7,B
2021-06-23T10:16:35,10000.0,13.7,B
2021-06-23T10:16:32,1000.0,13.7,B
2021-06-23T10:16:10,500.0,13.7,B
2021-06-23T10:15:55,1000.0,13.7,B
2021-06-23T10:15:38,5100.0,13.7,B
2021-06-23T10:15:20,100.0,13.7,B
2021-06-23T10:15:08,500.0,13.7,B
2021-06-23T10:15:04,2000.0,13.7,B
2021-06-23T10:14:35,100.0,13.7,B
2021-06-23T10:14:25,300.0,13.7,B
2021-06-23T10:14:03,800.0,13.7,B
2021-06-23T10:13:58,500.0,13.7,B
2021-06-23T10:13:57,100.0,13.7,B
2021-06-23T10:13:19,1000.0,13.7,B
2021-06-23T10:13:10,200.0,13.7,B
2021-06-23T10:12:59,500.0,13.7,B
2021-06-23T10:12:47,500.0,13.7,B
2021-06-23T10:12:38,500.0,13.7,B
2021-06-23T10:12:21,1200.0,13.7,B
2021-06-23T10:11:29,5000.0,13.7,B
2021-06-23T10:11:25,1000.0,13.65,S
2021-06-23T10:11:06,2000.0,13.7,B
2021-06-23T10:10:23,2000.0,13.7,B
2021-06-23T10:09:29,500.0,13.65,B
2021-06-23T10:09:28,100.0,13.65,B
2021-06-23T10:09:28,1200.0,13.65,B
2021-06-23T10:09:06,5000.0,13.65,B
2021-06-23T10:07:44,5000.0,13.65,B
2021-06-23T10:07:39,2200.0,13.65,S
2021-06-23T10:07:38,2400.0,13.65,S
2021-06-23T10:07:05,100.0,13.65,S
2021-06-23T10:06:52,100.0,13.65,S
2021-06-23T10:06:09,4500.0,13.6,S
2021-06-23T10:06:01,200.0,13.65,B
2021-06-23T10:05:53,5000.0,13.65,B
2021-06-23T10:05:50,500.0,13.65,B
2021-06-23T10:05:49,100.0,13.65,B
2021-06-23T10:05:46,2000.0,13.65,B
2021-06-23T10:05:38,2500.0,13.65,B
2021-06-23T10:05:34,1000.0,13.65,B
2021-06-23T10:05:28,500.0,13.65,B
2021-06-23T10:05:21,1000.0,13.65,B
2021-06-23T10:05:18,1800.0,13.65,B
2021-06-23T10:05:18,2200.0,13.65,B
2021-06-23T10:05:18,2100.0,13.65,B
2021-06-23T10:05:17,3900.0,13.65,B
2021-06-23T10:04:57,200.0,13.65,B
2021-06-23T10:04:30,200.0,13.65,B
2021-06-23T10:03:37,6400.0,13.65,B
2021-06-23T10:03:27,4000.0,13.6,S
2021-06-23T10:02:56,2000.0,13.6,S
2021-06-23T10:01:33,1500.0,13.65,B
2021-06-23T10:01:24,900.0,13.65,B
2021-06-23T10:01:20,300.0,13.65,B
2021-06-23T10:00:56,2000.0,13.65,S
2021-06-23T10:00:20,1000.0,13.65,S
2021-06-23T10:00:01,2000.0,13.65,S
2021-06-23T10:00:01,100.0,13.65,S
2021-06-23T10:00:00,3900.0,13.65,S
2021-06-23T10:00:00,6100.0,13.65,S
2021-06-23T09:59:30,100.0,13.65,S
2021-06-23T09:59:00,5000.0,13.65,S
2021-06-23T09:58:49,300.0,13.7,B
2021-06-23T09:58:36,2000.0,13.7,B
2021-06-23T09:58:25,3100.0,13.65,S
2021-06-23T09:58:25,400.0,13.65,S
2021-06-23T09:58:24,2900.0,13.65,S
2021-06-23T09:58:17,1000.0,13.65,S
2021-06-23T09:58:08,200.0,13.7,B
2021-06-23T09:57:52,100.0,13.65,S
2021-06-23T09:57:17,500.0,13.7,B
2021-06-23T09:57:12,400.0,13.7,B
2021-06-23T09:56:58,1000.0,13.7,B
2021-06-23T09:56:57,3000.0,13.65,S
2021-06-23T09:56:37,500.0,13.65,S
2021-06-23T09:56:30,500.0,13.65,S
2021-06-23T09:56:28,500.0,13.7,B
2021-06-23T09:56:10,1000.0,13.7,S
2021-06-23T09:56:08,1300.0,13.7,S
2021-06-23T09:56:00,500.0,13.7,S
2021-06-23T09:55:54,2000.0,13.7,S
2021-06-23T09:55:45,20000.0,13.7,S
2021-06-23T09:55:42,200.0,13.7,S
2021-06-23T09:55:41,300.0,13.7,S
2021-06-23T09:55:33,100.0,13.75,B
2021-06-23T09:55:28,12900.0,13.7,S
2021-06-23T09:55:28,4000.0,13.7,S
2021-06-23T09:55:28,3100.0,13.7,S
2021-06-23T09:55:25,1000.0,13.7,S
2021-06-23T09:55:23,4100.0,13.7,S
2021-06-23T09:55:23,2900.0,13.7,S
2021-06-23T09:55:17,100.0,13.7,S
2021-06-23T09:55:17,100.0,13.75,B
2021-06-23T09:54:49,20000.0,13.7,S
2021-06-23T09:54:27,10000.0,13.75,B
2021-06-23T09:54:24,100.0,13.7,S
2021-06-23T09:54:00,5000.0,13.75,B
2021-06-23T09:53:48,100.0,13.75,B
2021-06-23T09:53:33,2000.0,13.7,S
2021-06-23T09:52:53,3000.0,13.75,B
2021-06-23T09:52:48,100.0,13.75,B
2021-06-23T09:52:36,3900.0,13.75,B
2021-06-23T09:52:36,200.0,13.75,B
2021-06-23T09:52:36,5900.0,13.75,B
2021-06-23T09:52:11,2000.0,13.7,S
2021-06-23T09:52:10,500.0,13.75,B
2021-06-23T09:51:49,500.0,13.75,B
2021-06-23T09:51:46,100.0,13.7,S
2021-06-23T09:51:36,200.0,13.75,S
2021-06-23T09:51:35,4200.0,13.75,S
2021-06-23T09:51:27,500.0,13.75,S
2021-06-23T09:51:15,5000.0,13.75,B
2021-06-23T09:51:05,300.0,13.75,B
2021-06-23T09:51:05,1000.0,13.75,B
2021-06-23T09:51:04,24000.0,13.75,B
2021-06-23T09:51:02,600.0,13.7,S
2021-06-23T09:50:43,2000.0,13.7,S
2021-06-23T09:50:18,100.0,13.7,S
2021-06-23T09:50:14,2900.0,13.75,B
2021-06-23T09:50:14,100.0,13.75,B
2021-06-23T09:50:14,1000.0,13.75,B
2021-06-23T09:50:14,2600.0,13.75,B
2021-06-23T09:50:14,4400.0,13.75,B
2021-06-23T09:50:14,2000.0,13.75,B
2021-06-23T09:50:14,400.0,13.75,B
2021-06-23T09:50:13,14400.0,13.75,B
2021-06-23T09:50:04,1000.0,13.7,S
2021-06-23T09:49:59,5000.0,13.75,B
2021-06-23T09:49:55,1000.0,13.75,B
2021-06-23T09:49:49,100.0,13.75,B
2021-06-23T09:49:46,100.0,13.75,B
2021-06-23T09:49:36,9500.0,13.75,B
2021-06-23T09:49:34,2000.0,13.75,B
2021-06-23T09:49:21,1500.0,13.75,B
2021-06-23T09:49:02,3000.0,13.75,B
2021-06-23T09:48:58,7500.0,13.7,S
2021-06-23T09:48:56,5000.0,13.7,S
2021-06-23T09:48:41,200.0,13.7,S
2021-06-23T09:48:38,400.0,13.7,S
2021-06-23T09:48:25,4500.0,13.7,S
2021-06-23T09:48:20,600.0,13.7,S
2021-06-23T09:48:10,4000.0,13.75,B
2021-06-23T09:48:03,1100.0,13.7,S
2021-06-23T09:47:59,1000.0,13.7,S
2021-06-23T09:47:55,100.0,13.7,S
2021-06-23T09:47:51,600.0,13.7,S
2021-06-23T09:47:48,100.0,13.7,S
2021-06-23T09:47:41,100.0,13.7,S
2021-06-23T09:47:37,1000.0,13.7,S
2021-06-23T09:47:34,500.0,13.7,S
2021-06-23T09:47:31,300.0,13.7,S
2021-06-23T09:47:24,500.0,13.7,S
2021-06-23T09:47:23,600.0,13.7,S
2021-06-23T09:47:22,1000.0,13.75,B
2021-06-23T09:47:21,2000.0,13.75,B
2021-06-23T09:47:08,1000.0,13.7,S
2021-06-23T09:46:57,1000.0,13.7,S
2021-06-23T09:46:47,500.0,13.7,S
2021-06-23T09:46:45,200.0,13.7,S
2021-06-23T09:46:36,400.0,13.75,B
2021-06-23T09:46:34,500.0,13.7,S
2021-06-23T09:45:44,1000.0,13.7,S
2021-06-23T09:45:42,100.0,13.7,S
2021-06-23T09:45:34,1000.0,13.75,B
2021-06-23T09:44:54,100.0,13.7,B
2021-06-23T09:44:50,21200.0,13.7,B
2021-06-23T09:44:40,500.0,13.7,B
2021-06-23T09:44:27,500.0,13.7,S
2021-06-23T09:44:24,1000.0,13.65,S
2021-06-23T09:44:15,1000.0,13.7,S
2021-06-23T09:44:00,100.0,13.75,B
2021-06-23T09:43:43,100.0,13.7,S
2021-06-23T09:43:42,200.0,13.7,S
2021-06-23T09:43:35,100.0,13.7,S
2021-06-23T09:43:32,100.0,13.7,S
2021-06-23T09:43:23,1000.0,13.7,B
2021-06-23T09:43:21,1000.0,13.75,B
2021-06-23T09:43:16,1900.0,13.7,B
2021-06-23T09:43:15,2300.0,13.7,B
2021-06-23T09:42:58,400.0,13.7,B
2021-06-23T09:42:45,300.0,13.7,B
2021-06-23T09:42:45,300.0,13.7,B
2021-06-23T09:42:45,1600.0,13.7,B
2021-06-23T09:42:45,12400.0,13.7,B
2021-06-23T09:42:19,300.0,13.7,B
2021-06-23T09:41:58,1000.0,13.65,S
2021-06-23T09:41:45,400.0,13.65,S
2021-06-23T09:41:43,1000.0,13.7,B
2021-06-23T09:41:28,5000.0,13.7,B
2021-06-23T09:41:25,200.0,13.65,S
2021-06-23T09:41:22,2000.0,13.7,B
2021-06-23T09:41:18,1000.0,13.65,S
2021-06-23T09:41:11,500.0,13.65,S
2021-06-23T09:40:45,1900.0,13.65,S
2021-06-23T09:40:39,100.0,13.7,B
2021-06-23T09:40:39,300.0,13.7,B
2021-06-23T09:40:25,300.0,13.7,B
2021-06-23T09:40:19,4600.0,13.7,B
2021-06-23T09:40:19,1600.0,13.7,B
2021-06-23T09:40:19,8800.0,13.7,B
2021-06-23T09:40:19,100.0,13.65,S
2021-06-23T09:40:17,700.0,13.7,B
2021-06-23T09:40:15,400.0,13.65,S
2021-06-23T09:40:06,400.0,13.7,B
2021-06-23T09:40:06,600.0,13.7,B
2021-06-23T09:40:05,500.0,13.7,B
2021-06-23T09:39:48,800.0,13.7,B
2021-06-23T09:39:42,9000.0,13.65,S
2021-06-23T09:39:31,500.0,13.7,B
2021-06-23T09:39:25,200.0,13.7,B
2021-06-23T09:39:11,2000.0,13.65,S
2021-06-23T09:39:01,600.0,13.7,B
2021-06-23T09:39:00,1200.0,13.65,S
2021-06-23T09:38:57,3000.0,13.7,B
2021-06-23T09:38:54,10000.0,13.7,B
2021-06-23T09:38:35,5000.0,13.7,B
2021-06-23T09:38:34,100.0,13.7,B
2021-06-23T09:38:13,5000.0,13.7,S
2021-06-23T09:38:09,1000.0,13.7,S
2021-06-23T09:38:07,700.0,13.65,S
2021-06-23T09:38:02,1400.0,13.7,S
2021-06-23T09:38:02,400.0,13.7,S
2021-06-23T09:38:02,1000.0,13.75,B
2021-06-23T09:37:57,500.0,13.7,S
2021-06-23T09:37:51,200.0,13.7,S
2021-06-23T09:37:44,500.0,13.7,S
2021-06-23T09:37:37,200.0,13.75,B
2021-06-23T09:37:37,3000.0,13.75,B
2021-06-23T09:37:37,10000.0,13.7,S
2021-06-23T09:37:37,500.0,13.75,B
2021-06-23T09:37:32,100.0,13.75,S
2021-06-23T09:37:29,300.0,13.75,S
2021-06-23T09:37:25,1300.0,13.75,S
2021-06-23T09:37:25,700.0,13.75,S
2021-06-23T09:37:24,2000.0,13.75,S
2021-06-23T09:37:07,800.0,13.75,S
2021-06-23T09:36:52,200.0,13.8,S
2021-06-23T09:36:45,500.0,13.8,S
2021-06-23T09:36:45,1400.0,13.8,S
2021-06-23T09:36:39,1000.0,13.8,S
2021-06-23T09:36:37,1000.0,13.8,S
2021-06-23T09:36:37,300.0,13.8,S
2021-06-23T09:36:26,2000.0,13.8,S
2021-06-23T09:36:21,100.0,13.8,S
2021-06-23T09:36:16,2000.0,13.8,S
2021-06-23T09:36:16,200.0,13.8,S
2021-06-23T09:36:14,400.0,13.8,S
2021-06-23T09:36:06,300.0,13.8,S
2021-06-23T09:36:05,1000.0,13.8,S
2021-06-23T09:35:57,3000.0,13.8,S
2021-06-23T09:35:50,800.0,13.8,S
2021-06-23T09:35:50,6000.0,13.8,S
2021-06-23T09:35:50,100.0,13.8,S
2021-06-23T09:35:45,5000.0,13.8,S
2021-06-23T09:35:41,1000.0,13.8,S
2021-06-23T09:35:35,300.0,13.8,S
2021-06-23T09:35:33,5300.0,13.8,S
2021-06-23T09:35:33,200.0,13.8,S
2021-06-23T09:35:26,400.0,13.8,S
2021-06-23T09:35:25,4200.0,13.8,S
2021-06-23T09:35:25,1900.0,13.8,S
2021-06-23T09:35:22,1000.0,13.85,B
2021-06-23T09:35:21,2000.0,13.8,S
2021-06-23T09:35:21,6000.0,13.8,S
2021-06-23T09:35:21,700.0,13.8,S
2021-06-23T09:35:21,300.0,13.8,S
2021-06-23T09:35:20,500.0,13.8,S
2021-06-23T09:35:20,10500.0,13.8,S
2021-06-23T09:35:18,500.0,13.8,S
2021-06-23T09:35:16,100.0,13.85,B
2021-06-23T09:35:13,2000.0,13.8,S
2021-06-23T09:35:10,1000.0,13.8,S
2021-06-23T09:35:09,2000.0,13.8,S
2021-06-23T09:35:09,1000.0,13.8,S
2021-06-23T09:35:08,2000.0,13.8,S
2021-06-23T09:35:03,600.0,13.85,B
2021-06-23T09:35:02,200.0,13.85,B
2021-06-23T09:34:59,5000.0,13.8,S
2021-06-23T09:34:49,1000.0,13.8,S
2021-06-23T09:34:49,200.0,13.85,B
2021-06-23T09:34:42,1700.0,13.8,S
2021-06-23T09:34:42,1000.0,13.8,S
2021-06-23T09:34:42,600.0,13.8,S
2021-06-23T09:34:27,100.0,13.85,B
2021-06-23T09:34:21,200.0,13.85,B
2021-06-23T09:34:19,1000.0,13.85,B
2021-06-23T09:34:17,500.0,13.85,B
2021-06-23T09:34:06,100.0,13.85,B
2021-06-23T09:34:01,100.0,13.85,B
2021-06-23T09:33:57,2000.0,13.85,B
2021-06-23T09:33:53,100.0,13.85,B
2021-06-23T09:33:49,100.0,13.85,B
2021-06-23T09:33:48,14300.0,13.85,B
2021-06-23T09:33:46,700.0,13.85,B
2021-06-23T09:33:46,2300.0,13.9,B
2021-06-23T09:33:39,200.0,13.9,B
2021-06-23T09:33:37,100.0,13.9,B
2021-06-23T09:33:36,4100.0,13.9,B
2021-06-23T09:33:35,600.0,13.9,B
2021-06-23T09:33:35,2700.0,13.9,B
2021-06-23T09:33:17,5000.0,13.85,B
2021-06-23T09:33:15,3000.0,13.85,B
2021-06-23T09:33:13,200.0,13.85,B
2021-06-23T09:33:06,100.0,13.9,B
2021-06-23T09:33:06,700.0,13.9,B
2021-06-23T09:33:06,600.0,13.9,B
2021-06-23T09:33:06,400.0,13.9,B
2021-06-23T09:33:06,300.0,13.9,B
2021-06-23T09:33:06,13600.0,13.9,B
2021-06-23T09:33:06,2000.0,13.9,B
2021-06-23T09:33:06,100.0,13.9,B
2021-06-23T09:33:06,2200.0,13.9,B
2021-06-23T09:33:06,2300.0,13.85,B
2021-06-23T09:33:05,100.0,13.8,S
2021-06-23T09:33:05,100.0,13.8,S
2021-06-23T09:33:04,100.0,13.85,B
2021-06-23T09:33:02,100.0,13.85,B
2021-06-23T09:33:02,100.0,13.8,S
2021-06-23T09:32:59,800.0,13.85,B
2021-06-23T09:32:59,5000.0,13.85,B
2021-06-23T09:32:59,900.0,13.85,B
2021-06-23T09:32:59,8300.0,13.85,B
2021-06-23T09:32:55,200.0,13.8,S
2021-06-23T09:32:53,500.0,13.8,S
2021-06-23T09:32:50,100.0,13.85,B
2021-06-23T09:32:38,200.0,13.8,S
2021-06-23T09:32:37,500.0,13.8,S
2021-06-23T09:32:27,100.0,13.8,B
2021-06-23T09:32:27,300.0,13.8,B
2021-06-23T09:32:20,300.0,13.8,B
2021-06-23T09:32:10,100.0,13.8,B
2021-06-23T09:32:07,1000.0,13.8,B
2021-06-23T09:32:04,500.0,13.8,B
2021-06-23T09:32:03,1000.0,13.8,B
2021-06-23T09:31:56,500.0,13.8,B
2021-06-23T09:31:56,1000.0,13.8,B
2021-06-23T09:31:53,600.0,13.8,B
2021-06-23T09:31:51,5000.0,13.8,B
2021-06-23T09:31:50,100.0,13.8,B
2021-06-23T09:31:47,100.0,13.8,B
2021-06-23T09:31:42,200.0,13.8,B
2021-06-23T09:31:42,6000.0,13.85,B
2021-06-23T09:31:39,800.0,13.85,B
2021-06-23T09:31:35,400.0,13.8,B
2021-06-23T09:31:32,4600.0,13.8,B
2021-06-23T09:31:31,100.0,13.8,B
2021-06-23T09:31:27,1000.0,13.8,B
2021-06-23T09:31:19,100.0,13.8,B
2021-06-23T09:31:17,100.0,13.8,B
2021-06-23T09:31:17,400.0,13.8,B
2021-06-23T09:31:14,100.0,13.8,B
2021-06-23T09:31:12,2000.0,13.8,B
2021-06-23T09:31:12,5000.0,13.8,B
2021-06-23T09:31:07,100.0,13.8,B
2021-06-23T09:31:06,500.0,13.8,B
2021-06-23T09:31:00,500.0,13.8,B
2021-06-23T09:31:00,6200.0,13.8,B
2021-06-23T09:31:00,4000.0,13.8,B
2021-06-23T09:31:00,1600.0,13.8,B
2021-06-23T09:30:49,5500.0,13.8,B
2021-06-23T09:30:47,200.0,13.75,B
2021-06-23T09:30:46,300.0,13.75,B
2021-06-23T09:30:44,100.0,13.75,B
2021-06-23T09:30:41,300.0,13.8,B
2021-06-23T09:30:41,700.0,13.8,B
2021-06-23T09:30:41,3700.0,13.75,B
2021-06-23T09:30:41,1500.0,13.75,B
2021-06-23T09:30:40,800.0,13.75,B
2021-06-23T09:30:39,1000.0,13.75,B
2021-06-23T09:30:37,200.0,13.75,B
2021-06-23T09:30:36,300.0,13.75,B
2021-06-23T09:30:33,100.0,13.75,B
2021-06-23T09:30:30,1500.0,13.75,B
2021-06-23T09:30:23,100.0,13.75,B
2021-06-23T09:30:07,2000.0,13.75,B
2021-06-23T09:30:06,4000.0,13.75,B
2021-06-23T09:29:54,300.0,13.7,B
2021-06-23T09:29:53,500.0,13.7,B
2021-06-23T09:29:48,1000.0,13.7,B
2021-06-23T09:29:44,400.0,13.7,B
2021-06-23T09:29:36,100.0,13.7,B
2021-06-23T09:29:36,1000.0,13.7,B
2021-06-23T09:29:35,500.0,13.7,B
2021-06-23T09:29:33,500.0,13.7,B
2021-06-23T09:29:30,500.0,13.7,B
2021-06-23T09:29:30,4000.0,13.7,B
2021-06-23T09:29:28,2000.0,13.7,B
2021-06-23T09:29:24,500.0,13.7,B
2021-06-23T09:29:24,500.0,13.7,B
2021-06-23T09:29:23,10000.0,13.7,B
2021-06-23T09:29:22,2000.0,13.7,B
2021-06-23T09:29:22,500.0,13.7,B
2021-06-23T09:29:20,1500.0,13.7,B
2021-06-23T09:29:15,100.0,13.65,S
2021-06-23T09:29:15,1000.0,13.7,B
2021-06-23T09:29:10,200.0,13.7,B
2021-06-23T09:29:07,2000.0,13.7,B
2021-06-23T09:29:06,1600.0,13.7,B
2021-06-23T09:29:04,700.0,13.7,B
2021-06-23T09:29:02,300.0,13.6,S
2021-06-23T09:29:02,400.0,13.7,B
2021-06-23T09:28:53,300.0,13.7,B
2021-06-23T09:28:47,100.0,13.6,S
2021-06-23T09:28:44,1500.0,13.65,B
2021-06-23T09:28:38,800.0,13.65,B
2021-06-23T09:28:34,1000.0,13.6,B
2021-06-23T09:28:32,9000.0,13.6,B
2021-06-23T09:28:22,100.0,13.6,B
2021-06-23T09:28:18,100.0,13.6,B
2021-06-23T09:28:06,100.0,13.55,B
2021-06-23T09:28:05,300.0,13.55,B
2021-06-23T09:28:05,2700.0,13.65,B
2021-06-23T09:28:05,2400.0,13.65,B
2021-06-23T09:28:05,100.0,13.6,B
2021-06-23T09:28:05,3100.0,13.6,B
2021-06-23T09:28:05,6000.0,13.6,B
2021-06-23T09:28:05,400.0,13.6,B
2021-06-23T09:28:05,1000.0,13.6,B
2021-06-23T09:28:05,300.0,13.6,B
2021-06-23T09:28:05,9000.0,13.6,B
2021-06-23T09:27:55,200.0,13.6,B
2021-06-23T09:27:48,4900.0,13.55,B
2021-06-23T09:27:47,500.0,13.5,S
2021-06-23T09:27:46,1000.0,13.5,S
2021-06-23T09:27:45,1100.0,13.55,B
2021-06-23T09:27:32,5200.0,13.55,B
2021-06-23T09:27:32,1800.0,13.55,B
2021-06-23T09:27:31,200.0,13.55,B
2021-06-23T09:27:30,200.0,13.55,B
2021-06-23T09:27:24,100.0,13.5,S
2021-06-23T09:27:11,100.0,13.5,S
2021-06-23T09:26:58,500.0,13.5,S
2021-06-23T09:26:48,1800.0,13.5,B
2021-06-23T09:26:47,1200.0,13.5,B
2021-06-23T09:26:46,4000.0,13.5,B
2021-06-23T09:26:37,100.0,13.5,B
2021-06-23T09:26:32,400.0,13.5,B
2021-06-23T09:26:30,1000.0,13.5,B
2021-06-23T09:26:24,400.0,13.5,B
2021-06-23T09:26:17,200.0,13.5,B
2021-06-23T09:26:09,3800.0,13.5,B
2021-06-23T09:26:09,5200.0,13.5,B
2021-06-23T09:26:09,2100.0,13.5,B
2021-06-23T09:26:09,100.0,13.5,B
2021-06-23T09:26:09,4100.0,13.5,B
2021-06-23T09:26:09,1000.0,13.5,B
2021-06-23T09:26:09,300.0,13.5,B
2021-06-23T09:26:08,3400.0,13.5,B
2021-06-23T09:25:53,100.0,13.5,B
2021-06-23T09:25:44,100.0,13.5,B
2021-06-23T09:25:35,200.0,13.45,S
2021-06-23T09:25:31,200.0,13.45,S
2021-06-23T09:25:28,5000.0,13.5,B
2021-06-23T09:25:26,1000.0,13.5,B
2021-06-23T09:25:05,1000.0,13.45,S
2021-06-23T09:24:46,400.0,13.45,B
2021-06-23T09:24:46,1100.0,13.45,B
2021-06-23T09:24:46,2900.0,13.45,B
2021-06-23T09:24:45,1000.0,13.45,B
2021-06-23T09:24:28,1000.0,13.45,B
2021-06-23T09:24:14,100.0,13.45,B
2021-06-23T09:24:13,800.0,13.45,B
2021-06-23T09:23:54,100.0,13.45,B
2021-06-23T09:23:44,500.0,13.45,B
2021-06-23T09:23:12,3000.0,13.4,S
2021-06-23T09:23:06,2000.0,13.45,B
2021-06-23T09:22:55,1000.0,13.45,B
2021-06-23T09:22:48,2000.0,13.4,S
2021-06-23T09:22:46,300.0,13.4,S
2021-06-23T09:22:44,100.0,13.4,S
2021-06-23T09:22:22,900.0,13.4,S
2021-06-23T09:22:22,100.0,13.4,S
2021-06-23T09:21:55,200.0,13.4,S
2021-06-23T09:21:20,2400.0,13.4,B
2021-06-23T09:21:12,100.0,13.4,B
2021-06-23T09:21:08,700.0,13.4,B
2021-06-23T09:20:34,500.0,13.4,S
2021-06-23T09:20:26,500.0,13.4,S
2021-06-23T09:19:49,700.0,13.4,S
2021-06-23T09:19:40,6900.0,13.4,S
2021-06-23T09:19:27,300.0,13.4,S
2021-06-23T09:19:12,3300.0,13.4,B
2021-06-23T09:19:03,1000.0,13.4,B
2021-06-23T09:18:40,1000.0,13.4,S
2021-06-23T09:18:34,300.0,13.4,S
2021-06-23T09:18:11,200.0,13.4,S
2021-06-23T09:18:07,200.0,13.4,S
2021-06-23T09:18:04,400.0,13.4,S
2021-06-23T09:17:56,200.0,13.4,S
2021-06-23T09:17:52,5000.0,13.4,S
2021-06-23T09:17:39,5000.0,13.4,S
2021-06-23T09:17:33,2000.0,13.45,B
2021-06-23T09:17:05,100.0,13.45,B
2021-06-23T09:16:24,1500.0,13.4,S
2021-06-23T09:16:00,300.0,13.4,B
