tradingTime,volume,price,side
2021-06-23T14:20:00,4000.0,12.05,B
2021-06-23T14:19:45,500.0,12.05,B
2021-06-23T14:19:05,100.0,12.05,S
2021-06-23T14:19:01,1000.0,12.05,S
2021-06-23T14:19:01,700.0,12.05,S
2021-06-23T14:18:41,12200.0,12.05,S
2021-06-23T14:18:41,200.0,12.05,S
2021-06-23T14:18:41,800.0,12.05,S
2021-06-23T14:18:41,1800.0,12.05,S
2021-06-23T14:18:27,100.0,12.05,S
2021-06-23T14:18:23,400.0,12.15,B
2021-06-23T14:16:37,900.0,12.1,B
2021-06-23T14:15:26,4100.0,12.1,S
2021-06-23T14:15:20,900.0,12.1,S
2021-06-23T14:10:06,2000.0,12.05,S
2021-06-23T14:10:06,2000.0,12.1,S
2021-06-23T14:10:04,100.0,12.15,B
2021-06-23T14:08:08,100.0,12.1,S
2021-06-23T14:07:04,1000.0,12.1,S
2021-06-23T14:07:02,200.0,12.1,S
2021-06-23T14:06:43,1000.0,12.1,S
2021-06-23T14:05:32,300.0,12.15,B
2021-06-23T14:04:38,100.0,12.1,S
2021-06-23T14:01:59,1000.0,12.1,S
2021-06-23T13:59:29,1000.0,12.1,S
2021-06-23T13:58:32,100.0,12.1,B
2021-06-23T13:57:55,300.0,12.05,S
2021-06-23T13:57:00,300.0,12.05,S
2021-06-23T13:56:53,100.0,12.05,S
2021-06-23T13:55:02,15000.0,12.05,S
2021-06-23T13:53:26,100.0,12.1,S
2021-06-23T13:52:41,700.0,12.1,S
2021-06-23T13:52:41,1600.0,12.1,S
2021-06-23T13:52:41,400.0,12.1,S
2021-06-23T13:50:41,500.0,12.1,S
2021-06-23T13:50:11,200.0,12.1,S
2021-06-23T13:49:56,2800.0,12.15,B
2021-06-23T13:48:32,500.0,12.15,B
2021-06-23T13:48:16,31300.0,12.15,S
2021-06-23T13:45:57,3000.0,12.15,S
2021-06-23T13:41:59,100.0,12.1,S
2021-06-23T13:39:26,3000.0,12.1,S
2021-06-23T13:35:36,100.0,12.1,S
2021-06-23T13:34:56,100.0,12.2,B
2021-06-23T13:34:55,400.0,12.2,B
2021-06-23T13:31:56,700.0,12.1,S
2021-06-23T13:31:41,100.0,12.1,B
2021-06-23T13:31:03,1200.0,12.1,S
2021-06-23T13:28:49,100.0,12.1,S
2021-06-23T13:28:24,200.0,12.1,S
2021-06-23T13:27:52,2900.0,12.1,B
2021-06-23T13:27:23,1000.0,12.1,B
2021-06-23T13:25:03,200.0,12.1,S
2021-06-23T13:24:22,900.0,12.1,S
2021-06-23T13:24:22,1800.0,12.1,S
2021-06-23T13:24:22,200.0,12.1,S
2021-06-23T13:24:22,4600.0,12.1,S
2021-06-23T13:23:16,900.0,12.1,S
2021-06-23T13:22:37,100.0,12.2,S
2021-06-23T13:17:06,7200.0,12.3,S
2021-06-23T13:16:29,1000.0,12.3,S
2021-06-23T13:15:57,200.0,12.3,S
2021-06-23T13:14:58,1000.0,12.3,S
2021-06-23T13:14:54,10000.0,12.3,S
2021-06-23T13:14:03,3800.0,12.3,B
2021-06-23T13:13:54,2000.0,12.3,B
2021-06-23T13:13:54,300.0,12.3,B
2021-06-23T13:13:54,1900.0,12.3,B
2021-06-23T13:13:54,100.0,12.25,B
2021-06-23T13:13:54,1200.0,12.25,B
2021-06-23T13:13:54,2300.0,12.25,B
2021-06-23T13:10:49,900.0,12.1,S
2021-06-23T13:10:14,2000.0,12.2,S
2021-06-23T13:06:42,200.0,12.2,S
2021-06-23T13:06:17,100.0,12.2,S
2021-06-23T13:05:49,21200.0,12.2,B
2021-06-23T13:03:46,100.0,12.15,B
2021-06-23T13:02:16,1900.0,12.15,S
2021-06-23T13:00:10,100.0,12.2,B
2021-06-23T11:29:52,100.0,12.2,B
2021-06-23T11:29:19,100.0,12.15,B
2021-06-23T11:27:06,5000.0,12.15,B
2021-06-23T11:26:20,400.0,12.15,B
2021-06-23T11:26:20,500.0,12.15,B
2021-06-23T11:26:19,100.0,12.15,B
2021-06-23T11:25:09,300.0,12.15,B
2021-06-23T11:24:51,5000.0,12.15,B
2021-06-23T11:24:00,100.0,12.15,B
2021-06-23T11:23:39,1500.0,12.1,S
2021-06-23T11:23:39,100.0,12.1,S
2021-06-23T11:23:39,3400.0,12.1,S
2021-06-23T11:19:58,1700.0,12.1,S
2021-06-23T11:18:36,100.0,12.1,S
2021-06-23T11:16:51,4000.0,12.1,S
2021-06-23T11:15:49,500.0,12.1,S
2021-06-23T11:15:49,4300.0,12.1,S
2021-06-23T11:15:36,1000.0,12.15,S
2021-06-23T11:14:50,3000.0,12.15,S
2021-06-23T11:13:40,100.0,12.2,B
2021-06-23T11:13:20,3700.0,12.15,S
2021-06-23T11:11:32,100.0,12.15,S
2021-06-23T11:11:14,1000.0,12.15,S
2021-06-23T11:06:45,3000.0,12.15,S
2021-06-23T11:06:44,1000.0,12.2,B
2021-06-23T11:06:25,3000.0,12.15,S
2021-06-23T11:06:25,200.0,12.15,S
2021-06-23T11:04:44,900.0,12.2,S
2021-06-23T11:04:30,200.0,12.2,S
2021-06-23T11:04:09,1000.0,12.25,B
2021-06-23T11:03:14,100.0,12.2,S
2021-06-23T11:02:33,400.0,12.2,S
2021-06-23T11:02:12,100.0,12.2,S
2021-06-23T11:01:06,500.0,12.2,S
2021-06-23T11:00:24,3000.0,12.2,S
2021-06-23T10:59:56,100.0,12.25,B
2021-06-23T10:56:18,1000.0,12.2,S
2021-06-23T10:54:32,300.0,12.2,S
2021-06-23T10:54:32,700.0,12.2,S
2021-06-23T10:54:01,100.0,12.25,B
2021-06-23T10:54:01,1000.0,12.2,S
2021-06-23T10:53:40,400.0,12.2,S
2021-06-23T10:53:40,100.0,12.2,S
2021-06-23T10:53:19,200.0,12.2,S
2021-06-23T10:50:22,1100.0,12.25,S
2021-06-23T10:47:28,100.0,12.3,B
2021-06-23T10:46:33,600.0,12.25,S
2021-06-23T10:45:14,300.0,12.25,S
2021-06-23T10:45:14,100.0,12.3,B
2021-06-23T10:44:29,7000.0,12.25,S
2021-06-23T10:43:20,300.0,12.25,S
2021-06-23T10:39:41,2200.0,12.25,S
2021-06-23T10:39:41,300.0,12.25,S
2021-06-23T10:28:23,7000.0,12.35,B
2021-06-23T10:27:30,1000.0,12.15,S
2021-06-23T10:26:43,100.0,12.25,S
2021-06-23T10:26:42,900.0,12.25,S
2021-06-23T10:23:48,100.0,12.25,S
2021-06-23T10:22:34,1500.0,12.2,S
2021-06-23T10:21:32,2100.0,12.2,S
2021-06-23T10:21:04,400.0,12.3,S
2021-06-23T10:20:52,100.0,12.3,B
2021-06-23T10:19:13,100.0,12.3,B
2021-06-23T10:19:04,100.0,12.2,S
2021-06-23T10:18:18,1700.0,12.2,S
2021-06-23T10:16:18,100.0,12.35,B
2021-06-23T10:15:32,100.0,12.2,S
2021-06-23T10:15:25,100.0,12.3,B
2021-06-23T10:13:59,1300.0,12.2,S
2021-06-23T10:13:35,400.0,12.2,S
2021-06-23T10:12:49,1000.0,12.2,S
2021-06-23T10:11:43,900.0,12.2,B
2021-06-23T10:11:12,13000.0,12.2,B
2021-06-23T10:10:54,17000.0,12.15,S
2021-06-23T10:10:48,200.0,12.2,B
2021-06-23T10:10:10,1200.0,12.2,B
2021-06-23T10:09:05,1000.0,12.2,B
2021-06-23T10:08:54,500.0,12.15,S
2021-06-23T10:08:54,1000.0,12.15,S
2021-06-23T10:08:54,500.0,12.15,S
2021-06-23T10:08:19,1000.0,12.2,B
2021-06-23T10:08:05,4400.0,12.2,B
2021-06-23T10:07:05,300.0,12.15,S
2021-06-23T10:06:36,1000.0,12.2,B
2021-06-23T10:05:50,200.0,12.15,S
2021-06-23T10:05:50,900.0,12.15,S
2021-06-23T10:04:57,800.0,12.2,B
2021-06-23T10:02:48,1000.0,12.2,S
2021-06-23T10:02:45,1200.0,12.2,S
2021-06-23T10:02:45,2100.0,12.2,S
2021-06-23T10:02:45,3000.0,12.2,S
2021-06-23T10:02:45,2500.0,12.2,S
2021-06-23T10:02:45,1000.0,12.2,S
2021-06-23T10:02:45,1300.0,12.2,S
2021-06-23T10:02:45,16100.0,12.2,S
2021-06-23T10:02:45,6700.0,12.25,S
2021-06-23T10:02:45,2000.0,12.25,S
2021-06-23T10:02:32,300.0,12.25,S
2021-06-23T10:02:13,1200.0,12.25,S
2021-06-23T10:02:13,200.0,12.3,S
2021-06-23T10:02:02,7000.0,12.25,S
2021-06-23T09:58:42,500.0,12.3,B
2021-06-23T09:58:33,500.0,12.3,S
2021-06-23T09:58:14,500.0,12.35,B
2021-06-23T09:57:58,100.0,12.3,S
2021-06-23T09:57:58,2900.0,12.3,S
2021-06-23T09:57:24,2000.0,12.3,S
2021-06-23T09:55:33,100.0,12.35,B
2021-06-23T09:52:26,100.0,12.3,S
2021-06-23T09:51:43,2000.0,12.3,S
2021-06-23T09:51:42,3000.0,12.3,S
2021-06-23T09:51:34,500.0,12.3,S
2021-06-23T09:51:03,500.0,12.3,S
2021-06-23T09:50:24,100.0,12.35,B
2021-06-23T09:46:04,3200.0,12.35,S
2021-06-23T09:44:38,500.0,12.35,S
2021-06-23T09:43:46,200.0,12.35,S
2021-06-23T09:43:35,400.0,12.35,S
2021-06-23T09:43:20,700.0,12.35,B
2021-06-23T09:40:14,2100.0,12.3,B
2021-06-23T09:40:13,2000.0,12.3,B
2021-06-23T09:38:03,4000.0,12.3,B
2021-06-23T09:37:46,100.0,12.3,B
2021-06-23T09:37:37,300.0,12.3,B
2021-06-23T09:36:39,500.0,12.3,S
2021-06-23T09:36:39,200.0,12.3,S
2021-06-23T09:36:39,4700.0,12.3,S
2021-06-23T09:36:32,1900.0,12.3,S
2021-06-23T09:35:18,2000.0,12.3,S
2021-06-23T09:35:12,1000.0,12.3,S
2021-06-23T09:32:48,300.0,12.3,S
2021-06-23T09:32:27,3000.0,12.3,B
2021-06-23T09:32:20,1100.0,12.3,B
2021-06-23T09:32:00,13000.0,12.3,B
2021-06-23T09:30:53,500.0,12.3,B
2021-06-23T09:30:05,500.0,12.2,S
2021-06-23T09:29:31,1000.0,12.2,S
2021-06-23T09:29:30,1000.0,12.25,S
2021-06-23T09:29:10,1000.0,12.2,S
2021-06-23T09:28:16,1000.0,12.3,S
2021-06-23T09:27:57,2000.0,12.2,S
2021-06-23T09:27:47,100.0,12.3,S
2021-06-23T09:27:47,3200.0,12.3,S
2021-06-23T09:27:47,2700.0,12.3,S
2021-06-23T09:27:31,3000.0,12.35,S
2021-06-23T09:26:49,100.0,12.4,S
2021-06-23T09:26:49,2000.0,12.4,S
2021-06-23T09:26:48,1700.0,12.4,S
2021-06-23T09:26:10,100.0,12.4,S
2021-06-23T09:25:22,1000.0,12.45,B
2021-06-23T09:23:52,10000.0,12.4,S
2021-06-23T09:20:19,4500.0,12.5,B
2021-06-23T09:20:19,2500.0,12.5,B
2021-06-23T09:20:02,400.0,12.4,S
2021-06-23T09:19:07,1000.0,12.45,S
2021-06-23T09:17:39,200.0,12.5,B
2021-06-23T09:17:01,100.0,12.4,S
2021-06-23T09:16:57,3000.0,12.4,S
2021-06-23T09:16:29,100.0,12.45,S
