tradingTime,volume,price,side
2021-06-23T14:20:12,13200.0,10.6,S
2021-06-23T14:19:19,200.0,10.6,S
2021-06-23T14:19:13,2000.0,10.6,S
2021-06-23T14:19:03,5600.0,10.6,S
2021-06-23T14:18:56,1000.0,10.6,S
2021-06-23T14:18:42,3000.0,10.6,S
2021-06-23T14:17:39,16300.0,10.6,S
2021-06-23T14:16:33,800.0,10.6,B
2021-06-23T14:16:28,10000.0,10.6,B
2021-06-23T14:16:28,300.0,10.6,B
2021-06-23T14:16:17,34000.0,10.6,B
2021-06-23T14:16:04,10000.0,10.6,B
2021-06-23T14:15:58,3000.0,10.6,B
2021-06-23T14:15:36,5000.0,10.6,B
2021-06-23T14:15:25,3000.0,10.6,B
2021-06-23T14:15:17,10000.0,10.6,B
2021-06-23T14:15:08,100.0,10.6,B
2021-06-23T14:15:06,10000.0,10.6,B
2021-06-23T14:15:02,1000.0,10.6,B
2021-06-23T14:14:58,1500.0,10.6,B
2021-06-23T14:14:55,1000.0,10.6,B
2021-06-23T14:14:53,100.0,10.6,B
2021-06-23T14:14:42,1000.0,10.6,B
2021-06-23T14:14:31,100.0,10.6,B
2021-06-23T14:14:24,300.0,10.6,B
2021-06-23T14:14:10,10000.0,10.6,B
2021-06-23T14:13:46,200.0,10.6,B
2021-06-23T14:13:40,3000.0,10.6,B
2021-06-23T14:13:29,200.0,10.6,B
2021-06-23T14:13:26,200.0,10.6,B
2021-06-23T14:13:14,300.0,10.6,B
2021-06-23T14:12:56,100.0,10.6,B
2021-06-23T14:12:27,500.0,10.6,B
2021-06-23T14:12:22,300.0,10.6,B
2021-06-23T14:12:09,100.0,10.6,B
2021-06-23T14:12:08,200.0,10.6,B
2021-06-23T14:12:08,2800.0,10.6,B
2021-06-23T14:11:43,100.0,10.6,B
2021-06-23T14:11:32,500.0,10.6,B
2021-06-23T14:11:21,100.0,10.6,B
2021-06-23T14:11:15,10000.0,10.6,B
2021-06-23T14:10:50,300.0,10.6,B
2021-06-23T14:10:43,29900.0,10.6,S
2021-06-23T14:10:31,5000.0,10.6,S
2021-06-23T14:10:27,300.0,10.6,S
2021-06-23T14:10:20,9000.0,10.6,S
2021-06-23T14:09:43,2000.0,10.6,S
2021-06-23T14:08:55,2000.0,10.7,B
2021-06-23T14:08:06,500.0,10.6,S
2021-06-23T14:07:14,1000.0,10.6,S
2021-06-23T14:06:56,100.0,10.6,S
2021-06-23T14:06:24,2000.0,10.6,S
2021-06-23T14:04:58,10000.0,10.6,S
2021-06-23T14:04:32,5000.0,10.6,S
2021-06-23T14:04:31,100.0,10.6,S
2021-06-23T14:04:02,5000.0,10.6,S
2021-06-23T14:03:58,1000.0,10.6,S
2021-06-23T14:02:51,400.0,10.6,B
2021-06-23T14:02:48,100.0,10.6,B
2021-06-23T14:02:42,3000.0,10.6,B
2021-06-23T14:02:39,300.0,10.6,B
2021-06-23T14:02:37,500.0,10.6,B
2021-06-23T14:02:30,1000.0,10.6,B
2021-06-23T14:02:30,1000.0,10.5,S
2021-06-23T14:02:22,2000.0,10.6,B
2021-06-23T14:02:15,2000.0,10.6,B
2021-06-23T14:02:13,4000.0,10.6,B
2021-06-23T14:02:06,500.0,10.6,B
2021-06-23T14:02:04,2000.0,10.6,B
2021-06-23T14:02:02,200.0,10.6,B
2021-06-23T14:02:01,4000.0,10.6,B
2021-06-23T14:02:00,1000.0,10.5,S
2021-06-23T14:01:57,1000.0,10.6,B
2021-06-23T14:01:56,500.0,10.6,B
2021-06-23T14:01:54,10000.0,10.6,B
2021-06-23T14:01:48,2000.0,10.6,B
2021-06-23T14:01:36,100.0,10.6,B
2021-06-23T14:01:29,100.0,10.6,B
2021-06-23T14:01:28,10000.0,10.6,B
2021-06-23T14:01:20,100.0,10.6,B
2021-06-23T14:01:17,5000.0,10.6,B
2021-06-23T14:01:09,1000.0,10.6,B
2021-06-23T14:01:08,100.0,10.6,B
2021-06-23T14:00:56,100.0,10.6,B
2021-06-23T14:00:53,500.0,10.6,B
2021-06-23T14:00:38,1000.0,10.6,B
2021-06-23T14:00:21,174500.0,10.6,S
2021-06-23T14:00:00,5000.0,10.6,S
2021-06-23T13:59:18,1000.0,10.6,S
2021-06-23T13:59:10,5000.0,10.6,S
2021-06-23T13:58:31,7000.0,10.6,S
2021-06-23T13:57:56,5000.0,10.6,S
2021-06-23T13:57:55,400.0,10.7,B
2021-06-23T13:56:38,100.0,10.7,B
2021-06-23T13:56:11,900.0,10.7,B
2021-06-23T13:55:26,1000.0,10.7,B
2021-06-23T13:55:26,1900.0,10.7,B
2021-06-23T13:55:07,1000.0,10.7,B
2021-06-23T13:54:57,200.0,10.7,B
2021-06-23T13:53:30,100.0,10.7,B
2021-06-23T13:53:25,100.0,10.7,B
2021-06-23T13:53:07,1000.0,10.7,B
2021-06-23T13:53:02,1000.0,10.7,B
2021-06-23T13:53:00,1400.0,10.7,B
2021-06-23T13:52:57,10000.0,10.7,B
2021-06-23T13:52:37,200.0,10.7,B
2021-06-23T13:52:22,5000.0,10.7,B
2021-06-23T13:51:59,200.0,10.7,B
2021-06-23T13:51:49,13500.0,10.7,B
2021-06-23T13:51:11,100.0,10.7,B
2021-06-23T13:51:00,5000.0,10.7,B
2021-06-23T13:50:27,1000.0,10.7,B
2021-06-23T13:49:30,300.0,10.7,B
2021-06-23T13:49:26,1200.0,10.7,B
2021-06-23T13:49:19,100.0,10.7,B
2021-06-23T13:48:50,800.0,10.7,B
2021-06-23T13:48:46,2000.0,10.7,B
2021-06-23T13:48:33,2000.0,10.7,B
2021-06-23T13:48:25,100.0,10.7,B
2021-06-23T13:48:18,1000.0,10.7,B
2021-06-23T13:48:09,100.0,10.7,B
2021-06-23T13:48:02,200.0,10.7,B
2021-06-23T13:47:28,200.0,10.7,B
2021-06-23T13:47:07,400.0,10.7,B
2021-06-23T13:46:59,7800.0,10.7,S
2021-06-23T13:46:11,100.0,10.7,S
2021-06-23T13:46:01,17400.0,10.7,S
2021-06-23T13:45:54,6000.0,10.7,S
2021-06-23T13:45:37,200.0,10.7,S
2021-06-23T13:45:35,400.0,10.7,S
2021-06-23T13:45:12,100.0,10.7,S
2021-06-23T13:45:07,5000.0,10.7,S
2021-06-23T13:45:04,500.0,10.7,S
2021-06-23T13:44:19,200.0,10.7,S
2021-06-23T13:44:04,200.0,10.7,S
2021-06-23T13:43:45,100.0,10.8,B
2021-06-23T13:43:37,2000.0,10.8,B
2021-06-23T13:43:29,600.0,10.7,S
2021-06-23T13:42:51,3000.0,10.8,B
2021-06-23T13:42:40,300.0,10.7,S
2021-06-23T13:42:17,27500.0,10.7,S
2021-06-23T13:41:49,1500.0,10.7,S
2021-06-23T13:41:34,500.0,10.7,S
2021-06-23T13:41:28,200.0,10.7,S
2021-06-23T13:41:07,900.0,10.7,S
2021-06-23T13:38:50,1000.0,10.7,S
2021-06-23T13:37:15,400.0,10.7,S
2021-06-23T13:37:12,2000.0,10.7,S
2021-06-23T13:36:33,100.0,10.7,S
2021-06-23T13:36:09,200.0,10.7,S
2021-06-23T13:35:54,100.0,10.7,S
2021-06-23T13:35:40,1000.0,10.7,S
2021-06-23T13:35:30,100.0,10.7,S
2021-06-23T13:35:26,10500.0,10.7,S
2021-06-23T13:35:05,6100.0,10.7,B
2021-06-23T13:34:59,15000.0,10.7,B
2021-06-23T13:34:57,200.0,10.7,B
2021-06-23T13:34:56,1000.0,10.7,B
2021-06-23T13:34:50,100.0,10.7,B
2021-06-23T13:34:44,100.0,10.7,B
2021-06-23T13:34:42,200.0,10.7,B
2021-06-23T13:34:18,100.0,10.7,B
2021-06-23T13:33:59,3500.0,10.7,B
2021-06-23T13:33:54,700.0,10.7,B
2021-06-23T13:33:52,3000.0,10.7,B
2021-06-23T13:33:49,8100.0,10.7,B
2021-06-23T13:33:45,5000.0,10.7,B
2021-06-23T13:33:43,1000.0,10.7,B
2021-06-23T13:33:43,1000.0,10.7,B
2021-06-23T13:33:26,5000.0,10.7,B
2021-06-23T13:33:22,100.0,10.7,B
2021-06-23T13:33:21,200.0,10.7,B
2021-06-23T13:33:16,1000.0,10.7,B
2021-06-23T13:33:13,2000.0,10.7,B
2021-06-23T13:33:03,200.0,10.7,B
2021-06-23T13:32:57,2000.0,10.7,B
2021-06-23T13:32:41,1000.0,10.7,B
2021-06-23T13:32:31,500.0,10.7,B
2021-06-23T13:32:08,500.0,10.7,B
2021-06-23T13:31:44,20000.0,10.7,B
2021-06-23T13:31:35,1000.0,10.7,B
2021-06-23T13:31:09,100.0,10.6,S
2021-06-23T13:30:54,900.0,10.6,S
2021-06-23T13:30:48,2000.0,10.6,S
2021-06-23T13:30:40,18000.0,10.6,S
2021-06-23T13:29:44,31500.0,10.7,B
2021-06-23T13:28:34,300.0,10.6,S
2021-06-23T13:28:28,1000.0,10.6,S
2021-06-23T13:27:39,1000.0,10.6,S
2021-06-23T13:26:16,200.0,10.6,S
2021-06-23T13:25:04,3000.0,10.7,B
2021-06-23T13:23:02,100.0,10.7,B
2021-06-23T13:22:57,100.0,10.6,S
2021-06-23T13:22:42,200.0,10.6,S
2021-06-23T13:22:25,500.0,10.6,S
2021-06-23T13:21:51,500.0,10.7,B
2021-06-23T13:21:40,10000.0,10.6,S
2021-06-23T13:21:19,200.0,10.7,B
2021-06-23T13:21:06,500.0,10.7,B
2021-06-23T13:19:15,2400.0,10.7,S
2021-06-23T13:19:02,500.0,10.7,S
2021-06-23T13:18:48,12000.0,10.7,S
2021-06-23T13:18:36,200.0,10.7,S
2021-06-23T13:18:35,15400.0,10.7,S
2021-06-23T13:18:29,2400.0,10.7,S
2021-06-23T13:18:23,10000.0,10.7,S
2021-06-23T13:18:19,2000.0,10.7,S
2021-06-23T13:17:40,1000.0,10.7,S
2021-06-23T13:17:13,1000.0,10.7,S
2021-06-23T13:17:10,700.0,10.7,S
2021-06-23T13:16:08,5000.0,10.7,S
2021-06-23T13:16:05,7500.0,10.7,S
2021-06-23T13:13:28,100.0,10.8,B
2021-06-23T13:11:35,5000.0,10.8,B
2021-06-23T13:10:29,100.0,10.8,B
2021-06-23T13:09:37,100.0,10.7,S
2021-06-23T13:07:45,4300.0,10.7,B
2021-06-23T13:07:43,100.0,10.7,B
2021-06-23T13:07:33,1000.0,10.7,B
2021-06-23T13:07:28,500.0,10.7,B
2021-06-23T13:07:11,10000.0,10.7,B
2021-06-23T13:07:08,100.0,10.7,B
2021-06-23T13:06:51,100.0,10.7,B
2021-06-23T13:06:45,3000.0,10.7,B
2021-06-23T13:06:38,2000.0,10.7,B
2021-06-23T13:06:01,100.0,10.7,B
2021-06-23T13:05:52,400.0,10.7,B
2021-06-23T13:05:06,1000.0,10.7,B
2021-06-23T13:03:47,5000.0,10.7,B
2021-06-23T13:03:24,200.0,10.7,B
2021-06-23T13:03:17,1000.0,10.7,B
2021-06-23T13:03:11,5000.0,10.7,B
2021-06-23T13:02:42,40000.0,10.7,B
2021-06-23T13:00:51,100.0,10.7,B
2021-06-23T13:00:19,2000.0,10.7,B
2021-06-23T13:00:14,15000.0,10.6,S
2021-06-23T13:00:10,100.0,10.7,B
2021-06-23T13:00:10,500.0,10.7,B
2021-06-23T13:00:03,2100.0,10.7,B
2021-06-23T13:00:03,200.0,10.7,B
2021-06-23T13:00:02,7000.0,10.7,B
2021-06-23T13:00:02,300.0,10.7,B
2021-06-23T11:29:49,300.0,10.7,B
2021-06-23T11:29:14,1000.0,10.7,B
2021-06-23T11:29:01,5000.0,10.6,S
2021-06-23T11:28:57,500.0,10.7,B
2021-06-23T11:28:53,700.0,10.6,S
2021-06-23T11:28:39,1000.0,10.6,S
2021-06-23T11:28:25,6000.0,10.7,B
2021-06-23T11:27:54,5000.0,10.6,S
2021-06-23T11:27:23,1000.0,10.6,S
2021-06-23T11:27:14,2000.0,10.7,B
2021-06-23T11:26:50,200.0,10.7,B
2021-06-23T11:26:31,300.0,10.6,S
2021-06-23T11:26:07,1500.0,10.6,S
2021-06-23T11:26:06,3000.0,10.6,S
2021-06-23T11:25:48,1000.0,10.7,B
2021-06-23T11:25:40,100.0,10.7,B
2021-06-23T11:24:48,300.0,10.7,B
2021-06-23T11:24:13,200.0,10.7,B
2021-06-23T11:24:11,100.0,10.7,B
2021-06-23T11:23:54,800.0,10.7,B
2021-06-23T11:23:41,100.0,10.7,B
2021-06-23T11:23:24,1600.0,10.7,B
2021-06-23T11:22:05,5000.0,10.7,B
2021-06-23T11:21:13,5000.0,10.7,B
2021-06-23T11:20:57,3000.0,10.6,S
2021-06-23T11:20:30,500.0,10.6,S
2021-06-23T11:20:25,100.0,10.6,S
2021-06-23T11:20:22,1000.0,10.6,S
2021-06-23T11:20:10,1000.0,10.6,S
2021-06-23T11:20:07,500.0,10.7,B
2021-06-23T11:19:49,14800.0,10.6,S
2021-06-23T11:19:45,500.0,10.7,B
2021-06-23T11:19:44,200.0,10.6,S
2021-06-23T11:19:05,5000.0,10.6,S
2021-06-23T11:18:23,800.0,10.6,S
2021-06-23T11:18:04,5000.0,10.6,S
2021-06-23T11:17:51,100.0,10.6,S
2021-06-23T11:17:27,2800.0,10.7,B
2021-06-23T11:17:27,200.0,10.6,S
2021-06-23T11:17:01,11000.0,10.6,S
2021-06-23T11:16:34,2500.0,10.7,B
2021-06-23T11:16:10,100.0,10.6,S
2021-06-23T11:15:53,400.0,10.6,S
2021-06-23T11:15:49,2000.0,10.7,B
2021-06-23T11:15:25,900.0,10.6,S
2021-06-23T11:15:08,1500.0,10.6,S
2021-06-23T11:15:03,1000.0,10.6,S
2021-06-23T11:14:57,10000.0,10.6,S
2021-06-23T11:14:48,100.0,10.7,B
2021-06-23T11:14:47,100.0,10.7,B
2021-06-23T11:14:03,1200.0,10.7,B
2021-06-23T11:13:14,100.0,10.7,B
2021-06-23T11:13:10,4200.0,10.7,B
2021-06-23T11:12:58,10000.0,10.6,S
2021-06-23T11:12:19,3000.0,10.7,B
2021-06-23T11:11:53,2000.0,10.6,S
2021-06-23T11:11:25,1500.0,10.6,S
2021-06-23T11:11:18,2500.0,10.6,S
2021-06-23T11:10:57,100.0,10.6,S
2021-06-23T11:10:13,1000.0,10.6,S
2021-06-23T11:10:12,1000.0,10.6,S
2021-06-23T11:10:03,1000.0,10.6,S
2021-06-23T11:09:18,1900.0,10.6,S
2021-06-23T11:08:56,300.0,10.6,S
2021-06-23T11:08:41,10000.0,10.6,S
2021-06-23T11:07:30,1000.0,10.6,S
2021-06-23T11:07:18,25000.0,10.7,B
2021-06-23T11:06:26,10100.0,10.7,B
2021-06-23T11:05:44,200.0,10.7,B
2021-06-23T11:05:20,1600.0,10.7,S
2021-06-23T11:05:18,40000.0,10.7,S
2021-06-23T11:05:03,2000.0,10.7,S
2021-06-23T11:03:58,900.0,10.7,S
2021-06-23T11:03:32,5000.0,10.7,S
2021-06-23T11:03:14,2500.0,10.7,S
2021-06-23T11:01:22,1000.0,10.7,S
2021-06-23T11:00:38,1000.0,10.7,S
2021-06-23T11:00:29,2000.0,10.7,S
2021-06-23T11:00:28,100.0,10.7,S
2021-06-23T11:00:15,1000.0,10.7,S
2021-06-23T10:59:14,1000.0,10.7,S
2021-06-23T10:59:13,15000.0,10.7,S
2021-06-23T10:59:10,500.0,10.7,S
2021-06-23T10:59:04,2000.0,10.7,S
2021-06-23T10:57:59,2000.0,10.7,S
2021-06-23T10:57:52,300.0,10.7,S
2021-06-23T10:57:51,100.0,10.7,S
2021-06-23T10:57:47,3400.0,10.7,S
2021-06-23T10:57:24,1000.0,10.7,S
2021-06-23T10:56:53,2000.0,10.7,S
2021-06-23T10:56:49,1000.0,10.7,S
2021-06-23T10:56:44,10000.0,10.7,S
2021-06-23T10:55:55,81700.0,10.7,B
2021-06-23T10:55:35,300.0,10.7,B
2021-06-23T10:55:00,3900.0,10.7,B
2021-06-23T10:54:49,2200.0,10.6,S
2021-06-23T10:54:39,3000.0,10.6,S
2021-06-23T10:54:12,200.0,10.7,B
2021-06-23T10:53:55,5000.0,10.7,B
2021-06-23T10:53:38,200.0,10.7,B
2021-06-23T10:53:17,5000.0,10.7,B
2021-06-23T10:52:59,100.0,10.7,B
2021-06-23T10:52:51,4000.0,10.7,B
2021-06-23T10:52:46,300.0,10.7,B
2021-06-23T10:52:24,5000.0,10.7,B
2021-06-23T10:52:20,100.0,10.7,B
2021-06-23T10:52:20,200.0,10.7,B
2021-06-23T10:52:09,100.0,10.7,B
2021-06-23T10:51:59,5000.0,10.7,B
2021-06-23T10:51:53,3000.0,10.7,S
2021-06-23T10:51:50,17500.0,10.7,S
2021-06-23T10:51:40,5000.0,10.7,B
2021-06-23T10:51:23,177900.0,10.7,B
2021-06-23T10:51:20,5000.0,10.7,S
2021-06-23T10:50:57,500.0,10.7,S
2021-06-23T10:50:30,500.0,10.7,S
2021-06-23T10:50:17,500.0,10.7,S
2021-06-23T10:50:14,100.0,10.7,S
2021-06-23T10:50:03,200.0,10.7,S
2021-06-23T10:49:43,600.0,10.7,S
2021-06-23T10:48:37,2000.0,10.7,S
2021-06-23T10:47:23,3000.0,10.8,B
2021-06-23T10:46:23,1000.0,10.8,B
2021-06-23T10:46:12,100.0,10.8,B
2021-06-23T10:43:44,3000.0,10.8,B
2021-06-23T10:43:34,700.0,10.8,B
2021-06-23T10:42:33,100.0,10.8,B
2021-06-23T10:42:21,500.0,10.8,B
2021-06-23T10:40:20,3200.0,10.8,B
2021-06-23T10:39:25,1700.0,10.8,B
2021-06-23T10:39:17,200.0,10.8,B
2021-06-23T10:39:14,5500.0,10.8,B
2021-06-23T10:38:14,2000.0,10.8,B
2021-06-23T10:37:49,1000.0,10.8,B
2021-06-23T10:37:35,1000.0,10.8,B
2021-06-23T10:37:14,200.0,10.8,B
2021-06-23T10:36:46,100.0,10.8,B
2021-06-23T10:36:38,300.0,10.8,B
2021-06-23T10:36:37,200.0,10.8,B
2021-06-23T10:35:50,500.0,10.8,B
2021-06-23T10:34:50,1100.0,10.8,B
2021-06-23T10:34:33,500.0,10.8,S
2021-06-23T10:34:26,100.0,10.8,S
2021-06-23T10:33:15,4000.0,10.8,S
2021-06-23T10:32:33,100.0,10.8,B
2021-06-23T10:32:27,700.0,10.8,B
2021-06-23T10:31:28,3600.0,10.8,B
2021-06-23T10:30:59,3000.0,10.8,B
2021-06-23T10:29:52,100.0,10.8,B
2021-06-23T10:28:55,900.0,10.8,S
2021-06-23T10:28:39,1000.0,10.8,S
2021-06-23T10:28:12,400.0,10.8,S
2021-06-23T10:27:54,100.0,10.8,S
2021-06-23T10:27:52,1500.0,10.8,S
2021-06-23T10:27:07,3000.0,10.8,B
2021-06-23T10:26:53,8400.0,10.8,B
2021-06-23T10:26:53,1200.0,10.8,B
2021-06-23T10:26:22,3000.0,10.8,S
2021-06-23T10:26:14,5000.0,10.8,S
2021-06-23T10:25:53,1100.0,10.8,S
2021-06-23T10:25:48,200.0,10.8,B
2021-06-23T10:25:41,3000.0,10.8,B
2021-06-23T10:25:36,100.0,10.8,B
2021-06-23T10:25:28,500.0,10.8,B
2021-06-23T10:25:09,100.0,10.8,B
2021-06-23T10:24:43,6400.0,10.8,B
2021-06-23T10:24:42,1100.0,10.8,B
2021-06-23T10:24:27,4000.0,10.8,S
2021-06-23T10:23:54,1900.0,10.8,B
2021-06-23T10:23:17,100.0,10.8,B
2021-06-23T10:23:14,100.0,10.8,B
2021-06-23T10:22:51,100.0,10.8,B
2021-06-23T10:22:23,200.0,10.8,B
2021-06-23T10:22:14,100.0,10.8,B
2021-06-23T10:22:11,5000.0,10.8,B
2021-06-23T10:22:01,500.0,10.8,B
2021-06-23T10:21:54,100.0,10.8,B
2021-06-23T10:21:49,1800.0,10.8,B
2021-06-23T10:21:22,300.0,10.8,B
2021-06-23T10:20:59,100.0,10.8,B
2021-06-23T10:19:52,400.0,10.8,B
2021-06-23T10:19:49,2000.0,10.8,B
2021-06-23T10:19:44,3000.0,10.7,S
2021-06-23T10:19:38,1300.0,10.8,S
2021-06-23T10:19:34,100.0,10.8,S
2021-06-23T10:19:25,600.0,10.8,B
2021-06-23T10:19:22,1000.0,10.8,B
2021-06-23T10:19:06,3000.0,10.8,B
2021-06-23T10:18:47,1000.0,10.8,B
2021-06-23T10:18:08,1000.0,10.8,B
2021-06-23T10:17:26,2000.0,10.7,S
2021-06-23T10:17:12,300.0,10.7,B
2021-06-23T10:17:10,500.0,10.7,B
2021-06-23T10:17:10,100.0,10.7,B
2021-06-23T10:17:09,5000.0,10.7,B
2021-06-23T10:17:08,5000.0,10.7,B
2021-06-23T10:17:07,1000.0,10.7,B
2021-06-23T10:17:05,200.0,10.7,B
2021-06-23T10:17:03,500.0,10.7,B
2021-06-23T10:17:02,2000.0,10.7,B
2021-06-23T10:17:01,100.0,10.7,B
2021-06-23T10:16:59,5000.0,10.7,B
2021-06-23T10:16:59,200.0,10.7,B
2021-06-23T10:16:56,2000.0,10.7,B
2021-06-23T10:16:55,1000.0,10.7,B
2021-06-23T10:16:54,2000.0,10.7,B
2021-06-23T10:16:53,1000.0,10.7,B
2021-06-23T10:16:53,2000.0,10.7,B
2021-06-23T10:16:52,500.0,10.7,B
2021-06-23T10:16:50,2100.0,10.7,B
2021-06-23T10:16:48,3000.0,10.7,B
2021-06-23T10:16:47,500.0,10.7,B
2021-06-23T10:16:46,100.0,10.7,B
2021-06-23T10:16:45,3000.0,10.7,B
2021-06-23T10:16:44,5000.0,10.7,B
2021-06-23T10:16:43,1000.0,10.7,B
2021-06-23T10:16:43,14000.0,10.7,B
2021-06-23T10:16:42,2000.0,10.7,B
2021-06-23T10:16:39,2000.0,10.7,B
2021-06-23T10:16:39,500.0,10.7,B
2021-06-23T10:16:38,100.0,10.7,B
2021-06-23T10:16:34,300.0,10.6,S
2021-06-23T10:16:34,500.0,10.7,B
2021-06-23T10:16:34,5000.0,10.7,B
2021-06-23T10:16:32,10000.0,10.7,B
2021-06-23T10:16:32,2000.0,10.7,B
2021-06-23T10:16:29,20000.0,10.7,B
2021-06-23T10:16:27,10000.0,10.7,B
2021-06-23T10:16:26,100.0,10.7,B
2021-06-23T10:16:24,5000.0,10.7,B
2021-06-23T10:16:20,200.0,10.7,B
2021-06-23T10:16:20,400.0,10.7,B
2021-06-23T10:16:13,30000.0,10.7,B
2021-06-23T10:16:12,500.0,10.7,B
2021-06-23T10:16:11,200.0,10.7,B
2021-06-23T10:16:03,14800.0,10.7,B
2021-06-23T10:15:40,200.0,10.7,B
2021-06-23T10:15:38,1000.0,10.7,B
2021-06-23T10:15:37,1000.0,10.7,B
2021-06-23T10:15:25,100.0,10.7,B
2021-06-23T10:15:16,1500.0,10.7,B
2021-06-23T10:14:50,19500.0,10.7,B
2021-06-23T10:14:40,199600.0,10.7,S
2021-06-23T10:13:23,10000.0,10.8,S
2021-06-23T10:12:24,1000.0,10.8,S
2021-06-23T10:11:55,100.0,10.8,S
2021-06-23T10:11:21,3700.0,10.8,S
2021-06-23T10:10:46,2200.0,10.9,B
2021-06-23T10:10:34,300.0,10.9,B
2021-06-23T10:09:54,3800.0,10.8,S
2021-06-23T10:09:26,300.0,10.8,S
2021-06-23T10:06:41,200.0,10.8,S
2021-06-23T10:05:52,4300.0,10.8,S
2021-06-23T10:04:28,5000.0,10.8,S
2021-06-23T10:04:14,1200.0,10.8,S
2021-06-23T10:04:13,5000.0,10.8,B
2021-06-23T10:04:03,5000.0,10.8,B
2021-06-23T10:03:44,3000.0,10.8,B
2021-06-23T10:03:33,100.0,10.8,B
2021-06-23T10:03:29,200.0,10.8,B
2021-06-23T10:03:25,500.0,10.7,S
2021-06-23T10:03:18,1000.0,10.8,B
2021-06-23T10:03:13,400.0,10.8,B
2021-06-23T10:02:58,1100.0,10.7,S
2021-06-23T10:02:39,400.0,10.8,B
2021-06-23T10:02:16,1000.0,10.8,B
2021-06-23T10:02:15,3000.0,10.8,S
2021-06-23T10:02:12,1000.0,10.8,S
2021-06-23T10:02:04,5000.0,10.8,S
2021-06-23T10:01:43,1500.0,10.8,S
2021-06-23T10:01:18,20000.0,10.8,S
2021-06-23T10:00:54,5000.0,10.8,S
2021-06-23T10:00:24,100.0,10.9,B
2021-06-23T10:00:09,300.0,10.8,S
2021-06-23T10:00:00,5000.0,10.8,S
2021-06-23T09:59:20,400.0,10.8,S
2021-06-23T09:58:43,100.0,10.9,B
2021-06-23T09:58:16,1000.0,10.8,S
2021-06-23T09:57:39,1000.0,10.9,B
2021-06-23T09:57:23,3700.0,10.8,S
2021-06-23T09:57:18,100.0,10.8,S
2021-06-23T09:56:46,100.0,10.8,S
2021-06-23T09:56:33,300.0,10.8,S
2021-06-23T09:56:14,100.0,10.8,S
2021-06-23T09:56:01,5000.0,10.8,S
2021-06-23T09:55:55,1500.0,10.8,S
2021-06-23T09:55:42,100.0,10.8,S
2021-06-23T09:55:22,500.0,10.8,S
2021-06-23T09:54:39,6000.0,10.8,S
2021-06-23T09:53:54,100.0,10.8,S
2021-06-23T09:53:07,2000.0,10.8,S
2021-06-23T09:52:25,2600.0,10.8,S
2021-06-23T09:52:14,100.0,10.8,S
2021-06-23T09:52:05,5000.0,10.8,S
2021-06-23T09:50:52,7000.0,10.8,S
2021-06-23T09:50:42,1000.0,10.9,B
2021-06-23T09:50:15,1000.0,10.9,B
2021-06-23T09:50:04,200.0,10.9,B
2021-06-23T09:49:41,500.0,10.9,B
2021-06-23T09:49:19,1000.0,10.9,B
2021-06-23T09:49:15,300.0,10.9,B
2021-06-23T09:48:37,2000.0,10.9,B
2021-06-23T09:48:08,100.0,10.8,S
2021-06-23T09:47:44,700.0,10.8,S
2021-06-23T09:47:19,2000.0,10.8,S
2021-06-23T09:46:41,5000.0,10.8,S
2021-06-23T09:46:23,1000.0,10.8,S
2021-06-23T09:46:19,200.0,10.9,B
2021-06-23T09:46:17,3000.0,10.8,S
2021-06-23T09:45:50,40000.0,10.8,S
2021-06-23T09:44:42,200.0,10.9,B
2021-06-23T09:43:24,1500.0,10.9,B
2021-06-23T09:43:03,100.0,10.9,B
2021-06-23T09:42:56,500.0,10.9,S
2021-06-23T09:42:38,15000.0,10.9,S
2021-06-23T09:42:32,5000.0,10.9,S
2021-06-23T09:42:24,10000.0,10.9,S
2021-06-23T09:42:16,200.0,10.9,S
2021-06-23T09:41:55,200.0,11.0,B
2021-06-23T09:41:31,1000.0,11.0,B
2021-06-23T09:41:23,2300.0,10.9,S
2021-06-23T09:41:03,400.0,10.9,S
2021-06-23T09:40:57,500.0,10.9,S
2021-06-23T09:40:56,5000.0,10.9,S
2021-06-23T09:40:31,1700.0,10.9,S
2021-06-23T09:39:45,2000.0,10.9,S
2021-06-23T09:39:44,100.0,11.0,B
2021-06-23T09:39:15,10000.0,10.9,S
2021-06-23T09:38:55,19900.0,10.9,S
2021-06-23T09:38:45,2500.0,11.0,B
2021-06-23T09:38:25,20000.0,10.9,S
2021-06-23T09:37:41,1000.0,11.0,B
2021-06-23T09:36:54,200.0,10.9,S
2021-06-23T09:36:30,100.0,10.9,S
2021-06-23T09:36:21,1000.0,10.9,S
2021-06-23T09:36:12,100.0,10.9,S
2021-06-23T09:36:06,2000.0,10.9,S
2021-06-23T09:35:49,100.0,11.0,B
2021-06-23T09:35:02,500.0,11.0,B
2021-06-23T09:34:25,20500.0,10.9,S
2021-06-23T09:34:20,100.0,10.9,B
2021-06-23T09:34:01,3100.0,10.9,B
2021-06-23T09:33:32,28000.0,10.9,B
2021-06-23T09:33:16,18000.0,10.9,B
2021-06-23T09:32:52,3000.0,10.9,B
2021-06-23T09:32:43,100.0,10.8,S
2021-06-23T09:32:38,1000.0,10.8,S
2021-06-23T09:32:26,700.0,10.8,S
2021-06-23T09:32:16,3000.0,10.8,S
2021-06-23T09:32:12,20000.0,10.8,S
2021-06-23T09:32:02,500.0,10.8,S
2021-06-23T09:30:44,100.0,10.8,S
2021-06-23T09:30:36,100.0,10.9,B
2021-06-23T09:30:30,2500.0,10.8,S
2021-06-23T09:30:09,100.0,10.8,S
2021-06-23T09:30:02,200.0,10.9,B
2021-06-23T09:28:23,1000.0,10.9,B
2021-06-23T09:28:10,1800.0,10.8,S
2021-06-23T09:27:22,300.0,10.9,B
2021-06-23T09:26:47,200.0,10.9,B
2021-06-23T09:25:12,100.0,10.9,B
2021-06-23T09:24:28,200.0,10.9,B
2021-06-23T09:24:21,200.0,10.9,B
2021-06-23T09:23:49,100.0,10.9,B
2021-06-23T09:23:46,400.0,10.8,S
2021-06-23T09:23:21,3000.0,10.8,S
2021-06-23T09:23:20,500.0,10.8,S
2021-06-23T09:23:06,2000.0,10.8,S
2021-06-23T09:22:42,800.0,10.8,S
2021-06-23T09:22:11,500.0,10.8,S
2021-06-23T09:21:37,2000.0,10.8,S
2021-06-23T09:20:31,2000.0,10.8,S
2021-06-23T09:20:06,1000.0,10.9,B
2021-06-23T09:19:50,2000.0,10.9,B
2021-06-23T09:19:23,500.0,10.9,B
2021-06-23T09:18:46,4400.0,10.9,S
2021-06-23T09:18:45,1000.0,10.9,S
2021-06-23T09:18:44,400.0,10.9,S
2021-06-23T09:18:37,3000.0,10.9,S
2021-06-23T09:17:55,8400.0,10.9,S
2021-06-23T09:14:40,5000.0,10.9,S
2021-06-23T09:13:54,1000.0,10.9,S
2021-06-23T09:12:35,1000.0,11.0,B
2021-06-23T09:11:55,3700.0,10.9,S
2021-06-23T09:11:28,4000.0,10.9,S
2021-06-23T09:10:55,2000.0,10.9,S
2021-06-23T09:10:50,3000.0,10.9,S
2021-06-23T09:10:34,500.0,10.9,S
2021-06-23T09:10:28,600.0,10.9,S
2021-06-23T09:10:27,500.0,10.9,S
2021-06-23T09:10:04,5500.0,10.9,S
2021-06-23T09:08:06,300.0,11.0,B
2021-06-23T09:07:39,600.0,11.0,B
2021-06-23T09:06:56,100.0,11.0,B
2021-06-23T09:06:08,900.0,11.0,B
2021-06-23T09:05:54,100.0,11.0,S
2021-06-23T09:05:49,900.0,11.0,S
2021-06-23T09:05:32,500.0,11.0,B
2021-06-23T09:05:13,200.0,11.0,S
2021-06-23T09:05:13,500.0,11.0,S
2021-06-23T09:04:35,1000.0,11.0,S
2021-06-23T09:04:30,100.0,11.0,S
2021-06-23T09:04:19,100.0,11.0,S
2021-06-23T09:04:08,6000.0,11.0,S
2021-06-23T09:03:19,500.0,11.1,B
2021-06-23T09:02:53,500.0,11.1,B
2021-06-23T09:01:53,100.0,11.1,B
2021-06-23T09:01:48,100.0,11.1,B
2021-06-23T09:00:48,200.0,11.1,B
2021-06-23T09:00:30,500.0,11.0,S
2021-06-23T09:00:24,100.0,11.1,B
2021-06-23T09:00:14,500.0,11.0,S
2021-06-23T09:00:08,200.0,11.0,B
2021-06-23T09:00:08,100.0,11.0,B
