tradingTime,volume,price,side
2021-06-23T14:20:22,100.0,10.65,B
2021-06-23T14:19:30,2300.0,10.65,S
2021-06-23T14:19:21,3000.0,10.65,S
2021-06-23T14:19:12,2000.0,10.65,S
2021-06-23T14:17:56,500.0,10.65,B
2021-06-23T14:16:52,1500.0,10.65,S
2021-06-23T14:15:01,100.0,10.65,S
2021-06-23T14:07:54,3400.0,10.65,B
2021-06-23T14:07:49,2000.0,10.65,B
2021-06-23T14:07:44,3000.0,10.65,B
2021-06-23T14:04:00,3600.0,10.65,S
2021-06-23T14:03:51,2000.0,10.65,S
2021-06-23T13:59:30,1000.0,10.7,B
2021-06-23T13:58:30,2400.0,10.65,B
2021-06-23T13:53:57,2000.0,10.65,B
2021-06-23T13:49:44,1000.0,10.65,B
2021-06-23T13:49:38,4600.0,10.65,S
2021-06-23T13:45:50,2400.0,10.65,B
2021-06-23T13:45:44,2000.0,10.65,B
2021-06-23T13:42:39,1000.0,10.65,B
2021-06-23T13:42:20,2000.0,10.65,S
2021-06-23T13:42:20,2600.0,10.65,S
2021-06-23T13:35:23,400.0,10.65,B
2021-06-23T13:34:35,900.0,10.65,B
2021-06-23T13:33:20,2000.0,10.65,B
2021-06-23T13:30:47,2000.0,10.65,B
2021-06-23T13:29:23,1000.0,10.65,B
2021-06-23T13:27:35,1000.0,10.6,S
2021-06-23T13:27:02,1000.0,10.65,B
2021-06-23T13:26:54,2000.0,10.6,B
2021-06-23T13:26:46,2000.0,10.6,B
2021-06-23T13:25:45,1000.0,10.6,S
2021-06-23T13:25:36,2000.0,10.6,S
2021-06-23T13:24:44,4000.0,10.6,S
2021-06-23T13:23:56,3000.0,10.6,S
2021-06-23T13:23:09,2700.0,10.65,S
2021-06-23T13:15:29,300.0,10.65,B
2021-06-23T13:15:13,2000.0,10.65,B
2021-06-23T13:14:58,5000.0,10.65,B
2021-06-23T13:14:54,3000.0,10.65,B
2021-06-23T13:14:46,4000.0,10.65,B
2021-06-23T13:14:02,6000.0,10.65,B
2021-06-23T13:13:35,5000.0,10.65,B
2021-06-23T13:13:32,9700.0,10.65,B
2021-06-23T13:13:32,300.0,10.65,B
2021-06-23T13:11:15,1000.0,10.65,B
2021-06-23T13:11:10,3000.0,10.65,B
2021-06-23T13:11:05,2000.0,10.65,B
2021-06-23T13:09:19,3700.0,10.65,S
2021-06-23T13:07:04,1200.0,10.65,B
2021-06-23T11:21:16,3800.0,10.65,S
2021-06-23T11:21:11,2000.0,10.65,S
2021-06-23T11:21:09,3000.0,10.65,S
2021-06-23T11:12:08,700.0,10.65,B
2021-06-23T11:11:55,100.0,10.65,B
2021-06-23T11:11:35,1500.0,10.65,B
2021-06-23T11:10:53,600.0,10.65,S
2021-06-23T11:10:35,300.0,10.65,S
2021-06-23T11:08:34,1800.0,10.65,S
2021-06-23T11:04:56,1200.0,10.65,S
2021-06-23T11:04:48,2800.0,10.65,S
2021-06-23T11:04:22,1500.0,10.65,S
2021-06-23T11:04:22,500.0,10.65,S
2021-06-23T11:04:22,2000.0,10.65,S
2021-06-23T11:04:13,3000.0,10.65,S
2021-06-23T11:03:24,3000.0,10.7,B
2021-06-23T11:03:21,100.0,10.7,B
2021-06-23T11:01:25,1000.0,10.7,B
2021-06-23T11:00:59,500.0,10.7,B
2021-06-23T11:00:06,1000.0,10.7,B
2021-06-23T10:57:51,1400.0,10.7,S
2021-06-23T10:56:44,3900.0,10.7,B
2021-06-23T10:56:05,2000.0,10.7,B
2021-06-23T10:55:06,2700.0,10.65,B
2021-06-23T10:54:58,5000.0,10.65,B
2021-06-23T10:53:43,4000.0,10.65,B
2021-06-23T10:53:38,5000.0,10.65,B
2021-06-23T10:53:14,10000.0,10.65,B
2021-06-23T10:53:03,5000.0,10.65,B
2021-06-23T10:52:55,6000.0,10.65,B
2021-06-23T10:52:50,10000.0,10.65,B
2021-06-23T10:52:10,6000.0,10.65,B
2021-06-23T10:51:46,5000.0,10.65,B
2021-06-23T10:51:38,3000.0,10.65,B
2021-06-23T10:51:19,6000.0,10.65,B
2021-06-23T10:51:13,5000.0,10.65,B
2021-06-23T10:51:09,4000.0,10.65,B
2021-06-23T10:51:03,6000.0,10.65,B
2021-06-23T10:50:55,10000.0,10.65,B
2021-06-23T10:50:51,1000.0,10.65,B
2021-06-23T10:50:50,5000.0,10.65,B
2021-06-23T10:50:33,10000.0,10.65,B
2021-06-23T10:50:27,5000.0,10.65,B
2021-06-23T10:50:10,10000.0,10.65,B
2021-06-23T10:49:59,4000.0,10.65,B
2021-06-23T10:49:51,1000.0,10.65,B
2021-06-23T10:49:49,10000.0,10.65,B
2021-06-23T10:49:47,3800.0,10.65,B
2021-06-23T10:49:25,5000.0,10.65,B
2021-06-23T10:49:16,10000.0,10.65,B
2021-06-23T10:49:14,200.0,10.65,B
2021-06-23T10:49:09,4000.0,10.65,B
2021-06-23T10:49:03,5000.0,10.65,B
2021-06-23T10:48:59,6000.0,10.65,B
2021-06-23T10:48:51,10000.0,10.65,B
2021-06-23T10:47:32,19000.0,10.65,B
2021-06-23T10:47:10,1000.0,10.65,B
2021-06-23T10:47:00,10000.0,10.65,B
2021-06-23T10:46:50,5000.0,10.65,B
2021-06-23T10:46:37,10000.0,10.65,B
2021-06-23T10:46:13,6000.0,10.65,B
2021-06-23T10:46:01,10000.0,10.65,B
2021-06-23T10:45:56,6000.0,10.65,B
2021-06-23T10:45:51,10000.0,10.65,B
2021-06-23T10:45:31,1000.0,10.65,B
2021-06-23T10:44:19,700.0,10.65,B
2021-06-23T10:44:00,5000.0,10.65,B
2021-06-23T10:43:50,5000.0,10.65,B
2021-06-23T10:43:30,500.0,10.65,B
2021-06-23T10:43:20,10000.0,10.65,B
2021-06-23T10:41:59,5000.0,10.65,B
2021-06-23T10:41:55,3000.0,10.65,B
2021-06-23T10:41:06,5000.0,10.65,B
2021-06-23T10:40:47,2500.0,10.65,B
2021-06-23T10:39:56,2000.0,10.65,B
2021-06-23T10:39:26,4000.0,10.65,B
2021-06-23T10:39:25,800.0,10.65,B
2021-06-23T10:39:06,5000.0,10.65,B
2021-06-23T10:37:46,10000.0,10.65,B
2021-06-23T10:36:10,100.0,10.65,B
2021-06-23T10:35:39,5000.0,10.65,B
2021-06-23T10:35:36,2000.0,10.65,B
2021-06-23T10:34:59,10000.0,10.65,B
2021-06-23T10:34:14,1000.0,10.6,S
2021-06-23T10:33:24,10000.0,10.65,B
2021-06-23T10:32:34,4000.0,10.65,B
2021-06-23T10:32:27,5000.0,10.65,B
2021-06-23T10:31:06,900.0,10.65,B
2021-06-23T10:30:34,5000.0,10.65,B
2021-06-23T10:30:27,100.0,10.6,S
2021-06-23T10:29:43,800.0,10.65,B
2021-06-23T10:29:08,10000.0,10.65,B
2021-06-23T10:28:19,3000.0,10.65,B
2021-06-23T10:28:14,4000.0,10.65,B
2021-06-23T10:28:09,6000.0,10.65,B
2021-06-23T10:27:45,5000.0,10.65,B
2021-06-23T10:27:43,10000.0,10.65,B
2021-06-23T10:25:45,3000.0,10.65,B
2021-06-23T10:19:04,1000.0,10.65,B
2021-06-23T10:18:53,2400.0,10.6,B
2021-06-23T10:18:44,2000.0,10.6,B
2021-06-23T10:16:57,1000.0,10.55,S
2021-06-23T10:15:28,2900.0,10.6,S
2021-06-23T10:15:28,2700.0,10.6,S
2021-06-23T10:14:38,2000.0,10.6,S
2021-06-23T10:14:32,3000.0,10.6,S
2021-06-23T10:14:00,200.0,10.65,B
2021-06-23T10:13:43,3000.0,10.6,S
2021-06-23T10:13:07,4800.0,10.65,S
2021-06-23T10:11:04,1900.0,10.65,S
2021-06-23T10:11:04,100.0,10.65,S
2021-06-23T10:08:52,100.0,10.7,B
2021-06-23T10:01:07,1900.0,10.65,B
2021-06-23T10:00:59,3000.0,10.65,B
2021-06-23T09:57:33,2000.0,10.65,B
2021-06-23T09:56:04,2000.0,10.65,B
2021-06-23T09:54:35,3000.0,10.65,B
2021-06-23T09:54:03,3000.0,10.65,B
2021-06-23T09:49:54,5100.0,10.65,S
2021-06-23T09:47:26,300.0,10.65,B
2021-06-23T09:47:00,3000.0,10.65,B
2021-06-23T09:46:07,2700.0,10.65,S
2021-06-23T09:44:16,500.0,10.7,B
2021-06-23T09:43:47,500.0,10.7,B
2021-06-23T09:42:53,9900.0,10.7,B
2021-06-23T09:39:58,100.0,10.65,S
2021-06-23T09:37:55,2200.0,10.65,B
2021-06-23T09:36:57,300.0,10.6,B
2021-06-23T09:36:39,3000.0,10.6,B
2021-06-23T09:33:41,100.0,10.6,S
2021-06-23T09:33:36,1600.0,10.6,S
2021-06-23T09:31:42,5000.0,10.6,S
2021-06-23T09:31:17,4000.0,10.6,S
2021-06-23T09:31:09,3000.0,10.6,S
2021-06-23T09:31:04,5000.0,10.6,S
2021-06-23T09:27:56,3400.0,10.6,B
2021-06-23T09:24:42,3100.0,10.6,S
2021-06-23T09:24:33,2000.0,10.65,B
2021-06-23T09:22:07,1000.0,10.65,B
2021-06-23T09:21:59,900.0,10.6,B
2021-06-23T09:21:40,1000.0,10.6,B
2021-06-23T09:20:19,3000.0,10.6,B
2021-06-23T09:20:16,2000.0,10.6,B
2021-06-23T09:19:02,100.0,10.55,S
2021-06-23T09:18:14,4100.0,10.6,S
2021-06-23T09:18:03,5000.0,10.6,S
2021-06-23T09:17:36,10000.0,10.6,S
2021-06-23T09:17:23,3000.0,10.6,S
